timestamp,elapsed_sec,up_bid_p1,up_bid_s1,up_bid_p2,up_bid_s2,up_ask_p1,up_ask_s1,up_ask_p2,up_ask_s2,down_bid_p1,down_bid_s1,down_bid_p2,down_bid_s2,down_ask_p1,down_ask_s1,down_ask_p2,down_ask_s2,up_spread,down_spread,eth_price,eth_oracle_ts
1776320400.5,0.5,0.46,476.0,0.45,125.0,0.47,253.08,0.48,294.11,0.53,253.08,0.52,274.11,0.54,150.0,0.6,38.0,0.01,0.01,2358.752085,1776320399000
1776320401.094,1.094,0.45,70.0,0.44,70.0,0.47,233.08,0.48,274.11,0.53,253.08,0.52,274.11,0.54,150.0,0.6,38.0,0.02,0.01,2358.752085,1776320399000
1776320401.847,1.847,0.46,31.0,0.45,88.0,0.47,238.08,0.48,274.11,0.53,233.08,0.52,274.11,0.55,70.0,0.56,70.0,0.01,0.02,2358.785537,1776320400000
1776320402.381,2.381,0.46,11.0,0.45,88.0,0.47,238.08,0.48,274.11,0.53,238.08,0.52,274.11,0.54,11.0,0.55,88.0,0.01,0.01,2358.896301,1776320401000
1776320402.94,2.94,0.46,11.0,0.45,88.0,0.47,238.08,0.48,274.11,0.53,238.08,0.52,274.11,0.54,11.0,0.55,88.0,0.01,0.01,2358.845594,1776320402000
1776320404.186,4.186,0.46,11.0,0.45,88.0,0.47,238.08,0.48,274.11,0.53,238.08,0.52,274.11,0.54,11.0,0.55,88.0,0.01,0.01,2358.775454,1776320403000
1776320405.135,5.135,0.45,91.0,0.44,24.0,0.47,247.22,0.48,15.0,0.53,238.08,0.52,274.11,0.54,11.0,0.55,88.0,0.02,0.01,2358.775454,1776320403000
1776320405.784,5.784,0.45,91.0,0.44,24.0,0.46,5.0,0.47,247.22,0.53,247.22,0.52,15.0,0.55,91.0,0.56,24.0,0.01,0.02,2358.696158,1776320404000
1776320406.342,6.342,0.45,86.0,0.44,24.0,0.47,247.22,0.48,20.0,0.53,247.22,0.52,20.0,0.55,86.0,0.56,24.0,0.02,0.02,2358.79015,1776320405000
1776320406.901,6.901,0.45,86.0,0.44,24.0,0.47,247.22,0.48,20.0,0.53,247.22,0.52,20.0,0.55,86.0,0.56,24.0,0.02,0.02,2358.830955,1776320406000
1776320407.998,7.998,0.45,86.0,0.44,24.0,0.47,247.22,0.48,20.0,0.53,247.22,0.52,20.0,0.55,86.0,0.56,24.0,0.02,0.02,2358.707893,1776320407000
1776320409.311,9.311,0.45,86.0,0.44,24.0,0.47,247.22,0.48,20.0,0.53,247.22,0.52,20.0,0.55,86.0,0.56,24.0,0.02,0.02,2358.706623,1776320408000
1776320410.299,10.299,0.46,79.0,0.45,97.0,0.47,17.87,0.48,15.0,0.53,17.87,0.52,15.0,0.54,79.0,0.55,97.0,0.01,0.01,2358.706571,1776320409000
1776320413.019,13.019,0.46,10.0,0.45,165.0,0.47,16.62,0.48,15.0,0.53,17.87,0.52,15.0,0.54,79.0,0.55,97.0,0.01,0.01,2358.706148,1776320411000
1776320415.879,15.879,0.46,20.0,0.45,172.0,0.47,5.0,0.48,15.0,0.53,16.62,0.52,15.0,0.54,10.0,0.55,165.0,0.01,0.01,2358.778656,1776320414000
1776320416.799,16.799,0.46,15.0,0.45,172.0,0.48,5.0,0.49,148.0,0.53,5.0,0.52,20.0,0.54,15.0,0.55,172.0,0.02,0.01,2358.791681,1776320415000
1776320418.686,18.686,0.4,10.0,0.39,31.0,0.42,253.0,0.43,100.0,0.52,5.0,0.51,148.0,0.54,15.0,0.55,172.0,0.02,0.02,2358.77997,1776320417000
1776320418.908,18.908,0.4,5.0,0.39,17.0,0.41,15.0,0.42,248.0,0.58,253.0,0.57,100.0,0.6,10.0,0.61,31.0,0.01,0.02,2358.77997,1776320417000
1776320419.159,19.159,0.4,5.41,0.39,27.0,0.41,10.0,0.42,248.0,0.59,5.0,0.58,248.0,0.6,5.0,0.61,27.0,0.01,0.01,2358.80221,1776320418000
1776320422.366,22.366,0.36,2.37,0.3,5.0,0.37,111.93,0.38,68.06,0.59,5.0,0.58,253.0,0.6,10.0,0.61,27.0,0.01,0.01,2358.317063,1776320421000
1776320422.774,22.774,0.26,12.51,0.21,82.0,0.28,15.0,0.29,30.0,0.71,5.0,0.7,30.0,0.73,16.0,0.74,72.0,0.02,0.02,2358.317063,1776320421000
1776320423.013,23.013,0.24,4.43,0.21,27.0,0.25,22.49,0.26,80.0,0.75,7.49,0.73,37.0,0.76,11.0,0.79,27.0,0.01,0.01,2358.31722,1776320422000
1776320423.228,23.228,0.21,27.0,0.2,15.0,0.25,49.49,0.26,155.0,0.75,22.49,0.74,80.0,0.76,4.43,0.79,27.0,0.04,0.01,2358.31722,1776320422000
1776320423.609,23.609,0.18,5.0,0.17,13.0,0.2,1.5,0.21,10.0,0.75,49.49,0.74,155.0,0.82,5.0,0.83,13.0,0.02,0.07,2358.31722,1776320422000
1776320423.955,23.955,0.18,3.78,0.17,13.0,0.21,7.33,0.22,15.0,0.8,1.5,0.79,10.0,0.82,3.78,0.83,13.0,0.03,0.02,2358.31722,1776320422000
1776320424.281,24.281,0.2,14.0,0.18,3.78,0.22,10.07,0.23,15.0,0.78,10.07,0.77,15.0,0.79,5.0,0.8,14.0,0.02,0.01,2358.226625,1776320423000
1776320424.549,24.549,0.17,8.9,0.16,405.21,0.21,10.0,0.22,10.07,0.79,10.0,0.78,15.07,0.8,5.75,0.83,13.0,0.04,0.01,2358.226625,1776320423000
1776320425.181,25.181,0.17,140.07,0.16,308.0,0.18,9.44,0.19,10.0,0.79,10.0,0.78,10.07,0.83,8.9,0.84,405.21,0.01,0.04,2357.341438,1776320424000
1776320425.868,25.868,0.18,68.0,0.17,150.07,0.19,4.56,0.2,10.0,0.82,9.44,0.81,10.0,0.83,140.07,0.84,308.0,0.01,0.01,2357.341438,1776320424000
1776320426.115,26.115,0.18,66.78,0.17,145.07,0.19,4.56,0.2,10.0,0.81,4.56,0.8,10.0,0.82,68.0,0.83,150.07,0.01,0.01,2357.341438,1776320424000
1776320426.728,26.728,0.18,60.75,0.17,145.07,0.19,4.56,0.2,10.0,0.81,4.56,0.8,10.0,0.82,66.78,0.83,145.07,0.01,0.01,2357.156757,1776320425000
1776320427.315,27.315,0.19,15.0,0.17,193.07,0.21,15.0,0.22,10.0,0.8,4.08,0.79,25.0,0.82,65.75,0.83,145.07,0.02,0.02,2357.156757,1776320425000
1776320427.804,27.804,0.18,10.0,0.17,193.07,0.2,15.0,0.21,73.0,0.79,15.0,0.78,10.0,0.81,15.0,0.83,193.07,0.02,0.02,2357.153948,1776320426000
1776320428.642,28.642,0.16,195.0,0.15,116.85,0.17,5.1,0.18,78.0,0.8,9.5,0.79,73.0,0.82,15.0,0.83,193.07,0.01,0.02,2357.150856,1776320427000
1776320429.56,29.56,0.16,191.31,0.15,188.85,0.17,94.1,0.18,131.0,0.83,5.1,0.82,78.0,0.84,195.0,0.85,116.85,0.01,0.01,2357.15102,1776320428000
1776320432.197,32.197,0.16,249.31,0.15,107.85,0.17,118.1,0.18,73.0,0.83,94.1,0.82,131.0,0.84,191.31,0.85,188.85,0.01,0.01,2356.931896,1776320430000
1776320432.55,32.55,0.16,244.31,0.15,117.85,0.27,117.67,0.28,80.0,0.83,118.1,0.82,73.0,0.84,249.31,0.85,107.85,0.11,0.01,2356.838966,1776320431000
1776320432.825,32.825,0.2,10.0,0.19,10.0,0.22,190.0,0.23,24.0,0.73,117.67,0.72,80.0,0.84,244.31,0.85,117.85,0.02,0.11,2356.838966,1776320431000
1776320433.138,33.138,0.2,10.0,0.19,10.0,0.21,208.23,0.22,30.0,0.78,190.0,0.77,24.0,0.81,10.0,0.82,10.0,0.01,0.03,2356.834424,1776320432000
1776320434.133,34.133,0.2,5.0,0.19,10.0,0.21,145.46,0.22,88.0,0.79,145.23,0.78,88.0,0.8,5.0,0.81,10.0,0.01,0.01,2356.834424,1776320432000
1776320434.927,34.927,0.18,10.0,0.17,1.01,0.19,6.73,0.2,17.0,0.79,145.46,0.78,88.0,0.83,1.01,0.84,214.31,0.01,0.04,2356.959455,1776320433000
1776320435.15,35.15,0.2,32.0,0.19,10.0,0.23,28.0,0.24,86.0,0.81,6.73,0.8,17.0,0.82,10.0,0.83,1.01,0.03,0.01,2356.959455,1776320433000
1776320435.587,35.587,0.21,37.0,0.2,30.0,0.22,16.45,0.23,20.65,0.77,5.65,0.76,77.0,0.79,10.0,0.8,32.0,0.01,0.02,2356.970744,1776320434000
1776320436.494,36.494,0.21,85.0,0.2,30.0,0.22,55.99,0.23,20.65,0.78,16.45,0.77,20.65,0.79,37.0,0.8,30.0,0.01,0.01,2356.964913,1776320435000
1776320438.059,38.059,0.21,15.73,0.2,30.0,0.22,65.99,0.23,83.65,0.78,55.99,0.77,20.65,0.79,85.0,0.8,30.0,0.01,0.01,2357.071033,1776320436000
1776320439.057,39.057,0.21,10.73,0.2,88.0,0.22,65.99,0.23,30.65,0.78,65.99,0.77,83.65,0.79,15.73,0.8,30.0,0.01,0.01,2357.12419,1776320437000
1776320439.819,39.819,0.21,7.04,0.2,88.0,0.22,65.99,0.23,88.65,0.78,65.99,0.77,30.65,0.79,10.73,0.8,88.0,0.01,0.01,2357.228955,1776320438000
1776320440.77,40.77,0.2,12.0,0.19,146.0,0.22,129.06,0.23,88.65,0.78,65.99,0.77,88.65,0.79,7.04,0.8,88.0,0.02,0.01,2357.116805,1776320439000
1776320443.582,43.582,0.2,12.0,0.19,146.0,0.21,91.23,0.22,52.07,0.78,129.06,0.77,88.65,0.8,12.0,0.81,146.0,0.01,0.02,2357.204513,1776320442000
1776320444.345,44.345,0.2,10.61,0.19,146.0,0.21,3.99,0.22,52.07,0.79,91.23,0.78,52.07,0.8,10.61,0.81,146.0,0.01,0.01,2357.204478,1776320443000
1776320445.943,45.943,0.2,24.24,0.19,146.0,0.21,10.0,0.22,52.07,0.79,3.99,0.78,52.07,0.8,10.61,0.81,146.0,0.01,0.01,2357.213093,1776320444000
1776320446.925,46.925,0.21,43.0,0.2,208.0,0.23,15.54,0.24,41.99,0.79,5.23,0.78,52.07,0.81,140.24,0.82,17.0,0.02,0.02,2357.183719,1776320445000
1776320448.385,48.385,0.23,116.0,0.22,43.71,0.24,15.82,0.25,19.0,0.77,1.32,0.76,41.99,0.78,22.71,0.79,161.0,0.01,0.01,2357.240515,1776320447000
1776320449.042,49.042,0.23,10.0,0.22,78.71,0.24,88.0,0.25,15.0,0.74,23.58,0.73,26.0,0.77,10.0,0.78,73.71,0.01,0.03,2357.240515,1776320447000
1776320450.358,50.358,0.22,72.29,0.21,123.7,0.24,83.83,0.25,15.0,0.76,88.83,0.75,15.0,0.77,10.0,0.78,78.71,0.02,0.01,2357.258055,1776320448000
1776320451.476,51.476,0.22,68.45,0.21,114.7,0.24,88.83,0.25,81.0,0.76,83.83,0.75,15.0,0.78,72.29,0.79,123.7,0.02,0.02,2357.279213,1776320450000
1776320451.699,51.699,0.22,63.45,0.21,114.7,0.24,83.83,0.25,86.0,0.76,88.83,0.75,81.0,0.78,68.45,0.79,114.7,0.02,0.02,2357.279213,1776320450000
1776320452.273,52.273,0.24,31.0,0.23,26.0,0.25,18.0,0.26,23.58,0.76,83.83,0.75,86.0,0.78,63.45,0.79,114.7,0.01,0.02,2357.273466,1776320451000
1776320453.138,53.138,0.24,31.0,0.23,26.0,0.25,20.0,0.26,23.58,0.75,18.0,0.74,23.58,0.76,31.0,0.77,26.0,0.01,0.01,2357.272622,1776320452000
1776320454.373,54.373,0.22,10.45,0.21,172.7,0.24,86.66,0.25,40.0,0.75,20.0,0.74,23.58,0.76,31.0,0.77,26.0,0.02,0.01,2357.273025,1776320453000
1776320455.493,55.493,0.29,5.43,0.28,33.0,0.31,5.0,0.32,5.0,0.76,86.66,0.75,40.0,0.78,10.45,0.79,172.7,0.02,0.02,2357.322839,1776320454000
1776320455.714,55.714,0.3,59.0,0.29,10.43,0.32,1.12,0.33,24.0,0.69,5.0,0.68,5.0,0.71,5.43,0.72,33.0,0.02,0.02,2357.322839,1776320454000
1776320456.075,56.075,0.3,11.0,0.28,26.0,0.31,6.77,0.32,20.12,0.68,1.12,0.67,24.0,0.7,59.0,0.71,10.43,0.01,0.02,2357.310282,1776320455000
1776320456.946,56.946,0.28,5.0,0.27,85.0,0.31,75.0,0.32,16.12,0.68,11.12,0.67,24.0,0.7,11.0,0.72,26.0,0.03,0.02,2357.310282,1776320455000
1776320458.408,58.408,0.28,4.88,0.27,143.0,0.29,70.0,0.3,25.0,0.69,75.0,0.68,16.12,0.72,5.0,0.73,85.0,0.01,0.03,2357.56165,1776320457000
1776320460.686,60.686,0.27,81.65,0.26,85.0,0.28,65.0,0.29,21.55,0.71,61.55,0.7,25.0,0.72,5.0,0.73,143.0,0.01,0.01,2357.617027,1776320459000
1776320460.933,60.933,0.27,5.0,0.23,30.3,0.28,39.52,0.29,26.55,0.72,29.1,0.71,26.55,0.73,5.0,0.75,24.2,0.01,0.01,2357.617027,1776320459000
1776320461.229,61.229,0.22,168.51,0.21,119.7,0.24,124.0,0.25,17.0,0.72,39.52,0.71,26.55,0.73,5.0,0.77,30.3,0.02,0.01,2357.620636,1776320460000
1776320461.678,61.678,0.22,163.51,0.21,111.7,0.23,119.0,0.24,50.0,0.76,124.0,0.75,17.0,0.77,10.0,0.78,168.51,0.01,0.01,2357.620636,1776320460000
1776320462.652,62.652,0.22,173.51,0.21,106.7,0.23,110.65,0.24,55.0,0.77,119.0,0.76,50.0,0.78,163.51,0.79,111.7,0.01,0.01,2357.619631,1776320461000
1776320463.244,63.244,0.22,168.51,0.21,111.7,0.23,111.3,0.24,55.0,0.77,110.65,0.76,55.0,0.78,173.51,0.79,106.7,0.01,0.01,2357.512669,1776320462000
1776320463.815,63.815,0.22,145.0,0.21,111.7,0.23,111.3,0.24,55.0,0.77,111.3,0.76,55.0,0.78,168.51,0.79,111.7,0.01,0.01,2357.512669,1776320462000
1776320465.413,65.413,0.22,61.0,0.2,70.0,0.23,127.3,0.24,64.0,0.77,111.3,0.76,55.0,0.78,145.0,0.79,111.7,0.01,0.01,2357.47373,1776320464000
1776320465.617,65.617,0.22,49.0,0.2,70.0,0.23,132.3,0.24,64.0,0.77,132.3,0.76,64.0,0.78,54.0,0.8,70.0,0.01,0.01,2357.47373,1776320464000
1776320465.932,65.932,0.22,33.32,0.2,70.0,0.23,127.3,0.24,64.0,0.77,132.3,0.76,64.0,0.78,35.89,0.8,70.0,0.01,0.01,2357.47373,1776320464000
1776320466.333,66.333,0.22,28.32,0.2,70.0,0.23,185.3,0.24,78.0,0.77,127.3,0.76,64.0,0.78,33.32,0.8,70.0,0.01,0.01,2357.450182,1776320465000
1776320467.459,67.459,0.22,22.03,0.21,58.0,0.23,136.64,0.24,55.0,0.77,208.67,0.76,78.0,0.78,32.03,0.8,70.0,0.01,0.01,2357.366226,1776320466000
1776320468.225,68.225,0.22,15.63,0.2,70.0,0.23,141.64,0.24,55.0,0.77,136.64,0.76,55.0,0.78,22.03,0.79,58.0,0.01,0.01,2357.180378,1776320467000
1776320468.511,68.511,0.22,9.04,0.2,70.0,0.23,131.64,0.24,55.0,0.77,136.64,0.76,55.0,0.78,14.04,0.8,70.0,0.01,0.01,2357.180378,1776320467000
1776320469.07,69.07,0.2,124.31,0.19,90.0,0.23,136.64,0.24,113.0,0.77,131.64,0.76,55.0,0.78,9.04,0.8,70.0,0.03,0.01,2357.224092,1776320468000
1776320469.911,69.911,0.2,134.31,0.19,85.0,0.21,11.71,0.22,15.0,0.77,136.64,0.76,113.0,0.8,124.31,0.81,90.0,0.01,0.03,2357.224092,1776320468000
1776320472.682,72.682,0.2,61.31,0.19,140.0,0.21,91.71,0.22,20.0,0.79,11.71,0.78,15.0,0.8,134.31,0.81,85.0,0.01,0.01,2357.22991,1776320471000
1776320473.506,73.506,0.19,65.0,0.16,203.0,0.2,201.0,0.21,50.0,0.79,91.71,0.78,20.0,0.8,61.31,0.81,140.0,0.01,0.01,2357.229893,1776320472000
1776320474.363,74.363,0.19,61.55,0.18,68.0,0.2,113.0,0.21,60.48,0.8,201.0,0.79,50.0,0.81,65.0,0.84,203.0,0.01,0.01,2357.226976,1776320473000
1776320477.745,77.745,0.19,43.24,0.16,213.0,0.2,177.0,0.21,20.0,0.8,113.0,0.79,60.48,0.81,53.24,0.82,68.0,0.01,0.01,2357.161495,1776320476000
1776320479.036,79.036,0.19,78.0,0.18,15.0,0.2,97.25,0.22,10.0,0.8,177.0,0.79,20.0,0.81,43.24,0.84,213.0,0.01,0.01,2357.08588,1776320478000
1776320479.258,79.258,0.19,232.99,0.18,113.99,0.23,25.97,0.26,5.0,0.8,97.25,0.78,10.0,0.81,78.0,0.82,15.0,0.04,0.01,2357.08588,1776320478000
1776320479.46,79.46,0.26,89.63,0.25,150.0,0.27,25.0,0.28,15.0,0.73,15.0,0.72,15.0,0.74,60.34,0.78,10.0,0.01,0.01,2357.08588,1776320478000
1776320480.251,80.251,0.26,74.63,0.25,140.0,0.27,80.46,0.28,15.0,0.73,25.0,0.72,15.0,0.74,89.63,0.75,150.0,0.01,0.01,2357.063505,1776320479000
1776320483.231,83.231,0.26,115.63,0.25,140.0,0.27,103.46,0.28,29.0,0.73,80.46,0.72,15.0,0.74,74.63,0.75,140.0,0.01,0.01,2357.459381,1776320482000
1776320486.339,86.339,0.26,67.63,0.25,70.0,0.27,136.0,0.28,65.63,0.73,103.46,0.72,29.0,0.74,115.63,0.75,140.0,0.01,0.01,2357.413252,1776320485000
1776320486.667,86.667,0.25,70.0,0.23,5.3,0.26,647.37,0.27,188.0,0.73,136.0,0.72,65.63,0.74,67.63,0.75,70.0,0.01,0.01,2357.413252,1776320485000
1776320486.954,86.954,0.25,74.93,0.23,5.3,0.26,739.37,0.27,99.47,0.74,647.37,0.73,188.0,0.75,70.0,0.77,5.3,0.01,0.01,2357.413252,1776320485000
1776320487.685,87.685,0.25,61.71,0.23,5.3,0.26,736.37,0.27,94.47,0.74,739.37,0.73,99.47,0.75,69.93,0.77,5.3,0.01,0.01,2357.386914,1776320486000
1776320488.098,88.098,0.25,54.52,0.23,5.3,0.26,736.37,0.27,108.12,0.74,736.37,0.73,94.47,0.75,61.71,0.77,5.3,0.01,0.01,2357.386914,1776320486000
1776320488.486,88.486,0.25,48.36,0.23,5.3,0.26,691.37,0.27,108.12,0.74,736.37,0.73,108.12,0.75,54.52,0.77,5.3,0.01,0.01,2357.395,1776320487000
1776320490.207,90.207,0.25,10.0,0.24,58.0,0.26,718.99,0.27,122.63,0.74,691.37,0.73,108.12,0.75,48.36,0.77,5.3,0.01,0.01,2357.326074,1776320488000
1776320492.612,92.612,0.25,6.64,0.24,58.0,0.26,768.99,0.27,130.48,0.74,718.99,0.73,122.63,0.75,10.0,0.76,58.0,0.01,0.01,2357.364165,1776320491000
1776320492.881,92.881,0.22,33.3,0.21,8.0,0.24,20.0,0.25,37.0,0.74,768.99,0.73,130.48,0.75,6.64,0.76,58.0,0.02,0.01,2357.364165,1776320491000
1776320493.766,93.766,0.2,4.15,0.19,153.0,0.21,100.0,0.22,116.49,0.77,25.0,0.76,78.0,0.79,3.0,0.8,22.15,0.01,0.02,2357.300847,1776320492000
1776320494.587,94.587,0.19,210.15,0.18,13.0,0.21,146.5,0.22,94.0,0.79,100.0,0.78,116.49,0.8,4.15,0.81,153.0,0.02,0.01,2357.39795,1776320493000
1776320494.905,94.905,0.19,205.15,0.18,13.0,0.2,95.1,0.21,106.5,0.79,146.5,0.78,94.0,0.81,210.15,0.82,13.0,0.01,0.02,2357.39795,1776320493000
1776320495.4,95.4,0.19,134.15,0.18,5.0,0.2,90.1,0.21,176.5,0.8,95.1,0.79,106.5,0.81,205.15,0.82,13.0,0.01,0.01,2357.255728,1776320494000
1776320496.219,96.219,0.16,3.0,0.15,63.0,0.2,237.25,0.21,71.0,0.8,90.1,0.79,176.5,0.81,134.15,0.82,5.0,0.04,0.01,2357.255728,1776320494000
1776320496.813,96.813,0.14,68.0,0.13,213.0,0.15,112.0,0.16,74.0,0.84,121.0,0.83,20.0,0.85,43.99,0.86,76.0,0.01,0.01,2357.30001,1776320495000
1776320498.853,98.853,0.14,82.0,0.13,213.0,0.15,95.0,0.16,64.0,0.85,112.0,0.84,74.0,0.86,68.0,0.87,213.0,0.01,0.01,2357.204169,1776320496000
1776320501.29,101.29,0.14,145.0,0.13,196.8,0.19,71.47,0.2,89.0,0.85,95.0,0.84,64.0,0.86,82.0,0.87,213.0,0.05,0.01,2357.01127,1776320500000
1776320506.509,106.509,0.16,67.85,0.15,25.0,0.17,105.0,0.18,101.95,0.81,71.47,0.8,89.0,0.86,145.0,0.87,196.8,0.01,0.05,2357.063248,1776320505000
1776320512.058,112.058,0.16,67.85,0.15,25.0,0.19,3.74,0.2,33.0,0.83,105.0,0.82,101.95,0.84,67.85,0.85,25.0,0.03,0.01,2357.045546,1776320510000
1776320513.169,113.169,0.16,70.37,0.15,30.0,0.17,114.11,0.18,128.71,0.81,3.74,0.8,33.0,0.84,67.85,0.85,25.0,0.01,0.03,2357.018483,1776320512000
1776320516.252,116.252,0.16,0.26,0.15,30.0,0.17,348.08,0.18,46.02,0.83,114.11,0.82,128.71,0.84,70.37,0.85,30.0,0.01,0.01,2356.996611,1776320514000
1776320518.054,118.054,0.16,0.26,0.15,30.0,0.17,128.53,0.18,133.65,0.83,348.08,0.82,46.02,0.84,0.26,0.85,30.0,0.01,0.01,2357.010504,1776320516000
1776320520.144,120.144,0.15,19.0,0.14,108.71,0.16,129.0,0.17,115.18,0.83,128.53,0.82,133.65,0.84,0.26,0.85,30.0,0.01,0.01,2356.9974,1776320518000
1776320520.367,120.367,0.15,9.75,0.14,108.71,0.16,144.0,0.17,110.18,0.84,134.0,0.83,115.18,0.85,15.25,0.86,108.71,0.01,0.01,2356.994066,1776320519000
1776320521.593,121.593,0.14,41.73,0.13,143.0,0.15,207.87,0.16,93.0,0.84,159.0,0.83,110.18,0.86,42.9,0.87,85.0,0.01,0.02,2357.001475,1776320520000
1776320521.835,121.835,0.14,35.71,0.12,68.09,0.15,148.2,0.16,95.0,0.85,207.87,0.84,93.0,0.86,41.73,0.87,143.0,0.01,0.01,2357.001475,1776320520000
1776320522.247,122.247,0.14,25.71,0.12,68.09,0.15,215.41,0.16,65.0,0.85,220.41,0.84,95.0,0.86,30.71,0.88,68.09,0.01,0.01,2357.099635,1776320521000
1776320522.673,122.673,0.14,19.89,0.12,68.09,0.15,283.41,0.16,115.0,0.85,215.41,0.84,65.0,0.86,25.71,0.88,68.09,0.01,0.01,2357.099635,1776320521000
1776320523.598,123.598,0.12,67.07,0.11,15.0,0.15,294.41,0.16,115.0,0.85,283.41,0.84,115.0,0.86,3.98,0.88,68.09,0.03,0.01,2357.011244,1776320522000
1776320524.431,124.431,0.12,58.07,0.11,15.0,0.13,89.0,0.14,25.0,0.86,5.0,0.85,289.41,0.88,58.07,0.89,15.0,0.01,0.02,2356.865709,1776320523000
1776320528.608,128.608,0.11,8.0,0.1,245.0,0.13,59.68,0.14,28.0,0.87,89.0,0.86,25.0,0.88,58.07,0.89,15.0,0.02,0.01,2356.834832,1776320527000
1776320532.143,132.143,0.11,8.0,0.1,245.0,0.12,190.0,0.13,115.68,0.87,59.68,0.86,28.0,0.89,8.0,0.9,245.0,0.01,0.02,2356.904545,1776320530000
1776320534.047,134.047,0.11,6.87,0.1,303.0,0.12,261.0,0.13,53.68,0.88,190.0,0.87,115.68,0.89,8.0,0.9,245.0,0.01,0.01,2356.835141,1776320532000
1776320535.836,135.836,0.11,6.87,0.1,303.0,0.12,185.91,0.13,45.68,0.88,261.0,0.87,53.68,0.89,6.87,0.9,303.0,0.01,0.01,2356.841324,1776320534000
1776320537.738,137.738,0.1,249.94,0.09,59.0,0.12,155.91,0.13,40.68,0.88,185.91,0.87,45.68,0.89,6.87,0.9,303.0,0.02,0.01,2356.890168,1776320536000
1776320538.694,138.694,0.1,259.94,0.09,59.0,0.12,155.91,0.13,40.68,0.88,155.91,0.87,40.68,0.9,249.94,0.91,59.0,0.02,0.02,2356.905657,1776320537000
1776320540.96,140.96,0.1,253.82,0.09,59.0,0.11,24.0,0.12,136.91,0.88,155.91,0.87,40.68,0.9,259.94,0.91,59.0,0.01,0.02,2356.824229,1776320539000
1776320541.371,141.371,0.1,288.82,0.09,59.0,0.12,125.91,0.13,5.0,0.89,24.0,0.88,136.91,0.9,253.82,0.91,59.0,0.02,0.01,2356.825223,1776320540000
1776320543.954,143.954,0.11,15.0,0.1,253.82,0.12,134.02,0.13,10.0,0.88,121.91,0.87,15.0,0.89,28.0,0.9,293.82,0.01,0.01,2356.872588,1776320542000
1776320544.198,144.198,0.11,7.77,0.1,155.0,0.12,125.02,0.13,5.0,0.88,134.02,0.87,10.0,0.89,15.0,0.9,253.82,0.01,0.01,2356.947172,1776320543000
1776320544.402,144.402,0.11,64.77,0.1,220.0,0.12,58.69,0.15,8.0,0.88,92.02,0.85,8.0,0.89,64.77,0.9,220.0,0.01,0.01,2356.947172,1776320543000
1776320545.987,145.987,0.16,43.89,0.15,90.0,0.17,19.57,0.18,92.02,0.83,22.57,0.82,34.02,0.84,7.0,0.86,15.0,0.01,0.01,2357.013561,1776320544000
1776320548.263,148.263,0.16,43.89,0.15,143.0,0.17,20.57,0.18,34.02,0.83,19.57,0.82,92.02,0.84,43.89,0.85,90.0,0.01,0.01,2357.15765,1776320547000
1776320550.63,150.63,0.16,24.03,0.15,143.0,0.17,22.0,0.18,92.02,0.83,20.57,0.82,34.02,0.84,43.89,0.85,143.0,0.01,0.01,2357.17265,1776320549000
1776320550.858,150.858,0.15,155.6,0.14,85.0,0.16,87.97,0.17,15.0,0.84,92.97,0.83,15.0,0.85,155.78,0.86,85.0,0.01,0.01,2357.17265,1776320549000
1776320551.819,151.819,0.15,145.36,0.14,85.0,0.16,97.97,0.17,15.0,0.84,87.97,0.83,15.0,0.85,155.6,0.86,85.0,0.01,0.01,2357.174442,1776320550000
1776320553.999,153.999,0.15,91.47,0.14,104.9,0.16,85.97,0.17,73.0,0.84,97.97,0.83,15.0,0.85,145.36,0.86,85.0,0.01,0.01,2357.26102,1776320553000
1776320557.412,157.412,0.15,86.47,0.14,75.0,0.16,127.01,0.17,73.0,0.84,85.97,0.83,73.0,0.85,91.47,0.86,104.9,0.01,0.01,2357.27658,1776320556000
1776320560.999,160.999,0.15,76.9,0.14,70.0,0.16,127.01,0.17,102.4,0.84,127.01,0.83,73.0,0.85,86.47,0.86,75.0,0.01,0.01,2357.284415,1776320559000
1776320561.942,161.942,0.15,68.75,0.14,70.0,0.16,122.01,0.17,102.4,0.84,127.01,0.83,102.4,0.85,76.9,0.86,70.0,0.01,0.01,2357.283145,1776320560000
1776320564.618,164.618,0.15,77.94,0.14,58.0,0.16,64.51,0.17,100.81,0.84,122.01,0.83,102.4,0.85,68.75,0.86,70.0,0.01,0.01,2357.27031,1776320563000
1776320571.954,171.954,0.08,1.0,0.06,239.8,0.09,25.0,0.1,37.0,0.84,64.51,0.83,100.81,0.85,77.94,0.86,58.0,0.01,0.01,2357.277033,1776320570000
1776320572.657,172.657,0.06,235.8,0.05,126.8,0.09,128.0,0.1,32.0,0.91,25.0,0.9,37.0,0.92,1.0,0.94,239.8,0.03,0.01,2357.190235,1776320571000
1776320572.978,172.978,0.06,232.73,0.05,126.8,0.08,20.0,0.09,133.0,0.91,128.0,0.9,32.0,0.94,235.8,0.95,126.8,0.02,0.03,2357.190235,1776320571000
1776320574.834,174.834,0.07,53.0,0.06,174.73,0.08,25.0,0.09,70.0,0.92,20.0,0.91,133.0,0.94,232.73,0.95,126.8,0.01,0.02,2356.853675,1776320573000
1776320579.054,179.054,0.06,111.73,0.05,237.8,0.07,101.0,0.08,73.0,0.92,25.0,0.91,70.0,0.93,53.0,0.94,174.73,0.01,0.01,2356.838295,1776320577000
1776320580.819,180.819,0.06,97.73,0.05,352.8,0.07,106.0,0.08,131.0,0.93,101.0,0.92,73.0,0.94,111.73,0.95,237.8,0.01,0.01,2356.842894,1776320579000
1776320581.74,181.74,0.06,40.0,0.05,40.0,0.07,86.0,0.08,53.0,0.93,106.0,0.92,131.0,0.94,97.73,0.95,352.8,0.01,0.01,2356.8381,1776320580000
1776320581.96,181.96,0.05,32.78,0.04,212.0,0.07,100.0,0.08,53.0,0.93,100.0,0.92,53.0,0.94,2.78,0.95,40.0,0.02,0.01,2356.8381,1776320580000
1776320582.295,182.295,0.05,24.42,0.04,35.0,0.06,14.0,0.07,144.0,0.93,114.0,0.92,53.0,0.95,31.72,0.96,206.0,0.01,0.02,2356.8381,1776320580000
1776320584.626,184.626,0.05,7.95,0.04,35.0,0.06,288.7,0.07,162.0,0.94,14.0,0.93,111.0,0.95,12.95,0.96,35.0,0.01,0.01,2356.556519,1776320583000
1776320585.008,185.008,0.05,2.95,0.04,35.0,0.06,277.7,0.07,162.0,0.94,288.7,0.93,162.0,0.95,7.95,0.96,35.0,0.01,0.01,2356.556519,1776320583000
1776320585.547,185.547,0.05,5.86,0.04,35.0,0.06,272.7,0.07,217.3,0.94,277.7,0.93,162.0,0.95,2.95,0.96,35.0,0.01,0.01,2356.439142,1776320584000
1776320585.748,185.748,0.04,30.58,0.03,765.0,0.06,272.7,0.07,222.3,0.94,267.7,0.93,217.3,0.95,0.58,0.96,35.0,0.02,0.01,2356.439142,1776320584000
1776320586.549,186.549,0.04,5.58,0.03,685.7,0.05,195.0,0.06,234.7,0.95,135.0,0.94,267.7,0.96,10.58,0.97,765.0,0.01,0.01,2356.316049,1776320585000
1776320587.021,187.021,0.03,278.58,0.02,630.7,0.05,282.0,0.06,295.5,0.95,195.0,0.94,234.7,0.96,5.58,0.97,685.7,0.02,0.01,2356.316049,1776320585000
1776320587.718,187.718,0.03,273.58,0.02,630.7,0.04,187.0,0.05,307.8,0.95,282.0,0.94,295.5,0.97,278.58,0.98,630.7,0.01,0.02,2356.369625,1776320586000
1776320589.422,189.422,0.03,273.58,0.02,630.7,0.04,211.0,0.05,274.8,0.96,187.0,0.95,307.8,0.97,273.58,0.98,630.7,0.01,0.01,2356.371354,1776320587000
1776320590.584,190.584,0.03,258.27,0.02,630.7,0.04,213.0,0.05,274.8,0.96,211.0,0.95,274.8,0.97,273.58,0.98,630.7,0.01,0.01,2356.160873,1776320589000
1776320591.056,191.056,0.03,253.27,0.02,630.7,0.04,206.0,0.05,274.8,0.96,213.0,0.95,274.8,0.97,258.27,0.98,630.7,0.01,0.01,2356.160873,1776320589000
1776320591.428,191.428,0.03,248.27,0.02,640.36,0.04,213.0,0.05,274.8,0.96,206.0,0.95,274.8,0.97,253.27,0.98,630.7,0.01,0.01,2356.160873,1776320589000
1776320591.745,191.745,0.03,213.3,0.02,630.7,0.04,218.0,0.05,274.8,0.96,213.0,0.95,274.8,0.97,213.3,0.98,640.36,0.01,0.01,2356.165631,1776320590000
1776320592.713,192.713,0.03,203.3,0.02,645.7,0.04,213.0,0.05,296.8,0.96,218.0,0.95,274.8,0.97,213.3,0.98,630.7,0.01,0.01,2356.1991,1776320591000
1776320593.54,193.54,0.03,198.3,0.02,645.7,0.04,213.0,0.05,307.8,0.96,213.0,0.95,296.8,0.97,203.3,0.98,645.7,0.01,0.01,2356.1991,1776320591000
1776320594.445,194.445,0.03,193.3,0.02,645.7,0.04,213.0,0.05,307.8,0.96,213.0,0.95,307.8,0.97,198.3,0.98,645.7,0.01,0.01,2356.214121,1776320593000
1776320594.907,194.907,0.03,162.06,0.02,645.7,0.04,213.0,0.05,307.8,0.96,213.0,0.95,307.8,0.97,193.3,0.98,645.7,0.01,0.01,2356.214121,1776320593000
1776320596.378,196.378,0.03,156.9,0.02,754.03,0.04,182.0,0.05,152.0,0.96,213.0,0.95,307.8,0.97,162.06,0.98,645.7,0.01,0.01,2356.257995,1776320595000
1776320597.805,197.805,0.03,371.86,0.02,441.7,0.04,147.0,0.05,135.0,0.96,182.0,0.95,152.0,0.97,156.9,0.98,754.03,0.01,0.01,2356.17768,1776320596000
1776320601.981,201.981,0.03,357.86,0.02,252.0,0.04,312.0,0.05,145.0,0.96,147.0,0.95,135.0,0.97,371.86,0.98,441.7,0.01,0.01,2356.580175,1776320600000
1776320602.254,202.254,0.03,20.56,0.02,252.0,0.04,305.0,0.05,150.0,0.96,305.0,0.95,150.0,0.97,236.72,0.98,252.0,0.01,0.01,2356.588305,1776320601000
1776320602.463,202.463,0.03,10.24,0.02,252.0,0.04,305.0,0.05,150.0,0.96,305.0,0.95,150.0,0.97,15.4,0.98,252.0,0.01,0.01,2356.588305,1776320601000
1776320602.779,202.779,0.02,242.24,0.01,3097.62,0.04,310.0,0.05,156.05,0.96,305.0,0.95,150.0,0.97,10.24,0.98,252.0,0.02,0.01,2356.588305,1776320601000
1776320603.696,203.696,0.02,242.24,0.01,2701.62,0.04,117.0,0.05,56.05,0.96,240.0,0.95,156.05,0.98,242.24,0.99,3097.62,0.02,0.02,2356.59133,1776320602000
1776320604.037,204.037,0.02,242.24,0.01,3212.29,0.04,72.0,0.05,145.8,0.96,117.0,0.95,56.05,0.98,242.24,0.99,2701.62,0.02,0.02,2356.59133,1776320602000
1776320604.674,204.674,0.03,10.0,0.02,584.89,0.04,202.66,0.05,145.8,0.96,72.0,0.95,145.8,0.98,240.19,0.99,3270.29,0.01,0.02,2356.236246,1776320603000
1776320606.111,206.111,0.02,575.41,0.01,2889.62,0.04,212.66,0.05,145.8,0.96,202.66,0.95,145.8,0.97,10.0,0.98,584.89,0.02,0.01,2356.282195,1776320604000
1776320606.949,206.949,0.02,575.41,0.01,3189.62,0.03,1.81,0.04,196.7,0.96,212.66,0.95,145.8,0.98,575.41,0.99,2889.62,0.01,0.02,2356.25721,1776320605000
1776320607.163,207.163,0.02,575.41,0.01,3189.62,0.04,185.19,0.05,145.8,0.97,1.81,0.96,196.7,0.98,575.41,0.99,3189.62,0.02,0.01,2356.25721,1776320605000
1776320610.664,210.664,0.03,203.32,0.02,527.41,0.04,20.96,0.05,90.8,0.96,185.19,0.95,145.8,0.98,575.41,0.99,3189.62,0.01,0.02,2356.281202,1776320609000
1776320611.855,211.855,0.02,599.41,0.01,3126.62,0.04,25.96,0.05,118.8,0.96,20.96,0.95,90.8,0.97,203.32,0.98,527.41,0.02,0.01,2356.393385,1776320610000
1776320615.515,215.515,0.02,347.34,0.01,3094.95,0.03,15.0,0.04,123.7,0.96,25.96,0.95,118.8,0.98,599.41,0.99,3126.62,0.01,0.02,2356.282717,1776320614000
1776320615.856,215.856,0.02,381.34,0.01,3546.95,0.03,20.96,0.04,108.7,0.97,15.0,0.96,123.7,0.98,347.34,0.99,3094.95,0.01,0.01,2356.282717,1776320614000
1776320616.792,216.792,0.02,376.34,0.01,3560.95,0.03,20.96,0.04,110.7,0.97,20.96,0.96,108.7,0.98,381.34,0.99,3546.95,0.01,0.01,2356.300931,1776320615000
1776320617.83,217.83,0.02,371.34,0.01,3428.29,0.03,20.96,0.04,110.7,0.97,20.96,0.96,110.7,0.98,376.34,0.99,3560.95,0.01,0.01,2356.283505,1776320616000
1776320618.413,218.413,0.02,366.34,0.01,3428.29,0.03,15.96,0.04,110.7,0.97,20.96,0.96,110.7,0.98,371.34,0.99,3428.29,0.01,0.01,2356.442736,1776320617000
1776320619.281,219.281,0.02,342.02,0.01,3735.61,0.03,15.96,0.04,110.7,0.97,15.96,0.96,110.7,0.98,366.34,0.99,3428.29,0.01,0.01,2356.337014,1776320618000
1776320619.506,219.506,0.02,336.91,0.01,3328.29,0.03,15.96,0.04,110.7,0.97,15.96,0.96,110.7,0.98,342.02,0.99,3735.61,0.01,0.01,2356.337014,1776320618000
1776320622.078,222.078,0.02,456.39,0.01,2950.29,0.05,20.0,0.06,127.5,0.97,15.96,0.96,110.7,0.98,331.69,0.99,3328.29,0.03,0.01,2356.383191,1776320620000
1776320622.389,222.389,0.04,363.0,0.03,245.0,0.06,21.7,0.07,10.0,0.95,20.0,0.94,127.5,0.98,456.39,0.99,2950.29,0.02,0.03,2356.408085,1776320621000
1776320622.715,222.715,0.05,181.94,0.04,135.0,0.08,22.94,0.09,36.0,0.94,11.7,0.93,10.0,0.95,176.94,0.96,160.0,0.03,0.01,2356.408085,1776320621000
1776320624.519,224.519,0.06,113.93,0.05,316.94,0.07,8.89,0.08,20.44,0.92,20.44,0.91,15.0,0.94,8.93,0.95,286.94,0.01,0.02,2356.805768,1776320623000
1776320624.968,224.968,0.06,112.86,0.05,316.94,0.07,8.89,0.08,20.44,0.93,8.89,0.92,20.44,0.94,113.93,0.95,316.94,0.01,0.01,2356.805768,1776320623000
1776320625.917,225.917,0.05,183.08,0.04,133.8,0.07,8.89,0.08,20.44,0.93,8.89,0.92,20.44,0.94,38.39,0.95,316.94,0.02,0.01,2357.09,1776320624000
1776320627.28,227.28,0.05,160.08,0.04,133.8,0.07,13.89,0.08,20.44,0.93,8.89,0.92,20.44,0.95,183.08,0.96,133.8,0.02,0.02,2357.13,1776320625000
1776320627.481,227.481,0.05,148.23,0.04,133.8,0.07,13.89,0.08,20.44,0.93,13.89,0.92,20.44,0.95,160.08,0.96,133.8,0.02,0.02,2357.13,1776320625000
1776320631.918,231.918,0.06,125.8,0.05,110.8,0.08,10.44,0.09,10.0,0.93,13.89,0.92,20.44,0.95,148.23,0.96,133.8,0.02,0.02,2357.143162,1776320630000
1776320634.336,234.336,0.07,106.3,0.06,100.8,0.08,15.44,0.09,10.0,0.92,10.44,0.91,15.0,0.94,108.8,0.95,110.8,0.01,0.02,2357.31088,1776320633000
1776320634.988,234.988,0.07,97.3,0.06,73.8,0.1,9.41,0.11,10.0,0.92,15.44,0.91,10.0,0.93,106.3,0.94,100.8,0.03,0.01,2357.31088,1776320633000
1776320635.503,235.503,0.12,80.0,0.1,80.0,0.13,1.92,0.15,10.0,0.89,9.41,0.88,10.0,0.93,97.3,0.94,73.8,0.01,0.04,2357.31088,1776320633000
1776320635.722,235.722,0.16,25.08,0.12,85.0,0.17,10.0,0.18,27.94,0.87,1.92,0.85,10.0,0.88,80.0,0.9,80.0,0.01,0.01,2357.338195,1776320634000
1776320636.368,236.368,0.12,87.73,0.11,80.0,0.13,15.0,0.14,10.0,0.82,17.94,0.81,10.0,0.83,60.0,0.84,25.08,0.01,0.01,2357.35644,1776320635000
1776320636.86,236.86,0.12,87.04,0.11,90.0,0.13,5.0,0.14,15.0,0.87,15.0,0.86,10.0,0.88,87.73,0.89,80.0,0.01,0.01,2357.35644,1776320635000
1776320638.229,238.229,0.12,96.14,0.11,121.79,0.13,10.0,0.14,105.72,0.87,5.0,0.86,15.0,0.88,87.04,0.89,90.0,0.01,0.01,2357.56506,1776320636000
1776320640.043,240.043,0.13,21.0,0.12,62.04,0.14,85.72,0.15,10.0,0.87,10.0,0.86,105.72,0.88,96.14,0.89,121.79,0.01,0.01,2357.735926,1776320638000
1776320640.904,240.904,0.11,24.87,0.1,121.0,0.14,95.72,0.15,10.0,0.86,85.72,0.85,10.0,0.87,21.0,0.88,62.04,0.03,0.01,2357.694675,1776320639000
1776320641.849,241.849,0.1,37.14,0.09,54.0,0.11,10.0,0.12,10.0,0.86,95.72,0.85,10.0,0.89,24.87,0.9,121.0,0.01,0.03,2357.71136,1776320640000
1776320643.069,243.069,0.11,9.51,0.1,155.0,0.12,5.0,0.13,19.0,0.89,10.0,0.88,10.0,0.9,37.14,0.91,54.0,0.01,0.01,2357.774107,1776320641000
1776320644.116,244.116,0.13,10.0,0.12,80.0,0.14,4.5,0.16,8.0,0.88,5.0,0.87,19.0,0.89,9.51,0.9,160.0,0.01,0.01,2357.739607,1776320642000
1776320644.338,244.338,0.22,49.0,0.21,10.0,0.23,27.3,0.24,19.7,0.79,29.89,0.78,21.0,0.81,60.0,0.87,28.0,0.01,0.02,2357.739607,1776320642000
1776320644.699,244.699,0.22,16.0,0.21,70.0,0.23,37.3,0.24,29.7,0.77,27.3,0.76,19.7,0.78,49.0,0.79,10.0,0.01,0.01,2357.739607,1776320643000
1776320645.536,245.536,0.21,71.0,0.2,20.0,0.22,121.19,0.23,22.0,0.77,37.3,0.76,29.7,0.79,69.0,0.8,20.0,0.01,0.02,2357.73719,1776320644000
1776320645.812,245.812,0.21,150.87,0.2,20.0,0.27,15.0,0.28,10.0,0.78,10.75,0.75,10.0,0.79,155.87,0.8,20.0,0.06,0.01,2357.73719,1776320644000
1776320646.219,246.219,0.24,10.0,0.23,10.0,0.25,5.0,0.26,10.0,0.73,15.0,0.72,16.0,0.77,10.0,0.78,15.0,0.01,0.04,2357.964579,1776320645000
1776320647.195,247.195,0.27,50.73,0.25,20.0,0.28,12.42,0.29,10.0,0.72,16.0,0.71,80.0,0.73,45.73,0.76,10.0,0.01,0.01,2357.964579,1776320645000
1776320647.875,247.875,0.27,44.36,0.26,10.0,0.28,7.42,0.29,10.0,0.72,12.42,0.71,10.0,0.73,49.36,0.75,20.0,0.01,0.01,2358.173644,1776320646000
1776320649.414,249.414,0.29,10.0,0.28,10.0,0.3,102.06,0.31,50.0,0.72,7.42,0.71,10.0,0.73,44.36,0.74,10.0,0.01,0.01,2358.244114,1776320648000
1776320649.793,249.793,0.29,10.0,0.28,10.0,0.31,50.0,0.34,67.63,0.7,60.06,0.69,50.0,0.71,100.0,0.72,10.0,0.02,0.01,2358.244114,1776320648000
1776320650.158,250.158,0.3,100.0,0.29,10.0,0.34,67.63,0.35,10.0,0.69,40.0,0.66,67.63,0.71,15.0,0.72,10.0,0.04,0.02,2358.244114,1776320648000
1776320650.444,250.444,0.32,76.95,0.31,15.0,0.34,18.27,0.35,20.0,0.66,18.27,0.65,20.0,0.67,7.88,0.68,85.0,0.02,0.01,2358.2274,1776320649000
1776320650.757,250.757,0.32,82.95,0.31,25.0,0.35,0.29,0.36,60.0,0.66,12.27,0.65,20.0,0.67,3.05,0.68,82.95,0.03,0.01,2358.2274,1776320649000
1776320651.226,251.226,0.3,2.53,0.27,44.36,0.34,20.81,0.35,83.47,0.65,0.29,0.64,60.0,0.68,82.95,0.69,25.0,0.04,0.03,2358.2274,1776320649000
1776320651.438,251.438,0.28,83.88,0.27,44.36,0.29,10.0,0.3,10.0,0.66,20.81,0.65,83.47,0.73,44.36,0.74,103.33,0.01,0.07,2358.2274,1776320649000
1776320651.694,251.694,0.27,114.36,0.25,85.0,0.29,10.0,0.3,10.0,0.71,10.0,0.7,10.0,0.72,63.88,0.73,44.36,0.02,0.01,2358.372149,1776320650000
1776320652.195,252.195,0.23,20.3,0.22,21.0,0.28,17.03,0.29,103.81,0.72,5.03,0.71,10.0,0.73,184.36,0.75,75.0,0.05,0.01,2358.372149,1776320650000
1776320652.44,252.44,0.22,19.72,0.21,21.7,0.24,15.0,0.25,16.0,0.76,15.0,0.75,10.0,0.77,79.49,0.78,21.0,0.02,0.01,2358.451612,1776320651000
1776320652.664,252.664,0.18,13.03,0.17,101.0,0.19,10.0,0.2,22.0,0.79,26.0,0.78,10.0,0.82,16.66,0.83,101.0,0.01,0.03,2358.451612,1776320651000
1776320652.88,252.88,0.18,45.0,0.17,102.66,0.19,4.52,0.2,27.0,0.81,10.0,0.8,22.0,0.82,2.95,0.83,101.0,0.01,0.01,2358.451612,1776320651000
1776320654.733,254.733,0.17,5.0,0.16,31.2,0.2,41.52,0.21,80.0,0.8,24.52,0.79,30.0,0.82,35.0,0.83,102.66,0.03,0.02,2358.334598,1776320653000
1776320655.152,255.152,0.16,31.2,0.15,28.2,0.17,10.11,0.18,15.0,0.81,10.0,0.8,41.52,0.84,31.2,0.85,28.2,0.01,0.03,2358.334598,1776320653000
1776320655.52,255.52,0.16,21.09,0.15,28.2,0.17,10.11,0.18,15.0,0.83,10.11,0.82,15.0,0.84,31.2,0.85,28.2,0.01,0.01,2358.325267,1776320654000
1776320655.905,255.905,0.16,0.55,0.12,70.0,0.17,27.11,0.18,27.0,0.83,10.11,0.82,15.0,0.84,21.09,0.85,28.2,0.01,0.01,2358.325267,1776320654000
1776320656.282,256.282,0.12,43.85,0.1,120.0,0.13,20.0,0.14,10.0,0.87,20.0,0.86,10.0,0.88,45.9,0.9,120.0,0.01,0.01,2358.325267,1776320654000
1776320656.9,256.9,0.12,42.71,0.1,120.0,0.13,10.0,0.14,10.0,0.87,20.0,0.86,10.0,0.88,43.85,0.9,120.0,0.01,0.01,2358.221017,1776320655000
1776320657.192,257.192,0.12,37.71,0.1,120.0,0.13,15.0,0.14,10.0,0.87,10.0,0.86,10.0,0.88,42.71,0.9,120.0,0.01,0.01,2358.221017,1776320655000
1776320657.582,257.582,0.1,36.66,0.09,10.0,0.11,10.0,0.12,80.0,0.87,15.0,0.86,10.0,0.88,37.71,0.9,120.0,0.01,0.01,2358.221017,1776320655000
1776320657.996,257.996,0.06,10.0,0.05,25.94,0.09,20.0,0.1,25.0,0.89,103.0,0.88,121.0,0.92,10.0,0.93,10.0,0.03,0.03,2358.248556,1776320656000
1776320658.288,258.288,0.08,44.66,0.07,10.0,0.09,35.0,0.1,15.0,0.91,20.0,0.9,25.0,0.94,10.0,0.95,25.94,0.01,0.03,2357.933824,1776320657000
1776320658.612,258.612,0.08,58.65,0.07,10.0,0.09,50.0,0.1,15.0,0.91,30.0,0.9,15.0,0.92,39.66,0.93,10.0,0.01,0.01,2357.933824,1776320657000
1776320658.921,258.921,0.07,10.0,0.06,10.0,0.09,70.0,0.1,15.0,0.91,65.0,0.9,15.0,0.92,40.65,0.93,10.0,0.02,0.01,2357.933824,1776320657000
1776320659.474,259.474,0.07,8.92,0.06,10.0,0.08,40.0,0.09,45.0,0.91,70.0,0.9,15.0,0.93,10.0,0.94,10.0,0.01,0.02,2357.933824,1776320657000
1776320661.109,261.109,0.07,3.92,0.06,122.98,0.08,66.0,0.09,45.0,0.92,40.0,0.91,45.0,0.93,8.92,0.94,10.0,0.01,0.01,2357.66552,1776320659000
1776320661.923,261.923,0.06,8.92,0.05,25.94,0.08,269.0,0.09,67.0,0.92,66.0,0.91,45.0,0.93,3.92,0.94,122.98,0.02,0.01,2357.47775,1776320660000
1776320662.727,262.727,0.06,3.92,0.05,25.94,0.07,15.0,0.08,271.0,0.92,269.0,0.91,67.0,0.94,8.92,0.95,25.94,0.01,0.02,2357.45991,1776320661000
1776320663.201,263.201,0.05,25.94,0.04,10.0,0.07,15.0,0.08,271.0,0.93,20.0,0.92,271.0,0.94,1.79,0.95,25.94,0.02,0.01,2357.43334,1776320662000
1776320663.836,263.836,0.06,4.68,0.05,25.94,0.07,46.0,0.08,271.0,0.93,15.0,0.92,271.0,0.95,25.94,0.96,10.0,0.01,0.02,2357.43334,1776320662000
1776320664.299,264.299,0.05,25.94,0.04,10.0,0.07,62.0,0.08,271.0,0.93,46.0,0.92,271.0,0.94,4.68,0.95,25.94,0.02,0.01,2357.41044,1776320663000
1776320664.763,264.763,0.05,20.94,0.04,10.0,0.06,45.0,0.07,139.0,0.93,62.0,0.92,271.0,0.95,25.94,0.96,10.0,0.01,0.02,2357.41044,1776320663000
1776320665.01,265.01,0.05,13.66,0.04,10.0,0.06,45.0,0.07,134.0,0.94,45.0,0.93,139.0,0.95,20.94,0.96,10.0,0.01,0.01,2357.41044,1776320663000
1776320665.403,265.403,0.04,8.15,0.03,15.0,0.06,112.69,0.07,146.0,0.94,45.0,0.93,134.0,0.95,13.66,0.96,10.0,0.02,0.01,2357.416126,1776320664000
1776320666.326,266.326,0.04,2.87,0.03,15.0,0.05,83.3,0.06,84.3,0.94,112.69,0.93,146.0,0.96,8.15,0.97,15.0,0.01,0.02,2357.410643,1776320665000
1776320668.091,268.091,0.04,7.87,0.03,15.0,0.06,45.0,0.07,55.99,0.95,83.3,0.94,84.3,0.96,2.87,0.97,15.0,0.02,0.01,2357.362422,1776320667000
1776320668.557,268.557,0.05,1.92,0.04,2.87,0.07,60.69,0.08,241.0,0.94,45.0,0.93,55.99,0.95,1.92,0.96,2.87,0.02,0.01,2357.362422,1776320667000
1776320668.987,268.987,0.03,9.41,0.02,325.68,0.06,10.0,0.07,60.69,0.93,60.69,0.92,241.0,0.95,1.92,0.96,2.87,0.03,0.02,2357.384489,1776320668000
1776320670.713,270.713,0.04,3.95,0.03,34.41,0.05,20.0,0.06,10.0,0.94,10.0,0.93,65.69,0.96,5.0,0.97,9.41,0.01,0.02,2357.440357,1776320669000
1776320672.127,272.127,0.03,9.41,0.02,346.39,0.05,30.0,0.06,15.0,0.95,20.0,0.94,10.0,0.96,3.95,0.97,34.41,0.02,0.01,2357.483,1776320670000
1776320673.296,273.296,0.03,14.41,0.02,346.39,0.06,15.82,0.07,48.3,0.95,30.0,0.94,15.0,0.97,9.41,0.98,346.39,0.03,0.02,2357.51795,1776320671000
1776320673.858,273.858,0.04,1.34,0.03,9.41,0.06,51.82,0.07,48.3,0.94,30.82,0.93,48.3,0.96,8.95,0.97,9.41,0.02,0.02,2357.556245,1776320672000
1776320674.424,274.424,0.05,20.0,0.04,10.0,0.08,258.2,0.09,84.0,0.94,51.82,0.93,48.3,0.97,9.41,0.98,530.39,0.03,0.03,2357.554525,1776320673000
1776320675.228,275.228,0.06,4.69,0.05,15.0,0.08,204.3,0.09,40.0,0.92,189.3,0.91,40.0,0.95,20.0,0.96,10.0,0.02,0.03,2357.556775,1776320674000
1776320676.448,276.448,0.05,10.0,0.04,15.0,0.07,13.98,0.08,202.3,0.92,204.3,0.91,40.0,0.94,4.69,0.95,15.0,0.02,0.02,2357.694785,1776320675000
1776320677.008,277.008,0.05,5.0,0.04,10.0,0.07,8.98,0.08,219.99,0.93,13.98,0.92,202.3,0.95,10.0,0.96,15.0,0.02,0.02,2357.694785,1776320675000
1776320678.199,278.199,0.05,5.0,0.04,10.0,0.06,10.0,0.07,8.98,0.93,8.98,0.92,219.99,0.95,5.0,0.96,10.0,0.01,0.02,2357.694785,1776320675000
1776320678.733,278.733,0.05,5.0,0.04,10.0,0.07,27.28,0.08,211.0,0.94,10.0,0.93,8.98,0.95,5.0,0.96,10.0,0.02,0.01,2357.782965,1776320677000
1776320681.277,281.277,0.04,10.0,0.03,9.41,0.06,54.3,0.07,133.28,0.93,27.28,0.92,211.0,0.95,5.0,0.96,10.0,0.02,0.02,2357.820155,1776320679000
1776320681.745,281.745,0.04,5.0,0.03,9.41,0.05,115.3,0.06,99.3,0.94,54.3,0.93,133.28,0.96,10.0,0.97,9.41,0.01,0.02,2357.853875,1776320680000
1776320682.094,282.094,0.03,4.41,0.02,112.69,0.04,56.0,0.05,41.0,0.95,167.3,0.94,99.3,0.97,9.41,0.98,112.69,0.01,0.02,2357.853875,1776320680000
1776320682.892,282.892,0.03,9.41,0.02,112.69,0.04,102.36,0.05,55.0,0.96,107.36,0.95,55.0,0.97,14.41,0.98,112.69,0.01,0.01,2357.853925,1776320681000
1776320683.418,283.418,0.02,112.69,0.01,1932.69,0.04,138.83,0.05,55.0,0.96,102.36,0.95,55.0,0.97,9.41,0.98,112.69,0.02,0.01,2357.797805,1776320682000
1776320684.597,284.597,0.02,102.69,0.01,1932.69,0.03,90.78,0.04,57.06,0.97,5.0,0.96,138.83,0.98,107.69,0.99,1932.69,0.01,0.01,2357.547495,1776320683000
1776320685.599,285.599,0.02,7.0,0.01,1832.69,0.03,85.78,0.04,57.06,0.97,90.78,0.96,57.06,0.98,6.69,0.99,1932.69,0.01,0.01,2357.531145,1776320684000
1776320686.033,286.033,0.01,1832.69,,,0.02,88.61,0.03,80.78,0.97,85.78,0.96,57.06,0.98,7.0,0.99,1832.69,0.01,0.01,2357.531145,1776320684000
1776320686.816,286.816,0.01,1910.69,,,0.02,139.39,0.03,80.78,0.98,88.61,0.97,80.78,0.99,1832.69,,,0.01,0.01,2357.41493,1776320685000
1776320687.221,287.221,0.01,1890.49,,,0.02,139.39,0.03,80.78,0.98,139.39,0.97,80.78,0.99,1910.69,,,0.01,0.01,2357.41493,1776320685000
1776320688.266,288.266,0.01,1885.43,,,0.02,90.39,0.03,80.78,0.98,139.39,0.97,80.78,0.99,1885.43,,,0.01,0.01,2357.39511,1776320686000
1776320689.455,289.455,0.01,1880.43,,,0.02,113.6,0.03,80.78,0.98,90.39,0.97,80.78,0.99,1885.43,,,0.01,0.01,2357.394555,1776320688000
1776320689.803,289.803,0.01,1710.37,,,0.02,113.6,0.03,64.0,0.98,113.6,0.97,80.78,0.99,1880.43,,,0.01,0.01,2357.394555,1776320688000
1776320690.263,290.263,0.01,1191.37,,,0.02,130.59,0.03,64.0,0.98,113.6,0.97,64.0,0.99,1710.37,,,0.01,0.01,2357.394555,1776320688000
1776320690.534,290.534,0.01,1159.85,,,0.02,130.59,0.03,59.0,0.98,130.59,0.97,64.0,0.99,1191.37,,,0.01,0.01,2357.394555,1776320688000
1776320690.86,290.86,0.01,152.79,,,0.02,125.59,0.03,54.0,0.98,130.59,0.97,59.0,0.99,1147.79,,,0.01,0.01,2357.387205,1776320689000
1776320691.193,291.193,,,,,0.01,4.94,0.02,125.59,0.98,125.59,0.97,54.0,0.99,150.25,,,,0.01,2357.387205,1776320689000
1776320691.918,291.918,,,,,0.01,543.97,0.02,149.59,0.99,4.94,0.98,125.59,,,,,,,2357.39157,1776320690000
1776320692.119,292.119,,,,,0.01,552.91,0.02,149.59,0.99,547.91,0.98,149.59,,,,,,,2357.39157,1776320690000
1776320692.691,292.691,,,,,0.01,1024.07,0.02,149.59,0.99,552.91,0.98,149.59,,,,,,,2357.391585,1776320691000
1776320700.196,300.196,,,,,0.01,52987.98,0.02,155.61,0.99,1024.07,0.98,149.59,,,,,,,2357.35745,1776320698000

# RESULT,winner=Down,slug=eth-updown-5m-1776320400,ticks=284
