timestamp,elapsed_sec,up_bid_p1,up_bid_s1,up_bid_p2,up_bid_s2,up_ask_p1,up_ask_s1,up_ask_p2,up_ask_s2,down_bid_p1,down_bid_s1,down_bid_p2,down_bid_s2,down_ask_p1,down_ask_s1,down_ask_p2,down_ask_s2,up_spread,down_spread,eth_price,eth_oracle_ts
1776351600.74,0.74,0.47,61.51,0.46,70.0,0.5,19.1,0.51,13.9,0.5,14.1,0.49,13.9,0.54,150.0,0.6,38.0,0.03,0.04,2310.45181,1776351599000
1776351602.146,2.146,0.55,27.0,0.48,15.0,0.56,5.0,0.57,5.0,0.5,19.1,0.49,13.9,0.53,61.51,0.54,70.0,0.01,0.03,2310.341502,1776351600000
1776351602.896,2.896,0.55,16.14,0.52,5.0,0.56,10.0,0.57,5.0,0.44,5.0,0.43,5.0,0.45,27.0,0.52,15.0,0.01,0.01,2310.198485,1776351601000
1776351604.0,4.0,0.55,12.6,0.45,90.88,0.56,150.0,0.57,85.0,0.44,10.0,0.43,5.0,0.45,12.6,0.48,5.0,0.01,0.01,2310.170486,1776351602000
1776351604.472,4.472,0.44,3.88,0.43,5.0,0.46,20.0,0.47,20.0,0.44,150.0,0.43,85.0,0.55,90.88,0.56,70.0,0.02,0.11,2310.170486,1776351602000
1776351605.332,5.332,0.43,5.0,0.42,5.0,0.44,12.0,0.45,20.0,0.54,20.0,0.53,20.0,0.56,3.88,0.57,5.0,0.01,0.02,2310.438943,1776351604000
1776351605.676,5.676,0.42,65.0,0.41,75.0,0.43,26.13,0.44,7.0,0.56,12.0,0.55,20.0,0.57,5.0,0.58,5.0,0.01,0.01,2310.438943,1776351604000
1776351606.749,6.749,0.42,41.79,0.41,75.0,0.43,15.0,0.44,12.0,0.57,26.13,0.56,7.0,0.58,65.0,0.59,75.0,0.01,0.01,2309.861708,1776351605000
1776351608.28,8.28,0.39,4.67,0.38,103.0,0.4,15.0,0.41,35.0,0.57,15.0,0.56,12.0,0.58,10.06,0.59,75.0,0.01,0.01,2309.722904,1776351606000
1776351608.745,8.745,0.37,7.1,0.36,5.5,0.39,51.0,0.4,15.0,0.61,15.0,0.6,34.2,0.62,29.1,0.63,65.0,0.02,0.01,2309.564898,1776351607000
1776351609.416,9.416,0.36,30.5,0.35,25.0,0.37,0.86,0.38,10.0,0.61,51.0,0.6,15.0,0.63,0.75,0.64,5.5,0.01,0.02,2309.53379,1776351608000
1776351609.671,9.671,0.36,10.5,0.34,15.0,0.38,5.86,0.39,60.0,0.63,0.86,0.62,10.0,0.64,30.5,0.65,25.0,0.02,0.01,2309.53379,1776351608000
1776351610.42,10.42,0.37,30.0,0.36,15.5,0.38,4.8,0.39,30.0,0.62,4.8,0.61,35.0,0.64,20.5,0.66,15.0,0.01,0.02,2309.396598,1776351609000
1776351610.66,10.66,0.37,99.0,0.36,20.5,0.39,20.0,0.41,40.0,0.61,30.0,0.6,10.0,0.63,30.0,0.64,15.5,0.02,0.02,2309.396598,1776351609000
1776351610.886,10.886,0.38,39.0,0.37,89.0,0.39,5.0,0.4,10.0,0.59,50.0,0.58,10.0,0.62,49.0,0.63,99.0,0.01,0.03,2309.396598,1776351609000
1776351611.098,11.098,0.39,118.76,0.37,70.0,0.41,38.78,0.42,10.0,0.6,10.0,0.59,50.0,0.61,48.76,0.63,70.0,0.02,0.01,2309.075367,1776351610000
1776351611.454,11.454,0.39,118.84,0.38,5.0,0.4,5.5,0.41,39.28,0.6,10.0,0.59,23.78,0.61,113.84,0.62,5.0,0.01,0.01,2309.075367,1776351610000
1776351611.735,11.735,0.39,118.84,0.38,122.0,0.42,10.0,0.43,30.0,0.6,5.5,0.59,39.28,0.61,118.84,0.62,5.0,0.03,0.01,2309.075367,1776351610000
1776351612.406,12.406,0.39,35.84,0.38,10.0,0.4,189.0,0.41,96.5,0.58,10.0,0.57,30.0,0.61,118.84,0.62,122.0,0.01,0.03,2309.236412,1776351611000
1776351613.336,13.336,0.39,26.28,0.38,10.0,0.4,181.5,0.41,96.5,0.6,189.0,0.59,96.5,0.61,30.84,0.62,10.0,0.01,0.01,2309.213823,1776351612000
1776351613.587,13.587,0.39,23.13,0.38,10.0,0.4,4.0,0.41,96.5,0.6,64.5,0.59,96.5,0.61,23.13,0.62,10.0,0.01,0.01,2309.213823,1776351612000
1776351614.678,14.678,0.42,4.82,0.41,5.0,0.43,32.0,0.44,230.5,0.6,4.0,0.59,96.5,0.61,23.13,0.62,10.0,0.01,0.01,2309.211108,1776351613000
1776351615.131,15.131,0.41,17.0,0.4,135.0,0.43,159.0,0.44,123.5,0.57,32.0,0.56,230.5,0.58,4.82,0.59,5.0,0.02,0.01,2309.211108,1776351613000
1776351615.893,15.893,0.41,37.17,0.4,145.5,0.42,20.0,0.43,159.0,0.57,159.0,0.56,123.5,0.59,17.0,0.6,135.0,0.01,0.02,2309.11277,1776351614000
1776351616.341,16.341,0.4,80.0,0.39,165.63,0.41,44.83,0.42,219.0,0.58,20.0,0.57,159.0,0.59,37.17,0.6,145.5,0.01,0.01,2309.248904,1776351615000
1776351617.072,17.072,0.4,248.5,0.39,48.63,0.42,27.0,0.43,23.0,0.59,44.83,0.58,219.0,0.6,80.0,0.61,165.63,0.02,0.01,2309.248904,1776351615000
1776351617.659,17.659,0.41,52.41,0.4,100.5,0.42,17.0,0.43,23.0,0.58,27.0,0.57,28.0,0.6,248.5,0.61,48.63,0.01,0.02,2309.323967,1776351616000
1776351619.491,19.491,0.42,94.5,0.41,177.41,0.44,150.0,0.45,60.0,0.57,28.0,0.56,117.0,0.59,179.41,0.6,105.5,0.02,0.02,2309.352388,1776351618000
1776351620.768,20.768,0.42,41.5,0.41,142.5,0.44,150.0,0.45,60.0,0.56,150.0,0.55,60.0,0.58,94.5,0.59,177.41,0.02,0.02,2309.34978,1776351619000
1776351624.57,24.57,0.48,10.0,0.46,15.5,0.5,56.2,0.51,35.51,0.56,150.0,0.55,60.0,0.58,41.5,0.59,142.5,0.02,0.02,2310.071052,1776351623000
1776351625.32,25.32,0.47,132.58,0.46,132.5,0.5,111.0,0.51,222.09,0.51,17.07,0.5,147.0,0.53,10.0,0.54,25.5,0.03,0.02,2310.360715,1776351624000
1776351625.724,25.724,0.49,22.88,0.48,10.0,0.5,166.31,0.51,115.3,0.5,111.0,0.49,222.09,0.53,132.58,0.54,132.5,0.01,0.03,2310.360715,1776351624000
1776351626.485,26.485,0.49,39.38,0.48,142.5,0.5,50.31,0.51,5.09,0.5,166.31,0.49,115.3,0.51,22.88,0.52,10.0,0.01,0.01,2310.219286,1776351625000
1776351626.686,26.686,0.52,15.0,0.51,24.81,0.53,54.33,0.54,166.0,0.47,64.33,0.46,166.0,0.5,16.0,0.51,37.38,0.01,0.03,2310.219286,1776351625000
1776351627.019,27.019,0.58,65.0,0.56,208.0,0.6,11.0,0.61,105.0,0.47,54.33,0.46,166.0,0.48,15.0,0.49,24.81,0.02,0.01,2310.219286,1776351625000
1776351627.289,27.289,0.6,15.0,0.59,10.0,0.62,5.0,0.63,125.0,0.37,125.0,0.36,30.5,0.4,15.0,0.41,10.0,0.02,0.03,2310.219286,1776351625000
1776351627.898,27.898,0.62,2.92,0.61,10.0,0.63,247.0,0.64,30.5,0.37,242.0,0.36,30.5,0.39,5.0,0.4,15.0,0.01,0.02,2310.12721,1776351626000
1776351628.356,28.356,0.63,18.67,0.62,15.0,0.64,10.5,0.66,147.0,0.37,102.0,0.36,30.5,0.4,122.0,0.41,38.5,0.01,0.03,2310.239695,1776351627000
1776351628.862,28.862,0.63,50.0,0.62,25.5,0.64,79.03,0.65,5.0,0.36,10.5,0.34,147.0,0.37,18.67,0.38,15.0,0.01,0.01,2310.239695,1776351627000
1776351629.116,29.116,0.63,89.2,0.62,25.5,0.64,73.53,0.65,122.0,0.36,79.03,0.35,5.0,0.37,50.0,0.38,25.5,0.01,0.01,2311.064906,1776351628000
1776351630.736,30.736,0.63,64.23,0.62,142.5,0.64,68.45,0.65,117.0,0.36,68.45,0.35,122.0,0.37,81.49,0.38,25.5,0.01,0.01,2311.412959,1776351629000
1776351631.812,31.812,0.63,5.0,0.62,10.0,0.64,98.45,0.65,5.0,0.36,68.45,0.35,117.0,0.37,64.23,0.38,142.5,0.01,0.01,2311.499765,1776351630000
1776351632.133,32.133,0.61,5.0,0.6,10.0,0.62,5.0,0.64,108.45,0.36,98.45,0.35,5.0,0.39,20.0,0.4,10.0,0.01,0.03,2311.499765,1776351630000
1776351632.42,32.42,0.61,10.0,0.6,10.0,0.62,3.87,0.64,113.45,0.38,5.0,0.36,108.45,0.39,5.0,0.4,10.0,0.01,0.01,2311.499765,1776351630000
1776351632.942,32.942,0.61,7.17,0.6,10.0,0.62,83.0,0.63,117.0,0.38,25.87,0.36,167.0,0.41,10.0,0.42,75.0,0.01,0.03,2311.499765,1776351630000
1776351633.186,33.186,0.61,157.01,0.6,157.75,0.62,89.13,0.63,5.0,0.38,83.0,0.37,117.0,0.39,7.17,0.4,10.0,0.01,0.01,2311.499765,1776351630000
1776351633.424,33.424,0.61,149.98,0.6,157.75,0.62,79.13,0.63,5.0,0.38,89.13,0.37,5.0,0.39,139.98,0.4,157.75,0.01,0.01,2311.499765,1776351630000
1776351633.691,33.691,0.62,175.1,0.61,160.48,0.63,3.41,0.64,78.01,0.37,3.41,0.36,78.01,0.38,56.0,0.39,165.48,0.01,0.01,2311.499765,1776351630000
1776351634.07,34.07,0.62,6.39,0.61,17.17,0.63,28.41,0.64,78.01,0.37,3.41,0.36,78.01,0.38,175.1,0.39,160.48,0.01,0.01,2311.522193,1776351632000
1776351634.474,34.474,0.62,7.1,0.61,17.17,0.63,83.91,0.64,98.51,0.37,53.41,0.36,205.01,0.39,17.17,0.4,137.5,0.01,0.02,2311.522193,1776351632000
1776351635.258,35.258,0.62,3.33,0.61,198.18,0.63,58.41,0.64,78.01,0.37,83.91,0.36,98.51,0.38,7.1,0.39,17.17,0.01,0.01,2311.378962,1776351634000
1776351637.185,37.185,0.62,13.29,0.61,228.68,0.63,20.0,0.65,44.0,0.37,48.41,0.36,78.01,0.38,0.69,0.39,213.68,0.01,0.01,2311.35078,1776351636000
1776351637.475,37.475,0.64,15.0,0.63,35.5,0.65,132.0,0.66,10.0,0.37,20.0,0.35,44.0,0.38,13.29,0.39,228.68,0.01,0.01,2311.35078,1776351636000
1776351637.827,37.827,0.64,12.22,0.63,35.5,0.65,137.0,0.66,83.74,0.35,132.0,0.34,10.0,0.36,15.0,0.37,35.5,0.01,0.01,2311.35078,1776351636000
1776351640.954,40.954,0.7,5.46,0.69,10.0,0.71,75.0,0.72,138.0,0.35,137.0,0.34,83.74,0.36,12.22,0.37,35.5,0.01,0.01,2311.685787,1776351639000
1776351641.753,41.753,0.69,14.83,0.68,16.0,0.71,183.0,0.72,28.29,0.29,75.0,0.28,138.0,0.3,5.46,0.31,10.0,0.02,0.01,2311.693075,1776351640000
1776351642.51,42.51,0.69,56.33,0.68,143.5,0.71,50.0,0.72,28.29,0.29,183.0,0.28,28.29,0.31,14.83,0.32,16.0,0.02,0.02,2311.744996,1776351641000
1776351642.823,42.823,0.71,10.68,0.7,25.5,0.72,28.29,0.73,184.0,0.28,28.29,0.27,184.0,0.29,16.2,0.3,25.5,0.01,0.01,2311.744996,1776351641000
1776351643.111,43.111,0.71,10.68,0.7,142.5,0.72,16.79,0.73,50.0,0.28,28.29,0.27,184.0,0.29,5.68,0.3,25.5,0.01,0.01,2312.10914,1776351642000
1776351643.523,43.523,0.73,15.0,0.72,15.0,0.75,122.0,0.76,5.0,0.27,50.0,0.26,7.0,0.29,15.68,0.3,142.5,0.02,0.02,2312.10914,1776351642000
1776351644.061,44.061,0.73,25.77,0.72,142.5,0.74,0.71,0.75,122.0,0.26,6.2,0.25,122.0,0.27,46.77,0.28,132.0,0.01,0.01,2312.206193,1776351643000
1776351644.703,44.703,0.72,64.5,0.68,42.0,0.74,35.0,0.76,60.5,0.26,0.71,0.25,122.0,0.27,25.77,0.28,142.5,0.02,0.01,2312.206193,1776351643000
1776351644.999,44.999,0.68,0.34,0.67,10.0,0.73,100.0,0.74,85.0,0.26,85.0,0.25,70.0,0.28,29.47,0.32,6.0,0.05,0.02,2312.304413,1776351644000
1776351645.328,45.328,0.68,0.34,0.67,10.0,0.73,93.05,0.74,130.0,0.27,100.0,0.26,85.0,0.32,0.34,0.33,10.0,0.05,0.05,2312.304413,1776351644000
1776351645.642,45.642,0.71,10.0,0.7,10.0,0.73,104.05,0.74,131.0,0.27,93.05,0.26,130.0,0.33,10.0,0.34,16.0,0.02,0.06,2312.304413,1776351644000
1776351645.892,45.892,0.72,8.46,0.71,10.0,0.73,226.05,0.74,126.0,0.27,104.05,0.26,131.0,0.29,10.0,0.3,10.0,0.01,0.02,2312.304413,1776351644000
1776351646.171,46.171,0.72,6.07,0.71,10.0,0.73,231.05,0.74,131.0,0.27,231.05,0.26,131.0,0.3,10.0,0.31,10.0,0.01,0.03,2312.467779,1776351645000
1776351646.523,46.523,0.71,6.2,0.7,10.0,0.72,91.76,0.73,251.05,0.27,241.05,0.26,131.0,0.28,0.89,0.29,10.0,0.01,0.01,2312.467779,1776351645000
1776351646.895,46.895,0.7,6.33,0.69,10.0,0.71,9.71,0.72,218.76,0.29,4.71,0.28,218.76,0.31,10.0,0.32,10.0,0.01,0.02,2312.467779,1776351645000
1776351647.244,47.244,0.7,7.66,0.69,10.0,0.71,5.0,0.72,220.76,0.29,9.71,0.28,218.76,0.3,6.33,0.31,10.0,0.01,0.01,2312.196574,1776351646000
1776351647.62,47.62,0.7,8.99,0.69,20.0,0.71,25.0,0.72,101.76,0.29,5.0,0.28,220.76,0.3,7.66,0.31,10.0,0.01,0.01,2312.196574,1776351646000
1776351647.964,47.964,0.7,15.32,0.69,147.5,0.71,25.0,0.72,101.76,0.29,25.0,0.28,101.76,0.3,8.99,0.31,20.0,0.01,0.01,2312.196574,1776351646000
1776351648.922,48.922,0.69,62.17,0.67,35.5,0.71,396.38,0.72,39.5,0.29,25.0,0.28,101.76,0.3,15.32,0.31,147.5,0.02,0.01,2312.113964,1776351647000
1776351649.422,49.422,0.69,202.65,0.68,10.0,0.7,17.0,0.71,127.88,0.3,10.0,0.29,401.38,0.31,45.2,0.33,35.5,0.01,0.01,2312.090295,1776351648000
1776351649.669,49.669,0.69,28.0,0.68,127.0,0.7,10.0,0.71,55.0,0.3,22.0,0.29,127.88,0.31,156.19,0.32,10.0,0.01,0.01,2312.090295,1776351648000
1776351650.251,50.251,0.66,10.0,0.65,25.0,0.67,53.53,0.68,205.0,0.3,10.0,0.29,55.0,0.31,28.0,0.32,127.0,0.01,0.01,2312.146739,1776351649000
1776351652.771,52.771,0.65,120.67,0.64,60.0,0.66,71.0,0.67,50.53,0.33,53.53,0.32,205.0,0.34,10.0,0.35,25.0,0.01,0.01,2311.757344,1776351651000
1776351653.192,53.192,0.64,114.22,0.63,35.5,0.66,71.0,0.67,45.53,0.34,71.0,0.33,50.53,0.35,120.67,0.36,60.0,0.02,0.01,2311.756242,1776351652000
1776351653.88,53.88,0.65,27.35,0.64,134.72,0.66,89.99,0.67,22.0,0.34,71.0,0.33,45.53,0.36,114.22,0.37,35.5,0.01,0.02,2311.756242,1776351652000
1776351654.729,54.729,0.65,1.92,0.64,145.97,0.66,83.99,0.67,148.3,0.34,61.99,0.33,12.0,0.36,139.97,0.37,63.5,0.01,0.02,2311.750013,1776351653000
1776351655.053,55.053,0.65,176.17,0.64,26.75,0.66,49.99,0.67,16.3,0.34,83.99,0.33,148.3,0.35,1.92,0.36,145.97,0.01,0.01,2311.750013,1776351653000
1776351655.416,55.416,0.65,194.92,0.64,62.25,0.69,96.19,0.7,37.1,0.34,49.99,0.33,16.3,0.35,176.17,0.36,26.75,0.04,0.01,2311.694779,1776351654000
1776351657.517,57.517,0.65,140.94,0.64,20.5,0.66,65.98,0.67,5.0,0.31,106.19,0.3,37.1,0.33,11.96,0.34,15.0,0.01,0.02,2311.834509,1776351656000
1776351657.976,57.976,0.65,138.85,0.64,30.5,0.66,55.98,0.67,10.0,0.34,55.98,0.33,5.0,0.35,174.05,0.36,30.5,0.01,0.01,2311.834509,1776351656000
1776351658.186,58.186,0.65,143.42,0.64,41.75,0.66,55.98,0.67,15.0,0.34,55.98,0.33,10.0,0.35,138.85,0.36,30.5,0.01,0.01,2311.810736,1776351657000
1776351658.51,58.51,0.65,36.85,0.64,147.5,0.66,55.98,0.67,132.0,0.34,55.98,0.33,15.0,0.35,143.42,0.36,41.75,0.01,0.01,2311.810736,1776351657000
1776351660.314,60.314,0.65,9.87,0.64,30.5,0.66,225.98,0.67,40.5,0.34,55.98,0.33,132.0,0.35,36.85,0.36,147.5,0.01,0.01,2311.83454,1776351659000
1776351661.052,61.052,0.65,25.5,0.64,251.5,0.66,12.93,0.67,20.0,0.34,156.45,0.33,40.5,0.35,9.87,0.36,30.5,0.01,0.01,2311.83454,1776351659000
1776351662.384,62.384,0.65,253.7,0.64,137.75,0.66,1.41,0.68,20.0,0.34,12.93,0.33,20.0,0.35,25.5,0.36,251.5,0.01,0.01,2311.88279,1776351660000
1776351663.189,63.189,0.68,85.5,0.67,205.5,0.69,90.0,0.7,10.0,0.32,20.0,0.31,90.0,0.35,248.7,0.36,137.75,0.01,0.03,2311.803582,1776351661000
1776351665.211,65.211,0.67,60.5,0.66,148.5,0.68,8.0,0.69,162.0,0.31,90.0,0.3,10.0,0.32,85.5,0.33,205.5,0.01,0.01,2312.132946,1776351664000
1776351667.754,67.754,0.65,13.2,0.64,10.0,0.66,14.48,0.67,87.5,0.32,8.0,0.31,162.0,0.33,60.5,0.34,148.5,0.01,0.01,2311.97493,1776351666000
1776351668.206,68.206,0.65,25.77,0.63,70.0,0.66,251.87,0.67,36.5,0.34,19.48,0.33,92.5,0.36,10.0,0.37,70.0,0.01,0.02,2311.976833,1776351667000
1776351669.344,69.344,0.58,190.0,0.57,85.0,0.59,10.0,0.6,10.0,0.34,283.87,0.33,106.5,0.38,125.0,0.39,90.0,0.01,0.04,2311.526424,1776351668000
1776351669.815,69.815,0.54,23.08,0.53,80.25,0.55,43.0,0.56,10.0,0.41,15.0,0.4,10.0,0.43,85.0,0.44,60.0,0.01,0.02,2311.526424,1776351668000
1776351670.082,70.082,0.54,84.92,0.53,75.0,0.55,78.0,0.56,24.0,0.45,43.0,0.44,10.0,0.46,23.08,0.47,80.25,0.01,0.01,2311.526424,1776351668000
1776351670.56,70.56,0.53,231.0,0.52,169.24,0.54,2.61,0.55,24.0,0.45,78.0,0.44,24.0,0.46,84.92,0.47,75.0,0.01,0.01,2310.720631,1776351669000
1776351672.4,72.4,0.5,25.53,0.49,189.0,0.51,13.03,0.52,70.0,0.45,32.06,0.44,15.0,0.47,80.0,0.48,169.24,0.01,0.02,2310.27989,1776351671000
1776351673.056,73.056,0.49,199.5,0.48,15.0,0.5,68.0,0.51,31.03,0.49,18.03,0.48,70.0,0.51,189.0,0.52,15.0,0.01,0.02,2310.27989,1776351671000
1776351674.344,74.344,0.5,35.5,0.49,219.5,0.51,12.35,0.52,10.0,0.5,68.0,0.49,31.03,0.51,199.5,0.52,15.0,0.01,0.01,2310.213059,1776351673000
1776351674.781,74.781,0.51,0.09,0.5,174.5,0.52,20.42,0.53,50.0,0.49,20.0,0.48,30.42,0.5,174.5,0.51,82.5,0.01,0.01,2310.213059,1776351673000
1776351675.294,75.294,0.51,105.09,0.5,136.5,0.52,15.42,0.53,60.0,0.48,20.42,0.47,50.0,0.49,39.29,0.5,256.5,0.01,0.01,2310.254602,1776351674000
1776351675.51,75.51,0.51,100.09,0.5,136.5,0.52,24.42,0.53,60.0,0.48,15.42,0.47,60.0,0.49,105.09,0.5,136.5,0.01,0.01,2310.254602,1776351674000
1776351679.378,79.378,0.5,25.5,0.49,182.5,0.52,180.0,0.53,80.5,0.48,26.0,0.47,60.0,0.49,60.09,0.5,136.5,0.02,0.01,2310.44018,1776351678000
1776351679.798,79.798,0.51,40.0,0.5,156.5,0.52,20.0,0.53,65.0,0.48,180.0,0.47,80.5,0.5,25.5,0.51,182.5,0.01,0.02,2310.44018,1776351678000
1776351681.907,81.907,0.51,22.0,0.5,35.5,0.52,221.5,0.53,93.5,0.48,20.0,0.47,65.0,0.49,40.0,0.5,156.5,0.01,0.01,2310.447198,1776351680000
1776351684.414,84.414,0.49,82.5,0.48,35.5,0.5,55.77,0.51,200.5,0.48,201.5,0.47,93.5,0.49,5.0,0.5,35.5,0.01,0.01,2310.271117,1776351683000
1776351684.667,84.667,0.49,73.13,0.48,35.5,0.5,60.77,0.51,195.5,0.5,55.77,0.49,200.5,0.51,82.5,0.52,35.5,0.01,0.01,2310.271117,1776351683000
1776351686.487,86.487,0.48,45.5,0.47,150.0,0.5,76.27,0.51,50.5,0.5,60.77,0.49,195.5,0.51,73.13,0.52,35.5,0.02,0.01,2310.172232,1776351685000
1776351689.759,89.759,0.48,170.76,0.47,213.53,0.49,21.72,0.5,131.77,0.5,76.27,0.49,50.5,0.52,45.5,0.53,150.0,0.01,0.02,2310.197292,1776351688000
1776351692.467,92.467,0.46,310.0,0.45,240.5,0.48,190.0,0.49,60.0,0.5,118.47,0.49,20.0,0.52,170.76,0.53,224.17,0.02,0.02,2310.452717,1776351691000
1776351692.987,92.987,0.47,202.7,0.46,320.5,0.49,10.0,0.5,26.0,0.52,190.0,0.51,60.0,0.54,310.0,0.55,240.5,0.02,0.02,2310.452717,1776351691000
1776351694.313,94.313,0.49,50.47,0.48,143.5,0.5,7.72,0.51,48.25,0.5,25.72,0.49,40.5,0.52,153.0,0.53,166.14,0.01,0.02,2310.207318,1776351693000
1776351694.668,94.668,0.49,24.97,0.48,18.0,0.5,23.08,0.51,177.42,0.5,1.92,0.49,48.25,0.51,55.47,0.52,143.5,0.01,0.01,2310.207318,1776351693000
1776351695.302,95.302,0.49,2.36,0.47,28.0,0.5,63.28,0.51,60.71,0.5,23.08,0.49,177.42,0.51,24.97,0.52,18.0,0.01,0.01,2310.398565,1776351694000
1776351695.877,95.877,0.47,15.0,0.46,160.0,0.48,14.62,0.49,149.81,0.5,44.08,0.49,60.71,0.53,10.24,0.54,160.0,0.01,0.03,2310.398565,1776351694000
1776351697.597,97.597,0.46,60.0,0.45,248.5,0.47,44.5,0.48,156.27,0.52,14.62,0.51,149.81,0.53,15.0,0.54,160.0,0.01,0.01,2310.189149,1776351696000
1776351698.849,98.849,0.45,2.36,0.44,265.1,0.46,15.0,0.47,283.5,0.53,44.5,0.52,156.27,0.54,60.0,0.55,248.5,0.01,0.01,2310.120311,1776351697000
1776351699.517,99.517,0.43,160.0,0.42,150.0,0.45,156.5,0.46,125.5,0.55,10.0,0.54,20.0,0.56,146.18,0.57,160.0,0.02,0.01,2310.058854,1776351698000
1776351700.5,100.5,0.42,175.0,0.41,225.0,0.44,45.5,0.45,54.85,0.55,156.5,0.54,125.5,0.57,160.0,0.58,150.0,0.02,0.02,2309.992061,1776351699000
1776351701.103,101.103,0.42,346.5,0.41,275.0,0.43,5.0,0.44,20.0,0.56,45.5,0.55,54.85,0.58,175.0,0.59,225.0,0.01,0.02,2309.992061,1776351699000
1776351701.331,101.331,0.43,10.84,0.42,317.5,0.44,5.0,0.45,10.0,0.56,20.0,0.55,10.0,0.57,10.84,0.58,332.5,0.01,0.01,2309.992061,1776351699000
1776351701.821,101.821,0.44,28.5,0.43,132.5,0.45,21.0,0.46,20.5,0.55,10.0,0.54,35.0,0.57,20.84,0.58,317.5,0.01,0.02,2309.476834,1776351700000
1776351702.561,102.561,0.44,279.5,0.43,122.13,0.45,10.0,0.46,10.0,0.55,21.0,0.54,20.5,0.56,28.5,0.57,132.5,0.01,0.01,2309.476834,1776351701000
1776351702.95,102.95,0.44,260.5,0.43,122.13,0.45,20.77,0.46,10.0,0.55,10.0,0.54,10.0,0.56,279.5,0.57,122.13,0.01,0.01,2309.476834,1776351701000
1776351703.539,103.539,0.44,15.57,0.43,27.13,0.45,45.0,0.46,15.0,0.55,20.77,0.54,10.0,0.56,204.66,0.57,122.13,0.01,0.01,2309.626701,1776351702000
1776351703.747,103.747,0.44,13.62,0.43,144.13,0.45,29.0,0.46,22.49,0.55,45.0,0.54,15.0,0.56,15.57,0.57,27.13,0.01,0.01,2309.626701,1776351702000
1776351704.053,104.053,0.44,43.62,0.43,144.13,0.46,15.0,0.47,140.0,0.55,29.0,0.54,22.49,0.56,17.62,0.57,144.13,0.02,0.01,2309.776913,1776351703000
1776351704.468,104.468,0.42,190.0,0.41,275.0,0.44,115.0,0.45,116.0,0.54,15.0,0.53,140.0,0.56,43.62,0.57,144.13,0.02,0.02,2309.776913,1776351703000
1776351706.809,106.809,0.39,209.93,0.38,280.5,0.41,153.5,0.42,38.5,0.56,115.0,0.55,116.0,0.58,190.0,0.59,275.0,0.02,0.02,2309.815654,1776351705000
1776351707.112,107.112,0.39,209.6,0.38,392.0,0.4,26.0,0.41,20.5,0.59,153.5,0.58,38.5,0.61,209.93,0.62,280.5,0.01,0.02,2309.815654,1776351705000
1776351707.719,107.719,0.39,188.71,0.38,270.0,0.4,421.5,0.41,78.5,0.6,26.0,0.59,20.5,0.61,209.6,0.62,392.0,0.01,0.01,2309.815654,1776351705000
1776351708.542,108.542,0.36,29.37,0.35,407.0,0.37,31.5,0.38,41.5,0.6,485.5,0.59,90.5,0.62,270.0,0.63,120.0,0.01,0.02,2309.56614,1776351706000
1776351708.858,108.858,0.37,148.5,0.36,70.5,0.38,1.07,0.4,20.0,0.62,27.0,0.61,10.0,0.63,15.5,0.64,85.5,0.01,0.01,2309.43161,1776351707000
1776351709.078,109.078,0.38,88.93,0.37,229.78,0.39,10.0,0.4,20.0,0.62,1.07,0.61,10.0,0.63,228.78,0.64,70.5,0.01,0.01,2309.43161,1776351707000
1776351709.824,109.824,0.39,203.53,0.38,154.43,0.4,5.0,0.41,10.0,0.6,17.5,0.59,10.0,0.61,38.53,0.62,152.43,0.01,0.01,2309.412812,1776351708000
1776351710.629,110.629,0.43,32.5,0.42,20.5,0.44,1.48,0.45,50.0,0.59,10.0,0.58,20.5,0.61,208.53,0.62,144.43,0.01,0.02,2309.067357,1776351709000
1776351710.958,110.958,0.43,111.5,0.42,45.5,0.46,10.0,0.47,30.0,0.56,1.48,0.55,50.0,0.57,32.5,0.58,20.5,0.03,0.01,2309.067357,1776351709000
1776351711.576,111.576,0.46,25.0,0.45,25.68,0.47,216.65,0.48,205.5,0.53,157.5,0.52,105.5,0.54,34.53,0.55,20.18,0.01,0.01,2309.509165,1776351710000
1776351712.68,112.68,0.46,10.0,0.45,5.46,0.47,198.58,0.48,150.74,0.53,216.65,0.52,205.5,0.54,25.0,0.55,25.68,0.01,0.01,2309.569714,1776351711000
1776351713.067,113.067,0.43,5.0,0.42,40.5,0.46,175.5,0.47,59.5,0.53,198.58,0.52,150.74,0.54,10.0,0.55,5.46,0.03,0.01,2309.569714,1776351711000
1776351713.674,113.674,0.43,152.0,0.42,277.0,0.45,20.5,0.46,20.5,0.54,175.5,0.53,59.5,0.57,5.0,0.58,40.5,0.02,0.03,2309.916965,1776351712000
1776351714.888,114.888,0.38,10.0,0.36,110.0,0.39,26.5,0.4,35.5,0.55,20.5,0.54,20.5,0.57,152.0,0.58,277.0,0.01,0.02,2309.989257,1776351713000
1776351719.789,119.789,0.36,15.0,0.35,478.5,0.37,2.48,0.38,147.5,0.61,26.5,0.6,35.5,0.62,10.0,0.64,110.0,0.01,0.01,2309.248728,1776351718000
1776351720.872,120.872,0.36,139.87,0.35,537.5,0.37,16.0,0.38,10.0,0.63,2.48,0.62,147.5,0.64,15.0,0.65,478.5,0.01,0.01,2309.179537,1776351719000
1776351721.075,121.075,0.37,6.69,0.36,276.87,0.38,10.0,0.39,30.5,0.62,10.0,0.61,30.5,0.64,291.87,0.65,420.5,0.01,0.02,2309.179537,1776351719000
1776351721.455,121.455,0.37,31.69,0.36,144.37,0.38,15.5,0.39,147.5,0.62,10.0,0.61,30.5,0.63,6.69,0.64,276.87,0.01,0.01,2309.179537,1776351719000
1776351723.959,123.959,0.35,10.0,0.34,247.0,0.36,20.0,0.37,30.5,0.62,15.5,0.61,147.5,0.63,31.69,0.64,144.37,0.01,0.01,2309.237516,1776351722000
1776351726.392,126.392,0.35,45.0,0.34,219.5,0.36,0.08,0.37,167.5,0.64,20.0,0.63,30.5,0.65,10.0,0.66,247.0,0.01,0.01,2309.066952,1776351725000
1776351727.232,127.232,0.41,180.3,0.4,150.0,0.42,95.5,0.43,272.5,0.64,10.0,0.63,147.58,0.65,32.0,0.66,351.5,0.01,0.01,2309.066952,1776351725000
1776351728.1,128.1,0.41,303.37,0.4,200.5,0.43,135.0,0.44,10.0,0.58,212.5,0.57,165.5,0.59,126.35,0.6,163.0,0.02,0.01,2309.08165,1776351727000
1776351729.626,129.626,0.44,40.0,0.43,47.5,0.45,15.77,0.46,137.5,0.57,135.0,0.56,10.0,0.59,303.37,0.6,200.5,0.01,0.02,2309.491541,1776351728000
1776351730.169,130.169,0.44,45.0,0.43,37.0,0.45,39.54,0.46,144.99,0.55,15.77,0.54,137.5,0.56,40.0,0.57,47.5,0.01,0.01,2309.491541,1776351728000
1776351732.634,132.634,0.45,111.5,0.44,182.5,0.47,49.0,0.48,212.0,0.54,27.99,0.53,64.5,0.56,10.0,0.57,22.0,0.02,0.02,2309.88874,1776351731000
1776351733.426,133.426,0.46,50.5,0.45,47.5,0.47,25.1,0.48,222.0,0.53,45.1,0.52,212.0,0.55,111.5,0.56,182.5,0.01,0.02,2309.962445,1776351732000
1776351733.809,133.809,0.46,60.5,0.45,189.5,0.47,0.1,0.48,212.0,0.53,25.1,0.52,222.0,0.54,50.5,0.55,47.5,0.01,0.01,2309.962445,1776351732000
1776351734.116,134.116,0.46,238.7,0.45,60.5,0.48,95.0,0.49,80.0,0.53,0.1,0.52,212.0,0.54,60.5,0.55,189.5,0.02,0.01,2309.962445,1776351732000
1776351734.365,134.365,0.47,102.5,0.46,102.24,0.48,22.0,0.49,80.0,0.52,95.0,0.51,80.0,0.54,238.7,0.55,60.5,0.01,0.02,2309.889223,1776351733000
1776351735.058,135.058,0.47,72.5,0.46,144.85,0.48,3.97,0.49,20.0,0.52,6.06,0.51,20.0,0.53,96.7,0.54,72.24,0.01,0.01,2309.889223,1776351733000
1776351736.333,136.333,0.52,91.5,0.51,60.5,0.54,155.0,0.55,217.0,0.52,3.97,0.51,20.0,0.53,72.5,0.54,144.85,0.02,0.01,2310.195527,1776351735000
1776351737.648,137.648,0.55,8.66,0.54,33.0,0.56,270.24,0.57,263.76,0.46,155.0,0.45,217.0,0.48,91.5,0.49,60.5,0.01,0.02,2310.40769,1776351736000
1776351737.868,137.868,0.54,20.79,0.53,10.0,0.56,350.24,0.57,263.76,0.44,270.24,0.43,263.76,0.45,8.66,0.46,33.0,0.02,0.01,2310.40769,1776351736000
1776351738.226,138.226,0.53,5.0,0.52,10.0,0.54,22.5,0.55,229.42,0.45,91.62,0.44,303.24,0.47,10.0,0.48,10.0,0.01,0.02,2310.675418,1776351737000
1776351738.613,138.613,0.53,30.0,0.52,20.0,0.54,20.42,0.55,217.74,0.46,22.5,0.45,229.42,0.47,5.0,0.48,10.0,0.01,0.01,2310.675418,1776351737000
1776351738.869,138.869,0.53,25.0,0.52,20.0,0.54,78.34,0.55,95.74,0.46,78.34,0.45,217.74,0.47,30.0,0.48,20.0,0.01,0.01,2310.675418,1776351737000
1776351739.388,139.388,0.53,35.0,0.52,20.0,0.54,151.69,0.55,60.74,0.46,76.3,0.45,95.74,0.47,25.0,0.48,20.0,0.01,0.01,2310.675418,1776351737000
1776351740.594,140.594,0.53,40.0,0.52,20.0,0.54,176.73,0.55,38.5,0.46,151.69,0.45,60.74,0.47,35.0,0.48,20.0,0.01,0.01,2310.664311,1776351739000
1776351740.964,140.964,0.52,10.0,0.51,35.0,0.54,246.73,0.55,55.5,0.46,176.73,0.45,38.5,0.47,40.0,0.48,20.0,0.02,0.01,2310.664311,1776351739000
1776351741.39,141.39,0.51,10.0,0.5,80.0,0.54,62.05,0.55,65.5,0.47,5.0,0.46,251.73,0.5,80.0,0.51,35.0,0.03,0.03,2310.47954,1776351740000
1776351741.615,141.615,0.51,7.95,0.5,80.0,0.52,38.5,0.53,40.5,0.46,62.05,0.45,65.5,0.49,10.0,0.5,80.0,0.01,0.03,2310.47954,1776351740000
1776351743.59,143.59,0.51,7.95,0.5,132.0,0.52,109.34,0.53,25.5,0.48,38.5,0.47,40.5,0.49,7.95,0.5,80.0,0.01,0.01,2310.369247,1776351742000
1776351745.49,145.49,0.51,1.33,0.5,137.0,0.52,43.5,0.53,25.5,0.48,99.34,0.47,25.5,0.49,7.95,0.5,132.0,0.01,0.01,2310.329271,1776351744000
1776351746.447,146.447,0.5,127.0,0.49,30.0,0.51,20.5,0.52,76.71,0.48,43.5,0.47,25.5,0.49,1.33,0.5,137.0,0.01,0.01,2310.375374,1776351745000
1776351747.675,147.675,0.49,8.04,0.48,20.0,0.5,338.5,0.51,164.82,0.49,20.5,0.48,76.71,0.5,127.0,0.51,30.0,0.01,0.01,2310.359085,1776351746000
1776351747.899,147.899,0.49,1.04,0.47,197.0,0.5,153.5,0.51,276.71,0.5,153.5,0.49,159.71,0.51,6.04,0.53,197.0,0.01,0.01,2310.359085,1776351746000
1776351748.148,148.148,0.47,197.0,0.46,35.0,0.5,163.5,0.51,276.71,0.5,153.5,0.49,276.71,0.51,1.04,0.53,197.0,0.03,0.01,2310.359085,1776351746000
1776351749.54,149.54,0.47,207.5,0.46,77.5,0.49,4.89,0.5,30.5,0.5,163.5,0.49,276.71,0.53,197.0,0.54,35.0,0.02,0.03,2310.213962,1776351748000
1776351751.944,151.944,0.48,25.0,0.47,239.36,0.49,5.0,0.5,45.5,0.51,4.89,0.5,30.5,0.53,203.72,0.54,77.5,0.01,0.02,2310.073409,1776351750000
1776351754.436,154.436,0.49,10.0,0.48,25.0,0.5,50.5,0.51,147.5,0.51,5.0,0.5,45.5,0.52,25.0,0.53,239.36,0.01,0.01,2310.103558,1776351753000
1776351755.801,155.801,0.49,13.03,0.48,20.0,0.5,48.5,0.51,147.5,0.5,50.5,0.49,147.5,0.51,8.03,0.52,25.0,0.01,0.01,2310.124094,1776351754000
1776351756.081,156.081,0.49,3.22,0.48,30.0,0.5,78.5,0.51,167.5,0.5,48.5,0.49,147.5,0.51,13.03,0.52,20.0,0.01,0.01,2310.124094,1776351754000
1776351756.929,156.929,0.48,23.54,0.47,243.72,0.5,53.5,0.51,167.5,0.5,78.5,0.49,167.5,0.51,3.22,0.52,30.0,0.02,0.01,2310.195665,1776351755000
1776351758.799,158.799,0.48,5.0,0.47,198.22,0.49,39.68,0.5,170.5,0.5,53.5,0.49,167.5,0.52,23.54,0.53,243.72,0.01,0.02,2310.139823,1776351757000
1776351759.232,159.232,0.48,5.0,0.47,198.22,0.49,41.56,0.5,185.5,0.51,39.68,0.5,170.5,0.52,5.0,0.53,198.22,0.01,0.01,2310.139823,1776351757000
1776351759.507,159.507,0.47,81.22,0.46,50.0,0.49,97.06,0.5,84.5,0.51,41.56,0.5,185.5,0.52,5.0,0.53,198.22,0.02,0.01,2310.150223,1776351758000
1776351760.487,160.487,0.49,20.0,0.48,10.0,0.51,35.0,0.52,30.0,0.51,97.06,0.5,84.5,0.53,81.22,0.54,50.0,0.02,0.02,2310.13889,1776351759000
1776351760.834,160.834,0.51,7.95,0.5,15.0,0.52,30.0,0.53,139.0,0.49,0.68,0.48,30.0,0.5,10.0,0.51,15.0,0.01,0.01,2310.13889,1776351759000
1776351761.037,161.037,0.51,5.82,0.5,10.0,0.52,63.0,0.53,22.0,0.48,30.0,0.47,139.0,0.49,7.95,0.5,15.0,0.01,0.01,2310.13889,1776351759000
1776351761.602,161.602,0.51,6.32,0.5,147.5,0.52,81.0,0.53,97.0,0.48,63.0,0.47,22.0,0.49,5.82,0.5,10.0,0.01,0.01,2309.98365,1776351760000
1776351764.919,164.919,0.52,68.5,0.51,338.32,0.53,85.0,0.54,10.0,0.48,81.0,0.47,97.0,0.49,6.32,0.5,147.5,0.01,0.01,2310.280525,1776351763000
1776351766.703,166.703,0.58,10.64,0.57,26.5,0.6,208.0,0.61,165.1,0.45,50.0,0.44,160.0,0.48,280.5,0.49,181.32,0.02,0.03,2310.282624,1776351765000
1776351766.937,166.937,0.58,10.64,0.57,26.5,0.59,10.0,0.6,183.0,0.4,208.0,0.39,165.1,0.42,10.64,0.43,26.5,0.01,0.02,2310.282624,1776351765000
1776351767.374,167.374,0.53,10.0,0.52,197.36,0.55,15.2,0.56,21.36,0.4,150.0,0.39,165.1,0.41,5.0,0.42,10.64,0.02,0.01,2310.282624,1776351765000
1776351767.611,167.611,0.53,10.0,0.52,159.61,0.55,32.3,0.56,21.37,0.45,32.3,0.44,21.37,0.47,10.0,0.48,149.61,0.02,0.02,2310.282624,1776351765000
1776351767.89,167.89,0.53,10.0,0.52,159.61,0.54,9.2,0.55,92.54,0.45,43.42,0.44,10.0,0.48,159.61,0.49,116.0,0.01,0.03,2310.858165,1776351766000
1776351768.159,168.159,0.53,15.0,0.52,170.11,0.54,25.48,0.55,85.8,0.45,70.3,0.44,149.74,0.48,159.61,0.49,116.0,0.01,0.03,2310.858165,1776351766000
1776351768.878,168.878,0.53,142.5,0.52,188.11,0.54,9.51,0.55,15.06,0.46,25.48,0.45,85.8,0.47,15.0,0.48,170.11,0.01,0.01,2311.01109,1776351767000
1776351771.248,171.248,0.53,50.5,0.52,187.11,0.55,25.56,0.56,35.5,0.46,4.51,0.45,15.06,0.47,152.5,0.48,140.11,0.02,0.01,2310.53995,1776351769000
1776351771.566,171.566,0.54,14.5,0.53,20.0,0.55,49.56,0.56,35.5,0.45,25.56,0.44,35.5,0.47,50.5,0.48,187.11,0.01,0.02,2310.588949,1776351770000
1776351773.732,173.732,0.54,22.82,0.53,152.5,0.55,25.56,0.56,35.5,0.45,59.56,0.44,218.54,0.46,7.82,0.47,25.0,0.01,0.01,2310.5989,1776351771000
1776351773.977,173.977,0.54,16.97,0.53,152.5,0.55,10.06,0.56,35.5,0.45,25.56,0.44,35.5,0.46,22.82,0.47,152.5,0.01,0.01,2310.5989,1776351771000
1776351775.021,175.021,0.55,30.55,0.54,139.47,0.56,15.5,0.57,15.5,0.45,10.06,0.44,35.5,0.46,16.97,0.47,152.5,0.01,0.01,2310.510986,1776351773000
1776351776.376,176.376,0.57,20.5,0.56,73.25,0.59,15.09,0.6,120.5,0.44,15.5,0.43,15.5,0.45,30.55,0.46,139.47,0.02,0.01,2310.610561,1776351775000
1776351777.32,177.32,0.58,26.5,0.57,184.25,0.6,110.0,0.61,165.1,0.41,15.09,0.4,120.5,0.43,20.5,0.44,73.25,0.02,0.02,2310.610561,1776351775000
1776351777.796,177.796,0.58,70.5,0.57,25.5,0.61,60.5,0.62,170.5,0.4,110.0,0.39,165.1,0.42,26.5,0.43,184.25,0.03,0.02,2310.615955,1776351776000
1776351779.068,179.068,0.63,151.75,0.62,40.84,0.65,72.94,0.66,45.0,0.39,60.5,0.38,170.5,0.42,70.5,0.43,25.5,0.02,0.03,2310.636865,1776351777000
1776351779.392,179.392,0.68,41.12,0.67,45.0,0.69,50.0,0.7,95.0,0.31,100.0,0.3,95.0,0.36,100.0,0.37,183.0,0.01,0.05,2311.202203,1776351778000
1776351779.831,179.831,0.69,66.12,0.68,20.0,0.7,3.82,0.71,175.0,0.31,50.0,0.3,95.0,0.32,41.12,0.33,45.0,0.01,0.01,2311.202203,1776351778000
1776351780.144,180.144,0.7,10.58,0.69,61.12,0.71,60.0,0.72,45.0,0.29,175.0,0.28,45.0,0.31,61.12,0.32,20.0,0.01,0.02,2311.202203,1776351778000
1776351780.354,180.354,0.7,62.58,0.69,61.12,0.73,285.0,0.74,35.0,0.29,5.0,0.28,50.0,0.3,20.58,0.31,61.12,0.03,0.01,2311.202203,1776351778000
1776351780.75,180.75,0.72,58.82,0.71,22.35,0.73,65.0,0.74,35.0,0.27,285.0,0.26,35.0,0.3,62.58,0.31,61.12,0.01,0.03,2311.498235,1776351779000
1776351780.952,180.952,0.72,58.82,0.71,22.35,0.73,5.26,0.74,5.0,0.27,65.0,0.26,35.0,0.28,58.82,0.29,22.35,0.01,0.01,2311.498235,1776351779000
1776351781.193,181.193,0.72,58.82,0.71,22.35,0.75,300.0,0.76,5.0,0.27,5.26,0.26,5.0,0.28,58.82,0.29,22.35,0.03,0.01,2311.498235,1776351779000
1776351782.751,182.751,0.82,9.44,0.81,17.0,0.85,15.0,0.88,34.1,0.25,300.0,0.24,5.0,0.28,58.82,0.29,22.35,0.03,0.03,2312.041246,1776351781000
1776351783.183,183.183,0.83,19.41,0.82,14.44,0.85,22.52,0.88,34.1,0.15,5.52,0.12,34.1,0.16,10.0,0.17,15.0,0.02,0.01,2312.051849,1776351782000
1776351783.439,183.439,0.84,10.0,0.83,10.0,0.85,4.74,0.88,34.1,0.15,22.52,0.12,34.1,0.18,14.44,0.19,17.0,0.01,0.03,2312.051849,1776351782000
1776351783.668,183.668,0.82,19.1,0.81,10.0,0.88,34.1,0.89,106.79,0.12,34.1,0.11,106.79,0.16,8.12,0.17,10.0,0.06,0.04,2312.051849,1776351782000
1776351783.943,183.943,0.87,10.0,0.86,10.0,0.88,158.39,0.89,106.79,0.12,160.27,0.11,106.79,0.15,3.0,0.16,10.0,0.01,0.03,2312.051849,1776351782000
1776351784.313,184.313,0.86,2.57,0.85,3.0,0.88,153.39,0.89,106.79,0.12,158.39,0.11,106.79,0.13,10.0,0.14,10.0,0.02,0.01,2312.554339,1776351783000
1776351784.606,184.606,0.82,19.1,0.81,10.0,0.88,141.01,0.89,106.79,0.12,153.39,0.11,106.79,0.18,19.1,0.19,10.0,0.06,0.06,2312.554339,1776351783000
1776351785.217,185.217,0.85,5.33,0.84,10.0,0.88,130.62,0.89,106.79,0.12,130.62,0.11,106.79,0.18,17.98,0.19,30.0,0.03,0.06,2312.776034,1776351784000
1776351785.47,185.47,0.86,0.71,0.85,10.0,0.88,125.19,0.89,116.79,0.12,125.19,0.11,116.79,0.14,15.0,0.15,10.0,0.02,0.02,2312.776034,1776351784000
1776351785.692,185.692,0.84,7.49,0.83,0.76,0.87,2.97,0.88,125.19,0.13,5.0,0.12,125.19,0.16,7.49,0.17,0.76,0.03,0.03,2312.776034,1776351784000
1776351786.424,186.424,0.87,8.0,0.85,10.0,0.89,86.52,0.9,160.0,0.12,61.85,0.11,80.0,0.14,2.14,0.15,10.0,0.02,0.02,2312.790797,1776351785000
1776351786.746,186.746,0.87,13.75,0.86,10.0,0.88,17.57,0.89,86.52,0.11,86.52,0.1,160.0,0.13,8.0,0.15,10.0,0.01,0.02,2312.790797,1776351785000
1776351786.995,186.995,0.87,10.28,0.86,10.0,0.88,22.57,0.89,86.52,0.12,17.57,0.11,86.52,0.13,13.75,0.14,10.0,0.01,0.01,2312.793964,1776351786000
1776351787.276,187.276,0.87,13.0,0.86,10.0,0.88,16.88,0.89,86.52,0.12,17.57,0.11,86.52,0.14,18.0,0.15,10.0,0.01,0.02,2312.793964,1776351786000
1776351787.521,187.521,0.87,10.0,0.84,2.11,0.88,6.88,0.89,86.52,0.12,11.88,0.11,86.52,0.16,2.11,0.17,0.76,0.01,0.04,2312.793964,1776351786000
1776351787.729,187.729,0.87,9.53,0.86,10.0,0.88,1.19,0.89,10.0,0.12,1.19,0.11,10.0,0.13,18.74,0.14,15.0,0.01,0.01,2312.793964,1776351786000
1776351788.062,188.062,0.86,4.0,0.85,10.0,0.89,8.19,0.9,20.0,0.11,8.19,0.1,20.0,0.13,24.53,0.14,10.0,0.03,0.02,2313.175705,1776351787000
1776351788.292,188.292,0.86,20.0,0.85,45.0,0.87,4.94,0.88,10.0,0.11,8.19,0.1,20.0,0.14,4.0,0.15,10.0,0.01,0.03,2313.175705,1776351787000
1776351788.81,188.81,0.86,5.71,0.85,45.0,0.87,4.94,0.88,10.0,0.13,4.94,0.12,10.0,0.14,20.0,0.15,45.0,0.01,0.01,2313.175705,1776351787000
1776351789.28,189.28,0.85,45.0,0.84,2.11,0.87,24.94,0.88,31.0,0.13,4.94,0.12,10.0,0.14,5.71,0.15,45.0,0.02,0.01,2313.20252,1776351788000
1776351789.629,189.629,0.86,3.5,0.85,20.0,0.87,15.0,0.88,26.0,0.12,27.94,0.11,8.19,0.14,7.0,0.15,15.0,0.01,0.02,2313.20252,1776351788000
1776351790.213,190.213,0.86,8.5,0.85,15.0,0.87,5.0,0.88,26.0,0.13,10.0,0.12,26.0,0.14,3.5,0.15,50.0,0.01,0.01,2313.386475,1776351789000
1776351790.681,190.681,0.86,8.5,0.85,15.0,0.88,5.94,0.89,8.19,0.13,5.0,0.12,26.0,0.14,8.5,0.15,15.0,0.02,0.01,2313.386475,1776351789000
1776351791.237,191.237,0.85,15.0,0.84,37.11,0.88,20.94,0.89,8.19,0.12,5.94,0.11,8.19,0.14,8.5,0.15,15.0,0.03,0.02,2313.433368,1776351790000
1776351792.385,192.385,0.86,10.0,0.85,10.0,0.88,47.69,0.89,13.19,0.12,20.94,0.11,8.19,0.15,15.0,0.16,37.11,0.02,0.03,2313.427315,1776351791000
1776351792.704,192.704,0.83,10.76,0.82,9.98,0.85,33.33,0.88,157.69,0.12,147.69,0.11,13.19,0.16,5.0,0.17,15.76,0.02,0.04,2313.427315,1776351791000
1776351792.968,192.968,0.84,23.0,0.83,5.0,0.86,2.13,0.87,120.0,0.14,8.34,0.12,157.69,0.17,10.76,0.18,9.98,0.02,0.03,2313.427315,1776351791000
1776351793.41,193.41,0.86,10.0,0.85,46.12,0.88,10.0,0.89,8.19,0.13,108.07,0.12,120.0,0.16,33.0,0.17,5.0,0.02,0.03,2313.29039,1776351792000
1776351793.772,193.772,0.84,61.12,0.83,15.0,0.88,16.9,0.89,13.19,0.12,1.9,0.11,8.19,0.14,10.0,0.15,56.12,0.04,0.02,2313.29039,1776351792000
1776351794.369,194.369,0.84,63.12,0.83,15.0,0.85,10.0,0.86,10.0,0.12,16.9,0.11,13.19,0.16,61.12,0.17,15.0,0.01,0.04,2313.23561,1776351793000
1776351794.672,194.672,0.83,15.0,0.82,9.98,0.85,10.0,0.86,25.0,0.15,10.0,0.14,10.0,0.16,2.12,0.17,15.0,0.02,0.01,2313.23561,1776351793000
1776351795.113,195.113,0.84,15.0,0.83,15.0,0.87,10.0,0.88,10.0,0.13,10.0,0.12,10.0,0.15,0.53,0.16,15.0,0.03,0.02,2313.23561,1776351793000
1776351795.635,195.635,0.85,13.33,0.84,43.0,0.86,7.0,0.87,8.85,0.13,8.85,0.12,10.0,0.16,15.0,0.17,15.0,0.01,0.03,2313.332061,1776351794000
1776351796.185,196.185,0.85,12.35,0.84,27.0,0.86,27.0,0.87,13.85,0.14,37.0,0.13,13.85,0.15,5.0,0.16,10.0,0.01,0.01,2313.180332,1776351795000
1776351796.813,196.813,0.85,18.83,0.84,171.62,0.86,37.0,0.87,19.85,0.14,17.0,0.13,8.85,0.16,27.0,0.17,115.0,0.01,0.02,2313.180332,1776351795000
1776351797.09,197.09,0.85,83.83,0.84,156.62,0.86,32.0,0.87,19.85,0.14,37.0,0.13,19.85,0.15,18.83,0.16,171.62,0.01,0.01,2313.05775,1776351796000
1776351797.393,197.393,0.85,8.83,0.84,20.5,0.86,14.19,0.87,24.85,0.14,32.0,0.13,19.85,0.15,65.83,0.16,156.62,0.01,0.01,2313.05775,1776351796000
1776351798.833,198.833,0.83,68.0,0.82,128.36,0.85,17.0,0.86,4.19,0.15,15.0,0.14,4.19,0.17,5.0,0.18,10.0,0.02,0.02,2313.11843,1776351797000
1776351799.623,199.623,0.84,38.0,0.83,31.0,0.85,15.82,0.86,4.19,0.15,17.0,0.14,4.19,0.17,68.0,0.18,128.36,0.01,0.02,2313.078813,1776351798000
1776351800.126,200.126,0.84,33.0,0.83,31.0,0.87,16.22,0.88,20.5,0.15,10.82,0.14,4.19,0.16,38.0,0.17,31.0,0.03,0.01,2312.953917,1776351799000
1776351800.395,200.395,0.84,23.0,0.83,20.0,0.85,9.88,0.86,10.0,0.13,16.22,0.12,20.5,0.16,26.0,0.17,31.0,0.01,0.03,2312.953917,1776351799000
1776351800.667,200.667,0.84,23.0,0.83,20.0,0.85,8.13,0.86,10.0,0.15,9.88,0.14,10.0,0.16,23.0,0.17,20.0,0.01,0.01,2312.953917,1776351799000
1776351800.922,200.922,0.84,19.0,0.83,20.0,0.85,6.13,0.86,10.0,0.15,8.13,0.14,10.0,0.16,14.0,0.17,20.0,0.01,0.01,2313.114766,1776351800000
1776351801.239,201.239,0.84,140.06,0.83,20.0,0.86,10.0,0.87,16.22,0.15,6.13,0.14,10.0,0.16,19.0,0.17,20.0,0.02,0.01,2313.114766,1776351800000
1776351801.441,201.441,0.84,163.06,0.83,20.0,0.87,11.19,0.88,20.5,0.14,2.0,0.13,16.22,0.16,168.06,0.17,20.0,0.03,0.02,2313.114766,1776351800000
1776351801.646,201.646,0.86,10.0,0.85,10.0,0.88,0.14,0.89,10.0,0.11,9.46,0.1,153.97,0.15,10.0,0.16,173.06,0.02,0.04,2313.114766,1776351800000
1776351802.09,202.09,0.86,23.0,0.85,15.0,0.88,0.14,0.89,10.0,0.12,0.14,0.11,10.0,0.14,10.0,0.15,10.0,0.02,0.02,2313.114766,1776351800000
1776351802.316,202.316,0.86,18.0,0.85,20.0,0.88,10.0,0.89,9.01,0.11,9.01,0.1,175.97,0.14,23.0,0.15,25.0,0.02,0.03,2313.114766,1776351800000
1776351804.764,204.764,0.89,89.0,0.88,40.0,0.91,57.0,0.92,53.0,0.12,10.0,0.11,9.01,0.14,18.0,0.15,20.0,0.02,0.02,2313.341888,1776351803000
1776351805.277,205.277,0.9,152.0,0.89,33.0,0.91,54.89,0.92,53.0,0.09,57.0,0.08,53.0,0.11,89.0,0.12,40.0,0.01,0.02,2313.43872,1776351804000
1776351805.638,205.638,0.9,129.0,0.89,43.0,0.91,47.24,0.92,53.0,0.09,48.89,0.08,53.0,0.1,152.0,0.11,33.0,0.01,0.01,2313.43872,1776351804000
1776351806.093,206.093,0.89,33.0,0.88,15.0,0.91,10.0,0.92,51.31,0.08,51.31,0.07,124.0,0.1,149.0,0.11,43.0,0.02,0.02,2313.43872,1776351804000
1776351806.391,206.391,0.89,46.0,0.88,15.0,0.9,13.33,0.91,10.0,0.09,10.0,0.08,51.31,0.11,33.0,0.12,15.0,0.01,0.02,2313.43872,1776351804000
1776351806.84,206.84,0.89,51.0,0.88,97.45,0.9,8.33,0.91,10.0,0.1,13.33,0.09,10.0,0.11,46.0,0.12,15.0,0.01,0.01,2313.528881,1776351805000
1776351807.072,207.072,0.89,26.0,0.88,97.45,0.9,3.88,0.91,10.0,0.1,5.55,0.09,10.0,0.11,46.0,0.12,97.45,0.01,0.01,2313.657115,1776351806000
1776351807.273,207.273,0.89,26.0,0.88,138.35,0.91,8.35,0.92,51.31,0.1,3.87,0.09,10.0,0.11,26.0,0.12,138.35,0.02,0.01,2313.657115,1776351806000
1776351807.67,207.67,0.9,9.0,0.89,28.0,0.92,50.84,0.93,159.0,0.09,1.18,0.08,51.31,0.11,26.0,0.12,138.35,0.02,0.02,2313.657115,1776351806000
1776351808.122,208.122,0.9,9.0,0.89,28.0,0.91,7.91,0.92,50.84,0.08,50.84,0.07,159.0,0.1,9.0,0.11,28.0,0.01,0.02,2313.657115,1776351806000
1776351808.393,208.393,0.9,9.0,0.89,28.0,0.91,29.91,0.92,55.84,0.09,7.91,0.08,50.84,0.1,9.0,0.11,28.0,0.01,0.01,2313.684255,1776351807000
1776351808.611,208.611,0.9,14.0,0.89,28.0,0.91,50.02,0.92,155.84,0.09,29.91,0.08,55.84,0.1,9.0,0.11,28.0,0.01,0.01,2313.684255,1776351807000
1776351809.383,209.383,0.9,19.0,0.89,23.0,0.91,21.02,0.92,155.84,0.09,50.02,0.08,155.84,0.1,14.0,0.11,28.0,0.01,0.01,2313.6205,1776351808000
1776351810.036,210.036,0.89,23.0,0.88,143.35,0.91,41.92,0.92,155.84,0.09,29.92,0.08,155.84,0.1,19.0,0.11,23.0,0.02,0.01,2313.6205,1776351808000
1776351810.866,210.866,0.9,10.0,0.89,53.0,0.91,10.0,0.92,130.84,0.09,41.92,0.08,155.84,0.11,23.0,0.12,143.35,0.01,0.02,2313.602004,1776351809000
1776351811.42,211.42,0.91,15.0,0.9,5.0,0.92,52.12,0.93,168.0,0.09,10.0,0.08,130.84,0.1,10.0,0.11,53.0,0.01,0.01,2313.657959,1776351810000
1776351811.627,211.627,0.9,4.0,0.89,25.0,0.92,141.33,0.93,129.0,0.08,174.33,0.07,129.0,0.09,10.0,0.1,5.0,0.02,0.01,2313.657959,1776351810000
1776351812.063,212.063,0.88,37.9,0.86,29.9,0.89,42.73,0.9,80.0,0.09,8.9,0.08,141.33,0.12,37.9,0.14,77.77,0.01,0.03,2313.657959,1776351810000
1776351812.358,212.358,0.85,10.0,0.84,56.87,0.87,33.0,0.88,10.0,0.11,38.73,0.1,80.0,0.14,29.9,0.15,57.07,0.02,0.03,2313.594176,1776351811000
1776351812.752,212.752,0.86,10.0,0.85,10.0,0.87,21.38,0.88,15.0,0.13,33.0,0.12,10.0,0.15,10.0,0.16,56.87,0.01,0.02,2313.594176,1776351811000
1776351813.516,213.516,0.86,10.0,0.84,10.0,0.89,52.21,0.9,94.0,0.13,21.38,0.12,15.0,0.14,10.0,0.15,10.0,0.03,0.01,2313.562214,1776351812000
1776351814.314,214.314,0.86,10.0,0.85,10.0,0.87,4.25,0.88,35.0,0.11,52.21,0.1,94.0,0.14,10.0,0.16,10.0,0.01,0.03,2313.562214,1776351812000
1776351814.642,214.642,0.83,12.95,0.82,10.0,0.86,5.0,0.87,4.25,0.13,4.25,0.12,35.0,0.14,10.0,0.15,10.0,0.03,0.01,2313.015718,1776351813000
1776351814.955,214.955,0.85,10.0,0.84,20.0,0.86,0.55,0.87,4.25,0.14,5.0,0.13,4.25,0.17,12.95,0.18,10.0,0.01,0.03,2313.015718,1776351813000
1776351815.245,215.245,0.85,25.0,0.84,15.0,0.88,12.0,0.89,10.0,0.14,0.55,0.13,4.25,0.15,10.0,0.16,20.0,0.03,0.01,2312.917353,1776351814000
1776351816.074,216.074,0.88,52.0,0.87,90.0,0.89,4.88,0.9,10.0,0.12,12.0,0.11,10.0,0.15,25.0,0.16,15.0,0.01,0.03,2312.917353,1776351814000
1776351816.346,216.346,0.87,53.0,0.86,75.0,0.89,4.88,0.9,10.0,0.11,4.88,0.1,10.0,0.12,52.0,0.13,90.0,0.02,0.01,2312.89775,1776351815000
1776351817.589,217.589,0.87,58.0,0.85,40.0,0.88,29.94,0.89,14.88,0.11,4.88,0.1,10.0,0.13,53.0,0.14,75.0,0.01,0.02,2313.183557,1776351816000
1776351818.191,218.191,0.87,82.87,0.86,163.13,0.89,14.88,0.9,33.0,0.12,29.94,0.11,14.88,0.13,58.0,0.15,40.0,0.02,0.01,2313.307348,1776351817000
1776351820.028,220.028,0.87,101.27,0.86,139.13,0.88,98.63,0.89,124.88,0.11,1.88,0.1,33.0,0.13,82.87,0.14,163.13,0.01,0.02,2313.405407,1776351818000
1776351820.374,220.374,0.87,43.39,0.85,10.0,0.88,98.63,0.89,111.88,0.12,98.63,0.11,124.88,0.13,101.27,0.14,139.13,0.01,0.01,2313.263262,1776351819000
1776351821.276,221.276,0.85,134.18,0.84,35.0,0.86,7.69,0.87,110.0,0.12,121.63,0.11,111.88,0.15,10.0,0.16,35.0,0.01,0.03,2313.263262,1776351819000
1776351822.407,222.407,0.83,12.0,0.82,15.0,0.85,10.0,0.86,37.69,0.14,7.69,0.13,110.0,0.15,134.18,0.16,35.0,0.02,0.01,2313.23352,1776351821000
1776351822.938,222.938,0.84,100.52,0.83,12.0,0.85,4.94,0.86,147.69,0.15,10.0,0.14,37.69,0.17,12.0,0.18,15.0,0.01,0.02,2312.938177,1776351822000
1776351823.288,223.288,0.84,56.52,0.83,12.0,0.85,4.94,0.86,147.69,0.15,4.94,0.14,147.69,0.16,100.52,0.17,12.0,0.01,0.01,2312.938177,1776351822000
1776351824.201,224.201,0.84,37.05,0.83,115.91,0.85,7.0,0.86,110.0,0.15,4.94,0.14,147.69,0.17,9.0,0.18,15.0,0.01,0.02,2312.83994,1776351823000
1776351824.661,224.661,0.85,121.05,0.84,30.1,0.87,135.69,0.88,98.63,0.14,102.76,0.13,107.69,0.16,36.85,0.17,115.91,0.02,0.02,2312.83994,1776351823000
1776351825.131,225.131,0.86,5.0,0.85,131.05,0.88,11.85,0.89,1.88,0.13,2.44,0.12,29.0,0.15,136.05,0.16,35.1,0.02,0.02,2312.758692,1776351824000
1776351828.966,228.966,0.89,37.0,0.88,20.0,0.91,44.0,0.92,54.9,0.13,8.85,0.12,21.85,0.14,26.3,0.15,131.05,0.02,0.01,2312.824373,1776351827000
1776351829.739,229.739,0.91,10.0,0.9,10.0,0.93,128.3,0.94,106.0,0.09,44.0,0.08,54.9,0.11,37.0,0.12,20.0,0.02,0.02,2312.841485,1776351828000
1776351830.077,230.077,0.89,10.0,0.88,10.0,0.91,68.0,0.92,10.0,0.1,5.0,0.09,10.0,0.11,33.0,0.12,25.0,0.02,0.01,2312.841485,1776351828000
1776351830.441,230.441,0.9,5.0,0.89,10.0,0.91,34.24,0.92,10.0,0.09,68.0,0.08,10.0,0.1,80.0,0.11,110.0,0.01,0.01,2312.968705,1776351829000
1776351831.883,231.883,0.92,7.0,0.91,20.0,0.93,79.3,0.94,111.0,0.09,34.24,0.08,10.0,0.1,5.0,0.11,10.0,0.01,0.01,2313.35535,1776351830000
1776351833.04,233.04,0.92,27.0,0.91,35.0,0.93,61.57,0.94,106.0,0.07,65.66,0.06,106.0,0.08,12.0,0.09,20.0,0.01,0.01,2313.111015,1776351831000
1776351834.075,234.075,0.92,20.08,0.91,25.0,0.93,61.57,0.94,106.0,0.07,61.57,0.06,106.0,0.08,27.0,0.09,35.0,0.01,0.01,2313.434438,1776351833000
1776351834.932,234.932,0.93,5.0,0.92,38.0,0.94,102.8,0.95,245.48,0.07,61.57,0.06,106.0,0.08,20.08,0.09,25.0,0.01,0.01,2313.434438,1776351833000
1776351835.816,235.816,0.93,15.0,0.92,48.0,0.94,101.73,0.95,245.48,0.06,102.8,0.05,245.48,0.07,5.0,0.08,38.0,0.01,0.01,2313.511565,1776351834000
1776351836.863,236.863,0.93,25.0,0.92,5.0,0.94,159.88,0.95,111.48,0.06,101.73,0.05,245.48,0.07,15.0,0.08,53.0,0.01,0.01,2313.584345,1776351835000
1776351837.295,237.295,0.91,102.88,0.9,50.0,0.92,4.56,0.93,10.0,0.06,159.88,0.05,111.48,0.09,32.88,0.1,50.0,0.01,0.03,2313.614002,1776351836000
1776351837.55,237.55,0.91,102.88,0.9,50.0,0.93,4.83,0.94,159.88,0.08,4.56,0.07,10.0,0.09,102.88,0.1,50.0,0.02,0.01,2313.614002,1776351836000
1776351837.819,237.819,0.91,102.88,0.9,50.0,0.94,154.02,0.95,111.48,0.07,4.83,0.06,159.88,0.09,102.88,0.1,50.0,0.03,0.02,2313.614002,1776351836000
1776351838.137,238.137,0.93,40.0,0.92,10.0,0.94,149.11,0.95,111.48,0.06,154.02,0.05,111.48,0.09,102.88,0.1,50.0,0.01,0.03,2313.669265,1776351837000
1776351838.404,238.404,0.93,40.0,0.92,14.25,0.94,167.72,0.95,111.48,0.06,163.79,0.05,111.48,0.07,40.0,0.09,42.88,0.01,0.01,2313.669265,1776351837000
1776351838.661,238.661,0.91,67.88,0.9,21.0,0.92,8.91,0.93,59.0,0.06,145.58,0.05,116.48,0.09,67.88,0.1,10.0,0.01,0.03,2313.669265,1776351837000
1776351838.867,238.867,0.91,111.88,0.9,21.0,0.93,25.68,0.94,58.0,0.07,11.76,0.06,45.0,0.09,67.88,0.1,21.0,0.02,0.02,2313.669265,1776351837000
1776351839.129,239.129,0.91,111.88,0.9,21.0,0.93,23.93,0.94,58.0,0.07,48.6,0.06,58.0,0.09,111.88,0.1,21.0,0.02,0.02,2313.64767,1776351838000
1776351840.361,240.361,0.92,10.0,0.91,116.88,0.93,54.93,0.94,15.0,0.07,23.93,0.06,58.0,0.09,111.88,0.1,21.0,0.01,0.02,2313.600147,1776351839000
1776351840.899,240.899,0.92,10.0,0.91,111.88,0.93,41.55,0.94,15.0,0.07,41.55,0.06,15.0,0.09,111.88,0.1,103.53,0.01,0.02,2313.600147,1776351839000
1776351841.223,241.223,0.92,10.0,0.91,111.88,0.93,16.5,0.94,15.0,0.07,22.5,0.06,15.0,0.08,10.0,0.09,111.88,0.01,0.01,2313.401522,1776351840000
1776351842.094,242.094,0.94,20.0,0.93,39.0,0.95,110.16,0.96,409.8,0.07,3.27,0.06,10.0,0.08,10.0,0.09,111.88,0.01,0.01,2313.401522,1776351840000
1776351842.643,242.643,0.94,71.0,0.93,15.0,0.95,105.16,0.96,404.8,0.05,110.16,0.04,409.8,0.06,20.0,0.07,39.0,0.01,0.01,2313.281204,1776351841000
1776351842.887,242.887,0.94,81.0,0.93,20.0,0.95,29.1,0.96,404.8,0.05,84.1,0.04,404.8,0.06,71.0,0.07,20.0,0.01,0.01,2313.281204,1776351841000
1776351843.184,243.184,0.94,81.0,0.93,20.0,0.95,8.33,0.96,404.8,0.05,29.1,0.04,404.8,0.06,81.0,0.07,20.0,0.01,0.01,2313.281204,1776351841000
1776351843.566,243.566,0.94,98.0,0.93,85.3,0.95,3.18,0.96,404.8,0.05,8.33,0.04,404.8,0.06,81.0,0.07,20.0,0.01,0.01,2313.325743,1776351842000
1776351844.018,244.018,0.95,71.61,0.94,45.0,0.96,374.8,0.97,161.0,0.04,404.8,0.03,161.0,0.06,96.0,0.07,75.3,0.01,0.02,2313.325743,1776351842000
1776351844.273,244.273,0.95,92.13,0.94,108.8,0.96,288.8,0.97,161.0,0.04,348.8,0.03,161.0,0.05,71.61,0.06,45.0,0.01,0.01,2313.325743,1776351842000
1776351844.871,244.871,0.95,187.93,0.94,98.8,0.97,158.2,0.98,400.95,0.04,287.75,0.03,161.0,0.05,97.13,0.06,98.8,0.02,0.01,2313.664145,1776351843000
1776351845.293,245.293,0.96,140.7,0.95,176.93,0.97,157.16,0.98,400.95,0.03,158.2,0.02,400.95,0.05,187.93,0.06,98.8,0.01,0.02,2313.664145,1776351843000
1776351845.544,245.544,0.96,118.7,0.95,210.93,0.97,121.84,0.98,400.95,0.03,122.88,0.02,400.95,0.04,123.7,0.05,198.93,0.01,0.01,2313.812707,1776351844000
1776351845.808,245.808,0.96,155.7,0.95,171.93,0.97,46.25,0.98,400.95,0.03,121.84,0.02,400.95,0.04,118.7,0.05,210.93,0.01,0.01,2313.812707,1776351844000
1776351846.291,246.291,0.96,15.0,0.95,168.93,0.97,44.02,0.98,400.95,0.03,40.06,0.02,400.95,0.04,160.7,0.05,171.93,0.01,0.01,2314.145286,1776351845000
1776351846.772,246.772,0.96,10.0,0.95,168.93,0.97,38.0,0.98,393.93,0.02,398.93,0.01,7156.37,0.04,10.0,0.05,168.93,0.01,0.02,2314.145286,1776351845000
1776351847.657,247.657,0.97,30.27,0.96,103.7,0.98,386.87,0.99,7156.37,0.02,396.87,0.01,7161.37,0.03,9.27,0.04,10.0,0.01,0.01,2314.145286,1776351845000
1776351847.895,247.895,0.97,15.27,0.96,103.7,0.98,371.49,0.99,7556.37,0.02,386.87,0.01,7156.37,0.03,7.92,0.04,103.7,0.01,0.01,2314.1823,1776351846000
1776351848.198,248.198,0.97,20.27,0.96,103.7,0.98,370.46,0.99,7456.37,0.02,371.49,0.01,7556.37,0.03,15.27,0.04,103.7,0.01,0.01,2314.1823,1776351846000
1776351848.484,248.484,0.97,15.63,0.96,103.7,0.98,361.36,0.99,7456.37,0.02,366.46,0.01,7456.37,0.03,11.36,0.04,103.7,0.01,0.01,2314.1823,1776351846000
1776351848.891,248.891,0.97,15.63,0.96,103.7,0.98,353.22,0.99,7461.37,0.02,356.26,0.01,7456.37,0.03,15.63,0.04,103.7,0.01,0.01,2313.970232,1776351847000
1776351849.424,249.424,0.97,17.3,0.96,103.7,0.98,283.73,0.99,7467.35,0.02,283.73,0.01,7461.37,0.03,6.36,0.04,103.7,0.01,0.01,2313.8738,1776351848000
1776351849.881,249.881,0.97,199.0,0.96,127.7,0.98,271.68,0.99,7103.75,0.02,276.68,0.01,7467.35,0.03,26.57,0.04,103.7,0.01,0.01,2313.8738,1776351848000
1776351850.34,250.34,0.97,199.0,0.96,127.7,0.98,241.06,0.99,7867.35,0.02,271.68,0.01,7103.75,0.03,199.0,0.04,127.7,0.01,0.01,2313.8738,1776351848000
1776351851.256,251.256,0.97,194.0,0.96,127.7,0.98,231.06,0.99,6803.75,0.02,241.06,0.01,7867.35,0.03,199.0,0.04,127.7,0.01,0.01,2313.909488,1776351849000
1776351851.471,251.471,0.97,194.0,0.96,167.7,0.98,129.02,0.99,6803.75,0.02,231.06,0.01,6803.75,0.03,194.0,0.04,127.7,0.01,0.01,2313.909488,1776351849000
1776351852.104,252.104,0.97,322.0,0.96,153.7,0.98,9.02,0.99,1798.75,0.02,129.02,0.01,6803.75,0.03,194.0,0.04,167.7,0.01,0.01,2313.972888,1776351850000
1776351852.518,252.518,0.98,212.0,0.97,366.0,0.99,1697.75,,,0.01,1798.75,,,0.03,317.0,0.04,258.7,0.01,0.02,2314.168354,1776351851000
1776351852.815,252.815,0.98,217.0,0.97,779.0,0.99,1692.75,,,0.01,1697.75,,,0.02,212.0,0.03,366.0,0.01,0.01,2314.168354,1776351851000
1776351853.48,253.48,0.98,254.93,0.97,663.87,0.99,1558.46,,,0.01,1631.46,,,0.02,321.93,0.03,696.87,0.01,0.01,2314.173389,1776351852000
1776351853.936,253.936,0.98,519.5,0.97,786.99,0.99,1391.46,,,0.01,1458.46,,,0.02,254.93,0.03,663.87,0.01,0.01,2314.173389,1776351852000
1776351854.206,254.206,0.98,519.5,0.97,816.99,,,,,0.01,1381.35,,,0.02,524.5,0.03,816.99,,0.01,2314.173389,1776351852000
1776351854.841,254.841,0.99,645.63,0.98,453.5,,,,,,,,,0.02,519.5,0.03,816.99,,,2314.877801,1776351853000
1776351855.217,255.217,0.99,633.63,0.98,438.5,,,,,,,,,0.01,645.63,0.02,453.5,,,2314.877801,1776351853000
1776351855.639,255.639,0.99,673.51,0.98,438.5,,,,,,,,,0.01,633.63,0.02,438.5,,,2315.457442,1776351854000
1776351859.443,259.443,0.99,739.51,0.98,241.57,,,,,,,,,0.01,673.51,0.02,438.5,,,2316.173725,1776351857000
1776351860.746,260.746,0.99,786.35,0.98,227.57,,,,,,,,,0.01,739.51,0.02,241.57,,,2316.15909,1776351859000
1776351873.511,273.511,0.99,1105.81,0.98,252.57,,,,,,,,,0.01,786.35,0.02,227.57,,,2315.11437,1776351872000
1776351878.969,278.969,0.99,9119.12,0.98,93.87,,,,,,,,,0.01,1105.81,0.02,252.57,,,2314.962355,1776351877000
1776351889.36,289.36,0.99,9438.65,0.98,97.87,,,,,,,,,0.01,9119.12,0.02,93.87,,,2314.116177,1776351888000

# RESULT,winner=Up,slug=eth-updown-5m-1776351600,ticks=357
