timestamp,elapsed_sec,up_bid_p1,up_bid_s1,up_bid_p2,up_bid_s2,up_ask_p1,up_ask_s1,up_ask_p2,up_ask_s2,down_bid_p1,down_bid_s1,down_bid_p2,down_bid_s2,down_ask_p1,down_ask_s1,down_ask_p2,down_ask_s2,up_spread,down_spread,eth_price,eth_oracle_ts
1776239101.553,1.553,0.51,10.91,0.5,15.0,0.52,10.0,0.53,37.0,0.48,10.0,0.47,37.0,0.49,16.91,0.5,15.0,0.01,0.01,2319.3943,1776236446000
1776239101.864,1.864,0.51,16.91,0.5,15.0,0.52,26.0,0.53,37.0,0.48,10.0,0.47,37.0,0.49,16.91,0.5,15.0,0.01,0.01,2319.3943,1776236446000
1776239102.138,2.138,0.51,11.91,0.5,15.0,0.52,26.0,0.53,37.0,0.48,26.0,0.47,37.0,0.49,16.91,0.5,15.0,0.01,0.01,2319.3943,1776236446000
1776239102.572,2.572,0.5,6.67,0.48,5.65,0.52,5.0,0.53,32.0,0.48,26.0,0.47,37.0,0.49,11.91,0.5,15.0,0.02,0.01,2319.3943,1776236446000
1776239104.228,4.228,0.37,52.0,0.36,37.89,0.38,12.0,0.39,20.0,0.56,60.0,0.48,10.0,0.64,13.89,0.65,140.0,0.01,0.08,2319.3943,1776236446000
1776239104.723,4.723,0.36,53.44,0.35,159.0,0.37,15.0,0.38,12.0,0.62,12.0,0.61,20.0,0.63,52.0,0.64,37.89,0.01,0.01,2319.3943,1776236446000
1776239105.047,5.047,0.36,58.44,0.35,164.0,0.37,4.59,0.38,12.0,0.63,4.59,0.62,12.0,0.64,58.44,0.65,159.0,0.01,0.01,2319.3943,1776236446000
1776239105.546,5.546,0.36,81.6,0.35,169.0,0.37,15.0,0.38,12.0,0.63,4.59,0.62,12.0,0.64,58.44,0.65,164.0,0.01,0.01,2319.3943,1776236446000
1776239105.864,5.864,0.36,36.03,0.32,5.0,0.37,3.24,0.38,12.0,0.63,13.24,0.62,12.0,0.64,70.03,0.65,159.0,0.01,0.01,2319.3943,1776236446000
1776239106.174,6.174,0.29,4.9,0.27,455.0,0.34,10.0,0.36,130.0,0.63,28.24,0.62,222.0,0.71,5.0,0.73,455.0,0.05,0.08,2319.3943,1776236446000
1776239106.753,6.753,0.28,71.33,0.27,520.0,0.29,10.0,0.3,15.0,0.66,10.0,0.65,10.0,0.71,4.9,0.73,455.0,0.01,0.05,2319.3943,1776236446000
1776239107.418,7.418,0.28,50.0,0.27,70.0,0.29,10.0,0.3,10.0,0.71,10.0,0.7,15.0,0.72,60.0,0.73,520.0,0.01,0.01,2319.3943,1776236446000
1776239107.872,7.872,0.36,10.0,0.35,10.0,0.37,2.0,0.39,15.0,0.71,10.0,0.7,10.0,0.72,35.47,0.73,70.0,0.01,0.01,2319.3943,1776236446000
1776239108.081,8.081,0.43,67.9,0.4,70.0,0.44,60.0,0.46,50.0,0.63,2.0,0.61,5.0,0.64,10.0,0.65,10.0,0.01,0.01,2319.3943,1776236446000
1776239108.563,8.563,0.43,132.9,0.42,80.0,0.44,60.0,0.49,10.0,0.56,60.0,0.54,50.0,0.57,67.9,0.6,70.0,0.01,0.01,2319.3943,1776236446000
1776239109.346,9.346,0.43,43.0,0.39,70.0,0.44,63.75,0.45,10.0,0.56,58.75,0.55,10.0,0.57,132.9,0.58,80.0,0.01,0.01,2319.3943,1776236446000
1776239109.614,9.614,0.43,40.0,0.39,70.0,0.44,63.75,0.45,25.0,0.56,63.75,0.55,10.0,0.57,43.0,0.61,70.0,0.01,0.01,2319.3943,1776236446000
1776239110.427,10.427,0.43,48.6,0.42,5.0,0.44,76.75,0.45,25.0,0.56,63.75,0.55,25.0,0.57,38.6,0.61,70.0,0.01,0.01,2319.3943,1776236446000
1776239111.434,11.434,0.43,83.6,0.42,5.0,0.44,71.75,0.45,23.0,0.56,76.75,0.55,25.0,0.57,48.6,0.58,5.0,0.01,0.01,2319.3943,1776236446000
1776239113.476,13.476,0.43,48.6,0.42,5.0,0.44,71.75,0.45,33.0,0.56,66.75,0.55,23.0,0.57,78.6,0.58,5.0,0.01,0.01,2319.3943,1776236446000
1776239118.006,18.006,0.43,33.07,0.42,5.0,0.44,87.75,0.45,33.0,0.56,71.75,0.55,33.0,0.57,48.6,0.58,5.0,0.01,0.01,2319.3943,1776236446000
1776239118.264,18.264,0.43,31.31,0.42,5.0,0.44,87.75,0.45,33.0,0.56,87.75,0.55,33.0,0.57,33.07,0.58,5.0,0.01,0.01,2319.3943,1776236446000
1776239119.476,19.476,0.43,27.54,0.38,28.0,0.44,132.75,0.45,69.0,0.56,87.75,0.55,33.0,0.57,31.31,0.58,5.0,0.01,0.01,2319.3943,1776236446000
1776239120.962,20.962,0.37,140.0,0.36,70.0,0.44,201.75,0.45,108.0,0.56,102.75,0.55,69.0,0.57,2.45,0.62,17.0,0.07,0.01,2319.3943,1776236446000
1776239121.663,21.663,0.26,35.85,0.22,30.0,0.36,50.0,0.38,13.78,0.56,201.75,0.55,108.0,0.63,131.76,0.64,70.0,0.1,0.07,2319.3943,1776236446000
1776239121.891,21.891,0.26,27.81,0.22,30.0,0.27,10.0,0.35,7.69,0.64,50.0,0.62,13.78,0.74,31.83,0.78,30.0,0.01,0.1,2319.3943,1776236446000
1776239122.182,22.182,0.26,2.81,0.22,30.0,0.27,20.0,0.33,5.0,0.73,10.0,0.66,6.0,0.74,19.81,0.78,30.0,0.01,0.01,2319.3943,1776236446000
1776239122.458,22.458,0.21,55.9,0.2,10.0,0.24,170.0,0.26,70.0,0.74,70.0,0.73,90.0,0.78,12.11,0.79,36.0,0.03,0.04,2319.3943,1776236446000
1776239122.697,22.697,0.19,20.7,0.18,11.0,0.2,10.0,0.21,20.0,0.8,10.0,0.79,20.0,0.81,70.7,0.82,11.0,0.01,0.01,2319.3943,1776236446000
1776239122.964,22.964,0.21,58.73,0.19,52.01,0.25,5.0,0.26,15.0,0.78,10.0,0.77,15.0,0.79,8.73,0.81,57.01,0.04,0.01,2319.3943,1776236446000
1776239123.32,23.32,0.21,8.73,0.2,15.0,0.26,5.0,0.27,20.0,0.78,15.0,0.77,10.0,0.79,16.25,0.81,52.01,0.05,0.01,2319.3943,1776236446000
1776239123.541,23.541,0.2,10.0,0.19,35.0,0.22,1.76,0.23,10.0,0.79,2.59,0.75,5.0,0.81,45.0,0.82,10.0,0.02,0.02,2319.3943,1776236446000
1776239123.873,23.873,0.21,14.0,0.19,5.0,0.25,18.0,0.26,66.0,0.72,78.64,0.71,19.32,0.73,55.0,0.77,11.0,0.04,0.01,2319.3943,1776236446000
1776239124.115,24.115,0.16,75.0,0.15,57.57,0.18,100.0,0.19,10.0,0.81,60.0,0.8,70.0,0.83,18.74,0.84,75.0,0.02,0.02,2319.3943,1776236446000
1776239124.365,24.365,0.19,8.66,0.18,10.0,0.2,15.0,0.21,15.0,0.8,15.0,0.79,115.0,0.81,9.9,0.82,10.0,0.01,0.01,2319.3943,1776236446000
1776239124.704,24.704,0.19,21.0,0.18,2.65,0.2,54.0,0.23,10.0,0.8,10.0,0.79,10.0,0.82,2.65,0.83,10.0,0.01,0.02,2319.3943,1776236446000
1776239125.08,25.08,0.18,110.9,0.17,10.0,0.2,32.35,0.21,15.0,0.8,49.0,0.79,10.0,0.82,100.9,0.83,10.0,0.02,0.02,2319.3943,1776236446000
1776239125.377,25.377,0.19,46.0,0.18,110.9,0.2,28.0,0.21,15.0,0.8,32.35,0.79,15.0,0.82,110.9,0.83,10.0,0.01,0.02,2319.3943,1776236446000
1776239126.056,26.056,0.19,147.46,0.18,130.9,0.2,10.0,0.21,38.0,0.79,15.0,0.78,10.0,0.81,36.0,0.82,100.9,0.01,0.02,2319.3943,1776236446000
1776239126.481,26.481,0.19,146.11,0.18,140.9,0.21,41.47,0.22,15.0,0.8,10.0,0.79,43.0,0.81,151.11,0.82,130.9,0.02,0.01,2319.3943,1776236446000
1776239126.961,26.961,0.2,5.0,0.19,165.11,0.21,36.47,0.22,20.0,0.79,41.47,0.78,15.0,0.81,146.11,0.82,140.9,0.01,0.02,2319.3943,1776236446000
1776239127.256,27.256,0.2,10.0,0.19,161.46,0.22,7.47,0.23,10.0,0.79,2.47,0.78,15.0,0.8,5.0,0.81,165.11,0.02,0.01,2319.3943,1776236446000
1776239127.493,27.493,0.2,8.62,0.19,161.46,0.22,12.47,0.23,15.0,0.78,7.47,0.77,10.0,0.8,10.0,0.81,161.46,0.02,0.02,2319.3943,1776236446000
1776239128.075,28.075,0.22,10.0,0.21,20.0,0.23,20.0,0.26,25.0,0.76,1.47,0.75,17.0,0.79,10.0,0.8,28.43,0.01,0.03,2319.3943,1776236446000
1776239128.656,28.656,0.24,11.84,0.23,95.0,0.25,5.0,0.26,30.0,0.75,10.0,0.74,25.0,0.78,10.0,0.79,20.0,0.01,0.03,2319.3943,1776236446000
1776239129.077,29.077,0.25,55.0,0.24,41.84,0.27,0.03,0.28,10.0,0.74,25.92,0.73,23.0,0.76,11.84,0.77,90.0,0.02,0.02,2319.3943,1776236446000
1776239129.564,29.564,0.25,30.0,0.24,25.0,0.26,18.3,0.27,7.03,0.73,0.03,0.72,10.0,0.75,55.0,0.76,41.84,0.01,0.02,2319.3943,1776236446000
1776239129.958,29.958,0.25,23.12,0.24,95.0,0.26,5.3,0.28,10.0,0.74,28.3,0.73,8.0,0.75,25.0,0.76,35.0,0.01,0.01,2319.3943,1776236446000
1776239130.37,30.37,0.24,105.0,0.23,35.0,0.25,2.36,0.26,23.0,0.72,10.85,0.71,9.32,0.75,10.0,0.76,95.0,0.01,0.03,2319.3943,1776236446000
1776239130.737,30.737,0.26,7.0,0.25,13.66,0.29,19.32,0.3,17.0,0.74,13.0,0.73,10.0,0.75,8.66,0.76,115.0,0.03,0.01,2319.3943,1776236446000
1776239131.49,31.49,0.25,23.0,0.24,77.23,0.27,3.7,0.28,10.0,0.74,10.0,0.73,10.0,0.75,4.86,0.76,77.23,0.02,0.01,2319.3943,1776236446000
1776239131.698,31.698,0.25,17.62,0.24,102.23,0.26,5.0,0.27,8.7,0.74,5.0,0.73,8.7,0.75,31.62,0.76,102.23,0.01,0.01,2319.3943,1776236446000
1776239131.973,31.973,0.26,15.0,0.25,60.62,0.28,5.0,0.31,17.0,0.74,5.0,0.73,8.7,0.75,17.62,0.76,102.23,0.02,0.01,2319.3943,1776236446000
1776239132.475,32.475,0.34,23.18,0.33,15.0,0.35,18.0,0.36,10.0,0.69,10.0,0.68,21.0,0.73,8.63,0.74,15.0,0.01,0.04,2319.3943,1776236446000
1776239133.14,33.14,0.34,21.8,0.33,20.0,0.35,15.0,0.36,27.0,0.65,18.0,0.64,10.0,0.66,23.18,0.67,15.0,0.01,0.01,2319.3943,1776236446000
1776239133.468,33.468,0.34,71.8,0.33,90.0,0.37,5.0,0.38,8.78,0.65,15.0,0.64,27.0,0.66,21.8,0.67,20.0,0.03,0.01,2319.3943,1776236446000
1776239133.836,33.836,0.42,20.0,0.41,20.0,0.44,32.75,0.45,10.0,0.57,4.9,0.56,26.75,0.58,10.0,0.59,10.0,0.02,0.01,2319.3943,1776236446000
1776239134.124,34.124,0.37,10.0,0.36,10.0,0.44,60.51,0.45,103.1,0.56,32.75,0.55,10.0,0.58,20.0,0.59,20.0,0.07,0.02,2319.3943,1776236446000
1776239134.338,34.338,0.39,10.0,0.38,10.0,0.4,14.62,0.41,65.0,0.56,60.51,0.55,103.1,0.63,7.0,0.64,10.0,0.01,0.07,2319.3943,1776236446000
1776239135.111,35.111,0.34,16.81,0.33,70.0,0.35,15.0,0.36,15.0,0.6,14.62,0.59,65.0,0.61,6.88,0.62,15.0,0.01,0.01,2319.3943,1776236446000
1776239135.688,35.688,0.27,115.0,0.26,25.0,0.28,13.7,0.29,10.0,0.65,20.0,0.64,24.0,0.66,6.73,0.68,70.0,0.01,0.01,2319.3943,1776236446000
1776239136.133,36.133,0.27,44.02,0.26,90.0,0.28,3.7,0.31,10.0,0.72,13.7,0.71,10.0,0.73,115.0,0.74,25.0,0.01,0.01,2319.3943,1776236446000
1776239136.402,36.402,0.33,86.3,0.32,70.0,0.38,6.9,0.39,6.0,0.63,10.0,0.62,17.0,0.67,61.3,0.73,54.02,0.05,0.04,2319.3943,1776236446000
1776239136.936,36.936,0.37,10.0,0.36,10.0,0.39,6.0,0.43,8.0,0.62,6.9,0.61,6.0,0.67,86.3,0.68,70.0,0.02,0.05,2319.3943,1776236446000
1776239137.274,37.274,0.33,131.3,0.32,70.0,0.34,10.0,0.35,10.0,0.61,6.0,0.57,8.0,0.63,10.0,0.64,10.0,0.01,0.02,2319.3943,1776236446000
1776239137.475,37.475,0.35,10.0,0.34,10.0,0.37,2.5,0.38,10.0,0.66,10.0,0.65,10.0,0.67,131.3,0.68,70.0,0.02,0.01,2319.3943,1776236446000
1776239137.749,37.749,0.37,5.0,0.36,15.0,0.38,32.68,0.39,21.0,0.63,2.5,0.62,10.0,0.65,10.0,0.66,10.0,0.01,0.02,2319.3943,1776236446000
1776239138.674,38.674,0.38,14.91,0.37,83.48,0.39,17.0,0.43,7.0,0.61,6.0,0.58,7.0,0.63,8.48,0.64,15.0,0.01,0.02,2319.3943,1776236446000
1776239139.184,39.184,0.42,10.0,0.41,10.0,0.43,22.0,0.44,45.51,0.57,7.0,0.56,25.51,0.62,14.91,0.63,83.48,0.01,0.05,2319.3943,1776236446000
1776239140.07,40.07,0.42,15.0,0.41,15.0,0.43,7.67,0.44,46.51,0.57,22.0,0.56,45.51,0.58,10.0,0.59,10.0,0.01,0.01,2319.3943,1776236446000
1776239142.097,42.097,0.33,61.2,0.32,80.0,0.36,16.0,0.37,16.0,0.57,7.67,0.56,46.51,0.58,15.0,0.59,15.0,0.03,0.01,2319.3943,1776236446000
1776239142.502,42.502,0.33,86.2,0.32,85.0,0.34,5.7,0.35,10.0,0.64,16.0,0.63,16.0,0.67,61.2,0.68,80.0,0.01,0.03,2319.3943,1776236446000
1776239144.188,44.188,0.35,68.46,0.34,33.0,0.36,17.0,0.39,20.0,0.66,0.4,0.65,10.0,0.67,81.2,0.68,85.0,0.01,0.01,2319.3943,1776236446000
1776239144.934,44.934,0.35,33.46,0.34,15.0,0.38,9.26,0.39,41.0,0.64,17.0,0.61,20.0,0.65,68.46,0.66,33.0,0.03,0.01,2319.3943,1776236446000
1776239145.456,45.456,0.37,30.0,0.36,15.0,0.38,5.0,0.39,20.0,0.62,9.26,0.61,41.0,0.65,33.46,0.66,15.0,0.01,0.03,2319.3943,1776236446000
1776239145.663,45.663,0.35,8.26,0.33,71.2,0.38,10.0,0.39,25.0,0.62,5.0,0.61,20.0,0.63,30.0,0.64,15.0,0.03,0.01,2319.3943,1776236446000
1776239147.059,47.059,0.38,25.0,0.37,31.0,0.43,10.0,0.44,111.51,0.62,10.0,0.61,25.0,0.65,6.52,0.67,71.2,0.05,0.03,2319.3943,1776236446000
1776239147.595,47.595,0.37,16.0,0.36,26.0,0.38,15.68,0.4,20.0,0.57,10.0,0.56,111.51,0.62,25.0,0.63,31.0,0.01,0.05,2319.3943,1776236446000
1776239149.213,49.213,0.36,29.79,0.35,20.0,0.37,17.0,0.39,10.0,0.62,15.68,0.6,20.0,0.63,16.0,0.64,26.0,0.01,0.01,2319.3943,1776236446000
1776239150.774,50.774,0.36,0.22,0.35,20.0,0.37,28.0,0.38,28.0,0.63,17.0,0.62,10.0,0.64,6.79,0.65,15.0,0.01,0.01,2319.3943,1776236446000
1776239151.209,51.209,0.36,20.22,0.35,20.0,0.37,5.0,0.38,18.0,0.63,28.0,0.62,28.0,0.64,0.22,0.65,20.0,0.01,0.01,2319.3943,1776236446000
1776239152.557,52.557,0.33,61.2,0.32,75.0,0.37,75.0,0.38,58.0,0.63,5.0,0.62,18.0,0.64,20.22,0.65,20.0,0.04,0.01,2319.3943,1776236446000
1776239153.025,53.025,0.33,60.2,0.32,80.0,0.34,32.0,0.35,31.0,0.63,75.0,0.62,58.0,0.67,61.2,0.68,75.0,0.01,0.04,2319.3943,1776236446000
1776239154.874,54.874,0.33,45.2,0.32,70.0,0.34,102.0,0.35,39.0,0.66,32.0,0.65,31.0,0.67,60.2,0.68,80.0,0.01,0.01,2319.3943,1776236446000
1776239155.134,55.134,0.33,7.75,0.32,70.0,0.34,102.0,0.35,39.0,0.66,102.0,0.65,39.0,0.67,34.2,0.68,70.0,0.01,0.01,2319.3943,1776236446000
1776239155.437,55.437,0.32,47.4,0.31,10.0,0.33,55.0,0.34,53.0,0.67,15.0,0.66,53.0,0.68,49.29,0.69,10.0,0.01,0.01,2319.3943,1776236446000
1776239155.744,55.744,0.32,0.4,0.31,10.0,0.33,27.0,0.34,15.0,0.67,55.0,0.66,53.0,0.68,47.4,0.69,10.0,0.01,0.01,2319.3943,1776236446000
1776239156.313,56.313,0.3,6.0,0.28,12.0,0.31,18.77,0.32,10.0,0.67,27.0,0.66,15.0,0.68,0.4,0.69,10.0,0.01,0.01,2319.3943,1776236446000
1776239157.477,57.477,0.27,29.0,0.26,10.0,0.28,7.0,0.29,15.0,0.69,18.77,0.68,10.0,0.72,12.0,0.73,5.0,0.01,0.03,2319.3943,1776236446000
1776239157.851,57.851,0.27,21.98,0.26,10.0,0.28,49.0,0.29,29.0,0.72,7.0,0.71,15.0,0.73,29.0,0.74,10.0,0.01,0.01,2319.3943,1776236446000
1776239158.076,58.076,0.37,12.63,0.36,15.0,0.38,50.0,0.39,50.0,0.71,14.0,0.62,61.0,0.72,5.0,0.73,27.98,0.01,0.01,2319.3943,1776236446000
1776239159.017,59.017,0.43,40.0,0.42,25.0,0.44,20.51,0.45,21.0,0.62,50.0,0.61,50.0,0.63,12.63,0.64,15.0,0.01,0.01,2319.3943,1776236446000
1776239161.045,61.045,0.43,25.0,0.42,20.0,0.44,55.14,0.45,10.0,0.56,20.51,0.55,21.0,0.57,40.0,0.58,25.0,0.01,0.01,2319.3943,1776236446000
1776239161.291,61.291,0.43,35.0,0.42,20.0,0.45,10.0,0.47,6.0,0.56,55.14,0.55,10.0,0.57,25.0,0.58,20.0,0.02,0.01,2319.3943,1776236446000
1776239161.909,61.909,0.45,3.24,0.44,20.0,0.47,11.0,0.48,22.0,0.53,6.0,0.52,22.0,0.56,20.0,0.57,47.0,0.02,0.03,2319.3943,1776236446000
1776239162.291,62.291,0.46,9.72,0.45,10.0,0.47,26.0,0.48,27.0,0.53,26.0,0.52,27.0,0.56,23.39,0.57,25.0,0.01,0.03,2319.3943,1776236446000
1776239162.694,62.694,0.46,9.9,0.45,10.0,0.47,22.0,0.48,92.76,0.53,26.0,0.52,27.0,0.54,9.72,0.55,10.0,0.01,0.01,2319.3943,1776236446000
1776239163.273,63.273,0.47,15.0,0.46,52.0,0.48,48.76,0.5,159.0,0.53,32.0,0.52,92.76,0.54,1.9,0.55,10.0,0.01,0.01,2319.3943,1776236446000
1776239163.593,63.593,0.49,27.0,0.48,15.0,0.5,147.0,0.51,267.68,0.52,48.76,0.5,159.0,0.53,15.0,0.54,52.0,0.01,0.01,2319.3943,1776236446000
1776239164.277,64.277,0.49,57.0,0.48,20.0,0.5,118.0,0.51,257.68,0.5,147.0,0.49,267.68,0.51,27.0,0.52,15.0,0.01,0.01,2319.3943,1776236446000
1776239164.765,64.765,0.49,38.13,0.48,25.0,0.5,188.83,0.51,252.68,0.5,118.0,0.49,257.68,0.51,57.0,0.52,20.0,0.01,0.01,2319.3943,1776236446000
1776239165.543,65.543,0.5,5.0,0.49,144.13,0.51,62.0,0.53,13.0,0.5,166.83,0.49,252.68,0.51,38.13,0.52,25.0,0.01,0.01,2319.3943,1776236446000
1776239165.788,65.788,0.5,28.8,0.49,126.13,0.53,13.0,0.54,45.0,0.47,13.0,0.46,45.0,0.5,36.0,0.51,126.13,0.03,0.03,2319.3943,1776236446000
1776239167.056,67.056,0.52,48.5,0.51,20.0,0.53,50.01,0.54,45.0,0.47,13.0,0.46,45.0,0.5,28.8,0.51,126.13,0.01,0.03,2319.3943,1776236446000
1776239167.726,67.726,0.52,0.76,0.51,20.0,0.53,50.01,0.54,108.25,0.47,50.01,0.46,45.0,0.48,48.5,0.49,20.0,0.01,0.01,2319.3943,1776236446000
1776239168.235,68.235,0.51,21.59,0.5,35.0,0.52,7.0,0.53,23.01,0.47,50.01,0.46,108.25,0.48,0.76,0.49,20.0,0.01,0.01,2319.3943,1776236446000
1776239168.566,68.566,0.51,36.59,0.5,46.0,0.53,22.63,0.54,45.0,0.48,7.0,0.47,23.01,0.49,21.59,0.5,35.0,0.02,0.01,2319.3943,1776236446000
1776239169.891,69.891,0.52,29.91,0.51,19.59,0.53,49.63,0.54,45.0,0.47,22.63,0.46,45.0,0.49,36.59,0.5,46.0,0.01,0.02,2319.3943,1776236446000
1776239171.815,71.815,0.52,21.57,0.51,19.59,0.53,29.63,0.54,50.0,0.47,89.63,0.46,50.0,0.48,27.82,0.49,19.59,0.01,0.01,2319.3943,1776236446000
1776239173.135,73.135,0.52,10.32,0.51,19.59,0.53,29.63,0.54,50.0,0.47,29.63,0.46,50.0,0.48,21.57,0.49,19.59,0.01,0.01,2319.3943,1776236446000
1776239174.768,74.768,0.52,0.1,0.48,105.0,0.53,99.63,0.54,125.0,0.47,29.63,0.46,50.0,0.48,10.32,0.49,19.59,0.01,0.01,2319.3943,1776236446000
1776239177.117,77.117,0.46,92.3,0.45,100.0,0.47,21.0,0.48,10.0,0.47,99.63,0.46,137.68,0.52,105.0,0.53,153.0,0.01,0.05,2319.3943,1776236446000
1776239178.251,78.251,0.38,137.0,0.37,53.26,0.46,10.0,0.47,11.0,0.54,16.0,0.53,10.0,0.55,81.89,0.56,100.0,0.08,0.01,2319.3943,1776236446000
1776239178.522,78.522,0.45,10.0,0.44,41.0,0.5,96.76,0.51,187.0,0.51,6.0,0.5,100.0,0.55,10.0,0.56,41.0,0.05,0.04,2319.3943,1776236446000
1776239180.031,80.031,0.5,71.02,0.49,15.0,0.51,175.0,0.52,175.0,0.49,187.0,0.48,170.0,0.53,29.0,0.55,6.0,0.01,0.04,2319.3943,1776236446000
1776239180.412,80.412,0.5,45.9,0.49,15.0,0.51,180.0,0.52,175.0,0.49,175.0,0.48,175.0,0.5,53.34,0.51,15.0,0.01,0.01,2319.3943,1776236446000
1776239180.76,80.76,0.5,23.06,0.49,20.0,0.51,105.0,0.52,105.0,0.49,180.0,0.48,175.0,0.5,45.9,0.51,15.0,0.01,0.01,2319.3943,1776236446000
1776239181.147,81.147,0.52,15.0,0.51,22.0,0.55,100.0,0.56,135.23,0.49,114.75,0.48,105.0,0.5,23.06,0.51,20.0,0.03,0.01,2319.3943,1776236446000
1776239181.837,81.837,0.55,55.0,0.54,115.0,0.57,77.0,0.58,95.0,0.44,2.99,0.43,102.0,0.45,10.0,0.46,15.0,0.02,0.01,2319.3943,1776236446000
1776239182.095,82.095,0.56,155.0,0.55,140.0,0.58,75.0,0.59,117.0,0.43,77.0,0.42,95.0,0.45,55.0,0.46,115.0,0.02,0.02,2319.3943,1776236446000
1776239183.216,83.216,0.58,4.29,0.57,25.0,0.59,86.0,0.6,37.0,0.41,87.0,0.4,25.0,0.42,4.95,0.43,20.0,0.01,0.01,2319.3943,1776236446000
1776239184.057,84.057,0.58,4.29,0.57,25.0,0.59,68.61,0.6,37.0,0.41,86.0,0.4,37.0,0.42,4.29,0.43,25.0,0.01,0.01,2319.3943,1776236446000
1776239184.801,84.801,0.58,14.29,0.57,137.0,0.59,15.61,0.6,7.0,0.41,68.61,0.4,37.0,0.42,4.29,0.43,25.0,0.01,0.01,2319.3943,1776236446000
1776239185.175,85.175,0.58,157.9,0.57,137.0,0.59,6.0,0.6,10.0,0.41,15.61,0.4,7.0,0.42,14.29,0.43,137.0,0.01,0.01,2319.3943,1776236446000
1776239185.383,85.383,0.58,152.9,0.57,137.0,0.61,7.0,0.62,25.0,0.41,6.0,0.4,10.0,0.42,157.9,0.43,137.0,0.03,0.01,2319.3943,1776236446000
1776239185.929,85.929,0.62,160.0,0.61,162.0,0.63,65.56,0.65,145.79,0.39,7.0,0.38,25.0,0.42,152.9,0.43,137.0,0.01,0.03,2319.3943,1776236446000
1776239186.959,86.959,0.64,45.0,0.63,10.0,0.65,115.85,0.66,63.0,0.35,139.82,0.34,83.0,0.36,5.0,0.38,165.0,0.01,0.01,2319.3943,1776236446000
1776239187.544,87.544,0.64,45.0,0.63,10.0,0.65,115.4,0.66,63.0,0.35,115.85,0.34,63.0,0.36,45.0,0.37,10.0,0.01,0.01,2319.3943,1776236446000
1776239187.882,87.882,0.64,87.0,0.63,23.0,0.65,41.4,0.67,80.0,0.35,115.4,0.34,63.0,0.36,45.0,0.37,10.0,0.01,0.01,2319.3943,1776236446000
1776239188.658,88.658,0.65,10.0,0.64,50.0,0.67,170.0,0.68,5.0,0.33,80.0,0.31,8.0,0.36,115.0,0.37,35.0,0.02,0.03,2319.3943,1776236446000
1776239189.128,89.128,0.65,39.1,0.64,75.0,0.66,8.55,0.67,80.0,0.34,125.0,0.33,101.0,0.35,4.1,0.36,50.0,0.01,0.01,2319.3943,1776236446000
1776239189.77,89.77,0.64,35.0,0.62,10.0,0.65,6.9,0.66,170.0,0.34,8.55,0.33,80.0,0.35,39.1,0.36,75.0,0.01,0.01,2319.3943,1776236446000
1776239191.323,91.323,0.58,6.19,0.57,85.0,0.59,13.0,0.6,15.0,0.37,5.5,0.35,102.9,0.4,36.06,0.41,23.0,0.01,0.03,2319.3943,1776236446000
1776239191.797,91.797,0.58,69.19,0.57,37.0,0.59,1.3,0.6,8.0,0.41,11.3,0.4,15.0,0.42,6.19,0.43,85.0,0.01,0.01,2319.3943,1776236446000
1776239192.939,92.939,0.6,58.45,0.59,32.94,0.61,37.0,0.62,26.0,0.41,1.3,0.4,8.0,0.42,69.19,0.43,37.0,0.01,0.01,2319.3943,1776236446000
1776239193.387,93.387,0.6,53.69,0.59,22.0,0.61,17.0,0.62,26.0,0.39,37.0,0.38,26.0,0.4,58.45,0.41,32.94,0.01,0.01,2319.3943,1776236446000
1776239193.772,93.772,0.6,53.69,0.59,27.0,0.61,15.36,0.62,26.0,0.39,17.0,0.38,26.0,0.4,53.69,0.41,22.0,0.01,0.01,2319.3943,1776236446000
1776239196.916,96.916,0.63,98.0,0.62,61.0,0.64,1.99,0.67,70.0,0.39,15.36,0.38,26.0,0.4,53.69,0.41,27.0,0.01,0.01,2319.3943,1776236446000
1776239197.333,97.333,0.66,45.0,0.65,49.0,0.67,75.0,0.68,8.0,0.36,1.99,0.33,70.0,0.37,98.0,0.38,61.0,0.01,0.01,2319.3943,1776236446000
1776239198.194,98.194,0.66,75.29,0.65,25.94,0.67,75.0,0.68,13.0,0.33,75.0,0.32,8.0,0.34,45.0,0.35,49.0,0.01,0.01,2319.3943,1776236446000
1776239198.632,98.632,0.66,86.29,0.65,38.94,0.67,35.0,0.69,16.8,0.33,75.0,0.32,13.0,0.34,75.29,0.35,25.94,0.01,0.01,2319.3943,1776236446000
1776239199.035,99.035,0.68,45.0,0.67,58.0,0.69,21.8,0.7,5.0,0.31,16.8,0.29,59.0,0.34,86.29,0.35,38.94,0.01,0.03,2319.3943,1776236446000
1776239199.759,99.759,0.66,15.0,0.65,33.0,0.69,30.8,0.7,15.0,0.31,21.8,0.3,5.0,0.32,45.0,0.33,58.0,0.03,0.01,2319.3943,1776236446000
1776239200.879,100.879,0.67,10.0,0.66,15.0,0.68,11.0,0.69,31.8,0.31,30.8,0.3,15.0,0.34,15.0,0.35,33.0,0.01,0.03,2319.3943,1776236446000
1776239201.106,101.106,0.65,20.0,0.64,62.06,0.66,39.54,0.67,14.0,0.34,35.0,0.32,16.0,0.35,15.0,0.36,62.06,0.01,0.01,2319.3943,1776236446000
1776239203.258,103.258,0.68,107.0,0.67,41.94,0.69,0.8,0.73,9.0,0.34,34.54,0.33,14.0,0.35,30.0,0.36,62.06,0.01,0.01,2319.3943,1776236446000
1776239204.414,104.414,0.68,82.0,0.67,42.94,0.69,1.4,0.71,50.0,0.31,0.8,0.27,9.0,0.32,107.0,0.33,41.94,0.01,0.01,2319.3943,1776236446000
1776239206.845,106.845,0.68,102.0,0.67,45.63,0.71,37.27,0.73,9.0,0.31,1.4,0.29,50.0,0.32,82.0,0.33,42.94,0.03,0.01,2319.3943,1776236446000
1776239207.456,107.456,0.68,44.0,0.67,29.94,0.71,35.0,0.72,15.0,0.29,37.27,0.27,9.0,0.32,102.0,0.33,45.63,0.03,0.03,2319.3943,1776236446000
1776239209.613,109.613,0.73,25.0,0.72,15.0,0.74,42.9,0.75,45.0,0.29,35.0,0.28,15.0,0.32,44.0,0.33,29.94,0.01,0.03,2319.3943,1776236446000
1776239210.057,110.057,0.73,20.0,0.72,15.0,0.74,52.45,0.75,30.0,0.26,42.9,0.25,45.0,0.27,25.0,0.28,15.0,0.01,0.01,2319.3943,1776236446000
1776239210.805,110.805,0.73,9.25,0.72,15.0,0.74,32.45,0.75,36.0,0.26,52.45,0.25,30.0,0.27,20.0,0.28,15.0,0.01,0.01,2319.3943,1776236446000
1776239211.842,111.842,0.72,15.0,0.71,27.0,0.74,47.45,0.75,30.0,0.26,32.45,0.25,36.0,0.27,9.25,0.28,15.0,0.02,0.01,2319.3943,1776236446000
1776239213.933,113.933,0.73,20.0,0.72,15.0,0.74,32.38,0.75,40.0,0.26,47.45,0.25,30.0,0.28,15.0,0.29,27.0,0.01,0.02,2319.3943,1776236446000
1776239220.612,120.612,0.73,20.0,0.72,15.0,0.75,3.38,0.77,40.3,0.26,32.38,0.25,40.0,0.27,20.0,0.28,15.0,0.02,0.01,2319.3943,1776236446000
1776239221.525,121.525,0.74,20.0,0.73,20.0,0.75,12.04,0.77,45.3,0.25,3.38,0.23,40.3,0.27,20.0,0.28,15.0,0.01,0.02,2319.3943,1776236446000
1776239223.771,123.771,0.7,4.36,0.69,15.0,0.72,100.0,0.73,68.0,0.25,12.04,0.23,45.3,0.26,20.0,0.27,20.0,0.02,0.01,2319.3943,1776236446000
1776239224.008,124.008,0.69,19.9,0.68,20.0,0.7,11.87,0.71,62.0,0.29,29.0,0.28,84.0,0.31,14.9,0.32,15.0,0.01,0.02,2319.3943,1776236446000
1776239224.55,124.55,0.7,20.0,0.69,19.9,0.71,27.55,0.72,45.0,0.3,6.87,0.29,57.0,0.31,19.9,0.32,20.0,0.01,0.01,2319.3943,1776236446000
1776239225.117,125.117,0.68,15.0,0.67,15.0,0.71,76.55,0.72,45.0,0.29,27.55,0.28,45.0,0.3,20.0,0.31,19.9,0.03,0.01,2319.3943,1776236446000
1776239225.517,125.517,0.67,5.0,0.66,5.0,0.68,19.55,0.69,20.0,0.29,76.55,0.28,45.0,0.32,15.0,0.33,15.0,0.01,0.03,2319.3943,1776236446000
1776239226.072,126.072,0.62,5.0,0.61,11.0,0.63,13.44,0.64,19.0,0.35,9.28,0.34,8.05,0.36,41.06,0.37,30.0,0.01,0.01,2319.3943,1776236446000
1776239226.735,126.735,0.59,41.06,0.58,40.19,0.6,18.55,0.61,24.0,0.37,18.44,0.36,19.0,0.39,10.64,0.4,47.06,0.01,0.02,2319.3943,1776236446000
1776239227.699,127.699,0.59,42.64,0.58,45.19,0.6,18.55,0.61,24.0,0.4,18.55,0.39,24.0,0.41,41.06,0.42,40.19,0.01,0.01,2319.3943,1776236446000
1776239229.07,129.07,0.58,2.19,0.57,21.0,0.59,18.0,0.6,23.55,0.4,18.55,0.39,24.0,0.41,42.64,0.42,45.19,0.01,0.01,2319.3943,1776236446000
1776239229.442,129.442,0.57,42.72,0.56,106.06,0.59,10.0,0.6,10.0,0.41,15.0,0.4,15.0,0.43,11.0,0.44,101.06,0.02,0.02,2319.3943,1776236446000
1776239230.109,130.109,0.57,33.89,0.56,89.0,0.58,10.0,0.59,15.0,0.41,10.0,0.4,10.0,0.43,42.72,0.44,106.06,0.01,0.02,2319.3943,1776236446000
1776239230.934,130.934,0.57,15.83,0.56,117.06,0.59,5.0,0.6,15.0,0.42,10.0,0.41,15.0,0.43,33.89,0.44,89.0,0.02,0.01,2319.3943,1776236446000
1776239232.698,132.698,0.55,34.2,0.54,93.0,0.56,23.0,0.57,18.0,0.41,5.0,0.4,15.0,0.43,15.83,0.44,117.06,0.01,0.02,2319.3943,1776236446000
1776239232.956,132.956,0.54,59.29,0.53,97.0,0.57,25.0,0.58,20.99,0.43,25.0,0.42,20.99,0.44,5.0,0.46,131.06,0.03,0.01,2319.3943,1776236446000
1776239233.953,133.953,0.54,31.23,0.53,109.0,0.55,10.0,0.56,14.91,0.44,9.91,0.43,30.0,0.46,74.29,0.47,97.0,0.01,0.02,2319.3943,1776236446000
1776239234.449,134.449,0.54,41.0,0.53,104.0,0.55,4.0,0.56,14.91,0.45,10.0,0.44,14.91,0.46,31.23,0.47,109.0,0.01,0.01,2319.3943,1776236446000
1776239235.076,135.076,0.54,54.53,0.53,99.0,0.55,15.0,0.56,14.91,0.45,10.0,0.44,14.91,0.46,46.71,0.47,104.0,0.01,0.01,2319.3943,1776236446000
1776239235.955,135.955,0.54,49.53,0.53,99.0,0.55,1.0,0.56,14.91,0.45,15.0,0.44,14.91,0.46,54.53,0.47,99.0,0.01,0.01,2319.3943,1776236446000
1776239236.701,136.701,0.54,55.53,0.53,99.0,0.56,10.71,0.57,25.0,0.45,1.0,0.44,14.91,0.46,49.53,0.47,99.0,0.02,0.01,2319.3943,1776236446000
1776239240.72,140.72,0.66,10.0,0.65,15.0,0.67,66.74,0.68,5.0,0.44,10.71,0.43,25.0,0.46,55.53,0.47,99.0,0.01,0.02,2319.3943,1776236446000
1776239241.186,141.186,0.66,34.84,0.65,20.0,0.67,73.73,0.68,24.0,0.33,59.18,0.32,14.0,0.34,52.41,0.35,27.69,0.01,0.01,2319.3943,1776236446000
1776239241.533,141.533,0.61,7.16,0.6,10.0,0.62,10.0,0.63,10.0,0.33,73.73,0.32,24.0,0.34,34.84,0.35,20.0,0.01,0.01,2319.3943,1776236446000
1776239241.928,141.928,0.56,10.0,0.55,10.0,0.57,8.24,0.58,10.0,0.4,10.0,0.39,80.0,0.43,19.9,0.44,26.0,0.01,0.03,2319.3943,1776236446000
1776239242.15,142.15,0.56,10.0,0.55,5.0,0.57,6.24,0.58,10.0,0.43,8.24,0.42,10.0,0.44,10.0,0.45,10.0,0.01,0.01,2319.3943,1776236446000
1776239242.488,142.488,0.54,0.14,0.53,70.0,0.57,9.24,0.58,18.0,0.43,6.24,0.42,10.0,0.44,10.0,0.45,5.0,0.03,0.01,2319.3943,1776236446000
1776239242.914,142.914,0.54,6.14,0.53,75.0,0.55,18.0,0.56,18.0,0.43,9.24,0.42,18.0,0.46,0.14,0.47,70.0,0.01,0.03,2319.3943,1776236446000
1776239243.328,143.328,0.59,51.59,0.58,16.0,0.6,6.0,0.61,81.0,0.45,18.0,0.44,18.0,0.46,6.14,0.47,75.0,0.01,0.01,2319.3943,1776236446000
1776239243.942,143.942,0.6,92.81,0.59,20.0,0.61,1.36,0.65,11.0,0.39,63.36,0.35,23.0,0.4,5.22,0.41,35.0,0.01,0.01,2319.3943,1776236446000
1776239245.355,145.355,0.66,17.05,0.65,15.0,0.67,16.0,0.68,5.0,0.35,11.0,0.33,6.0,0.4,92.81,0.41,20.0,0.01,0.05,2319.3943,1776236446000
1776239246.032,146.032,0.71,15.0,0.7,15.0,0.72,4.0,0.74,10.0,0.33,16.0,0.32,5.0,0.34,17.05,0.35,15.0,0.01,0.01,2319.3943,1776236446000
1776239246.55,146.55,0.75,9.6,0.74,15.0,0.76,55.99,0.77,13.0,0.27,9.9,0.24,69.7,0.28,10.0,0.29,15.0,0.01,0.01,2319.3943,1776236446000
1776239247.461,147.461,0.75,8.6,0.74,15.0,0.76,38.59,0.77,18.0,0.24,33.59,0.23,13.0,0.25,4.6,0.26,15.0,0.01,0.01,2319.3943,1776236446000
1776239247.997,147.997,0.74,13.65,0.73,15.0,0.76,38.59,0.77,18.0,0.24,38.59,0.23,18.0,0.25,8.6,0.26,15.0,0.02,0.01,2319.3943,1776236446000
1776239249.462,149.462,0.75,75.0,0.74,13.65,0.76,33.47,0.77,18.0,0.24,38.59,0.23,18.0,0.26,13.65,0.27,15.0,0.01,0.02,2319.3943,1776236446000
1776239250.762,150.762,0.75,50.0,0.74,13.65,0.76,28.47,0.77,18.0,0.24,33.47,0.23,18.0,0.25,75.0,0.26,13.65,0.01,0.01,2319.3943,1776236446000
1776239253.763,153.763,0.75,2.0,0.74,10.0,0.76,143.47,0.77,5.0,0.24,28.47,0.23,18.0,0.25,50.0,0.26,13.65,0.01,0.01,2319.3943,1776236446000
1776239255.413,155.413,0.74,2.3,0.73,15.0,0.75,34.0,0.76,112.47,0.24,105.47,0.23,5.0,0.28,2.05,0.29,10.0,0.01,0.04,2319.3943,1776236446000
1776239257.715,157.715,0.72,6.03,0.71,15.0,0.73,24.0,0.74,24.0,0.25,34.0,0.24,112.47,0.26,2.3,0.27,15.0,0.01,0.01,2319.3943,1776236446000
1776239262.307,162.307,0.72,17.85,0.71,15.0,0.73,24.0,0.74,14.0,0.27,24.0,0.26,24.0,0.28,6.03,0.29,15.0,0.01,0.01,2319.3943,1776236446000
1776239263.72,163.72,0.72,78.85,0.71,47.99,0.76,73.47,0.77,11.0,0.27,24.0,0.26,14.0,0.28,17.85,0.29,15.0,0.04,0.01,2319.3943,1776236446000
1776239264.056,164.056,0.75,80.0,0.74,15.0,0.76,60.33,0.78,17.0,0.24,73.47,0.23,11.0,0.28,78.85,0.29,47.99,0.01,0.04,2319.3943,1776236446000
1776239264.484,164.484,0.75,55.0,0.74,15.0,0.76,9.91,0.77,5.0,0.24,60.33,0.22,17.0,0.25,80.0,0.26,15.0,0.01,0.01,2319.3943,1776236446000
1776239264.882,164.882,0.75,55.0,0.74,15.0,0.76,8.17,0.78,27.0,0.24,9.91,0.23,5.0,0.25,55.0,0.26,15.0,0.01,0.01,2319.3943,1776236446000
1776239266.874,166.874,0.75,24.0,0.74,15.0,0.76,47.17,0.77,20.0,0.24,8.17,0.22,27.0,0.25,55.0,0.26,15.0,0.01,0.01,2319.3943,1776236446000
1776239268.864,168.864,0.72,15.0,0.71,51.59,0.74,23.49,0.75,39.0,0.24,47.17,0.23,20.0,0.25,24.0,0.26,15.0,0.02,0.01,2319.3943,1776236446000
1776239269.129,169.129,0.68,16.93,0.67,5.0,0.69,32.0,0.7,32.0,0.26,23.49,0.25,39.0,0.28,15.0,0.29,51.59,0.01,0.02,2319.3943,1776236446000
1776239270.194,170.194,0.64,17.94,0.63,24.0,0.66,29.0,0.67,12.88,0.33,7.88,0.32,10.0,0.35,31.0,0.36,15.0,0.02,0.02,2319.3943,1776236446000
1776239270.544,170.544,0.64,16.49,0.63,24.0,0.65,24.0,0.66,24.0,0.34,29.0,0.33,12.88,0.36,17.94,0.37,24.0,0.01,0.02,2319.3943,1776236446000
1776239271.4,171.4,0.63,1.17,0.62,25.0,0.66,15.0,0.67,12.88,0.35,24.0,0.34,24.0,0.36,16.49,0.37,24.0,0.03,0.01,2319.3943,1776236446000
1776239276.029,176.029,0.59,5.0,0.58,81.0,0.6,6.13,0.61,10.0,0.34,15.0,0.33,12.88,0.37,1.17,0.38,25.0,0.01,0.03,2319.3943,1776236446000
1776239276.612,176.612,0.58,115.54,0.57,103.3,0.59,4.91,0.6,11.13,0.4,11.13,0.39,20.0,0.42,66.14,0.43,90.3,0.01,0.02,2319.3943,1776236446000
1776239279.532,179.532,0.57,5.3,0.52,11.0,0.58,5.0,0.59,24.91,0.41,4.91,0.4,11.13,0.42,115.54,0.43,103.3,0.01,0.01,2319.3943,1776236446000
1776239281.713,181.713,0.52,26.75,0.51,142.0,0.53,64.81,0.54,30.0,0.47,27.0,0.46,15.0,0.48,1.37,0.49,130.0,0.01,0.01,2319.3943,1776236446000
1776239282.286,182.286,0.53,89.0,0.52,161.75,0.55,5.99,0.56,5.0,0.47,64.81,0.46,30.0,0.48,26.75,0.49,142.0,0.02,0.01,2319.3943,1776236446000
1776239282.558,182.558,0.54,153.0,0.53,198.0,0.56,14.33,0.57,30.0,0.45,5.99,0.44,5.0,0.47,89.0,0.48,161.75,0.02,0.02,2319.3943,1776236446000
1776239283.196,183.196,0.55,0.94,0.53,92.0,0.56,29.0,0.57,20.0,0.44,14.33,0.43,30.0,0.46,153.0,0.47,198.0,0.01,0.02,2319.3943,1776236446000
1776239284.017,184.017,0.53,108.31,0.52,49.38,0.54,12.98,0.55,10.0,0.44,29.0,0.43,20.0,0.45,0.94,0.47,92.0,0.01,0.01,2319.3943,1776236446000
1776239284.951,184.951,0.64,5.0,0.63,15.0,0.65,8.3,0.66,23.0,0.45,10.0,0.44,15.0,0.47,108.31,0.48,49.38,0.01,0.02,2319.3943,1776236446000
1776239285.303,185.303,0.61,0.85,0.6,5.0,0.64,15.0,0.65,2.63,0.35,2.63,0.34,23.0,0.37,14.01,0.38,15.0,0.03,0.02,2319.3943,1776236446000
1776239285.59,185.59,0.59,20.0,0.58,6.0,0.6,5.0,0.61,10.0,0.38,10.0,0.37,10.0,0.41,3.49,0.42,6.0,0.01,0.03,2319.3943,1776236446000
1776239285.858,185.858,0.59,32.31,0.58,16.0,0.61,5.77,0.62,15.0,0.4,5.0,0.39,10.0,0.41,20.0,0.42,6.0,0.02,0.01,2319.3943,1776236446000
1776239287.174,187.174,0.61,5.01,0.6,18.0,0.62,21.64,0.63,15.0,0.39,5.77,0.38,15.0,0.41,32.31,0.42,16.0,0.01,0.02,2319.3943,1776236446000
1776239287.403,187.403,0.61,5.01,0.6,18.0,0.62,15.02,0.63,15.0,0.38,21.64,0.37,15.0,0.39,5.01,0.4,18.0,0.01,0.01,2319.3943,1776236446000
1776239290.655,190.655,0.62,11.0,0.61,134.01,0.68,8.0,0.72,10.0,0.38,15.02,0.37,15.0,0.39,5.01,0.4,18.0,0.06,0.01,2319.3943,1776236446000
1776239292.802,192.802,0.68,10.0,0.67,22.27,0.69,78.34,0.7,51.0,0.28,2.63,0.26,68.7,0.38,11.0,0.39,134.01,0.01,0.1,2319.3943,1776236446000
1776239293.492,193.492,0.63,16.42,0.62,20.0,0.69,24.34,0.7,25.0,0.31,29.34,0.3,51.0,0.32,10.0,0.33,22.27,0.06,0.01,2319.3943,1776236446000
1776239294.983,194.983,0.68,85.0,0.67,96.47,0.69,3.4,0.76,58.17,0.31,24.34,0.3,25.0,0.37,16.42,0.38,20.0,0.01,0.06,2319.3943,1776236446000
1776239295.424,195.424,0.72,12.94,0.69,10.0,0.76,2.26,0.78,10.0,0.24,8.17,0.23,5.0,0.32,92.0,0.33,96.47,0.04,0.08,2319.3943,1776236446000
1776239295.849,195.849,0.74,10.0,0.72,11.0,0.78,2.48,0.79,9.0,0.24,0.93,0.22,10.0,0.28,12.94,0.31,10.0,0.04,0.04,2319.3943,1776236446000
1776239296.074,196.074,0.74,10.0,0.73,10.0,0.75,5.0,0.76,10.0,0.22,2.48,0.21,9.0,0.26,10.0,0.28,11.0,0.01,0.04,2319.3943,1776236446000
1776239296.462,196.462,0.7,10.0,0.69,16.0,0.72,7.83,0.73,10.0,0.25,5.0,0.24,10.0,0.26,10.0,0.27,10.0,0.02,0.01,2319.3943,1776236446000
1776239296.935,196.935,0.71,4.34,0.7,16.0,0.73,4.99,0.76,79.0,0.28,15.0,0.27,20.0,0.29,4.34,0.3,10.0,0.02,0.01,2319.3943,1776236446000
1776239297.327,197.327,0.74,15.0,0.73,10.0,0.76,80.84,0.77,22.0,0.24,79.0,0.23,22.0,0.28,8.57,0.29,4.34,0.02,0.04,2319.3943,1776236446000
1776239301.594,201.594,0.72,30.1,0.71,22.0,0.73,42.25,0.74,23.0,0.24,80.84,0.23,22.0,0.26,15.0,0.27,10.0,0.01,0.02,2319.3943,1776236446000
1776239302.151,202.151,0.72,90.7,0.71,22.0,0.73,40.19,0.74,23.0,0.27,42.25,0.26,23.0,0.28,30.1,0.29,22.0,0.01,0.01,2319.3943,1776236446000
1776239303.847,203.847,0.72,50.1,0.71,22.0,0.73,37.73,0.74,28.0,0.27,40.19,0.26,23.0,0.28,90.7,0.29,22.0,0.01,0.01,2319.3943,1776236446000
1776239304.214,204.214,0.72,25.27,0.71,22.0,0.73,42.73,0.74,28.0,0.27,37.73,0.26,28.0,0.28,46.52,0.29,22.0,0.01,0.01,2319.3943,1776236446000
1776239305.211,205.211,0.69,5.0,0.68,10.0,0.71,0.04,0.72,15.0,0.27,42.73,0.26,28.0,0.28,25.27,0.29,22.0,0.02,0.01,2319.3943,1776236446000
1776239306.605,206.605,0.69,84.75,0.68,21.31,0.7,5.0,0.71,5.0,0.3,10.0,0.29,5.04,0.31,19.85,0.32,10.0,0.01,0.01,2319.3943,1776236446000
1776239306.822,206.822,0.69,93.39,0.68,21.31,0.7,5.0,0.71,5.0,0.3,5.0,0.29,5.0,0.31,84.75,0.32,21.31,0.01,0.01,2319.3943,1776236446000
1776239308.704,208.704,0.71,10.0,0.7,10.0,0.74,12.78,0.77,10.0,0.3,5.0,0.29,5.0,0.31,93.39,0.32,21.31,0.03,0.01,2319.3943,1776236446000
1776239309.815,209.815,0.75,23.0,0.74,16.0,0.77,15.0,0.78,7.48,0.26,12.78,0.23,10.0,0.29,10.0,0.3,10.0,0.02,0.03,2319.3943,1776236446000
1776239313.3,213.3,0.75,47.83,0.74,16.0,0.76,3.68,0.77,5.0,0.23,15.0,0.22,7.48,0.25,23.0,0.26,16.0,0.01,0.02,2319.3943,1776236446000
1776239313.674,213.674,0.75,47.83,0.74,16.0,0.76,2.36,0.77,5.0,0.24,3.68,0.23,5.0,0.25,47.83,0.26,16.0,0.01,0.01,2319.3943,1776236446000
1776239316.066,216.066,0.75,47.83,0.74,16.0,0.77,0.83,0.78,2.48,0.24,2.36,0.23,5.0,0.25,47.83,0.26,16.0,0.02,0.01,2319.3943,1776236446000
1776239317.769,217.769,0.77,25.0,0.76,15.0,0.79,15.0,0.8,10.0,0.23,0.83,0.22,2.48,0.25,47.83,0.26,16.0,0.02,0.02,2319.3943,1776236446000
1776239318.91,218.91,0.79,15.0,0.78,20.0,0.83,5.29,0.84,36.8,0.21,15.0,0.2,10.0,0.23,25.0,0.24,15.0,0.04,0.02,2319.3943,1776236446000
1776239319.112,219.112,0.81,10.0,0.8,21.0,0.82,19.39,0.83,0.19,0.19,1.23,0.18,10.0,0.2,16.0,0.21,25.0,0.01,0.01,2319.3943,1776236446000
1776239319.612,219.612,0.8,26.0,0.79,25.0,0.82,10.73,0.83,0.19,0.18,16.95,0.17,0.19,0.2,21.0,0.21,25.0,0.02,0.02,2319.3943,1776236446000
1776239320.397,220.397,0.73,9.34,0.72,14.0,0.74,10.0,0.75,10.0,0.18,10.73,0.17,0.19,0.28,4.78,0.29,137.5,0.01,0.1,2319.3943,1776236446000
1776239321.48,221.48,0.74,5.0,0.73,29.0,0.75,3.33,0.76,10.0,0.26,12.33,0.25,10.0,0.27,9.34,0.28,14.0,0.01,0.01,2319.3943,1776236446000
1776239323.137,223.137,0.74,12.0,0.69,5.0,0.75,13.33,0.76,10.0,0.25,3.33,0.24,10.0,0.26,5.0,0.27,29.0,0.01,0.01,2319.3943,1776236446000
1776239323.344,223.344,0.65,30.0,0.62,10.0,0.73,7.31,0.75,13.33,0.25,13.33,0.24,10.0,0.26,5.69,0.35,30.0,0.08,0.01,2319.3943,1776236446000
1776239324.169,224.169,0.67,102.23,0.66,15.0,0.7,10.0,0.71,10.0,0.27,7.31,0.25,13.33,0.35,30.0,0.38,10.0,0.03,0.08,2319.3943,1776236446000
1776239324.792,224.792,0.68,15.0,0.67,107.23,0.69,4.37,0.7,10.0,0.31,6.52,0.3,10.0,0.32,5.0,0.33,107.23,0.01,0.01,2319.3943,1776236446000
1776239327.322,227.322,0.69,64.43,0.68,41.0,0.7,2.85,0.71,10.0,0.31,4.37,0.3,10.0,0.32,15.0,0.33,107.23,0.01,0.01,2319.3943,1776236446000
1776239330.042,230.042,0.71,30.17,0.7,20.0,0.72,7.22,0.73,22.31,0.3,2.85,0.29,10.0,0.31,64.43,0.32,41.0,0.01,0.01,2319.3943,1776236446000
1776239330.566,230.566,0.71,30.17,0.7,26.31,0.73,22.31,0.74,10.0,0.28,7.22,0.27,22.31,0.29,30.17,0.3,20.0,0.02,0.01,2319.3943,1776236446000
1776239331.763,231.763,0.72,37.45,0.71,20.0,0.73,15.94,0.74,15.0,0.27,22.31,0.26,10.0,0.29,30.17,0.3,26.31,0.01,0.02,2319.3943,1776236446000
1776239333.495,233.495,0.72,15.0,0.71,15.0,0.73,8.88,0.74,15.0,0.27,15.94,0.26,15.0,0.28,37.45,0.29,20.0,0.01,0.01,2319.3943,1776236446000
1776239337.888,237.888,0.74,70.78,0.73,96.0,0.8,16.58,0.81,88.4,0.27,8.88,0.26,15.0,0.28,15.0,0.29,15.0,0.06,0.01,2319.3943,1776236446000
1776239338.424,238.424,0.76,25.0,0.75,25.0,0.77,15.0,0.78,10.0,0.2,16.58,0.19,88.4,0.26,70.78,0.27,96.0,0.01,0.06,2319.3943,1776236446000
1776239339.903,239.903,0.76,34.81,0.75,15.0,0.77,18.7,0.78,10.0,0.23,15.0,0.22,10.0,0.24,25.0,0.25,25.0,0.01,0.01,2319.3943,1776236446000
1776239340.514,240.514,0.76,84.81,0.75,15.0,0.77,13.5,0.78,10.0,0.23,9.8,0.22,10.0,0.24,34.81,0.25,15.0,0.01,0.01,2319.3943,1776236446000
1776239340.982,240.982,0.76,117.18,0.75,15.0,0.77,3.91,0.78,10.0,0.23,7.07,0.22,10.0,0.24,89.81,0.25,15.0,0.01,0.01,2319.3943,1776236446000
1776239341.811,241.811,0.76,107.18,0.75,85.0,0.77,11.1,0.78,10.0,0.23,3.91,0.22,10.0,0.24,117.18,0.25,15.0,0.01,0.01,2319.3943,1776236446000
1776239342.657,242.657,0.76,108.84,0.75,85.0,0.77,15.0,0.78,10.0,0.23,4.6,0.22,10.0,0.24,107.18,0.25,85.0,0.01,0.01,2319.3943,1776236446000
1776239347.075,247.075,0.78,53.02,0.77,25.0,0.8,5.26,0.81,67.07,0.23,15.0,0.22,10.0,0.24,108.84,0.25,85.0,0.02,0.01,2319.3943,1776236446000
1776239347.376,247.376,0.79,12.38,0.78,53.02,0.8,8.56,0.81,67.07,0.2,8.56,0.19,67.07,0.22,53.02,0.23,25.0,0.01,0.02,2319.3943,1776236446000
1776239347.801,247.801,0.79,40.11,0.78,25.0,0.81,60.09,0.82,15.61,0.2,8.56,0.19,67.07,0.21,12.38,0.22,53.02,0.02,0.01,2319.3943,1776236446000
1776239348.986,248.986,0.79,40.11,0.78,25.0,0.81,65.09,0.82,15.61,0.19,60.09,0.18,15.61,0.21,40.11,0.22,25.0,0.02,0.02,2319.3943,1776236446000
1776239349.675,249.675,0.79,40.11,0.78,25.0,0.8,6.02,0.81,60.09,0.19,65.09,0.18,15.61,0.21,40.11,0.22,25.0,0.01,0.02,2319.3943,1776236446000
1776239353.544,253.544,0.8,49.79,0.79,87.38,0.81,3.14,0.82,20.61,0.2,6.02,0.19,60.09,0.21,40.11,0.22,25.0,0.01,0.01,2319.3943,1776236446000
1776239354.638,254.638,0.8,47.72,0.79,87.38,0.81,13.14,0.82,15.61,0.19,3.14,0.18,20.61,0.2,49.79,0.21,87.38,0.01,0.01,2319.3943,1776236446000
1776239355.963,255.963,0.81,44.51,0.8,15.0,0.82,21.61,0.83,5.19,0.19,13.14,0.18,15.61,0.2,47.72,0.21,87.38,0.01,0.01,2319.3943,1776236446000
1776239357.864,257.864,0.8,2.53,0.79,93.69,0.82,21.61,0.83,0.19,0.18,21.61,0.17,5.19,0.19,44.51,0.2,15.0,0.02,0.01,2319.3943,1776236446000
1776239359.153,259.153,0.81,79.77,0.8,2.53,0.82,16.54,0.83,6.13,0.18,21.61,0.17,0.19,0.2,2.53,0.21,93.69,0.01,0.02,2319.3943,1776236446000
1776239359.525,259.525,0.81,69.77,0.8,2.53,0.82,8.76,0.83,0.19,0.17,6.13,0.16,27.5,0.19,69.77,0.2,2.53,0.01,0.02,2319.3943,1776236446000
1776239359.903,259.903,0.81,16.15,0.8,2.53,0.82,27.68,0.83,6.13,0.18,8.76,0.17,0.19,0.19,69.77,0.2,2.53,0.01,0.01,2319.3943,1776236446000
1776239360.202,260.202,0.81,0.15,0.8,79.31,0.82,22.68,0.83,6.13,0.18,27.68,0.17,6.13,0.19,16.15,0.2,2.53,0.01,0.01,2319.3943,1776236446000
1776239360.715,260.715,0.79,7.38,0.78,85.0,0.8,12.18,0.81,15.31,0.18,22.68,0.17,6.13,0.21,7.38,0.22,85.0,0.01,0.03,2319.3943,1776236446000
1776239360.916,260.916,0.79,121.68,0.78,85.0,0.82,6.2,0.83,0.19,0.2,12.18,0.19,15.31,0.21,7.38,0.22,85.0,0.03,0.01,2319.3943,1776236446000
1776239361.15,261.15,0.8,2.28,0.79,116.68,0.81,8.31,0.82,11.81,0.18,6.2,0.17,0.19,0.2,2.28,0.21,116.68,0.01,0.02,2319.3943,1776236446000
1776239361.796,261.796,0.8,129.22,0.79,77.38,0.81,4.93,0.82,11.81,0.19,8.31,0.18,11.81,0.2,2.28,0.21,116.68,0.01,0.01,2319.3943,1776236446000
1776239362.095,262.095,0.8,134.22,0.79,77.38,0.86,65.0,0.87,10.0,0.19,4.93,0.18,11.81,0.2,129.22,0.21,77.38,0.06,0.01,2319.3943,1776236446000
1776239362.466,262.466,0.82,15.0,0.81,15.0,0.83,13.53,0.84,10.0,0.16,11.2,0.15,16.73,0.18,10.0,0.19,10.0,0.01,0.02,2319.3943,1776236446000
1776239363.325,263.325,0.82,132.03,0.79,61.7,0.83,10.45,0.84,10.0,0.17,13.53,0.16,10.0,0.18,15.0,0.19,15.0,0.01,0.01,2319.3943,1776236446000
1776239363.663,263.663,0.79,6.9,0.78,15.0,0.8,15.0,0.81,26.0,0.19,16.0,0.17,10.45,0.21,39.9,0.23,26.0,0.01,0.02,2319.3943,1776236446000
1776239364.187,264.187,0.79,26.93,0.78,124.32,0.81,14.3,0.82,10.0,0.2,15.0,0.19,26.0,0.21,6.9,0.22,15.0,0.02,0.01,2319.3943,1776236446000
1776239364.511,264.511,0.8,10.0,0.79,26.93,0.82,10.0,0.83,5.45,0.18,10.0,0.17,10.45,0.21,26.93,0.22,194.32,0.02,0.03,2319.3943,1776236446000
1776239364.924,264.924,0.81,125.15,0.8,36.93,0.83,0.65,0.84,10.0,0.18,6.21,0.17,10.45,0.2,25.0,0.21,20.0,0.02,0.02,2319.3943,1776236446000
1776239365.364,265.364,0.81,145.15,0.8,36.93,0.83,6.22,0.84,10.0,0.17,7.61,0.16,10.0,0.19,140.15,0.2,36.93,0.02,0.02,2319.3943,1776236446000
1776239365.566,265.566,0.82,25.0,0.81,140.15,0.83,0.01,0.84,10.0,0.17,1.22,0.16,10.0,0.18,15.0,0.19,140.15,0.01,0.01,2319.3943,1776236446000
1776239365.775,265.775,0.82,25.0,0.81,140.15,0.83,8.19,0.84,10.0,0.17,0.01,0.16,10.0,0.18,25.0,0.19,140.15,0.01,0.01,2319.3943,1776236446000
1776239366.254,266.254,0.66,70.0,0.61,5.01,0.83,54.19,0.84,15.0,0.17,8.19,0.16,10.0,0.18,25.0,0.19,140.15,0.17,0.01,2319.3943,1776236446000
1776239366.493,266.493,0.65,27.0,0.64,5.0,0.79,15.0,0.82,2.76,0.29,48.59,0.27,10.0,0.35,10.0,0.36,30.0,0.14,0.06,2319.3943,1776236446000
1776239366.754,266.754,0.76,70.0,0.71,7.04,0.91,6.73,0.92,10.0,0.22,2.04,0.09,10.0,0.35,35.23,0.36,15.0,0.15,0.13,2319.3943,1776236446000
1776239367.195,267.195,0.89,1.0,0.88,5.0,0.9,20.1,0.91,3.46,0.09,3.46,0.08,10.0,0.12,5.73,0.14,70.0,0.01,0.03,2319.3943,1776236446000
1776239367.437,267.437,0.8,85.0,0.79,80.0,0.83,10.0,0.84,15.0,0.16,10.0,0.15,10.0,0.2,98.75,0.21,80.0,0.03,0.04,2319.3943,1776236446000
1776239367.782,267.782,0.85,10.0,0.84,10.0,0.89,20.59,0.9,30.1,0.11,10.0,0.1,40.1,0.19,9.11,0.2,82.0,0.04,0.08,2319.3943,1776236446000
1776239368.028,268.028,0.86,10.0,0.85,10.0,0.88,7.95,0.89,10.0,0.11,20.59,0.1,30.1,0.15,10.0,0.16,10.0,0.02,0.04,2319.3943,1776236446000
1776239368.34,268.34,0.87,94.0,0.86,80.0,0.89,10.0,0.9,45.1,0.12,7.95,0.11,10.0,0.14,10.0,0.15,10.0,0.02,0.02,2319.3943,1776236446000
1776239369.504,269.504,0.9,15.0,0.89,15.0,0.91,0.46,0.92,10.0,0.11,8.88,0.1,45.1,0.12,5.0,0.13,101.0,0.01,0.01,2319.3943,1776236446000
1776239369.859,269.859,0.9,35.0,0.89,15.0,0.92,2.82,0.93,19.68,0.09,0.36,0.08,10.0,0.1,15.0,0.11,15.0,0.02,0.01,2319.3943,1776236446000
1776239370.113,270.113,0.95,10.0,0.94,70.0,0.96,102.57,0.97,249.7,0.04,102.67,0.03,249.7,0.08,80.0,0.09,120.0,0.01,0.04,2319.3943,1776236446000
1776239370.754,270.754,0.95,39.07,0.94,85.0,0.96,102.57,0.97,96.0,0.04,102.57,0.03,249.7,0.05,10.0,0.06,70.0,0.01,0.01,2319.3943,1776236446000
1776239370.957,270.957,0.95,44.07,0.94,85.0,0.96,48.64,0.97,96.0,0.04,98.64,0.03,96.0,0.05,39.07,0.06,85.0,0.01,0.01,2319.3943,1776236446000
1776239371.18,271.18,0.95,49.07,0.94,85.0,0.97,86.62,0.98,295.0,0.04,11.37,0.03,96.0,0.05,49.07,0.06,85.0,0.02,0.01,2319.3943,1776236446000
1776239371.733,271.733,0.96,18.28,0.95,33.07,0.97,26.25,0.98,295.0,0.03,26.25,0.02,295.0,0.05,46.07,0.06,70.0,0.01,0.02,2319.3943,1776236446000
1776239372.338,272.338,0.96,25.28,0.95,23.07,0.97,13.25,0.98,295.0,0.03,26.25,0.02,295.0,0.04,18.28,0.05,33.07,0.01,0.01,2319.3943,1776236446000
1776239372.615,272.615,0.96,40.28,0.95,38.07,0.97,37.87,0.98,295.0,0.03,12.21,0.02,295.0,0.04,25.28,0.05,23.07,0.01,0.01,2319.3943,1776236446000
1776239372.862,272.862,0.96,45.28,0.95,38.07,0.98,295.0,0.99,1483.0,0.03,37.87,0.02,295.0,0.04,40.28,0.05,38.07,0.02,0.01,2319.3943,1776236446000
1776239373.455,273.455,0.96,50.28,0.95,23.07,0.97,8.96,0.98,295.0,0.02,295.0,0.01,1483.0,0.04,45.28,0.05,38.07,0.01,0.02,2319.3943,1776236446000
1776239373.876,273.876,0.96,27.0,0.95,33.07,0.98,258.9,0.99,1283.0,0.03,2.9,0.02,295.0,0.04,45.28,0.05,23.07,0.02,0.01,2319.3943,1776236446000
1776239374.36,274.36,0.96,76.31,0.95,18.07,0.97,7.93,0.98,414.9,0.03,7.93,0.02,424.9,0.04,101.31,0.05,33.07,0.01,0.01,2319.3943,1776236446000
1776239374.678,274.678,0.97,17.07,0.96,81.31,0.98,414.9,0.99,1190.0,0.03,7.93,0.02,414.9,0.04,76.31,0.05,18.07,0.01,0.01,2319.3943,1776236446000
1776239374.882,274.882,0.97,22.0,0.96,76.31,0.98,414.9,0.99,1165.0,0.03,8.0,0.02,419.9,0.04,76.31,0.05,18.07,0.01,0.01,2319.3943,1776236446000
1776239375.165,275.165,0.96,48.31,0.95,23.07,0.98,324.2,0.99,1368.0,0.02,278.7,0.01,1368.0,0.03,22.0,0.04,76.31,0.02,0.01,2319.3943,1776236446000
1776239375.47,275.47,0.94,41.38,0.93,80.0,0.96,3.42,0.97,193.69,0.03,193.69,0.02,329.2,0.06,26.38,0.07,80.0,0.02,0.03,2319.3943,1776236446000
1776239375.828,275.828,0.94,41.46,0.93,80.0,0.96,39.3,0.97,218.69,0.04,50.3,0.03,218.69,0.06,41.46,0.07,80.0,0.02,0.02,2319.3943,1776236446000
1776239376.117,276.117,0.94,41.46,0.93,80.0,0.95,44.66,0.96,39.3,0.05,49.9,0.04,44.3,0.06,41.46,0.07,80.0,0.01,0.01,2319.3943,1776236446000
1776239377.338,277.338,0.96,20.0,0.95,35.78,0.97,2.0,0.98,36.35,0.02,76.85,0.01,1528.6,0.06,44.87,0.07,80.0,0.01,0.04,2319.3943,1776236446000
1776239377.584,277.584,0.96,40.0,0.95,50.78,0.98,9.9,0.99,1529.93,0.01,1529.93,,,0.04,40.0,0.05,50.78,0.02,0.03,2319.3943,1776236446000
1776239377.816,277.816,0.97,20.0,0.96,40.0,0.98,55.4,0.99,1529.93,0.02,9.9,0.01,1529.93,0.04,40.0,0.05,50.78,0.01,0.02,2319.3943,1776236446000
1776239378.03,278.03,0.97,23.48,0.96,50.0,0.98,60.4,0.99,1529.93,0.02,55.4,0.01,1529.93,0.03,20.0,0.04,40.0,0.01,0.01,2319.3943,1776236446000
1776239378.232,278.232,0.97,28.48,0.96,55.0,0.98,48.49,0.99,1529.93,0.02,60.4,0.01,1529.93,0.03,23.48,0.04,50.0,0.01,0.01,2319.3943,1776236446000
1776239378.583,278.583,0.97,10.0,0.96,35.0,0.98,9.9,0.99,1629.93,0.02,48.49,0.01,1529.93,0.03,28.48,0.04,55.0,0.01,0.01,2319.3943,1776236446000
1776239378.916,278.916,0.98,25.1,0.97,25.0,0.99,1533.91,,,0.01,1629.93,,,0.02,20.1,0.03,15.0,0.01,0.01,2319.3943,1776236446000
1776239380.355,280.355,0.98,2.08,0.97,25.0,0.99,1538.47,,,0.01,1522.6,,,0.02,25.1,0.03,25.0,0.01,0.01,2319.3943,1776236446000
1776239380.575,280.575,0.98,2.08,0.97,45.0,0.99,1158.87,,,0.01,1538.47,,,0.02,2.08,0.03,25.0,0.01,0.01,2319.3943,1776236446000
1776239380.888,280.888,0.98,7.08,0.97,40.0,0.99,956.77,,,0.01,1136.87,,,0.02,2.08,0.03,40.0,0.01,0.01,2319.3943,1776236446000
1776239381.11,281.11,0.98,2.08,0.97,40.0,0.99,955.0,,,0.01,956.77,,,0.02,7.08,0.03,40.0,0.01,0.01,2319.3943,1776236446000
1776239381.401,281.401,0.98,2.08,0.97,40.0,0.99,947.27,,,0.01,955.0,,,0.02,2.08,0.03,40.0,0.01,0.01,2319.3943,1776236446000
1776239381.806,281.806,0.98,163.24,0.97,40.0,0.99,761.27,,,0.01,758.27,,,0.02,2.08,0.03,40.0,0.01,0.01,2319.3943,1776236446000
1776239382.403,282.403,0.98,173.24,0.97,40.0,0.99,746.12,,,0.01,761.27,,,0.02,163.24,0.03,40.0,0.01,0.01,2319.3943,1776236446000
1776239382.922,282.922,0.98,31.03,0.97,40.0,0.99,705.76,,,0.01,710.76,,,0.02,173.24,0.03,40.0,0.01,0.01,2319.3943,1776236446000
1776239383.887,283.887,0.98,21.03,0.97,15.0,0.99,670.62,,,0.01,680.62,,,0.02,31.03,0.03,49.31,0.01,0.01,2319.3943,1776236446000
1776239384.108,284.108,0.95,49.12,0.94,59.87,0.99,670.62,,,0.01,675.62,,,0.04,5.03,0.05,64.09,0.04,0.03,2319.3943,1776236446000
1776239384.487,284.487,0.97,37.0,0.96,25.0,0.99,650.11,,,0.01,670.62,,,0.04,43.0,0.05,59.12,0.02,0.03,2319.3943,1776236446000
1776239384.875,284.875,0.97,35.31,0.96,49.0,0.99,452.08,,,0.01,653.08,,,0.03,20.0,0.04,49.0,0.02,0.02,2319.3943,1776236446000
1776239385.83,285.83,0.97,48.31,0.96,24.31,0.99,442.08,,,0.01,452.08,,,0.03,35.31,0.04,49.0,0.02,0.02,2319.3943,1776236446000
1776239386.327,286.327,0.97,48.31,0.96,86.99,0.99,418.98,,,0.01,433.98,,,0.03,48.31,0.04,24.31,0.02,0.02,2319.3943,1776236446000
1776239386.836,286.836,0.97,64.62,0.96,86.99,0.99,408.98,,,0.01,418.98,,,0.03,48.31,0.04,86.99,0.02,0.02,2319.3943,1776236446000
1776239387.426,287.426,0.97,63.31,0.96,81.99,0.99,376.44,,,0.01,383.47,,,0.03,64.62,0.04,86.99,0.02,0.02,2319.3943,1776236446000
1776239387.67,287.67,0.97,48.31,0.96,63.31,0.99,320.83,,,0.01,376.44,,,0.03,63.31,0.04,81.99,0.02,0.02,2319.3943,1776236446000
1776239388.109,288.109,0.97,28.31,0.96,38.31,0.99,315.51,,,0.01,320.83,,,0.03,28.31,0.04,38.31,0.02,0.02,2319.3943,1776236446000
1776239388.575,288.575,0.97,28.31,0.96,63.31,0.99,231.52,,,0.01,315.51,,,0.03,28.31,0.04,38.31,0.02,0.02,2319.3943,1776236446000
1776239390.803,290.803,0.99,793.79,0.97,234.05,,,,,0.01,219.22,,,0.03,28.31,0.04,63.31,,0.02,2319.3943,1776236446000
1776239391.164,291.164,0.99,2027.4,0.98,39.31,,,,,,,,,0.01,793.79,0.03,234.05,,,2319.3943,1776236446000
1776239391.871,291.871,0.99,3037.0,0.98,61.31,,,,,,,,,0.01,3023.57,0.02,39.31,,,2319.3943,1776236446000
1776239392.719,292.719,0.99,2540.94,0.98,60.31,,,,,,,,,0.01,3037.0,0.02,61.31,,,2319.3943,1776236446000
1776239393.655,293.655,0.99,2562.11,0.98,36.31,,,,,,,,,0.01,2520.94,0.02,41.31,,,2319.3943,1776236446000
1776239397.504,297.504,0.99,4250.13,0.98,110.3,,,,,,,,,0.01,2562.11,0.02,36.31,,,2319.3943,1776236446000
1776239399.295,299.295,0.99,7560.92,0.98,16.0,,,,,,,,,0.01,4250.13,0.02,110.3,,,2319.3943,1776236446000
1776239399.935,299.935,0.99,38281.8,0.98,16.0,,,,,,,,,0.01,7560.92,0.02,16.0,,,2319.3943,1776236446000
