timestamp,elapsed_sec,up_bid_p1,up_bid_s1,up_bid_p2,up_bid_s2,up_ask_p1,up_ask_s1,up_ask_p2,up_ask_s2,down_bid_p1,down_bid_s1,down_bid_p2,down_bid_s2,down_ask_p1,down_ask_s1,down_ask_p2,down_ask_s2,up_spread,down_spread,eth_price,eth_oracle_ts
1776222311.391,11.391,0.52,32.45,0.5,15.0,0.53,10.0,0.54,10.0,0.47,10.0,0.46,10.0,0.48,32.45,0.5,15.0,0.01,0.01,2323.30053,1776222310000
1776222311.725,11.725,0.52,32.45,0.5,15.0,0.53,10.0,0.54,10.0,0.47,6.22,0.46,10.0,0.48,32.45,0.49,5.0,0.01,0.01,2323.30053,1776222310000
1776222312.095,12.095,0.52,32.45,0.51,5.0,0.53,6.22,0.54,10.0,0.47,6.22,0.46,10.0,0.48,32.45,0.49,5.0,0.01,0.01,2323.294471,1776222311000
1776222312.734,12.734,0.52,27.45,0.51,5.0,0.53,24.22,0.54,18.0,0.47,6.22,0.46,10.0,0.48,32.45,0.49,5.0,0.01,0.01,2323.294471,1776222311000
1776222313.21,13.21,0.52,27.45,0.51,5.0,0.53,24.22,0.54,18.0,0.47,24.22,0.46,18.0,0.48,27.45,0.49,5.0,0.01,0.01,2323.294521,1776222312000
1776222313.626,13.626,0.52,11.07,0.51,5.0,0.53,95.22,0.54,18.0,0.47,24.22,0.46,18.0,0.48,27.45,0.49,5.0,0.01,0.01,2323.294521,1776222312000
1776222314.024,14.024,0.52,0.65,0.51,5.0,0.53,116.77,0.54,158.0,0.47,95.22,0.46,18.0,0.48,11.07,0.49,5.0,0.01,0.01,2323.294521,1776222312000
1776222314.5,14.5,0.51,5.0,0.5,15.0,0.52,33.0,0.53,114.22,0.48,33.0,0.47,114.22,0.49,5.0,0.5,15.0,0.01,0.01,2323.283537,1776222313000
1776222315.097,15.097,0.51,5.0,0.5,15.0,0.52,33.0,0.53,114.22,0.48,33.0,0.47,114.22,0.49,5.0,0.5,15.0,0.01,0.01,2323.261875,1776222314000
1776222315.883,15.883,0.5,5.0,0.46,5.0,0.51,172.99,0.52,76.0,0.48,33.0,0.47,114.22,0.49,5.0,0.5,15.0,0.01,0.01,2323.261875,1776222314000
1776222316.209,16.209,0.43,24.08,0.42,5.0,0.51,172.99,0.52,76.0,0.49,172.99,0.48,76.0,0.57,24.08,0.58,5.0,0.08,0.08,2323.185649,1776222315000
1776222316.495,16.495,0.43,37.32,0.42,10.0,0.44,25.0,0.45,25.0,0.49,172.99,0.48,76.0,0.57,24.08,0.58,5.0,0.01,0.08,2323.185649,1776222315000
1776222317.199,17.199,0.43,61.32,0.42,27.0,0.44,5.0,0.45,5.0,0.56,25.0,0.55,25.0,0.57,37.32,0.58,10.0,0.01,0.01,2323.185649,1776222315000
1776222317.486,17.486,0.43,61.32,0.42,27.0,0.44,5.0,0.45,5.0,0.56,5.0,0.55,5.0,0.57,61.32,0.58,27.0,0.01,0.01,2323.156624,1776222316000
1776222318.081,18.081,0.43,61.32,0.42,27.0,0.44,5.0,0.45,5.0,0.56,5.0,0.55,5.0,0.57,61.32,0.58,27.0,0.01,0.01,2323.099475,1776222317000
1776222319.305,19.305,0.43,61.32,0.42,27.0,0.44,5.0,0.45,5.0,0.56,5.0,0.55,5.0,0.57,61.32,0.58,27.0,0.01,0.01,2323.13477,1776222318000
1776222319.53,19.53,0.48,3.07,0.47,20.0,0.49,31.0,0.5,15.0,0.56,5.0,0.55,5.0,0.57,61.32,0.58,27.0,0.01,0.01,2323.13477,1776222318000
1776222320.092,20.092,0.48,3.07,0.47,20.0,0.49,31.0,0.5,15.0,0.51,31.0,0.5,15.0,0.52,3.07,0.53,20.0,0.01,0.01,2323.170445,1776222319000
1776222321.556,21.556,0.48,3.07,0.47,20.0,0.49,31.0,0.5,15.0,0.51,31.0,0.5,15.0,0.52,3.07,0.53,20.0,0.01,0.01,2323.16608,1776222320000
1776222322.451,22.451,0.48,3.07,0.47,20.0,0.49,31.0,0.5,15.0,0.51,31.0,0.5,15.0,0.52,3.07,0.53,20.0,0.01,0.01,2323.166838,1776222321000
1776222323.467,23.467,0.48,3.07,0.47,20.0,0.49,31.0,0.5,15.0,0.51,31.0,0.5,15.0,0.52,3.07,0.53,20.0,0.01,0.01,2323.166833,1776222322000
1776222323.71,23.71,0.48,7.3,0.47,15.0,0.49,30.0,0.5,37.0,0.51,31.0,0.5,15.0,0.52,3.07,0.53,20.0,0.01,0.01,2323.166833,1776222322000
1776222324.054,24.054,0.48,7.3,0.47,15.0,0.49,30.0,0.5,37.0,0.51,30.0,0.5,37.0,0.52,7.3,0.53,15.0,0.01,0.01,2323.153041,1776222323000
1776222324.83,24.83,0.47,53.0,0.46,72.0,0.5,10.0,0.52,10.0,0.51,30.0,0.5,37.0,0.52,7.3,0.53,15.0,0.03,0.01,2323.153041,1776222323000
1776222325.666,25.666,0.49,69.65,0.48,42.0,0.5,10.0,0.53,5.0,0.5,10.0,0.48,10.0,0.53,53.0,0.54,72.0,0.01,0.03,2323.133326,1776222324000
1776222326.107,26.107,0.52,103.0,0.51,130.0,0.57,0.69,0.6,13.0,0.5,10.0,0.47,5.0,0.51,69.65,0.52,42.0,0.05,0.01,2323.133326,1776222324000
1776222326.377,26.377,0.56,65.0,0.55,37.0,0.61,57.55,0.62,5.0,0.43,2.18,0.4,6.0,0.44,8.92,0.45,6.0,0.05,0.01,2323.135508,1776222325000
1776222326.68,26.68,0.6,8.12,0.59,10.0,0.61,57.55,0.62,5.0,0.39,57.55,0.38,5.0,0.44,65.0,0.45,37.0,0.01,0.05,2323.135508,1776222325000
1776222327.063,27.063,0.6,15.69,0.59,10.0,0.61,69.55,0.62,5.0,0.39,57.55,0.38,5.0,0.4,8.12,0.41,10.0,0.01,0.01,2323.135508,1776222325000
1776222327.274,27.274,0.59,0.25,0.58,18.0,0.61,69.55,0.62,5.0,0.39,69.55,0.38,5.0,0.4,15.69,0.41,10.0,0.02,0.01,2323.135508,1776222325000
1776222327.687,27.687,0.58,15.86,0.57,24.0,0.6,5.0,0.61,16.55,0.39,69.55,0.38,5.0,0.41,0.25,0.42,18.0,0.02,0.02,2323.293121,1776222326000
1776222327.921,27.921,0.59,15.0,0.58,7.86,0.6,2.82,0.61,11.55,0.4,5.0,0.39,16.55,0.42,15.86,0.43,24.0,0.01,0.02,2323.293121,1776222326000
1776222328.274,28.274,0.59,10.0,0.58,10.0,0.61,27.52,0.62,10.0,0.4,3.0,0.39,21.55,0.43,10.0,0.44,10.0,0.02,0.03,2323.453025,1776222327000
1776222328.755,28.755,0.58,12.61,0.57,10.0,0.6,15.0,0.61,35.0,0.4,5.0,0.39,42.52,0.41,7.56,0.42,15.0,0.02,0.01,2323.453025,1776222327000
1776222329.207,29.207,0.58,12.61,0.57,10.0,0.6,15.0,0.61,35.0,0.4,15.0,0.39,35.0,0.42,12.61,0.43,10.0,0.02,0.02,2323.556619,1776222328000
1776222329.531,29.531,0.58,10.13,0.57,10.0,0.59,25.0,0.6,31.44,0.4,15.0,0.39,35.0,0.42,12.61,0.43,10.0,0.01,0.02,2323.556619,1776222328000
1776222330.351,30.351,0.58,10.13,0.57,10.0,0.59,25.0,0.6,31.44,0.41,25.0,0.4,31.44,0.42,10.13,0.43,10.0,0.01,0.01,2323.573609,1776222329000
1776222331.177,31.177,0.58,5.13,0.57,10.0,0.59,20.18,0.6,23.0,0.41,25.0,0.4,31.44,0.42,10.13,0.43,10.0,0.01,0.01,2323.573609,1776222329000
1776222331.419,31.419,0.58,5.13,0.57,10.0,0.61,32.0,0.62,10.0,0.41,20.18,0.4,23.0,0.42,5.13,0.43,10.0,0.03,0.01,2323.572356,1776222330000
1776222331.963,31.963,0.58,5.13,0.57,10.0,0.61,32.0,0.62,10.0,0.39,32.0,0.38,10.0,0.42,5.13,0.43,10.0,0.03,0.03,2323.547845,1776222331000
1776222333.283,33.283,0.58,5.13,0.57,10.0,0.61,32.0,0.62,10.0,0.39,32.0,0.38,10.0,0.42,5.13,0.43,10.0,0.03,0.03,2323.54611,1776222332000
1776222335.067,35.067,0.59,4.87,0.58,10.13,0.6,45.44,0.61,46.0,0.4,45.44,0.39,46.0,0.41,4.87,0.42,10.13,0.01,0.01,2323.537179,1776222333000
1776222335.797,35.797,0.59,4.87,0.58,10.13,0.6,45.44,0.61,46.0,0.4,45.44,0.39,46.0,0.41,4.87,0.42,10.13,0.01,0.01,2323.537353,1776222334000
1776222336.545,36.545,0.59,4.87,0.58,10.13,0.6,45.44,0.61,46.0,0.4,45.44,0.39,46.0,0.41,4.87,0.42,10.13,0.01,0.01,2323.57012,1776222335000
1776222337.473,37.473,0.59,4.87,0.58,10.13,0.6,45.44,0.61,46.0,0.4,45.44,0.39,46.0,0.41,4.87,0.42,10.13,0.01,0.01,2323.52256,1776222336000
1776222338.151,38.151,0.59,4.87,0.58,10.13,0.6,45.44,0.61,46.0,0.4,45.44,0.39,46.0,0.41,4.87,0.42,10.13,0.01,0.01,2323.551259,1776222337000
1776222339.494,39.494,0.59,4.87,0.58,10.13,0.6,45.44,0.61,46.0,0.4,45.44,0.39,46.0,0.41,4.87,0.42,10.13,0.01,0.01,2323.513575,1776222338000
1776222340.257,40.257,0.59,4.87,0.58,10.13,0.6,45.44,0.61,46.0,0.4,45.44,0.39,46.0,0.41,4.87,0.42,10.13,0.01,0.01,2323.513842,1776222339000
1776222341.481,41.481,0.59,4.87,0.58,10.13,0.6,45.44,0.61,46.0,0.4,45.44,0.39,46.0,0.41,4.87,0.42,10.13,0.01,0.01,2323.513854,1776222340000
1776222342.149,42.149,0.51,79.14,0.5,124.0,0.53,30.0,0.54,20.0,0.47,30.0,0.46,20.0,0.49,79.14,0.5,124.0,0.02,0.02,2323.513854,1776222341000
1776222343.381,43.381,0.5,11.68,0.49,70.0,0.51,75.0,0.52,65.0,0.47,30.0,0.46,20.0,0.49,79.14,0.5,124.0,0.01,0.02,2323.513854,1776222341000
1776222343.883,43.883,0.46,43.0,0.45,75.0,0.47,47.87,0.48,25.0,0.49,70.0,0.48,60.0,0.51,56.68,0.52,36.0,0.01,0.02,2323.507533,1776222342000
1776222344.203,44.203,0.46,43.0,0.45,75.0,0.47,47.87,0.48,25.0,0.53,47.87,0.52,25.0,0.54,43.0,0.55,75.0,0.01,0.01,2323.37866,1776222343000
1776222344.459,44.459,0.46,61.0,0.45,93.0,0.47,36.44,0.48,30.0,0.53,37.87,0.52,30.0,0.54,61.0,0.55,93.0,0.01,0.01,2323.37866,1776222343000
1776222345.516,45.516,0.46,19.1,0.45,88.0,0.47,41.44,0.48,25.0,0.53,36.44,0.52,30.0,0.54,61.0,0.55,93.0,0.01,0.01,2323.37866,1776222343000
1776222345.865,45.865,0.46,36.0,0.45,95.0,0.47,25.8,0.48,25.0,0.53,41.44,0.52,25.0,0.54,19.1,0.55,88.0,0.01,0.01,2323.288722,1776222344000
1776222346.182,46.182,0.46,36.0,0.45,95.0,0.47,25.8,0.48,25.0,0.53,25.8,0.52,25.0,0.54,36.0,0.55,95.0,0.01,0.01,2323.187425,1776222345000
1776222346.421,46.421,0.46,36.0,0.45,105.0,0.47,30.8,0.48,25.0,0.53,25.8,0.52,25.0,0.54,36.0,0.55,95.0,0.01,0.01,2323.187425,1776222345000
1776222347.701,47.701,0.46,36.0,0.45,105.0,0.47,30.8,0.48,25.0,0.53,30.8,0.52,25.0,0.54,36.0,0.55,105.0,0.01,0.01,2323.14323,1776222346000
1776222348.625,48.625,0.46,36.0,0.45,105.0,0.47,30.8,0.48,25.0,0.53,30.8,0.52,25.0,0.54,36.0,0.55,105.0,0.01,0.01,2323.18582,1776222347000
1776222349.164,49.164,0.46,36.0,0.45,105.0,0.47,30.8,0.48,25.0,0.53,30.8,0.52,25.0,0.54,36.0,0.55,105.0,0.01,0.01,2323.150832,1776222348000
1776222350.172,50.172,0.46,36.0,0.45,105.0,0.47,30.8,0.48,25.0,0.53,30.8,0.52,25.0,0.54,36.0,0.55,105.0,0.01,0.01,2323.149353,1776222349000
1776222351.149,51.149,0.46,28.52,0.45,95.0,0.47,25.0,0.48,25.0,0.53,25.0,0.52,25.0,0.54,28.52,0.55,95.0,0.01,0.01,2323.148606,1776222350000
1776222351.713,51.713,0.46,14.44,0.45,18.0,0.47,80.0,0.48,20.0,0.53,25.0,0.52,25.0,0.54,28.52,0.55,95.0,0.01,0.01,2323.148606,1776222350000
1776222352.327,52.327,0.45,18.0,0.43,82.0,0.47,85.0,0.48,20.0,0.53,85.0,0.52,20.0,0.55,18.0,0.57,82.0,0.02,0.02,2323.1256,1776222351000
1776222352.683,52.683,0.44,16.0,0.43,13.0,0.46,125.0,0.47,25.0,0.53,85.0,0.52,20.0,0.55,18.0,0.57,82.0,0.02,0.02,2323.1256,1776222351000
1776222353.284,53.284,0.41,5.0,0.4,12.0,0.42,5.0,0.43,5.0,0.58,5.0,0.57,5.0,0.59,5.0,0.6,12.0,0.01,0.01,2323.101602,1776222352000
1776222353.499,53.499,0.41,10.0,0.4,31.0,0.42,90.0,0.43,25.0,0.58,5.0,0.57,5.0,0.59,5.0,0.6,12.0,0.01,0.01,2323.101602,1776222352000
1776222354.281,54.281,0.41,32.0,0.4,31.0,0.42,80.0,0.43,25.0,0.58,90.0,0.57,25.0,0.59,10.0,0.6,31.0,0.01,0.01,2323.101602,1776222352000
1776222354.564,54.564,0.41,9.91,0.4,7.0,0.42,85.0,0.43,10.0,0.58,80.0,0.57,25.0,0.59,32.0,0.6,31.0,0.01,0.01,2322.976591,1776222353000
1776222354.77,54.77,0.41,59.91,0.4,24.0,0.42,35.0,0.43,15.0,0.58,85.0,0.57,10.0,0.59,9.91,0.6,7.0,0.01,0.01,2322.976591,1776222353000
1776222355.043,55.043,0.42,32.0,0.41,20.0,0.43,20.0,0.44,15.0,0.57,20.0,0.56,15.0,0.58,26.0,0.59,25.0,0.01,0.01,2322.955754,1776222354000
1776222355.928,55.928,0.42,32.0,0.41,20.0,0.43,20.0,0.44,15.0,0.57,20.0,0.56,15.0,0.58,32.0,0.59,20.0,0.01,0.01,2322.882033,1776222355000
1776222356.873,56.873,0.43,4.03,0.42,45.0,0.44,20.0,0.45,20.0,0.56,20.0,0.55,20.0,0.57,4.03,0.58,45.0,0.01,0.01,2322.784072,1776222356000
1776222357.127,57.127,0.39,53.94,0.38,10.0,0.4,85.0,0.41,75.0,0.56,20.0,0.55,20.0,0.57,4.03,0.58,45.0,0.01,0.01,2322.784072,1776222356000
1776222357.724,57.724,0.37,10.0,0.34,19.0,0.39,150.0,0.4,211.0,0.6,90.0,0.59,75.0,0.61,39.9,0.62,10.0,0.02,0.01,2322.784072,1776222356000
1776222358.012,58.012,0.37,5.0,0.34,14.0,0.38,25.0,0.39,65.0,0.62,25.0,0.61,65.0,0.63,5.0,0.66,14.0,0.01,0.01,2322.965321,1776222357000
1776222358.412,58.412,0.33,10.0,0.32,8.0,0.34,130.97,0.35,25.0,0.66,45.0,0.65,22.69,0.67,76.96,0.68,13.0,0.01,0.01,2322.965321,1776222357000
1776222358.631,58.631,0.27,49.87,0.26,19.0,0.28,10.0,0.29,10.0,0.66,168.0,0.65,43.0,0.73,60.0,0.74,14.0,0.01,0.07,2322.965321,1776222357000
1776222358.885,58.885,0.27,48.19,0.26,35.0,0.28,60.0,0.29,20.0,0.72,45.0,0.71,10.0,0.73,35.7,0.74,19.0,0.01,0.01,2322.965321,1776222357000
1776222359.309,59.309,0.27,38.19,0.26,47.0,0.28,55.0,0.29,20.0,0.72,60.0,0.71,20.0,0.73,48.19,0.74,35.0,0.01,0.01,2322.79231,1776222358000
1776222360.031,60.031,0.27,34.01,0.26,47.0,0.28,55.0,0.29,20.0,0.72,55.0,0.71,20.0,0.73,38.19,0.74,47.0,0.01,0.01,2322.79231,1776222358000
1776222360.927,60.927,0.27,20.0,0.26,30.0,0.28,91.0,0.29,20.0,0.72,55.0,0.71,20.0,0.73,34.01,0.74,47.0,0.01,0.01,2322.477285,1776222359000
1776222361.255,61.255,0.27,20.0,0.26,30.0,0.28,91.0,0.29,20.0,0.72,91.0,0.71,20.0,0.73,20.0,0.74,30.0,0.01,0.01,2322.143739,1776222360000
1776222361.76,61.76,0.27,20.0,0.26,25.0,0.28,108.85,0.29,25.0,0.72,91.0,0.71,20.0,0.73,20.0,0.74,30.0,0.01,0.01,2322.143739,1776222360000
1776222362.137,62.137,0.27,20.0,0.26,25.0,0.28,108.85,0.29,25.0,0.72,108.85,0.71,25.0,0.73,20.0,0.74,25.0,0.01,0.01,2322.053225,1776222361000
1776222362.37,62.37,0.27,1.0,0.26,40.0,0.28,103.85,0.29,25.0,0.72,108.85,0.71,25.0,0.73,20.0,0.74,25.0,0.01,0.01,2322.053225,1776222361000
1776222363.252,63.252,0.26,38.93,0.25,10.0,0.28,103.85,0.29,25.0,0.72,103.85,0.71,25.0,0.74,38.93,0.75,10.0,0.02,0.02,2322.032985,1776222362000
1776222364.179,64.179,0.25,10.0,0.24,93.52,0.27,101.1,0.28,27.85,0.73,101.1,0.72,27.85,0.75,10.0,0.76,93.52,0.02,0.02,2322.018025,1776222363000
1776222364.457,64.457,0.25,17.34,0.24,93.0,0.26,100.54,0.27,71.1,0.73,101.1,0.72,27.85,0.75,10.0,0.76,93.52,0.01,0.02,2322.018025,1776222363000
1776222365.151,65.151,0.25,9.34,0.24,93.0,0.26,98.26,0.27,76.1,0.74,98.26,0.73,76.1,0.75,9.34,0.76,93.0,0.01,0.01,2322.01724,1776222364000
1776222365.72,65.72,0.25,113.99,0.24,119.99,0.26,152.16,0.27,51.1,0.74,98.26,0.73,76.1,0.75,9.34,0.76,93.0,0.01,0.01,2322.01724,1776222364000
1776222365.935,65.935,0.26,142.99,0.25,64.0,0.27,71.1,0.28,37.78,0.73,41.1,0.72,37.78,0.74,50.0,0.75,113.99,0.01,0.01,2322.01724,1776222364000
1776222366.188,66.188,0.26,142.99,0.25,64.0,0.27,66.1,0.28,42.78,0.73,66.1,0.72,42.78,0.74,142.99,0.75,64.0,0.01,0.01,2322.008136,1776222365000
1776222366.535,66.535,0.26,134.99,0.25,72.0,0.27,66.1,0.28,42.78,0.73,66.1,0.72,42.78,0.74,142.99,0.75,64.0,0.01,0.01,2322.008136,1776222365000
1776222366.908,66.908,0.26,138.63,0.25,72.0,0.27,66.1,0.28,42.78,0.73,66.1,0.72,42.78,0.74,134.99,0.75,72.0,0.01,0.01,2322.008136,1776222365000
1776222367.149,67.149,0.26,128.83,0.25,72.0,0.27,66.1,0.28,42.78,0.73,66.1,0.72,42.78,0.74,128.83,0.75,72.0,0.01,0.01,2321.944129,1776222366000
1776222368.2,68.2,0.26,107.47,0.25,72.0,0.27,66.1,0.28,42.78,0.73,66.1,0.72,42.78,0.74,107.47,0.75,72.0,0.01,0.01,2322.053643,1776222367000
1776222369.118,69.118,0.26,107.47,0.25,72.0,0.27,66.1,0.28,42.78,0.73,66.1,0.72,42.78,0.74,107.47,0.75,72.0,0.01,0.01,2322.062549,1776222368000
1776222370.124,70.124,0.26,107.47,0.25,72.0,0.27,66.1,0.28,42.78,0.73,66.1,0.72,42.78,0.74,107.47,0.75,72.0,0.01,0.01,2322.09046,1776222369000
1776222371.163,71.163,0.26,107.47,0.25,72.0,0.27,66.1,0.28,42.78,0.73,66.1,0.72,42.78,0.74,107.47,0.75,72.0,0.01,0.01,2322.080868,1776222370000
1776222371.419,71.419,0.26,213.47,0.25,80.99,0.27,16.76,0.28,27.78,0.73,66.1,0.72,42.78,0.74,107.47,0.75,72.0,0.01,0.01,2322.080868,1776222370000
1776222371.71,71.71,0.33,86.0,0.32,29.75,0.34,25.0,0.35,10.0,0.66,20.0,0.65,15.0,0.67,60.0,0.68,9.75,0.01,0.01,2322.080868,1776222370000
1776222372.035,72.035,0.33,91.0,0.32,29.75,0.34,25.0,0.35,10.0,0.66,25.0,0.65,10.0,0.67,91.0,0.68,29.75,0.01,0.01,2322.08087,1776222371000
1776222373.001,73.001,0.33,91.0,0.32,29.75,0.34,25.0,0.35,10.0,0.66,25.0,0.65,10.0,0.67,91.0,0.68,29.75,0.01,0.01,2322.105526,1776222372000
1776222373.994,73.994,0.33,91.0,0.32,29.75,0.34,25.0,0.35,10.0,0.66,25.0,0.65,10.0,0.67,91.0,0.68,29.75,0.01,0.01,2322.33187,1776222373000
1776222374.948,74.948,0.33,91.0,0.32,29.75,0.34,25.0,0.35,10.0,0.66,25.0,0.65,10.0,0.67,91.0,0.68,29.75,0.01,0.01,2322.36285,1776222374000
1776222375.287,75.287,0.33,74.92,0.32,38.75,0.34,15.0,0.35,20.0,0.66,25.0,0.65,10.0,0.67,91.0,0.68,29.75,0.01,0.01,2322.36285,1776222374000
1776222376.061,76.061,0.33,74.92,0.32,38.75,0.34,15.0,0.35,20.0,0.66,15.0,0.65,20.0,0.67,74.92,0.68,38.75,0.01,0.01,2322.39285,1776222375000
1776222376.894,76.894,0.33,9.93,0.32,9.75,0.34,75.0,0.35,96.0,0.66,20.0,0.65,20.0,0.67,55.93,0.68,29.75,0.01,0.01,2322.39285,1776222375000
1776222377.289,77.289,0.3,16.0,0.28,15.0,0.31,75.0,0.32,20.0,0.66,80.0,0.65,96.0,0.7,9.0,0.71,5.0,0.01,0.04,2322.3958,1776222376000
1776222378.108,78.108,0.29,5.0,0.28,15.0,0.31,75.0,0.32,20.0,0.69,75.0,0.68,20.0,0.71,5.0,0.72,15.0,0.02,0.02,2322.39285,1776222377000
1776222379.035,79.035,0.28,47.99,0.27,51.77,0.3,20.0,0.31,25.0,0.69,75.0,0.68,20.0,0.71,5.0,0.72,15.0,0.02,0.02,2322.39285,1776222377000
1776222379.3,79.3,0.28,47.99,0.27,51.77,0.3,20.0,0.31,25.0,0.7,20.0,0.69,25.0,0.72,47.99,0.73,51.77,0.02,0.02,2322.24301,1776222378000
1776222379.961,79.961,0.29,17.92,0.28,42.99,0.3,15.0,0.31,20.0,0.7,20.0,0.69,25.0,0.72,47.99,0.73,51.77,0.01,0.02,2322.24301,1776222378000
1776222380.164,80.164,0.29,15.84,0.28,42.99,0.3,6.43,0.31,11.0,0.69,11.0,0.68,15.0,0.71,15.84,0.72,42.99,0.01,0.02,2322.24301,1776222378000
1776222380.463,80.463,0.29,10.84,0.28,42.99,0.3,7.86,0.31,11.0,0.7,7.86,0.69,11.0,0.71,10.84,0.72,42.99,0.01,0.01,2322.267721,1776222379000
1776222381.174,81.174,0.29,10.84,0.28,42.99,0.3,7.86,0.31,11.0,0.7,7.86,0.69,11.0,0.71,10.84,0.72,42.99,0.01,0.01,2322.282571,1776222380000
1776222382.328,82.328,0.29,10.84,0.28,42.99,0.3,7.86,0.31,11.0,0.7,7.86,0.69,11.0,0.71,10.84,0.72,42.99,0.01,0.01,2322.370715,1776222381000
1776222383.511,83.511,0.29,10.84,0.28,42.99,0.3,7.86,0.31,11.0,0.7,7.86,0.69,11.0,0.71,10.84,0.72,42.99,0.01,0.01,2322.3332,1776222382000
1776222384.08,84.08,0.29,10.84,0.28,42.99,0.3,7.86,0.31,11.0,0.7,7.86,0.69,11.0,0.71,10.84,0.72,42.99,0.01,0.01,2322.3332,1776222383000
1776222385.351,85.351,0.29,10.84,0.28,42.99,0.3,7.86,0.31,11.0,0.7,7.86,0.69,11.0,0.71,10.84,0.72,42.99,0.01,0.01,2322.34434,1776222384000
1776222386.0,86.0,0.29,10.84,0.28,42.99,0.3,7.86,0.31,11.0,0.7,7.86,0.69,11.0,0.71,10.84,0.72,42.99,0.01,0.01,2322.295375,1776222385000
1776222387.243,87.243,0.29,10.84,0.28,42.99,0.3,7.86,0.31,11.0,0.7,7.86,0.69,11.0,0.71,10.84,0.72,42.99,0.01,0.01,2322.180589,1776222386000
1776222388.19,88.19,0.2,73.51,0.19,53.4,0.21,15.0,0.22,30.0,0.78,30.0,0.77,20.0,0.8,33.99,0.81,28.4,0.01,0.02,2322.180589,1776222386000
1776222388.438,88.438,0.21,40.0,0.2,68.51,0.22,30.0,0.23,30.0,0.78,30.0,0.77,30.0,0.79,40.0,0.8,68.51,0.01,0.01,2322.120669,1776222387000
1776222388.927,88.927,0.21,40.0,0.2,68.51,0.22,30.0,0.23,30.0,0.78,30.0,0.77,30.0,0.79,40.0,0.8,68.51,0.01,0.01,2322.105878,1776222388000
1776222389.34,89.34,0.21,12.47,0.2,58.05,0.22,33.33,0.23,30.0,0.78,30.0,0.77,30.0,0.79,40.0,0.8,68.51,0.01,0.01,2322.105878,1776222388000
1776222390.048,90.048,0.21,12.47,0.2,58.05,0.22,33.33,0.23,30.0,0.78,33.33,0.77,30.0,0.79,12.47,0.8,58.05,0.01,0.01,2322.000221,1776222389000
1776222390.295,90.295,0.21,26.47,0.2,63.05,0.23,28.25,0.24,29.0,0.78,33.33,0.77,30.0,0.79,12.47,0.8,58.05,0.02,0.01,2322.000221,1776222389000
1776222391.084,91.084,0.21,26.47,0.2,63.05,0.23,28.25,0.24,29.0,0.77,28.25,0.76,29.0,0.79,26.47,0.8,63.05,0.02,0.02,2322.00317,1776222390000
1776222392.008,92.008,0.21,26.47,0.2,63.05,0.23,28.25,0.24,29.0,0.77,28.25,0.76,29.0,0.79,26.47,0.8,63.05,0.02,0.02,2322.004525,1776222391000
1776222392.292,92.292,0.17,3.5,0.16,86.8,0.2,96.0,0.21,75.0,0.8,96.0,0.79,75.0,0.81,9.76,0.83,43.5,0.03,0.01,2322.004525,1776222391000
1776222392.598,92.598,0.18,25.0,0.17,30.94,0.19,53.42,0.2,56.0,0.8,96.0,0.79,75.0,0.84,82.54,0.85,43.2,0.01,0.04,2322.004525,1776222391000
1776222392.932,92.932,0.18,25.0,0.17,20.94,0.21,20.0,0.22,10.0,0.81,53.42,0.8,56.0,0.82,25.0,0.83,30.94,0.03,0.01,2322.004525,1776222391000
1776222393.383,93.383,0.2,31.47,0.19,78.47,0.21,15.0,0.22,20.0,0.79,20.0,0.78,10.0,0.82,25.0,0.83,20.94,0.01,0.03,2321.917529,1776222392000
1776222393.835,93.835,0.2,36.47,0.19,41.0,0.21,31.08,0.22,20.0,0.79,15.0,0.78,20.0,0.8,31.47,0.81,78.47,0.01,0.01,2321.917529,1776222392000
1776222394.084,94.084,0.2,36.47,0.19,41.0,0.21,31.08,0.22,20.0,0.79,31.08,0.78,20.0,0.8,36.47,0.81,41.0,0.01,0.01,2321.829945,1776222393000
1776222394.308,94.308,0.21,45.47,0.2,31.47,0.22,1.0,0.23,15.0,0.79,31.08,0.78,20.0,0.8,36.47,0.81,41.0,0.01,0.01,2321.829945,1776222393000
1776222395.052,95.052,0.21,45.47,0.2,31.47,0.22,1.0,0.23,15.0,0.78,1.0,0.77,15.0,0.79,45.47,0.8,31.47,0.01,0.01,2321.861992,1776222394000
1776222396.143,96.143,0.21,45.47,0.2,31.47,0.22,1.0,0.23,15.0,0.78,1.0,0.77,15.0,0.79,45.47,0.8,31.47,0.01,0.01,2321.81264,1776222395000
1776222397.165,97.165,0.21,45.47,0.2,31.47,0.22,1.0,0.23,15.0,0.78,1.0,0.77,15.0,0.79,45.47,0.8,31.47,0.01,0.01,2321.839999,1776222396000
1776222397.526,97.526,0.21,28.73,0.2,31.47,0.22,21.0,0.23,25.0,0.78,1.0,0.77,15.0,0.79,45.47,0.8,31.47,0.01,0.01,2321.839999,1776222396000
1776222398.23,98.23,0.21,28.73,0.2,31.47,0.22,21.0,0.23,25.0,0.78,21.0,0.77,25.0,0.79,28.73,0.8,31.47,0.01,0.01,2321.841095,1776222397000
1776222399.067,99.067,0.21,28.73,0.2,31.47,0.22,21.0,0.23,25.0,0.78,21.0,0.77,25.0,0.79,28.73,0.8,31.47,0.01,0.01,2321.8409,1776222398000
1776222400.049,100.049,0.21,37.46,0.2,18.0,0.22,26.0,0.23,25.0,0.78,26.0,0.77,25.0,0.79,37.46,0.8,18.0,0.01,0.01,2321.83573,1776222399000
1776222401.094,101.094,0.23,9.0,0.22,52.0,0.29,15.0,0.3,109.42,0.78,26.0,0.77,25.0,0.79,37.46,0.8,18.0,0.06,0.01,2321.83573,1776222399000
1776222401.328,101.328,0.28,10.0,0.27,10.0,0.29,3.07,0.31,15.0,0.71,3.17,0.7,88.42,0.74,50.0,0.75,10.0,0.01,0.03,2321.835755,1776222400000
1776222401.544,101.544,0.56,15.0,0.52,9.61,0.57,50.0,0.61,88.42,0.43,100.0,0.39,88.42,0.44,15.0,0.5,150.92,0.01,0.01,2321.835755,1776222400000
1776222401.777,101.777,0.58,166.0,0.57,57.0,0.59,99.9,0.61,88.42,0.39,38.42,0.37,100.0,0.44,15.0,0.46,10.0,0.01,0.05,2321.835755,1776222400000
1776222402.02,102.02,0.67,10.0,0.66,10.0,0.68,8.79,0.71,50.0,0.32,8.79,0.29,50.0,0.33,10.0,0.34,10.0,0.01,0.01,2321.853,1776222401000
1776222402.278,102.278,0.64,4.4,0.63,10.0,0.65,9.86,0.66,104.0,0.35,24.14,0.34,70.0,0.36,15.0,0.37,60.0,0.01,0.01,2321.853,1776222401000
1776222402.586,102.586,0.63,1.89,0.62,18.0,0.64,10.0,0.65,49.23,0.35,14.23,0.34,120.0,0.36,0.44,0.37,10.0,0.01,0.01,2321.853,1776222401000
1776222402.904,102.904,0.58,15.0,0.57,10.0,0.6,51.0,0.61,10.0,0.4,10.0,0.39,22.0,0.41,18.53,0.42,15.0,0.02,0.01,2321.853,1776222401000
1776222403.114,103.114,0.56,173.89,0.55,10.0,0.6,52.93,0.61,40.0,0.4,52.93,0.39,40.0,0.44,173.89,0.45,10.0,0.04,0.04,2321.853,1776222401000
1776222403.318,103.318,0.56,53.89,0.55,115.0,0.57,0.87,0.58,15.0,0.43,4.0,0.42,10.0,0.44,163.89,0.45,115.0,0.01,0.01,2321.995017,1776222402000
1776222403.545,103.545,0.56,53.89,0.55,117.0,0.57,10.0,0.58,10.0,0.43,5.0,0.42,10.0,0.44,48.89,0.45,117.0,0.01,0.01,2321.995017,1776222402000
1776222404.207,104.207,0.56,53.98,0.55,122.0,0.57,10.49,0.59,13.29,0.43,14.91,0.42,10.0,0.44,28.98,0.45,117.0,0.01,0.01,2321.995017,1776222402000
1776222404.454,104.454,0.56,53.98,0.55,122.0,0.57,10.49,0.59,13.29,0.43,10.49,0.41,13.29,0.44,53.98,0.45,122.0,0.01,0.01,2323.953381,1776222403000
1776222404.855,104.855,0.61,143.0,0.6,158.0,0.62,7.33,0.66,25.0,0.38,14.9,0.34,25.0,0.39,85.0,0.4,37.0,0.01,0.01,2323.953381,1776222403000
1776222405.377,105.377,0.66,39.6,0.65,22.0,0.67,34.0,0.71,60.0,0.33,11.69,0.32,25.0,0.39,138.0,0.4,158.0,0.01,0.06,2323.82816,1776222404000
1776222405.873,105.873,0.66,25.18,0.65,29.6,0.67,19.04,0.68,5.0,0.33,28.0,0.29,60.0,0.34,10.18,0.35,22.0,0.01,0.01,2323.82816,1776222404000
1776222406.087,106.087,0.66,25.18,0.65,29.6,0.68,5.0,0.71,60.0,0.32,5.0,0.29,60.0,0.34,25.18,0.35,29.6,0.02,0.02,2323.774257,1776222405000
1776222406.368,106.368,0.67,10.0,0.66,30.18,0.68,33.0,0.71,60.0,0.32,5.0,0.29,60.0,0.34,25.18,0.35,29.6,0.01,0.02,2323.774257,1776222405000
1776222406.778,106.778,0.57,10.0,0.56,144.98,0.67,152.0,0.68,144.0,0.32,33.0,0.29,60.0,0.33,10.0,0.34,30.18,0.1,0.01,2323.774257,1776222405000
1776222407.211,107.211,0.57,9.9,0.56,144.98,0.6,10.0,0.62,10.0,0.4,10.0,0.38,10.0,0.43,9.9,0.44,144.98,0.03,0.03,2324.220819,1776222406000
1776222407.564,107.564,0.56,49.98,0.55,112.0,0.57,11.33,0.58,84.14,0.4,10.0,0.38,10.0,0.43,9.9,0.44,144.98,0.01,0.03,2324.220819,1776222406000
1776222407.977,107.977,0.56,67.98,0.55,126.0,0.57,4.57,0.58,15.0,0.43,11.33,0.42,84.14,0.44,49.98,0.45,112.0,0.01,0.01,2324.220819,1776222406000
1776222408.374,108.374,0.56,67.98,0.55,126.0,0.57,4.57,0.58,15.0,0.43,4.57,0.42,15.0,0.44,67.98,0.45,126.0,0.01,0.01,2324.15265,1776222407000
1776222408.853,108.853,0.56,74.98,0.55,122.0,0.58,15.0,0.59,10.0,0.43,4.57,0.42,15.0,0.44,67.98,0.45,126.0,0.02,0.01,2324.15265,1776222407000
1776222409.956,109.956,0.56,74.98,0.55,122.0,0.58,15.0,0.59,10.0,0.42,15.0,0.41,10.0,0.44,74.98,0.45,122.0,0.02,0.02,2323.7827,1776222409000
1776222411.103,111.103,0.56,74.98,0.55,122.0,0.58,15.0,0.59,10.0,0.42,15.0,0.41,10.0,0.44,74.98,0.45,122.0,0.02,0.02,2323.8476,1776222410000
1776222411.942,111.942,0.61,20.0,0.6,25.0,0.62,15.0,0.63,5.0,0.42,15.0,0.41,10.0,0.44,74.98,0.45,122.0,0.01,0.02,2323.8476,1776222410000
1776222412.328,112.328,0.61,20.0,0.6,25.0,0.62,15.0,0.63,5.0,0.38,15.0,0.37,5.0,0.39,20.0,0.4,25.0,0.01,0.01,2323.8602,1776222411000
1776222413.366,113.366,0.61,20.0,0.6,25.0,0.62,15.0,0.63,5.0,0.38,15.0,0.37,5.0,0.39,20.0,0.4,25.0,0.01,0.01,2323.84275,1776222412000
1776222413.939,113.939,0.61,20.0,0.6,25.0,0.62,15.0,0.63,5.0,0.38,15.0,0.37,5.0,0.39,20.0,0.4,25.0,0.01,0.01,2323.8328,1776222413000
1776222415.22,115.22,0.61,20.0,0.6,25.0,0.62,15.0,0.63,5.0,0.38,15.0,0.37,5.0,0.39,20.0,0.4,25.0,0.01,0.01,2323.81785,1776222414000
1776222419.105,119.105,0.6,34.04,0.59,28.0,0.63,35.0,0.64,21.0,0.38,15.0,0.37,5.0,0.39,20.0,0.4,25.0,0.03,0.01,2323.81785,1776222414000
1776222420.163,120.163,0.6,57.89,0.59,28.0,0.61,8.36,0.62,15.0,0.37,35.0,0.36,21.0,0.4,34.04,0.41,28.0,0.01,0.03,2323.81785,1776222414000
1776222420.368,120.368,0.6,29.9,0.59,45.57,0.61,8.36,0.62,15.0,0.39,8.36,0.38,15.0,0.4,57.89,0.41,28.0,0.01,0.01,2323.81785,1776222414000
1776222420.67,120.67,0.6,29.9,0.59,45.57,0.62,13.28,0.63,20.0,0.39,8.36,0.38,15.0,0.4,29.9,0.41,45.57,0.02,0.01,2323.81785,1776222414000
1776222420.883,120.883,0.6,34.9,0.59,45.57,0.62,19.95,0.63,20.0,0.38,13.28,0.37,20.0,0.4,29.9,0.41,45.57,0.02,0.02,2323.81785,1776222414000
1776222422.824,122.824,0.62,1.0,0.61,25.0,0.63,20.0,0.64,25.0,0.38,19.95,0.37,20.0,0.4,34.9,0.41,45.57,0.01,0.02,2323.81785,1776222414000
1776222423.639,123.639,0.62,1.0,0.61,25.0,0.63,20.0,0.64,25.0,0.37,20.0,0.36,25.0,0.38,1.0,0.39,25.0,0.01,0.01,2323.83285,1776222422000
1776222424.102,124.102,0.62,1.0,0.61,25.0,0.63,20.0,0.64,25.0,0.37,20.0,0.36,25.0,0.38,1.0,0.39,25.0,0.01,0.01,2323.81545,1776222423000
1776222424.662,124.662,0.62,4.9,0.58,10.0,0.63,348.0,0.64,138.0,0.37,20.0,0.36,25.0,0.38,1.0,0.39,25.0,0.01,0.01,2323.81545,1776222423000
1776222424.866,124.866,0.54,7.41,0.51,150.0,0.55,30.0,0.56,34.0,0.45,15.0,0.44,15.0,0.46,14.81,0.49,150.0,0.01,0.01,2323.81545,1776222423000
1776222425.369,125.369,0.5,155.92,0.49,111.0,0.55,56.0,0.56,39.0,0.45,30.0,0.44,34.0,0.46,7.41,0.49,150.0,0.05,0.01,2323.81545,1776222423000
1776222425.788,125.788,0.5,118.74,0.49,111.0,0.51,15.0,0.52,15.0,0.45,56.0,0.44,39.0,0.5,155.92,0.51,111.0,0.01,0.05,2323.82805,1776222424000
1776222426.063,126.063,0.5,59.9,0.49,111.0,0.51,15.0,0.52,15.0,0.49,15.0,0.48,15.0,0.5,118.74,0.51,111.0,0.01,0.01,2323.82805,1776222424000
1776222426.825,126.825,0.5,18.78,0.49,105.0,0.51,20.0,0.52,20.0,0.49,15.0,0.48,15.0,0.5,59.9,0.51,111.0,0.01,0.01,2323.82265,1776222425000
1776222427.346,127.346,0.5,18.78,0.49,105.0,0.51,20.0,0.52,20.0,0.49,20.0,0.48,20.0,0.5,18.78,0.51,105.0,0.01,0.01,2323.343804,1776222426000
1776222427.7,127.7,0.5,10.66,0.49,105.0,0.51,36.19,0.52,25.0,0.49,41.19,0.48,25.0,0.5,12.78,0.51,141.99,0.01,0.01,2323.343804,1776222426000
1776222428.079,128.079,0.5,10.66,0.49,105.0,0.51,36.19,0.52,25.0,0.49,36.19,0.48,25.0,0.5,10.66,0.51,105.0,0.01,0.01,2323.313804,1776222427000
1776222428.818,128.818,0.5,2.27,0.49,147.99,0.51,41.19,0.52,20.0,0.49,36.19,0.48,25.0,0.5,10.66,0.51,105.0,0.01,0.01,2323.313804,1776222427000
1776222429.277,129.277,0.5,2.27,0.49,147.99,0.51,41.19,0.52,20.0,0.49,41.19,0.48,20.0,0.5,2.27,0.51,147.99,0.01,0.01,2323.337964,1776222428000
1776222430.539,130.539,0.5,2.27,0.49,147.99,0.51,41.19,0.52,20.0,0.49,41.19,0.48,20.0,0.5,2.27,0.51,147.99,0.01,0.01,2323.347675,1776222429000
1776222430.945,130.945,0.5,2.27,0.49,154.99,0.51,5.0,0.52,25.0,0.49,41.19,0.48,20.0,0.5,2.27,0.51,147.99,0.01,0.01,2323.347675,1776222429000
1776222431.16,131.16,0.5,2.27,0.49,154.99,0.51,5.0,0.52,25.0,0.49,5.0,0.48,25.0,0.5,2.27,0.51,154.99,0.01,0.01,2323.345156,1776222430000
1776222432.213,132.213,0.49,11.0,0.47,14.5,0.51,168.0,0.52,31.0,0.49,5.0,0.48,25.0,0.5,2.27,0.51,154.99,0.02,0.01,2323.345156,1776222430000
1776222432.44,132.44,0.45,84.3,0.44,105.0,0.46,56.0,0.47,33.0,0.54,56.0,0.53,33.0,0.55,84.3,0.56,105.0,0.01,0.01,2323.2682,1776222431000
1776222432.868,132.868,0.45,5.3,0.44,105.0,0.46,108.3,0.47,33.0,0.54,107.0,0.53,33.0,0.55,10.3,0.56,105.0,0.01,0.01,2323.2682,1776222431000
1776222433.191,133.191,0.44,104.55,0.43,107.0,0.45,64.0,0.46,80.3,0.55,64.0,0.54,80.3,0.56,104.55,0.57,107.0,0.01,0.01,2323.26315,1776222432000
1776222433.66,133.66,0.44,45.6,0.43,107.0,0.45,84.0,0.46,80.3,0.55,79.0,0.54,80.3,0.56,92.63,0.57,107.0,0.01,0.01,2323.26315,1776222432000
1776222434.513,134.513,0.42,7.0,0.41,75.0,0.45,74.0,0.46,44.3,0.55,84.0,0.54,80.3,0.56,45.6,0.57,107.0,0.03,0.01,2323.26315,1776222432000
1776222434.815,134.815,0.41,73.53,0.4,25.0,0.43,10.0,0.44,20.0,0.57,10.0,0.56,20.0,0.59,73.53,0.6,25.0,0.02,0.02,2323.044808,1776222433000
1776222435.042,135.042,0.41,80.53,0.4,25.0,0.43,25.0,0.44,30.0,0.57,20.0,0.56,30.0,0.58,1.16,0.59,80.53,0.02,0.01,2323.044808,1776222433000
1776222435.556,135.556,0.41,80.53,0.4,25.0,0.43,25.0,0.44,30.0,0.57,25.0,0.56,30.0,0.59,80.53,0.6,25.0,0.02,0.02,2323.043378,1776222434000
1776222435.908,135.908,0.41,6.15,0.4,25.0,0.42,76.0,0.43,20.0,0.58,15.0,0.57,20.0,0.59,74.41,0.6,25.0,0.01,0.01,2323.043378,1776222434000
1776222436.196,136.196,0.41,23.13,0.4,33.0,0.42,76.0,0.43,20.0,0.58,76.0,0.57,20.0,0.59,6.15,0.6,25.0,0.01,0.01,2322.9129,1776222435000
1776222436.546,136.546,0.4,38.0,0.39,25.0,0.42,6.4,0.43,25.0,0.58,76.0,0.57,20.0,0.6,33.0,0.61,25.0,0.02,0.02,2322.9129,1776222435000
1776222437.068,137.068,0.4,38.0,0.39,25.0,0.42,6.4,0.43,25.0,0.58,6.4,0.57,25.0,0.6,38.0,0.61,25.0,0.02,0.02,2322.829036,1776222436000
1776222438.132,138.132,0.4,38.0,0.39,25.0,0.42,6.4,0.43,25.0,0.58,6.4,0.57,25.0,0.6,38.0,0.61,25.0,0.02,0.02,2322.813535,1776222437000
1776222439.189,139.189,0.4,38.0,0.39,25.0,0.42,6.4,0.43,25.0,0.58,6.4,0.57,25.0,0.6,38.0,0.61,25.0,0.02,0.02,2322.890279,1776222438000
1776222440.157,140.157,0.4,38.0,0.39,25.0,0.42,6.4,0.43,25.0,0.58,6.4,0.57,25.0,0.6,38.0,0.61,25.0,0.02,0.02,2322.916344,1776222439000
1776222440.857,140.857,0.4,48.0,0.39,30.0,0.41,10.0,0.42,11.4,0.58,6.4,0.57,25.0,0.6,38.0,0.61,25.0,0.01,0.02,2322.916344,1776222439000
1776222441.092,141.092,0.4,48.0,0.39,30.0,0.41,10.0,0.42,11.4,0.59,10.0,0.58,11.4,0.6,48.0,0.61,30.0,0.01,0.01,2322.9074,1776222440000
1776222442.205,142.205,0.4,48.0,0.39,30.0,0.41,10.0,0.42,11.4,0.59,10.0,0.58,11.4,0.6,48.0,0.61,30.0,0.01,0.01,2322.920915,1776222441000
1776222442.711,142.711,0.47,10.0,0.46,10.0,0.49,71.99,0.5,105.0,0.59,10.0,0.58,11.4,0.6,48.0,0.61,30.0,0.02,0.01,2322.920915,1776222441000
1776222443.164,143.164,0.48,15.0,0.47,27.0,0.5,130.72,0.51,165.0,0.5,130.72,0.49,165.0,0.52,15.0,0.53,27.0,0.02,0.02,2322.925915,1776222442000
1776222444.303,144.303,0.49,27.0,0.48,22.0,0.5,30.3,0.51,70.0,0.5,30.3,0.49,70.0,0.51,27.0,0.52,22.0,0.01,0.01,2322.93735,1776222443000
1776222444.624,144.624,0.49,262.99,0.48,140.0,0.56,16.0,0.57,25.0,0.5,30.3,0.49,70.0,0.51,27.0,0.52,22.0,0.07,0.01,2322.93735,1776222443000
1776222445.275,145.275,0.55,15.0,0.54,15.0,0.57,22.89,0.58,25.0,0.43,22.89,0.42,25.0,0.45,15.0,0.46,15.0,0.02,0.02,2323.12235,1776222444000
1776222445.675,145.675,0.56,22.0,0.55,22.0,0.58,7.73,0.59,25.0,0.43,22.89,0.42,25.0,0.45,15.0,0.46,15.0,0.02,0.02,2323.12235,1776222444000
1776222445.883,145.883,0.59,8.87,0.58,10.0,0.6,127.0,0.61,144.0,0.42,7.73,0.41,25.0,0.44,22.0,0.45,22.0,0.01,0.02,2323.12235,1776222444000
1776222446.658,146.658,0.58,8.65,0.57,17.0,0.6,128.0,0.61,220.05,0.4,127.0,0.39,144.0,0.41,8.87,0.42,10.0,0.02,0.01,2323.12235,1776222444000
1776222446.995,146.995,0.58,40.65,0.57,27.0,0.59,15.0,0.6,138.0,0.4,128.0,0.39,220.05,0.42,8.65,0.43,17.0,0.01,0.02,2323.2962,1776222445000
1776222447.349,147.349,0.58,40.65,0.57,27.0,0.59,15.0,0.6,138.0,0.41,15.0,0.4,138.0,0.42,40.65,0.43,27.0,0.01,0.01,2323.459355,1776222446000
1776222448.608,148.608,0.58,44.26,0.57,27.0,0.59,10.0,0.6,93.0,0.41,23.0,0.4,138.0,0.42,44.26,0.43,27.0,0.01,0.01,2323.459355,1776222446000
1776222449.404,149.404,0.58,44.26,0.57,27.0,0.59,1.81,0.6,93.0,0.41,1.81,0.4,93.0,0.42,44.26,0.43,27.0,0.01,0.01,2323.518345,1776222448000
1776222449.883,149.883,0.58,44.26,0.57,27.0,0.59,1.81,0.6,93.0,0.41,1.81,0.4,93.0,0.42,44.26,0.43,27.0,0.01,0.01,2323.513435,1776222449000
1776222450.821,150.821,0.48,97.84,0.47,105.0,0.52,10.0,0.53,20.0,0.41,1.81,0.4,93.0,0.42,44.26,0.43,27.0,0.04,0.01,2323.513435,1776222449000
1776222451.51,151.51,0.48,63.0,0.47,25.0,0.5,110.0,0.51,110.0,0.48,15.0,0.47,20.0,0.52,91.74,0.53,105.0,0.02,0.04,2323.54565,1776222450000
1776222451.909,151.909,0.48,63.0,0.47,25.0,0.5,110.0,0.51,110.0,0.5,110.0,0.49,110.0,0.52,63.0,0.53,25.0,0.02,0.02,2323.54985,1776222451000
1776222452.165,152.165,0.49,12.9,0.48,33.0,0.5,120.0,0.51,115.0,0.5,110.0,0.49,110.0,0.52,63.0,0.53,25.0,0.01,0.02,2323.54985,1776222451000
1776222452.897,152.897,0.49,12.9,0.48,33.0,0.5,112.64,0.51,115.0,0.5,112.64,0.49,115.0,0.51,12.9,0.52,33.0,0.01,0.01,2323.265949,1776222452000
1776222453.225,153.225,0.53,117.99,0.52,44.71,0.54,91.33,0.55,110.0,0.5,112.64,0.49,115.0,0.51,12.9,0.52,33.0,0.01,0.01,2323.265949,1776222452000
1776222453.452,153.452,0.53,117.99,0.52,44.71,0.55,9.9,0.57,5.0,0.46,49.33,0.45,110.0,0.47,112.99,0.48,44.71,0.02,0.01,2323.265949,1776222452000
1776222453.775,153.775,0.54,67.0,0.53,112.99,0.57,5.0,0.59,10.0,0.45,9.9,0.43,5.0,0.47,117.99,0.48,44.71,0.03,0.02,2323.265949,1776222452000
1776222454.849,154.849,0.54,67.0,0.53,112.99,0.57,5.0,0.59,10.0,0.43,5.0,0.41,10.0,0.46,67.0,0.47,112.99,0.03,0.03,2323.3436,1776222454000
1776222456.238,156.238,0.56,52.0,0.55,20.0,0.57,8.24,0.6,6.0,0.43,5.0,0.41,10.0,0.46,67.0,0.47,112.99,0.01,0.03,2323.3436,1776222454000
1776222456.468,156.468,0.6,10.0,0.59,16.0,0.61,56.22,0.62,15.0,0.39,56.22,0.38,15.0,0.4,10.0,0.41,16.0,0.01,0.01,2323.43355,1776222455000
1776222457.3,157.3,0.6,10.0,0.59,16.0,0.61,56.22,0.62,15.0,0.39,56.22,0.38,15.0,0.4,10.0,0.41,16.0,0.01,0.01,2323.513973,1776222456000
1776222457.537,157.537,0.6,31.0,0.59,36.0,0.61,50.22,0.62,5.0,0.39,56.22,0.38,15.0,0.4,10.0,0.41,16.0,0.01,0.01,2323.513973,1776222456000
1776222458.284,158.284,0.6,31.0,0.59,36.0,0.61,50.22,0.62,5.0,0.39,50.22,0.38,5.0,0.4,31.0,0.41,36.0,0.01,0.01,2323.61902,1776222457000
1776222459.226,159.226,0.6,31.0,0.59,36.0,0.61,50.22,0.62,5.0,0.39,50.22,0.38,5.0,0.4,31.0,0.41,36.0,0.01,0.01,2323.6782,1776222458000
1776222460.25,160.25,0.6,31.0,0.59,36.0,0.61,50.22,0.62,5.0,0.39,50.22,0.38,5.0,0.4,31.0,0.41,36.0,0.01,0.01,2323.63345,1776222459000
1776222461.708,161.708,0.6,31.0,0.59,36.0,0.61,50.22,0.62,5.0,0.39,50.22,0.38,5.0,0.4,31.0,0.41,36.0,0.01,0.01,2323.6707,1776222460000
1776222462.164,162.164,0.61,37.0,0.6,27.0,0.62,2.83,0.63,13.0,0.39,50.22,0.38,5.0,0.4,31.0,0.41,36.0,0.01,0.01,2323.6707,1776222460000
1776222463.641,163.641,0.61,37.0,0.6,27.0,0.62,2.83,0.63,13.0,0.38,2.83,0.37,13.0,0.39,37.0,0.4,27.0,0.01,0.01,2323.6932,1776222462000
1776222464.225,164.225,0.61,37.0,0.6,27.0,0.62,2.83,0.63,13.0,0.38,2.83,0.37,13.0,0.39,37.0,0.4,27.0,0.01,0.01,2323.69315,1776222463000
1776222465.588,165.588,0.61,37.0,0.6,27.0,0.62,2.83,0.63,13.0,0.38,2.83,0.37,13.0,0.39,37.0,0.4,27.0,0.01,0.01,2323.69388,1776222464000
1776222466.156,166.156,0.61,37.0,0.6,27.0,0.62,2.83,0.63,13.0,0.38,2.83,0.37,13.0,0.39,37.0,0.4,27.0,0.01,0.01,2323.65815,1776222465000
1776222467.29,167.29,0.61,37.0,0.6,27.0,0.62,2.83,0.63,13.0,0.38,2.83,0.37,13.0,0.39,37.0,0.4,27.0,0.01,0.01,2323.66325,1776222466000
1776222467.908,167.908,0.61,37.0,0.6,27.0,0.62,2.83,0.63,13.0,0.38,2.83,0.37,13.0,0.39,37.0,0.4,27.0,0.01,0.01,2323.66325,1776222467000
1776222469.089,169.089,0.61,37.0,0.6,27.0,0.62,2.83,0.63,13.0,0.38,2.83,0.37,13.0,0.39,37.0,0.4,27.0,0.01,0.01,2323.6782,1776222468000
1776222469.422,169.422,0.61,25.23,0.6,32.0,0.62,2.83,0.63,15.0,0.38,2.83,0.37,13.0,0.39,37.0,0.4,27.0,0.01,0.01,2323.6782,1776222468000
1776222470.376,170.376,0.61,25.23,0.6,32.0,0.62,2.83,0.63,15.0,0.38,2.83,0.37,15.0,0.39,25.23,0.4,32.0,0.01,0.01,2323.6732,1776222469000
1776222470.984,170.984,0.61,25.23,0.6,32.0,0.62,2.83,0.63,15.0,0.38,2.83,0.37,15.0,0.39,25.23,0.4,32.0,0.01,0.01,2323.6732,1776222470000
1776222472.239,172.239,0.61,25.23,0.6,32.0,0.62,2.83,0.63,15.0,0.38,2.83,0.37,15.0,0.39,25.23,0.4,32.0,0.01,0.01,2323.6732,1776222471000
1776222473.048,173.048,0.61,22.66,0.6,32.0,0.62,2.83,0.63,15.0,0.38,2.83,0.37,15.0,0.39,25.23,0.4,32.0,0.01,0.01,2323.6732,1776222471000
1776222473.412,173.412,0.61,22.66,0.6,32.0,0.62,2.83,0.63,15.0,0.38,2.83,0.37,15.0,0.39,22.66,0.4,32.0,0.01,0.01,2323.6832,1776222472000
1776222474.049,174.049,0.61,22.66,0.6,32.0,0.62,2.83,0.63,15.0,0.38,2.83,0.37,15.0,0.39,22.66,0.4,32.0,0.01,0.01,2323.67825,1776222473000
1776222475.287,175.287,0.61,22.66,0.6,32.0,0.62,2.83,0.63,15.0,0.38,2.83,0.37,15.0,0.39,22.66,0.4,32.0,0.01,0.01,2323.67835,1776222474000
1776222476.043,176.043,0.61,22.66,0.6,32.0,0.62,2.83,0.63,15.0,0.38,2.83,0.37,15.0,0.39,22.66,0.4,32.0,0.01,0.01,2323.67835,1776222475000
1776222476.458,176.458,0.62,25.0,0.61,22.66,0.64,11.0,0.65,93.0,0.38,2.83,0.37,15.0,0.39,22.66,0.4,32.0,0.02,0.01,2323.67835,1776222475000
1776222477.79,177.79,0.62,25.0,0.61,22.66,0.64,11.0,0.65,93.0,0.36,11.0,0.35,93.0,0.38,25.0,0.39,22.66,0.02,0.02,2323.739448,1776222476000
1776222478.354,178.354,0.62,25.0,0.61,22.66,0.64,11.0,0.65,93.0,0.36,11.0,0.35,93.0,0.38,25.0,0.39,22.66,0.02,0.02,2323.700867,1776222477000
1776222478.959,178.959,0.62,25.0,0.61,22.66,0.64,11.0,0.65,93.0,0.36,11.0,0.35,93.0,0.38,25.0,0.39,22.66,0.02,0.02,2323.7034,1776222478000
1776222480.225,180.225,0.67,15.0,0.66,77.0,0.69,3.86,0.7,12.0,0.31,3.86,0.3,12.0,0.33,15.0,0.34,77.0,0.02,0.02,2323.699986,1776222479000
1776222480.78,180.78,0.68,26.0,0.67,26.0,0.69,17.86,0.7,5.0,0.31,3.86,0.3,12.0,0.33,15.0,0.34,77.0,0.01,0.02,2323.699986,1776222479000
1776222481.663,181.663,0.68,26.0,0.67,26.0,0.69,17.86,0.7,5.0,0.31,17.86,0.3,5.0,0.32,26.0,0.33,26.0,0.01,0.01,2323.9182,1776222480000
1776222482.325,182.325,0.68,26.0,0.67,26.0,0.69,15.72,0.7,5.0,0.31,15.72,0.3,5.0,0.32,26.0,0.33,26.0,0.01,0.01,2323.94227,1776222481000
1776222483.422,183.422,0.68,26.0,0.67,26.0,0.69,15.72,0.7,5.0,0.31,15.72,0.3,5.0,0.32,26.0,0.33,26.0,0.01,0.01,2323.90815,1776222482000
1776222483.968,183.968,0.68,26.0,0.67,26.0,0.69,15.72,0.7,5.0,0.31,15.72,0.3,5.0,0.32,26.0,0.33,26.0,0.01,0.01,2323.90815,1776222483000
1776222484.973,184.973,0.68,53.0,0.67,31.0,0.69,6.0,0.7,5.0,0.31,15.72,0.3,5.0,0.32,26.0,0.33,26.0,0.01,0.01,2323.90815,1776222483000
1776222485.667,185.667,0.68,53.0,0.67,31.0,0.69,6.0,0.7,5.0,0.31,6.0,0.3,5.0,0.32,53.0,0.33,31.0,0.01,0.01,2323.99332,1776222484000
1776222486.272,186.272,0.68,53.0,0.67,31.0,0.69,6.0,0.7,5.0,0.31,6.0,0.3,5.0,0.32,53.0,0.33,31.0,0.01,0.01,2323.96305,1776222485000
1776222486.932,186.932,0.68,83.0,0.67,31.0,0.69,15.09,0.7,5.0,0.31,6.0,0.3,5.0,0.32,53.0,0.33,31.0,0.01,0.01,2323.96305,1776222485000
1776222487.563,187.563,0.68,83.0,0.67,31.0,0.69,15.09,0.7,5.0,0.31,15.09,0.3,5.0,0.32,83.0,0.33,31.0,0.01,0.01,2323.953,1776222486000
1776222488.25,188.25,0.68,83.0,0.67,31.0,0.69,15.09,0.7,5.0,0.31,15.09,0.3,5.0,0.32,83.0,0.33,31.0,0.01,0.01,2323.96693,1776222487000
1776222488.69,188.69,0.68,80.0,0.67,31.0,0.69,5.59,0.7,5.0,0.31,15.09,0.3,5.0,0.32,83.0,0.33,31.0,0.01,0.01,2323.96693,1776222487000
1776222489.3,189.3,0.68,80.0,0.67,31.0,0.69,5.59,0.7,5.0,0.31,5.59,0.3,5.0,0.32,80.0,0.33,31.0,0.01,0.01,2323.982597,1776222488000
1776222489.948,189.948,0.68,80.0,0.67,31.0,0.69,5.59,0.7,5.0,0.31,5.59,0.3,5.0,0.32,80.0,0.33,31.0,0.01,0.01,2323.971415,1776222489000
1776222490.655,190.655,0.63,31.28,0.61,10.0,0.69,30.0,0.7,5.0,0.31,5.59,0.3,5.0,0.32,80.0,0.33,31.0,0.06,0.01,2323.971415,1776222489000
1776222491.396,191.396,0.61,10.0,0.6,6.0,0.63,56.51,0.69,77.0,0.37,56.51,0.31,77.0,0.39,10.0,0.4,6.0,0.02,0.02,2323.946636,1776222490000
1776222492.126,192.126,0.61,10.0,0.6,6.0,0.63,56.51,0.69,77.0,0.37,56.51,0.31,77.0,0.39,10.0,0.4,6.0,0.02,0.02,2323.905856,1776222491000
1776222492.903,192.903,0.59,5.0,0.58,20.0,0.6,43.33,0.61,10.0,0.4,60.0,0.39,20.0,0.41,10.0,0.42,20.0,0.01,0.01,2323.905856,1776222491000
1776222493.326,193.326,0.59,5.0,0.58,20.0,0.6,43.33,0.61,10.0,0.4,43.33,0.39,10.0,0.41,5.0,0.42,20.0,0.01,0.01,2323.70364,1776222492000
1776222494.314,194.314,0.59,5.0,0.58,20.0,0.6,43.33,0.61,10.0,0.4,43.33,0.39,10.0,0.41,5.0,0.42,20.0,0.01,0.01,2323.640934,1776222493000
1776222495.348,195.348,0.59,5.0,0.58,20.0,0.6,43.33,0.61,10.0,0.4,43.33,0.39,10.0,0.41,5.0,0.42,20.0,0.01,0.01,2323.616536,1776222494000
1776222496.359,196.359,0.59,5.0,0.58,20.0,0.6,43.33,0.61,10.0,0.4,43.33,0.39,10.0,0.41,5.0,0.42,20.0,0.01,0.01,2323.577774,1776222495000
1776222496.888,196.888,0.6,5.0,0.59,35.0,0.63,56.51,0.66,5.0,0.37,56.51,0.34,5.0,0.4,5.0,0.41,35.0,0.03,0.03,2323.577774,1776222496000
1776222497.867,197.867,0.62,10.0,0.61,16.0,0.63,62.7,0.64,15.6,0.37,56.51,0.34,5.0,0.4,5.0,0.41,35.0,0.01,0.03,2323.577774,1776222496000
1776222498.653,198.653,0.62,10.0,0.61,10.0,0.63,51.7,0.64,25.6,0.37,62.7,0.36,15.6,0.38,10.0,0.39,16.0,0.01,0.01,2323.63692,1776222497000
1776222499.081,199.081,0.62,10.0,0.61,10.0,0.63,40.7,0.64,25.6,0.37,40.7,0.36,25.6,0.38,10.0,0.39,10.0,0.01,0.01,2323.725297,1776222498000
1776222499.489,199.489,0.62,188.0,0.61,32.0,0.67,70.0,0.68,10.0,0.37,40.7,0.36,25.6,0.38,10.0,0.39,10.0,0.05,0.01,2323.725297,1776222498000
1776222499.92,199.92,0.66,152.0,0.65,28.0,0.67,12.77,0.68,10.0,0.33,56.86,0.32,10.0,0.37,10.0,0.38,188.0,0.01,0.04,2323.725297,1776222498000
1776222500.125,200.125,0.66,152.0,0.65,28.0,0.69,70.0,0.71,50.0,0.31,70.0,0.29,50.0,0.34,152.0,0.35,28.0,0.03,0.03,2323.670856,1776222499000
1776222500.735,200.735,0.7,82.96,0.69,15.0,0.71,50.0,0.74,21.0,0.31,70.0,0.29,50.0,0.34,152.0,0.35,28.0,0.01,0.03,2323.670856,1776222499000
1776222501.049,201.049,0.7,82.96,0.69,15.0,0.71,50.0,0.74,21.0,0.29,50.0,0.26,21.0,0.3,82.96,0.31,15.0,0.01,0.01,2323.747389,1776222500000
1776222501.491,201.491,0.7,72.96,0.69,15.0,0.71,0.37,0.74,21.0,0.29,50.0,0.26,21.0,0.3,82.96,0.31,15.0,0.01,0.01,2323.747389,1776222500000
1776222501.991,201.991,0.7,72.96,0.69,15.0,0.71,0.37,0.74,21.0,0.29,0.37,0.26,21.0,0.3,72.96,0.31,15.0,0.01,0.01,2323.885395,1776222501000
1776222502.328,202.328,0.73,28.66,0.72,20.0,0.74,21.0,0.75,122.2,0.29,0.37,0.26,21.0,0.3,72.96,0.31,15.0,0.01,0.01,2323.885395,1776222501000
1776222502.681,202.681,0.73,48.25,0.72,20.0,0.74,31.0,0.75,122.2,0.26,21.0,0.25,122.2,0.27,28.66,0.28,20.0,0.01,0.01,2323.885395,1776222501000
1776222503.1,203.1,0.73,48.25,0.72,20.0,0.74,31.0,0.75,122.2,0.26,31.0,0.25,122.2,0.27,48.25,0.28,20.0,0.01,0.01,2323.95724,1776222502000
1776222504.119,204.119,0.73,48.25,0.72,20.0,0.74,26.0,0.75,122.2,0.26,26.0,0.25,122.2,0.27,48.25,0.28,20.0,0.01,0.01,2323.9571,1776222503000
1776222505.208,205.208,0.73,48.25,0.72,20.0,0.74,26.0,0.75,122.2,0.26,26.0,0.25,122.2,0.27,48.25,0.28,20.0,0.01,0.01,2323.961015,1776222504000
1776222506.089,206.089,0.73,48.25,0.72,20.0,0.74,26.0,0.75,122.2,0.26,26.0,0.25,122.2,0.27,48.25,0.28,20.0,0.01,0.01,2323.959125,1776222505000
1776222506.357,206.357,0.73,48.25,0.72,25.0,0.74,40.64,0.75,122.2,0.26,26.0,0.25,122.2,0.27,48.25,0.28,20.0,0.01,0.01,2323.959125,1776222505000
1776222507.013,207.013,0.73,29.73,0.72,25.0,0.74,35.64,0.75,122.2,0.26,40.64,0.25,122.2,0.27,48.25,0.28,25.0,0.01,0.01,2323.959125,1776222505000
1776222507.82,207.82,0.73,29.73,0.72,25.0,0.74,35.64,0.75,122.2,0.26,35.64,0.25,122.2,0.27,29.73,0.28,25.0,0.01,0.01,2323.957935,1776222506000
1776222508.312,208.312,0.73,29.73,0.72,25.0,0.74,35.64,0.75,122.2,0.26,35.64,0.25,122.2,0.27,29.73,0.28,25.0,0.01,0.01,2323.952348,1776222507000
1776222509.103,209.103,0.73,29.73,0.72,25.0,0.74,35.64,0.75,122.2,0.26,35.64,0.25,122.2,0.27,29.73,0.28,25.0,0.01,0.01,2323.952348,1776222508000
1776222510.224,210.224,0.73,29.73,0.72,25.0,0.74,35.64,0.75,122.2,0.26,35.64,0.25,122.2,0.27,29.73,0.28,25.0,0.01,0.01,2323.950656,1776222509000
1776222511.286,211.286,0.73,29.73,0.72,25.0,0.74,35.64,0.75,122.2,0.26,35.64,0.25,122.2,0.27,29.73,0.28,25.0,0.01,0.01,2323.944743,1776222510000
1776222512.54,212.54,0.73,29.73,0.72,25.0,0.74,35.64,0.75,122.2,0.26,35.64,0.25,122.2,0.27,29.73,0.28,25.0,0.01,0.01,2323.952986,1776222511000
1776222512.927,212.927,0.73,2.55,0.72,15.0,0.74,50.99,0.75,93.0,0.26,35.64,0.25,122.2,0.27,29.73,0.28,25.0,0.01,0.01,2323.952986,1776222511000
1776222513.157,213.157,0.73,17.55,0.72,15.0,0.74,36.23,0.75,93.0,0.26,50.99,0.25,93.0,0.27,2.55,0.28,15.0,0.01,0.01,2323.952315,1776222512000
1776222513.527,213.527,0.73,22.55,0.72,20.0,0.74,20.41,0.75,93.0,0.26,36.23,0.25,93.0,0.27,17.55,0.28,15.0,0.01,0.01,2323.952315,1776222512000
1776222514.439,214.439,0.73,22.55,0.72,20.0,0.74,20.41,0.75,93.0,0.26,20.41,0.25,93.0,0.27,22.55,0.28,20.0,0.01,0.01,2323.949649,1776222513000
1776222514.981,214.981,0.73,22.55,0.72,20.0,0.74,20.41,0.75,93.0,0.26,20.41,0.25,93.0,0.27,22.55,0.28,20.0,0.01,0.01,2323.949683,1776222514000
1776222515.214,215.214,0.75,5.0,0.74,57.0,0.76,68.0,0.77,18.0,0.26,20.41,0.25,93.0,0.27,22.55,0.28,20.0,0.01,0.01,2323.949683,1776222514000
1776222515.745,215.745,0.75,49.0,0.74,56.0,0.76,44.86,0.77,18.0,0.24,68.0,0.23,18.0,0.25,5.0,0.26,57.0,0.01,0.01,2323.949683,1776222514000
1776222516.155,216.155,0.75,49.0,0.74,56.0,0.76,44.86,0.77,18.0,0.24,44.86,0.23,18.0,0.25,49.0,0.26,56.0,0.01,0.01,2323.96276,1776222515000
1776222517.382,217.382,0.76,31.0,0.75,39.0,0.77,7.0,0.78,46.0,0.24,44.86,0.23,18.0,0.25,49.0,0.26,56.0,0.01,0.01,2323.96276,1776222515000
1776222517.664,217.664,0.76,31.0,0.75,39.0,0.77,7.0,0.78,46.0,0.23,7.0,0.22,46.0,0.24,31.0,0.25,39.0,0.01,0.01,2323.990845,1776222516000
1776222518.361,218.361,0.76,31.0,0.75,39.0,0.77,7.0,0.78,46.0,0.23,7.0,0.22,46.0,0.24,31.0,0.25,39.0,0.01,0.01,2323.994006,1776222517000
1776222519.387,219.387,0.76,31.0,0.75,39.0,0.77,7.0,0.78,46.0,0.23,7.0,0.22,46.0,0.24,31.0,0.25,39.0,0.01,0.01,2323.994215,1776222518000
1776222519.926,219.926,0.76,31.0,0.75,39.0,0.77,7.0,0.78,46.0,0.23,7.0,0.22,46.0,0.24,31.0,0.25,39.0,0.01,0.01,2323.999135,1776222519000
1776222521.046,221.046,0.76,31.0,0.75,39.0,0.77,7.0,0.78,46.0,0.23,7.0,0.22,46.0,0.24,31.0,0.25,39.0,0.01,0.01,2324.002706,1776222520000
1776222522.203,222.203,0.76,31.0,0.75,39.0,0.77,7.0,0.78,46.0,0.23,7.0,0.22,46.0,0.24,31.0,0.25,39.0,0.01,0.01,2324.001623,1776222521000
1776222522.931,222.931,0.76,31.0,0.75,39.0,0.77,7.0,0.78,46.0,0.23,7.0,0.22,46.0,0.24,31.0,0.25,39.0,0.01,0.01,2323.996246,1776222522000
1776222523.994,223.994,0.76,31.0,0.75,39.0,0.77,7.0,0.78,46.0,0.23,7.0,0.22,46.0,0.24,31.0,0.25,39.0,0.01,0.01,2324.0072,1776222523000
1776222524.327,224.327,0.75,31.16,0.74,38.0,0.77,12.43,0.78,41.0,0.23,22.43,0.22,41.0,0.24,25.0,0.25,35.0,0.02,0.01,2324.0072,1776222523000
1776222524.915,224.915,0.75,31.16,0.74,38.0,0.77,12.43,0.78,41.0,0.23,12.43,0.22,41.0,0.25,31.16,0.26,38.0,0.02,0.02,2324.0072,1776222524000
1776222525.651,225.651,0.76,15.0,0.75,26.16,0.77,11.13,0.78,56.0,0.23,12.43,0.22,41.0,0.25,31.16,0.26,38.0,0.01,0.02,2324.0072,1776222524000
1776222525.993,225.993,0.76,15.0,0.75,26.16,0.77,11.13,0.78,56.0,0.23,11.13,0.22,56.0,0.24,15.0,0.25,26.16,0.01,0.01,2323.991895,1776222525000
1776222526.746,226.746,0.76,15.0,0.75,26.16,0.77,13.53,0.78,46.0,0.23,11.13,0.22,56.0,0.24,15.0,0.25,26.16,0.01,0.01,2323.991895,1776222525000
1776222528.002,228.002,0.76,15.0,0.75,26.16,0.77,13.53,0.78,46.0,0.23,13.53,0.22,46.0,0.24,15.0,0.25,26.16,0.01,0.01,2323.986905,1776222527000
1776222528.259,228.259,0.79,67.0,0.78,35.0,0.81,92.0,0.83,25.5,0.2,14.0,0.19,92.0,0.23,53.0,0.24,38.99,0.02,0.03,2323.986905,1776222527000
1776222528.656,228.656,0.8,20.0,0.79,52.0,0.81,84.07,0.82,28.61,0.19,92.0,0.17,25.5,0.21,67.0,0.22,35.0,0.01,0.02,2323.986905,1776222527000
1776222528.945,228.945,0.79,52.0,0.78,42.0,0.81,79.07,0.82,28.61,0.19,79.07,0.18,28.61,0.21,52.0,0.22,42.0,0.02,0.02,2323.995445,1776222528000
1776222529.18,229.18,0.8,92.99,0.79,87.0,0.81,33.76,0.85,117.2,0.19,79.07,0.18,28.61,0.21,52.0,0.22,42.0,0.01,0.02,2323.995445,1776222528000
1776222529.502,229.502,0.84,36.0,0.83,62.99,0.85,28.62,0.87,61.8,0.19,33.76,0.15,117.2,0.2,92.99,0.21,87.0,0.01,0.01,2323.995445,1776222528000
1776222529.886,229.886,0.84,41.0,0.83,62.99,0.85,21.5,0.87,61.8,0.15,21.5,0.13,61.8,0.16,41.0,0.17,62.99,0.01,0.01,2324.043269,1776222529000
1776222530.407,230.407,0.84,31.0,0.83,51.99,0.85,32.23,0.87,50.8,0.15,21.5,0.13,61.8,0.16,41.0,0.17,62.99,0.01,0.01,2324.043269,1776222529000
1776222530.824,230.824,0.77,11.12,0.75,1.16,0.79,51.0,0.84,19.0,0.15,4.54,0.13,50.8,0.16,31.0,0.17,51.99,0.02,0.01,2324.043269,1776222529000
1776222531.27,231.27,0.74,5.0,0.73,20.0,0.75,74.33,0.76,15.0,0.24,10.0,0.23,10.0,0.25,9.93,0.26,13.0,0.01,0.01,2324.193939,1776222530000
1776222531.63,231.63,0.74,15.0,0.73,20.0,0.75,86.34,0.76,15.0,0.25,74.33,0.24,15.0,0.26,5.0,0.27,20.0,0.01,0.01,2324.193939,1776222530000
1776222531.885,231.885,0.74,15.0,0.73,20.0,0.75,86.34,0.76,15.0,0.25,86.34,0.24,15.0,0.26,15.0,0.27,20.0,0.01,0.01,2324.36916,1776222531000
1776222532.393,232.393,0.74,15.0,0.73,15.0,0.75,65.1,0.76,15.0,0.25,86.34,0.24,15.0,0.26,15.0,0.27,20.0,0.01,0.01,2324.36916,1776222531000
1776222532.89,232.89,0.74,15.0,0.73,15.0,0.75,65.1,0.76,15.0,0.25,65.1,0.24,15.0,0.26,15.0,0.27,15.0,0.01,0.01,2324.1057,1776222532000
1776222533.612,233.612,0.74,25.0,0.73,41.12,0.75,71.1,0.76,5.0,0.25,76.1,0.24,5.0,0.26,20.0,0.27,26.12,0.01,0.01,2324.1057,1776222532000
1776222533.816,233.816,0.74,25.0,0.73,41.12,0.75,71.1,0.76,5.0,0.25,71.1,0.24,5.0,0.26,25.0,0.27,41.12,0.01,0.01,2324.066756,1776222533000
1776222534.909,234.909,0.74,25.0,0.73,41.12,0.75,71.1,0.76,5.0,0.25,71.1,0.24,5.0,0.26,25.0,0.27,41.12,0.01,0.01,2324.09679,1776222534000
1776222535.956,235.956,0.74,25.0,0.73,41.12,0.75,71.1,0.76,5.0,0.25,71.1,0.24,5.0,0.26,25.0,0.27,41.12,0.01,0.01,2324.052563,1776222535000
1776222536.28,236.28,0.74,55.99,0.73,30.0,0.75,68.1,0.76,5.0,0.25,71.1,0.24,5.0,0.26,25.0,0.27,41.12,0.01,0.01,2324.052563,1776222535000
1776222536.912,236.912,0.7,18.72,0.69,29.0,0.71,10.0,0.72,20.0,0.25,68.1,0.24,5.0,0.26,55.99,0.27,30.0,0.01,0.01,2324.052563,1776222535000
1776222537.386,237.386,0.66,20.0,0.65,10.0,0.69,22.0,0.7,27.0,0.29,10.0,0.28,20.0,0.3,18.72,0.31,29.0,0.03,0.01,2324.052563,1776222535000
1776222537.986,237.986,0.66,17.87,0.65,36.0,0.67,15.0,0.68,15.0,0.32,20.0,0.31,27.0,0.35,26.0,0.36,22.0,0.01,0.03,2324.055497,1776222536000
1776222538.502,238.502,0.64,25.36,0.63,15.0,0.67,20.0,0.68,15.0,0.33,20.0,0.32,15.0,0.35,17.4,0.36,27.0,0.03,0.02,2324.088428,1776222537000
1776222539.273,239.273,0.64,25.36,0.63,15.0,0.67,20.0,0.68,15.0,0.33,20.0,0.32,15.0,0.36,25.36,0.37,15.0,0.03,0.03,2323.909559,1776222538000
1776222540.28,240.28,0.65,5.0,0.64,10.0,0.66,76.33,0.67,28.0,0.34,10.0,0.33,15.0,0.35,88.42,0.36,23.36,0.01,0.01,2323.909559,1776222538000
1776222540.49,240.49,0.54,73.43,0.53,11.0,0.59,12.19,0.62,13.15,0.34,71.66,0.33,33.0,0.45,5.0,0.46,75.0,0.05,0.11,2323.866825,1776222539000
1776222540.78,240.78,0.54,43.47,0.53,22.0,0.55,15.0,0.56,10.0,0.44,11.36,0.41,12.19,0.46,62.47,0.47,11.0,0.01,0.02,2323.866825,1776222539000
1776222541.122,241.122,0.54,39.67,0.53,22.0,0.55,5.08,0.56,15.0,0.45,5.08,0.44,10.0,0.46,35.88,0.47,22.0,0.01,0.01,2323.797279,1776222540000
1776222541.385,241.385,0.54,18.67,0.53,32.0,0.55,5.08,0.56,15.0,0.45,5.08,0.44,15.0,0.46,39.67,0.47,22.0,0.01,0.01,2323.797279,1776222540000
1776222541.933,241.933,0.57,5.75,0.56,19.88,0.59,15.0,0.6,15.0,0.45,3.09,0.44,15.0,0.46,15.14,0.47,32.0,0.02,0.01,2323.797279,1776222540000
1776222542.142,242.142,0.58,30.0,0.57,15.75,0.59,12.72,0.6,15.0,0.41,15.0,0.4,15.0,0.43,5.75,0.44,19.88,0.01,0.02,2323.720094,1776222541000
1776222542.955,242.955,0.57,5.0,0.56,5.0,0.59,15.0,0.6,15.0,0.41,12.72,0.4,15.0,0.42,30.0,0.43,15.75,0.02,0.01,2323.720094,1776222541000
1776222544.232,244.232,0.51,120.0,0.5,76.0,0.52,4.23,0.53,10.0,0.48,4.23,0.47,10.0,0.49,120.0,0.5,76.0,0.01,0.01,2323.61832,1776222543000
1776222545.183,245.183,0.55,11.74,0.54,15.0,0.56,30.0,0.57,9.82,0.43,14.82,0.42,25.0,0.44,8.0,0.45,5.0,0.01,0.01,2323.61832,1776222543000
1776222545.566,245.566,0.54,4.9,0.53,15.0,0.56,30.0,0.57,9.82,0.44,30.0,0.43,9.82,0.45,11.74,0.46,15.0,0.02,0.01,2323.456113,1776222544000
1776222546.413,246.413,0.54,4.9,0.53,15.0,0.56,30.0,0.57,9.82,0.44,30.0,0.43,9.82,0.46,4.9,0.47,15.0,0.02,0.02,2323.419378,1776222545000
1776222546.959,246.959,0.54,4.9,0.53,15.0,0.56,30.0,0.57,9.82,0.44,30.0,0.43,9.82,0.46,4.9,0.47,15.0,0.02,0.02,2323.419378,1776222546000
1776222547.654,247.654,0.55,9.0,0.54,14.9,0.56,15.0,0.57,9.82,0.44,30.0,0.43,9.82,0.46,4.9,0.47,15.0,0.01,0.02,2323.419378,1776222546000
1776222547.988,247.988,0.55,9.0,0.54,14.9,0.56,15.0,0.57,9.82,0.44,15.0,0.43,9.82,0.45,9.0,0.46,14.9,0.01,0.01,2323.42203,1776222547000
1776222548.978,248.978,0.55,82.12,0.54,100.12,0.58,10.0,0.59,10.0,0.44,15.0,0.43,9.82,0.45,9.0,0.46,14.9,0.03,0.01,2323.42203,1776222547000
1776222550.265,250.265,0.61,60.0,0.56,6.0,0.62,11.0,0.65,5.0,0.38,11.0,0.35,5.0,0.39,60.0,0.44,6.0,0.01,0.01,2323.39935,1776222549000
1776222550.9,250.9,0.64,15.0,0.63,10.0,0.66,85.0,0.67,10.0,0.38,11.0,0.35,5.0,0.39,60.0,0.44,6.0,0.02,0.01,2323.39935,1776222549000
1776222551.481,251.481,0.63,10.0,0.62,15.0,0.64,6.0,0.65,45.0,0.34,85.0,0.33,10.0,0.36,15.0,0.37,10.0,0.01,0.02,2323.407859,1776222550000
1776222552.162,252.162,0.46,50.0,0.43,100.0,0.54,247.99,0.55,120.0,0.36,6.0,0.35,45.0,0.37,10.0,0.38,15.0,0.08,0.01,2323.407859,1776222550000
1776222552.45,252.45,0.46,18.04,0.43,100.0,0.47,165.48,0.48,25.53,0.53,22.0,0.52,25.53,0.54,64.9,0.57,100.0,0.01,0.01,2323.545578,1776222551000
1776222552.742,252.742,0.43,100.0,0.41,50.0,0.44,27.0,0.45,17.0,0.53,160.48,0.52,25.53,0.57,100.0,0.59,50.0,0.01,0.04,2323.545578,1776222551000
1776222553.12,253.12,0.38,14.16,0.36,135.0,0.41,122.0,0.42,21.99,0.56,15.66,0.55,122.48,0.57,72.91,0.6,10.56,0.03,0.01,2323.545578,1776222551000
1776222553.354,253.354,0.36,72.06,0.33,13.0,0.39,166.99,0.4,34.0,0.6,18.18,0.59,150.0,0.62,9.26,0.64,140.0,0.03,0.02,2323.545578,1776222551000
1776222553.765,253.765,0.3,5.0,0.29,51.0,0.37,173.51,0.38,32.51,0.61,166.99,0.6,34.0,0.64,72.06,0.67,13.0,0.07,0.03,2323.557429,1776222552000
1776222554.147,254.147,0.3,10.0,0.29,51.0,0.31,6.35,0.32,15.0,0.63,173.51,0.62,32.51,0.7,5.0,0.71,51.0,0.01,0.07,2323.467801,1776222553000
1776222554.981,254.981,0.29,72.05,0.28,10.0,0.31,1.35,0.32,10.0,0.69,6.35,0.68,15.0,0.71,47.05,0.74,50.0,0.02,0.02,2323.467801,1776222553000
1776222556.106,256.106,0.29,72.05,0.28,10.0,0.31,1.35,0.32,10.0,0.69,1.35,0.68,10.0,0.71,72.05,0.72,10.0,0.02,0.02,2323.092101,1776222555000
1776222556.374,256.374,0.29,68.64,0.28,5.0,0.3,10.0,0.31,1.35,0.69,1.35,0.68,10.0,0.71,72.05,0.72,10.0,0.01,0.02,2323.092101,1776222555000
1776222556.693,256.693,0.29,57.02,0.28,5.0,0.3,10.0,0.31,1.35,0.7,10.0,0.69,1.35,0.71,68.64,0.72,5.0,0.01,0.01,2323.092101,1776222555000
1776222556.941,256.941,0.29,38.02,0.27,5.0,0.3,10.0,0.31,1.35,0.7,10.0,0.69,1.35,0.71,57.02,0.72,5.0,0.01,0.01,2323.092101,1776222555000
1776222557.155,257.155,0.27,5.0,0.26,67.0,0.3,10.0,0.31,1.35,0.7,10.0,0.69,1.35,0.73,5.0,0.74,67.0,0.03,0.03,2323.015235,1776222556000
1776222558.016,258.016,0.27,31.63,0.26,65.0,0.28,15.0,0.29,15.0,0.7,10.0,0.69,1.35,0.73,5.0,0.74,67.0,0.01,0.03,2323.015235,1776222556000
1776222558.216,258.216,0.27,31.63,0.26,65.0,0.28,15.0,0.29,15.0,0.72,15.0,0.71,15.0,0.73,31.63,0.74,65.0,0.01,0.01,2323.081551,1776222557000
1776222558.929,258.929,0.27,15.0,0.26,65.0,0.29,6.32,0.3,10.0,0.72,15.0,0.71,15.0,0.73,31.63,0.74,65.0,0.02,0.01,2323.081551,1776222557000
1776222559.292,259.292,0.27,25.0,0.26,70.0,0.29,6.31,0.3,10.0,0.71,6.32,0.7,10.0,0.73,15.0,0.74,65.0,0.02,0.02,2323.081551,1776222557000
1776222559.931,259.931,0.26,60.0,0.25,12.0,0.27,8.0,0.28,23.0,0.71,6.31,0.7,10.0,0.73,25.0,0.74,70.0,0.01,0.02,2322.984634,1776222558000
1776222560.309,260.309,0.26,60.0,0.25,12.0,0.27,8.0,0.28,23.0,0.73,8.0,0.72,23.0,0.74,60.0,0.75,12.0,0.01,0.01,2322.985104,1776222559000
1776222561.008,261.008,0.26,60.0,0.25,12.0,0.27,8.0,0.28,23.0,0.73,8.0,0.72,23.0,0.74,60.0,0.75,12.0,0.01,0.01,2322.985104,1776222560000
1776222561.948,261.948,0.26,60.0,0.25,12.0,0.27,8.0,0.28,23.0,0.73,8.0,0.72,23.0,0.74,60.0,0.75,12.0,0.01,0.01,2323.016067,1776222561000
1776222563.101,263.101,0.26,60.0,0.25,12.0,0.27,8.0,0.28,23.0,0.73,8.0,0.72,23.0,0.74,60.0,0.75,12.0,0.01,0.01,2322.929058,1776222562000
1776222564.06,264.06,0.28,10.88,0.27,15.0,0.29,6.31,0.31,10.0,0.71,6.31,0.67,10.0,0.72,33.66,0.73,15.0,0.01,0.01,2322.929058,1776222562000
1776222564.881,264.881,0.28,49.88,0.27,15.0,0.31,6.31,0.32,10.0,0.71,6.31,0.69,10.0,0.72,10.88,0.73,15.0,0.03,0.01,2322.957855,1776222563000
1776222565.099,265.099,0.28,49.88,0.27,15.0,0.31,6.31,0.32,10.0,0.69,6.31,0.68,10.0,0.72,49.88,0.73,15.0,0.03,0.03,2322.948785,1776222564000
1776222565.789,265.789,0.29,11.43,0.28,5.88,0.31,11.31,0.32,10.0,0.69,6.31,0.68,10.0,0.72,49.88,0.73,15.0,0.02,0.03,2322.948785,1776222564000
1776222566.101,266.101,0.29,7.88,0.28,5.0,0.3,15.0,0.31,6.31,0.69,11.31,0.68,10.0,0.71,11.43,0.72,5.88,0.01,0.02,2322.948785,1776222564000
1776222566.617,266.617,0.26,50.48,0.25,15.0,0.28,10.0,0.29,10.0,0.7,15.0,0.69,6.31,0.71,7.88,0.72,5.0,0.02,0.01,2322.972661,1776222565000
1776222567.409,267.409,0.27,5.0,0.26,15.0,0.28,5.0,0.29,10.0,0.72,10.0,0.71,10.0,0.74,50.48,0.75,15.0,0.01,0.02,2322.972661,1776222565000
1776222567.668,267.668,0.27,5.0,0.26,15.0,0.28,5.0,0.29,10.0,0.72,5.0,0.71,10.0,0.73,5.0,0.74,15.0,0.01,0.01,2323.0291,1776222566000
1776222568.222,268.222,0.26,15.0,0.25,10.0,0.27,8.0,0.28,5.0,0.73,8.0,0.72,5.0,0.74,15.0,0.75,10.0,0.01,0.01,2323.015152,1776222567000
1776222569.397,269.397,0.26,15.0,0.25,10.0,0.27,8.0,0.28,5.0,0.73,8.0,0.72,5.0,0.74,15.0,0.75,10.0,0.01,0.01,2323.011076,1776222568000
1776222569.919,269.919,0.26,64.0,0.25,15.0,0.29,1.88,0.3,10.0,0.71,1.88,0.7,10.0,0.74,64.0,0.75,15.0,0.03,0.03,2323.011072,1776222569000
1776222571.02,271.02,0.41,15.0,0.4,10.0,0.42,2.92,0.43,10.0,0.71,1.88,0.7,10.0,0.74,64.0,0.75,15.0,0.01,0.03,2323.011072,1776222569000
1776222571.234,271.234,0.41,6.41,0.4,15.0,0.42,16.58,0.43,10.0,0.58,11.58,0.57,10.0,0.59,8.26,0.6,15.0,0.01,0.01,2323.006696,1776222570000
1776222571.957,271.957,0.59,1.58,0.58,10.0,0.61,90.0,0.63,10.0,0.56,6.25,0.55,10.0,0.59,6.41,0.6,15.0,0.02,0.03,2323.006696,1776222570000
1776222572.162,272.162,0.6,5.51,0.59,10.0,0.61,36.03,0.62,30.0,0.39,36.03,0.38,30.0,0.4,5.51,0.41,10.0,0.01,0.01,2323.051118,1776222571000
1776222572.366,272.366,0.6,10.0,0.59,15.0,0.61,25.03,0.62,30.0,0.39,41.03,0.38,30.0,0.41,10.0,0.42,8.73,0.01,0.02,2323.051118,1776222571000
1776222572.831,272.831,0.59,20.0,0.58,13.73,0.62,40.0,0.63,10.0,0.39,16.62,0.38,30.0,0.4,15.0,0.41,20.0,0.03,0.01,2323.051118,1776222571000
1776222573.156,273.156,0.59,20.0,0.58,13.73,0.62,40.0,0.63,10.0,0.38,40.0,0.37,10.0,0.41,20.0,0.42,13.73,0.03,0.03,2323.156644,1776222572000
1776222573.428,273.428,0.59,20.0,0.58,13.73,0.61,5.91,0.62,40.0,0.38,40.0,0.37,10.0,0.41,20.0,0.42,13.73,0.02,0.03,2323.156644,1776222572000
1776222574.295,274.295,0.59,20.0,0.58,13.73,0.61,5.91,0.62,40.0,0.39,5.91,0.38,40.0,0.41,20.0,0.42,13.73,0.02,0.02,2323.338755,1776222573000
1776222574.827,274.827,0.6,20.0,0.59,20.0,0.62,30.0,0.63,10.0,0.39,5.91,0.38,40.0,0.41,20.0,0.42,13.73,0.02,0.02,2323.338755,1776222573000
1776222575.217,275.217,0.6,20.0,0.59,20.0,0.62,30.0,0.63,10.0,0.38,30.0,0.37,10.0,0.4,20.0,0.41,20.0,0.02,0.02,2323.374278,1776222574000
1776222575.884,275.884,0.61,25.0,0.6,15.0,0.64,5.0,0.66,70.0,0.38,30.0,0.37,10.0,0.4,20.0,0.41,20.0,0.03,0.02,2323.374278,1776222574000
1776222576.296,276.296,0.64,15.0,0.63,15.0,0.65,7.31,0.66,70.0,0.35,7.31,0.34,70.0,0.36,15.0,0.37,15.0,0.01,0.01,2323.383843,1776222575000
1776222577.204,277.204,0.64,15.0,0.63,20.0,0.66,62.46,0.67,10.0,0.35,7.31,0.34,70.0,0.36,15.0,0.37,15.0,0.02,0.01,2323.383843,1776222575000
1776222577.404,277.404,0.64,15.0,0.63,20.0,0.66,62.46,0.67,10.0,0.34,62.46,0.33,10.0,0.36,15.0,0.37,20.0,0.02,0.02,2323.385448,1776222576000
1776222577.779,277.779,0.64,25.0,0.63,20.0,0.65,8.46,0.66,62.46,0.34,62.46,0.33,10.0,0.36,15.0,0.37,20.0,0.01,0.02,2323.385448,1776222576000
1776222578.057,278.057,0.64,25.0,0.63,20.0,0.65,8.46,0.66,62.46,0.35,8.46,0.34,62.46,0.36,25.0,0.37,20.0,0.01,0.01,2323.40229,1776222577000
1776222579.407,279.407,0.64,25.0,0.63,20.0,0.65,8.46,0.66,62.46,0.35,8.46,0.34,62.46,0.36,25.0,0.37,20.0,0.01,0.01,2323.435247,1776222578000
1776222579.72,279.72,0.63,10.0,0.62,10.0,0.66,60.59,0.67,25.0,0.34,65.59,0.33,25.0,0.35,5.0,0.36,10.0,0.03,0.01,2323.435247,1776222578000
1776222580.23,280.23,0.63,10.0,0.62,10.0,0.66,60.59,0.67,25.0,0.34,60.59,0.33,25.0,0.37,10.0,0.38,10.0,0.03,0.03,2323.435247,1776222579000
1776222580.782,280.782,0.63,1.48,0.62,15.0,0.64,10.0,0.65,15.0,0.34,60.59,0.33,25.0,0.37,10.0,0.38,10.0,0.01,0.03,2323.435247,1776222579000
1776222581.28,281.28,0.63,1.48,0.62,15.0,0.64,10.0,0.65,15.0,0.36,10.0,0.35,15.0,0.37,1.48,0.38,15.0,0.01,0.01,2323.473213,1776222580000
1776222581.829,281.829,0.65,20.0,0.64,21.0,0.71,140.0,0.72,10.0,0.36,10.0,0.35,15.0,0.37,1.48,0.38,15.0,0.06,0.01,2323.473213,1776222580000
1776222582.412,282.412,0.7,10.0,0.69,10.0,0.71,90.0,0.72,10.0,0.29,90.0,0.28,10.0,0.3,10.0,0.31,10.0,0.01,0.01,2323.441401,1776222581000
1776222582.958,282.958,0.7,10.0,0.69,10.0,0.71,90.0,0.72,10.0,0.29,90.0,0.28,10.0,0.3,10.0,0.31,10.0,0.01,0.01,2323.440564,1776222582000
1776222583.987,283.987,0.7,10.0,0.69,10.0,0.71,90.0,0.72,10.0,0.29,90.0,0.28,10.0,0.3,10.0,0.31,10.0,0.01,0.01,2323.451446,1776222583000
1776222584.985,284.985,0.7,10.0,0.69,10.0,0.71,90.0,0.72,10.0,0.29,90.0,0.28,10.0,0.3,10.0,0.31,10.0,0.01,0.01,2323.448743,1776222584000
1776222585.532,285.532,0.7,15.0,0.69,15.0,0.71,84.97,0.72,10.0,0.29,90.0,0.28,10.0,0.3,10.0,0.31,10.0,0.01,0.01,2323.448743,1776222584000
1776222585.916,285.916,0.7,15.0,0.69,15.0,0.71,78.97,0.73,10.0,0.29,84.97,0.28,10.0,0.3,15.0,0.31,15.0,0.01,0.01,2323.448743,1776222584000
1776222587.097,287.097,0.7,15.0,0.69,15.0,0.71,78.97,0.73,10.0,0.29,78.97,0.27,10.0,0.3,15.0,0.31,15.0,0.01,0.01,2323.461826,1776222586000
1776222587.955,287.955,0.7,40.0,0.69,20.0,0.75,43.74,0.76,10.0,0.29,78.97,0.27,10.0,0.3,15.0,0.31,15.0,0.05,0.01,2323.461826,1776222586000
1776222589.198,289.198,0.74,20.0,0.73,20.0,0.75,7.0,0.76,10.0,0.25,43.74,0.24,10.0,0.3,40.0,0.31,20.0,0.01,0.05,2323.461988,1776222587000
1776222589.483,289.483,0.74,20.0,0.73,20.0,0.75,0.66,0.76,10.0,0.25,7.0,0.24,10.0,0.26,20.0,0.27,20.0,0.01,0.01,2323.461988,1776222587000
1776222589.724,289.724,0.74,25.0,0.73,20.0,0.77,78.6,0.78,80.0,0.25,0.66,0.24,10.0,0.26,20.0,0.27,20.0,0.03,0.01,2323.461988,1776222587000
1776222590.129,290.129,0.75,20.0,0.74,20.0,0.77,12.3,0.78,80.0,0.23,12.3,0.22,80.0,0.25,20.0,0.26,20.0,0.02,0.02,2323.468102,1776222589000
1776222591.168,291.168,0.75,20.0,0.74,20.0,0.77,12.3,0.78,80.0,0.23,12.3,0.22,80.0,0.25,20.0,0.26,20.0,0.02,0.02,2323.470743,1776222590000
1776222591.484,291.484,0.75,15.0,0.74,15.0,0.77,23.01,0.78,80.0,0.23,12.3,0.22,80.0,0.25,20.0,0.26,20.0,0.02,0.02,2323.470743,1776222590000
1776222592.1,292.1,0.75,15.0,0.74,15.0,0.77,23.01,0.78,80.0,0.23,23.01,0.22,80.0,0.25,15.0,0.26,15.0,0.02,0.02,2323.476358,1776222591000
1776222592.438,292.438,0.78,15.0,0.77,15.0,0.79,58.76,0.8,5.0,0.23,23.01,0.22,80.0,0.25,15.0,0.26,15.0,0.01,0.02,2323.476358,1776222591000
1776222593.085,293.085,0.78,10.0,0.77,15.0,0.79,52.88,0.8,5.0,0.21,58.76,0.2,5.0,0.22,15.0,0.23,15.0,0.01,0.01,2323.476358,1776222591000
1776222593.861,293.861,0.78,27.0,0.77,25.12,0.88,128.5,0.9,10.0,0.21,46.88,0.2,5.0,0.22,15.0,0.23,15.0,0.1,0.01,2323.474555,1776222592000
1776222594.085,294.085,0.87,175.99,0.86,107.0,0.88,132.02,0.9,10.0,0.12,132.12,0.1,10.0,0.13,170.99,0.14,27.0,0.01,0.01,2323.474555,1776222592000
1776222594.334,294.334,0.87,185.99,0.86,77.0,0.88,119.22,0.9,10.0,0.12,119.27,0.1,10.0,0.13,190.99,0.14,77.0,0.01,0.01,2323.473127,1776222593000
1776222594.913,294.913,0.87,185.99,0.86,77.0,0.92,34.71,0.93,100.0,0.12,13.35,0.1,10.0,0.13,185.99,0.14,77.0,0.05,0.01,2323.473127,1776222593000
1776222595.251,295.251,0.87,185.99,0.86,77.0,0.92,34.71,0.93,100.0,0.08,34.71,0.07,100.0,0.13,185.99,0.14,77.0,0.05,0.05,2323.57206,1776222594000
1776222595.474,295.474,0.91,149.98,0.9,30.0,0.92,46.24,0.93,100.0,0.08,46.24,0.07,100.0,0.09,105.99,0.1,30.0,0.01,0.01,2323.57206,1776222594000
1776222595.877,295.877,0.92,10.0,0.91,6.0,0.93,118.34,0.94,50.0,0.08,35.24,0.07,100.0,0.09,144.98,0.1,30.0,0.01,0.01,2323.57206,1776222594000
1776222596.299,296.299,0.92,4.14,0.91,6.0,0.93,118.34,0.94,50.0,0.07,118.34,0.06,50.0,0.08,4.14,0.09,6.0,0.01,0.01,2323.784758,1776222595000
1776222596.511,296.511,0.92,117.13,0.91,23.0,0.93,106.83,0.94,50.0,0.07,118.34,0.06,50.0,0.08,4.14,0.09,6.0,0.01,0.01,2323.784758,1776222595000
1776222597.229,297.229,0.89,29.45,0.88,10.0,0.93,8.82,0.94,50.0,0.07,23.24,0.06,50.0,0.08,122.13,0.09,23.0,0.04,0.01,2323.784758,1776222595000
1776222597.467,297.467,0.92,20.0,0.91,10.0,0.94,4.9,0.95,20.0,0.07,8.18,0.06,50.0,0.08,20.0,0.09,10.0,0.02,0.01,2323.784758,1776222595000
1776222597.67,297.67,0.94,2.5,0.93,34.99,0.97,159.8,0.98,133.0,0.03,159.8,0.02,133.0,0.06,10.0,0.07,34.99,0.03,0.03,2323.784758,1776222595000
1776222597.895,297.895,0.95,16.12,0.94,32.5,0.97,172.46,0.98,133.0,0.03,174.46,0.02,133.0,0.05,6.12,0.06,32.5,0.02,0.02,2323.784758,1776222595000
1776222598.121,298.121,0.94,30.62,0.93,15.0,0.97,154.61,0.98,133.0,0.03,149.61,0.02,133.0,0.06,25.62,0.07,15.0,0.03,0.03,2323.774062,1776222596000
1776222598.345,298.345,0.95,146.0,0.94,168.62,0.97,97.71,0.98,133.0,0.03,123.16,0.02,133.0,0.05,10.0,0.06,168.62,0.02,0.02,2323.774062,1776222596000
1776222598.613,298.613,0.97,263.74,0.96,10.0,0.99,722.32,,,0.01,747.43,,,0.03,263.74,0.05,15.0,0.02,0.02,2323.774062,1776222596000
1776222598.911,298.911,0.99,176.82,0.97,273.74,,,,,0.01,623.18,,,0.03,273.74,0.04,10.0,,0.02,2323.774062,1776222596000
1776222599.353,299.353,0.99,8550.07,0.98,20.1,,,,,,,,,0.01,176.82,0.03,273.74,,,2323.74625,1776222597000
1776222599.806,299.806,0.99,8550.07,0.98,20.1,,,,,,,,,0.01,8550.07,0.02,20.1,,,2323.826473,1776222598000
1776222600.021,300.021,0.99,35629.4,0.98,20.1,,,,,,,,,0.01,33015.4,0.02,20.1,,,2323.826473,1776222598000
1776222600.356,300.356,0.99,38549.23,0.98,15.1,,,,,,,,,0.01,35508.4,0.02,20.1,,,2323.826473,1776222598000
1776222601.136,301.136,0.99,38549.23,0.98,15.1,,,,,,,,,0.01,38549.23,0.02,15.1,,,2323.804543,1776222600000
1776222602.526,302.526,0.99,38549.23,0.98,15.1,,,,,,,,,0.01,38549.23,0.02,15.1,,,2323.799181,1776222601000

# RESULT,winner=Up,slug=eth-updown-5m-1776222300,ticks=478
