timestamp,elapsed_sec,up_bid_p1,up_bid_s1,up_bid_p2,up_bid_s2,up_ask_p1,up_ask_s1,up_ask_p2,up_ask_s2,down_bid_p1,down_bid_s1,down_bid_p2,down_bid_s2,down_ask_p1,down_ask_s1,down_ask_p2,down_ask_s2,up_spread,down_spread,eth_price,eth_oracle_ts
1776202201.514,1.514,0.54,1.3,0.5,15.0,0.55,124.0,0.56,83.0,0.45,124.0,0.44,83.0,0.46,1.3,0.5,15.0,0.01,0.01,2318.899825,1776201481000
1776202201.954,1.954,0.54,1.3,0.51,10.0,0.55,124.0,0.56,83.0,0.45,124.0,0.44,83.0,0.46,1.3,0.5,15.0,0.01,0.01,2318.899825,1776201481000
1776202202.987,2.987,0.51,9.01,0.5,5.0,0.55,119.0,0.56,83.0,0.45,124.0,0.44,83.0,0.46,1.3,0.49,10.0,0.04,0.01,2318.899825,1776201481000
1776202203.976,3.976,0.5,5.0,0.49,5.1,0.54,1.9,0.55,70.0,0.45,119.0,0.44,83.0,0.49,9.01,0.5,5.0,0.04,0.04,2318.899825,1776201481000
1776202204.288,4.288,0.57,7.67,0.56,10.0,0.59,15.0,0.6,10.0,0.41,21.0,0.4,10.0,0.46,67.82,0.47,5.0,0.02,0.05,2318.899825,1776201481000
1776202204.702,4.702,0.57,7.67,0.56,10.0,0.59,11.61,0.6,10.0,0.41,15.0,0.4,10.0,0.43,7.67,0.44,10.0,0.02,0.02,2318.899825,1776201481000
1776202205.266,5.266,0.62,10.0,0.61,10.0,0.63,8.25,0.64,10.0,0.35,27.38,0.34,130.0,0.41,16.75,0.43,2.36,0.01,0.06,2318.899825,1776201481000
1776202205.61,5.61,0.59,16.75,0.58,17.24,0.6,9.0,0.61,60.0,0.37,8.25,0.36,10.0,0.38,10.0,0.39,10.0,0.01,0.01,2318.899825,1776201481000
1776202206.023,6.023,0.56,18.62,0.54,10.0,0.59,20.0,0.6,9.0,0.41,5.0,0.4,9.0,0.42,15.62,0.44,23.0,0.03,0.01,2318.899825,1776201481000
1776202206.416,6.416,0.57,7.53,0.56,28.62,0.58,100.0,0.59,85.0,0.42,77.93,0.41,90.0,0.44,28.62,0.45,10.0,0.01,0.02,2318.899825,1776201481000
1776202206.656,6.656,0.57,28.53,0.56,41.62,0.58,90.0,0.59,85.0,0.42,100.0,0.41,85.0,0.43,7.53,0.44,28.62,0.01,0.01,2318.899825,1776201481000
1776202207.288,7.288,0.56,20.57,0.55,15.0,0.58,84.82,0.59,85.0,0.42,79.82,0.41,85.0,0.43,12.53,0.44,33.62,0.02,0.01,2318.899825,1776201481000
1776202207.54,7.54,0.56,13.0,0.55,15.0,0.57,8.07,0.58,125.53,0.42,84.82,0.41,85.0,0.44,20.57,0.45,15.0,0.01,0.02,2318.899825,1776201481000
1776202207.89,7.89,0.56,8.0,0.52,5.0,0.57,11.12,0.58,120.53,0.43,11.12,0.42,120.53,0.44,13.0,0.45,5.0,0.01,0.01,2318.899825,1776201481000
1776202208.122,8.122,0.53,17.62,0.52,15.0,0.55,10.0,0.56,10.0,0.45,10.0,0.44,10.0,0.47,4.97,0.48,15.0,0.02,0.02,2318.899825,1776201481000
1776202208.418,8.418,0.54,20.0,0.53,17.62,0.56,17.53,0.57,8.07,0.44,19.64,0.43,8.07,0.46,10.0,0.47,17.62,0.02,0.02,2318.899825,1776201481000
1776202208.731,8.731,0.54,20.0,0.53,17.62,0.56,6.45,0.57,74.8,0.44,13.45,0.43,74.8,0.46,17.6,0.47,17.62,0.02,0.02,2318.899825,1776201481000
1776202209.343,9.343,0.55,10.0,0.54,15.0,0.56,40.28,0.57,74.8,0.44,6.45,0.43,74.8,0.46,20.0,0.47,17.62,0.01,0.02,2318.899825,1776201481000
1776202209.635,9.635,0.55,7.55,0.54,15.0,0.56,50.28,0.57,87.8,0.44,40.28,0.43,74.8,0.45,10.0,0.46,15.0,0.01,0.01,2318.899825,1776201481000
1776202210.036,10.036,0.54,12.55,0.53,17.62,0.56,68.99,0.57,87.8,0.44,63.99,0.43,87.8,0.45,7.55,0.46,15.0,0.02,0.01,2318.899825,1776201481000
1776202210.729,10.729,0.55,10.0,0.54,22.55,0.56,263.99,0.57,154.07,0.44,68.99,0.43,87.8,0.46,12.55,0.47,17.62,0.01,0.02,2318.899825,1776201481000
1776202211.068,11.068,0.55,20.5,0.54,22.55,0.56,264.49,0.57,154.07,0.44,263.99,0.43,154.07,0.45,10.0,0.46,22.55,0.01,0.01,2318.899825,1776201481000
1776202212.854,12.854,0.55,25.5,0.54,22.55,0.56,172.49,0.57,154.07,0.44,264.49,0.43,154.07,0.45,20.5,0.46,22.55,0.01,0.01,2318.899825,1776201481000
1776202214.088,14.088,0.55,10.0,0.54,22.55,0.56,77.49,0.57,96.72,0.44,172.49,0.43,154.07,0.45,25.5,0.46,22.55,0.01,0.01,2318.899825,1776201481000
1776202215.017,15.017,0.54,5.37,0.53,7.62,0.55,89.5,0.56,40.5,0.44,77.49,0.43,96.72,0.45,10.0,0.46,22.55,0.01,0.01,2318.899825,1776201481000
1776202216.287,16.287,0.54,10.37,0.53,7.62,0.55,76.41,0.56,40.5,0.45,84.41,0.44,40.5,0.46,5.37,0.47,7.62,0.01,0.01,2318.899825,1776201481000
1776202217.87,17.87,0.54,10.37,0.53,7.62,0.55,86.41,0.56,32.5,0.45,76.41,0.44,40.5,0.46,10.37,0.47,7.62,0.01,0.01,2318.899825,1776201481000
1776202218.415,18.415,0.54,15.37,0.53,10.0,0.55,181.41,0.56,215.5,0.45,86.41,0.44,32.5,0.46,10.37,0.47,7.62,0.01,0.01,2318.899825,1776201481000
1776202219.48,19.48,0.48,11.96,0.47,110.0,0.49,61.0,0.5,27.0,0.51,20.0,0.5,10.0,0.52,16.96,0.53,100.0,0.01,0.01,2318.899825,1776201481000
1776202220.73,20.73,0.47,15.0,0.46,15.0,0.48,130.5,0.49,192.29,0.51,61.0,0.5,27.0,0.52,11.96,0.53,110.0,0.01,0.01,2318.899825,1776201481000
1776202221.092,21.092,0.46,8.92,0.43,100.0,0.48,79.5,0.49,179.29,0.52,125.5,0.51,192.29,0.53,8.92,0.54,10.0,0.02,0.01,2318.899825,1776201481000
1776202221.311,21.311,0.46,16.88,0.43,100.0,0.47,76.5,0.48,73.5,0.52,79.5,0.51,179.29,0.54,8.92,0.57,100.0,0.01,0.02,2318.899825,1776201481000
1776202222.745,22.745,0.46,6.88,0.43,100.0,0.47,115.5,0.48,54.5,0.53,76.5,0.52,73.5,0.54,16.88,0.57,100.0,0.01,0.01,2318.899825,1776201481000
1776202224.632,24.632,0.44,10.0,0.43,105.0,0.45,98.5,0.46,43.5,0.53,115.5,0.52,54.5,0.54,6.88,0.57,100.0,0.01,0.01,2318.899825,1776201481000
1776202225.145,25.145,0.43,99.82,0.42,110.5,0.45,98.5,0.46,43.5,0.55,98.5,0.54,43.5,0.56,10.0,0.57,105.0,0.02,0.01,2318.899825,1776201481000
1776202225.664,25.664,0.43,104.82,0.42,115.5,0.44,76.59,0.45,72.5,0.55,98.5,0.54,43.5,0.57,99.82,0.58,110.5,0.01,0.02,2318.899825,1776201481000
1776202226.255,26.255,0.43,99.82,0.42,115.5,0.44,61.59,0.45,72.5,0.56,61.59,0.55,72.5,0.57,109.82,0.58,115.5,0.01,0.01,2318.899825,1776201481000
1776202226.836,26.836,0.42,10.32,0.41,20.0,0.43,55.0,0.44,51.59,0.56,61.59,0.55,72.5,0.57,99.82,0.58,115.5,0.01,0.01,2318.899825,1776201481000
1776202227.543,27.543,0.41,50.5,0.4,69.99,0.43,15.0,0.44,115.0,0.57,55.0,0.56,51.59,0.58,10.32,0.59,20.0,0.02,0.01,2318.899825,1776201481000
1776202228.255,28.255,0.42,5.41,0.41,45.5,0.43,15.0,0.44,125.0,0.57,15.0,0.56,115.0,0.58,10.41,0.59,45.5,0.01,0.01,2318.899825,1776201481000
1776202229.264,29.264,0.41,14.0,0.39,15.5,0.42,43.0,0.43,135.5,0.57,15.0,0.56,125.0,0.58,0.41,0.59,45.5,0.01,0.01,2318.899825,1776201481000
1776202229.856,29.856,0.39,10.0,0.38,5.0,0.42,198.11,0.43,149.5,0.58,45.61,0.57,135.5,0.59,14.0,0.61,15.5,0.03,0.01,2318.899825,1776201481000
1776202230.174,30.174,0.36,42.0,0.35,69.71,0.38,52.0,0.39,20.0,0.6,10.0,0.59,136.5,0.63,10.5,0.64,37.0,0.02,0.03,2318.899825,1776201481000
1776202230.549,30.549,0.36,62.5,0.35,60.71,0.37,72.0,0.38,45.0,0.62,52.0,0.61,20.0,0.64,42.0,0.65,69.71,0.01,0.02,2318.899825,1776201481000
1776202231.152,31.152,0.36,67.5,0.35,60.71,0.37,72.0,0.38,45.0,0.63,72.0,0.62,45.0,0.64,62.5,0.65,60.71,0.01,0.01,2318.899825,1776201481000
1776202231.701,31.701,0.36,42.0,0.35,66.21,0.37,77.0,0.38,45.0,0.63,72.0,0.62,45.0,0.64,67.5,0.65,60.71,0.01,0.01,2318.899825,1776201481000
1776202232.103,32.103,0.36,42.98,0.35,69.21,0.37,67.0,0.38,45.0,0.63,77.0,0.62,45.0,0.64,42.0,0.65,66.21,0.01,0.01,2318.899825,1776201481000
1776202232.868,32.868,0.36,15.0,0.35,54.21,0.37,72.0,0.38,45.0,0.63,72.0,0.62,45.0,0.64,25.0,0.65,69.21,0.01,0.01,2318.899825,1776201481000
1776202233.474,33.474,0.36,25.5,0.35,58.78,0.37,37.0,0.38,30.0,0.63,72.0,0.62,45.0,0.64,15.0,0.65,54.21,0.01,0.01,2318.899825,1776201481000
1776202233.796,33.796,0.36,40.0,0.35,84.49,0.37,15.0,0.38,20.0,0.63,15.0,0.62,20.0,0.64,45.0,0.65,84.49,0.01,0.01,2318.899825,1776201481000
1776202234.102,34.102,0.36,25.0,0.35,84.49,0.37,15.0,0.38,20.0,0.63,15.0,0.62,20.0,0.64,40.0,0.65,84.49,0.01,0.01,2318.899825,1776201481000
1776202234.344,34.344,0.36,20.2,0.35,69.21,0.37,20.0,0.38,20.0,0.63,15.0,0.62,20.0,0.64,28.25,0.65,79.21,0.01,0.01,2318.899825,1776201481000
1776202234.81,34.81,0.36,18.6,0.35,68.71,0.37,25.0,0.38,20.0,0.63,20.0,0.62,20.0,0.64,20.2,0.65,69.21,0.01,0.01,2318.899825,1776201481000
1776202235.103,35.103,0.36,13.6,0.35,43.0,0.37,20.0,0.38,20.0,0.63,25.0,0.62,20.0,0.64,18.6,0.65,68.71,0.01,0.01,2318.899825,1776201481000
1776202235.473,35.473,0.36,1.5,0.35,43.0,0.37,25.0,0.38,20.0,0.63,20.0,0.62,20.0,0.64,3.6,0.65,43.0,0.01,0.01,2318.899825,1776201481000
1776202236.458,36.458,0.35,63.43,0.34,136.21,0.37,30.0,0.38,20.0,0.63,35.0,0.62,20.0,0.65,42.93,0.66,141.49,0.02,0.02,2318.899825,1776201481000
1776202238.026,38.026,0.35,79.93,0.34,111.21,0.37,20.0,0.38,20.0,0.63,30.0,0.62,20.0,0.65,63.43,0.66,136.21,0.02,0.02,2318.899825,1776201481000
1776202238.704,38.704,0.35,77.43,0.34,94.5,0.36,10.0,0.37,20.0,0.63,20.0,0.62,20.0,0.65,79.93,0.66,111.21,0.01,0.02,2318.899825,1776201481000
1776202239.744,39.744,0.35,51.93,0.34,94.5,0.36,5.0,0.37,24.0,0.63,19.0,0.62,20.0,0.65,77.43,0.66,94.5,0.01,0.02,2318.899825,1776201481000
1776202240.904,40.904,0.4,57.0,0.39,41.5,0.42,5.0,0.43,25.0,0.64,5.0,0.63,24.0,0.65,51.93,0.66,94.5,0.02,0.01,2318.899825,1776201481000
1776202241.189,41.189,0.42,63.0,0.41,20.0,0.43,52.02,0.44,49.5,0.57,22.02,0.56,34.5,0.6,62.0,0.61,41.5,0.01,0.03,2318.899825,1776201481000
1776202241.459,41.459,0.42,63.0,0.41,20.0,0.43,40.0,0.44,49.5,0.57,52.02,0.56,49.5,0.58,63.0,0.59,20.0,0.01,0.01,2318.899825,1776201481000
1776202241.811,41.811,0.42,51.79,0.41,20.0,0.43,93.51,0.44,49.5,0.57,40.0,0.56,49.5,0.58,63.0,0.59,20.0,0.01,0.01,2318.899825,1776201481000
1776202242.083,42.083,0.42,94.29,0.41,90.99,0.45,13.0,0.47,20.0,0.57,98.51,0.56,34.0,0.58,36.79,0.59,20.0,0.03,0.01,2318.899825,1776201481000
1776202243.232,43.232,0.47,20.0,0.46,20.0,0.48,6.81,0.49,38.5,0.55,1.88,0.53,30.5,0.56,305.37,0.57,25.0,0.01,0.01,2318.899825,1776201481000
1776202243.495,43.495,0.48,61.84,0.47,35.0,0.49,50.37,0.5,29.0,0.52,2.87,0.51,33.5,0.53,20.0,0.54,20.0,0.01,0.01,2318.899825,1776201481000
1776202244.746,44.746,0.48,81.84,0.47,35.0,0.49,78.8,0.5,33.5,0.51,50.37,0.5,29.0,0.52,61.84,0.53,35.0,0.01,0.01,2318.899825,1776201481000
1776202245.187,45.187,0.48,76.84,0.47,35.0,0.49,83.8,0.5,38.5,0.51,78.8,0.5,33.5,0.52,81.84,0.53,35.0,0.01,0.01,2318.899825,1776201481000
1776202245.86,45.86,0.48,63.34,0.47,35.0,0.49,73.8,0.5,43.5,0.51,78.8,0.5,43.5,0.52,68.34,0.53,35.0,0.01,0.01,2318.899825,1776201481000
1776202246.095,46.095,0.5,16.6,0.49,15.0,0.51,5.0,0.52,7.0,0.51,73.8,0.5,43.5,0.52,63.34,0.53,35.0,0.01,0.01,2318.899825,1776201481000
1776202246.504,46.504,0.5,7.16,0.49,10.0,0.52,26.5,0.53,40.5,0.48,14.79,0.47,25.5,0.49,10.0,0.5,10.0,0.02,0.01,2318.899825,1776201481000
1776202246.843,46.843,0.49,13.92,0.48,15.0,0.5,26.5,0.51,10.0,0.48,31.5,0.47,40.5,0.51,10.0,0.52,15.0,0.01,0.03,2318.899825,1776201481000
1776202247.354,47.354,0.47,5.06,0.46,10.0,0.48,92.5,0.49,40.5,0.5,26.5,0.49,10.0,0.52,12.64,0.53,115.9,0.01,0.02,2318.899825,1776201481000
1776202247.996,47.996,0.45,5.0,0.44,246.43,0.46,61.5,0.47,36.5,0.53,5.0,0.52,92.5,0.54,8.14,0.55,5.0,0.01,0.01,2318.899825,1776201481000
1776202248.341,48.341,0.44,246.43,0.43,75.0,0.46,76.5,0.47,36.5,0.54,71.5,0.53,36.5,0.55,1.1,0.56,246.43,0.02,0.01,2318.899825,1776201481000
1776202249.238,49.238,0.44,261.43,0.42,12.0,0.45,41.5,0.46,76.5,0.54,76.5,0.53,36.5,0.56,246.43,0.57,75.0,0.01,0.02,2318.899825,1776201481000
1776202249.461,49.461,0.44,251.43,0.42,12.0,0.45,46.5,0.46,76.5,0.55,41.5,0.54,76.5,0.56,261.43,0.58,12.0,0.01,0.01,2318.899825,1776201481000
1776202250.475,50.475,0.44,241.43,0.42,10.0,0.45,179.49,0.46,71.5,0.55,46.5,0.54,76.5,0.56,251.43,0.58,12.0,0.01,0.01,2318.899825,1776201481000
1776202250.968,50.968,0.44,154.43,0.42,10.0,0.45,177.24,0.46,71.5,0.55,179.49,0.54,71.5,0.56,159.43,0.58,10.0,0.01,0.01,2318.899825,1776201481000
1776202252.264,52.264,0.44,156.43,0.42,20.0,0.45,110.51,0.46,41.5,0.55,187.74,0.54,71.5,0.56,144.43,0.58,10.0,0.01,0.01,2318.899825,1776201481000
1776202252.656,52.656,0.44,151.43,0.42,20.0,0.45,105.51,0.46,41.5,0.55,110.51,0.54,41.5,0.56,156.43,0.58,20.0,0.01,0.01,2318.899825,1776201481000
1776202253.407,53.407,0.44,122.43,0.42,30.0,0.45,130.51,0.46,41.5,0.55,105.51,0.54,41.5,0.56,151.43,0.58,20.0,0.01,0.01,2318.899825,1776201481000
1776202253.68,53.68,0.44,120.43,0.42,30.0,0.45,157.51,0.46,41.5,0.55,157.51,0.54,41.5,0.56,120.43,0.58,30.0,0.01,0.01,2318.899825,1776201481000
1776202254.462,54.462,0.44,17.43,0.42,40.0,0.45,182.51,0.46,41.5,0.55,182.51,0.54,41.5,0.56,100.43,0.58,30.0,0.01,0.01,2318.899825,1776201481000
1776202255.053,55.053,0.44,7.43,0.42,40.0,0.45,182.51,0.46,51.5,0.55,182.51,0.54,41.5,0.56,17.43,0.58,40.0,0.01,0.01,2318.899825,1776201481000
1776202255.59,55.59,0.42,26.55,0.41,22.4,0.43,77.5,0.44,36.5,0.55,182.51,0.54,51.5,0.56,2.34,0.58,40.0,0.01,0.01,2318.899825,1776201481000
1776202256.019,56.019,0.42,36.55,0.41,22.4,0.43,67.5,0.44,36.5,0.57,77.5,0.56,36.5,0.58,26.55,0.59,22.4,0.01,0.01,2318.899825,1776201481000
1776202256.468,56.468,0.42,58.55,0.41,22.4,0.43,30.5,0.44,36.5,0.57,67.5,0.56,36.5,0.58,36.55,0.59,22.4,0.01,0.01,2318.899825,1776201481000
1776202257.217,57.217,0.42,48.55,0.41,22.4,0.43,30.5,0.44,36.5,0.57,30.5,0.56,36.5,0.58,58.55,0.59,22.4,0.01,0.01,2318.899825,1776201481000
1776202257.893,57.893,0.42,37.0,0.41,22.4,0.43,42.5,0.44,30.5,0.57,30.5,0.56,36.5,0.58,48.55,0.59,22.4,0.01,0.01,2318.899825,1776201481000
1776202258.207,58.207,0.42,42.0,0.41,22.4,0.43,34.74,0.44,30.5,0.57,42.5,0.56,30.5,0.58,37.0,0.59,22.4,0.01,0.01,2318.899825,1776201481000
1776202259.034,59.034,0.41,32.4,0.39,10.5,0.43,53.5,0.44,38.5,0.57,34.74,0.56,30.5,0.58,42.0,0.59,22.4,0.02,0.01,2318.899825,1776201481000
1776202259.416,59.416,0.41,42.4,0.39,10.5,0.42,59.87,0.43,48.5,0.58,55.11,0.57,53.5,0.59,32.4,0.61,10.5,0.01,0.01,2318.899825,1776201481000
1776202259.74,59.74,0.41,34.01,0.39,10.5,0.42,59.87,0.43,48.5,0.58,59.87,0.57,48.5,0.59,42.4,0.61,10.5,0.01,0.01,2318.899825,1776201481000
1776202261.477,61.477,0.41,44.01,0.39,10.5,0.42,76.63,0.43,58.5,0.58,59.87,0.57,48.5,0.59,34.01,0.61,10.5,0.01,0.01,2318.899825,1776201481000
1776202261.783,61.783,0.41,44.01,0.38,85.5,0.42,74.24,0.43,58.5,0.58,76.63,0.57,58.5,0.59,44.01,0.61,10.5,0.01,0.01,2318.899825,1776201481000
1776202262.092,62.092,0.41,44.01,0.39,10.5,0.42,69.47,0.43,58.5,0.58,74.24,0.57,58.5,0.59,44.01,0.62,85.5,0.01,0.01,2318.899825,1776201481000
1776202264.392,64.392,0.41,34.01,0.39,15.5,0.42,60.37,0.43,58.5,0.58,69.47,0.57,58.5,0.59,44.01,0.61,10.5,0.01,0.01,2318.899825,1776201481000
1776202264.624,64.624,0.41,34.01,0.39,15.5,0.42,80.37,0.43,58.5,0.58,60.37,0.57,58.5,0.59,34.01,0.61,15.5,0.01,0.01,2318.899825,1776201481000
1776202266.907,66.907,0.37,25.0,0.36,5.0,0.42,113.37,0.43,47.5,0.58,80.37,0.57,58.5,0.59,37.31,0.61,15.5,0.05,0.01,2318.899825,1776201481000
1776202267.534,67.534,0.37,10.33,0.36,15.5,0.38,98.5,0.39,25.0,0.62,42.5,0.61,20.0,0.63,13.51,0.64,15.5,0.01,0.01,2318.899825,1776201481000
1776202267.833,67.833,0.37,0.33,0.36,15.5,0.38,93.5,0.39,25.0,0.62,98.5,0.61,25.0,0.63,10.33,0.64,15.5,0.01,0.01,2318.899825,1776201481000
1776202268.568,68.568,0.36,30.5,0.35,75.0,0.37,74.27,0.38,76.5,0.62,93.5,0.61,25.0,0.63,0.33,0.64,15.5,0.01,0.01,2318.899825,1776201481000
1776202269.669,69.669,0.36,38.93,0.35,75.0,0.37,69.27,0.38,76.5,0.63,74.27,0.62,76.5,0.64,30.5,0.65,75.0,0.01,0.01,2318.899825,1776201481000
1776202269.911,69.911,0.36,18.93,0.35,75.0,0.37,74.27,0.38,76.5,0.63,69.27,0.62,76.5,0.64,38.93,0.65,75.0,0.01,0.01,2318.899825,1776201481000
1776202270.246,70.246,0.36,10.43,0.35,75.0,0.37,74.27,0.38,76.5,0.63,74.27,0.62,76.5,0.64,18.93,0.65,75.0,0.01,0.01,2318.899825,1776201481000
1776202271.057,71.057,0.36,10.5,0.35,105.5,0.37,105.27,0.38,55.0,0.63,74.27,0.62,76.5,0.64,10.43,0.65,75.0,0.01,0.01,2318.899825,1776201481000
1776202271.263,71.263,0.36,26.5,0.35,105.5,0.37,52.0,0.38,15.0,0.63,105.27,0.62,55.0,0.64,10.5,0.65,105.5,0.01,0.01,2318.899825,1776201481000
1776202272.256,72.256,0.36,16.5,0.35,115.5,0.37,57.0,0.38,15.0,0.63,52.0,0.62,15.0,0.64,26.5,0.65,105.5,0.01,0.01,2318.899825,1776201481000
1776202272.696,72.696,0.36,12.5,0.35,115.5,0.37,57.0,0.38,20.0,0.63,57.0,0.62,15.0,0.64,16.5,0.65,115.5,0.01,0.01,2318.899825,1776201481000
1776202272.929,72.929,0.36,12.5,0.35,125.5,0.37,57.0,0.38,15.0,0.63,57.0,0.62,20.0,0.64,12.5,0.65,115.5,0.01,0.01,2318.899825,1776201481000
1776202273.464,73.464,0.36,7.5,0.35,125.5,0.37,67.0,0.38,15.0,0.63,57.0,0.62,15.0,0.64,12.5,0.65,125.5,0.01,0.01,2318.899825,1776201481000
1776202274.549,74.549,0.36,5.0,0.35,125.5,0.37,52.0,0.38,20.0,0.63,67.0,0.62,15.0,0.64,7.5,0.65,125.5,0.01,0.01,2318.899825,1776201481000
1776202275.13,75.13,0.36,10.0,0.35,145.5,0.37,52.0,0.38,20.0,0.63,52.0,0.62,20.0,0.64,5.0,0.65,125.5,0.01,0.01,2318.899825,1776201481000
1776202276.928,76.928,0.36,10.0,0.35,125.5,0.37,47.0,0.38,30.5,0.63,52.0,0.62,20.0,0.64,10.0,0.65,145.5,0.01,0.01,2318.899825,1776201481000
1776202278.19,78.19,0.36,5.0,0.35,115.5,0.37,47.0,0.38,30.5,0.63,47.0,0.62,30.5,0.64,10.0,0.65,125.5,0.01,0.01,2318.899825,1776201481000
1776202281.449,81.449,0.35,20.0,0.34,49.99,0.36,55.0,0.37,46.5,0.63,47.0,0.62,30.5,0.64,5.0,0.65,115.5,0.01,0.01,2318.899825,1776201481000
1776202281.689,81.689,0.35,20.0,0.34,49.99,0.36,45.0,0.37,46.5,0.64,55.0,0.63,46.5,0.65,20.0,0.66,49.99,0.01,0.01,2318.899825,1776201481000
1776202282.342,82.342,0.35,10.0,0.34,49.99,0.36,50.0,0.37,46.5,0.64,45.0,0.63,46.5,0.65,20.0,0.66,49.99,0.01,0.01,2318.899825,1776201481000
1776202282.783,82.783,0.35,10.0,0.34,44.58,0.36,31.56,0.37,46.5,0.64,40.0,0.63,46.5,0.65,10.0,0.66,49.99,0.01,0.01,2318.899825,1776201481000
1776202283.004,83.004,0.35,10.0,0.34,44.58,0.36,26.56,0.37,46.5,0.64,31.56,0.63,46.5,0.65,10.0,0.66,44.58,0.01,0.01,2318.899825,1776201481000
1776202284.052,84.052,0.35,10.0,0.34,15.0,0.36,16.56,0.37,41.5,0.64,26.56,0.63,46.5,0.65,10.0,0.66,44.58,0.01,0.01,2318.899825,1776201481000
1776202290.659,90.659,0.35,15.0,0.34,15.0,0.36,40.36,0.37,40.5,0.64,16.56,0.63,41.5,0.65,10.0,0.66,15.0,0.01,0.01,2318.899825,1776201481000
1776202291.607,91.607,0.35,5.0,0.34,20.0,0.36,73.28,0.37,35.5,0.64,40.36,0.63,40.5,0.65,15.0,0.66,15.0,0.01,0.01,2318.899825,1776201481000
1776202293.459,93.459,0.34,10.0,0.32,10.0,0.36,132.28,0.37,78.39,0.64,73.28,0.63,35.5,0.65,5.0,0.66,20.0,0.02,0.01,2318.899825,1776201481000
1776202293.8,93.8,0.29,4.45,0.28,5.0,0.3,67.0,0.31,28.0,0.7,32.0,0.69,16.0,0.71,35.58,0.72,5.0,0.01,0.01,2318.899825,1776201481000
1776202294.26,94.26,0.28,56.58,0.27,37.5,0.29,34.65,0.3,20.0,0.7,67.0,0.69,28.0,0.71,4.45,0.72,5.0,0.01,0.01,2318.899825,1776201481000
1776202294.853,94.853,0.28,77.99,0.27,37.5,0.29,29.47,0.3,58.39,0.71,34.65,0.7,20.0,0.72,56.58,0.73,37.5,0.01,0.01,2318.899825,1776201481000
1776202295.663,95.663,0.28,65.15,0.27,42.5,0.29,34.47,0.3,20.0,0.71,29.47,0.7,58.39,0.72,77.99,0.73,37.5,0.01,0.01,2318.899825,1776201481000
1776202297.019,97.019,0.28,63.49,0.27,32.0,0.29,36.02,0.3,30.5,0.71,31.02,0.7,20.0,0.72,63.31,0.73,42.5,0.01,0.01,2318.899825,1776201481000
1776202300.51,100.51,0.27,11.41,0.26,33.0,0.28,86.0,0.29,25.5,0.71,32.64,0.7,30.5,0.72,63.49,0.73,32.0,0.01,0.01,2318.899825,1776201481000
1776202300.728,100.728,0.27,6.41,0.26,33.0,0.28,88.1,0.29,25.5,0.72,86.0,0.71,25.5,0.73,6.41,0.74,33.0,0.01,0.01,2318.899825,1776201481000
1776202301.697,101.697,0.26,22.41,0.25,33.0,0.27,73.89,0.28,68.6,0.72,88.1,0.71,25.5,0.73,6.41,0.74,33.0,0.01,0.01,2318.899825,1776201481000
1776202301.945,101.945,0.26,19.64,0.25,33.0,0.27,75.18,0.28,68.6,0.73,78.89,0.72,68.6,0.74,19.64,0.75,33.0,0.01,0.01,2318.899825,1776201481000
1776202303.091,103.091,0.24,98.99,0.23,94.0,0.25,76.0,0.26,25.5,0.73,75.18,0.72,68.6,0.74,19.64,0.75,33.0,0.01,0.01,2318.899825,1776201481000
1776202303.312,103.312,0.24,89.98,0.23,99.0,0.25,81.0,0.26,30.5,0.75,76.0,0.74,25.5,0.76,98.99,0.77,94.0,0.01,0.01,2318.899825,1776201481000
1776202303.931,103.931,0.24,81.89,0.23,109.58,0.25,86.0,0.26,30.5,0.75,81.0,0.74,30.5,0.76,89.98,0.77,99.0,0.01,0.01,2318.899825,1776201481000
1776202304.906,104.906,0.24,79.89,0.23,104.58,0.25,101.0,0.26,30.5,0.75,91.0,0.74,30.5,0.76,79.89,0.77,109.58,0.01,0.01,2318.899825,1776201481000
1776202305.852,105.852,0.24,57.31,0.23,92.99,0.25,92.0,0.26,30.5,0.75,101.0,0.74,30.5,0.76,79.89,0.77,104.58,0.01,0.01,2318.899825,1776201481000
1776202306.554,106.554,0.24,41.07,0.23,70.0,0.25,96.0,0.26,37.5,0.75,92.0,0.74,30.5,0.76,57.31,0.77,92.99,0.01,0.01,2318.899825,1776201481000
1776202307.288,107.288,0.24,46.07,0.23,75.0,0.25,124.5,0.26,30.5,0.75,96.0,0.74,37.5,0.76,41.07,0.77,70.0,0.01,0.01,2318.899825,1776201481000
1776202308.083,108.083,0.24,46.07,0.23,75.0,0.25,133.86,0.26,30.5,0.75,124.5,0.74,30.5,0.76,46.07,0.77,75.0,0.01,0.01,2318.899825,1776201481000
1776202308.555,108.555,0.28,29.41,0.27,52.0,0.29,60.0,0.3,25.71,0.75,133.86,0.74,30.5,0.76,46.07,0.77,75.0,0.01,0.01,2318.899825,1776201481000
1776202308.889,108.889,0.28,95.41,0.27,67.5,0.29,16.0,0.3,10.71,0.71,42.62,0.7,36.21,0.72,51.41,0.73,52.0,0.01,0.01,2318.899825,1776201481000
1776202309.989,109.989,0.28,94.02,0.27,71.77,0.29,21.0,0.3,20.71,0.71,16.0,0.7,21.21,0.72,100.41,0.73,62.5,0.01,0.01,2318.899825,1776201481000
1776202310.252,110.252,0.28,101.57,0.27,55.77,0.29,31.0,0.3,20.71,0.71,21.0,0.7,20.71,0.72,94.02,0.73,71.77,0.01,0.01,2318.899825,1776201481000
1776202311.374,111.374,0.28,96.57,0.27,55.77,0.3,20.71,0.31,25.5,0.71,31.0,0.7,20.71,0.72,101.57,0.73,55.77,0.02,0.01,2318.899825,1776201481000
1776202312.056,112.056,0.29,23.0,0.28,86.57,0.3,69.04,0.31,30.5,0.7,20.71,0.69,25.5,0.72,96.57,0.73,55.77,0.01,0.02,2318.899825,1776201481000
1776202313.432,113.432,0.28,23.41,0.27,32.72,0.3,135.5,0.31,91.02,0.7,69.04,0.69,30.5,0.71,23.0,0.72,86.57,0.02,0.01,2318.899825,1776201481000
1776202314.435,114.435,0.28,5.41,0.27,5.0,0.29,146.01,0.3,30.5,0.7,113.83,0.69,91.02,0.72,10.41,0.73,32.72,0.01,0.02,2318.899825,1776201481000
1776202315.293,115.293,0.25,50.76,0.24,99.27,0.26,135.0,0.27,60.0,0.73,10.0,0.72,20.5,0.75,38.26,0.76,99.27,0.01,0.02,2318.899825,1776201481000
1776202315.516,115.516,0.25,40.81,0.24,99.27,0.26,140.0,0.27,60.0,0.74,135.0,0.73,60.0,0.75,42.19,0.76,99.27,0.01,0.01,2318.899825,1776201481000
1776202316.361,116.361,0.25,40.81,0.24,99.27,0.26,150.0,0.27,65.0,0.74,140.0,0.73,60.0,0.75,40.81,0.76,99.27,0.01,0.01,2318.899825,1776201481000
1776202317.053,117.053,0.24,0.99,0.23,18.0,0.26,161.26,0.27,70.5,0.74,150.76,0.73,65.0,0.75,40.81,0.76,99.27,0.02,0.01,2318.899825,1776201481000
1776202317.658,117.658,0.23,7.51,0.22,6.76,0.24,158.51,0.25,30.5,0.76,153.51,0.75,30.5,0.77,11.51,0.78,22.27,0.01,0.01,2318.899825,1776201481000
1776202318.098,118.098,0.22,8.77,0.21,27.0,0.23,130.9,0.24,53.51,0.77,115.5,0.76,53.51,0.78,3.77,0.79,22.0,0.01,0.01,2318.899825,1776201481000
1776202318.345,118.345,0.22,18.77,0.21,37.5,0.23,33.92,0.24,53.51,0.77,130.9,0.76,53.51,0.78,8.77,0.79,27.0,0.01,0.01,2318.899825,1776201481000
1776202318.661,118.661,0.22,22.77,0.21,37.5,0.23,38.92,0.24,48.51,0.77,33.92,0.76,53.51,0.78,18.77,0.79,37.5,0.01,0.01,2318.899825,1776201481000
1776202320.872,120.872,0.21,15.78,0.2,71.0,0.22,97.0,0.23,30.5,0.77,38.92,0.76,48.51,0.78,22.77,0.79,37.5,0.01,0.01,2318.899825,1776201481000
1776202321.808,121.808,0.22,47.5,0.21,167.2,0.28,5.0,0.29,11.01,0.78,102.0,0.77,40.5,0.79,12.78,0.8,71.0,0.06,0.01,2318.899825,1776201481000
1776202322.196,122.196,0.28,251.5,0.27,121.0,0.31,5.0,0.35,5.0,0.72,1.41,0.71,11.01,0.78,47.5,0.79,167.2,0.03,0.06,2318.899825,1776201481000
1776202322.946,122.946,0.33,18.0,0.32,6.0,0.34,38.61,0.35,20.0,0.66,10.5,0.65,5.0,0.7,10.0,0.71,20.5,0.01,0.04,2318.899825,1776201481000
1776202323.507,123.507,0.31,83.0,0.29,15.0,0.32,32.89,0.33,30.5,0.67,35.5,0.66,33.61,0.69,108.0,0.7,15.0,0.01,0.02,2318.899825,1776201481000
1776202324.106,124.106,0.31,85.1,0.3,5.0,0.32,115.0,0.33,30.5,0.68,42.89,0.67,30.5,0.69,81.55,0.71,15.0,0.01,0.01,2318.899825,1776201481000
1776202326.074,126.074,0.31,95.44,0.29,25.0,0.32,84.0,0.33,30.5,0.68,115.0,0.67,30.5,0.69,85.1,0.7,5.0,0.01,0.01,2318.899825,1776201481000
1776202327.48,127.48,0.31,78.44,0.29,15.0,0.32,67.03,0.33,39.5,0.68,84.0,0.67,30.5,0.69,95.44,0.71,25.0,0.01,0.01,2318.899825,1776201481000
1776202328.965,128.965,0.31,76.04,0.29,25.5,0.32,32.05,0.33,39.5,0.68,67.03,0.67,39.5,0.69,78.44,0.71,15.0,0.01,0.01,2318.899825,1776201481000
1776202329.441,129.441,0.31,78.76,0.29,15.0,0.32,32.05,0.33,39.5,0.68,32.05,0.67,39.5,0.69,76.04,0.71,25.5,0.01,0.01,2318.899825,1776201481000
1776202332.532,132.532,0.29,51.96,0.28,107.5,0.3,15.0,0.31,30.5,0.68,32.05,0.67,39.5,0.69,78.76,0.71,15.0,0.01,0.01,2318.899825,1776201481000
1776202333.299,133.299,0.29,36.19,0.28,107.5,0.3,15.0,0.31,30.5,0.7,15.0,0.69,30.5,0.71,51.96,0.72,107.5,0.01,0.01,2318.899825,1776201481000
1776202335.35,135.35,0.29,37.59,0.28,102.5,0.3,33.98,0.31,30.5,0.7,18.48,0.69,30.5,0.71,36.19,0.72,107.5,0.01,0.01,2318.899825,1776201481000
1776202335.845,135.845,0.29,34.99,0.28,102.5,0.3,28.98,0.31,30.5,0.7,33.98,0.69,30.5,0.71,37.59,0.72,102.5,0.01,0.01,2318.899825,1776201481000
1776202337.278,137.278,0.29,34.99,0.28,102.5,0.3,33.98,0.31,30.5,0.7,28.98,0.69,30.5,0.71,34.99,0.72,102.5,0.01,0.01,2318.899825,1776201481000
1776202337.779,137.779,0.29,24.99,0.28,102.5,0.3,28.98,0.31,30.5,0.7,33.98,0.69,30.5,0.71,34.99,0.72,102.5,0.01,0.01,2318.899825,1776201481000
1776202338.296,138.296,0.29,19.99,0.28,102.5,0.3,28.98,0.31,30.5,0.7,28.98,0.69,30.5,0.71,24.99,0.72,102.5,0.01,0.01,2318.899825,1776201481000
1776202340.256,140.256,0.29,14.99,0.28,102.5,0.3,33.98,0.31,30.5,0.7,28.98,0.69,30.5,0.71,19.99,0.72,102.5,0.01,0.01,2318.899825,1776201481000
1776202340.771,140.771,0.29,9.99,0.28,102.5,0.3,33.98,0.31,30.5,0.7,33.98,0.69,30.5,0.71,14.99,0.72,102.5,0.01,0.01,2318.899825,1776201481000
1776202342.499,142.499,0.29,12.37,0.28,92.5,0.3,55.51,0.31,30.5,0.7,33.98,0.69,30.5,0.71,9.99,0.72,102.5,0.01,0.01,2318.899825,1776201481000
1776202344.39,144.39,0.28,10.06,0.27,23.0,0.3,120.98,0.31,60.43,0.7,55.51,0.69,30.5,0.71,10.96,0.72,92.5,0.02,0.01,2318.899825,1776201481000
1776202345.554,145.554,0.28,88.56,0.27,48.5,0.29,1.0,0.32,5.0,0.7,120.98,0.69,60.43,0.72,10.06,0.73,23.0,0.01,0.02,2318.899825,1776201481000
1776202345.754,145.754,0.31,17.0,0.3,36.5,0.33,9.51,0.34,14.61,0.68,5.0,0.67,14.0,0.69,7.0,0.7,11.0,0.02,0.01,2318.899825,1776201481000
1776202346.296,146.296,0.34,35.84,0.33,111.99,0.35,18.5,0.36,20.0,0.65,13.5,0.64,15.0,0.66,10.0,0.67,160.99,0.01,0.01,2318.899825,1776201481000
1776202347.306,147.306,0.34,9.84,0.33,91.49,0.35,67.99,0.36,20.0,0.65,18.5,0.64,20.0,0.66,35.84,0.67,111.99,0.01,0.01,2318.899825,1776201481000
1776202347.708,147.708,0.33,87.18,0.32,36.5,0.35,62.99,0.36,20.0,0.65,67.99,0.64,20.0,0.66,9.84,0.67,91.49,0.02,0.01,2318.899825,1776201481000
1776202348.312,148.312,0.33,87.18,0.32,36.5,0.34,72.65,0.35,18.5,0.65,62.99,0.64,20.0,0.67,87.18,0.68,36.5,0.01,0.02,2318.899825,1776201481000
1776202349.283,149.283,0.33,90.53,0.32,26.5,0.34,72.65,0.35,23.5,0.66,72.65,0.65,18.5,0.67,87.18,0.68,36.5,0.01,0.01,2318.899825,1776201481000
1776202349.626,149.626,0.33,68.73,0.32,26.5,0.34,72.65,0.35,23.5,0.66,72.65,0.65,23.5,0.67,72.11,0.68,26.5,0.01,0.01,2318.899825,1776201481000
1776202350.265,150.265,0.33,96.0,0.32,26.5,0.34,72.65,0.35,23.5,0.66,72.65,0.65,23.5,0.67,68.73,0.68,26.5,0.01,0.01,2318.899825,1776201481000
1776202350.793,150.793,0.33,88.0,0.32,26.5,0.34,72.65,0.35,23.5,0.66,72.65,0.65,23.5,0.67,96.0,0.68,26.5,0.01,0.01,2318.899825,1776201481000
1776202351.138,151.138,0.33,71.0,0.32,26.5,0.34,72.65,0.35,23.5,0.66,72.65,0.65,23.5,0.67,88.0,0.68,26.5,0.01,0.01,2318.899825,1776201481000
1776202351.834,151.834,0.33,74.5,0.32,36.5,0.34,77.65,0.35,23.5,0.66,72.65,0.65,23.5,0.67,71.0,0.68,26.5,0.01,0.01,2318.899825,1776201481000
1776202352.842,152.842,0.33,69.5,0.32,36.5,0.34,71.76,0.35,23.5,0.66,77.65,0.65,23.5,0.67,74.5,0.68,36.5,0.01,0.01,2318.899825,1776201481000
1776202353.538,153.538,0.33,63.02,0.32,36.5,0.34,71.76,0.35,23.5,0.66,71.76,0.65,23.5,0.67,69.5,0.68,36.5,0.01,0.01,2318.899825,1776201481000
1776202354.083,154.083,0.33,52.32,0.32,36.5,0.34,48.62,0.35,23.5,0.66,20.0,0.65,23.5,0.67,58.97,0.68,36.5,0.01,0.01,2318.899825,1776201481000
1776202354.816,154.816,0.33,37.94,0.32,36.5,0.34,48.62,0.35,23.5,0.66,48.62,0.65,23.5,0.67,54.42,0.68,36.5,0.01,0.01,2318.899825,1776201481000
1776202355.861,155.861,0.33,36.44,0.32,36.5,0.34,48.62,0.35,23.5,0.66,48.62,0.65,23.5,0.67,37.94,0.68,36.5,0.01,0.01,2318.899825,1776201481000
1776202358.676,158.676,0.33,13.48,0.32,41.5,0.34,48.62,0.35,23.5,0.66,48.62,0.65,23.5,0.67,24.96,0.68,36.5,0.01,0.01,2318.899825,1776201481000
1776202361.099,161.099,0.32,34.02,0.31,22.5,0.33,33.33,0.34,25.5,0.66,48.62,0.65,23.5,0.67,13.48,0.68,41.5,0.01,0.01,2318.899825,1776201481000
1776202361.608,161.608,0.32,16.52,0.31,15.5,0.33,38.33,0.34,30.5,0.67,33.33,0.66,25.5,0.68,34.02,0.69,22.5,0.01,0.01,2318.899825,1776201481000
1776202365.376,165.376,0.23,8.46,0.22,29.76,0.28,12.0,0.29,12.0,0.67,38.33,0.66,30.5,0.68,16.52,0.69,15.5,0.05,0.01,2318.899825,1776201481000
1776202365.676,165.676,0.24,35.5,0.23,8.46,0.25,12.0,0.26,38.0,0.72,12.0,0.71,12.0,0.77,8.46,0.78,29.76,0.01,0.05,2318.899825,1776201481000
1776202366.037,166.037,0.23,18.96,0.22,10.0,0.25,22.0,0.26,43.5,0.75,12.0,0.74,38.0,0.76,35.5,0.77,8.46,0.02,0.01,2318.899825,1776201481000
1776202366.241,166.241,0.23,23.96,0.22,5.0,0.24,4.0,0.25,20.0,0.75,22.0,0.74,43.5,0.77,18.96,0.78,10.0,0.01,0.02,2318.899825,1776201481000
1776202366.961,166.961,0.19,20.63,0.18,11.0,0.24,117.24,0.25,35.5,0.76,4.0,0.75,20.0,0.77,23.96,0.78,5.0,0.05,0.01,2318.899825,1776201481000
1776202367.344,167.344,0.19,35.2,0.18,11.0,0.2,30.0,0.21,15.0,0.76,117.24,0.75,35.5,0.81,20.63,0.82,11.0,0.01,0.05,2318.899825,1776201481000
1776202367.712,167.712,0.19,62.2,0.18,11.0,0.21,49.59,0.22,15.0,0.8,30.0,0.79,15.0,0.81,35.2,0.82,11.0,0.02,0.01,2318.899825,1776201481000
1776202368.393,168.393,0.2,50.55,0.19,28.2,0.21,49.59,0.22,20.0,0.79,49.59,0.78,15.0,0.81,62.2,0.82,11.0,0.01,0.02,2318.899825,1776201481000
1776202369.008,169.008,0.2,72.52,0.19,28.2,0.21,54.59,0.22,20.0,0.79,49.59,0.78,20.0,0.8,50.55,0.81,28.2,0.01,0.01,2318.899825,1776201481000
1776202369.581,169.581,0.2,57.52,0.19,28.2,0.21,53.48,0.22,20.0,0.79,54.59,0.78,20.0,0.8,72.52,0.81,28.2,0.01,0.01,2318.899825,1776201481000
1776202372.204,172.204,0.2,5.97,0.19,30.81,0.21,43.48,0.22,30.5,0.79,48.48,0.78,20.0,0.8,57.52,0.81,28.2,0.01,0.01,2318.899825,1776201481000
1776202372.608,172.608,0.2,29.44,0.19,30.81,0.21,48.48,0.22,20.0,0.79,43.48,0.78,30.5,0.8,5.97,0.81,30.81,0.01,0.01,2318.899825,1776201481000
1776202372.856,172.856,0.2,22.47,0.19,30.81,0.21,53.48,0.22,30.5,0.79,48.48,0.78,20.0,0.8,29.44,0.81,30.81,0.01,0.01,2318.899825,1776201481000
1776202373.058,173.058,0.19,29.0,0.18,185.0,0.21,53.48,0.22,30.5,0.79,53.48,0.78,30.5,0.81,29.0,0.82,185.0,0.02,0.02,2318.899825,1776201481000
1776202376.14,176.14,0.18,238.68,0.17,59.26,0.19,55.0,0.2,56.51,0.8,10.0,0.79,20.0,0.81,26.28,0.82,190.61,0.01,0.01,2318.899825,1776201481000
1776202377.591,177.591,0.18,239.29,0.17,50.44,0.19,45.0,0.2,40.5,0.81,55.0,0.8,56.51,0.82,238.68,0.83,59.26,0.01,0.01,2318.899825,1776201481000
1776202378.068,178.068,0.15,73.95,0.14,10.5,0.17,120.5,0.18,30.5,0.81,45.0,0.8,40.5,0.82,239.29,0.83,50.44,0.02,0.01,2318.899825,1776201481000
1776202379.612,179.612,0.15,25.79,0.14,10.5,0.16,139.5,0.17,133.0,0.84,99.0,0.83,88.5,0.85,28.15,0.86,10.5,0.01,0.01,2318.899825,1776201481000
1776202379.981,179.981,0.15,25.79,0.14,10.5,0.16,143.39,0.17,133.0,0.84,139.5,0.83,133.0,0.85,25.79,0.86,10.5,0.01,0.01,2318.899825,1776201481000
1776202381.447,181.447,0.15,23.44,0.13,260.5,0.16,129.62,0.17,58.5,0.84,143.39,0.83,133.0,0.85,25.79,0.86,10.5,0.01,0.01,2318.899825,1776201481000
1776202382.266,182.266,0.15,22.14,0.13,260.5,0.16,131.62,0.17,113.04,0.84,129.62,0.83,58.5,0.85,23.44,0.87,260.5,0.01,0.01,2318.899825,1776201481000
1776202383.679,183.679,0.15,45.14,0.14,180.0,0.16,136.62,0.17,68.5,0.84,131.62,0.83,113.04,0.85,22.14,0.87,260.5,0.01,0.01,2318.899825,1776201481000
1776202384.706,184.706,0.15,67.37,0.14,32.26,0.16,20.23,0.17,20.0,0.84,136.62,0.83,68.5,0.85,45.14,0.86,180.0,0.01,0.01,2318.899825,1776201481000
1776202385.106,185.106,0.16,195.5,0.15,42.37,0.18,26.0,0.19,25.5,0.83,3.0,0.82,21.0,0.85,62.37,0.86,32.26,0.02,0.02,2318.899825,1776201481000
1776202385.723,185.723,0.16,195.5,0.15,78.33,0.17,102.27,0.18,10.0,0.83,4.11,0.82,20.5,0.84,195.5,0.85,42.37,0.01,0.01,2318.899825,1776201481000
1776202386.178,186.178,0.16,213.81,0.15,49.13,0.17,105.79,0.18,10.0,0.83,102.27,0.82,10.0,0.84,195.5,0.85,78.33,0.01,0.01,2318.899825,1776201481000
1776202386.698,186.698,0.17,20.11,0.16,201.81,0.18,15.0,0.19,25.5,0.82,15.0,0.81,25.5,0.84,218.81,0.85,49.13,0.01,0.02,2318.899825,1776201481000
1776202387.497,187.497,0.16,210.61,0.15,42.37,0.17,47.32,0.18,19.0,0.82,15.0,0.81,25.5,0.83,10.94,0.84,201.81,0.01,0.01,2318.899825,1776201481000
1776202387.709,187.709,0.16,209.83,0.15,42.37,0.17,47.32,0.18,19.0,0.83,47.32,0.82,19.0,0.84,209.3,0.85,42.37,0.01,0.01,2318.899825,1776201481000
1776202387.915,187.915,0.16,133.06,0.15,42.37,0.17,118.32,0.18,10.0,0.83,118.32,0.82,10.0,0.84,196.47,0.85,42.37,0.01,0.01,2318.899825,1776201481000
1776202388.132,188.132,0.16,76.91,0.15,52.37,0.17,118.32,0.18,20.5,0.83,118.32,0.82,20.5,0.84,85.96,0.85,52.37,0.01,0.01,2318.899825,1776201481000
1776202389.344,189.344,0.16,192.93,0.15,52.37,0.17,152.32,0.18,25.5,0.83,118.32,0.82,20.5,0.84,70.71,0.85,52.37,0.01,0.01,2318.899825,1776201481000
1776202389.789,189.789,0.16,171.58,0.15,52.37,0.17,142.32,0.18,25.5,0.83,152.32,0.82,25.5,0.84,184.03,0.85,52.37,0.01,0.01,2318.899825,1776201481000
1776202390.177,190.177,0.16,62.53,0.15,52.37,0.17,132.32,0.19,10.0,0.83,142.32,0.82,25.5,0.84,171.58,0.85,52.37,0.01,0.01,2318.899825,1776201481000
1776202390.408,190.408,0.16,94.53,0.15,122.37,0.17,15.84,0.18,10.0,0.83,132.32,0.81,10.0,0.84,62.53,0.85,52.37,0.01,0.01,2318.899825,1776201481000
1776202390.716,190.716,0.18,14.28,0.17,25.5,0.19,7.84,0.2,34.5,0.81,2.84,0.8,24.0,0.83,10.0,0.84,94.53,0.01,0.02,2318.899825,1776201481000
1776202391.839,191.839,0.17,23.15,0.16,214.53,0.18,10.0,0.19,12.84,0.81,17.84,0.8,34.5,0.82,6.89,0.83,25.5,0.01,0.01,2318.899825,1776201481000
1776202394.453,194.453,0.17,25.5,0.16,46.8,0.18,109.38,0.19,12.84,0.82,10.0,0.81,12.84,0.83,23.15,0.84,214.53,0.01,0.01,2318.899825,1776201481000
1776202394.887,194.887,0.17,24.27,0.16,31.8,0.18,119.38,0.19,12.84,0.82,109.38,0.81,12.84,0.83,25.5,0.84,46.8,0.01,0.01,2318.899825,1776201481000
1776202395.461,195.461,0.17,3.94,0.16,41.8,0.18,114.38,0.19,12.84,0.82,114.38,0.81,12.84,0.83,22.94,0.84,31.8,0.01,0.01,2318.899825,1776201481000
1776202395.813,195.813,0.17,2.21,0.16,52.3,0.18,10.0,0.19,23.34,0.82,114.38,0.81,12.84,0.83,3.94,0.84,41.8,0.01,0.01,2318.899825,1776201481000
1776202397.47,197.47,0.17,21.37,0.16,52.3,0.18,53.61,0.19,12.84,0.82,10.0,0.81,23.34,0.83,2.21,0.84,52.3,0.01,0.01,2318.899825,1776201481000
1776202397.869,197.869,0.17,7.07,0.16,52.3,0.18,58.61,0.19,23.34,0.82,53.61,0.81,12.84,0.83,21.37,0.84,52.3,0.01,0.01,2318.899825,1776201481000
1776202398.828,198.828,0.16,68.32,0.15,60.43,0.17,17.39,0.18,167.43,0.82,211.04,0.81,115.93,0.84,48.32,0.85,60.43,0.01,0.02,2318.899825,1776201481000
1776202399.984,199.984,0.16,65.01,0.15,240.43,0.17,22.39,0.18,167.43,0.83,22.39,0.82,167.43,0.84,61.32,0.85,240.43,0.01,0.01,2318.899825,1776201481000
1776202400.713,200.713,0.16,34.64,0.15,240.43,0.17,27.39,0.18,167.43,0.83,22.39,0.82,167.43,0.84,60.83,0.85,240.43,0.01,0.01,2318.899825,1776201481000
1776202402.751,202.751,0.16,84.3,0.15,229.93,0.17,0.39,0.18,152.43,0.83,27.39,0.82,167.43,0.84,34.64,0.85,240.43,0.01,0.01,2318.899825,1776201481000
1776202403.794,203.794,0.17,50.76,0.16,47.3,0.18,152.43,0.19,179.45,0.83,0.39,0.82,152.43,0.84,84.3,0.85,229.93,0.01,0.01,2318.899825,1776201481000
1776202405.778,205.778,0.17,18.59,0.16,36.8,0.18,177.43,0.19,189.95,0.82,162.43,0.81,179.45,0.83,29.9,0.84,52.3,0.01,0.01,2318.899825,1776201481000
1776202408.242,208.242,0.16,56.8,0.15,240.43,0.17,8.64,0.18,182.93,0.82,177.43,0.81,189.95,0.83,18.59,0.84,36.8,0.01,0.01,2318.899825,1776201481000
1776202410.1,210.1,0.16,10.0,0.15,239.93,0.17,42.67,0.18,182.93,0.83,8.64,0.82,182.93,0.84,56.8,0.85,240.43,0.01,0.01,2318.899825,1776201481000
1776202411.076,211.076,0.16,3.9,0.15,201.73,0.17,42.17,0.18,182.93,0.83,42.67,0.82,182.93,0.84,10.0,0.85,239.93,0.01,0.01,2318.899825,1776201481000
1776202413.968,213.968,0.16,3.9,0.15,201.73,0.17,23.32,0.18,177.93,0.83,42.17,0.82,182.93,0.84,3.9,0.85,201.73,0.01,0.01,2318.899825,1776201481000
1776202414.352,214.352,0.16,1.9,0.15,201.73,0.17,33.32,0.18,177.93,0.83,23.32,0.82,177.93,0.84,3.9,0.85,201.73,0.01,0.01,2318.899825,1776201481000
1776202414.568,214.568,0.16,1.9,0.15,201.73,0.17,3.9,0.18,177.93,0.83,33.32,0.82,177.93,0.84,1.9,0.85,201.73,0.01,0.01,2318.899825,1776201481000
1776202414.956,214.956,0.16,6.9,0.15,201.73,0.17,61.09,0.18,177.37,0.82,177.37,0.81,118.09,0.84,1.9,0.85,201.73,0.01,0.02,2318.899825,1776201481000
1776202415.367,215.367,0.16,2.77,0.15,196.93,0.17,55.59,0.18,177.37,0.83,61.09,0.82,177.37,0.84,4.92,0.85,214.69,0.01,0.01,2318.899825,1776201481000
1776202415.694,215.694,0.16,0.26,0.15,196.93,0.17,76.09,0.18,177.37,0.83,50.59,0.82,177.37,0.84,1.57,0.85,196.93,0.01,0.01,2318.899825,1776201481000
1776202416.022,216.022,0.15,188.09,0.14,102.68,0.17,70.59,0.18,177.37,0.83,76.09,0.82,177.37,0.84,0.26,0.85,196.93,0.02,0.01,2318.899825,1776201481000
1776202416.854,216.854,0.15,181.44,0.14,40.5,0.16,68.34,0.17,30.5,0.83,76.09,0.82,177.37,0.85,189.06,0.86,40.5,0.01,0.02,2318.899825,1776201481000
1776202417.624,217.624,0.15,166.18,0.14,40.5,0.16,83.34,0.17,25.5,0.84,68.34,0.83,30.5,0.85,181.44,0.86,40.5,0.01,0.01,2318.899825,1776201481000
1776202420.217,220.217,0.14,1.21,0.13,51.8,0.15,30.5,0.16,283.84,0.84,83.34,0.83,25.5,0.85,166.18,0.86,40.5,0.01,0.01,2318.899825,1776201481000
1776202420.648,220.648,0.13,12.01,0.12,54.19,0.15,40.5,0.16,283.84,0.85,30.5,0.84,283.84,0.87,31.01,0.88,54.19,0.02,0.02,2318.899825,1776201481000
1776202421.072,221.072,0.13,9.71,0.12,54.19,0.14,15.0,0.15,110.39,0.86,15.0,0.85,110.39,0.87,10.86,0.88,54.19,0.01,0.01,2318.899825,1776201481000
1776202423.553,223.553,0.13,5.06,0.12,20.09,0.14,96.25,0.15,30.5,0.86,15.0,0.85,110.39,0.87,0.06,0.88,54.19,0.01,0.01,2318.899825,1776201481000
1776202423.783,223.783,0.13,5.85,0.12,11.01,0.18,132.73,0.19,123.09,0.86,96.25,0.85,30.5,0.87,5.85,0.88,16.01,0.05,0.01,2318.899825,1776201481000
1776202424.134,224.134,0.14,17.33,0.13,5.85,0.15,5.0,0.16,30.5,0.82,132.73,0.81,123.09,0.87,5.85,0.88,11.01,0.01,0.05,2318.899825,1776201481000
1776202425.467,225.467,0.12,26.1,0.11,25.5,0.14,22.69,0.15,150.4,0.85,5.0,0.84,30.5,0.86,11.91,0.87,5.85,0.02,0.01,2318.899825,1776201481000
1776202425.837,225.837,0.13,8.74,0.12,26.1,0.14,22.69,0.15,150.4,0.86,22.69,0.85,150.4,0.88,26.1,0.89,25.5,0.01,0.02,2318.899825,1776201481000
1776202430.195,230.195,0.12,12.86,0.11,16.92,0.13,66.3,0.14,30.5,0.86,17.69,0.85,150.4,0.89,16.92,0.9,274.76,0.01,0.03,2318.899825,1776201481000
1776202430.541,230.541,0.12,0.4,0.11,26.92,0.13,75.1,0.14,25.5,0.87,75.1,0.86,25.5,0.88,3.86,0.89,26.92,0.01,0.01,2318.899825,1776201481000
1776202435.496,235.496,0.11,10.29,0.1,240.5,0.12,48.63,0.13,20.0,0.87,75.1,0.86,25.5,0.88,0.4,0.89,26.92,0.01,0.01,2318.899825,1776201481000
1776202436.92,236.92,0.11,6.37,0.1,240.5,0.12,58.63,0.13,30.5,0.88,48.63,0.87,20.0,0.89,10.29,0.9,240.5,0.01,0.01,2318.899825,1776201481000
1776202439.605,239.605,0.1,59.38,0.09,61.0,0.11,50.95,0.12,20.0,0.88,58.63,0.87,30.5,0.89,6.37,0.9,240.5,0.01,0.01,2318.899825,1776201481000
1776202440.899,240.899,0.09,194.89,0.08,67.9,0.11,55.95,0.12,20.0,0.89,50.95,0.88,20.0,0.9,59.38,0.91,61.0,0.02,0.01,2318.899825,1776201481000
1776202441.377,241.377,0.09,4.39,0.08,67.9,0.1,17.0,0.11,54.26,0.9,7.0,0.89,66.95,0.91,194.89,0.92,67.9,0.01,0.01,2318.899825,1776201481000
1776202441.617,241.617,0.08,5.26,0.07,10.0,0.09,78.0,0.1,20.0,0.9,22.0,0.89,54.26,0.92,59.6,0.93,65.3,0.01,0.02,2318.899825,1776201481000
1776202441.966,241.966,0.07,185.0,0.06,95.56,0.08,120.77,0.09,10.0,0.92,28.74,0.91,78.0,0.93,10.0,0.94,73.8,0.01,0.01,2318.899825,1776201481000
1776202442.239,242.239,0.07,183.92,0.06,95.56,0.08,120.77,0.09,10.0,0.92,120.77,0.91,10.0,0.93,185.0,0.94,95.56,0.01,0.01,2318.899825,1776201481000
1776202442.469,242.469,0.05,179.52,0.04,138.8,0.08,120.77,0.09,20.0,0.92,120.77,0.91,10.0,0.93,187.84,0.94,81.56,0.03,0.01,2318.899825,1776201481000
1776202442.793,242.793,0.05,217.27,0.04,138.8,0.07,78.0,0.08,48.74,0.93,61.0,0.92,68.77,0.95,235.28,0.96,251.8,0.02,0.02,2318.899825,1776201481000
1776202443.348,243.348,0.05,199.99,0.04,158.0,0.07,22.0,0.08,48.74,0.93,22.0,0.92,48.74,0.95,197.1,0.96,158.0,0.02,0.02,2318.899825,1776201481000
1776202443.588,243.588,0.05,180.99,0.04,158.0,0.07,32.0,0.08,48.74,0.93,22.0,0.92,48.74,0.95,199.99,0.96,158.0,0.02,0.02,2318.899825,1776201481000
1776202444.097,244.097,0.05,173.88,0.04,153.0,0.06,226.54,0.07,22.0,0.93,37.0,0.92,48.74,0.95,180.99,0.96,158.0,0.01,0.02,2318.899825,1776201481000
1776202444.613,244.613,0.05,173.88,0.04,153.0,0.06,229.84,0.07,22.0,0.94,226.54,0.93,22.0,0.95,173.88,0.96,153.0,0.01,0.01,2318.899825,1776201481000
1776202445.186,245.186,0.05,107.25,0.04,143.0,0.06,191.84,0.07,22.0,0.94,229.84,0.93,22.0,0.95,173.88,0.96,153.0,0.01,0.01,2318.899825,1776201481000
1776202445.477,245.477,0.05,96.25,0.04,143.0,0.06,191.84,0.07,22.0,0.94,191.84,0.93,22.0,0.95,107.25,0.96,143.0,0.01,0.01,2318.899825,1776201481000
1776202446.438,246.438,0.05,1.71,0.04,113.76,0.06,246.84,0.07,15.0,0.94,191.84,0.93,22.0,0.95,96.25,0.96,143.0,0.01,0.01,2318.899825,1776201481000
1776202449.265,249.265,0.04,97.27,0.03,552.0,0.06,422.58,0.07,20.0,0.94,246.84,0.93,15.0,0.95,1.71,0.96,113.76,0.02,0.01,2318.899825,1776201481000
1776202449.788,249.788,0.04,71.28,0.03,552.0,0.05,136.82,0.06,198.3,0.94,422.58,0.93,20.0,0.96,97.27,0.97,552.0,0.01,0.02,2318.899825,1776201481000
1776202450.003,250.003,0.04,56.28,0.03,552.0,0.05,146.82,0.06,198.3,0.95,136.82,0.94,198.3,0.96,71.28,0.97,552.0,0.01,0.01,2318.899825,1776201481000
1776202450.954,250.954,0.04,48.76,0.03,252.0,0.05,170.82,0.06,198.3,0.95,146.82,0.94,198.3,0.96,35.44,0.97,552.0,0.01,0.01,2318.899825,1776201481000
1776202451.823,251.823,0.04,16.61,0.03,242.0,0.05,120.82,0.06,28.3,0.95,105.82,0.94,208.3,0.96,35.67,0.97,242.0,0.01,0.01,2318.899825,1776201481000
1776202452.086,252.086,0.04,7.92,0.03,196.76,0.05,317.82,0.06,33.3,0.95,120.82,0.94,28.3,0.96,16.61,0.97,242.0,0.01,0.01,2318.899825,1776201481000
1776202452.567,252.567,0.04,7.92,0.03,196.76,0.05,371.97,0.06,33.3,0.95,317.82,0.94,33.3,0.96,7.92,0.97,196.76,0.01,0.01,2318.899825,1776201481000
1776202453.57,253.57,0.04,6.77,0.03,144.76,0.05,396.15,0.06,33.3,0.95,371.97,0.94,33.3,0.96,7.92,0.97,196.76,0.01,0.01,2318.899825,1776201481000
1776202453.868,253.868,0.04,4.1,0.03,155.76,0.05,394.15,0.06,33.3,0.95,379.15,0.94,28.3,0.96,6.77,0.97,176.75,0.01,0.01,2318.899825,1776201481000
1776202454.405,254.405,0.03,157.42,0.02,664.7,0.04,48.0,0.05,366.15,0.95,394.15,0.94,33.3,0.97,153.8,0.98,664.7,0.01,0.02,2318.899825,1776201481000
1776202454.911,254.911,0.02,214.0,0.01,2785.87,0.04,307.0,0.05,198.15,0.96,48.0,0.95,366.15,0.97,157.42,0.98,664.7,0.02,0.01,2318.899825,1776201481000
1776202455.155,255.155,0.02,263.47,0.01,2587.63,0.03,277.0,0.04,119.0,0.96,307.0,0.95,198.15,0.98,214.0,0.99,2785.87,0.01,0.02,2318.899825,1776201481000
1776202455.36,255.36,0.02,247.47,0.01,2587.63,0.03,282.0,0.04,119.0,0.97,277.0,0.96,119.0,0.98,263.47,0.99,2587.63,0.01,0.01,2318.899825,1776201481000
1776202455.572,255.572,0.02,83.5,0.01,2587.63,0.03,227.0,0.04,101.0,0.97,232.0,0.96,101.0,0.98,217.96,0.99,2587.63,0.01,0.01,2318.899825,1776201481000
1776202456.347,256.347,0.02,78.39,0.01,2495.63,0.03,242.0,0.04,65.0,0.97,227.0,0.96,101.0,0.98,83.5,0.99,2587.63,0.01,0.01,2318.899825,1776201481000
1776202456.761,256.761,0.01,2561.57,,,0.02,27.43,0.03,237.0,0.98,17.43,0.97,242.0,0.99,2490.57,,,0.01,0.01,2318.899825,1776201481000
1776202457.057,257.057,0.01,2399.57,,,0.02,31.56,0.03,237.0,0.98,31.56,0.97,237.0,0.99,2401.57,,,0.01,0.01,2318.899825,1776201481000
1776202457.732,257.732,0.01,982.63,,,0.02,46.66,0.03,227.0,0.98,31.56,0.97,237.0,0.99,2399.57,,,0.01,0.01,2318.899825,1776201481000
1776202458.008,258.008,0.01,815.63,,,0.02,51.66,0.03,237.0,0.98,46.66,0.97,227.0,0.99,982.63,,,0.01,0.01,2318.899825,1776201481000
1776202458.658,258.658,0.01,808.58,,,0.02,49.74,0.03,237.0,0.98,51.66,0.97,237.0,0.99,803.58,,,0.01,0.01,2318.899825,1776201481000
1776202459.272,259.272,0.01,800.58,,,0.03,247.0,0.04,143.7,0.98,4.74,0.97,237.0,0.99,808.58,,,0.02,0.01,2318.899825,1776201481000
1776202460.43,260.43,0.01,804.56,,,0.03,345.7,0.04,133.7,0.97,247.0,0.96,143.7,0.99,800.58,,,0.02,0.02,2318.899825,1776201481000
1776202461.054,261.054,0.01,674.63,,,0.03,345.7,0.04,133.7,0.97,345.7,0.96,133.7,0.99,782.56,,,0.02,0.02,2318.899825,1776201481000
1776202461.648,261.648,0.01,566.63,,,0.03,404.47,0.04,133.7,0.97,345.7,0.96,133.7,0.99,571.63,,,0.02,0.02,2318.899825,1776201481000
1776202462.042,262.042,0.01,427.12,,,0.02,10.1,0.03,399.47,0.97,404.47,0.96,133.7,0.99,566.63,,,0.01,0.02,2318.899825,1776201481000
1776202462.68,262.68,0.01,170.0,,,0.02,446.99,0.03,240.7,0.98,10.1,0.97,399.47,0.99,427.12,,,0.01,0.01,2318.899825,1776201481000
1776202463.015,263.015,,,,,0.01,82.24,0.02,441.99,0.98,446.99,0.97,240.7,0.99,170.0,,,,0.01,2318.899825,1776201481000
1776202463.502,263.502,,,,,0.01,252.24,0.02,431.99,0.99,82.24,0.98,441.99,,,,,,,2318.899825,1776201481000
1776202463.717,263.717,,,,,0.01,248.24,0.02,431.99,0.99,252.24,0.98,431.99,,,,,,,2318.899825,1776201481000
1776202466.185,266.185,,,,,0.01,78.24,0.02,431.99,0.99,248.24,0.98,431.99,,,,,,,2318.899825,1776201481000
1776202469.683,269.683,,,,,0.01,311.58,0.02,256.99,0.99,77.18,0.98,431.99,,,,,,,2318.899825,1776201481000
1776202470.684,270.684,,,,,0.01,305.13,0.02,251.89,0.99,311.58,0.98,256.99,,,,,,,2318.899825,1776201481000
1776202472.171,272.171,,,,,0.01,551.06,0.02,251.89,0.99,305.13,0.98,251.89,,,,,,,2318.899825,1776201481000
1776202479.195,279.195,,,,,0.01,205.29,0.02,68.19,0.99,551.06,0.98,251.89,,,,,,,2318.899825,1776201481000
1776202485.542,285.542,,,,,0.01,3514.01,0.02,58.0,0.99,205.29,0.98,68.19,,,,,,,2318.899825,1776201481000
1776202497.386,297.386,,,,,0.01,5151.8,0.02,18.0,0.99,3514.01,0.98,58.0,,,,,,,2318.899825,1776201481000
1776202500.371,300.371,,,,,0.01,62867.01,0.02,131.0,0.99,5151.8,0.98,18.0,,,,,,,2318.899825,1776201481000
1776202500.682,300.682,,,,,0.01,64488.96,0.02,131.0,0.99,62867.01,0.98,131.0,,,,,,,2318.899825,1776201481000

# RESULT,winner=Up,slug=eth-updown-5m-1776202200,ticks=325
