timestamp,elapsed_sec,up_bid_p1,up_bid_s1,up_bid_p2,up_bid_s2,up_ask_p1,up_ask_s1,up_ask_p2,up_ask_s2,down_bid_p1,down_bid_s1,down_bid_p2,down_bid_s2,down_ask_p1,down_ask_s1,down_ask_p2,down_ask_s2,up_spread,down_spread,eth_price,eth_oracle_ts
1776207311.123,11.123,,,,,,,,,,,,,,,,,,,2315.988705,1776207310000
1776207311.353,11.353,0.43,50.0,0.42,43.5,0.44,13.4,0.45,25.5,0.56,13.4,0.55,35.5,0.57,45.0,0.58,53.5,0.01,0.01,2315.988705,1776207310000
1776207311.829,11.829,0.43,60.0,0.42,43.5,0.44,8.85,0.45,35.5,0.56,13.4,0.55,35.5,0.57,45.0,0.58,53.5,0.01,0.01,2315.988705,1776207310000
1776207312.132,12.132,0.43,50.0,0.42,43.5,0.44,8.85,0.45,35.5,0.56,8.85,0.55,35.5,0.57,50.0,0.58,43.5,0.01,0.01,2316.012108,1776207311000
1776207313.121,13.121,0.43,44.52,0.42,33.5,0.44,24.35,0.45,25.5,0.56,24.35,0.55,25.5,0.57,44.52,0.58,33.5,0.01,0.01,2316.01305,1776207312000
1776207313.908,13.908,0.43,39.52,0.42,23.0,0.44,49.35,0.45,25.5,0.56,24.35,0.55,25.5,0.57,44.52,0.58,33.5,0.01,0.01,2316.01305,1776207312000
1776207314.173,14.173,0.43,39.52,0.42,23.0,0.44,49.35,0.45,25.5,0.56,49.35,0.55,25.5,0.57,39.52,0.58,23.0,0.01,0.01,2316.018145,1776207313000
1776207315.012,15.012,0.43,39.52,0.42,23.0,0.44,51.21,0.45,25.5,0.56,49.35,0.55,25.5,0.57,39.52,0.58,23.0,0.01,0.01,2316.018145,1776207313000
1776207315.599,15.599,0.43,44.52,0.42,50.5,0.44,10.71,0.45,25.5,0.56,51.21,0.55,25.5,0.57,39.52,0.58,23.0,0.01,0.01,2316.010536,1776207314000
1776207316.321,16.321,0.43,44.52,0.42,50.5,0.44,10.71,0.45,25.5,0.56,10.71,0.55,25.5,0.57,44.52,0.58,50.5,0.01,0.01,2316.01319,1776207315000
1776207317.021,17.021,0.43,66.25,0.42,50.5,0.44,10.71,0.45,20.5,0.56,10.71,0.55,25.5,0.57,44.52,0.58,50.5,0.01,0.01,2316.01319,1776207315000
1776207317.311,17.311,0.43,61.25,0.42,50.5,0.44,10.71,0.45,20.5,0.56,10.71,0.55,20.5,0.57,66.25,0.58,50.5,0.01,0.01,2316.01319,1776207315000
1776207317.68,17.68,0.43,62.25,0.42,50.5,0.44,10.0,0.45,20.5,0.56,10.71,0.55,20.5,0.57,61.25,0.58,50.5,0.01,0.01,2316.014968,1776207316000
1776207317.922,17.922,0.43,62.25,0.42,50.5,0.44,10.0,0.45,20.5,0.56,10.0,0.55,20.5,0.57,62.25,0.58,50.5,0.01,0.01,2316.019437,1776207317000
1776207319.052,19.052,0.43,62.25,0.42,50.5,0.44,10.0,0.45,20.5,0.56,10.0,0.55,20.5,0.57,62.25,0.58,50.5,0.01,0.01,2316.019551,1776207318000
1776207319.728,19.728,0.49,65.0,0.47,10.0,0.52,10.0,0.53,66.0,0.56,10.0,0.55,20.5,0.57,62.25,0.58,50.5,0.03,0.01,2316.019551,1776207318000
1776207320.008,20.008,0.52,13.26,0.51,58.0,0.53,66.5,0.54,10.0,0.47,56.0,0.46,10.0,0.48,9.1,0.49,33.0,0.01,0.01,2316.019551,1776207318000
1776207320.214,20.214,0.52,56.76,0.51,119.5,0.53,51.0,0.57,21.95,0.47,66.5,0.46,10.0,0.48,13.26,0.49,58.0,0.01,0.01,2316.019551,1776207318000
1776207320.433,20.433,0.52,44.88,0.51,104.5,0.58,15.0,0.59,5.0,0.42,15.0,0.41,5.0,0.48,44.88,0.49,104.5,0.06,0.06,2316.049495,1776207319000
1776207320.961,20.961,0.57,13.6,0.56,26.0,0.58,30.5,0.59,15.0,0.42,22.05,0.41,5.0,0.43,20.0,0.44,15.0,0.01,0.01,2316.049495,1776207319000
1776207321.313,21.313,0.57,18.6,0.56,21.0,0.58,28.16,0.59,15.0,0.42,23.34,0.41,15.0,0.43,13.6,0.44,26.0,0.01,0.01,2316.07395,1776207320000
1776207321.93,21.93,0.57,21.27,0.56,31.0,0.58,28.16,0.59,15.0,0.42,28.16,0.41,15.0,0.43,18.6,0.44,21.0,0.01,0.01,2316.07395,1776207320000
1776207322.335,22.335,0.57,21.27,0.56,31.0,0.58,28.16,0.59,15.0,0.42,28.16,0.41,15.0,0.43,21.27,0.44,31.0,0.01,0.01,2316.625029,1776207321000
1776207323.03,23.03,0.57,56.27,0.56,41.0,0.58,9.5,0.59,25.0,0.42,15.5,0.41,15.0,0.43,41.27,0.44,46.0,0.01,0.01,2316.625029,1776207321000
1776207323.491,23.491,0.57,56.27,0.56,41.0,0.58,15.0,0.59,25.0,0.42,15.0,0.41,25.0,0.43,56.27,0.44,41.0,0.01,0.01,2316.7828,1776207322000
1776207323.776,23.776,0.57,56.27,0.56,41.0,0.58,2.83,0.59,35.5,0.42,15.0,0.41,25.0,0.43,56.27,0.44,41.0,0.01,0.01,2316.7828,1776207322000
1776207324.137,24.137,0.57,51.27,0.56,41.0,0.58,3.33,0.59,35.5,0.42,3.33,0.41,35.5,0.43,51.27,0.44,41.0,0.01,0.01,2316.78914,1776207323000
1776207325.224,25.224,0.58,15.0,0.57,51.27,0.59,15.5,0.6,22.0,0.41,15.5,0.4,22.0,0.42,15.0,0.43,51.27,0.01,0.01,2316.85279,1776207324000
1776207326.065,26.065,0.58,25.0,0.57,37.67,0.59,5.5,0.6,32.0,0.41,15.5,0.4,22.0,0.42,15.0,0.43,51.27,0.01,0.01,2316.85279,1776207324000
1776207326.289,26.289,0.58,25.0,0.57,37.67,0.59,5.5,0.6,32.0,0.41,5.5,0.4,32.0,0.42,25.0,0.43,37.67,0.01,0.01,2316.849175,1776207325000
1776207327.135,27.135,0.58,40.0,0.57,37.67,0.59,15.0,0.6,32.5,0.41,5.5,0.4,32.0,0.42,25.0,0.43,37.67,0.01,0.01,2316.849175,1776207325000
1776207327.449,27.449,0.58,40.0,0.57,37.67,0.59,20.5,0.6,32.5,0.41,15.0,0.4,32.5,0.42,40.0,0.43,37.67,0.01,0.01,2316.86524,1776207326000
1776207327.732,27.732,0.57,10.0,0.56,20.0,0.59,140.49,0.6,38.5,0.41,20.5,0.4,32.5,0.42,40.0,0.43,37.67,0.02,0.01,2316.86524,1776207326000
1776207328.197,28.197,0.5,10.0,0.49,101.0,0.58,128.19,0.59,252.8,0.41,140.49,0.4,38.5,0.43,10.0,0.44,20.0,0.08,0.02,2316.86524,1776207326000
1776207328.444,28.444,0.5,10.0,0.49,121.5,0.52,3.65,0.53,59.02,0.48,3.65,0.47,59.02,0.5,10.0,0.51,121.5,0.02,0.02,2316.867525,1776207327000
1776207328.91,28.91,0.5,10.0,0.49,121.5,0.52,3.65,0.53,59.02,0.48,3.65,0.47,59.02,0.5,10.0,0.51,121.5,0.02,0.02,2316.867455,1776207328000
1776207329.205,29.205,0.52,10.0,0.51,15.0,0.54,67.68,0.55,10.0,0.48,3.65,0.47,59.02,0.5,10.0,0.51,121.5,0.02,0.02,2316.867455,1776207328000
1776207329.543,29.543,0.53,5.0,0.52,20.0,0.54,22.0,0.55,25.0,0.46,17.0,0.45,10.0,0.49,4.78,0.5,30.0,0.01,0.03,2316.867455,1776207328000
1776207329.858,29.858,0.52,45.5,0.51,20.28,0.54,21.9,0.55,25.0,0.46,22.0,0.45,25.0,0.48,15.0,0.49,20.28,0.02,0.02,2316.867455,1776207328000
1776207330.255,30.255,0.52,45.5,0.51,20.28,0.54,11.9,0.55,25.0,0.46,11.9,0.45,25.0,0.48,45.5,0.49,20.28,0.02,0.02,2316.604471,1776207329000
1776207330.554,30.554,0.52,65.0,0.51,35.28,0.54,12.83,0.55,35.0,0.46,11.9,0.45,25.0,0.48,45.5,0.49,20.28,0.02,0.02,2316.604471,1776207329000
1776207330.998,30.998,0.55,15.62,0.54,30.0,0.56,161.18,0.57,46.0,0.44,154.18,0.43,41.0,0.45,10.74,0.47,10.0,0.01,0.01,2316.604471,1776207329000
1776207331.317,31.317,0.55,10.74,0.54,20.0,0.56,166.18,0.57,46.0,0.44,161.18,0.43,46.0,0.45,15.62,0.46,30.0,0.01,0.01,2316.604471,1776207329000
1776207331.953,31.953,0.52,30.0,0.51,10.0,0.56,354.49,0.57,131.0,0.44,166.18,0.43,46.0,0.45,10.62,0.46,10.0,0.04,0.01,2316.476915,1776207330000
1776207332.164,32.164,0.49,75.97,0.48,10.0,0.5,85.68,0.51,27.5,0.5,85.68,0.49,27.5,0.51,85.97,0.52,10.0,0.01,0.01,2316.47738,1776207331000
1776207332.536,32.536,0.49,59.61,0.48,15.0,0.5,98.99,0.51,40.5,0.5,100.99,0.49,40.5,0.51,54.61,0.52,10.0,0.01,0.01,2316.47738,1776207331000
1776207333.093,33.093,0.49,49.61,0.48,15.0,0.5,98.99,0.51,30.0,0.5,98.99,0.49,30.0,0.51,49.61,0.52,15.0,0.01,0.01,2316.490735,1776207332000
1776207334.703,34.703,0.49,49.61,0.48,25.0,0.5,113.99,0.51,40.5,0.5,98.99,0.49,30.0,0.51,49.61,0.52,15.0,0.01,0.01,2316.490735,1776207332000
1776207334.978,34.978,0.49,9.61,0.48,20.0,0.5,185.49,0.51,91.5,0.5,113.99,0.49,40.5,0.51,49.61,0.52,25.0,0.01,0.01,2316.490735,1776207332000
1776207335.473,35.473,0.44,18.69,0.43,37.5,0.45,56.0,0.46,71.0,0.51,20.5,0.5,196.49,0.53,50.0,0.55,25.0,0.01,0.02,2316.490735,1776207332000
1776207335.837,35.837,0.44,15.03,0.43,37.5,0.45,56.0,0.46,71.0,0.55,56.0,0.54,71.0,0.56,15.03,0.57,37.5,0.01,0.01,2316.163475,1776207333000
1776207336.143,36.143,0.44,4.94,0.42,30.5,0.45,164.99,0.46,124.0,0.55,56.0,0.54,71.0,0.56,15.03,0.57,37.5,0.01,0.01,2316.163475,1776207333000
1776207336.466,36.466,0.44,4.94,0.42,30.5,0.45,164.99,0.46,124.0,0.55,164.99,0.54,124.0,0.56,4.94,0.58,30.5,0.01,0.01,2316.108165,1776207335000
1776207337.027,37.027,0.42,19.92,0.41,25.0,0.45,152.72,0.46,124.0,0.55,152.72,0.54,124.0,0.58,19.92,0.59,25.0,0.03,0.03,2316.053631,1776207336000
1776207337.234,37.234,0.44,10.0,0.42,39.92,0.45,29.88,0.46,10.0,0.55,152.72,0.54,124.0,0.58,19.92,0.59,25.0,0.01,0.03,2316.053631,1776207336000
1776207338.016,38.016,0.44,30.0,0.43,17.0,0.45,3.96,0.46,15.0,0.52,25.8,0.5,13.0,0.56,20.0,0.57,17.0,0.01,0.04,2316.053631,1776207336000
1776207338.939,38.939,0.44,35.0,0.43,17.0,0.46,4.55,0.47,10.0,0.54,4.55,0.53,10.0,0.56,35.0,0.57,17.0,0.02,0.02,2315.97434,1776207338000
1776207339.297,39.297,0.48,23.07,0.47,35.5,0.49,17.7,0.5,29.0,0.51,28.0,0.5,39.0,0.52,13.07,0.53,35.5,0.01,0.01,2315.97434,1776207338000
1776207340.058,40.058,0.48,23.07,0.47,35.5,0.49,17.7,0.5,29.0,0.51,17.7,0.5,29.0,0.52,23.07,0.53,35.5,0.01,0.01,2316.00351,1776207339000
1776207340.347,40.347,0.48,36.57,0.47,35.5,0.49,11.31,0.5,39.0,0.51,17.7,0.5,29.0,0.52,23.07,0.53,35.5,0.01,0.01,2316.00351,1776207339000
1776207341.008,41.008,0.48,36.57,0.47,35.5,0.49,11.31,0.5,39.0,0.51,11.31,0.5,39.0,0.52,36.57,0.53,35.5,0.01,0.01,2316.05373,1776207340000
1776207341.927,41.927,0.5,80.5,0.49,52.5,0.52,50.0,0.53,75.0,0.51,11.31,0.5,39.0,0.52,36.57,0.53,35.5,0.02,0.01,2316.05373,1776207340000
1776207343.043,43.043,0.5,80.5,0.49,52.5,0.52,50.0,0.53,75.0,0.48,50.0,0.47,75.0,0.5,80.5,0.51,52.5,0.02,0.02,2316.122095,1776207342000
1776207343.256,43.256,0.52,89.66,0.51,30.5,0.53,80.0,0.54,5.0,0.48,50.0,0.47,75.0,0.5,80.5,0.51,52.5,0.01,0.02,2316.122095,1776207342000
1776207343.675,43.675,0.52,89.66,0.51,30.5,0.53,8.07,0.54,5.0,0.47,80.0,0.46,5.0,0.48,89.66,0.49,30.5,0.01,0.01,2316.122095,1776207342000
1776207344.032,44.032,0.52,89.66,0.51,30.5,0.53,8.07,0.54,5.0,0.47,8.07,0.46,5.0,0.48,89.66,0.49,30.5,0.01,0.01,2316.315013,1776207343000
1776207344.293,44.293,0.52,84.66,0.51,30.5,0.54,3.07,0.55,5.0,0.47,8.07,0.46,5.0,0.48,89.66,0.49,30.5,0.02,0.01,2316.315013,1776207343000
1776207345.015,45.015,0.52,84.66,0.51,30.5,0.54,3.07,0.55,5.0,0.46,3.07,0.45,5.0,0.48,84.66,0.49,30.5,0.02,0.02,2316.33915,1776207344000
1776207345.598,45.598,0.52,15.0,0.51,10.0,0.53,27.0,0.54,21.0,0.46,3.07,0.45,5.0,0.48,84.66,0.49,30.5,0.01,0.02,2316.33915,1776207344000
1776207346.052,46.052,0.52,15.0,0.51,10.0,0.53,27.0,0.54,21.0,0.47,27.0,0.46,21.0,0.48,15.0,0.49,10.0,0.01,0.01,2316.42336,1776207345000
1776207346.765,46.765,0.52,15.0,0.51,10.0,0.53,10.0,0.54,31.0,0.47,27.0,0.46,21.0,0.48,15.0,0.49,10.0,0.01,0.01,2316.42336,1776207345000
1776207346.975,46.975,0.52,15.0,0.51,10.0,0.53,10.0,0.54,31.0,0.47,10.0,0.46,31.0,0.48,15.0,0.49,10.0,0.01,0.01,2316.49889,1776207346000
1776207347.418,47.418,0.52,25.0,0.51,20.0,0.54,31.0,0.55,30.5,0.47,10.0,0.46,31.0,0.48,15.0,0.49,10.0,0.02,0.01,2316.49889,1776207346000
1776207347.658,47.658,0.52,24.51,0.51,20.0,0.53,15.0,0.54,31.0,0.47,13.0,0.46,31.0,0.48,30.0,0.49,20.0,0.01,0.01,2316.49889,1776207346000
1776207348.068,48.068,0.52,14.51,0.51,20.0,0.53,5.0,0.54,31.0,0.47,15.0,0.46,31.0,0.48,24.51,0.49,20.0,0.01,0.01,2316.49889,1776207346000
1776207349.069,49.069,0.52,19.51,0.51,20.0,0.53,5.0,0.54,41.0,0.47,5.0,0.46,31.0,0.48,14.51,0.49,20.0,0.01,0.01,2316.3576,1776207347000
1776207349.49,49.49,0.52,14.51,0.51,20.0,0.53,5.0,0.54,26.0,0.47,5.0,0.46,41.0,0.48,19.51,0.49,20.0,0.01,0.01,2316.3576,1776207347000
1776207350.191,50.191,0.52,14.51,0.51,20.0,0.53,5.0,0.54,26.0,0.47,5.0,0.46,26.0,0.48,14.51,0.49,20.0,0.01,0.01,2316.368144,1776207349000
1776207350.909,50.909,0.53,15.0,0.52,35.01,0.54,41.0,0.55,20.0,0.47,5.0,0.46,26.0,0.48,14.51,0.49,20.0,0.01,0.01,2316.368144,1776207349000
1776207351.239,51.239,0.53,17.87,0.52,35.01,0.54,41.0,0.55,20.0,0.46,41.0,0.45,20.0,0.47,17.87,0.48,35.01,0.01,0.01,2316.346482,1776207350000
1776207352.13,52.13,0.53,24.0,0.52,45.01,0.54,26.0,0.55,30.0,0.46,36.0,0.45,30.0,0.47,10.0,0.48,35.01,0.01,0.01,2316.346482,1776207350000
1776207353.226,53.226,0.53,24.0,0.52,45.01,0.54,26.0,0.55,30.0,0.46,26.0,0.45,30.0,0.47,24.0,0.48,45.01,0.01,0.01,2316.366285,1776207352000
1776207353.706,53.706,0.53,7.65,0.52,45.01,0.54,36.0,0.55,30.0,0.46,31.0,0.45,30.0,0.47,17.65,0.48,45.01,0.01,0.01,2316.366285,1776207352000
1776207353.907,53.907,0.52,42.08,0.51,25.5,0.54,36.0,0.55,30.0,0.46,36.0,0.45,30.0,0.47,7.65,0.48,45.01,0.02,0.01,2316.366285,1776207352000
1776207354.248,54.248,0.52,42.08,0.51,25.5,0.54,36.0,0.55,30.0,0.46,36.0,0.45,30.0,0.48,42.08,0.49,25.5,0.02,0.02,2316.377675,1776207353000
1776207354.905,54.905,0.44,75.5,0.43,30.0,0.45,69.15,0.46,37.95,0.54,5.95,0.51,17.0,0.55,38.0,0.56,50.0,0.01,0.01,2316.377675,1776207353000
1776207355.187,55.187,0.44,75.5,0.43,30.0,0.45,69.15,0.46,37.95,0.55,69.15,0.54,37.95,0.56,75.5,0.57,30.0,0.01,0.01,2316.378275,1776207354000
1776207355.402,55.402,0.44,75.5,0.43,20.0,0.45,88.92,0.46,37.95,0.55,69.15,0.54,37.95,0.56,75.5,0.57,30.0,0.01,0.01,2316.378275,1776207354000
1776207356.207,56.207,0.44,83.71,0.43,20.0,0.45,78.92,0.46,37.95,0.55,78.92,0.54,37.95,0.56,83.71,0.57,20.0,0.01,0.01,2316.282838,1776207355000
1776207356.542,56.542,0.45,30.8,0.44,246.71,0.47,10.0,0.53,70.0,0.55,78.92,0.54,37.95,0.56,83.71,0.57,20.0,0.02,0.01,2316.282838,1776207355000
1776207356.859,56.859,0.52,115.13,0.51,78.0,0.53,4.29,0.56,35.78,0.47,4.29,0.44,35.78,0.48,73.8,0.49,73.0,0.01,0.01,2316.282838,1776207355000
1776207357.184,57.184,0.56,12.85,0.55,30.0,0.57,5.0,0.58,50.0,0.43,5.0,0.42,50.0,0.44,12.85,0.45,30.0,0.01,0.01,2316.061784,1776207356000
1776207357.685,57.685,0.61,10.0,0.6,10.0,0.63,53.0,0.64,83.0,0.43,5.0,0.42,50.0,0.44,12.85,0.45,30.0,0.02,0.01,2316.061784,1776207356000
1776207357.899,57.899,0.62,78.42,0.61,15.0,0.63,53.0,0.64,75.0,0.37,53.0,0.36,83.0,0.39,10.0,0.4,10.0,0.01,0.02,2316.061784,1776207356000
1776207358.259,58.259,0.62,103.42,0.61,15.0,0.65,31.44,0.66,63.0,0.35,31.44,0.34,63.0,0.38,103.42,0.39,15.0,0.03,0.03,2316.060579,1776207357000
1776207358.565,58.565,0.63,123.1,0.62,54.42,0.64,100.0,0.65,100.0,0.35,31.44,0.34,63.0,0.38,103.42,0.39,15.0,0.01,0.03,2316.060579,1776207357000
1776207358.916,58.916,0.65,64.0,0.64,15.0,0.66,77.78,0.68,43.0,0.36,47.32,0.35,100.0,0.37,128.1,0.38,54.42,0.01,0.01,2316.060579,1776207357000
1776207359.222,59.222,0.65,64.0,0.64,15.0,0.66,77.78,0.68,43.0,0.34,77.78,0.32,43.0,0.35,64.0,0.36,15.0,0.01,0.01,2316.873281,1776207358000
1776207360.236,60.236,0.65,64.0,0.64,15.0,0.66,77.78,0.68,43.0,0.34,77.78,0.32,43.0,0.35,64.0,0.36,15.0,0.01,0.01,2317.051045,1776207359000
1776207361.325,61.325,0.65,63.14,0.64,20.0,0.66,123.28,0.67,116.24,0.34,123.28,0.33,116.24,0.35,63.14,0.36,20.0,0.01,0.01,2317.174565,1776207360000
1776207361.814,61.814,0.65,73.14,0.64,25.0,0.66,133.28,0.67,35.5,0.34,133.28,0.33,35.5,0.35,73.14,0.36,25.0,0.01,0.01,2317.185642,1776207361000
1776207362.999,62.999,0.65,114.29,0.64,25.0,0.66,113.28,0.67,35.5,0.34,113.28,0.33,35.5,0.35,114.29,0.36,25.0,0.01,0.01,2317.135345,1776207362000
1776207363.91,63.91,0.65,252.74,0.64,35.0,0.66,45.5,0.67,35.5,0.34,113.28,0.33,35.5,0.35,114.29,0.36,25.0,0.01,0.01,2317.135345,1776207362000
1776207364.276,64.276,0.65,247.74,0.64,25.0,0.66,34.93,0.67,45.5,0.34,34.93,0.33,45.5,0.35,247.74,0.36,25.0,0.01,0.01,2317.131135,1776207363000
1776207364.592,64.592,0.65,196.74,0.63,10.0,0.66,198.5,0.67,52.5,0.34,40.5,0.33,45.5,0.35,246.74,0.36,25.0,0.01,0.01,2317.131135,1776207363000
1776207364.976,64.976,0.65,79.59,0.63,10.0,0.66,222.5,0.67,82.5,0.34,203.5,0.33,52.5,0.35,39.16,0.37,10.0,0.01,0.01,2317.131135,1776207363000
1776207365.432,65.432,0.65,79.59,0.63,10.0,0.66,222.5,0.67,82.5,0.34,222.5,0.33,82.5,0.35,79.59,0.37,10.0,0.01,0.01,2317.13239,1776207364000
1776207365.919,65.919,0.65,79.59,0.63,10.0,0.66,217.5,0.67,158.11,0.34,217.5,0.33,158.11,0.35,79.59,0.37,10.0,0.01,0.01,2317.136045,1776207365000
1776207366.729,66.729,0.65,84.59,0.64,5.0,0.66,128.5,0.67,174.41,0.34,217.5,0.33,158.11,0.35,79.59,0.37,10.0,0.01,0.01,2317.136045,1776207365000
1776207367.232,67.232,0.65,84.59,0.64,5.0,0.66,128.5,0.67,174.41,0.34,128.5,0.33,174.41,0.35,84.59,0.36,5.0,0.01,0.01,2316.958259,1776207366000
1776207368.328,68.328,0.65,84.59,0.64,5.0,0.66,152.0,0.67,168.11,0.34,128.5,0.33,174.41,0.35,84.59,0.36,5.0,0.01,0.01,2316.958259,1776207366000
1776207368.952,68.952,0.65,84.59,0.64,5.0,0.66,152.0,0.67,168.11,0.34,152.0,0.33,168.11,0.35,84.59,0.36,5.0,0.01,0.01,2316.928561,1776207368000
1776207370.105,70.105,0.65,84.59,0.64,5.0,0.66,152.0,0.67,168.11,0.34,152.0,0.33,168.11,0.35,84.59,0.36,5.0,0.01,0.01,2316.926189,1776207369000
1776207370.314,70.314,0.65,94.69,0.64,5.0,0.66,124.0,0.67,87.5,0.34,152.0,0.33,168.11,0.35,84.59,0.36,5.0,0.01,0.01,2316.926189,1776207369000
1776207370.731,70.731,0.65,19.69,0.63,10.0,0.66,290.1,0.67,163.8,0.34,124.0,0.33,87.5,0.35,94.69,0.36,5.0,0.01,0.01,2316.926189,1776207369000
1776207371.167,71.167,0.6,75.0,0.59,10.0,0.66,290.1,0.67,163.8,0.34,290.1,0.33,163.8,0.4,75.0,0.41,10.0,0.06,0.06,2316.913244,1776207370000
1776207371.523,71.523,0.59,25.5,0.58,50.5,0.6,30.0,0.61,122.0,0.34,290.1,0.33,163.8,0.4,75.0,0.41,10.0,0.01,0.06,2316.913244,1776207370000
1776207371.884,71.884,0.59,35.5,0.58,60.5,0.6,19.83,0.61,132.0,0.4,30.0,0.39,122.0,0.41,25.5,0.42,50.5,0.01,0.01,2316.913244,1776207370000
1776207372.326,72.326,0.59,35.5,0.58,60.5,0.6,19.83,0.61,132.0,0.4,19.83,0.39,132.0,0.41,35.5,0.42,60.5,0.01,0.01,2316.9166,1776207371000
1776207372.891,72.891,0.59,35.5,0.58,60.5,0.6,19.83,0.61,132.0,0.4,19.83,0.39,132.0,0.41,35.5,0.42,60.5,0.01,0.01,2316.890305,1776207372000
1776207373.522,73.522,0.59,40.5,0.58,60.5,0.6,14.83,0.61,142.0,0.4,19.83,0.39,132.0,0.41,35.5,0.42,60.5,0.01,0.01,2316.890305,1776207372000
1776207373.968,73.968,0.59,40.5,0.58,60.5,0.6,14.83,0.61,142.0,0.4,14.83,0.39,142.0,0.41,40.5,0.42,60.5,0.01,0.01,2316.823128,1776207373000
1776207375.076,75.076,0.59,35.5,0.58,60.5,0.6,10.33,0.61,142.0,0.4,10.33,0.39,142.0,0.41,35.5,0.42,60.5,0.01,0.01,2316.79014,1776207374000
1776207375.474,75.474,0.55,60.0,0.54,25.0,0.57,29.0,0.58,79.0,0.4,10.33,0.39,142.0,0.41,35.5,0.42,60.5,0.02,0.01,2316.79014,1776207374000
1776207376.164,76.164,0.54,5.0,0.53,90.0,0.56,88.5,0.57,129.5,0.44,78.0,0.43,129.5,0.45,70.0,0.46,30.0,0.02,0.01,2316.79014,1776207374000
1776207377.29,77.29,0.53,139.5,0.52,136.27,0.55,9.81,0.56,90.0,0.45,10.0,0.44,88.5,0.47,90.0,0.48,121.27,0.02,0.02,2316.832385,1776207375000
1776207377.739,77.739,0.53,139.5,0.52,136.27,0.55,9.81,0.56,90.0,0.45,9.81,0.44,90.0,0.47,139.5,0.48,136.27,0.02,0.02,2316.57541,1776207376000
1776207378.7,78.7,0.53,139.5,0.52,136.27,0.55,9.81,0.56,90.0,0.45,9.81,0.44,90.0,0.47,139.5,0.48,136.27,0.02,0.02,2316.424791,1776207377000
1776207379.386,79.386,0.53,139.5,0.52,136.27,0.55,9.81,0.56,90.0,0.45,9.81,0.44,90.0,0.47,139.5,0.48,136.27,0.02,0.02,2316.51245,1776207378000
1776207380.016,80.016,0.54,42.5,0.53,135.5,0.55,14.81,0.56,110.0,0.45,9.81,0.44,90.0,0.47,139.5,0.48,136.27,0.01,0.02,2316.51245,1776207378000
1776207381.412,81.412,0.54,42.5,0.53,135.5,0.55,14.81,0.56,110.0,0.45,14.81,0.44,110.0,0.46,42.5,0.47,135.5,0.01,0.01,2316.48092,1776207380000
1776207381.964,81.964,0.54,42.5,0.53,135.5,0.55,14.81,0.56,110.0,0.45,14.81,0.44,110.0,0.46,42.5,0.47,135.5,0.01,0.01,2316.47417,1776207381000
1776207382.28,82.28,0.53,115.0,0.52,125.77,0.54,59.62,0.55,30.81,0.45,14.81,0.44,110.0,0.46,42.5,0.47,135.5,0.01,0.01,2316.47417,1776207381000
1776207383.248,83.248,0.52,63.29,0.51,80.0,0.54,101.5,0.55,42.81,0.46,59.62,0.45,30.81,0.47,115.0,0.48,125.77,0.02,0.01,2316.47417,1776207381000
1776207383.974,83.974,0.52,63.29,0.51,80.0,0.54,101.5,0.55,42.81,0.46,101.5,0.45,42.81,0.48,63.29,0.49,80.0,0.02,0.02,2316.452105,1776207383000
1776207384.331,84.331,0.52,63.29,0.51,92.0,0.53,25.33,0.54,42.5,0.46,101.5,0.45,42.81,0.48,63.29,0.49,80.0,0.01,0.02,2316.452105,1776207383000
1776207385.231,85.231,0.52,63.29,0.51,92.0,0.53,25.33,0.54,42.5,0.47,25.33,0.46,42.5,0.48,63.29,0.49,92.0,0.01,0.01,2316.351825,1776207384000
1776207386.444,86.444,0.52,63.29,0.51,92.0,0.53,25.33,0.54,42.5,0.47,25.33,0.46,42.5,0.48,63.29,0.49,92.0,0.01,0.01,2316.287508,1776207385000
1776207386.676,86.676,0.52,43.29,0.51,92.0,0.53,78.73,0.54,42.5,0.47,25.33,0.46,42.5,0.48,63.29,0.49,92.0,0.01,0.01,2316.287508,1776207385000
1776207387.085,87.085,0.52,43.29,0.51,92.0,0.53,78.73,0.54,42.5,0.47,78.73,0.46,42.5,0.48,43.29,0.49,92.0,0.01,0.01,2316.281353,1776207386000
1776207387.958,87.958,0.52,77.29,0.51,102.5,0.53,10.0,0.54,37.0,0.47,78.73,0.46,42.5,0.48,43.29,0.49,92.0,0.01,0.01,2316.281353,1776207386000
1776207388.33,88.33,0.52,77.29,0.51,102.5,0.53,10.0,0.54,37.0,0.47,10.0,0.46,37.0,0.48,77.29,0.49,102.5,0.01,0.01,2316.269513,1776207387000
1776207388.896,88.896,0.52,82.29,0.51,92.0,0.53,18.11,0.54,37.0,0.47,10.0,0.46,37.0,0.48,77.29,0.49,102.5,0.01,0.01,2316.269513,1776207387000
1776207389.44,89.44,0.52,82.29,0.51,92.0,0.53,31.11,0.54,27.0,0.47,18.11,0.46,37.0,0.48,82.29,0.49,92.0,0.01,0.01,2316.27132,1776207388000
1776207390.267,90.267,0.52,82.29,0.51,92.0,0.53,29.11,0.54,27.0,0.47,29.11,0.46,27.0,0.48,82.29,0.49,92.0,0.01,0.01,2316.288123,1776207389000
1776207390.761,90.761,0.51,5.22,0.48,40.0,0.53,166.61,0.54,32.5,0.47,29.11,0.46,27.0,0.48,82.29,0.49,92.0,0.02,0.01,2316.288123,1776207389000
1776207391.449,91.449,0.51,135.02,0.5,43.5,0.53,25.0,0.56,90.0,0.47,166.61,0.46,32.5,0.49,5.22,0.52,40.0,0.02,0.02,2316.288123,1776207389000
1776207392.175,92.175,0.51,135.02,0.5,43.5,0.53,25.0,0.56,90.0,0.47,25.0,0.44,90.0,0.49,135.02,0.5,43.5,0.02,0.02,2316.258778,1776207391000
1776207392.693,92.693,0.56,39.0,0.55,30.0,0.57,52.91,0.58,105.0,0.47,25.0,0.44,90.0,0.49,135.02,0.5,43.5,0.01,0.02,2316.258778,1776207391000
1776207393.286,93.286,0.56,31.28,0.55,30.0,0.57,54.12,0.58,105.0,0.43,44.12,0.42,105.0,0.44,33.56,0.45,30.0,0.01,0.01,2316.258778,1776207391000
1776207393.489,93.489,0.56,31.28,0.55,30.0,0.57,54.12,0.58,105.0,0.43,54.12,0.42,105.0,0.44,31.28,0.45,30.0,0.01,0.01,2316.284623,1776207392000
1776207393.797,93.797,0.56,31.28,0.55,40.5,0.57,33.17,0.58,105.0,0.43,35.0,0.42,105.0,0.44,26.28,0.45,40.5,0.01,0.01,2316.284623,1776207392000
1776207394.555,94.555,0.56,31.28,0.55,40.5,0.57,33.17,0.58,105.0,0.43,33.17,0.42,105.0,0.44,31.28,0.45,40.5,0.01,0.01,2316.40308,1776207393000
1776207395.103,95.103,0.56,31.28,0.55,40.5,0.57,33.17,0.58,105.0,0.43,33.17,0.42,105.0,0.44,31.28,0.45,40.5,0.01,0.01,2316.43657,1776207394000
1776207396.123,96.123,0.56,31.28,0.55,40.5,0.57,33.17,0.58,105.0,0.43,33.17,0.42,105.0,0.44,31.28,0.45,40.5,0.01,0.01,2316.441325,1776207395000
1776207397.199,97.199,0.56,31.28,0.55,40.5,0.57,33.17,0.58,105.0,0.43,33.17,0.42,105.0,0.44,31.28,0.45,40.5,0.01,0.01,2316.44693,1776207396000
1776207398.274,98.274,0.56,31.28,0.55,40.5,0.57,33.17,0.58,105.0,0.43,33.17,0.42,105.0,0.44,31.28,0.45,40.5,0.01,0.01,2316.416174,1776207397000
1776207399.381,99.381,0.56,31.28,0.55,40.5,0.57,33.17,0.58,105.0,0.43,33.17,0.42,105.0,0.44,31.28,0.45,40.5,0.01,0.01,2316.421895,1776207398000
1776207399.651,99.651,0.54,6.11,0.53,20.0,0.57,56.5,0.58,132.5,0.43,33.17,0.42,105.0,0.44,31.28,0.45,40.5,0.03,0.01,2316.421895,1776207398000
1776207399.975,99.975,0.54,6.11,0.53,20.0,0.57,56.5,0.58,132.5,0.43,56.5,0.42,132.5,0.46,6.11,0.47,20.0,0.03,0.03,2316.424897,1776207399000
1776207401.011,101.011,0.54,6.11,0.53,20.0,0.57,56.5,0.58,132.5,0.43,56.5,0.42,132.5,0.46,6.11,0.47,20.0,0.03,0.03,2316.43019,1776207400000
1776207401.628,101.628,0.54,49.5,0.53,40.5,0.55,9.63,0.56,21.0,0.43,56.5,0.42,132.5,0.46,6.11,0.47,20.0,0.01,0.03,2316.43019,1776207400000
1776207402.203,102.203,0.54,49.5,0.53,40.5,0.55,9.63,0.56,21.0,0.45,9.63,0.44,21.0,0.46,49.5,0.47,40.5,0.01,0.01,2316.390454,1776207401000
1776207402.649,102.649,0.54,84.5,0.53,50.5,0.56,15.0,0.57,20.0,0.45,9.63,0.44,21.0,0.46,49.5,0.47,40.5,0.02,0.01,2316.390454,1776207401000
1776207403.175,103.175,0.54,84.5,0.53,50.5,0.56,15.0,0.57,20.0,0.44,15.0,0.43,20.0,0.46,84.5,0.47,50.5,0.02,0.02,2316.377351,1776207402000
1776207404.215,104.215,0.54,84.5,0.53,50.5,0.56,15.0,0.57,20.0,0.44,15.0,0.43,20.0,0.46,84.5,0.47,50.5,0.02,0.02,2316.384244,1776207403000
1776207405.194,105.194,0.54,84.5,0.53,50.5,0.56,15.0,0.57,20.0,0.44,15.0,0.43,20.0,0.46,84.5,0.47,50.5,0.02,0.02,2316.44107,1776207404000
1776207406.243,106.243,0.54,84.5,0.53,50.5,0.56,15.0,0.57,20.0,0.44,15.0,0.43,20.0,0.46,84.5,0.47,50.5,0.02,0.02,2316.43022,1776207405000
1776207407.239,107.239,0.54,84.5,0.53,50.5,0.56,15.0,0.57,20.0,0.44,15.0,0.43,20.0,0.46,84.5,0.47,50.5,0.02,0.02,2316.41641,1776207406000
1776207408.149,108.149,0.54,38.32,0.53,40.5,0.55,51.0,0.56,26.0,0.44,15.0,0.43,20.0,0.46,84.5,0.47,50.5,0.01,0.02,2316.41641,1776207406000
1776207408.452,108.452,0.54,38.32,0.53,40.5,0.55,51.0,0.56,26.0,0.45,51.0,0.44,26.0,0.46,38.32,0.47,40.5,0.01,0.01,2316.42132,1776207407000
1776207409.325,109.325,0.54,38.32,0.53,40.5,0.55,51.0,0.56,26.0,0.45,51.0,0.44,26.0,0.46,38.32,0.47,40.5,0.01,0.01,2316.441845,1776207408000
1776207410.245,110.245,0.54,38.32,0.53,45.72,0.55,54.18,0.56,26.0,0.45,51.0,0.44,26.0,0.46,38.32,0.47,40.5,0.01,0.01,2316.441845,1776207408000
1776207411.181,111.181,0.54,38.32,0.53,45.72,0.55,54.18,0.56,26.0,0.45,54.18,0.44,26.0,0.46,38.32,0.47,45.72,0.01,0.01,2316.416733,1776207410000
1776207412.78,112.78,0.54,38.32,0.53,45.72,0.55,54.18,0.56,26.0,0.45,54.18,0.44,26.0,0.46,38.32,0.47,45.72,0.01,0.01,2316.40685,1776207411000
1776207413.624,113.624,0.54,38.32,0.53,45.72,0.55,54.18,0.56,26.0,0.45,54.18,0.44,26.0,0.46,38.32,0.47,45.72,0.01,0.01,2316.411475,1776207412000
1776207414.392,114.392,0.54,38.32,0.53,45.72,0.55,54.18,0.56,26.0,0.45,54.18,0.44,26.0,0.46,38.32,0.47,45.72,0.01,0.01,2316.41147,1776207413000
1776207414.641,114.641,0.54,48.32,0.53,45.72,0.55,29.18,0.56,26.0,0.45,54.18,0.44,26.0,0.46,38.32,0.47,45.72,0.01,0.01,2316.41147,1776207413000
1776207414.942,114.942,0.54,51.14,0.53,45.72,0.55,29.18,0.56,26.0,0.45,29.18,0.44,26.0,0.46,48.32,0.47,45.72,0.01,0.01,2316.41147,1776207413000
1776207415.403,115.403,0.54,51.14,0.53,45.72,0.55,23.18,0.56,26.0,0.45,29.18,0.44,26.0,0.46,51.14,0.47,45.72,0.01,0.01,2316.41717,1776207414000
1776207416.596,116.596,0.54,51.14,0.53,45.72,0.55,23.18,0.56,26.0,0.45,23.18,0.44,26.0,0.46,51.14,0.47,45.72,0.01,0.01,2316.427125,1776207415000
1776207417.348,117.348,0.54,51.14,0.53,45.72,0.55,23.18,0.56,26.0,0.45,23.18,0.44,26.0,0.46,51.14,0.47,45.72,0.01,0.01,2316.420865,1776207416000
1776207417.825,117.825,0.53,15.22,0.52,15.77,0.55,197.5,0.56,103.0,0.45,23.18,0.44,26.0,0.46,51.14,0.47,45.72,0.02,0.01,2316.420865,1776207416000
1776207418.189,118.189,0.48,35.0,0.47,20.0,0.53,47.0,0.54,57.0,0.47,47.0,0.46,57.0,0.52,35.0,0.53,20.0,0.05,0.05,2316.420865,1776207417000
1776207419.17,119.17,0.43,160.0,0.42,71.66,0.45,181.0,0.46,157.39,0.47,47.0,0.46,57.0,0.52,35.0,0.53,20.0,0.02,0.05,2316.420865,1776207417000
1776207419.71,119.71,0.4,105.0,0.38,100.0,0.41,46.81,0.43,139.0,0.59,46.81,0.57,139.0,0.6,105.0,0.62,100.0,0.01,0.01,2316.418315,1776207418000
1776207420.312,120.312,0.37,22.85,0.36,85.0,0.38,6.0,0.39,6.0,0.59,293.81,0.58,16.0,0.63,150.0,0.64,75.0,0.01,0.04,2316.418315,1776207418000
1776207420.544,120.544,0.43,10.0,0.42,10.0,0.45,14.9,0.46,80.0,0.59,13.23,0.55,5.0,0.6,40.0,0.61,10.0,0.02,0.01,2315.933205,1776207419000
1776207420.753,120.753,0.45,4.54,0.44,20.0,0.46,10.0,0.47,35.0,0.54,70.0,0.53,35.0,0.55,6.21,0.56,10.0,0.01,0.01,2315.933205,1776207419000
1776207421.081,121.081,0.48,10.0,0.47,10.0,0.52,3.84,0.53,80.0,0.51,15.0,0.5,10.0,0.55,9.54,0.56,20.0,0.04,0.04,2315.933205,1776207419000
1776207421.38,121.38,0.47,1.13,0.46,10.0,0.51,25.0,0.52,8.84,0.49,10.0,0.48,3.84,0.5,8.0,0.51,10.0,0.04,0.01,2315.536331,1776207420000
1776207421.735,121.735,0.47,6.13,0.46,10.0,0.49,15.2,0.5,15.0,0.49,25.0,0.48,8.84,0.53,1.13,0.54,10.0,0.02,0.04,2315.536331,1776207420000
1776207422.065,122.065,0.47,0.13,0.46,10.0,0.49,15.0,0.5,4.89,0.5,4.89,0.49,20.0,0.52,5.0,0.53,11.13,0.02,0.02,2315.536331,1776207420000
1776207422.34,122.34,0.48,9.0,0.47,20.13,0.49,25.0,0.5,9.89,0.51,15.0,0.5,4.89,0.53,0.13,0.54,10.0,0.01,0.02,2315.536331,1776207420000
1776207422.545,122.545,0.47,25.13,0.46,20.0,0.49,2.6,0.5,4.89,0.51,12.6,0.5,4.89,0.53,25.13,0.54,20.0,0.02,0.02,2315.536331,1776207420000
1776207422.777,122.777,0.49,23.68,0.48,20.5,0.5,15.0,0.51,30.0,0.48,12.33,0.47,111.0,0.52,10.0,0.53,20.13,0.01,0.04,2315.536331,1776207420000
1776207423.576,123.576,0.49,23.68,0.48,20.5,0.5,15.0,0.51,30.0,0.5,15.0,0.49,30.0,0.51,23.68,0.52,20.5,0.01,0.01,2316.094002,1776207422000
1776207424.391,124.391,0.49,23.68,0.48,20.5,0.5,15.0,0.51,30.0,0.5,15.0,0.49,30.0,0.51,23.68,0.52,20.5,0.01,0.01,2316.192595,1776207423000
1776207424.854,124.854,0.49,38.55,0.48,25.5,0.5,18.65,0.51,40.0,0.5,18.65,0.49,40.0,0.51,35.52,0.52,25.5,0.01,0.01,2316.192595,1776207423000
1776207425.184,125.184,0.49,38.55,0.48,25.5,0.5,18.65,0.51,40.0,0.5,18.65,0.49,40.0,0.51,38.55,0.52,25.5,0.01,0.01,2316.202215,1776207424000
1776207425.888,125.888,0.49,184.54,0.48,31.2,0.52,5.0,0.53,55.0,0.5,18.65,0.49,40.0,0.51,38.55,0.52,25.5,0.03,0.01,2316.202215,1776207424000
1776207426.093,126.093,0.52,61.5,0.51,42.0,0.54,5.0,0.58,140.0,0.47,55.0,0.46,5.0,0.48,5.0,0.51,197.54,0.02,0.01,2316.202215,1776207424000
1776207426.581,126.581,0.53,48.37,0.52,46.5,0.54,20.0,0.55,5.0,0.46,5.0,0.42,140.0,0.48,61.5,0.49,42.0,0.01,0.02,2316.202215,1776207424000
1776207427.205,127.205,0.53,53.37,0.52,107.5,0.55,3.63,0.57,10.0,0.46,20.0,0.45,5.0,0.47,48.37,0.48,46.5,0.02,0.01,2316.210702,1776207425000
1776207427.443,127.443,0.53,53.37,0.52,107.5,0.55,3.63,0.57,10.0,0.45,3.63,0.43,10.0,0.47,53.37,0.48,107.5,0.02,0.02,2316.22772,1776207426000
1776207427.707,127.707,0.54,57.5,0.53,28.37,0.55,8.14,0.57,15.0,0.45,3.63,0.43,10.0,0.47,53.37,0.48,107.5,0.01,0.02,2316.22772,1776207426000
1776207428.487,128.487,0.54,57.5,0.53,28.37,0.55,8.14,0.57,15.0,0.45,8.14,0.43,15.0,0.46,57.5,0.47,28.37,0.01,0.01,2316.41542,1776207427000
1776207428.984,128.984,0.56,5.0,0.55,25.5,0.57,13.24,0.58,145.0,0.45,8.14,0.43,15.0,0.46,57.5,0.47,28.37,0.01,0.01,2316.41542,1776207427000
1776207429.202,129.202,0.56,25.0,0.55,25.5,0.57,21.48,0.58,140.0,0.43,13.24,0.42,145.0,0.44,5.0,0.45,25.5,0.01,0.01,2316.426075,1776207428000
1776207429.739,129.739,0.56,20.0,0.55,25.5,0.57,14.62,0.58,140.0,0.43,21.48,0.42,140.0,0.44,25.0,0.45,25.5,0.01,0.01,2316.426075,1776207428000
1776207429.956,129.956,0.56,20.0,0.55,25.5,0.57,14.62,0.58,140.0,0.43,14.62,0.42,140.0,0.44,20.0,0.45,25.5,0.01,0.01,2316.502595,1776207429000
1776207430.935,130.935,0.56,20.0,0.55,25.5,0.57,14.62,0.58,140.0,0.43,14.62,0.42,140.0,0.44,20.0,0.45,25.5,0.01,0.01,2316.451186,1776207430000
1776207431.241,131.241,0.61,166.04,0.6,74.5,0.63,110.0,0.64,60.0,0.38,30.0,0.37,110.0,0.39,151.04,0.4,74.5,0.02,0.01,2316.451186,1776207430000
1776207431.893,131.893,0.61,166.04,0.6,74.5,0.63,110.0,0.64,60.0,0.37,110.0,0.36,60.0,0.39,166.04,0.4,74.5,0.02,0.02,2316.458193,1776207431000
1776207432.833,132.833,0.61,166.04,0.6,74.5,0.63,110.0,0.64,60.0,0.37,110.0,0.36,60.0,0.39,166.04,0.4,74.5,0.02,0.02,2316.949599,1776207432000
1776207434.267,134.267,0.61,166.04,0.6,74.5,0.63,110.0,0.64,60.0,0.37,110.0,0.36,60.0,0.39,166.04,0.4,74.5,0.02,0.02,2317.08092,1776207433000
1776207435.177,135.177,0.61,166.04,0.6,74.5,0.63,110.0,0.64,60.0,0.37,110.0,0.36,60.0,0.39,166.04,0.4,74.5,0.02,0.02,2317.104999,1776207434000
1776207435.724,135.724,0.77,101.66,0.76,32.0,0.78,75.0,0.79,30.0,0.37,110.0,0.36,60.0,0.39,166.04,0.4,74.5,0.01,0.02,2317.104999,1776207434000
1776207436.194,136.194,0.77,88.18,0.76,32.0,0.78,42.38,0.79,30.0,0.22,42.38,0.21,30.0,0.23,88.18,0.24,32.0,0.01,0.01,2317.09568,1776207435000
1776207436.407,136.407,0.77,55.26,0.76,21.0,0.79,0.62,0.8,75.0,0.21,0.62,0.2,75.0,0.22,10.0,0.23,86.18,0.02,0.01,2317.09568,1776207435000
1776207436.725,136.725,0.79,67.0,0.78,154.5,0.82,50.0,0.88,5.0,0.2,0.54,0.18,50.0,0.22,213.3,0.23,219.96,0.03,0.02,2317.09568,1776207435000
1776207437.071,137.071,0.87,10.0,0.86,10.0,0.88,27.9,0.89,70.0,0.12,27.9,0.11,70.0,0.13,10.0,0.14,10.0,0.01,0.01,2317.810691,1776207436000
1776207437.356,137.356,0.81,10.0,0.8,22.0,0.82,20.0,0.83,40.0,0.16,146.49,0.15,27.0,0.19,12.36,0.2,27.0,0.01,0.03,2317.810691,1776207436000
1776207437.558,137.558,0.8,6.21,0.79,16.0,0.82,50.0,0.83,35.5,0.18,65.0,0.16,55.24,0.2,15.55,0.21,16.0,0.02,0.02,2317.810691,1776207436000
1776207437.802,137.802,0.81,10.0,0.8,10.0,0.82,109.8,0.83,21.5,0.18,126.0,0.17,36.5,0.22,15.3,0.23,10.0,0.01,0.04,2317.810691,1776207436000
1776207438.01,138.01,0.81,1.54,0.8,10.0,0.82,122.8,0.83,51.5,0.18,109.8,0.17,21.5,0.19,1.54,0.2,10.0,0.01,0.01,2317.810691,1776207436000
1776207438.545,138.545,0.74,10.77,0.73,20.5,0.76,59.83,0.77,59.5,0.19,78.96,0.18,97.8,0.21,8.0,0.22,25.8,0.02,0.02,2317.955872,1776207437000
1776207439.055,139.055,0.75,80.0,0.74,21.35,0.76,8.0,0.77,114.91,0.24,14.0,0.23,14.0,0.25,12.8,0.26,7.66,0.01,0.01,2317.955872,1776207437000
1776207439.746,139.746,0.75,63.56,0.74,46.35,0.76,8.0,0.77,14.0,0.24,8.0,0.23,114.91,0.25,80.0,0.26,21.35,0.01,0.01,2318.13426,1776207438000
1776207439.969,139.969,0.75,74.0,0.74,31.35,0.76,6.68,0.77,24.5,0.24,8.0,0.23,14.0,0.25,63.56,0.26,46.35,0.01,0.01,2318.13426,1776207438000
1776207440.827,140.827,0.77,113.5,0.76,52.5,0.78,18.68,0.79,50.0,0.24,6.68,0.23,24.5,0.25,74.0,0.26,31.35,0.01,0.01,2317.926714,1776207439000
1776207441.17,141.17,0.77,113.5,0.76,52.5,0.78,18.68,0.79,50.0,0.22,18.68,0.21,50.0,0.23,113.5,0.24,52.5,0.01,0.01,2317.82454,1776207440000
1776207442.349,142.349,0.78,5.0,0.77,19.3,0.79,10.0,0.81,290.27,0.22,18.68,0.21,50.0,0.23,113.5,0.24,52.5,0.01,0.01,2317.82454,1776207440000
1776207442.716,142.716,0.77,10.0,0.76,20.3,0.78,90.3,0.79,55.5,0.21,10.0,0.2,10.5,0.23,36.97,0.24,15.0,0.01,0.02,2317.783711,1776207441000
1776207442.959,142.959,0.76,2.3,0.75,51.7,0.77,80.5,0.78,60.3,0.22,90.3,0.21,70.5,0.24,20.3,0.25,51.7,0.01,0.02,2317.783711,1776207441000
1776207443.659,143.659,0.73,10.0,0.71,50.0,0.74,14.23,0.76,77.5,0.23,80.5,0.22,60.3,0.24,2.3,0.25,51.7,0.01,0.01,2317.88307,1776207442000
1776207444.018,144.018,0.73,15.0,0.72,10.0,0.74,5.64,0.75,53.86,0.26,14.23,0.24,77.5,0.27,10.0,0.29,50.0,0.01,0.01,2317.88307,1776207442000
1776207445.328,145.328,0.73,15.0,0.72,10.0,0.74,5.64,0.75,53.86,0.26,5.64,0.25,53.86,0.27,15.0,0.28,10.0,0.01,0.01,2317.814149,1776207444000
1776207445.685,145.685,0.77,46.5,0.76,25.5,0.78,9.9,0.79,25.0,0.26,5.64,0.25,53.86,0.27,15.0,0.28,10.0,0.01,0.01,2317.814149,1776207444000
1776207446.033,146.033,0.78,5.1,0.77,124.5,0.79,25.0,0.8,10.5,0.22,9.9,0.21,25.0,0.23,46.5,0.24,25.5,0.01,0.01,2317.814149,1776207444000
1776207446.382,146.382,0.79,52.0,0.78,35.6,0.8,20.67,0.81,98.46,0.21,25.0,0.2,10.5,0.22,5.1,0.23,124.5,0.01,0.01,2317.814149,1776207444000
1776207446.712,146.712,0.79,52.0,0.78,35.6,0.8,20.67,0.81,98.46,0.2,20.67,0.19,98.46,0.21,52.0,0.22,35.6,0.01,0.01,2317.61366,1776207445000
1776207447.271,147.271,0.79,52.0,0.78,35.6,0.8,20.67,0.81,98.46,0.2,20.67,0.19,98.46,0.21,52.0,0.22,35.6,0.01,0.01,2317.61987,1776207446000
1776207448.073,148.073,0.79,52.0,0.78,35.6,0.8,20.67,0.81,98.46,0.2,20.67,0.19,98.46,0.21,52.0,0.22,35.6,0.01,0.01,2317.794657,1776207447000
1776207448.871,148.871,0.8,76.0,0.79,81.2,0.81,114.27,0.82,90.5,0.2,20.67,0.19,98.46,0.21,52.0,0.22,35.6,0.01,0.01,2317.794657,1776207447000
1776207449.348,149.348,0.8,76.0,0.79,81.2,0.81,114.27,0.82,90.5,0.19,114.27,0.18,90.5,0.2,76.0,0.21,81.2,0.01,0.01,2317.85459,1776207448000
1776207449.632,149.632,0.77,10.0,0.75,10.0,0.78,14.26,0.79,20.5,0.2,70.57,0.19,146.27,0.21,5.7,0.22,38.1,0.01,0.01,2317.85459,1776207448000
1776207450.105,150.105,0.77,10.0,0.75,10.0,0.78,14.26,0.79,20.5,0.22,14.26,0.21,20.5,0.23,10.0,0.25,10.0,0.01,0.01,2317.89837,1776207449000
1776207450.42,150.42,0.74,10.0,0.73,55.0,0.75,96.16,0.76,86.5,0.22,14.26,0.21,20.5,0.23,10.0,0.25,10.0,0.01,0.01,2317.89837,1776207449000
1776207451.054,151.054,0.73,35.0,0.72,55.5,0.74,55.64,0.75,71.16,0.25,96.16,0.24,86.5,0.26,10.0,0.27,55.0,0.01,0.01,2317.89837,1776207449000
1776207451.403,151.403,0.73,35.0,0.72,55.5,0.74,55.64,0.75,71.16,0.26,55.64,0.25,71.16,0.27,35.0,0.28,55.5,0.01,0.01,2317.910455,1776207450000
1776207452.078,152.078,0.73,35.0,0.72,55.5,0.74,55.64,0.75,71.16,0.26,55.64,0.25,71.16,0.27,35.0,0.28,55.5,0.01,0.01,2317.701141,1776207451000
1776207453.011,153.011,0.71,26.0,0.7,100.0,0.72,41.72,0.73,50.5,0.26,55.64,0.25,71.16,0.27,35.0,0.28,55.5,0.01,0.01,2317.701141,1776207451000
1776207453.373,153.373,0.71,9.0,0.7,120.0,0.72,65.72,0.73,70.5,0.28,41.72,0.27,50.5,0.29,26.0,0.3,100.0,0.01,0.01,2317.701141,1776207451000
1776207454.044,154.044,0.71,9.0,0.7,120.0,0.72,65.72,0.73,70.5,0.28,65.72,0.27,70.5,0.29,9.0,0.3,120.0,0.01,0.01,2317.684535,1776207453000
1776207454.796,154.796,0.71,5.0,0.7,130.0,0.72,50.58,0.73,75.5,0.28,65.72,0.27,70.5,0.29,9.0,0.3,120.0,0.01,0.01,2317.684535,1776207453000
1776207455.13,155.13,0.71,5.0,0.7,130.0,0.72,50.58,0.73,75.5,0.28,50.58,0.27,75.5,0.29,5.0,0.3,130.0,0.01,0.01,2317.559515,1776207454000
1776207455.541,155.541,0.69,159.0,0.68,19.0,0.7,80.01,0.71,52.5,0.3,23.01,0.29,57.5,0.31,149.0,0.32,5.0,0.01,0.01,2317.559515,1776207454000
1776207456.466,156.466,0.69,159.0,0.68,19.0,0.7,80.01,0.71,52.5,0.3,80.01,0.29,52.5,0.31,159.0,0.32,19.0,0.01,0.01,2317.360395,1776207455000
1776207457.088,157.088,0.69,51.9,0.68,10.0,0.7,242.01,0.71,122.5,0.3,80.01,0.29,52.5,0.31,159.0,0.32,19.0,0.01,0.01,2317.360395,1776207455000
1776207457.395,157.395,0.69,10.9,0.68,10.0,0.7,237.01,0.71,107.5,0.3,242.01,0.29,122.5,0.31,51.9,0.32,10.0,0.01,0.01,2317.360395,1776207456000
1776207457.653,157.653,0.64,60.0,0.63,175.0,0.66,43.2,0.67,15.15,0.34,48.51,0.3,157.5,0.35,25.0,0.36,60.0,0.02,0.01,2317.360395,1776207456000
1776207458.125,158.125,0.64,40.0,0.63,175.0,0.66,22.65,0.67,5.0,0.34,22.65,0.33,5.0,0.36,40.0,0.37,175.0,0.02,0.02,2317.273423,1776207457000
1776207458.4,158.4,0.65,28.35,0.64,75.5,0.68,25.5,0.69,24.54,0.32,30.5,0.31,24.54,0.33,8.85,0.34,5.0,0.03,0.01,2317.273423,1776207457000
1776207458.93,158.93,0.65,16.37,0.63,175.0,0.66,397.0,0.67,57.0,0.32,25.5,0.31,24.54,0.35,28.35,0.36,75.5,0.01,0.03,2317.273423,1776207457000
1776207459.191,159.191,0.63,175.0,0.62,75.0,0.66,397.0,0.67,57.0,0.34,397.0,0.33,57.0,0.37,175.0,0.38,75.0,0.03,0.03,2316.876993,1776207458000
1776207459.802,159.802,0.52,89.4,0.51,39.4,0.54,46.0,0.55,16.0,0.4,7.5,0.37,259.0,0.41,150.0,0.42,50.0,0.02,0.01,2316.876993,1776207458000
1776207460.155,160.155,0.52,89.4,0.51,39.4,0.54,46.0,0.55,16.0,0.46,46.0,0.45,16.0,0.48,89.4,0.49,39.4,0.02,0.02,2316.958125,1776207459000
1776207460.485,160.485,0.47,135.0,0.46,55.0,0.48,5.0,0.49,10.0,0.46,46.0,0.45,16.0,0.48,89.4,0.49,39.4,0.01,0.02,2316.958125,1776207459000
1776207460.817,160.817,0.47,145.5,0.46,50.0,0.48,4.89,0.49,10.0,0.5,10.0,0.49,15.0,0.53,140.5,0.54,50.0,0.01,0.03,2316.958125,1776207459000
1776207461.02,161.02,0.5,144.56,0.49,90.0,0.51,10.0,0.52,10.0,0.49,10.0,0.47,10.0,0.5,84.88,0.51,90.0,0.01,0.01,2316.958125,1776207459000
1776207461.223,161.223,0.51,10.0,0.5,164.56,0.53,15.67,0.54,10.0,0.48,5.67,0.47,10.0,0.5,169.56,0.51,90.0,0.02,0.02,2316.45959,1776207460000
1776207461.484,161.484,0.51,50.0,0.5,109.56,0.52,5.0,0.53,20.67,0.47,15.67,0.46,10.0,0.49,10.0,0.5,164.56,0.01,0.02,2316.45959,1776207460000
1776207462.831,162.831,0.51,116.5,0.5,136.06,0.52,2.75,0.53,15.67,0.48,5.0,0.47,20.67,0.49,50.0,0.5,109.56,0.01,0.01,2316.45959,1776207460000
1776207463.486,163.486,0.52,10.0,0.51,222.5,0.54,6.0,0.55,6.0,0.48,2.75,0.47,15.67,0.49,116.5,0.5,136.06,0.02,0.01,2316.45959,1776207460000
1776207463.688,163.688,0.59,10.0,0.58,10.0,0.61,5.0,0.62,10.0,0.4,6.0,0.39,10.0,0.42,8.62,0.43,8.77,0.02,0.02,2316.45959,1776207460000
1776207466.642,166.642,0.6,73.59,0.59,15.5,0.63,21.0,0.64,27.11,0.39,5.0,0.38,10.0,0.41,5.0,0.42,10.0,0.03,0.02,2316.45959,1776207460000
1776207467.005,167.005,0.6,78.59,0.59,5.0,0.61,2.19,0.62,27.5,0.37,21.0,0.36,27.11,0.4,73.59,0.41,15.5,0.01,0.03,2316.45959,1776207460000
1776207467.222,167.222,0.59,10.0,0.58,82.53,0.6,12.95,0.61,27.19,0.39,2.19,0.38,32.5,0.4,53.59,0.41,5.0,0.01,0.01,2316.45959,1776207460000
1776207467.441,167.441,0.58,97.53,0.57,5.0,0.59,26.76,0.6,27.95,0.4,31.95,0.39,27.19,0.42,82.53,0.43,10.0,0.01,0.02,2316.45959,1776207460000
1776207467.954,167.954,0.58,107.53,0.57,5.0,0.59,55.19,0.6,52.0,0.41,32.06,0.4,54.95,0.42,97.53,0.43,5.0,0.01,0.01,2316.45959,1776207460000
1776207468.309,168.309,0.58,112.53,0.57,5.0,0.59,36.27,0.6,52.0,0.41,43.14,0.4,52.0,0.42,112.53,0.43,5.0,0.01,0.01,2316.45959,1776207460000
1776207468.792,168.792,0.58,117.53,0.57,5.0,0.59,27.2,0.6,52.0,0.41,29.31,0.4,52.0,0.42,112.53,0.43,5.0,0.01,0.01,2316.45959,1776207460000
1776207469.068,169.068,0.58,117.53,0.57,5.0,0.59,18.39,0.6,52.0,0.41,20.09,0.4,52.0,0.42,117.53,0.43,5.0,0.01,0.01,2316.45959,1776207460000
1776207470.197,170.197,0.58,117.53,0.57,5.0,0.59,7.27,0.6,52.0,0.41,7.27,0.4,52.0,0.42,117.53,0.43,5.0,0.01,0.01,2316.668343,1776207469000
1776207471.12,171.12,0.58,45.5,0.57,25.0,0.59,2.27,0.6,52.0,0.41,7.27,0.4,52.0,0.42,117.53,0.43,5.0,0.01,0.01,2316.668343,1776207469000
1776207471.537,171.537,0.58,45.5,0.57,35.0,0.59,10.57,0.6,52.0,0.41,10.57,0.4,52.0,0.42,45.5,0.43,35.0,0.01,0.01,2316.661919,1776207470000
1776207472.298,172.298,0.58,45.5,0.57,35.0,0.59,10.57,0.6,52.0,0.41,10.57,0.4,52.0,0.42,45.5,0.43,35.0,0.01,0.01,2316.659552,1776207471000
1776207472.7,172.7,0.58,53.8,0.57,106.49,0.59,25.57,0.6,57.0,0.41,10.57,0.4,52.0,0.42,45.5,0.43,35.0,0.01,0.01,2316.659552,1776207471000
1776207473.574,173.574,0.58,53.8,0.57,106.49,0.59,25.57,0.6,57.0,0.41,25.57,0.4,57.0,0.42,53.8,0.43,106.49,0.01,0.01,2316.696035,1776207472000
1776207474.026,174.026,0.58,63.8,0.57,35.0,0.59,13.57,0.6,52.0,0.41,25.57,0.4,57.0,0.42,53.8,0.43,106.49,0.01,0.01,2316.696035,1776207472000
1776207474.291,174.291,0.58,78.8,0.57,35.0,0.59,3.57,0.6,57.0,0.41,13.57,0.4,52.0,0.42,63.8,0.43,35.0,0.01,0.01,2316.696035,1776207473000
1776207475.438,175.438,0.58,78.8,0.57,35.0,0.59,3.57,0.6,57.0,0.41,3.57,0.4,57.0,0.42,78.8,0.43,35.0,0.01,0.01,2316.70423,1776207474000
1776207475.97,175.97,0.58,78.8,0.57,35.0,0.59,3.57,0.6,57.0,0.41,3.57,0.4,57.0,0.42,78.8,0.43,35.0,0.01,0.01,2316.70423,1776207475000
1776207477.206,177.206,0.58,78.8,0.57,35.0,0.59,3.57,0.6,57.0,0.41,3.57,0.4,57.0,0.42,78.8,0.43,35.0,0.01,0.01,2316.71126,1776207476000
1776207478.318,178.318,0.58,78.8,0.57,35.0,0.59,3.57,0.6,57.0,0.41,3.57,0.4,57.0,0.42,78.8,0.43,35.0,0.01,0.01,2316.70159,1776207477000
1776207478.935,178.935,0.58,73.8,0.57,15.0,0.59,5.0,0.6,57.0,0.41,5.0,0.4,57.0,0.42,73.8,0.43,15.0,0.01,0.01,2316.70181,1776207478000
1776207480.042,180.042,0.58,73.8,0.57,15.0,0.59,5.0,0.6,57.0,0.41,5.0,0.4,57.0,0.42,73.8,0.43,15.0,0.01,0.01,2316.702105,1776207479000
1776207481.193,181.193,0.58,73.8,0.57,15.0,0.59,5.0,0.6,57.0,0.41,5.0,0.4,57.0,0.42,73.8,0.43,15.0,0.01,0.01,2316.69158,1776207480000
1776207482.312,182.312,0.58,73.8,0.57,15.0,0.59,5.0,0.6,57.0,0.41,5.0,0.4,57.0,0.42,73.8,0.43,15.0,0.01,0.01,2316.696322,1776207481000
1776207482.73,182.73,0.59,9.0,0.58,28.8,0.61,65.81,0.62,55.0,0.41,5.0,0.4,57.0,0.42,73.8,0.43,15.0,0.02,0.01,2316.696322,1776207481000
1776207483.888,183.888,0.6,20.0,0.59,14.0,0.61,12.36,0.62,65.5,0.39,64.17,0.38,55.0,0.41,9.0,0.42,28.8,0.01,0.02,2316.796185,1776207482000
1776207484.103,184.103,0.6,15.0,0.59,14.0,0.61,7.36,0.62,55.5,0.39,7.36,0.38,55.5,0.4,15.0,0.41,14.0,0.01,0.01,2316.708095,1776207483000
1776207484.509,184.509,0.6,4.0,0.59,14.0,0.61,2.36,0.62,55.5,0.39,7.36,0.38,55.5,0.4,15.0,0.41,14.0,0.01,0.01,2316.708095,1776207483000
1776207484.914,184.914,0.59,23.5,0.58,28.8,0.62,74.5,0.63,20.5,0.39,2.36,0.38,55.5,0.4,9.0,0.41,29.5,0.03,0.01,2316.708095,1776207483000
1776207485.2,185.2,0.6,15.0,0.59,23.5,0.61,19.19,0.62,35.5,0.39,19.19,0.38,35.5,0.4,15.0,0.41,23.5,0.01,0.01,2316.69461,1776207484000
1776207485.472,185.472,0.6,177.75,0.59,23.5,0.61,5.0,0.64,25.0,0.39,19.19,0.38,35.5,0.4,15.0,0.41,23.5,0.01,0.01,2316.69461,1776207484000
1776207486.257,186.257,0.65,34.0,0.64,32.0,0.66,17.96,0.67,60.0,0.36,25.0,0.34,85.0,0.39,45.0,0.4,177.75,0.01,0.03,2316.69461,1776207484000
1776207486.472,186.472,0.65,39.0,0.64,32.0,0.66,11.44,0.67,60.0,0.34,17.96,0.33,60.0,0.35,34.0,0.36,32.0,0.01,0.01,2316.69461,1776207484000
1776207486.854,186.854,0.65,39.0,0.64,32.0,0.66,11.44,0.67,60.0,0.34,11.44,0.33,60.0,0.35,39.0,0.36,32.0,0.01,0.01,2316.682515,1776207485000
1776207487.259,187.259,0.65,49.5,0.64,59.93,0.66,10.44,0.67,60.0,0.34,11.44,0.33,60.0,0.35,39.0,0.36,32.0,0.01,0.01,2316.682515,1776207485000
1776207487.885,187.885,0.65,49.5,0.64,59.93,0.66,10.44,0.67,60.0,0.34,10.44,0.33,60.0,0.35,49.5,0.36,59.93,0.01,0.01,2317.004746,1776207487000
1776207488.855,188.855,0.65,49.5,0.64,59.93,0.66,10.44,0.67,60.0,0.34,10.44,0.33,60.0,0.35,49.5,0.36,59.93,0.01,0.01,2317.001195,1776207488000
1776207489.871,189.871,0.65,94.5,0.64,35.0,0.66,3.48,0.67,5.0,0.34,10.44,0.33,60.0,0.35,49.5,0.36,59.93,0.01,0.01,2317.001195,1776207488000
1776207490.275,190.275,0.66,54.0,0.65,80.5,0.69,81.8,0.7,15.0,0.33,5.0,0.32,15.0,0.35,89.5,0.36,35.0,0.03,0.02,2317.00294,1776207489000
1776207490.595,190.595,0.68,70.0,0.67,35.0,0.71,80.0,0.72,60.0,0.31,81.8,0.3,15.0,0.34,54.0,0.35,80.5,0.03,0.03,2317.00294,1776207489000
1776207490.849,190.849,0.68,70.0,0.67,35.0,0.71,80.0,0.72,60.0,0.29,80.0,0.28,60.0,0.32,70.0,0.33,35.0,0.03,0.03,2317.00794,1776207490000
1776207491.076,191.076,0.7,29.0,0.69,20.0,0.71,33.54,0.72,60.0,0.29,80.0,0.28,60.0,0.32,70.0,0.33,35.0,0.01,0.03,2317.00794,1776207490000
1776207491.868,191.868,0.7,34.0,0.69,20.0,0.72,60.0,0.73,153.3,0.28,60.0,0.27,153.3,0.3,34.0,0.31,20.0,0.02,0.02,2317.01946,1776207491000
1776207492.912,192.912,0.7,34.0,0.69,20.0,0.72,60.0,0.73,153.3,0.28,60.0,0.27,153.3,0.3,34.0,0.31,20.0,0.02,0.02,2317.283786,1776207492000
1776207493.863,193.863,0.7,34.0,0.69,20.0,0.72,60.0,0.73,153.3,0.28,60.0,0.27,153.3,0.3,34.0,0.31,20.0,0.02,0.02,2317.307685,1776207493000
1776207494.934,194.934,0.7,34.0,0.69,20.0,0.72,60.0,0.73,153.3,0.28,60.0,0.27,153.3,0.3,34.0,0.31,20.0,0.02,0.02,2317.31828,1776207494000
1776207495.976,195.976,0.7,34.0,0.69,20.0,0.72,60.0,0.73,153.3,0.28,60.0,0.27,153.3,0.3,34.0,0.31,20.0,0.02,0.02,2317.350245,1776207495000
1776207496.902,196.902,0.7,34.0,0.69,20.0,0.72,60.0,0.73,153.3,0.28,60.0,0.27,153.3,0.3,34.0,0.31,20.0,0.02,0.02,2317.363775,1776207496000
1776207497.915,197.915,0.7,34.0,0.69,20.0,0.72,60.0,0.73,153.3,0.28,60.0,0.27,153.3,0.3,34.0,0.31,20.0,0.02,0.02,2317.36403,1776207497000
1776207498.27,198.27,0.76,43.0,0.75,50.5,0.77,200.0,0.78,70.5,0.28,60.0,0.27,153.3,0.3,34.0,0.31,20.0,0.01,0.02,2317.36403,1776207497000
1776207498.917,198.917,0.76,43.0,0.75,50.5,0.77,200.0,0.78,70.5,0.23,200.0,0.22,70.5,0.24,43.0,0.25,50.5,0.01,0.01,2317.382885,1776207498000
1776207500.336,200.336,0.76,43.0,0.75,50.5,0.77,200.0,0.78,70.5,0.23,200.0,0.22,70.5,0.24,43.0,0.25,50.5,0.01,0.01,2317.38292,1776207499000
1776207500.834,200.834,0.78,87.0,0.77,33.5,0.79,30.02,0.8,95.5,0.21,83.5,0.2,95.5,0.22,87.0,0.23,33.5,0.01,0.01,2317.38292,1776207499000
1776207501.838,201.838,0.78,82.0,0.77,33.5,0.79,8.76,0.8,95.5,0.21,8.76,0.2,95.5,0.22,82.0,0.23,33.5,0.01,0.01,2317.51025,1776207501000
1776207502.438,202.438,0.78,90.25,0.77,38.5,0.79,0.76,0.8,18.5,0.21,8.76,0.2,95.5,0.22,82.0,0.23,33.5,0.01,0.01,2317.51025,1776207501000
1776207502.978,202.978,0.78,95.25,0.77,28.0,0.8,12.76,0.81,83.46,0.21,0.76,0.2,18.5,0.22,90.25,0.23,38.5,0.02,0.01,2317.51025,1776207501000
1776207503.312,203.312,0.78,95.25,0.77,28.0,0.8,12.76,0.81,83.46,0.2,12.76,0.19,83.46,0.22,95.25,0.23,28.0,0.02,0.02,2317.544226,1776207502000
1776207503.596,203.596,0.77,15.0,0.76,13.0,0.8,19.81,0.81,98.46,0.2,12.76,0.19,83.46,0.22,95.25,0.23,28.0,0.03,0.02,2317.544226,1776207502000
1776207504.001,204.001,0.76,13.36,0.75,47.0,0.77,63.5,0.78,45.5,0.2,19.81,0.19,98.46,0.23,15.0,0.24,13.0,0.01,0.03,2317.544226,1776207502000
1776207504.21,204.21,0.75,9.36,0.74,40.0,0.76,4.67,0.77,39.5,0.24,4.67,0.23,39.5,0.25,9.36,0.26,40.0,0.01,0.01,2317.580291,1776207503000
1776207505.21,205.21,0.75,9.36,0.74,40.0,0.76,4.67,0.77,39.5,0.24,4.67,0.23,39.5,0.25,9.36,0.26,40.0,0.01,0.01,2317.5213,1776207504000
1776207506.087,206.087,0.75,9.36,0.74,40.0,0.76,4.67,0.77,39.5,0.24,4.67,0.23,39.5,0.25,9.36,0.26,40.0,0.01,0.01,2317.31298,1776207505000
1776207506.867,206.867,0.75,40.0,0.74,55.5,0.76,14.0,0.77,5.0,0.24,4.67,0.23,39.5,0.25,9.36,0.26,40.0,0.01,0.01,2317.31298,1776207505000
1776207507.584,207.584,0.75,90.44,0.74,55.5,0.76,12.68,0.78,25.5,0.24,14.0,0.23,5.0,0.25,40.0,0.26,55.5,0.01,0.01,2317.307243,1776207506000
1776207508.034,208.034,0.75,81.44,0.74,55.5,0.76,12.68,0.78,25.5,0.24,12.68,0.22,25.5,0.25,90.44,0.26,55.5,0.01,0.01,2317.307243,1776207506000
1776207508.964,208.964,0.75,81.44,0.74,55.5,0.76,12.68,0.78,25.5,0.24,12.68,0.22,25.5,0.25,81.44,0.26,55.5,0.01,0.01,2317.31321,1776207508000
1776207509.707,209.707,0.75,35.0,0.74,55.5,0.76,14.68,0.77,5.0,0.24,12.68,0.22,25.5,0.25,81.44,0.26,55.5,0.01,0.01,2317.31321,1776207508000
1776207509.979,209.979,0.75,20.0,0.74,55.5,0.76,7.9,0.77,5.0,0.24,7.9,0.23,5.0,0.25,40.0,0.26,55.5,0.01,0.01,2317.31321,1776207508000
1776207510.586,210.586,0.76,30.56,0.75,30.5,0.78,15.0,0.79,23.5,0.24,7.9,0.23,5.0,0.25,20.0,0.26,55.5,0.02,0.01,2317.31607,1776207509000
1776207510.803,210.803,0.76,30.56,0.75,30.5,0.78,15.0,0.79,23.5,0.22,15.0,0.21,23.5,0.24,30.56,0.25,30.5,0.02,0.02,2317.335855,1776207510000
1776207511.426,211.426,0.77,67.76,0.76,15.0,0.78,23.0,0.79,15.5,0.22,15.0,0.21,23.5,0.24,30.56,0.25,30.5,0.01,0.02,2317.335855,1776207510000
1776207511.642,211.642,0.76,8.54,0.75,25.5,0.78,37.32,0.79,15.5,0.22,19.32,0.21,15.5,0.23,67.76,0.24,15.0,0.02,0.01,2317.335855,1776207510000
1776207512.202,212.202,0.75,10.0,0.74,50.5,0.77,8.57,0.78,57.82,0.23,3.7,0.22,27.82,0.24,13.54,0.25,15.0,0.02,0.01,2317.335855,1776207510000
1776207512.71,212.71,0.74,25.0,0.73,10.5,0.76,25.0,0.77,19.07,0.24,10.0,0.23,19.07,0.25,17.28,0.26,25.0,0.02,0.01,2317.335595,1776207511000
1776207512.998,212.998,0.73,15.5,0.72,45.5,0.74,13.64,0.75,10.0,0.24,25.0,0.23,19.07,0.26,25.0,0.27,10.5,0.01,0.02,2317.335595,1776207511000
1776207513.366,213.366,0.75,95.58,0.74,25.5,0.76,8.55,0.77,10.5,0.26,8.24,0.25,10.0,0.27,15.5,0.28,45.5,0.01,0.01,2317.346437,1776207512000
1776207513.722,213.722,0.76,15.0,0.75,100.58,0.77,28.82,0.78,39.82,0.24,8.55,0.23,10.5,0.25,95.58,0.26,25.5,0.01,0.01,2317.346437,1776207512000
1776207513.965,213.965,0.76,25.0,0.75,90.58,0.77,21.75,0.78,39.82,0.23,33.53,0.22,39.82,0.24,25.0,0.25,95.58,0.01,0.01,2317.346437,1776207512000
1776207514.296,214.296,0.76,30.0,0.75,85.58,0.77,20.32,0.78,39.82,0.23,21.75,0.22,39.82,0.24,25.0,0.25,90.58,0.01,0.01,2317.330384,1776207513000
1776207515.004,215.004,0.76,30.0,0.75,85.58,0.77,8.7,0.78,39.82,0.23,20.32,0.22,39.82,0.24,30.0,0.25,85.58,0.01,0.01,2317.330384,1776207513000
1776207515.299,215.299,0.76,3.0,0.75,15.0,0.77,24.52,0.78,39.82,0.23,24.52,0.22,39.82,0.24,20.0,0.25,15.0,0.01,0.01,2317.330384,1776207513000
1776207515.791,215.791,0.75,15.0,0.74,25.5,0.77,19.02,0.78,39.82,0.23,24.52,0.22,39.82,0.24,3.0,0.25,15.0,0.02,0.01,2317.265372,1776207514000
1776207517.254,217.254,0.75,15.0,0.74,25.5,0.77,19.02,0.78,39.82,0.23,19.02,0.22,39.82,0.25,15.0,0.26,25.5,0.02,0.02,2317.264223,1776207516000
1776207517.937,217.937,0.75,15.0,0.74,10.0,0.76,27.87,0.77,39.52,0.23,19.02,0.22,39.82,0.25,15.0,0.26,25.5,0.01,0.02,2317.264223,1776207516000
1776207518.724,218.724,0.75,15.0,0.74,10.0,0.76,27.87,0.77,39.52,0.24,27.87,0.23,39.52,0.25,15.0,0.26,10.0,0.01,0.01,2317.234046,1776207517000
1776207519.421,219.421,0.75,15.0,0.74,10.0,0.76,27.87,0.77,39.52,0.24,27.87,0.23,39.52,0.25,15.0,0.26,10.0,0.01,0.01,2317.234371,1776207518000
1776207520.065,220.065,0.75,15.0,0.74,10.0,0.76,27.87,0.77,39.52,0.24,27.87,0.23,39.52,0.25,15.0,0.26,10.0,0.01,0.01,2317.235143,1776207519000
1776207521.175,221.175,0.73,11.4,0.72,60.0,0.76,60.5,0.77,39.52,0.24,27.87,0.23,39.52,0.25,15.0,0.26,10.0,0.03,0.01,2317.235143,1776207519000
1776207521.563,221.563,0.73,3.4,0.72,50.0,0.74,28.0,0.75,37.76,0.24,60.5,0.23,39.52,0.27,11.4,0.28,60.0,0.01,0.03,2317.237843,1776207520000
1776207521.912,221.912,0.73,3.4,0.72,50.0,0.74,28.0,0.75,37.76,0.26,28.0,0.25,37.76,0.27,3.4,0.28,50.0,0.01,0.01,2317.239421,1776207521000
1776207522.455,222.455,0.73,28.4,0.72,70.5,0.74,14.48,0.75,33.0,0.26,28.0,0.25,37.76,0.27,3.4,0.28,50.0,0.01,0.01,2317.239421,1776207521000
1776207523.161,223.161,0.73,11.4,0.72,70.5,0.74,14.48,0.75,20.0,0.26,14.48,0.25,20.0,0.27,11.4,0.28,70.5,0.01,0.01,2317.147704,1776207522000
1776207524.522,224.522,0.73,11.4,0.72,70.5,0.74,14.48,0.75,20.0,0.26,14.48,0.25,20.0,0.27,11.4,0.28,70.5,0.01,0.01,2317.141921,1776207523000
1776207525.058,225.058,0.72,54.0,0.71,20.5,0.75,1.61,0.76,20.5,0.26,14.48,0.25,20.0,0.27,11.4,0.28,70.5,0.03,0.01,2317.141921,1776207523000
1776207526.668,226.668,0.72,54.0,0.71,20.5,0.75,1.61,0.76,20.5,0.25,1.61,0.24,20.5,0.28,54.0,0.29,20.5,0.03,0.03,2317.096983,1776207525000
1776207527.46,227.46,0.72,54.0,0.71,20.5,0.75,1.61,0.76,20.5,0.25,1.61,0.24,20.5,0.28,54.0,0.29,20.5,0.03,0.03,2317.07089,1776207526000
1776207528.013,228.013,0.76,29.84,0.74,20.0,0.77,59.52,0.78,49.32,0.23,59.52,0.22,49.32,0.24,29.84,0.26,20.0,0.01,0.01,2317.042134,1776207527000
1776207528.275,228.275,0.76,29.84,0.75,15.0,0.77,62.52,0.78,54.32,0.23,59.52,0.22,49.32,0.24,29.84,0.26,20.0,0.01,0.01,2317.042134,1776207527000
1776207529.222,229.222,0.76,10.96,0.75,15.0,0.77,62.52,0.78,54.32,0.23,62.52,0.22,54.32,0.24,10.96,0.25,15.0,0.01,0.01,2317.043783,1776207528000
1776207530.364,230.364,0.76,10.96,0.75,15.0,0.77,62.52,0.78,54.32,0.23,62.52,0.22,54.32,0.24,10.96,0.25,15.0,0.01,0.01,2317.042463,1776207529000
1776207530.862,230.862,0.74,5.8,0.73,25.5,0.76,23.0,0.77,62.52,0.23,78.52,0.22,54.32,0.26,3.69,0.27,25.5,0.02,0.03,2317.042463,1776207529000
1776207532.078,232.078,0.74,59.86,0.73,35.5,0.75,54.0,0.76,65.0,0.24,23.0,0.23,62.52,0.26,5.8,0.27,25.5,0.01,0.02,2317.04235,1776207530000
1776207532.372,232.372,0.74,59.86,0.73,35.5,0.75,54.0,0.76,65.0,0.25,54.0,0.24,65.0,0.26,59.86,0.27,35.5,0.01,0.01,2317.04211,1776207531000
1776207532.899,232.899,0.74,59.86,0.73,35.5,0.75,54.0,0.76,65.0,0.25,54.0,0.24,65.0,0.26,59.86,0.27,35.5,0.01,0.01,2317.088347,1776207532000
1776207533.333,233.333,0.65,25.0,0.64,85.5,0.67,30.0,0.68,36.5,0.25,54.0,0.24,65.0,0.26,59.86,0.27,35.5,0.02,0.01,2317.088347,1776207532000
1776207533.921,233.921,0.65,25.0,0.64,85.5,0.67,30.0,0.68,36.5,0.33,30.0,0.32,36.5,0.35,25.0,0.36,85.5,0.02,0.02,2317.080713,1776207533000
1776207534.415,234.415,0.64,15.5,0.63,40.0,0.65,13.46,0.66,65.0,0.33,30.0,0.32,36.5,0.35,25.0,0.36,85.5,0.01,0.02,2317.080713,1776207533000
1776207534.696,234.696,0.63,32.94,0.62,60.0,0.65,18.46,0.66,60.0,0.35,13.46,0.34,65.0,0.36,15.5,0.37,40.0,0.02,0.01,2317.080713,1776207533000
1776207535.128,235.128,0.63,32.94,0.62,60.0,0.65,18.46,0.66,60.0,0.35,18.46,0.34,60.0,0.37,32.94,0.38,60.0,0.02,0.02,2316.806309,1776207534000
1776207536.148,236.148,0.63,32.94,0.62,60.0,0.65,18.46,0.66,60.0,0.35,18.46,0.34,60.0,0.37,32.94,0.38,60.0,0.02,0.02,2316.752867,1776207535000
1776207537.341,237.341,0.63,32.94,0.62,60.0,0.65,18.46,0.66,60.0,0.35,18.46,0.34,60.0,0.37,32.94,0.38,60.0,0.02,0.02,2316.709853,1776207536000
1776207537.825,237.825,0.63,42.44,0.62,25.5,0.64,78.28,0.65,15.0,0.35,18.46,0.34,60.0,0.37,32.94,0.38,60.0,0.01,0.02,2316.709853,1776207536000
1776207538.149,238.149,0.63,15.41,0.62,25.5,0.64,78.28,0.65,15.0,0.36,78.28,0.35,15.0,0.37,15.41,0.38,25.5,0.01,0.01,2316.676416,1776207537000
1776207539.187,239.187,0.63,15.41,0.62,25.5,0.64,78.28,0.65,15.0,0.36,78.28,0.35,15.0,0.37,15.41,0.38,25.5,0.01,0.01,2316.668022,1776207538000
1776207539.997,239.997,0.62,14.97,0.61,60.5,0.63,17.57,0.64,75.28,0.37,10.0,0.36,70.28,0.38,4.97,0.39,60.5,0.01,0.01,2316.668022,1776207538000
1776207540.282,240.282,0.62,14.97,0.61,60.5,0.63,17.57,0.64,75.28,0.37,17.57,0.36,75.28,0.38,14.97,0.39,60.5,0.01,0.01,2316.684332,1776207539000
1776207540.973,240.973,0.62,14.97,0.61,60.5,0.63,17.57,0.64,75.28,0.37,17.57,0.36,75.28,0.38,14.97,0.39,60.5,0.01,0.01,2316.673899,1776207540000
1776207541.585,241.585,0.62,10.0,0.61,55.0,0.63,9.31,0.64,75.28,0.37,17.57,0.36,75.28,0.38,14.97,0.39,60.5,0.01,0.01,2316.673899,1776207540000
1776207541.956,241.956,0.62,10.0,0.61,55.0,0.63,9.31,0.64,75.28,0.37,9.31,0.36,75.28,0.38,10.0,0.39,55.0,0.01,0.01,2316.674751,1776207541000
1776207542.275,242.275,0.62,2.0,0.61,35.0,0.63,20.0,0.64,75.28,0.37,9.31,0.36,75.28,0.38,10.0,0.39,55.0,0.01,0.01,2316.674751,1776207541000
1776207542.704,242.704,0.6,48.0,0.59,60.0,0.61,53.18,0.62,10.0,0.39,48.0,0.37,20.0,0.4,115.0,0.41,60.0,0.01,0.01,2316.674751,1776207541000
1776207543.173,243.173,0.6,48.0,0.59,60.0,0.61,53.18,0.62,10.0,0.39,53.18,0.38,10.0,0.4,48.0,0.41,60.0,0.01,0.01,2316.674645,1776207542000
1776207544.217,244.217,0.6,23.0,0.59,60.0,0.61,11.29,0.62,25.0,0.39,11.29,0.38,15.0,0.4,48.0,0.41,60.0,0.01,0.01,2316.674645,1776207542000
1776207544.561,244.561,0.59,60.0,0.58,35.0,0.61,11.29,0.62,35.0,0.39,11.29,0.38,35.0,0.4,18.0,0.41,60.0,0.02,0.01,2316.674645,1776207542000
1776207545.301,245.301,0.59,18.0,0.58,35.0,0.6,17.62,0.61,11.29,0.39,11.29,0.38,35.0,0.41,60.0,0.42,35.0,0.01,0.02,2316.601225,1776207543000
1776207545.516,245.516,0.59,18.0,0.58,35.0,0.6,17.62,0.61,11.29,0.4,17.62,0.39,11.29,0.41,18.0,0.42,35.0,0.01,0.01,2316.580235,1776207544000
1776207545.977,245.977,0.58,35.0,0.57,85.0,0.6,17.62,0.61,11.29,0.4,17.62,0.39,11.29,0.41,18.0,0.42,35.0,0.02,0.01,2316.580235,1776207544000
1776207546.455,246.455,0.58,35.0,0.57,85.0,0.6,17.62,0.61,11.29,0.4,17.62,0.39,11.29,0.42,35.0,0.43,85.0,0.02,0.02,2316.569609,1776207545000
1776207547.203,247.203,0.58,35.0,0.57,85.0,0.6,17.62,0.61,11.29,0.4,17.62,0.39,11.29,0.42,35.0,0.43,85.0,0.02,0.02,2316.571768,1776207546000
1776207548.54,248.54,0.58,35.0,0.57,85.0,0.6,17.62,0.61,11.29,0.4,17.62,0.39,11.29,0.42,35.0,0.43,85.0,0.02,0.02,2316.54708,1776207547000
1776207549.282,249.282,0.58,35.0,0.57,85.0,0.6,17.62,0.61,11.29,0.4,17.62,0.39,11.29,0.42,35.0,0.43,85.0,0.02,0.02,2316.546975,1776207548000
1776207549.958,249.958,0.62,24.78,0.61,33.0,0.63,13.0,0.64,80.88,0.4,17.62,0.39,11.29,0.42,35.0,0.43,85.0,0.01,0.02,2316.546975,1776207548000
1776207550.901,250.901,0.62,29.78,0.61,33.0,0.63,11.41,0.64,80.88,0.37,11.41,0.36,80.88,0.38,29.78,0.39,33.0,0.01,0.01,2316.610181,1776207549000
1776207551.371,251.371,0.5,50.6,0.49,210.0,0.55,48.0,0.56,90.0,0.37,11.41,0.36,80.88,0.38,29.78,0.39,33.0,0.05,0.01,2316.610181,1776207549000
1776207551.591,251.591,0.43,75.0,0.42,5.22,0.55,48.0,0.56,90.0,0.45,48.0,0.44,90.0,0.57,75.0,0.58,5.22,0.12,0.12,2316.61653,1776207550000
1776207551.943,251.943,0.42,5.22,0.41,10.0,0.43,5.0,0.44,20.0,0.56,9.59,0.55,15.0,0.57,25.0,0.58,5.22,0.01,0.01,2316.61653,1776207550000
1776207552.283,252.283,0.39,70.0,0.38,140.0,0.43,5.0,0.44,20.0,0.57,5.0,0.56,20.0,0.61,70.0,0.62,140.0,0.04,0.04,2316.630835,1776207551000
1776207552.609,252.609,0.39,66.98,0.38,140.0,0.4,5.0,0.41,10.0,0.6,10.0,0.59,10.0,0.61,61.98,0.62,140.0,0.01,0.01,2316.630835,1776207551000
1776207552.98,252.98,0.39,42.98,0.38,140.0,0.4,5.0,0.41,10.0,0.6,10.0,0.59,10.0,0.61,42.98,0.62,140.0,0.01,0.01,2316.630835,1776207551000
1776207553.214,253.214,0.39,45.78,0.38,140.0,0.4,5.0,0.41,10.0,0.6,5.0,0.59,10.0,0.61,42.98,0.62,140.0,0.01,0.01,2316.630835,1776207551000
1776207553.571,253.571,0.39,41.21,0.38,140.0,0.41,20.0,0.42,15.0,0.6,5.0,0.59,20.0,0.61,41.21,0.62,140.0,0.02,0.01,2316.630835,1776207551000
1776207554.068,254.068,0.39,41.21,0.38,140.0,0.4,5.0,0.41,15.0,0.59,20.0,0.58,15.0,0.61,41.21,0.62,140.0,0.01,0.02,2316.34729,1776207552000
1776207554.306,254.306,0.39,28.01,0.38,140.0,0.4,5.0,0.41,15.0,0.6,5.0,0.59,15.0,0.61,28.01,0.62,140.0,0.01,0.01,2316.119695,1776207553000
1776207554.98,254.98,0.37,55.52,0.36,95.0,0.38,20.0,0.39,25.0,0.59,15.0,0.58,15.0,0.61,23.01,0.62,140.0,0.01,0.02,2316.119695,1776207553000
1776207555.236,255.236,0.37,1.34,0.36,105.0,0.38,19.0,0.39,25.0,0.62,9.0,0.61,25.0,0.63,60.42,0.64,105.0,0.01,0.01,2316.106095,1776207554000
1776207555.705,255.705,0.34,170.0,0.33,105.0,0.37,20.0,0.38,19.0,0.62,19.0,0.61,25.0,0.64,105.0,0.65,120.0,0.03,0.02,2316.106095,1776207554000
1776207556.352,256.352,0.34,48.34,0.33,105.0,0.35,53.14,0.36,20.0,0.63,20.0,0.62,19.0,0.66,170.0,0.67,105.0,0.01,0.03,2316.106095,1776207554000
1776207556.575,256.575,0.33,105.0,0.32,10.0,0.35,53.14,0.36,20.0,0.65,53.14,0.64,20.0,0.67,105.0,0.68,10.0,0.02,0.02,2316.053285,1776207555000
1776207557.139,257.139,0.33,80.0,0.32,15.0,0.34,12.05,0.35,50.0,0.65,53.14,0.64,20.0,0.67,105.0,0.68,10.0,0.01,0.02,2316.053285,1776207555000
1776207557.381,257.381,0.33,80.0,0.32,15.0,0.34,12.05,0.35,50.0,0.66,12.05,0.65,50.0,0.67,80.0,0.68,15.0,0.01,0.01,2315.974966,1776207556000
1776207557.588,257.588,0.33,74.0,0.32,10.0,0.34,12.05,0.35,50.0,0.66,12.05,0.65,50.0,0.67,80.0,0.68,15.0,0.01,0.01,2315.974966,1776207556000
1776207557.979,257.979,0.33,64.0,0.32,10.0,0.34,12.05,0.35,50.0,0.66,12.05,0.65,50.0,0.67,74.0,0.68,10.0,0.01,0.01,2315.974966,1776207556000
1776207558.2,258.2,0.33,64.0,0.32,10.0,0.34,12.05,0.35,50.0,0.66,12.05,0.65,50.0,0.67,64.0,0.68,10.0,0.01,0.01,2315.909081,1776207557000
1776207558.437,258.437,0.33,54.0,0.32,10.0,0.34,12.05,0.35,50.0,0.66,12.05,0.65,50.0,0.67,64.0,0.68,10.0,0.01,0.01,2315.909081,1776207557000
1776207559.185,259.185,0.41,20.0,0.4,90.0,0.44,70.0,0.45,10.0,0.66,11.11,0.65,60.0,0.67,54.0,0.68,10.0,0.03,0.01,2315.909081,1776207557000
1776207559.492,259.492,0.42,12.77,0.41,20.0,0.43,5.0,0.44,65.0,0.56,70.0,0.55,10.0,0.59,20.0,0.6,90.0,0.01,0.03,2315.909081,1776207557000
1776207560.135,260.135,0.44,11.0,0.43,16.0,0.45,5.0,0.46,60.0,0.57,5.0,0.56,65.0,0.58,12.77,0.59,20.0,0.01,0.01,2315.904321,1776207558000
1776207560.419,260.419,0.44,11.0,0.43,16.0,0.45,5.0,0.46,60.0,0.55,5.0,0.54,60.0,0.56,11.0,0.57,16.0,0.01,0.01,2315.903746,1776207559000
1776207560.755,260.755,0.41,24.76,0.4,80.0,0.42,19.72,0.43,15.0,0.55,33.0,0.54,60.0,0.59,9.76,0.6,80.0,0.01,0.04,2315.903746,1776207559000
1776207561.143,261.143,0.41,9.7,0.4,80.0,0.42,14.72,0.43,10.0,0.58,14.72,0.57,10.0,0.59,9.7,0.6,80.0,0.01,0.01,2315.956408,1776207560000
1776207561.402,261.402,0.41,5.0,0.4,80.0,0.42,21.42,0.43,10.0,0.58,14.72,0.57,10.0,0.59,9.7,0.6,80.0,0.01,0.01,2315.956408,1776207560000
1776207561.606,261.606,0.41,5.0,0.4,80.0,0.44,6.1,0.45,5.0,0.58,21.42,0.57,10.0,0.59,5.0,0.6,80.0,0.03,0.01,2315.956408,1776207560000
1776207562.617,262.617,0.41,80.0,0.4,25.0,0.45,10.0,0.46,55.0,0.56,6.1,0.55,5.0,0.59,5.0,0.6,80.0,0.04,0.03,2315.956408,1776207560000
1776207563.023,263.023,0.37,25.0,0.36,86.0,0.39,10.0,0.4,20.0,0.52,9.9,0.51,10.0,0.54,67.0,0.58,80.0,0.02,0.02,2316.121295,1776207561000
1776207563.269,263.269,0.38,15.0,0.37,25.0,0.39,62.5,0.4,25.0,0.61,10.0,0.6,20.0,0.63,25.0,0.64,86.0,0.01,0.02,2316.121295,1776207561000
1776207563.68,263.68,0.36,60.0,0.35,50.0,0.39,61.5,0.4,25.0,0.61,81.5,0.6,25.0,0.62,4.0,0.63,25.0,0.03,0.01,2316.121295,1776207561000
1776207563.974,263.974,0.36,60.0,0.35,50.0,0.37,10.4,0.38,20.0,0.61,58.5,0.6,25.0,0.64,60.0,0.65,50.0,0.01,0.03,2316.11305,1776207562000
1776207564.315,264.315,0.36,9.92,0.35,50.0,0.37,35.0,0.38,20.0,0.63,10.4,0.62,30.0,0.64,9.21,0.65,50.0,0.01,0.01,2316.11305,1776207562000
1776207564.622,264.622,0.35,50.0,0.34,10.0,0.37,35.0,0.38,20.0,0.63,35.0,0.62,20.0,0.64,9.92,0.65,50.0,0.02,0.01,2316.1169,1776207563000
1776207564.84,264.84,0.35,50.0,0.34,10.0,0.36,14.85,0.37,25.0,0.63,35.0,0.62,20.0,0.65,50.0,0.66,10.0,0.01,0.02,2316.1169,1776207563000
1776207566.001,266.001,0.35,50.0,0.34,10.0,0.36,14.85,0.37,25.0,0.64,14.85,0.63,25.0,0.65,50.0,0.66,10.0,0.01,0.01,2316.01533,1776207565000
1776207566.411,266.411,0.33,75.0,0.32,40.0,0.34,11.85,0.35,15.0,0.64,14.85,0.63,25.0,0.65,50.0,0.66,10.0,0.01,0.01,2316.01533,1776207565000
1776207567.017,267.017,0.33,75.0,0.32,40.0,0.34,5.55,0.35,15.0,0.66,5.55,0.65,15.0,0.67,75.0,0.68,40.0,0.01,0.01,2315.96717,1776207566000
1776207567.374,267.374,0.33,78.5,0.32,40.0,0.34,5.55,0.35,15.0,0.66,5.55,0.65,15.0,0.67,75.0,0.68,40.0,0.01,0.01,2315.96717,1776207566000
1776207567.949,267.949,0.33,78.5,0.32,40.0,0.34,5.55,0.35,15.0,0.66,5.55,0.65,15.0,0.67,78.5,0.68,40.0,0.01,0.01,2315.951688,1776207567000
1776207568.958,268.958,0.33,78.5,0.32,40.0,0.34,5.55,0.35,15.0,0.66,5.55,0.65,15.0,0.67,78.5,0.68,40.0,0.01,0.01,2315.950956,1776207568000
1776207569.86,269.86,0.33,78.5,0.32,40.0,0.34,5.55,0.35,15.0,0.66,5.55,0.65,15.0,0.67,78.5,0.68,40.0,0.01,0.01,2315.95177,1776207569000
1776207570.186,270.186,0.33,35.99,0.31,140.0,0.34,5.55,0.35,20.0,0.66,5.55,0.65,15.0,0.67,78.5,0.68,40.0,0.01,0.01,2315.95177,1776207569000
1776207570.746,270.746,0.33,8.52,0.31,60.0,0.34,53.55,0.35,25.0,0.66,5.55,0.65,20.0,0.67,28.52,0.69,140.0,0.01,0.01,2315.95177,1776207569000
1776207570.97,270.97,0.33,8.42,0.3,75.0,0.34,50.4,0.35,25.0,0.66,50.4,0.65,25.0,0.67,8.42,0.7,75.0,0.01,0.01,2315.950595,1776207570000
1776207571.81,271.81,0.33,3.42,0.3,50.0,0.34,40.4,0.35,25.0,0.66,50.4,0.65,25.0,0.67,8.42,0.7,75.0,0.01,0.01,2315.950595,1776207570000
1776207572.04,272.04,0.33,3.42,0.3,50.0,0.34,40.4,0.35,25.0,0.66,40.4,0.65,25.0,0.67,3.42,0.7,50.0,0.01,0.01,2315.975396,1776207571000
1776207573.094,273.094,0.33,3.42,0.3,50.0,0.34,40.4,0.35,25.0,0.66,40.4,0.65,25.0,0.67,3.42,0.7,50.0,0.01,0.01,2315.94463,1776207572000
1776207573.892,273.892,0.33,3.42,0.29,40.0,0.34,35.98,0.35,25.0,0.66,40.4,0.65,25.0,0.67,3.42,0.7,50.0,0.01,0.01,2315.94463,1776207572000
1776207574.127,274.127,0.33,3.42,0.29,40.0,0.34,35.98,0.35,25.0,0.66,35.98,0.65,25.0,0.67,3.42,0.71,40.0,0.01,0.01,2315.943675,1776207573000
1776207575.138,275.138,0.28,25.0,0.27,60.0,0.31,51.58,0.32,10.0,0.69,46.58,0.66,55.98,0.71,40.0,0.72,25.0,0.03,0.02,2315.943675,1776207573000
1776207575.569,275.569,0.29,13.59,0.28,40.0,0.3,15.0,0.31,56.58,0.69,51.58,0.68,10.0,0.72,25.0,0.73,60.0,0.01,0.03,2315.94337,1776207574000
1776207576.184,276.184,0.29,13.59,0.28,40.0,0.3,15.0,0.31,56.58,0.7,15.0,0.69,56.58,0.71,13.59,0.72,40.0,0.01,0.01,2315.946815,1776207575000
1776207576.512,276.512,0.29,23.59,0.28,35.0,0.31,34.58,0.33,15.0,0.7,15.0,0.69,56.58,0.71,13.59,0.72,40.0,0.02,0.01,2315.946815,1776207575000
1776207576.767,276.767,0.33,66.0,0.32,15.0,0.45,15.5,0.46,50.0,0.67,5.0,0.66,17.98,0.71,18.59,0.72,35.0,0.12,0.04,2315.946815,1776207575000
1776207577.072,277.072,0.43,12.85,0.42,15.0,0.44,10.0,0.45,25.5,0.55,25.5,0.54,60.0,0.56,2.39,0.57,10.0,0.01,0.01,2315.946815,1776207575000
1776207577.653,277.653,0.43,3.12,0.42,5.0,0.44,79.01,0.45,25.5,0.56,10.0,0.55,25.5,0.57,12.85,0.58,15.0,0.01,0.01,2315.945465,1776207576000
1776207578.127,278.127,0.39,15.0,0.38,16.0,0.4,15.5,0.41,20.0,0.56,79.01,0.55,25.5,0.57,3.12,0.58,5.0,0.01,0.01,2315.945465,1776207576000
1776207579.17,279.17,0.39,15.0,0.38,16.0,0.4,15.5,0.41,20.0,0.6,15.5,0.59,20.0,0.61,15.0,0.62,16.0,0.01,0.01,2316.02326,1776207578000
1776207579.384,279.384,0.37,14.8,0.36,21.0,0.39,25.0,0.4,20.0,0.6,15.5,0.59,20.0,0.61,15.0,0.62,16.0,0.02,0.01,2316.02326,1776207578000
1776207580.29,280.29,0.37,14.8,0.36,21.0,0.39,25.0,0.4,20.0,0.61,25.0,0.6,20.0,0.63,14.8,0.64,21.0,0.02,0.02,2316.057615,1776207579000
1776207581.182,281.182,0.34,1.76,0.33,46.0,0.38,30.0,0.39,20.0,0.61,25.0,0.6,20.0,0.63,14.8,0.64,21.0,0.04,0.02,2316.057615,1776207579000
1776207581.542,281.542,0.34,14.86,0.33,51.0,0.35,10.0,0.36,20.0,0.62,30.0,0.61,20.0,0.66,1.76,0.67,46.0,0.01,0.04,2316.04386,1776207580000
1776207581.862,281.862,0.34,4.86,0.33,30.0,0.35,5.0,0.36,10.0,0.65,10.0,0.64,20.0,0.66,14.86,0.67,51.0,0.01,0.01,2316.04386,1776207580000
1776207582.084,282.084,0.29,35.0,0.28,25.0,0.34,56.14,0.35,120.0,0.65,5.0,0.64,10.0,0.66,4.86,0.67,30.0,0.05,0.01,2316.044455,1776207581000
1776207582.372,282.372,0.26,50.0,0.25,160.0,0.3,65.0,0.31,60.0,0.7,45.0,0.69,10.0,0.71,9.9,0.74,125.0,0.04,0.01,2316.044455,1776207581000
1776207582.972,282.972,0.26,50.0,0.25,160.0,0.3,65.0,0.31,60.0,0.7,65.0,0.69,60.0,0.74,50.0,0.75,160.0,0.04,0.04,2316.044854,1776207582000
1776207583.383,283.383,0.24,55.0,0.22,100.0,0.26,25.0,0.27,55.0,0.7,65.0,0.69,60.0,0.74,50.0,0.75,160.0,0.02,0.04,2316.044854,1776207582000
1776207583.788,283.788,0.23,0.3,0.21,100.0,0.24,20.0,0.25,40.0,0.74,25.0,0.73,55.0,0.76,55.0,0.78,100.0,0.01,0.02,2316.044854,1776207582000
1776207584.078,284.078,0.23,0.3,0.21,100.0,0.24,20.0,0.25,40.0,0.76,20.0,0.75,40.0,0.77,0.3,0.79,100.0,0.01,0.01,2316.023565,1776207583000
1776207584.434,284.434,0.19,15.31,0.18,10.0,0.2,77.65,0.21,20.0,0.79,20.0,0.78,20.0,0.8,4.8,0.81,10.0,0.01,0.01,2316.023565,1776207583000
1776207584.718,284.718,0.18,15.61,0.17,110.0,0.2,62.6,0.21,20.0,0.8,72.3,0.79,20.0,0.81,14.07,0.82,10.0,0.02,0.01,2316.023565,1776207583000
1776207585.063,285.063,0.18,13.21,0.17,110.0,0.2,62.6,0.21,20.0,0.8,62.6,0.79,20.0,0.82,13.21,0.83,110.0,0.02,0.02,2315.87864,1776207584000
1776207585.567,285.567,0.18,9.22,0.17,10.0,0.2,50.52,0.21,20.0,0.8,50.52,0.79,20.0,0.82,2.24,0.83,110.0,0.02,0.02,2315.87864,1776207584000
1776207586.033,286.033,0.17,6.02,0.16,120.0,0.18,20.0,0.19,30.0,0.8,50.52,0.79,20.0,0.84,150.67,0.85,40.0,0.01,0.04,2315.87864,1776207584000
1776207587.242,287.242,0.17,8.0,0.16,121.31,0.18,10.0,0.19,30.0,0.82,10.0,0.81,30.0,0.83,8.0,0.84,121.31,0.01,0.01,2315.839923,1776207586000
1776207587.929,287.929,0.14,45.11,0.13,20.0,0.15,17.64,0.16,20.0,0.84,20.0,0.83,30.0,0.86,45.11,0.87,10.0,0.01,0.02,2315.839923,1776207586000
1776207588.275,288.275,0.14,45.11,0.13,20.0,0.15,17.64,0.16,20.0,0.85,17.64,0.84,20.0,0.86,45.11,0.87,20.0,0.01,0.01,2315.838286,1776207587000
1776207588.614,288.614,0.14,13.0,0.13,27.76,0.15,3.36,0.16,30.0,0.85,8.36,0.84,25.0,0.86,15.0,0.87,27.76,0.01,0.01,2315.838286,1776207587000
1776207589.209,289.209,0.14,5.95,0.13,27.76,0.15,3.36,0.16,20.0,0.85,3.36,0.84,30.0,0.86,11.54,0.87,27.76,0.01,0.01,2315.838286,1776207587000
1776207589.889,289.889,0.14,5.95,0.13,27.76,0.15,3.36,0.16,20.0,0.85,3.36,0.84,20.0,0.86,5.95,0.87,27.76,0.01,0.01,2315.836056,1776207589000
1776207590.108,290.108,0.13,22.76,0.12,10.0,0.14,23.8,0.15,28.36,0.85,3.36,0.84,20.0,0.86,5.95,0.87,27.76,0.01,0.01,2315.836056,1776207589000
1776207590.521,290.521,0.12,22.16,0.11,20.0,0.14,18.8,0.15,28.36,0.86,23.8,0.85,28.36,0.87,5.11,0.88,10.0,0.02,0.01,2315.836056,1776207589000
1776207591.249,291.249,0.11,25.18,0.1,10.0,0.12,20.0,0.13,15.0,0.87,15.0,0.86,18.8,0.88,13.75,0.89,20.0,0.01,0.01,2315.836056,1776207589000
1776207591.546,291.546,0.06,70.58,0.05,63.0,0.12,20.0,0.13,15.0,0.88,20.0,0.87,15.0,0.89,14.92,0.9,10.0,0.06,0.01,2315.836056,1776207589000
1776207592.28,292.28,0.06,70.58,0.05,63.0,0.12,20.0,0.13,15.0,0.88,20.0,0.87,15.0,0.94,70.58,0.95,63.0,0.06,0.06,2315.879289,1776207591000
1776207592.515,292.515,0.09,13.9,0.08,10.0,0.1,15.0,0.11,128.9,0.9,15.0,0.89,128.9,0.92,32.26,0.93,10.0,0.01,0.02,2315.879289,1776207591000
1776207592.759,292.759,0.09,53.18,0.08,10.0,0.1,15.0,0.11,128.9,0.9,15.0,0.89,128.9,0.91,13.9,0.92,10.0,0.01,0.01,2315.879289,1776207591000
1776207593.469,293.469,0.09,27.0,0.07,10.0,0.1,11.0,0.11,128.9,0.9,15.0,0.89,128.9,0.91,53.18,0.92,10.0,0.01,0.01,2315.879289,1776207591000
1776207594.211,294.211,0.06,34.25,0.05,30.0,0.1,1.0,0.11,10.0,0.9,1.0,0.89,10.0,0.94,34.25,0.95,30.0,0.04,0.04,2315.84674,1776207593000
1776207594.519,294.519,0.04,30.0,0.03,146.0,0.07,52.24,0.08,15.0,0.9,1.0,0.89,10.0,0.94,34.25,0.95,30.0,0.03,0.04,2315.84674,1776207593000
1776207594.764,294.764,0.04,30.0,0.03,146.0,0.07,30.76,0.08,10.0,0.93,52.24,0.92,15.0,0.96,30.0,0.97,146.0,0.03,0.03,2315.84674,1776207593000
1776207595.06,295.06,0.05,8.94,0.04,30.0,0.06,20.0,0.07,30.76,0.93,30.76,0.92,10.0,0.96,30.0,0.97,146.0,0.01,0.03,2315.84674,1776207593000
1776207595.424,295.424,0.05,8.94,0.04,30.0,0.06,20.0,0.07,30.76,0.94,20.0,0.93,30.76,0.95,8.94,0.96,30.0,0.01,0.01,2315.89914,1776207594000
1776207595.878,295.878,0.05,8.94,0.04,30.0,0.06,20.0,0.07,30.76,0.94,20.0,0.93,30.76,0.95,8.94,0.96,30.0,0.01,0.01,2315.892955,1776207595000
1776207596.194,296.194,0.04,24.79,0.03,138.0,0.05,116.71,0.06,20.0,0.94,20.0,0.93,30.76,0.95,8.94,0.96,30.0,0.01,0.01,2315.892955,1776207595000
1776207596.402,296.402,0.03,136.86,0.02,191.0,0.05,116.71,0.06,35.0,0.95,116.71,0.94,35.0,0.97,138.0,0.98,191.0,0.02,0.02,2315.892955,1776207595000
1776207596.892,296.892,0.03,136.7,0.02,141.0,0.05,131.71,0.06,35.0,0.95,116.71,0.94,35.0,0.97,136.86,0.98,191.0,0.02,0.02,2315.892955,1776207595000
1776207597.23,297.23,0.03,132.98,0.02,141.0,0.05,131.71,0.06,35.0,0.95,131.71,0.94,35.0,0.97,132.98,0.98,141.0,0.02,0.02,2315.877075,1776207596000
1776207597.445,297.445,0.03,89.88,0.02,141.0,0.04,26.0,0.05,140.71,0.96,26.0,0.95,140.71,0.97,95.04,0.98,141.0,0.01,0.01,2315.877075,1776207596000
1776207597.646,297.646,0.01,1137.36,,,0.04,41.0,0.05,165.71,0.96,41.0,0.95,165.71,0.99,1149.36,,,0.03,0.03,2315.877075,1776207596000
1776207597.847,297.847,0.01,592.56,,,0.03,10.0,0.04,46.0,0.97,15.0,0.96,41.0,0.99,607.56,,,0.02,0.02,2315.877075,1776207596000
1776207598.072,298.072,0.02,2.97,0.01,507.01,0.03,10.0,0.04,46.0,0.97,15.0,0.96,46.0,0.99,507.01,,,0.01,0.02,2315.877075,1776207596000
1776207598.306,298.306,0.02,14.3,0.01,239.09,0.05,75.8,0.06,86.0,0.95,75.8,0.94,86.0,0.98,14.3,0.99,239.09,0.03,0.03,2315.86421,1776207597000
1776207598.511,298.511,0.01,40.47,,,0.02,15.1,0.03,10.0,0.98,15.1,0.97,10.0,0.99,60.47,,,0.01,0.01,2315.86421,1776207597000
1776207598.92,298.92,,,,,0.01,59.53,0.02,15.1,0.99,59.53,0.98,15.1,,,,,,,2315.874435,1776207598000
1776207599.157,299.157,,,,,0.01,237.67,0.02,25.1,0.99,198.49,0.98,15.1,,,,,,,2315.874435,1776207598000
1776207600.098,300.098,,,,,0.01,294.8,0.02,25.1,0.99,294.8,0.98,25.1,,,,,,,2315.972575,1776207599000
1776207600.44,300.44,,,,,0.01,44272.01,0.02,21.1,0.99,294.8,0.98,25.1,,,,,,,2315.972575,1776207599000

# RESULT,winner=Down,slug=eth-updown-5m-1776207300,ticks=520
