timestamp,elapsed_sec,up_bid_p1,up_bid_s1,up_bid_p2,up_bid_s2,up_ask_p1,up_ask_s1,up_ask_p2,up_ask_s2,down_bid_p1,down_bid_s1,down_bid_p2,down_bid_s2,down_ask_p1,down_ask_s1,down_ask_p2,down_ask_s2,up_spread,down_spread,eth_price,eth_oracle_ts
1776281700.783,0.783,0.4,38.0,0.39,34.0,0.44,48.91,0.45,5.0,0.56,55.0,0.55,5.0,0.6,38.0,0.61,34.0,0.04,0.04,2375.324094,1776281699000
1776281701.356,1.356,0.4,38.0,0.39,34.0,0.44,36.24,0.45,5.0,0.56,36.24,0.55,5.0,0.6,38.0,0.61,34.0,0.04,0.04,2375.599702,1776281700000
1776281702.959,2.959,0.4,38.0,0.39,34.0,0.44,36.24,0.45,5.0,0.56,36.24,0.55,5.0,0.6,38.0,0.61,34.0,0.04,0.04,2375.333675,1776281701000
1776281703.238,3.238,0.37,8.41,0.36,60.0,0.41,21.0,0.43,5.0,0.56,36.24,0.55,5.0,0.6,38.0,0.61,34.0,0.04,0.04,2375.333675,1776281701000
1776281703.51,3.51,0.37,3.8,0.36,60.0,0.39,21.0,0.4,32.0,0.59,21.0,0.57,5.0,0.63,8.41,0.64,60.0,0.02,0.04,2375.333675,1776281701000
1776281703.716,3.716,0.37,3.8,0.36,60.0,0.39,13.0,0.4,32.0,0.61,21.0,0.6,32.0,0.63,3.8,0.64,60.0,0.02,0.02,2375.333675,1776281701000
1776281704.534,4.534,0.37,2.21,0.36,60.0,0.39,13.0,0.4,32.0,0.61,13.0,0.6,32.0,0.63,2.21,0.64,60.0,0.02,0.02,2374.689184,1776281703000
1776281705.316,5.316,0.36,95.09,0.35,123.0,0.37,34.53,0.38,15.0,0.63,34.53,0.62,15.0,0.64,95.09,0.65,123.0,0.01,0.01,2374.678532,1776281704000
1776281705.517,5.517,0.4,15.0,0.39,10.0,0.41,17.59,0.42,25.0,0.63,34.53,0.62,15.0,0.64,95.09,0.65,123.0,0.01,0.01,2374.678532,1776281704000
1776281705.782,5.782,0.41,50.17,0.4,25.0,0.42,20.0,0.43,10.0,0.58,20.0,0.57,5.0,0.59,32.51,0.6,30.0,0.01,0.01,2374.678532,1776281704000
1776281705.991,5.991,0.41,56.88,0.4,43.0,0.42,20.0,0.43,10.0,0.58,20.0,0.57,10.0,0.59,70.96,0.6,43.0,0.01,0.01,2374.678532,1776281704000
1776281706.359,6.359,0.41,73.72,0.4,78.0,0.42,20.0,0.43,34.04,0.58,20.0,0.57,10.0,0.59,56.88,0.6,43.0,0.01,0.01,2374.678532,1776281704000
1776281706.664,6.664,0.41,67.16,0.4,48.0,0.42,20.0,0.43,5.0,0.58,20.0,0.57,34.04,0.59,71.33,0.6,53.0,0.01,0.01,2374.678532,1776281704000
1776281706.936,6.936,0.4,48.0,0.39,40.0,0.41,54.79,0.42,20.0,0.58,20.0,0.57,5.0,0.59,67.16,0.6,48.0,0.01,0.01,2374.58031,1776281705000
1776281707.237,7.237,0.4,30.0,0.39,35.0,0.41,59.79,0.42,30.0,0.59,54.79,0.58,20.0,0.6,48.0,0.61,40.0,0.01,0.01,2374.58031,1776281705000
1776281707.487,7.487,0.4,20.0,0.39,35.0,0.41,54.79,0.42,25.0,0.59,54.79,0.58,25.0,0.6,20.0,0.61,35.0,0.01,0.01,2374.721961,1776281706000
1776281708.133,8.133,0.4,1.1,0.39,35.0,0.41,25.69,0.42,25.0,0.59,25.69,0.58,25.0,0.6,1.1,0.61,35.0,0.01,0.01,2375.062305,1776281707000
1776281708.66,8.66,0.4,137.25,0.39,90.0,0.41,20.69,0.42,20.0,0.59,108.96,0.58,40.0,0.6,27.25,0.61,30.0,0.01,0.01,2375.062305,1776281707000
1776281709.262,9.262,0.41,114.31,0.4,147.25,0.42,16.9,0.43,20.0,0.58,16.9,0.57,5.0,0.59,109.31,0.6,152.25,0.01,0.01,2375.062305,1776281707000
1776281709.567,9.567,0.41,36.53,0.4,142.25,0.42,26.9,0.43,255.93,0.58,26.9,0.57,15.0,0.59,36.63,0.6,142.25,0.01,0.01,2375.062305,1776281707000
1776281710.112,10.112,0.41,359.53,0.4,132.25,0.42,1.9,0.43,5.0,0.58,21.9,0.57,75.93,0.59,36.53,0.6,142.25,0.01,0.01,2375.067919,1776281708000
1776281710.376,10.376,0.43,210.0,0.42,10.0,0.44,38.78,0.45,110.0,0.56,38.78,0.55,110.0,0.57,210.0,0.58,10.0,0.01,0.01,2375.0106,1776281709000
1776281710.645,10.645,0.44,8.03,0.43,138.0,0.45,110.0,0.46,89.2,0.55,110.0,0.54,89.2,0.57,340.0,0.58,70.0,0.01,0.02,2375.0106,1776281709000
1776281710.903,10.903,0.44,126.24,0.43,25.0,0.45,87.77,0.46,89.2,0.55,110.0,0.54,89.2,0.56,131.24,0.57,50.0,0.01,0.01,2375.0106,1776281709000
1776281711.162,11.162,0.46,277.0,0.45,45.0,0.47,61.62,0.48,69.36,0.53,76.62,0.52,69.36,0.54,65.0,0.55,10.0,0.01,0.01,2375.075976,1776281710000
1776281711.571,11.571,0.46,334.74,0.45,40.0,0.49,168.92,0.5,155.59,0.53,21.62,0.52,69.36,0.54,237.74,0.55,40.0,0.03,0.01,2375.075976,1776281710000
1776281711.81,11.81,0.47,28.5,0.46,50.5,0.49,171.67,0.5,170.59,0.51,156.67,0.5,155.59,0.52,195.0,0.53,67.0,0.02,0.01,2375.075976,1776281710000
1776281712.028,12.028,0.45,1.91,0.44,19.55,0.47,20.0,0.48,210.0,0.53,20.0,0.52,195.0,0.56,8.55,0.57,220.0,0.02,0.03,2375.075976,1776281710000
1776281712.237,12.237,0.43,30.0,0.42,10.0,0.44,5.0,0.45,15.0,0.54,20.0,0.53,20.0,0.57,30.0,0.59,20.0,0.01,0.03,2375.075976,1776281710000
1776281712.562,12.562,0.43,12.5,0.42,10.0,0.44,66.5,0.45,89.0,0.56,10.0,0.55,84.0,0.57,2.0,0.58,10.0,0.01,0.01,2375.075976,1776281710000
1776281712.785,12.785,0.43,12.42,0.42,10.0,0.44,155.0,0.45,21.0,0.56,66.5,0.55,89.0,0.57,12.5,0.58,10.0,0.01,0.01,2375.515571,1776281711000
1776281713.102,13.102,0.44,40.5,0.43,105.42,0.45,35.77,0.46,27.0,0.56,155.0,0.55,21.0,0.57,12.42,0.58,10.0,0.01,0.01,2375.515571,1776281711000
1776281713.668,13.668,0.48,16.82,0.47,25.5,0.49,150.0,0.5,177.09,0.55,35.77,0.54,27.0,0.56,40.5,0.57,105.42,0.01,0.01,2375.515571,1776281711000
1776281714.34,14.34,0.48,359.2,0.47,36.5,0.49,104.0,0.5,176.59,0.51,150.0,0.5,177.09,0.52,13.7,0.53,25.5,0.01,0.01,2375.996332,1776281712000
1776281715.718,15.718,0.48,330.7,0.47,36.5,0.49,16.12,0.5,176.59,0.51,101.06,0.5,176.59,0.52,354.2,0.53,55.5,0.01,0.01,2375.522953,1776281714000
1776281716.023,16.023,0.49,15.0,0.48,279.5,0.5,81.39,0.51,55.0,0.5,83.95,0.49,55.0,0.52,344.7,0.53,36.5,0.01,0.02,2375.522953,1776281714000
1776281717.108,17.108,0.49,15.0,0.48,56.0,0.5,201.39,0.51,310.38,0.5,81.39,0.49,55.0,0.51,15.0,0.52,279.5,0.01,0.01,2375.902184,1776281715000
1776281717.736,17.736,0.49,10.0,0.48,33.35,0.5,132.39,0.51,80.5,0.5,195.39,0.49,70.0,0.52,10.35,0.53,10.0,0.01,0.02,2375.872964,1776281716000
1776281718.39,18.39,0.49,3.98,0.48,15.35,0.5,136.89,0.51,80.5,0.5,132.39,0.49,80.5,0.51,10.0,0.52,33.35,0.01,0.01,2375.872964,1776281716000
1776281719.355,19.355,0.46,162.0,0.45,117.11,0.47,135.09,0.48,141.23,0.5,136.89,0.49,80.5,0.51,3.98,0.52,15.35,0.01,0.01,2376.008087,1776281717000
1776281719.598,19.598,0.46,152.0,0.45,128.11,0.47,194.09,0.48,258.23,0.53,135.09,0.52,141.23,0.54,162.0,0.55,117.11,0.01,0.01,2376.008087,1776281717000
1776281720.019,20.019,0.46,542.0,0.45,265.11,0.47,125.71,0.48,383.73,0.53,194.09,0.52,258.23,0.54,152.0,0.55,128.11,0.01,0.01,2375.922345,1776281718000
1776281721.133,21.133,0.46,138.72,0.45,233.11,0.47,431.21,0.48,98.73,0.53,125.71,0.52,383.73,0.54,542.0,0.55,265.11,0.01,0.01,2375.919108,1776281719000
1776281721.682,21.682,0.46,67.97,0.45,221.11,0.47,436.21,0.48,82.73,0.53,436.21,0.52,98.73,0.54,81.7,0.55,233.11,0.01,0.01,2375.869934,1776281720000
1776281722.162,22.162,0.46,67.97,0.45,233.11,0.47,428.84,0.48,123.72,0.53,436.21,0.52,82.73,0.54,67.97,0.55,221.11,0.01,0.01,2375.869934,1776281720000
1776281722.38,22.38,0.46,65.93,0.45,221.11,0.47,423.84,0.48,123.72,0.53,428.84,0.52,123.72,0.54,67.97,0.55,233.11,0.01,0.01,2375.869934,1776281720000
1776281722.984,22.984,0.46,70.7,0.45,231.11,0.47,103.34,0.48,52.23,0.53,423.84,0.52,123.72,0.54,65.93,0.55,221.11,0.01,0.01,2375.752834,1776281721000
1776281723.23,23.23,0.46,153.0,0.45,368.11,0.47,96.08,0.48,42.23,0.53,103.21,0.52,47.23,0.54,104.99,0.55,468.11,0.01,0.01,2375.752834,1776281721000
1776281723.469,23.469,0.46,188.0,0.45,131.11,0.47,50.9,0.48,42.23,0.53,77.9,0.52,42.23,0.54,183.0,0.55,311.11,0.01,0.01,2375.678907,1776281722000
1776281723.821,23.821,0.46,323.0,0.45,181.11,0.47,9.41,0.48,42.23,0.53,39.41,0.52,42.23,0.54,288.0,0.55,136.11,0.01,0.01,2375.678907,1776281722000
1776281724.022,24.022,0.47,15.0,0.46,338.0,0.48,36.64,0.5,69.39,0.52,41.64,0.5,69.39,0.54,343.0,0.55,192.11,0.01,0.02,2375.678907,1776281722000
1776281724.608,24.608,0.49,190.0,0.48,35.8,0.5,66.27,0.51,75.0,0.5,69.39,0.49,65.0,0.53,195.0,0.54,227.5,0.01,0.03,2375.541287,1776281723000
1776281724.87,24.87,0.49,293.0,0.48,46.3,0.51,15.0,0.52,35.5,0.5,66.27,0.49,75.0,0.51,190.0,0.52,35.8,0.02,0.01,2375.541287,1776281723000
1776281725.601,25.601,0.5,376.5,0.49,56.5,0.52,15.0,0.53,63.0,0.49,15.0,0.48,35.5,0.51,293.0,0.52,46.3,0.02,0.02,2375.923551,1776281724000
1776281725.86,25.86,0.51,355.5,0.5,101.5,0.52,12.0,0.53,50.0,0.48,15.0,0.47,63.0,0.5,376.5,0.51,56.5,0.01,0.02,2375.923551,1776281724000
1776281726.56,26.56,0.53,35.36,0.52,114.0,0.54,16.87,0.55,103.0,0.46,31.87,0.45,85.5,0.49,365.5,0.5,101.5,0.01,0.03,2375.923551,1776281724000
1776281726.815,26.815,0.53,122.36,0.52,237.0,0.54,8.81,0.55,123.5,0.46,11.87,0.45,113.0,0.47,40.36,0.48,294.0,0.01,0.01,2376.125927,1776281725000
1776281728.741,28.741,0.58,445.5,0.57,250.5,0.6,15.0,0.61,43.9,0.45,123.5,0.44,120.5,0.47,127.36,0.48,237.0,0.02,0.02,2376.420752,1776281727000
1776281729.425,29.425,0.61,273.0,0.6,10.0,0.62,194.22,0.64,100.0,0.38,195.94,0.36,110.0,0.42,135.0,0.43,40.0,0.01,0.04,2376.43937,1776281728000
1776281730.175,30.175,0.61,235.0,0.6,18.3,0.62,203.22,0.63,15.0,0.38,194.22,0.36,100.0,0.39,273.0,0.4,10.0,0.01,0.01,2376.688279,1776281729000
1776281730.671,30.671,0.61,30.0,0.6,8.3,0.62,56.55,0.63,25.5,0.38,203.22,0.37,15.0,0.39,235.0,0.4,18.3,0.01,0.01,2376.688279,1776281729000
1776281730.952,30.952,0.61,15.0,0.6,77.3,0.62,15.08,0.63,20.5,0.38,56.55,0.37,25.5,0.39,30.0,0.4,8.3,0.01,0.01,2376.688279,1776281729000
1776281731.162,31.162,0.61,36.0,0.6,29.3,0.62,14.27,0.63,78.5,0.38,15.08,0.37,20.5,0.39,15.0,0.4,77.3,0.01,0.01,2376.688279,1776281729000
1776281731.592,31.592,0.62,40.0,0.61,41.0,0.63,109.11,0.64,183.5,0.36,120.5,0.35,58.5,0.39,31.0,0.4,29.3,0.01,0.03,2376.688279,1776281729000
1776281731.814,31.814,0.62,30.0,0.61,41.0,0.63,174.67,0.64,283.5,0.37,109.11,0.36,183.5,0.38,40.0,0.39,41.0,0.01,0.01,2377.107273,1776281730000
1776281732.163,32.163,0.62,187.86,0.61,209.0,0.63,13.41,0.64,156.5,0.37,38.9,0.36,131.5,0.38,29.86,0.39,156.0,0.01,0.01,2377.107273,1776281730000
1776281732.845,32.845,0.62,440.86,0.61,126.0,0.63,12.03,0.64,218.24,0.37,13.41,0.36,156.5,0.38,187.86,0.39,209.0,0.01,0.01,2377.114711,1776281731000
1776281733.808,33.808,0.63,5.0,0.62,5.0,0.64,404.0,0.65,193.93,0.36,218.24,0.35,45.5,0.38,440.86,0.39,126.0,0.01,0.02,2377.083251,1776281732000
1776281734.208,34.208,0.6,66.0,0.59,292.0,0.61,53.9,0.62,15.0,0.37,13.0,0.36,285.62,0.4,10.0,0.41,221.0,0.01,0.03,2377.083251,1776281732000
1776281735.012,35.012,0.6,67.0,0.59,259.0,0.61,22.09,0.62,85.09,0.39,19.0,0.38,15.0,0.4,62.0,0.41,317.0,0.01,0.01,2377.064026,1776281733000
1776281735.259,35.259,0.6,476.0,0.59,254.0,0.61,0.08,0.62,63.08,0.39,22.09,0.38,85.09,0.4,67.0,0.41,259.0,0.01,0.01,2377.064026,1776281733000
1776281735.531,35.531,0.63,131.78,0.62,121.0,0.64,60.0,0.65,94.5,0.38,59.76,0.37,21.09,0.39,10.0,0.4,471.0,0.01,0.01,2377.064026,1776281733000
1776281735.761,35.761,0.63,152.78,0.62,311.0,0.64,55.5,0.65,94.5,0.36,60.0,0.35,94.5,0.37,131.78,0.38,121.0,0.01,0.01,2377.064026,1776281733000
1776281736.863,36.863,0.63,79.53,0.62,189.0,0.64,60.5,0.65,157.5,0.36,55.5,0.35,94.5,0.37,152.78,0.38,311.0,0.01,0.01,2377.046884,1776281735000
1776281738.14,38.14,0.61,5.0,0.6,30.0,0.63,428.59,0.64,173.75,0.36,60.5,0.35,157.5,0.37,79.53,0.38,189.0,0.02,0.01,2376.983094,1776281736000
1776281738.637,38.637,0.59,33.0,0.58,192.0,0.6,253.4,0.61,145.5,0.38,25.5,0.37,433.59,0.41,41.0,0.42,116.0,0.01,0.03,2377.109003,1776281737000
1776281741.415,41.415,0.59,146.0,0.58,181.03,0.6,39.92,0.61,44.5,0.4,214.4,0.39,145.5,0.41,33.0,0.42,182.0,0.01,0.01,2376.710163,1776281740000
1776281742.624,42.624,0.59,130.56,0.58,181.03,0.6,38.25,0.61,44.5,0.4,39.92,0.39,44.5,0.41,135.56,0.42,181.03,0.01,0.01,2376.710163,1776281741000
1776281745.393,45.393,0.59,71.0,0.58,336.03,0.6,70.98,0.61,282.5,0.4,38.25,0.39,44.5,0.41,130.56,0.42,181.03,0.01,0.01,2376.768639,1776281744000
1776281745.694,45.694,0.59,216.0,0.58,241.53,0.6,55.97,0.61,44.5,0.4,249.31,0.39,44.5,0.41,201.0,0.42,241.53,0.01,0.01,2376.768639,1776281744000
1776281746.107,46.107,0.59,575.06,0.58,277.53,0.6,33.9,0.61,24.5,0.4,55.97,0.39,44.5,0.41,216.0,0.42,241.53,0.01,0.01,2376.764885,1776281745000
1776281746.627,46.627,0.62,543.5,0.61,232.5,0.64,39.0,0.65,55.5,0.4,33.9,0.39,24.5,0.41,575.06,0.42,277.53,0.02,0.01,2376.764885,1776281745000
1776281747.301,47.301,0.63,203.0,0.62,209.5,0.64,44.02,0.65,70.5,0.36,39.0,0.35,55.5,0.38,543.5,0.39,232.5,0.01,0.02,2376.764885,1776281745000
1776281748.873,48.873,0.65,482.5,0.64,258.5,0.67,195.0,0.68,60.0,0.36,44.02,0.35,70.5,0.37,203.0,0.38,209.5,0.02,0.01,2376.8038,1776281746000
1776281749.369,49.369,0.66,522.5,0.65,227.5,0.68,86.5,0.69,30.0,0.33,195.0,0.32,60.0,0.35,482.5,0.36,258.5,0.02,0.02,2377.205818,1776281747000
1776281750.623,50.623,0.66,543.5,0.65,227.5,0.68,15.85,0.69,51.5,0.32,86.5,0.31,30.0,0.34,522.5,0.35,227.5,0.02,0.02,2377.189836,1776281748000
1776281750.95,50.95,0.66,532.5,0.65,227.5,0.68,29.24,0.69,40.5,0.32,15.85,0.31,51.5,0.34,543.5,0.35,227.5,0.02,0.02,2377.253142,1776281749000
1776281752.745,52.745,0.7,190.0,0.69,371.5,0.71,15.59,0.72,163.5,0.32,29.24,0.31,40.5,0.34,532.5,0.35,227.5,0.01,0.02,2377.342512,1776281751000
1776281752.955,52.955,0.7,185.0,0.69,366.5,0.71,10.59,0.72,173.5,0.29,15.59,0.28,163.5,0.3,190.0,0.31,371.5,0.01,0.01,2377.342512,1776281751000
1776281753.521,53.521,0.72,6.0,0.71,525.5,0.73,210.09,0.74,40.09,0.29,26.36,0.28,173.5,0.3,185.0,0.31,366.5,0.01,0.01,2377.379739,1776281752000
1776281753.82,53.82,0.72,507.94,0.71,270.5,0.73,45.09,0.74,43.0,0.27,65.09,0.26,43.0,0.28,158.5,0.29,520.5,0.01,0.01,2377.379739,1776281752000
1776281754.096,54.096,0.72,112.0,0.71,55.0,0.73,96.59,0.74,341.5,0.27,45.09,0.26,43.0,0.28,507.94,0.29,270.5,0.01,0.01,2377.379739,1776281752000
1776281754.448,54.448,0.72,486.67,0.71,185.0,0.74,33.0,0.75,70.0,0.27,144.09,0.26,43.0,0.28,146.17,0.29,185.0,0.02,0.01,2377.379739,1776281752000
1776281755.018,55.018,0.73,130.79,0.72,216.67,0.74,48.0,0.75,88.0,0.26,33.0,0.25,70.0,0.28,486.67,0.29,185.0,0.01,0.02,2377.749995,1776281753000
1776281756.542,56.542,0.74,256.0,0.73,273.79,0.75,55.42,0.76,105.5,0.25,88.0,0.24,363.5,0.27,208.79,0.28,348.67,0.01,0.02,2377.949888,1776281755000
1776281757.36,57.36,0.74,164.0,0.73,98.79,0.75,80.92,0.76,285.5,0.25,55.42,0.24,105.5,0.26,256.0,0.27,273.79,0.01,0.01,2378.085301,1776281756000
1776281757.722,57.722,0.74,103.15,0.73,78.29,0.75,75.92,0.76,97.0,0.25,80.92,0.24,285.5,0.26,164.0,0.27,98.79,0.01,0.01,2378.085301,1776281756000
1776281758.485,58.485,0.74,546.5,0.73,215.5,0.75,41.0,0.76,10.0,0.25,75.92,0.24,97.0,0.26,103.15,0.27,78.29,0.01,0.01,2378.085301,1776281756000
1776281759.241,59.241,0.76,57.0,0.75,175.5,0.77,3.0,0.78,35.0,0.25,41.0,0.24,18.0,0.26,561.5,0.27,215.5,0.01,0.01,2378.145043,1776281757000
1776281759.517,59.517,0.76,99.5,0.75,107.0,0.78,62.0,0.79,145.2,0.22,33.0,0.21,87.2,0.24,67.5,0.25,107.0,0.02,0.02,2378.145043,1776281757000
1776281759.9,59.9,0.76,162.22,0.75,297.0,0.77,80.0,0.78,130.5,0.22,62.0,0.21,145.2,0.24,99.5,0.25,107.0,0.01,0.02,2378.132044,1776281758000
1776281760.236,60.236,0.76,0.37,0.75,5.0,0.77,243.0,0.78,140.5,0.23,80.0,0.22,130.5,0.24,162.22,0.25,297.0,0.01,0.01,2378.132044,1776281758000
1776281760.439,60.439,0.76,16.2,0.75,5.0,0.77,278.74,0.78,128.5,0.23,187.48,0.22,367.5,0.24,16.2,0.25,5.0,0.01,0.01,2378.132044,1776281758000
1776281760.781,60.781,0.76,81.2,0.75,55.0,0.77,257.12,0.78,168.5,0.23,268.61,0.22,128.5,0.24,16.2,0.25,5.0,0.01,0.01,2378.159767,1776281759000
1776281761.01,61.01,0.76,58.2,0.75,55.0,0.77,19.2,0.78,365.5,0.23,20.5,0.22,365.5,0.24,53.2,0.25,55.0,0.01,0.01,2378.159767,1776281759000
1776281761.356,61.356,0.76,63.2,0.75,117.0,0.77,10.0,0.78,415.5,0.23,10.52,0.22,365.5,0.24,58.2,0.25,60.0,0.01,0.01,2378.159767,1776281759000
1776281761.882,61.882,0.78,22.0,0.77,184.0,0.79,12.4,0.8,117.5,0.23,10.0,0.22,415.5,0.24,33.2,0.25,117.0,0.01,0.01,2378.308909,1776281760000
1776281762.136,62.136,0.78,57.0,0.77,132.0,0.79,7.4,0.8,95.0,0.21,12.4,0.2,117.5,0.22,22.0,0.23,184.0,0.01,0.01,2378.308909,1776281760000
1776281762.349,62.349,0.78,52.5,0.77,142.5,0.79,5.28,0.8,120.0,0.21,7.4,0.2,95.0,0.22,57.0,0.23,132.0,0.01,0.01,2378.308909,1776281760000
1776281762.785,62.785,0.78,42.0,0.77,147.5,0.79,53.2,0.8,347.0,0.21,5.28,0.2,120.0,0.22,52.5,0.23,142.5,0.01,0.01,2378.308909,1776281760000
1776281763.095,63.095,0.78,20.45,0.77,130.0,0.79,123.2,0.8,230.05,0.21,53.2,0.2,347.0,0.22,42.0,0.23,147.5,0.01,0.01,2378.192983,1776281761000
1776281763.411,63.411,0.77,5.0,0.76,10.98,0.78,395.0,0.79,148.7,0.21,123.2,0.2,230.05,0.22,20.45,0.23,130.0,0.01,0.01,2378.192983,1776281761000
1776281763.903,63.903,0.76,5.98,0.75,16.06,0.77,520.5,0.78,193.5,0.22,432.0,0.21,148.7,0.24,10.98,0.25,16.06,0.01,0.02,2378.192983,1776281761000
1776281764.23,64.23,0.75,30.5,0.74,143.5,0.76,6.17,0.77,20.0,0.24,49.61,0.23,500.5,0.26,123.5,0.27,162.5,0.01,0.02,2378.12844,1776281762000
1776281764.607,64.607,0.77,32.5,0.76,294.5,0.78,5.0,0.79,147.45,0.24,6.17,0.23,20.0,0.25,30.5,0.26,143.5,0.01,0.01,2378.12844,1776281762000
1776281765.523,65.523,0.77,74.0,0.76,155.5,0.78,124.57,0.79,138.7,0.22,9.25,0.21,178.95,0.23,221.0,0.24,59.0,0.01,0.01,2378.503115,1776281763000
1776281766.433,66.433,0.79,126.5,0.78,249.5,0.8,145.0,0.81,120.0,0.22,61.12,0.21,138.7,0.23,84.5,0.24,155.5,0.01,0.01,2378.2869,1776281764000
1776281767.024,67.024,0.79,505.69,0.78,288.5,0.81,120.0,0.82,25.0,0.2,115.0,0.19,120.0,0.21,324.69,0.22,207.5,0.02,0.01,2378.2869,1776281764000
1776281768.006,68.006,0.82,518.79,0.81,175.61,0.85,58.9,0.86,50.0,0.19,120.0,0.18,25.0,0.21,505.69,0.22,288.5,0.03,0.02,2378.46373,1776281766000
1776281768.476,68.476,0.84,410.0,0.83,10.0,0.88,200.0,0.92,48.9,0.15,58.9,0.14,50.0,0.18,518.79,0.19,175.61,0.04,0.03,2378.46373,1776281766000
1776281769.064,69.064,0.87,390.25,0.86,14.86,0.94,63.69,0.95,162.8,0.12,200.0,0.09,50.0,0.13,80.76,0.14,398.11,0.07,0.01,2378.953812,1776281767000
1776281769.495,69.495,0.93,15.0,0.92,68.0,0.95,193.8,0.96,253.3,0.06,63.69,0.05,162.8,0.13,390.25,0.14,14.86,0.02,0.07,2378.953812,1776281767000
1776281770.144,70.144,0.94,20.0,0.93,10.0,0.95,65.48,0.96,590.98,0.05,175.61,0.04,253.3,0.07,15.0,0.08,68.0,0.01,0.02,2379.275688,1776281768000
1776281770.423,70.423,0.94,15.0,0.93,67.0,0.95,195.68,0.96,478.98,0.05,65.48,0.04,590.98,0.06,20.0,0.07,10.0,0.01,0.01,2379.275688,1776281768000
1776281770.755,70.755,0.94,23.39,0.93,68.0,0.95,289.56,0.96,369.98,0.05,357.56,0.04,363.98,0.06,5.0,0.07,20.0,0.01,0.01,2381.131815,1776281769000
1776281771.029,71.029,0.95,228.64,0.92,77.0,0.96,444.3,0.97,628.7,0.06,75.54,0.05,409.56,0.11,72.18,0.12,31.87,0.01,0.05,2381.131815,1776281769000
1776281771.386,71.386,0.95,337.64,0.94,125.0,0.96,292.5,0.97,623.7,0.04,444.3,0.03,628.7,0.05,228.64,0.08,77.0,0.01,0.01,2381.49614,1776281770000
1776281771.593,71.593,0.95,390.75,0.94,10.0,0.96,12.5,0.97,745.7,0.04,12.5,0.03,803.7,0.05,337.25,0.06,125.0,0.01,0.01,2381.49614,1776281770000
1776281771.85,71.85,0.95,398.23,0.94,73.0,0.97,785.2,0.98,831.47,0.04,12.5,0.03,745.7,0.05,355.23,0.06,67.0,0.02,0.01,2381.49614,1776281770000
1776281772.199,72.199,0.96,121.0,0.95,301.23,0.97,803.23,0.98,831.47,0.03,785.2,0.02,831.47,0.05,398.23,0.06,73.0,0.01,0.02,2381.49614,1776281770000
1776281772.605,72.605,0.95,306.23,0.94,130.0,0.97,779.57,0.98,1131.47,0.03,803.23,0.02,831.47,0.04,121.0,0.05,301.23,0.02,0.01,2382.235933,1776281771000
1776281772.876,72.876,0.96,16.14,0.95,499.23,0.97,345.87,0.98,1462.47,0.03,779.57,0.02,1131.47,0.05,306.23,0.06,130.0,0.01,0.02,2382.235933,1776281771000
1776281773.131,73.131,0.96,22.14,0.95,442.23,0.97,498.87,0.98,962.47,0.03,345.87,0.02,1462.47,0.04,16.14,0.05,499.23,0.01,0.01,2382.235933,1776281771000
1776281773.385,73.385,0.96,42.28,0.95,442.23,0.97,340.87,0.98,952.47,0.03,498.87,0.02,962.47,0.04,22.14,0.05,442.23,0.01,0.01,2382.195103,1776281772000
1776281773.785,73.785,0.96,146.28,0.95,427.23,0.97,335.87,0.98,710.77,0.03,340.87,0.02,952.47,0.04,42.28,0.05,442.23,0.01,0.01,2382.195103,1776281772000
1776281774.203,74.203,0.96,216.39,0.95,351.23,0.97,269.53,0.98,894.47,0.03,335.87,0.02,710.77,0.04,146.28,0.05,427.23,0.01,0.01,2382.195103,1776281772000
1776281774.686,74.686,0.96,385.39,0.95,531.23,0.97,419.87,0.98,653.77,0.03,269.53,0.02,894.47,0.04,216.39,0.05,351.23,0.01,0.01,2382.851414,1776281773000
1776281774.961,74.961,0.96,107.28,0.95,448.48,0.97,319.53,0.98,1102.77,0.03,419.87,0.02,653.77,0.04,385.39,0.05,531.23,0.01,0.01,2382.851414,1776281773000
1776281775.191,75.191,0.96,7.28,0.95,531.23,0.97,319.53,0.98,828.77,0.03,319.53,0.02,1102.77,0.04,107.28,0.05,448.48,0.01,0.01,2382.851414,1776281773000
1776281775.669,75.669,0.96,357.53,0.95,481.23,0.97,50.0,0.98,523.77,0.03,59.1,0.02,828.77,0.04,7.28,0.05,531.23,0.01,0.01,2382.851414,1776281773000
1776281775.992,75.992,0.96,420.67,0.95,251.23,0.97,50.0,0.98,770.77,0.03,50.0,0.02,523.77,0.04,357.53,0.05,481.23,0.01,0.01,2383.747061,1776281774000
1776281776.319,76.319,0.96,130.0,0.95,396.23,0.97,30.0,0.98,540.77,0.03,50.0,0.02,770.77,0.04,420.67,0.05,251.23,0.01,0.01,2383.747061,1776281774000
1776281776.67,76.67,0.95,342.11,0.94,401.25,0.96,165.0,0.97,125.0,0.03,310.0,0.02,418.77,0.05,327.37,0.06,325.0,0.01,0.02,2384.137126,1776281775000
1776281776.934,76.934,0.95,317.11,0.94,256.25,0.96,170.0,0.97,305.0,0.04,165.0,0.03,125.0,0.05,342.11,0.06,401.25,0.01,0.01,2384.137126,1776281775000
1776281777.291,77.291,0.95,63.84,0.94,113.74,0.96,363.69,0.97,305.0,0.04,311.69,0.03,362.0,0.05,1.55,0.06,128.22,0.01,0.01,2384.137126,1776281775000
1776281777.525,77.525,0.95,132.74,0.94,106.0,0.96,203.0,0.97,125.0,0.04,421.69,0.03,305.0,0.05,7.25,0.06,60.0,0.01,0.01,2384.627174,1776281776000
1776281777.743,77.743,0.95,25.74,0.94,397.0,0.96,193.0,0.97,125.0,0.04,193.0,0.03,125.0,0.05,14.0,0.06,397.0,0.01,0.01,2384.627174,1776281776000
1776281777.951,77.951,0.95,53.48,0.94,270.0,0.96,173.0,0.97,125.0,0.04,173.0,0.03,125.0,0.05,64.48,0.06,270.0,0.01,0.01,2384.627174,1776281776000
1776281778.158,78.158,0.94,250.72,0.93,205.5,0.95,50.0,0.96,193.0,0.04,193.0,0.03,193.23,0.06,271.96,0.07,338.24,0.01,0.02,2384.627174,1776281776000
1776281778.437,78.437,0.94,69.0,0.93,286.5,0.95,218.0,0.96,89.0,0.05,115.0,0.04,204.0,0.06,233.14,0.07,214.5,0.01,0.01,2384.627174,1776281776000
1776281778.708,78.708,0.93,1064.72,0.92,288.97,0.94,74.0,0.95,122.0,0.05,212.78,0.04,147.0,0.06,69.0,0.07,286.5,0.01,0.01,2384.627174,1776281776000
1776281779.096,79.096,0.94,436.39,0.93,251.5,0.95,50.0,0.96,140.0,0.06,59.0,0.05,122.0,0.07,1053.72,0.08,288.97,0.01,0.01,2384.538985,1776281777000
1776281779.344,79.344,0.95,121.0,0.94,473.74,0.96,180.0,0.97,25.0,0.04,122.0,0.03,83.0,0.06,600.13,0.07,353.8,0.01,0.02,2384.538985,1776281777000
1776281779.655,79.655,0.95,10.0,0.94,444.99,0.96,151.0,0.97,25.0,0.04,180.0,0.03,25.0,0.05,121.0,0.06,473.74,0.01,0.01,2383.911262,1776281778000
1776281780.535,80.535,0.95,56.61,0.94,269.99,0.96,360.0,0.97,25.0,0.04,151.0,0.03,25.0,0.05,10.0,0.06,444.99,0.01,0.01,2384.065638,1776281779000
1776281781.085,81.085,0.96,38.6,0.95,435.74,0.97,195.0,0.98,368.77,0.03,22.81,0.02,303.77,0.05,60.0,0.06,264.99,0.01,0.02,2384.065638,1776281779000
1776281781.65,81.65,0.97,259.0,0.96,215.85,0.98,583.77,0.99,4182.6,0.02,548.77,0.01,4012.6,0.04,43.6,0.05,243.74,0.01,0.02,2384.073878,1776281780000
1776281781.917,81.917,0.97,101.5,0.96,23.6,0.98,687.74,0.99,4182.6,0.02,583.77,0.01,4182.6,0.03,251.5,0.04,215.85,0.01,0.01,2384.073878,1776281780000
1776281782.174,82.174,0.96,23.6,0.95,305.25,0.97,234.49,0.98,415.74,0.02,652.74,0.01,4182.6,0.04,23.6,0.05,310.99,0.01,0.02,2384.063738,1776281781000
1776281782.668,82.668,0.95,161.0,0.94,301.89,0.96,15.0,0.97,342.49,0.03,292.49,0.02,363.74,0.04,50.0,0.05,61.0,0.01,0.01,2384.063738,1776281781000
1776281783.456,83.456,0.94,595.41,0.93,164.8,0.95,417.0,0.96,123.0,0.04,10.0,0.03,342.49,0.07,197.1,0.08,430.0,0.01,0.03,2384.063738,1776281781000
1776281783.838,83.838,0.94,12.0,0.93,20.5,0.95,392.0,0.96,123.0,0.05,417.0,0.04,123.0,0.06,595.41,0.07,164.8,0.01,0.01,2384.473542,1776281782000
1776281784.27,84.27,0.94,644.35,0.93,169.8,0.95,431.0,0.96,547.58,0.05,373.0,0.04,123.0,0.06,12.0,0.07,20.5,0.01,0.01,2384.473542,1776281783000
1776281784.506,84.506,0.94,633.74,0.93,179.8,0.95,406.0,0.96,547.58,0.05,431.0,0.04,547.58,0.06,644.35,0.07,169.8,0.01,0.01,2384.473542,1776281783000
1776281784.747,84.747,0.94,15.0,0.93,93.5,0.95,339.0,0.96,255.58,0.05,401.0,0.04,547.58,0.06,603.5,0.07,35.5,0.01,0.01,2384.473542,1776281783000
1776281784.967,84.967,0.94,673.78,0.93,98.5,0.95,99.0,0.96,462.08,0.05,339.0,0.04,255.58,0.06,15.0,0.07,93.5,0.01,0.01,2384.473542,1776281783000
1776281785.42,85.42,0.94,27.5,0.93,342.8,0.95,129.0,0.96,462.08,0.05,32.0,0.04,519.08,0.06,27.16,0.07,340.5,0.01,0.01,2383.933868,1776281784000
1776281785.679,85.679,0.94,661.92,0.93,184.8,0.95,345.7,0.96,282.08,0.05,129.0,0.04,462.08,0.06,27.5,0.07,342.8,0.01,0.01,2383.933868,1776281784000
1776281786.649,86.649,0.95,110.0,0.94,1298.96,0.96,50.0,0.97,365.0,0.05,345.7,0.04,282.08,0.06,661.92,0.07,184.8,0.01,0.01,2383.270522,1776281785000
1776281786.938,86.938,0.96,26.74,0.95,338.74,0.98,323.79,0.99,4556.59,0.04,45.0,0.03,365.0,0.05,110.0,0.06,1298.96,0.02,0.01,2383.270522,1776281785000
1776281787.161,87.161,0.96,66.74,0.95,333.74,0.97,145.0,0.98,200.79,0.02,323.79,0.01,4556.59,0.04,26.74,0.05,338.74,0.01,0.02,2383.270522,1776281785000
1776281787.837,87.837,0.96,50.0,0.95,278.74,0.97,651.96,0.98,407.79,0.03,145.0,0.02,200.79,0.04,66.74,0.05,333.74,0.01,0.01,2383.41661,1776281786000
1776281788.658,88.658,0.96,250.0,0.95,493.74,0.97,3.96,0.98,330.79,0.03,651.96,0.02,407.79,0.04,50.0,0.05,278.74,0.01,0.01,2383.34064,1776281787000
1776281789.609,89.609,0.97,16.66,0.96,253.7,0.98,576.75,0.99,4874.15,0.02,329.75,0.01,4185.59,0.04,250.0,0.05,493.74,0.01,0.02,2384.586192,1776281788000
1776281790.153,90.153,0.96,237.7,0.95,503.8,0.97,5.0,0.98,621.75,0.02,576.75,0.01,4874.15,0.03,16.66,0.04,253.7,0.01,0.01,2384.586192,1776281788000
1776281790.528,90.528,0.98,75.36,0.97,122.0,0.99,4866.15,,,0.02,272.64,0.01,4620.93,0.04,237.7,0.05,503.8,0.01,0.02,2384.280209,1776281789000
1776281791.097,91.097,0.98,102.0,0.97,100.0,0.99,4247.15,,,0.01,4867.15,,,0.02,187.36,0.03,122.0,0.01,0.01,2384.280209,1776281789000
1776281792.396,92.396,0.98,171.22,0.97,217.0,0.99,4114.15,,,0.01,4232.15,,,0.02,102.0,0.03,100.0,0.01,0.01,2384.789916,1776281790000
1776281792.66,92.66,0.98,207.22,0.97,67.0,0.99,4074.15,,,0.01,4114.15,,,0.02,171.22,0.03,217.0,0.01,0.01,2385.309714,1776281791000
1776281793.207,93.207,0.98,190.68,0.97,57.0,0.99,4079.15,,,0.01,4069.15,,,0.02,207.22,0.03,67.0,0.01,0.01,2385.251408,1776281792000
1776281793.779,93.779,0.98,210.87,0.97,76.0,0.99,4076.93,,,0.01,4079.15,,,0.02,190.68,0.03,57.0,0.01,0.01,2385.251408,1776281792000
1776281794.681,94.681,0.98,85.94,0.97,100.0,0.99,4106.15,,,0.01,3951.93,,,0.02,210.87,0.03,67.0,0.01,0.01,2385.42755,1776281793000
1776281795.316,95.316,0.98,295.94,0.97,123.7,0.99,3951.63,,,0.01,4091.97,,,0.02,85.94,0.03,100.0,0.01,0.01,2385.42755,1776281793000
1776281796.633,96.633,0.98,85.94,0.97,49.0,0.99,4459.85,,,0.01,3851.63,,,0.02,290.94,0.03,123.7,0.01,0.01,2385.632285,1776281795000
1776281796.939,96.939,0.96,217.7,0.95,454.29,0.99,4675.85,,,0.01,4154.85,,,0.02,85.94,0.03,49.0,0.03,0.01,2385.632285,1776281795000
1776281797.465,97.465,0.96,237.7,0.95,429.34,0.97,58.96,0.98,670.99,0.01,4675.85,,,0.04,217.7,0.05,454.29,0.01,0.03,2385.357462,1776281796000
1776281797.712,97.712,0.97,44.14,0.96,242.7,0.98,360.0,0.99,3553.63,0.03,55.86,0.02,664.99,0.04,237.7,0.05,429.34,0.01,0.01,2385.357462,1776281796000
1776281798.656,98.656,0.97,128.14,0.96,224.7,0.98,355.0,0.99,3470.85,0.02,360.0,0.01,3553.63,0.03,44.14,0.04,242.7,0.01,0.01,2385.259496,1776281797000
1776281798.909,98.909,0.97,54.14,0.96,246.7,0.98,352.95,0.99,3470.85,0.02,350.0,0.01,3470.85,0.03,123.14,0.04,224.7,0.01,0.01,2385.259496,1776281797000
1776281800.105,100.105,0.97,156.14,0.96,224.7,0.98,456.89,0.99,3470.85,0.02,352.95,0.01,3470.85,0.03,54.14,0.04,246.7,0.01,0.01,2384.986641,1776281799000
1776281800.661,100.661,0.97,44.14,0.96,246.7,0.98,455.35,0.99,3870.85,0.02,460.35,0.01,3470.85,0.03,126.14,0.04,224.7,0.01,0.01,2384.986641,1776281799000
1776281801.191,101.191,0.97,155.14,0.96,282.7,0.98,353.0,0.99,3985.85,0.02,450.35,0.01,3870.85,0.03,44.14,0.04,246.7,0.01,0.01,2384.986641,1776281799000
1776281801.858,101.858,0.97,115.14,0.96,287.7,0.98,350.0,0.99,3785.85,0.02,353.0,0.01,3985.85,0.03,155.14,0.04,282.7,0.01,0.01,2384.921877,1776281800000
1776281802.935,102.935,0.97,90.0,0.96,265.7,0.98,906.99,0.99,3281.85,0.02,350.0,0.01,3785.85,0.03,115.14,0.04,287.7,0.01,0.01,2384.954057,1776281801000
1776281803.305,103.305,0.97,254.7,0.96,297.7,0.98,132.91,0.99,3494.85,0.02,222.91,0.01,3486.85,0.03,180.0,0.04,307.7,0.01,0.01,2384.954057,1776281801000
1776281805.525,105.525,0.98,50.0,0.97,308.0,0.99,3711.85,,,0.02,27.91,0.01,3494.85,0.03,259.7,0.04,297.7,0.01,0.01,2384.932995,1776281804000
1776281808.04,108.04,0.97,187.66,0.96,493.2,0.98,195.0,0.99,3928.85,0.01,3711.85,,,0.02,50.0,0.03,308.0,0.01,0.01,2385.163114,1776281805000
1776281809.915,109.915,0.97,88.32,0.96,509.2,0.98,195.0,0.99,3928.85,0.02,195.0,0.01,3928.85,0.03,187.66,0.04,493.2,0.01,0.01,2384.61515,1776281807000
1776281810.329,110.329,0.97,210.85,0.96,493.2,0.98,15.0,0.99,4108.85,0.02,195.0,0.01,3928.85,0.03,88.32,0.04,509.2,0.01,0.01,2384.804571,1776281809000
1776281810.669,110.669,0.97,344.23,0.96,435.2,0.98,10.0,0.99,3708.85,0.02,15.0,0.01,4108.85,0.03,210.85,0.04,493.2,0.01,0.01,2384.804571,1776281809000
1776281811.715,111.715,0.97,463.23,0.96,435.2,0.99,3908.79,,,0.01,3708.85,,,0.02,90.0,0.03,349.23,0.02,0.01,2384.766217,1776281810000
1776281812.754,112.754,0.98,110.0,0.97,432.23,0.99,4178.1,,,0.01,3908.79,,,0.03,463.23,0.04,435.2,0.01,0.02,2384.76416,1776281811000
1776281815.545,115.545,0.97,160.53,0.96,83.5,0.99,4180.0,,,0.01,4178.1,,,0.02,110.0,0.03,432.23,0.02,0.01,2385.122487,1776281814000
1776281815.763,115.763,0.97,150.53,0.96,25.5,0.98,768.22,0.99,3693.23,0.02,843.99,0.01,3693.23,0.03,150.53,0.04,25.5,0.01,0.01,2385.122487,1776281814000
1776281816.89,116.89,0.97,100.53,0.96,25.5,0.98,1356.92,0.99,3709.01,0.02,768.22,0.01,3693.23,0.03,150.53,0.04,25.5,0.01,0.01,2384.756066,1776281815000
1776281817.367,117.367,0.97,215.53,0.96,133.5,0.98,632.0,0.99,3600.01,0.02,1356.92,0.01,3709.01,0.03,100.53,0.04,25.5,0.01,0.01,2384.756066,1776281815000
1776281819.182,119.182,0.97,415.53,0.96,473.2,0.98,595.19,0.99,3665.01,0.02,526.0,0.01,3600.01,0.03,215.53,0.04,133.5,0.01,0.01,2383.339857,1776281817000
1776281820.574,120.574,0.97,699.23,0.96,198.2,0.98,576.96,0.99,3693.0,0.02,518.64,0.01,3665.01,0.03,420.53,0.04,473.2,0.01,0.01,2383.95701,1776281819000
1776281820.86,120.86,0.97,834.23,0.96,218.2,0.98,400.9,0.99,3529.4,0.02,401.93,0.01,3893.0,0.03,729.23,0.04,218.2,0.01,0.01,2383.95701,1776281819000
1776281821.689,121.689,0.97,535.03,0.96,193.2,0.98,477.68,0.99,3903.0,0.02,393.69,0.01,3529.4,0.03,780.03,0.04,218.2,0.01,0.01,2384.31,1776281820000
1776281822.433,122.433,0.97,531.33,0.96,198.2,0.98,419.62,0.99,3903.0,0.02,475.62,0.01,3903.0,0.03,540.03,0.04,198.2,0.01,0.01,2384.7472,1776281821000
1776281823.257,123.257,0.97,461.33,0.96,219.2,0.98,232.6,0.99,4193.0,0.02,414.62,0.01,3903.0,0.03,521.33,0.04,198.2,0.01,0.01,2384.7472,1776281821000
1776281823.472,123.472,0.97,585.03,0.96,219.2,0.98,131.54,0.99,4193.0,0.02,231.54,0.01,4193.0,0.03,585.03,0.04,219.2,0.01,0.01,2384.988111,1776281822000
1776281823.764,123.764,0.97,685.03,0.96,219.2,0.99,3726.34,,,0.01,3327.36,,,0.03,680.03,0.04,219.2,0.02,0.02,2384.988111,1776281822000
1776281824.211,124.211,0.98,751.7,0.97,361.03,0.99,2833.93,,,0.01,3264.34,,,0.02,320.0,0.03,570.03,0.01,0.01,2384.826091,1776281823000
1776281825.066,125.066,0.98,730.45,0.97,564.03,0.99,2910.75,,,0.01,2725.93,,,0.02,751.7,0.03,453.03,0.01,0.01,2384.826091,1776281823000
1776281825.637,125.637,0.98,488.75,0.97,639.03,0.99,3141.65,,,0.01,2899.65,,,0.02,730.45,0.03,559.03,0.01,0.01,2384.826091,1776281823000
1776281826.726,126.726,0.98,365.75,0.97,580.03,0.99,4114.54,,,0.01,3135.65,,,0.02,488.75,0.03,639.03,0.01,0.01,2385.888722,1776281825000
1776281827.064,127.064,0.98,175.75,0.97,656.33,0.99,5007.46,,,0.01,4619.48,,,0.02,345.75,0.03,580.03,0.01,0.01,2385.94575,1776281826000
1776281829.665,129.665,0.98,130.75,0.97,556.33,0.99,5511.14,,,0.01,5007.46,,,0.02,175.75,0.03,656.33,0.01,0.01,2384.710375,1776281828000
1776281830.403,130.403,0.98,125.75,0.97,258.33,0.99,5200.92,,,0.01,5511.14,,,0.02,130.75,0.03,556.33,0.01,0.01,2384.562157,1776281829000
1776281830.957,130.957,0.98,125.75,0.97,265.33,0.99,5180.92,,,0.01,5200.92,,,0.02,125.75,0.03,258.33,0.01,0.01,2384.562157,1776281829000
1776281831.386,131.386,0.98,115.75,0.97,265.33,0.99,4880.92,,,0.01,5180.92,,,0.02,125.75,0.03,265.33,0.01,0.01,2384.562157,1776281829000
1776281833.923,133.923,0.98,64.75,0.97,265.33,0.99,5380.92,,,0.01,4880.92,,,0.02,115.75,0.03,265.33,0.01,0.01,2383.677165,1776281832000
1776281834.662,134.662,0.98,104.75,0.97,450.83,0.99,5175.92,,,0.01,5380.92,,,0.02,64.75,0.03,265.33,0.01,0.01,2383.497777,1776281833000
1776281835.255,135.255,0.98,44.75,0.97,335.83,0.99,4542.92,,,0.01,5175.92,,,0.02,104.75,0.03,450.83,0.01,0.01,2383.453388,1776281834000
1776281836.113,136.113,0.97,347.49,0.96,221.2,0.98,419.0,0.99,4962.92,0.01,4542.92,,,0.02,44.75,0.03,335.83,0.01,0.01,2383.453388,1776281834000
1776281836.661,136.661,0.97,59.49,0.96,426.2,0.98,474.0,0.99,4962.92,0.02,419.0,0.01,4962.92,0.03,347.49,0.04,221.2,0.01,0.01,2383.51179,1776281835000
1776281836.872,136.872,0.97,5.0,0.96,491.2,0.98,529.97,0.99,4905.92,0.02,474.0,0.01,4962.92,0.03,59.49,0.04,426.2,0.01,0.01,2383.51179,1776281835000
1776281837.757,137.757,0.97,287.0,0.96,226.2,0.98,522.88,0.99,5205.92,0.02,526.88,0.01,4905.92,0.03,5.0,0.04,491.2,0.01,0.01,2383.801701,1776281836000
1776281838.501,138.501,0.97,252.0,0.96,226.2,0.98,511.37,0.99,5205.92,0.02,522.88,0.01,5205.92,0.03,287.0,0.04,226.2,0.01,0.01,2384.089799,1776281837000
1776281839.304,139.304,0.97,86.53,0.96,433.2,0.98,516.37,0.99,4905.92,0.02,516.37,0.01,5205.92,0.03,252.0,0.04,204.2,0.01,0.01,2383.949836,1776281838000
1776281839.757,139.757,0.97,343.53,0.96,226.2,0.98,441.29,0.99,4962.92,0.02,516.37,0.01,4905.92,0.03,86.53,0.04,433.2,0.01,0.01,2383.949836,1776281838000
1776281840.662,140.662,0.97,333.53,0.96,204.2,0.98,426.29,0.99,4962.92,0.02,441.29,0.01,4962.92,0.03,343.53,0.04,226.2,0.01,0.01,2383.927825,1776281839000
1776281841.545,141.545,0.97,266.53,0.96,253.2,0.98,553.21,0.99,4547.92,0.02,426.29,0.01,4962.92,0.03,333.53,0.04,204.2,0.01,0.01,2383.840032,1776281840000
1776281842.616,142.616,0.97,323.53,0.96,196.2,0.98,548.21,0.99,5147.92,0.02,553.21,0.01,4547.92,0.03,266.53,0.04,253.2,0.01,0.01,2383.913412,1776281841000
1776281844.402,144.402,0.97,562.53,0.96,201.2,0.98,119.0,0.99,4335.92,0.02,548.21,0.01,5147.92,0.03,323.53,0.04,196.2,0.01,0.01,2383.83625,1776281842000
1776281844.66,144.66,0.97,612.53,0.96,206.2,0.98,37.5,0.99,4335.92,0.02,42.5,0.01,4335.92,0.03,612.53,0.04,201.2,0.01,0.01,2383.688878,1776281843000
1776281846.062,146.062,0.97,546.53,0.96,222.2,0.98,151.92,0.99,4745.92,0.02,37.5,0.01,4335.92,0.03,612.53,0.04,206.2,0.01,0.01,2383.552998,1776281845000
1776281846.653,146.653,0.97,561.53,0.96,201.2,0.98,136.92,0.99,4745.92,0.02,151.92,0.01,4745.92,0.03,546.53,0.04,222.2,0.01,0.01,2383.552998,1776281845000
1776281848.651,148.651,0.97,512.23,0.96,280.2,0.98,161.0,0.99,4545.92,0.02,136.92,0.01,4745.92,0.03,561.53,0.04,201.2,0.01,0.01,2384.117447,1776281847000
1776281850.433,150.433,0.97,266.53,0.96,292.7,0.98,604.95,0.99,4350.92,0.02,161.0,0.01,4545.92,0.03,512.23,0.04,280.2,0.01,0.01,2383.971029,1776281848000
1776281850.672,150.672,0.97,233.19,0.96,292.7,0.98,599.95,0.99,4350.92,0.02,604.95,0.01,4350.92,0.03,233.19,0.04,292.7,0.01,0.01,2383.837351,1776281849000
1776281851.021,151.021,0.97,428.89,0.96,267.2,0.98,537.9,0.99,4050.92,0.02,599.95,0.01,4350.92,0.03,233.19,0.04,292.7,0.01,0.01,2383.788356,1776281850000
1776281851.255,151.255,0.97,433.89,0.96,267.2,0.98,470.34,0.99,4468.92,0.02,532.84,0.01,3711.92,0.03,428.89,0.04,267.2,0.01,0.01,2383.788356,1776281850000
1776281851.633,151.633,0.97,518.89,0.96,280.2,0.98,17.5,0.99,4706.92,0.02,217.34,0.01,4706.92,0.03,488.89,0.04,259.2,0.01,0.01,2383.788356,1776281850000
1776281852.216,152.216,0.97,540.19,0.96,329.19,0.98,43.94,0.99,4646.92,0.02,2.0,0.01,4406.92,0.03,360.19,0.04,285.2,0.01,0.01,2383.65773,1776281851000
1776281852.609,152.609,0.98,362.0,0.97,431.89,0.99,3705.32,,,0.02,43.94,0.01,4646.92,0.03,540.19,0.04,329.19,0.01,0.01,2383.65773,1776281851000
1776281853.515,153.515,0.98,407.0,0.97,431.89,0.99,3902.2,,,0.01,3400.32,,,0.02,362.0,0.03,436.89,0.01,0.01,2383.516553,1776281852000
1776281855.108,155.108,0.98,203.25,0.97,366.89,0.99,3912.2,,,0.01,3902.2,,,0.02,407.0,0.03,431.89,0.01,0.01,2383.889728,1776281853000
1776281856.042,156.042,0.98,85.75,0.97,556.89,0.99,3776.24,,,0.01,3811.18,,,0.02,135.75,0.03,546.89,0.01,0.01,2384.581738,1776281854000
1776281856.864,156.864,0.98,75.75,0.97,235.19,0.99,3912.84,,,0.01,3768.24,,,0.02,85.75,0.03,556.89,0.01,0.01,2384.468245,1776281855000
1776281857.929,157.929,0.98,85.75,0.97,235.19,0.99,4116.74,,,0.01,3912.84,,,0.02,75.75,0.03,235.19,0.01,0.01,2384.244326,1776281856000
1776281859.808,159.808,0.98,156.25,0.97,598.89,0.99,3592.8,,,0.01,4116.74,,,0.02,85.75,0.03,235.19,0.01,0.01,2383.578179,1776281858000
1776281860.946,160.946,0.98,66.25,0.97,598.89,0.99,4483.04,,,0.01,3523.04,,,0.02,161.25,0.03,598.89,0.01,0.01,2383.509884,1776281859000
1776281861.739,161.739,0.98,66.25,0.97,598.89,0.99,4478.04,,,0.01,4483.04,,,0.02,66.25,0.03,598.89,0.01,0.01,2383.790305,1776281860000
1776281866.59,166.59,0.98,481.35,0.97,565.89,0.99,2796.44,,,0.01,4478.04,,,0.02,66.25,0.03,598.89,0.01,0.01,2383.593774,1776281865000
1776281869.197,169.197,0.98,411.4,0.97,650.89,0.99,2967.44,,,0.01,2796.44,,,0.02,481.35,0.03,565.89,0.01,0.01,2383.837654,1776281867000
1776281869.446,169.446,0.98,371.4,0.97,678.89,0.99,2957.44,,,0.01,2967.44,,,0.02,411.4,0.03,650.89,0.01,0.01,2384.114939,1776281868000
1776281869.806,169.806,0.98,707.1,0.97,621.89,0.99,2762.4,,,0.01,2806.4,,,0.02,702.1,0.03,621.89,0.01,0.01,2384.114939,1776281868000
1776281870.506,170.506,0.98,707.1,0.97,616.89,0.99,3000.32,,,0.01,2762.4,,,0.02,707.1,0.03,621.89,0.01,0.01,2384.22721,1776281869000
1776281870.732,170.732,0.98,702.1,0.97,616.89,0.99,2980.32,,,0.01,3000.32,,,0.02,707.1,0.03,616.89,0.01,0.01,2384.22721,1776281869000
1776281872.574,172.574,0.98,672.1,0.97,616.89,0.99,3472.22,,,0.01,2980.32,,,0.02,702.1,0.03,616.89,0.01,0.01,2384.171825,1776281871000
1776281874.239,174.239,0.98,662.1,0.97,573.7,0.99,3423.16,,,0.01,3472.22,,,0.02,672.1,0.03,616.89,0.01,0.01,2384.1733,1776281873000
1776281875.698,175.698,0.98,1163.1,0.97,653.2,0.99,2503.22,,,0.01,3423.16,,,0.02,662.1,0.03,573.7,0.01,0.01,2384.043361,1776281874000
1776281876.008,176.008,0.98,1028.1,0.97,653.2,0.99,2201.22,,,0.01,2503.22,,,0.02,1163.1,0.03,653.2,0.01,0.01,2384.043361,1776281874000
1776281876.539,176.539,0.98,1023.1,0.97,653.2,0.99,1665.86,,,0.01,1701.22,,,0.02,1023.1,0.03,653.2,0.01,0.01,2384.012135,1776281875000
1776281877.46,177.46,0.98,1023.1,0.97,653.2,0.99,1634.86,,,0.01,1665.86,,,0.02,1023.1,0.03,653.2,0.01,0.01,2384.057123,1776281876000
1776281878.287,178.287,0.98,1000.1,0.97,674.2,0.99,1640.78,,,0.01,1634.86,,,0.02,1023.1,0.03,653.2,0.01,0.01,2384.411317,1776281877000
1776281878.689,178.689,0.98,1066.1,0.97,653.2,0.99,1596.74,,,0.01,1598.76,,,0.02,1066.1,0.03,653.2,0.01,0.01,2384.411317,1776281877000
1776281879.06,179.06,0.98,1066.1,0.97,653.2,0.99,1542.7,,,0.01,1592.7,,,0.02,1061.1,0.03,653.2,0.01,0.01,2384.411317,1776281877000
1776281879.617,179.617,0.98,1010.1,0.97,674.2,0.99,1800.82,,,0.01,1536.18,,,0.02,1066.1,0.03,653.2,0.01,0.01,2384.41465,1776281878000
1776281880.4,180.4,0.98,1484.1,0.97,344.2,0.99,1795.76,,,0.01,1800.82,,,0.02,1010.1,0.03,674.2,0.01,0.01,2384.351761,1776281879000
1776281880.791,180.791,0.98,1400.2,0.97,343.2,0.99,1475.8,,,0.01,1475.8,,,0.02,1414.1,0.03,323.2,0.01,0.01,2384.351761,1776281879000
1776281881.565,181.565,0.98,565.5,0.97,900.7,0.99,1731.62,,,0.01,1456.62,,,0.02,1357.2,0.03,343.2,0.01,0.01,2384.377659,1776281880000
1776281881.835,181.835,0.98,787.2,0.97,900.7,0.99,1931.62,,,0.01,1731.62,,,0.02,565.5,0.03,900.7,0.01,0.01,2384.377659,1776281880000
1776281882.148,182.148,0.98,792.2,0.97,910.7,0.99,1172.14,,,0.01,781.08,,,0.02,787.2,0.03,900.7,0.01,0.01,2384.377659,1776281880000
1776281882.577,182.577,0.98,797.2,0.97,910.7,0.99,1070.09,,,0.01,1172.14,,,0.02,792.2,0.03,910.7,0.01,0.01,2384.377659,1776281880000
1776281883.678,183.678,0.98,1303.2,0.97,411.2,0.99,1264.09,,,0.01,1070.09,,,0.02,797.2,0.03,910.7,0.01,0.01,2384.341265,1776281881000
1776281884.622,184.622,0.98,1303.2,0.97,411.2,0.99,971.69,,,0.01,1264.09,,,0.02,1303.2,0.03,411.2,0.01,0.01,2383.666533,1776281883000
1776281884.958,184.958,0.98,1303.2,0.97,411.2,0.99,1220.91,,,0.01,967.69,,,0.02,1303.2,0.03,411.2,0.01,0.01,2383.666533,1776281883000
1776281886.652,186.652,0.98,1345.95,0.97,410.2,0.99,922.19,,,0.01,1220.91,,,0.02,1303.2,0.03,411.2,0.01,0.01,2383.945077,1776281885000
1776281887.962,187.962,0.98,1155.94,0.97,590.2,0.99,921.17,,,0.01,921.17,,,0.02,1335.95,0.03,410.2,0.01,0.01,2384.026136,1776281886000
1776281890.765,190.765,0.98,1225.94,0.97,571.2,0.99,1277.11,,,0.01,921.17,,,0.02,1155.94,0.03,590.2,0.01,0.01,2383.766649,1776281889000
1776281891.361,191.361,0.98,1240.94,0.97,571.2,0.99,1146.75,,,0.01,1182.11,,,0.02,1225.94,0.03,571.2,0.01,0.01,2383.845149,1776281890000
1776281892.352,192.352,0.98,1266.94,0.97,571.2,0.99,947.19,,,0.01,1146.75,,,0.02,1240.94,0.03,571.2,0.01,0.01,2383.845149,1776281890000
1776281893.057,193.057,0.98,1220.94,0.97,566.2,0.99,327.19,,,0.01,947.19,,,0.02,1266.94,0.03,571.2,0.01,0.01,2383.882964,1776281891000
1776281893.417,193.417,0.98,1230.94,0.97,621.19,0.99,292.19,,,0.01,327.19,,,0.02,1220.94,0.03,566.2,0.01,0.01,2383.891499,1776281892000
1776281894.082,194.082,0.99,232.3,0.98,1166.94,,,,,,,,,0.01,73.81,0.02,1171.94,,,2383.891499,1776281892000
1776281895.565,195.565,0.98,1161.94,0.97,378.19,0.99,67.7,,,,,,,0.01,232.3,0.02,1166.94,0.01,,2383.864334,1776281894000
1776281896.024,196.024,0.98,1403.94,0.97,436.19,0.99,297.98,,,0.01,65.68,,,0.02,1136.94,0.03,403.19,0.01,0.01,2383.864334,1776281894000
1776281900.581,200.581,0.98,814.94,0.97,903.69,0.99,308.94,,,0.01,293.94,,,0.02,1403.94,0.03,436.19,0.01,0.01,2383.272573,1776281898000
1776281902.447,202.447,0.98,819.94,0.97,954.69,0.99,787.12,,,0.01,308.94,,,0.02,814.94,0.03,903.69,0.01,0.01,2382.534587,1776281901000
1776281908.113,208.113,0.98,427.49,0.97,539.69,0.99,348.88,,,0.01,787.12,,,0.02,819.94,0.03,954.69,0.01,0.01,2382.141624,1776281906000
1776281908.353,208.353,0.98,432.49,0.97,539.69,0.99,211.95,,,0.01,348.88,,,0.02,427.49,0.03,539.69,0.01,0.01,2382.141624,1776281906000
1776281908.972,208.972,0.98,377.49,0.97,539.69,0.99,422.95,,,0.01,211.95,,,0.02,432.49,0.03,539.69,0.01,0.01,2382.054413,1776281908000
1776281909.506,209.506,0.98,367.49,0.97,539.69,0.99,961.55,,,0.01,422.95,,,0.02,377.49,0.03,539.69,0.01,0.01,2382.054413,1776281908000
1776281910.725,210.725,0.98,308.49,0.97,178.99,0.99,1143.55,,,0.01,961.55,,,0.02,367.49,0.03,539.69,0.01,0.01,2381.989012,1776281909000
1776281911.059,211.059,0.98,183.25,0.97,178.99,0.99,1212.66,,,0.01,1212.66,,,0.02,226.25,0.03,178.99,0.01,0.01,2381.989012,1776281909000
1776281911.345,211.345,0.97,178.99,0.96,24.0,0.99,1318.66,,,0.01,1169.66,,,0.02,12.25,0.03,178.99,0.02,0.01,2381.989012,1776281909000
1776281911.676,211.676,0.97,158.99,0.96,24.0,0.98,754.51,0.99,1032.6,0.01,1318.66,,,0.03,178.99,0.04,24.0,0.01,0.02,2381.417483,1776281910000
1776281911.992,211.992,0.97,15.99,0.96,24.0,0.98,938.67,0.99,1226.6,0.02,949.48,0.01,1231.6,0.03,65.99,0.04,24.0,0.01,0.01,2381.30504,1776281911000
1776281912.206,212.206,0.97,15.99,0.96,24.0,0.98,914.26,0.99,1226.6,0.02,919.36,0.01,1226.6,0.03,15.99,0.04,24.0,0.01,0.01,2381.30504,1776281911000
1776281913.531,213.531,0.97,5.99,0.96,24.0,0.98,637.26,0.99,1221.6,0.02,914.26,0.01,1226.6,0.03,15.99,0.04,24.0,0.01,0.01,2380.97275,1776281912000
1776281913.913,213.913,0.96,11.0,0.95,336.64,0.97,565.0,0.98,362.7,0.02,637.26,0.01,1221.6,0.04,24.0,0.05,99.64,0.01,0.02,2380.97275,1776281912000
1776281914.525,214.525,0.95,46.64,0.94,209.62,0.96,486.02,0.97,252.7,0.04,352.39,0.03,229.0,0.05,99.64,0.06,321.12,0.01,0.01,2380.182958,1776281913000
1776281914.835,214.835,0.95,46.64,0.94,142.12,0.96,496.3,0.97,252.7,0.04,497.35,0.03,252.7,0.05,46.64,0.06,209.62,0.01,0.01,2380.182958,1776281913000
1776281916.911,216.911,0.96,310.5,0.95,473.14,0.97,55.96,0.98,704.81,0.04,493.69,0.03,252.7,0.05,46.64,0.06,142.12,0.01,0.01,2379.962126,1776281915000
1776281918.225,218.225,0.96,559.6,0.95,608.88,0.97,226.0,0.98,605.0,0.03,50.8,0.02,704.81,0.04,310.5,0.05,473.14,0.01,0.01,2379.843602,1776281916000
1776281921.485,221.485,0.96,136.9,0.95,551.88,0.97,346.53,0.98,482.81,0.03,318.0,0.02,477.0,0.04,235.9,0.05,773.88,0.01,0.01,2380.287362,1776281920000
1776281922.316,222.316,0.96,122.9,0.95,565.88,0.97,252.66,0.98,176.81,0.03,346.53,0.02,482.81,0.04,136.9,0.05,551.88,0.01,0.01,2380.287362,1776281920000
1776281923.291,223.291,0.96,113.9,0.95,175.58,0.97,476.66,0.98,469.7,0.03,252.66,0.02,176.81,0.04,122.9,0.05,565.88,0.01,0.01,2380.310272,1776281921000
1776281923.617,223.617,0.95,283.5,0.94,560.62,0.96,232.0,0.97,184.0,0.04,100.0,0.03,420.66,0.05,274.44,0.06,108.62,0.01,0.01,2380.279646,1776281922000
1776281923.909,223.909,0.95,283.5,0.94,560.62,0.96,227.0,0.97,174.0,0.04,232.0,0.03,184.0,0.05,283.5,0.06,560.62,0.01,0.01,2380.279646,1776281922000
1776281925.333,225.333,0.95,278.5,0.94,599.42,0.96,195.75,0.97,163.0,0.04,227.0,0.03,174.0,0.05,283.5,0.06,560.62,0.01,0.01,2380.13896,1776281924000
1776281925.961,225.961,0.95,324.27,0.94,487.42,0.96,135.65,0.97,185.0,0.04,195.75,0.03,163.0,0.05,278.5,0.06,599.42,0.01,0.01,2380.13896,1776281924000
1776281928.285,228.285,0.94,797.62,0.93,270.42,0.95,24.94,0.96,57.0,0.04,125.28,0.03,185.0,0.05,329.27,0.06,492.42,0.01,0.01,2379.921184,1776281927000
1776281929.018,229.018,0.96,396.0,0.95,459.5,0.97,237.0,0.98,176.0,0.04,53.9,0.03,163.0,0.05,25.5,0.06,778.62,0.01,0.01,2379.921184,1776281927000
1776281929.408,229.408,0.96,401.0,0.95,515.3,0.97,187.0,0.98,176.0,0.03,237.0,0.02,176.0,0.04,396.0,0.05,459.5,0.01,0.01,2379.921184,1776281927000
1776281930.92,230.92,0.96,760.7,0.95,186.3,0.97,129.34,0.98,76.0,0.03,179.34,0.02,176.0,0.04,396.0,0.05,515.3,0.01,0.01,2379.724164,1776281929000
1776281931.473,231.473,0.96,494.7,0.95,542.24,0.97,185.28,0.98,63.0,0.03,129.34,0.02,76.0,0.04,760.7,0.05,186.3,0.01,0.01,2380.166531,1776281930000
1776281931.745,231.745,0.96,514.7,0.95,542.24,0.98,248.11,0.99,819.08,0.03,185.28,0.02,63.0,0.04,494.7,0.05,542.24,0.02,0.01,2380.166531,1776281930000
1776281936.811,236.811,0.97,499.7,0.96,527.2,0.98,203.39,0.99,754.48,0.02,248.11,0.01,819.08,0.04,514.7,0.05,542.24,0.01,0.02,2380.513107,1776281935000
1776281937.095,237.095,0.97,499.7,0.96,527.2,0.98,251.39,0.99,754.48,0.02,203.39,0.01,754.48,0.03,499.7,0.04,527.2,0.01,0.01,2380.513107,1776281935000
1776281937.423,237.423,0.97,319.7,0.96,701.7,0.98,240.39,0.99,160.48,0.02,251.39,0.01,754.48,0.03,499.7,0.04,527.2,0.01,0.01,2380.522974,1776281936000
1776281937.819,237.819,0.97,314.7,0.96,702.2,0.98,229.58,0.99,592.08,0.02,240.39,0.01,160.48,0.03,319.7,0.04,701.7,0.01,0.01,2380.522974,1776281936000
1776281938.246,238.246,0.97,319.7,0.96,696.7,0.98,161.1,0.99,732.08,0.02,193.86,0.01,592.08,0.03,329.7,0.04,707.2,0.01,0.01,2380.522974,1776281936000
1776281938.552,238.552,0.97,2.0,0.96,781.7,0.98,237.0,0.99,809.08,0.02,161.1,0.01,751.08,0.04,781.7,0.05,181.9,0.01,0.02,2380.557278,1776281937000
1776281940.553,240.553,0.97,8.0,0.96,476.0,0.98,510.94,0.99,746.08,0.02,237.0,0.01,809.08,0.03,2.0,0.04,781.7,0.01,0.01,2380.295862,1776281939000
1776281940.938,240.938,0.96,479.0,0.95,356.4,0.97,232.0,0.98,238.81,0.02,516.75,0.01,746.08,0.04,474.0,0.05,351.4,0.01,0.02,2380.295862,1776281939000
1776281941.255,241.255,0.96,572.7,0.95,356.4,0.97,227.0,0.98,138.81,0.03,232.0,0.02,238.81,0.04,479.0,0.05,356.4,0.01,0.01,2380.184166,1776281940000
1776281941.999,241.999,0.96,356.0,0.95,363.4,0.97,249.93,0.98,545.81,0.03,255.0,0.02,238.81,0.04,444.7,0.05,363.4,0.01,0.01,2380.184166,1776281940000
1776281942.534,242.534,0.95,10.6,0.94,126.12,0.955,94.85,0.96,593.0,0.03,249.93,0.02,545.81,0.04,356.0,0.05,363.4,0.005,0.01,2380.184166,1776281940000
1776281942.964,242.964,0.95,20.0,0.94,723.12,0.959,19.91,0.96,268.0,0.05,80.0,0.044,100.0,0.06,368.12,0.07,389.0,0.009,0.01,2379.922658,1776281941000
1776281943.177,243.177,0.95,282.2,0.94,423.12,0.96,218.0,0.965,31.5,0.04,278.0,0.035,31.5,0.05,3.2,0.06,718.12,0.01,0.01,2379.922658,1776281941000
1776281943.426,243.426,0.95,102.2,0.94,248.12,0.96,332.9,0.97,65.0,0.04,218.0,0.035,31.5,0.05,282.2,0.06,423.12,0.01,0.01,2379.792509,1776281942000
1776281943.908,243.908,0.95,67.15,0.94,615.12,0.96,253.44,0.964,31.5,0.04,196.44,0.03,122.0,0.05,86.75,0.06,588.12,0.01,0.01,2379.792509,1776281942000
1776281944.294,244.294,0.94,106.12,0.93,354.0,0.95,15.0,0.956,31.5,0.04,449.83,0.03,170.0,0.06,106.12,0.07,534.0,0.01,0.02,2379.792509,1776281942000
1776281944.624,244.624,0.93,76.12,0.92,640.0,0.95,165.0,0.952,22.87,0.05,15.0,0.044,31.5,0.06,106.12,0.07,354.0,0.02,0.01,2379.792509,1776281942000
1776281945.044,245.044,0.94,345.59,0.93,384.0,0.95,180.0,0.96,90.0,0.05,165.0,0.048,22.87,0.07,56.12,0.08,640.0,0.01,0.02,2379.280568,1776281943000
1776281945.325,245.325,0.94,92.59,0.93,238.0,0.95,165.0,0.96,380.0,0.05,137.0,0.04,90.0,0.06,675.59,0.07,30.0,0.01,0.01,2379.280568,1776281943000
1776281945.914,245.914,0.94,160.59,0.93,190.0,0.95,153.66,0.956,31.5,0.05,151.92,0.04,380.0,0.06,92.59,0.07,582.0,0.01,0.01,2379.261824,1776281944000
1776281946.48,246.48,0.93,10.0,0.92,113.0,0.943,100.0,0.95,362.21,0.05,199.21,0.043,31.5,0.06,35.59,0.07,120.0,0.013,0.01,2378.946067,1776281945000
1776281946.691,246.691,0.92,84.0,0.91,158.0,0.93,183.57,0.94,114.17,0.06,99.17,0.056,22.87,0.08,122.0,0.09,280.0,0.01,0.02,2378.946067,1776281945000
1776281947.001,247.001,0.92,79.0,0.91,208.0,0.93,8.44,0.94,10.0,0.05,506.57,0.044,5.0,0.08,74.0,0.09,158.0,0.01,0.03,2378.946067,1776281945000
1776281947.386,247.386,0.92,79.0,0.91,320.0,0.94,177.48,0.95,542.37,0.07,5.48,0.06,10.0,0.08,179.0,0.09,313.0,0.02,0.01,2378.946067,1776281945000
1776281948.037,248.037,0.92,5.0,0.91,166.0,0.93,269.3,0.94,118.0,0.07,90.92,0.06,295.48,0.08,64.0,0.09,315.0,0.01,0.01,2378.63076,1776281946000
1776281948.571,248.571,0.91,131.0,0.9,218.1,0.93,237.0,0.94,181.8,0.07,269.3,0.06,118.0,0.08,5.0,0.09,166.0,0.02,0.01,2378.596827,1776281947000
1776281948.85,248.85,0.92,14.5,0.91,230.0,0.93,215.0,0.94,10.0,0.07,237.0,0.06,181.8,0.09,131.0,0.1,218.1,0.01,0.02,2378.596827,1776281947000
1776281949.485,249.485,0.9,19.1,0.89,173.01,0.92,72.0,0.93,433.0,0.07,209.25,0.06,15.0,0.08,14.5,0.09,230.0,0.02,0.01,2378.596827,1776281947000
1776281949.967,249.967,0.9,18.0,0.89,204.87,0.91,272.0,0.92,15.0,0.09,40.0,0.08,252.0,0.11,142.87,0.12,317.0,0.01,0.02,2378.187629,1776281948000
1776281950.2,250.2,0.89,117.87,0.88,445.0,0.9,236.88,0.91,40.0,0.09,261.02,0.08,15.0,0.11,300.91,0.12,265.0,0.01,0.02,2378.187629,1776281948000
1776281950.608,250.608,0.9,160.0,0.89,459.87,0.92,180.0,0.93,35.0,0.1,231.76,0.09,40.0,0.11,112.87,0.12,445.0,0.02,0.01,2378.016622,1776281949000
1776281951.057,251.057,0.91,163.66,0.9,443.58,0.92,187.0,0.93,35.0,0.08,177.0,0.07,35.0,0.09,544.0,0.1,571.58,0.01,0.01,2377.90432,1776281950000
1776281951.481,251.481,0.91,5.66,0.9,29.58,0.92,324.82,0.93,85.0,0.08,325.91,0.07,85.0,0.09,5.66,0.1,24.58,0.01,0.01,2377.90432,1776281950000
1776281951.891,251.891,0.91,5.66,0.9,21.58,0.92,305.95,0.93,151.0,0.08,324.82,0.07,85.0,0.09,5.66,0.1,29.58,0.01,0.01,2377.90432,1776281950000
1776281952.363,252.363,0.91,5.66,0.9,87.58,0.92,193.95,0.93,43.0,0.08,305.95,0.07,151.0,0.09,5.66,0.1,21.58,0.01,0.01,2377.713098,1776281951000
1776281952.663,252.663,0.91,38.73,0.9,86.58,0.92,171.66,0.93,43.0,0.08,191.66,0.07,43.0,0.09,43.73,0.1,144.58,0.01,0.01,2377.713098,1776281951000
1776281953.126,253.126,0.91,17.61,0.9,87.58,0.92,282.57,0.93,98.0,0.08,171.66,0.07,43.0,0.09,27.61,0.1,86.58,0.01,0.01,2377.713098,1776281951000
1776281953.737,253.737,0.91,17.61,0.9,21.58,0.92,351.04,0.93,155.0,0.08,282.57,0.07,98.0,0.09,17.61,0.1,87.58,0.01,0.01,2377.905581,1776281952000
1776281954.013,254.013,0.89,58.0,0.88,108.0,0.918,100.0,0.92,430.04,0.08,430.04,0.07,150.3,0.09,0.61,0.1,21.58,0.028,0.01,2377.905581,1776281952000
1776281954.222,254.222,0.9,4.6,0.89,163.0,0.91,15.0,0.92,60.0,0.082,99.67,0.08,381.04,0.11,58.0,0.12,108.0,0.01,0.028,2377.905581,1776281952000
1776281954.833,254.833,0.9,148.0,0.89,315.0,0.91,185.0,0.92,10.0,0.09,15.0,0.08,142.0,0.11,157.6,0.12,290.0,0.01,0.02,2377.764704,1776281953000
1776281956.305,256.305,0.88,100.0,0.87,170.0,0.89,310.87,0.9,195.0,0.09,185.0,0.08,10.0,0.1,148.0,0.11,315.0,0.01,0.01,2377.640213,1776281954000
1776281956.751,256.751,0.87,133.0,0.86,80.0,0.89,200.87,0.9,90.0,0.11,210.87,0.1,195.0,0.12,100.0,0.13,170.0,0.02,0.01,2377.70939,1776281955000
1776281957.614,257.614,0.87,137.0,0.86,260.0,0.88,193.86,0.89,72.0,0.12,82.0,0.11,153.87,0.13,140.0,0.14,322.0,0.01,0.01,2377.799231,1776281956000
1776281958.079,258.079,0.88,251.0,0.87,407.01,0.9,187.77,0.91,10.0,0.12,124.46,0.11,72.0,0.13,131.01,0.14,260.0,0.02,0.01,2377.479722,1776281957000
1776281958.417,258.417,0.89,395.0,0.88,551.0,0.9,128.99,0.91,10.0,0.1,161.75,0.09,10.0,0.11,400.0,0.12,551.0,0.01,0.01,2377.479722,1776281957000
1776281958.617,258.617,0.89,160.9,0.88,731.0,0.9,166.99,0.91,10.0,0.1,166.99,0.09,10.0,0.11,160.9,0.12,731.0,0.01,0.01,2377.479722,1776281957000
1776281959.332,259.332,0.89,485.9,0.88,551.0,0.9,164.72,0.91,10.0,0.1,166.99,0.09,10.0,0.11,160.9,0.12,731.0,0.01,0.01,2377.308335,1776281958000
1776281960.092,260.092,0.89,204.9,0.88,135.0,0.9,174.72,0.91,15.0,0.1,164.72,0.09,10.0,0.11,485.9,0.12,551.0,0.01,0.01,2377.429301,1776281959000
1776281960.81,260.81,0.87,32.99,0.86,248.0,0.88,9.66,0.89,368.86,0.11,13.86,0.1,179.72,0.12,266.0,0.13,190.99,0.01,0.01,2377.429301,1776281959000
1776281961.32,261.32,0.87,49.99,0.86,327.0,0.9,20.47,0.91,60.0,0.12,9.66,0.11,368.86,0.13,32.99,0.14,248.0,0.03,0.01,2377.587677,1776281960000
1776281962.217,262.217,0.89,5.0,0.88,12.0,0.9,314.99,0.91,60.0,0.1,20.47,0.09,60.0,0.13,49.99,0.14,327.0,0.01,0.03,2377.587677,1776281960000
1776281963.737,263.737,0.87,297.99,0.86,95.0,0.88,225.63,0.89,15.0,0.1,314.99,0.09,60.0,0.11,5.0,0.12,12.0,0.01,0.01,2377.448311,1776281962000
1776281964.138,264.138,0.87,179.99,0.86,275.0,0.88,223.92,0.89,25.0,0.12,225.63,0.11,15.0,0.13,297.99,0.14,95.0,0.01,0.01,2377.448311,1776281962000
1776281964.659,264.659,0.87,52.29,0.86,205.0,0.88,15.0,0.89,83.0,0.12,223.92,0.11,25.0,0.13,179.99,0.14,275.0,0.01,0.01,2377.351484,1776281963000
1776281965.566,265.566,0.87,15.29,0.86,277.0,0.88,80.72,0.89,25.0,0.12,15.0,0.11,83.0,0.13,52.29,0.14,205.0,0.01,0.01,2377.281361,1776281964000
1776281965.82,265.82,0.86,277.0,0.85,150.35,0.88,60.86,0.89,20.0,0.12,78.0,0.11,25.0,0.14,277.0,0.15,150.35,0.02,0.02,2377.281361,1776281964000
1776281968.316,268.316,0.87,251.3,0.86,153.0,0.88,20.0,0.89,30.0,0.12,14.32,0.11,20.0,0.13,17.0,0.14,270.0,0.01,0.01,2377.080507,1776281967000
1776281969.141,269.141,0.88,42.0,0.87,340.68,0.89,2.0,0.9,10.0,0.12,20.0,0.11,30.0,0.13,251.3,0.14,153.0,0.01,0.01,2377.080507,1776281967000
1776281970.342,270.342,0.88,42.0,0.87,340.68,0.9,8.88,0.91,10.0,0.11,2.0,0.1,10.0,0.12,42.0,0.13,340.68,0.02,0.01,2377.022032,1776281969000
1776281970.594,270.594,0.88,109.0,0.87,283.68,0.9,7.75,0.91,10.0,0.1,8.88,0.09,10.0,0.12,42.0,0.13,340.68,0.02,0.02,2377.022032,1776281969000
1776281971.67,271.67,0.89,47.0,0.88,87.0,0.9,8.88,0.91,11.66,0.09,6.66,0.08,108.9,0.12,104.0,0.13,283.68,0.01,0.03,2377.008995,1776281970000
1776281972.996,272.996,0.89,94.0,0.88,268.0,0.91,7.47,0.92,60.0,0.09,9.12,0.08,108.9,0.11,37.0,0.12,87.0,0.02,0.02,2376.999641,1776281971000
1776281974.808,274.808,0.89,82.0,0.88,263.0,0.91,2.47,0.92,65.0,0.09,7.47,0.08,60.0,0.11,94.0,0.12,268.0,0.02,0.02,2376.961905,1776281973000
1776281978.202,278.202,0.91,10.88,0.9,73.0,0.92,50.0,0.93,30.0,0.09,2.47,0.08,65.0,0.11,82.0,0.12,263.0,0.01,0.02,2376.933795,1776281976000
1776281978.993,278.993,0.95,820.0,0.94,150.0,0.96,154.17,0.974,5.0,0.08,50.0,0.07,30.0,0.09,10.88,0.1,73.0,0.01,0.01,2376.933795,1776281976000
1776281979.921,279.921,0.97,115.0,0.96,557.0,0.976,5.0,0.977,5.0,0.026,5.0,0.025,5.0,0.05,780.26,0.06,155.0,0.006,0.024,2377.002627,1776281977000
1776281980.218,280.218,0.97,451.0,0.96,427.0,0.98,57.85,0.981,5.0,0.024,5.0,0.023,5.0,0.03,115.0,0.04,557.0,0.01,0.006,2376.936239,1776281978000
1776281980.776,280.776,0.97,528.0,0.96,428.0,0.98,56.82,0.981,5.0,0.02,57.85,0.019,5.0,0.03,451.0,0.04,427.0,0.01,0.01,2376.936239,1776281978000
1776281981.01,281.01,0.97,471.0,0.96,485.0,0.981,5.0,0.982,5.0,0.02,56.82,0.019,5.0,0.03,528.0,0.04,428.0,0.011,0.01,2377.227657,1776281979000
1776281981.44,281.44,0.98,446.0,0.97,241.0,0.99,163.49,0.995,6.0,0.01,183.49,0.005,6.0,0.02,115.0,0.03,466.0,0.01,0.01,2377.227657,1776281979000
1776281982.027,282.027,0.98,456.0,0.97,241.0,0.99,128.49,0.995,6.0,0.01,138.49,0.005,6.0,0.02,456.0,0.03,241.0,0.01,0.01,2377.675387,1776281980000
1776281982.292,282.292,0.98,605.0,0.97,421.0,0.99,123.43,0.995,6.0,0.01,128.49,0.005,6.0,0.02,452.0,0.03,241.0,0.01,0.01,2377.675387,1776281980000
1776281983.64,283.64,0.98,600.0,0.97,421.0,0.99,121.4,0.995,6.0,0.01,123.43,0.005,6.0,0.02,605.0,0.03,421.0,0.01,0.01,2377.727921,1776281982000
1776281983.946,283.946,0.98,657.0,0.97,364.0,0.99,174.6,0.995,6.0,0.01,121.4,0.005,6.0,0.02,600.0,0.03,421.0,0.01,0.01,2377.727921,1776281982000
1776281984.487,284.487,0.98,740.0,0.97,311.0,0.99,122.1,0.995,6.0,0.01,114.6,0.005,6.0,0.02,677.0,0.03,364.0,0.01,0.01,2377.727921,1776281982000
1776281985.477,285.477,0.98,910.0,0.97,135.0,0.99,116.1,0.995,6.0,0.01,122.1,0.005,6.0,0.02,740.0,0.03,311.0,0.01,0.01,2377.949912,1776281983000
1776281985.84,285.84,0.99,125.05,0.98,859.39,0.999,412.23,,,0.001,417.24,,,0.01,110.0,0.02,849.39,0.009,0.009,2378.171225,1776281984000
1776281986.547,286.547,0.99,238.68,0.98,859.39,0.999,412.23,,,0.001,412.23,,,0.01,109.93,0.02,859.39,0.009,0.009,2378.171225,1776281985000
1776281989.637,289.637,0.99,1725.67,0.98,849.39,0.999,262.08,,,0.001,412.23,,,0.01,234.72,0.02,859.39,0.009,0.009,2378.444552,1776281987000
1776281990.517,290.517,0.991,400.0,0.99,4940.67,0.999,257.08,,,0.001,262.08,,,0.01,1725.67,0.02,849.39,0.008,0.009,2378.513834,1776281989000
1776281990.762,290.762,0.99,2907.72,0.98,789.0,0.999,252.07,,,0.001,257.08,,,0.01,2882.67,0.02,518.39,0.009,0.009,2378.513834,1776281989000
1776281991.08,291.08,0.99,2141.8,0.98,784.0,0.999,202.47,,,0.001,252.07,,,0.01,2907.72,0.02,789.0,0.009,0.009,2378.513834,1776281989000
1776281991.553,291.553,0.99,2141.8,0.98,784.0,0.999,183.79,,,0.001,202.47,,,0.01,2141.8,0.02,784.0,0.009,0.009,2378.953602,1776281990000
1776281992.199,292.199,0.99,2141.8,0.98,489.0,0.999,88.86,,,0.001,138.9,,,0.01,2141.8,0.02,726.0,0.009,0.009,2378.953602,1776281990000
1776281992.924,292.924,0.99,2151.91,0.98,489.0,0.999,387.85,,,0.001,88.86,,,0.01,2141.8,0.02,489.0,0.009,0.009,2379.713571,1776281991000
1776281993.17,293.17,0.99,2156.91,0.98,489.0,0.999,365.29,,,0.001,368.3,,,0.01,2151.91,0.02,489.0,0.009,0.009,2379.713571,1776281991000
1776281994.399,294.399,0.99,2205.93,0.98,489.0,0.999,355.28,,,0.001,365.29,,,0.01,2156.91,0.02,489.0,0.009,0.009,2379.755042,1776281992000
1776281994.739,294.739,0.99,2307.45,0.98,489.0,0.999,352.66,,,0.001,354.27,,,0.01,2236.18,0.02,489.0,0.009,0.009,2379.484691,1776281993000
1776281994.978,294.978,0.99,2707.45,0.98,489.0,0.999,281.62,,,0.001,291.64,,,0.01,2307.45,0.02,489.0,0.009,0.009,2379.484691,1776281993000
1776281995.181,295.181,0.99,2707.45,0.98,489.0,0.999,271.62,,,0.001,276.62,,,0.01,2707.45,0.02,489.0,0.009,0.009,2379.484691,1776281993000
1776281995.574,295.574,0.99,2763.5,0.98,489.0,0.999,266.62,,,0.001,271.62,,,0.01,2707.45,0.02,489.0,0.009,0.009,2379.467153,1776281994000
1776281995.795,295.795,0.99,2768.55,0.98,489.0,0.999,256.62,,,0.001,266.62,,,0.01,2763.5,0.02,489.0,0.009,0.009,2379.467153,1776281994000
1776281996.034,296.034,0.99,2768.55,0.98,489.0,0.999,250.61,,,0.001,251.62,,,0.01,2773.55,0.02,489.0,0.009,0.009,2379.467153,1776281994000
1776281996.38,296.38,0.99,2768.55,0.98,489.0,0.999,245.61,,,0.001,250.61,,,0.01,2768.55,0.02,489.0,0.009,0.009,2379.469456,1776281995000
1776281996.624,296.624,0.999,3776.42,0.99,2768.55,,,,,0.001,231.59,,,0.01,2768.55,0.02,489.0,,0.009,2379.469456,1776281995000

# RESULT,winner=Up,slug=eth-updown-5m-1776281700,ticks=418
