timestamp,elapsed_sec,up_bid_p1,up_bid_s1,up_bid_p2,up_bid_s2,up_ask_p1,up_ask_s1,up_ask_p2,up_ask_s2,down_bid_p1,down_bid_s1,down_bid_p2,down_bid_s2,down_ask_p1,down_ask_s1,down_ask_p2,down_ask_s2,up_spread,down_spread,eth_price,eth_oracle_ts
1776222611.32,11.32,,,,,,,,,,,,,,,,,,,2323.075029,1776222609000
1776222611.798,11.798,0.36,50.18,0.35,145.0,0.37,25.0,0.38,15.0,0.63,15.0,0.62,15.0,0.64,55.18,0.65,145.0,0.01,0.01,2323.075029,1776222609000
1776222612.22,12.22,0.36,50.18,0.35,145.0,0.37,25.0,0.38,15.0,0.63,25.0,0.62,15.0,0.64,50.18,0.65,145.0,0.01,0.01,2323.039374,1776222610000
1776222613.113,13.113,0.36,50.18,0.35,145.0,0.37,25.0,0.38,15.0,0.63,25.0,0.62,15.0,0.64,50.18,0.65,145.0,0.01,0.01,2323.007858,1776222611000
1776222613.33,13.33,0.35,62.43,0.33,5.0,0.37,45.0,0.38,20.0,0.63,50.0,0.62,20.0,0.65,70.0,0.67,5.0,0.02,0.02,2323.007858,1776222611000
1776222613.584,13.584,0.35,34.39,0.32,5.0,0.36,55.0,0.37,45.0,0.64,15.0,0.63,50.0,0.65,39.39,0.68,5.0,0.01,0.01,2323.007858,1776222611000
1776222613.887,13.887,0.32,5.0,0.31,70.0,0.36,55.0,0.37,45.0,0.64,55.0,0.63,45.0,0.68,5.0,0.69,70.0,0.04,0.04,2323.05946,1776222612000
1776222614.258,14.258,0.31,69.65,0.3,15.0,0.33,20.0,0.34,25.0,0.64,55.0,0.63,45.0,0.68,5.0,0.69,70.0,0.02,0.04,2323.05946,1776222612000
1776222614.527,14.527,0.31,124.65,0.3,20.0,0.32,9.75,0.33,25.0,0.68,3.75,0.67,14.0,0.69,69.65,0.7,15.0,0.01,0.01,2323.05946,1776222612000
1776222614.955,14.955,0.32,20.0,0.31,149.05,0.33,5.0,0.34,15.0,0.67,10.0,0.66,15.0,0.69,133.05,0.7,38.0,0.01,0.02,2323.015123,1776222613000
1776222615.188,15.188,0.32,79.52,0.31,144.05,0.33,5.0,0.34,15.0,0.67,5.0,0.66,15.0,0.68,20.0,0.69,149.05,0.01,0.01,2323.015123,1776222613000
1776222615.461,15.461,0.32,79.52,0.31,144.05,0.33,5.0,0.34,15.0,0.67,5.0,0.66,15.0,0.68,79.52,0.69,144.05,0.01,0.01,2322.897983,1776222614000
1776222615.795,15.795,0.33,21.91,0.32,60.44,0.34,15.0,0.35,25.0,0.66,10.32,0.65,20.0,0.68,60.44,0.69,144.05,0.01,0.02,2322.897983,1776222614000
1776222616.329,16.329,0.33,21.91,0.32,60.44,0.34,15.0,0.35,25.0,0.66,15.0,0.65,25.0,0.67,21.91,0.68,60.44,0.01,0.01,2322.78616,1776222615000
1776222617.043,17.043,0.33,72.86,0.32,47.0,0.34,10.0,0.35,25.0,0.66,15.0,0.65,25.0,0.67,21.91,0.68,60.44,0.01,0.01,2322.78616,1776222615000
1776222617.252,17.252,0.33,61.36,0.32,50.0,0.34,10.0,0.35,25.0,0.66,10.0,0.65,25.0,0.67,72.86,0.68,47.0,0.01,0.01,2322.757405,1776222616000
1776222617.577,17.577,0.33,61.36,0.32,50.0,0.34,15.0,0.35,20.0,0.66,10.0,0.65,25.0,0.67,61.36,0.68,50.0,0.01,0.01,2322.757405,1776222616000
1776222617.97,17.97,0.33,56.36,0.32,50.0,0.34,6.18,0.35,20.0,0.66,15.0,0.65,20.0,0.67,61.36,0.68,50.0,0.01,0.01,2322.757405,1776222616000
1776222618.602,18.602,0.33,59.86,0.32,50.0,0.34,6.18,0.35,20.0,0.66,6.18,0.65,20.0,0.67,56.36,0.68,50.0,0.01,0.01,2322.757405,1776222616000
1776222618.956,18.956,0.33,59.86,0.32,50.0,0.34,6.18,0.35,20.0,0.66,6.18,0.65,20.0,0.67,59.86,0.68,50.0,0.01,0.01,2322.868475,1776222617000
1776222619.495,19.495,0.33,74.86,0.32,46.0,0.34,1.18,0.35,20.0,0.66,6.18,0.65,20.0,0.67,59.86,0.68,50.0,0.01,0.01,2322.868475,1776222617000
1776222619.696,19.696,0.33,69.86,0.32,46.0,0.34,10.0,0.35,20.0,0.66,10.0,0.65,20.0,0.67,69.86,0.68,46.0,0.01,0.01,2322.8915,1776222618000
1776222620.359,20.359,0.33,69.86,0.32,46.0,0.34,10.0,0.35,20.0,0.66,10.0,0.65,20.0,0.67,69.86,0.68,46.0,0.01,0.01,2322.89065,1776222619000
1776222621.167,21.167,0.33,89.49,0.32,56.0,0.34,10.0,0.35,10.0,0.66,10.0,0.65,20.0,0.67,69.86,0.68,46.0,0.01,0.01,2322.89065,1776222619000
1776222621.436,21.436,0.39,5.0,0.38,25.0,0.4,15.1,0.41,28.0,0.66,10.0,0.65,10.0,0.67,89.49,0.68,56.0,0.01,0.01,2322.864298,1776222620000
1776222623.5,23.5,0.39,10.0,0.38,33.0,0.4,5.1,0.41,30.0,0.6,5.1,0.59,30.0,0.61,10.0,0.62,33.0,0.01,0.01,2322.939619,1776222622000
1776222624.459,24.459,0.39,10.0,0.38,33.0,0.4,5.1,0.41,30.0,0.6,5.1,0.59,30.0,0.61,10.0,0.62,33.0,0.01,0.01,2323.00307,1776222623000
1776222625.408,25.408,0.39,10.0,0.38,33.0,0.4,5.1,0.41,30.0,0.6,5.1,0.59,30.0,0.61,10.0,0.62,33.0,0.01,0.01,2323.00958,1776222624000
1776222626.158,26.158,0.39,10.0,0.38,33.0,0.4,5.1,0.41,30.0,0.6,5.1,0.59,30.0,0.61,10.0,0.62,33.0,0.01,0.01,2323.011,1776222625000
1776222626.963,26.963,0.38,9.06,0.37,85.0,0.39,20.0,0.4,30.1,0.6,5.1,0.59,30.0,0.61,10.0,0.62,33.0,0.01,0.01,2323.011,1776222625000
1776222627.737,27.737,0.38,9.06,0.37,85.0,0.39,20.0,0.4,30.1,0.61,20.0,0.6,30.1,0.62,9.06,0.63,85.0,0.01,0.01,2323.02345,1776222626000
1776222628.336,28.336,0.38,28.04,0.37,85.0,0.39,17.43,0.4,35.1,0.61,20.0,0.6,30.1,0.62,9.06,0.63,85.0,0.01,0.01,2323.02345,1776222626000
1776222628.706,28.706,0.38,28.04,0.37,85.0,0.39,17.43,0.4,35.1,0.61,17.43,0.6,35.1,0.62,28.04,0.63,85.0,0.01,0.01,2323.026,1776222627000
1776222629.759,29.759,0.38,28.04,0.37,85.0,0.39,17.43,0.4,35.1,0.61,17.43,0.6,35.1,0.62,28.04,0.63,85.0,0.01,0.01,2323.01105,1776222628000
1776222630.734,30.734,0.38,28.04,0.37,85.0,0.39,17.43,0.4,35.1,0.61,17.43,0.6,35.1,0.62,28.04,0.63,85.0,0.01,0.01,2323.01253,1776222629000
1776222631.697,31.697,0.38,28.04,0.37,85.0,0.39,17.43,0.4,35.1,0.61,17.43,0.6,35.1,0.62,28.04,0.63,85.0,0.01,0.01,2323.04445,1776222630000
1776222632.702,32.702,0.38,28.04,0.37,85.0,0.39,17.43,0.4,35.1,0.61,17.43,0.6,35.1,0.62,28.04,0.63,85.0,0.01,0.01,2323.108331,1776222631000
1776222633.98,33.98,0.38,28.04,0.37,85.0,0.39,17.43,0.4,35.1,0.61,17.43,0.6,35.1,0.62,28.04,0.63,85.0,0.01,0.01,2323.12955,1776222632000
1776222634.604,34.604,0.39,4.0,0.38,28.04,0.4,43.0,0.41,41.0,0.61,17.43,0.6,35.1,0.62,28.04,0.63,85.0,0.01,0.01,2323.12955,1776222632000
1776222635.341,35.341,0.38,28.04,0.37,80.0,0.39,14.97,0.4,38.0,0.6,43.0,0.59,41.0,0.61,4.0,0.62,28.04,0.01,0.01,2323.133103,1776222633000
1776222636.085,36.085,0.38,17.21,0.37,90.0,0.39,14.97,0.4,38.0,0.61,14.97,0.6,38.0,0.62,28.04,0.63,80.0,0.01,0.01,2323.13131,1776222634000
1776222636.843,36.843,0.37,75.21,0.36,25.0,0.39,19.97,0.4,33.0,0.61,14.97,0.6,38.0,0.62,17.21,0.63,90.0,0.02,0.01,2323.125067,1776222635000
1776222637.081,37.081,0.37,113.62,0.36,25.0,0.38,15.0,0.39,24.97,0.61,19.97,0.6,33.0,0.63,75.21,0.64,25.0,0.01,0.02,2323.125067,1776222635000
1776222637.639,37.639,0.37,113.62,0.36,25.0,0.38,10.0,0.39,29.97,0.62,15.0,0.61,24.97,0.63,113.62,0.64,25.0,0.01,0.01,2323.125067,1776222635000
1776222637.939,37.939,0.37,113.62,0.36,25.0,0.38,10.0,0.39,29.97,0.62,10.0,0.61,29.97,0.63,113.62,0.64,25.0,0.01,0.01,2323.114644,1776222636000
1776222638.205,38.205,0.37,116.49,0.36,27.0,0.38,5.0,0.39,29.97,0.62,10.0,0.61,29.97,0.63,113.62,0.64,25.0,0.01,0.01,2323.114644,1776222636000
1776222638.628,38.628,0.37,116.49,0.36,27.0,0.38,5.0,0.39,29.97,0.62,5.0,0.61,29.97,0.63,116.49,0.64,27.0,0.01,0.01,2323.109046,1776222637000
1776222639.427,39.427,0.37,116.49,0.36,27.0,0.38,5.0,0.39,29.97,0.62,5.0,0.61,29.97,0.63,116.49,0.64,27.0,0.01,0.01,2323.111706,1776222638000
1776222640.081,40.081,0.37,116.49,0.36,27.0,0.38,5.0,0.39,29.97,0.62,5.0,0.61,29.97,0.63,116.49,0.64,27.0,0.01,0.01,2323.111888,1776222639000
1776222640.843,40.843,0.39,41.0,0.38,55.0,0.45,10.0,0.46,5.0,0.62,5.0,0.61,29.97,0.63,116.49,0.64,27.0,0.06,0.01,2323.111888,1776222639000
1776222641.186,41.186,0.45,140.0,0.44,25.0,0.5,11.0,0.51,15.0,0.54,9.91,0.5,11.0,0.55,110.0,0.56,25.0,0.05,0.01,2323.111888,1776222639000
1776222641.71,41.71,0.45,140.0,0.44,25.0,0.5,11.0,0.51,15.0,0.5,11.0,0.49,15.0,0.55,140.0,0.56,25.0,0.05,0.05,2323.11191,1776222640000
1776222642.418,42.418,0.45,140.0,0.44,25.0,0.5,11.0,0.51,15.0,0.5,11.0,0.49,15.0,0.55,140.0,0.56,25.0,0.05,0.05,2323.120678,1776222641000
1776222643.26,43.26,0.45,140.0,0.44,25.0,0.5,11.0,0.51,15.0,0.5,11.0,0.49,15.0,0.55,140.0,0.56,25.0,0.05,0.05,2323.462382,1776222642000
1776222643.566,43.566,0.41,10.0,0.4,20.0,0.42,49.61,0.43,20.0,0.5,11.0,0.49,15.0,0.55,140.0,0.56,25.0,0.01,0.05,2323.462382,1776222642000
1776222644.707,44.707,0.41,10.0,0.4,20.0,0.42,49.61,0.43,20.0,0.58,49.61,0.57,20.0,0.59,10.0,0.6,20.0,0.01,0.01,2323.539606,1776222643000
1776222645.413,45.413,0.41,10.0,0.4,20.0,0.42,49.61,0.43,20.0,0.58,49.61,0.57,20.0,0.59,10.0,0.6,20.0,0.01,0.01,2323.423064,1776222644000
1776222646.237,46.237,0.41,10.0,0.4,20.0,0.42,49.61,0.43,20.0,0.58,49.61,0.57,20.0,0.59,10.0,0.6,20.0,0.01,0.01,2323.38275,1776222645000
1776222646.847,46.847,0.35,3.52,0.34,22.0,0.42,113.0,0.43,39.0,0.58,49.61,0.57,20.0,0.59,10.0,0.6,20.0,0.07,0.01,2323.38275,1776222645000
1776222647.722,47.722,0.35,3.52,0.34,22.0,0.42,113.0,0.43,39.0,0.58,113.0,0.57,39.0,0.65,3.52,0.66,22.0,0.07,0.07,2323.379568,1776222646000
1776222648.181,48.181,0.32,73.44,0.31,63.0,0.36,43.0,0.37,25.0,0.64,43.0,0.63,20.0,0.65,18.74,0.66,22.0,0.04,0.01,2323.379568,1776222646000
1776222648.587,48.587,0.32,88.44,0.31,78.0,0.33,6.18,0.34,10.0,0.64,43.0,0.63,25.0,0.68,73.44,0.69,63.0,0.01,0.04,2323.29221,1776222647000
1776222649.018,49.018,0.32,35.44,0.3,21.0,0.33,16.18,0.34,27.0,0.67,6.18,0.66,10.0,0.68,88.44,0.69,78.0,0.01,0.01,2323.29221,1776222647000
1776222650.673,50.673,0.32,10.44,0.3,21.0,0.33,15.11,0.34,27.0,0.67,15.11,0.66,27.0,0.68,10.44,0.7,21.0,0.01,0.01,2323.02907,1776222649000
1776222651.373,51.373,0.32,10.44,0.3,21.0,0.33,15.11,0.34,27.0,0.67,15.11,0.66,27.0,0.68,10.44,0.7,21.0,0.01,0.01,2323.005884,1776222650000
1776222652.144,52.144,0.32,10.44,0.3,21.0,0.33,15.11,0.34,27.0,0.67,15.11,0.66,27.0,0.68,10.44,0.7,21.0,0.01,0.01,2323.012726,1776222651000
1776222652.602,52.602,0.34,20.9,0.33,30.0,0.35,15.0,0.36,20.0,0.67,15.11,0.66,27.0,0.68,10.44,0.7,21.0,0.01,0.01,2323.012726,1776222651000
1776222653.062,53.062,0.34,20.9,0.33,30.0,0.35,15.0,0.36,20.0,0.65,15.0,0.64,20.0,0.66,20.9,0.67,30.0,0.01,0.01,2323.011883,1776222652000
1776222654.157,54.157,0.34,20.9,0.33,30.0,0.35,15.0,0.36,20.0,0.65,15.0,0.64,20.0,0.66,20.9,0.67,30.0,0.01,0.01,2323.010604,1776222653000
1776222655.162,55.162,0.34,20.9,0.33,30.0,0.35,15.0,0.36,20.0,0.65,15.0,0.64,20.0,0.66,20.9,0.67,30.0,0.01,0.01,2323.037423,1776222654000
1776222655.613,55.613,0.42,55.0,0.41,20.0,0.45,2.04,0.46,11.0,0.65,15.0,0.64,20.0,0.66,20.9,0.67,30.0,0.03,0.01,2323.037423,1776222654000
1776222656.145,56.145,0.42,55.0,0.41,20.0,0.45,2.04,0.46,11.0,0.55,2.04,0.54,11.0,0.58,55.0,0.59,20.0,0.03,0.03,2323.047889,1776222655000
1776222657.212,57.212,0.42,55.0,0.41,20.0,0.45,2.04,0.46,11.0,0.55,2.04,0.54,11.0,0.58,55.0,0.59,20.0,0.03,0.03,2323.103801,1776222656000
1776222657.579,57.579,0.45,15.0,0.44,15.0,0.46,15.0,0.47,30.82,0.55,2.04,0.54,11.0,0.58,55.0,0.59,20.0,0.01,0.03,2323.103801,1776222656000
1776222658.238,58.238,0.45,15.0,0.44,15.0,0.46,15.0,0.47,30.82,0.54,15.0,0.53,30.82,0.55,15.0,0.56,15.0,0.01,0.01,2323.393571,1776222657000
1776222659.339,59.339,0.45,15.0,0.44,15.0,0.46,15.0,0.47,30.82,0.54,15.0,0.53,30.82,0.55,15.0,0.56,15.0,0.01,0.01,2323.476135,1776222658000
1776222659.887,59.887,0.44,25.0,0.43,10.0,0.46,41.0,0.47,16.0,0.54,15.0,0.53,30.82,0.55,15.0,0.56,15.0,0.02,0.01,2323.476135,1776222658000
1776222660.312,60.312,0.44,24.0,0.43,10.0,0.45,19.37,0.46,51.0,0.55,19.37,0.54,51.0,0.56,24.0,0.57,10.0,0.01,0.01,2323.46265,1776222659000
1776222660.599,60.599,0.44,29.0,0.43,10.0,0.46,32.0,0.47,54.0,0.55,19.37,0.54,51.0,0.56,24.0,0.57,10.0,0.02,0.01,2323.46265,1776222659000
1776222661.336,61.336,0.44,29.0,0.43,10.0,0.46,32.0,0.47,54.0,0.54,32.0,0.53,54.0,0.56,29.0,0.57,10.0,0.02,0.02,2323.466613,1776222660000
1776222661.596,61.596,0.44,14.9,0.43,15.0,0.45,5.0,0.46,32.0,0.54,32.0,0.53,54.0,0.56,29.0,0.57,10.0,0.01,0.02,2323.466613,1776222660000
1776222661.831,61.831,0.44,14.9,0.43,15.0,0.45,5.0,0.46,32.0,0.55,5.0,0.54,32.0,0.56,14.9,0.57,15.0,0.01,0.01,2323.466613,1776222661000
1776222662.864,62.864,0.44,14.9,0.43,15.0,0.45,5.0,0.46,32.0,0.55,5.0,0.54,32.0,0.56,14.9,0.57,15.0,0.01,0.01,2323.415911,1776222662000
1776222663.885,63.885,0.44,29.9,0.43,15.0,0.46,70.91,0.47,27.0,0.54,70.91,0.53,27.0,0.56,29.9,0.57,15.0,0.02,0.02,2323.430482,1776222663000
1776222664.866,64.866,0.44,29.9,0.43,15.0,0.46,70.91,0.47,27.0,0.54,70.91,0.53,27.0,0.56,29.9,0.57,15.0,0.02,0.02,2323.435517,1776222664000
1776222665.608,65.608,0.43,9.81,0.42,5.0,0.45,137.0,0.46,38.91,0.54,70.91,0.53,27.0,0.56,29.9,0.57,15.0,0.02,0.02,2323.435517,1776222664000
1776222666.509,66.509,0.43,9.81,0.42,5.0,0.45,137.0,0.46,38.91,0.55,137.0,0.54,38.91,0.57,9.81,0.58,5.0,0.02,0.02,2323.520681,1776222665000
1776222667.092,67.092,0.43,9.81,0.42,5.0,0.45,137.0,0.46,38.91,0.55,137.0,0.54,38.91,0.57,9.81,0.58,5.0,0.02,0.02,2323.514711,1776222666000
1776222668.291,68.291,0.43,9.81,0.42,5.0,0.45,137.0,0.46,38.91,0.55,137.0,0.54,38.91,0.57,9.81,0.58,5.0,0.02,0.02,2323.339311,1776222667000
1776222668.671,68.671,0.42,9.0,0.41,15.0,0.43,21.0,0.44,68.0,0.55,137.0,0.54,38.91,0.57,9.81,0.58,5.0,0.01,0.02,2323.339311,1776222667000
1776222669.302,69.302,0.35,5.0,0.34,20.0,0.36,16.0,0.37,16.0,0.57,21.0,0.56,68.0,0.58,9.0,0.59,15.0,0.01,0.01,2323.339311,1776222667000
1776222669.563,69.563,0.35,5.0,0.34,20.0,0.36,16.0,0.37,16.0,0.64,16.0,0.63,16.0,0.65,5.0,0.66,20.0,0.01,0.01,2323.323335,1776222668000
1776222670.151,70.151,0.35,5.0,0.34,20.0,0.36,16.0,0.37,16.0,0.64,16.0,0.63,16.0,0.65,5.0,0.66,20.0,0.01,0.01,2323.323335,1776222669000
1776222670.452,70.452,0.35,45.0,0.34,25.0,0.37,8.83,0.38,16.0,0.64,16.0,0.63,16.0,0.65,5.0,0.66,20.0,0.02,0.01,2323.323335,1776222669000
1776222671.263,71.263,0.35,45.0,0.34,25.0,0.37,8.83,0.38,16.0,0.63,8.83,0.62,16.0,0.65,45.0,0.66,25.0,0.02,0.02,2323.245939,1776222670000
1776222672.631,72.631,0.35,45.0,0.34,25.0,0.37,8.83,0.38,16.0,0.63,8.83,0.62,16.0,0.65,45.0,0.66,25.0,0.02,0.02,2323.205567,1776222671000
1776222673.098,73.098,0.35,45.0,0.34,25.0,0.37,8.83,0.38,16.0,0.63,8.83,0.62,16.0,0.65,45.0,0.66,25.0,0.02,0.02,2323.205684,1776222672000
1776222674.365,74.365,0.35,45.0,0.34,25.0,0.37,8.83,0.38,16.0,0.63,8.83,0.62,16.0,0.65,45.0,0.66,25.0,0.02,0.02,2323.204565,1776222673000
1776222674.951,74.951,0.35,45.0,0.34,25.0,0.37,8.83,0.38,16.0,0.63,8.83,0.62,16.0,0.65,45.0,0.66,25.0,0.02,0.02,2323.206102,1776222674000
1776222676.008,76.008,0.35,45.0,0.34,25.0,0.37,8.83,0.38,16.0,0.63,8.83,0.62,16.0,0.65,45.0,0.66,25.0,0.02,0.02,2323.334286,1776222675000
1776222676.969,76.969,0.35,45.0,0.34,25.0,0.37,8.83,0.38,16.0,0.63,8.83,0.62,16.0,0.65,45.0,0.66,25.0,0.02,0.02,2323.366654,1776222676000
1776222678.16,78.16,0.35,45.0,0.34,25.0,0.37,8.83,0.38,16.0,0.63,8.83,0.62,16.0,0.65,45.0,0.66,25.0,0.02,0.02,2323.367022,1776222677000
1776222678.968,78.968,0.44,5.23,0.43,30.0,0.45,5.0,0.46,34.0,0.63,8.83,0.62,16.0,0.65,45.0,0.66,25.0,0.01,0.02,2323.367022,1776222677000
1776222679.279,79.279,0.44,5.23,0.43,30.0,0.45,5.0,0.46,34.0,0.55,5.0,0.54,34.0,0.56,5.23,0.57,30.0,0.01,0.01,2323.368659,1776222678000
1776222679.868,79.868,0.44,5.23,0.43,30.0,0.45,5.0,0.46,34.0,0.55,5.0,0.54,34.0,0.56,5.23,0.57,30.0,0.01,0.01,2323.371723,1776222679000
1776222680.955,80.955,0.44,5.23,0.43,30.0,0.45,5.0,0.46,34.0,0.55,5.0,0.54,34.0,0.56,5.23,0.57,30.0,0.01,0.01,2323.40085,1776222680000
1776222682.377,82.377,0.44,41.0,0.43,35.0,0.45,64.44,0.46,34.0,0.55,5.0,0.54,34.0,0.56,5.23,0.57,30.0,0.01,0.01,2323.40085,1776222680000
1776222682.812,82.812,0.44,41.0,0.43,35.0,0.45,64.44,0.46,34.0,0.55,64.44,0.54,34.0,0.56,41.0,0.57,35.0,0.01,0.01,2323.425275,1776222681000
1776222683.514,83.514,0.44,41.0,0.43,35.0,0.45,64.44,0.46,34.0,0.55,64.44,0.54,34.0,0.56,41.0,0.57,35.0,0.01,0.01,2323.425305,1776222682000
1776222684.121,84.121,0.44,41.0,0.43,35.0,0.45,64.44,0.46,34.0,0.55,64.44,0.54,34.0,0.56,41.0,0.57,35.0,0.01,0.01,2323.42534,1776222683000
1776222684.736,84.736,0.44,23.39,0.43,40.0,0.45,55.0,0.46,29.0,0.55,64.44,0.54,34.0,0.56,41.0,0.57,35.0,0.01,0.01,2323.42534,1776222683000
1776222685.551,85.551,0.44,23.39,0.43,40.0,0.45,55.0,0.46,29.0,0.55,55.0,0.54,29.0,0.56,23.39,0.57,40.0,0.01,0.01,2323.443911,1776222684000
1776222686.243,86.243,0.44,23.39,0.43,40.0,0.45,55.0,0.46,29.0,0.55,55.0,0.54,29.0,0.56,23.39,0.57,40.0,0.01,0.01,2323.47443,1776222685000
1776222686.517,86.517,0.44,15.53,0.43,30.0,0.45,55.0,0.46,29.0,0.55,55.0,0.54,29.0,0.56,23.39,0.57,40.0,0.01,0.01,2323.47443,1776222685000
1776222687.63,87.63,0.44,15.53,0.43,30.0,0.45,55.0,0.46,29.0,0.55,55.0,0.54,29.0,0.56,15.53,0.57,30.0,0.01,0.01,2323.464692,1776222686000
1776222688.206,88.206,0.44,15.53,0.43,30.0,0.45,55.0,0.46,29.0,0.55,55.0,0.54,29.0,0.56,15.53,0.57,30.0,0.01,0.01,2323.46132,1776222687000
1776222689.689,89.689,0.44,15.53,0.43,30.0,0.45,55.0,0.46,29.0,0.55,55.0,0.54,29.0,0.56,15.53,0.57,30.0,0.01,0.01,2323.445965,1776222688000
1776222690.372,90.372,0.44,15.53,0.43,30.0,0.45,55.0,0.46,29.0,0.55,55.0,0.54,29.0,0.56,15.53,0.57,30.0,0.01,0.01,2323.447835,1776222689000
1776222691.649,91.649,0.44,15.53,0.43,30.0,0.45,55.0,0.46,29.0,0.55,55.0,0.54,29.0,0.56,15.53,0.57,30.0,0.01,0.01,2323.451606,1776222690000
1776222692.328,92.328,0.44,15.53,0.43,30.0,0.45,55.0,0.46,29.0,0.55,55.0,0.54,29.0,0.56,15.53,0.57,30.0,0.01,0.01,2323.449446,1776222691000
1776222693.204,93.204,0.44,20.53,0.43,35.0,0.45,60.8,0.46,29.0,0.55,55.0,0.54,29.0,0.56,15.53,0.57,30.0,0.01,0.01,2323.449446,1776222691000
1776222693.712,93.712,0.44,14.76,0.43,35.0,0.45,60.8,0.46,29.0,0.55,60.8,0.54,29.0,0.56,20.53,0.57,35.0,0.01,0.01,2323.449446,1776222691000
1776222694.505,94.505,0.44,14.76,0.43,35.0,0.45,60.8,0.46,29.0,0.55,60.8,0.54,29.0,0.56,14.76,0.57,35.0,0.01,0.01,2323.4558,1776222693000
1776222695.297,95.297,0.44,14.76,0.43,35.0,0.45,60.8,0.46,29.0,0.55,60.8,0.54,29.0,0.56,14.76,0.57,35.0,0.01,0.01,2323.45581,1776222694000
1776222696.16,96.16,0.44,10.0,0.43,25.0,0.45,90.6,0.46,29.0,0.55,60.8,0.54,29.0,0.56,14.76,0.57,35.0,0.01,0.01,2323.45581,1776222694000
1776222696.635,96.635,0.44,10.0,0.43,25.0,0.45,90.6,0.46,29.0,0.55,90.6,0.54,29.0,0.56,10.0,0.57,25.0,0.01,0.01,2323.458092,1776222695000
1776222697.067,97.067,0.43,23.24,0.42,10.0,0.44,68.19,0.45,44.0,0.55,90.6,0.54,29.0,0.56,10.0,0.57,25.0,0.01,0.01,2323.458092,1776222695000
1776222698.684,98.684,0.43,23.24,0.42,10.0,0.44,68.19,0.45,44.0,0.56,68.19,0.55,44.0,0.57,23.24,0.58,10.0,0.01,0.01,2323.415106,1776222697000
1776222699.353,99.353,0.43,23.24,0.42,10.0,0.44,68.19,0.45,44.0,0.56,68.19,0.55,44.0,0.57,23.24,0.58,10.0,0.01,0.01,2323.415106,1776222698000
1776222699.61,99.61,0.43,10.0,0.42,5.0,0.44,94.75,0.45,34.0,0.56,68.19,0.55,44.0,0.57,23.24,0.58,10.0,0.01,0.01,2323.415106,1776222698000
1776222700.327,100.327,0.43,8.24,0.42,5.0,0.44,94.75,0.45,34.0,0.56,94.75,0.55,34.0,0.57,10.0,0.58,5.0,0.01,0.01,2323.415106,1776222698000
1776222700.924,100.924,0.43,8.24,0.42,5.0,0.44,94.75,0.45,34.0,0.56,94.75,0.55,34.0,0.57,8.24,0.58,5.0,0.01,0.01,2323.378311,1776222700000
1776222702.022,102.022,0.43,8.24,0.42,5.0,0.44,94.75,0.45,34.0,0.56,94.75,0.55,34.0,0.57,8.24,0.58,5.0,0.01,0.01,2323.304755,1776222701000
1776222702.338,102.338,0.42,4.48,0.41,15.0,0.44,140.75,0.45,44.0,0.56,94.75,0.55,34.0,0.57,8.24,0.58,5.0,0.02,0.01,2323.304755,1776222701000
1776222703.017,103.017,0.42,4.48,0.41,15.0,0.43,59.52,0.44,89.56,0.56,140.75,0.55,44.0,0.58,4.48,0.59,15.0,0.01,0.02,2323.304755,1776222701000
1776222704.026,104.026,0.42,4.48,0.41,15.0,0.43,59.52,0.44,89.56,0.57,59.52,0.56,89.56,0.58,4.48,0.59,15.0,0.01,0.01,2323.344177,1776222703000
1776222705.024,105.024,0.42,4.48,0.41,15.0,0.43,59.52,0.44,89.56,0.57,59.52,0.56,89.56,0.58,4.48,0.59,15.0,0.01,0.01,2323.346832,1776222704000
1776222706.087,106.087,0.42,4.48,0.41,15.0,0.43,59.52,0.44,89.56,0.57,59.52,0.56,89.56,0.58,4.48,0.59,15.0,0.01,0.01,2323.31953,1776222705000
1776222707.133,107.133,0.42,4.48,0.41,15.0,0.43,59.52,0.44,89.56,0.57,59.52,0.56,89.56,0.58,4.48,0.59,15.0,0.01,0.01,2323.361204,1776222706000
1776222708.106,108.106,0.42,4.48,0.41,15.0,0.43,59.52,0.44,89.56,0.57,59.52,0.56,89.56,0.58,4.48,0.59,15.0,0.01,0.01,2323.300067,1776222707000
1776222709.22,109.22,0.42,4.48,0.41,15.0,0.43,59.52,0.44,89.56,0.57,59.52,0.56,89.56,0.58,4.48,0.59,15.0,0.01,0.01,2323.295067,1776222708000
1776222710.254,110.254,0.42,4.48,0.41,15.0,0.43,59.52,0.44,89.56,0.57,59.52,0.56,89.56,0.58,4.48,0.59,15.0,0.01,0.01,2323.295254,1776222709000
1776222711.201,111.201,0.42,4.48,0.41,15.0,0.43,59.52,0.44,89.56,0.57,59.52,0.56,89.56,0.58,4.48,0.59,15.0,0.01,0.01,2323.290789,1776222710000
1776222712.341,112.341,0.42,4.48,0.41,15.0,0.43,59.52,0.44,89.56,0.57,59.52,0.56,89.56,0.58,4.48,0.59,15.0,0.01,0.01,2323.324962,1776222711000
1776222713.975,113.975,0.42,4.48,0.41,15.0,0.43,59.52,0.44,89.56,0.57,59.52,0.56,89.56,0.58,4.48,0.59,15.0,0.01,0.01,2323.428948,1776222712000
1776222714.359,114.359,0.41,35.0,0.4,20.0,0.42,34.99,0.43,25.0,0.57,59.52,0.56,89.56,0.58,4.48,0.59,15.0,0.01,0.01,2323.428948,1776222712000
1776222714.882,114.882,0.41,35.0,0.4,20.0,0.42,34.99,0.43,25.0,0.58,34.99,0.57,25.0,0.59,35.0,0.6,20.0,0.01,0.01,2323.423458,1776222713000
1776222715.415,115.415,0.41,35.0,0.4,20.0,0.42,34.99,0.43,25.0,0.58,34.99,0.57,25.0,0.59,35.0,0.6,20.0,0.01,0.01,2323.447124,1776222714000
1776222716.253,116.253,0.41,35.0,0.4,20.0,0.42,34.99,0.43,25.0,0.58,34.99,0.57,25.0,0.59,35.0,0.6,20.0,0.01,0.01,2323.447139,1776222715000
1776222717.412,117.412,0.41,35.0,0.4,20.0,0.42,34.99,0.43,25.0,0.58,34.99,0.57,25.0,0.59,35.0,0.6,20.0,0.01,0.01,2323.48297,1776222716000
1776222718.097,118.097,0.41,35.0,0.4,20.0,0.42,34.99,0.43,25.0,0.58,34.99,0.57,25.0,0.59,35.0,0.6,20.0,0.01,0.01,2323.449072,1776222717000
1776222719.367,119.367,0.41,35.0,0.4,20.0,0.42,34.99,0.43,25.0,0.58,34.99,0.57,25.0,0.59,35.0,0.6,20.0,0.01,0.01,2323.440415,1776222718000
1776222720.384,120.384,0.41,35.0,0.4,20.0,0.42,34.99,0.43,25.0,0.58,34.99,0.57,25.0,0.59,35.0,0.6,20.0,0.01,0.01,2323.482495,1776222719000
1776222720.846,120.846,0.41,35.0,0.4,20.0,0.42,34.99,0.43,25.0,0.58,34.99,0.57,25.0,0.59,35.0,0.6,20.0,0.01,0.01,2323.489605,1776222720000
1776222721.965,121.965,0.41,35.0,0.4,20.0,0.42,34.99,0.43,25.0,0.58,34.99,0.57,25.0,0.59,35.0,0.6,20.0,0.01,0.01,2323.43646,1776222721000
1776222722.26,122.26,0.49,146.0,0.48,30.0,0.5,7.4,0.52,10.0,0.5,17.4,0.48,10.0,0.52,10.0,0.53,15.0,0.01,0.02,2323.43646,1776222721000
1776222722.59,122.59,0.52,66.0,0.51,20.0,0.56,5.0,0.57,15.0,0.47,4.9,0.46,5.0,0.49,10.0,0.51,151.0,0.04,0.02,2323.43646,1776222721000
1776222722.831,122.831,0.56,13.94,0.55,15.0,0.57,11.0,0.58,10.0,0.43,3.0,0.42,10.0,0.45,10.0,0.46,15.0,0.01,0.02,2323.43646,1776222721000
1776222723.558,123.558,0.56,13.94,0.55,15.0,0.57,11.0,0.58,10.0,0.43,11.0,0.42,10.0,0.44,13.94,0.45,15.0,0.01,0.01,2323.503705,1776222722000
1776222723.842,123.842,0.56,48.5,0.55,25.0,0.57,15.0,0.58,18.0,0.43,17.22,0.42,10.0,0.44,23.94,0.45,20.0,0.01,0.01,2323.503705,1776222722000
1776222724.089,124.089,0.58,20.0,0.57,25.0,0.59,11.89,0.6,5.0,0.41,5.0,0.4,5.0,0.44,48.5,0.45,25.0,0.01,0.03,2323.503705,1776222722000
1776222724.365,124.365,0.58,24.0,0.57,25.0,0.59,16.89,0.6,5.0,0.41,16.89,0.4,5.0,0.42,46.0,0.43,25.0,0.01,0.01,2323.67069,1776222723000
1776222725.104,125.104,0.58,22.09,0.57,25.0,0.59,15.58,0.6,10.0,0.41,21.89,0.4,10.0,0.42,17.09,0.43,25.0,0.01,0.01,2323.67069,1776222723000
1776222725.479,125.479,0.56,5.0,0.55,15.0,0.57,20.0,0.58,73.0,0.41,15.58,0.4,10.0,0.42,22.09,0.43,25.0,0.01,0.01,2323.67069,1776222723000
1776222725.73,125.73,0.51,5.0,0.5,21.0,0.54,5.0,0.56,10.0,0.46,5.0,0.44,10.0,0.49,5.0,0.5,21.0,0.03,0.03,2323.998546,1776222724000
1776222726.408,126.408,0.5,10.0,0.47,5.0,0.51,171.63,0.52,25.0,0.49,73.03,0.48,25.0,0.5,15.0,0.51,25.0,0.01,0.01,2323.998546,1776222724000
1776222726.892,126.892,0.46,1.66,0.45,10.0,0.48,47.0,0.49,16.6,0.55,10.0,0.54,10.0,0.56,10.96,0.57,20.0,0.02,0.01,2323.97959,1776222725000
1776222727.093,127.093,0.46,11.47,0.45,10.0,0.48,50.87,0.49,16.6,0.52,47.0,0.51,16.6,0.54,6.47,0.55,10.0,0.02,0.02,2323.97959,1776222725000
1776222727.325,127.325,0.45,1.47,0.44,15.0,0.47,5.0,0.48,22.0,0.52,50.87,0.51,16.6,0.54,11.47,0.55,10.0,0.02,0.02,2323.986335,1776222726000
1776222727.721,127.721,0.46,5.83,0.45,11.47,0.48,16.47,0.49,35.0,0.53,5.0,0.52,22.0,0.54,10.83,0.55,11.47,0.02,0.01,2323.986335,1776222726000
1776222728.086,128.086,0.47,1.76,0.46,15.83,0.48,21.47,0.49,40.0,0.52,16.47,0.51,35.0,0.54,5.83,0.55,11.47,0.01,0.02,2323.986335,1776222726000
1776222728.627,128.627,0.46,14.77,0.45,16.47,0.48,31.47,0.49,40.0,0.52,31.47,0.51,40.0,0.54,14.77,0.55,16.47,0.02,0.02,2323.7279,1776222727000
1776222729.072,129.072,0.47,15.0,0.46,14.77,0.48,27.02,0.49,33.4,0.52,31.47,0.51,40.0,0.54,14.77,0.55,16.47,0.01,0.02,2323.7279,1776222727000
1776222729.879,129.879,0.47,15.0,0.46,14.77,0.48,27.02,0.49,33.4,0.52,27.02,0.51,33.4,0.53,15.0,0.54,14.77,0.01,0.01,2323.654154,1776222728000
1776222730.247,130.247,0.47,12.52,0.46,14.77,0.48,25.02,0.49,40.0,0.52,27.02,0.51,33.4,0.53,15.0,0.54,14.77,0.01,0.01,2323.654154,1776222728000
1776222730.624,130.624,0.47,12.52,0.46,14.77,0.48,21.02,0.49,40.0,0.52,21.02,0.51,40.0,0.53,12.52,0.54,14.77,0.01,0.01,2323.602716,1776222729000
1776222730.98,130.98,0.45,27.0,0.44,20.0,0.46,45.0,0.47,27.0,0.52,21.02,0.51,40.0,0.53,12.52,0.54,14.77,0.01,0.01,2323.602716,1776222729000
1776222731.473,131.473,0.45,24.0,0.44,25.0,0.46,40.0,0.47,27.0,0.54,45.0,0.53,27.0,0.55,27.0,0.56,20.0,0.01,0.01,2323.602716,1776222729000
1776222731.764,131.764,0.45,24.0,0.44,25.0,0.46,40.0,0.47,27.0,0.54,40.0,0.53,27.0,0.55,24.0,0.56,25.0,0.01,0.01,2323.607795,1776222730000
1776222732.394,132.394,0.45,24.0,0.44,25.0,0.46,40.0,0.47,27.0,0.54,40.0,0.53,27.0,0.55,24.0,0.56,25.0,0.01,0.01,2323.635645,1776222731000
1776222732.953,132.953,0.45,24.0,0.44,25.0,0.46,40.0,0.47,27.0,0.54,40.0,0.53,27.0,0.55,24.0,0.56,25.0,0.01,0.01,2323.5783,1776222732000
1776222734.229,134.229,0.45,24.0,0.44,25.0,0.46,40.0,0.47,27.0,0.54,40.0,0.53,27.0,0.55,24.0,0.56,25.0,0.01,0.01,2323.568816,1776222733000
1776222735.2,135.2,0.45,24.0,0.44,25.0,0.46,40.0,0.47,27.0,0.54,40.0,0.53,27.0,0.55,24.0,0.56,25.0,0.01,0.01,2323.63081,1776222734000
1776222736.318,136.318,0.45,24.0,0.44,25.0,0.46,40.0,0.47,27.0,0.54,40.0,0.53,27.0,0.55,24.0,0.56,25.0,0.01,0.01,2323.574397,1776222735000
1776222736.952,136.952,0.45,24.0,0.44,25.0,0.46,40.0,0.47,27.0,0.54,40.0,0.53,27.0,0.55,24.0,0.56,25.0,0.01,0.01,2323.566932,1776222736000
1776222738.034,138.034,0.45,24.0,0.44,25.0,0.46,40.0,0.47,27.0,0.54,40.0,0.53,27.0,0.55,24.0,0.56,25.0,0.01,0.01,2323.5784,1776222737000
1776222739.136,139.136,0.45,24.0,0.44,25.0,0.46,40.0,0.47,27.0,0.54,40.0,0.53,27.0,0.55,24.0,0.56,25.0,0.01,0.01,2323.584057,1776222738000
1776222740.442,140.442,0.45,24.0,0.44,25.0,0.46,40.0,0.47,27.0,0.54,40.0,0.53,27.0,0.55,24.0,0.56,25.0,0.01,0.01,2323.587806,1776222739000
1776222740.798,140.798,0.45,70.0,0.44,35.0,0.46,28.0,0.47,13.0,0.54,40.0,0.53,27.0,0.55,24.0,0.56,25.0,0.01,0.01,2323.587806,1776222739000
1776222742.318,142.318,0.45,70.0,0.44,35.0,0.46,28.0,0.47,13.0,0.54,28.0,0.53,13.0,0.55,70.0,0.56,35.0,0.01,0.01,2323.546332,1776222741000
1776222743.361,143.361,0.45,70.0,0.44,35.0,0.46,28.0,0.47,13.0,0.54,28.0,0.53,13.0,0.55,70.0,0.56,35.0,0.01,0.01,2323.572874,1776222742000
1776222744.043,144.043,0.45,70.0,0.44,35.0,0.46,28.0,0.47,13.0,0.54,28.0,0.53,13.0,0.55,70.0,0.56,35.0,0.01,0.01,2323.572874,1776222743000
1776222745.182,145.182,0.45,70.0,0.44,35.0,0.46,28.0,0.47,13.0,0.54,28.0,0.53,13.0,0.55,70.0,0.56,35.0,0.01,0.01,2323.57375,1776222744000
1776222746.771,146.771,0.45,70.0,0.44,35.0,0.46,28.0,0.47,13.0,0.54,28.0,0.53,13.0,0.55,70.0,0.56,35.0,0.01,0.01,2323.57375,1776222745000
1776222747.094,147.094,0.45,72.85,0.44,35.0,0.46,47.99,0.47,13.0,0.54,28.0,0.53,13.0,0.55,70.0,0.56,35.0,0.01,0.01,2323.57375,1776222745000
1776222747.388,147.388,0.45,72.85,0.44,35.0,0.46,47.99,0.47,13.0,0.54,47.99,0.53,13.0,0.55,72.85,0.56,35.0,0.01,0.01,2323.6057,1776222746000
1776222747.889,147.889,0.45,72.85,0.44,35.0,0.46,47.99,0.47,13.0,0.54,47.99,0.53,13.0,0.55,72.85,0.56,35.0,0.01,0.01,2323.606656,1776222747000
1776222748.858,148.858,0.45,72.85,0.44,35.0,0.46,47.99,0.47,13.0,0.54,47.99,0.53,13.0,0.55,72.85,0.56,35.0,0.01,0.01,2323.60701,1776222748000
1776222749.888,149.888,0.45,72.85,0.44,35.0,0.46,47.99,0.47,13.0,0.54,47.99,0.53,13.0,0.55,72.85,0.56,35.0,0.01,0.01,2323.57385,1776222749000
1776222751.109,151.109,0.45,72.85,0.44,35.0,0.46,47.99,0.47,13.0,0.54,47.99,0.53,13.0,0.55,72.85,0.56,35.0,0.01,0.01,2323.574,1776222750000
1776222751.56,151.56,0.45,70.03,0.44,25.0,0.46,22.99,0.47,28.0,0.54,47.99,0.53,13.0,0.55,72.85,0.56,35.0,0.01,0.01,2323.574,1776222750000
1776222752.039,152.039,0.45,70.03,0.44,25.0,0.46,22.99,0.47,28.0,0.54,22.99,0.53,28.0,0.55,70.03,0.56,25.0,0.01,0.01,2323.58575,1776222751000
1776222753.167,153.167,0.45,70.03,0.44,25.0,0.46,22.99,0.47,28.0,0.54,22.99,0.53,28.0,0.55,70.03,0.56,25.0,0.01,0.01,2323.520277,1776222752000
1776222753.38,153.38,0.44,20.0,0.43,15.0,0.46,53.95,0.47,28.0,0.54,22.99,0.53,28.0,0.55,70.03,0.56,25.0,0.02,0.01,2323.520277,1776222752000
1776222754.219,154.219,0.44,20.0,0.43,15.0,0.46,53.95,0.47,28.0,0.54,53.95,0.53,28.0,0.56,20.0,0.57,15.0,0.02,0.02,2323.520214,1776222753000
1776222755.199,155.199,0.44,20.0,0.43,15.0,0.46,53.95,0.47,28.0,0.54,53.95,0.53,28.0,0.56,20.0,0.57,15.0,0.02,0.02,2323.577451,1776222754000
1776222755.959,155.959,0.44,70.0,0.43,25.0,0.46,0.55,0.47,15.0,0.54,53.95,0.53,28.0,0.56,20.0,0.57,15.0,0.02,0.02,2323.577451,1776222754000
1776222756.247,156.247,0.44,70.0,0.43,25.0,0.46,0.55,0.47,15.0,0.54,0.55,0.53,15.0,0.56,70.0,0.57,25.0,0.02,0.02,2323.538707,1776222755000
1776222757.243,157.243,0.44,70.0,0.43,25.0,0.46,0.55,0.47,15.0,0.54,0.55,0.53,15.0,0.56,70.0,0.57,25.0,0.02,0.02,2323.562265,1776222756000
1776222758.322,158.322,0.45,30.0,0.44,50.0,0.47,55.36,0.48,19.02,0.53,55.36,0.52,19.02,0.55,30.0,0.56,50.0,0.02,0.02,2323.599474,1776222757000
1776222759.016,159.016,0.44,11.42,0.43,20.0,0.45,33.36,0.46,28.0,0.53,55.36,0.52,19.02,0.55,30.0,0.56,50.0,0.01,0.02,2323.599474,1776222757000
1776222759.37,159.37,0.44,11.42,0.43,20.0,0.45,33.36,0.46,28.0,0.55,33.36,0.54,28.0,0.56,11.42,0.57,20.0,0.01,0.01,2323.604794,1776222758000
1776222760.319,160.319,0.44,11.42,0.43,20.0,0.45,33.36,0.46,28.0,0.55,33.36,0.54,28.0,0.56,11.42,0.57,20.0,0.01,0.01,2323.5688,1776222759000
1776222761.376,161.376,0.44,11.42,0.43,20.0,0.45,33.36,0.46,28.0,0.55,33.36,0.54,28.0,0.56,11.42,0.57,20.0,0.01,0.01,2323.559,1776222760000
1776222761.862,161.862,0.44,11.42,0.43,20.0,0.45,33.36,0.46,28.0,0.55,33.36,0.54,28.0,0.56,11.42,0.57,20.0,0.01,0.01,2323.559,1776222761000
1776222762.829,162.829,0.44,11.42,0.43,20.0,0.45,33.36,0.46,28.0,0.55,33.36,0.54,28.0,0.56,11.42,0.57,20.0,0.01,0.01,2323.523869,1776222762000
1776222763.758,163.758,0.44,11.42,0.43,20.0,0.45,33.36,0.46,28.0,0.55,33.36,0.54,28.0,0.56,11.42,0.57,20.0,0.01,0.01,2323.521119,1776222763000
1776222765.247,165.247,0.44,11.42,0.43,20.0,0.45,33.36,0.46,28.0,0.55,33.36,0.54,28.0,0.56,11.42,0.57,20.0,0.01,0.01,2323.549081,1776222764000
1776222766.226,166.226,0.44,11.42,0.43,20.0,0.45,33.36,0.46,28.0,0.55,33.36,0.54,28.0,0.56,11.42,0.57,20.0,0.01,0.01,2323.525937,1776222765000
1776222767.2,167.2,0.44,11.42,0.43,20.0,0.45,33.36,0.46,28.0,0.55,33.36,0.54,28.0,0.56,11.42,0.57,20.0,0.01,0.01,2323.528508,1776222766000
1776222768.163,168.163,0.44,11.42,0.43,20.0,0.45,33.36,0.46,28.0,0.55,33.36,0.54,28.0,0.56,11.42,0.57,20.0,0.01,0.01,2323.534777,1776222767000
1776222769.297,169.297,0.44,1.42,0.43,20.0,0.45,28.77,0.46,28.0,0.55,33.36,0.54,28.0,0.56,11.42,0.57,20.0,0.01,0.01,2323.534777,1776222767000
1776222770.21,170.21,0.44,1.42,0.43,20.0,0.45,28.77,0.46,28.0,0.55,28.77,0.54,28.0,0.56,1.42,0.57,20.0,0.01,0.01,2323.533277,1776222769000
1776222771.182,171.182,0.44,1.42,0.43,20.0,0.45,28.77,0.46,28.0,0.55,28.77,0.54,28.0,0.56,1.42,0.57,20.0,0.01,0.01,2323.529005,1776222770000
1776222771.481,171.481,0.43,19.64,0.42,15.0,0.45,23.77,0.46,28.0,0.55,28.77,0.54,28.0,0.56,1.42,0.57,20.0,0.02,0.01,2323.529005,1776222770000
1776222772.262,172.262,0.43,19.64,0.42,15.0,0.45,23.77,0.46,28.0,0.55,23.77,0.54,28.0,0.57,19.64,0.58,15.0,0.02,0.02,2323.539406,1776222771000
1776222773.331,173.331,0.43,19.64,0.42,15.0,0.45,23.77,0.46,28.0,0.55,23.77,0.54,28.0,0.57,19.64,0.58,15.0,0.02,0.02,2323.529539,1776222772000
1776222774.263,174.263,0.42,10.0,0.41,5.0,0.44,32.0,0.45,18.77,0.55,23.77,0.54,28.0,0.57,19.64,0.58,15.0,0.02,0.02,2323.529539,1776222772000
1776222774.648,174.648,0.42,20.0,0.41,10.0,0.43,13.0,0.44,32.0,0.56,32.0,0.55,18.77,0.58,10.0,0.59,5.0,0.01,0.02,2323.535354,1776222773000
1776222775.34,175.34,0.42,20.0,0.41,10.0,0.43,13.0,0.44,32.0,0.57,13.0,0.56,32.0,0.58,20.0,0.59,10.0,0.01,0.01,2323.5045,1776222774000
1776222775.913,175.913,0.42,20.0,0.41,10.0,0.43,13.0,0.44,32.0,0.57,13.0,0.56,32.0,0.58,20.0,0.59,10.0,0.01,0.01,2323.47935,1776222775000
1776222777.006,177.006,0.42,20.0,0.41,10.0,0.43,13.0,0.44,32.0,0.57,13.0,0.56,32.0,0.58,20.0,0.59,10.0,0.01,0.01,2323.47435,1776222776000
1776222777.284,177.284,0.3,7.64,0.29,21.0,0.31,69.0,0.32,10.0,0.59,209.0,0.58,90.0,0.67,5.0,0.7,15.0,0.01,0.08,2323.47435,1776222776000
1776222778.053,178.053,0.27,12.0,0.26,5.0,0.28,15.0,0.29,30.0,0.72,15.0,0.71,30.0,0.73,12.0,0.74,5.0,0.01,0.01,2323.4744,1776222777000
1776222778.366,178.366,0.27,27.0,0.26,60.0,0.28,48.33,0.29,5.0,0.72,15.0,0.71,30.0,0.73,12.0,0.74,5.0,0.01,0.01,2323.4744,1776222777000
1776222778.872,178.872,0.27,15.14,0.26,60.0,0.28,71.78,0.29,19.0,0.72,53.33,0.71,5.0,0.73,18.36,0.74,60.0,0.01,0.01,2323.4744,1776222777000
1776222779.112,179.112,0.27,15.14,0.26,60.0,0.28,71.78,0.29,19.0,0.72,71.78,0.71,19.0,0.73,15.14,0.74,60.0,0.01,0.01,2323.29677,1776222778000
1776222780.143,180.143,0.27,15.14,0.26,60.0,0.28,71.78,0.29,19.0,0.72,71.78,0.71,19.0,0.73,15.14,0.74,60.0,0.01,0.01,2323.115065,1776222779000
1776222780.376,180.376,0.27,65.14,0.26,10.0,0.28,47.85,0.29,5.0,0.72,71.78,0.71,19.0,0.73,15.14,0.74,60.0,0.01,0.01,2323.115065,1776222779000
1776222781.177,181.177,0.27,65.14,0.26,10.0,0.28,47.85,0.29,5.0,0.72,47.85,0.71,5.0,0.73,65.14,0.74,10.0,0.01,0.01,2323.10975,1776222780000
1776222782.229,182.229,0.27,65.14,0.26,10.0,0.28,47.85,0.29,5.0,0.72,47.85,0.71,5.0,0.73,65.14,0.74,10.0,0.01,0.01,2323.0836,1776222781000
1776222783.197,183.197,0.27,65.14,0.26,10.0,0.28,47.85,0.29,5.0,0.72,47.85,0.71,5.0,0.73,65.14,0.74,10.0,0.01,0.01,2323.11176,1776222782000
1776222784.248,184.248,0.27,65.14,0.26,10.0,0.28,47.85,0.29,5.0,0.72,47.85,0.71,5.0,0.73,65.14,0.74,10.0,0.01,0.01,2323.11028,1776222783000
1776222784.855,184.855,0.27,70.0,0.26,10.0,0.28,42.69,0.29,5.0,0.72,42.86,0.71,5.0,0.73,60.0,0.74,10.0,0.01,0.01,2323.11028,1776222783000
1776222785.606,185.606,0.27,64.0,0.26,10.0,0.28,62.69,0.29,5.0,0.72,37.69,0.71,5.0,0.73,70.0,0.74,10.0,0.01,0.01,2323.111755,1776222784000
1776222786.03,186.03,0.27,64.0,0.26,10.0,0.28,62.69,0.29,5.0,0.72,62.69,0.71,5.0,0.73,64.0,0.74,10.0,0.01,0.01,2323.10857,1776222785000
1776222786.288,186.288,0.27,64.0,0.26,10.0,0.28,44.46,0.29,5.0,0.72,62.69,0.71,5.0,0.73,64.0,0.74,10.0,0.01,0.01,2323.10857,1776222785000
1776222787.021,187.021,0.27,64.0,0.26,10.0,0.28,44.46,0.29,5.0,0.72,44.46,0.71,5.0,0.73,64.0,0.74,10.0,0.01,0.01,2323.078655,1776222786000
1776222788.026,188.026,0.27,64.0,0.26,10.0,0.28,44.46,0.29,5.0,0.72,44.46,0.71,5.0,0.73,64.0,0.74,10.0,0.01,0.01,2323.0785,1776222787000
1776222789.093,189.093,0.27,64.0,0.26,10.0,0.28,44.46,0.29,5.0,0.72,44.46,0.71,5.0,0.73,64.0,0.74,10.0,0.01,0.01,2323.0685,1776222788000
1776222790.085,190.085,0.27,64.0,0.26,10.0,0.28,44.46,0.29,5.0,0.72,44.46,0.71,5.0,0.73,64.0,0.74,10.0,0.01,0.01,2323.111865,1776222789000
1776222791.052,191.052,0.27,64.0,0.26,10.0,0.28,44.46,0.29,5.0,0.72,44.46,0.71,5.0,0.73,64.0,0.74,10.0,0.01,0.01,2323.07404,1776222790000
1776222792.18,192.18,0.27,64.0,0.26,10.0,0.28,44.46,0.29,5.0,0.72,44.46,0.71,5.0,0.73,64.0,0.74,10.0,0.01,0.01,2322.988119,1776222791000
1776222792.486,192.486,0.27,56.63,0.26,20.0,0.28,19.46,0.29,19.99,0.72,44.46,0.71,5.0,0.73,64.0,0.74,10.0,0.01,0.01,2322.988119,1776222791000
1776222793.221,193.221,0.27,56.63,0.26,20.0,0.28,19.46,0.29,19.99,0.72,19.46,0.71,19.99,0.73,56.63,0.74,20.0,0.01,0.01,2323.06885,1776222792000
1776222794.23,194.23,0.27,56.63,0.26,20.0,0.28,19.46,0.29,19.99,0.72,19.46,0.71,19.99,0.73,56.63,0.74,20.0,0.01,0.01,2323.0938,1776222793000
1776222795.228,195.228,0.27,56.63,0.26,20.0,0.28,19.46,0.29,19.99,0.72,19.46,0.71,19.99,0.73,56.63,0.74,20.0,0.01,0.01,2323.097,1776222794000
1776222795.487,195.487,0.27,46.63,0.26,20.0,0.28,26.01,0.29,18.44,0.72,19.46,0.71,19.99,0.73,56.63,0.74,20.0,0.01,0.01,2323.097,1776222794000
1776222796.297,196.297,0.27,46.63,0.26,20.0,0.28,26.01,0.29,18.44,0.72,26.01,0.71,18.44,0.73,46.63,0.74,20.0,0.01,0.01,2323.148,1776222795000
1776222797.262,197.262,0.27,46.63,0.26,20.0,0.28,26.01,0.29,18.44,0.72,26.01,0.71,18.44,0.73,46.63,0.74,20.0,0.01,0.01,2323.094155,1776222796000
1776222798.292,198.292,0.27,46.63,0.26,20.0,0.28,26.01,0.29,18.44,0.72,26.01,0.71,18.44,0.73,46.63,0.74,20.0,0.01,0.01,2323.089835,1776222797000
1776222799.263,199.263,0.27,46.63,0.26,20.0,0.28,26.01,0.29,18.44,0.72,26.01,0.71,18.44,0.73,46.63,0.74,20.0,0.01,0.01,2323.089835,1776222798000
1776222800.084,200.084,0.27,33.63,0.26,5.0,0.28,67.45,0.29,18.44,0.72,26.01,0.71,18.44,0.73,46.63,0.74,20.0,0.01,0.01,2323.089835,1776222798000
1776222800.326,200.326,0.27,33.63,0.26,5.0,0.28,67.45,0.29,18.44,0.72,67.45,0.71,18.44,0.73,33.63,0.74,5.0,0.01,0.01,2323.14919,1776222799000
1776222800.976,200.976,0.27,24.26,0.26,10.0,0.28,67.45,0.29,18.44,0.72,67.45,0.71,18.44,0.73,32.26,0.74,10.0,0.01,0.01,2323.14919,1776222799000
1776222801.34,201.34,0.27,24.26,0.26,10.0,0.28,67.45,0.29,18.44,0.72,67.45,0.71,18.44,0.73,24.26,0.74,10.0,0.01,0.01,2323.107824,1776222800000
1776222801.948,201.948,0.27,24.26,0.26,10.0,0.28,67.45,0.29,18.44,0.72,67.45,0.71,18.44,0.73,24.26,0.74,10.0,0.01,0.01,2323.10112,1776222801000
1776222803.038,203.038,0.27,24.26,0.26,10.0,0.28,67.45,0.29,18.44,0.72,67.45,0.71,18.44,0.73,24.26,0.74,10.0,0.01,0.01,2323.08922,1776222802000
1776222803.701,203.701,0.27,20.3,0.26,10.0,0.28,78.45,0.29,23.44,0.72,67.45,0.71,23.44,0.73,17.89,0.74,10.0,0.01,0.01,2323.08922,1776222802000
1776222804.384,204.384,0.27,17.71,0.26,10.0,0.28,73.45,0.29,23.44,0.72,73.45,0.71,23.44,0.73,17.71,0.74,10.0,0.01,0.01,2323.106365,1776222803000
1776222805.065,205.065,0.27,17.71,0.26,10.0,0.28,73.45,0.29,23.44,0.72,73.45,0.71,23.44,0.73,17.71,0.74,10.0,0.01,0.01,2323.10382,1776222804000
1776222806.147,206.147,0.26,9.71,0.25,10.0,0.28,73.45,0.29,28.44,0.72,73.45,0.71,23.44,0.73,17.71,0.74,10.0,0.02,0.01,2323.10382,1776222804000
1776222806.484,206.484,0.25,15.37,0.24,10.0,0.26,35.0,0.27,29.99,0.72,78.45,0.71,28.44,0.75,6.71,0.76,5.0,0.01,0.03,2323.11319,1776222805000
1776222806.733,206.733,0.25,14.93,0.24,20.0,0.26,25.0,0.27,19.99,0.74,35.0,0.73,29.99,0.75,0.37,0.76,10.0,0.01,0.01,2323.11319,1776222805000
1776222807.133,207.133,0.26,17.04,0.25,19.93,0.28,40.0,0.29,25.0,0.72,15.39,0.71,11.0,0.75,14.93,0.76,20.0,0.02,0.03,2323.11319,1776222805000
1776222807.523,207.523,0.26,18.99,0.25,14.93,0.28,47.99,0.29,30.0,0.72,40.0,0.71,25.0,0.74,17.04,0.75,19.93,0.02,0.02,2323.15389,1776222806000
1776222807.882,207.882,0.26,18.99,0.25,14.93,0.28,47.99,0.29,30.0,0.72,47.99,0.71,30.0,0.74,18.99,0.75,14.93,0.02,0.02,2323.116402,1776222807000
1776222808.865,208.865,0.26,3.64,0.25,10.0,0.27,81.44,0.28,32.99,0.72,47.99,0.71,30.0,0.74,18.99,0.75,14.93,0.01,0.02,2323.116402,1776222807000
1776222809.119,209.119,0.26,2.28,0.25,10.0,0.27,72.0,0.28,32.99,0.73,81.44,0.72,32.99,0.74,2.28,0.75,10.0,0.01,0.01,2323.116402,1776222807000
1776222809.668,209.668,0.25,14.67,0.24,15.0,0.27,82.0,0.28,32.99,0.73,72.0,0.72,32.99,0.74,2.28,0.75,10.0,0.02,0.01,2323.10436,1776222808000
1776222810.341,210.341,0.25,17.15,0.24,15.0,0.26,10.0,0.27,77.0,0.74,10.0,0.73,77.0,0.75,17.15,0.76,15.0,0.01,0.01,2323.11968,1776222809000
1776222811.529,211.529,0.25,17.15,0.24,15.0,0.26,10.0,0.27,77.0,0.74,10.0,0.73,77.0,0.75,17.15,0.76,15.0,0.01,0.01,2323.105075,1776222810000
1776222812.44,212.44,0.25,10.15,0.24,20.0,0.26,15.0,0.27,22.0,0.74,15.0,0.73,22.0,0.75,10.15,0.76,20.0,0.01,0.01,2323.081646,1776222811000
1776222813.223,213.223,0.25,10.15,0.24,20.0,0.26,15.0,0.27,22.0,0.74,15.0,0.73,22.0,0.75,10.15,0.76,20.0,0.01,0.01,2323.088875,1776222812000
1776222814.299,214.299,0.25,10.15,0.24,20.0,0.26,15.0,0.27,22.0,0.74,15.0,0.73,22.0,0.75,10.15,0.76,20.0,0.01,0.01,2323.08647,1776222813000
1776222814.682,214.682,0.26,20.0,0.25,20.0,0.27,12.44,0.28,30.0,0.74,15.0,0.73,22.0,0.75,10.15,0.76,20.0,0.01,0.01,2323.08647,1776222813000
1776222815.38,215.38,0.26,20.0,0.25,20.0,0.27,12.44,0.28,30.0,0.73,12.44,0.72,30.0,0.74,20.0,0.75,20.0,0.01,0.01,2323.08917,1776222814000
1776222815.75,215.75,0.4,10.0,0.39,10.0,0.42,9.88,0.43,15.0,0.73,12.44,0.72,30.0,0.74,20.0,0.75,20.0,0.02,0.01,2323.08917,1776222814000
1776222815.954,215.954,0.41,15.0,0.4,15.0,0.42,15.01,0.43,5.0,0.58,15.11,0.57,5.0,0.59,20.0,0.6,15.0,0.01,0.01,2323.13875,1776222815000
1776222817.141,217.141,0.41,15.0,0.4,15.0,0.42,12.24,0.43,5.0,0.58,12.24,0.57,5.0,0.59,15.0,0.6,15.0,0.01,0.01,2323.14738,1776222816000
1776222818.329,218.329,0.41,15.0,0.4,15.0,0.42,12.24,0.43,5.0,0.58,12.24,0.57,5.0,0.59,15.0,0.6,15.0,0.01,0.01,2323.32359,1776222817000
1776222819.642,219.642,0.41,25.0,0.4,15.0,0.42,12.24,0.43,23.0,0.58,12.24,0.57,23.0,0.59,25.0,0.6,15.0,0.01,0.01,2323.430935,1776222818000
1776222820.278,220.278,0.41,25.0,0.4,15.0,0.42,12.24,0.43,23.0,0.58,12.24,0.57,23.0,0.59,25.0,0.6,15.0,0.01,0.01,2323.435605,1776222819000
1776222821.657,221.657,0.41,25.0,0.4,15.0,0.42,12.24,0.43,23.0,0.58,12.24,0.57,23.0,0.59,25.0,0.6,15.0,0.01,0.01,2323.437285,1776222820000
1776222822.303,222.303,0.41,6.52,0.4,15.0,0.42,53.0,0.43,20.0,0.58,12.24,0.57,23.0,0.59,25.0,0.6,15.0,0.01,0.01,2323.437285,1776222820000
1776222823.442,223.442,0.41,6.52,0.4,15.0,0.42,53.0,0.43,20.0,0.58,53.0,0.57,20.0,0.59,6.52,0.6,15.0,0.01,0.01,2323.459205,1776222822000
1776222823.644,223.644,0.36,0.3,0.33,38.3,0.37,49.0,0.38,27.0,0.58,53.0,0.57,20.0,0.59,6.52,0.6,15.0,0.01,0.01,2323.459205,1776222822000
1776222824.114,224.114,0.36,0.3,0.33,38.3,0.37,49.0,0.38,27.0,0.63,49.0,0.62,27.0,0.64,0.3,0.67,38.3,0.01,0.01,2323.46396,1776222823000
1776222825.726,225.726,0.36,0.3,0.33,38.3,0.37,49.0,0.38,27.0,0.63,49.0,0.62,27.0,0.64,0.3,0.67,38.3,0.01,0.01,2323.464065,1776222824000
1776222826.429,226.429,0.36,0.3,0.33,38.3,0.37,49.0,0.38,27.0,0.63,49.0,0.62,27.0,0.64,0.3,0.67,38.3,0.01,0.01,2323.458635,1776222825000
1776222826.982,226.982,0.36,0.3,0.33,38.3,0.37,49.0,0.38,27.0,0.63,49.0,0.62,27.0,0.64,0.3,0.67,38.3,0.01,0.01,2323.4385,1776222826000
1776222828.254,228.254,0.36,0.3,0.33,38.3,0.37,49.0,0.38,27.0,0.63,49.0,0.62,27.0,0.64,0.3,0.67,38.3,0.01,0.01,2323.40925,1776222827000
1776222829.51,229.51,0.36,0.3,0.33,38.3,0.37,49.0,0.38,27.0,0.63,49.0,0.62,27.0,0.64,0.3,0.67,38.3,0.01,0.01,2323.41185,1776222828000
1776222830.169,230.169,0.36,0.3,0.33,38.3,0.37,49.0,0.38,27.0,0.63,49.0,0.62,27.0,0.64,0.3,0.67,38.3,0.01,0.01,2323.41185,1776222829000
1776222831.369,231.369,0.36,0.3,0.33,38.3,0.37,49.0,0.38,27.0,0.63,49.0,0.62,27.0,0.64,0.3,0.67,38.3,0.01,0.01,2323.39185,1776222830000
1776222832.057,232.057,0.36,0.3,0.33,38.3,0.37,49.0,0.38,27.0,0.63,49.0,0.62,27.0,0.64,0.3,0.67,38.3,0.01,0.01,2323.3918,1776222831000
1776222833.026,233.026,0.33,30.0,0.32,10.0,0.34,26.29,0.35,35.0,0.63,49.0,0.62,27.0,0.64,0.3,0.67,38.3,0.01,0.01,2323.3918,1776222831000
1776222833.288,233.288,0.33,30.0,0.32,10.0,0.34,26.29,0.35,35.0,0.66,26.29,0.65,35.0,0.67,30.0,0.68,10.0,0.01,0.01,2323.39175,1776222832000
1776222834.589,234.589,0.33,30.0,0.32,10.0,0.34,26.29,0.35,35.0,0.66,26.29,0.65,35.0,0.67,30.0,0.68,10.0,0.01,0.01,2323.372,1776222833000
1776222835.757,235.757,0.33,30.0,0.32,10.0,0.34,26.29,0.35,35.0,0.66,26.29,0.65,35.0,0.67,30.0,0.68,10.0,0.01,0.01,2323.37705,1776222834000
1776222836.294,236.294,0.33,35.0,0.32,15.0,0.34,23.79,0.35,35.0,0.66,26.29,0.65,35.0,0.67,30.0,0.68,10.0,0.01,0.01,2323.37705,1776222834000
1776222837.281,237.281,0.33,35.0,0.32,15.0,0.34,23.79,0.35,35.0,0.66,23.79,0.65,35.0,0.67,35.0,0.68,15.0,0.01,0.01,2323.38705,1776222836000
1776222838.402,238.402,0.33,35.0,0.32,15.0,0.34,23.79,0.35,35.0,0.66,23.79,0.65,35.0,0.67,35.0,0.68,15.0,0.01,0.01,2323.377,1776222837000
1776222838.963,238.963,0.33,35.0,0.32,15.0,0.34,23.79,0.35,35.0,0.66,23.79,0.65,35.0,0.67,35.0,0.68,15.0,0.01,0.01,2323.377,1776222838000
1776222839.943,239.943,0.33,35.0,0.32,15.0,0.34,23.79,0.35,35.0,0.66,23.79,0.65,35.0,0.67,35.0,0.68,15.0,0.01,0.01,2323.37705,1776222839000
1776222840.551,240.551,0.33,25.76,0.32,5.0,0.34,26.79,0.35,45.0,0.66,23.79,0.65,35.0,0.67,35.0,0.68,15.0,0.01,0.01,2323.37705,1776222839000
1776222840.917,240.917,0.33,25.76,0.32,5.0,0.34,26.79,0.35,45.0,0.66,26.79,0.65,45.0,0.67,25.76,0.68,5.0,0.01,0.01,2323.387,1776222840000
1776222841.931,241.931,0.33,25.76,0.32,5.0,0.34,26.79,0.35,45.0,0.66,26.79,0.65,45.0,0.67,25.76,0.68,5.0,0.01,0.01,2323.387,1776222841000
1776222842.921,242.921,0.33,25.76,0.32,5.0,0.34,26.79,0.35,45.0,0.66,26.79,0.65,45.0,0.67,25.76,0.68,5.0,0.01,0.01,2323.339952,1776222842000
1776222843.849,243.849,0.33,25.76,0.32,5.0,0.34,26.79,0.35,45.0,0.66,26.79,0.65,45.0,0.67,25.76,0.68,5.0,0.01,0.01,2323.336348,1776222843000
1776222844.17,244.17,0.32,25.0,0.31,15.0,0.33,73.3,0.34,21.79,0.66,26.79,0.65,45.0,0.67,25.76,0.68,5.0,0.01,0.01,2323.336348,1776222843000
1776222844.868,244.868,0.32,25.0,0.31,15.0,0.33,73.3,0.34,21.79,0.67,73.3,0.66,21.79,0.68,25.0,0.69,15.0,0.01,0.01,2323.338677,1776222844000
1776222845.905,245.905,0.33,4.02,0.32,35.0,0.34,10.0,0.35,18.0,0.66,10.0,0.65,18.0,0.67,4.02,0.68,35.0,0.01,0.01,2323.338677,1776222845000
1776222846.911,246.911,0.33,4.02,0.32,35.0,0.34,10.0,0.35,18.0,0.66,10.0,0.65,18.0,0.67,4.02,0.68,35.0,0.01,0.01,2323.330274,1776222846000
1776222847.867,247.867,0.33,4.02,0.32,35.0,0.34,10.0,0.35,18.0,0.66,10.0,0.65,18.0,0.67,4.02,0.68,35.0,0.01,0.01,2323.37592,1776222847000
1776222848.083,248.083,0.33,9.02,0.32,30.0,0.34,5.0,0.35,49.42,0.65,54.42,0.64,43.6,0.66,10.0,0.67,9.02,0.01,0.01,2323.37592,1776222847000
1776222849.275,249.275,0.33,4.02,0.32,35.0,0.38,10.0,0.47,5.0,0.66,5.0,0.65,49.42,0.67,9.02,0.68,30.0,0.05,0.01,2323.37592,1776222847000
1776222849.599,249.599,0.39,4.85,0.38,15.0,0.44,108.63,0.45,15.0,0.56,4.63,0.55,5.0,0.59,10.0,0.6,10.0,0.05,0.03,2323.3975,1776222848000
1776222850.288,250.288,0.39,3.21,0.38,23.0,0.4,62.0,0.41,27.0,0.56,108.63,0.55,15.0,0.61,4.85,0.62,15.0,0.01,0.05,2323.3975,1776222848000
1776222850.536,250.536,0.39,3.21,0.38,23.0,0.4,62.5,0.41,27.0,0.6,62.0,0.59,27.0,0.61,3.21,0.62,23.0,0.01,0.01,2323.3975,1776222848000
1776222850.981,250.981,0.39,3.21,0.38,23.0,0.4,46.77,0.41,27.0,0.6,62.5,0.59,27.0,0.61,3.21,0.62,23.0,0.01,0.01,2323.40255,1776222849000
1776222851.27,251.27,0.39,3.21,0.38,23.0,0.4,56.77,0.41,27.0,0.6,56.77,0.59,27.0,0.61,3.21,0.62,23.0,0.01,0.01,2323.45759,1776222850000
1776222852.689,252.689,0.39,3.21,0.38,23.0,0.4,56.77,0.41,27.0,0.6,56.77,0.59,27.0,0.61,3.21,0.62,23.0,0.01,0.01,2323.498468,1776222851000
1776222853.3,253.3,0.39,3.21,0.38,23.0,0.4,56.77,0.41,27.0,0.6,56.77,0.59,27.0,0.61,3.21,0.62,23.0,0.01,0.01,2323.536324,1776222852000
1776222853.871,253.871,0.32,10.4,0.27,72.29,0.34,10.0,0.37,21.0,0.6,56.77,0.59,27.0,0.61,3.21,0.62,23.0,0.02,0.01,2323.536324,1776222852000
1776222854.754,254.754,0.26,67.5,0.25,8.0,0.28,17.0,0.29,22.0,0.66,10.0,0.65,21.0,0.73,42.29,0.74,92.29,0.02,0.07,2323.536324,1776222852000
1776222854.98,254.98,0.26,72.94,0.25,13.0,0.27,18.0,0.28,17.0,0.72,17.0,0.71,22.0,0.74,67.5,0.75,8.0,0.01,0.02,2323.499635,1776222853000
1776222855.278,255.278,0.21,99.5,0.2,32.5,0.27,23.0,0.28,17.0,0.73,23.0,0.72,17.0,0.74,56.03,0.75,29.0,0.06,0.01,2323.499635,1776222853000
1776222856.036,256.036,0.21,99.5,0.2,32.5,0.27,23.0,0.28,17.0,0.73,23.0,0.72,17.0,0.79,99.5,0.8,32.5,0.06,0.06,2323.483959,1776222855000
1776222856.454,256.454,0.24,27.0,0.21,81.5,0.25,24.0,0.26,23.0,0.73,23.0,0.72,17.0,0.79,99.5,0.8,32.5,0.01,0.06,2323.483959,1776222855000
1776222856.718,256.718,0.24,37.0,0.23,5.0,0.26,14.0,0.27,18.0,0.75,9.0,0.74,23.0,0.76,32.0,0.77,5.0,0.02,0.01,2323.483959,1776222855000
1776222857.427,257.427,0.24,32.0,0.23,5.0,0.26,2.0,0.27,18.0,0.74,2.0,0.73,18.0,0.76,32.0,0.77,5.0,0.02,0.02,2323.310834,1776222856000
1776222858.041,258.041,0.25,30.0,0.24,35.0,0.27,18.0,0.28,10.0,0.74,2.0,0.73,18.0,0.76,32.0,0.77,5.0,0.02,0.02,2323.310834,1776222856000
1776222858.489,258.489,0.26,25.0,0.25,30.0,0.28,9.13,0.29,10.0,0.73,5.66,0.72,10.0,0.74,5.0,0.75,30.0,0.02,0.01,2323.338863,1776222857000
1776222858.838,258.838,0.26,34.82,0.25,20.0,0.29,10.0,0.3,10.0,0.72,9.13,0.71,10.0,0.74,14.82,0.75,25.0,0.03,0.02,2323.338863,1776222857000
1776222859.106,259.106,0.27,20.0,0.26,30.0,0.28,6.42,0.29,15.0,0.71,10.0,0.7,10.0,0.74,34.82,0.75,20.0,0.01,0.03,2323.338863,1776222857000
1776222859.474,259.474,0.27,20.0,0.26,30.0,0.28,2.84,0.29,15.0,0.72,2.84,0.71,15.0,0.73,20.0,0.74,30.0,0.01,0.01,2323.324329,1776222858000
1776222859.949,259.949,0.33,37.0,0.32,15.0,0.41,29.21,0.46,64.5,0.72,2.84,0.71,15.0,0.73,20.0,0.74,30.0,0.08,0.01,2323.324329,1776222858000
1776222860.327,260.327,0.44,15.0,0.43,10.0,0.45,4.8,0.46,74.5,0.6,12.0,0.59,29.21,0.66,10.0,0.67,86.0,0.01,0.06,2323.41591,1776222859000
1776222861.257,261.257,0.41,10.0,0.4,10.0,0.45,34.5,0.46,64.77,0.54,64.77,0.53,24.5,0.56,15.0,0.57,10.0,0.04,0.02,2323.41591,1776222859000
1776222861.594,261.594,0.42,16.72,0.41,10.0,0.44,39.6,0.45,29.5,0.55,34.5,0.54,64.77,0.59,10.0,0.6,10.0,0.02,0.04,2323.50572,1776222860000
1776222862.095,262.095,0.4,10.0,0.39,10.0,0.44,44.6,0.45,29.5,0.56,44.6,0.55,29.5,0.6,10.0,0.61,10.0,0.04,0.04,2323.58917,1776222861000
1776222863.106,263.106,0.42,15.0,0.41,15.0,0.51,50.0,0.54,6.0,0.56,44.6,0.55,29.5,0.6,10.0,0.61,10.0,0.09,0.04,2323.58917,1776222861000
1776222863.458,263.458,0.54,15.0,0.53,20.0,0.56,80.33,0.57,24.7,0.44,80.33,0.43,24.7,0.46,15.0,0.47,20.0,0.02,0.02,2323.7876,1776222862000
1776222863.736,263.736,0.54,3.21,0.53,20.0,0.55,5.0,0.56,113.33,0.44,118.33,0.43,29.7,0.46,4.37,0.47,20.0,0.01,0.02,2323.7876,1776222862000
1776222864.022,264.022,0.54,3.21,0.53,20.0,0.55,5.0,0.56,113.33,0.45,5.0,0.44,113.33,0.46,3.21,0.47,20.0,0.01,0.01,2323.73614,1776222863000
1776222864.584,264.584,0.5,15.0,0.49,10.0,0.54,29.0,0.55,15.0,0.45,5.0,0.44,113.33,0.46,3.21,0.47,20.0,0.04,0.01,2323.73614,1776222863000
1776222865.266,265.266,0.51,10.0,0.5,15.0,0.54,18.17,0.55,10.0,0.46,18.17,0.45,10.0,0.49,10.0,0.5,15.0,0.03,0.03,2323.820875,1776222864000
1776222865.851,265.851,0.52,25.0,0.51,10.0,0.53,15.0,0.54,15.0,0.46,18.17,0.45,10.0,0.49,10.0,0.5,15.0,0.01,0.03,2323.820875,1776222864000
1776222866.333,266.333,0.51,5.2,0.5,10.0,0.53,15.0,0.54,15.0,0.47,15.0,0.46,15.0,0.48,5.0,0.49,10.0,0.02,0.01,2323.820875,1776222864000
1776222866.623,266.623,0.51,15.2,0.5,10.0,0.54,7.55,0.55,24.5,0.47,15.0,0.46,15.0,0.49,5.2,0.5,10.0,0.03,0.02,2323.81867,1776222865000
1776222866.904,266.904,0.51,8.15,0.5,10.0,0.53,20.0,0.54,7.55,0.47,15.0,0.46,7.55,0.49,10.2,0.5,10.0,0.02,0.02,2323.81867,1776222865000
1776222867.147,267.147,0.51,8.35,0.5,10.0,0.53,15.0,0.54,7.55,0.47,20.0,0.46,7.55,0.49,8.15,0.5,10.0,0.02,0.02,2323.820565,1776222866000
1776222867.992,267.992,0.51,8.35,0.5,10.0,0.53,15.0,0.54,7.55,0.47,15.0,0.46,7.55,0.49,8.35,0.5,10.0,0.02,0.02,2323.81769,1776222867000
1776222869.015,269.015,0.51,8.35,0.5,10.0,0.53,15.0,0.54,7.55,0.47,15.0,0.46,7.55,0.49,8.35,0.5,10.0,0.02,0.02,2323.833,1776222868000
1776222869.907,269.907,0.53,30.87,0.52,10.0,0.54,2.55,0.55,24.5,0.46,2.55,0.45,24.5,0.47,30.87,0.48,10.0,0.01,0.01,2323.821305,1776222869000
1776222870.536,270.536,0.53,28.74,0.52,10.0,0.54,2.55,0.55,24.5,0.46,2.55,0.45,24.5,0.47,30.87,0.48,10.0,0.01,0.01,2323.821305,1776222869000
1776222870.981,270.981,0.53,28.74,0.52,10.0,0.54,2.55,0.55,24.5,0.46,2.55,0.45,24.5,0.47,28.74,0.48,10.0,0.01,0.01,2323.818485,1776222870000
1776222871.962,271.962,0.53,28.74,0.52,10.0,0.54,2.55,0.55,24.5,0.46,2.55,0.45,24.5,0.47,28.74,0.48,10.0,0.01,0.01,2323.823125,1776222871000
1776222872.942,272.942,0.53,28.74,0.52,10.0,0.54,2.55,0.55,24.5,0.46,2.55,0.45,24.5,0.47,28.74,0.48,10.0,0.01,0.01,2323.823125,1776222872000
1776222873.801,273.801,0.53,43.74,0.52,10.0,0.54,11.24,0.55,29.5,0.46,2.55,0.45,24.5,0.47,28.74,0.48,10.0,0.01,0.01,2323.823125,1776222872000
1776222874.556,274.556,0.53,39.05,0.52,10.0,0.54,1.24,0.55,29.5,0.46,11.24,0.45,29.5,0.47,43.74,0.48,10.0,0.01,0.01,2323.822405,1776222873000
1776222874.938,274.938,0.53,39.05,0.52,10.0,0.54,1.24,0.55,29.5,0.46,1.24,0.45,29.5,0.47,39.05,0.48,10.0,0.01,0.01,2323.824365,1776222874000
1776222876.0,276.0,0.53,39.05,0.52,10.0,0.54,1.24,0.55,29.5,0.46,1.24,0.45,29.5,0.47,39.05,0.48,10.0,0.01,0.01,2323.8381,1776222875000
1776222877.041,277.041,0.53,39.05,0.52,10.0,0.54,1.24,0.55,29.5,0.46,1.24,0.45,29.5,0.47,39.05,0.48,10.0,0.01,0.01,2323.824005,1776222876000
1776222878.086,278.086,0.53,39.05,0.52,10.0,0.54,1.24,0.55,29.5,0.46,1.24,0.45,29.5,0.47,39.05,0.48,10.0,0.01,0.01,2323.822105,1776222877000
1776222878.709,278.709,0.53,2.92,0.5,49.99,0.54,18.14,0.55,15.0,0.46,20.0,0.45,15.0,0.47,7.92,0.5,49.99,0.01,0.01,2323.822105,1776222877000
1776222879.143,279.143,0.53,0.79,0.5,52.99,0.54,23.14,0.55,10.0,0.46,18.14,0.45,15.0,0.47,2.92,0.5,49.99,0.01,0.01,2323.822105,1776222877000
1776222879.45,279.45,0.73,15.0,0.72,10.0,0.75,4.6,0.76,5.0,0.46,23.14,0.45,10.0,0.47,0.79,0.5,52.99,0.02,0.01,2323.822105,1776222877000
1776222879.68,279.68,0.78,5.12,0.77,10.0,0.81,87.0,0.82,10.0,0.19,87.0,0.18,10.0,0.22,5.12,0.23,10.0,0.03,0.03,2323.82032,1776222878000
1776222879.884,279.884,0.75,15.0,0.74,15.0,0.76,44.7,0.77,30.0,0.24,14.02,0.23,51.73,0.25,15.0,0.26,10.0,0.01,0.01,2323.82032,1776222878000
1776222880.163,280.163,0.74,15.0,0.73,10.0,0.76,37.64,0.77,30.0,0.24,37.64,0.23,30.0,0.26,15.0,0.27,10.0,0.02,0.02,2323.808025,1776222879000
1776222880.888,280.888,0.75,5.31,0.74,15.0,0.76,35.67,0.77,40.0,0.24,60.89,0.23,30.0,0.25,5.31,0.26,15.0,0.01,0.01,2323.808025,1776222879000
1776222881.21,281.21,0.75,5.31,0.74,15.0,0.76,35.33,0.77,40.0,0.24,35.33,0.23,40.0,0.25,5.31,0.26,15.0,0.01,0.01,2323.859886,1776222880000
1776222882.06,282.06,0.75,5.31,0.74,15.0,0.76,16.75,0.77,40.0,0.24,35.33,0.23,40.0,0.25,5.31,0.26,15.0,0.01,0.01,2323.859886,1776222880000
1776222882.282,282.282,0.75,5.31,0.74,15.0,0.76,16.75,0.77,40.0,0.24,16.75,0.23,40.0,0.25,5.31,0.26,15.0,0.01,0.01,2323.8985,1776222881000
1776222882.659,282.659,0.72,2.52,0.71,10.0,0.76,16.75,0.78,30.0,0.24,16.75,0.23,40.0,0.25,5.31,0.26,15.0,0.04,0.01,2323.8985,1776222881000
1776222882.897,282.897,0.75,15.0,0.74,10.0,0.76,13.59,0.77,5.0,0.24,16.75,0.22,30.0,0.28,2.52,0.29,10.0,0.01,0.04,2323.8985,1776222881000
1776222883.283,283.283,0.75,15.0,0.74,10.0,0.76,13.59,0.77,5.0,0.24,13.59,0.23,5.0,0.25,15.0,0.26,10.0,0.01,0.01,2323.950439,1776222882000
1776222884.347,284.347,0.75,10.0,0.74,10.0,0.76,13.79,0.77,15.0,0.24,13.79,0.23,15.0,0.25,10.0,0.26,10.0,0.01,0.01,2323.967609,1776222883000
1776222885.279,285.279,0.75,105.09,0.74,25.0,0.77,14.22,0.78,15.0,0.23,14.22,0.22,15.0,0.25,105.09,0.26,25.0,0.02,0.02,2323.954681,1776222884000
1776222885.669,285.669,0.75,149.99,0.74,29.0,0.76,4.46,0.78,15.0,0.23,14.22,0.22,15.0,0.25,105.09,0.26,25.0,0.01,0.02,2323.954681,1776222884000
1776222885.871,285.871,0.75,110.09,0.74,29.0,0.78,8.94,0.79,40.0,0.24,4.46,0.22,15.0,0.25,149.99,0.26,29.0,0.03,0.01,2323.954681,1776222884000
1776222886.299,286.299,0.75,110.09,0.74,29.0,0.78,8.94,0.79,40.0,0.22,8.94,0.21,40.0,0.25,110.09,0.26,29.0,0.03,0.03,2323.961176,1776222885000
1776222886.598,286.598,0.74,12.15,0.73,114.09,0.77,15.0,0.78,13.94,0.22,8.94,0.21,40.0,0.25,110.09,0.26,29.0,0.03,0.03,2323.961176,1776222885000
1776222887.134,287.134,0.75,143.99,0.74,25.15,0.77,18.48,0.78,13.94,0.23,15.0,0.22,13.94,0.26,12.15,0.27,114.09,0.02,0.03,2323.961176,1776222885000
1776222887.377,287.377,0.76,137.99,0.75,29.0,0.77,3.48,0.78,13.94,0.23,18.48,0.22,13.94,0.25,143.99,0.26,25.15,0.01,0.02,2323.963584,1776222886000
1776222887.773,287.773,0.76,15.0,0.75,119.09,0.78,25.94,0.79,10.0,0.23,3.48,0.22,13.94,0.24,137.99,0.25,29.0,0.02,0.01,2323.963584,1776222886000
1776222888.353,288.353,0.76,15.0,0.75,119.09,0.78,25.94,0.79,10.0,0.22,25.94,0.21,10.0,0.24,15.0,0.25,119.09,0.02,0.02,2323.968412,1776222887000
1776222888.775,288.775,0.78,15.0,0.77,122.99,0.79,18.67,0.8,63.0,0.22,25.94,0.21,10.0,0.24,15.0,0.25,119.09,0.01,0.02,2323.968412,1776222887000
1776222889.115,289.115,0.78,197.99,0.77,32.9,0.8,20.96,0.82,30.0,0.21,18.67,0.2,63.0,0.22,15.0,0.23,122.99,0.02,0.01,2323.968412,1776222887000
1776222889.324,289.324,0.79,10.0,0.78,192.99,0.86,60.0,0.87,10.0,0.14,60.0,0.13,10.0,0.21,10.0,0.22,192.99,0.07,0.07,2323.969751,1776222888000
1776222889.53,289.53,0.85,15.0,0.84,10.0,0.86,63.13,0.87,10.0,0.14,82.23,0.13,10.0,0.15,10.0,0.16,10.0,0.01,0.01,2323.969751,1776222888000
1776222889.731,289.731,0.83,107.99,0.82,28.0,0.86,99.13,0.87,10.0,0.14,63.13,0.13,10.0,0.15,2.0,0.16,10.0,0.03,0.01,2323.969751,1776222888000
1776222890.137,290.137,0.84,12.71,0.83,46.9,0.85,28.0,0.86,67.13,0.14,99.13,0.13,10.0,0.17,107.99,0.18,28.0,0.01,0.03,2323.969751,1776222888000
1776222890.337,290.337,0.84,12.71,0.83,46.9,0.85,28.0,0.86,67.13,0.15,28.0,0.14,67.13,0.16,12.71,0.17,46.9,0.01,0.01,2323.967326,1776222889000
1776222890.627,290.627,0.84,124.8,0.83,28.9,0.85,7.63,0.86,67.13,0.15,8.8,0.14,67.13,0.16,107.8,0.17,28.9,0.01,0.01,2323.967326,1776222889000
1776222890.916,290.916,0.81,106.99,0.8,22.0,0.82,5.0,0.83,10.0,0.15,7.63,0.14,67.13,0.16,124.8,0.17,28.9,0.01,0.01,2323.967326,1776222889000
1776222891.351,291.351,0.81,106.99,0.8,22.0,0.82,5.0,0.83,10.0,0.18,5.0,0.17,10.0,0.19,106.99,0.2,22.0,0.01,0.01,2323.98204,1776222890000
1776222891.581,291.581,0.81,113.99,0.8,22.0,0.82,2.56,0.83,10.0,0.18,5.0,0.17,10.0,0.19,106.99,0.2,22.0,0.01,0.01,2323.98204,1776222890000
1776222891.883,291.883,0.81,113.99,0.8,22.0,0.83,9.37,0.84,10.0,0.18,2.56,0.17,10.0,0.19,113.99,0.2,22.0,0.02,0.01,2323.98204,1776222890000
1776222892.119,292.119,0.81,113.99,0.8,22.0,0.82,1.0,0.83,9.37,0.17,9.37,0.16,10.0,0.19,113.99,0.2,22.0,0.01,0.02,2323.9792,1776222891000
1776222892.322,292.322,0.81,135.88,0.8,22.0,0.82,1.0,0.83,9.37,0.18,1.0,0.17,9.37,0.19,113.99,0.2,22.0,0.01,0.01,2323.9792,1776222891000
1776222892.877,292.877,0.81,140.88,0.8,32.0,0.82,13.97,0.83,8.35,0.17,8.35,0.16,10.0,0.19,130.88,0.2,22.0,0.01,0.02,2323.9792,1776222891000
1776222893.368,293.368,0.81,140.88,0.8,32.0,0.82,13.97,0.83,8.35,0.18,13.97,0.17,8.35,0.19,140.88,0.2,32.0,0.01,0.01,2323.992626,1776222892000
1776222893.79,293.79,0.82,71.9,0.81,30.0,0.83,8.79,0.84,10.0,0.18,3.83,0.17,8.35,0.19,185.88,0.2,32.0,0.01,0.01,2323.992626,1776222892000
1776222894.051,294.051,0.82,85.9,0.81,30.0,0.84,0.87,0.85,7.63,0.17,8.79,0.16,10.0,0.18,71.9,0.19,30.0,0.02,0.01,2323.956589,1776222893000
1776222894.93,294.93,0.86,138.99,0.85,36.0,0.88,8.52,0.89,10.0,0.16,0.87,0.15,7.63,0.18,85.9,0.19,30.0,0.02,0.02,2323.956589,1776222893000
1776222895.99,295.99,0.86,138.99,0.85,36.0,0.88,8.52,0.89,10.0,0.12,8.52,0.11,10.0,0.14,138.99,0.15,36.0,0.02,0.02,2323.961238,1776222895000
1776222896.417,296.417,0.87,77.9,0.86,78.9,0.88,25.68,0.89,10.0,0.12,8.52,0.11,10.0,0.14,138.99,0.15,36.0,0.01,0.02,2323.961238,1776222895000
1776222896.775,296.775,0.87,77.9,0.86,88.9,0.89,3.29,0.9,10.0,0.12,25.68,0.11,10.0,0.13,77.9,0.14,78.9,0.02,0.01,2323.961238,1776222895000
1776222897.43,297.43,0.88,143.9,0.87,34.0,0.89,8.87,0.92,5.0,0.11,3.29,0.1,10.0,0.13,77.9,0.14,88.9,0.01,0.02,2323.961297,1776222896000
1776222897.751,297.751,0.94,10.0,0.93,20.9,0.96,25.58,0.97,88.0,0.05,17.97,0.04,30.0,0.12,143.9,0.13,34.0,0.02,0.07,2323.961297,1776222896000
1776222897.991,297.991,0.94,10.0,0.93,10.0,0.96,18.73,0.97,88.0,0.04,39.98,0.03,88.0,0.09,67.47,0.1,37.0,0.02,0.05,2323.961297,1776222896000
1776222898.249,298.249,0.94,30.9,0.93,46.99,0.96,42.93,0.97,88.0,0.04,42.93,0.03,88.0,0.06,10.0,0.07,30.9,0.02,0.02,2323.959413,1776222897000
1776222898.456,298.456,0.96,65.3,0.95,20.0,0.98,46.52,0.99,1110.0,0.03,67.27,0.02,133.0,0.04,65.3,0.05,15.0,0.02,0.01,2323.959413,1776222897000
1776222898.738,298.738,0.98,142.0,0.97,10.0,0.99,797.52,,,0.01,998.52,,,0.02,10.0,0.03,144.0,0.01,0.01,2323.959413,1776222897000
1776222898.968,298.968,0.98,99.0,0.97,20.0,0.99,775.75,,,0.01,776.77,,,0.02,89.0,0.03,10.0,0.01,0.01,2323.959413,1776222897000
1776222899.179,299.179,0.99,1139.4,0.96,70.55,,,,,0.01,535.6,,,0.02,20.0,0.04,70.55,,0.01,2323.959248,1776222898000
1776222899.382,299.382,0.6,61.14,0.55,5.0,0.66,15.0,0.7,10.0,0.18,27.77,0.09,20.0,0.4,63.69,0.45,5.0,0.06,0.22,2323.959248,1776222898000
1776222899.588,299.588,0.51,621.91,0.5,80.26,0.6,75.18,0.64,9.0,0.45,0.18,0.4,80.0,0.49,626.91,0.5,80.26,0.09,0.04,2323.959248,1776222898000
1776222899.844,299.844,0.51,296.41,0.5,80.26,0.66,19.33,0.7,25.0,0.4,1.33,0.36,9.0,0.49,287.41,0.5,80.26,0.15,0.09,2323.959248,1776222898000
1776222900.078,300.078,0.61,11.43,0.6,13.0,0.69,131.0,0.7,14.65,0.31,131.0,0.3,14.65,0.39,12.43,0.4,13.0,0.08,0.08,2323.959298,1776222899000
1776222900.298,300.298,0.99,66590.21,0.77,5.0,,,,,,,,,0.01,101464.09,0.39,11.43,,,2323.959298,1776222899000
1776222900.501,300.501,0.99,53734.1,0.8,10.0,,,,,,,,,0.01,53932.1,0.2,5.0,,,2323.959298,1776222899000
1776222900.714,300.714,0.99,53584.1,0.8,10.0,,,,,,,,,0.01,53684.1,0.2,10.0,,,2323.959298,1776222899000
1776222900.927,300.927,0.99,48791.98,0.98,6.0,,,,,,,,,0.01,49591.98,0.02,6.0,,,2323.959298,1776222899000
1776222901.141,301.141,0.99,48493.98,0.98,6.0,,,,,,,,,0.01,48493.98,0.02,6.0,,,2323.874491,1776222900000

# RESULT,winner=Up,slug=eth-updown-5m-1776222600,ticks=438
