timestamp,elapsed_sec,up_bid_p1,up_bid_s1,up_bid_p2,up_bid_s2,up_ask_p1,up_ask_s1,up_ask_p2,up_ask_s2,down_bid_p1,down_bid_s1,down_bid_p2,down_bid_s2,down_ask_p1,down_ask_s1,down_ask_p2,down_ask_s2,up_spread,down_spread,eth_price,eth_oracle_ts
1776389401.576,1.576,0.53,85.0,0.52,137.02,0.54,40.89,0.55,21.88,0.45,8.88,0.4,5.0,0.47,85.0,0.48,336.32,0.01,0.02,2334.29885,1776389400000
1776389402.251,2.251,0.53,63.72,0.52,137.02,0.54,65.89,0.55,26.88,0.46,40.89,0.45,21.88,0.47,85.0,0.48,137.02,0.01,0.01,2334.29885,1776389400000
1776389403.019,3.019,0.47,12.0,0.46,13.0,0.52,15.0,0.53,75.0,0.46,65.89,0.45,26.88,0.5,13.05,0.51,70.0,0.05,0.04,2334.103263,1776389401000
1776389403.434,3.434,0.47,12.0,0.46,63.0,0.52,2.0,0.53,87.0,0.48,15.0,0.47,75.0,0.53,12.0,0.54,13.0,0.05,0.05,2334.103263,1776389401000
1776389403.669,3.669,0.47,9.96,0.46,68.0,0.5,10.0,0.51,5.0,0.48,2.0,0.47,87.0,0.53,12.0,0.54,63.0,0.03,0.05,2334.134521,1776389402000
1776389404.411,4.411,0.47,19.96,0.46,78.0,0.48,1.75,0.49,10.0,0.5,3.8,0.48,12.0,0.53,9.96,0.54,68.0,0.01,0.03,2334.127484,1776389403000
1776389405.049,5.049,0.45,70.0,0.44,82.0,0.46,4.13,0.47,15.0,0.52,1.75,0.51,10.0,0.53,19.96,0.54,78.0,0.01,0.01,2334.127484,1776389403000
1776389405.354,5.354,0.45,70.0,0.44,82.0,0.47,10.0,0.48,10.0,0.54,4.13,0.53,15.0,0.55,70.0,0.56,82.0,0.02,0.01,2334.018214,1776389404000
1776389406.31,6.31,0.45,70.0,0.44,82.0,0.46,10.0,0.47,10.0,0.53,10.0,0.52,10.0,0.55,70.0,0.56,82.0,0.01,0.02,2333.935372,1776389405000
1776389406.831,6.831,0.45,70.0,0.44,82.0,0.46,5.0,0.47,10.0,0.54,10.0,0.53,10.0,0.55,70.0,0.56,82.0,0.01,0.01,2333.935372,1776389405000
1776389407.171,7.171,0.45,70.0,0.44,92.0,0.46,33.25,0.47,10.0,0.53,1.51,0.52,10.0,0.55,70.0,0.56,82.0,0.01,0.02,2333.935372,1776389405000
1776389407.513,7.513,0.45,90.0,0.44,92.0,0.47,10.0,0.48,10.0,0.53,10.0,0.52,15.0,0.55,70.0,0.56,92.0,0.02,0.02,2333.736469,1776389406000
1776389408.704,8.704,0.45,9.02,0.43,22.0,0.46,26.0,0.47,83.0,0.53,10.0,0.52,10.0,0.55,90.0,0.56,92.0,0.01,0.02,2333.706078,1776389407000
1776389410.026,10.026,0.45,9.02,0.43,22.0,0.46,2.21,0.47,98.0,0.54,26.0,0.53,83.0,0.55,9.02,0.57,22.0,0.01,0.01,2333.724661,1776389409000
1776389410.898,10.898,0.45,2.94,0.4,28.0,0.46,78.21,0.47,88.0,0.54,2.21,0.53,98.0,0.55,9.02,0.57,22.0,0.01,0.01,2333.724661,1776389409000
1776389411.37,11.37,0.41,5.0,0.4,15.0,0.42,19.2,0.43,34.0,0.54,93.21,0.53,88.0,0.59,10.0,0.6,15.0,0.01,0.05,2333.585301,1776389410000
1776389415.013,15.013,0.38,30.0,0.37,23.0,0.39,6.0,0.4,5.0,0.57,139.0,0.56,37.0,0.59,5.0,0.6,10.0,0.01,0.02,2333.305146,1776389413000
1776389415.488,15.488,0.38,4.5,0.37,48.0,0.39,6.0,0.4,5.0,0.61,6.0,0.6,5.0,0.62,30.0,0.63,23.0,0.01,0.01,2333.300358,1776389414000
1776389416.246,16.246,0.4,345.45,0.39,10.0,0.41,189.26,0.42,38.96,0.59,159.26,0.58,43.96,0.62,4.5,0.63,48.0,0.01,0.03,2333.294695,1776389415000
1776389417.078,17.078,0.43,68.0,0.42,106.0,0.45,32.73,0.46,5.0,0.59,189.26,0.58,38.96,0.6,340.45,0.61,10.0,0.02,0.01,2333.294695,1776389415000
1776389417.568,17.568,0.44,80.0,0.43,95.0,0.45,2.76,0.46,5.0,0.55,16.84,0.54,5.0,0.56,10.0,0.57,98.0,0.01,0.01,2333.256046,1776389416000
1776389417.827,17.827,0.45,15.0,0.44,80.0,0.47,10.0,0.48,31.0,0.55,2.76,0.54,5.0,0.56,80.0,0.57,95.0,0.02,0.01,2333.256046,1776389416000
1776389418.606,18.606,0.46,22.67,0.45,35.0,0.47,5.0,0.48,31.0,0.53,10.0,0.52,31.0,0.55,15.0,0.56,80.0,0.01,0.02,2333.248826,1776389417000
1776389419.127,19.127,0.49,645.3,0.47,10.0,0.5,172.8,0.51,98.0,0.5,166.8,0.49,98.0,0.51,599.3,0.54,12.67,0.01,0.01,2333.248826,1776389417000
1776389419.507,19.507,0.49,626.0,0.48,10.0,0.5,179.0,0.51,98.0,0.5,172.8,0.49,98.0,0.51,645.3,0.53,10.0,0.01,0.01,2333.52375,1776389418000
1776389419.749,19.749,0.49,608.87,0.48,10.0,0.5,179.0,0.51,98.0,0.5,179.0,0.49,98.0,0.51,614.76,0.52,10.0,0.01,0.01,2333.52375,1776389418000
1776389420.096,20.096,0.49,603.87,0.47,10.0,0.5,179.0,0.51,98.0,0.5,179.0,0.49,98.0,0.51,608.87,0.52,10.0,0.01,0.01,2333.52375,1776389418000
1776389420.535,20.535,0.49,594.3,0.46,7.67,0.5,156.96,0.51,103.0,0.5,179.0,0.49,98.0,0.51,603.87,0.53,10.0,0.01,0.01,2333.52375,1776389418000
1776389420.773,20.773,0.49,424.67,0.46,7.67,0.5,200.16,0.51,133.0,0.5,200.16,0.49,133.0,0.51,430.75,0.54,7.67,0.01,0.01,2333.643433,1776389419000
1776389421.071,21.071,0.49,368.67,0.46,7.67,0.5,180.96,0.51,133.0,0.5,180.96,0.49,133.0,0.51,373.67,0.54,7.67,0.01,0.01,2333.694677,1776389420000
1776389421.6,21.6,0.49,368.67,0.46,7.67,0.5,152.96,0.51,133.0,0.5,180.96,0.49,133.0,0.51,368.67,0.54,7.67,0.01,0.01,2333.694677,1776389420000
1776389421.914,21.914,0.49,368.67,0.46,7.67,0.5,110.96,0.51,133.0,0.5,152.96,0.49,133.0,0.51,368.67,0.54,7.67,0.01,0.01,2333.694677,1776389420000
1776389422.741,22.741,0.49,363.67,0.46,7.67,0.5,87.46,0.51,273.0,0.5,107.46,0.49,133.0,0.51,368.67,0.54,7.67,0.01,0.01,2333.701515,1776389421000
1776389423.891,23.891,0.49,363.67,0.46,7.67,0.5,97.36,0.51,273.0,0.5,87.46,0.49,273.0,0.51,363.67,0.54,7.67,0.01,0.01,2333.45463,1776389422000
1776389426.302,26.302,0.49,363.67,0.46,7.67,0.5,63.96,0.51,273.0,0.5,97.36,0.49,273.0,0.51,363.67,0.54,7.67,0.01,0.01,2333.489877,1776389425000
1776389429.75,29.75,0.49,713.31,0.44,10.0,0.5,81.96,0.51,273.0,0.5,63.96,0.49,273.0,0.51,363.67,0.54,7.67,0.01,0.01,2333.486838,1776389428000
1776389430.249,30.249,0.49,697.31,0.44,10.0,0.5,173.96,0.51,273.0,0.5,81.96,0.49,273.0,0.51,713.31,0.56,10.0,0.01,0.01,2333.480479,1776389429000
1776389430.585,30.585,0.49,684.68,0.44,10.0,0.5,225.06,0.51,273.0,0.5,257.06,0.49,273.0,0.51,692.31,0.56,10.0,0.01,0.01,2333.480479,1776389429000
1776389431.377,31.377,0.49,614.68,0.43,5.0,0.5,317.06,0.51,73.0,0.5,225.06,0.49,273.0,0.51,684.68,0.56,10.0,0.01,0.01,2333.47605,1776389430000
1776389431.584,31.584,0.49,236.36,0.43,5.0,0.5,322.49,0.51,96.13,0.5,322.49,0.49,96.13,0.51,315.36,0.57,5.0,0.01,0.01,2333.47605,1776389430000
1776389431.79,31.79,0.49,231.36,0.43,5.0,0.5,322.49,0.51,96.13,0.5,322.49,0.49,96.13,0.51,236.36,0.57,5.0,0.01,0.01,2333.47605,1776389430000
1776389432.002,32.002,0.49,131.26,0.43,5.0,0.5,322.49,0.51,126.13,0.5,328.49,0.49,126.13,0.51,136.26,0.57,5.0,0.01,0.01,2333.47801,1776389431000
1776389432.234,32.234,0.49,76.26,0.43,5.0,0.5,329.49,0.51,126.13,0.5,329.49,0.49,126.13,0.51,106.26,0.57,5.0,0.01,0.01,2333.47801,1776389431000
1776389432.541,32.541,0.49,68.31,0.43,5.0,0.5,448.47,0.51,108.0,0.5,329.49,0.49,126.13,0.51,76.26,0.57,5.0,0.01,0.01,2333.47801,1776389431000
1776389433.268,33.268,0.49,63.31,0.42,5.0,0.5,448.47,0.51,108.0,0.5,448.47,0.49,108.0,0.51,68.31,0.57,5.0,0.01,0.01,2333.47801,1776389431000
1776389433.637,33.637,0.49,79.31,0.43,15.0,0.5,347.47,0.51,103.0,0.5,448.47,0.49,108.0,0.51,63.31,0.58,5.0,0.01,0.01,2333.47801,1776389431000
1776389434.004,34.004,0.49,63.31,0.43,15.0,0.5,263.47,0.51,103.0,0.5,269.47,0.49,103.0,0.51,63.31,0.57,15.0,0.01,0.01,2333.301938,1776389432000
1776389434.94,34.94,0.49,63.31,0.43,5.0,0.5,279.43,0.51,103.0,0.5,263.47,0.49,103.0,0.51,63.31,0.57,15.0,0.01,0.01,2332.981799,1776389434000
1776389435.152,35.152,0.49,48.75,0.43,5.0,0.5,373.43,0.51,103.0,0.5,373.43,0.49,103.0,0.51,53.75,0.57,5.0,0.01,0.01,2332.981799,1776389434000
1776389435.399,35.399,0.49,26.76,0.43,5.0,0.5,357.43,0.51,103.0,0.5,373.43,0.49,103.0,0.51,32.35,0.57,5.0,0.01,0.01,2332.981799,1776389434000
1776389435.633,35.633,0.49,5.76,0.43,5.0,0.5,375.43,0.51,103.0,0.5,375.43,0.49,103.0,0.51,10.76,0.57,5.0,0.01,0.01,2332.981799,1776389434000
1776389436.134,36.134,0.43,5.0,0.42,5.0,0.5,266.47,0.51,103.0,0.5,266.47,0.49,103.0,0.51,5.76,0.57,5.0,0.07,0.01,2333.104637,1776389435000
1776389437.482,37.482,0.42,5.0,0.4,64.28,0.44,244.96,0.45,26.0,0.5,266.47,0.49,103.0,0.57,5.0,0.58,5.0,0.02,0.07,2333.045327,1776389436000
1776389438.05,38.05,0.4,64.11,0.39,40.0,0.43,198.68,0.44,68.0,0.57,5.72,0.56,244.96,0.58,5.0,0.6,64.28,0.03,0.01,2333.011978,1776389437000
1776389439.738,39.738,0.36,61.96,0.35,47.14,0.37,29.96,0.38,95.0,0.57,198.68,0.56,68.0,0.6,64.11,0.61,40.0,0.01,0.03,2333.028333,1776389438000
1776389440.327,40.327,0.35,4.1,0.34,30.0,0.36,190.16,0.37,71.96,0.63,52.96,0.62,80.0,0.64,36.33,0.65,47.14,0.01,0.01,2333.047362,1776389439000
1776389440.982,40.982,0.34,10.0,0.33,75.36,0.35,154.24,0.36,64.0,0.64,170.96,0.63,71.96,0.66,29.03,0.67,10.0,0.01,0.02,2333.002181,1776389440000
1776389445.461,45.461,0.33,10.0,0.32,10.0,0.35,117.0,0.36,20.0,0.65,154.24,0.64,64.0,0.66,10.0,0.67,75.36,0.02,0.01,2332.5787,1776389444000
1776389446.951,46.951,0.34,10.0,0.33,10.0,0.35,41.0,0.38,10.0,0.65,117.0,0.64,20.0,0.67,10.0,0.68,10.0,0.01,0.02,2332.59127,1776389445000
1776389447.527,47.527,0.36,3.0,0.35,21.7,0.37,79.0,0.38,10.0,0.62,10.0,0.61,10.0,0.64,2.0,0.65,15.7,0.01,0.02,2332.594377,1776389446000
1776389448.872,48.872,0.36,36.0,0.35,33.27,0.37,52.0,0.38,10.0,0.63,79.0,0.62,10.0,0.64,3.0,0.65,21.7,0.01,0.01,2332.531944,1776389447000
1776389449.335,49.335,0.37,70.0,0.36,51.0,0.4,1.55,0.41,15.0,0.63,2.0,0.62,10.0,0.64,36.0,0.65,33.27,0.03,0.01,2332.531944,1776389447000
1776389449.757,49.757,0.38,3.38,0.37,15.0,0.39,98.0,0.4,10.0,0.6,1.55,0.59,15.0,0.63,70.0,0.64,51.0,0.01,0.03,2332.684158,1776389448000
1776389452.659,52.659,0.35,12.71,0.32,40.0,0.36,196.0,0.37,52.0,0.61,98.0,0.6,10.0,0.62,3.38,0.63,15.0,0.01,0.01,2332.77769,1776389451000
1776389452.884,52.884,0.33,10.0,0.32,40.0,0.36,109.0,0.37,20.0,0.64,196.0,0.63,52.0,0.65,12.71,0.68,40.0,0.03,0.01,2332.77769,1776389451000
1776389454.633,54.633,0.33,10.0,0.32,40.0,0.34,125.61,0.35,25.0,0.64,109.0,0.63,20.0,0.67,10.0,0.68,40.0,0.01,0.03,2332.748495,1776389453000
1776389456.563,56.563,0.33,10.0,0.32,40.0,0.34,29.66,0.35,15.0,0.66,125.61,0.65,25.0,0.67,10.0,0.68,40.0,0.01,0.01,2332.644738,1776389455000
1776389456.81,56.81,0.33,0.34,0.32,40.0,0.34,29.66,0.35,15.0,0.66,29.66,0.65,15.0,0.67,8.34,0.68,40.0,0.01,0.01,2332.644738,1776389455000
1776389457.398,57.398,0.33,13.0,0.32,9.45,0.34,29.66,0.35,15.0,0.66,29.66,0.65,15.0,0.68,9.45,0.69,60.0,0.01,0.02,2332.652832,1776389456000
1776389460.466,60.466,0.34,92.43,0.33,62.04,0.35,10.0,0.36,27.1,0.66,29.66,0.65,15.0,0.67,13.0,0.68,9.45,0.01,0.01,2332.665224,1776389459000
1776389460.682,60.682,0.34,228.47,0.33,67.04,0.35,1.6,0.36,46.1,0.65,10.0,0.64,27.1,0.66,92.43,0.67,62.04,0.01,0.01,2332.665224,1776389459000
1776389460.907,60.907,0.35,155.14,0.34,84.48,0.36,41.0,0.37,5.0,0.64,41.0,0.63,5.0,0.65,102.04,0.66,84.48,0.01,0.01,2332.665224,1776389459000
1776389461.107,61.107,0.35,179.14,0.34,84.48,0.36,31.0,0.37,5.0,0.64,41.0,0.63,5.0,0.65,155.14,0.66,84.48,0.01,0.01,2332.665224,1776389459000
1776389461.375,61.375,0.39,18.85,0.38,10.0,0.4,5.0,0.41,5.0,0.6,5.0,0.59,5.0,0.65,215.14,0.66,154.48,0.01,0.05,2332.664595,1776389460000
1776389461.587,61.587,0.41,245.99,0.4,23.0,0.44,2.0,0.45,10.0,0.58,10.0,0.57,5.0,0.61,86.8,0.62,24.0,0.03,0.03,2332.664595,1776389460000
1776389461.842,61.842,0.42,161.99,0.41,120.0,0.43,5.0,0.44,2.0,0.56,2.0,0.55,10.0,0.59,245.99,0.6,23.0,0.01,0.03,2332.664595,1776389460000
1776389462.067,62.067,0.42,160.26,0.41,120.0,0.44,2.0,0.45,10.0,0.57,5.0,0.56,2.0,0.58,161.99,0.59,120.0,0.02,0.01,2332.6528,1776389461000
1776389462.869,62.869,0.43,150.99,0.42,66.31,0.46,4.0,0.47,10.0,0.55,6.0,0.54,10.0,0.58,154.26,0.59,120.0,0.03,0.03,2332.6528,1776389461000
1776389463.209,63.209,0.43,127.44,0.42,66.31,0.44,58.57,0.45,15.0,0.55,10.0,0.54,4.0,0.57,133.44,0.58,66.31,0.01,0.02,2332.6528,1776389461000
1776389463.663,63.663,0.43,126.68,0.42,66.31,0.44,58.57,0.45,5.0,0.56,58.57,0.55,15.0,0.57,127.44,0.58,66.31,0.01,0.01,2333.052382,1776389462000
1776389464.79,64.79,0.43,122.73,0.42,66.31,0.44,58.57,0.45,5.0,0.56,58.57,0.55,5.0,0.57,126.68,0.58,66.31,0.01,0.01,2333.342256,1776389463000
1776389465.348,65.348,0.43,122.73,0.42,71.31,0.44,103.07,0.45,5.0,0.56,58.57,0.55,5.0,0.57,122.73,0.58,66.31,0.01,0.01,2333.342256,1776389463000
1776389465.612,65.612,0.43,174.73,0.42,71.31,0.44,98.07,0.47,5.0,0.56,103.07,0.55,5.0,0.57,122.73,0.58,71.31,0.01,0.01,2333.36037,1776389464000
1776389465.859,65.859,0.43,172.51,0.42,71.31,0.44,36.07,0.47,5.0,0.56,88.07,0.53,5.0,0.57,172.51,0.58,71.31,0.01,0.01,2333.36037,1776389464000
1776389466.527,66.527,0.46,16.93,0.43,183.51,0.49,5.0,0.5,10.0,0.56,33.07,0.53,5.0,0.57,172.51,0.58,71.31,0.03,0.01,2333.385523,1776389465000
1776389467.627,67.627,0.5,94.2,0.49,60.0,0.51,6.12,0.52,10.0,0.5,9.0,0.49,21.12,0.52,10.0,0.53,10.0,0.01,0.02,2333.386878,1776389466000
1776389468.372,68.372,0.56,54.27,0.55,25.0,0.57,10.0,0.58,10.0,0.48,6.12,0.47,15.1,0.5,75.0,0.51,60.0,0.01,0.02,2333.386878,1776389466000
1776389468.723,68.723,0.56,44.99,0.55,15.0,0.57,10.0,0.58,83.51,0.43,10.0,0.42,10.0,0.44,54.27,0.45,25.0,0.01,0.01,2333.645275,1776389467000
1776389468.979,68.979,0.56,39.99,0.55,15.0,0.57,15.0,0.58,83.51,0.43,10.0,0.42,83.51,0.44,44.99,0.45,15.0,0.01,0.01,2333.645275,1776389467000
1776389469.302,69.302,0.56,31.99,0.55,15.0,0.57,15.0,0.58,83.51,0.43,15.0,0.42,83.51,0.44,39.99,0.45,15.0,0.01,0.01,2333.7656,1776389468000
1776389469.985,69.985,0.56,31.99,0.55,15.0,0.57,4.47,0.58,83.51,0.43,15.0,0.42,83.51,0.44,31.99,0.45,15.0,0.01,0.01,2333.7656,1776389468000
1776389470.472,70.472,0.56,31.99,0.55,15.0,0.57,8.0,0.58,77.55,0.42,77.55,0.41,15.0,0.44,31.99,0.45,15.0,0.01,0.02,2334.03867,1776389469000
1776389471.052,71.052,0.54,85.77,0.53,15.0,0.56,8.05,0.57,8.0,0.44,10.0,0.43,8.0,0.46,13.77,0.47,15.0,0.02,0.02,2334.03867,1776389469000
1776389472.53,72.53,0.55,50.0,0.54,58.77,0.56,112.05,0.57,8.0,0.44,8.05,0.43,8.0,0.46,85.77,0.47,15.0,0.01,0.02,2334.098649,1776389470000
1776389473.536,73.536,0.46,14.63,0.45,10.0,0.47,49.2,0.48,16.0,0.44,112.05,0.43,8.0,0.45,45.0,0.46,55.0,0.01,0.01,2334.164055,1776389472000
1776389474.418,74.418,0.46,4.46,0.45,10.0,0.47,16.0,0.48,16.0,0.53,46.88,0.52,16.0,0.54,10.0,0.55,10.0,0.01,0.01,2334.164055,1776389472000
1776389476.633,76.633,0.48,74.2,0.47,103.99,0.5,5.0,0.51,5.0,0.53,16.0,0.52,16.0,0.54,4.46,0.55,10.0,0.02,0.01,2334.164055,1776389472000
1776389479.926,79.926,0.54,57.0,0.53,25.0,0.55,0.28,0.58,10.0,0.49,1.86,0.48,5.0,0.51,50.0,0.52,35.0,0.01,0.02,2334.042263,1776389478000
1776389480.829,80.829,0.51,5.65,0.49,10.0,0.52,216.0,0.53,16.0,0.42,10.0,0.41,15.0,0.46,57.0,0.47,25.0,0.01,0.04,2334.178296,1776389479000
1776389482.345,82.345,0.49,10.0,0.48,10.0,0.52,200.0,0.53,21.0,0.48,216.0,0.47,16.0,0.49,5.65,0.51,10.0,0.03,0.01,2334.255706,1776389481000
1776389484.824,84.824,0.5,50.0,0.49,25.0,0.51,5.0,0.52,5.0,0.48,200.0,0.47,21.0,0.51,10.0,0.52,10.0,0.01,0.03,2333.959069,1776389483000
1776389489.134,89.134,0.49,10.0,0.48,93.99,0.5,54.0,0.51,26.0,0.49,5.0,0.48,5.0,0.5,50.0,0.51,25.0,0.01,0.01,2333.970152,1776389488000
1776389490.92,90.92,0.45,85.95,0.44,93.0,0.46,83.59,0.47,21.0,0.5,54.0,0.49,26.0,0.51,10.0,0.52,93.99,0.01,0.01,2333.965874,1776389489000
1776389494.731,94.731,0.39,80.95,0.38,48.03,0.4,86.2,0.41,79.0,0.54,62.39,0.53,31.0,0.55,77.75,0.56,93.0,0.01,0.01,2333.632067,1776389493000
1776389494.935,94.935,0.39,69.16,0.38,29.0,0.4,92.2,0.41,21.0,0.6,99.2,0.59,21.0,0.61,69.26,0.62,29.0,0.01,0.01,2333.632067,1776389493000
1776389500.088,100.088,0.38,200.99,0.37,47.0,0.39,41.0,0.41,5.0,0.6,92.2,0.59,21.0,0.61,69.16,0.62,29.0,0.01,0.01,2333.272039,1776389499000
1776389500.349,100.349,0.45,25.44,0.44,58.0,0.46,56.0,0.47,15.0,0.61,4.22,0.54,5.0,0.62,230.99,0.63,139.0,0.01,0.01,2333.272039,1776389499000
1776389500.728,100.728,0.43,68.11,0.42,24.0,0.46,107.0,0.47,10.0,0.54,56.0,0.53,15.0,0.55,25.44,0.56,58.0,0.03,0.01,2333.272039,1776389499000
1776389501.054,101.054,0.43,90.95,0.42,24.0,0.44,21.0,0.45,26.0,0.54,107.0,0.53,10.0,0.57,68.11,0.58,24.0,0.01,0.03,2333.293924,1776389500000
1776389502.46,102.46,0.44,196.99,0.43,72.0,0.45,1.06,0.48,15.0,0.56,21.0,0.55,26.0,0.57,90.95,0.58,24.0,0.01,0.01,2333.420682,1776389501000
1776389503.322,103.322,0.44,160.49,0.43,72.0,0.45,1.06,0.47,15.0,0.55,1.06,0.52,15.0,0.56,196.99,0.57,72.0,0.01,0.01,2333.531427,1776389502000
1776389504.463,104.463,0.44,138.99,0.43,47.0,0.47,5.07,0.48,10.0,0.55,1.06,0.53,15.0,0.56,160.49,0.57,72.0,0.03,0.01,2333.531427,1776389502000
1776389507.193,107.193,0.5,25.34,0.49,25.0,0.51,10.0,0.52,10.0,0.52,8.0,0.51,20.0,0.53,5.0,0.54,30.0,0.01,0.01,2333.789363,1776389506000
1776389507.464,107.464,0.5,5.1,0.49,25.0,0.51,10.0,0.52,10.0,0.49,10.0,0.48,10.0,0.5,25.34,0.51,25.0,0.01,0.01,2333.789363,1776389506000
1776389508.778,108.778,0.46,5.0,0.45,5.0,0.48,93.0,0.49,25.0,0.49,10.0,0.48,10.0,0.5,5.1,0.51,25.0,0.02,0.01,2333.837798,1776389507000
1776389511.028,111.028,0.4,41.79,0.39,13.0,0.41,59.2,0.42,15.0,0.53,15.0,0.52,80.0,0.55,5.0,0.56,69.99,0.01,0.02,2333.827556,1776389510000
1776389512.391,112.391,0.39,4.0,0.38,70.0,0.4,27.0,0.41,63.0,0.59,59.2,0.58,15.0,0.6,36.79,0.61,13.0,0.01,0.01,2333.72179,1776389511000
1776389518.096,118.096,0.37,18.99,0.36,21.0,0.38,76.0,0.39,15.0,0.6,27.0,0.59,63.0,0.62,68.55,0.63,155.36,0.01,0.02,2333.447275,1776389516000
1776389518.459,118.459,0.36,21.0,0.34,13.0,0.38,98.0,0.39,15.0,0.62,76.0,0.61,15.0,0.63,18.99,0.64,21.0,0.02,0.01,2333.43186,1776389517000
1776389519.932,119.932,0.31,8.0,0.3,90.79,0.37,139.0,0.38,64.0,0.62,98.0,0.61,15.0,0.64,21.0,0.66,13.0,0.06,0.02,2333.431076,1776389518000
1776389520.225,120.225,0.3,15.15,0.29,27.5,0.32,134.35,0.33,15.0,0.63,139.0,0.62,64.0,0.69,1.44,0.7,90.79,0.02,0.06,2333.431076,1776389518000
1776389520.849,120.849,0.29,29.45,0.28,36.89,0.3,129.2,0.31,21.0,0.69,37.0,0.68,71.35,0.7,15.05,0.71,36.5,0.01,0.01,2333.407434,1776389519000
1776389523.203,123.203,0.27,32.34,0.26,39.7,0.28,66.0,0.29,15.0,0.7,129.2,0.69,21.0,0.71,29.45,0.72,36.89,0.01,0.01,2332.902465,1776389522000
1776389524.11,124.11,0.27,14.93,0.26,39.7,0.28,81.0,0.29,15.0,0.72,66.0,0.71,15.0,0.73,32.34,0.74,39.7,0.01,0.01,2332.902465,1776389522000
1776389527.65,127.65,0.23,33.53,0.22,21.0,0.25,67.0,0.26,89.2,0.72,81.0,0.71,15.0,0.73,14.93,0.74,39.7,0.02,0.01,2332.643805,1776389526000
1776389528.006,128.006,0.22,41.0,0.21,37.7,0.23,7.74,0.24,186.0,0.76,129.0,0.75,71.0,0.77,17.04,0.78,41.0,0.01,0.01,2332.643805,1776389526000
1776389528.251,128.251,0.22,20.0,0.21,58.7,0.23,157.6,0.24,71.0,0.77,7.74,0.76,186.0,0.78,41.0,0.79,37.7,0.01,0.01,2332.643805,1776389526000
1776389530.367,130.367,0.22,36.0,0.21,42.7,0.23,68.6,0.24,33.0,0.77,157.6,0.76,71.0,0.78,20.0,0.79,58.7,0.01,0.01,2332.64346,1776389528000
1776389531.306,131.306,0.22,32.85,0.21,55.7,0.23,75.74,0.24,33.0,0.77,68.6,0.76,33.0,0.78,36.0,0.79,42.7,0.01,0.01,2332.403367,1776389530000
1776389533.021,133.021,0.21,21.0,0.2,22.5,0.23,190.74,0.24,33.0,0.77,75.74,0.76,33.0,0.78,32.85,0.79,55.7,0.02,0.01,2332.430494,1776389531000
1776389533.534,133.534,0.21,23.0,0.2,44.5,0.22,169.45,0.23,76.74,0.77,190.74,0.76,33.0,0.79,21.0,0.8,22.5,0.01,0.02,2332.430919,1776389532000
1776389534.683,134.683,0.18,111.39,0.17,25.5,0.2,103.0,0.21,72.0,0.78,169.45,0.77,76.74,0.79,23.0,0.8,44.5,0.02,0.01,2332.411648,1776389533000
1776389535.583,135.583,0.18,167.36,0.17,71.5,0.19,112.0,0.2,37.0,0.81,15.0,0.8,94.0,0.82,109.36,0.83,50.5,0.01,0.01,2332.380762,1776389534000
1776389536.818,136.818,0.18,166.14,0.17,71.5,0.19,121.0,0.2,37.0,0.81,112.0,0.8,37.0,0.82,167.36,0.83,71.5,0.01,0.01,2332.377831,1776389535000
1776389537.091,137.091,0.18,152.14,0.17,55.5,0.19,121.0,0.2,37.0,0.81,121.0,0.8,37.0,0.82,166.14,0.83,71.5,0.01,0.01,2332.377831,1776389535000
1776389538.292,138.292,0.18,219.14,0.17,65.5,0.2,2.62,0.23,54.49,0.81,121.0,0.8,37.0,0.82,152.14,0.83,55.5,0.02,0.01,2332.24714,1776389537000
1776389538.976,138.976,0.22,105.58,0.21,103.38,0.23,84.49,0.24,10.0,0.77,64.49,0.76,10.0,0.79,72.38,0.8,5.0,0.01,0.02,2332.24714,1776389537000
1776389539.561,139.561,0.22,99.75,0.21,118.08,0.23,84.49,0.24,10.0,0.77,84.49,0.76,10.0,0.78,105.58,0.79,103.38,0.01,0.01,2332.24835,1776389538000
1776389541.653,141.653,0.22,209.75,0.21,114.08,0.23,43.44,0.27,10.0,0.77,78.82,0.76,10.0,0.78,99.75,0.79,118.08,0.01,0.01,2332.510585,1776389540000
1776389543.08,143.08,0.27,57.0,0.26,22.0,0.28,10.0,0.29,26.0,0.74,4.0,0.73,10.0,0.78,209.75,0.79,114.08,0.01,0.04,2332.535443,1776389542000
1776389543.353,143.353,0.27,55.16,0.26,22.0,0.28,10.0,0.29,21.0,0.72,10.0,0.71,26.0,0.73,57.0,0.74,22.0,0.01,0.01,2332.535443,1776389542000
1776389544.543,144.543,0.28,151.0,0.27,158.46,0.31,6.51,0.32,17.35,0.72,10.0,0.71,21.0,0.73,55.16,0.74,22.0,0.03,0.01,2332.696043,1776389543000
1776389546.211,146.211,0.31,152.0,0.3,109.0,0.32,10.0,0.33,10.0,0.68,0.83,0.67,10.0,0.69,50.0,0.7,70.0,0.01,0.01,2332.79235,1776389545000
1776389550.445,150.445,0.36,62.31,0.35,70.0,0.37,10.0,0.38,16.0,0.68,10.0,0.67,10.0,0.69,152.0,0.7,109.0,0.01,0.01,2333.20681,1776389548000
1776389550.731,150.731,0.37,66.82,0.36,177.31,0.4,6.0,0.43,5.0,0.63,10.0,0.62,16.0,0.64,62.31,0.65,70.0,0.03,0.01,2333.216452,1776389549000
1776389551.092,151.092,0.38,30.0,0.37,126.82,0.39,2.66,0.4,10.0,0.57,1.0,0.56,5.0,0.63,146.82,0.64,172.31,0.01,0.06,2333.2181,1776389550000
1776389551.792,151.792,0.38,26.0,0.37,116.82,0.39,2.66,0.4,158.27,0.61,2.66,0.6,10.0,0.62,30.0,0.63,126.82,0.01,0.01,2333.2181,1776389550000
1776389552.827,152.827,0.39,104.0,0.38,16.0,0.4,140.27,0.44,11.0,0.61,2.66,0.6,158.27,0.62,26.0,0.63,116.82,0.01,0.01,2333.256939,1776389551000
1776389553.121,153.121,0.43,39.0,0.42,15.0,0.44,5.0,0.45,16.0,0.6,140.27,0.56,11.0,0.61,104.0,0.62,16.0,0.01,0.01,2333.256939,1776389551000
1776389553.981,153.981,0.4,150.93,0.37,66.82,0.41,154.0,0.42,15.0,0.56,5.0,0.55,16.0,0.57,39.0,0.58,15.0,0.01,0.01,2333.519295,1776389552000
1776389555.825,155.825,0.37,62.56,0.36,62.31,0.38,96.0,0.39,15.0,0.59,166.0,0.58,20.0,0.6,129.13,0.63,66.82,0.01,0.01,2333.66322,1776389554000
1776389557.139,157.139,0.36,62.31,0.35,70.0,0.38,69.0,0.39,10.0,0.62,96.0,0.61,15.0,0.63,18.56,0.64,62.31,0.02,0.01,2333.519683,1776389555000
1776389557.518,157.518,0.36,147.31,0.35,155.0,0.39,15.0,0.4,21.0,0.62,69.0,0.61,10.0,0.64,62.31,0.65,70.0,0.03,0.02,2333.493511,1776389556000
1776389559.807,159.807,0.36,112.31,0.35,140.0,0.38,77.0,0.39,20.0,0.61,15.0,0.6,21.0,0.64,147.31,0.65,155.0,0.02,0.03,2333.485292,1776389558000
1776389560.044,160.044,0.34,1.6,0.3,42.03,0.35,15.0,0.36,10.0,0.63,60.0,0.62,103.2,0.64,45.0,0.65,70.0,0.01,0.01,2333.511203,1776389559000
1776389560.28,160.28,0.3,7.9,0.28,17.89,0.31,143.0,0.32,21.0,0.65,15.0,0.64,10.0,0.66,1.6,0.7,42.03,0.01,0.01,2333.511203,1776389559000
1776389560.708,160.708,0.22,21.0,0.21,69.08,0.31,211.2,0.32,21.0,0.69,143.0,0.68,21.0,0.7,7.9,0.72,17.89,0.09,0.01,2333.511203,1776389559000
1776389561.1,161.1,0.2,92.5,0.19,52.43,0.23,146.48,0.24,16.0,0.77,102.3,0.76,10.0,0.78,20.9,0.79,69.08,0.03,0.01,2333.556946,1776389560000
1776389562.398,162.398,0.2,82.5,0.19,37.4,0.21,57.23,0.22,10.0,0.79,10.0,0.78,10.0,0.8,82.5,0.81,23.4,0.01,0.01,2332.989485,1776389561000
1776389564.239,164.239,0.2,78.93,0.19,48.4,0.21,92.23,0.22,15.0,0.79,57.23,0.78,10.0,0.8,82.5,0.81,37.4,0.01,0.01,2332.560046,1776389562000
1776389564.516,164.516,0.2,136.93,0.19,57.4,0.22,15.0,0.23,10.0,0.79,92.23,0.78,15.0,0.8,78.93,0.81,48.4,0.02,0.01,2332.542356,1776389563000
1776389567.354,167.354,0.21,138.7,0.2,176.93,0.22,67.6,0.23,15.0,0.78,15.0,0.77,10.0,0.8,136.93,0.81,57.4,0.01,0.02,2332.676059,1776389565000
1776389567.625,167.625,0.21,307.6,0.2,46.93,0.22,6.15,0.23,15.0,0.78,67.6,0.77,15.0,0.79,138.7,0.8,176.93,0.01,0.01,2332.656575,1776389566000
1776389570.863,170.863,0.28,20.0,0.27,79.0,0.3,6.66,0.31,24.0,0.72,10.0,0.71,10.0,0.73,29.0,0.78,159.0,0.02,0.01,2332.798066,1776389569000
1776389571.54,171.54,0.27,13.46,0.26,68.7,0.28,10.0,0.29,72.0,0.71,10.0,0.7,6.66,0.72,16.11,0.73,44.0,0.01,0.01,2332.842922,1776389570000
1776389572.088,172.088,0.24,92.29,0.23,90.3,0.28,40.0,0.29,66.0,0.72,10.0,0.71,72.0,0.73,13.46,0.74,68.7,0.04,0.01,2332.842922,1776389570000
1776389580.977,180.977,0.21,81.9,0.2,198.5,0.22,3.0,0.23,10.0,0.72,40.0,0.71,66.0,0.76,92.29,0.77,90.3,0.01,0.04,2332.684383,1776389579000
1776389581.71,181.71,0.22,72.75,0.21,17.9,0.23,122.0,0.24,5.7,0.76,5.7,0.75,63.0,0.78,123.17,0.79,103.6,0.01,0.02,2332.646084,1776389580000
1776389582.639,182.639,0.2,64.79,0.19,127.8,0.23,101.0,0.24,10.7,0.77,122.0,0.76,5.7,0.78,72.75,0.79,17.9,0.03,0.01,2332.560274,1776389581000
1776389585.551,185.551,0.2,153.79,0.19,126.8,0.21,27.0,0.22,10.0,0.77,101.0,0.76,10.7,0.8,64.79,0.81,127.8,0.01,0.03,2332.689241,1776389584000
1776389585.844,185.844,0.21,23.0,0.2,151.42,0.22,10.0,0.23,21.0,0.79,27.0,0.78,10.0,0.8,151.42,0.81,126.8,0.01,0.01,2332.689241,1776389584000
1776389586.515,186.515,0.21,78.0,0.2,263.42,0.22,3.5,0.23,10.0,0.78,10.0,0.77,21.0,0.79,23.0,0.8,151.42,0.01,0.01,2332.715252,1776389585000
1776389586.991,186.991,0.21,92.7,0.2,240.42,0.22,3.5,0.23,10.0,0.78,3.5,0.77,10.0,0.79,78.0,0.8,263.42,0.01,0.01,2332.715252,1776389585000
1776389589.875,189.875,0.21,61.37,0.2,5.0,0.22,113.65,0.23,10.0,0.78,3.5,0.77,10.0,0.79,92.7,0.8,240.42,0.01,0.01,2332.79309,1776389588000
1776389590.106,190.106,0.21,31.67,0.19,28.4,0.22,191.65,0.23,26.0,0.78,113.65,0.77,10.0,0.79,61.37,0.8,5.0,0.01,0.01,2332.787712,1776389589000
1776389591.426,191.426,0.19,25.93,0.18,19.14,0.2,128.0,0.21,20.0,0.78,191.65,0.77,26.0,0.81,28.4,0.82,14.14,0.01,0.03,2332.756406,1776389590000
1776389592.341,192.341,0.18,6.14,0.17,45.5,0.19,107.73,0.2,109.0,0.8,128.0,0.79,20.0,0.81,25.93,0.82,19.14,0.01,0.01,2332.62634,1776389591000
1776389593.45,193.45,0.18,124.14,0.17,66.5,0.2,60.0,0.22,46.15,0.81,107.73,0.8,109.0,0.82,6.14,0.83,45.5,0.02,0.01,2332.619545,1776389592000
1776389594.865,194.865,0.25,16.66,0.24,98.85,0.26,20.0,0.27,10.0,0.74,10.0,0.73,10.0,0.76,23.85,0.8,8.0,0.01,0.02,2332.621485,1776389593000
1776389595.945,195.945,0.22,22.93,0.21,29.7,0.24,79.0,0.25,53.8,0.74,32.0,0.73,16.0,0.77,5.0,0.78,7.0,0.02,0.03,2332.741792,1776389594000
1776389596.913,196.913,0.22,8.0,0.21,29.7,0.23,59.0,0.24,65.0,0.76,79.0,0.75,53.8,0.78,22.93,0.79,29.7,0.01,0.02,2332.946169,1776389595000
1776389597.454,197.454,0.15,7.42,0.14,39.9,0.18,5.0,0.19,42.0,0.77,59.0,0.76,65.0,0.78,8.0,0.79,29.7,0.03,0.01,2332.946169,1776389595000
1776389597.977,197.977,0.15,21.42,0.14,39.9,0.16,10.1,0.17,10.0,0.84,10.1,0.83,16.0,0.85,22.42,0.86,39.9,0.01,0.01,2332.946169,1776389595000
1776389598.665,198.665,0.15,21.42,0.14,52.9,0.16,10.1,0.17,10.0,0.84,10.1,0.83,10.0,0.85,21.42,0.86,39.9,0.01,0.01,2332.820955,1776389597000
1776389599.124,199.124,0.15,57.62,0.14,52.9,0.16,20.1,0.17,10.0,0.84,10.1,0.83,10.0,0.85,21.42,0.86,52.9,0.01,0.01,2332.820955,1776389597000
1776389599.402,199.402,0.15,10.48,0.14,52.9,0.16,10.1,0.17,10.0,0.84,20.1,0.83,10.0,0.85,57.62,0.86,52.9,0.01,0.01,2332.820955,1776389597000
1776389600.423,200.423,0.15,49.48,0.14,52.9,0.16,1.1,0.18,8.0,0.84,10.1,0.83,10.0,0.85,10.48,0.86,52.9,0.01,0.01,2332.349499,1776389599000
1776389600.73,200.73,0.19,124.0,0.18,105.8,0.2,9.9,0.21,10.0,0.8,10.0,0.78,15.11,0.82,5.8,0.85,115.11,0.01,0.02,2332.349499,1776389599000
1776389600.931,200.931,0.22,9.55,0.21,80.0,0.23,10.0,0.24,17.0,0.77,17.0,0.76,31.8,0.81,128.5,0.82,105.8,0.01,0.04,2332.349499,1776389599000
1776389601.63,201.63,0.22,22.49,0.21,75.0,0.23,31.8,0.24,17.0,0.77,31.8,0.76,17.0,0.78,22.82,0.79,75.0,0.01,0.01,2332.325275,1776389600000
1776389603.136,203.136,0.22,17.49,0.21,80.0,0.23,3.0,0.24,17.0,0.77,31.8,0.76,17.0,0.78,22.49,0.79,75.0,0.01,0.01,2332.652159,1776389602000
1776389603.56,203.56,0.22,10.49,0.21,75.0,0.23,72.54,0.24,17.0,0.77,3.0,0.76,17.0,0.78,17.49,0.79,80.0,0.01,0.01,2332.652159,1776389602000
1776389604.771,204.771,0.22,9.41,0.21,75.0,0.23,61.38,0.24,17.0,0.77,61.38,0.76,17.0,0.78,2.49,0.79,75.0,0.01,0.01,2332.726106,1776389603000
1776389605.3,205.3,0.2,1.7,0.19,98.4,0.21,10.0,0.22,10.0,0.77,61.38,0.76,17.0,0.78,9.41,0.79,75.0,0.01,0.01,2332.726106,1776389603000
1776389607.028,207.028,0.19,28.4,0.18,35.2,0.2,2.0,0.21,25.0,0.79,10.0,0.78,10.0,0.8,1.7,0.81,98.4,0.01,0.01,2332.669319,1776389605000
1776389608.427,208.427,0.19,24.78,0.18,45.2,0.22,181.03,0.23,54.54,0.8,2.0,0.79,25.0,0.81,28.4,0.82,35.2,0.03,0.01,2332.642605,1776389607000
1776389609.027,209.027,0.28,39.0,0.27,85.0,0.29,5.34,0.3,10.0,0.77,150.57,0.76,10.0,0.78,49.0,0.79,65.0,0.01,0.01,2332.642605,1776389607000
1776389609.282,209.282,0.28,34.0,0.27,85.0,0.29,5.24,0.3,15.0,0.71,5.24,0.7,15.0,0.72,39.0,0.73,85.0,0.01,0.01,2332.660477,1776389608000
1776389609.59,209.59,0.27,77.31,0.26,125.0,0.28,10.0,0.29,5.24,0.71,5.24,0.7,15.0,0.72,34.0,0.73,85.0,0.01,0.01,2332.660477,1776389608000
1776389609.917,209.917,0.27,70.74,0.26,130.0,0.28,10.0,0.29,10.24,0.72,10.0,0.71,5.24,0.73,77.31,0.74,125.0,0.01,0.01,2332.660477,1776389608000
1776389610.383,210.383,0.27,57.04,0.26,130.0,0.28,4.28,0.29,10.24,0.72,10.0,0.71,10.24,0.73,57.04,0.74,130.0,0.01,0.01,2332.660477,1776389608000
1776389610.615,210.615,0.27,54.3,0.26,130.0,0.29,10.24,0.3,10.0,0.72,4.28,0.71,10.24,0.73,54.3,0.74,130.0,0.02,0.01,2332.660477,1776389608000
1776389610.903,210.903,0.26,65.0,0.25,82.0,0.27,5.0,0.28,10.0,0.71,10.24,0.7,10.0,0.73,54.3,0.74,130.0,0.01,0.02,2332.758725,1776389609000
1776389611.363,211.363,0.26,36.62,0.25,87.0,0.27,5.0,0.28,15.0,0.73,21.0,0.72,15.0,0.74,57.91,0.75,87.0,0.01,0.01,2333.134516,1776389610000
1776389611.715,211.715,0.26,41.62,0.25,87.0,0.28,1.78,0.29,15.24,0.73,5.0,0.72,15.0,0.74,36.62,0.75,87.0,0.02,0.01,2333.134516,1776389610000
1776389613.826,213.826,0.3,25.0,0.29,161.0,0.31,19.56,0.32,26.5,0.72,1.78,0.71,15.24,0.74,41.62,0.75,87.0,0.01,0.02,2333.16295,1776389612000
1776389614.634,214.634,0.29,118.0,0.28,17.89,0.3,81.0,0.31,30.56,0.69,19.56,0.68,26.5,0.7,25.0,0.71,161.0,0.01,0.01,2333.16295,1776389612000
1776389616.19,216.19,0.29,110.59,0.27,18.3,0.3,92.0,0.31,38.56,0.7,87.0,0.69,30.56,0.71,112.0,0.72,17.89,0.01,0.01,2333.184305,1776389614000
1776389618.829,218.829,0.26,40.32,0.25,24.2,0.27,15.0,0.28,15.0,0.7,92.0,0.69,38.56,0.71,110.59,0.73,18.3,0.01,0.01,2333.187375,1776389617000
1776389621.467,221.467,0.26,70.26,0.25,24.2,0.27,20.0,0.28,22.0,0.73,15.0,0.72,15.0,0.74,40.32,0.75,24.2,0.01,0.01,2333.202039,1776389619000
1776389623.278,223.278,0.24,8.79,0.23,172.3,0.27,20.0,0.28,22.0,0.73,20.0,0.72,22.0,0.74,70.26,0.75,24.2,0.03,0.01,2333.197791,1776389621000
1776389624.363,224.363,0.24,7.47,0.23,152.0,0.25,15.0,0.26,20.0,0.73,20.0,0.72,22.0,0.76,8.79,0.77,172.3,0.01,0.03,2333.189039,1776389623000
1776389626.996,226.996,0.23,22.47,0.22,7.0,0.25,128.0,0.26,65.0,0.75,15.0,0.74,20.0,0.76,7.47,0.77,152.0,0.02,0.01,2333.261317,1776389626000
1776389627.303,227.303,0.21,80.0,0.2,105.45,0.22,34.0,0.23,15.0,0.78,5.0,0.76,22.0,0.8,105.45,0.81,28.0,0.01,0.02,2333.261317,1776389626000
1776389630.149,230.149,0.2,82.22,0.19,36.0,0.22,15.0,0.23,16.0,0.78,34.0,0.77,15.0,0.79,80.0,0.8,105.45,0.02,0.01,2333.247842,1776389628000
1776389631.571,231.571,0.2,75.0,0.19,5.0,0.22,5.45,0.23,10.0,0.78,15.0,0.77,16.0,0.8,82.22,0.81,36.0,0.02,0.02,2333.253516,1776389630000
1776389631.931,231.931,0.17,14.46,0.16,49.0,0.2,49.0,0.21,26.0,0.77,10.0,0.76,15.0,0.8,75.0,0.81,5.0,0.03,0.03,2333.253516,1776389630000
1776389632.307,232.307,0.18,4.93,0.17,31.46,0.2,38.0,0.21,15.0,0.8,49.0,0.79,26.0,0.83,14.46,0.84,49.0,0.02,0.03,2333.253238,1776389631000
1776389632.73,232.73,0.18,2.75,0.17,20.46,0.19,15.0,0.2,28.0,0.8,38.0,0.79,15.0,0.82,4.93,0.83,31.46,0.01,0.02,2333.253238,1776389631000
1776389634.25,234.25,0.21,20.0,0.2,23.0,0.22,2.04,0.23,17.0,0.8,28.0,0.79,22.0,0.83,20.46,0.84,49.0,0.01,0.03,2333.190428,1776389632000
1776389635.878,235.878,0.23,20.0,0.22,25.0,0.25,16.0,0.26,181.66,0.78,2.04,0.77,17.0,0.79,20.0,0.8,23.0,0.02,0.01,2333.144859,1776389634000
1776389637.618,237.618,0.23,10.0,0.22,20.0,0.25,6.28,0.26,10.0,0.75,16.0,0.74,181.66,0.77,20.0,0.78,25.0,0.02,0.02,2333.230779,1776389636000
1776389638.572,238.572,0.23,10.0,0.22,25.0,0.24,11.0,0.25,6.28,0.75,6.28,0.74,10.0,0.77,10.0,0.78,20.0,0.01,0.02,2333.253437,1776389637000
1776389638.959,238.959,0.28,59.0,0.26,20.0,0.29,169.6,0.31,21.08,0.76,11.0,0.75,6.28,0.77,10.0,0.78,25.0,0.01,0.01,2333.278394,1776389638000
1776389639.55,239.55,0.3,22.85,0.29,15.0,0.31,15.46,0.32,26.5,0.69,30.98,0.68,26.5,0.72,54.0,0.73,10.0,0.01,0.03,2333.278394,1776389638000
1776389639.964,239.964,0.3,16.44,0.29,90.0,0.31,25.46,0.32,26.5,0.69,15.46,0.68,26.5,0.7,20.73,0.71,15.0,0.01,0.01,2333.278394,1776389638000
1776389641.179,241.179,0.29,15.54,0.28,54.0,0.3,14.28,0.31,15.46,0.69,25.46,0.68,26.5,0.7,16.44,0.71,90.0,0.01,0.01,2333.38801,1776389640000
1776389641.428,241.428,0.29,10.54,0.28,59.0,0.31,2.49,0.38,11.52,0.69,8.49,0.68,16.5,0.71,15.54,0.72,54.0,0.02,0.02,2333.38801,1776389640000
1776389645.633,245.633,0.36,122.43,0.35,20.0,0.38,11.52,0.42,6.0,0.62,11.52,0.59,10.0,0.64,64.0,0.69,47.51,0.02,0.02,2333.791754,1776389643000
1776389645.889,245.889,0.43,91.0,0.42,10.0,0.44,2.15,0.45,21.0,0.62,11.52,0.58,6.0,0.64,122.43,0.65,20.0,0.01,0.02,2333.798309,1776389644000
1776389646.234,246.234,0.49,7.17,0.48,96.0,0.5,36.0,0.51,14.4,0.5,40.0,0.49,74.4,0.57,131.0,0.58,15.0,0.01,0.07,2333.798309,1776389644000
1776389646.593,246.593,0.5,6.0,0.49,7.17,0.51,24.4,0.52,10.0,0.49,14.4,0.48,10.0,0.51,7.17,0.52,96.0,0.01,0.02,2333.798209,1776389645000
1776389647.041,247.041,0.5,35.2,0.49,12.17,0.51,11.07,0.52,21.52,0.49,24.4,0.48,10.0,0.5,6.0,0.51,7.17,0.01,0.01,2333.798209,1776389645000
1776389647.54,247.54,0.5,5.0,0.49,5.0,0.51,11.07,0.52,21.52,0.49,11.07,0.48,21.52,0.5,35.2,0.51,12.17,0.01,0.01,2333.804713,1776389646000
1776389647.978,247.978,0.49,15.0,0.48,26.0,0.52,4.37,0.56,50.0,0.49,11.07,0.48,21.52,0.5,5.0,0.51,5.0,0.03,0.01,2333.804713,1776389646000
1776389648.368,248.368,0.51,10.0,0.5,10.0,0.59,10.0,0.61,60.0,0.48,4.37,0.44,50.0,0.51,15.0,0.52,26.0,0.08,0.03,2333.804713,1776389646000
1776389648.568,248.568,0.56,10.0,0.54,6.08,0.61,41.97,0.62,10.0,0.39,45.0,0.38,10.0,0.46,6.08,0.47,80.0,0.05,0.07,2333.804713,1776389646000
1776389649.054,249.054,0.63,45.0,0.61,90.2,0.68,16.5,0.69,16.8,0.39,41.97,0.38,10.0,0.44,10.0,0.46,6.08,0.05,0.05,2334.048686,1776389647000
1776389649.31,249.31,0.63,141.0,0.61,86.0,0.68,4.07,0.69,16.8,0.32,4.17,0.31,16.8,0.37,136.0,0.39,112.2,0.05,0.05,2334.064793,1776389648000
1776389649.715,249.715,0.67,23.0,0.66,21.0,0.68,2.08,0.69,16.8,0.32,2.08,0.31,16.8,0.37,106.0,0.39,86.0,0.01,0.05,2334.064793,1776389648000
1776389650.124,250.124,0.68,21.0,0.67,16.0,0.69,18.88,0.7,17.1,0.31,13.88,0.3,17.1,0.33,23.0,0.34,21.0,0.01,0.02,2334.064793,1776389648000
1776389650.571,250.571,0.68,6.0,0.67,11.0,0.69,28.88,0.7,211.61,0.31,18.88,0.3,17.1,0.32,21.0,0.33,16.0,0.01,0.01,2334.174265,1776389649000
1776389650.903,250.903,0.67,11.0,0.66,21.0,0.68,7.94,0.69,128.88,0.31,28.88,0.3,211.61,0.33,11.0,0.34,21.0,0.01,0.02,2334.174265,1776389649000
1776389651.171,251.171,0.66,12.0,0.65,10.0,0.67,4.25,0.68,7.94,0.32,7.94,0.31,115.0,0.34,12.0,0.35,10.0,0.01,0.02,2334.174265,1776389649000
1776389651.512,251.512,0.66,7.0,0.65,10.0,0.67,17.16,0.68,12.94,0.33,2.16,0.32,7.94,0.34,12.0,0.35,10.0,0.01,0.01,2334.336261,1776389650000
1776389652.037,252.037,0.66,17.0,0.65,10.0,0.67,5.66,0.68,7.94,0.33,17.16,0.32,12.94,0.34,7.0,0.35,10.0,0.01,0.01,2334.336261,1776389650000
1776389652.453,252.453,0.68,29.2,0.67,10.0,0.71,80.0,0.72,80.0,0.31,27.94,0.3,25.0,0.32,29.2,0.33,10.0,0.03,0.01,2334.527305,1776389651000
1776389653.27,253.27,0.7,11.0,0.69,21.0,0.71,69.57,0.72,80.0,0.29,80.0,0.28,80.0,0.32,29.2,0.33,10.0,0.01,0.03,2334.525096,1776389652000
1776389653.643,253.643,0.69,19.06,0.68,10.0,0.71,69.57,0.72,80.0,0.29,69.57,0.28,80.0,0.3,3.0,0.31,21.0,0.02,0.01,2334.525096,1776389652000
1776389654.389,254.389,0.7,10.0,0.69,19.06,0.71,59.14,0.72,80.0,0.29,69.57,0.28,80.0,0.31,19.06,0.32,10.0,0.01,0.02,2334.49263,1776389653000
1776389655.417,255.417,0.7,10.0,0.69,19.06,0.71,48.71,0.72,80.0,0.29,59.14,0.28,80.0,0.3,10.0,0.31,19.06,0.01,0.01,2334.49263,1776389653000
1776389655.898,255.898,0.7,10.0,0.69,19.06,0.71,32.3,0.72,70.0,0.29,47.3,0.28,80.0,0.3,10.0,0.31,19.06,0.01,0.01,2334.500855,1776389654000
1776389656.719,256.719,0.7,6.66,0.69,19.06,0.71,32.3,0.72,70.0,0.29,32.3,0.28,70.0,0.3,10.0,0.31,19.06,0.01,0.01,2334.51468,1776389655000
1776389656.937,256.937,0.7,6.66,0.69,19.06,0.71,21.87,0.72,70.0,0.29,32.3,0.28,70.0,0.3,6.66,0.31,19.06,0.01,0.01,2334.51468,1776389655000
1776389658.114,258.114,0.78,33.41,0.77,21.49,0.79,11.9,0.81,53.4,0.29,21.87,0.28,70.0,0.3,6.66,0.31,19.06,0.01,0.01,2334.51587,1776389656000
1776389658.518,258.518,0.81,39.7,0.8,15.0,0.84,96.8,0.85,135.2,0.19,29.11,0.18,24.4,0.2,10.0,0.21,10.0,0.03,0.01,2334.570612,1776389657000
1776389658.736,258.736,0.83,27.0,0.82,15.0,0.84,63.77,0.85,107.0,0.16,96.8,0.15,135.2,0.19,39.7,0.2,15.0,0.01,0.03,2334.570612,1776389657000
1776389658.966,258.966,0.84,15.0,0.83,10.0,0.85,101.93,0.86,120.0,0.15,106.26,0.14,120.0,0.16,10.0,0.17,10.0,0.01,0.01,2334.570612,1776389657000
1776389659.273,259.273,0.84,15.0,0.83,10.0,0.85,28.52,0.88,134.1,0.15,98.75,0.14,120.0,0.16,15.0,0.17,10.0,0.01,0.01,2334.570612,1776389657000
1776389659.483,259.483,0.87,9.61,0.86,15.0,0.88,121.0,0.89,100.0,0.15,2.88,0.13,30.0,0.16,15.0,0.17,10.0,0.01,0.01,2334.570612,1776389657000
1776389660.166,260.166,0.87,4.61,0.86,20.0,0.88,70.53,0.89,100.0,0.12,72.58,0.11,100.0,0.13,4.61,0.14,15.0,0.01,0.01,2334.679715,1776389659000
1776389661.755,261.755,0.87,9.61,0.86,20.0,0.88,63.26,0.89,100.0,0.12,65.54,0.11,100.0,0.13,4.61,0.14,20.0,0.01,0.01,2334.679715,1776389659000
1776389662.262,262.262,0.86,20.0,0.85,15.0,0.88,63.26,0.89,100.0,0.12,63.26,0.11,100.0,0.13,9.61,0.14,20.0,0.02,0.01,2335.046997,1776389660000
1776389662.644,262.644,0.85,10.76,0.84,25.0,0.88,47.26,0.89,12.0,0.12,63.26,0.11,100.0,0.14,20.0,0.15,15.0,0.03,0.02,2335.046997,1776389660000
1776389662.879,262.879,0.87,24.0,0.86,22.0,0.88,27.26,0.9,61.0,0.12,47.26,0.11,12.0,0.15,10.76,0.16,25.0,0.01,0.03,2335.046997,1776389660000
1776389664.088,264.088,0.89,69.41,0.88,85.0,0.9,19.5,0.91,11.0,0.1,61.0,0.09,11.0,0.11,8.41,0.13,24.0,0.01,0.01,2335.138123,1776389662000
1776389664.493,264.493,0.89,23.41,0.88,15.0,0.9,26.43,0.91,11.0,0.1,19.5,0.09,11.0,0.11,69.41,0.12,85.0,0.01,0.01,2335.138123,1776389662000
1776389664.746,264.746,0.89,23.41,0.88,15.0,0.9,10.04,0.91,11.0,0.1,15.31,0.09,11.0,0.11,23.41,0.12,15.0,0.01,0.01,2335.201493,1776389663000
1776389665.343,265.343,0.89,10.0,0.88,15.0,0.9,4.48,0.91,11.0,0.1,10.04,0.09,11.0,0.12,15.0,0.13,24.0,0.01,0.02,2335.201493,1776389663000
1776389666.224,266.224,0.9,6.29,0.89,10.0,0.91,23.0,0.92,21.0,0.09,11.0,0.08,21.0,0.1,16.29,0.11,10.0,0.01,0.01,2335.355442,1776389665000
1776389667.002,267.002,0.9,23.29,0.89,10.0,0.95,7.58,0.96,183.8,0.09,19.91,0.08,21.0,0.1,6.29,0.11,10.0,0.05,0.01,2335.355442,1776389665000
1776389667.253,267.253,0.92,10.0,0.91,15.0,0.95,37.58,0.96,90.0,0.05,7.58,0.04,183.8,0.1,23.29,0.11,10.0,0.03,0.05,2335.355442,1776389665000
1776389667.459,267.459,0.93,1.81,0.92,10.0,0.95,35.47,0.96,90.0,0.05,35.47,0.04,90.0,0.07,10.0,0.08,10.0,0.02,0.02,2335.355442,1776389665000
1776389667.809,267.809,0.95,39.52,0.93,1.81,0.96,90.0,0.97,269.7,0.05,35.47,0.04,90.0,0.07,1.81,0.08,10.0,0.01,0.02,2335.35123,1776389666000
1776389668.158,268.158,0.95,0.79,0.93,1.81,0.96,90.0,0.97,269.7,0.04,90.0,0.03,269.7,0.05,36.79,0.07,1.81,0.01,0.01,2335.35123,1776389666000
1776389668.542,268.542,0.95,22.79,0.94,15.0,0.96,19.58,0.97,136.0,0.04,90.0,0.03,269.7,0.05,0.79,0.07,1.81,0.01,0.01,2335.28441,1776389667000
1776389668.817,268.817,0.93,6.81,0.92,15.0,0.94,9.21,0.96,19.58,0.04,19.58,0.03,136.0,0.05,22.79,0.06,15.0,0.01,0.01,2335.28441,1776389667000
1776389669.326,269.326,0.93,6.81,0.92,15.0,0.94,4.21,0.96,19.58,0.06,9.21,0.04,19.58,0.07,6.81,0.08,15.0,0.01,0.01,2335.2878,1776389668000
1776389669.881,269.881,0.92,8.45,0.91,85.0,0.94,4.21,0.96,19.58,0.06,4.21,0.04,19.58,0.07,6.81,0.08,15.0,0.02,0.01,2335.2878,1776389668000
1776389670.195,270.195,0.95,71.85,0.93,20.0,0.96,19.58,0.97,146.0,0.06,3.14,0.04,19.58,0.08,17.45,0.09,85.0,0.01,0.02,2335.2878,1776389668000
1776389671.074,271.074,0.95,106.85,0.94,89.47,0.96,1.58,0.97,146.0,0.04,19.58,0.03,146.0,0.05,71.85,0.07,20.0,0.01,0.01,2335.370745,1776389669000
1776389671.408,271.408,0.95,108.85,0.94,89.47,0.97,12.14,0.98,463.7,0.03,136.0,0.02,453.7,0.05,98.85,0.06,89.47,0.02,0.02,2335.370745,1776389669000
1776389671.625,271.625,0.95,100.85,0.94,89.47,0.98,455.84,0.99,4144.62,0.02,455.84,0.01,4144.62,0.04,5.0,0.05,108.85,0.03,0.02,2335.487446,1776389670000
1776389672.229,272.229,0.96,9.74,0.95,100.85,0.98,450.58,0.99,4144.62,0.02,455.84,0.01,4144.62,0.04,9.74,0.05,112.85,0.02,0.02,2335.487446,1776389670000
1776389672.489,272.489,0.96,9.74,0.95,117.88,0.98,440.58,0.99,4144.62,0.02,450.58,0.01,4144.62,0.04,9.74,0.05,100.85,0.02,0.02,2335.49045,1776389671000
1776389673.149,273.149,0.97,41.33,0.96,9.74,0.98,438.53,0.99,4144.62,0.02,440.58,0.01,4144.62,0.04,9.74,0.05,117.88,0.01,0.02,2335.508488,1776389672000
1776389673.889,273.889,0.97,47.22,0.96,24.74,0.98,436.85,0.99,4144.62,0.02,423.33,0.01,4144.62,0.03,41.33,0.04,9.74,0.01,0.01,2335.508488,1776389672000
1776389675.52,275.52,0.97,46.69,0.96,29.74,0.98,228.15,0.99,3781.02,0.02,233.15,0.01,4144.62,0.03,47.22,0.04,24.74,0.01,0.01,2335.592862,1776389673000
1776389675.73,275.73,0.97,46.69,0.96,29.74,0.98,227.12,0.99,3781.02,0.02,228.15,0.01,3781.02,0.03,46.69,0.04,29.74,0.01,0.01,2335.60318,1776389674000
1776389676.364,276.364,0.97,40.51,0.96,29.74,0.98,222.01,0.99,3791.0,0.02,227.12,0.01,3781.02,0.03,46.69,0.04,29.74,0.01,0.01,2335.619087,1776389675000
1776389677.817,277.817,0.97,40.51,0.96,58.77,0.98,187.67,0.99,3891.0,0.02,205.67,0.01,3891.0,0.03,40.51,0.04,29.74,0.01,0.01,2335.640033,1776389676000
1776389678.45,278.45,0.97,40.51,0.96,58.77,0.98,182.57,0.99,3791.0,0.02,187.67,0.01,3891.0,0.03,40.51,0.04,58.77,0.01,0.01,2335.640033,1776389676000
1776389678.904,278.904,0.97,40.51,0.96,58.77,0.98,181.54,0.99,3781.0,0.02,182.57,0.01,3791.0,0.03,40.51,0.04,58.77,0.01,0.01,2335.658745,1776389677000
1776389680.078,280.078,0.97,40.51,0.96,58.77,0.98,176.44,0.99,3781.0,0.02,181.54,0.01,3781.0,0.03,40.51,0.04,58.77,0.01,0.01,2335.67492,1776389678000
1776389680.94,280.94,0.97,59.54,0.96,66.07,0.98,82.44,0.99,3781.0,0.02,176.44,0.01,3781.0,0.03,40.51,0.04,58.77,0.01,0.01,2335.675706,1776389679000
1776389681.301,281.301,0.97,59.54,0.96,66.07,0.98,16.44,0.99,3781.0,0.02,82.44,0.01,3781.0,0.03,59.54,0.04,66.07,0.01,0.01,2335.675706,1776389679000
1776389681.754,281.754,0.97,59.54,0.96,71.07,0.98,48.07,0.99,3781.0,0.02,16.44,0.01,3781.0,0.03,59.54,0.04,66.07,0.01,0.01,2335.615198,1776389680000
1776389682.112,282.112,0.98,5.0,0.97,69.54,0.99,3776.0,,,0.02,48.07,0.01,3781.0,0.03,59.54,0.04,71.07,0.01,0.01,2335.615198,1776389680000
1776389682.719,282.719,0.98,66.19,0.97,59.18,0.99,3779.0,,,0.01,3776.0,,,0.02,5.0,0.03,69.54,0.01,0.01,2335.615198,1776389680000
1776389683.177,283.177,0.98,64.19,0.97,95.51,0.99,3734.95,,,0.01,3736.56,,,0.02,64.19,0.03,95.51,0.01,0.01,2335.604931,1776389681000
1776389683.761,283.761,0.98,59.19,0.97,49.18,0.99,3734.95,,,0.01,3734.95,,,0.02,64.19,0.03,95.51,0.01,0.01,2335.595992,1776389682000
1776389684.798,284.798,0.97,43.37,0.96,61.07,0.98,10.59,0.99,3634.95,0.01,3734.95,,,0.03,9.34,0.04,53.77,0.01,0.02,2335.605323,1776389683000
1776389685.01,285.01,0.97,43.37,0.96,51.33,0.99,1621.22,,,0.01,1621.43,,,0.03,43.37,0.04,61.07,0.02,0.02,2335.605323,1776389683000
1776389685.244,285.244,0.96,69.7,0.95,97.88,0.98,5.59,0.99,1621.22,0.02,5.59,0.01,1621.22,0.03,38.37,0.04,51.33,0.02,0.01,2335.605323,1776389683000
1776389685.5,285.5,0.96,19.34,0.95,134.21,0.97,28.95,0.98,10.0,0.01,1621.21,,,0.04,69.7,0.05,102.88,0.01,0.03,2335.606702,1776389684000
1776389685.718,285.718,0.97,24.03,0.96,19.34,0.98,5.18,0.99,1621.21,0.02,5.18,0.01,1621.21,0.04,19.34,0.05,134.21,0.01,0.02,2335.606702,1776389684000
1776389686.182,286.182,0.97,5.0,0.96,38.37,0.99,1621.21,,,0.02,5.18,0.01,1621.21,0.03,24.03,0.04,19.34,0.02,0.01,2335.605614,1776389685000
1776389686.843,286.843,0.98,55.0,0.97,10.0,0.99,1597.6,,,0.01,1621.21,,,0.03,5.0,0.04,38.37,0.01,0.02,2335.605614,1776389685000
1776389688.2,288.2,0.98,130.03,0.97,15.0,0.99,1582.59,,,0.01,1587.6,,,0.02,55.0,0.03,10.0,0.01,0.01,2335.397711,1776389687000
1776389688.532,288.532,0.98,166.36,0.97,15.0,0.99,1486.02,,,0.01,1541.57,,,0.02,166.36,0.03,15.0,0.01,0.01,2335.397711,1776389687000
1776389689.571,289.571,0.98,166.36,0.97,15.0,0.99,1475.96,,,0.01,1486.02,,,0.02,166.36,0.03,15.0,0.01,0.01,2335.405581,1776389688000
1776389690.111,290.111,0.98,171.36,0.97,10.0,0.99,1353.54,,,0.01,1383.54,,,0.02,166.36,0.03,15.0,0.01,0.01,2335.407357,1776389689000
1776389690.321,290.321,0.98,61.0,0.97,10.0,0.99,695.99,,,0.01,1353.54,,,0.02,171.36,0.03,10.0,0.01,0.01,2335.407357,1776389689000
1776389690.65,290.65,0.98,61.0,0.97,10.0,0.99,549.6,,,0.01,551.63,,,0.02,61.0,0.03,10.0,0.01,0.01,2335.407357,1776389689000
1776389690.898,290.898,0.98,61.0,0.97,10.0,0.99,542.51,,,0.01,544.54,,,0.02,61.0,0.03,10.0,0.01,0.01,2335.407357,1776389689000
1776389691.435,291.435,0.98,61.0,0.97,10.0,0.99,464.22,,,0.01,479.22,,,0.02,61.0,0.03,10.0,0.01,0.01,2335.477529,1776389690000
1776389691.692,291.692,0.98,41.0,0.97,10.0,0.99,462.19,,,0.01,462.19,,,0.02,61.0,0.03,10.0,0.01,0.01,2335.477529,1776389690000
1776389691.96,291.96,0.98,11.0,0.97,10.0,0.99,434.19,,,0.01,447.19,,,0.02,11.0,0.03,10.0,0.01,0.01,2335.477529,1776389690000
1776389692.252,292.252,0.98,11.0,0.97,10.0,0.99,431.26,,,0.01,434.19,,,0.02,11.0,0.03,10.0,0.01,0.01,2335.477529,1776389690000
1776389692.777,292.777,0.98,11.0,0.97,10.0,0.99,416.21,,,0.01,421.26,,,0.02,11.0,0.03,10.0,0.01,0.01,2335.50215,1776389691000
1776389693.225,293.225,0.98,10.0,0.97,1.0,0.99,413.98,,,0.01,416.21,,,0.03,1.0,0.04,14.34,0.01,0.02,2335.539533,1776389692000
1776389693.439,293.439,0.98,142.0,0.97,1.0,0.99,292.98,,,0.01,413.98,,,0.02,10.0,0.03,1.0,0.01,0.01,2335.539533,1776389692000
1776389693.708,293.708,0.98,142.0,0.97,1.0,0.99,251.08,,,0.01,253.08,,,0.02,142.0,0.03,1.0,0.01,0.01,2335.539533,1776389692000
1776389694.119,294.119,0.98,142.0,0.97,1.0,0.99,245.01,,,0.01,250.06,,,0.02,142.0,0.03,1.0,0.01,0.01,2335.539533,1776389692000
1776389694.366,294.366,0.98,122.0,0.97,1.0,0.99,229.8,,,0.01,229.8,,,0.02,142.0,0.03,1.0,0.01,0.01,2335.470999,1776389693000
1776389694.702,294.702,0.98,112.0,0.97,1.0,0.99,178.78,,,0.01,228.78,,,0.02,112.0,0.03,1.0,0.01,0.01,2335.470999,1776389693000
1776389695.028,295.028,0.98,112.0,0.97,1.0,0.99,148.47,,,0.01,178.78,,,0.02,112.0,0.03,1.0,0.01,0.01,2335.470999,1776389693000
1776389695.266,295.266,0.98,112.0,0.97,1.0,0.99,143.57,,,0.01,147.45,,,0.02,112.0,0.03,1.0,0.01,0.01,2335.470999,1776389693000
1776389695.468,295.468,0.98,105.6,0.97,1.0,0.99,86.04,,,0.01,86.04,,,0.02,112.0,0.03,1.0,0.01,0.01,2335.470999,1776389693000
1776389696.096,296.096,0.98,105.6,0.97,1.0,0.99,75.94,,,0.01,86.04,,,0.02,105.6,0.03,1.0,0.01,0.01,2335.401071,1776389695000
1776389696.35,296.35,0.98,85.6,0.97,1.0,0.99,41.85,,,0.01,43.88,,,0.02,85.6,0.03,1.0,0.01,0.01,2335.401071,1776389695000
1776389696.825,296.825,0.99,563.28,0.98,85.6,,,,,,,,,0.01,38.72,0.02,85.6,,,2335.401071,1776389695000
1776389697.528,297.528,0.99,2375.3,0.98,85.6,,,,,,,,,0.01,563.28,0.02,85.6,,,2335.317459,1776389696000

# RESULT,winner=Up,slug=eth-updown-5m-1776389400,ticks=333
