timestamp,elapsed_sec,up_bid_p1,up_bid_s1,up_bid_p2,up_bid_s2,up_ask_p1,up_ask_s1,up_ask_p2,up_ask_s2,down_bid_p1,down_bid_s1,down_bid_p2,down_bid_s2,down_ask_p1,down_ask_s1,down_ask_p2,down_ask_s2,up_spread,down_spread,eth_price,eth_oracle_ts
1776247811.447,11.447,0.46,139.82,0.45,140.0,0.47,30.92,0.48,77.0,0.53,28.13,0.52,77.0,0.54,139.82,0.55,140.0,0.01,0.01,2324.874295,1776244517000
1776247811.767,11.767,0.46,132.17,0.45,140.0,0.47,33.62,0.48,77.0,0.53,28.13,0.52,77.0,0.54,139.82,0.55,140.0,0.01,0.01,2324.874295,1776244517000
1776247812.783,12.783,0.46,130.24,0.45,150.5,0.47,51.49,0.48,77.0,0.53,33.62,0.52,77.0,0.54,130.24,0.55,140.0,0.01,0.01,2324.874295,1776244517000
1776247814.528,14.528,0.46,125.24,0.45,150.5,0.47,36.12,0.48,77.0,0.53,51.49,0.52,77.0,0.54,130.24,0.55,150.5,0.01,0.01,2324.874295,1776244517000
1776247816.248,16.248,0.46,118.38,0.45,150.5,0.47,95.48,0.48,87.5,0.53,36.12,0.52,77.0,0.54,125.24,0.55,150.5,0.01,0.01,2324.874295,1776244517000
1776247816.748,16.748,0.46,118.38,0.45,150.5,0.47,82.63,0.48,87.5,0.53,95.48,0.52,87.5,0.54,118.38,0.55,150.5,0.01,0.01,2324.874295,1776244517000
1776247817.066,17.066,0.46,121.52,0.45,150.5,0.47,71.65,0.48,87.5,0.53,82.63,0.52,87.5,0.54,118.38,0.55,150.5,0.01,0.01,2324.874295,1776244517000
1776247817.97,17.97,0.46,109.66,0.45,150.5,0.47,86.99,0.48,87.5,0.53,71.65,0.52,87.5,0.54,121.52,0.55,150.5,0.01,0.01,2324.874295,1776244517000
1776247818.894,18.894,0.46,57.8,0.45,85.0,0.47,142.49,0.48,97.5,0.53,86.99,0.52,87.5,0.54,109.66,0.55,150.5,0.01,0.01,2324.874295,1776244517000
1776247819.676,19.676,0.46,119.04,0.45,150.5,0.47,26.99,0.48,97.5,0.53,117.49,0.52,97.5,0.54,48.54,0.55,145.5,0.01,0.01,2324.874295,1776244517000
1776247823.312,23.312,0.46,114.04,0.45,145.5,0.47,27.87,0.48,97.5,0.53,26.99,0.52,97.5,0.54,119.04,0.55,150.5,0.01,0.01,2324.874295,1776244517000
1776247825.165,25.165,0.46,112.18,0.45,145.5,0.47,28.74,0.48,97.5,0.53,27.87,0.52,97.5,0.54,114.04,0.55,145.5,0.01,0.01,2324.874295,1776244517000
1776247826.064,26.064,0.48,45.5,0.47,42.5,0.5,6.38,0.52,10.0,0.53,28.74,0.52,97.5,0.54,112.18,0.55,145.5,0.02,0.01,2324.874295,1776244517000
1776247826.462,26.462,0.54,20.0,0.53,10.0,0.55,2.0,0.57,58.0,0.45,71.08,0.44,60.0,0.48,74.12,0.49,15.0,0.01,0.03,2324.874295,1776244517000
1776247826.667,26.667,0.55,10.0,0.54,30.5,0.57,11.07,0.58,15.0,0.43,2.54,0.42,15.0,0.45,10.0,0.46,20.0,0.02,0.02,2324.874295,1776244517000
1776247826.953,26.953,0.56,10.0,0.55,20.0,0.57,19.54,0.58,15.0,0.43,6.07,0.42,15.0,0.44,5.0,0.45,20.0,0.01,0.01,2324.874295,1776244517000
1776247827.408,27.408,0.56,5.0,0.55,10.0,0.57,80.79,0.58,38.5,0.43,19.54,0.42,15.0,0.44,10.0,0.45,20.0,0.01,0.01,2324.874295,1776244517000
1776247827.903,27.903,0.52,206.95,0.51,158.5,0.53,13.11,0.54,10.0,0.43,66.79,0.42,38.5,0.45,10.0,0.46,25.5,0.01,0.02,2324.874295,1776244517000
1776247829.503,29.503,0.52,199.12,0.51,198.83,0.53,103.11,0.54,125.32,0.47,13.11,0.46,10.0,0.48,206.95,0.49,158.5,0.01,0.01,2324.874295,1776244517000
1776247829.847,29.847,0.52,37.62,0.51,135.5,0.53,108.11,0.54,142.82,0.47,103.11,0.46,125.32,0.48,199.12,0.49,198.83,0.01,0.01,2324.874295,1776244517000
1776247830.106,30.106,0.52,111.03,0.51,145.5,0.53,103.11,0.54,132.32,0.47,98.11,0.46,142.82,0.48,35.53,0.49,135.5,0.01,0.01,2324.874295,1776244517000
1776247830.375,30.375,0.52,48.44,0.51,150.5,0.53,98.11,0.54,148.82,0.47,93.11,0.46,132.32,0.48,121.03,0.49,150.5,0.01,0.01,2324.874295,1776244517000
1776247830.869,30.869,0.52,46.35,0.51,150.5,0.53,103.11,0.54,148.82,0.47,98.11,0.46,148.82,0.48,48.44,0.49,150.5,0.01,0.01,2324.874295,1776244517000
1776247831.182,31.182,0.52,35.93,0.51,150.5,0.53,109.11,0.54,159.82,0.47,103.11,0.46,148.82,0.48,46.35,0.49,150.5,0.01,0.01,2324.874295,1776244517000
1776247831.493,31.493,0.52,5.93,0.51,85.0,0.53,118.61,0.54,159.82,0.47,109.11,0.46,159.82,0.48,35.93,0.49,150.5,0.01,0.01,2324.874295,1776244517000
1776247832.283,32.283,0.51,88.08,0.5,85.0,0.52,90.5,0.53,80.5,0.47,113.61,0.46,159.82,0.49,81.13,0.5,80.0,0.01,0.02,2324.874295,1776244517000
1776247835.579,35.579,0.51,193.58,0.5,145.5,0.52,32.03,0.53,101.75,0.48,90.5,0.47,80.5,0.49,88.08,0.5,85.0,0.01,0.01,2324.874295,1776244517000
1776247836.007,36.007,0.52,77.14,0.51,148.58,0.53,98.75,0.54,102.5,0.48,32.03,0.47,101.75,0.49,193.58,0.5,145.5,0.01,0.01,2324.874295,1776244517000
1776247837.22,37.22,0.47,64.54,0.46,50.0,0.48,105.5,0.49,85.5,0.47,73.0,0.46,102.5,0.48,87.14,0.49,148.58,0.01,0.01,2324.874295,1776244517000
1776247837.798,37.798,0.47,49.33,0.44,120.0,0.48,70.5,0.49,85.5,0.52,110.0,0.51,121.53,0.53,64.54,0.54,60.5,0.01,0.01,2324.874295,1776244517000
1776247838.455,38.455,0.44,127.69,0.43,150.5,0.45,30.0,0.46,75.5,0.52,77.5,0.51,92.5,0.56,117.07,0.57,125.0,0.01,0.04,2324.874295,1776244517000
1776247838.798,38.798,0.44,69.11,0.43,150.5,0.45,25.0,0.46,75.5,0.55,30.0,0.54,75.5,0.56,127.69,0.57,150.5,0.01,0.01,2324.874295,1776244517000
1776247841.003,41.003,0.44,53.39,0.43,140.0,0.45,115.0,0.46,75.5,0.55,80.0,0.54,75.5,0.56,67.32,0.57,150.5,0.01,0.01,2324.874295,1776244517000
1776247841.36,41.36,0.44,46.47,0.43,125.0,0.45,110.0,0.46,75.5,0.55,115.0,0.54,75.5,0.56,53.39,0.57,140.0,0.01,0.01,2324.874295,1776244517000
1776247841.576,41.576,0.44,46.47,0.43,135.0,0.45,49.54,0.46,75.5,0.55,98.95,0.54,75.5,0.56,46.47,0.57,135.0,0.01,0.01,2324.874295,1776244517000
1776247841.815,41.815,0.44,116.47,0.43,140.0,0.47,56.09,0.48,92.5,0.53,67.97,0.52,92.5,0.56,121.47,0.57,135.0,0.03,0.03,2324.874295,1776244517000
1776247842.114,42.114,0.45,18.72,0.44,121.81,0.46,5.0,0.47,56.09,0.53,56.09,0.52,92.5,0.56,116.47,0.57,140.0,0.01,0.03,2324.874295,1776244517000
1776247842.798,42.798,0.44,116.81,0.43,145.5,0.46,10.0,0.47,60.0,0.54,5.0,0.53,56.09,0.55,18.72,0.56,121.81,0.02,0.01,2324.874295,1776244517000
1776247843.505,43.505,0.45,75.0,0.44,121.81,0.48,48.58,0.49,80.5,0.54,10.0,0.53,60.0,0.56,116.81,0.57,145.5,0.03,0.02,2324.874295,1776244517000
1776247843.811,43.811,0.46,20.0,0.45,70.0,0.48,80.12,0.49,83.0,0.52,25.16,0.51,83.0,0.54,15.0,0.55,65.0,0.02,0.02,2324.874295,1776244517000
1776247844.987,44.987,0.44,101.81,0.43,120.0,0.46,49.0,0.47,107.5,0.53,5.0,0.52,27.78,0.54,2.8,0.55,70.0,0.02,0.01,2324.874295,1776244517000
1776247845.356,45.356,0.44,45.83,0.43,75.0,0.45,132.5,0.46,99.0,0.54,49.0,0.53,107.5,0.56,101.81,0.57,120.0,0.01,0.02,2324.874295,1776244517000
1776247845.863,45.863,0.44,50.77,0.43,125.0,0.45,112.0,0.46,109.5,0.55,132.5,0.54,99.0,0.56,45.83,0.57,75.0,0.01,0.01,2324.874295,1776244517000
1776247846.527,46.527,0.44,60.67,0.43,135.0,0.45,55.0,0.46,84.0,0.55,112.0,0.54,109.5,0.56,50.77,0.57,125.0,0.01,0.01,2324.874295,1776244517000
1776247846.812,46.812,0.44,1.8,0.43,5.0,0.45,105.5,0.46,79.0,0.55,55.0,0.54,84.0,0.56,53.4,0.57,135.0,0.01,0.01,2324.874295,1776244517000
1776247847.05,47.05,0.41,5.0,0.4,65.0,0.44,30.5,0.45,105.0,0.55,100.5,0.54,90.0,0.58,5.0,0.59,5.0,0.03,0.03,2324.874295,1776244517000
1776247847.347,47.347,0.41,61.74,0.4,75.5,0.43,15.0,0.44,77.0,0.56,30.5,0.55,105.0,0.59,5.0,0.6,65.0,0.02,0.03,2324.874295,1776244517000
1776247847.698,47.698,0.42,102.25,0.41,89.24,0.43,10.0,0.44,82.0,0.57,15.0,0.56,77.0,0.59,61.74,0.6,75.5,0.01,0.02,2324.874295,1776244517000
1776247850.052,50.052,0.4,5.0,0.39,55.0,0.43,120.5,0.44,168.85,0.57,10.0,0.56,82.0,0.59,67.19,0.6,75.5,0.03,0.02,2324.874295,1776244517000
1776247850.513,50.513,0.37,75.5,0.36,148.89,0.38,10.0,0.39,10.0,0.57,120.5,0.56,168.85,0.6,5.0,0.61,55.0,0.01,0.03,2324.874295,1776244517000
1776247850.761,50.761,0.37,44.42,0.36,148.89,0.38,9.86,0.39,5.0,0.62,15.0,0.61,10.0,0.63,34.42,0.64,148.89,0.01,0.01,2324.874295,1776244517000
1776247851.84,51.84,0.36,137.31,0.35,135.0,0.38,9.86,0.39,5.0,0.62,9.86,0.61,5.0,0.63,44.42,0.64,148.89,0.02,0.01,2324.874295,1776244517000
1776247852.923,52.923,0.37,43.88,0.36,137.31,0.38,5.0,0.39,5.0,0.62,9.86,0.61,5.0,0.64,137.31,0.65,135.0,0.01,0.02,2324.874295,1776244517000
1776247854.132,54.132,0.37,67.72,0.36,137.31,0.38,1.84,0.39,5.0,0.62,1.84,0.61,5.0,0.63,64.38,0.64,137.31,0.01,0.01,2324.874295,1776244517000
1776247854.482,54.482,0.37,66.06,0.36,137.31,0.39,4.22,0.4,65.0,0.62,1.84,0.61,5.0,0.63,66.06,0.64,137.31,0.02,0.01,2324.874295,1776244517000
1776247856.874,56.874,0.35,130.5,0.34,160.5,0.37,86.0,0.38,138.5,0.61,4.22,0.6,65.0,0.63,66.06,0.64,137.31,0.02,0.02,2324.874295,1776244517000
1776247857.221,57.221,0.35,76.76,0.34,90.0,0.36,101.5,0.37,86.0,0.63,86.0,0.62,138.5,0.65,130.5,0.66,160.5,0.01,0.02,2324.874295,1776244517000
1776247857.745,57.745,0.35,119.36,0.34,165.5,0.36,164.4,0.37,91.5,0.64,106.5,0.63,86.0,0.65,69.41,0.66,90.0,0.01,0.01,2324.874295,1776244517000
1776247858.38,58.38,0.35,111.31,0.34,150.0,0.36,174.9,0.37,91.5,0.64,164.4,0.63,91.5,0.65,119.36,0.66,165.5,0.01,0.01,2324.874295,1776244517000
1776247859.063,59.063,0.35,108.24,0.34,150.0,0.36,174.9,0.37,91.5,0.64,174.9,0.63,91.5,0.65,111.24,0.66,150.0,0.01,0.01,2324.874295,1776244517000
1776247859.458,59.458,0.35,81.13,0.34,165.5,0.36,164.4,0.37,97.5,0.64,169.4,0.63,91.5,0.65,96.13,0.66,165.5,0.01,0.01,2324.874295,1776244517000
1776247860.384,60.384,0.35,79.2,0.34,165.5,0.36,154.4,0.37,102.5,0.64,164.4,0.63,97.5,0.65,79.59,0.66,165.5,0.01,0.01,2324.874295,1776244517000
1776247862.417,62.417,0.35,77.6,0.34,165.5,0.36,122.06,0.37,103.5,0.64,154.4,0.63,102.5,0.65,79.2,0.66,165.5,0.01,0.01,2324.874295,1776244517000
1776247862.957,62.957,0.35,72.6,0.34,165.5,0.36,171.16,0.37,103.5,0.64,122.06,0.63,103.5,0.65,77.6,0.66,165.5,0.01,0.01,2324.874295,1776244517000
1776247863.366,63.366,0.35,63.3,0.34,165.5,0.36,213.04,0.37,103.5,0.64,171.16,0.63,103.5,0.65,64.84,0.66,165.5,0.01,0.01,2324.874295,1776244517000
1776247863.738,63.738,0.35,113.03,0.34,165.5,0.36,167.86,0.37,87.0,0.64,213.04,0.63,103.5,0.65,63.3,0.66,165.5,0.01,0.01,2324.874295,1776244517000
1776247865.82,65.82,0.35,90.5,0.34,165.5,0.36,258.28,0.37,136.04,0.64,167.86,0.63,87.0,0.65,113.03,0.66,165.5,0.01,0.01,2324.874295,1776244517000
1776247868.702,68.702,0.35,20.0,0.34,160.5,0.36,318.28,0.37,94.0,0.64,258.28,0.63,136.04,0.65,90.5,0.66,165.5,0.01,0.01,2324.874295,1776244517000
1776247869.08,69.08,0.35,25.0,0.34,60.5,0.36,295.28,0.37,65.0,0.64,318.28,0.63,94.0,0.65,20.0,0.66,160.5,0.01,0.01,2324.874295,1776244517000
1776247869.588,69.588,0.35,25.0,0.34,85.5,0.36,275.5,0.37,85.5,0.64,278.28,0.63,65.0,0.65,25.0,0.66,80.5,0.01,0.01,2324.874295,1776244517000
1776247870.103,70.103,0.35,15.0,0.34,80.5,0.36,277.72,0.37,75.0,0.64,275.5,0.63,85.5,0.65,25.0,0.66,85.5,0.01,0.01,2324.874295,1776244517000
1776247870.577,70.577,0.32,50.0,0.31,60.5,0.35,47.24,0.36,314.22,0.64,277.72,0.63,75.0,0.65,15.0,0.66,80.5,0.03,0.01,2324.874295,1776244517000
1776247871.005,71.005,0.31,68.89,0.3,75.0,0.32,25.0,0.33,75.0,0.65,47.24,0.64,314.22,0.68,50.0,0.69,60.5,0.01,0.03,2324.874295,1776244517000
1776247871.926,71.926,0.31,37.88,0.3,85.0,0.32,71.18,0.33,75.0,0.68,63.51,0.67,75.0,0.69,37.88,0.7,85.0,0.01,0.01,2324.874295,1776244517000
1776247872.54,72.54,0.31,37.88,0.3,85.0,0.32,114.03,0.33,75.0,0.68,71.18,0.67,75.0,0.69,37.88,0.7,85.0,0.01,0.01,2324.874295,1776244517000
1776247874.13,74.13,0.31,25.88,0.3,65.0,0.32,114.03,0.33,75.0,0.68,114.03,0.67,75.0,0.69,37.88,0.7,85.0,0.01,0.01,2324.874295,1776244517000
1776247876.24,76.24,0.3,10.0,0.29,95.5,0.31,127.55,0.32,75.0,0.68,114.03,0.67,75.0,0.69,25.88,0.7,65.0,0.01,0.01,2324.874295,1776244517000
1776247877.187,77.187,0.3,10.0,0.29,95.5,0.31,78.54,0.32,97.24,0.69,127.55,0.68,75.0,0.7,10.0,0.71,95.5,0.01,0.01,2324.874295,1776244517000
1776247877.483,77.483,0.3,10.0,0.29,95.5,0.31,80.08,0.32,97.24,0.69,78.54,0.68,97.24,0.7,10.0,0.71,95.5,0.01,0.01,2324.874295,1776244517000
1776247879.093,79.093,0.29,13.06,0.28,15.5,0.3,70.0,0.31,80.5,0.69,76.62,0.68,97.24,0.7,10.0,0.71,95.5,0.01,0.01,2324.874295,1776244517000
1776247879.91,79.91,0.28,58.56,0.27,85.0,0.29,49.31,0.3,70.0,0.7,75.0,0.69,80.5,0.72,23.56,0.73,85.0,0.01,0.02,2324.874295,1776244517000
1776247880.237,80.237,0.28,29.08,0.27,90.0,0.29,85.1,0.3,70.0,0.71,49.31,0.7,70.0,0.72,58.56,0.73,85.0,0.01,0.01,2324.874295,1776244517000
1776247881.119,81.119,0.28,3.75,0.27,40.5,0.29,115.1,0.3,80.5,0.71,85.1,0.7,70.0,0.72,29.08,0.73,90.0,0.01,0.01,2324.874295,1776244517000
1776247881.46,81.46,0.28,2.36,0.27,45.5,0.29,115.1,0.3,80.5,0.71,115.1,0.7,80.5,0.72,3.75,0.73,40.5,0.01,0.01,2324.874295,1776244517000
1776247884.203,84.203,0.28,129.86,0.27,105.5,0.29,34.1,0.3,60.0,0.71,115.1,0.7,80.5,0.72,2.36,0.73,45.5,0.01,0.01,2324.874295,1776244517000
1776247885.385,85.385,0.28,123.92,0.27,100.5,0.29,89.1,0.3,60.0,0.71,34.1,0.7,60.0,0.72,129.86,0.73,105.5,0.01,0.01,2324.874295,1776244517000
1776247886.466,86.466,0.28,120.96,0.27,100.5,0.29,39.1,0.3,67.0,0.71,89.1,0.7,60.0,0.72,123.92,0.73,100.5,0.01,0.01,2324.874295,1776244517000
1776247886.929,86.929,0.28,110.46,0.27,100.5,0.3,5.0,0.31,5.0,0.67,40.9,0.66,88.0,0.72,120.96,0.73,100.5,0.02,0.05,2324.874295,1776244517000
1776247887.337,87.337,0.29,35.0,0.28,85.0,0.3,110.15,0.31,33.5,0.7,5.0,0.69,5.0,0.72,110.46,0.73,100.5,0.01,0.02,2324.874295,1776244517000
1776247887.904,87.904,0.29,37.0,0.28,90.0,0.3,141.15,0.31,83.5,0.7,110.15,0.69,33.5,0.71,35.0,0.72,85.0,0.01,0.01,2324.874295,1776244517000
1776247888.371,88.371,0.25,64.99,0.24,50.0,0.29,253.5,0.3,223.65,0.7,141.15,0.69,83.5,0.71,37.0,0.72,90.0,0.04,0.01,2324.874295,1776244517000
1776247888.578,88.578,0.25,49.57,0.24,50.0,0.26,100.5,0.27,116.58,0.74,10.0,0.73,135.0,0.75,47.21,0.76,50.0,0.01,0.01,2324.874295,1776244517000
1776247888.81,88.81,0.24,55.0,0.23,55.0,0.26,123.5,0.27,111.58,0.74,100.5,0.73,116.58,0.75,49.57,0.76,50.0,0.02,0.01,2324.874295,1776244517000
1776247889.461,89.461,0.24,55.0,0.23,60.0,0.25,84.0,0.26,113.5,0.74,123.5,0.73,111.58,0.76,55.0,0.77,55.0,0.01,0.02,2324.874295,1776244517000
1776247890.073,90.073,0.24,43.28,0.23,60.0,0.25,70.0,0.26,103.0,0.75,85.0,0.74,113.5,0.76,50.68,0.77,60.0,0.01,0.01,2324.874295,1776244517000
1776247890.752,90.752,0.26,7.99,0.24,142.16,0.3,14.0,0.31,14.0,0.75,47.0,0.74,153.26,0.76,54.0,0.77,80.5,0.04,0.01,2324.874295,1776244517000
1776247891.042,91.042,0.31,5.71,0.3,65.5,0.32,13.0,0.33,5.0,0.69,10.41,0.68,71.5,0.71,10.0,0.72,10.0,0.01,0.02,2324.874295,1776244517000
1776247891.482,91.482,0.32,18.52,0.31,35.5,0.33,18.0,0.34,17.0,0.68,13.0,0.67,5.0,0.69,5.71,0.7,65.5,0.01,0.01,2324.874295,1776244517000
1776247891.857,91.857,0.32,69.95,0.31,75.0,0.33,42.96,0.34,77.0,0.67,14.96,0.66,17.0,0.68,33.52,0.69,90.5,0.01,0.01,2324.874295,1776244517000
1776247892.359,92.359,0.32,10.0,0.31,55.0,0.33,192.54,0.34,87.5,0.67,42.96,0.66,77.0,0.68,69.95,0.69,75.0,0.01,0.01,2324.874295,1776244517000
1776247892.821,92.821,0.31,59.0,0.3,75.5,0.33,197.54,0.34,87.5,0.67,192.54,0.66,87.5,0.68,10.0,0.69,55.0,0.02,0.01,2324.874295,1776244517000
1776247894.482,94.482,0.31,28.0,0.3,100.5,0.32,124.93,0.33,89.92,0.68,39.0,0.67,174.54,0.69,44.0,0.7,80.5,0.01,0.01,2324.874295,1776244517000
1776247895.019,95.019,0.31,19.38,0.3,100.5,0.32,166.93,0.33,89.92,0.68,124.93,0.67,89.92,0.69,28.0,0.7,100.5,0.01,0.01,2324.874295,1776244517000
1776247895.454,95.454,0.31,14.66,0.3,100.5,0.32,122.93,0.33,89.92,0.68,166.93,0.67,89.92,0.69,19.38,0.7,100.5,0.01,0.01,2324.874295,1776244517000
1776247896.464,96.464,0.3,93.16,0.29,87.5,0.32,177.93,0.33,89.92,0.68,122.93,0.67,89.92,0.69,14.66,0.7,100.5,0.02,0.01,2324.874295,1776244517000
1776247898.361,98.361,0.3,80.0,0.29,92.5,0.31,44.58,0.32,71.0,0.68,177.93,0.67,89.92,0.7,93.16,0.71,87.5,0.01,0.02,2324.874295,1776244517000
1776247899.421,99.421,0.3,92.64,0.29,82.5,0.31,50.58,0.32,32.0,0.69,44.58,0.68,71.0,0.7,80.0,0.71,92.5,0.01,0.01,2324.874295,1776244517000
1776247900.497,100.497,0.3,128.06,0.29,92.5,0.31,34.58,0.32,5.0,0.69,50.58,0.68,32.0,0.7,92.64,0.71,82.5,0.01,0.01,2324.874295,1776244517000
1776247901.005,101.005,0.3,69.06,0.29,92.5,0.31,39.58,0.32,15.0,0.69,24.58,0.68,5.0,0.7,133.06,0.71,92.5,0.01,0.01,2324.874295,1776244517000
1776247901.412,101.412,0.3,1.12,0.28,20.0,0.31,110.08,0.32,82.5,0.69,39.58,0.68,15.0,0.7,69.06,0.71,92.5,0.01,0.01,2324.874295,1776244517000
1776247902.464,102.464,0.27,71.25,0.26,90.5,0.28,75.0,0.29,82.0,0.69,170.08,0.68,82.5,0.72,20.0,0.73,63.0,0.01,0.03,2324.874295,1776244517000
1776247903.205,103.205,0.27,38.75,0.26,95.5,0.28,85.01,0.29,82.0,0.72,75.0,0.71,82.0,0.73,71.25,0.74,90.5,0.01,0.01,2324.874295,1776244517000
1776247905.276,105.276,0.25,58.25,0.24,69.5,0.26,180.08,0.27,75.0,0.72,85.01,0.71,82.0,0.73,38.75,0.74,95.5,0.01,0.01,2324.874295,1776244517000
1776247906.231,106.231,0.25,36.25,0.24,69.5,0.26,100.08,0.27,75.0,0.74,180.08,0.73,75.0,0.75,58.25,0.76,69.5,0.01,0.01,2324.874295,1776244517000
1776247907.601,107.601,0.27,58.5,0.26,83.5,0.29,21.83,0.3,27.0,0.74,100.08,0.73,75.0,0.75,36.25,0.76,69.5,0.02,0.01,2324.874295,1776244517000
1776247908.601,108.601,0.29,68.5,0.28,80.5,0.3,47.9,0.31,83.0,0.71,21.83,0.7,27.0,0.73,58.5,0.74,83.5,0.01,0.02,2324.874295,1776244517000
1776247909.111,109.111,0.29,8.59,0.28,70.5,0.3,107.9,0.31,83.0,0.7,47.9,0.69,83.0,0.71,56.15,0.72,70.5,0.01,0.01,2324.874295,1776244517000
1776247911.099,111.099,0.26,30.5,0.25,15.5,0.28,115.0,0.29,75.0,0.7,107.9,0.69,83.0,0.71,8.59,0.72,70.5,0.02,0.01,2324.874295,1776244517000
1776247913.6,113.6,0.26,52.0,0.25,90.5,0.27,120.84,0.28,65.0,0.72,115.0,0.71,75.0,0.74,30.5,0.75,15.5,0.01,0.02,2324.874295,1776244517000
1776247914.823,114.823,0.26,101.14,0.25,90.5,0.27,65.84,0.28,65.0,0.73,120.84,0.72,65.0,0.74,52.0,0.75,90.5,0.01,0.01,2324.874295,1776244517000
1776247915.254,115.254,0.26,106.14,0.25,100.5,0.27,52.84,0.28,15.0,0.73,65.84,0.72,65.0,0.74,101.14,0.75,90.5,0.01,0.01,2324.874295,1776244517000
1776247916.089,116.089,0.26,106.14,0.25,100.5,0.27,13.95,0.28,15.0,0.73,28.84,0.72,15.0,0.74,106.14,0.75,100.5,0.01,0.01,2324.874295,1776244517000
1776247916.443,116.443,0.26,90.49,0.25,100.5,0.27,62.25,0.28,15.0,0.73,13.95,0.72,15.0,0.74,106.14,0.75,100.5,0.01,0.01,2324.874295,1776244517000
1776247917.54,117.54,0.26,56.57,0.25,100.5,0.27,67.25,0.28,20.0,0.73,62.25,0.72,15.0,0.74,73.29,0.75,100.5,0.01,0.01,2324.874295,1776244517000
1776247917.845,117.845,0.26,51.25,0.25,100.5,0.27,67.25,0.28,20.0,0.73,67.25,0.72,20.0,0.74,56.57,0.75,100.5,0.01,0.01,2324.874295,1776244517000
1776247918.183,118.183,0.26,45.93,0.25,100.5,0.27,67.25,0.28,70.0,0.73,67.25,0.72,20.0,0.74,51.25,0.75,100.5,0.01,0.01,2324.874295,1776244517000
1776247918.525,118.525,0.26,33.23,0.25,100.5,0.27,77.25,0.28,70.0,0.73,72.25,0.72,70.0,0.74,38.99,0.75,100.5,0.01,0.01,2324.874295,1776244517000
1776247918.913,118.913,0.26,18.51,0.25,100.5,0.27,77.26,0.28,70.0,0.73,72.25,0.72,70.0,0.74,26.87,0.75,100.5,0.01,0.01,2324.874295,1776244517000
1776247919.376,119.376,0.26,33.51,0.25,100.5,0.27,45.22,0.28,70.0,0.73,77.26,0.72,70.0,0.74,18.51,0.75,100.5,0.01,0.01,2324.874295,1776244517000
1776247919.938,119.938,0.26,27.15,0.25,100.5,0.27,55.94,0.28,76.0,0.73,45.22,0.72,70.0,0.74,32.15,0.75,100.5,0.01,0.01,2324.874295,1776244517000
1776247920.334,120.334,0.26,52.15,0.25,105.5,0.3,50.0,0.31,65.0,0.73,55.94,0.72,76.0,0.74,27.15,0.75,100.5,0.04,0.01,2324.874295,1776244517000
1776247920.626,120.626,0.29,29.6,0.28,20.5,0.3,60.9,0.31,75.0,0.7,50.9,0.69,70.0,0.71,41.0,0.72,20.5,0.01,0.01,2324.874295,1776244517000
1776247920.959,120.959,0.29,4.01,0.28,70.5,0.3,65.9,0.31,75.0,0.7,60.9,0.69,75.0,0.71,16.32,0.72,20.5,0.01,0.01,2324.874295,1776244517000
1776247921.242,121.242,0.29,2.6,0.28,20.5,0.3,179.09,0.31,77.0,0.7,72.33,0.69,70.0,0.71,4.01,0.72,20.5,0.01,0.01,2324.874295,1776244517000
1776247922.694,122.694,0.27,160.1,0.26,35.5,0.28,25.01,0.29,70.0,0.7,174.09,0.69,77.0,0.73,177.13,0.74,20.5,0.01,0.03,2324.874295,1776244517000
1776247923.048,123.048,0.27,93.52,0.26,35.5,0.28,81.43,0.29,70.0,0.72,21.43,0.71,70.0,0.73,152.69,0.74,35.5,0.01,0.01,2324.874295,1776244517000
1776247923.795,123.795,0.27,93.52,0.26,35.5,0.28,172.7,0.29,70.0,0.72,62.14,0.71,70.0,0.73,93.52,0.74,15.5,0.01,0.01,2324.874295,1776244517000
1776247924.224,124.224,0.27,89.94,0.26,35.5,0.28,170.04,0.29,70.0,0.72,165.04,0.71,70.0,0.73,93.52,0.74,35.5,0.01,0.01,2324.874295,1776244517000
1776247924.803,124.803,0.27,89.94,0.26,35.5,0.28,72.32,0.29,80.5,0.72,170.04,0.71,70.0,0.73,89.94,0.74,35.5,0.01,0.01,2324.874295,1776244517000
1776247926.203,126.203,0.27,80.29,0.26,45.5,0.28,101.33,0.29,70.0,0.72,72.32,0.71,80.5,0.73,89.94,0.74,35.5,0.01,0.01,2324.874295,1776244517000
1776247927.602,127.602,0.27,118.92,0.26,115.5,0.28,5.0,0.29,5.0,0.72,101.33,0.71,70.0,0.73,80.29,0.74,45.5,0.01,0.01,2324.874295,1776244517000
1776247928.073,128.073,0.27,71.5,0.26,165.5,0.3,32.94,0.31,50.0,0.72,5.0,0.71,5.0,0.73,51.0,0.74,115.5,0.03,0.01,2324.874295,1776244517000
1776247928.577,128.577,0.31,67.5,0.3,107.5,0.32,3.0,0.35,55.0,0.7,32.94,0.69,50.0,0.73,71.5,0.74,165.5,0.01,0.03,2324.874295,1776244517000
1776247928.821,128.821,0.34,2.43,0.33,10.0,0.35,61.02,0.36,269.72,0.65,51.02,0.64,264.72,0.69,82.5,0.7,107.5,0.01,0.04,2324.874295,1776244517000
1776247929.024,129.024,0.34,17.93,0.33,45.5,0.35,2.14,0.36,268.22,0.65,61.02,0.64,269.72,0.66,2.43,0.67,10.0,0.01,0.01,2324.874295,1776244517000
1776247930.35,130.35,0.33,9.0,0.29,5.0,0.34,210.5,0.35,171.18,0.65,2.14,0.64,268.22,0.66,7.2,0.67,45.5,0.01,0.01,2324.874295,1776244517000
1776247931.445,131.445,0.25,145.5,0.24,54.0,0.28,40.5,0.29,80.5,0.7,10.66,0.69,49.5,0.71,5.0,0.72,27.5,0.03,0.01,2324.874295,1776244517000
1776247931.731,131.731,0.25,170.33,0.24,54.0,0.28,21.1,0.29,80.5,0.74,6.15,0.73,10.0,0.75,165.33,0.76,54.0,0.03,0.01,2324.874295,1776244517000
1776247932.069,132.069,0.26,79.14,0.25,155.33,0.28,71.1,0.29,80.5,0.72,21.1,0.71,80.5,0.75,170.33,0.76,54.0,0.02,0.03,2324.874295,1776244517000
1776247932.58,132.58,0.23,14.2,0.22,65.0,0.24,17.0,0.25,22.0,0.72,71.1,0.71,80.5,0.74,129.11,0.75,155.33,0.01,0.02,2324.874295,1776244517000
1776247932.99,132.99,0.26,12.32,0.25,15.0,0.27,100.52,0.28,10.6,0.76,100.83,0.75,72.0,0.77,14.2,0.78,65.0,0.01,0.01,2324.874295,1776244517000
1776247933.429,133.429,0.26,22.98,0.25,25.5,0.27,110.52,0.28,21.1,0.73,100.52,0.72,10.6,0.74,12.32,0.75,15.0,0.01,0.01,2324.874295,1776244517000
1776247933.821,133.821,0.26,97.97,0.25,80.5,0.28,10.6,0.29,84.5,0.73,105.52,0.72,21.1,0.74,20.99,0.75,25.5,0.02,0.01,2324.874295,1776244517000
1776247934.104,134.104,0.27,15.0,0.26,15.0,0.29,92.04,0.3,89.5,0.71,82.84,0.7,89.5,0.73,20.5,0.74,82.97,0.02,0.02,2324.874295,1776244517000
1776247935.524,135.524,0.27,119.13,0.26,85.5,0.28,87.23,0.29,77.04,0.72,87.23,0.71,115.04,0.73,5.0,0.74,25.5,0.01,0.01,2324.874295,1776244517000
1776247937.121,137.121,0.28,30.0,0.27,85.5,0.29,4.06,0.3,79.0,0.72,87.23,0.71,77.04,0.73,124.13,0.74,85.5,0.01,0.01,2324.874295,1776244517000
1776247938.059,138.059,0.29,30.0,0.28,90.5,0.3,75.66,0.31,101.5,0.71,4.06,0.7,79.0,0.72,30.0,0.73,85.5,0.01,0.01,2324.874295,1776244517000
1776247939.289,139.289,0.29,35.5,0.28,90.5,0.3,77.32,0.31,101.5,0.7,75.66,0.69,101.5,0.71,30.0,0.72,90.5,0.01,0.01,2324.874295,1776244517000
1776247940.846,140.846,0.34,145.5,0.33,205.33,0.36,189.52,0.38,25.5,0.7,77.32,0.69,101.5,0.71,35.5,0.72,90.5,0.02,0.01,2324.874295,1776244517000
1776247942.275,142.275,0.35,58.96,0.34,111.5,0.36,129.66,0.37,70.5,0.64,74.66,0.63,75.5,0.65,40.5,0.66,119.5,0.01,0.01,2324.874295,1776244517000
1776247942.59,142.59,0.35,58.96,0.34,190.49,0.36,124.61,0.37,70.5,0.64,129.66,0.63,70.5,0.65,58.96,0.66,111.5,0.01,0.01,2324.874295,1776244517000
1776247943.79,143.79,0.35,48.96,0.34,111.5,0.36,66.56,0.37,55.0,0.64,122.12,0.63,70.5,0.65,58.96,0.66,190.49,0.01,0.01,2324.874295,1776244517000
1776247944.136,144.136,0.35,53.96,0.34,111.5,0.36,58.64,0.37,50.0,0.64,66.56,0.63,55.0,0.65,48.96,0.66,111.5,0.01,0.01,2324.874295,1776244517000
1776247944.756,144.756,0.35,123.96,0.34,111.5,0.39,55.0,0.4,65.0,0.64,58.64,0.63,50.0,0.65,53.96,0.66,111.5,0.04,0.01,2324.874295,1776244517000
1776247946.442,146.442,0.41,5.0,0.4,85.0,0.42,50.0,0.43,50.0,0.61,55.0,0.6,65.0,0.65,123.96,0.66,111.5,0.01,0.04,2324.874295,1776244517000
1776247946.838,146.838,0.41,10.0,0.4,100.5,0.42,32.84,0.43,75.5,0.58,31.29,0.57,75.5,0.59,20.0,0.6,90.5,0.01,0.01,2324.874295,1776244517000
1776247947.296,147.296,0.41,20.5,0.4,150.5,0.42,48.0,0.43,75.5,0.58,12.95,0.57,75.5,0.59,30.5,0.6,100.5,0.01,0.01,2324.874295,1776244517000
1776247948.393,148.393,0.42,10.0,0.41,80.5,0.43,74.58,0.44,88.68,0.57,34.38,0.56,93.68,0.59,25.5,0.6,150.5,0.01,0.02,2324.874295,1776244517000
1776247948.677,148.677,0.42,10.0,0.41,80.5,0.43,80.42,0.44,88.68,0.57,82.75,0.56,88.68,0.58,10.0,0.59,80.5,0.01,0.01,2324.874295,1776244517000
1776247948.88,148.88,0.42,10.0,0.41,80.5,0.43,75.71,0.44,88.68,0.57,78.04,0.56,88.68,0.58,10.0,0.59,80.5,0.01,0.01,2324.874295,1776244517000
1776247949.233,149.233,0.41,20.33,0.4,65.5,0.43,75.71,0.44,88.68,0.57,75.71,0.56,88.68,0.58,10.0,0.59,80.5,0.02,0.01,2324.874295,1776244517000
1776247949.551,149.551,0.41,17.34,0.4,70.5,0.42,15.0,0.43,70.71,0.57,75.71,0.56,88.68,0.59,20.33,0.6,65.5,0.01,0.02,2324.874295,1776244517000
1776247950.048,150.048,0.42,10.24,0.41,72.34,0.43,70.71,0.44,88.68,0.58,1.52,0.57,70.71,0.59,67.34,0.6,70.5,0.01,0.01,2324.874295,1776244517000
1776247950.248,150.248,0.42,15.24,0.41,17.34,0.43,70.71,0.44,88.68,0.57,70.71,0.56,88.68,0.58,15.24,0.59,17.34,0.01,0.01,2324.874295,1776244517000
1776247950.462,150.462,0.42,0.24,0.41,67.34,0.43,70.71,0.44,88.68,0.57,70.71,0.56,88.68,0.58,15.24,0.59,17.34,0.01,0.01,2324.874295,1776244517000
1776247951.961,151.961,0.42,0.24,0.41,67.34,0.43,68.38,0.44,93.68,0.57,70.71,0.56,88.68,0.58,0.24,0.59,67.34,0.01,0.01,2324.874295,1776244517000
1776247953.924,153.924,0.42,100.74,0.41,147.34,0.43,4.0,0.44,18.18,0.57,68.38,0.56,93.68,0.58,0.24,0.59,67.34,0.01,0.01,2324.874295,1776244517000
1776247955.272,155.272,0.43,152.5,0.42,86.74,0.44,9.9,0.45,7.5,0.56,12.18,0.55,12.5,0.58,100.74,0.59,147.34,0.01,0.02,2324.874295,1776244517000
1776247956.039,156.039,0.44,154.5,0.43,120.5,0.45,0.27,0.46,9.43,0.55,2.5,0.54,9.43,0.56,27.5,0.57,125.5,0.01,0.01,2324.874295,1776244517000
1776247956.259,156.259,0.45,129.5,0.44,132.5,0.47,20.73,0.5,60.0,0.54,5.63,0.53,20.73,0.56,159.5,0.57,120.5,0.02,0.02,2324.874295,1776244517000
1776247957.609,157.609,0.5,52.46,0.49,72.0,0.51,151.13,0.52,76.0,0.5,60.5,0.49,65.0,0.51,20.0,0.52,95.5,0.01,0.01,2324.874295,1776244517000
1776247957.922,157.922,0.5,47.06,0.49,72.0,0.51,151.13,0.52,76.0,0.49,151.13,0.48,76.0,0.5,52.46,0.51,72.0,0.01,0.01,2324.874295,1776244517000
1776247958.357,158.357,0.5,54.92,0.49,127.0,0.53,32.82,0.54,70.0,0.49,146.13,0.48,76.0,0.5,44.92,0.51,72.0,0.03,0.01,2324.874295,1776244517000
1776247958.792,158.792,0.5,35.16,0.49,102.0,0.51,80.5,0.52,70.5,0.47,32.82,0.46,70.0,0.5,54.92,0.51,127.0,0.01,0.03,2324.874295,1776244517000
1776247959.027,159.027,0.5,55.0,0.49,102.0,0.53,23.12,0.54,70.0,0.49,25.5,0.48,70.5,0.51,102.0,0.52,145.0,0.03,0.02,2324.874295,1776244517000
1776247959.592,159.592,0.5,55.0,0.49,102.0,0.51,75.26,0.52,20.5,0.49,25.5,0.48,20.5,0.5,61.43,0.51,107.0,0.01,0.01,2324.874295,1776244517000
1776247960.372,160.372,0.5,77.98,0.49,127.5,0.51,12.12,0.53,25.5,0.49,86.32,0.48,20.5,0.5,60.0,0.51,112.0,0.01,0.01,2324.874295,1776244517000
1776247960.636,160.636,0.5,78.48,0.49,127.5,0.51,10.15,0.54,15.5,0.49,12.12,0.47,25.5,0.5,77.98,0.51,127.5,0.01,0.01,2324.874295,1776244517000
1776247961.019,161.019,0.53,76.99,0.52,70.0,0.54,20.5,0.55,65.0,0.46,15.5,0.45,5.0,0.5,63.27,0.51,122.5,0.01,0.04,2324.874295,1776244517000
1776247961.674,161.674,0.53,10.0,0.52,10.0,0.54,145.37,0.55,60.0,0.46,20.5,0.45,65.0,0.47,76.99,0.48,70.0,0.01,0.01,2324.874295,1776244517000
1776247962.057,162.057,0.33,143.66,0.32,76.0,0.35,35.5,0.36,60.0,0.46,151.37,0.45,60.0,0.48,5.0,0.51,5.0,0.02,0.02,2324.874295,1776244517000
1776247962.357,162.357,0.32,50.0,0.31,50.0,0.34,24.17,0.35,40.5,0.66,14.17,0.65,50.5,0.67,32.67,0.68,55.0,0.02,0.01,2324.874295,1776244517000
1776247962.562,162.562,0.29,41.0,0.28,50.0,0.3,10.0,0.31,25.0,0.66,54.17,0.65,35.5,0.69,50.0,0.7,50.0,0.01,0.03,2324.874295,1776244517000
1776247962.913,162.913,0.28,50.0,0.27,50.0,0.3,10.0,0.31,45.0,0.7,10.0,0.69,25.0,0.71,41.0,0.72,50.0,0.02,0.01,2324.874295,1776244517000
1776247963.136,163.136,0.24,95.0,0.23,55.0,0.27,8.63,0.28,10.0,0.7,10.0,0.69,45.0,0.74,62.97,0.75,55.0,0.03,0.04,2324.874295,1776244517000
1776247963.857,163.857,0.24,49.73,0.23,70.0,0.25,10.0,0.26,10.0,0.73,8.63,0.72,10.0,0.76,95.0,0.77,55.0,0.01,0.03,2324.874295,1776244517000
1776247964.149,164.149,0.24,117.19,0.23,65.0,0.26,10.0,0.27,8.63,0.75,5.92,0.74,10.0,0.76,47.12,0.77,70.0,0.02,0.01,2324.874295,1776244517000
1776247964.611,164.611,0.24,125.0,0.23,65.0,0.26,6.15,0.27,8.63,0.74,10.0,0.73,8.63,0.76,117.19,0.77,65.0,0.02,0.02,2324.874295,1776244517000
1776247964.859,164.859,0.24,123.67,0.23,65.0,0.26,11.16,0.27,8.63,0.74,6.15,0.73,8.63,0.76,125.0,0.77,65.0,0.02,0.02,2324.874295,1776244517000
1776247965.651,165.651,0.24,128.67,0.23,65.0,0.25,2.0,0.26,11.16,0.74,11.16,0.73,8.63,0.76,123.67,0.77,65.0,0.01,0.02,2324.874295,1776244517000
1776247966.159,166.159,0.22,33.0,0.2,55.0,0.25,17.0,0.26,11.16,0.75,2.0,0.74,11.16,0.76,128.67,0.77,65.0,0.03,0.01,2324.874295,1776244517000
1776247966.862,166.862,0.22,21.56,0.2,5.0,0.23,20.0,0.24,10.0,0.75,17.0,0.74,11.16,0.78,21.63,0.8,55.0,0.01,0.03,2324.874295,1776244517000
1776247967.063,167.063,0.18,41.35,0.16,84.0,0.23,34.0,0.24,10.0,0.77,34.0,0.76,10.0,0.8,4.93,0.82,44.0,0.05,0.03,2324.874295,1776244517000
1776247967.486,167.486,0.18,40.13,0.16,64.0,0.19,10.0,0.2,10.0,0.77,34.0,0.76,10.0,0.82,41.35,0.84,84.0,0.01,0.05,2324.874295,1776244517000
1776247967.702,167.702,0.18,45.09,0.16,59.0,0.19,10.0,0.2,10.0,0.81,10.0,0.8,10.0,0.82,40.13,0.84,64.0,0.01,0.01,2324.874295,1776244517000
1776247968.515,168.515,0.18,74.92,0.17,5.94,0.19,4.73,0.2,10.0,0.81,10.0,0.8,10.0,0.82,44.91,0.84,59.0,0.01,0.01,2324.874295,1776244517000
1776247968.774,168.774,0.18,43.16,0.17,10.94,0.19,4.73,0.2,10.0,0.81,9.73,0.8,10.0,0.82,74.8,0.83,5.94,0.01,0.01,2324.874295,1776244517000
1776247969.23,169.23,0.18,0.16,0.17,10.94,0.19,10.73,0.2,10.0,0.81,4.73,0.8,10.0,0.82,43.16,0.83,10.94,0.01,0.01,2324.874295,1776244517000
1776247969.472,169.472,0.16,46.42,0.15,30.0,0.18,77.0,0.19,10.73,0.81,10.73,0.8,10.0,0.82,0.16,0.83,10.94,0.02,0.01,2324.874295,1776244517000
1776247969.956,169.956,0.15,29.96,0.12,60.09,0.16,24.0,0.17,35.5,0.83,15.0,0.82,68.0,0.85,30.0,0.88,60.09,0.01,0.02,2324.874295,1776244517000
1776247970.253,170.253,0.12,50.43,0.11,5.0,0.13,10.0,0.14,10.0,0.86,10.0,0.85,10.0,0.88,60.09,0.89,5.0,0.01,0.02,2324.874295,1776244517000
1776247970.474,170.474,0.12,48.15,0.11,5.0,0.13,15.0,0.14,10.0,0.87,10.0,0.86,10.0,0.88,50.43,0.89,5.0,0.01,0.01,2324.874295,1776244517000
1776247970.741,170.741,0.12,60.29,0.11,14.18,0.13,20.0,0.14,10.0,0.87,15.0,0.86,10.0,0.88,47.01,0.89,5.0,0.01,0.01,2324.874295,1776244517000
1776247971.096,171.096,0.12,55.29,0.11,9.18,0.13,12.3,0.14,10.0,0.87,20.0,0.86,10.0,0.88,60.29,0.89,14.18,0.01,0.01,2324.874295,1776244517000
1776247971.334,171.334,0.12,43.89,0.11,9.18,0.13,12.3,0.14,10.0,0.87,12.3,0.86,10.0,0.88,45.29,0.89,9.18,0.01,0.01,2324.874295,1776244517000
1776247971.814,171.814,0.11,9.18,0.1,80.0,0.12,1.66,0.13,10.0,0.87,12.3,0.86,10.0,0.89,9.18,0.9,80.0,0.01,0.02,2324.874295,1776244517000
1776247972.063,172.063,0.11,5.82,0.1,80.0,0.12,7.66,0.13,10.0,0.88,1.66,0.87,10.0,0.89,6.95,0.9,80.0,0.01,0.01,2324.874295,1776244517000
1776247973.015,173.015,0.11,10.0,0.1,80.0,0.12,74.94,0.13,10.0,0.88,7.66,0.87,10.0,0.89,5.82,0.9,80.0,0.01,0.01,2324.874295,1776244517000
1776247974.036,174.036,0.11,10.0,0.1,90.1,0.12,105.6,0.13,15.0,0.88,74.94,0.87,10.0,0.89,10.0,0.9,80.0,0.01,0.01,2324.874295,1776244517000
1776247974.241,174.241,0.11,3.6,0.1,90.1,0.12,105.6,0.13,15.0,0.88,105.6,0.87,15.0,0.89,8.83,0.9,90.1,0.01,0.01,2324.874295,1776244517000
1776247975.924,175.924,0.11,18.87,0.1,100.6,0.12,76.62,0.13,10.0,0.88,105.6,0.87,15.0,0.89,3.6,0.9,90.1,0.01,0.01,2324.874295,1776244517000
1776247976.161,176.161,0.11,18.87,0.1,125.6,0.12,60.62,0.13,5.0,0.88,76.62,0.87,10.0,0.89,18.87,0.9,100.6,0.01,0.01,2324.874295,1776244517000
1776247976.719,176.719,0.13,17.0,0.12,44.0,0.14,10.0,0.15,10.0,0.87,5.0,0.86,10.0,0.89,23.87,0.9,125.6,0.01,0.02,2324.874295,1776244517000
1776247977.408,177.408,0.12,10.31,0.11,5.0,0.13,10.0,0.14,20.0,0.85,15.0,0.84,10.0,0.86,19.86,0.87,17.0,0.01,0.01,2324.874295,1776244517000
1776247977.695,177.695,0.1,100.5,0.09,15.0,0.11,21.0,0.12,84.0,0.87,10.0,0.86,20.0,0.88,10.31,0.89,5.0,0.01,0.01,2324.874295,1776244517000
1776247978.058,178.058,0.1,100.6,0.09,15.0,0.11,21.0,0.12,75.0,0.89,21.0,0.88,84.0,0.9,100.5,0.91,15.0,0.01,0.01,2324.874295,1776244517000
1776247978.767,178.767,0.1,105.38,0.09,15.0,0.11,26.0,0.12,80.0,0.89,21.0,0.88,75.0,0.9,100.6,0.91,15.0,0.01,0.01,2324.874295,1776244517000
1776247979.635,179.635,0.1,93.06,0.09,46.0,0.12,24.0,0.13,32.0,0.89,26.0,0.88,80.0,0.9,100.38,0.91,15.0,0.02,0.01,2324.874295,1776244517000
1776247980.405,180.405,0.15,60.0,0.14,10.0,0.16,10.0,0.17,10.0,0.88,24.0,0.87,32.0,0.9,93.06,0.91,46.0,0.01,0.02,2324.874295,1776244517000
1776247981.569,181.569,0.15,67.65,0.14,10.0,0.16,10.0,0.17,10.0,0.84,10.0,0.83,10.0,0.85,60.0,0.86,10.0,0.01,0.01,2324.874295,1776244517000
1776247981.851,181.851,0.15,67.65,0.14,10.0,0.16,2.5,0.17,10.0,0.84,10.0,0.83,10.0,0.85,67.65,0.86,10.0,0.01,0.01,2324.874295,1776244517000
1776247985.097,185.097,0.16,9.02,0.15,78.15,0.17,55.4,0.18,56.4,0.84,2.5,0.83,10.0,0.85,67.65,0.86,10.0,0.01,0.01,2324.874295,1776244517000
1776247985.906,185.906,0.17,9.0,0.16,86.08,0.18,12.0,0.21,5.0,0.83,55.4,0.82,56.4,0.84,9.02,0.85,78.15,0.01,0.01,2324.874295,1776244517000
1776247986.614,186.614,0.2,5.0,0.19,10.0,0.21,10.0,0.22,15.0,0.77,28.34,0.76,39.7,0.83,9.0,0.84,86.08,0.01,0.06,2324.874295,1776244517000
1776247986.899,186.899,0.19,10.0,0.18,16.0,0.21,8.95,0.22,15.0,0.79,15.0,0.78,15.0,0.8,5.0,0.81,10.0,0.02,0.01,2324.874295,1776244517000
1776247988.122,188.122,0.17,18.88,0.16,171.86,0.2,63.32,0.21,8.95,0.79,8.95,0.78,15.0,0.81,10.0,0.82,16.0,0.03,0.02,2324.874295,1776244517000
1776247988.985,188.985,0.17,15.0,0.16,84.56,0.18,91.14,0.19,10.0,0.8,63.32,0.79,8.95,0.84,161.17,0.85,78.15,0.01,0.04,2324.874295,1776244517000
1776247989.804,189.804,0.17,137.93,0.16,60.5,0.26,0.01,0.27,8.63,0.82,91.14,0.81,10.0,0.83,15.0,0.84,84.56,0.09,0.01,2324.874295,1776244517000
1776247990.248,190.248,0.28,28.95,0.27,5.0,0.29,15.0,0.3,22.1,0.7,17.1,0.69,60.0,0.71,20.0,0.72,56.73,0.01,0.01,2324.874295,1776244517000
1776247991.021,191.021,0.22,0.5,0.21,45.0,0.23,67.0,0.24,39.0,0.71,33.0,0.7,27.1,0.78,37.5,0.79,70.0,0.01,0.07,2324.874295,1776244517000
1776247991.923,191.923,0.21,60.5,0.2,15.0,0.22,66.93,0.23,62.5,0.77,67.0,0.76,49.5,0.78,2.17,0.79,45.0,0.01,0.01,2324.874295,1776244517000
1776247992.136,192.136,0.21,10.0,0.2,15.5,0.24,4.08,0.25,23.0,0.76,44.5,0.75,23.0,0.79,10.0,0.8,15.5,0.03,0.03,2324.874295,1776244517000
1776247993.001,193.001,0.2,15.0,0.19,40.0,0.23,5.0,0.24,5.0,0.74,50.0,0.73,72.57,0.79,20.5,0.8,20.5,0.03,0.05,2324.874295,1776244517000
1776247993.229,193.229,0.19,37.5,0.18,37.5,0.2,6.25,0.24,115.53,0.75,15.5,0.74,62.0,0.81,34.95,0.82,27.0,0.01,0.06,2324.874295,1776244517000
1776247993.433,193.433,0.19,15.0,0.18,37.5,0.24,64.48,0.26,62.0,0.8,6.25,0.76,115.53,0.81,37.5,0.82,37.5,0.05,0.01,2324.874295,1776244517000
1776247994.137,194.137,0.19,30.78,0.18,37.5,0.2,5.0,0.24,103.6,0.76,64.48,0.74,62.0,0.81,15.0,0.82,37.5,0.01,0.05,2324.874295,1776244517000
1776247994.757,194.757,0.2,14.87,0.19,40.78,0.21,13.19,0.23,20.5,0.78,10.5,0.76,103.6,0.8,5.0,0.81,25.78,0.01,0.02,2324.874295,1776244517000
1776247995.273,195.273,0.2,13.62,0.19,30.78,0.21,13.19,0.23,10.5,0.79,13.19,0.77,20.5,0.8,14.87,0.81,40.78,0.01,0.01,2324.874295,1776244517000
1776247995.92,195.92,0.2,13.8,0.19,30.81,0.21,13.19,0.22,10.5,0.79,13.19,0.77,10.5,0.81,9.57,0.82,37.5,0.01,0.02,2324.874295,1776244517000
1776247996.725,196.725,0.21,5.0,0.19,10.0,0.23,303.27,0.24,12.73,0.76,77.21,0.75,10.0,0.8,13.8,0.81,30.81,0.02,0.04,2324.874295,1776244517000
1776247997.279,197.279,0.15,41.14,0.14,125.64,0.19,10.0,0.2,10.0,0.77,303.27,0.76,12.73,0.79,5.0,0.81,10.0,0.04,0.02,2324.874295,1776244517000
1776247997.824,197.824,0.15,36.58,0.14,52.92,0.16,368.27,0.17,20.0,0.81,10.0,0.8,96.0,0.85,33.56,0.86,125.64,0.01,0.04,2324.874295,1776244517000
1776247998.478,198.478,0.15,9.96,0.14,52.92,0.16,229.91,0.17,20.0,0.84,368.27,0.83,20.0,0.85,9.96,0.86,52.92,0.01,0.01,2324.874295,1776244517000
1776247998.789,198.789,0.15,9.69,0.14,52.92,0.16,355.17,0.17,20.0,0.84,229.91,0.83,20.0,0.85,9.96,0.86,52.92,0.01,0.01,2324.874295,1776244517000
1776247999.034,199.034,0.15,8.51,0.14,52.92,0.16,353.92,0.17,20.0,0.84,348.92,0.83,20.0,0.85,9.69,0.86,52.92,0.01,0.01,2324.874295,1776244517000
1776247999.269,199.269,0.15,3.45,0.14,52.92,0.16,358.92,0.17,15.0,0.84,353.92,0.83,20.0,0.85,8.51,0.86,52.92,0.01,0.01,2324.874295,1776244517000
1776248000.332,200.332,0.14,74.92,0.13,49.56,0.15,18.63,0.16,348.92,0.84,358.92,0.83,15.0,0.85,3.45,0.86,52.92,0.01,0.01,2324.874295,1776244517000
1776248001.71,201.71,0.14,73.75,0.13,62.56,0.15,239.63,0.16,153.92,0.85,18.63,0.84,348.92,0.86,74.92,0.87,49.56,0.01,0.01,2324.874295,1776244517000
1776248003.471,203.471,0.14,66.85,0.13,49.56,0.15,270.63,0.16,18.66,0.85,239.63,0.84,153.92,0.86,73.75,0.87,62.56,0.01,0.01,2324.874295,1776244517000
1776248003.959,203.959,0.14,155.85,0.13,178.36,0.15,267.17,0.16,62.8,0.85,263.96,0.84,18.66,0.86,66.85,0.87,61.62,0.01,0.01,2324.874295,1776244517000
1776248004.653,204.653,0.14,66.85,0.13,110.74,0.15,306.7,0.16,55.46,0.85,267.17,0.84,62.8,0.86,155.85,0.87,178.36,0.01,0.01,2324.874295,1776244517000
1776248004.912,204.912,0.13,102.98,0.12,32.0,0.15,326.7,0.16,133.59,0.85,306.7,0.84,55.46,0.86,66.85,0.87,110.74,0.02,0.01,2324.874295,1776244517000
1776248005.193,205.193,0.13,31.8,0.12,32.0,0.14,308.0,0.15,89.9,0.85,326.7,0.84,133.59,0.87,102.98,0.88,32.0,0.01,0.02,2324.874295,1776244517000
1776248005.405,205.405,0.12,32.0,0.11,20.5,0.14,303.0,0.15,67.9,0.86,308.0,0.85,94.9,0.87,4.0,0.88,32.0,0.02,0.01,2324.874295,1776244517000
1776248006.02,206.02,0.12,57.5,0.11,20.5,0.13,116.52,0.14,42.9,0.86,290.85,0.85,67.9,0.88,32.0,0.89,20.5,0.01,0.02,2324.874295,1776244517000
1776248006.239,206.239,0.12,60.91,0.11,20.5,0.13,81.52,0.14,29.9,0.87,116.52,0.86,42.9,0.88,57.5,0.89,20.5,0.01,0.01,2324.874295,1776244517000
1776248006.9,206.9,0.12,106.77,0.11,20.5,0.13,20.0,0.14,113.45,0.87,61.52,0.86,29.9,0.88,60.91,0.89,20.5,0.01,0.01,2324.874295,1776244517000
1776248007.257,207.257,0.12,121.69,0.11,236.5,0.13,39.13,0.14,113.45,0.87,20.0,0.86,113.45,0.88,106.77,0.89,20.5,0.01,0.01,2324.874295,1776244517000
1776248007.675,207.675,0.12,56.89,0.11,20.5,0.13,34.13,0.14,113.45,0.87,39.13,0.86,113.45,0.88,121.69,0.89,236.5,0.01,0.01,2324.874295,1776244517000
1776248008.061,208.061,0.1,29.06,0.09,55.0,0.11,15.87,0.13,141.13,0.87,34.13,0.86,118.45,0.88,15.13,0.89,15.0,0.01,0.01,2324.874295,1776244517000
1776248008.864,208.864,0.09,1.4,0.08,134.75,0.11,75.87,0.12,20.0,0.89,20.87,0.88,10.0,0.9,15.37,0.91,55.0,0.02,0.01,2324.874295,1776244517000
1776248009.079,209.079,0.1,2.0,0.09,6.4,0.11,90.87,0.12,10.0,0.89,75.87,0.88,20.0,0.9,10.0,0.91,1.4,0.01,0.01,2324.874295,1776244517000
1776248009.514,209.514,0.09,43.92,0.08,134.75,0.11,88.87,0.12,15.0,0.89,244.33,0.88,10.0,0.91,6.32,0.92,134.75,0.02,0.02,2324.874295,1776244517000
1776248009.86,209.86,0.09,15.72,0.08,184.75,0.11,83.87,0.12,10.0,0.89,88.87,0.88,10.0,0.91,27.2,0.92,134.75,0.02,0.02,2324.874295,1776244517000
1776248010.545,210.545,0.09,20.12,0.08,124.43,0.11,158.87,0.12,133.12,0.89,88.87,0.88,10.0,0.92,184.28,0.93,10.0,0.02,0.03,2324.874295,1776244517000
1776248010.993,210.993,0.08,142.05,0.07,10.0,0.1,6.0,0.11,133.87,0.89,163.87,0.88,133.12,0.92,124.43,0.93,10.0,0.02,0.03,2324.874295,1776244517000
1776248011.363,211.363,0.08,131.08,0.07,10.0,0.1,186.0,0.11,113.87,0.9,6.0,0.89,133.87,0.92,142.05,0.93,10.0,0.02,0.02,2324.874295,1776244517000
1776248011.7,211.7,0.09,15.06,0.08,136.08,0.1,236.45,0.11,113.87,0.9,186.0,0.89,113.87,0.92,131.08,0.93,10.0,0.01,0.02,2324.874295,1776244517000
1776248011.939,211.939,0.09,22.93,0.08,123.46,0.1,289.45,0.11,259.77,0.9,236.45,0.89,113.87,0.91,20.06,0.92,136.08,0.01,0.01,2324.874295,1776244517000
1776248012.301,212.301,0.09,9.35,0.08,123.46,0.1,246.45,0.11,284.77,0.9,289.45,0.89,259.77,0.91,22.93,0.92,123.46,0.01,0.01,2324.874295,1776244517000
1776248012.646,212.646,0.08,75.45,0.07,15.0,0.09,192.28,0.1,241.45,0.9,246.45,0.89,284.77,0.92,119.97,0.93,10.0,0.01,0.02,2324.874295,1776244517000
1776248013.07,213.07,0.08,94.51,0.07,15.0,0.09,189.28,0.1,271.45,0.91,179.28,0.9,241.45,0.92,75.45,0.93,15.0,0.01,0.01,2324.874295,1776244517000
1776248013.513,213.513,0.08,63.36,0.07,10.0,0.09,248.28,0.1,266.45,0.91,189.28,0.9,271.45,0.92,94.51,0.93,15.0,0.01,0.01,2324.874295,1776244517000
1776248014.258,214.258,0.08,215.52,0.07,10.0,0.09,242.28,0.1,266.45,0.91,237.28,0.9,266.45,0.92,63.36,0.93,10.0,0.01,0.01,2324.874295,1776244517000
1776248014.834,214.834,0.08,93.57,0.07,10.0,0.09,312.28,0.1,321.45,0.91,252.28,0.9,266.45,0.92,116.16,0.93,10.0,0.01,0.01,2324.874295,1776244517000
1776248015.283,215.283,0.08,71.63,0.07,10.0,0.09,296.16,0.1,321.45,0.91,312.28,0.9,321.45,0.92,43.57,0.93,10.0,0.01,0.01,2324.874295,1776244517000
1776248015.49,215.49,0.08,10.0,0.07,10.35,0.09,281.13,0.1,321.45,0.91,286.16,0.9,321.45,0.93,5.35,0.94,10.0,0.01,0.02,2324.874295,1776244517000
1776248015.908,215.908,0.07,10.0,0.06,26.83,0.08,162.26,0.09,304.85,0.91,281.13,0.9,321.45,0.94,10.0,0.95,97.0,0.01,0.03,2324.874295,1776244517000
1776248016.382,216.382,0.07,10.0,0.06,26.83,0.08,149.76,0.09,304.85,0.92,162.26,0.91,304.85,0.93,10.0,0.94,26.83,0.01,0.01,2324.874295,1776244517000
1776248016.674,216.674,0.07,1.12,0.06,26.83,0.08,149.76,0.09,119.85,0.92,149.76,0.91,304.85,0.93,6.12,0.94,26.83,0.01,0.01,2324.874295,1776244517000
1776248017.131,217.131,0.06,9.29,0.05,62.0,0.07,76.3,0.08,208.66,0.92,159.76,0.91,119.85,0.94,26.12,0.95,62.0,0.01,0.02,2324.874295,1776244517000
1776248017.674,217.674,0.05,40.17,0.04,428.71,0.07,200.76,0.08,93.4,0.93,76.3,0.92,208.66,0.94,9.29,0.95,62.0,0.02,0.01,2324.874295,1776244517000
1776248018.659,218.659,0.06,75.0,0.05,165.37,0.07,225.76,0.08,93.4,0.93,200.76,0.92,93.4,0.95,40.17,0.96,428.71,0.01,0.02,2324.874295,1776244517000
1776248019.544,219.544,0.05,40.37,0.04,428.71,0.06,24.47,0.07,96.3,0.93,220.76,0.92,93.4,0.94,4.3,0.95,65.37,0.01,0.01,2324.874295,1776244517000
1776248019.858,219.858,0.06,39.0,0.05,502.37,0.07,11.0,0.08,34.5,0.94,24.47,0.93,96.3,0.95,40.37,0.96,428.71,0.01,0.01,2324.874295,1776244517000
1776248020.367,220.367,0.07,473.06,0.06,97.93,0.08,15.66,0.09,10.0,0.92,0.15,0.9,10.0,0.93,80.0,0.94,62.93,0.01,0.01,2324.874295,1776244517000
1776248020.57,220.57,0.07,373.0,0.06,79.0,0.09,10.0,0.1,10.0,0.92,15.53,0.91,10.0,0.93,473.06,0.94,97.93,0.02,0.01,2324.874295,1776244517000
1776248020.884,220.884,0.08,34.0,0.07,411.06,0.1,4.9,0.11,46.79,0.91,10.0,0.9,10.0,0.93,373.0,0.94,79.0,0.02,0.02,2324.874295,1776244517000
1776248021.531,221.531,0.09,30.0,0.08,249.0,0.1,4.7,0.11,96.79,0.9,4.9,0.89,46.79,0.92,34.0,0.93,411.06,0.01,0.02,2324.874295,1776244517000
1776248022.379,222.379,0.09,185.0,0.08,44.0,0.1,150.12,0.11,46.79,0.9,4.7,0.89,96.79,0.91,30.0,0.92,249.0,0.01,0.01,2324.874295,1776244517000
1776248023.294,223.294,0.08,44.0,0.07,298.0,0.1,160.12,0.11,46.79,0.9,150.12,0.89,46.79,0.91,185.0,0.92,44.0,0.02,0.01,2324.874295,1776244517000
1776248023.791,223.791,0.08,39.33,0.07,298.0,0.1,160.12,0.11,46.79,0.9,160.12,0.89,46.79,0.92,44.0,0.93,298.0,0.02,0.02,2324.874295,1776244517000
1776248024.908,224.908,0.08,37.0,0.07,48.0,0.1,160.12,0.11,46.79,0.9,160.12,0.89,46.79,0.92,39.33,0.93,298.0,0.02,0.02,2324.874295,1776244517000
1776248027.17,227.17,0.06,26.83,0.05,15.17,0.07,3.16,0.08,49.0,0.9,160.12,0.89,46.79,0.92,37.0,0.93,48.0,0.01,0.02,2324.874295,1776244517000
1776248027.511,227.511,0.06,25.76,0.05,15.17,0.07,3.16,0.08,49.0,0.93,3.16,0.92,49.0,0.94,26.83,0.95,15.17,0.01,0.01,2324.874295,1776244517000
1776248030.338,230.338,0.05,2.95,0.04,107.78,0.07,283.3,0.08,271.9,0.93,3.16,0.92,49.0,0.94,25.76,0.95,15.17,0.02,0.01,2324.874295,1776244517000
1776248030.782,230.782,0.05,9.85,0.04,287.78,0.07,293.3,0.08,276.9,0.93,283.3,0.92,271.9,0.95,2.95,0.96,107.78,0.02,0.02,2324.874295,1776244517000
1776248032.94,232.94,0.05,5.92,0.04,287.78,0.07,193.3,0.08,180.9,0.93,293.3,0.92,276.9,0.95,9.85,0.96,287.78,0.02,0.02,2324.874295,1776244517000
1776248036.534,236.534,0.04,99.7,0.03,492.0,0.06,161.72,0.07,157.3,0.93,193.3,0.92,180.9,0.95,5.92,0.96,287.78,0.02,0.02,2324.874295,1776244517000
1776248037.845,237.845,0.03,97.06,0.02,645.0,0.05,330.8,0.06,367.8,0.94,161.72,0.93,157.3,0.96,99.7,0.97,492.0,0.02,0.02,2324.874295,1776244517000
1776248038.705,238.705,0.03,96.64,0.02,645.0,0.05,325.8,0.06,367.8,0.95,330.8,0.94,367.8,0.97,97.06,0.98,645.0,0.02,0.02,2324.874295,1776244517000
1776248038.978,238.978,0.03,96.64,0.02,645.0,0.05,475.95,0.06,367.8,0.95,325.8,0.94,367.8,0.97,96.64,0.98,645.0,0.02,0.02,2324.874295,1776244517000
1776248040.05,240.05,0.03,120.3,0.02,645.0,0.05,331.8,0.06,340.8,0.95,475.95,0.94,367.8,0.97,96.64,0.98,645.0,0.02,0.02,2324.874295,1776244517000
1776248040.882,240.882,0.03,118.78,0.02,645.0,0.04,93.7,0.05,206.8,0.95,331.8,0.94,340.8,0.97,120.3,0.98,645.0,0.01,0.02,2324.874295,1776244517000
1776248041.083,241.083,0.03,113.78,0.02,519.12,0.04,117.13,0.05,206.8,0.96,93.7,0.95,206.8,0.97,118.78,0.98,645.0,0.01,0.01,2324.874295,1776244517000
1776248041.671,241.671,0.03,106.71,0.02,471.0,0.04,147.13,0.05,206.8,0.96,112.13,0.95,206.8,0.97,113.78,0.98,519.12,0.01,0.01,2324.874295,1776244517000
1776248042.432,242.432,0.03,104.06,0.02,525.0,0.04,236.26,0.05,206.8,0.96,152.13,0.95,206.8,0.97,105.71,0.98,471.0,0.01,0.01,2324.874295,1776244517000
1776248042.75,242.75,0.03,104.06,0.02,525.0,0.04,216.26,0.05,206.8,0.96,236.26,0.95,206.8,0.97,104.06,0.98,525.0,0.01,0.01,2324.874295,1776244517000
1776248043.083,243.083,0.03,91.99,0.02,685.48,0.04,127.13,0.05,206.8,0.96,216.26,0.95,206.8,0.97,101.99,0.98,530.0,0.01,0.01,2324.874295,1776244517000
1776248043.502,243.502,0.03,271.99,0.02,525.12,0.04,77.13,0.05,150.8,0.96,127.13,0.95,206.8,0.97,91.99,0.98,685.48,0.01,0.01,2324.874295,1776244517000
1776248043.788,243.788,0.03,276.99,0.02,519.06,0.04,77.13,0.05,150.8,0.96,77.13,0.95,150.8,0.97,271.99,0.98,525.12,0.01,0.01,2324.874295,1776244517000
1776248044.427,244.427,0.03,281.99,0.02,503.0,0.04,138.29,0.05,65.0,0.96,77.13,0.95,150.8,0.97,276.99,0.98,519.06,0.01,0.01,2324.874295,1776244517000
1776248044.854,244.854,0.03,245.8,0.02,563.06,0.04,103.29,0.05,65.0,0.96,138.29,0.95,65.0,0.97,268.24,0.98,503.0,0.01,0.01,2324.874295,1776244517000
1776248045.32,245.32,0.03,244.74,0.02,831.06,0.04,108.29,0.05,65.0,0.96,103.29,0.95,65.0,0.97,245.8,0.98,563.06,0.01,0.01,2324.874295,1776244517000
1776248045.523,245.523,0.03,243.74,0.02,598.06,0.04,25.0,0.05,15.0,0.96,108.29,0.95,65.0,0.97,244.74,0.98,831.06,0.01,0.01,2324.874295,1776244517000
1776248045.929,245.929,0.04,40.0,0.03,243.74,0.05,15.0,0.06,189.0,0.96,25.0,0.95,15.0,0.97,243.74,0.98,598.06,0.01,0.01,2324.874295,1776244517000
1776248046.296,246.296,0.04,50.0,0.03,256.74,0.06,184.83,0.07,65.0,0.95,15.0,0.94,189.0,0.96,40.0,0.97,243.74,0.02,0.01,2324.874295,1776244517000
1776248046.639,246.639,0.05,4.0,0.04,50.0,0.06,40.0,0.07,15.0,0.94,184.83,0.93,65.0,0.96,50.0,0.97,256.74,0.01,0.02,2324.874295,1776244517000
1776248048.162,248.162,0.04,55.0,0.03,408.74,0.05,6.36,0.06,119.49,0.94,25.0,0.93,15.0,0.95,4.0,0.96,50.0,0.01,0.01,2324.874295,1776244517000
1776248050.136,250.136,0.04,57.91,0.03,532.44,0.05,6.36,0.06,169.49,0.95,6.36,0.94,119.49,0.96,55.0,0.97,408.74,0.01,0.01,2324.874295,1776244517000
1776248052.275,252.275,0.05,5.0,0.04,227.91,0.08,84.6,0.09,314.0,0.95,6.36,0.94,169.49,0.96,57.91,0.97,532.44,0.03,0.01,2324.874295,1776244517000
1776248052.79,252.79,0.05,15.0,0.04,227.91,0.06,154.06,0.07,60.0,0.92,84.6,0.91,314.0,0.95,5.0,0.96,227.91,0.01,0.03,2324.874295,1776244517000
1776248053.696,253.696,0.05,5.14,0.04,232.91,0.06,162.25,0.07,79.0,0.94,154.06,0.93,60.0,0.95,15.0,0.96,227.91,0.01,0.01,2324.874295,1776244517000
1776248054.569,254.569,0.05,10.0,0.04,206.84,0.06,150.58,0.07,79.0,0.94,167.25,0.93,29.0,0.96,206.84,0.97,167.44,0.01,0.02,2324.874295,1776244517000
1776248055.685,255.685,0.04,19.65,0.03,347.44,0.06,155.58,0.07,79.0,0.94,150.58,0.93,79.0,0.95,7.57,0.96,206.84,0.02,0.01,2324.874295,1776244517000
1776248056.096,256.096,0.04,11.65,0.03,347.44,0.06,165.58,0.07,79.0,0.94,155.58,0.93,79.0,0.96,19.65,0.97,347.44,0.02,0.02,2324.874295,1776244517000
1776248056.389,256.389,0.04,1.36,0.03,341.11,0.05,10.0,0.06,160.58,0.94,160.58,0.93,79.0,0.97,341.11,0.98,770.69,0.01,0.03,2324.874295,1776244517000
1776248056.682,256.682,0.03,340.14,0.02,756.69,0.05,10.0,0.06,160.58,0.95,10.0,0.94,160.58,0.96,1.36,0.97,341.11,0.02,0.01,2324.874295,1776244517000
1776248056.957,256.957,0.03,342.1,0.02,756.69,0.05,170.48,0.06,23.19,0.95,10.0,0.94,160.58,0.97,340.14,0.98,756.69,0.02,0.02,2324.874295,1776244517000
1776248057.357,257.357,0.03,336.94,0.02,736.63,0.05,183.67,0.06,10.0,0.95,170.48,0.94,23.19,0.97,342.1,0.98,756.69,0.02,0.02,2324.874295,1776244517000
1776248059.079,259.079,0.03,326.94,0.02,582.93,0.04,0.04,0.05,10.0,0.95,188.67,0.94,10.0,0.97,326.94,0.98,751.69,0.01,0.02,2324.874295,1776244517000
1776248059.374,259.374,0.03,328.86,0.02,582.93,0.04,0.04,0.05,10.0,0.96,0.04,0.95,10.0,0.97,326.94,0.98,582.93,0.01,0.01,2324.874295,1776244517000
1776248060.692,260.692,0.03,139.67,0.02,724.0,0.04,198.83,0.05,65.0,0.96,0.04,0.95,10.0,0.97,321.79,0.98,582.93,0.01,0.01,2324.874295,1776244517000
1776248061.167,261.167,0.02,289.43,0.01,7527.46,0.04,243.83,0.05,113.0,0.96,198.83,0.95,65.0,0.97,139.67,0.98,724.0,0.02,0.01,2324.874295,1776244517000
1776248061.402,261.402,0.02,269.43,0.01,2002.8,0.03,95.0,0.04,263.83,0.96,243.83,0.95,113.0,0.98,289.43,0.99,7527.46,0.01,0.02,2324.874295,1776244517000
1776248062.186,262.186,0.02,249.97,0.01,1952.87,0.03,131.37,0.04,242.42,0.97,95.0,0.96,263.83,0.98,260.97,0.99,2002.8,0.01,0.01,2324.874295,1776244517000
1776248062.527,262.527,0.02,189.36,0.01,1940.87,0.03,131.37,0.04,341.12,0.97,131.37,0.96,242.42,0.98,249.97,0.99,1952.87,0.01,0.01,2324.874295,1776244517000
1776248062.86,262.86,0.02,186.31,0.01,1929.87,0.03,386.6,0.04,188.7,0.97,131.37,0.96,341.12,0.98,189.36,0.99,1940.87,0.01,0.01,2324.874295,1776244517000
1776248064.146,264.146,0.02,181.2,0.01,1929.87,0.03,392.6,0.04,188.7,0.97,386.6,0.96,188.7,0.98,186.31,0.99,1929.87,0.01,0.01,2324.874295,1776244517000
1776248064.368,264.368,0.02,139.97,0.01,1929.87,0.03,392.6,0.04,188.7,0.97,387.6,0.96,188.7,0.98,141.0,0.99,1929.87,0.01,0.01,2324.874295,1776244517000
1776248065.317,265.317,0.02,94.97,0.01,1829.87,0.03,377.6,0.04,183.7,0.97,392.6,0.96,188.7,0.98,139.97,0.99,1929.87,0.01,0.01,2324.874295,1776244517000
1776248065.884,265.884,0.02,55.41,0.01,1829.87,0.03,382.6,0.04,183.7,0.97,377.6,0.96,183.7,0.98,74.56,0.99,1829.87,0.01,0.01,2324.874295,1776244517000
1776248066.473,266.473,0.02,28.13,0.01,1799.87,0.03,349.26,0.04,175.7,0.97,382.6,0.96,183.7,0.98,28.13,0.99,1829.87,0.01,0.01,2324.874295,1776244517000
1776248067.015,267.015,0.02,21.13,0.01,1799.87,0.03,359.26,0.04,185.7,0.97,349.26,0.96,175.7,0.98,28.13,0.99,1799.87,0.01,0.01,2324.874295,1776244517000
1776248067.482,267.482,0.01,1780.69,,,0.03,359.26,0.04,175.7,0.97,354.26,0.96,185.7,0.98,1.24,0.99,1799.87,0.02,0.01,2324.874295,1776244517000
1776248068.095,268.095,0.01,1586.69,,,0.02,344.98,0.03,269.04,0.97,359.26,0.96,175.7,0.99,1771.69,,,0.01,0.02,2324.874295,1776244517000
1776248068.32,268.32,0.01,1571.58,,,0.02,328.1,0.03,269.04,0.98,313.1,0.97,269.04,0.99,1581.69,,,0.01,0.01,2324.874295,1776244517000
1776248068.677,268.677,0.01,1543.29,,,0.02,323.1,0.03,269.04,0.98,328.1,0.97,269.04,0.99,1571.58,,,0.01,0.01,2324.874295,1776244517000
1776248069.265,269.265,0.01,1280.25,,,0.02,323.1,0.03,226.01,0.98,323.1,0.97,269.04,0.99,1543.29,,,0.01,0.01,2324.874295,1776244517000
1776248070.154,270.154,0.01,1289.21,,,0.02,313.1,0.03,226.01,0.98,323.1,0.97,226.01,0.99,1283.25,,,0.01,0.01,2324.874295,1776244517000
1776248070.499,270.499,0.01,1268.21,,,0.02,313.1,0.03,221.01,0.98,313.1,0.97,226.01,0.99,1283.21,,,0.01,0.01,2324.874295,1776244517000
1776248071.135,271.135,0.01,1263.21,,,0.02,273.1,0.03,226.01,0.98,313.1,0.97,221.01,0.99,1268.21,,,0.01,0.01,2324.874295,1776244517000
1776248071.383,271.383,0.01,1282.52,,,0.02,273.1,0.03,226.01,0.98,273.1,0.97,226.01,0.99,1263.21,,,0.01,0.01,2324.874295,1776244517000
1776248072.144,272.144,0.01,1277.52,,,0.02,153.7,0.03,226.01,0.98,273.1,0.97,226.01,0.99,1282.52,,,0.01,0.01,2324.874295,1776244517000
1776248072.668,272.668,0.01,1196.65,,,0.02,162.87,0.03,226.01,0.98,162.87,0.97,226.01,0.99,1242.52,,,0.01,0.01,2324.874295,1776244517000
1776248073.188,273.188,0.01,1196.65,,,0.02,112.87,0.03,226.01,0.98,162.87,0.97,226.01,0.99,1196.65,,,0.01,0.01,2324.874295,1776244517000
1776248073.459,273.459,0.01,1184.15,,,0.02,107.97,0.03,154.01,0.98,112.87,0.97,226.01,0.99,1196.65,,,0.01,0.01,2324.874295,1776244517000
1776248073.755,273.755,0.01,1163.72,,,0.02,107.97,0.03,154.01,0.98,107.97,0.97,154.01,0.99,1184.15,,,0.01,0.01,2324.874295,1776244517000
1776248074.46,274.46,0.01,1143.18,,,0.02,107.97,0.03,154.01,0.98,107.97,0.97,154.01,0.99,1160.68,,,0.01,0.01,2324.874295,1776244517000
1776248074.894,274.894,0.01,1134.55,,,0.02,107.97,0.03,154.01,0.98,107.97,0.97,154.01,0.99,1143.18,,,0.01,0.01,2324.874295,1776244517000
1776248075.116,275.116,0.01,1063.84,,,0.02,136.04,0.03,30.31,0.98,219.74,0.97,154.01,0.99,1104.24,,,0.01,0.01,2324.874295,1776244517000
1776248076.012,276.012,0.01,1055.74,,,0.02,136.04,0.03,30.31,0.98,136.04,0.97,30.31,0.99,1060.8,,,0.01,0.01,2324.874295,1776244517000
1776248078.503,278.503,0.01,1055.74,,,0.02,151.05,0.03,30.31,0.98,136.04,0.97,30.31,0.99,1055.74,,,0.01,0.01,2324.874295,1776244517000
1776248079.015,279.015,0.01,1054.72,,,0.02,161.05,0.03,30.31,0.98,151.05,0.97,30.31,0.99,1055.74,,,0.01,0.01,2324.874295,1776244517000
1776248079.363,279.363,0.01,1046.09,,,0.02,166.05,0.03,30.31,0.98,161.05,0.97,30.31,0.99,1054.72,,,0.01,0.01,2324.874295,1776244517000
1776248079.627,279.627,0.01,1045.07,,,0.02,176.05,0.03,30.31,0.98,166.05,0.97,30.31,0.99,1046.09,,,0.01,0.01,2324.874295,1776244517000
1776248079.939,279.939,0.01,518.07,,,0.02,176.05,0.03,30.31,0.98,176.05,0.97,30.31,0.99,520.07,,,0.01,0.01,2324.874295,1776244517000
1776248080.552,280.552,,,,,0.01,476.93,0.02,176.05,0.98,176.05,0.97,30.31,0.99,518.07,,,,0.01,2324.874295,1776244517000
1776248081.773,281.773,,,,,0.01,549.65,0.02,29.18,0.99,476.93,0.98,176.05,,,,,,,2324.874295,1776244517000
1776248082.016,282.016,,,,,0.01,531.1,0.02,29.18,0.99,533.34,0.98,29.18,,,,,,,2324.874295,1776244517000
1776248082.375,282.375,,,,,0.01,487.53,0.02,29.18,0.99,469.5,0.98,29.18,,,,,,,2324.874295,1776244517000
1776248085.442,285.442,,,,,0.01,1589.93,0.02,24.17,0.99,486.01,0.98,29.18,,,,,,,2324.874295,1776244517000
1776248085.946,285.946,,,,,0.01,1659.21,0.02,24.17,0.99,1589.93,0.98,24.17,,,,,,,2324.874295,1776244517000
1776248086.704,286.704,,,,,0.01,1650.25,0.02,24.17,0.99,1659.21,0.98,24.17,,,,,,,2324.874295,1776244517000
1776248097.786,297.786,,,,,0.01,1465.89,0.02,19.17,0.99,1650.25,0.98,24.17,,,,,,,2324.874295,1776244517000
1776248100.418,300.418,,,,,0.01,61747.37,0.02,137.17,0.99,1465.89,0.98,19.17,,,,,,,2324.874295,1776244517000
