timestamp,elapsed_sec,up_bid_p1,up_bid_s1,up_bid_p2,up_bid_s2,up_ask_p1,up_ask_s1,up_ask_p2,up_ask_s2,down_bid_p1,down_bid_s1,down_bid_p2,down_bid_s2,down_ask_p1,down_ask_s1,down_ask_p2,down_ask_s2,up_spread,down_spread,eth_price,eth_oracle_ts
1776311400.804,0.804,0.49,5.0,0.47,5.0,0.6,44.0,0.61,34.0,0.47,5.0,0.46,150.0,0.51,5.0,0.54,158.69,0.11,0.04,2360.343177,1776311399000
1776311401.617,1.617,0.47,5.0,0.46,8.69,0.51,80.0,0.52,5.0,0.4,44.0,0.39,34.0,0.51,5.0,0.53,5.0,0.04,0.11,2360.337568,1776311400000
1776311401.912,1.912,0.46,3.69,0.42,70.0,0.48,80.0,0.49,70.0,0.49,150.0,0.48,75.0,0.54,8.69,0.58,70.0,0.02,0.05,2360.337568,1776311400000
1776311402.67,2.67,0.42,70.0,0.4,70.0,0.44,5.23,0.47,5.0,0.52,80.0,0.51,70.0,0.54,3.69,0.58,70.0,0.02,0.02,2360.309178,1776311401000
1776311403.003,3.003,0.47,3.11,0.42,70.0,0.48,70.0,0.49,70.0,0.56,5.23,0.53,5.0,0.58,70.0,0.6,70.0,0.01,0.02,2360.309178,1776311401000
1776311403.666,3.666,0.42,70.0,0.4,80.0,0.48,85.0,0.49,80.0,0.52,70.0,0.51,70.0,0.53,3.11,0.58,70.0,0.06,0.01,2360.01,1776311402000
1776311404.189,4.189,0.42,71.55,0.41,5.0,0.43,10.0,0.44,15.0,0.52,85.0,0.51,80.0,0.58,70.0,0.6,80.0,0.01,0.06,2359.9848,1776311403000
1776311404.91,4.91,0.42,66.55,0.41,5.0,0.44,13.4,0.45,10.0,0.57,10.0,0.56,15.0,0.58,71.55,0.59,5.0,0.02,0.01,2359.9848,1776311403000
1776311405.352,5.352,0.42,61.55,0.41,5.0,0.43,15.0,0.44,18.4,0.56,13.4,0.55,10.0,0.58,66.55,0.59,5.0,0.01,0.02,2359.9848,1776311403000
1776311406.509,6.509,0.45,21.89,0.44,161.81,0.46,5.0,0.47,5.0,0.57,15.0,0.56,18.4,0.58,61.55,0.59,5.0,0.01,0.01,2359.9848,1776311403000
1776311408.558,8.558,0.45,46.72,0.44,169.81,0.46,31.0,0.49,10.0,0.54,5.0,0.53,5.0,0.55,13.72,0.56,161.81,0.01,0.01,2359.9848,1776311403000
1776311409.163,9.163,0.45,9.22,0.44,146.81,0.46,61.26,0.47,26.0,0.54,8.76,0.51,10.0,0.55,46.72,0.56,169.81,0.01,0.01,2359.9848,1776311403000
1776311409.657,9.657,0.4,28.0,0.39,10.0,0.42,45.5,0.43,25.5,0.55,32.5,0.54,56.26,0.59,72.89,0.6,15.0,0.02,0.04,2359.9848,1776311403000
1776311410.296,10.296,0.38,114.5,0.37,104.5,0.4,20.0,0.41,50.5,0.59,15.5,0.58,45.5,0.6,12.75,0.61,23.0,0.02,0.01,2359.9848,1776311403000
1776311410.86,10.86,0.38,107.27,0.37,90.5,0.4,17.5,0.41,50.5,0.61,15.0,0.6,15.0,0.62,111.27,0.63,104.5,0.02,0.01,2359.9848,1776311403000
1776311411.324,11.324,0.39,8.19,0.38,86.77,0.4,22.5,0.41,62.5,0.6,17.5,0.59,50.5,0.62,107.27,0.63,90.5,0.01,0.02,2359.9848,1776311403000
1776311411.985,11.985,0.39,76.67,0.38,86.77,0.4,48.0,0.41,62.5,0.6,22.5,0.59,62.5,0.61,8.19,0.62,86.77,0.01,0.01,2359.9848,1776311403000
1776311412.267,12.267,0.39,35.67,0.38,86.77,0.4,138.33,0.41,57.5,0.6,138.33,0.59,62.5,0.61,40.67,0.62,86.77,0.01,0.01,2359.9848,1776311403000
1776311413.117,13.117,0.35,10.68,0.34,5.0,0.36,45.5,0.37,23.0,0.6,138.33,0.59,57.5,0.61,35.67,0.62,86.77,0.01,0.01,2359.889123,1776311411000
1776311413.393,13.393,0.35,7.64,0.34,5.0,0.36,50.5,0.37,15.0,0.64,45.5,0.63,23.0,0.65,10.68,0.66,5.0,0.01,0.01,2359.761655,1776311412000
1776311413.66,13.66,0.35,7.64,0.34,5.0,0.36,32.16,0.37,15.0,0.64,45.5,0.63,15.0,0.65,7.64,0.66,5.0,0.01,0.01,2359.761655,1776311412000
1776311414.442,14.442,0.35,7.64,0.34,5.0,0.36,27.16,0.37,15.0,0.64,32.16,0.63,15.0,0.65,7.64,0.66,5.0,0.01,0.01,2359.761655,1776311412000
1776311415.514,15.514,0.35,12.64,0.34,5.0,0.36,7.16,0.37,195.0,0.64,27.16,0.63,15.0,0.65,7.64,0.66,5.0,0.01,0.01,2359.7037,1776311413000
1776311415.811,15.811,0.35,2.64,0.34,5.0,0.36,17.16,0.37,200.0,0.64,17.16,0.63,200.0,0.65,7.64,0.66,10.0,0.01,0.01,2359.597567,1776311414000
1776311417.121,17.121,0.34,6.0,0.33,35.0,0.35,45.5,0.36,17.16,0.64,17.16,0.63,200.0,0.65,2.64,0.66,5.0,0.01,0.01,2359.522007,1776311415000
1776311418.062,18.062,0.33,40.0,0.32,109.5,0.34,11.61,0.35,50.5,0.65,50.5,0.64,17.16,0.66,0.77,0.67,35.0,0.01,0.01,2359.502894,1776311416000
1776311418.296,18.296,0.33,34.0,0.32,109.5,0.34,10.0,0.35,55.5,0.66,11.61,0.65,50.5,0.67,40.0,0.68,109.5,0.01,0.01,2359.502894,1776311416000
1776311419.39,19.39,0.33,28.0,0.32,105.5,0.34,7.05,0.35,55.5,0.66,10.0,0.65,55.5,0.67,34.0,0.68,109.5,0.01,0.01,2359.502229,1776311418000
1776311420.122,20.122,0.33,16.05,0.32,105.5,0.34,7.05,0.35,55.5,0.66,7.05,0.65,55.5,0.67,28.0,0.68,105.5,0.01,0.01,2359.502229,1776311418000
1776311421.21,21.21,0.33,17.48,0.32,105.5,0.34,12.05,0.35,55.5,0.66,7.05,0.65,55.5,0.67,16.05,0.68,105.5,0.01,0.01,2359.556114,1776311419000
1776311423.555,23.555,0.33,17.0,0.32,105.5,0.34,15.34,0.35,55.5,0.66,12.05,0.65,55.5,0.67,17.48,0.68,105.5,0.01,0.01,2359.517455,1776311422000
1776311424.318,24.318,0.33,17.0,0.32,159.0,0.34,14.85,0.35,20.0,0.66,15.34,0.65,55.5,0.67,17.0,0.68,105.5,0.01,0.01,2359.517455,1776311422000
1776311424.53,24.53,0.33,12.0,0.32,159.0,0.34,20.35,0.35,30.5,0.66,14.85,0.65,20.0,0.67,17.0,0.68,159.0,0.01,0.01,2359.517455,1776311422000
1776311424.964,24.964,0.32,128.0,0.31,125.0,0.33,4.69,0.34,25.35,0.67,5.0,0.66,25.35,0.68,145.0,0.69,125.0,0.01,0.01,2359.517455,1776311422000
1776311425.646,25.646,0.32,134.52,0.31,151.5,0.33,4.69,0.34,25.35,0.67,4.69,0.66,25.35,0.68,128.0,0.69,125.0,0.01,0.01,2359.623349,1776311423000
1776311428.547,28.547,0.32,120.52,0.31,135.5,0.33,4.53,0.34,30.35,0.67,4.69,0.66,25.35,0.68,134.52,0.69,151.5,0.01,0.01,2359.507743,1776311427000
1776311430.743,30.743,0.32,130.52,0.31,140.5,0.33,9.84,0.34,35.35,0.67,4.53,0.66,30.35,0.68,120.52,0.69,135.5,0.01,0.01,2359.547274,1776311429000
1776311431.432,31.432,0.32,100.52,0.31,140.5,0.33,9.84,0.34,40.35,0.67,9.84,0.66,35.35,0.68,130.52,0.69,140.5,0.01,0.01,2359.495827,1776311430000
1776311432.905,32.905,0.32,100.52,0.31,140.5,0.33,4.68,0.34,40.35,0.67,9.84,0.66,40.35,0.68,100.52,0.69,140.5,0.01,0.01,2359.497123,1776311431000
1776311435.056,35.056,0.32,90.52,0.31,130.0,0.33,95.34,0.34,45.35,0.67,4.68,0.66,40.35,0.68,100.52,0.69,140.5,0.01,0.01,2359.494911,1776311433000
1776311435.383,35.383,0.32,84.52,0.31,130.0,0.33,95.34,0.34,50.35,0.67,95.34,0.66,45.35,0.68,90.52,0.69,130.0,0.01,0.01,2359.494905,1776311434000
1776311436.037,36.037,0.26,80.76,0.25,70.0,0.27,40.5,0.28,20.5,0.67,95.34,0.66,50.35,0.68,84.52,0.69,130.0,0.01,0.01,2359.492071,1776311435000
1776311436.465,36.465,0.26,24.27,0.25,70.0,0.27,85.5,0.28,25.5,0.73,85.5,0.72,20.5,0.74,79.27,0.75,70.0,0.01,0.01,2359.492071,1776311435000
1776311437.002,37.002,0.24,42.0,0.22,11.0,0.25,293.5,0.26,41.5,0.75,35.0,0.74,25.5,0.76,60.0,0.78,5.0,0.01,0.01,2359.492071,1776311435000
1776311437.492,37.492,0.22,3.71,0.21,112.5,0.23,82.0,0.24,190.0,0.75,293.5,0.74,41.5,0.78,11.0,0.79,106.5,0.01,0.03,2359.550931,1776311436000
1776311438.587,38.587,0.21,120.5,0.2,36.0,0.22,24.39,0.23,55.0,0.78,24.39,0.77,50.0,0.79,112.5,0.8,10.0,0.01,0.01,2359.210492,1776311437000
1776311442.568,42.568,0.21,84.0,0.2,41.5,0.22,81.5,0.23,225.5,0.78,16.43,0.77,55.0,0.79,125.5,0.8,36.0,0.01,0.01,2358.928435,1776311441000
1776311445.823,45.823,0.21,46.58,0.2,10.0,0.22,108.0,0.23,72.5,0.78,81.5,0.77,225.5,0.79,84.0,0.8,41.5,0.01,0.01,2358.929869,1776311444000
1776311446.063,46.063,0.18,4.69,0.17,47.5,0.21,42.0,0.22,268.51,0.78,308.0,0.77,72.5,0.8,10.0,0.82,14.0,0.03,0.02,2358.929869,1776311444000
1776311446.42,46.42,0.18,18.47,0.17,58.0,0.19,70.0,0.2,10.0,0.79,42.0,0.78,268.51,0.82,4.69,0.83,47.5,0.01,0.03,2358.928639,1776311445000
1776311446.874,46.874,0.18,12.37,0.17,58.0,0.19,75.0,0.2,18.0,0.81,70.0,0.8,10.0,0.82,18.47,0.83,58.0,0.01,0.01,2358.928639,1776311445000
1776311447.65,47.65,0.18,66.39,0.17,268.0,0.19,39.9,0.2,23.0,0.81,44.59,0.8,18.0,0.82,27.87,0.83,58.0,0.01,0.01,2358.92628,1776311446000
1776311450.223,50.223,0.18,50.87,0.17,268.0,0.19,17.95,0.2,33.0,0.81,39.9,0.8,23.0,0.82,66.39,0.83,268.0,0.01,0.01,2358.807175,1776311449000
1776311451.508,51.508,0.18,42.5,0.17,268.0,0.19,22.95,0.2,33.0,0.81,17.95,0.8,33.0,0.82,50.87,0.83,268.0,0.01,0.01,2358.796528,1776311450000
1776311458.316,58.316,0.18,32.2,0.17,232.0,0.19,75.67,0.2,58.5,0.81,22.95,0.8,33.0,0.82,42.5,0.83,268.0,0.01,0.01,2358.790804,1776311456000
1776311458.602,58.602,0.17,9.33,0.16,308.05,0.19,77.67,0.2,243.5,0.81,75.67,0.8,58.5,0.82,32.2,0.83,232.0,0.02,0.01,2358.790804,1776311456000
1776311460.09,60.09,0.17,32.0,0.16,125.25,0.18,107.71,0.19,230.67,0.81,77.67,0.8,243.5,0.83,9.33,0.84,308.05,0.01,0.02,2358.78433,1776311458000
1776311460.501,60.501,0.17,7.79,0.16,125.25,0.18,127.71,0.19,235.67,0.82,107.71,0.81,230.67,0.83,32.0,0.84,125.25,0.01,0.01,2358.807653,1776311459000
1776311461.427,61.427,0.16,96.25,0.14,41.0,0.17,365.55,0.18,115.71,0.82,127.71,0.81,235.67,0.83,7.79,0.84,125.25,0.01,0.01,2358.807653,1776311459000
1776311461.662,61.662,0.16,40.3,0.14,41.0,0.17,271.5,0.18,126.23,0.83,294.08,0.82,115.71,0.84,49.83,0.86,41.0,0.01,0.01,2358.753722,1776311460000
1776311461.982,61.982,0.14,33.91,0.12,65.09,0.15,136.97,0.16,30.5,0.83,390.77,0.82,56.02,0.86,41.0,0.88,65.09,0.01,0.03,2358.753722,1776311460000
1776311462.481,62.481,0.14,26.1,0.12,65.09,0.15,229.5,0.16,40.5,0.85,136.97,0.84,30.5,0.86,28.1,0.88,65.09,0.01,0.01,2358.694814,1776311461000
1776311462.952,62.952,0.14,16.1,0.12,65.09,0.15,366.95,0.16,40.5,0.85,229.5,0.84,40.5,0.86,26.1,0.88,65.09,0.01,0.01,2358.694814,1776311461000
1776311463.314,63.314,0.14,14.1,0.12,65.09,0.15,372.95,0.16,45.5,0.85,366.95,0.84,40.5,0.86,16.1,0.88,65.09,0.01,0.01,2358.694814,1776311461000
1776311463.549,63.549,0.14,11.1,0.12,65.09,0.15,446.95,0.16,45.5,0.85,372.95,0.84,45.5,0.86,14.1,0.88,65.09,0.01,0.01,2358.402658,1776311462000
1776311463.779,63.779,0.14,9.34,0.12,65.09,0.15,454.47,0.16,67.5,0.85,446.95,0.84,45.5,0.86,11.1,0.88,65.09,0.01,0.01,2358.402658,1776311462000
1776311464.356,64.356,0.14,3.34,0.12,65.09,0.15,464.47,0.16,62.5,0.85,454.47,0.84,67.5,0.86,9.34,0.88,65.09,0.01,0.01,2358.402658,1776311462000
1776311465.252,65.252,0.12,60.09,0.11,57.0,0.13,354.39,0.14,48.5,0.85,410.47,0.84,62.5,0.88,65.09,0.89,57.0,0.01,0.03,2358.03093,1776311464000
1776311465.553,65.553,0.12,50.09,0.11,57.0,0.13,354.39,0.14,53.5,0.87,354.39,0.86,48.5,0.88,60.09,0.89,57.0,0.01,0.01,2358.03093,1776311464000
1776311466.3,66.3,0.12,44.4,0.1,21.0,0.13,354.39,0.14,53.5,0.87,354.39,0.86,53.5,0.88,50.09,0.89,57.0,0.01,0.01,2358.03093,1776311464000
1776311466.618,66.618,0.12,42.44,0.1,21.0,0.13,359.39,0.14,53.5,0.87,354.39,0.86,53.5,0.88,44.4,0.9,21.0,0.01,0.01,2358.003697,1776311465000
1776311469.322,69.322,0.12,13.21,0.1,28.0,0.13,296.94,0.14,95.07,0.87,359.39,0.86,53.5,0.88,42.44,0.9,21.0,0.01,0.01,2358.042275,1776311467000
1776311470.75,70.75,0.1,35.82,0.09,234.0,0.13,306.94,0.14,77.7,0.87,296.94,0.86,95.07,0.88,13.21,0.9,28.0,0.03,0.01,2358.028704,1776311469000
1776311471.453,71.453,0.1,10.59,0.09,267.0,0.11,45.0,0.12,25.5,0.87,306.94,0.86,77.7,0.9,35.82,0.91,234.0,0.01,0.03,2357.945809,1776311470000
1776311472.095,72.095,0.1,231.09,0.09,74.0,0.12,10.0,0.13,56.44,0.89,45.0,0.88,25.5,0.9,10.59,0.91,267.0,0.02,0.01,2357.945809,1776311470000
1776311472.483,72.483,0.12,50.5,0.11,75.5,0.14,3.99,0.15,25.5,0.87,16.15,0.86,30.0,0.88,10.5,0.89,65.5,0.02,0.01,2357.945809,1776311470000
1776311472.829,72.829,0.12,244.5,0.11,129.5,0.14,0.27,0.15,25.5,0.86,3.99,0.85,25.5,0.88,50.5,0.89,75.5,0.02,0.02,2357.949111,1776311471000
1776311474.022,74.022,0.14,14.73,0.13,16.0,0.15,432.41,0.16,219.23,0.85,25.5,0.84,30.5,0.86,9.73,0.87,11.0,0.01,0.01,2357.929181,1776311472000
1776311477.749,77.749,0.11,180.0,0.1,66.09,0.13,40.67,0.14,25.5,0.85,39.02,0.84,158.73,0.86,9.23,0.87,16.0,0.02,0.01,2358.3385,1776311476000
1776311478.314,78.314,0.11,208.5,0.1,86.09,0.13,25.17,0.14,30.5,0.87,40.67,0.86,25.5,0.89,180.0,0.9,66.09,0.02,0.02,2358.327435,1776311477000
1776311481.047,81.047,0.11,105.87,0.1,86.09,0.13,52.42,0.14,30.5,0.87,25.17,0.86,30.5,0.89,208.5,0.9,86.09,0.02,0.02,2358.247495,1776311479000
1776311484.809,84.809,0.1,12.59,0.08,73.9,0.11,170.5,0.12,137.5,0.87,52.42,0.86,30.5,0.89,105.87,0.9,86.09,0.01,0.02,2358.26933,1776311483000
1776311487.051,87.051,0.08,158.57,0.07,246.3,0.1,145.0,0.11,143.5,0.9,130.0,0.89,143.5,0.91,10.66,0.92,73.9,0.02,0.01,2358.2399,1776311485000
1776311490.134,90.134,0.08,234.28,0.07,218.3,0.09,110.0,0.1,120.0,0.9,145.0,0.89,143.5,0.92,158.57,0.93,246.3,0.01,0.02,2357.972895,1776311488000
1776311491.979,91.979,0.08,241.39,0.07,218.3,0.09,93.88,0.1,120.0,0.91,110.0,0.9,120.0,0.92,234.28,0.93,218.3,0.01,0.01,2358.010159,1776311490000
1776311492.416,92.416,0.09,15.0,0.08,248.39,0.1,13.5,0.11,63.5,0.91,93.88,0.9,120.0,0.92,241.39,0.93,218.3,0.01,0.01,2357.948416,1776311491000
1776311492.832,92.832,0.09,13.9,0.08,248.39,0.1,18.5,0.11,63.5,0.9,13.5,0.89,63.5,0.91,15.0,0.92,248.39,0.01,0.01,2357.948416,1776311491000
1776311493.576,93.576,0.08,28.11,0.07,113.3,0.1,83.82,0.11,243.5,0.9,18.5,0.89,63.5,0.91,13.9,0.92,248.39,0.02,0.01,2358.02056,1776311492000
1776311495.703,95.703,0.08,198.12,0.07,97.3,0.09,106.52,0.1,98.5,0.9,83.82,0.89,243.5,0.92,28.11,0.93,113.3,0.01,0.02,2357.981815,1776311494000
1776311498.537,98.537,0.08,3.12,0.07,250.3,0.09,136.52,0.1,119.83,0.91,106.52,0.9,98.5,0.92,198.12,0.93,97.3,0.01,0.01,2357.89279,1776311497000
1776311499.882,99.882,0.08,219.12,0.07,81.0,0.09,96.52,0.1,96.72,0.91,136.52,0.9,119.83,0.92,3.12,0.93,250.3,0.01,0.01,2357.981094,1776311498000
1776311500.485,100.485,0.09,20.0,0.08,219.12,0.1,50.0,0.11,38.5,0.91,13.52,0.9,96.72,0.92,219.12,0.93,81.0,0.01,0.01,2357.981094,1776311499000
1776311501.124,101.124,0.09,39.0,0.08,306.02,0.1,83.7,0.11,13.0,0.9,50.0,0.89,38.5,0.91,20.0,0.92,219.12,0.01,0.01,2357.981094,1776311499000
1776311501.577,101.577,0.09,237.07,0.08,121.02,0.1,69.7,0.11,10.0,0.9,83.7,0.89,13.0,0.91,8.07,0.92,306.02,0.01,0.01,2357.981094,1776311499000
1776311502.623,102.623,0.09,295.07,0.08,221.02,0.1,134.34,0.12,25.5,0.9,69.7,0.89,10.0,0.91,237.07,0.92,121.02,0.01,0.01,2358.013759,1776311501000
1776311503.856,103.856,0.11,3.73,0.1,207.0,0.12,215.23,0.13,40.67,0.88,15.0,0.87,35.67,0.91,295.07,0.92,221.02,0.01,0.03,2358.136215,1776311502000
1776311505.027,105.027,0.11,20.0,0.1,264.5,0.12,134.73,0.13,35.67,0.88,215.23,0.87,40.67,0.89,3.73,0.9,207.0,0.01,0.01,2358.272245,1776311504000
1776311505.363,105.363,0.11,291.5,0.1,118.5,0.12,19.42,0.13,10.17,0.88,134.73,0.87,35.67,0.89,20.0,0.9,264.5,0.01,0.01,2358.272245,1776311504000
1776311507.937,107.937,0.14,4.26,0.13,36.5,0.15,141.13,0.16,30.5,0.85,10.78,0.84,20.0,0.89,349.29,0.9,118.5,0.01,0.04,2358.361792,1776311506000
1776311508.245,108.245,0.13,25.26,0.12,79.6,0.15,153.13,0.16,35.5,0.85,141.13,0.84,30.5,0.86,4.26,0.87,36.5,0.02,0.01,2358.525985,1776311507000
1776311508.52,108.52,0.13,205.87,0.12,68.6,0.15,141.13,0.16,40.5,0.85,153.13,0.84,35.5,0.87,25.26,0.88,79.6,0.02,0.02,2358.525985,1776311507000
1776311511.285,111.285,0.14,16.5,0.13,243.17,0.15,29.57,0.16,10.0,0.85,141.13,0.84,40.5,0.87,205.87,0.88,68.6,0.01,0.02,2358.607886,1776311509000
1776311512.423,112.423,0.13,23.31,0.12,66.1,0.14,20.0,0.15,45.07,0.85,19.57,0.84,20.0,0.87,210.53,0.88,76.6,0.01,0.02,2358.670417,1776311511000
1776311513.043,113.043,0.13,48.31,0.12,76.6,0.15,39.57,0.16,30.5,0.86,20.0,0.85,45.07,0.87,23.31,0.88,66.1,0.02,0.01,2358.620765,1776311512000
1776311514.041,114.041,0.14,44.9,0.13,218.31,0.15,4.57,0.16,30.5,0.85,39.57,0.84,30.5,0.87,48.31,0.88,76.6,0.01,0.02,2358.620765,1776311512000
1776311515.273,115.273,0.14,316.46,0.13,102.3,0.15,14.99,0.16,5.0,0.85,4.57,0.84,30.5,0.87,218.31,0.88,76.6,0.01,0.02,2358.65484,1776311513000
1776311516.838,116.838,0.17,21.5,0.16,69.73,0.18,30.5,0.19,30.5,0.82,5.0,0.81,5.0,0.84,48.73,0.86,316.46,0.01,0.02,2358.759252,1776311515000
1776311517.507,117.507,0.17,238.5,0.16,79.73,0.18,2.0,0.19,30.5,0.82,30.5,0.81,30.5,0.83,21.5,0.84,69.73,0.01,0.01,2358.820133,1776311516000
1776311518.476,118.476,0.17,227.47,0.16,79.73,0.19,30.5,0.2,55.5,0.82,2.0,0.81,30.5,0.83,238.5,0.84,79.73,0.02,0.01,2358.911581,1776311517000
1776311520.473,120.473,0.12,5.0,0.11,55.0,0.18,158.5,0.19,39.5,0.82,25.5,0.81,30.5,0.83,36.26,0.84,74.73,0.06,0.01,2358.87541,1776311518000
1776311522.167,122.167,0.1,8.88,0.09,38.07,0.11,80.5,0.12,250.5,0.88,10.0,0.87,10.0,0.89,44.83,0.9,55.0,0.01,0.01,2358.938053,1776311521000
1776311523.004,123.004,0.1,8.32,0.09,198.07,0.11,35.0,0.12,40.5,0.89,80.5,0.88,250.5,0.9,8.88,0.91,38.07,0.01,0.01,2358.938053,1776311521000
1776311523.999,123.999,0.1,20.15,0.09,214.07,0.11,15.0,0.12,15.0,0.89,35.0,0.88,40.5,0.9,8.32,0.91,198.07,0.01,0.01,2358.744458,1776311522000
1776311528.273,128.273,0.12,5.0,0.11,258.0,0.14,25.5,0.15,41.38,0.89,15.0,0.88,15.0,0.9,20.15,0.91,214.07,0.02,0.01,2358.587507,1776311527000
1776311528.901,128.901,0.16,8.62,0.14,20.0,0.17,25.5,0.18,15.0,0.86,25.5,0.85,41.38,0.88,5.0,0.89,258.0,0.01,0.02,2358.587507,1776311527000
1776311530.971,130.971,0.18,23.0,0.17,18.0,0.19,56.61,0.2,45.0,0.83,25.5,0.82,15.0,0.84,8.62,0.86,20.0,0.01,0.01,2358.743103,1776311530000
1776311533.282,133.282,0.18,16.78,0.17,23.0,0.19,92.53,0.2,45.0,0.81,56.61,0.8,45.0,0.82,23.0,0.83,18.0,0.01,0.01,2358.87925,1776311532000
1776311535.719,135.719,0.17,8.0,0.16,28.87,0.19,68.53,0.2,364.99,0.81,92.53,0.8,45.0,0.82,16.78,0.83,23.0,0.02,0.01,2358.936196,1776311534000
1776311536.038,136.038,0.14,14.0,0.13,96.3,0.17,32.5,0.18,25.5,0.82,25.5,0.81,356.67,0.83,3.0,0.84,84.87,0.03,0.01,2358.93491,1776311535000
1776311536.566,136.566,0.11,43.0,0.1,295.87,0.13,16.61,0.14,30.5,0.83,32.5,0.82,25.5,0.86,14.0,0.87,96.3,0.02,0.03,2358.93491,1776311535000
1776311536.92,136.92,0.13,21.39,0.12,15.0,0.14,35.5,0.15,25.5,0.87,16.61,0.86,30.5,0.89,28.99,0.9,295.87,0.01,0.02,2358.93491,1776311535000
1776311538.007,138.007,0.17,18.0,0.16,48.0,0.18,10.12,0.19,51.42,0.86,35.5,0.85,25.5,0.87,21.39,0.88,15.0,0.01,0.01,2358.94224,1776311536000
1776311539.887,139.887,0.17,6.66,0.16,28.0,0.18,75.54,0.19,231.42,0.82,10.12,0.81,51.42,0.83,18.0,0.84,48.0,0.01,0.01,2358.802368,1776311538000
1776311541.123,141.123,0.16,0.58,0.15,28.0,0.18,75.54,0.19,236.42,0.82,75.54,0.81,231.42,0.83,6.66,0.84,28.0,0.02,0.01,2358.8807,1776311540000
1776311543.344,143.344,0.18,4.02,0.16,10.0,0.19,220.5,0.2,98.8,0.82,75.54,0.81,236.42,0.85,28.0,0.86,25.0,0.01,0.03,2358.872655,1776311541000
1776311546.79,146.79,0.18,18.43,0.17,15.0,0.19,42.5,0.2,393.42,0.81,220.5,0.8,98.8,0.82,4.02,0.84,10.0,0.01,0.01,2358.912664,1776311545000
1776311549.95,149.95,0.15,31.0,0.14,43.5,0.19,262.72,0.2,187.63,0.81,42.5,0.8,393.42,0.82,18.43,0.83,15.0,0.04,0.01,2359.002729,1776311548000
1776311550.514,150.514,0.15,40.0,0.14,43.5,0.17,25.5,0.18,30.5,0.81,262.72,0.8,187.63,0.85,31.0,0.86,43.5,0.02,0.04,2358.952537,1776311549000
1776311551.545,151.545,0.15,40.0,0.14,43.5,0.16,2.5,0.17,10.0,0.83,25.5,0.82,30.5,0.85,40.0,0.86,43.5,0.01,0.02,2358.962903,1776311550000
1776311555.064,155.064,0.15,29.11,0.14,25.0,0.16,51.42,0.17,25.5,0.84,2.5,0.83,10.0,0.85,40.0,0.86,43.5,0.01,0.01,2358.973869,1776311553000
1776311556.687,156.687,0.14,10.0,0.13,15.0,0.16,61.42,0.17,25.5,0.84,51.42,0.83,25.5,0.85,29.11,0.86,25.0,0.02,0.01,2358.998968,1776311555000
1776311557.167,157.167,0.14,20.5,0.13,25.5,0.15,10.0,0.16,5.0,0.82,192.1,0.81,149.49,0.86,15.0,0.87,15.0,0.01,0.04,2358.998968,1776311555000
1776311559.892,159.892,0.13,23.52,0.12,30.5,0.14,192.0,0.15,101.93,0.85,10.0,0.84,5.0,0.86,20.5,0.87,25.5,0.01,0.01,2358.928849,1776311558000
1776311562.596,162.596,0.07,0.65,0.06,78.8,0.1,74.5,0.11,229.64,0.86,192.0,0.85,101.93,0.87,22.34,0.88,30.5,0.03,0.01,2358.967612,1776311561000
1776311563.226,163.226,0.08,47.0,0.07,19.0,0.09,10.0,0.1,215.0,0.91,10.0,0.9,289.5,0.94,67.45,0.95,111.73,0.01,0.03,2358.967612,1776311561000
1776311564.021,164.021,0.14,5.0,0.13,15.0,0.15,124.25,0.16,15.0,0.91,10.0,0.9,215.0,0.92,47.0,0.93,19.0,0.01,0.01,2358.93731,1776311563000
1776311564.233,164.233,0.14,5.0,0.13,15.5,0.15,124.15,0.16,15.0,0.85,124.25,0.84,15.0,0.86,5.0,0.87,15.0,0.01,0.01,2358.93731,1776311563000
1776311564.569,164.569,0.14,5.0,0.13,15.5,0.15,10.81,0.16,25.5,0.85,124.15,0.84,15.0,0.86,5.0,0.87,15.5,0.01,0.01,2358.93731,1776311563000
1776311565.112,165.112,0.14,10.0,0.13,15.5,0.15,12.81,0.16,25.5,0.85,10.81,0.84,25.5,0.86,5.0,0.87,15.5,0.01,0.01,2358.572557,1776311564000
1776311574.983,174.983,0.1,5.0,0.09,5.0,0.12,58.65,0.13,45.5,0.85,12.81,0.84,25.5,0.86,10.0,0.87,15.5,0.02,0.01,2358.882852,1776311573000
1776311576.169,176.169,0.09,0.6,0.08,60.9,0.1,70.0,0.11,240.0,0.88,58.65,0.87,45.5,0.9,5.0,0.91,5.0,0.01,0.02,2358.883858,1776311575000
1776311577.316,177.316,0.06,95.31,0.05,276.73,0.08,80.5,0.09,30.5,0.9,70.0,0.89,240.0,0.91,0.6,0.92,60.9,0.02,0.01,2358.883858,1776311575000
1776311577.888,177.888,0.06,88.99,0.05,258.73,0.07,25.0,0.08,70.5,0.92,80.5,0.91,30.5,0.94,95.31,0.95,276.73,0.01,0.02,2358.800974,1776311576000
1776311579.588,179.588,0.05,225.22,0.04,545.8,0.07,60.0,0.08,245.5,0.93,25.0,0.92,70.5,0.94,88.99,0.95,258.73,0.02,0.01,2358.677811,1776311578000
1776311580.216,180.216,0.05,8.42,0.04,41.0,0.06,69.5,0.07,252.5,0.93,60.0,0.92,245.5,0.95,225.22,0.96,545.8,0.01,0.02,2358.414932,1776311579000
1776311580.673,180.673,0.04,143.9,0.03,539.7,0.05,5.0,0.06,30.5,0.94,50.5,0.93,357.64,0.96,141.0,0.97,539.7,0.01,0.02,2358.414932,1776311579000
1776311580.938,180.938,0.04,138.69,0.03,1038.7,0.05,5.0,0.06,30.5,0.95,5.0,0.94,30.5,0.96,143.9,0.97,539.7,0.01,0.01,2358.414932,1776311579000
1776311582.238,182.238,0.04,32.64,0.03,606.7,0.05,3.69,0.06,42.5,0.95,5.0,0.94,30.5,0.96,137.64,0.97,802.7,0.01,0.01,2358.386284,1776311580000
1776311583.29,183.29,0.04,31.64,0.03,342.0,0.05,264.79,0.06,87.5,0.95,3.69,0.94,42.5,0.96,32.64,0.97,606.7,0.01,0.01,2358.14368,1776311582000
1776311585.303,185.303,0.04,27.47,0.03,316.0,0.05,225.79,0.06,173.3,0.95,264.79,0.94,87.5,0.96,31.64,0.97,342.0,0.01,0.01,2358.091549,1776311583000
1776311586.232,186.232,0.04,22.31,0.03,316.0,0.05,220.79,0.06,319.29,0.95,225.79,0.94,173.3,0.96,27.47,0.97,316.0,0.01,0.01,2357.983187,1776311585000
1776311586.629,186.629,0.04,21.26,0.03,322.0,0.05,227.79,0.06,319.29,0.95,220.79,0.94,319.29,0.96,22.31,0.97,316.0,0.01,0.01,2357.983187,1776311585000
1776311586.888,186.888,0.04,1.26,0.03,322.0,0.05,227.79,0.06,319.29,0.95,227.79,0.94,319.29,0.96,21.26,0.97,322.0,0.01,0.01,2358.041684,1776311586000
1776311587.623,187.623,0.03,318.14,0.02,1665.7,0.05,254.79,0.06,297.29,0.95,227.79,0.94,319.29,0.96,1.26,0.97,322.0,0.02,0.01,2358.041684,1776311586000
1776311587.974,187.974,0.03,318.14,0.02,1665.7,0.05,323.59,0.06,297.29,0.95,254.79,0.94,297.29,0.97,318.14,0.98,1665.7,0.02,0.02,2357.9589,1776311587000
1776311589.75,189.75,0.03,318.14,0.02,1665.7,0.05,325.59,0.06,297.29,0.95,323.59,0.94,297.29,0.97,318.14,0.98,1665.7,0.02,0.02,2357.969821,1776311588000
1776311594.79,194.79,0.03,316.98,0.02,1665.7,0.04,5.0,0.05,303.49,0.95,325.59,0.94,297.29,0.97,318.14,0.98,1665.7,0.01,0.02,2358.034708,1776311593000
1776311596.206,196.206,0.03,234.46,0.02,1665.7,0.04,10.0,0.05,308.99,0.96,5.0,0.95,303.49,0.97,316.98,0.98,1665.7,0.01,0.01,2357.9763,1776311594000
1776311596.645,196.645,0.03,219.46,0.02,1443.7,0.04,17.0,0.05,113.49,0.96,10.0,0.95,308.99,0.97,234.46,0.98,1665.7,0.01,0.01,2357.973805,1776311595000
1776311600.164,200.164,0.03,214.3,0.02,1409.0,0.04,217.28,0.05,410.74,0.96,17.0,0.95,113.49,0.97,219.46,0.98,1443.7,0.01,0.01,2357.884898,1776311598000
1776311600.709,200.709,0.03,194.3,0.02,1390.0,0.04,196.28,0.05,421.24,0.96,217.28,0.95,410.74,0.97,214.3,0.98,1409.0,0.01,0.01,2357.867131,1776311599000
1776311601.776,201.776,0.03,424.96,0.02,659.7,0.04,20.0,0.05,15.26,0.96,196.28,0.95,421.24,0.97,194.3,0.98,1390.0,0.01,0.01,2357.860682,1776311600000
1776311603.189,203.189,0.04,6.9,0.03,204.96,0.05,5.26,0.06,10.0,0.96,20.0,0.95,15.26,0.97,424.96,0.98,659.7,0.01,0.01,2357.861096,1776311601000
1776311611.274,211.274,0.04,27.62,0.03,439.66,0.05,37.1,0.06,278.5,0.95,5.26,0.94,10.0,0.96,6.9,0.97,204.96,0.01,0.01,2358.283826,1776311610000
1776311612.748,212.748,0.04,25.55,0.03,504.02,0.05,37.75,0.06,93.0,0.95,42.1,0.94,278.5,0.96,30.55,0.97,439.66,0.01,0.01,2358.303756,1776311611000
1776311617.2,217.2,0.04,195.33,0.03,264.02,0.05,30.51,0.06,220.6,0.95,47.75,0.94,93.0,0.96,21.38,0.97,504.02,0.01,0.01,2358.328055,1776311615000
1776311621.639,221.639,0.04,315.33,0.03,418.02,0.05,10.51,0.06,137.6,0.95,30.51,0.94,220.6,0.96,195.33,0.97,264.02,0.01,0.01,2358.37469,1776311620000
1776311622.176,222.176,0.05,103.94,0.04,429.13,0.06,142.6,0.07,74.99,0.94,137.6,0.93,15.0,0.96,315.33,0.97,424.02,0.01,0.02,2358.37469,1776311620000
1776311635.812,235.812,0.04,31.33,0.03,398.02,0.05,21.0,0.06,378.1,0.94,142.6,0.93,74.99,0.95,103.94,0.96,429.13,0.01,0.01,2358.688942,1776311634000
1776311639.156,239.156,0.04,5.0,0.03,89.32,0.05,442.49,0.06,320.75,0.95,21.0,0.94,378.1,0.96,31.33,0.97,398.02,0.01,0.01,2358.689231,1776311638000
1776311640.946,240.946,0.03,74.26,0.02,276.0,0.05,502.73,0.06,300.25,0.95,442.49,0.94,320.75,0.96,5.0,0.97,89.32,0.02,0.01,2358.547697,1776311639000
1776311641.487,241.487,0.03,77.19,0.02,276.0,0.04,123.7,0.05,477.73,0.95,502.73,0.94,300.25,0.97,74.26,0.98,276.0,0.01,0.02,2358.515196,1776311640000
1776311641.701,241.701,0.03,77.19,0.02,276.0,0.04,123.86,0.05,472.73,0.96,123.7,0.95,477.73,0.97,77.19,0.98,276.0,0.01,0.01,2358.515196,1776311640000
1776311642.184,242.184,0.03,77.19,0.02,276.0,0.04,114.02,0.05,472.73,0.96,123.86,0.95,472.73,0.97,77.19,0.98,276.0,0.01,0.01,2358.515196,1776311640000
1776311642.56,242.56,0.03,76.15,0.02,276.0,0.04,119.02,0.05,472.73,0.96,114.02,0.95,472.73,0.97,77.19,0.98,276.0,0.01,0.01,2358.376518,1776311641000
1776311643.552,243.552,0.03,51.15,0.02,276.0,0.04,304.02,0.05,292.73,0.96,119.02,0.95,472.73,0.97,76.15,0.98,276.0,0.01,0.01,2358.390298,1776311642000
1776311645.491,245.491,0.03,43.15,0.02,276.0,0.04,299.02,0.05,271.99,0.96,304.02,0.95,292.73,0.97,51.15,0.98,276.0,0.01,0.01,2358.359856,1776311644000
1776311647.011,247.011,0.03,58.15,0.02,310.0,0.04,67.4,0.05,109.74,0.96,299.02,0.95,271.99,0.97,43.15,0.98,276.0,0.01,0.01,2358.364952,1776311645000
1776311650.657,250.657,0.03,243.15,0.02,276.0,0.04,110.05,0.05,10.92,0.95,105.66,0.94,420.54,0.97,53.15,0.98,310.0,0.01,0.02,2358.496645,1776311649000
1776311655.5,255.5,0.03,33.15,0.02,276.0,0.04,370.18,0.05,268.71,0.96,110.05,0.95,10.92,0.97,238.15,0.98,276.0,0.01,0.01,2358.56917,1776311654000
1776311656.561,256.561,0.03,32.11,0.02,271.0,0.04,459.17,0.05,148.57,0.96,370.18,0.95,268.71,0.97,33.15,0.98,276.0,0.01,0.01,2358.536285,1776311655000
1776311657.686,257.686,0.03,28.04,0.02,271.0,0.04,452.17,0.05,148.57,0.96,540.17,0.95,148.57,0.97,29.08,0.98,271.0,0.01,0.01,2358.536285,1776311656000
1776311658.379,258.379,0.03,7.67,0.02,276.0,0.04,285.17,0.05,148.57,0.96,465.17,0.95,148.57,0.97,7.83,0.98,276.0,0.01,0.01,2358.576076,1776311657000
1776311658.956,258.956,0.02,253.67,0.01,1957.84,0.04,535.32,0.05,86.72,0.96,285.17,0.95,148.57,0.97,7.67,0.98,276.0,0.02,0.01,2358.576076,1776311657000
1776311659.449,259.449,0.02,188.42,0.01,1957.84,0.03,354.7,0.04,202.7,0.97,386.17,0.96,220.18,0.98,195.5,0.99,1957.84,0.01,0.01,2358.508477,1776311658000
1776311659.989,259.989,0.02,185.38,0.01,1957.84,0.03,370.18,0.04,202.7,0.97,360.18,0.96,202.7,0.98,188.42,0.99,1957.84,0.01,0.01,2358.508477,1776311659000
1776311660.338,260.338,0.02,172.41,0.01,1957.84,0.03,365.18,0.04,113.7,0.97,403.18,0.96,212.7,0.98,177.47,0.99,1957.84,0.01,0.01,2358.508477,1776311659000
1776311661.013,261.013,0.02,157.0,0.01,1957.84,0.03,414.03,0.04,111.69,0.97,365.18,0.96,113.7,0.98,172.41,0.99,1957.84,0.01,0.01,2358.508477,1776311659000
1776311661.247,261.247,0.01,1957.84,,,0.02,10.92,0.03,378.03,0.97,414.03,0.96,111.69,0.98,157.0,0.99,1957.84,0.01,0.01,2358.45,1776311660000
1776311663.324,263.324,0.01,1937.84,,,0.02,43.59,0.03,337.7,0.98,10.92,0.97,378.03,0.99,1957.84,,,0.01,0.01,2358.425412,1776311662000
1776311664.477,264.477,0.01,1791.82,,,0.02,43.59,0.03,348.7,0.98,43.59,0.97,337.7,0.99,1937.84,,,0.01,0.01,2358.425412,1776311662000
1776311665.151,265.151,0.01,1786.76,,,0.02,43.59,0.03,348.7,0.98,43.59,0.97,348.7,0.99,1791.82,,,0.01,0.01,2358.425412,1776311662000
1776311665.571,265.571,0.01,1766.56,,,0.02,43.59,0.03,348.7,0.98,43.59,0.97,348.7,0.99,1786.76,,,0.01,0.01,2358.45542,1776311663000
1776311666.773,266.773,0.01,1841.56,,,0.02,42.35,0.03,45.0,0.98,42.35,0.97,348.7,0.99,1761.56,,,0.01,0.01,2358.511613,1776311664000
1776311667.156,267.156,0.01,1064.56,,,0.02,42.35,0.03,324.69,0.98,42.35,0.97,171.99,0.99,1176.56,,,0.01,0.01,2358.518733,1776311665000
1776311670.262,270.262,0.01,1072.56,,,0.02,22.35,0.03,309.69,0.98,42.35,0.97,324.69,0.99,1067.56,,,0.01,0.01,2358.612099,1776311668000
1776311670.532,270.532,0.01,942.45,,,0.02,27.35,0.03,325.69,0.98,22.35,0.97,314.69,0.99,1062.45,,,0.01,0.01,2358.557704,1776311669000
1776311671.693,271.693,0.01,936.43,,,0.02,27.35,0.03,338.69,0.98,27.35,0.97,325.69,0.99,942.45,,,0.01,0.01,2358.569452,1776311670000
1776311672.038,272.038,0.01,934.43,,,0.02,27.35,0.03,338.69,0.98,27.35,0.97,338.69,0.99,936.43,,,0.01,0.01,2358.569452,1776311670000
1776311673.412,273.412,0.01,720.64,,,0.02,216.05,0.03,338.69,0.98,27.35,0.97,338.69,0.99,934.43,,,0.01,0.01,2358.606569,1776311671000
1776311675.067,275.067,0.01,825.64,,,0.02,7.35,0.03,38.0,0.98,216.05,0.97,338.69,0.99,720.64,,,0.01,0.01,2358.636262,1776311673000
1776311675.379,275.379,0.03,53.0,0.02,15.0,0.04,6.58,0.05,35.92,0.96,146.72,0.95,35.92,0.98,15.0,0.99,1279.24,0.01,0.02,2358.651848,1776311674000
1776311676.023,276.023,0.04,30.0,0.03,92.0,0.05,7.0,0.06,177.14,0.95,70.5,0.94,15.0,0.97,53.0,0.98,15.0,0.01,0.02,2358.651848,1776311674000
1776311676.269,276.269,0.04,70.0,0.03,88.0,0.07,123.27,0.08,49.0,0.95,7.0,0.94,177.14,0.96,30.0,0.97,92.0,0.03,0.01,2358.651848,1776311674000
1776311676.882,276.882,0.05,10.0,0.04,20.0,0.08,40.97,0.09,40.0,0.93,9.9,0.9,10.0,0.94,30.0,0.96,50.0,0.03,0.01,2358.676077,1776311675000
1776311677.554,277.554,0.05,15.0,0.04,45.0,0.06,180.47,0.07,41.85,0.92,40.97,0.91,40.0,0.95,10.0,0.96,20.0,0.01,0.03,2358.912208,1776311676000
1776311677.786,277.786,0.05,4.38,0.04,20.0,0.06,150.47,0.07,41.85,0.94,150.47,0.93,41.85,0.95,15.0,0.96,45.0,0.01,0.01,2358.912208,1776311676000
1776311678.291,278.291,0.07,75.68,0.05,14.38,0.08,53.09,0.09,15.0,0.94,150.47,0.93,41.85,0.95,4.38,0.96,20.0,0.01,0.01,2358.912208,1776311676000
1776311678.615,278.615,0.07,0.68,0.06,5.0,0.08,73.95,0.09,41.0,0.92,53.09,0.91,15.0,0.93,75.68,0.95,14.38,0.01,0.01,2358.912208,1776311676000
1776311679.588,279.588,0.04,19.76,0.03,53.0,0.08,258.97,0.09,41.0,0.92,73.95,0.91,41.0,0.93,0.68,0.94,5.0,0.04,0.01,2359.312371,1776311677000
1776311679.837,279.837,0.04,8.76,0.03,53.0,0.05,5.0,0.07,49.85,0.92,258.97,0.91,41.0,0.96,19.76,0.97,53.0,0.01,0.04,2359.352066,1776311678000
1776311680.337,280.337,0.05,35.0,0.04,10.0,0.07,10.0,0.08,40.51,0.95,5.0,0.93,49.85,0.97,40.57,0.98,26.0,0.02,0.02,2359.357387,1776311679000
1776311680.576,280.576,0.06,99.0,0.05,10.0,0.09,45.51,0.1,34.0,0.92,1.76,0.91,58.0,0.94,77.0,0.95,15.0,0.03,0.02,2359.357387,1776311679000
1776311680.821,280.821,0.07,15.0,0.06,99.0,0.09,34.39,0.1,34.0,0.91,45.51,0.9,34.0,0.94,99.0,0.95,10.0,0.02,0.03,2359.357387,1776311679000
1776311681.746,281.746,0.06,75.56,0.05,10.0,0.08,16.85,0.09,37.0,0.91,34.39,0.9,34.0,0.93,15.0,0.94,99.0,0.02,0.02,2359.357387,1776311679000
1776311682.067,282.067,0.07,15.0,0.06,32.0,0.09,32.42,0.1,10.0,0.92,9.85,0.91,37.0,0.93,10.0,0.94,32.0,0.02,0.01,2359.40997,1776311680000
1776311682.388,282.388,0.06,31.87,0.05,10.0,0.08,162.35,0.09,10.0,0.91,10.19,0.9,10.0,0.93,15.0,0.94,32.0,0.02,0.02,2359.40997,1776311680000
1776311683.131,283.131,0.06,48.87,0.05,15.0,0.09,3.0,0.1,19.85,0.92,162.35,0.91,10.0,0.94,31.87,0.95,10.0,0.03,0.02,2359.545127,1776311681000
1776311683.365,283.365,0.09,5.0,0.08,10.0,0.1,16.85,0.11,81.99,0.9,19.85,0.89,81.99,0.91,52.55,0.92,10.0,0.01,0.01,2359.545127,1776311681000
1776311683.71,283.71,0.06,21.87,0.05,15.0,0.1,16.85,0.11,71.99,0.9,16.85,0.89,81.99,0.91,5.0,0.92,10.0,0.04,0.01,2359.545127,1776311682000
1776311683.932,283.932,0.09,10.0,0.08,10.0,0.13,10.0,0.14,46.0,0.89,10.0,0.88,10.0,0.9,9.88,0.91,10.0,0.04,0.01,2359.545127,1776311682000
1776311684.204,284.204,0.12,13.86,0.11,40.0,0.13,142.41,0.14,10.0,0.84,10.0,0.83,10.0,0.9,10.0,0.91,15.0,0.01,0.06,2359.545127,1776311682000
1776311684.48,284.48,0.12,8.86,0.11,40.0,0.13,57.41,0.14,10.0,0.87,142.41,0.86,10.0,0.88,13.86,0.89,40.0,0.01,0.01,2359.5402,1776311683000
1776311684.995,284.995,0.12,0.6,0.11,50.0,0.13,95.26,0.14,20.84,0.87,57.41,0.86,20.84,0.88,6.74,0.89,50.0,0.01,0.01,2359.5402,1776311683000
1776311685.723,285.723,0.1,4.4,0.09,10.0,0.12,148.37,0.13,10.0,0.87,95.26,0.86,20.84,0.89,26.91,0.9,10.0,0.02,0.02,2359.59524,1776311684000
1776311686.21,286.21,0.1,4.4,0.09,10.0,0.12,152.8,0.13,27.85,0.88,148.37,0.87,10.0,0.9,4.4,0.91,10.0,0.02,0.02,2359.709457,1776311685000
1776311687.4,287.4,0.09,1.61,0.08,60.0,0.12,182.22,0.13,27.85,0.88,152.8,0.87,27.85,0.9,4.4,0.91,10.0,0.03,0.02,2359.709457,1776311685000
1776311688.307,288.307,0.19,127.0,0.18,193.0,0.2,15.05,0.23,20.0,0.88,182.22,0.87,27.85,0.91,1.61,0.92,60.0,0.01,0.03,2359.822074,1776311687000
1776311688.607,288.607,0.8,101.65,0.79,10.0,0.81,41.16,0.86,50.0,0.19,30.0,0.14,50.0,0.2,18.45,0.21,20.0,0.01,0.01,2359.822074,1776311687000
1776311688.849,288.849,0.84,5.0,0.83,10.0,0.91,26.15,0.95,15.0,0.09,45.15,0.05,15.0,0.16,5.0,0.17,10.0,0.07,0.07,2359.822074,1776311687000
1776311689.049,289.049,0.89,9.88,0.88,25.0,0.91,23.05,0.95,15.0,0.09,23.05,0.05,15.0,0.11,9.88,0.12,25.0,0.02,0.02,2359.822074,1776311687000
1776311689.285,289.285,0.81,13.83,0.8,19.45,0.95,5.57,0.96,25.0,0.05,5.57,0.04,25.0,0.11,9.88,0.12,30.68,0.14,0.06,2359.819105,1776311688000
1776311689.585,289.585,0.87,10.0,0.86,10.0,0.88,13.86,0.89,13.66,0.11,3.66,0.08,30.0,0.18,7.06,0.19,13.83,0.01,0.07,2359.819105,1776311688000
1776311689.805,289.805,0.87,22.2,0.86,10.0,0.89,11.14,0.9,10.0,0.11,11.14,0.1,10.0,0.13,42.2,0.14,10.0,0.02,0.02,2359.819105,1776311688000
1776311690.082,290.082,0.85,57.2,0.84,10.0,0.86,2.39,0.88,10.0,0.14,12.39,0.12,10.0,0.15,57.2,0.16,10.0,0.01,0.01,2359.819105,1776311688000
1776311690.317,290.317,0.83,4.7,0.82,2.22,0.86,51.28,0.88,10.0,0.14,51.28,0.13,10.0,0.18,2.22,0.19,10.0,0.03,0.04,2360.277581,1776311689000
1776311690.537,290.537,0.85,10.0,0.84,10.0,0.86,8.54,0.89,1.14,0.14,14.36,0.11,1.14,0.15,10.0,0.16,10.0,0.01,0.01,2360.277581,1776311689000
1776311690.788,290.788,0.85,86.59,0.84,10.0,0.86,0.1,0.89,11.14,0.14,4.28,0.11,1.14,0.15,86.59,0.16,91.99,0.01,0.01,2360.277581,1776311689000
1776311691.077,291.077,0.88,10.0,0.87,2.3,0.89,12.97,0.9,5.13,0.1,5.13,0.09,60.0,0.13,2.3,0.14,10.0,0.01,0.03,2360.277581,1776311689000
1776311691.426,291.426,0.88,10.0,0.87,10.0,0.89,15.0,0.9,5.13,0.11,10.0,0.1,5.13,0.16,10.0,0.17,4.7,0.01,0.05,2360.277581,1776311689000
1776311691.804,291.804,0.88,10.0,0.87,10.0,0.9,3.11,0.91,60.0,0.1,5.13,0.09,60.0,0.14,7.46,0.15,10.0,0.02,0.04,2361.0312,1776311690000
1776311692.112,292.112,0.92,11.0,0.91,10.0,0.94,10.0,0.95,10.0,0.1,3.11,0.09,60.0,0.14,7.46,0.15,10.0,0.02,0.04,2360.970773,1776311691000
1776311692.915,292.915,0.88,6.79,0.86,7.46,0.9,10.0,0.91,10.0,0.08,9.9,0.05,9.18,0.09,21.0,0.1,10.0,0.02,0.01,2360.970773,1776311691000
1776311693.293,293.293,0.79,4.26,0.68,30.0,0.8,10.0,0.81,60.0,0.19,50.0,0.17,10.0,0.2,90.69,0.21,16.0,0.01,0.01,2360.867469,1776311692000
1776311693.537,293.537,0.59,26.66,0.57,9.0,0.61,10.0,0.62,10.0,0.36,10.0,0.35,10.0,0.38,8.0,0.4,16.66,0.02,0.02,2360.867469,1776311692000
1776311693.774,293.774,0.47,9.0,0.42,30.0,0.49,9.99,0.5,10.0,0.52,5.0,0.51,10.0,0.53,9.0,0.58,30.0,0.02,0.01,2360.867469,1776311692000
1776311694.026,294.026,0.42,33.88,0.41,50.0,0.45,6.76,0.46,10.0,0.57,0.34,0.56,10.0,0.58,28.88,0.59,50.0,0.03,0.01,2360.867469,1776311692000
1776311694.313,294.313,0.46,11.29,0.45,10.0,0.47,10.0,0.48,10.0,0.49,10.0,0.48,10.0,0.57,5.74,0.58,38.88,0.01,0.08,2360.905613,1776311693000
1776311694.529,294.529,0.47,5.0,0.46,11.29,0.48,9.0,0.49,10.0,0.53,10.0,0.52,10.0,0.54,11.29,0.55,10.0,0.01,0.01,2360.905613,1776311693000
1776311694.786,294.786,0.49,10.0,0.48,10.0,0.52,10.0,0.53,10.0,0.5,10.0,0.49,10.0,0.53,5.0,0.54,11.29,0.03,0.03,2360.905613,1776311693000
1776311695.274,295.274,0.52,10.0,0.51,10.0,0.54,9.99,0.55,10.0,0.48,8.82,0.47,10.0,0.49,10.0,0.5,10.0,0.02,0.01,2360.905613,1776311693000
1776311695.793,295.793,0.85,10.0,0.84,10.0,0.86,30.0,0.91,50.0,0.46,9.99,0.45,10.0,0.48,10.0,0.49,10.0,0.01,0.02,2360.654367,1776311694000
1776311696.257,296.257,0.9,15.0,0.89,10.0,0.91,48.75,0.93,30.0,0.14,31.54,0.09,50.0,0.15,10.0,0.16,10.0,0.01,0.01,2360.654367,1776311694000
1776311696.458,296.458,0.9,15.0,0.89,10.0,0.91,47.55,0.93,30.0,0.09,48.75,0.07,30.0,0.1,15.0,0.11,10.0,0.01,0.01,2360.473741,1776311695000
1776311696.776,296.776,0.92,15.0,0.91,10.0,0.93,5.01,0.96,75.0,0.07,8.21,0.04,75.0,0.08,10.0,0.09,10.0,0.01,0.01,2360.473741,1776311695000
1776311697.313,297.313,0.95,15.0,0.94,10.0,0.96,5.0,0.97,123.08,0.09,25.0,0.07,5.01,0.1,10.0,0.11,15.0,0.01,0.01,2360.492173,1776311696000
1776311697.569,297.569,0.96,15.0,0.95,10.0,0.97,38.13,0.98,129.0,0.03,40.18,0.02,129.0,0.07,10.24,0.08,10.0,0.01,0.04,2360.492173,1776311696000
1776311697.8,297.8,0.97,25.15,0.96,15.0,0.98,116.93,0.99,2039.0,0.02,122.03,0.01,1539.0,0.03,15.0,0.04,20.0,0.01,0.01,2360.492173,1776311696000
1776311698.063,298.063,0.97,15.0,0.96,10.0,0.98,30.02,0.99,2034.0,0.02,40.02,0.01,2039.0,0.03,15.0,0.04,15.0,0.01,0.01,2360.492173,1776311696000
1776311698.309,298.309,0.98,255.54,0.97,15.0,0.99,1470.26,,,0.01,1977.13,,,0.02,190.35,0.03,15.0,0.01,0.01,2360.492173,1776311696000
1776311698.792,298.792,0.99,5127.52,0.98,255.54,,,,,,,,,0.02,255.54,0.03,15.0,,,2360.596805,1776311697000
1776311699.532,299.532,0.99,7462.72,0.98,270.54,,,,,,,,,0.01,5127.52,0.02,255.54,,,2360.696469,1776311698000

# RESULT,winner=Up,slug=eth-updown-5m-1776311400,ticks=262
