timestamp,elapsed_sec,up_bid_p1,up_bid_s1,up_bid_p2,up_bid_s2,up_ask_p1,up_ask_s1,up_ask_p2,up_ask_s2,down_bid_p1,down_bid_s1,down_bid_p2,down_bid_s2,down_ask_p1,down_ask_s1,down_ask_p2,down_ask_s2,up_spread,down_spread,eth_price,eth_oracle_ts
1776196501.395,1.395,,,,,,,,,,,,,,,,,,,2313.142803,1776196500000
1776196501.674,1.674,0.59,10.0,0.57,70.0,0.62,10.0,0.63,12.0,0.4,10.0,0.38,10.0,0.43,60.0,0.44,70.0,0.03,0.03,2313.142803,1776196500000
1776196502.058,2.058,0.59,10.0,0.57,70.0,0.62,10.0,0.63,12.0,0.4,10.0,0.38,10.0,0.43,60.0,0.44,70.0,0.03,0.03,2313.136428,1776196501000
1776196502.263,2.263,0.59,10.0,0.57,70.0,0.62,10.0,0.63,12.0,0.4,10.0,0.39,12.0,0.43,65.0,0.48,70.0,0.03,0.03,2313.136428,1776196501000
1776196502.78,2.78,0.57,56.72,0.52,70.0,0.6,25.0,0.61,12.0,0.4,10.0,0.39,12.0,0.43,65.0,0.48,70.0,0.03,0.03,2313.136428,1776196501000
1776196503.199,3.199,0.55,6.0,0.54,5.0,0.6,20.0,0.61,82.0,0.4,25.0,0.39,12.0,0.43,56.72,0.48,70.0,0.05,0.03,2313.136428,1776196501000
1776196503.412,3.412,0.56,10.0,0.55,16.0,0.6,11.7,0.61,82.0,0.4,20.0,0.39,82.0,0.45,6.0,0.46,5.0,0.04,0.05,2314.308047,1776196502000
1776196503.981,3.981,0.56,10.0,0.55,16.0,0.6,11.7,0.61,82.0,0.4,11.7,0.39,82.0,0.44,10.0,0.45,16.0,0.04,0.04,2314.2954,1776196503000
1776196504.489,4.489,0.56,10.0,0.55,16.0,0.62,50.22,0.63,170.0,0.4,11.7,0.39,82.0,0.44,10.0,0.45,16.0,0.06,0.04,2314.2954,1776196503000
1776196504.718,4.718,0.55,87.55,0.54,28.0,0.56,35.12,0.57,97.0,0.44,35.12,0.43,97.0,0.45,11.0,0.46,15.0,0.01,0.01,2314.2954,1776196503000
1776196505.154,5.154,0.5,110.0,0.49,10.0,0.56,85.12,0.57,177.0,0.44,40.12,0.43,97.0,0.45,7.8,0.46,15.0,0.06,0.01,2314.2954,1776196503000
1776196505.427,5.427,0.48,21.64,0.47,175.0,0.51,9.83,0.52,17.73,0.5,7.84,0.49,15.0,0.52,21.64,0.53,255.0,0.03,0.02,2313.746637,1776196504000
1776196505.632,5.632,0.48,5.29,0.47,175.0,0.49,8.21,0.5,10.0,0.51,10.42,0.5,10.0,0.52,5.29,0.53,175.0,0.01,0.01,2313.746637,1776196504000
1776196506.193,6.193,0.48,15.29,0.47,195.0,0.49,2.91,0.5,5.0,0.51,8.21,0.5,10.0,0.52,5.29,0.53,175.0,0.01,0.01,2313.746637,1776196504000
1776196506.41,6.41,0.48,15.29,0.47,195.0,0.49,2.91,0.5,5.0,0.51,2.91,0.5,5.0,0.52,15.29,0.53,195.0,0.01,0.01,2313.61648,1776196505000
1776196507.063,7.063,0.48,15.29,0.47,195.0,0.49,2.91,0.5,5.0,0.51,2.91,0.5,5.0,0.52,15.29,0.53,195.0,0.01,0.01,2313.416107,1776196506000
1776196507.791,7.791,0.49,5.0,0.48,25.29,0.5,9.91,0.51,7.71,0.5,4.91,0.49,7.71,0.52,25.29,0.53,204.0,0.01,0.02,2313.416107,1776196506000
1776196508.243,8.243,0.49,5.0,0.48,25.29,0.5,9.91,0.51,7.71,0.5,9.91,0.49,7.71,0.51,5.0,0.52,25.29,0.01,0.01,2313.12193,1776196507000
1776196508.777,8.777,0.5,5.09,0.49,120.0,0.55,80.0,0.56,40.12,0.5,9.91,0.49,10.0,0.52,30.29,0.53,209.0,0.05,0.02,2313.12193,1776196507000
1776196509.073,9.073,0.54,5.0,0.53,10.0,0.55,65.27,0.56,52.12,0.45,75.27,0.44,40.12,0.46,10.0,0.47,10.0,0.01,0.01,2313.12193,1776196507000
1776196509.573,9.573,0.54,5.0,0.53,20.0,0.55,5.0,0.56,42.12,0.45,65.27,0.44,52.12,0.46,5.0,0.47,10.0,0.01,0.01,2312.918108,1776196508000
1776196509.929,9.929,0.54,31.0,0.53,48.0,0.56,39.79,0.57,140.0,0.44,39.79,0.43,140.0,0.46,31.0,0.47,48.0,0.02,0.02,2312.923822,1776196509000
1776196510.21,10.21,0.56,5.0,0.55,31.0,0.57,159.94,0.58,40.0,0.43,241.3,0.42,150.0,0.45,30.0,0.46,48.0,0.01,0.02,2312.923822,1776196509000
1776196510.437,10.437,0.54,10.0,0.53,10.0,0.55,38.18,0.56,85.0,0.43,159.94,0.42,40.0,0.44,5.0,0.45,31.0,0.01,0.01,2312.923822,1776196509000
1776196511.103,11.103,0.54,10.0,0.53,10.0,0.55,38.18,0.56,85.0,0.45,38.18,0.44,85.0,0.46,10.0,0.47,10.0,0.01,0.01,2313.24429,1776196510000
1776196512.22,12.22,0.54,10.0,0.53,10.0,0.55,38.18,0.56,85.0,0.45,38.18,0.44,85.0,0.46,10.0,0.47,10.0,0.01,0.01,2313.371709,1776196511000
1776196512.551,12.551,0.52,7.0,0.51,10.5,0.53,41.35,0.54,105.5,0.47,55.5,0.46,105.5,0.48,7.0,0.49,10.5,0.01,0.01,2313.371709,1776196511000
1776196512.989,12.989,0.52,7.0,0.51,10.5,0.53,33.81,0.54,105.5,0.47,41.35,0.46,105.5,0.48,7.0,0.49,10.5,0.01,0.01,2313.371709,1776196511000
1776196513.194,13.194,0.51,15.0,0.5,15.59,0.52,28.53,0.53,28.81,0.47,33.81,0.46,105.5,0.48,7.0,0.49,10.5,0.01,0.01,2313.371709,1776196511000
1776196513.421,13.421,0.51,7.0,0.5,5.09,0.52,108.53,0.53,53.81,0.48,28.53,0.47,28.81,0.49,15.0,0.5,15.59,0.01,0.01,2313.332753,1776196512000
1776196513.833,13.833,0.49,20.5,0.48,115.79,0.5,15.0,0.51,42.68,0.49,62.68,0.48,113.53,0.51,10.5,0.52,115.79,0.01,0.02,2313.332753,1776196512000
1776196514.037,14.037,0.49,14.3,0.48,120.79,0.5,15.0,0.51,43.68,0.5,15.0,0.49,43.68,0.51,16.4,0.52,120.79,0.01,0.01,2313.332753,1776196512000
1776196514.423,14.423,0.49,23.5,0.48,125.79,0.5,7.86,0.51,37.5,0.5,12.86,0.49,37.5,0.51,13.5,0.52,120.79,0.01,0.01,2313.251839,1776196513000
1776196514.879,14.879,0.49,2.56,0.48,125.79,0.5,7.86,0.51,37.5,0.5,7.86,0.49,37.5,0.51,10.06,0.52,125.79,0.01,0.01,2313.251839,1776196513000
1776196515.158,15.158,0.49,27.5,0.48,130.79,0.5,10.72,0.51,47.5,0.5,7.86,0.49,37.5,0.51,2.56,0.52,125.79,0.01,0.01,2313.251839,1776196513000
1776196515.754,15.754,0.48,135.29,0.47,200.0,0.49,50.0,0.5,20.72,0.5,15.72,0.49,42.5,0.51,9.5,0.52,130.79,0.01,0.01,2313.092675,1776196514000
1776196516.186,16.186,0.48,120.29,0.47,210.0,0.49,47.81,0.5,20.72,0.51,50.0,0.5,20.72,0.52,135.29,0.53,200.0,0.01,0.01,2313.092675,1776196514000
1776196516.886,16.886,0.48,120.29,0.47,210.0,0.49,47.81,0.5,20.72,0.51,47.81,0.5,20.72,0.52,120.29,0.53,210.0,0.01,0.01,2312.9333,1776196515000
1776196517.21,17.21,0.48,135.29,0.47,222.0,0.49,20.76,0.5,15.72,0.51,22.95,0.5,15.72,0.52,135.29,0.53,222.0,0.01,0.01,2312.9333,1776196515000
1776196517.533,17.533,0.48,135.29,0.47,222.0,0.49,5.61,0.5,15.72,0.51,0.76,0.5,15.72,0.52,130.29,0.53,222.0,0.01,0.01,2312.90345,1776196516000
1776196517.977,17.977,0.48,135.29,0.47,222.0,0.49,5.61,0.5,15.72,0.51,5.61,0.5,15.72,0.52,135.29,0.53,222.0,0.01,0.01,2312.9068,1776196517000
1776196518.198,18.198,0.48,118.29,0.47,219.0,0.49,3.42,0.5,15.72,0.51,5.61,0.5,15.72,0.52,135.29,0.53,222.0,0.01,0.01,2312.9068,1776196517000
1776196518.707,18.707,0.47,5.0,0.46,125.5,0.48,25.5,0.49,39.92,0.51,3.42,0.5,15.72,0.52,118.29,0.53,219.0,0.01,0.01,2312.9068,1776196517000
1776196518.956,18.956,0.46,125.0,0.45,144.5,0.47,24.0,0.48,30.5,0.52,25.5,0.51,39.92,0.53,2.0,0.54,125.5,0.01,0.01,2312.9068,1776196517000
1776196519.223,19.223,0.46,120.0,0.45,137.5,0.47,21.72,0.48,35.5,0.53,24.0,0.52,30.5,0.54,125.0,0.55,144.5,0.01,0.01,2312.958384,1776196518000
1776196519.474,19.474,0.46,130.5,0.45,137.5,0.47,32.27,0.48,53.5,0.53,21.72,0.52,35.5,0.54,120.0,0.55,137.5,0.01,0.01,2312.958384,1776196518000
1776196519.855,19.855,0.46,135.5,0.45,147.5,0.47,9.0,0.48,5.0,0.53,32.27,0.52,53.5,0.54,130.5,0.55,137.5,0.01,0.01,2312.958384,1776196518000
1776196520.201,20.201,0.48,169.5,0.47,182.5,0.49,12.81,0.5,15.0,0.51,15.0,0.5,15.0,0.54,204.5,0.55,161.5,0.01,0.03,2312.958384,1776196518000
1776196520.475,20.475,0.49,7.19,0.48,225.5,0.5,5.0,0.53,25.5,0.51,12.81,0.5,15.0,0.52,169.5,0.53,182.5,0.01,0.01,2312.943973,1776196519000
1776196521.037,21.037,0.52,23.77,0.51,25.5,0.53,17.95,0.54,63.0,0.47,20.5,0.46,128.0,0.48,19.01,0.49,20.5,0.01,0.01,2312.943973,1776196519000
1776196521.287,21.287,0.52,11.0,0.51,15.0,0.53,23.05,0.54,73.0,0.47,17.95,0.46,63.0,0.48,23.77,0.49,25.5,0.01,0.01,2312.943973,1776196519000
1776196521.714,21.714,0.52,13.79,0.51,28.0,0.53,33.05,0.54,73.0,0.47,23.05,0.46,73.0,0.48,11.0,0.49,15.0,0.01,0.01,2312.743736,1776196520000
1776196521.922,21.922,0.52,13.79,0.51,28.0,0.53,33.05,0.54,73.0,0.47,33.05,0.46,73.0,0.48,13.79,0.49,28.0,0.01,0.01,2312.8572,1776196521000
1776196522.937,22.937,0.51,17.79,0.5,122.5,0.53,38.05,0.54,73.0,0.47,38.05,0.46,73.0,0.49,17.79,0.5,122.5,0.02,0.02,2313.29285,1776196522000
1776196523.189,23.189,0.51,15.0,0.5,125.5,0.52,40.5,0.53,38.05,0.47,38.05,0.46,73.0,0.49,17.79,0.5,122.5,0.01,0.02,2313.29285,1776196522000
1776196523.458,23.458,0.51,15.0,0.5,125.5,0.52,40.5,0.53,35.0,0.48,40.5,0.47,38.05,0.49,15.0,0.5,125.5,0.01,0.01,2313.29285,1776196522000
1776196524.005,24.005,0.51,15.0,0.5,125.5,0.52,40.5,0.53,35.0,0.48,40.5,0.47,35.0,0.49,15.0,0.5,125.5,0.01,0.01,2313.297131,1776196523000
1776196524.839,24.839,0.52,73.0,0.51,48.5,0.53,7.0,0.54,40.0,0.48,38.44,0.47,47.0,0.49,20.0,0.5,125.5,0.01,0.01,2313.297131,1776196523000
1776196525.171,25.171,0.52,73.0,0.51,48.5,0.53,7.0,0.54,40.0,0.47,7.0,0.46,40.0,0.48,73.0,0.49,48.5,0.01,0.01,2313.294414,1776196524000
1776196525.817,25.817,0.49,116.94,0.48,129.75,0.52,40.5,0.53,30.0,0.47,7.0,0.46,40.0,0.48,73.0,0.49,48.5,0.03,0.01,2313.294414,1776196524000
1776196526.292,26.292,0.49,116.94,0.48,129.75,0.52,40.5,0.53,30.0,0.48,40.5,0.47,30.0,0.51,116.94,0.52,129.75,0.03,0.03,2313.397685,1776196525000
1776196528.205,28.205,0.49,116.94,0.48,129.75,0.52,40.5,0.53,30.0,0.48,40.5,0.47,30.0,0.51,116.94,0.52,129.75,0.03,0.03,2313.278,1776196527000
1776196528.957,28.957,0.49,29.0,0.48,26.25,0.5,78.38,0.51,135.5,0.48,40.5,0.47,30.0,0.51,116.94,0.52,129.75,0.01,0.03,2313.278,1776196527000
1776196529.213,29.213,0.48,20.27,0.47,23.0,0.5,73.38,0.51,135.5,0.5,73.38,0.49,135.5,0.51,11.0,0.52,26.25,0.02,0.01,2313.278,1776196527000
1776196530.346,30.346,0.48,7.27,0.47,35.0,0.49,30.0,0.5,68.38,0.51,30.0,0.5,68.38,0.52,7.27,0.53,35.0,0.01,0.01,2313.303055,1776196529000
1776196531.693,31.693,0.51,96.0,0.5,102.5,0.52,100.0,0.53,110.0,0.51,30.0,0.5,68.38,0.52,7.27,0.53,35.0,0.01,0.01,2313.303055,1776196529000
1776196532.038,32.038,0.53,30.5,0.52,26.5,0.54,10.0,0.55,17.0,0.48,100.0,0.47,110.0,0.49,96.0,0.5,102.5,0.01,0.01,2313.0336,1776196530000
1776196532.331,32.331,0.53,72.5,0.52,26.5,0.54,3.67,0.55,17.0,0.46,3.67,0.45,17.0,0.47,72.5,0.48,26.5,0.01,0.01,2313.0336,1776196531000
1776196532.679,32.679,0.57,68.5,0.56,55.5,0.58,90.0,0.59,100.0,0.43,95.67,0.42,107.0,0.47,159.5,0.48,39.5,0.01,0.04,2313.0336,1776196531000
1776196533.015,33.015,0.58,46.0,0.57,32.5,0.6,44.0,0.61,55.5,0.41,105.0,0.4,132.0,0.43,68.5,0.44,55.5,0.02,0.02,2313.0336,1776196531000
1776196533.41,33.41,0.58,46.0,0.57,32.5,0.6,44.0,0.61,55.5,0.4,44.0,0.39,55.5,0.42,46.0,0.43,32.5,0.02,0.02,2313.338304,1776196532000
1776196533.877,33.877,0.59,127.0,0.58,70.0,0.6,39.53,0.61,55.5,0.4,44.0,0.39,55.5,0.42,46.0,0.43,32.5,0.01,0.02,2313.338304,1776196532000
1776196534.289,34.289,0.59,77.25,0.58,44.0,0.6,34.5,0.61,55.5,0.4,39.53,0.39,55.5,0.41,127.0,0.42,70.0,0.01,0.01,2313.440885,1776196533000
1776196534.998,34.998,0.59,77.25,0.58,44.0,0.6,34.5,0.61,55.5,0.4,34.5,0.39,55.5,0.41,77.25,0.42,44.0,0.01,0.01,2314.013696,1776196534000
1776196535.748,35.748,0.59,72.25,0.58,44.0,0.6,27.5,0.61,67.5,0.4,34.5,0.39,55.5,0.41,77.25,0.42,44.0,0.01,0.01,2314.013696,1776196534000
1776196535.957,35.957,0.59,72.25,0.58,44.0,0.61,61.76,0.62,105.0,0.39,61.76,0.38,105.0,0.41,72.25,0.42,44.0,0.02,0.02,2314.09118,1776196535000
1776196537.037,37.037,0.59,72.25,0.58,44.0,0.61,61.76,0.62,105.0,0.39,61.76,0.38,105.0,0.41,72.25,0.42,44.0,0.02,0.02,2314.11364,1776196536000
1776196537.423,37.423,0.61,98.0,0.6,83.0,0.62,96.5,0.63,17.0,0.39,61.76,0.38,105.0,0.41,72.25,0.42,44.0,0.01,0.02,2314.11364,1776196536000
1776196538.046,38.046,0.61,113.0,0.6,74.0,0.62,89.88,0.63,17.0,0.38,96.5,0.37,17.0,0.39,98.0,0.4,83.0,0.01,0.01,2314.11364,1776196536000
1776196539.093,39.093,0.61,113.0,0.6,74.0,0.62,89.88,0.63,17.0,0.38,89.88,0.37,17.0,0.39,113.0,0.4,74.0,0.01,0.01,2314.154145,1776196538000
1776196539.371,39.371,0.6,15.0,0.59,31.0,0.62,87.5,0.63,17.0,0.38,89.88,0.37,17.0,0.39,113.0,0.4,74.0,0.02,0.01,2314.154145,1776196538000
1776196539.778,39.778,0.6,30.0,0.59,36.0,0.61,23.27,0.62,94.5,0.38,87.5,0.37,17.0,0.4,15.0,0.41,31.0,0.01,0.02,2314.154145,1776196538000
1776196540.145,40.145,0.6,30.0,0.59,36.0,0.61,23.27,0.62,94.5,0.39,23.27,0.38,94.5,0.4,30.0,0.41,36.0,0.01,0.01,2314.22993,1776196539000
1776196541.238,41.238,0.59,16.36,0.58,143.5,0.61,13.27,0.62,64.5,0.39,13.27,0.38,64.5,0.41,16.36,0.42,143.5,0.02,0.02,2314.031073,1776196540000
1776196541.709,41.709,0.59,31.0,0.58,133.0,0.61,18.27,0.62,59.5,0.39,13.27,0.38,64.5,0.41,16.36,0.42,143.5,0.02,0.02,2314.031073,1776196540000
1776196542.068,42.068,0.59,35.0,0.58,33.0,0.6,15.5,0.61,52.27,0.4,20.5,0.39,30.27,0.41,25.0,0.42,33.0,0.01,0.01,2314.031073,1776196540000
1776196542.346,42.346,0.6,69.0,0.59,139.0,0.62,27.5,0.63,22.5,0.4,15.5,0.39,52.27,0.41,35.0,0.42,33.0,0.02,0.01,2313.96955,1776196541000
1776196542.818,42.818,0.64,5.0,0.63,10.0,0.65,133.49,0.66,30.0,0.35,89.99,0.34,30.0,0.37,10.0,0.38,10.0,0.01,0.02,2313.96955,1776196541000
1776196543.271,43.271,0.63,10.0,0.62,15.0,0.64,24.92,0.65,115.49,0.35,133.49,0.34,30.0,0.36,5.0,0.37,10.0,0.01,0.01,2313.96955,1776196541000
1776196543.521,43.521,0.63,5.0,0.62,15.0,0.64,28.35,0.65,115.49,0.36,28.35,0.35,115.49,0.37,10.0,0.38,15.0,0.01,0.01,2313.95955,1776196542000
1776196544.239,44.239,0.63,20.0,0.62,20.0,0.64,21.35,0.65,120.49,0.36,28.35,0.35,115.49,0.37,5.0,0.38,15.0,0.01,0.01,2313.95955,1776196542000
1776196545.242,45.242,0.63,20.0,0.62,20.0,0.64,20.0,0.65,120.49,0.36,21.35,0.35,120.49,0.37,20.0,0.38,20.0,0.01,0.01,2314.033084,1776196543000
1776196545.455,45.455,0.63,20.0,0.62,20.0,0.64,24.92,0.65,120.49,0.36,24.92,0.35,120.49,0.37,20.0,0.38,20.0,0.01,0.01,2314.114153,1776196544000
1776196545.828,45.828,0.63,25.0,0.62,20.0,0.64,22.79,0.65,120.49,0.36,24.92,0.35,120.49,0.37,20.0,0.38,20.0,0.01,0.01,2314.114153,1776196544000
1776196546.947,46.947,0.63,25.0,0.62,20.0,0.64,22.79,0.65,120.49,0.36,22.79,0.35,120.49,0.37,25.0,0.38,20.0,0.01,0.01,2314.098315,1776196546000
1776196547.527,47.527,0.62,40.0,0.61,15.0,0.63,45.0,0.64,42.79,0.36,57.79,0.35,125.49,0.38,10.0,0.39,21.0,0.01,0.02,2314.098315,1776196546000
1776196547.955,47.955,0.62,40.0,0.61,15.0,0.63,45.0,0.64,42.79,0.37,45.0,0.36,42.79,0.38,40.0,0.39,15.0,0.01,0.01,2314.178814,1776196547000
1776196548.977,48.977,0.62,40.0,0.61,15.0,0.63,45.0,0.64,42.79,0.37,45.0,0.36,42.79,0.38,40.0,0.39,15.0,0.01,0.01,2314.097,1776196548000
1776196549.965,49.965,0.62,39.73,0.61,15.0,0.63,75.0,0.64,42.79,0.37,75.0,0.36,42.79,0.38,39.73,0.39,15.0,0.01,0.01,2314.0498,1776196549000
1776196550.676,50.676,0.61,80.5,0.6,25.5,0.63,15.0,0.64,52.79,0.37,80.0,0.36,42.79,0.39,20.5,0.4,25.5,0.02,0.02,2314.0498,1776196549000
1776196551.012,51.012,0.62,98.5,0.61,45.5,0.64,10.0,0.65,110.49,0.37,15.0,0.36,52.79,0.39,80.5,0.4,25.5,0.02,0.02,2314.0498,1776196549000
1776196551.978,51.978,0.62,98.5,0.61,45.5,0.64,10.0,0.65,110.49,0.36,10.0,0.35,110.49,0.38,98.5,0.39,45.5,0.02,0.02,2314.069777,1776196551000
1776196552.619,52.619,0.63,134.5,0.62,38.5,0.65,74.99,0.66,45.5,0.36,10.0,0.35,110.49,0.38,98.5,0.39,45.5,0.02,0.02,2314.069777,1776196551000
1776196552.917,52.917,0.63,134.5,0.62,38.5,0.65,74.99,0.66,45.5,0.35,74.99,0.34,45.5,0.37,134.5,0.38,38.5,0.02,0.02,2314.222244,1776196552000
1776196553.992,53.992,0.64,118.44,0.63,69.0,0.65,79.99,0.66,50.5,0.35,79.99,0.34,50.5,0.36,118.44,0.37,69.0,0.01,0.01,2314.19435,1776196553000
1776196555.064,55.064,0.64,118.44,0.63,69.0,0.65,79.99,0.66,50.5,0.35,79.99,0.34,50.5,0.36,118.44,0.37,69.0,0.01,0.01,2314.275302,1776196554000
1776196556.183,56.183,0.64,118.44,0.63,69.0,0.65,79.99,0.66,50.5,0.35,79.99,0.34,50.5,0.36,118.44,0.37,69.0,0.01,0.01,2314.2536,1776196555000
1776196556.42,56.42,0.64,10.22,0.63,23.0,0.65,100.49,0.66,110.5,0.35,79.99,0.34,50.5,0.36,118.44,0.37,69.0,0.01,0.01,2314.2536,1776196555000
1776196556.853,56.853,0.61,39.76,0.58,22.5,0.62,90.5,0.63,63.94,0.35,100.49,0.34,110.5,0.36,10.22,0.37,23.0,0.01,0.01,2314.2536,1776196555000
1776196557.393,57.393,0.61,20.76,0.6,10.0,0.62,25.0,0.63,10.0,0.38,90.5,0.37,63.94,0.39,39.76,0.42,22.5,0.01,0.01,2314.2535,1776196556000
1776196557.983,57.983,0.61,19.76,0.6,20.5,0.62,21.0,0.63,31.0,0.38,25.0,0.37,10.0,0.39,20.76,0.4,10.0,0.01,0.01,2314.2535,1776196556000
1776196558.63,58.63,0.61,125.93,0.6,20.5,0.62,11.0,0.63,26.0,0.38,21.0,0.37,31.0,0.39,19.76,0.4,20.5,0.01,0.01,2314.2535,1776196556000
1776196559.107,59.107,0.61,51.46,0.6,20.5,0.62,11.0,0.63,31.0,0.38,11.0,0.37,26.0,0.39,125.93,0.4,20.5,0.01,0.01,2314.173231,1776196557000
1776196559.935,59.935,0.61,51.46,0.6,20.5,0.62,11.0,0.63,31.0,0.38,11.0,0.37,31.0,0.39,51.46,0.4,20.5,0.01,0.01,2313.986433,1776196558000
1776196560.456,60.456,0.61,59.0,0.6,28.5,0.62,10.91,0.63,36.0,0.38,11.0,0.37,31.0,0.39,51.46,0.4,20.5,0.01,0.01,2313.986433,1776196558000
1776196561.078,61.078,0.61,10.43,0.59,25.5,0.62,40.5,0.63,76.5,0.38,10.91,0.37,36.0,0.39,59.0,0.4,28.5,0.01,0.01,2314.054604,1776196559000
1776196561.657,61.657,0.6,10.0,0.59,25.5,0.62,50.5,0.63,51.5,0.38,50.5,0.37,51.5,0.4,10.0,0.41,25.5,0.02,0.02,2314.09385,1776196560000
1776196561.924,61.924,0.6,73.5,0.59,25.5,0.61,8.45,0.62,5.0,0.38,50.5,0.37,51.5,0.4,10.0,0.41,25.5,0.01,0.02,2314.09385,1776196560000
1776196562.457,62.457,0.6,83.5,0.59,25.5,0.62,5.0,0.63,21.0,0.38,5.0,0.37,21.0,0.4,83.5,0.41,25.5,0.02,0.02,2314.131216,1776196561000
1776196563.173,63.173,0.6,83.5,0.59,25.5,0.62,5.0,0.63,21.0,0.38,5.0,0.37,21.0,0.4,83.5,0.41,25.5,0.02,0.02,2314.05112,1776196562000
1776196563.617,63.617,0.62,75.36,0.61,32.5,0.63,15.0,0.64,15.5,0.38,5.0,0.37,21.0,0.4,83.5,0.41,25.5,0.01,0.02,2314.05112,1776196562000
1776196564.013,64.013,0.62,65.36,0.61,70.29,0.63,7.07,0.64,15.5,0.37,15.0,0.36,15.5,0.38,75.36,0.39,32.5,0.01,0.01,2314.05112,1776196562000
1776196564.677,64.677,0.62,65.36,0.61,70.29,0.63,7.07,0.64,15.5,0.37,7.07,0.36,15.5,0.38,65.36,0.39,70.29,0.01,0.01,2314.0139,1776196563000
1776196565.297,65.297,0.62,90.36,0.61,70.29,0.64,19.12,0.65,75.49,0.37,7.07,0.36,15.5,0.38,65.36,0.39,70.29,0.02,0.01,2314.0139,1776196563000
1776196566.191,66.191,0.62,90.36,0.61,70.29,0.64,19.12,0.65,75.49,0.36,19.12,0.35,75.49,0.38,90.36,0.39,70.29,0.02,0.02,2314.050386,1776196565000
1776196567.825,67.825,0.62,90.36,0.61,70.29,0.64,19.12,0.65,75.49,0.36,19.12,0.35,75.49,0.38,90.36,0.39,70.29,0.02,0.02,2314.06355,1776196566000
1776196568.53,68.53,0.62,90.36,0.61,70.29,0.64,19.12,0.65,75.49,0.36,19.12,0.35,75.49,0.38,90.36,0.39,70.29,0.02,0.02,2314.0636,1776196567000
1776196569.233,69.233,0.62,90.36,0.61,70.29,0.64,19.12,0.65,75.49,0.36,19.12,0.35,75.49,0.38,90.36,0.39,70.29,0.02,0.02,2314.0636,1776196568000
1776196570.328,70.328,0.63,55.0,0.62,45.86,0.64,15.0,0.65,80.49,0.36,19.12,0.35,75.49,0.38,90.36,0.39,70.29,0.01,0.02,2314.0636,1776196568000
1776196570.615,70.615,0.63,55.0,0.62,30.36,0.64,35.5,0.65,80.49,0.36,15.0,0.35,80.49,0.37,55.0,0.38,45.86,0.01,0.01,2314.0636,1776196568000
1776196571.431,71.431,0.63,55.0,0.62,30.36,0.64,35.5,0.65,80.49,0.36,35.5,0.35,80.49,0.37,55.0,0.38,30.36,0.01,0.01,2314.082963,1776196570000
1776196572.214,72.214,0.63,50.0,0.62,25.36,0.64,30.5,0.65,80.49,0.36,35.5,0.35,80.49,0.37,55.0,0.38,30.36,0.01,0.01,2314.082963,1776196570000
1776196573.657,73.657,0.63,50.0,0.62,30.36,0.64,30.5,0.65,80.49,0.36,30.5,0.35,80.49,0.37,50.0,0.38,30.36,0.01,0.01,2314.020185,1776196572000
1776196574.355,74.355,0.63,123.29,0.62,40.86,0.64,5.0,0.65,80.49,0.36,30.5,0.35,80.49,0.37,50.0,0.38,30.36,0.01,0.01,2314.020185,1776196572000
1776196575.118,75.118,0.63,123.29,0.62,40.86,0.64,5.0,0.65,80.49,0.36,5.0,0.35,80.49,0.37,123.29,0.38,40.86,0.01,0.01,2314.08727,1776196574000
1776196575.565,75.565,0.65,103.0,0.64,33.0,0.67,4.76,0.68,75.0,0.36,5.0,0.35,80.49,0.37,123.29,0.38,40.86,0.02,0.01,2314.08727,1776196574000
1776196576.059,76.059,0.66,31.0,0.65,34.0,0.67,35.26,0.68,128.94,0.33,4.76,0.32,75.0,0.35,103.0,0.36,33.0,0.01,0.02,2314.08727,1776196574000
1776196576.265,76.265,0.66,26.0,0.65,34.0,0.67,24.26,0.68,128.94,0.33,30.26,0.32,128.94,0.34,26.0,0.35,34.0,0.01,0.01,2314.08727,1776196574000
1776196576.558,76.558,0.66,28.05,0.65,34.0,0.67,10.5,0.68,103.05,0.33,15.5,0.32,103.05,0.34,26.0,0.35,34.0,0.01,0.01,2314.08727,1776196574000
1776196576.919,76.919,0.66,33.05,0.65,34.0,0.67,9.0,0.68,103.05,0.33,10.5,0.32,103.05,0.34,28.05,0.35,34.0,0.01,0.01,2314.12845,1776196575000
1776196577.225,77.225,0.66,33.05,0.65,34.0,0.67,9.0,0.68,103.05,0.33,9.0,0.32,103.05,0.34,33.05,0.35,34.0,0.01,0.01,2314.179595,1776196576000
1776196578.12,78.12,0.64,5.0,0.63,5.0,0.67,190.99,0.68,133.5,0.33,9.0,0.32,103.05,0.34,33.05,0.35,34.0,0.03,0.01,2314.179595,1776196576000
1776196578.651,78.651,0.61,29.79,0.58,17.0,0.63,6.0,0.64,30.13,0.37,6.0,0.36,30.13,0.39,29.79,0.42,17.0,0.02,0.02,2314.167037,1776196577000
1776196579.199,79.199,0.61,34.65,0.6,10.5,0.62,81.0,0.63,101.12,0.38,81.0,0.37,101.12,0.39,34.65,0.4,10.5,0.01,0.01,2314.134197,1776196578000
1776196579.629,79.629,0.66,77.0,0.65,27.0,0.67,67.0,0.68,80.0,0.33,92.0,0.32,113.44,0.37,6.0,0.39,237.65,0.01,0.04,2314.134197,1776196578000
1776196579.918,79.918,0.67,87.0,0.66,52.0,0.68,2.83,0.69,43.44,0.32,9.45,0.31,43.44,0.34,134.0,0.35,37.5,0.01,0.02,2314.134197,1776196578000
1776196580.319,80.319,0.67,109.0,0.66,52.0,0.68,3.52,0.69,48.44,0.32,3.52,0.31,48.44,0.33,109.0,0.34,52.0,0.01,0.01,2313.99,1776196579000
1776196580.562,80.562,0.67,57.0,0.66,21.0,0.68,24.02,0.69,35.5,0.32,3.52,0.31,48.44,0.33,109.0,0.34,52.0,0.01,0.01,2313.99,1776196579000
1776196581.122,81.122,0.67,52.0,0.66,21.0,0.68,24.02,0.69,56.5,0.32,24.02,0.31,35.5,0.33,57.0,0.34,21.0,0.01,0.01,2313.99,1776196579000
1776196581.379,81.379,0.67,52.0,0.66,21.0,0.68,24.02,0.69,56.5,0.32,24.02,0.31,56.5,0.33,52.0,0.34,21.0,0.01,0.01,2314.06865,1776196580000
1776196582.069,82.069,0.65,2.62,0.64,11.0,0.67,35.5,0.68,81.01,0.33,35.5,0.32,81.01,0.35,2.62,0.36,11.0,0.02,0.02,2314.158,1776196581000
1776196583.27,83.27,0.65,2.62,0.64,11.0,0.67,35.5,0.68,81.01,0.33,35.5,0.32,81.01,0.35,2.62,0.36,11.0,0.02,0.02,2314.126254,1776196582000
1776196584.09,84.09,0.63,40.5,0.62,25.5,0.64,5.0,0.65,5.0,0.33,35.5,0.32,81.01,0.35,2.62,0.36,11.0,0.01,0.02,2314.126254,1776196582000
1776196584.537,84.537,0.64,12.22,0.63,30.22,0.65,15.0,0.66,100.99,0.36,5.0,0.35,5.0,0.37,40.22,0.38,25.5,0.01,0.01,2313.996836,1776196583000
1776196584.886,84.886,0.64,12.22,0.63,30.22,0.65,35.0,0.66,100.99,0.35,15.0,0.34,100.99,0.36,12.22,0.37,30.22,0.01,0.01,2313.996836,1776196583000
1776196585.377,85.377,0.64,12.22,0.63,30.22,0.65,35.0,0.66,100.99,0.35,35.0,0.34,100.99,0.36,12.22,0.37,30.22,0.01,0.01,2313.967775,1776196584000
1776196586.056,86.056,0.64,17.22,0.63,35.5,0.65,30.0,0.66,116.49,0.35,35.0,0.34,100.99,0.36,12.22,0.37,30.22,0.01,0.01,2313.967775,1776196584000
1776196586.434,86.434,0.64,17.22,0.63,35.5,0.65,30.0,0.66,116.49,0.35,30.0,0.34,116.49,0.36,17.22,0.37,35.5,0.01,0.01,2313.966202,1776196585000
1776196586.697,86.697,0.64,16.66,0.63,35.5,0.65,30.0,0.66,105.99,0.35,30.0,0.34,116.49,0.36,17.22,0.37,35.5,0.01,0.01,2313.966202,1776196585000
1776196586.968,86.968,0.64,6.66,0.63,35.5,0.65,30.0,0.66,105.99,0.35,30.0,0.34,105.99,0.36,16.66,0.37,35.5,0.01,0.01,2313.966202,1776196585000
1776196587.225,87.225,0.64,41.66,0.63,35.5,0.65,25.0,0.66,105.99,0.35,30.0,0.34,105.99,0.36,6.66,0.37,35.5,0.01,0.01,2313.966202,1776196586000
1776196588.186,88.186,0.64,41.66,0.63,35.5,0.65,25.0,0.66,105.99,0.35,25.0,0.34,105.99,0.36,41.66,0.37,35.5,0.01,0.01,2313.96723,1776196587000
1776196588.528,88.528,0.66,61.0,0.65,35.5,0.68,61.96,0.69,35.5,0.35,18.46,0.33,10.0,0.36,67.16,0.37,35.5,0.02,0.01,2313.96723,1776196587000
1776196589.251,89.251,0.67,143.0,0.66,72.0,0.68,17.04,0.69,68.94,0.32,61.96,0.31,35.5,0.34,61.0,0.35,35.5,0.01,0.02,2313.96723,1776196587000
1776196589.978,89.978,0.67,143.0,0.66,72.0,0.68,17.04,0.69,68.94,0.32,17.04,0.31,68.94,0.33,143.0,0.34,72.0,0.01,0.01,2313.960605,1776196589000
1776196591.02,91.02,0.65,5.0,0.64,17.19,0.68,257.98,0.69,42.5,0.32,17.04,0.31,68.94,0.33,143.0,0.34,72.0,0.03,0.01,2313.960605,1776196589000
1776196591.281,91.281,0.6,104.8,0.59,15.5,0.61,10.0,0.62,15.0,0.37,13.51,0.35,10.5,0.43,10.0,0.45,5.0,0.01,0.06,2314.127189,1776196590000
1776196591.482,91.482,0.6,94.8,0.59,15.5,0.61,7.8,0.62,65.34,0.39,10.0,0.38,15.0,0.4,94.8,0.41,15.5,0.01,0.01,2314.127189,1776196590000
1776196592.098,92.098,0.62,51.0,0.61,26.0,0.63,26.35,0.65,5.0,0.39,7.8,0.38,65.34,0.4,94.8,0.41,15.5,0.01,0.01,2314.127189,1776196590000
1776196593.112,93.112,0.63,148.5,0.62,66.5,0.64,30.1,0.65,10.0,0.37,26.35,0.35,5.0,0.38,51.0,0.39,26.0,0.01,0.01,2314.127189,1776196590000
1776196593.544,93.544,0.67,113.0,0.66,20.0,0.68,8.26,0.69,56.3,0.36,30.1,0.35,10.0,0.37,121.5,0.38,66.5,0.01,0.01,2314.127189,1776196590000
1776196594.348,94.348,0.67,58.96,0.66,31.0,0.68,133.71,0.69,66.3,0.32,8.26,0.31,56.3,0.33,113.0,0.34,20.0,0.01,0.01,2314.127189,1776196590000
1776196595.523,95.523,0.58,1.37,0.55,5.0,0.59,10.0,0.6,10.0,0.32,133.71,0.31,66.3,0.33,55.92,0.34,31.0,0.01,0.01,2314.127189,1776196590000
1776196596.067,96.067,0.54,120.58,0.53,110.0,0.59,11.0,0.62,25.0,0.41,21.0,0.4,16.0,0.46,20.08,0.47,22.0,0.05,0.05,2314.127189,1776196590000
1776196597.136,97.136,0.65,10.0,0.64,153.5,0.66,16.22,0.67,15.0,0.41,11.0,0.38,25.0,0.46,120.58,0.47,110.0,0.01,0.05,2314.127189,1776196590000
1776196598.37,98.37,0.65,109.14,0.64,71.5,0.66,20.0,0.67,20.0,0.34,16.22,0.33,15.0,0.35,10.0,0.36,153.5,0.01,0.01,2314.127189,1776196590000
1776196599.474,99.474,0.65,109.14,0.64,71.5,0.66,20.0,0.67,20.0,0.34,20.0,0.33,20.0,0.35,109.14,0.36,71.5,0.01,0.01,2314.00962,1776196598000
1776196599.849,99.849,0.63,5.5,0.62,15.5,0.64,27.0,0.65,17.0,0.34,20.0,0.33,20.0,0.35,109.14,0.36,71.5,0.01,0.01,2314.00962,1776196598000
1776196600.584,100.584,0.63,5.5,0.62,15.5,0.64,27.0,0.65,17.0,0.36,27.0,0.35,17.0,0.37,5.5,0.38,15.5,0.01,0.01,2313.99295,1776196599000
1776196601.202,101.202,0.63,5.5,0.62,15.5,0.64,27.0,0.65,17.0,0.36,27.0,0.35,17.0,0.37,5.5,0.38,15.5,0.01,0.01,2314.148085,1776196600000
1776196602.222,102.222,0.64,70.5,0.63,30.5,0.65,11.0,0.66,5.0,0.36,27.0,0.35,17.0,0.37,5.5,0.38,15.5,0.01,0.01,2314.148085,1776196600000
1776196602.639,102.639,0.64,70.5,0.63,30.5,0.65,11.0,0.66,5.0,0.35,11.0,0.34,5.0,0.36,70.5,0.37,30.5,0.01,0.01,2313.930364,1776196601000
1776196603.193,103.193,0.67,208.04,0.66,110.5,0.68,5.0,0.73,27.0,0.35,11.0,0.34,5.0,0.36,70.5,0.37,30.5,0.01,0.01,2313.930364,1776196601000
1776196603.46,103.46,0.72,46.5,0.71,20.0,0.73,4.15,0.75,5.0,0.27,8.17,0.25,23.0,0.33,231.04,0.34,104.5,0.01,0.06,2313.974768,1776196602000
1776196603.716,103.716,0.74,125.6,0.73,15.0,0.76,38.38,0.77,19.0,0.25,3.53,0.24,28.5,0.26,23.6,0.27,10.0,0.02,0.01,2313.974768,1776196602000
1776196604.004,104.004,0.75,93.88,0.74,48.6,0.76,24.69,0.77,19.0,0.24,24.69,0.23,19.0,0.25,83.88,0.26,48.6,0.01,0.01,2313.974768,1776196602000
1776196604.235,104.235,0.75,73.68,0.74,64.1,0.76,29.69,0.77,29.5,0.24,24.69,0.23,19.0,0.25,93.88,0.26,48.6,0.01,0.01,2313.974768,1776196602000
1776196604.448,104.448,0.75,73.68,0.74,53.6,0.77,18.99,0.78,10.5,0.24,34.69,0.23,19.0,0.25,68.68,0.26,53.6,0.02,0.01,2313.974768,1776196602000
1776196604.895,104.895,0.75,73.68,0.74,53.6,0.77,18.99,0.78,10.5,0.23,18.99,0.22,10.5,0.25,73.68,0.26,53.6,0.02,0.02,2314.05863,1776196603000
1776196605.393,105.393,0.66,5.0,0.64,10.5,0.67,46.21,0.68,30.0,0.33,10.32,0.32,10.0,0.34,16.0,0.36,10.5,0.01,0.01,2314.05863,1776196603000
1776196606.123,106.123,0.66,5.0,0.64,10.5,0.67,46.21,0.68,30.0,0.33,46.21,0.32,30.0,0.34,5.0,0.36,10.5,0.01,0.01,2314.721126,1776196605000
1776196607.761,107.761,0.66,5.0,0.64,10.5,0.67,46.21,0.68,30.0,0.33,46.21,0.32,30.0,0.34,5.0,0.36,10.5,0.01,0.01,2313.917294,1776196606000
1776196608.385,108.385,0.66,5.0,0.64,10.5,0.67,46.21,0.68,30.0,0.33,46.21,0.32,30.0,0.34,5.0,0.36,10.5,0.01,0.01,2313.917294,1776196607000
1776196608.987,108.987,0.69,76.0,0.68,76.5,0.7,3.0,0.71,5.0,0.3,5.0,0.29,17.0,0.31,6.0,0.32,66.5,0.01,0.01,2313.917294,1776196607000
1776196609.203,109.203,0.69,81.0,0.68,76.5,0.7,1.57,0.71,5.0,0.3,1.57,0.29,5.0,0.31,81.0,0.32,76.5,0.01,0.01,2313.871356,1776196608000
1776196609.676,109.676,0.7,87.0,0.69,61.0,0.71,0.91,0.72,98.49,0.29,28.73,0.28,87.99,0.31,81.0,0.32,76.5,0.01,0.02,2313.871356,1776196608000
1776196609.951,109.951,0.68,11.0,0.66,65.5,0.7,10.0,0.71,165.14,0.29,14.5,0.28,108.49,0.3,47.0,0.31,21.0,0.02,0.01,2313.871356,1776196608000
1776196610.545,110.545,0.68,11.0,0.67,10.5,0.69,79.19,0.7,37.0,0.3,10.0,0.29,165.14,0.32,11.0,0.34,65.5,0.01,0.02,2313.871356,1776196608000
1776196611.861,111.861,0.68,36.5,0.67,30.5,0.69,11.21,0.7,27.0,0.31,71.29,0.3,37.0,0.32,11.0,0.33,10.5,0.01,0.01,2313.871356,1776196608000
1776196612.486,112.486,0.68,78.5,0.67,30.5,0.69,2.68,0.7,26.0,0.31,11.21,0.3,27.0,0.32,36.5,0.33,30.5,0.01,0.01,2314.244452,1776196610000
1776196613.04,113.04,0.68,78.5,0.67,30.5,0.69,2.68,0.7,26.0,0.31,2.68,0.3,26.0,0.32,78.5,0.33,30.5,0.01,0.01,2314.058641,1776196612000
1776196613.318,113.318,0.66,59.5,0.65,15.5,0.67,44.0,0.68,29.64,0.31,2.68,0.3,26.0,0.32,78.5,0.33,30.5,0.01,0.01,2314.058641,1776196612000
1776196613.902,113.902,0.66,89.5,0.65,30.5,0.67,22.5,0.68,15.0,0.33,44.0,0.32,29.64,0.34,59.5,0.35,15.5,0.01,0.01,2314.058641,1776196612000
1776196614.126,114.126,0.66,80.66,0.65,30.5,0.67,16.0,0.68,15.0,0.33,16.0,0.32,15.0,0.34,80.66,0.35,30.5,0.01,0.01,2314.233336,1776196613000
1776196615.192,115.192,0.66,80.66,0.65,30.5,0.67,16.0,0.68,15.0,0.33,16.0,0.32,15.0,0.34,80.66,0.35,30.5,0.01,0.01,2314.000257,1776196614000
1776196615.784,115.784,0.66,14.11,0.65,25.5,0.67,22.0,0.68,15.0,0.33,21.0,0.32,15.0,0.34,60.66,0.35,25.5,0.01,0.01,2314.000257,1776196614000
1776196616.295,116.295,0.66,14.11,0.65,30.5,0.67,25.5,0.68,15.0,0.33,25.5,0.32,15.0,0.34,14.11,0.35,30.5,0.01,0.01,2314.029668,1776196615000
1776196616.502,116.502,0.66,16.16,0.65,30.5,0.67,25.5,0.68,5.0,0.33,25.5,0.32,15.0,0.34,14.11,0.35,30.5,0.01,0.01,2314.029668,1776196615000
1776196617.28,117.28,0.66,15.27,0.65,30.5,0.67,20.5,0.68,5.0,0.33,20.5,0.32,5.0,0.34,15.27,0.35,30.5,0.01,0.01,2314.112968,1776196616000
1776196618.351,118.351,0.66,15.27,0.65,30.5,0.67,20.5,0.68,5.0,0.33,20.5,0.32,5.0,0.34,15.27,0.35,30.5,0.01,0.01,2314.02325,1776196617000
1776196618.881,118.881,0.66,15.27,0.65,30.5,0.67,20.5,0.68,5.0,0.33,20.5,0.32,5.0,0.34,15.27,0.35,30.5,0.01,0.01,2314.0432,1776196618000
1776196619.493,119.493,0.64,5.5,0.63,10.5,0.65,20.0,0.66,21.0,0.33,20.5,0.32,5.0,0.34,15.27,0.35,30.5,0.01,0.01,2314.0432,1776196618000
1776196619.968,119.968,0.62,5.0,0.61,61.47,0.65,20.0,0.66,21.0,0.35,20.0,0.34,21.0,0.38,5.0,0.39,61.47,0.03,0.03,2314.0432,1776196619000
1776196620.339,120.339,0.62,42.86,0.61,76.1,0.63,15.0,0.64,15.0,0.35,20.0,0.34,21.0,0.38,5.0,0.39,61.47,0.01,0.03,2314.0432,1776196619000
1776196621.029,121.029,0.62,55.22,0.61,76.1,0.63,5.39,0.64,20.0,0.37,15.0,0.36,15.0,0.38,40.22,0.39,76.1,0.01,0.01,2314.0432,1776196619000
1776196622.211,122.211,0.62,55.22,0.61,76.1,0.63,5.39,0.64,20.0,0.37,5.39,0.36,20.0,0.38,55.22,0.39,76.1,0.01,0.01,2313.946841,1776196621000
1776196622.766,122.766,0.62,10.0,0.61,57.6,0.63,43.92,0.64,36.5,0.37,5.39,0.36,20.0,0.38,55.22,0.39,76.1,0.01,0.01,2313.946841,1776196621000
1776196623.154,123.154,0.55,6.0,0.54,5.0,0.57,15.0,0.58,73.76,0.39,11.0,0.38,15.0,0.4,0.5,0.41,27.63,0.02,0.01,2313.946841,1776196621000
1776196623.993,123.993,0.54,99.0,0.53,48.5,0.55,1.23,0.56,20.0,0.45,10.0,0.44,10.0,0.46,37.64,0.47,15.0,0.01,0.01,2313.816873,1776196622000
1776196624.341,124.341,0.55,124.87,0.54,41.87,0.59,10.0,0.61,21.69,0.44,16.2,0.43,20.0,0.46,104.0,0.47,48.5,0.04,0.02,2313.816873,1776196622000
1776196624.819,124.819,0.65,7.14,0.64,10.0,0.66,15.5,0.67,21.5,0.41,5.0,0.39,16.0,0.42,95.5,0.43,10.0,0.01,0.01,2313.686791,1776196623000
1776196625.187,125.187,0.65,51.28,0.64,20.0,0.66,14.67,0.67,27.0,0.34,14.67,0.33,27.0,0.35,49.14,0.36,20.0,0.01,0.01,2313.686791,1776196624000
1776196625.78,125.78,0.65,22.08,0.57,10.0,0.66,447.66,0.67,55.0,0.34,14.67,0.33,27.0,0.35,51.28,0.36,20.0,0.01,0.01,2313.686791,1776196624000
1776196625.985,125.985,0.55,14.9,0.54,5.0,0.58,20.5,0.59,20.5,0.42,20.5,0.41,20.5,0.45,14.9,0.46,5.0,0.03,0.03,2313.4734,1776196625000
1776196626.355,126.355,0.55,14.01,0.54,10.0,0.56,7.79,0.57,78.31,0.44,2.79,0.43,10.0,0.45,14.9,0.46,5.0,0.01,0.01,2313.4734,1776196625000
1776196626.891,126.891,0.56,10.02,0.55,66.51,0.59,10.0,0.6,16.0,0.44,7.79,0.43,78.31,0.45,14.01,0.46,10.0,0.03,0.01,2313.4734,1776196625000
1776196627.095,127.095,0.58,62.0,0.57,20.0,0.59,4.0,0.6,16.0,0.41,10.0,0.4,16.0,0.44,10.02,0.45,66.51,0.01,0.03,2313.4734,1776196625000
1776196627.364,127.364,0.58,77.0,0.57,20.0,0.6,98.36,0.61,31.5,0.41,4.0,0.4,16.0,0.42,62.0,0.43,20.0,0.02,0.01,2313.4734,1776196625000
1776196628.112,128.112,0.58,21.88,0.57,20.0,0.6,98.36,0.61,31.5,0.4,98.36,0.39,31.5,0.42,21.88,0.43,20.0,0.02,0.02,2313.566425,1776196627000
1776196628.873,128.873,0.57,10.0,0.56,15.0,0.58,15.0,0.59,10.0,0.4,98.36,0.39,31.5,0.42,21.88,0.43,20.0,0.01,0.02,2313.566425,1776196627000
1776196629.378,129.378,0.57,10.0,0.56,15.0,0.58,15.0,0.59,10.0,0.42,15.0,0.41,10.0,0.43,10.0,0.44,15.0,0.01,0.01,2313.5235,1776196628000
1776196630.23,130.23,0.53,10.0,0.51,10.0,0.55,55.69,0.56,90.0,0.45,13.05,0.44,15.0,0.46,10.0,0.47,15.0,0.02,0.01,2313.5235,1776196628000
1776196630.555,130.555,0.47,6.4,0.45,20.0,0.49,38.69,0.5,20.0,0.5,10.0,0.45,139.69,0.52,2.59,0.53,6.4,0.02,0.02,2313.40955,1776196629000
1776196630.99,130.99,0.44,2.64,0.42,70.0,0.48,15.0,0.49,23.0,0.52,15.0,0.51,23.0,0.56,2.64,0.58,70.0,0.04,0.04,2313.40955,1776196630000
1776196631.257,131.257,0.46,17.32,0.45,31.0,0.5,15.69,0.53,10.0,0.52,15.0,0.51,23.0,0.56,2.64,0.58,70.0,0.04,0.04,2313.40955,1776196630000
1776196631.481,131.481,0.49,9.0,0.48,10.41,0.53,11.66,0.55,20.0,0.47,21.0,0.45,20.0,0.51,9.0,0.54,5.32,0.04,0.04,2313.40955,1776196630000
1776196632.084,132.084,0.52,5.0,0.5,90.0,0.53,1.66,0.55,20.0,0.47,1.66,0.45,20.0,0.48,5.0,0.5,90.0,0.01,0.01,2313.213791,1776196631000
1776196632.425,132.425,0.57,13.64,0.56,10.0,0.59,20.0,0.6,30.0,0.41,25.0,0.4,15.0,0.42,10.14,0.43,10.0,0.02,0.01,2313.213791,1776196631000
1776196632.866,132.866,0.57,3.64,0.56,10.0,0.59,20.75,0.6,30.0,0.41,12.45,0.4,30.0,0.43,13.64,0.44,10.0,0.02,0.02,2313.213791,1776196631000
1776196633.259,133.259,0.57,3.64,0.56,10.0,0.59,20.75,0.6,30.0,0.41,20.75,0.4,30.0,0.43,3.64,0.44,10.0,0.02,0.02,2313.30832,1776196632000
1776196633.509,133.509,0.58,92.5,0.57,88.64,0.64,10.0,0.65,30.0,0.41,2.45,0.4,15.0,0.42,92.5,0.43,88.64,0.06,0.01,2313.30832,1776196632000
1776196633.741,133.741,0.63,22.67,0.62,10.0,0.64,14.5,0.66,50.0,0.36,4.0,0.35,30.0,0.42,92.5,0.43,88.64,0.01,0.06,2313.30832,1776196632000
1776196634.089,134.089,0.59,10.0,0.58,15.0,0.64,120.5,0.65,10.0,0.36,14.5,0.34,50.0,0.37,22.67,0.38,10.0,0.05,0.01,2313.30832,1776196632000
1776196634.388,134.388,0.59,10.0,0.58,15.0,0.64,120.5,0.65,10.0,0.36,120.5,0.35,10.0,0.41,10.0,0.42,15.0,0.05,0.05,2313.50075,1776196633000
1776196634.96,134.96,0.59,10.0,0.58,15.0,0.64,120.5,0.65,10.0,0.36,120.5,0.35,10.0,0.41,10.0,0.42,15.0,0.05,0.05,2313.471255,1776196634000
1776196635.676,135.676,0.55,39.77,0.54,15.0,0.56,5.0,0.57,5.0,0.43,10.0,0.42,10.0,0.45,10.05,0.46,10.0,0.01,0.02,2313.471255,1776196634000
1776196635.968,135.968,0.57,23.2,0.56,15.0,0.58,10.0,0.6,20.0,0.44,5.0,0.43,5.0,0.45,39.77,0.46,15.0,0.01,0.01,2313.471255,1776196634000
1776196636.245,136.245,0.57,17.96,0.56,15.0,0.58,10.0,0.6,20.0,0.42,10.0,0.4,20.0,0.43,17.96,0.44,15.0,0.01,0.01,2313.56716,1776196635000
1776196636.859,136.859,0.65,5.0,0.64,15.0,0.66,55.0,0.67,42.0,0.42,10.0,0.4,20.0,0.43,17.96,0.44,15.0,0.01,0.01,2313.56716,1776196635000
1776196637.174,137.174,0.64,10.0,0.63,10.0,0.66,80.5,0.67,42.0,0.34,55.0,0.33,42.0,0.35,5.0,0.36,15.0,0.02,0.01,2313.56716,1776196635000
1776196637.781,137.781,0.63,20.0,0.62,15.0,0.65,25.5,0.66,75.5,0.34,80.5,0.33,42.0,0.36,10.0,0.37,10.0,0.02,0.02,2313.56345,1776196636000
1776196638.412,138.412,0.63,20.0,0.62,15.0,0.65,25.5,0.66,75.5,0.35,25.5,0.34,75.5,0.37,20.0,0.38,15.0,0.02,0.02,2313.670787,1776196637000
1776196638.645,138.645,0.63,50.0,0.62,15.0,0.64,4.43,0.65,15.5,0.35,25.5,0.34,75.5,0.37,20.0,0.38,15.0,0.01,0.02,2313.670787,1776196637000
1776196639.357,139.357,0.63,50.0,0.62,15.0,0.64,4.43,0.65,15.5,0.36,4.43,0.35,15.5,0.37,50.0,0.38,15.0,0.01,0.01,2313.81103,1776196638000
1776196639.943,139.943,0.63,50.0,0.62,15.0,0.64,4.43,0.65,15.5,0.36,4.43,0.35,15.5,0.37,50.0,0.38,15.0,0.01,0.01,2313.82325,1776196639000
1776196641.263,141.263,0.64,5.0,0.63,15.0,0.66,53.69,0.67,15.5,0.36,4.43,0.35,15.5,0.37,50.0,0.38,15.0,0.02,0.01,2313.82325,1776196639000
1776196641.513,141.513,0.6,10.0,0.59,20.0,0.63,26.0,0.64,10.0,0.34,53.69,0.33,15.5,0.36,5.0,0.37,15.0,0.03,0.02,2313.82325,1776196639000
1776196641.887,141.887,0.61,11.16,0.6,15.0,0.62,6.0,0.63,22.0,0.37,26.0,0.36,10.0,0.4,10.0,0.41,20.0,0.01,0.03,2313.86805,1776196640000
1776196642.29,142.29,0.61,11.16,0.6,15.0,0.62,6.0,0.63,22.0,0.38,6.0,0.37,22.0,0.39,11.16,0.4,15.0,0.01,0.01,2313.879572,1776196641000
1776196643.568,143.568,0.65,10.8,0.64,15.0,0.66,25.5,0.67,15.5,0.34,25.5,0.33,15.5,0.35,10.8,0.36,15.0,0.01,0.01,2313.809,1776196642000
1776196643.801,143.801,0.66,17.05,0.65,10.8,0.67,40.5,0.68,10.0,0.33,40.5,0.32,10.0,0.34,20.0,0.35,10.8,0.01,0.01,2313.809,1776196642000
1776196644.274,144.274,0.66,17.05,0.65,10.8,0.67,40.5,0.68,10.0,0.33,40.5,0.32,10.0,0.34,17.05,0.35,10.8,0.01,0.01,2313.8091,1776196643000
1776196644.674,144.674,0.68,20.0,0.67,20.0,0.69,3.0,0.7,15.5,0.33,40.5,0.32,10.0,0.34,17.05,0.35,10.8,0.01,0.01,2313.8091,1776196643000
1776196645.541,145.541,0.68,20.0,0.67,20.0,0.7,15.5,0.71,5.0,0.3,15.5,0.29,5.0,0.32,20.0,0.33,20.0,0.02,0.02,2313.98006,1776196644000
1776196645.82,145.82,0.69,7.9,0.68,15.0,0.7,26.5,0.71,20.0,0.3,15.5,0.29,5.0,0.32,20.0,0.33,20.0,0.01,0.02,2313.98006,1776196644000
1776196646.115,146.115,0.69,7.9,0.68,15.0,0.7,26.5,0.71,20.0,0.3,26.5,0.29,20.0,0.31,7.9,0.32,15.0,0.01,0.01,2313.98006,1776196645000
1776196647.379,147.379,0.69,7.9,0.68,20.0,0.7,29.14,0.71,20.0,0.3,26.5,0.29,20.0,0.31,7.9,0.32,15.0,0.01,0.01,2313.98006,1776196645000
1776196648.093,148.093,0.69,7.9,0.68,20.0,0.7,29.14,0.71,20.0,0.3,29.14,0.29,20.0,0.31,7.9,0.32,20.0,0.01,0.01,2314.23223,1776196647000
1776196649.17,149.17,0.65,10.0,0.64,15.0,0.67,77.5,0.68,35.5,0.3,29.14,0.29,20.0,0.31,7.9,0.32,20.0,0.02,0.01,2314.23223,1776196647000
1776196649.395,149.395,0.65,10.0,0.64,15.0,0.67,77.5,0.68,35.5,0.33,77.5,0.32,35.5,0.35,10.0,0.36,15.0,0.02,0.02,2314.23138,1776196648000
1776196650.045,150.045,0.65,10.0,0.64,20.0,0.67,144.5,0.68,40.5,0.33,144.5,0.32,40.5,0.35,10.0,0.36,20.0,0.02,0.02,2314.239025,1776196649000
1776196651.236,151.236,0.66,20.0,0.65,25.0,0.67,28.0,0.68,35.5,0.33,144.5,0.32,40.5,0.35,10.0,0.36,20.0,0.01,0.02,2314.239025,1776196649000
1776196651.667,151.667,0.66,15.0,0.65,15.0,0.67,39.02,0.68,40.5,0.33,28.0,0.32,35.5,0.34,20.0,0.35,25.0,0.01,0.01,2314.066716,1776196650000
1776196652.185,152.185,0.66,0.39,0.65,15.0,0.67,33.52,0.68,40.5,0.33,39.02,0.32,40.5,0.34,15.0,0.35,15.0,0.01,0.01,2314.066716,1776196650000
1776196652.505,152.505,0.66,0.39,0.65,15.0,0.67,33.52,0.68,40.5,0.33,33.52,0.32,40.5,0.34,0.39,0.35,15.0,0.01,0.01,2314.046475,1776196651000
1776196653.008,153.008,0.66,10.0,0.65,20.0,0.68,29.4,0.69,34.5,0.33,33.52,0.32,40.5,0.34,0.39,0.35,15.0,0.02,0.01,2314.046475,1776196651000
1776196653.494,153.494,0.65,30.0,0.64,15.0,0.66,30.0,0.68,29.5,0.32,29.4,0.31,34.5,0.34,10.0,0.35,20.0,0.01,0.02,2314.270896,1776196652000
1776196654.512,154.512,0.65,30.0,0.64,15.0,0.66,30.0,0.68,29.5,0.34,30.0,0.32,29.5,0.35,30.0,0.36,15.0,0.01,0.01,2314.256605,1776196653000
1776196654.844,154.844,0.65,14.0,0.64,15.0,0.66,64.5,0.67,30.5,0.34,25.5,0.33,30.5,0.35,30.0,0.36,15.0,0.01,0.01,2314.256605,1776196653000
1776196655.061,155.061,0.65,17.18,0.64,15.0,0.66,69.5,0.67,30.5,0.34,64.5,0.33,30.5,0.35,21.14,0.36,15.0,0.01,0.01,2314.256605,1776196653000
1776196655.772,155.772,0.65,14.52,0.64,95.54,0.67,20.5,0.68,39.5,0.34,69.5,0.33,30.5,0.35,17.18,0.36,15.0,0.02,0.01,2314.19844,1776196654000
1776196656.434,156.434,0.65,14.52,0.64,95.54,0.67,20.5,0.68,39.5,0.33,20.5,0.32,39.5,0.35,14.52,0.36,95.54,0.02,0.02,2314.095002,1776196655000
1776196657.182,157.182,0.65,0.23,0.64,103.54,0.66,15.0,0.67,30.5,0.34,15.0,0.33,30.5,0.35,0.23,0.36,103.54,0.01,0.01,2314.095002,1776196656000
1776196658.197,158.197,0.63,23.0,0.62,25.0,0.64,6.0,0.65,29.0,0.36,6.0,0.35,29.0,0.37,23.0,0.38,25.0,0.01,0.01,2314.085238,1776196657000
1776196659.473,159.473,0.63,43.0,0.62,87.63,0.64,52.0,0.65,19.0,0.36,6.0,0.35,29.0,0.37,23.0,0.38,25.0,0.01,0.01,2314.085238,1776196657000
1776196659.771,159.771,0.63,43.0,0.62,87.63,0.64,52.0,0.65,19.0,0.36,52.0,0.35,19.0,0.37,43.0,0.38,87.63,0.01,0.01,2314.076388,1776196658000
1776196660.652,160.652,0.63,43.0,0.62,87.63,0.64,52.0,0.65,19.0,0.36,52.0,0.35,19.0,0.37,43.0,0.38,87.63,0.01,0.01,2314.066507,1776196659000
1776196661.216,161.216,0.63,43.0,0.62,87.63,0.64,52.0,0.65,19.0,0.36,52.0,0.35,19.0,0.37,43.0,0.38,87.63,0.01,0.01,2314.06997,1776196660000
1776196661.482,161.482,0.65,9.9,0.63,132.0,0.71,10.0,0.72,5.0,0.29,10.0,0.28,5.0,0.37,132.0,0.38,65.1,0.06,0.08,2314.06997,1776196660000
1776196661.899,161.899,0.63,4.9,0.62,24.0,0.67,15.15,0.71,206.0,0.29,10.0,0.28,5.0,0.35,9.9,0.37,132.0,0.04,0.06,2314.06997,1776196660000
1776196662.49,162.49,0.67,11.0,0.66,10.0,0.69,45.0,0.7,10.0,0.33,15.15,0.29,223.0,0.37,4.9,0.38,24.0,0.02,0.04,2314.06997,1776196660000
1776196663.052,163.052,0.65,10.6,0.64,18.0,0.69,123.0,0.7,25.5,0.31,45.0,0.3,10.0,0.33,11.0,0.34,10.0,0.04,0.02,2314.099848,1776196661000
1776196663.381,163.381,0.65,10.6,0.64,18.0,0.69,123.0,0.7,25.5,0.31,123.0,0.3,25.5,0.35,10.6,0.36,18.0,0.04,0.04,2314.082762,1776196662000
1776196664.143,164.143,0.65,10.6,0.64,18.0,0.69,123.0,0.7,25.5,0.31,123.0,0.3,25.5,0.35,10.6,0.36,18.0,0.04,0.04,2314.09076,1776196663000
1776196664.742,164.742,0.68,20.0,0.67,15.0,0.7,10.5,0.71,10.0,0.31,123.0,0.3,25.5,0.35,10.6,0.36,18.0,0.02,0.04,2314.09076,1776196663000
1776196665.036,165.036,0.69,5.0,0.68,13.0,0.7,20.5,0.71,15.0,0.3,10.5,0.29,10.0,0.31,10.0,0.32,8.0,0.01,0.01,2314.09076,1776196663000
1776196665.898,165.898,0.69,5.0,0.68,13.0,0.7,20.5,0.71,15.0,0.3,20.5,0.29,15.0,0.31,5.0,0.32,13.0,0.01,0.01,2314.030113,1776196664000
1776196666.697,166.697,0.69,5.0,0.68,13.0,0.7,20.5,0.71,15.0,0.3,20.5,0.29,15.0,0.31,5.0,0.32,13.0,0.01,0.01,2314.09346,1776196665000
1776196667.299,167.299,0.69,5.0,0.68,13.0,0.7,20.5,0.71,15.0,0.3,20.5,0.29,15.0,0.31,5.0,0.32,13.0,0.01,0.01,2314.09341,1776196666000
1776196667.789,167.789,0.67,10.0,0.66,10.0,0.68,121.05,0.69,20.0,0.3,20.5,0.29,15.0,0.31,5.0,0.32,13.0,0.01,0.01,2314.09341,1776196666000
1776196668.476,168.476,0.64,7.9,0.6,15.0,0.66,60.0,0.67,63.0,0.32,121.05,0.31,20.0,0.33,10.0,0.34,10.0,0.02,0.01,2314.09341,1776196666000
1776196668.7,168.7,0.64,4.36,0.6,15.0,0.65,221.0,0.66,128.0,0.34,60.0,0.33,63.0,0.36,7.9,0.4,15.0,0.01,0.02,2314.09341,1776196666000
1776196669.336,169.336,0.64,4.36,0.6,15.0,0.65,221.0,0.66,128.0,0.35,221.0,0.34,128.0,0.36,4.36,0.4,15.0,0.01,0.01,2314.04313,1776196668000
1776196669.977,169.977,0.68,0.62,0.67,10.0,0.69,20.5,0.7,20.0,0.3,10.0,0.29,60.0,0.32,3.75,0.33,10.0,0.01,0.02,2314.04313,1776196668000
1776196670.236,170.236,0.68,0.62,0.67,10.0,0.69,20.5,0.7,20.0,0.31,20.5,0.3,20.0,0.32,0.62,0.33,10.0,0.01,0.01,2313.922029,1776196669000
1776196670.44,170.44,0.65,10.0,0.64,15.0,0.68,15.0,0.69,25.5,0.31,20.5,0.3,20.0,0.32,0.62,0.33,10.0,0.03,0.01,2313.922029,1776196669000
1776196671.766,171.766,0.65,24.0,0.64,15.0,0.68,10.0,0.69,25.5,0.32,10.0,0.31,25.5,0.35,24.0,0.36,15.0,0.03,0.03,2313.894285,1776196670000
1776196672.459,172.459,0.65,24.0,0.64,15.0,0.68,10.0,0.69,25.5,0.32,10.0,0.31,25.5,0.35,24.0,0.36,15.0,0.03,0.03,2313.959625,1776196671000
1776196672.848,172.848,0.66,85.0,0.65,20.0,0.69,2.98,0.72,37.89,0.32,10.0,0.31,25.5,0.35,24.0,0.36,15.0,0.03,0.03,2313.959625,1776196671000
1776196673.131,173.131,0.66,85.0,0.65,20.0,0.72,37.89,0.76,60.0,0.28,37.89,0.24,60.0,0.34,85.0,0.35,20.0,0.06,0.06,2313.959625,1776196672000
1776196674.27,174.27,0.71,4.65,0.7,10.0,0.72,30.0,0.73,35.0,0.28,37.89,0.24,60.0,0.34,85.0,0.35,20.0,0.01,0.06,2313.959625,1776196672000
1776196674.523,174.523,0.71,4.65,0.7,10.0,0.72,30.0,0.73,35.0,0.28,30.0,0.27,35.0,0.29,4.65,0.3,10.0,0.01,0.01,2314.083607,1776196673000
1776196675.365,175.365,0.71,54.65,0.7,10.0,0.76,3.34,0.77,10.0,0.24,3.34,0.23,10.0,0.29,54.65,0.3,10.0,0.05,0.05,2314.200528,1776196674000
1776196676.037,176.037,0.73,1.02,0.72,15.0,0.74,15.0,0.75,45.0,0.26,15.0,0.25,10.0,0.27,2.02,0.28,15.0,0.01,0.01,2314.200528,1776196674000
1776196676.239,176.239,0.71,33.11,0.7,10.0,0.74,15.0,0.75,15.0,0.26,15.0,0.25,45.0,0.28,5.02,0.29,34.65,0.03,0.02,2314.144763,1776196675000
1776196676.739,176.739,0.72,5.0,0.71,33.11,0.73,5.0,0.74,40.5,0.26,15.0,0.25,15.0,0.29,33.11,0.3,10.0,0.01,0.03,2314.144763,1776196675000
1776196677.039,177.039,0.72,5.0,0.71,33.11,0.73,5.0,0.74,40.5,0.27,5.0,0.26,40.5,0.28,5.0,0.29,33.11,0.01,0.01,2314.296707,1776196676000
1776196678.083,178.083,0.72,5.0,0.71,33.11,0.73,5.0,0.74,40.5,0.27,5.0,0.26,40.5,0.28,5.0,0.29,33.11,0.01,0.01,2314.28815,1776196677000
1776196678.556,178.556,0.71,1.9,0.68,16.0,0.72,15.0,0.73,15.0,0.27,5.0,0.26,40.5,0.28,5.0,0.29,33.11,0.01,0.01,2314.28815,1776196677000
1776196679.179,179.179,0.69,27.51,0.68,26.0,0.72,45.0,0.73,15.0,0.28,45.0,0.27,15.0,0.31,27.51,0.32,26.0,0.03,0.03,2314.3082,1776196678000
1776196679.82,179.82,0.69,42.51,0.68,26.0,0.7,5.05,0.71,20.0,0.3,13.57,0.29,15.0,0.31,42.51,0.32,26.0,0.01,0.01,2314.3082,1776196678000
1776196680.192,180.192,0.69,42.51,0.68,26.0,0.7,5.05,0.71,20.0,0.3,5.05,0.29,20.0,0.31,42.51,0.32,26.0,0.01,0.01,2314.233198,1776196679000
1776196680.409,180.409,0.67,48.78,0.66,30.0,0.7,34.05,0.71,15.0,0.3,5.05,0.29,20.0,0.31,42.51,0.32,26.0,0.03,0.01,2314.233198,1776196679000
1776196680.987,180.987,0.67,48.78,0.66,20.0,0.69,8.41,0.7,5.05,0.3,34.05,0.29,15.0,0.33,48.78,0.34,30.0,0.02,0.03,2314.233198,1776196679000
1776196681.206,181.206,0.66,20.0,0.65,10.0,0.68,10.0,0.69,1.41,0.32,10.0,0.31,1.41,0.34,20.0,0.35,10.0,0.02,0.02,2314.17,1776196680000
1776196681.56,181.56,0.66,118.02,0.65,15.0,0.68,15.0,0.69,6.41,0.32,10.0,0.31,1.41,0.34,20.0,0.35,10.0,0.02,0.02,2314.17,1776196680000
1776196682.323,182.323,0.69,25.5,0.68,20.5,0.7,6.52,0.73,25.5,0.27,0.76,0.26,20.5,0.34,118.02,0.35,15.0,0.01,0.07,2314.17,1776196680000
1776196682.646,182.646,0.74,15.0,0.73,7.22,0.75,1.19,0.76,31.0,0.25,26.19,0.21,5.0,0.26,5.0,0.27,7.22,0.01,0.01,2314.16051,1776196681000
1776196682.892,182.892,0.74,15.0,0.73,7.22,0.75,1.19,0.76,31.0,0.25,1.19,0.24,31.0,0.26,15.0,0.27,7.22,0.01,0.01,2314.130169,1776196682000
1776196684.062,184.062,0.76,15.0,0.75,10.0,0.8,49.28,0.81,33.4,0.2,49.28,0.19,33.4,0.24,15.0,0.25,10.0,0.04,0.04,2314.012164,1776196683000
1776196685.029,185.029,0.76,15.0,0.75,10.0,0.8,49.28,0.81,33.4,0.2,49.28,0.19,33.4,0.24,15.0,0.25,10.0,0.04,0.04,2314.387028,1776196684000
1776196685.998,185.998,0.76,14.0,0.75,5.0,0.78,128.6,0.79,15.0,0.22,60.75,0.21,10.0,0.26,5.0,0.28,15.0,0.02,0.04,2314.387028,1776196684000
1776196686.454,186.454,0.66,5.0,0.65,6.0,0.76,44.81,0.77,132.0,0.24,44.81,0.23,102.0,0.32,4.06,0.34,5.0,0.1,0.08,2314.126915,1776196685000
1776196686.704,186.704,0.65,16.0,0.63,5.0,0.71,43.45,0.74,19.23,0.29,35.0,0.25,5.0,0.35,6.0,0.37,5.0,0.06,0.06,2314.126915,1776196685000
1776196687.209,187.209,0.65,16.0,0.63,5.0,0.71,15.98,0.74,19.23,0.29,15.98,0.26,19.23,0.35,16.0,0.37,5.0,0.06,0.06,2313.98296,1776196686000
1776196688.327,188.327,0.65,16.0,0.63,5.0,0.71,15.98,0.74,19.23,0.29,15.98,0.26,19.23,0.35,16.0,0.37,5.0,0.06,0.06,2313.9934,1776196687000
1776196688.539,188.539,0.61,10.17,0.6,30.0,0.64,144.92,0.65,10.0,0.36,138.92,0.35,10.0,0.37,5.0,0.39,15.1,0.03,0.01,2313.9934,1776196687000
1776196689.329,189.329,0.56,60.45,0.55,10.0,0.57,13.0,0.58,10.0,0.38,39.0,0.37,10.0,0.4,30.0,0.41,14.9,0.01,0.02,2313.9934,1776196687000
1776196689.719,189.719,0.56,60.45,0.55,10.0,0.58,5.63,0.59,10.0,0.42,7.63,0.41,10.0,0.44,60.45,0.45,10.0,0.02,0.02,2313.879104,1776196688000
1776196690.593,190.593,0.61,147.0,0.6,80.0,0.62,9.0,0.63,8.0,0.43,8.07,0.42,5.63,0.44,60.45,0.45,10.0,0.01,0.01,2313.879104,1776196688000
1776196690.845,190.845,0.61,158.0,0.6,80.0,0.63,7.0,0.64,8.0,0.37,7.0,0.36,8.0,0.39,158.0,0.4,80.0,0.02,0.02,2313.698595,1776196689000
1776196691.451,191.451,0.7,10.0,0.69,10.0,0.72,4.0,0.73,13.0,0.28,4.0,0.27,13.0,0.3,10.0,0.31,10.0,0.02,0.02,2313.567183,1776196690000
1776196691.865,191.865,0.74,1.42,0.73,23.0,0.76,29.7,0.77,20.3,0.24,19.7,0.23,20.3,0.25,8.61,0.26,10.0,0.02,0.01,2313.567183,1776196690000
1776196692.541,192.541,0.73,18.99,0.72,27.0,0.76,45.5,0.77,35.3,0.24,10.0,0.23,20.3,0.25,5.0,0.26,1.42,0.03,0.01,2313.558765,1776196691000
1776196693.016,193.016,0.74,5.0,0.73,28.99,0.75,110.41,0.76,25.5,0.25,104.41,0.24,35.5,0.27,23.99,0.28,27.0,0.01,0.02,2313.558765,1776196691000
1776196693.393,193.393,0.73,21.99,0.72,22.0,0.74,115.0,0.75,25.0,0.25,110.41,0.24,25.5,0.26,5.0,0.27,28.99,0.01,0.01,2314.022175,1776196692000
1776196694.449,194.449,0.73,21.99,0.72,22.0,0.74,115.0,0.75,25.0,0.26,115.0,0.25,25.0,0.27,21.99,0.28,22.0,0.01,0.01,2314.281115,1776196693000
1776196695.023,195.023,0.73,21.99,0.72,22.0,0.74,115.0,0.75,25.0,0.26,115.0,0.25,25.0,0.27,21.99,0.28,22.0,0.01,0.01,2314.281115,1776196694000
1776196695.795,195.795,0.71,77.0,0.7,102.52,0.73,5.0,0.74,28.0,0.26,115.0,0.25,25.0,0.27,21.99,0.28,22.0,0.02,0.01,2314.281115,1776196694000
1776196696.075,196.075,0.72,45.0,0.71,37.0,0.73,143.12,0.74,43.5,0.27,5.0,0.26,28.0,0.29,77.0,0.3,102.52,0.01,0.02,2314.281115,1776196694000
1776196696.379,196.379,0.72,55.0,0.71,37.0,0.73,40.03,0.74,43.5,0.27,143.12,0.26,43.5,0.28,45.0,0.29,37.0,0.01,0.01,2314.21588,1776196695000
1776196696.894,196.894,0.72,50.0,0.71,74.02,0.73,55.08,0.74,33.0,0.27,40.03,0.26,43.5,0.28,55.0,0.29,37.0,0.01,0.01,2314.21588,1776196695000
1776196697.27,197.27,0.72,50.0,0.71,74.02,0.73,55.08,0.74,33.0,0.27,55.08,0.26,33.0,0.28,50.0,0.29,74.02,0.01,0.01,2314.19393,1776196696000
1776196698.376,198.376,0.72,50.0,0.71,74.02,0.73,55.08,0.74,33.0,0.27,55.08,0.26,33.0,0.28,50.0,0.29,74.02,0.01,0.01,2314.21346,1776196697000
1776196698.979,198.979,0.71,60.79,0.7,10.0,0.72,51.0,0.73,47.5,0.28,51.0,0.27,47.5,0.29,60.79,0.3,10.0,0.01,0.01,2314.21333,1776196698000
1776196699.423,199.423,0.71,65.79,0.7,20.0,0.72,8.82,0.73,17.0,0.28,20.0,0.27,17.0,0.29,60.79,0.3,15.0,0.01,0.01,2314.21333,1776196698000
1776196700.168,200.168,0.71,65.79,0.7,20.0,0.72,8.82,0.73,17.0,0.28,8.82,0.27,17.0,0.29,65.79,0.3,20.0,0.01,0.01,2314.176805,1776196699000
1776196701.306,201.306,0.71,65.79,0.7,20.0,0.72,8.82,0.73,17.0,0.28,8.82,0.27,17.0,0.29,65.79,0.3,20.0,0.01,0.01,2314.262964,1776196700000
1776196701.583,201.583,0.76,10.0,0.74,15.0,0.77,89.2,0.78,25.5,0.28,8.82,0.27,17.0,0.29,65.79,0.3,20.0,0.01,0.01,2314.262964,1776196700000
1776196701.928,201.928,0.76,10.0,0.74,15.0,0.77,135.13,0.78,25.5,0.23,89.2,0.22,25.5,0.24,10.0,0.26,15.0,0.01,0.01,2314.262964,1776196700000
1776196702.333,202.333,0.76,65.0,0.75,15.0,0.79,29.89,0.8,15.0,0.23,135.13,0.22,25.5,0.24,10.0,0.26,15.0,0.03,0.01,2314.262964,1776196700000
1776196702.797,202.797,0.77,65.0,0.76,25.0,0.78,15.12,0.79,29.89,0.21,29.89,0.2,15.0,0.24,65.0,0.25,15.0,0.01,0.03,2314.24238,1776196701000
1776196703.999,203.999,0.77,65.0,0.76,25.0,0.78,15.12,0.79,29.89,0.22,15.12,0.21,29.89,0.23,65.0,0.24,25.0,0.01,0.01,2314.296915,1776196703000
1776196705.619,205.619,0.77,65.0,0.76,25.0,0.78,15.12,0.79,29.89,0.22,15.12,0.21,29.89,0.23,65.0,0.24,25.0,0.01,0.01,2314.35368,1776196704000
1776196706.125,206.125,0.76,65.0,0.75,30.0,0.78,9.87,0.79,25.5,0.22,15.12,0.21,29.89,0.23,65.0,0.24,25.0,0.02,0.01,2314.35368,1776196704000
1776196706.821,206.821,0.7,15.0,0.69,15.0,0.71,7.24,0.72,34.0,0.22,9.87,0.21,25.5,0.24,65.0,0.25,30.0,0.01,0.02,2314.344448,1776196705000
1776196707.51,207.51,0.72,41.42,0.71,45.0,0.73,38.5,0.74,38.5,0.29,7.24,0.28,10.0,0.31,4.41,0.32,15.0,0.01,0.02,2314.344448,1776196705000
1776196708.169,208.169,0.72,41.42,0.71,45.0,0.73,38.5,0.74,38.5,0.27,38.5,0.26,38.5,0.28,41.42,0.29,45.0,0.01,0.01,2314.49138,1776196707000
1776196709.058,209.058,0.72,71.42,0.71,110.5,0.75,28.5,0.76,15.5,0.27,38.5,0.26,38.5,0.28,41.42,0.29,45.0,0.03,0.01,2314.49138,1776196707000
1776196709.404,209.404,0.74,35.0,0.73,30.5,0.75,3.01,0.76,5.0,0.25,28.5,0.24,15.5,0.28,71.42,0.29,110.5,0.01,0.03,2314.49138,1776196707000
1776196710.131,210.131,0.74,35.0,0.73,30.5,0.77,12.7,0.78,15.12,0.23,12.7,0.22,15.12,0.26,35.0,0.27,30.5,0.03,0.03,2314.16126,1776196709000
1776196710.901,210.901,0.76,20.0,0.75,20.0,0.77,21.79,0.78,25.12,0.23,12.7,0.22,15.12,0.26,35.0,0.27,30.5,0.01,0.03,2314.16126,1776196709000
1776196711.299,211.299,0.76,20.0,0.75,20.0,0.77,21.79,0.78,25.12,0.23,21.79,0.22,25.12,0.24,20.0,0.25,20.0,0.01,0.01,2314.209925,1776196710000
1776196712.438,212.438,0.76,20.0,0.75,20.0,0.77,21.79,0.78,25.12,0.23,21.79,0.22,25.12,0.24,20.0,0.25,20.0,0.01,0.01,2314.249344,1776196711000
1776196712.809,212.809,0.77,35.0,0.76,25.0,0.78,6.0,0.79,35.5,0.23,21.79,0.22,25.12,0.24,20.0,0.25,20.0,0.01,0.01,2314.249344,1776196711000
1776196713.092,213.092,0.77,35.0,0.76,25.0,0.78,6.0,0.79,35.5,0.22,6.0,0.21,35.5,0.23,35.0,0.24,25.0,0.01,0.01,2314.248402,1776196712000
1776196714.114,214.114,0.79,98.78,0.78,55.0,0.8,35.55,0.81,25.5,0.2,10.5,0.19,25.5,0.21,11.84,0.22,25.0,0.01,0.01,2314.248402,1776196712000
1776196714.328,214.328,0.79,98.78,0.78,55.0,0.8,35.55,0.81,25.5,0.2,35.55,0.19,25.5,0.21,98.78,0.22,55.0,0.01,0.01,2314.30642,1776196713000
1776196715.124,215.124,0.79,84.06,0.78,55.0,0.8,19.62,0.81,25.5,0.2,35.55,0.19,25.5,0.21,98.78,0.22,55.0,0.01,0.01,2314.30642,1776196713000
1776196715.795,215.795,0.82,12.0,0.81,69.0,0.83,20.5,0.84,21.0,0.2,19.62,0.19,25.5,0.21,79.29,0.22,55.0,0.01,0.01,2314.30642,1776196713000
1776196716.192,216.192,0.82,40.0,0.81,126.0,0.83,33.23,0.84,21.0,0.17,27.29,0.16,21.0,0.18,22.0,0.19,76.0,0.01,0.01,2314.39249,1776196714000
1776196716.54,216.54,0.82,40.0,0.81,126.0,0.83,21.18,0.84,21.0,0.17,21.18,0.16,21.0,0.18,40.0,0.19,126.0,0.01,0.01,2314.421705,1776196715000
1776196716.999,216.999,0.82,32.0,0.81,96.0,0.83,40.51,0.84,21.0,0.17,44.85,0.16,21.0,0.18,27.0,0.19,96.0,0.01,0.01,2314.421705,1776196715000
1776196717.211,217.211,0.8,36.42,0.79,27.07,0.83,40.51,0.84,21.0,0.17,40.51,0.16,21.0,0.2,36.42,0.21,27.07,0.03,0.03,2314.431535,1776196716000
1776196718.379,218.379,0.8,36.42,0.79,27.07,0.83,40.51,0.84,21.0,0.17,40.51,0.16,21.0,0.2,36.42,0.21,27.07,0.03,0.03,2314.56499,1776196717000
1776196718.593,218.593,0.85,5.88,0.83,82.5,0.87,28.45,0.88,15.0,0.14,1.47,0.13,47.0,0.17,82.5,0.18,59.5,0.02,0.03,2314.56499,1776196717000
1776196718.992,218.992,0.84,70.5,0.83,70.5,0.86,8.83,0.87,10.0,0.13,28.45,0.12,15.0,0.15,5.88,0.17,82.5,0.02,0.02,2314.56499,1776196717000
1776196719.364,219.364,0.85,68.5,0.84,87.5,0.87,21.0,0.88,10.0,0.12,10.0,0.11,15.0,0.15,20.5,0.16,75.5,0.02,0.03,2314.56499,1776196717000
1776196719.571,219.571,0.86,15.0,0.85,176.33,0.87,5.35,0.88,10.0,0.13,9.46,0.12,10.0,0.14,45.0,0.15,184.33,0.01,0.01,2314.564655,1776196718000
1776196720.116,220.116,0.86,15.0,0.85,176.33,0.87,5.35,0.88,10.0,0.13,5.35,0.12,10.0,0.14,15.0,0.15,176.33,0.01,0.01,2314.58267,1776196719000
1776196720.769,220.769,0.86,5.71,0.85,141.33,0.87,34.7,0.88,20.5,0.13,19.7,0.12,20.5,0.14,20.0,0.15,176.33,0.01,0.01,2314.58267,1776196719000
1776196721.22,221.22,0.85,106.33,0.84,10.0,0.86,35.5,0.87,24.7,0.13,34.7,0.12,20.5,0.14,5.71,0.15,141.33,0.01,0.01,2314.58267,1776196719000
1776196721.807,221.807,0.85,107.33,0.84,15.0,0.86,30.5,0.87,19.7,0.14,40.5,0.13,34.7,0.15,92.33,0.16,15.0,0.01,0.01,2314.58267,1776196719000
1776196722.092,222.092,0.85,107.33,0.84,20.0,0.86,27.8,0.87,23.7,0.14,25.33,0.13,14.7,0.15,102.33,0.16,15.0,0.01,0.01,2314.58267,1776196719000
1776196722.492,222.492,0.85,107.33,0.84,20.0,0.86,27.8,0.87,23.7,0.14,27.8,0.13,23.7,0.15,107.33,0.16,20.0,0.01,0.01,2314.9628,1776196721000
1776196722.694,222.694,0.85,93.33,0.84,15.0,0.86,9.66,0.87,23.7,0.14,27.8,0.13,23.7,0.15,107.33,0.16,20.0,0.01,0.01,2314.9628,1776196721000
1776196723.473,223.473,0.85,123.33,0.84,25.0,0.87,33.7,0.88,54.5,0.13,33.7,0.12,54.5,0.15,123.33,0.16,25.0,0.02,0.02,2314.80278,1776196722000
1776196724.413,224.413,0.85,80.86,0.84,101.14,0.86,13.37,0.87,23.7,0.13,33.7,0.12,54.5,0.15,123.33,0.16,25.0,0.01,0.02,2314.80278,1776196722000
1776196724.683,224.683,0.85,80.86,0.84,15.0,0.87,14.84,0.88,54.5,0.13,21.74,0.12,54.5,0.15,80.86,0.16,15.0,0.02,0.02,2314.750245,1776196723000
1776196724.926,224.926,0.85,60.86,0.84,15.0,0.87,12.98,0.88,54.5,0.13,14.84,0.12,54.5,0.15,80.86,0.16,15.0,0.02,0.02,2314.750245,1776196723000
1776196725.263,225.263,0.85,83.86,0.84,25.5,0.87,11.71,0.88,54.5,0.13,12.98,0.12,54.5,0.15,60.86,0.16,15.0,0.02,0.02,2314.750245,1776196723000
1776196726.35,226.35,0.85,78.86,0.84,30.5,0.86,3.52,0.87,2.71,0.13,11.71,0.12,54.5,0.15,83.86,0.16,25.5,0.01,0.02,2314.742913,1776196724000
1776196727.154,227.154,0.85,78.86,0.84,30.5,0.86,3.52,0.87,2.71,0.14,3.52,0.13,2.71,0.15,78.86,0.16,30.5,0.01,0.01,2314.77621,1776196725000
1776196727.549,227.549,0.85,93.29,0.84,35.5,0.86,10.5,0.87,2.71,0.14,3.52,0.13,2.71,0.15,78.86,0.16,30.5,0.01,0.01,2314.77621,1776196725000
1776196728.183,228.183,0.85,98.29,0.84,35.5,0.86,7.04,0.87,2.71,0.14,7.04,0.13,2.71,0.15,98.29,0.16,35.5,0.01,0.01,2314.890375,1776196726000
1776196729.191,229.191,0.85,98.29,0.84,35.5,0.86,7.04,0.87,2.71,0.14,7.04,0.13,2.71,0.15,98.29,0.16,35.5,0.01,0.01,2314.823935,1776196727000
1776196729.979,229.979,0.86,76.65,0.85,57.16,0.87,0.71,0.88,20.5,0.13,0.71,0.12,20.5,0.14,76.65,0.15,57.16,0.01,0.01,2314.767731,1776196728000
1776196730.197,230.197,0.86,81.65,0.85,57.16,0.88,14.53,0.89,34.5,0.13,0.71,0.12,20.5,0.14,76.65,0.15,57.16,0.02,0.01,2314.767731,1776196728000
1776196730.901,230.901,0.86,81.65,0.85,57.16,0.87,0.51,0.88,14.53,0.13,0.51,0.12,14.53,0.14,81.65,0.15,57.16,0.01,0.01,2314.810904,1776196729000
1776196731.139,231.139,0.84,35.5,0.83,40.5,0.85,24.19,0.86,21.0,0.15,10.0,0.14,20.5,0.16,5.74,0.17,20.5,0.01,0.01,2314.810904,1776196729000
1776196731.99,231.99,0.84,30.5,0.83,48.5,0.9,61.56,0.91,54.0,0.1,61.56,0.09,54.0,0.16,30.5,0.17,48.5,0.06,0.06,2314.807605,1776196730000
1776196732.332,232.332,0.88,49.0,0.87,39.0,0.89,58.91,0.9,82.06,0.11,51.79,0.1,66.56,0.12,24.0,0.13,29.0,0.01,0.01,2314.807605,1776196730000
1776196732.556,232.556,0.88,4.0,0.87,34.0,0.89,58.91,0.9,83.06,0.11,58.91,0.1,82.06,0.12,49.0,0.13,39.0,0.01,0.01,2314.807605,1776196730000
1776196733.065,233.065,0.88,4.0,0.87,34.0,0.89,58.91,0.9,83.06,0.11,58.91,0.1,83.06,0.12,4.0,0.13,34.0,0.01,0.01,2314.807509,1776196731000
1776196733.901,233.901,0.88,4.0,0.87,34.0,0.89,58.91,0.9,83.06,0.11,58.91,0.1,83.06,0.12,4.0,0.13,34.0,0.01,0.01,2314.761324,1776196732000
1776196734.919,234.919,0.88,4.0,0.87,34.0,0.89,58.91,0.9,83.06,0.11,58.91,0.1,83.06,0.12,4.0,0.13,34.0,0.01,0.01,2314.836235,1776196733000
1776196735.301,235.301,0.88,29.5,0.87,84.5,0.89,5.0,0.9,26.56,0.11,58.91,0.1,83.06,0.12,4.0,0.13,34.0,0.01,0.01,2314.836235,1776196733000
1776196735.769,235.769,0.88,29.5,0.87,84.5,0.89,5.0,0.9,26.56,0.11,5.0,0.1,26.56,0.12,29.5,0.13,84.5,0.01,0.01,2314.82734,1776196734000
1776196736.539,236.539,0.88,29.5,0.87,84.5,0.89,5.0,0.9,26.56,0.11,5.0,0.1,26.56,0.12,29.5,0.13,84.5,0.01,0.01,2314.846834,1776196735000
1776196737.324,237.324,0.88,29.5,0.87,84.5,0.89,5.0,0.9,26.56,0.11,5.0,0.1,26.56,0.12,29.5,0.13,84.5,0.01,0.01,2314.866765,1776196736000
1776196737.737,237.737,0.88,2.97,0.87,49.5,0.89,5.0,0.9,21.56,0.11,5.0,0.1,26.56,0.12,29.5,0.13,84.5,0.01,0.01,2314.866765,1776196736000
1776196737.997,237.997,0.88,38.5,0.87,54.5,0.9,11.5,0.91,20.0,0.11,5.0,0.1,21.56,0.12,2.97,0.13,49.5,0.02,0.01,2314.866765,1776196736000
1776196738.651,238.651,0.9,110.53,0.89,28.5,0.91,15.56,0.92,100.0,0.09,1.66,0.08,75.9,0.1,28.0,0.12,43.5,0.01,0.01,2314.869775,1776196737000
1776196738.947,238.947,0.91,27.0,0.9,48.0,0.92,11.2,0.93,319.3,0.08,27.73,0.07,319.3,0.1,110.53,0.11,28.5,0.01,0.02,2314.869775,1776196737000
1776196739.552,239.552,0.91,16.26,0.9,48.0,0.92,62.2,0.93,319.3,0.08,62.2,0.07,319.3,0.09,16.26,0.1,48.0,0.01,0.01,2314.87362,1776196738000
1776196740.046,240.046,0.91,45.42,0.9,43.0,0.92,38.26,0.93,319.3,0.08,17.53,0.07,319.3,0.09,35.42,0.1,43.0,0.01,0.01,2314.87362,1776196738000
1776196740.288,240.288,0.91,45.42,0.9,43.0,0.92,38.26,0.93,319.3,0.08,38.26,0.07,319.3,0.09,45.42,0.1,43.0,0.01,0.01,2314.94908,1776196739000
1776196740.588,240.588,0.91,17.16,0.9,33.0,0.92,24.0,0.93,324.3,0.08,9.4,0.07,319.3,0.09,40.42,0.1,43.0,0.01,0.01,2314.94908,1776196739000
1776196740.911,240.911,0.91,14.16,0.89,10.0,0.92,134.9,0.93,324.3,0.08,14.0,0.07,319.3,0.09,14.16,0.1,33.0,0.01,0.01,2314.94908,1776196739000
1776196741.129,241.129,0.89,10.0,0.88,15.0,0.9,13.84,0.92,131.57,0.1,13.84,0.08,131.57,0.11,10.0,0.12,15.0,0.01,0.01,2314.961235,1776196740000
1776196741.485,241.485,0.9,6.0,0.89,35.0,0.92,100.57,0.93,129.3,0.1,6.22,0.09,10.0,0.11,20.0,0.12,11.31,0.02,0.01,2314.961235,1776196740000
1776196741.855,241.855,0.9,79.0,0.89,40.0,0.91,4.61,0.92,18.0,0.08,100.57,0.07,129.3,0.1,6.0,0.11,35.0,0.01,0.02,2314.961235,1776196740000
1776196742.16,242.16,0.91,31.0,0.9,51.0,0.93,82.0,0.94,10.0,0.08,17.35,0.07,45.0,0.1,69.0,0.11,40.0,0.02,0.02,2314.961235,1776196740000
1776196742.774,242.774,0.92,89.0,0.91,36.0,0.93,18.29,0.94,15.0,0.07,82.0,0.06,10.0,0.09,31.0,0.1,51.0,0.01,0.02,2314.961235,1776196740000
1776196742.983,242.983,0.93,19.71,0.92,67.14,0.94,15.0,0.95,201.8,0.07,18.29,0.06,15.0,0.08,89.0,0.09,36.0,0.01,0.01,2314.885967,1776196741000
1776196743.451,243.451,0.93,8.6,0.92,13.14,0.94,75.31,0.95,330.5,0.06,15.0,0.05,201.8,0.07,19.71,0.08,67.14,0.01,0.01,2314.885967,1776196741000
1776196743.93,243.93,0.9,20.95,0.89,15.0,0.94,63.08,0.95,244.5,0.08,16.56,0.07,10.0,0.1,10.95,0.11,15.0,0.04,0.02,2314.859693,1776196742000
1776196744.404,244.404,0.89,10.32,0.88,53.31,0.9,22.05,0.93,75.3,0.1,7.05,0.06,63.08,0.11,15.0,0.12,48.31,0.01,0.01,2314.859693,1776196742000
1776196744.735,244.735,0.89,98.65,0.88,53.31,0.9,4.82,0.92,20.0,0.1,22.05,0.07,75.3,0.11,10.32,0.12,53.31,0.01,0.01,2314.859693,1776196742000
1776196744.958,244.958,0.91,10.0,0.9,10.0,0.92,8.82,0.93,130.3,0.08,13.66,0.07,130.3,0.11,98.65,0.12,53.31,0.01,0.03,2315.051543,1776196743000
1776196745.347,245.347,0.89,98.65,0.88,18.31,0.91,3.94,0.92,94.0,0.08,8.82,0.07,130.3,0.09,10.0,0.1,10.0,0.02,0.01,2315.051543,1776196743000
1776196745.57,245.57,0.9,9.9,0.89,57.28,0.91,122.0,0.92,65.0,0.09,77.0,0.08,65.0,0.11,47.28,0.12,18.31,0.01,0.02,2314.985964,1776196744000
1776196745.795,245.795,0.89,32.73,0.88,23.31,0.91,98.41,0.92,113.9,0.09,99.01,0.08,113.9,0.11,32.73,0.12,23.31,0.02,0.02,2314.985964,1776196744000
1776196746.051,246.051,0.9,20.0,0.89,52.73,0.93,266.93,0.94,88.08,0.09,98.41,0.08,113.9,0.11,32.73,0.12,23.31,0.03,0.02,2314.985964,1776196744000
1776196746.266,246.266,0.91,20.0,0.9,45.06,0.93,157.64,0.94,20.0,0.07,165.53,0.06,20.0,0.09,20.0,0.1,69.0,0.02,0.02,2314.92237,1776196745000
1776196746.621,246.621,0.92,114.57,0.91,121.0,0.93,10.0,0.94,20.0,0.07,155.19,0.06,20.0,0.08,82.0,0.09,111.0,0.01,0.01,2314.92237,1776196745000
1776196747.138,247.138,0.93,37.0,0.92,76.57,0.94,15.72,0.95,45.0,0.06,15.72,0.05,45.0,0.08,94.57,0.09,121.0,0.01,0.02,2314.92237,1776196745000
1776196747.351,247.351,0.93,37.0,0.92,76.57,0.94,7.63,0.95,55.0,0.06,9.33,0.05,45.0,0.07,42.0,0.08,76.57,0.01,0.01,2314.92237,1776196745000
1776196747.578,247.578,0.93,37.0,0.92,76.57,0.95,32.49,0.96,179.8,0.05,32.49,0.04,179.8,0.07,37.0,0.08,76.57,0.02,0.02,2314.661622,1776196746000
1776196748.146,248.146,0.94,45.0,0.93,52.0,0.95,30.38,0.96,179.8,0.05,30.38,0.04,179.8,0.06,45.0,0.07,52.0,0.01,0.01,2314.74698,1776196747000
1776196748.757,248.757,0.94,40.0,0.93,37.0,0.95,70.64,0.96,189.41,0.05,30.38,0.04,179.8,0.06,45.0,0.07,52.0,0.01,0.01,2314.74698,1776196747000
1776196749.237,249.237,0.94,55.0,0.93,37.0,0.95,57.53,0.96,123.0,0.05,70.64,0.04,189.41,0.06,40.0,0.07,37.0,0.01,0.01,2314.74698,1776196747000
1776196749.438,249.438,0.94,60.0,0.93,37.0,0.95,7.31,0.96,58.0,0.05,12.58,0.04,58.0,0.06,60.0,0.07,37.0,0.01,0.01,2315.328155,1776196748000
1776196749.984,249.984,0.94,65.0,0.93,37.0,0.95,5.7,0.96,148.0,0.05,5.7,0.04,148.0,0.06,65.0,0.07,37.0,0.01,0.01,2315.458896,1776196749000
1776196750.224,250.224,0.93,14.85,0.92,15.0,0.94,116.93,0.95,5.0,0.06,44.0,0.04,50.78,0.07,14.85,0.08,15.0,0.01,0.01,2315.458896,1776196749000
1776196750.445,250.445,0.93,14.85,0.92,15.0,0.94,162.54,0.95,15.0,0.06,80.61,0.05,15.0,0.07,14.85,0.08,15.0,0.01,0.01,2315.458896,1776196749000
1776196750.863,250.863,0.93,14.85,0.92,15.0,0.94,210.35,0.95,100.0,0.06,150.14,0.05,115.0,0.07,14.85,0.08,15.0,0.01,0.01,2315.458896,1776196749000
1776196751.211,251.211,0.91,2.77,0.9,26.06,0.92,13.0,0.94,73.35,0.06,210.35,0.05,100.0,0.09,10.0,0.1,16.06,0.01,0.03,2315.458896,1776196749000
1776196751.448,251.448,0.91,12.77,0.9,56.06,0.94,73.35,0.95,100.0,0.08,11.0,0.06,73.35,0.09,25.0,0.1,26.06,0.03,0.01,2315.336755,1776196750000
1776196751.91,251.91,0.92,46.0,0.91,17.77,0.94,16.0,0.95,85.8,0.06,73.35,0.05,100.0,0.09,12.77,0.1,56.06,0.02,0.03,2315.336755,1776196750000
1776196752.507,252.507,0.92,46.0,0.91,17.77,0.94,16.0,0.95,85.8,0.06,16.0,0.05,85.8,0.08,46.0,0.09,17.77,0.02,0.02,2315.024289,1776196751000
1776196752.774,252.774,0.91,33.77,0.9,91.06,0.94,21.0,0.95,85.8,0.06,16.0,0.05,85.8,0.08,46.0,0.09,17.77,0.03,0.02,2315.024289,1776196751000
1776196753.153,253.153,0.91,73.77,0.9,61.06,0.94,15.53,0.95,85.8,0.06,15.53,0.05,85.8,0.09,73.77,0.1,61.06,0.03,0.03,2314.895316,1776196752000
1776196753.429,253.429,0.91,28.0,0.9,16.06,0.92,24.0,0.93,20.0,0.06,15.53,0.05,85.8,0.09,73.77,0.1,61.06,0.01,0.03,2314.895316,1776196752000
1776196753.739,253.739,0.9,29.06,0.89,84.52,0.92,41.13,0.93,20.0,0.08,24.0,0.07,20.0,0.09,2.0,0.1,46.06,0.02,0.01,2314.895316,1776196752000
1776196754.325,254.325,0.89,65.52,0.88,102.41,0.92,28.13,0.93,20.0,0.08,28.13,0.07,20.0,0.11,65.52,0.12,102.41,0.03,0.03,2314.889922,1776196753000
1776196754.999,254.999,0.9,15.0,0.89,105.52,0.92,30.58,0.93,20.0,0.08,28.13,0.07,20.0,0.11,65.52,0.12,102.41,0.02,0.03,2314.889922,1776196753000
1776196755.375,255.375,0.91,17.0,0.9,50.0,0.92,4.89,0.93,20.0,0.08,30.58,0.07,20.0,0.1,15.0,0.11,105.52,0.01,0.02,2314.889922,1776196753000
1776196755.709,255.709,0.92,22.0,0.91,55.0,0.93,15.1,0.94,9.53,0.07,20.0,0.06,9.53,0.09,32.0,0.1,90.0,0.01,0.02,2314.89474,1776196754000
1776196756.194,256.194,0.92,22.0,0.91,55.0,0.95,22.7,0.96,232.58,0.05,22.7,0.04,232.58,0.08,22.0,0.09,55.0,0.03,0.03,2314.810826,1776196755000
1776196756.645,256.645,0.91,10.0,0.9,26.0,0.92,24.0,0.93,50.0,0.05,22.7,0.04,232.58,0.08,22.0,0.09,55.0,0.01,0.03,2314.810826,1776196755000
1776196757.274,257.274,0.91,27.0,0.9,45.0,0.92,20.93,0.94,10.0,0.08,24.0,0.07,50.0,0.09,10.0,0.1,26.0,0.01,0.01,2314.810826,1776196755000
1776196757.586,257.586,0.9,27.0,0.89,64.52,0.92,20.93,0.93,10.0,0.08,20.93,0.06,10.0,0.09,27.0,0.1,45.0,0.02,0.01,2314.810826,1776196755000
1776196758.281,258.281,0.91,10.0,0.9,80.0,0.92,19.94,0.93,10.0,0.08,19.94,0.07,10.0,0.09,10.0,0.1,80.0,0.01,0.01,2314.830246,1776196757000
1776196759.516,259.516,0.9,85.0,0.89,141.04,0.92,15.82,0.93,10.0,0.08,15.82,0.07,10.0,0.1,85.0,0.11,141.04,0.02,0.02,2314.800493,1776196758000
1776196760.124,260.124,0.92,31.18,0.91,188.0,0.93,25.0,0.94,15.0,0.07,25.0,0.06,15.0,0.08,31.18,0.09,188.0,0.01,0.01,2314.78275,1776196759000
1776196760.674,260.674,0.9,65.0,0.89,181.04,0.91,21.0,0.93,10.0,0.06,14.25,0.05,10.0,0.08,105.08,0.09,144.0,0.01,0.02,2314.78275,1776196759000
1776196761.337,261.337,0.9,65.0,0.89,181.04,0.91,21.0,0.93,10.0,0.09,21.0,0.07,10.0,0.1,65.0,0.11,181.04,0.01,0.01,2314.80295,1776196760000
1776196762.878,262.878,0.91,54.0,0.9,50.0,0.92,18.0,0.93,10.0,0.08,13.0,0.07,10.0,0.1,105.0,0.11,156.04,0.01,0.02,2314.80295,1776196760000
1776196763.539,263.539,0.89,105.56,0.88,12.31,0.91,10.0,0.92,5.0,0.08,18.0,0.07,10.0,0.09,54.0,0.1,50.0,0.02,0.01,2314.800552,1776196761000
1776196764.299,264.299,0.89,95.65,0.88,12.31,0.92,5.0,0.93,15.0,0.08,5.0,0.07,15.0,0.11,95.65,0.12,12.31,0.03,0.03,2314.749171,1776196763000
1776196764.968,264.968,0.9,15.0,0.89,79.65,0.91,5.22,0.92,5.0,0.09,26.22,0.08,5.0,0.11,84.65,0.12,42.31,0.01,0.02,2314.749171,1776196763000
1776196765.567,265.567,0.9,15.0,0.89,79.65,0.91,5.22,0.92,5.0,0.09,5.22,0.08,5.0,0.1,15.0,0.11,79.65,0.01,0.01,2314.589505,1776196764000
1776196766.153,266.153,0.9,15.0,0.89,79.65,0.91,5.22,0.92,5.0,0.09,5.22,0.08,5.0,0.1,15.0,0.11,79.65,0.01,0.01,2314.57315,1776196765000
1776196766.52,266.52,0.88,22.31,0.87,7.0,0.9,10.0,0.91,63.9,0.09,25.9,0.08,5.0,0.1,5.0,0.11,79.65,0.02,0.01,2314.57315,1776196765000
1776196766.822,266.822,0.88,32.0,0.87,22.0,0.92,8.9,0.93,44.0,0.09,63.9,0.08,45.0,0.12,4.73,0.13,7.0,0.04,0.03,2314.57315,1776196765000
1776196767.558,267.558,0.88,32.0,0.87,22.0,0.92,8.9,0.93,44.0,0.08,8.9,0.07,44.0,0.12,32.0,0.13,22.0,0.04,0.04,2314.554158,1776196766000
1776196768.148,268.148,0.88,32.0,0.87,22.0,0.92,8.9,0.93,44.0,0.08,8.9,0.07,44.0,0.12,32.0,0.13,22.0,0.04,0.04,2314.502017,1776196767000
1776196768.354,268.354,0.9,17.0,0.89,15.0,0.91,5.0,0.92,3.9,0.08,8.9,0.07,44.0,0.12,32.0,0.13,22.0,0.01,0.04,2314.502017,1776196767000
1776196768.749,268.749,0.9,12.0,0.89,30.0,0.91,5.0,0.92,3.9,0.09,5.0,0.08,3.9,0.1,17.0,0.11,15.0,0.01,0.01,2314.502017,1776196767000
1776196769.18,269.18,0.92,30.1,0.91,26.52,0.93,20.0,0.94,14.25,0.08,3.9,0.07,20.0,0.1,68.0,0.11,30.0,0.01,0.02,2314.502017,1776196767000
1776196769.424,269.424,0.92,30.1,0.91,26.52,0.93,20.0,0.94,14.25,0.07,20.0,0.06,14.25,0.08,30.1,0.09,26.52,0.01,0.01,2314.471522,1776196768000
1776196769.811,269.811,0.87,17.0,0.86,10.0,0.89,5.0,0.9,10.0,0.08,10.0,0.07,93.42,0.12,9.15,0.13,19.0,0.02,0.04,2314.471522,1776196768000
1776196770.035,270.035,0.85,4.6,0.84,10.0,0.88,5.0,0.89,5.0,0.12,5.0,0.11,5.0,0.15,4.6,0.16,10.0,0.03,0.03,2314.403069,1776196769000
1776196770.274,270.274,0.85,10.0,0.84,15.0,0.86,63.0,0.88,10.0,0.14,55.0,0.11,5.0,0.17,38.76,0.18,32.0,0.01,0.03,2314.403069,1776196769000
1776196770.595,270.595,0.85,10.0,0.84,15.0,0.86,61.0,0.87,10.0,0.14,63.0,0.12,10.0,0.15,10.0,0.16,15.0,0.01,0.01,2314.403069,1776196769000
1776196770.852,270.852,0.85,20.0,0.84,15.0,0.87,2.29,0.88,10.0,0.13,8.04,0.12,10.0,0.15,10.0,0.16,15.0,0.02,0.02,2314.403069,1776196769000
1776196771.401,271.401,0.85,20.0,0.84,15.0,0.87,2.29,0.88,10.0,0.13,2.29,0.12,10.0,0.15,20.0,0.16,15.0,0.02,0.02,2314.49727,1776196770000
1776196772.148,272.148,0.86,15.0,0.85,30.0,0.87,3.5,0.88,10.0,0.13,3.5,0.12,10.0,0.14,15.0,0.15,30.0,0.01,0.01,2314.335775,1776196771000
1776196772.353,272.353,0.83,10.0,0.82,10.0,0.84,21.25,0.87,151.48,0.13,20.0,0.12,45.0,0.16,10.0,0.17,10.0,0.01,0.03,2314.335775,1776196771000
1776196772.638,272.638,0.8,16.0,0.79,28.0,0.84,9.52,0.85,10.0,0.19,5.0,0.16,10.0,0.2,1.0,0.21,33.0,0.04,0.01,2314.335775,1776196771000
1776196772.845,272.845,0.82,13.94,0.81,15.0,0.86,58.13,0.87,146.48,0.16,20.83,0.15,10.0,0.18,13.94,0.19,15.0,0.04,0.02,2314.335775,1776196771000
1776196773.148,273.148,0.85,29.52,0.84,20.0,0.87,141.48,0.88,44.1,0.14,58.13,0.13,146.48,0.18,13.94,0.19,15.0,0.02,0.04,2314.335775,1776196771000
1776196773.511,273.511,0.85,12.6,0.84,20.0,0.86,10.0,0.87,141.48,0.14,10.0,0.13,141.48,0.15,12.6,0.16,20.0,0.01,0.01,2314.075937,1776196772000
1776196773.823,273.823,0.85,17.6,0.84,15.0,0.86,12.21,0.87,10.0,0.14,10.0,0.13,141.48,0.15,12.6,0.16,20.0,0.01,0.01,2314.075937,1776196772000
1776196774.027,274.027,0.85,7.6,0.84,5.0,0.86,1.2,0.87,10.0,0.14,3.53,0.13,10.0,0.15,22.6,0.16,15.0,0.01,0.01,2314.075937,1776196772000
1776196774.323,274.323,0.83,14.41,0.82,10.0,0.86,1.2,0.87,10.0,0.14,1.2,0.13,10.0,0.15,7.6,0.16,5.0,0.03,0.01,2313.93601,1776196773000
1776196774.634,274.634,0.83,20.0,0.82,15.0,0.85,19.67,0.86,1.2,0.14,1.2,0.13,10.0,0.19,10.0,0.2,14.0,0.02,0.05,2313.93601,1776196773000
1776196775.082,275.082,0.84,27.75,0.83,15.0,0.85,12.94,0.86,1.2,0.15,19.67,0.14,1.2,0.17,20.0,0.18,15.0,0.01,0.02,2313.93601,1776196773000
1776196775.539,275.539,0.85,17.77,0.84,32.75,0.87,10.0,0.88,10.0,0.13,10.0,0.12,10.0,0.15,17.77,0.16,32.75,0.02,0.02,2314.05785,1776196774000
1776196776.28,276.28,0.84,42.75,0.83,15.0,0.86,4.74,0.87,10.0,0.14,4.74,0.13,10.0,0.16,42.75,0.17,15.0,0.02,0.02,2313.9631,1776196775000
1776196776.483,276.483,0.86,114.0,0.85,83.17,0.9,13.16,0.91,10.0,0.11,5.0,0.1,20.0,0.14,114.0,0.15,83.17,0.04,0.03,2313.9631,1776196775000
1776196776.802,276.802,0.89,71.0,0.88,20.0,0.91,9.08,0.92,10.0,0.09,14.51,0.08,10.0,0.11,61.0,0.12,15.0,0.02,0.02,2313.9631,1776196775000
1776196777.045,277.045,0.89,56.0,0.88,15.0,0.9,13.88,0.91,19.08,0.09,9.08,0.08,10.0,0.11,71.0,0.12,20.0,0.01,0.02,2313.9631,1776196775000
1776196777.31,277.31,0.89,36.0,0.88,20.0,0.9,10.0,0.91,19.08,0.1,13.88,0.09,19.08,0.11,56.0,0.12,15.0,0.01,0.01,2313.9631,1776196775000
1776196777.614,277.614,0.85,14.81,0.84,10.0,0.9,10.0,0.91,19.08,0.1,10.0,0.09,19.08,0.15,14.81,0.16,10.0,0.05,0.05,2313.930586,1776196776000
1776196777.845,277.845,0.86,6.71,0.85,14.81,0.88,11.68,0.89,10.0,0.13,15.0,0.12,20.0,0.14,6.71,0.15,14.81,0.02,0.01,2313.930586,1776196776000
1776196778.398,278.398,0.86,4.78,0.85,19.81,0.88,11.68,0.89,10.0,0.12,11.68,0.11,10.0,0.14,6.71,0.15,14.81,0.02,0.02,2313.930586,1776196776000
1776196779.166,279.166,0.86,4.78,0.85,19.81,0.88,11.68,0.89,10.0,0.12,11.68,0.11,10.0,0.14,4.78,0.15,19.81,0.02,0.02,2314.0365,1776196778000
1776196779.492,279.492,0.85,16.83,0.83,10.0,0.86,10.0,0.87,10.0,0.12,11.68,0.11,10.0,0.14,4.78,0.15,19.81,0.01,0.02,2314.0365,1776196778000
1776196779.804,279.804,0.79,10.09,0.78,10.0,0.85,10.0,0.86,60.0,0.16,10.0,0.15,10.0,0.18,6.56,0.19,10.0,0.06,0.02,2314.0365,1776196778000
1776196780.091,280.091,0.81,10.0,0.8,10.0,0.83,9.9,0.84,15.0,0.17,9.9,0.16,15.0,0.19,10.0,0.2,10.0,0.02,0.02,2314.111618,1776196779000
1776196780.826,280.826,0.83,25.0,0.82,25.0,0.85,0.88,0.86,60.0,0.17,12.23,0.16,10.0,0.19,15.0,0.2,15.0,0.02,0.02,2314.111618,1776196779000
1776196781.059,281.059,0.83,25.0,0.82,25.0,0.85,0.88,0.86,60.0,0.15,0.88,0.14,60.0,0.17,25.0,0.18,25.0,0.02,0.02,2314.082434,1776196780000
1776196781.567,281.567,0.84,20.0,0.83,15.0,0.86,0.86,0.87,10.0,0.15,0.88,0.14,60.0,0.17,25.0,0.18,25.0,0.02,0.02,2314.082434,1776196780000
1776196782.149,282.149,0.84,20.0,0.83,15.0,0.86,0.86,0.87,10.0,0.14,0.86,0.13,10.0,0.16,20.0,0.17,15.0,0.02,0.02,2313.676314,1776196781000
1776196783.104,283.104,0.84,20.0,0.83,15.0,0.86,0.86,0.87,10.0,0.14,0.86,0.13,10.0,0.16,20.0,0.17,15.0,0.02,0.02,2313.791669,1776196782000
1776196783.363,283.363,0.85,15.0,0.84,22.0,0.87,4.54,0.88,10.0,0.12,10.0,0.11,10.0,0.15,25.0,0.16,22.0,0.02,0.03,2313.791669,1776196782000
1776196783.568,283.568,0.86,19.9,0.85,15.0,0.87,4.54,0.88,10.0,0.13,4.54,0.12,10.0,0.15,15.0,0.16,22.0,0.01,0.02,2313.791669,1776196782000
1776196783.999,283.999,0.85,7.9,0.84,15.0,0.87,22.3,0.88,10.0,0.13,4.54,0.12,10.0,0.15,13.9,0.16,17.0,0.02,0.02,2313.791669,1776196782000
1776196784.556,284.556,0.84,10.0,0.83,10.0,0.86,10.0,0.87,22.3,0.13,22.3,0.12,10.0,0.15,7.9,0.16,15.0,0.02,0.02,2313.73795,1776196783000
1776196784.942,284.942,0.84,32.0,0.83,15.0,0.85,5.48,0.86,20.0,0.14,10.0,0.13,22.3,0.16,10.0,0.17,10.0,0.01,0.02,2313.73795,1776196783000
1776196785.364,285.364,0.86,121.0,0.85,30.0,0.88,10.0,0.89,10.0,0.13,4.54,0.12,10.0,0.16,47.0,0.17,25.0,0.02,0.03,2313.73795,1776196784000
1776196785.681,285.681,0.91,43.93,0.9,25.0,0.94,10.0,0.95,10.0,0.04,0.78,0.03,104.0,0.07,8.0,0.09,93.93,0.03,0.03,2313.73795,1776196784000
1776196785.969,285.969,0.92,35.0,0.91,74.69,0.93,17.96,0.94,20.0,0.06,10.0,0.05,10.0,0.09,43.93,0.1,25.0,0.01,0.03,2313.73795,1776196784000
1776196786.203,286.203,0.92,30.0,0.91,84.69,0.94,20.0,0.95,10.0,0.06,20.0,0.05,10.0,0.08,30.0,0.09,84.69,0.02,0.02,2313.841415,1776196785000
1776196786.555,286.555,0.91,15.83,0.9,10.0,0.92,117.0,0.93,10.0,0.06,20.0,0.05,10.0,0.08,30.0,0.09,84.69,0.01,0.02,2313.841415,1776196785000
1776196786.908,286.908,0.9,39.0,0.89,90.0,0.91,19.9,0.92,10.0,0.08,122.0,0.07,10.0,0.13,13.25,0.14,20.0,0.01,0.05,2313.841415,1776196785000
1776196787.164,287.164,0.91,85.76,0.9,47.0,0.93,1.91,0.94,10.0,0.06,10.0,0.05,10.0,0.09,20.0,0.1,75.76,0.02,0.03,2313.841415,1776196785000
1776196787.366,287.366,0.92,9.9,0.91,22.0,0.93,15.0,0.94,6.65,0.06,6.65,0.05,10.0,0.08,15.0,0.09,35.0,0.01,0.02,2314.185829,1776196786000
1776196788.037,288.037,0.91,8.0,0.9,10.0,0.93,72.0,0.94,6.65,0.07,15.0,0.06,6.65,0.08,9.9,0.09,22.0,0.02,0.01,2314.185829,1776196786000
1776196788.379,288.379,0.9,9.9,0.89,8.0,0.91,53.9,0.92,10.0,0.09,48.9,0.08,10.0,0.1,10.0,0.11,8.0,0.01,0.01,2313.954344,1776196787000
1776196788.756,288.756,0.89,7.9,0.88,19.0,0.91,58.9,0.92,10.0,0.09,53.9,0.08,10.0,0.1,9.9,0.11,8.0,0.02,0.01,2313.954344,1776196787000
1776196789.271,289.271,0.81,10.0,0.8,18.0,0.88,70.0,0.89,15.0,0.09,58.9,0.08,10.0,0.11,7.9,0.12,19.0,0.07,0.02,2313.954344,1776196787000
1776196789.514,289.514,0.76,8.0,0.75,10.0,0.81,50.0,0.84,31.25,0.14,39.18,0.12,26.0,0.2,10.0,0.21,10.0,0.05,0.06,2314.003874,1776196788000
1776196789.752,289.752,0.84,10.0,0.83,10.0,0.85,33.29,0.86,44.18,0.15,38.0,0.14,44.18,0.17,10.0,0.18,10.0,0.01,0.02,2314.003874,1776196788000
1776196789.97,289.97,0.96,12.28,0.91,65.0,0.97,88.46,0.98,246.0,0.03,110.0,0.02,246.0,0.04,12.28,0.09,50.0,0.01,0.01,2314.003874,1776196788000
1776196790.212,290.212,0.96,107.28,0.95,5.0,0.97,63.96,0.98,246.0,0.03,88.46,0.02,246.0,0.04,12.28,0.09,65.0,0.01,0.01,2314.003874,1776196788000
1776196790.449,290.449,0.96,47.28,0.91,25.0,0.97,11.96,0.98,465.0,0.03,61.96,0.02,241.0,0.04,102.28,0.05,5.0,0.01,0.01,2313.764555,1776196789000
1776196790.722,290.722,0.84,29.0,0.83,10.0,0.9,10.0,0.91,10.0,0.03,661.8,0.02,713.0,0.12,4.0,0.13,10.0,0.06,0.09,2313.764555,1776196789000
1776196790.941,290.941,0.8,10.0,0.79,3.42,0.81,11.0,0.86,50.0,0.19,11.0,0.14,50.0,0.2,10.0,0.21,3.42,0.01,0.01,2313.758946,1776196790000
1776196791.262,291.262,0.8,10.0,0.79,3.42,0.81,4.24,0.84,30.0,0.19,11.0,0.14,50.0,0.2,10.0,0.21,3.42,0.01,0.01,2313.758946,1776196790000
1776196791.801,291.801,0.86,82.0,0.85,15.0,0.87,9.9,0.88,10.0,0.19,3.01,0.16,30.0,0.2,15.0,0.21,3.42,0.01,0.01,2313.758946,1776196790000
1776196792.12,292.12,0.86,55.78,0.85,15.0,0.89,19.9,0.9,107.0,0.11,19.9,0.1,107.0,0.14,55.78,0.15,15.0,0.03,0.03,2313.66632,1776196791000
1776196792.443,292.443,0.87,15.0,0.86,68.78,0.89,16.71,0.9,107.0,0.11,22.33,0.1,107.0,0.13,15.0,0.14,68.78,0.02,0.02,2313.66632,1776196791000
1776196792.792,292.792,0.87,15.3,0.86,60.78,0.89,10.0,0.9,117.0,0.11,16.71,0.1,107.0,0.13,15.0,0.14,68.78,0.02,0.02,2313.66632,1776196791000
1776196793.804,293.804,0.87,15.3,0.86,60.78,0.89,10.0,0.9,117.0,0.11,10.0,0.1,117.0,0.13,15.3,0.14,60.78,0.02,0.02,2313.58979,1776196792000
1776196794.038,294.038,0.88,18.0,0.87,12.3,0.9,77.0,0.91,10.0,0.11,10.0,0.1,117.0,0.13,15.3,0.14,60.78,0.02,0.02,2313.58979,1776196792000
1776196794.344,294.344,0.9,20.0,0.89,75.0,0.91,8.9,0.92,10.0,0.1,77.0,0.09,10.0,0.12,18.0,0.13,12.3,0.01,0.02,2313.58979,1776196792000
1776196794.558,294.558,0.91,50.0,0.9,15.0,0.94,10.0,0.95,379.44,0.05,379.44,0.04,10.0,0.08,10.0,0.09,50.0,0.03,0.03,2313.541535,1776196793000
1776196794.866,294.866,0.92,15.0,0.91,60.0,0.95,356.27,0.96,10.0,0.05,356.27,0.04,10.0,0.09,65.0,0.1,10.0,0.03,0.04,2313.541535,1776196793000
1776196795.14,295.14,0.94,10.0,0.93,10.0,0.95,347.27,0.96,10.0,0.05,347.27,0.04,10.0,0.06,10.0,0.07,10.0,0.01,0.01,2313.63382,1776196794000
1776196795.49,295.49,0.94,22.0,0.93,80.0,0.95,302.17,0.96,10.0,0.05,302.27,0.04,10.0,0.06,17.0,0.07,80.0,0.01,0.01,2313.63382,1776196794000
1776196795.693,295.693,0.94,16.9,0.93,108.76,0.95,236.01,0.96,10.0,0.05,237.07,0.04,10.0,0.06,16.9,0.07,108.76,0.01,0.01,2313.63382,1776196794000
1776196796.093,296.093,0.94,164.9,0.93,85.0,0.95,212.25,0.96,10.0,0.05,236.01,0.04,10.0,0.06,16.9,0.07,108.76,0.01,0.01,2313.63382,1776196794000
1776196796.39,296.39,0.84,10.0,0.83,10.0,0.86,5.0,0.87,51.0,0.05,4498.77,0.04,443.0,0.15,10.0,0.29,10.0,0.02,0.1,2313.63382,1776196794000
1776196796.623,296.623,0.73,59.0,0.72,10.0,0.8,33.66,0.85,30.0,0.25,8.66,0.24,20.83,0.27,74.0,0.28,80.0,0.07,0.02,2313.749289,1776196795000
1776196796.862,296.862,0.8,10.0,0.79,15.0,0.85,12.67,0.86,10.0,0.15,22.67,0.13,10.0,0.22,44.0,0.27,11.49,0.05,0.07,2313.749289,1776196795000
1776196797.081,297.081,0.84,59.0,0.83,15.0,0.87,2.75,0.88,10.0,0.13,10.0,0.12,10.0,0.16,20.0,0.17,15.0,0.03,0.03,2313.749289,1776196795000
1776196797.298,297.298,0.94,148.0,0.93,70.0,0.95,204.6,0.96,10.0,0.05,200.77,0.04,10.0,0.06,10.0,0.13,10.0,0.01,0.01,2313.832162,1776196796000
1776196797.501,297.501,0.94,174.0,0.93,75.0,0.95,49.49,0.96,10.0,0.05,50.55,0.04,10.0,0.06,169.0,0.07,75.0,0.01,0.01,2313.832162,1776196796000
1776196797.752,297.752,0.96,186.25,0.95,336.35,0.97,11.65,0.98,179.0,0.03,16.29,0.02,179.0,0.04,46.25,0.05,195.35,0.01,0.01,2313.832162,1776196796000
1776196798.049,298.049,0.96,186.25,0.95,331.35,0.97,10.1,0.98,169.24,0.02,169.24,0.01,1389.92,0.04,186.25,0.05,331.35,0.01,0.02,2313.832162,1776196796000
1776196798.259,298.259,0.97,197.2,0.96,51.25,0.98,156.09,0.99,1384.92,0.02,161.09,0.01,1384.92,0.03,192.2,0.04,51.25,0.01,0.01,2313.832162,1776196796000
1776196798.461,298.461,0.97,197.2,0.96,51.25,0.99,1383.55,,,0.02,13.63,0.01,1384.92,0.03,197.2,0.04,51.25,0.02,0.01,2313.665752,1776196797000
1776196799.028,299.028,0.99,947.68,0.97,192.2,,,,,,,,,0.01,947.68,0.03,192.2,,,2313.707715,1776196798000
1776196799.26,299.26,0.99,9341.34,0.98,122.6,,,,,,,,,0.01,947.68,0.03,192.2,,,2313.707715,1776196798000
1776196799.583,299.583,0.99,12443.05,0.98,122.6,,,,,,,,,0.01,9341.34,0.02,122.6,,,2313.707715,1776196798000
1776196800.244,300.244,0.99,12443.05,0.98,122.6,,,,,,,,,0.01,12443.05,0.02,122.6,,,2314.00426,1776196799000

# RESULT,winner=Up,slug=eth-updown-5m-1776196500,ticks=579
