timestamp,elapsed_sec,up_bid_p1,up_bid_s1,up_bid_p2,up_bid_s2,up_ask_p1,up_ask_s1,up_ask_p2,up_ask_s2,down_bid_p1,down_bid_s1,down_bid_p2,down_bid_s2,down_ask_p1,down_ask_s1,down_ask_p2,down_ask_s2,up_spread,down_spread,eth_price,eth_oracle_ts
1776345600.754,0.754,0.42,140.0,0.4,38.0,0.44,28.62,0.48,226.4,0.56,41.12,0.52,226.4,0.6,38.0,0.61,34.0,0.02,0.04,2348.2093,1776345599000
1776345601.794,1.794,0.43,40.0,0.42,83.0,0.48,24.62,0.49,411.0,0.56,33.62,0.52,226.4,0.58,65.0,0.6,38.0,0.05,0.02,2348.120778,1776345600000
1776345602.231,2.231,0.46,71.77,0.45,75.0,0.48,29.62,0.49,428.0,0.52,24.62,0.51,411.0,0.57,40.0,0.58,83.0,0.02,0.05,2348.120778,1776345600000
1776345602.459,2.459,0.46,68.6,0.45,75.0,0.48,29.62,0.49,428.0,0.52,29.62,0.51,428.0,0.54,71.77,0.55,75.0,0.02,0.02,2347.941344,1776345601000
1776345603.261,3.261,0.45,175.36,0.44,115.0,0.47,140.0,0.48,139.62,0.52,29.62,0.51,428.0,0.54,7.36,0.55,75.0,0.02,0.02,2347.903383,1776345602000
1776345603.619,3.619,0.46,6.66,0.45,174.5,0.47,218.58,0.48,139.62,0.53,208.58,0.52,139.62,0.55,179.5,0.56,115.0,0.01,0.02,2347.903383,1776345602000
1776345604.122,4.122,0.46,171.66,0.45,215.5,0.47,1.0,0.48,34.62,0.53,218.58,0.52,139.62,0.54,6.66,0.55,174.5,0.01,0.01,2347.903383,1776345602000
1776345604.854,4.854,0.47,107.88,0.46,160.0,0.48,55.62,0.49,534.0,0.52,30.62,0.51,419.0,0.54,171.66,0.55,215.5,0.01,0.02,2347.950393,1776345603000
1776345605.113,5.113,0.46,99.82,0.45,194.5,0.48,20.0,0.49,423.92,0.51,492.92,0.5,190.84,0.53,2.88,0.54,105.0,0.02,0.02,2347.950393,1776345603000
1776345605.838,5.838,0.46,119.82,0.45,209.5,0.47,15.0,0.48,18.0,0.52,20.0,0.51,423.92,0.54,99.82,0.55,194.5,0.01,0.02,2347.96558,1776345604000
1776345606.062,6.062,0.46,120.56,0.45,214.5,0.47,24.0,0.48,18.0,0.53,10.0,0.52,18.0,0.54,119.82,0.55,209.5,0.01,0.01,2347.96558,1776345604000
1776345606.804,6.804,0.46,18.14,0.45,114.5,0.47,19.0,0.48,18.0,0.53,21.87,0.52,18.0,0.54,115.56,0.55,214.5,0.01,0.01,2348.03546,1776345605000
1776345608.906,8.906,0.46,14.39,0.45,104.5,0.47,44.0,0.48,44.78,0.53,19.0,0.52,18.0,0.54,18.14,0.55,114.5,0.01,0.01,2347.96064,1776345608000
1776345609.282,9.282,0.46,72.39,0.45,104.5,0.47,24.95,0.48,105.24,0.53,44.0,0.52,44.78,0.54,14.39,0.55,104.5,0.01,0.01,2347.96064,1776345608000
1776345609.603,9.603,0.46,71.1,0.45,109.5,0.48,35.02,0.49,416.92,0.53,24.95,0.52,105.24,0.54,72.39,0.55,104.5,0.02,0.01,2347.96064,1776345608000
1776345610.228,10.228,0.46,8.1,0.45,104.5,0.47,117.0,0.48,28.0,0.52,35.02,0.51,416.92,0.54,71.1,0.55,109.5,0.01,0.02,2347.96064,1776345608000
1776345610.432,10.432,0.45,107.18,0.43,25.0,0.46,77.5,0.47,57.0,0.53,122.0,0.52,100.55,0.55,104.32,0.57,25.0,0.01,0.02,2347.96064,1776345608000
1776345610.931,10.931,0.43,25.0,0.42,65.0,0.46,107.58,0.47,61.0,0.54,87.5,0.53,61.0,0.55,48.17,0.57,25.0,0.03,0.01,2347.860999,1776345609000
1776345611.579,11.579,0.42,70.0,0.41,10.5,0.43,3.76,0.44,151.95,0.54,107.58,0.53,61.0,0.57,25.0,0.58,65.0,0.01,0.03,2347.859762,1776345610000
1776345612.004,12.004,0.42,48.05,0.41,10.5,0.43,74.34,0.44,61.5,0.57,54.26,0.56,145.95,0.58,68.1,0.59,10.5,0.01,0.01,2347.859762,1776345610000
1776345612.45,12.45,0.39,200.0,0.38,28.0,0.4,12.5,0.41,35.5,0.57,74.34,0.56,61.5,0.59,10.5,0.6,68.0,0.01,0.02,2347.859762,1776345610000
1776345612.84,12.84,0.39,87.41,0.38,38.5,0.4,5.0,0.41,10.5,0.6,12.5,0.59,35.5,0.61,190.96,0.62,28.0,0.01,0.01,2347.63587,1776345611000
1776345613.125,13.125,0.41,4.95,0.4,31.0,0.42,20.5,0.43,10.5,0.58,20.5,0.57,10.5,0.61,98.01,0.62,38.5,0.01,0.03,2347.63587,1776345611000
1776345614.334,14.334,0.45,49.0,0.44,93.0,0.47,0.53,0.49,364.92,0.58,20.5,0.57,10.5,0.59,4.95,0.6,31.0,0.02,0.01,2347.574865,1776345613000
1776345614.841,14.841,0.46,41.0,0.45,40.0,0.48,6.33,0.49,442.92,0.53,2.41,0.51,432.92,0.54,20.0,0.55,45.0,0.02,0.01,2347.574865,1776345613000
1776345616.183,16.183,0.47,5.0,0.46,15.0,0.48,160.34,0.49,414.92,0.52,6.33,0.51,442.92,0.54,41.0,0.55,40.0,0.01,0.02,2347.670736,1776345614000
1776345617.922,17.922,0.41,50.0,0.4,69.99,0.42,126.04,0.43,75.5,0.52,160.34,0.51,414.92,0.53,5.0,0.54,15.0,0.01,0.01,2347.93698,1776345616000
1776345618.805,18.805,0.39,64.99,0.38,63.5,0.42,103.65,0.43,50.5,0.58,118.65,0.57,85.5,0.59,21.0,0.6,32.0,0.03,0.01,2347.83811,1776345617000
1776345619.376,19.376,0.4,4.58,0.39,74.99,0.41,25.5,0.42,108.65,0.58,103.65,0.57,50.5,0.61,64.99,0.62,63.5,0.01,0.03,2347.83811,1776345617000
1776345621.435,21.435,0.4,117.59,0.39,45.5,0.41,10.0,0.42,10.0,0.59,25.5,0.58,108.65,0.6,4.58,0.61,74.99,0.01,0.01,2347.611376,1776345620000
1776345622.607,22.607,0.42,2.9,0.41,25.0,0.43,78.5,0.44,55.5,0.59,10.0,0.58,10.0,0.6,117.59,0.61,45.5,0.01,0.01,2347.578793,1776345621000
1776345623.458,23.458,0.42,7.9,0.41,25.0,0.43,25.52,0.44,113.5,0.57,78.5,0.56,55.5,0.58,2.9,0.59,25.0,0.01,0.01,2347.623215,1776345622000
1776345626.528,26.528,0.4,14.93,0.39,35.49,0.42,110.5,0.43,45.5,0.57,25.52,0.56,113.5,0.58,7.9,0.59,25.0,0.02,0.01,2347.645454,1776345625000
1776345627.306,27.306,0.39,65.12,0.38,109.5,0.41,25.0,0.42,93.5,0.58,110.5,0.57,45.5,0.6,14.93,0.61,35.49,0.02,0.02,2347.645454,1776345625000
1776345627.613,27.613,0.39,54.71,0.38,109.5,0.41,30.0,0.42,93.5,0.59,25.0,0.58,93.5,0.61,65.12,0.62,109.5,0.02,0.02,2347.645454,1776345625000
1776345631.259,31.259,0.38,25.0,0.37,45.0,0.39,174.93,0.4,91.5,0.59,30.0,0.58,93.5,0.61,54.71,0.62,109.5,0.01,0.02,2347.478351,1776345630000
1776345632.69,32.69,0.36,43.32,0.35,65.0,0.37,122.0,0.38,98.0,0.61,174.93,0.6,91.5,0.62,25.0,0.63,45.0,0.01,0.01,2347.38635,1776345631000
1776345632.994,32.994,0.36,39.82,0.35,62.0,0.37,24.0,0.38,69.5,0.63,122.0,0.62,98.0,0.64,43.32,0.65,65.0,0.01,0.01,2347.199164,1776345632000
1776345634.057,34.057,0.36,11.8,0.35,133.5,0.37,221.0,0.38,49.0,0.63,24.0,0.62,69.5,0.64,39.82,0.65,62.0,0.01,0.01,2347.199164,1776345632000
1776345634.806,34.806,0.36,9.9,0.35,75.5,0.37,206.0,0.38,59.5,0.63,221.0,0.62,49.0,0.64,11.8,0.65,133.5,0.01,0.01,2347.11394,1776345633000
1776345635.792,35.792,0.34,75.0,0.33,33.12,0.36,152.5,0.37,198.5,0.63,206.0,0.62,59.5,0.64,4.9,0.65,75.5,0.02,0.01,2347.220635,1776345634000
1776345636.525,36.525,0.33,15.2,0.32,62.5,0.34,10.0,0.35,105.0,0.64,152.5,0.63,198.5,0.66,75.0,0.67,33.12,0.01,0.02,2347.25399,1776345635000
1776345636.822,36.822,0.33,6.2,0.32,62.5,0.34,27.0,0.35,83.5,0.66,10.0,0.65,88.5,0.67,20.2,0.68,62.5,0.01,0.01,2347.25399,1776345635000
1776345637.961,37.961,0.33,6.2,0.32,80.62,0.34,80.19,0.35,30.5,0.66,27.0,0.65,83.5,0.67,6.2,0.68,62.5,0.01,0.01,2347.068079,1776345637000
1776345638.402,38.402,0.33,28.2,0.32,77.5,0.34,45.24,0.35,15.0,0.66,80.19,0.65,30.5,0.67,6.2,0.68,80.62,0.01,0.01,2347.068079,1776345637000
1776345639.357,39.357,0.33,63.72,0.32,72.5,0.34,25.09,0.35,20.0,0.66,45.24,0.65,15.0,0.67,28.2,0.68,77.5,0.01,0.01,2347.089515,1776345638000
1776345640.318,40.318,0.33,79.12,0.32,72.5,0.34,27.14,0.35,15.0,0.66,25.09,0.65,20.0,0.67,62.07,0.68,72.5,0.01,0.01,2347.093205,1776345639000
1776345641.136,41.136,0.33,89.12,0.32,84.5,0.34,26.25,0.35,68.0,0.66,27.14,0.65,15.0,0.67,79.12,0.68,72.5,0.01,0.01,2347.098229,1776345640000
1776345641.502,41.502,0.33,63.53,0.32,84.5,0.34,4.59,0.35,68.0,0.66,4.59,0.65,68.0,0.67,119.77,0.68,84.5,0.01,0.01,2347.098229,1776345640000
1776345641.734,41.734,0.34,63.03,0.33,39.99,0.36,4.59,0.37,20.0,0.66,4.59,0.65,68.0,0.67,63.53,0.68,84.5,0.02,0.01,2347.098229,1776345640000
1776345642.041,42.041,0.35,33.21,0.34,25.96,0.36,5.0,0.37,30.0,0.64,9.59,0.63,20.0,0.65,10.65,0.66,63.49,0.01,0.01,2347.10442,1776345641000
1776345642.254,42.254,0.36,28.78,0.35,64.59,0.37,10.0,0.38,143.22,0.63,10.0,0.62,59.0,0.65,31.65,0.66,25.96,0.01,0.02,2347.10442,1776345641000
1776345642.837,42.837,0.36,44.06,0.35,129.59,0.38,10.0,0.39,55.0,0.63,10.0,0.62,143.22,0.64,28.78,0.65,64.59,0.02,0.01,2347.10442,1776345641000
1776345643.049,43.049,0.37,57.78,0.36,38.78,0.38,10.0,0.39,55.0,0.62,10.0,0.61,55.0,0.63,22.5,0.64,33.78,0.01,0.01,2347.10442,1776345641000
1776345643.612,43.612,0.37,42.78,0.36,38.78,0.38,10.0,0.39,55.0,0.62,10.0,0.61,55.0,0.63,57.78,0.64,38.78,0.01,0.01,2347.15873,1776345642000
1776345644.236,44.236,0.37,20.5,0.36,20.5,0.38,39.0,0.39,75.5,0.62,10.0,0.61,55.0,0.63,42.78,0.64,38.78,0.01,0.01,2347.207,1776345643000
1776345646.822,46.822,0.36,28.48,0.35,58.05,0.37,33.0,0.38,57.0,0.62,39.0,0.61,75.5,0.63,20.5,0.64,20.5,0.01,0.01,2347.3836,1776345645000
1776345648.427,48.427,0.36,37.48,0.35,56.99,0.37,65.97,0.38,62.0,0.63,33.0,0.62,57.0,0.64,17.48,0.65,58.05,0.01,0.01,2347.367,1776345647000
1776345649.689,49.689,0.35,20.0,0.34,39.0,0.37,137.5,0.38,97.5,0.63,65.97,0.62,62.0,0.64,37.48,0.65,56.99,0.02,0.01,2347.352666,1776345648000
1776345650.842,50.842,0.33,5.05,0.32,101.0,0.34,145.0,0.35,53.5,0.63,137.5,0.62,97.5,0.65,20.0,0.66,39.0,0.01,0.02,2347.403547,1776345649000
1776345651.109,51.109,0.33,1.06,0.32,106.0,0.34,150.0,0.35,53.5,0.66,145.0,0.65,53.5,0.67,5.05,0.68,101.0,0.01,0.01,2347.300039,1776345650000
1776345652.725,52.725,0.32,46.46,0.31,125.5,0.33,8.84,0.34,63.67,0.66,150.0,0.65,53.5,0.67,1.06,0.68,106.0,0.01,0.01,2347.1703,1776345651000
1776345653.435,53.435,0.31,100.0,0.3,107.23,0.33,130.54,0.34,74.17,0.67,8.84,0.66,63.67,0.68,46.46,0.69,125.5,0.02,0.01,2347.232565,1776345652000
1776345654.737,54.737,0.31,15.0,0.3,113.23,0.32,183.21,0.33,91.34,0.67,130.54,0.66,74.17,0.69,100.0,0.7,107.23,0.01,0.02,2347.217215,1776345653000
1776345655.068,55.068,0.3,113.23,0.29,59.0,0.32,183.21,0.33,91.34,0.68,183.21,0.67,91.34,0.69,15.0,0.7,113.23,0.02,0.01,2347.142057,1776345654000
1776345655.529,55.529,0.3,5.23,0.29,62.46,0.31,192.47,0.32,73.21,0.68,183.21,0.67,91.34,0.7,113.23,0.71,59.0,0.01,0.02,2347.142057,1776345654000
1776345656.571,56.571,0.3,9.01,0.29,12.46,0.31,183.27,0.32,98.21,0.69,192.47,0.68,73.21,0.7,5.23,0.71,62.46,0.01,0.01,2347.142057,1776345654000
1776345657.568,57.568,0.29,12.46,0.28,91.0,0.3,105.62,0.31,73.27,0.69,183.27,0.68,98.21,0.7,9.01,0.71,12.46,0.01,0.01,2346.986124,1776345656000
1776345660.818,60.818,0.27,50.0,0.26,52.0,0.28,216.92,0.29,120.5,0.7,105.62,0.69,73.27,0.71,12.46,0.72,91.0,0.01,0.01,2346.756488,1776345659000
1776345661.02,61.02,0.25,161.9,0.24,10.0,0.27,200.0,0.28,165.5,0.72,216.92,0.71,120.5,0.73,50.0,0.74,52.0,0.02,0.01,2346.756488,1776345659000
1776345661.973,61.973,0.25,53.06,0.23,75.0,0.26,141.5,0.27,99.63,0.73,200.0,0.72,165.5,0.75,131.9,0.76,10.0,0.01,0.02,2346.833745,1776345660000
1776345662.241,62.241,0.25,48.16,0.23,75.0,0.26,262.62,0.27,61.63,0.74,141.5,0.73,99.63,0.75,53.06,0.77,75.0,0.01,0.01,2346.791745,1776345661000
1776345662.449,62.449,0.25,7.35,0.22,100.0,0.26,317.82,0.27,116.33,0.74,317.82,0.73,116.33,0.75,12.35,0.78,100.0,0.01,0.01,2346.791745,1776345661000
1776345662.733,62.733,0.21,52.0,0.2,6.0,0.22,5.45,0.23,114.5,0.74,317.82,0.73,116.33,0.78,100.0,0.79,52.0,0.01,0.04,2346.791745,1776345661000
1776345663.11,63.11,0.21,47.0,0.19,10.5,0.22,151.5,0.23,25.0,0.74,123.68,0.73,46.5,0.79,52.0,0.8,6.0,0.01,0.05,2346.791745,1776345661000
1776345663.572,63.572,0.21,22.0,0.19,5.0,0.22,240.54,0.23,120.0,0.78,151.5,0.77,25.0,0.79,47.0,0.81,10.5,0.01,0.01,2346.791745,1776345661000
1776345663.841,63.841,0.21,8.33,0.18,55.0,0.22,218.5,0.23,132.37,0.78,240.54,0.77,120.0,0.79,22.0,0.81,5.0,0.01,0.01,2346.43916,1776345662000
1776345664.218,64.218,0.18,6.48,0.17,53.5,0.19,62.0,0.2,27.0,0.81,35.0,0.8,27.0,0.82,14.16,0.83,87.96,0.01,0.01,2346.43916,1776345662000
1776345664.606,64.606,0.18,6.48,0.17,45.5,0.19,91.0,0.2,37.5,0.81,62.0,0.8,27.0,0.82,6.48,0.83,53.5,0.01,0.01,2346.30351,1776345663000
1776345665.437,65.437,0.18,5.26,0.17,45.5,0.19,125.73,0.2,95.5,0.81,80.73,0.8,85.0,0.82,6.48,0.83,45.5,0.01,0.01,2346.30351,1776345663000
1776345666.099,66.099,0.18,18.62,0.17,113.5,0.19,106.0,0.2,77.0,0.81,125.73,0.8,95.5,0.82,5.26,0.83,45.5,0.01,0.01,2346.201787,1776345664000
1776345666.456,66.456,0.17,173.49,0.16,66.51,0.18,37.31,0.19,5.0,0.82,21.88,0.81,106.0,0.83,113.5,0.84,78.99,0.01,0.01,2345.884617,1776345665000
1776345667.289,67.289,0.17,5.0,0.16,58.98,0.18,144.19,0.19,15.0,0.82,5.75,0.81,5.0,0.83,173.49,0.84,66.51,0.01,0.01,2345.884617,1776345665000
1776345668.279,68.279,0.16,41.5,0.15,72.98,0.18,181.19,0.19,15.0,0.82,144.19,0.81,15.0,0.83,5.0,0.84,58.98,0.02,0.01,2345.884617,1776345665000
1776345668.715,68.715,0.16,39.47,0.15,72.98,0.17,104.0,0.18,143.44,0.82,181.19,0.81,15.0,0.84,41.5,0.85,72.98,0.01,0.02,2345.884617,1776345665000
1776345669.189,69.189,0.16,74.47,0.15,50.5,0.17,124.0,0.18,71.0,0.83,104.0,0.82,143.44,0.84,39.47,0.85,72.98,0.01,0.01,2345.884617,1776345665000
1776345669.608,69.608,0.16,66.14,0.15,55.5,0.17,40.0,0.18,29.0,0.83,124.0,0.82,71.0,0.84,74.47,0.85,50.5,0.01,0.01,2345.884617,1776345665000
1776345670.525,70.525,0.17,213.5,0.16,183.63,0.18,27.1,0.2,33.88,0.83,40.0,0.82,29.0,0.84,66.14,0.85,55.5,0.01,0.01,2345.884617,1776345665000
1776345670.797,70.797,0.19,90.98,0.18,78.5,0.2,10.88,0.22,96.46,0.8,35.88,0.78,38.46,0.81,64.5,0.82,77.49,0.01,0.01,2345.884617,1776345665000
1776345671.25,71.25,0.21,20.5,0.2,38.5,0.22,130.46,0.24,20.5,0.8,10.88,0.78,101.46,0.81,79.74,0.82,78.5,0.01,0.01,2345.884617,1776345665000
1776345671.801,71.801,0.2,39.5,0.19,64.01,0.22,130.46,0.24,20.5,0.78,130.46,0.76,20.5,0.79,20.5,0.8,38.5,0.02,0.01,2345.884617,1776345665000
1776345672.884,72.884,0.21,30.5,0.2,46.01,0.22,121.46,0.23,10.0,0.78,130.46,0.76,20.5,0.8,39.5,0.81,64.01,0.01,0.02,2345.884617,1776345665000
1776345673.835,73.835,0.21,25.5,0.2,51.01,0.22,136.46,0.23,20.5,0.78,121.46,0.77,10.0,0.79,30.5,0.8,46.01,0.01,0.01,2345.884617,1776345665000
1776345674.347,74.347,0.21,10.0,0.2,38.5,0.22,217.61,0.23,45.5,0.78,136.46,0.77,20.5,0.79,25.5,0.8,51.01,0.01,0.01,2345.884617,1776345665000
1776345675.757,75.757,0.21,13.5,0.2,25.5,0.22,196.06,0.23,20.5,0.78,212.61,0.77,45.5,0.79,3.0,0.8,38.5,0.01,0.01,2346.239444,1776345674000
1776345676.948,76.948,0.21,9.7,0.2,41.49,0.22,119.06,0.23,20.5,0.78,196.06,0.77,20.5,0.79,13.5,0.8,25.5,0.01,0.01,2346.326755,1776345675000
1776345677.712,77.712,0.21,9.7,0.2,41.49,0.22,183.56,0.23,45.5,0.78,119.06,0.77,20.5,0.79,9.7,0.8,41.49,0.01,0.01,2346.32859,1776345676000
1776345678.167,78.167,0.21,3.37,0.2,41.49,0.22,183.56,0.23,45.5,0.78,183.56,0.77,45.5,0.79,9.7,0.8,41.49,0.01,0.01,2346.33017,1776345677000
1776345679.566,79.566,0.2,61.49,0.19,69.49,0.21,38.33,0.22,83.56,0.78,183.56,0.77,45.5,0.79,3.37,0.8,41.49,0.01,0.01,2346.234996,1776345678000
1776345681.117,81.117,0.2,22.6,0.19,60.49,0.21,137.33,0.22,52.91,0.79,38.33,0.78,83.56,0.8,61.49,0.81,69.49,0.01,0.01,2346.310103,1776345680000
1776345681.549,81.549,0.19,60.49,0.18,25.5,0.2,43.64,0.21,162.65,0.79,137.33,0.78,52.91,0.8,22.6,0.81,60.49,0.01,0.01,2346.310103,1776345680000
1776345681.937,81.937,0.19,75.49,0.18,50.5,0.21,9.4,0.22,52.91,0.8,43.64,0.79,162.65,0.81,60.49,0.82,25.5,0.02,0.01,2346.310103,1776345680000
1776345684.03,84.03,0.15,15.39,0.14,120.0,0.16,198.25,0.17,34.5,0.79,9.4,0.78,52.91,0.81,75.49,0.82,50.5,0.01,0.02,2346.241281,1776345682000
1776345685.178,85.178,0.14,230.58,0.13,227.5,0.15,85.33,0.16,146.25,0.84,198.25,0.83,34.5,0.85,15.39,0.86,120.0,0.01,0.01,2345.9765,1776345684000
1776345685.92,85.92,0.14,88.6,0.13,227.5,0.15,53.33,0.16,157.1,0.85,85.33,0.84,146.25,0.86,230.58,0.87,227.5,0.01,0.01,2345.9765,1776345684000
1776345686.463,86.463,0.14,62.6,0.13,220.83,0.15,97.66,0.16,145.1,0.85,53.33,0.84,157.1,0.86,88.6,0.87,227.5,0.01,0.01,2345.792523,1776345685000
1776345687.114,87.114,0.14,44.0,0.13,169.5,0.15,92.66,0.16,145.1,0.85,97.66,0.84,145.1,0.86,62.6,0.87,220.83,0.01,0.01,2345.792513,1776345686000
1776345687.53,87.53,0.14,42.0,0.13,169.5,0.15,85.99,0.16,145.1,0.85,85.99,0.84,145.1,0.86,44.0,0.87,169.5,0.01,0.01,2345.792513,1776345686000
1776345688.215,88.215,0.14,61.39,0.13,164.5,0.15,128.65,0.16,87.1,0.85,142.32,0.84,87.1,0.86,42.0,0.87,169.5,0.01,0.01,2345.837308,1776345687000
1776345688.454,88.454,0.14,54.39,0.13,164.5,0.15,128.65,0.16,87.1,0.85,128.65,0.84,87.1,0.86,61.39,0.87,164.5,0.01,0.01,2345.837308,1776345687000
1776345688.707,88.707,0.14,54.39,0.13,164.5,0.15,126.98,0.16,87.1,0.85,128.65,0.84,87.1,0.86,54.39,0.87,164.5,0.01,0.01,2345.837308,1776345687000
1776345691.294,91.294,0.14,208.89,0.13,183.5,0.15,6.0,0.16,42.85,0.85,126.98,0.84,87.1,0.86,54.39,0.87,164.5,0.01,0.01,2345.774022,1776345690000
1776345692.303,92.303,0.15,176.89,0.14,112.5,0.16,24.28,0.17,69.0,0.84,42.85,0.83,39.0,0.86,208.89,0.87,183.5,0.01,0.02,2345.774022,1776345690000
1776345693.7,93.7,0.15,141.39,0.14,112.5,0.16,44.28,0.17,127.0,0.84,24.28,0.83,69.0,0.85,176.89,0.86,112.5,0.01,0.01,2345.852516,1776345692000
1776345695.736,95.736,0.15,248.0,0.14,54.5,0.16,16.78,0.17,45.0,0.84,44.28,0.83,127.0,0.85,141.39,0.86,112.5,0.01,0.01,2345.9031,1776345694000
1776345696.624,96.624,0.18,79.5,0.17,49.5,0.19,58.0,0.2,66.99,0.83,45.0,0.81,66.0,0.85,243.0,0.86,54.5,0.01,0.02,2345.89825,1776345695000
1776345698.192,98.192,0.18,108.4,0.17,90.5,0.19,110.65,0.2,61.99,0.81,58.0,0.8,66.99,0.82,79.5,0.83,49.5,0.01,0.01,2346.147239,1776345697000
1776345699.632,99.632,0.18,73.0,0.17,74.5,0.19,115.65,0.2,72.49,0.81,110.65,0.8,61.99,0.82,108.4,0.83,90.5,0.01,0.01,2346.213618,1776345698000
1776345700.539,100.539,0.18,72.0,0.17,79.5,0.19,115.12,0.2,72.49,0.81,115.65,0.8,72.49,0.82,73.0,0.83,74.5,0.01,0.01,2346.215324,1776345699000
1776345701.858,101.858,0.18,70.75,0.17,82.5,0.19,156.56,0.2,72.49,0.81,115.12,0.8,72.49,0.82,70.75,0.83,79.5,0.01,0.01,2346.25785,1776345700000
1776345702.232,102.232,0.18,68.75,0.17,82.5,0.19,115.91,0.2,104.42,0.81,156.56,0.8,72.49,0.82,70.75,0.83,82.5,0.01,0.01,2346.254022,1776345701000
1776345703.175,103.175,0.18,71.84,0.17,83.5,0.19,95.38,0.2,104.42,0.81,105.91,0.8,104.42,0.82,76.84,0.83,67.5,0.01,0.01,2346.254022,1776345701000
1776345706.872,106.872,0.18,57.51,0.17,78.5,0.19,129.44,0.2,87.12,0.81,95.38,0.8,104.42,0.82,71.84,0.83,83.5,0.01,0.01,2346.1945,1776345705000
1776345710.33,110.33,0.18,195.5,0.17,134.0,0.19,2.0,0.2,70.0,0.81,66.44,0.8,123.0,0.82,62.51,0.83,78.5,0.01,0.01,2346.369108,1776345709000
1776345711.477,111.477,0.18,64.29,0.17,131.0,0.19,47.0,0.2,138.0,0.81,2.0,0.8,70.0,0.82,195.5,0.83,134.0,0.01,0.01,2346.369108,1776345709000
1776345712.199,112.199,0.16,25.0,0.15,118.2,0.19,178.5,0.2,95.5,0.81,47.0,0.8,138.0,0.82,64.29,0.83,131.0,0.03,0.01,2346.39255,1776345710000
1776345714.328,114.328,0.15,72.0,0.14,86.0,0.16,165.0,0.17,39.5,0.84,14.0,0.83,19.0,0.85,61.0,0.86,84.9,0.01,0.01,2346.345577,1776345713000
1776345716.327,116.327,0.15,183.5,0.14,117.5,0.16,45.0,0.17,34.0,0.84,165.0,0.83,39.5,0.85,72.0,0.86,86.0,0.01,0.01,2346.035685,1776345715000
1776345718.328,118.328,0.15,97.0,0.14,129.5,0.16,55.0,0.17,29.0,0.84,45.0,0.83,34.0,0.85,183.5,0.86,117.5,0.01,0.01,2346.167139,1776345717000
1776345719.132,119.132,0.15,97.5,0.14,145.5,0.16,37.56,0.17,87.0,0.84,47.56,0.83,29.0,0.85,92.0,0.86,129.5,0.01,0.01,2346.23478,1776345718000
1776345720.327,120.327,0.15,37.0,0.14,145.5,0.16,37.56,0.17,87.0,0.84,37.56,0.83,87.0,0.85,97.5,0.86,145.5,0.01,0.01,2346.23478,1776345718000
1776345721.547,121.547,0.14,151.5,0.13,256.3,0.15,53.24,0.16,37.56,0.84,37.56,0.83,87.0,0.85,37.0,0.86,145.5,0.01,0.01,2346.171175,1776345720000
1776345722.439,122.439,0.14,20.0,0.13,176.0,0.15,229.57,0.16,33.06,0.85,103.57,0.84,33.06,0.86,57.0,0.87,266.8,0.01,0.01,2346.188,1776345721000
1776345723.112,123.112,0.13,46.0,0.12,46.09,0.14,7.85,0.15,202.57,0.85,229.57,0.84,33.06,0.86,20.0,0.87,176.0,0.01,0.01,2346.188,1776345721000
1776345723.615,123.615,0.12,11.09,0.11,10.0,0.13,7.3,0.14,28.85,0.86,17.85,0.85,202.57,0.88,46.09,0.89,10.0,0.01,0.02,2346.167442,1776345722000
1776345723.851,123.851,0.12,16.09,0.1,322.0,0.13,20.1,0.14,26.35,0.87,7.3,0.86,28.85,0.88,11.09,0.89,10.0,0.01,0.01,2346.167442,1776345722000
1776345724.106,124.106,0.1,385.0,0.09,76.0,0.11,0.9,0.12,10.0,0.87,60.1,0.86,56.35,0.9,380.0,0.91,76.0,0.01,0.03,2346.161984,1776345723000
1776345724.45,124.45,0.1,385.0,0.09,82.0,0.11,44.8,0.12,32.5,0.89,0.9,0.88,10.0,0.9,385.0,0.91,76.0,0.01,0.01,2346.161984,1776345723000
1776345724.863,124.863,0.1,423.0,0.09,125.0,0.12,29.22,0.13,36.1,0.89,18.7,0.88,32.5,0.9,428.0,0.91,76.0,0.02,0.01,2346.161984,1776345723000
1776345725.094,125.094,0.1,428.0,0.09,125.0,0.11,0.9,0.12,29.22,0.88,29.22,0.87,36.1,0.9,423.0,0.91,125.0,0.01,0.02,2346.161984,1776345723000
1776345725.353,125.353,0.1,398.0,0.09,125.0,0.11,15.9,0.12,29.22,0.89,0.9,0.88,29.22,0.9,428.0,0.91,125.0,0.01,0.01,2345.740532,1776345724000
1776345725.586,125.586,0.1,343.0,0.09,125.0,0.11,6.8,0.12,29.22,0.89,15.9,0.88,29.22,0.9,398.0,0.91,125.0,0.01,0.01,2345.740532,1776345724000
1776345726.107,126.107,0.1,328.0,0.09,120.0,0.12,26.71,0.13,94.1,0.89,6.8,0.88,29.22,0.9,343.0,0.91,125.0,0.02,0.01,2345.740532,1776345724000
1776345726.723,126.723,0.1,328.0,0.09,126.0,0.12,18.37,0.13,94.1,0.88,26.71,0.87,94.1,0.9,328.0,0.91,120.0,0.02,0.02,2345.755678,1776345725000
1776345728.725,128.725,0.13,49.5,0.12,54.5,0.14,56.68,0.15,63.24,0.88,18.37,0.87,94.1,0.9,328.0,0.91,126.0,0.01,0.02,2345.564803,1776345727000
1776345729.425,129.425,0.13,22.0,0.12,49.5,0.14,121.68,0.15,78.74,0.86,56.68,0.85,63.24,0.87,49.5,0.88,54.5,0.01,0.01,2345.601174,1776345728000
1776345731.266,131.266,0.13,30.0,0.12,47.0,0.14,126.18,0.15,78.74,0.86,121.68,0.85,78.74,0.87,22.0,0.88,49.5,0.01,0.01,2346.072022,1776345730000
1776345736.473,136.473,0.1,220.5,0.09,129.0,0.11,9.0,0.12,20.0,0.86,126.18,0.85,78.74,0.87,30.0,0.88,47.0,0.01,0.01,2345.747469,1776345735000
1776345736.786,136.786,0.12,9.72,0.11,23.0,0.13,78.0,0.14,21.35,0.88,2.28,0.87,78.0,0.9,215.5,0.91,129.0,0.01,0.02,2345.747469,1776345735000
1776345737.156,137.156,0.12,22.44,0.11,36.0,0.13,10.0,0.14,12.35,0.87,78.0,0.86,21.35,0.88,9.72,0.89,23.0,0.01,0.01,2345.653398,1776345736000
1776345737.744,137.744,0.12,17.44,0.11,104.5,0.15,71.73,0.16,41.06,0.87,10.0,0.86,12.35,0.88,22.44,0.89,36.0,0.03,0.01,2345.653398,1776345736000
1776345739.808,139.808,0.12,57.22,0.11,109.5,0.13,4.62,0.14,10.0,0.85,71.73,0.84,41.06,0.88,17.44,0.89,104.5,0.01,0.03,2345.897116,1776345738000
1776345741.331,141.331,0.12,69.22,0.11,157.5,0.14,129.12,0.15,81.73,0.87,4.62,0.86,10.0,0.88,57.22,0.89,109.5,0.02,0.01,2345.964425,1776345740000
1776345747.231,147.231,0.1,133.0,0.09,209.0,0.11,34.53,0.12,25.5,0.86,129.12,0.85,81.73,0.88,69.22,0.89,157.5,0.01,0.02,2345.950057,1776345746000
1776345752.494,152.494,0.09,115.11,0.08,181.0,0.1,75.5,0.11,133.48,0.89,34.53,0.88,25.5,0.9,133.0,0.91,209.0,0.01,0.01,2345.8845,1776345751000
1776345752.717,152.717,0.09,79.83,0.08,181.0,0.1,80.5,0.11,133.48,0.9,75.5,0.89,133.48,0.91,115.11,0.92,181.0,0.01,0.01,2345.8845,1776345751000
1776345753.201,153.201,0.09,74.49,0.08,181.0,0.1,85.5,0.11,128.48,0.9,75.5,0.89,128.48,0.91,81.69,0.92,181.0,0.01,0.01,2345.779531,1776345752000
1776345753.784,153.784,0.08,107.91,0.07,367.0,0.09,116.5,0.1,134.81,0.9,85.5,0.89,128.48,0.91,74.49,0.92,181.0,0.01,0.01,2345.779531,1776345752000
1776345754.362,154.362,0.08,53.35,0.07,355.0,0.09,202.5,0.1,181.97,0.91,179.5,0.9,140.49,0.92,70.35,0.93,367.0,0.01,0.01,2345.684959,1776345753000
1776345754.629,154.629,0.08,65.26,0.07,360.0,0.09,207.5,0.1,206.97,0.91,202.5,0.9,181.97,0.92,53.35,0.93,355.0,0.01,0.01,2345.684959,1776345753000
1776345755.036,155.036,0.08,60.26,0.07,355.0,0.09,217.5,0.1,160.49,0.91,207.5,0.9,206.97,0.92,65.26,0.93,360.0,0.01,0.01,2345.604649,1776345754000
1776345755.384,155.384,0.08,22.21,0.07,355.0,0.09,210.5,0.1,170.49,0.91,217.5,0.9,160.49,0.92,60.26,0.93,355.0,0.01,0.01,2345.604649,1776345754000
1776345755.889,155.889,0.08,22.21,0.07,355.0,0.09,235.42,0.1,170.49,0.91,210.5,0.9,170.49,0.92,22.21,0.93,355.0,0.01,0.01,2345.604649,1776345754000
1776345757.021,157.021,0.08,9.21,0.07,355.0,0.09,186.87,0.1,177.04,0.91,235.42,0.9,170.49,0.92,22.21,0.93,355.0,0.01,0.01,2345.442074,1776345755000
1776345757.497,157.497,0.08,5.3,0.07,355.0,0.09,212.87,0.1,177.04,0.91,186.87,0.9,177.04,0.92,9.21,0.93,355.0,0.01,0.01,2345.354411,1776345756000
1776345759.353,159.353,0.07,340.3,0.06,215.0,0.09,261.01,0.1,247.03,0.91,212.87,0.9,177.04,0.92,5.3,0.93,355.0,0.02,0.01,2345.327103,1776345758000
1776345760.226,160.226,0.07,332.77,0.06,202.0,0.08,197.29,0.09,250.01,0.92,26.5,0.91,230.01,0.93,337.77,0.94,202.0,0.01,0.01,2345.326463,1776345759000
1776345764.349,164.349,0.07,157.77,0.06,218.0,0.08,98.4,0.09,167.64,0.92,197.29,0.91,250.01,0.93,332.77,0.94,202.0,0.01,0.01,2345.327174,1776345763000
1776345765.038,165.038,0.07,169.64,0.06,146.0,0.08,268.27,0.09,142.64,0.92,98.4,0.91,167.64,0.93,157.77,0.94,218.0,0.01,0.01,2345.327174,1776345763000
1776345765.653,165.653,0.07,104.64,0.06,141.0,0.08,201.95,0.09,142.64,0.92,268.27,0.91,142.64,0.93,169.64,0.94,146.0,0.01,0.01,2345.385908,1776345764000
1776345766.77,166.77,0.07,54.64,0.06,101.0,0.08,244.77,0.09,235.63,0.92,201.95,0.91,142.64,0.93,104.64,0.94,141.0,0.01,0.01,2345.347,1776345765000
1776345767.661,167.661,0.05,301.0,0.04,429.0,0.06,19.36,0.08,264.77,0.92,244.77,0.91,235.63,0.93,54.64,0.94,101.0,0.01,0.01,2345.33469,1776345766000
1776345767.965,167.965,0.05,267.84,0.04,429.0,0.06,95.36,0.07,120.44,0.94,19.36,0.92,264.77,0.95,301.0,0.96,429.0,0.01,0.01,2345.329537,1776345767000
1776345768.205,168.205,0.05,180.57,0.04,480.0,0.06,110.36,0.07,130.94,0.94,95.36,0.93,120.44,0.95,267.84,0.96,429.0,0.01,0.01,2345.329537,1776345767000
1776345768.431,168.431,0.05,164.97,0.04,480.0,0.06,70.36,0.07,191.24,0.94,110.36,0.93,130.94,0.95,175.97,0.96,480.0,0.01,0.01,2345.329537,1776345767000
1776345768.944,168.944,0.05,164.97,0.04,480.0,0.06,284.77,0.07,80.8,0.94,70.36,0.93,191.24,0.95,164.97,0.96,480.0,0.01,0.01,2345.329537,1776345767000
1776345775.76,175.76,0.05,133.97,0.04,474.0,0.06,168.16,0.07,75.3,0.94,284.77,0.93,80.8,0.95,164.97,0.96,480.0,0.01,0.01,2344.928394,1776345774000
1776345776.813,176.813,0.05,231.33,0.04,422.0,0.06,203.16,0.07,75.3,0.94,168.16,0.93,75.3,0.95,133.97,0.96,474.0,0.01,0.01,2344.928587,1776345775000
1776345777.252,177.252,0.05,127.27,0.04,474.0,0.06,203.16,0.07,75.3,0.94,203.16,0.93,75.3,0.95,231.33,0.96,422.0,0.01,0.01,2344.928587,1776345775000
1776345778.031,178.031,0.05,36.27,0.04,468.0,0.06,208.16,0.07,133.3,0.94,203.16,0.93,75.3,0.95,127.27,0.96,474.0,0.01,0.01,2345.027223,1776345777000
1776345779.039,179.039,0.05,35.0,0.04,468.0,0.06,213.16,0.07,209.81,0.94,208.16,0.93,133.3,0.95,36.27,0.96,468.0,0.01,0.01,2345.027223,1776345777000
1776345779.432,179.432,0.04,468.0,0.03,428.0,0.06,213.16,0.07,209.81,0.94,213.16,0.93,209.81,0.95,35.0,0.96,468.0,0.02,0.01,2345.160986,1776345778000
1776345779.798,179.798,0.05,4.73,0.04,468.0,0.06,207.47,0.07,219.81,0.94,213.16,0.93,209.81,0.96,468.0,0.97,428.0,0.01,0.02,2345.160986,1776345778000
1776345780.004,180.004,0.05,8.67,0.04,468.0,0.06,202.47,0.07,278.13,0.94,207.47,0.93,219.81,0.95,4.73,0.96,468.0,0.01,0.01,2345.160986,1776345778000
1776345780.232,180.232,0.05,1.58,0.04,369.0,0.06,264.78,0.07,278.13,0.94,202.47,0.93,278.13,0.95,8.67,0.96,468.0,0.01,0.01,2345.232621,1776345779000
1776345781.002,181.002,0.04,319.0,0.03,500.0,0.06,262.15,0.07,335.63,0.94,264.78,0.93,278.13,0.95,1.58,0.96,369.0,0.02,0.01,2345.232621,1776345779000
1776345781.305,181.305,0.05,7.9,0.04,258.58,0.06,262.15,0.07,330.63,0.94,267.15,0.93,335.63,0.96,258.58,0.97,441.0,0.01,0.02,2345.232621,1776345779000
1776345781.523,181.523,0.05,1.1,0.04,208.58,0.06,206.84,0.07,336.63,0.94,262.15,0.93,330.63,0.95,7.9,0.96,258.58,0.01,0.01,2345.25512,1776345780000
1776345782.325,182.325,0.04,158.58,0.03,447.0,0.05,18.9,0.06,221.84,0.94,206.84,0.93,336.63,0.95,1.1,0.96,208.58,0.01,0.01,2345.244433,1776345781000
1776345782.984,182.984,0.04,7.58,0.03,447.0,0.05,45.9,0.06,150.84,0.95,18.9,0.94,221.84,0.96,158.58,0.97,447.0,0.01,0.01,2345.244433,1776345781000
1776345783.489,183.489,0.03,434.0,0.02,1471.7,0.05,254.43,0.06,145.84,0.95,45.9,0.94,150.84,0.96,7.58,0.97,447.0,0.02,0.01,2345.157099,1776345782000
1776345783.846,183.846,0.03,419.0,0.02,1529.7,0.04,109.0,0.05,322.43,0.95,254.43,0.94,145.84,0.97,434.0,0.98,1471.7,0.01,0.02,2345.157099,1776345782000
1776345786.794,186.794,0.03,412.85,0.02,1535.7,0.04,159.0,0.05,268.69,0.96,109.0,0.95,322.43,0.97,419.0,0.98,1529.7,0.01,0.01,2345.158403,1776345785000
1776345787.834,187.834,0.03,625.55,0.02,977.7,0.04,47.49,0.05,33.9,0.96,159.0,0.95,268.69,0.97,412.85,0.98,1535.7,0.01,0.01,2345.158952,1776345786000
1776345788.259,188.259,0.04,15.04,0.03,1043.55,0.05,39.64,0.06,112.36,0.95,29.64,0.94,164.67,0.97,625.55,0.98,977.7,0.01,0.02,2345.159067,1776345787000
1776345788.638,188.638,0.04,16.04,0.03,703.55,0.05,61.64,0.06,112.36,0.95,39.64,0.94,112.36,0.96,15.04,0.97,1043.55,0.01,0.01,2345.159067,1776345787000
1776345788.851,188.851,0.04,7.63,0.03,645.55,0.05,44.64,0.06,54.36,0.95,61.64,0.94,112.36,0.96,16.04,0.97,703.55,0.01,0.01,2345.159067,1776345787000
1776345789.537,189.537,0.04,27.8,0.03,679.55,0.05,39.64,0.06,59.36,0.95,44.64,0.94,54.36,0.96,7.63,0.97,645.55,0.01,0.01,2345.159067,1776345787000
1776345792.328,192.328,0.04,31.75,0.03,422.85,0.05,169.37,0.06,120.35,0.95,39.64,0.94,59.36,0.96,26.75,0.97,685.55,0.01,0.01,2345.448356,1776345790000
1776345793.056,193.056,0.04,26.54,0.03,402.85,0.05,159.37,0.06,37.36,0.95,169.37,0.94,120.35,0.96,31.75,0.97,422.85,0.01,0.01,2345.379012,1776345791000
1776345793.916,193.916,0.04,21.54,0.03,402.85,0.05,136.4,0.06,37.36,0.95,131.4,0.94,125.4,0.96,26.54,0.97,407.85,0.01,0.01,2345.375924,1776345792000
1776345794.172,194.172,0.04,18.62,0.03,402.85,0.05,141.4,0.06,37.36,0.95,136.4,0.94,37.36,0.96,21.54,0.97,402.85,0.01,0.01,2345.375924,1776345792000
1776345800.145,200.145,0.04,6.0,0.03,401.85,0.05,248.72,0.06,91.31,0.95,136.4,0.94,37.36,0.96,18.62,0.97,402.85,0.01,0.01,2345.432152,1776345799000
1776345801.251,201.251,0.03,401.85,0.02,1678.7,0.05,248.72,0.06,150.11,0.95,248.72,0.94,91.31,0.96,6.0,0.97,401.85,0.02,0.01,2345.39077,1776345800000
1776345803.993,203.993,0.03,396.69,0.02,1678.7,0.04,22.0,0.05,175.99,0.95,248.72,0.94,150.11,0.97,401.85,0.98,1678.7,0.01,0.02,2345.447048,1776345802000
1776345806.45,206.45,0.03,393.8,0.02,1678.7,0.04,22.0,0.05,175.99,0.96,22.0,0.95,175.99,0.97,396.69,0.98,1678.7,0.01,0.01,2345.497905,1776345805000
1776345808.015,208.015,0.03,392.76,0.02,784.7,0.04,22.0,0.05,180.99,0.96,22.0,0.95,175.99,0.97,393.8,0.98,1678.7,0.01,0.01,2345.462261,1776345806000
1776345808.271,208.271,0.03,389.66,0.02,784.7,0.04,22.0,0.05,180.99,0.96,22.0,0.95,180.99,0.97,392.76,0.98,784.7,0.01,0.01,2345.46053,1776345807000
1776345808.671,208.671,0.03,389.66,0.02,789.7,0.04,14.37,0.05,180.99,0.96,22.0,0.95,180.99,0.97,389.66,0.98,784.7,0.01,0.01,2345.46053,1776345807000
1776345809.244,209.244,0.03,354.66,0.02,445.0,0.04,95.41,0.05,73.0,0.96,14.37,0.95,180.99,0.97,389.66,0.98,789.7,0.01,0.01,2345.440621,1776345808000
1776345810.856,210.856,0.03,319.07,0.02,395.0,0.04,186.07,0.05,90.8,0.96,54.37,0.95,73.0,0.97,325.62,0.98,445.0,0.01,0.01,2345.440502,1776345809000
1776345811.201,211.201,0.03,292.56,0.02,395.0,0.04,204.47,0.05,90.8,0.96,192.52,0.95,90.8,0.97,297.67,0.98,395.0,0.01,0.01,2345.303883,1776345810000
1776345812.326,212.326,0.03,280.28,0.02,401.0,0.04,226.47,0.05,200.69,0.96,204.47,0.95,90.8,0.97,292.56,0.98,395.0,0.01,0.01,2345.2561,1776345811000
1776345815.742,215.742,0.03,54.0,0.02,396.0,0.04,136.86,0.05,144.8,0.96,226.47,0.95,200.69,0.97,280.28,0.98,401.0,0.01,0.01,2345.29898,1776345814000
1776345817.634,217.634,0.03,2.54,0.02,453.0,0.04,23.0,0.05,68.0,0.96,136.86,0.95,85.8,0.97,50.9,0.98,396.0,0.01,0.01,2345.342615,1776345816000
1776345818.182,218.182,0.02,453.0,0.01,3124.75,0.04,17.87,0.05,68.0,0.96,17.87,0.95,68.0,0.97,10.0,0.98,453.0,0.02,0.01,2345.342615,1776345816000
1776345821.515,221.515,0.02,856.6,0.01,3724.75,0.04,168.24,0.05,95.8,0.96,17.87,0.95,68.0,0.98,453.0,0.99,3124.75,0.02,0.02,2345.6291,1776345820000
1776345822.18,222.18,0.02,556.6,0.01,3524.75,0.04,173.24,0.05,133.75,0.96,168.24,0.95,95.8,0.98,856.6,0.99,3724.75,0.02,0.02,2345.689912,1776345821000
1776345823.488,223.488,0.02,639.3,0.01,3183.75,0.04,136.0,0.05,15.0,0.96,173.24,0.95,90.8,0.98,556.6,0.99,3524.75,0.02,0.02,2345.602365,1776345822000
1776345829.579,229.579,0.02,457.97,0.01,3681.75,0.03,37.0,0.04,180.99,0.96,136.0,0.95,15.0,0.98,639.3,0.99,3183.75,0.01,0.02,2345.54895,1776345828000
1776345832.619,232.619,0.02,146.94,0.01,2720.75,0.03,217.04,0.04,174.65,0.97,37.0,0.96,180.99,0.98,457.97,0.99,3681.75,0.01,0.01,2345.6277,1776345831000
1776345833.009,233.009,0.02,135.94,0.01,2720.75,0.03,163.0,0.04,199.15,0.97,217.04,0.96,174.65,0.98,146.94,0.99,2720.75,0.01,0.01,2345.6277,1776345831000
1776345833.668,233.668,0.02,58.71,0.01,2249.15,0.03,293.7,0.04,118.7,0.97,153.0,0.96,199.15,0.98,113.71,0.99,2257.15,0.01,0.01,2345.54163,1776345832000
1776345833.869,233.869,0.01,2236.53,,,0.03,305.65,0.04,118.7,0.97,305.65,0.96,118.7,0.99,2246.64,,,0.02,0.02,2345.54163,1776345832000
1776345835.003,235.003,0.01,2595.53,,,0.02,341.89,0.03,386.7,0.97,315.65,0.96,118.7,0.99,2205.53,,,0.01,0.02,2345.439107,1776345833000
1776345836.182,236.182,0.01,2433.5,,,0.02,394.85,0.03,374.65,0.98,340.85,0.97,398.7,0.99,2606.53,,,0.01,0.01,2345.187563,1776345834000
1776345836.545,236.545,0.01,2681.5,,,0.02,472.85,0.03,443.7,0.98,394.85,0.97,374.65,0.99,2383.5,,,0.01,0.01,2345.0486,1776345835000
1776345836.754,236.754,0.01,2604.47,,,0.02,487.85,0.03,513.7,0.98,482.85,0.97,484.7,0.99,2606.5,,,0.01,0.01,2345.0486,1776345835000
1776345837.223,237.223,0.01,1889.42,,,0.02,472.85,0.03,610.7,0.98,487.85,0.97,547.7,0.99,2599.47,,,0.01,0.01,2345.0486,1776345835000
1776345837.628,237.628,0.01,885.39,,,0.02,375.85,0.03,620.7,0.98,477.85,0.97,610.7,0.99,887.39,,,0.01,0.01,2345.009637,1776345836000
1776345837.848,237.848,0.01,780.32,,,0.02,370.85,0.03,624.7,0.98,375.85,0.97,620.7,0.99,882.35,,,0.01,0.01,2345.009637,1776345836000
1776345838.054,238.054,0.01,765.16,,,0.02,370.85,0.03,630.7,0.98,370.85,0.97,624.7,0.99,780.32,,,0.01,0.01,2345.009637,1776345836000
1776345838.449,238.449,0.01,757.13,,,0.02,365.85,0.03,630.7,0.98,370.85,0.97,630.7,0.99,765.16,,,0.01,0.01,2345.009637,1776345836000
1776345838.847,238.847,0.01,651.64,,,0.02,365.85,0.03,640.7,0.98,370.85,0.97,640.7,0.99,653.64,,,0.01,0.01,2344.875027,1776345837000
1776345839.055,239.055,0.01,618.62,,,0.02,398.8,0.03,645.7,0.98,398.8,0.97,645.7,0.99,620.65,,,0.01,0.01,2344.875027,1776345837000
1776345839.489,239.489,0.01,600.37,,,0.02,371.85,0.03,666.7,0.98,409.8,0.97,746.04,0.99,606.39,,,0.01,0.01,2344.757931,1776345838000
1776345839.808,239.808,0.01,600.3,,,0.02,86.85,0.03,671.7,0.98,376.85,0.97,666.7,0.99,595.3,,,0.01,0.01,2344.757931,1776345838000
1776345840.025,240.025,0.01,600.28,,,0.02,154.85,0.03,676.7,0.98,86.85,0.97,671.7,0.99,600.3,,,0.01,0.01,2344.757931,1776345838000
1776345840.301,240.301,0.01,588.14,,,0.02,228.33,0.03,676.7,0.98,228.33,0.97,676.7,0.99,603.25,,,0.01,0.01,2344.757931,1776345838000
1776345840.52,240.52,0.01,493.85,,,0.02,233.33,0.03,750.7,0.98,233.33,0.97,676.7,0.99,528.85,,,0.01,0.01,2344.757931,1776345838000
1776345840.721,240.721,0.01,461.82,,,0.02,233.33,0.03,807.7,0.98,228.33,0.97,749.7,0.99,491.82,,,0.01,0.01,2344.7036,1776345839000
1776345841.237,241.237,0.01,453.79,,,0.02,146.48,0.03,806.7,0.98,233.33,0.97,807.7,0.99,461.82,,,0.01,0.01,2344.664829,1776345840000
1776345841.445,241.445,0.01,456.76,,,0.02,146.48,0.03,806.7,0.98,146.48,0.97,806.7,0.99,453.79,,,0.01,0.01,2344.664829,1776345840000
1776345841.744,241.744,0.01,449.73,,,0.02,141.64,0.03,806.7,0.98,141.64,0.97,806.7,0.99,451.76,,,0.01,0.01,2344.664829,1776345840000
1776345842.259,242.259,0.01,449.7,,,0.02,261.83,0.03,796.7,0.98,151.84,0.97,806.7,0.99,451.73,,,0.01,0.01,2344.664829,1776345840000
1776345842.791,242.791,0.01,447.67,,,0.02,238.83,0.03,796.7,0.98,261.83,0.97,796.7,0.99,449.7,,,0.01,0.01,2344.675595,1776345841000
1776345843.076,243.076,0.01,323.74,,,0.02,238.83,0.03,801.7,0.98,238.83,0.97,796.7,0.99,373.74,,,0.01,0.01,2344.688644,1776345842000
1776345843.325,243.325,0.01,225.21,,,0.02,238.83,0.03,801.7,0.98,238.83,0.97,801.7,0.99,226.23,,,0.01,0.01,2344.688644,1776345842000
1776345843.622,243.622,0.01,203.18,,,0.02,238.83,0.03,801.7,0.98,238.83,0.97,801.7,0.99,223.18,,,0.01,0.01,2344.688644,1776345842000
1776345844.427,244.427,,,,,0.01,498.46,0.02,238.83,0.98,243.83,0.97,806.7,0.99,7.18,,,,0.01,2344.692777,1776345843000
1776345844.66,244.66,,,,,0.01,638.45,0.02,243.83,0.99,488.49,0.98,238.83,,,,,,,2344.692777,1776345843000
1776345846.722,246.722,,,,,0.01,281.83,0.02,204.83,0.99,638.45,0.98,243.83,,,,,,,2344.981713,1776345845000
1776345849.675,249.675,,,,,0.01,136.66,0.02,244.83,0.99,281.83,0.98,204.83,,,,,,,2345.125058,1776345848000
1776345851.871,251.871,,,,,0.01,405.36,0.02,285.63,0.99,136.66,0.98,244.83,,,,,,,2345.032383,1776345850000
1776345869.217,269.217,,,,,0.01,2487.69,0.02,304.62,0.99,405.36,0.98,285.63,,,,,,,2344.932954,1776345867000
1776345870.718,270.718,,,,,0.01,2275.16,0.02,270.63,0.99,2487.69,0.98,304.62,,,,,,,2344.988223,1776345869000
1776345897.717,297.717,,,,,0.01,6535.34,0.02,405.62,0.99,2275.16,0.98,270.63,,,,,,,2346.002,1776345896000

# RESULT,winner=Down,slug=eth-updown-5m-1776345600,ticks=257
