timestamp,elapsed_sec,up_bid_p1,up_bid_s1,up_bid_p2,up_bid_s2,up_ask_p1,up_ask_s1,up_ask_p2,up_ask_s2,down_bid_p1,down_bid_s1,down_bid_p2,down_bid_s2,down_ask_p1,down_ask_s1,down_ask_p2,down_ask_s2,up_spread,down_spread,eth_price,eth_oracle_ts
1776291001.061,1.061,0.4,33.0,0.39,34.0,0.44,105.0,0.45,5.0,0.56,105.0,0.55,5.0,0.6,33.0,0.61,34.0,0.04,0.04,2380.124367,1776291000000
1776291001.878,1.878,0.41,21.0,0.4,125.0,0.44,100.62,0.45,10.0,0.56,105.0,0.55,5.0,0.6,33.0,0.61,34.0,0.03,0.04,2380.124367,1776291000000
1776291002.261,2.261,0.4,137.2,0.39,138.0,0.43,108.51,0.44,210.62,0.58,15.0,0.57,110.0,0.6,137.2,0.61,138.0,0.03,0.02,2380.124367,1776291000000
1776291002.73,2.73,0.4,3.33,0.38,25.0,0.43,108.51,0.44,213.62,0.57,113.51,0.56,218.62,0.6,10.96,0.61,25.0,0.03,0.03,2380.048019,1776291001000
1776291003.023,3.023,0.38,15.32,0.36,25.0,0.43,54.02,0.44,213.62,0.57,54.02,0.56,213.62,0.62,15.32,0.64,25.0,0.05,0.05,2380.020087,1776291002000
1776291003.375,3.375,0.39,5.0,0.38,10.0,0.4,5.0,0.43,64.02,0.6,10.0,0.59,10.0,0.64,85.0,0.65,35.0,0.01,0.04,2380.020087,1776291002000
1776291004.186,4.186,0.4,16.8,0.39,10.0,0.42,15.0,0.43,48.02,0.57,53.02,0.56,213.62,0.6,2.78,0.61,10.0,0.02,0.03,2380.020087,1776291002000
1776291005.547,5.547,0.4,16.8,0.39,10.0,0.42,15.0,0.43,48.02,0.58,15.0,0.57,48.02,0.6,16.8,0.61,10.0,0.02,0.02,2379.12304,1776291004000
1776291005.988,5.988,0.36,50.0,0.35,39.0,0.37,16.0,0.38,10.0,0.63,21.0,0.62,10.0,0.64,54.8,0.65,46.0,0.01,0.01,2379.12304,1776291004000
1776291006.243,6.243,0.36,40.0,0.35,14.0,0.37,10.0,0.38,10.0,0.63,1.0,0.62,10.0,0.64,103.0,0.65,39.0,0.01,0.01,2379.12304,1776291004000
1776291006.846,6.846,0.34,31.42,0.33,45.0,0.36,10.0,0.37,10.0,0.63,10.0,0.62,10.0,0.64,40.0,0.65,14.0,0.02,0.01,2379.270651,1776291005000
1776291007.079,7.079,0.33,10.0,0.32,50.0,0.34,10.0,0.35,26.0,0.64,10.0,0.63,10.0,0.66,31.42,0.67,45.0,0.01,0.02,2379.005661,1776291006000
1776291007.522,7.522,0.33,129.47,0.32,96.0,0.34,21.5,0.39,27.81,0.66,15.0,0.65,26.0,0.67,5.0,0.68,50.0,0.01,0.01,2379.005661,1776291006000
1776291008.003,8.003,0.37,17.48,0.36,49.0,0.39,17.81,0.4,10.5,0.61,17.81,0.6,10.5,0.63,17.48,0.64,49.0,0.02,0.02,2378.658222,1776291007000
1776291008.537,8.537,0.36,51.43,0.35,85.0,0.37,23.0,0.38,82.5,0.63,18.0,0.62,25.5,0.64,110.0,0.65,15.5,0.01,0.01,2378.658222,1776291007000
1776291009.042,9.042,0.36,56.43,0.35,85.0,0.37,17.86,0.38,82.5,0.63,17.86,0.62,82.5,0.64,56.43,0.65,85.0,0.01,0.01,2378.416399,1776291008000
1776291010.006,10.006,0.36,56.43,0.35,85.0,0.37,17.86,0.38,82.5,0.63,17.86,0.62,82.5,0.64,56.43,0.65,85.0,0.01,0.01,2378.631792,1776291009000
1776291010.381,10.381,0.33,139.5,0.32,64.5,0.35,5.42,0.36,26.0,0.63,17.86,0.62,82.5,0.64,56.43,0.65,85.0,0.02,0.01,2378.631792,1776291009000
1776291010.963,10.963,0.36,55.0,0.35,104.0,0.37,15.5,0.38,104.5,0.63,10.5,0.62,47.5,0.64,40.0,0.65,32.0,0.01,0.01,2378.631792,1776291009000
1776291012.263,12.263,0.36,2.18,0.35,22.0,0.37,75.5,0.38,82.5,0.63,15.5,0.62,104.5,0.64,55.0,0.65,104.0,0.01,0.01,2378.450586,1776291011000
1776291012.945,12.945,0.34,34.0,0.33,96.5,0.35,15.0,0.36,107.5,0.63,75.5,0.62,82.5,0.64,2.18,0.65,22.0,0.01,0.01,2378.450586,1776291011000
1776291013.894,13.894,0.33,10.0,0.32,141.5,0.34,7.05,0.35,36.5,0.61,81.32,0.6,70.5,0.66,34.0,0.67,96.5,0.01,0.05,2378.473003,1776291012000
1776291014.112,14.112,0.33,13.35,0.32,141.5,0.34,23.05,0.35,26.0,0.66,7.05,0.65,36.5,0.67,10.0,0.68,141.5,0.01,0.01,2378.510752,1776291013000
1776291014.575,14.575,0.33,8.8,0.32,121.5,0.34,101.04,0.35,36.5,0.66,96.04,0.65,31.0,0.67,13.35,0.68,121.5,0.01,0.01,2378.510752,1776291013000
1776291016.006,16.006,0.33,19.0,0.32,25.0,0.34,212.07,0.35,36.5,0.66,92.15,0.65,16.0,0.67,70.8,0.68,64.5,0.01,0.01,2378.3531,1776291014000
1776291016.503,16.503,0.3,55.0,0.29,61.5,0.32,10.15,0.33,132.5,0.66,211.18,0.65,56.5,0.68,25.0,0.69,35.0,0.02,0.02,2378.201075,1776291015000
1776291016.865,16.865,0.3,84.34,0.29,61.5,0.31,10.0,0.32,97.0,0.68,10.0,0.67,132.5,0.69,7.4,0.7,55.0,0.01,0.01,2378.201075,1776291015000
1776291017.573,17.573,0.31,30.33,0.3,63.5,0.32,148.92,0.33,36.5,0.69,4.51,0.68,97.0,0.7,84.34,0.71,61.5,0.01,0.01,2378.220755,1776291016000
1776291018.881,18.881,0.29,7.83,0.28,5.0,0.3,184.0,0.31,199.5,0.68,148.92,0.67,36.5,0.69,23.15,0.7,63.5,0.01,0.01,2378.03201,1776291017000
1776291019.931,19.931,0.26,95.99,0.25,98.5,0.27,67.0,0.28,106.58,0.71,10.0,0.7,152.0,0.73,38.71,0.74,98.0,0.01,0.02,2377.83777,1776291018000
1776291020.185,20.185,0.26,80.49,0.25,98.5,0.27,67.0,0.28,71.47,0.73,67.0,0.72,106.58,0.74,95.99,0.75,98.5,0.01,0.01,2377.83777,1776291019000
1776291020.962,20.962,0.26,7.07,0.25,18.0,0.27,224.79,0.28,56.5,0.73,102.0,0.72,81.97,0.74,69.07,0.75,98.5,0.01,0.01,2377.83777,1776291019000
1776291022.533,22.533,0.22,89.0,0.21,65.0,0.24,154.55,0.25,70.57,0.73,224.79,0.72,56.5,0.74,7.07,0.75,18.0,0.02,0.01,2377.14623,1776291021000
1776291022.816,22.816,0.22,35.0,0.21,40.0,0.23,115.7,0.24,87.55,0.76,149.55,0.75,70.57,0.78,54.16,0.79,65.0,0.01,0.02,2377.14623,1776291021000
1776291023.037,23.037,0.22,16.0,0.21,52.0,0.23,221.25,0.24,75.57,0.77,115.7,0.76,87.55,0.78,35.0,0.79,40.0,0.01,0.01,2377.14623,1776291021000
1776291023.363,23.363,0.22,15.0,0.21,131.0,0.23,147.46,0.24,59.57,0.77,219.46,0.76,70.57,0.78,14.78,0.79,62.0,0.01,0.01,2376.992275,1776291022000
1776291023.751,23.751,0.22,22.0,0.21,60.0,0.23,172.77,0.24,19.57,0.77,177.12,0.76,19.57,0.78,17.0,0.79,60.0,0.01,0.01,2376.992275,1776291022000
1776291024.286,24.286,0.22,34.43,0.21,40.5,0.23,177.77,0.24,35.07,0.77,172.77,0.76,19.57,0.78,22.0,0.79,60.0,0.01,0.01,2376.992275,1776291022000
1776291024.618,24.618,0.22,28.43,0.21,60.5,0.23,177.77,0.24,41.07,0.77,177.77,0.76,35.07,0.78,34.43,0.79,40.5,0.01,0.01,2376.500246,1776291023000
1776291024.983,24.983,0.22,18.86,0.21,60.5,0.23,177.77,0.24,41.07,0.77,177.77,0.76,41.07,0.78,28.43,0.79,60.5,0.01,0.01,2376.500246,1776291023000
1776291025.514,25.514,0.22,2.67,0.21,60.5,0.23,184.77,0.24,41.07,0.77,172.77,0.76,41.07,0.78,12.24,0.79,60.5,0.01,0.01,2376.416342,1776291024000
1776291026.053,26.053,0.21,54.42,0.2,82.5,0.22,82.0,0.23,127.77,0.77,184.77,0.76,41.07,0.78,2.67,0.79,60.5,0.01,0.01,2376.416342,1776291024000
1776291027.195,27.195,0.21,43.42,0.2,52.5,0.22,175.26,0.23,32.72,0.78,82.0,0.77,127.77,0.79,54.42,0.8,82.5,0.01,0.01,2376.414135,1776291025000
1776291028.059,28.059,0.21,38.42,0.2,42.0,0.22,200.26,0.23,32.72,0.78,175.26,0.77,32.72,0.79,43.42,0.8,52.5,0.01,0.01,2376.363317,1776291026000
1776291028.355,28.355,0.21,47.42,0.2,42.5,0.22,117.26,0.23,22.22,0.78,200.26,0.77,32.72,0.79,38.42,0.8,42.0,0.01,0.01,2376.291275,1776291027000
1776291028.689,28.689,0.21,55.79,0.2,77.08,0.22,112.26,0.23,12.22,0.78,112.26,0.77,22.22,0.79,42.7,0.8,77.08,0.01,0.01,2376.291275,1776291027000
1776291029.187,29.187,0.21,334.79,0.2,107.13,0.24,7.9,0.25,9.57,0.78,112.26,0.77,12.22,0.79,55.79,0.8,77.08,0.03,0.01,2376.291275,1776291028000
1776291029.645,29.645,0.23,167.5,0.22,159.5,0.24,0.9,0.25,9.57,0.76,7.9,0.75,9.57,0.79,334.79,0.8,107.13,0.01,0.03,2376.291275,1776291028000
1776291030.928,30.928,0.24,5.1,0.23,274.5,0.25,9.57,0.26,71.68,0.76,0.9,0.75,9.57,0.77,167.5,0.78,159.5,0.01,0.01,2376.524424,1776291030000
1776291031.252,31.252,0.24,149.5,0.23,181.5,0.25,9.57,0.26,71.68,0.75,9.57,0.74,71.68,0.76,5.1,0.77,274.5,0.01,0.01,2376.524424,1776291030000
1776291032.078,32.078,0.26,44.5,0.25,106.5,0.28,78.61,0.29,87.5,0.74,3.95,0.72,10.5,0.76,149.5,0.77,181.5,0.02,0.02,2377.0995,1776291031000
1776291032.388,32.388,0.29,191.5,0.28,49.5,0.3,10.0,0.31,10.0,0.72,78.61,0.71,87.5,0.74,44.5,0.75,106.5,0.01,0.02,2377.0995,1776291031000
1776291032.616,32.616,0.36,29.04,0.35,28.0,0.38,8.78,0.39,3.82,0.61,3.82,0.6,16.0,0.64,6.04,0.65,10.0,0.02,0.03,2377.0995,1776291031000
1776291032.967,32.967,0.42,3.0,0.41,10.0,0.43,70.35,0.44,187.62,0.57,70.35,0.56,197.62,0.6,6.5,0.61,10.0,0.01,0.03,2377.161332,1776291032000
1776291033.245,33.245,0.41,15.5,0.4,20.0,0.43,80.39,0.44,208.12,0.57,70.35,0.56,187.62,0.58,3.0,0.59,10.0,0.02,0.01,2377.161332,1776291032000
1776291033.514,33.514,0.35,54.93,0.34,35.0,0.4,15.0,0.41,7.39,0.59,7.39,0.58,10.0,0.61,36.5,0.62,20.5,0.05,0.02,2377.161332,1776291032000
1776291033.834,33.834,0.37,21.84,0.36,10.0,0.38,15.0,0.39,15.0,0.58,5.02,0.57,85.39,0.65,54.93,0.66,35.0,0.01,0.07,2377.161332,1776291032000
1776291034.456,34.456,0.37,69.52,0.36,16.0,0.38,15.0,0.39,10.0,0.62,10.0,0.61,10.0,0.63,16.52,0.64,25.0,0.01,0.01,2377.687796,1776291033000
1776291034.7,34.7,0.37,56.52,0.36,26.0,0.38,33.68,0.39,44.5,0.62,3.68,0.61,10.0,0.63,74.52,0.64,16.0,0.01,0.01,2377.687796,1776291033000
1776291035.907,35.907,0.37,30.0,0.36,15.0,0.39,20.36,0.41,40.5,0.62,33.68,0.61,44.5,0.63,56.52,0.64,26.0,0.02,0.01,2379.158935,1776291034000
1776291036.375,36.375,0.38,25.0,0.37,90.0,0.39,30.36,0.4,30.5,0.61,20.36,0.59,40.5,0.63,30.0,0.64,15.0,0.01,0.02,2379.158935,1776291034000
1776291037.803,37.803,0.36,92.0,0.35,36.5,0.37,10.0,0.38,55.0,0.61,75.86,0.6,20.5,0.63,58.0,0.64,37.0,0.01,0.02,2378.863507,1776291036000
1776291038.496,38.496,0.38,34.37,0.37,104.5,0.39,20.36,0.41,5.0,0.63,4.59,0.62,55.0,0.64,81.0,0.65,36.5,0.01,0.01,2379.050625,1776291037000
1776291039.039,39.039,0.38,153.37,0.37,32.0,0.39,0.36,0.4,10.0,0.61,20.36,0.59,5.0,0.62,34.37,0.63,104.5,0.01,0.01,2378.935945,1776291038000
1776291039.944,39.944,0.37,25.0,0.36,15.0,0.4,55.98,0.41,36.5,0.59,9.48,0.58,20.0,0.62,153.37,0.63,32.0,0.03,0.03,2378.935945,1776291038000
1776291041.644,41.644,0.37,19.92,0.36,103.0,0.38,104.31,0.39,20.5,0.6,55.98,0.59,36.5,0.63,25.0,0.64,15.0,0.01,0.03,2379.12279,1776291040000
1776291044.616,44.616,0.37,23.41,0.36,10.0,0.38,124.31,0.39,30.5,0.62,104.31,0.61,20.5,0.63,19.92,0.64,103.0,0.01,0.01,2379.018633,1776291043000
1776291044.924,44.924,0.36,7.19,0.35,15.0,0.37,20.0,0.38,206.81,0.62,201.81,0.61,30.5,0.65,10.0,0.66,26.0,0.01,0.03,2379.018633,1776291043000
1776291045.63,45.63,0.34,15.0,0.33,45.5,0.35,5.0,0.36,45.0,0.63,20.0,0.62,206.81,0.64,7.19,0.65,15.0,0.01,0.01,2379.046199,1776291044000
1776291047.272,47.272,0.32,189.0,0.31,134.5,0.35,21.0,0.36,15.5,0.65,5.0,0.64,45.0,0.66,15.0,0.67,45.5,0.03,0.01,2378.858638,1776291046000
1776291053.495,53.495,0.29,10.0,0.28,20.0,0.31,17.39,0.32,122.5,0.66,15.5,0.65,30.5,0.68,115.0,0.69,21.0,0.02,0.02,2378.416149,1776291052000
1776291053.711,53.711,0.29,3.06,0.28,15.0,0.3,25.5,0.31,33.39,0.69,17.39,0.68,122.5,0.71,10.0,0.72,20.0,0.01,0.02,2378.416149,1776291052000
1776291056.378,56.378,0.25,43.0,0.24,26.0,0.26,78.95,0.27,82.5,0.7,25.5,0.69,33.39,0.71,3.06,0.72,15.0,0.01,0.01,2377.9279,1776291055000
1776291056.641,56.641,0.25,38.0,0.24,26.0,0.26,99.95,0.27,25.5,0.74,78.95,0.73,82.5,0.75,43.0,0.76,26.0,0.01,0.01,2377.9279,1776291055000
1776291056.928,56.928,0.25,28.96,0.24,26.0,0.26,104.95,0.27,25.5,0.74,104.95,0.73,25.5,0.75,41.33,0.76,26.0,0.01,0.01,2377.9279,1776291055000
1776291058.9,58.9,0.25,262.5,0.24,46.5,0.29,10.5,0.3,15.5,0.74,104.95,0.73,25.5,0.75,28.96,0.76,26.0,0.04,0.01,2377.338368,1776291057000
1776291059.536,59.536,0.28,120.0,0.27,85.0,0.3,10.33,0.31,13.39,0.71,10.5,0.7,15.5,0.75,262.5,0.76,46.5,0.02,0.04,2377.265775,1776291058000
1776291060.342,60.342,0.28,4.0,0.27,31.0,0.29,86.5,0.3,70.33,0.7,10.33,0.69,13.39,0.72,120.0,0.73,85.0,0.01,0.02,2377.289049,1776291059000
1776291060.822,60.822,0.26,15.45,0.25,15.0,0.28,107.5,0.29,100.85,0.71,86.5,0.7,70.33,0.72,4.0,0.73,31.0,0.02,0.01,2377.289049,1776291059000
1776291061.967,61.967,0.26,20.0,0.25,20.0,0.27,25.0,0.29,35.35,0.72,138.5,0.71,100.85,0.75,15.0,0.76,40.2,0.01,0.03,2377.694822,1776291060000
1776291062.212,62.212,0.26,162.5,0.25,30.5,0.27,4.0,0.29,35.35,0.73,25.0,0.71,35.35,0.74,20.0,0.75,20.0,0.01,0.01,2377.694822,1776291060000
1776291062.911,62.911,0.27,10.0,0.26,25.0,0.28,60.5,0.29,167.91,0.73,4.0,0.71,35.35,0.74,162.5,0.75,30.5,0.01,0.01,2377.593172,1776291061000
1776291063.115,63.115,0.27,14.32,0.26,15.0,0.28,55.5,0.29,177.91,0.72,60.5,0.71,167.91,0.73,10.0,0.74,25.0,0.01,0.01,2377.556344,1776291062000
1776291064.483,64.483,0.23,35.0,0.21,81.7,0.26,158.5,0.27,56.5,0.72,55.5,0.71,177.91,0.73,14.32,0.74,15.0,0.03,0.01,2377.641878,1776291063000
1776291065.684,65.684,0.21,24.39,0.2,62.58,0.22,50.0,0.23,72.0,0.74,158.5,0.73,56.5,0.77,35.0,0.79,81.7,0.01,0.03,2377.629162,1776291064000
1776291066.011,66.011,0.21,312.89,0.2,93.63,0.22,0.45,0.24,10.0,0.78,4.54,0.77,5.0,0.79,135.89,0.8,125.63,0.01,0.01,2377.629162,1776291064000
1776291067.663,67.663,0.23,172.0,0.22,114.0,0.24,0.83,0.25,80.32,0.76,10.0,0.74,70.35,0.79,312.89,0.8,93.63,0.01,0.03,2377.040479,1776291066000
1776291069.2,69.2,0.23,140.63,0.22,139.0,0.24,94.29,0.25,5.0,0.76,0.83,0.75,80.32,0.77,136.43,0.78,114.0,0.01,0.01,2377.366884,1776291068000
1776291069.987,69.987,0.24,207.5,0.23,108.5,0.26,66.16,0.27,15.0,0.76,59.29,0.75,5.0,0.77,145.63,0.78,149.0,0.02,0.01,2377.366884,1776291068000
1776291070.355,70.355,0.26,119.67,0.25,164.5,0.27,78.06,0.28,27.22,0.73,15.0,0.72,27.22,0.75,32.5,0.76,192.5,0.01,0.02,2377.346208,1776291069000
1776291070.598,70.598,0.26,172.68,0.25,175.5,0.27,68.06,0.28,27.22,0.73,78.06,0.72,27.22,0.74,119.67,0.75,164.5,0.01,0.01,2377.346208,1776291069000
1776291070.822,70.822,0.27,167.5,0.26,170.68,0.28,22.22,0.29,10.0,0.73,68.06,0.72,27.22,0.74,172.68,0.75,175.5,0.01,0.01,2377.346208,1776291069000
1776291071.331,71.331,0.28,17.78,0.27,263.5,0.29,36.27,0.3,10.0,0.72,12.22,0.71,10.0,0.73,166.5,0.74,157.5,0.01,0.01,2377.489017,1776291070000
1776291072.62,72.62,0.31,218.02,0.3,35.5,0.32,15.0,0.33,96.04,0.71,15.27,0.7,10.0,0.72,121.28,0.73,153.5,0.01,0.01,2377.74445,1776291071000
1776291073.198,73.198,0.31,226.57,0.3,35.5,0.33,81.19,0.34,10.0,0.68,5.0,0.67,96.04,0.69,221.57,0.7,35.5,0.02,0.01,2377.74445,1776291071000
1776291073.695,73.695,0.31,10.0,0.3,15.0,0.33,187.69,0.34,30.5,0.67,81.19,0.66,10.0,0.69,226.57,0.7,35.5,0.02,0.02,2378.324427,1776291072000
1776291080.457,80.457,0.22,80.5,0.21,10.0,0.25,179.5,0.26,51.5,0.67,187.69,0.66,30.5,0.69,10.0,0.7,15.0,0.03,0.02,2377.951241,1776291079000
1776291080.942,80.942,0.22,58.5,0.21,15.0,0.23,138.5,0.24,35.5,0.77,30.0,0.76,10.0,0.78,63.5,0.79,10.0,0.01,0.01,2377.951241,1776291079000
1776291081.84,81.84,0.21,57.0,0.2,19.58,0.22,207.46,0.23,25.5,0.78,140.46,0.77,92.5,0.79,25.0,0.8,42.08,0.01,0.01,2377.679436,1776291080000
1776291082.169,82.169,0.21,49.75,0.2,19.58,0.22,207.46,0.23,25.5,0.78,207.46,0.77,25.5,0.79,47.0,0.8,19.58,0.01,0.01,2377.679436,1776291080000
1776291082.55,82.55,0.21,49.75,0.2,19.58,0.22,201.46,0.23,25.5,0.78,207.46,0.77,25.5,0.79,49.75,0.8,19.58,0.01,0.01,2377.337826,1776291081000
1776291085.131,85.131,0.21,570.2,0.2,90.08,0.22,114.46,0.24,10.0,0.78,201.46,0.77,25.5,0.79,49.75,0.8,19.58,0.01,0.01,2377.226845,1776291083000
1776291086.737,86.737,0.23,20.0,0.22,46.0,0.24,185.01,0.25,112.5,0.74,4.9,0.73,25.0,0.78,69.82,0.79,540.2,0.01,0.04,2377.29318,1776291085000
1776291088.007,88.007,0.23,172.0,0.22,57.5,0.24,110.68,0.25,5.0,0.76,185.01,0.75,112.5,0.77,20.0,0.78,46.0,0.01,0.01,2377.753509,1776291087000
1776291090.606,90.606,0.23,50.0,0.22,88.0,0.24,74.41,0.25,30.5,0.76,70.68,0.75,5.0,0.77,177.0,0.78,57.5,0.01,0.01,2377.585495,1776291088000
1776291091.374,91.374,0.2,19.58,0.19,211.29,0.24,175.91,0.25,35.5,0.76,74.41,0.75,30.5,0.77,50.0,0.78,88.0,0.04,0.01,2377.545336,1776291090000
1776291092.601,92.601,0.2,24.58,0.19,154.29,0.21,186.37,0.22,40.5,0.76,175.91,0.75,35.5,0.8,19.58,0.81,211.29,0.01,0.04,2377.517919,1776291091000
1776291093.732,93.732,0.2,9.58,0.19,154.29,0.21,225.92,0.22,183.44,0.79,186.37,0.78,40.5,0.8,24.58,0.81,154.29,0.01,0.01,2377.4992,1776291092000
1776291094.326,94.326,0.2,19.58,0.19,164.29,0.21,223.92,0.22,198.44,0.79,225.92,0.78,183.44,0.8,9.58,0.81,154.29,0.01,0.01,2377.281634,1776291093000
1776291095.173,95.173,0.2,24.58,0.19,164.29,0.21,218.92,0.22,219.2,0.79,223.92,0.78,198.44,0.8,19.58,0.81,164.29,0.01,0.01,2377.281634,1776291093000
1776291097.12,97.12,0.19,130.89,0.18,109.57,0.21,304.98,0.22,283.53,0.79,218.92,0.78,219.2,0.8,24.58,0.81,164.29,0.02,0.01,2377.184649,1776291095000
1776291097.495,97.495,0.19,44.65,0.18,119.57,0.2,257.5,0.21,241.56,0.79,304.98,0.78,283.53,0.81,130.89,0.82,109.57,0.01,0.02,2377.150887,1776291096000
1776291097.768,97.768,0.18,59.57,0.17,34.57,0.2,330.5,0.21,200.56,0.8,257.5,0.79,241.56,0.81,44.65,0.82,119.57,0.02,0.01,2377.150887,1776291096000
1776291098.214,98.214,0.15,180.38,0.14,105.47,0.19,372.56,0.2,206.5,0.81,20.5,0.8,325.5,0.82,53.47,0.83,34.57,0.04,0.01,2377.047639,1776291097000
1776291098.514,98.514,0.15,153.91,0.14,172.47,0.17,292.02,0.18,227.5,0.81,372.56,0.8,206.5,0.85,180.38,0.86,105.47,0.02,0.04,2377.047639,1776291097000
1776291099.954,99.954,0.15,16.73,0.14,105.47,0.16,313.58,0.17,140.5,0.83,292.02,0.82,227.5,0.85,153.91,0.86,172.47,0.01,0.02,2376.83842,1776291098000
1776291102.14,102.14,0.15,4.97,0.14,77.28,0.16,448.0,0.17,180.52,0.84,313.58,0.83,140.5,0.85,16.73,0.86,105.47,0.01,0.01,2376.446012,1776291101000
1776291102.425,102.425,0.14,169.28,0.13,90.8,0.15,130.0,0.16,259.0,0.84,396.0,0.83,210.52,0.86,77.28,0.87,142.8,0.01,0.02,2376.446012,1776291101000
1776291103.783,103.783,0.14,181.49,0.13,105.8,0.15,118.33,0.16,254.0,0.85,130.0,0.84,259.0,0.86,169.28,0.87,90.8,0.01,0.01,2376.450832,1776291102000
1776291104.027,104.027,0.14,108.32,0.13,147.8,0.15,193.83,0.16,284.0,0.85,118.33,0.84,254.0,0.86,181.49,0.87,105.8,0.01,0.01,2376.450832,1776291102000
1776291104.297,104.297,0.14,77.11,0.13,78.8,0.15,242.03,0.16,334.0,0.85,193.83,0.84,284.0,0.86,108.32,0.87,147.8,0.01,0.01,2376.450832,1776291102000
1776291106.891,106.891,0.14,174.32,0.13,73.5,0.15,91.86,0.16,228.0,0.85,230.36,0.84,287.5,0.86,52.11,0.87,78.8,0.01,0.01,2376.289433,1776291105000
1776291107.288,107.288,0.15,19.0,0.14,179.32,0.16,143.87,0.17,163.58,0.85,81.86,0.84,228.0,0.86,174.32,0.87,73.5,0.01,0.01,2376.289433,1776291105000
1776291110.381,110.381,0.14,49.11,0.13,59.8,0.15,197.5,0.16,200.43,0.84,143.87,0.83,163.58,0.85,22.82,0.86,179.32,0.01,0.01,2376.465,1776291109000
1776291112.413,112.413,0.14,32.11,0.13,17.0,0.15,190.5,0.16,182.67,0.85,197.5,0.84,200.43,0.86,49.11,0.87,59.8,0.01,0.01,2376.164811,1776291111000
1776291113.022,113.022,0.14,27.11,0.13,17.0,0.15,152.5,0.16,171.52,0.85,190.5,0.84,182.67,0.86,32.11,0.87,17.0,0.01,0.01,2376.164811,1776291111000
1776291114.099,114.099,0.14,25.94,0.13,17.0,0.15,168.67,0.16,163.59,0.85,152.5,0.84,171.52,0.86,27.11,0.87,17.0,0.01,0.01,2376.148704,1776291112000
1776291114.373,114.373,0.14,23.94,0.13,17.0,0.15,168.67,0.16,163.59,0.85,168.67,0.84,163.59,0.86,25.94,0.87,17.0,0.01,0.01,2376.1135,1776291113000
1776291115.246,115.246,0.12,105.09,0.11,90.79,0.15,216.67,0.16,135.49,0.85,168.67,0.84,163.59,0.86,23.94,0.87,17.0,0.03,0.01,2376.1135,1776291113000
1776291115.594,115.594,0.11,25.0,0.1,163.0,0.13,115.5,0.14,167.56,0.85,216.67,0.84,135.49,0.88,105.09,0.89,90.79,0.02,0.03,2376.152312,1776291114000
1776291115.795,115.795,0.11,7.0,0.1,163.0,0.12,36.66,0.13,105.5,0.88,36.66,0.87,105.5,0.89,7.0,0.9,163.0,0.01,0.01,2376.152312,1776291114000
1776291118.882,118.882,0.11,163.18,0.1,84.5,0.12,90.81,0.13,40.0,0.88,36.66,0.87,105.5,0.9,120.0,0.91,90.01,0.01,0.02,2375.822793,1776291117000
1776291119.153,119.153,0.11,107.0,0.1,84.5,0.12,100.81,0.13,40.0,0.88,90.81,0.87,40.0,0.89,163.18,0.9,84.5,0.01,0.01,2375.822793,1776291117000
1776291119.648,119.648,0.11,24.43,0.1,170.5,0.12,146.47,0.13,112.0,0.88,90.81,0.87,40.0,0.89,22.73,0.9,124.5,0.01,0.01,2375.764738,1776291118000
1776291120.556,120.556,0.09,147.01,0.08,160.9,0.11,120.0,0.12,213.97,0.88,146.47,0.87,112.0,0.89,24.43,0.9,170.5,0.02,0.01,2375.799959,1776291119000
1776291120.903,120.903,0.09,166.58,0.08,146.9,0.1,71.0,0.11,95.0,0.89,120.0,0.88,213.97,0.91,147.01,0.92,160.9,0.01,0.02,2375.799959,1776291119000
1776291121.103,121.103,0.09,111.88,0.08,146.9,0.1,76.0,0.11,95.0,0.9,76.0,0.89,95.0,0.91,113.53,0.92,146.9,0.01,0.01,2375.799959,1776291119000
1776291121.651,121.651,0.09,18.35,0.08,78.9,0.1,222.34,0.11,95.5,0.9,84.34,0.89,95.0,0.91,55.35,0.92,135.9,0.01,0.01,2376.007448,1776291120000
1776291122.303,122.303,0.07,55.0,0.06,93.8,0.09,397.0,0.1,191.84,0.9,325.84,0.89,104.5,0.92,30.0,0.93,217.0,0.02,0.02,2376.007448,1776291120000
1776291122.758,122.758,0.07,14.0,0.06,93.8,0.08,116.25,0.09,370.5,0.91,412.0,0.9,191.84,0.94,93.8,0.95,169.31,0.01,0.03,2375.949678,1776291121000
1776291123.018,123.018,0.07,19.31,0.06,57.8,0.08,129.14,0.09,385.56,0.92,113.64,0.91,370.5,0.94,57.8,0.95,269.31,0.01,0.02,2375.949678,1776291121000
1776291125.953,125.953,0.06,172.37,0.05,174.31,0.07,65.5,0.08,251.55,0.92,129.14,0.91,385.56,0.93,14.47,0.94,57.8,0.01,0.01,2374.847402,1776291125000
1776291127.154,127.154,0.06,8.0,0.05,169.31,0.07,119.85,0.08,240.55,0.93,65.5,0.92,251.55,0.94,172.37,0.95,174.31,0.01,0.01,2374.822056,1776291126000
1776291127.408,127.408,0.06,65.0,0.05,36.51,0.07,88.33,0.08,110.56,0.93,119.85,0.92,240.55,0.94,8.0,0.95,169.31,0.01,0.01,2374.822056,1776291126000
1776291127.697,127.697,0.06,52.29,0.05,36.51,0.07,83.33,0.08,258.55,0.93,88.33,0.92,110.56,0.94,65.0,0.95,36.51,0.01,0.01,2374.822056,1776291126000
1776291127.946,127.946,0.06,47.29,0.05,36.51,0.07,23.33,0.08,268.55,0.93,83.33,0.92,258.55,0.94,52.29,0.95,36.51,0.01,0.01,2374.822056,1776291126000
1776291128.933,128.933,0.06,57.29,0.05,112.31,0.07,44.83,0.08,95.56,0.93,23.33,0.92,268.55,0.94,47.29,0.95,36.51,0.01,0.01,2374.756418,1776291127000
1776291130.725,130.725,0.05,335.31,0.04,287.3,0.06,5.0,0.08,10.0,0.93,44.83,0.92,95.56,0.94,57.29,0.95,112.31,0.01,0.01,2374.783816,1776291129000
1776291131.082,131.082,0.08,15.0,0.07,24.0,0.1,107.32,0.11,25.0,0.92,10.0,0.91,20.0,0.95,316.31,0.96,287.3,0.02,0.03,2374.783816,1776291129000
1776291131.317,131.317,0.08,50.0,0.07,15.0,0.09,5.0,0.1,20.0,0.9,77.22,0.89,25.0,0.92,20.0,0.93,24.0,0.01,0.02,2374.808233,1776291130000
1776291131.523,131.523,0.09,6.7,0.08,110.36,0.1,10.0,0.11,26.36,0.89,16.36,0.88,51.16,0.92,115.36,0.93,15.0,0.01,0.03,2374.808233,1776291130000
1776291132.66,132.66,0.09,98.35,0.08,199.86,0.1,56.0,0.11,16.36,0.9,10.0,0.89,26.36,0.91,5.05,0.92,75.36,0.01,0.01,2374.852174,1776291131000
1776291133.346,133.346,0.09,149.91,0.08,199.86,0.1,26.0,0.11,21.86,0.9,51.0,0.89,16.36,0.91,95.11,0.92,199.86,0.01,0.01,2375.643546,1776291132000
1776291134.681,134.681,0.08,164.82,0.07,204.86,0.09,20.0,0.1,41.5,0.9,26.0,0.89,21.86,0.91,149.91,0.92,199.86,0.01,0.01,2375.88454,1776291133000
1776291135.579,135.579,0.08,159.82,0.07,196.86,0.09,9.0,0.1,45.5,0.91,20.0,0.9,41.5,0.92,164.82,0.93,204.86,0.01,0.01,2375.687326,1776291134000
1776291136.381,136.381,0.08,158.18,0.07,100.0,0.09,55.5,0.1,38.5,0.9,43.5,0.89,90.32,0.92,164.82,0.93,196.86,0.01,0.02,2375.605127,1776291135000
1776291137.592,137.592,0.08,153.34,0.07,110.0,0.09,20.0,0.1,23.0,0.91,50.5,0.9,38.5,0.92,156.54,0.93,100.0,0.01,0.01,2375.635415,1776291136000
1776291138.421,138.421,0.08,26.65,0.06,108.8,0.09,15.0,0.1,33.5,0.91,20.0,0.9,23.0,0.92,153.34,0.93,110.0,0.01,0.01,2375.650653,1776291137000
1776291140.108,140.108,0.07,8.23,0.06,115.8,0.08,20.0,0.09,84.57,0.91,15.0,0.9,33.5,0.92,26.65,0.94,108.8,0.01,0.01,2375.650653,1776291137000
1776291142.339,142.339,0.06,179.8,0.05,212.31,0.09,59.12,0.1,136.5,0.92,20.0,0.91,84.57,0.93,8.23,0.94,115.8,0.03,0.01,2375.600811,1776291140000
1776291144.252,144.252,0.09,115.0,0.08,115.0,0.1,82.5,0.11,145.49,0.91,59.12,0.9,136.5,0.94,179.8,0.95,212.31,0.01,0.03,2375.657423,1776291143000
1776291145.898,145.898,0.09,12.0,0.08,172.0,0.1,174.69,0.11,95.5,0.89,145.49,0.88,116.04,0.91,115.0,0.92,115.0,0.01,0.02,2375.67843,1776291144000
1776291147.72,147.72,0.07,15.71,0.06,230.8,0.08,116.52,0.09,35.5,0.9,174.69,0.89,95.5,0.91,12.0,0.92,172.0,0.01,0.01,2375.798893,1776291146000
1776291148.016,148.016,0.07,15.71,0.06,130.8,0.08,148.52,0.09,132.5,0.92,116.52,0.91,35.5,0.93,15.71,0.94,230.8,0.01,0.01,2375.798893,1776291146000
1776291151.1,151.1,0.07,3.55,0.06,62.0,0.08,276.51,0.09,292.55,0.92,169.02,0.91,140.5,0.93,10.71,0.94,67.0,0.01,0.01,2375.573287,1776291149000
1776291152.023,152.023,0.05,216.29,0.04,411.8,0.06,18.53,0.07,25.0,0.92,271.51,0.91,292.55,0.94,54.1,0.95,131.51,0.01,0.02,2375.544929,1776291150000
1776291154.516,154.516,0.05,319.29,0.04,385.8,0.06,8.53,0.07,50.54,0.94,18.53,0.93,25.0,0.95,216.29,0.96,411.8,0.01,0.01,2375.431996,1776291153000
1776291154.94,154.94,0.05,282.89,0.04,385.8,0.06,8.53,0.07,40.54,0.94,8.53,0.93,50.54,0.95,319.29,0.96,385.8,0.01,0.01,2375.431996,1776291153000
1776291157.45,157.45,0.04,265.28,0.03,1267.7,0.06,65.21,0.07,20.0,0.94,7.38,0.93,40.54,0.95,287.89,0.96,385.8,0.02,0.01,2375.515253,1776291156000
1776291158.483,158.483,0.05,227.8,0.04,185.28,0.06,128.89,0.07,110.0,0.94,65.21,0.93,20.0,0.96,265.28,0.97,1267.7,0.01,0.02,2375.49155,1776291157000
1776291159.634,159.634,0.05,484.8,0.04,260.28,0.08,42.6,0.09,25.0,0.94,128.89,0.93,110.0,0.95,227.8,0.96,185.28,0.03,0.01,2375.549721,1776291158000
1776291160.038,160.038,0.07,34.64,0.06,218.0,0.08,195.09,0.09,15.0,0.92,32.6,0.91,25.0,0.93,25.72,0.94,218.0,0.01,0.01,2375.560841,1776291159000
1776291160.263,160.263,0.07,31.41,0.06,281.8,0.08,200.09,0.09,15.0,0.92,195.09,0.91,15.0,0.93,34.64,0.94,218.0,0.01,0.01,2375.560841,1776291159000
1776291160.981,160.981,0.07,102.64,0.06,281.8,0.08,190.09,0.09,10.0,0.92,200.09,0.91,15.0,0.93,31.41,0.94,281.8,0.01,0.01,2375.72939,1776291160000
1776291161.283,161.283,0.07,206.29,0.06,355.8,0.08,140.09,0.1,10.0,0.92,190.09,0.9,20.0,0.93,47.99,0.94,342.8,0.01,0.01,2375.72939,1776291160000
1776291162.098,162.098,0.1,24.26,0.09,15.0,0.11,188.56,0.12,35.66,0.92,22.71,0.9,10.0,0.93,206.29,0.94,355.8,0.01,0.01,2375.996406,1776291161000
1776291162.725,162.725,0.1,4.4,0.09,59.0,0.11,200.36,0.12,102.66,0.89,178.56,0.88,102.66,0.9,21.02,0.91,15.0,0.01,0.01,2375.996406,1776291161000
1776291163.118,163.118,0.1,2.62,0.09,116.0,0.11,200.36,0.12,113.16,0.89,200.36,0.88,102.66,0.9,4.4,0.91,59.0,0.01,0.01,2376.370403,1776291162000
1776291163.744,163.744,0.09,112.05,0.08,116.9,0.11,205.36,0.12,113.16,0.89,200.36,0.88,113.16,0.9,2.62,0.91,116.0,0.02,0.01,2376.370403,1776291162000
1776291164.35,164.35,0.09,132.95,0.08,103.9,0.1,26.8,0.11,178.56,0.89,205.36,0.88,113.16,0.91,112.05,0.92,116.9,0.01,0.02,2376.52345,1776291163000
1776291168.674,168.674,0.05,72.46,0.04,232.28,0.06,26.86,0.07,159.5,0.9,26.8,0.89,178.56,0.91,132.95,0.92,103.9,0.01,0.01,2376.604462,1776291167000
1776291168.981,168.981,0.04,232.28,0.03,454.7,0.06,230.3,0.07,102.5,0.94,26.86,0.93,159.5,0.95,60.99,0.96,232.28,0.02,0.01,2376.604462,1776291167000
1776291169.406,169.406,0.04,226.48,0.03,617.7,0.05,25.0,0.06,238.44,0.94,230.3,0.93,102.5,0.96,232.28,0.97,454.7,0.01,0.02,2376.575385,1776291168000
1776291169.829,169.829,0.04,181.48,0.03,617.7,0.06,234.84,0.07,92.5,0.95,22.09,0.94,238.44,0.96,226.48,0.97,617.7,0.02,0.01,2376.575385,1776291168000
1776291170.056,170.056,0.04,131.48,0.03,627.7,0.06,132.84,0.07,129.5,0.94,234.84,0.93,92.5,0.96,181.48,0.97,617.7,0.02,0.02,2375.895559,1776291169000
1776291170.4,170.4,0.04,126.48,0.03,804.0,0.05,10.0,0.06,137.84,0.94,132.84,0.93,129.5,0.96,131.48,0.97,627.7,0.01,0.02,2375.895559,1776291169000
1776291170.742,170.742,0.04,121.48,0.03,804.0,0.05,8.96,0.06,137.84,0.95,8.96,0.94,137.84,0.96,131.48,0.97,804.0,0.01,0.01,2375.895559,1776291169000
1776291171.024,171.024,0.04,131.8,0.03,804.0,0.05,10.0,0.06,10.0,0.92,256.79,0.91,365.55,0.96,108.48,0.97,804.0,0.01,0.04,2375.895559,1776291169000
1776291174.792,174.792,0.04,156.31,0.03,804.0,0.05,10.0,0.06,10.0,0.95,10.0,0.94,10.0,0.96,131.8,0.97,804.0,0.01,0.01,2375.625396,1776291173000
1776291177.006,177.006,0.05,25.0,0.04,169.25,0.06,17.66,0.07,82.5,0.95,10.0,0.94,10.0,0.96,156.31,0.97,804.0,0.01,0.01,2375.679064,1776291176000
1776291177.732,177.732,0.05,123.56,0.04,127.0,0.06,22.66,0.07,15.0,0.94,17.66,0.93,82.5,0.95,25.0,0.96,169.25,0.01,0.01,2375.679064,1776291176000
1776291179.854,179.854,0.05,106.56,0.04,127.0,0.06,71.89,0.07,15.0,0.94,22.66,0.93,15.0,0.95,123.56,0.96,127.0,0.01,0.01,2375.948927,1776291178000
1776291180.347,180.347,0.05,89.29,0.04,15.0,0.06,91.89,0.07,15.0,0.94,71.89,0.93,15.0,0.95,106.56,0.96,127.0,0.01,0.01,2375.970107,1776291179000
1776291181.4,181.4,0.04,59.92,0.03,827.7,0.05,14.1,0.06,87.85,0.95,4.1,0.94,89.23,0.96,15.0,0.97,868.7,0.01,0.01,2375.970107,1776291179000
1776291182.265,182.265,0.04,48.92,0.03,704.0,0.05,14.1,0.06,187.85,0.95,14.1,0.94,87.85,0.96,59.92,0.97,827.7,0.01,0.01,2375.925774,1776291181000
1776291184.335,184.335,0.04,33.26,0.03,686.0,0.05,53.1,0.06,187.85,0.95,14.1,0.94,187.85,0.96,48.92,0.97,704.0,0.01,0.01,2375.83192,1776291183000
1776291186.34,186.34,0.04,58.05,0.03,661.0,0.05,47.1,0.06,212.85,0.95,53.1,0.94,187.85,0.96,33.26,0.97,686.0,0.01,0.01,2375.844484,1776291184000
1776291187.146,187.146,0.04,116.05,0.03,482.7,0.06,30.62,0.07,20.0,0.95,47.1,0.94,212.85,0.96,58.05,0.97,661.0,0.02,0.01,2375.838011,1776291186000
1776291187.669,187.669,0.05,86.9,0.04,83.0,0.07,15.0,0.08,140.86,0.94,30.62,0.93,20.0,0.95,76.9,0.96,83.0,0.02,0.01,2375.838011,1776291186000
1776291188.492,188.492,0.06,79.0,0.05,28.0,0.07,65.36,0.08,35.0,0.93,15.0,0.92,140.86,0.95,86.9,0.96,83.0,0.01,0.02,2375.847421,1776291187000
1776291193.852,193.852,0.06,51.3,0.05,5.0,0.07,345.61,0.08,332.98,0.93,65.36,0.92,35.0,0.94,79.0,0.95,28.0,0.01,0.01,2376.556983,1776291192000
1776291196.019,196.019,0.05,57.0,0.04,30.0,0.06,242.84,0.07,232.69,0.93,345.61,0.92,332.98,0.94,51.3,0.95,5.0,0.01,0.01,2376.493755,1776291194000
1776291196.752,196.752,0.03,639.55,0.02,825.7,0.05,652.54,0.06,499.51,0.94,242.84,0.93,232.69,0.95,57.0,0.96,30.0,0.02,0.01,2376.461733,1776291195000
1776291202.691,202.691,0.03,645.14,0.02,1262.7,0.04,175.06,0.05,140.0,0.96,305.0,0.95,529.54,0.97,588.29,0.98,525.7,0.01,0.01,2375.771367,1776291201000
1776291203.178,203.178,0.03,645.14,0.02,1252.7,0.04,133.39,0.05,140.0,0.96,175.06,0.95,140.0,0.97,645.14,0.98,1262.7,0.01,0.01,2375.771367,1776291201000
1776291203.622,203.622,0.03,659.14,0.02,930.7,0.04,23.66,0.05,110.0,0.96,101.72,0.95,140.0,0.97,620.14,0.98,1262.7,0.01,0.01,2375.829795,1776291202000
1776291203.827,203.827,0.03,681.14,0.02,1030.7,0.05,10.0,0.06,95.06,0.96,23.66,0.95,110.0,0.97,659.14,0.98,930.7,0.02,0.01,2375.829795,1776291202000
1776291205.835,205.835,0.04,51.58,0.03,757.14,0.05,10.0,0.06,70.06,0.95,10.0,0.94,95.06,0.97,681.14,0.98,1030.7,0.01,0.02,2375.829845,1776291203000
1776291210.352,210.352,0.03,563.14,0.02,955.7,0.05,128.06,0.06,319.54,0.95,10.0,0.94,70.06,0.96,51.58,0.97,757.14,0.02,0.01,2376.1982,1776291209000
1776291211.23,211.23,0.03,374.55,0.02,1014.7,0.04,39.0,0.05,173.06,0.95,128.06,0.94,319.54,0.97,563.14,0.98,955.7,0.01,0.02,2376.21686,1776291210000
1776291211.514,211.514,0.03,323.37,0.02,1314.7,0.04,28.08,0.05,173.06,0.96,33.08,0.95,173.06,0.97,379.55,0.98,1314.7,0.01,0.01,2376.21686,1776291210000
1776291212.998,212.998,0.04,28.0,0.03,395.37,0.05,91.9,0.06,183.04,0.96,28.08,0.95,173.06,0.97,323.37,0.98,1314.7,0.01,0.01,2376.13546,1776291211000
1776291214.466,214.466,0.04,86.63,0.03,333.37,0.05,46.84,0.06,95.06,0.95,91.9,0.94,183.04,0.96,28.0,0.97,395.37,0.01,0.01,2376.06132,1776291213000
1776291219.619,219.619,0.03,374.9,0.02,1397.0,0.04,30.2,0.05,153.9,0.95,46.84,0.94,95.06,0.96,86.63,0.97,333.37,0.01,0.01,2376.350654,1776291218000
1776291221.638,221.638,0.04,17.48,0.03,317.9,0.05,253.99,0.06,209.45,0.96,30.2,0.95,153.9,0.97,374.9,0.98,1397.0,0.01,0.01,2376.205154,1776291220000
1776291222.566,222.566,0.04,7.2,0.03,317.9,0.05,328.49,0.06,169.45,0.95,253.99,0.94,209.45,0.96,17.48,0.97,317.9,0.01,0.01,2376.206076,1776291221000
1776291222.926,222.926,0.03,317.9,0.02,315.0,0.05,458.54,0.06,392.91,0.95,328.49,0.94,169.45,0.96,7.2,0.97,317.9,0.02,0.01,2376.206024,1776291222000
1776291223.529,223.529,0.03,267.9,0.02,315.0,0.04,221.45,0.05,191.5,0.95,458.54,0.94,392.91,0.97,317.9,0.98,315.0,0.01,0.02,2376.206024,1776291222000
1776291223.976,223.976,0.03,179.05,0.02,315.0,0.04,509.1,0.05,348.3,0.96,359.49,0.95,191.5,0.97,193.34,0.98,315.0,0.01,0.01,2376.206024,1776291222000
1776291225.009,225.009,0.03,137.05,0.02,315.0,0.04,509.1,0.05,288.3,0.96,509.1,0.95,348.3,0.97,179.05,0.98,315.0,0.01,0.01,2375.98691,1776291224000
1776291225.63,225.63,0.03,107.05,0.02,315.0,0.04,489.1,0.05,318.3,0.96,531.1,0.95,288.3,0.97,137.05,0.98,315.0,0.01,0.01,2375.98691,1776291224000
1776291226.811,226.811,0.03,97.86,0.02,315.0,0.04,599.8,0.05,296.3,0.96,489.1,0.95,318.3,0.97,107.05,0.98,315.0,0.01,0.01,2375.857329,1776291225000
1776291230.184,230.184,0.03,74.86,0.02,315.0,0.04,512.19,0.05,325.3,0.96,599.8,0.95,296.3,0.97,97.86,0.98,315.0,0.01,0.01,2375.56616,1776291229000
1776291230.763,230.763,0.02,315.0,0.01,2849.0,0.03,365.84,0.04,413.19,0.97,13.14,0.96,517.19,0.98,315.0,0.99,2749.0,0.01,0.01,2375.56616,1776291229000
1776291231.568,231.568,0.02,311.92,0.01,2849.0,0.03,375.84,0.04,413.19,0.97,365.84,0.96,413.19,0.98,313.97,0.99,2849.0,0.01,0.01,2375.618264,1776291230000
1776291231.821,231.821,0.02,210.92,0.01,2849.0,0.03,375.84,0.04,280.15,0.97,375.84,0.96,413.19,0.98,311.92,0.99,2849.0,0.01,0.01,2375.618264,1776291230000
1776291233.692,233.692,0.02,159.92,0.01,2849.0,0.03,511.79,0.04,280.15,0.97,375.84,0.96,280.15,0.98,210.92,0.99,2849.0,0.01,0.01,2375.506954,1776291232000
1776291234.711,234.711,0.02,48.38,0.01,2849.0,0.03,425.79,0.04,280.15,0.97,413.79,0.96,280.15,0.98,138.38,0.99,2849.0,0.01,0.01,2375.404189,1776291233000
1776291236.614,236.614,0.02,32.17,0.01,2849.0,0.03,383.6,0.04,285.15,0.97,425.79,0.96,285.15,0.98,32.17,0.99,2849.0,0.01,0.01,2375.390642,1776291235000
1776291237.287,237.287,0.01,2649.0,,,0.02,17.83,0.03,336.1,0.97,321.1,0.96,285.15,0.98,32.17,0.99,2849.0,0.01,0.01,2375.405295,1776291236000
1776291237.624,237.624,0.01,2649.0,,,0.02,152.66,0.03,340.1,0.98,17.83,0.97,336.1,0.99,2649.0,,,0.01,0.01,2375.405295,1776291236000
1776291238.061,238.061,0.01,2613.37,,,0.02,147.66,0.03,300.1,0.98,152.66,0.97,300.1,0.99,2646.7,,,0.01,0.01,2375.450831,1776291237000
1776291238.633,238.633,0.01,1761.37,,,0.02,158.66,0.03,142.26,0.98,118.66,0.97,227.15,0.99,2593.37,,,0.01,0.01,2375.450831,1776291237000
1776291240.127,240.127,0.01,1755.37,,,0.02,158.66,0.03,104.31,0.98,158.66,0.97,142.26,0.99,1761.37,,,0.01,0.01,2375.455224,1776291238000
1776291240.752,240.752,0.01,1755.37,,,0.02,158.66,0.03,203.35,0.98,158.66,0.97,104.31,0.99,1755.37,,,0.01,0.01,2375.652979,1776291239000
1776291240.959,240.959,0.01,1750.37,,,0.02,56.66,0.03,203.35,0.98,158.66,0.97,203.35,0.99,1755.37,,,0.01,0.01,2375.652979,1776291239000
1776291241.18,241.18,0.01,1738.34,,,0.02,56.66,0.03,203.35,0.98,56.66,0.97,203.35,0.99,1743.34,,,0.01,0.01,2375.909,1776291240000
1776291241.82,241.82,0.01,1732.28,,,0.02,56.66,0.03,203.35,0.98,56.66,0.97,203.35,0.99,1738.34,,,0.01,0.01,2375.909,1776291240000
1776291242.366,242.366,0.01,2353.49,,,0.02,56.66,0.03,194.01,0.98,56.66,0.97,101.26,0.99,1893.78,,,0.01,0.01,2375.998642,1776291241000
1776291243.203,243.203,0.01,2552.47,,,0.02,68.66,0.03,249.96,0.98,56.66,0.97,194.01,0.99,2353.49,,,0.01,0.01,2376.012106,1776291242000
1776291244.435,244.435,0.01,2550.44,,,0.02,56.66,0.03,254.96,0.98,68.66,0.97,249.96,0.99,2552.47,,,0.01,0.01,2375.973877,1776291243000
1776291245.368,245.368,0.01,2547.36,,,0.02,61.66,0.03,236.01,0.98,56.66,0.97,254.96,0.99,2550.44,,,0.01,0.01,2375.940052,1776291244000
1776291246.314,246.314,0.01,2494.31,,,0.02,73.66,0.03,236.01,0.98,73.66,0.97,236.01,0.99,2544.31,,,0.01,0.01,2375.949038,1776291245000
1776291246.957,246.957,0.01,2474.31,,,0.02,68.66,0.03,356.01,0.98,73.66,0.97,236.01,0.99,2494.31,,,0.01,0.01,2375.948784,1776291246000
1776291247.411,247.411,0.01,2469.31,,,0.02,48.66,0.03,289.01,0.98,73.66,0.97,356.01,0.99,2474.31,,,0.01,0.01,2375.948784,1776291246000
1776291247.839,247.839,0.01,2464.31,,,0.02,232.36,0.03,289.01,0.98,48.66,0.97,289.01,0.99,2469.31,,,0.01,0.01,2375.866983,1776291247000
1776291248.439,248.439,0.01,2467.28,,,0.02,247.36,0.03,346.01,0.98,232.36,0.97,289.01,0.99,2464.31,,,0.01,0.01,2375.866983,1776291247000
1776291248.649,248.649,0.01,2460.25,,,0.02,242.36,0.03,346.01,0.98,247.36,0.97,346.01,0.99,2467.28,,,0.01,0.01,2375.866983,1776291247000
1776291249.266,249.266,0.01,2383.25,,,0.02,636.1,0.03,289.01,0.98,242.36,0.97,346.01,0.99,2460.25,,,0.01,0.01,2375.866443,1776291248000
1776291250.196,250.196,0.01,2376.22,,,0.02,503.06,0.03,289.01,0.98,636.1,0.97,289.01,0.99,2381.22,,,0.01,0.01,2375.866443,1776291248000
1776291251.412,251.412,0.01,1479.19,,,0.02,544.01,0.03,307.96,0.98,503.06,0.97,289.01,0.99,2376.22,,,0.01,0.01,2375.776861,1776291250000
1776291253.357,253.357,0.01,1469.19,,,0.02,508.06,0.03,305.96,0.98,544.01,0.97,307.96,0.99,1479.19,,,0.01,0.01,2375.780756,1776291252000
1776291254.634,254.634,0.01,1466.58,,,0.02,481.06,0.03,305.96,0.98,508.06,0.97,305.96,0.99,1469.19,,,0.01,0.01,2375.779505,1776291253000
1776291255.275,255.275,0.01,1366.58,,,0.02,481.06,0.03,305.96,0.98,481.06,0.97,305.96,0.99,1466.58,,,0.01,0.01,2375.729012,1776291254000
1776291255.769,255.769,0.01,1346.58,,,0.02,481.06,0.03,305.96,0.98,481.06,0.97,305.96,0.99,1366.58,,,0.01,0.01,2375.729012,1776291254000
1776291256.17,256.17,0.01,844.58,,,0.02,517.01,0.03,305.96,0.98,517.01,0.97,305.96,0.99,841.58,,,0.01,0.01,2375.823342,1776291255000
1776291256.708,256.708,0.01,832.01,,,0.02,532.01,0.03,305.96,0.98,517.01,0.97,305.96,0.99,834.58,,,0.01,0.01,2375.823342,1776291255000
1776291257.778,257.778,0.01,837.01,,,0.02,529.0,0.03,282.96,0.98,532.01,0.97,305.96,0.99,832.01,,,0.01,0.01,2375.8672,1776291256000
1776291260.563,260.563,0.01,820.7,,,0.02,752.0,0.03,357.01,0.98,529.0,0.97,282.96,0.99,826.7,,,0.01,0.01,2375.93129,1776291259000
1776291260.878,260.878,0.01,804.7,,,0.02,752.0,0.03,357.01,0.98,752.0,0.97,357.01,0.99,814.7,,,0.01,0.01,2375.93129,1776291259000
1776291261.557,261.557,0.01,695.62,,,0.02,616.0,0.03,357.01,0.98,752.0,0.97,357.01,0.99,796.62,,,0.01,0.01,2375.659773,1776291260000
1776291261.889,261.889,0.01,680.62,,,0.02,621.0,0.03,357.01,0.98,616.0,0.97,357.01,0.99,695.62,,,0.01,0.01,2375.659773,1776291260000
1776291262.638,262.638,0.01,679.6,,,0.02,720.0,0.03,362.01,0.98,621.0,0.97,357.01,0.99,680.62,,,0.01,0.01,2375.637958,1776291261000
1776291262.92,262.92,0.01,674.6,,,0.02,720.0,0.03,362.01,0.98,720.0,0.97,362.01,0.99,679.6,,,0.01,0.01,2375.637958,1776291261000
1776291263.389,263.389,0.01,674.6,,,0.02,614.86,0.03,362.01,0.98,720.0,0.97,362.01,0.99,674.6,,,0.01,0.01,2375.637958,1776291261000
1776291264.4,264.4,0.01,678.58,,,0.02,619.86,0.03,362.01,0.98,614.86,0.97,362.01,0.99,674.6,,,0.01,0.01,2375.679927,1776291263000
1776291264.821,264.821,0.01,662.58,,,0.02,643.67,0.03,362.01,0.98,743.67,0.97,362.01,0.99,659.58,,,0.01,0.01,2375.679927,1776291263000
1776291265.039,265.039,0.01,637.58,,,0.02,643.67,0.03,362.01,0.98,643.67,0.97,362.01,0.99,662.58,,,0.01,0.01,2375.679927,1776291263000
1776291265.585,265.585,0.01,629.5,,,0.02,643.67,0.03,362.01,0.98,643.67,0.97,362.01,0.99,637.58,,,0.01,0.01,2375.695575,1776291264000
1776291265.883,265.883,0.01,129.5,,,0.02,643.67,0.03,362.01,0.98,643.67,0.97,362.01,0.99,629.5,,,0.01,0.01,2375.695575,1776291264000
1776291266.359,266.359,,,,,0.01,155.5,0.02,693.67,0.98,643.67,0.97,362.01,0.99,129.5,,,,0.01,2375.695575,1776291264000
1776291266.952,266.952,,,,,0.01,499.95,0.02,660.35,0.99,155.5,0.98,693.67,,,,,,,2375.6717,1776291265000
1776291280.181,280.181,,,,,0.01,4680.16,0.02,234.95,0.99,497.83,0.98,660.35,,,,,,,2375.59718,1776291278000
1776291284.536,284.536,,,,,0.01,5957.62,0.02,234.95,0.99,4680.16,0.98,234.95,,,,,,,2375.537527,1776291283000
1776291285.402,285.402,,,,,0.01,6478.62,0.02,224.95,0.99,5957.62,0.98,234.95,,,,,,,2375.49613,1776291284000
1776291290.573,290.573,,,,,0.01,8311.91,0.02,224.95,0.99,6478.62,0.98,224.95,,,,,,,2374.911784,1776291289000

# RESULT,winner=Down,slug=eth-updown-5m-1776291000,ticks=276
