timestamp,elapsed_sec,up_bid_p1,up_bid_s1,up_bid_p2,up_bid_s2,up_ask_p1,up_ask_s1,up_ask_p2,up_ask_s2,down_bid_p1,down_bid_s1,down_bid_p2,down_bid_s2,down_ask_p1,down_ask_s1,down_ask_p2,down_ask_s2,up_spread,down_spread,eth_price,eth_oracle_ts
1776336600.729,0.729,0.52,266.56,0.51,417.86,0.54,70.0,0.55,70.0,0.46,70.0,0.45,70.0,0.48,284.06,0.49,417.86,0.02,0.02,2329.329276,1776336599000
1776336601.248,1.248,0.52,79.26,0.51,522.86,0.54,61.08,0.55,70.0,0.46,70.0,0.45,70.0,0.48,266.56,0.49,417.86,0.02,0.02,2329.329276,1776336599000
1776336601.926,1.926,0.52,89.26,0.51,537.86,0.54,5.0,0.55,88.0,0.46,46.16,0.45,70.0,0.48,84.26,0.49,522.86,0.02,0.02,2329.328355,1776336600000
1776336602.143,2.143,0.54,49.95,0.53,5.0,0.55,70.0,0.56,88.0,0.45,75.0,0.44,88.0,0.48,89.26,0.49,537.86,0.01,0.03,2329.328355,1776336600000
1776336602.508,2.508,0.54,57.95,0.53,21.0,0.55,65.0,0.56,75.0,0.45,70.0,0.44,88.0,0.46,49.95,0.47,5.0,0.01,0.01,2329.314574,1776336601000
1776336603.413,3.413,0.54,63.45,0.53,26.0,0.55,64.63,0.56,85.0,0.45,60.0,0.44,75.0,0.46,57.95,0.47,16.0,0.01,0.01,2329.314574,1776336601000
1776336603.801,3.801,0.54,63.01,0.53,38.0,0.55,59.63,0.56,97.0,0.45,64.63,0.44,85.0,0.46,63.45,0.47,26.0,0.01,0.01,2329.306006,1776336602000
1776336604.018,4.018,0.54,68.01,0.53,43.0,0.55,49.63,0.56,97.0,0.45,54.63,0.44,97.0,0.46,63.01,0.47,43.0,0.01,0.01,2329.306006,1776336602000
1776336604.371,4.371,0.54,176.7,0.53,43.0,0.55,44.63,0.56,97.0,0.45,49.63,0.44,97.0,0.46,68.01,0.47,43.0,0.01,0.01,2329.358535,1776336603000
1776336605.016,5.016,0.54,182.26,0.53,43.0,0.55,34.63,0.56,82.0,0.45,44.63,0.44,97.0,0.46,176.7,0.47,43.0,0.01,0.01,2329.358535,1776336603000
1776336605.241,5.241,0.54,187.26,0.53,43.0,0.55,12.48,0.56,82.0,0.45,29.63,0.44,82.0,0.46,182.26,0.47,43.0,0.01,0.01,2329.415263,1776336604000
1776336605.476,5.476,0.54,182.95,0.53,43.0,0.55,5.66,0.56,82.0,0.45,7.48,0.44,82.0,0.46,182.95,0.47,43.0,0.01,0.01,2329.415263,1776336604000
1776336606.036,6.036,0.55,20.0,0.54,247.95,0.57,17.0,0.58,80.0,0.45,0.66,0.44,87.0,0.46,182.95,0.47,43.0,0.02,0.01,2329.415263,1776336604000
1776336606.369,6.369,0.56,15.0,0.55,32.0,0.57,10.0,0.58,97.0,0.43,17.0,0.42,80.0,0.45,20.0,0.46,247.95,0.01,0.02,2329.473065,1776336605000
1776336606.7,6.7,0.56,25.5,0.55,32.0,0.57,3.0,0.58,97.0,0.43,8.0,0.42,97.0,0.44,15.0,0.45,32.0,0.01,0.01,2329.473065,1776336605000
1776336607.151,7.151,0.56,20.5,0.55,32.0,0.58,93.24,0.59,29.0,0.43,1.24,0.42,97.0,0.44,20.5,0.45,32.0,0.02,0.01,2329.54013,1776336606000
1776336607.584,7.584,0.57,5.0,0.56,30.5,0.58,12.27,0.59,41.0,0.42,93.24,0.41,29.0,0.44,20.5,0.45,32.0,0.01,0.02,2329.54013,1776336606000
1776336608.136,8.136,0.58,117.27,0.57,17.0,0.59,37.27,0.6,40.0,0.41,41.0,0.4,28.0,0.42,106.77,0.43,5.0,0.01,0.01,2329.54013,1776336606000
1776336608.933,8.933,0.58,101.07,0.57,17.0,0.59,47.27,0.6,45.0,0.41,37.27,0.4,40.0,0.42,117.27,0.43,17.0,0.01,0.01,2329.59055,1776336607000
1776336610.169,10.169,0.58,111.07,0.57,17.0,0.59,49.4,0.6,45.0,0.41,47.27,0.4,45.0,0.42,101.07,0.43,17.0,0.01,0.01,2329.670859,1776336608000
1776336610.985,10.985,0.58,151.57,0.57,27.5,0.59,13.9,0.6,50.5,0.41,49.4,0.4,45.0,0.42,111.07,0.43,17.0,0.01,0.01,2329.597265,1776336609000
1776336611.35,11.35,0.59,66.5,0.58,146.57,0.63,69.85,0.64,85.5,0.41,13.9,0.4,50.5,0.42,151.57,0.43,27.5,0.04,0.01,2329.597723,1776336610000
1776336611.656,11.656,0.62,12.0,0.6,20.5,0.63,133.61,0.64,96.0,0.37,96.42,0.36,96.0,0.38,15.5,0.39,25.5,0.01,0.01,2329.597723,1776336610000
1776336613.622,13.622,0.61,18.0,0.6,20.5,0.62,44.5,0.63,93.61,0.37,133.61,0.36,96.0,0.38,12.0,0.4,20.5,0.01,0.01,2329.741949,1776336612000
1776336615.547,15.547,0.61,88.5,0.6,30.5,0.62,8.0,0.63,95.11,0.38,44.5,0.37,93.61,0.39,18.0,0.4,20.5,0.01,0.01,2329.798063,1776336614000
1776336615.88,15.88,0.61,71.5,0.6,42.5,0.63,71.11,0.64,116.5,0.38,8.0,0.37,95.11,0.39,88.5,0.4,30.5,0.02,0.01,2329.798063,1776336614000
1776336616.181,16.181,0.61,66.5,0.6,42.5,0.62,13.0,0.63,57.11,0.37,71.11,0.36,116.5,0.39,71.5,0.4,42.5,0.01,0.02,2329.798063,1776336614000
1776336617.701,17.701,0.61,32.93,0.6,42.5,0.62,8.0,0.63,47.11,0.38,13.0,0.37,57.11,0.39,66.5,0.4,42.5,0.01,0.01,2329.9024,1776336616000
1776336620.167,20.167,0.61,5.85,0.6,37.5,0.62,13.0,0.63,57.61,0.38,8.0,0.37,47.11,0.39,32.93,0.4,42.5,0.01,0.01,2329.8873,1776336619000
1776336620.9,20.9,0.63,86.48,0.62,47.5,0.65,14.07,0.67,46.5,0.38,13.0,0.37,57.61,0.39,5.85,0.4,37.5,0.02,0.01,2329.89615,1776336620000
1776336621.441,21.441,0.66,52.0,0.65,40.0,0.67,40.05,0.68,43.5,0.33,44.5,0.32,45.0,0.35,59.2,0.36,42.5,0.01,0.02,2329.89615,1776336620000
1776336623.745,23.745,0.66,28.08,0.65,25.0,0.67,60.03,0.68,43.5,0.33,48.03,0.32,43.5,0.34,47.0,0.35,40.0,0.01,0.01,2329.989185,1776336622000
1776336624.76,24.76,0.66,38.08,0.65,25.0,0.67,54.68,0.68,43.5,0.33,60.03,0.32,43.5,0.34,28.08,0.35,25.0,0.01,0.01,2330.039289,1776336623000
1776336629.127,29.127,0.66,43.08,0.65,35.5,0.67,18.47,0.68,24.0,0.33,54.68,0.32,43.5,0.34,38.08,0.35,25.0,0.01,0.01,2330.08077,1776336627000
1776336631.141,31.141,0.66,64.08,0.65,35.5,0.67,2.47,0.68,34.5,0.33,6.47,0.32,24.0,0.34,45.08,0.35,35.5,0.01,0.01,2330.080542,1776336629000
1776336631.398,31.398,0.66,93.58,0.65,41.51,0.67,2.47,0.69,97.0,0.33,2.47,0.32,34.5,0.34,64.08,0.35,35.5,0.01,0.01,2330.080542,1776336629000
1776336631.83,31.83,0.68,148.85,0.67,31.5,0.69,63.65,0.7,96.5,0.31,92.25,0.3,96.5,0.32,7.35,0.34,144.58,0.01,0.01,2330.186345,1776336630000
1776336632.866,32.866,0.68,123.35,0.67,31.5,0.7,86.0,0.71,184.5,0.31,53.65,0.3,86.0,0.32,148.85,0.33,31.5,0.02,0.01,2330.186345,1776336631000
1776336633.409,33.409,0.69,107.5,0.68,103.35,0.7,84.57,0.71,162.0,0.3,86.0,0.29,184.5,0.32,123.35,0.33,31.5,0.01,0.02,2330.204085,1776336632000
1776336634.557,34.557,0.7,125.0,0.69,65.5,0.71,18.16,0.72,27.5,0.3,84.57,0.29,162.0,0.31,107.5,0.32,103.35,0.01,0.01,2330.204085,1776336632000
1776336634.911,34.911,0.7,69.5,0.69,40.0,0.71,38.66,0.72,112.5,0.29,18.16,0.28,27.5,0.3,125.0,0.31,65.5,0.01,0.01,2330.259254,1776336633000
1776336635.189,35.189,0.7,23.16,0.69,37.0,0.71,50.66,0.72,112.5,0.29,43.66,0.28,112.5,0.3,24.16,0.31,25.0,0.01,0.01,2330.259254,1776336633000
1776336636.619,36.619,0.7,22.97,0.69,37.0,0.71,58.5,0.72,182.5,0.29,50.66,0.28,112.5,0.3,23.16,0.31,37.0,0.01,0.01,2330.311905,1776336635000
1776336637.821,37.821,0.7,4.5,0.69,12.0,0.71,176.5,0.72,51.5,0.29,58.5,0.28,182.5,0.3,22.97,0.31,37.0,0.01,0.01,2330.386544,1776336636000
1776336638.034,38.034,0.65,5.29,0.64,15.0,0.66,86.65,0.67,5.0,0.34,53.65,0.3,25.5,0.35,10.0,0.36,15.0,0.01,0.01,2330.386544,1776336636000
1776336638.472,38.472,0.65,69.49,0.64,15.0,0.66,76.65,0.67,33.0,0.34,86.65,0.33,5.0,0.35,5.29,0.36,15.0,0.01,0.01,2330.386544,1776336636000
1776336638.72,38.72,0.65,47.43,0.64,15.0,0.66,81.65,0.67,33.0,0.34,76.65,0.33,33.0,0.35,69.49,0.36,15.0,0.01,0.01,2330.386544,1776336636000
1776336640.854,40.854,0.65,41.78,0.64,25.5,0.66,81.65,0.67,40.0,0.34,71.65,0.33,42.5,0.35,40.0,0.36,25.5,0.01,0.01,2330.206465,1776336639000
1776336641.568,41.568,0.65,56.5,0.64,25.5,0.66,22.48,0.67,39.5,0.34,81.65,0.33,40.0,0.35,41.78,0.36,25.5,0.01,0.01,2330.182942,1776336640000
1776336644.032,44.032,0.66,98.2,0.65,26.78,0.67,11.0,0.68,48.5,0.34,22.48,0.33,39.5,0.35,56.5,0.36,25.5,0.01,0.01,2330.165404,1776336642000
1776336644.919,44.919,0.66,103.2,0.65,26.78,0.67,11.65,0.68,48.5,0.33,11.0,0.32,48.5,0.34,98.2,0.35,26.78,0.01,0.01,2330.160404,1776336643000
1776336645.53,45.53,0.66,103.2,0.65,26.78,0.68,18.0,0.69,40.5,0.33,5.0,0.32,48.5,0.34,98.2,0.35,26.78,0.02,0.01,2330.199315,1776336644000
1776336646.503,46.503,0.67,32.0,0.66,90.2,0.68,46.5,0.69,52.5,0.32,18.0,0.31,40.5,0.34,103.2,0.35,26.78,0.01,0.02,2330.227902,1776336645000
1776336648.91,48.91,0.68,50.0,0.67,45.75,0.69,37.83,0.7,123.5,0.32,46.5,0.31,52.5,0.33,32.0,0.34,90.2,0.01,0.01,2330.275065,1776336647000
1776336649.951,49.951,0.68,35.0,0.67,21.0,0.69,35.17,0.7,123.5,0.31,37.83,0.3,123.5,0.32,50.0,0.33,45.75,0.01,0.01,2330.21536,1776336648000
1776336650.849,50.849,0.68,65.0,0.67,26.0,0.69,13.72,0.7,123.5,0.31,35.17,0.3,123.5,0.32,35.0,0.33,21.0,0.01,0.01,2330.217671,1776336649000
1776336653.026,53.026,0.68,14.78,0.67,26.0,0.69,23.72,0.7,123.5,0.31,13.72,0.3,123.5,0.32,65.0,0.33,26.0,0.01,0.01,2330.224631,1776336651000
1776336653.699,53.699,0.68,49.78,0.67,26.0,0.69,19.7,0.7,123.5,0.31,25.5,0.3,123.5,0.32,54.78,0.33,26.0,0.01,0.01,2330.228777,1776336652000
1776336655.536,55.536,0.68,2.4,0.67,36.5,0.69,5.0,0.7,113.5,0.31,22.56,0.3,123.5,0.32,54.78,0.33,26.0,0.01,0.01,2330.21488,1776336654000
1776336657.144,57.144,0.68,90.53,0.67,36.5,0.7,97.5,0.71,46.5,0.31,5.0,0.3,113.5,0.32,2.4,0.33,36.5,0.02,0.01,2330.256316,1776336655000
1776336657.483,57.483,0.69,140.7,0.68,97.53,0.7,38.28,0.71,17.0,0.3,97.5,0.29,46.5,0.32,90.53,0.33,36.5,0.01,0.02,2330.256316,1776336655000
1776336657.785,57.785,0.7,116.0,0.69,65.5,0.72,113.5,0.73,27.0,0.29,17.0,0.28,101.5,0.31,145.7,0.32,97.53,0.02,0.02,2330.2184,1776336656000
1776336658.573,58.573,0.71,100.0,0.7,67.0,0.72,101.5,0.73,39.0,0.28,113.5,0.27,27.0,0.3,116.0,0.31,65.5,0.01,0.02,2330.2775,1776336657000
1776336659.312,59.312,0.71,91.2,0.7,77.5,0.72,5.0,0.73,29.0,0.28,101.5,0.27,39.0,0.29,100.0,0.3,67.0,0.01,0.01,2330.31638,1776336658000
1776336659.568,59.568,0.73,75.0,0.72,44.0,0.74,37.43,0.75,40.0,0.26,45.14,0.25,28.0,0.28,15.0,0.29,91.2,0.01,0.02,2330.31638,1776336658000
1776336662.324,62.324,0.73,80.0,0.72,11.0,0.74,30.95,0.75,102.0,0.26,37.43,0.25,40.0,0.27,75.0,0.28,44.0,0.01,0.01,2330.429225,1776336661000
1776336662.914,62.914,0.76,15.0,0.75,30.5,0.77,5.25,0.78,10.0,0.26,30.95,0.25,102.0,0.27,80.0,0.28,11.0,0.01,0.01,2330.429225,1776336661000
1776336663.133,63.133,0.76,70.0,0.75,47.5,0.78,10.5,0.79,62.5,0.22,32.5,0.21,69.5,0.24,85.0,0.25,47.5,0.02,0.02,2330.43126,1776336662000
1776336664.224,64.224,0.77,123.96,0.76,65.5,0.79,74.5,0.8,111.0,0.22,10.5,0.21,62.5,0.24,70.0,0.25,47.5,0.02,0.02,2330.42354,1776336663000
1776336664.592,64.592,0.78,55.45,0.77,114.92,0.79,32.28,0.8,128.5,0.21,17.0,0.2,106.0,0.22,85.45,0.23,132.92,0.01,0.01,2330.42354,1776336663000
1776336665.03,65.03,0.78,45.45,0.77,114.92,0.79,25.5,0.8,133.5,0.21,29.28,0.2,128.5,0.22,45.45,0.23,114.92,0.01,0.01,2330.42354,1776336663000
1776336666.421,66.421,0.77,46.92,0.75,10.0,0.79,111.5,0.8,58.5,0.21,25.5,0.2,133.5,0.22,45.45,0.23,114.92,0.02,0.01,2330.679234,1776336665000
1776336666.789,66.789,0.69,29.9,0.68,15.0,0.7,10.0,0.71,25.5,0.3,13.57,0.29,25.5,0.31,9.9,0.32,25.5,0.01,0.01,2330.679234,1776336665000
1776336667.308,67.308,0.69,19.9,0.68,25.5,0.7,27.0,0.71,28.56,0.29,23.56,0.28,30.5,0.31,29.9,0.32,25.5,0.01,0.02,2330.660933,1776336666000
1776336668.385,68.385,0.69,186.21,0.68,36.5,0.7,6.0,0.73,48.04,0.3,27.0,0.29,28.56,0.31,19.9,0.32,25.5,0.01,0.01,2330.643117,1776336667000
1776336668.917,68.917,0.72,147.49,0.71,216.8,0.73,37.46,0.74,12.0,0.3,6.0,0.27,48.04,0.31,186.21,0.32,36.5,0.01,0.01,2330.643117,1776336667000
1776336669.376,69.376,0.72,177.49,0.71,216.8,0.73,30.09,0.74,12.0,0.27,31.46,0.26,12.0,0.28,152.49,0.29,216.8,0.01,0.01,2330.356621,1776336668000
1776336671.55,71.55,0.72,222.13,0.71,55.51,0.74,12.0,0.76,17.0,0.27,30.09,0.26,12.0,0.28,177.49,0.29,216.8,0.02,0.01,2330.51647,1776336670000
1776336672.305,72.305,0.75,55.0,0.74,15.0,0.76,28.0,0.77,49.5,0.26,12.0,0.24,17.0,0.28,222.13,0.29,55.51,0.01,0.02,2330.51647,1776336670000
1776336672.886,72.886,0.76,55.0,0.75,76.5,0.77,23.7,0.78,37.5,0.24,11.0,0.23,32.0,0.25,50.0,0.26,25.5,0.01,0.01,2330.551934,1776336671000
1776336673.605,73.605,0.76,65.0,0.75,76.5,0.77,29.2,0.78,37.5,0.23,23.7,0.22,37.5,0.24,55.0,0.25,76.5,0.01,0.01,2330.553429,1776336672000
1776336674.102,74.102,0.76,65.0,0.75,76.5,0.77,19.12,0.78,37.5,0.23,29.2,0.22,37.5,0.24,65.0,0.25,76.5,0.01,0.01,2330.553429,1776336672000
1776336677.063,77.063,0.77,115.08,0.76,25.0,0.78,10.0,0.79,37.5,0.23,19.12,0.22,37.5,0.24,65.0,0.25,76.5,0.01,0.01,2330.613421,1776336675000
1776336677.868,77.868,0.77,50.39,0.76,25.0,0.78,25.5,0.79,37.5,0.22,10.0,0.21,37.5,0.23,115.08,0.24,25.0,0.01,0.01,2330.613945,1776336676000
1776336681.096,81.096,0.77,60.39,0.76,25.5,0.78,8.0,0.79,37.5,0.22,25.5,0.21,37.5,0.23,43.39,0.24,25.0,0.01,0.01,2330.637209,1776336680000
1776336681.385,81.385,0.78,41.95,0.77,95.39,0.79,37.5,0.8,30.0,0.22,8.0,0.21,37.5,0.23,60.39,0.24,25.5,0.01,0.01,2330.637209,1776336680000
1776336682.281,82.281,0.79,98.0,0.78,107.45,0.8,18.75,0.81,59.5,0.21,37.5,0.2,30.0,0.22,41.95,0.23,95.39,0.01,0.01,2330.637117,1776336681000
1776336685.675,85.675,0.79,95.24,0.78,77.45,0.8,3.75,0.81,39.0,0.2,18.75,0.19,59.5,0.21,88.23,0.22,107.45,0.01,0.01,2330.712342,1776336684000
1776336687.857,87.857,0.79,85.36,0.78,107.48,0.8,3.75,0.81,23.0,0.2,3.75,0.19,39.0,0.21,95.24,0.22,77.45,0.01,0.01,2330.736247,1776336686000
1776336690.625,90.625,0.82,69.48,0.81,65.5,0.84,0.09,0.85,10.5,0.2,3.75,0.19,23.0,0.21,85.36,0.22,107.48,0.02,0.01,2330.755003,1776336689000
1776336690.956,90.956,0.84,74.0,0.83,51.5,0.85,31.92,0.86,44.5,0.15,5.92,0.14,10.5,0.17,15.0,0.18,109.48,0.01,0.02,2330.756009,1776336690000
1776336691.348,91.348,0.85,55.0,0.84,44.0,0.86,37.5,0.87,59.31,0.15,7.0,0.14,51.94,0.16,69.0,0.17,51.5,0.01,0.01,2330.756009,1776336690000
1776336691.607,91.607,0.85,47.53,0.84,44.0,0.86,32.0,0.87,44.31,0.14,42.5,0.13,52.31,0.15,42.53,0.16,44.0,0.01,0.01,2330.756009,1776336690000
1776336691.925,91.925,0.86,7.0,0.85,45.5,0.87,39.31,0.88,42.5,0.14,32.0,0.13,51.31,0.15,20.31,0.16,62.5,0.01,0.01,2330.756009,1776336690000
1776336693.542,93.542,0.86,77.5,0.85,37.5,0.87,26.0,0.88,54.5,0.13,24.62,0.12,54.5,0.14,32.5,0.15,47.5,0.01,0.01,2331.082445,1776336692000
1776336694.699,94.699,0.86,163.45,0.85,37.5,0.87,20.0,0.88,54.5,0.13,26.0,0.12,54.5,0.14,77.5,0.15,37.5,0.01,0.01,2331.141045,1776336693000
1776336695.863,95.863,0.86,173.45,0.85,37.5,0.88,54.5,0.89,15.0,0.13,20.0,0.12,54.5,0.14,163.45,0.15,37.5,0.02,0.01,2331.248022,1776336694000
1776336697.104,97.104,0.87,35.0,0.86,32.5,0.88,52.55,0.89,64.0,0.12,54.5,0.11,15.0,0.14,173.45,0.15,37.5,0.01,0.02,2331.245062,1776336696000
1776336699.613,99.613,0.87,94.5,0.86,32.5,0.88,10.0,0.89,52.5,0.12,52.55,0.11,64.0,0.13,35.0,0.14,32.5,0.01,0.01,2331.262136,1776336697000
1776336700.401,100.401,0.87,3.0,0.85,22.0,0.88,101.5,0.89,123.29,0.12,10.0,0.11,52.5,0.13,94.5,0.14,32.5,0.01,0.01,2331.262136,1776336697000
1776336702.904,102.904,0.84,22.0,0.83,20.5,0.86,96.5,0.87,62.5,0.14,7.0,0.12,101.5,0.15,22.0,0.16,33.5,0.02,0.01,2331.30921,1776336701000
1776336703.407,103.407,0.84,1.0,0.83,32.5,0.85,77.62,0.86,52.5,0.15,69.5,0.14,80.5,0.16,1.0,0.17,32.5,0.01,0.01,2331.25927,1776336702000
1776336704.029,104.029,0.84,81.46,0.83,32.5,0.85,45.86,0.86,27.0,0.15,77.62,0.14,52.5,0.16,1.0,0.17,32.5,0.01,0.01,2331.25927,1776336702000
1776336705.174,105.174,0.84,111.46,0.83,93.49,0.85,16.94,0.86,27.0,0.15,45.86,0.14,27.0,0.16,81.46,0.17,32.5,0.01,0.01,2331.14418,1776336704000
1776336705.61,105.61,0.84,624.79,0.83,213.22,0.9,10.0,0.91,61.0,0.15,16.94,0.14,27.0,0.16,111.46,0.17,93.49,0.06,0.01,2331.14418,1776336704000
1776336706.318,106.318,0.89,160.0,0.88,137.5,0.9,18.75,0.91,166.0,0.1,10.0,0.09,61.0,0.16,624.79,0.17,213.22,0.01,0.06,2331.14418,1776336704000
1776336707.361,107.361,0.89,155.0,0.88,127.0,0.9,4.5,0.91,166.0,0.1,11.24,0.09,166.0,0.11,160.0,0.12,137.5,0.01,0.01,2331.14313,1776336705000
1776336710.198,110.198,0.89,190.5,0.88,137.5,0.9,0.5,0.91,170.0,0.1,4.5,0.09,166.0,0.11,155.0,0.12,127.0,0.01,0.01,2331.435042,1776336709000
1776336710.608,110.608,0.9,33.52,0.89,10.0,0.91,182.5,0.92,197.0,0.09,123.5,0.08,182.0,0.11,190.5,0.12,137.5,0.01,0.02,2331.435042,1776336709000
1776336710.861,110.861,0.89,20.74,0.88,10.0,0.91,220.5,0.92,245.9,0.09,208.5,0.08,245.9,0.1,18.12,0.11,22.0,0.02,0.01,2331.435042,1776336709000
1776336711.234,111.234,0.89,10.0,0.88,22.0,0.9,12.6,0.91,204.5,0.09,220.5,0.08,245.9,0.11,10.92,0.12,10.0,0.01,0.02,2331.435042,1776336709000
1776336711.526,111.526,0.89,15.0,0.88,32.5,0.9,16.2,0.91,207.5,0.1,12.6,0.09,204.5,0.11,10.0,0.12,22.0,0.01,0.01,2331.381907,1776336710000
1776336711.912,111.912,0.89,126.66,0.88,37.5,0.9,149.77,0.91,193.5,0.1,16.2,0.09,207.5,0.11,15.0,0.12,32.5,0.01,0.01,2331.381907,1776336710000
1776336712.14,112.14,0.89,116.66,0.88,37.5,0.9,141.37,0.91,193.5,0.1,149.77,0.09,193.5,0.11,126.66,0.12,37.5,0.01,0.01,2331.381907,1776336710000
1776336712.578,112.578,0.89,116.66,0.88,27.0,0.9,31.0,0.91,103.5,0.1,134.71,0.09,193.5,0.11,121.66,0.12,37.5,0.01,0.01,2331.404942,1776336711000
1776336712.985,112.985,0.89,116.66,0.88,37.5,0.9,25.0,0.91,103.5,0.1,31.0,0.09,103.5,0.11,116.66,0.12,27.0,0.01,0.01,2331.397755,1776336712000
1776336713.492,113.492,0.89,152.16,0.88,37.5,0.9,5.0,0.91,93.5,0.1,25.0,0.09,103.5,0.11,116.66,0.12,37.5,0.01,0.01,2331.397755,1776336712000
1776336715.332,115.332,0.89,121.66,0.88,37.5,0.9,2.07,0.91,93.5,0.1,5.0,0.09,93.5,0.11,152.16,0.12,37.5,0.01,0.01,2331.342845,1776336714000
1776336716.335,116.335,0.89,116.66,0.88,37.5,0.9,20.07,0.91,93.5,0.1,2.07,0.09,93.5,0.11,121.66,0.12,37.5,0.01,0.01,2331.342845,1776336714000
1776336717.376,117.376,0.89,38.28,0.88,37.5,0.91,100.5,0.92,148.9,0.1,11.3,0.09,93.5,0.11,57.78,0.12,37.5,0.02,0.01,2331.355134,1776336716000
1776336718.77,118.77,0.9,110.12,0.89,33.5,0.91,9.79,0.92,44.0,0.09,91.84,0.08,148.9,0.1,44.62,0.11,25.5,0.01,0.01,2331.378273,1776336717000
1776336719.194,119.194,0.9,105.12,0.89,133.5,0.91,4.73,0.92,44.0,0.09,7.48,0.08,44.0,0.1,110.12,0.11,33.5,0.01,0.01,2331.385552,1776336718000
1776336719.478,119.478,0.9,116.12,0.89,133.5,0.92,44.0,0.93,366.3,0.09,4.73,0.08,44.0,0.1,105.12,0.11,133.5,0.02,0.01,2331.385552,1776336718000
1776336719.753,119.753,0.91,50.0,0.9,83.12,0.92,33.0,0.93,366.3,0.08,44.0,0.07,366.3,0.1,116.12,0.11,133.5,0.01,0.02,2331.385552,1776336718000
1776336720.452,120.452,0.91,32.16,0.9,137.11,0.93,305.8,0.94,172.8,0.08,33.0,0.07,366.3,0.09,16.66,0.1,83.12,0.02,0.01,2331.514488,1776336719000
1776336720.655,120.655,0.92,1.25,0.91,120.07,0.93,310.8,0.94,172.8,0.07,305.8,0.06,172.8,0.09,32.16,0.1,137.11,0.01,0.02,2331.514488,1776336719000
1776336721.057,121.057,0.91,214.07,0.9,235.49,0.93,225.5,0.94,119.8,0.07,310.8,0.06,172.8,0.08,1.25,0.09,120.07,0.02,0.01,2331.513896,1776336720000
1776336721.294,121.294,0.92,10.0,0.91,124.07,0.93,222.71,0.94,90.8,0.07,225.5,0.06,119.8,0.09,214.07,0.1,235.49,0.01,0.02,2331.513896,1776336720000
1776336721.563,121.563,0.92,10.0,0.91,223.07,0.93,130.8,0.94,90.8,0.07,222.71,0.06,90.8,0.08,10.0,0.09,124.07,0.01,0.01,2331.513896,1776336720000
1776336721.911,121.911,0.92,10.0,0.91,223.07,0.93,129.09,0.94,90.8,0.07,130.8,0.06,90.8,0.08,10.0,0.09,223.07,0.01,0.01,2331.513896,1776336720000
1776336722.313,122.313,0.92,5.0,0.91,215.07,0.93,139.09,0.94,90.8,0.07,129.09,0.06,90.8,0.08,10.0,0.09,223.07,0.01,0.01,2331.491174,1776336721000
1776336722.875,122.875,0.92,64.0,0.91,120.5,0.93,127.39,0.94,90.8,0.07,139.09,0.06,90.8,0.08,5.0,0.09,215.07,0.01,0.01,2331.491174,1776336721000
1776336723.137,123.137,0.92,64.0,0.91,196.49,0.93,118.91,0.94,90.8,0.07,127.39,0.06,90.8,0.08,64.0,0.09,120.5,0.01,0.01,2331.491174,1776336721000
1776336723.787,123.787,0.92,140.0,0.91,215.49,0.93,113.53,0.94,90.8,0.07,118.91,0.06,90.8,0.08,64.0,0.09,196.49,0.01,0.01,2331.5837,1776336722000
1776336724.907,124.907,0.92,110.0,0.91,224.27,0.93,117.16,0.94,100.8,0.07,113.53,0.06,90.8,0.08,140.0,0.09,215.49,0.01,0.01,2331.55632,1776336723000
1776336729.599,129.599,0.92,135.0,0.91,234.73,0.93,20.0,0.94,37.0,0.07,117.16,0.06,100.8,0.08,110.0,0.09,224.27,0.01,0.01,2331.622483,1776336728000
1776336729.869,129.869,0.92,118.0,0.91,203.7,0.93,25.0,0.94,37.0,0.07,20.0,0.06,37.0,0.08,135.0,0.09,234.73,0.01,0.01,2331.622483,1776336728000
1776336730.852,130.852,0.92,98.91,0.91,94.31,0.93,7.84,0.94,27.0,0.07,25.0,0.06,37.0,0.08,118.0,0.09,203.7,0.01,0.01,2331.612684,1776336729000
1776336732.998,132.998,0.92,36.41,0.91,45.5,0.93,47.84,0.94,107.8,0.07,7.84,0.06,27.0,0.08,98.91,0.09,94.31,0.01,0.01,2331.734525,1776336731000
1776336734.023,134.023,0.92,78.31,0.91,50.5,0.93,31.65,0.94,27.0,0.07,47.84,0.06,107.8,0.08,36.41,0.09,45.5,0.01,0.01,2331.7087,1776336732000
1776336734.892,134.892,0.92,78.31,0.91,45.5,0.93,26.6,0.94,27.0,0.07,11.6,0.06,27.0,0.08,73.31,0.09,50.5,0.01,0.01,2331.721325,1776336733000
1776336735.146,135.146,0.92,67.5,0.91,73.53,0.95,40.0,0.96,138.8,0.07,26.6,0.06,27.0,0.08,78.31,0.09,45.5,0.03,0.01,2331.721325,1776336733000
1776336735.895,135.895,0.94,70.61,0.93,44.5,0.95,54.96,0.96,248.8,0.05,59.9,0.04,145.8,0.06,10.0,0.07,44.5,0.01,0.01,2331.618463,1776336734000
1776336737.057,137.057,0.94,80.61,0.93,44.5,0.95,48.89,0.96,244.8,0.05,54.96,0.04,248.8,0.06,70.61,0.07,44.5,0.01,0.01,2331.605583,1776336735000
1776336738.348,138.348,0.94,110.61,0.93,69.5,0.95,50.76,0.96,144.8,0.05,48.89,0.04,244.8,0.06,80.61,0.07,44.5,0.01,0.01,2331.853616,1776336737000
1776336738.729,138.729,0.94,25.0,0.93,69.5,0.95,65.76,0.96,157.8,0.05,50.76,0.04,144.8,0.06,110.61,0.07,69.5,0.01,0.01,2331.853616,1776336737000
1776336739.269,139.269,0.94,105.0,0.93,151.49,0.95,17.64,0.96,143.8,0.05,65.76,0.04,157.8,0.06,25.0,0.07,69.5,0.01,0.01,2331.880161,1776336738000
1776336739.913,139.913,0.94,272.81,0.93,126.53,0.95,17.64,0.96,143.8,0.05,17.64,0.04,143.8,0.06,105.0,0.07,151.49,0.01,0.01,2331.90697,1776336739000
1776336740.443,140.443,0.94,296.81,0.93,126.53,0.95,15.64,0.96,143.8,0.05,17.64,0.04,143.8,0.06,272.81,0.07,126.53,0.01,0.01,2331.90697,1776336739000
1776336742.314,142.314,0.94,196.17,0.93,174.83,0.95,13.13,0.96,56.0,0.05,15.64,0.04,143.8,0.06,296.81,0.07,126.53,0.01,0.01,2331.93925,1776336741000
1776336743.955,143.955,0.94,166.17,0.93,265.03,0.96,49.13,0.97,810.7,0.05,13.13,0.04,51.0,0.06,156.17,0.07,174.83,0.02,0.01,2332.038714,1776336742000
1776336745.981,145.981,0.95,41.06,0.94,37.5,0.96,149.93,0.97,981.7,0.04,49.13,0.03,810.7,0.06,166.17,0.07,265.03,0.01,0.02,2331.975085,1776336744000
1776336746.954,146.954,0.95,253.52,0.94,116.53,0.97,364.0,0.98,661.7,0.04,149.93,0.03,981.7,0.05,41.06,0.06,37.5,0.02,0.01,2331.989057,1776336745000
1776336747.498,147.498,0.96,30.0,0.95,114.59,0.97,457.86,0.98,580.7,0.03,362.86,0.02,661.7,0.05,253.52,0.06,123.53,0.01,0.02,2331.993701,1776336746000
1776336748.723,148.723,0.96,170.99,0.95,206.33,0.97,451.45,0.98,600.7,0.03,448.45,0.02,580.7,0.04,30.0,0.05,190.39,0.01,0.01,2331.983768,1776336747000
1776336749.34,149.34,0.96,162.99,0.95,201.33,0.97,445.41,0.98,587.7,0.03,451.45,0.02,600.7,0.04,170.99,0.05,206.33,0.01,0.01,2331.983768,1776336747000
1776336751.276,151.276,0.96,279.19,0.95,206.33,0.97,345.3,0.98,593.7,0.03,445.41,0.02,587.7,0.04,162.99,0.05,201.33,0.01,0.01,2332.311541,1776336750000
1776336751.611,151.611,0.96,319.19,0.95,223.33,0.99,7909.83,,,0.03,342.5,0.02,580.7,0.04,298.19,0.05,218.33,0.03,0.01,2332.311541,1776336750000
1776336752.084,152.084,0.98,137.0,0.97,218.0,0.99,7641.23,,,0.01,7909.83,,,0.04,319.19,0.05,223.33,0.01,0.03,2332.311541,1776336750000
1776336752.352,152.352,0.98,247.2,0.97,370.7,0.99,7438.5,,,0.01,7641.23,,,0.02,137.0,0.03,218.0,0.01,0.01,2332.3499,1776336751000
1776336753.031,153.031,0.98,172.71,0.97,360.7,0.99,7911.98,,,0.01,7433.5,,,0.02,252.2,0.03,370.7,0.01,0.01,2332.3499,1776336751000
1776336753.673,153.673,0.98,181.16,0.97,232.0,0.99,8026.98,,,0.01,7911.98,,,0.02,172.71,0.03,360.7,0.01,0.01,2332.377785,1776336752000
1776336754.486,154.486,0.98,190.35,0.97,232.0,0.99,8026.98,,,0.01,8026.98,,,0.02,181.16,0.03,232.0,0.01,0.01,2332.55991,1776336753000
1776336754.913,154.913,0.98,190.35,0.97,237.0,0.99,8324.78,,,0.01,8026.98,,,0.02,190.35,0.03,232.0,0.01,0.01,2332.55991,1776336753000
1776336755.126,155.126,0.98,115.19,0.97,134.0,0.99,8319.72,,,0.01,8324.78,,,0.02,190.35,0.03,237.0,0.01,0.01,2332.521704,1776336754000
1776336755.385,155.385,0.98,125.39,0.97,134.0,0.99,8317.72,,,0.01,8319.72,,,0.02,115.19,0.03,134.0,0.01,0.01,2332.521704,1776336754000
1776336761.506,161.506,0.98,125.39,0.97,134.0,0.99,8142.77,,,0.01,8317.72,,,0.02,125.39,0.03,134.0,0.01,0.01,2332.371661,1776336759000
1776336763.025,163.025,0.98,125.39,0.97,144.0,0.99,7522.85,,,0.01,8142.77,,,0.02,125.39,0.03,134.0,0.01,0.01,2332.351203,1776336761000
1776336771.418,171.418,0.97,129.0,0.96,160.5,0.98,98.86,0.99,8370.45,0.01,7522.85,,,0.02,125.39,0.03,144.0,0.01,0.01,2332.309429,1776336769000
1776336774.534,174.534,0.97,126.14,0.96,184.49,0.98,544.48,0.99,8300.97,0.02,98.86,0.01,8370.45,0.03,129.0,0.04,160.5,0.01,0.01,2332.087315,1776336772000
1776336779.453,179.453,0.97,76.5,0.96,307.19,0.98,71.45,0.99,7935.42,0.02,544.48,0.01,8300.97,0.03,126.14,0.04,184.49,0.01,0.01,2332.101585,1776336777000
1776336780.604,180.604,0.96,292.06,0.95,403.48,0.98,116.45,0.99,7835.42,0.02,71.45,0.01,7935.42,0.03,76.5,0.04,307.19,0.02,0.01,2332.1674,1776336779000
1776336781.407,181.407,0.96,287.06,0.95,391.74,0.98,71.24,0.99,7820.42,0.02,116.45,0.01,7835.42,0.04,292.06,0.05,403.48,0.02,0.02,2332.120772,1776336780000
1776336783.297,183.297,0.97,10.82,0.96,290.06,0.98,71.24,0.99,7820.42,0.02,71.24,0.01,7820.42,0.04,287.06,0.05,391.74,0.01,0.02,2332.066662,1776336782000
1776336783.652,183.652,0.96,290.06,0.95,383.59,0.97,89.18,0.98,61.03,0.02,61.03,0.01,7820.42,0.03,10.82,0.04,290.06,0.01,0.01,2332.066662,1776336782000
1776336784.763,184.763,0.96,300.06,0.95,389.59,0.97,53.11,0.98,61.03,0.03,89.18,0.02,61.03,0.04,290.06,0.05,383.59,0.01,0.01,2332.068965,1776336783000
1776336788.895,188.895,0.96,372.37,0.95,405.27,0.98,14.14,0.99,7760.59,0.03,53.11,0.02,61.03,0.04,300.06,0.05,389.59,0.02,0.01,2332.077175,1776336787000
1776336790.445,190.445,0.96,396.37,0.95,405.27,0.98,0.14,0.99,7725.59,0.02,14.14,0.01,7760.59,0.04,372.37,0.05,405.27,0.02,0.02,2332.065654,1776336789000
1776336791.629,191.629,0.98,5.0,0.97,99.5,0.99,7307.96,,,0.02,0.14,0.01,7725.59,0.04,396.37,0.05,405.27,0.01,0.02,2332.070139,1776336790000
1776336792.107,192.107,0.97,169.86,0.96,454.69,0.99,7153.55,,,0.01,6769.55,,,0.03,164.86,0.04,454.69,0.02,0.02,2332.070139,1776336790000
1776336793.634,193.634,0.97,350.8,0.96,472.69,0.99,6858.39,,,0.01,7153.55,,,0.03,169.86,0.04,454.69,0.02,0.02,2332.372776,1776336792000
1776336795.458,195.458,0.98,208.7,0.97,483.8,0.99,2256.39,,,0.01,6858.39,,,0.03,350.8,0.04,472.69,0.01,0.02,2332.41349,1776336794000
1776336795.705,195.705,0.98,208.7,0.97,882.8,0.99,2465.39,,,0.01,2256.39,,,0.02,208.7,0.03,489.8,0.01,0.01,2332.41349,1776336794000
1776336796.259,196.259,0.97,879.14,0.96,322.41,0.99,2454.31,,,0.01,2459.37,,,0.02,208.7,0.03,882.3,0.02,0.01,2332.393129,1776336795000
1776336798.459,198.459,0.97,554.0,0.96,327.41,0.99,1733.26,,,0.01,2454.31,,,0.03,879.14,0.04,322.41,0.02,0.02,2332.376667,1776336797000
1776336801.396,201.396,0.97,754.23,0.96,533.35,0.99,1732.24,,,0.01,1733.26,,,0.03,554.0,0.04,327.41,0.02,0.02,2332.133695,1776336800000
1776336801.899,201.899,0.97,753.33,0.96,347.41,0.99,1732.24,,,0.01,1732.24,,,0.03,754.23,0.04,533.35,0.02,0.02,2332.133695,1776336800000
1776336803.773,203.773,0.97,753.33,0.96,538.35,0.98,59.28,0.99,2371.81,0.01,1732.24,,,0.03,753.33,0.04,347.41,0.01,0.02,2332.09765,1776336802000
1776336804.724,204.724,0.97,937.05,0.96,531.35,0.98,0.28,0.99,2402.81,0.02,59.28,0.01,2371.81,0.03,753.33,0.04,538.35,0.01,0.01,2332.068737,1776336803000
1776336807.731,207.731,0.97,873.83,0.96,526.35,0.98,113.28,0.99,1808.81,0.02,0.28,0.01,2402.81,0.03,937.05,0.04,531.35,0.01,0.01,2332.023195,1776336806000
1776336810.547,210.547,0.99,818.24,0.97,892.83,,,,,0.02,113.28,0.01,1808.81,0.03,873.83,0.04,526.35,,0.01,2332.10345,1776336809000
1776336810.952,210.952,0.99,959.05,0.98,88.96,,,,,,,,,0.01,818.24,0.03,892.83,,,2332.10345,1776336809000
1776336812.231,212.231,0.99,926.0,0.98,277.66,,,,,,,,,0.01,959.05,0.02,88.96,,,2332.1283,1776336810000
1776336842.053,242.053,0.99,1855.19,0.98,607.79,0.998,189.95,0.999,725.0,,,,,0.01,926.0,0.02,277.66,0.008,,2332.89925,1776336841000
1776336842.495,242.495,0.99,1850.19,0.98,607.79,0.998,144.92,0.999,725.0,0.002,189.95,0.001,725.0,0.01,1855.19,0.02,607.79,0.008,0.008,2332.89925,1776336841000
1776336848.974,248.974,0.99,2962.83,0.98,507.79,0.998,144.92,0.999,970.0,0.002,144.92,0.001,725.0,0.01,1850.19,0.02,607.79,0.008,0.008,2332.93813,1776336848000
1776336850.603,250.603,0.991,473.0,0.99,3047.83,0.998,179.88,0.999,970.0,0.002,144.92,0.001,970.0,0.01,2962.83,0.02,507.79,0.007,0.008,2333.01315,1776336849000
1776336852.103,252.103,0.991,473.0,0.99,2967.83,0.998,178.37,0.999,970.0,0.002,179.88,0.001,970.0,0.009,473.0,0.01,3047.83,0.007,0.007,2333.033684,1776336851000
1776336852.418,252.418,0.991,473.0,0.99,2967.83,0.998,174.36,0.999,970.0,0.002,178.37,0.001,970.0,0.009,473.0,0.01,2967.83,0.007,0.007,2333.033684,1776336851000
1776336855.548,255.548,0.991,473.0,0.99,3494.83,0.998,154.34,0.999,970.0,0.002,174.36,0.001,970.0,0.009,473.0,0.01,2967.83,0.007,0.007,2332.83961,1776336854000
1776336855.927,255.927,0.991,473.0,0.99,3499.83,0.998,153.33,0.999,970.0,0.002,154.34,0.001,970.0,0.009,473.0,0.01,3494.83,0.007,0.007,2332.83961,1776336854000
1776336856.576,256.576,0.991,473.0,0.99,3494.83,0.998,152.32,0.999,970.0,0.002,153.33,0.001,970.0,0.009,473.0,0.01,3499.83,0.007,0.007,2332.780435,1776336855000
1776336858.571,258.571,0.997,5.0,0.991,473.0,0.999,936.2,,,0.002,152.32,0.001,970.0,0.009,473.0,0.01,3494.83,0.002,0.007,2332.85986,1776336857000
1776336864.859,264.859,0.997,5.0,0.992,46.57,0.999,651.16,,,0.001,936.2,,,0.003,5.0,0.009,473.0,0.002,0.002,2333.03646,1776336863000
1776336865.059,265.059,0.997,5.0,0.992,46.57,0.999,551.06,,,0.001,651.16,,,0.003,5.0,0.008,46.57,0.002,0.002,2333.03646,1776336863000
1776336865.418,265.418,0.992,46.57,0.991,473.0,0.997,595.0,0.999,551.06,0.001,551.06,,,0.003,5.0,0.008,46.57,0.005,0.002,2333.03701,1776336864000
1776336865.71,265.71,0.992,46.57,0.991,473.0,0.997,574.96,0.999,551.06,0.003,595.0,0.001,551.06,0.008,46.57,0.009,473.0,0.005,0.005,2333.03701,1776336864000
1776336866.948,266.948,0.992,46.57,0.991,473.0,0.999,118.01,,,0.003,574.96,0.001,551.06,0.008,46.57,0.009,473.0,0.007,0.005,2333.02744,1776336865000
1776336897.715,297.715,0.999,1764.31,0.997,10.0,,,,,,,,,0.001,890.0,0.008,46.57,,,2333.09522,1776336896000

# RESULT,winner=Up,slug=eth-updown-5m-1776336600,ticks=209
