timestamp,elapsed_sec,up_bid_p1,up_bid_s1,up_bid_p2,up_bid_s2,up_ask_p1,up_ask_s1,up_ask_p2,up_ask_s2,down_bid_p1,down_bid_s1,down_bid_p2,down_bid_s2,down_ask_p1,down_ask_s1,down_ask_p2,down_ask_s2,up_spread,down_spread,eth_price,eth_oracle_ts
1776397201.264,1.264,0.5,42.6,0.4,10.0,0.51,5.0,0.57,9.3,0.49,5.0,0.43,9.3,0.5,42.6,0.6,10.0,0.01,0.01,2330.087335,1776397200000
1776397202.349,2.349,0.5,42.6,0.4,10.0,0.51,5.0,0.57,9.3,0.49,5.0,0.43,9.3,0.5,42.6,0.6,10.0,0.01,0.01,2330.072444,1776397201000
1776397203.294,3.294,0.5,42.6,0.49,20.0,0.51,18.6,0.52,31.0,0.49,5.0,0.43,9.3,0.5,42.6,0.6,10.0,0.01,0.01,2330.072444,1776397201000
1776397203.903,3.903,0.5,42.6,0.49,20.0,0.51,18.6,0.52,31.0,0.49,18.6,0.48,31.0,0.5,42.6,0.51,20.0,0.01,0.01,2330.078393,1776397203000
1776397204.619,4.619,0.5,37.6,0.48,17.0,0.51,23.6,0.52,31.0,0.49,18.6,0.48,31.0,0.5,42.6,0.51,20.0,0.01,0.01,2330.078393,1776397203000
1776397204.834,4.834,0.5,37.6,0.48,17.0,0.51,23.6,0.52,31.0,0.49,23.6,0.48,31.0,0.5,37.6,0.52,17.0,0.01,0.01,2330.070279,1776397204000
1776397205.949,5.949,0.5,35.6,0.48,17.0,0.51,18.6,0.52,31.0,0.49,18.6,0.48,31.0,0.5,35.6,0.52,17.0,0.01,0.01,2330.026482,1776397205000
1776397206.481,6.481,0.5,38.2,0.48,17.0,0.51,18.6,0.52,31.0,0.49,18.6,0.48,31.0,0.5,35.6,0.52,17.0,0.01,0.01,2330.026482,1776397205000
1776397206.965,6.965,0.5,38.2,0.48,17.0,0.51,18.6,0.52,31.0,0.49,18.6,0.48,31.0,0.5,38.2,0.52,17.0,0.01,0.01,2330.016405,1776397206000
1776397207.947,7.947,0.5,38.2,0.48,17.0,0.51,13.6,0.52,101.0,0.49,13.6,0.48,101.0,0.5,38.2,0.52,17.0,0.01,0.01,2329.965469,1776397207000
1776397208.917,8.917,0.5,38.2,0.48,17.0,0.51,13.6,0.52,101.0,0.49,13.6,0.48,101.0,0.5,38.2,0.52,17.0,0.01,0.01,2330.010345,1776397208000
1776397209.425,9.425,0.5,38.2,0.48,5.0,0.51,18.79,0.52,101.0,0.49,13.6,0.48,101.0,0.5,38.2,0.52,17.0,0.01,0.01,2330.010345,1776397208000
1776397209.97,9.97,0.5,38.2,0.48,5.0,0.51,18.79,0.52,101.0,0.49,18.79,0.48,101.0,0.5,38.2,0.52,5.0,0.01,0.01,2330.008065,1776397209000
1776397210.559,10.559,0.5,28.9,0.48,34.0,0.51,33.79,0.52,140.0,0.49,18.79,0.48,101.0,0.5,38.2,0.52,5.0,0.01,0.01,2330.008065,1776397209000
1776397210.87,10.87,0.5,28.9,0.48,34.0,0.51,33.79,0.52,140.0,0.49,33.79,0.48,140.0,0.5,28.9,0.52,34.0,0.01,0.01,2330.00553,1776397210000
1776397213.985,13.985,0.5,28.9,0.48,34.0,0.51,71.96,0.52,140.0,0.49,33.79,0.48,140.0,0.5,28.9,0.52,34.0,0.01,0.01,2330.00324,1776397212000
1776397214.834,14.834,0.5,23.9,0.48,34.0,0.51,63.03,0.52,140.0,0.49,71.96,0.48,140.0,0.5,28.9,0.52,34.0,0.01,0.01,2330.003175,1776397213000
1776397215.849,15.849,0.5,23.9,0.48,34.0,0.51,23.22,0.52,147.0,0.49,63.03,0.48,140.0,0.5,23.9,0.52,34.0,0.01,0.01,2330.033026,1776397214000
1776397216.493,16.493,0.5,23.9,0.48,34.0,0.51,23.22,0.52,147.0,0.49,23.22,0.48,147.0,0.5,23.9,0.52,34.0,0.01,0.01,2330.033244,1776397215000
1776397217.15,17.15,0.5,28.9,0.48,34.0,0.51,13.22,0.52,217.0,0.49,23.22,0.48,147.0,0.5,23.9,0.52,34.0,0.01,0.01,2330.033244,1776397215000
1776397217.895,17.895,0.5,23.9,0.48,34.0,0.51,18.22,0.52,217.0,0.49,13.22,0.48,217.0,0.5,28.9,0.52,34.0,0.01,0.01,2330.001399,1776397216000
1776397218.556,18.556,0.5,23.9,0.49,5.0,0.51,48.49,0.52,217.0,0.49,18.22,0.48,217.0,0.5,23.9,0.52,34.0,0.01,0.01,2330.000686,1776397217000
1776397219.395,19.395,0.5,18.8,0.49,5.0,0.51,64.0,0.52,217.0,0.49,48.49,0.48,217.0,0.5,23.9,0.51,5.0,0.01,0.01,2330.000686,1776397218000
1776397225.085,25.085,0.5,13.8,0.49,5.0,0.51,174.0,0.52,46.0,0.49,64.0,0.48,217.0,0.5,18.8,0.51,5.0,0.01,0.01,2329.997165,1776397224000
1776397225.46,25.46,0.42,49.71,0.41,70.0,0.44,22.0,0.45,90.0,0.49,174.0,0.48,46.0,0.57,12.71,0.58,28.0,0.02,0.08,2329.997165,1776397224000
1776397226.104,26.104,0.42,60.71,0.41,84.0,0.44,5.0,0.45,5.0,0.56,22.0,0.55,90.0,0.58,49.71,0.59,70.0,0.02,0.02,2329.997165,1776397224000
1776397226.542,26.542,0.44,10.0,0.43,33.07,0.45,7.73,0.46,20.0,0.55,7.73,0.54,20.0,0.57,13.07,0.58,60.71,0.01,0.02,2329.982175,1776397225000
1776397227.905,27.905,0.44,8.05,0.43,33.07,0.45,52.0,0.46,15.0,0.55,7.73,0.54,20.0,0.56,10.0,0.57,33.07,0.01,0.01,2329.87864,1776397226000
1776397228.22,28.22,0.44,3.05,0.43,33.07,0.45,47.0,0.46,15.0,0.55,52.0,0.54,15.0,0.56,8.05,0.57,33.07,0.01,0.01,2329.87864,1776397226000
1776397229.624,29.624,0.43,5.84,0.42,15.0,0.45,52.0,0.46,54.0,0.55,47.0,0.54,15.0,0.56,3.05,0.57,33.07,0.02,0.01,2329.7123,1776397228000
1776397230.75,30.75,0.43,20.84,0.42,44.0,0.44,10.0,0.45,50.0,0.55,52.0,0.54,54.0,0.57,5.84,0.58,15.0,0.01,0.02,2329.723782,1776397229000
1776397232.338,32.338,0.43,10.0,0.42,15.0,0.44,19.0,0.45,50.0,0.56,10.0,0.55,50.0,0.57,20.84,0.58,44.0,0.01,0.01,2329.723782,1776397230000
1776397234.183,34.183,0.39,5.0,0.38,10.0,0.41,75.0,0.42,101.0,0.56,19.0,0.55,50.0,0.57,10.0,0.58,15.0,0.02,0.01,2329.735638,1776397232000
1776397234.596,34.596,0.38,4.02,0.33,5.0,0.39,169.0,0.4,103.0,0.6,20.0,0.59,68.0,0.62,4.02,0.63,103.0,0.01,0.02,2329.723671,1776397233000
1776397234.85,34.85,0.31,74.03,0.3,99.55,0.33,28.78,0.34,25.0,0.67,15.0,0.66,28.78,0.68,1.96,0.69,75.0,0.02,0.01,2329.723671,1776397233000
1776397236.774,36.774,0.27,70.0,0.26,12.0,0.31,161.92,0.32,73.0,0.68,23.78,0.67,63.0,0.69,64.03,0.7,99.55,0.04,0.01,2329.48408,1776397235000
1776397237.928,37.928,0.25,10.0,0.22,20.0,0.27,141.46,0.28,204.0,0.69,199.2,0.68,73.0,0.73,59.26,0.74,12.0,0.02,0.04,2329.4454,1776397236000
1776397238.13,38.13,0.21,17.0,0.2,26.32,0.26,34.85,0.27,202.25,0.73,170.46,0.72,204.0,0.75,6.33,0.78,20.0,0.05,0.02,2329.4454,1776397236000
1776397238.415,38.415,0.2,26.32,0.17,8.0,0.21,5.58,0.22,23.0,0.78,24.41,0.74,100.13,0.79,0.74,0.8,26.32,0.01,0.01,2329.200122,1776397237000
1776397238.659,38.659,0.17,0.32,0.16,75.0,0.19,5.46,0.2,21.53,0.79,5.58,0.78,23.0,0.83,0.32,0.84,25.0,0.02,0.04,2329.200122,1776397237000
1776397239.327,39.327,0.16,74.0,0.15,139.57,0.17,47.78,0.18,84.0,0.81,10.46,0.8,20.28,0.84,74.0,0.85,139.57,0.01,0.03,2329.200122,1776397237000
1776397239.91,39.91,0.16,64.0,0.15,139.57,0.17,47.78,0.18,75.0,0.83,47.78,0.82,84.0,0.84,74.0,0.85,139.57,0.01,0.01,2329.092984,1776397238000
1776397241.012,41.012,0.16,43.1,0.15,139.57,0.17,106.77,0.18,96.0,0.83,47.78,0.82,75.0,0.84,64.0,0.85,139.57,0.01,0.01,2328.383879,1776397239000
1776397241.252,41.252,0.16,32.12,0.15,139.57,0.17,150.14,0.18,96.0,0.83,106.77,0.82,96.0,0.84,43.1,0.85,139.57,0.01,0.01,2328.383879,1776397239000
1776397241.467,41.467,0.16,32.12,0.15,139.57,0.17,138.37,0.18,96.0,0.83,150.14,0.82,96.0,0.84,32.12,0.85,139.57,0.01,0.01,2328.248552,1776397240000
1776397242.188,42.188,0.16,18.0,0.15,139.57,0.17,120.66,0.18,71.0,0.83,143.37,0.82,96.0,0.84,30.92,0.85,139.57,0.01,0.01,2328.279807,1776397241000
1776397242.586,42.586,0.16,8.0,0.15,139.57,0.17,115.18,0.18,71.0,0.83,121.66,0.82,71.0,0.84,8.0,0.85,139.57,0.01,0.01,2328.279807,1776397241000
1776397242.932,42.932,0.16,10.79,0.15,123.57,0.17,125.7,0.18,85.0,0.83,142.18,0.82,76.0,0.84,4.79,0.85,123.57,0.01,0.01,2328.279807,1776397241000
1776397243.525,43.525,0.15,43.57,0.14,34.0,0.16,10.0,0.17,260.7,0.83,125.7,0.82,85.0,0.84,0.79,0.85,123.57,0.01,0.01,2328.209125,1776397242000
1776397243.749,43.749,0.14,13.09,0.12,235.09,0.15,257.32,0.16,84.43,0.85,72.61,0.84,84.43,0.86,28.09,0.88,235.09,0.01,0.01,2328.209125,1776397242000
1776397244.094,44.094,0.12,232.81,0.11,106.0,0.13,161.99,0.14,41.56,0.85,262.32,0.84,77.43,0.88,235.09,0.89,106.0,0.01,0.03,2328.209125,1776397242000
1776397244.84,44.84,0.12,229.77,0.11,106.0,0.13,181.99,0.14,34.56,0.87,161.99,0.86,41.56,0.88,232.81,0.89,106.0,0.01,0.01,2328.199142,1776397243000
1776397245.169,45.169,0.12,325.22,0.11,206.0,0.13,176.99,0.14,134.56,0.87,181.99,0.86,34.56,0.88,229.77,0.89,106.0,0.01,0.01,2328.199142,1776397243000
1776397245.536,45.536,0.12,302.5,0.11,206.0,0.13,181.99,0.14,134.56,0.87,176.99,0.86,134.56,0.88,325.22,0.89,206.0,0.01,0.01,2328.133173,1776397244000
1776397246.433,46.433,0.12,190.5,0.11,206.0,0.13,296.99,0.14,143.0,0.87,181.99,0.86,134.56,0.88,302.5,0.89,206.0,0.01,0.01,2328.000671,1776397245000
1776397246.822,46.822,0.12,148.94,0.11,206.0,0.13,303.99,0.14,143.0,0.87,296.99,0.86,143.0,0.88,151.94,0.89,206.0,0.01,0.01,2328.000671,1776397245000
1776397247.17,47.17,0.12,133.95,0.11,94.0,0.13,303.99,0.14,168.0,0.87,303.99,0.86,143.0,0.88,148.94,0.89,206.0,0.01,0.01,2327.756731,1776397246000
1776397248.861,48.861,0.12,121.95,0.11,24.0,0.13,360.99,0.14,163.0,0.87,303.99,0.86,168.0,0.88,133.95,0.89,94.0,0.01,0.01,2327.57009,1776397247000
1776397249.071,49.071,0.12,112.53,0.11,24.0,0.13,427.99,0.14,163.0,0.87,329.99,0.86,163.0,0.88,116.95,0.89,24.0,0.01,0.01,2327.57009,1776397247000
1776397249.28,49.28,0.1,3.93,0.09,11.0,0.11,39.0,0.12,230.12,0.87,412.99,0.86,163.0,0.9,13.93,0.91,11.0,0.01,0.03,2327.502018,1776397248000
1776397249.561,49.561,0.08,101.93,0.07,62.0,0.1,175.71,0.11,19.0,0.89,224.99,0.88,105.0,0.91,9.93,0.92,112.0,0.02,0.02,2327.502018,1776397248000
1776397250.045,50.045,0.07,34.01,0.06,35.0,0.08,143.06,0.09,46.0,0.91,24.0,0.9,161.71,0.92,98.26,0.93,162.0,0.01,0.01,2327.502018,1776397248000
1776397250.934,50.934,0.07,29.14,0.06,143.33,0.08,138.06,0.09,92.0,0.92,143.06,0.91,46.0,0.93,34.01,0.94,35.0,0.01,0.01,2327.480706,1776397249000
1776397251.202,51.202,0.07,29.14,0.06,143.33,0.08,140.56,0.09,92.0,0.92,138.06,0.91,92.0,0.93,29.14,0.94,143.33,0.01,0.01,2327.480706,1776397249000
1776397251.51,51.51,0.07,54.0,0.06,133.33,0.08,46.56,0.09,77.0,0.92,140.56,0.91,92.0,0.93,29.14,0.94,143.33,0.01,0.01,2327.237197,1776397250000
1776397251.961,51.961,0.07,64.58,0.06,138.33,0.08,10.0,0.09,84.99,0.92,10.0,0.91,123.14,0.93,93.0,0.94,138.33,0.01,0.01,2327.237197,1776397250000
1776397253.723,53.723,0.07,68.5,0.06,124.33,0.08,87.84,0.09,84.99,0.92,10.0,0.91,84.99,0.93,64.58,0.94,138.33,0.01,0.01,2326.999067,1776397252000
1776397254.131,54.131,0.07,83.5,0.06,124.33,0.08,72.12,0.09,84.99,0.92,87.84,0.91,84.99,0.93,68.5,0.94,124.33,0.01,0.01,2326.999067,1776397252000
1776397254.479,54.479,0.07,78.5,0.06,124.33,0.08,79.12,0.09,84.99,0.92,72.12,0.91,84.99,0.93,83.5,0.94,124.33,0.01,0.01,2327.151286,1776397253000
1776397255.383,55.383,0.07,76.84,0.06,124.33,0.08,79.84,0.09,89.99,0.92,79.12,0.91,84.99,0.93,78.5,0.94,124.33,0.01,0.01,2327.179432,1776397254000
1776397256.252,56.252,0.07,52.42,0.06,124.33,0.08,79.84,0.09,89.99,0.92,79.84,0.91,89.99,0.93,76.84,0.94,124.33,0.01,0.01,2327.179432,1776397254000
1776397257.407,57.407,0.07,45.0,0.06,98.0,0.08,60.71,0.09,89.99,0.92,54.84,0.91,89.99,0.93,52.42,0.94,124.33,0.01,0.01,2327.18368,1776397256000
1776397257.793,57.793,0.07,10.0,0.06,98.0,0.08,65.71,0.09,89.99,0.92,60.71,0.91,89.99,0.93,36.0,0.94,98.0,0.01,0.01,2327.18368,1776397256000
1776397260.851,60.851,0.06,14.0,0.05,20.0,0.07,45.71,0.08,54.0,0.92,65.71,0.91,89.99,0.93,10.0,0.94,98.0,0.01,0.01,2326.982988,1776397260000
1776397261.211,61.211,0.04,149.38,0.03,1285.7,0.07,122.0,0.08,44.0,0.93,45.71,0.92,54.0,0.94,14.0,0.95,20.0,0.03,0.01,2326.982988,1776397260000
1776397261.564,61.564,0.04,125.38,0.03,1685.7,0.05,105.12,0.06,116.0,0.94,10.0,0.93,122.0,0.96,120.38,0.97,1285.7,0.01,0.02,2326.982988,1776397260000
1776397262.131,62.131,0.04,246.54,0.03,1685.7,0.05,115.38,0.06,131.0,0.95,105.12,0.94,116.0,0.96,125.38,0.97,1685.7,0.01,0.01,2326.9459,1776397261000
1776397262.865,62.865,0.04,210.88,0.03,1685.7,0.05,120.38,0.06,131.0,0.95,115.38,0.94,131.0,0.96,234.87,0.97,1685.7,0.01,0.01,2326.9459,1776397261000
1776397263.273,63.273,0.04,193.76,0.03,1685.7,0.05,115.38,0.06,131.0,0.95,120.38,0.94,131.0,0.96,210.88,0.97,1685.7,0.01,0.01,2326.893401,1776397262000
1776397264.287,64.287,0.04,192.71,0.03,1685.7,0.05,177.27,0.06,131.0,0.95,115.38,0.94,131.0,0.96,193.76,0.97,1685.7,0.01,0.01,2326.904832,1776397263000
1776397264.907,64.907,0.04,192.71,0.03,1685.7,0.08,64.0,0.09,175.0,0.95,177.27,0.94,131.0,0.96,192.71,0.97,1685.7,0.04,0.01,2326.904832,1776397263000
1776397265.619,65.619,0.05,63.0,0.04,237.12,0.06,15.0,0.07,15.0,0.92,64.0,0.91,175.0,0.96,192.71,0.97,1685.7,0.01,0.04,2326.921205,1776397264000
1776397266.225,66.225,0.05,57.73,0.04,220.64,0.06,20.0,0.07,15.0,0.94,15.0,0.93,15.0,0.95,63.0,0.96,237.12,0.01,0.01,2326.933665,1776397265000
1776397272.405,72.405,0.05,174.86,0.04,128.64,0.07,3.57,0.08,15.0,0.94,20.0,0.93,15.0,0.95,14.87,0.96,225.64,0.02,0.01,2326.901144,1776397270000
1776397272.921,72.921,0.05,10.07,0.04,10.0,0.06,197.0,0.07,118.57,0.93,3.57,0.92,15.0,0.95,174.86,0.96,128.64,0.01,0.02,2326.845212,1776397271000
1776397273.162,73.162,0.05,0.07,0.04,10.0,0.06,250.0,0.07,143.57,0.94,197.0,0.93,118.57,0.95,10.07,0.96,10.0,0.01,0.01,2326.845212,1776397271000
1776397274.688,74.688,0.04,14.97,0.03,435.0,0.05,820.26,0.06,229.51,0.94,155.0,0.93,18.57,0.96,34.97,0.97,410.0,0.01,0.02,2327.006871,1776397273000
1776397275.209,75.209,0.03,435.0,0.02,684.99,0.04,145.06,0.05,83.01,0.95,74.01,0.94,354.99,0.97,410.0,0.98,684.99,0.01,0.02,2327.006871,1776397273000
1776397275.707,75.707,0.03,435.0,0.02,684.99,0.04,139.06,0.05,59.01,0.96,145.06,0.95,83.01,0.97,435.0,0.98,684.99,0.01,0.01,2326.340171,1776397274000
1776397276.015,76.015,0.03,394.7,0.02,548.0,0.04,275.06,0.05,486.01,0.96,139.06,0.95,59.01,0.97,435.0,0.98,684.99,0.01,0.01,2326.340171,1776397274000
1776397277.469,77.469,0.03,394.7,0.02,548.0,0.04,235.58,0.05,765.01,0.96,275.06,0.95,486.01,0.97,394.7,0.98,548.0,0.01,0.01,2326.103106,1776397276000
1776397277.694,77.694,0.03,389.7,0.02,548.0,0.04,235.58,0.05,765.01,0.96,235.58,0.95,765.01,0.97,394.7,0.98,548.0,0.01,0.01,2326.103106,1776397276000
1776397279.683,79.683,0.03,384.7,0.02,348.0,0.04,227.83,0.05,965.01,0.96,235.58,0.95,765.01,0.97,389.7,0.98,548.0,0.01,0.01,2325.625867,1776397278000
1776397281.661,81.661,0.03,379.7,0.02,348.0,0.04,311.53,0.05,1040.81,0.96,227.83,0.95,965.01,0.97,384.7,0.98,348.0,0.01,0.01,2325.60983,1776397280000
1776397283.681,83.681,0.03,374.7,0.02,343.0,0.04,367.53,0.05,753.81,0.96,311.53,0.95,1040.81,0.97,379.7,0.98,348.0,0.01,0.01,2325.60983,1776397281000
1776397284.531,84.531,0.03,474.7,0.02,343.0,0.04,342.47,0.05,753.81,0.96,362.47,0.95,753.81,0.97,374.7,0.98,343.0,0.01,0.01,2325.530337,1776397283000
1776397285.132,85.132,0.03,397.7,0.02,343.0,0.04,337.47,0.05,744.81,0.96,342.47,0.95,753.81,0.97,474.7,0.98,343.0,0.01,0.01,2325.530337,1776397283000
1776397285.422,85.422,0.03,396.66,0.02,343.0,0.04,400.33,0.05,351.81,0.96,337.47,0.95,744.81,0.97,397.7,0.98,343.0,0.01,0.01,2325.530337,1776397283000
1776397285.675,85.675,0.03,396.66,0.02,343.0,0.04,400.33,0.05,339.81,0.96,400.33,0.95,351.81,0.97,396.66,0.98,343.0,0.01,0.01,2325.530337,1776397283000
1776397287.088,87.088,0.03,329.66,0.02,343.0,0.04,1195.04,0.05,498.87,0.96,400.33,0.95,339.81,0.97,396.66,0.98,343.0,0.01,0.01,2325.463749,1776397285000
1776397289.624,89.624,0.02,430.0,0.01,1520.0,0.03,829.0,0.04,419.83,0.97,113.6,0.96,445.04,0.98,460.0,0.99,1926.0,0.01,0.01,2324.934056,1776397288000
1776397290.05,90.05,0.02,445.0,0.01,1888.6,0.03,329.22,0.04,465.83,0.97,829.0,0.96,419.83,0.98,430.0,0.99,1520.0,0.01,0.01,2324.934056,1776397288000
1776397294.541,94.541,0.02,316.57,0.01,1930.6,0.03,221.01,0.04,250.05,0.97,356.0,0.96,485.83,0.98,439.94,0.99,1888.6,0.01,0.01,2325.19656,1776397293000
1776397295.478,95.478,0.02,408.43,0.01,2675.6,0.03,269.54,0.04,267.05,0.97,221.01,0.96,250.05,0.98,321.57,0.99,1930.6,0.01,0.01,2325.361219,1776397294000
1776397296.873,96.873,0.02,408.43,0.01,2309.75,0.03,246.54,0.04,267.05,0.97,269.54,0.96,267.05,0.98,408.43,0.99,2675.6,0.01,0.01,2325.36961,1776397295000
1776397298.733,98.733,0.02,297.16,0.01,2562.75,0.03,215.54,0.04,261.05,0.97,246.54,0.96,267.05,0.98,408.43,0.99,2309.75,0.01,0.01,2325.5425,1776397297000
1776397300.349,100.349,0.02,317.16,0.01,2693.75,0.03,220.54,0.04,220.05,0.97,215.54,0.96,261.05,0.98,297.16,0.99,2562.75,0.01,0.01,2325.708438,1776397299000
1776397300.95,100.95,0.02,246.66,0.01,2593.75,0.03,135.33,0.04,220.05,0.97,220.54,0.96,220.05,0.98,240.66,0.99,2693.75,0.01,0.01,2325.708438,1776397299000
1776397312.969,112.969,0.02,200.66,0.01,2744.6,0.03,334.9,0.04,1039.05,0.97,135.33,0.96,220.05,0.98,246.66,0.99,2593.75,0.01,0.01,2325.232659,1776397311000
1776397313.844,113.844,0.02,202.66,0.01,2381.0,0.03,319.9,0.04,1039.05,0.97,329.9,0.96,1039.05,0.98,191.66,0.99,2744.6,0.01,0.01,2325.2115,1776397312000
1776397314.796,114.796,0.02,126.16,0.01,2381.0,0.03,319.9,0.04,1039.05,0.97,319.9,0.96,1039.05,0.98,202.66,0.99,2381.0,0.01,0.01,2325.20153,1776397313000
1776397319.135,119.135,0.02,116.16,0.01,2376.6,0.03,292.86,0.04,174.74,0.97,319.9,0.96,1039.05,0.98,126.16,0.99,2381.0,0.01,0.01,2325.183372,1776397317000
1776397319.646,119.646,0.01,2018.4,,,0.02,328.55,0.03,306.86,0.97,407.86,0.96,158.74,0.99,2323.4,,,0.01,0.02,2325.432175,1776397318000
1776397319.849,119.849,0.01,2013.4,,,0.02,501.46,0.03,306.86,0.98,506.46,0.97,306.86,0.99,2018.4,,,0.01,0.01,2325.432175,1776397318000
1776397321.655,121.655,0.01,2494.64,,,0.02,209.29,0.03,217.86,0.98,501.46,0.97,306.86,0.99,2013.4,,,0.01,0.01,2325.47917,1776397319000
1776397321.951,121.951,0.01,3033.39,,,0.02,214.11,0.03,168.37,0.98,209.29,0.97,217.86,0.99,2494.64,,,0.01,0.01,2325.414337,1776397320000
1776397322.453,122.453,0.01,2350.24,,,0.02,215.21,0.03,337.07,0.98,154.11,0.97,168.37,0.99,2869.39,,,0.01,0.01,2325.414337,1776397320000
1776397322.7,122.7,0.01,2364.39,,,0.02,135.21,0.03,337.07,0.98,215.21,0.97,337.07,0.99,2350.24,,,0.01,0.01,2325.414337,1776397320000
1776397323.791,123.791,0.01,2746.01,,,0.02,222.18,0.03,300.07,0.98,135.21,0.97,337.07,0.99,2364.39,,,0.01,0.01,2325.693255,1776397322000
1776397324.533,124.533,0.01,2755.99,,,0.02,308.91,0.03,300.07,0.98,222.18,0.97,300.07,0.99,2746.01,,,0.01,0.01,2325.774271,1776397323000
1776397328.471,128.471,0.01,1979.08,,,0.02,297.16,0.03,292.07,0.98,308.91,0.97,300.07,0.99,2755.99,,,0.01,0.01,2325.704307,1776397327000
1776397330.275,130.275,0.01,2359.79,,,0.02,180.43,0.03,215.54,0.98,297.16,0.97,292.07,0.99,1979.08,,,0.01,0.01,2325.860155,1776397329000
1776397330.98,130.98,0.01,2339.79,,,0.02,267.16,0.03,215.54,0.98,180.43,0.97,215.54,0.99,2359.79,,,0.01,0.01,2325.860155,1776397329000
1776397332.234,132.234,0.01,2044.79,,,0.02,267.16,0.03,215.54,0.98,267.16,0.97,215.54,0.99,2339.79,,,0.01,0.01,2325.921768,1776397331000
1776397333.921,133.921,0.01,968.2,,,0.02,575.86,0.03,286.54,0.98,267.16,0.97,215.54,0.99,2044.79,,,0.01,0.01,2326.01553,1776397332000
1776397334.145,134.145,,,,,0.01,1550.8,0.02,551.86,0.98,575.86,0.97,286.54,0.99,968.2,,,,0.01,2326.019018,1776397333000
1776397334.582,134.582,,,,,0.01,1681.8,0.02,369.13,0.99,1550.8,0.98,551.86,,,,,,,2326.019018,1776397333000
1776397334.964,134.964,,,,,0.01,1578.83,0.02,369.13,0.99,1678.83,0.98,369.13,,,,,,,2326.019018,1776397333000
1776397336.402,136.402,,,,,0.01,1583.99,0.02,369.13,0.99,1578.83,0.98,369.13,,,,,,,2325.724766,1776397335000
1776397337.0,137.0,,,,,0.01,1582.82,0.02,399.13,0.99,1583.99,0.98,369.13,,,,,,,2325.724766,1776397335000
1776397338.914,138.914,,,,,0.01,1401.82,0.02,210.43,0.99,1582.82,0.98,399.13,,,,,,,2325.722354,1776397337000
1776397339.965,139.965,,,,,0.01,1071.82,0.02,210.43,0.99,1371.82,0.98,210.43,,,,,,,2325.73982,1776397338000
1776397342.372,142.372,,,,,0.01,661.82,0.02,210.43,0.99,1071.82,0.98,210.43,,,,,,,2325.96528,1776397341000
1776397342.835,142.835,,,,,0.01,559.78,0.02,210.43,0.99,661.82,0.98,210.43,,,,,,,2325.96528,1776397341000
1776397343.555,143.555,,,,,0.01,554.78,0.02,215.43,0.99,559.78,0.98,210.43,,,,,,,2326.04223,1776397342000
1776397349.551,149.551,,,,,0.01,529.78,0.02,215.43,0.99,549.78,0.98,215.43,,,,,,,2326.05609,1776397348000
1776397352.702,152.702,0.01,498.99,,,0.02,208.43,0.03,178.7,0.99,529.78,0.98,215.43,,,,,0.01,,2326.151346,1776397351000
1776397353.047,153.047,0.01,862.59,,,0.02,188.43,0.03,178.7,0.98,188.43,0.97,178.7,0.99,503.99,,,0.01,0.01,2326.151346,1776397351000
1776397354.126,154.126,0.01,1053.59,,,0.02,193.43,0.03,178.7,0.98,188.43,0.97,178.7,0.99,862.59,,,0.01,0.01,2326.167623,1776397353000
1776397357.458,157.458,0.01,927.48,,,0.02,278.68,0.03,178.7,0.98,193.43,0.97,178.7,0.99,1053.59,,,0.01,0.01,2326.455544,1776397356000
1776397359.631,159.631,0.01,1063.48,,,0.02,273.68,0.03,178.7,0.98,278.68,0.97,178.7,0.99,927.48,,,0.01,0.01,2326.521746,1776397358000
1776397362.877,162.877,0.01,698.08,,,0.02,421.63,0.03,567.18,0.98,273.68,0.97,178.7,0.99,1063.48,,,0.01,0.01,2326.510288,1776397361000
1776397363.887,163.887,0.01,717.06,,,0.02,381.63,0.03,567.18,0.98,421.63,0.97,567.18,0.99,698.08,,,0.01,0.01,2326.416321,1776397362000
1776397365.915,165.915,0.01,306.67,,,0.02,426.63,0.03,875.79,0.98,381.63,0.97,567.18,0.99,717.06,,,0.01,0.01,2326.413464,1776397364000
1776397375.507,175.507,0.01,433.85,,,0.02,447.38,0.03,880.79,0.98,426.63,0.97,875.79,0.99,306.67,,,0.01,0.01,2326.34138,1776397374000
1776397377.602,177.602,0.01,240.85,,,0.02,447.38,0.03,510.31,0.98,447.38,0.97,880.79,0.99,433.85,,,0.01,0.01,2326.322321,1776397376000
1776397377.854,177.854,0.01,225.85,,,0.02,452.38,0.03,510.31,0.98,452.38,0.97,909.3,0.99,232.85,,,0.01,0.01,2326.322321,1776397376000
1776397381.868,181.868,,,,,0.01,33.15,0.02,447.38,0.99,74.15,0.98,452.38,,,,,,,2326.38026,1776397380000
1776397404.027,204.027,,,,,0.01,434.75,0.02,477.63,0.99,33.15,0.98,447.38,,,,,,,2326.613792,1776397402000
1776397405.314,205.314,,,,,0.01,421.75,0.02,401.88,0.99,434.75,0.98,477.63,,,,,,,2326.613872,1776397403000
1776397409.581,209.581,,,,,0.01,401.75,0.02,415.88,0.99,421.75,0.98,401.88,,,,,,,2327.079031,1776397408000
1776397410.776,210.776,,,,,0.01,432.25,0.02,396.88,0.99,401.75,0.98,415.88,,,,,,,2327.067884,1776397409000
1776397412.799,212.799,,,,,0.02,396.88,0.03,862.7,0.99,412.25,0.98,396.88,,,,,,,2327.174244,1776397411000
1776397413.373,213.373,0.01,517.81,,,0.02,296.88,0.03,762.7,0.98,396.88,0.97,862.7,,,,,0.01,,2327.308755,1776397412000
1776397413.617,213.617,0.02,5.57,0.01,660.24,0.03,682.62,0.04,210.74,0.97,682.62,0.96,210.74,0.99,522.81,,,0.01,0.02,2327.308755,1776397412000
1776397414.896,214.896,0.02,129.54,0.01,492.25,0.03,852.15,0.04,229.74,0.97,682.62,0.96,210.74,0.98,5.57,0.99,660.24,0.01,0.01,2327.428637,1776397413000
1776397417.262,217.262,0.02,95.57,0.01,461.58,0.03,1054.15,0.04,1098.38,0.97,852.15,0.96,229.74,0.98,129.54,0.99,492.25,0.01,0.01,2327.503143,1776397416000
1776397417.678,217.678,0.02,66.57,0.01,461.58,0.03,1054.15,0.04,699.39,0.97,1049.15,0.96,1098.38,0.98,68.57,0.99,461.58,0.01,0.01,2327.503143,1776397416000
1776397418.297,218.297,0.02,66.57,0.01,461.58,0.03,1005.81,0.04,400.4,0.97,1054.15,0.96,699.39,0.98,66.57,0.99,461.58,0.01,0.01,2327.503143,1776397416000
1776397420.35,220.35,0.02,38.5,0.01,467.58,0.03,1000.81,0.04,691.39,0.97,1005.81,0.96,400.4,0.98,66.57,0.99,461.58,0.01,0.01,2327.226236,1776397419000
1776397421.202,221.202,0.01,467.58,,,0.03,1000.81,0.04,407.4,0.97,1000.81,0.96,691.39,0.98,38.5,0.99,467.58,0.02,0.01,2327.247409,1776397420000
1776397423.674,223.674,0.01,457.52,,,0.02,229.0,0.03,1147.53,0.97,1000.81,0.96,407.4,0.99,467.58,,,0.01,0.02,2327.297985,1776397422000
1776397427.783,227.783,0.01,456.44,,,0.02,254.0,0.03,1729.51,0.98,229.0,0.97,1147.53,0.99,452.46,,,0.01,0.01,2327.14017,1776397426000
1776397428.55,228.55,0.01,283.95,,,0.02,259.0,0.03,1729.51,0.98,254.0,0.97,1729.51,0.99,288.95,,,0.01,0.01,2327.102027,1776397427000
1776397430.483,230.483,0.01,241.95,,,0.02,294.0,0.03,1052.53,0.98,249.0,0.97,1729.51,0.99,273.95,,,0.01,0.01,2327.076077,1776397429000
1776397432.15,232.15,0.01,236.93,,,0.02,289.0,0.03,1750.51,0.98,294.0,0.97,1052.53,0.99,241.95,,,0.01,0.01,2327.0543,1776397430000
1776397434.261,234.261,,,,,0.01,763.07,0.02,253.0,0.98,289.0,0.97,1750.51,0.99,236.93,,,,0.01,2327.059241,1776397433000
1776397434.771,234.771,,,,,0.01,762.07,0.02,256.0,0.99,763.07,0.98,253.0,,,,,,,2327.059241,1776397433000
1776397462.663,262.663,,,,,0.01,957.64,0.02,135.99,0.99,762.07,0.98,256.0,,,,,,,2327.609425,1776397461000
1776397464.673,264.673,,,,,0.02,5.0,0.03,775.43,0.99,957.64,0.98,135.99,,,,,,,2328.093623,1776397463000
1776397464.995,264.995,0.01,158.98,,,0.02,12.0,0.03,754.43,0.98,5.0,0.97,775.43,,,,,0.01,,2328.093623,1776397463000
1776397466.086,266.086,0.01,1211.96,,,0.03,654.43,0.04,124.74,0.98,12.0,0.97,754.43,0.99,158.98,,,0.02,0.01,2328.1438,1776397464000
1776397466.293,266.293,0.04,29.58,0.03,10.0,0.05,20.54,0.06,162.91,0.95,20.54,0.94,162.91,0.96,40.0,0.97,10.0,0.01,0.01,2328.179205,1776397465000
1776397466.52,266.52,0.05,59.0,0.04,135.39,0.08,13.42,0.09,105.9,0.93,6.52,0.92,56.9,0.96,126.57,0.97,194.0,0.03,0.03,2328.179205,1776397465000
1776397466.784,266.784,0.09,15.0,0.08,34.0,0.1,150.44,0.11,36.79,0.9,160.44,0.89,36.79,0.92,34.0,0.93,30.0,0.01,0.02,2328.179205,1776397465000
1776397467.426,267.426,0.09,112.0,0.08,20.0,0.1,164.15,0.11,36.79,0.9,150.44,0.89,36.79,0.91,15.0,0.92,34.0,0.01,0.01,2328.179205,1776397465000
1776397467.951,267.951,0.09,164.12,0.08,20.0,0.1,159.15,0.11,36.79,0.9,160.44,0.89,46.79,0.91,96.64,0.92,20.0,0.01,0.01,2328.404135,1776397466000
1776397468.189,268.189,0.09,142.82,0.08,20.0,0.1,157.07,0.11,36.79,0.9,159.15,0.89,36.79,0.91,142.82,0.92,20.0,0.01,0.01,2328.404135,1776397466000
1776397468.789,268.789,0.09,117.75,0.08,33.82,0.1,92.07,0.11,36.79,0.9,81.36,0.89,36.79,0.91,129.75,0.92,20.0,0.01,0.01,2328.876852,1776397467000
1776397469.403,269.403,0.09,166.75,0.08,33.82,0.1,42.07,0.11,36.79,0.9,92.07,0.89,36.79,0.91,117.75,0.92,33.82,0.01,0.01,2328.876852,1776397467000
1776397469.704,269.704,0.09,901.99,0.08,101.82,0.1,2.06,0.11,36.79,0.9,42.07,0.89,36.79,0.91,22.24,0.92,33.82,0.01,0.01,2328.876852,1776397467000
1776397469.92,269.92,0.17,12.04,0.16,161.15,0.18,16.72,0.19,23.4,0.82,16.72,0.81,23.4,0.84,181.15,0.85,56.82,0.01,0.02,2329.341352,1776397468000
1776397470.274,270.274,0.23,137.36,0.22,10.0,0.24,34.46,0.25,19.2,0.76,20.75,0.75,19.2,0.8,15.0,0.82,2.8,0.01,0.04,2329.341352,1776397468000
1776397470.562,270.562,0.23,124.37,0.22,64.81,0.24,49.46,0.25,29.2,0.76,34.46,0.75,19.2,0.77,137.36,0.78,10.0,0.01,0.01,2329.413092,1776397469000
1776397470.828,270.828,0.23,96.47,0.22,53.81,0.24,39.46,0.25,29.2,0.76,54.46,0.75,29.2,0.77,68.57,0.78,64.81,0.01,0.01,2329.413092,1776397469000
1776397471.062,271.062,0.23,151.97,0.22,33.97,0.25,29.2,0.26,78.7,0.75,29.2,0.74,78.7,0.77,83.34,0.78,53.81,0.02,0.02,2329.413092,1776397469000
1776397471.317,271.317,0.24,55.64,0.23,111.33,0.25,167.42,0.26,83.7,0.75,167.42,0.74,78.7,0.76,52.84,0.77,111.33,0.01,0.01,2329.45278,1776397470000
1776397471.752,271.752,0.24,25.04,0.23,116.33,0.25,167.42,0.26,83.7,0.75,167.42,0.74,83.7,0.76,40.04,0.77,111.33,0.01,0.01,2329.45278,1776397470000
1776397472.075,272.075,0.24,25.68,0.23,102.31,0.25,138.75,0.26,83.7,0.75,138.75,0.74,83.7,0.76,25.04,0.77,116.33,0.01,0.01,2329.45278,1776397470000
1776397472.32,272.32,0.24,25.04,0.23,97.16,0.25,132.74,0.26,78.7,0.75,139.75,0.74,83.7,0.76,30.68,0.77,102.31,0.01,0.01,2329.45278,1776397470000
1776397472.67,272.67,0.24,33.55,0.23,134.15,0.25,10.0,0.26,78.7,0.75,132.74,0.74,78.7,0.76,25.04,0.77,97.16,0.01,0.01,2329.836868,1776397471000
1776397473.034,273.034,0.24,20.1,0.23,134.15,0.25,4.95,0.26,78.7,0.75,4.95,0.74,78.7,0.76,27.1,0.77,134.15,0.01,0.01,2329.836868,1776397471000
1776397473.556,273.556,0.24,29.0,0.23,134.15,0.25,9.95,0.26,78.7,0.75,4.95,0.74,78.7,0.76,27.89,0.77,134.15,0.01,0.01,2329.858641,1776397472000
1776397473.823,273.823,0.24,195.0,0.23,50.97,0.25,5.0,0.26,18.7,0.75,9.95,0.74,78.7,0.76,29.0,0.77,134.15,0.01,0.01,2329.858641,1776397472000
1776397474.114,274.114,0.26,143.38,0.25,41.82,0.27,29.55,0.28,17.89,0.73,29.55,0.72,17.89,0.76,193.99,0.77,50.97,0.01,0.03,2329.858641,1776397472000
1776397474.329,274.329,0.26,112.29,0.25,28.0,0.27,41.19,0.28,17.89,0.73,27.37,0.72,17.89,0.74,119.38,0.75,28.0,0.01,0.01,2329.858641,1776397472000
1776397475.086,275.086,0.26,132.23,0.25,28.0,0.27,31.19,0.28,17.89,0.73,41.19,0.72,17.89,0.74,115.23,0.75,28.0,0.01,0.01,2329.88088,1776397473000
1776397475.596,275.596,0.26,74.67,0.25,33.0,0.27,14.96,0.29,10.0,0.73,13.82,0.69,60.0,0.74,116.82,0.75,28.0,0.01,0.01,2329.874305,1776397474000
1776397476.227,276.227,0.26,108.41,0.25,33.0,0.27,18.82,0.29,10.0,0.73,14.96,0.71,10.0,0.74,74.67,0.75,33.0,0.01,0.01,2329.874305,1776397474000
1776397477.104,277.104,0.26,42.42,0.25,52.84,0.27,5.0,0.29,10.0,0.73,18.82,0.71,10.0,0.74,108.41,0.75,33.0,0.01,0.01,2329.851579,1776397475000
1776397477.525,277.525,0.28,5.0,0.27,13.83,0.29,28.82,0.3,10.0,0.71,10.0,0.7,10.0,0.73,8.83,0.74,27.01,0.01,0.02,2329.85229,1776397476000
1776397478.151,278.151,0.28,4.58,0.27,13.83,0.29,10.0,0.3,10.0,0.71,28.82,0.7,10.0,0.72,5.0,0.73,13.83,0.01,0.01,2329.85229,1776397476000
1776397478.534,278.534,0.27,13.83,0.26,10.0,0.29,10.0,0.3,10.0,0.71,10.0,0.7,10.0,0.72,4.58,0.73,13.83,0.02,0.01,2329.85229,1776397476000
1776397479.033,279.033,0.15,48.0,0.12,10.0,0.16,47.0,0.17,10.0,0.71,10.0,0.7,10.0,0.73,13.83,0.74,10.0,0.01,0.02,2329.832989,1776397477000
1776397479.258,279.258,0.15,42.28,0.12,10.0,0.16,35.0,0.17,10.0,0.84,42.0,0.83,10.0,0.85,42.28,0.88,10.0,0.01,0.01,2329.832989,1776397477000
1776397479.554,279.554,0.13,10.0,0.12,0.27,0.14,32.71,0.15,10.75,0.85,5.75,0.84,30.0,0.88,0.27,0.89,23.21,0.01,0.03,2329.817655,1776397478000
1776397480.287,280.287,0.13,10.0,0.12,0.27,0.15,10.75,0.16,23.0,0.86,16.46,0.85,10.75,0.87,10.0,0.88,0.27,0.02,0.01,2329.817715,1776397479000
1776397480.974,280.974,0.11,5.56,0.1,10.0,0.15,11.46,0.16,33.43,0.84,20.43,0.83,32.0,0.87,10.0,0.88,0.27,0.04,0.03,2329.817715,1776397479000
1776397482.433,282.433,0.13,25.0,0.12,10.0,0.14,13.04,0.16,77.43,0.85,11.46,0.84,33.43,0.89,5.56,0.9,10.0,0.01,0.04,2329.658646,1776397481000
1776397484.053,284.053,0.03,10.0,0.02,220.14,0.07,40.0,0.08,32.78,0.86,13.04,0.84,77.43,0.87,25.0,0.88,10.0,0.04,0.01,2329.658646,1776397481000
1776397484.326,284.326,0.03,509.9,0.02,152.67,0.05,15.0,0.06,63.0,0.95,15.0,0.94,63.0,0.96,9.9,0.97,550.0,0.02,0.01,2329.658646,1776397481000
1776397485.119,285.119,0.03,511.79,0.02,152.67,0.04,39.91,0.05,5.0,0.96,16.05,0.95,5.0,0.97,507.83,0.98,152.67,0.01,0.01,2329.603141,1776397482000
1776397485.566,285.566,0.03,516.7,0.02,197.66,0.04,13.86,0.05,5.0,0.96,13.91,0.95,5.0,0.97,518.68,0.98,152.67,0.01,0.01,2329.586246,1776397484000
1776397486.621,286.621,0.03,514.73,0.02,152.67,0.04,13.86,0.05,10.0,0.96,13.86,0.95,5.0,0.97,516.7,0.98,197.66,0.01,0.01,2329.586246,1776397484000
1776397487.271,287.271,0.03,509.73,0.02,52.67,0.04,13.86,0.05,10.0,0.96,13.86,0.95,10.0,0.97,514.73,0.98,152.67,0.01,0.01,2329.499573,1776397485000
1776397488.201,288.201,0.03,502.65,0.02,52.67,0.04,27.68,0.05,10.0,0.96,13.86,0.95,10.0,0.97,503.69,0.98,52.67,0.01,0.01,2329.478204,1776397487000
1776397488.468,288.468,0.03,502.65,0.02,52.67,0.04,27.68,0.05,10.0,0.96,27.68,0.95,10.0,0.97,502.65,0.98,52.67,0.01,0.01,2329.478204,1776397487000
1776397488.959,288.959,0.03,531.65,0.02,52.67,0.04,27.68,0.05,10.0,0.96,27.68,0.95,10.0,0.97,502.65,0.98,52.67,0.01,0.01,2329.478204,1776397487000
1776397489.343,289.343,0.03,430.33,0.02,52.67,0.04,13.86,0.05,10.0,0.96,27.68,0.95,10.0,0.97,480.33,0.98,52.67,0.01,0.01,2329.478204,1776397487000
1776397490.243,290.243,0.03,8.51,0.02,52.67,0.04,28.86,0.05,20.0,0.96,27.68,0.95,20.0,0.97,425.17,0.98,52.67,0.01,0.01,2329.498123,1776397489000
1776397490.711,290.711,0.02,409.17,0.01,1315.83,0.05,3.86,0.12,13.0,0.96,23.86,0.95,25.0,0.98,52.67,0.99,603.83,0.03,0.02,2329.498123,1776397489000
1776397491.099,291.099,0.16,73.75,0.13,10.0,0.17,41.82,0.18,26.0,0.83,10.0,0.82,10.0,0.84,20.66,0.88,10.0,0.01,0.01,2329.498123,1776397489000
1776397491.312,291.312,0.16,58.12,0.12,30.0,0.17,63.82,0.18,26.0,0.83,41.82,0.82,26.0,0.84,65.27,0.87,10.0,0.01,0.01,2329.498123,1776397489000
1776397492.025,292.025,0.14,7.72,0.13,10.0,0.15,12.0,0.16,18.0,0.83,125.82,0.82,26.0,0.88,30.0,0.89,60.0,0.01,0.05,2329.470682,1776397491000
1776397492.227,292.227,0.21,10.0,0.2,10.0,0.23,9.9,0.24,10.0,0.85,12.0,0.84,18.0,0.86,7.72,0.87,10.0,0.02,0.01,2329.470682,1776397491000
1776397492.583,292.583,0.19,9.5,0.18,40.0,0.21,10.0,0.22,10.0,0.77,9.9,0.76,15.0,0.78,16.98,0.79,10.0,0.02,0.01,2329.470682,1776397491000
1776397492.795,292.795,0.18,29.0,0.17,10.0,0.19,10.0,0.2,10.0,0.79,10.0,0.78,10.0,0.81,9.5,0.82,40.0,0.01,0.02,2329.470682,1776397491000
1776397493.352,293.352,0.18,9.45,0.17,10.0,0.19,23.82,0.2,10.0,0.81,10.0,0.8,10.0,0.82,29.0,0.83,10.0,0.01,0.01,2329.520562,1776397492000
1776397494.681,294.681,0.16,63.16,0.15,10.0,0.17,17.0,0.18,16.0,0.81,23.82,0.8,10.0,0.82,9.45,0.83,10.0,0.01,0.01,2329.667941,1776397493000
1776397494.917,294.917,0.17,24.0,0.16,58.16,0.2,10.0,0.21,10.0,0.81,12.16,0.8,22.5,0.83,34.0,0.84,58.16,0.03,0.02,2329.667941,1776397493000
1776397495.657,295.657,0.16,46.96,0.15,10.0,0.17,10.0,0.18,15.0,0.79,0.55,0.78,10.0,0.83,29.0,0.84,48.16,0.01,0.04,2329.761155,1776397494000
1776397496.01,296.01,0.14,3.19,0.13,10.0,0.17,79.0,0.18,15.0,0.83,10.0,0.82,15.0,0.84,46.96,0.85,10.0,0.03,0.01,2329.761155,1776397494000
1776397496.509,296.509,0.1,22.53,0.06,50.0,0.12,10.0,0.13,60.0,0.83,79.0,0.82,15.0,0.86,3.19,0.87,10.0,0.02,0.03,2329.779053,1776397495000
1776397496.713,296.713,0.06,50.0,0.01,110.84,0.1,25.14,0.11,161.77,0.89,32.0,0.88,80.0,0.9,8.28,0.94,50.0,0.04,0.01,2329.779053,1776397495000
1776397497.345,297.345,0.06,46.93,0.01,75.84,0.07,134.0,0.08,102.0,0.9,25.14,0.89,161.77,0.94,50.0,0.99,110.84,0.01,0.04,2329.779053,1776397495000
1776397497.604,297.604,0.01,40.85,,,0.02,25.0,0.03,10.0,0.93,134.0,0.92,107.0,0.99,68.72,,,0.01,0.06,2329.842439,1776397496000
1776397497.804,297.804,,,,,0.01,65.5,0.02,62.0,0.98,25.0,0.97,10.0,0.99,40.85,,,,0.01,2329.842439,1776397496000
1776397498.085,298.085,,,,,0.01,1117.32,0.02,137.0,0.99,65.5,0.98,62.0,,,,,,,2329.846713,1776397497000
1776397499.181,299.181,,,,,0.01,7879.8,0.02,33.0,0.99,1078.54,0.98,107.0,,,,,,,2329.846713,1776397497000

# RESULT,winner=Down,slug=eth-updown-5m-1776397200,ticks=239
