timestamp,elapsed_sec,up_bid_p1,up_bid_s1,up_bid_p2,up_bid_s2,up_ask_p1,up_ask_s1,up_ask_p2,up_ask_s2,down_bid_p1,down_bid_s1,down_bid_p2,down_bid_s2,down_ask_p1,down_ask_s1,down_ask_p2,down_ask_s2,up_spread,down_spread,eth_price,eth_oracle_ts
1776215111.229,11.229,,,,,,,,,,,,,,,,,,,2336.931542,1776215110000
1776215111.472,11.472,0.52,30.0,0.51,20.0,0.53,20.0,0.54,22.0,0.47,20.0,0.46,22.0,0.48,25.0,0.49,20.0,0.01,0.01,2336.931542,1776215110000
1776215111.816,11.816,0.52,35.5,0.51,20.0,0.53,15.0,0.54,22.0,0.47,20.0,0.46,22.0,0.48,25.0,0.49,20.0,0.01,0.01,2336.931542,1776215110000
1776215112.389,12.389,0.52,35.5,0.51,20.0,0.53,15.0,0.54,22.0,0.47,15.0,0.46,22.0,0.48,35.5,0.49,20.0,0.01,0.01,2337.020851,1776215111000
1776215112.603,12.603,0.53,19.67,0.52,40.5,0.54,32.0,0.55,17.0,0.46,32.0,0.45,17.0,0.47,21.8,0.48,40.5,0.01,0.01,2337.020851,1776215111000
1776215112.982,12.982,0.53,17.54,0.52,35.5,0.54,32.0,0.55,17.0,0.46,32.0,0.45,17.0,0.47,17.54,0.48,35.5,0.01,0.01,2337.033918,1776215112000
1776215113.804,13.804,0.53,20.32,0.52,105.5,0.54,20.0,0.55,40.73,0.46,32.0,0.45,17.0,0.47,17.54,0.48,35.5,0.01,0.01,2337.033918,1776215112000
1776215114.047,14.047,0.53,13.66,0.52,105.5,0.54,15.0,0.55,45.73,0.46,15.0,0.45,45.73,0.47,13.66,0.48,105.5,0.01,0.01,2337.036247,1776215113000
1776215114.812,14.812,0.53,18.66,0.52,110.5,0.54,13.01,0.55,45.73,0.46,15.0,0.45,45.73,0.47,13.66,0.48,105.5,0.01,0.01,2337.036247,1776215113000
1776215115.17,15.17,0.53,13.66,0.52,290.5,0.54,10.23,0.55,62.73,0.46,3.01,0.45,45.73,0.47,18.66,0.48,290.5,0.01,0.01,2337.036247,1776215113000
1776215115.457,15.457,0.53,18.66,0.52,290.5,0.54,8.37,0.55,62.73,0.46,10.23,0.45,62.73,0.47,13.66,0.48,290.5,0.01,0.01,2337.093548,1776215114000
1776215116.169,16.169,0.53,13.66,0.52,290.5,0.54,7.81,0.55,62.73,0.46,8.37,0.45,62.73,0.47,18.66,0.48,290.5,0.01,0.01,2337.093548,1776215114000
1776215116.588,16.588,0.53,18.66,0.52,285.5,0.55,50.21,0.56,17.0,0.46,3.81,0.45,62.73,0.47,13.66,0.48,290.5,0.02,0.01,2337.108629,1776215115000
1776215117.397,17.397,0.53,18.66,0.52,285.5,0.55,50.21,0.56,17.0,0.45,50.21,0.44,17.0,0.47,18.66,0.48,285.5,0.02,0.02,2337.157419,1776215116000
1776215117.996,17.996,0.53,18.66,0.52,285.5,0.55,50.21,0.56,17.0,0.45,50.21,0.44,17.0,0.47,18.66,0.48,285.5,0.02,0.02,2337.159127,1776215117000
1776215118.198,18.198,0.53,3.66,0.52,90.0,0.54,83.13,0.55,43.0,0.46,54.4,0.45,43.0,0.47,13.66,0.48,90.0,0.01,0.01,2337.159127,1776215117000
1776215118.51,18.51,0.53,1.38,0.52,25.0,0.54,89.4,0.55,43.0,0.46,83.13,0.45,43.0,0.47,3.66,0.48,90.0,0.01,0.01,2337.159127,1776215117000
1776215119.115,19.115,0.52,24.12,0.51,26.0,0.54,89.4,0.55,43.0,0.46,89.4,0.45,43.0,0.48,24.12,0.49,26.0,0.02,0.02,2337.194496,1776215118000
1776215120.314,20.314,0.52,24.12,0.51,31.0,0.53,85.25,0.54,60.92,0.47,85.25,0.46,60.92,0.48,24.12,0.49,31.0,0.01,0.01,2337.091355,1776215119000
1776215120.973,20.973,0.52,24.12,0.51,31.0,0.53,32.26,0.54,78.65,0.47,99.24,0.46,65.92,0.48,24.12,0.49,31.0,0.01,0.01,2337.091355,1776215119000
1776215121.201,21.201,0.52,27.03,0.51,31.0,0.53,22.26,0.54,78.65,0.47,22.26,0.46,78.65,0.48,29.12,0.49,31.0,0.01,0.01,2337.091355,1776215119000
1776215121.916,21.916,0.52,22.03,0.51,31.0,0.53,25.37,0.54,14.66,0.47,22.26,0.46,78.65,0.48,27.03,0.49,31.0,0.01,0.01,2337.137731,1776215120000
1776215122.219,22.219,0.58,5.75,0.52,32.03,0.6,11.0,0.61,12.0,0.46,6.52,0.45,42.73,0.48,27.03,0.49,255.0,0.02,0.02,2337.13345,1776215121000
1776215122.426,22.426,0.58,30.75,0.52,32.03,0.61,5.85,0.62,5.0,0.4,11.0,0.39,12.0,0.42,5.75,0.48,27.03,0.03,0.02,2337.13345,1776215121000
1776215122.741,22.741,0.58,30.75,0.53,5.0,0.64,1.93,0.65,5.0,0.38,2.64,0.37,10.0,0.42,30.75,0.47,5.0,0.06,0.04,2337.13345,1776215121000
1776215123.126,23.126,0.58,30.75,0.53,5.0,0.64,1.93,0.65,5.0,0.36,1.93,0.35,5.0,0.42,30.75,0.47,5.0,0.06,0.06,2337.164403,1776215122000
1776215123.583,23.583,0.61,12.43,0.6,20.0,0.62,17.0,0.63,5.0,0.38,22.0,0.37,15.0,0.39,7.43,0.4,10.0,0.01,0.01,2337.164403,1776215122000
1776215124.139,24.139,0.61,12.43,0.6,20.0,0.62,17.0,0.63,5.0,0.38,17.0,0.37,5.0,0.39,12.43,0.4,20.0,0.01,0.01,2337.44062,1776215123000
1776215124.64,24.64,0.61,33.43,0.6,20.0,0.62,46.26,0.63,29.0,0.38,17.0,0.37,5.0,0.39,12.43,0.4,20.0,0.01,0.01,2337.44062,1776215123000
1776215125.285,25.285,0.61,33.43,0.6,20.0,0.62,46.26,0.63,29.0,0.38,46.26,0.37,29.0,0.39,33.43,0.4,20.0,0.01,0.01,2337.581876,1776215124000
1776215125.579,25.579,0.61,43.43,0.6,25.0,0.62,41.26,0.63,34.0,0.38,46.26,0.37,29.0,0.39,33.43,0.4,20.0,0.01,0.01,2337.581876,1776215124000
1776215126.622,26.622,0.61,24.68,0.6,25.0,0.62,46.26,0.63,34.0,0.38,41.26,0.37,34.0,0.39,43.43,0.4,25.0,0.01,0.01,2337.581876,1776215124000
1776215126.889,26.889,0.61,26.93,0.6,25.0,0.62,46.26,0.63,21.0,0.38,46.26,0.37,21.0,0.39,26.93,0.4,25.0,0.01,0.01,2337.619612,1776215125000
1776215127.548,27.548,0.61,26.93,0.6,25.0,0.62,46.26,0.63,21.0,0.38,46.26,0.37,21.0,0.39,26.93,0.4,25.0,0.01,0.01,2337.620297,1776215126000
1776215127.909,27.909,0.61,131.93,0.6,160.0,0.73,15.0,0.74,24.0,0.38,2.0,0.35,8.0,0.39,71.93,0.4,96.0,0.12,0.01,2337.620297,1776215126000
1776215128.183,28.183,0.61,152.93,0.6,160.0,0.72,1.43,0.73,15.0,0.28,1.43,0.27,85.0,0.39,152.93,0.4,160.0,0.11,0.11,2337.686345,1776215127000
1776215128.412,28.412,0.72,8.67,0.67,25.0,0.73,68.49,0.74,84.0,0.27,70.0,0.26,84.0,0.28,8.67,0.33,25.0,0.01,0.01,2337.686345,1776215127000
1776215128.779,28.779,0.71,2.01,0.7,10.0,0.73,288.49,0.74,104.0,0.27,68.49,0.26,84.0,0.28,8.67,0.33,25.0,0.02,0.01,2337.686345,1776215127000
1776215129.229,29.229,0.7,6.94,0.69,10.0,0.72,15.0,0.73,298.49,0.27,288.49,0.26,104.0,0.29,2.01,0.3,10.0,0.02,0.02,2337.686345,1776215127000
1776215129.575,29.575,0.67,35.0,0.66,10.0,0.69,5.0,0.7,30.0,0.29,18.0,0.28,20.0,0.3,11.94,0.31,15.0,0.02,0.01,2337.686345,1776215127000
1776215129.844,29.844,0.67,25.0,0.64,16.0,0.68,2.6,0.69,10.0,0.32,8.55,0.31,18.0,0.33,25.0,0.36,16.0,0.01,0.01,2337.758343,1776215128000
1776215130.124,30.124,0.67,18.96,0.65,10.0,0.68,29.02,0.69,10.0,0.32,24.02,0.31,10.0,0.33,21.96,0.35,10.0,0.01,0.01,2337.758343,1776215128000
1776215130.625,30.625,0.67,18.96,0.65,10.0,0.68,29.02,0.69,10.0,0.32,29.02,0.31,10.0,0.33,18.96,0.35,10.0,0.01,0.01,2338.212987,1776215129000
1776215130.98,30.98,0.64,10.0,0.63,25.9,0.66,16.0,0.67,47.88,0.32,49.02,0.31,10.0,0.35,11.0,0.36,15.0,0.02,0.03,2338.212987,1776215129000
1776215131.199,31.199,0.63,10.9,0.62,10.0,0.65,178.0,0.66,16.0,0.35,178.0,0.34,16.0,0.37,10.9,0.38,10.0,0.02,0.02,2338.243243,1776215130000
1776215131.577,31.577,0.64,10.0,0.63,10.0,0.65,209.0,0.66,24.0,0.35,178.0,0.34,16.0,0.37,10.9,0.38,10.0,0.01,0.02,2338.243243,1776215130000
1776215132.004,32.004,0.64,4.86,0.63,15.0,0.65,249.26,0.66,105.0,0.35,209.0,0.34,24.0,0.36,10.0,0.37,10.0,0.01,0.01,2338.243243,1776215130000
1776215132.755,32.755,0.64,2.08,0.63,15.0,0.65,219.26,0.66,39.0,0.35,249.26,0.34,105.0,0.36,4.86,0.37,15.0,0.01,0.01,2338.243243,1776215130000
1776215133.468,33.468,0.65,33.14,0.64,59.08,0.66,15.0,0.67,41.0,0.35,219.26,0.34,39.0,0.36,2.08,0.37,15.0,0.01,0.01,2337.887232,1776215131000
1776215133.718,33.718,0.66,20.0,0.65,70.14,0.67,39.5,0.68,15.0,0.33,41.0,0.31,193.0,0.35,100.14,0.36,239.08,0.01,0.02,2337.865497,1776215132000
1776215134.355,34.355,0.66,92.0,0.65,65.14,0.67,33.5,0.68,15.0,0.33,33.5,0.32,15.0,0.34,92.0,0.35,65.14,0.01,0.01,2337.867195,1776215133000
1776215134.72,34.72,0.66,267.0,0.65,70.14,0.68,15.0,0.69,22.0,0.33,33.5,0.32,15.0,0.34,92.0,0.35,65.14,0.02,0.01,2337.867195,1776215133000
1776215134.933,34.933,0.68,6.0,0.66,252.29,0.69,22.0,0.7,14.0,0.31,22.0,0.3,14.0,0.32,6.0,0.34,252.29,0.01,0.01,2337.889121,1776215134000
1776215135.325,35.325,0.68,83.87,0.67,200.0,0.69,16.0,0.7,29.0,0.31,23.84,0.3,30.0,0.32,92.0,0.33,15.0,0.01,0.01,2337.889121,1776215134000
1776215135.589,35.589,0.68,82.77,0.67,200.0,0.69,11.0,0.7,29.0,0.31,16.0,0.3,29.0,0.32,82.77,0.33,200.0,0.01,0.01,2337.889121,1776215134000
1776215135.865,35.865,0.68,82.77,0.67,207.0,0.69,13.75,0.7,34.0,0.31,11.0,0.3,29.0,0.32,82.77,0.33,200.0,0.01,0.01,2337.889121,1776215134000
1776215136.262,36.262,0.68,87.77,0.67,207.0,0.69,6.5,0.7,34.0,0.31,13.75,0.3,34.0,0.32,82.77,0.33,207.0,0.01,0.01,2337.889121,1776215134000
1776215137.172,37.172,0.68,53.31,0.67,207.0,0.69,6.5,0.7,34.0,0.31,6.5,0.3,34.0,0.32,53.31,0.33,207.0,0.01,0.01,2338.153426,1776215136000
1776215137.386,37.386,0.69,93.0,0.68,23.31,0.7,63.14,0.71,86.0,0.3,64.57,0.29,86.0,0.31,93.0,0.32,28.31,0.01,0.01,2338.153426,1776215136000
1776215137.625,37.625,0.69,88.0,0.68,23.31,0.7,55.89,0.71,266.0,0.3,60.89,0.29,266.0,0.31,88.0,0.32,23.31,0.01,0.01,2338.153426,1776215136000
1776215138.339,38.339,0.69,129.0,0.68,28.31,0.7,13.0,0.71,24.0,0.3,235.89,0.29,266.0,0.31,88.0,0.32,23.31,0.01,0.01,2338.153426,1776215136000
1776215138.631,38.631,0.69,134.0,0.68,28.31,0.73,1.95,0.74,19.0,0.27,1.95,0.26,19.0,0.31,134.0,0.32,28.31,0.04,0.04,2338.187471,1776215137000
1776215139.301,39.301,0.69,134.0,0.68,28.31,0.73,1.95,0.74,19.0,0.27,1.95,0.26,19.0,0.31,134.0,0.32,28.31,0.04,0.04,2338.292861,1776215138000
1776215139.733,39.733,0.72,10.0,0.71,15.0,0.73,142.25,0.74,31.06,0.27,42.25,0.26,41.06,0.3,10.0,0.31,15.0,0.01,0.03,2338.292861,1776215138000
1776215140.144,40.144,0.7,10.0,0.69,15.0,0.73,119.25,0.74,31.06,0.27,119.25,0.26,31.06,0.3,10.0,0.31,15.0,0.03,0.03,2338.26819,1776215139000
1776215140.746,40.746,0.71,312.51,0.7,102.51,0.72,7.0,0.74,9.06,0.29,10.0,0.28,30.0,0.3,29.99,0.31,20.0,0.01,0.01,2338.26819,1776215139000
1776215141.372,41.372,0.73,60.0,0.72,15.0,0.74,74.58,0.75,5.0,0.26,10.94,0.25,5.0,0.27,58.0,0.28,17.51,0.01,0.01,2338.26819,1776215139000
1776215141.61,41.61,0.73,15.0,0.72,15.0,0.74,69.58,0.75,5.0,0.26,74.58,0.25,5.0,0.27,60.0,0.28,15.0,0.01,0.01,2338.29945,1776215140000
1776215142.255,42.255,0.73,15.0,0.72,15.0,0.74,69.58,0.75,5.0,0.26,69.58,0.25,5.0,0.27,15.0,0.28,15.0,0.01,0.01,2338.302928,1776215141000
1776215143.578,43.578,0.71,58.27,0.7,91.0,0.74,29.58,0.76,180.0,0.26,69.58,0.25,5.0,0.27,15.0,0.28,15.0,0.03,0.01,2338.302928,1776215141000
1776215143.969,43.969,0.73,60.0,0.72,10.0,0.74,23.05,0.75,5.0,0.26,29.58,0.24,180.0,0.29,58.27,0.3,91.0,0.01,0.03,2338.302928,1776215141000
1776215144.544,44.544,0.73,60.0,0.72,10.0,0.74,23.05,0.75,5.0,0.26,23.05,0.25,5.0,0.27,60.0,0.28,10.0,0.01,0.01,2338.573972,1776215143000
1776215144.773,44.773,0.76,131.0,0.75,34.0,0.78,5.0,0.79,41.7,0.26,23.05,0.25,5.0,0.27,60.0,0.28,10.0,0.02,0.01,2338.573972,1776215143000
1776215145.153,45.153,0.76,131.0,0.75,34.0,0.78,5.0,0.79,41.7,0.22,5.0,0.21,41.7,0.24,131.0,0.25,34.0,0.02,0.02,2338.58175,1776215144000
1776215145.489,45.489,0.77,89.0,0.76,50.0,0.78,23.0,0.79,46.7,0.22,5.0,0.21,41.7,0.24,131.0,0.25,34.0,0.01,0.02,2338.58175,1776215144000
1776215146.064,46.064,0.77,94.0,0.76,50.0,0.79,42.65,0.8,200.0,0.21,42.65,0.2,200.0,0.23,94.0,0.24,50.0,0.02,0.02,2338.726659,1776215145000
1776215146.975,46.975,0.78,80.0,0.77,64.0,0.79,21.95,0.8,200.05,0.21,42.65,0.2,200.0,0.23,94.0,0.24,50.0,0.01,0.02,2338.726659,1776215145000
1776215147.891,47.891,0.78,91.0,0.77,15.0,0.8,19.67,0.81,190.0,0.21,21.95,0.2,200.05,0.22,80.0,0.23,64.0,0.02,0.01,2338.77347,1776215146000
1776215148.098,48.098,0.78,86.0,0.77,15.0,0.8,23.65,0.81,190.0,0.2,23.65,0.19,190.0,0.22,86.0,0.23,15.0,0.02,0.02,2338.844048,1776215147000
1776215148.413,48.413,0.77,10.0,0.76,15.0,0.8,58.65,0.81,23.31,0.2,23.65,0.19,190.0,0.22,86.0,0.23,15.0,0.03,0.02,2338.844048,1776215147000
1776215149.109,49.109,0.77,10.0,0.76,15.0,0.8,58.65,0.81,23.31,0.2,58.65,0.19,23.31,0.23,10.0,0.24,15.0,0.03,0.03,2338.933053,1776215148000
1776215150.071,50.071,0.77,75.26,0.76,10.0,0.78,19.0,0.79,20.0,0.22,19.0,0.21,20.0,0.23,75.26,0.24,10.0,0.01,0.01,2338.919259,1776215149000
1776215150.869,50.869,0.72,10.0,0.71,16.0,0.75,35.0,0.76,39.0,0.23,15.0,0.22,35.0,0.26,5.58,0.27,24.0,0.03,0.03,2338.919259,1776215149000
1776215152.124,52.124,0.72,20.0,0.71,16.0,0.74,15.0,0.75,25.0,0.26,15.0,0.25,25.0,0.28,20.0,0.29,16.0,0.02,0.02,2338.780261,1776215151000
1776215152.452,52.452,0.73,20.0,0.72,10.0,0.74,14.94,0.75,25.0,0.26,15.0,0.25,25.0,0.28,20.0,0.29,16.0,0.01,0.02,2338.780261,1776215151000
1776215152.892,52.892,0.73,11.38,0.72,10.0,0.74,28.59,0.75,25.0,0.26,13.58,0.25,20.0,0.27,20.0,0.28,10.0,0.01,0.01,2338.780261,1776215151000
1776215153.184,53.184,0.73,11.38,0.72,10.0,0.74,28.59,0.75,25.0,0.26,28.59,0.25,25.0,0.27,11.38,0.28,10.0,0.01,0.01,2338.632061,1776215152000
1776215153.507,53.507,0.73,7.44,0.71,20.0,0.74,34.0,0.75,20.0,0.26,15.0,0.25,25.0,0.27,20.0,0.28,10.0,0.01,0.01,2338.632061,1776215152000
1776215154.128,54.128,0.71,20.0,0.7,10.0,0.74,24.0,0.75,5.0,0.26,24.0,0.25,5.0,0.29,20.0,0.3,10.0,0.03,0.03,2338.651468,1776215153000
1776215154.658,54.658,0.73,4.0,0.72,15.0,0.75,35.0,0.76,215.0,0.26,24.0,0.25,5.0,0.29,20.0,0.3,10.0,0.02,0.03,2338.651468,1776215153000
1776215155.172,55.172,0.73,5.0,0.72,5.0,0.74,36.3,0.75,20.0,0.25,35.0,0.24,215.0,0.27,4.0,0.28,15.0,0.01,0.02,2338.651468,1776215153000
1776215155.942,55.942,0.69,32.03,0.67,13.0,0.7,6.66,0.72,40.0,0.26,36.3,0.25,20.0,0.27,5.0,0.28,5.0,0.01,0.01,2338.608168,1776215154000
1776215156.238,56.238,0.67,12.35,0.66,8.0,0.7,39.0,0.71,30.0,0.3,29.0,0.29,15.0,0.31,14.35,0.33,13.0,0.03,0.01,2338.608168,1776215154000
1776215156.481,56.481,0.67,17.35,0.66,5.0,0.68,8.44,0.69,10.0,0.3,39.0,0.29,30.0,0.33,12.35,0.34,8.0,0.01,0.03,2338.572761,1776215155000
1776215157.468,57.468,0.67,11.62,0.66,5.0,0.68,5.63,0.69,10.0,0.32,5.63,0.31,10.0,0.33,11.62,0.34,5.0,0.01,0.01,2338.540612,1776215156000
1776215158.414,58.414,0.65,6.0,0.64,30.0,0.68,20.63,0.69,15.0,0.32,20.63,0.31,15.0,0.35,6.0,0.36,30.0,0.03,0.03,2338.264248,1776215157000
1776215158.743,58.743,0.65,30.37,0.64,20.0,0.66,44.84,0.67,24.46,0.34,49.84,0.33,24.46,0.35,36.0,0.36,20.0,0.01,0.01,2338.264248,1776215157000
1776215159.225,59.225,0.65,30.37,0.64,20.0,0.66,44.84,0.67,24.46,0.34,44.84,0.33,24.46,0.35,30.37,0.36,20.0,0.01,0.01,2338.156967,1776215158000
1776215160.354,60.354,0.65,36.0,0.64,20.0,0.67,12.72,0.68,5.0,0.34,44.84,0.33,24.46,0.35,30.37,0.36,20.0,0.02,0.01,2338.156967,1776215158000
1776215160.606,60.606,0.66,36.0,0.65,25.0,0.67,18.16,0.68,5.0,0.33,7.3,0.32,5.0,0.34,16.0,0.35,30.0,0.01,0.01,2338.071421,1776215159000
1776215161.008,61.008,0.66,36.0,0.65,25.0,0.67,18.16,0.68,5.0,0.33,18.16,0.32,5.0,0.34,36.0,0.35,25.0,0.01,0.01,2338.071855,1776215160000
1776215161.393,61.393,0.66,31.0,0.65,15.0,0.67,7.16,0.68,5.0,0.33,18.16,0.32,5.0,0.34,36.0,0.35,25.0,0.01,0.01,2338.071855,1776215160000
1776215161.823,61.823,0.65,5.71,0.64,21.0,0.67,17.16,0.68,15.0,0.33,7.16,0.32,5.0,0.34,31.0,0.35,15.0,0.02,0.01,2338.071855,1776215160000
1776215162.44,62.44,0.65,5.71,0.64,21.0,0.67,17.16,0.68,15.0,0.33,17.16,0.32,15.0,0.35,5.71,0.36,21.0,0.02,0.02,2338.119197,1776215161000
1776215162.75,62.75,0.65,15.71,0.64,26.0,0.66,27.33,0.67,10.0,0.33,17.16,0.32,15.0,0.35,5.71,0.36,21.0,0.01,0.02,2338.119197,1776215161000
1776215162.957,62.957,0.65,15.71,0.64,26.0,0.66,27.33,0.67,10.0,0.34,27.33,0.33,10.0,0.35,15.71,0.36,26.0,0.01,0.01,2338.033129,1776215162000
1776215163.565,63.565,0.65,15.71,0.64,26.0,0.69,173.67,0.7,48.0,0.34,27.33,0.33,10.0,0.35,15.71,0.36,26.0,0.04,0.01,2338.033129,1776215162000
1776215164.083,64.083,0.68,5.0,0.67,10.0,0.69,211.98,0.7,53.0,0.31,211.98,0.3,53.0,0.32,5.0,0.33,10.0,0.01,0.01,2338.045773,1776215163000
1776215164.399,64.399,0.67,13.93,0.66,21.0,0.69,29.0,0.7,5.0,0.31,29.0,0.3,5.0,0.32,14.37,0.33,20.0,0.02,0.01,2338.045773,1776215163000
1776215164.805,64.805,0.68,10.24,0.67,13.93,0.69,39.0,0.7,10.0,0.31,29.0,0.3,5.0,0.33,13.93,0.34,21.0,0.01,0.02,2338.045773,1776215163000
1776215165.116,65.116,0.68,7.11,0.67,13.93,0.69,39.0,0.7,10.0,0.31,39.0,0.3,10.0,0.32,10.24,0.33,13.93,0.01,0.01,2338.045773,1776215163000
1776215165.482,65.482,0.68,11.87,0.67,13.93,0.69,34.0,0.7,25.0,0.31,39.0,0.3,10.0,0.32,7.11,0.33,13.93,0.01,0.01,2338.071828,1776215164000
1776215166.31,66.31,0.68,11.87,0.67,13.93,0.69,32.05,0.7,25.0,0.31,34.0,0.3,25.0,0.32,11.87,0.33,13.93,0.01,0.01,2338.071828,1776215164000
1776215166.678,66.678,0.68,11.87,0.67,13.93,0.69,32.05,0.7,25.0,0.31,32.05,0.3,25.0,0.32,11.87,0.33,13.93,0.01,0.01,2338.136507,1776215165000
1776215167.119,67.119,0.68,11.87,0.67,13.93,0.69,32.05,0.7,25.0,0.31,32.05,0.3,25.0,0.32,11.87,0.33,13.93,0.01,0.01,2338.136572,1776215166000
1776215167.936,67.936,0.66,1.9,0.65,21.0,0.69,64.0,0.7,42.0,0.31,32.05,0.3,25.0,0.32,11.87,0.33,13.93,0.03,0.01,2338.136572,1776215166000
1776215168.312,68.312,0.66,1.9,0.65,21.0,0.69,64.0,0.7,42.0,0.31,64.0,0.3,42.0,0.34,1.9,0.35,21.0,0.03,0.03,2338.093879,1776215167000
1776215169.557,69.557,0.66,1.9,0.65,21.0,0.69,64.0,0.7,42.0,0.31,64.0,0.3,42.0,0.34,1.9,0.35,21.0,0.03,0.03,2338.091845,1776215168000
1776215170.143,70.143,0.66,1.9,0.65,21.0,0.69,64.0,0.7,42.0,0.31,64.0,0.3,42.0,0.34,1.9,0.35,21.0,0.03,0.03,2338.020616,1776215169000
1776215171.072,71.072,0.68,26.0,0.67,31.0,0.69,18.55,0.7,26.0,0.31,64.0,0.3,42.0,0.34,1.9,0.35,21.0,0.01,0.03,2338.020616,1776215169000
1776215171.318,71.318,0.68,26.0,0.67,31.0,0.69,18.55,0.7,26.0,0.31,18.55,0.3,26.0,0.32,26.0,0.33,31.0,0.01,0.01,2338.046168,1776215170000
1776215171.958,71.958,0.68,26.0,0.67,31.0,0.69,18.55,0.7,26.0,0.31,18.55,0.3,26.0,0.32,26.0,0.33,31.0,0.01,0.01,2338.063555,1776215171000
1776215173.726,73.726,0.7,127.0,0.69,248.0,0.71,3.0,0.72,10.0,0.31,18.55,0.3,26.0,0.32,26.0,0.33,31.0,0.01,0.01,2338.063555,1776215171000
1776215174.458,74.458,0.7,127.0,0.69,248.0,0.71,3.0,0.72,10.0,0.29,3.0,0.28,10.0,0.3,127.0,0.31,248.0,0.01,0.01,2338.223036,1776215173000
1776215175.413,75.413,0.7,127.0,0.69,248.0,0.71,3.0,0.72,10.0,0.29,3.0,0.28,10.0,0.3,127.0,0.31,248.0,0.01,0.01,2338.277797,1776215174000
1776215176.108,76.108,0.7,127.0,0.69,248.0,0.71,3.0,0.72,10.0,0.29,3.0,0.28,10.0,0.3,127.0,0.31,248.0,0.01,0.01,2338.248145,1776215175000
1776215176.403,76.403,0.72,329.0,0.71,62.0,0.75,5.0,0.76,34.0,0.29,3.0,0.28,10.0,0.3,127.0,0.31,248.0,0.03,0.01,2338.248145,1776215175000
1776215176.852,76.852,0.75,129.0,0.74,69.0,0.77,40.0,0.78,15.0,0.24,34.41,0.23,15.0,0.26,10.0,0.27,10.0,0.02,0.02,2338.248145,1776215175000
1776215177.564,77.564,0.75,129.0,0.74,69.0,0.77,40.0,0.78,15.0,0.23,40.0,0.22,15.0,0.25,129.0,0.26,69.0,0.02,0.02,2338.300003,1776215176000
1776215177.996,77.996,0.75,127.68,0.74,255.0,0.76,4.62,0.78,20.0,0.23,40.0,0.22,15.0,0.25,129.0,0.26,69.0,0.01,0.02,2338.300003,1776215176000
1776215179.22,79.22,0.77,330.0,0.76,41.0,0.78,4.93,0.8,47.6,0.24,2.62,0.22,20.0,0.25,142.68,0.26,255.0,0.01,0.01,2338.322724,1776215177000
1776215179.485,79.485,0.77,335.0,0.76,41.0,0.8,21.45,0.81,39.0,0.2,21.45,0.19,39.0,0.23,335.0,0.24,41.0,0.03,0.03,2338.489203,1776215178000
1776215179.935,79.935,0.79,119.0,0.78,207.0,0.8,9.45,0.81,10.0,0.2,21.45,0.19,39.0,0.23,335.0,0.24,41.0,0.01,0.03,2338.489203,1776215178000
1776215180.79,80.79,0.81,53.0,0.8,85.0,0.82,8.78,0.83,10.0,0.2,9.45,0.19,10.0,0.21,119.0,0.22,207.0,0.01,0.01,2338.576195,1776215179000
1776215181.06,81.06,0.83,10.0,0.82,21.0,0.84,20.62,0.85,28.0,0.18,8.78,0.17,10.0,0.19,53.0,0.2,85.0,0.01,0.01,2338.576195,1776215179000
1776215181.433,81.433,0.85,20.88,0.84,15.0,0.87,7.55,0.88,69.1,0.13,7.55,0.12,69.1,0.15,20.88,0.16,15.0,0.02,0.02,2338.788942,1776215180000
1776215181.994,81.994,0.85,20.88,0.84,15.0,0.87,7.55,0.88,69.1,0.13,7.55,0.12,69.1,0.15,20.88,0.16,15.0,0.02,0.02,2338.887239,1776215181000
1776215182.805,82.805,0.87,18.0,0.86,136.0,0.89,9.62,0.9,6.0,0.13,7.55,0.12,69.1,0.15,20.88,0.16,15.0,0.02,0.02,2338.887239,1776215181000
1776215183.214,83.214,0.87,18.0,0.86,136.0,0.89,9.62,0.9,6.0,0.11,9.62,0.1,6.0,0.13,18.0,0.14,136.0,0.02,0.02,2339.566813,1776215182000
1776215183.658,83.658,0.88,24.0,0.87,16.0,0.9,29.87,0.91,84.0,0.11,9.62,0.1,6.0,0.13,18.0,0.14,136.0,0.02,0.02,2339.566813,1776215182000
1776215184.346,84.346,0.88,18.0,0.87,16.0,0.9,29.87,0.91,84.0,0.1,29.87,0.09,84.0,0.12,18.0,0.13,16.0,0.02,0.02,2339.826227,1776215183000
1776215184.827,84.827,0.89,52.0,0.88,309.0,0.9,123.75,0.91,369.0,0.1,29.87,0.09,84.0,0.12,18.0,0.13,16.0,0.01,0.02,2339.826227,1776215183000
1776215185.665,85.665,0.9,190.0,0.89,344.0,0.91,101.0,0.92,176.9,0.1,113.47,0.09,369.0,0.11,87.0,0.12,309.0,0.01,0.01,2340.019396,1776215184000
1776215186.161,86.161,0.9,190.0,0.89,344.0,0.91,101.0,0.92,176.9,0.09,101.0,0.08,176.9,0.1,190.0,0.11,344.0,0.01,0.01,2340.148317,1776215185000
1776215187.441,87.441,0.9,190.0,0.89,344.0,0.91,101.0,0.92,176.9,0.09,101.0,0.08,176.9,0.1,190.0,0.11,344.0,0.01,0.01,2340.221266,1776215186000
1776215187.998,87.998,0.9,190.0,0.89,344.0,0.91,101.0,0.92,176.9,0.09,101.0,0.08,176.9,0.1,190.0,0.11,344.0,0.01,0.01,2340.275227,1776215187000
1776215188.528,88.528,0.9,21.0,0.89,119.0,0.91,371.16,0.92,189.9,0.09,101.0,0.08,176.9,0.1,190.0,0.11,344.0,0.01,0.01,2340.275227,1776215187000
1776215189.263,89.263,0.9,21.0,0.89,119.0,0.91,371.16,0.92,189.9,0.09,371.16,0.08,189.9,0.1,21.0,0.11,119.0,0.01,0.01,2340.294495,1776215188000
1776215190.298,90.298,0.9,21.0,0.89,119.0,0.91,371.16,0.92,189.9,0.09,371.16,0.08,189.9,0.1,21.0,0.11,119.0,0.01,0.01,2340.271743,1776215189000
1776215190.957,90.957,0.9,587.3,0.89,222.23,0.91,104.06,0.92,544.9,0.09,104.06,0.08,544.9,0.1,587.3,0.11,222.23,0.01,0.01,2340.283876,1776215190000
1776215192.04,92.04,0.9,587.3,0.89,222.23,0.91,104.06,0.92,544.9,0.09,104.06,0.08,544.9,0.1,587.3,0.11,222.23,0.01,0.01,2340.297913,1776215191000
1776215192.906,92.906,0.9,587.3,0.89,222.23,0.91,104.06,0.92,544.9,0.09,104.06,0.08,544.9,0.1,587.3,0.11,222.23,0.01,0.01,2340.301658,1776215192000
1776215193.397,93.397,0.9,155.0,0.89,125.0,0.91,273.88,0.92,74.9,0.09,104.06,0.08,544.9,0.1,587.3,0.11,222.23,0.01,0.01,2340.301658,1776215192000
1776215193.598,93.598,0.9,174.0,0.89,125.0,0.91,273.88,0.92,108.9,0.09,273.88,0.08,74.9,0.1,155.0,0.11,125.0,0.01,0.01,2340.301658,1776215192000
1776215193.943,93.943,0.9,174.0,0.89,125.0,0.91,273.88,0.92,108.9,0.09,273.88,0.08,108.9,0.1,174.0,0.11,125.0,0.01,0.01,2340.312191,1776215193000
1776215195.157,95.157,0.9,174.0,0.89,125.0,0.91,273.88,0.92,108.9,0.09,273.88,0.08,108.9,0.1,174.0,0.11,125.0,0.01,0.01,2340.305988,1776215194000
1776215196.311,96.311,0.9,174.0,0.89,125.0,0.91,273.88,0.92,108.9,0.09,273.88,0.08,108.9,0.1,174.0,0.11,125.0,0.01,0.01,2340.295532,1776215195000
1776215196.898,96.898,0.9,174.0,0.89,125.0,0.91,273.88,0.92,108.9,0.09,273.88,0.08,108.9,0.1,174.0,0.11,125.0,0.01,0.01,2340.27869,1776215196000
1776215197.536,97.536,0.91,9.34,0.9,263.0,0.92,243.9,0.93,70.3,0.09,273.88,0.08,108.9,0.1,174.0,0.11,125.0,0.01,0.01,2340.27869,1776215196000
1776215197.902,97.902,0.91,9.34,0.9,263.0,0.92,243.9,0.93,70.3,0.08,243.9,0.07,70.3,0.09,9.34,0.1,263.0,0.01,0.01,2340.246737,1776215197000
1776215198.955,98.955,0.91,275.61,0.9,164.0,0.92,266.52,0.93,128.3,0.08,266.52,0.07,128.3,0.09,275.61,0.1,164.0,0.01,0.01,2340.24501,1776215198000
1776215199.164,99.164,0.91,295.61,0.9,146.0,0.92,255.43,0.93,104.3,0.08,266.52,0.07,128.3,0.09,275.61,0.1,164.0,0.01,0.01,2340.24501,1776215198000
1776215199.973,99.973,0.91,295.61,0.9,146.0,0.92,255.43,0.93,104.3,0.08,255.43,0.07,104.3,0.09,295.61,0.1,146.0,0.01,0.01,2340.354165,1776215199000
1776215200.953,100.953,0.91,295.61,0.9,146.0,0.92,255.43,0.93,104.3,0.08,255.43,0.07,104.3,0.09,295.61,0.1,146.0,0.01,0.01,2340.359755,1776215200000
1776215201.923,101.923,0.91,295.61,0.9,146.0,0.92,255.43,0.93,104.3,0.08,255.43,0.07,104.3,0.09,295.61,0.1,146.0,0.01,0.01,2340.421825,1776215201000
1776215202.987,102.987,0.91,295.61,0.9,146.0,0.92,255.43,0.93,104.3,0.08,255.43,0.07,104.3,0.09,295.61,0.1,146.0,0.01,0.01,2340.403538,1776215202000
1776215204.074,104.074,0.91,295.61,0.9,146.0,0.92,255.43,0.93,104.3,0.08,255.43,0.07,104.3,0.09,295.61,0.1,146.0,0.01,0.01,2340.391764,1776215203000
1776215205.241,105.241,0.91,295.61,0.9,146.0,0.92,255.43,0.93,104.3,0.08,255.43,0.07,104.3,0.09,295.61,0.1,146.0,0.01,0.01,2340.381676,1776215204000
1776215206.265,106.265,0.91,295.61,0.9,146.0,0.92,255.43,0.93,104.3,0.08,255.43,0.07,104.3,0.09,295.61,0.1,146.0,0.01,0.01,2340.377177,1776215205000
1776215207.361,107.361,0.91,170.61,0.9,242.44,0.92,201.09,0.93,100.3,0.08,255.43,0.07,104.3,0.09,295.61,0.1,146.0,0.01,0.01,2340.377177,1776215205000
1776215207.873,107.873,0.91,170.61,0.9,242.44,0.92,201.09,0.93,100.3,0.08,201.09,0.07,100.3,0.09,170.61,0.1,242.44,0.01,0.01,2340.379787,1776215207000
1776215208.932,108.932,0.91,170.61,0.9,242.44,0.92,201.09,0.93,100.3,0.08,201.09,0.07,100.3,0.09,170.61,0.1,242.44,0.01,0.01,2340.352737,1776215208000
1776215209.272,109.272,0.91,258.13,0.9,146.01,0.92,191.81,0.93,135.3,0.08,201.09,0.07,100.3,0.09,170.61,0.1,242.44,0.01,0.01,2340.352737,1776215208000
1776215209.842,109.842,0.91,258.13,0.9,146.01,0.92,191.81,0.93,135.3,0.08,191.81,0.07,135.3,0.09,258.13,0.1,146.01,0.01,0.01,2340.353056,1776215209000
1776215210.362,110.362,0.91,67.79,0.9,31.01,0.92,229.81,0.93,132.3,0.08,191.81,0.07,135.3,0.09,258.13,0.1,146.01,0.01,0.01,2340.353056,1776215209000
1776215210.712,110.712,0.88,10.0,0.86,5.0,0.91,299.0,0.92,97.71,0.08,270.81,0.07,132.3,0.1,21.67,0.11,5.0,0.03,0.02,2340.353056,1776215209000
1776215211.054,111.054,0.8,188.99,0.79,25.0,0.87,10.0,0.88,80.0,0.09,306.0,0.08,97.71,0.18,86.0,0.19,105.0,0.07,0.09,2340.353073,1776215210000
1776215211.36,111.36,0.78,80.0,0.77,81.0,0.79,8.91,0.8,24.01,0.2,9.01,0.14,50.0,0.21,1.19,0.22,280.0,0.01,0.01,2340.353073,1776215210000
1776215211.569,111.569,0.78,80.0,0.77,261.0,0.8,11.77,0.81,10.0,0.21,6.91,0.2,24.01,0.22,80.0,0.23,81.0,0.02,0.01,2340.353073,1776215210000
1776215211.936,111.936,0.78,10.0,0.76,12.0,0.79,38.0,0.8,11.77,0.2,11.77,0.19,10.0,0.22,80.0,0.23,261.0,0.01,0.02,2340.353073,1776215210000
1776215212.179,112.179,0.76,8.76,0.75,5.68,0.79,88.0,0.8,100.77,0.21,38.0,0.2,11.77,0.22,4.83,0.25,10.68,0.03,0.01,2340.353073,1776215210000
1776215212.438,112.438,0.74,4.23,0.7,77.14,0.76,168.0,0.77,20.0,0.22,85.0,0.21,108.0,0.24,2.3,0.25,26.68,0.02,0.02,2339.9566,1776215211000
1776215212.935,112.935,0.7,31.37,0.69,5.0,0.71,79.0,0.72,15.0,0.25,15.0,0.24,116.0,0.3,76.37,0.31,5.0,0.01,0.05,2339.9566,1776215211000
1776215213.298,113.298,0.7,2.5,0.69,5.0,0.71,50.83,0.72,195.0,0.29,74.0,0.28,15.0,0.3,2.5,0.31,5.0,0.01,0.01,2339.9566,1776215211000
1776215213.553,113.553,0.69,5.0,0.67,5.0,0.7,38.0,0.71,31.0,0.29,50.83,0.28,195.0,0.3,2.5,0.31,5.0,0.01,0.01,2339.148567,1776215212000
1776215214.249,114.249,0.69,5.0,0.67,5.0,0.7,32.0,0.71,31.0,0.3,32.0,0.29,31.0,0.31,5.0,0.33,5.0,0.01,0.01,2338.54025,1776215213000
1776215215.289,115.289,0.69,20.0,0.68,93.18,0.7,33.17,0.71,31.0,0.3,33.17,0.29,31.0,0.31,20.0,0.32,93.18,0.01,0.01,2338.293134,1776215214000
1776215215.71,115.71,0.69,13.99,0.68,93.18,0.7,25.0,0.71,115.0,0.3,33.17,0.29,31.0,0.31,20.0,0.32,93.18,0.01,0.01,2338.293134,1776215214000
1776215216.386,116.386,0.69,13.99,0.68,93.18,0.7,25.0,0.71,115.0,0.3,25.0,0.29,115.0,0.31,13.99,0.32,93.18,0.01,0.01,2338.231333,1776215215000
1776215217.475,117.475,0.69,13.99,0.68,93.18,0.7,25.0,0.71,115.0,0.3,25.0,0.29,115.0,0.31,13.99,0.32,93.18,0.01,0.01,2338.216705,1776215216000
1776215218.068,118.068,0.69,13.99,0.68,93.18,0.7,25.0,0.71,115.0,0.3,25.0,0.29,115.0,0.31,13.99,0.32,93.18,0.01,0.01,2338.217937,1776215217000
1776215219.067,119.067,0.69,13.99,0.68,93.18,0.7,25.0,0.71,115.0,0.3,25.0,0.29,115.0,0.31,13.99,0.32,93.18,0.01,0.01,2338.210674,1776215218000
1776215219.715,119.715,0.71,11.0,0.7,33.07,0.72,76.05,0.73,40.0,0.3,25.0,0.29,115.0,0.31,13.99,0.32,93.18,0.01,0.01,2338.210674,1776215218000
1776215220.046,120.046,0.71,11.0,0.7,33.07,0.72,57.16,0.73,40.0,0.28,76.05,0.27,40.0,0.29,11.0,0.3,33.07,0.01,0.01,2338.210674,1776215218000
1776215220.355,120.355,0.71,11.0,0.7,33.07,0.72,57.16,0.73,40.0,0.28,57.16,0.27,40.0,0.29,11.0,0.3,33.07,0.01,0.01,2338.091208,1776215219000
1776215220.97,120.97,0.71,15.0,0.7,15.0,0.72,47.16,0.73,25.0,0.28,57.16,0.27,40.0,0.29,11.0,0.3,33.07,0.01,0.01,2338.091208,1776215219000
1776215221.203,121.203,0.72,22.0,0.71,295.0,0.73,12.0,0.74,25.0,0.28,47.16,0.27,25.0,0.29,15.0,0.3,15.0,0.01,0.01,2338.091208,1776215219000
1776215221.462,121.462,0.74,46.0,0.73,62.0,0.75,15.28,0.76,25.0,0.26,24.0,0.25,25.0,0.28,22.0,0.29,290.0,0.01,0.02,2338.188076,1776215220000
1776215221.972,121.972,0.74,46.0,0.73,62.0,0.75,15.28,0.76,25.0,0.25,15.28,0.24,25.0,0.26,46.0,0.27,62.0,0.01,0.01,2338.213498,1776215221000
1776215222.992,122.992,0.74,46.0,0.73,62.0,0.75,15.28,0.76,25.0,0.25,15.28,0.24,25.0,0.26,46.0,0.27,62.0,0.01,0.01,2338.361449,1776215222000
1776215223.342,123.342,0.76,29.0,0.75,15.0,0.77,158.7,0.78,205.0,0.25,15.28,0.24,25.0,0.26,46.0,0.27,62.0,0.01,0.01,2338.361449,1776215222000
1776215223.945,123.945,0.76,14.83,0.75,15.0,0.77,152.4,0.78,210.0,0.23,157.4,0.22,210.0,0.24,24.0,0.25,15.0,0.01,0.01,2338.361449,1776215222000
1776215224.395,124.395,0.76,14.83,0.75,15.0,0.77,154.94,0.78,210.0,0.23,152.4,0.22,210.0,0.24,14.83,0.25,15.0,0.01,0.01,2338.3968,1776215223000
1776215224.962,124.962,0.76,14.83,0.75,15.0,0.77,152.47,0.78,210.0,0.23,152.47,0.22,210.0,0.24,14.83,0.25,15.0,0.01,0.01,2338.442401,1776215224000
1776215225.841,125.841,0.76,14.83,0.75,15.0,0.77,152.47,0.78,210.0,0.23,152.47,0.22,210.0,0.24,14.83,0.25,15.0,0.01,0.01,2338.444596,1776215225000
1776215226.847,126.847,0.76,14.83,0.75,15.0,0.77,152.47,0.78,210.0,0.23,152.47,0.22,210.0,0.24,14.83,0.25,15.0,0.01,0.01,2338.440275,1776215226000
1776215227.148,127.148,0.68,3.37,0.67,201.0,0.71,15.0,0.72,10.0,0.23,152.47,0.22,210.0,0.24,14.83,0.25,15.0,0.03,0.01,2338.440275,1776215226000
1776215227.753,127.753,0.7,5.0,0.69,5.0,0.73,61.95,0.74,213.0,0.27,61.95,0.26,213.0,0.3,5.0,0.31,5.0,0.03,0.03,2338.445658,1776215227000
1776215228.005,128.005,0.69,19.0,0.68,5.0,0.71,108.99,0.72,31.0,0.27,61.95,0.26,213.0,0.3,5.0,0.31,5.0,0.02,0.03,2338.445658,1776215227000
1776215228.592,128.592,0.69,19.0,0.68,5.0,0.7,65.56,0.71,247.0,0.29,108.99,0.28,31.0,0.31,19.0,0.32,5.0,0.01,0.02,2338.445658,1776215227000
1776215229.231,129.231,0.69,19.0,0.68,5.0,0.7,69.59,0.71,247.0,0.3,69.59,0.29,247.0,0.31,19.0,0.32,5.0,0.01,0.01,2338.225794,1776215228000
1776215230.574,130.574,0.69,49.86,0.68,20.0,0.7,17.99,0.71,26.0,0.3,69.59,0.29,247.0,0.31,19.0,0.32,5.0,0.01,0.01,2338.225794,1776215228000
1776215231.245,131.245,0.69,49.86,0.68,20.0,0.7,17.99,0.71,26.0,0.3,17.99,0.29,26.0,0.31,49.86,0.32,20.0,0.01,0.01,2338.03513,1776215230000
1776215231.726,131.726,0.7,56.86,0.69,46.0,0.71,36.7,0.72,26.0,0.3,17.99,0.29,26.0,0.31,49.86,0.32,20.0,0.01,0.01,2338.03513,1776215230000
1776215232.346,132.346,0.7,56.86,0.69,46.0,0.71,36.7,0.72,26.0,0.29,36.7,0.28,26.0,0.3,56.86,0.31,46.0,0.01,0.01,2337.998774,1776215231000
1776215232.617,132.617,0.7,83.72,0.69,231.0,0.72,8.99,0.73,46.3,0.29,36.7,0.28,26.0,0.3,56.86,0.31,46.0,0.02,0.01,2337.998774,1776215231000
1776215232.897,132.897,0.7,83.72,0.69,231.0,0.72,8.99,0.73,46.3,0.28,8.99,0.27,46.3,0.3,83.72,0.31,231.0,0.02,0.02,2338.0096,1776215232000
1776215233.237,133.237,0.72,32.86,0.71,222.84,0.73,115.17,0.74,147.0,0.27,103.17,0.26,137.0,0.28,32.0,0.29,77.0,0.01,0.01,2338.0096,1776215232000
1776215233.946,133.946,0.72,32.86,0.71,222.84,0.73,115.17,0.74,147.0,0.27,115.17,0.26,147.0,0.28,32.86,0.29,222.84,0.01,0.01,2338.100591,1776215233000
1776215234.739,134.739,0.74,13.0,0.72,137.86,0.76,174.62,0.77,25.0,0.27,133.32,0.26,156.0,0.28,47.86,0.29,222.84,0.02,0.01,2338.100591,1776215233000
1776215234.999,134.999,0.75,13.0,0.74,18.0,0.76,160.62,0.77,25.0,0.24,160.62,0.23,25.0,0.25,13.0,0.26,18.0,0.01,0.01,2338.174614,1776215234000
1776215235.695,135.695,0.76,48.86,0.75,83.0,0.77,3.7,0.78,30.0,0.24,160.62,0.23,25.0,0.25,13.0,0.26,18.0,0.01,0.01,2338.174614,1776215234000
1776215236.018,136.018,0.76,48.86,0.75,83.0,0.77,3.7,0.78,30.0,0.23,3.7,0.22,30.0,0.24,48.86,0.25,83.0,0.01,0.01,2338.241073,1776215235000
1776215237.079,137.079,0.76,48.86,0.75,83.0,0.77,3.7,0.78,30.0,0.23,3.7,0.22,30.0,0.24,48.86,0.25,83.0,0.01,0.01,2338.513929,1776215236000
1776215237.855,137.855,0.79,22.86,0.78,27.0,0.8,51.92,0.81,51.0,0.23,24.94,0.22,49.0,0.24,255.86,0.25,83.0,0.01,0.01,2338.513929,1776215236000
1776215238.07,138.07,0.79,22.86,0.78,27.0,0.8,51.92,0.81,51.0,0.2,51.92,0.19,51.0,0.21,22.86,0.22,27.0,0.01,0.01,2338.519858,1776215237000
1776215238.305,138.305,0.79,58.86,0.78,227.0,0.8,6.56,0.81,56.0,0.2,51.92,0.19,51.0,0.21,22.86,0.22,27.0,0.01,0.01,2338.519858,1776215237000
1776215238.978,138.978,0.81,87.86,0.8,37.0,0.82,11.61,0.83,49.0,0.2,6.56,0.19,56.0,0.21,58.86,0.22,227.0,0.01,0.01,2338.519858,1776215237000
1776215239.799,139.799,0.85,39.0,0.84,17.0,0.89,19.62,0.9,70.0,0.17,34.62,0.16,40.0,0.18,27.0,0.19,87.86,0.04,0.01,2338.559067,1776215238000
1776215240.086,140.086,0.86,17.0,0.85,95.0,0.87,16.64,0.88,5.0,0.11,19.62,0.1,70.0,0.15,39.0,0.16,17.0,0.01,0.04,2338.559067,1776215238000
1776215241.181,141.181,0.87,22.0,0.86,28.0,0.88,19.0,0.91,44.0,0.13,16.64,0.12,5.0,0.14,17.0,0.15,95.0,0.01,0.01,2338.692245,1776215239000
1776215241.68,141.68,0.87,27.0,0.86,38.0,0.92,63.9,0.93,276.3,0.12,19.0,0.09,44.0,0.13,22.0,0.14,28.0,0.05,0.01,2338.846124,1776215240000
1776215242.142,142.142,0.87,27.0,0.86,38.0,0.92,63.9,0.93,276.3,0.08,63.9,0.07,276.3,0.13,27.0,0.14,38.0,0.05,0.05,2339.402921,1776215241000
1776215242.484,142.484,0.88,17.25,0.87,28.0,0.9,32.0,0.91,10.0,0.08,63.9,0.07,276.3,0.13,27.0,0.14,38.0,0.02,0.05,2339.402921,1776215241000
1776215243.193,143.193,0.88,17.25,0.87,28.0,0.9,32.0,0.91,10.0,0.1,32.0,0.09,10.0,0.12,17.25,0.13,28.0,0.02,0.02,2339.621461,1776215242000
1776215243.832,143.832,0.88,23.25,0.87,213.0,0.89,31.0,0.92,58.9,0.1,32.0,0.09,10.0,0.12,17.25,0.13,28.0,0.01,0.02,2339.621461,1776215242000
1776215244.274,144.274,0.88,43.25,0.87,208.0,0.9,30.29,0.91,42.0,0.1,30.29,0.09,42.0,0.12,43.25,0.13,208.0,0.02,0.02,2339.669122,1776215243000
1776215245.329,145.329,0.91,27.0,0.9,45.0,0.92,63.57,0.93,313.3,0.1,30.29,0.09,42.0,0.12,43.25,0.13,208.0,0.01,0.02,2339.669122,1776215243000
1776215245.95,145.95,0.91,27.0,0.9,45.0,0.92,63.57,0.93,313.3,0.08,63.57,0.07,313.3,0.09,27.0,0.1,45.0,0.01,0.01,2339.810561,1776215245000
1776215246.986,146.986,0.91,27.0,0.9,45.0,0.92,63.57,0.93,313.3,0.08,63.57,0.07,313.3,0.09,27.0,0.1,45.0,0.01,0.01,2339.942419,1776215246000
1776215247.331,147.331,0.91,205.0,0.9,202.02,0.92,6.0,0.93,5.0,0.08,63.57,0.07,313.3,0.09,27.0,0.1,45.0,0.01,0.01,2339.942419,1776215246000
1776215248.043,148.043,0.92,10.0,0.91,195.0,0.94,75.72,0.95,191.54,0.06,75.72,0.05,191.54,0.08,10.0,0.09,195.0,0.02,0.02,2340.011842,1776215247000
1776215249.005,149.005,0.92,10.0,0.91,195.0,0.94,75.72,0.95,191.54,0.06,75.72,0.05,191.54,0.08,10.0,0.09,195.0,0.02,0.02,2340.0801,1776215248000
1776215249.352,149.352,0.9,23.55,0.89,201.0,0.92,236.28,0.93,79.72,0.08,236.28,0.07,118.72,0.1,40.0,0.11,258.99,0.02,0.02,2340.0801,1776215248000
1776215249.709,149.709,0.89,209.88,0.88,99.02,0.92,223.28,0.93,133.72,0.08,236.28,0.07,133.72,0.1,11.98,0.11,201.0,0.03,0.02,2340.0801,1776215248000
1776215249.972,149.972,0.89,196.8,0.88,104.02,0.91,10.0,0.92,228.28,0.09,10.0,0.08,228.28,0.11,196.8,0.12,104.02,0.02,0.02,2340.16577,1776215249000
1776215250.651,150.651,0.88,5.0,0.87,260.0,0.9,73.0,0.91,10.0,0.09,10.0,0.08,228.28,0.11,196.8,0.12,104.02,0.02,0.02,2340.16577,1776215249000
1776215251.051,151.051,0.87,276.83,0.86,153.88,0.89,0.41,0.9,15.0,0.11,0.41,0.1,15.0,0.13,276.83,0.14,153.88,0.02,0.02,2340.01759,1776215250000
1776215251.409,151.409,0.88,10.0,0.87,280.83,0.89,18.87,0.9,195.0,0.11,8.87,0.1,311.77,0.12,6.0,0.13,286.83,0.01,0.01,2340.01759,1776215250000
1776215251.997,151.997,0.88,15.0,0.87,279.83,0.89,4.77,0.9,204.0,0.11,4.77,0.1,204.0,0.12,15.0,0.13,279.83,0.01,0.01,2339.831874,1776215251000
1776215252.721,152.721,0.88,15.0,0.87,84.83,0.91,285.22,0.92,133.9,0.11,4.77,0.1,204.0,0.12,15.0,0.13,279.83,0.03,0.01,2339.831874,1776215251000
1776215253.008,153.008,0.88,15.0,0.87,84.83,0.91,285.22,0.92,133.9,0.09,285.22,0.08,133.9,0.12,15.0,0.13,84.83,0.03,0.03,2339.628896,1776215252000
1776215253.559,153.559,0.88,50.0,0.87,269.83,0.9,223.6,0.91,106.22,0.09,285.22,0.08,133.9,0.12,15.0,0.13,84.83,0.02,0.03,2339.628896,1776215252000
1776215254.03,154.03,0.88,50.0,0.87,269.83,0.9,223.6,0.91,106.22,0.1,223.6,0.09,106.22,0.12,50.0,0.13,269.83,0.02,0.02,2339.710065,1776215253000
1776215254.552,154.552,0.89,1.0,0.88,10.0,0.9,235.0,0.91,197.22,0.1,223.6,0.09,106.22,0.12,50.0,0.13,269.83,0.01,0.02,2339.710065,1776215253000
1776215254.973,154.973,0.88,10.0,0.87,85.83,0.9,235.0,0.91,197.22,0.1,235.0,0.09,197.22,0.12,10.0,0.13,85.83,0.02,0.02,2339.622355,1776215254000
1776215256.084,156.084,0.88,10.0,0.87,85.83,0.9,235.0,0.91,197.22,0.1,235.0,0.09,197.22,0.12,10.0,0.13,85.83,0.02,0.02,2339.653936,1776215255000
1776215256.413,156.413,0.9,46.0,0.89,25.0,0.91,19.12,0.92,83.9,0.09,19.12,0.08,83.9,0.1,50.0,0.11,20.0,0.01,0.01,2339.653936,1776215255000
1776215257.064,157.064,0.91,25.0,0.9,42.0,0.92,19.77,0.93,82.3,0.09,19.12,0.08,83.9,0.1,46.0,0.11,25.0,0.01,0.01,2339.653936,1776215255000
1776215257.727,157.727,0.91,25.0,0.9,42.0,0.92,19.77,0.93,82.3,0.08,19.77,0.07,82.3,0.09,25.0,0.1,42.0,0.01,0.01,2339.643637,1776215256000
1776215258.019,158.019,0.9,10.0,0.89,15.0,0.91,23.29,0.92,103.52,0.08,19.77,0.07,82.3,0.09,25.0,0.1,42.0,0.01,0.01,2339.643637,1776215256000
1776215258.27,158.27,0.9,10.0,0.89,15.0,0.91,23.29,0.92,103.52,0.09,23.29,0.08,103.52,0.1,10.0,0.11,15.0,0.01,0.01,2339.673681,1776215257000
1776215258.751,158.751,0.91,36.0,0.9,277.99,0.93,3.0,0.94,287.72,0.09,23.29,0.08,103.52,0.1,10.0,0.11,15.0,0.02,0.01,2339.673681,1776215257000
1776215259.26,159.26,0.91,36.0,0.9,277.99,0.93,3.0,0.94,287.72,0.07,3.0,0.06,287.72,0.09,36.0,0.1,277.99,0.02,0.02,2339.726396,1776215258000
1776215259.999,159.999,0.93,15.0,0.92,336.99,0.95,117.54,0.96,459.08,0.07,3.0,0.06,287.72,0.09,36.0,0.1,277.99,0.02,0.02,2339.726396,1776215258000
1776215260.204,160.204,0.93,15.0,0.92,336.99,0.95,117.54,0.96,459.08,0.05,117.54,0.04,459.08,0.07,15.0,0.08,336.99,0.02,0.02,2339.842305,1776215259000
1776215261.214,161.214,0.94,10.0,0.93,35.0,0.95,164.68,0.96,469.08,0.05,117.54,0.04,459.08,0.07,15.0,0.08,336.99,0.01,0.02,2339.842305,1776215259000
1776215261.579,161.579,0.94,10.0,0.93,40.0,0.95,159.74,0.96,469.08,0.05,164.68,0.04,469.08,0.06,10.0,0.07,35.0,0.01,0.01,2339.8999,1776215260000
1776215262.367,162.367,0.94,10.0,0.93,40.0,0.95,159.74,0.96,469.08,0.05,159.74,0.04,469.08,0.06,10.0,0.07,40.0,0.01,0.01,2340.221774,1776215261000
1776215262.907,162.907,0.94,10.0,0.93,40.0,0.95,159.74,0.96,469.08,0.05,159.74,0.04,469.08,0.06,10.0,0.07,40.0,0.01,0.01,2340.188172,1776215262000
1776215263.725,163.725,0.92,5.0,0.91,230.54,0.94,286.8,0.95,205.61,0.05,130.61,0.04,475.08,0.06,20.0,0.07,40.0,0.02,0.01,2340.188172,1776215262000
1776215263.993,163.993,0.91,113.98,0.9,88.99,0.93,10.0,0.94,281.8,0.07,10.0,0.06,281.8,0.09,113.98,0.1,88.99,0.02,0.02,2340.156801,1776215263000
1776215264.946,164.946,0.91,113.98,0.9,88.99,0.93,10.0,0.94,281.8,0.07,10.0,0.06,281.8,0.09,113.98,0.1,88.99,0.02,0.02,2340.182121,1776215264000
1776215265.327,165.327,0.9,15.94,0.89,201.0,0.91,5.0,0.92,15.0,0.07,10.0,0.06,281.8,0.09,113.98,0.1,88.99,0.01,0.02,2340.182121,1776215264000
1776215265.558,165.558,0.92,20.0,0.91,36.0,0.93,43.62,0.94,68.8,0.09,5.0,0.08,15.0,0.1,15.94,0.11,201.0,0.01,0.01,2340.182121,1776215264000
1776215265.985,165.985,0.92,75.0,0.91,235.97,0.93,55.04,0.94,68.8,0.07,43.62,0.06,68.8,0.08,20.0,0.09,36.0,0.01,0.01,2340.182121,1776215264000
1776215266.976,166.976,0.92,75.0,0.91,235.97,0.93,55.04,0.94,68.8,0.07,55.04,0.06,68.8,0.08,75.0,0.09,235.97,0.01,0.01,2339.895565,1776215266000
1776215267.523,167.523,0.94,15.0,0.93,238.0,0.95,28.61,0.96,364.08,0.07,55.04,0.06,68.8,0.08,75.0,0.09,235.97,0.01,0.01,2339.895565,1776215266000
1776215268.004,168.004,0.94,15.0,0.93,238.0,0.95,28.61,0.96,364.08,0.05,28.61,0.04,364.08,0.06,15.0,0.07,238.0,0.01,0.01,2340.089827,1776215267000
1776215268.384,168.384,0.94,42.0,0.93,354.97,0.95,28.81,0.96,359.08,0.05,59.81,0.04,354.08,0.06,53.02,0.07,312.0,0.01,0.01,2340.089827,1776215267000
1776215268.999,168.999,0.94,42.0,0.93,354.97,0.95,28.81,0.96,359.08,0.05,28.81,0.04,359.08,0.06,42.0,0.07,354.97,0.01,0.01,2340.197671,1776215268000
1776215270.027,170.027,0.94,42.0,0.93,354.97,0.95,28.81,0.96,359.08,0.05,28.81,0.04,359.08,0.06,42.0,0.07,354.97,0.01,0.01,2340.443876,1776215269000
1776215271.808,171.808,0.94,111.99,0.93,357.27,0.96,263.48,0.97,640.5,0.05,28.81,0.04,359.08,0.06,42.0,0.07,354.97,0.02,0.01,2340.443876,1776215269000
1776215272.103,172.103,0.94,118.99,0.93,357.27,0.95,1.84,0.96,288.73,0.05,3.94,0.04,263.48,0.06,111.99,0.07,357.27,0.01,0.01,2340.629963,1776215270000
1776215272.728,172.728,0.94,118.99,0.93,357.27,0.95,1.84,0.96,288.73,0.05,1.84,0.04,288.73,0.06,118.99,0.07,357.27,0.01,0.01,2340.568088,1776215271000
1776215273.503,173.503,0.94,105.0,0.93,239.02,0.95,206.87,0.96,113.73,0.05,206.87,0.04,113.73,0.06,105.0,0.07,239.02,0.01,0.01,2340.612428,1776215272000
1776215273.92,173.92,0.94,64.0,0.93,175.0,0.95,282.67,0.96,218.53,0.05,206.87,0.04,113.73,0.06,105.0,0.07,239.02,0.01,0.01,2340.612428,1776215272000
1776215274.163,174.163,0.94,64.0,0.93,175.0,0.95,282.67,0.96,218.53,0.05,282.67,0.04,218.53,0.06,64.0,0.07,175.0,0.01,0.01,2340.64384,1776215273000
1776215274.542,174.542,0.93,42.0,0.92,174.02,0.94,13.61,0.95,377.67,0.05,282.67,0.04,218.53,0.06,64.0,0.07,175.0,0.01,0.01,2340.64384,1776215273000
1776215274.939,174.939,0.93,42.0,0.92,143.02,0.94,182.3,0.95,200.8,0.06,13.61,0.05,377.67,0.07,42.0,0.08,174.02,0.01,0.01,2340.64384,1776215273000
1776215275.535,175.535,0.93,57.0,0.92,384.99,0.95,80.53,0.96,545.53,0.06,182.3,0.05,200.8,0.07,42.0,0.08,143.02,0.02,0.01,2340.64384,1776215273000
1776215276.141,176.141,0.93,57.0,0.92,384.99,0.95,80.53,0.96,545.53,0.05,80.53,0.04,545.53,0.07,57.0,0.08,384.99,0.02,0.02,2340.224444,1776215275000
1776215276.379,176.379,0.94,57.0,0.93,104.99,0.95,190.95,0.96,300.28,0.05,200.95,0.04,300.28,0.06,62.0,0.07,104.99,0.01,0.01,2340.224444,1776215275000
1776215277.079,177.079,0.94,87.0,0.93,104.99,0.95,189.37,0.96,300.28,0.05,190.95,0.04,300.28,0.06,57.0,0.07,104.99,0.01,0.01,2340.224444,1776215275000
1776215277.372,177.372,0.94,87.0,0.93,104.99,0.95,189.37,0.96,300.28,0.05,189.37,0.04,300.28,0.06,87.0,0.07,104.99,0.01,0.01,2340.244271,1776215276000
1776215277.586,177.586,0.93,16.0,0.92,160.97,0.94,14.9,0.95,289.37,0.05,189.37,0.04,300.28,0.06,87.0,0.07,104.99,0.01,0.01,2340.244271,1776215276000
1776215278.049,178.049,0.93,13.87,0.92,207.99,0.94,19.9,0.95,370.17,0.06,14.9,0.05,289.37,0.07,16.0,0.08,160.97,0.01,0.01,2340.244271,1776215276000
1776215278.791,178.791,0.93,69.49,0.92,387.99,0.95,408.0,0.96,330.28,0.06,19.9,0.05,370.17,0.07,13.87,0.08,207.99,0.02,0.01,2340.351028,1776215277000
1776215279.429,179.429,0.93,69.49,0.92,387.99,0.95,408.0,0.96,330.28,0.05,408.0,0.04,330.28,0.07,69.49,0.08,387.99,0.02,0.02,2340.354919,1776215278000
1776215280.052,180.052,0.92,2.0,0.91,273.99,0.93,120.0,0.94,358.8,0.05,408.0,0.04,330.28,0.07,69.49,0.08,387.99,0.01,0.02,2340.354919,1776215278000
1776215280.335,180.335,0.92,43.15,0.91,297.99,0.93,124.62,0.94,363.8,0.07,120.0,0.06,358.8,0.08,2.0,0.09,273.99,0.01,0.01,2340.258071,1776215279000
1776215280.8,180.8,0.93,40.0,0.92,322.99,0.94,122.85,0.95,370.8,0.07,124.62,0.06,363.8,0.08,43.15,0.09,297.99,0.01,0.01,2340.258071,1776215279000
1776215281.229,181.229,0.93,35.0,0.92,322.99,0.94,120.37,0.95,375.8,0.06,122.85,0.05,370.8,0.07,40.0,0.08,322.99,0.01,0.01,2340.258071,1776215279000
1776215281.939,181.939,0.93,5.0,0.92,15.0,0.94,312.63,0.95,169.8,0.06,120.37,0.05,375.8,0.07,35.0,0.08,322.99,0.01,0.01,2340.202741,1776215280000
1776215282.577,182.577,0.93,5.0,0.92,15.0,0.94,312.63,0.95,169.8,0.06,312.63,0.05,169.8,0.07,5.0,0.08,15.0,0.01,0.01,2339.941583,1776215281000
1776215283.055,183.055,0.93,10.0,0.92,65.72,0.94,297.47,0.95,146.8,0.06,312.63,0.05,169.8,0.07,5.0,0.08,15.0,0.01,0.01,2339.941583,1776215281000
1776215284.398,184.398,0.93,10.0,0.92,65.72,0.94,228.67,0.95,146.8,0.06,297.47,0.05,146.8,0.07,10.0,0.08,65.72,0.01,0.01,2339.941583,1776215282000
1776215284.609,184.609,0.93,10.0,0.92,65.72,0.94,228.67,0.95,146.8,0.06,228.67,0.05,146.8,0.07,10.0,0.08,65.72,0.01,0.01,2339.886916,1776215283000
1776215285.098,185.098,0.93,10.0,0.92,65.72,0.94,230.67,0.95,146.8,0.06,228.67,0.05,146.8,0.07,10.0,0.08,65.72,0.01,0.01,2339.886916,1776215283000
1776215285.384,185.384,0.93,10.0,0.92,65.72,0.94,230.67,0.95,146.8,0.06,230.67,0.05,146.8,0.07,10.0,0.08,65.72,0.01,0.01,2339.860493,1776215284000
1776215285.734,185.734,0.92,49.47,0.91,245.99,0.94,223.83,0.95,146.8,0.06,230.67,0.05,146.8,0.07,10.0,0.08,65.72,0.02,0.01,2339.860493,1776215284000
1776215286.405,186.405,0.93,54.26,0.92,20.0,0.94,20.83,0.95,146.8,0.06,223.83,0.05,146.8,0.08,49.47,0.09,245.99,0.01,0.02,2339.860493,1776215284000
1776215287.125,187.125,0.93,64.26,0.92,68.02,0.94,15.0,0.95,311.8,0.06,15.0,0.05,311.8,0.07,64.26,0.08,68.02,0.01,0.01,2339.870297,1776215286000
1776215287.503,187.503,0.93,5.0,0.92,105.0,0.94,215.82,0.95,160.8,0.06,15.0,0.05,311.8,0.07,64.26,0.08,68.02,0.01,0.01,2339.870297,1776215286000
1776215287.867,187.867,0.93,5.0,0.92,105.0,0.94,269.06,0.95,160.8,0.06,211.44,0.05,160.8,0.07,5.0,0.08,105.0,0.01,0.01,2339.870297,1776215286000
1776215288.089,188.089,0.93,5.0,0.92,105.0,0.94,263.13,0.95,160.8,0.06,266.59,0.05,160.8,0.07,5.0,0.08,105.0,0.01,0.01,2339.870297,1776215286000
1776215288.832,188.832,0.93,5.0,0.92,120.0,0.94,209.33,0.95,143.8,0.06,263.13,0.05,160.8,0.07,5.0,0.08,105.0,0.01,0.01,2339.944114,1776215287000
1776215289.187,189.187,0.93,5.0,0.92,120.0,0.94,203.26,0.95,143.8,0.06,209.33,0.05,143.8,0.07,5.0,0.08,120.0,0.01,0.01,2339.944114,1776215287000
1776215289.896,189.896,0.93,5.0,0.92,120.0,0.94,202.19,0.95,143.8,0.06,202.19,0.05,143.8,0.07,5.0,0.08,120.0,0.01,0.01,2339.805713,1776215288000
1776215290.65,190.65,0.93,5.0,0.92,120.0,0.94,202.19,0.95,143.8,0.06,202.19,0.05,143.8,0.07,5.0,0.08,120.0,0.01,0.01,2339.805713,1776215289000
1776215291.428,191.428,0.93,5.0,0.92,173.99,0.94,269.81,0.95,130.8,0.06,269.81,0.05,130.8,0.07,5.0,0.08,173.99,0.01,0.01,2339.773605,1776215290000
1776215292.245,192.245,0.91,32.48,0.9,161.0,0.94,233.01,0.95,136.8,0.06,269.81,0.05,130.8,0.07,5.0,0.08,173.99,0.03,0.01,2339.773605,1776215290000
1776215293.562,193.562,0.91,22.48,0.9,161.0,0.94,233.01,0.95,136.8,0.06,233.01,0.05,136.8,0.09,22.48,0.1,161.0,0.03,0.03,2339.723537,1776215292000
1776215294.164,194.164,0.91,5.0,0.9,42.48,0.92,28.0,0.93,15.0,0.06,233.01,0.05,136.8,0.09,22.48,0.1,161.0,0.01,0.03,2339.723537,1776215292000
1776215294.947,194.947,0.87,103.69,0.86,5.86,0.92,86.0,0.93,10.0,0.08,41.0,0.07,15.0,0.12,15.0,0.13,216.0,0.05,0.04,2339.593634,1776215293000
1776215295.167,195.167,0.73,100.0,0.7,38.0,0.81,12.76,0.83,70.0,0.19,12.76,0.17,70.0,0.22,30.0,0.27,100.0,0.08,0.03,2339.593634,1776215293000
1776215295.643,195.643,0.73,80.0,0.7,38.0,0.78,5.0,0.81,12.76,0.22,5.0,0.19,12.76,0.27,80.0,0.3,38.0,0.05,0.05,2339.391198,1776215294000
1776215295.845,195.845,0.65,86.92,0.64,5.0,0.7,116.0,0.71,50.0,0.3,70.0,0.29,50.0,0.32,83.37,0.33,100.0,0.05,0.02,2339.391198,1776215294000
1776215296.082,196.082,0.65,66.92,0.64,5.0,0.66,156.48,0.67,15.0,0.31,5.0,0.3,200.0,0.35,66.92,0.36,5.0,0.01,0.04,2339.391198,1776215294000
1776215296.327,196.327,0.61,80.0,0.6,103.33,0.66,181.48,0.67,15.0,0.34,156.48,0.33,15.0,0.35,6.92,0.36,5.0,0.05,0.01,2339.391198,1776215294000
1776215296.607,196.607,0.6,88.33,0.59,20.9,0.66,75.07,0.67,10.0,0.39,16.0,0.38,37.0,0.4,88.33,0.41,14.9,0.06,0.01,2338.106749,1776215295000
1776215296.877,196.877,0.56,2.25,0.55,105.41,0.57,145.0,0.58,10.0,0.43,8.0,0.42,10.0,0.44,3.45,0.45,105.41,0.01,0.01,2338.106749,1776215295000
1776215297.188,197.188,0.54,15.89,0.51,63.0,0.55,47.27,0.56,45.0,0.45,34.27,0.44,15.0,0.46,20.89,0.47,5.0,0.01,0.01,2337.853919,1776215296000
1776215297.421,197.421,0.54,9.89,0.51,63.0,0.55,51.18,0.56,45.0,0.45,51.18,0.44,45.0,0.46,15.89,0.49,63.0,0.01,0.01,2337.853919,1776215296000
1776215297.675,197.675,0.5,168.33,0.49,15.19,0.55,46.18,0.56,45.0,0.45,46.18,0.44,45.0,0.46,8.78,0.49,63.0,0.05,0.01,2337.853919,1776215296000
1776215298.045,198.045,0.5,173.33,0.49,25.19,0.51,5.3,0.52,15.0,0.49,11.47,0.48,15.0,0.5,168.33,0.51,25.19,0.01,0.01,2337.853919,1776215296000
1776215298.422,198.422,0.5,10.0,0.49,1.84,0.51,4.02,0.52,4.0,0.48,4.0,0.47,10.0,0.49,10.0,0.5,10.0,0.01,0.01,2337.853919,1776215296000
1776215298.692,198.692,0.47,80.37,0.46,10.0,0.51,2.05,0.52,4.0,0.49,2.05,0.48,4.0,0.53,80.37,0.54,10.0,0.04,0.04,2337.336014,1776215297000
1776215299.21,199.21,0.47,76.74,0.46,10.0,0.49,10.0,0.5,10.0,0.51,10.0,0.5,10.0,0.52,2.84,0.53,80.37,0.02,0.01,2337.336014,1776215297000
1776215299.495,199.495,0.47,76.74,0.46,10.0,0.49,7.93,0.5,10.0,0.51,10.0,0.5,10.0,0.52,8.07,0.53,76.74,0.02,0.01,2336.993245,1776215298000
1776215299.957,199.957,0.47,54.84,0.46,10.0,0.48,5.0,0.49,7.93,0.51,7.93,0.5,10.0,0.53,44.84,0.54,10.0,0.01,0.02,2336.993245,1776215298000
1776215300.194,200.194,0.46,10.0,0.45,74.0,0.48,10.0,0.49,17.41,0.51,7.41,0.5,10.0,0.53,54.84,0.54,10.0,0.02,0.02,2336.8184,1776215299000
1776215300.619,200.619,0.46,20.0,0.45,74.0,0.47,12.61,0.48,10.0,0.52,10.0,0.51,17.41,0.54,10.0,0.55,74.0,0.01,0.02,2336.8184,1776215299000
1776215300.885,200.885,0.46,14.2,0.45,74.0,0.47,10.0,0.48,22.63,0.53,12.61,0.52,10.0,0.54,20.0,0.55,74.0,0.01,0.01,2336.8184,1776215299000
1776215301.275,201.275,0.46,10.0,0.45,74.0,0.48,22.63,0.49,13.41,0.53,18.7,0.52,22.63,0.54,15.0,0.55,74.0,0.02,0.01,2336.8184,1776215299000
1776215301.558,201.558,0.45,8.2,0.44,10.0,0.47,6.0,0.48,26.54,0.52,20.54,0.51,13.41,0.54,10.0,0.55,74.0,0.02,0.02,2336.750798,1776215300000
1776215301.788,201.788,0.42,10.0,0.41,10.0,0.46,16.0,0.47,31.0,0.53,6.0,0.52,26.54,0.55,8.2,0.56,10.0,0.04,0.02,2336.750798,1776215300000
1776215302.036,202.036,0.42,4.55,0.41,10.0,0.45,7.05,0.46,6.0,0.55,7.05,0.54,6.0,0.58,4.55,0.59,10.0,0.03,0.03,2336.63621,1776215301000
1776215302.266,202.266,0.42,28.72,0.41,84.19,0.44,1.72,0.45,7.05,0.57,6.44,0.56,10.0,0.58,13.72,0.59,15.0,0.02,0.01,2336.63621,1776215301000
1776215302.633,202.633,0.42,9.39,0.41,84.19,0.43,10.0,0.44,6.47,0.56,1.47,0.55,5.77,0.58,10.0,0.59,84.19,0.01,0.02,2336.63621,1776215301000
1776215302.863,202.863,0.41,17.16,0.4,10.0,0.42,211.11,0.43,10.0,0.58,211.11,0.57,10.0,0.59,22.16,0.6,10.0,0.01,0.01,2336.63621,1776215301000
1776215303.097,203.097,0.41,17.16,0.4,10.0,0.42,200.03,0.43,10.0,0.58,178.53,0.57,10.0,0.59,17.16,0.6,10.0,0.01,0.01,2336.63621,1776215301000
1776215303.303,203.303,0.41,239.16,0.4,81.79,0.42,126.43,0.47,6.0,0.58,132.93,0.53,6.0,0.59,239.16,0.6,81.79,0.01,0.01,2336.63621,1776215301000
1776215303.705,203.705,0.45,265.37,0.44,25.0,0.46,6.0,0.47,6.0,0.58,126.43,0.53,6.0,0.59,239.16,0.6,81.79,0.01,0.01,2336.616115,1776215302000
1776215303.921,203.921,0.54,10.0,0.53,10.0,0.57,17.84,0.58,10.0,0.45,4.9,0.44,10.0,0.46,10.0,0.47,10.0,0.03,0.01,2336.616115,1776215302000
1776215304.201,204.201,0.54,5.65,0.53,10.0,0.55,20.0,0.57,17.84,0.45,5.0,0.43,17.84,0.46,3.96,0.47,10.0,0.01,0.01,2336.616115,1776215302000
1776215304.441,204.441,0.5,10.0,0.49,10.0,0.51,7.67,0.52,10.0,0.45,10.0,0.43,17.84,0.46,5.65,0.47,10.0,0.01,0.01,2336.60024,1776215303000
1776215304.767,204.767,0.5,8.9,0.49,10.0,0.51,7.27,0.52,4.32,0.48,4.32,0.47,10.0,0.5,8.9,0.51,10.0,0.01,0.02,2336.60024,1776215303000
1776215305.566,205.566,0.5,8.9,0.49,10.0,0.51,7.27,0.52,4.32,0.49,7.27,0.48,4.32,0.5,8.9,0.51,10.0,0.01,0.01,2336.645456,1776215304000
1776215305.813,205.813,0.48,10.0,0.47,10.0,0.49,5.0,0.5,10.0,0.53,0.73,0.52,19.61,0.55,37.81,0.56,20.0,0.01,0.02,2336.645456,1776215304000
1776215306.112,206.112,0.49,5.6,0.48,80.0,0.51,5.0,0.53,5.0,0.51,5.0,0.5,10.0,0.52,10.0,0.53,10.0,0.02,0.01,2336.645456,1776215304000
1776215306.534,206.534,0.49,5.6,0.48,80.0,0.51,5.0,0.53,5.0,0.49,5.0,0.47,5.0,0.51,5.6,0.52,80.0,0.02,0.02,2336.645456,1776215304000
1776215307.019,207.019,0.5,30.0,0.49,30.6,0.51,4.33,0.61,50.0,0.49,5.0,0.47,5.0,0.51,5.6,0.52,80.0,0.01,0.02,2336.853938,1776215305000
1776215307.794,207.794,0.58,3.06,0.57,10.0,0.6,10.0,0.61,10.0,0.42,5.0,0.36,10.0,0.49,45.67,0.5,30.0,0.02,0.07,2336.761343,1776215306000
1776215308.109,208.109,0.58,3.06,0.57,10.0,0.61,2.36,0.62,10.0,0.4,10.0,0.39,10.0,0.42,3.06,0.43,10.0,0.03,0.02,2336.761343,1776215306000
1776215309.052,209.052,0.58,3.06,0.57,10.0,0.61,2.36,0.62,10.0,0.39,2.36,0.38,10.0,0.42,3.06,0.43,10.0,0.03,0.03,2336.90824,1776215308000
1776215310.01,210.01,0.67,15.0,0.66,10.0,0.71,70.0,0.72,10.0,0.31,32.2,0.3,15.0,0.34,10.0,0.35,10.0,0.04,0.03,2336.90824,1776215308000
1776215310.375,210.375,0.67,15.0,0.66,10.0,0.71,59.63,0.72,10.0,0.29,59.63,0.28,10.0,0.33,15.0,0.34,10.0,0.04,0.04,2337.084075,1776215309000
1776215310.9,210.9,0.69,10.0,0.68,10.0,0.71,64.63,0.72,10.0,0.29,59.63,0.28,10.0,0.33,15.0,0.34,10.0,0.02,0.04,2337.084075,1776215309000
1776215311.551,211.551,0.69,10.0,0.68,10.0,0.71,64.63,0.72,10.0,0.29,64.63,0.28,10.0,0.31,10.0,0.32,10.0,0.02,0.02,2337.289552,1776215310000
1776215312.104,212.104,0.69,10.0,0.68,10.0,0.71,64.63,0.72,10.0,0.29,64.63,0.28,10.0,0.31,10.0,0.32,10.0,0.02,0.02,2337.480834,1776215311000
1776215312.793,212.793,0.68,13.9,0.67,10.0,0.7,90.0,0.71,91.63,0.29,64.63,0.28,10.0,0.31,10.0,0.32,10.0,0.02,0.02,2337.480834,1776215311000
1776215313.474,213.474,0.68,13.9,0.67,10.0,0.7,90.0,0.71,91.63,0.3,90.0,0.29,91.63,0.32,13.9,0.33,10.0,0.02,0.02,2337.541016,1776215312000
1776215314.083,214.083,0.68,13.9,0.67,10.0,0.7,90.0,0.71,91.63,0.3,90.0,0.29,91.63,0.32,13.9,0.33,10.0,0.02,0.02,2337.616839,1776215313000
1776215315.004,215.004,0.68,13.9,0.67,23.0,0.7,15.0,0.71,74.63,0.3,90.0,0.29,91.63,0.32,13.9,0.33,10.0,0.02,0.02,2337.616839,1776215313000
1776215315.431,215.431,0.68,13.9,0.67,23.0,0.7,15.0,0.71,74.63,0.3,15.0,0.29,74.63,0.32,13.9,0.33,23.0,0.02,0.02,2337.57252,1776215314000
1776215315.942,215.942,0.68,13.9,0.67,23.0,0.7,15.0,0.71,74.63,0.3,15.0,0.29,74.63,0.32,13.9,0.33,23.0,0.02,0.02,2337.650579,1776215315000
1776215316.437,216.437,0.69,24.77,0.68,21.9,0.7,8.0,0.73,10.0,0.3,15.0,0.29,59.63,0.31,19.77,0.32,21.9,0.01,0.01,2337.650579,1776215315000
1776215316.726,216.726,0.69,24.77,0.68,21.9,0.74,16.0,0.75,34.2,0.3,8.0,0.27,10.0,0.31,24.77,0.32,21.9,0.05,0.01,2337.650579,1776215315000
1776215317.018,217.018,0.73,28.0,0.72,23.0,0.76,26.56,0.77,100.3,0.26,12.67,0.25,34.2,0.31,19.77,0.32,21.9,0.03,0.05,2337.650579,1776215315000
1776215318.484,218.484,0.73,8.18,0.72,23.0,0.74,15.0,0.75,15.0,0.24,26.56,0.23,100.3,0.27,28.0,0.28,23.0,0.01,0.03,2337.571224,1776215316000
1776215318.754,218.754,0.73,8.18,0.72,23.0,0.74,15.0,0.75,15.0,0.26,15.0,0.25,15.0,0.27,8.18,0.28,23.0,0.01,0.01,2337.586855,1776215317000
1776215319.172,219.172,0.73,18.18,0.72,33.0,0.74,8.64,0.75,15.0,0.26,15.0,0.25,15.0,0.27,8.18,0.28,23.0,0.01,0.01,2337.586855,1776215317000
1776215319.475,219.475,0.73,18.18,0.72,33.0,0.74,1.36,0.75,15.0,0.26,8.64,0.25,15.0,0.27,13.18,0.28,33.0,0.01,0.01,2337.666375,1776215318000
1776215319.692,219.692,0.73,13.18,0.72,33.0,0.75,15.0,0.76,10.0,0.26,1.36,0.25,15.0,0.27,18.18,0.28,33.0,0.02,0.01,2337.666375,1776215318000
1776215320.684,220.684,0.73,13.18,0.72,33.0,0.75,15.0,0.76,10.0,0.25,15.0,0.24,10.0,0.27,13.18,0.28,33.0,0.02,0.02,2337.734708,1776215319000
1776215321.416,221.416,0.66,5.29,0.65,32.48,0.68,10.0,0.69,10.0,0.32,10.0,0.31,10.0,0.34,5.29,0.35,32.48,0.02,0.02,2337.846695,1776215320000
1776215321.768,221.768,0.66,5.29,0.65,10.0,0.67,3.84,0.68,10.0,0.32,10.0,0.31,10.0,0.34,5.29,0.35,32.48,0.01,0.02,2337.846695,1776215320000
1776215322.119,222.119,0.66,10.29,0.65,65.0,0.69,6.48,0.7,10.0,0.31,6.48,0.3,10.0,0.34,10.29,0.35,65.0,0.03,0.03,2337.86181,1776215321000
1776215323.042,223.042,0.7,30.0,0.69,10.0,0.72,70.0,0.76,84.7,0.31,6.48,0.3,10.0,0.34,10.29,0.35,65.0,0.02,0.03,2337.86181,1776215321000
1776215324.048,224.048,0.72,7.0,0.71,22.0,0.76,84.7,0.77,40.0,0.24,84.7,0.23,40.0,0.28,7.0,0.29,22.0,0.04,0.04,2337.6117,1776215322000
1776215324.592,224.592,0.72,7.0,0.71,22.0,0.76,84.7,0.77,40.0,0.24,84.7,0.23,40.0,0.28,7.0,0.29,22.0,0.04,0.04,2337.661958,1776215323000
1776215325.093,225.093,0.63,3.93,0.62,10.0,0.64,45.0,0.65,15.0,0.24,84.7,0.23,40.0,0.28,7.0,0.29,22.0,0.01,0.04,2337.661958,1776215323000
1776215325.568,225.568,0.63,9.9,0.62,10.0,0.64,25.62,0.65,5.0,0.36,33.43,0.35,15.0,0.37,9.9,0.38,10.0,0.01,0.01,2337.675093,1776215324000
1776215326.237,226.237,0.63,9.9,0.62,10.0,0.64,25.62,0.65,5.0,0.36,25.62,0.35,5.0,0.37,9.9,0.38,10.0,0.01,0.01,2337.749018,1776215325000
1776215327.334,227.334,0.63,9.9,0.62,10.0,0.64,25.62,0.65,5.0,0.36,25.62,0.35,5.0,0.37,9.9,0.38,10.0,0.01,0.01,2337.527094,1776215326000
1776215327.596,227.596,0.63,24.9,0.62,10.0,0.64,15.62,0.65,5.0,0.36,25.62,0.35,5.0,0.37,9.9,0.38,10.0,0.01,0.01,2337.527094,1776215326000
1776215327.946,227.946,0.63,14.9,0.62,10.0,0.66,2.62,0.67,10.0,0.34,2.62,0.33,10.0,0.37,14.9,0.38,10.0,0.03,0.03,2337.475564,1776215327000
1776215328.715,228.715,0.64,11.38,0.63,14.9,0.65,20.0,0.66,15.0,0.34,2.62,0.33,10.0,0.37,14.9,0.38,10.0,0.01,0.03,2337.475564,1776215327000
1776215329.004,229.004,0.64,11.38,0.63,14.9,0.65,20.0,0.66,15.0,0.35,20.0,0.34,15.0,0.36,11.38,0.37,14.9,0.01,0.01,2337.46413,1776215328000
1776215329.688,229.688,0.65,10.34,0.64,6.38,0.66,10.0,0.67,5.0,0.35,5.66,0.34,10.0,0.36,6.38,0.37,14.9,0.01,0.01,2337.46413,1776215328000
1776215330.165,230.165,0.65,10.34,0.64,6.38,0.66,10.0,0.67,5.0,0.34,10.0,0.33,5.0,0.35,10.34,0.36,6.38,0.01,0.01,2337.444746,1776215329000
1776215330.596,230.596,0.65,38.34,0.64,11.38,0.66,4.0,0.67,5.0,0.34,10.0,0.33,5.0,0.35,10.34,0.36,6.38,0.01,0.01,2337.444746,1776215329000
1776215331.218,231.218,0.68,22.0,0.67,22.0,0.69,18.55,0.7,31.67,0.31,10.0,0.3,26.67,0.35,33.34,0.36,11.38,0.01,0.04,2337.444746,1776215329000
1776215332.476,232.476,0.68,22.0,0.67,22.0,0.69,18.55,0.7,31.67,0.31,18.55,0.3,31.67,0.32,22.0,0.33,22.0,0.01,0.01,2337.483437,1776215331000
1776215333.084,233.084,0.68,22.0,0.67,22.0,0.69,18.55,0.7,31.67,0.31,18.55,0.3,31.67,0.32,22.0,0.33,22.0,0.01,0.01,2337.497587,1776215332000
1776215333.515,233.515,0.68,40.51,0.67,43.51,0.69,13.54,0.7,31.67,0.31,15.65,0.3,31.67,0.32,45.51,0.33,43.51,0.01,0.01,2337.497587,1776215332000
1776215334.283,234.283,0.68,40.51,0.67,43.51,0.69,11.81,0.7,31.67,0.31,11.81,0.3,31.67,0.32,40.51,0.33,43.51,0.01,0.01,2337.535458,1776215333000
1776215334.505,234.505,0.67,1.51,0.66,15.0,0.68,36.0,0.69,15.0,0.31,11.81,0.3,31.67,0.32,40.51,0.33,43.51,0.01,0.01,2337.535458,1776215333000
1776215335.519,235.519,0.67,1.51,0.66,15.0,0.68,36.0,0.69,15.0,0.32,36.0,0.31,15.0,0.33,1.51,0.34,15.0,0.01,0.01,2337.558704,1776215334000
1776215336.094,236.094,0.67,1.51,0.66,15.0,0.68,36.0,0.69,15.0,0.32,36.0,0.31,15.0,0.33,1.51,0.34,15.0,0.01,0.01,2337.533934,1776215335000
1776215337.13,237.13,0.59,5.0,0.58,80.0,0.64,35.0,0.65,15.0,0.32,36.0,0.31,15.0,0.33,1.51,0.34,15.0,0.05,0.01,2337.533934,1776215335000
1776215337.497,237.497,0.59,25.0,0.58,90.0,0.6,32.0,0.61,20.0,0.38,23.15,0.37,10.0,0.41,1.31,0.42,80.0,0.01,0.03,2337.514177,1776215336000
1776215338.586,238.586,0.59,20.0,0.57,10.0,0.6,5.06,0.61,35.0,0.4,32.0,0.39,20.0,0.41,25.0,0.42,90.0,0.01,0.01,2337.514177,1776215336000
1776215338.925,238.925,0.51,194.67,0.5,100.0,0.55,25.0,0.56,20.0,0.4,20.06,0.39,35.0,0.41,8.89,0.43,10.0,0.04,0.01,2337.45815,1776215337000
1776215339.274,239.274,0.51,160.29,0.5,100.0,0.55,22.27,0.56,20.0,0.45,22.27,0.44,20.0,0.49,160.29,0.5,100.0,0.04,0.04,2337.263314,1776215338000
1776215339.816,239.816,0.55,45.0,0.54,28.0,0.57,5.0,0.58,20.0,0.45,22.27,0.44,20.0,0.49,160.29,0.5,100.0,0.02,0.04,2337.263314,1776215338000
1776215340.114,240.114,0.56,35.0,0.55,50.0,0.58,25.0,0.59,15.0,0.43,5.0,0.42,20.0,0.45,45.0,0.46,28.0,0.02,0.02,2337.263314,1776215338000
1776215340.491,240.491,0.56,35.0,0.55,50.0,0.58,25.0,0.59,15.0,0.42,25.0,0.41,15.0,0.44,35.0,0.45,50.0,0.02,0.02,2337.208946,1776215339000
1776215340.953,240.953,0.57,23.0,0.56,45.0,0.58,8.09,0.59,10.0,0.42,19.82,0.41,15.0,0.43,23.0,0.44,40.0,0.01,0.01,2337.208946,1776215339000
1776215341.284,241.284,0.57,28.0,0.56,45.0,0.59,10.0,0.6,0.06,0.42,8.09,0.41,10.0,0.43,23.0,0.44,45.0,0.02,0.01,2337.113949,1776215340000
1776215341.763,241.763,0.57,28.0,0.56,45.0,0.59,15.0,0.6,0.06,0.41,10.0,0.4,0.06,0.43,28.0,0.44,45.0,0.02,0.02,2337.113949,1776215340000
1776215342.229,242.229,0.57,28.0,0.56,45.0,0.59,15.0,0.6,0.06,0.41,15.0,0.4,0.06,0.43,28.0,0.44,45.0,0.02,0.02,2337.038477,1776215341000
1776215342.429,242.429,0.55,19.76,0.54,10.0,0.58,10.0,0.59,15.0,0.42,10.0,0.41,15.0,0.45,25.0,0.46,10.0,0.03,0.03,2337.038477,1776215341000
1776215343.004,243.004,0.58,23.0,0.57,15.0,0.59,16.8,0.6,0.06,0.42,10.0,0.41,15.0,0.45,19.76,0.46,10.0,0.01,0.03,2337.038477,1776215341000
1776215343.275,243.275,0.58,23.0,0.57,15.0,0.59,16.8,0.6,0.06,0.41,16.8,0.4,0.06,0.42,23.0,0.43,15.0,0.01,0.01,2337.042962,1776215342000
1776215343.641,243.641,0.57,2.06,0.56,15.0,0.58,5.0,0.59,11.8,0.41,16.8,0.4,0.06,0.42,6.0,0.43,15.0,0.01,0.01,2337.042962,1776215342000
1776215343.972,243.972,0.55,1.76,0.52,15.0,0.56,56.28,0.57,15.0,0.42,5.0,0.41,11.8,0.43,2.06,0.44,15.0,0.01,0.01,2337.042962,1776215342000
1776215344.357,244.357,0.52,5.62,0.51,112.29,0.56,56.28,0.57,15.0,0.44,56.28,0.43,15.0,0.48,5.62,0.49,112.29,0.04,0.04,2337.013312,1776215343000
1776215344.909,244.909,0.52,5.62,0.51,112.29,0.56,56.28,0.57,15.0,0.44,56.28,0.43,15.0,0.48,5.62,0.49,112.29,0.04,0.04,2337.006817,1776215344000
1776215345.988,245.988,0.52,5.62,0.51,112.29,0.56,56.28,0.57,15.0,0.44,56.28,0.43,15.0,0.48,5.62,0.49,112.29,0.04,0.04,2336.980936,1776215345000
1776215347.109,247.109,0.53,15.0,0.52,20.62,0.54,14.44,0.55,10.0,0.46,14.44,0.45,10.0,0.47,15.0,0.48,20.62,0.01,0.01,2336.959302,1776215346000
1776215348.186,248.186,0.53,15.0,0.52,20.62,0.54,14.44,0.55,10.0,0.46,14.44,0.45,10.0,0.47,15.0,0.48,20.62,0.01,0.01,2336.957711,1776215347000
1776215349.297,249.297,0.53,15.0,0.52,20.62,0.54,14.44,0.55,10.0,0.46,14.44,0.45,10.0,0.47,15.0,0.48,20.62,0.01,0.01,2336.958165,1776215348000
1776215349.741,249.741,0.46,74.0,0.45,90.0,0.47,5.0,0.48,5.0,0.48,81.0,0.47,20.0,0.54,85.0,0.55,80.0,0.01,0.06,2336.958165,1776215348000
1776215350.286,250.286,0.47,10.0,0.46,74.0,0.5,8.18,0.51,65.0,0.52,5.0,0.5,15.0,0.54,74.0,0.55,90.0,0.03,0.02,2336.958165,1776215348000
1776215350.683,250.683,0.48,15.0,0.47,15.0,0.51,13.01,0.52,60.0,0.5,8.18,0.49,65.0,0.53,10.0,0.54,74.0,0.03,0.03,2336.927573,1776215349000
1776215350.976,250.976,0.48,15.0,0.47,15.0,0.51,13.01,0.52,60.0,0.49,13.01,0.48,60.0,0.52,15.0,0.53,15.0,0.03,0.03,2336.902669,1776215350000
1776215351.973,251.973,0.48,15.0,0.47,15.0,0.51,13.01,0.52,60.0,0.49,13.01,0.48,60.0,0.52,15.0,0.53,15.0,0.03,0.03,2336.853546,1776215351000
1776215352.778,252.778,0.37,14.7,0.36,70.0,0.38,15.0,0.39,15.0,0.49,13.01,0.48,60.0,0.52,15.0,0.53,15.0,0.01,0.03,2336.853546,1776215351000
1776215353.081,253.081,0.36,75.0,0.34,10.0,0.38,15.0,0.39,15.0,0.62,15.0,0.61,15.0,0.64,75.0,0.66,10.0,0.02,0.02,2336.753376,1776215352000
1776215353.927,253.927,0.32,70.0,0.31,50.0,0.37,20.0,0.38,15.0,0.63,25.0,0.62,15.0,0.64,74.63,0.65,5.0,0.05,0.01,2336.753376,1776215352000
1776215354.267,254.267,0.32,75.0,0.31,120.0,0.33,3.0,0.34,10.0,0.63,20.0,0.62,15.0,0.68,70.0,0.69,50.0,0.01,0.05,2336.723267,1776215353000
1776215354.598,254.598,0.31,130.0,0.3,10.0,0.33,15.0,0.34,10.0,0.65,4.94,0.64,15.0,0.68,75.0,0.69,120.0,0.02,0.03,2336.723267,1776215353000
1776215354.885,254.885,0.32,5.0,0.31,135.0,0.37,16.93,0.38,10.0,0.67,15.0,0.66,10.0,0.69,130.0,0.7,10.0,0.05,0.02,2336.723267,1776215353000
1776215355.096,255.096,0.32,5.0,0.31,135.0,0.37,16.93,0.38,10.0,0.63,16.93,0.62,10.0,0.68,5.0,0.69,135.0,0.05,0.05,2336.377453,1776215354000
1776215355.4,255.4,0.33,20.0,0.32,20.0,0.37,1.55,0.38,10.0,0.63,16.93,0.62,10.0,0.68,5.0,0.69,135.0,0.04,0.05,2336.377453,1776215354000
1776215356.005,256.005,0.35,10.0,0.34,26.57,0.36,19.15,0.37,80.0,0.6,42.27,0.59,75.0,0.66,26.57,0.67,20.0,0.01,0.06,2336.377453,1776215354000
1776215356.443,256.443,0.3,10.0,0.29,10.0,0.32,10.0,0.33,116.65,0.65,6.16,0.64,19.15,0.68,8.27,0.69,10.0,0.02,0.03,2336.285586,1776215355000
1776215356.884,256.884,0.31,3.06,0.3,10.0,0.32,38.0,0.33,116.65,0.68,27.0,0.67,116.65,0.71,10.91,0.72,10.0,0.01,0.03,2336.285586,1776215355000
1776215357.7,257.7,0.3,8.01,0.29,9.78,0.32,48.0,0.33,126.65,0.68,43.0,0.67,126.65,0.69,0.16,0.7,10.0,0.02,0.01,2336.267782,1776215356000
1776215358.004,258.004,0.3,8.01,0.29,9.78,0.32,48.0,0.33,126.65,0.68,48.0,0.67,126.65,0.7,8.01,0.71,9.78,0.02,0.02,2336.262416,1776215357000
1776215358.313,258.313,0.31,15.0,0.3,83.01,0.32,11.0,0.33,121.65,0.68,48.0,0.67,126.65,0.7,8.01,0.71,9.78,0.01,0.02,2336.262416,1776215357000
1776215358.944,258.944,0.32,10.0,0.31,20.0,0.33,105.65,0.34,10.0,0.67,105.65,0.66,10.0,0.68,10.0,0.69,20.0,0.01,0.01,2336.20185,1776215358000
1776215359.321,259.321,0.32,8.52,0.31,90.0,0.33,115.65,0.34,10.0,0.67,105.65,0.66,10.0,0.68,10.0,0.69,20.0,0.01,0.01,2336.20185,1776215358000
1776215359.562,259.562,0.31,84.66,0.3,78.01,0.32,90.09,0.33,50.0,0.67,115.65,0.66,10.0,0.69,90.0,0.7,78.01,0.01,0.02,2336.20185,1776215358000
1776215359.838,259.838,0.31,90.31,0.3,73.01,0.32,90.09,0.33,50.0,0.68,90.09,0.67,50.0,0.69,78.71,0.7,78.01,0.01,0.01,2336.20185,1776215358000
1776215360.141,260.141,0.31,86.28,0.3,73.01,0.32,121.16,0.33,25.0,0.68,90.09,0.67,50.0,0.69,86.28,0.7,73.01,0.01,0.01,2336.220275,1776215359000
1776215360.485,260.485,0.31,77.04,0.3,78.01,0.32,121.16,0.33,30.0,0.68,126.16,0.67,30.0,0.69,77.04,0.7,73.01,0.01,0.01,2336.220275,1776215359000
1776215360.764,260.764,0.31,80.46,0.3,78.01,0.32,100.16,0.33,30.0,0.68,111.16,0.67,30.0,0.69,80.46,0.7,78.01,0.01,0.01,2336.220275,1776215359000
1776215361.038,261.038,0.31,73.88,0.3,78.01,0.32,105.16,0.33,25.0,0.68,100.16,0.67,30.0,0.69,80.46,0.7,78.01,0.01,0.01,2336.247443,1776215360000
1776215361.405,261.405,0.31,68.9,0.3,78.01,0.32,105.16,0.33,31.3,0.68,105.16,0.67,41.3,0.69,70.35,0.7,78.01,0.01,0.01,2336.247443,1776215360000
1776215361.641,261.641,0.3,3.42,0.29,10.0,0.31,11.77,0.32,115.16,0.69,10.0,0.68,115.16,0.7,3.42,0.71,10.0,0.01,0.01,2336.247443,1776215360000
1776215361.842,261.842,0.3,5.99,0.29,15.0,0.31,10.31,0.32,126.66,0.69,5.31,0.68,131.66,0.7,13.42,0.71,10.0,0.01,0.01,2336.247443,1776215360000
1776215362.236,262.236,0.3,8.42,0.29,20.0,0.31,27.11,0.32,131.66,0.69,10.31,0.68,131.66,0.7,1.6,0.71,20.0,0.01,0.01,2336.236386,1776215361000
1776215362.482,262.482,0.3,18.44,0.29,15.0,0.31,11.96,0.32,26.5,0.69,11.96,0.68,81.66,0.7,20.0,0.71,18.53,0.01,0.01,2336.236386,1776215361000
1776215362.7,262.7,0.34,15.0,0.33,15.0,0.37,27.37,0.38,15.3,0.65,15.8,0.64,45.6,0.7,23.44,0.71,15.0,0.03,0.05,2336.236386,1776215361000
1776215362.911,262.911,0.35,5.86,0.34,15.0,0.37,1.85,0.38,15.0,0.63,10.0,0.62,15.0,0.65,5.86,0.66,15.0,0.02,0.02,2336.236386,1776215361000
1776215363.16,263.16,0.34,0.72,0.33,5.0,0.35,15.0,0.36,25.0,0.64,17.18,0.63,6.85,0.66,3.0,0.67,5.0,0.01,0.02,2336.234934,1776215362000
1776215363.411,263.411,0.25,10.0,0.24,10.0,0.26,6.15,0.27,106.71,0.65,21.55,0.64,20.0,0.67,3.37,0.68,10.0,0.01,0.02,2336.234934,1776215362000
1776215363.655,263.655,0.26,13.64,0.25,10.0,0.27,96.71,0.28,12.0,0.73,96.71,0.72,12.0,0.77,10.0,0.78,10.0,0.01,0.04,2336.234934,1776215362000
1776215363.884,263.884,0.23,6.74,0.22,10.0,0.25,10.0,0.26,10.0,0.73,74.71,0.72,22.0,0.79,50.49,0.8,10.0,0.02,0.06,2336.234934,1776215362000
1776215364.13,264.13,0.25,3.33,0.24,20.0,0.26,5.0,0.27,13.9,0.73,13.9,0.72,22.0,0.76,10.0,0.77,4.03,0.01,0.03,2336.274433,1776215363000
1776215364.539,264.539,0.25,7.28,0.24,10.0,0.26,12.0,0.27,112.92,0.74,7.0,0.73,18.9,0.75,15.0,0.76,10.0,0.01,0.01,2336.274433,1776215363000
1776215364.931,264.931,0.25,13.77,0.24,14.44,0.26,5.0,0.27,10.47,0.73,0.47,0.72,22.0,0.76,9.44,0.77,7.28,0.01,0.03,2336.274433,1776215363000
1776215365.26,265.26,0.24,12.89,0.23,15.0,0.25,15.0,0.26,30.27,0.74,17.81,0.73,10.47,0.78,9.59,0.79,110.49,0.01,0.04,2336.302,1776215364000
1776215365.485,265.485,0.23,24.07,0.22,14.59,0.26,111.16,0.27,10.0,0.75,23.81,0.74,17.46,0.77,9.07,0.78,14.59,0.03,0.02,2336.302,1776215364000
1776215365.722,265.722,0.24,4.93,0.23,10.0,0.25,15.0,0.26,116.16,0.74,111.16,0.73,10.0,0.79,106.92,0.8,10.0,0.01,0.05,2336.302,1776215364000
1776215365.935,265.935,0.23,9.46,0.22,10.0,0.25,14.4,0.26,111.16,0.76,15.0,0.75,15.0,0.77,9.46,0.78,10.0,0.02,0.01,2336.302,1776215364000
1776215366.301,266.301,0.21,30.38,0.2,10.0,0.24,19.48,0.26,109.23,0.76,24.48,0.75,4.4,0.77,8.4,0.78,10.0,0.03,0.01,2336.302,1776215364000
1776215366.504,266.504,0.2,11.14,0.19,150.0,0.24,5.0,0.25,10.0,0.76,5.0,0.75,10.0,0.77,8.7,0.78,10.0,0.04,0.01,2336.302,1776215364000
1776215366.767,266.767,0.21,3.92,0.2,11.14,0.23,15.0,0.24,10.0,0.76,5.0,0.75,10.0,0.8,11.14,0.81,150.0,0.02,0.04,2336.189312,1776215365000
1776215366.986,266.986,0.22,1.84,0.21,3.92,0.23,11.8,0.24,10.0,0.77,12.0,0.76,10.0,0.78,8.17,0.79,3.92,0.01,0.01,2336.189312,1776215365000
1776215367.353,267.353,0.22,75.35,0.21,20.0,0.23,9.8,0.26,7.46,0.77,16.8,0.76,10.0,0.8,8.84,0.81,156.06,0.01,0.03,2336.189312,1776215365000
1776215367.57,267.57,0.3,16.66,0.28,10.0,0.31,50.54,0.32,10.0,0.69,47.0,0.68,21.0,0.7,5.64,0.75,4.0,0.01,0.01,2336.189312,1776215365000
1776215367.874,267.874,0.26,20.0,0.25,10.0,0.28,5.0,0.29,15.0,0.69,15.61,0.68,10.0,0.75,10.0,0.76,10.0,0.02,0.06,2336.143949,1776215366000
1776215368.077,268.077,0.26,5.34,0.25,10.0,0.36,30.49,0.37,61.85,0.72,10.0,0.71,15.0,0.74,5.34,0.75,10.0,0.1,0.02,2336.143949,1776215366000
1776215368.532,268.532,0.3,10.0,0.29,10.0,0.33,8.28,0.34,10.0,0.64,30.49,0.63,61.85,0.74,5.34,0.75,10.0,0.03,0.1,2336.143949,1776215366000
1776215368.737,268.737,0.31,54.76,0.3,10.0,0.33,3.28,0.34,10.0,0.67,3.28,0.66,10.0,0.69,54.76,0.7,10.0,0.02,0.02,2336.152091,1776215367000
1776215369.391,269.391,0.31,48.55,0.29,10.0,0.32,10.0,0.33,3.28,0.67,3.28,0.66,10.0,0.69,54.76,0.7,10.0,0.01,0.02,2336.152091,1776215367000
1776215369.646,269.646,0.31,34.31,0.29,10.0,0.32,10.0,0.33,13.28,0.68,10.0,0.67,13.28,0.69,34.31,0.71,10.0,0.01,0.01,2336.24161,1776215368000
1776215370.148,270.148,0.29,10.0,0.27,10.0,0.3,4.5,0.31,15.0,0.68,10.0,0.67,13.28,0.69,34.31,0.71,10.0,0.01,0.01,2336.24161,1776215368000
1776215370.619,270.619,0.29,10.0,0.27,10.0,0.3,4.5,0.31,15.0,0.7,4.5,0.69,15.0,0.71,10.0,0.73,10.0,0.01,0.01,2336.33553,1776215369000
1776215371.041,271.041,0.3,0.15,0.29,10.0,0.32,10.0,0.33,10.0,0.78,10.0,0.77,10.0,0.79,9.9,0.8,10.0,0.02,0.01,2336.33553,1776215369000
1776215371.291,271.291,0.3,10.0,0.29,10.0,0.31,5.0,0.32,20.0,0.68,20.0,0.67,10.0,0.72,9.85,0.73,10.0,0.01,0.04,2336.33553,1776215369000
1776215371.526,271.526,0.29,0.81,0.28,9.85,0.32,15.0,0.33,10.0,0.69,5.0,0.68,20.0,0.7,10.0,0.71,10.0,0.03,0.01,2336.33553,1776215369000
1776215371.774,271.774,0.28,5.03,0.27,10.0,0.31,15.0,0.32,15.0,0.69,5.0,0.68,20.0,0.71,0.81,0.72,9.85,0.03,0.02,2336.41852,1776215370000
1776215372.512,272.512,0.29,10.0,0.28,5.03,0.33,8.93,0.34,10.0,0.69,15.0,0.68,15.0,0.72,5.03,0.73,10.0,0.04,0.03,2336.41852,1776215370000
1776215372.865,272.865,0.3,15.0,0.29,15.0,0.33,13.93,0.34,10.0,0.67,8.93,0.66,10.0,0.71,10.0,0.72,5.03,0.03,0.04,2336.378761,1776215371000
1776215373.297,273.297,0.31,13.55,0.3,15.0,0.32,10.0,0.33,13.93,0.67,13.93,0.66,10.0,0.7,15.0,0.71,15.0,0.01,0.03,2336.378761,1776215371000
1776215373.549,273.549,0.31,12.1,0.3,10.0,0.32,10.0,0.33,13.93,0.68,10.0,0.67,13.93,0.69,12.1,0.7,10.0,0.01,0.01,2336.330187,1776215372000
1776215374.149,274.149,0.16,47.38,0.15,15.0,0.24,20.0,0.25,10.0,0.69,15.0,0.68,20.0,0.7,10.79,0.71,15.0,0.08,0.01,2336.330187,1776215372000
1776215374.359,274.359,0.16,47.38,0.15,15.0,0.24,20.0,0.25,10.0,0.76,20.0,0.75,10.0,0.84,47.38,0.85,15.0,0.08,0.08,2336.430598,1776215373000
1776215374.582,274.582,0.16,70.49,0.15,15.0,0.18,4.0,0.19,15.0,0.83,5.0,0.82,10.0,0.84,64.18,0.85,15.0,0.02,0.01,2336.430598,1776215373000
1776215375.387,275.387,0.16,70.49,0.15,15.0,0.18,4.0,0.19,15.0,0.82,4.0,0.81,15.0,0.84,70.49,0.85,15.0,0.02,0.02,2336.389522,1776215374000
1776215375.986,275.986,0.29,13.34,0.28,10.0,0.31,10.0,0.32,20.0,0.82,4.0,0.81,15.0,0.84,70.49,0.85,15.0,0.02,0.02,2336.389522,1776215374000
1776215376.255,276.255,0.29,6.34,0.28,10.0,0.3,10.0,0.31,10.0,0.69,10.0,0.68,20.0,0.71,13.34,0.72,10.0,0.01,0.02,2336.389522,1776215374000
1776215376.564,276.564,0.28,6.16,0.27,10.0,0.3,14.9,0.31,15.0,0.7,4.9,0.69,15.0,0.72,15.0,0.73,15.0,0.02,0.02,2336.260431,1776215375000
1776215376.878,276.878,0.29,165.06,0.28,28.16,0.36,20.49,0.41,10.0,0.7,14.9,0.69,15.0,0.72,6.16,0.73,10.0,0.07,0.02,2336.260431,1776215375000
1776215377.232,277.232,0.39,15.0,0.38,10.0,0.41,8.82,0.42,10.0,0.59,6.26,0.58,10.0,0.65,10.0,0.66,29.7,0.02,0.06,2336.260431,1776215375000
1776215377.443,277.443,0.39,0.5,0.38,15.0,0.41,8.82,0.42,15.0,0.59,3.82,0.58,10.0,0.61,7.54,0.62,15.0,0.02,0.02,2336.221948,1776215376000
1776215377.816,277.816,0.39,15.0,0.38,15.0,0.4,12.17,0.41,2.65,0.59,12.65,0.58,15.0,0.62,14.41,0.63,10.0,0.01,0.03,2336.221948,1776215376000
1776215378.198,278.198,0.42,66.1,0.41,60.0,0.43,5.35,0.51,13.01,0.6,12.17,0.59,2.65,0.61,15.0,0.62,15.0,0.01,0.01,2336.221948,1776215376000
1776215378.499,278.499,0.51,40.0,0.5,15.0,0.52,10.0,0.53,15.0,0.49,3.01,0.47,15.0,0.58,93.16,0.59,83.0,0.01,0.09,2336.221948,1776215376000
1776215378.759,278.759,0.52,20.0,0.51,86.95,0.59,6.28,0.6,10.0,0.45,9.02,0.44,10.0,0.49,81.95,0.5,25.0,0.07,0.04,2336.221948,1776215376000
1776215379.1,279.1,0.55,80.8,0.54,25.0,0.56,15.0,0.57,10.0,0.44,5.0,0.43,10.0,0.45,0.2,0.46,10.0,0.01,0.01,2336.5683,1776215377000
1776215379.6,279.6,0.55,80.6,0.54,25.0,0.56,20.0,0.57,10.0,0.44,20.0,0.43,10.0,0.45,80.6,0.46,25.0,0.01,0.01,2336.602505,1776215378000
1776215380.208,280.208,0.49,5.0,0.48,5.0,0.5,25.0,0.51,10.0,0.44,0.14,0.43,10.0,0.45,21.0,0.46,35.0,0.01,0.01,2336.602505,1776215378000
1776215380.513,280.513,0.49,5.0,0.48,5.0,0.5,25.0,0.51,10.0,0.5,25.0,0.49,10.0,0.51,5.0,0.52,5.0,0.01,0.01,2336.723294,1776215379000
1776215381.422,281.422,0.47,20.0,0.46,91.0,0.49,20.0,0.5,20.0,0.5,25.0,0.49,10.0,0.51,5.0,0.52,5.0,0.02,0.01,2336.723294,1776215379000
1776215382.085,282.085,0.47,20.0,0.46,91.0,0.49,20.0,0.5,20.0,0.51,20.0,0.5,20.0,0.53,20.0,0.54,91.0,0.02,0.02,2336.8616,1776215381000
1776215382.51,282.51,0.58,26.0,0.57,26.0,0.59,18.8,0.6,10.0,0.51,20.0,0.5,20.0,0.53,20.0,0.54,91.0,0.01,0.02,2336.8616,1776215381000
1776215382.869,282.869,0.58,21.0,0.57,26.0,0.59,28.8,0.6,10.0,0.41,18.8,0.4,10.0,0.42,26.0,0.43,26.0,0.01,0.01,2336.8616,1776215381000
1776215383.231,283.231,0.58,21.0,0.57,26.0,0.59,19.98,0.6,10.0,0.41,28.8,0.4,10.0,0.42,21.0,0.43,26.0,0.01,0.01,2336.8616,1776215381000
1776215383.457,283.457,0.58,21.0,0.57,26.0,0.59,23.28,0.6,10.0,0.41,19.98,0.4,10.0,0.42,21.0,0.43,26.0,0.01,0.01,2336.8616,1776215381000
1776215383.682,283.682,0.58,21.0,0.57,26.0,0.59,23.28,0.6,10.0,0.41,23.28,0.4,10.0,0.42,21.0,0.43,26.0,0.01,0.01,2336.96735,1776215382000
1776215383.986,283.986,0.59,31.0,0.58,31.0,0.6,5.0,0.61,10.0,0.35,33.39,0.34,60.0,0.42,26.0,0.43,26.0,0.01,0.07,2336.96735,1776215382000
1776215384.213,284.213,0.59,27.0,0.58,31.0,0.6,5.0,0.61,10.0,0.4,5.0,0.39,10.0,0.41,31.0,0.42,31.0,0.01,0.01,2336.96735,1776215382000
1776215384.658,284.658,0.59,27.0,0.58,31.0,0.6,5.0,0.61,10.0,0.4,5.0,0.39,10.0,0.41,27.0,0.42,31.0,0.01,0.01,2336.89684,1776215383000
1776215384.929,284.929,0.58,21.0,0.57,10.0,0.6,10.0,0.61,10.0,0.4,5.0,0.39,10.0,0.41,27.0,0.42,31.0,0.02,0.01,2336.89684,1776215383000
1776215385.231,285.231,0.58,21.0,0.57,23.0,0.59,11.61,0.6,10.0,0.4,10.0,0.39,10.0,0.42,21.0,0.43,10.0,0.01,0.02,2336.89684,1776215383000
1776215385.614,285.614,0.58,4.09,0.57,23.0,0.6,6.58,0.61,10.0,0.4,6.58,0.39,10.0,0.42,4.09,0.43,23.0,0.02,0.02,2336.948176,1776215384000
1776215386.292,286.292,0.58,20.0,0.57,15.0,0.59,8.49,0.6,10.0,0.4,20.0,0.39,10.0,0.44,10.0,0.45,10.0,0.01,0.04,2336.948176,1776215384000
1776215387.227,287.227,0.62,31.0,0.61,20.0,0.64,5.0,0.65,3.39,0.41,13.49,0.4,10.0,0.42,25.0,0.43,21.0,0.02,0.01,2336.896689,1776215385000
1776215387.497,287.497,0.63,35.08,0.62,41.0,0.64,15.0,0.65,3.39,0.36,5.0,0.35,3.39,0.38,31.0,0.39,20.0,0.01,0.02,2336.896689,1776215385000
1776215387.843,287.843,0.63,35.08,0.62,41.0,0.64,15.0,0.65,3.39,0.36,15.0,0.35,3.39,0.37,35.08,0.38,41.0,0.01,0.01,2336.89759,1776215386000
1776215388.052,288.052,0.67,8.54,0.66,10.0,0.69,5.0,0.7,16.67,0.31,5.0,0.3,16.67,0.37,45.08,0.38,35.0,0.02,0.06,2336.89759,1776215386000
1776215388.277,288.277,0.69,25.0,0.68,205.41,0.7,4.98,0.72,5.0,0.3,5.08,0.28,5.0,0.31,10.0,0.32,198.06,0.01,0.01,2336.89759,1776215386000
1776215388.51,288.51,0.8,91.1,0.79,15.0,0.81,48.86,0.85,10.0,0.19,50.0,0.16,10.0,0.2,37.1,0.29,43.0,0.01,0.01,2336.89759,1776215386000
1776215388.862,288.862,0.8,85.1,0.79,15.0,0.81,45.19,0.86,90.0,0.19,48.86,0.15,10.0,0.2,77.27,0.21,15.0,0.01,0.01,2336.89759,1776215386000
1776215389.162,289.162,0.8,80.1,0.79,15.0,0.86,85.77,0.87,10.0,0.14,85.77,0.13,10.0,0.2,80.1,0.21,15.0,0.06,0.06,2336.948662,1776215388000
1776215389.434,289.434,0.87,15.0,0.86,15.0,0.89,74.92,0.9,10.0,0.11,85.22,0.1,10.0,0.13,15.0,0.14,15.0,0.02,0.02,2336.948662,1776215388000
1776215390.177,290.177,0.83,6.41,0.82,10.0,0.89,54.1,0.9,40.0,0.11,74.92,0.1,10.0,0.13,15.0,0.14,15.0,0.06,0.02,2336.948662,1776215388000
1776215390.406,290.406,0.88,5.0,0.83,6.41,0.89,74.71,0.9,40.0,0.11,74.71,0.1,40.0,0.12,5.0,0.17,6.41,0.01,0.01,2337.270814,1776215389000
1776215391.056,291.056,0.86,15.0,0.85,15.0,0.87,5.0,0.88,10.0,0.13,5.0,0.12,10.0,0.14,15.0,0.15,15.0,0.01,0.01,2337.286187,1776215390000
1776215391.299,291.299,0.86,20.0,0.85,15.0,0.87,52.77,0.88,10.0,0.13,5.0,0.12,10.0,0.14,15.0,0.15,15.0,0.01,0.01,2337.286187,1776215390000
1776215392.276,292.276,0.94,15.0,0.93,15.0,0.95,14.47,0.96,48.48,0.13,52.77,0.12,10.0,0.14,20.0,0.15,15.0,0.01,0.01,2337.286187,1776215390000
1776215392.479,292.479,0.96,17.15,0.94,20.0,0.97,148.84,0.98,185.0,0.03,154.0,0.02,185.0,0.04,7.15,0.06,15.0,0.01,0.01,2337.371378,1776215391000
1776215392.761,292.761,0.96,42.15,0.95,10.0,0.97,95.84,0.98,185.0,0.03,131.84,0.02,185.0,0.04,27.15,0.06,15.0,0.01,0.01,2337.371378,1776215391000
1776215392.994,292.994,0.96,54.15,0.95,10.0,0.97,75.22,0.98,185.0,0.03,75.22,0.02,185.0,0.04,54.15,0.05,10.0,0.01,0.01,2337.371378,1776215392000
1776215393.33,293.33,0.96,102.1,0.95,10.0,0.97,65.22,0.98,185.0,0.03,75.22,0.02,185.0,0.04,54.15,0.05,10.0,0.01,0.01,2337.371378,1776215392000
1776215393.607,293.607,0.93,1.2,0.92,10.0,0.97,57.15,0.98,185.0,0.03,63.15,0.02,185.0,0.07,1.2,0.08,10.0,0.04,0.04,2337.371378,1776215392000
1776215393.926,293.926,0.94,94.35,0.93,31.2,0.98,235.5,0.99,1217.0,0.03,23.77,0.02,185.0,0.04,145.0,0.05,10.0,0.04,0.01,2337.371378,1776215392000
1776215394.132,294.132,0.97,172.47,0.96,20.0,0.98,192.68,0.99,1067.0,0.02,213.09,0.01,1227.0,0.03,177.47,0.04,59.92,0.01,0.01,2337.371378,1776215392000
1776215394.443,294.443,0.97,228.35,0.96,60.0,0.98,187.57,0.99,967.0,0.02,192.57,0.01,967.0,0.03,235.05,0.04,60.0,0.01,0.01,2337.701826,1776215393000
1776215394.752,294.752,0.96,68.82,0.95,37.0,0.98,184.25,0.99,967.0,0.02,189.3,0.01,967.0,0.04,54.76,0.05,10.0,0.02,0.02,2337.701826,1776215393000
1776215394.993,294.993,0.92,34.45,0.91,60.0,0.98,128.14,0.99,967.0,0.02,123.14,0.01,967.0,0.04,105.82,0.05,37.0,0.06,0.02,2337.701826,1776215393000
1776215395.319,295.319,0.95,5.0,0.94,10.0,0.97,7.93,0.98,123.14,0.02,128.14,0.01,967.0,0.08,34.45,0.09,60.0,0.02,0.06,2337.701826,1776215393000
1776215395.534,295.534,0.91,4.95,0.9,40.0,0.98,96.07,0.99,967.0,0.03,3.0,0.02,105.07,0.09,4.95,0.1,40.0,0.07,0.06,2338.15224,1776215394000
1776215395.749,295.749,0.95,86.43,0.94,15.0,0.97,10.0,0.98,33.57,0.04,6.87,0.03,10.0,0.06,15.0,0.07,10.0,0.02,0.02,2338.15224,1776215394000
1776215395.971,295.971,0.95,101.43,0.94,10.0,0.98,25.43,0.99,967.0,0.02,25.43,0.01,967.0,0.04,57.46,0.05,101.43,0.03,0.02,2338.15224,1776215394000
1776215396.494,296.494,0.99,2346.23,0.98,21.08,,,,,,,,,0.01,7.57,0.03,287.45,,,2338.100469,1776215395000
1776215397.346,297.346,0.99,2585.14,0.98,21.08,,,,,,,,,0.01,2585.14,0.02,21.08,,,2338.14778,1776215396000
1776215398.073,298.073,0.99,2585.14,0.98,21.08,,,,,,,,,0.01,2585.14,0.02,21.08,,,2338.293391,1776215397000
1776215399.353,299.353,0.99,20154.29,0.98,87.08,,,,,,,,,0.01,2585.14,0.02,21.08,,,2338.293391,1776215397000
1776215400.005,300.005,0.99,20154.29,0.98,87.08,,,,,,,,,0.01,20154.29,0.02,87.08,,,2338.693669,1776215399000

# RESULT,winner=Up,slug=eth-updown-5m-1776215100,ticks=566
