timestamp,elapsed_sec,up_bid_p1,up_bid_s1,up_bid_p2,up_bid_s2,up_ask_p1,up_ask_s1,up_ask_p2,up_ask_s2,down_bid_p1,down_bid_s1,down_bid_p2,down_bid_s2,down_ask_p1,down_ask_s1,down_ask_p2,down_ask_s2,up_spread,down_spread,eth_price,eth_oracle_ts
1776351901.151,1.151,0.48,110.0,0.47,75.0,0.49,1.59,0.5,10.0,0.5,10.0,0.49,59.43,0.52,110.0,0.6,38.0,0.01,0.02,2314.35177,1776351899000
1776351902.499,2.499,0.48,222.38,0.47,340.0,0.49,6.59,0.5,10.0,0.51,1.59,0.5,10.0,0.52,110.0,0.53,75.0,0.01,0.01,2314.049298,1776351901000
1776351902.757,2.757,0.48,113.18,0.47,315.0,0.49,16.59,0.5,28.0,0.51,6.59,0.5,10.0,0.52,215.3,0.53,320.0,0.01,0.01,2314.049298,1776351901000
1776351903.8,3.8,0.48,89.18,0.46,10.0,0.49,196.0,0.5,158.0,0.51,30.66,0.5,28.0,0.52,99.18,0.53,315.0,0.01,0.01,2314.084295,1776351902000
1776351904.01,4.01,0.48,1.23,0.46,10.0,0.49,210.0,0.5,188.72,0.51,215.0,0.5,188.72,0.52,4.29,0.54,10.0,0.01,0.01,2314.084295,1776351902000
1776351904.287,4.287,0.46,10.0,0.43,105.0,0.49,273.0,0.5,188.72,0.51,210.0,0.5,188.72,0.52,1.23,0.54,10.0,0.03,0.01,2314.114759,1776351903000
1776351905.503,5.503,0.43,105.0,0.42,185.0,0.44,9.0,0.45,227.03,0.51,273.0,0.5,188.72,0.54,10.0,0.57,105.0,0.01,0.03,2313.966459,1776351904000
1776351906.023,6.023,0.44,5.0,0.43,140.0,0.45,77.03,0.46,13.0,0.56,10.0,0.55,227.03,0.57,105.0,0.58,185.0,0.01,0.01,2313.966459,1776351904000
1776351906.426,6.426,0.44,125.0,0.43,115.0,0.45,2.0,0.47,10.0,0.55,77.03,0.54,13.0,0.56,5.0,0.57,140.0,0.01,0.01,2313.516175,1776351905000
1776351906.66,6.66,0.47,115.0,0.46,115.0,0.49,6.87,0.5,25.0,0.52,3.0,0.51,10.0,0.53,15.0,0.54,10.0,0.02,0.01,2313.516175,1776351905000
1776351906.915,6.915,0.46,103.14,0.45,175.0,0.47,10.0,0.48,15.0,0.51,3.8,0.5,25.0,0.53,115.0,0.54,115.0,0.01,0.02,2313.516175,1776351905000
1776351907.176,7.176,0.46,2.0,0.45,175.0,0.47,26.0,0.48,60.0,0.53,10.0,0.52,15.0,0.54,103.14,0.55,175.0,0.01,0.01,2313.439808,1776351906000
1776351907.718,7.718,0.46,2.0,0.45,170.0,0.47,58.87,0.48,69.0,0.53,26.0,0.52,60.0,0.54,2.0,0.55,175.0,0.01,0.01,2313.439808,1776351906000
1776351908.063,8.063,0.45,170.0,0.44,190.0,0.46,22.96,0.47,141.33,0.53,58.87,0.52,69.0,0.54,2.0,0.55,170.0,0.01,0.01,2313.48908,1776351907000
1776351908.803,8.803,0.45,65.0,0.44,180.0,0.46,102.16,0.47,122.33,0.54,22.96,0.53,141.33,0.55,170.0,0.56,190.0,0.01,0.01,2313.48908,1776351907000
1776351909.102,9.102,0.44,10.0,0.43,20.0,0.46,118.46,0.47,122.33,0.54,93.46,0.53,122.33,0.55,63.68,0.56,180.0,0.02,0.01,2313.499328,1776351908000
1776351910.062,10.062,0.42,102.0,0.41,125.0,0.43,100.7,0.44,127.33,0.54,118.46,0.53,122.33,0.56,10.0,0.57,20.0,0.01,0.02,2313.499328,1776351908000
1776351910.352,10.352,0.42,94.41,0.41,125.0,0.43,93.84,0.44,137.33,0.57,81.84,0.56,127.33,0.58,94.41,0.59,125.0,0.01,0.01,2313.443939,1776351909000
1776351910.62,10.62,0.42,72.16,0.41,125.0,0.43,88.84,0.44,132.33,0.57,93.84,0.56,137.33,0.58,89.41,0.59,125.0,0.01,0.01,2313.443939,1776351909000
1776351911.061,11.061,0.41,104.95,0.4,185.0,0.42,150.07,0.43,55.84,0.57,88.84,0.56,132.33,0.59,125.0,0.6,185.0,0.01,0.02,2313.443939,1776351909000
1776351911.425,11.425,0.41,188.95,0.4,220.5,0.42,85.57,0.43,10.0,0.58,150.07,0.57,55.84,0.6,185.0,0.61,340.5,0.01,0.02,2313.233917,1776351910000
1776351911.874,11.874,0.41,147.13,0.4,235.5,0.42,61.97,0.43,20.5,0.58,61.97,0.57,20.5,0.59,155.13,0.6,239.5,0.01,0.01,2313.233917,1776351910000
1776351912.084,12.084,0.41,139.91,0.4,230.5,0.42,66.97,0.43,20.5,0.58,61.97,0.57,20.5,0.59,147.13,0.6,235.5,0.01,0.01,2313.178018,1776351911000
1776351912.415,12.415,0.41,130.28,0.4,235.5,0.42,66.97,0.43,20.5,0.58,66.97,0.57,20.5,0.59,139.91,0.6,230.5,0.01,0.01,2313.178018,1776351911000
1776351912.784,12.784,0.41,224.21,0.4,262.5,0.42,5.0,0.44,10.0,0.58,66.97,0.57,20.5,0.59,120.58,0.6,235.5,0.01,0.01,2313.178018,1776351911000
1776351913.143,13.143,0.43,88.07,0.42,66.5,0.44,84.21,0.45,50.5,0.56,84.21,0.55,50.5,0.59,229.21,0.6,287.5,0.01,0.03,2313.168991,1776351912000
1776351913.391,13.391,0.43,52.89,0.42,155.0,0.44,104.71,0.45,65.5,0.56,84.21,0.55,50.5,0.57,88.07,0.58,66.5,0.01,0.01,2313.168991,1776351912000
1776351916.237,16.237,0.43,5.0,0.42,155.17,0.44,238.71,0.45,148.5,0.56,104.71,0.55,82.5,0.57,23.07,0.58,165.0,0.01,0.01,2313.470662,1776351914000
1776351918.082,18.082,0.42,232.67,0.41,90.5,0.43,18.13,0.44,30.0,0.56,238.71,0.55,148.5,0.58,145.17,0.59,5.0,0.01,0.02,2313.482144,1776351916000
1776351919.998,19.998,0.42,145.08,0.41,15.0,0.43,102.81,0.44,62.5,0.57,18.13,0.56,30.0,0.58,232.67,0.59,90.5,0.01,0.01,2313.288,1776351918000
1776351920.396,20.396,0.42,138.71,0.41,35.5,0.43,77.31,0.44,100.5,0.57,102.81,0.56,62.5,0.58,145.08,0.59,15.0,0.01,0.01,2313.444455,1776351919000
1776351921.06,21.06,0.42,93.91,0.41,15.0,0.43,158.5,0.44,104.5,0.57,40.31,0.56,58.5,0.58,111.15,0.59,142.5,0.01,0.01,2313.444455,1776351919000
1776351921.444,21.444,0.41,10.0,0.4,85.0,0.43,110.5,0.44,165.53,0.57,137.5,0.56,165.53,0.58,3.32,0.59,10.0,0.02,0.01,2313.568037,1776351920000
1776351921.744,21.744,0.41,10.0,0.4,80.0,0.42,13.0,0.43,93.5,0.57,110.5,0.56,165.53,0.59,10.0,0.6,85.0,0.01,0.02,2313.568037,1776351920000
1776351922.072,22.072,0.4,75.93,0.39,178.0,0.41,162.72,0.42,68.5,0.58,13.0,0.57,93.5,0.59,10.0,0.6,80.0,0.01,0.01,2313.418532,1776351921000
1776351922.61,22.61,0.4,80.51,0.39,178.0,0.41,158.72,0.42,61.5,0.59,162.72,0.58,68.5,0.6,75.93,0.61,178.0,0.01,0.01,2313.418532,1776351921000
1776351923.575,23.575,0.4,146.01,0.39,181.5,0.41,70.22,0.42,10.0,0.59,158.72,0.58,61.5,0.6,80.51,0.61,178.0,0.01,0.01,2313.141518,1776351922000
1776351923.777,23.777,0.4,206.01,0.39,181.5,0.44,20.0,0.45,90.5,0.59,35.22,0.58,10.0,0.6,176.01,0.61,181.5,0.04,0.01,2313.141518,1776351922000
1776351924.154,24.154,0.43,63.0,0.42,63.5,0.44,94.41,0.45,90.5,0.56,20.0,0.55,90.5,0.6,206.01,0.61,181.5,0.01,0.04,2313.141518,1776351922000
1776351924.426,24.426,0.43,6.29,0.42,33.0,0.44,99.91,0.45,90.5,0.56,84.41,0.55,90.5,0.57,39.61,0.58,33.0,0.01,0.01,2313.086339,1776351923000
1776351924.855,24.855,0.43,1.14,0.42,33.5,0.44,94.41,0.45,90.5,0.56,104.91,0.55,90.5,0.57,3.07,0.58,33.0,0.01,0.01,2313.086339,1776351923000
1776351925.252,25.252,0.42,42.72,0.41,75.5,0.44,96.45,0.45,120.5,0.56,94.41,0.55,90.5,0.57,1.14,0.58,33.5,0.02,0.01,2313.086339,1776351923000
1776351925.667,25.667,0.42,40.11,0.41,75.5,0.43,15.0,0.44,96.45,0.56,96.45,0.55,115.5,0.58,36.89,0.59,75.5,0.01,0.02,2313.231703,1776351924000
1776351926.015,26.015,0.42,45.21,0.41,75.5,0.43,5.0,0.44,96.45,0.57,15.0,0.56,96.45,0.58,40.11,0.59,75.5,0.01,0.01,2313.231703,1776351924000
1776351926.715,26.715,0.43,77.5,0.42,43.21,0.44,71.45,0.45,80.0,0.57,5.0,0.56,96.45,0.58,45.21,0.59,75.5,0.01,0.01,2313.49131,1776351925000
1776351927.168,27.168,0.44,65.0,0.43,70.5,0.45,80.0,0.46,42.96,0.55,80.0,0.54,42.96,0.57,87.5,0.58,43.21,0.01,0.02,2313.49131,1776351925000
1776351927.952,27.952,0.44,89.53,0.43,77.5,0.45,88.19,0.46,42.96,0.55,80.0,0.54,42.96,0.56,65.0,0.57,70.5,0.01,0.01,2313.47243,1776351926000
1776351928.318,28.318,0.44,82.49,0.43,77.5,0.45,18.19,0.46,98.39,0.55,88.19,0.54,42.96,0.56,89.53,0.57,77.5,0.01,0.01,2313.47243,1776351926000
1776351928.583,28.583,0.44,84.18,0.43,83.5,0.45,13.19,0.46,42.96,0.55,18.19,0.54,98.39,0.56,109.18,0.57,83.5,0.01,0.01,2313.47243,1776351926000
1776351928.822,28.822,0.45,121.5,0.44,60.18,0.46,37.9,0.47,45.0,0.54,40.08,0.53,45.0,0.55,97.5,0.56,60.18,0.01,0.01,2313.47243,1776351926000
1776351929.537,29.537,0.47,27.5,0.46,190.5,0.51,105.52,0.52,142.0,0.53,45.0,0.52,25.0,0.55,144.5,0.56,55.18,0.04,0.02,2313.651687,1776351927000
1776351929.74,29.74,0.5,11.7,0.49,10.0,0.51,105.52,0.52,140.5,0.49,105.52,0.48,142.0,0.53,27.5,0.54,190.5,0.01,0.04,2313.621332,1776351928000
1776351930.124,30.124,0.5,11.7,0.49,10.0,0.51,178.21,0.52,140.5,0.49,105.52,0.48,140.5,0.5,11.7,0.51,10.0,0.01,0.01,2313.715744,1776351929000
1776351930.739,30.739,0.5,5.7,0.49,15.0,0.51,177.71,0.52,140.5,0.49,178.21,0.48,140.5,0.5,11.7,0.51,10.0,0.01,0.01,2313.715744,1776351929000
1776351931.353,31.353,0.5,10.7,0.49,10.0,0.51,170.24,0.52,140.5,0.49,186.21,0.48,140.5,0.5,30.7,0.51,15.0,0.01,0.01,2313.994993,1776351930000
1776351931.784,31.784,0.46,0.18,0.45,187.5,0.47,75.0,0.48,30.5,0.49,170.24,0.48,140.5,0.5,10.7,0.51,10.0,0.01,0.01,2313.994993,1776351930000
1776351932.102,32.102,0.45,183.03,0.44,60.5,0.46,6.0,0.47,75.0,0.53,80.0,0.52,35.5,0.55,183.03,0.56,60.5,0.01,0.02,2313.994993,1776351930000
1776351932.57,32.57,0.45,183.03,0.44,70.5,0.47,72.87,0.48,30.5,0.54,6.0,0.53,75.0,0.55,183.03,0.56,60.5,0.02,0.01,2314.226009,1776351931000
1776351933.134,33.134,0.45,184.99,0.44,81.75,0.46,15.0,0.47,59.87,0.53,72.87,0.52,30.5,0.55,183.03,0.56,70.5,0.01,0.02,2314.226009,1776351931000
1776351933.51,33.51,0.45,184.99,0.44,81.75,0.46,38.0,0.47,54.87,0.54,15.0,0.53,59.87,0.55,184.99,0.56,81.75,0.01,0.01,2314.224665,1776351932000
1776351934.083,34.083,0.45,289.04,0.44,44.5,0.49,5.0,0.5,10.0,0.54,38.0,0.53,64.87,0.55,174.04,0.56,81.75,0.04,0.01,2314.224665,1776351932000
1776351934.349,34.349,0.49,15.0,0.48,80.0,0.51,5.28,0.52,180.5,0.51,5.0,0.5,10.0,0.55,289.04,0.56,44.5,0.02,0.04,2314.09106,1776351933000
1776351935.34,35.34,0.5,25.22,0.49,35.0,0.51,86.2,0.52,185.5,0.49,5.28,0.48,180.5,0.51,15.0,0.52,80.0,0.01,0.02,2314.015434,1776351934000
1776351937.167,37.167,0.5,89.7,0.49,42.5,0.51,20.42,0.52,165.5,0.49,86.2,0.48,185.5,0.5,25.22,0.51,35.0,0.01,0.01,2314.062458,1776351935000
1776351938.292,38.292,0.51,18.0,0.5,60.0,0.52,175.5,0.53,128.27,0.49,2.01,0.48,165.5,0.5,75.5,0.51,57.5,0.01,0.01,2314.125006,1776351937000
1776351938.841,38.841,0.51,155.7,0.5,65.5,0.52,157.0,0.53,25.0,0.48,180.5,0.47,128.27,0.49,45.0,0.5,70.5,0.01,0.01,2314.125006,1776351937000
1776351939.271,39.271,0.53,50.65,0.52,77.5,0.54,10.0,0.55,15.5,0.47,25.0,0.46,50.0,0.49,153.21,0.5,135.5,0.01,0.02,2314.125006,1776351937000
1776351939.617,39.617,0.53,108.0,0.52,77.5,0.54,10.0,0.55,5.0,0.46,10.0,0.45,15.5,0.47,50.65,0.48,77.5,0.01,0.01,2314.246095,1776351938000
1776351939.946,39.946,0.54,50.6,0.53,65.8,0.55,5.0,0.56,22.5,0.46,10.0,0.45,5.0,0.47,108.0,0.48,77.5,0.01,0.01,2314.246095,1776351938000
1776351941.312,41.312,0.51,10.0,0.5,265.0,0.54,87.5,0.55,34.5,0.45,5.0,0.44,22.5,0.46,42.75,0.47,65.8,0.03,0.01,2314.57041,1776351940000
1776351941.679,41.679,0.5,260.0,0.49,130.0,0.51,44.0,0.52,64.0,0.46,87.5,0.45,34.5,0.49,10.0,0.5,265.0,0.01,0.03,2314.57041,1776351940000
1776351941.962,41.962,0.5,265.0,0.49,170.5,0.51,79.76,0.52,69.5,0.49,44.0,0.48,64.0,0.5,260.0,0.51,130.0,0.01,0.01,2314.57041,1776351940000
1776351942.491,42.491,0.5,252.26,0.49,145.0,0.51,90.26,0.52,74.5,0.49,79.76,0.48,69.5,0.5,265.0,0.51,170.5,0.01,0.01,2314.54171,1776351941000
1776351942.914,42.914,0.5,242.26,0.49,135.0,0.51,73.26,0.52,36.5,0.49,90.26,0.48,74.5,0.5,252.26,0.51,145.0,0.01,0.01,2314.54171,1776351941000
1776351944.075,44.075,0.51,51.0,0.5,182.76,0.52,38.18,0.53,32.5,0.49,73.26,0.48,36.5,0.5,242.26,0.51,135.0,0.01,0.01,2314.37297,1776351942000
1776351945.604,45.604,0.52,282.5,0.51,273.5,0.54,25.0,0.55,10.0,0.48,38.18,0.47,32.5,0.49,51.0,0.5,182.76,0.02,0.01,2314.230453,1776351944000
1776351947.308,47.308,0.53,96.1,0.52,115.0,0.54,27.5,0.55,30.5,0.46,25.0,0.45,10.0,0.48,282.5,0.49,273.5,0.01,0.02,2314.66572,1776351946000
1776351948.206,48.206,0.53,25.87,0.52,10.0,0.54,52.5,0.55,40.5,0.46,32.5,0.45,30.5,0.47,80.9,0.48,110.0,0.01,0.01,2314.66572,1776351946000
1776351949.185,49.185,0.54,51.91,0.53,175.5,0.55,20.0,0.56,51.26,0.46,52.5,0.45,40.5,0.48,10.0,0.49,125.0,0.01,0.02,2314.672472,1776351948000
1776351950.659,50.659,0.54,278.41,0.53,182.5,0.55,10.0,0.56,40.76,0.45,20.0,0.44,51.26,0.46,51.91,0.47,175.5,0.01,0.01,2314.435556,1776351949000
1776351951.326,51.326,0.56,301.5,0.55,271.5,0.57,30.0,0.58,135.0,0.43,30.0,0.42,135.0,0.45,155.5,0.46,384.41,0.01,0.02,2314.54025,1776351950000
1776351953.077,53.077,0.56,345.22,0.55,256.5,0.57,10.0,0.58,145.0,0.43,30.0,0.42,135.0,0.44,301.5,0.45,271.5,0.01,0.01,2314.69237,1776351951000
1776351953.351,53.351,0.56,389.22,0.55,287.5,0.57,10.0,0.58,145.0,0.43,10.0,0.42,145.0,0.44,399.42,0.45,257.5,0.01,0.01,2314.69237,1776351951000
1776351953.846,53.846,0.61,10.0,0.6,10.0,0.62,82.0,0.63,115.5,0.43,10.0,0.42,145.0,0.44,389.22,0.45,287.5,0.01,0.01,2314.923709,1776351952000
1776351955.745,55.745,0.63,86.5,0.62,65.5,0.64,0.5,0.65,50.0,0.38,82.0,0.37,115.5,0.39,10.0,0.4,10.0,0.01,0.01,2315.056856,1776351954000
1776351956.135,56.135,0.66,49.5,0.63,81.5,0.69,13.0,0.7,10.0,0.36,0.5,0.35,50.0,0.37,86.5,0.38,65.5,0.03,0.01,2315.179023,1776351955000
1776351956.433,56.433,0.66,99.5,0.65,16.0,0.7,3.0,0.73,28.3,0.31,3.0,0.3,10.0,0.34,74.5,0.35,16.0,0.04,0.03,2315.179023,1776351955000
1776351956.776,56.776,0.72,10.0,0.71,10.0,0.74,54.7,0.75,89.2,0.27,8.49,0.26,25.7,0.33,10.0,0.34,105.5,0.02,0.06,2315.179023,1776351955000
1776351957.0,57.0,0.72,7.85,0.71,10.0,0.74,29.44,0.75,89.2,0.26,29.44,0.25,89.2,0.27,10.0,0.28,10.0,0.02,0.01,2315.179023,1776351955000
1776351957.226,57.226,0.73,7.59,0.72,12.85,0.74,38.44,0.75,89.2,0.26,29.44,0.25,89.2,0.28,7.85,0.29,10.0,0.01,0.02,2315.512251,1776351956000
1776351957.436,57.436,0.72,11.41,0.71,10.0,0.74,43.44,0.75,89.2,0.26,43.44,0.25,89.2,0.27,8.88,0.28,12.85,0.02,0.01,2315.512251,1776351956000
1776351957.659,57.659,0.73,16.0,0.72,139.41,0.74,24.05,0.75,89.2,0.26,26.05,0.25,89.2,0.28,104.41,0.29,110.0,0.01,0.02,2315.512251,1776351956000
1776351957.89,57.89,0.73,3.37,0.72,139.41,0.74,35.05,0.75,98.2,0.26,24.05,0.25,89.2,0.27,16.0,0.28,139.41,0.01,0.01,2315.512251,1776351956000
1776351958.091,58.091,0.72,141.94,0.71,110.0,0.74,38.05,0.75,98.2,0.26,55.05,0.25,98.2,0.28,131.94,0.29,110.0,0.02,0.02,2315.512251,1776351956000
1776351958.517,58.517,0.7,103.33,0.69,110.0,0.71,10.0,0.72,10.0,0.27,11.0,0.26,100.53,0.28,124.94,0.29,110.0,0.01,0.01,2315.946182,1776351957000
1776351959.828,59.828,0.68,177.94,0.67,110.0,0.69,14.55,0.7,21.5,0.29,10.0,0.28,10.0,0.3,98.33,0.31,110.0,0.01,0.01,2316.230885,1776351958000
1776351960.15,60.15,0.68,162.94,0.67,140.0,0.69,34.55,0.7,16.5,0.31,14.55,0.3,21.5,0.32,177.94,0.33,110.0,0.01,0.01,2316.216032,1776351959000
1776351960.357,60.357,0.68,193.44,0.67,150.5,0.69,43.47,0.7,16.5,0.31,34.55,0.3,16.5,0.32,162.94,0.33,140.0,0.01,0.01,2316.216032,1776351959000
1776351960.678,60.678,0.68,243.44,0.67,151.5,0.7,6.0,0.71,10.5,0.31,10.0,0.3,6.0,0.32,257.64,0.33,150.5,0.02,0.01,2316.216032,1776351959000
1776351960.951,60.951,0.69,170.5,0.68,193.44,0.71,10.5,0.72,80.5,0.3,1.0,0.29,10.5,0.32,238.44,0.33,151.5,0.02,0.02,2316.216032,1776351959000
1776351961.388,61.388,0.73,15.0,0.72,23.63,0.74,11.5,0.75,94.2,0.29,10.5,0.28,80.5,0.31,170.5,0.32,193.44,0.01,0.02,2315.990426,1776351960000
1776351961.907,61.907,0.74,100.0,0.73,120.0,0.75,143.47,0.76,178.7,0.25,127.97,0.24,168.7,0.27,55.0,0.28,23.63,0.01,0.02,2315.990426,1776351960000
1776351962.108,62.108,0.74,105.0,0.73,120.0,0.75,144.49,0.76,178.7,0.25,139.49,0.24,178.7,0.26,105.0,0.27,120.0,0.01,0.01,2316.103947,1776351961000
1776351962.476,62.476,0.72,110.0,0.71,110.0,0.73,10.95,0.74,10.0,0.25,144.49,0.24,178.7,0.26,105.0,0.27,120.0,0.01,0.01,2316.103947,1776351961000
1776351962.709,62.709,0.72,100.0,0.71,110.0,0.73,9.78,0.74,10.0,0.27,11.82,0.26,10.0,0.28,110.0,0.29,110.0,0.01,0.01,2316.103947,1776351961000
1776351962.928,62.928,0.72,100.0,0.71,110.0,0.73,75.19,0.74,28.5,0.27,9.78,0.26,10.0,0.28,100.0,0.29,110.0,0.01,0.01,2316.103947,1776351961000
1776351964.007,64.007,0.71,307.75,0.7,66.5,0.72,8.61,0.75,5.0,0.27,30.56,0.26,28.5,0.29,110.0,0.3,131.5,0.01,0.02,2316.21302,1776351962000
1776351964.274,64.274,0.71,355.75,0.7,201.5,0.79,25.9,0.8,22.5,0.28,2.61,0.23,8.0,0.29,365.75,0.3,196.5,0.08,0.01,2316.21302,1776351962000
1776351964.581,64.581,0.76,10.0,0.75,40.0,0.78,5.0,0.79,34.9,0.21,10.9,0.2,22.5,0.24,50.0,0.25,30.0,0.02,0.03,2316.323407,1776351963000
1776351964.824,64.824,0.75,40.0,0.74,10.0,0.76,8.01,0.77,24.0,0.24,7.39,0.23,6.0,0.25,40.0,0.26,10.0,0.01,0.01,2316.323407,1776351963000
1776351965.3,65.3,0.75,61.0,0.74,16.0,0.76,6.43,0.78,145.0,0.24,8.01,0.23,24.0,0.25,40.0,0.26,10.0,0.01,0.01,2316.293955,1776351964000
1776351965.698,65.698,0.76,16.0,0.75,47.0,0.78,311.39,0.79,145.4,0.22,169.0,0.21,10.9,0.24,6.0,0.25,64.2,0.02,0.02,2316.293955,1776351964000
1776351965.921,65.921,0.75,21.0,0.74,26.5,0.76,10.0,0.77,120.5,0.22,306.85,0.21,145.4,0.25,47.0,0.26,26.5,0.01,0.03,2316.293955,1776351964000
1776351966.148,66.148,0.74,26.5,0.73,66.5,0.76,59.11,0.77,120.5,0.24,15.36,0.23,120.5,0.25,21.0,0.26,26.5,0.02,0.01,2316.727313,1776351965000
1776351966.866,66.866,0.73,1.13,0.71,87.75,0.75,178.9,0.76,168.86,0.24,41.76,0.23,120.5,0.25,2.65,0.26,26.5,0.02,0.01,2316.727313,1776351965000
1776351967.407,67.407,0.73,44.25,0.72,11.63,0.74,193.63,0.75,172.56,0.26,22.0,0.25,206.56,0.28,11.63,0.29,97.75,0.01,0.02,2316.748475,1776351966000
1776351968.003,68.003,0.73,114.75,0.72,36.63,0.74,8.86,0.76,5.0,0.26,83.56,0.25,52.06,0.27,70.75,0.28,41.63,0.01,0.01,2316.748475,1776351966000
1776351968.237,68.237,0.73,89.75,0.72,36.63,0.74,0.74,0.76,15.5,0.26,2.1,0.24,15.5,0.27,99.75,0.28,36.63,0.01,0.01,2316.719908,1776351967000
1776351968.983,68.983,0.73,86.04,0.72,46.63,0.74,12.74,0.76,15.5,0.26,0.74,0.24,15.5,0.27,89.75,0.28,36.63,0.01,0.01,2316.719908,1776351967000
1776351969.186,69.186,0.74,26.29,0.73,153.04,0.78,125.85,0.79,121.4,0.26,12.74,0.24,15.5,0.27,86.04,0.28,46.63,0.04,0.01,2316.719908,1776351967000
1776351969.452,69.452,0.77,25.0,0.76,25.5,0.78,165.78,0.79,110.5,0.22,125.85,0.21,121.4,0.26,26.29,0.27,153.04,0.01,0.04,2316.54708,1776351968000
1776351970.454,70.454,0.75,32.0,0.74,57.79,0.76,65.0,0.77,165.5,0.22,165.78,0.21,110.5,0.23,25.0,0.24,25.5,0.01,0.01,2316.620474,1776351969000
1776351971.202,71.202,0.74,26.29,0.73,34.25,0.76,200.5,0.77,199.5,0.24,70.0,0.23,165.5,0.25,27.0,0.26,57.79,0.02,0.01,2316.620474,1776351969000
1776351971.709,71.709,0.74,0.42,0.73,34.25,0.75,181.5,0.76,170.5,0.25,121.0,0.24,180.5,0.26,21.42,0.27,34.25,0.01,0.01,2316.620474,1776351969000
1776351972.694,72.694,0.73,42.96,0.71,67.75,0.75,191.5,0.76,204.5,0.25,181.5,0.24,170.5,0.26,0.42,0.27,34.25,0.02,0.01,2316.679418,1776351971000
1776351976.505,76.505,0.76,72.5,0.75,60.5,0.77,97.0,0.78,245.78,0.25,191.5,0.24,204.5,0.27,42.96,0.29,67.75,0.01,0.02,2316.670324,1776351975000
1776351978.176,78.176,0.76,65.5,0.75,60.5,0.77,2.0,0.78,256.28,0.23,92.0,0.22,245.78,0.24,67.5,0.25,65.5,0.01,0.01,2316.624786,1776351976000
1776351979.029,79.029,0.76,160.5,0.75,86.5,0.77,0.82,0.78,141.28,0.23,2.0,0.22,256.28,0.24,65.5,0.25,60.5,0.01,0.01,2316.681245,1776351977000
1776351983.054,83.054,0.75,5.0,0.74,70.5,0.76,47.3,0.77,31.5,0.22,141.28,0.21,20.5,0.24,155.5,0.25,86.5,0.01,0.02,2316.851298,1776351981000
1776351983.99,83.99,0.73,10.0,0.72,45.0,0.76,182.8,0.77,131.5,0.24,47.3,0.23,31.5,0.25,5.0,0.26,70.5,0.03,0.01,2316.690623,1776351982000
1776351984.397,84.397,0.72,35.5,0.71,84.75,0.73,16.0,0.74,121.0,0.24,182.8,0.23,131.5,0.27,10.0,0.28,45.0,0.01,0.03,2316.671427,1776351983000
1776351984.844,84.844,0.72,148.7,0.71,172.75,0.73,1.0,0.74,6.0,0.27,16.0,0.26,121.0,0.28,35.5,0.29,84.75,0.01,0.01,2316.671427,1776351983000
1776351985.236,85.236,0.73,92.5,0.72,119.5,0.74,0.52,0.75,10.0,0.26,1.88,0.25,10.0,0.28,153.7,0.29,172.75,0.01,0.02,2316.661821,1776351984000
1776351989.676,89.676,0.75,47.5,0.74,60.5,0.76,45.0,0.77,60.0,0.26,0.52,0.25,10.0,0.27,92.5,0.28,119.5,0.01,0.01,2316.539555,1776351988000
1776351996.812,96.812,0.78,65.5,0.77,152.5,0.79,15.75,0.8,57.5,0.24,45.0,0.23,60.0,0.25,47.5,0.26,60.5,0.01,0.01,2317.04364,1776351995000
1776351997.656,97.656,0.81,23.5,0.8,55.0,0.82,70.5,0.83,270.5,0.21,15.75,0.2,57.5,0.22,65.5,0.23,152.5,0.01,0.01,2317.037059,1776351996000
1776351997.931,97.931,0.81,4.5,0.8,35.0,0.82,649.0,0.83,370.5,0.18,70.5,0.17,270.5,0.19,23.5,0.2,55.0,0.01,0.01,2317.072433,1776351997000
1776351999.558,99.558,0.8,656.14,0.79,663.06,0.81,5.0,0.82,548.78,0.18,610.78,0.17,370.5,0.2,35.0,0.21,86.06,0.01,0.02,2317.08978,1776351998000
1776352002.019,102.019,0.81,39.0,0.8,50.0,0.82,580.28,0.83,270.5,0.18,548.78,0.17,280.5,0.19,15.0,0.2,656.14,0.01,0.01,2317.185375,1776352000000
1776352002.573,102.573,0.79,95.56,0.78,70.5,0.8,13.75,0.81,111.5,0.19,23.0,0.18,580.28,0.2,0.08,0.21,111.06,0.01,0.01,2317.178561,1776352001000
1776352004.993,104.993,0.77,3.0,0.76,49.0,0.78,92.0,0.79,95.0,0.2,13.75,0.19,111.5,0.21,95.56,0.22,70.5,0.01,0.01,2316.987667,1776352003000
1776352005.254,105.254,0.77,47.0,0.76,52.0,0.78,74.0,0.79,565.0,0.22,87.0,0.21,90.0,0.23,12.65,0.24,42.0,0.01,0.01,2316.979985,1776352004000
1776352005.507,105.507,0.77,40.0,0.76,517.5,0.78,77.75,0.79,85.0,0.22,74.0,0.21,565.0,0.23,47.0,0.24,52.0,0.01,0.01,2316.979985,1776352004000
1776352007.298,107.298,0.76,569.46,0.75,90.5,0.78,100.75,0.79,80.0,0.22,72.75,0.21,85.0,0.23,40.0,0.24,517.5,0.02,0.01,2316.84115,1776352005000
1776352007.9,107.9,0.77,163.31,0.76,541.46,0.78,48.75,0.79,80.0,0.22,100.75,0.21,80.0,0.24,569.46,0.25,90.5,0.01,0.02,2316.805676,1776352006000
1776352008.951,108.951,0.8,15.5,0.79,80.5,0.81,20.24,0.82,73.78,0.22,48.75,0.21,80.0,0.23,163.31,0.24,541.46,0.01,0.01,2316.76503,1776352007000
1776352011.593,111.593,0.8,27.24,0.79,40.0,0.81,515.55,0.82,94.28,0.19,13.92,0.18,84.28,0.2,96.5,0.21,45.5,0.01,0.01,2317.105215,1776352010000
1776352012.326,112.326,0.79,10.0,0.77,56.75,0.81,586.55,0.82,196.68,0.19,577.55,0.18,94.28,0.2,19.24,0.21,10.0,0.02,0.01,2317.072911,1776352011000
1776352015.243,115.243,0.77,665.25,0.76,175.5,0.78,1.69,0.79,18.0,0.19,586.55,0.18,196.68,0.21,10.0,0.23,56.75,0.01,0.02,2316.674099,1776352014000
1776352015.696,115.696,0.79,157.5,0.78,550.5,0.8,5.0,0.81,20.0,0.22,1.69,0.21,18.0,0.23,665.25,0.24,175.5,0.01,0.01,2316.674099,1776352014000
1776352018.032,118.032,0.8,67.5,0.79,570.5,0.81,13.0,0.82,90.5,0.19,14.88,0.18,73.78,0.2,36.5,0.21,108.5,0.01,0.01,2317.056558,1776352017000
1776352019.001,119.001,0.79,40.0,0.78,54.5,0.81,555.5,0.82,95.5,0.19,13.0,0.18,90.5,0.2,67.5,0.21,570.5,0.02,0.01,2317.056558,1776352017000
1776352020.419,120.419,0.78,55.5,0.77,586.5,0.79,6.36,0.8,80.5,0.19,555.5,0.18,95.5,0.21,40.0,0.22,54.5,0.01,0.02,2317.102063,1776352019000
1776352020.662,120.662,0.78,65.5,0.77,602.5,0.8,65.4,0.81,545.5,0.21,6.36,0.2,80.5,0.22,55.5,0.23,586.5,0.02,0.01,2317.102063,1776352019000
1776352022.078,122.078,0.77,10.0,0.76,110.0,0.78,31.0,0.79,31.0,0.2,65.4,0.19,545.5,0.22,65.5,0.23,602.5,0.01,0.02,2316.856446,1776352021000
1776352022.99,122.99,0.77,39.75,0.76,30.0,0.78,558.5,0.79,111.5,0.22,31.0,0.21,31.0,0.23,10.0,0.24,110.0,0.01,0.01,2316.856446,1776352021000
1776352023.338,123.338,0.77,0.75,0.76,30.0,0.78,553.5,0.79,133.2,0.22,558.5,0.21,111.5,0.23,39.75,0.24,30.0,0.01,0.01,2316.684825,1776352022000
1776352023.616,123.616,0.76,35.0,0.75,80.0,0.77,46.5,0.78,66.5,0.22,553.5,0.21,133.2,0.24,30.0,0.25,80.0,0.01,0.02,2316.684825,1776352022000
1776352025.014,125.014,0.75,60.0,0.74,103.0,0.76,36.5,0.77,35.5,0.23,46.5,0.22,66.5,0.24,35.0,0.25,80.0,0.01,0.01,2316.448872,1776352023000
1776352025.85,125.85,0.74,82.0,0.73,275.0,0.75,74.5,0.76,88.5,0.24,36.5,0.23,35.5,0.25,60.0,0.26,103.0,0.01,0.01,2316.241163,1776352024000
1776352026.528,126.528,0.73,120.0,0.72,175.0,0.75,563.5,0.76,202.5,0.25,74.5,0.24,88.5,0.26,82.0,0.27,275.0,0.02,0.01,2316.241163,1776352024000
1776352027.306,127.306,0.72,135.0,0.71,272.25,0.73,32.04,0.74,30.5,0.25,563.5,0.24,202.5,0.27,120.0,0.28,175.0,0.01,0.02,2316.233922,1776352026000
1776352028.37,128.37,0.72,6.42,0.71,272.25,0.73,517.04,0.74,69.2,0.27,32.04,0.26,30.5,0.28,135.0,0.29,272.25,0.01,0.01,2316.233922,1776352026000
1776352030.299,130.299,0.74,50.7,0.73,27.5,0.75,84.88,0.76,30.5,0.27,517.04,0.26,69.2,0.29,272.25,0.3,179.81,0.01,0.02,2315.747243,1776352029000
1776352030.79,130.79,0.74,48.96,0.73,507.5,0.75,79.88,0.76,30.5,0.25,79.88,0.24,30.5,0.26,55.7,0.27,27.5,0.01,0.01,2315.747243,1776352029000
1776352031.497,131.497,0.73,6.0,0.72,21.0,0.74,35.0,0.75,604.88,0.25,79.88,0.24,30.5,0.26,48.96,0.27,507.5,0.01,0.01,2315.861907,1776352030000
1776352031.802,131.802,0.73,6.0,0.72,21.0,0.74,20.0,0.75,124.88,0.26,35.0,0.25,604.88,0.27,6.0,0.28,21.0,0.01,0.01,2315.861907,1776352030000
1776352033.856,133.856,0.74,108.5,0.73,99.5,0.75,40.0,0.76,45.0,0.26,25.0,0.25,124.88,0.28,15.0,0.29,287.75,0.01,0.02,2315.953734,1776352032000
1776352036.332,136.332,0.75,10.0,0.74,590.5,0.76,29.88,0.77,15.0,0.25,40.0,0.24,45.0,0.26,108.5,0.27,99.5,0.01,0.01,2316.18454,1776352035000
1776352036.626,136.626,0.75,55.0,0.74,577.5,0.76,3.56,0.77,10.0,0.24,4.88,0.23,15.0,0.25,10.0,0.26,590.5,0.01,0.01,2316.18454,1776352035000
1776352037.076,137.076,0.75,635.5,0.74,113.5,0.78,62.56,0.79,73.0,0.24,3.56,0.23,10.0,0.25,55.0,0.26,577.5,0.03,0.01,2316.18454,1776352035000
1776352037.41,137.41,0.77,136.5,0.76,548.5,0.78,7.0,0.79,70.0,0.22,60.0,0.21,73.0,0.25,635.5,0.26,113.5,0.01,0.03,2316.247811,1776352036000
1776352037.785,137.785,0.77,164.5,0.76,565.5,0.78,7.0,0.79,70.0,0.22,7.0,0.21,70.0,0.23,136.5,0.24,548.5,0.01,0.01,2316.247811,1776352036000
1776352040.619,140.619,0.82,678.5,0.81,251.5,0.84,130.0,0.85,70.0,0.22,0.58,0.21,70.0,0.23,164.5,0.24,565.5,0.02,0.01,2316.636634,1776352039000
1776352040.94,140.94,0.83,133.11,0.82,170.5,0.86,90.0,0.87,160.0,0.16,130.0,0.15,70.0,0.18,678.5,0.19,251.5,0.03,0.02,2316.636634,1776352039000
1776352042.377,142.377,0.85,591.5,0.84,47.5,0.86,14.0,0.87,10.0,0.14,90.0,0.13,160.0,0.17,133.11,0.18,170.5,0.01,0.03,2316.857508,1776352040000
1776352042.676,142.676,0.86,8.0,0.85,558.5,0.88,160.0,0.89,60.0,0.12,160.0,0.11,60.0,0.15,591.5,0.16,47.5,0.02,0.03,2316.961928,1776352041000
1776352043.502,143.502,0.87,639.0,0.85,62.5,0.88,103.88,0.89,60.0,0.12,160.0,0.11,60.0,0.15,527.5,0.16,40.5,0.01,0.03,2317.701358,1776352042000
1776352044.364,144.364,0.87,699.0,0.86,12.0,0.88,8.86,0.89,60.0,0.11,60.0,0.1,159.0,0.13,639.0,0.15,58.5,0.01,0.02,2317.747565,1776352043000
1776352045.179,145.179,0.87,626.0,0.85,39.5,0.89,85.0,0.9,70.0,0.11,60.0,0.1,159.0,0.12,6.14,0.13,699.0,0.02,0.01,2317.747565,1776352043000
1776352046.416,146.416,0.88,26.0,0.87,52.0,0.89,33.0,0.9,70.0,0.11,90.0,0.1,70.0,0.13,626.0,0.15,39.5,0.01,0.02,2317.833333,1776352044000
1776352046.791,146.791,0.87,106.27,0.86,18.0,0.89,14.0,0.9,70.0,0.11,29.0,0.1,70.0,0.13,38.0,0.14,18.0,0.02,0.02,2317.841191,1776352045000
1776352047.039,147.039,0.88,20.0,0.87,109.27,0.89,14.0,0.9,132.0,0.11,14.0,0.1,70.0,0.13,106.27,0.14,18.0,0.01,0.02,2317.841191,1776352045000
1776352048.022,148.022,0.87,40.27,0.86,498.0,0.88,46.5,0.89,61.29,0.11,14.0,0.1,132.0,0.12,20.0,0.13,109.27,0.01,0.01,2317.845609,1776352046000
1776352049.898,149.898,0.89,20.0,0.88,523.5,0.9,85.0,0.91,295.0,0.12,46.5,0.11,61.29,0.13,40.27,0.14,498.0,0.01,0.01,2317.713359,1776352048000
1776352050.264,150.264,0.88,527.2,0.87,65.77,0.9,85.0,0.91,295.0,0.1,85.0,0.09,295.0,0.11,20.0,0.12,523.5,0.02,0.01,2317.643591,1776352049000
1776352050.567,150.567,0.88,537.2,0.87,60.77,0.89,3.47,0.9,113.0,0.1,85.0,0.09,295.0,0.12,527.2,0.13,65.77,0.01,0.02,2317.643591,1776352049000
1776352050.854,150.854,0.88,554.59,0.87,65.77,0.9,75.0,0.91,322.0,0.1,80.0,0.09,295.0,0.12,527.2,0.13,60.77,0.02,0.02,2317.643591,1776352049000
1776352051.187,151.187,0.88,559.59,0.87,73.77,0.9,71.41,0.91,295.0,0.1,75.0,0.09,322.0,0.12,554.59,0.13,65.77,0.02,0.02,2317.877515,1776352050000
1776352051.792,151.792,0.89,510.0,0.88,59.59,0.91,304.35,0.92,100.9,0.1,70.29,0.09,295.0,0.12,559.59,0.13,73.77,0.02,0.02,2317.877515,1776352050000
1776352052.419,152.419,0.9,601.0,0.89,129.0,0.91,292.7,0.92,100.9,0.09,304.35,0.08,100.9,0.11,510.0,0.12,59.59,0.01,0.02,2317.925975,1776352051000
1776352052.74,152.74,0.9,48.7,0.89,524.0,0.91,302.7,0.92,100.9,0.09,292.7,0.08,100.9,0.1,601.0,0.11,129.0,0.01,0.01,2317.925975,1776352051000
1776352054.189,154.189,0.9,48.7,0.89,535.5,0.91,307.16,0.92,120.9,0.09,302.7,0.08,100.9,0.1,48.7,0.11,524.0,0.01,0.01,2318.002788,1776352052000
1776352054.458,154.458,0.9,35.6,0.89,554.5,0.91,232.16,0.92,148.9,0.09,307.16,0.08,120.9,0.1,48.7,0.11,535.5,0.01,0.01,2317.93552,1776352053000
1776352056.721,156.721,0.88,47.09,0.87,117.5,0.89,27.78,0.9,60.5,0.09,232.16,0.08,148.9,0.1,35.6,0.11,554.5,0.01,0.01,2317.940935,1776352055000
1776352057.099,157.099,0.88,87.59,0.87,675.5,0.9,32.78,0.91,186.16,0.11,27.78,0.1,60.5,0.12,47.09,0.13,117.5,0.02,0.01,2317.940935,1776352055000
1776352058.178,158.178,0.9,41.66,0.89,40.0,0.91,191.16,0.92,145.9,0.1,32.78,0.09,186.16,0.12,87.59,0.13,675.5,0.01,0.02,2317.947304,1776352056000
1776352060.941,160.941,0.9,41.66,0.89,10.0,0.91,90.06,0.92,155.9,0.09,191.16,0.08,145.9,0.1,36.66,0.11,60.0,0.01,0.01,2317.839875,1776352059000
1776352061.189,161.189,0.9,46.66,0.89,10.0,0.91,53.41,0.92,155.9,0.09,90.06,0.08,155.9,0.1,41.66,0.11,10.0,0.01,0.01,2317.794049,1776352060000
1776352061.429,161.429,0.9,122.26,0.89,30.5,0.91,46.93,0.92,173.9,0.09,53.41,0.08,155.9,0.1,46.66,0.11,10.0,0.01,0.01,2317.794049,1776352060000
1776352061.724,161.724,0.9,122.76,0.89,50.5,0.91,45.28,0.92,173.9,0.09,46.93,0.08,173.9,0.1,122.26,0.11,30.5,0.01,0.01,2317.794049,1776352060000
1776352062.567,162.567,0.9,97.76,0.89,40.5,0.91,31.17,0.92,150.9,0.09,29.33,0.08,173.9,0.1,122.76,0.11,50.5,0.01,0.01,2317.792588,1776352061000
1776352062.776,162.776,0.9,42.26,0.89,30.0,0.91,34.57,0.92,145.9,0.09,36.22,0.08,145.9,0.1,42.26,0.11,40.0,0.01,0.01,2317.792588,1776352061000
1776352062.995,162.995,0.9,22.66,0.89,10.0,0.91,44.57,0.92,145.9,0.09,34.57,0.08,145.9,0.1,42.26,0.11,30.0,0.01,0.01,2317.848815,1776352062000
1776352063.85,163.85,0.9,82.26,0.89,20.5,0.92,126.77,0.93,234.3,0.09,44.57,0.08,145.9,0.1,22.66,0.11,10.0,0.02,0.01,2317.848815,1776352062000
1776352064.336,164.336,0.91,165.18,0.9,144.76,0.92,77.87,0.93,261.3,0.08,82.87,0.07,234.3,0.09,85.0,0.1,88.26,0.01,0.01,2317.842567,1776352063000
1776352066.322,166.322,0.91,380.0,0.9,30.5,0.92,3.18,0.93,164.0,0.08,77.87,0.07,261.3,0.09,165.18,0.1,144.76,0.01,0.01,2317.860286,1776352064000
1776352066.712,166.712,0.92,311.0,0.91,235.0,0.93,50.77,0.94,141.0,0.07,154.0,0.06,141.0,0.08,132.0,0.09,365.0,0.01,0.01,2317.981955,1776352065000
1776352070.078,170.078,0.92,254.65,0.91,25.5,0.94,113.76,0.95,531.75,0.07,50.77,0.06,141.0,0.08,311.0,0.09,235.0,0.02,0.01,2318.429965,1776352068000
1776352072.709,172.709,0.93,45.0,0.92,99.15,0.94,55.12,0.95,443.95,0.06,113.76,0.05,531.75,0.08,254.65,0.09,25.5,0.01,0.02,2318.338918,1776352071000
1776352074.563,174.563,0.93,62.64,0.92,99.15,0.94,50.12,0.95,325.95,0.06,55.12,0.05,443.95,0.07,45.0,0.08,99.15,0.01,0.01,2318.368101,1776352072000
1776352075.187,175.187,0.94,19.88,0.93,112.64,0.95,325.95,0.96,257.0,0.06,50.12,0.05,325.95,0.07,62.64,0.08,99.15,0.01,0.01,2318.811274,1776352073000
1776352075.485,175.485,0.94,38.0,0.93,72.0,0.95,320.73,0.96,257.0,0.05,325.95,0.04,257.0,0.06,19.88,0.07,112.64,0.01,0.01,2318.91358,1776352074000
1776352076.428,176.428,0.94,78.0,0.93,112.0,0.95,319.08,0.96,257.0,0.05,315.14,0.04,257.0,0.06,38.0,0.07,92.0,0.01,0.01,2318.99137,1776352075000
1776352076.716,176.716,0.94,78.0,0.93,77.5,0.95,306.86,0.96,257.0,0.05,312.08,0.04,257.0,0.06,78.0,0.07,72.0,0.01,0.01,2318.99137,1776352075000
1776352077.954,177.954,0.94,620.0,0.93,126.8,0.95,153.73,0.96,257.0,0.05,306.86,0.04,257.0,0.06,78.0,0.07,77.5,0.01,0.01,2319.111891,1776352076000
1776352078.291,178.291,0.94,620.0,0.93,126.8,0.95,148.46,0.96,257.0,0.05,153.73,0.04,257.0,0.06,620.0,0.07,126.8,0.01,0.01,2319.070063,1776352077000
1776352079.902,179.902,0.94,595.0,0.93,106.8,0.95,21.36,0.96,276.0,0.05,148.46,0.04,257.0,0.06,620.0,0.07,126.8,0.01,0.01,2319.11429,1776352078000
1776352080.4,180.4,0.94,592.5,0.93,106.8,0.95,20.3,0.96,276.0,0.05,21.36,0.04,276.0,0.06,595.0,0.07,106.8,0.01,0.01,2319.146626,1776352079000
1776352080.731,180.731,0.94,613.04,0.93,106.8,0.95,7.91,0.96,276.0,0.05,13.18,0.04,276.0,0.06,613.04,0.07,106.8,0.01,0.01,2319.146626,1776352079000
1776352080.95,180.95,0.94,613.04,0.93,106.8,0.95,0.52,0.96,276.0,0.05,5.79,0.04,276.0,0.06,613.04,0.07,106.8,0.01,0.01,2319.146626,1776352079000
1776352081.354,181.354,0.94,717.04,0.93,96.8,0.96,156.12,0.97,598.25,0.04,268.17,0.03,990.25,0.06,607.04,0.07,106.8,0.02,0.02,2319.07251,1776352080000
1776352081.788,181.788,0.95,136.26,0.94,680.35,0.96,155.08,0.97,510.25,0.04,151.12,0.03,598.25,0.06,707.04,0.07,96.8,0.01,0.02,2319.07251,1776352080000
1776352082.038,182.038,0.95,125.52,0.94,604.66,0.96,152.47,0.97,510.25,0.04,162.47,0.03,510.25,0.05,141.26,0.06,690.35,0.01,0.01,2319.07251,1776352080000
1776352082.272,182.272,0.95,25.52,0.94,575.66,0.96,122.47,0.97,510.25,0.04,152.47,0.03,510.25,0.05,125.52,0.06,604.66,0.01,0.01,2319.07251,1776352080000
1776352082.854,182.854,0.95,60.52,0.94,90.66,0.96,151.42,0.97,510.25,0.04,122.47,0.03,510.25,0.05,25.52,0.06,575.66,0.01,0.01,2319.07251,1776352080000
1776352083.614,183.614,0.95,220.32,0.94,130.46,0.96,16.17,0.97,510.25,0.04,151.17,0.03,510.25,0.05,60.52,0.06,90.66,0.01,0.01,2319.370522,1776352082000
1776352083.818,183.818,0.96,142.0,0.95,215.32,0.97,485.17,0.98,628.7,0.03,505.05,0.02,628.7,0.04,142.0,0.05,215.32,0.01,0.01,2319.370522,1776352082000
1776352084.072,184.072,0.96,142.0,0.95,187.32,0.97,607.42,0.98,628.7,0.03,485.17,0.02,628.7,0.04,142.0,0.05,215.32,0.01,0.01,2319.26809,1776352083000
1776352084.298,184.298,0.96,154.0,0.95,170.32,0.97,601.38,0.98,628.7,0.03,607.42,0.02,628.7,0.04,142.0,0.05,187.32,0.01,0.01,2319.26809,1776352083000
1776352084.505,184.505,0.96,149.0,0.95,218.12,0.97,596.2,0.98,445.0,0.03,597.24,0.02,445.0,0.04,139.0,0.05,218.12,0.01,0.01,2319.26809,1776352083000
1776352085.52,185.52,0.96,210.0,0.95,217.12,0.97,482.64,0.98,569.0,0.03,572.46,0.02,445.0,0.04,149.0,0.05,228.12,0.01,0.01,2319.12533,1776352084000
1776352086.049,186.049,0.96,239.0,0.95,207.12,0.97,343.49,0.98,569.0,0.03,372.36,0.02,569.0,0.04,210.0,0.05,217.12,0.01,0.01,2319.12533,1776352084000
1776352086.75,186.75,0.96,306.0,0.95,251.33,0.97,336.49,0.98,569.0,0.03,343.49,0.02,569.0,0.04,239.0,0.05,207.12,0.01,0.01,2319.496637,1776352085000
1776352086.954,186.954,0.96,306.0,0.95,251.33,0.97,322.49,0.98,569.0,0.03,329.49,0.02,569.0,0.04,306.0,0.05,251.33,0.01,0.01,2319.496637,1776352085000
1776352087.216,187.216,0.96,306.0,0.95,251.33,0.97,266.49,0.98,569.0,0.03,272.49,0.02,569.0,0.04,306.0,0.05,251.33,0.01,0.01,2319.496637,1776352085000
1776352087.431,187.431,0.96,306.0,0.95,251.33,0.97,246.49,0.98,569.0,0.03,259.49,0.02,569.0,0.04,306.0,0.05,251.33,0.01,0.01,2320.021711,1776352086000
1776352087.652,187.652,0.96,278.0,0.95,281.33,0.97,159.49,0.98,569.0,0.03,166.49,0.02,569.0,0.04,278.0,0.05,281.33,0.01,0.01,2320.021711,1776352086000
1776352087.869,187.869,0.96,278.0,0.95,681.33,0.97,132.18,0.98,569.0,0.03,137.18,0.02,569.0,0.04,278.0,0.05,681.33,0.01,0.01,2320.021711,1776352086000
1776352088.082,188.082,0.97,24.0,0.96,174.0,0.98,524.33,0.99,2503.32,0.02,569.0,0.01,2503.32,0.03,7.0,0.04,278.0,0.01,0.01,2320.01879,1776352087000
1776352088.578,188.578,0.97,223.0,0.96,174.0,0.98,474.33,0.99,2503.32,0.02,524.33,0.01,2503.32,0.03,24.0,0.04,174.0,0.01,0.01,2320.01879,1776352087000
1776352090.015,190.015,0.97,444.0,0.96,131.0,0.98,442.29,0.99,2509.74,0.02,472.29,0.01,2503.32,0.03,223.0,0.04,174.0,0.01,0.01,2320.115047,1776352088000
1776352090.948,190.948,0.97,460.27,0.96,171.7,0.98,297.88,0.99,2504.74,0.02,442.29,0.01,2509.74,0.03,444.0,0.04,131.0,0.01,0.01,2320.116892,1776352089000
1776352091.678,191.678,0.97,475.27,0.96,151.7,0.98,267.88,0.99,2504.74,0.02,297.88,0.01,2504.74,0.03,460.27,0.04,171.7,0.01,0.01,2320.11539,1776352090000
1776352092.405,192.405,0.97,425.4,0.96,157.2,0.98,367.88,0.99,2454.74,0.02,267.88,0.01,2504.74,0.03,475.27,0.04,151.7,0.01,0.01,2320.11539,1776352091000
1776352093.297,193.297,0.97,334.0,0.96,272.2,0.98,337.88,0.99,2469.74,0.02,367.88,0.01,2454.74,0.03,425.4,0.04,157.2,0.01,0.01,2320.041178,1776352092000
1776352094.471,194.471,0.97,363.27,0.96,262.2,0.98,216.88,0.99,2469.74,0.02,337.88,0.01,2469.74,0.03,334.0,0.04,272.2,0.01,0.01,2320.049943,1776352093000
1776352095.658,195.658,0.97,589.31,0.96,157.2,0.98,298.89,0.99,1991.14,0.02,310.74,0.01,2469.74,0.03,364.31,0.04,462.2,0.01,0.01,2320.283625,1776352094000
1776352095.945,195.945,0.97,622.58,0.96,147.2,0.98,273.89,0.99,1991.14,0.02,298.89,0.01,1991.14,0.03,589.31,0.04,157.2,0.01,0.01,2320.283625,1776352094000
1776352096.305,196.305,0.97,613.31,0.96,147.2,0.98,268.83,0.99,1991.14,0.02,273.89,0.01,1991.14,0.03,622.58,0.04,147.2,0.01,0.01,2320.34113,1776352095000
1776352096.723,196.723,0.97,499.97,0.96,177.2,0.98,63.83,0.99,1991.14,0.02,268.83,0.01,1991.14,0.03,613.31,0.04,147.2,0.01,0.01,2320.34113,1776352095000
1776352097.519,197.519,0.97,910.37,0.96,147.2,0.98,102.6,0.99,1991.14,0.02,53.63,0.01,1991.14,0.03,509.24,0.04,177.2,0.01,0.01,2320.393495,1776352096000
1776352097.788,197.788,0.98,208.63,0.97,910.37,0.99,1991.14,,,0.02,91.37,0.01,1991.14,0.03,919.64,0.04,147.2,0.01,0.01,2320.393495,1776352096000
1776352098.103,198.103,0.98,694.88,0.97,851.37,0.99,1970.93,,,0.01,1991.14,,,0.02,208.63,0.03,910.37,0.01,0.01,2320.909153,1776352097000
1776352098.414,198.414,0.98,701.88,0.97,851.37,0.99,1403.93,,,0.01,1588.93,,,0.02,701.88,0.03,851.37,0.01,0.01,2320.909153,1776352097000
1776352098.626,198.626,0.98,746.88,0.97,851.37,0.99,1355.47,,,0.01,1352.47,,,0.02,706.88,0.03,851.37,0.01,0.01,2320.909153,1776352097000
1776352099.373,199.373,0.99,1393.38,0.98,290.7,,,,,,,,,0.01,1169.53,0.02,746.88,,,2321.21756,1776352098000
1776352100.627,200.627,0.99,1369.29,0.98,290.7,,,,,,,,,0.01,1393.38,0.02,290.7,,,2321.206292,1776352099000
1776352101.191,201.191,0.99,1403.53,0.98,499.46,,,,,,,,,0.01,1369.29,0.02,290.7,,,2321.206292,1776352099000
1776352104.4,204.4,0.99,1303.91,0.98,293.7,,,,,,,,,0.01,1403.53,0.02,499.46,,,2320.934418,1776352103000
1776352105.494,205.494,0.99,1294.82,0.98,293.7,,,,,,,,,0.01,1303.91,0.02,293.7,,,2320.978118,1776352104000
1776352107.368,207.368,0.99,1303.91,0.98,349.69,,,,,,,,,0.01,1294.82,0.02,293.7,,,2321.129565,1776352105000
1776352108.202,208.202,0.99,1283.91,0.98,349.69,,,,,,,,,0.01,1303.91,0.02,349.69,,,2321.073898,1776352106000
1776352109.18,209.18,0.99,1279.82,0.98,165.99,,,,,,,,,0.01,1283.91,0.02,349.69,,,2321.076264,1776352107000
1776352110.989,210.989,0.99,1379.82,0.98,304.21,,,,,,,,,0.01,1279.82,0.02,165.99,,,2320.690182,1776352109000
1776352111.534,211.534,0.99,1359.82,0.98,304.21,,,,,,,,,0.01,1379.82,0.02,304.21,,,2320.690182,1776352109000
1776352113.724,213.724,0.99,1365.9,0.98,126.5,,,,,,,,,0.01,1359.82,0.02,304.21,,,2320.336126,1776352112000
1776352115.25,215.25,0.99,1280.67,0.98,126.5,,,,,,,,,0.01,1365.9,0.02,126.5,,,2320.331336,1776352113000
1776352116.695,216.695,0.99,1259.76,0.98,50.0,,,,,,,,,0.01,1280.67,0.02,126.5,,,2320.082349,1776352115000
1776352117.06,217.06,0.99,1225.67,0.98,39.0,,,,,,,,,0.01,1259.76,0.02,50.0,,,2320.082349,1776352115000
1776352117.311,217.311,0.99,1126.76,0.98,10.0,,,,,,,,,0.01,1225.67,0.02,39.0,,,2320.082349,1776352115000
1776352118.45,218.45,0.98,10.0,0.97,512.17,,,,,,,,,0.01,1126.76,0.02,10.0,,,2319.77547,1776352117000
1776352120.398,220.398,0.97,57.49,0.96,132.2,,,,,,,,,0.02,18.0,0.03,512.17,,,2319.420142,1776352118000
1776352120.69,220.69,0.98,22.5,0.97,296.19,0.99,226.71,,,,,,,0.03,57.49,0.04,132.2,0.01,,2319.420142,1776352118000
1776352120.993,220.993,0.98,22.5,0.97,296.19,0.99,109.1,,,0.01,78.1,,,0.02,22.5,0.03,296.19,0.01,0.01,2319.386656,1776352119000
1776352121.384,221.384,0.98,46.5,0.97,301.19,0.99,385.72,,,0.01,109.1,,,0.02,22.5,0.03,296.19,0.01,0.01,2319.386656,1776352119000
1776352121.606,221.606,0.98,172.5,0.97,186.19,0.99,424.41,,,0.01,365.39,,,0.02,51.5,0.03,301.19,0.01,0.01,2319.427141,1776352120000
1776352121.91,221.91,0.98,177.5,0.97,186.19,0.99,420.1,,,0.01,421.12,,,0.02,177.5,0.03,186.19,0.01,0.01,2319.427141,1776352120000
1776352122.395,222.395,0.98,186.5,0.97,186.19,0.99,438.19,,,0.01,420.1,,,0.02,177.5,0.03,186.19,0.01,0.01,2319.370196,1776352121000
1776352122.699,222.699,0.98,174.56,0.97,186.19,0.99,82.73,,,0.01,438.19,,,0.02,179.56,0.03,186.19,0.01,0.01,2319.370196,1776352121000
1776352122.971,222.971,0.98,363.26,0.97,201.19,0.99,94.71,,,0.01,81.71,,,0.02,174.56,0.03,186.19,0.01,0.01,2319.370196,1776352121000
1776352123.535,223.535,0.99,356.6,0.98,271.89,,,,,,,,,0.01,205.29,0.02,363.26,,,2319.370196,1776352121000
1776352129.293,229.293,0.99,724.2,0.98,296.89,,,,,,,,,0.01,356.6,0.02,271.89,,,2320.094975,1776352128000
1776352133.615,233.615,0.99,757.97,0.98,320.89,,,,,,,,,0.01,724.2,0.02,296.89,,,2319.403405,1776352132000
1776352135.281,235.281,0.99,767.88,0.98,430.89,,,,,,,,,0.01,757.97,0.02,320.89,,,2319.941388,1776352134000
1776352171.345,271.345,0.99,25021.99,0.98,256.08,,,,,,,,,0.01,767.88,0.02,430.89,,,2327.407605,1776352169000
1776352193.283,293.283,0.991,400.0,0.99,8974.93,0.999,209.93,,,,,,,0.01,25021.99,0.02,256.08,0.008,,2323.638952,1776352192000

# RESULT,winner=Up,slug=eth-updown-5m-1776351900,ticks=287
