timestamp,elapsed_sec,up_bid_p1,up_bid_s1,up_bid_p2,up_bid_s2,up_ask_p1,up_ask_s1,up_ask_p2,up_ask_s2,down_bid_p1,down_bid_s1,down_bid_p2,down_bid_s2,down_ask_p1,down_ask_s1,down_ask_p2,down_ask_s2,up_spread,down_spread,eth_price,eth_oracle_ts
1776308100.542,0.542,0.49,15.0,0.47,8.51,0.52,20.0,0.6,38.0,0.48,20.0,0.4,38.0,0.51,15.0,0.53,8.51,0.03,0.03,2357.015017,1776308099000
1776308101.212,1.212,0.49,15.0,0.47,8.51,0.52,15.0,0.6,38.0,0.48,15.0,0.4,38.0,0.51,15.0,0.53,8.51,0.03,0.03,2357.00132,1776308100000
1776308102.815,2.815,0.49,15.0,0.47,8.51,0.52,15.0,0.6,38.0,0.48,15.0,0.4,38.0,0.51,15.0,0.53,8.51,0.03,0.03,2357.093717,1776308101000
1776308103.263,3.263,0.51,36.5,0.5,27.0,0.52,15.0,0.53,5.0,0.48,15.0,0.47,5.0,0.49,38.75,0.5,17.0,0.01,0.01,2357.093717,1776308101000
1776308103.553,3.553,0.51,33.31,0.5,27.0,0.52,15.0,0.53,5.0,0.48,15.0,0.47,5.0,0.49,33.31,0.5,27.0,0.01,0.01,2357.153019,1776308102000
1776308104.247,4.247,0.51,33.31,0.5,27.0,0.52,15.0,0.53,5.0,0.48,15.0,0.47,5.0,0.49,33.31,0.5,27.0,0.01,0.01,2357.18392,1776308103000
1776308105.437,5.437,0.51,35.79,0.5,27.0,0.52,15.0,0.53,5.0,0.48,15.0,0.47,5.0,0.49,33.31,0.5,27.0,0.01,0.01,2357.18392,1776308103000
1776308105.744,5.744,0.51,35.79,0.5,27.0,0.52,15.0,0.53,5.0,0.48,15.0,0.47,5.0,0.49,35.79,0.5,27.0,0.01,0.01,2357.162155,1776308104000
1776308106.591,6.591,0.51,45.99,0.5,27.0,0.52,10.0,0.54,5.0,0.48,15.0,0.47,5.0,0.49,35.79,0.5,27.0,0.01,0.01,2357.162155,1776308104000
1776308106.818,6.818,0.51,45.99,0.5,27.0,0.52,0.91,0.54,5.0,0.48,0.91,0.46,5.0,0.49,45.99,0.5,27.0,0.01,0.01,2357.155915,1776308105000
1776308107.382,7.382,0.51,45.99,0.5,27.0,0.52,0.91,0.54,5.0,0.48,0.91,0.46,5.0,0.49,45.99,0.5,27.0,0.01,0.01,2357.230086,1776308106000
1776308107.952,7.952,0.51,45.99,0.5,27.0,0.52,0.91,0.54,5.0,0.48,0.91,0.46,5.0,0.49,45.99,0.5,27.0,0.01,0.01,2357.254877,1776308107000
1776308108.949,8.949,0.51,45.99,0.5,27.0,0.52,0.91,0.54,5.0,0.48,0.91,0.46,5.0,0.49,45.99,0.5,27.0,0.01,0.01,2357.18949,1776308108000
1776308109.255,9.255,0.5,10.0,0.49,105.0,0.51,20.0,0.52,20.91,0.48,10.91,0.47,15.0,0.51,90.0,0.52,75.0,0.01,0.03,2357.18949,1776308108000
1776308109.929,9.929,0.49,100.0,0.48,265.0,0.51,20.0,0.52,20.91,0.49,20.0,0.48,20.91,0.51,100.0,0.52,265.0,0.02,0.02,2357.20884,1776308109000
1776308110.92,10.92,0.5,11.94,0.49,338.0,0.51,20.0,0.52,26.91,0.49,20.0,0.48,26.91,0.5,11.94,0.51,338.0,0.01,0.01,2357.113592,1776308110000
1776308111.457,11.457,0.5,181.0,0.49,289.0,0.51,20.0,0.52,20.91,0.49,20.0,0.48,26.91,0.5,11.94,0.51,338.0,0.01,0.01,2357.113592,1776308110000
1776308111.843,11.843,0.51,15.0,0.5,176.0,0.52,0.96,0.53,33.0,0.47,23.0,0.46,98.0,0.5,181.0,0.51,289.0,0.01,0.03,2357.113592,1776308110000
1776308112.442,12.442,0.49,167.0,0.48,275.0,0.5,77.0,0.52,15.96,0.48,0.96,0.47,33.0,0.49,15.0,0.5,176.0,0.01,0.01,2357.048035,1776308111000
1776308112.777,12.777,0.49,48.91,0.48,333.0,0.5,77.0,0.51,10.0,0.5,77.0,0.48,15.96,0.51,167.0,0.52,275.0,0.01,0.01,2357.048035,1776308111000
1776308113.107,13.107,0.49,39.24,0.48,95.0,0.5,140.0,0.51,20.0,0.5,72.0,0.49,10.0,0.51,48.91,0.52,333.0,0.01,0.01,2357.053035,1776308112000
1776308113.374,13.374,0.49,1.24,0.48,90.0,0.5,78.0,0.51,20.0,0.5,140.0,0.49,20.0,0.51,39.24,0.52,95.0,0.01,0.01,2357.053035,1776308112000
1776308116.02,16.02,0.47,3.56,0.42,5.0,0.48,330.2,0.49,181.79,0.5,78.0,0.49,20.0,0.51,1.24,0.52,90.0,0.01,0.01,2357.01569,1776308115000
1776308116.372,16.372,0.41,7.96,0.4,20.0,0.43,230.0,0.44,31.0,0.57,8.77,0.56,20.0,0.58,12.39,0.59,15.0,0.02,0.01,2357.01569,1776308115000
1776308117.331,17.331,0.41,10.0,0.4,18.0,0.42,20.0,0.43,235.0,0.57,235.0,0.56,25.0,0.61,27.96,0.62,89.0,0.01,0.04,2356.988405,1776308116000
1776308117.549,17.549,0.41,8.3,0.4,18.0,0.42,25.0,0.43,235.0,0.58,20.0,0.57,235.0,0.59,10.0,0.6,18.0,0.01,0.01,2356.988405,1776308116000
1776308120.049,20.049,0.41,8.3,0.4,81.0,0.42,202.0,0.43,83.0,0.58,25.0,0.57,235.0,0.59,8.3,0.6,18.0,0.01,0.01,2356.384848,1776308119000
1776308120.909,20.909,0.41,8.21,0.4,23.0,0.42,197.0,0.43,83.0,0.58,197.0,0.57,83.0,0.59,8.3,0.6,81.0,0.01,0.01,2356.485798,1776308120000
1776308121.263,21.263,0.41,3.3,0.4,23.0,0.42,207.0,0.43,83.0,0.58,197.0,0.57,83.0,0.59,8.21,0.6,23.0,0.01,0.01,2356.485798,1776308120000
1776308122.177,22.177,0.39,73.96,0.38,49.0,0.4,29.26,0.42,207.0,0.58,207.0,0.57,83.0,0.59,3.3,0.6,23.0,0.01,0.01,2356.46241,1776308121000
1776308122.8,22.8,0.39,78.96,0.38,95.67,0.4,33.2,0.41,10.0,0.6,29.26,0.58,207.0,0.61,73.96,0.62,49.0,0.01,0.01,2356.46241,1776308121000
1776308123.264,23.264,0.39,84.07,0.38,95.67,0.4,33.2,0.41,10.0,0.6,33.2,0.59,10.0,0.61,78.96,0.62,95.67,0.01,0.01,2356.475374,1776308122000
1776308124.457,24.457,0.39,117.07,0.38,95.67,0.4,26.14,0.42,195.0,0.6,33.2,0.59,10.0,0.61,84.07,0.62,95.67,0.01,0.01,2356.40518,1776308123000
1776308124.768,24.768,0.39,281.52,0.38,80.67,0.4,4.64,0.48,17.96,0.6,26.14,0.58,195.0,0.61,117.07,0.62,95.67,0.01,0.01,2356.40518,1776308123000
1776308125.483,25.483,0.48,52.0,0.47,78.0,0.49,4.48,0.5,15.0,0.52,7.87,0.5,10.0,0.61,281.52,0.62,80.67,0.01,0.09,2356.400731,1776308124000
1776308126.892,26.892,0.5,11.0,0.49,21.0,0.51,10.72,0.52,24.12,0.51,4.48,0.5,15.0,0.52,52.0,0.53,78.0,0.01,0.01,2356.559803,1776308125000
1776308127.565,27.565,0.5,11.0,0.49,21.0,0.52,25.98,0.53,90.0,0.49,10.72,0.48,24.12,0.5,11.0,0.51,21.0,0.02,0.01,2356.921725,1776308126000
1776308127.981,27.981,0.49,20.03,0.48,78.06,0.51,5.88,0.52,25.98,0.49,10.0,0.48,25.98,0.51,20.03,0.52,73.06,0.02,0.02,2356.921725,1776308126000
1776308128.68,28.68,0.5,9.98,0.49,35.03,0.51,5.88,0.52,25.98,0.49,5.88,0.48,25.98,0.51,20.03,0.52,78.06,0.01,0.02,2356.95038,1776308127000
1776308129.342,29.342,0.5,17.0,0.49,268.03,0.51,5.88,0.52,25.98,0.49,5.88,0.48,25.98,0.5,6.98,0.51,93.03,0.01,0.01,2357.030815,1776308128000
1776308129.672,29.672,0.5,296.96,0.49,25.03,0.52,25.98,0.53,85.0,0.49,5.88,0.48,25.98,0.5,17.0,0.51,268.03,0.02,0.01,2357.030815,1776308128000
1776308130.695,30.695,0.51,295.71,0.5,57.96,0.52,33.04,0.53,90.0,0.48,25.98,0.47,85.0,0.5,296.96,0.51,25.03,0.01,0.02,2357.043003,1776308129000
1776308131.613,31.613,0.51,290.71,0.5,57.96,0.52,29.8,0.53,90.0,0.48,33.04,0.47,90.0,0.49,295.71,0.5,57.96,0.01,0.01,2357.090058,1776308130000
1776308133.697,33.697,0.51,258.71,0.5,64.0,0.55,75.0,0.56,50.0,0.48,29.8,0.47,90.0,0.49,290.71,0.5,57.96,0.04,0.01,2357.127085,1776308132000
1776308133.985,33.985,0.55,24.09,0.54,25.0,0.58,3.55,0.59,83.48,0.45,75.0,0.44,50.0,0.49,258.71,0.5,64.0,0.03,0.04,2357.127085,1776308132000
1776308134.222,34.222,0.56,310.0,0.55,25.0,0.59,93.48,0.6,87.0,0.42,3.55,0.41,83.48,0.45,24.09,0.46,25.0,0.03,0.03,2357.127085,1776308132000
1776308134.635,34.635,0.58,53.0,0.57,293.0,0.6,80.0,0.61,17.0,0.41,98.0,0.4,93.0,0.43,88.0,0.44,85.0,0.02,0.02,2357.12244,1776308133000
1776308134.906,34.906,0.58,131.0,0.57,60.0,0.6,77.41,0.61,22.0,0.4,77.41,0.39,22.0,0.42,73.0,0.43,298.0,0.02,0.02,2357.12244,1776308133000
1776308135.128,35.128,0.58,273.94,0.57,30.0,0.59,5.0,0.6,77.41,0.41,10.0,0.4,77.41,0.42,273.94,0.43,30.0,0.01,0.01,2357.12244,1776308133000
1776308135.411,35.411,0.58,50.84,0.57,30.0,0.6,77.41,0.61,80.0,0.4,77.41,0.39,80.0,0.42,278.94,0.43,30.0,0.02,0.02,2357.132085,1776308134000
1776308136.638,36.638,0.59,82.0,0.58,245.84,0.6,49.41,0.61,80.0,0.4,79.41,0.39,80.0,0.42,70.84,0.43,43.0,0.01,0.02,2357.551807,1776308135000
1776308137.337,37.337,0.58,7.0,0.51,5.0,0.59,47.97,0.6,107.0,0.4,47.67,0.39,80.0,0.41,69.94,0.42,245.84,0.01,0.01,2357.676465,1776308136000
1776308137.684,37.684,0.51,15.0,0.5,10.72,0.52,27.07,0.53,15.0,0.48,10.0,0.46,10.0,0.5,0.72,0.51,15.0,0.01,0.02,2357.676465,1776308136000
1776308138.029,38.029,0.51,20.0,0.5,68.72,0.52,4.07,0.53,5.0,0.48,27.07,0.47,15.0,0.49,15.0,0.5,10.72,0.01,0.01,2357.676465,1776308136000
1776308139.074,39.074,0.54,47.94,0.53,124.0,0.55,75.0,0.56,70.0,0.47,5.0,0.46,15.0,0.49,20.0,0.5,190.72,0.01,0.02,2357.620323,1776308138000
1776308139.331,39.331,0.54,43.94,0.53,94.0,0.56,70.0,0.57,80.0,0.45,45.0,0.44,70.0,0.46,58.94,0.47,124.0,0.02,0.01,2357.620323,1776308138000
1776308140.27,40.27,0.55,90.77,0.54,33.94,0.57,5.0,0.58,22.0,0.44,70.0,0.43,80.0,0.46,43.94,0.47,94.0,0.02,0.02,2357.472638,1776308139000
1776308141.53,41.53,0.56,291.63,0.55,15.0,0.58,22.0,0.59,148.0,0.42,22.0,0.41,95.0,0.45,90.77,0.46,33.94,0.02,0.03,2357.47997,1776308140000
1776308142.018,42.018,0.57,25.0,0.56,127.63,0.59,34.91,0.6,22.0,0.42,22.0,0.41,148.0,0.44,291.63,0.45,15.0,0.02,0.02,2357.47997,1776308140000
1776308144.237,44.237,0.59,118.0,0.58,327.0,0.6,8.57,0.61,10.0,0.41,15.0,0.4,80.0,0.43,273.94,0.44,279.63,0.01,0.02,2357.586575,1776308143000
1776308144.759,44.759,0.64,136.0,0.63,201.0,0.65,0.76,0.66,10.0,0.39,10.0,0.38,87.0,0.41,113.0,0.42,327.0,0.01,0.02,2357.586575,1776308143000
1776308145.052,45.052,0.64,185.15,0.62,68.0,0.65,60.92,0.66,135.0,0.35,17.92,0.34,15.0,0.36,11.0,0.37,16.0,0.01,0.01,2357.586575,1776308143000
1776308145.394,45.394,0.64,187.0,0.63,13.0,0.65,27.38,0.66,135.0,0.35,48.92,0.34,135.0,0.36,185.15,0.38,68.0,0.01,0.01,2357.5974,1776308144000
1776308147.153,47.153,0.64,220.0,0.63,86.0,0.65,20.0,0.66,130.0,0.35,22.38,0.34,188.0,0.36,196.0,0.37,23.0,0.01,0.01,2357.67645,1776308145000
1776308148.256,48.256,0.64,22.0,0.63,23.0,0.65,70.0,0.66,188.0,0.35,20.0,0.34,130.0,0.36,220.0,0.37,86.0,0.01,0.01,2358.132002,1776308147000
1776308149.079,49.079,0.64,5.0,0.62,13.0,0.65,47.29,0.66,310.0,0.35,70.0,0.34,188.0,0.36,22.0,0.37,23.0,0.01,0.01,2358.132002,1776308147000
1776308150.815,50.815,0.64,5.0,0.62,13.0,0.65,335.0,0.66,130.0,0.35,47.29,0.34,310.0,0.36,5.0,0.38,13.0,0.01,0.01,2358.089745,1776308149000
1776308151.538,51.538,0.64,5.0,0.62,13.0,0.65,319.38,0.66,130.0,0.35,335.0,0.34,130.0,0.36,5.0,0.38,13.0,0.01,0.01,2358.044946,1776308150000
1776308151.8,51.8,0.6,13.0,0.59,23.0,0.65,332.38,0.66,230.99,0.35,312.38,0.34,130.0,0.36,5.0,0.38,13.0,0.05,0.01,2358.044946,1776308150000
1776308153.177,53.177,0.6,7.9,0.59,86.0,0.61,51.0,0.62,20.0,0.39,10.0,0.38,5.0,0.4,7.9,0.41,28.0,0.01,0.01,2357.904933,1776308151000
1776308154.885,54.885,0.6,15.0,0.59,28.0,0.61,53.08,0.62,266.0,0.39,51.0,0.38,20.0,0.4,7.9,0.41,86.0,0.01,0.01,2357.795183,1776308153000
1776308155.185,55.185,0.6,15.0,0.59,28.0,0.61,48.08,0.62,266.0,0.39,53.08,0.38,266.0,0.4,15.0,0.41,28.0,0.01,0.01,2357.759984,1776308154000
1776308157.426,57.426,0.6,52.0,0.59,86.0,0.61,11.08,0.62,8.0,0.39,48.08,0.38,266.0,0.4,15.0,0.41,28.0,0.01,0.01,2357.726263,1776308156000
1776308158.004,58.004,0.6,63.5,0.59,86.0,0.61,7.0,0.62,8.0,0.39,11.08,0.38,8.0,0.4,52.0,0.41,86.0,0.01,0.01,2357.726263,1776308156000
1776308159.317,59.317,0.62,24.73,0.61,28.0,0.63,109.0,0.64,258.0,0.39,7.0,0.38,8.0,0.4,63.5,0.41,86.0,0.01,0.01,2357.712772,1776308157000
1776308160.18,60.18,0.63,76.0,0.62,285.0,0.64,13.0,0.65,10.0,0.37,109.0,0.36,258.0,0.38,24.73,0.39,28.0,0.01,0.01,2357.755057,1776308159000
1776308160.462,60.462,0.63,382.0,0.62,62.0,0.66,55.46,0.67,75.0,0.36,8.0,0.35,10.0,0.37,91.0,0.38,285.0,0.03,0.01,2357.755057,1776308159000
1776308160.7,60.7,0.65,90.0,0.64,28.0,0.66,18.91,0.67,75.0,0.34,36.91,0.33,75.0,0.35,10.0,0.36,10.0,0.01,0.01,2357.755057,1776308159000
1776308161.103,61.103,0.65,378.0,0.64,28.0,0.66,0.91,0.67,75.0,0.34,18.91,0.33,75.0,0.35,90.0,0.36,28.0,0.01,0.01,2357.755057,1776308159000
1776308161.541,61.541,0.66,366.0,0.65,73.0,0.67,33.7,0.68,8.0,0.33,39.0,0.32,8.0,0.34,128.0,0.35,311.0,0.01,0.01,2357.755057,1776308159000
1776308161.966,61.966,0.67,357.0,0.66,68.0,0.68,8.0,0.69,70.0,0.32,13.0,0.31,85.0,0.34,366.0,0.35,73.0,0.01,0.02,2357.776173,1776308160000
1776308162.594,62.594,0.69,93.0,0.68,30.0,0.7,7.42,0.71,55.0,0.32,8.0,0.31,70.0,0.33,357.0,0.34,68.0,0.01,0.01,2357.879189,1776308161000
1776308164.081,64.081,0.69,282.0,0.68,88.0,0.71,58.23,0.72,144.71,0.3,7.42,0.29,55.0,0.31,93.0,0.32,30.0,0.02,0.01,2358.156488,1776308163000
1776308164.833,64.833,0.69,287.16,0.68,88.0,0.7,10.0,0.71,58.23,0.29,58.23,0.28,144.71,0.31,282.0,0.32,88.0,0.01,0.02,2358.156488,1776308163000
1776308165.924,65.924,0.69,295.16,0.68,88.0,0.7,7.0,0.71,58.23,0.3,10.0,0.29,58.23,0.31,287.16,0.32,88.0,0.01,0.01,2358.260807,1776308164000
1776308167.805,67.805,0.62,390.0,0.61,288.0,0.63,7.31,0.68,18.58,0.3,7.0,0.29,58.23,0.31,295.16,0.32,88.0,0.01,0.01,2358.282983,1776308166000
1776308168.728,68.728,0.72,92.0,0.71,288.0,0.74,14.0,0.75,15.0,0.28,8.0,0.27,23.3,0.33,98.0,0.34,15.0,0.02,0.05,2358.278135,1776308167000
1776308170.0,70.0,0.73,330.0,0.72,50.0,0.75,5.0,0.76,60.41,0.26,14.0,0.25,15.0,0.28,92.0,0.29,288.0,0.02,0.02,2358.282466,1776308169000
1776308170.434,70.434,0.75,85.0,0.74,50.0,0.76,162.94,0.77,215.0,0.24,60.41,0.23,90.0,0.26,82.0,0.27,288.0,0.01,0.02,2358.282466,1776308169000
1776308170.874,70.874,0.75,67.0,0.74,55.0,0.76,231.35,0.77,390.0,0.24,162.94,0.23,215.0,0.25,85.0,0.26,50.0,0.01,0.01,2358.282466,1776308169000
1776308171.183,71.183,0.74,19.0,0.72,13.0,0.75,24.0,0.76,369.35,0.24,231.35,0.23,390.0,0.25,67.0,0.26,55.0,0.01,0.01,2358.581769,1776308170000
1776308171.897,71.897,0.72,40.0,0.71,313.35,0.73,5.0,0.74,5.0,0.25,24.0,0.24,369.35,0.28,13.0,0.29,56.0,0.01,0.03,2358.581769,1776308170000
1776308172.107,72.107,0.72,330.0,0.71,75.35,0.75,12.0,0.76,57.94,0.27,5.0,0.26,5.0,0.28,40.0,0.29,313.35,0.03,0.01,2358.581769,1776308170000
1776308175.513,75.513,0.75,594.0,0.74,227.0,0.8,8.17,0.81,100.0,0.25,12.0,0.24,57.94,0.28,330.0,0.29,75.35,0.05,0.03,2358.598665,1776308174000
1776308175.947,75.947,0.8,85.0,0.79,173.0,0.81,8.76,0.83,138.0,0.19,93.17,0.18,100.0,0.21,10.0,0.22,16.41,0.01,0.02,2358.598665,1776308174000
1776308177.027,77.027,0.82,315.0,0.81,115.0,0.84,77.0,0.85,40.41,0.17,45.31,0.16,105.0,0.18,10.0,0.19,10.0,0.02,0.01,2358.628198,1776308175000
1776308177.705,77.705,0.83,321.0,0.82,20.0,0.84,80.0,0.85,25.0,0.16,77.0,0.15,40.41,0.18,315.0,0.19,115.0,0.01,0.02,2358.628198,1776308175000
1776308177.929,77.929,0.83,299.0,0.82,20.0,0.84,38.0,0.85,25.0,0.16,38.0,0.15,25.0,0.17,321.0,0.18,74.44,0.01,0.01,2358.678939,1776308176000
1776308178.498,78.498,0.83,5.83,0.8,8.0,0.84,147.56,0.85,75.0,0.16,30.56,0.15,25.0,0.17,570.93,0.18,78.0,0.01,0.01,2359.165103,1776308177000
1776308179.099,79.099,0.8,10.0,0.79,42.0,0.81,111.9,0.82,124.0,0.17,8.17,0.16,157.56,0.2,8.0,0.21,37.0,0.01,0.03,2359.165103,1776308177000
1776308179.449,79.449,0.8,5.0,0.79,23.0,0.81,111.9,0.82,182.0,0.19,111.9,0.18,124.0,0.2,10.0,0.21,42.0,0.01,0.01,2359.165103,1776308177000
1776308179.928,79.928,0.75,184.83,0.74,10.0,0.77,129.0,0.78,92.0,0.19,111.9,0.18,182.0,0.2,5.0,0.21,23.0,0.02,0.01,2359.355731,1776308178000
1776308180.136,80.136,0.75,189.83,0.74,68.0,0.76,22.49,0.77,129.0,0.24,28.0,0.23,129.0,0.25,189.83,0.26,68.0,0.01,0.01,2359.532853,1776308179000
1776308180.536,80.536,0.74,195.0,0.73,73.0,0.75,5.66,0.76,212.24,0.24,22.49,0.23,129.0,0.25,189.83,0.26,68.0,0.01,0.01,2359.532853,1776308179000
1776308181.132,81.132,0.74,207.0,0.73,15.0,0.75,3.83,0.76,171.24,0.25,5.66,0.24,212.24,0.26,195.0,0.27,73.0,0.01,0.01,2359.532853,1776308179000
1776308181.43,81.43,0.74,193.0,0.73,15.0,0.75,3.83,0.76,98.0,0.25,3.83,0.24,171.24,0.26,207.0,0.27,15.0,0.01,0.01,2359.532853,1776308179000
1776308182.018,82.018,0.75,47.0,0.74,239.0,0.78,100.0,0.79,91.0,0.25,3.83,0.24,98.0,0.26,193.0,0.27,15.0,0.03,0.01,2359.277865,1776308180000
1776308182.345,82.345,0.76,68.0,0.75,10.0,0.78,111.0,0.79,33.0,0.22,100.0,0.21,91.0,0.25,47.0,0.26,239.0,0.02,0.03,2359.095998,1776308181000
1776308182.601,82.601,0.77,83.0,0.76,383.0,0.78,64.0,0.79,8.0,0.22,111.0,0.21,33.0,0.24,68.0,0.25,10.0,0.01,0.02,2359.095998,1776308181000
1776308184.238,84.238,0.75,50.0,0.74,15.0,0.76,28.0,0.78,83.0,0.21,8.0,0.2,13.0,0.23,44.0,0.24,305.0,0.01,0.02,2358.828709,1776308182000
1776308185.231,85.231,0.73,10.0,0.72,52.89,0.76,326.0,0.77,47.0,0.24,28.0,0.22,83.0,0.25,50.0,0.26,15.0,0.03,0.01,2359.023728,1776308184000
1776308185.615,85.615,0.73,3.47,0.72,52.89,0.74,59.0,0.75,40.0,0.24,326.0,0.23,47.0,0.27,10.0,0.28,52.89,0.01,0.03,2359.023728,1776308184000
1776308186.698,86.698,0.73,19.23,0.72,276.0,0.74,20.0,0.75,98.0,0.26,59.0,0.25,40.0,0.27,3.47,0.28,52.89,0.01,0.01,2358.88045,1776308185000
1776308187.177,87.177,0.72,22.5,0.71,25.0,0.73,134.0,0.74,230.0,0.26,20.0,0.25,98.0,0.27,9.23,0.28,276.0,0.01,0.01,2358.86923,1776308186000
1776308187.587,87.587,0.72,33.92,0.71,88.0,0.73,71.0,0.74,45.0,0.27,134.0,0.26,230.0,0.28,22.5,0.29,25.0,0.01,0.01,2358.86923,1776308186000
1776308189.84,89.84,0.72,336.99,0.71,48.0,0.74,16.9,0.75,25.0,0.27,71.0,0.26,45.0,0.28,33.92,0.29,88.0,0.02,0.01,2358.532501,1776308188000
1776308191.358,91.358,0.74,68.0,0.73,288.0,0.75,26.64,0.76,25.0,0.25,25.0,0.24,32.0,0.27,206.0,0.28,98.0,0.01,0.02,2358.505781,1776308190000
1776308191.705,91.705,0.74,338.0,0.73,50.0,0.76,25.0,0.77,30.0,0.25,26.64,0.24,25.0,0.26,68.0,0.27,288.0,0.02,0.01,2358.505781,1776308190000
1776308192.369,92.369,0.76,62.7,0.75,128.0,0.77,30.0,0.78,30.0,0.24,18.0,0.23,30.0,0.25,100.0,0.26,313.0,0.01,0.01,2358.505781,1776308190000
1776308193.456,93.456,0.76,60.0,0.75,250.0,0.77,27.98,0.78,35.0,0.23,30.0,0.22,30.0,0.24,62.7,0.25,128.0,0.01,0.01,2358.653745,1776308192000
1776308194.426,94.426,0.76,23.0,0.75,35.0,0.77,7.98,0.78,288.0,0.23,27.98,0.22,35.0,0.24,60.0,0.25,250.0,0.01,0.01,2358.653745,1776308192000
1776308196.61,96.61,0.76,23.0,0.75,69.0,0.77,190.38,0.78,83.0,0.23,7.98,0.22,288.0,0.24,23.0,0.25,35.0,0.01,0.01,2358.738319,1776308195000
1776308197.843,97.843,0.76,28.0,0.75,132.0,0.78,62.29,0.79,48.0,0.23,190.38,0.22,83.0,0.24,23.0,0.25,69.0,0.02,0.01,2358.73411,1776308196000
1776308198.997,98.997,0.77,82.0,0.76,76.0,0.78,2.0,0.79,30.0,0.22,62.29,0.21,48.0,0.24,28.0,0.25,132.0,0.01,0.02,2358.734724,1776308197000
1776308199.708,99.708,0.77,341.0,0.76,42.0,0.81,5.0,0.82,30.0,0.22,2.0,0.21,30.0,0.23,82.0,0.24,76.0,0.04,0.01,2358.686086,1776308198000
1776308200.966,100.966,0.77,16.0,0.76,22.0,0.8,4.0,0.81,84.0,0.18,25.28,0.17,49.0,0.2,48.0,0.21,15.0,0.03,0.02,2358.780693,1776308200000
1776308201.712,101.712,0.77,54.9,0.76,20.0,0.78,73.0,0.79,21.0,0.2,4.0,0.19,84.0,0.23,16.0,0.24,22.0,0.01,0.03,2358.780693,1776308200000
1776308203.281,103.281,0.72,271.31,0.71,192.5,0.78,22.0,0.79,36.0,0.22,73.0,0.21,21.0,0.23,54.9,0.24,20.0,0.06,0.01,2358.812245,1776308202000
1776308205.706,105.706,0.75,321.68,0.74,93.0,0.76,130.86,0.77,105.0,0.22,22.0,0.21,36.0,0.28,271.31,0.29,192.5,0.01,0.06,2358.770265,1776308204000
1776308206.123,106.123,0.75,399.68,0.74,40.0,0.76,93.86,0.77,105.0,0.24,130.86,0.23,105.0,0.25,321.68,0.26,93.0,0.01,0.01,2358.757507,1776308205000
1776308206.438,106.438,0.75,404.68,0.74,40.0,0.76,85.21,0.77,105.0,0.24,93.86,0.23,105.0,0.25,399.68,0.26,40.0,0.01,0.01,2358.757507,1776308205000
1776308207.274,107.274,0.75,24.98,0.74,29.0,0.76,216.21,0.77,300.0,0.24,85.21,0.23,105.0,0.25,404.68,0.26,40.0,0.01,0.01,2358.776459,1776308206000
1776308207.733,107.733,0.72,14.0,0.71,13.0,0.76,389.89,0.77,145.0,0.24,214.89,0.23,300.0,0.25,18.98,0.26,29.0,0.04,0.01,2358.776459,1776308206000
1776308208.829,108.829,0.71,20.51,0.7,207.0,0.73,78.0,0.74,299.0,0.24,389.89,0.23,145.0,0.28,14.0,0.29,13.0,0.02,0.04,2358.786421,1776308207000
1776308210.949,110.949,0.71,46.59,0.7,253.0,0.72,7.69,0.73,20.0,0.27,78.0,0.26,299.0,0.29,20.51,0.3,207.0,0.01,0.02,2358.600985,1776308209000
1776308216.52,116.52,0.71,332.51,0.7,126.71,0.75,5.0,0.76,5.0,0.28,7.69,0.27,20.0,0.29,46.59,0.3,253.0,0.04,0.01,2358.446726,1776308215000
1776308218.091,118.091,0.74,359.0,0.73,38.0,0.75,78.0,0.76,105.0,0.25,5.0,0.24,5.0,0.29,332.51,0.3,126.71,0.01,0.04,2358.428955,1776308217000
1776308218.516,118.516,0.75,353.0,0.74,182.11,0.76,3.0,0.79,5.0,0.24,105.0,0.23,100.0,0.26,359.0,0.27,42.0,0.01,0.02,2358.428955,1776308217000
1776308219.257,119.257,0.75,243.0,0.74,39.0,0.76,8.0,0.78,5.0,0.24,3.0,0.21,5.0,0.25,353.0,0.26,182.11,0.01,0.01,2358.481675,1776308218000
1776308219.672,119.672,0.75,238.0,0.74,39.0,0.76,3.0,0.77,5.0,0.24,8.0,0.22,5.0,0.25,243.0,0.26,39.0,0.01,0.01,2358.481675,1776308218000
1776308220.252,120.252,0.73,4.0,0.72,10.0,0.74,64.0,0.75,52.0,0.24,3.0,0.23,5.0,0.25,238.0,0.26,39.0,0.01,0.01,2358.5522,1776308219000
1776308220.57,120.57,0.73,29.0,0.72,89.94,0.74,70.72,0.75,37.0,0.26,64.0,0.25,52.0,0.27,4.0,0.28,10.0,0.01,0.01,2358.5522,1776308219000
1776308222.398,122.398,0.75,320.0,0.74,72.0,0.79,5.0,0.8,42.0,0.26,70.72,0.25,37.0,0.27,21.74,0.28,89.94,0.04,0.01,2358.657325,1776308220000
1776308224.215,124.215,0.78,75.0,0.77,195.0,0.79,3.73,0.8,100.0,0.21,5.0,0.2,42.0,0.25,320.0,0.26,72.0,0.01,0.04,2358.503065,1776308222000
1776308226.214,126.214,0.79,258.0,0.78,55.0,0.81,35.0,0.82,40.0,0.21,3.73,0.2,100.0,0.22,75.0,0.23,195.0,0.02,0.01,2358.73138,1776308225000
1776308226.516,126.516,0.79,63.0,0.78,55.0,0.81,93.0,0.82,40.0,0.19,30.0,0.18,40.0,0.21,243.0,0.22,70.0,0.02,0.02,2358.73138,1776308225000
1776308228.963,128.963,0.79,28.0,0.78,25.0,0.81,290.0,0.82,40.0,0.19,93.0,0.18,40.0,0.21,63.0,0.22,55.0,0.02,0.02,2358.85141,1776308227000
1776308231.648,131.648,0.79,28.23,0.78,25.0,0.8,17.0,0.81,243.0,0.19,290.0,0.18,40.0,0.21,28.0,0.22,25.0,0.01,0.02,2358.761587,1776308230000
1776308232.112,132.112,0.79,33.23,0.78,54.71,0.81,231.0,0.82,5.0,0.2,17.0,0.19,243.0,0.21,28.23,0.22,25.0,0.02,0.01,2358.761587,1776308230000
1776308233.212,133.212,0.82,66.0,0.81,73.0,0.83,5.0,0.84,63.0,0.19,231.0,0.18,5.0,0.21,33.23,0.22,54.71,0.01,0.02,2358.769981,1776308231000
1776308234.695,134.695,0.83,94.0,0.82,39.0,0.85,58.0,0.86,218.0,0.17,5.0,0.16,63.0,0.18,66.0,0.19,73.0,0.02,0.01,2358.773397,1776308233000
1776308235.361,135.361,0.85,81.0,0.84,67.0,0.86,245.93,0.87,15.0,0.15,58.0,0.14,218.0,0.17,94.0,0.18,39.0,0.01,0.02,2358.888385,1776308234000
1776308236.984,136.984,0.85,91.0,0.84,167.0,0.86,177.67,0.87,68.0,0.14,245.93,0.13,15.0,0.15,81.0,0.16,67.0,0.01,0.01,2358.908275,1776308235000
1776308237.226,137.226,0.85,198.0,0.84,167.0,0.86,171.67,0.87,68.0,0.14,177.67,0.13,68.0,0.15,91.0,0.16,167.0,0.01,0.01,2359.036145,1776308236000
1776308238.993,138.993,0.82,121.95,0.81,123.0,0.87,292.0,0.88,24.16,0.14,171.67,0.13,68.0,0.15,198.0,0.16,167.0,0.05,0.01,2359.10069,1776308238000
1776308240.008,140.008,0.82,0.33,0.81,10.0,0.83,302.0,0.84,38.0,0.17,26.0,0.16,10.0,0.18,9.06,0.19,13.0,0.01,0.01,2359.141045,1776308239000
1776308241.214,141.214,0.82,96.32,0.81,15.0,0.83,212.0,0.84,15.0,0.17,270.0,0.16,38.0,0.19,10.0,0.2,15.0,0.01,0.02,2359.023394,1776308240000
1776308243.508,143.508,0.82,115.32,0.81,15.0,0.83,296.31,0.84,15.0,0.17,212.0,0.16,15.0,0.18,96.32,0.19,15.0,0.01,0.01,2358.863652,1776308242000
1776308247.003,147.003,0.82,148.0,0.81,32.28,0.83,181.75,0.84,78.0,0.17,296.31,0.16,15.0,0.18,115.32,0.19,15.0,0.01,0.01,2358.853255,1776308245000
1776308250.032,150.032,0.82,148.0,0.81,36.09,0.83,184.34,0.84,78.0,0.17,181.75,0.16,78.0,0.18,148.0,0.19,32.28,0.01,0.01,2358.890935,1776308248000
1776308253.192,153.192,0.85,10.0,0.84,85.0,0.86,234.41,0.87,5.0,0.17,178.31,0.16,78.0,0.18,148.0,0.19,43.09,0.01,0.01,2358.851014,1776308251000
1776308253.912,153.912,0.85,96.05,0.84,25.0,0.86,228.59,0.87,5.0,0.14,234.41,0.13,5.0,0.15,10.0,0.16,85.0,0.01,0.01,2358.847455,1776308253000
1776308255.233,155.233,0.86,30.0,0.85,36.05,0.87,75.0,0.88,281.99,0.14,228.59,0.13,5.0,0.15,96.05,0.16,25.0,0.01,0.01,2358.847941,1776308254000
1776308255.846,155.846,0.86,91.05,0.85,25.0,0.87,185.85,0.88,164.99,0.13,75.0,0.12,281.99,0.14,30.0,0.15,36.05,0.01,0.01,2358.847941,1776308254000
1776308257.271,157.271,0.86,26.05,0.85,25.0,0.87,253.85,0.88,5.0,0.13,185.85,0.12,164.99,0.14,91.05,0.15,25.0,0.01,0.01,2358.92016,1776308256000
1776308259.151,159.151,0.85,10.0,0.84,15.0,0.87,263.85,0.88,23.0,0.13,248.85,0.12,5.0,0.15,25.0,0.16,25.0,0.02,0.02,2358.936525,1776308257000
1776308259.583,159.583,0.86,35.7,0.85,15.0,0.87,253.0,0.88,23.0,0.13,248.0,0.12,23.0,0.14,2.85,0.15,55.0,0.01,0.01,2358.96081,1776308258000
1776308259.824,159.824,0.86,171.36,0.85,15.0,0.87,253.0,0.88,23.0,0.13,253.0,0.12,23.0,0.14,35.7,0.15,15.0,0.01,0.01,2358.96081,1776308258000
1776308260.341,160.341,0.87,83.0,0.86,407.01,0.88,3.0,0.89,11.0,0.13,253.0,0.12,23.0,0.14,171.36,0.15,15.0,0.01,0.01,2358.929111,1776308259000
1776308262.538,162.538,0.88,195.5,0.87,234.0,0.9,3.4,0.92,121.99,0.12,3.0,0.11,11.0,0.13,83.0,0.14,407.01,0.02,0.01,2358.936362,1776308261000
1776308263.749,163.749,0.89,97.5,0.88,75.0,0.9,1.17,0.91,5.0,0.1,3.4,0.08,121.99,0.12,195.5,0.13,234.0,0.01,0.02,2359.16426,1776308262000
1776308264.94,164.94,0.89,122.5,0.88,75.0,0.92,281.26,0.93,76.0,0.1,1.17,0.09,5.0,0.11,97.5,0.12,75.0,0.03,0.01,2359.174438,1776308263000
1776308265.82,165.82,0.91,181.0,0.9,140.0,0.92,280.27,0.93,157.83,0.08,281.26,0.07,76.0,0.11,122.5,0.12,75.0,0.01,0.03,2359.174438,1776308263000
1776308266.143,166.143,0.91,88.0,0.9,40.0,0.92,274.77,0.93,163.83,0.08,280.27,0.07,157.83,0.09,106.0,0.1,140.0,0.01,0.01,2359.174438,1776308263000
1776308266.992,166.992,0.91,98.0,0.9,40.0,0.92,277.31,0.93,163.83,0.08,274.77,0.07,163.83,0.09,88.0,0.1,40.0,0.01,0.01,2359.25697,1776308265000
1776308267.294,167.294,0.9,25.0,0.89,25.0,0.92,278.31,0.93,74.0,0.08,277.31,0.07,163.83,0.09,98.0,0.1,40.0,0.02,0.01,2359.25697,1776308265000
1776308268.165,168.165,0.89,47.0,0.88,68.0,0.9,2.88,0.91,25.0,0.1,10.0,0.09,91.83,0.12,19.16,0.13,55.88,0.01,0.02,2359.272571,1776308267000
1776308268.96,168.96,0.9,29.0,0.89,25.0,0.91,20.0,0.92,426.31,0.1,2.88,0.09,25.0,0.11,47.0,0.12,68.0,0.01,0.01,2359.272571,1776308267000
1776308273.37,173.37,0.91,20.0,0.9,77.0,0.92,179.47,0.93,68.0,0.09,20.0,0.08,426.31,0.1,29.0,0.11,25.0,0.01,0.01,2359.240385,1776308272000
1776308275.619,175.619,0.93,115.0,0.92,79.0,0.94,291.0,0.95,83.0,0.08,171.93,0.07,68.0,0.09,15.0,0.1,77.0,0.01,0.01,2359.34333,1776308274000
1776308277.33,177.33,0.93,110.0,0.92,84.0,0.94,285.73,0.95,88.0,0.06,291.0,0.05,83.0,0.07,115.0,0.08,79.0,0.01,0.01,2359.597226,1776308276000
1776308278.168,178.168,0.93,80.0,0.92,79.0,0.94,340.85,0.95,30.0,0.06,341.17,0.05,138.99,0.07,80.0,0.08,79.0,0.01,0.01,2359.597226,1776308276000
1776308279.101,179.101,0.93,80.0,0.92,143.9,0.94,329.46,0.95,30.0,0.06,335.53,0.05,30.0,0.07,80.0,0.08,79.0,0.01,0.01,2359.68001,1776308277000
1776308279.441,179.441,0.93,80.0,0.92,95.0,0.94,329.19,0.95,25.0,0.06,329.46,0.05,30.0,0.07,80.0,0.08,143.9,0.01,0.01,2359.68083,1776308278000
1776308280.699,180.699,0.93,39.0,0.92,75.0,0.94,198.63,0.95,138.0,0.06,326.63,0.05,25.0,0.07,80.0,0.08,95.0,0.01,0.01,2359.623482,1776308279000
1776308280.968,180.968,0.93,58.0,0.92,75.0,0.94,191.54,0.95,146.0,0.06,201.54,0.05,146.0,0.07,44.0,0.08,75.0,0.01,0.01,2359.623482,1776308279000
1776308281.316,181.316,0.93,72.0,0.92,123.9,0.94,180.9,0.95,146.0,0.06,191.54,0.05,146.0,0.07,58.0,0.08,75.0,0.01,0.01,2359.616039,1776308280000
1776308283.688,183.688,0.93,46.71,0.92,124.9,0.94,178.78,0.95,146.0,0.06,178.78,0.05,146.0,0.07,77.0,0.08,123.9,0.01,0.01,2359.639525,1776308282000
1776308291.317,191.317,0.93,28.95,0.92,134.8,0.94,47.0,0.95,146.0,0.06,178.78,0.05,146.0,0.07,46.71,0.08,124.9,0.01,0.01,2359.66384,1776308289000
1776308292.298,192.298,0.92,53.9,0.91,15.0,0.94,436.0,0.95,82.16,0.06,47.0,0.05,146.0,0.07,28.95,0.08,134.8,0.02,0.01,2359.676198,1776308290000
1776308295.334,195.334,0.92,25.0,0.91,15.0,0.93,412.62,0.94,42.0,0.06,436.0,0.05,82.16,0.08,53.9,0.09,15.0,0.01,0.02,2359.35725,1776308293000
1776308296.516,196.516,0.92,30.0,0.91,73.0,0.93,138.54,0.94,280.0,0.07,407.24,0.06,42.0,0.08,25.0,0.09,15.0,0.01,0.01,2359.323342,1776308295000
1776308298.388,198.388,0.92,16.26,0.91,10.0,0.93,357.0,0.94,146.99,0.07,138.54,0.06,280.0,0.08,30.0,0.09,73.0,0.01,0.01,2359.230266,1776308297000
1776308300.656,200.656,0.91,1.04,0.9,129.0,0.93,263.0,0.94,192.99,0.07,357.0,0.06,146.99,0.08,16.26,0.09,10.0,0.02,0.01,2359.221106,1776308299000
1776308302.223,202.223,0.91,0.96,0.9,26.0,0.92,286.0,0.93,63.0,0.07,263.0,0.06,192.99,0.09,1.04,0.1,129.0,0.01,0.02,2359.1801,1776308300000
1776308307.084,207.084,0.91,21.6,0.9,35.0,0.92,254.79,0.93,28.0,0.08,286.0,0.07,63.0,0.09,0.96,0.1,26.0,0.01,0.01,2359.052859,1776308305000
1776308307.675,207.675,0.91,6.6,0.9,25.0,0.92,276.79,0.93,15.0,0.08,254.79,0.07,28.0,0.09,21.6,0.1,35.0,0.01,0.01,2359.052859,1776308305000
1776308308.56,208.56,0.9,15.94,0.89,24.0,0.92,287.79,0.93,114.99,0.08,276.79,0.07,15.0,0.09,6.6,0.1,25.0,0.02,0.01,2358.981513,1776308307000
1776308311.498,211.498,0.92,71.0,0.91,324.0,0.93,5.08,0.94,82.0,0.08,287.79,0.07,114.99,0.1,15.94,0.11,24.0,0.01,0.02,2358.931601,1776308310000
1776308311.966,211.966,0.93,18.92,0.92,76.0,0.94,76.84,0.95,338.8,0.06,140.0,0.05,105.8,0.07,13.92,0.08,76.0,0.01,0.01,2358.931601,1776308310000
1776308314.188,214.188,0.93,49.42,0.92,270.0,0.94,16.0,0.95,457.8,0.06,76.84,0.05,338.8,0.07,18.92,0.08,76.0,0.01,0.01,2359.12882,1776308312000
1776308314.763,214.763,0.93,64.42,0.92,390.9,0.94,11.0,0.95,457.8,0.06,16.0,0.05,457.8,0.07,49.42,0.08,270.0,0.01,0.01,2359.10305,1776308313000
1776308315.811,215.811,0.94,114.0,0.93,399.72,0.95,91.8,0.96,35.0,0.06,11.0,0.05,457.8,0.07,64.42,0.08,390.9,0.01,0.01,2359.134274,1776308314000
1776308319.84,219.84,0.94,513.8,0.93,137.72,0.95,81.58,0.96,41.0,0.05,91.8,0.04,35.0,0.06,114.0,0.07,399.72,0.01,0.01,2359.43979,1776308318000
1776308320.248,220.248,0.94,513.8,0.93,127.72,0.95,76.18,0.96,41.0,0.05,81.58,0.04,41.0,0.06,513.8,0.07,137.72,0.01,0.01,2359.43979,1776308318000
1776308320.621,220.621,0.96,8.62,0.94,523.8,0.97,406.0,0.98,349.99,0.05,76.18,0.04,41.0,0.06,513.8,0.07,127.72,0.01,0.01,2359.391575,1776308319000
1776308320.939,220.939,0.96,8.3,0.95,37.0,0.97,406.0,0.98,649.99,0.03,406.0,0.02,349.99,0.04,8.62,0.06,523.8,0.01,0.01,2359.391575,1776308319000
1776308321.178,221.178,0.96,8.3,0.95,112.8,0.97,386.0,0.98,649.99,0.03,406.0,0.02,649.99,0.04,8.3,0.05,37.0,0.01,0.01,2359.391575,1776308319000
1776308321.378,221.378,0.96,13.13,0.95,112.8,0.97,387.93,0.98,649.99,0.03,387.93,0.02,649.99,0.04,13.13,0.05,112.8,0.01,0.01,2359.409755,1776308320000
1776308321.665,221.665,0.96,3.13,0.95,194.8,0.97,202.93,0.98,849.99,0.03,387.93,0.02,649.99,0.04,13.13,0.05,112.8,0.01,0.01,2359.409755,1776308320000
1776308322.005,222.005,0.96,3.13,0.95,194.8,0.97,336.93,0.98,658.99,0.03,202.93,0.02,849.99,0.04,3.13,0.05,194.8,0.01,0.01,2359.409755,1776308320000
1776308322.928,222.928,0.96,175.83,0.95,196.8,0.98,616.93,0.99,2244.94,0.03,336.93,0.02,658.99,0.04,3.13,0.05,194.8,0.02,0.01,2359.6022,1776308322000
1776308323.339,223.339,0.97,103.0,0.96,179.83,0.98,606.66,0.99,2344.94,0.02,606.72,0.01,2244.94,0.03,5.0,0.04,180.83,0.01,0.01,2359.6022,1776308322000
1776308323.602,223.602,0.97,103.0,0.96,179.83,0.98,605.63,0.99,2344.94,0.02,606.66,0.01,2344.94,0.03,103.0,0.04,179.83,0.01,0.01,2359.6022,1776308322000
1776308323.922,223.922,0.97,102.0,0.96,184.83,0.98,600.63,0.99,2344.94,0.02,605.63,0.01,2344.94,0.03,103.0,0.04,179.83,0.01,0.01,2359.6022,1776308322000
1776308325.725,225.725,0.97,107.0,0.96,190.83,0.98,592.93,0.99,2944.94,0.02,600.63,0.01,2344.94,0.03,102.0,0.04,184.83,0.01,0.01,2359.70559,1776308324000
1776308326.387,226.387,0.97,107.0,0.96,191.83,0.98,577.72,0.99,3168.94,0.02,592.93,0.01,2944.94,0.03,107.0,0.04,190.83,0.01,0.01,2359.71005,1776308325000
1776308329.37,229.37,0.97,277.01,0.96,313.83,0.98,213.61,0.99,3306.94,0.02,577.72,0.01,3168.94,0.03,107.0,0.04,191.83,0.01,0.01,2359.7368,1776308328000
1776308329.702,229.702,0.97,272.01,0.96,313.83,0.98,182.98,0.99,3306.94,0.02,203.39,0.01,3306.94,0.03,272.01,0.04,313.83,0.01,0.01,2359.7368,1776308328000
1776308330.267,230.267,0.97,265.98,0.96,313.83,0.98,182.98,0.99,3306.94,0.02,182.98,0.01,3306.94,0.03,272.01,0.04,313.83,0.01,0.01,2359.775111,1776308329000
1776308331.926,231.926,0.97,260.98,0.96,313.83,0.98,120.87,0.99,2420.94,0.02,182.98,0.01,3306.94,0.03,265.98,0.04,313.83,0.01,0.01,2359.825337,1776308330000
1776308338.573,238.573,0.97,425.68,0.96,255.83,0.98,94.87,0.99,3181.95,0.02,120.87,0.01,2420.94,0.03,260.98,0.04,313.83,0.01,0.01,2359.71148,1776308337000
1776308339.085,239.085,0.98,63.19,0.97,455.68,0.99,3181.95,,,0.02,94.87,0.01,3181.95,0.03,425.68,0.04,255.83,0.01,0.01,2359.71148,1776308337000
1776308340.476,240.476,0.98,86.05,0.97,361.68,0.99,3257.94,,,0.01,3170.95,,,0.02,90.35,0.03,450.68,0.01,0.01,2359.638941,1776308339000
1776308341.118,241.118,0.98,91.05,0.97,356.68,0.99,2911.31,,,0.01,3257.94,,,0.02,86.05,0.03,361.68,0.01,0.01,2359.638941,1776308339000
1776308343.689,243.689,0.98,297.75,0.97,409.71,0.99,2610.98,,,0.01,3264.91,,,0.02,114.05,0.03,356.68,0.01,0.01,2359.759275,1776308342000
1776308345.012,245.012,0.98,76.05,0.97,404.71,0.99,1721.14,,,0.01,2610.98,,,0.02,297.75,0.03,409.71,0.01,0.01,2359.794825,1776308343000
1776308345.661,245.661,0.98,56.05,0.97,341.71,0.99,1866.14,,,0.01,1721.14,,,0.02,76.05,0.03,404.71,0.01,0.01,2359.794825,1776308343000
1776308346.006,246.006,0.98,36.05,0.97,341.71,0.99,2318.73,,,0.01,1866.14,,,0.02,56.05,0.03,341.71,0.01,0.01,2359.81306,1776308344000
1776308346.389,246.389,0.98,11.05,0.97,194.01,0.99,2130.58,,,0.01,2318.73,,,0.02,36.05,0.03,341.71,0.01,0.01,2359.80306,1776308345000
1776308346.603,246.603,0.97,174.01,0.96,126.83,0.98,87.75,0.99,2449.91,0.02,139.78,0.01,2048.75,0.03,174.01,0.04,126.83,0.01,0.01,2359.80306,1776308345000
1776308346.855,246.855,0.97,131.01,0.96,184.83,0.98,334.75,0.99,2212.91,0.02,87.75,0.01,2449.91,0.03,174.01,0.04,126.83,0.01,0.01,2359.80306,1776308345000
1776308348.244,248.244,0.97,156.01,0.96,180.83,0.98,464.35,0.99,2212.91,0.02,334.75,0.01,2212.91,0.03,131.01,0.04,184.83,0.01,0.01,2359.77084,1776308346000
1776308348.733,248.733,0.97,148.7,0.96,180.83,0.98,496.07,0.99,2212.91,0.02,464.35,0.01,2212.91,0.03,156.01,0.04,180.83,0.01,0.01,2359.41091,1776308347000
1776308357.883,257.883,0.97,298.71,0.96,161.7,0.98,28.55,0.99,2291.74,0.02,496.07,0.01,2212.91,0.03,148.7,0.04,180.83,0.01,0.01,2359.072067,1776308356000
1776308359.757,259.757,0.97,303.71,0.96,228.7,0.98,3.88,0.99,1928.14,0.02,28.55,0.01,2291.74,0.03,298.71,0.04,161.7,0.01,0.01,2359.082713,1776308358000
1776308360.474,260.474,0.97,298.71,0.96,227.7,0.99,1919.93,,,0.02,3.88,0.01,1928.14,0.03,303.71,0.04,228.7,0.02,0.01,2359.168687,1776308359000
1776308360.77,260.77,0.98,198.7,0.97,298.71,0.99,1868.93,,,0.01,1919.93,,,0.03,298.71,0.04,227.7,0.01,0.02,2359.168687,1776308359000
1776308363.519,263.519,0.98,203.7,0.97,296.71,0.99,1863.93,,,0.01,1868.93,,,0.02,198.7,0.03,298.71,0.01,0.01,2359.111818,1776308362000
1776308364.372,264.372,0.98,217.7,0.97,296.71,0.99,1826.93,,,0.01,1863.93,,,0.02,203.7,0.03,296.71,0.01,0.01,2359.091963,1776308363000
1776308367.183,267.183,0.98,193.7,0.97,348.71,0.99,1613.89,,,0.01,1826.93,,,0.02,217.7,0.03,296.71,0.01,0.01,2359.090909,1776308365000
1776308370.975,270.975,0.98,198.7,0.97,388.71,0.99,1561.89,,,0.01,1613.89,,,0.02,193.7,0.03,348.71,0.01,0.01,2359.095945,1776308369000
1776308372.948,272.948,0.98,198.7,0.97,406.71,0.99,1517.89,,,0.01,1561.89,,,0.02,198.7,0.03,388.71,0.01,0.01,2359.026338,1776308371000
1776308373.224,273.224,0.98,198.7,0.97,406.71,0.99,1334.85,,,0.01,1517.89,,,0.02,198.7,0.03,406.71,0.01,0.01,2359.026338,1776308371000
1776308374.327,274.327,0.98,213.7,0.97,430.71,0.99,1334.85,,,0.01,1334.85,,,0.02,198.7,0.03,406.71,0.01,0.01,2359.097542,1776308373000
1776308377.866,277.866,0.98,88.0,0.97,174.0,0.99,1333.83,,,0.01,1334.85,,,0.02,213.7,0.03,430.71,0.01,0.01,2359.17844,1776308376000
1776308378.361,278.361,0.98,85.0,0.97,174.0,0.99,1297.62,,,0.01,1313.62,,,0.02,78.0,0.03,174.0,0.01,0.01,2359.17092,1776308377000
1776308379.492,279.492,0.98,84.0,0.97,160.0,0.99,1202.62,,,0.01,1297.62,,,0.02,85.0,0.03,174.0,0.01,0.01,2359.179105,1776308378000
1776308380.633,280.633,0.98,84.0,0.97,150.0,0.99,1195.59,,,0.01,1202.62,,,0.02,84.0,0.03,160.0,0.01,0.01,2359.166165,1776308379000
1776308381.255,281.255,0.98,97.0,0.97,150.0,0.99,1135.59,,,0.01,1195.59,,,0.02,84.0,0.03,150.0,0.01,0.01,2359.166165,1776308379000
1776308381.538,281.538,0.98,97.0,0.97,150.0,0.99,1101.59,,,0.01,1135.59,,,0.02,97.0,0.03,150.0,0.01,0.01,2359.170555,1776308380000
1776308382.137,282.137,0.98,127.0,0.97,150.0,0.99,585.53,,,0.01,1090.59,,,0.02,92.0,0.03,150.0,0.01,0.01,2359.170555,1776308380000
1776308382.361,282.361,0.98,127.0,0.97,160.0,0.99,504.73,,,0.01,585.53,,,0.02,127.0,0.03,150.0,0.01,0.01,2359.238237,1776308381000
1776308382.638,282.638,0.98,127.0,0.97,160.0,0.99,500.73,,,0.01,507.73,,,0.02,122.0,0.03,160.0,0.01,0.01,2359.238237,1776308381000
1776308383.868,283.868,0.98,127.0,0.97,134.0,0.99,504.71,,,0.01,500.73,,,0.02,127.0,0.03,160.0,0.01,0.01,2359.15787,1776308383000
1776308384.546,284.546,0.98,117.0,0.97,134.0,0.99,446.71,,,0.01,504.71,,,0.02,127.0,0.03,134.0,0.01,0.01,2359.15787,1776308383000
1776308384.956,284.956,0.98,85.0,0.97,150.0,0.99,417.51,,,0.01,446.71,,,0.02,117.0,0.03,134.0,0.01,0.01,2359.15787,1776308383000
1776308385.33,285.33,0.97,100.0,0.96,118.0,0.99,655.51,,,0.01,417.51,,,0.02,85.0,0.03,150.0,0.02,0.01,2359.1436,1776308384000
1776308385.601,285.601,0.97,85.0,0.96,118.0,0.98,3.0,0.99,655.51,0.02,3.0,0.01,655.51,0.03,100.0,0.04,118.0,0.01,0.01,2359.1436,1776308384000
1776308386.098,286.098,0.97,104.0,0.96,118.0,0.98,8.97,0.99,613.45,0.01,613.45,,,0.03,85.0,0.04,113.0,0.01,0.02,2359.1436,1776308384000
1776308386.353,286.353,0.97,80.0,0.96,118.0,0.98,4.33,0.99,613.45,0.02,8.97,0.01,613.45,0.03,104.0,0.04,118.0,0.01,0.01,2359.115225,1776308385000
1776308387.673,287.673,0.98,20.0,0.97,110.0,0.99,608.45,,,0.02,4.33,0.01,613.45,0.03,80.0,0.04,118.0,0.01,0.01,2358.746103,1776308386000
1776308388.092,288.092,0.98,10.0,0.97,105.0,0.99,607.43,,,0.01,608.45,,,0.02,20.0,0.03,110.0,0.01,0.01,2358.746103,1776308386000
1776308388.459,288.459,0.98,10.0,0.97,110.0,0.99,549.43,,,0.01,607.43,,,0.02,10.0,0.03,105.0,0.01,0.01,2358.536622,1776308387000
1776308388.861,288.861,0.96,20.39,0.95,210.0,0.98,253.0,0.99,452.4,0.01,590.4,,,0.03,32.39,0.04,136.0,0.02,0.02,2358.536622,1776308387000
1776308389.184,289.184,0.95,42.0,0.94,10.0,0.97,15.0,0.98,298.0,0.03,10.0,0.02,240.0,0.05,90.0,0.06,28.0,0.02,0.02,2358.458499,1776308388000
1776308389.528,289.528,0.95,5.0,0.94,13.0,0.97,212.79,0.98,60.0,0.04,4.79,0.03,253.0,0.08,116.12,0.09,10.0,0.02,0.04,2358.458499,1776308388000
1776308389.766,289.766,0.94,14.0,0.93,12.94,0.97,221.86,0.98,60.0,0.04,15.0,0.03,222.79,0.07,7.57,0.08,68.0,0.03,0.03,2358.458499,1776308388000
1776308390.501,290.501,0.95,15.0,0.94,96.0,0.96,63.95,0.97,221.86,0.03,221.86,0.02,60.0,0.06,14.0,0.07,12.94,0.01,0.03,2358.409288,1776308389000
1776308390.919,290.919,0.93,75.57,0.92,10.0,0.96,238.74,0.97,10.0,0.05,10.0,0.04,53.74,0.07,79.79,0.08,41.0,0.03,0.02,2358.409288,1776308389000
1776308391.2,291.2,0.95,5.0,0.94,10.0,0.96,286.74,0.97,10.0,0.04,238.74,0.03,10.0,0.07,75.57,0.08,10.0,0.01,0.03,2358.409288,1776308389000
1776308391.868,291.868,0.93,10.0,0.92,10.0,0.95,353.75,0.96,100.9,0.04,276.74,0.03,10.0,0.05,5.0,0.06,10.0,0.02,0.01,2357.956954,1776308390000
1776308392.159,292.159,0.79,15.04,0.78,12.0,0.81,5.77,0.82,10.0,0.16,7.01,0.15,125.34,0.18,20.0,0.21,15.04,0.02,0.02,2357.859485,1776308391000
1776308392.391,292.391,0.75,1.0,0.74,15.04,0.76,50.0,0.79,10.0,0.24,50.0,0.2,1.21,0.26,15.04,0.28,10.0,0.01,0.02,2357.859485,1776308391000
1776308392.675,292.675,0.66,5.0,0.65,10.0,0.67,8.5,0.68,10.0,0.27,10.0,0.26,30.0,0.33,10.0,0.34,15.0,0.01,0.06,2357.859485,1776308391000
1776308392.926,292.926,0.71,5.0,0.7,10.0,0.72,65.0,0.73,90.0,0.28,60.0,0.27,90.0,0.3,10.0,0.31,10.0,0.01,0.02,2357.859485,1776308391000
1776308393.136,293.136,0.7,3.42,0.69,10.0,0.74,30.0,0.75,10.0,0.28,51.25,0.27,90.0,0.29,4.0,0.3,10.0,0.04,0.01,2357.91501,1776308392000
1776308393.617,293.617,0.72,13.0,0.71,10.0,0.74,21.89,0.75,10.0,0.26,21.89,0.25,10.0,0.28,10.0,0.3,3.42,0.02,0.02,2357.91501,1776308392000
1776308393.864,293.864,0.73,15.0,0.72,10.0,0.75,8.34,0.76,24.0,0.26,21.89,0.25,10.0,0.28,13.0,0.29,10.0,0.02,0.02,2357.91501,1776308392000
1776308394.5,294.5,0.74,10.0,0.73,10.0,0.75,11.26,0.76,74.0,0.25,8.34,0.24,24.0,0.27,15.0,0.28,10.0,0.01,0.02,2357.409896,1776308393000
1776308394.932,294.932,0.52,5.83,0.51,50.0,0.56,32.0,0.61,10.0,0.25,11.26,0.24,74.0,0.26,10.0,0.27,10.0,0.04,0.01,2357.409896,1776308393000
1776308395.234,295.234,0.48,276.68,0.45,30.0,0.49,7.75,0.5,10.0,0.51,10.0,0.5,10.0,0.52,276.68,0.54,50.0,0.01,0.01,2357.23674,1776308394000
1776308395.454,295.454,0.48,104.07,0.45,30.0,0.5,10.0,0.51,10.0,0.5,10.0,0.49,10.0,0.51,11.04,0.52,158.03,0.02,0.01,2357.23674,1776308394000
1776308395.811,295.811,0.41,50.0,0.4,10.0,0.43,10.93,0.49,4.89,0.51,5.8,0.5,10.0,0.52,29.07,0.55,30.0,0.02,0.01,2357.23674,1776308394000
1776308396.095,296.095,0.43,10.0,0.42,8.87,0.45,5.0,0.46,10.0,0.56,10.0,0.55,10.0,0.58,8.87,0.59,60.0,0.02,0.02,2357.23674,1776308394000
1776308396.384,296.384,0.47,7.85,0.46,10.0,0.5,110.99,0.51,19.0,0.5,10.0,0.49,19.0,0.51,5.01,0.52,3.53,0.03,0.01,2357.23403,1776308395000
1776308396.607,296.607,0.44,15.0,0.43,20.02,0.5,107.0,0.51,19.0,0.53,1.0,0.52,10.0,0.56,10.0,0.57,20.02,0.06,0.03,2357.23403,1776308395000
1776308396.812,296.812,0.47,10.0,0.46,10.0,0.52,97.0,0.53,20.0,0.52,10.0,0.51,10.0,0.54,12.06,0.55,10.0,0.05,0.02,2357.23403,1776308395000
1776308397.164,297.164,0.48,6.14,0.47,10.0,0.49,60.0,0.5,92.16,0.48,10.0,0.47,10.0,0.52,6.14,0.53,10.0,0.01,0.04,2357.23403,1776308395000
1776308397.365,297.365,0.46,10.0,0.45,4.75,0.5,32.42,0.51,50.0,0.53,8.86,0.51,60.0,0.54,10.0,0.55,4.75,0.04,0.01,2357.120705,1776308396000
1776308397.673,297.673,0.58,9.0,0.57,10.0,0.59,14.07,0.61,50.0,0.41,14.07,0.39,50.0,0.42,10.0,0.43,10.0,0.01,0.01,2357.120705,1776308396000
1776308397.976,297.976,0.76,7.97,0.75,10.0,0.79,74.0,0.8,6.21,0.21,40.0,0.2,6.21,0.23,4.97,0.24,10.0,0.03,0.02,2357.120705,1776308396000
1776308398.245,298.245,0.79,22.0,0.78,10.0,0.83,5.77,0.84,7.01,0.19,20.77,0.18,10.0,0.24,7.97,0.25,10.0,0.04,0.05,2357.120705,1776308396000
1776308398.446,298.446,0.85,11.0,0.84,10.0,0.86,7.48,0.87,1.5,0.14,8.83,0.13,1.5,0.15,11.0,0.16,10.0,0.01,0.01,2357.120705,1776308396000
1776308398.721,298.721,0.96,8.0,0.92,10.0,0.97,10.0,0.98,84.0,0.06,2.0,0.05,10.0,0.1,10.0,0.11,10.0,0.01,0.04,2357.05788,1776308397000
1776308398.928,298.928,0.93,10.0,0.92,10.0,0.95,205.0,0.96,9.48,0.05,205.0,0.04,9.48,0.06,15.0,0.07,10.0,0.02,0.01,2357.05788,1776308397000
1776308399.215,299.215,0.98,7.49,0.97,16.0,0.99,240.92,,,0.01,240.92,,,0.04,38.0,0.06,10.0,0.01,0.03,2357.042677,1776308398000
1776308399.565,299.565,0.99,130.0,0.92,22.99,,,,,,,,,0.08,22.99,0.09,26.33,,,2357.042677,1776308398000
1776308400.152,300.152,0.99,1347.22,0.96,7.25,,,,,0.01,2344.94,,,0.08,22.99,0.09,26.33,,0.07,2357.042677,1776308398000
1776308400.642,300.642,0.99,1024.94,0.83,6.17,,,,,,,,,0.08,12.99,0.12,16.0,,,2357.083675,1776308399000
1776308400.843,300.843,0.99,1019.94,0.92,5.0,,,,,,,,,0.01,1024.94,0.17,6.17,,,2357.083675,1776308399000

# RESULT,winner=Up,slug=eth-updown-5m-1776308100,ticks=301
