timestamp,elapsed_sec,up_bid_p1,up_bid_s1,up_bid_p2,up_bid_s2,up_ask_p1,up_ask_s1,up_ask_p2,up_ask_s2,down_bid_p1,down_bid_s1,down_bid_p2,down_bid_s2,down_ask_p1,down_ask_s1,down_ask_p2,down_ask_s2,up_spread,down_spread,eth_price,eth_oracle_ts
1776254100.739,0.739,0.4,38.0,0.39,34.0,0.44,43.56,0.46,31.99,0.56,50.0,0.54,31.99,0.6,38.0,0.61,34.0,0.04,0.04,2336.828362,1776254099000
1776254101.041,1.041,0.39,34.0,0.38,35.0,0.44,36.74,0.46,31.99,0.6,12.0,0.56,48.56,0.61,34.0,0.62,35.0,0.05,0.01,2336.828362,1776254099000
1776254101.512,1.512,0.46,16.33,0.45,175.0,0.47,175.91,0.48,105.75,0.53,170.91,0.52,105.75,0.54,41.89,0.55,70.0,0.01,0.01,2336.730775,1776254100000
1776254101.818,1.818,0.46,33.14,0.45,179.33,0.47,175.91,0.48,105.75,0.53,175.91,0.52,105.75,0.55,161.33,0.56,5.0,0.01,0.02,2336.730775,1776254100000
1776254102.24,2.24,0.46,121.14,0.45,179.33,0.47,175.91,0.48,105.75,0.53,175.91,0.52,105.75,0.54,33.14,0.55,179.33,0.01,0.01,2336.730495,1776254101000
1776254102.777,2.777,0.45,97.42,0.44,43.0,0.47,175.91,0.48,111.75,0.53,175.91,0.52,105.75,0.54,121.14,0.55,179.33,0.02,0.01,2336.730495,1776254101000
1776254103.129,3.129,0.45,16.0,0.44,13.0,0.47,165.28,0.48,105.75,0.53,175.91,0.52,105.75,0.54,17.0,0.56,5.0,0.02,0.01,2336.94265,1776254102000
1776254103.4,3.4,0.45,15.27,0.44,28.0,0.46,10.0,0.47,180.28,0.54,5.0,0.53,175.28,0.55,16.0,0.56,13.0,0.01,0.01,2336.94265,1776254102000
1776254103.635,3.635,0.46,87.0,0.45,17.0,0.47,159.67,0.48,115.75,0.53,169.87,0.52,115.75,0.54,40.0,0.55,32.45,0.01,0.01,2336.94265,1776254102000
1776254103.859,3.859,0.46,112.0,0.45,17.0,0.47,154.67,0.48,120.75,0.53,159.67,0.52,115.75,0.54,87.0,0.55,17.0,0.01,0.01,2336.94265,1776254102000
1776254104.216,4.216,0.46,56.38,0.45,22.0,0.47,149.03,0.48,120.75,0.53,154.67,0.52,120.75,0.54,51.38,0.55,17.0,0.01,0.01,2336.94265,1776254102000
1776254104.417,4.417,0.46,26.38,0.45,22.0,0.47,139.03,0.48,120.75,0.53,149.03,0.52,120.75,0.54,26.38,0.55,22.0,0.01,0.01,2336.94265,1776254102000
1776254104.748,4.748,0.46,45.0,0.45,17.0,0.47,139.03,0.48,120.75,0.53,139.03,0.52,120.75,0.54,26.38,0.55,22.0,0.01,0.01,2336.854259,1776254103000
1776254105.472,5.472,0.46,66.5,0.45,22.0,0.47,129.03,0.48,115.75,0.53,139.03,0.52,120.75,0.54,45.0,0.55,17.0,0.01,0.01,2337.055586,1776254104000
1776254105.687,5.687,0.46,69.27,0.45,22.0,0.47,129.03,0.48,120.75,0.53,129.03,0.52,115.75,0.54,66.5,0.55,22.0,0.01,0.01,2337.055586,1776254104000
1776254105.911,5.911,0.46,114.27,0.45,72.0,0.48,59.58,0.49,242.0,0.52,109.58,0.51,242.0,0.54,114.27,0.55,72.0,0.02,0.02,2337.055586,1776254104000
1776254106.139,6.139,0.47,36.0,0.46,93.5,0.48,11.95,0.49,247.0,0.52,14.45,0.51,247.0,0.53,5.0,0.54,119.27,0.01,0.01,2337.055586,1776254104000
1776254106.497,6.497,0.47,41.0,0.46,93.5,0.48,6.95,0.49,247.0,0.52,11.95,0.51,247.0,0.53,36.0,0.54,93.5,0.01,0.01,2337.055586,1776254104000
1776254107.414,7.414,0.47,91.0,0.46,98.5,0.49,243.8,0.5,77.88,0.52,6.95,0.51,247.0,0.53,41.0,0.54,93.5,0.02,0.01,2337.05669,1776254106000
1776254107.753,7.753,0.47,50.01,0.46,98.5,0.48,15.0,0.49,243.8,0.52,10.0,0.51,243.8,0.53,46.0,0.54,98.5,0.01,0.01,2337.05669,1776254106000
1776254107.96,7.96,0.47,42.45,0.46,98.5,0.48,20.0,0.49,243.8,0.52,10.0,0.51,243.8,0.53,44.34,0.54,98.5,0.01,0.01,2337.05669,1776254106000
1776254108.422,8.422,0.46,33.96,0.45,60.0,0.48,15.0,0.49,243.8,0.52,10.0,0.51,243.8,0.53,42.45,0.54,98.5,0.02,0.01,2337.05669,1776254106000
1776254109.003,9.003,0.46,88.0,0.45,71.0,0.47,4.89,0.48,65.0,0.53,10.0,0.52,15.0,0.54,16.96,0.55,66.0,0.01,0.01,2337.089225,1776254107000
1776254109.283,9.283,0.46,75.95,0.45,71.0,0.47,4.89,0.48,65.0,0.53,4.89,0.52,65.0,0.54,88.0,0.55,71.0,0.01,0.01,2337.08504,1776254108000
1776254110.786,10.786,0.46,98.95,0.45,84.0,0.48,59.37,0.49,293.8,0.53,4.89,0.52,65.0,0.54,75.95,0.55,71.0,0.02,0.01,2337.01131,1776254109000
1776254111.533,11.533,0.47,61.45,0.46,78.0,0.48,69.37,0.49,293.8,0.52,59.37,0.51,293.8,0.54,98.95,0.55,84.0,0.01,0.02,2337.01131,1776254109000
1776254112.614,12.614,0.46,13.0,0.45,15.0,0.47,105.49,0.48,70.0,0.52,69.37,0.51,293.8,0.53,57.67,0.54,78.0,0.01,0.01,2336.99171,1776254111000
1776254113.342,13.342,0.43,105.0,0.42,70.0,0.46,110.5,0.47,105.49,0.53,100.49,0.52,70.0,0.55,7.52,0.56,25.0,0.03,0.02,2336.99171,1776254111000
1776254113.832,13.832,0.42,110.5,0.41,140.0,0.45,149.27,0.46,150.0,0.55,69.77,0.54,105.5,0.56,5.0,0.57,129.5,0.03,0.01,2337.01275,1776254112000
1776254114.12,14.12,0.39,4.42,0.38,10.0,0.4,15.0,0.41,65.0,0.55,149.27,0.54,150.0,0.58,110.5,0.59,140.0,0.01,0.03,2337.01275,1776254112000
1776254114.326,14.326,0.38,2.34,0.37,10.0,0.39,5.0,0.4,20.0,0.61,5.0,0.6,25.0,0.62,2.44,0.63,10.0,0.01,0.01,2337.01275,1776254112000
1776254114.534,14.534,0.37,16.58,0.36,73.89,0.38,10.0,0.39,25.0,0.61,20.0,0.6,25.0,0.63,12.57,0.64,73.89,0.01,0.02,2336.974522,1776254113000
1776254114.804,14.804,0.36,73.89,0.35,130.0,0.38,10.0,0.39,25.0,0.62,5.0,0.61,25.0,0.63,11.5,0.64,73.89,0.02,0.01,2336.974522,1776254113000
1776254115.094,15.094,0.4,15.0,0.37,15.0,0.41,35.0,0.42,25.0,0.62,10.0,0.61,25.0,0.64,73.89,0.65,130.0,0.01,0.02,2336.974522,1776254113000
1776254115.405,15.405,0.41,15.0,0.4,120.0,0.42,2.0,0.44,5.0,0.59,5.0,0.58,25.0,0.64,121.15,0.65,135.0,0.01,0.05,2336.94093,1776254114000
1776254115.716,15.716,0.42,15.0,0.41,10.0,0.43,39.06,0.44,60.0,0.55,96.84,0.54,55.0,0.57,15.0,0.58,10.0,0.01,0.02,2336.94093,1776254114000
1776254116.012,16.012,0.44,7.64,0.43,22.0,0.45,111.84,0.46,125.5,0.56,2.36,0.55,111.84,0.57,10.0,0.58,25.51,0.01,0.01,2336.94093,1776254114000
1776254117.018,17.018,0.44,127.64,0.43,104.0,0.45,41.07,0.47,70.99,0.55,111.84,0.54,125.5,0.56,7.64,0.57,22.0,0.01,0.01,2336.3921,1776254115000
1776254117.289,17.289,0.46,71.0,0.45,30.0,0.48,60.87,0.49,433.8,0.53,70.99,0.52,76.0,0.56,143.64,0.57,104.0,0.02,0.03,2336.376652,1776254116000
1776254117.765,17.765,0.47,57.96,0.46,86.0,0.48,35.5,0.49,438.8,0.52,40.46,0.51,433.8,0.53,15.0,0.54,116.0,0.01,0.01,2336.376652,1776254116000
1776254118.262,18.262,0.47,51.58,0.46,78.0,0.48,85.5,0.49,438.8,0.52,30.5,0.51,438.8,0.53,88.8,0.54,80.0,0.01,0.01,2336.376652,1776254116000
1776254118.801,18.801,0.46,78.0,0.45,78.0,0.47,24.31,0.48,80.5,0.52,85.5,0.51,438.8,0.53,51.58,0.54,78.0,0.01,0.01,2336.622106,1776254117000
1776254120.673,20.673,0.45,13.0,0.44,72.64,0.47,20.5,0.48,25.5,0.53,24.31,0.52,80.5,0.54,78.0,0.55,78.0,0.02,0.01,2336.624408,1776254118000
1776254121.34,21.34,0.45,60.0,0.44,70.64,0.46,32.73,0.47,80.5,0.54,10.0,0.53,20.5,0.56,67.64,0.57,65.0,0.01,0.02,2336.79379,1776254119000
1776254122.597,22.597,0.45,55.0,0.44,67.64,0.46,98.78,0.47,80.5,0.54,40.96,0.53,80.5,0.55,60.0,0.56,70.64,0.01,0.01,2336.777313,1776254121000
1776254124.123,24.123,0.45,73.0,0.44,70.64,0.47,75.5,0.48,75.5,0.54,98.78,0.53,80.5,0.55,55.0,0.56,67.64,0.02,0.01,2336.764821,1776254123000
1776254124.506,24.506,0.45,5.0,0.44,50.0,0.46,135.5,0.47,80.5,0.53,75.5,0.52,75.5,0.55,73.0,0.56,70.64,0.01,0.02,2336.764821,1776254123000
1776254125.777,25.777,0.43,4.38,0.42,88.0,0.44,126.5,0.45,105.5,0.54,135.5,0.53,80.5,0.55,5.0,0.56,50.0,0.01,0.01,2336.774948,1776254124000
1776254126.225,26.225,0.43,38.49,0.42,93.0,0.44,40.0,0.45,105.5,0.56,76.0,0.55,105.5,0.57,48.49,0.58,103.0,0.01,0.01,2336.774948,1776254124000
1776254127.543,27.543,0.44,110.0,0.43,98.49,0.46,56.69,0.47,246.49,0.56,40.0,0.55,105.5,0.57,38.49,0.58,93.0,0.02,0.01,2336.688829,1776254126000
1776254129.457,29.457,0.44,75.0,0.43,73.49,0.45,29.85,0.46,117.19,0.54,56.69,0.53,246.49,0.56,110.0,0.57,98.49,0.01,0.02,2336.596121,1776254127000
1776254130.669,30.669,0.45,128.18,0.44,93.0,0.46,5.0,0.47,65.5,0.55,29.85,0.54,117.19,0.56,75.0,0.57,73.49,0.01,0.01,2336.624875,1776254129000
1776254131.328,31.328,0.46,140.0,0.45,118.18,0.47,51.52,0.48,260.48,0.54,5.0,0.53,65.5,0.55,128.18,0.56,93.0,0.01,0.01,2336.613287,1776254130000
1776254131.57,31.57,0.46,115.0,0.45,123.18,0.47,15.5,0.48,270.48,0.53,51.52,0.52,260.48,0.54,140.0,0.55,118.18,0.01,0.01,2336.613287,1776254130000
1776254132.027,32.027,0.46,55.0,0.45,93.18,0.47,80.5,0.48,85.5,0.53,10.5,0.52,270.48,0.54,101.74,0.55,123.18,0.01,0.01,2336.739304,1776254131000
1776254134.026,34.026,0.45,16.76,0.44,80.0,0.47,115.5,0.48,275.49,0.53,80.5,0.52,85.5,0.54,55.0,0.55,93.18,0.02,0.01,2336.694675,1776254132000
1776254139.412,39.412,0.44,60.0,0.43,63.49,0.45,109.5,0.46,146.5,0.53,115.5,0.52,275.49,0.55,16.76,0.56,80.0,0.01,0.02,2336.667105,1776254138000
1776254140.646,40.646,0.43,63.49,0.42,88.5,0.44,7.87,0.45,144.5,0.55,109.5,0.54,146.5,0.56,60.0,0.57,63.49,0.01,0.01,2336.697216,1776254139000
1776254141.824,41.824,0.43,13.15,0.42,88.5,0.44,143.87,0.45,119.5,0.56,7.87,0.55,144.5,0.57,63.49,0.58,88.5,0.01,0.01,2336.705986,1776254140000
1776254143.439,43.439,0.45,2710.63,0.43,13.15,0.46,141.5,0.47,265.48,0.56,143.87,0.55,119.5,0.57,13.15,0.58,88.5,0.01,0.01,2336.576464,1776254142000
1776254144.503,44.503,0.45,2711.53,0.43,55.0,0.46,205.5,0.47,85.51,0.54,141.5,0.53,265.48,0.55,2710.63,0.57,13.15,0.01,0.01,2336.576464,1776254142000
1776254144.711,44.711,0.45,2696.53,0.4,5.0,0.46,555.49,0.47,93.51,0.54,205.5,0.53,85.51,0.55,2711.53,0.57,55.0,0.01,0.01,2336.537606,1776254143000
1776254144.913,44.913,0.45,2335.63,0.4,5.0,0.46,627.49,0.47,93.51,0.54,594.49,0.53,93.51,0.55,2503.63,0.6,5.0,0.01,0.01,2336.537606,1776254143000
1776254145.147,45.147,0.45,2154.03,0.4,5.0,0.46,583.48,0.47,110.79,0.54,637.49,0.53,93.51,0.55,2182.02,0.6,5.0,0.01,0.01,2336.537606,1776254143000
1776254145.512,45.512,0.45,1843.73,0.4,5.0,0.46,553.48,0.47,110.79,0.54,588.48,0.53,110.79,0.55,1848.73,0.6,10.0,0.01,0.01,2336.538055,1776254144000
1776254145.721,45.721,0.45,1773.73,0.43,5.0,0.46,417.48,0.47,110.79,0.54,433.48,0.53,110.79,0.55,1783.73,0.6,5.0,0.01,0.01,2336.538055,1776254144000
1776254146.307,46.307,0.45,1758.73,0.44,5.0,0.46,333.48,0.47,176.47,0.54,423.48,0.53,176.47,0.55,1763.73,0.57,5.0,0.01,0.01,2336.538055,1776254144000
1776254146.596,46.596,0.45,1665.73,0.44,5.0,0.46,466.48,0.47,206.47,0.54,377.48,0.53,176.47,0.55,1730.73,0.56,5.0,0.01,0.01,2336.538055,1776254144000
1776254146.852,46.852,0.45,1649.4,0.44,5.0,0.46,583.48,0.47,206.47,0.54,466.48,0.53,206.47,0.55,1659.4,0.56,5.0,0.01,0.01,2336.375931,1776254145000
1776254147.214,47.214,0.45,1576.37,0.44,5.0,0.46,651.49,0.47,206.47,0.54,583.48,0.53,206.47,0.55,1597.76,0.56,5.0,0.01,0.01,2336.375931,1776254145000
1776254147.574,47.574,0.45,1554.94,0.44,5.0,0.46,646.49,0.47,206.47,0.54,651.49,0.53,206.47,0.55,1561.27,0.56,5.0,0.01,0.01,2335.99387,1776254146000
1776254148.072,48.072,0.45,1564.94,0.44,10.0,0.46,624.49,0.47,206.47,0.54,646.49,0.53,206.47,0.55,1554.94,0.56,5.0,0.01,0.01,2335.99387,1776254146000
1776254148.976,48.976,0.45,1519.54,0.44,10.0,0.46,461.49,0.47,201.47,0.54,624.49,0.53,206.47,0.55,1533.54,0.56,5.0,0.01,0.01,2335.99462,1776254147000
1776254149.195,49.195,0.45,1496.35,0.44,10.0,0.46,533.49,0.47,201.47,0.54,461.49,0.53,201.47,0.55,1519.54,0.56,10.0,0.01,0.01,2335.99462,1776254147000
1776254149.444,49.444,0.45,1463.44,0.44,5.0,0.46,637.49,0.47,206.47,0.54,533.49,0.53,201.47,0.55,1496.35,0.56,10.0,0.01,0.01,2335.99462,1776254147000
1776254149.797,49.797,0.45,1459.53,0.44,5.0,0.46,637.49,0.47,206.47,0.54,637.49,0.53,206.47,0.55,1461.53,0.56,5.0,0.01,0.01,2335.895549,1776254148000
1776254150.028,50.028,0.45,1468.8,0.44,10.0,0.46,466.49,0.47,206.47,0.54,493.49,0.53,206.47,0.55,1434.8,0.56,10.0,0.01,0.01,2335.895549,1776254148000
1776254150.364,50.364,0.45,1459.8,0.44,10.0,0.46,433.49,0.47,206.47,0.54,466.49,0.53,206.47,0.55,1461.8,0.56,10.0,0.01,0.01,2335.883452,1776254149000
1776254151.214,51.214,0.45,1425.6,0.44,5.0,0.46,433.49,0.47,176.47,0.54,433.49,0.53,206.47,0.55,1462.8,0.56,10.0,0.01,0.01,2335.883452,1776254149000
1776254151.423,51.423,0.45,1248.41,0.44,5.0,0.46,495.49,0.47,159.19,0.54,495.49,0.53,176.47,0.55,1258.41,0.56,5.0,0.01,0.01,2335.883452,1776254149000
1776254152.317,52.317,0.45,1177.94,0.44,10.0,0.46,480.49,0.47,176.47,0.54,490.49,0.53,176.47,0.55,1207.94,0.56,5.0,0.01,0.01,2335.872155,1776254151000
1776254154.013,54.013,0.45,1147.94,0.44,5.0,0.46,561.27,0.47,110.79,0.54,480.49,0.53,176.47,0.55,1177.94,0.56,10.0,0.01,0.01,2335.952022,1776254152000
1776254154.533,54.533,0.45,1126.55,0.44,5.0,0.46,602.27,0.47,93.51,0.54,561.27,0.53,110.79,0.55,1147.94,0.56,5.0,0.01,0.01,2335.871926,1776254153000
1776254154.733,54.733,0.45,1096.99,0.44,5.0,0.46,602.27,0.47,110.79,0.54,602.27,0.53,110.79,0.55,1102.09,0.56,5.0,0.01,0.01,2335.871926,1776254153000
1776254155.354,55.354,0.45,1093.52,0.44,10.0,0.46,535.27,0.47,110.79,0.54,602.27,0.53,110.79,0.55,1083.71,0.56,5.0,0.01,0.01,2335.871926,1776254153000
1776254155.629,55.629,0.45,1063.08,0.44,10.0,0.46,270.48,0.47,100.79,0.54,535.27,0.53,110.79,0.55,1091.48,0.56,10.0,0.01,0.01,2335.847485,1776254154000
1776254155.848,55.848,0.45,1044.08,0.44,60.0,0.46,100.5,0.47,100.79,0.54,100.5,0.53,100.79,0.55,1044.08,0.56,60.0,0.01,0.01,2335.847485,1776254154000
1776254156.26,56.26,0.45,1090.35,0.44,60.0,0.46,167.05,0.47,100.79,0.54,91.55,0.53,100.79,0.55,1049.08,0.56,60.0,0.01,0.01,2335.837866,1776254155000
1776254156.532,56.532,0.45,1100.35,0.44,80.5,0.46,16.99,0.47,50.79,0.54,167.05,0.53,100.79,0.55,1090.35,0.56,60.0,0.01,0.01,2335.837866,1776254155000
1776254156.909,56.909,0.46,10.0,0.45,1095.35,0.48,42.67,0.49,312.3,0.52,35.35,0.51,288.8,0.55,1100.35,0.56,80.5,0.02,0.03,2335.837866,1776254155000
1776254157.497,57.497,0.47,110.62,0.46,96.0,0.48,97.67,0.49,334.58,0.52,42.67,0.51,317.3,0.53,19.62,0.54,106.0,0.01,0.01,2335.73328,1776254156000
1776254157.833,57.833,0.47,105.62,0.46,96.0,0.48,237.36,0.49,334.58,0.52,97.67,0.51,334.58,0.53,110.62,0.54,96.0,0.01,0.01,2335.73328,1776254156000
1776254158.857,58.857,0.47,113.54,0.46,106.0,0.48,187.19,0.49,332.08,0.52,237.36,0.51,334.58,0.53,105.62,0.54,96.0,0.01,0.01,2336.024385,1776254157000
1776254159.961,59.961,0.46,98.56,0.45,1080.85,0.48,178.0,0.49,337.08,0.52,173.0,0.51,332.08,0.53,54.36,0.54,106.0,0.02,0.01,2336.21191,1776254158000
1776254160.258,60.258,0.46,79.06,0.45,1080.85,0.47,86.01,0.48,143.14,0.52,178.0,0.51,337.08,0.54,98.56,0.55,1080.85,0.01,0.02,2336.21191,1776254158000
1776254160.584,60.584,0.46,15.53,0.45,1080.85,0.47,168.84,0.48,160.42,0.53,98.84,0.52,143.14,0.54,22.39,0.55,1080.85,0.01,0.01,2336.212873,1776254159000
1776254161.605,61.605,0.45,1044.78,0.44,110.5,0.46,141.84,0.47,106.29,0.53,163.84,0.52,160.42,0.55,1079.78,0.56,110.5,0.01,0.02,2336.21373,1776254160000
1776254163.049,63.049,0.45,1069.03,0.44,119.29,0.46,51.84,0.47,51.29,0.54,207.43,0.53,106.29,0.55,1028.03,0.56,110.5,0.01,0.01,2336.252365,1776254161000
1776254163.734,63.734,0.46,7.17,0.45,879.34,0.47,24.01,0.48,22.28,0.54,51.84,0.53,51.29,0.55,856.13,0.56,110.5,0.01,0.01,2336.22324,1776254162000
1776254163.999,63.999,0.48,10.23,0.47,75.5,0.49,56.93,0.5,140.36,0.51,17.92,0.5,103.08,0.54,42.67,0.55,848.34,0.01,0.03,2336.22324,1776254162000
1776254164.816,64.816,0.48,60.23,0.47,75.5,0.49,74.93,0.5,140.36,0.51,56.93,0.5,140.36,0.52,10.23,0.53,75.5,0.01,0.01,2336.194055,1776254163000
1776254165.465,65.465,0.48,56.76,0.47,75.5,0.49,74.93,0.5,140.36,0.51,74.93,0.5,140.36,0.52,60.23,0.53,75.5,0.01,0.01,2336.194055,1776254163000
1776254165.72,65.72,0.48,97.26,0.47,150.5,0.49,13.67,0.5,60.36,0.51,74.93,0.5,140.36,0.52,56.76,0.53,75.5,0.01,0.01,2336.194055,1776254163000
1776254166.024,66.024,0.53,15.0,0.52,15.0,0.55,83.52,0.56,33.89,0.45,54.52,0.44,28.89,0.47,70.0,0.48,75.5,0.02,0.02,2336.34987,1776254164000
1776254166.365,66.365,0.52,9.0,0.51,65.0,0.53,37.31,0.54,35.5,0.46,10.0,0.45,78.52,0.48,12.0,0.49,65.0,0.01,0.02,2336.34987,1776254164000
1776254166.661,66.661,0.49,10.0,0.48,91.26,0.51,5.0,0.52,15.0,0.48,6.07,0.47,69.98,0.49,10.0,0.5,10.0,0.02,0.01,2336.487388,1776254165000
1776254167.254,67.254,0.5,10.0,0.48,61.76,0.51,17.0,0.52,55.89,0.49,1.0,0.48,39.39,0.5,10.0,0.51,10.0,0.01,0.01,2336.543402,1776254166000
1776254167.667,67.667,0.49,60.0,0.48,71.45,0.51,23.5,0.52,57.89,0.49,35.5,0.48,57.89,0.52,71.45,0.53,75.5,0.02,0.03,2336.543402,1776254166000
1776254168.177,68.177,0.49,7.33,0.48,30.5,0.5,5.0,0.51,15.0,0.48,50.16,0.47,70.98,0.51,20.0,0.52,71.45,0.01,0.03,2336.789159,1776254167000
1776254168.633,68.633,0.48,5.57,0.47,10.0,0.49,10.0,0.5,75.0,0.5,5.0,0.49,15.0,0.51,7.33,0.52,30.5,0.01,0.01,2336.789159,1776254167000
1776254169.169,69.169,0.45,724.0,0.44,5.0,0.46,145.5,0.47,88.5,0.51,16.0,0.5,75.0,0.52,2.97,0.53,10.0,0.01,0.01,2336.8052,1776254168000
1776254169.374,69.374,0.45,561.53,0.44,5.0,0.46,148.5,0.47,88.5,0.54,148.5,0.53,88.5,0.55,611.53,0.56,5.0,0.01,0.01,2336.8052,1776254168000
1776254169.603,69.603,0.45,288.89,0.44,10.0,0.46,228.5,0.47,88.5,0.54,253.5,0.53,88.5,0.55,308.18,0.56,10.0,0.01,0.01,2336.8052,1776254168000
1776254169.879,69.879,0.45,107.01,0.44,10.0,0.46,233.5,0.47,88.5,0.54,228.5,0.53,88.5,0.55,278.07,0.56,10.0,0.01,0.01,2336.8052,1776254168000
1776254170.221,70.221,0.45,101.91,0.44,10.0,0.46,182.28,0.47,88.5,0.54,231.28,0.53,88.5,0.55,107.01,0.56,10.0,0.01,0.01,2336.693966,1776254169000
1776254170.974,70.974,0.45,101.91,0.44,10.0,0.46,213.06,0.47,138.5,0.54,182.28,0.53,88.5,0.55,101.91,0.56,10.0,0.01,0.01,2336.693966,1776254169000
1776254171.459,71.459,0.45,91.91,0.44,10.0,0.46,208.06,0.47,138.5,0.54,213.06,0.53,138.5,0.55,101.91,0.56,10.0,0.01,0.01,2336.2578,1776254170000
1776254171.699,71.699,0.45,88.25,0.44,10.0,0.46,213.06,0.47,133.5,0.54,208.06,0.53,138.5,0.55,91.91,0.56,10.0,0.01,0.01,2336.2578,1776254170000
1776254171.989,71.989,0.45,93.25,0.44,10.0,0.46,203.66,0.47,133.5,0.54,205.84,0.53,133.5,0.55,93.25,0.56,10.0,0.01,0.01,2336.2578,1776254170000
1776254173.186,73.186,0.45,78.25,0.44,10.0,0.46,209.34,0.47,118.5,0.54,200.34,0.53,133.5,0.55,88.25,0.56,10.0,0.01,0.01,2336.019436,1776254172000
1776254174.071,74.071,0.45,76.25,0.44,10.0,0.46,209.34,0.47,118.5,0.54,209.34,0.53,118.5,0.55,78.25,0.56,10.0,0.01,0.01,2336.019436,1776254172000
1776254175.653,75.653,0.45,54.86,0.44,10.0,0.46,309.04,0.47,133.0,0.54,209.34,0.53,118.5,0.55,76.25,0.56,10.0,0.01,0.01,2336.015272,1776254174000
1776254176.067,76.067,0.41,70.5,0.4,65.0,0.42,78.0,0.43,72.0,0.54,309.04,0.53,133.0,0.55,4.86,0.56,10.0,0.01,0.01,2336.015272,1776254174000
1776254176.448,76.448,0.41,70.5,0.4,65.0,0.43,67.0,0.44,65.0,0.58,78.0,0.57,72.0,0.59,70.5,0.6,65.0,0.02,0.01,2335.986047,1776254175000
1776254179.389,79.389,0.41,70.5,0.4,65.0,0.42,68.81,0.43,93.12,0.57,67.0,0.56,65.0,0.59,70.5,0.6,65.0,0.01,0.02,2335.952506,1776254178000
1776254180.626,80.626,0.41,7.63,0.4,65.0,0.42,73.81,0.43,93.12,0.58,68.81,0.57,93.12,0.59,70.5,0.6,65.0,0.01,0.01,2335.952506,1776254178000
1776254185.037,85.037,0.37,9.15,0.36,55.0,0.38,147.0,0.39,98.0,0.58,73.81,0.57,93.12,0.59,7.63,0.6,65.0,0.01,0.01,2335.901097,1776254183000
1776254185.979,85.979,0.36,0.5,0.35,65.5,0.37,86.64,0.38,87.0,0.62,147.0,0.61,98.0,0.63,9.15,0.64,55.0,0.01,0.01,2335.855532,1776254184000
1776254188.264,88.264,0.35,60.11,0.34,55.0,0.36,73.0,0.37,82.0,0.64,15.0,0.63,81.64,0.65,58.94,0.66,55.0,0.01,0.01,2335.588425,1776254187000
1776254188.627,88.627,0.33,10.05,0.32,60.5,0.34,114.0,0.35,27.0,0.64,73.0,0.63,82.0,0.65,60.11,0.66,55.0,0.01,0.01,2335.588425,1776254187000
1776254189.118,89.118,0.32,29.45,0.31,55.0,0.33,158.11,0.34,77.0,0.67,38.46,0.66,37.0,0.68,59.45,0.69,50.0,0.01,0.01,2335.588425,1776254187000
1776254189.6,89.6,0.32,6.5,0.31,55.0,0.33,223.11,0.34,77.0,0.67,158.11,0.66,77.0,0.68,29.45,0.69,55.0,0.01,0.01,2335.588425,1776254187000
1776254190.419,90.419,0.32,0.5,0.31,50.0,0.33,223.11,0.34,87.5,0.67,223.11,0.66,77.0,0.68,6.5,0.69,55.0,0.01,0.01,2335.493077,1776254188000
1776254190.716,90.716,0.31,63.9,0.3,55.0,0.32,102.0,0.33,156.11,0.67,223.11,0.66,87.5,0.68,0.5,0.69,50.0,0.01,0.01,2335.643396,1776254189000
1776254191.241,91.241,0.29,52.74,0.28,60.5,0.3,80.0,0.31,80.0,0.68,140.68,0.67,101.0,0.69,53.4,0.7,65.5,0.01,0.01,2335.643396,1776254189000
1776254191.617,91.617,0.29,58.42,0.28,65.5,0.3,112.0,0.31,80.0,0.7,88.0,0.69,80.0,0.71,32.52,0.72,60.5,0.01,0.01,2335.32261,1776254190000
1776254191.979,91.979,0.29,49.1,0.28,60.5,0.3,208.62,0.31,80.0,0.7,112.0,0.69,80.0,0.71,58.42,0.72,65.5,0.01,0.01,2335.32261,1776254190000
1776254192.883,92.883,0.29,49.1,0.28,65.5,0.3,206.66,0.31,130.0,0.7,208.62,0.69,80.0,0.71,49.1,0.72,60.5,0.01,0.01,2335.32261,1776254190000
1776254194.048,94.048,0.27,86.5,0.26,64.0,0.28,18.17,0.29,16.55,0.71,11.55,0.7,201.66,0.72,50.0,0.73,55.0,0.01,0.01,2335.16376,1776254192000
1776254194.687,94.687,0.27,79.36,0.26,64.0,0.28,38.17,0.29,16.55,0.72,18.17,0.71,16.55,0.73,86.5,0.74,64.0,0.01,0.01,2335.11325,1776254193000
1776254194.941,94.941,0.27,77.51,0.26,64.0,0.28,47.17,0.29,16.55,0.72,38.17,0.71,16.55,0.73,79.36,0.74,64.0,0.01,0.01,2335.11325,1776254193000
1776254196.12,96.12,0.28,90.5,0.27,114.51,0.3,33.45,0.31,15.0,0.72,47.17,0.71,16.55,0.73,77.51,0.74,64.0,0.02,0.01,2335.081443,1776254194000
1776254196.967,96.967,0.29,85.78,0.28,140.5,0.3,79.08,0.31,5.0,0.7,33.45,0.69,15.0,0.72,90.5,0.73,114.51,0.01,0.02,2335.022859,1776254195000
1776254197.186,97.186,0.29,106.28,0.28,140.5,0.3,14.63,0.31,15.0,0.7,79.08,0.69,5.0,0.71,85.78,0.72,140.5,0.01,0.01,2335.022859,1776254195000
1776254197.499,97.499,0.3,16.0,0.29,96.28,0.31,10.28,0.32,25.0,0.69,10.28,0.68,20.0,0.71,106.28,0.72,140.5,0.01,0.02,2335.022859,1776254195000
1776254198.406,98.406,0.3,37.67,0.29,96.28,0.31,10.0,0.32,107.89,0.69,10.28,0.68,25.0,0.7,16.0,0.71,96.28,0.01,0.01,2335.059075,1776254197000
1776254199.766,99.766,0.3,66.36,0.29,96.28,0.32,119.36,0.33,10.0,0.69,10.0,0.68,107.89,0.7,37.67,0.71,96.28,0.02,0.01,2335.272184,1776254198000
1776254200.422,100.422,0.31,89.92,0.3,66.36,0.32,128.37,0.33,20.0,0.68,125.36,0.67,20.0,0.69,18.0,0.7,66.36,0.01,0.01,2335.272184,1776254198000
1776254200.824,100.824,0.46,1493.35,0.41,5.0,0.47,127.0,0.48,86.4,0.53,119.5,0.52,89.4,0.54,1517.69,0.69,98.47,0.01,0.01,2335.272184,1776254198000
1776254201.046,101.046,0.46,1301.59,0.45,5.0,0.47,186.19,0.48,81.4,0.53,186.19,0.52,81.4,0.54,1303.39,0.55,5.0,0.01,0.01,2335.276344,1776254199000
1776254201.262,101.262,0.46,1144.39,0.45,55.0,0.47,174.74,0.48,81.4,0.53,124.74,0.52,81.4,0.54,1313.62,0.55,55.0,0.01,0.01,2335.276344,1776254199000
1776254201.481,101.481,0.46,1068.57,0.45,55.0,0.47,310.69,0.48,67.0,0.53,171.69,0.52,67.0,0.54,1071.57,0.55,55.0,0.01,0.01,2335.276344,1776254199000
1776254201.723,101.723,0.46,947.41,0.45,55.0,0.47,138.06,0.48,67.0,0.53,277.06,0.52,67.0,0.54,998.23,0.55,55.0,0.01,0.01,2335.26378,1776254200000
1776254202.007,102.007,0.46,912.55,0.45,55.0,0.47,148.59,0.48,67.0,0.53,148.59,0.52,67.0,0.54,919.33,0.55,55.0,0.01,0.01,2335.26378,1776254200000
1776254202.263,102.263,0.46,811.7,0.45,55.0,0.47,198.59,0.48,67.0,0.53,198.59,0.52,67.0,0.54,808.56,0.55,55.0,0.01,0.01,2335.26378,1776254200000
1776254202.497,102.497,0.46,779.44,0.45,55.0,0.47,198.59,0.48,67.0,0.53,198.59,0.52,67.0,0.54,784.44,0.55,55.0,0.01,0.01,2335.33324,1776254201000
1776254203.489,103.489,0.46,326.66,0.45,55.0,0.47,292.59,0.48,72.0,0.53,198.59,0.52,67.0,0.54,386.66,0.55,55.0,0.01,0.01,2335.3937,1776254202000
1776254203.787,103.787,0.46,371.1,0.45,55.0,0.47,213.59,0.48,72.0,0.53,292.59,0.52,72.0,0.54,326.66,0.55,55.0,0.01,0.01,2335.3937,1776254202000
1776254204.552,104.552,0.45,55.0,0.44,55.0,0.46,28.9,0.47,207.6,0.53,207.6,0.52,72.0,0.54,371.1,0.55,55.0,0.01,0.01,2335.392569,1776254203000
1776254204.846,104.846,0.44,50.0,0.43,55.0,0.46,75.5,0.47,197.07,0.54,75.5,0.53,207.6,0.55,50.0,0.56,55.0,0.02,0.01,2335.392569,1776254203000
1776254205.081,105.081,0.44,38.28,0.43,55.0,0.45,120.73,0.46,82.5,0.55,27.5,0.54,82.5,0.56,40.07,0.57,55.0,0.01,0.01,2335.392569,1776254203000
1776254205.45,105.45,0.44,25.08,0.43,55.0,0.45,212.04,0.46,82.5,0.55,162.04,0.54,82.5,0.56,30.17,0.57,55.0,0.01,0.01,2335.392569,1776254203000
1776254205.825,105.825,0.42,47.84,0.41,55.0,0.44,20.5,0.45,264.04,0.55,212.04,0.54,82.5,0.56,5.93,0.57,55.0,0.02,0.01,2335.359745,1776254204000
1776254206.354,106.354,0.42,47.76,0.41,55.0,0.43,107.18,0.44,152.26,0.57,89.5,0.56,102.26,0.58,52.66,0.59,55.0,0.01,0.01,2335.36002,1776254205000
1776254206.648,106.648,0.42,9.25,0.41,55.0,0.43,162.18,0.44,152.26,0.57,107.18,0.56,152.26,0.58,23.84,0.59,55.0,0.01,0.01,2335.36002,1776254205000
1776254207.115,107.115,0.41,99.16,0.4,65.0,0.43,97.18,0.44,97.26,0.57,162.18,0.56,152.26,0.58,9.25,0.59,55.0,0.02,0.01,2335.36002,1776254205000
1776254207.405,107.405,0.41,139.16,0.4,65.0,0.42,5.5,0.43,20.5,0.56,80.26,0.55,20.5,0.59,139.16,0.6,65.0,0.01,0.03,2335.36002,1776254205000
1776254208.301,108.301,0.41,111.41,0.4,65.0,0.43,18.66,0.44,85.26,0.57,13.66,0.56,80.26,0.59,114.65,0.6,65.0,0.02,0.02,2335.411667,1776254207000
1776254211.093,111.093,0.4,45.0,0.39,55.0,0.41,88.5,0.42,186.53,0.57,18.66,0.56,85.26,0.59,111.41,0.6,65.0,0.01,0.02,2335.60994,1776254209000
1776254212.381,112.381,0.38,36.67,0.37,55.0,0.39,245.54,0.4,129.5,0.6,167.5,0.59,144.5,0.61,44.0,0.62,55.0,0.01,0.01,2335.60994,1776254210000
1776254213.881,113.881,0.38,2.83,0.37,55.0,0.39,306.04,0.4,134.5,0.61,240.54,0.6,129.5,0.62,35.05,0.63,55.0,0.01,0.01,2335.41405,1776254212000
1776254214.405,114.405,0.37,7.38,0.36,105.0,0.38,212.0,0.39,199.54,0.61,306.04,0.6,134.5,0.62,0.89,0.63,55.0,0.01,0.01,2335.41405,1776254212000
1776254215.416,115.416,0.36,40.66,0.35,55.0,0.37,222.0,0.38,135.5,0.62,212.0,0.61,199.54,0.63,7.38,0.64,105.0,0.01,0.01,2335.253205,1776254214000
1776254216.48,116.48,0.36,30.66,0.35,55.0,0.37,239.0,0.38,135.5,0.63,222.0,0.62,135.5,0.64,30.66,0.65,55.0,0.01,0.01,2335.253205,1776254214000
1776254216.739,116.739,0.36,24.34,0.35,55.0,0.37,244.0,0.38,135.5,0.63,239.0,0.62,135.5,0.64,30.66,0.65,55.0,0.01,0.01,2335.253205,1776254214000
1776254217.068,117.068,0.36,62.55,0.35,55.0,0.37,244.0,0.38,135.5,0.63,244.0,0.62,135.5,0.64,24.34,0.65,55.0,0.01,0.01,2335.259261,1776254215000
1776254219.344,119.344,0.36,1.62,0.34,65.5,0.37,239.0,0.38,135.5,0.63,244.0,0.62,135.5,0.64,62.55,0.65,55.0,0.01,0.01,2335.155879,1776254218000
1776254220.479,120.479,0.34,41.41,0.33,80.5,0.37,258.0,0.38,128.5,0.63,239.0,0.62,135.5,0.64,1.62,0.66,65.5,0.03,0.01,2335.273566,1776254219000
1776254220.89,120.89,0.33,71.5,0.32,55.0,0.35,273.0,0.36,82.87,0.65,216.0,0.64,10.0,0.66,27.31,0.67,80.5,0.02,0.01,2335.273566,1776254219000
1776254221.372,121.372,0.33,20.0,0.32,65.5,0.34,250.11,0.35,118.0,0.65,273.0,0.64,82.87,0.67,71.5,0.68,55.0,0.01,0.02,2335.266257,1776254220000
1776254221.622,121.622,0.33,5.99,0.32,65.5,0.34,272.11,0.35,118.0,0.66,250.11,0.65,118.0,0.67,20.0,0.68,65.5,0.01,0.01,2335.266257,1776254220000
1776254222.76,122.76,0.32,65.5,0.31,55.0,0.33,24.0,0.34,10.0,0.66,277.11,0.65,118.0,0.68,65.5,0.69,55.0,0.01,0.02,2335.140012,1776254221000
1776254223.179,123.179,0.33,65.5,0.32,65.5,0.34,61.23,0.35,47.69,0.66,10.0,0.65,37.69,0.68,65.5,0.69,55.0,0.01,0.02,2335.140012,1776254221000
1776254224.007,124.007,0.33,32.17,0.32,65.5,0.34,166.58,0.35,47.69,0.66,149.58,0.65,42.69,0.67,36.39,0.68,65.5,0.01,0.01,2335.085455,1776254222000
1776254224.887,124.887,0.33,47.67,0.32,65.5,0.35,47.69,0.36,132.87,0.66,166.58,0.65,47.69,0.67,32.17,0.68,65.5,0.02,0.01,2335.066667,1776254223000
1776254225.164,125.164,0.34,5.5,0.33,47.67,0.35,47.69,0.36,137.87,0.65,47.69,0.64,132.87,0.67,47.67,0.68,65.5,0.01,0.02,2335.066667,1776254223000
1776254227.016,127.016,0.32,34.67,0.31,55.0,0.34,221.66,0.35,201.6,0.65,47.69,0.64,137.87,0.66,5.5,0.67,47.67,0.02,0.01,2335.096479,1776254225000
1776254227.461,127.461,0.31,17.44,0.3,45.86,0.33,347.23,0.34,120.66,0.66,221.66,0.65,201.6,0.68,34.67,0.69,55.0,0.02,0.02,2335.096479,1776254225000
1776254227.989,127.989,0.31,11.5,0.3,45.86,0.32,256.66,0.33,201.23,0.67,347.23,0.66,120.66,0.69,17.44,0.7,45.86,0.01,0.02,2335.118,1776254226000
1776254229.441,129.441,0.3,31.28,0.29,64.14,0.32,369.09,0.33,116.0,0.68,256.66,0.67,201.23,0.69,11.5,0.7,45.86,0.02,0.01,2335.110777,1776254228000
1776254230.03,130.03,0.3,41.78,0.29,64.14,0.32,134.09,0.33,72.0,0.68,369.09,0.67,116.0,0.7,31.28,0.71,64.14,0.02,0.02,2335.110777,1776254228000
1776254232.429,132.429,0.31,50.35,0.3,41.78,0.32,259.09,0.33,82.0,0.68,134.09,0.67,72.0,0.7,41.78,0.71,64.14,0.01,0.02,2335.088675,1776254231000
1776254233.043,133.043,0.3,35.35,0.29,74.64,0.32,269.09,0.33,82.0,0.68,259.09,0.67,82.0,0.69,50.35,0.7,41.78,0.02,0.01,2335.088675,1776254231000
1776254235.12,135.12,0.28,48.84,0.27,56.51,0.29,200.0,0.3,66.19,0.68,269.09,0.67,82.0,0.7,35.35,0.71,74.64,0.01,0.02,2335.089985,1776254234000
1776254236.862,136.862,0.29,27.0,0.28,61.84,0.3,59.82,0.31,10.0,0.71,200.0,0.7,66.19,0.72,36.84,0.73,56.51,0.01,0.01,2335.083798,1776254235000
1776254239.112,139.112,0.29,62.0,0.28,31.34,0.3,85.63,0.31,70.0,0.7,59.82,0.69,10.0,0.71,27.0,0.72,61.84,0.01,0.01,2335.02901,1776254237000
1776254239.356,139.356,0.29,62.0,0.28,41.84,0.3,107.29,0.31,20.0,0.7,85.63,0.69,70.0,0.71,62.0,0.72,31.34,0.01,0.01,2335.079528,1776254238000
1776254240.014,140.014,0.29,65.22,0.28,31.34,0.3,107.29,0.31,70.0,0.7,107.29,0.69,20.0,0.71,62.0,0.72,41.84,0.01,0.01,2335.079528,1776254238000
1776254240.926,140.926,0.29,58.45,0.28,31.34,0.3,157.29,0.31,70.0,0.7,107.29,0.69,70.0,0.71,65.22,0.72,31.34,0.01,0.01,2335.124429,1776254239000
1776254241.479,141.479,0.29,2.57,0.28,26.34,0.3,118.0,0.31,107.77,0.7,113.0,0.69,70.0,0.71,5.5,0.72,31.34,0.01,0.01,2335.163423,1776254240000
1776254242.468,142.468,0.29,1.16,0.28,31.34,0.3,118.0,0.31,107.77,0.7,118.0,0.69,107.77,0.71,2.57,0.72,26.34,0.01,0.01,2335.163733,1776254241000
1776254243.12,143.12,0.28,31.34,0.27,46.01,0.3,123.0,0.31,107.77,0.7,118.0,0.69,107.77,0.71,1.16,0.72,31.34,0.02,0.01,2335.07295,1776254242000
1776254245.768,145.768,0.26,35.86,0.25,65.5,0.27,204.0,0.28,84.0,0.7,123.0,0.69,107.77,0.72,31.34,0.73,46.01,0.01,0.02,2335.0704,1776254244000
1776254246.137,146.137,0.26,34.5,0.25,65.5,0.27,209.0,0.28,134.0,0.73,204.0,0.72,84.0,0.74,35.86,0.75,65.5,0.01,0.01,2335.0704,1776254244000
1776254246.705,146.705,0.26,5.0,0.25,55.0,0.27,259.0,0.28,134.0,0.73,209.0,0.72,134.0,0.74,34.5,0.75,65.5,0.01,0.01,2335.073311,1776254245000
1776254247.179,147.179,0.24,50.66,0.23,65.5,0.26,270.0,0.27,173.0,0.74,52.0,0.73,173.0,0.75,50.0,0.76,65.5,0.02,0.01,2335.073311,1776254245000
1776254248.16,148.16,0.24,71.16,0.23,75.5,0.26,45.0,0.27,163.54,0.74,270.0,0.73,173.0,0.76,50.66,0.77,65.5,0.02,0.02,2335.180495,1776254246000
1776254250.633,150.633,0.25,63.11,0.24,60.66,0.26,269.43,0.27,89.0,0.74,166.0,0.73,79.0,0.75,8.93,0.76,71.16,0.01,0.01,2335.064744,1776254249000
1776254251.072,151.072,0.25,50.09,0.24,60.66,0.26,303.43,0.27,89.0,0.74,269.43,0.73,89.0,0.75,51.43,0.76,60.66,0.01,0.01,2335.084014,1776254250000
1776254251.555,151.555,0.25,13.65,0.24,60.66,0.26,303.43,0.27,89.0,0.74,303.43,0.73,89.0,0.75,48.73,0.76,60.66,0.01,0.01,2335.084014,1776254250000
1776254252.016,152.016,0.25,0.31,0.24,60.66,0.26,298.43,0.27,89.0,0.74,303.43,0.73,89.0,0.75,13.65,0.76,60.66,0.01,0.01,2335.084014,1776254250000
1776254253.042,153.042,0.25,51.47,0.24,60.66,0.26,269.43,0.27,89.0,0.74,298.43,0.73,89.0,0.75,0.31,0.76,60.66,0.01,0.01,2334.963605,1776254251000
1776254253.69,153.69,0.25,46.47,0.24,50.66,0.26,133.51,0.27,131.15,0.74,269.43,0.73,89.0,0.75,51.47,0.76,60.66,0.01,0.01,2334.959404,1776254252000
1776254254.947,154.947,0.24,46.71,0.23,75.5,0.25,151.0,0.26,96.1,0.74,133.51,0.73,131.15,0.75,46.47,0.76,50.66,0.01,0.01,2335.011907,1776254253000
1776254255.372,155.372,0.24,45.39,0.23,75.5,0.25,151.0,0.26,96.1,0.75,151.0,0.74,96.1,0.76,46.71,0.77,75.5,0.01,0.01,2335.011907,1776254253000
1776254255.689,155.689,0.24,45.39,0.23,75.5,0.25,143.0,0.26,146.1,0.75,151.0,0.74,96.1,0.76,45.39,0.77,75.5,0.01,0.01,2334.966483,1776254254000
1776254257.821,157.821,0.22,55.0,0.21,105.0,0.23,176.65,0.24,85.0,0.75,143.0,0.74,146.1,0.76,45.39,0.77,75.5,0.01,0.01,2334.972251,1776254256000
1776254258.264,158.264,0.24,20.52,0.23,25.5,0.25,24.0,0.26,5.01,0.77,176.65,0.76,85.0,0.78,55.0,0.79,105.0,0.01,0.01,2334.97621,1776254257000
1776254258.481,158.481,0.25,20.0,0.24,88.52,0.27,14.0,0.28,5.0,0.74,5.6,0.73,14.0,0.75,20.0,0.76,88.52,0.02,0.01,2334.97621,1776254257000
1776254258.971,158.971,0.28,110.0,0.27,75.0,0.3,75.6,0.31,80.5,0.71,20.0,0.7,85.6,0.73,20.0,0.74,18.91,0.02,0.02,2334.97621,1776254257000
1776254260.004,160.004,0.28,3.0,0.27,70.0,0.29,80.0,0.3,191.86,0.7,75.6,0.69,80.5,0.71,2.81,0.72,105.0,0.01,0.01,2334.981895,1776254258000
1776254260.795,160.795,0.26,73.91,0.25,75.0,0.27,47.62,0.28,118.74,0.72,15.0,0.71,75.0,0.73,48.12,0.74,83.91,0.01,0.01,2335.12663,1776254259000
1776254261.077,161.077,0.26,109.34,0.25,70.0,0.27,52.62,0.28,113.74,0.73,47.62,0.72,118.74,0.74,73.91,0.75,75.0,0.01,0.01,2335.12663,1776254259000
1776254262.393,162.393,0.26,128.08,0.25,70.0,0.27,163.53,0.28,5.0,0.73,52.62,0.72,113.74,0.74,109.34,0.75,70.0,0.01,0.01,2335.311369,1776254260000
1776254262.646,162.646,0.26,208.08,0.25,160.0,0.27,142.78,0.29,5.0,0.73,163.53,0.72,5.0,0.74,128.08,0.75,70.0,0.01,0.01,2335.311369,1776254260000
1776254263.48,163.48,0.26,194.08,0.25,100.0,0.27,132.85,0.28,5.0,0.73,137.52,0.71,5.0,0.74,208.08,0.75,160.0,0.01,0.01,2335.377205,1776254262000
1776254263.847,163.847,0.26,194.08,0.25,100.0,0.27,82.85,0.28,5.0,0.73,132.85,0.72,5.0,0.74,194.08,0.75,100.0,0.01,0.01,2335.377205,1776254262000
1776254265.036,165.036,0.28,7.63,0.27,26.0,0.29,29.57,0.31,65.0,0.71,5.0,0.7,10.1,0.74,194.08,0.75,100.0,0.01,0.03,2335.382623,1776254263000
1776254265.292,165.292,0.26,118.49,0.25,100.0,0.29,29.57,0.3,5.0,0.71,29.57,0.7,5.0,0.73,37.6,0.74,146.08,0.03,0.02,2335.382623,1776254263000
1776254265.815,165.815,0.28,10.0,0.27,10.0,0.29,89.47,0.3,10.0,0.71,29.57,0.7,5.0,0.74,118.49,0.75,100.0,0.01,0.03,2335.501365,1776254264000
1776254266.187,166.187,0.28,93.97,0.27,65.0,0.29,19.57,0.3,10.0,0.71,58.22,0.7,10.0,0.72,10.0,0.73,10.0,0.01,0.01,2335.53016,1776254265000
1776254266.66,166.66,0.28,3.54,0.27,70.0,0.29,122.7,0.3,75.0,0.71,19.57,0.7,10.0,0.72,93.97,0.73,65.0,0.01,0.01,2335.53016,1776254265000
1776254267.312,167.312,0.27,52.52,0.26,123.49,0.29,147.7,0.3,70.0,0.71,122.7,0.7,75.0,0.72,3.54,0.73,70.0,0.02,0.01,2335.54016,1776254266000
1776254267.713,167.713,0.27,51.78,0.26,123.49,0.28,6.39,0.29,213.05,0.72,11.39,0.71,192.7,0.73,70.0,0.74,123.49,0.01,0.01,2335.54016,1776254266000
1776254268.351,168.351,0.26,50.09,0.25,130.0,0.28,47.22,0.29,192.23,0.72,6.39,0.71,213.05,0.73,51.78,0.74,123.49,0.02,0.01,2335.5705,1776254267000
1776254268.683,168.683,0.26,50.13,0.25,140.0,0.27,10.0,0.28,47.22,0.72,47.22,0.71,192.23,0.74,50.09,0.75,130.0,0.01,0.02,2335.5705,1776254267000
1776254269.417,169.417,0.25,155.96,0.24,123.7,0.27,7.66,0.28,82.65,0.73,10.0,0.72,52.22,0.75,123.46,0.76,123.7,0.02,0.02,2335.573315,1776254268000
1776254269.804,169.804,0.26,27.43,0.25,133.96,0.27,139.31,0.28,71.4,0.73,7.66,0.72,82.65,0.75,155.96,0.76,123.7,0.01,0.02,2335.573315,1776254268000
1776254270.524,170.524,0.26,20.26,0.25,133.96,0.27,139.31,0.28,76.4,0.73,139.31,0.72,71.4,0.74,27.43,0.75,133.96,0.01,0.01,2335.56528,1776254269000
1776254272.351,172.351,0.25,115.59,0.24,129.22,0.27,139.31,0.28,76.4,0.73,139.31,0.72,76.4,0.74,20.26,0.75,133.96,0.02,0.01,2335.569505,1776254271000
1776254273.404,173.404,0.26,1.0,0.25,65.59,0.27,126.29,0.28,86.4,0.73,101.29,0.72,76.4,0.75,152.59,0.76,129.22,0.01,0.02,2335.56744,1776254272000
1776254274.125,174.125,0.25,10.0,0.24,150.7,0.26,76.86,0.27,80.0,0.73,126.29,0.72,86.4,0.74,1.0,0.75,65.59,0.01,0.01,2335.56744,1776254272000
1776254275.147,175.147,0.24,130.83,0.23,99.0,0.25,110.0,0.26,52.57,0.74,76.86,0.73,80.0,0.76,150.7,0.77,99.5,0.01,0.02,2335.57025,1776254273000
1776254279.679,179.679,0.2,85.84,0.19,140.0,0.21,145.0,0.22,82.0,0.75,110.0,0.74,52.57,0.76,130.83,0.77,99.0,0.01,0.01,2335.49629,1776254278000
1776254280.592,180.592,0.22,25.6,0.21,93.0,0.23,20.0,0.24,20.0,0.79,145.0,0.78,82.0,0.8,85.84,0.81,140.0,0.01,0.01,2335.397825,1776254279000
1776254280.871,180.871,0.22,92.03,0.21,130.0,0.23,10.0,0.24,10.0,0.77,20.0,0.76,20.0,0.78,25.6,0.79,93.0,0.01,0.01,2335.397825,1776254279000
1776254283.051,183.051,0.21,95.0,0.2,739.76,0.24,20.0,0.25,131.01,0.75,91.01,0.74,20.0,0.77,14.0,0.78,97.03,0.03,0.02,2335.286239,1776254281000
1776254283.469,183.469,0.21,108.0,0.2,717.26,0.22,85.0,0.23,15.0,0.76,20.0,0.75,131.01,0.79,95.0,0.8,739.76,0.01,0.03,2335.428157,1776254282000
1776254283.779,183.779,0.21,134.7,0.2,717.26,0.22,33.01,0.23,15.0,0.78,85.0,0.77,15.0,0.79,108.0,0.8,717.26,0.01,0.01,2335.428157,1776254282000
1776254284.056,184.056,0.21,132.24,0.2,717.26,0.22,8.01,0.23,15.0,0.78,33.01,0.77,15.0,0.79,134.7,0.8,717.26,0.01,0.01,2335.428157,1776254282000
1776254284.916,184.916,0.21,132.24,0.2,717.26,0.22,20.51,0.23,15.0,0.78,8.01,0.77,15.0,0.79,132.24,0.8,717.26,0.01,0.01,2335.512915,1776254283000
1776254288.316,188.316,0.24,161.5,0.23,89.0,0.25,18.09,0.27,75.0,0.78,13.51,0.77,15.0,0.79,132.24,0.8,717.26,0.01,0.01,2335.59427,1776254286000
1776254288.66,188.66,0.26,31.91,0.24,161.5,0.27,55.0,0.28,70.01,0.75,18.09,0.73,75.0,0.76,161.5,0.77,89.0,0.01,0.01,2335.584481,1776254287000
1776254290.898,190.898,0.26,646.02,0.25,55.0,0.32,110.01,0.33,50.0,0.73,10.0,0.72,70.01,0.74,23.79,0.75,367.91,0.06,0.01,2335.656585,1776254289000
1776254292.353,192.353,0.31,82.0,0.3,20.78,0.32,13.72,0.33,55.0,0.68,110.01,0.67,50.0,0.74,646.02,0.75,55.0,0.01,0.06,2335.929805,1776254291000
1776254295.435,195.435,0.31,121.78,0.3,313.67,0.32,5.0,0.33,55.0,0.68,13.72,0.67,65.0,0.69,82.0,0.7,20.78,0.01,0.01,2336.03809,1776254293000
1776254296.457,196.457,0.35,20.2,0.34,20.0,0.36,35.0,0.37,5.0,0.68,5.0,0.67,55.0,0.69,121.78,0.7,313.67,0.01,0.01,2336.010535,1776254295000
1776254297.147,197.147,0.37,6.19,0.36,446.8,0.39,50.0,0.42,100.0,0.64,35.0,0.63,5.0,0.65,20.2,0.66,20.0,0.02,0.01,2336.010535,1776254295000
1776254298.258,198.258,0.41,14.5,0.4,15.0,0.42,165.0,0.43,66.0,0.61,50.0,0.58,100.0,0.63,6.19,0.64,446.8,0.01,0.02,2336.097715,1776254297000
1776254298.793,198.793,0.41,2.43,0.4,15.0,0.42,160.0,0.43,66.0,0.58,165.0,0.57,66.0,0.59,14.5,0.6,15.0,0.01,0.01,2336.097715,1776254297000
1776254300.555,200.555,0.41,12.43,0.4,20.0,0.43,30.16,0.44,131.0,0.58,160.0,0.57,66.0,0.59,2.43,0.6,15.0,0.02,0.01,2336.27167,1776254299000
1776254301.29,201.29,0.42,51.0,0.41,57.43,0.43,35.5,0.44,136.0,0.57,30.16,0.56,131.0,0.59,12.43,0.6,20.0,0.01,0.02,2336.27167,1776254299000
1776254302.618,202.618,0.41,2.43,0.4,95.0,0.43,191.5,0.44,130.0,0.57,35.5,0.56,136.0,0.58,51.0,0.59,57.43,0.02,0.01,2336.29677,1776254301000
1776254304.199,204.199,0.4,15.0,0.39,45.0,0.41,90.13,0.42,80.5,0.57,191.5,0.56,130.0,0.59,2.43,0.6,95.0,0.01,0.02,2336.36777,1776254303000
1776254305.5,205.5,0.4,130.0,0.39,110.0,0.41,20.5,0.42,10.5,0.59,90.13,0.58,80.5,0.6,15.0,0.61,45.0,0.01,0.01,2336.26686,1776254304000
1776254305.805,205.805,0.41,90.0,0.4,130.0,0.42,5.5,0.43,55.5,0.58,10.5,0.57,55.5,0.6,130.0,0.61,110.0,0.01,0.02,2336.26686,1776254304000
1776254306.603,206.603,0.42,5.0,0.41,25.0,0.43,115.5,0.44,140.0,0.57,55.5,0.56,125.0,0.59,100.0,0.6,130.0,0.01,0.02,2336.258485,1776254305000
1776254307.715,207.715,0.4,16.75,0.39,135.0,0.42,70.5,0.43,120.5,0.57,115.5,0.56,140.0,0.59,20.0,0.6,55.0,0.02,0.02,2336.254425,1776254306000
1776254309.888,209.888,0.38,115.0,0.37,762.25,0.4,15.5,0.41,70.5,0.58,70.5,0.57,120.5,0.6,16.75,0.61,135.0,0.02,0.02,2336.296835,1776254308000
1776254310.483,210.483,0.39,5.0,0.38,55.0,0.4,14.02,0.41,85.5,0.6,5.5,0.59,70.5,0.61,10.0,0.62,115.0,0.01,0.01,2336.28817,1776254309000
1776254311.061,211.061,0.37,602.25,0.35,75.0,0.38,48.5,0.39,58.5,0.6,14.02,0.59,85.5,0.61,5.0,0.62,55.0,0.01,0.01,2336.28817,1776254309000
1776254312.345,212.345,0.37,552.25,0.35,70.0,0.38,172.5,0.39,98.5,0.62,48.5,0.61,58.5,0.63,602.25,0.65,75.0,0.01,0.01,2336.32801,1776254311000
1776254312.686,212.686,0.37,373.25,0.35,65.0,0.38,151.18,0.39,98.5,0.62,172.5,0.61,98.5,0.63,373.25,0.65,70.0,0.01,0.01,2336.32801,1776254311000
1776254313.067,213.067,0.32,35.0,0.31,215.0,0.35,31.5,0.36,85.5,0.62,151.18,0.61,98.5,0.63,373.25,0.65,65.0,0.03,0.01,2336.209395,1776254312000
1776254313.322,213.322,0.32,2.76,0.31,185.0,0.33,140.4,0.34,35.5,0.65,31.5,0.64,85.5,0.68,35.0,0.69,215.0,0.01,0.03,2336.209395,1776254312000
1776254313.901,213.901,0.32,1.27,0.31,185.5,0.33,169.9,0.34,110.5,0.67,138.64,0.66,35.5,0.68,2.76,0.69,195.5,0.01,0.01,2336.209395,1776254312000
1776254314.27,214.27,0.32,23.58,0.31,85.5,0.33,35.0,0.34,50.0,0.67,169.9,0.66,110.5,0.68,1.27,0.69,185.5,0.01,0.01,2336.17896,1776254313000
1776254317.317,217.317,0.31,383.75,0.3,107.5,0.32,180.0,0.33,90.0,0.67,35.0,0.66,50.0,0.68,23.58,0.69,85.5,0.01,0.01,2335.964795,1776254316000
1776254317.91,217.91,0.31,379.83,0.3,107.5,0.32,170.0,0.33,100.5,0.68,180.0,0.67,90.0,0.69,383.75,0.7,107.5,0.01,0.01,2335.964795,1776254316000
1776254319.575,219.575,0.31,448.75,0.3,172.5,0.32,42.0,0.33,41.0,0.68,170.0,0.67,100.5,0.69,379.83,0.7,107.5,0.01,0.01,2336.033205,1776254318000
1776254320.578,220.578,0.31,452.3,0.3,162.5,0.32,17.0,0.33,41.0,0.68,42.0,0.67,41.0,0.69,448.75,0.7,172.5,0.01,0.01,2335.936805,1776254319000
1776254321.035,221.035,0.39,31.0,0.38,25.5,0.4,10.4,0.43,95.0,0.68,17.0,0.67,41.0,0.69,452.3,0.7,162.5,0.01,0.01,2335.936805,1776254319000
1776254321.376,221.376,0.4,89.33,0.39,97.5,0.41,10.5,0.42,15.5,0.6,6.15,0.57,95.0,0.61,79.0,0.62,30.5,0.01,0.01,2335.936805,1776254319000
1776254322.261,222.261,0.4,82.86,0.39,147.5,0.41,4.06,0.42,20.5,0.59,10.5,0.58,15.5,0.6,87.86,0.61,147.5,0.01,0.01,2335.996155,1776254321000
1776254323.107,223.107,0.41,20.0,0.4,25.0,0.43,80.0,0.44,141.0,0.59,4.06,0.58,20.5,0.6,19.86,0.61,147.5,0.02,0.01,2335.996155,1776254321000
1776254323.815,223.815,0.41,16.52,0.4,20.0,0.42,65.5,0.43,80.0,0.57,80.0,0.56,141.0,0.59,20.0,0.6,25.0,0.01,0.02,2336.266494,1776254322000
1776254324.411,224.411,0.42,72.0,0.41,6.52,0.43,7.68,0.44,140.5,0.58,65.5,0.57,80.0,0.59,16.52,0.6,20.0,0.01,0.01,2336.45768,1776254323000
1776254325.069,225.069,0.4,19.5,0.39,30.5,0.41,58.0,0.42,29.0,0.57,22.68,0.56,151.5,0.58,45.0,0.59,11.52,0.01,0.01,2336.45768,1776254323000
1776254325.4,225.4,0.42,23.27,0.41,30.0,0.43,60.5,0.44,165.84,0.59,58.0,0.58,29.0,0.6,19.5,0.61,30.5,0.01,0.01,2336.45754,1776254324000
1776254326.202,226.202,0.42,25.0,0.41,30.0,0.43,5.0,0.44,160.84,0.57,60.5,0.56,165.84,0.58,23.27,0.59,30.0,0.01,0.01,2336.510555,1776254325000
1776254327.831,227.831,0.42,20.0,0.41,30.0,0.43,69.53,0.44,106.5,0.57,5.0,0.56,160.84,0.58,25.0,0.59,30.0,0.01,0.01,2336.477602,1776254326000
1776254329.261,229.261,0.42,9.88,0.41,30.0,0.43,21.0,0.44,100.5,0.57,69.53,0.56,106.5,0.58,20.0,0.59,30.0,0.01,0.01,2336.44723,1776254328000
1776254330.35,230.35,0.42,9.88,0.41,90.5,0.44,45.0,0.45,100.5,0.57,21.0,0.56,100.5,0.58,9.88,0.59,30.0,0.02,0.01,2336.465995,1776254329000
1776254332.272,232.272,0.43,39.0,0.42,19.88,0.44,11.0,0.45,70.5,0.56,45.0,0.55,100.5,0.58,9.88,0.59,90.5,0.01,0.02,2336.417885,1776254330000
1776254332.864,232.864,0.43,25.0,0.42,24.88,0.44,13.72,0.45,80.5,0.56,11.0,0.55,70.5,0.57,39.0,0.58,19.88,0.01,0.01,2336.436205,1776254331000
1776254334.812,234.812,0.45,19.5,0.44,20.0,0.46,10.0,0.47,175.5,0.56,9.72,0.55,60.0,0.57,30.0,0.58,35.38,0.01,0.01,2336.483982,1776254333000
1776254335.319,235.319,0.46,45.0,0.45,14.5,0.47,5.5,0.48,96.0,0.53,170.5,0.52,91.0,0.55,19.5,0.56,25.0,0.01,0.02,2336.4547,1776254334000
1776254336.16,236.16,0.47,24.43,0.46,40.0,0.48,81.95,0.49,174.4,0.52,106.5,0.51,174.4,0.53,4.43,0.54,40.0,0.01,0.01,2336.522156,1776254335000
1776254336.889,236.889,0.48,5.0,0.47,94.43,0.49,5.0,0.5,75.5,0.52,54.41,0.51,174.4,0.53,14.43,0.54,50.0,0.01,0.01,2336.522156,1776254335000
1776254337.586,237.586,0.48,10.0,0.47,39.43,0.49,50.5,0.5,80.5,0.51,5.0,0.5,75.5,0.52,5.0,0.53,94.43,0.01,0.01,2336.582266,1776254336000
1776254338.204,238.204,0.49,3.03,0.48,15.0,0.5,92.87,0.51,71.0,0.5,52.03,0.49,61.0,0.52,10.0,0.53,39.43,0.01,0.02,2336.581145,1776254337000
1776254338.405,238.405,0.48,15.0,0.47,34.43,0.5,92.87,0.51,71.0,0.5,92.87,0.49,71.0,0.51,3.03,0.52,15.0,0.02,0.01,2336.581145,1776254337000
1776254338.879,238.879,0.48,9.8,0.47,49.43,0.5,72.03,0.51,71.0,0.5,92.87,0.49,71.0,0.52,15.0,0.53,34.43,0.02,0.02,2336.581145,1776254337000
1776254340.006,240.006,0.47,35.0,0.46,35.0,0.48,53.22,0.49,60.0,0.5,72.03,0.49,71.0,0.52,9.8,0.53,49.43,0.01,0.02,2336.66104,1776254338000
1776254340.628,240.628,0.47,64.61,0.46,40.0,0.48,10.0,0.49,60.0,0.52,53.22,0.51,60.0,0.53,35.0,0.54,35.0,0.01,0.01,2336.66104,1776254338000
1776254341.814,241.814,0.47,23.61,0.46,20.0,0.48,70.0,0.49,60.0,0.52,10.0,0.51,60.0,0.53,64.61,0.54,40.0,0.01,0.01,2336.639335,1776254340000
1776254342.026,242.026,0.45,83.67,0.44,70.0,0.48,3.54,0.49,16.0,0.54,6.39,0.52,15.0,0.55,8.67,0.56,65.0,0.03,0.01,2336.639335,1776254340000
1776254342.906,242.906,0.48,48.09,0.47,85.11,0.5,26.0,0.52,170.0,0.51,58.46,0.5,85.0,0.53,20.0,0.54,25.0,0.02,0.02,2336.638215,1776254341000
1776254343.117,243.117,0.49,20.0,0.48,6.18,0.5,1.57,0.51,15.0,0.5,31.0,0.48,170.0,0.52,6.18,0.53,65.0,0.01,0.02,2336.638215,1776254341000
1776254344.571,244.571,0.36,15.0,0.35,95.0,0.37,15.18,0.38,10.0,0.49,75.0,0.48,175.0,0.51,5.0,0.52,5.0,0.01,0.02,2336.66976,1776254343000
1776254344.895,244.895,0.37,10.0,0.36,15.0,0.38,7.34,0.39,0.68,0.61,0.68,0.6,15.0,0.64,15.0,0.65,155.0,0.01,0.03,2336.66976,1776254343000
1776254345.989,245.989,0.39,9.09,0.38,70.0,0.4,10.0,0.42,30.0,0.62,12.34,0.61,0.68,0.65,35.0,0.66,487.23,0.01,0.03,2336.580115,1776254344000
1776254346.291,246.291,0.41,16.64,0.4,25.0,0.42,10.0,0.43,20.0,0.6,10.0,0.58,30.0,0.61,9.09,0.62,70.0,0.01,0.01,2336.580115,1776254344000
1776254348.01,248.01,0.35,355.69,0.34,65.0,0.36,113.0,0.37,90.0,0.58,10.0,0.57,20.0,0.6,20.64,0.61,59.09,0.01,0.02,2336.338825,1776254346000
1776254349.086,249.086,0.35,325.59,0.34,65.0,0.36,105.0,0.37,90.0,0.64,35.0,0.63,90.0,0.65,360.69,0.66,65.0,0.01,0.01,2336.334955,1776254347000
1776254350.395,250.395,0.35,324.05,0.34,60.0,0.36,105.0,0.37,90.0,0.64,105.0,0.63,90.0,0.65,325.59,0.66,65.0,0.01,0.01,2336.298133,1776254348000
1776254353.749,253.749,0.33,0.52,0.32,10.0,0.34,54.0,0.35,89.0,0.64,110.0,0.63,90.0,0.65,249.94,0.66,60.0,0.01,0.01,2336.198879,1776254351000
1776254354.541,254.541,0.32,30.0,0.31,90.0,0.33,44.0,0.34,34.0,0.66,54.0,0.65,89.0,0.67,0.52,0.68,10.0,0.01,0.01,2336.218167,1776254352000
1776254355.51,255.51,0.31,35.0,0.3,97.0,0.32,49.0,0.33,39.0,0.67,44.0,0.66,34.0,0.68,30.0,0.69,90.0,0.01,0.01,2336.208535,1776254354000
1776254356.514,256.514,0.3,47.0,0.29,90.0,0.32,10.43,0.33,29.0,0.68,49.0,0.67,39.0,0.69,35.0,0.7,97.0,0.02,0.01,2336.231033,1776254355000
1776254357.313,257.313,0.3,102.11,0.29,140.0,0.31,10.0,0.32,10.43,0.69,15.0,0.68,10.43,0.7,49.97,0.71,90.0,0.01,0.01,2336.222236,1776254356000
1776254358.501,258.501,0.3,51.86,0.29,140.0,0.31,10.0,0.32,10.43,0.69,10.0,0.68,10.43,0.7,102.11,0.71,140.0,0.01,0.01,2336.21012,1776254357000
1776254359.276,259.276,0.3,0.6,0.29,90.0,0.31,35.0,0.32,15.43,0.69,10.0,0.68,10.43,0.7,84.6,0.71,140.0,0.01,0.01,2336.20091,1776254358000
1776254360.138,260.138,0.3,55.0,0.29,125.0,0.33,3.93,0.34,15.0,0.69,35.0,0.68,15.43,0.7,0.6,0.71,90.0,0.03,0.01,2336.20538,1776254359000
1776254360.797,260.797,0.43,10.0,0.42,115.0,0.45,13.28,0.46,73.51,0.67,3.93,0.66,15.0,0.7,3.0,0.71,125.0,0.02,0.03,2336.20538,1776254359000
1776254361.032,261.032,0.44,110.21,0.43,145.11,0.45,10.0,0.46,68.51,0.55,13.28,0.54,73.51,0.57,10.0,0.58,115.0,0.01,0.02,2336.20538,1776254359000
1776254361.421,261.421,0.51,72.0,0.5,15.0,0.54,136.51,0.55,144.02,0.48,140.0,0.47,5.0,0.55,20.0,0.56,255.21,0.03,0.07,2336.241578,1776254360000
1776254361.725,261.725,0.53,113.93,0.52,10.0,0.54,34.74,0.55,149.02,0.46,34.74,0.45,149.02,0.47,20.0,0.48,10.0,0.01,0.01,2336.241578,1776254360000
1776254362.239,262.239,0.53,111.7,0.52,10.0,0.54,5.0,0.55,149.02,0.46,34.74,0.45,149.02,0.47,111.8,0.48,10.0,0.01,0.01,2336.21703,1776254361000
1776254362.683,262.683,0.54,55.0,0.53,80.0,0.55,56.58,0.56,108.89,0.45,118.58,0.44,108.89,0.46,10.0,0.47,105.0,0.01,0.01,2336.21703,1776254361000
1776254363.009,263.009,0.55,130.0,0.54,85.0,0.56,45.27,0.57,55.0,0.45,56.58,0.44,108.89,0.46,55.0,0.47,80.0,0.01,0.01,2336.21703,1776254361000
1776254363.527,263.527,0.55,100.77,0.54,185.0,0.56,5.27,0.58,15.75,0.44,20.27,0.43,55.0,0.45,127.77,0.46,85.0,0.01,0.01,2336.665593,1776254362000
1776254363.833,263.833,0.65,25.11,0.64,17.81,0.66,6.06,0.67,6.0,0.4,10.0,0.37,25.0,0.44,5.0,0.45,178.77,0.01,0.04,2336.665593,1776254362000
1776254364.057,264.057,0.69,15.0,0.68,30.11,0.7,68.03,0.71,70.0,0.3,94.16,0.29,60.0,0.32,35.11,0.33,15.0,0.01,0.02,2336.665593,1776254362000
1776254364.268,264.268,0.69,30.0,0.68,20.0,0.71,12.39,0.72,60.0,0.3,68.03,0.29,70.0,0.31,15.0,0.32,30.11,0.02,0.01,2336.796071,1776254363000
1776254364.635,264.635,0.71,20.0,0.7,15.0,0.72,63.15,0.73,68.0,0.28,55.12,0.27,55.0,0.31,23.67,0.32,20.0,0.01,0.03,2336.796071,1776254363000
1776254365.128,265.128,0.71,1.2,0.7,15.0,0.72,60.0,0.73,68.0,0.28,63.15,0.27,68.0,0.29,20.0,0.3,15.0,0.01,0.01,2336.796071,1776254363000
1776254365.332,265.332,0.71,6.2,0.7,15.0,0.72,3.61,0.73,68.0,0.28,49.83,0.27,68.0,0.29,1.2,0.3,15.0,0.01,0.01,2336.877356,1776254364000
1776254366.204,266.204,0.72,25.0,0.71,16.2,0.73,2.94,0.74,30.0,0.28,3.61,0.27,68.0,0.29,6.2,0.3,15.0,0.01,0.01,2336.877356,1776254364000
1776254366.458,266.458,0.74,16.15,0.73,30.0,0.75,46.62,0.76,80.0,0.25,46.62,0.24,80.0,0.27,10.0,0.28,30.0,0.01,0.02,2337.065297,1776254365000
1776254366.833,266.833,0.74,36.15,0.73,25.0,0.76,40.8,0.77,110.0,0.25,46.62,0.24,80.0,0.26,16.15,0.27,30.0,0.02,0.01,2337.065297,1776254365000
1776254367.697,267.697,0.75,25.0,0.74,15.0,0.76,11.75,0.77,105.0,0.24,40.8,0.23,105.0,0.26,13.42,0.27,25.0,0.01,0.02,2337.093301,1776254366000
1776254368.123,268.123,0.76,5.11,0.75,74.0,0.77,50.0,0.78,55.0,0.24,11.75,0.23,105.0,0.25,25.0,0.26,15.0,0.01,0.01,2337.093301,1776254366000
1776254368.668,268.668,0.76,431.99,0.75,134.0,0.77,50.0,0.79,25.0,0.23,50.0,0.22,55.0,0.24,5.11,0.25,74.0,0.01,0.01,2337.093301,1776254366000
1776254368.909,268.909,0.79,346.99,0.78,39.0,0.8,2.9,0.84,50.0,0.2,4.9,0.14,55.0,0.21,16.32,0.22,21.0,0.01,0.01,2337.138092,1776254367000
1776254369.466,269.466,0.89,259.43,0.88,70.0,0.95,48.0,0.96,138.8,0.15,50.0,0.14,50.0,0.17,111.56,0.18,32.0,0.06,0.02,2337.189414,1776254368000
1776254369.754,269.754,0.94,79.56,0.93,48.0,0.95,16.18,0.96,143.8,0.05,15.58,0.04,143.8,0.06,41.0,0.07,10.0,0.01,0.01,2337.189414,1776254368000
1776254370.161,270.161,0.95,30.0,0.94,95.56,0.96,167.81,0.97,264.7,0.04,175.94,0.03,264.7,0.05,25.0,0.06,84.56,0.01,0.01,2337.189414,1776254368000
1776254370.392,270.392,0.94,79.2,0.93,48.0,0.96,156.46,0.97,264.7,0.04,156.46,0.03,264.7,0.05,33.64,0.06,95.56,0.02,0.01,2337.252536,1776254369000
1776254370.712,270.712,0.95,15.26,0.94,34.64,0.96,87.08,0.97,214.7,0.04,76.25,0.03,214.7,0.05,15.26,0.06,39.64,0.01,0.01,2337.252536,1776254369000
1776254371.041,271.041,0.95,10.0,0.94,10.0,0.96,48.7,0.97,209.7,0.04,82.08,0.03,214.7,0.07,122.99,0.08,46.0,0.01,0.03,2337.44817,1776254370000
1776254371.498,271.498,0.95,4.46,0.94,145.99,0.96,33.6,0.97,214.7,0.04,38.1,0.03,214.7,0.05,4.46,0.06,10.0,0.01,0.01,2337.44817,1776254370000
1776254371.714,271.714,0.95,4.46,0.94,145.99,0.97,194.3,0.98,485.25,0.04,33.6,0.03,214.7,0.05,4.46,0.06,145.99,0.02,0.01,2337.44817,1776254370000
1776254372.134,272.134,0.95,4.46,0.94,145.99,0.96,8.98,0.97,199.3,0.03,194.3,0.02,485.25,0.05,4.46,0.06,145.99,0.01,0.02,2337.44817,1776254370000
1776254372.453,272.453,0.95,4.46,0.94,10.0,0.96,64.8,0.97,194.3,0.04,74.8,0.03,194.3,0.05,4.46,0.06,10.0,0.01,0.01,2338.064596,1776254371000
1776254372.683,272.683,0.93,10.0,0.92,20.0,0.95,48.27,0.96,64.59,0.05,43.27,0.04,69.59,0.06,10.0,0.07,10.0,0.02,0.01,2338.064596,1776254371000
1776254373.123,273.123,0.93,11.0,0.92,128.99,0.94,56.0,0.95,48.27,0.05,53.27,0.04,64.59,0.09,250.42,0.1,38.0,0.01,0.04,2338.007975,1776254372000
1776254373.601,273.601,0.92,154.99,0.91,85.99,0.93,33.0,0.94,91.0,0.07,28.0,0.06,56.0,0.08,128.99,0.09,85.99,0.01,0.01,2338.007975,1776254372000
1776254373.979,273.979,0.92,159.99,0.91,85.99,0.93,22.0,0.94,91.0,0.07,23.0,0.06,91.0,0.08,154.99,0.09,85.99,0.01,0.01,2337.99951,1776254373000
1776254374.261,274.261,0.89,150.73,0.88,35.0,0.92,87.06,0.93,16.0,0.08,35.06,0.07,26.0,0.09,0.99,0.1,10.0,0.03,0.01,2337.99951,1776254373000
1776254374.728,274.728,0.9,124.99,0.89,47.3,0.91,23.05,0.92,33.63,0.08,38.63,0.07,16.0,0.11,140.73,0.12,35.0,0.01,0.03,2337.99951,1776254373000
1776254375.045,275.045,0.9,130.99,0.89,42.3,0.91,30.0,0.92,13.0,0.04,203.39,0.03,199.3,0.09,15.0,0.1,119.99,0.01,0.05,2337.969885,1776254374000
1776254376.123,276.123,0.93,10.0,0.92,15.0,0.94,22.0,0.95,10.0,0.04,114.59,0.03,75.6,0.09,9.0,0.1,130.99,0.01,0.05,2337.848509,1776254375000
1776254376.484,276.484,0.92,15.0,0.91,129.99,0.94,12.0,0.96,69.59,0.06,22.0,0.05,10.0,0.07,10.0,0.08,15.0,0.02,0.01,2337.848509,1776254375000
1776254376.703,276.703,0.93,126.84,0.92,42.06,0.96,49.59,0.97,75.6,0.04,69.59,0.03,75.6,0.07,126.84,0.08,42.06,0.03,0.03,2337.848509,1776254375000
1776254377.327,277.327,0.94,5.0,0.93,143.99,0.95,19.41,0.96,39.59,0.04,39.59,0.03,75.6,0.07,126.84,0.08,42.06,0.01,0.03,2337.711945,1776254376000
1776254377.688,277.688,0.94,15.0,0.93,143.99,0.95,8.94,0.96,39.59,0.05,19.41,0.04,39.59,0.06,5.0,0.07,143.99,0.01,0.01,2337.711945,1776254376000
1776254379.03,279.03,0.94,187.99,0.93,60.56,0.96,4.79,0.97,75.6,0.05,8.94,0.04,39.59,0.06,15.0,0.07,143.99,0.02,0.01,2337.819513,1776254378000
1776254380.446,280.446,0.95,174.99,0.94,100.56,0.97,49.41,0.98,211.55,0.04,4.79,0.03,75.6,0.06,187.99,0.07,60.56,0.02,0.02,2337.773525,1776254379000
1776254380.793,280.793,0.95,174.99,0.94,100.56,0.97,49.41,0.98,211.55,0.03,49.41,0.02,211.55,0.05,174.99,0.06,100.56,0.02,0.02,2337.773525,1776254379000
1776254381.304,281.304,0.96,257.99,0.95,72.56,0.97,19.41,0.98,211.55,0.03,49.41,0.02,211.55,0.05,154.99,0.06,100.56,0.01,0.02,2337.829021,1776254380000
1776254383.326,283.326,0.96,311.73,0.95,45.0,0.98,200.96,0.99,6455.0,0.03,9.41,0.02,211.55,0.04,257.62,0.05,192.56,0.02,0.01,2337.83152,1776254382000
1776254384.206,284.206,0.97,335.99,0.96,115.1,0.98,114.37,0.99,6655.0,0.02,200.96,0.01,6455.0,0.04,311.73,0.05,45.0,0.01,0.02,2338.00609,1776254383000
1776254384.445,284.445,0.97,335.99,0.96,115.1,0.98,62.91,0.99,6655.0,0.02,113.34,0.01,6655.0,0.03,335.99,0.04,115.1,0.01,0.01,2338.00609,1776254383000
1776254385.513,285.513,0.97,376.3,0.96,115.1,0.98,33.14,0.99,6255.0,0.02,44.14,0.01,6655.0,0.03,335.99,0.04,115.1,0.01,0.01,2338.03496,1776254384000
1776254385.982,285.982,0.97,372.17,0.96,120.31,0.98,13.14,0.99,6255.0,0.02,23.14,0.01,6255.0,0.03,372.17,0.04,115.1,0.01,0.01,2338.03496,1776254384000
1776254386.29,286.29,0.97,402.17,0.96,108.32,0.98,6.64,0.99,6255.0,0.02,13.14,0.01,6255.0,0.03,372.17,0.04,120.31,0.01,0.01,2337.972905,1776254385000
1776254386.898,286.898,0.97,347.17,0.96,128.21,0.98,10.0,0.99,6255.0,0.01,6255.0,,,0.03,402.17,0.04,103.21,0.01,0.02,2337.972905,1776254385000
1776254387.186,287.186,0.97,362.17,0.96,133.21,0.99,6255.0,,,0.02,8.97,0.01,6255.0,0.03,311.3,0.04,164.08,0.02,0.01,2337.960525,1776254386000
1776254387.772,287.772,0.98,235.88,0.97,91.3,0.99,6248.98,,,0.01,6253.98,,,0.02,230.77,0.03,52.42,0.01,0.01,2337.960525,1776254386000
1776254388.076,288.076,0.98,235.88,0.97,121.3,0.99,1233.87,,,0.01,6248.98,,,0.02,235.88,0.03,91.3,0.01,0.01,2337.960525,1776254386000
1776254388.43,288.43,0.98,215.09,0.97,121.3,0.99,1227.87,,,0.01,1227.87,,,0.02,235.88,0.03,121.3,0.01,0.01,2337.92861,1776254387000
1776254388.905,288.905,0.98,242.09,0.97,121.3,0.99,1192.87,,,0.01,1227.87,,,0.02,215.09,0.03,121.3,0.01,0.01,2337.92861,1776254387000
1776254389.586,289.586,0.98,242.09,0.97,121.3,0.99,1014.68,,,0.01,1192.87,,,0.02,242.09,0.03,121.3,0.01,0.01,2337.94535,1776254388000
1776254389.844,289.844,0.98,42.08,0.97,121.3,0.99,987.63,,,0.01,992.63,,,0.02,242.09,0.03,121.3,0.01,0.01,2337.94535,1776254388000
1776254390.378,290.378,0.98,89.06,0.97,74.31,0.99,977.57,,,0.01,987.63,,,0.02,42.08,0.03,121.3,0.01,0.01,2337.94535,1776254388000
1776254390.987,290.987,0.98,145.63,0.97,59.31,0.99,947.45,,,0.01,962.45,,,0.02,104.07,0.03,74.31,0.01,0.01,2337.97197,1776254390000
1776254391.431,291.431,0.98,145.63,0.97,59.31,0.99,946.43,,,0.01,947.45,,,0.02,145.63,0.03,59.31,0.01,0.01,2337.97197,1776254390000
1776254391.644,291.644,0.98,145.63,0.97,59.31,0.99,936.32,,,0.01,946.43,,,0.02,145.63,0.03,59.31,0.01,0.01,2337.97197,1776254390000
1776254392.108,292.108,0.98,130.55,0.97,82.31,0.99,897.95,,,0.01,913.03,,,0.02,145.63,0.03,59.31,0.01,0.01,2337.965691,1776254391000
1776254392.656,292.656,0.98,130.55,0.97,59.31,0.99,857.59,,,0.01,897.95,,,0.02,130.55,0.03,82.31,0.01,0.01,2337.965691,1776254391000
1776254393.825,293.825,0.98,164.55,0.97,48.31,0.99,837.32,,,0.01,837.38,,,0.02,130.55,0.03,59.31,0.01,0.01,2337.925765,1776254392000
1776254394.031,294.031,0.98,164.55,0.97,48.31,0.99,787.32,,,0.01,837.32,,,0.02,164.55,0.03,48.31,0.01,0.01,2337.892365,1776254393000
1776254394.908,294.908,0.98,266.55,0.97,48.31,0.99,762.11,,,0.01,787.32,,,0.02,144.5,0.03,48.31,0.01,0.01,2337.892365,1776254393000
1776254395.158,295.158,0.98,246.55,0.97,48.31,0.99,688.08,,,0.01,688.61,,,0.02,246.55,0.03,48.31,0.01,0.01,2337.892365,1776254393000
1776254395.4,295.4,0.98,246.55,0.97,48.31,0.99,614.58,,,0.01,688.08,,,0.02,246.55,0.03,48.31,0.01,0.01,2337.892365,1776254393000
1776254395.687,295.687,0.98,243.44,0.97,37.31,0.99,463.06,,,0.01,609.58,,,0.02,243.44,0.03,48.31,0.01,0.01,2337.90546,1776254394000
1776254396.415,296.415,0.98,253.54,0.97,42.31,0.99,369.56,,,0.01,389.56,,,0.02,253.54,0.03,42.31,0.01,0.01,2337.90546,1776254394000
1776254396.819,296.819,0.98,253.54,0.97,42.31,0.99,251.41,,,0.01,252.43,,,0.02,253.54,0.03,42.31,0.01,0.01,2337.905715,1776254395000
1776254397.076,297.076,0.98,290.66,0.97,42.31,0.99,85.41,,,0.01,251.41,,,0.02,253.54,0.03,42.31,0.01,0.01,2337.905715,1776254395000
1776254397.305,297.305,0.98,494.66,0.97,42.31,0.99,83.38,,,0.01,85.41,,,0.02,290.66,0.03,42.31,0.01,0.01,2337.905715,1776254395000
1776254398.058,298.058,0.99,553.15,0.98,239.1,,,,,,,,,0.02,494.66,0.03,42.31,,,2337.873488,1776254396000

# RESULT,winner=Up,slug=eth-updown-5m-1776254100,ticks=402
