timestamp,elapsed_sec,up_bid_p1,up_bid_s1,up_bid_p2,up_bid_s2,up_ask_p1,up_ask_s1,up_ask_p2,up_ask_s2,down_bid_p1,down_bid_s1,down_bid_p2,down_bid_s2,down_ask_p1,down_ask_s1,down_ask_p2,down_ask_s2,up_spread,down_spread,eth_price,eth_oracle_ts
1776326700.545,0.545,0.53,21.24,0.52,336.69,0.56,70.0,0.57,70.0,0.44,70.0,0.43,70.0,0.46,21.66,0.47,21.32,0.03,0.02,2338.4743,1776326699000
1776326700.933,0.933,0.52,149.93,0.51,12.93,0.54,65.0,0.56,70.0,0.46,70.0,0.44,70.0,0.48,149.93,0.49,12.93,0.02,0.02,2338.4743,1776326699000
1776326702.191,2.191,0.52,1.56,0.51,22.33,0.53,258.38,0.54,211.0,0.46,65.0,0.44,70.0,0.48,142.93,0.49,12.93,0.01,0.02,2338.70256,1776326700000
1776326702.698,2.698,0.51,17.33,0.5,87.46,0.52,88.0,0.53,207.38,0.47,258.38,0.46,211.0,0.49,22.33,0.5,77.46,0.01,0.02,2338.569075,1776326701000
1776326703.392,3.392,0.39,71.75,0.38,70.0,0.4,10.0,0.41,10.0,0.54,52.95,0.5,5.0,0.61,87.0,0.62,84.0,0.01,0.07,2338.4664,1776326702000
1776326703.864,3.864,0.38,68.5,0.37,185.0,0.39,102.34,0.4,115.0,0.6,15.0,0.59,15.0,0.62,68.5,0.63,85.0,0.01,0.02,2338.4664,1776326702000
1776326704.268,4.268,0.38,66.88,0.37,185.0,0.39,10.0,0.4,15.0,0.61,85.41,0.6,115.0,0.62,73.5,0.63,185.0,0.01,0.01,2338.4664,1776326702000
1776326704.943,4.943,0.38,183.88,0.37,195.0,0.4,2.5,0.41,15.0,0.61,10.0,0.6,15.0,0.62,66.88,0.63,185.0,0.02,0.01,2338.228711,1776326703000
1776326705.484,5.484,0.45,81.56,0.44,5.0,0.46,67.95,0.47,15.0,0.61,9.87,0.6,2.5,0.62,183.88,0.63,200.0,0.01,0.01,2337.974752,1776326704000
1776326705.945,5.945,0.45,89.0,0.44,15.0,0.46,72.95,0.47,45.0,0.54,67.95,0.53,15.0,0.55,81.56,0.56,5.0,0.01,0.01,2337.974752,1776326704000
1776326706.298,6.298,0.45,210.0,0.44,110.0,0.46,46.68,0.47,5.0,0.54,57.95,0.53,45.0,0.55,75.14,0.56,15.0,0.01,0.01,2337.761315,1776326705000
1776326707.346,7.346,0.45,207.0,0.44,196.0,0.46,39.5,0.49,5.0,0.54,41.68,0.53,10.0,0.55,180.0,0.56,121.0,0.01,0.01,2337.762615,1776326706000
1776326707.609,7.609,0.45,256.0,0.44,221.0,0.46,34.5,0.5,5.0,0.54,39.5,0.51,5.0,0.55,207.0,0.56,196.0,0.01,0.01,2337.762615,1776326706000
1776326707.863,7.863,0.45,202.0,0.44,221.0,0.46,19.5,0.5,5.0,0.54,24.5,0.5,5.0,0.55,226.0,0.56,221.0,0.01,0.01,2337.762615,1776326706000
1776326708.957,8.957,0.45,266.0,0.44,221.0,0.46,5.03,0.5,5.0,0.54,5.03,0.5,15.0,0.55,241.0,0.56,221.0,0.01,0.01,2338.057611,1776326707000
1776326709.16,9.16,0.45,292.0,0.44,226.0,0.52,10.0,0.53,40.0,0.54,2.42,0.5,5.0,0.55,266.0,0.56,221.0,0.07,0.01,2338.057611,1776326707000
1776326709.376,9.376,0.51,5.0,0.5,15.0,0.53,39.19,0.54,48.0,0.48,6.59,0.47,40.0,0.55,297.0,0.56,226.0,0.02,0.07,2338.165675,1776326708000
1776326710.09,10.09,0.5,6.88,0.46,5.0,0.51,104.2,0.52,60.0,0.47,39.19,0.46,48.0,0.49,5.0,0.5,15.0,0.01,0.02,2338.165675,1776326708000
1776326711.65,11.65,0.48,20.0,0.47,115.0,0.5,13.9,0.51,35.0,0.49,104.2,0.48,60.0,0.54,5.0,0.55,175.0,0.02,0.05,2338.45243,1776326710000
1776326712.109,12.109,0.49,6.94,0.48,20.0,0.5,13.9,0.51,25.0,0.5,13.9,0.49,35.0,0.52,20.0,0.53,115.0,0.01,0.02,2338.383085,1776326711000
1776326713.09,13.09,0.49,16.94,0.48,132.0,0.51,3.3,0.52,55.0,0.5,13.9,0.49,25.0,0.51,6.94,0.52,20.0,0.02,0.01,2338.383085,1776326711000
1776326713.542,13.542,0.5,21.82,0.49,21.94,0.51,3.3,0.52,10.0,0.49,3.3,0.48,55.0,0.51,16.94,0.52,132.0,0.01,0.02,2338.396475,1776326712000
1776326714.108,14.108,0.5,160.02,0.49,197.94,0.51,0.3,0.52,5.0,0.49,3.3,0.48,10.0,0.5,21.82,0.51,21.94,0.01,0.01,2338.396475,1776326712000
1776326715.131,15.131,0.51,25.0,0.5,128.82,0.53,17.0,0.54,23.0,0.48,0.3,0.47,10.0,0.5,165.02,0.51,197.94,0.02,0.02,2338.448758,1776326714000
1776326717.277,17.277,0.49,376.75,0.48,255.0,0.5,17.0,0.51,30.0,0.47,17.0,0.46,23.0,0.49,25.0,0.5,128.82,0.01,0.02,2338.641391,1776326716000
1776326718.741,18.741,0.49,201.75,0.48,70.0,0.5,97.9,0.51,65.0,0.5,17.0,0.49,30.0,0.51,376.75,0.52,255.0,0.01,0.01,2338.584106,1776326717000
1776326719.011,19.011,0.48,65.0,0.47,80.1,0.49,23.24,0.5,86.9,0.51,16.0,0.5,91.9,0.52,65.0,0.53,80.1,0.01,0.01,2338.584106,1776326717000
1776326721.491,21.491,0.48,72.0,0.47,180.1,0.49,20.0,0.5,26.0,0.51,23.24,0.5,86.9,0.52,65.0,0.53,80.1,0.01,0.01,2338.390865,1776326720000
1776326721.797,21.797,0.48,72.0,0.47,180.1,0.49,15.0,0.5,26.0,0.51,20.0,0.5,26.0,0.52,72.0,0.53,180.1,0.01,0.01,2338.390865,1776326720000
1776326722.992,22.992,0.49,208.2,0.48,325.0,0.51,5.0,0.53,11.0,0.51,15.0,0.5,26.0,0.52,72.0,0.53,180.1,0.02,0.01,2338.437988,1776326722000
1776326728.328,28.328,0.5,187.08,0.49,25.0,0.52,16.0,0.53,15.0,0.49,2.17,0.47,11.0,0.51,208.2,0.52,325.0,0.02,0.02,2338.699035,1776326727000
1776326728.943,28.943,0.51,71.0,0.5,197.08,0.54,15.0,0.56,5.0,0.48,16.0,0.47,15.0,0.5,187.08,0.51,25.0,0.03,0.02,2338.699035,1776326727000
1776326729.286,29.286,0.53,195.0,0.52,203.0,0.54,4.59,0.55,7.0,0.46,11.59,0.43,42.0,0.49,71.0,0.5,197.08,0.01,0.03,2338.699035,1776326727000
1776326729.667,29.667,0.55,52.0,0.54,173.0,0.57,15.0,0.58,40.0,0.44,2.0,0.43,5.0,0.45,10.0,0.46,173.0,0.02,0.01,2338.699035,1776326727000
1776326730.565,30.565,0.55,22.0,0.54,43.0,0.56,8.07,0.57,15.0,0.43,15.0,0.42,40.0,0.45,52.0,0.46,173.0,0.01,0.02,2338.677317,1776326729000
1776326731.165,31.165,0.56,12.61,0.55,47.0,0.57,10.0,0.58,15.0,0.44,8.07,0.43,15.0,0.45,22.0,0.46,43.0,0.01,0.01,2338.677317,1776326729000
1776326732.008,32.008,0.59,74.2,0.58,20.0,0.6,16.0,0.61,77.97,0.43,10.0,0.42,15.0,0.44,12.61,0.45,47.0,0.01,0.01,2338.891535,1776326730000
1776326732.474,32.474,0.59,74.2,0.58,25.0,0.6,3.33,0.62,36.0,0.4,16.0,0.39,77.97,0.41,74.2,0.42,20.0,0.01,0.01,2338.93,1776326731000
1776326732.77,32.77,0.61,25.0,0.6,20.0,0.63,47.72,0.64,59.5,0.37,42.72,0.36,59.5,0.41,45.0,0.42,125.0,0.02,0.04,2338.93,1776326731000
1776326732.984,32.984,0.61,15.0,0.6,20.0,0.63,52.72,0.64,59.5,0.37,47.72,0.36,59.5,0.39,25.0,0.4,20.0,0.02,0.02,2338.93,1776326731000
1776326734.552,34.552,0.63,20.0,0.62,20.0,0.64,48.5,0.65,110.06,0.37,52.72,0.36,59.5,0.39,15.0,0.4,20.0,0.01,0.02,2339.12215,1776326733000
1776326735.459,35.459,0.63,15.0,0.62,15.0,0.64,61.5,0.65,63.0,0.36,48.5,0.35,110.06,0.37,20.0,0.38,20.0,0.01,0.01,2339.3729,1776326734000
1776326736.456,36.456,0.63,15.0,0.62,15.0,0.64,20.43,0.65,63.0,0.36,44.43,0.35,63.0,0.37,15.0,0.38,15.0,0.01,0.01,2339.3953,1776326735000
1776326737.643,37.643,0.63,10.0,0.62,15.0,0.64,15.43,0.65,63.0,0.36,20.43,0.35,63.0,0.37,15.0,0.38,15.0,0.01,0.01,2339.494365,1776326736000
1776326739.129,39.129,0.63,15.0,0.62,15.0,0.64,2.86,0.65,59.0,0.36,15.43,0.35,63.0,0.37,10.0,0.38,15.0,0.01,0.01,2339.561931,1776326738000
1776326741.018,41.018,0.66,12.82,0.65,20.0,0.67,55.0,0.68,64.0,0.36,2.86,0.35,59.0,0.37,12.29,0.38,15.0,0.01,0.01,2339.598035,1776326739000
1776326742.525,42.525,0.65,20.0,0.64,20.0,0.67,70.0,0.68,64.0,0.33,55.0,0.32,64.0,0.34,12.82,0.35,20.0,0.02,0.01,2339.614441,1776326741000
1776326743.105,43.105,0.66,7.05,0.65,20.0,0.67,70.0,0.68,64.0,0.33,70.0,0.32,64.0,0.35,20.0,0.36,20.0,0.01,0.02,2339.614441,1776326741000
1776326744.763,44.763,0.66,27.05,0.65,20.0,0.68,36.0,0.69,61.0,0.33,70.0,0.32,64.0,0.34,7.05,0.35,20.0,0.02,0.01,2339.624185,1776326743000
1776326746.685,46.685,0.67,52.0,0.66,32.05,0.68,15.85,0.69,56.0,0.32,36.0,0.31,61.0,0.34,27.05,0.35,20.0,0.01,0.02,2339.688925,1776326745000
1776326749.595,49.595,0.68,50.0,0.67,55.0,0.69,20.4,0.7,61.0,0.32,15.85,0.31,56.0,0.33,52.0,0.34,32.05,0.01,0.01,2339.803,1776326748000
1776326755.692,55.692,0.68,75.0,0.67,55.0,0.69,25.99,0.7,43.1,0.31,20.4,0.3,61.0,0.32,50.0,0.33,55.0,0.01,0.01,2339.83062,1776326754000
1776326760.399,60.399,0.68,77.0,0.67,25.0,0.69,15.7,0.7,26.0,0.31,25.99,0.3,43.1,0.32,75.0,0.33,55.0,0.01,0.01,2339.810352,1776326759000
1776326760.607,60.607,0.69,14.67,0.68,55.0,0.7,31.19,0.71,38.5,0.3,21.19,0.29,22.5,0.32,72.0,0.33,25.0,0.01,0.02,2339.810352,1776326759000
1776326761.68,61.68,0.69,0.67,0.65,15.0,0.7,74.29,0.71,98.5,0.3,31.19,0.29,38.5,0.31,14.67,0.32,55.0,0.01,0.01,2339.812356,1776326760000
1776326763.54,63.54,0.64,104.59,0.63,85.0,0.65,46.61,0.66,32.0,0.35,5.61,0.34,21.0,0.36,10.0,0.37,75.0,0.01,0.01,2339.8,1776326762000
1776326764.543,64.543,0.64,93.76,0.63,75.0,0.65,51.89,0.66,32.0,0.35,46.61,0.34,32.0,0.36,104.59,0.37,85.0,0.01,0.01,2339.8,1776326762000
1776326765.531,65.531,0.64,176.66,0.63,85.0,0.65,30.89,0.66,32.0,0.35,46.89,0.34,32.0,0.36,88.09,0.37,75.0,0.01,0.01,2339.54785,1776326764000
1776326765.984,65.984,0.64,183.66,0.63,85.0,0.65,19.35,0.66,32.0,0.35,30.89,0.34,32.0,0.36,176.66,0.37,85.0,0.01,0.01,2339.54785,1776326764000
1776326766.946,66.946,0.64,168.88,0.62,5.0,0.65,74.65,0.66,32.0,0.35,17.81,0.34,32.0,0.36,180.88,0.37,85.0,0.01,0.01,2339.539847,1776326765000
1776326767.175,67.175,0.64,156.38,0.59,6.74,0.65,138.65,0.66,247.0,0.35,69.65,0.34,163.0,0.36,161.38,0.41,6.74,0.01,0.01,2339.539847,1776326765000
1776326767.402,67.402,0.56,5.04,0.55,15.0,0.57,15.0,0.58,10.0,0.35,172.65,0.34,247.0,0.44,5.14,0.45,15.0,0.01,0.09,2339.539847,1776326765000
1776326767.703,67.703,0.56,33.04,0.54,15.0,0.57,74.0,0.58,10.0,0.43,15.0,0.42,10.0,0.44,5.04,0.45,15.0,0.01,0.01,2339.555,1776326766000
1776326768.156,68.156,0.56,43.04,0.55,10.0,0.57,2.0,0.58,15.0,0.43,55.49,0.42,10.0,0.44,43.04,0.45,10.0,0.01,0.01,2339.555,1776326766000
1776326768.526,68.526,0.59,23.56,0.58,161.74,0.6,14.72,0.65,20.8,0.43,0.24,0.42,15.0,0.44,48.04,0.45,10.0,0.01,0.01,2339.533408,1776326767000
1776326768.765,68.765,0.59,52.76,0.58,160.0,0.6,3.3,0.63,18.0,0.4,8.39,0.37,18.0,0.41,23.56,0.42,160.0,0.01,0.01,2339.533408,1776326767000
1776326769.105,69.105,0.59,74.29,0.58,160.0,0.63,18.0,0.65,20.8,0.4,3.3,0.37,18.0,0.41,52.76,0.42,160.0,0.04,0.01,2339.533408,1776326767000
1776326770.979,70.979,0.62,25.0,0.6,75.0,0.63,18.41,0.64,10.0,0.37,18.0,0.35,20.8,0.41,74.29,0.42,160.0,0.01,0.04,2339.16797,1776326769000
1776326771.234,71.234,0.62,15.0,0.6,70.0,0.63,66.41,0.64,56.6,0.37,38.41,0.36,27.0,0.38,22.36,0.4,70.0,0.01,0.01,2339.354209,1776326770000
1776326772.057,72.057,0.59,0.82,0.56,33.04,0.6,208.78,0.61,99.0,0.37,107.41,0.36,56.6,0.4,70.0,0.41,17.0,0.01,0.03,2339.354209,1776326770000
1776326772.268,72.268,0.56,15.16,0.53,5.0,0.57,21.0,0.58,15.0,0.4,168.78,0.39,99.0,0.44,20.16,0.47,5.0,0.01,0.04,2339.409838,1776326771000
1776326772.764,72.764,0.56,12.16,0.53,5.0,0.57,26.0,0.58,22.0,0.43,21.0,0.42,15.0,0.44,15.16,0.47,5.0,0.01,0.01,2339.409838,1776326771000
1776326773.81,73.81,0.56,13.75,0.53,15.0,0.57,36.0,0.58,10.0,0.43,26.0,0.42,22.0,0.44,12.16,0.47,5.0,0.01,0.01,2339.409838,1776326771000
1776326775.577,75.577,0.56,8.75,0.53,5.0,0.57,124.0,0.58,89.0,0.43,36.0,0.42,10.0,0.44,13.75,0.47,15.0,0.01,0.01,2339.00313,1776326774000
1776326776.101,76.101,0.47,76.81,0.46,98.0,0.48,9.77,0.49,16.0,0.49,5.0,0.47,5.0,0.53,56.81,0.54,88.0,0.01,0.04,2339.00313,1776326774000
1776326776.397,76.397,0.47,61.81,0.46,103.0,0.48,36.45,0.49,16.0,0.52,9.77,0.51,16.0,0.53,76.81,0.54,98.0,0.01,0.01,2339.026807,1776326775000
1776326777.432,77.432,0.47,66.81,0.46,103.0,0.48,7.19,0.49,16.0,0.52,34.36,0.51,16.0,0.53,61.81,0.54,103.0,0.01,0.01,2339.026807,1776326775000
1776326777.638,77.638,0.47,66.81,0.46,103.0,0.48,5.1,0.49,16.0,0.52,7.19,0.51,16.0,0.53,66.81,0.54,103.0,0.01,0.01,2339.026807,1776326775000
1776326778.84,78.84,0.47,64.77,0.46,98.0,0.48,5.1,0.49,21.0,0.52,5.1,0.51,16.0,0.53,66.81,0.54,103.0,0.01,0.01,2338.466893,1776326777000
1776326780.245,80.245,0.46,73.88,0.45,91.0,0.48,15.1,0.49,21.0,0.52,5.1,0.51,21.0,0.53,64.77,0.54,98.0,0.02,0.01,2338.482017,1776326778000
1776326780.955,80.955,0.48,5.0,0.47,18.0,0.49,41.0,0.5,15.0,0.52,15.1,0.51,21.0,0.54,73.88,0.55,91.0,0.01,0.02,2338.519761,1776326779000
1776326781.196,81.196,0.48,2.21,0.47,28.0,0.49,36.0,0.5,20.0,0.51,46.0,0.5,15.0,0.52,0.98,0.53,28.0,0.01,0.01,2338.519761,1776326779000
1776326782.307,82.307,0.48,2.21,0.47,18.0,0.49,61.0,0.5,20.0,0.51,36.0,0.5,20.0,0.52,2.21,0.53,28.0,0.01,0.01,2338.466956,1776326781000
1776326784.612,84.612,0.46,48.58,0.45,70.0,0.47,106.0,0.48,25.0,0.51,61.0,0.5,20.0,0.52,2.21,0.53,18.0,0.01,0.01,2338.469293,1776326783000
1776326785.128,85.128,0.45,65.0,0.44,82.76,0.46,105.0,0.47,65.0,0.53,106.0,0.52,25.0,0.54,48.58,0.55,70.0,0.01,0.01,2338.465861,1776326784000
1776326785.72,85.72,0.41,68.69,0.4,5.0,0.45,151.0,0.46,60.0,0.54,105.0,0.53,65.0,0.55,65.0,0.56,82.76,0.04,0.01,2338.465861,1776326784000
1776326787.371,87.371,0.33,4.81,0.31,5.0,0.41,308.0,0.42,170.0,0.55,151.0,0.54,60.0,0.59,68.69,0.6,5.0,0.08,0.04,2338.167166,1776326786000
1776326787.91,87.91,0.2,26.25,0.18,24.4,0.21,28.0,0.22,15.0,0.75,63.14,0.73,10.0,0.8,10.0,0.82,24.4,0.01,0.05,2338.167166,1776326786000
1776326788.172,88.172,0.2,18.65,0.18,124.4,0.21,28.0,0.22,15.0,0.79,28.0,0.78,15.0,0.8,26.25,0.82,24.4,0.01,0.01,2338.167166,1776326786000
1776326788.394,88.394,0.19,83.41,0.18,194.4,0.2,15.0,0.21,18.0,0.79,33.0,0.78,15.0,0.81,68.41,0.82,194.4,0.01,0.02,2338.167166,1776326786000
1776326788.626,88.626,0.19,104.33,0.18,194.4,0.2,15.0,0.21,18.0,0.8,15.0,0.79,18.0,0.81,105.57,0.82,194.4,0.01,0.01,2338.019153,1776326787000
1776326788.881,88.881,0.19,153.57,0.18,94.4,0.2,10.0,0.21,18.0,0.8,15.0,0.79,18.0,0.81,104.33,0.82,194.4,0.01,0.01,2338.019153,1776326787000
1776326789.098,89.098,0.23,5.0,0.22,90.01,0.26,9.5,0.27,10.0,0.75,14.5,0.74,10.0,0.81,139.57,0.82,194.4,0.03,0.06,2338.019153,1776326787000
1776326789.307,89.307,0.22,74.68,0.21,150.0,0.24,10.0,0.25,10.0,0.74,9.5,0.73,10.0,0.77,5.0,0.78,90.01,0.02,0.03,2337.885115,1776326788000
1776326789.668,89.668,0.24,103.46,0.23,100.0,0.25,35.0,0.26,9.5,0.75,10.0,0.74,9.5,0.78,69.68,0.79,150.0,0.01,0.03,2337.885115,1776326788000
1776326789.919,89.919,0.24,108.46,0.23,100.0,0.25,31.0,0.26,9.5,0.75,35.0,0.74,9.5,0.76,103.46,0.77,100.0,0.01,0.01,2337.885115,1776326788000
1776326790.225,90.225,0.24,211.6,0.23,105.0,0.25,26.0,0.26,9.5,0.75,31.0,0.74,9.5,0.76,108.46,0.77,100.0,0.01,0.01,2337.885115,1776326788000
1776326790.511,90.511,0.24,187.43,0.23,130.0,0.25,30.0,0.26,9.5,0.75,26.0,0.74,9.5,0.76,212.96,0.77,105.0,0.01,0.01,2336.371366,1776326789000
1776326790.778,90.778,0.24,112.83,0.23,30.0,0.25,20.0,0.26,9.5,0.75,30.0,0.74,9.5,0.76,187.43,0.77,130.0,0.01,0.01,2336.371366,1776326789000
1776326791.007,91.007,0.24,112.83,0.23,30.0,0.26,9.5,0.27,34.65,0.75,20.0,0.74,9.5,0.76,112.83,0.77,30.0,0.02,0.01,2336.371366,1776326789000
1776326791.447,91.447,0.22,20.01,0.21,25.0,0.25,42.2,0.26,117.5,0.75,10.0,0.74,9.5,0.76,107.83,0.77,30.0,0.03,0.01,2336.371366,1776326789000
1776326792.54,92.54,0.24,30.0,0.23,47.0,0.25,11.51,0.26,10.0,0.77,25.0,0.76,25.0,0.78,14.71,0.79,5.0,0.01,0.01,2336.205365,1776326790000
1776326792.868,92.868,0.28,210.5,0.26,125.0,0.29,3.0,0.3,55.0,0.71,3.1,0.7,55.0,0.72,19.5,0.75,5.0,0.01,0.01,2336.205365,1776326790000
1776326793.266,93.266,0.28,224.5,0.27,90.58,0.29,12.95,0.3,63.0,0.71,8.0,0.7,55.0,0.72,219.5,0.74,125.0,0.01,0.01,2336.179241,1776326791000
1776326793.606,93.606,0.29,79.0,0.28,254.5,0.3,2.51,0.33,23.0,0.7,25.51,0.69,10.0,0.71,20.0,0.72,244.5,0.01,0.01,2336.179241,1776326791000
1776326793.933,93.933,0.31,90.0,0.3,25.0,0.32,13.4,0.33,10.0,0.68,8.4,0.67,23.0,0.71,64.92,0.72,324.5,0.01,0.03,2335.995491,1776326792000
1776326794.446,94.446,0.31,38.26,0.3,40.0,0.32,18.4,0.33,28.0,0.68,13.4,0.67,10.0,0.69,90.0,0.7,25.0,0.01,0.01,2336.443635,1776326793000
1776326794.799,94.799,0.31,52.26,0.3,39.0,0.32,38.4,0.33,36.0,0.68,18.4,0.67,28.0,0.69,38.26,0.7,40.0,0.01,0.01,2336.443635,1776326793000
1776326795.122,95.122,0.31,157.26,0.3,45.0,0.33,10.0,0.34,30.0,0.68,38.4,0.67,36.0,0.69,52.26,0.7,39.0,0.02,0.01,2336.443635,1776326793000
1776326795.324,95.324,0.33,5.0,0.32,110.0,0.34,13.96,0.35,5.0,0.66,13.96,0.65,15.0,0.68,90.0,0.69,152.26,0.01,0.02,2336.79202,1776326794000
1776326795.565,95.565,0.33,74.0,0.32,55.0,0.36,10.0,0.37,44.0,0.66,24.85,0.65,5.0,0.67,99.0,0.68,85.0,0.03,0.01,2336.79202,1776326794000
1776326796.316,96.316,0.34,47.48,0.33,119.89,0.35,70.0,0.36,38.99,0.65,25.0,0.64,10.0,0.66,30.0,0.67,59.0,0.01,0.01,2336.79202,1776326794000
1776326797.959,97.959,0.34,82.48,0.33,108.28,0.37,26.0,0.38,36.0,0.65,70.0,0.64,38.99,0.66,47.48,0.67,119.89,0.03,0.01,2337.108229,1776326796000
1776326798.929,98.929,0.38,25.0,0.37,15.0,0.39,1.0,0.4,13.0,0.63,26.0,0.62,36.0,0.66,82.48,0.67,108.28,0.01,0.03,2337.108229,1776326796000
1776326799.57,99.57,0.38,19.51,0.37,5.0,0.39,15.0,0.4,41.99,0.61,1.0,0.6,13.0,0.62,25.0,0.63,15.0,0.01,0.01,2337.277074,1776326797000
1776326799.862,99.862,0.36,10.0,0.35,95.0,0.38,30.14,0.39,28.99,0.62,10.14,0.61,25.54,0.63,5.0,0.64,10.0,0.02,0.01,2337.362402,1776326798000
1776326800.645,100.645,0.36,21.5,0.35,105.0,0.37,5.0,0.38,5.14,0.62,30.14,0.61,28.99,0.64,10.0,0.65,95.0,0.01,0.02,2337.454816,1776326799000
1776326801.408,101.408,0.36,46.5,0.35,110.0,0.38,10.14,0.39,33.99,0.63,0.64,0.62,5.14,0.64,16.5,0.65,105.0,0.02,0.01,2337.541326,1776326800000
1776326802.966,102.966,0.35,95.0,0.34,171.48,0.36,77.43,0.37,47.54,0.62,10.14,0.61,33.99,0.64,46.5,0.65,110.0,0.01,0.02,2337.474883,1776326801000
1776326805.178,105.178,0.35,97.55,0.34,191.48,0.36,36.44,0.37,27.0,0.64,77.43,0.63,47.54,0.65,92.55,0.66,171.48,0.01,0.01,2337.514719,1776326803000
1776326806.508,106.508,0.36,45.0,0.35,107.55,0.37,10.0,0.38,39.17,0.64,36.44,0.63,27.0,0.65,97.55,0.66,191.48,0.01,0.01,2337.442587,1776326805000
1776326806.947,106.947,0.37,89.0,0.36,80.0,0.38,19.03,0.39,5.0,0.63,10.0,0.62,39.17,0.64,45.0,0.65,107.55,0.01,0.01,2337.442587,1776326805000
1776326807.684,107.684,0.42,15.0,0.41,20.0,0.43,26.78,0.44,137.0,0.6,2.95,0.59,18.0,0.63,70.0,0.64,85.0,0.01,0.03,2337.445111,1776326806000
1776326807.955,107.955,0.43,40.0,0.42,70.0,0.44,2.79,0.45,5.0,0.57,26.78,0.56,137.0,0.58,15.0,0.59,20.0,0.01,0.01,2337.445111,1776326806000
1776326810.589,110.589,0.46,15.0,0.45,60.0,0.47,143.41,0.48,121.0,0.54,100.0,0.53,105.0,0.56,20.0,0.57,75.0,0.01,0.02,2337.958244,1776326809000
1776326811.476,111.476,0.46,30.0,0.45,20.0,0.47,57.02,0.48,21.0,0.53,143.41,0.52,121.0,0.54,15.0,0.55,60.0,0.01,0.01,2338.093329,1776326810000
1776326811.763,111.763,0.46,55.0,0.45,125.0,0.47,37.02,0.48,16.0,0.53,57.02,0.52,21.0,0.54,30.0,0.55,20.0,0.01,0.01,2338.093329,1776326810000
1776326812.073,112.073,0.46,55.0,0.45,125.0,0.47,32.02,0.48,21.0,0.53,37.02,0.52,16.0,0.54,55.0,0.55,125.0,0.01,0.01,2338.128053,1776326811000
1776326812.584,112.584,0.46,86.0,0.45,125.0,0.47,24.64,0.48,21.0,0.53,29.64,0.52,21.0,0.54,55.0,0.55,125.0,0.01,0.01,2338.128053,1776326811000
1776326813.081,113.081,0.46,68.12,0.45,125.0,0.47,29.64,0.48,21.0,0.53,24.64,0.52,21.0,0.54,86.0,0.55,125.0,0.01,0.01,2338.151728,1776326812000
1776326813.373,113.373,0.46,68.12,0.45,125.0,0.47,24.64,0.48,21.0,0.53,29.64,0.52,21.0,0.54,68.12,0.55,125.0,0.01,0.01,2338.151728,1776326812000
1776326814.637,114.637,0.46,168.12,0.45,125.0,0.47,24.64,0.48,16.0,0.53,24.64,0.52,21.0,0.54,68.12,0.55,125.0,0.01,0.01,2338.168084,1776326813000
1776326815.339,115.339,0.46,165.99,0.45,125.0,0.47,24.64,0.48,16.0,0.53,24.64,0.52,16.0,0.54,168.12,0.55,125.0,0.01,0.01,2338.231075,1776326814000
1776326815.765,115.765,0.46,174.21,0.45,125.0,0.47,24.64,0.48,16.0,0.53,24.64,0.52,16.0,0.54,165.99,0.55,125.0,0.01,0.01,2338.231075,1776326814000
1776326816.17,116.17,0.46,230.23,0.45,208.02,0.48,16.0,0.5,40.0,0.53,24.64,0.52,16.0,0.54,174.21,0.55,125.0,0.02,0.01,2338.231075,1776326814000
1776326816.377,116.377,0.49,10.0,0.48,110.0,0.53,18.13,0.54,25.0,0.5,3.26,0.47,25.0,0.51,10.0,0.52,10.0,0.04,0.01,2338.24307,1776326815000
1776326817.048,117.048,0.52,70.0,0.51,61.0,0.53,42.05,0.54,5.0,0.47,18.13,0.46,25.0,0.51,10.0,0.52,110.0,0.01,0.04,2338.24307,1776326815000
1776326817.301,117.301,0.54,20.0,0.53,61.0,0.55,20.67,0.56,38.4,0.46,13.4,0.45,30.0,0.48,97.35,0.49,32.99,0.01,0.02,2338.258656,1776326816000
1776326817.518,117.518,0.54,84.2,0.53,74.0,0.57,33.4,0.58,25.0,0.45,20.67,0.44,38.4,0.46,20.0,0.47,61.0,0.03,0.01,2338.258656,1776326816000
1776326818.072,118.072,0.62,42.59,0.61,25.0,0.63,165.0,0.64,25.0,0.43,23.4,0.42,25.0,0.45,10.0,0.46,154.2,0.01,0.02,2338.258656,1776326816000
1776326818.34,118.34,0.62,11.26,0.61,10.34,0.63,180.0,0.64,25.0,0.37,158.09,0.36,30.0,0.38,5.0,0.39,10.34,0.01,0.01,2338.530734,1776326817000
1776326818.574,118.574,0.6,20.0,0.59,15.0,0.61,19.66,0.62,5.0,0.38,23.4,0.37,145.0,0.39,10.34,0.4,20.0,0.01,0.01,2338.530734,1776326817000
1776326818.799,118.799,0.6,22.5,0.59,15.0,0.62,79.19,0.63,140.0,0.39,5.0,0.38,5.0,0.4,17.5,0.41,15.0,0.02,0.01,2338.530734,1776326817000
1776326819.099,119.099,0.61,20.0,0.6,17.5,0.62,74.19,0.63,140.0,0.38,79.19,0.37,140.0,0.4,22.5,0.41,15.0,0.01,0.02,2338.530734,1776326817000
1776326819.849,119.849,0.61,13.58,0.6,17.5,0.62,79.19,0.63,140.0,0.38,79.19,0.37,140.0,0.39,12.43,0.4,17.5,0.01,0.01,2338.630284,1776326818000
1776326821.142,121.142,0.61,4.73,0.6,17.5,0.62,74.19,0.63,145.0,0.38,79.19,0.37,140.0,0.39,13.58,0.4,17.5,0.01,0.01,2339.1593,1776326819000
1776326822.6,122.6,0.6,11.61,0.59,15.0,0.62,94.19,0.63,145.0,0.38,74.19,0.37,145.0,0.39,4.73,0.4,17.5,0.02,0.01,2339.171977,1776326821000
1776326822.88,122.88,0.6,6.61,0.59,15.0,0.61,5.0,0.62,74.19,0.38,94.19,0.37,145.0,0.4,11.61,0.41,15.0,0.01,0.02,2339.171977,1776326821000
1776326823.466,123.466,0.6,24.11,0.59,15.0,0.61,5.0,0.63,140.0,0.39,5.0,0.38,74.19,0.4,6.61,0.41,15.0,0.01,0.01,2339.171977,1776326821000
1776326823.677,123.677,0.6,54.2,0.59,53.0,0.63,70.0,0.66,91.0,0.39,5.0,0.37,140.0,0.4,9.39,0.41,15.0,0.03,0.01,2339.171977,1776326821000
1776326823.886,123.886,0.62,20.0,0.61,15.0,0.64,36.68,0.66,75.0,0.37,59.16,0.36,36.68,0.38,15.0,0.39,15.0,0.02,0.01,2339.171977,1776326821000
1776326825.012,125.012,0.64,25.0,0.63,33.99,0.65,50.5,0.66,75.0,0.36,36.68,0.34,75.0,0.37,13.99,0.38,20.0,0.01,0.01,2339.1538,1776326822000
1776326825.484,125.484,0.64,79.65,0.63,33.99,0.68,94.0,0.69,25.0,0.35,50.5,0.34,75.0,0.36,13.65,0.37,33.99,0.04,0.01,2339.178935,1776326824000
1776326825.857,125.857,0.67,55.29,0.66,15.0,0.68,76.0,0.69,25.0,0.32,90.4,0.31,25.0,0.33,14.29,0.34,15.0,0.01,0.01,2339.178935,1776326824000
1776326826.582,126.582,0.67,29.74,0.66,15.0,0.68,35.21,0.69,25.0,0.32,35.21,0.31,25.0,0.33,55.29,0.34,15.0,0.01,0.01,2339.178935,1776326824000
1776326826.871,126.871,0.67,19.55,0.66,15.0,0.68,35.21,0.69,25.0,0.32,35.21,0.31,25.0,0.33,29.74,0.34,15.0,0.01,0.01,2339.266426,1776326825000
1776326827.086,127.086,0.69,25.0,0.68,20.0,0.7,20.0,0.71,75.0,0.31,22.57,0.3,25.0,0.33,24.55,0.34,15.0,0.01,0.02,2339.266426,1776326825000
1776326827.518,127.518,0.7,20.0,0.69,20.0,0.71,70.98,0.72,42.89,0.3,20.0,0.29,75.0,0.31,25.0,0.32,20.0,0.01,0.01,2339.445143,1776326826000
1776326829.091,129.091,0.7,14.83,0.69,20.0,0.71,75.98,0.72,137.94,0.29,70.98,0.28,42.89,0.3,20.0,0.31,20.0,0.01,0.01,2339.6183,1776326827000
1776326829.542,129.542,0.7,14.83,0.69,20.0,0.71,73.54,0.72,137.94,0.29,65.24,0.28,137.94,0.3,14.83,0.31,20.0,0.01,0.01,2339.6183,1776326827000
1776326830.46,130.46,0.61,12.75,0.6,52.0,0.65,114.0,0.66,99.0,0.29,73.54,0.28,137.94,0.3,14.83,0.31,20.0,0.04,0.01,2339.657535,1776326828000
1776326831.087,131.087,0.62,10.0,0.61,10.0,0.63,63.14,0.64,32.0,0.36,82.0,0.35,37.0,0.38,15.0,0.39,10.0,0.01,0.02,2339.653271,1776326829000
1776326832.294,132.294,0.59,99.99,0.58,35.02,0.6,20.0,0.61,73.0,0.37,63.14,0.36,32.0,0.38,10.0,0.39,10.0,0.01,0.01,2339.64805,1776326830000
1776326832.513,132.513,0.57,112.97,0.56,18.0,0.58,10.0,0.59,10.0,0.4,25.0,0.39,73.0,0.41,95.99,0.42,35.02,0.01,0.01,2339.64805,1776326830000
1776326832.718,132.718,0.57,107.1,0.56,28.0,0.58,6.79,0.59,20.0,0.42,10.0,0.41,10.0,0.43,107.1,0.44,28.0,0.01,0.01,2339.64805,1776326830000
1776326833.085,133.085,0.57,107.1,0.56,28.0,0.58,1.79,0.59,25.0,0.42,6.79,0.41,20.0,0.43,112.1,0.44,28.0,0.01,0.01,2339.496441,1776326831000
1776326833.331,133.331,0.57,118.46,0.56,28.0,0.59,30.0,0.6,49.0,0.42,1.79,0.41,25.0,0.43,107.1,0.44,28.0,0.02,0.01,2339.496441,1776326831000
1776326833.566,133.566,0.54,7.0,0.53,5.0,0.57,95.0,0.58,35.0,0.41,30.0,0.4,49.0,0.43,118.46,0.44,28.0,0.03,0.02,2339.266721,1776326832000
1776326833.774,133.774,0.49,184.78,0.48,22.99,0.51,10.0,0.52,15.0,0.43,95.0,0.42,35.0,0.46,7.0,0.47,5.0,0.02,0.03,2339.266721,1776326832000
1776326834.144,134.144,0.49,114.12,0.48,25.02,0.5,9.9,0.51,15.0,0.5,10.0,0.49,15.0,0.51,104.12,0.52,25.02,0.01,0.01,2339.266721,1776326832000
1776326834.553,134.553,0.49,112.04,0.48,15.02,0.5,9.8,0.51,15.0,0.5,9.9,0.49,15.0,0.51,112.04,0.52,25.02,0.01,0.01,2339.264956,1776326833000
1776326835.438,135.438,0.5,66.62,0.49,263.06,0.51,15.0,0.52,15.0,0.5,9.8,0.49,15.0,0.51,112.04,0.52,15.02,0.01,0.01,2339.264956,1776326833000
1776326835.995,135.995,0.51,20.0,0.5,46.51,0.53,13.0,0.54,15.0,0.49,15.0,0.48,15.0,0.5,41.51,0.51,263.06,0.02,0.01,2339.10451,1776326834000
1776326837.845,137.845,0.53,52.76,0.52,15.0,0.54,10.0,0.55,15.0,0.47,13.0,0.46,15.0,0.49,20.0,0.5,46.51,0.01,0.02,2338.70225,1776326836000
1776326838.765,138.765,0.56,76.0,0.55,25.0,0.57,4.0,0.58,5.0,0.46,10.0,0.45,15.0,0.47,52.76,0.48,15.0,0.01,0.01,2338.721635,1776326837000
1776326839.68,139.68,0.59,53.56,0.58,15.0,0.6,15.0,0.61,5.0,0.43,4.0,0.42,5.0,0.44,76.0,0.45,25.0,0.01,0.01,2338.674,1776326838000
1776326839.969,139.969,0.63,20.0,0.62,10.0,0.65,4.0,0.66,71.0,0.4,15.0,0.39,5.0,0.41,53.56,0.42,15.0,0.02,0.01,2338.674,1776326838000
1776326840.211,140.211,0.65,10.0,0.64,15.0,0.66,63.12,0.67,56.3,0.34,78.12,0.33,56.3,0.36,20.0,0.37,15.0,0.01,0.02,2338.757494,1776326839000
1776326840.59,140.59,0.65,20.0,0.64,20.0,0.66,42.34,0.67,21.3,0.34,63.12,0.33,56.3,0.35,10.0,0.36,15.0,0.01,0.01,2338.757494,1776326839000
1776326841.035,141.035,0.65,55.0,0.64,20.0,0.66,32.34,0.67,5.0,0.34,42.34,0.33,21.3,0.35,20.0,0.36,20.0,0.01,0.01,2338.757494,1776326839000
1776326844.863,144.863,0.61,1.16,0.6,5.0,0.62,123.0,0.63,30.0,0.34,32.34,0.33,5.0,0.35,55.0,0.36,20.0,0.01,0.01,2339.252318,1776326843000
1776326848.909,148.909,0.68,54.2,0.67,26.0,0.69,1.0,0.7,28.1,0.38,104.95,0.37,30.0,0.39,1.16,0.4,5.0,0.01,0.01,2339.185767,1776326847000
1776326849.861,149.861,0.69,4.44,0.68,35.0,0.7,18.1,0.71,122.5,0.3,18.1,0.29,22.5,0.32,59.2,0.33,26.0,0.01,0.02,2339.234315,1776326848000
1776326851.067,151.067,0.67,10.0,0.66,16.0,0.69,50.0,0.7,49.76,0.3,18.1,0.29,122.5,0.31,4.44,0.32,35.0,0.02,0.01,2339.23421,1776326849000
1776326851.617,151.617,0.63,4.48,0.62,10.0,0.64,45.0,0.65,34.0,0.31,50.0,0.3,49.76,0.33,10.0,0.34,16.0,0.01,0.02,2339.44538,1776326850000
1776326851.872,151.872,0.61,6.48,0.6,10.0,0.64,69.0,0.65,31.0,0.36,85.0,0.35,41.0,0.37,1.48,0.38,10.0,0.03,0.01,2339.44538,1776326850000
1776326852.553,152.553,0.58,5.0,0.57,15.0,0.6,10.0,0.61,10.0,0.36,69.0,0.35,31.0,0.39,6.48,0.4,10.0,0.02,0.03,2339.44538,1776326850000
1776326855.612,155.612,0.62,15.0,0.61,15.0,0.63,5.0,0.64,20.6,0.4,10.0,0.39,10.0,0.42,5.0,0.43,15.0,0.01,0.02,2339.194895,1776326854000
1776326856.342,156.342,0.58,17.48,0.57,28.0,0.59,15.0,0.6,25.0,0.37,5.0,0.36,20.6,0.38,15.0,0.39,15.0,0.01,0.01,2339.194895,1776326854000
1776326857.882,157.882,0.53,9.51,0.52,18.0,0.54,20.0,0.55,10.0,0.41,15.0,0.4,25.0,0.42,17.48,0.43,28.0,0.01,0.01,2339.24719,1776326856000
1776326859.071,159.071,0.48,65.15,0.47,82.51,0.49,10.0,0.5,10.0,0.46,20.0,0.45,10.0,0.47,9.51,0.48,18.0,0.01,0.01,2339.18412,1776326857000
1776326860.988,160.988,0.47,68.2,0.46,125.48,0.49,44.0,0.5,15.0,0.51,25.0,0.5,15.0,0.52,56.66,0.53,82.51,0.02,0.01,2339.206664,1776326858000
1776326861.638,161.638,0.42,134.55,0.41,120.0,0.43,46.0,0.44,10.0,0.51,44.0,0.5,15.0,0.53,68.2,0.54,125.48,0.01,0.02,2338.666126,1776326860000
1776326862.275,162.275,0.39,70.0,0.37,14.0,0.42,101.0,0.43,27.16,0.58,15.0,0.57,66.16,0.59,73.17,0.61,75.0,0.03,0.01,2338.677333,1776326861000
1776326862.478,162.478,0.39,61.02,0.37,14.0,0.4,54.0,0.41,25.0,0.6,59.0,0.59,25.0,0.61,66.63,0.63,14.0,0.01,0.01,2338.677333,1776326861000
1776326862.68,162.68,0.37,14.0,0.36,60.33,0.4,59.0,0.41,25.0,0.6,59.0,0.59,25.0,0.61,1.37,0.63,14.0,0.03,0.01,2338.677333,1776326861000
1776326862.892,162.892,0.36,74.33,0.35,75.0,0.38,39.0,0.39,25.0,0.62,30.0,0.61,25.0,0.63,6.06,0.64,74.33,0.02,0.01,2338.677333,1776326861000
1776326863.299,163.299,0.36,100.84,0.35,90.0,0.38,10.0,0.39,10.0,0.62,39.0,0.61,25.0,0.64,74.33,0.65,75.0,0.02,0.02,2338.43648,1776326862000
1776326863.834,163.834,0.4,5.0,0.39,52.51,0.41,4.02,0.42,30.0,0.62,10.0,0.61,10.0,0.64,100.84,0.65,90.0,0.01,0.02,2338.43648,1776326862000
1776326864.813,164.813,0.44,31.51,0.43,176.35,0.45,2.13,0.46,10.0,0.56,6.22,0.55,10.0,0.57,54.84,0.58,30.0,0.01,0.01,2338.165528,1776326863000
1776326866.66,166.66,0.44,33.99,0.43,151.35,0.45,7.13,0.46,10.0,0.55,2.13,0.54,10.0,0.56,31.51,0.57,176.35,0.01,0.01,2338.2482,1776326865000
1776326871.323,171.323,0.5,35.0,0.49,15.0,0.57,80.46,0.58,20.8,0.55,7.13,0.54,10.0,0.56,33.99,0.57,151.35,0.07,0.01,2338.32785,1776326870000
1776326871.765,171.765,0.52,25.0,0.51,15.0,0.53,8.0,0.54,10.0,0.43,80.46,0.42,20.8,0.5,32.36,0.51,20.0,0.01,0.07,2338.32785,1776326870000
1776326872.731,172.731,0.52,5.0,0.51,10.0,0.53,80.0,0.54,10.0,0.47,8.0,0.46,10.0,0.48,25.0,0.49,15.0,0.01,0.01,2338.364828,1776326871000
1776326875.589,175.589,0.5,15.0,0.49,10.0,0.51,15.0,0.52,10.0,0.47,80.0,0.46,10.0,0.48,5.0,0.49,10.0,0.01,0.01,2338.61974,1776326874000
1776326876.94,176.94,0.46,54.54,0.45,14.0,0.51,60.0,0.52,10.0,0.48,10.0,0.47,15.0,0.5,15.0,0.51,10.0,0.05,0.02,2338.528625,1776326875000
1776326879.264,179.264,0.43,40.08,0.41,11.51,0.44,119.0,0.45,20.0,0.49,60.0,0.48,10.0,0.54,54.54,0.55,14.0,0.01,0.05,2338.606815,1776326877000
1776326879.57,179.57,0.43,25.08,0.38,19.0,0.44,193.2,0.45,20.0,0.56,175.0,0.55,20.0,0.57,30.08,0.61,17.51,0.01,0.01,2338.50083,1776326878000
1776326880.683,180.683,0.38,45.51,0.37,14.0,0.39,11.0,0.4,10.0,0.56,169.0,0.55,20.0,0.62,19.0,0.64,60.0,0.01,0.06,2338.493185,1776326879000
1776326881.029,181.029,0.46,5.0,0.45,15.0,0.48,10.0,0.49,65.0,0.61,11.0,0.6,10.0,0.62,45.51,0.63,14.0,0.02,0.01,2338.493185,1776326879000
1776326881.86,181.86,0.45,28.54,0.44,34.51,0.46,50.0,0.47,15.0,0.53,45.0,0.52,10.0,0.55,20.0,0.56,44.51,0.01,0.02,2338.442815,1776326880000
1776326882.269,182.269,0.45,3.18,0.44,5.0,0.46,122.0,0.47,15.0,0.54,50.0,0.53,15.0,0.55,28.54,0.56,34.51,0.01,0.01,2338.129253,1776326881000
1776326883.3,183.3,0.44,3.77,0.43,5.0,0.46,122.0,0.47,20.0,0.54,122.0,0.53,15.0,0.55,3.18,0.56,5.0,0.02,0.01,2338.129253,1776326881000
1776326883.728,183.728,0.42,5.0,0.41,65.0,0.44,82.0,0.45,25.0,0.54,122.0,0.53,20.0,0.56,3.77,0.57,5.0,0.02,0.02,2338.149514,1776326882000
1776326884.734,184.734,0.45,20.0,0.44,31.36,0.46,9.19,0.47,15.0,0.56,82.0,0.55,25.0,0.58,5.0,0.59,65.0,0.01,0.02,2338.227105,1776326883000
1776326885.724,185.724,0.51,10.0,0.5,10.0,0.52,1.48,0.53,5.0,0.54,9.19,0.53,15.0,0.55,20.0,0.56,31.36,0.01,0.01,2338.217844,1776326884000
1776326890.269,190.269,0.52,5.0,0.51,5.0,0.53,41.66,0.54,15.0,0.48,1.48,0.47,5.0,0.49,10.0,0.5,10.0,0.01,0.01,2338.581305,1776326888000
1776326890.919,190.919,0.5,10.0,0.49,20.0,0.53,31.66,0.54,15.0,0.47,41.66,0.46,15.0,0.48,5.0,0.49,5.0,0.03,0.01,2338.559051,1776326889000
1776326892.208,192.208,0.45,8.0,0.44,29.36,0.47,10.0,0.48,10.0,0.47,7.51,0.46,15.0,0.5,10.0,0.51,20.0,0.02,0.03,2338.560562,1776326891000
1776326892.511,192.511,0.37,7.16,0.32,30.0,0.46,20.0,0.47,20.0,0.53,10.0,0.52,10.0,0.55,8.0,0.56,16.36,0.09,0.02,2338.560562,1776326891000
1776326893.025,193.025,0.31,47.63,0.3,10.0,0.32,20.0,0.33,10.0,0.65,5.0,0.56,70.0,0.66,60.0,0.69,50.0,0.01,0.01,2338.560562,1776326891000
1776326893.293,193.293,0.29,6.01,0.28,19.5,0.3,20.0,0.31,10.0,0.68,20.0,0.67,10.0,0.69,47.63,0.7,10.0,0.01,0.01,2338.565951,1776326892000
1776326893.657,193.657,0.23,10.0,0.22,5.0,0.29,35.0,0.3,20.0,0.71,20.0,0.7,20.0,0.72,9.5,0.73,13.0,0.06,0.01,2338.565951,1776326892000
1776326894.042,194.042,0.22,13.0,0.21,71.7,0.23,8.75,0.24,10.0,0.76,10.0,0.75,10.0,0.78,5.0,0.79,71.7,0.01,0.02,2338.565951,1776326892000
1776326894.285,194.285,0.26,7.87,0.25,12.0,0.27,15.0,0.28,10.0,0.73,10.0,0.72,10.0,0.74,11.25,0.78,13.0,0.01,0.01,2338.565951,1776326892000
1776326894.929,194.929,0.22,12.0,0.21,21.7,0.23,5.65,0.24,10.0,0.74,10.0,0.73,10.0,0.75,10.51,0.77,30.0,0.01,0.01,2337.714133,1776326894000
1776326895.211,195.211,0.22,22.0,0.21,21.7,0.24,15.0,0.25,20.0,0.77,6.3,0.76,10.0,0.78,12.0,0.79,21.7,0.02,0.01,2337.714133,1776326894000
1776326895.437,195.437,0.22,12.0,0.21,21.7,0.24,2.03,0.25,10.0,0.76,7.45,0.75,20.0,0.78,22.0,0.79,21.7,0.02,0.02,2337.714133,1776326894000
1776326895.713,195.713,0.22,21.67,0.21,38.91,0.23,10.0,0.24,10.0,0.76,2.03,0.75,10.0,0.78,10.71,0.79,38.91,0.01,0.02,2337.714133,1776326894000
1776326896.06,196.06,0.22,118.67,0.21,21.7,0.24,17.58,0.25,10.0,0.77,10.0,0.76,20.0,0.78,14.17,0.79,38.91,0.02,0.01,2337.60215,1776326895000
1776326896.304,196.304,0.22,114.36,0.21,21.7,0.24,19.25,0.25,13.4,0.75,3.4,0.74,10.0,0.78,114.36,0.79,21.7,0.02,0.03,2337.60215,1776326895000
1776326896.531,196.531,0.22,109.56,0.21,21.7,0.23,5.65,0.24,19.25,0.76,19.25,0.75,13.4,0.78,109.56,0.79,21.7,0.01,0.02,2337.60215,1776326895000
1776326897.505,197.505,0.22,114.56,0.21,27.7,0.23,11.3,0.24,15.0,0.77,5.65,0.76,19.25,0.78,109.56,0.79,21.7,0.01,0.01,2337.534252,1776326896000
1776326898.669,198.669,0.22,29.17,0.21,163.25,0.23,73.02,0.24,4.99,0.76,4.99,0.75,3.4,0.78,114.56,0.79,27.7,0.01,0.02,2337.512516,1776326897000
1776326899.124,199.124,0.22,13.0,0.21,166.25,0.23,68.02,0.24,4.99,0.77,73.02,0.76,4.99,0.78,29.17,0.79,163.25,0.01,0.01,2337.512516,1776326898000
1776326901.12,201.12,0.2,52.54,0.19,47.4,0.22,34.0,0.23,33.37,0.77,68.02,0.76,4.99,0.78,13.0,0.79,166.25,0.02,0.01,2337.478658,1776326900000
1776326901.648,201.648,0.2,36.31,0.19,47.4,0.21,10.0,0.22,24.0,0.78,34.0,0.77,33.37,0.8,52.54,0.81,47.4,0.01,0.02,2337.478658,1776326900000
1776326902.091,202.091,0.19,46.16,0.18,201.87,0.2,20.0,0.21,10.0,0.79,10.0,0.78,24.0,0.8,36.31,0.81,47.4,0.01,0.01,2337.478658,1776326900000
1776326902.412,202.412,0.19,41.16,0.18,201.87,0.2,21.0,0.21,10.0,0.8,20.0,0.79,10.0,0.81,46.16,0.82,201.87,0.01,0.01,2337.3651,1776326901000
1776326903.195,203.195,0.19,61.16,0.18,134.4,0.2,1.39,0.21,10.0,0.8,21.0,0.79,10.0,0.81,41.16,0.82,201.87,0.01,0.01,2337.3651,1776326901000
1776326903.73,203.73,0.19,11.0,0.18,34.4,0.2,59.0,0.21,10.0,0.8,1.39,0.79,10.0,0.81,61.16,0.82,134.4,0.01,0.01,2337.38002,1776326902000
1776326903.944,203.944,0.18,12.4,0.17,155.5,0.19,18.0,0.2,34.0,0.81,8.0,0.8,29.0,0.82,21.4,0.83,155.5,0.01,0.01,2337.38002,1776326902000
1776326905.448,205.448,0.18,10.94,0.17,30.5,0.19,72.0,0.2,34.0,0.81,18.0,0.8,34.0,0.82,12.4,0.83,155.5,0.01,0.01,2337.419631,1776326903000
1776326906.844,206.844,0.17,40.5,0.16,225.83,0.19,18.0,0.2,15.0,0.81,72.0,0.8,34.0,0.82,10.94,0.83,30.5,0.02,0.01,2337.375465,1776326905000
1776326907.182,207.182,0.19,5.92,0.18,10.0,0.2,10.0,0.21,10.0,0.81,18.0,0.8,15.0,0.83,35.5,0.84,225.83,0.01,0.02,2337.334934,1776326906000
1776326907.561,207.561,0.2,13.0,0.19,20.92,0.21,7.0,0.22,15.0,0.8,10.0,0.79,10.0,0.81,5.92,0.82,10.0,0.01,0.01,2337.334934,1776326906000
1776326908.213,208.213,0.2,30.0,0.19,18.0,0.21,20.0,0.22,16.68,0.78,11.68,0.77,10.0,0.8,13.0,0.81,25.92,0.01,0.02,2337.232545,1776326907000
1776326908.507,208.507,0.2,33.16,0.19,5.0,0.21,30.0,0.22,16.68,0.79,30.0,0.78,16.68,0.8,15.16,0.81,5.0,0.01,0.01,2337.232545,1776326907000
1776326909.245,209.245,0.2,16.0,0.19,5.0,0.21,20.0,0.22,16.68,0.79,30.0,0.78,16.68,0.8,33.16,0.81,5.0,0.01,0.01,2337.381095,1776326908000
1776326910.824,210.824,0.19,53.4,0.18,34.4,0.2,24.8,0.21,43.58,0.79,20.0,0.78,16.68,0.8,16.0,0.81,5.0,0.01,0.01,2337.341991,1776326909000
1776326912.284,212.284,0.19,2.0,0.18,29.4,0.2,26.25,0.21,43.58,0.8,24.8,0.79,43.58,0.81,53.4,0.82,34.4,0.01,0.01,2337.214005,1776326911000
1776326912.575,212.575,0.17,15.0,0.16,68.03,0.19,51.0,0.2,60.25,0.8,26.25,0.79,43.58,0.81,2.0,0.82,29.4,0.02,0.01,2337.214005,1776326911000
1776326912.852,212.852,0.17,29.74,0.16,68.03,0.18,22.0,0.19,20.0,0.82,22.0,0.81,20.0,0.83,37.0,0.84,68.03,0.01,0.01,2337.214005,1776326911000
1776326913.092,213.092,0.17,27.92,0.16,68.03,0.18,22.0,0.19,10.0,0.82,22.0,0.81,20.0,0.83,29.74,0.84,68.03,0.01,0.01,2337.172305,1776326912000
1776326913.432,213.432,0.17,20.0,0.16,88.03,0.18,14.0,0.19,17.0,0.82,11.44,0.81,10.0,0.83,5.0,0.84,78.03,0.01,0.01,2337.172305,1776326912000
1776326913.86,213.86,0.16,73.03,0.15,15.0,0.17,25.0,0.18,84.0,0.82,12.0,0.81,17.0,0.83,49.0,0.84,88.03,0.01,0.01,2337.172305,1776326912000
1776326914.211,214.211,0.16,26.55,0.15,15.0,0.17,39.0,0.18,36.0,0.83,44.0,0.82,56.0,0.84,7.35,0.85,15.0,0.01,0.01,2337.097125,1776326913000
1776326914.637,214.637,0.16,1.39,0.15,15.0,0.17,34.0,0.18,36.0,0.83,39.0,0.82,36.0,0.84,9.55,0.85,15.0,0.01,0.01,2337.097125,1776326913000
1776326918.554,218.554,0.16,45.39,0.15,83.2,0.2,10.0,0.21,17.0,0.83,34.0,0.82,36.0,0.84,1.39,0.85,15.0,0.04,0.01,2337.000913,1776326917000
1776326919.338,219.338,0.19,30.96,0.18,20.0,0.2,1.5,0.21,17.0,0.8,1.5,0.79,17.0,0.81,35.0,0.82,10.0,0.01,0.01,2336.899275,1776326918000
1776326919.561,219.561,0.17,24.0,0.16,10.0,0.19,20.0,0.2,8.5,0.8,1.5,0.79,17.0,0.81,30.96,0.82,20.0,0.02,0.01,2336.899275,1776326918000
1776326919.858,219.858,0.15,65.1,0.14,39.9,0.16,8.0,0.17,17.0,0.84,16.0,0.83,7.0,0.85,65.1,0.86,39.9,0.01,0.01,2336.899275,1776326918000
1776326920.666,220.666,0.15,55.1,0.14,39.9,0.16,5.0,0.18,10.0,0.84,8.0,0.83,17.0,0.85,65.1,0.86,39.9,0.01,0.01,2337.015495,1776326919000
1776326921.049,221.049,0.15,44.1,0.14,39.9,0.16,5.0,0.18,10.0,0.84,5.0,0.82,10.0,0.85,74.1,0.86,39.9,0.01,0.01,2337.015495,1776326919000
1776326921.71,221.71,0.15,177.1,0.14,81.9,0.2,3.5,0.21,10.0,0.84,5.0,0.82,10.0,0.85,44.1,0.86,39.9,0.05,0.01,2337.167839,1776326920000
1776326922.147,222.147,0.19,44.51,0.18,54.0,0.2,10.0,0.21,10.0,0.79,10.0,0.78,11.68,0.85,177.1,0.86,81.9,0.01,0.06,2337.1224,1776326921000
1776326922.409,222.409,0.17,69.79,0.16,66.8,0.2,27.0,0.21,10.0,0.8,22.0,0.79,10.0,0.81,13.82,0.82,13.0,0.03,0.01,2337.1224,1776326921000
1776326922.686,222.686,0.17,21.59,0.16,52.47,0.18,15.0,0.19,10.0,0.82,10.0,0.81,10.0,0.84,52.47,0.85,69.1,0.01,0.02,2337.1224,1776326921000
1776326923.184,223.184,0.16,5.95,0.15,10.0,0.17,109.3,0.18,13.77,0.82,9.54,0.81,10.0,0.83,18.0,0.84,52.47,0.01,0.01,2337.126943,1776326922000
1776326923.386,223.386,0.15,1.71,0.14,33.0,0.16,30.0,0.17,109.3,0.84,20.0,0.83,109.3,0.85,7.0,0.86,33.0,0.01,0.01,2337.126943,1776326922000
1776326924.145,224.145,0.15,3.87,0.14,39.9,0.16,10.0,0.17,54.3,0.84,31.03,0.83,68.3,0.85,15.0,0.86,15.0,0.01,0.01,2337.341485,1776326923000
1776326924.47,224.47,0.14,5.0,0.13,65.8,0.15,5.0,0.16,23.5,0.84,18.5,0.83,54.3,0.85,3.87,0.86,39.9,0.01,0.01,2337.341485,1776326923000
1776326924.85,224.85,0.13,7.0,0.12,10.0,0.14,47.0,0.15,15.0,0.85,5.0,0.84,23.5,0.86,5.0,0.87,65.8,0.01,0.01,2337.341485,1776326923000
1776326925.462,225.462,0.12,116.0,0.11,46.79,0.16,12.0,0.17,51.3,0.86,29.0,0.85,23.0,0.87,2.0,0.88,10.0,0.04,0.01,2337.182652,1776326924000
1776326925.7,225.7,0.1,18.83,0.09,10.0,0.12,25.0,0.13,174.0,0.84,12.0,0.83,51.3,0.88,116.0,0.89,46.79,0.02,0.04,2337.182652,1776326924000
1776326925.902,225.902,0.1,5.64,0.09,10.0,0.11,60.0,0.12,125.0,0.89,55.0,0.88,125.0,0.9,13.73,0.91,10.0,0.01,0.01,2337.182652,1776326924000
1776326926.115,226.115,0.1,2.64,0.09,10.0,0.11,33.0,0.12,125.0,0.89,61.67,0.88,125.0,0.9,5.64,0.91,10.0,0.01,0.01,2337.131861,1776326925000
1776326926.336,226.336,0.09,11.16,0.08,10.0,0.1,9.0,0.11,5.0,0.89,33.0,0.88,115.0,0.91,7.26,0.92,10.0,0.01,0.02,2337.131861,1776326925000
1776326926.8,226.8,0.09,6.16,0.08,10.0,0.1,19.0,0.11,5.0,0.9,9.0,0.89,5.0,0.91,11.16,0.92,10.0,0.01,0.01,2337.131861,1776326925000
1776326927.232,227.232,0.09,31.16,0.08,53.0,0.1,12.0,0.11,5.0,0.9,19.0,0.89,5.0,0.91,6.16,0.92,10.0,0.01,0.01,2337.068955,1776326926000
1776326927.504,227.504,0.09,8.96,0.08,158.0,0.1,17.0,0.11,15.0,0.89,5.0,0.88,115.0,0.91,26.16,0.92,53.0,0.01,0.02,2337.068955,1776326926000
1776326928.323,228.323,0.11,8.82,0.1,25.0,0.12,110.0,0.13,139.0,0.9,17.0,0.89,15.0,0.91,8.96,0.92,158.0,0.01,0.01,2336.580465,1776326927000
1776326929.438,229.438,0.1,10.0,0.09,10.0,0.11,9.0,0.12,110.0,0.88,110.0,0.87,139.0,0.89,8.82,0.9,25.0,0.01,0.01,2336.55143,1776326928000
1776326929.856,229.856,0.1,16.86,0.09,15.0,0.11,4.0,0.12,10.0,0.89,9.0,0.88,110.0,0.9,10.0,0.91,10.0,0.01,0.01,2336.55143,1776326928000
1776326930.465,230.465,0.11,15.0,0.1,50.86,0.13,10.0,0.14,10.0,0.89,4.0,0.88,10.0,0.9,16.86,0.91,15.0,0.02,0.01,2336.69441,1776326929000
1776326930.707,230.707,0.12,27.0,0.11,47.0,0.14,10.0,0.15,10.0,0.87,10.0,0.86,10.0,0.89,15.0,0.9,50.86,0.02,0.02,2336.69441,1776326929000
1776326931.543,231.543,0.13,20.0,0.12,37.0,0.15,18.0,0.16,10.0,0.86,10.0,0.85,10.0,0.88,27.0,0.89,47.0,0.02,0.02,2336.69441,1776326929000
1776326931.999,231.999,0.14,5.0,0.13,5.0,0.15,18.0,0.16,37.58,0.85,18.0,0.84,10.0,0.87,20.0,0.88,37.0,0.01,0.02,2336.69441,1776326929000
1776326932.384,232.384,0.13,29.25,0.12,27.0,0.14,7.0,0.16,37.58,0.85,18.0,0.84,37.58,0.86,5.0,0.87,5.0,0.01,0.01,2336.69441,1776326929000
1776326932.956,232.956,0.13,25.0,0.12,27.0,0.15,8.0,0.16,10.0,0.86,7.0,0.84,37.58,0.87,29.25,0.88,27.0,0.02,0.01,2336.69441,1776326929000
1776326933.274,233.274,0.17,34.0,0.16,5.0,0.18,7.0,0.19,10.0,0.85,8.0,0.84,10.0,0.87,25.0,0.88,27.0,0.01,0.02,2336.740114,1776326931000
1776326933.747,233.747,0.15,41.0,0.14,20.0,0.16,10.0,0.17,10.0,0.82,7.0,0.81,10.0,0.83,21.95,0.84,5.0,0.01,0.01,2336.740114,1776326931000
1776326934.018,234.018,0.16,4.05,0.15,41.0,0.17,15.0,0.18,6.44,0.82,6.44,0.81,10.0,0.84,5.0,0.85,41.0,0.01,0.02,2336.91015,1776326932000
1776326935.229,235.229,0.16,7.74,0.15,36.0,0.17,15.0,0.18,6.44,0.83,15.0,0.82,6.44,0.84,4.05,0.85,41.0,0.01,0.01,2336.90375,1776326933000
1776326939.544,239.544,0.16,17.74,0.15,20.0,0.17,19.0,0.18,35.6,0.83,15.0,0.82,6.44,0.84,7.74,0.85,36.0,0.01,0.01,2337.14994,1776326937000
1776326939.93,239.93,0.16,10.38,0.15,15.0,0.17,46.67,0.18,37.6,0.82,27.6,0.81,10.0,0.84,12.74,0.85,20.0,0.01,0.02,2337.10775,1776326938000
1776326940.271,240.271,0.16,10.38,0.15,15.0,0.18,27.6,0.19,10.0,0.83,46.67,0.82,37.6,0.84,10.38,0.85,15.0,0.02,0.01,2337.0878,1776326939000
1776326940.54,240.54,0.16,2.4,0.15,10.0,0.18,27.6,0.19,10.0,0.82,27.6,0.81,10.0,0.84,10.38,0.85,15.0,0.02,0.02,2337.0878,1776326939000
1776326940.863,240.863,0.17,20.0,0.16,7.4,0.18,89.88,0.19,10.0,0.82,27.6,0.81,10.0,0.84,2.4,0.85,10.0,0.01,0.02,2337.0878,1776326939000
1776326941.098,241.098,0.17,49.0,0.16,7.4,0.19,10.0,0.2,10.0,0.82,14.88,0.81,10.0,0.83,44.0,0.84,7.4,0.02,0.01,2337.0878,1776326939000
1776326941.41,241.41,0.17,85.0,0.16,108.4,0.22,11.68,0.23,10.0,0.81,10.0,0.8,10.0,0.83,49.0,0.84,7.4,0.05,0.02,2337.1329,1776326940000
1776326941.692,241.692,0.21,5.0,0.2,15.0,0.23,10.0,0.24,10.0,0.78,1.48,0.77,10.0,0.8,5.0,0.81,47.0,0.02,0.02,2337.1329,1776326940000
1776326942.341,242.341,0.21,3.73,0.2,10.21,0.22,20.0,0.23,116.64,0.78,10.0,0.77,116.64,0.8,10.21,0.81,32.0,0.01,0.02,2337.191639,1776326941000
1776326942.594,242.594,0.2,5.21,0.19,42.0,0.21,0.17,0.22,25.0,0.79,0.17,0.78,25.0,0.8,10.21,0.81,42.0,0.01,0.01,2337.191639,1776326941000
1776326943.01,243.01,0.2,3.71,0.19,15.0,0.21,119.1,0.22,25.0,0.79,5.17,0.78,25.0,0.8,5.21,0.81,42.0,0.01,0.01,2337.191639,1776326941000
1776326943.306,243.306,0.19,3.47,0.18,58.4,0.21,131.1,0.22,10.0,0.79,114.1,0.78,25.0,0.81,3.47,0.82,58.4,0.02,0.02,2337.425871,1776326942000
1776326943.54,243.54,0.18,22.4,0.17,55.5,0.19,51.0,0.2,27.0,0.81,8.0,0.8,22.0,0.82,43.4,0.83,35.5,0.01,0.01,2337.425871,1776326942000
1776326943.839,243.839,0.18,5.0,0.17,55.5,0.19,45.52,0.2,15.0,0.81,56.0,0.8,15.0,0.83,60.5,0.84,34.2,0.01,0.02,2337.425871,1776326942000
1776326944.63,244.63,0.17,42.72,0.16,7.4,0.18,52.0,0.19,30.52,0.81,45.52,0.8,15.0,0.82,5.0,0.83,55.5,0.01,0.01,2337.655086,1776326943000
1776326945.166,245.166,0.17,20.91,0.16,19.4,0.18,77.0,0.19,30.52,0.82,52.0,0.81,30.52,0.83,42.72,0.84,7.4,0.01,0.01,2337.606165,1776326944000
1776326946.042,246.042,0.17,3.59,0.16,2.4,0.18,77.0,0.19,30.52,0.82,77.0,0.81,30.52,0.83,20.91,0.84,19.4,0.01,0.01,2337.606165,1776326944000
1776326946.504,246.504,0.17,6.78,0.16,2.4,0.18,67.0,0.19,30.52,0.82,77.0,0.81,30.52,0.83,3.59,0.84,2.4,0.01,0.01,2337.5256,1776326945000
1776326947.177,247.177,0.13,10.0,0.12,10.0,0.18,220.0,0.19,35.52,0.82,67.0,0.81,30.52,0.83,6.78,0.84,2.4,0.05,0.01,2337.5256,1776326945000
1776326947.487,247.487,0.12,0.36,0.11,10.0,0.13,5.0,0.14,35.0,0.86,10.0,0.85,10.0,0.88,5.36,0.89,10.0,0.01,0.02,2337.515715,1776326946000
1776326947.902,247.902,0.11,0.36,0.1,12.86,0.13,28.0,0.14,43.0,0.87,5.0,0.86,35.0,0.88,0.36,0.89,10.0,0.02,0.01,2337.515715,1776326946000
1776326948.164,248.164,0.12,8.63,0.11,0.36,0.13,38.0,0.14,75.58,0.87,28.0,0.86,43.0,0.89,0.36,0.9,12.86,0.01,0.02,2337.515715,1776326946000
1776326948.417,248.417,0.1,5.51,0.09,10.0,0.12,10.0,0.13,33.0,0.87,33.0,0.86,75.58,0.88,3.63,0.89,0.36,0.02,0.01,2337.515715,1776326946000
1776326950.295,250.295,0.11,8.83,0.1,15.51,0.12,15.0,0.13,15.0,0.88,10.0,0.87,33.0,0.9,5.51,0.91,10.0,0.01,0.02,2337.06962,1776326949000
1776326950.545,250.545,0.11,8.83,0.1,15.51,0.12,4.0,0.13,15.0,0.88,15.0,0.87,15.0,0.89,8.83,0.9,15.51,0.01,0.01,2337.06962,1776326949000
1776326951.175,251.175,0.12,1.93,0.11,8.83,0.13,5.0,0.14,37.58,0.88,4.0,0.87,15.0,0.89,8.83,0.9,15.51,0.01,0.01,2337.06962,1776326949000
1776326952.191,252.191,0.1,10.51,0.09,10.0,0.11,23.0,0.12,74.45,0.87,5.0,0.86,37.58,0.88,1.93,0.89,8.83,0.01,0.01,2337.06718,1776326950000
1776326952.429,252.429,0.09,7.0,0.08,10.0,0.11,51.48,0.12,35.45,0.89,56.9,0.88,87.03,0.91,10.0,0.92,10.0,0.02,0.02,2337.06738,1776326951000
1776326952.822,252.822,0.08,8.92,0.07,53.13,0.1,10.0,0.11,41.48,0.89,51.48,0.88,35.45,0.91,7.0,0.92,10.0,0.02,0.02,2337.06738,1776326951000
1776326953.4,253.4,0.09,5.0,0.08,8.92,0.11,46.48,0.12,35.45,0.9,10.0,0.89,41.48,0.92,8.92,0.93,53.13,0.02,0.02,2337.06738,1776326951000
1776326954.293,254.293,0.08,8.92,0.07,21.13,0.1,25.56,0.11,47.48,0.9,10.0,0.89,41.48,0.91,2.8,0.92,8.92,0.02,0.01,2337.123265,1776326952000
1776326955.335,255.335,0.07,9.05,0.06,65.0,0.09,10.0,0.1,28.0,0.9,25.56,0.89,47.48,0.92,8.92,0.93,21.13,0.02,0.02,2337.03795,1776326953000
1776326955.977,255.977,0.07,10.0,0.06,65.0,0.08,5.43,0.09,10.0,0.91,10.0,0.9,28.0,0.93,9.05,0.94,65.0,0.01,0.02,2337.045815,1776326954000
1776326956.684,256.684,0.07,8.92,0.06,65.0,0.08,5.43,0.09,10.0,0.92,5.43,0.91,10.0,0.93,10.0,0.94,65.0,0.01,0.01,2337.045815,1776326954000
1776326957.924,257.924,0.04,162.44,0.03,396.7,0.08,5.43,0.09,10.0,0.92,5.43,0.91,10.0,0.93,8.92,0.94,65.0,0.04,0.01,2336.944711,1776326956000
1776326958.346,258.346,0.05,273.25,0.04,73.0,0.06,5.0,0.07,10.0,0.92,5.43,0.91,10.0,0.96,162.44,0.97,396.7,0.01,0.04,2336.9427,1776326957000
1776326958.79,258.79,0.06,5.0,0.05,237.71,0.07,15.0,0.08,10.0,0.91,35.07,0.9,95.23,0.95,262.71,0.96,73.0,0.01,0.04,2336.9427,1776326957000
1776326959.803,259.803,0.05,237.39,0.04,15.0,0.07,20.0,0.08,10.0,0.93,15.0,0.92,10.0,0.94,5.0,0.95,237.71,0.02,0.01,2337.044335,1776326958000
1776326960.139,260.139,0.05,257.39,0.04,15.0,0.07,17.5,0.08,37.58,0.93,20.0,0.92,10.0,0.95,237.39,0.96,15.0,0.02,0.02,2337.044335,1776326958000
1776326960.656,260.656,0.05,237.39,0.04,15.0,0.07,0.35,0.08,47.58,0.93,17.5,0.92,37.58,0.95,257.39,0.96,15.0,0.02,0.02,2336.94285,1776326959000
1776326961.491,261.491,0.06,3.93,0.05,47.52,0.07,15.0,0.08,59.58,0.93,10.35,0.92,69.58,0.94,8.93,0.95,239.35,0.01,0.01,2336.923281,1776326960000
1776326962.287,262.287,0.05,45.47,0.04,10.0,0.06,5.31,0.07,10.0,0.93,10.0,0.92,59.58,0.95,45.47,0.96,15.0,0.01,0.02,2336.926049,1776326961000
1776326963.113,263.113,0.05,35.47,0.04,10.0,0.06,15.31,0.07,60.58,0.94,5.31,0.93,10.0,0.95,45.47,0.96,10.0,0.01,0.01,2336.926049,1776326961000
1776326963.482,263.482,0.06,16.69,0.05,40.47,0.07,60.58,0.08,10.0,0.94,15.31,0.93,60.58,0.95,35.47,0.96,10.0,0.01,0.01,2336.926049,1776326961000
1776326963.893,263.893,0.06,2.85,0.05,35.47,0.07,60.58,0.08,10.0,0.93,60.58,0.92,10.0,0.94,6.05,0.95,35.47,0.01,0.01,2336.97981,1776326962000
1776326964.71,264.71,0.05,18.56,0.04,10.0,0.06,29.14,0.07,60.58,0.94,29.14,0.93,65.58,0.95,27.01,0.96,10.0,0.01,0.01,2337.017815,1776326963000
1776326965.355,265.355,0.05,8.03,0.04,10.0,0.06,184.14,0.07,75.3,0.94,29.14,0.93,60.58,0.95,18.56,0.96,10.0,0.01,0.01,2337.017815,1776326963000
1776326965.564,265.564,0.04,5.0,0.03,111.0,0.05,44.54,0.06,117.14,0.95,33.0,0.94,151.14,0.96,5.0,0.97,111.0,0.01,0.01,2336.988855,1776326964000
1776326966.022,266.022,0.03,78.43,0.02,255.0,0.04,28.0,0.05,25.0,0.95,48.0,0.94,99.14,0.97,75.49,0.98,255.0,0.01,0.02,2336.988855,1776326964000
1776326966.226,266.226,0.03,23.9,0.02,255.0,0.04,34.0,0.05,25.0,0.96,5.0,0.95,49.0,0.97,25.75,0.98,255.0,0.01,0.01,2336.936906,1776326965000
1776326966.627,266.627,0.03,11.47,0.02,269.0,0.04,5.0,0.05,35.0,0.96,29.0,0.95,35.0,0.97,6.63,0.98,255.0,0.01,0.01,2336.936906,1776326965000
1776326966.935,266.935,0.03,1.16,0.02,289.0,0.04,5.0,0.05,35.0,0.96,5.0,0.95,35.0,0.97,11.47,0.98,269.0,0.01,0.01,2336.936906,1776326965000
1776326967.28,267.28,0.02,240.49,0.01,7470.45,0.04,15.0,0.05,71.0,0.96,5.0,0.95,35.0,0.97,1.05,0.98,289.0,0.02,0.01,2336.936906,1776326965000
1776326967.568,267.568,0.03,5.0,0.02,240.49,0.04,29.0,0.05,139.8,0.96,15.0,0.95,71.0,0.98,240.49,0.99,7470.45,0.01,0.02,2336.739129,1776326966000
1776326968.16,268.16,0.02,230.31,0.01,6874.85,0.03,14.0,0.04,189.7,0.96,56.0,0.95,149.8,0.98,235.31,0.99,6925.85,0.01,0.02,2336.739129,1776326966000
1776326968.495,268.495,0.02,214.93,0.01,1874.85,0.04,104.2,0.05,120.8,0.96,89.2,0.95,120.8,0.98,230.31,0.99,6874.85,0.02,0.02,2336.63799,1776326967000
1776326968.715,268.715,0.02,79.85,0.01,1874.85,0.03,136.7,0.04,49.2,0.97,131.7,0.96,49.2,0.98,98.53,0.99,1874.85,0.01,0.01,2336.63799,1776326967000
1776326968.98,268.98,0.02,7.97,0.01,1853.7,0.03,136.7,0.04,25.2,0.97,136.7,0.96,49.2,0.99,1853.7,,,0.01,0.02,2336.63799,1776326967000
1776326969.214,269.214,0.02,1.94,0.01,1853.7,0.03,186.1,0.04,30.2,0.97,152.2,0.96,25.2,0.98,6.94,0.99,1853.7,0.01,0.01,2336.63799,1776326967000
1776326969.447,269.447,0.01,1819.48,,,0.03,180.1,0.04,30.2,0.97,180.1,0.96,30.2,0.99,1848.7,,,0.02,0.02,2336.60771,1776326968000
1776326969.769,269.769,0.01,1728.46,,,0.03,157.1,0.04,49.2,0.97,157.1,0.96,49.2,0.99,1729.48,,,0.02,0.02,2336.60771,1776326968000
1776326970.319,270.319,0.01,1547.35,,,0.03,150.27,0.04,49.2,0.97,150.27,0.96,49.2,0.99,1552.35,,,0.02,0.02,2336.53552,1776326969000
1776326970.596,270.596,0.01,1554.24,,,0.03,100.27,0.04,49.2,0.97,150.27,0.96,49.2,0.99,1554.24,,,0.02,0.02,2336.53552,1776326969000
1776326971.377,271.377,0.01,1489.19,,,0.02,25.09,0.03,110.27,0.97,100.27,0.96,49.2,0.99,1554.24,,,0.01,0.02,2336.259004,1776326970000
1776326971.749,271.749,0.01,1368.68,,,0.02,25.09,0.03,110.27,0.98,25.09,0.97,110.27,0.99,1370.68,,,0.01,0.01,2336.259004,1776326970000
1776326971.976,271.976,0.01,1195.39,,,0.02,63.59,0.03,76.87,0.98,25.09,0.97,110.27,0.99,1367.66,,,0.01,0.01,2336.24335,1776326971000
1776326972.324,272.324,0.01,180.28,,,0.02,58.5,0.03,76.87,0.98,58.5,0.97,76.87,0.99,1190.39,,,0.01,0.01,2336.24335,1776326971000
1776326972.583,272.583,0.01,275.22,,,0.02,68.69,0.03,76.87,0.98,58.5,0.97,76.87,0.99,180.28,,,0.01,0.01,2336.24335,1776326971000
1776326972.952,272.952,0.01,321.22,,,0.02,68.69,0.03,10.0,0.98,68.69,0.97,76.87,0.99,271.22,,,0.01,0.01,2336.4232,1776326972000
1776326973.184,273.184,0.01,116.17,,,0.02,73.69,0.03,133.7,0.98,68.69,0.97,10.0,0.99,321.22,,,0.01,0.01,2336.4232,1776326972000
1776326974.317,274.317,0.01,111.17,,,0.02,14.81,0.03,133.7,0.98,73.69,0.97,133.7,0.99,111.17,,,0.01,0.01,2336.49554,1776326973000
1776326974.517,274.517,0.01,71.17,,,0.02,14.81,0.03,133.7,0.98,14.81,0.97,133.7,0.99,111.17,,,0.01,0.01,2336.49554,1776326973000
1776326974.941,274.941,0.01,5.56,,,0.02,14.81,0.03,133.7,0.98,14.81,0.97,133.7,0.99,66.17,,,0.01,0.01,2336.49554,1776326973000
1776326975.278,275.278,,,,,0.01,294.44,0.02,19.81,0.98,14.81,0.97,133.7,0.99,5.56,,,,0.01,2336.55285,1776326974000
1776326975.623,275.623,,,,,0.01,444.68,0.02,14.81,0.99,294.44,0.98,19.81,,,,,,,2336.55285,1776326974000
1776326976.375,276.375,,,,,0.01,469.26,0.02,14.81,0.99,441.65,0.98,14.81,,,,,,,2336.56593,1776326975000
1776326977.924,277.924,,,,,0.01,463.05,0.02,14.81,0.99,469.26,0.98,14.81,,,,,,,2336.51282,1776326976000
1776326978.852,278.852,,,,,0.01,466.86,0.02,19.81,0.99,463.05,0.98,14.81,,,,,,,2336.494496,1776326977000
1776326979.788,279.788,,,,,0.01,465.38,0.02,19.81,0.99,466.86,0.98,19.81,,,,,,,2336.59378,1776326978000
1776326986.551,286.551,,,,,0.01,611.38,0.02,15.19,0.99,465.38,0.98,19.81,,,,,,,2336.379277,1776326985000

# RESULT,winner=Down,slug=eth-updown-5m-1776326700,ticks=374
