timestamp,elapsed_sec,up_bid_p1,up_bid_s1,up_bid_p2,up_bid_s2,up_ask_p1,up_ask_s1,up_ask_p2,up_ask_s2,down_bid_p1,down_bid_s1,down_bid_p2,down_bid_s2,down_ask_p1,down_ask_s1,down_ask_p2,down_ask_s2,up_spread,down_spread,eth_price,eth_oracle_ts
1776262200.522,0.522,0.49,10.05,0.47,18.0,0.52,4.0,0.54,5.0,0.5,10.0,0.48,8.0,0.51,10.05,0.53,18.0,0.03,0.01,2325.942,1776262198000
1776262200.745,0.745,0.49,10.05,0.47,18.0,0.52,4.0,0.54,5.0,0.48,4.0,0.46,5.0,0.51,10.05,0.53,18.0,0.03,0.03,2325.705986,1776262199000
1776262203.208,3.208,0.5,41.0,0.49,41.0,0.52,4.0,0.53,50.0,0.48,4.0,0.46,5.0,0.51,10.05,0.53,18.0,0.02,0.03,2325.486042,1776262201000
1776262203.491,3.491,0.51,15.0,0.5,15.0,0.52,5.0,0.53,15.0,0.48,4.0,0.47,50.0,0.5,41.0,0.51,41.0,0.01,0.02,2325.486042,1776262201000
1776262203.714,3.714,0.5,5.0,0.49,55.0,0.52,10.07,0.53,15.0,0.49,4.7,0.48,10.0,0.5,5.0,0.51,55.0,0.02,0.01,2325.396184,1776262202000
1776262204.017,4.017,0.48,50.0,0.47,68.0,0.5,20.0,0.51,15.0,0.48,10.07,0.47,15.0,0.5,5.0,0.51,55.0,0.02,0.02,2325.396184,1776262202000
1776262204.26,4.26,0.49,10.0,0.48,60.0,0.51,5.0,0.52,15.0,0.5,20.0,0.49,15.0,0.52,50.0,0.53,68.0,0.02,0.02,2325.396184,1776262202000
1776262204.694,4.694,0.49,11.17,0.48,165.0,0.51,116.98,0.52,110.0,0.49,11.88,0.48,15.0,0.51,10.0,0.52,60.0,0.02,0.02,2325.4237,1776262203000
1776262205.302,5.302,0.49,88.51,0.48,50.0,0.5,115.0,0.51,141.98,0.49,116.98,0.48,110.0,0.51,11.17,0.52,165.0,0.01,0.02,2325.4237,1776262203000
1776262206.324,6.324,0.47,67.12,0.46,82.0,0.48,110.0,0.49,120.0,0.5,115.0,0.49,140.1,0.53,67.12,0.54,65.0,0.01,0.03,2325.576803,1776262205000
1776262206.611,6.611,0.47,67.12,0.46,82.0,0.48,105.0,0.49,120.0,0.52,110.0,0.51,120.0,0.53,67.12,0.54,82.0,0.01,0.01,2325.576803,1776262205000
1776262207.53,7.53,0.46,85.0,0.45,63.0,0.48,75.0,0.49,70.0,0.52,105.0,0.51,120.0,0.53,67.12,0.54,82.0,0.02,0.01,2325.576803,1776262205000
1776262207.877,7.877,0.48,15.0,0.47,15.0,0.5,49.8,0.51,103.1,0.52,45.0,0.51,65.0,0.54,70.0,0.55,63.0,0.02,0.02,2325.4852,1776262206000
1776262208.164,8.164,0.49,21.6,0.48,114.0,0.5,5.0,0.51,20.1,0.5,49.8,0.49,103.1,0.52,15.0,0.53,15.0,0.01,0.02,2325.4852,1776262206000
1776262208.456,8.456,0.5,73.0,0.49,97.6,0.51,15.1,0.52,105.0,0.49,125.1,0.48,105.0,0.51,41.6,0.52,119.0,0.01,0.02,2325.421596,1776262207000
1776262208.672,8.672,0.5,99.0,0.49,102.6,0.51,10.1,0.54,10.0,0.49,15.1,0.48,105.0,0.5,73.0,0.51,97.6,0.01,0.01,2325.421596,1776262207000
1776262209.081,9.081,0.53,15.0,0.52,15.0,0.56,5.0,0.57,125.0,0.46,10.0,0.45,105.0,0.5,99.0,0.51,102.6,0.03,0.04,2325.421596,1776262207000
1776262210.055,10.055,0.55,65.0,0.54,86.0,0.57,125.0,0.58,105.0,0.44,5.0,0.43,125.0,0.47,15.0,0.48,15.0,0.02,0.03,2325.34037,1776262208000
1776262210.343,10.343,0.56,31.0,0.55,116.0,0.58,15.0,0.59,110.0,0.43,125.0,0.42,105.0,0.45,65.0,0.46,86.0,0.02,0.02,2325.641316,1776262209000
1776262211.038,11.038,0.55,51.69,0.54,65.0,0.59,202.0,0.6,230.0,0.41,112.0,0.4,205.0,0.43,2.05,0.44,36.0,0.04,0.02,2325.641316,1776262209000
1776262211.38,11.38,0.58,7.61,0.57,10.0,0.59,228.0,0.6,251.0,0.41,202.0,0.4,230.0,0.45,51.69,0.46,65.0,0.01,0.04,2325.641316,1776262209000
1776262211.879,11.879,0.6,31.37,0.59,110.5,0.61,50.0,0.62,165.5,0.41,228.0,0.4,251.0,0.42,7.61,0.43,10.0,0.01,0.01,2325.641316,1776262209000
1776262212.184,12.184,0.59,7.37,0.58,110.11,0.61,32.7,0.62,165.5,0.39,32.7,0.38,165.5,0.4,36.37,0.41,110.5,0.02,0.01,2326.146265,1776262211000
1776262213.299,13.299,0.62,33.0,0.61,53.0,0.63,95.71,0.64,73.89,0.39,2.48,0.38,50.0,0.4,15.0,0.41,10.0,0.01,0.01,2326.137084,1776262212000
1776262213.671,13.671,0.62,46.06,0.61,79.0,0.63,86.32,0.64,94.39,0.37,93.32,0.36,83.89,0.38,2.0,0.39,74.0,0.01,0.01,2326.137084,1776262212000
1776262214.428,14.428,0.62,101.06,0.61,97.0,0.63,96.82,0.64,94.39,0.37,96.32,0.36,94.39,0.38,38.06,0.39,79.0,0.01,0.01,2326.606715,1776262213000
1776262214.787,14.787,0.61,97.0,0.6,136.5,0.63,91.32,0.64,99.39,0.37,96.82,0.36,94.39,0.38,101.06,0.39,97.0,0.02,0.01,2326.606715,1776262213000
1776262215.227,15.227,0.62,5.0,0.61,31.0,0.63,116.82,0.64,117.39,0.37,91.32,0.36,99.39,0.39,97.0,0.4,136.5,0.01,0.02,2326.83801,1776262214000
1776262215.655,15.655,0.61,4.07,0.6,38.5,0.63,116.82,0.64,102.39,0.37,116.82,0.36,117.39,0.38,5.0,0.39,31.0,0.02,0.01,2326.83801,1776262214000
1776262216.29,16.29,0.61,1.74,0.6,110.5,0.63,91.82,0.64,107.39,0.37,116.82,0.36,102.39,0.39,4.07,0.4,38.5,0.02,0.02,2326.97964,1776262215000
1776262216.801,16.801,0.61,10.0,0.6,132.5,0.62,50.0,0.63,86.82,0.37,91.82,0.36,107.39,0.39,1.74,0.4,110.5,0.01,0.02,2326.97964,1776262215000
1776262217.232,17.232,0.6,107.5,0.59,150.5,0.62,51.76,0.63,86.82,0.38,46.76,0.37,86.82,0.39,20.0,0.4,132.5,0.02,0.01,2326.87851,1776262216000
1776262218.341,18.341,0.6,97.0,0.59,142.5,0.61,50.0,0.62,51.76,0.38,51.76,0.37,86.82,0.4,107.5,0.41,150.5,0.01,0.02,2326.835715,1776262217000
1776262218.591,18.591,0.6,84.0,0.59,142.5,0.62,56.76,0.63,189.82,0.39,50.0,0.38,51.76,0.4,97.0,0.41,142.5,0.02,0.01,2326.835715,1776262217000
1776262218.921,18.921,0.6,84.0,0.59,135.5,0.62,97.26,0.63,189.82,0.38,56.76,0.37,189.82,0.4,84.0,0.41,142.5,0.02,0.02,2326.835715,1776262217000
1776262219.497,19.497,0.6,24.0,0.59,147.5,0.62,87.26,0.63,181.82,0.38,97.26,0.37,189.82,0.4,84.0,0.41,135.5,0.02,0.02,2326.832464,1776262218000
1776262219.737,19.737,0.61,10.0,0.6,24.0,0.62,77.26,0.63,181.82,0.38,92.26,0.37,181.82,0.39,5.0,0.4,24.0,0.01,0.01,2326.832464,1776262218000
1776262220.274,20.274,0.61,85.0,0.6,128.5,0.62,6.75,0.63,71.72,0.38,77.26,0.37,181.82,0.39,10.0,0.4,24.0,0.01,0.01,2326.793672,1776262219000
1776262220.795,20.795,0.61,196.11,0.6,118.5,0.62,1.75,0.63,70.0,0.38,6.75,0.37,71.72,0.39,64.61,0.4,128.5,0.01,0.01,2326.793672,1776262219000
1776262221.186,21.186,0.62,124.5,0.61,237.11,0.64,34.05,0.65,80.0,0.37,70.0,0.36,34.05,0.39,229.11,0.4,138.5,0.02,0.02,2326.793672,1776262219000
1776262221.455,21.455,0.63,139.0,0.62,190.5,0.64,30.92,0.65,85.0,0.36,34.05,0.35,80.0,0.38,124.5,0.39,237.11,0.01,0.02,2326.754653,1776262220000
1776262221.659,21.659,0.63,65.0,0.62,80.68,0.64,18.82,0.65,95.5,0.36,30.92,0.35,85.0,0.38,62.68,0.39,214.11,0.01,0.02,2326.754653,1776262220000
1776262222.814,22.814,0.63,80.5,0.62,85.68,0.64,13.74,0.65,25.0,0.36,18.82,0.35,95.5,0.37,65.0,0.38,80.68,0.01,0.01,2326.798651,1776262221000
1776262223.015,23.015,0.68,31.0,0.67,25.0,0.7,85.0,0.71,123.0,0.3,85.0,0.29,123.0,0.32,31.0,0.33,25.0,0.02,0.02,2326.798651,1776262221000
1776262223.257,23.257,0.69,15.0,0.68,56.0,0.7,83.92,0.71,128.0,0.3,75.0,0.29,123.0,0.32,31.0,0.33,46.0,0.01,0.02,2326.798651,1776262221000
1776262223.92,23.92,0.69,64.61,0.68,111.0,0.7,110.5,0.71,130.5,0.3,83.92,0.29,128.0,0.31,15.0,0.32,56.0,0.01,0.01,2327.040817,1776262222000
1776262225.527,25.527,0.73,20.0,0.72,75.0,0.74,27.41,0.75,90.5,0.3,110.5,0.29,130.5,0.31,52.42,0.32,111.0,0.01,0.01,2327.554865,1776262224000
1776262226.083,26.083,0.73,10.0,0.72,65.0,0.74,84.78,0.75,85.5,0.26,67.41,0.25,95.5,0.27,20.0,0.28,80.0,0.01,0.01,2327.599625,1776262225000
1776262226.717,26.717,0.73,60.0,0.72,70.0,0.74,61.0,0.75,80.5,0.26,55.95,0.25,80.5,0.27,10.0,0.28,65.0,0.01,0.01,2327.599625,1776262225000
1776262226.925,26.925,0.73,55.0,0.72,70.0,0.74,75.43,0.75,91.5,0.26,76.5,0.25,80.5,0.27,5.0,0.28,70.0,0.01,0.01,2327.599625,1776262225000
1776262227.16,27.16,0.73,5.0,0.72,70.0,0.74,89.92,0.75,130.5,0.26,95.07,0.25,130.5,0.27,60.0,0.28,70.0,0.01,0.01,2327.66601,1776262226000
1776262228.106,28.106,0.74,81.0,0.73,159.5,0.75,45.0,0.76,30.5,0.26,83.92,0.25,130.5,0.27,5.0,0.28,70.0,0.01,0.01,2327.66601,1776262226000
1776262228.682,28.682,0.74,86.0,0.73,75.0,0.75,94.18,0.76,75.5,0.25,39.8,0.24,35.5,0.26,126.0,0.27,159.5,0.01,0.01,2328.026715,1776262227000
1776262229.081,29.081,0.74,122.15,0.73,90.5,0.75,33.68,0.76,75.5,0.25,94.18,0.24,75.5,0.26,86.0,0.27,75.0,0.01,0.01,2328.026715,1776262227000
1776262229.672,29.672,0.74,267.15,0.73,102.5,0.79,56.0,0.8,84.0,0.25,33.68,0.24,75.5,0.26,117.15,0.27,94.5,0.05,0.01,2328.08337,1776262228000
1776262230.274,30.274,0.78,62.0,0.77,47.0,0.79,26.11,0.8,15.0,0.21,42.27,0.2,84.0,0.26,267.15,0.27,102.5,0.01,0.05,2328.193916,1776262229000
1776262232.041,32.041,0.79,171.0,0.78,123.5,0.8,31.25,0.81,10.0,0.2,20.0,0.19,16.0,0.22,68.0,0.23,42.0,0.01,0.02,2328.311528,1776262230000
1776262232.481,32.481,0.79,171.5,0.78,204.5,0.8,9.25,0.81,5.0,0.2,21.25,0.19,5.0,0.21,171.0,0.22,126.5,0.01,0.01,2328.887418,1776262231000
1776262233.531,33.531,0.79,178.0,0.78,123.5,0.81,15.5,0.82,25.5,0.2,2.5,0.19,5.0,0.21,188.5,0.22,204.5,0.02,0.01,2329.001865,1776262232000
1776262233.914,33.914,0.8,501.99,0.79,119.78,0.81,34.26,0.82,99.5,0.19,15.5,0.18,25.5,0.21,178.0,0.22,123.5,0.01,0.02,2329.001865,1776262232000
1776262234.529,34.529,0.8,944.44,0.79,125.28,0.81,5.0,0.82,94.5,0.19,34.26,0.18,99.5,0.2,501.99,0.21,119.78,0.01,0.01,2329.137893,1776262233000
1776262234.819,34.819,0.81,225.5,0.8,81.5,0.82,2.4,0.83,22.0,0.18,10.0,0.17,101.5,0.2,892.94,0.21,127.28,0.01,0.02,2329.137893,1776262233000
1776262235.897,35.897,0.81,187.0,0.8,93.5,0.82,58.87,0.83,97.5,0.18,2.4,0.17,22.0,0.19,225.5,0.2,81.5,0.01,0.01,2329.169447,1776262234000
1776262236.155,36.155,0.81,132.0,0.8,83.0,0.82,5.54,0.83,87.5,0.18,37.13,0.17,97.5,0.19,735.61,0.2,93.5,0.01,0.01,2329.169447,1776262234000
1776262236.469,36.469,0.81,5.13,0.8,74.74,0.82,188.14,0.83,197.5,0.18,97.64,0.17,187.5,0.19,53.0,0.2,83.0,0.01,0.01,2329.098798,1776262235000
1776262237.177,37.177,0.79,50.97,0.78,30.0,0.81,202.0,0.82,266.14,0.18,167.06,0.17,207.5,0.19,508.14,0.2,74.74,0.02,0.01,2329.158553,1776262236000
1776262237.653,37.653,0.77,20.0,0.76,10.0,0.79,142.5,0.8,259.22,0.2,136.1,0.19,417.12,0.21,4.45,0.22,20.0,0.02,0.01,2329.158553,1776262236000
1776262238.172,38.172,0.76,30.9,0.75,95.5,0.78,211.5,0.79,202.5,0.21,207.5,0.2,251.22,0.23,14.34,0.24,10.0,0.02,0.02,2329.38841,1776262237000
1776262238.76,38.76,0.76,70.9,0.75,100.5,0.77,247.37,0.78,266.5,0.22,211.5,0.21,202.5,0.24,30.9,0.25,95.5,0.01,0.02,2329.38841,1776262237000
1776262239.115,39.115,0.76,85.9,0.75,106.5,0.77,120.5,0.78,177.0,0.23,247.37,0.22,266.5,0.24,70.9,0.25,100.5,0.01,0.01,2329.38841,1776262237000
1776262239.541,39.541,0.76,163.75,0.75,121.5,0.77,100.0,0.78,105.0,0.23,120.5,0.22,177.0,0.24,85.9,0.25,106.5,0.01,0.01,2328.529175,1776262238000
1776262239.748,39.748,0.76,173.75,0.75,140.5,0.78,100.0,0.79,113.0,0.23,100.0,0.22,105.0,0.24,163.75,0.25,121.5,0.02,0.01,2328.529175,1776262238000
1776262240.016,40.016,0.77,28.0,0.76,167.75,0.79,5.4,0.8,98.97,0.22,100.0,0.21,113.0,0.24,173.75,0.25,140.5,0.02,0.02,2328.529175,1776262238000
1776262240.455,40.455,0.78,142.09,0.77,123.5,0.79,10.0,0.8,103.97,0.21,5.4,0.2,98.97,0.23,28.0,0.24,167.75,0.01,0.02,2328.529175,1776262238000
1776262241.277,41.277,0.79,280.26,0.78,130.5,0.8,10.12,0.82,5.0,0.21,10.0,0.2,103.97,0.22,142.09,0.23,123.5,0.01,0.01,2328.49652,1776262240000
1776262242.172,42.172,0.82,130.5,0.81,140.45,0.83,38.09,0.84,85.0,0.17,48.09,0.16,115.0,0.21,318.26,0.22,127.5,0.01,0.04,2328.49652,1776262240000
1776262242.379,42.379,0.82,444.56,0.81,145.45,0.83,31.0,0.84,110.0,0.17,38.09,0.16,85.0,0.18,130.5,0.19,140.45,0.01,0.01,2328.820458,1776262241000
1776262242.656,42.656,0.82,127.5,0.81,88.5,0.83,25.0,0.84,110.0,0.17,31.0,0.16,110.0,0.18,444.56,0.19,145.45,0.01,0.01,2328.820458,1776262241000
1776262243.064,43.064,0.82,149.5,0.81,282.5,0.83,23.79,0.84,85.0,0.17,25.0,0.16,110.0,0.18,127.5,0.19,88.5,0.01,0.01,2328.820458,1776262241000
1776262243.589,43.589,0.82,147.5,0.81,257.5,0.83,13.79,0.84,106.0,0.17,23.79,0.16,85.0,0.18,149.5,0.19,282.5,0.01,0.01,2329.02937,1776262242000
1776262244.539,44.539,0.82,139.94,0.81,277.5,0.83,18.79,0.84,40.0,0.17,13.79,0.16,106.0,0.18,147.5,0.19,257.5,0.01,0.01,2329.450128,1776262243000
1776262244.893,44.893,0.82,107.1,0.81,277.5,0.83,0.06,0.84,30.0,0.17,7.06,0.16,40.0,0.18,46.6,0.19,277.5,0.01,0.01,2329.450128,1776262243000
1776262245.489,45.489,0.82,745.74,0.81,306.5,0.84,18.05,0.85,55.55,0.17,0.06,0.16,30.0,0.18,107.1,0.19,277.5,0.02,0.01,2329.556492,1776262244000
1776262246.066,46.066,0.83,136.0,0.82,218.05,0.84,10.96,0.85,66.05,0.16,18.05,0.15,55.55,0.18,745.74,0.19,306.5,0.01,0.02,2329.525,1776262245000
1776262247.117,47.117,0.83,42.17,0.82,105.95,0.84,16.0,0.85,146.05,0.16,5.0,0.15,167.05,0.17,131.0,0.18,108.05,0.01,0.01,2329.521144,1776262246000
1776262247.833,47.833,0.82,26.95,0.81,35.0,0.83,59.26,0.84,158.5,0.16,32.0,0.15,167.05,0.17,7.75,0.18,100.95,0.01,0.01,2329.521144,1776262246000
1776262248.103,48.103,0.81,5.0,0.8,23.0,0.83,129.32,0.84,157.5,0.17,72.32,0.16,152.5,0.18,26.95,0.19,5.0,0.02,0.01,2329.590952,1776262247000
1776262248.773,48.773,0.8,19.0,0.79,88.0,0.81,184.5,0.82,190.5,0.17,129.32,0.16,157.5,0.2,14.55,0.21,95.5,0.01,0.03,2329.590952,1776262247000
1776262251.209,51.209,0.81,519.71,0.8,202.98,0.82,46.34,0.83,100.5,0.19,184.5,0.18,190.5,0.2,19.0,0.21,88.0,0.01,0.01,2329.089697,1776262250000
1776262253.576,53.576,0.81,640.42,0.8,243.24,0.82,61.11,0.83,60.0,0.18,39.6,0.17,100.5,0.19,145.0,0.2,153.24,0.01,0.01,2329.358209,1776262252000
1776262254.448,54.448,0.81,382.53,0.8,376.48,0.82,70.9,0.83,89.5,0.18,83.11,0.17,89.5,0.19,834.56,0.2,292.98,0.01,0.01,2329.358209,1776262252000
1776262256.339,56.339,0.81,228.15,0.8,341.74,0.82,90.0,0.83,70.5,0.18,64.16,0.17,75.5,0.19,32.0,0.2,320.74,0.01,0.01,2329.425512,1776262255000
1776262257.142,57.142,0.8,206.98,0.79,255.5,0.81,31.02,0.82,140.5,0.18,90.0,0.17,70.5,0.19,228.15,0.2,341.74,0.01,0.01,2329.425512,1776262255000
1776262257.528,57.528,0.8,418.09,0.79,241.0,0.81,99.52,0.82,153.5,0.19,94.52,0.18,140.5,0.2,879.31,0.21,241.0,0.01,0.01,2329.380913,1776262256000
1776262257.886,57.886,0.8,504.82,0.79,251.0,0.81,99.65,0.82,140.5,0.19,99.52,0.18,153.5,0.2,418.09,0.21,241.0,0.01,0.01,2329.380913,1776262256000
1776262258.75,58.75,0.8,586.59,0.79,255.5,0.81,71.5,0.82,92.5,0.19,99.65,0.18,140.5,0.2,504.82,0.21,251.0,0.01,0.01,2329.369291,1776262257000
1776262259.763,59.763,0.8,603.64,0.79,245.0,0.81,32.56,0.82,92.5,0.19,20.84,0.18,92.5,0.2,227.49,0.21,255.5,0.01,0.01,2329.126899,1776262258000
1776262260.573,60.573,0.8,41.5,0.79,60.0,0.81,155.37,0.82,148.5,0.19,32.56,0.18,92.5,0.2,603.64,0.21,245.0,0.01,0.01,2329.017,1776262259000
1776262260.773,60.773,0.8,22.63,0.79,60.0,0.81,166.37,0.82,156.5,0.19,166.37,0.18,156.5,0.2,28.63,0.21,60.0,0.01,0.01,2329.017,1776262259000
1776262260.996,60.996,0.8,268.7,0.79,60.0,0.81,164.13,0.82,156.5,0.19,160.37,0.18,156.5,0.2,268.7,0.21,60.0,0.01,0.01,2329.017,1776262259000
1776262261.735,61.735,0.8,144.77,0.79,348.48,0.81,10.0,0.82,98.5,0.19,121.26,0.18,130.5,0.2,17.93,0.21,75.0,0.01,0.01,2329.066614,1776262260000
1776262262.252,62.252,0.81,5.0,0.8,152.77,0.82,98.5,0.83,110.5,0.19,4.87,0.18,98.5,0.2,149.77,0.21,358.98,0.01,0.01,2328.992241,1776262261000
1776262263.779,63.779,0.81,336.23,0.8,114.51,0.82,171.5,0.83,136.5,0.18,98.5,0.17,110.5,0.19,5.0,0.2,152.77,0.01,0.01,2328.896186,1776262262000
1776262264.486,64.486,0.81,5.0,0.8,4.77,0.82,183.64,0.83,120.5,0.18,171.5,0.17,136.5,0.19,336.23,0.2,114.51,0.01,0.01,2329.138364,1776262263000
1776262264.839,64.839,0.79,35.0,0.77,205.99,0.81,115.5,0.82,146.64,0.18,183.64,0.17,120.5,0.2,54.51,0.21,60.0,0.02,0.02,2329.138364,1776262263000
1776262265.182,65.182,0.77,31.99,0.76,186.0,0.78,81.35,0.79,39.5,0.2,87.81,0.19,99.5,0.21,35.0,0.23,150.99,0.01,0.01,2329.138364,1776262263000
1776262265.401,65.401,0.77,42.99,0.76,80.0,0.78,146.35,0.79,125.5,0.22,146.35,0.21,125.5,0.23,52.99,0.24,80.0,0.01,0.01,2329.138364,1776262263000
1776262265.637,65.637,0.77,71.99,0.76,125.0,0.78,98.06,0.79,115.5,0.22,144.35,0.21,125.5,0.23,42.99,0.24,80.0,0.01,0.01,2329.064055,1776262264000
1776262266.202,66.202,0.77,71.99,0.76,130.0,0.78,80.93,0.79,131.5,0.22,78.06,0.21,115.5,0.23,71.99,0.24,130.0,0.01,0.01,2329.014595,1776262265000
1776262266.555,66.555,0.77,21.99,0.76,125.0,0.78,169.06,0.79,148.5,0.22,80.93,0.21,131.5,0.23,71.99,0.24,130.0,0.01,0.01,2329.014595,1776262265000
1776262267.322,67.322,0.75,60.0,0.74,91.0,0.77,5.01,0.78,312.93,0.22,191.31,0.21,148.5,0.23,1.99,0.24,50.0,0.02,0.01,2328.640196,1776262266000
1776262267.683,67.683,0.75,60.0,0.74,35.0,0.76,138.68,0.77,65.38,0.23,5.01,0.22,312.93,0.25,60.0,0.26,91.0,0.01,0.02,2328.640196,1776262266000
1776262268.503,68.503,0.73,25.0,0.72,80.0,0.74,38.74,0.75,83.5,0.24,283.01,0.23,85.0,0.25,60.0,0.26,35.0,0.01,0.01,2328.640196,1776262266000
1776262268.853,68.853,0.72,30.0,0.71,35.0,0.73,54.63,0.74,68.74,0.26,38.74,0.25,83.5,0.27,25.0,0.28,80.0,0.01,0.01,2328.301409,1776262267000
1776262270.195,70.195,0.73,136.0,0.72,145.5,0.74,44.5,0.75,121.5,0.27,54.63,0.26,68.74,0.28,30.0,0.29,35.0,0.01,0.01,2328.153921,1776262268000
1776262271.086,71.086,0.73,161.5,0.72,150.5,0.75,65.83,0.76,72.5,0.26,44.5,0.25,121.5,0.27,136.0,0.28,145.5,0.02,0.01,2327.687159,1776262270000
1776262271.576,71.576,0.74,135.0,0.73,148.97,0.75,8.5,0.76,72.5,0.25,65.83,0.24,72.5,0.27,161.5,0.28,150.5,0.01,0.02,2327.687159,1776262270000
1776262272.47,72.47,0.73,120.0,0.72,201.5,0.75,12.12,0.76,95.5,0.25,20.28,0.24,72.5,0.26,85.0,0.27,158.97,0.02,0.01,2327.931109,1776262271000
1776262272.878,72.878,0.74,216.5,0.73,180.5,0.75,4.88,0.76,30.0,0.25,12.12,0.24,95.5,0.27,120.0,0.28,201.5,0.01,0.02,2327.931109,1776262271000
1776262274.432,74.432,0.72,30.0,0.71,40.0,0.77,186.91,0.78,60.5,0.25,4.88,0.24,30.0,0.26,216.5,0.27,180.5,0.05,0.01,2327.922719,1776262273000
1776262275.945,75.945,0.7,110.0,0.69,160.0,0.72,84.5,0.73,221.49,0.23,186.91,0.22,60.5,0.28,30.0,0.29,40.0,0.02,0.05,2328.17472,1776262274000
1776262276.202,76.202,0.7,130.0,0.69,160.0,0.71,3.52,0.72,59.5,0.28,84.5,0.27,221.49,0.3,110.0,0.31,160.0,0.01,0.02,2328.131402,1776262275000
1776262276.9,76.9,0.72,15.5,0.71,51.5,0.73,37.26,0.74,162.12,0.29,3.52,0.28,59.5,0.3,130.0,0.31,160.0,0.01,0.01,2328.131402,1776262275000
1776262277.743,77.743,0.72,152.5,0.71,86.5,0.73,13.15,0.74,50.0,0.27,28.77,0.26,162.12,0.28,15.5,0.29,51.5,0.01,0.01,2327.512815,1776262276000
1776262279.008,79.008,0.73,146.5,0.72,128.5,0.74,101.64,0.75,103.0,0.27,7.15,0.26,40.0,0.28,163.5,0.29,80.5,0.01,0.01,2327.44664,1776262277000
1776262279.522,79.522,0.73,230.5,0.72,254.5,0.74,73.75,0.75,73.0,0.26,101.64,0.25,103.0,0.27,146.5,0.28,128.5,0.01,0.01,2327.769603,1776262278000
1776262279.825,79.825,0.74,179.5,0.73,213.5,0.75,42.0,0.76,73.0,0.25,59.0,0.24,83.0,0.26,36.5,0.27,113.5,0.01,0.01,2327.769603,1776262278000
1776262280.282,80.282,0.74,333.5,0.73,223.5,0.76,112.36,0.77,52.0,0.25,8.0,0.24,94.0,0.26,132.5,0.27,198.5,0.02,0.01,2327.83765,1776262279000
1776262280.573,80.573,0.75,223.64,0.74,343.5,0.76,0.28,0.77,94.0,0.24,31.28,0.23,52.0,0.25,25.5,0.26,313.5,0.01,0.01,2327.83765,1776262279000
1776262280.906,80.906,0.76,160.5,0.75,228.64,0.77,11.27,0.78,75.0,0.23,11.27,0.22,75.0,0.25,238.64,0.26,343.5,0.01,0.02,2327.83765,1776262279000
1776262281.844,81.844,0.77,209.5,0.76,128.5,0.78,23.65,0.79,40.0,0.22,75.0,0.21,40.0,0.24,199.5,0.25,193.64,0.01,0.02,2327.90164,1776262280000
1776262282.492,82.492,0.78,173.5,0.77,174.5,0.79,9.0,0.8,38.0,0.22,13.65,0.21,40.0,0.23,179.5,0.24,128.5,0.01,0.01,2328.418485,1776262281000
1776262283.847,83.847,0.79,176.5,0.78,110.77,0.82,48.0,0.83,115.5,0.21,5.0,0.2,13.0,0.22,150.77,0.23,174.5,0.03,0.01,2328.626516,1776262282000
1776262284.051,84.051,0.8,200.5,0.79,123.5,0.82,9.71,0.83,160.5,0.18,35.71,0.17,115.5,0.21,166.5,0.22,110.77,0.02,0.03,2328.626516,1776262282000
1776262284.307,84.307,0.82,132.0,0.81,9.15,0.83,61.72,0.84,80.5,0.17,46.21,0.16,70.0,0.19,9.15,0.2,152.5,0.01,0.02,2328.626516,1776262282000
1776262285.259,85.259,0.82,156.0,0.81,74.65,0.83,70.0,0.84,75.5,0.17,61.72,0.16,80.5,0.18,132.0,0.19,9.15,0.01,0.01,2328.79607,1776262284000
1776262285.572,85.572,0.84,127.0,0.83,71.0,0.85,8.32,0.86,110.5,0.17,49.0,0.16,75.5,0.18,156.0,0.19,74.65,0.01,0.01,2328.79607,1776262284000
1776262286.118,86.118,0.84,171.37,0.83,123.5,0.85,19.32,0.86,100.0,0.15,13.32,0.14,100.0,0.16,144.12,0.17,71.0,0.01,0.01,2328.79607,1776262284000
1776262286.998,86.998,0.85,12.68,0.84,204.37,0.86,60.0,0.87,65.0,0.15,19.32,0.14,100.0,0.16,171.37,0.17,123.5,0.01,0.01,2328.824545,1776262286000
1776262287.601,87.601,0.85,198.5,0.84,128.37,0.86,42.26,0.87,70.0,0.14,60.0,0.13,65.0,0.15,12.68,0.16,204.37,0.01,0.01,2328.824545,1776262286000
1776262290.797,90.797,0.86,367.16,0.85,220.73,0.87,57.0,0.88,85.0,0.14,42.26,0.13,70.0,0.15,198.5,0.16,128.37,0.01,0.01,2329.4461,1776262289000
1776262291.115,91.115,0.87,125.0,0.86,125.5,0.88,77.36,0.89,65.0,0.12,84.36,0.11,55.0,0.14,160.5,0.15,156.5,0.01,0.02,2329.4461,1776262289000
1776262292.721,92.721,0.88,111.0,0.87,239.3,0.89,13.0,0.9,22.5,0.12,77.36,0.11,65.0,0.13,125.0,0.14,125.5,0.01,0.01,2329.56678,1776262291000
1776262292.994,92.994,0.88,111.0,0.87,539.3,0.89,6.34,0.9,22.5,0.11,8.34,0.1,22.5,0.12,406.14,0.13,312.99,0.01,0.01,2329.68008,1776262292000
1776262294.26,94.26,0.88,161.17,0.87,539.3,0.89,3.86,0.9,27.5,0.11,6.34,0.1,22.5,0.12,111.0,0.13,539.3,0.01,0.01,2329.68008,1776262292000
1776262295.26,95.26,0.88,400.62,0.87,490.99,0.89,10.0,0.9,43.0,0.11,3.86,0.1,27.5,0.12,161.17,0.13,539.3,0.01,0.01,2330.0219,1776262293000
1776262296.042,96.042,0.88,3.0,0.87,50.0,0.89,80.03,0.9,45.0,0.11,10.53,0.1,43.0,0.12,381.81,0.13,564.68,0.01,0.01,2330.0473,1776262294000
1776262297.132,97.132,0.86,87.81,0.85,107.57,0.88,48.0,0.89,38.03,0.11,80.03,0.1,45.0,0.13,50.0,0.14,98.5,0.02,0.02,2330.04165,1776262295000
1776262297.488,97.488,0.86,66.81,0.85,154.7,0.87,3.35,0.88,57.5,0.12,53.0,0.11,54.03,0.14,87.81,0.15,101.5,0.01,0.02,2330.04165,1776262295000
1776262300.282,100.282,0.88,157.65,0.87,223.5,0.89,30.53,0.9,137.0,0.12,28.35,0.11,60.03,0.14,66.81,0.15,154.7,0.01,0.02,2329.571182,1776262298000
1776262300.787,100.787,0.88,90.65,0.87,595.82,0.89,96.55,0.9,88.0,0.11,30.53,0.1,137.0,0.12,157.65,0.13,223.5,0.01,0.01,2329.598159,1776262299000
1776262302.426,102.426,0.88,100.48,0.87,136.38,0.89,25.0,0.9,88.0,0.11,101.55,0.1,95.0,0.12,65.65,0.13,511.82,0.01,0.01,2329.652442,1776262300000
1776262305.077,105.077,0.88,30.48,0.87,29.88,0.89,99.37,0.9,95.0,0.11,25.0,0.1,88.0,0.12,100.48,0.13,136.38,0.01,0.01,2329.621616,1776262303000
1776262305.34,105.34,0.87,29.88,0.85,15.0,0.89,101.37,0.9,206.62,0.11,99.37,0.1,95.0,0.12,13.56,0.13,29.88,0.02,0.01,2329.75445,1776262304000
1776262305.566,105.566,0.87,8.49,0.85,10.0,0.88,97.5,0.89,107.37,0.12,92.5,0.11,112.37,0.13,18.88,0.15,10.0,0.01,0.01,2329.75445,1776262304000
1776262306.678,106.678,0.85,10.0,0.84,105.5,0.86,133.0,0.87,87.5,0.12,204.12,0.11,107.37,0.15,10.0,0.16,85.0,0.01,0.03,2329.738122,1776262305000
1776262307.25,107.25,0.85,324.12,0.84,181.0,0.86,130.67,0.87,80.5,0.14,115.67,0.13,87.5,0.15,15.0,0.16,115.5,0.01,0.01,2329.47366,1776262306000
1776262307.504,107.504,0.85,324.34,0.84,130.5,0.86,106.83,0.87,80.5,0.14,121.83,0.13,80.5,0.15,325.06,0.16,181.0,0.01,0.01,2329.47366,1776262306000
1776262308.78,108.78,0.83,169.66,0.82,25.0,0.84,79.0,0.85,85.0,0.14,106.83,0.13,80.5,0.15,324.34,0.16,130.5,0.01,0.01,2329.236829,1776262307000
1776262310.091,110.091,0.83,127.4,0.82,66.5,0.84,69.0,0.85,95.5,0.16,79.0,0.15,85.0,0.17,169.66,0.18,25.0,0.01,0.01,2329.147685,1776262308000
1776262310.433,110.433,0.83,127.4,0.82,76.5,0.84,67.78,0.85,95.5,0.16,69.0,0.15,95.5,0.17,127.4,0.18,66.5,0.01,0.01,2329.142795,1776262309000
1776262310.709,110.709,0.83,177.4,0.82,126.5,0.84,58.82,0.85,85.0,0.16,67.78,0.15,95.5,0.17,127.4,0.18,76.5,0.01,0.01,2329.142795,1776262309000
1776262311.959,111.959,0.84,18.68,0.83,263.9,0.85,60.0,0.86,96.83,0.16,58.82,0.15,85.0,0.17,177.4,0.18,126.5,0.01,0.01,2328.896747,1776262310000
1776262312.417,112.417,0.85,52.5,0.84,257.5,0.86,18.83,0.87,77.28,0.15,60.0,0.14,96.83,0.16,18.68,0.17,263.9,0.01,0.01,2328.77759,1776262311000
1776262313.281,113.281,0.85,182.5,0.84,323.17,0.87,10.0,0.88,65.0,0.14,18.83,0.13,77.28,0.15,52.5,0.16,257.5,0.02,0.01,2328.803013,1776262312000
1776262314.03,114.03,0.86,213.5,0.85,158.5,0.87,1.26,0.88,65.0,0.13,10.0,0.12,65.0,0.15,182.5,0.16,323.17,0.01,0.02,2328.803013,1776262312000
1776262314.253,114.253,0.86,198.5,0.85,181.7,0.88,70.0,0.89,79.37,0.13,1.26,0.12,65.0,0.14,213.5,0.15,158.5,0.02,0.01,2328.803013,1776262312000
1776262317.367,117.367,0.86,161.56,0.85,95.5,0.87,51.26,0.88,70.0,0.12,70.0,0.11,79.37,0.14,198.5,0.15,181.7,0.01,0.02,2329.413831,1776262315000
1776262317.83,117.83,0.86,26.0,0.85,187.84,0.87,58.85,0.88,75.0,0.13,51.26,0.12,70.0,0.14,161.56,0.15,95.5,0.01,0.01,2329.413831,1776262315000
1776262318.821,118.821,0.85,100.5,0.84,148.78,0.86,30.93,0.87,63.85,0.13,58.85,0.12,75.0,0.14,26.0,0.15,187.84,0.01,0.01,2329.18735,1776262317000
1776262320.278,120.278,0.85,135.91,0.84,55.0,0.86,30.5,0.87,55.5,0.12,65.21,0.11,86.37,0.15,45.5,0.16,148.78,0.01,0.03,2329.1922,1776262318000
1776262320.663,120.663,0.85,130.91,0.84,55.0,0.86,31.66,0.87,100.5,0.14,30.5,0.13,55.5,0.15,135.91,0.16,55.0,0.01,0.01,2329.1922,1776262318000
1776262322.094,122.094,0.86,242.54,0.85,117.5,0.87,10.0,0.88,25.0,0.14,31.66,0.13,100.5,0.15,130.91,0.16,55.0,0.01,0.01,2328.995445,1776262320000
1776262323.963,123.963,0.87,96.0,0.86,108.5,0.88,21.36,0.89,18.87,0.13,10.0,0.12,25.0,0.14,242.54,0.15,117.5,0.01,0.01,2329.0269,1776262322000
1776262325.049,125.049,0.87,127.0,0.86,148.4,0.88,33.02,0.89,13.87,0.12,21.36,0.11,18.87,0.13,96.0,0.14,108.5,0.01,0.01,2329.10888,1776262323000
1776262326.218,126.218,0.85,40.0,0.84,55.0,0.88,62.86,0.89,85.37,0.12,33.02,0.11,13.87,0.13,127.0,0.14,148.4,0.03,0.01,2329.241755,1776262324000
1776262327.266,127.266,0.85,52.62,0.84,70.0,0.86,26.16,0.87,47.5,0.14,30.5,0.13,30.5,0.15,32.62,0.16,55.0,0.01,0.01,2329.23317,1776262325000
1776262328.735,128.735,0.85,64.19,0.84,90.5,0.86,30.44,0.87,31.0,0.14,26.16,0.13,47.5,0.15,52.62,0.16,70.0,0.01,0.01,2328.945473,1776262327000
1776262330.569,130.569,0.85,104.69,0.84,122.3,0.86,5.44,0.87,31.0,0.14,30.44,0.13,31.0,0.15,64.19,0.16,90.5,0.01,0.01,2328.877174,1776262329000
1776262331.752,131.752,0.85,362.89,0.84,239.3,0.88,10.0,0.89,60.0,0.14,5.44,0.13,31.0,0.15,104.69,0.16,122.3,0.03,0.01,2328.877174,1776262329000
1776262332.318,132.318,0.85,450.35,0.84,233.3,0.89,60.0,0.9,24.78,0.12,10.0,0.11,60.0,0.15,362.89,0.16,239.3,0.04,0.03,2328.901799,1776262330000
1776262333.867,133.867,0.89,77.0,0.88,157.6,0.9,9.05,0.91,110.0,0.11,60.0,0.1,24.78,0.15,450.35,0.16,233.3,0.01,0.04,2329.01454,1776262332000
1776262334.459,134.459,0.89,233.79,0.88,176.6,0.91,119.89,0.92,10.0,0.1,9.05,0.09,110.0,0.11,77.0,0.12,157.6,0.02,0.01,2329.01454,1776262332000
1776262335.679,135.679,0.9,199.5,0.89,300.29,0.91,105.89,0.92,15.0,0.09,119.89,0.08,10.0,0.11,233.79,0.12,176.6,0.01,0.02,2329.579415,1776262333000
1776262337.14,137.14,0.9,119.0,0.89,238.29,0.91,110.89,0.92,20.0,0.09,105.89,0.08,15.0,0.1,199.5,0.11,300.29,0.01,0.01,2329.613145,1776262334000
1776262340.441,140.441,0.91,336.5,0.9,301.5,0.92,1.73,0.93,10.0,0.09,110.89,0.08,20.0,0.1,119.0,0.11,238.29,0.01,0.01,2329.656015,1776262338000
1776262342.306,142.306,0.92,295.5,0.91,449.5,0.93,8.38,0.94,16.0,0.08,1.73,0.07,10.0,0.09,336.5,0.1,301.5,0.01,0.01,2329.912165,1776262341000
1776262342.579,142.579,0.93,319.5,0.92,449.4,0.94,6.0,0.95,30.0,0.07,8.38,0.06,16.0,0.08,295.5,0.09,449.5,0.01,0.01,2329.912165,1776262341000
1776262342.788,142.788,0.93,339.5,0.92,493.4,0.95,12.0,0.96,54.0,0.05,26.0,0.04,54.0,0.07,339.5,0.08,469.4,0.02,0.02,2329.912165,1776262341000
1776262343.295,143.295,0.94,5.0,0.93,321.0,0.95,142.0,0.96,26.0,0.05,12.0,0.04,54.0,0.07,339.5,0.08,493.4,0.01,0.02,2329.912165,1776262341000
1776262343.834,143.834,0.94,34.0,0.93,174.0,0.95,158.0,0.96,132.62,0.05,142.0,0.04,26.0,0.06,5.0,0.07,321.0,0.01,0.01,2329.982165,1776262342000
1776262344.188,144.188,0.94,34.0,0.93,186.0,0.95,143.06,0.96,149.99,0.05,158.0,0.04,132.62,0.06,34.0,0.07,174.0,0.01,0.01,2329.982165,1776262342000
1776262346.633,146.633,0.93,127.11,0.92,202.0,0.95,203.06,0.96,259.99,0.05,143.06,0.04,149.99,0.06,34.0,0.07,186.0,0.02,0.01,2330.278867,1776262344000
1776262347.014,147.014,0.93,19.0,0.92,112.5,0.94,172.91,0.95,78.06,0.05,203.06,0.04,259.99,0.07,127.11,0.08,202.0,0.01,0.02,2330.244566,1776262345000
1776262347.499,147.499,0.91,192.5,0.9,193.6,0.93,13.92,0.94,177.91,0.06,172.91,0.05,78.06,0.07,19.0,0.08,112.5,0.02,0.01,2330.139925,1776262346000
1776262347.946,147.946,0.92,5.0,0.91,285.38,0.93,108.3,0.94,75.0,0.07,13.92,0.06,177.91,0.09,192.5,0.1,193.6,0.01,0.02,2330.139925,1776262346000
1776262350.398,150.398,0.92,177.97,0.91,176.5,0.93,55.74,0.94,75.0,0.07,106.68,0.06,75.0,0.08,5.0,0.09,299.38,0.01,0.01,2329.948968,1776262348000
1776262351.507,151.507,0.92,7.63,0.9,56.6,0.93,200.47,0.94,282.62,0.07,55.74,0.06,75.0,0.08,177.97,0.09,176.5,0.01,0.01,2329.960634,1776262350000
1776262352.371,152.371,0.91,26.23,0.9,116.6,0.93,62.34,0.94,176.0,0.07,197.34,0.06,176.0,0.08,7.63,0.1,66.6,0.02,0.01,2329.930711,1776262351000
1776262352.717,152.717,0.91,66.23,0.9,121.6,0.92,43.0,0.93,57.34,0.08,104.83,0.07,62.34,0.09,66.23,0.1,121.6,0.01,0.01,2329.930711,1776262351000
1776262352.924,152.924,0.91,113.23,0.9,130.6,0.92,37.67,0.93,7.34,0.08,43.0,0.07,57.34,0.09,66.23,0.1,121.6,0.01,0.01,2329.930711,1776262351000
1776262353.245,153.245,0.91,131.47,0.9,155.6,0.92,37.67,0.93,57.34,0.08,37.67,0.07,7.34,0.09,113.23,0.1,130.6,0.01,0.01,2329.930711,1776262351000
1776262353.703,153.703,0.91,161.47,0.9,174.6,0.92,29.4,0.93,62.34,0.08,37.67,0.07,57.34,0.09,131.47,0.1,155.6,0.01,0.01,2329.617783,1776262352000
1776262354.105,154.105,0.91,194.43,0.9,174.6,0.92,2.45,0.93,69.42,0.07,59.42,0.06,76.0,0.09,156.47,0.1,174.6,0.01,0.02,2329.617783,1776262352000
1776262355.041,155.041,0.93,232.59,0.92,216.5,0.94,110.0,0.95,67.06,0.08,2.45,0.07,69.42,0.09,194.43,0.1,174.6,0.01,0.01,2329.623005,1776262353000
1776262356.14,156.14,0.93,72.44,0.92,17.0,0.94,186.0,0.95,291.05,0.06,102.62,0.05,67.06,0.07,197.59,0.08,163.5,0.01,0.01,2329.654525,1776262354000
1776262356.585,156.585,0.91,22.96,0.9,61.6,0.92,10.0,0.93,140.0,0.06,186.0,0.05,291.05,0.07,72.44,0.08,17.0,0.01,0.01,2329.674105,1776262355000
1776262357.029,157.029,0.91,119.09,0.9,61.6,0.92,1.73,0.93,140.0,0.08,10.0,0.07,140.0,0.09,22.96,0.1,61.6,0.01,0.01,2329.932,1776262356000
1776262357.396,157.396,0.91,89.64,0.9,61.6,0.92,6.73,0.93,140.0,0.08,1.73,0.07,140.0,0.09,119.09,0.1,61.6,0.01,0.01,2329.932,1776262356000
1776262357.624,157.624,0.91,87.86,0.9,61.6,0.92,10.09,0.93,140.0,0.08,5.09,0.07,140.0,0.09,89.64,0.1,61.6,0.01,0.01,2329.932,1776262356000
1776262357.837,157.837,0.91,92.86,0.9,61.6,0.92,1.85,0.93,140.0,0.08,3.45,0.07,140.0,0.09,87.86,0.1,61.6,0.01,0.01,2329.932,1776262356000
1776262358.162,158.162,0.91,92.86,0.9,61.6,0.93,104.8,0.94,170.0,0.08,1.85,0.07,140.0,0.09,92.86,0.1,61.6,0.02,0.01,2329.932,1776262356000
1776262358.677,158.677,0.91,102.86,0.9,66.6,0.92,13.68,0.93,114.8,0.07,104.8,0.06,170.0,0.09,92.86,0.1,61.6,0.01,0.02,2329.602598,1776262357000
1776262359.051,159.051,0.91,97.86,0.9,56.1,0.92,1.09,0.93,114.8,0.08,13.68,0.07,114.8,0.09,102.86,0.1,66.6,0.01,0.01,2329.602598,1776262357000
1776262359.259,159.259,0.91,91.74,0.9,56.1,0.93,114.36,0.94,170.0,0.07,114.36,0.06,170.0,0.09,97.86,0.1,56.1,0.02,0.02,2329.602598,1776262357000
1776262359.662,159.662,0.92,10.0,0.91,97.24,0.94,133.32,0.95,369.48,0.07,114.36,0.06,170.0,0.09,91.74,0.1,56.1,0.02,0.02,2329.43024,1776262358000
1776262360.128,160.128,0.92,18.22,0.91,25.5,0.93,108.7,0.94,23.32,0.06,133.32,0.05,369.48,0.08,10.0,0.09,97.24,0.01,0.02,2329.392168,1776262359000
1776262360.363,160.363,0.92,18.22,0.91,25.5,0.93,100.52,0.94,105.0,0.07,108.7,0.06,23.32,0.08,18.22,0.09,25.5,0.01,0.01,2329.392168,1776262359000
1776262360.678,160.678,0.92,93.22,0.91,25.5,0.93,91.72,0.94,105.0,0.07,100.52,0.06,105.0,0.08,18.22,0.09,25.5,0.01,0.01,2329.392168,1776262359000
1776262361.16,161.16,0.92,113.72,0.91,53.5,0.93,81.94,0.94,105.0,0.07,91.72,0.06,105.0,0.08,93.22,0.09,25.5,0.01,0.01,2329.398771,1776262360000
1776262361.779,161.779,0.92,179.84,0.91,48.5,0.93,76.98,0.94,5.0,0.07,81.94,0.06,5.0,0.08,113.72,0.09,53.5,0.01,0.01,2329.398771,1776262360000
1776262362.159,162.159,0.92,280.34,0.91,172.5,0.93,65.86,0.94,49.37,0.07,75.63,0.06,54.37,0.08,165.34,0.09,48.5,0.01,0.01,2329.398771,1776262360000
1776262362.585,162.585,0.92,280.34,0.91,172.5,0.93,58.19,0.94,5.0,0.07,59.78,0.06,49.37,0.08,275.34,0.09,172.5,0.01,0.01,2329.621662,1776262361000
1776262362.791,162.791,0.92,245.34,0.91,154.5,0.93,56.12,0.94,150.48,0.07,58.19,0.06,5.0,0.08,280.34,0.09,172.5,0.01,0.01,2329.621662,1776262361000
1776262363.014,163.014,0.92,245.34,0.91,175.5,0.93,52.99,0.94,444.44,0.07,56.12,0.06,150.48,0.08,245.34,0.09,154.5,0.01,0.01,2329.621662,1776262361000
1776262363.47,163.47,0.92,204.84,0.91,85.5,0.93,51.91,0.94,176.0,0.07,52.99,0.06,444.44,0.08,245.34,0.09,175.5,0.01,0.01,2329.79869,1776262362000
1776262363.677,163.677,0.92,124.84,0.91,90.5,0.93,153.73,0.94,171.0,0.07,51.91,0.06,176.0,0.08,204.84,0.09,85.5,0.01,0.01,2329.79869,1776262362000
1776262363.934,163.934,0.92,109.21,0.91,85.5,0.93,148.73,0.94,171.0,0.07,153.73,0.06,171.0,0.08,124.84,0.09,90.5,0.01,0.01,2329.79869,1776262362000
1776262364.137,164.137,0.92,109.21,0.91,85.5,0.93,155.6,0.94,171.0,0.07,148.73,0.06,171.0,0.08,109.21,0.09,85.5,0.01,0.01,2329.79869,1776262362000
1776262364.562,164.562,0.92,92.21,0.91,25.0,0.93,115.0,0.94,171.0,0.07,155.6,0.06,171.0,0.08,109.21,0.09,85.5,0.01,0.01,2329.722987,1776262363000
1776262365.345,165.345,0.92,185.76,0.91,20.0,0.94,89.36,0.95,182.06,0.07,115.0,0.06,171.0,0.08,92.21,0.09,25.0,0.02,0.01,2329.639516,1776262364000
1776262365.588,165.588,0.92,172.76,0.91,50.0,0.93,31.0,0.95,188.06,0.06,89.36,0.05,188.06,0.08,181.33,0.09,20.0,0.01,0.02,2329.639516,1776262364000
1776262366.533,166.533,0.92,150.76,0.91,50.0,0.93,24.4,0.94,15.0,0.07,31.0,0.05,188.06,0.08,172.76,0.09,50.0,0.01,0.01,2329.55114,1776262365000
1776262366.78,166.78,0.92,111.5,0.91,110.5,0.93,24.4,0.94,15.0,0.07,24.4,0.06,15.0,0.08,150.76,0.09,50.0,0.01,0.01,2329.55114,1776262365000
1776262367.03,167.03,0.92,101.5,0.91,85.5,0.93,24.83,0.94,15.0,0.07,33.01,0.06,15.0,0.08,126.5,0.09,85.5,0.01,0.01,2329.55114,1776262365000
1776262367.388,167.388,0.92,158.5,0.91,70.0,0.93,13.28,0.94,20.0,0.07,19.87,0.06,20.0,0.08,96.5,0.09,90.5,0.01,0.01,2329.572255,1776262366000
1776262368.201,168.201,0.92,108.5,0.91,20.0,0.93,38.83,0.94,170.0,0.06,120.0,0.05,293.68,0.08,103.5,0.09,20.0,0.01,0.02,2329.572255,1776262366000
1776262368.555,168.555,0.92,113.5,0.91,128.0,0.93,23.52,0.94,170.0,0.07,31.76,0.06,170.0,0.08,108.5,0.09,41.0,0.01,0.01,2329.567015,1776262367000
1776262369.285,169.285,0.92,108.5,0.91,5.0,0.93,105.46,0.94,307.99,0.07,10.24,0.06,170.0,0.08,113.5,0.09,41.0,0.01,0.01,2329.567015,1776262367000
1776262369.609,169.609,0.92,98.5,0.91,5.0,0.93,165.83,0.94,296.79,0.07,105.46,0.06,307.99,0.08,108.5,0.09,5.0,0.01,0.01,2329.402549,1776262368000
1776262369.848,169.848,0.92,76.46,0.91,5.0,0.93,246.29,0.94,296.79,0.07,241.29,0.06,296.79,0.08,85.46,0.09,5.0,0.01,0.01,2329.402549,1776262368000
1776262370.076,170.076,0.92,76.46,0.91,5.0,0.93,152.11,0.94,296.79,0.07,153.19,0.06,296.79,0.08,76.46,0.09,5.0,0.01,0.01,2329.402549,1776262368000
1776262370.34,170.34,0.92,176.46,0.91,105.0,0.93,111.58,0.94,196.79,0.07,119.76,0.06,196.79,0.08,76.46,0.09,5.0,0.01,0.01,2329.402549,1776262368000
1776262371.098,171.098,0.92,12.0,0.91,5.0,0.93,115.19,0.94,196.79,0.07,111.58,0.06,196.79,0.08,176.46,0.09,105.0,0.01,0.01,2329.328151,1776262369000
1776262371.534,171.534,0.92,4.0,0.91,5.0,0.93,85.68,0.94,201.79,0.07,89.68,0.06,201.79,0.08,4.0,0.09,5.0,0.01,0.01,2329.179023,1776262370000
1776262371.986,171.986,0.92,4.0,0.9,166.1,0.93,80.68,0.94,201.79,0.07,85.68,0.06,201.79,0.08,4.0,0.09,5.0,0.01,0.01,2329.179023,1776262370000
1776262372.268,172.268,0.92,4.0,0.9,166.1,0.93,78.68,0.94,201.79,0.07,80.68,0.06,201.79,0.08,4.0,0.1,166.1,0.01,0.01,2329.178606,1776262371000
1776262372.924,172.924,0.92,4.0,0.91,157.21,0.93,129.98,0.94,201.79,0.07,78.68,0.06,201.79,0.08,4.0,0.1,166.1,0.01,0.01,2329.178606,1776262371000
1776262373.731,173.731,0.92,4.0,0.91,157.21,0.93,120.78,0.94,201.79,0.07,129.98,0.06,201.79,0.08,4.0,0.09,157.21,0.01,0.01,2328.840296,1776262372000
1776262374.124,174.124,0.92,4.0,0.91,157.21,0.93,112.76,0.94,201.79,0.07,120.78,0.06,201.79,0.08,4.0,0.09,157.21,0.01,0.01,2328.840296,1776262372000
1776262374.406,174.406,0.91,157.21,0.9,161.1,0.92,8.0,0.93,122.76,0.07,112.76,0.06,201.79,0.08,4.0,0.09,157.21,0.01,0.01,2328.735364,1776262373000
1776262374.708,174.708,0.91,157.21,0.9,71.1,0.92,49.01,0.93,65.3,0.08,8.0,0.07,122.76,0.09,157.21,0.1,161.1,0.01,0.01,2328.735364,1776262373000
1776262375.21,175.21,0.91,226.21,0.9,71.1,0.93,2.0,0.94,153.8,0.08,49.01,0.07,65.3,0.09,157.21,0.1,71.1,0.02,0.01,2328.735364,1776262373000
1776262375.851,175.851,0.9,121.1,0.89,130.0,0.91,8.21,0.92,32.0,0.08,10.0,0.07,12.0,0.09,6.21,0.1,71.1,0.01,0.01,2328.72176,1776262374000
1776262376.197,176.197,0.9,126.1,0.89,120.0,0.91,43.79,0.92,113.9,0.09,6.37,0.08,10.0,0.1,131.1,0.11,130.0,0.01,0.01,2328.72176,1776262374000
1776262376.49,176.49,0.89,130.0,0.88,147.0,0.91,21.81,0.92,113.9,0.09,16.81,0.08,113.9,0.1,42.54,0.11,130.0,0.02,0.01,2328.681982,1776262375000
1776262376.716,176.716,0.89,135.0,0.88,147.0,0.9,76.38,0.91,15.0,0.09,21.81,0.08,113.9,0.11,130.0,0.12,147.0,0.01,0.02,2328.681982,1776262375000
1776262377.01,177.01,0.89,130.0,0.88,147.0,0.9,62.39,0.91,15.0,0.1,58.73,0.09,15.0,0.11,130.0,0.12,147.0,0.01,0.01,2328.749282,1776262376000
1776262377.876,177.876,0.89,130.0,0.88,137.0,0.9,53.77,0.91,15.0,0.1,60.39,0.09,15.0,0.11,130.0,0.12,162.5,0.01,0.01,2328.749282,1776262376000
1776262380.316,180.316,0.89,125.0,0.88,147.0,0.9,77.77,0.91,15.0,0.1,53.77,0.09,15.0,0.11,130.0,0.12,137.0,0.01,0.01,2328.487076,1776262379000
1776262381.162,181.162,0.89,86.51,0.88,35.0,0.9,71.43,0.91,65.0,0.1,66.43,0.09,15.0,0.11,278.06,0.12,147.0,0.01,0.01,2328.487076,1776262379000
1776262381.367,181.367,0.89,1.51,0.88,25.0,0.9,79.66,0.91,115.0,0.1,74.66,0.09,115.0,0.11,6.51,0.12,25.0,0.01,0.01,2328.487076,1776262379000
1776262382.245,182.245,0.89,2.0,0.88,144.84,0.9,25.66,0.91,65.0,0.1,79.66,0.09,115.0,0.11,1.51,0.12,25.0,0.01,0.01,2328.381564,1776262381000
1776262382.589,182.589,0.88,144.84,0.87,111.5,0.89,13.0,0.9,9.73,0.1,9.73,0.09,109.0,0.12,144.84,0.13,101.0,0.01,0.02,2328.381564,1776262381000
1776262382.807,182.807,0.88,149.84,0.87,126.5,0.89,8.01,0.9,21.24,0.11,13.5,0.1,9.73,0.12,149.84,0.13,111.5,0.01,0.01,2328.381564,1776262381000
1776262383.171,183.171,0.88,144.84,0.87,121.5,0.89,63.48,0.9,83.26,0.11,6.18,0.1,28.26,0.12,149.84,0.13,121.5,0.01,0.01,2328.292807,1776262382000
1776262383.63,183.63,0.89,123.93,0.88,45.0,0.9,79.86,0.91,65.0,0.1,47.86,0.09,65.0,0.12,149.84,0.13,126.5,0.01,0.02,2328.292807,1776262382000
1776262383.85,183.85,0.89,90.47,0.88,45.0,0.9,55.72,0.91,97.37,0.1,50.72,0.09,65.0,0.11,133.93,0.12,45.0,0.01,0.01,2328.292807,1776262382000
1776262384.304,184.304,0.89,120.47,0.88,115.5,0.9,5.56,0.91,122.74,0.1,55.72,0.09,97.37,0.11,90.47,0.12,45.0,0.01,0.01,2328.280295,1776262383000
1776262384.941,184.941,0.89,135.47,0.88,40.0,0.9,21.33,0.91,65.0,0.1,5.56,0.09,65.0,0.11,120.47,0.12,115.5,0.01,0.01,2328.280295,1776262383000
1776262385.187,185.187,0.89,122.16,0.88,40.0,0.9,13.24,0.91,65.0,0.1,21.33,0.09,65.0,0.11,115.47,0.12,40.0,0.01,0.01,2328.221415,1776262384000
1776262387.424,187.424,0.91,10.0,0.9,10.0,0.93,59.19,0.94,163.8,0.09,35.54,0.08,113.9,0.11,142.16,0.12,40.0,0.02,0.02,2328.20775,1776262385000
1776262387.812,187.812,0.91,10.0,0.9,10.0,0.93,0.12,0.94,163.8,0.07,43.19,0.06,163.8,0.09,10.0,0.1,10.0,0.02,0.02,2328.336538,1776262386000
1776262388.225,188.225,0.9,35.0,0.89,91.69,0.91,45.0,0.93,0.12,0.07,0.12,0.06,163.8,0.09,10.0,0.1,10.0,0.01,0.02,2328.336538,1776262386000
1776262388.997,188.997,0.9,46.69,0.89,90.0,0.91,45.45,0.93,15.12,0.09,45.0,0.07,0.12,0.1,35.0,0.11,91.69,0.01,0.01,2328.358886,1776262387000
1776262389.413,189.413,0.9,0.69,0.89,62.0,0.91,45.45,0.93,15.12,0.09,45.45,0.07,15.12,0.1,46.69,0.11,90.0,0.01,0.01,2328.392255,1776262388000
1776262389.926,189.926,0.9,205.83,0.89,59.5,0.91,62.82,0.92,62.0,0.09,45.45,0.07,15.12,0.1,0.69,0.11,62.0,0.01,0.01,2328.392255,1776262388000
1776262390.294,190.294,0.9,161.33,0.89,96.5,0.91,22.95,0.92,112.0,0.09,62.82,0.08,62.0,0.1,205.83,0.11,59.5,0.01,0.01,2328.378269,1776262389000
1776262390.727,190.727,0.9,257.33,0.89,91.5,0.91,7.87,0.92,117.0,0.09,16.68,0.08,5.0,0.1,179.33,0.11,96.5,0.01,0.01,2328.378269,1776262389000
1776262391.073,191.073,0.9,378.83,0.89,91.5,0.91,10.25,0.92,290.0,0.09,7.87,0.08,117.0,0.1,257.33,0.11,91.5,0.01,0.01,2328.378269,1776262389000
1776262391.408,191.408,0.9,233.19,0.89,241.7,0.91,13.17,0.92,118.0,0.09,10.25,0.08,290.0,0.1,378.83,0.11,91.5,0.01,0.01,2328.338701,1776262390000
1776262391.968,191.968,0.9,278.19,0.89,313.7,0.91,33.24,0.92,58.0,0.09,13.17,0.08,118.0,0.1,233.19,0.11,241.7,0.01,0.01,2328.338701,1776262390000
1776262393.173,193.173,0.9,245.19,0.89,163.5,0.94,36.5,0.95,85.0,0.09,33.24,0.08,58.0,0.1,278.19,0.11,313.7,0.04,0.01,2328.377505,1776262392000
1776262393.437,193.437,0.9,190.19,0.89,168.86,0.94,6.18,0.95,90.0,0.06,36.5,0.05,85.0,0.1,245.19,0.11,163.5,0.04,0.04,2328.377505,1776262392000
1776262393.861,193.861,0.91,10.0,0.9,190.19,0.95,88.5,0.96,150.0,0.06,5.86,0.05,90.0,0.1,195.19,0.11,168.86,0.04,0.04,2328.377505,1776262392000
1776262394.157,194.157,0.91,0.14,0.9,45.69,0.94,20.36,0.95,83.5,0.05,88.5,0.04,195.0,0.09,0.14,0.1,100.69,0.03,0.04,2328.484899,1776262393000
1776262394.755,194.755,0.91,5.0,0.9,15.0,0.94,18.88,0.95,88.5,0.06,25.36,0.05,83.5,0.07,7.0,0.09,10.5,0.03,0.01,2328.484899,1776262393000
1776262395.083,195.083,0.92,10.0,0.91,10.0,0.93,74.1,0.94,18.88,0.07,74.1,0.06,23.88,0.1,5.0,0.11,151.36,0.01,0.03,2328.484899,1776262393000
1776262397.437,197.437,0.9,107.0,0.89,152.79,0.92,15.0,0.93,126.1,0.07,74.1,0.06,18.88,0.08,10.0,0.09,10.0,0.02,0.01,2328.324815,1776262396000
1776262398.676,198.676,0.9,107.0,0.89,162.79,0.92,16.82,0.93,104.1,0.08,15.0,0.07,126.1,0.1,107.0,0.11,152.79,0.02,0.02,2328.318557,1776262397000
1776262399.026,199.026,0.9,97.0,0.89,162.79,0.92,79.32,0.93,89.1,0.08,16.82,0.07,104.1,0.1,107.0,0.11,162.79,0.02,0.02,2328.27064,1776262398000
1776262399.546,199.546,0.9,10.0,0.89,152.79,0.91,60.73,0.92,66.32,0.08,79.32,0.07,89.1,0.1,97.0,0.11,162.79,0.01,0.02,2328.27064,1776262398000
1776262399.999,199.999,0.9,10.0,0.89,146.79,0.91,14.5,0.93,79.1,0.09,60.73,0.08,66.32,0.1,10.0,0.11,152.79,0.01,0.01,2328.27064,1776262398000
1776262402.854,202.854,0.91,15.0,0.9,31.0,0.92,22.8,0.93,70.3,0.09,14.5,0.07,79.1,0.1,10.0,0.11,146.79,0.01,0.01,2327.933821,1776262401000
1776262403.121,203.121,0.89,110.0,0.88,179.6,0.92,27.8,0.93,70.3,0.08,22.8,0.07,70.3,0.09,15.0,0.1,31.0,0.03,0.01,2327.933821,1776262401000
1776262403.324,203.324,0.91,10.0,0.9,10.0,0.92,19.97,0.93,80.3,0.08,27.8,0.07,70.3,0.11,110.0,0.12,179.6,0.01,0.03,2328.032384,1776262402000
1776262403.634,203.634,0.9,41.0,0.89,110.0,0.92,1.85,0.93,80.3,0.09,5.0,0.08,14.97,0.1,10.0,0.11,110.0,0.02,0.01,2328.032384,1776262402000
1776262405.376,205.376,0.89,248.69,0.88,244.6,0.9,58.96,0.91,20.0,0.08,23.85,0.07,80.3,0.11,110.0,0.12,184.6,0.01,0.03,2328.05705,1776262404000
1776262406.844,206.844,0.9,115.0,0.89,93.19,0.91,35.49,0.92,10.0,0.1,58.96,0.09,20.0,0.11,248.69,0.12,244.6,0.01,0.01,2328.01265,1776262405000
1776262407.276,207.276,0.89,93.19,0.88,199.6,0.91,5.0,0.92,32.0,0.09,35.49,0.08,10.0,0.1,115.0,0.11,93.19,0.02,0.01,2328.011855,1776262406000
1776262409.474,209.474,0.88,92.71,0.87,110.0,0.89,86.87,0.9,80.5,0.09,5.0,0.08,32.0,0.11,93.19,0.12,199.6,0.01,0.02,2327.824896,1776262408000
1776262409.946,209.946,0.88,26.2,0.87,124.2,0.89,224.37,0.9,101.5,0.11,86.87,0.1,80.5,0.12,92.71,0.13,110.0,0.01,0.01,2327.824896,1776262408000
1776262410.565,210.565,0.85,5.0,0.84,146.8,0.86,20.5,0.87,61.5,0.11,173.37,0.1,126.5,0.12,1.51,0.13,124.2,0.01,0.01,2327.615472,1776262409000
1776262411.041,211.041,0.85,33.76,0.84,172.3,0.86,74.0,0.87,85.99,0.14,10.36,0.13,104.0,0.15,5.0,0.16,146.8,0.01,0.01,2327.61547,1776262410000
1776262411.28,211.28,0.85,13.26,0.84,136.8,0.86,53.47,0.87,104.0,0.14,74.0,0.13,85.99,0.15,33.76,0.16,172.3,0.01,0.01,2327.61547,1776262410000
1776262413.428,213.428,0.85,10.0,0.84,157.3,0.86,37.3,0.87,93.5,0.14,170.97,0.13,104.0,0.16,146.8,0.17,208.52,0.01,0.02,2327.335671,1776262412000
1776262414.871,214.871,0.85,2.8,0.84,152.3,0.86,111.13,0.87,103.5,0.14,87.3,0.13,93.5,0.15,7.8,0.16,157.3,0.01,0.01,2327.335671,1776262412000
1776262415.966,215.966,0.83,10.57,0.82,25.5,0.84,65.99,0.85,138.7,0.14,111.13,0.13,103.5,0.15,2.8,0.16,152.3,0.01,0.01,2327.219154,1776262413000
1776262416.554,216.554,0.81,290.0,0.8,303.0,0.82,10.0,0.83,20.0,0.16,65.99,0.15,138.7,0.17,10.57,0.18,25.5,0.01,0.01,2327.209881,1776262414000
1776262416.874,216.874,0.83,30.5,0.82,96.5,0.84,2.63,0.85,48.2,0.18,10.0,0.17,20.0,0.19,290.0,0.2,303.0,0.01,0.01,2327.209881,1776262414000
1776262417.375,217.375,0.84,25.5,0.83,38.5,0.85,96.08,0.86,78.99,0.16,2.63,0.15,48.2,0.17,30.5,0.18,96.5,0.01,0.01,2327.201566,1776262416000
1776262417.693,217.693,0.84,123.5,0.83,105.5,0.85,11.82,0.86,10.0,0.15,96.08,0.14,78.99,0.16,25.5,0.17,38.5,0.01,0.01,2327.201566,1776262416000
1776262418.17,218.17,0.87,5.5,0.86,73.5,0.88,34.0,0.89,104.5,0.11,54.62,0.1,74.99,0.13,31.24,0.14,58.5,0.01,0.02,2327.201566,1776262416000
1776262418.47,218.47,0.87,15.5,0.86,73.5,0.88,19.0,0.89,119.5,0.12,34.0,0.11,104.5,0.13,5.5,0.14,73.5,0.01,0.01,2327.201566,1776262416000
1776262419.055,219.055,0.87,0.5,0.86,35.5,0.88,24.0,0.89,108.99,0.12,19.0,0.11,119.5,0.13,15.5,0.14,73.5,0.01,0.01,2327.05165,1776262417000
1776262419.721,219.721,0.87,58.02,0.86,90.5,0.88,31.0,0.89,110.99,0.12,24.0,0.11,108.99,0.13,0.5,0.14,35.5,0.01,0.01,2327.080825,1776262418000
1776262419.992,219.992,0.86,35.5,0.85,127.5,0.88,56.0,0.89,120.99,0.12,31.0,0.11,110.99,0.13,58.02,0.14,90.5,0.02,0.01,2327.080825,1776262418000
1776262420.986,220.986,0.86,62.5,0.85,35.5,0.87,4.5,0.88,106.0,0.12,56.0,0.11,120.99,0.14,35.5,0.15,127.5,0.01,0.02,2327.341878,1776262419000
1776262421.271,221.271,0.86,72.5,0.85,85.5,0.88,3.72,0.89,126.49,0.13,4.5,0.12,106.0,0.14,62.5,0.15,35.5,0.02,0.01,2327.341878,1776262419000
1776262423.24,223.24,0.88,15.0,0.87,28.0,0.9,89.5,0.91,65.0,0.12,3.72,0.11,126.49,0.14,72.5,0.15,85.5,0.02,0.02,2327.330038,1776262421000
1776262423.969,223.969,0.86,10.0,0.85,25.5,0.87,79.58,0.88,129.5,0.1,89.5,0.09,65.0,0.12,15.0,0.13,28.0,0.01,0.02,2327.268855,1776262422000
1776262424.192,224.192,0.84,15.0,0.83,35.5,0.85,14.11,0.86,68.49,0.13,79.58,0.12,129.5,0.14,10.0,0.15,25.5,0.01,0.01,2327.343452,1776262423000
1776262424.834,224.834,0.82,10.0,0.81,305.0,0.83,95.5,0.84,94.5,0.15,14.11,0.14,68.49,0.16,15.0,0.17,35.5,0.01,0.01,2327.343452,1776262423000
1776262426.093,226.093,0.81,10.0,0.8,230.5,0.82,53.81,0.83,92.63,0.17,154.44,0.16,117.5,0.19,305.0,0.2,280.5,0.01,0.02,2327.216628,1776262424000
1776262426.943,226.943,0.82,10.0,0.81,10.0,0.83,123.43,0.84,115.5,0.18,53.81,0.17,92.63,0.19,10.0,0.2,230.5,0.01,0.01,2327.013347,1776262425000
1776262427.249,227.249,0.81,4.47,0.8,269.5,0.83,155.81,0.84,115.5,0.17,113.21,0.16,115.5,0.18,10.0,0.19,15.0,0.02,0.01,2327.013347,1776262425000
1776262428.756,228.756,0.8,202.0,0.79,210.0,0.81,90.5,0.82,102.49,0.17,155.81,0.16,115.5,0.19,4.47,0.2,269.5,0.01,0.02,2326.862996,1776262427000
1776262429.352,229.352,0.8,202.0,0.79,210.0,0.81,238.59,0.82,107.49,0.19,90.5,0.18,102.49,0.2,202.0,0.21,210.0,0.01,0.01,2326.862996,1776262427000
1776262429.575,229.575,0.77,110.0,0.76,190.0,0.81,315.09,0.82,178.49,0.19,238.59,0.18,107.49,0.2,202.0,0.21,210.0,0.04,0.01,2326.833408,1776262428000
1776262430.072,230.072,0.76,145.0,0.75,30.0,0.77,2.01,0.78,110.5,0.19,315.09,0.18,178.49,0.23,110.0,0.24,190.0,0.01,0.04,2326.833408,1776262428000
1776262431.655,231.655,0.76,251.5,0.75,110.5,0.78,32.0,0.8,20.23,0.23,2.01,0.22,110.5,0.24,145.0,0.25,30.0,0.02,0.01,2326.510147,1776262430000
1776262432.49,232.49,0.79,144.5,0.78,80.0,0.8,15.38,0.82,10.0,0.2,20.23,0.19,115.0,0.23,5.0,0.24,251.5,0.01,0.03,2326.497283,1776262431000
1776262433.025,233.025,0.81,110.02,0.8,120.5,0.82,10.0,0.83,10.0,0.18,10.0,0.17,10.0,0.21,149.5,0.22,85.0,0.01,0.03,2326.497283,1776262431000
1776262433.767,233.767,0.83,116.5,0.82,91.5,0.84,50.0,0.86,65.0,0.18,10.0,0.17,10.0,0.19,110.02,0.2,120.5,0.01,0.01,2326.497283,1776262431000
1776262434.671,234.671,0.86,54.0,0.85,125.5,0.87,7.0,0.88,65.0,0.16,50.0,0.14,65.0,0.17,116.5,0.18,91.5,0.01,0.01,2326.62469,1776262433000
1776262435.985,235.985,0.83,20.5,0.82,108.5,0.85,10.0,0.86,72.81,0.12,61.69,0.11,111.81,0.14,54.0,0.15,125.5,0.02,0.02,2326.947192,1776262435000
1776262440.631,240.631,0.89,31.0,0.88,109.0,0.9,25.75,0.91,105.0,0.15,10.0,0.14,72.81,0.17,20.5,0.18,108.5,0.01,0.02,2327.149706,1776262439000
1776262441.001,241.001,0.89,71.0,0.88,109.0,0.91,60.75,0.92,73.81,0.1,25.75,0.09,105.0,0.11,31.0,0.12,109.0,0.02,0.01,2327.149706,1776262439000
1776262441.746,241.746,0.89,66.0,0.88,104.0,0.91,10.75,0.92,123.81,0.09,60.75,0.08,73.81,0.11,71.0,0.12,109.0,0.02,0.02,2327.159346,1776262440000
1776262442.2,242.2,0.9,5.0,0.89,126.0,0.91,5.26,0.92,61.81,0.09,10.75,0.08,123.81,0.11,66.0,0.12,104.0,0.01,0.02,2327.159346,1776262440000
1776262444.31,244.31,0.91,5.0,0.9,15.0,0.92,5.99,0.93,135.3,0.09,5.26,0.08,61.81,0.11,121.45,0.12,104.0,0.01,0.02,2327.2837,1776262443000
1776262445.329,245.329,0.91,20.0,0.9,48.0,0.92,3.94,0.93,135.3,0.08,5.99,0.07,135.3,0.09,5.0,0.1,15.0,0.01,0.01,2327.2837,1776262443000
1776262446.222,246.222,0.91,20.0,0.9,98.0,0.92,1.55,0.93,142.48,0.08,3.94,0.07,135.3,0.09,20.0,0.1,48.0,0.01,0.01,2327.2737,1776262444000
1776262446.705,246.705,0.91,30.0,0.9,98.0,0.92,1.55,0.93,142.48,0.08,1.55,0.07,142.48,0.09,20.0,0.1,98.0,0.01,0.01,2327.234854,1776262445000
1776262447.975,247.975,0.92,15.0,0.91,75.0,0.93,61.42,0.94,178.87,0.08,1.55,0.07,142.48,0.09,30.0,0.1,98.0,0.01,0.01,2327.234692,1776262446000
1776262448.201,248.201,0.93,11.82,0.92,20.0,0.94,163.87,0.95,395.8,0.07,61.42,0.06,178.87,0.08,15.0,0.09,75.0,0.01,0.01,2327.234692,1776262446000
1776262448.698,248.698,0.93,99.82,0.92,70.0,0.95,80.99,0.96,234.0,0.06,163.87,0.05,395.8,0.07,11.82,0.08,20.0,0.02,0.01,2327.305832,1776262447000
1776262448.968,248.968,0.94,25.0,0.93,139.82,0.95,15.0,0.96,234.0,0.05,80.99,0.04,234.0,0.07,99.82,0.08,70.0,0.01,0.02,2327.305832,1776262447000
1776262450.336,250.336,0.94,85.0,0.93,124.82,0.96,228.34,0.97,388.0,0.05,15.0,0.04,234.0,0.06,25.0,0.07,139.82,0.02,0.01,2327.305832,1776262448000
1776262451.21,251.21,0.94,10.0,0.93,76.82,0.95,79.74,0.96,254.33,0.04,228.34,0.03,388.0,0.06,85.0,0.07,124.82,0.01,0.02,2327.501829,1776262450000
1776262451.438,251.438,0.94,8.94,0.93,76.82,0.95,79.74,0.96,229.33,0.05,79.74,0.04,254.33,0.06,10.0,0.07,76.82,0.01,0.01,2327.501829,1776262450000
1776262451.792,251.792,0.91,41.0,0.9,10.0,0.93,121.14,0.94,92.0,0.05,79.74,0.04,229.33,0.06,8.94,0.07,76.82,0.02,0.01,2327.501829,1776262450000
1776262452.132,252.132,0.89,10.0,0.88,39.0,0.9,15.55,0.91,65.0,0.07,121.14,0.06,92.0,0.09,41.0,0.1,10.0,0.01,0.02,2327.501829,1776262450000
1776262452.867,252.867,0.88,44.0,0.87,75.0,0.91,19.81,0.92,120.99,0.1,15.55,0.09,65.0,0.11,10.0,0.12,39.0,0.03,0.01,2327.6175,1776262451000
1776262454.032,254.032,0.9,10.0,0.89,10.0,0.91,3.9,0.92,120.99,0.09,19.81,0.08,120.99,0.12,44.0,0.13,75.0,0.01,0.03,2327.51295,1776262452000
1776262454.464,254.464,0.88,44.0,0.87,70.0,0.9,14.0,0.91,25.9,0.09,3.9,0.08,120.99,0.1,10.0,0.11,10.0,0.02,0.01,2327.187082,1776262453000
1776262455.26,255.26,0.89,131.21,0.88,104.0,0.9,12.88,0.93,106.0,0.1,14.0,0.09,25.9,0.12,44.0,0.13,70.0,0.01,0.02,2327.187082,1776262453000
1776262456.331,256.331,0.89,170.21,0.88,65.0,0.9,9.81,0.93,77.81,0.1,12.88,0.07,106.0,0.11,131.21,0.12,104.0,0.01,0.01,2327.050719,1776262455000
1776262458.41,258.41,0.89,137.0,0.88,173.43,0.9,4.81,0.93,24.0,0.1,9.81,0.07,77.81,0.11,170.21,0.12,65.0,0.01,0.01,2327.1723,1776262457000
1776262459.773,259.773,0.92,121.0,0.91,70.0,0.94,15.0,0.95,15.0,0.1,4.81,0.07,24.0,0.11,137.0,0.12,173.43,0.02,0.01,2327.260848,1776262458000
1776262460.309,260.309,0.94,12.08,0.93,92.0,0.95,59.0,0.96,301.14,0.06,15.0,0.05,15.0,0.08,121.0,0.09,70.0,0.01,0.02,2327.260848,1776262458000
1776262464.323,264.323,0.95,85.0,0.94,126.08,0.96,128.29,0.97,163.0,0.05,59.0,0.04,301.14,0.06,12.08,0.07,92.0,0.01,0.01,2327.404217,1776262463000
1776262465.68,265.68,0.95,324.25,0.94,211.87,0.97,83.0,0.98,590.44,0.04,128.29,0.03,163.0,0.05,85.0,0.06,126.08,0.02,0.01,2327.41077,1776262464000
1776262465.975,265.975,0.96,211.69,0.95,272.47,0.97,68.0,0.98,590.44,0.03,83.0,0.02,590.44,0.05,324.25,0.06,211.87,0.01,0.02,2327.41077,1776262464000
1776262466.891,266.891,0.96,345.98,0.95,252.06,0.98,546.15,0.99,6936.27,0.03,56.71,0.02,590.44,0.04,206.69,0.05,272.47,0.02,0.01,2327.492,1776262465000
1776262467.328,267.328,0.97,116.0,0.96,211.4,0.98,525.84,0.99,6936.27,0.02,541.04,0.01,6936.27,0.03,50.0,0.04,211.4,0.01,0.01,2327.492,1776262465000
1776262467.764,267.764,0.97,273.11,0.96,286.4,0.98,515.71,0.99,6956.27,0.02,516.74,0.01,6936.27,0.03,337.28,0.04,211.4,0.01,0.01,2327.584403,1776262466000
1776262468.107,268.107,0.97,247.67,0.96,286.4,0.98,508.71,0.99,6960.27,0.02,508.71,0.01,6949.27,0.03,273.11,0.04,286.4,0.01,0.01,2327.71828,1776262467000
1776262468.576,268.576,0.97,247.67,0.96,286.4,0.98,488.5,0.99,6943.27,0.02,508.71,0.01,6960.27,0.03,247.67,0.04,286.4,0.01,0.01,2327.71828,1776262467000
1776262469.058,269.058,0.97,209.67,0.96,286.4,0.98,399.5,0.99,6936.27,0.02,488.5,0.01,6943.27,0.03,247.67,0.04,286.4,0.01,0.01,2327.71828,1776262467000
1776262470.0,270.0,0.97,208.67,0.96,286.4,0.98,358.68,0.99,1771.27,0.02,399.5,0.01,6936.27,0.03,209.67,0.04,286.4,0.01,0.01,2327.975396,1776262468000
1776262470.528,270.528,0.97,403.7,0.96,281.4,0.98,265.44,0.99,1771.27,0.02,353.46,0.01,1771.27,0.03,237.67,0.04,281.4,0.01,0.01,2328.069689,1776262469000
1776262471.186,271.186,0.97,403.7,0.96,241.4,0.98,74.41,0.99,1778.25,0.02,265.44,0.01,1771.27,0.03,403.7,0.04,281.4,0.01,0.01,2328.069689,1776262469000
1776262471.611,271.611,0.97,414.01,0.96,241.4,0.98,65.41,0.99,1778.25,0.02,74.41,0.01,1778.25,0.03,403.7,0.04,241.4,0.01,0.01,2327.980194,1776262470000
1776262471.91,271.91,0.98,87.59,0.97,419.01,0.99,1778.25,,,0.02,65.41,0.01,1778.25,0.03,414.01,0.04,241.4,0.01,0.01,2327.980194,1776262470000
1776262472.276,272.276,0.98,327.29,0.97,257.42,0.99,1768.25,,,0.01,1778.25,,,0.02,87.59,0.03,419.01,0.01,0.01,2327.99877,1776262471000
1776262472.528,272.528,0.98,317.29,0.97,247.42,0.99,1613.25,,,0.01,1768.25,,,0.02,327.29,0.03,257.42,0.01,0.01,2327.99877,1776262471000
1776262472.865,272.865,0.98,317.29,0.97,247.42,0.99,1605.25,,,0.01,1613.25,,,0.02,317.29,0.03,247.42,0.01,0.01,2327.99877,1776262471000
1776262473.4,273.4,0.98,317.29,0.97,247.42,0.99,1604.23,,,0.01,1605.25,,,0.02,317.29,0.03,247.42,0.01,0.01,2328.106793,1776262472000
1776262474.063,274.063,0.98,423.75,0.97,247.42,0.99,1596.56,,,0.01,1596.56,,,0.02,302.56,0.03,247.42,0.01,0.01,2328.106793,1776262472000
1776262475.406,275.406,0.98,339.46,0.97,118.72,0.99,1581.45,,,0.01,1586.45,,,0.02,428.75,0.03,247.42,0.01,0.01,2328.150914,1776262474000
1776262475.903,275.903,0.98,346.46,0.97,118.72,0.99,1530.95,,,0.01,1581.45,,,0.02,339.46,0.03,118.72,0.01,0.01,2328.150914,1776262474000
1776262476.267,276.267,0.98,396.21,0.97,36.31,0.99,1518.6,,,0.01,1523.6,,,0.02,346.46,0.03,118.72,0.01,0.01,2328.150914,1776262474000
1776262476.502,276.502,0.98,468.21,0.97,96.31,0.99,1308.49,,,0.01,1318.6,,,0.02,473.21,0.03,114.31,0.01,0.01,2328.20395,1776262475000
1776262476.729,276.729,0.98,473.21,0.97,96.31,0.99,1296.38,,,0.01,1306.49,,,0.02,473.21,0.03,96.31,0.01,0.01,2328.20395,1776262475000
1776262478.219,278.219,0.99,3161.12,0.98,176.22,,,,,,,,,0.01,739.92,0.02,468.21,,,2328.42189,1776262476000
1776262478.544,278.544,0.99,3190.9,0.98,176.22,,,,,,,,,0.01,3161.12,0.02,176.22,,,2328.690232,1776262477000
1776262479.58,279.58,0.99,4912.08,0.98,253.22,,,,,,,,,0.01,3190.9,0.02,176.22,,,2328.690232,1776262477000
1776262484.785,284.785,0.99,7069.61,0.98,149.22,,,,,,,,,0.01,4912.08,0.02,253.22,,,2330.449923,1776262483000
1776262498.546,298.546,0.99,10337.64,0.98,141.47,,,,,,,,,0.01,7069.61,0.02,149.22,,,2330.7835,1776262497000

# RESULT,winner=Up,slug=eth-updown-5m-1776262200,ticks=390
