timestamp,elapsed_sec,up_bid_p1,up_bid_s1,up_bid_p2,up_bid_s2,up_ask_p1,up_ask_s1,up_ask_p2,up_ask_s2,down_bid_p1,down_bid_s1,down_bid_p2,down_bid_s2,down_ask_p1,down_ask_s1,down_ask_p2,down_ask_s2,up_spread,down_spread,eth_price,eth_oracle_ts
1776403800.825,0.825,0.52,173.5,0.51,10.0,0.6,10.0,0.61,6.0,0.4,10.0,0.39,6.0,0.48,186.0,0.49,10.0,0.08,0.08,2322.51599,1776403799000
1776403801.026,1.026,0.52,6.78,0.51,10.0,0.55,70.0,0.56,70.0,0.45,70.0,0.44,70.0,0.48,27.62,0.49,10.0,0.03,0.03,2322.51599,1776403799000
1776403802.221,2.221,0.49,10.0,0.45,70.0,0.55,70.0,0.56,70.0,0.45,70.0,0.44,70.0,0.51,10.0,0.55,70.0,0.06,0.06,2322.62055,1776403801000
1776403802.462,2.462,0.49,0.75,0.46,6.0,0.51,150.0,0.52,70.0,0.5,0.82,0.49,150.0,0.51,10.0,0.54,13.0,0.02,0.01,2322.62055,1776403801000
1776403803.308,3.308,0.49,0.75,0.46,6.0,0.51,150.0,0.52,70.0,0.49,150.0,0.48,70.0,0.51,0.75,0.54,6.0,0.02,0.02,2322.518204,1776403802000
1776403803.863,3.863,0.43,12.0,0.42,13.0,0.44,5.0,0.45,10.0,0.5,59.0,0.49,163.0,0.57,12.0,0.58,13.0,0.01,0.07,2322.518204,1776403802000
1776403804.353,4.353,0.43,12.0,0.42,13.0,0.44,5.0,0.45,10.0,0.56,5.0,0.55,10.0,0.57,12.0,0.58,13.0,0.01,0.01,2322.397213,1776403803000
1776403804.87,4.87,0.43,12.0,0.42,13.0,0.44,5.0,0.45,10.0,0.56,5.0,0.55,10.0,0.57,12.0,0.58,13.0,0.01,0.01,2322.31768,1776403804000
1776403805.149,5.149,0.49,75.0,0.48,85.41,0.53,8.0,0.56,35.0,0.56,5.0,0.55,10.0,0.57,12.0,0.58,13.0,0.04,0.01,2322.31768,1776403804000
1776403805.745,5.745,0.55,10.0,0.54,10.0,0.56,3.75,0.57,10.0,0.47,8.0,0.44,35.0,0.51,75.0,0.52,85.41,0.01,0.04,2322.31768,1776403804000
1776403805.965,5.965,0.54,17.0,0.53,26.0,0.56,1.96,0.57,10.0,0.44,1.96,0.43,10.0,0.45,10.0,0.46,17.0,0.02,0.01,2322.31768,1776403804000
1776403806.457,6.457,0.55,43.0,0.54,17.0,0.58,3.34,0.59,10.0,0.44,1.96,0.43,10.0,0.46,17.0,0.47,26.0,0.03,0.02,2322.281758,1776403805000
1776403807.041,7.041,0.55,40.33,0.54,17.0,0.58,3.34,0.59,10.0,0.42,3.34,0.41,10.0,0.45,40.33,0.46,17.0,0.03,0.03,2322.506854,1776403806000
1776403807.463,7.463,0.57,9.0,0.56,15.0,0.58,12.34,0.59,10.0,0.42,2.34,0.41,10.0,0.43,15.0,0.44,15.0,0.01,0.01,2322.506854,1776403806000
1776403807.777,7.777,0.57,4.0,0.56,15.0,0.58,15.61,0.59,10.0,0.42,12.34,0.41,10.0,0.43,9.0,0.44,15.0,0.01,0.01,2322.506854,1776403806000
1776403808.025,8.025,0.57,4.0,0.56,15.0,0.58,15.61,0.59,10.0,0.42,15.61,0.41,10.0,0.43,4.0,0.44,15.0,0.01,0.01,2322.786667,1776403807000
1776403809.204,9.204,0.57,4.0,0.56,15.0,0.58,15.61,0.59,10.0,0.42,15.61,0.41,10.0,0.43,4.0,0.44,15.0,0.01,0.01,2322.853801,1776403808000
1776403809.559,9.559,0.49,5.0,0.46,8.0,0.5,9.0,0.51,20.0,0.5,29.0,0.49,20.0,0.51,5.0,0.52,13.0,0.01,0.01,2322.853801,1776403808000
1776403809.909,9.909,0.46,8.0,0.45,83.0,0.5,19.0,0.51,15.0,0.5,9.0,0.49,20.0,0.51,5.0,0.54,8.0,0.04,0.01,2322.853801,1776403808000
1776403810.849,10.849,0.46,8.0,0.45,83.0,0.5,19.0,0.51,15.0,0.5,19.0,0.49,15.0,0.54,8.0,0.55,83.0,0.04,0.04,2322.857508,1776403809000
1776403812.3,12.3,0.46,24.0,0.45,93.0,0.47,51.76,0.48,10.0,0.5,19.0,0.49,15.0,0.54,8.0,0.55,83.0,0.01,0.04,2322.568278,1776403811000
1776403813.544,13.544,0.46,24.0,0.45,103.0,0.48,6.72,0.49,10.0,0.53,51.76,0.52,10.0,0.54,24.0,0.55,93.0,0.02,0.01,2322.568278,1776403811000
1776403816.042,16.042,0.46,54.0,0.45,105.0,0.47,9.36,0.48,11.72,0.52,6.72,0.51,10.0,0.54,24.0,0.55,103.0,0.01,0.02,2322.512806,1776403814000
1776403817.521,17.521,0.47,38.95,0.46,218.16,0.48,11.72,0.49,10.0,0.53,9.36,0.52,11.72,0.54,54.0,0.55,105.0,0.01,0.01,2322.507334,1776403816000
1776403820.775,20.775,0.47,65.95,0.46,225.16,0.5,19.0,0.51,25.0,0.52,16.72,0.51,10.0,0.53,38.95,0.54,218.16,0.03,0.01,2322.531726,1776403819000
1776403824.078,24.078,0.5,70.95,0.49,46.0,0.54,15.0,0.55,47.25,0.5,19.0,0.49,25.0,0.53,65.95,0.54,225.16,0.04,0.03,2322.596785,1776403823000
1776403825.093,25.093,0.53,80.69,0.52,15.0,0.54,5.0,0.55,32.25,0.46,15.0,0.45,47.25,0.5,70.95,0.51,46.0,0.01,0.04,2322.596785,1776403823000
1776403826.429,26.429,0.53,78.56,0.52,20.0,0.54,14.25,0.55,23.0,0.46,5.0,0.45,32.25,0.47,80.69,0.48,15.0,0.01,0.01,2322.535635,1776403825000
1776403827.626,27.626,0.53,258.67,0.52,15.0,0.54,4.9,0.55,32.25,0.46,14.25,0.45,23.0,0.47,78.56,0.48,20.0,0.01,0.01,2322.665457,1776403826000
1776403828.769,28.769,0.53,212.06,0.52,5.0,0.54,19.9,0.55,29.99,0.46,4.9,0.45,32.25,0.47,258.67,0.48,15.0,0.01,0.01,2322.6236,1776403827000
1776403829.289,29.289,0.53,177.98,0.52,5.0,0.54,39.9,0.55,29.99,0.46,14.9,0.45,29.99,0.47,187.06,0.48,5.0,0.01,0.01,2322.6236,1776403827000
1776403830.251,30.251,0.53,184.98,0.52,5.0,0.54,40.01,0.55,29.99,0.46,39.9,0.45,29.99,0.47,177.98,0.48,5.0,0.01,0.01,2322.62279,1776403828000
1776403830.551,30.551,0.53,179.98,0.52,5.0,0.54,30.75,0.55,15.0,0.46,40.01,0.45,29.99,0.47,184.98,0.48,5.0,0.01,0.01,2322.7344,1776403829000
1776403832.047,32.047,0.53,182.85,0.52,5.0,0.54,35.75,0.55,24.25,0.46,30.75,0.45,15.0,0.47,179.98,0.48,5.0,0.01,0.01,2322.607532,1776403830000
1776403833.868,33.868,0.53,177.85,0.52,15.0,0.54,35.75,0.55,29.99,0.46,35.75,0.45,24.25,0.47,182.85,0.48,5.0,0.01,0.01,2322.560043,1776403832000
1776403834.186,34.186,0.53,167.85,0.51,5.0,0.54,77.75,0.55,24.0,0.46,35.75,0.45,29.99,0.47,177.85,0.48,15.0,0.01,0.01,2322.519797,1776403833000
1776403834.484,34.484,0.53,2.85,0.51,5.0,0.54,291.75,0.55,19.0,0.46,72.75,0.45,19.0,0.47,79.85,0.49,5.0,0.01,0.01,2322.519797,1776403833000
1776403834.726,34.726,0.47,2.73,0.46,5.05,0.48,224.83,0.49,19.0,0.52,53.83,0.46,291.75,0.53,10.0,0.54,5.05,0.01,0.01,2322.519797,1776403833000
1776403837.227,37.227,0.41,93.0,0.4,41.0,0.43,5.98,0.45,5.0,0.57,5.98,0.52,266.83,0.59,10.0,0.6,21.0,0.02,0.02,2322.513273,1776403835000
1776403837.733,37.733,0.42,27.0,0.41,31.0,0.43,23.65,0.44,15.0,0.57,5.98,0.55,5.0,0.59,93.0,0.6,41.0,0.01,0.02,2322.157022,1776403836000
1776403838.002,38.002,0.42,27.0,0.41,21.0,0.47,11.0,0.48,68.83,0.57,14.56,0.56,15.0,0.58,27.0,0.59,21.0,0.05,0.01,2322.157022,1776403836000
1776403845.137,45.137,0.41,16.0,0.4,24.0,0.42,47.38,0.43,30.0,0.53,11.0,0.52,68.83,0.58,27.0,0.59,21.0,0.01,0.05,2322.086721,1776403844000
1776403847.936,47.936,0.41,8.0,0.4,10.0,0.42,83.38,0.43,25.0,0.58,47.38,0.57,30.0,0.59,16.0,0.6,24.0,0.01,0.01,2322.034024,1776403846000
1776403852.719,52.719,0.38,70.0,0.37,91.0,0.39,108.87,0.4,30.0,0.58,83.38,0.57,25.0,0.59,8.0,0.6,10.0,0.01,0.01,2321.98218,1776403851000
1776403856.663,56.663,0.36,45.0,0.35,29.0,0.37,44.62,0.38,20.0,0.61,108.87,0.6,25.0,0.62,70.0,0.63,91.0,0.01,0.01,2321.871491,1776403855000
1776403858.964,58.964,0.36,63.0,0.35,34.0,0.37,24.62,0.38,15.0,0.63,44.62,0.62,20.0,0.64,45.0,0.65,29.0,0.01,0.01,2321.871136,1776403857000
1776403859.297,59.297,0.36,50.0,0.35,34.0,0.37,24.62,0.38,15.0,0.63,24.62,0.62,15.0,0.64,63.0,0.65,34.0,0.01,0.01,2321.85374,1776403858000
1776403860.434,60.434,0.36,68.0,0.35,34.0,0.37,24.62,0.38,15.0,0.63,24.62,0.62,15.0,0.64,50.0,0.65,34.0,0.01,0.01,2321.85374,1776403858000
1776403862.14,62.14,0.41,253.0,0.4,37.0,0.47,7.27,0.48,53.83,0.63,24.62,0.62,15.0,0.64,69.0,0.65,34.0,0.06,0.01,2321.884445,1776403860000
1776403862.472,62.472,0.46,136.0,0.45,114.0,0.48,49.97,0.49,5.0,0.53,7.17,0.52,53.83,0.54,53.0,0.55,115.0,0.02,0.01,2321.868875,1776403861000
1776403862.789,62.789,0.5,54.0,0.49,25.0,0.53,8.63,0.54,14.0,0.49,1.46,0.47,11.0,0.51,10.0,0.52,10.0,0.03,0.02,2321.868875,1776403861000
1776403863.412,63.412,0.52,26.16,0.51,16.0,0.53,8.63,0.54,14.0,0.47,8.63,0.46,14.0,0.5,54.0,0.51,25.0,0.01,0.03,2321.873675,1776403862000
1776403863.671,63.671,0.52,27.12,0.51,10.0,0.53,15.63,0.54,14.0,0.47,8.63,0.46,14.0,0.48,26.16,0.49,16.0,0.01,0.01,2321.873675,1776403862000
1776403863.964,63.964,0.52,6.12,0.49,15.0,0.53,173.63,0.54,126.98,0.47,15.63,0.46,14.0,0.48,27.12,0.49,10.0,0.01,0.01,2321.873675,1776403862000
1776403864.457,64.457,0.5,8.0,0.49,10.2,0.51,27.0,0.52,20.0,0.49,82.0,0.48,20.0,0.51,10.2,0.52,15.0,0.01,0.02,2322.158834,1776403863000
1776403866.382,66.382,0.5,14.0,0.49,10.2,0.51,145.72,0.52,15.0,0.49,27.0,0.48,20.0,0.5,8.0,0.51,10.2,0.01,0.01,2322.429321,1776403864000
1776403867.13,67.13,0.49,10.0,0.48,15.0,0.5,122.68,0.51,44.99,0.49,145.72,0.48,15.0,0.5,14.0,0.51,10.2,0.01,0.01,2322.312146,1776403866000
1776403870.681,70.681,0.56,62.92,0.55,15.0,0.58,19.0,0.59,14.0,0.5,127.68,0.49,44.99,0.51,4.6,0.52,15.0,0.02,0.01,2322.319394,1776403869000
1776403871.386,71.386,0.57,26.0,0.56,20.0,0.58,17.27,0.59,14.0,0.42,19.0,0.41,14.0,0.44,62.92,0.45,15.0,0.01,0.02,2322.324613,1776403870000
1776403874.622,74.622,0.57,16.2,0.56,10.0,0.58,34.27,0.59,19.0,0.42,17.27,0.41,14.0,0.43,26.0,0.44,20.0,0.01,0.01,2322.7219,1776403873000
1776403876.287,76.287,0.57,11.2,0.56,10.0,0.58,38.0,0.59,45.06,0.42,34.27,0.41,19.0,0.43,16.2,0.44,10.0,0.01,0.01,2322.694106,1776403874000
1776403878.3,78.3,0.54,10.0,0.53,10.0,0.55,12.0,0.56,46.86,0.42,38.0,0.41,45.06,0.43,11.2,0.44,10.0,0.01,0.01,2322.695904,1776403877000
1776403878.617,78.617,0.54,7.82,0.53,15.0,0.55,22.0,0.56,35.0,0.45,12.0,0.44,46.86,0.46,10.0,0.47,10.0,0.01,0.01,2322.695904,1776403877000
1776403878.939,78.939,0.54,7.82,0.53,15.0,0.55,56.99,0.56,35.0,0.45,22.0,0.44,35.0,0.46,7.82,0.47,15.0,0.01,0.01,2322.695904,1776403877000
1776403879.644,79.644,0.54,7.82,0.53,15.0,0.55,46.99,0.56,35.0,0.45,56.99,0.44,35.0,0.46,7.82,0.47,15.0,0.01,0.01,2322.777101,1776403878000
1776403887.505,87.505,0.49,5.0,0.47,5.0,0.53,159.19,0.54,100.0,0.45,46.99,0.44,35.0,0.46,7.82,0.47,15.0,0.04,0.01,2322.594183,1776403886000
1776403897.495,97.495,0.5,138.0,0.49,238.0,0.55,5.0,0.56,5.0,0.5,113.08,0.49,15.0,0.51,4.9,0.53,5.0,0.05,0.01,2322.397138,1776403896000
1776403898.135,98.135,0.54,15.0,0.53,15.0,0.55,13.18,0.56,20.0,0.44,5.0,0.43,10.0,0.46,22.0,0.47,15.0,0.01,0.02,2322.397138,1776403896000
1776403899.535,99.535,0.49,155.0,0.47,5.0,0.5,111.99,0.51,108.0,0.45,13.18,0.44,20.0,0.46,15.0,0.47,15.0,0.01,0.01,2322.446495,1776403898000
1776403899.769,99.769,0.47,5.0,0.42,5.0,0.5,270.99,0.51,124.69,0.5,250.99,0.49,124.69,0.51,101.67,0.53,5.0,0.03,0.01,2322.446495,1776403898000
1776403900.022,100.022,0.34,14.0,0.33,15.0,0.42,181.99,0.43,10.0,0.5,270.99,0.49,124.69,0.59,5.0,0.62,14.0,0.08,0.09,2322.446495,1776403898000
1776403900.407,100.407,0.33,15.0,0.32,78.0,0.35,4.33,0.36,10.0,0.58,181.99,0.57,10.0,0.66,14.0,0.67,15.0,0.02,0.08,2322.499,1776403899000
1776403901.098,101.098,0.33,22.0,0.32,93.0,0.34,39.11,0.35,14.33,0.65,4.33,0.64,10.0,0.67,15.0,0.68,78.0,0.01,0.02,2322.499,1776403899000
1776403901.748,101.748,0.3,9.44,0.27,30.0,0.31,189.0,0.32,105.0,0.66,39.11,0.65,14.33,0.67,22.0,0.68,93.0,0.01,0.01,2322.4879,1776403900000
1776403902.171,102.171,0.25,56.66,0.24,99.0,0.26,46.0,0.27,10.0,0.74,21.0,0.73,10.0,0.75,60.0,0.76,88.0,0.01,0.01,2321.909171,1776403901000
1776403902.381,102.381,0.25,51.66,0.24,99.0,0.26,61.24,0.27,10.0,0.74,46.0,0.73,10.0,0.75,56.66,0.76,99.0,0.01,0.01,2321.909171,1776403901000
1776403904.342,104.342,0.25,61.66,0.24,99.0,0.26,40.24,0.27,10.0,0.74,41.24,0.73,10.0,0.75,51.66,0.76,99.0,0.01,0.01,2321.433044,1776403903000
1776403904.747,104.747,0.25,81.66,0.24,104.0,0.26,10.24,0.27,10.0,0.74,40.24,0.73,10.0,0.75,61.66,0.76,99.0,0.01,0.01,2321.433044,1776403903000
1776403905.822,105.822,0.25,66.39,0.24,104.0,0.26,33.24,0.27,10.0,0.74,10.24,0.73,10.0,0.75,81.66,0.76,104.0,0.01,0.01,2321.30988,1776403904000
1776403908.468,108.468,0.25,60.05,0.24,104.0,0.26,38.24,0.27,10.0,0.74,33.24,0.73,10.0,0.75,66.39,0.76,104.0,0.01,0.01,2321.311,1776403907000
1776403910.602,110.602,0.25,62.05,0.24,93.0,0.29,5.11,0.3,15.0,0.74,38.24,0.73,10.0,0.75,60.05,0.76,104.0,0.04,0.01,2321.404387,1776403909000
1776403910.898,110.898,0.25,72.05,0.24,103.0,0.26,49.0,0.27,10.0,0.71,5.11,0.7,15.0,0.75,62.05,0.76,93.0,0.01,0.04,2321.404387,1776403909000
1776403911.276,111.276,0.31,64.0,0.3,169.0,0.32,5.0,0.33,5.0,0.74,49.0,0.73,10.0,0.75,72.05,0.76,103.0,0.01,0.01,2321.437105,1776403910000
1776403915.106,115.106,0.33,27.0,0.32,78.0,0.34,103.16,0.35,21.0,0.66,60.0,0.65,6.0,0.68,65.0,0.69,278.0,0.01,0.02,2321.67539,1776403913000
1776403915.881,115.881,0.33,36.5,0.32,78.0,0.34,98.16,0.35,81.0,0.66,103.16,0.65,21.0,0.67,27.0,0.68,78.0,0.01,0.01,2321.68249,1776403914000
1776403919.263,119.263,0.33,16.5,0.32,78.0,0.34,44.96,0.35,104.66,0.66,98.16,0.65,81.0,0.67,36.5,0.68,78.0,0.01,0.01,2321.58043,1776403917000
1776403920.399,120.399,0.33,5.63,0.32,78.0,0.34,68.75,0.35,81.0,0.66,44.96,0.65,104.66,0.67,16.5,0.68,78.0,0.01,0.01,2321.572911,1776403919000
1776403920.959,120.959,0.32,74.13,0.31,77.0,0.34,63.75,0.35,81.0,0.66,63.75,0.65,81.0,0.67,4.13,0.68,78.0,0.02,0.01,2321.572911,1776403919000
1776403921.871,121.871,0.31,43.85,0.3,11.0,0.33,40.0,0.34,31.75,0.66,63.75,0.65,81.0,0.68,74.13,0.69,77.0,0.02,0.02,2321.588399,1776403920000
1776403923.253,123.253,0.32,5.0,0.31,38.85,0.33,171.43,0.34,48.96,0.67,38.72,0.66,31.75,0.69,43.85,0.7,11.0,0.01,0.02,2321.554281,1776403921000
1776403924.588,124.588,0.31,37.85,0.29,6.0,0.32,69.73,0.33,143.7,0.67,171.43,0.66,48.96,0.68,5.0,0.69,38.85,0.01,0.01,2321.585018,1776403923000
1776403928.752,128.752,0.31,50.85,0.29,16.0,0.32,42.73,0.33,41.16,0.68,69.73,0.67,143.7,0.69,37.85,0.71,6.0,0.01,0.01,2321.47457,1776403927000
1776403929.562,129.562,0.31,55.85,0.29,16.0,0.32,39.6,0.33,41.16,0.68,42.73,0.67,41.16,0.69,50.85,0.71,16.0,0.01,0.01,2321.481705,1776403928000
1776403930.384,130.384,0.32,58.0,0.31,161.85,0.33,7.87,0.34,18.96,0.68,39.6,0.67,41.16,0.69,55.85,0.71,16.0,0.01,0.01,2321.481705,1776403928000
1776403930.834,130.834,0.34,13.0,0.33,10.0,0.35,52.0,0.36,75.0,0.66,0.55,0.65,15.0,0.68,40.0,0.69,124.85,0.01,0.02,2321.647968,1776403929000
1776403931.895,131.895,0.4,65.0,0.37,113.0,0.44,6.0,0.48,7.0,0.65,52.0,0.64,75.0,0.66,13.0,0.67,10.0,0.04,0.01,2321.647968,1776403930000
1776403932.184,132.184,0.43,58.95,0.42,80.0,0.44,2.65,0.49,17.0,0.56,2.65,0.51,7.0,0.57,33.95,0.58,80.0,0.01,0.01,2321.546805,1776403931000
1776403932.7,132.7,0.43,43.54,0.42,85.0,0.44,2.65,0.45,5.0,0.56,2.65,0.55,5.0,0.57,28.95,0.58,80.0,0.01,0.01,2321.546805,1776403931000
1776403933.135,133.135,0.47,37.55,0.46,10.0,0.49,5.0,0.5,15.0,0.56,2.65,0.55,5.0,0.57,43.54,0.58,85.0,0.02,0.01,2321.546805,1776403931000
1776403937.701,137.701,0.48,221.55,0.46,5.0,0.49,52.95,0.5,40.47,0.51,10.0,0.5,15.0,0.52,22.31,0.53,21.0,0.01,0.01,2322.21554,1776403936000
1776403939.149,139.149,0.49,41.55,0.48,260.0,0.53,5.0,0.54,5.0,0.51,55.9,0.5,40.47,0.52,216.55,0.54,5.0,0.04,0.01,2322.1724,1776403937000
1776403939.481,139.481,0.52,57.55,0.51,20.0,0.53,1.47,0.54,5.0,0.47,5.0,0.46,5.0,0.51,41.55,0.52,260.0,0.01,0.04,2322.278289,1776403938000
1776403939.767,139.767,0.53,22.42,0.52,20.0,0.54,5.0,0.55,33.0,0.46,5.0,0.45,33.0,0.48,57.55,0.49,20.0,0.01,0.02,2322.278289,1776403938000
1776403940.189,140.189,0.53,25.07,0.52,20.0,0.54,5.0,0.55,26.0,0.46,5.0,0.45,33.0,0.47,22.42,0.48,20.0,0.01,0.01,2322.278289,1776403938000
1776403940.616,140.616,0.53,4.07,0.48,200.0,0.54,194.53,0.55,31.0,0.46,5.0,0.45,26.0,0.47,25.07,0.48,20.0,0.01,0.01,2322.216906,1776403939000
1776403940.919,140.919,0.46,3.05,0.42,19.8,0.48,10.0,0.49,275.0,0.5,70.0,0.49,70.0,0.52,195.72,0.54,5.0,0.02,0.02,2322.216906,1776403939000
1776403941.445,141.445,0.4,63.46,0.38,70.0,0.43,106.55,0.44,10.0,0.57,7.55,0.53,186.0,0.58,19.8,0.59,10.0,0.03,0.01,2322.26818,1776403940000
1776403941.707,141.707,0.4,83.01,0.39,10.0,0.41,30.78,0.42,5.0,0.57,106.55,0.56,10.0,0.6,63.46,0.62,70.0,0.01,0.03,2322.26818,1776403940000
1776403941.944,141.944,0.4,102.01,0.39,10.0,0.41,41.78,0.42,5.0,0.59,30.78,0.58,5.0,0.6,83.01,0.61,10.0,0.01,0.01,2322.28163,1776403941000
1776403942.217,142.217,0.4,80.51,0.39,10.0,0.41,20.8,0.42,15.0,0.59,20.8,0.58,15.0,0.6,78.01,0.61,10.0,0.01,0.01,2322.28163,1776403941000
1776403942.57,142.57,0.4,83.47,0.39,10.0,0.41,20.8,0.43,33.55,0.59,20.8,0.58,15.0,0.6,80.51,0.61,10.0,0.01,0.01,2322.28163,1776403941000
1776403943.078,143.078,0.42,143.55,0.41,74.0,0.51,5.0,0.52,10.0,0.57,33.55,0.56,15.0,0.6,83.47,0.61,10.0,0.09,0.03,2322.261829,1776403942000
1776403943.397,143.397,0.51,15.3,0.5,15.0,0.52,5.0,0.53,5.0,0.49,4.9,0.48,10.0,0.5,10.0,0.51,10.0,0.01,0.01,2322.261829,1776403942000
1776403945.438,145.438,0.42,20.11,0.41,60.0,0.52,12.0,0.53,118.46,0.48,5.0,0.47,108.46,0.49,9.3,0.5,15.0,0.1,0.01,2322.130376,1776403943000
1776403946.05,146.05,0.46,5.55,0.45,10.0,0.49,22.0,0.5,10.0,0.48,12.0,0.47,118.46,0.58,20.11,0.59,60.0,0.03,0.1,2322.320408,1776403944000
1776403946.748,146.748,0.46,0.58,0.45,10.0,0.47,10.0,0.48,10.0,0.51,22.0,0.5,10.0,0.54,5.55,0.55,10.0,0.01,0.03,2322.30619,1776403945000
1776403947.807,147.807,0.46,15.96,0.45,10.0,0.47,10.0,0.48,10.0,0.53,10.0,0.52,10.0,0.54,0.58,0.55,10.0,0.01,0.01,2322.354419,1776403946000
1776403948.332,148.332,0.48,15.0,0.47,10.0,0.5,9.9,0.51,26.0,0.53,10.0,0.52,10.0,0.54,15.96,0.55,10.0,0.02,0.01,2322.31143,1776403947000
1776403949.362,149.362,0.48,11.26,0.47,10.0,0.5,9.9,0.51,26.0,0.5,9.9,0.49,26.0,0.52,15.0,0.53,10.0,0.02,0.02,2322.358861,1776403948000
1776403952.312,152.312,0.47,0.26,0.46,10.96,0.5,41.15,0.51,20.0,0.5,9.9,0.49,26.0,0.52,11.26,0.53,10.0,0.03,0.02,2322.367165,1776403951000
1776403955.187,155.187,0.4,65.67,0.39,19.0,0.44,63.99,0.45,26.0,0.5,41.15,0.49,20.0,0.53,0.26,0.54,10.96,0.04,0.03,2322.560568,1776403954000
1776403958.741,158.741,0.39,12.9,0.36,5.0,0.46,181.0,0.47,80.0,0.6,25.99,0.59,12.0,0.61,44.77,0.62,28.0,0.07,0.01,2322.298826,1776403957000
1776403959.171,159.171,0.39,3.06,0.36,5.0,0.4,5.0,0.41,70.0,0.54,188.0,0.53,80.0,0.61,12.9,0.64,5.0,0.01,0.07,2322.36043,1776403958000
1776403959.573,159.573,0.31,41.85,0.3,5.0,0.4,5.0,0.41,130.0,0.6,5.0,0.59,70.0,0.61,3.06,0.64,5.0,0.09,0.01,2322.36043,1776403958000
1776403960.188,160.188,0.31,26.7,0.29,5.0,0.34,77.57,0.35,70.0,0.6,5.0,0.59,60.0,0.69,31.85,0.7,5.0,0.03,0.09,2322.36043,1776403958000
1776403961.228,161.228,0.21,86.0,0.2,50.5,0.24,0.5,0.25,10.0,0.66,139.0,0.65,70.0,0.69,21.7,0.71,5.0,0.03,0.03,2322.064255,1776403959000
1776403961.546,161.546,0.21,43.0,0.2,50.5,0.22,15.0,0.23,10.0,0.76,0.5,0.75,10.0,0.79,86.0,0.8,50.5,0.01,0.03,2321.893078,1776403960000
1776403961.799,161.799,0.21,80.69,0.2,50.5,0.22,5.45,0.23,10.0,0.78,15.0,0.77,10.0,0.79,45.69,0.8,50.5,0.01,0.01,2321.893078,1776403960000
1776403963.257,163.257,0.22,10.0,0.21,48.69,0.23,54.0,0.24,11.5,0.77,10.0,0.76,0.5,0.79,50.69,0.8,50.5,0.01,0.02,2321.520007,1776403961000
1776403964.849,164.849,0.22,5.0,0.21,43.69,0.23,39.0,0.24,6.5,0.77,54.0,0.76,11.5,0.78,10.0,0.79,48.69,0.01,0.01,2321.437764,1776403963000
1776403965.586,165.586,0.22,69.22,0.21,43.69,0.23,26.0,0.24,6.5,0.77,39.0,0.76,6.5,0.78,5.0,0.79,43.69,0.01,0.01,2321.437764,1776403963000
1776403967.175,167.175,0.22,10.0,0.21,43.69,0.34,76.99,0.35,80.0,0.76,2.5,0.75,15.0,0.78,69.22,0.79,43.69,0.12,0.02,2321.420772,1776403965000
1776403968.348,168.348,0.22,3.0,0.21,53.69,0.23,40.0,0.24,16.0,0.66,76.99,0.65,80.0,0.78,10.0,0.79,43.69,0.01,0.12,2321.498793,1776403967000
1776403972.595,172.595,0.21,112.6,0.2,10.0,0.22,52.99,0.23,17.0,0.77,40.0,0.76,16.0,0.78,3.0,0.79,53.69,0.01,0.01,2321.457507,1776403971000
1776403972.857,172.857,0.21,106.78,0.2,10.0,0.22,47.99,0.23,17.0,0.78,52.99,0.77,17.0,0.79,106.78,0.8,10.0,0.01,0.01,2321.457507,1776403971000
1776403973.21,173.21,0.21,92.48,0.2,10.0,0.22,35.76,0.24,10.0,0.78,42.76,0.76,10.0,0.79,92.48,0.8,10.0,0.01,0.01,2321.457507,1776403971000
1776403973.825,173.825,0.21,92.48,0.2,10.0,0.22,21.46,0.23,10.0,0.78,35.76,0.76,10.0,0.79,92.48,0.8,10.0,0.01,0.01,2321.457167,1776403972000
1776403974.356,174.356,0.21,7.0,0.17,19.0,0.22,111.45,0.23,15.0,0.78,21.46,0.77,10.0,0.79,92.48,0.8,10.0,0.01,0.01,2321.38459,1776403973000
1776403974.955,174.955,0.18,2.57,0.17,44.0,0.19,39.99,0.2,15.0,0.78,113.45,0.77,15.0,0.82,5.0,0.83,19.0,0.01,0.04,2321.38459,1776403973000
1776403977.123,177.123,0.21,118.0,0.2,20.0,0.22,26.46,0.23,10.0,0.81,39.99,0.8,15.0,0.82,1.35,0.83,44.0,0.01,0.01,2321.242875,1776403976000
1776403978.035,178.035,0.21,106.73,0.2,81.5,0.22,14.46,0.24,5.0,0.78,26.46,0.77,10.0,0.79,106.73,0.8,20.0,0.01,0.01,2321.242875,1776403976000
1776403979.248,179.248,0.21,105.7,0.2,15.0,0.22,14.46,0.24,10.0,0.78,14.46,0.76,5.0,0.79,106.73,0.8,81.5,0.01,0.01,2321.365525,1776403978000
1776403979.917,179.917,0.21,195.7,0.2,15.0,0.29,10.0,0.31,50.0,0.78,14.46,0.76,10.0,0.79,105.7,0.8,15.0,0.08,0.01,2321.365525,1776403978000
1776403980.649,180.649,0.26,5.0,0.25,10.0,0.28,10.0,0.29,10.0,0.71,10.0,0.69,50.0,0.79,195.7,0.8,15.0,0.02,0.08,2321.39913,1776403979000
1776403981.259,181.259,0.26,5.0,0.25,10.0,0.27,16.84,0.28,10.0,0.72,10.0,0.71,10.0,0.74,5.0,0.75,10.0,0.01,0.02,2321.39913,1776403979000
1776403983.124,183.124,0.25,24.66,0.24,22.0,0.27,16.84,0.28,15.0,0.73,16.84,0.72,10.0,0.75,8.66,0.76,10.0,0.02,0.02,2321.705708,1776403981000
1776403986.123,186.123,0.26,59.0,0.25,34.0,0.27,10.84,0.28,15.0,0.73,16.84,0.72,15.0,0.75,24.66,0.76,22.0,0.01,0.02,2321.60864,1776403985000
1776403987.584,187.584,0.26,14.0,0.25,34.0,0.28,8.6,0.29,15.0,0.72,8.6,0.71,15.0,0.74,64.0,0.75,34.0,0.02,0.02,2321.610395,1776403986000
1776403990.937,190.937,0.28,82.0,0.27,15.0,0.41,118.68,0.42,6.0,0.72,8.6,0.71,15.0,0.74,14.0,0.75,34.0,0.13,0.02,2321.756616,1776403989000
1776403993.976,193.976,0.38,75.65,0.37,15.0,0.41,5.0,0.42,5.0,0.59,118.68,0.58,6.0,0.72,82.0,0.73,15.0,0.03,0.13,2321.948741,1776403992000
1776403994.325,194.325,0.43,16.65,0.42,15.0,0.44,3.25,0.45,15.0,0.56,14.61,0.55,15.0,0.59,26.65,0.6,15.0,0.01,0.03,2321.948741,1776403992000
1776403994.971,194.971,0.45,4.66,0.44,5.0,0.46,67.0,0.47,10.0,0.56,3.25,0.55,15.0,0.57,16.65,0.58,15.0,0.01,0.01,2321.948741,1776403992000
1776403995.502,195.502,0.44,12.87,0.43,15.0,0.45,17.0,0.46,65.0,0.54,67.0,0.53,10.0,0.56,4.66,0.57,5.0,0.01,0.02,2321.997038,1776403993000
1776403996.325,196.325,0.44,89.87,0.43,32.0,0.51,50.0,0.52,5.0,0.55,17.0,0.54,65.0,0.56,12.87,0.57,15.0,0.07,0.01,2322.009565,1776403994000
1776403996.569,196.569,0.5,10.0,0.45,20.0,0.55,15.9,0.56,55.0,0.45,16.0,0.44,55.0,0.5,10.0,0.56,84.87,0.05,0.05,2322.148209,1776403995000
1776403997.738,197.738,0.54,32.0,0.53,20.0,0.55,80.15,0.56,50.0,0.45,15.9,0.44,55.0,0.5,1.6,0.52,10.0,0.01,0.05,2322.157841,1776403996000
1776403998.1,198.1,0.6,5.0,0.59,10.0,0.61,50.0,0.64,5.0,0.45,14.98,0.44,50.0,0.46,32.0,0.47,20.0,0.01,0.01,2322.255145,1776403997000
1776403998.318,198.318,0.6,29.2,0.59,10.0,0.61,34.74,0.64,5.0,0.39,34.84,0.36,5.0,0.4,29.2,0.41,10.0,0.01,0.01,2322.255145,1776403997000
1776403998.725,198.725,0.62,15.0,0.61,10.0,0.63,9.64,0.66,70.0,0.36,4.82,0.34,120.0,0.4,28.75,0.41,20.0,0.01,0.04,2322.255145,1776403997000
1776403998.98,198.98,0.65,16.85,0.64,10.0,0.66,68.67,0.67,5.0,0.34,70.0,0.33,5.0,0.35,6.85,0.36,10.0,0.01,0.01,2322.255145,1776403997000
1776403999.37,199.37,0.62,10.0,0.61,10.0,0.64,10.0,0.65,133.16,0.34,68.67,0.33,5.0,0.36,6.04,0.37,10.0,0.02,0.02,2322.255145,1776403997000
1776403999.656,199.656,0.62,5.0,0.61,10.0,0.63,20.0,0.64,10.0,0.36,10.0,0.35,133.16,0.38,10.0,0.39,10.0,0.01,0.02,2322.65225,1776403998000
1776404000.238,200.238,0.62,15.0,0.61,10.0,0.63,3.3,0.65,128.16,0.37,20.0,0.36,10.0,0.38,5.0,0.39,10.0,0.01,0.01,2322.65225,1776403998000
1776404000.559,200.559,0.62,2.78,0.61,10.0,0.63,3.3,0.65,128.16,0.37,3.3,0.35,128.16,0.38,15.0,0.39,10.0,0.01,0.01,2322.69561,1776403999000
1776404000.901,200.901,0.62,8.83,0.61,10.0,0.63,3.3,0.64,10.0,0.37,3.3,0.35,128.16,0.38,2.78,0.39,10.0,0.01,0.01,2322.69561,1776403999000
1776404002.06,202.06,0.62,8.83,0.61,10.0,0.63,5.25,0.64,10.0,0.37,3.3,0.36,10.0,0.38,8.83,0.39,10.0,0.01,0.01,2322.803485,1776404000000
1776404002.483,202.483,0.62,3.83,0.61,10.0,0.65,127.29,0.66,83.67,0.37,5.25,0.36,10.0,0.38,8.83,0.39,10.0,0.03,0.01,2322.803485,1776404000000
1776404003.42,203.42,0.63,3.04,0.62,2.78,0.64,20.0,0.65,132.29,0.35,127.29,0.34,83.67,0.37,4.77,0.38,2.78,0.01,0.02,2322.820936,1776404002000
1776404003.735,203.735,0.59,10.0,0.58,21.0,0.61,15.0,0.62,15.0,0.36,20.0,0.35,132.29,0.37,3.04,0.38,2.78,0.02,0.01,2322.820936,1776404002000
1776404004.417,204.417,0.59,10.0,0.58,21.0,0.6,21.65,0.61,71.24,0.39,15.0,0.38,15.0,0.41,10.0,0.42,21.0,0.01,0.02,2322.820936,1776404002000
1776404004.621,204.621,0.58,19.14,0.57,10.0,0.6,21.65,0.61,21.0,0.4,21.65,0.39,71.24,0.41,10.0,0.42,21.0,0.02,0.01,2322.820936,1776404002000
1776404005.269,205.269,0.51,48.02,0.48,30.0,0.56,10.0,0.57,100.85,0.4,21.65,0.39,21.0,0.41,0.95,0.42,19.14,0.05,0.01,2322.865879,1776404003000
1776404005.512,205.512,0.49,15.0,0.48,10.0,0.5,0.23,0.51,19.64,0.49,9.64,0.48,15.0,0.51,10.0,0.52,10.0,0.01,0.02,2322.827607,1776404004000
1776404005.927,205.927,0.5,15.0,0.49,10.0,0.54,12.0,0.55,10.0,0.5,0.23,0.49,14.64,0.51,15.0,0.52,10.0,0.04,0.01,2322.827607,1776404004000
1776404006.293,206.293,0.52,7.04,0.51,15.0,0.53,5.0,0.54,12.0,0.46,12.0,0.45,10.0,0.5,15.0,0.51,10.0,0.01,0.04,2322.827607,1776404004000
1776404008.225,208.225,0.51,0.91,0.5,10.0,0.52,25.38,0.53,10.0,0.47,5.0,0.46,12.0,0.48,7.04,0.49,15.0,0.01,0.01,2322.788149,1776404006000
1776404009.556,209.556,0.51,0.71,0.5,10.0,0.52,35.38,0.53,10.0,0.48,25.38,0.47,10.0,0.49,0.91,0.5,10.0,0.01,0.01,2322.57476,1776404007000
1776404012.055,212.055,0.51,5.71,0.5,10.0,0.52,10.77,0.53,10.0,0.48,35.38,0.47,10.0,0.49,0.71,0.5,10.0,0.01,0.01,2322.570912,1776404011000
1776404013.066,213.066,0.51,10.71,0.5,20.0,0.56,50.0,0.57,10.0,0.48,10.77,0.47,10.0,0.49,5.71,0.5,10.0,0.05,0.01,2322.570912,1776404011000
1776404013.362,213.362,0.55,5.0,0.53,10.0,0.56,48.54,0.57,10.0,0.44,50.0,0.43,10.0,0.49,10.71,0.5,20.0,0.01,0.05,2322.561705,1776404012000
1776404016.788,216.788,0.5,5.0,0.49,15.0,0.52,52.66,0.53,15.0,0.44,9.13,0.43,10.0,0.45,5.0,0.47,10.0,0.02,0.01,2322.587465,1776404015000
1776404017.147,217.147,0.5,3.0,0.49,15.0,0.51,47.66,0.52,31.0,0.48,52.66,0.47,15.0,0.5,5.0,0.51,15.0,0.01,0.02,2322.587205,1776404016000
1776404017.731,217.731,0.41,5.0,0.37,19.0,0.49,141.66,0.5,103.0,0.5,7.0,0.49,42.66,0.51,15.0,0.52,27.0,0.08,0.01,2322.587205,1776404016000
1776404017.99,217.99,0.31,53.98,0.3,21.0,0.33,15.0,0.34,15.0,0.58,83.0,0.57,10.0,0.69,55.0,0.7,21.0,0.02,0.11,2322.587205,1776404016000
1776404018.446,218.446,0.28,17.89,0.27,5.0,0.32,37.0,0.33,25.0,0.68,15.0,0.67,15.0,0.69,14.88,0.7,21.0,0.04,0.01,2322.556006,1776404017000
1776404019.376,219.376,0.23,5.0,0.22,51.0,0.24,13.7,0.25,21.0,0.71,15.0,0.7,15.0,0.74,18.4,0.75,35.0,0.01,0.03,2322.505507,1776404018000
1776404019.71,219.71,0.23,5.0,0.22,51.0,0.25,21.0,0.26,15.0,0.76,13.7,0.75,21.0,0.77,5.0,0.78,51.0,0.02,0.01,2322.505507,1776404018000
1776404020.58,220.58,0.23,10.0,0.22,50.0,0.25,21.0,0.26,15.0,0.75,21.0,0.74,15.0,0.77,5.0,0.78,51.0,0.02,0.02,2322.159985,1776404019000
1776404021.121,221.121,0.23,5.0,0.22,40.0,0.24,10.83,0.25,21.0,0.75,21.0,0.74,15.0,0.77,10.0,0.78,50.0,0.01,0.02,2322.159985,1776404019000
1776404023.939,223.939,0.4,20.0,0.39,15.0,0.41,70.36,0.42,15.0,0.76,10.83,0.75,21.0,0.77,5.0,0.78,40.0,0.01,0.01,2321.867142,1776404022000
1776404024.14,224.14,0.4,19.73,0.39,15.0,0.41,75.36,0.42,15.0,0.59,75.36,0.58,15.0,0.6,22.0,0.61,15.0,0.01,0.01,2321.867142,1776404022000
1776404024.549,224.549,0.38,10.0,0.37,15.0,0.41,10.0,0.46,50.0,0.59,58.17,0.58,15.0,0.6,25.0,0.61,15.0,0.03,0.01,2321.830072,1776404023000
1776404024.819,224.819,0.45,50.11,0.44,21.36,0.46,59.9,0.47,10.0,0.59,10.0,0.54,50.0,0.62,10.0,0.63,15.0,0.01,0.03,2321.830072,1776404023000
1776404025.075,225.075,0.28,3.86,0.27,6.0,0.31,10.0,0.34,10.0,0.54,59.9,0.53,10.0,0.55,50.11,0.56,21.36,0.03,0.01,2321.84117,1776404024000
1776404025.327,225.327,0.25,14.9,0.24,10.0,0.26,10.0,0.27,10.0,0.71,26.0,0.7,10.0,0.75,1.86,0.77,8.0,0.01,0.04,2321.84117,1776404024000
1776404026.986,226.986,0.24,15.0,0.23,29.0,0.25,15.04,0.26,10.0,0.74,10.0,0.73,10.0,0.76,3.35,0.77,29.0,0.01,0.02,2321.84117,1776404024000
1776404027.825,227.825,0.24,22.0,0.23,29.0,0.25,10.04,0.26,10.0,0.75,5.04,0.74,10.0,0.76,20.0,0.77,29.0,0.01,0.01,2322.11181,1776404026000
1776404028.736,228.736,0.23,42.0,0.22,126.37,0.27,0.77,0.28,10.0,0.75,10.04,0.74,10.0,0.76,22.0,0.77,29.0,0.04,0.01,2322.119899,1776404027000
1776404032.237,232.237,0.4,5.0,0.39,10.0,0.41,49.56,0.42,10.0,0.73,0.77,0.72,10.0,0.77,42.0,0.78,126.37,0.01,0.04,2321.936405,1776404030000
1776404032.852,232.852,0.4,38.95,0.39,15.0,0.43,10.0,0.44,10.0,0.59,49.46,0.58,10.0,0.6,5.0,0.61,10.0,0.03,0.01,2321.92687,1776404031000
1776404036.862,236.862,0.39,2.95,0.38,20.0,0.42,10.0,0.43,10.0,0.57,10.0,0.56,10.0,0.6,38.95,0.61,15.0,0.03,0.03,2322.185187,1776404035000
1776404037.546,237.546,0.39,5.0,0.37,15.0,0.4,7.97,0.41,10.0,0.58,10.0,0.57,10.0,0.61,2.95,0.62,20.0,0.01,0.03,2322.171315,1776404036000
1776404040.969,240.969,0.36,50.0,0.35,5.0,0.37,24.29,0.38,15.0,0.6,7.97,0.59,10.0,0.61,5.0,0.63,15.0,0.01,0.01,2322.14829,1776404039000
1776404042.096,242.096,0.47,10.63,0.44,10.0,0.5,9.24,0.54,5.0,0.63,54.29,0.62,15.0,0.64,37.67,0.65,5.0,0.03,0.01,2322.148185,1776404040000
1776404042.701,242.701,0.53,0.44,0.49,10.0,0.54,107.0,0.55,87.0,0.44,72.04,0.43,29.7,0.56,10.0,0.57,15.0,0.01,0.12,2322.148185,1776404040000
1776404043.033,243.033,0.52,15.0,0.51,10.0,0.54,3.87,0.55,10.0,0.46,107.0,0.45,87.0,0.47,0.44,0.51,10.0,0.02,0.01,2322.16893,1776404041000
1776404043.481,243.481,0.59,10.0,0.58,10.0,0.65,19.15,0.66,155.0,0.45,3.18,0.44,10.0,0.48,3.95,0.49,10.0,0.06,0.03,2322.194734,1776404042000
1776404043.682,243.682,0.57,10.0,0.56,10.0,0.6,76.61,0.61,80.0,0.4,80.0,0.39,10.0,0.43,10.0,0.44,10.0,0.03,0.03,2322.194734,1776404042000
1776404044.357,244.357,0.6,10.0,0.59,10.0,0.61,196.94,0.62,80.0,0.4,76.61,0.39,80.0,0.43,10.0,0.44,10.0,0.01,0.03,2322.360639,1776404043000
1776404044.81,244.81,0.6,0.19,0.59,10.0,0.61,191.94,0.62,80.0,0.39,196.94,0.38,80.0,0.4,10.0,0.41,10.0,0.01,0.01,2322.360639,1776404043000
1776404047.647,247.647,0.63,15.0,0.62,15.0,0.64,66.75,0.68,140.0,0.39,191.94,0.38,80.0,0.4,0.19,0.41,10.0,0.01,0.01,2322.626795,1776404046000
1776404049.089,249.089,0.67,20.0,0.66,10.0,0.68,152.12,0.69,80.0,0.36,36.75,0.32,140.0,0.37,20.0,0.38,15.0,0.01,0.01,2322.638022,1776404048000
1776404049.595,249.595,0.68,20.0,0.67,20.0,0.71,50.0,0.72,10.0,0.32,152.12,0.31,80.0,0.33,20.0,0.34,10.0,0.03,0.01,2322.638022,1776404048000
1776404050.043,250.043,0.7,0.1,0.68,15.0,0.71,66.0,0.72,150.0,0.29,50.0,0.28,10.0,0.32,20.0,0.33,20.0,0.01,0.03,2322.638022,1776404048000
1776404050.485,250.485,0.68,8.52,0.67,20.0,0.69,93.41,0.7,10.0,0.29,57.82,0.28,150.0,0.32,11.96,0.33,20.0,0.01,0.03,2322.638022,1776404048000
1776404050.905,250.905,0.68,8.52,0.67,20.0,0.69,63.4,0.7,10.0,0.31,82.68,0.3,10.0,0.32,8.52,0.33,20.0,0.01,0.01,2322.782415,1776404049000
1776404051.34,251.34,0.67,1.75,0.65,10.0,0.69,9.42,0.7,10.0,0.31,68.4,0.3,10.0,0.33,1.75,0.34,10.0,0.02,0.02,2322.772047,1776404050000
1776404051.753,251.753,0.66,15.0,0.65,8.5,0.67,9.0,0.68,10.0,0.33,5.0,0.32,15.0,0.34,12.05,0.35,8.5,0.01,0.01,2322.772047,1776404050000
1776404051.963,251.963,0.66,11.76,0.65,8.5,0.67,9.0,0.68,10.0,0.33,9.0,0.32,10.0,0.34,15.0,0.35,8.5,0.01,0.01,2322.772047,1776404050000
1776404052.357,252.357,0.66,6.11,0.65,8.5,0.67,2.5,0.68,10.0,0.33,14.0,0.32,10.0,0.34,11.11,0.35,8.5,0.01,0.01,2322.81132,1776404051000
1776404053.421,253.421,0.63,2.4,0.62,10.0,0.64,20.0,0.65,15.0,0.33,2.5,0.32,10.0,0.34,6.11,0.35,8.5,0.01,0.01,2322.823489,1776404052000
1776404053.846,253.846,0.63,9.4,0.62,10.0,0.64,29.66,0.65,15.0,0.36,20.0,0.35,15.0,0.37,2.4,0.38,10.0,0.01,0.01,2322.823489,1776404052000
1776404054.192,254.192,0.63,9.4,0.62,10.0,0.64,29.97,0.65,15.0,0.36,29.66,0.35,15.0,0.37,9.4,0.38,10.0,0.01,0.01,2322.822012,1776404053000
1776404054.595,254.595,0.63,6.69,0.62,10.0,0.64,4.97,0.65,15.0,0.36,29.97,0.35,15.0,0.37,9.4,0.38,10.0,0.01,0.01,2322.822012,1776404053000
1776404055.483,255.483,0.63,22.0,0.62,10.0,0.65,4.97,0.66,10.0,0.36,4.97,0.35,15.0,0.37,6.69,0.38,10.0,0.02,0.01,2322.89905,1776404054000
1776404055.774,255.774,0.64,10.0,0.63,17.0,0.65,18.46,0.66,10.0,0.35,4.97,0.34,10.0,0.37,22.0,0.38,10.0,0.01,0.02,2322.89905,1776404054000
1776404056.426,256.426,0.64,10.0,0.63,10.0,0.65,13.46,0.66,10.0,0.35,18.46,0.34,10.0,0.36,10.0,0.37,17.0,0.01,0.01,2322.774547,1776404055000
1776404056.804,256.804,0.64,53.0,0.63,15.0,0.71,5.0,0.74,18.7,0.35,13.46,0.34,10.0,0.36,10.0,0.37,10.0,0.07,0.01,2322.774547,1776404055000
1776404057.395,257.395,0.7,57.98,0.69,15.0,0.75,60.23,0.76,139.7,0.29,5.0,0.26,18.7,0.36,53.0,0.37,15.0,0.05,0.07,2322.774547,1776404055000
1776404057.839,257.839,0.74,44.98,0.73,15.0,0.75,50.87,0.76,139.7,0.25,60.23,0.24,139.7,0.3,57.98,0.31,15.0,0.01,0.05,2322.765195,1776404056000
1776404058.208,258.208,0.74,24.68,0.73,15.0,0.75,40.7,0.76,139.7,0.25,40.7,0.24,139.7,0.26,49.98,0.27,15.0,0.01,0.01,2322.765195,1776404056000
1776404058.826,258.826,0.74,26.02,0.73,15.0,0.75,31.34,0.76,139.7,0.25,40.7,0.24,139.7,0.26,21.02,0.27,15.0,0.01,0.01,2322.768685,1776404057000
1776404059.616,259.616,0.74,22.17,0.73,15.0,0.75,10.0,0.76,139.7,0.25,31.34,0.24,139.7,0.26,26.02,0.27,15.0,0.01,0.01,2322.768685,1776404057000
1776404059.833,259.833,0.74,17.93,0.73,15.0,0.75,0.64,0.76,120.0,0.25,10.0,0.24,139.7,0.26,22.93,0.27,15.0,0.01,0.01,2322.768685,1776404057000
1776404060.117,260.117,0.75,18.55,0.74,10.0,0.76,120.0,0.77,70.0,0.25,0.64,0.24,120.0,0.26,17.93,0.27,15.0,0.01,0.01,2322.86659,1776404058000
1776404060.819,260.819,0.75,16.19,0.74,10.0,0.76,125.0,0.77,70.0,0.24,120.0,0.23,70.0,0.25,18.55,0.26,10.0,0.01,0.01,2322.889176,1776404059000
1776404061.842,261.842,0.75,11.19,0.74,10.0,0.76,65.64,0.77,70.0,0.24,115.64,0.23,70.0,0.25,11.19,0.26,10.0,0.01,0.01,2322.893411,1776404060000
1776404062.849,262.849,0.77,20.0,0.76,15.0,0.79,10.0,0.81,86.0,0.24,65.64,0.23,70.0,0.25,11.19,0.26,10.0,0.02,0.01,2322.89434,1776404061000
1776404063.485,263.485,0.79,14.04,0.78,10.0,0.81,60.8,0.82,70.0,0.19,73.41,0.18,70.0,0.2,9.0,0.21,29.32,0.02,0.01,2322.89434,1776404061000
1776404063.775,263.775,0.76,10.0,0.75,22.0,0.8,10.0,0.81,70.8,0.19,60.8,0.18,70.0,0.21,14.04,0.22,10.0,0.04,0.02,2322.89871,1776404062000
1776404064.753,264.753,0.79,5.23,0.78,15.0,0.8,9.47,0.81,70.8,0.2,9.47,0.19,70.8,0.23,10.0,0.24,10.0,0.01,0.03,2322.91836,1776404063000
1776404065.013,265.013,0.78,10.9,0.77,10.0,0.81,70.8,0.82,96.0,0.2,9.47,0.19,70.8,0.21,5.23,0.22,15.0,0.03,0.01,2322.91836,1776404063000
1776404065.499,265.499,0.8,13.5,0.79,10.0,0.81,60.8,0.82,96.0,0.19,70.8,0.18,96.0,0.22,10.9,0.23,10.0,0.01,0.03,2323.00573,1776404064000
1776404066.201,266.201,0.8,15.0,0.79,20.0,0.81,57.19,0.82,70.0,0.19,64.05,0.18,70.0,0.2,13.5,0.21,10.0,0.01,0.01,2323.00573,1776404064000
1776404066.5,266.5,0.71,57.42,0.7,70.1,0.81,62.19,0.82,70.0,0.19,57.19,0.18,70.0,0.2,15.0,0.21,20.0,0.1,0.01,2323.00573,1776404064000
1776404067.762,267.762,0.83,44.0,0.82,15.0,0.84,2.88,0.85,10.0,0.19,62.3,0.18,80.0,0.21,10.0,0.22,10.0,0.01,0.02,2322.997005,1776404066000
1776404068.395,268.395,0.83,41.23,0.82,10.0,0.84,2.88,0.9,10.0,0.16,2.88,0.15,10.0,0.17,44.0,0.18,15.0,0.01,0.01,2323.003765,1776404067000
1776404068.825,268.825,0.9,26.18,0.89,15.0,0.91,3.9,0.92,17.0,0.09,9.27,0.08,17.0,0.17,41.23,0.18,10.0,0.01,0.08,2323.003765,1776404067000
1776404069.297,269.297,0.91,21.18,0.9,15.0,0.93,56.74,0.94,89.8,0.08,7.22,0.07,79.3,0.1,26.18,0.11,15.0,0.02,0.02,2323.003765,1776404067000
1776404069.506,269.506,0.92,21.18,0.91,15.0,0.93,119.11,0.94,89.8,0.07,126.61,0.06,89.8,0.08,21.18,0.09,15.0,0.01,0.01,2323.003765,1776404067000
1776404069.712,269.712,0.91,6.27,0.9,25.0,0.93,104.46,0.94,89.8,0.07,104.46,0.06,89.8,0.08,21.18,0.09,15.0,0.02,0.01,2323.094986,1776404068000
1776404070.684,270.684,0.91,11.27,0.9,15.0,0.92,56.13,0.93,15.0,0.07,118.3,0.06,89.8,0.08,10.0,0.09,6.27,0.01,0.01,2323.155065,1776404069000
1776404070.889,270.889,0.91,6.27,0.9,15.0,0.92,46.99,0.93,15.0,0.08,45.26,0.07,15.0,0.09,11.27,0.1,15.0,0.01,0.01,2323.155065,1776404069000
1776404071.134,271.134,0.91,11.27,0.9,15.0,0.93,4.26,0.94,94.8,0.08,46.99,0.07,15.0,0.09,6.27,0.1,15.0,0.02,0.01,2323.155065,1776404069000
1776404071.527,271.527,0.91,6.27,0.9,15.0,0.93,6.26,0.94,94.8,0.07,6.26,0.06,94.8,0.08,10.0,0.09,6.27,0.02,0.01,2323.160571,1776404070000
1776404072.37,272.37,0.92,10.0,0.91,6.27,0.93,5.51,0.94,94.8,0.07,6.26,0.06,94.8,0.08,5.0,0.09,6.27,0.01,0.01,2323.160571,1776404070000
1776404072.961,272.961,0.92,13.28,0.91,6.27,0.93,5.51,0.94,89.8,0.07,5.51,0.06,94.8,0.08,10.0,0.09,6.27,0.01,0.01,2323.328115,1776404071000
1776404073.849,273.849,0.88,6.67,0.87,10.0,0.94,74.0,0.95,110.8,0.06,89.0,0.05,110.8,0.07,15.0,0.08,8.28,0.06,0.01,2323.271704,1776404072000
1776404074.436,274.436,0.92,15.0,0.91,10.0,0.94,10.09,0.95,105.8,0.06,74.0,0.05,110.8,0.12,6.67,0.13,10.0,0.02,0.06,2323.271704,1776404072000
1776404074.981,274.981,0.92,15.0,0.91,10.0,0.94,4.09,0.95,105.8,0.06,10.09,0.05,105.8,0.08,15.0,0.09,10.0,0.02,0.02,2323.275995,1776404073000
1776404075.986,275.986,0.9,25.0,0.89,15.0,0.93,14.13,0.94,4.09,0.06,4.09,0.05,30.0,0.09,10.0,0.1,20.0,0.03,0.03,2323.275997,1776404074000
1776404076.506,276.506,0.9,15.0,0.89,15.0,0.92,15.0,0.93,9.13,0.07,14.13,0.06,4.09,0.1,25.0,0.11,15.0,0.02,0.03,2323.275997,1776404074000
1776404076.803,276.803,0.92,10.0,0.91,10.0,0.95,8.22,0.96,120.0,0.04,90.0,0.03,139.0,0.05,21.78,0.1,15.0,0.03,0.01,2323.287471,1776404075000
1776404077.299,277.299,0.92,10.0,0.91,25.0,0.94,2.97,0.95,10.0,0.05,8.22,0.04,120.0,0.08,10.0,0.09,10.0,0.02,0.03,2323.287471,1776404075000
1776404077.512,277.512,0.93,10.0,0.92,10.0,0.95,13.94,0.96,40.0,0.06,2.97,0.05,10.0,0.08,10.0,0.09,25.0,0.02,0.02,2323.295746,1776404076000
1776404077.851,277.851,0.91,9.44,0.9,15.0,0.95,8.94,0.96,40.0,0.05,13.94,0.04,40.0,0.07,10.0,0.08,10.0,0.04,0.02,2323.295746,1776404076000
1776404078.532,278.532,0.93,6.05,0.92,10.0,0.95,8.94,0.96,40.0,0.05,8.94,0.04,40.0,0.09,9.44,0.1,15.0,0.02,0.04,2323.391459,1776404077000
1776404078.783,278.783,0.93,11.05,0.92,10.0,0.95,3.67,0.96,40.0,0.05,8.94,0.04,40.0,0.07,6.05,0.08,10.0,0.02,0.02,2323.391459,1776404077000
1776404079.315,279.315,0.95,60.33,0.94,10.0,0.96,65.0,0.97,139.0,0.04,40.0,0.03,139.0,0.05,71.33,0.06,10.0,0.01,0.01,2323.391459,1776404077000
1776404079.696,279.696,0.95,50.33,0.94,10.0,0.96,40.0,0.97,134.0,0.04,65.0,0.03,139.0,0.05,55.33,0.06,10.0,0.01,0.01,2323.317285,1776404078000
1776404080.089,280.089,0.95,55.33,0.94,10.0,0.96,36.78,0.97,134.0,0.04,40.0,0.03,134.0,0.05,50.33,0.06,10.0,0.01,0.01,2323.25728,1776404079000
1776404080.615,280.615,0.95,45.33,0.94,10.0,0.97,67.3,0.98,185.78,0.04,36.78,0.03,134.0,0.05,50.33,0.06,10.0,0.02,0.01,2323.25728,1776404079000
1776404080.82,280.82,0.95,60.33,0.94,10.0,0.97,54.94,0.98,185.78,0.03,65.25,0.02,185.78,0.05,60.33,0.06,10.0,0.02,0.02,2323.25728,1776404079000
1776404081.099,281.099,0.95,89.18,0.94,10.0,0.97,39.63,0.98,185.78,0.03,54.94,0.02,185.78,0.05,60.33,0.06,10.0,0.02,0.02,2323.250807,1776404080000
1776404082.527,282.527,0.96,15.0,0.95,89.18,0.97,24.48,0.98,185.78,0.03,39.63,0.02,185.78,0.05,89.18,0.06,10.0,0.01,0.02,2323.298109,1776404081000
1776404083.099,283.099,0.96,15.0,0.95,89.18,0.97,14.17,0.98,185.78,0.03,24.48,0.02,185.78,0.04,15.0,0.05,89.18,0.01,0.01,2323.298274,1776404082000
1776404084.995,284.995,0.95,81.18,0.94,20.0,0.97,14.17,0.98,175.78,0.03,14.17,0.02,185.78,0.04,15.0,0.05,89.18,0.02,0.01,2323.273776,1776404083000
1776404085.573,285.573,0.97,15.0,0.96,10.0,0.98,149.59,0.99,3795.76,0.02,159.8,0.01,3595.76,0.04,5.0,0.05,81.18,0.01,0.02,2323.273887,1776404084000
1776404085.862,285.862,0.97,12.04,0.96,10.0,0.98,100.29,0.99,3795.76,0.02,129.59,0.01,3795.76,0.03,17.04,0.04,10.0,0.01,0.01,2323.273887,1776404084000
1776404086.072,286.072,0.97,11.09,0.96,10.0,0.98,105.29,0.99,3795.76,0.02,100.29,0.01,3795.76,0.03,12.04,0.04,10.0,0.01,0.01,2323.273887,1776404084000
1776404086.589,286.589,0.97,6.09,0.96,10.0,0.98,98.23,0.99,3795.76,0.02,95.23,0.01,3795.76,0.03,6.09,0.04,10.0,0.01,0.01,2323.298172,1776404085000
1776404086.927,286.927,0.97,6.09,0.96,10.0,0.98,86.17,0.99,3795.76,0.02,91.23,0.01,3795.76,0.03,6.09,0.04,10.0,0.01,0.01,2323.298172,1776404085000
1776404087.858,287.858,0.97,11.09,0.96,10.0,0.98,80.96,0.99,3800.76,0.02,86.17,0.01,3795.76,0.03,6.09,0.04,10.0,0.01,0.01,2323.344832,1776404086000
1776404088.13,288.13,0.97,11.09,0.96,10.0,0.98,73.92,0.99,3800.76,0.02,80.96,0.01,3800.76,0.03,11.09,0.04,10.0,0.01,0.01,2323.344832,1776404086000
1776404088.39,288.39,0.97,11.09,0.96,10.0,0.98,71.92,0.99,3800.76,0.02,76.92,0.01,3800.76,0.03,11.09,0.04,10.0,0.01,0.01,2323.398664,1776404087000
1776404088.943,288.943,0.97,21.09,0.96,25.0,0.98,61.81,0.99,3800.76,0.02,71.92,0.01,3800.76,0.03,11.09,0.04,10.0,0.01,0.01,2323.398664,1776404087000
1776404089.415,289.415,0.97,16.09,0.96,25.0,0.98,59.81,0.99,3800.76,0.02,61.81,0.01,3800.76,0.03,21.09,0.04,25.0,0.01,0.01,2323.398664,1776404088000
1776404090.233,290.233,0.97,21.09,0.96,10.0,0.98,64.4,0.99,1300.76,0.02,59.81,0.01,3800.76,0.03,16.09,0.04,25.0,0.01,0.01,2323.459848,1776404089000
1776404090.563,290.563,0.97,21.09,0.96,10.0,0.98,9.2,0.99,1300.76,0.02,24.4,0.01,1300.76,0.03,21.09,0.04,10.0,0.01,0.01,2323.459848,1776404089000
1776404091.033,291.033,0.98,10.0,0.97,16.09,0.99,1190.76,,,0.01,1300.76,,,0.03,21.09,0.04,10.0,0.01,0.02,2323.388764,1776404090000
1776404091.253,291.253,0.98,10.0,0.97,16.09,0.99,1169.74,,,0.01,1190.76,,,0.02,10.0,0.03,16.09,0.01,0.01,2323.388764,1776404090000
1776404091.552,291.552,0.98,10.0,0.97,16.09,0.99,1172.74,,,0.01,1169.74,,,0.02,10.0,0.03,16.09,0.01,0.01,2323.388764,1776404090000
1776404091.89,291.89,0.98,61.0,0.97,16.09,0.99,1161.11,,,0.01,1165.11,,,0.02,61.0,0.03,16.09,0.01,0.01,2323.388764,1776404090000
1776404092.204,292.204,0.98,66.0,0.97,11.09,0.99,1146.0,,,0.01,1161.11,,,0.02,61.0,0.03,16.09,0.01,0.01,2323.40034,1776404091000
1776404092.441,292.441,0.98,66.0,0.97,11.09,0.99,1140.94,,,0.01,1146.0,,,0.02,66.0,0.03,11.09,0.01,0.01,2323.40034,1776404091000
1776404093.455,293.455,0.98,66.0,0.97,11.09,0.99,1029.92,,,0.01,1135.94,,,0.02,66.0,0.03,11.09,0.01,0.01,2323.394788,1776404092000
1776404093.76,293.76,0.98,66.0,0.97,11.09,0.99,1014.86,,,0.01,1029.86,,,0.02,66.0,0.03,11.09,0.01,0.01,2323.394788,1776404092000
1776404093.996,293.996,0.98,66.0,0.97,11.09,0.99,1015.0,,,0.01,1014.86,,,0.02,66.0,0.03,11.09,0.01,0.01,2323.394788,1776404092000
1776404094.292,294.292,0.98,66.0,0.97,11.09,0.99,961.98,,,0.01,963.98,,,0.02,71.0,0.03,11.09,0.01,0.01,2323.394788,1776404092000
1776404094.604,294.604,0.98,66.0,0.97,11.09,0.99,896.98,,,0.01,916.98,,,0.02,66.0,0.03,11.09,0.01,0.01,2323.509657,1776404093000
1776404095.047,295.047,0.98,66.0,0.97,11.09,0.99,876.98,,,0.01,891.98,,,0.02,66.0,0.03,11.09,0.01,0.01,2323.509657,1776404093000
1776404095.557,295.557,0.98,66.0,0.97,28.09,0.99,861.98,,,0.01,876.98,,,0.02,66.0,0.03,11.09,0.01,0.01,2323.347618,1776404094000
1776404096.149,296.149,0.99,143.02,0.98,78.0,,,,,0.01,861.98,,,0.02,66.0,0.03,28.09,,0.01,2323.370382,1776404095000
1776404096.384,296.384,0.99,205.14,0.98,103.0,,,,,,,,,0.01,143.02,0.02,78.0,,,2323.370382,1776404095000
1776404096.663,296.663,0.99,577.55,0.98,52.0,,,,,,,,,0.01,205.14,0.02,103.0,,,2323.370382,1776404095000
