timestamp,elapsed_sec,up_bid_p1,up_bid_s1,up_bid_p2,up_bid_s2,up_ask_p1,up_ask_s1,up_ask_p2,up_ask_s2,down_bid_p1,down_bid_s1,down_bid_p2,down_bid_s2,down_ask_p1,down_ask_s1,down_ask_p2,down_ask_s2,up_spread,down_spread,eth_price,eth_oracle_ts
1776267001.355,1.355,0.5,23.82,0.36,13.89,0.51,182.55,0.53,10.0,0.49,182.55,0.47,10.0,0.5,28.82,0.54,150.0,0.01,0.01,2337.040478,1776267000000
1776267001.884,1.884,0.5,18.82,0.46,8.0,0.51,182.55,0.53,10.0,0.49,182.55,0.47,10.0,0.5,23.82,0.64,13.89,0.01,0.01,2337.040478,1776267000000
1776267002.23,2.23,0.5,18.82,0.46,8.0,0.51,227.13,0.52,12.0,0.49,232.95,0.48,12.0,0.5,18.82,0.54,8.0,0.01,0.01,2337.040478,1776267000000
1776267002.454,2.454,0.42,5.0,0.41,13.0,0.51,232.13,0.52,12.0,0.49,232.13,0.48,12.0,0.54,1.82,0.58,5.0,0.09,0.05,2337.084703,1776267001000
1776267003.082,3.082,0.44,10.0,0.43,6.0,0.46,1.8,0.47,12.05,0.53,0.05,0.52,22.0,0.57,6.0,0.59,5.0,0.02,0.04,2336.728217,1776267002000
1776267003.589,3.589,0.42,16.0,0.41,29.0,0.43,18.13,0.44,20.0,0.54,1.8,0.53,12.05,0.56,10.0,0.57,6.0,0.01,0.02,2336.728217,1776267002000
1776267004.237,4.237,0.41,34.0,0.4,40.0,0.42,0.91,0.43,20.0,0.57,15.0,0.56,20.0,0.58,2.0,0.59,29.0,0.01,0.01,2336.237362,1776267003000
1776267004.615,4.615,0.41,3.22,0.4,13.0,0.42,21.91,0.43,31.0,0.58,5.91,0.57,20.0,0.59,17.83,0.6,40.0,0.01,0.01,2336.237362,1776267003000
1776267005.052,5.052,0.38,9.0,0.37,19.0,0.39,140.0,0.4,178.0,0.58,21.91,0.57,31.0,0.59,3.22,0.6,13.0,0.01,0.01,2336.237362,1776267003000
1776267005.981,5.981,0.36,29.79,0.35,10.0,0.38,120.0,0.39,120.0,0.61,140.0,0.6,178.0,0.62,9.0,0.63,19.0,0.02,0.01,2336.210045,1776267004000
1776267006.207,6.207,0.36,2.55,0.35,5.0,0.37,145.0,0.38,145.0,0.62,120.0,0.61,120.0,0.64,29.79,0.65,10.0,0.01,0.02,2336.210045,1776267004000
1776267006.832,6.832,0.31,11.0,0.3,27.0,0.32,5.0,0.33,118.0,0.64,10.0,0.63,139.47,0.68,1.23,0.69,16.0,0.01,0.04,2336.163317,1776267005000
1776267007.063,7.063,0.3,39.0,0.29,39.0,0.31,10.0,0.32,110.0,0.68,15.0,0.67,118.0,0.7,38.0,0.71,39.0,0.01,0.02,2336.163317,1776267005000
1776267007.672,7.672,0.3,16.0,0.29,50.0,0.31,20.0,0.32,140.0,0.69,10.0,0.68,110.0,0.7,19.0,0.71,39.0,0.01,0.01,2335.876855,1776267006000
1776267008.216,8.216,0.29,63.22,0.28,60.0,0.3,136.91,0.31,145.0,0.7,15.0,0.69,145.0,0.71,36.22,0.72,27.0,0.01,0.01,2335.652591,1776267007000
1776267008.417,8.417,0.29,47.22,0.28,44.0,0.3,107.57,0.31,195.0,0.7,136.91,0.69,145.0,0.71,63.22,0.72,60.0,0.01,0.01,2335.652591,1776267007000
1776267009.306,9.306,0.29,20.22,0.28,5.0,0.3,12.0,0.31,15.0,0.7,6.0,0.69,70.0,0.71,3.22,0.73,18.0,0.01,0.01,2334.965215,1776267008000
1776267009.73,9.73,0.29,5.22,0.28,10.0,0.3,17.0,0.31,15.0,0.7,12.0,0.69,15.0,0.71,20.22,0.72,5.0,0.01,0.01,2334.965215,1776267008000
1776267010.091,10.091,0.29,50.22,0.28,27.0,0.31,24.87,0.32,18.06,0.68,3.06,0.67,15.0,0.71,25.22,0.72,10.0,0.02,0.03,2334.965215,1776267008000
1776267010.432,10.432,0.29,56.22,0.28,41.0,0.3,5.0,0.31,22.87,0.69,24.87,0.68,18.06,0.71,50.22,0.72,27.0,0.01,0.02,2334.753572,1776267009000
1776267010.692,10.692,0.29,51.22,0.28,41.0,0.31,17.35,0.32,48.06,0.7,5.0,0.69,22.87,0.71,56.22,0.72,41.0,0.02,0.01,2334.753572,1776267009000
1776267010.963,10.963,0.29,41.22,0.28,31.0,0.3,10.0,0.31,17.35,0.69,17.35,0.68,48.06,0.71,51.22,0.72,41.0,0.01,0.02,2334.753572,1776267009000
1776267011.47,11.47,0.3,27.0,0.29,76.22,0.31,9.0,0.32,26.06,0.68,26.06,0.67,48.0,0.71,71.22,0.72,31.0,0.01,0.03,2334.753572,1776267009000
1776267011.731,11.731,0.3,22.0,0.29,56.72,0.32,35.12,0.33,15.0,0.69,9.0,0.68,26.06,0.7,27.0,0.71,76.22,0.02,0.01,2334.753572,1776267009000
1776267011.946,11.946,0.3,22.0,0.29,56.72,0.31,8.54,0.32,35.12,0.69,11.77,0.68,35.12,0.7,22.0,0.71,56.72,0.01,0.01,2334.753572,1776267009000
1776267012.579,12.579,0.3,12.0,0.29,41.22,0.36,146.5,0.37,86.0,0.69,6.64,0.68,35.12,0.7,22.0,0.71,56.72,0.06,0.01,2334.822818,1776267010000
1776267012.847,12.847,0.31,73.59,0.3,42.0,0.32,20.5,0.33,15.0,0.64,146.5,0.63,86.0,0.7,12.0,0.71,41.22,0.01,0.06,2334.822818,1776267010000
1776267013.42,13.42,0.36,10.0,0.35,25.0,0.37,22.34,0.38,25.5,0.68,20.5,0.67,15.0,0.69,73.59,0.7,42.0,0.01,0.01,2334.823271,1776267011000
1776267013.955,13.955,0.35,15.0,0.34,22.0,0.36,29.21,0.37,46.5,0.63,22.34,0.62,25.5,0.64,10.0,0.65,25.0,0.01,0.01,2334.861047,1776267012000
1776267014.426,14.426,0.35,9.92,0.34,11.0,0.36,29.21,0.37,51.5,0.64,29.21,0.63,46.5,0.65,15.0,0.66,22.0,0.01,0.01,2334.861047,1776267012000
1776267015.002,15.002,0.31,14.0,0.3,45.0,0.32,17.42,0.33,28.5,0.64,29.21,0.63,61.5,0.66,11.0,0.67,72.5,0.01,0.02,2334.866293,1776267013000
1776267015.463,15.463,0.3,50.0,0.29,54.72,0.31,16.0,0.32,21.0,0.68,17.42,0.67,28.5,0.69,14.0,0.7,45.0,0.01,0.01,2334.866293,1776267013000
1776267016.015,16.015,0.3,65.0,0.29,54.72,0.31,21.0,0.32,125.28,0.69,16.0,0.68,21.0,0.7,50.0,0.71,54.72,0.01,0.01,2334.975501,1776267014000
1776267016.51,16.51,0.3,63.0,0.29,54.72,0.31,21.0,0.32,125.28,0.69,21.0,0.68,125.28,0.7,65.0,0.71,54.72,0.01,0.01,2335.223842,1776267015000
1776267016.895,16.895,0.29,20.22,0.28,24.5,0.31,56.0,0.32,143.78,0.69,21.0,0.68,125.28,0.7,63.0,0.71,54.72,0.02,0.01,2335.223842,1776267015000
1776267017.242,17.242,0.27,61.41,0.26,63.0,0.3,82.0,0.31,119.5,0.69,56.0,0.68,143.78,0.71,20.22,0.72,24.5,0.03,0.02,2335.223842,1776267015000
1776267017.799,17.799,0.27,69.21,0.26,43.0,0.28,25.0,0.29,42.5,0.7,83.16,0.69,111.5,0.73,61.41,0.74,63.0,0.01,0.03,2334.758896,1776267016000
1776267018.428,18.428,0.27,24.21,0.26,33.0,0.28,275.64,0.29,137.5,0.72,162.64,0.71,42.5,0.73,49.21,0.74,48.0,0.01,0.01,2334.758896,1776267016000
1776267018.671,18.671,0.24,50.0,0.23,90.0,0.26,92.79,0.27,15.0,0.74,42.79,0.73,45.0,0.75,10.0,0.76,55.0,0.02,0.01,2334.757837,1776267017000
1776267018.889,18.889,0.24,11.9,0.23,46.0,0.25,16.0,0.26,148.29,0.75,21.0,0.74,142.79,0.76,18.39,0.77,90.0,0.01,0.01,2334.757837,1776267017000
1776267019.233,19.233,0.22,163.0,0.21,160.0,0.24,46.5,0.25,30.5,0.76,26.5,0.75,25.5,0.77,25.48,0.78,163.0,0.02,0.01,2334.757837,1776267017000
1776267019.626,19.626,0.21,162.58,0.2,69.0,0.23,44.5,0.24,63.5,0.77,10.0,0.76,46.5,0.78,143.0,0.79,160.0,0.02,0.01,2334.66971,1776267018000
1776267019.868,19.868,0.21,133.94,0.2,69.0,0.22,40.27,0.23,50.5,0.78,10.27,0.77,50.5,0.79,184.58,0.8,69.0,0.01,0.01,2334.66971,1776267018000
1776267020.142,20.142,0.2,62.85,0.19,51.0,0.21,10.0,0.22,114.66,0.78,144.66,0.77,45.5,0.8,69.0,0.81,51.0,0.01,0.02,2334.66971,1776267018000
1776267020.353,20.353,0.2,42.1,0.19,51.0,0.21,40.0,0.22,114.66,0.79,10.0,0.78,114.66,0.8,62.85,0.81,51.0,0.01,0.01,2334.66971,1776267018000
1776267020.755,20.755,0.2,19.17,0.19,51.0,0.21,20.0,0.22,159.66,0.79,45.0,0.78,119.66,0.8,34.92,0.81,51.0,0.01,0.01,2333.829186,1776267019000
1776267021.133,21.133,0.2,19.0,0.19,62.51,0.21,20.0,0.22,165.16,0.8,10.0,0.79,20.0,0.81,42.51,0.82,77.0,0.01,0.01,2333.829186,1776267019000
1776267021.843,21.843,0.19,68.31,0.18,135.11,0.2,5.0,0.21,10.0,0.79,30.0,0.78,215.16,0.81,62.31,0.82,87.5,0.01,0.02,2333.521141,1776267020000
1776267022.122,22.122,0.19,50.5,0.18,88.0,0.2,23.0,0.21,38.5,0.8,5.0,0.79,10.0,0.81,68.31,0.82,135.11,0.01,0.01,2333.521141,1776267020000
1776267022.441,22.441,0.19,77.75,0.18,99.0,0.2,404.63,0.21,68.5,0.8,23.0,0.79,38.5,0.81,50.5,0.82,88.0,0.01,0.01,2333.274917,1776267021000
1776267023.276,23.276,0.19,192.31,0.18,224.11,0.2,715.15,0.21,104.0,0.8,23.0,0.79,68.5,0.81,74.5,0.82,99.0,0.01,0.01,2333.274917,1776267021000
1776267023.549,23.549,0.19,331.07,0.18,344.11,0.2,43.0,0.21,58.0,0.8,54.0,0.79,121.0,0.81,331.07,0.82,324.11,0.01,0.01,2333.274917,1776267021000
1776267024.459,24.459,0.2,193.8,0.19,182.81,0.21,35.0,0.22,10.0,0.79,120.0,0.78,58.0,0.81,326.07,0.82,344.11,0.01,0.02,2332.957427,1776267023000
1776267024.702,24.702,0.2,42.91,0.19,42.0,0.21,40.0,0.22,49.5,0.79,35.0,0.78,10.0,0.8,192.55,0.81,182.81,0.01,0.01,2332.957427,1776267023000
1776267025.246,25.246,0.18,69.69,0.17,161.0,0.19,10.0,0.2,15.0,0.79,88.5,0.78,71.5,0.8,10.0,0.82,192.0,0.01,0.01,2333.014178,1776267024000
1776267025.907,25.907,0.18,59.69,0.17,61.0,0.19,86.0,0.2,53.5,0.81,10.0,0.8,15.0,0.82,69.69,0.83,161.0,0.01,0.01,2333.014178,1776267024000
1776267026.191,26.191,0.18,217.34,0.17,193.44,0.19,104.55,0.2,15.0,0.81,86.0,0.8,53.5,0.82,59.69,0.83,61.0,0.01,0.01,2333.014178,1776267024000
1776267026.832,26.832,0.17,64.91,0.16,411.0,0.19,785.14,0.2,135.98,0.81,104.55,0.8,15.0,0.82,217.34,0.83,193.44,0.02,0.01,2333.169135,1776267025000
1776267027.113,27.113,0.18,111.0,0.17,179.47,0.19,451.12,0.2,76.0,0.81,785.14,0.8,135.98,0.83,64.91,0.84,411.0,0.01,0.02,2333.169135,1776267025000
1776267027.618,27.618,0.17,172.43,0.16,371.5,0.18,10.0,0.19,105.91,0.81,451.12,0.8,76.0,0.82,111.0,0.83,179.47,0.01,0.01,2332.777935,1776267026000
1776267027.881,27.881,0.17,203.43,0.16,426.5,0.19,71.91,0.2,49.0,0.82,10.0,0.81,105.91,0.83,172.43,0.84,371.5,0.02,0.01,2332.777935,1776267026000
1776267028.528,28.528,0.18,161.98,0.17,209.37,0.19,5.0,0.2,15.0,0.81,71.91,0.8,49.0,0.83,203.43,0.84,426.5,0.01,0.02,2332.777935,1776267026000
1776267028.776,28.776,0.19,155.22,0.18,151.98,0.2,69.74,0.21,82.0,0.81,5.0,0.8,15.0,0.82,151.98,0.83,209.37,0.01,0.01,2332.747951,1776267027000
1776267029.015,29.015,0.19,119.8,0.18,116.98,0.2,15.0,0.21,41.0,0.8,496.5,0.79,82.0,0.81,143.73,0.82,151.98,0.01,0.01,2332.747951,1776267027000
1776267029.279,29.279,0.19,10.0,0.18,116.98,0.2,757.45,0.21,41.0,0.8,15.0,0.79,41.0,0.81,119.8,0.82,116.98,0.01,0.01,2332.747951,1776267027000
1776267029.999,29.999,0.18,98.44,0.17,207.43,0.2,421.46,0.21,82.0,0.8,757.45,0.79,41.0,0.81,10.0,0.82,116.98,0.02,0.01,2332.782969,1776267028000
1776267030.325,30.325,0.18,41.11,0.17,108.37,0.2,1043.37,0.21,194.0,0.8,36.0,0.79,182.0,0.81,10.5,0.82,36.11,0.02,0.01,2332.817136,1776267029000
1776267030.808,30.808,0.19,50.5,0.18,20.5,0.2,536.03,0.21,135.0,0.8,1043.37,0.79,194.0,0.82,41.11,0.83,108.37,0.01,0.02,2332.817136,1776267029000
1776267031.52,31.52,0.19,30.5,0.18,44.5,0.2,448.14,0.21,146.0,0.8,536.03,0.79,135.0,0.81,50.5,0.82,20.5,0.01,0.01,2332.96138,1776267030000
1776267031.808,31.808,0.19,25.37,0.18,30.5,0.2,484.24,0.21,146.0,0.8,448.14,0.79,146.0,0.81,30.5,0.82,44.5,0.01,0.01,2332.96138,1776267030000
1776267032.162,32.162,0.19,32.73,0.18,39.5,0.2,484.69,0.21,258.55,0.8,798.37,0.79,146.0,0.81,24.06,0.82,30.5,0.01,0.01,2332.96138,1776267030000
1776267032.748,32.748,0.19,88.04,0.18,61.11,0.2,37.5,0.21,242.55,0.8,164.5,0.79,258.55,0.81,27.73,0.82,39.5,0.01,0.01,2333.048432,1776267031000
1776267033.282,33.282,0.2,73.9,0.19,59.04,0.21,243.55,0.22,158.0,0.79,253.55,0.78,183.0,0.81,83.04,0.82,73.11,0.01,0.02,2333.048432,1776267031000
1776267033.941,33.941,0.21,186.5,0.2,179.55,0.22,100.0,0.23,120.0,0.79,248.55,0.78,158.0,0.81,1.9,0.82,73.11,0.01,0.02,2333.112492,1776267032000
1776267034.532,34.532,0.21,181.56,0.2,179.55,0.22,226.76,0.23,125.0,0.78,93.0,0.77,125.0,0.79,189.5,0.8,174.55,0.01,0.01,2333.158619,1776267033000
1776267035.118,35.118,0.2,34.5,0.19,55.5,0.22,272.76,0.23,146.5,0.78,226.76,0.77,125.0,0.79,181.56,0.8,179.55,0.02,0.01,2333.158619,1776267033000
1776267035.409,35.409,0.19,12.31,0.18,25.5,0.2,167.0,0.21,136.0,0.78,272.76,0.77,146.5,0.8,34.5,0.81,55.5,0.01,0.02,2333.29562,1776267034000
1776267036.069,36.069,0.18,10.0,0.17,134.43,0.19,304.67,0.2,125.0,0.8,167.0,0.79,136.0,0.81,12.31,0.82,25.5,0.01,0.01,2333.610844,1776267035000
1776267036.416,36.416,0.17,60.62,0.16,276.0,0.18,159.5,0.19,580.97,0.81,289.67,0.8,125.0,0.82,10.0,0.83,103.43,0.01,0.01,2333.610844,1776267035000
1776267036.652,36.652,0.17,48.28,0.16,276.0,0.18,294.5,0.19,357.23,0.82,289.5,0.81,352.23,0.83,53.28,0.84,276.0,0.01,0.01,2333.610844,1776267035000
1776267037.192,37.192,0.16,282.81,0.15,110.97,0.17,729.73,0.18,309.94,0.83,10.0,0.82,259.5,0.84,275.06,0.85,110.97,0.01,0.01,2333.610844,1776267035000
1776267037.51,37.51,0.16,315.64,0.15,110.97,0.17,252.97,0.18,309.94,0.83,729.73,0.82,309.94,0.84,282.81,0.85,110.97,0.01,0.01,2333.676368,1776267036000
1776267037.832,37.832,0.16,273.47,0.15,139.17,0.17,571.67,0.18,271.5,0.83,218.55,0.82,309.94,0.84,315.64,0.85,110.97,0.01,0.01,2333.676368,1776267036000
1776267038.194,38.194,0.16,271.3,0.15,154.67,0.17,227.96,0.18,260.5,0.83,561.08,0.82,271.5,0.84,273.47,0.85,139.17,0.01,0.01,2333.676368,1776267036000
1776267038.507,38.507,0.16,302.57,0.15,110.97,0.17,253.46,0.18,310.5,0.83,227.96,0.82,260.5,0.84,271.3,0.85,154.67,0.01,0.01,2333.676368,1776267036000
1776267038.744,38.744,0.16,268.09,0.15,139.17,0.17,257.16,0.18,301.5,0.83,593.63,0.82,419.91,0.84,278.09,0.85,139.17,0.01,0.01,2333.676368,1776267036000
1776267039.045,39.045,0.16,292.23,0.15,249.67,0.17,479.61,0.18,269.38,0.83,257.16,0.82,301.5,0.84,268.09,0.85,139.17,0.01,0.01,2332.794154,1776267037000
1776267039.772,39.772,0.16,278.89,0.15,244.17,0.17,27.0,0.18,155.5,0.83,479.61,0.82,269.38,0.84,292.23,0.85,249.67,0.01,0.01,2332.565287,1776267038000
1776267039.999,39.999,0.16,272.17,0.15,244.17,0.17,333.12,0.18,155.5,0.83,27.0,0.82,155.5,0.84,278.89,0.85,244.17,0.01,0.01,2332.565287,1776267038000
1776267041.41,41.41,0.16,235.86,0.15,110.97,0.17,435.44,0.18,248.89,0.83,333.12,0.82,155.5,0.84,272.17,0.85,244.17,0.01,0.01,2332.613768,1776267040000
1776267042.649,42.649,0.16,230.92,0.15,120.97,0.17,505.5,0.18,210.38,0.83,435.44,0.82,248.89,0.84,235.86,0.85,110.97,0.01,0.01,2332.674097,1776267041000
1776267044.56,44.56,0.16,10.61,0.15,120.97,0.17,657.3,0.18,107.81,0.83,505.5,0.82,210.38,0.84,230.92,0.85,120.97,0.01,0.01,2332.5227,1776267043000
1776267044.863,44.863,0.15,127.7,0.14,204.0,0.16,267.0,0.17,154.78,0.84,19.39,0.83,228.52,0.85,120.97,0.86,204.0,0.01,0.01,2332.5227,1776267043000
1776267045.528,45.528,0.15,132.7,0.14,204.0,0.16,203.96,0.17,92.52,0.84,267.0,0.83,154.78,0.85,127.7,0.86,204.0,0.01,0.01,2332.48,1776267044000
1776267045.86,45.86,0.15,94.97,0.14,194.0,0.16,539.96,0.17,67.52,0.84,203.96,0.83,92.52,0.85,132.7,0.86,204.0,0.01,0.01,2332.48,1776267044000
1776267046.093,46.093,0.14,48.0,0.13,38.0,0.15,35.0,0.16,488.96,0.84,545.96,0.83,67.52,0.86,59.0,0.87,38.0,0.01,0.02,2332.48,1776267044000
1776267046.295,46.295,0.11,93.75,0.1,185.0,0.12,5.68,0.13,10.0,0.86,10.5,0.85,110.7,0.89,216.82,0.9,185.0,0.01,0.03,2332.465823,1776267045000
1776267046.568,46.568,0.11,19.45,0.1,122.31,0.12,37.5,0.13,20.5,0.88,42.5,0.87,20.5,0.89,5.13,0.9,197.31,0.01,0.01,2332.465823,1776267045000
1776267046.788,46.788,0.09,240.0,0.08,283.0,0.11,24.0,0.12,44.5,0.89,24.0,0.88,49.5,0.9,13.04,0.91,240.0,0.02,0.01,2332.465823,1776267045000
1776267046.994,46.994,0.09,9.51,0.08,283.0,0.11,71.5,0.12,28.5,0.89,76.5,0.88,28.5,0.91,15.0,0.92,283.0,0.02,0.02,2332.465823,1776267045000
1776267047.241,47.241,0.08,242.29,0.07,339.3,0.1,15.0,0.11,79.5,0.9,10.0,0.89,79.5,0.91,0.29,0.92,265.0,0.02,0.01,2332.307817,1776267046000
1776267047.591,47.591,0.07,281.29,0.06,93.0,0.09,195.0,0.1,88.5,0.9,31.5,0.89,79.5,0.93,276.29,0.94,231.8,0.02,0.03,2332.307817,1776267046000
1776267047.845,47.845,0.06,93.69,0.05,210.8,0.09,38.63,0.1,185.7,0.91,33.63,0.9,185.7,0.94,60.69,0.95,210.8,0.03,0.03,2332.307817,1776267046000
1776267048.199,48.199,0.04,511.55,0.03,912.7,0.05,110.12,0.06,5.0,0.95,120.12,0.92,5.0,0.96,486.3,0.97,912.7,0.01,0.01,2332.307817,1776267046000
1776267048.424,48.424,0.04,190.55,0.03,939.7,0.05,95.12,0.06,22.0,0.95,480.12,0.94,22.0,0.96,246.55,0.97,917.7,0.01,0.01,2329.406104,1776267047000
1776267048.628,48.628,0.04,150.3,0.03,939.7,0.05,490.12,0.06,27.0,0.95,95.12,0.94,22.0,0.96,190.55,0.97,939.7,0.01,0.01,2329.406104,1776267047000
1776267049.013,49.013,0.03,973.36,0.02,1649.7,0.04,429.0,0.05,555.74,0.96,172.89,0.95,100.12,0.97,939.7,0.98,1771.7,0.01,0.01,2329.406104,1776267047000
1776267049.233,49.233,0.03,925.05,0.02,1468.7,0.04,427.0,0.05,354.12,0.96,432.0,0.95,359.12,0.97,952.36,0.98,1468.7,0.01,0.01,2329.406104,1776267047000
1776267049.552,49.552,0.03,925.05,0.02,1618.7,0.04,401.0,0.05,359.12,0.96,436.0,0.95,354.12,0.97,920.05,0.98,1618.7,0.01,0.01,2329.222567,1776267048000
1776267049.979,49.979,0.03,651.39,0.02,1468.7,0.04,41.0,0.05,359.12,0.96,276.0,0.95,359.12,0.97,886.39,0.98,1618.7,0.01,0.01,2329.222567,1776267048000
1776267050.474,50.474,0.03,640.19,0.02,1468.7,0.04,156.0,0.05,359.12,0.96,36.0,0.95,364.12,0.97,645.35,0.98,1468.7,0.01,0.01,2326.9402,1776267049000
1776267050.682,50.682,0.03,546.03,0.02,1485.7,0.04,157.0,0.05,359.12,0.96,391.0,0.95,359.12,0.97,635.03,0.98,1468.7,0.01,0.01,2326.9402,1776267049000
1776267050.951,50.951,0.03,344.69,0.02,1468.7,0.04,157.0,0.05,364.12,0.96,157.0,0.95,359.12,0.97,546.03,0.98,1485.7,0.01,0.01,2326.371125,1776267050000
1776267051.497,51.497,0.03,60.23,0.02,1591.7,0.04,209.0,0.05,358.12,0.96,157.0,0.95,364.12,0.97,212.89,0.98,1519.7,0.01,0.01,2326.371125,1776267050000
1776267051.87,51.87,0.02,1550.23,0.01,4006.6,0.03,18.0,0.04,24.02,0.97,134.02,0.96,209.0,0.98,1591.7,0.99,3984.6,0.01,0.01,2326.371125,1776267050000
1776267052.233,52.233,0.03,379.0,0.02,1831.16,0.04,81.13,0.05,323.12,0.95,329.14,0.94,52.0,0.98,1665.16,0.99,4028.6,0.01,0.03,2326.241271,1776267051000
1776267052.697,52.697,0.04,9.84,0.03,374.0,0.05,328.12,0.06,22.0,0.96,81.13,0.95,323.12,0.97,379.0,0.98,1831.16,0.01,0.01,2326.241271,1776267051000
1776267052.932,52.932,0.03,379.0,0.02,1770.66,0.04,124.27,0.05,546.12,0.95,328.12,0.94,22.0,0.96,9.84,0.97,374.0,0.01,0.01,2326.241271,1776267051000
1776267053.899,53.899,0.03,196.66,0.02,2007.11,0.05,345.12,0.06,22.0,0.96,130.27,0.95,339.12,0.97,259.0,0.98,1770.66,0.02,0.01,2325.80002,1776267052000
1776267054.197,54.197,0.04,10.0,0.03,164.66,0.05,292.12,0.06,47.0,0.95,258.12,0.94,212.0,0.96,15.0,0.97,153.66,0.01,0.01,2325.80002,1776267052000
1776267054.426,54.426,0.04,5.0,0.03,131.0,0.05,312.12,0.06,52.0,0.95,292.12,0.94,47.0,0.96,10.0,0.97,164.66,0.01,0.01,2325.973583,1776267053000
1776267054.806,54.806,0.03,120.0,0.02,1501.11,0.05,354.12,0.06,41.0,0.95,312.12,0.94,52.0,0.96,5.0,0.97,131.0,0.02,0.01,2325.973583,1776267053000
1776267055.121,55.121,0.03,131.0,0.02,1506.11,0.04,94.0,0.05,343.12,0.95,354.12,0.94,41.0,0.97,120.0,0.98,1501.11,0.01,0.02,2325.973583,1776267053000
1776267056.802,56.802,0.03,15.0,0.02,1373.11,0.04,346.33,0.05,275.12,0.96,94.0,0.95,343.12,0.97,131.0,0.98,1506.11,0.01,0.01,2326.405462,1776267055000
1776267057.295,57.295,0.02,1373.11,0.01,4038.6,0.03,27.54,0.04,255.33,0.96,346.33,0.95,275.12,0.97,15.0,0.98,1373.11,0.01,0.01,2326.185684,1776267056000
1776267058.018,58.018,0.02,1339.61,0.01,4027.6,0.03,321.73,0.04,190.33,0.97,194.97,0.96,189.33,0.98,1373.11,0.99,4043.6,0.01,0.01,2326.079444,1776267057000
1776267058.573,58.573,0.02,1322.61,0.01,4027.6,0.03,326.73,0.04,190.33,0.97,321.73,0.96,190.33,0.98,1339.61,0.99,4027.6,0.01,0.01,2326.079444,1776267057000
1776267059.575,59.575,0.02,1249.11,0.01,3899.6,0.03,369.53,0.04,76.08,0.97,326.73,0.96,190.33,0.98,1310.61,0.99,4027.6,0.01,0.01,2325.871547,1776267058000
1776267060.122,60.122,0.02,1196.29,0.01,3910.6,0.04,11.0,0.05,259.12,0.96,386.4,0.95,487.18,0.98,1154.95,0.99,3910.6,0.02,0.02,2325.4559,1776267059000
1776267060.402,60.402,0.02,1254.53,0.01,4169.6,0.04,36.0,0.05,253.12,0.96,593.66,0.95,510.85,0.98,1268.8,0.99,4180.6,0.02,0.02,2325.4559,1776267059000
1776267060.623,60.623,0.02,1112.36,0.01,3910.6,0.04,609.28,0.05,540.85,0.96,5.0,0.95,283.12,0.98,1117.36,0.99,3910.6,0.02,0.02,2325.4559,1776267059000
1776267060.936,60.936,0.02,1203.09,0.01,4032.6,0.05,1051.28,0.06,365.06,0.95,352.21,0.94,138.0,0.98,1198.09,0.99,4038.6,0.03,0.03,2325.4559,1776267059000
1776267061.297,61.297,0.03,20.49,0.02,1148.43,0.04,5.0,0.05,322.21,0.96,5.0,0.95,357.21,0.97,43.73,0.98,1148.43,0.01,0.01,2325.4559,1776267059000
1776267061.673,61.673,0.03,31.67,0.02,1148.43,0.04,776.13,0.05,988.39,0.96,10.0,0.95,322.21,0.97,2.91,0.98,1148.43,0.01,0.01,2325.446176,1776267060000
1776267061.887,61.887,0.03,88.78,0.02,1183.43,0.05,328.21,0.06,43.0,0.95,328.21,0.94,43.0,0.97,55.91,0.98,1183.43,0.02,0.02,2325.446176,1776267060000
1776267062.358,62.358,0.03,48.84,0.02,1203.38,0.04,5.0,0.05,333.21,0.96,5.0,0.95,344.21,0.97,82.54,0.98,1193.43,0.01,0.01,2325.446176,1776267060000
1776267062.836,62.836,0.02,1059.22,0.01,4086.6,0.04,447.7,0.05,585.94,0.96,361.48,0.95,550.27,0.98,1015.22,0.99,3808.6,0.02,0.02,2325.446176,1776267060000
1776267063.041,63.041,0.02,949.22,0.01,3797.6,0.04,15.0,0.05,328.21,0.96,447.7,0.95,585.94,0.98,1059.22,0.99,4086.6,0.02,0.02,2324.519534,1776267061000
1776267063.497,63.497,0.02,943.24,0.01,4063.6,0.04,52.0,0.05,325.21,0.96,10.0,0.95,547.27,0.98,945.24,0.99,4063.6,0.02,0.02,2324.519534,1776267061000
1776267063.801,63.801,0.02,981.74,0.01,4068.6,0.05,302.48,0.06,80.5,0.96,52.0,0.95,325.21,0.98,943.24,0.99,4063.6,0.03,0.02,2324.519534,1776267061000
1776267064.044,64.044,0.02,773.65,0.01,4055.6,0.04,7.0,0.05,309.48,0.96,428.55,0.95,560.21,0.98,789.74,0.99,3802.6,0.02,0.02,2325.11539,1776267062000
1776267064.268,64.268,0.02,513.8,0.01,4055.6,0.04,448.34,0.05,309.48,0.96,446.56,0.95,309.48,0.98,569.56,0.99,4055.6,0.02,0.02,2325.11539,1776267062000
1776267064.701,64.701,0.03,34.7,0.02,564.3,0.04,1318.3,0.05,1082.67,0.96,448.34,0.95,309.48,0.98,513.8,0.99,4055.6,0.01,0.02,2325.11539,1776267062000
1776267064.976,64.976,0.03,76.0,0.02,461.3,0.04,10.0,0.05,309.48,0.96,1318.3,0.95,1082.67,0.97,34.7,0.98,564.3,0.01,0.01,2325.381027,1776267063000
1776267065.415,65.415,0.03,74.96,0.02,461.3,0.04,16.0,0.05,309.48,0.96,315.08,0.95,531.54,0.97,79.96,0.98,461.3,0.01,0.01,2325.381027,1776267063000
1776267065.874,65.874,0.03,64.5,0.02,461.3,0.04,388.3,0.05,531.54,0.96,16.0,0.95,309.48,0.97,74.96,0.98,461.3,0.01,0.01,2325.407699,1776267064000
1776267066.419,66.419,0.03,40.46,0.02,461.3,0.04,5.0,0.05,309.48,0.96,76.0,0.95,309.48,0.97,36.5,0.98,461.3,0.01,0.01,2325.407699,1776267064000
1776267066.831,66.831,0.03,104.58,0.02,461.3,0.04,22.0,0.05,309.48,0.96,5.0,0.95,309.48,0.97,40.46,0.98,461.3,0.01,0.01,2325.362961,1776267065000
1776267067.04,67.04,0.03,51.28,0.02,461.3,0.04,22.0,0.05,309.48,0.96,27.0,0.95,309.48,0.97,81.58,0.98,461.3,0.01,0.01,2325.362961,1776267065000
1776267068.016,68.016,0.03,275.68,0.02,730.25,0.04,7.0,0.05,304.48,0.96,22.0,0.95,309.48,0.97,51.28,0.98,461.3,0.01,0.01,2325.290098,1776267066000
1776267068.498,68.498,0.04,32.0,0.03,160.67,0.05,354.48,0.06,92.5,0.95,304.48,0.94,80.5,0.96,93.0,0.97,247.68,0.01,0.01,2325.279392,1776267067000
1776267068.79,68.79,0.04,52.74,0.03,147.68,0.05,359.48,0.06,85.5,0.95,655.08,0.94,260.02,0.96,26.79,0.97,147.68,0.01,0.01,2325.279392,1776267067000
1776267069.015,69.015,0.04,29.5,0.03,147.68,0.05,324.48,0.06,85.5,0.95,359.48,0.94,85.5,0.96,52.74,0.97,147.68,0.01,0.01,2325.279392,1776267067000
1776267069.398,69.398,0.02,524.43,0.01,3589.6,0.05,626.87,0.06,85.5,0.95,324.48,0.94,85.5,0.96,29.5,0.97,147.68,0.03,0.01,2325.279392,1776267067000
1776267070.043,70.043,0.03,162.65,0.02,634.48,0.05,294.48,0.06,80.5,0.95,612.11,0.94,85.5,0.97,130.65,0.98,644.43,0.02,0.02,2325.306518,1776267068000
1776267070.412,70.412,0.03,143.92,0.02,634.48,0.04,433.43,0.05,506.54,0.95,294.48,0.94,80.5,0.97,162.65,0.98,634.48,0.01,0.02,2325.40435,1776267069000
1776267070.916,70.916,0.03,128.92,0.02,639.48,0.04,36.6,0.05,311.58,0.96,5.29,0.95,306.58,0.97,148.92,0.98,634.48,0.01,0.01,2325.40435,1776267069000
1776267071.203,71.203,0.03,100.92,0.02,639.48,0.04,272.37,0.05,533.64,0.96,271.43,0.95,533.64,0.97,105.92,0.98,639.48,0.01,0.01,2325.338436,1776267070000
1776267071.562,71.562,0.03,99.88,0.02,639.48,0.05,307.18,0.06,80.5,0.96,0.6,0.95,311.58,0.97,104.88,0.98,639.48,0.02,0.01,2325.338436,1776267070000
1776267071.813,71.813,0.03,130.84,0.02,685.48,0.05,676.48,0.06,280.81,0.95,307.18,0.94,85.5,0.97,95.18,0.98,639.48,0.02,0.02,2325.338436,1776267070000
1776267072.068,72.068,0.03,107.84,0.02,685.48,0.05,302.18,0.06,80.5,0.95,676.48,0.94,280.81,0.97,130.84,0.98,685.48,0.02,0.02,2325.338436,1776267070000
1776267072.413,72.413,0.03,79.84,0.02,680.48,0.05,1072.83,0.06,476.12,0.95,648.01,0.94,280.81,0.97,102.84,0.98,680.48,0.02,0.02,2325.338436,1776267070000
1776267072.765,72.765,0.03,193.84,0.02,680.48,0.04,308.99,0.05,919.88,0.95,1072.83,0.94,476.12,0.97,79.84,0.98,680.48,0.01,0.02,2325.509828,1776267071000
1776267073.032,73.032,0.03,93.84,0.02,734.48,0.04,17.0,0.05,307.18,0.96,308.99,0.95,919.88,0.97,193.84,0.98,680.48,0.01,0.01,2325.509828,1776267071000
1776267073.406,73.406,0.03,75.84,0.02,734.48,0.04,325.92,0.05,529.24,0.96,17.0,0.95,307.18,0.97,93.84,0.98,734.48,0.01,0.01,2325.607054,1776267072000
1776267073.631,73.631,0.03,70.84,0.02,734.48,0.05,255.8,0.06,80.5,0.96,325.92,0.95,529.24,0.97,75.84,0.98,734.48,0.02,0.01,2325.607054,1776267072000
1776267074.476,74.476,0.03,235.74,0.02,546.48,0.05,646.86,0.06,275.81,0.95,255.8,0.94,80.5,0.97,70.84,0.98,734.48,0.02,0.02,2325.607054,1776267072000
1776267074.859,74.859,0.03,235.58,0.02,780.48,0.05,946.48,0.06,471.12,0.95,646.86,0.94,275.81,0.97,235.74,0.98,546.48,0.02,0.02,2325.680135,1776267073000
1776267075.275,75.275,0.03,235.58,0.02,780.48,0.05,578.02,0.06,280.81,0.95,946.48,0.94,471.12,0.97,235.58,0.98,780.48,0.02,0.02,2325.680135,1776267073000
1776267076.197,76.197,0.03,290.98,0.02,775.48,0.04,162.6,0.05,245.8,0.95,578.02,0.94,280.81,0.97,217.58,0.98,780.48,0.01,0.02,2325.620712,1776267074000
1776267076.453,76.453,0.03,203.5,0.02,780.48,0.04,531.62,0.05,467.86,0.96,182.6,0.95,582.12,0.97,285.98,0.98,775.48,0.01,0.01,2325.620712,1776267074000
1776267077.164,77.164,0.03,114.87,0.02,780.48,0.04,179.6,0.05,245.8,0.96,194.6,0.95,245.8,0.97,119.98,0.98,780.48,0.01,0.01,2325.871066,1776267076000
1776267077.599,77.599,0.03,331.79,0.02,546.48,0.04,434.15,0.05,440.76,0.96,738.87,0.95,689.92,0.97,113.83,0.98,790.43,0.01,0.01,2325.871066,1776267076000
1776267077.823,77.823,0.03,116.75,0.02,765.48,0.04,662.16,0.05,662.82,0.96,434.15,0.95,440.76,0.97,331.79,0.98,546.48,0.01,0.01,2325.871066,1776267076000
1776267078.664,78.664,0.03,49.9,0.02,765.48,0.04,193.44,0.05,223.7,0.96,434.62,0.95,440.76,0.97,16.75,0.98,765.48,0.01,0.01,2325.971822,1776267077000
1776267081.532,81.532,0.03,96.0,0.02,279.48,0.04,541.31,0.05,445.76,0.96,193.44,0.95,223.7,0.97,49.9,0.98,765.48,0.01,0.01,2326.04875,1776267080000
1776267082.062,82.062,0.02,614.46,0.01,5056.6,0.04,271.15,0.05,223.7,0.96,541.31,0.95,445.76,0.97,96.0,0.98,279.48,0.02,0.01,2326.04875,1776267080000
1776267082.509,82.509,0.02,447.46,0.01,4951.6,0.03,79.0,0.04,220.14,0.96,271.15,0.95,223.7,0.98,614.46,0.99,5056.6,0.01,0.02,2326.12825,1776267081000
1776267084.226,84.226,0.02,43.29,0.01,3911.59,0.03,28.0,0.04,344.92,0.97,413.24,0.96,527.83,0.98,442.4,0.99,4650.6,0.01,0.01,2325.819186,1776267082000
1776267084.641,84.641,0.02,37.17,0.01,3957.94,0.03,73.0,0.04,630.61,0.97,28.0,0.96,344.92,0.98,43.29,0.99,3911.59,0.01,0.01,2325.173248,1776267083000
1776267086.03,86.03,0.02,37.17,0.01,3769.59,0.03,263.79,0.04,445.61,0.97,73.0,0.96,630.61,0.98,37.17,0.99,3957.94,0.01,0.01,2323.703518,1776267084000
1776267086.396,86.396,0.02,20.11,0.01,3656.94,0.04,702.18,0.05,792.12,0.97,263.79,0.96,445.61,0.98,37.17,0.99,3769.59,0.02,0.01,2323.703518,1776267084000
1776267086.762,86.762,0.01,4193.72,,,0.03,47.0,0.04,934.6,0.96,702.18,0.95,792.12,0.98,20.11,0.99,3656.94,0.02,0.02,2323.565832,1776267085000
1776267087.115,87.115,0.01,4310.72,,,0.02,117.0,0.04,916.1,0.96,617.11,0.95,343.0,0.99,4132.07,,,0.01,0.03,2323.22112,1776267086000
1776267087.442,87.442,0.01,3521.07,,,0.02,117.0,0.04,218.12,0.98,117.0,0.96,916.1,0.99,4264.72,,,0.01,0.01,2323.22112,1776267086000
1776267087.889,87.889,0.01,3545.7,,,0.02,117.0,0.04,213.12,0.98,117.0,0.96,218.12,0.99,3525.05,,,0.01,0.01,2323.22112,1776267086000
1776267088.382,88.382,0.01,3280.04,,,0.02,194.0,0.04,213.12,0.98,127.0,0.96,213.12,0.99,3389.05,,,0.01,0.01,2323.342973,1776267087000
1776267089.34,89.34,0.01,2783.04,,,0.02,157.0,0.04,213.12,0.98,194.0,0.96,213.12,0.99,3280.04,,,0.01,0.01,2323.298746,1776267088000
1776267091.544,91.544,0.01,3332.04,,,0.02,15.19,0.04,213.12,0.98,157.0,0.96,213.12,0.99,2783.04,,,0.01,0.01,2323.071464,1776267089000
1776267092.464,92.464,0.01,3111.89,,,0.02,27.19,0.04,213.12,0.98,15.19,0.96,213.12,0.99,3332.04,,,0.01,0.01,2322.805356,1776267090000
1776267092.797,92.797,0.01,3051.94,,,0.02,27.19,0.04,213.12,0.98,27.19,0.96,213.12,0.99,3111.89,,,0.01,0.01,2323.061896,1776267091000
1776267093.092,93.092,0.01,2951.94,,,0.02,42.19,0.04,213.12,0.98,27.19,0.96,213.12,0.99,3051.94,,,0.01,0.01,2323.061896,1776267091000
1776267093.48,93.48,0.01,2450.94,,,0.02,117.19,0.04,353.62,0.98,42.19,0.96,213.12,0.99,2951.94,,,0.01,0.01,2323.22641,1776267092000
1776267093.76,93.76,0.01,2440.94,,,0.02,192.94,0.04,353.62,0.98,117.19,0.96,353.62,0.99,2445.94,,,0.01,0.01,2323.22641,1776267092000
1776267094.047,94.047,0.01,2435.94,,,0.02,192.94,0.04,353.62,0.98,192.94,0.96,353.62,0.99,2440.94,,,0.01,0.01,2323.22641,1776267092000
1776267094.639,94.639,0.01,2435.94,,,0.02,197.94,0.04,253.62,0.98,192.94,0.96,353.62,0.99,2435.94,,,0.01,0.01,2323.108633,1776267093000
1776267095.365,95.365,0.01,2075.29,,,0.02,197.94,0.03,123.7,0.98,197.94,0.96,253.62,0.99,2430.94,,,0.01,0.01,2323.108633,1776267093000
1776267096.085,96.085,0.01,2834.89,,,0.04,389.58,0.05,308.0,0.98,197.94,0.97,123.7,0.99,2075.29,,,0.03,0.01,2322.227766,1776267094000
1776267096.638,96.638,0.01,2750.89,,,0.04,908.83,0.05,570.73,0.96,389.58,0.95,308.0,0.99,2834.89,,,0.03,0.03,2322.254031,1776267095000
1776267097.385,97.385,0.01,2585.95,,,0.04,850.33,0.05,313.0,0.96,908.83,0.95,570.73,0.99,2745.89,,,0.03,0.03,2322.377781,1776267096000
1776267098.095,98.095,0.01,2457.84,,,0.04,409.58,0.05,237.2,0.96,1296.19,0.95,828.46,0.99,2547.84,,,0.03,0.03,2322.377781,1776267096000
1776267098.642,98.642,0.01,2457.84,,,0.04,396.58,0.05,232.2,0.96,409.58,0.95,237.2,0.99,2457.84,,,0.03,0.03,2321.737996,1776267097000
1776267098.848,98.848,0.01,2422.84,,,0.04,396.58,0.05,232.2,0.96,396.58,0.95,539.89,0.99,2452.84,,,0.03,0.03,2321.737996,1776267097000
1776267099.141,99.141,0.01,2392.25,,,0.04,401.58,0.05,313.0,0.96,1031.46,0.95,544.89,0.99,2402.84,,,0.03,0.03,2321.735971,1776267098000
1776267099.351,99.351,0.01,2397.25,,,0.03,161.2,0.04,406.58,0.96,401.58,0.95,313.0,0.99,2392.25,,,0.02,0.03,2321.735971,1776267098000
1776267099.917,99.917,,,,,0.01,127.75,0.02,15.0,0.97,161.2,0.96,406.58,0.99,2397.25,,,,0.02,2321.735971,1776267098000
1776267100.358,100.358,,,,,0.01,37.75,0.02,10.0,0.99,127.75,0.98,15.0,,,,,,,2321.610597,1776267099000
1776267100.63,100.63,,,,,0.01,35.76,0.02,10.0,0.99,37.75,0.98,10.0,,,,,,,2321.610597,1776267099000
1776267100.9,100.9,0.02,296.54,,,0.04,12.0,0.05,408.0,0.99,35.76,0.98,10.0,,,,,0.02,,2321.610597,1776267099000
1776267101.444,101.444,0.02,279.73,0.01,14.95,0.04,466.79,0.05,670.73,0.96,464.09,0.95,665.73,0.98,281.02,0.99,14.95,0.02,0.02,2321.796539,1776267100000
1776267102.104,102.104,0.02,276.39,0.01,91.0,0.04,115.0,0.05,313.0,0.96,923.97,0.95,928.46,0.98,269.44,0.99,14.95,0.02,0.02,2321.796539,1776267100000
1776267102.328,102.328,0.02,197.72,0.01,91.0,0.03,171.13,0.04,115.0,0.96,570.73,0.95,570.73,0.98,236.44,0.99,91.0,0.01,0.02,2321.987221,1776267101000
1776267102.603,102.603,0.02,132.91,0.01,91.0,0.03,186.13,0.04,115.0,0.97,512.48,0.96,422.69,0.98,140.91,0.99,91.0,0.01,0.01,2321.987221,1776267101000
1776267102.856,102.856,0.02,84.2,0.01,292.0,0.03,181.13,0.04,115.0,0.97,518.22,0.96,422.69,0.98,122.91,0.99,91.0,0.01,0.01,2321.987221,1776267101000
1776267103.128,103.128,0.01,75.2,,,0.03,186.13,0.04,115.0,0.97,181.13,0.96,115.0,0.98,84.2,0.99,292.0,0.02,0.01,2321.987221,1776267101000
1776267103.992,103.992,0.01,80.2,,,0.02,11.33,0.03,20.0,0.97,186.13,0.96,115.0,0.99,75.2,,,0.01,0.02,2322.105785,1776267102000
1776267104.546,104.546,0.01,442.78,,,0.02,10.11,0.03,20.0,0.98,10.11,0.97,20.0,0.99,75.2,,,0.01,0.01,2322.103398,1776267103000
1776267105.038,105.038,0.01,625.23,,,0.02,15.11,0.03,298.54,0.98,10.11,0.97,298.54,0.99,454.23,,,0.01,0.01,2322.103398,1776267103000
1776267105.414,105.414,0.01,595.23,,,0.02,182.78,0.03,298.54,0.98,15.11,0.97,298.54,0.99,625.23,,,0.01,0.01,2322.103398,1776267103000
1776267106.75,106.75,0.01,222.45,,,0.02,182.78,0.03,298.54,0.98,182.78,0.97,298.54,0.99,595.23,,,0.01,0.01,2322.166163,1776267105000
1776267107.339,107.339,0.01,172.45,,,0.02,182.78,0.03,298.54,0.98,182.78,0.97,298.54,0.99,217.45,,,0.01,0.01,2322.12992,1776267106000
1776267107.69,107.69,,,,,0.02,172.67,0.03,283.54,0.98,182.78,0.97,298.54,0.99,172.45,,,,0.01,2322.12992,1776267106000
1776267109.974,109.974,0.01,11.0,,,0.02,5.0,0.03,10.0,0.98,172.67,0.97,283.54,,,,,0.01,,2322.089531,1776267108000
1776267110.735,110.735,0.01,5.0,,,0.02,35.0,0.03,31.0,0.98,5.0,0.97,10.0,0.99,11.0,,,0.01,0.01,2322.447921,1776267109000
1776267111.083,111.083,,,,,0.01,290.0,0.02,30.0,0.98,35.0,0.97,31.0,,,,,,,2322.447921,1776267109000
1776267112.328,112.328,,,,,0.01,419.59,0.02,30.0,0.99,430.0,0.98,30.0,,,,,,,2323.347416,1776267111000
1776267112.796,112.796,,,,,0.01,0.59,0.02,30.0,0.99,119.59,0.98,30.0,,,,,,,2323.347416,1776267111000
1776267113.405,113.405,,,,,0.01,0.59,0.02,30.0,0.99,0.59,0.98,30.0,,,,,,,2323.828022,1776267112000
1776267113.71,113.71,,,,,0.02,30.0,0.03,362.0,0.99,0.59,0.98,30.0,,,,,,,2323.828022,1776267112000
1776267114.636,114.636,0.01,474.98,,,0.02,10.0,0.03,395.0,0.98,30.0,0.97,362.0,,,,,0.01,,2324.57495,1776267113000
1776267116.11,116.11,0.01,580.59,,,0.03,248.66,0.04,10.0,0.98,10.0,0.97,395.0,0.99,469.98,,,0.02,0.01,2324.866434,1776267114000
1776267116.666,116.666,0.01,317.99,,,0.03,253.66,0.04,10.0,0.97,248.66,0.96,10.0,0.99,580.59,,,0.02,0.02,2324.8843,1776267115000
1776267117.312,117.312,0.01,1127.33,,,0.03,139.25,0.04,15.0,0.97,139.25,0.96,15.0,0.99,312.99,,,0.02,0.02,2324.908597,1776267116000
1776267118.613,118.613,0.01,726.33,,,0.02,100.4,0.03,129.25,0.97,129.25,0.96,15.0,0.98,5.0,0.99,726.33,0.01,0.01,2325.213825,1776267117000
1776267118.867,118.867,0.01,391.99,,,0.04,15.0,0.05,308.0,0.98,100.4,0.97,129.25,0.99,721.33,,,0.03,0.01,2325.213825,1776267117000
1776267119.109,119.109,0.01,584.48,,,0.03,29.0,0.04,20.0,0.97,29.0,0.96,15.0,0.99,381.99,,,0.02,0.02,2325.213825,1776267117000
1776267119.926,119.926,,,,,0.01,125.95,0.02,207.0,0.97,29.0,0.96,20.0,0.99,508.71,,,,0.02,2325.68355,1776267119000
1776267120.451,120.451,,,,,0.02,33.0,0.03,335.0,0.99,125.95,0.98,207.0,,,,,,,2325.68355,1776267119000
1776267120.75,120.75,0.01,372.58,,,0.02,15.0,0.03,29.0,0.98,33.0,0.97,335.0,,,,,0.01,,2325.68355,1776267119000
1776267120.984,120.984,0.01,357.38,,,0.02,15.0,0.03,29.0,0.98,15.0,0.97,29.0,0.99,362.44,,,0.01,0.01,2325.68355,1776267119000
1776267121.25,121.25,0.01,350.77,,,0.02,35.07,0.03,29.0,0.98,35.07,0.97,29.0,0.99,356.36,,,0.01,0.01,2325.724134,1776267120000
1776267121.451,121.451,0.01,277.84,,,0.02,35.07,0.03,29.0,0.98,35.07,0.97,29.0,0.99,377.84,,,0.01,0.01,2325.724134,1776267120000
1776267121.671,121.671,0.01,281.56,,,0.02,35.07,0.03,29.0,0.98,35.07,0.97,29.0,0.99,262.19,,,0.01,0.01,2325.724134,1776267120000
1776267121.939,121.939,0.01,375.17,,,0.02,35.07,0.03,29.0,0.98,35.07,0.97,29.0,0.99,281.56,,,0.01,0.01,2325.724134,1776267120000
1776267122.165,122.165,0.01,415.8,,,0.02,23.07,0.03,29.0,0.98,28.07,0.97,29.0,0.99,396.56,,,0.01,0.01,2325.400403,1776267121000
1776267122.672,122.672,0.01,367.57,,,0.02,23.07,0.03,29.0,0.98,28.07,0.97,29.0,0.99,315.78,,,0.01,0.01,2325.400403,1776267121000
1776267123.073,123.073,0.01,365.53,,,0.02,28.07,0.03,29.0,0.98,28.07,0.97,29.0,0.99,366.55,,,0.01,0.01,2325.400403,1776267121000
1776267123.412,123.412,0.01,402.99,,,0.02,23.07,0.03,29.0,0.98,23.07,0.97,29.0,0.99,423.19,,,0.01,0.01,2325.750865,1776267122000
1776267124.101,124.101,0.02,347.93,0.01,345.99,0.03,29.0,0.04,353.5,0.98,23.07,0.97,29.0,0.99,402.99,,,0.01,0.01,2325.750865,1776267122000
1776267124.591,124.591,0.01,241.89,,,0.02,10.0,0.03,34.0,0.98,5.0,0.97,34.0,0.99,582.52,,,0.01,0.01,2326.205884,1776267123000
1776267124.976,124.976,0.01,199.4,,,0.02,34.0,0.03,340.0,0.98,10.0,0.97,34.0,0.99,241.89,,,0.01,0.01,2326.205884,1776267123000
1776267125.379,125.379,0.01,154.0,,,0.02,124.75,0.03,340.0,0.98,34.0,0.97,340.0,0.99,199.4,,,0.01,0.01,2326.205884,1776267123000
1776267126.558,126.558,0.01,505.58,,,0.02,19.75,0.03,358.0,0.98,24.75,0.97,340.0,0.99,160.0,,,0.01,0.01,2326.262919,1776267125000
1776267126.97,126.97,0.01,153.9,,,0.03,344.5,0.04,26.49,0.98,19.75,0.97,358.0,0.99,505.58,,,0.02,0.01,2326.262919,1776267125000
1776267127.342,127.342,0.01,112.9,,,0.02,17.0,0.03,336.5,0.97,344.5,0.96,26.49,0.99,153.9,,,0.01,0.02,2325.921382,1776267126000
1776267128.913,128.913,0.01,464.58,,,0.05,190.14,0.06,297.57,0.98,17.0,0.97,336.5,0.99,112.9,,,0.04,0.01,2325.517576,1776267127000
1776267129.744,129.744,0.02,3.97,0.01,594.15,0.03,93.0,0.04,462.33,0.95,190.14,0.94,297.57,0.99,464.58,,,0.01,0.04,2325.374781,1776267128000
1776267130.956,130.956,0.01,580.03,,,0.03,53.0,0.04,282.43,0.97,93.0,0.96,462.33,0.98,0.88,0.99,594.15,0.02,0.01,2325.36688,1776267129000
1776267131.226,131.226,0.02,101.99,0.01,559.77,0.03,78.0,0.04,5.0,0.97,53.0,0.96,282.43,0.99,580.03,,,0.01,0.02,2325.388045,1776267130000
1776267131.558,131.558,0.02,1.99,0.01,154.78,0.04,22.0,0.05,200.14,0.96,12.0,0.95,195.14,0.97,1.94,0.98,15.99,0.02,0.01,2325.388045,1776267130000
1776267131.816,131.816,0.01,154.78,,,0.03,46.0,0.04,22.0,0.96,22.0,0.95,200.14,0.98,1.99,0.99,154.78,0.02,0.02,2325.388045,1776267130000
1776267132.14,132.14,0.01,156.78,,,0.03,26.0,0.04,27.0,0.97,46.0,0.96,22.0,0.99,154.78,,,0.02,0.02,2325.388045,1776267130000
1776267132.392,132.392,0.01,127.19,,,0.03,21.0,0.04,205.73,0.97,21.0,0.96,27.0,0.99,149.93,,,0.02,0.02,2325.422565,1776267131000
1776267133.069,133.069,0.01,107.93,,,0.03,20.0,0.04,17.0,0.97,25.0,0.96,27.0,0.99,111.93,,,0.02,0.02,2325.422565,1776267131000
1776267135.901,135.901,0.01,125.0,,,0.02,280.0,0.03,30.0,0.97,20.0,0.96,17.0,0.99,107.93,,,0.01,0.02,2325.798138,1776267134000
1776267136.549,136.549,0.01,104.79,,,0.02,49.0,0.03,25.0,0.98,205.0,0.97,30.0,0.99,104.79,,,0.01,0.01,2326.05222,1776267135000
1776267137.568,137.568,0.01,581.72,,,0.02,49.0,0.03,33.0,0.98,39.0,0.97,25.0,0.99,119.46,,,0.01,0.01,2326.427115,1776267136000
1776267139.432,139.432,0.01,265.73,,,0.02,219.75,0.03,36.0,0.98,49.0,0.97,33.0,0.99,581.72,,,0.01,0.01,2326.603729,1776267138000
1776267140.668,140.668,0.01,339.73,,,0.02,54.75,0.03,31.0,0.98,219.75,0.97,36.0,0.99,265.73,,,0.01,0.01,2326.657903,1776267139000
1776267140.994,140.994,0.01,339.73,,,0.03,14.16,0.04,438.69,0.98,54.75,0.97,31.0,0.99,339.73,,,0.02,0.01,2326.657903,1776267139000
1776267141.727,141.727,0.02,3.97,0.01,755.72,0.03,24.16,0.04,454.68,0.97,14.16,0.96,438.69,0.99,339.73,,,0.01,0.02,2326.587899,1776267140000
1776267142.377,142.377,0.01,674.61,,,0.03,332.15,0.04,138.69,0.97,19.16,0.96,454.68,0.98,1.91,0.99,755.72,0.02,0.01,2326.694286,1776267141000
1776267143.484,143.484,0.01,274.58,,,0.03,24.16,0.04,727.29,0.97,332.15,0.96,138.69,0.99,674.61,,,0.02,0.02,2326.705749,1776267142000
1776267147.428,147.428,0.01,283.84,,,0.02,23.0,0.03,460.69,0.97,24.16,0.96,727.29,0.99,274.58,,,0.01,0.02,2326.72341,1776267146000
1776267147.676,147.676,0.01,319.84,,,0.03,311.02,0.04,332.43,0.98,23.0,0.97,460.69,0.99,283.84,,,0.02,0.01,2326.72341,1776267146000
1776267148.593,148.593,0.02,3.97,0.01,357.84,0.03,341.99,0.04,257.73,0.97,311.02,0.96,332.43,0.99,319.84,,,0.01,0.02,2326.743382,1776267147000
1776267149.159,149.159,0.02,0.88,0.01,320.84,0.03,336.99,0.04,230.73,0.97,341.99,0.96,230.73,0.98,1.91,0.99,320.84,0.01,0.01,2326.743382,1776267147000
1776267150.725,150.725,0.01,181.58,,,0.02,34.0,0.03,317.99,0.97,336.99,0.96,230.73,0.98,0.88,0.99,320.84,0.01,0.01,2326.604744,1776267149000
1776267151.239,151.239,0.01,180.56,,,0.02,34.0,0.03,327.99,0.98,34.0,0.97,317.99,0.99,181.58,,,0.01,0.01,2326.587933,1776267150000
1776267151.715,151.715,0.01,573.53,,,0.02,44.0,0.03,327.99,0.98,44.0,0.97,327.99,0.99,578.53,,,0.01,0.01,2326.587933,1776267150000
1776267152.019,152.019,0.01,565.92,,,0.03,323.99,0.04,47.0,0.98,44.0,0.97,327.99,0.99,560.92,,,0.02,0.01,2326.287237,1776267151000
1776267152.244,152.244,0.01,529.18,,,0.02,161.81,0.03,528.74,0.97,523.71,0.96,140.7,0.99,570.18,,,0.01,0.02,2326.287237,1776267151000
1776267152.716,152.716,0.01,496.16,,,0.02,156.81,0.03,807.34,0.98,161.81,0.97,528.74,0.99,529.18,,,0.01,0.01,2326.287237,1776267151000
1776267153.035,153.035,0.01,489.14,,,0.02,161.81,0.03,807.34,0.98,156.81,0.97,807.34,0.99,496.16,,,0.01,0.01,2326.092982,1776267152000
1776267154.643,154.643,0.01,482.07,,,0.02,232.56,0.03,513.74,0.98,156.81,0.97,807.34,0.99,487.12,,,0.01,0.01,2326.062175,1776267153000
1776267155.664,155.664,0.01,65.82,,,0.02,149.74,0.03,334.02,0.98,232.56,0.97,513.74,0.99,482.07,,,0.01,0.01,2325.982625,1776267154000
1776267155.92,155.92,0.01,65.82,,,0.02,68.74,0.03,334.02,0.98,149.74,0.97,334.02,0.99,65.82,,,0.01,0.01,2325.982625,1776267154000
1776267157.466,157.466,0.01,430.81,,,0.02,221.36,0.03,340.01,0.98,68.74,0.97,334.02,0.99,65.82,,,0.01,0.01,2326.300056,1776267156000
1776267158.089,158.089,0.01,415.81,,,0.02,313.27,0.03,55.99,0.98,221.36,0.97,340.01,0.99,430.81,,,0.01,0.01,2326.300056,1776267156000
1776267159.609,159.609,,,,,0.02,113.74,0.03,45.91,0.98,308.27,0.97,55.99,0.99,395.81,,,,0.01,2326.162308,1776267158000
1776267160.396,160.396,,,,,0.03,11.73,0.04,42.0,0.98,113.74,0.97,45.91,,,,,,,2325.892909,1776267159000
1776267161.512,161.512,0.01,125.96,,,0.02,17.0,0.03,30.9,0.97,11.73,0.96,42.0,,,,,0.01,,2326.097285,1776267160000
1776267162.469,162.469,0.01,510.01,,,0.02,76.2,0.03,339.97,0.98,17.0,0.97,30.9,0.99,123.94,,,0.01,0.01,2326.349453,1776267161000
1776267164.401,164.401,0.01,484.69,,,0.02,124.84,0.03,45.87,0.95,55.99,0.94,208.57,0.99,484.75,,,0.01,0.04,2326.47476,1776267162000
1776267167.075,167.075,0.01,20.66,,,0.02,122.84,0.03,100.87,0.98,124.84,0.97,45.87,0.99,477.93,,,0.01,0.01,2326.6583,1776267165000
1776267167.447,167.447,0.01,11.64,,,0.02,91.84,0.03,100.87,0.98,96.84,0.97,100.87,0.99,19.64,,,0.01,0.01,2326.695911,1776267166000
1776267167.66,167.66,0.01,394.74,,,0.02,91.84,0.03,100.87,0.98,96.84,0.97,100.87,0.99,9.64,,,0.01,0.01,2326.695911,1776267166000
1776267169.539,169.539,0.01,397.72,,,0.02,84.84,0.03,100.88,0.98,91.84,0.97,100.87,0.99,394.74,,,0.01,0.01,2326.568159,1776267168000
1776267171.16,171.16,0.01,403.72,,,0.02,65.59,0.03,100.88,0.98,84.84,0.97,100.88,0.99,397.72,,,0.01,0.01,2326.389691,1776267169000
1776267172.475,172.475,0.01,363.72,,,0.02,210.59,0.03,100.88,0.98,65.59,0.97,100.88,0.99,403.72,,,0.01,0.01,2326.4988,1776267171000
1776267174.003,174.003,0.01,302.99,,,0.02,24.59,0.03,84.0,0.98,210.59,0.97,100.88,0.99,363.72,,,0.01,0.01,2326.616648,1776267172000
1776267174.238,174.238,0.01,262.79,,,0.02,24.59,0.03,84.0,0.98,24.59,0.97,84.0,0.99,302.99,,,0.01,0.01,2326.616648,1776267172000
1776267178.57,178.57,0.01,53.79,,,0.03,55.0,0.04,148.7,0.98,24.59,0.97,84.0,0.99,262.79,,,0.02,0.01,2326.389535,1776267177000
1776267178.969,178.969,0.01,53.79,,,0.02,74.0,0.03,178.7,0.97,55.0,0.96,148.7,0.99,53.79,,,0.01,0.02,2326.389535,1776267177000
1776267180.356,180.356,0.01,4.94,,,0.02,99.0,0.03,60.0,0.98,74.0,0.97,178.7,0.99,53.79,,,0.01,0.01,2326.28909,1776267179000
1776267180.875,180.875,0.01,246.68,,,0.02,222.0,0.03,122.0,0.98,222.0,0.97,122.0,,,,,0.01,,2326.28909,1776267179000
1776267181.089,181.089,0.01,3.98,,,0.02,229.0,0.03,122.0,0.98,222.0,0.97,122.0,0.99,246.68,,,0.01,0.01,2326.28909,1776267179000
1776267181.838,181.838,,,,,0.01,5457.72,0.02,234.0,0.98,229.0,0.97,245.7,0.99,1.96,,,,0.01,2326.611242,1776267180000
1776267182.276,182.276,,,,,0.01,5253.48,0.02,227.0,0.99,5457.72,0.98,234.0,,,,,,,2326.833654,1776267181000
1776267185.914,185.914,,,,,0.01,5214.98,0.02,447.7,0.99,5253.48,0.98,227.0,,,,,,,2326.796903,1776267184000
1776267188.138,188.138,,,,,0.01,5183.78,0.02,222.0,0.99,5214.98,0.98,447.7,,,,,,,2326.30665,1776267186000
1776267191.871,191.871,,,,,0.01,5172.48,0.02,222.0,0.99,5183.78,0.98,222.0,,,,,,,2327.238299,1776267190000
1776267192.329,192.329,,,,,0.01,5185.7,0.02,222.0,0.99,5172.48,0.98,222.0,,,,,,,2327.353029,1776267191000
1776267196.141,196.141,,,,,0.01,5072.44,0.02,264.0,0.99,5185.7,0.98,222.0,,,,,,,2327.213552,1776267194000
1776267196.746,196.746,,,,,0.01,4972.44,0.02,264.0,0.99,5072.44,0.98,264.0,,,,,,,2327.075934,1776267195000
1776267203.392,203.392,,,,,0.01,2972.44,0.02,447.7,0.99,4972.44,0.98,264.0,,,,,,,2327.36354,1776267201000
1776267205.362,205.362,,,,,0.01,2872.44,0.02,282.7,0.99,2972.44,0.98,447.7,,,,,,,2326.971501,1776267203000
1776267243.446,243.446,,,,,0.01,19798.47,0.02,484.69,0.99,2872.44,0.98,282.7,,,,,,,2323.642777,1776267242000
1776267258.059,258.059,,,,,0.01,20657.82,0.02,484.69,0.99,19798.47,0.98,484.69,,,,,,,2325.304082,1776267256000
1776267263.859,263.859,,,,,0.01,20728.65,0.02,599.69,0.99,20657.82,0.98,484.69,,,,,,,2325.511141,1776267262000
1776267280.081,280.081,,,,,0.01,19138.07,0.02,415.99,0.99,20728.65,0.98,599.69,,,,,,,2324.71568,1776267278000
1776267286.394,286.394,,,,,0.01,18959.39,0.02,300.99,0.99,19138.07,0.98,415.99,,,,,,,2324.813364,1776267285000
1776267288.315,288.315,,,,,0.01,18962.36,0.02,300.99,0.99,18959.39,0.98,300.99,,,,,,,2324.704425,1776267286000
1776267298.29,298.29,,,,,0.01,21072.88,0.02,300.99,0.99,18962.36,0.98,300.99,,,,,,,2324.422571,1776267296000

# RESULT,winner=Down,slug=eth-updown-5m-1776267000,ticks=324
