timestamp,elapsed_sec,up_bid_p1,up_bid_s1,up_bid_p2,up_bid_s2,up_ask_p1,up_ask_s1,up_ask_p2,up_ask_s2,down_bid_p1,down_bid_s1,down_bid_p2,down_bid_s2,down_ask_p1,down_ask_s1,down_ask_p2,down_ask_s2,up_spread,down_spread,eth_price,eth_oracle_ts
1776186901.671,1.671,0.52,27.29,0.51,15.0,0.54,158.29,0.55,80.0,0.48,70.0,0.46,148.29,0.5,18.61,0.51,12.78,0.02,0.02,2339.349136,1776186900000
1776186902.221,2.221,0.5,23.61,0.49,7.78,0.51,10.0,0.52,90.0,0.48,70.0,0.46,148.29,0.5,18.61,0.51,12.78,0.01,0.02,2339.349136,1776186900000
1776186902.489,2.489,0.5,23.61,0.49,7.78,0.51,10.0,0.52,90.0,0.49,10.0,0.48,90.0,0.5,23.61,0.51,7.78,0.01,0.01,2339.605905,1776186901000
1776186902.868,2.868,0.5,28.61,0.49,20.78,0.51,5.0,0.52,80.0,0.49,10.0,0.48,90.0,0.5,23.61,0.51,7.78,0.01,0.01,2339.605905,1776186901000
1776186903.177,3.177,0.5,23.61,0.49,25.88,0.52,62.54,0.53,10.0,0.49,5.1,0.48,80.0,0.5,28.61,0.51,25.88,0.02,0.01,2339.605905,1776186901000
1776186904.058,4.058,0.51,15.0,0.5,38.61,0.52,62.54,0.53,20.0,0.48,62.54,0.47,10.0,0.5,23.61,0.51,25.88,0.01,0.02,2339.565158,1776186902000
1776186904.988,4.988,0.51,30.0,0.5,33.61,0.52,37.54,0.53,20.0,0.48,62.54,0.47,20.0,0.49,15.0,0.5,38.61,0.01,0.01,2339.565158,1776186902000
1776186905.229,5.229,0.51,23.75,0.5,33.61,0.52,38.29,0.53,10.0,0.48,28.29,0.47,20.0,0.49,30.0,0.5,33.61,0.01,0.01,2339.500409,1776186903000
1776186905.507,5.507,0.51,23.75,0.5,33.61,0.52,33.29,0.53,10.0,0.48,38.29,0.47,10.0,0.49,23.75,0.5,33.61,0.01,0.01,2339.500409,1776186903000
1776186906.25,6.25,0.51,18.75,0.5,33.61,0.52,38.29,0.53,10.0,0.48,38.29,0.47,10.0,0.49,18.75,0.5,33.61,0.01,0.01,2339.52555,1776186905000
1776186906.476,6.476,0.51,37.75,0.5,46.61,0.52,22.05,0.53,20.0,0.48,38.29,0.47,10.0,0.49,18.75,0.5,33.61,0.01,0.01,2339.52555,1776186905000
1776186907.341,7.341,0.51,37.75,0.5,46.61,0.52,22.05,0.53,20.0,0.48,22.05,0.47,20.0,0.49,37.75,0.5,46.61,0.01,0.01,2339.584778,1776186906000
1776186907.678,7.678,0.51,42.75,0.5,146.61,0.52,12.05,0.53,120.0,0.48,22.05,0.47,20.0,0.49,37.75,0.5,46.61,0.01,0.01,2339.584778,1776186906000
1776186908.012,8.012,0.51,17.73,0.5,146.61,0.53,119.03,0.54,195.0,0.48,12.05,0.47,120.0,0.49,7.73,0.5,146.61,0.02,0.01,2339.584778,1776186906000
1776186908.372,8.372,0.51,17.73,0.5,146.61,0.53,119.03,0.54,195.0,0.47,119.03,0.46,195.0,0.49,17.73,0.5,146.61,0.02,0.02,2339.496037,1776186907000
1776186908.973,8.973,0.51,17.73,0.5,146.61,0.53,119.03,0.54,195.0,0.47,119.03,0.46,195.0,0.49,17.73,0.5,146.61,0.02,0.02,2339.489576,1776186908000
1776186909.199,9.199,0.5,15.41,0.49,12.88,0.51,80.0,0.52,15.0,0.47,119.03,0.46,195.0,0.49,17.73,0.5,146.61,0.01,0.02,2339.489576,1776186908000
1776186909.827,9.827,0.48,1.43,0.47,105.0,0.5,15.0,0.51,90.0,0.49,90.0,0.48,30.0,0.52,1.43,0.53,100.0,0.02,0.03,2339.489576,1776186908000
1776186910.418,10.418,0.48,18.43,0.47,110.0,0.49,19.25,0.5,15.0,0.5,15.0,0.49,90.0,0.52,1.43,0.53,105.0,0.01,0.02,2339.481625,1776186909000
1776186910.925,10.925,0.48,9.68,0.47,227.0,0.49,19.25,0.5,15.0,0.51,19.25,0.5,15.0,0.52,13.43,0.53,227.0,0.01,0.01,2339.481625,1776186909000
1776186911.617,11.617,0.46,114.44,0.45,110.0,0.49,29.25,0.5,220.43,0.51,19.25,0.5,15.0,0.52,9.68,0.53,227.0,0.03,0.01,2339.336453,1776186910000
1776186912.212,12.212,0.46,114.44,0.45,110.0,0.49,29.25,0.5,220.43,0.51,29.25,0.5,220.43,0.54,114.44,0.55,110.0,0.03,0.03,2339.261027,1776186911000
1776186912.586,12.586,0.46,111.83,0.45,125.0,0.47,25.0,0.48,20.0,0.51,29.25,0.5,220.43,0.54,114.44,0.55,110.0,0.01,0.03,2339.261027,1776186911000
1776186913.202,13.202,0.46,116.83,0.45,125.0,0.47,20.0,0.48,25.0,0.53,25.0,0.52,20.0,0.54,111.83,0.55,125.0,0.01,0.01,2339.261027,1776186911000
1776186913.407,13.407,0.46,116.83,0.45,125.0,0.47,14.85,0.48,25.0,0.53,20.0,0.52,25.0,0.54,116.83,0.55,125.0,0.01,0.01,2339.15382,1776186912000
1776186913.668,13.668,0.46,119.9,0.45,135.0,0.47,14.85,0.48,25.0,0.53,14.85,0.52,25.0,0.54,116.83,0.55,125.0,0.01,0.01,2339.15382,1776186912000
1776186914.144,14.144,0.46,116.19,0.45,142.0,0.47,14.85,0.48,20.0,0.53,14.85,0.52,25.0,0.54,119.9,0.55,135.0,0.01,0.01,2339.15382,1776186912000
1776186914.387,14.387,0.46,116.19,0.45,142.0,0.47,14.85,0.48,20.0,0.53,14.85,0.52,20.0,0.54,116.19,0.55,142.0,0.01,0.01,2339.14506,1776186913000
1776186914.896,14.896,0.46,165.19,0.45,152.0,0.47,4.21,0.48,20.0,0.53,14.85,0.52,20.0,0.54,116.19,0.55,142.0,0.01,0.01,2339.14506,1776186913000
1776186915.478,15.478,0.46,177.19,0.45,142.0,0.47,1.08,0.48,30.0,0.53,4.21,0.52,20.0,0.54,165.19,0.55,152.0,0.01,0.01,2339.144905,1776186914000
1776186915.931,15.931,0.46,32.46,0.45,132.0,0.47,1.08,0.48,30.0,0.53,1.08,0.52,30.0,0.54,177.19,0.55,142.0,0.01,0.01,2339.144905,1776186914000
1776186916.267,16.267,0.45,37.68,0.44,217.0,0.47,41.08,0.48,142.0,0.53,1.08,0.52,30.0,0.54,32.46,0.55,132.0,0.02,0.01,2339.146787,1776186915000
1776186917.123,17.123,0.45,37.68,0.44,217.0,0.47,41.08,0.48,142.0,0.53,41.08,0.52,142.0,0.55,37.68,0.56,217.0,0.02,0.02,2339.146887,1776186916000
1776186917.966,17.966,0.4,152.0,0.39,22.0,0.41,86.47,0.42,10.0,0.54,60.0,0.53,26.08,0.55,34.72,0.57,10.0,0.01,0.01,2339.146887,1776186916000
1776186918.208,18.208,0.4,152.0,0.39,22.0,0.41,86.47,0.42,10.0,0.59,86.47,0.58,10.0,0.6,152.0,0.61,22.0,0.01,0.01,2339.073557,1776186917000
1776186918.469,18.469,0.4,177.0,0.39,110.0,0.41,17.72,0.43,8.77,0.59,86.47,0.58,10.0,0.6,152.0,0.61,22.0,0.01,0.01,2339.073557,1776186917000
1776186918.781,18.781,0.41,54.75,0.4,172.36,0.43,8.77,0.45,10.0,0.59,88.64,0.58,83.6,0.6,172.36,0.61,105.0,0.02,0.01,2339.073557,1776186917000
1776186919.064,19.064,0.41,76.42,0.4,172.36,0.42,10.0,0.43,10.21,0.57,35.21,0.56,30.0,0.59,82.42,0.6,172.36,0.01,0.02,2339.073557,1776186917000
1776186919.395,19.395,0.42,10.0,0.41,54.75,0.45,5.21,0.46,20.0,0.58,10.0,0.57,10.21,0.59,70.92,0.6,172.36,0.03,0.01,2338.58181,1776186918000
1776186919.665,19.665,0.44,10.0,0.43,20.0,0.45,15.21,0.46,20.0,0.55,5.21,0.54,20.0,0.58,72.65,0.59,59.75,0.01,0.03,2338.58181,1776186918000
1776186920.278,20.278,0.44,10.0,0.43,20.0,0.45,15.21,0.46,20.0,0.55,15.21,0.54,20.0,0.56,10.0,0.57,20.0,0.01,0.01,2338.550111,1776186919000
1776186920.826,20.826,0.44,202.0,0.43,25.0,0.45,10.0,0.46,10.0,0.55,15.21,0.54,20.0,0.56,10.0,0.57,20.0,0.01,0.01,2338.550111,1776186919000
1776186921.064,21.064,0.44,180.0,0.43,25.0,0.45,4.88,0.46,10.0,0.55,10.0,0.54,10.0,0.56,180.0,0.57,25.0,0.01,0.01,2338.550111,1776186919000
1776186921.338,21.338,0.44,180.0,0.43,25.0,0.45,4.88,0.46,10.0,0.55,4.88,0.54,10.0,0.56,180.0,0.57,25.0,0.01,0.01,2338.973176,1776186920000
1776186921.712,21.712,0.47,20.0,0.46,252.0,0.48,16.0,0.5,30.0,0.55,4.88,0.54,10.0,0.56,180.0,0.57,25.0,0.01,0.01,2338.973176,1776186920000
1776186922.236,22.236,0.47,17.79,0.46,135.0,0.48,21.0,0.5,30.0,0.52,16.0,0.5,30.0,0.53,12.79,0.54,252.0,0.01,0.01,2338.973176,1776186920000
1776186922.448,22.448,0.47,17.79,0.46,135.0,0.48,21.0,0.5,30.0,0.52,21.0,0.5,30.0,0.53,17.79,0.54,135.0,0.01,0.01,2339.101768,1776186921000
1776186923.004,23.004,0.47,22.79,0.46,135.0,0.48,5.0,0.49,5.0,0.52,5.0,0.51,5.0,0.53,22.79,0.54,135.0,0.01,0.01,2339.176985,1776186922000
1776186923.595,23.595,0.48,227.0,0.47,12.79,0.49,5.0,0.5,35.0,0.52,5.0,0.51,5.0,0.53,22.79,0.54,135.0,0.01,0.01,2339.176985,1776186922000
1776186923.821,23.821,0.49,12.8,0.48,217.0,0.5,45.0,0.51,15.0,0.51,5.0,0.5,35.0,0.52,227.0,0.53,12.79,0.01,0.01,2339.176985,1776186922000
1776186924.064,24.064,0.49,12.8,0.48,217.0,0.5,45.0,0.51,15.0,0.5,45.0,0.49,15.0,0.51,12.8,0.52,217.0,0.01,0.01,2339.790906,1776186923000
1776186925.14,25.14,0.49,12.8,0.48,217.0,0.5,45.0,0.51,15.0,0.5,45.0,0.49,15.0,0.51,12.8,0.52,217.0,0.01,0.01,2339.91042,1776186924000
1776186926.157,26.157,0.49,12.8,0.48,217.0,0.5,45.0,0.51,15.0,0.5,45.0,0.49,15.0,0.51,12.8,0.52,217.0,0.01,0.01,2339.915525,1776186925000
1776186926.413,26.413,0.5,205.0,0.49,37.8,0.53,5.0,0.54,10.0,0.5,45.0,0.49,15.0,0.51,12.8,0.52,217.0,0.03,0.01,2339.915525,1776186925000
1776186926.784,26.784,0.52,40.0,0.51,15.0,0.54,0.62,0.56,40.0,0.47,5.0,0.46,10.0,0.5,205.0,0.51,37.8,0.02,0.03,2339.915525,1776186925000
1776186927.207,27.207,0.52,40.0,0.51,15.0,0.54,0.62,0.56,40.0,0.46,0.62,0.44,40.0,0.48,40.0,0.49,15.0,0.02,0.02,2339.931641,1776186926000
1776186928.279,28.279,0.52,40.0,0.51,15.0,0.54,0.62,0.56,40.0,0.46,0.62,0.44,40.0,0.48,40.0,0.49,15.0,0.02,0.02,2339.940917,1776186927000
1776186929.242,29.242,0.53,75.0,0.52,157.0,0.55,9.04,0.56,142.0,0.46,0.62,0.44,40.0,0.48,40.0,0.49,15.0,0.02,0.02,2339.940917,1776186927000
1776186930.381,30.381,0.53,75.0,0.52,157.0,0.55,9.04,0.56,142.0,0.45,9.04,0.44,142.0,0.47,75.0,0.48,157.0,0.02,0.02,2340.045175,1776186929000
1776186930.935,30.935,0.53,75.0,0.52,157.0,0.55,9.04,0.56,142.0,0.45,9.04,0.44,142.0,0.47,75.0,0.48,157.0,0.02,0.02,2340.029305,1776186930000
1776186931.941,31.941,0.56,57.72,0.55,20.0,0.57,137.0,0.59,85.0,0.43,227.0,0.42,38.0,0.46,35.0,0.47,71.0,0.01,0.03,2340.029305,1776186930000
1776186933.1,33.1,0.56,57.72,0.55,20.0,0.57,137.0,0.59,85.0,0.43,137.0,0.41,85.0,0.44,57.72,0.45,20.0,0.01,0.01,2340.056695,1776186932000
1776186933.517,33.517,0.57,64.25,0.56,172.0,0.58,5.0,0.59,142.0,0.43,137.0,0.41,85.0,0.44,57.72,0.45,20.0,0.01,0.01,2340.056695,1776186932000
1776186934.416,34.416,0.57,59.25,0.56,162.0,0.58,6.59,0.59,142.0,0.42,6.59,0.41,142.0,0.43,59.25,0.44,162.0,0.01,0.01,2340.0458,1776186933000
1776186934.769,34.769,0.57,64.25,0.56,55.0,0.59,134.19,0.6,20.0,0.42,6.59,0.41,142.0,0.43,59.25,0.44,162.0,0.02,0.01,2340.0458,1776186933000
1776186935.487,35.487,0.57,64.25,0.56,55.0,0.59,134.19,0.6,20.0,0.41,134.19,0.4,20.0,0.43,64.25,0.44,55.0,0.02,0.02,2340.082656,1776186934000
1776186935.727,35.727,0.58,25.0,0.57,4.25,0.59,154.19,0.6,44.0,0.41,134.19,0.4,20.0,0.43,64.25,0.44,55.0,0.01,0.02,2340.082656,1776186934000
1776186936.238,36.238,0.58,14.76,0.57,4.25,0.59,154.19,0.6,44.0,0.41,154.19,0.4,44.0,0.42,14.76,0.43,4.25,0.01,0.01,2340.14829,1776186935000
1776186936.511,36.511,0.58,14.76,0.57,4.25,0.59,159.19,0.6,105.0,0.41,154.19,0.4,44.0,0.42,14.76,0.43,4.25,0.01,0.01,2340.14829,1776186935000
1776186938.257,38.257,0.58,14.76,0.57,4.25,0.59,159.19,0.6,105.0,0.41,159.19,0.4,105.0,0.42,14.76,0.43,4.25,0.01,0.01,2340.153545,1776186936000
1776186938.668,38.668,0.58,19.64,0.57,131.25,0.59,25.0,0.6,94.0,0.41,159.19,0.4,105.0,0.42,14.76,0.43,4.25,0.01,0.01,2340.153545,1776186936000
1776186938.88,38.88,0.58,19.64,0.57,131.25,0.59,25.0,0.6,94.0,0.41,25.0,0.4,94.0,0.42,19.64,0.43,131.25,0.01,0.01,2340.110135,1776186937000
1776186939.642,39.642,0.58,19.64,0.57,131.25,0.59,25.0,0.6,94.0,0.41,25.0,0.4,94.0,0.42,19.64,0.43,131.25,0.01,0.01,2340.10565,1776186938000
1776186939.912,39.912,0.6,14.77,0.59,10.0,0.61,253.0,0.62,175.0,0.39,248.0,0.38,105.0,0.4,24.77,0.41,10.0,0.01,0.01,2340.10565,1776186938000
1776186940.23,40.23,0.6,4.77,0.59,10.0,0.61,244.0,0.62,195.0,0.39,237.0,0.38,185.0,0.4,14.77,0.41,10.0,0.01,0.01,2340.10565,1776186938000
1776186940.561,40.561,0.59,10.0,0.58,45.0,0.6,5.23,0.61,344.0,0.39,244.0,0.38,195.0,0.4,4.77,0.41,10.0,0.01,0.01,2340.110775,1776186939000
1776186940.949,40.949,0.59,35.0,0.58,45.0,0.6,167.23,0.61,244.0,0.4,123.23,0.39,298.0,0.41,10.0,0.42,45.0,0.01,0.01,2340.110775,1776186939000
1776186941.209,41.209,0.59,25.0,0.58,162.0,0.6,162.23,0.61,249.0,0.4,167.23,0.39,244.0,0.41,35.0,0.42,45.0,0.01,0.01,2340.110775,1776186939000
1776186941.781,41.781,0.59,25.0,0.58,162.0,0.6,162.23,0.61,249.0,0.4,162.23,0.39,249.0,0.41,25.0,0.42,162.0,0.01,0.01,2340.413923,1776186940000
1776186942.041,42.041,0.59,168.0,0.58,80.0,0.6,23.23,0.61,66.0,0.4,162.23,0.39,249.0,0.41,25.0,0.42,162.0,0.01,0.01,2340.413923,1776186940000
1776186942.26,42.26,0.59,168.0,0.58,55.0,0.6,18.99,0.61,66.0,0.4,20.99,0.39,66.0,0.41,168.0,0.42,80.0,0.01,0.01,2340.413923,1776186940000
1776186942.704,42.704,0.59,244.0,0.58,85.0,0.61,4.23,0.62,25.0,0.4,10.65,0.39,12.0,0.41,168.0,0.42,55.0,0.02,0.01,2340.189049,1776186941000
1776186943.112,43.112,0.6,242.0,0.59,90.0,0.62,15.0,0.63,30.0,0.38,15.0,0.37,30.0,0.4,242.0,0.41,90.0,0.02,0.02,2340.25232,1776186942000
1776186944.304,44.304,0.61,224.0,0.6,80.0,0.62,7.87,0.63,106.0,0.38,15.0,0.37,30.0,0.4,242.0,0.41,90.0,0.01,0.02,2340.25232,1776186942000
1776186944.518,44.518,0.61,229.0,0.6,80.0,0.62,5.74,0.63,106.0,0.38,5.74,0.37,106.0,0.39,229.0,0.4,80.0,0.01,0.01,2340.326591,1776186943000
1776186945.148,45.148,0.61,229.0,0.6,80.0,0.62,5.74,0.63,106.0,0.38,5.74,0.37,106.0,0.39,229.0,0.4,80.0,0.01,0.01,2340.45721,1776186944000
1776186945.47,45.47,0.62,61.0,0.61,307.0,0.63,7.88,0.65,10.0,0.38,5.74,0.37,106.0,0.39,229.0,0.4,80.0,0.01,0.01,2340.45721,1776186944000
1776186946.77,46.77,0.62,130.0,0.61,215.0,0.65,10.0,0.67,78.0,0.35,10.0,0.33,78.0,0.38,130.0,0.39,215.0,0.03,0.03,2340.50016,1776186945000
1776186947.497,47.497,0.65,25.0,0.64,20.0,0.66,62.24,0.67,28.0,0.35,10.0,0.33,78.0,0.38,130.0,0.39,215.0,0.01,0.03,2340.50016,1776186945000
1776186948.326,48.326,0.65,26.0,0.64,21.0,0.66,316.24,0.67,130.0,0.34,62.24,0.33,28.0,0.35,25.0,0.36,20.0,0.01,0.01,2340.50016,1776186945000
1776186948.682,48.682,0.65,258.0,0.64,51.0,0.66,54.0,0.67,31.0,0.34,316.24,0.33,130.0,0.35,26.0,0.36,21.0,0.01,0.01,2340.50016,1776186945000
1776186950.252,50.252,0.65,283.0,0.64,51.0,0.66,7.25,0.67,56.0,0.34,7.25,0.33,56.0,0.35,283.0,0.36,51.0,0.01,0.01,2340.55915,1776186946000
1776186950.7,50.7,0.66,242.0,0.65,76.0,0.67,3.0,0.68,21.48,0.33,3.0,0.32,21.48,0.34,242.0,0.35,76.0,0.01,0.01,2340.731699,1776186949000
1776186951.134,51.134,0.66,242.0,0.65,76.0,0.67,3.0,0.68,21.48,0.33,3.0,0.32,21.48,0.34,242.0,0.35,76.0,0.01,0.01,2340.81361,1776186950000
1776186951.431,51.431,0.66,170.0,0.65,46.0,0.68,14.43,0.69,31.44,0.33,3.0,0.32,21.48,0.34,242.0,0.35,76.0,0.02,0.01,2340.81361,1776186950000
1776186951.754,51.754,0.67,35.0,0.66,137.0,0.68,10.5,0.69,162.44,0.32,14.43,0.31,31.44,0.34,170.0,0.35,46.0,0.01,0.02,2340.81361,1776186950000
1776186952.178,52.178,0.67,30.0,0.66,137.0,0.68,8.36,0.69,162.44,0.32,10.5,0.31,162.44,0.33,35.0,0.34,137.0,0.01,0.01,2340.81361,1776186950000
1776186952.402,52.402,0.67,60.0,0.66,162.0,0.69,164.29,0.7,205.0,0.32,6.22,0.31,162.44,0.33,30.0,0.34,162.0,0.02,0.01,2340.81361,1776186950000
1776186952.728,52.728,0.68,25.0,0.67,20.0,0.69,167.69,0.7,215.0,0.31,164.29,0.3,205.0,0.33,60.0,0.34,162.0,0.01,0.02,2340.95835,1776186951000
1776186953.154,53.154,0.68,67.0,0.67,20.0,0.69,137.69,0.7,215.0,0.31,167.69,0.3,215.0,0.32,25.0,0.33,20.0,0.01,0.01,2340.95835,1776186951000
1776186953.42,53.42,0.68,67.0,0.67,20.0,0.69,137.69,0.7,215.0,0.31,137.69,0.3,215.0,0.32,67.0,0.33,20.0,0.01,0.01,2340.945765,1776186952000
1776186953.933,53.933,0.65,10.0,0.63,10.0,0.69,270.0,0.7,245.0,0.31,137.69,0.3,215.0,0.32,67.0,0.33,20.0,0.04,0.01,2340.945765,1776186952000
1776186954.636,54.636,0.62,70.0,0.61,20.0,0.63,71.92,0.64,75.0,0.31,270.0,0.3,245.0,0.35,10.0,0.37,10.0,0.01,0.04,2340.945765,1776186953000
1776186955.147,55.147,0.62,70.0,0.61,20.0,0.63,71.92,0.64,75.0,0.37,71.92,0.36,75.0,0.38,70.0,0.39,20.0,0.01,0.01,2340.938308,1776186954000
1776186956.041,56.041,0.62,262.0,0.61,40.0,0.64,124.0,0.65,266.0,0.37,71.92,0.36,75.0,0.38,70.0,0.39,20.0,0.02,0.01,2340.938308,1776186954000
1776186956.252,56.252,0.62,262.0,0.61,40.0,0.64,124.0,0.65,266.0,0.36,124.0,0.35,266.0,0.38,262.0,0.39,40.0,0.02,0.02,2340.588718,1776186955000
1776186956.457,56.457,0.63,92.0,0.62,237.0,0.64,83.93,0.65,266.0,0.36,124.0,0.35,266.0,0.38,262.0,0.39,40.0,0.01,0.02,2340.588718,1776186955000
1776186957.338,57.338,0.63,269.0,0.62,120.0,0.64,63.0,0.65,306.0,0.36,83.93,0.35,266.0,0.37,92.0,0.38,237.0,0.01,0.01,2340.588718,1776186955000
1776186957.596,57.596,0.63,97.0,0.62,247.0,0.64,58.0,0.65,306.0,0.36,63.0,0.35,306.0,0.37,219.0,0.38,120.0,0.01,0.01,2340.494151,1776186956000
1776186957.978,57.978,0.63,97.0,0.62,247.0,0.64,31.5,0.65,306.0,0.36,58.0,0.35,306.0,0.37,97.0,0.38,247.0,0.01,0.01,2340.494151,1776186956000
1776186958.453,58.453,0.63,97.0,0.62,247.0,0.64,31.5,0.65,306.0,0.36,31.5,0.35,306.0,0.37,97.0,0.38,247.0,0.01,0.01,2340.576873,1776186957000
1776186958.97,58.97,0.63,97.0,0.62,247.0,0.64,31.5,0.65,306.0,0.36,31.5,0.35,306.0,0.37,97.0,0.38,247.0,0.01,0.01,2340.620823,1776186958000
1776186960.096,60.096,0.63,10.0,0.62,90.0,0.64,86.5,0.65,441.0,0.36,86.5,0.35,441.0,0.37,10.0,0.38,90.0,0.01,0.01,2340.605576,1776186959000
1776186960.399,60.399,0.63,260.0,0.62,150.0,0.64,0.87,0.65,318.0,0.36,86.5,0.35,441.0,0.37,10.0,0.38,90.0,0.01,0.01,2340.605576,1776186959000
1776186961.109,61.109,0.64,20.0,0.63,30.0,0.65,429.46,0.66,288.0,0.36,0.87,0.35,318.0,0.37,260.0,0.38,150.0,0.01,0.01,2340.605576,1776186959000
1776186961.566,61.566,0.64,45.0,0.63,20.0,0.65,329.46,0.66,188.0,0.35,429.46,0.34,288.0,0.36,20.0,0.37,30.0,0.01,0.01,2340.522721,1776186960000
1776186961.798,61.798,0.64,41.0,0.63,15.0,0.65,422.46,0.66,188.0,0.35,329.46,0.34,188.0,0.36,45.0,0.37,20.0,0.01,0.01,2340.522721,1776186960000
1776186962.382,62.382,0.64,40.0,0.63,132.0,0.65,285.16,0.66,178.0,0.35,285.16,0.34,178.0,0.36,40.0,0.37,132.0,0.01,0.01,2340.617157,1776186961000
1776186962.925,62.925,0.64,40.0,0.63,132.0,0.65,285.16,0.66,178.0,0.35,285.16,0.34,178.0,0.36,40.0,0.37,132.0,0.01,0.01,2340.630201,1776186962000
1776186963.716,63.716,0.64,305.0,0.63,75.0,0.65,100.16,0.66,158.0,0.35,285.16,0.34,178.0,0.36,40.0,0.37,132.0,0.01,0.01,2340.630201,1776186962000
1776186964.057,64.057,0.64,305.0,0.63,75.0,0.65,100.16,0.66,158.0,0.35,100.16,0.34,158.0,0.36,305.0,0.37,75.0,0.01,0.01,2340.610671,1776186963000
1776186964.364,64.364,0.66,6.0,0.64,357.0,0.67,91.0,0.68,93.0,0.35,100.16,0.34,158.0,0.36,305.0,0.37,75.0,0.01,0.01,2340.610671,1776186963000
1776186965.042,65.042,0.66,233.0,0.65,16.0,0.67,10.0,0.68,85.0,0.33,91.0,0.32,93.0,0.34,6.0,0.36,357.0,0.01,0.01,2340.610671,1776186963000
1776186966.31,66.31,0.66,233.0,0.65,16.0,0.67,10.0,0.68,85.0,0.33,10.0,0.32,85.0,0.34,233.0,0.35,16.0,0.01,0.01,2340.76113,1776186965000
1776186967.159,67.159,0.67,122.1,0.66,198.0,0.68,76.62,0.69,129.0,0.32,108.0,0.31,129.0,0.33,112.1,0.34,188.0,0.01,0.01,2340.76113,1776186965000
1776186967.371,67.371,0.67,122.1,0.66,215.6,0.68,69.27,0.69,129.0,0.32,76.62,0.31,129.0,0.33,122.1,0.34,198.0,0.01,0.01,2340.76113,1776186965000
1776186968.22,68.22,0.67,122.1,0.66,215.6,0.68,69.27,0.69,129.0,0.32,69.27,0.31,129.0,0.33,122.1,0.34,215.6,0.01,0.01,2340.887545,1776186967000
1776186968.746,68.746,0.67,85.1,0.66,215.6,0.68,138.62,0.69,237.0,0.32,69.27,0.31,129.0,0.33,122.1,0.34,215.6,0.01,0.01,2340.887545,1776186967000
1776186969.658,69.658,0.67,85.1,0.66,215.6,0.68,138.62,0.69,237.0,0.32,138.62,0.31,237.0,0.33,85.1,0.34,215.6,0.01,0.01,2340.910756,1776186968000
1776186969.989,69.989,0.67,55.1,0.66,15.0,0.69,194.88,0.7,265.0,0.32,138.62,0.31,237.0,0.33,85.1,0.34,215.6,0.02,0.01,2340.910756,1776186968000
1776186970.259,70.259,0.67,55.1,0.66,15.0,0.69,194.88,0.7,265.0,0.31,194.88,0.3,265.0,0.33,55.1,0.34,15.0,0.02,0.02,2340.891987,1776186969000
1776186970.643,70.643,0.64,117.0,0.63,40.0,0.66,212.0,0.67,15.0,0.32,96.0,0.31,152.88,0.35,12.0,0.36,5.0,0.02,0.03,2340.891987,1776186969000
1776186971.284,71.284,0.64,76.0,0.63,184.0,0.65,14.0,0.66,306.0,0.34,212.0,0.33,15.0,0.36,117.0,0.37,40.0,0.01,0.02,2340.891987,1776186969000
1776186971.543,71.543,0.64,43.0,0.63,189.0,0.65,22.25,0.66,209.0,0.35,17.25,0.34,331.0,0.36,49.0,0.37,184.0,0.01,0.01,2340.879436,1776186970000
1776186972.131,72.131,0.64,43.0,0.63,189.0,0.65,22.25,0.66,209.0,0.35,22.25,0.34,209.0,0.36,43.0,0.37,189.0,0.01,0.01,2340.810895,1776186971000
1776186973.444,73.444,0.64,43.0,0.63,189.0,0.65,22.25,0.66,209.0,0.35,22.25,0.34,209.0,0.36,43.0,0.37,189.0,0.01,0.01,2340.525697,1776186972000
1776186974.226,74.226,0.64,43.0,0.63,189.0,0.65,22.25,0.66,209.0,0.35,22.25,0.34,209.0,0.36,43.0,0.37,189.0,0.01,0.01,2340.560376,1776186973000
1776186975.359,75.359,0.64,43.0,0.63,189.0,0.65,22.25,0.66,209.0,0.35,22.25,0.34,209.0,0.36,43.0,0.37,189.0,0.01,0.01,2340.867415,1776186974000
1776186976.115,76.115,0.64,43.0,0.63,189.0,0.65,22.25,0.66,209.0,0.35,22.25,0.34,209.0,0.36,43.0,0.37,189.0,0.01,0.01,2340.868254,1776186975000
1776186977.336,77.336,0.64,43.0,0.63,189.0,0.65,22.25,0.66,209.0,0.35,22.25,0.34,209.0,0.36,43.0,0.37,189.0,0.01,0.01,2340.88107,1776186976000
1776186978.05,78.05,0.68,137.0,0.67,308.0,0.69,12.55,0.7,149.0,0.31,12.55,0.3,149.0,0.32,137.0,0.33,308.0,0.01,0.01,2340.917521,1776186977000
1776186978.653,78.653,0.69,168.0,0.68,258.0,0.7,82.0,0.71,185.0,0.31,12.55,0.3,149.0,0.32,137.0,0.33,308.0,0.01,0.01,2340.917521,1776186977000
1776186979.24,79.24,0.69,168.0,0.68,258.0,0.7,80.43,0.71,185.0,0.3,80.43,0.29,185.0,0.31,168.0,0.32,258.0,0.01,0.01,2340.870373,1776186978000
1776186980.541,80.541,0.69,168.0,0.68,258.0,0.7,80.43,0.71,185.0,0.3,80.43,0.29,185.0,0.31,168.0,0.32,258.0,0.01,0.01,2340.97115,1776186979000
1776186981.182,81.182,0.69,168.0,0.68,258.0,0.7,80.43,0.71,185.0,0.3,80.43,0.29,185.0,0.31,168.0,0.32,258.0,0.01,0.01,2341.025535,1776186980000
1776186982.408,82.408,0.71,2.09,0.7,15.0,0.72,151.0,0.73,120.0,0.28,151.0,0.27,120.0,0.29,2.09,0.3,15.0,0.01,0.01,2341.103357,1776186981000
1776186983.045,83.045,0.71,2.09,0.7,15.0,0.72,151.0,0.73,120.0,0.28,151.0,0.27,120.0,0.29,2.09,0.3,15.0,0.01,0.01,2341.046503,1776186982000
1776186984.4,84.4,0.72,1.0,0.71,11.6,0.73,184.0,0.74,183.7,0.28,151.0,0.27,120.0,0.29,2.09,0.3,15.0,0.01,0.01,2341.046503,1776186982000
1776186984.832,84.832,0.69,10.0,0.68,85.0,0.7,1.64,0.71,25.0,0.3,1.64,0.29,25.0,0.31,10.0,0.32,85.0,0.01,0.01,2341.166521,1776186983000
1776186985.239,85.239,0.69,5.0,0.67,55.0,0.7,191.64,0.71,25.0,0.3,1.64,0.29,25.0,0.31,10.0,0.32,85.0,0.01,0.01,2341.166521,1776186983000
1776186985.462,85.462,0.69,5.0,0.67,55.0,0.7,191.64,0.71,25.0,0.3,191.64,0.29,25.0,0.31,5.0,0.33,55.0,0.01,0.01,2341.21352,1776186984000
1776186986.055,86.055,0.69,5.0,0.67,55.0,0.7,191.64,0.71,25.0,0.3,191.64,0.29,25.0,0.31,5.0,0.33,55.0,0.01,0.01,2341.251029,1776186985000
1776186987.132,87.132,0.69,265.0,0.68,65.0,0.71,88.0,0.72,90.0,0.3,191.64,0.29,25.0,0.31,5.0,0.33,55.0,0.02,0.01,2341.251029,1776186985000
1776186987.354,87.354,0.69,265.0,0.68,65.0,0.71,88.0,0.72,90.0,0.29,88.0,0.28,90.0,0.31,265.0,0.32,65.0,0.02,0.02,2340.777313,1776186986000
1776186987.855,87.855,0.7,5.0,0.69,68.0,0.71,135.95,0.72,132.89,0.29,92.07,0.28,100.0,0.3,28.29,0.31,255.0,0.01,0.01,2340.777313,1776186986000
1776186988.06,88.06,0.69,15.0,0.68,5.0,0.7,42.0,0.71,279.95,0.29,135.95,0.28,132.89,0.3,5.0,0.31,68.0,0.01,0.01,2340.783203,1776186987000
1776186988.291,88.291,0.67,130.0,0.66,222.0,0.7,173.57,0.71,139.95,0.3,42.0,0.29,279.95,0.31,15.0,0.32,5.0,0.03,0.01,2340.783203,1776186987000
1776186989.04,89.04,0.67,130.0,0.66,222.0,0.7,173.57,0.71,139.95,0.3,173.57,0.29,139.95,0.33,130.0,0.34,222.0,0.03,0.03,2340.935472,1776186988000
1776186990.16,90.16,0.67,130.0,0.66,222.0,0.7,173.57,0.71,139.95,0.3,173.57,0.29,139.95,0.33,130.0,0.34,222.0,0.03,0.03,2340.791734,1776186989000
1776186991.386,91.386,0.67,130.0,0.66,222.0,0.7,173.57,0.71,139.95,0.3,173.57,0.29,139.95,0.33,130.0,0.34,222.0,0.03,0.03,2340.797027,1776186990000
1776186991.77,91.77,0.7,349.7,0.69,121.07,0.71,55.95,0.72,35.0,0.29,67.95,0.28,46.0,0.3,283.0,0.31,116.08,0.01,0.01,2340.797027,1776186990000
1776186993.03,93.03,0.7,349.7,0.69,121.07,0.73,67.0,0.74,221.7,0.27,67.0,0.26,221.7,0.3,349.7,0.31,121.07,0.03,0.03,2340.900876,1776186992000
1776186994.2,94.2,0.7,349.7,0.69,121.07,0.73,67.0,0.74,221.7,0.27,67.0,0.26,221.7,0.3,349.7,0.31,121.07,0.03,0.03,2341.168653,1776186993000
1776186994.891,94.891,0.72,12.65,0.71,20.0,0.73,209.0,0.74,65.0,0.27,67.0,0.26,221.7,0.3,349.7,0.31,121.07,0.01,0.03,2341.168653,1776186993000
1776186995.377,95.377,0.72,4.65,0.71,35.0,0.73,253.0,0.74,142.0,0.27,253.0,0.26,142.0,0.28,4.65,0.29,35.0,0.01,0.01,2341.229262,1776186994000
1776186995.843,95.843,0.72,14.65,0.71,25.0,0.73,255.47,0.74,88.0,0.27,253.0,0.26,142.0,0.28,4.65,0.29,35.0,0.01,0.01,2341.229262,1776186994000
1776186996.286,96.286,0.72,9.65,0.71,25.0,0.73,268.85,0.74,113.0,0.27,258.85,0.26,88.0,0.28,14.65,0.29,25.0,0.01,0.01,2341.1999,1776186995000
1776186997.204,97.204,0.72,9.65,0.71,25.0,0.73,268.85,0.74,113.0,0.27,268.85,0.26,113.0,0.28,9.65,0.29,25.0,0.01,0.01,2340.976225,1776186996000
1776186997.936,97.936,0.72,9.65,0.71,25.0,0.73,268.85,0.74,113.0,0.27,268.85,0.26,113.0,0.28,9.65,0.29,25.0,0.01,0.01,2340.916448,1776186997000
1776186999.047,99.047,0.71,52.0,0.7,142.0,0.72,95.11,0.73,247.15,0.28,95.11,0.27,247.15,0.29,52.0,0.3,142.0,0.01,0.01,2340.916039,1776186998000
1776186999.561,99.561,0.69,297.0,0.68,125.0,0.71,28.0,0.72,80.0,0.28,95.11,0.27,247.15,0.29,52.0,0.3,142.0,0.02,0.01,2340.916039,1776186998000
1776187000.073,100.073,0.7,30.0,0.69,257.0,0.71,9.75,0.72,96.0,0.29,9.75,0.28,96.0,0.3,30.0,0.31,257.0,0.01,0.01,2340.914724,1776186999000
1776187000.323,100.323,0.72,128.0,0.71,182.0,0.73,9.0,0.74,118.0,0.27,35.0,0.26,103.0,0.28,52.0,0.29,15.0,0.01,0.01,2340.914724,1776186999000
1776187001.353,101.353,0.72,255.0,0.71,126.51,0.73,40.0,0.74,148.0,0.27,9.0,0.26,118.0,0.28,128.0,0.29,182.0,0.01,0.01,2340.914724,1776186999000
1776187002.379,102.379,0.72,255.0,0.71,126.51,0.73,40.0,0.74,148.0,0.27,40.0,0.26,148.0,0.28,255.0,0.29,126.51,0.01,0.01,2341.149004,1776187001000
1776187002.891,102.891,0.72,25.78,0.71,5.0,0.73,277.0,0.74,158.0,0.27,40.0,0.26,148.0,0.28,255.0,0.29,126.51,0.01,0.01,2341.149004,1776187001000
1776187003.117,103.117,0.72,25.78,0.71,5.0,0.73,277.0,0.74,158.0,0.27,277.0,0.26,158.0,0.28,25.78,0.29,5.0,0.01,0.01,2341.131416,1776187002000
1776187003.745,103.745,0.72,168.78,0.71,187.0,0.73,27.41,0.74,138.0,0.27,277.0,0.26,158.0,0.28,25.78,0.29,5.0,0.01,0.01,2341.131416,1776187002000
1776187004.149,104.149,0.72,168.78,0.71,187.0,0.73,27.41,0.74,138.0,0.27,27.41,0.26,138.0,0.28,168.78,0.29,187.0,0.01,0.01,2341.142788,1776187003000
1776187004.403,104.403,0.72,264.35,0.71,70.0,0.73,24.82,0.74,138.0,0.27,27.41,0.26,138.0,0.28,269.35,0.29,70.0,0.01,0.01,2341.142788,1776187003000
1776187005.176,105.176,0.72,264.35,0.71,70.0,0.73,24.82,0.74,138.0,0.27,24.82,0.26,138.0,0.28,264.35,0.29,70.0,0.01,0.01,2341.022372,1776187004000
1776187005.878,105.878,0.72,112.0,0.71,187.0,0.73,65.14,0.74,265.0,0.27,24.82,0.26,138.0,0.28,264.35,0.29,70.0,0.01,0.01,2341.022372,1776187004000
1776187006.21,106.21,0.72,112.0,0.71,187.0,0.73,65.14,0.74,265.0,0.27,65.14,0.26,265.0,0.28,112.0,0.29,187.0,0.01,0.01,2341.066671,1776187005000
1776187007.388,107.388,0.72,112.0,0.71,197.0,0.73,13.46,0.74,143.0,0.27,13.46,0.26,143.0,0.28,112.0,0.29,197.0,0.01,0.01,2341.033801,1776187006000
1776187007.707,107.707,0.66,160.0,0.65,80.0,0.68,82.0,0.69,57.0,0.31,7.0,0.3,10.0,0.32,60.0,0.33,147.0,0.02,0.01,2341.033801,1776187006000
1776187007.961,107.961,0.66,160.0,0.65,80.0,0.68,82.0,0.69,57.0,0.32,82.0,0.31,57.0,0.34,160.0,0.35,80.0,0.02,0.02,2341.019325,1776187007000
1776187008.706,108.706,0.63,90.0,0.62,405.0,0.64,151.18,0.65,144.84,0.35,10.84,0.34,72.0,0.36,210.0,0.37,230.0,0.01,0.01,2341.019325,1776187007000
1776187009.075,109.075,0.63,2.27,0.62,335.0,0.64,156.18,0.65,144.84,0.36,156.18,0.35,144.84,0.37,2.27,0.38,335.0,0.01,0.01,2340.94875,1776187008000
1776187009.625,109.625,0.62,47.0,0.61,175.0,0.63,13.34,0.64,226.75,0.36,156.18,0.35,144.84,0.37,2.27,0.38,335.0,0.01,0.01,2340.94875,1776187008000
1776187010.023,110.023,0.62,10.0,0.61,130.0,0.63,45.75,0.64,138.0,0.37,13.34,0.36,226.75,0.38,47.0,0.39,175.0,0.01,0.01,2340.94875,1776187008000
1776187010.362,110.362,0.6,280.0,0.59,310.0,0.61,4.0,0.62,15.0,0.38,10.0,0.37,27.75,0.39,75.0,0.4,397.0,0.01,0.01,2339.860696,1776187009000
1776187010.592,110.592,0.6,195.0,0.59,310.0,0.61,229.0,0.62,15.0,0.39,151.0,0.38,15.0,0.4,205.0,0.41,310.0,0.01,0.01,2339.860696,1776187009000
1776187011.313,111.313,0.6,195.0,0.59,310.0,0.61,229.0,0.62,15.0,0.39,229.0,0.38,15.0,0.4,195.0,0.41,310.0,0.01,0.01,2339.782109,1776187010000
1776187011.952,111.952,0.58,170.0,0.57,61.7,0.6,254.0,0.61,54.0,0.39,229.0,0.38,15.0,0.4,195.0,0.41,310.0,0.02,0.01,2339.782109,1776187010000
1776187012.291,112.291,0.56,422.0,0.55,177.0,0.57,1.52,0.58,10.0,0.43,1.52,0.42,10.0,0.44,422.0,0.45,177.0,0.01,0.01,2339.709426,1776187011000
1776187012.509,112.509,0.55,17.0,0.54,200.0,0.56,45.0,0.57,327.52,0.43,1.52,0.42,10.0,0.44,422.0,0.45,177.0,0.01,0.01,2339.709426,1776187011000
1776187013.104,113.104,0.54,6.0,0.53,62.0,0.55,123.0,0.56,176.0,0.44,45.0,0.43,327.52,0.45,17.0,0.46,200.0,0.01,0.01,2339.709426,1776187011000
1776187013.378,113.378,0.5,7.9,0.49,50.0,0.53,15.0,0.54,20.0,0.45,158.0,0.44,141.0,0.47,7.0,0.48,145.0,0.03,0.02,2339.709426,1776187011000
1776187013.845,113.845,0.49,117.0,0.47,20.0,0.51,110.0,0.52,10.0,0.47,15.0,0.46,20.0,0.5,7.9,0.51,50.0,0.02,0.03,2339.462357,1776187012000
1776187014.089,114.089,0.49,134.62,0.47,20.0,0.5,10.0,0.51,60.0,0.5,5.0,0.49,60.0,0.51,67.0,0.53,20.0,0.01,0.01,2339.462357,1776187012000
1776187014.651,114.651,0.49,124.03,0.47,20.0,0.5,10.0,0.51,60.0,0.5,10.0,0.49,60.0,0.51,124.03,0.53,20.0,0.01,0.01,2339.306379,1776187013000
1776187015.219,115.219,0.49,124.03,0.47,20.0,0.5,10.0,0.51,60.0,0.5,10.0,0.49,60.0,0.51,124.03,0.53,20.0,0.01,0.01,2339.035444,1776187014000
1776187015.494,115.494,0.49,157.03,0.48,17.0,0.5,45.0,0.51,100.0,0.5,10.0,0.49,60.0,0.51,124.03,0.53,20.0,0.01,0.01,2339.035444,1776187014000
1776187015.765,115.765,0.49,153.62,0.48,17.0,0.5,20.0,0.51,100.0,0.5,20.0,0.49,100.0,0.51,155.06,0.52,17.0,0.01,0.01,2339.035444,1776187014000
1776187016.068,116.068,0.49,8.62,0.48,134.0,0.5,40.0,0.51,150.0,0.5,20.0,0.49,100.0,0.51,153.62,0.52,17.0,0.01,0.01,2339.035444,1776187014000
1776187016.281,116.281,0.49,8.62,0.48,134.0,0.5,40.0,0.51,150.0,0.5,40.0,0.49,150.0,0.51,8.62,0.52,134.0,0.01,0.01,2338.820593,1776187015000
1776187016.613,116.613,0.49,19.9,0.48,27.0,0.5,13.8,0.51,130.0,0.5,37.76,0.49,150.0,0.51,4.9,0.52,17.0,0.01,0.01,2338.820593,1776187015000
1776187016.824,116.824,0.49,179.9,0.48,27.0,0.51,80.0,0.53,10.0,0.5,13.8,0.49,130.0,0.51,19.9,0.52,27.0,0.02,0.01,2338.820593,1776187015000
1776187017.133,117.133,0.52,5.0,0.51,42.0,0.53,10.0,0.54,10.0,0.47,10.0,0.46,10.0,0.51,179.9,0.52,27.0,0.01,0.04,2338.820593,1776187015000
1776187017.377,117.377,0.52,5.0,0.51,42.0,0.53,10.0,0.54,10.0,0.47,10.0,0.46,10.0,0.48,5.0,0.49,42.0,0.01,0.01,2338.834021,1776187016000
1776187017.812,117.812,0.54,10.0,0.53,191.0,0.55,4.0,0.56,36.0,0.45,90.0,0.44,16.0,0.47,35.0,0.48,149.0,0.01,0.02,2338.834021,1776187016000
1776187018.508,118.508,0.54,184.0,0.53,47.0,0.55,6.27,0.56,81.0,0.45,4.0,0.44,36.0,0.46,10.0,0.47,191.0,0.01,0.01,2338.842834,1776187017000
1776187018.994,118.994,0.54,184.0,0.53,47.0,0.55,6.27,0.56,81.0,0.45,6.27,0.44,81.0,0.46,184.0,0.47,47.0,0.01,0.01,2339.2588,1776187018000
1776187019.333,119.333,0.54,5.0,0.53,22.0,0.55,42.57,0.56,198.0,0.45,6.27,0.44,81.0,0.46,184.0,0.47,47.0,0.01,0.01,2339.2588,1776187018000
1776187019.872,119.872,0.54,30.0,0.53,194.0,0.55,29.41,0.56,106.0,0.45,42.57,0.44,198.0,0.46,5.0,0.47,22.0,0.01,0.01,2339.2588,1776187018000
1776187020.175,120.175,0.54,152.0,0.53,77.0,0.55,25.47,0.56,156.0,0.45,27.44,0.44,106.0,0.46,35.0,0.47,194.0,0.01,0.01,2339.411817,1776187019000
1776187021.203,121.203,0.54,152.0,0.53,77.0,0.55,25.47,0.56,156.0,0.45,25.47,0.44,156.0,0.46,152.0,0.47,77.0,0.01,0.01,2339.40251,1776187020000
1776187021.488,121.488,0.55,60.0,0.54,250.0,0.56,4.55,0.57,50.0,0.45,25.47,0.44,156.0,0.46,152.0,0.47,77.0,0.01,0.01,2339.40251,1776187020000
1776187021.699,121.699,0.55,112.0,0.54,262.0,0.57,50.0,0.58,25.0,0.44,4.55,0.43,50.0,0.45,60.0,0.46,250.0,0.02,0.01,2339.40251,1776187020000
1776187022.346,122.346,0.55,112.0,0.54,262.0,0.57,50.0,0.58,25.0,0.43,50.0,0.42,25.0,0.45,112.0,0.46,262.0,0.02,0.02,2339.398979,1776187021000
1776187022.859,122.859,0.55,112.0,0.54,262.0,0.57,50.0,0.58,25.0,0.43,50.0,0.42,25.0,0.45,112.0,0.46,262.0,0.02,0.02,2339.436895,1776187022000
1776187024.054,124.054,0.55,112.0,0.54,262.0,0.57,50.0,0.58,25.0,0.43,50.0,0.42,25.0,0.45,112.0,0.46,262.0,0.02,0.02,2339.689902,1776187023000
1776187024.571,124.571,0.62,8.15,0.61,15.0,0.63,217.0,0.64,125.0,0.43,50.0,0.42,25.0,0.45,112.0,0.46,262.0,0.01,0.02,2339.689902,1776187023000
1776187025.07,125.07,0.62,8.15,0.61,182.0,0.63,115.0,0.64,125.0,0.37,217.0,0.36,125.0,0.38,8.15,0.39,15.0,0.01,0.01,2339.689902,1776187023000
1776187025.606,125.606,0.62,178.1,0.61,135.0,0.64,5.0,0.66,50.0,0.37,95.96,0.36,125.0,0.38,13.15,0.39,182.0,0.02,0.01,2339.762173,1776187024000
1776187026.242,126.242,0.65,10.0,0.64,60.0,0.66,31.81,0.67,167.0,0.34,31.81,0.33,167.0,0.35,10.0,0.36,60.0,0.01,0.01,2339.93817,1776187025000
1776187027.225,127.225,0.59,4.2,0.58,22.0,0.61,47.0,0.62,27.0,0.34,31.81,0.33,167.0,0.35,10.0,0.36,60.0,0.02,0.01,2339.93817,1776187025000
1776187027.479,127.479,0.58,22.0,0.57,10.0,0.59,22.61,0.6,143.0,0.39,47.0,0.38,27.0,0.41,4.2,0.42,22.0,0.01,0.02,2340.122281,1776187026000
1776187027.998,127.998,0.57,10.0,0.56,177.0,0.58,13.29,0.59,12.61,0.41,22.61,0.4,143.0,0.42,22.0,0.43,10.0,0.01,0.01,2340.122281,1776187026000
1776187028.926,128.926,0.57,20.0,0.56,187.0,0.58,21.56,0.59,189.61,0.42,13.29,0.41,12.61,0.43,10.0,0.44,177.0,0.01,0.01,2340.122281,1776187026000
1776187029.559,129.559,0.57,20.0,0.56,187.0,0.58,21.56,0.59,189.61,0.42,21.56,0.41,189.61,0.43,20.0,0.44,187.0,0.01,0.01,2339.882115,1776187028000
1776187030.233,130.233,0.57,20.0,0.56,187.0,0.58,21.56,0.59,189.61,0.42,21.56,0.41,189.61,0.43,20.0,0.44,187.0,0.01,0.01,2339.720853,1776187029000
1776187031.164,131.164,0.55,52.13,0.54,122.0,0.56,21.0,0.57,71.0,0.42,21.56,0.41,189.61,0.43,20.0,0.44,187.0,0.01,0.01,2339.720853,1776187029000
1776187031.434,131.434,0.55,52.13,0.54,122.0,0.56,21.0,0.57,71.0,0.44,21.0,0.43,71.0,0.45,52.13,0.46,122.0,0.01,0.01,2339.701438,1776187030000
1776187031.656,131.656,0.55,150.16,0.54,157.04,0.59,65.0,0.6,80.0,0.44,21.0,0.43,71.0,0.45,52.13,0.46,122.0,0.04,0.01,2339.701438,1776187030000
1776187032.122,132.122,0.55,150.16,0.54,157.04,0.59,65.0,0.6,80.0,0.41,65.0,0.4,80.0,0.45,150.16,0.46,157.04,0.04,0.04,2339.682483,1776187031000
1776187033.155,133.155,0.58,6.4,0.57,50.0,0.59,110.0,0.6,212.0,0.41,65.0,0.4,80.0,0.45,150.16,0.46,157.04,0.01,0.04,2339.682483,1776187031000
1776187034.441,134.441,0.58,272.99,0.57,93.0,0.62,30.0,0.63,5.0,0.41,110.0,0.4,212.0,0.42,6.4,0.43,50.0,0.04,0.01,2339.688507,1776187032000
1776187034.645,134.645,0.61,49.19,0.6,147.0,0.62,5.0,0.63,5.0,0.38,30.0,0.37,5.0,0.42,272.99,0.43,93.0,0.01,0.04,2339.688507,1776187032000
1776187035.167,135.167,0.61,88.43,0.6,214.0,0.62,5.0,0.63,5.0,0.38,5.0,0.37,5.0,0.39,49.19,0.4,147.0,0.01,0.01,2339.730652,1776187033000
1776187035.516,135.516,0.61,88.43,0.6,214.0,0.62,5.0,0.63,5.0,0.38,5.0,0.37,5.0,0.39,88.43,0.4,214.0,0.01,0.01,2339.73887,1776187034000
1776187036.257,136.257,0.61,88.43,0.6,214.0,0.62,5.0,0.63,5.0,0.38,5.0,0.37,5.0,0.39,88.43,0.4,214.0,0.01,0.01,2339.854649,1776187035000
1776187036.783,136.783,0.57,68.02,0.56,113.95,0.58,15.0,0.59,187.0,0.41,15.0,0.4,70.0,0.42,34.02,0.43,55.0,0.01,0.01,2339.854649,1776187035000
1776187037.624,137.624,0.57,68.02,0.56,113.95,0.58,15.0,0.59,187.0,0.42,15.0,0.41,187.0,0.43,68.02,0.44,113.95,0.01,0.01,2340.068524,1776187036000
1776187038.208,138.208,0.57,68.02,0.56,113.95,0.58,15.0,0.59,187.0,0.42,15.0,0.41,187.0,0.43,68.02,0.44,113.95,0.01,0.01,2339.953888,1776187037000
1776187039.705,139.705,0.57,68.02,0.56,113.95,0.58,15.0,0.59,187.0,0.42,15.0,0.41,187.0,0.43,68.02,0.44,113.95,0.01,0.01,2339.896124,1776187038000
1776187040.206,140.206,0.58,70.0,0.57,70.0,0.6,60.0,0.61,55.0,0.42,15.0,0.41,187.0,0.43,68.02,0.44,113.95,0.02,0.01,2339.896124,1776187038000
1776187041.685,141.685,0.58,70.0,0.57,70.0,0.6,60.0,0.61,55.0,0.4,60.0,0.39,55.0,0.42,70.0,0.43,70.0,0.02,0.02,2339.85692,1776187040000
1776187042.294,142.294,0.58,70.0,0.57,70.0,0.6,60.0,0.61,55.0,0.4,60.0,0.39,55.0,0.42,70.0,0.43,70.0,0.02,0.02,2339.85687,1776187041000
1776187042.94,142.94,0.58,10.0,0.57,72.0,0.6,95.0,0.61,70.0,0.4,60.0,0.39,55.0,0.42,70.0,0.43,70.0,0.02,0.02,2339.85687,1776187041000
1776187043.66,143.66,0.58,10.0,0.57,72.0,0.6,95.0,0.61,70.0,0.4,95.0,0.39,70.0,0.42,10.0,0.43,72.0,0.02,0.02,2339.900346,1776187042000
1776187044.406,144.406,0.58,10.0,0.57,72.0,0.6,95.0,0.61,70.0,0.4,95.0,0.39,70.0,0.42,10.0,0.43,72.0,0.02,0.02,2339.900346,1776187043000
1776187044.902,144.902,0.61,25.0,0.6,153.0,0.64,52.73,0.65,105.0,0.4,9.91,0.39,15.0,0.42,100.0,0.43,192.0,0.03,0.02,2339.900346,1776187043000
1776187046.404,146.404,0.63,74.0,0.62,93.0,0.64,10.0,0.65,222.0,0.36,36.47,0.35,105.0,0.37,9.0,0.38,22.0,0.01,0.01,2339.874553,1776187044000
1776187047.012,147.012,0.63,74.0,0.62,93.0,0.64,10.0,0.65,222.0,0.36,10.0,0.35,222.0,0.37,74.0,0.38,93.0,0.01,0.01,2339.989782,1776187046000
1776187048.123,148.123,0.63,74.0,0.62,93.0,0.64,10.0,0.65,222.0,0.36,10.0,0.35,222.0,0.37,74.0,0.38,93.0,0.01,0.01,2340.13669,1776187047000
1776187048.362,148.362,0.62,80.0,0.61,98.0,0.64,205.43,0.65,120.0,0.36,10.0,0.35,222.0,0.37,74.0,0.38,93.0,0.02,0.01,2340.13669,1776187047000
1776187048.903,148.903,0.63,15.0,0.62,92.0,0.64,204.71,0.65,115.0,0.36,205.43,0.35,120.0,0.38,80.0,0.39,98.0,0.01,0.02,2340.13669,1776187047000
1776187049.298,149.298,0.63,15.0,0.62,92.0,0.64,204.71,0.65,115.0,0.36,204.71,0.35,115.0,0.37,15.0,0.38,92.0,0.01,0.01,2340.204437,1776187048000
1776187049.706,149.706,0.62,7.0,0.58,10.95,0.64,380.71,0.65,140.0,0.36,204.71,0.35,115.0,0.37,15.0,0.38,92.0,0.02,0.01,2340.204437,1776187048000
1776187050.071,150.071,0.54,135.0,0.53,80.0,0.58,20.86,0.59,40.0,0.36,380.71,0.35,140.0,0.42,5.68,0.43,10.0,0.04,0.06,2340.204437,1776187048000
1776187051.248,151.248,0.54,20.0,0.53,97.0,0.55,73.27,0.56,20.0,0.42,20.86,0.41,40.0,0.46,135.0,0.47,80.0,0.01,0.04,2340.194774,1776187049000
1776187051.639,151.639,0.53,40.0,0.52,87.0,0.54,67.86,0.55,176.0,0.45,190.27,0.44,25.0,0.47,88.91,0.48,252.0,0.01,0.02,2339.968821,1776187050000
1776187051.922,151.922,0.53,40.0,0.52,87.0,0.54,67.86,0.55,176.0,0.46,67.86,0.45,176.0,0.47,40.0,0.48,87.0,0.01,0.01,2339.899584,1776187051000
1776187052.189,152.189,0.53,6.04,0.52,82.0,0.54,249.86,0.55,149.0,0.46,67.86,0.45,176.0,0.47,40.0,0.48,87.0,0.01,0.01,2339.899584,1776187051000
1776187053.05,153.05,0.52,82.0,0.51,100.0,0.54,254.86,0.55,149.0,0.46,254.86,0.45,149.0,0.48,82.0,0.49,100.0,0.02,0.02,2339.574079,1776187052000
1776187054.103,154.103,0.52,82.0,0.51,100.0,0.54,254.86,0.55,149.0,0.46,254.86,0.45,149.0,0.48,82.0,0.49,100.0,0.02,0.02,2339.426386,1776187053000
1776187055.208,155.208,0.52,82.0,0.51,100.0,0.54,254.86,0.55,149.0,0.46,254.86,0.45,149.0,0.48,82.0,0.49,100.0,0.02,0.02,2339.364247,1776187054000
1776187055.898,155.898,0.54,235.14,0.52,15.0,0.55,139.0,0.56,125.0,0.46,254.86,0.45,149.0,0.48,82.0,0.49,100.0,0.01,0.02,2339.364247,1776187054000
1776187056.351,156.351,0.54,235.14,0.52,15.0,0.55,139.0,0.56,125.0,0.45,139.0,0.44,125.0,0.46,235.14,0.48,15.0,0.01,0.01,2339.391428,1776187055000
1776187057.07,157.07,0.54,218.4,0.53,17.0,0.55,266.0,0.56,125.0,0.45,139.0,0.44,125.0,0.46,235.14,0.48,15.0,0.01,0.01,2339.391428,1776187055000
1776187057.311,157.311,0.54,179.85,0.53,17.0,0.55,266.0,0.56,125.0,0.45,266.0,0.44,125.0,0.46,196.66,0.47,17.0,0.01,0.01,2339.391428,1776187055000
1776187057.998,157.998,0.54,179.85,0.53,17.0,0.55,266.0,0.56,125.0,0.45,266.0,0.44,125.0,0.46,179.85,0.47,17.0,0.01,0.01,2339.410292,1776187057000
1776187059.026,159.026,0.54,179.85,0.53,17.0,0.55,266.0,0.56,125.0,0.45,266.0,0.44,125.0,0.46,179.85,0.47,17.0,0.01,0.01,2339.408821,1776187058000
1776187059.232,159.232,0.54,154.85,0.53,12.0,0.55,505.5,0.56,169.6,0.45,469.0,0.44,164.6,0.46,164.85,0.47,12.0,0.01,0.01,2339.408821,1776187058000
1776187059.591,159.591,0.51,85.0,0.5,60.0,0.53,415.0,0.54,90.0,0.46,11.26,0.45,515.5,0.47,2.0,0.48,15.0,0.02,0.01,2339.408821,1776187058000
1776187060.106,160.106,0.48,130.0,0.47,65.0,0.51,177.0,0.52,60.0,0.47,415.0,0.46,90.0,0.49,85.0,0.5,60.0,0.03,0.02,2339.408821,1776187058000
1776187060.524,160.524,0.46,97.0,0.45,140.0,0.47,12.42,0.48,55.0,0.49,177.0,0.48,60.0,0.52,130.0,0.53,65.0,0.01,0.03,2339.400446,1776187059000
1776187060.867,160.867,0.45,140.0,0.44,150.0,0.47,202.42,0.48,172.0,0.53,12.42,0.52,55.0,0.54,97.0,0.55,140.0,0.02,0.01,2339.400446,1776187059000
1776187061.236,161.236,0.45,140.0,0.44,150.0,0.47,202.42,0.48,172.0,0.53,202.42,0.52,172.0,0.55,140.0,0.56,150.0,0.02,0.02,2339.20675,1776187060000
1776187062.2,162.2,0.44,150.0,0.42,130.0,0.46,190.0,0.47,101.42,0.54,190.0,0.53,101.42,0.56,150.0,0.58,130.0,0.02,0.02,2338.749995,1776187061000
1776187062.436,162.436,0.41,264.0,0.4,320.0,0.43,99.0,0.44,187.13,0.56,10.13,0.55,172.0,0.58,10.0,0.59,289.0,0.02,0.02,2338.749995,1776187061000
1776187063.049,163.049,0.41,94.84,0.4,317.0,0.42,75.0,0.43,94.0,0.57,99.0,0.56,187.13,0.59,264.0,0.6,320.0,0.01,0.02,2338.749995,1776187061000
1776187063.284,163.284,0.41,226.84,0.4,337.0,0.43,55.0,0.44,10.13,0.58,65.0,0.57,94.0,0.59,44.84,0.6,317.0,0.02,0.01,2338.646187,1776187062000
1776187063.918,163.918,0.41,191.84,0.4,327.0,0.42,15.0,0.43,55.0,0.57,55.0,0.56,10.13,0.59,226.84,0.6,337.0,0.01,0.02,2338.646187,1776187062000
1776187064.142,164.142,0.41,191.84,0.4,327.0,0.42,15.0,0.43,55.0,0.58,15.0,0.57,55.0,0.59,191.84,0.6,327.0,0.01,0.01,2338.594373,1776187063000
1776187064.461,164.461,0.41,188.38,0.4,327.0,0.42,15.0,0.43,65.0,0.58,15.0,0.57,55.0,0.59,191.84,0.6,327.0,0.01,0.01,2338.594373,1776187063000
1776187064.996,164.996,0.41,243.38,0.4,337.0,0.42,12.59,0.43,65.0,0.58,15.0,0.57,65.0,0.59,188.38,0.6,327.0,0.01,0.01,2338.594373,1776187063000
1776187065.399,165.399,0.41,75.55,0.4,327.0,0.42,39.59,0.43,115.0,0.58,12.59,0.57,65.0,0.59,243.38,0.6,337.0,0.01,0.01,2338.647309,1776187064000
1776187065.736,165.736,0.41,16.4,0.4,267.0,0.42,139.59,0.43,170.0,0.58,39.59,0.57,115.0,0.59,75.55,0.6,327.0,0.01,0.01,2338.647309,1776187064000
1776187066.76,166.76,0.4,257.0,0.39,95.0,0.42,254.59,0.43,195.0,0.58,254.59,0.57,195.0,0.6,257.0,0.61,95.0,0.02,0.02,2338.661796,1776187065000
1776187067.216,167.216,0.4,257.0,0.39,95.0,0.42,254.59,0.43,195.0,0.58,254.59,0.57,195.0,0.6,257.0,0.61,95.0,0.02,0.02,2338.608343,1776187066000
1776187068.253,168.253,0.4,161.0,0.39,107.0,0.42,20.37,0.43,115.0,0.58,20.37,0.57,115.0,0.6,161.0,0.61,107.0,0.02,0.02,2338.314125,1776187067000
1776187068.68,168.68,0.4,169.33,0.39,117.0,0.41,22.44,0.42,10.0,0.59,10.0,0.58,15.0,0.6,179.33,0.61,117.0,0.01,0.01,2338.314125,1776187067000
1776187069.208,169.208,0.4,169.33,0.39,117.0,0.41,22.44,0.42,10.0,0.59,22.44,0.58,10.0,0.6,169.33,0.61,117.0,0.01,0.01,2338.430553,1776187068000
1776187069.62,169.62,0.4,4.43,0.39,279.0,0.41,22.44,0.42,10.0,0.59,32.44,0.58,10.0,0.61,117.0,0.62,255.0,0.01,0.02,2338.430553,1776187068000
1776187070.052,170.052,0.4,47.76,0.39,329.0,0.41,45.79,0.42,15.0,0.59,40.79,0.58,10.0,0.6,2.76,0.61,279.0,0.01,0.01,2338.430553,1776187068000
1776187070.274,170.274,0.4,34.56,0.39,329.0,0.41,45.79,0.42,15.0,0.59,45.79,0.58,15.0,0.6,45.56,0.61,329.0,0.01,0.01,2338.49915,1776187069000
1776187070.5,170.5,0.4,37.76,0.39,334.0,0.41,50.79,0.42,15.0,0.59,45.79,0.58,15.0,0.6,34.56,0.61,329.0,0.01,0.01,2338.49915,1776187069000
1776187070.887,170.887,0.39,80.0,0.38,257.0,0.4,54.5,0.41,45.79,0.59,45.79,0.58,15.0,0.6,24.0,0.61,334.0,0.01,0.01,2338.49915,1776187069000
1776187071.139,171.139,0.39,80.0,0.38,257.0,0.4,54.5,0.41,45.79,0.6,54.5,0.59,45.79,0.61,80.0,0.62,257.0,0.01,0.01,2338.536877,1776187070000
1776187071.505,171.505,0.38,217.0,0.37,125.0,0.4,157.0,0.41,45.79,0.6,54.5,0.59,45.79,0.61,80.0,0.62,257.0,0.02,0.01,2338.536877,1776187070000
1776187072.093,172.093,0.38,217.0,0.37,125.0,0.4,157.0,0.41,45.79,0.6,157.0,0.59,45.79,0.62,217.0,0.63,125.0,0.02,0.02,2338.543504,1776187071000
1776187072.565,172.565,0.39,120.0,0.38,282.0,0.4,13.41,0.41,145.35,0.6,157.0,0.59,45.79,0.62,217.0,0.63,125.0,0.01,0.02,2338.543504,1776187071000
1776187073.475,173.475,0.39,120.0,0.38,282.0,0.4,13.41,0.41,145.35,0.6,13.41,0.59,145.35,0.61,120.0,0.62,282.0,0.01,0.01,2338.51059,1776187072000
1776187073.72,173.72,0.39,265.0,0.38,247.68,0.41,34.16,0.42,10.0,0.6,3.41,0.59,38.35,0.61,182.0,0.62,242.0,0.02,0.01,2338.51059,1776187072000
1776187073.952,173.952,0.4,15.0,0.39,238.0,0.41,24.16,0.42,10.0,0.59,24.16,0.58,10.0,0.6,15.0,0.61,238.0,0.01,0.01,2338.512241,1776187073000
1776187074.776,174.776,0.4,94.58,0.39,128.0,0.41,4.16,0.42,10.0,0.59,24.16,0.58,15.0,0.6,84.58,0.61,116.0,0.01,0.01,2338.512241,1776187073000
1776187075.881,175.881,0.4,94.58,0.39,128.0,0.41,4.16,0.42,10.0,0.59,4.16,0.58,10.0,0.6,94.58,0.61,128.0,0.01,0.01,2338.770496,1776187075000
1776187076.176,176.176,0.41,64.91,0.4,191.58,0.42,5.0,0.43,100.2,0.59,4.16,0.58,10.0,0.6,94.58,0.61,128.0,0.01,0.01,2338.770496,1776187075000
1776187076.434,176.434,0.41,149.91,0.4,83.58,0.43,95.2,0.44,127.0,0.58,5.0,0.57,100.2,0.59,64.91,0.6,191.58,0.02,0.01,2338.770496,1776187075000
1776187076.889,176.889,0.41,149.91,0.4,83.58,0.43,95.2,0.44,127.0,0.57,95.2,0.56,127.0,0.59,149.91,0.6,83.58,0.02,0.02,2338.791985,1776187076000
1776187077.093,177.093,0.42,311.0,0.41,126.91,0.43,25.47,0.45,45.0,0.57,95.2,0.56,127.0,0.59,149.91,0.6,83.58,0.01,0.02,2338.791985,1776187076000
1776187077.403,177.403,0.46,40.0,0.44,227.0,0.47,175.0,0.48,10.0,0.55,45.0,0.53,175.0,0.58,326.0,0.59,131.91,0.01,0.03,2338.791985,1776187076000
1776187077.96,177.96,0.46,40.0,0.44,227.0,0.47,175.0,0.48,10.0,0.53,175.0,0.52,10.0,0.54,40.0,0.56,227.0,0.01,0.01,2338.795451,1776187077000
1776187078.55,178.55,0.5,4.4,0.49,10.0,0.51,55.0,0.52,10.0,0.53,175.0,0.52,10.0,0.54,40.0,0.56,227.0,0.01,0.01,2338.795451,1776187077000
1776187078.875,178.875,0.5,41.08,0.49,10.0,0.52,10.0,0.54,115.87,0.48,10.0,0.46,115.87,0.5,41.08,0.51,10.0,0.02,0.02,2339.083262,1776187078000
1776187079.807,179.807,0.53,99.25,0.52,47.0,0.54,85.87,0.55,132.0,0.48,10.0,0.46,115.87,0.5,41.08,0.51,10.0,0.01,0.02,2339.083262,1776187078000
1776187080.63,180.63,0.53,110.25,0.52,30.0,0.55,10.0,0.57,20.0,0.46,85.87,0.45,132.0,0.47,99.25,0.48,47.0,0.02,0.01,2339.314933,1776187079000
1776187081.349,181.349,0.53,110.25,0.52,30.0,0.55,10.0,0.57,20.0,0.45,10.0,0.43,20.0,0.47,110.25,0.48,30.0,0.02,0.02,2339.370881,1776187080000
1776187082.136,182.136,0.56,55.0,0.55,33.0,0.57,20.0,0.6,242.0,0.45,10.0,0.43,20.0,0.47,110.25,0.48,30.0,0.01,0.02,2339.370881,1776187080000
1776187082.64,182.64,0.58,10.0,0.57,10.0,0.6,247.0,0.61,75.0,0.4,242.0,0.39,75.0,0.44,60.0,0.45,22.0,0.02,0.04,2339.497582,1776187081000
1776187083.019,183.019,0.59,5.79,0.58,10.0,0.6,242.0,0.61,75.0,0.4,247.0,0.39,75.0,0.42,10.0,0.43,10.0,0.01,0.02,2339.497582,1776187081000
1776187083.529,183.529,0.53,5.21,0.51,26.0,0.58,10.0,0.59,5.0,0.4,242.0,0.39,75.0,0.41,5.79,0.42,10.0,0.05,0.01,2339.54572,1776187082000
1776187084.008,184.008,0.52,9.68,0.51,10.0,0.55,5.11,0.56,10.0,0.43,11.62,0.42,10.0,0.47,0.95,0.49,26.0,0.03,0.04,2339.54572,1776187082000
1776187084.233,184.233,0.48,10.0,0.47,70.0,0.53,20.0,0.54,30.0,0.47,20.0,0.46,30.0,0.52,10.0,0.53,70.0,0.05,0.05,2339.553778,1776187083000
1776187084.454,184.454,0.48,15.36,0.47,70.0,0.49,15.0,0.5,15.0,0.47,20.0,0.46,30.0,0.52,10.0,0.53,70.0,0.01,0.05,2339.553778,1776187083000
1776187085.146,185.146,0.48,15.36,0.47,197.0,0.49,42.0,0.5,15.0,0.51,15.0,0.5,15.0,0.52,15.36,0.53,70.0,0.01,0.01,2339.553778,1776187083000
1776187086.016,186.016,0.48,47.14,0.47,70.0,0.49,49.89,0.5,15.0,0.51,36.89,0.5,15.0,0.52,15.36,0.53,197.0,0.01,0.01,2339.411607,1776187084000
1776187086.242,186.242,0.48,47.14,0.47,80.0,0.49,41.89,0.5,15.0,0.51,49.89,0.5,15.0,0.52,47.14,0.53,70.0,0.01,0.01,2339.411607,1776187084000
1776187086.823,186.823,0.48,43.51,0.47,10.0,0.49,97.0,0.5,25.0,0.51,41.89,0.5,15.0,0.52,47.14,0.53,80.0,0.01,0.01,2339.333263,1776187085000
1776187087.049,187.049,0.48,0.35,0.47,10.0,0.49,213.94,0.5,25.0,0.51,213.94,0.5,25.0,0.52,5.35,0.53,10.0,0.01,0.01,2339.1848,1776187086000
1776187087.518,187.518,0.47,10.0,0.46,39.5,0.49,241.94,0.5,20.0,0.51,213.94,0.5,25.0,0.52,0.35,0.53,10.0,0.02,0.01,2339.1848,1776187086000
1776187087.921,187.921,0.46,9.68,0.45,14.5,0.48,5.0,0.49,314.84,0.51,241.94,0.5,20.0,0.53,10.0,0.54,39.5,0.02,0.02,2339.1848,1776187086000
1776187088.368,188.368,0.44,1.41,0.43,14.7,0.45,7.77,0.46,40.32,0.54,40.32,0.51,198.84,0.56,1.41,0.57,64.7,0.01,0.02,2339.00965,1776187087000
1776187088.59,188.59,0.43,5.61,0.42,49.8,0.44,10.0,0.45,100.0,0.54,90.32,0.52,5.0,0.57,14.26,0.58,49.8,0.01,0.03,2339.00965,1776187087000
1776187089.019,189.019,0.42,35.0,0.39,20.0,0.43,12.93,0.44,10.0,0.56,10.0,0.55,100.0,0.57,5.61,0.58,49.8,0.01,0.01,2339.00965,1776187087000
1776187089.329,189.329,0.42,35.0,0.39,20.0,0.43,9.2,0.44,10.0,0.57,9.2,0.56,10.0,0.58,35.0,0.61,20.0,0.01,0.01,2338.541212,1776187088000
1776187089.945,189.945,0.42,35.0,0.39,20.0,0.43,9.2,0.44,10.0,0.57,9.2,0.56,10.0,0.58,35.0,0.61,20.0,0.01,0.01,2338.556529,1776187089000
1776187090.601,190.601,0.42,3.23,0.39,10.0,0.43,130.6,0.44,15.0,0.57,9.2,0.56,10.0,0.58,35.0,0.61,20.0,0.01,0.01,2338.556529,1776187089000
1776187090.98,190.98,0.42,4.85,0.39,10.0,0.43,125.6,0.44,15.0,0.57,125.6,0.56,15.0,0.58,4.85,0.61,10.0,0.01,0.01,2338.557922,1776187090000
1776187092.194,192.194,0.38,170.0,0.37,75.0,0.43,332.6,0.44,15.0,0.57,332.6,0.56,15.0,0.62,170.0,0.63,75.0,0.05,0.05,2338.468159,1776187091000
1776187093.274,193.274,0.38,170.0,0.37,75.0,0.43,332.6,0.44,15.0,0.57,332.6,0.56,15.0,0.62,170.0,0.63,75.0,0.05,0.05,2338.430011,1776187092000
1776187094.377,194.377,0.38,170.0,0.37,75.0,0.43,332.6,0.44,15.0,0.57,332.6,0.56,15.0,0.62,170.0,0.63,75.0,0.05,0.05,2338.412085,1776187093000
1776187094.948,194.948,0.38,170.0,0.37,75.0,0.43,332.6,0.44,15.0,0.57,332.6,0.56,15.0,0.62,170.0,0.63,75.0,0.05,0.05,2338.360882,1776187094000
1776187095.424,195.424,0.38,91.78,0.37,75.0,0.39,82.0,0.4,32.76,0.57,332.6,0.56,15.0,0.62,170.0,0.63,75.0,0.01,0.05,2338.360882,1776187094000
1776187095.685,195.685,0.38,91.78,0.37,75.0,0.4,20.68,0.43,8.0,0.6,20.78,0.57,8.0,0.62,91.78,0.63,75.0,0.02,0.02,2338.360882,1776187094000
1776187095.983,195.983,0.41,38.12,0.38,101.78,0.43,8.0,0.49,5.0,0.6,11.88,0.57,8.0,0.62,91.78,0.63,75.0,0.02,0.02,2338.360882,1776187094000
1776187096.25,196.25,0.44,11.36,0.42,23.8,0.49,26.51,0.5,5.0,0.51,26.51,0.5,5.0,0.56,11.36,0.58,23.8,0.05,0.05,2338.397396,1776187095000
1776187096.52,196.52,0.55,4.0,0.54,10.0,0.56,4.42,0.57,56.0,0.44,4.42,0.43,6.0,0.46,10.0,0.47,10.0,0.01,0.02,2338.397396,1776187095000
1776187096.877,196.877,0.54,3.0,0.53,10.0,0.56,50.42,0.57,6.0,0.44,4.42,0.43,56.0,0.45,4.0,0.46,10.0,0.02,0.01,2338.397396,1776187095000
1776187097.151,197.151,0.55,5.9,0.54,3.0,0.56,39.42,0.57,6.0,0.44,45.42,0.43,6.0,0.45,5.55,0.46,3.0,0.01,0.01,2338.397396,1776187095000
1776187097.364,197.364,0.5,13.38,0.49,10.0,0.56,50.42,0.57,6.0,0.44,50.42,0.43,6.0,0.49,14.97,0.5,17.97,0.06,0.05,2338.974241,1776187096000
1776187097.656,197.656,0.55,1.8,0.54,10.0,0.56,42.58,0.57,5.0,0.44,37.58,0.41,10.0,0.45,10.0,0.46,10.0,0.01,0.01,2338.974241,1776187096000
1776187097.888,197.888,0.54,9.4,0.53,15.0,0.56,42.58,0.57,5.0,0.44,42.58,0.43,5.0,0.46,5.49,0.47,10.0,0.02,0.02,2338.974241,1776187096000
1776187098.327,198.327,0.55,7.55,0.54,9.4,0.56,35.27,0.57,5.0,0.44,20.27,0.43,5.0,0.45,10.0,0.46,9.4,0.01,0.01,2338.974241,1776187096000
1776187098.544,198.544,0.55,5.1,0.54,9.4,0.56,35.27,0.57,5.0,0.44,35.27,0.43,5.0,0.45,5.1,0.46,9.4,0.01,0.01,2339.510819,1776187097000
1776187098.783,198.783,0.54,30.16,0.53,15.0,0.56,22.0,0.57,5.0,0.44,22.0,0.43,5.0,0.46,6.25,0.47,15.0,0.02,0.02,2339.510819,1776187097000
1776187099.097,199.097,0.55,2.55,0.54,5.16,0.56,22.0,0.57,5.0,0.44,22.0,0.43,5.0,0.45,5.0,0.46,5.16,0.01,0.01,2339.510819,1776187097000
1776187099.354,199.354,0.55,0.1,0.54,5.16,0.56,22.0,0.57,5.0,0.44,22.0,0.43,5.0,0.45,0.1,0.46,5.16,0.01,0.01,2339.510785,1776187098000
1776187099.559,199.559,0.53,7.91,0.52,15.0,0.56,22.0,0.57,5.0,0.44,22.0,0.43,5.0,0.47,10.26,0.48,15.0,0.03,0.03,2339.510785,1776187098000
1776187099.767,199.767,0.52,9.16,0.51,19.6,0.56,22.0,0.57,5.0,0.44,22.0,0.43,5.0,0.49,19.6,0.5,16.0,0.04,0.05,2339.510785,1776187098000
1776187099.974,199.974,0.54,4.33,0.53,10.0,0.56,32.0,0.57,15.0,0.44,32.0,0.43,15.0,0.46,7.6,0.47,10.0,0.02,0.02,2339.510785,1776187098000
1776187100.527,200.527,0.54,4.33,0.53,10.0,0.56,32.0,0.57,15.0,0.44,32.0,0.43,15.0,0.46,4.33,0.47,10.0,0.02,0.02,2339.510414,1776187099000
1776187101.51,201.51,0.53,7.19,0.52,19.16,0.55,26.0,0.56,32.0,0.45,26.0,0.44,32.0,0.47,7.19,0.48,19.16,0.02,0.02,2339.51702,1776187100000
1776187102.483,202.483,0.48,11.78,0.46,36.0,0.52,17.0,0.53,20.0,0.48,17.0,0.47,20.0,0.52,11.78,0.54,36.0,0.04,0.04,2339.520092,1776187101000
1776187103.349,203.349,0.5,50.0,0.49,20.0,0.52,54.0,0.53,10.0,0.48,54.0,0.47,10.0,0.5,50.0,0.51,20.0,0.02,0.02,2339.424019,1776187102000
1776187104.154,204.154,0.48,7.07,0.47,40.0,0.49,64.0,0.5,20.0,0.51,64.0,0.5,20.0,0.52,7.07,0.53,40.0,0.01,0.01,2339.420984,1776187103000
1776187105.344,205.344,0.48,7.07,0.47,40.0,0.49,64.0,0.5,20.0,0.51,64.0,0.5,20.0,0.52,7.07,0.53,40.0,0.01,0.01,2339.351056,1776187104000
1776187106.072,206.072,0.48,7.07,0.47,40.0,0.49,64.0,0.5,20.0,0.51,64.0,0.5,20.0,0.52,7.07,0.53,40.0,0.01,0.01,2339.340447,1776187105000
1776187106.361,206.361,0.51,50.0,0.5,25.0,0.56,35.09,0.58,10.0,0.51,64.0,0.5,20.0,0.52,7.07,0.53,40.0,0.05,0.01,2339.340447,1776187105000
1776187106.659,206.659,0.53,9.43,0.51,62.06,0.54,3.14,0.56,35.09,0.46,5.0,0.44,35.09,0.47,9.43,0.49,57.06,0.01,0.01,2339.340447,1776187105000
1776187107.126,207.126,0.53,113.0,0.52,10.0,0.54,1.69,0.56,5.0,0.46,3.14,0.44,35.09,0.47,9.43,0.49,62.06,0.01,0.01,2339.340447,1776187105000
1776187107.487,207.487,0.56,5.0,0.53,108.0,0.58,10.0,0.59,24.9,0.42,10.0,0.41,24.9,0.44,5.0,0.47,108.0,0.02,0.02,2339.669716,1776187106000
1776187108.047,208.047,0.59,66.74,0.58,10.0,0.6,75.0,0.61,120.1,0.4,75.0,0.39,120.1,0.41,66.74,0.42,10.0,0.01,0.01,2339.913014,1776187107000
1776187108.765,208.765,0.59,44.19,0.56,15.0,0.6,105.0,0.61,120.1,0.4,75.0,0.39,120.1,0.41,66.74,0.42,10.0,0.01,0.01,2339.913014,1776187107000
1776187109.226,209.226,0.59,34.19,0.56,15.0,0.6,100.0,0.61,120.1,0.4,100.0,0.39,120.1,0.41,34.19,0.44,15.0,0.01,0.01,2339.915861,1776187108000
1776187110.463,210.463,0.56,20.0,0.55,10.0,0.58,70.0,0.59,28.0,0.4,100.0,0.39,120.1,0.41,34.19,0.44,15.0,0.02,0.01,2339.915861,1776187108000
1776187111.091,211.091,0.56,20.45,0.55,15.0,0.58,20.0,0.59,18.0,0.42,70.0,0.41,28.0,0.44,20.0,0.45,10.0,0.02,0.02,2339.799715,1776187109000
1776187112.371,212.371,0.57,5.0,0.56,5.45,0.6,75.0,0.61,110.1,0.42,20.0,0.41,18.0,0.44,20.45,0.45,15.0,0.03,0.02,2339.698512,1776187110000
1776187112.766,212.766,0.58,10.0,0.57,15.0,0.61,115.1,0.62,15.3,0.4,75.0,0.39,110.1,0.43,5.0,0.44,5.45,0.03,0.03,2339.693881,1776187111000
1776187113.171,213.171,0.58,10.0,0.57,15.0,0.61,115.1,0.62,15.3,0.39,115.1,0.38,15.3,0.42,10.0,0.43,15.0,0.03,0.03,2339.729857,1776187112000
1776187114.573,214.573,0.58,10.0,0.57,15.0,0.61,115.1,0.62,15.3,0.39,115.1,0.38,15.3,0.42,10.0,0.43,15.0,0.03,0.03,2339.714249,1776187113000
1776187114.853,214.853,0.59,15.0,0.58,40.0,0.6,10.0,0.61,125.1,0.39,115.1,0.38,15.3,0.42,10.0,0.43,15.0,0.01,0.03,2339.714249,1776187113000
1776187115.197,215.197,0.59,5.0,0.58,40.0,0.6,10.0,0.61,125.1,0.4,10.0,0.39,125.1,0.41,5.0,0.42,40.0,0.01,0.01,2339.712046,1776187114000
1776187115.411,215.411,0.59,65.0,0.58,40.0,0.6,10.0,0.61,125.1,0.4,10.0,0.39,125.1,0.41,5.0,0.42,40.0,0.01,0.01,2339.712046,1776187114000
1776187116.06,216.06,0.6,9.26,0.59,10.0,0.61,135.1,0.62,25.3,0.39,125.1,0.38,15.3,0.41,65.0,0.42,40.0,0.01,0.02,2339.712046,1776187114000
1776187116.389,216.389,0.6,9.26,0.59,10.0,0.61,135.1,0.62,25.3,0.39,135.1,0.38,25.3,0.4,9.26,0.41,10.0,0.01,0.01,2339.733685,1776187115000
1776187117.059,217.059,0.59,9.27,0.58,45.0,0.61,125.1,0.62,25.3,0.39,125.1,0.38,25.3,0.41,9.27,0.42,45.0,0.02,0.02,2339.793374,1776187116000
1776187117.542,217.542,0.56,20.0,0.54,5.0,0.57,37.0,0.58,25.0,0.43,5.0,0.42,15.0,0.44,20.0,0.45,10.0,0.01,0.01,2339.793374,1776187116000
1776187117.93,217.93,0.53,5.0,0.52,15.0,0.55,18.0,0.56,10.0,0.43,27.0,0.42,25.0,0.46,5.0,0.47,5.0,0.02,0.03,2339.793374,1776187116000
1776187118.566,218.566,0.5,2.1,0.49,87.0,0.55,25.0,0.56,60.0,0.45,18.0,0.44,10.0,0.47,5.0,0.48,15.0,0.05,0.02,2339.793374,1776187116000
1776187118.81,218.81,0.5,2.1,0.49,87.0,0.55,7.0,0.56,50.0,0.45,25.0,0.44,60.0,0.48,4.9,0.5,2.1,0.05,0.03,2339.793374,1776187116000
1776187119.271,219.271,0.52,10.0,0.51,10.0,0.54,10.0,0.55,10.0,0.45,5.0,0.43,17.0,0.5,24.56,0.51,92.0,0.02,0.05,2339.735343,1776187117000
1776187119.533,219.533,0.54,10.0,0.53,48.0,0.55,11.36,0.56,12.0,0.46,10.0,0.45,10.0,0.48,10.0,0.49,10.0,0.01,0.02,2339.547061,1776187118000
1776187120.371,220.371,0.54,10.0,0.53,48.0,0.55,11.36,0.56,12.0,0.45,11.36,0.44,12.0,0.46,10.0,0.47,48.0,0.01,0.01,2339.455579,1776187119000
1776187120.928,220.928,0.54,10.0,0.53,48.0,0.55,11.36,0.56,12.0,0.45,11.36,0.44,12.0,0.46,10.0,0.47,48.0,0.01,0.01,2339.452693,1776187120000
1776187122.259,222.259,0.54,10.0,0.53,48.0,0.55,11.36,0.56,12.0,0.45,11.36,0.44,12.0,0.46,10.0,0.47,48.0,0.01,0.01,2339.588389,1776187121000
1776187123.198,223.198,0.54,10.0,0.53,48.0,0.55,11.36,0.56,12.0,0.45,11.36,0.44,12.0,0.46,10.0,0.47,48.0,0.01,0.01,2339.587479,1776187122000
1776187123.777,223.777,0.54,135.0,0.53,98.0,0.56,42.0,0.57,14.0,0.45,11.36,0.44,12.0,0.46,10.0,0.47,48.0,0.02,0.01,2339.587479,1776187122000
1776187124.258,224.258,0.57,8.77,0.55,10.0,0.61,105.1,0.62,40.3,0.39,105.1,0.38,40.3,0.43,8.77,0.45,10.0,0.04,0.04,2339.587977,1776187123000
1776187125.197,225.197,0.57,8.77,0.55,10.0,0.61,105.1,0.62,40.3,0.39,105.1,0.38,40.3,0.43,8.77,0.45,10.0,0.04,0.04,2339.58198,1776187124000
1776187126.195,226.195,0.6,86.87,0.59,40.0,0.61,20.0,0.62,30.3,0.39,20.0,0.38,30.3,0.4,86.87,0.41,40.0,0.01,0.01,2339.81871,1776187125000
1776187126.704,226.704,0.62,15.0,0.61,75.0,0.64,200.0,0.65,155.0,0.39,20.0,0.38,30.3,0.4,86.87,0.41,40.0,0.02,0.01,2339.81871,1776187125000
1776187126.933,226.933,0.62,15.0,0.61,75.0,0.64,209.0,0.65,220.0,0.36,200.0,0.35,155.0,0.38,15.0,0.39,75.0,0.02,0.02,2339.81871,1776187125000
1776187127.17,227.17,0.62,15.0,0.61,75.0,0.64,209.0,0.65,220.0,0.36,209.0,0.35,220.0,0.38,15.0,0.39,75.0,0.02,0.02,2339.829275,1776187126000
1776187128.114,228.114,0.62,15.0,0.61,75.0,0.64,209.0,0.65,220.0,0.36,209.0,0.35,220.0,0.38,15.0,0.39,75.0,0.02,0.02,2339.86445,1776187127000
1776187129.099,229.099,0.62,15.0,0.61,75.0,0.64,209.0,0.65,220.0,0.36,209.0,0.35,220.0,0.38,15.0,0.39,75.0,0.02,0.02,2339.949195,1776187128000
1776187130.083,230.083,0.62,15.0,0.61,75.0,0.64,209.0,0.65,220.0,0.36,209.0,0.35,220.0,0.38,15.0,0.39,75.0,0.02,0.02,2339.897633,1776187129000
1776187131.726,231.726,0.62,15.0,0.61,75.0,0.64,209.0,0.65,220.0,0.36,209.0,0.35,220.0,0.38,15.0,0.39,75.0,0.02,0.02,2339.898486,1776187130000
1776187132.201,232.201,0.62,15.0,0.61,75.0,0.64,209.0,0.65,220.0,0.36,209.0,0.35,220.0,0.38,15.0,0.39,75.0,0.02,0.02,2339.891169,1776187131000
1776187133.403,233.403,0.62,15.0,0.61,75.0,0.64,209.0,0.65,220.0,0.36,209.0,0.35,220.0,0.38,15.0,0.39,75.0,0.02,0.02,2339.916681,1776187132000
1776187134.084,234.084,0.62,15.0,0.61,75.0,0.64,209.0,0.65,220.0,0.36,209.0,0.35,220.0,0.38,15.0,0.39,75.0,0.02,0.02,2339.897815,1776187133000
1776187135.246,235.246,0.63,90.0,0.62,80.0,0.64,5.0,0.65,155.0,0.36,5.0,0.35,155.0,0.37,90.0,0.38,80.0,0.01,0.01,2339.876146,1776187134000
1776187135.526,235.526,0.64,39.44,0.63,70.0,0.65,60.0,0.66,166.0,0.36,5.0,0.35,155.0,0.37,90.0,0.38,80.0,0.01,0.01,2339.876146,1776187134000
1776187136.238,236.238,0.64,39.44,0.63,70.0,0.65,60.0,0.66,166.0,0.35,60.0,0.34,166.0,0.36,39.44,0.37,70.0,0.01,0.01,2339.889279,1776187135000
1776187136.911,236.911,0.59,10.0,0.57,50.0,0.63,18.0,0.64,25.0,0.35,60.0,0.34,166.0,0.36,39.44,0.37,70.0,0.04,0.01,2339.889279,1776187135000
1776187137.284,237.284,0.55,10.0,0.54,85.0,0.56,36.62,0.57,29.0,0.37,18.0,0.36,25.0,0.41,10.0,0.43,50.0,0.01,0.04,2339.889279,1776187135000
1776187137.922,237.922,0.55,10.0,0.54,85.0,0.56,36.62,0.57,29.0,0.44,36.62,0.43,29.0,0.45,10.0,0.46,85.0,0.01,0.01,2339.888959,1776187137000
1776187138.999,238.999,0.55,20.0,0.53,20.0,0.56,36.62,0.57,34.0,0.44,36.62,0.43,34.0,0.45,20.0,0.47,20.0,0.01,0.01,2339.703287,1776187138000
1776187139.684,239.684,0.55,20.0,0.54,5.0,0.56,18.62,0.57,34.0,0.44,36.62,0.43,34.0,0.45,20.0,0.47,20.0,0.01,0.01,2339.703287,1776187138000
1776187140.166,240.166,0.55,17.77,0.54,5.0,0.56,23.62,0.57,34.0,0.44,23.62,0.43,34.0,0.45,17.77,0.46,5.0,0.01,0.01,2339.529696,1776187139000
1776187141.387,241.387,0.55,2.77,0.54,5.0,0.56,26.83,0.57,34.0,0.44,26.83,0.43,34.0,0.45,2.77,0.46,5.0,0.01,0.01,2339.549058,1776187140000
1776187141.9,241.9,0.55,2.77,0.54,5.0,0.56,26.83,0.57,34.0,0.44,26.83,0.43,34.0,0.45,2.77,0.46,5.0,0.01,0.01,2339.555786,1776187141000
1776187142.408,242.408,0.53,25.0,0.52,85.0,0.56,49.83,0.57,84.0,0.44,26.83,0.43,34.0,0.45,2.77,0.46,5.0,0.03,0.01,2339.555786,1776187141000
1776187143.05,243.05,0.53,25.0,0.52,85.0,0.56,49.83,0.57,84.0,0.44,49.83,0.43,84.0,0.47,25.0,0.48,85.0,0.03,0.03,2339.558971,1776187142000
1776187144.119,244.119,0.53,25.0,0.52,85.0,0.56,49.83,0.57,84.0,0.44,49.83,0.43,84.0,0.47,25.0,0.48,85.0,0.03,0.03,2339.542823,1776187143000
1776187145.176,245.176,0.53,90.0,0.52,95.0,0.54,8.9,0.55,14.0,0.44,49.83,0.43,84.0,0.47,25.0,0.48,85.0,0.01,0.03,2339.542823,1776187143000
1776187145.477,245.477,0.53,2.0,0.52,85.0,0.54,3.9,0.55,14.0,0.46,8.9,0.45,14.0,0.47,90.0,0.48,95.0,0.01,0.01,2339.521868,1776187144000
1776187146.495,246.495,0.54,15.0,0.53,65.0,0.55,10.03,0.56,21.83,0.45,10.03,0.44,21.83,0.46,15.0,0.47,65.0,0.01,0.01,2339.522263,1776187145000
1776187146.966,246.966,0.54,15.0,0.53,65.0,0.55,10.03,0.56,21.83,0.45,10.03,0.44,21.83,0.46,15.0,0.47,65.0,0.01,0.01,2339.520238,1776187146000
1776187147.708,247.708,0.65,21.08,0.64,91.0,0.66,118.0,0.67,331.3,0.45,10.03,0.44,21.83,0.46,15.0,0.47,65.0,0.01,0.01,2339.520238,1776187146000
1776187147.958,247.958,0.65,21.08,0.64,91.0,0.66,118.0,0.67,331.3,0.34,118.0,0.33,331.3,0.35,21.08,0.36,91.0,0.01,0.01,2339.544703,1776187147000
1776187148.309,248.309,0.65,46.08,0.64,91.0,0.67,331.3,0.68,170.0,0.34,118.0,0.33,331.3,0.35,21.08,0.36,91.0,0.02,0.01,2339.544703,1776187147000
1776187148.847,248.847,0.66,170.0,0.65,91.08,0.67,1.0,0.68,20.0,0.33,331.3,0.32,170.0,0.35,46.08,0.36,91.0,0.01,0.02,2339.544703,1776187147000
1776187149.547,249.547,0.71,179.0,0.7,230.0,0.74,65.0,0.75,270.0,0.31,20.0,0.3,25.0,0.34,180.0,0.35,91.08,0.03,0.03,2339.684245,1776187148000
1776187149.892,249.892,0.76,136.0,0.75,65.0,0.77,13.75,0.78,195.0,0.26,65.0,0.25,270.0,0.29,179.0,0.3,230.0,0.01,0.03,2339.684245,1776187148000
1776187150.211,250.211,0.76,141.0,0.75,120.0,0.79,20.0,0.8,75.0,0.23,8.75,0.21,120.0,0.24,136.0,0.25,65.0,0.03,0.01,2339.840044,1776187149000
1776187150.432,250.432,0.8,7.45,0.79,60.0,0.81,160.0,0.82,75.0,0.21,20.0,0.2,75.0,0.24,141.0,0.25,120.0,0.01,0.03,2339.840044,1776187149000
1776187150.869,250.869,0.8,7.45,0.79,60.0,0.81,160.0,0.82,75.0,0.19,160.0,0.18,75.0,0.2,7.45,0.21,60.0,0.01,0.01,2340.14648,1776187150000
1776187151.249,251.249,0.8,20.0,0.79,45.0,0.82,60.61,0.83,250.0,0.18,80.0,0.17,200.0,0.19,14.7,0.21,65.0,0.02,0.01,2340.14648,1776187150000
1776187151.711,251.711,0.81,116.0,0.8,65.0,0.83,200.0,0.84,25.0,0.18,60.61,0.17,250.0,0.2,20.0,0.21,45.0,0.02,0.02,2340.14648,1776187150000
1776187153.427,253.427,0.81,116.0,0.8,65.0,0.83,200.0,0.84,25.0,0.17,200.0,0.16,25.0,0.19,116.0,0.2,65.0,0.02,0.02,2340.7088,1776187152000
1776187153.709,253.709,0.86,18.0,0.85,15.0,0.87,5.69,0.88,107.1,0.13,22.76,0.12,84.1,0.14,13.0,0.15,15.0,0.01,0.01,2340.7088,1776187152000
1776187154.116,254.116,0.89,15.0,0.88,1.66,0.9,114.0,0.91,194.0,0.11,45.39,0.1,171.0,0.12,13.02,0.13,10.0,0.01,0.01,2340.739668,1776187153000
1776187154.369,254.369,0.89,15.0,0.88,1.66,0.9,119.1,0.91,194.0,0.1,114.0,0.09,194.0,0.11,15.0,0.12,1.66,0.01,0.01,2340.739668,1776187153000
1776187154.821,254.821,0.9,15.0,0.89,25.0,0.91,141.91,0.92,108.9,0.1,102.98,0.09,194.0,0.11,15.0,0.12,1.66,0.01,0.01,2340.739668,1776187153000
1776187155.121,255.121,0.9,25.0,0.89,20.0,0.92,139.84,0.93,125.3,0.09,141.91,0.08,108.9,0.1,15.0,0.11,25.0,0.02,0.01,2340.758208,1776187154000
1776187155.352,255.352,0.9,40.0,0.89,100.0,0.92,48.75,0.93,75.3,0.08,136.84,0.07,125.3,0.1,25.0,0.11,20.0,0.02,0.02,2340.758208,1776187154000
1776187155.871,255.871,0.91,25.0,0.9,25.0,0.93,92.26,0.94,159.8,0.07,22.84,0.06,159.8,0.08,15.45,0.1,35.0,0.02,0.01,2340.758208,1776187154000
1776187156.081,256.081,0.91,16.57,0.9,30.0,0.92,65.79,0.93,82.26,0.08,65.79,0.07,82.26,0.09,16.57,0.1,30.0,0.01,0.01,2340.817454,1776187155000
1776187156.412,256.412,0.91,8.85,0.9,30.0,0.92,1.67,0.93,82.26,0.08,41.23,0.07,82.26,0.09,8.85,0.1,30.0,0.01,0.01,2340.817454,1776187155000
1776187156.813,256.813,0.91,13.85,0.9,30.0,0.93,81.88,0.94,159.8,0.08,1.67,0.07,82.26,0.09,8.85,0.1,30.0,0.02,0.01,2340.817454,1776187155000
1776187157.047,257.047,0.91,14.55,0.9,25.0,0.92,11.76,0.93,71.88,0.08,5.0,0.07,81.88,0.09,14.55,0.1,25.0,0.01,0.01,2340.817454,1776187155000
1776187157.514,257.514,0.9,10.0,0.89,10.0,0.92,63.67,0.93,112.88,0.08,10.67,0.07,71.88,0.09,14.55,0.1,25.0,0.02,0.01,2340.925415,1776187156000
1776187158.1,258.1,0.9,7.0,0.89,10.0,0.92,10.0,0.93,112.88,0.08,10.0,0.07,112.88,0.1,7.0,0.11,10.0,0.02,0.02,2341.117752,1776187157000
1776187158.741,258.741,0.9,15.06,0.89,21.0,0.92,10.0,0.93,51.0,0.07,69.65,0.06,179.8,0.1,12.0,0.11,16.0,0.02,0.03,2341.117752,1776187157000
1776187159.066,259.066,0.9,32.0,0.89,71.0,0.93,15.15,0.94,94.8,0.08,10.0,0.07,51.0,0.1,15.06,0.11,21.0,0.03,0.02,2341.117752,1776187157000
1776187159.514,259.514,0.91,30.0,0.9,72.0,0.93,23.34,0.94,53.0,0.07,15.15,0.06,94.8,0.1,32.0,0.11,71.0,0.02,0.03,2341.117752,1776187157000
1776187159.774,259.774,0.93,30.79,0.92,86.0,0.94,10.0,0.95,190.8,0.07,7.21,0.06,10.0,0.08,86.0,0.09,101.0,0.01,0.01,2341.08021,1776187158000
1776187160.215,260.215,0.93,41.5,0.92,85.0,0.94,5.1,0.95,190.8,0.06,5.1,0.05,190.8,0.07,41.5,0.08,85.0,0.01,0.01,2341.064725,1776187159000
1776187160.58,260.58,0.93,142.31,0.92,95.0,0.94,5.1,0.95,75.0,0.06,5.1,0.05,190.8,0.07,41.5,0.08,85.0,0.01,0.01,2341.064725,1776187159000
1776187160.784,260.784,0.93,112.16,0.92,95.99,0.95,71.81,0.96,40.0,0.06,2.1,0.05,75.0,0.07,117.16,0.08,95.99,0.02,0.01,2341.064725,1776187159000
1776187161.093,261.093,0.94,39.0,0.93,98.16,0.95,87.11,0.96,40.0,0.05,71.81,0.04,40.0,0.07,112.16,0.08,95.99,0.01,0.02,2341.064725,1776187159000
1776187161.315,261.315,0.94,32.11,0.93,98.16,0.95,92.11,0.96,40.0,0.05,92.11,0.04,40.0,0.06,32.11,0.07,98.16,0.01,0.01,2341.115947,1776187160000
1776187161.538,261.538,0.94,24.0,0.93,98.16,0.95,90.0,0.96,40.0,0.05,92.11,0.04,40.0,0.06,24.0,0.07,98.16,0.01,0.01,2341.115947,1776187160000
1776187162.043,262.043,0.94,84.0,0.93,103.16,0.95,80.0,0.96,40.0,0.05,90.0,0.04,40.0,0.06,24.0,0.07,98.16,0.01,0.01,2341.115947,1776187160000
1776187162.285,262.285,0.94,55.66,0.93,103.16,0.95,74.74,0.96,40.0,0.05,74.74,0.04,40.0,0.06,55.66,0.07,103.16,0.01,0.01,2341.262877,1776187161000
1776187162.748,262.748,0.94,80.66,0.93,78.16,0.95,22.82,0.96,30.0,0.05,73.02,0.04,30.0,0.06,75.66,0.07,103.16,0.01,0.01,2341.262877,1776187161000
1776187163.074,263.074,0.94,73.0,0.93,73.16,0.97,366.66,0.98,609.7,0.03,323.0,0.02,854.7,0.04,5.0,0.06,28.0,0.03,0.01,2341.262877,1776187161000
1776187163.444,263.444,0.95,50.0,0.94,88.0,0.97,337.55,0.98,609.7,0.03,337.55,0.02,609.7,0.05,50.0,0.06,88.0,0.02,0.02,2341.360202,1776187162000
1776187163.785,263.785,0.96,162.0,0.95,70.0,0.97,15.95,0.98,674.7,0.03,16.99,0.02,674.7,0.04,140.0,0.05,87.0,0.01,0.01,2341.360202,1776187162000
1776187164.014,264.014,0.96,162.0,0.95,70.0,0.97,15.95,0.98,674.7,0.03,15.95,0.02,674.7,0.04,162.0,0.05,70.0,0.01,0.01,2341.359988,1776187163000
1776187164.48,264.48,0.96,137.0,0.95,80.0,0.97,49.6,0.98,467.7,0.03,39.55,0.02,684.7,0.04,162.0,0.05,80.0,0.01,0.01,2341.359988,1776187163000
1776187164.696,264.696,0.96,172.0,0.95,90.0,0.98,235.94,0.99,2703.37,0.02,255.94,0.01,2703.37,0.04,172.0,0.05,90.0,0.02,0.02,2341.359988,1776187163000
1776187165.016,265.016,0.97,110.31,0.96,145.0,0.98,200.39,0.99,2703.37,0.02,205.34,0.01,2703.37,0.03,55.0,0.04,145.0,0.01,0.01,2341.359988,1776187163000
1776187165.449,265.449,0.97,105.31,0.96,130.0,0.98,163.49,0.99,2703.37,0.02,178.7,0.01,2703.37,0.03,115.31,0.04,140.0,0.01,0.01,2341.479864,1776187164000
1776187165.683,265.683,0.97,99.97,0.96,125.0,0.98,155.54,0.99,2703.37,0.02,163.54,0.01,2703.37,0.03,99.97,0.04,130.0,0.01,0.01,2341.479864,1776187164000
1776187165.887,265.887,0.97,99.97,0.96,125.0,0.98,107.07,0.99,2664.37,0.02,112.02,0.01,2664.37,0.03,99.97,0.04,125.0,0.01,0.01,2341.479864,1776187164000
1776187166.229,266.229,0.97,99.97,0.96,125.0,0.98,92.07,0.99,2674.37,0.02,107.07,0.01,2664.37,0.03,99.97,0.04,125.0,0.01,0.01,2341.479864,1776187164000
1776187166.497,266.497,0.97,97.48,0.96,125.0,0.98,76.14,0.99,2674.37,0.02,81.09,0.01,2674.37,0.03,92.48,0.04,125.0,0.01,0.01,2341.479864,1776187164000
1776187166.706,266.706,0.97,92.48,0.96,125.0,0.98,65.93,0.99,2674.37,0.02,65.93,0.01,2674.37,0.03,92.48,0.04,125.0,0.01,0.01,2341.626776,1776187165000
1776187167.018,267.018,0.97,92.48,0.96,135.0,0.98,55.78,0.99,2635.37,0.02,60.78,0.01,2635.37,0.03,97.48,0.04,135.0,0.01,0.01,2341.626776,1776187165000
1776187167.272,267.272,0.97,97.48,0.96,135.0,0.98,60.5,0.99,2635.37,0.02,55.78,0.01,2635.37,0.03,92.48,0.04,135.0,0.01,0.01,2341.974694,1776187166000
1776187167.583,267.583,0.98,117.06,0.97,102.48,0.99,2635.42,,,0.01,2635.37,,,0.02,101.97,0.03,102.48,0.01,0.01,2341.974694,1776187166000
1776187167.893,267.893,0.98,117.06,0.97,102.48,0.99,2593.42,,,0.01,2635.42,,,0.02,117.06,0.03,102.48,0.01,0.01,2341.974694,1776187166000
1776187168.31,268.31,0.98,117.06,0.97,102.48,0.99,2451.35,,,0.01,2428.42,,,0.02,117.06,0.03,102.48,0.01,0.01,2341.974694,1776187166000
1776187168.867,268.867,0.98,122.06,0.97,102.48,0.99,2394.4,,,0.01,2416.35,,,0.02,117.06,0.03,102.48,0.01,0.01,2342.0158,1776187167000
1776187169.3,269.3,0.98,161.06,0.97,45.0,0.99,1950.8,,,0.01,2344.4,,,0.02,141.06,0.03,85.0,0.01,0.01,2342.04165,1776187168000
1776187169.625,269.625,0.98,150.12,0.97,45.0,0.99,1940.8,,,0.01,1915.8,,,0.02,161.06,0.03,45.0,0.01,0.01,2342.04165,1776187168000
1776187170.175,270.175,0.98,155.12,0.97,45.0,0.99,1920.59,,,0.01,1920.59,,,0.02,155.12,0.03,45.0,0.01,0.01,2342.036948,1776187169000
1776187170.55,270.55,0.98,289.06,0.97,30.0,0.99,1905.43,,,0.01,1951.59,,,0.02,289.06,0.03,30.0,0.01,0.01,2342.036948,1776187169000
1776187170.774,270.774,0.98,289.06,0.97,30.0,0.99,1768.96,,,0.01,1864.97,,,0.02,289.06,0.03,30.0,0.01,0.01,2342.036948,1776187169000
1776187171.129,271.129,0.98,265.06,0.97,33.0,0.99,1369.96,,,0.01,1758.96,,,0.02,289.06,0.03,30.0,0.01,0.01,2342.036948,1776187169000
1776187171.342,271.342,0.98,205.06,0.97,43.0,0.99,1625.96,,,0.01,1625.96,,,0.02,205.06,0.03,33.0,0.01,0.01,2342.036948,1776187169000
1776187171.605,271.605,0.98,92.04,0.97,43.0,0.99,1983.54,,,0.01,1983.54,,,0.02,119.06,0.03,43.0,0.01,0.01,2342.147328,1776187170000
1776187171.872,271.872,0.98,92.04,0.97,43.0,0.99,1953.23,,,0.01,1953.23,,,0.02,92.04,0.03,43.0,0.01,0.01,2342.147328,1776187170000
1776187172.09,272.09,0.98,102.23,0.97,43.0,0.99,2301.12,,,0.01,2311.23,,,0.02,102.23,0.03,43.0,0.01,0.01,2342.155875,1776187171000
1776187172.739,272.739,0.98,102.23,0.97,43.0,0.99,2319.91,,,0.01,2296.07,,,0.02,102.23,0.03,43.0,0.01,0.01,2342.155875,1776187171000
1776187172.975,272.975,0.98,102.23,0.97,43.0,0.99,2319.91,,,0.01,2319.91,,,0.02,102.23,0.03,43.0,0.01,0.01,2342.155875,1776187171000
1776187173.229,273.229,0.98,102.23,0.97,43.0,0.99,2255.86,,,0.01,2255.86,,,0.02,102.23,0.03,43.0,0.01,0.01,2341.96685,1776187172000
1776187173.515,273.515,0.98,102.23,0.97,43.0,0.99,2114.71,,,0.01,2255.86,,,0.02,102.23,0.03,43.0,0.01,0.01,2341.96685,1776187172000
1776187174.482,274.482,0.98,107.23,0.97,43.0,0.99,2101.64,,,0.01,2103.64,,,0.02,127.23,0.03,43.0,0.01,0.01,2341.96685,1776187172000
1776187174.7,274.7,0.98,112.23,0.97,43.0,0.99,2096.18,,,0.01,2096.18,,,0.02,112.23,0.03,43.0,0.01,0.01,2341.788523,1776187173000
1776187175.062,275.062,0.98,102.23,0.97,43.0,0.99,2042.64,,,0.01,2054.69,,,0.02,102.23,0.03,43.0,0.01,0.01,2341.788523,1776187173000
1776187175.434,275.434,0.98,102.23,0.97,43.0,0.99,1750.02,,,0.01,2042.64,,,0.02,102.23,0.03,43.0,0.01,0.01,2341.739563,1776187174000
1776187175.672,275.672,0.98,117.23,0.97,43.0,0.99,1625.02,,,0.01,1750.02,,,0.02,102.23,0.03,43.0,0.01,0.01,2341.739563,1776187174000
1776187176.241,276.241,0.98,117.23,0.97,43.0,0.99,1625.02,,,0.01,1625.02,,,0.02,117.23,0.03,43.0,0.01,0.01,2341.776832,1776187175000
1776187176.848,276.848,0.98,202.8,0.97,44.0,0.99,1583.1,,,0.01,1584.62,,,0.02,112.23,0.03,54.0,0.01,0.01,2341.776832,1776187175000
1776187177.227,277.227,0.98,197.8,0.97,44.0,0.99,1562.9,,,0.01,1562.9,,,0.02,197.8,0.03,44.0,0.01,0.01,2341.821934,1776187176000
1776187177.595,277.595,0.98,202.8,0.97,44.0,0.99,1401.9,,,0.01,1562.9,,,0.02,197.8,0.03,44.0,0.01,0.01,2341.821934,1776187176000
1776187178.285,278.285,0.98,202.8,0.97,44.0,0.99,1401.9,,,0.01,1401.9,,,0.02,202.8,0.03,44.0,0.01,0.01,2341.851966,1776187177000
1776187178.491,278.491,0.98,127.23,0.97,44.0,0.99,1272.79,,,0.01,1274.79,,,0.02,192.8,0.03,44.0,0.01,0.01,2341.851966,1776187177000
1776187178.7,278.7,0.98,295.26,0.97,44.0,0.99,1262.79,,,0.01,1272.79,,,0.02,127.23,0.03,44.0,0.01,0.01,2341.851966,1776187177000
1776187179.093,279.093,0.98,295.26,0.97,54.0,0.99,1257.79,,,0.01,1262.79,,,0.02,295.26,0.03,44.0,0.01,0.01,2341.851966,1776187177000
1776187179.362,279.362,0.98,295.26,0.97,54.0,0.99,1222.43,,,0.01,1222.43,,,0.02,295.26,0.03,54.0,0.01,0.01,2342.002496,1776187178000
1776187180.179,280.179,0.98,285.26,0.97,54.0,0.99,1089.88,,,0.01,1121.88,,,0.02,300.26,0.03,54.0,0.01,0.01,2342.002496,1776187178000
1776187180.477,280.477,0.98,300.26,0.97,54.0,0.99,1078.88,,,0.01,1089.88,,,0.02,285.26,0.03,54.0,0.01,0.01,2342.068745,1776187179000
1776187180.678,280.678,0.98,8.28,0.97,54.0,0.99,1078.88,,,0.01,1078.88,,,0.02,300.26,0.03,54.0,0.01,0.01,2342.068745,1776187179000
1776187180.985,280.985,0.98,13.28,0.97,54.0,0.99,886.81,,,0.01,927.36,,,0.02,3.28,0.03,44.0,0.01,0.01,2342.068745,1776187179000
1776187181.281,281.281,0.98,18.28,0.97,54.0,0.99,359.66,,,0.01,886.81,,,0.02,13.28,0.03,54.0,0.01,0.01,2342.068745,1776187179000
1776187181.743,281.743,0.98,196.15,0.97,59.0,0.99,347.17,,,0.01,354.66,,,0.02,18.28,0.03,54.0,0.01,0.01,2342.046657,1776187180000
1776187182.041,282.041,0.99,2123.27,0.98,56.88,,,,,,,,,0.01,2177.83,0.02,219.75,,,2342.046657,1776187180000
1776187182.376,282.376,0.99,2123.27,0.98,56.88,,,,,,,,,0.01,2123.27,0.02,56.88,,,2342.069285,1776187181000
1776187182.631,282.631,0.99,2126.74,0.98,56.88,,,,,,,,,0.01,2123.27,0.02,56.88,,,2342.069285,1776187181000
1776187183.213,283.213,0.99,2091.6,0.98,66.88,,,,,,,,,0.01,2124.65,0.02,56.88,,,2342.069285,1776187181000
1776187183.964,283.964,0.99,2090.18,0.98,66.88,,,,,,,,,0.01,2090.18,0.02,66.88,,,2342.183507,1776187183000
1776187184.882,284.882,0.99,2090.18,0.98,66.88,,,,,,,,,0.01,2090.18,0.02,66.88,,,2342.220145,1776187184000
1776187186.047,286.047,0.99,2265.18,0.98,134.08,,,,,,,,,0.01,2265.18,0.02,134.08,,,2342.214485,1776187185000
1776187186.713,286.713,0.99,2316.79,0.98,119.08,,,,,,,,,0.01,2265.18,0.02,134.08,,,2342.214485,1776187185000
1776187187.038,287.038,0.99,2316.79,0.98,119.08,,,,,,,,,0.01,2316.79,0.02,119.08,,,2342.169295,1776187186000
1776187187.87,287.87,0.99,2316.79,0.98,119.08,,,,,,,,,0.01,2316.79,0.02,119.08,,,2342.13609,1776187187000
1776187188.642,288.642,0.99,6399.47,0.98,119.08,,,,,,,,,0.01,2316.79,0.02,119.08,,,2342.13609,1776187187000
1776187188.958,288.958,0.99,6399.47,0.98,119.08,,,,,,,,,0.01,6399.47,0.02,119.08,,,2342.153498,1776187188000
1776187190.033,290.033,0.99,6399.47,0.98,119.08,,,,,,,,,0.01,6399.47,0.02,119.08,,,2342.157028,1776187189000
1776187191.093,291.093,0.99,6399.47,0.98,119.08,,,,,,,,,0.01,6399.47,0.02,119.08,,,2342.162212,1776187190000
1776187192.159,292.159,0.99,6399.47,0.98,119.08,,,,,,,,,0.01,6399.47,0.02,119.08,,,2342.162914,1776187191000
1776187193.294,293.294,0.99,6399.47,0.98,119.08,,,,,,,,,0.01,6399.47,0.02,119.08,,,2342.29334,1776187192000
1776187194.276,294.276,0.99,6399.47,0.98,119.08,,,,,,,,,0.01,6399.47,0.02,119.08,,,2342.418993,1776187193000
1776187194.781,294.781,0.99,7195.6,0.98,119.08,,,,,,,,,0.01,6399.47,0.02,119.08,,,2342.418993,1776187193000
1776187195.333,295.333,0.99,7195.6,0.98,119.08,,,,,,,,,0.01,7195.6,0.02,119.08,,,2342.270218,1776187194000
1776187196.425,296.425,0.99,7195.6,0.98,119.08,,,,,,,,,0.01,7195.6,0.02,119.08,,,2342.092446,1776187195000
1776187196.945,296.945,0.99,7295.55,0.98,115.8,,,,,,,,,0.01,7295.55,0.02,115.8,,,2342.07527,1776187196000
1776187197.961,297.961,0.99,7295.55,0.98,115.8,,,,,,,,,0.01,7295.55,0.02,115.8,,,2342.093459,1776187197000
1776187198.991,298.991,0.99,7295.55,0.98,115.8,,,,,,,,,0.01,7295.55,0.02,115.8,,,2342.034863,1776187198000
1776187200.041,300.041,0.99,13339.19,0.98,227.8,,,,,,,,,0.01,13339.19,0.02,227.8,,,2341.835781,1776187199000

# RESULT,winner=Up,slug=eth-updown-5m-1776186900,ticks=546
