timestamp,elapsed_sec,up_bid_p1,up_bid_s1,up_bid_p2,up_bid_s2,up_ask_p1,up_ask_s1,up_ask_p2,up_ask_s2,down_bid_p1,down_bid_s1,down_bid_p2,down_bid_s2,down_ask_p1,down_ask_s1,down_ask_p2,down_ask_s2,up_spread,down_spread,eth_price,eth_oracle_ts
1776390000.53,0.53,0.52,12.7,0.51,5.0,0.54,150.0,0.55,8.88,0.47,37.77,0.46,471.0,0.48,32.83,0.49,60.0,0.02,0.01,2335.363617,1776389999000
1776390002.32,2.32,0.52,18.42,0.51,5.0,0.53,10.0,0.54,87.0,0.46,150.0,0.45,8.88,0.48,12.7,0.49,5.0,0.01,0.02,2335.360154,1776390000000
1776390003.03,3.03,0.51,7.63,0.5,33.0,0.53,10.0,0.54,87.0,0.47,10.0,0.46,87.0,0.48,18.42,0.49,5.0,0.02,0.01,2335.360154,1776390000000
1776390003.269,3.269,0.51,7.63,0.5,33.0,0.52,13.5,0.53,20.0,0.47,10.0,0.46,87.0,0.49,7.63,0.5,33.0,0.01,0.02,2335.360154,1776390000000
1776390003.696,3.696,0.51,7.63,0.5,28.0,0.52,11.4,0.53,15.0,0.48,13.5,0.47,20.0,0.49,7.63,0.5,33.0,0.01,0.01,2335.364668,1776390002000
1776390004.065,4.065,0.5,15.0,0.48,13.0,0.51,47.37,0.52,36.4,0.48,11.4,0.47,15.0,0.49,7.63,0.5,28.0,0.01,0.01,2335.364668,1776390002000
1776390006.012,6.012,0.54,16.0,0.53,108.0,0.55,6.88,0.56,5.0,0.49,47.37,0.48,36.4,0.5,15.0,0.52,13.0,0.01,0.01,2335.362832,1776390004000
1776390007.023,7.023,0.54,28.0,0.53,108.0,0.55,6.88,0.56,15.0,0.45,6.88,0.44,5.0,0.46,16.0,0.47,108.0,0.01,0.01,2335.33621,1776390005000
1776390007.55,7.55,0.5,28.0,0.49,23.0,0.51,10.0,0.52,15.0,0.45,6.88,0.44,15.0,0.46,28.0,0.47,108.0,0.01,0.01,2335.509484,1776390006000
1776390009.299,9.299,0.5,15.0,0.49,23.0,0.52,15.0,0.53,20.0,0.49,10.0,0.48,15.0,0.5,28.0,0.51,23.0,0.02,0.01,2335.530014,1776390008000
1776390009.924,9.924,0.5,10.0,0.49,18.0,0.51,51.0,0.52,15.0,0.48,15.0,0.47,20.0,0.5,15.0,0.51,23.0,0.01,0.02,2335.530014,1776390008000
1776390010.327,10.327,0.49,18.0,0.48,23.0,0.5,5.0,0.51,35.0,0.5,10.0,0.49,35.0,0.51,18.0,0.52,23.0,0.01,0.01,2335.375098,1776390009000
1776390010.825,10.825,0.41,17.1,0.4,15.0,0.5,5.0,0.51,20.0,0.5,5.0,0.49,35.0,0.51,18.0,0.52,23.0,0.09,0.01,2335.375098,1776390009000
1776390011.389,11.389,0.47,18.0,0.46,18.0,0.49,11.32,0.5,10.0,0.5,5.0,0.49,20.0,0.59,17.1,0.6,15.0,0.02,0.09,2335.365962,1776390010000
1776390012.804,12.804,0.47,88.0,0.46,28.0,0.48,0.5,0.5,5.0,0.51,11.32,0.5,10.0,0.53,18.0,0.54,18.0,0.01,0.02,2335.29089,1776390011000
1776390013.143,13.143,0.49,60.0,0.48,27.0,0.51,60.0,0.52,15.0,0.5,5.0,0.49,60.0,0.53,109.0,0.54,33.0,0.02,0.03,2335.235002,1776390012000
1776390014.03,14.03,0.53,20.0,0.52,20.0,0.56,39.73,0.58,20.0,0.49,60.0,0.48,15.0,0.51,60.0,0.52,27.0,0.03,0.02,2335.235002,1776390012000
1776390015.053,15.053,0.56,15.0,0.55,20.0,0.57,2.36,0.58,15.0,0.44,39.73,0.42,20.0,0.47,20.0,0.48,20.0,0.01,0.03,2335.282899,1776390013000
1776390016.088,16.088,0.59,16.0,0.58,26.0,0.6,13.0,0.62,5.0,0.43,2.36,0.42,15.0,0.44,15.0,0.45,20.0,0.01,0.01,2335.364104,1776390014000
1776390016.439,16.439,0.59,95.2,0.58,31.0,0.67,5.0,0.72,70.0,0.4,13.0,0.38,5.0,0.41,16.0,0.42,26.0,0.08,0.01,2335.562593,1776390015000
1776390016.753,16.753,0.7,10.0,0.69,10.0,0.71,14.9,0.72,95.0,0.32,21.62,0.29,7.0,0.34,16.0,0.35,15.0,0.01,0.02,2335.562593,1776390015000
1776390017.205,17.205,0.7,10.0,0.69,10.0,0.71,9.42,0.72,95.0,0.29,14.9,0.28,95.0,0.3,10.0,0.31,10.0,0.01,0.01,2335.562593,1776390015000
1776390017.746,17.746,0.69,9.96,0.68,16.0,0.72,85.0,0.73,21.0,0.29,9.42,0.28,95.0,0.3,1.66,0.31,10.0,0.03,0.01,2335.673802,1776390016000
1776390018.065,18.065,0.71,4.24,0.7,16.0,0.72,85.0,0.73,21.0,0.28,85.0,0.27,21.0,0.31,9.96,0.32,16.0,0.01,0.03,2335.673802,1776390016000
1776390018.523,18.523,0.71,10.0,0.7,10.0,0.72,70.0,0.73,21.0,0.28,85.0,0.27,21.0,0.3,16.0,0.31,9.96,0.01,0.02,2335.889558,1776390017000
1776390018.978,18.978,0.71,10.0,0.7,10.0,0.72,55.61,0.73,21.0,0.28,68.61,0.27,21.0,0.29,10.0,0.3,10.0,0.01,0.01,2335.889558,1776390017000
1776390019.796,19.796,0.71,4.82,0.7,10.0,0.72,55.61,0.73,21.0,0.28,55.61,0.27,21.0,0.29,10.0,0.3,10.0,0.01,0.01,2336.489402,1776390018000
1776390020.965,20.965,0.71,4.82,0.7,20.0,0.72,53.86,0.73,16.0,0.28,55.61,0.27,21.0,0.29,4.82,0.3,10.0,0.01,0.01,2336.560466,1776390019000
1776390021.532,21.532,0.67,26.96,0.66,15.0,0.68,60.0,0.69,25.0,0.28,43.86,0.27,16.0,0.29,4.82,0.3,20.0,0.01,0.01,2336.571269,1776390020000
1776390022.754,22.754,0.67,20.0,0.66,15.0,0.68,27.0,0.69,5.0,0.32,52.0,0.31,20.0,0.33,26.96,0.34,15.0,0.01,0.01,2336.576513,1776390021000
1776390025.141,25.141,0.67,20.0,0.66,10.0,0.68,19.0,0.69,10.0,0.32,27.0,0.31,5.0,0.33,20.0,0.34,15.0,0.01,0.01,2336.523525,1776390023000
1776390025.765,25.765,0.63,1.96,0.62,24.0,0.68,49.0,0.69,111.0,0.32,19.0,0.31,10.0,0.33,20.0,0.34,10.0,0.05,0.01,2336.51679,1776390024000
1776390026.552,26.552,0.61,10.0,0.58,16.0,0.64,46.0,0.65,35.0,0.32,49.0,0.31,111.0,0.37,1.96,0.38,24.0,0.03,0.05,2336.51679,1776390024000
1776390027.519,27.519,0.59,10.0,0.58,10.0,0.62,20.0,0.63,27.0,0.36,46.0,0.35,35.0,0.39,10.0,0.42,16.0,0.03,0.03,2336.492088,1776390026000
1776390028.263,28.263,0.57,24.1,0.56,10.0,0.59,85.0,0.6,10.0,0.38,20.0,0.37,27.0,0.41,10.0,0.42,10.0,0.02,0.03,2336.196653,1776390027000
1776390028.581,28.581,0.58,14.43,0.57,8.4,0.59,82.0,0.6,10.0,0.42,20.0,0.41,100.0,0.43,8.4,0.44,10.0,0.01,0.01,2336.196653,1776390027000
1776390028.842,28.842,0.58,19.43,0.57,8.4,0.59,69.91,0.6,15.0,0.41,82.0,0.4,10.0,0.42,14.43,0.43,8.4,0.01,0.01,2336.196653,1776390027000
1776390029.78,29.78,0.58,54.43,0.57,8.4,0.59,74.91,0.6,15.0,0.41,69.91,0.4,15.0,0.42,19.43,0.43,8.4,0.01,0.01,2336.077945,1776390028000
1776390032.997,32.997,0.58,54.43,0.57,13.4,0.59,69.74,0.6,15.0,0.41,74.91,0.4,15.0,0.42,54.43,0.43,8.4,0.01,0.01,2335.89607,1776390030000
1776390038.393,38.393,0.62,52.2,0.61,20.58,0.63,8.43,0.64,5.0,0.41,62.74,0.4,15.0,0.42,54.43,0.43,13.4,0.01,0.01,2335.836877,1776390037000
1776390041.319,41.319,0.62,54.73,0.61,10.0,0.63,8.43,0.65,31.0,0.37,8.43,0.36,5.0,0.38,52.2,0.39,20.58,0.01,0.01,2335.973699,1776390040000
1776390042.619,42.619,0.62,54.73,0.61,15.0,0.63,6.41,0.66,42.0,0.37,8.43,0.35,31.0,0.38,54.73,0.39,10.0,0.01,0.01,2336.007333,1776390041000
1776390043.25,43.25,0.62,31.73,0.61,15.0,0.66,38.0,0.67,91.0,0.37,6.41,0.34,42.0,0.38,54.73,0.39,15.0,0.04,0.01,2336.010616,1776390042000
1776390046.474,46.474,0.65,99.0,0.64,20.0,0.66,3.48,0.67,106.0,0.34,38.0,0.33,91.0,0.38,31.73,0.39,15.0,0.01,0.04,2336.118722,1776390045000
1776390046.721,46.721,0.65,99.0,0.64,20.0,0.67,104.2,0.68,90.0,0.34,3.48,0.33,106.0,0.35,99.0,0.36,20.0,0.02,0.01,2336.118722,1776390045000
1776390049.56,49.56,0.62,10.0,0.61,15.0,0.64,12.0,0.65,15.0,0.33,104.2,0.32,90.0,0.35,99.0,0.36,20.0,0.02,0.02,2336.188473,1776390048000
1776390051.771,51.771,0.55,31.54,0.54,5.0,0.58,10.0,0.59,15.0,0.37,0.22,0.36,12.0,0.38,10.0,0.39,20.0,0.03,0.01,2336.122915,1776390050000
1776390052.235,52.235,0.54,19.0,0.53,26.32,0.56,10.0,0.58,30.0,0.42,10.0,0.41,15.0,0.45,31.54,0.46,5.0,0.02,0.03,2336.102252,1776390051000
1776390053.167,53.167,0.53,21.32,0.52,12.58,0.54,30.0,0.55,10.0,0.44,10.0,0.42,30.0,0.46,19.0,0.47,26.32,0.01,0.02,2336.102252,1776390051000
1776390053.397,53.397,0.53,24.04,0.51,10.0,0.54,10.0,0.55,10.0,0.46,30.0,0.45,10.0,0.48,7.0,0.49,10.0,0.01,0.02,2336.102252,1776390051000
1776390053.652,53.652,0.53,17.0,0.52,10.0,0.54,2.0,0.55,10.0,0.46,10.0,0.45,10.0,0.47,24.04,0.49,10.0,0.01,0.01,2336.006139,1776390052000
1776390054.493,54.493,0.53,16.0,0.52,6.0,0.54,1.0,0.55,10.0,0.46,2.0,0.45,15.0,0.48,2.51,0.49,20.58,0.01,0.02,2335.79572,1776390053000
1776390055.449,55.449,0.53,7.75,0.52,6.0,0.54,36.0,0.55,15.0,0.46,1.0,0.45,10.0,0.47,16.0,0.48,6.0,0.01,0.01,2335.79572,1776390053000
1776390060.557,60.557,0.56,103.0,0.55,62.0,0.57,80.0,0.58,80.0,0.46,36.0,0.45,15.0,0.47,7.75,0.48,6.0,0.01,0.01,2335.645962,1776390059000
1776390062.981,62.981,0.49,5.0,0.47,5.0,0.54,155.0,0.55,103.0,0.43,80.0,0.42,80.0,0.44,103.0,0.45,62.0,0.05,0.01,2335.642043,1776390061000
1776390063.332,63.332,0.46,24.28,0.45,13.0,0.49,94.2,0.5,20.0,0.46,155.0,0.45,103.0,0.54,24.28,0.55,13.0,0.03,0.08,2335.641267,1776390062000
1776390063.91,63.91,0.46,24.28,0.45,18.0,0.47,59.08,0.48,10.0,0.51,94.2,0.5,20.0,0.54,24.28,0.55,13.0,0.01,0.03,2335.641267,1776390062000
1776390064.287,64.287,0.42,7.95,0.41,35.1,0.43,40.0,0.44,15.0,0.53,59.08,0.52,10.0,0.54,24.28,0.55,18.0,0.01,0.01,2335.54078,1776390063000
1776390064.603,64.603,0.41,30.68,0.4,26.0,0.42,51.14,0.43,55.0,0.57,91.0,0.56,15.0,0.59,35.1,0.6,26.0,0.01,0.02,2335.54078,1776390063000
1776390065.544,65.544,0.41,9.55,0.4,12.0,0.42,36.14,0.43,20.0,0.58,51.14,0.57,55.0,0.59,30.68,0.6,26.0,0.01,0.01,2335.343495,1776390064000
1776390066.676,66.676,0.35,7.14,0.32,84.06,0.4,53.0,0.41,160.5,0.59,50.5,0.58,41.14,0.61,1.81,0.63,5.0,0.05,0.02,2335.21906,1776390065000
1776390066.965,66.965,0.35,5.64,0.32,84.06,0.36,26.0,0.37,7.93,0.64,41.63,0.61,80.0,0.65,5.64,0.68,84.06,0.01,0.01,2335.21906,1776390065000
1776390067.189,67.189,0.32,47.7,0.3,8.33,0.36,128.0,0.37,16.0,0.64,26.0,0.63,7.93,0.65,5.64,0.68,84.06,0.04,0.01,2335.21906,1776390065000
1776390067.55,67.55,0.22,50.77,0.21,97.7,0.32,30.0,0.33,10.0,0.67,45.0,0.66,10.0,0.69,30.35,0.7,8.33,0.1,0.02,2334.881493,1776390066000
1776390067.815,67.815,0.24,200.0,0.23,10.0,0.25,1.6,0.26,10.0,0.75,25.6,0.74,10.0,0.77,102.0,0.78,50.77,0.01,0.02,2334.881493,1776390066000
1776390068.13,68.13,0.25,102.0,0.24,26.8,0.26,4.23,0.27,23.18,0.73,3.18,0.72,10.0,0.76,158.86,0.77,10.0,0.01,0.03,2334.881493,1776390066000
1776390068.342,68.342,0.25,213.42,0.24,325.64,0.28,10.0,0.29,10.0,0.74,16.53,0.73,3.18,0.75,115.0,0.76,146.22,0.03,0.01,2334.565486,1776390067000
1776390068.584,68.584,0.25,213.42,0.24,47.8,0.26,12.34,0.27,10.0,0.72,6.07,0.71,10.0,0.75,213.42,0.76,66.8,0.01,0.03,2334.565486,1776390067000
1776390068.809,68.809,0.25,342.61,0.24,47.8,0.27,10.0,0.28,6.07,0.74,13.68,0.73,10.0,0.75,342.61,0.76,47.8,0.02,0.01,2334.565486,1776390067000
1776390069.334,69.334,0.26,203.42,0.25,185.99,0.27,14.81,0.28,10.0,0.71,10.0,0.7,10.0,0.75,351.47,0.76,31.0,0.01,0.04,2334.458939,1776390068000
1776390069.551,69.551,0.26,197.42,0.25,174.99,0.27,18.81,0.28,10.0,0.73,24.81,0.72,10.0,0.74,197.42,0.75,174.99,0.01,0.01,2334.458939,1776390068000
1776390070.962,70.962,0.26,253.22,0.25,158.19,0.27,15.28,0.28,10.0,0.73,3.99,0.72,10.0,0.74,197.42,0.75,174.99,0.01,0.01,2334.457495,1776390069000
1776390071.526,71.526,0.26,103.86,0.25,153.19,0.27,15.28,0.28,10.0,0.73,15.28,0.72,10.0,0.74,253.22,0.75,158.19,0.01,0.01,2334.404888,1776390070000
1776390071.788,71.788,0.26,44.86,0.25,148.19,0.27,49.48,0.28,10.0,0.73,15.28,0.72,10.0,0.74,103.86,0.75,153.19,0.01,0.01,2334.404888,1776390070000
1776390072.341,72.341,0.25,142.7,0.24,19.0,0.26,36.15,0.27,15.28,0.74,10.0,0.73,34.48,0.75,142.7,0.8,52.5,0.01,0.01,2334.404888,1776390070000
1776390072.727,72.727,0.26,185.0,0.25,138.7,0.27,0.99,0.29,10.0,0.74,16.49,0.73,15.28,0.75,166.7,0.76,19.0,0.01,0.01,2334.402218,1776390071000
1776390073.327,73.327,0.26,371.42,0.25,186.7,0.29,7.12,0.3,10.0,0.73,0.99,0.71,10.0,0.74,185.0,0.75,138.7,0.03,0.01,2334.402264,1776390072000
1776390073.84,73.84,0.27,171.31,0.26,41.0,0.28,10.0,0.29,1.27,0.71,1.27,0.7,10.0,0.74,371.42,0.75,166.7,0.01,0.03,2334.402264,1776390072000
1776390074.065,74.065,0.27,174.29,0.26,41.0,0.28,10.0,0.29,1.27,0.72,10.0,0.71,1.27,0.73,171.31,0.74,41.0,0.01,0.01,2334.402264,1776390072000
1776390074.409,74.409,0.27,201.66,0.26,29.0,0.28,6.42,0.29,1.27,0.72,6.42,0.71,1.27,0.73,174.29,0.74,34.0,0.01,0.01,2334.402264,1776390072000
1776390074.705,74.705,0.27,201.66,0.26,29.0,0.28,2.49,0.29,1.27,0.72,6.42,0.71,1.27,0.73,201.66,0.74,29.0,0.01,0.01,2334.298416,1776390073000
1776390075.021,75.021,0.28,27.42,0.27,133.24,0.29,1.27,0.3,10.0,0.71,5.22,0.7,10.0,0.73,201.66,0.74,29.0,0.01,0.02,2334.298416,1776390073000
1776390075.485,75.485,0.28,32.42,0.27,123.24,0.3,7.56,0.31,60.0,0.71,1.27,0.7,10.0,0.72,27.42,0.73,133.24,0.02,0.01,2334.397899,1776390074000
1776390075.92,75.92,0.31,277.42,0.3,39.0,0.36,50.0,0.37,15.0,0.7,7.56,0.69,60.0,0.72,32.42,0.73,123.24,0.05,0.02,2334.397899,1776390074000
1776390076.623,76.623,0.35,17.0,0.34,31.42,0.36,55.0,0.37,10.0,0.64,50.0,0.63,15.0,0.69,277.42,0.7,39.0,0.01,0.05,2334.461289,1776390075000
1776390076.943,76.943,0.35,59.0,0.34,31.42,0.38,15.0,0.39,20.0,0.64,55.0,0.63,10.0,0.65,17.0,0.66,31.42,0.03,0.01,2334.461289,1776390075000
1776390077.758,77.758,0.37,59.84,0.35,49.0,0.38,15.0,0.39,20.0,0.62,15.0,0.61,20.0,0.65,59.0,0.66,31.42,0.01,0.03,2334.456148,1776390076000
1776390079.106,79.106,0.39,35.0,0.38,58.0,0.4,48.0,0.41,67.0,0.62,4.23,0.61,20.0,0.63,52.84,0.65,44.0,0.01,0.01,2334.549061,1776390077000
1776390080.511,80.511,0.3,37.03,0.26,30.0,0.31,44.0,0.35,70.0,0.6,48.0,0.59,67.0,0.61,35.0,0.62,58.0,0.01,0.01,2334.598328,1776390079000
1776390080.853,80.853,0.3,21.1,0.22,10.0,0.31,85.0,0.32,10.0,0.69,44.0,0.66,10.0,0.7,42.19,0.74,30.0,0.01,0.01,2334.598328,1776390079000
1776390081.198,81.198,0.3,16.02,0.26,17.0,0.31,84.0,0.32,10.0,0.69,85.0,0.68,10.0,0.7,21.1,0.78,10.0,0.01,0.01,2334.598328,1776390079000
1776390084.15,84.15,0.26,22.39,0.24,20.0,0.27,51.0,0.28,20.0,0.69,84.0,0.68,10.0,0.7,16.02,0.74,17.0,0.01,0.01,2334.320829,1776390082000
1776390084.517,84.517,0.26,22.39,0.24,8.0,0.27,16.29,0.28,20.0,0.73,51.0,0.72,20.0,0.74,22.39,0.76,20.0,0.01,0.01,2334.289751,1776390083000
1776390085.146,85.146,0.26,17.39,0.25,5.0,0.27,12.21,0.28,20.0,0.73,16.29,0.72,20.0,0.74,22.39,0.76,8.0,0.01,0.01,2334.289751,1776390083000
1776390085.384,85.384,0.24,5.0,0.23,5.0,0.27,84.41,0.28,20.0,0.73,12.21,0.72,20.0,0.74,17.39,0.75,5.0,0.03,0.01,2334.283143,1776390084000
1776390085.782,85.782,0.21,1.37,0.2,44.5,0.22,10.0,0.23,22.0,0.73,84.41,0.72,20.0,0.76,5.0,0.77,5.0,0.01,0.03,2334.283143,1776390084000
1776390086.303,86.303,0.2,7.5,0.19,23.0,0.21,59.27,0.22,15.0,0.79,29.04,0.78,20.0,0.8,47.5,0.83,5.0,0.01,0.01,2334.197488,1776390085000
1776390086.519,86.519,0.2,7.5,0.16,50.0,0.21,47.6,0.22,15.0,0.79,54.03,0.78,15.0,0.8,7.5,0.83,5.0,0.01,0.01,2334.197488,1776390085000
1776390086.814,86.814,0.2,12.5,0.16,50.0,0.21,65.36,0.22,15.0,0.79,47.6,0.78,15.0,0.8,7.5,0.84,50.0,0.01,0.01,2334.197488,1776390085000
1776390087.192,87.192,0.15,120.55,0.12,10.09,0.21,75.36,0.22,31.0,0.79,65.36,0.78,15.0,0.8,12.5,0.84,50.0,0.06,0.01,2334.043696,1776390086000
1776390087.59,87.59,0.15,162.38,0.14,130.0,0.16,8.75,0.17,5.82,0.83,0.82,0.82,10.0,0.85,115.38,0.87,100.0,0.01,0.02,2334.043696,1776390086000
1776390087.815,87.815,0.15,228.64,0.14,141.0,0.16,8.75,0.17,5.82,0.84,8.75,0.83,5.82,0.85,219.38,0.86,179.0,0.01,0.01,2334.043696,1776390086000
1776390088.13,88.13,0.15,191.88,0.14,125.0,0.16,8.75,0.17,5.82,0.84,8.75,0.83,5.82,0.85,228.64,0.86,141.0,0.01,0.01,2333.701918,1776390087000
1776390088.468,88.468,0.15,67.71,0.13,100.0,0.17,8.1,0.18,81.99,0.84,1.87,0.83,5.82,0.85,186.71,0.86,125.0,0.02,0.01,2333.701918,1776390087000
1776390088.726,88.726,0.14,100.46,0.13,115.0,0.15,155.4,0.16,177.0,0.84,177.0,0.83,190.2,0.85,63.53,0.87,115.0,0.01,0.01,2333.701918,1776390087000
1776390089.1,89.1,0.14,15.0,0.13,15.0,0.15,257.04,0.16,221.28,0.85,144.72,0.84,165.0,0.86,110.46,0.87,115.0,0.01,0.01,2333.701918,1776390087000
1776390089.372,89.372,0.12,110.09,0.11,118.0,0.15,279.89,0.16,239.28,0.85,279.89,0.84,239.28,0.86,4.83,0.87,100.0,0.03,0.01,2333.533956,1776390088000
1776390089.654,89.654,0.11,98.87,0.1,270.0,0.12,18.0,0.13,266.67,0.87,117.68,0.86,227.84,0.89,100.0,0.9,115.0,0.01,0.02,2333.533956,1776390088000
1776390089.899,89.899,0.11,34.01,0.1,195.0,0.12,14.83,0.13,99.99,0.88,93.99,0.87,67.68,0.89,34.01,0.9,170.0,0.01,0.01,2333.533956,1776390088000
1776390090.231,90.231,0.11,93.01,0.1,245.0,0.12,5.66,0.13,33.0,0.88,14.83,0.87,99.99,0.89,34.01,0.9,195.0,0.01,0.01,2333.533956,1776390088000
1776390090.507,90.507,0.12,70.0,0.11,74.0,0.13,16.09,0.14,2.85,0.87,9.68,0.86,2.85,0.89,78.01,0.9,245.0,0.01,0.02,2333.29198,1776390089000
1776390090.85,90.85,0.12,78.93,0.11,60.0,0.13,25.5,0.14,2.85,0.87,8.39,0.86,2.85,0.88,78.93,0.89,74.0,0.01,0.01,2333.29198,1776390089000
1776390091.345,91.345,0.12,78.93,0.11,51.0,0.13,28.26,0.14,2.85,0.87,25.5,0.86,2.85,0.88,78.93,0.89,60.0,0.01,0.01,2333.29198,1776390089000
1776390091.942,91.942,0.12,6.93,0.11,46.0,0.13,148.25,0.14,42.13,0.87,23.26,0.86,2.85,0.88,78.93,0.89,51.0,0.01,0.01,2332.903007,1776390090000
1776390093.123,93.123,0.11,39.93,0.1,190.0,0.12,120.14,0.13,95.54,0.87,148.25,0.86,42.13,0.89,39.93,0.9,190.0,0.01,0.02,2333.008658,1776390092000
1776390094.207,94.207,0.11,23.93,0.1,200.0,0.12,162.14,0.13,98.54,0.88,120.14,0.87,95.54,0.89,39.93,0.9,190.0,0.01,0.01,2332.788134,1776390093000
1776390095.098,95.098,0.1,173.0,0.09,21.0,0.11,129.99,0.12,92.15,0.88,162.14,0.87,98.54,0.89,0.93,0.9,200.0,0.01,0.01,2332.788134,1776390093000
1776390095.86,95.86,0.09,21.0,0.08,98.94,0.1,6.0,0.11,241.99,0.89,129.99,0.88,92.15,0.9,173.0,0.91,21.0,0.01,0.01,2332.708508,1776390094000
1776390097.322,97.322,0.08,34.0,0.07,24.0,0.09,92.65,0.1,69.11,0.9,16.0,0.89,213.99,0.92,98.94,0.93,24.0,0.01,0.02,2332.598282,1776390095000
1776390097.649,97.649,0.08,20.0,0.07,155.43,0.09,151.65,0.1,81.11,0.91,92.65,0.9,69.11,0.92,34.0,0.93,24.0,0.01,0.01,2332.471837,1776390096000
1776390098.243,98.243,0.08,3.0,0.07,24.0,0.09,225.15,0.1,134.11,0.91,151.65,0.9,81.11,0.92,20.0,0.93,155.43,0.01,0.01,2332.471837,1776390096000
1776390098.493,98.493,0.07,3.78,0.06,65.0,0.08,76.21,0.09,92.66,0.91,268.65,0.9,123.11,0.93,24.0,0.94,65.0,0.01,0.02,2332.390511,1776390097000
1776390099.336,99.336,0.07,1.78,0.06,65.0,0.08,207.49,0.09,57.66,0.92,76.21,0.91,92.66,0.93,3.78,0.94,65.0,0.01,0.01,2332.390511,1776390097000
1776390100.204,100.204,0.06,65.0,0.05,130.0,0.08,207.49,0.09,57.66,0.92,207.49,0.91,57.66,0.93,1.78,0.94,65.0,0.02,0.01,2332.16259,1776390099000
1776390100.534,100.534,0.07,2.47,0.06,65.0,0.08,207.49,0.09,57.66,0.92,207.49,0.91,57.66,0.94,65.0,0.95,130.0,0.01,0.02,2332.16259,1776390099000
1776390100.751,100.751,0.06,26.0,0.05,173.0,0.08,262.49,0.09,52.66,0.92,207.49,0.91,57.66,0.93,2.47,0.94,65.0,0.02,0.01,2332.16259,1776390099000
1776390101.007,101.007,0.06,24.93,0.05,30.0,0.07,44.0,0.08,75.0,0.92,262.49,0.91,52.66,0.94,26.0,0.95,173.0,0.01,0.02,2332.16259,1776390099000
1776390101.243,101.243,0.05,25.0,0.04,89.5,0.06,57.71,0.07,57.5,0.93,109.5,0.92,169.0,0.95,30.0,0.96,89.5,0.01,0.02,2331.668322,1776390100000
1776390104.492,104.492,0.04,64.5,0.03,404.0,0.06,117.28,0.07,194.8,0.94,57.71,0.93,57.5,0.95,25.0,0.96,89.5,0.02,0.01,2331.109461,1776390102000
1776390104.787,104.787,0.04,64.5,0.03,404.0,0.05,95.0,0.06,247.28,0.94,117.28,0.93,194.8,0.96,64.5,0.97,404.0,0.01,0.02,2331.109461,1776390102000
1776390105.66,105.66,0.04,44.5,0.03,404.0,0.05,325.74,0.06,146.99,0.95,95.0,0.94,247.28,0.96,44.5,0.97,404.0,0.01,0.01,2331.024824,1776390103000
1776390106.172,106.172,0.04,44.5,0.03,404.0,0.05,320.74,0.06,146.99,0.95,325.74,0.94,146.99,0.96,44.5,0.97,404.0,0.01,0.01,2330.933956,1776390104000
1776390107.36,107.36,0.04,33.5,0.03,404.0,0.05,296.99,0.06,116.99,0.95,320.74,0.94,146.99,0.96,44.5,0.97,404.0,0.01,0.01,2330.934969,1776390106000
1776390108.198,108.198,0.04,33.5,0.03,404.0,0.05,136.99,0.06,106.99,0.95,296.99,0.94,116.99,0.96,33.5,0.97,404.0,0.01,0.01,2330.934969,1776390106000
1776390108.878,108.878,0.04,33.5,0.03,404.0,0.05,692.1,0.06,235.51,0.95,136.99,0.94,106.99,0.96,33.5,0.97,404.0,0.01,0.01,2330.807035,1776390107000
1776390113.253,113.253,0.04,28.29,0.03,404.0,0.05,386.29,0.06,138.8,0.95,668.1,0.94,235.51,0.96,33.5,0.97,404.0,0.01,0.01,2331.060866,1776390112000
1776390115.461,115.461,0.04,3.29,0.03,404.0,0.05,456.96,0.06,215.3,0.95,206.29,0.94,117.8,0.96,28.29,0.97,404.0,0.01,0.01,2330.94171,1776390113000
1776390115.815,115.815,0.03,236.7,0.02,487.0,0.04,484.43,0.05,410.69,0.96,378.56,0.95,397.69,0.97,236.7,0.98,487.0,0.01,0.01,2330.94171,1776390113000
1776390116.24,116.24,0.03,136.7,0.02,487.0,0.04,483.13,0.05,260.69,0.96,484.43,0.95,410.69,0.97,236.7,0.98,487.0,0.01,0.01,2330.561757,1776390115000
1776390117.197,117.197,0.03,125.7,0.02,487.0,0.04,483.13,0.05,290.69,0.96,483.13,0.95,260.69,0.97,136.7,0.98,487.0,0.01,0.01,2330.561757,1776390115000
1776390118.9,118.9,0.03,21.15,0.02,469.0,0.04,667.97,0.05,201.69,0.96,483.13,0.95,290.69,0.97,125.7,0.98,487.0,0.01,0.01,2329.73862,1776390117000
1776390119.882,119.882,0.02,313.39,0.01,2017.4,0.03,266.24,0.04,395.7,0.96,667.97,0.95,201.69,0.98,413.39,0.99,2423.71,0.01,0.02,2329.587681,1776390118000
1776390120.12,120.12,0.02,308.33,0.01,2017.4,0.03,288.53,0.04,390.7,0.97,266.24,0.96,395.7,0.98,313.39,0.99,2017.4,0.01,0.01,2329.587681,1776390118000
1776390120.623,120.623,0.02,178.27,0.01,1887.8,0.03,199.54,0.04,383.22,0.97,288.53,0.96,390.7,0.98,303.27,0.99,1653.8,0.01,0.01,2329.573704,1776390119000
1776390122.004,122.004,0.02,66.27,0.01,2351.4,0.03,189.54,0.04,244.22,0.97,169.54,0.96,350.22,0.98,76.27,0.99,1887.8,0.01,0.01,2329.37275,1776390120000
1776390122.583,122.583,0.02,184.27,0.01,1974.94,0.03,86.54,0.04,239.22,0.97,189.54,0.96,244.22,0.98,66.27,0.99,2351.4,0.01,0.01,2329.310554,1776390121000
1776390123.277,123.277,0.02,196.24,0.01,1974.94,0.03,86.54,0.04,239.22,0.97,86.54,0.96,239.22,0.98,184.27,0.99,1974.94,0.01,0.01,2329.227624,1776390122000
1776390124.02,124.02,0.02,202.18,0.01,2738.54,0.03,186.54,0.04,218.22,0.97,86.54,0.96,239.22,0.98,196.24,0.99,1974.94,0.01,0.01,2329.227624,1776390122000
1776390124.353,124.353,0.02,202.18,0.01,2369.94,0.03,186.48,0.04,218.22,0.97,186.54,0.96,218.22,0.98,202.18,0.99,2738.54,0.01,0.01,2329.227624,1776390122000
1776390124.813,124.813,0.02,233.18,0.01,2728.54,0.03,158.12,0.04,213.22,0.97,186.48,0.96,218.22,0.98,202.18,0.99,2369.94,0.01,0.01,2329.602184,1776390123000
1776390126.425,126.425,0.02,223.18,0.01,2734.53,0.03,217.05,0.04,213.22,0.97,158.12,0.96,213.22,0.98,223.18,0.99,2728.54,0.01,0.01,2329.610005,1776390124000
1776390127.351,127.351,0.02,221.18,0.01,2890.92,0.03,217.05,0.04,213.22,0.97,217.05,0.96,213.22,0.98,223.18,0.99,2734.53,0.01,0.01,2329.816251,1776390126000
1776390128.486,128.486,0.02,204.18,0.01,2897.23,0.03,312.41,0.04,213.22,0.97,217.05,0.96,213.22,0.98,221.18,0.99,2890.92,0.01,0.01,2329.82506,1776390127000
1776390128.794,128.794,0.02,191.15,0.01,2907.21,0.03,315.54,0.04,213.22,0.97,312.41,0.96,213.22,0.98,204.18,0.99,2897.23,0.01,0.01,2329.82506,1776390127000
1776390129.449,129.449,0.02,191.15,0.01,2707.21,0.03,305.54,0.04,213.22,0.97,315.54,0.96,213.22,0.98,191.15,0.99,2907.21,0.01,0.01,2329.838845,1776390128000
1776390131.012,131.012,0.02,248.15,0.01,2875.36,0.03,81.84,0.04,313.22,0.97,305.54,0.96,213.22,0.98,191.15,0.99,2707.21,0.01,0.01,2329.84016,1776390129000
1776390131.968,131.968,0.02,213.64,0.01,2881.67,0.03,81.84,0.04,119.52,0.97,81.84,0.96,313.22,0.98,248.15,0.99,2875.36,0.01,0.01,2329.85951,1776390130000
1776390133.363,133.363,0.01,2414.8,,,0.03,81.84,0.04,213.22,0.97,81.84,0.96,119.52,0.98,213.64,0.99,2881.67,0.02,0.01,2330.220788,1776390132000
1776390133.926,133.926,0.01,2414.8,,,0.02,156.08,0.03,86.84,0.97,81.84,0.96,213.22,0.99,2414.8,,,0.01,0.02,2330.220788,1776390132000
1776390135.249,135.249,0.01,2717.03,,,0.02,156.08,0.03,86.84,0.98,156.08,0.97,86.84,0.99,2414.8,,,0.01,0.01,2330.3327,1776390134000
1776390136.073,136.073,0.01,3280.63,,,0.02,96.08,0.03,86.84,0.98,156.08,0.97,86.84,0.99,2717.03,,,0.01,0.01,2330.3327,1776390134000
1776390145.621,145.621,0.01,2036.2,,,0.02,90.0,0.03,595.06,0.98,96.08,0.97,86.84,0.99,3280.63,,,0.01,0.01,2329.83025,1776390144000
1776390147.501,147.501,0.01,1444.2,,,0.02,318.7,0.03,621.06,0.98,90.0,0.97,595.06,0.99,2036.2,,,0.01,0.01,2329.730534,1776390146000
1776390148.603,148.603,0.02,45.0,0.01,1901.2,0.03,387.07,0.04,489.7,0.98,318.7,0.97,621.06,0.99,1399.2,,,0.01,0.01,2329.730534,1776390146000
1776390154.409,154.409,0.02,53.97,0.01,1832.89,0.03,297.07,0.04,524.21,0.97,387.07,0.96,489.7,0.98,45.0,0.99,1901.2,0.01,0.01,2329.730534,1776390146000
1776390156.304,156.304,0.02,48.91,0.01,2329.2,0.03,297.07,0.04,213.22,0.97,297.07,0.96,524.21,0.98,53.97,0.99,1832.89,0.01,0.01,2330.52824,1776390155000
1776390157.928,157.928,0.02,43.85,0.01,2332.89,0.03,373.6,0.04,213.22,0.97,297.07,0.96,213.22,0.98,48.91,0.99,2329.2,0.01,0.01,2330.533605,1776390156000
1776390159.353,159.353,0.02,43.85,0.01,2332.89,0.03,368.6,0.04,535.21,0.97,373.6,0.96,213.22,0.98,43.85,0.99,2332.89,0.01,0.01,2330.57583,1776390157000
1776390161.421,161.421,0.02,38.85,0.01,2332.89,0.03,368.6,0.04,546.21,0.97,368.6,0.96,535.21,0.98,43.85,0.99,2332.89,0.01,0.01,2330.6274,1776390159000
1776390162.199,162.199,0.02,0.35,0.01,2339.2,0.03,297.07,0.04,534.21,0.97,368.6,0.96,546.21,0.98,38.85,0.99,2332.89,0.01,0.01,2330.60367,1776390160000
1776390166.577,166.577,0.01,2132.22,,,0.03,297.07,0.04,456.21,0.97,297.07,0.96,534.21,0.98,0.35,0.99,2339.2,0.02,0.01,2330.69156,1776390165000
1776390169.008,169.008,0.01,2210.82,,,0.03,158.37,0.04,119.52,0.97,297.07,0.96,456.21,0.99,2132.22,,,0.02,0.02,2330.691552,1776390167000
1776390169.71,169.71,0.02,197.0,0.01,2215.82,0.03,201.56,0.04,119.52,0.97,158.37,0.96,119.52,0.99,2210.82,,,0.01,0.02,2331.035375,1776390168000
1776390170.362,170.362,0.02,197.0,0.01,2220.82,0.03,191.56,0.04,119.52,0.97,201.56,0.96,119.52,0.98,197.0,0.99,2215.82,0.01,0.01,2331.099814,1776390169000
1776390170.989,170.989,0.02,197.0,0.01,2220.82,0.03,179.66,0.04,119.52,0.97,191.56,0.96,119.52,0.98,197.0,0.99,2220.82,0.01,0.01,2331.099814,1776390169000
1776390175.176,175.176,0.02,722.81,0.01,2210.82,0.03,174.35,0.04,119.52,0.97,179.66,0.96,119.52,0.98,197.0,0.99,2220.82,0.01,0.01,2331.59847,1776390173000
1776390177.615,177.615,0.02,35.95,0.01,2554.32,0.03,158.06,0.04,219.52,0.97,174.35,0.96,119.52,0.98,722.81,0.99,2210.82,0.01,0.01,2331.63818,1776390176000
1776390180.448,180.448,0.02,4.89,0.01,1699.32,0.03,401.54,0.04,313.22,0.97,158.06,0.96,219.52,0.98,35.95,0.99,2554.32,0.01,0.01,2331.541488,1776390179000
1776390180.656,180.656,0.01,1694.16,,,0.03,196.06,0.04,391.22,0.97,401.54,0.96,313.22,0.98,4.89,0.99,1699.32,0.02,0.01,2331.541488,1776390179000
1776390180.901,180.901,0.01,1748.05,,,0.03,168.06,0.04,596.7,0.97,196.06,0.96,391.22,0.99,1694.16,,,0.02,0.02,2331.541488,1776390179000
1776390183.509,183.509,0.02,16.31,0.01,1309.55,0.03,28.23,0.04,391.22,0.97,66.06,0.96,601.7,0.98,10.0,0.99,1748.05,0.01,0.01,2331.490698,1776390181000
1776390187.666,187.666,0.02,13.55,0.01,1840.45,0.03,227.03,0.04,213.22,0.97,28.23,0.96,391.22,0.98,16.31,0.99,1309.55,0.01,0.01,2331.506033,1776390185000
1776390189.502,189.502,0.02,10.38,0.01,1845.45,0.03,209.03,0.04,213.22,0.97,227.03,0.96,213.22,0.98,13.55,0.99,1840.45,0.01,0.01,2331.484998,1776390187000
1776390190.95,190.95,0.02,27.57,0.01,2209.05,0.03,91.53,0.04,546.21,0.97,209.03,0.96,213.22,0.98,10.38,0.99,1845.45,0.01,0.01,2331.463678,1776390189000
1776390191.921,191.921,0.02,41.83,0.01,1709.05,0.03,91.53,0.04,611.71,0.97,91.53,0.96,546.21,0.98,27.57,0.99,2209.05,0.01,0.01,2331.490608,1776390190000
1776390192.909,192.909,0.02,36.83,0.01,2009.05,0.03,400.52,0.04,299.72,0.97,91.53,0.96,611.71,0.98,41.83,0.99,1709.05,0.01,0.01,2331.64036,1776390191000
1776390193.942,193.942,0.01,1280.89,,,0.03,400.52,0.04,299.72,0.97,400.52,0.96,299.72,0.98,36.83,0.99,2009.05,0.02,0.01,2331.663609,1776390192000
1776390195.497,195.497,0.02,20.0,0.017,5.0,0.03,32.69,0.031,5.0,0.97,400.52,0.96,299.72,0.99,1280.89,,,0.01,0.02,2331.651327,1776390194000
1776390195.979,195.979,0.03,4.94,0.021,5.0,0.035,5.0,0.036,5.0,0.97,32.69,0.969,5.0,0.98,20.0,0.983,5.0,0.005,0.01,2331.697923,1776390195000
1776390196.438,196.438,0.024,5.0,0.023,5.0,0.035,5.0,0.036,5.0,0.965,5.0,0.964,5.0,0.97,4.94,0.979,5.0,0.011,0.005,2331.697923,1776390195000
1776390205.377,205.377,0.024,5.0,0.023,5.0,0.037,5.0,0.038,5.0,0.965,5.0,0.964,5.0,0.976,5.0,0.977,5.0,0.013,0.011,2332.053914,1776390204000
1776390207.776,207.776,0.022,0.96,0.021,5.0,0.037,5.0,0.038,5.0,0.963,5.0,0.962,5.0,0.976,5.0,0.977,5.0,0.015,0.013,2332.101066,1776390206000
1776390210.269,210.269,0.02,10.0,0.01,1549.49,0.029,1.0,0.03,35.0,0.97,10.0,0.963,5.0,0.982,0.96,0.983,5.0,0.009,0.012,2332.019779,1776390208000
1776390215.485,215.485,0.01,1185.99,0.004,5.0,0.011,50.6,0.029,5.0,0.971,1.0,0.97,35.0,0.98,10.0,0.99,1549.49,0.001,0.009,2332.337685,1776390214000
1776390215.777,215.777,0.02,171.4,0.01,1335.99,0.03,433.52,0.04,249.83,0.989,50.6,0.971,5.0,0.99,1185.99,0.996,5.0,0.01,0.001,2332.337685,1776390214000
1776390216.461,216.461,0.01,1340.99,0.007,5.0,0.03,457.52,0.04,238.83,0.97,433.52,0.96,249.83,0.98,171.4,0.99,1335.99,0.02,0.01,2332.401965,1776390215000
1776390217.194,217.194,0.02,129.93,0.01,1621.72,0.03,126.53,0.04,552.35,0.97,457.52,0.96,238.83,0.99,1340.99,0.993,5.0,0.01,0.02,2332.311737,1776390216000
1776390218.156,218.156,0.029,66.73,0.028,5.0,0.03,126.53,0.04,564.35,0.97,126.53,0.96,552.35,0.98,129.93,0.99,1621.72,0.001,0.01,2332.311737,1776390216000
1776390218.699,218.699,0.029,66.73,0.028,5.0,0.03,61.53,0.04,542.35,0.97,126.53,0.96,564.35,0.971,66.73,0.972,5.0,0.001,0.001,2332.294963,1776390217000
1776390218.918,218.918,0.029,66.73,0.028,5.0,0.04,479.88,0.05,55.0,0.97,41.53,0.96,542.35,0.971,66.73,0.972,5.0,0.011,0.001,2332.294963,1776390217000
1776390222.605,222.605,0.039,64.56,0.038,5.0,0.04,164.36,0.05,458.79,0.96,479.88,0.95,55.0,0.971,66.73,0.972,5.0,0.001,0.011,2332.476471,1776390221000
1776390226.855,226.855,0.02,396.04,0.01,1385.99,0.039,8.28,0.04,164.36,0.961,8.28,0.96,164.36,0.962,5.0,0.963,5.0,0.019,0.001,2332.49665,1776390224000
1776390227.612,227.612,0.02,391.04,0.01,1385.99,0.029,5.0,0.03,370.99,0.961,8.28,0.96,164.36,0.98,396.04,0.99,1385.99,0.009,0.019,2332.467047,1776390225000
1776390228.475,228.475,0.02,385.04,0.01,1022.39,0.029,5.0,0.03,494.69,0.971,5.0,0.97,370.99,0.98,391.04,0.99,1385.99,0.009,0.009,2332.499806,1776390226000
1776390231.454,231.454,0.01,821.37,0.002,200.0,0.011,87.6,0.012,5.0,0.971,5.0,0.97,494.69,0.98,385.04,0.99,1022.39,0.001,0.009,2332.344016,1776390230000
1776390235.507,235.507,0.01,1315.87,0.002,200.0,0.011,65.6,0.012,5.0,0.989,87.6,0.988,5.0,0.99,821.37,0.998,200.0,0.001,0.001,2332.302603,1776390234000
1776390235.751,235.751,0.01,1315.87,0.002,200.0,0.011,15.6,0.012,5.0,0.989,35.6,0.988,5.0,0.99,1315.87,0.998,200.0,0.001,0.001,2332.302603,1776390234000
1776390239.115,239.115,0.01,1634.47,0.002,200.0,0.014,0.6,0.015,5.0,0.989,15.6,0.988,5.0,0.99,1315.87,0.998,200.0,0.004,0.001,2332.398337,1776390237000
1776390241.956,241.956,0.02,497.04,0.014,5.0,0.03,238.71,0.039,8.28,0.97,30.0,0.961,8.28,0.989,5.0,0.99,1193.97,0.01,0.019,2332.673981,1776390240000
1776390242.74,242.74,0.02,491.94,0.016,5.0,0.03,248.71,0.039,8.28,0.97,238.71,0.961,8.28,0.98,497.04,0.986,5.0,0.01,0.01,2332.76075,1776390241000
1776390243.084,243.084,0.02,481.73,0.016,5.0,0.03,248.71,0.039,8.28,0.97,248.71,0.961,8.28,0.98,491.94,0.984,5.0,0.01,0.01,2332.76075,1776390241000
1776390243.745,243.745,0.02,343.19,0.015,5.0,0.03,253.86,0.039,8.28,0.97,248.71,0.961,8.28,0.98,481.73,0.984,5.0,0.01,0.01,2332.7484,1776390242000
1776390244.637,244.637,0.021,5.0,0.02,255.5,0.039,3.43,0.04,97.52,0.97,253.86,0.961,8.28,0.98,343.19,0.985,5.0,0.018,0.01,2332.71584,1776390243000
1776390245.452,245.452,0.03,173.92,0.024,5.0,0.039,3.43,0.04,97.52,0.961,3.43,0.96,97.52,0.979,5.0,0.98,255.5,0.009,0.018,2332.71584,1776390243000
1776390245.929,245.929,0.03,99.92,0.026,5.0,0.039,3.43,0.04,81.52,0.961,3.43,0.96,97.52,0.97,173.92,0.976,5.0,0.009,0.009,2332.83206,1776390244000
1776390251.449,251.449,0.02,8.87,0.019,5.0,0.03,10.0,0.039,3.43,0.961,3.43,0.96,81.52,0.97,99.92,0.974,5.0,0.01,0.009,2333.03755,1776390250000
1776390252.363,252.363,0.031,10.0,0.03,63.0,0.04,22.48,0.05,18.0,0.97,10.0,0.961,3.43,0.98,8.87,0.981,5.0,0.009,0.01,2332.977661,1776390251000
1776390252.738,252.738,0.031,4.9,0.03,97.0,0.04,8.23,0.05,18.0,0.96,8.23,0.95,18.0,0.969,10.0,0.97,63.0,0.009,0.009,2332.977661,1776390251000
1776390256.844,256.844,0.03,42.58,0.02,203.7,0.04,12.49,0.05,244.99,0.96,8.23,0.95,18.0,0.97,91.58,0.98,193.7,0.01,0.01,2333.562937,1776390255000
1776390257.546,257.546,0.03,14.0,0.02,5.0,0.04,279.48,0.05,86.75,0.96,12.49,0.95,244.99,0.97,42.58,0.98,203.7,0.01,0.01,2333.562937,1776390255000
1776390258.01,258.01,0.01,1073.97,0.002,200.0,0.02,15.0,0.03,227.99,0.96,320.48,0.95,86.75,0.97,11.93,0.98,5.0,0.01,0.01,2333.55205,1776390256000
1776390258.296,258.296,0.02,60.0,0.01,1073.97,0.03,244.99,0.04,109.24,0.98,15.0,0.97,227.99,0.99,1073.97,0.998,200.0,0.01,0.01,2333.547627,1776390257000
1776390259.177,259.177,0.01,1058.66,0.002,200.0,0.02,10.0,0.03,270.99,0.97,244.99,0.96,109.24,0.99,1078.86,0.998,200.0,0.01,0.02,2333.547627,1776390257000
1776390259.409,259.409,0.01,1033.66,0.002,200.0,0.02,10.0,0.03,295.99,0.98,10.0,0.97,270.99,0.99,1058.66,0.998,200.0,0.01,0.01,2333.547627,1776390257000
1776390261.707,261.707,0.01,645.06,0.002,200.0,0.02,345.99,0.03,213.7,0.98,10.0,0.97,324.99,0.99,1028.66,0.998,200.0,0.01,0.01,2333.35635,1776390260000
1776390261.985,261.985,0.01,617.06,0.002,200.0,0.02,367.99,0.03,190.7,0.98,367.99,0.97,190.7,0.99,625.06,0.998,200.0,0.01,0.01,2333.35635,1776390260000
1776390262.617,262.617,0.01,601.0,0.002,200.0,0.02,546.69,0.03,216.7,0.98,551.69,0.97,190.7,0.99,606.06,0.998,200.0,0.01,0.01,2333.211122,1776390261000
1776390264.418,264.418,0.01,594.92,0.002,200.0,0.02,546.69,0.03,173.7,0.98,546.69,0.97,216.7,0.99,595.94,0.998,200.0,0.01,0.01,2333.067114,1776390263000
1776390264.653,264.653,0.002,200.0,0.001,445.0,0.01,1935.13,0.02,546.69,0.98,546.69,0.97,178.7,0.99,589.87,0.998,200.0,0.008,0.01,2333.067114,1776390263000
1776390264.871,264.871,0.002,187.97,0.001,445.0,0.009,400.0,0.01,2065.13,0.99,1935.13,0.98,546.69,0.998,200.0,0.999,445.0,0.007,0.008,2333.067114,1776390263000
1776390265.197,265.197,0.002,117.83,0.001,445.0,0.009,392.0,0.01,2097.13,0.991,400.0,0.99,2097.13,0.998,117.83,0.999,445.0,0.007,0.007,2332.942636,1776390264000
1776390265.499,265.499,0.002,117.83,0.001,445.0,0.009,389.03,0.01,2532.93,0.991,392.0,0.99,2097.13,0.998,117.83,0.999,445.0,0.007,0.007,2332.942636,1776390264000
1776390266.046,266.046,0.002,117.83,0.001,445.0,0.009,386.77,0.01,2582.93,0.991,387.92,0.99,2582.93,0.998,117.83,0.999,445.0,0.007,0.007,2332.942636,1776390264000
1776390266.43,266.43,0.002,88.56,0.001,445.0,0.009,386.77,0.01,2450.93,0.991,386.77,0.99,2582.93,0.998,100.27,0.999,445.0,0.007,0.007,2332.931552,1776390265000
1776390266.756,266.756,0.002,83.55,0.001,445.0,0.009,386.77,0.01,2450.93,0.991,386.77,0.99,2450.93,0.998,88.56,0.999,445.0,0.007,0.007,2332.931552,1776390265000
1776390267.267,267.267,0.002,83.55,0.001,445.0,0.009,376.79,0.01,2450.93,0.991,386.77,0.99,2450.93,0.998,83.55,0.999,445.0,0.007,0.007,2332.890666,1776390266000
1776390267.803,267.803,0.001,436.02,,,0.009,376.79,0.01,2440.93,0.991,376.79,0.99,2450.93,0.998,83.55,0.999,445.0,0.008,0.007,2332.890666,1776390266000
1776390268.408,268.408,0.001,426.01,,,0.009,376.79,0.01,2716.92,0.991,376.79,0.99,2440.93,0.999,436.02,,,0.008,0.008,2332.600522,1776390267000
1776390269.124,269.124,0.001,426.01,,,0.009,371.79,0.01,2716.92,0.991,376.79,0.99,2716.92,0.999,426.01,,,0.008,0.008,2332.600522,1776390267000
1776390271.023,271.023,0.001,426.01,,,0.009,421.79,0.01,2867.98,0.991,366.79,0.99,2716.92,0.999,426.01,,,0.008,0.008,2332.537809,1776390269000
1776390271.994,271.994,0.001,423.0,,,0.009,421.79,0.01,2872.98,0.991,421.79,0.99,2867.98,0.999,426.01,,,0.008,0.008,2332.566998,1776390270000
1776390276.518,276.518,0.001,420.99,,,0.009,421.79,0.01,2649.83,0.991,421.79,0.99,2872.98,0.999,423.0,,,0.008,0.008,2332.551465,1776390275000
1776390278.782,278.782,0.001,442.04,,,0.008,199.98,0.009,421.79,0.991,421.79,0.99,2649.83,0.999,420.99,,,0.007,0.008,2332.548507,1776390277000
1776390280.769,280.769,0.001,692.04,,,0.008,194.98,0.009,421.79,0.992,199.98,0.991,421.79,0.999,442.04,,,0.007,0.007,2332.784165,1776390279000
1776390281.108,281.108,0.001,687.03,,,0.008,189.98,0.009,421.79,0.992,189.98,0.991,421.79,0.999,692.04,,,0.007,0.007,2332.784165,1776390279000
1776390281.912,281.912,0.001,682.09,,,0.008,189.98,0.009,421.79,0.992,189.98,0.991,421.79,0.999,687.03,,,0.007,0.007,2332.778524,1776390280000
1776390283.128,283.128,0.001,581.99,,,0.008,189.98,0.009,421.79,0.992,189.98,0.991,421.79,0.999,682.09,,,0.007,0.007,2332.769171,1776390281000
1776390284.308,284.308,0.001,581.99,,,0.008,184.98,0.009,421.79,0.992,189.98,0.991,421.79,0.999,581.99,,,0.007,0.007,2332.758858,1776390283000
1776390285.468,285.468,0.001,576.99,,,0.008,184.98,0.009,421.79,0.992,184.98,0.991,421.79,0.999,581.99,,,0.007,0.007,2332.761986,1776390284000
1776390288.717,288.717,0.001,566.99,,,0.008,184.98,0.009,421.79,0.992,184.98,0.991,421.79,0.999,576.99,,,0.007,0.007,2332.785413,1776390287000
1776390288.972,288.972,0.001,553.11,,,0.008,184.98,0.009,445.79,0.992,184.98,0.991,421.79,0.999,566.99,,,0.007,0.007,2332.785413,1776390287000
1776390289.354,289.354,0.001,426.87,,,0.008,184.98,0.009,445.79,0.992,184.98,0.991,445.79,0.999,553.11,,,0.007,0.007,2332.785413,1776390287000
1776390290.457,290.457,0.001,405.84,,,0.008,184.98,0.009,445.79,0.992,184.98,0.991,445.79,0.999,406.85,,,0.007,0.007,2332.857815,1776390288000
1776390300.902,300.902,,,,,0.001,40729.02,0.009,455.79,0.999,1602.17,0.992,184.98,,,,,,,2332.92717,1776390299000

# RESULT,winner=Down,slug=eth-updown-5m-1776390000,ticks=254
