timestamp,elapsed_sec,up_bid_p1,up_bid_s1,up_bid_p2,up_bid_s2,up_ask_p1,up_ask_s1,up_ask_p2,up_ask_s2,down_bid_p1,down_bid_s1,down_bid_p2,down_bid_s2,down_ask_p1,down_ask_s1,down_ask_p2,down_ask_s2,up_spread,down_spread,eth_price,eth_oracle_ts
1776230411.416,11.416,0.47,15.0,0.46,114.01,0.49,72.0,0.5,20.0,0.51,67.0,0.5,20.0,0.52,15.0,0.53,15.0,0.02,0.01,2330.84478,1776230409000
1776230411.688,11.688,0.47,15.0,0.46,114.01,0.49,72.0,0.5,20.0,0.51,67.0,0.5,20.0,0.52,15.0,0.53,15.0,0.02,0.01,2330.84475,1776230410000
1776230412.444,12.444,0.48,25.0,0.47,27.0,0.49,21.69,0.5,20.0,0.51,21.69,0.5,20.0,0.52,25.0,0.53,27.0,0.01,0.01,2330.84473,1776230411000
1776230413.175,13.175,0.48,25.0,0.47,27.0,0.49,21.69,0.5,20.0,0.51,21.69,0.5,20.0,0.52,25.0,0.53,27.0,0.01,0.01,2330.84532,1776230412000
1776230414.423,14.423,0.48,25.0,0.47,27.0,0.49,21.69,0.5,20.0,0.51,21.69,0.5,20.0,0.52,25.0,0.53,27.0,0.01,0.01,2330.85029,1776230413000
1776230414.7,14.7,0.45,6.52,0.42,8.0,0.47,70.0,0.48,50.0,0.51,21.69,0.5,20.0,0.52,25.0,0.53,27.0,0.02,0.01,2330.85029,1776230413000
1776230414.947,14.947,0.37,15.48,0.36,18.89,0.4,75.0,0.41,10.0,0.6,65.0,0.59,10.0,0.63,15.48,0.64,18.89,0.03,0.03,2330.85029,1776230413000
1776230415.246,15.246,0.37,25.48,0.36,23.89,0.38,5.0,0.39,10.0,0.6,75.0,0.59,10.0,0.63,15.48,0.64,18.89,0.01,0.03,2330.930442,1776230414000
1776230416.182,16.182,0.37,25.48,0.36,31.89,0.38,22.36,0.39,15.0,0.62,5.0,0.61,10.0,0.63,25.48,0.64,23.89,0.01,0.01,2330.930442,1776230414000
1776230416.677,16.677,0.37,25.48,0.36,31.89,0.38,22.36,0.39,15.0,0.62,22.36,0.61,15.0,0.63,25.48,0.64,31.89,0.01,0.01,2330.849885,1776230415000
1776230416.897,16.897,0.32,68.0,0.31,88.0,0.36,80.0,0.37,10.0,0.62,17.36,0.61,175.99,0.66,5.0,0.67,5.0,0.04,0.04,2330.849885,1776230415000
1776230417.35,17.35,0.32,69.95,0.31,98.0,0.33,13.93,0.34,15.0,0.67,10.0,0.66,10.0,0.68,64.95,0.69,93.0,0.01,0.01,2330.849885,1776230415000
1776230417.601,17.601,0.32,64.95,0.31,93.0,0.33,8.93,0.34,15.0,0.67,13.93,0.66,15.0,0.68,69.95,0.69,98.0,0.01,0.01,2330.585518,1776230416000
1776230418.18,18.18,0.32,64.95,0.31,93.0,0.33,1.35,0.34,15.0,0.67,1.35,0.66,15.0,0.68,64.95,0.69,93.0,0.01,0.01,2330.47351,1776230417000
1776230418.441,18.441,0.32,101.95,0.31,104.0,0.33,1.35,0.34,10.0,0.67,1.35,0.66,15.0,0.68,64.95,0.69,93.0,0.01,0.01,2330.47351,1776230417000
1776230419.512,19.512,0.32,106.95,0.31,104.0,0.36,8.04,0.37,10.0,0.67,1.35,0.66,10.0,0.68,101.95,0.69,104.0,0.04,0.01,2330.47351,1776230417000
1776230420.392,20.392,0.32,71.95,0.31,93.0,0.33,10.0,0.34,10.0,0.67,10.0,0.66,10.0,0.68,71.95,0.69,93.0,0.01,0.01,2330.194355,1776230419000
1776230421.241,21.241,0.32,102.53,0.31,104.0,0.33,10.0,0.34,15.0,0.67,10.0,0.66,15.0,0.68,102.53,0.69,104.0,0.01,0.01,2330.200464,1776230420000
1776230421.605,21.605,0.32,92.53,0.31,101.0,0.33,1.18,0.34,15.0,0.67,1.18,0.66,15.0,0.68,102.53,0.69,96.0,0.01,0.01,2330.200464,1776230420000
1776230422.663,22.663,0.32,92.53,0.31,101.0,0.33,1.18,0.34,15.0,0.67,1.18,0.66,15.0,0.68,92.53,0.69,101.0,0.01,0.01,2330.277159,1776230421000
1776230423.007,23.007,0.32,36.5,0.31,31.0,0.33,6.18,0.34,15.0,0.67,1.18,0.66,15.0,0.68,92.53,0.69,101.0,0.01,0.01,2330.277159,1776230421000
1776230423.383,23.383,0.32,36.5,0.31,31.0,0.33,6.18,0.34,15.0,0.67,6.18,0.66,15.0,0.68,36.5,0.69,31.0,0.01,0.01,2330.189903,1776230422000
1776230423.594,23.594,0.32,33.0,0.31,31.0,0.33,6.18,0.34,15.0,0.67,6.18,0.66,15.0,0.68,36.5,0.69,31.0,0.01,0.01,2330.189903,1776230422000
1776230424.009,24.009,0.32,33.0,0.31,31.0,0.33,6.18,0.34,15.0,0.67,6.18,0.66,15.0,0.68,33.0,0.69,31.0,0.01,0.01,2330.18739,1776230423000
1776230424.3,24.3,0.3,18.42,0.29,16.0,0.31,10.0,0.32,70.0,0.67,76.18,0.66,23.0,0.69,12.0,0.7,20.0,0.01,0.02,2330.18739,1776230423000
1776230424.506,24.506,0.29,13.93,0.28,16.0,0.31,50.0,0.32,60.0,0.69,10.0,0.68,70.0,0.7,18.42,0.71,16.0,0.02,0.01,2330.18739,1776230423000
1776230425.411,25.411,0.29,13.93,0.28,16.0,0.31,50.0,0.32,60.0,0.69,50.0,0.68,60.0,0.71,13.93,0.72,16.0,0.02,0.02,2330.16486,1776230424000
1776230426.381,26.381,0.29,43.0,0.28,16.0,0.3,39.66,0.31,45.0,0.7,50.0,0.69,45.0,0.71,33.0,0.72,26.0,0.01,0.01,2330.16486,1776230424000
1776230427.201,27.201,0.29,43.0,0.28,16.0,0.3,39.66,0.31,45.0,0.7,39.66,0.69,45.0,0.71,43.0,0.72,16.0,0.01,0.01,2330.093393,1776230426000
1776230427.586,27.586,0.29,53.0,0.28,41.0,0.3,15.0,0.31,20.0,0.7,39.66,0.69,45.0,0.71,43.0,0.72,16.0,0.01,0.01,2330.093393,1776230426000
1776230428.33,28.33,0.29,53.0,0.28,41.0,0.3,15.0,0.31,20.0,0.7,15.0,0.69,20.0,0.71,53.0,0.72,41.0,0.01,0.01,2330.17588,1776230427000
1776230429.203,29.203,0.29,53.0,0.28,41.0,0.3,15.0,0.31,20.0,0.7,15.0,0.69,20.0,0.71,53.0,0.72,41.0,0.01,0.01,2330.24337,1776230428000
1776230429.598,29.598,0.29,54.0,0.28,41.0,0.3,5.0,0.31,30.0,0.7,15.0,0.69,20.0,0.71,53.0,0.72,41.0,0.01,0.01,2330.24337,1776230428000
1776230430.516,30.516,0.29,49.0,0.28,41.0,0.3,5.0,0.31,30.0,0.7,5.0,0.69,30.0,0.71,49.0,0.72,41.0,0.01,0.01,2330.205051,1776230429000
1776230430.839,30.839,0.29,49.07,0.28,41.0,0.3,5.0,0.31,30.0,0.7,5.0,0.69,30.0,0.71,49.0,0.72,41.0,0.01,0.01,2330.205051,1776230429000
1776230431.137,31.137,0.29,49.07,0.28,41.0,0.3,5.0,0.31,30.0,0.7,5.0,0.69,30.0,0.71,49.07,0.72,41.0,0.01,0.01,2330.103695,1776230430000
1776230431.452,31.452,0.3,76.0,0.29,43.07,0.35,8.5,0.36,55.0,0.7,5.0,0.69,30.0,0.71,49.07,0.72,41.0,0.05,0.01,2330.103695,1776230430000
1776230432.16,32.16,0.34,72.0,0.33,42.0,0.35,3.8,0.36,55.0,0.65,13.5,0.64,55.0,0.66,52.0,0.67,15.0,0.01,0.01,2330.103695,1776230430000
1776230432.395,32.395,0.34,72.0,0.33,42.0,0.35,3.8,0.36,55.0,0.65,3.8,0.64,55.0,0.66,72.0,0.67,42.0,0.01,0.01,2330.106215,1776230431000
1776230433.027,33.027,0.34,72.0,0.33,42.0,0.35,3.8,0.36,55.0,0.65,3.8,0.64,55.0,0.66,72.0,0.67,42.0,0.01,0.01,2330.106215,1776230432000
1776230433.584,33.584,0.35,12.0,0.34,57.0,0.36,70.0,0.37,15.0,0.65,3.8,0.64,55.0,0.66,72.0,0.67,42.0,0.01,0.01,2330.106215,1776230432000
1776230434.313,34.313,0.35,12.0,0.34,57.0,0.36,70.0,0.37,15.0,0.64,70.0,0.63,15.0,0.65,12.0,0.66,57.0,0.01,0.01,2330.200425,1776230433000
1776230435.048,35.048,0.35,12.0,0.34,57.0,0.36,70.0,0.37,15.0,0.64,70.0,0.63,15.0,0.65,12.0,0.66,57.0,0.01,0.01,2330.200425,1776230434000
1776230435.593,35.593,0.31,95.0,0.3,105.0,0.33,61.0,0.34,25.0,0.64,70.0,0.63,15.0,0.65,12.0,0.66,57.0,0.02,0.01,2330.200425,1776230434000
1776230436.001,36.001,0.31,95.0,0.3,110.0,0.32,60.84,0.33,35.0,0.67,61.0,0.66,25.0,0.69,95.0,0.7,105.0,0.01,0.02,2330.200425,1776230434000
1776230436.421,36.421,0.31,95.0,0.3,110.0,0.32,60.84,0.33,35.0,0.68,60.84,0.67,35.0,0.69,95.0,0.7,110.0,0.01,0.01,2330.153152,1776230435000
1776230437.621,37.621,0.31,95.0,0.3,110.0,0.32,60.84,0.33,35.0,0.68,60.84,0.67,35.0,0.69,95.0,0.7,110.0,0.01,0.01,2330.128515,1776230436000
1776230438.204,38.204,0.31,95.0,0.3,110.0,0.32,60.84,0.33,35.0,0.68,60.84,0.67,35.0,0.69,95.0,0.7,110.0,0.01,0.01,2330.140607,1776230437000
1776230438.579,38.579,0.31,85.0,0.3,100.0,0.32,62.71,0.33,25.0,0.68,60.84,0.67,35.0,0.69,95.0,0.7,110.0,0.01,0.01,2330.140607,1776230437000
1776230439.457,39.457,0.31,85.0,0.3,100.0,0.32,62.71,0.33,25.0,0.68,62.71,0.67,25.0,0.69,85.0,0.7,100.0,0.01,0.01,2330.179475,1776230438000
1776230440.182,40.182,0.31,85.0,0.3,100.0,0.32,62.71,0.33,25.0,0.68,62.71,0.67,25.0,0.69,85.0,0.7,100.0,0.01,0.01,2330.102335,1776230439000
1776230440.728,40.728,0.31,82.62,0.3,85.0,0.32,72.71,0.33,25.0,0.68,62.71,0.67,25.0,0.69,85.0,0.7,100.0,0.01,0.01,2330.102335,1776230439000
1776230441.421,41.421,0.31,82.62,0.3,85.0,0.32,72.71,0.33,25.0,0.68,72.71,0.67,25.0,0.69,82.62,0.7,85.0,0.01,0.01,2330.094055,1776230440000
1776230441.805,41.805,0.31,138.62,0.3,103.0,0.33,5.0,0.35,5.0,0.68,72.71,0.67,25.0,0.69,82.62,0.7,85.0,0.02,0.01,2330.094055,1776230440000
1776230442.264,42.264,0.32,22.0,0.31,14.62,0.33,60.0,0.34,90.0,0.67,10.0,0.65,15.0,0.68,40.0,0.69,128.62,0.01,0.01,2330.09402,1776230441000
1776230442.494,42.494,0.3,5.0,0.29,21.0,0.32,90.0,0.33,65.0,0.67,60.0,0.66,90.0,0.68,22.0,0.69,14.62,0.02,0.01,2330.09402,1776230441000
1776230443.338,43.338,0.3,0.58,0.29,21.0,0.31,45.0,0.32,55.0,0.69,45.0,0.68,55.0,0.7,0.58,0.71,21.0,0.01,0.01,2330.089465,1776230442000
1776230443.892,43.892,0.3,0.58,0.29,21.0,0.31,45.0,0.32,55.0,0.69,45.0,0.68,55.0,0.7,0.58,0.71,21.0,0.01,0.01,2330.10302,1776230443000
1776230445.277,45.277,0.3,0.58,0.29,21.0,0.31,45.0,0.32,55.0,0.69,45.0,0.68,55.0,0.7,0.58,0.71,21.0,0.01,0.01,2330.121499,1776230444000
1776230445.565,45.565,0.27,25.84,0.26,97.0,0.29,90.0,0.3,50.0,0.69,45.0,0.68,55.0,0.7,0.58,0.71,21.0,0.02,0.01,2330.121499,1776230444000
1776230446.264,46.264,0.27,24.3,0.26,102.0,0.28,50.0,0.29,55.0,0.72,50.0,0.71,55.0,0.73,24.3,0.74,102.0,0.01,0.01,2329.996033,1776230445000
1776230447.112,47.112,0.26,52.62,0.25,155.0,0.28,52.25,0.29,60.0,0.72,52.25,0.71,60.0,0.73,8.3,0.74,107.0,0.02,0.01,2329.996033,1776230445000
1776230448.2,48.2,0.26,52.62,0.25,155.0,0.28,52.25,0.29,60.0,0.72,52.25,0.71,60.0,0.74,52.62,0.75,155.0,0.02,0.02,2330.035063,1776230447000
1776230449.225,49.225,0.26,52.62,0.25,155.0,0.28,52.25,0.29,60.0,0.72,52.25,0.71,60.0,0.74,52.62,0.75,155.0,0.02,0.02,2329.98335,1776230448000
1776230449.546,49.546,0.26,50.86,0.25,127.2,0.27,73.0,0.28,47.25,0.72,52.25,0.71,60.0,0.74,52.62,0.75,155.0,0.01,0.02,2329.98335,1776230448000
1776230450.187,50.187,0.26,50.86,0.25,127.2,0.27,73.0,0.28,47.25,0.73,73.0,0.72,47.25,0.74,50.86,0.75,127.2,0.01,0.01,2330.035422,1776230449000
1776230451.15,51.15,0.26,50.86,0.25,127.2,0.27,73.0,0.28,47.25,0.73,73.0,0.72,47.25,0.74,50.86,0.75,127.2,0.01,0.01,2329.964687,1776230450000
1776230452.184,52.184,0.26,54.5,0.25,127.2,0.27,48.0,0.28,25.0,0.73,48.0,0.72,25.0,0.74,54.5,0.75,127.2,0.01,0.01,2330.09813,1776230451000
1776230453.137,53.137,0.26,54.5,0.25,127.2,0.27,48.0,0.28,25.0,0.73,48.0,0.72,25.0,0.74,54.5,0.75,127.2,0.01,0.01,2329.94865,1776230452000
1776230453.67,53.67,0.26,27.44,0.25,127.2,0.27,129.0,0.28,25.0,0.73,48.0,0.72,25.0,0.74,54.5,0.75,127.2,0.01,0.01,2329.94865,1776230452000
1776230454.16,54.16,0.26,27.44,0.25,127.2,0.27,129.0,0.28,25.0,0.73,129.0,0.72,25.0,0.74,27.44,0.75,127.2,0.01,0.01,2330.10502,1776230453000
1776230454.648,54.648,0.26,24.44,0.25,127.2,0.27,119.0,0.28,25.0,0.73,129.0,0.72,25.0,0.74,27.44,0.75,127.2,0.01,0.01,2330.10502,1776230453000
1776230455.697,55.697,0.26,24.44,0.25,127.2,0.27,119.0,0.28,25.0,0.73,119.0,0.72,25.0,0.74,24.44,0.75,127.2,0.01,0.01,2329.94865,1776230454000
1776230456.163,56.163,0.26,24.44,0.25,127.2,0.27,119.0,0.28,25.0,0.73,119.0,0.72,25.0,0.74,24.44,0.75,127.2,0.01,0.01,2329.94865,1776230455000
1776230457.124,57.124,0.26,24.44,0.25,127.2,0.27,119.0,0.28,25.0,0.73,119.0,0.72,25.0,0.74,24.44,0.75,127.2,0.01,0.01,2330.034242,1776230456000
1776230458.184,58.184,0.26,24.44,0.25,127.2,0.27,119.0,0.28,25.0,0.73,119.0,0.72,25.0,0.74,24.44,0.75,127.2,0.01,0.01,2330.05794,1776230457000
1776230459.123,59.123,0.26,24.44,0.25,127.2,0.27,119.0,0.28,25.0,0.73,119.0,0.72,25.0,0.74,24.44,0.75,127.2,0.01,0.01,2329.958662,1776230458000
1776230460.189,60.189,0.26,24.44,0.25,127.2,0.27,119.0,0.28,25.0,0.73,119.0,0.72,25.0,0.74,24.44,0.75,127.2,0.01,0.01,2329.9932,1776230459000
1776230460.531,60.531,0.26,54.67,0.25,117.2,0.27,50.0,0.28,25.0,0.73,119.0,0.72,25.0,0.74,24.44,0.75,127.2,0.01,0.01,2329.9932,1776230459000
1776230461.101,61.101,0.26,49.33,0.25,117.2,0.27,45.0,0.28,25.0,0.73,45.0,0.72,25.0,0.74,49.33,0.75,117.2,0.01,0.01,2330.031143,1776230460000
1776230461.359,61.359,0.26,13.7,0.23,10.0,0.27,132.0,0.28,168.0,0.73,45.0,0.72,25.0,0.74,49.33,0.75,117.2,0.01,0.01,2330.031143,1776230460000
1776230461.668,61.668,0.21,56.18,0.2,90.05,0.22,91.54,0.23,15.0,0.78,10.0,0.77,16.49,0.79,20.18,0.8,85.0,0.01,0.01,2330.031143,1776230460000
1776230461.951,61.951,0.21,51.18,0.2,90.05,0.22,33.85,0.23,20.0,0.78,91.54,0.77,15.0,0.79,56.18,0.8,90.05,0.01,0.01,2330.031143,1776230460000
1776230462.417,62.417,0.21,92.18,0.2,114.05,0.22,38.85,0.23,10.0,0.78,33.85,0.77,20.0,0.79,51.18,0.8,90.05,0.01,0.01,2329.9932,1776230461000
1776230463.105,63.105,0.21,92.18,0.2,114.05,0.22,38.85,0.23,10.0,0.78,38.85,0.77,10.0,0.79,92.18,0.8,114.05,0.01,0.01,2329.813736,1776230462000
1776230464.063,64.063,0.21,92.18,0.2,114.05,0.22,38.85,0.23,10.0,0.78,38.85,0.77,10.0,0.79,92.18,0.8,114.05,0.01,0.01,2329.70444,1776230463000
1776230464.297,64.297,0.23,58.54,0.22,49.0,0.24,10.0,0.25,30.0,0.78,38.85,0.77,10.0,0.79,92.18,0.8,114.05,0.01,0.01,2329.70444,1776230463000
1776230464.597,64.597,0.22,35.62,0.21,52.18,0.24,20.0,0.25,30.0,0.76,20.0,0.75,30.0,0.77,25.08,0.78,49.0,0.02,0.01,2329.70444,1776230463000
1776230465.083,65.083,0.22,35.62,0.21,52.18,0.24,20.0,0.25,30.0,0.76,20.0,0.75,30.0,0.78,35.62,0.79,52.18,0.02,0.02,2329.70649,1776230464000
1776230466.031,66.031,0.22,35.62,0.21,52.18,0.24,20.0,0.25,30.0,0.76,20.0,0.75,30.0,0.78,35.62,0.79,52.18,0.02,0.02,2329.714085,1776230465000
1776230466.257,66.257,0.23,107.0,0.22,273.62,0.24,4.71,0.25,15.0,0.76,41.71,0.75,15.0,0.77,107.0,0.78,273.62,0.01,0.01,2329.714085,1776230465000
1776230466.674,66.674,0.24,109.34,0.23,106.0,0.25,11.1,0.27,27.4,0.75,1.1,0.73,32.4,0.76,15.0,0.77,182.0,0.01,0.01,2329.714085,1776230465000
1776230466.969,66.969,0.24,109.34,0.23,106.0,0.25,11.1,0.27,27.4,0.75,11.1,0.73,27.4,0.76,109.34,0.77,106.0,0.01,0.01,2329.714665,1776230466000
1776230467.586,67.586,0.24,116.34,0.23,133.3,0.25,1.94,0.27,27.4,0.75,11.1,0.73,27.4,0.76,109.34,0.77,106.0,0.01,0.01,2329.714665,1776230466000
1776230467.967,67.967,0.26,100.0,0.25,45.0,0.27,33.88,0.28,5.0,0.75,1.94,0.73,27.4,0.76,116.34,0.77,133.3,0.01,0.01,2329.714665,1776230466000
1776230468.182,68.182,0.26,95.0,0.25,45.0,0.27,30.88,0.28,5.0,0.73,33.88,0.72,5.0,0.74,100.0,0.75,45.0,0.01,0.01,2329.714665,1776230466000
1776230468.429,68.429,0.26,95.0,0.25,45.0,0.27,30.88,0.28,5.0,0.73,30.88,0.72,5.0,0.74,95.0,0.75,45.0,0.01,0.01,2329.86343,1776230467000
1776230469.024,69.024,0.26,100.0,0.25,64.2,0.27,25.32,0.28,15.0,0.73,25.32,0.72,15.0,0.74,100.0,0.75,64.2,0.01,0.01,2330.08109,1776230468000
1776230470.011,70.011,0.26,100.0,0.25,64.2,0.27,25.32,0.28,15.0,0.73,25.32,0.72,15.0,0.74,100.0,0.75,64.2,0.01,0.01,2330.027465,1776230469000
1776230471.122,71.122,0.26,100.0,0.25,64.2,0.27,25.32,0.28,15.0,0.73,25.32,0.72,15.0,0.74,100.0,0.75,64.2,0.01,0.01,2330.046025,1776230470000
1776230472.171,72.171,0.26,100.0,0.25,64.2,0.27,25.32,0.28,15.0,0.73,25.32,0.72,15.0,0.74,100.0,0.75,64.2,0.01,0.01,2330.090508,1776230471000
1776230472.658,72.658,0.26,99.7,0.25,64.2,0.27,10.32,0.28,5.0,0.73,25.32,0.72,15.0,0.74,100.0,0.75,64.2,0.01,0.01,2330.090508,1776230471000
1776230473.19,73.19,0.26,99.7,0.25,64.2,0.27,10.32,0.28,5.0,0.73,10.32,0.72,5.0,0.74,99.7,0.75,64.2,0.01,0.01,2330.03887,1776230472000
1776230473.567,73.567,0.26,104.7,0.25,64.2,0.27,6.57,0.28,15.0,0.73,10.32,0.72,5.0,0.74,99.7,0.75,64.2,0.01,0.01,2330.03887,1776230472000
1776230474.327,74.327,0.26,104.7,0.25,64.2,0.27,6.57,0.28,15.0,0.73,6.57,0.72,15.0,0.74,104.7,0.75,64.2,0.01,0.01,2330.107874,1776230473000
1776230475.359,75.359,0.26,104.7,0.25,64.2,0.27,6.57,0.28,15.0,0.73,6.57,0.72,15.0,0.74,104.7,0.75,64.2,0.01,0.01,2330.049715,1776230474000
1776230475.676,75.676,0.26,104.7,0.25,64.2,0.3,25.0,0.31,15.0,0.73,6.57,0.72,15.0,0.74,104.7,0.75,64.2,0.04,0.01,2330.049715,1776230474000
1776230475.932,75.932,0.26,104.7,0.25,64.2,0.3,25.0,0.31,15.0,0.7,25.0,0.69,15.0,0.74,104.7,0.75,64.2,0.04,0.04,2330.049715,1776230475000
1776230476.823,76.823,0.29,87.0,0.28,47.0,0.34,5.0,0.35,5.0,0.7,25.0,0.69,15.0,0.74,104.7,0.75,64.2,0.05,0.04,2330.049715,1776230475000
1776230477.753,77.753,0.31,29.0,0.3,31.0,0.32,7.43,0.33,30.0,0.66,9.9,0.65,1.25,0.67,10.0,0.68,15.0,0.01,0.01,2330.04525,1776230476000
1776230478.036,78.036,0.31,29.0,0.3,31.0,0.32,7.43,0.33,30.0,0.68,7.43,0.67,30.0,0.69,29.0,0.7,31.0,0.01,0.01,2330.045195,1776230477000
1776230478.343,78.343,0.29,39.5,0.28,32.89,0.31,106.0,0.32,30.0,0.68,7.43,0.67,30.0,0.69,29.0,0.7,31.0,0.02,0.01,2330.045195,1776230477000
1776230479.249,79.249,0.29,39.5,0.28,49.89,0.31,72.68,0.32,30.0,0.69,72.68,0.68,30.0,0.71,39.5,0.72,49.89,0.02,0.02,2330.255275,1776230478000
1776230480.226,80.226,0.29,39.5,0.28,49.89,0.31,72.68,0.32,30.0,0.69,72.68,0.68,30.0,0.71,39.5,0.72,49.89,0.02,0.02,2330.353648,1776230479000
1776230480.956,80.956,0.28,22.89,0.27,29.3,0.31,174.0,0.32,90.0,0.69,72.68,0.68,30.0,0.71,39.5,0.72,49.89,0.03,0.02,2330.353648,1776230479000
1776230481.294,81.294,0.28,22.89,0.27,29.3,0.31,174.0,0.32,90.0,0.69,174.0,0.68,90.0,0.72,22.89,0.73,29.3,0.03,0.03,2330.22866,1776230480000
1776230481.825,81.825,0.28,12.75,0.27,29.3,0.29,131.0,0.3,95.0,0.71,126.0,0.7,95.0,0.72,17.82,0.73,29.3,0.01,0.01,2330.22866,1776230480000
1776230482.159,82.159,0.28,10.94,0.27,29.3,0.29,126.0,0.3,95.0,0.71,126.0,0.7,95.0,0.72,10.94,0.73,29.3,0.01,0.01,2330.233345,1776230481000
1776230482.367,82.367,0.23,5.0,0.22,5.0,0.27,10.0,0.29,235.99,0.71,237.99,0.7,179.93,0.75,5.16,0.77,5.0,0.04,0.04,2330.233345,1776230481000
1776230483.06,83.06,0.22,4.9,0.21,34.7,0.24,15.0,0.25,20.0,0.76,15.0,0.75,20.0,0.78,4.9,0.79,34.7,0.02,0.02,2330.10255,1776230482000
1776230483.797,83.797,0.21,47.25,0.2,59.5,0.22,115.54,0.23,25.0,0.78,120.54,0.77,30.0,0.79,39.7,0.8,59.5,0.01,0.01,2330.10255,1776230482000
1776230484.52,84.52,0.21,47.25,0.2,59.5,0.22,115.54,0.23,25.0,0.78,115.54,0.77,25.0,0.79,47.25,0.8,59.5,0.01,0.01,2330.01295,1776230483000
1776230484.998,84.998,0.21,47.25,0.2,59.5,0.22,115.54,0.23,25.0,0.78,115.54,0.77,25.0,0.79,47.25,0.8,59.5,0.01,0.01,2329.953456,1776230484000
1776230486.099,86.099,0.21,47.25,0.2,59.5,0.22,115.54,0.23,25.0,0.78,115.54,0.77,25.0,0.79,47.25,0.8,59.5,0.01,0.01,2329.830527,1776230485000
1776230487.126,87.126,0.21,47.25,0.2,59.5,0.22,115.54,0.23,25.0,0.78,115.54,0.77,25.0,0.79,47.25,0.8,59.5,0.01,0.01,2329.97127,1776230486000
1776230488.254,88.254,0.21,47.25,0.2,59.5,0.22,115.54,0.23,25.0,0.78,115.54,0.77,25.0,0.79,47.25,0.8,59.5,0.01,0.01,2329.857959,1776230487000
1776230488.817,88.817,0.21,47.25,0.2,59.5,0.22,115.54,0.23,25.0,0.78,115.54,0.77,25.0,0.79,47.25,0.8,59.5,0.01,0.01,2329.850807,1776230488000
1776230489.935,89.935,0.21,47.25,0.2,59.5,0.22,115.54,0.23,25.0,0.78,115.54,0.77,25.0,0.79,47.25,0.8,59.5,0.01,0.01,2329.850005,1776230489000
1776230490.487,90.487,0.2,19.0,0.15,17.0,0.21,170.0,0.22,202.93,0.78,115.54,0.77,25.0,0.79,47.25,0.8,59.5,0.01,0.01,2329.850005,1776230489000
1776230490.853,90.853,0.11,42.59,0.1,121.0,0.12,10.0,0.13,45.74,0.88,10.0,0.87,45.74,0.89,42.59,0.9,121.0,0.01,0.01,2330.000105,1776230490000
1776230491.132,91.132,0.11,54.51,0.1,51.0,0.12,9.98,0.13,15.0,0.88,10.0,0.87,15.0,0.89,54.51,0.9,51.0,0.01,0.01,2330.000105,1776230490000
1776230491.389,91.389,0.11,73.51,0.1,102.0,0.13,18.84,0.14,11.19,0.86,6.19,0.85,42.0,0.89,70.69,0.9,56.0,0.02,0.03,2330.000105,1776230490000
1776230492.417,92.417,0.11,16.18,0.1,11.0,0.12,201.0,0.13,190.84,0.88,10.0,0.87,13.84,0.89,176.51,0.9,127.0,0.01,0.01,2330.000105,1776230490000
1776230492.981,92.981,0.08,53.9,0.07,10.0,0.09,15.49,0.1,110.0,0.91,15.49,0.9,110.0,0.92,53.9,0.93,10.0,0.01,0.01,2329.242793,1776230492000
1776230493.204,93.204,0.07,82.42,0.06,146.8,0.09,18.54,0.1,22.0,0.91,15.49,0.9,110.0,0.92,53.9,0.93,10.0,0.02,0.01,2329.242793,1776230492000
1776230494.109,94.109,0.07,82.42,0.06,146.8,0.09,18.54,0.1,22.0,0.91,18.54,0.9,22.0,0.93,82.42,0.94,146.8,0.02,0.02,2329.1095,1776230493000
1776230494.422,94.422,0.07,102.7,0.06,5.0,0.08,192.0,0.09,371.06,0.92,192.0,0.91,127.0,0.93,110.46,0.94,5.0,0.01,0.01,2329.1095,1776230493000
1776230494.71,94.71,0.04,161.3,0.03,488.7,0.07,303.06,0.08,207.0,0.92,192.0,0.91,371.06,0.93,102.7,0.94,5.0,0.03,0.01,2329.1095,1776230493000
1776230495.281,95.281,0.05,44.9,0.04,270.3,0.06,115.0,0.07,303.06,0.94,115.0,0.93,303.06,0.95,44.9,0.96,270.3,0.01,0.01,2328.714115,1776230494000
1776230495.641,95.641,0.04,171.55,0.03,518.7,0.05,5.0,0.06,93.0,0.94,93.0,0.93,99.0,0.96,166.55,0.97,488.7,0.01,0.02,2328.714115,1776230494000
1776230495.894,95.894,0.04,276.55,0.03,673.7,0.06,41.83,0.07,62.0,0.95,5.0,0.94,93.0,0.96,171.55,0.97,518.7,0.02,0.01,2328.714115,1776230494000
1776230496.305,96.305,0.05,40.0,0.04,176.55,0.07,35.0,0.08,79.93,0.94,21.83,0.93,62.0,0.96,194.55,0.97,583.7,0.02,0.02,2328.714115,1776230494000
1776230496.515,96.515,0.05,69.47,0.04,176.55,0.07,43.83,0.08,107.91,0.93,43.83,0.92,107.91,0.95,69.47,0.96,176.55,0.02,0.02,2328.391406,1776230495000
1776230496.953,96.953,0.05,49.47,0.04,151.3,0.06,12.0,0.07,40.0,0.93,43.83,0.92,107.91,0.95,69.47,0.96,176.55,0.01,0.02,2328.391406,1776230495000
1776230497.155,97.155,0.05,49.47,0.04,151.3,0.06,12.0,0.07,40.0,0.94,12.0,0.93,40.0,0.95,49.47,0.96,151.3,0.01,0.01,2327.743584,1776230496000
1776230497.379,97.379,0.05,66.47,0.04,283.3,0.06,12.0,0.07,40.0,0.94,12.0,0.93,40.0,0.95,49.47,0.96,151.3,0.01,0.01,2327.743584,1776230496000
1776230497.878,97.878,0.05,46.69,0.04,151.3,0.06,64.0,0.07,85.0,0.94,12.0,0.93,70.0,0.95,48.8,0.96,283.3,0.01,0.01,2327.743584,1776230496000
1776230498.261,98.261,0.05,5.0,0.04,146.3,0.06,85.0,0.07,212.99,0.94,64.0,0.93,85.0,0.95,46.69,0.96,151.3,0.01,0.01,2327.743584,1776230496000
1776230498.864,98.864,0.04,156.55,0.03,555.7,0.06,9.66,0.07,177.99,0.94,85.0,0.93,212.99,0.95,5.0,0.96,146.3,0.02,0.01,2327.790875,1776230497000
1776230499.722,99.722,0.04,315.25,0.03,591.7,0.07,52.56,0.08,149.99,0.94,9.66,0.93,177.99,0.96,156.55,0.97,555.7,0.03,0.02,2327.821987,1776230498000
1776230500.012,100.012,0.04,304.31,0.03,591.7,0.07,77.56,0.08,160.88,0.93,52.56,0.92,149.99,0.96,315.25,0.97,591.7,0.03,0.03,2327.757675,1776230499000
1776230501.054,101.054,0.04,304.31,0.03,591.7,0.07,77.56,0.08,160.88,0.93,77.56,0.92,160.88,0.96,304.31,0.97,591.7,0.03,0.03,2327.70919,1776230500000
1776230502.208,102.208,0.04,304.31,0.03,591.7,0.07,77.56,0.08,160.88,0.93,77.56,0.92,160.88,0.96,304.31,0.97,591.7,0.03,0.03,2327.715855,1776230501000
1776230502.474,102.474,0.05,90.0,0.04,190.61,0.07,28.98,0.08,141.99,0.93,77.56,0.92,160.88,0.96,304.31,0.97,591.7,0.02,0.03,2327.715855,1776230501000
1776230502.763,102.763,0.05,85.0,0.04,190.61,0.07,32.69,0.08,141.99,0.93,28.98,0.92,141.99,0.95,90.0,0.96,190.61,0.02,0.02,2327.715855,1776230501000
1776230503.113,103.113,0.05,90.0,0.04,195.61,0.08,29.09,0.09,123.0,0.93,32.69,0.92,141.99,0.95,85.0,0.96,190.61,0.03,0.02,2327.715855,1776230501000
1776230503.947,103.947,0.06,30.0,0.05,35.0,0.08,64.98,0.09,123.0,0.92,29.09,0.91,123.0,0.95,90.0,0.96,195.61,0.02,0.03,2327.864405,1776230502000
1776230504.336,104.336,0.06,30.0,0.05,35.0,0.08,64.98,0.09,123.0,0.92,64.98,0.91,123.0,0.94,30.0,0.95,35.0,0.02,0.02,2327.88469,1776230503000
1776230504.884,104.884,0.06,30.0,0.05,35.0,0.08,64.98,0.09,123.0,0.92,64.98,0.91,123.0,0.94,30.0,0.95,35.0,0.02,0.02,2327.89088,1776230504000
1776230506.095,106.095,0.06,30.0,0.05,35.0,0.08,64.98,0.09,123.0,0.92,64.98,0.91,123.0,0.94,30.0,0.95,35.0,0.02,0.02,2327.99671,1776230505000
1776230507.134,107.134,0.06,29.4,0.05,127.8,0.08,30.0,0.09,103.83,0.92,64.98,0.91,123.0,0.94,30.0,0.95,35.0,0.02,0.02,2327.99671,1776230505000
1776230507.339,107.339,0.06,9.4,0.05,110.8,0.07,15.0,0.08,74.46,0.92,30.0,0.91,103.83,0.94,29.4,0.95,127.8,0.01,0.02,2328.064795,1776230506000
1776230508.365,108.365,0.06,9.4,0.05,110.8,0.07,15.0,0.08,74.46,0.93,15.0,0.92,74.46,0.94,9.4,0.95,110.8,0.01,0.01,2328.04008,1776230507000
1776230508.618,108.618,0.05,30.2,0.04,110.36,0.06,11.0,0.07,31.73,0.93,15.0,0.92,74.46,0.94,9.4,0.95,110.8,0.01,0.01,2328.04008,1776230507000
1776230508.887,108.887,0.05,30.2,0.04,110.36,0.06,11.0,0.07,31.73,0.94,11.0,0.93,31.73,0.95,30.2,0.96,110.36,0.01,0.01,2328.04008,1776230508000
1776230510.027,110.027,0.05,30.2,0.04,110.36,0.06,11.0,0.07,31.73,0.94,11.0,0.93,31.73,0.95,30.2,0.96,110.36,0.01,0.01,2327.981185,1776230509000
1776230511.027,111.027,0.05,30.2,0.04,110.36,0.06,11.0,0.07,31.73,0.94,11.0,0.93,31.73,0.95,30.2,0.96,110.36,0.01,0.01,2327.77963,1776230510000
1776230512.39,112.39,0.05,30.2,0.04,110.36,0.06,11.0,0.07,31.73,0.94,11.0,0.93,31.73,0.95,30.2,0.96,110.36,0.01,0.01,2327.67501,1776230511000
1776230512.934,112.934,0.05,30.2,0.04,110.36,0.06,11.0,0.07,31.73,0.94,11.0,0.93,31.73,0.95,30.2,0.96,110.36,0.01,0.01,2327.6819,1776230512000
1776230514.206,114.206,0.05,30.2,0.04,110.36,0.06,11.0,0.07,31.73,0.94,11.0,0.93,31.73,0.95,30.2,0.96,110.36,0.01,0.01,2327.71264,1776230513000
1776230515.536,115.536,0.05,30.2,0.04,110.36,0.06,11.0,0.07,31.73,0.94,11.0,0.93,31.73,0.95,30.2,0.96,110.36,0.01,0.01,2327.74921,1776230514000
1776230516.032,116.032,0.05,30.2,0.04,110.36,0.06,11.0,0.07,31.73,0.94,11.0,0.93,31.73,0.95,30.2,0.96,110.36,0.01,0.01,2327.752925,1776230515000
1776230517.305,117.305,0.05,30.2,0.04,110.36,0.06,11.0,0.07,31.73,0.94,11.0,0.93,31.73,0.95,30.2,0.96,110.36,0.01,0.01,2327.7373,1776230516000
1776230518.568,118.568,0.05,30.2,0.04,110.36,0.06,11.0,0.07,31.73,0.94,11.0,0.93,31.73,0.95,30.2,0.96,110.36,0.01,0.01,2327.798125,1776230517000
1776230519.188,119.188,0.05,30.2,0.04,110.36,0.06,11.0,0.07,31.73,0.94,11.0,0.93,31.73,0.95,30.2,0.96,110.36,0.01,0.01,2327.807345,1776230518000
1776230520.427,120.427,0.05,30.2,0.04,110.36,0.06,11.0,0.07,31.73,0.94,11.0,0.93,31.73,0.95,30.2,0.96,110.36,0.01,0.01,2327.735044,1776230519000
1776230520.881,120.881,0.05,3.92,0.04,64.56,0.06,30.93,0.07,92.09,0.94,11.0,0.93,31.73,0.95,30.2,0.96,110.36,0.01,0.01,2327.735044,1776230519000
1776230521.083,121.083,0.05,3.92,0.04,64.56,0.06,30.93,0.07,92.09,0.94,30.93,0.93,92.09,0.95,3.92,0.96,64.56,0.01,0.01,2327.728082,1776230520000
1776230521.98,121.98,0.04,16.56,0.03,306.0,0.05,5.0,0.06,266.91,0.94,30.93,0.93,92.09,0.95,3.92,0.96,64.56,0.01,0.01,2327.728082,1776230520000
1776230522.339,122.339,0.04,16.56,0.03,306.0,0.05,5.0,0.06,266.91,0.95,5.0,0.94,266.91,0.96,16.56,0.97,306.0,0.01,0.01,2327.732603,1776230521000
1776230523.05,123.05,0.04,11.61,0.03,326.0,0.05,82.99,0.06,92.93,0.95,5.0,0.94,266.91,0.96,16.56,0.97,306.0,0.01,0.01,2327.732603,1776230521000
1776230523.564,123.564,0.04,11.4,0.03,326.0,0.05,87.99,0.06,97.93,0.95,87.99,0.94,97.93,0.96,11.4,0.97,326.0,0.01,0.01,2327.693248,1776230522000
1776230524.224,124.224,0.04,0.4,0.03,315.0,0.05,123.99,0.06,97.93,0.95,123.99,0.94,97.93,0.96,0.4,0.97,315.0,0.01,0.01,2327.523813,1776230523000
1776230525.467,125.467,0.04,0.4,0.03,315.0,0.05,123.99,0.06,97.93,0.95,123.99,0.94,97.93,0.96,0.4,0.97,315.0,0.01,0.01,2327.36315,1776230524000
1776230526.201,126.201,0.04,0.4,0.03,315.0,0.05,123.99,0.06,97.93,0.95,123.99,0.94,97.93,0.96,0.4,0.97,315.0,0.01,0.01,2327.378064,1776230525000
1776230526.606,126.606,0.04,44.05,0.03,363.0,0.05,15.0,0.06,100.29,0.95,123.99,0.94,97.93,0.96,0.4,0.97,315.0,0.01,0.01,2327.378064,1776230525000
1776230527.152,127.152,0.04,44.05,0.03,363.0,0.05,15.0,0.06,100.29,0.95,15.0,0.94,100.29,0.96,44.05,0.97,363.0,0.01,0.01,2327.488048,1776230526000
1776230528.281,128.281,0.04,44.05,0.03,363.0,0.05,15.0,0.06,100.29,0.95,15.0,0.94,100.29,0.96,44.05,0.97,363.0,0.01,0.01,2327.544025,1776230527000
1776230528.946,128.946,0.04,29.05,0.03,333.0,0.05,115.99,0.06,92.93,0.95,15.0,0.94,100.29,0.96,44.05,0.97,363.0,0.01,0.01,2327.544025,1776230527000
1776230529.245,129.245,0.04,29.05,0.03,333.0,0.05,115.99,0.06,92.93,0.95,115.99,0.94,92.93,0.96,29.05,0.97,333.0,0.01,0.01,2327.587895,1776230528000
1776230530.22,130.22,0.04,29.05,0.03,333.0,0.05,115.99,0.06,92.93,0.95,115.99,0.94,92.93,0.96,29.05,0.97,333.0,0.01,0.01,2327.5924,1776230529000
1776230530.962,130.962,0.04,9.05,0.03,334.0,0.05,131.99,0.06,92.93,0.95,115.99,0.94,92.93,0.96,29.05,0.97,333.0,0.01,0.01,2327.5924,1776230529000
1776230531.179,131.179,0.04,9.05,0.03,334.0,0.05,131.99,0.06,92.93,0.95,131.99,0.94,92.93,0.96,9.05,0.97,334.0,0.01,0.01,2327.544928,1776230530000
1776230532.102,132.102,0.04,9.05,0.03,334.0,0.05,131.99,0.06,92.93,0.95,131.99,0.94,92.93,0.96,9.05,0.97,334.0,0.01,0.01,2327.515094,1776230531000
1776230533.111,133.111,0.04,9.05,0.03,334.0,0.05,131.99,0.06,92.93,0.95,131.99,0.94,92.93,0.96,9.05,0.97,334.0,0.01,0.01,2327.51265,1776230532000
1776230534.142,134.142,0.04,9.05,0.03,334.0,0.05,131.99,0.06,92.93,0.95,131.99,0.94,92.93,0.96,9.05,0.97,334.0,0.01,0.01,2327.5059,1776230533000
1776230535.064,135.064,0.04,9.05,0.03,334.0,0.05,131.99,0.06,92.93,0.95,131.99,0.94,92.93,0.96,9.05,0.97,334.0,0.01,0.01,2327.4404,1776230534000
1776230536.107,136.107,0.04,9.05,0.03,334.0,0.05,131.99,0.06,92.93,0.95,131.99,0.94,92.93,0.96,9.05,0.97,334.0,0.01,0.01,2327.51393,1776230535000
1776230537.21,137.21,0.04,9.05,0.03,334.0,0.05,131.99,0.06,92.93,0.95,131.99,0.94,92.93,0.96,9.05,0.97,334.0,0.01,0.01,2327.55482,1776230536000
1776230538.169,138.169,0.04,9.05,0.03,334.0,0.05,131.99,0.06,92.93,0.95,131.99,0.94,92.93,0.96,9.05,0.97,334.0,0.01,0.01,2327.596435,1776230537000
1776230539.14,139.14,0.04,9.05,0.03,334.0,0.05,131.99,0.06,92.93,0.95,131.99,0.94,92.93,0.96,9.05,0.97,334.0,0.01,0.01,2327.61225,1776230538000
1776230540.117,140.117,0.04,9.05,0.03,334.0,0.05,131.99,0.06,92.93,0.95,131.99,0.94,92.93,0.96,9.05,0.97,334.0,0.01,0.01,2327.6123,1776230539000
1776230541.132,141.132,0.04,9.05,0.03,334.0,0.05,131.99,0.06,92.93,0.95,131.99,0.94,92.93,0.96,9.05,0.97,334.0,0.01,0.01,2327.587985,1776230540000
1776230542.231,142.231,0.04,9.05,0.03,334.0,0.05,131.99,0.06,92.93,0.95,131.99,0.94,92.93,0.96,9.05,0.97,334.0,0.01,0.01,2327.57235,1776230541000
1776230542.503,142.503,0.03,150.95,0.02,505.0,0.04,11.0,0.05,443.16,0.95,417.16,0.94,161.29,0.97,186.95,0.98,505.0,0.01,0.02,2327.57235,1776230541000
1776230542.754,142.754,0.03,125.95,0.02,505.0,0.04,249.79,0.05,419.8,0.96,258.7,0.95,414.8,0.97,125.95,0.98,505.0,0.01,0.01,2327.57235,1776230541000
1776230543.101,143.101,0.03,125.95,0.02,511.0,0.04,241.32,0.05,458.8,0.96,249.79,0.95,419.8,0.97,125.95,0.98,505.0,0.01,0.01,2327.57235,1776230541000
1776230543.521,143.521,0.03,89.95,0.02,505.0,0.04,659.32,0.05,224.8,0.96,241.32,0.95,458.8,0.97,125.95,0.98,511.0,0.01,0.01,2327.546055,1776230542000
1776230544.27,144.27,0.03,53.95,0.02,505.0,0.04,764.94,0.05,191.14,0.96,764.94,0.95,191.14,0.97,53.95,0.98,505.0,0.01,0.01,2326.776381,1776230543000
1776230544.511,144.511,0.02,505.0,0.01,1873.57,0.04,374.94,0.05,239.14,0.96,374.94,0.95,201.14,0.97,27.23,0.98,505.0,0.02,0.01,2326.776381,1776230543000
1776230544.755,144.755,0.02,449.29,0.01,1873.57,0.03,419.68,0.04,242.32,0.97,354.28,0.96,210.33,0.98,474.79,0.99,1873.57,0.01,0.01,2326.776381,1776230543000
1776230545.168,145.168,0.02,449.29,0.01,1873.57,0.03,419.68,0.04,242.32,0.97,419.68,0.96,242.32,0.98,449.29,0.99,1873.57,0.01,0.01,2326.551115,1776230544000
1776230545.608,145.608,0.02,435.22,0.01,1873.57,0.03,424.68,0.04,242.32,0.97,419.68,0.96,242.32,0.98,449.29,0.99,1873.57,0.01,0.01,2326.551115,1776230544000
1776230546.168,146.168,0.02,435.22,0.01,1873.57,0.03,424.68,0.04,242.32,0.97,424.68,0.96,242.32,0.98,435.22,0.99,1873.57,0.01,0.01,2326.55576,1776230545000
1776230547.092,147.092,0.02,405.22,0.01,1590.94,0.03,430.69,0.04,1028.32,0.97,424.68,0.96,242.32,0.98,435.22,0.99,1873.57,0.01,0.01,2326.55576,1776230545000
1776230547.852,147.852,0.02,375.22,0.01,1590.94,0.03,430.69,0.04,328.32,0.97,430.69,0.96,1028.32,0.98,405.22,0.99,1590.94,0.01,0.01,2326.489715,1776230546000
1776230548.173,148.173,0.02,375.22,0.01,1590.94,0.03,430.69,0.04,328.32,0.97,430.69,0.96,328.32,0.98,375.22,0.99,1590.94,0.01,0.01,2326.485875,1776230547000
1776230548.4,148.4,0.02,324.22,0.01,1590.94,0.03,317.69,0.04,128.32,0.97,430.69,0.96,328.32,0.98,375.22,0.99,1590.94,0.01,0.01,2326.485875,1776230547000
1776230548.981,148.981,0.02,318.61,0.01,1590.94,0.03,317.69,0.04,128.32,0.97,317.69,0.96,128.32,0.98,324.22,0.99,1590.94,0.01,0.01,2326.485875,1776230547000
1776230549.458,149.458,0.02,283.61,0.01,1590.94,0.03,326.99,0.04,128.32,0.97,317.69,0.96,128.32,0.98,318.61,0.99,1590.94,0.01,0.01,2326.48955,1776230548000
1776230549.684,149.684,0.02,253.61,0.01,1590.94,0.03,363.99,0.04,128.32,0.97,326.99,0.96,128.32,0.98,283.61,0.99,1590.94,0.01,0.01,2326.48955,1776230548000
1776230550.002,150.002,0.02,238.61,0.01,1590.94,0.03,465.99,0.04,125.32,0.97,363.99,0.96,128.32,0.98,253.61,0.99,1590.94,0.01,0.01,2326.48955,1776230548000
1776230550.752,150.752,0.02,113.61,0.01,1590.94,0.03,342.99,0.04,155.32,0.97,342.99,0.96,155.32,0.98,213.61,0.99,1590.94,0.01,0.01,2326.60529,1776230549000
1776230551.238,151.238,0.01,1585.94,,,0.02,155.36,0.03,170.01,0.98,155.36,0.97,170.01,0.99,1585.94,,,0.01,0.01,2326.48401,1776230550000
1776230551.476,151.476,0.01,1410.94,,,0.02,150.36,0.03,271.02,0.98,156.37,0.97,265.01,0.99,1584.92,,,0.01,0.01,2326.48401,1776230550000
1776230551.977,151.977,0.01,1723.09,,,0.02,329.06,0.03,121.32,0.98,140.36,0.97,265.01,0.99,1375.94,,,0.01,0.01,2326.48401,1776230550000
1776230552.287,152.287,0.01,1723.09,,,0.02,319.06,0.03,421.32,0.98,319.06,0.97,421.32,0.99,1723.09,,,0.01,0.01,2325.42975,1776230551000
1776230553.176,153.176,0.01,1658.04,,,0.02,427.52,0.03,650.53,0.98,337.72,0.97,483.86,0.99,1683.04,,,0.01,0.01,2325.42975,1776230551000
1776230553.428,153.428,0.01,1658.04,,,0.02,427.52,0.03,650.53,0.98,427.52,0.97,650.53,0.99,1658.04,,,0.01,0.01,2325.504875,1776230552000
1776230554.029,154.029,0.01,1653.04,,,0.02,388.53,0.03,98.31,0.98,388.53,0.97,98.31,0.99,1653.04,,,0.01,0.01,2325.930772,1776230553000
1776230554.325,154.325,0.01,1628.04,,,0.02,175.83,0.03,233.01,0.98,388.53,0.97,98.31,0.99,1653.04,,,0.01,0.01,2325.930772,1776230553000
1776230554.677,154.677,0.01,1612.98,,,0.02,190.83,0.03,233.01,0.98,175.83,0.97,233.01,0.99,1618.04,,,0.01,0.01,2325.930772,1776230553000
1776230554.971,154.971,0.01,1592.0,,,0.02,295.83,0.03,167.01,0.98,190.83,0.97,233.01,0.99,1612.98,,,0.01,0.01,2325.930772,1776230553000
1776230555.249,155.249,0.01,1562.0,,,0.02,290.83,0.03,167.01,0.98,290.83,0.97,167.01,0.99,1562.0,,,0.01,0.01,2326.068135,1776230554000
1776230556.505,156.505,0.01,1562.0,,,0.02,290.83,0.03,167.01,0.98,290.83,0.97,167.01,0.99,1562.0,,,0.01,0.01,2326.09348,1776230555000
1776230557.147,157.147,0.01,1562.0,,,0.02,290.83,0.03,167.01,0.98,290.83,0.97,167.01,0.99,1562.0,,,0.01,0.01,2325.662273,1776230556000
1776230557.59,157.59,0.01,1650.27,,,0.02,284.23,0.03,822.54,0.98,290.83,0.97,167.01,0.99,1562.0,,,0.01,0.01,2325.662273,1776230556000
1776230558.323,158.323,0.01,1653.65,,,0.02,256.63,0.03,822.54,0.98,284.23,0.97,822.54,0.99,1650.27,,,0.01,0.01,2325.662273,1776230556000
1776230558.883,158.883,0.01,1644.65,,,0.02,256.63,0.03,422.54,0.98,256.63,0.97,822.54,0.99,1653.65,,,0.01,0.01,2325.827845,1776230557000
1776230559.17,159.17,0.01,1644.65,,,0.02,256.63,0.03,422.54,0.98,256.63,0.97,422.54,0.99,1644.65,,,0.01,0.01,2325.785227,1776230558000
1776230560.243,160.243,0.01,1644.65,,,0.02,6.63,0.03,422.54,0.98,6.63,0.97,422.54,0.99,1644.65,,,0.01,0.01,2325.80638,1776230559000
1776230561.6,161.6,0.01,1644.65,,,0.02,6.63,0.03,422.54,0.98,6.63,0.97,422.54,0.99,1644.65,,,0.01,0.01,2325.751085,1776230560000
1776230561.82,161.82,0.01,1547.09,,,0.02,95.26,0.03,398.53,0.98,6.63,0.97,422.54,0.99,1644.65,,,0.01,0.01,2325.751085,1776230560000
1776230562.252,162.252,0.01,1547.09,,,0.02,95.26,0.03,398.53,0.98,95.26,0.97,398.53,0.99,1547.09,,,0.01,0.01,2325.748395,1776230561000
1776230563.716,163.716,0.01,1547.09,,,0.02,95.26,0.03,398.53,0.98,95.26,0.97,398.53,0.99,1547.09,,,0.01,0.01,2325.74893,1776230562000
1776230564.273,164.273,0.01,1548.07,,,0.02,40.26,0.03,292.02,0.98,40.26,0.97,292.02,0.99,1548.07,,,0.01,0.01,2325.780304,1776230563000
1776230565.572,165.572,0.01,1619.54,,,0.02,56.62,0.03,804.54,0.98,40.26,0.97,292.02,0.99,1548.07,,,0.01,0.01,2325.780304,1776230563000
1776230566.346,166.346,0.01,1619.54,,,0.03,508.95,0.04,90.32,0.97,508.95,0.96,90.32,0.99,1619.54,,,0.02,0.02,2325.971355,1776230565000
1776230567.013,167.013,0.01,1875.16,,,0.03,151.94,0.04,154.0,0.97,508.95,0.96,90.32,0.99,1619.54,,,0.02,0.02,2325.971355,1776230565000
1776230567.264,167.264,0.01,1468.27,,,0.02,5.0,0.03,123.95,0.97,151.94,0.96,154.0,0.98,1.11,0.99,1511.56,0.01,0.01,2325.971355,1776230565000
1776230567.625,167.625,0.01,1468.27,,,0.02,5.0,0.03,123.95,0.98,5.0,0.97,123.95,0.99,1468.27,,,0.01,0.01,2325.96254,1776230566000
1776230568.072,168.072,0.01,1474.21,,,0.02,38.99,0.03,123.95,0.98,5.0,0.97,123.95,0.99,1468.27,,,0.01,0.01,2325.96254,1776230566000
1776230568.392,168.392,0.01,1474.21,,,0.02,38.99,0.03,123.95,0.98,38.99,0.97,123.95,0.99,1474.21,,,0.01,0.01,2326.150125,1776230567000
1776230569.631,169.631,0.01,1464.21,,,0.02,119.74,0.03,128.95,0.98,38.99,0.97,123.95,0.99,1474.21,,,0.01,0.01,2326.150125,1776230567000
1776230570.056,170.056,0.01,1464.21,,,0.02,119.74,0.03,128.95,0.98,119.74,0.97,128.95,0.99,1464.21,,,0.01,0.01,2326.138392,1776230569000
1776230571.102,171.102,0.01,1464.21,,,0.02,119.74,0.03,128.95,0.98,119.74,0.97,128.95,0.99,1464.21,,,0.01,0.01,2326.238771,1776230570000
1776230571.905,171.905,0.01,1873.77,,,0.02,80.75,0.03,523.95,0.98,119.74,0.97,128.95,0.99,1464.21,,,0.01,0.01,2326.238771,1776230570000
1776230572.112,172.112,0.01,1867.69,,,0.02,80.75,0.03,523.95,0.98,80.75,0.97,523.95,0.99,1867.69,,,0.01,0.01,2326.205415,1776230571000
1776230573.169,173.169,0.01,1867.69,,,0.02,80.75,0.03,523.95,0.98,80.75,0.97,523.95,0.99,1867.69,,,0.01,0.01,2326.218,1776230572000
1776230574.191,174.191,0.01,1486.09,,,0.02,80.75,0.03,923.95,0.98,80.75,0.97,923.95,0.99,1486.09,,,0.01,0.01,2326.21825,1776230573000
1776230574.471,174.471,0.01,1406.09,,,0.02,80.75,0.03,623.95,0.98,80.75,0.97,923.95,0.99,1486.09,,,0.01,0.01,2326.21825,1776230573000
1776230574.775,174.775,0.01,1404.09,,,0.02,80.75,0.03,623.95,0.98,80.75,0.97,623.95,0.99,1406.09,,,0.01,0.01,2326.21825,1776230573000
1776230575.201,175.201,0.01,1404.09,,,0.02,80.75,0.03,623.95,0.98,80.75,0.97,623.95,0.99,1404.09,,,0.01,0.01,2326.245435,1776230574000
1776230576.183,176.183,0.01,1404.09,,,0.02,80.75,0.03,623.95,0.98,80.75,0.97,623.95,0.99,1404.09,,,0.01,0.01,2326.21643,1776230575000
1776230577.178,177.178,0.01,1404.09,,,0.02,80.75,0.03,623.95,0.98,80.75,0.97,623.95,0.99,1404.09,,,0.01,0.01,2326.17255,1776230576000
1776230578.172,178.172,0.01,1404.09,,,0.02,80.75,0.03,623.95,0.98,80.75,0.97,623.95,0.99,1404.09,,,0.01,0.01,2326.087035,1776230577000
1776230578.928,178.928,0.01,1290.25,,,0.02,252.61,0.03,244.7,0.98,80.75,0.97,623.95,0.99,1404.09,,,0.01,0.01,2326.087035,1776230577000
1776230579.17,179.17,0.01,1273.63,,,0.02,252.61,0.03,244.7,0.98,252.61,0.97,244.7,0.99,1290.25,,,0.01,0.01,2326.136094,1776230578000
1776230580.138,180.138,0.01,1273.63,,,0.02,252.61,0.03,244.7,0.98,252.61,0.97,244.7,0.99,1273.63,,,0.01,0.01,2326.001719,1776230579000
1776230580.346,180.346,0.01,1385.57,,,0.02,241.65,0.03,271.7,0.98,252.61,0.97,244.7,0.99,1273.63,,,0.01,0.01,2326.001719,1776230579000
1776230581.17,181.17,0.01,1376.57,,,0.02,241.65,0.03,276.7,0.98,241.65,0.97,276.7,0.99,1376.57,,,0.01,0.01,2325.988696,1776230580000
1776230582.157,182.157,0.01,890.59,,,0.02,869.5,0.03,323.74,0.98,241.65,0.97,276.7,0.99,1376.57,,,0.01,0.01,2325.988696,1776230580000
1776230582.379,182.379,0.01,748.47,,,0.02,1053.45,0.03,323.74,0.98,1183.45,0.97,323.74,0.99,880.47,,,0.01,0.01,2325.997724,1776230581000
1776230583.146,183.146,0.01,679.47,,,0.02,766.4,0.03,570.74,0.98,1132.15,0.97,449.74,0.99,728.47,,,0.01,0.01,2325.997724,1776230581000
1776230583.432,183.432,,,,,0.01,320.53,0.02,766.4,0.98,766.4,0.97,570.74,0.99,679.47,,,,0.01,2325.952489,1776230582000
1776230583.915,183.915,,,,,0.01,501.5,0.02,203.7,0.99,320.53,0.98,766.4,,,,,,,2325.952489,1776230582000
1776230584.241,184.241,,,,,0.01,501.5,0.02,203.7,0.99,1501.5,0.98,203.7,,,,,,,2325.2822,1776230583000
1776230584.483,184.483,,,,,0.01,1501.5,0.02,198.7,0.99,1501.5,0.98,203.7,,,,,,,2325.2822,1776230583000
1776230585.328,185.328,,,,,0.01,1501.5,0.02,198.7,0.99,1501.5,0.98,198.7,,,,,,,2325.145661,1776230584000
1776230586.354,186.354,,,,,0.01,1501.5,0.02,198.7,0.99,1501.5,0.98,198.7,,,,,,,2325.222884,1776230585000
1776230586.883,186.883,,,,,0.01,1501.5,0.02,198.7,0.99,1501.5,0.98,198.7,,,,,,,2325.336645,1776230586000
1776230587.915,187.915,,,,,0.01,1501.5,0.02,198.7,0.99,1501.5,0.98,198.7,,,,,,,2325.421516,1776230587000
1776230588.943,188.943,,,,,0.01,1501.5,0.02,198.7,0.99,1501.5,0.98,198.7,,,,,,,2325.38295,1776230588000
1776230589.267,189.267,,,,,0.01,1583.64,0.02,284.67,0.99,1501.5,0.98,198.7,,,,,,,2325.38295,1776230588000
1776230590.074,190.074,,,,,0.01,1583.64,0.02,284.67,0.99,1583.64,0.98,284.67,,,,,,,2325.374538,1776230589000
1776230591.191,191.191,,,,,0.01,1583.64,0.02,284.67,0.99,1583.64,0.98,284.67,,,,,,,2325.147963,1776230590000
1776230592.242,192.242,,,,,0.01,1583.64,0.02,284.67,0.99,1583.64,0.98,284.67,,,,,,,2324.76954,1776230591000
1776230593.3,193.3,,,,,0.01,1583.64,0.02,284.67,0.99,1583.64,0.98,284.67,,,,,,,2324.9782,1776230592000
1776230594.418,194.418,,,,,0.01,1583.64,0.02,284.67,0.99,1583.64,0.98,284.67,,,,,,,2324.81195,1776230593000
1776230594.963,194.963,,,,,0.01,1583.64,0.02,284.67,0.99,1583.64,0.98,284.67,,,,,,,2324.69626,1776230594000
1776230596.054,196.054,,,,,0.01,1583.64,0.02,284.67,0.99,1583.64,0.98,284.67,,,,,,,2324.695357,1776230595000
1776230597.214,197.214,,,,,0.01,1583.64,0.02,284.67,0.99,1583.64,0.98,284.67,,,,,,,2324.802405,1776230596000
1776230599.207,199.207,,,,,0.01,1583.64,0.02,284.67,0.99,1583.64,0.98,284.67,,,,,,,2325.09048,1776230597000
1776230599.826,199.826,,,,,0.01,1583.64,0.02,284.67,0.99,1583.64,0.98,284.67,,,,,,,2325.0238,1776230598000
1776230600.664,200.664,,,,,0.01,1583.64,0.02,284.67,0.99,1583.64,0.98,284.67,,,,,,,2325.04225,1776230599000
1776230601.436,201.436,,,,,0.01,1583.64,0.02,284.67,0.99,1583.64,0.98,284.67,,,,,,,2325.181348,1776230600000
1776230602.224,202.224,,,,,0.01,1583.64,0.02,284.67,0.99,1583.64,0.98,284.67,,,,,,,2325.16676,1776230601000
1776230603.597,203.597,,,,,0.01,1583.64,0.02,284.67,0.99,1583.64,0.98,284.67,,,,,,,2325.20365,1776230602000
1776230604.24,204.24,,,,,0.01,1583.64,0.02,284.67,0.99,1583.64,0.98,284.67,,,,,,,2325.293795,1776230603000
1776230605.516,205.516,,,,,0.01,1583.64,0.02,284.67,0.99,1583.64,0.98,284.67,,,,,,,2325.35765,1776230604000
1776230606.277,206.277,,,,,0.01,1583.64,0.02,284.67,0.99,1583.64,0.98,284.67,,,,,,,2325.2084,1776230605000
1776230607.67,207.67,,,,,0.01,1583.64,0.02,284.67,0.99,1583.64,0.98,284.67,,,,,,,2325.185516,1776230606000
1776230608.433,208.433,,,,,0.01,1583.64,0.02,284.67,0.99,1583.64,0.98,284.67,,,,,,,2325.077945,1776230607000
1776230609.121,209.121,,,,,0.01,1583.64,0.02,284.67,0.99,1583.64,0.98,284.67,,,,,,,2325.087027,1776230608000
1776230610.537,210.537,,,,,0.01,1583.64,0.02,284.67,0.99,1583.64,0.98,284.67,,,,,,,2325.151482,1776230609000
1776230611.257,211.257,,,,,0.01,1583.64,0.02,284.67,0.99,1583.64,0.98,284.67,,,,,,,2325.260705,1776230610000
1776230612.604,212.604,,,,,0.01,1583.64,0.02,284.67,0.99,1583.64,0.98,284.67,,,,,,,2325.28043,1776230611000
1776230613.276,213.276,,,,,0.01,1583.64,0.02,284.67,0.99,1583.64,0.98,284.67,,,,,,,2325.31397,1776230612000
1776230613.995,213.995,,,,,0.01,1583.64,0.02,284.67,0.99,1583.64,0.98,284.67,,,,,,,2325.318615,1776230613000
1776230615.777,215.777,,,,,0.01,1583.64,0.02,284.67,0.99,1583.64,0.98,284.67,,,,,,,2325.355371,1776230614000
1776230616.217,216.217,,,,,0.01,1583.64,0.02,284.67,0.99,1583.64,0.98,284.67,,,,,,,2325.42292,1776230615000
1776230617.314,217.314,,,,,0.01,1583.64,0.02,284.67,0.99,1583.64,0.98,284.67,,,,,,,2325.56265,1776230616000
1776230618.89,218.89,,,,,0.01,1583.64,0.02,284.67,0.99,1583.64,0.98,284.67,,,,,,,2325.55379,1776230617000
1776230619.45,219.45,,,,,0.01,1583.64,0.02,284.67,0.99,1583.64,0.98,284.67,,,,,,,2325.321572,1776230618000
1776230620.004,220.004,,,,,0.01,1583.64,0.02,284.67,0.99,1583.64,0.98,284.67,,,,,,,2325.272649,1776230619000
1776230621.097,221.097,,,,,0.01,1583.64,0.02,284.67,0.99,1583.64,0.98,284.67,,,,,,,2325.26643,1776230620000
1776230622.4,222.4,,,,,0.01,1583.64,0.02,284.67,0.99,1583.64,0.98,284.67,,,,,,,2325.27727,1776230621000
1776230622.94,222.94,,,,,0.01,1583.64,0.02,284.67,0.99,1583.64,0.98,284.67,,,,,,,2325.364319,1776230622000
1776230624.087,224.087,,,,,0.01,1583.64,0.02,284.67,0.99,1583.64,0.98,284.67,,,,,,,2325.43828,1776230623000
1776230625.199,225.199,,,,,0.01,1583.64,0.02,284.67,0.99,1583.64,0.98,284.67,,,,,,,2325.499175,1776230624000
1776230626.323,226.323,,,,,0.01,1583.64,0.02,284.67,0.99,1583.64,0.98,284.67,,,,,,,2325.646962,1776230625000
1776230626.944,226.944,,,,,0.01,1583.64,0.02,284.67,0.99,1583.64,0.98,284.67,,,,,,,2325.61661,1776230626000
1776230628.008,228.008,,,,,0.01,1583.64,0.02,284.67,0.99,1583.64,0.98,284.67,,,,,,,2325.61661,1776230627000
1776230629.122,229.122,,,,,0.01,1583.64,0.02,284.67,0.99,1583.64,0.98,284.67,,,,,,,2325.592175,1776230628000
1776230630.856,230.856,,,,,0.01,1583.64,0.02,284.67,0.99,1583.64,0.98,284.67,,,,,,,2325.576695,1776230629000
1776230631.497,231.497,,,,,0.01,1583.64,0.02,284.67,0.99,1583.64,0.98,284.67,,,,,,,2325.58293,1776230630000
1776230632.196,232.196,,,,,0.01,1583.64,0.02,284.67,0.99,1583.64,0.98,284.67,,,,,,,2325.5896,1776230631000
1776230633.139,233.139,,,,,0.01,1583.64,0.02,284.67,0.99,1583.64,0.98,284.67,,,,,,,2325.598625,1776230632000
1776230634.57,234.57,,,,,0.01,1583.64,0.02,284.67,0.99,1583.64,0.98,284.67,,,,,,,2325.60648,1776230633000
1776230635.303,235.303,,,,,0.01,1583.64,0.02,284.67,0.99,1583.64,0.98,284.67,,,,,,,2325.632215,1776230634000
1776230636.628,236.628,,,,,0.01,1583.64,0.02,284.67,0.99,1583.64,0.98,284.67,,,,,,,2325.65385,1776230635000
1776230637.351,237.351,,,,,0.01,1583.64,0.02,284.67,0.99,1583.64,0.98,284.67,,,,,,,2325.660715,1776230636000
1776230638.494,238.494,,,,,0.01,1583.64,0.02,284.67,0.99,1583.64,0.98,284.67,,,,,,,2325.628924,1776230637000
1776230639.33,239.33,,,,,0.01,1583.64,0.02,284.67,0.99,1583.64,0.98,284.67,,,,,,,2325.624939,1776230638000
1776230639.995,239.995,,,,,0.01,1583.64,0.02,284.67,0.99,1583.64,0.98,284.67,,,,,,,2325.51771,1776230639000
1776230641.275,241.275,,,,,0.01,1583.64,0.02,284.67,0.99,1583.64,0.98,284.67,,,,,,,2325.45183,1776230640000
1776230642.833,242.833,,,,,0.01,3870.94,0.02,323.3,0.99,1583.64,0.98,284.67,,,,,,,2325.45183,1776230640000
1776230643.057,243.057,,,,,0.01,3870.94,0.02,323.3,0.99,3870.94,0.98,323.3,,,,,,,2325.536867,1776230641000
1776230643.779,243.779,,,,,0.01,3870.94,0.02,323.3,0.99,3870.94,0.98,323.3,,,,,,,2325.452465,1776230642000
1776230644.801,244.801,,,,,0.01,3870.94,0.02,323.3,0.99,3870.94,0.98,323.3,,,,,,,2325.627218,1776230643000
1776230645.743,245.743,,,,,0.01,3870.94,0.02,323.3,0.99,3870.94,0.98,323.3,,,,,,,2325.5684,1776230644000
1776230646.423,246.423,,,,,0.01,3870.94,0.02,323.3,0.99,3870.94,0.98,323.3,,,,,,,2325.568942,1776230645000
1776230647.123,247.123,,,,,0.01,3870.94,0.02,323.3,0.99,3870.94,0.98,323.3,,,,,,,2325.580028,1776230646000
1776230648.625,248.625,,,,,0.01,3870.94,0.02,323.3,0.99,3870.94,0.98,323.3,,,,,,,2325.579716,1776230647000
1776230649.726,249.726,,,,,0.01,3870.94,0.02,323.3,0.99,3870.94,0.98,323.3,,,,,,,2325.568562,1776230648000
1776230650.213,250.213,,,,,0.01,3870.94,0.02,323.3,0.99,3870.94,0.98,323.3,,,,,,,2325.571427,1776230649000
1776230651.203,251.203,,,,,0.01,3870.94,0.02,323.3,0.99,3870.94,0.98,323.3,,,,,,,2325.70903,1776230650000
1776230652.189,252.189,,,,,0.01,3870.94,0.02,323.3,0.99,3870.94,0.98,323.3,,,,,,,2325.578865,1776230651000
1776230653.235,253.235,,,,,0.01,3870.94,0.02,323.3,0.99,3870.94,0.98,323.3,,,,,,,2325.558607,1776230652000
1776230654.227,254.227,,,,,0.01,3870.94,0.02,323.3,0.99,3870.94,0.98,323.3,,,,,,,2325.647698,1776230653000
1776230655.327,255.327,,,,,0.01,3870.94,0.02,323.3,0.99,3870.94,0.98,323.3,,,,,,,2325.580212,1776230654000
1776230655.53,255.53,0.001,299.99,,,0.009,400.0,0.01,2618.27,0.991,400.0,0.99,2592.27,0.999,309.99,,,0.008,0.008,2325.580212,1776230654000
1776230655.773,255.773,0.002,198.99,0.001,319.99,0.009,400.0,0.01,2618.27,0.991,400.0,0.99,2618.27,0.999,299.99,,,0.007,0.008,2325.580212,1776230654000
1776230655.974,255.974,0.002,188.97,0.001,324.99,0.009,400.0,0.01,2573.91,0.991,400.0,0.99,2618.27,0.998,198.99,0.999,319.99,0.007,0.007,2325.580212,1776230654000
1776230656.301,256.301,0.002,163.95,0.001,324.99,0.009,400.0,0.01,2573.91,0.991,400.0,0.99,2573.91,0.998,163.95,0.999,324.99,0.007,0.007,2325.79871,1776230655000
1776230657.224,257.224,0.002,163.95,0.001,324.99,0.009,400.0,0.01,2573.91,0.991,400.0,0.99,2573.91,0.998,163.95,0.999,324.99,0.007,0.007,2325.875751,1776230656000
1776230658.214,258.214,0.002,163.95,0.001,324.99,0.009,400.0,0.01,2573.91,0.991,400.0,0.99,2573.91,0.998,163.95,0.999,324.99,0.007,0.007,2325.887882,1776230657000
1776230659.032,259.032,0.002,157.89,0.001,594.99,0.009,400.0,0.01,2088.91,0.991,400.0,0.99,2573.91,0.998,163.95,0.999,324.99,0.007,0.007,2325.887882,1776230657000
1776230659.302,259.302,0.002,157.89,0.001,594.99,0.009,400.0,0.01,2088.91,0.991,400.0,0.99,2088.91,0.998,157.89,0.999,594.99,0.007,0.007,2326.062169,1776230658000
1776230660.216,260.216,0.002,157.89,0.001,594.99,0.009,400.0,0.01,2088.91,0.991,400.0,0.99,2088.91,0.998,157.89,0.999,594.99,0.007,0.007,2326.243747,1776230659000
1776230661.165,261.165,0.002,157.89,0.001,594.99,0.009,400.0,0.01,2088.91,0.991,400.0,0.99,2088.91,0.998,157.89,0.999,594.99,0.007,0.007,2326.025611,1776230660000
1776230662.916,262.916,0.002,157.89,0.001,594.99,0.009,400.0,0.01,2088.91,0.991,400.0,0.99,2088.91,0.998,157.89,0.999,594.99,0.007,0.007,2326.085111,1776230661000
1776230663.594,263.594,0.002,157.89,0.001,594.99,0.009,400.0,0.01,2088.91,0.991,400.0,0.99,2088.91,0.998,157.89,0.999,594.99,0.007,0.007,2326.24963,1776230662000
1776230664.251,264.251,0.002,157.89,0.001,594.99,0.009,400.0,0.01,2088.91,0.991,400.0,0.99,2088.91,0.998,157.89,0.999,594.99,0.007,0.007,2326.202422,1776230663000
1776230665.545,265.545,0.002,157.89,0.001,594.99,0.009,400.0,0.01,2088.91,0.991,400.0,0.99,2088.91,0.998,157.89,0.999,594.99,0.007,0.007,2326.2322,1776230664000
1776230666.181,266.181,0.002,157.89,0.001,594.99,0.009,400.0,0.01,2088.91,0.991,400.0,0.99,2088.91,0.998,157.89,0.999,594.99,0.007,0.007,2326.2322,1776230665000
1776230667.55,267.55,0.002,157.89,0.001,594.99,0.009,400.0,0.01,2088.91,0.991,400.0,0.99,2088.91,0.998,157.89,0.999,594.99,0.007,0.007,2326.188135,1776230666000
1776230668.18,268.18,0.002,157.89,0.001,594.99,0.009,400.0,0.01,2088.91,0.991,400.0,0.99,2088.91,0.998,157.89,0.999,594.99,0.007,0.007,2326.19411,1776230667000
1776230669.425,269.425,0.002,157.89,0.001,594.99,0.009,400.0,0.01,2088.91,0.991,400.0,0.99,2088.91,0.998,157.89,0.999,594.99,0.007,0.007,2325.952083,1776230668000
1776230669.764,269.764,0.002,101.22,0.001,619.99,0.008,42.1,0.009,481.0,0.991,400.0,0.99,2088.91,0.998,157.89,0.999,594.99,0.006,0.007,2325.952083,1776230668000
1776230670.125,270.125,0.002,1.02,0.001,619.99,0.008,42.1,0.009,481.0,0.992,42.1,0.991,481.0,0.998,1.02,0.999,619.99,0.006,0.006,2325.912218,1776230669000
1776230671.263,271.263,0.002,1.02,0.001,619.99,0.008,42.1,0.009,481.0,0.992,42.1,0.991,481.0,0.998,1.02,0.999,619.99,0.006,0.006,2325.860494,1776230670000
1776230672.533,272.533,0.002,1.02,0.001,619.99,0.008,42.1,0.009,481.0,0.992,42.1,0.991,481.0,0.998,1.02,0.999,619.99,0.006,0.006,2325.8365,1776230671000
1776230673.124,273.124,0.002,1.02,0.001,619.99,0.008,42.1,0.009,481.0,0.992,42.1,0.991,481.0,0.998,1.02,0.999,619.99,0.006,0.006,2325.792584,1776230672000
1776230673.327,273.327,0.001,619.99,,,0.009,407.31,0.01,2761.59,0.992,42.1,0.991,481.0,0.998,1.02,0.999,619.99,0.008,0.006,2325.792584,1776230672000
1776230673.784,273.784,0.001,612.0,,,0.009,407.31,0.01,2897.64,0.991,407.31,0.99,2761.59,0.999,619.99,,,0.008,0.008,2325.792584,1776230672000
1776230674.25,274.25,0.001,612.0,,,0.009,407.31,0.01,2897.64,0.991,407.31,0.99,2897.64,0.999,612.0,,,0.008,0.008,2325.769651,1776230673000
1776230675.262,275.262,0.001,533.35,,,0.008,42.1,0.009,407.31,0.991,407.31,0.99,2897.64,0.999,612.0,,,0.007,0.008,2325.769651,1776230673000
1776230675.959,275.959,0.001,533.35,,,0.008,42.1,0.009,407.31,0.992,42.1,0.991,407.31,0.999,533.35,,,0.007,0.007,2325.75763,1776230675000
1776230676.824,276.824,0.001,527.03,,,0.008,42.1,0.009,407.31,0.992,42.1,0.991,407.31,0.999,533.35,,,0.007,0.007,2325.75763,1776230675000
1776230677.061,277.061,0.001,527.03,,,0.008,42.1,0.009,407.31,0.992,42.1,0.991,407.31,0.999,527.03,,,0.007,0.007,2325.80248,1776230676000
1776230677.318,277.318,0.001,521.27,,,0.008,142.3,0.009,407.31,0.992,42.1,0.991,407.31,0.999,527.03,,,0.007,0.007,2325.80248,1776230676000
1776230678.682,278.682,0.001,514.28,,,0.008,142.3,0.009,407.31,0.992,142.3,0.991,407.31,0.999,521.27,,,0.007,0.007,2325.80248,1776230676000
1776230679.472,279.472,0.001,513.22,,,0.008,142.3,0.009,407.31,0.992,142.3,0.991,407.31,0.999,513.22,,,0.007,0.007,2325.82354,1776230678000
1776230680.154,280.154,0.001,513.22,,,0.008,142.3,0.009,407.31,0.992,142.3,0.991,407.31,0.999,513.22,,,0.007,0.007,2325.87805,1776230679000
1776230680.507,280.507,0.001,313.22,,,0.008,142.3,0.009,407.31,0.992,142.3,0.991,407.31,0.999,513.22,,,0.007,0.007,2325.87805,1776230679000
1776230680.814,280.814,0.001,306.23,,,0.002,10.0,0.008,142.3,0.992,142.3,0.991,407.31,0.999,313.22,,,0.001,0.007,2325.87805,1776230679000
1776230681.19,281.19,0.001,306.23,,,0.002,10.0,0.008,142.3,0.998,10.0,0.992,142.3,0.999,306.23,,,0.001,0.001,2325.85545,1776230680000
1776230682.352,282.352,0.001,266.1,,,0.008,142.3,0.009,407.31,0.992,142.3,0.991,407.31,0.999,266.1,,,0.007,0.007,2325.780341,1776230681000
1776230683.348,283.348,0.001,266.1,,,0.008,142.3,0.009,407.31,0.992,142.3,0.991,407.31,0.999,266.1,,,0.007,0.007,2325.622388,1776230682000
1776230683.88,283.88,0.001,266.1,,,0.008,142.3,0.009,407.31,0.992,142.3,0.991,407.31,0.999,266.1,,,0.007,0.007,2325.6695,1776230683000
1776230684.84,284.84,0.001,260.11,,,0.008,156.87,0.009,407.31,0.992,142.3,0.991,407.31,0.999,266.1,,,0.007,0.007,2325.6695,1776230683000
1776230685.154,285.154,0.001,260.11,,,0.008,156.87,0.009,407.31,0.992,156.87,0.991,407.31,0.999,260.11,,,0.007,0.007,2325.635965,1776230684000
1776230685.458,285.458,0.001,255.11,,,0.008,156.87,0.009,407.31,0.992,156.87,0.991,407.31,0.999,260.11,,,0.007,0.007,2325.635965,1776230684000
1776230686.18,286.18,0.001,255.11,,,0.008,156.87,0.009,407.31,0.992,156.87,0.991,407.31,0.999,255.11,,,0.007,0.007,2325.612213,1776230685000
1776230686.586,286.586,0.001,250.0,,,0.008,156.87,0.009,407.31,0.992,156.87,0.991,407.31,0.999,255.11,,,0.007,0.007,2325.612213,1776230685000
1776230687.232,287.232,0.001,250.0,,,0.008,156.87,0.009,407.31,0.992,156.87,0.991,407.31,0.999,250.0,,,0.007,0.007,2325.573441,1776230686000
1776230688.378,288.378,0.001,250.0,,,0.008,156.87,0.009,407.31,0.992,156.87,0.991,407.31,0.999,250.0,,,0.007,0.007,2325.63102,1776230687000
1776230688.883,288.883,0.001,250.0,,,0.008,156.87,0.009,407.31,0.992,156.87,0.991,407.31,0.999,250.0,,,0.007,0.007,2325.659359,1776230688000
1776230690.132,290.132,0.001,250.0,,,0.008,156.87,0.009,407.31,0.992,156.87,0.991,407.31,0.999,250.0,,,0.007,0.007,2325.78099,1776230689000
1776230690.407,290.407,,,,,0.001,750.0,0.008,156.87,0.992,156.87,0.991,407.31,0.999,250.0,,,,0.007,2325.78099,1776230689000
1776230691.291,291.291,,,,,0.001,750.0,0.008,156.87,0.999,750.0,0.992,156.87,,,,,,,2325.868955,1776230690000
1776230692.439,292.439,,,,,0.001,750.0,0.008,156.87,0.999,750.0,0.992,156.87,,,,,,,2325.79585,1776230691000
1776230693.467,293.467,,,,,0.001,750.0,0.008,156.87,0.999,750.0,0.992,156.87,,,,,,,2325.657214,1776230692000
1776230694.01,294.01,,,,,0.001,750.0,0.008,156.87,0.999,750.0,0.992,156.87,,,,,,,2325.590835,1776230693000
1776230694.935,294.935,,,,,0.001,750.0,0.008,156.87,0.999,750.0,0.992,156.87,,,,,,,2325.516145,1776230694000
1776230695.97,295.97,,,,,0.001,750.0,0.008,156.87,0.999,750.0,0.992,156.87,,,,,,,2325.522509,1776230695000
1776230697.04,297.04,,,,,0.001,750.0,0.008,156.87,0.999,750.0,0.992,156.87,,,,,,,2325.495762,1776230696000
1776230697.99,297.99,,,,,0.001,750.0,0.008,156.87,0.999,750.0,0.992,156.87,,,,,,,2325.457252,1776230697000
1776230698.999,298.999,,,,,0.001,750.0,0.008,156.87,0.999,750.0,0.992,156.87,,,,,,,2325.499545,1776230698000
1776230700.004,300.004,,,,,0.001,750.0,0.008,156.87,0.999,750.0,0.992,156.87,,,,,,,2325.511079,1776230699000
1776230701.012,301.012,,,,,0.001,750.0,0.008,156.87,0.999,750.0,0.992,156.87,,,,,,,2325.546677,1776230700000
1776230701.972,301.972,,,,,0.001,750.0,0.008,156.87,0.999,750.0,0.992,156.87,,,,,,,2325.58116,1776230701000

# RESULT,winner=Down,slug=eth-updown-5m-1776230400,ticks=413
