timestamp,elapsed_sec,up_bid_p1,up_bid_s1,up_bid_p2,up_bid_s2,up_ask_p1,up_ask_s1,up_ask_p2,up_ask_s2,down_bid_p1,down_bid_s1,down_bid_p2,down_bid_s2,down_ask_p1,down_ask_s1,down_ask_p2,down_ask_s2,up_spread,down_spread,eth_price,eth_oracle_ts
1776233411.386,11.386,,,,,,,,,,,,,,,,,,,2319.760779,1776233410000
1776233411.688,11.688,0.71,11.96,0.7,10.0,0.72,34.22,0.73,110.96,0.28,52.0,0.27,33.0,0.29,10.0,0.3,15.0,0.01,0.01,2319.760779,1776233410000
1776233411.99,11.99,0.7,10.0,0.69,10.0,0.72,39.22,0.73,110.96,0.28,39.22,0.27,110.96,0.3,10.0,0.31,10.0,0.02,0.02,2319.92788,1776233411000
1776233412.192,12.192,0.69,10.0,0.68,10.0,0.7,7.34,0.71,5.0,0.29,5.0,0.28,29.22,0.3,4.66,0.31,10.0,0.01,0.01,2319.92788,1776233411000
1776233412.751,12.751,0.69,24.04,0.68,15.0,0.7,20.0,0.71,21.0,0.3,5.0,0.29,4.34,0.31,11.77,0.32,10.0,0.01,0.01,2319.92788,1776233411000
1776233413.119,13.119,0.7,7.0,0.69,30.81,0.71,5.0,0.72,22.22,0.29,5.0,0.28,22.22,0.3,7.0,0.31,30.81,0.01,0.01,2320.02901,1776233412000
1776233413.334,13.334,0.7,17.0,0.69,25.81,0.72,20.83,0.73,37.0,0.29,5.0,0.28,22.22,0.3,7.0,0.31,30.81,0.02,0.01,2320.02901,1776233412000
1776233413.837,13.837,0.71,6.55,0.7,18.66,0.72,9.22,0.73,21.0,0.28,20.83,0.27,37.0,0.3,13.66,0.31,25.81,0.01,0.02,2320.02901,1776233412000
1776233414.229,14.229,0.7,18.32,0.69,20.81,0.72,5.88,0.73,18.0,0.28,5.88,0.27,13.0,0.29,3.1,0.3,13.66,0.02,0.01,2320.02901,1776233412000
1776233414.54,14.54,0.72,6.42,0.71,10.0,0.73,22.49,0.74,41.5,0.27,17.49,0.26,31.5,0.3,18.32,0.31,20.81,0.01,0.03,2319.85711,1776233413000
1776233414.867,14.867,0.71,14.29,0.7,18.32,0.73,22.49,0.74,41.5,0.27,22.49,0.26,41.5,0.28,2.84,0.29,10.0,0.02,0.01,2319.85711,1776233413000
1776233415.282,15.282,0.72,6.42,0.71,14.29,0.73,21.12,0.74,41.5,0.27,21.12,0.26,41.5,0.28,10.0,0.29,14.29,0.01,0.01,2319.85711,1776233413000
1776233415.646,15.646,0.72,2.84,0.71,19.29,0.73,19.75,0.74,41.5,0.27,19.75,0.26,41.5,0.28,6.42,0.29,14.29,0.01,0.01,2319.92211,1776233414000
1776233415.957,15.957,0.71,18.58,0.7,18.32,0.73,19.75,0.74,41.5,0.27,19.75,0.26,41.5,0.29,18.58,0.3,18.32,0.02,0.02,2319.92865,1776233415000
1776233416.337,16.337,0.71,20.13,0.7,28.82,0.72,10.5,0.73,35.25,0.27,19.75,0.26,38.5,0.28,2.84,0.29,18.58,0.01,0.01,2319.92865,1776233415000
1776233416.654,16.654,0.7,13.66,0.69,15.81,0.72,35.5,0.73,45.25,0.28,10.5,0.27,35.25,0.29,20.13,0.3,28.82,0.02,0.01,2319.92865,1776233415000
1776233417.623,17.623,0.7,13.66,0.69,15.81,0.72,35.5,0.73,45.25,0.28,35.5,0.27,45.25,0.3,13.66,0.31,15.81,0.02,0.02,2319.9161,1776233416000
1776233418.255,18.255,0.7,13.66,0.69,15.81,0.72,35.5,0.73,45.25,0.28,35.5,0.27,45.25,0.3,13.66,0.31,15.81,0.02,0.02,2319.9161,1776233417000
1776233418.542,18.542,0.72,23.1,0.71,25.5,0.74,38.5,0.75,167.7,0.28,35.5,0.27,45.25,0.3,13.66,0.31,15.81,0.02,0.02,2319.9161,1776233417000
1776233418.934,18.934,0.73,15.0,0.72,24.6,0.74,24.14,0.75,194.7,0.26,20.5,0.25,167.7,0.28,9.1,0.29,30.5,0.01,0.02,2319.9161,1776233417000
1776233419.263,19.263,0.73,19.0,0.72,25.1,0.75,168.84,0.76,173.0,0.26,22.78,0.25,194.7,0.27,19.0,0.28,25.1,0.02,0.01,2319.9161,1776233417000
1776233419.49,19.49,0.73,19.0,0.72,25.1,0.75,168.84,0.76,173.0,0.25,168.84,0.24,173.0,0.27,19.0,0.28,25.1,0.02,0.02,2319.879425,1776233418000
1776233419.704,19.704,0.73,9.81,0.72,24.6,0.74,21.0,0.75,129.34,0.25,168.84,0.24,173.0,0.27,19.0,0.28,25.1,0.01,0.02,2319.879425,1776233418000
1776233420.026,20.026,0.73,9.81,0.72,24.6,0.74,21.0,0.75,129.34,0.26,21.0,0.25,129.34,0.27,9.81,0.28,24.6,0.01,0.01,2319.9216,1776233419000
1776233421.302,21.302,0.73,3.43,0.72,29.6,0.74,27.67,0.75,147.34,0.26,27.67,0.25,147.34,0.27,3.43,0.28,29.6,0.01,0.01,2319.956121,1776233420000
1776233421.849,21.849,0.73,15.5,0.72,19.6,0.75,20.5,0.76,165.5,0.26,27.67,0.25,147.34,0.27,3.43,0.28,29.6,0.02,0.01,2319.956121,1776233420000
1776233422.298,22.298,0.72,19.1,0.71,36.5,0.74,12.0,0.75,25.5,0.25,20.5,0.24,165.5,0.27,15.5,0.28,19.6,0.02,0.02,2319.956121,1776233420000
1776233422.975,22.975,0.72,19.1,0.71,36.5,0.74,12.0,0.75,25.5,0.26,12.0,0.25,25.5,0.28,19.1,0.29,36.5,0.02,0.02,2319.950855,1776233422000
1776233424.124,24.124,0.72,19.1,0.71,36.5,0.74,12.0,0.75,25.5,0.26,12.0,0.25,25.5,0.28,19.1,0.29,36.5,0.02,0.02,2319.951365,1776233423000
1776233425.284,25.284,0.71,35.0,0.7,25.5,0.72,12.01,0.73,49.0,0.28,12.01,0.27,49.0,0.29,35.0,0.3,25.5,0.01,0.01,2319.894916,1776233424000
1776233425.704,25.704,0.7,30.0,0.69,25.5,0.72,78.34,0.73,59.5,0.28,52.01,0.27,49.0,0.29,5.0,0.3,40.5,0.02,0.01,2319.894916,1776233424000
1776233426.018,26.018,0.7,33.62,0.69,30.5,0.71,16.0,0.72,59.34,0.28,78.34,0.27,59.5,0.3,30.0,0.31,25.5,0.01,0.02,2319.894916,1776233424000
1776233426.443,26.443,0.7,33.62,0.69,30.5,0.71,62.0,0.72,64.34,0.29,62.0,0.28,64.34,0.3,33.62,0.31,30.5,0.01,0.01,2319.892231,1776233425000
1776233426.961,26.961,0.7,33.62,0.69,30.5,0.71,62.0,0.72,64.34,0.29,62.0,0.28,64.34,0.3,33.62,0.31,30.5,0.01,0.01,2319.93302,1776233426000
1776233427.291,27.291,0.7,18.62,0.69,25.5,0.71,52.41,0.72,64.34,0.29,62.0,0.28,64.34,0.3,33.62,0.31,30.5,0.01,0.01,2319.93302,1776233426000
1776233427.925,27.925,0.7,28.62,0.69,25.5,0.71,38.32,0.72,64.34,0.29,52.41,0.28,64.34,0.3,18.62,0.31,25.5,0.01,0.01,2319.93302,1776233426000
1776233429.197,29.197,0.7,28.62,0.69,25.5,0.71,38.32,0.72,64.34,0.29,38.32,0.28,64.34,0.3,28.62,0.31,25.5,0.01,0.01,2319.874061,1776233428000
1776233429.613,29.613,0.69,30.5,0.68,81.32,0.71,31.83,0.72,72.34,0.29,31.91,0.28,64.34,0.3,23.62,0.31,69.49,0.02,0.01,2319.874061,1776233428000
1776233430.301,30.301,0.68,35.5,0.67,71.82,0.71,31.83,0.72,62.34,0.29,31.83,0.28,62.34,0.32,35.5,0.33,71.82,0.03,0.03,2319.862813,1776233429000
1776233431.304,31.304,0.7,36.66,0.69,30.5,0.71,31.83,0.72,74.84,0.29,31.83,0.28,62.34,0.32,35.5,0.33,71.82,0.01,0.03,2319.862813,1776233429000
1776233432.415,32.415,0.7,36.66,0.69,30.5,0.71,31.83,0.72,74.84,0.29,31.83,0.28,74.84,0.3,36.66,0.31,30.5,0.01,0.01,2319.794855,1776233431000
1776233432.654,32.654,0.7,31.66,0.69,30.5,0.71,31.83,0.72,74.84,0.29,31.83,0.28,74.84,0.3,36.66,0.31,30.5,0.01,0.01,2319.794855,1776233431000
1776233433.074,33.074,0.7,31.66,0.69,30.5,0.71,31.83,0.72,74.84,0.29,31.83,0.28,74.84,0.3,31.66,0.31,30.5,0.01,0.01,2319.795105,1776233432000
1776233434.091,34.091,0.7,31.66,0.69,30.5,0.71,31.83,0.72,74.84,0.29,31.83,0.28,74.84,0.3,31.66,0.31,30.5,0.01,0.01,2319.867052,1776233433000
1776233435.079,35.079,0.7,31.66,0.69,30.5,0.71,31.83,0.72,74.84,0.29,31.83,0.28,74.84,0.3,31.66,0.31,30.5,0.01,0.01,2319.863188,1776233434000
1776233436.067,36.067,0.7,31.66,0.69,30.5,0.71,31.83,0.72,74.84,0.29,31.83,0.28,74.84,0.3,31.66,0.31,30.5,0.01,0.01,2319.874997,1776233435000
1776233436.886,36.886,0.7,31.66,0.69,74.49,0.71,8.66,0.72,77.7,0.29,31.83,0.28,74.84,0.3,31.66,0.31,30.5,0.01,0.01,2319.874997,1776233435000
1776233438.028,38.028,0.7,21.66,0.69,74.49,0.71,8.66,0.72,77.7,0.29,8.66,0.28,77.7,0.3,21.66,0.31,74.49,0.01,0.01,2319.909035,1776233437000
1776233438.596,38.596,0.7,3.0,0.69,35.0,0.71,37.75,0.72,92.7,0.29,29.16,0.28,87.7,0.3,3.0,0.31,35.0,0.01,0.01,2319.909035,1776233437000
1776233438.989,38.989,0.7,3.0,0.69,35.0,0.71,36.34,0.72,92.7,0.29,36.34,0.28,92.7,0.3,3.0,0.31,35.0,0.01,0.01,2319.91425,1776233438000
1776233439.325,39.325,0.69,61.44,0.68,72.49,0.71,25.5,0.72,87.7,0.29,29.93,0.28,87.7,0.31,34.67,0.32,72.49,0.02,0.02,2319.91425,1776233438000
1776233440.002,40.002,0.7,28.73,0.69,25.0,0.71,40.5,0.72,92.7,0.29,20.5,0.28,87.7,0.31,61.44,0.32,72.49,0.01,0.02,2319.91425,1776233438000
1776233440.99,40.99,0.7,28.73,0.69,25.0,0.71,40.5,0.72,92.7,0.29,40.5,0.28,92.7,0.3,28.73,0.31,25.0,0.01,0.01,2319.724014,1776233440000
1776233441.949,41.949,0.7,20.39,0.69,25.0,0.71,35.5,0.72,92.7,0.29,35.5,0.28,92.7,0.3,20.39,0.31,25.0,0.01,0.01,2319.7346,1776233441000
1776233442.988,42.988,0.7,20.39,0.69,25.0,0.71,35.5,0.72,92.7,0.29,35.5,0.28,92.7,0.3,20.39,0.31,25.0,0.01,0.01,2319.665032,1776233442000
1776233443.958,43.958,0.7,20.39,0.69,25.0,0.71,35.5,0.72,92.7,0.29,35.5,0.28,92.7,0.3,20.39,0.31,25.0,0.01,0.01,2319.640383,1776233443000
1776233444.752,44.752,0.7,15.0,0.69,25.0,0.71,18.59,0.72,92.7,0.29,35.5,0.28,92.7,0.3,20.39,0.31,25.0,0.01,0.01,2319.640383,1776233443000
1776233445.459,45.459,0.7,15.0,0.69,25.0,0.71,18.59,0.72,92.7,0.29,18.59,0.28,92.7,0.3,15.0,0.31,25.0,0.01,0.01,2319.635709,1776233444000
1776233446.023,46.023,0.7,10.0,0.69,25.0,0.71,23.59,0.72,87.7,0.29,18.59,0.28,92.7,0.3,15.0,0.31,25.0,0.01,0.01,2319.635709,1776233444000
1776233447.079,47.079,0.7,10.0,0.69,25.0,0.71,23.59,0.72,87.7,0.29,23.59,0.28,87.7,0.3,10.0,0.31,25.0,0.01,0.01,2319.619556,1776233446000
1776233448.042,48.042,0.7,10.0,0.69,35.5,0.71,29.0,0.72,102.7,0.29,23.59,0.28,87.7,0.3,10.0,0.31,25.0,0.01,0.01,2319.619556,1776233446000
1776233449.167,49.167,0.7,10.0,0.69,35.5,0.71,29.0,0.72,102.7,0.29,29.0,0.28,102.7,0.3,10.0,0.31,35.5,0.01,0.01,2319.631637,1776233448000
1776233450.116,50.116,0.7,10.0,0.69,35.5,0.71,29.0,0.72,102.7,0.29,29.0,0.28,102.7,0.3,10.0,0.31,35.5,0.01,0.01,2319.63385,1776233449000
1776233451.103,51.103,0.7,10.0,0.69,35.5,0.71,29.0,0.72,102.7,0.29,29.0,0.28,102.7,0.3,10.0,0.31,35.5,0.01,0.01,2319.63385,1776233450000
1776233451.877,51.877,0.7,35.0,0.69,35.5,0.71,46.85,0.72,114.7,0.29,29.0,0.28,102.7,0.3,10.0,0.31,35.5,0.01,0.01,2319.63385,1776233450000
1776233452.664,52.664,0.7,35.0,0.69,35.5,0.71,46.85,0.72,114.7,0.29,46.85,0.28,114.7,0.3,35.0,0.31,35.5,0.01,0.01,2319.63385,1776233451000
1776233453.173,53.173,0.68,1.56,0.66,10.5,0.69,87.5,0.7,187.5,0.29,46.85,0.28,114.7,0.3,35.0,0.31,35.5,0.01,0.01,2319.63385,1776233451000
1776233453.747,53.747,0.65,15.5,0.64,10.0,0.66,20.0,0.67,82.0,0.32,9.54,0.31,108.5,0.34,10.5,0.35,20.5,0.01,0.02,2319.6337,1776233452000
1776233454.177,54.177,0.65,14.78,0.64,20.0,0.66,84.48,0.67,76.0,0.34,59.48,0.33,71.0,0.35,7.64,0.36,10.0,0.01,0.01,2319.6337,1776233452000
1776233454.945,54.945,0.65,14.78,0.64,20.0,0.66,84.48,0.67,76.0,0.34,84.48,0.33,76.0,0.35,14.78,0.36,20.0,0.01,0.01,2319.61203,1776233454000
1776233455.98,55.98,0.65,7.63,0.64,20.0,0.66,69.48,0.67,71.0,0.34,69.48,0.33,71.0,0.35,7.63,0.36,20.0,0.01,0.01,2319.4296,1776233455000
1776233456.972,56.972,0.65,7.63,0.64,20.0,0.66,69.48,0.67,71.0,0.34,69.48,0.33,71.0,0.35,7.63,0.36,20.0,0.01,0.01,2319.39915,1776233456000
1776233457.976,57.976,0.65,22.63,0.64,85.0,0.66,32.96,0.67,31.0,0.34,69.48,0.33,71.0,0.35,7.63,0.36,20.0,0.01,0.01,2319.39915,1776233456000
1776233458.502,58.502,0.71,53.0,0.69,25.5,0.72,32.2,0.73,18.0,0.34,32.96,0.33,31.0,0.35,22.63,0.36,85.0,0.01,0.01,2319.40415,1776233457000
1776233458.904,58.904,0.71,105.05,0.7,15.0,0.72,27.86,0.75,15.5,0.28,36.49,0.27,18.0,0.29,93.5,0.3,80.0,0.01,0.01,2319.40415,1776233457000
1776233459.107,59.107,0.73,10.0,0.72,20.5,0.75,5.0,0.76,5.0,0.25,5.0,0.24,5.0,0.29,230.87,0.3,85.0,0.02,0.04,2319.40415,1776233457000
1776233459.393,59.393,0.76,39.58,0.75,25.5,0.77,10.5,0.78,20.5,0.23,30.5,0.22,30.0,0.26,102.5,0.27,137.5,0.01,0.03,2319.40415,1776233457000
1776233459.621,59.621,0.76,73.24,0.75,30.5,0.77,10.5,0.78,20.5,0.23,10.5,0.22,20.5,0.24,73.24,0.25,30.5,0.01,0.01,2319.44415,1776233458000
1776233460.114,60.114,0.76,73.24,0.75,30.5,0.77,10.5,0.78,20.5,0.23,10.5,0.22,20.5,0.24,73.24,0.25,30.5,0.01,0.01,2319.482675,1776233459000
1776233460.481,60.481,0.75,10.0,0.74,15.0,0.77,50.5,0.78,30.45,0.22,25.45,0.21,56.5,0.24,50.41,0.25,23.0,0.02,0.02,2319.482675,1776233459000
1776233460.754,60.754,0.75,35.0,0.74,15.0,0.76,28.12,0.77,40.5,0.24,23.12,0.23,40.5,0.25,35.0,0.26,46.82,0.01,0.01,2319.482675,1776233459000
1776233461.223,61.223,0.75,35.0,0.74,15.0,0.76,28.12,0.77,40.5,0.24,28.12,0.23,40.5,0.25,35.0,0.26,15.0,0.01,0.01,2319.81445,1776233460000
1776233461.812,61.812,0.75,41.0,0.74,15.0,0.76,5.0,0.77,30.5,0.24,28.12,0.23,40.5,0.25,35.0,0.26,15.0,0.01,0.01,2319.81445,1776233460000
1776233462.33,62.33,0.75,41.0,0.74,15.0,0.76,5.0,0.77,30.5,0.24,5.0,0.23,30.5,0.25,41.0,0.26,15.0,0.01,0.01,2319.905088,1776233461000
1776233463.022,63.022,0.75,38.0,0.74,25.5,0.76,5.0,0.77,20.5,0.24,5.0,0.23,30.5,0.25,41.0,0.26,15.0,0.01,0.01,2319.905088,1776233461000
1776233463.331,63.331,0.75,38.0,0.74,25.5,0.78,84.55,0.79,61.5,0.22,84.55,0.21,61.5,0.25,38.0,0.26,25.5,0.03,0.03,2319.928,1776233462000
1776233464.371,64.371,0.76,45.0,0.75,20.0,0.77,12.15,0.78,99.55,0.23,12.15,0.22,99.55,0.24,45.0,0.25,20.0,0.01,0.01,2319.92805,1776233463000
1776233465.401,65.401,0.76,45.0,0.75,20.0,0.77,12.15,0.78,99.55,0.23,12.15,0.22,99.55,0.24,45.0,0.25,20.0,0.01,0.01,2319.93305,1776233464000
1776233465.983,65.983,0.76,45.0,0.75,20.0,0.77,12.15,0.78,99.55,0.23,12.15,0.22,99.55,0.24,45.0,0.25,20.0,0.01,0.01,2319.93305,1776233465000
1776233466.189,66.189,0.75,20.0,0.74,15.0,0.76,16.68,0.77,55.0,0.24,20.84,0.23,60.0,0.25,20.0,0.26,15.0,0.01,0.01,2319.93305,1776233465000
1776233467.018,67.018,0.75,20.0,0.74,15.0,0.76,16.68,0.77,55.0,0.24,16.68,0.23,55.0,0.25,20.0,0.26,15.0,0.01,0.01,2319.93255,1776233466000
1776233468.075,68.075,0.75,20.0,0.74,15.0,0.76,16.68,0.77,55.0,0.24,16.68,0.23,55.0,0.25,20.0,0.26,15.0,0.01,0.01,2319.89795,1776233467000
1776233469.159,69.159,0.75,20.0,0.74,15.0,0.76,16.68,0.77,55.0,0.24,16.68,0.23,55.0,0.25,20.0,0.26,15.0,0.01,0.01,2319.9178,1776233468000
1776233470.265,70.265,0.75,20.0,0.74,15.0,0.76,16.68,0.77,55.0,0.24,16.68,0.23,55.0,0.25,20.0,0.26,15.0,0.01,0.01,2319.90805,1776233469000
1776233471.292,71.292,0.75,20.0,0.74,15.0,0.76,16.68,0.77,55.0,0.24,16.68,0.23,55.0,0.25,20.0,0.26,15.0,0.01,0.01,2319.90805,1776233470000
1776233472.296,72.296,0.75,20.0,0.74,15.0,0.76,16.68,0.77,55.0,0.24,16.68,0.23,55.0,0.25,20.0,0.26,15.0,0.01,0.01,2319.93093,1776233471000
1776233473.481,73.481,0.75,20.0,0.74,15.0,0.76,16.68,0.77,55.0,0.24,16.68,0.23,55.0,0.25,20.0,0.26,15.0,0.01,0.01,2319.93525,1776233472000
1776233474.106,74.106,0.75,20.0,0.74,15.0,0.76,16.68,0.77,55.0,0.24,16.68,0.23,55.0,0.25,20.0,0.26,15.0,0.01,0.01,2319.93275,1776233473000
1776233475.439,75.439,0.73,25.5,0.72,35.5,0.77,125.0,0.78,91.5,0.23,125.0,0.22,91.5,0.27,25.5,0.28,35.5,0.04,0.04,2319.92805,1776233474000
1776233476.097,76.097,0.73,25.5,0.72,35.5,0.77,125.0,0.78,91.5,0.23,125.0,0.22,91.5,0.27,25.5,0.28,35.5,0.04,0.04,2319.800805,1776233475000
1776233477.502,77.502,0.73,25.5,0.72,35.5,0.77,125.0,0.78,91.5,0.23,125.0,0.22,91.5,0.27,25.5,0.28,35.5,0.04,0.04,2319.720345,1776233476000
1776233478.186,78.186,0.73,25.5,0.72,35.5,0.77,125.0,0.78,91.5,0.23,125.0,0.22,91.5,0.27,25.5,0.28,35.5,0.04,0.04,2319.72355,1776233477000
1776233479.293,79.293,0.72,3.0,0.71,78.5,0.73,64.0,0.74,30.0,0.23,125.0,0.22,91.5,0.27,25.5,0.28,35.5,0.01,0.04,2319.72355,1776233477000
1776233479.63,79.63,0.74,16.65,0.73,33.5,0.76,14.0,0.77,49.3,0.27,53.0,0.26,61.0,0.29,42.74,0.3,25.5,0.02,0.02,2319.7186,1776233478000
1776233479.998,79.998,0.75,101.0,0.74,62.65,0.76,15.0,0.77,30.3,0.24,12.68,0.23,49.3,0.25,10.0,0.26,34.65,0.01,0.01,2319.7186,1776233478000
1776233480.266,80.266,0.75,58.0,0.74,39.0,0.76,38.38,0.77,37.3,0.24,13.68,0.23,30.3,0.25,92.0,0.26,62.65,0.01,0.01,2319.71855,1776233479000
1776233480.669,80.669,0.75,27.04,0.74,24.0,0.76,57.56,0.77,145.8,0.24,43.38,0.23,55.3,0.25,37.04,0.26,39.0,0.01,0.01,2319.71855,1776233479000
1776233481.469,81.469,0.71,1.63,0.7,79.32,0.75,49.2,0.76,148.2,0.25,49.2,0.24,148.2,0.29,1.63,0.3,79.32,0.04,0.04,2319.71355,1776233480000
1776233482.148,82.148,0.69,20.5,0.67,5.0,0.7,84.57,0.71,25.0,0.25,49.2,0.24,148.2,0.29,1.63,0.3,79.32,0.01,0.04,2319.71355,1776233480000
1776233483.139,83.139,0.65,56.32,0.64,5.0,0.68,76.5,0.69,35.5,0.3,84.57,0.29,25.0,0.31,20.5,0.33,5.0,0.03,0.01,2319.73011,1776233481000
1776233483.458,83.458,0.65,12.5,0.64,49.82,0.66,76.0,0.67,25.0,0.32,81.5,0.31,35.5,0.35,53.32,0.36,5.0,0.01,0.03,2319.73011,1776233481000
1776233483.7,83.7,0.65,7.5,0.64,49.82,0.66,79.48,0.67,25.0,0.34,79.48,0.33,25.0,0.35,7.5,0.36,49.82,0.01,0.01,2319.66089,1776233482000
1776233484.253,84.253,0.65,7.5,0.64,49.82,0.66,79.48,0.67,25.0,0.34,79.48,0.33,25.0,0.35,7.5,0.36,49.82,0.01,0.01,2319.560956,1776233483000
1776233484.748,84.748,0.65,59.32,0.64,18.0,0.66,37.43,0.67,25.0,0.34,48.95,0.33,25.0,0.35,17.5,0.36,49.82,0.01,0.01,2319.560956,1776233483000
1776233485.411,85.411,0.62,10.5,0.61,5.0,0.66,52.93,0.67,245.5,0.34,37.43,0.33,25.0,0.35,59.32,0.36,18.0,0.04,0.01,2319.560956,1776233483000
1776233485.685,85.685,0.62,5.05,0.61,5.0,0.66,52.93,0.67,245.5,0.34,52.93,0.33,245.5,0.38,5.05,0.39,5.0,0.04,0.04,2319.42935,1776233484000
1776233486.344,86.344,0.62,5.05,0.61,5.0,0.66,52.93,0.67,245.5,0.34,52.93,0.33,245.5,0.38,5.05,0.39,5.0,0.04,0.04,2319.42935,1776233485000
1776233486.768,86.768,0.62,7.05,0.61,5.0,0.63,81.0,0.64,20.0,0.34,52.93,0.33,245.5,0.38,5.05,0.39,5.0,0.01,0.04,2319.42935,1776233485000
1776233487.123,87.123,0.62,7.05,0.61,5.0,0.63,81.0,0.64,20.0,0.37,81.0,0.36,20.0,0.38,7.05,0.39,5.0,0.01,0.01,2319.435697,1776233486000
1776233488.359,88.359,0.62,7.05,0.61,5.0,0.63,81.0,0.64,20.0,0.37,81.0,0.36,20.0,0.38,7.05,0.39,5.0,0.01,0.01,2319.162829,1776233487000
1776233489.013,89.013,0.62,7.05,0.61,5.0,0.63,81.0,0.64,20.0,0.37,81.0,0.36,20.0,0.38,7.05,0.39,5.0,0.01,0.01,2319.175658,1776233488000
1776233490.899,90.899,0.61,45.5,0.6,51.99,0.62,70.0,0.63,55.0,0.37,81.0,0.36,20.0,0.38,7.05,0.39,5.0,0.01,0.01,2319.175658,1776233488000
1776233491.258,91.258,0.61,47.93,0.6,52.99,0.62,50.0,0.63,55.0,0.38,70.0,0.37,55.0,0.39,45.5,0.4,51.99,0.01,0.01,2319.240765,1776233489000
1776233491.482,91.482,0.61,47.93,0.6,52.99,0.62,50.0,0.63,55.0,0.38,50.0,0.37,55.0,0.39,47.93,0.4,52.99,0.01,0.01,2319.306816,1776233490000
1776233492.138,92.138,0.61,52.93,0.6,262.99,0.62,27.76,0.63,15.0,0.38,27.76,0.37,15.0,0.39,52.93,0.4,262.99,0.01,0.01,2319.313821,1776233491000
1776233492.671,92.671,0.68,154.5,0.67,85.67,0.69,5.0,0.7,15.5,0.38,27.76,0.37,15.0,0.39,52.93,0.4,262.99,0.01,0.01,2319.313821,1776233491000
1776233493.394,93.394,0.68,154.5,0.67,85.67,0.69,5.0,0.7,15.5,0.31,5.0,0.3,15.5,0.32,154.5,0.33,85.67,0.01,0.01,2319.362205,1776233492000
1776233493.917,93.917,0.68,154.5,0.67,85.67,0.69,5.0,0.7,15.5,0.31,5.0,0.3,15.5,0.32,154.5,0.33,85.67,0.01,0.01,2319.38013,1776233493000
1776233495.018,95.018,0.68,154.5,0.67,85.67,0.69,5.0,0.7,15.5,0.31,5.0,0.3,15.5,0.32,154.5,0.33,85.67,0.01,0.01,2319.56595,1776233494000
1776233496.123,96.123,0.68,154.5,0.67,85.67,0.69,5.0,0.7,15.5,0.31,5.0,0.3,15.5,0.32,154.5,0.33,85.67,0.01,0.01,2319.57085,1776233495000
1776233496.898,96.898,0.69,147.58,0.68,67.5,0.7,15.5,0.71,37.5,0.31,5.0,0.3,15.5,0.32,154.5,0.33,85.67,0.01,0.01,2319.57085,1776233495000
1776233497.301,97.301,0.69,147.58,0.68,67.5,0.7,15.5,0.71,37.5,0.3,15.5,0.29,37.5,0.31,147.58,0.32,67.5,0.01,0.01,2319.5634,1776233496000
1776233497.542,97.542,0.69,70.0,0.67,5.0,0.7,35.5,0.71,37.5,0.3,15.5,0.29,37.5,0.31,147.58,0.32,67.5,0.01,0.01,2319.5634,1776233496000
1776233497.89,97.89,0.68,150.5,0.67,25.5,0.69,8.55,0.7,30.5,0.3,35.5,0.29,37.5,0.31,70.0,0.33,5.0,0.01,0.01,2319.5634,1776233496000
1776233498.097,98.097,0.68,162.37,0.67,25.5,0.7,30.5,0.71,37.5,0.31,8.55,0.3,30.5,0.32,150.5,0.33,25.5,0.02,0.01,2319.5634,1776233496000
1776233498.298,98.298,0.69,12.27,0.68,80.37,0.7,20.0,0.71,48.0,0.3,20.0,0.29,48.0,0.31,12.27,0.32,80.37,0.01,0.01,2319.545655,1776233497000
1776233498.942,98.942,0.69,12.27,0.68,80.37,0.7,20.0,0.71,48.0,0.3,20.0,0.29,48.0,0.31,12.27,0.32,80.37,0.01,0.01,2319.545665,1776233498000
1776233500.162,100.162,0.71,139.5,0.7,73.5,0.72,18.17,0.73,145.0,0.3,20.0,0.29,48.0,0.31,12.27,0.32,80.37,0.01,0.01,2319.545665,1776233498000
1776233501.29,101.29,0.71,139.5,0.7,73.5,0.72,18.17,0.73,145.0,0.28,18.17,0.27,145.0,0.29,139.5,0.3,73.5,0.01,0.01,2319.54239,1776233500000
1776233502.386,102.386,0.71,139.5,0.7,73.5,0.72,18.17,0.73,145.0,0.28,18.17,0.27,145.0,0.29,139.5,0.3,73.5,0.01,0.01,2319.57354,1776233501000
1776233502.878,102.878,0.71,139.5,0.7,73.5,0.72,18.17,0.73,145.0,0.28,18.17,0.27,145.0,0.29,139.5,0.3,73.5,0.01,0.01,2319.586635,1776233502000
1776233504.035,104.035,0.71,139.5,0.7,73.5,0.72,18.17,0.73,145.0,0.28,18.17,0.27,145.0,0.29,139.5,0.3,73.5,0.01,0.01,2319.59848,1776233503000
1776233504.776,104.776,0.71,87.97,0.7,36.5,0.72,5.17,0.73,25.5,0.28,18.17,0.27,25.5,0.29,92.97,0.3,36.5,0.01,0.01,2319.59848,1776233503000
1776233505.846,105.846,0.71,87.97,0.7,36.5,0.72,5.17,0.73,25.5,0.28,5.17,0.27,25.5,0.29,87.97,0.3,36.5,0.01,0.01,2319.59844,1776233504000
1776233506.602,106.602,0.71,87.97,0.7,36.5,0.72,5.17,0.73,25.5,0.28,5.17,0.27,25.5,0.29,87.97,0.3,36.5,0.01,0.01,2319.5836,1776233505000
1776233507.534,107.534,0.71,87.97,0.7,36.5,0.72,5.17,0.73,25.5,0.28,5.17,0.27,25.5,0.29,87.97,0.3,36.5,0.01,0.01,2319.5836,1776233506000
1776233508.21,108.21,0.71,87.97,0.7,36.5,0.72,5.17,0.73,25.5,0.28,5.17,0.27,25.5,0.29,87.97,0.3,36.5,0.01,0.01,2319.5861,1776233507000
1776233509.832,109.832,0.71,87.97,0.7,36.5,0.72,5.17,0.73,25.5,0.28,5.17,0.27,25.5,0.29,87.97,0.3,36.5,0.01,0.01,2319.582085,1776233508000
1776233510.093,110.093,0.7,5.0,0.69,66.49,0.71,42.38,0.72,40.5,0.28,5.17,0.27,25.5,0.29,87.97,0.3,36.5,0.01,0.01,2319.582085,1776233508000
1776233510.736,110.736,0.71,140.5,0.7,73.49,0.73,25.0,0.74,95.5,0.29,42.38,0.28,40.5,0.3,5.0,0.31,66.49,0.02,0.01,2319.582085,1776233508000
1776233511.122,111.122,0.72,118.5,0.71,48.5,0.73,18.63,0.74,100.5,0.27,25.0,0.26,95.5,0.29,140.5,0.3,73.49,0.01,0.02,2319.582085,1776233509000
1776233511.393,111.393,0.72,199.09,0.71,112.67,0.73,13.15,0.77,140.0,0.27,18.63,0.26,100.5,0.28,109.92,0.29,48.5,0.01,0.01,2319.582085,1776233509000
1776233511.64,111.64,0.76,10.0,0.75,10.0,0.77,149.2,0.78,6.0,0.23,149.2,0.22,6.0,0.24,10.0,0.25,10.0,0.01,0.01,2319.581185,1776233510000
1776233512.089,112.089,0.76,124.0,0.75,30.5,0.77,150.2,0.78,11.0,0.23,149.2,0.22,6.0,0.24,10.0,0.25,10.0,0.01,0.01,2319.581185,1776233510000
1776233512.437,112.437,0.77,97.5,0.76,35.5,0.78,1.0,0.79,90.5,0.22,11.0,0.21,90.5,0.23,40.5,0.24,72.5,0.01,0.01,2319.581185,1776233510000
1776233513.093,113.093,0.77,97.5,0.76,35.5,0.78,1.0,0.79,90.5,0.22,1.0,0.21,90.5,0.23,97.5,0.24,35.5,0.01,0.01,2319.64193,1776233512000
1776233513.661,113.661,0.78,77.0,0.77,35.5,0.79,93.17,0.8,26.55,0.22,1.0,0.21,90.5,0.23,97.5,0.24,35.5,0.01,0.01,2319.64193,1776233512000
1776233514.804,114.804,0.78,77.0,0.77,35.5,0.79,93.17,0.8,26.55,0.21,93.17,0.2,26.55,0.22,77.0,0.23,35.5,0.01,0.01,2319.7292,1776233513000
1776233515.215,115.215,0.78,169.5,0.77,79.49,0.79,69.0,0.8,5.05,0.21,93.17,0.2,26.55,0.22,77.0,0.23,35.5,0.01,0.01,2319.7292,1776233513000
1776233515.508,115.508,0.78,169.5,0.77,79.49,0.79,69.0,0.8,5.05,0.21,69.0,0.2,5.05,0.22,169.5,0.23,79.49,0.01,0.01,2319.739665,1776233514000
1776233515.801,115.801,0.84,80.5,0.83,19.27,0.85,47.18,0.86,80.5,0.15,9.28,0.14,70.0,0.17,9.27,0.22,156.5,0.01,0.02,2319.739665,1776233514000
1776233516.025,116.025,0.84,105.0,0.83,24.27,0.85,19.18,0.86,80.5,0.15,33.18,0.14,126.5,0.16,106.25,0.17,24.27,0.01,0.01,2319.739665,1776233514000
1776233517.12,117.12,0.84,100.0,0.83,24.27,0.85,10.82,0.86,85.5,0.15,10.82,0.14,85.5,0.16,100.0,0.17,24.27,0.01,0.01,2319.80547,1776233516000
1776233517.796,117.796,0.85,40.0,0.84,45.5,0.86,116.77,0.87,202.64,0.15,9.2,0.14,102.5,0.16,70.5,0.17,24.27,0.01,0.01,2319.80547,1776233516000
1776233518.274,118.274,0.84,44.25,0.83,24.27,0.86,116.77,0.87,202.64,0.14,116.77,0.13,202.64,0.15,30.0,0.16,45.5,0.02,0.01,2319.80547,1776233516000
1776233518.533,118.533,0.84,44.25,0.83,24.27,0.86,116.77,0.87,202.64,0.14,116.77,0.13,202.64,0.16,44.25,0.17,24.27,0.02,0.02,2320.193794,1776233517000
1776233519.386,119.386,0.84,44.25,0.83,24.27,0.86,116.77,0.87,202.64,0.14,116.77,0.13,202.64,0.16,44.25,0.17,24.27,0.02,0.02,2320.236505,1776233518000
1776233519.639,119.639,0.84,40.0,0.83,34.77,0.85,37.64,0.86,126.77,0.14,116.77,0.13,202.64,0.16,44.25,0.17,24.27,0.01,0.02,2320.236505,1776233518000
1776233520.633,120.633,0.84,16.06,0.83,34.77,0.85,58.8,0.86,104.77,0.15,37.64,0.14,126.77,0.16,40.0,0.17,34.77,0.01,0.01,2320.236505,1776233518000
1776233521.058,121.058,0.84,16.06,0.83,34.77,0.85,75.8,0.86,104.77,0.15,75.8,0.14,104.77,0.16,16.06,0.17,34.77,0.01,0.01,2320.25142,1776233519000
1776233521.376,121.376,0.84,9.18,0.83,34.77,0.85,80.8,0.86,104.77,0.15,75.8,0.14,104.77,0.16,16.06,0.17,34.77,0.01,0.01,2320.25142,1776233519000
1776233521.676,121.676,0.83,27.29,0.82,70.99,0.85,80.8,0.86,104.77,0.15,80.8,0.14,104.77,0.17,27.29,0.18,70.99,0.02,0.02,2320.24867,1776233520000
1776233522.527,122.527,0.83,27.29,0.82,70.99,0.85,79.62,0.86,104.77,0.15,79.62,0.14,104.77,0.17,27.29,0.18,70.99,0.02,0.02,2320.196487,1776233521000
1776233523.033,123.033,0.81,25.82,0.76,10.0,0.82,72.5,0.83,72.5,0.15,79.62,0.14,104.77,0.17,27.29,0.18,70.99,0.01,0.02,2320.196487,1776233521000
1776233523.442,123.442,0.75,10.4,0.74,11.59,0.76,140.0,0.77,18.36,0.24,140.0,0.23,18.36,0.25,10.4,0.26,11.59,0.01,0.01,2320.188901,1776233522000
1776233523.92,123.92,0.73,50.21,0.72,10.0,0.74,27.0,0.75,41.0,0.24,140.0,0.23,18.36,0.25,10.4,0.26,11.59,0.01,0.01,2320.188901,1776233522000
1776233524.361,124.361,0.73,46.35,0.72,10.0,0.74,27.0,0.75,41.0,0.26,27.0,0.25,41.0,0.27,46.35,0.28,10.0,0.01,0.01,2320.188861,1776233523000
1776233524.888,124.888,0.72,9.59,0.71,25.5,0.73,92.5,0.74,157.02,0.26,27.0,0.25,41.0,0.27,46.35,0.28,10.0,0.01,0.01,2320.188861,1776233523000
1776233526.008,126.008,0.72,9.59,0.71,25.5,0.73,92.5,0.74,157.02,0.27,92.5,0.26,157.02,0.28,9.59,0.29,25.5,0.01,0.01,2319.705172,1776233524000
1776233526.557,126.557,0.72,9.59,0.71,25.5,0.73,92.5,0.74,157.02,0.27,92.5,0.26,157.02,0.28,9.59,0.29,25.5,0.01,0.01,2319.6041,1776233525000
1776233527.095,127.095,0.71,25.5,0.7,35.5,0.73,92.5,0.74,171.5,0.27,92.5,0.26,171.5,0.29,25.5,0.3,35.5,0.02,0.02,2319.64358,1776233526000
1776233528.238,128.238,0.71,25.5,0.7,35.5,0.73,92.5,0.74,171.5,0.27,92.5,0.26,171.5,0.29,25.5,0.3,35.5,0.02,0.02,2319.568014,1776233527000
1776233529.301,129.301,0.71,25.5,0.7,35.5,0.73,92.5,0.74,171.5,0.27,92.5,0.26,171.5,0.29,25.5,0.3,35.5,0.02,0.02,2319.568009,1776233528000
1776233530.092,130.092,0.68,1.5,0.67,25.0,0.71,94.0,0.72,61.5,0.27,92.5,0.26,171.5,0.29,25.5,0.3,35.5,0.03,0.02,2319.568009,1776233528000
1776233530.522,130.522,0.68,1.5,0.67,25.0,0.71,94.0,0.72,61.5,0.29,94.0,0.28,61.5,0.32,1.5,0.33,25.0,0.03,0.03,2319.646855,1776233529000
1776233530.964,130.964,0.68,1.5,0.67,25.0,0.71,94.0,0.72,61.5,0.29,94.0,0.28,61.5,0.32,1.5,0.33,25.0,0.03,0.03,2319.5914,1776233530000
1776233531.272,131.272,0.68,63.67,0.67,35.0,0.69,47.0,0.71,113.0,0.29,94.0,0.28,61.5,0.32,1.5,0.33,25.0,0.01,0.03,2319.5914,1776233530000
1776233532.075,132.075,0.68,63.67,0.67,35.0,0.69,47.0,0.71,113.0,0.31,47.0,0.29,113.0,0.32,63.67,0.33,35.0,0.01,0.01,2319.58385,1776233531000
1776233533.194,133.194,0.68,63.67,0.67,35.0,0.69,47.0,0.71,113.0,0.31,47.0,0.29,113.0,0.32,63.67,0.33,35.0,0.01,0.01,2319.568357,1776233532000
1776233534.278,134.278,0.68,63.67,0.67,35.0,0.69,47.0,0.71,113.0,0.31,47.0,0.29,113.0,0.32,63.67,0.33,35.0,0.01,0.01,2319.5237,1776233533000
1776233534.558,134.558,0.68,81.39,0.67,40.0,0.69,32.0,0.71,63.0,0.31,47.0,0.29,113.0,0.32,63.67,0.33,35.0,0.01,0.01,2319.5237,1776233533000
1776233535.301,135.301,0.68,81.39,0.67,40.0,0.71,63.0,0.72,61.5,0.29,63.0,0.28,61.5,0.32,81.39,0.33,40.0,0.03,0.03,2319.52875,1776233534000
1776233535.856,135.856,0.7,99.39,0.69,53.39,0.72,0.86,0.73,5.0,0.28,0.86,0.27,5.0,0.3,99.39,0.31,53.39,0.02,0.02,2319.52875,1776233535000
1776233536.91,136.91,0.7,99.39,0.69,53.39,0.72,0.86,0.73,5.0,0.28,0.86,0.27,5.0,0.3,99.39,0.31,53.39,0.02,0.02,2319.52875,1776233536000
1776233537.976,137.976,0.7,99.39,0.69,53.39,0.72,0.86,0.73,5.0,0.28,0.86,0.27,5.0,0.3,99.39,0.31,53.39,0.02,0.02,2319.558923,1776233537000
1776233538.189,138.189,0.69,13.0,0.68,10.0,0.71,77.5,0.72,46.36,0.29,72.5,0.28,46.36,0.3,6.0,0.31,19.0,0.02,0.01,2319.558923,1776233537000
1776233538.483,138.483,0.68,9.0,0.67,25.0,0.69,50.5,0.7,55.5,0.29,77.5,0.28,46.36,0.31,13.0,0.32,10.0,0.01,0.02,2319.558923,1776233537000
1776233538.801,138.801,0.67,11.96,0.66,30.89,0.68,82.5,0.69,44.05,0.32,7.0,0.31,54.05,0.33,15.0,0.34,20.0,0.01,0.01,2319.558923,1776233537000
1776233539.02,139.02,0.67,11.96,0.66,30.89,0.68,82.5,0.69,44.05,0.32,82.5,0.31,44.05,0.33,11.96,0.34,30.89,0.01,0.01,2319.61375,1776233538000
1776233539.265,139.265,0.67,1.8,0.66,20.89,0.68,86.02,0.69,44.05,0.32,81.02,0.31,44.05,0.33,1.8,0.34,20.89,0.01,0.01,2319.61375,1776233538000
1776233539.588,139.588,0.66,20.89,0.65,38.5,0.68,79.54,0.69,44.05,0.32,84.54,0.31,44.05,0.33,1.8,0.34,20.89,0.02,0.01,2319.61375,1776233538000
1776233540.217,140.217,0.66,30.0,0.65,38.5,0.67,37.0,0.68,59.04,0.33,48.5,0.32,59.04,0.34,35.89,0.35,38.5,0.01,0.01,2319.61375,1776233538000
1776233540.483,140.483,0.66,34.39,0.65,43.5,0.67,27.0,0.68,49.04,0.33,27.0,0.32,49.04,0.34,41.94,0.35,43.5,0.01,0.01,2319.565512,1776233539000
1776233541.306,141.306,0.66,34.39,0.65,43.5,0.67,27.0,0.68,49.04,0.33,27.0,0.32,49.04,0.34,34.39,0.35,43.5,0.01,0.01,2319.484135,1776233540000
1776233542.42,142.42,0.66,34.39,0.65,43.5,0.67,27.0,0.68,49.04,0.33,27.0,0.32,49.04,0.34,34.39,0.35,43.5,0.01,0.01,2319.436964,1776233541000
1776233542.687,142.687,0.66,44.89,0.65,43.5,0.71,80.94,0.72,35.5,0.33,27.0,0.32,49.04,0.34,34.39,0.35,43.5,0.05,0.01,2319.436964,1776233541000
1776233542.93,142.93,0.66,44.89,0.65,43.5,0.71,80.94,0.72,35.5,0.29,80.94,0.28,35.5,0.34,44.89,0.35,43.5,0.05,0.05,2319.436964,1776233542000
1776233543.287,143.287,0.68,11.87,0.67,34.39,0.69,15.5,0.7,5.0,0.29,80.94,0.28,35.5,0.34,44.89,0.35,43.5,0.01,0.05,2319.436964,1776233542000
1776233544.098,144.098,0.68,11.87,0.67,34.39,0.69,13.76,0.7,5.0,0.31,13.76,0.3,5.0,0.32,11.87,0.33,34.39,0.01,0.01,2319.4298,1776233543000
1776233545.273,145.273,0.68,11.87,0.67,34.39,0.69,13.76,0.7,5.0,0.31,13.76,0.3,5.0,0.32,11.87,0.33,34.39,0.01,0.01,2319.48962,1776233544000
1776233546.437,146.437,0.68,11.87,0.67,34.39,0.69,13.76,0.7,5.0,0.31,13.76,0.3,5.0,0.32,11.87,0.33,34.39,0.01,0.01,2319.477488,1776233545000
1776233546.674,146.674,0.67,20.6,0.66,44.5,0.69,53.76,0.7,25.5,0.31,13.76,0.3,5.0,0.32,11.87,0.33,34.39,0.02,0.01,2319.477488,1776233545000
1776233547.087,147.087,0.67,20.6,0.66,44.5,0.69,53.76,0.7,25.5,0.31,53.76,0.3,25.5,0.33,20.6,0.34,44.5,0.02,0.02,2319.434366,1776233546000
1776233548.178,148.178,0.67,20.6,0.66,44.5,0.69,53.76,0.7,25.5,0.31,53.76,0.3,25.5,0.33,20.6,0.34,44.5,0.02,0.02,2319.41005,1776233547000
1776233549.25,149.25,0.67,20.6,0.66,44.5,0.69,53.76,0.7,25.5,0.31,53.76,0.3,25.5,0.33,20.6,0.34,44.5,0.02,0.02,2319.350845,1776233548000
1776233550.414,150.414,0.67,20.6,0.66,44.5,0.69,53.76,0.7,25.5,0.31,53.76,0.3,25.5,0.33,20.6,0.34,44.5,0.02,0.02,2319.46085,1776233549000
1776233551.028,151.028,0.71,48.55,0.7,42.5,0.72,20.5,0.73,15.0,0.28,15.5,0.27,15.0,0.29,7.0,0.3,67.5,0.01,0.01,2319.46085,1776233549000
1776233551.54,151.54,0.71,47.0,0.7,48.5,0.72,19.11,0.73,15.0,0.28,20.5,0.27,15.0,0.29,48.55,0.3,42.5,0.01,0.01,2319.418145,1776233550000
1776233552.247,152.247,0.71,47.0,0.7,48.5,0.72,19.11,0.73,15.0,0.28,19.11,0.27,15.0,0.29,47.0,0.3,48.5,0.01,0.01,2319.385521,1776233551000
1776233552.799,152.799,0.71,87.5,0.7,48.5,0.72,15.0,0.73,15.5,0.28,19.11,0.27,15.0,0.29,47.0,0.3,48.5,0.01,0.01,2319.385521,1776233551000
1776233553.373,153.373,0.71,63.05,0.7,43.5,0.72,5.0,0.73,25.5,0.28,15.0,0.27,15.5,0.29,87.5,0.3,48.5,0.01,0.01,2319.385521,1776233551000
1776233553.982,153.982,0.71,63.05,0.7,43.5,0.72,5.0,0.73,25.5,0.28,5.0,0.27,25.5,0.29,63.05,0.3,43.5,0.01,0.01,2319.48369,1776233553000
1776233555.483,155.483,0.71,63.05,0.7,43.5,0.72,5.0,0.73,25.5,0.28,5.0,0.27,25.5,0.29,63.05,0.3,43.5,0.01,0.01,2319.50913,1776233554000
1776233556.035,156.035,0.71,63.05,0.7,43.5,0.72,5.0,0.73,25.5,0.28,5.0,0.27,25.5,0.29,63.05,0.3,43.5,0.01,0.01,2319.50824,1776233555000
1776233557.074,157.074,0.71,63.05,0.7,43.5,0.72,5.0,0.73,25.5,0.28,5.0,0.27,25.5,0.29,63.05,0.3,43.5,0.01,0.01,2319.504,1776233556000
1776233558.063,158.063,0.71,63.05,0.7,43.5,0.72,5.0,0.73,25.5,0.28,5.0,0.27,25.5,0.29,63.05,0.3,43.5,0.01,0.01,2319.500085,1776233557000
1776233559.109,159.109,0.71,63.05,0.7,43.5,0.72,5.0,0.73,25.5,0.28,5.0,0.27,25.5,0.29,63.05,0.3,43.5,0.01,0.01,2319.5047,1776233558000
1776233560.204,160.204,0.7,37.94,0.69,44.39,0.71,13.59,0.72,45.5,0.29,13.59,0.28,45.5,0.3,37.94,0.31,44.39,0.01,0.01,2319.5047,1776233559000
1776233560.879,160.879,0.66,13.0,0.65,20.89,0.7,72.5,0.71,69.09,0.29,13.59,0.28,45.5,0.3,37.94,0.31,44.39,0.04,0.01,2319.5047,1776233559000
1776233561.33,161.33,0.65,20.59,0.64,18.0,0.66,15.0,0.67,65.5,0.34,15.0,0.33,65.5,0.35,20.59,0.36,18.0,0.01,0.01,2319.485924,1776233560000
1776233561.833,161.833,0.65,51.39,0.64,98.0,0.67,20.0,0.68,15.0,0.34,15.0,0.33,65.5,0.35,20.59,0.36,18.0,0.02,0.01,2319.485924,1776233560000
1776233562.337,162.337,0.65,51.39,0.64,98.0,0.67,20.0,0.68,15.0,0.33,20.0,0.32,15.0,0.35,51.39,0.36,98.0,0.02,0.02,2319.40576,1776233561000
1776233562.961,162.961,0.65,51.39,0.64,98.0,0.67,20.0,0.68,15.0,0.33,20.0,0.32,15.0,0.35,51.39,0.36,98.0,0.02,0.02,2319.396103,1776233562000
1776233563.964,163.964,0.65,51.39,0.64,98.0,0.67,20.0,0.68,15.0,0.33,20.0,0.32,15.0,0.35,51.39,0.36,98.0,0.02,0.02,2319.312333,1776233563000
1776233564.942,164.942,0.65,51.39,0.64,98.0,0.67,20.0,0.68,15.0,0.33,20.0,0.32,15.0,0.35,51.39,0.36,98.0,0.02,0.02,2319.378146,1776233564000
1776233566.073,166.073,0.65,51.39,0.64,98.0,0.67,20.0,0.68,15.0,0.33,20.0,0.32,15.0,0.35,51.39,0.36,98.0,0.02,0.02,2319.32175,1776233565000
1776233566.799,166.799,0.65,46.39,0.64,118.5,0.66,1.61,0.67,10.0,0.33,20.0,0.32,15.0,0.35,51.39,0.36,98.0,0.01,0.02,2319.32175,1776233565000
1776233567.044,167.044,0.66,17.55,0.65,46.39,0.67,10.0,0.68,25.0,0.34,1.61,0.33,10.0,0.35,46.39,0.36,118.5,0.01,0.01,2319.32175,1776233565000
1776233567.313,167.313,0.66,17.55,0.65,46.39,0.67,0.51,0.68,25.0,0.33,10.0,0.32,25.0,0.34,17.55,0.35,46.39,0.01,0.01,2319.32665,1776233566000
1776233568.334,168.334,0.67,48.39,0.66,30.44,0.68,4.0,0.69,10.0,0.33,0.51,0.32,25.0,0.34,17.55,0.35,46.39,0.01,0.01,2319.32665,1776233566000
1776233568.685,168.685,0.67,48.39,0.66,30.44,0.68,4.0,0.69,10.0,0.32,4.0,0.31,10.0,0.33,48.39,0.34,30.44,0.01,0.01,2319.296429,1776233567000
1776233569.177,169.177,0.67,48.39,0.66,30.44,0.68,4.0,0.69,10.0,0.32,4.0,0.31,10.0,0.33,48.39,0.34,30.44,0.01,0.01,2319.30165,1776233568000
1776233569.851,169.851,0.67,48.39,0.66,30.44,0.68,4.0,0.69,10.0,0.32,4.0,0.31,10.0,0.33,48.39,0.34,30.44,0.01,0.01,2319.30165,1776233569000
1776233571.005,171.005,0.67,48.39,0.66,30.44,0.68,4.0,0.69,10.0,0.32,4.0,0.31,10.0,0.33,48.39,0.34,30.44,0.01,0.01,2319.34905,1776233570000
1776233571.463,171.463,0.68,30.5,0.67,25.5,0.69,12.84,0.7,20.5,0.32,4.0,0.31,10.0,0.33,48.39,0.34,30.44,0.01,0.01,2319.34905,1776233570000
1776233572.18,172.18,0.68,155.5,0.67,107.39,0.72,10.0,0.74,10.0,0.31,12.84,0.3,20.5,0.32,30.5,0.33,25.5,0.04,0.01,2319.34905,1776233570000
1776233573.348,173.348,0.68,155.5,0.67,107.39,0.72,10.0,0.74,10.0,0.28,10.0,0.26,10.0,0.32,155.5,0.33,107.39,0.04,0.04,2319.385492,1776233572000
1776233573.926,173.926,0.73,117.39,0.72,65.39,0.74,7.0,0.75,5.0,0.26,7.0,0.25,5.0,0.27,117.39,0.28,65.39,0.01,0.01,2319.55955,1776233573000
1776233575.153,175.153,0.73,117.39,0.72,65.39,0.74,7.0,0.75,5.0,0.26,7.0,0.25,5.0,0.27,117.39,0.28,65.39,0.01,0.01,2319.57455,1776233574000
1776233575.469,175.469,0.74,107.5,0.73,74.39,0.75,3.66,0.76,70.0,0.26,7.0,0.25,5.0,0.27,117.39,0.28,65.39,0.01,0.01,2319.57455,1776233574000
1776233575.812,175.812,0.74,125.39,0.73,74.39,0.75,1.1,0.76,70.0,0.25,3.66,0.24,70.0,0.26,107.5,0.27,74.39,0.01,0.01,2319.57455,1776233574000
1776233576.193,176.193,0.74,137.39,0.73,74.39,0.76,70.0,0.77,10.5,0.24,70.0,0.23,10.5,0.26,137.39,0.27,74.39,0.02,0.02,2319.58839,1776233575000
1776233577.315,177.315,0.74,137.39,0.73,74.39,0.76,70.0,0.77,10.5,0.24,70.0,0.23,10.5,0.26,137.39,0.27,74.39,0.02,0.02,2319.584455,1776233576000
1776233577.956,177.956,0.74,137.39,0.73,74.39,0.76,70.0,0.77,10.5,0.24,70.0,0.23,10.5,0.26,137.39,0.27,74.39,0.02,0.02,2319.591735,1776233577000
1776233579.062,179.062,0.74,137.39,0.73,74.39,0.76,70.0,0.77,10.5,0.24,70.0,0.23,10.5,0.26,137.39,0.27,74.39,0.02,0.02,2319.59416,1776233578000
1776233580.111,180.111,0.75,72.0,0.74,55.39,0.76,85.5,0.77,30.5,0.24,70.0,0.23,10.5,0.26,137.39,0.27,74.39,0.01,0.02,2319.59416,1776233578000
1776233581.17,181.17,0.75,72.0,0.74,55.39,0.76,85.5,0.77,30.5,0.24,85.5,0.23,30.5,0.25,72.0,0.26,55.39,0.01,0.01,2319.602185,1776233580000
1776233581.44,181.44,0.75,88.5,0.74,55.39,0.76,68.68,0.77,30.5,0.24,65.0,0.23,40.5,0.25,83.5,0.26,55.39,0.01,0.01,2319.602185,1776233580000
1776233582.268,182.268,0.75,88.5,0.74,55.39,0.76,68.68,0.77,30.5,0.24,68.68,0.23,30.5,0.25,88.5,0.26,55.39,0.01,0.01,2319.598375,1776233581000
1776233583.421,183.421,0.75,88.5,0.74,55.39,0.76,68.68,0.77,30.5,0.24,68.68,0.23,30.5,0.25,88.5,0.26,55.39,0.01,0.01,2319.59655,1776233582000
1776233584.896,184.896,0.75,117.39,0.74,60.39,0.77,10.0,0.78,20.5,0.23,10.0,0.22,20.5,0.25,117.39,0.26,60.39,0.02,0.02,2319.59699,1776233583000
1776233585.629,185.629,0.75,117.39,0.74,60.39,0.77,10.0,0.78,20.5,0.23,10.0,0.22,20.5,0.25,117.39,0.26,60.39,0.02,0.02,2319.600405,1776233584000
1776233586.118,186.118,0.76,204.5,0.75,147.41,0.77,5.75,0.82,70.0,0.23,10.0,0.22,20.5,0.25,117.39,0.26,60.39,0.01,0.02,2319.600405,1776233584000
1776233586.356,186.356,0.76,204.5,0.75,147.41,0.83,25.5,0.84,5.0,0.2,10.5,0.17,25.5,0.24,204.5,0.25,147.41,0.07,0.04,2319.631515,1776233585000
1776233587.078,187.078,0.87,70.0,0.86,70.0,0.91,192.38,0.93,94.83,0.09,200.0,0.07,65.3,0.15,49.64,0.24,253.5,0.04,0.06,2319.631515,1776233585000
1776233587.662,187.662,0.88,20.5,0.87,128.5,0.89,5.0,0.91,5.0,0.09,192.38,0.07,94.83,0.13,70.0,0.14,70.0,0.01,0.04,2319.631515,1776233585000
1776233588.409,188.409,0.89,5.0,0.87,36.5,0.92,5.0,0.93,17.69,0.07,7.69,0.06,20.09,0.11,10.5,0.12,20.5,0.03,0.04,2320.105175,1776233586000
1776233588.854,188.854,0.87,17.76,0.86,20.5,0.9,165.5,0.91,10.0,0.08,5.0,0.07,17.69,0.11,5.0,0.13,36.5,0.03,0.03,2320.515039,1776233587000
1776233589.1,189.1,0.88,11.0,0.87,42.71,0.9,156.0,0.91,10.0,0.1,151.0,0.09,10.0,0.12,10.0,0.13,12.71,0.02,0.02,2320.515039,1776233587000
1776233589.336,189.336,0.88,11.0,0.87,42.71,0.9,156.0,0.91,10.0,0.1,156.0,0.09,10.0,0.12,11.0,0.13,42.71,0.02,0.02,2320.57024,1776233588000
1776233589.982,189.982,0.87,35.23,0.86,20.5,0.88,19.0,0.9,156.0,0.12,19.0,0.1,151.0,0.13,6.87,0.14,36.5,0.01,0.01,2320.57024,1776233588000
1776233590.622,190.622,0.87,32.07,0.86,25.5,0.88,43.0,0.89,36.0,0.12,19.0,0.1,156.0,0.13,35.23,0.14,20.5,0.01,0.01,2320.561655,1776233589000
1776233591.516,191.516,0.87,32.07,0.86,25.5,0.88,43.0,0.89,36.0,0.12,43.0,0.11,36.0,0.13,32.07,0.14,25.5,0.01,0.01,2320.350357,1776233590000
1776233592.198,192.198,0.87,32.07,0.86,25.5,0.88,43.0,0.89,36.0,0.12,43.0,0.11,36.0,0.13,32.07,0.14,25.5,0.01,0.01,2320.29095,1776233591000
1776233593.647,193.647,0.87,32.07,0.86,25.5,0.88,43.0,0.89,36.0,0.12,43.0,0.11,36.0,0.13,32.07,0.14,25.5,0.01,0.01,2320.274172,1776233592000
1776233594.242,194.242,0.87,32.07,0.86,25.5,0.88,43.0,0.89,36.0,0.12,43.0,0.11,36.0,0.13,32.07,0.14,25.5,0.01,0.01,2320.271948,1776233593000
1776233594.954,194.954,0.87,47.57,0.86,25.5,0.88,26.31,0.89,78.0,0.12,43.0,0.11,36.0,0.13,32.07,0.14,25.5,0.01,0.01,2320.271948,1776233593000
1776233595.743,195.743,0.87,47.57,0.86,25.5,0.88,26.31,0.89,78.0,0.12,26.31,0.11,78.0,0.13,47.57,0.14,25.5,0.01,0.01,2320.271676,1776233594000
1776233596.382,196.382,0.87,47.57,0.86,25.5,0.88,26.31,0.89,78.0,0.12,26.31,0.11,78.0,0.13,47.57,0.14,25.5,0.01,0.01,2320.271713,1776233595000
1776233597.071,197.071,0.87,47.57,0.86,25.5,0.88,26.31,0.89,78.0,0.12,26.31,0.11,78.0,0.13,47.57,0.14,25.5,0.01,0.01,2320.271748,1776233596000
1776233597.51,197.51,0.87,39.87,0.86,55.4,0.88,26.31,0.89,78.0,0.12,26.31,0.11,78.0,0.13,47.57,0.14,25.5,0.01,0.01,2320.271748,1776233596000
1776233598.591,198.591,0.87,39.87,0.86,55.4,0.88,26.31,0.89,78.0,0.12,26.31,0.11,78.0,0.13,39.87,0.14,55.4,0.01,0.01,2320.274683,1776233597000
1776233599.303,199.303,0.88,719.17,0.87,102.67,0.89,78.0,0.9,146.0,0.11,78.0,0.1,146.0,0.12,719.17,0.13,102.67,0.01,0.01,2320.274636,1776233598000
1776233599.97,199.97,0.88,719.17,0.87,102.67,0.89,78.0,0.9,146.0,0.11,78.0,0.1,146.0,0.12,719.17,0.13,102.67,0.01,0.01,2320.281344,1776233599000
1776233601.329,201.329,0.88,719.17,0.87,102.67,0.89,78.0,0.9,146.0,0.11,78.0,0.1,146.0,0.12,719.17,0.13,102.67,0.01,0.01,2320.281415,1776233600000
1776233602.382,202.382,0.88,719.17,0.87,102.67,0.89,78.0,0.9,146.0,0.11,78.0,0.1,146.0,0.12,719.17,0.13,102.67,0.01,0.01,2320.280111,1776233601000
1776233603.039,203.039,0.88,874.17,0.87,57.3,0.89,30.63,0.9,176.0,0.11,26.76,0.1,176.0,0.12,844.17,0.13,57.3,0.01,0.01,2320.280111,1776233601000
1776233604.075,204.075,0.88,874.17,0.87,57.3,0.89,29.33,0.9,176.0,0.11,29.33,0.1,176.0,0.12,874.17,0.13,57.3,0.01,0.01,2320.288891,1776233603000
1776233604.382,204.382,0.88,913.77,0.87,57.3,0.89,22.08,0.9,170.0,0.11,29.33,0.1,176.0,0.12,874.17,0.13,57.3,0.01,0.01,2320.288891,1776233603000
1776233605.031,205.031,0.89,14.0,0.88,971.77,0.9,70.0,0.91,240.0,0.11,22.08,0.1,170.0,0.12,913.77,0.13,57.3,0.01,0.01,2320.288891,1776233603000
1776233605.427,205.427,0.89,14.0,0.88,971.77,0.9,70.0,0.91,240.0,0.1,70.0,0.09,240.0,0.11,14.0,0.12,971.77,0.01,0.01,2320.288886,1776233604000
1776233606.172,206.172,0.89,14.0,0.88,971.77,0.9,70.0,0.91,240.0,0.1,70.0,0.09,240.0,0.11,14.0,0.12,971.77,0.01,0.01,2320.291134,1776233605000
1776233607.641,207.641,0.89,83.0,0.88,893.77,0.91,187.85,0.92,20.0,0.1,53.33,0.09,245.0,0.11,84.56,0.12,893.77,0.02,0.01,2320.291134,1776233605000
1776233608.343,208.343,0.9,10.0,0.89,78.0,0.91,182.54,0.92,20.0,0.09,187.85,0.08,20.0,0.11,83.0,0.12,893.77,0.01,0.02,2320.292767,1776233606000
1776233608.621,208.621,0.9,46.56,0.89,53.0,0.91,180.19,0.92,20.0,0.09,182.54,0.08,20.0,0.1,10.0,0.11,78.0,0.01,0.01,2320.288809,1776233607000
1776233609.215,209.215,0.9,46.56,0.89,53.0,0.91,180.19,0.92,20.0,0.09,180.19,0.08,20.0,0.1,46.56,0.11,53.0,0.01,0.01,2320.297916,1776233608000
1776233610.262,210.262,0.9,5.0,0.89,48.0,0.91,185.19,0.92,20.0,0.09,180.19,0.08,20.0,0.1,46.56,0.11,53.0,0.01,0.01,2320.297916,1776233608000
1776233610.568,210.568,0.9,2.22,0.89,53.0,0.91,185.19,0.92,20.0,0.09,185.19,0.08,20.0,0.1,5.0,0.11,48.0,0.01,0.01,2320.297916,1776233608000
1776233611.238,211.238,0.9,2.22,0.89,53.0,0.91,178.55,0.92,20.0,0.09,178.55,0.08,20.0,0.1,2.22,0.11,53.0,0.01,0.01,2320.294174,1776233610000
1776233611.799,211.799,0.9,8.78,0.89,48.0,0.91,172.45,0.92,20.0,0.09,178.55,0.08,20.0,0.1,2.22,0.11,53.0,0.01,0.01,2320.294174,1776233610000
1776233612.065,212.065,0.9,6.56,0.88,729.17,0.91,122.43,0.92,25.0,0.09,172.45,0.08,20.0,0.1,8.78,0.11,34.0,0.01,0.01,2320.294174,1776233610000
1776233612.461,212.461,0.88,720.48,0.86,10.0,0.89,30.5,0.9,53.5,0.09,127.43,0.08,38.0,0.12,729.17,0.14,10.0,0.01,0.03,2320.294174,1776233610000
1776233612.828,212.828,0.88,846.99,0.87,51.49,0.9,111.0,0.91,134.43,0.11,25.5,0.1,123.5,0.12,685.48,0.13,10.0,0.02,0.01,2320.237425,1776233611000
1776233613.223,213.223,0.88,846.99,0.87,51.49,0.9,111.0,0.91,134.43,0.1,111.0,0.09,134.43,0.12,846.99,0.13,51.49,0.02,0.02,2320.2259,1776233612000
1776233614.742,214.742,0.88,846.99,0.87,51.49,0.9,111.0,0.91,134.43,0.1,111.0,0.09,134.43,0.12,846.99,0.13,51.49,0.02,0.02,2320.169522,1776233613000
1776233615.356,215.356,0.88,846.99,0.87,51.49,0.9,111.0,0.91,134.43,0.1,111.0,0.09,134.43,0.12,846.99,0.13,51.49,0.02,0.02,2320.113791,1776233614000
1776233615.63,215.63,0.89,5.46,0.88,716.48,0.9,158.36,0.91,178.43,0.1,163.36,0.09,178.43,0.11,7.0,0.12,716.48,0.01,0.01,2320.113791,1776233614000
1776233616.08,216.08,0.89,5.46,0.88,716.48,0.9,158.36,0.91,178.43,0.1,163.36,0.09,178.43,0.11,5.46,0.12,716.48,0.01,0.01,2320.170244,1776233615000
1776233617.077,217.077,0.88,874.98,0.87,90.5,0.94,32.09,0.95,31.0,0.1,163.36,0.09,178.43,0.11,5.46,0.12,716.48,0.06,0.01,2320.170244,1776233615000
1776233617.34,217.34,0.89,26.0,0.88,879.98,0.94,31.99,0.95,31.0,0.06,32.09,0.05,31.0,0.11,26.0,0.12,874.98,0.05,0.05,2320.170244,1776233615000
1776233617.543,217.543,0.89,26.0,0.88,879.98,0.96,19.27,0.97,163.69,0.06,24.1,0.05,31.0,0.11,26.0,0.12,879.98,0.07,0.05,2320.127321,1776233616000
1776233617.756,217.756,0.94,25.0,0.93,5.0,0.96,3.93,0.97,113.69,0.04,10.93,0.03,163.69,0.11,26.0,0.12,879.98,0.02,0.07,2320.127321,1776233616000
1776233618.092,218.092,0.94,25.0,0.93,5.0,0.97,97.62,0.98,534.7,0.03,97.62,0.02,534.7,0.06,25.0,0.07,5.0,0.03,0.03,2320.083283,1776233617000
1776233618.598,218.598,0.94,25.0,0.93,15.75,0.97,104.93,0.98,489.7,0.04,20.0,0.03,89.93,0.05,0.21,0.06,25.0,0.03,0.01,2320.083283,1776233617000
1776233618.96,218.96,0.93,15.38,0.92,10.0,0.94,13.33,0.95,129.47,0.05,19.47,0.04,135.0,0.06,20.0,0.07,15.38,0.01,0.01,2320.083283,1776233617000
1776233619.207,219.207,0.93,7.8,0.92,10.0,0.94,10.98,0.95,110.0,0.06,10.98,0.05,110.0,0.07,15.38,0.08,10.0,0.01,0.01,2320.083283,1776233617000
1776233619.797,219.797,0.93,6.52,0.92,10.0,0.94,6.9,0.95,110.0,0.06,17.75,0.05,110.0,0.07,6.52,0.08,10.0,0.01,0.01,2320.083283,1776233617000
1776233620.059,220.059,0.93,6.52,0.92,10.0,0.94,6.9,0.95,110.0,0.06,6.9,0.05,110.0,0.07,6.52,0.08,10.0,0.01,0.01,2320.540991,1776233619000
1776233620.929,220.929,0.93,5.0,0.92,10.0,0.94,15.0,0.95,10.0,0.05,102.9,0.04,140.0,0.07,6.52,0.08,10.0,0.01,0.02,2320.540991,1776233619000
1776233621.362,221.362,0.91,10.0,0.9,53.5,0.93,13.0,0.94,10.0,0.06,10.0,0.05,20.0,0.08,5.0,0.09,10.0,0.02,0.02,2320.503895,1776233620000
1776233621.803,221.803,0.9,58.5,0.89,56.5,0.94,10.0,0.95,15.0,0.07,13.0,0.06,10.0,0.08,15.0,0.09,10.0,0.04,0.01,2320.503895,1776233620000
1776233622.082,222.082,0.9,58.5,0.89,56.5,0.94,10.0,0.95,15.0,0.06,10.0,0.05,15.0,0.1,58.5,0.11,56.5,0.04,0.04,2320.375418,1776233621000
1776233623.111,223.111,0.9,58.5,0.89,56.5,0.94,10.0,0.95,15.0,0.06,10.0,0.05,15.0,0.1,58.5,0.11,56.5,0.04,0.04,2320.291446,1776233622000
1776233624.129,224.129,0.88,703.4,0.87,15.0,0.92,10.0,0.93,48.0,0.08,10.0,0.07,48.0,0.12,703.4,0.13,15.0,0.04,0.04,2320.278784,1776233623000
1776233624.368,224.368,0.9,5.0,0.88,708.4,0.91,21.0,0.92,43.28,0.08,14.28,0.07,48.0,0.12,703.4,0.13,15.0,0.01,0.04,2320.278784,1776233623000
1776233624.908,224.908,0.89,25.0,0.88,713.4,0.91,130.0,0.92,43.28,0.09,31.0,0.08,43.28,0.1,5.0,0.12,708.4,0.02,0.01,2320.278784,1776233623000
1776233626.129,226.129,0.89,25.0,0.88,713.4,0.91,130.0,0.92,43.28,0.09,130.0,0.08,43.28,0.11,25.0,0.12,713.4,0.02,0.02,2320.14369,1776233625000
1776233627.119,227.119,0.89,25.0,0.88,713.4,0.91,130.0,0.92,43.28,0.09,130.0,0.08,43.28,0.11,25.0,0.12,713.4,0.02,0.02,2320.129165,1776233626000
1776233628.2,228.2,0.89,25.0,0.88,713.4,0.91,130.0,0.92,43.28,0.09,130.0,0.08,43.28,0.11,25.0,0.12,713.4,0.02,0.02,2320.178943,1776233627000
1776233629.197,229.197,0.89,25.0,0.88,713.4,0.91,130.0,0.92,43.28,0.09,130.0,0.08,43.28,0.11,25.0,0.12,713.4,0.02,0.02,2320.120778,1776233628000
1776233630.229,230.229,0.89,25.0,0.88,713.4,0.91,130.0,0.92,43.28,0.09,130.0,0.08,43.28,0.11,25.0,0.12,713.4,0.02,0.02,2320.123345,1776233629000
1776233630.682,230.682,0.89,42.29,0.88,779.5,0.91,211.68,0.92,43.28,0.09,130.0,0.08,43.28,0.11,25.0,0.12,713.4,0.02,0.02,2320.123345,1776233629000
1776233631.23,231.23,0.89,42.29,0.88,779.5,0.91,211.68,0.92,43.28,0.09,211.68,0.08,43.28,0.11,42.29,0.12,779.5,0.02,0.02,2320.118223,1776233630000
1776233631.544,231.544,0.9,25.5,0.89,32.29,0.91,189.7,0.92,43.28,0.09,211.68,0.08,43.28,0.11,42.29,0.12,779.5,0.01,0.02,2320.118223,1776233630000
1776233632.289,232.289,0.9,25.5,0.89,32.29,0.91,184.2,0.92,48.28,0.09,184.2,0.08,48.28,0.1,25.5,0.11,32.29,0.01,0.01,2320.220715,1776233631000
1776233633.308,233.308,0.9,25.5,0.89,32.29,0.91,184.2,0.92,48.28,0.09,184.2,0.08,48.28,0.1,25.5,0.11,32.29,0.01,0.01,2320.21964,1776233632000
1776233634.125,234.125,0.9,15.09,0.89,66.93,0.91,224.1,0.92,90.27,0.09,184.2,0.08,48.28,0.1,25.5,0.11,32.29,0.01,0.01,2320.21964,1776233632000
1776233634.387,234.387,0.9,15.09,0.89,66.93,0.91,224.1,0.92,90.27,0.09,224.1,0.08,90.27,0.1,15.09,0.11,66.93,0.01,0.01,2320.175499,1776233633000
1776233634.975,234.975,0.9,15.09,0.89,66.93,0.91,224.1,0.92,90.27,0.09,224.1,0.08,90.27,0.1,15.09,0.11,66.93,0.01,0.01,2320.199185,1776233634000
1776233636.377,236.377,0.9,15.09,0.89,66.93,0.91,224.1,0.92,90.27,0.09,224.1,0.08,90.27,0.1,15.09,0.11,66.93,0.01,0.01,2320.121677,1776233635000
1776233637.243,237.243,0.9,99.09,0.89,40.5,0.91,178.2,0.92,43.28,0.09,178.2,0.08,43.28,0.1,99.09,0.11,40.5,0.01,0.01,2320.182256,1776233636000
1776233638.319,238.319,0.9,99.09,0.89,40.5,0.91,178.2,0.92,43.28,0.09,178.2,0.08,43.28,0.1,99.09,0.11,40.5,0.01,0.01,2320.130691,1776233637000
1776233639.058,239.058,0.9,99.09,0.89,40.5,0.91,178.2,0.92,43.28,0.09,178.2,0.08,43.28,0.1,99.09,0.11,40.5,0.01,0.01,2320.130691,1776233638000
1776233640.328,240.328,0.9,104.09,0.89,61.79,0.91,174.9,0.92,243.28,0.09,178.2,0.08,43.28,0.1,99.09,0.11,40.5,0.01,0.01,2320.130691,1776233638000
1776233641.043,241.043,0.9,139.09,0.89,61.79,0.91,173.8,0.92,234.0,0.09,174.9,0.08,243.28,0.1,104.09,0.11,61.79,0.01,0.01,2320.1952,1776233639000
1776233641.253,241.253,0.9,144.09,0.89,61.79,0.92,208.8,0.93,113.3,0.09,173.8,0.08,234.0,0.1,139.09,0.11,61.79,0.02,0.01,2320.13156,1776233640000
1776233642.318,242.318,0.91,10.0,0.9,60.09,0.92,205.7,0.93,113.3,0.08,205.7,0.07,113.3,0.09,10.0,0.1,60.09,0.01,0.01,2320.080096,1776233641000
1776233643.054,243.054,0.91,10.0,0.9,60.09,0.92,205.7,0.93,113.3,0.08,205.7,0.07,113.3,0.09,10.0,0.1,60.09,0.01,0.01,2320.083781,1776233642000
1776233644.414,244.414,0.91,10.0,0.9,60.09,0.92,205.7,0.93,113.3,0.08,205.7,0.07,113.3,0.09,10.0,0.1,60.09,0.01,0.01,2320.078812,1776233643000
1776233645.083,245.083,0.91,10.0,0.9,60.09,0.92,205.7,0.93,113.3,0.08,205.7,0.07,113.3,0.09,10.0,0.1,60.09,0.01,0.01,2320.066373,1776233644000
1776233645.852,245.852,0.9,5.09,0.89,93.79,0.91,36.0,0.92,220.7,0.08,205.7,0.07,113.3,0.09,10.0,0.1,60.09,0.01,0.01,2320.066373,1776233644000
1776233646.337,246.337,0.9,5.09,0.89,93.79,0.91,36.0,0.92,220.7,0.09,36.0,0.08,220.7,0.1,5.09,0.11,93.79,0.01,0.01,2320.06156,1776233645000
1776233646.758,246.758,0.9,50.09,0.89,93.79,0.91,42.22,0.92,220.7,0.09,36.0,0.08,220.7,0.1,5.09,0.11,93.79,0.01,0.01,2320.06156,1776233645000
1776233647.14,247.14,0.9,50.09,0.89,93.79,0.91,42.22,0.92,220.7,0.09,42.22,0.08,220.7,0.1,50.09,0.11,93.79,0.01,0.01,2320.04765,1776233646000
1776233647.402,247.402,0.88,664.81,0.86,10.0,0.91,43.44,0.92,220.7,0.09,48.44,0.08,215.7,0.1,60.0,0.11,88.79,0.03,0.01,2320.04765,1776233646000
1776233648.008,248.008,0.88,614.81,0.87,10.0,0.89,25.0,0.9,188.0,0.09,43.44,0.08,220.7,0.12,664.81,0.14,10.0,0.01,0.03,2320.04765,1776233646000
1776233648.403,248.403,0.88,604.81,0.87,15.0,0.89,10.95,0.9,188.0,0.11,25.0,0.1,188.0,0.12,594.81,0.13,10.0,0.01,0.01,2320.04765,1776233646000
1776233649.09,249.09,0.88,604.81,0.87,15.0,0.89,10.95,0.9,188.0,0.11,10.95,0.1,188.0,0.12,604.81,0.13,15.0,0.01,0.01,2319.931538,1776233648000
1776233650.268,250.268,0.88,595.81,0.87,20.0,0.89,5.0,0.9,188.0,0.11,5.0,0.1,188.0,0.12,595.81,0.13,20.0,0.01,0.01,2319.878642,1776233649000
1776233650.815,250.815,0.88,571.81,0.85,49.64,0.89,79.0,0.9,83.0,0.11,5.0,0.1,188.0,0.12,595.81,0.13,20.0,0.01,0.01,2319.878642,1776233649000
1776233651.046,251.046,0.73,10.0,0.72,10.0,0.75,65.0,0.76,25.56,0.24,25.56,0.14,50.0,0.25,5.0,0.27,10.0,0.02,0.01,2319.878642,1776233649000
1776233651.308,251.308,0.73,10.0,0.72,10.0,0.75,60.0,0.76,25.56,0.25,60.0,0.24,25.56,0.27,10.0,0.28,10.0,0.02,0.02,2319.732848,1776233650000
1776233651.762,251.762,0.66,50.0,0.64,150.0,0.75,55.0,0.76,25.56,0.25,60.0,0.24,25.56,0.27,10.0,0.28,10.0,0.09,0.02,2319.732848,1776233650000
1776233652.209,252.209,0.68,15.0,0.66,63.91,0.74,3.43,0.75,65.0,0.25,55.0,0.24,25.56,0.34,48.91,0.36,150.0,0.06,0.09,2319.732848,1776233650000
1776233652.479,252.479,0.71,15.0,0.7,17.0,0.74,10.0,0.75,63.66,0.28,5.0,0.27,10.0,0.32,14.0,0.33,10.0,0.03,0.04,2319.725119,1776233651000
1776233652.797,252.797,0.73,27.0,0.72,22.0,0.74,10.0,0.75,63.66,0.26,10.0,0.25,63.66,0.29,15.0,0.3,17.0,0.01,0.03,2319.725119,1776233651000
1776233653.385,253.385,0.73,22.0,0.72,22.0,0.74,9.75,0.75,53.66,0.26,10.0,0.25,63.66,0.27,27.0,0.28,22.0,0.01,0.01,2319.400398,1776233652000
1776233653.656,253.656,0.74,15.0,0.73,22.0,0.75,158.84,0.76,35.56,0.26,9.75,0.25,53.66,0.27,22.0,0.28,22.0,0.01,0.01,2319.400398,1776233652000
1776233653.89,253.89,0.74,8.1,0.73,22.0,0.75,31.34,0.76,35.56,0.25,31.34,0.24,35.56,0.26,15.0,0.27,22.0,0.01,0.01,2319.400398,1776233652000
1776233654.096,254.096,0.73,22.0,0.72,17.0,0.75,31.34,0.76,35.56,0.25,31.34,0.24,35.56,0.26,8.1,0.27,22.0,0.02,0.01,2319.228677,1776233653000
1776233654.464,254.464,0.74,15.0,0.73,22.0,0.76,25.98,0.77,10.0,0.25,31.34,0.24,35.56,0.27,22.0,0.28,17.0,0.02,0.02,2319.228677,1776233653000
1776233654.714,254.714,0.74,15.65,0.73,22.0,0.75,10.0,0.76,30.98,0.24,25.98,0.23,10.0,0.26,15.0,0.27,22.0,0.01,0.02,2319.228677,1776233653000
1776233655.127,255.127,0.72,2.78,0.71,10.0,0.75,15.0,0.76,25.98,0.25,15.0,0.24,25.98,0.28,2.78,0.29,10.0,0.03,0.03,2319.1205,1776233654000
1776233656.208,256.208,0.73,32.0,0.72,2.78,0.74,20.0,0.75,10.0,0.26,20.0,0.25,10.0,0.27,32.0,0.28,2.78,0.01,0.01,2319.118331,1776233655000
1776233656.677,256.677,0.65,78.0,0.64,28.0,0.69,10.0,0.7,10.0,0.26,19.75,0.25,10.0,0.33,10.0,0.35,10.0,0.04,0.07,2319.118331,1776233655000
1776233656.906,256.906,0.66,66.85,0.65,33.0,0.68,10.0,0.69,10.0,0.31,10.0,0.3,10.0,0.34,63.0,0.35,20.0,0.02,0.03,2319.118331,1776233655000
1776233657.257,257.257,0.66,66.85,0.65,33.0,0.68,10.0,0.69,10.0,0.32,10.0,0.31,10.0,0.34,66.85,0.35,33.0,0.02,0.02,2319.119727,1776233656000
1776233658.058,258.058,0.67,18.55,0.66,73.0,0.68,10.0,0.69,10.0,0.32,15.0,0.31,10.0,0.33,22.89,0.34,73.0,0.01,0.01,2319.119727,1776233656000
1776233658.307,258.307,0.67,18.55,0.66,73.0,0.68,10.0,0.69,10.0,0.32,10.0,0.31,10.0,0.33,18.55,0.34,73.0,0.01,0.01,2319.121843,1776233657000
1776233658.67,258.67,0.68,15.0,0.67,23.0,0.72,17.0,0.73,13.0,0.31,20.0,0.3,10.0,0.33,24.0,0.34,60.0,0.04,0.02,2319.121843,1776233657000
1776233659.521,259.521,0.68,15.0,0.67,23.0,0.72,17.0,0.73,13.0,0.28,17.0,0.27,13.0,0.32,15.0,0.33,23.0,0.04,0.04,2319.044507,1776233658000
1776233659.964,259.964,0.68,15.0,0.67,23.0,0.72,17.0,0.73,13.0,0.28,17.0,0.27,13.0,0.32,15.0,0.33,23.0,0.04,0.04,2319.042551,1776233659000
1776233661.035,261.035,0.66,67.0,0.65,18.0,0.68,8.0,0.69,10.0,0.28,17.0,0.27,13.0,0.32,15.0,0.33,23.0,0.02,0.04,2319.042551,1776233659000
1776233661.4,261.4,0.66,50.0,0.65,10.0,0.73,28.3,0.74,34.46,0.32,8.0,0.31,10.0,0.34,67.0,0.35,18.0,0.07,0.02,2319.048085,1776233660000
1776233662.246,262.246,0.68,10.0,0.67,10.0,0.7,2.57,0.71,10.0,0.3,2.57,0.29,10.0,0.32,10.0,0.33,10.0,0.02,0.02,2319.053234,1776233661000
1776233662.838,262.838,0.72,2.09,0.71,10.0,0.73,18.3,0.74,34.46,0.3,2.57,0.29,10.0,0.32,10.0,0.33,10.0,0.01,0.02,2319.053234,1776233661000
1776233663.352,263.352,0.72,2.09,0.71,10.0,0.74,37.28,0.75,29.2,0.27,18.3,0.26,34.46,0.28,2.09,0.29,10.0,0.02,0.01,2319.053234,1776233661000
1776233664.316,264.316,0.73,10.0,0.72,2.09,0.75,28.78,0.76,45.68,0.26,37.28,0.25,29.2,0.28,2.09,0.29,10.0,0.02,0.02,2319.05838,1776233662000
1776233664.541,264.541,0.73,6.29,0.72,2.09,0.74,10.0,0.75,10.0,0.25,28.78,0.24,45.68,0.27,10.0,0.28,2.09,0.01,0.02,2319.05838,1776233662000
1776233665.252,265.252,0.73,6.29,0.72,2.09,0.74,10.0,0.75,10.0,0.26,10.0,0.25,10.0,0.27,6.29,0.28,2.09,0.01,0.01,2319.032393,1776233664000
1776233665.499,265.499,0.73,10.0,0.72,2.09,0.74,20.31,0.75,10.0,0.26,10.0,0.25,10.0,0.27,6.29,0.28,2.09,0.01,0.01,2319.032393,1776233664000
1776233665.857,265.857,0.66,67.64,0.65,15.0,0.74,15.31,0.75,10.0,0.26,20.31,0.25,10.0,0.27,10.0,0.28,2.09,0.08,0.01,2319.032393,1776233664000
1776233666.114,266.114,0.57,5.11,0.56,10.0,0.59,10.0,0.6,10.0,0.41,10.0,0.4,10.0,0.43,10.0,0.44,10.0,0.02,0.02,2319.032393,1776233664000
1776233666.36,266.36,0.55,4.69,0.54,10.0,0.65,10.0,0.66,115.99,0.43,10.0,0.42,10.0,0.45,9.69,0.46,10.0,0.1,0.02,2319.032393,1776233664000
1776233666.97,266.97,0.55,4.69,0.54,10.0,0.65,10.0,0.66,115.99,0.35,10.0,0.34,115.99,0.45,4.69,0.46,10.0,0.1,0.1,2319.054943,1776233666000
1776233667.187,267.187,0.6,20.0,0.59,15.0,0.65,15.0,0.66,125.99,0.39,5.08,0.38,10.0,0.4,20.0,0.41,15.0,0.05,0.01,2319.054943,1776233666000
1776233667.602,267.602,0.6,15.0,0.59,15.0,0.61,10.0,0.62,10.0,0.35,15.0,0.34,125.99,0.4,20.0,0.41,15.0,0.01,0.05,2319.054943,1776233666000
1776233668.29,268.29,0.64,4.0,0.63,15.0,0.65,10.0,0.66,65.0,0.34,76.87,0.33,21.0,0.4,15.0,0.41,15.0,0.01,0.06,2319.054943,1776233666000
1776233668.522,268.522,0.63,15.0,0.62,10.0,0.65,10.0,0.66,65.0,0.35,10.0,0.34,65.0,0.36,4.0,0.37,15.0,0.02,0.01,2319.044766,1776233667000
1776233669.14,269.14,0.61,15.0,0.6,15.0,0.64,5.0,0.65,10.0,0.34,29.39,0.33,21.0,0.36,10.0,0.37,15.0,0.03,0.02,2319.044766,1776233667000
1776233669.408,269.408,0.58,9.16,0.57,10.0,0.64,10.0,0.65,10.0,0.36,5.0,0.35,10.0,0.39,15.0,0.4,15.0,0.06,0.03,2319.044766,1776233667000
1776233669.637,269.637,0.62,10.0,0.61,20.0,0.63,5.0,0.64,10.0,0.36,10.0,0.35,10.0,0.42,9.16,0.43,10.0,0.01,0.06,2318.938248,1776233668000
1776233669.912,269.912,0.62,20.0,0.61,15.0,0.64,5.56,0.65,10.0,0.37,5.0,0.36,10.0,0.38,10.0,0.39,20.0,0.02,0.01,2318.938248,1776233668000
1776233670.129,270.129,0.62,20.0,0.61,15.0,0.63,2.79,0.64,5.56,0.36,5.56,0.35,10.0,0.38,20.0,0.39,15.0,0.01,0.02,2318.938248,1776233668000
1776233670.819,270.819,0.63,20.0,0.62,15.0,0.65,7.2,0.66,29.39,0.37,2.79,0.36,5.56,0.38,20.0,0.39,15.0,0.02,0.01,2318.925554,1776233669000
1776233671.298,271.298,0.63,20.0,0.62,15.0,0.65,7.2,0.66,29.39,0.35,7.2,0.34,29.39,0.37,20.0,0.38,15.0,0.02,0.02,2318.919242,1776233670000
1776233671.868,271.868,0.63,20.0,0.62,15.0,0.65,7.2,0.66,29.39,0.35,7.2,0.34,29.39,0.37,20.0,0.38,15.0,0.02,0.02,2318.916329,1776233671000
1776233672.798,272.798,0.51,52.64,0.5,23.0,0.58,30.0,0.61,10.0,0.35,7.2,0.34,29.39,0.37,20.0,0.38,15.0,0.07,0.02,2318.916329,1776233671000
1776233673.06,273.06,0.46,2.82,0.45,15.0,0.51,29.5,0.52,10.0,0.49,29.5,0.48,10.0,0.54,2.82,0.55,15.0,0.05,0.05,2318.904587,1776233672000
1776233673.31,273.31,0.46,23.15,0.45,20.0,0.47,25.87,0.48,24.0,0.53,30.87,0.52,24.0,0.54,14.48,0.55,20.0,0.01,0.01,2318.904587,1776233672000
1776233673.894,273.894,0.46,23.15,0.45,20.0,0.47,26.87,0.48,24.0,0.53,25.87,0.52,24.0,0.54,23.15,0.55,20.0,0.01,0.01,2318.904587,1776233672000
1776233674.214,274.214,0.46,23.15,0.45,20.0,0.47,26.87,0.48,24.0,0.53,26.87,0.52,24.0,0.54,23.15,0.55,20.0,0.01,0.01,2318.867364,1776233673000
1776233674.69,274.69,0.44,10.0,0.38,5.0,0.46,50.87,0.47,24.0,0.52,39.87,0.51,23.0,0.53,8.0,0.54,13.15,0.02,0.01,2318.867364,1776233673000
1776233674.903,274.903,0.39,10.0,0.38,10.0,0.45,10.0,0.46,10.0,0.54,50.87,0.53,24.0,0.56,10.0,0.62,5.0,0.06,0.02,2318.867364,1776233673000
1776233675.373,275.373,0.4,8.01,0.39,10.0,0.41,40.87,0.42,29.0,0.59,40.87,0.58,29.0,0.6,8.01,0.61,10.0,0.01,0.01,2318.659775,1776233674000
1776233675.686,275.686,0.4,13.01,0.39,15.0,0.42,20.71,0.43,29.0,0.58,16.19,0.57,29.0,0.6,13.01,0.61,15.0,0.02,0.02,2318.659775,1776233674000
1776233676.01,276.01,0.37,120.17,0.36,130.0,0.4,15.0,0.41,20.0,0.59,20.0,0.58,20.71,0.61,13.72,0.62,8.0,0.03,0.02,2318.644632,1776233675000
1776233676.745,276.745,0.39,10.0,0.38,10.0,0.4,147.37,0.41,27.0,0.6,15.0,0.59,20.0,0.61,10.0,0.62,10.0,0.01,0.01,2318.644632,1776233675000
1776233677.052,277.052,0.39,10.0,0.38,10.0,0.4,147.37,0.41,27.0,0.6,147.37,0.59,27.0,0.61,10.0,0.62,10.0,0.01,0.01,2318.563577,1776233676000
1776233677.365,277.365,0.38,10.0,0.37,53.17,0.39,90.87,0.4,29.5,0.6,147.37,0.59,27.0,0.63,123.17,0.64,130.0,0.01,0.03,2318.563577,1776233676000
1776233677.73,277.73,0.37,17.7,0.36,60.0,0.39,129.95,0.4,29.5,0.61,90.87,0.6,29.5,0.62,10.0,0.63,53.17,0.02,0.01,2318.563577,1776233676000
1776233678.006,278.006,0.37,5.44,0.31,50.0,0.38,254.0,0.39,30.08,0.61,129.95,0.6,29.5,0.63,17.7,0.64,60.0,0.01,0.02,2318.563577,1776233676000
1776233679.42,279.42,0.31,56.68,0.28,5.0,0.32,187.0,0.33,31.0,0.62,259.0,0.61,30.08,0.69,50.0,0.72,5.0,0.01,0.07,2318.58107,1776233677000
1776233679.823,279.823,0.31,56.68,0.28,5.0,0.32,187.0,0.33,31.0,0.68,187.0,0.67,31.0,0.69,56.68,0.72,5.0,0.01,0.01,2318.498951,1776233678000
1776233680.322,280.322,0.31,56.68,0.28,5.0,0.32,187.0,0.33,31.0,0.68,187.0,0.67,31.0,0.69,56.68,0.72,5.0,0.01,0.01,2318.464276,1776233679000
1776233680.801,280.801,0.31,14.92,0.3,80.0,0.32,201.0,0.33,31.0,0.68,187.0,0.67,31.0,0.69,56.68,0.72,5.0,0.01,0.01,2318.464276,1776233679000
1776233681.295,281.295,0.4,64.92,0.38,91.0,0.43,10.0,0.46,50.0,0.68,181.0,0.67,31.0,0.69,14.92,0.7,80.0,0.03,0.01,2318.415635,1776233680000
1776233681.55,281.55,0.42,0.37,0.41,10.0,0.45,1.88,0.46,62.0,0.57,10.0,0.54,62.0,0.58,0.37,0.59,10.0,0.03,0.01,2318.415635,1776233680000
1776233682.019,282.019,0.5,120.0,0.49,80.0,0.53,8.66,0.59,100.0,0.49,43.88,0.47,20.0,0.56,10.0,0.57,10.0,0.03,0.07,2318.415635,1776233680000
1776233682.562,282.562,0.58,2.47,0.57,10.0,0.59,74.0,0.6,5.0,0.41,59.0,0.39,50.0,0.5,115.0,0.51,80.0,0.01,0.09,2318.519658,1776233681000
1776233682.87,282.87,0.58,14.25,0.57,0.31,0.59,84.0,0.6,5.0,0.41,74.0,0.4,5.0,0.43,0.31,0.44,10.0,0.01,0.02,2318.519658,1776233681000
1776233683.195,283.195,0.56,51.15,0.55,80.0,0.58,17.0,0.59,15.0,0.41,84.0,0.4,5.0,0.42,14.25,0.43,0.31,0.02,0.01,2318.519658,1776233681000
1776233683.465,283.465,0.56,32.0,0.55,10.0,0.57,0.58,0.58,92.0,0.42,17.0,0.41,15.0,0.44,51.15,0.45,80.0,0.01,0.02,2318.455554,1776233682000
1776233683.837,283.837,0.56,15.25,0.55,10.0,0.57,37.58,0.58,80.0,0.43,0.58,0.42,92.0,0.44,32.0,0.45,10.0,0.01,0.01,2318.455554,1776233682000
1776233684.082,284.082,0.56,15.25,0.55,10.0,0.57,37.58,0.58,80.0,0.43,37.58,0.42,80.0,0.44,15.25,0.45,10.0,0.01,0.01,2318.6429,1776233683000
1776233684.958,284.958,0.56,5.09,0.55,10.0,0.58,57.63,0.59,10.0,0.43,37.58,0.42,80.0,0.44,5.09,0.46,10.0,0.02,0.01,2318.6429,1776233683000
1776233685.244,285.244,0.56,5.09,0.55,10.0,0.58,57.63,0.59,10.0,0.42,57.63,0.41,10.0,0.44,5.09,0.45,10.0,0.02,0.02,2318.775555,1776233684000
1776233685.603,285.603,0.56,14.59,0.55,10.0,0.58,5.0,0.59,5.0,0.42,57.63,0.41,10.0,0.44,5.09,0.45,10.0,0.02,0.02,2318.775555,1776233684000
1776233685.832,285.832,0.6,107.0,0.59,22.0,0.75,10.0,0.76,65.98,0.41,5.0,0.39,10.0,0.43,14.75,0.44,74.59,0.15,0.02,2318.775555,1776233684000
1776233686.183,286.183,0.75,28.0,0.74,10.0,0.8,9.72,0.81,50.0,0.24,55.88,0.22,10.0,0.25,28.0,0.26,10.0,0.05,0.01,2318.775555,1776233684000
1776233686.391,286.391,0.79,28.0,0.78,18.0,0.82,70.0,0.91,50.0,0.2,9.72,0.19,50.0,0.25,10.15,0.26,10.0,0.03,0.05,2318.775555,1776233684000
1776233686.681,286.681,0.81,23.0,0.8,44.3,0.82,32.97,0.85,10.0,0.18,39.79,0.09,60.0,0.19,18.0,0.2,44.3,0.01,0.01,2318.775555,1776233684000
1776233686.894,286.894,0.81,13.26,0.8,44.3,0.83,15.94,0.84,15.11,0.17,10.0,0.16,15.11,0.19,46.0,0.2,44.3,0.02,0.02,2318.769235,1776233685000
1776233687.214,287.214,0.79,9.72,0.78,10.0,0.82,15.61,0.83,14.86,0.17,13.34,0.16,15.11,0.2,2.56,0.21,10.0,0.03,0.03,2318.769235,1776233685000
1776233687.416,287.416,0.79,9.72,0.78,10.0,0.81,18.82,0.82,15.61,0.18,15.61,0.17,14.86,0.21,9.72,0.22,10.0,0.02,0.03,2318.768825,1776233686000
1776233687.667,287.667,0.8,20.0,0.79,9.72,0.91,59.83,0.92,10.0,0.19,0.18,0.18,15.61,0.2,10.0,0.21,9.72,0.11,0.01,2318.768825,1776233686000
1776233688.345,288.345,0.77,16.39,0.76,26.0,0.81,7.0,0.82,10.0,0.19,15.76,0.16,10.0,0.2,20.0,0.21,9.72,0.04,0.01,2318.768825,1776233686000
1776233688.677,288.677,0.76,22.41,0.75,40.0,0.8,13.67,0.81,10.0,0.2,8.62,0.19,10.0,0.23,18.0,0.24,26.0,0.04,0.03,2318.927475,1776233687000
1776233689.167,289.167,0.76,22.41,0.75,40.0,0.8,13.67,0.81,10.0,0.2,13.67,0.19,10.0,0.24,22.41,0.25,40.0,0.04,0.04,2318.9825,1776233688000
1776233689.589,289.589,0.85,21.7,0.84,15.0,0.86,83.13,0.87,10.0,0.14,28.13,0.13,10.0,0.15,23.0,0.16,15.0,0.01,0.01,2318.9825,1776233688000
1776233690.352,290.352,0.85,21.7,0.84,15.0,0.86,83.13,0.87,10.0,0.14,83.13,0.13,10.0,0.15,21.7,0.16,15.0,0.01,0.01,2319.00215,1776233689000
1776233690.895,290.895,0.85,15.0,0.84,15.0,0.86,73.13,0.89,10.0,0.14,83.13,0.13,10.0,0.15,21.7,0.16,15.0,0.01,0.01,2319.00215,1776233689000
1776233691.451,291.451,0.85,20.0,0.84,15.0,0.91,10.0,0.92,10.0,0.14,73.13,0.11,10.0,0.15,15.0,0.16,15.0,0.06,0.01,2318.98264,1776233690000
1776233691.835,291.835,0.88,15.0,0.87,15.0,0.9,8.88,0.91,10.0,0.09,10.0,0.08,10.0,0.15,20.0,0.16,15.0,0.02,0.06,2318.98264,1776233690000
1776233692.128,292.128,0.87,5.0,0.86,26.62,0.88,13.86,0.89,10.0,0.1,8.88,0.09,10.0,0.12,15.0,0.13,15.0,0.01,0.02,2318.98264,1776233690000
1776233692.334,292.334,0.89,2.72,0.88,10.0,0.9,10.0,0.91,10.0,0.12,13.86,0.11,10.0,0.13,5.0,0.14,26.62,0.01,0.01,2319.014045,1776233691000
1776233693.421,293.421,0.88,7.72,0.87,15.0,0.9,10.0,0.91,10.0,0.1,10.0,0.09,10.0,0.12,7.72,0.13,15.0,0.02,0.02,2319.012576,1776233692000
1776233693.959,293.959,0.88,7.72,0.87,15.0,0.9,10.0,0.91,10.0,0.1,10.0,0.09,10.0,0.12,7.72,0.13,15.0,0.02,0.02,2319.012426,1776233693000
1776233695.248,295.248,0.92,20.0,0.91,15.0,0.94,26.45,0.95,15.0,0.1,10.0,0.09,10.0,0.12,7.72,0.13,15.0,0.02,0.02,2319.012426,1776233693000
1776233695.719,295.719,0.93,15.0,0.92,20.0,0.94,14.97,0.95,15.0,0.06,14.97,0.05,15.0,0.07,15.0,0.08,20.0,0.01,0.01,2318.988413,1776233694000
1776233696.004,296.004,0.94,5.0,0.93,5.0,0.96,69.1,0.97,76.93,0.05,5.19,0.04,69.1,0.06,15.0,0.07,15.0,0.02,0.01,2318.988413,1776233694000
1776233696.21,296.21,0.11,30.0,0.1,117.7,0.19,30.0,0.2,13.37,0.59,54.25,0.54,50.0,0.74,10.0,0.84,30.0,0.08,0.15,2318.988413,1776233694000
1776233696.464,296.464,0.11,44.18,0.1,10.1,0.12,10.0,0.13,10.0,0.85,2.66,0.84,10.0,0.89,49.18,0.94,61.91,0.01,0.04,2318.98715,1776233695000
1776233696.685,296.685,0.05,6.87,0.04,10.85,0.07,10.0,0.08,10.0,0.92,10.0,0.86,8.1,0.96,0.85,0.97,93.09,0.02,0.04,2318.98715,1776233695000
1776233696.918,296.918,0.05,10.0,0.04,35.25,0.08,10.0,0.09,5.74,0.91,5.74,0.9,15.0,0.97,76.03,0.98,143.0,0.03,0.06,2318.98715,1776233695000
1776233697.236,297.236,0.05,10.0,0.04,35.25,0.08,10.0,0.09,5.74,0.92,10.0,0.91,5.74,0.95,10.0,0.96,35.25,0.03,0.03,2318.987263,1776233696000
1776233697.472,297.472,0.03,25.81,0.02,143.0,0.06,15.0,0.07,4.29,0.93,4.29,0.92,10.0,0.96,1.35,0.97,76.03,0.03,0.03,2318.987263,1776233696000
1776233697.761,297.761,0.05,8.88,0.04,10.0,0.07,10.0,0.08,10.0,0.91,10.0,0.9,10.0,0.98,136.81,0.99,1119.0,0.02,0.07,2318.987263,1776233696000
1776233697.979,297.979,0.08,9.0,0.07,10.0,0.1,10.0,0.11,10.0,0.9,10.0,0.84,29.26,0.97,41.68,0.98,136.81,0.02,0.07,2318.987263,1776233696000
1776233698.179,298.179,0.07,8.68,0.06,10.0,0.1,10.0,0.11,10.0,0.9,10.0,0.89,10.0,0.92,9.0,0.93,10.0,0.03,0.02,2318.987263,1776233696000
1776233698.381,298.381,0.05,10.0,0.04,10.0,0.07,10.0,0.08,10.0,0.9,10.0,0.89,10.0,0.95,10.0,0.96,10.0,0.02,0.05,2318.506483,1776233697000
1776233698.591,298.591,0.01,913.03,,,0.05,10.0,0.06,10.0,0.95,10.0,0.94,10.0,0.99,953.03,,,0.04,0.04,2318.506483,1776233697000
1776233698.856,298.856,0.01,668.03,,,0.02,255.79,0.03,10.0,0.98,123.79,0.97,10.0,0.99,813.03,,,0.01,0.01,2318.506483,1776233697000
1776233699.151,299.151,0.01,407.49,,,0.02,244.18,0.03,18.0,0.98,244.18,0.97,18.0,0.99,587.49,,,0.01,0.01,2318.506483,1776233697000
1776233699.4,299.4,,,,,0.01,381.11,0.02,112.18,0.99,238.12,0.98,112.18,,,,,,,2318.353029,1776233698000
1776233699.77,299.77,,,,,0.01,9121.28,0.02,115.18,0.99,381.11,0.98,112.18,,,,,,,2318.353029,1776233698000
1776233700.275,300.275,,,,,0.01,9121.28,0.02,115.18,0.99,9121.28,0.98,115.18,,,,,,,2318.318,1776233699000
1776233701.175,301.175,,,,,0.01,9121.28,0.02,115.18,0.99,9121.28,0.98,115.18,,,,,,,2318.320267,1776233700000

# RESULT,winner=Down,slug=eth-updown-5m-1776233400,ticks=478
