timestamp,elapsed_sec,up_bid_p1,up_bid_s1,up_bid_p2,up_bid_s2,up_ask_p1,up_ask_s1,up_ask_p2,up_ask_s2,down_bid_p1,down_bid_s1,down_bid_p2,down_bid_s2,down_ask_p1,down_ask_s1,down_ask_p2,down_ask_s2,up_spread,down_spread,eth_price,eth_oracle_ts
1776362700.503,0.503,0.5,5.0,0.49,5.0,0.52,7.29,0.53,6.69,0.49,10.78,0.48,130.0,0.5,10.62,0.51,15.0,0.02,0.01,2326.481816,1776362698000
1776362700.899,0.899,0.5,5.0,0.49,5.0,0.52,7.29,0.53,6.69,0.48,7.29,0.47,6.69,0.5,5.0,0.51,5.0,0.02,0.02,2326.435199,1776362699000
1776362701.43,1.43,0.5,5.0,0.49,5.0,0.52,7.29,0.53,6.69,0.48,7.29,0.47,6.69,0.5,5.0,0.51,5.0,0.02,0.02,2326.389812,1776362700000
1776362701.909,1.909,0.51,5.0,0.5,5.0,0.53,5.64,0.55,8.88,0.47,5.64,0.45,8.88,0.49,5.0,0.5,5.0,0.02,0.02,2326.34,1776362701000
1776362702.332,2.332,0.52,10.0,0.51,5.0,0.55,13.88,0.56,82.69,0.47,5.64,0.45,8.88,0.49,5.0,0.5,5.0,0.03,0.02,2326.34,1776362701000
1776362702.972,2.972,0.52,12.06,0.51,5.0,0.55,13.88,0.56,82.69,0.45,13.88,0.44,82.69,0.48,12.06,0.49,5.0,0.03,0.03,2326.495636,1776362702000
1776362703.172,3.172,0.54,9.34,0.53,16.29,0.56,68.9,0.57,70.0,0.45,7.37,0.44,70.0,0.46,9.34,0.47,16.29,0.02,0.01,2326.495636,1776362702000
1776362703.509,3.509,0.54,9.34,0.53,16.29,0.56,53.48,0.57,80.0,0.44,57.02,0.43,70.0,0.46,9.34,0.47,16.29,0.02,0.02,2326.495636,1776362702000
1776362704.004,4.004,0.54,9.34,0.53,16.29,0.56,49.94,0.57,80.0,0.44,49.94,0.43,80.0,0.46,9.34,0.47,16.29,0.02,0.02,2326.604855,1776362703000
1776362704.274,4.274,0.54,4.34,0.53,16.29,0.55,10.0,0.56,49.94,0.44,49.94,0.43,80.0,0.46,9.34,0.47,16.29,0.01,0.02,2326.604855,1776362703000
1776362705.02,5.02,0.54,4.34,0.53,16.29,0.55,4.72,0.56,49.94,0.45,4.72,0.44,49.94,0.46,4.34,0.47,16.29,0.01,0.01,2327.081809,1776362704000
1776362705.25,5.25,0.53,4.34,0.52,10.0,0.55,4.72,0.56,59.94,0.45,4.72,0.44,49.94,0.46,4.34,0.47,16.29,0.02,0.01,2327.081809,1776362704000
1776362705.491,5.491,0.53,4.34,0.52,60.0,0.54,6.72,0.55,4.72,0.45,4.72,0.44,59.94,0.47,4.34,0.48,10.0,0.01,0.02,2327.081809,1776362704000
1776362705.955,5.955,0.52,52.91,0.51,5.0,0.53,10.0,0.54,30.92,0.46,6.72,0.45,4.72,0.47,4.34,0.48,60.0,0.01,0.01,2327.081809,1776362704000
1776362706.379,6.379,0.52,80.0,0.5,21.8,0.53,36.01,0.54,16.72,0.47,10.0,0.46,30.92,0.48,52.91,0.49,5.0,0.01,0.01,2327.078498,1776362705000
1776362706.732,6.732,0.5,14.8,0.49,20.19,0.51,36.0,0.52,20.0,0.47,30.91,0.46,16.72,0.48,75.0,0.49,5.0,0.01,0.01,2327.078498,1776362705000
1776362707.01,7.01,0.5,12.65,0.49,20.19,0.51,15.0,0.52,20.0,0.49,15.0,0.48,20.0,0.5,12.65,0.51,20.19,0.01,0.01,2326.869335,1776362706000
1776362708.17,8.17,0.5,12.65,0.49,20.19,0.51,9.8,0.52,20.0,0.49,9.8,0.48,20.0,0.5,12.65,0.51,20.19,0.01,0.01,2326.687275,1776362707000
1776362708.708,8.708,0.5,12.5,0.49,125.19,0.51,19.8,0.52,45.19,0.49,9.8,0.48,20.0,0.5,12.65,0.51,20.19,0.01,0.01,2326.687275,1776362707000
1776362709.144,9.144,0.5,12.5,0.49,125.19,0.51,19.8,0.52,45.19,0.49,19.8,0.48,45.19,0.5,12.5,0.51,125.19,0.01,0.01,2326.49141,1776362708000
1776362710.128,10.128,0.5,12.5,0.49,125.19,0.51,19.8,0.52,45.19,0.49,19.8,0.48,45.19,0.5,12.5,0.51,125.19,0.01,0.01,2326.55115,1776362709000
1776362711.204,11.204,0.5,12.5,0.49,125.19,0.51,19.8,0.52,45.19,0.49,19.8,0.48,45.19,0.5,12.5,0.51,125.19,0.01,0.01,2326.417332,1776362710000
1776362711.477,11.477,0.5,12.5,0.49,15.19,0.52,35.19,0.53,16.71,0.49,19.8,0.48,45.19,0.5,12.5,0.51,125.19,0.02,0.01,2326.417332,1776362710000
1776362712.203,12.203,0.5,12.5,0.49,15.19,0.52,35.19,0.53,16.71,0.48,35.19,0.47,16.71,0.5,12.5,0.51,15.19,0.02,0.02,2326.358068,1776362711000
1776362713.22,13.22,0.5,158.0,0.49,145.19,0.52,20.0,0.53,20.0,0.48,35.19,0.47,16.71,0.5,12.5,0.51,15.19,0.02,0.02,2326.358068,1776362711000
1776362713.541,13.541,0.54,171.0,0.53,115.0,0.56,49.94,0.57,70.0,0.48,20.0,0.47,20.0,0.5,158.0,0.51,145.19,0.02,0.02,2326.48126,1776362712000
1776362714.201,14.201,0.55,166.0,0.54,130.5,0.56,28.16,0.57,70.0,0.44,35.84,0.43,70.0,0.45,10.0,0.46,171.0,0.01,0.01,2326.48126,1776362712000
1776362715.562,15.562,0.55,150.0,0.54,130.5,0.56,6.74,0.58,100.0,0.44,6.74,0.42,100.0,0.45,150.0,0.46,130.5,0.01,0.01,2327.08148,1776362714000
1776362716.253,16.253,0.55,150.0,0.54,130.5,0.56,6.74,0.58,100.0,0.44,6.74,0.42,100.0,0.45,150.0,0.46,130.5,0.01,0.01,2327.179,1776362715000
1776362716.695,16.695,0.61,115.0,0.6,110.0,0.62,91.56,0.63,50.0,0.44,6.74,0.42,100.0,0.45,150.0,0.46,130.5,0.01,0.01,2327.179,1776362715000
1776362717.162,17.162,0.61,140.0,0.6,135.0,0.62,91.56,0.63,50.0,0.38,91.56,0.37,50.0,0.39,115.0,0.4,110.0,0.01,0.01,2327.179,1776362715000
1776362717.932,17.932,0.61,140.0,0.6,135.0,0.62,91.56,0.63,50.0,0.38,91.56,0.37,50.0,0.39,140.0,0.4,135.0,0.01,0.01,2327.749655,1776362717000
1776362719.054,19.054,0.61,150.0,0.6,135.0,0.62,83.56,0.63,68.0,0.38,83.56,0.37,68.0,0.39,150.0,0.4,135.0,0.01,0.01,2327.715197,1776362718000
1776362719.281,19.281,0.61,140.0,0.6,151.0,0.62,81.94,0.63,58.0,0.38,83.56,0.37,68.0,0.39,150.0,0.4,135.0,0.01,0.01,2327.715197,1776362718000
1776362719.73,19.73,0.61,136.92,0.6,141.0,0.62,81.94,0.63,58.0,0.38,81.94,0.37,58.0,0.39,140.0,0.4,151.0,0.01,0.01,2327.715197,1776362718000
1776362720.222,20.222,0.61,136.92,0.6,141.0,0.62,81.94,0.63,58.0,0.38,81.94,0.37,58.0,0.39,136.92,0.4,141.0,0.01,0.01,2327.687818,1776362719000
1776362721.346,21.346,0.61,136.92,0.6,141.0,0.62,81.94,0.63,58.0,0.38,81.94,0.37,58.0,0.39,136.92,0.4,141.0,0.01,0.01,2327.697266,1776362720000
1776362721.607,21.607,0.61,207.93,0.6,135.0,0.62,75.94,0.63,58.0,0.38,81.94,0.37,58.0,0.39,136.92,0.4,141.0,0.01,0.01,2327.697266,1776362720000
1776362721.955,21.955,0.61,207.93,0.6,135.0,0.62,75.94,0.63,58.0,0.38,75.94,0.37,58.0,0.39,207.93,0.4,135.0,0.01,0.01,2327.700591,1776362721000
1776362722.283,22.283,0.61,166.01,0.6,110.0,0.62,152.94,0.63,175.0,0.38,75.94,0.37,58.0,0.39,207.93,0.4,135.0,0.01,0.01,2327.700591,1776362721000
1776362722.787,22.787,0.61,60.93,0.6,10.0,0.62,169.94,0.63,215.0,0.38,152.94,0.37,175.0,0.39,162.73,0.4,110.0,0.01,0.01,2327.700591,1776362721000
1776362723.117,23.117,0.6,5.0,0.59,20.0,0.61,60.5,0.62,125.94,0.38,169.94,0.37,215.0,0.4,10.0,0.41,20.0,0.01,0.02,2327.675662,1776362722000
1776362723.432,23.432,0.59,20.0,0.58,10.0,0.61,80.5,0.62,115.94,0.39,60.5,0.38,125.94,0.4,5.0,0.41,20.0,0.02,0.01,2327.675662,1776362722000
1776362724.073,24.073,0.59,15.12,0.58,10.0,0.6,85.5,0.61,155.5,0.4,60.5,0.39,135.5,0.41,17.56,0.42,10.0,0.01,0.01,2327.675662,1776362722000
1776362725.3,25.3,0.59,15.12,0.58,10.0,0.6,78.83,0.61,155.5,0.4,78.83,0.39,155.5,0.41,15.12,0.42,10.0,0.01,0.01,2327.311407,1776362724000
1776362725.953,25.953,0.59,20.12,0.58,45.5,0.6,35.83,0.61,108.5,0.4,78.83,0.39,155.5,0.41,15.12,0.42,10.0,0.01,0.01,2327.311407,1776362724000
1776362726.556,26.556,0.59,20.12,0.58,45.5,0.6,35.83,0.61,108.5,0.4,35.83,0.39,108.5,0.41,20.12,0.42,45.5,0.01,0.01,2327.171867,1776362725000
1776362726.979,26.979,0.59,58.5,0.58,45.5,0.6,2.0,0.61,80.0,0.4,35.83,0.39,108.5,0.41,20.12,0.42,45.5,0.01,0.01,2327.171867,1776362725000
1776362728.144,28.144,0.59,58.5,0.58,45.5,0.61,80.0,0.62,55.44,0.39,80.0,0.38,55.44,0.41,58.5,0.42,45.5,0.02,0.02,2327.331518,1776362727000
1776362728.535,28.535,0.6,29.2,0.59,55.5,0.61,75.5,0.62,65.94,0.39,5.0,0.38,65.94,0.4,67.5,0.41,76.5,0.01,0.01,2327.331518,1776362727000
1776362728.92,28.92,0.6,30.0,0.59,55.5,0.61,83.86,0.62,70.94,0.39,75.5,0.38,65.94,0.4,29.2,0.41,55.5,0.01,0.01,2327.331518,1776362727000
1776362729.241,29.241,0.6,25.0,0.59,55.5,0.61,83.86,0.62,70.94,0.39,83.86,0.38,70.94,0.4,25.0,0.41,55.5,0.01,0.01,2327.418348,1776362728000
1776362729.595,29.595,0.6,20.0,0.59,20.0,0.61,88.86,0.62,175.94,0.39,83.86,0.38,70.94,0.4,25.0,0.41,55.5,0.01,0.01,2327.418348,1776362728000
1776362730.518,30.518,0.6,20.0,0.59,20.0,0.61,88.86,0.62,175.94,0.39,88.86,0.38,175.94,0.4,20.0,0.41,20.0,0.01,0.01,2327.574691,1776362729000
1776362731.106,31.106,0.6,20.0,0.59,20.0,0.61,88.86,0.62,175.94,0.39,88.86,0.38,175.94,0.4,20.0,0.41,20.0,0.01,0.01,2327.561057,1776362730000
1776362732.335,32.335,0.6,30.0,0.59,20.0,0.61,177.22,0.62,245.94,0.39,177.22,0.38,245.94,0.4,30.0,0.41,20.0,0.01,0.01,2327.248,1776362731000
1776362732.671,32.671,0.57,50.0,0.56,80.5,0.58,5.93,0.59,170.0,0.39,177.22,0.38,245.94,0.4,30.0,0.41,20.0,0.01,0.01,2327.248,1776362731000
1776362733.437,33.437,0.57,50.0,0.56,80.5,0.58,126.2,0.59,170.0,0.42,126.2,0.41,170.0,0.43,50.0,0.44,80.5,0.01,0.01,2327.251931,1776362732000
1776362733.979,33.979,0.57,50.0,0.56,80.5,0.58,126.2,0.59,170.0,0.42,126.2,0.41,170.0,0.43,50.0,0.44,80.5,0.01,0.01,2327.085649,1776362733000
1776362734.67,34.67,0.58,7.61,0.57,30.0,0.59,212.5,0.6,120.5,0.41,155.0,0.4,117.5,0.43,30.0,0.44,75.0,0.01,0.02,2327.085649,1776362733000
1776362735.13,35.13,0.58,5.22,0.57,30.0,0.59,163.07,0.6,120.5,0.41,163.07,0.4,120.5,0.42,5.22,0.43,30.0,0.01,0.01,2327.007449,1776362734000
1776362735.636,35.636,0.57,30.0,0.56,80.5,0.59,273.07,0.6,120.5,0.41,163.07,0.4,120.5,0.42,5.22,0.43,30.0,0.02,0.01,2327.007449,1776362734000
1776362736.124,36.124,0.57,128.5,0.56,80.5,0.59,209.07,0.6,120.5,0.41,273.07,0.4,120.5,0.43,30.0,0.44,80.5,0.02,0.02,2327.007449,1776362734000
1776362736.392,36.392,0.58,12.61,0.57,85.5,0.59,222.07,0.6,120.5,0.41,222.07,0.4,120.5,0.42,12.61,0.43,85.5,0.01,0.01,2327.122967,1776362735000
1776362736.621,36.621,0.58,12.61,0.57,65.5,0.59,223.42,0.6,120.5,0.41,218.68,0.4,120.5,0.42,12.61,0.43,85.5,0.01,0.01,2327.122967,1776362735000
1776362736.984,36.984,0.58,12.61,0.57,65.5,0.59,223.42,0.6,120.5,0.41,223.42,0.4,120.5,0.42,12.61,0.43,65.5,0.01,0.01,2327.000534,1776362736000
1776362737.401,37.401,0.57,40.0,0.56,90.5,0.58,175.77,0.59,210.42,0.41,223.42,0.4,120.5,0.42,12.61,0.43,65.5,0.01,0.01,2327.000534,1776362736000
1776362738.168,38.168,0.57,40.0,0.56,90.5,0.58,175.77,0.59,210.42,0.42,175.77,0.41,210.42,0.43,40.0,0.44,90.5,0.01,0.01,2327.079364,1776362737000
1776362739.299,39.299,0.57,40.0,0.56,90.5,0.58,175.77,0.59,210.42,0.42,175.77,0.41,210.42,0.43,40.0,0.44,90.5,0.01,0.01,2327.062264,1776362738000
1776362739.891,39.891,0.57,40.0,0.56,90.5,0.58,175.77,0.59,210.42,0.42,175.77,0.41,210.42,0.43,40.0,0.44,90.5,0.01,0.01,2327.062264,1776362739000
1776362741.023,41.023,0.57,40.0,0.56,90.5,0.58,175.77,0.59,210.42,0.42,175.77,0.41,210.42,0.43,40.0,0.44,90.5,0.01,0.01,2327.147445,1776362740000
1776362742.207,42.207,0.57,40.0,0.56,90.5,0.58,175.77,0.59,210.42,0.42,175.77,0.41,210.42,0.43,40.0,0.44,90.5,0.01,0.01,2327.094335,1776362741000
1776362743.456,43.456,0.57,40.0,0.56,90.5,0.58,175.77,0.59,210.42,0.42,175.77,0.41,210.42,0.43,40.0,0.44,90.5,0.01,0.01,2327.019075,1776362742000
1776362744.476,44.476,0.57,40.0,0.56,90.5,0.58,175.77,0.59,210.42,0.42,175.77,0.41,210.42,0.43,40.0,0.44,90.5,0.01,0.01,2326.744137,1776362743000
1776362745.052,45.052,0.57,40.0,0.56,90.5,0.58,175.77,0.59,210.42,0.42,175.77,0.41,210.42,0.43,40.0,0.44,90.5,0.01,0.01,2326.734525,1776362744000
1776362745.531,45.531,0.56,40.0,0.55,85.0,0.57,221.47,0.58,300.5,0.43,223.23,0.42,310.5,0.44,65.0,0.45,85.0,0.01,0.01,2326.734525,1776362744000
1776362746.07,46.07,0.56,40.0,0.55,85.0,0.57,221.47,0.58,300.5,0.43,221.47,0.42,300.5,0.44,40.0,0.45,85.0,0.01,0.01,2326.692902,1776362745000
1776362747.015,47.015,0.56,40.0,0.55,85.0,0.57,221.47,0.58,300.5,0.43,221.47,0.42,300.5,0.44,40.0,0.45,85.0,0.01,0.01,2326.617418,1776362746000
1776362747.736,47.736,0.53,71.31,0.52,10.0,0.55,261.5,0.56,220.5,0.43,221.47,0.42,300.5,0.44,40.0,0.45,85.0,0.02,0.01,2326.617418,1776362746000
1776362748.047,48.047,0.53,71.31,0.52,10.0,0.55,261.5,0.56,220.5,0.45,261.5,0.44,220.5,0.47,71.31,0.48,10.0,0.02,0.02,2326.594104,1776362747000
1776362748.818,48.818,0.5,9.52,0.49,35.0,0.54,225.51,0.55,208.09,0.45,261.5,0.44,220.5,0.47,71.31,0.48,10.0,0.04,0.02,2326.594104,1776362747000
1776362749.104,49.104,0.49,35.0,0.48,355.0,0.54,225.51,0.55,208.09,0.46,225.51,0.45,208.09,0.51,35.0,0.52,355.0,0.05,0.05,2326.588395,1776362748000
1776362749.329,49.329,0.49,45.5,0.48,351.0,0.5,125.0,0.51,135.0,0.46,225.51,0.45,208.09,0.51,35.0,0.52,355.0,0.01,0.05,2326.588395,1776362748000
1776362750.176,50.176,0.49,45.5,0.48,351.0,0.5,125.0,0.51,135.0,0.5,125.0,0.49,135.0,0.51,45.5,0.52,351.0,0.01,0.01,2326.419919,1776362749000
1776362751.176,51.176,0.49,45.5,0.48,351.0,0.5,125.0,0.51,135.0,0.5,125.0,0.49,135.0,0.51,45.5,0.52,351.0,0.01,0.01,2326.355398,1776362750000
1776362751.918,51.918,0.51,156.5,0.5,81.5,0.52,64.28,0.53,70.0,0.48,171.59,0.47,190.5,0.49,57.0,0.5,36.5,0.01,0.01,2326.355398,1776362750000
1776362752.185,52.185,0.52,16.0,0.51,141.5,0.53,60.75,0.54,5.01,0.47,70.0,0.46,5.01,0.49,218.5,0.5,81.5,0.01,0.02,2326.355398,1776362750000
1776362752.43,52.43,0.53,78.95,0.52,62.5,0.54,5.01,0.55,7.59,0.47,53.61,0.46,5.01,0.48,88.5,0.49,141.5,0.01,0.01,2326.278881,1776362751000
1776362752.691,52.691,0.55,24.88,0.54,16.0,0.57,70.0,0.58,70.0,0.44,50.0,0.43,70.0,0.46,17.0,0.47,37.5,0.02,0.02,2326.278881,1776362751000
1776362752.907,52.907,0.56,55.2,0.55,22.0,0.57,64.82,0.58,70.0,0.43,70.0,0.42,70.0,0.45,24.88,0.46,16.0,0.01,0.02,2326.278881,1776362751000
1776362753.285,53.285,0.56,36.0,0.55,43.0,0.57,36.11,0.58,70.0,0.43,36.11,0.42,70.0,0.44,36.0,0.45,43.0,0.01,0.01,2326.440244,1776362752000
1776362754.257,54.257,0.56,36.0,0.55,43.0,0.57,36.11,0.58,70.0,0.43,36.11,0.42,70.0,0.44,36.0,0.45,43.0,0.01,0.01,2326.78239,1776362753000
1776362755.166,55.166,0.56,57.0,0.55,68.5,0.57,33.05,0.58,80.0,0.43,33.05,0.42,80.0,0.44,57.0,0.45,68.5,0.01,0.01,2327.002308,1776362754000
1776362756.205,56.205,0.56,57.0,0.55,68.5,0.57,33.05,0.58,80.0,0.43,33.05,0.42,80.0,0.44,57.0,0.45,68.5,0.01,0.01,2326.996139,1776362755000
1776362757.798,57.798,0.56,57.0,0.55,68.5,0.57,33.05,0.58,80.0,0.43,33.05,0.42,80.0,0.44,57.0,0.45,68.5,0.01,0.01,2327.051572,1776362756000
1776362758.352,58.352,0.56,57.0,0.55,68.5,0.57,33.05,0.58,80.0,0.43,33.05,0.42,80.0,0.44,57.0,0.45,68.5,0.01,0.01,2327.225388,1776362757000
1776362758.913,58.913,0.58,105.0,0.57,83.5,0.59,65.6,0.6,70.5,0.41,65.6,0.4,70.5,0.42,105.0,0.43,83.5,0.01,0.01,2327.257133,1776362758000
1776362760.01,60.01,0.58,105.0,0.57,83.5,0.59,65.6,0.6,70.5,0.41,65.6,0.4,70.5,0.42,105.0,0.43,83.5,0.01,0.01,2327.320364,1776362759000
1776362761.04,61.04,0.58,105.0,0.57,83.5,0.59,65.6,0.6,70.5,0.41,65.6,0.4,70.5,0.42,105.0,0.43,83.5,0.01,0.01,2327.269775,1776362760000
1776362761.53,61.53,0.63,57.09,0.62,61.5,0.64,100.0,0.65,70.0,0.41,65.6,0.4,70.5,0.42,105.0,0.43,83.5,0.01,0.01,2327.269775,1776362760000
1776362762.201,62.201,0.63,57.09,0.62,61.5,0.64,100.0,0.65,70.0,0.36,100.0,0.35,70.0,0.37,57.09,0.38,61.5,0.01,0.01,2327.261172,1776362761000
1776362763.009,63.009,0.64,33.29,0.63,58.0,0.65,18.15,0.66,140.5,0.35,70.0,0.34,148.5,0.36,6.29,0.37,52.0,0.01,0.01,2327.261172,1776362761000
1776362763.324,63.324,0.64,33.29,0.63,58.0,0.65,16.02,0.66,140.5,0.35,16.02,0.34,140.5,0.36,33.29,0.37,58.0,0.01,0.01,2327.695942,1776362762000
1776362763.999,63.999,0.64,130.29,0.63,73.5,0.65,14.48,0.66,130.0,0.35,16.02,0.34,140.5,0.36,33.29,0.37,58.0,0.01,0.01,2327.695942,1776362762000
1776362764.366,64.366,0.64,130.29,0.63,73.5,0.65,14.48,0.66,130.0,0.35,14.48,0.34,130.0,0.36,130.29,0.37,73.5,0.01,0.01,2327.907017,1776362763000
1776362764.599,64.599,0.64,229.99,0.63,217.5,0.66,70.0,0.67,25.0,0.35,14.48,0.34,130.0,0.36,130.29,0.37,73.5,0.02,0.01,2327.907017,1776362763000
1776362764.957,64.957,0.64,229.99,0.63,217.5,0.66,70.0,0.67,25.0,0.34,70.0,0.33,25.0,0.36,229.99,0.37,217.5,0.02,0.02,2327.917815,1776362764000
1776362765.293,65.293,0.68,76.87,0.67,73.5,0.69,130.0,0.71,183.5,0.34,70.0,0.33,25.0,0.36,229.99,0.37,217.5,0.01,0.02,2327.917815,1776362764000
1776362765.658,65.658,0.68,68.28,0.67,73.5,0.69,130.0,0.71,183.5,0.31,130.0,0.29,183.5,0.32,76.87,0.33,73.5,0.01,0.01,2327.917815,1776362764000
1776362765.898,65.898,0.68,68.28,0.67,73.5,0.69,130.0,0.71,183.5,0.31,130.0,0.29,183.5,0.32,68.28,0.33,73.5,0.01,0.01,2327.92799,1776362765000
1776362766.272,66.272,0.68,93.0,0.67,40.0,0.69,39.05,0.7,19.5,0.31,130.0,0.29,183.5,0.32,68.28,0.33,73.5,0.01,0.01,2327.92799,1776362765000
1776362766.823,66.823,0.69,96.77,0.68,63.87,0.7,29.5,0.71,200.5,0.31,14.05,0.3,29.5,0.32,99.87,0.33,40.0,0.01,0.01,2327.92799,1776362765000
1776362767.115,67.115,0.69,96.77,0.68,63.87,0.7,28.07,0.71,200.5,0.3,29.5,0.29,200.5,0.31,96.77,0.32,63.87,0.01,0.01,2327.92799,1776362765000
1776362767.471,67.471,0.69,84.77,0.68,63.87,0.7,38.71,0.71,195.5,0.3,38.71,0.29,195.5,0.31,84.77,0.32,63.87,0.01,0.01,2328.37649,1776362766000
1776362767.771,67.771,0.69,57.11,0.68,46.87,0.7,38.71,0.71,190.5,0.3,38.71,0.29,195.5,0.31,84.77,0.32,63.87,0.01,0.01,2328.37649,1776362766000
1776362768.123,68.123,0.69,57.11,0.68,46.87,0.7,38.71,0.71,190.5,0.3,38.71,0.29,190.5,0.31,57.11,0.32,46.87,0.01,0.01,2328.339152,1776362767000
1776362768.421,68.421,0.69,57.11,0.68,46.87,0.7,35.29,0.71,190.5,0.3,37.01,0.29,190.5,0.31,57.11,0.32,46.87,0.01,0.01,2328.339152,1776362767000
1776362769.3,69.3,0.69,57.11,0.68,46.87,0.7,47.14,0.71,190.5,0.3,47.14,0.29,190.5,0.31,57.11,0.32,46.87,0.01,0.01,2328.278118,1776362768000
1776362769.981,69.981,0.69,90.28,0.68,63.37,0.7,10.0,0.71,195.5,0.3,10.0,0.29,195.5,0.31,90.28,0.32,63.37,0.01,0.01,2328.297959,1776362769000
1776362770.995,70.995,0.69,90.28,0.68,63.37,0.7,10.0,0.71,195.5,0.3,10.0,0.29,195.5,0.31,90.28,0.32,63.37,0.01,0.01,2328.344013,1776362770000
1776362771.631,71.631,0.7,84.0,0.69,58.28,0.71,8.82,0.72,84.5,0.3,10.0,0.29,195.5,0.31,90.28,0.32,63.37,0.01,0.01,2328.344013,1776362770000
1776362772.019,72.019,0.7,47.0,0.69,56.28,0.71,6.77,0.72,94.5,0.29,8.82,0.28,84.5,0.3,84.0,0.31,58.28,0.01,0.01,2328.344013,1776362770000
1776362772.641,72.641,0.7,47.0,0.69,56.28,0.71,3.77,0.72,94.5,0.29,3.77,0.28,94.5,0.3,47.0,0.31,56.28,0.01,0.01,2328.46388,1776362771000
1776362773.1,73.1,0.7,47.0,0.69,62.28,0.71,12.77,0.72,94.5,0.29,3.77,0.28,94.5,0.3,47.0,0.31,56.28,0.01,0.01,2328.46388,1776362771000
1776362773.598,73.598,0.7,47.0,0.69,62.28,0.71,12.77,0.72,94.5,0.29,12.77,0.28,94.5,0.3,47.0,0.31,62.28,0.01,0.01,2328.474109,1776362772000
1776362774.005,74.005,0.7,25.33,0.69,56.28,0.71,12.77,0.72,94.5,0.29,12.77,0.28,94.5,0.3,47.0,0.31,62.28,0.01,0.01,2328.474109,1776362772000
1776362774.232,74.232,0.7,25.33,0.69,56.28,0.71,12.77,0.72,94.5,0.29,12.77,0.28,94.5,0.3,25.33,0.31,56.28,0.01,0.01,2328.48228,1776362773000
1776362775.976,75.976,0.7,25.33,0.69,56.28,0.71,12.77,0.72,94.5,0.29,12.77,0.28,94.5,0.3,25.33,0.31,56.28,0.01,0.01,2328.424579,1776362774000
1776362776.702,76.702,0.7,25.33,0.69,56.28,0.71,12.77,0.72,94.5,0.29,12.77,0.28,94.5,0.3,25.33,0.31,56.28,0.01,0.01,2328.410334,1776362775000
1776362777.426,77.426,0.7,25.33,0.69,56.28,0.71,12.77,0.72,94.5,0.29,12.77,0.28,94.5,0.3,25.33,0.31,56.28,0.01,0.01,2328.404001,1776362776000
1776362777.951,77.951,0.72,27.42,0.71,65.7,0.73,71.5,0.74,60.0,0.29,12.77,0.28,94.5,0.3,25.33,0.31,56.28,0.01,0.01,2328.404001,1776362776000
1776362778.891,78.891,0.72,10.0,0.71,60.7,0.73,32.5,0.74,70.0,0.27,71.5,0.26,60.0,0.28,27.42,0.29,65.7,0.01,0.01,2328.504953,1776362777000
1776362779.65,79.65,0.72,6.42,0.71,60.7,0.73,88.71,0.74,70.0,0.27,78.0,0.26,70.0,0.28,6.42,0.29,60.7,0.01,0.01,2328.504953,1776362777000
1776362780.214,80.214,0.72,2.84,0.71,65.7,0.73,69.78,0.74,70.0,0.27,69.78,0.26,70.0,0.28,6.42,0.29,65.7,0.01,0.01,2328.529626,1776362778000
1776362780.633,80.633,0.72,2.84,0.71,65.7,0.73,69.78,0.74,70.0,0.27,69.78,0.26,70.0,0.28,2.84,0.29,65.7,0.01,0.01,2328.449862,1776362779000
1776362781.032,81.032,0.72,36.28,0.71,75.7,0.73,50.49,0.74,70.0,0.27,74.49,0.26,70.0,0.28,2.84,0.29,65.7,0.01,0.01,2328.449862,1776362779000
1776362781.244,81.244,0.72,46.28,0.71,75.7,0.73,45.35,0.74,70.0,0.27,50.49,0.26,70.0,0.28,36.28,0.29,75.7,0.01,0.01,2328.449862,1776362779000
1776362781.592,81.592,0.72,39.67,0.71,82.2,0.74,75.5,0.75,50.0,0.27,45.35,0.26,70.0,0.28,46.28,0.29,75.7,0.02,0.01,2328.341011,1776362780000
1776362781.86,81.86,0.73,106.37,0.72,40.17,0.74,65.0,0.75,45.0,0.26,75.5,0.25,50.0,0.28,39.67,0.29,82.2,0.01,0.02,2328.341011,1776362780000
1776362782.135,82.135,0.73,106.37,0.72,40.17,0.74,65.0,0.75,45.0,0.26,65.0,0.25,45.0,0.27,106.37,0.28,40.17,0.01,0.01,2328.378947,1776362781000
1776362783.592,83.592,0.73,106.37,0.72,40.17,0.74,65.0,0.75,45.0,0.26,65.0,0.25,45.0,0.27,106.37,0.28,40.17,0.01,0.01,2328.393061,1776362782000
1776362784.177,84.177,0.79,131.0,0.78,98.0,0.8,11.61,0.81,15.0,0.2,16.61,0.19,15.0,0.22,131.0,0.23,105.75,0.01,0.02,2328.393061,1776362782000
1776362784.591,84.591,0.79,138.25,0.78,98.0,0.8,19.71,0.81,20.0,0.2,11.61,0.19,15.0,0.21,131.0,0.22,98.0,0.01,0.01,2328.8579,1776362783000
1776362785.012,85.012,0.79,132.37,0.78,98.0,0.8,19.71,0.81,20.0,0.2,19.71,0.19,20.0,0.21,132.37,0.22,98.0,0.01,0.01,2328.999726,1776362784000
1776362785.351,85.351,0.79,74.25,0.78,60.5,0.8,13.0,0.81,10.5,0.2,25.92,0.19,20.0,0.21,95.25,0.22,55.0,0.01,0.01,2328.999726,1776362784000
1776362786.559,86.559,0.81,99.0,0.8,40.0,0.82,177.28,0.83,75.0,0.2,7.0,0.19,10.5,0.21,64.25,0.22,60.5,0.01,0.01,2328.999726,1776362784000
1776362787.132,87.132,0.81,148.25,0.8,40.0,0.82,67.28,0.83,90.0,0.18,127.28,0.17,75.0,0.19,106.25,0.2,40.0,0.01,0.01,2329.19163,1776362785000
1776362787.445,87.445,0.81,148.25,0.8,40.0,0.82,67.28,0.83,90.0,0.18,67.28,0.17,90.0,0.19,148.25,0.2,40.0,0.01,0.01,2329.19163,1776362786000
1776362788.163,88.163,0.81,148.25,0.8,40.0,0.82,61.23,0.83,85.0,0.18,61.23,0.17,85.0,0.19,148.25,0.2,40.0,0.01,0.01,2329.29045,1776362787000
1776362789.666,89.666,0.81,148.25,0.8,40.0,0.82,61.23,0.83,85.0,0.18,61.23,0.17,85.0,0.19,148.25,0.2,40.0,0.01,0.01,2329.41645,1776362788000
1776362789.956,89.956,0.81,220.19,0.8,50.5,0.82,22.36,0.83,10.0,0.18,61.23,0.17,85.0,0.19,148.25,0.2,40.0,0.01,0.01,2329.41645,1776362788000
1776362790.395,90.395,0.81,220.19,0.8,50.5,0.82,22.36,0.83,10.0,0.18,22.36,0.17,10.0,0.19,220.19,0.2,50.5,0.01,0.01,2329.45993,1776362789000
1776362790.731,90.731,0.81,230.19,0.8,50.5,0.83,10.0,0.84,63.5,0.18,22.36,0.17,10.0,0.19,220.19,0.2,50.5,0.02,0.01,2329.45993,1776362789000
1776362791.359,91.359,0.81,230.19,0.8,50.5,0.83,10.0,0.84,63.5,0.17,10.0,0.16,63.5,0.19,230.19,0.2,50.5,0.02,0.02,2329.555535,1776362790000
1776362792.322,92.322,0.81,230.19,0.8,50.5,0.83,10.0,0.84,63.5,0.17,10.0,0.16,63.5,0.19,230.19,0.2,50.5,0.02,0.02,2329.71035,1776362791000
1776362792.57,92.57,0.83,568.33,0.82,115.94,0.84,20.0,0.85,50.0,0.17,10.0,0.16,63.5,0.19,230.19,0.2,50.5,0.01,0.02,2329.71035,1776362791000
1776362792.95,92.95,0.83,568.33,0.82,115.94,0.84,20.0,0.85,50.0,0.16,20.0,0.15,50.0,0.17,568.33,0.18,115.94,0.01,0.01,2329.71535,1776362792000
1776362793.163,93.163,0.83,37.43,0.82,47.0,0.84,71.5,0.85,77.5,0.16,20.0,0.15,50.0,0.17,568.33,0.18,115.94,0.01,0.01,2329.71535,1776362792000
1776362794.041,94.041,0.83,37.43,0.82,47.0,0.84,71.5,0.85,77.5,0.16,71.5,0.15,77.5,0.17,37.43,0.18,47.0,0.01,0.01,2329.71035,1776362793000
1776362794.493,94.493,0.83,23.02,0.82,35.0,0.84,101.3,0.85,90.5,0.16,71.5,0.15,77.5,0.17,37.43,0.18,47.0,0.01,0.01,2329.71035,1776362793000
1776362794.722,94.722,0.81,47.47,0.8,50.5,0.83,106.5,0.84,60.5,0.17,39.5,0.16,70.5,0.18,27.62,0.19,53.0,0.02,0.01,2329.71035,1776362793000
1776362794.968,94.968,0.81,47.47,0.8,50.5,0.83,118.5,0.84,78.5,0.17,118.5,0.16,78.5,0.19,47.47,0.2,50.5,0.02,0.02,2329.717085,1776362794000
1776362795.2,95.2,0.81,47.47,0.8,50.5,0.82,9.98,0.83,84.5,0.17,118.5,0.16,78.5,0.19,47.47,0.2,50.5,0.01,0.02,2329.717085,1776362794000
1776362795.664,95.664,0.81,383.9,0.8,100.24,0.82,28.27,0.83,89.5,0.18,9.98,0.17,84.5,0.19,47.47,0.2,50.5,0.01,0.01,2329.717085,1776362794000
1776362796.029,96.029,0.81,383.9,0.8,100.24,0.82,28.27,0.83,89.5,0.18,28.27,0.17,89.5,0.19,383.9,0.2,100.24,0.01,0.01,2329.668566,1776362795000
1776362796.984,96.984,0.81,383.9,0.8,100.24,0.82,28.27,0.83,89.5,0.18,28.27,0.17,89.5,0.19,383.9,0.2,100.24,0.01,0.01,2329.501638,1776362796000
1776362797.973,97.973,0.81,459.3,0.8,109.12,0.82,58.27,0.83,79.5,0.18,28.27,0.17,89.5,0.19,383.9,0.2,100.24,0.01,0.01,2329.501638,1776362796000
1776362798.714,98.714,0.81,712.45,0.8,158.86,0.82,46.55,0.83,84.5,0.18,58.27,0.17,79.5,0.19,459.3,0.2,109.12,0.01,0.01,2329.394977,1776362797000
1776362799.02,99.02,0.81,64.2,0.8,191.73,0.82,4.33,0.83,64.5,0.18,46.55,0.17,84.5,0.19,712.45,0.2,158.86,0.01,0.01,2329.394977,1776362797000
1776362799.488,99.488,0.81,389.14,0.8,141.99,0.82,14.78,0.83,64.5,0.18,4.33,0.17,64.5,0.19,64.2,0.2,191.73,0.01,0.01,2329.348297,1776362798000
1776362800.141,100.141,0.81,389.14,0.8,141.99,0.82,14.78,0.83,64.5,0.18,14.78,0.17,64.5,0.19,389.14,0.2,141.99,0.01,0.01,2329.388498,1776362799000
1776362801.162,101.162,0.81,389.14,0.8,141.99,0.82,14.78,0.83,64.5,0.18,14.78,0.17,64.5,0.19,389.14,0.2,141.99,0.01,0.01,2329.344706,1776362800000
1776362802.231,102.231,0.81,389.14,0.8,141.99,0.82,14.78,0.83,64.5,0.18,14.78,0.17,64.5,0.19,389.14,0.2,141.99,0.01,0.01,2329.382947,1776362801000
1776362803.223,103.223,0.81,389.14,0.8,141.99,0.82,14.78,0.83,64.5,0.18,14.78,0.17,64.5,0.19,389.14,0.2,141.99,0.01,0.01,2329.376138,1776362802000
1776362804.176,104.176,0.81,389.14,0.8,141.99,0.82,14.78,0.83,64.5,0.18,14.78,0.17,64.5,0.19,389.14,0.2,141.99,0.01,0.01,2329.415871,1776362803000
1776362804.817,104.817,0.81,108.61,0.8,66.38,0.82,5.0,0.83,29.0,0.18,14.78,0.17,64.5,0.19,389.14,0.2,141.99,0.01,0.01,2329.415871,1776362803000
1776362805.817,105.817,0.81,108.61,0.8,66.38,0.82,5.0,0.83,29.0,0.18,5.0,0.17,29.0,0.19,108.61,0.2,66.38,0.01,0.01,2329.389725,1776362804000
1776362806.498,106.498,0.81,108.61,0.8,66.38,0.82,5.0,0.83,29.0,0.18,5.0,0.17,29.0,0.19,108.61,0.2,66.38,0.01,0.01,2329.411856,1776362805000
1776362807.109,107.109,0.81,108.61,0.8,66.38,0.82,5.0,0.83,29.0,0.18,5.0,0.17,29.0,0.19,108.61,0.2,66.38,0.01,0.01,2329.413058,1776362806000
1776362808.189,108.189,0.81,114.94,0.8,146.6,0.82,5.0,0.83,19.0,0.18,5.0,0.17,29.0,0.19,108.61,0.2,66.38,0.01,0.01,2329.413058,1776362806000
1776362808.827,108.827,0.81,947.17,0.8,199.34,0.82,0.43,0.83,14.0,0.18,5.0,0.17,19.0,0.19,114.94,0.2,146.6,0.01,0.01,2329.402146,1776362807000
1776362809.381,109.381,0.81,612.86,0.8,189.34,0.83,13.22,0.84,23.5,0.18,0.43,0.17,14.0,0.19,947.17,0.2,199.34,0.02,0.01,2329.402146,1776362807000
1776362809.604,109.604,0.81,612.86,0.8,189.34,0.83,13.22,0.84,23.5,0.17,13.22,0.16,23.5,0.19,612.86,0.2,189.34,0.02,0.02,2329.408344,1776362808000
1776362810.292,110.292,0.81,612.86,0.8,189.34,0.83,13.22,0.84,23.5,0.17,13.22,0.16,23.5,0.19,612.86,0.2,189.34,0.02,0.02,2329.428755,1776362809000
1776362811.559,111.559,0.81,612.86,0.8,189.34,0.83,13.22,0.84,23.5,0.17,13.22,0.16,23.5,0.19,612.86,0.2,189.34,0.02,0.02,2329.393197,1776362810000
1776362812.161,112.161,0.82,81.44,0.81,133.94,0.83,18.22,0.84,23.5,0.17,18.22,0.16,23.5,0.18,81.44,0.19,133.94,0.01,0.01,2329.44046,1776362811000
1776362813.367,113.367,0.82,81.44,0.81,133.94,0.83,18.22,0.84,23.5,0.17,18.22,0.16,23.5,0.18,81.44,0.19,133.94,0.01,0.01,2329.429212,1776362812000
1776362813.958,113.958,0.81,45.0,0.8,34.38,0.83,38.72,0.84,48.5,0.17,18.22,0.16,23.5,0.18,81.44,0.19,133.94,0.02,0.01,2329.429212,1776362812000
1776362814.681,114.681,0.8,8.88,0.79,30.0,0.82,106.5,0.83,123.72,0.17,38.72,0.16,48.5,0.19,45.0,0.2,34.38,0.02,0.02,2329.429212,1776362813000
1776362814.965,114.965,0.79,30.0,0.78,30.0,0.81,55.14,0.82,48.5,0.19,44.64,0.18,48.5,0.2,8.88,0.21,30.0,0.02,0.01,2329.429212,1776362813000
1776362815.166,115.166,0.79,30.0,0.78,30.0,0.8,52.5,0.81,39.14,0.2,52.5,0.19,39.14,0.21,30.0,0.22,30.0,0.01,0.01,2329.420074,1776362814000
1776362816.393,116.393,0.79,30.0,0.78,30.0,0.8,52.5,0.81,39.14,0.2,52.5,0.19,39.14,0.21,30.0,0.22,30.0,0.01,0.01,2328.986994,1776362815000
1776362816.793,116.793,0.75,67.0,0.74,55.5,0.76,28.68,0.77,110.5,0.2,52.5,0.19,39.14,0.21,30.0,0.22,30.0,0.01,0.01,2328.986994,1776362815000
1776362817.033,117.033,0.75,67.0,0.74,55.5,0.76,28.68,0.77,110.5,0.24,28.68,0.23,110.5,0.25,67.0,0.26,55.5,0.01,0.01,2328.885164,1776362816000
1776362818.268,118.268,0.75,67.0,0.74,55.5,0.76,28.68,0.77,110.5,0.24,28.68,0.23,110.5,0.25,67.0,0.26,55.5,0.01,0.01,2328.537269,1776362817000
1776362818.582,118.582,0.75,124.2,0.74,60.5,0.76,11.1,0.77,15.0,0.24,28.68,0.23,110.5,0.25,67.0,0.26,55.5,0.01,0.01,2328.537269,1776362817000
1776362819.524,119.524,0.75,124.2,0.74,60.5,0.76,11.1,0.77,15.0,0.24,11.1,0.23,15.0,0.25,124.2,0.26,60.5,0.01,0.01,2328.314308,1776362818000
1776362820.104,120.104,0.75,48.0,0.74,42.0,0.76,48.6,0.77,35.5,0.24,48.6,0.23,35.5,0.25,48.0,0.26,42.0,0.01,0.01,2328.434144,1776362819000
1776362820.527,120.527,0.74,35.0,0.73,100.0,0.76,58.6,0.77,40.5,0.24,48.6,0.23,35.5,0.25,48.0,0.26,42.0,0.02,0.01,2328.434144,1776362819000
1776362820.995,120.995,0.74,67.0,0.73,187.7,0.75,68.12,0.76,80.0,0.24,58.6,0.23,40.5,0.26,35.0,0.27,100.0,0.01,0.02,2328.434144,1776362819000
1776362821.687,121.687,0.77,49.47,0.76,17.0,0.78,13.0,0.79,23.0,0.25,62.58,0.24,80.0,0.26,108.0,0.27,168.5,0.01,0.01,2328.434144,1776362819000
1776362822.076,122.076,0.77,49.47,0.76,17.0,0.78,13.0,0.79,23.0,0.22,13.0,0.21,23.0,0.23,49.47,0.24,17.0,0.01,0.01,2328.27855,1776362820000
1776362822.391,122.391,0.76,22.0,0.75,10.0,0.78,23.0,0.79,28.0,0.22,13.0,0.21,23.0,0.23,49.47,0.24,17.0,0.02,0.01,2328.27855,1776362820000
1776362822.699,122.699,0.76,22.0,0.75,10.0,0.78,23.0,0.79,28.0,0.22,23.0,0.21,28.0,0.24,22.0,0.25,10.0,0.02,0.02,2328.27382,1776362821000
1776362822.911,122.911,0.75,17.0,0.74,23.0,0.77,30.0,0.78,28.0,0.24,3.0,0.23,40.0,0.25,17.0,0.26,23.0,0.02,0.01,2328.27382,1776362821000
1776362823.251,123.251,0.76,47.33,0.75,34.5,0.77,5.0,0.78,18.0,0.23,5.0,0.22,18.0,0.24,47.33,0.25,34.5,0.01,0.01,2328.362876,1776362822000
1776362824.456,124.456,0.76,47.33,0.75,34.5,0.77,5.0,0.78,18.0,0.23,5.0,0.22,18.0,0.24,47.33,0.25,34.5,0.01,0.01,2328.486411,1776362823000
1776362825.012,125.012,0.76,47.33,0.75,34.5,0.77,5.0,0.78,18.0,0.23,5.0,0.22,18.0,0.24,47.33,0.25,34.5,0.01,0.01,2328.441564,1776362824000
1776362825.334,125.334,0.75,7.0,0.74,6.0,0.76,30.5,0.77,30.5,0.24,32.71,0.23,30.5,0.25,31.0,0.26,26.5,0.01,0.01,2328.441564,1776362824000
1776362826.219,126.219,0.75,7.0,0.74,6.0,0.76,30.5,0.77,30.5,0.24,30.5,0.23,30.5,0.25,7.0,0.26,6.0,0.01,0.01,2328.401213,1776362825000
1776362827.116,127.116,0.73,25.0,0.72,20.0,0.74,82.37,0.75,120.0,0.24,30.5,0.23,30.5,0.25,7.0,0.26,6.0,0.01,0.01,2328.401213,1776362825000
1776362827.477,127.477,0.73,25.0,0.72,20.0,0.74,82.37,0.75,120.0,0.26,82.37,0.25,120.0,0.27,25.0,0.28,20.0,0.01,0.01,2328.347207,1776362826000
1776362827.934,127.934,0.73,25.0,0.72,20.0,0.74,82.37,0.75,120.0,0.26,82.37,0.25,120.0,0.27,25.0,0.28,20.0,0.01,0.01,2328.258957,1776362827000
1776362828.333,128.333,0.73,17.96,0.72,28.0,0.74,26.0,0.75,80.0,0.26,82.37,0.25,120.0,0.27,25.0,0.28,20.0,0.01,0.01,2328.258957,1776362827000
1776362828.614,128.614,0.73,27.96,0.72,38.5,0.74,24.64,0.75,80.0,0.26,26.0,0.25,80.0,0.27,17.96,0.28,28.0,0.01,0.01,2328.258957,1776362827000
1776362828.993,128.993,0.74,131.2,0.73,36.5,0.75,22.0,0.76,89.7,0.26,24.64,0.25,80.0,0.27,27.96,0.28,38.5,0.01,0.01,2328.258957,1776362827000
1776362829.42,129.42,0.74,127.5,0.73,41.5,0.75,20.4,0.76,104.7,0.25,22.0,0.24,89.7,0.26,131.2,0.27,36.5,0.01,0.01,2328.204574,1776362828000
1776362830.305,130.305,0.74,127.5,0.73,41.5,0.75,20.4,0.76,104.7,0.25,20.4,0.24,104.7,0.26,127.5,0.27,41.5,0.01,0.01,2328.178588,1776362829000
1776362830.783,130.783,0.76,127.5,0.75,233.5,0.77,1.0,0.78,35.0,0.25,20.4,0.24,104.7,0.26,127.5,0.27,41.5,0.01,0.01,2328.178588,1776362829000
1776362831.093,131.093,0.76,156.5,0.75,181.5,0.8,85.0,0.81,123.32,0.23,1.0,0.22,35.0,0.24,127.5,0.25,233.5,0.04,0.01,2328.178588,1776362829000
1776362831.417,131.417,0.76,156.5,0.75,181.5,0.8,85.0,0.81,123.32,0.2,85.0,0.19,123.32,0.24,156.5,0.25,181.5,0.04,0.04,2328.30795,1776362830000
1776362832.053,132.053,0.76,156.5,0.75,181.5,0.8,85.0,0.81,123.32,0.2,85.0,0.19,123.32,0.24,156.5,0.25,181.5,0.04,0.04,2328.357668,1776362831000
1776362833.197,133.197,0.76,156.5,0.75,181.5,0.8,85.0,0.81,123.32,0.2,85.0,0.19,123.32,0.24,156.5,0.25,181.5,0.04,0.04,2328.848214,1776362832000
1776362834.15,134.15,0.81,44.68,0.8,163.5,0.82,50.0,0.83,155.0,0.2,85.0,0.19,123.32,0.24,156.5,0.25,181.5,0.01,0.04,2328.848214,1776362832000
1776362834.371,134.371,0.81,44.68,0.8,163.5,0.82,50.0,0.83,155.0,0.18,50.0,0.17,155.0,0.19,44.68,0.2,163.5,0.01,0.01,2328.770675,1776362833000
1776362835.008,135.008,0.82,42.0,0.81,132.18,0.83,150.0,0.84,60.0,0.17,150.0,0.16,60.0,0.18,42.0,0.19,132.18,0.01,0.01,2328.812781,1776362834000
1776362835.592,135.592,0.82,125.5,0.81,116.18,0.83,100.0,0.84,60.0,0.17,150.0,0.16,60.0,0.18,42.0,0.19,132.18,0.01,0.01,2328.812781,1776362834000
1776362836.138,136.138,0.82,125.5,0.81,116.18,0.83,100.0,0.84,60.0,0.17,100.0,0.16,60.0,0.18,125.5,0.19,116.18,0.01,0.01,2329.1358,1776362835000
1776362838.486,138.486,0.82,125.5,0.81,116.18,0.83,100.0,0.84,60.0,0.17,100.0,0.16,60.0,0.18,125.5,0.19,116.18,0.01,0.01,2329.285867,1776362837000
1776362839.407,139.407,0.82,125.5,0.81,116.18,0.83,100.0,0.84,60.0,0.17,100.0,0.16,60.0,0.18,125.5,0.19,116.18,0.01,0.01,2329.28621,1776362838000
1776362839.858,139.858,0.82,42.5,0.81,95.18,0.83,23.97,0.84,100.5,0.17,100.0,0.16,60.0,0.18,125.5,0.19,116.18,0.01,0.01,2329.28621,1776362838000
1776362840.367,140.367,0.82,42.5,0.81,95.18,0.83,23.97,0.84,100.5,0.17,23.97,0.16,100.5,0.18,42.5,0.19,95.18,0.01,0.01,2329.278632,1776362839000
1776362841.01,141.01,0.82,42.5,0.81,95.18,0.83,23.97,0.84,100.5,0.17,23.97,0.16,100.5,0.18,42.5,0.19,95.18,0.01,0.01,2329.228483,1776362840000
1776362841.79,141.79,0.82,32.5,0.81,95.18,0.83,14.15,0.84,60.5,0.17,23.97,0.16,100.5,0.18,42.5,0.19,95.18,0.01,0.01,2329.228483,1776362840000
1776362842.366,142.366,0.82,32.5,0.81,95.18,0.83,14.15,0.84,60.5,0.17,14.15,0.16,60.5,0.18,32.5,0.19,95.18,0.01,0.01,2329.209909,1776362841000
1776362843.056,143.056,0.82,32.5,0.81,95.18,0.83,14.15,0.84,60.5,0.17,14.15,0.16,60.5,0.18,32.5,0.19,95.18,0.01,0.01,2329.106889,1776362842000
1776362844.564,144.564,0.82,32.5,0.81,95.18,0.83,14.15,0.84,60.5,0.17,14.15,0.16,60.5,0.18,32.5,0.19,95.18,0.01,0.01,2329.101038,1776362843000
1776362845.108,145.108,0.82,32.5,0.81,95.18,0.83,14.15,0.84,60.5,0.17,14.15,0.16,60.5,0.18,32.5,0.19,95.18,0.01,0.01,2329.070809,1776362844000
1776362845.467,145.467,0.85,58.83,0.84,161.3,0.86,94.57,0.87,70.0,0.14,78.57,0.13,70.0,0.15,47.83,0.16,91.3,0.01,0.01,2329.070809,1776362844000
1776362845.84,145.84,0.85,52.16,0.84,171.3,0.86,94.57,0.87,70.0,0.14,94.57,0.13,70.0,0.15,58.83,0.16,161.3,0.01,0.01,2329.070809,1776362844000
1776362846.12,146.12,0.85,64.49,0.84,171.3,0.86,94.57,0.87,70.0,0.14,94.57,0.13,70.0,0.15,52.16,0.16,171.3,0.01,0.01,2329.070809,1776362844000
1776362846.415,146.415,0.85,43.82,0.84,171.3,0.86,118.57,0.87,80.5,0.14,94.57,0.13,70.0,0.15,64.49,0.16,171.3,0.01,0.01,2329.070809,1776362844000
1776362846.737,146.737,0.85,37.15,0.84,171.3,0.86,94.57,0.87,80.5,0.14,118.57,0.13,80.5,0.15,43.82,0.16,171.3,0.01,0.01,2329.498179,1776362845000
1776362847.226,147.226,0.85,37.15,0.84,171.3,0.86,94.57,0.87,80.5,0.14,94.57,0.13,80.5,0.15,37.15,0.16,171.3,0.01,0.01,2329.589496,1776362846000
1776362848.37,148.37,0.85,83.48,0.84,222.06,0.86,8.57,0.87,70.0,0.14,94.57,0.13,80.5,0.15,37.15,0.16,171.3,0.01,0.01,2329.589496,1776362846000
1776362848.586,148.586,0.86,41.43,0.85,83.48,0.87,70.0,0.88,165.5,0.14,8.57,0.13,70.0,0.15,83.48,0.16,222.06,0.01,0.01,2329.58228,1776362847000
1776362848.955,148.955,0.87,15.3,0.86,115.78,0.88,115.5,0.89,144.5,0.13,70.0,0.12,165.5,0.14,112.78,0.15,69.48,0.01,0.01,2329.58228,1776362847000
1776362849.177,149.177,0.87,15.3,0.86,115.78,0.88,115.5,0.89,144.5,0.12,115.5,0.11,144.5,0.13,15.3,0.14,115.78,0.01,0.01,2329.517317,1776362848000
1776362849.424,149.424,0.88,12.09,0.87,10.0,0.89,44.5,0.9,65.0,0.12,15.5,0.11,144.5,0.13,13.6,0.14,115.78,0.01,0.01,2329.517317,1776362848000
1776362849.83,149.83,0.87,5.76,0.86,115.78,0.89,24.5,0.9,15.0,0.11,44.5,0.1,65.0,0.12,3.75,0.13,10.0,0.02,0.01,2329.517317,1776362848000
1776362850.082,150.082,0.87,26.26,0.86,161.71,0.89,22.5,0.9,10.5,0.09,99.5,0.08,135.9,0.12,10.0,0.13,5.76,0.02,0.03,2329.517317,1776362848000
1776362850.457,150.457,0.87,26.26,0.86,161.71,0.89,22.5,0.9,10.5,0.11,22.5,0.1,10.5,0.13,26.26,0.14,161.71,0.02,0.02,2329.601869,1776362849000
1776362850.719,150.719,0.88,43.0,0.87,29.26,0.89,11.6,0.9,10.5,0.11,22.5,0.1,10.5,0.13,26.26,0.14,161.71,0.01,0.02,2329.601869,1776362849000
1776362851.135,151.135,0.88,23.0,0.87,29.26,0.89,10.25,0.9,10.5,0.11,10.25,0.1,10.5,0.12,23.0,0.13,29.26,0.01,0.01,2329.685196,1776362850000
1776362851.428,151.428,0.86,10.66,0.85,43.48,0.87,41.5,0.88,37.5,0.11,10.25,0.1,10.5,0.12,23.0,0.13,29.26,0.01,0.01,2329.685196,1776362850000
1776362851.822,151.822,0.84,100.0,0.83,62.5,0.85,30.91,0.86,25.5,0.13,41.5,0.12,37.5,0.14,10.66,0.15,43.48,0.01,0.01,2329.685196,1776362850000
1776362852.42,152.42,0.84,151.45,0.83,20.0,0.85,33.63,0.86,15.5,0.15,34.93,0.14,25.5,0.16,100.0,0.17,67.5,0.01,0.01,2329.685196,1776362850000
1776362852.65,152.65,0.84,30.0,0.83,35.5,0.85,26.7,0.86,15.5,0.15,30.63,0.14,15.5,0.16,30.0,0.17,20.0,0.01,0.01,2329.73616,1776362851000
1776362853.589,153.589,0.84,30.0,0.83,35.5,0.85,26.7,0.86,15.5,0.15,26.7,0.14,15.5,0.16,30.0,0.17,35.5,0.01,0.01,2329.626713,1776362852000
1776362854.175,154.175,0.84,30.0,0.83,35.5,0.85,26.7,0.86,15.5,0.15,26.7,0.14,15.5,0.16,30.0,0.17,35.5,0.01,0.01,2329.341197,1776362853000
1776362854.809,154.809,0.82,10.0,0.81,35.0,0.83,31.0,0.84,45.0,0.15,26.7,0.14,15.5,0.16,30.0,0.17,35.5,0.01,0.01,2329.341197,1776362853000
1776362855.601,155.601,0.77,50.0,0.76,20.0,0.78,20.17,0.83,178.0,0.22,20.17,0.17,178.0,0.23,50.0,0.24,20.0,0.01,0.01,2329.04374,1776362854000
1776362856.423,156.423,0.76,30.0,0.75,85.0,0.77,1.88,0.78,75.0,0.22,20.17,0.17,178.0,0.23,50.0,0.24,20.0,0.01,0.01,2329.04374,1776362854000
1776362857.111,157.111,0.77,51.0,0.76,81.26,0.78,93.27,0.79,75.0,0.23,1.88,0.22,75.0,0.24,30.0,0.25,85.0,0.01,0.01,2328.248095,1776362855000
1776362857.435,157.435,0.77,90.0,0.76,86.26,0.8,5.0,0.81,5.0,0.22,93.27,0.21,75.0,0.23,51.0,0.24,81.26,0.03,0.01,2328.141402,1776362856000
1776362857.876,157.876,0.81,70.5,0.8,40.5,0.82,14.03,0.83,80.5,0.2,5.0,0.19,5.0,0.23,90.0,0.24,86.26,0.01,0.03,2328.141402,1776362856000
1776362858.234,158.234,0.8,16.41,0.79,10.0,0.82,42.03,0.83,90.5,0.18,14.03,0.17,80.5,0.19,70.5,0.2,40.5,0.02,0.01,2328.141402,1776362856000
1776362858.501,158.501,0.79,10.0,0.78,17.0,0.81,133.76,0.82,134.03,0.18,42.03,0.17,90.5,0.2,16.41,0.21,10.0,0.02,0.02,2328.189089,1776362857000
1776362859.648,159.648,0.79,12.0,0.78,17.0,0.81,133.76,0.82,134.03,0.19,133.76,0.18,134.03,0.21,12.0,0.22,17.0,0.02,0.02,2328.47238,1776362858000
1776362860.198,160.198,0.8,5.0,0.79,12.0,0.81,98.76,0.82,139.03,0.19,98.76,0.18,139.03,0.2,5.0,0.21,12.0,0.01,0.01,2328.521962,1776362859000
1776362860.475,160.475,0.78,17.0,0.77,54.0,0.81,122.76,0.82,139.03,0.19,98.76,0.18,139.03,0.2,5.0,0.21,12.0,0.03,0.01,2328.521962,1776362859000
1776362861.202,161.202,0.81,10.0,0.8,20.0,0.82,97.0,0.83,155.0,0.19,122.76,0.18,139.03,0.22,17.0,0.23,54.0,0.01,0.03,2328.521962,1776362859000
1776362861.406,161.406,0.81,10.0,0.8,20.0,0.82,97.0,0.83,155.0,0.18,97.0,0.17,155.0,0.19,10.0,0.2,20.0,0.01,0.01,2328.374973,1776362860000
1776362861.616,161.616,0.79,7.0,0.78,7.0,0.82,145.0,0.83,165.0,0.18,145.0,0.17,165.0,0.21,10.0,0.22,7.0,0.03,0.03,2328.374973,1776362860000
1776362861.958,161.958,0.79,7.0,0.78,7.0,0.82,145.0,0.83,165.0,0.18,145.0,0.17,165.0,0.21,7.0,0.22,7.0,0.03,0.03,2328.481349,1776362861000
1776362862.325,162.325,0.79,6.0,0.78,6.0,0.8,13.85,0.81,15.0,0.2,2.0,0.19,20.0,0.21,6.0,0.22,23.0,0.01,0.01,2328.481349,1776362861000
1776362862.8,162.8,0.76,10.0,0.75,110.0,0.77,2.0,0.78,80.0,0.2,22.47,0.19,80.0,0.24,50.0,0.25,135.0,0.01,0.04,2328.481349,1776362861000
1776362863.145,163.145,0.76,10.0,0.75,110.0,0.77,2.0,0.78,80.0,0.23,2.0,0.22,80.0,0.24,10.0,0.25,110.0,0.01,0.01,2328.519253,1776362862000
1776362863.411,163.411,0.75,60.0,0.74,45.0,0.76,16.75,0.77,10.0,0.22,75.0,0.21,93.0,0.24,10.0,0.25,60.0,0.01,0.02,2328.519253,1776362862000
1776362863.71,163.71,0.75,60.0,0.74,45.0,0.76,15.17,0.77,10.0,0.24,16.75,0.23,10.0,0.25,60.0,0.26,45.0,0.01,0.01,2328.519253,1776362862000
1776362864.01,164.01,0.75,60.0,0.74,45.0,0.76,27.85,0.77,10.0,0.24,15.17,0.23,10.0,0.25,60.0,0.26,45.0,0.01,0.01,2328.519253,1776362862000
1776362864.349,164.349,0.75,60.0,0.74,45.0,0.76,27.85,0.77,10.0,0.24,27.85,0.23,10.0,0.25,60.0,0.26,45.0,0.01,0.01,2328.270823,1776362863000
1776362864.962,164.962,0.75,60.0,0.74,45.0,0.76,27.85,0.77,10.0,0.24,27.85,0.23,10.0,0.25,60.0,0.26,45.0,0.01,0.01,2328.155597,1776362864000
1776362865.576,165.576,0.75,60.0,0.74,107.03,0.77,13.05,0.78,115.0,0.24,27.85,0.23,10.0,0.25,60.0,0.26,45.0,0.02,0.01,2328.155597,1776362864000
1776362866.037,166.037,0.75,60.0,0.74,107.03,0.77,13.05,0.78,115.0,0.23,13.05,0.22,115.0,0.25,60.0,0.26,107.03,0.02,0.02,2328.107079,1776362865000
1776362866.639,166.639,0.75,60.0,0.74,45.0,0.77,13.05,0.78,115.0,0.23,13.05,0.22,115.0,0.25,60.0,0.26,107.03,0.02,0.02,2328.107079,1776362865000
1776362867.2,167.2,0.75,60.0,0.74,45.0,0.77,13.05,0.78,115.0,0.23,13.05,0.22,115.0,0.25,60.0,0.26,45.0,0.02,0.02,2328.086311,1776362866000
1776362867.461,167.461,0.74,5.38,0.73,70.0,0.75,10.0,0.76,10.0,0.23,13.05,0.22,115.0,0.25,60.0,0.26,45.0,0.01,0.02,2328.086311,1776362866000
1776362868.343,168.343,0.73,70.0,0.72,55.0,0.76,10.0,0.77,13.05,0.24,10.0,0.23,13.05,0.27,70.0,0.28,55.0,0.03,0.03,2328.027656,1776362867000
1776362869.064,169.064,0.75,66.0,0.74,10.0,0.76,10.0,0.77,1.76,0.24,10.0,0.23,1.76,0.25,66.0,0.26,10.0,0.01,0.01,2328.0054,1776362868000
1776362870.051,170.051,0.73,120.5,0.72,55.0,0.76,31.4,0.77,20.79,0.24,31.4,0.23,20.79,0.27,120.5,0.28,55.0,0.03,0.03,2328.032071,1776362869000
1776362870.734,170.734,0.7,35.33,0.69,419.41,0.71,5.0,0.73,108.0,0.24,31.4,0.23,20.79,0.27,120.5,0.28,55.0,0.01,0.03,2328.032071,1776362869000
1776362871.176,171.176,0.69,399.41,0.68,105.0,0.71,55.0,0.73,108.0,0.29,5.0,0.27,108.0,0.3,35.33,0.31,419.41,0.02,0.01,2328.032071,1776362869000
1776362871.451,171.451,0.69,274.41,0.68,105.0,0.71,50.01,0.73,80.0,0.29,55.0,0.27,98.0,0.31,399.41,0.32,105.0,0.02,0.02,2328.032071,1776362869000
1776362871.965,171.965,0.69,274.41,0.68,105.0,0.71,50.01,0.73,80.0,0.29,50.01,0.27,80.0,0.31,274.41,0.32,105.0,0.02,0.02,2327.572297,1776362870000
1776362872.719,172.719,0.69,7.41,0.68,95.0,0.71,264.0,0.72,10.0,0.29,150.0,0.28,10.0,0.31,239.41,0.32,105.0,0.02,0.02,2327.572297,1776362870000
1776362873.508,173.508,0.67,50.0,0.66,66.0,0.71,355.0,0.72,10.0,0.29,355.0,0.28,10.0,0.33,50.0,0.34,66.0,0.04,0.04,2327.376002,1776362872000
1776362873.804,173.804,0.63,5.5,0.62,16.0,0.64,126.92,0.65,30.0,0.29,355.0,0.28,10.0,0.33,50.0,0.34,66.0,0.01,0.04,2327.376002,1776362872000
1776362874.015,174.015,0.63,5.5,0.62,16.0,0.64,140.72,0.65,50.0,0.36,126.92,0.35,30.0,0.37,5.5,0.38,16.0,0.01,0.01,2327.376002,1776362872000
1776362874.498,174.498,0.53,100.0,0.52,35.0,0.59,61.0,0.6,20.0,0.41,40.49,0.4,25.0,0.42,3.61,0.45,25.0,0.06,0.01,2327.172257,1776362873000
1776362875.54,175.54,0.53,100.0,0.52,35.0,0.59,61.0,0.6,20.0,0.41,61.0,0.4,20.0,0.47,100.0,0.48,35.0,0.06,0.06,2326.773601,1776362874000
1776362876.263,176.263,0.53,100.0,0.52,35.0,0.59,61.0,0.6,20.0,0.41,61.0,0.4,20.0,0.47,100.0,0.48,35.0,0.06,0.06,2326.676646,1776362875000
1776362876.826,176.826,0.49,15.0,0.48,359.71,0.51,26.0,0.52,10.0,0.41,61.0,0.4,20.0,0.47,100.0,0.48,35.0,0.02,0.06,2326.676646,1776362875000
1776362877.241,177.241,0.48,352.86,0.47,89.5,0.51,96.0,0.52,10.0,0.49,26.0,0.48,10.0,0.51,15.0,0.52,359.71,0.03,0.02,2326.528169,1776362876000
1776362877.639,177.639,0.48,352.86,0.47,89.5,0.51,201.0,0.52,10.0,0.49,96.0,0.48,10.0,0.5,11.81,0.52,352.86,0.03,0.01,2326.528169,1776362876000
1776362878.228,178.228,0.48,351.66,0.47,89.5,0.49,26.0,0.5,10.0,0.49,201.0,0.48,10.0,0.52,352.86,0.53,89.5,0.01,0.03,2326.528169,1776362876000
1776362878.554,178.554,0.48,357.66,0.47,89.5,0.49,18.75,0.5,10.0,0.51,21.0,0.5,10.0,0.52,351.66,0.53,89.5,0.01,0.01,2326.246633,1776362877000
1776362878.911,178.911,0.48,352.66,0.47,84.5,0.49,7.67,0.5,10.0,0.51,11.7,0.5,10.0,0.52,352.66,0.53,89.5,0.01,0.01,2326.246633,1776362877000
1776362879.175,179.175,0.48,350.35,0.47,84.5,0.49,5.42,0.5,10.0,0.51,5.42,0.5,10.0,0.52,352.66,0.53,84.5,0.01,0.01,2326.246633,1776362877000
1776362879.749,179.749,0.48,345.63,0.47,161.11,0.5,29.45,0.51,150.0,0.5,8.37,0.49,150.0,0.52,348.42,0.53,161.11,0.02,0.02,2326.253606,1776362878000
1776362880.1,180.1,0.48,337.2,0.47,161.11,0.49,27.15,0.5,24.35,0.51,7.95,0.5,24.35,0.52,339.2,0.53,161.11,0.01,0.01,2326.253606,1776362878000
1776362880.456,180.456,0.48,322.8,0.47,70.0,0.49,139.1,0.5,29.35,0.51,27.15,0.5,24.35,0.52,337.2,0.53,161.11,0.01,0.01,2326.174016,1776362879000
1776362880.676,180.676,0.48,206.87,0.47,70.0,0.49,59.9,0.5,29.35,0.51,119.9,0.5,29.35,0.52,265.96,0.53,70.0,0.01,0.01,2326.174016,1776362879000
1776362881.543,181.543,0.48,37.94,0.47,70.0,0.49,134.1,0.5,29.35,0.51,59.9,0.5,29.35,0.52,203.69,0.53,70.0,0.01,0.01,2326.174016,1776362879000
1776362882.255,182.255,0.48,29.41,0.46,50.0,0.49,132.05,0.5,29.35,0.51,134.1,0.5,29.35,0.52,29.41,0.53,70.0,0.01,0.01,2326.25003,1776362880000
1776362882.583,182.583,0.48,29.41,0.46,50.0,0.49,107.03,0.5,29.35,0.51,132.05,0.5,29.35,0.52,29.41,0.54,50.0,0.01,0.01,2326.25003,1776362880000
1776362882.796,182.796,0.48,20.32,0.45,100.0,0.49,45.13,0.5,29.35,0.51,45.13,0.5,29.35,0.52,20.32,0.55,100.0,0.01,0.01,2326.151881,1776362881000
1776362883.311,183.311,0.48,16.47,0.45,100.0,0.49,67.13,0.5,29.35,0.51,45.13,0.5,29.35,0.52,20.32,0.55,100.0,0.01,0.01,2326.151881,1776362881000
1776362883.666,183.666,0.48,9.47,0.45,100.0,0.49,81.13,0.5,13.37,0.51,67.13,0.5,29.35,0.52,16.47,0.55,100.0,0.01,0.01,2326.151881,1776362881000
1776362883.884,183.884,0.48,9.47,0.45,100.0,0.49,64.28,0.5,13.37,0.51,76.13,0.5,13.37,0.52,9.47,0.55,100.0,0.01,0.01,2325.500626,1776362882000
1776362884.245,184.245,0.42,175.0,0.41,25.0,0.47,8.06,0.48,33.61,0.53,7.49,0.52,24.0,0.56,125.0,0.57,25.0,0.05,0.03,2325.500626,1776362882000
1776362884.504,184.504,0.42,175.0,0.41,25.0,0.47,8.06,0.48,33.61,0.53,8.06,0.52,33.61,0.58,175.0,0.59,25.0,0.05,0.05,2325.1873,1776362883000
1776362885.104,185.104,0.34,16.0,0.33,16.3,0.35,55.0,0.39,8.19,0.64,57.15,0.56,8.92,0.65,10.0,0.66,21.0,0.01,0.01,2325.1873,1776362883000
1776362885.333,185.333,0.31,5.11,0.3,17.1,0.32,6.87,0.35,36.91,0.65,36.91,0.59,75.0,0.69,5.11,0.7,17.1,0.01,0.04,2325.089984,1776362884000
1776362885.729,185.729,0.31,5.11,0.3,17.1,0.32,19.37,0.33,10.0,0.68,6.87,0.65,36.91,0.69,5.11,0.7,17.1,0.01,0.01,2325.089984,1776362884000
1776362886.022,186.022,0.29,17.5,0.28,17.89,0.3,33.66,0.31,10.0,0.68,19.37,0.67,10.0,0.71,17.5,0.72,33.89,0.01,0.03,2325.089984,1776362884000
1776362886.274,186.274,0.26,20.6,0.25,19.2,0.27,35.0,0.28,10.0,0.71,10.0,0.7,13.29,0.74,20.7,0.75,19.2,0.01,0.03,2325.089984,1776362884000
1776362886.539,186.539,0.24,12.6,0.23,20.3,0.25,3.8,0.26,40.0,0.73,35.0,0.72,10.0,0.76,12.6,0.77,20.3,0.01,0.03,2325.089984,1776362884000
1776362886.889,186.889,0.24,12.6,0.23,20.3,0.25,3.8,0.26,40.0,0.75,3.8,0.74,40.0,0.76,12.6,0.77,20.3,0.01,0.01,2325.118727,1776362885000
1776362887.275,187.275,0.24,11.8,0.23,20.3,0.25,2.0,0.26,30.0,0.75,10.0,0.74,30.0,0.76,11.8,0.77,20.3,0.01,0.01,2325.118727,1776362885000
1776362887.753,187.753,0.24,11.8,0.23,20.3,0.25,2.0,0.26,30.0,0.75,2.0,0.74,30.0,0.76,11.8,0.77,20.3,0.01,0.01,2325.032768,1776362886000
1776362888.518,188.518,0.24,11.8,0.23,20.3,0.25,2.0,0.26,30.0,0.75,2.0,0.74,30.0,0.76,11.8,0.77,20.3,0.01,0.01,2324.671369,1776362887000
1776362888.93,188.93,0.24,10.21,0.23,20.3,0.25,10.0,0.26,23.15,0.74,23.15,0.73,15.0,0.76,11.8,0.77,20.3,0.01,0.02,2324.671369,1776362887000
1776362889.201,189.201,0.24,10.21,0.23,20.3,0.25,23.68,0.26,23.15,0.75,10.0,0.74,23.15,0.76,10.21,0.77,20.3,0.01,0.01,2324.671369,1776362887000
1776362889.684,189.684,0.24,7.21,0.23,20.3,0.25,56.68,0.26,23.15,0.75,23.68,0.74,23.15,0.76,10.21,0.77,20.3,0.01,0.01,2324.54989,1776362888000
1776362889.923,189.923,0.2,22.5,0.19,23.4,0.23,10.0,0.24,10.0,0.75,56.68,0.74,23.15,0.78,17.21,0.79,21.7,0.03,0.03,2324.54989,1776362888000
1776362890.264,190.264,0.16,73.6,0.15,28.2,0.21,30.0,0.22,10.0,0.77,10.0,0.76,10.0,0.8,22.5,0.81,23.4,0.05,0.03,2324.543583,1776362889000
1776362890.575,190.575,0.14,33.83,0.13,140.8,0.16,10.0,0.17,10.0,0.83,5.0,0.82,10.0,0.85,2.8,0.86,34.9,0.02,0.02,2324.543583,1776362889000
1776362890.818,190.818,0.14,81.83,0.13,51.8,0.23,10.0,0.24,10.0,0.84,3.75,0.77,10.0,0.85,22.82,0.86,43.83,0.09,0.01,2324.543583,1776362889000
1776362891.335,191.335,0.17,29.0,0.15,42.0,0.19,19.0,0.2,10.0,0.8,10.0,0.79,10.0,0.85,166.04,0.86,238.83,0.02,0.05,2324.543583,1776362889000
1776362891.649,191.649,0.17,24.62,0.14,210.83,0.18,20.0,0.19,7.0,0.81,19.0,0.8,10.0,0.83,29.0,0.85,42.0,0.01,0.02,2324.543583,1776362889000
1776362891.92,191.92,0.14,158.67,0.13,106.8,0.15,13.33,0.16,10.0,0.85,10.0,0.84,10.0,0.86,200.67,0.87,111.8,0.01,0.01,2324.543583,1776362889000
1776362892.142,192.142,0.14,155.67,0.13,106.8,0.17,9.52,0.18,10.0,0.85,13.33,0.84,10.0,0.86,155.67,0.87,106.8,0.03,0.01,2324.543583,1776362889000
1776362892.435,192.435,0.14,84.5,0.13,36.8,0.15,3.33,0.16,10.0,0.85,3.33,0.84,10.0,0.86,155.67,0.87,106.8,0.01,0.01,2324.198751,1776362891000
1776362892.695,192.695,0.14,7.86,0.13,31.8,0.15,40.0,0.16,6.87,0.84,6.87,0.83,9.52,0.86,80.0,0.87,36.8,0.01,0.02,2324.198751,1776362891000
1776362892.915,192.915,0.14,4.86,0.13,31.8,0.15,45.0,0.16,6.87,0.85,40.0,0.84,6.87,0.86,7.86,0.87,31.8,0.01,0.01,2324.198751,1776362891000
1776362893.168,193.168,0.18,5.0,0.13,15.06,0.19,7.0,0.2,10.0,0.86,2.85,0.85,25.0,0.87,5.06,0.88,34.1,0.01,0.01,2324.198751,1776362891000
1776362893.398,193.398,0.13,29.53,0.12,44.1,0.16,10.0,0.21,47.28,0.85,10.0,0.79,47.28,0.87,45.05,0.88,44.1,0.03,0.02,2324.198751,1776362891000
1776362893.646,193.646,0.14,33.93,0.13,20.0,0.15,20.0,0.17,10.0,0.84,10.0,0.79,47.28,0.87,29.52,0.88,44.1,0.01,0.03,2324.141528,1776362892000
1776362893.897,193.897,0.16,9.04,0.15,15.0,0.17,20.0,0.18,10.0,0.85,13.33,0.83,10.0,0.86,33.93,0.87,20.0,0.01,0.01,2324.141528,1776362892000
1776362894.563,194.563,0.16,10.0,0.15,10.0,0.17,10.0,0.18,10.0,0.83,5.88,0.82,10.0,0.84,2.49,0.85,15.0,0.01,0.01,2324.062311,1776362893000
1776362895.258,195.258,0.13,10.0,0.12,44.1,0.14,2.85,0.15,10.0,0.83,10.0,0.82,10.0,0.84,10.0,0.85,10.0,0.01,0.01,2324.062311,1776362893000
1776362895.558,195.558,0.14,10.0,0.13,10.0,0.15,2.0,0.16,10.0,0.86,2.85,0.85,10.0,0.87,10.0,0.88,44.1,0.01,0.01,2323.760629,1776362894000
1776362895.839,195.839,0.15,8.82,0.14,10.0,0.16,10.0,0.17,10.0,0.85,2.0,0.84,10.0,0.86,10.0,0.87,10.0,0.01,0.01,2323.760629,1776362894000
1776362896.194,196.194,0.14,10.0,0.13,10.0,0.16,10.0,0.17,10.0,0.84,10.0,0.83,10.0,0.85,8.82,0.86,10.0,0.02,0.01,2323.760629,1776362895000
1776362897.076,197.076,0.17,10.0,0.16,34.0,0.18,14.0,0.19,20.0,0.84,10.0,0.83,10.0,0.86,10.0,0.87,10.0,0.01,0.02,2323.760629,1776362895000
1776362897.391,197.391,0.17,4.81,0.16,10.0,0.18,27.0,0.19,20.0,0.82,14.0,0.81,20.0,0.83,10.0,0.84,34.0,0.01,0.01,2323.757942,1776362896000
1776362897.897,197.897,0.17,14.0,0.16,24.0,0.18,27.0,0.19,30.0,0.82,27.0,0.81,20.0,0.84,10.0,0.85,10.0,0.01,0.02,2323.757942,1776362896000
1776362898.31,198.31,0.17,14.0,0.16,24.0,0.18,27.0,0.19,30.0,0.82,27.0,0.81,30.0,0.83,14.0,0.84,24.0,0.01,0.01,2323.721237,1776362897000
1776362898.546,198.546,0.16,7.8,0.14,10.0,0.17,10.0,0.18,17.0,0.82,27.0,0.81,30.0,0.83,14.0,0.84,24.0,0.01,0.01,2323.721237,1776362897000
1776362898.893,198.893,0.16,7.8,0.14,10.0,0.17,10.0,0.18,17.0,0.83,10.0,0.82,17.0,0.84,7.8,0.86,10.0,0.01,0.01,2323.775992,1776362898000
1776362899.1,199.1,0.15,95.0,0.14,10.0,0.17,29.11,0.18,15.0,0.83,35.0,0.82,15.0,0.84,11.81,0.85,95.0,0.02,0.01,2323.775992,1776362898000
1776362899.532,199.532,0.16,20.0,0.15,95.0,0.19,5.0,0.24,30.0,0.83,29.11,0.82,15.0,0.85,95.0,0.86,10.0,0.03,0.02,2323.775992,1776362898000
1776362899.924,199.924,0.18,10.0,0.17,42.0,0.19,2.0,0.26,100.0,0.81,5.0,0.76,30.0,0.84,20.0,0.85,95.0,0.01,0.03,2323.775992,1776362898000
1776362900.128,200.128,0.18,18.53,0.17,32.0,0.19,1.78,0.26,110.0,0.81,2.0,0.74,100.0,0.82,8.53,0.83,42.0,0.01,0.01,2323.775992,1776362898000
1776362900.918,200.918,0.16,10.0,0.15,95.0,0.19,1.78,0.24,10.0,0.81,1.78,0.74,110.0,0.82,8.53,0.83,42.0,0.03,0.01,2323.874198,1776362899000
1776362901.354,201.354,0.16,7.0,0.15,95.0,0.19,1.78,0.24,10.0,0.81,1.78,0.77,10.0,0.84,7.0,0.85,95.0,0.03,0.03,2323.870351,1776362900000
1776362901.894,201.894,0.2,5.0,0.19,10.0,0.23,20.0,0.24,10.0,0.81,1.78,0.77,10.0,0.84,7.0,0.85,95.0,0.03,0.03,2323.870351,1776362900000
1776362902.282,202.282,0.25,10.0,0.24,34.0,0.26,152.09,0.27,35.0,0.77,20.0,0.76,10.0,0.8,5.0,0.81,10.0,0.01,0.03,2324.174778,1776362901000
1776362902.616,202.616,0.25,10.0,0.24,10.0,0.26,2.0,0.27,5.0,0.74,12.0,0.73,5.0,0.75,10.0,0.76,34.0,0.01,0.01,2324.174778,1776362901000
1776362903.023,203.023,0.25,32.0,0.24,10.0,0.26,2.0,0.27,5.0,0.74,2.0,0.73,5.0,0.75,5.0,0.76,10.0,0.01,0.01,2324.174778,1776362901000
1776362904.189,204.189,0.24,10.0,0.23,10.0,0.25,15.0,0.26,12.0,0.74,2.0,0.73,5.0,0.75,32.0,0.76,10.0,0.01,0.01,2324.148949,1776362902000
1776362904.427,204.427,0.24,10.0,0.23,10.0,0.25,15.0,0.26,12.0,0.75,15.0,0.74,12.0,0.76,10.0,0.77,10.0,0.01,0.01,2324.381818,1776362903000
1776362904.868,204.868,0.24,30.0,0.23,10.0,0.26,55.76,0.27,15.0,0.75,11.5,0.74,71.05,0.76,30.0,0.77,10.0,0.02,0.01,2324.381818,1776362903000
1776362905.339,205.339,0.26,3.59,0.25,10.0,0.27,12.0,0.28,15.0,0.74,43.91,0.73,15.0,0.76,30.0,0.77,10.0,0.01,0.02,2324.714148,1776362904000
1776362905.806,205.806,0.25,10.42,0.24,10.0,0.26,12.0,0.27,15.0,0.73,12.0,0.72,15.0,0.74,3.59,0.75,10.0,0.01,0.01,2324.714148,1776362904000
1776362906.733,206.733,0.25,10.42,0.24,10.0,0.26,12.0,0.27,15.0,0.74,12.0,0.73,15.0,0.75,10.42,0.76,10.0,0.01,0.01,2324.630677,1776362905000
1776362907.357,207.357,0.25,10.42,0.24,10.0,0.26,12.0,0.27,15.0,0.74,12.0,0.73,15.0,0.75,10.42,0.76,10.0,0.01,0.01,2324.665606,1776362906000
1776362907.894,207.894,0.25,30.42,0.24,30.0,0.27,1.0,0.28,5.0,0.74,2.0,0.73,5.0,0.75,30.42,0.76,30.0,0.02,0.01,2324.665606,1776362906000
1776362908.259,208.259,0.25,62.82,0.24,20.0,0.27,1.0,0.28,5.0,0.73,1.0,0.72,5.0,0.75,30.42,0.76,30.0,0.02,0.02,2324.665606,1776362906000
1776362908.477,208.477,0.26,1.0,0.25,34.0,0.27,21.0,0.28,5.0,0.73,1.0,0.72,5.0,0.75,72.82,0.76,20.0,0.01,0.02,2324.665606,1776362906000
1776362908.79,208.79,0.26,37.53,0.21,28.0,0.27,1.0,0.28,10.0,0.73,7.0,0.71,10.0,0.74,13.53,0.79,28.0,0.01,0.01,2324.665606,1776362906000
1776362908.997,208.997,0.25,8.71,0.21,43.0,0.28,7.06,0.29,10.0,0.73,1.0,0.72,10.0,0.75,8.71,0.79,33.0,0.03,0.02,2324.665606,1776362906000
1776362909.216,209.216,0.27,28.36,0.26,15.0,0.28,10.0,0.29,10.0,0.72,7.06,0.71,10.0,0.75,8.71,0.79,43.0,0.01,0.03,2324.665606,1776362906000
1776362909.575,209.575,0.25,8.71,0.24,10.0,0.28,10.0,0.29,75.21,0.72,10.0,0.71,10.0,0.73,28.36,0.74,15.0,0.03,0.01,2324.665606,1776362906000
1776362910.011,210.011,0.22,7.0,0.21,10.0,0.24,22.0,0.25,10.0,0.72,7.0,0.71,75.21,0.75,8.71,0.76,10.0,0.02,0.03,2324.647794,1776362908000
1776362910.272,210.272,0.22,7.0,0.21,10.0,0.24,22.0,0.25,10.0,0.76,22.0,0.75,10.0,0.78,7.0,0.79,10.0,0.02,0.02,2324.636812,1776362909000
1776362910.493,210.493,0.23,10.0,0.22,7.0,0.24,43.57,0.26,10.0,0.76,51.91,0.75,10.0,0.77,10.0,0.78,7.0,0.01,0.01,2324.636812,1776362909000
1776362910.855,210.855,0.28,10.0,0.27,10.0,0.29,7.0,0.3,65.0,0.76,43.57,0.74,10.0,0.77,10.0,0.78,7.0,0.01,0.01,2324.636812,1776362909000
1776362911.391,211.391,0.28,10.0,0.27,10.0,0.29,7.0,0.3,65.0,0.71,7.0,0.7,65.0,0.72,10.0,0.73,10.0,0.01,0.01,2324.76789,1776362910000
1776362911.784,211.784,0.24,6.66,0.22,10.0,0.25,25.0,0.26,20.0,0.71,7.0,0.7,65.0,0.72,10.0,0.73,10.0,0.01,0.01,2324.76789,1776362910000
1776362912.12,212.12,0.24,6.42,0.23,10.0,0.25,37.0,0.26,15.0,0.75,37.0,0.74,15.0,0.76,7.0,0.77,10.0,0.01,0.01,2324.773826,1776362911000
1776362912.56,212.56,0.24,5.77,0.23,15.0,0.25,141.59,0.26,20.0,0.75,42.0,0.74,20.0,0.76,5.77,0.77,15.0,0.01,0.01,2324.773826,1776362911000
1776362912.84,212.84,0.24,23.42,0.23,15.0,0.25,124.59,0.26,20.0,0.75,114.59,0.74,20.0,0.76,3.13,0.77,15.0,0.01,0.01,2324.773826,1776362911000
1776362913.242,213.242,0.24,21.84,0.23,15.0,0.25,134.59,0.26,20.0,0.75,134.59,0.74,20.0,0.76,21.84,0.77,15.0,0.01,0.01,2324.827745,1776362912000
1776362913.497,213.497,0.22,10.0,0.21,10.0,0.23,20.65,0.24,17.0,0.75,134.59,0.74,20.0,0.76,21.84,0.77,15.0,0.01,0.01,2324.827745,1776362912000
1776362914.287,214.287,0.22,10.0,0.21,10.0,0.23,20.65,0.24,17.0,0.77,20.65,0.76,17.0,0.78,10.0,0.79,10.0,0.01,0.01,2324.832433,1776362913000
1776362914.812,214.812,0.21,6.73,0.19,41.53,0.24,7.0,0.26,5.0,0.8,5.0,0.79,15.0,0.81,7.53,0.82,25.0,0.03,0.01,2324.832433,1776362913000
1776362915.235,215.235,0.25,42.66,0.24,10.0,0.26,10.0,0.27,35.0,0.76,7.0,0.74,5.0,0.79,6.73,0.81,41.53,0.01,0.03,2324.832433,1776362913000
1776362915.461,215.461,0.25,34.0,0.24,15.0,0.26,40.2,0.27,35.0,0.74,40.2,0.73,35.0,0.75,34.0,0.76,15.0,0.01,0.01,2324.653083,1776362914000
1776362915.905,215.905,0.24,12.42,0.23,10.0,0.25,5.0,0.26,45.2,0.74,40.2,0.73,35.0,0.76,14.0,0.77,10.0,0.01,0.02,2324.653083,1776362914000
1776362916.62,216.62,0.24,32.42,0.23,25.0,0.26,33.04,0.27,30.0,0.75,5.0,0.74,45.2,0.76,12.42,0.77,10.0,0.02,0.01,2324.61771,1776362915000
1776362916.877,216.877,0.25,19.86,0.24,27.42,0.27,25.0,0.28,15.0,0.74,33.04,0.73,30.0,0.76,32.42,0.77,25.0,0.02,0.02,2324.61771,1776362915000
1776362917.284,217.284,0.25,19.86,0.24,27.42,0.27,25.0,0.28,15.0,0.73,25.0,0.72,15.0,0.75,19.86,0.76,27.42,0.02,0.02,2324.7035,1776362916000
1776362918.266,218.266,0.27,0.96,0.26,10.0,0.29,15.0,0.3,15.0,0.73,25.0,0.72,15.0,0.75,19.86,0.76,27.42,0.02,0.02,2324.7035,1776362916000
1776362918.665,218.665,0.27,0.96,0.26,10.0,0.29,15.0,0.3,15.0,0.71,15.0,0.7,15.0,0.73,0.96,0.74,10.0,0.02,0.02,2324.919228,1776362917000
1776362919.337,219.337,0.27,0.96,0.26,10.0,0.29,15.0,0.3,15.0,0.71,15.0,0.7,15.0,0.73,0.96,0.74,10.0,0.02,0.02,2324.9929,1776362918000
1776362919.738,219.738,0.27,17.39,0.26,15.0,0.28,5.0,0.29,15.0,0.71,15.0,0.7,15.0,0.73,0.96,0.74,10.0,0.01,0.02,2324.9929,1776362918000
1776362920.009,220.009,0.28,4.61,0.27,7.39,0.29,15.0,0.3,15.0,0.72,5.0,0.71,15.0,0.73,17.39,0.74,15.0,0.01,0.01,2324.9929,1776362918000
1776362920.37,220.37,0.27,5.38,0.26,15.0,0.29,15.0,0.3,15.0,0.71,15.0,0.7,15.0,0.73,5.38,0.74,15.0,0.02,0.02,2324.994046,1776362919000
1776362921.044,221.044,0.27,5.38,0.26,15.0,0.29,15.0,0.3,15.0,0.71,15.0,0.7,15.0,0.73,5.38,0.74,15.0,0.02,0.02,2324.994046,1776362920000
1776362922.043,222.043,0.27,5.38,0.26,15.0,0.29,15.0,0.3,15.0,0.71,15.0,0.7,15.0,0.73,5.38,0.74,15.0,0.02,0.02,2325.060506,1776362921000
1776362922.94,222.94,0.3,5.71,0.29,113.0,0.31,80.0,0.32,20.0,0.71,15.0,0.7,15.0,0.73,5.38,0.74,15.0,0.01,0.02,2325.060506,1776362921000
1776362923.27,223.27,0.32,10.0,0.31,16.0,0.33,44.0,0.34,35.0,0.67,44.0,0.66,35.0,0.68,10.0,0.69,16.0,0.01,0.01,2325.055397,1776362922000
1776362923.683,223.683,0.32,31.88,0.31,71.0,0.33,44.0,0.34,5.0,0.67,44.0,0.66,35.0,0.68,10.0,0.69,16.0,0.01,0.01,2325.055397,1776362922000
1776362924.025,224.025,0.34,34.16,0.33,20.0,0.35,81.82,0.36,80.0,0.65,96.82,0.64,90.0,0.68,31.88,0.69,71.0,0.01,0.03,2325.055397,1776362922000
1776362924.841,224.841,0.34,34.16,0.33,20.0,0.35,81.82,0.36,80.0,0.65,81.82,0.64,80.0,0.66,34.16,0.67,20.0,0.01,0.01,2325.153559,1776362923000
1776362925.416,225.416,0.34,75.86,0.33,15.0,0.35,82.82,0.36,75.0,0.65,77.82,0.64,75.0,0.66,55.0,0.67,34.0,0.01,0.01,2325.153559,1776362923000
1776362925.972,225.972,0.34,83.35,0.33,15.0,0.35,77.82,0.36,75.0,0.65,77.82,0.64,75.0,0.66,83.35,0.67,15.0,0.01,0.01,2325.44192,1776362925000
1776362926.351,226.351,0.34,173.35,0.33,225.0,0.37,135.0,0.38,125.5,0.65,63.53,0.64,75.0,0.66,173.35,0.67,85.0,0.03,0.01,2325.44192,1776362925000
1776362926.686,226.686,0.36,24.0,0.35,15.0,0.37,145.0,0.38,125.5,0.63,135.0,0.62,125.5,0.66,173.35,0.67,225.0,0.01,0.03,2325.44192,1776362925000
1776362927.093,227.093,0.36,24.0,0.35,15.0,0.37,145.0,0.38,125.5,0.63,145.0,0.62,125.5,0.64,24.0,0.65,15.0,0.01,0.01,2325.64993,1776362926000
1776362927.886,227.886,0.32,20.0,0.31,136.0,0.35,25.0,0.36,10.0,0.63,144.0,0.62,130.5,0.66,60.0,0.67,10.0,0.03,0.03,2325.64993,1776362926000
1776362928.122,228.122,0.32,20.0,0.31,136.0,0.35,25.0,0.36,10.0,0.65,25.0,0.64,10.0,0.68,20.0,0.69,136.0,0.03,0.03,2325.705834,1776362927000
1776362929.224,229.224,0.32,20.0,0.31,136.0,0.35,25.0,0.36,10.0,0.65,25.0,0.64,10.0,0.68,20.0,0.69,136.0,0.03,0.03,2325.667421,1776362928000
1776362929.643,229.643,0.32,118.52,0.31,280.0,0.33,5.0,0.34,5.0,0.65,25.0,0.64,10.0,0.68,20.0,0.69,136.0,0.01,0.03,2325.667421,1776362928000
1776362930.247,230.247,0.32,115.62,0.31,280.0,0.33,5.0,0.35,15.0,0.67,5.0,0.65,15.0,0.68,115.62,0.69,280.0,0.01,0.01,2325.609101,1776362929000
1776362930.517,230.517,0.32,4.0,0.31,100.0,0.33,50.85,0.34,10.0,0.67,13.85,0.66,10.0,0.68,10.0,0.69,130.0,0.01,0.01,2325.609101,1776362929000
1776362931.054,231.054,0.34,40.0,0.33,10.0,0.37,8.94,0.38,15.5,0.68,5.0,0.67,8.85,0.7,18.0,0.71,15.0,0.03,0.02,2325.609101,1776362929000
1776362931.268,231.268,0.34,40.0,0.33,10.0,0.37,8.94,0.38,15.5,0.63,8.94,0.62,15.5,0.66,40.0,0.67,10.0,0.03,0.03,2325.624426,1776362930000
1776362932.23,232.23,0.37,66.0,0.36,160.0,0.38,5.5,0.39,10.0,0.63,8.94,0.62,15.5,0.66,40.0,0.67,10.0,0.01,0.03,2325.624426,1776362930000
1776362932.997,232.997,0.37,42.93,0.36,155.0,0.38,5.5,0.39,10.0,0.62,5.5,0.61,10.0,0.63,66.0,0.64,160.0,0.01,0.01,2325.597105,1776362931000
1776362933.285,233.285,0.37,33.0,0.36,155.0,0.38,5.5,0.39,10.0,0.62,5.5,0.61,10.0,0.63,33.0,0.64,155.0,0.01,0.01,2325.678885,1776362932000
1776362933.966,233.966,0.37,78.0,0.36,180.0,0.38,10.7,0.39,10.0,0.62,5.5,0.61,10.0,0.63,33.0,0.64,155.0,0.01,0.01,2325.678885,1776362932000
1776362934.298,234.298,0.37,78.0,0.36,180.0,0.38,10.7,0.39,10.0,0.62,10.7,0.61,10.0,0.63,78.0,0.64,180.0,0.01,0.01,2325.861919,1776362933000
1776362934.727,234.727,0.37,70.34,0.36,100.0,0.38,8.06,0.39,10.0,0.62,27.26,0.61,10.0,0.63,78.0,0.64,100.0,0.01,0.01,2325.861919,1776362933000
1776362935.299,235.299,0.37,70.34,0.36,100.0,0.38,8.06,0.39,10.0,0.62,8.06,0.61,10.0,0.63,70.34,0.64,100.0,0.01,0.01,2325.8371,1776362934000
1776362935.678,235.678,0.36,5.0,0.33,13.0,0.37,15.0,0.38,8.06,0.62,8.06,0.61,10.0,0.63,70.34,0.64,100.0,0.01,0.01,2325.8371,1776362934000
1776362936.336,236.336,0.33,2.51,0.32,40.0,0.37,15.0,0.38,8.06,0.63,15.0,0.62,8.06,0.67,2.51,0.68,40.0,0.04,0.04,2325.812207,1776362935000
1776362937.367,237.367,0.33,17.51,0.32,24.0,0.34,15.0,0.35,20.0,0.66,15.0,0.65,20.0,0.67,17.51,0.68,24.0,0.01,0.01,2325.75096,1776362936000
1776362938.345,238.345,0.31,35.0,0.3,145.0,0.32,17.25,0.33,21.0,0.66,15.0,0.65,20.0,0.67,17.51,0.68,24.0,0.01,0.01,2325.75096,1776362936000
1776362939.469,239.469,0.31,33.67,0.3,5.0,0.32,12.25,0.33,26.0,0.68,12.25,0.67,26.0,0.69,26.98,0.7,145.0,0.01,0.01,2325.741459,1776362937000
1776362940.094,240.094,0.31,20.0,0.3,5.0,0.33,3.16,0.34,15.0,0.67,3.16,0.66,15.0,0.69,20.0,0.7,5.0,0.02,0.02,2325.620618,1776362939000
1776362940.554,240.554,0.27,100.0,0.26,55.0,0.28,21.94,0.29,25.0,0.67,3.16,0.66,15.0,0.69,20.0,0.7,5.0,0.01,0.02,2325.620618,1776362939000
1776362941.42,241.42,0.25,75.24,0.24,85.0,0.26,6.85,0.28,10.0,0.72,21.94,0.71,25.0,0.73,100.0,0.74,55.0,0.01,0.01,2325.620618,1776362939000
1776362941.723,241.723,0.25,74.88,0.24,225.0,0.3,6.28,0.32,6.0,0.71,7.94,0.7,45.28,0.75,98.88,0.76,155.0,0.05,0.04,2325.620618,1776362939000
1776362942.097,242.097,0.29,13.3,0.28,85.0,0.3,6.28,0.31,11.0,0.7,6.28,0.69,6.0,0.73,21.86,0.75,43.88,0.01,0.03,2325.55082,1776362940000
1776362942.508,242.508,0.27,18.88,0.26,6.0,0.28,15.0,0.29,21.0,0.7,6.28,0.69,11.0,0.71,13.3,0.72,85.0,0.01,0.01,2325.55082,1776362940000
1776362942.782,242.782,0.27,18.88,0.24,80.0,0.28,12.56,0.29,21.0,0.72,12.56,0.71,21.0,0.73,18.88,0.76,80.0,0.01,0.01,2325.428124,1776362941000
1776362943.337,243.337,0.23,175.0,0.22,120.0,0.24,8.15,0.25,29.61,0.72,11.14,0.71,21.0,0.76,35.0,0.77,175.0,0.01,0.04,2325.428124,1776362941000
1776362943.673,243.673,0.23,175.0,0.22,120.0,0.24,8.15,0.25,29.61,0.76,8.15,0.75,29.61,0.77,175.0,0.78,120.0,0.01,0.01,2325.434321,1776362942000
1776362944.482,244.482,0.23,175.0,0.22,120.0,0.24,8.15,0.25,29.61,0.76,8.15,0.75,29.61,0.77,175.0,0.78,120.0,0.01,0.01,2325.439188,1776362943000
1776362945.076,245.076,0.23,175.0,0.22,120.0,0.24,8.15,0.25,29.61,0.76,8.15,0.75,29.61,0.77,175.0,0.78,120.0,0.01,0.01,2325.388434,1776362944000
1776362946.54,246.54,0.23,9.22,0.22,110.0,0.24,9.61,0.25,5.0,0.76,9.61,0.75,5.0,0.77,9.22,0.78,110.0,0.01,0.01,2325.229701,1776362945000
1776362947.27,247.27,0.23,9.22,0.22,110.0,0.24,9.61,0.25,5.0,0.76,9.61,0.75,5.0,0.77,9.22,0.78,110.0,0.01,0.01,2325.223232,1776362946000
1776362948.131,248.131,0.23,9.22,0.22,110.0,0.24,9.61,0.25,5.0,0.76,9.61,0.75,5.0,0.77,9.22,0.78,110.0,0.01,0.01,2325.195921,1776362947000
1776362948.86,248.86,0.23,17.0,0.22,17.0,0.24,3.0,0.25,10.0,0.76,9.61,0.75,5.0,0.77,9.22,0.78,110.0,0.01,0.01,2325.195921,1776362947000
1776362949.159,249.159,0.24,1.09,0.23,22.0,0.25,4.0,0.26,10.0,0.75,4.0,0.74,10.0,0.76,10.0,0.77,20.44,0.01,0.01,2325.195921,1776362947000
1776362949.63,249.63,0.24,1.09,0.23,22.0,0.25,4.0,0.26,10.0,0.75,4.0,0.74,10.0,0.76,1.09,0.77,22.0,0.01,0.01,2325.106168,1776362948000
1776362950.396,250.396,0.21,55.0,0.2,90.0,0.23,25.0,0.24,22.0,0.77,25.0,0.76,22.0,0.79,55.0,0.8,90.0,0.02,0.02,2325.116651,1776362949000
1776362950.958,250.958,0.2,5.0,0.19,90.0,0.21,0.71,0.22,47.07,0.77,25.0,0.76,22.0,0.79,55.0,0.8,90.0,0.01,0.02,2325.116651,1776362949000
1776362951.172,251.172,0.19,90.0,0.18,115.0,0.21,0.71,0.22,47.07,0.79,0.71,0.78,47.07,0.81,90.0,0.82,115.0,0.02,0.02,2325.176933,1776362950000
1776362952.719,252.719,0.19,90.0,0.18,115.0,0.21,0.71,0.22,47.07,0.79,0.71,0.78,47.07,0.81,90.0,0.82,115.0,0.02,0.02,2325.113661,1776362951000
1776362953.277,253.277,0.17,4.9,0.16,15.0,0.18,67.0,0.19,51.0,0.79,0.71,0.78,47.07,0.81,90.0,0.82,115.0,0.01,0.02,2325.113661,1776362951000
1776362953.736,253.736,0.14,1.65,0.1,209.87,0.15,112.0,0.16,60.0,0.82,68.0,0.81,51.0,0.86,253.75,0.87,150.0,0.01,0.04,2325.147698,1776362952000
1776362953.937,253.937,0.1,64.81,0.09,11.0,0.11,65.9,0.12,40.0,0.89,101.0,0.88,10.0,0.9,154.81,0.91,11.0,0.01,0.01,2325.147698,1776362952000
1776362954.142,254.142,0.1,8.54,0.09,11.0,0.11,50.9,0.12,45.0,0.89,65.9,0.88,40.0,0.9,64.81,0.91,11.0,0.01,0.01,2325.147698,1776362952000
1776362954.409,254.409,0.07,4.3,0.06,21.0,0.08,39.0,0.09,15.0,0.9,20.0,0.89,40.9,0.93,5.38,0.94,58.0,0.01,0.03,2325.101711,1776362953000
1776362954.714,254.714,0.06,19.93,0.05,81.01,0.07,66.25,0.08,25.0,0.92,44.0,0.91,15.0,0.94,19.93,0.95,81.01,0.01,0.02,2325.101711,1776362953000
1776362955.262,255.262,0.06,20.01,0.05,295.01,0.09,32.0,0.1,35.0,0.93,54.25,0.92,25.0,0.94,5.01,0.95,81.01,0.03,0.01,2325.101711,1776362953000
1776362955.476,255.476,0.07,8.88,0.06,20.01,0.09,44.0,0.1,35.0,0.91,44.0,0.9,35.0,0.93,8.88,0.94,15.01,0.02,0.02,2325.101711,1776362953000
1776362955.768,255.768,0.06,8.13,0.05,295.01,0.09,32.0,0.1,35.0,0.91,32.0,0.9,35.0,0.94,8.13,0.95,295.01,0.03,0.03,2324.185551,1776362954000
1776362956.051,256.051,0.06,39.0,0.05,246.58,0.08,1.22,0.09,32.0,0.92,4.97,0.91,32.0,0.95,241.58,0.96,150.0,0.02,0.03,2324.185551,1776362954000
1776362956.295,256.295,0.06,29.75,0.05,246.58,0.08,1.22,0.09,32.0,0.92,1.22,0.91,32.0,0.94,39.0,0.95,246.58,0.02,0.02,2324.185551,1776362954000
1776362956.511,256.511,0.06,13.93,0.05,246.58,0.07,5.75,0.08,10.0,0.92,10.0,0.91,18.08,0.95,246.58,0.96,150.0,0.01,0.03,2324.185551,1776362954000
1776362956.925,256.925,0.05,201.15,0.04,150.0,0.06,16.02,0.07,10.0,0.93,0.95,0.92,10.0,0.95,211.15,0.96,150.0,0.01,0.02,2323.91267,1776362955000
1776362957.225,257.225,0.05,201.15,0.04,150.0,0.06,9.02,0.07,10.0,0.94,16.02,0.93,10.0,0.95,201.15,0.96,150.0,0.01,0.01,2323.91267,1776362955000
1776362957.522,257.522,0.05,201.15,0.04,150.0,0.07,10.0,0.08,25.0,0.94,9.02,0.93,10.0,0.95,201.15,0.96,150.0,0.02,0.01,2323.898058,1776362956000
1776362957.758,257.758,0.05,186.74,0.04,150.0,0.06,20.0,0.07,20.0,0.93,10.0,0.92,25.0,0.95,192.81,0.96,150.0,0.01,0.02,2323.898058,1776362956000
1776362958.013,258.013,0.05,185.42,0.04,150.0,0.06,37.0,0.07,20.0,0.94,20.0,0.93,20.0,0.95,186.74,0.96,150.0,0.01,0.01,2323.898058,1776362956000
1776362958.269,258.269,0.05,216.91,0.04,150.0,0.06,20.0,0.07,15.0,0.94,37.0,0.93,20.0,0.95,185.42,0.96,150.0,0.01,0.01,2323.898058,1776362956000
1776362958.472,258.472,0.04,334.0,0.03,354.0,0.06,20.0,0.07,31.0,0.94,20.0,0.93,31.0,0.96,354.0,0.97,354.0,0.02,0.02,2323.898058,1776362956000
1776362958.864,258.864,0.04,316.52,0.03,153.0,0.06,20.0,0.07,36.0,0.94,42.0,0.93,31.0,0.96,319.65,0.97,153.0,0.02,0.02,2324.00426,1776362957000
1776362959.359,259.359,0.04,315.27,0.03,153.0,0.05,25.0,0.06,20.0,0.95,25.0,0.94,20.0,0.96,315.27,0.97,153.0,0.01,0.01,2323.870721,1776362958000
1776362959.621,259.621,0.04,118.18,0.03,363.0,0.05,25.0,0.06,53.0,0.95,25.0,0.94,20.0,0.96,315.27,0.97,153.0,0.01,0.01,2323.870721,1776362958000
1776362959.88,259.88,0.03,358.0,0.02,173.0,0.05,88.0,0.06,25.0,0.95,25.0,0.94,53.0,0.96,118.18,0.97,363.0,0.02,0.01,2323.870721,1776362958000
1776362960.103,260.103,0.03,335.95,0.02,173.0,0.05,66.0,0.06,25.0,0.95,73.0,0.94,25.0,0.97,338.0,0.98,173.0,0.02,0.02,2323.870721,1776362958000
1776362960.522,260.522,0.03,320.95,0.02,173.0,0.05,40.62,0.06,25.0,0.95,40.62,0.94,25.0,0.97,320.95,0.98,173.0,0.02,0.02,2323.852597,1776362959000
1776362960.913,260.913,0.03,286.95,0.02,173.0,0.05,13.0,0.06,48.0,0.95,46.0,0.94,25.0,0.97,328.49,0.98,173.0,0.02,0.02,2323.852597,1776362959000
1776362961.14,261.14,0.03,276.64,0.02,173.0,0.05,28.0,0.06,48.0,0.95,13.0,0.94,48.0,0.97,286.95,0.98,173.0,0.02,0.02,2323.852597,1776362959000
1776362961.378,261.378,0.03,276.64,0.02,173.0,0.05,56.0,0.06,25.0,0.95,28.0,0.94,48.0,0.97,276.64,0.98,173.0,0.02,0.02,2323.7889,1776362960000
1776362961.869,261.869,0.03,266.49,0.02,223.0,0.04,20.0,0.05,65.0,0.95,46.0,0.94,25.0,0.97,271.49,0.98,173.0,0.01,0.02,2323.7889,1776362960000
1776362962.433,262.433,0.03,29.07,0.02,437.0,0.04,10.7,0.05,135.8,0.96,10.7,0.95,60.0,0.97,248.11,0.98,223.0,0.01,0.01,2323.7889,1776362960000
1776362962.942,262.942,0.02,383.71,0.01,4353.46,0.04,129.4,0.05,145.8,0.96,10.7,0.95,135.8,0.97,29.07,0.98,437.0,0.02,0.01,2323.593766,1776362961000
1776362963.38,263.38,0.03,216.76,0.02,168.68,0.04,118.7,0.05,127.8,0.96,129.4,0.95,145.8,0.98,382.68,0.99,4359.5,0.01,0.02,2323.696279,1776362962000
1776362963.913,263.913,0.02,379.68,0.01,4359.5,0.04,118.7,0.05,127.8,0.96,118.7,0.95,127.8,0.97,216.76,0.98,168.68,0.02,0.01,2323.696279,1776362962000
1776362964.25,264.25,0.02,374.68,0.01,4359.5,0.03,10.0,0.04,118.7,0.97,10.0,0.96,118.7,0.98,374.68,0.99,4359.5,0.01,0.01,2323.681528,1776362963000
1776362964.789,264.789,0.02,163.68,0.01,4582.46,0.03,1.42,0.04,137.7,0.97,10.0,0.96,118.7,0.98,374.68,0.99,4359.5,0.01,0.01,2323.681528,1776362963000
1776362965.34,265.34,0.02,158.57,0.01,4359.5,0.04,156.15,0.05,109.8,0.96,156.15,0.95,109.8,0.97,131.86,0.98,163.68,0.02,0.01,2323.681528,1776362963000
1776362965.647,265.647,0.02,118.57,0.01,4349.5,0.03,180.7,0.04,180.15,0.96,156.15,0.95,109.8,0.98,158.57,0.99,4359.5,0.01,0.02,2323.77191,1776362964000
1776362966.112,266.112,0.02,103.52,0.01,4349.5,0.03,170.7,0.04,180.15,0.97,170.7,0.96,180.15,0.98,103.52,0.99,4349.5,0.01,0.01,2323.81441,1776362965000
1776362966.484,266.484,0.02,99.52,0.01,4359.5,0.03,113.7,0.04,155.15,0.97,113.7,0.96,155.15,0.98,103.52,0.99,4359.5,0.01,0.01,2323.81441,1776362965000
1776362967.332,267.332,0.02,99.52,0.01,4359.5,0.03,113.7,0.04,155.15,0.97,113.7,0.96,155.15,0.98,99.52,0.99,4359.5,0.01,0.01,2323.792086,1776362966000
1776362967.645,267.645,0.02,97.47,0.01,4359.49,0.03,162.7,0.04,160.15,0.97,113.7,0.96,155.15,0.98,99.52,0.99,4359.5,0.01,0.01,2323.792086,1776362966000
1776362967.914,267.914,0.02,97.47,0.01,4359.49,0.03,162.7,0.04,160.15,0.97,162.7,0.96,160.15,0.98,97.47,0.99,4359.49,0.01,0.01,2323.757529,1776362967000
1776362968.182,268.182,0.02,61.88,0.01,4359.49,0.03,162.7,0.04,150.15,0.97,162.7,0.96,150.15,0.98,82.09,0.99,4359.49,0.01,0.01,2323.757529,1776362967000
1776362968.399,268.399,0.01,4357.46,,,0.02,137.99,0.03,96.03,0.98,139.12,0.97,96.03,0.99,4357.46,,,0.01,0.01,2323.757529,1776362967000
1776362968.636,268.636,0.01,4352.46,,,0.02,330.54,0.03,86.03,0.98,146.84,0.97,86.03,0.99,4357.46,,,0.01,0.01,2323.757529,1776362967000
1776362968.869,268.869,0.01,4322.46,,,0.02,330.54,0.03,110.03,0.98,330.54,0.97,86.03,0.99,4342.46,,,0.01,0.01,2323.757529,1776362967000
1776362969.18,269.18,0.01,4322.46,,,0.02,330.54,0.03,110.03,0.98,330.54,0.97,110.03,0.99,4322.46,,,0.01,0.01,2323.60321,1776362968000
1776362969.78,269.78,0.01,4277.0,,,0.02,335.54,0.03,110.03,0.98,330.54,0.97,129.03,0.99,4282.05,,,0.01,0.01,2323.60321,1776362968000
1776362970.078,270.078,0.01,4176.0,,,0.02,325.54,0.03,120.03,0.98,335.54,0.97,110.03,0.99,4277.0,,,0.01,0.01,2323.60321,1776362968000
1776362970.382,270.382,0.01,4171.0,,,0.02,325.54,0.03,120.03,0.98,325.54,0.97,120.03,0.99,4171.0,,,0.01,0.01,2323.523664,1776362969000
1776362970.794,270.794,0.01,4064.94,,,0.02,330.54,0.03,110.03,0.98,330.54,0.97,110.03,0.99,4165.95,,,0.01,0.01,2323.523664,1776362969000
1776362971.028,271.028,0.01,4054.83,,,0.02,330.54,0.03,120.03,0.98,330.54,0.97,110.03,0.99,4064.94,,,0.01,0.01,2323.523664,1776362969000
1776362971.478,271.478,0.01,1389.77,,,0.02,346.54,0.03,72.03,0.98,330.54,0.97,120.03,0.99,4054.83,,,0.01,0.01,2323.486121,1776362970000
1776362971.845,271.845,0.01,1320.77,,,0.02,286.54,0.03,72.03,0.98,336.54,0.97,72.03,0.99,1320.77,,,0.01,0.01,2323.486121,1776362970000
1776362972.197,272.197,0.01,1191.47,,,0.02,259.02,0.03,75.03,0.98,259.02,0.97,75.03,0.99,1191.47,,,0.01,0.01,2323.369416,1776362971000
1776362972.506,272.506,0.01,1146.01,,,0.02,259.02,0.03,75.03,0.98,259.02,0.97,75.03,0.99,1151.07,,,0.01,0.01,2323.369416,1776362971000
1776362973.037,273.037,0.01,1139.93,,,0.02,259.02,0.03,75.03,0.98,259.02,0.97,75.03,0.99,1144.99,,,0.01,0.01,2323.369416,1776362971000
1776362973.557,273.557,0.01,1059.57,,,0.02,269.21,0.03,75.03,0.98,259.02,0.97,75.03,0.99,1094.93,,,0.01,0.01,2323.369416,1776362971000
1776362973.846,273.846,0.01,1057.57,,,0.02,269.21,0.03,75.03,0.98,269.21,0.97,75.03,0.99,1059.57,,,0.01,0.01,2323.271224,1776362972000
1776362974.413,274.413,0.01,1054.87,,,0.02,269.21,0.03,75.03,0.98,269.21,0.97,75.03,0.99,1057.57,,,0.01,0.01,2323.271224,1776362972000
1776362974.757,274.757,0.01,1004.37,,,0.02,269.21,0.03,75.03,0.98,269.21,0.97,75.03,0.99,1004.37,,,0.01,0.01,2323.215066,1776362973000
1776362975.434,275.434,0.01,1004.37,,,0.02,269.21,0.03,75.03,0.98,269.21,0.97,75.03,0.99,1004.37,,,0.01,0.01,2323.316736,1776362974000
1776362975.811,275.811,0.01,989.26,,,0.02,109.51,0.03,15.0,0.98,109.51,0.97,15.0,0.99,999.37,,,0.01,0.01,2323.316736,1776362974000
1776362976.031,276.031,0.01,989.26,,,0.02,109.51,0.03,15.0,0.98,109.51,0.97,15.0,0.99,989.26,,,0.01,0.01,2323.314535,1776362975000
1776362976.417,276.417,0.01,940.45,,,0.02,100.3,0.03,15.0,0.98,100.3,0.97,15.0,0.99,980.45,,,0.01,0.01,2323.314535,1776362975000
1776362977.018,277.018,0.01,758.93,,,0.02,100.3,0.03,15.0,0.98,100.3,0.97,15.0,0.99,910.45,,,0.01,0.01,2323.314535,1776362975000
1776362977.332,277.332,0.01,758.93,,,0.02,100.3,0.03,15.0,0.98,100.3,0.97,15.0,0.99,758.93,,,0.01,0.01,2323.306759,1776362976000
1776362977.681,277.681,0.01,723.57,,,0.02,96.3,0.03,39.0,0.98,100.3,0.97,15.0,0.99,758.93,,,0.01,0.01,2323.306759,1776362976000
1776362978.292,278.292,0.01,673.57,,,0.02,96.3,0.03,139.0,0.98,96.3,0.97,39.0,0.99,703.57,,,0.01,0.01,2323.306759,1776362976000
1776362979.126,279.126,0.01,543.57,,,0.02,93.3,0.03,99.0,0.98,96.3,0.97,139.0,0.99,673.57,,,0.01,0.01,2323.289325,1776362977000
1776362979.562,279.562,0.01,515.44,,,0.02,213.3,0.03,99.0,0.98,213.3,0.97,99.0,0.99,527.44,,,0.01,0.01,2323.289325,1776362978000
1776362979.816,279.816,0.01,482.44,,,0.02,203.3,0.03,69.0,0.98,213.3,0.97,99.0,0.99,503.44,,,0.01,0.01,2323.289325,1776362978000
1776362980.22,280.22,0.01,482.44,,,0.02,203.3,0.03,69.0,0.98,203.3,0.97,69.0,0.99,482.44,,,0.01,0.01,2322.87986,1776362979000
1776362980.511,280.511,0.01,351.44,,,0.02,235.3,0.03,99.0,0.98,235.3,0.97,99.0,0.99,472.44,,,0.01,0.01,2322.87986,1776362979000
1776362981.007,281.007,,,,,0.01,11162.15,0.02,76.3,0.99,653.61,0.98,235.3,,,,,,,2322.87986,1776362979000
1776362981.281,281.281,,,,,0.01,11162.15,0.02,76.3,0.99,11162.15,0.98,76.3,,,,,,,2322.608212,1776362980000
1776362982.517,282.517,,,,,0.01,11391.95,0.02,76.3,0.99,11391.95,0.98,76.3,,,,,,,2321.909249,1776362981000
1776362983.129,283.129,,,,,0.01,11391.95,0.02,76.3,0.99,11391.95,0.98,76.3,,,,,,,2321.794982,1776362982000
1776362984.366,284.366,,,,,0.01,11391.95,0.02,76.3,0.99,11391.95,0.98,76.3,,,,,,,2321.670965,1776362983000
1776362984.75,284.75,,,,,0.01,11776.27,0.02,76.3,0.99,11391.95,0.98,76.3,,,,,,,2321.670965,1776362983000
1776362985.425,285.425,,,,,0.01,11773.43,0.02,66.3,0.99,11771.34,0.98,76.3,,,,,,,2321.670444,1776362984000
1776362986.135,286.135,,,,,0.01,11773.43,0.02,66.3,0.99,11773.43,0.98,66.3,,,,,,,2321.421662,1776362985000
1776362986.62,286.62,,,,,0.01,11803.48,0.02,66.3,0.99,11773.43,0.98,66.3,,,,,,,2321.421662,1776362985000
1776362987.289,287.289,,,,,0.01,11803.48,0.02,66.3,0.99,11803.48,0.98,66.3,,,,,,,2321.266597,1776362986000
1776362988.359,288.359,,,,,0.01,11802.43,0.02,66.3,0.99,11803.48,0.98,66.3,,,,,,,2321.266597,1776362986000
1776362988.961,288.961,,,,,0.01,11802.43,0.02,66.3,0.99,11802.43,0.98,66.3,,,,,,,2321.242421,1776362988000
1776362995.862,295.862,,,,,0.01,13671.71,0.02,59.82,0.99,11802.43,0.98,66.3,,,,,,,2320.861755,1776362995000
1776363000.169,300.169,,,,,0.01,73061.19,0.02,154.63,0.99,13671.71,0.98,59.82,,,,,,,2320.889565,1776362998000
1776363000.625,300.625,,,,,0.01,79213.31,0.02,154.63,0.99,77702.39,0.98,154.63,,,,,,,2321.074969,1776362999000

# RESULT,winner=Down,slug=eth-updown-5m-1776362700,ticks=552
