timestamp,elapsed_sec,up_bid_p1,up_bid_s1,up_bid_p2,up_bid_s2,up_ask_p1,up_ask_s1,up_ask_p2,up_ask_s2,down_bid_p1,down_bid_s1,down_bid_p2,down_bid_s2,down_ask_p1,down_ask_s1,down_ask_p2,down_ask_s2,up_spread,down_spread,eth_price,eth_oracle_ts
1776363900.529,0.529,0.45,19.91,0.44,10.0,0.51,58.21,0.53,5.0,0.49,58.21,0.47,5.0,0.55,19.91,0.56,10.0,0.06,0.06,2323.60473,1776363899000
1776363901.555,1.555,0.49,64.73,0.48,70.0,0.51,58.21,0.53,5.0,0.49,58.21,0.47,5.0,0.55,19.91,0.56,10.0,0.02,0.06,2323.635012,1776363900000
1776363901.941,1.941,0.5,5.0,0.45,119.91,0.55,2.09,0.62,105.0,0.49,58.21,0.47,5.0,0.51,64.73,0.52,70.0,0.05,0.02,2323.635012,1776363900000
1776363902.545,2.545,0.59,5.0,0.58,5.0,0.66,160.0,0.67,470.0,0.38,105.0,0.36,130.0,0.44,67.91,0.5,5.0,0.07,0.06,2323.635012,1776363900000
1776363903.395,3.395,0.64,10.0,0.6,10.0,0.65,6.95,0.66,210.0,0.34,160.0,0.33,470.0,0.41,5.0,0.42,5.0,0.01,0.07,2324.155258,1776363902000
1776363904.974,4.974,0.65,6.1,0.64,10.0,0.66,210.0,0.67,170.0,0.35,3.9,0.34,210.0,0.36,10.0,0.4,10.0,0.01,0.01,2324.52591,1776363903000
1776363905.195,5.195,0.65,1.81,0.64,10.0,0.66,215.0,0.67,170.0,0.34,210.0,0.33,170.0,0.35,6.1,0.36,10.0,0.01,0.01,2324.52591,1776363903000
1776363905.433,5.433,0.65,11.81,0.64,10.0,0.66,203.92,0.67,170.0,0.34,204.0,0.33,170.0,0.35,11.81,0.36,10.0,0.01,0.01,2324.76739,1776363904000
1776363905.804,5.804,0.65,6.81,0.64,10.0,0.66,203.92,0.67,180.0,0.34,203.92,0.33,170.0,0.35,11.81,0.36,10.0,0.01,0.01,2324.76739,1776363904000
1776363906.026,6.026,0.64,10.0,0.63,10.0,0.66,169.74,0.67,205.0,0.35,8.19,0.34,227.92,0.36,10.0,0.37,10.0,0.02,0.01,2324.76739,1776363904000
1776363906.519,6.519,0.6,5.32,0.59,15.0,0.61,10.0,0.62,75.0,0.34,169.74,0.33,205.0,0.36,10.0,0.37,10.0,0.01,0.02,2324.766104,1776363905000
1776363906.831,6.831,0.6,2.32,0.59,15.0,0.61,10.0,0.62,100.0,0.39,10.0,0.38,75.0,0.4,5.32,0.41,15.0,0.01,0.01,2324.766104,1776363905000
1776363907.215,7.215,0.6,2.32,0.59,15.0,0.62,94.98,0.63,30.0,0.39,3.03,0.38,95.0,0.4,2.32,0.41,15.0,0.02,0.01,2324.766104,1776363905000
1776363907.65,7.65,0.6,10.0,0.59,15.0,0.61,60.0,0.62,169.98,0.38,94.98,0.37,30.0,0.4,2.32,0.41,15.0,0.01,0.02,2324.85993,1776363906000
1776363907.929,7.929,0.59,0.36,0.58,20.98,0.61,75.0,0.62,170.3,0.39,65.0,0.38,170.3,0.4,10.0,0.41,15.0,0.02,0.01,2324.85993,1776363906000
1776363908.623,8.623,0.59,0.36,0.58,20.98,0.6,25.5,0.61,60.0,0.39,75.0,0.38,170.3,0.41,0.36,0.42,20.98,0.01,0.02,2324.704968,1776363907000
1776363908.872,8.872,0.58,31.48,0.57,120.5,0.59,11.64,0.6,25.5,0.4,25.5,0.39,60.0,0.41,0.36,0.42,20.98,0.01,0.01,2324.704968,1776363907000
1776363909.406,9.406,0.58,20.98,0.57,125.5,0.59,32.05,0.6,15.5,0.41,11.64,0.4,25.5,0.42,31.48,0.43,120.5,0.01,0.01,2324.567075,1776363908000
1776363909.808,9.808,0.58,41.48,0.57,125.5,0.61,78.65,0.62,250.3,0.41,32.05,0.4,15.5,0.42,20.98,0.43,125.5,0.03,0.01,2324.567075,1776363908000
1776363910.226,10.226,0.6,10.0,0.59,10.0,0.61,104.23,0.62,244.98,0.39,99.23,0.38,250.3,0.4,10.0,0.41,10.0,0.01,0.01,2324.522368,1776363909000
1776363911.172,11.172,0.6,5.0,0.59,10.0,0.62,137.04,0.63,80.0,0.39,84.23,0.38,244.98,0.4,5.0,0.41,10.0,0.02,0.01,2324.485599,1776363910000
1776363911.416,11.416,0.61,28.43,0.6,15.5,0.62,132.04,0.63,30.5,0.38,137.04,0.37,80.0,0.4,5.0,0.41,10.0,0.01,0.02,2324.485599,1776363910000
1776363912.055,12.055,0.61,50.0,0.6,15.5,0.62,135.74,0.63,40.5,0.38,132.04,0.37,30.5,0.39,28.43,0.4,15.5,0.01,0.01,2324.435196,1776363911000
1776363912.286,12.286,0.61,20.0,0.6,15.5,0.62,135.74,0.63,40.5,0.38,135.74,0.37,40.5,0.39,46.92,0.4,15.5,0.01,0.01,2324.435196,1776363911000
1776363912.754,12.754,0.62,30.5,0.61,54.7,0.63,5.0,0.64,60.0,0.38,135.74,0.37,40.5,0.39,20.0,0.4,15.5,0.01,0.01,2324.435196,1776363911000
1776363914.335,14.335,0.64,7.0,0.63,10.0,0.65,15.0,0.66,70.5,0.37,5.0,0.36,60.0,0.38,30.5,0.39,54.7,0.01,0.01,2324.574151,1776363913000
1776363915.159,15.159,0.63,19.5,0.62,35.5,0.65,28.0,0.66,75.5,0.35,15.0,0.34,70.5,0.36,7.0,0.37,10.0,0.02,0.01,2324.574151,1776363913000
1776363915.705,15.705,0.63,16.79,0.62,25.5,0.64,28.0,0.65,10.0,0.35,28.0,0.34,75.5,0.37,19.5,0.38,35.5,0.01,0.02,2324.743049,1776363914000
1776363916.028,16.028,0.63,60.99,0.62,135.5,0.65,23.0,0.66,5.0,0.36,17.76,0.35,10.0,0.37,21.79,0.38,125.5,0.02,0.01,2324.743049,1776363914000
1776363917.568,17.568,0.64,50.5,0.63,31.79,0.65,3.0,0.66,5.0,0.35,23.0,0.34,5.0,0.37,60.99,0.38,135.5,0.01,0.02,2324.760057,1776363916000
1776363917.887,17.887,0.65,17.5,0.64,45.5,0.66,13.0,0.67,15.0,0.34,5.0,0.33,15.0,0.36,45.5,0.37,31.79,0.01,0.02,2324.760057,1776363916000
1776363918.603,18.603,0.65,10.0,0.64,45.5,0.67,8.3,0.68,95.5,0.34,13.0,0.33,15.0,0.35,17.5,0.36,45.5,0.02,0.01,2324.881659,1776363917000
1776363919.32,19.32,0.66,0.29,0.65,10.0,0.67,15.0,0.68,105.5,0.33,8.3,0.32,95.5,0.35,10.0,0.36,45.5,0.01,0.02,2324.905402,1776363918000
1776363920.253,20.253,0.63,25.5,0.62,30.5,0.65,10.0,0.66,31.5,0.33,15.0,0.32,105.5,0.34,0.29,0.35,10.0,0.02,0.01,2324.932813,1776363919000
1776363920.569,20.569,0.63,17.5,0.62,30.5,0.65,10.2,0.66,31.5,0.35,5.2,0.34,31.5,0.37,25.5,0.38,30.5,0.02,0.02,2324.932813,1776363919000
1776363922.149,22.149,0.63,42.5,0.62,130.5,0.65,5.0,0.66,16.0,0.35,10.2,0.34,31.5,0.37,17.5,0.38,30.5,0.02,0.02,2324.879363,1776363921000
1776363922.964,22.964,0.64,42.5,0.63,125.5,0.66,26.0,0.67,25.5,0.35,5.0,0.34,16.0,0.37,42.5,0.38,130.5,0.02,0.02,2324.879363,1776363921000
1776363923.27,23.27,0.65,12.0,0.64,25.5,0.66,26.0,0.67,15.5,0.34,26.0,0.33,25.5,0.36,42.5,0.37,125.5,0.01,0.02,2324.879363,1776363921000
1776363925.33,25.33,0.62,15.5,0.61,140.5,0.64,8.39,0.65,5.0,0.34,26.0,0.33,15.5,0.35,12.0,0.36,25.5,0.02,0.01,2324.818475,1776363924000
1776363925.654,25.654,0.62,25.5,0.61,150.5,0.64,23.39,0.65,15.0,0.36,8.39,0.35,5.0,0.38,15.5,0.39,140.5,0.02,0.02,2324.818475,1776363924000
1776363925.987,25.987,0.62,18.5,0.61,150.5,0.63,49.0,0.64,23.39,0.36,23.39,0.35,15.0,0.38,25.5,0.39,150.5,0.01,0.02,2324.818475,1776363924000
1776363926.511,26.511,0.62,12.36,0.61,150.5,0.63,15.0,0.64,18.39,0.37,49.0,0.36,23.39,0.38,18.5,0.39,150.5,0.01,0.01,2324.92594,1776363925000
1776363928.372,28.372,0.6,53.0,0.59,160.0,0.61,132.5,0.62,70.5,0.37,15.0,0.36,18.39,0.38,12.36,0.39,150.5,0.01,0.01,2324.69035,1776363927000
1776363929.339,29.339,0.6,28.33,0.59,275.0,0.61,1.88,0.62,70.0,0.39,134.5,0.38,70.5,0.41,160.0,0.42,46.48,0.01,0.02,2324.68716,1776363928000
1776363929.882,29.882,0.6,2.98,0.59,165.0,0.61,11.88,0.62,85.0,0.39,1.88,0.38,70.0,0.4,28.33,0.41,275.0,0.01,0.01,2324.68716,1776363928000
1776363930.47,30.47,0.6,2.98,0.59,175.5,0.61,45.24,0.62,85.0,0.39,11.88,0.38,85.0,0.4,2.98,0.41,165.0,0.01,0.01,2324.46873,1776363929000
1776363931.044,31.044,0.6,2.98,0.59,260.0,0.62,62.23,0.63,75.0,0.39,45.24,0.38,85.0,0.4,2.98,0.41,175.5,0.02,0.01,2324.46873,1776363929000
1776363931.427,31.427,0.6,254.48,0.59,275.0,0.61,12.0,0.62,62.23,0.38,62.23,0.37,75.0,0.4,2.98,0.41,260.0,0.01,0.02,2324.501182,1776363930000
1776363931.65,31.65,0.6,203.48,0.59,270.0,0.62,62.14,0.63,70.0,0.39,6.91,0.38,62.23,0.4,194.48,0.41,275.0,0.02,0.01,2324.501182,1776363930000
1776363932.302,32.302,0.61,163.5,0.6,162.48,0.62,92.64,0.63,95.5,0.38,62.14,0.37,70.0,0.4,203.48,0.41,270.0,0.01,0.02,2324.501182,1776363930000
1776363932.574,32.574,0.61,139.67,0.6,151.48,0.62,92.64,0.63,90.5,0.38,92.64,0.37,95.5,0.39,163.5,0.4,162.48,0.01,0.01,2324.435449,1776363931000
1776363937.533,37.533,0.64,5.0,0.63,5.0,0.66,150.5,0.67,125.5,0.38,92.64,0.37,90.5,0.39,139.67,0.4,151.48,0.02,0.01,2324.890055,1776363936000
1776363937.895,37.895,0.62,0.81,0.61,25.0,0.63,55.0,0.64,40.0,0.34,150.5,0.33,125.5,0.36,5.0,0.37,5.0,0.01,0.02,2324.890055,1776363936000
1776363938.443,38.443,0.61,25.0,0.6,47.98,0.63,122.0,0.64,110.0,0.37,55.0,0.36,40.0,0.38,0.81,0.39,25.0,0.02,0.01,2324.797891,1776363937000
1776363939.626,39.626,0.58,40.98,0.57,250.0,0.61,204.86,0.62,60.5,0.39,108.36,0.38,32.0,0.4,27.98,0.41,245.0,0.03,0.01,2324.729795,1776363938000
1776363940.026,40.026,0.57,50.0,0.56,142.91,0.59,109.5,0.6,65.5,0.4,10.5,0.39,204.86,0.42,35.98,0.43,250.0,0.02,0.02,2324.729795,1776363938000
1776363940.331,40.331,0.56,80.91,0.55,103.5,0.57,77.5,0.58,35.5,0.42,10.0,0.41,109.5,0.44,92.91,0.45,103.5,0.01,0.02,2324.729795,1776363938000
1776363941.343,41.343,0.56,76.41,0.55,213.5,0.57,22.0,0.58,95.0,0.43,77.5,0.42,35.5,0.44,80.91,0.45,103.5,0.01,0.01,2324.362367,1776363939000
1776363941.639,41.639,0.56,55.91,0.55,118.0,0.57,27.49,0.58,95.0,0.43,22.0,0.42,95.0,0.44,76.41,0.45,213.5,0.01,0.01,2323.969789,1776363940000
1776363944.507,44.507,0.56,63.41,0.55,228.5,0.57,2.77,0.58,85.0,0.43,25.38,0.42,95.0,0.44,55.91,0.45,113.0,0.01,0.01,2323.944242,1776363943000
1776363944.751,44.751,0.57,37.5,0.56,46.41,0.58,75.0,0.59,190.5,0.43,2.77,0.42,85.0,0.44,63.41,0.45,228.5,0.01,0.01,2323.944242,1776363943000
1776363945.165,45.165,0.57,95.7,0.56,61.41,0.58,71.59,0.59,175.0,0.42,75.0,0.41,190.5,0.43,37.5,0.44,46.41,0.01,0.01,2323.944242,1776363943000
1776363946.227,46.227,0.56,27.91,0.55,103.0,0.58,140.59,0.59,180.0,0.42,66.59,0.41,175.0,0.43,95.7,0.44,61.41,0.02,0.01,2323.935158,1776363944000
1776363946.54,46.54,0.56,27.91,0.55,103.0,0.57,30.24,0.58,133.59,0.42,140.59,0.41,180.0,0.44,27.91,0.45,103.0,0.01,0.02,2324.042963,1776363945000
1776363948.151,48.151,0.56,26.41,0.55,78.5,0.57,34.89,0.58,66.59,0.43,30.24,0.42,133.59,0.44,27.91,0.45,103.0,0.01,0.01,2324.07154,1776363947000
1776363948.518,48.518,0.56,31.41,0.55,178.5,0.57,24.89,0.58,77.09,0.43,34.89,0.42,66.59,0.44,26.41,0.45,78.5,0.01,0.01,2324.07154,1776363947000
1776363948.823,48.823,0.56,25.41,0.55,178.5,0.57,24.89,0.58,82.09,0.43,24.89,0.42,77.09,0.44,31.41,0.45,178.5,0.01,0.01,2324.07154,1776363947000
1776363950.702,50.702,0.58,223.7,0.57,186.5,0.59,69.35,0.6,20.0,0.43,24.89,0.42,82.09,0.44,25.41,0.45,178.5,0.01,0.01,2324.103823,1776363949000
1776363953.008,53.008,0.6,120.0,0.59,121.5,0.61,154.0,0.62,105.5,0.41,63.02,0.4,20.0,0.42,166.88,0.43,186.5,0.01,0.01,2324.118542,1776363951000
1776363953.449,53.449,0.6,5.5,0.59,20.0,0.61,126.0,0.62,100.5,0.39,154.0,0.38,105.5,0.4,120.0,0.41,121.5,0.01,0.01,2324.388837,1776363952000
1776363955.26,55.26,0.59,8.51,0.58,5.0,0.6,109.5,0.61,117.5,0.39,126.0,0.38,100.5,0.4,5.5,0.41,20.0,0.01,0.01,2324.473017,1776363953000
1776363955.66,55.66,0.57,100.0,0.56,181.5,0.58,74.79,0.59,40.5,0.4,109.5,0.39,117.5,0.43,110.5,0.44,176.5,0.01,0.03,2324.473017,1776363953000
1776363959.981,59.981,0.53,181.26,0.52,61.0,0.56,69.5,0.57,195.5,0.42,50.79,0.41,40.5,0.43,50.0,0.44,181.5,0.03,0.01,2324.214814,1776363958000
1776363960.899,60.899,0.5,38.13,0.49,245.19,0.51,34.88,0.52,15.0,0.46,10.0,0.45,25.5,0.5,10.63,0.51,220.19,0.01,0.04,2324.214814,1776363958000
1776363962.139,62.139,0.5,30.13,0.49,175.69,0.51,25.27,0.52,15.0,0.49,34.88,0.48,15.0,0.5,30.13,0.51,245.19,0.01,0.01,2324.090124,1776363960000
1776363963.157,63.157,0.5,23.63,0.49,175.69,0.51,35.27,0.52,15.0,0.49,25.27,0.48,15.0,0.5,30.13,0.51,175.69,0.01,0.01,2323.868764,1776363961000
1776363963.625,63.625,0.49,193.06,0.48,36.34,0.5,62.0,0.51,40.0,0.49,35.27,0.48,15.0,0.5,23.63,0.51,175.69,0.01,0.01,2323.85691,1776363962000
1776363964.057,64.057,0.49,150.64,0.48,10.0,0.5,105.7,0.51,130.5,0.5,62.0,0.49,40.0,0.51,193.06,0.52,36.34,0.01,0.01,2323.85691,1776363962000
1776363964.44,64.44,0.49,25.64,0.48,20.0,0.5,83.5,0.51,136.5,0.5,105.7,0.49,130.5,0.51,150.64,0.52,10.0,0.01,0.01,2323.808337,1776363963000
1776363965.229,65.229,0.47,112.0,0.46,40.5,0.5,73.5,0.51,206.5,0.5,83.5,0.49,136.5,0.51,25.64,0.52,20.0,0.03,0.01,2323.808337,1776363963000
1776363966.757,66.757,0.47,127.0,0.46,30.0,0.48,71.0,0.49,40.5,0.5,73.5,0.49,206.5,0.53,112.0,0.54,40.5,0.01,0.03,2323.580756,1776363965000
1776363967.393,67.393,0.47,30.46,0.46,45.5,0.48,41.0,0.49,25.0,0.52,71.0,0.51,40.5,0.53,127.0,0.54,30.0,0.01,0.01,2323.580756,1776363965000
1776363967.672,67.672,0.47,17.92,0.46,45.5,0.48,32.0,0.49,15.0,0.52,41.0,0.51,25.0,0.53,30.46,0.54,45.5,0.01,0.01,2323.57832,1776363966000
1776363969.848,69.848,0.48,21.21,0.47,25.5,0.49,10.0,0.5,10.0,0.52,29.91,0.51,15.0,0.53,17.92,0.54,45.5,0.01,0.01,2323.522352,1776363968000
1776363970.33,70.33,0.49,90.47,0.48,56.26,0.5,10.0,0.51,170.0,0.5,10.0,0.49,170.0,0.52,42.84,0.53,73.06,0.01,0.02,2323.548352,1776363969000
1776363971.414,71.414,0.49,191.97,0.48,35.92,0.51,20.0,0.52,10.0,0.5,10.0,0.49,170.0,0.51,90.47,0.52,56.26,0.02,0.01,2323.548352,1776363969000
1776363971.682,71.682,0.53,23.0,0.52,95.62,0.54,10.0,0.55,35.5,0.49,20.0,0.48,10.0,0.51,191.97,0.52,35.92,0.01,0.02,2323.660512,1776363970000
1776363972.208,72.208,0.51,11.0,0.5,25.0,0.53,40.5,0.54,35.5,0.46,10.0,0.45,35.5,0.47,23.0,0.48,95.62,0.02,0.01,2323.660512,1776363970000
1776363972.463,72.463,0.49,27.61,0.48,35.84,0.52,33.5,0.53,25.0,0.48,6.5,0.47,45.5,0.49,11.0,0.5,25.0,0.03,0.01,2323.642671,1776363971000
1776363973.383,73.383,0.5,81.99,0.49,17.11,0.51,37.0,0.52,21.5,0.48,33.5,0.47,25.0,0.51,27.61,0.52,35.84,0.01,0.03,2323.653982,1776363972000
1776363974.202,74.202,0.49,7.11,0.48,22.0,0.51,60.69,0.52,37.0,0.49,34.49,0.48,21.5,0.5,81.99,0.51,22.11,0.02,0.01,2323.653982,1776363972000
1776363975.433,75.433,0.48,96.25,0.47,55.5,0.49,5.0,0.5,33.0,0.5,6.88,0.49,51.99,0.51,5.0,0.52,16.47,0.01,0.01,2323.883069,1776363973000
1776363975.735,75.735,0.48,202.59,0.47,71.78,0.54,10.0,0.55,80.0,0.51,5.0,0.5,33.0,0.52,96.25,0.53,55.5,0.06,0.01,2323.828217,1776363974000
1776363976.035,76.035,0.59,1.47,0.57,88.77,0.6,10.0,0.61,77.0,0.42,4.48,0.41,25.0,0.43,8.77,0.49,5.0,0.01,0.01,2323.828217,1776363974000
1776363976.514,76.514,0.6,81.0,0.59,25.5,0.61,75.36,0.62,10.0,0.4,10.0,0.39,77.0,0.42,7.91,0.43,85.0,0.01,0.02,2323.828217,1776363974000
1776363978.152,78.152,0.6,236.5,0.59,50.5,0.62,10.0,0.63,95.0,0.39,70.36,0.38,10.0,0.4,67.0,0.41,25.5,0.02,0.01,2324.699982,1776363977000
1776363980.136,80.136,0.61,126.0,0.6,80.5,0.62,8.04,0.63,100.0,0.38,10.0,0.37,95.0,0.4,236.5,0.41,50.5,0.01,0.02,2324.837394,1776363978000
1776363981.965,81.965,0.62,79.84,0.61,60.0,0.63,55.0,0.64,85.5,0.38,8.04,0.37,100.0,0.39,126.0,0.4,80.5,0.01,0.01,2324.909409,1776363980000
1776363983.348,83.348,0.64,10.0,0.63,223.0,0.65,18.54,0.66,158.5,0.37,55.0,0.36,85.5,0.38,79.84,0.39,60.0,0.01,0.01,2324.917127,1776363982000
1776363983.626,83.626,0.64,6.0,0.63,35.0,0.65,39.23,0.66,158.5,0.35,5.38,0.34,153.5,0.36,106.0,0.37,40.0,0.01,0.01,2324.917127,1776363982000
1776363983.945,83.945,0.64,144.0,0.63,40.0,0.65,22.23,0.66,158.5,0.35,39.23,0.34,158.5,0.36,6.0,0.37,35.0,0.01,0.01,2324.917127,1776363982000
1776363984.713,84.713,0.64,131.0,0.63,50.0,0.65,22.23,0.66,163.5,0.35,22.23,0.34,158.5,0.36,144.0,0.37,40.0,0.01,0.01,2324.9795,1776363983000
1776363987.119,87.119,0.63,34.0,0.62,10.0,0.64,5.0,0.65,32.23,0.35,22.23,0.34,163.5,0.36,128.22,0.37,50.0,0.01,0.01,2325.071984,1776363985000
1776363987.475,87.475,0.63,123.0,0.62,10.0,0.64,20.67,0.65,17.23,0.36,5.0,0.35,32.23,0.37,34.0,0.38,10.0,0.01,0.01,2325.071984,1776363985000
1776363991.027,91.027,0.63,45.0,0.62,15.0,0.64,13.29,0.65,7.23,0.36,20.67,0.35,17.23,0.37,123.0,0.38,10.0,0.01,0.01,2324.979287,1776363989000
1776363992.31,92.31,0.63,218.0,0.62,73.8,0.64,2.0,0.66,98.0,0.36,13.29,0.35,7.23,0.37,45.0,0.38,15.0,0.01,0.01,2324.990273,1776363990000
1776363993.084,93.084,0.65,226.0,0.64,83.1,0.68,110.5,0.69,305.5,0.34,90.54,0.33,90.0,0.37,228.5,0.38,73.8,0.03,0.03,2324.940572,1776363991000
1776363993.694,93.694,0.67,190.1,0.66,35.0,0.68,100.0,0.69,300.5,0.32,110.5,0.31,305.5,0.33,5.9,0.34,10.0,0.01,0.01,2324.952078,1776363992000
1776363994.16,94.16,0.67,165.9,0.66,66.5,0.68,55.0,0.69,300.5,0.32,100.0,0.31,300.5,0.33,190.1,0.34,35.0,0.01,0.01,2324.952078,1776363992000
1776363995.449,95.449,0.67,225.61,0.66,114.25,0.68,3.25,0.69,220.0,0.32,55.0,0.31,300.5,0.33,174.31,0.34,66.5,0.01,0.01,2325.29306,1776363994000
1776364002.225,102.225,0.7,16.0,0.69,89.8,0.71,110.0,0.72,120.5,0.32,3.25,0.31,220.0,0.33,225.61,0.34,114.25,0.01,0.01,2325.413905,1776364000000
1776364002.721,102.721,0.69,30.7,0.68,46.5,0.71,140.5,0.72,125.5,0.29,110.0,0.28,120.5,0.3,16.0,0.31,89.8,0.02,0.01,2325.375501,1776364001000
1776364003.065,103.065,0.68,5.0,0.67,72.2,0.7,9.07,0.71,155.5,0.29,140.5,0.28,125.5,0.31,30.7,0.32,46.5,0.02,0.02,2325.375501,1776364001000
1776364003.621,103.621,0.69,15.0,0.68,15.0,0.7,66.07,0.71,81.5,0.3,9.07,0.29,155.5,0.32,5.0,0.33,72.2,0.01,0.02,2325.384455,1776364002000
1776364004.326,104.326,0.7,58.33,0.69,10.0,0.71,78.5,0.72,130.5,0.29,81.5,0.28,130.5,0.31,15.0,0.32,15.0,0.01,0.02,2325.394133,1776364003000
1776364004.537,104.537,0.7,5.0,0.69,15.0,0.71,101.5,0.72,130.5,0.29,78.5,0.28,130.5,0.3,58.33,0.31,10.0,0.01,0.01,2325.394133,1776364003000
1776364004.913,104.913,0.69,40.0,0.68,25.0,0.7,48.0,0.71,140.5,0.29,191.5,0.28,225.5,0.3,5.0,0.31,15.0,0.01,0.01,2325.394133,1776364003000
1776364006.849,106.849,0.69,95.17,0.68,57.78,0.7,75.28,0.71,50.5,0.3,48.0,0.29,140.5,0.31,40.0,0.32,25.0,0.01,0.01,2325.171383,1776364005000
1776364007.445,107.445,0.69,57.17,0.68,57.78,0.7,66.08,0.71,50.5,0.3,75.28,0.29,50.5,0.31,95.17,0.32,57.78,0.01,0.01,2325.171383,1776364005000
1776364008.512,108.512,0.69,222.71,0.68,57.78,0.7,2.08,0.71,19.5,0.3,59.08,0.29,50.5,0.31,88.71,0.32,57.78,0.01,0.01,2325.163801,1776364007000
1776364010.153,110.153,0.7,25.0,0.69,42.93,0.71,96.58,0.72,40.5,0.29,20.58,0.28,125.5,0.31,124.93,0.32,57.78,0.01,0.02,2325.161591,1776364009000
1776364010.576,110.576,0.69,73.93,0.68,30.0,0.7,16.0,0.71,45.58,0.29,96.58,0.28,40.5,0.3,21.0,0.31,42.93,0.01,0.01,2325.161591,1776364009000
1776364011.522,111.522,0.69,26.93,0.68,10.0,0.7,87.0,0.71,76.58,0.3,16.0,0.29,45.58,0.31,73.93,0.32,30.0,0.01,0.01,2325.180364,1776364010000
1776364011.912,111.912,0.69,17.93,0.68,10.0,0.7,77.0,0.71,26.58,0.3,82.0,0.29,76.58,0.31,26.93,0.32,10.0,0.01,0.01,2325.180364,1776364010000
1776364012.633,112.633,0.69,17.93,0.68,10.0,0.71,8.51,0.72,30.5,0.3,77.0,0.29,26.58,0.31,17.93,0.32,10.0,0.02,0.01,2325.169927,1776364011000
1776364013.098,113.098,0.69,17.93,0.68,88.34,0.7,0.71,0.71,33.51,0.29,8.51,0.28,30.5,0.31,17.93,0.32,10.0,0.01,0.02,2325.169927,1776364011000
1776364014.313,114.313,0.68,5.0,0.67,35.0,0.69,79.5,0.7,75.71,0.3,0.71,0.29,33.51,0.31,17.93,0.32,88.34,0.01,0.01,2325.199709,1776364012000
1776364014.998,114.998,0.68,5.0,0.67,40.0,0.69,108.05,0.7,85.71,0.31,79.5,0.3,75.71,0.32,5.0,0.33,35.0,0.01,0.01,2325.066392,1776364014000
1776364016.996,116.996,0.68,5.0,0.67,10.0,0.69,103.05,0.7,85.71,0.31,108.05,0.3,85.71,0.32,5.0,0.33,40.0,0.01,0.01,2324.822463,1776364016000
1776364018.735,118.735,0.68,154.52,0.67,30.0,0.69,29.5,0.7,155.0,0.31,103.05,0.3,85.71,0.32,5.0,0.33,10.0,0.01,0.01,2324.805061,1776364017000
1776364019.083,119.083,0.68,167.22,0.67,50.5,0.7,215.0,0.71,5.0,0.31,29.5,0.3,155.0,0.32,154.52,0.33,30.0,0.02,0.01,2324.789139,1776364018000
1776364019.647,119.647,0.69,207.2,0.68,67.5,0.7,213.19,0.71,15.5,0.3,208.69,0.29,5.0,0.31,148.0,0.32,51.5,0.01,0.01,2324.789139,1776364018000
1776364020.065,120.065,0.69,256.5,0.68,145.79,0.7,161.69,0.71,5.0,0.3,166.69,0.29,15.5,0.31,208.5,0.32,72.5,0.01,0.01,2324.874935,1776364019000
1776364020.726,120.726,0.71,160.03,0.7,16.0,0.72,15.5,0.73,25.5,0.3,137.69,0.29,5.0,0.31,281.5,0.32,145.79,0.01,0.01,2324.874935,1776364019000
1776364021.229,121.229,0.71,150.09,0.7,26.5,0.72,5.41,0.73,25.5,0.28,5.41,0.27,25.5,0.29,160.03,0.3,16.0,0.01,0.01,2324.874935,1776364019000
1776364022.5,122.5,0.73,20.5,0.72,102.5,0.74,10.0,0.75,95.5,0.28,5.41,0.27,25.5,0.29,150.09,0.3,26.5,0.01,0.01,2325.065715,1776364020000
1776364023.328,123.328,0.73,229.65,0.72,82.5,0.74,10.0,0.75,10.0,0.26,10.0,0.25,95.5,0.27,20.5,0.28,102.5,0.01,0.01,2325.250674,1776364022000
1776364023.713,123.713,0.79,96.21,0.78,49.0,0.8,35.99,0.81,132.0,0.2,35.99,0.19,85.0,0.21,4.0,0.22,10.0,0.01,0.01,2325.250674,1776364022000
1776364025.614,125.614,0.79,102.38,0.78,19.0,0.8,41.49,0.81,80.0,0.2,35.99,0.19,132.0,0.21,96.21,0.22,49.0,0.01,0.01,2325.459455,1776364024000
1776364026.059,126.059,0.79,13.33,0.78,10.0,0.8,146.99,0.81,180.0,0.2,41.49,0.19,80.0,0.21,102.38,0.22,19.0,0.01,0.01,2325.459455,1776364024000
1776364026.323,126.323,0.77,61.0,0.76,10.0,0.79,131.59,0.8,125.99,0.2,134.99,0.19,180.0,0.21,6.0,0.23,10.0,0.02,0.01,2325.459455,1776364024000
1776364026.555,126.555,0.78,78.0,0.77,10.0,0.79,85.0,0.8,130.99,0.21,131.59,0.2,125.99,0.23,61.0,0.24,10.0,0.01,0.02,2325.797314,1776364025000
1776364027.258,127.258,0.79,24.0,0.78,10.0,0.8,191.49,0.81,180.0,0.21,79.0,0.2,130.99,0.22,78.0,0.23,10.0,0.01,0.01,2325.835244,1776364026000
1776364027.483,127.483,0.79,65.0,0.78,20.0,0.8,194.84,0.81,180.0,0.2,191.49,0.19,180.0,0.21,24.0,0.22,10.0,0.01,0.01,2325.835244,1776364026000
1776364028.884,128.884,0.79,55.0,0.78,20.0,0.8,134.84,0.81,180.0,0.2,194.84,0.19,180.0,0.21,65.0,0.22,20.0,0.01,0.01,2325.769184,1776364027000
1776364030.152,130.152,0.79,50.0,0.78,60.5,0.8,7.5,0.81,75.0,0.2,134.84,0.19,180.0,0.21,55.0,0.22,20.0,0.01,0.01,2325.743214,1776364029000
1776364030.722,130.722,0.8,8.0,0.79,92.0,0.81,94.72,0.82,80.0,0.2,7.5,0.19,75.0,0.21,50.0,0.22,60.5,0.01,0.01,2325.743214,1776364029000
1776364030.976,130.976,0.8,18.0,0.79,116.0,0.81,78.91,0.82,80.0,0.19,85.0,0.18,80.0,0.2,8.0,0.21,92.0,0.01,0.01,2325.743214,1776364029000
1776364031.194,131.194,0.8,18.0,0.79,63.0,0.81,4.76,0.82,25.5,0.19,23.62,0.18,85.0,0.2,18.0,0.21,75.0,0.01,0.01,2325.743214,1776364029000
1776364031.668,131.668,0.82,95.0,0.81,30.0,0.83,60.0,0.84,121.0,0.18,10.0,0.17,65.0,0.2,110.0,0.21,89.7,0.01,0.02,2325.743882,1776364030000
1776364033.704,133.704,0.82,97.04,0.81,63.9,0.83,12.0,0.84,131.5,0.17,60.0,0.16,121.0,0.18,95.0,0.19,30.0,0.01,0.01,2326.34767,1776364032000
1776364034.032,134.032,0.82,96.4,0.81,68.9,0.83,7.0,0.84,121.5,0.17,12.0,0.16,131.5,0.18,97.04,0.19,63.9,0.01,0.01,2326.34767,1776364032000
1776364034.335,134.335,0.82,75.4,0.81,43.4,0.83,127.5,0.84,131.5,0.17,7.0,0.16,121.5,0.18,96.4,0.19,68.9,0.01,0.01,2326.194063,1776364033000
1776364034.736,134.736,0.81,9.83,0.8,83.88,0.82,174.0,0.83,135.5,0.17,127.5,0.16,131.5,0.18,75.4,0.19,43.4,0.01,0.01,2326.194063,1776364033000
1776364035.068,135.068,0.81,1.83,0.8,83.88,0.82,154.0,0.83,145.5,0.18,174.0,0.17,135.5,0.19,9.83,0.2,83.88,0.01,0.01,2326.201232,1776364034000
1776364036.858,136.858,0.8,63.88,0.79,45.0,0.81,51.5,0.82,133.61,0.18,154.0,0.17,145.5,0.19,1.83,0.2,83.88,0.01,0.01,2326.069355,1776364035000
1776364037.241,137.241,0.8,48.88,0.79,45.0,0.81,36.0,0.82,193.61,0.19,51.5,0.18,133.61,0.2,63.88,0.21,45.0,0.01,0.01,2326.069355,1776364035000
1776364038.816,138.816,0.8,85.88,0.79,57.0,0.81,26.43,0.82,193.61,0.19,31.0,0.18,183.61,0.2,156.88,0.21,50.0,0.01,0.01,2325.760275,1776364037000
1776364040.527,140.527,0.8,34.88,0.79,57.0,0.81,36.43,0.82,203.61,0.19,26.43,0.18,193.61,0.2,85.88,0.21,57.0,0.01,0.01,2325.772545,1776364039000
1776364042.629,142.629,0.78,55.0,0.77,50.0,0.79,14.0,0.8,56.5,0.19,36.43,0.18,203.61,0.2,34.88,0.21,57.0,0.01,0.01,2325.742145,1776364041000
1776364043.426,143.426,0.78,55.0,0.77,50.0,0.79,54.98,0.8,69.5,0.21,14.0,0.2,56.5,0.22,55.0,0.23,50.0,0.01,0.01,2325.681436,1776364042000
1776364043.774,143.774,0.78,55.0,0.77,50.0,0.79,17.0,0.8,69.5,0.21,54.98,0.2,69.5,0.22,55.0,0.23,50.0,0.01,0.01,2325.681436,1776364042000
1776364045.095,145.095,0.72,25.0,0.71,175.0,0.75,114.5,0.76,112.5,0.21,17.0,0.2,69.5,0.22,55.0,0.23,50.0,0.03,0.01,2325.555084,1776364043000
1776364047.962,147.962,0.68,52.0,0.67,158.73,0.69,42.1,0.7,40.5,0.25,114.5,0.24,112.5,0.28,25.0,0.29,175.0,0.01,0.03,2324.993037,1776364046000
1776364048.357,148.357,0.68,35.0,0.67,148.73,0.69,76.1,0.7,45.5,0.31,42.1,0.3,40.5,0.32,52.0,0.33,158.73,0.01,0.01,2324.829864,1776364047000
1776364048.877,148.877,0.68,3.0,0.67,52.48,0.69,10.0,0.7,100.0,0.31,83.36,0.3,40.5,0.33,42.48,0.34,100.0,0.01,0.02,2324.829864,1776364047000
1776364049.138,149.138,0.68,0.75,0.67,52.98,0.7,111.92,0.71,5.0,0.3,99.92,0.29,70.0,0.32,67.65,0.33,52.48,0.02,0.02,2324.829864,1776364047000
1776364049.385,149.385,0.68,10.0,0.67,52.48,0.69,40.71,0.7,195.0,0.3,115.17,0.29,60.0,0.32,5.75,0.33,42.48,0.01,0.02,2324.829864,1776364047000
1776364049.701,149.701,0.68,71.0,0.67,52.48,0.7,175.0,0.71,10.0,0.31,40.71,0.3,195.0,0.32,10.0,0.33,52.48,0.02,0.01,2324.786813,1776364048000
1776364049.997,149.997,0.69,37.0,0.68,10.0,0.7,168.28,0.73,9.0,0.3,175.0,0.29,10.0,0.31,7.0,0.32,32.0,0.01,0.01,2324.786813,1776364048000
1776364050.738,150.738,0.68,95.62,0.67,52.48,0.7,161.56,0.71,10.0,0.3,125.56,0.27,9.0,0.31,90.2,0.32,98.12,0.02,0.01,2324.753279,1776364049000
1776364051.008,151.008,0.69,16.0,0.68,88.62,0.7,175.56,0.71,19.56,0.3,161.56,0.29,10.0,0.32,95.62,0.33,52.48,0.01,0.02,2324.753279,1776364049000
1776364051.3,151.3,0.68,78.62,0.67,62.98,0.69,19.0,0.7,163.56,0.3,175.56,0.29,19.56,0.31,16.0,0.32,88.62,0.01,0.01,2324.836647,1776364050000
1776364053.155,153.155,0.68,89.62,0.67,62.98,0.69,47.4,0.7,168.56,0.31,24.0,0.3,168.56,0.32,64.62,0.33,62.98,0.01,0.01,2324.813214,1776364052000
1776364056.629,156.629,0.68,49.5,0.67,48.09,0.69,22.55,0.7,143.56,0.31,47.4,0.3,168.56,0.32,89.62,0.33,62.98,0.01,0.01,2324.651687,1776364055000
1776364057.679,157.679,0.68,97.5,0.67,35.5,0.7,39.56,0.71,5.0,0.31,22.55,0.3,143.56,0.32,49.5,0.33,48.09,0.02,0.01,2324.651687,1776364055000
1776364057.957,157.957,0.69,31.5,0.68,69.5,0.7,27.56,0.71,5.0,0.3,33.56,0.29,5.0,0.32,97.5,0.33,35.5,0.01,0.02,2324.651687,1776364055000
1776364058.474,158.474,0.69,86.39,0.68,50.5,0.71,5.0,0.72,15.0,0.3,27.56,0.29,5.0,0.31,31.5,0.32,69.5,0.02,0.01,2324.774429,1776364056000
1776364059.068,159.068,0.69,3.24,0.68,36.5,0.7,15.0,0.71,5.0,0.29,5.0,0.28,15.0,0.31,43.24,0.32,45.5,0.01,0.02,2324.758042,1776364057000
1776364059.384,159.384,0.68,8.62,0.67,15.0,0.7,15.0,0.71,5.0,0.3,15.0,0.29,5.0,0.31,3.24,0.32,36.5,0.02,0.01,2324.758042,1776364057000
1776364060.239,160.239,0.67,0.99,0.66,115.0,0.69,82.0,0.7,55.0,0.3,15.0,0.29,5.0,0.32,2.62,0.33,15.0,0.02,0.02,2324.846635,1776364058000
1776364060.899,160.899,0.66,5.0,0.65,165.0,0.67,47.88,0.68,61.0,0.31,82.0,0.3,55.0,0.34,90.0,0.35,190.0,0.01,0.03,2324.877217,1776364059000
1776364061.297,161.297,0.66,10.0,0.65,175.0,0.67,27.88,0.68,86.0,0.33,47.88,0.32,61.0,0.34,5.0,0.35,165.0,0.01,0.01,2324.877217,1776364059000
1776364061.833,161.833,0.66,9.29,0.65,175.0,0.67,33.5,0.68,80.0,0.33,13.5,0.32,70.0,0.34,31.0,0.35,180.0,0.01,0.01,2324.787293,1776364060000
1776364066.081,166.081,0.64,21.19,0.63,236.5,0.65,25.0,0.66,15.0,0.33,33.5,0.32,80.0,0.34,9.29,0.35,175.0,0.01,0.01,2324.370811,1776364064000
1776364067.298,167.298,0.64,23.91,0.63,226.5,0.65,30.0,0.66,30.5,0.35,25.0,0.34,15.0,0.36,21.19,0.37,236.5,0.01,0.01,2324.349097,1776364066000
1776364072.161,172.161,0.62,64.84,0.61,260.0,0.65,302.82,0.66,96.38,0.35,30.0,0.34,30.5,0.36,23.91,0.37,226.5,0.03,0.01,2324.363864,1776364070000
1776364072.398,172.398,0.5,0.39,0.49,10.21,0.51,33.0,0.55,11.12,0.45,11.12,0.44,19.3,0.5,0.39,0.51,20.42,0.01,0.05,2324.363864,1776364070000
1776364072.643,172.643,0.48,15.01,0.47,40.64,0.49,67.55,0.5,20.0,0.49,68.0,0.46,10.86,0.52,15.01,0.53,40.64,0.01,0.03,2324.363864,1776364070000
1776364073.247,173.247,0.46,66.48,0.45,44.91,0.47,32.0,0.48,120.0,0.52,20.0,0.51,87.55,0.54,71.67,0.55,44.91,0.01,0.02,2324.431547,1776364071000
1776364073.672,173.672,0.46,66.48,0.45,49.91,0.47,34.87,0.48,115.0,0.53,32.0,0.52,120.0,0.54,66.48,0.55,44.91,0.01,0.01,2324.42926,1776364072000
1776364074.026,174.026,0.46,42.46,0.45,44.91,0.47,19.87,0.48,105.0,0.53,34.87,0.52,115.0,0.54,66.48,0.55,49.91,0.01,0.01,2324.42926,1776364072000
1776364074.594,174.594,0.46,110.46,0.45,54.91,0.48,15.0,0.51,10.0,0.53,19.87,0.52,105.0,0.54,42.46,0.55,44.91,0.02,0.01,2323.296402,1776364073000
1776364075.979,175.979,0.48,7.5,0.47,70.17,0.52,20.0,0.53,10.0,0.52,4.66,0.49,10.0,0.54,110.46,0.55,54.91,0.04,0.02,2323.214191,1776364074000
1776364076.528,176.528,0.49,7.0,0.48,35.51,0.51,12.22,0.52,30.0,0.48,20.0,0.47,10.0,0.52,1.51,0.53,70.17,0.02,0.04,2323.455675,1776364075000
1776364077.451,177.451,0.51,12.0,0.49,24.0,0.52,21.49,0.54,70.0,0.49,12.22,0.48,30.0,0.51,7.0,0.52,35.51,0.01,0.02,2323.49845,1776364076000
1776364077.74,177.74,0.51,7.0,0.49,62.0,0.56,0.9,0.58,22.0,0.48,0.32,0.46,70.0,0.49,12.0,0.51,24.0,0.05,0.01,2323.49845,1776364076000
1776364077.954,177.954,0.53,7.0,0.51,64.0,0.58,22.0,0.59,80.0,0.44,0.9,0.42,22.0,0.49,7.0,0.51,62.0,0.05,0.05,2323.49845,1776364076000
1776364078.506,178.506,0.57,99.33,0.56,60.0,0.58,9.0,0.59,75.0,0.43,10.0,0.42,32.0,0.45,5.0,0.46,10.0,0.01,0.02,2323.55375,1776364077000
1776364078.718,178.718,0.58,50.0,0.57,69.33,0.59,39.83,0.6,5.0,0.41,47.29,0.4,5.0,0.42,50.0,0.43,69.33,0.01,0.01,2323.55375,1776364077000
1776364078.96,178.96,0.58,15.0,0.57,69.33,0.59,34.83,0.6,5.0,0.41,39.83,0.4,5.0,0.42,50.0,0.43,69.33,0.01,0.01,2323.55375,1776364077000
1776364079.423,179.423,0.58,135.14,0.57,69.33,0.59,34.83,0.6,5.0,0.41,34.83,0.4,5.0,0.42,15.0,0.43,69.33,0.01,0.01,2323.874745,1776364078000
1776364079.878,179.878,0.58,154.14,0.57,88.33,0.59,29.83,0.6,5.0,0.41,34.83,0.4,5.0,0.42,135.14,0.43,69.33,0.01,0.01,2323.874745,1776364078000
1776364080.492,180.492,0.58,5.0,0.57,59.33,0.59,18.6,0.6,10.0,0.41,20.47,0.4,5.0,0.42,154.14,0.43,88.33,0.01,0.01,2323.8881,1776364079000
1776364081.062,181.062,0.58,6.0,0.57,25.0,0.59,35.44,0.6,20.0,0.41,18.6,0.4,10.0,0.42,5.0,0.43,59.33,0.01,0.01,2324.15999,1776364080000
1776364081.549,181.549,0.57,19.69,0.55,6.0,0.59,25.44,0.6,20.0,0.41,35.44,0.4,20.0,0.42,6.0,0.43,25.0,0.02,0.01,2324.15999,1776364080000
1776364081.808,181.808,0.57,5.91,0.55,6.0,0.59,25.44,0.6,20.0,0.41,25.44,0.4,20.0,0.43,17.27,0.45,6.0,0.02,0.02,2324.15999,1776364080000
1776364082.812,182.812,0.55,18.66,0.54,6.0,0.58,11.91,0.59,181.4,0.41,25.44,0.4,20.0,0.45,6.0,0.47,6.0,0.03,0.04,2324.129452,1776364081000
1776364083.038,183.038,0.51,22.14,0.49,12.0,0.58,11.91,0.59,221.4,0.42,11.91,0.41,221.4,0.49,29.59,0.51,12.0,0.07,0.07,2324.129452,1776364081000
1776364083.277,183.277,0.48,2.39,0.46,29.46,0.5,70.0,0.53,15.0,0.47,5.0,0.43,20.0,0.52,9.41,0.54,29.46,0.02,0.05,2323.919877,1776364082000
1776364083.485,183.485,0.48,16.0,0.46,29.46,0.5,61.49,0.52,6.0,0.5,70.0,0.47,15.0,0.54,29.46,0.55,74.91,0.02,0.04,2323.919877,1776364082000
1776364083.751,183.751,0.46,33.46,0.45,74.91,0.51,50.0,0.52,10.41,0.5,61.49,0.48,6.0,0.52,16.0,0.54,29.46,0.05,0.02,2323.919877,1776364082000
1776364083.996,183.996,0.48,10.0,0.47,10.0,0.52,10.0,0.53,25.0,0.48,10.0,0.47,25.0,0.51,11.6,0.52,10.0,0.04,0.03,2323.919877,1776364082000
1776364084.343,184.343,0.51,9.06,0.48,10.42,0.52,17.0,0.53,15.0,0.47,16.32,0.46,20.0,0.52,39.33,0.53,10.0,0.01,0.05,2323.365567,1776364083000
1776364084.671,184.671,0.48,7.03,0.47,10.64,0.49,17.0,0.5,90.0,0.48,37.0,0.47,65.0,0.51,3.02,0.52,10.42,0.01,0.03,2323.365567,1776364083000
1776364085.398,185.398,0.45,44.91,0.44,5.0,0.46,20.54,0.47,52.0,0.52,7.0,0.5,71.86,0.54,57.33,0.55,56.03,0.01,0.02,2323.644603,1776364084000
1776364085.705,185.705,0.45,39.63,0.44,16.37,0.46,34.94,0.47,26.0,0.54,40.54,0.53,36.0,0.55,39.63,0.56,16.37,0.01,0.01,2323.644603,1776364084000
1776364087.743,187.743,0.45,14.63,0.44,5.0,0.46,49.22,0.47,27.0,0.54,34.94,0.53,26.0,0.55,39.63,0.56,16.37,0.01,0.01,2323.46592,1776364086000
1776364088.229,188.229,0.45,1.9,0.44,5.0,0.46,59.22,0.47,10.0,0.54,49.22,0.53,22.0,0.55,6.9,0.56,5.0,0.01,0.01,2323.46592,1776364086000
1776364088.449,188.449,0.44,5.0,0.43,25.0,0.45,4.83,0.46,59.22,0.55,18.26,0.54,59.22,0.56,5.0,0.57,25.0,0.01,0.01,2323.46592,1776364086000
1776364089.654,189.654,0.43,20.0,0.42,10.0,0.44,22.0,0.45,14.83,0.55,4.83,0.54,59.22,0.56,5.0,0.57,25.0,0.01,0.01,2323.27808,1776364088000
1776364091.092,191.092,0.43,32.0,0.42,24.8,0.44,15.0,0.46,26.54,0.56,22.0,0.55,14.83,0.57,38.0,0.58,20.0,0.01,0.01,2323.241252,1776364090000
1776364091.314,191.314,0.43,20.51,0.42,34.8,0.44,15.0,0.46,36.54,0.56,15.0,0.54,26.54,0.57,32.0,0.58,24.8,0.01,0.01,2323.241252,1776364090000
1776364092.002,192.002,0.43,163.51,0.42,104.8,0.46,25.54,0.47,5.0,0.56,15.0,0.54,36.54,0.57,20.51,0.58,34.8,0.03,0.01,2323.326642,1776364091000
1776364092.346,192.346,0.45,87.0,0.44,112.46,0.46,1.85,0.47,5.0,0.54,12.71,0.53,5.0,0.57,150.77,0.58,104.8,0.01,0.03,2323.326642,1776364091000
1776364093.005,193.005,0.44,2.37,0.43,21.0,0.46,41.05,0.47,25.0,0.54,1.85,0.53,5.0,0.55,87.0,0.56,112.46,0.02,0.01,2323.326642,1776364091000
1776364093.383,193.383,0.44,20.0,0.43,6.38,0.46,18.85,0.47,15.0,0.55,10.0,0.54,18.85,0.57,16.38,0.58,39.8,0.02,0.02,2323.337511,1776364092000
1776364093.651,193.651,0.44,5.0,0.43,0.38,0.45,23.33,0.46,11.85,0.54,18.85,0.53,15.0,0.56,20.0,0.57,6.38,0.01,0.02,2323.337511,1776364092000
1776364094.583,194.583,0.42,128.62,0.41,15.0,0.43,9.68,0.44,22.0,0.56,20.0,0.55,54.0,0.57,10.0,0.58,29.8,0.01,0.01,2323.440084,1776364093000
1776364094.865,194.865,0.43,55.0,0.42,133.62,0.44,37.62,0.45,27.0,0.56,21.68,0.55,20.0,0.58,128.62,0.59,15.0,0.01,0.02,2323.440084,1776364093000
1776364095.336,195.336,0.43,45.0,0.42,128.62,0.44,20.62,0.45,20.0,0.56,15.62,0.55,10.0,0.57,55.0,0.58,133.62,0.01,0.01,2323.32247,1776364094000
1776364096.775,196.775,0.44,60.0,0.43,30.0,0.45,3.55,0.46,17.85,0.56,10.0,0.55,20.0,0.57,45.0,0.58,128.62,0.01,0.01,2323.301039,1776364095000
1776364099.407,199.407,0.48,0.46,0.47,35.0,0.49,14.62,0.5,20.0,0.54,21.4,0.53,30.0,0.56,40.23,0.57,25.0,0.01,0.02,2323.349277,1776364098000
1776364100.387,200.387,0.48,10.0,0.47,15.0,0.49,43.72,0.5,20.0,0.51,14.62,0.5,20.0,0.52,0.46,0.53,35.0,0.01,0.01,2323.349277,1776364098000
1776364100.736,200.736,0.47,15.0,0.46,14.63,0.48,68.09,0.49,38.72,0.51,43.72,0.5,20.0,0.52,10.0,0.53,15.0,0.01,0.01,2323.349277,1776364098000
1776364100.945,200.945,0.47,15.0,0.46,14.63,0.48,65.59,0.49,43.72,0.52,70.59,0.51,43.72,0.53,15.0,0.54,14.63,0.01,0.01,2323.529568,1776364099000
1776364102.516,202.516,0.45,10.0,0.44,50.0,0.47,94.0,0.48,26.0,0.52,65.59,0.51,43.72,0.53,15.0,0.54,14.63,0.02,0.01,2323.529568,1776364100000
1776364102.995,202.995,0.45,15.0,0.44,45.0,0.46,84.0,0.47,67.0,0.53,94.0,0.52,26.0,0.55,10.0,0.56,50.0,0.01,0.02,2323.494419,1776364101000
1776364103.793,203.793,0.44,10.0,0.43,10.0,0.45,167.13,0.46,157.0,0.54,84.0,0.53,67.0,0.55,15.0,0.56,45.0,0.01,0.01,2323.46756,1776364102000
1776364104.014,204.014,0.41,55.0,0.4,109.51,0.42,16.24,0.43,47.0,0.58,7.14,0.57,36.0,0.59,55.0,0.6,109.51,0.01,0.01,2323.46756,1776364102000
1776364104.497,204.497,0.4,50.57,0.39,50.0,0.42,131.24,0.43,136.0,0.58,16.24,0.57,47.0,0.59,55.0,0.6,109.51,0.02,0.01,2323.44907,1776364103000
1776364105.243,205.243,0.39,25.0,0.38,55.0,0.41,78.0,0.42,56.24,0.58,131.24,0.57,136.0,0.6,50.57,0.61,50.0,0.02,0.02,2323.44907,1776364103000
1776364105.573,205.573,0.37,100.4,0.36,150.0,0.4,76.0,0.41,45.0,0.6,46.0,0.59,55.0,0.61,25.0,0.62,50.0,0.03,0.01,2323.3026,1776364104000
1776364106.948,206.948,0.37,15.0,0.36,165.0,0.38,40.0,0.39,41.0,0.6,76.0,0.59,45.0,0.63,100.4,0.64,150.0,0.01,0.03,2323.061976,1776364105000
1776364107.29,207.29,0.37,37.0,0.36,155.0,0.38,26.84,0.39,36.0,0.62,40.0,0.61,41.0,0.63,15.0,0.64,165.0,0.01,0.01,2323.061976,1776364105000
1776364107.629,207.629,0.37,134.0,0.36,155.0,0.38,7.39,0.39,15.0,0.62,13.84,0.61,20.0,0.63,67.0,0.64,155.0,0.01,0.01,2323.005659,1776364106000
1776364108.004,208.004,0.37,41.45,0.36,155.0,0.38,4.75,0.39,20.0,0.62,7.39,0.61,15.0,0.63,128.45,0.64,155.0,0.01,0.01,2323.005659,1776364106000
1776364108.589,208.589,0.37,8.67,0.36,155.0,0.38,24.75,0.39,20.0,0.62,4.75,0.61,20.0,0.63,29.56,0.64,155.0,0.01,0.01,2322.934077,1776364107000
1776364108.942,208.942,0.37,7.08,0.36,155.0,0.38,24.75,0.39,26.0,0.62,24.75,0.61,20.0,0.63,7.08,0.64,155.0,0.01,0.01,2322.934077,1776364107000
1776364110.943,210.943,0.35,25.0,0.34,15.0,0.36,29.0,0.37,38.0,0.62,44.75,0.61,26.0,0.63,0.08,0.64,155.0,0.01,0.01,2323.02579,1776364109000
1776364111.355,211.355,0.4,31.0,0.39,26.0,0.41,40.0,0.43,10.0,0.64,29.0,0.63,38.0,0.65,25.0,0.66,15.0,0.01,0.01,2322.96722,1776364110000
1776364111.821,211.821,0.4,25.4,0.39,43.0,0.41,35.0,0.43,10.0,0.59,40.0,0.57,10.0,0.6,14.25,0.61,36.0,0.01,0.01,2322.96722,1776364110000
1776364112.122,212.122,0.4,40.4,0.39,31.0,0.41,35.0,0.44,110.0,0.59,35.0,0.57,10.0,0.6,25.4,0.61,43.0,0.01,0.01,2322.96722,1776364110000
1776364112.36,212.36,0.44,10.0,0.43,16.0,0.49,8.72,0.5,15.0,0.59,35.0,0.56,110.0,0.6,40.4,0.61,31.0,0.05,0.01,2322.938393,1776364111000
1776364112.643,212.643,0.48,31.82,0.47,10.0,0.49,3.72,0.5,5.0,0.51,3.72,0.5,5.0,0.52,15.0,0.53,10.0,0.01,0.01,2322.938393,1776364111000
1776364113.769,213.769,0.49,46.0,0.48,15.0,0.5,0.06,0.51,25.0,0.5,3.06,0.49,25.0,0.52,41.82,0.53,10.0,0.01,0.02,2323.128999,1776364112000
1776364114.221,214.221,0.52,91.0,0.51,211.0,0.54,110.0,0.55,175.0,0.49,25.0,0.48,105.0,0.51,57.0,0.52,25.0,0.02,0.02,2323.310372,1776364113000
1776364115.293,215.293,0.56,12.27,0.55,16.0,0.57,39.0,0.58,206.32,0.45,50.0,0.44,35.0,0.48,93.7,0.49,211.0,0.01,0.03,2323.310372,1776364113000
1776364115.968,215.968,0.55,3.44,0.54,15.0,0.57,29.0,0.58,211.32,0.43,39.0,0.42,206.32,0.44,12.27,0.45,16.0,0.02,0.01,2323.828153,1776364115000
1776364120.934,220.934,0.56,30.0,0.55,20.0,0.57,7.89,0.58,206.32,0.43,28.16,0.42,211.32,0.44,10.0,0.45,13.44,0.01,0.01,2324.032794,1776364119000
1776364122.279,222.279,0.56,40.0,0.55,45.0,0.57,2.89,0.58,206.32,0.43,7.89,0.42,206.32,0.44,30.0,0.45,20.0,0.01,0.01,2324.048348,1776364121000
1776364122.663,222.663,0.57,69.0,0.56,151.0,0.58,126.32,0.59,55.0,0.43,2.89,0.42,206.32,0.44,40.0,0.45,45.0,0.01,0.01,2324.048348,1776364121000
1776364122.9,222.9,0.57,105.2,0.56,151.0,0.59,5.0,0.6,50.5,0.42,126.32,0.41,55.0,0.43,69.0,0.44,151.0,0.02,0.01,2324.048348,1776364121000
1776364123.122,223.122,0.59,56.0,0.58,20.0,0.6,1.26,0.61,85.5,0.4,50.5,0.39,85.5,0.42,5.0,0.43,86.0,0.01,0.02,2324.048348,1776364121000
1776364123.325,223.325,0.6,10.15,0.59,61.0,0.61,3.57,0.62,35.5,0.39,3.57,0.38,35.5,0.41,82.0,0.42,20.0,0.01,0.02,2324.157549,1776364122000
1776364123.554,223.554,0.61,146.0,0.6,86.15,0.62,27.43,0.63,20.0,0.38,35.5,0.37,20.0,0.4,59.15,0.41,46.0,0.01,0.02,2324.157549,1776364122000
1776364124.049,224.049,0.63,135.0,0.62,295.0,0.66,70.0,0.67,65.0,0.36,60.56,0.35,25.0,0.39,146.0,0.4,86.15,0.03,0.03,2324.157549,1776364122000
1776364124.96,224.96,0.69,55.45,0.68,43.0,0.7,210.0,0.71,65.0,0.34,70.0,0.33,65.0,0.37,135.0,0.38,295.0,0.01,0.03,2324.188646,1776364123000
1776364125.382,225.382,0.69,9.83,0.68,43.0,0.7,234.0,0.71,65.0,0.3,210.0,0.29,65.0,0.31,55.45,0.32,43.0,0.01,0.01,2324.258661,1776364124000
1776364126.335,226.335,0.68,10.0,0.67,15.0,0.69,13.4,0.7,200.0,0.3,239.0,0.29,65.0,0.32,32.39,0.33,15.0,0.01,0.02,2324.258661,1776364124000
1776364128.763,228.763,0.68,30.0,0.67,15.0,0.7,200.0,0.71,65.0,0.31,13.4,0.3,200.0,0.32,10.0,0.33,15.0,0.02,0.01,2324.715773,1776364127000
1776364129.586,229.586,0.69,15.0,0.68,20.0,0.7,6.69,0.71,65.0,0.3,13.84,0.29,65.0,0.31,15.0,0.32,20.0,0.01,0.01,2324.766775,1776364128000
1776364129.934,229.934,0.7,15.0,0.69,66.15,0.72,7.36,0.73,140.0,0.29,0.25,0.28,145.0,0.31,15.0,0.32,20.0,0.02,0.02,2324.766775,1776364128000
1776364130.206,230.206,0.72,10.0,0.71,10.0,0.74,194.7,0.75,144.2,0.28,7.36,0.27,140.0,0.3,15.0,0.31,66.15,0.02,0.02,2324.766775,1776364128000
1776364130.622,230.622,0.69,10.0,0.68,20.0,0.74,340.0,0.75,154.2,0.26,194.7,0.25,144.2,0.28,10.0,0.29,10.0,0.05,0.02,2324.765039,1776364129000
1776364130.931,230.931,0.66,10.0,0.65,40.0,0.68,40.62,0.69,55.0,0.31,25.0,0.3,26.0,0.33,5.63,0.34,10.0,0.02,0.02,2324.765039,1776364129000
1776364131.419,231.419,0.69,11.02,0.66,20.0,0.7,16.0,0.71,21.0,0.33,16.82,0.32,15.0,0.34,10.0,0.35,40.0,0.01,0.01,2324.765039,1776364129000
1776364131.712,231.712,0.69,28.79,0.68,10.0,0.7,17.36,0.71,11.0,0.3,16.0,0.29,21.0,0.31,11.02,0.34,20.0,0.01,0.01,2324.733252,1776364130000
1776364132.02,232.02,0.69,17.79,0.67,10.0,0.7,96.18,0.71,60.0,0.3,60.5,0.29,70.0,0.31,12.79,0.35,25.0,0.01,0.01,2324.733252,1776364130000
1776364132.395,232.395,0.65,7.5,0.64,20.0,0.66,1.0,0.67,15.0,0.33,6.0,0.31,10.0,0.35,2.5,0.36,20.0,0.01,0.02,2324.647214,1776364131000
1776364135.245,235.245,0.68,5.0,0.67,10.0,0.69,44.0,0.71,50.0,0.34,1.0,0.33,15.0,0.35,7.5,0.36,20.0,0.01,0.01,2324.395535,1776364134000
1776364135.998,235.998,0.68,0.31,0.67,10.0,0.69,64.0,0.71,60.0,0.31,44.0,0.29,50.0,0.32,5.0,0.33,10.0,0.01,0.01,2324.395535,1776364134000
1776364136.415,236.415,0.68,0.31,0.67,10.0,0.69,49.65,0.71,50.0,0.31,64.0,0.29,60.0,0.32,0.31,0.33,10.0,0.01,0.01,2324.395535,1776364134000
1776364136.835,236.835,0.68,0.31,0.67,10.0,0.69,23.41,0.71,50.0,0.31,49.65,0.29,50.0,0.32,0.31,0.33,10.0,0.01,0.01,2324.408222,1776364135000
1776364137.173,237.173,0.68,0.31,0.67,10.0,0.69,21.96,0.71,50.0,0.31,23.41,0.29,50.0,0.32,0.31,0.33,10.0,0.01,0.01,2324.408222,1776364135000
1776364137.408,237.408,0.68,5.31,0.67,10.0,0.69,16.71,0.71,50.0,0.31,21.96,0.29,50.0,0.32,0.31,0.33,10.0,0.01,0.01,2324.408222,1776364135000
1776364138.429,238.429,0.67,10.0,0.66,25.0,0.69,6.71,0.7,10.0,0.31,16.71,0.29,50.0,0.32,5.31,0.33,10.0,0.02,0.01,2324.381066,1776364137000
1776364138.936,238.936,0.67,117.0,0.66,190.0,0.74,100.0,0.75,139.2,0.31,6.71,0.3,10.0,0.33,10.0,0.34,25.0,0.07,0.02,2324.381066,1776364137000
1776364139.217,239.217,0.73,129.0,0.72,32.94,0.74,12.04,0.75,139.2,0.26,100.0,0.25,139.2,0.33,117.0,0.34,190.0,0.01,0.07,2324.381066,1776364137000
1776364139.802,239.802,0.77,42.0,0.76,55.0,0.79,5.71,0.8,50.0,0.25,139.2,0.24,69.7,0.27,129.0,0.28,32.94,0.02,0.02,2324.386449,1776364138000
1776364140.345,240.345,0.78,20.0,0.77,15.0,0.79,35.71,0.8,25.0,0.21,5.71,0.2,50.0,0.23,42.0,0.24,55.0,0.01,0.02,2324.386449,1776364138000
1776364141.745,241.745,0.76,15.0,0.75,15.0,0.77,26.17,0.78,10.0,0.21,32.01,0.2,35.0,0.23,15.0,0.24,15.0,0.01,0.02,2324.505753,1776364140000
1776364142.035,242.035,0.77,34.0,0.76,67.0,0.79,10.0,0.8,25.0,0.23,26.17,0.22,10.0,0.25,10.4,0.26,15.0,0.02,0.02,2324.505753,1776364140000
1776364142.717,242.717,0.8,40.0,0.79,20.0,0.81,111.0,0.82,31.11,0.21,10.0,0.2,25.0,0.23,34.0,0.24,67.0,0.01,0.02,2324.505753,1776364140000
1776364143.403,243.403,0.78,35.0,0.77,20.0,0.8,25.5,0.81,140.0,0.19,121.0,0.18,31.11,0.2,10.0,0.21,10.0,0.02,0.01,2324.878183,1776364141000
1776364144.336,244.336,0.78,10.0,0.77,20.0,0.79,13.0,0.8,83.0,0.2,25.5,0.19,140.0,0.22,35.0,0.23,20.0,0.01,0.02,2324.865758,1776364143000
1776364144.948,244.948,0.78,15.0,0.77,25.0,0.79,10.89,0.8,78.0,0.21,13.0,0.2,83.0,0.22,10.0,0.23,20.0,0.01,0.01,2324.865758,1776364143000
1776364145.973,245.973,0.78,8.0,0.77,20.0,0.79,35.89,0.8,78.0,0.21,10.89,0.2,78.0,0.22,15.0,0.23,25.0,0.01,0.01,2324.826524,1776364144000
1776364146.176,246.176,0.78,2.95,0.77,20.0,0.79,83.62,0.8,78.0,0.21,59.62,0.2,78.0,0.22,8.0,0.23,20.0,0.01,0.01,2324.826524,1776364144000
1776364146.851,246.851,0.75,20.4,0.74,15.0,0.78,30.0,0.79,13.0,0.21,83.62,0.2,78.0,0.23,10.0,0.24,35.0,0.03,0.02,2324.737311,1776364145000
1776364147.313,247.313,0.7,13.2,0.69,15.0,0.73,25.0,0.74,25.0,0.22,30.0,0.21,13.0,0.25,20.4,0.26,15.0,0.03,0.03,2324.737311,1776364145000
1776364148.053,248.053,0.7,15.0,0.69,14.58,0.71,9.36,0.73,5.0,0.29,5.0,0.27,25.0,0.31,14.58,0.32,40.0,0.01,0.02,2324.72055,1776364146000
1776364148.302,248.302,0.7,59.2,0.69,14.58,0.76,20.37,0.78,10.0,0.29,9.36,0.27,5.0,0.3,15.0,0.31,14.58,0.06,0.01,2324.72055,1776364146000
1776364150.045,250.045,0.74,10.0,0.73,10.0,0.75,20.25,0.76,50.37,0.24,20.37,0.22,10.0,0.3,59.2,0.31,14.58,0.01,0.06,2324.447451,1776364148000
1776364150.517,250.517,0.73,10.0,0.72,10.0,0.74,23.7,0.75,10.25,0.25,20.25,0.24,50.37,0.27,10.0,0.28,10.0,0.01,0.02,2324.461445,1776364149000
1776364151.149,251.149,0.73,15.0,0.72,26.0,0.75,17.0,0.76,20.37,0.26,23.7,0.25,10.25,0.27,10.0,0.28,10.0,0.02,0.01,2324.461445,1776364149000
1776364152.11,252.11,0.73,10.0,0.72,31.0,0.76,30.37,0.79,54.0,0.25,9.88,0.24,20.37,0.26,25.0,0.27,10.0,0.03,0.01,2324.41687,1776364150000
1776364152.403,252.403,0.73,10.0,0.72,36.0,0.76,28.05,0.79,54.0,0.24,30.37,0.21,54.0,0.27,10.0,0.28,31.0,0.03,0.03,2324.41687,1776364150000
1776364152.713,252.713,0.74,0.38,0.73,10.0,0.76,38.05,0.79,54.0,0.24,28.05,0.21,54.0,0.27,10.0,0.28,36.0,0.02,0.03,2324.436988,1776364151000
1776364153.554,253.554,0.75,10.0,0.74,0.38,0.76,30.86,0.79,64.0,0.24,38.05,0.21,54.0,0.26,0.38,0.27,10.0,0.01,0.02,2324.490043,1776364152000
1776364153.931,253.931,0.75,105.0,0.74,40.38,0.79,35.0,0.8,98.0,0.24,30.86,0.21,64.0,0.25,10.0,0.26,0.38,0.04,0.01,2324.490043,1776364152000
1776364155.495,255.495,0.8,27.0,0.79,33.0,0.82,10.93,0.83,190.0,0.2,71.96,0.19,120.0,0.21,18.0,0.22,17.0,0.02,0.01,2324.401679,1776364154000
1776364156.324,256.324,0.81,107.0,0.8,25.0,0.82,10.83,0.83,110.0,0.18,10.93,0.17,190.0,0.2,27.0,0.21,33.0,0.01,0.02,2324.630032,1776364155000
1776364156.534,256.534,0.81,139.0,0.8,55.0,0.84,185.0,0.85,60.0,0.18,10.83,0.17,110.0,0.19,107.0,0.2,25.0,0.03,0.01,2324.630032,1776364155000
1776364157.032,257.032,0.82,5.66,0.81,33.23,0.85,72.4,0.86,190.0,0.16,160.0,0.15,60.0,0.17,12.0,0.18,20.0,0.03,0.01,2324.630032,1776364155000
1776364157.264,257.264,0.83,26.02,0.82,16.76,0.84,17.85,0.85,25.0,0.15,72.4,0.14,190.0,0.18,5.66,0.19,33.23,0.01,0.03,2324.709507,1776364156000
1776364157.711,257.711,0.83,26.02,0.82,26.76,0.85,11.73,0.86,180.0,0.16,17.85,0.15,25.0,0.17,26.02,0.18,16.76,0.02,0.01,2324.709507,1776364156000
1776364158.013,258.013,0.82,16.76,0.81,33.23,0.85,19.13,0.86,180.0,0.15,11.73,0.14,180.0,0.17,26.02,0.18,26.76,0.03,0.02,2324.709507,1776364156000
1776364158.421,258.421,0.84,25.0,0.83,15.0,0.86,20.0,0.87,240.0,0.15,19.13,0.14,180.0,0.18,16.76,0.19,33.23,0.02,0.03,2324.843865,1776364157000
1776364158.873,258.873,0.85,65.0,0.84,45.0,0.86,8.6,0.87,170.0,0.14,20.0,0.13,240.0,0.16,25.0,0.17,15.0,0.01,0.02,2324.843865,1776364157000
1776364159.146,259.146,0.85,48.33,0.84,40.0,0.87,4.72,0.88,180.0,0.14,6.29,0.13,70.0,0.15,35.33,0.16,45.0,0.02,0.01,2324.860225,1776364158000
1776364159.485,259.485,0.87,52.16,0.86,17.85,0.88,185.0,0.89,160.0,0.13,4.72,0.12,180.0,0.14,17.85,0.15,39.42,0.01,0.01,2324.860225,1776364158000
1776364161.023,261.023,0.87,90.46,0.86,8.66,0.88,160.0,0.89,160.0,0.12,185.0,0.11,160.0,0.13,52.16,0.14,17.85,0.01,0.01,2325.039975,1776364159000
1776364161.592,261.592,0.87,72.76,0.86,38.56,0.88,160.0,0.89,160.0,0.12,160.0,0.11,160.0,0.13,90.46,0.14,8.66,0.01,0.01,2325.13241,1776364160000
1776364161.878,261.878,0.87,61.49,0.86,48.56,0.88,160.0,0.89,160.0,0.12,160.0,0.11,160.0,0.13,72.76,0.14,38.56,0.01,0.01,2325.13241,1776364160000
1776364163.193,263.193,0.87,132.49,0.86,95.71,0.89,1.0,0.9,30.0,0.12,9.0,0.11,160.0,0.13,76.49,0.14,48.56,0.02,0.01,2325.176318,1776364161000
1776364163.807,263.807,0.88,129.1,0.87,120.49,0.9,9.87,0.91,171.0,0.11,1.0,0.1,30.0,0.13,132.49,0.14,95.71,0.02,0.02,2325.137681,1776364162000
1776364164.351,264.351,0.89,93.79,0.88,97.1,0.9,8.75,0.91,171.0,0.1,9.87,0.09,171.0,0.12,129.1,0.13,120.49,0.01,0.02,2325.137681,1776364162000
1776364164.793,264.793,0.9,22.53,0.89,131.79,0.91,171.0,0.92,22.0,0.1,7.47,0.09,171.0,0.11,93.79,0.12,107.1,0.01,0.01,2325.193866,1776364163000
1776364165.094,265.094,0.9,112.0,0.89,82.79,0.91,62.92,0.92,22.0,0.09,171.0,0.08,22.0,0.1,22.53,0.11,131.79,0.01,0.01,2325.19796,1776364164000
1776364165.314,265.314,0.92,5.0,0.91,15.0,0.93,4.62,0.94,10.0,0.05,4.0,0.04,50.0,0.1,106.0,0.11,64.79,0.01,0.05,2325.19796,1776364164000
1776364165.52,265.52,0.92,26.0,0.91,59.0,0.93,4.73,0.94,10.0,0.07,16.44,0.06,10.0,0.08,26.0,0.09,15.0,0.01,0.01,2325.19796,1776364164000
1776364165.919,265.919,0.92,7.25,0.91,59.0,0.93,10.0,0.94,4.0,0.06,4.0,0.05,10.0,0.08,21.0,0.09,49.0,0.01,0.02,2325.19796,1776364164000
1776364167.504,267.504,0.92,138.15,0.91,104.0,0.95,10.0,0.96,41.61,0.04,89.61,0.03,276.7,0.08,7.25,0.09,59.0,0.03,0.04,2325.331565,1776364165000
1776364167.779,267.779,0.95,180.0,0.94,39.0,0.96,4.39,0.97,153.0,0.04,25.02,0.03,153.0,0.05,158.0,0.06,39.0,0.01,0.01,2325.457716,1776364166000
1776364167.984,267.984,0.96,99.86,0.95,153.0,0.97,117.3,0.98,215.93,0.03,117.3,0.02,215.93,0.04,45.61,0.05,180.0,0.01,0.01,2325.457716,1776364166000
1776364168.252,268.252,0.96,102.5,0.95,168.0,0.97,60.51,0.98,215.93,0.03,112.06,0.02,215.93,0.04,102.5,0.05,170.0,0.01,0.01,2325.457716,1776364166000
1776364168.499,268.499,0.96,102.38,0.95,157.0,0.98,111.63,0.99,2313.58,0.03,50.3,0.02,265.93,0.04,102.38,0.05,167.0,0.02,0.01,2325.452343,1776364167000
1776364168.909,268.909,0.97,45.69,0.96,92.38,0.98,101.42,0.99,2313.58,0.02,111.63,0.01,2313.58,0.04,102.38,0.05,157.0,0.01,0.02,2325.452343,1776364167000
1776364169.521,269.521,0.97,60.29,0.96,179.08,0.98,100.39,0.99,2313.58,0.02,101.42,0.01,2313.58,0.03,60.29,0.04,92.38,0.01,0.01,2325.452343,1776364167000
1776364169.971,269.971,0.97,183.99,0.96,179.08,0.98,60.39,0.99,2313.58,0.02,70.39,0.01,2313.58,0.03,60.29,0.04,179.08,0.01,0.01,2325.595898,1776364168000
1776364170.298,270.298,0.97,173.99,0.96,156.08,0.98,50.28,0.99,2313.58,0.02,60.39,0.01,2313.58,0.03,183.99,0.04,179.08,0.01,0.01,2325.992061,1776364169000
1776364170.793,270.793,0.97,183.99,0.96,178.08,0.99,2262.85,,,0.02,50.28,0.01,2313.58,0.03,173.99,0.04,156.08,0.02,0.01,2325.992061,1776364169000
1776364171.158,271.158,0.97,183.99,0.96,178.08,0.98,7.96,0.99,2262.85,0.01,2262.85,,,0.03,183.99,0.04,178.08,0.01,0.02,2325.992061,1776364169000
1776364171.785,271.785,0.98,23.09,0.97,168.99,0.99,2163.5,,,0.01,2164.52,,,0.03,183.99,0.04,178.08,0.01,0.02,2326.034935,1776364170000
1776364172.102,272.102,0.98,13.35,0.97,168.99,0.99,2148.58,,,0.01,2148.58,,,0.02,18.09,0.03,173.99,0.01,0.01,2326.034935,1776364170000
1776364172.748,272.748,0.98,28.54,0.97,168.99,0.99,2148.52,,,0.01,2148.58,,,0.02,13.35,0.03,168.99,0.01,0.01,2325.975903,1776364171000
1776364173.576,273.576,0.98,25.45,0.97,168.99,0.99,1879.24,,,0.01,2040.48,,,0.02,23.87,0.03,168.99,0.01,0.01,2326.025013,1776364172000
1776364173.893,273.893,0.98,15.68,0.97,158.99,0.99,1879.24,,,0.01,1879.24,,,0.02,25.45,0.03,168.99,0.01,0.01,2326.025013,1776364172000
1776364174.487,274.487,0.98,242.47,0.97,158.99,0.99,1853.22,,,0.01,1878.22,,,0.02,20.77,0.03,158.99,0.01,0.01,2325.907549,1776364173000
1776364174.972,274.972,0.98,247.47,0.97,181.99,0.99,479.51,,,0.01,1853.22,,,0.02,242.47,0.03,158.99,0.01,0.01,2325.848407,1776364174000
1776364175.188,275.188,0.98,63.77,0.97,58.29,0.99,454.51,,,0.01,474.51,,,0.02,247.47,0.03,181.99,0.01,0.01,2325.848407,1776364174000
1776364175.631,275.631,0.98,63.77,0.97,58.29,0.99,360.07,,,0.01,388.36,,,0.02,63.77,0.03,58.29,0.01,0.01,2325.848407,1776364174000
1776364176.628,276.628,0.98,35.94,0.97,58.29,0.99,358.04,,,0.01,358.04,,,0.02,68.77,0.03,58.29,0.01,0.01,2325.785206,1776364175000
1776364177.298,277.298,0.98,35.94,0.97,58.29,0.99,337.83,,,0.01,358.04,,,0.02,35.94,0.03,58.29,0.01,0.01,2326.000505,1776364176000
1776364178.079,278.079,0.98,35.94,0.97,68.29,0.99,330.83,,,0.01,337.83,,,0.02,35.94,0.03,58.29,0.01,0.01,2326.000505,1776364176000
1776364178.344,278.344,0.98,49.94,0.97,68.29,0.99,270.68,,,0.01,293.78,,,0.02,35.94,0.03,68.29,0.01,0.01,2326.15767,1776364177000
1776364178.551,278.551,0.98,52.94,0.97,118.29,0.99,231.57,,,0.01,260.57,,,0.02,52.94,0.03,118.29,0.01,0.01,2326.15767,1776364177000
1776364178.907,278.907,0.98,52.94,0.97,118.29,0.99,81.21,,,0.01,86.21,,,0.02,52.94,0.03,118.29,0.01,0.01,2326.15767,1776364177000
1776364179.307,279.307,0.99,2610.46,0.98,20.94,,,,,,,,,0.01,2464.79,0.02,42.94,,,2326.255565,1776364178000
1776364179.628,279.628,0.99,2623.47,0.98,26.03,,,,,,,,,0.01,2610.46,0.02,20.94,,,2326.255565,1776364178000
1776364179.884,279.884,0.99,2502.47,0.98,26.03,,,,,,,,,0.01,2623.47,0.02,26.03,,,2326.255565,1776364178000
1776364180.638,280.638,0.99,2510.64,0.98,26.03,,,,,,,,,0.01,2501.46,0.02,26.03,,,2326.613675,1776364179000
1776364182.026,282.026,0.99,2507.27,0.98,26.03,,,,,,,,,0.01,2510.64,0.02,26.03,,,2326.613675,1776364180000
1776364182.787,282.787,0.99,25.38,0.98,26.03,,,,,,,,,0.01,2507.27,0.02,26.03,,,2326.196495,1776364181000
1776364184.496,284.496,0.96,9.07,0.95,243.06,,,,,,,,,0.02,26.03,0.03,88.29,,,2326.156446,1776364182000
1776364187.59,287.59,0.99,85.05,0.98,10.09,,,,,,,,,0.04,9.07,0.05,243.06,,,2325.996543,1776364186000
1776364192.257,292.257,0.99,5025.45,0.98,5.09,,,,,,,,,0.01,135.06,0.02,5.09,,,2326.057029,1776364190000
1776364192.748,292.748,0.99,5046.91,0.98,5.09,,,,,,,,,0.01,5025.45,0.02,5.09,,,2326.049678,1776364191000
1776364198.168,298.168,0.99,9481.29,0.96,9.07,,,,,,,,,0.01,5046.91,0.02,5.09,,,2326.027174,1776364196000
1776364198.692,298.692,0.99,12200.16,0.96,9.07,,,,,,,,,0.01,9481.29,0.04,9.07,,,2325.924326,1776364197000
1776364200.477,300.477,0.99,70456.42,0.98,120.0,,,,,,,,,0.01,12200.16,0.04,9.07,,,2326.189716,1776364199000

# RESULT,winner=Up,slug=eth-updown-5m-1776363900,ticks=372
