timestamp,elapsed_sec,up_bid_p1,up_bid_s1,up_bid_p2,up_bid_s2,up_ask_p1,up_ask_s1,up_ask_p2,up_ask_s2,down_bid_p1,down_bid_s1,down_bid_p2,down_bid_s2,down_ask_p1,down_ask_s1,down_ask_p2,down_ask_s2,up_spread,down_spread,eth_price,eth_oracle_ts
1776230711.3,11.3,,,,,,,,,,,,,,,,,,,2325.78965,1776230710000
1776230711.762,11.762,0.58,48.03,0.57,78.0,0.6,11.07,0.61,45.82,0.4,11.07,0.39,33.0,0.42,43.03,0.43,84.0,0.02,0.02,2325.78965,1776230710000
1776230712.35,12.35,0.58,48.03,0.57,78.0,0.6,11.07,0.61,45.82,0.4,11.07,0.39,45.82,0.42,48.03,0.43,78.0,0.02,0.02,2325.836535,1776230711000
1776230712.897,12.897,0.58,48.03,0.57,78.0,0.6,11.07,0.61,45.82,0.4,11.07,0.39,45.82,0.42,48.03,0.43,78.0,0.02,0.02,2325.95881,1776230712000
1776230713.932,13.932,0.58,48.03,0.57,78.0,0.61,39.82,0.62,28.0,0.39,39.82,0.38,28.0,0.42,48.03,0.43,78.0,0.03,0.03,2325.979135,1776230713000
1776230714.743,14.743,0.6,50.0,0.59,61.0,0.61,19.31,0.62,8.0,0.39,39.82,0.38,28.0,0.42,48.03,0.43,78.0,0.01,0.03,2325.979135,1776230713000
1776230715.18,15.18,0.6,50.0,0.59,61.0,0.61,19.31,0.62,8.0,0.39,19.31,0.38,8.0,0.4,50.0,0.41,61.0,0.01,0.01,2325.991465,1776230714000
1776230716.182,16.182,0.6,82.0,0.59,61.0,0.61,9.81,0.63,70.0,0.39,9.81,0.37,70.0,0.4,82.0,0.41,61.0,0.01,0.01,2325.995145,1776230715000
1776230717.393,17.393,0.61,6.19,0.6,84.6,0.63,70.0,0.64,93.89,0.37,70.0,0.36,93.89,0.39,6.19,0.4,84.6,0.02,0.02,2326.19149,1776230716000
1776230717.798,17.798,0.62,112.0,0.61,36.19,0.63,59.68,0.64,83.89,0.37,70.0,0.36,93.89,0.39,6.19,0.4,84.6,0.01,0.02,2326.19149,1776230716000
1776230718.413,18.413,0.62,112.0,0.61,36.19,0.63,59.68,0.64,83.89,0.37,59.68,0.36,83.89,0.38,112.0,0.39,36.19,0.01,0.01,2326.16059,1776230717000
1776230718.901,18.901,0.62,39.0,0.61,36.19,0.63,64.68,0.64,83.89,0.37,59.68,0.36,83.89,0.38,112.0,0.39,36.19,0.01,0.01,2326.16059,1776230717000
1776230719.214,19.214,0.61,36.19,0.6,30.0,0.63,69.68,0.64,83.89,0.37,64.68,0.36,83.89,0.38,34.0,0.39,36.19,0.02,0.01,2326.18114,1776230718000
1776230719.718,19.718,0.62,48.36,0.61,41.19,0.63,61.52,0.64,83.89,0.37,61.52,0.36,83.89,0.38,41.0,0.39,41.19,0.01,0.01,2326.18114,1776230718000
1776230720.489,20.489,0.62,16.0,0.61,36.19,0.63,81.52,0.64,93.89,0.37,61.52,0.36,83.89,0.38,48.36,0.39,41.19,0.01,0.01,2326.18114,1776230718000
1776230720.703,20.703,0.62,16.0,0.61,36.19,0.63,74.52,0.64,93.89,0.37,74.52,0.36,93.89,0.38,16.0,0.39,36.19,0.01,0.01,2326.268545,1776230719000
1776230720.915,20.915,0.62,6.0,0.61,6.19,0.63,74.36,0.64,93.89,0.37,74.52,0.36,93.89,0.38,16.0,0.39,36.19,0.01,0.01,2326.268545,1776230719000
1776230721.204,21.204,0.61,6.19,0.6,15.0,0.62,18.96,0.63,101.36,0.38,18.96,0.37,101.36,0.39,6.19,0.4,15.0,0.01,0.01,2326.268545,1776230720000
1776230722.211,22.211,0.6,5.0,0.58,11.03,0.62,49.96,0.63,96.36,0.38,49.96,0.37,96.36,0.4,5.0,0.42,11.03,0.02,0.02,2326.341735,1776230721000
1776230722.562,22.562,0.58,6.03,0.54,5.0,0.59,83.0,0.6,15.0,0.38,49.96,0.37,96.36,0.4,5.0,0.42,11.03,0.01,0.02,2326.341735,1776230721000
1776230723.192,23.192,0.54,0.65,0.53,57.62,0.55,21.11,0.56,21.36,0.45,21.11,0.44,21.36,0.46,0.65,0.47,57.62,0.01,0.01,2326.124794,1776230722000
1776230724.082,24.082,0.54,15.0,0.53,72.62,0.55,25.0,0.56,85.0,0.45,21.11,0.44,21.36,0.46,0.65,0.47,57.62,0.01,0.01,2326.124794,1776230722000
1776230724.864,24.864,0.54,15.0,0.53,67.62,0.55,36.0,0.56,85.0,0.45,25.0,0.44,85.0,0.46,15.0,0.47,72.62,0.01,0.01,2326.010435,1776230723000
1776230725.299,25.299,0.54,15.0,0.53,67.62,0.55,36.0,0.56,85.0,0.45,36.0,0.44,85.0,0.46,15.0,0.47,67.62,0.01,0.01,2325.814155,1776230724000
1776230726.301,26.301,0.54,27.82,0.53,62.62,0.55,20.0,0.56,90.0,0.45,20.0,0.44,90.0,0.46,27.82,0.47,62.62,0.01,0.01,2325.736547,1776230725000
1776230727.372,27.372,0.54,27.82,0.53,62.62,0.55,20.0,0.56,90.0,0.45,20.0,0.44,90.0,0.46,27.82,0.47,62.62,0.01,0.01,2325.716187,1776230726000
1776230727.877,27.877,0.54,27.82,0.53,62.62,0.55,20.0,0.56,90.0,0.45,20.0,0.44,90.0,0.46,27.82,0.47,62.62,0.01,0.01,2325.805546,1776230727000
1776230728.936,28.936,0.54,27.82,0.53,62.62,0.55,20.0,0.56,90.0,0.45,20.0,0.44,90.0,0.46,27.82,0.47,62.62,0.01,0.01,2325.74872,1776230728000
1776230729.177,29.177,0.57,3.02,0.56,5.0,0.58,25.0,0.59,10.0,0.45,20.0,0.44,90.0,0.46,27.82,0.47,62.62,0.01,0.01,2325.74872,1776230728000
1776230729.986,29.986,0.57,3.02,0.56,5.0,0.58,25.0,0.59,10.0,0.42,25.0,0.41,10.0,0.43,3.02,0.44,5.0,0.01,0.01,2325.752825,1776230729000
1776230730.346,30.346,0.53,67.62,0.52,37.39,0.55,14.63,0.56,20.0,0.42,25.0,0.41,10.0,0.43,3.02,0.44,5.0,0.02,0.01,2325.752825,1776230729000
1776230730.721,30.721,0.54,5.0,0.53,87.62,0.55,28.53,0.56,20.0,0.45,14.63,0.44,20.0,0.47,82.62,0.48,42.39,0.01,0.02,2325.752825,1776230729000
1776230731.137,31.137,0.54,5.0,0.53,87.62,0.55,28.53,0.56,20.0,0.45,28.53,0.44,20.0,0.46,5.0,0.47,87.62,0.01,0.01,2325.84279,1776230730000
1776230732.175,32.175,0.54,5.0,0.53,87.62,0.55,28.53,0.56,20.0,0.45,28.53,0.44,20.0,0.46,5.0,0.47,87.62,0.01,0.01,2325.828263,1776230731000
1776230732.652,32.652,0.53,71.76,0.52,42.39,0.56,10.0,0.57,15.0,0.45,28.53,0.44,20.0,0.46,5.0,0.47,87.62,0.03,0.01,2325.828263,1776230731000
1776230733.267,33.267,0.53,71.76,0.52,42.39,0.56,10.0,0.57,15.0,0.44,10.0,0.43,15.0,0.47,71.76,0.48,42.39,0.03,0.03,2325.756932,1776230732000
1776230734.277,34.277,0.53,71.76,0.52,42.39,0.56,10.0,0.57,15.0,0.44,10.0,0.43,15.0,0.47,71.76,0.48,42.39,0.03,0.03,2325.804775,1776230733000
1776230734.659,34.659,0.53,75.55,0.52,62.39,0.54,33.0,0.55,5.0,0.44,10.0,0.43,15.0,0.47,71.76,0.48,42.39,0.01,0.03,2325.804775,1776230733000
1776230735.256,35.256,0.56,185.14,0.53,80.55,0.57,10.0,0.58,121.0,0.43,10.0,0.42,121.0,0.44,185.14,0.47,80.55,0.01,0.01,2325.725906,1776230734000
1776230735.902,35.902,0.56,193.89,0.55,15.0,0.57,38.0,0.58,121.0,0.43,10.0,0.42,121.0,0.44,185.14,0.47,80.55,0.01,0.01,2325.725906,1776230734000
1776230736.352,36.352,0.56,193.89,0.55,15.0,0.57,38.0,0.58,121.0,0.43,38.0,0.42,121.0,0.44,193.89,0.45,15.0,0.01,0.01,2325.725049,1776230735000
1776230737.241,37.241,0.56,193.89,0.55,15.0,0.57,38.0,0.58,121.0,0.43,38.0,0.42,121.0,0.44,193.89,0.45,15.0,0.01,0.01,2325.837739,1776230736000
1776230738.236,38.236,0.56,193.89,0.55,15.0,0.57,38.0,0.58,121.0,0.43,38.0,0.42,121.0,0.44,193.89,0.45,15.0,0.01,0.01,2325.80781,1776230737000
1776230738.673,38.673,0.57,80.0,0.56,213.89,0.58,52.85,0.59,5.0,0.43,38.0,0.42,121.0,0.44,193.89,0.45,15.0,0.01,0.01,2325.80781,1776230737000
1776230739.159,39.159,0.57,80.0,0.56,224.89,0.58,47.76,0.59,10.0,0.42,47.85,0.41,5.0,0.43,80.0,0.44,213.89,0.01,0.01,2325.80781,1776230737000
1776230739.394,39.394,0.57,42.67,0.56,218.89,0.58,52.76,0.59,20.0,0.42,47.76,0.41,10.0,0.43,80.0,0.44,224.89,0.01,0.01,2325.805725,1776230738000
1776230740.182,40.182,0.57,42.67,0.56,218.89,0.58,52.76,0.59,20.0,0.42,52.76,0.41,20.0,0.43,42.67,0.44,218.89,0.01,0.01,2325.80597,1776230739000
1776230741.194,41.194,0.57,42.67,0.56,218.89,0.58,52.76,0.59,20.0,0.42,52.76,0.41,20.0,0.43,42.67,0.44,218.89,0.01,0.01,2325.990183,1776230740000
1776230742.243,42.243,0.57,42.67,0.56,218.89,0.58,52.76,0.59,20.0,0.42,52.76,0.41,20.0,0.43,42.67,0.44,218.89,0.01,0.01,2325.91206,1776230741000
1776230742.955,42.955,0.61,10.0,0.6,18.05,0.62,62.0,0.63,34.0,0.38,57.0,0.37,34.0,0.4,18.05,0.41,22.0,0.01,0.02,2325.91206,1776230741000
1776230743.273,43.273,0.61,10.0,0.6,18.05,0.62,62.0,0.63,34.0,0.38,62.0,0.37,34.0,0.39,10.0,0.4,18.05,0.01,0.01,2325.911015,1776230742000
1776230744.231,44.231,0.61,10.0,0.6,18.05,0.62,62.0,0.63,34.0,0.38,62.0,0.37,34.0,0.39,10.0,0.4,18.05,0.01,0.01,2325.990285,1776230743000
1776230744.551,44.551,0.62,110.0,0.61,38.0,0.64,83.89,0.66,5.0,0.37,9.29,0.36,83.89,0.38,27.0,0.39,32.0,0.02,0.01,2325.990285,1776230743000
1776230745.177,45.177,0.62,110.0,0.61,38.0,0.64,33.89,0.66,5.0,0.36,33.89,0.34,5.0,0.38,110.0,0.39,38.0,0.02,0.02,2326.011638,1776230744000
1776230745.763,45.763,0.63,97.0,0.62,62.0,0.64,41.89,0.65,5.0,0.36,33.89,0.34,5.0,0.38,110.0,0.39,38.0,0.01,0.02,2326.011638,1776230744000
1776230746.231,46.231,0.63,97.0,0.62,62.0,0.64,41.89,0.65,5.0,0.36,41.89,0.35,5.0,0.37,97.0,0.38,62.0,0.01,0.01,2326.078835,1776230745000
1776230747.224,47.224,0.63,97.0,0.62,62.0,0.64,41.89,0.65,5.0,0.36,41.89,0.35,5.0,0.37,97.0,0.38,62.0,0.01,0.01,2326.226165,1776230746000
1776230748.628,48.628,0.63,97.0,0.62,62.0,0.64,41.89,0.65,5.0,0.36,41.89,0.35,5.0,0.37,97.0,0.38,62.0,0.01,0.01,2326.276835,1776230747000
1776230749.281,49.281,0.63,97.0,0.62,62.0,0.64,41.89,0.65,5.0,0.36,41.89,0.35,5.0,0.37,97.0,0.38,62.0,0.01,0.01,2326.30557,1776230748000
1776230749.534,49.534,0.63,97.0,0.62,63.0,0.64,40.78,0.65,5.0,0.36,41.89,0.35,5.0,0.37,97.0,0.38,62.0,0.01,0.01,2326.30557,1776230748000
1776230750.786,50.786,0.63,97.0,0.62,63.0,0.64,40.78,0.65,5.0,0.36,40.78,0.35,5.0,0.37,97.0,0.38,63.0,0.01,0.01,2326.307505,1776230749000
1776230751.388,51.388,0.63,97.0,0.62,63.0,0.64,40.78,0.65,5.0,0.36,40.78,0.35,5.0,0.37,97.0,0.38,63.0,0.01,0.01,2326.31177,1776230750000
1776230752.114,52.114,0.63,97.0,0.62,63.0,0.64,40.78,0.65,5.0,0.36,40.78,0.35,5.0,0.37,97.0,0.38,63.0,0.01,0.01,2326.334658,1776230751000
1776230752.472,52.472,0.59,25.0,0.58,25.0,0.6,38.0,0.61,31.0,0.36,40.78,0.35,5.0,0.37,97.0,0.38,63.0,0.01,0.01,2326.334658,1776230751000
1776230752.841,52.841,0.59,12.8,0.58,20.0,0.6,75.0,0.61,21.0,0.4,38.0,0.39,31.0,0.41,25.0,0.42,25.0,0.01,0.01,2326.334658,1776230751000
1776230753.389,53.389,0.61,6.0,0.59,49.8,0.64,40.78,0.65,10.0,0.4,75.0,0.39,21.0,0.41,12.8,0.42,20.0,0.03,0.01,2326.334658,1776230751000
1776230754.192,54.192,0.61,6.0,0.59,49.8,0.64,40.78,0.65,10.0,0.36,40.78,0.35,10.0,0.39,6.0,0.41,49.8,0.03,0.03,2326.08443,1776230753000
1776230755.414,55.414,0.61,6.0,0.59,49.8,0.64,40.78,0.65,10.0,0.36,40.78,0.35,10.0,0.39,6.0,0.41,49.8,0.03,0.03,2326.13137,1776230754000
1776230756.128,56.128,0.61,6.0,0.59,49.8,0.64,40.78,0.65,10.0,0.36,40.78,0.35,10.0,0.39,6.0,0.41,49.8,0.03,0.03,2326.236815,1776230755000
1776230757.443,57.443,0.61,6.0,0.59,49.8,0.64,40.78,0.65,10.0,0.36,40.78,0.35,10.0,0.39,6.0,0.41,49.8,0.03,0.03,2326.26775,1776230756000
1776230758.044,58.044,0.61,6.0,0.59,49.8,0.64,40.78,0.65,10.0,0.36,40.78,0.35,10.0,0.39,6.0,0.41,49.8,0.03,0.03,2326.284415,1776230757000
1776230758.479,58.479,0.63,139.29,0.62,31.0,0.64,23.89,0.65,15.0,0.36,40.78,0.35,10.0,0.39,6.0,0.41,49.8,0.01,0.03,2326.284415,1776230757000
1776230759.38,59.38,0.63,139.29,0.62,31.0,0.64,23.89,0.65,15.0,0.36,23.89,0.35,15.0,0.37,139.29,0.38,31.0,0.01,0.01,2326.30157,1776230758000
1776230760.506,60.506,0.63,139.29,0.62,31.0,0.64,23.89,0.65,15.0,0.36,23.89,0.35,15.0,0.37,139.29,0.38,31.0,0.01,0.01,2326.30616,1776230759000
1776230761.067,61.067,0.63,139.29,0.62,31.0,0.64,23.89,0.65,15.0,0.36,23.89,0.35,15.0,0.37,139.29,0.38,31.0,0.01,0.01,2326.314825,1776230760000
1776230761.363,61.363,0.63,86.88,0.62,48.0,0.64,10.0,0.65,15.0,0.36,23.89,0.35,15.0,0.37,139.29,0.38,31.0,0.01,0.01,2326.314825,1776230760000
1776230762.377,62.377,0.63,86.88,0.62,48.0,0.64,10.0,0.65,15.0,0.36,10.0,0.35,15.0,0.37,86.88,0.38,48.0,0.01,0.01,2326.337835,1776230761000
1776230762.978,62.978,0.63,86.88,0.62,48.0,0.64,10.0,0.65,15.0,0.36,10.0,0.35,15.0,0.37,86.88,0.38,48.0,0.01,0.01,2326.337835,1776230762000
1776230764.019,64.019,0.69,49.54,0.68,29.0,0.7,5.0,0.71,20.0,0.36,10.0,0.35,15.0,0.37,86.88,0.38,48.0,0.01,0.01,2326.337835,1776230762000
1776230764.26,64.26,0.7,75.5,0.69,50.0,0.71,5.0,0.72,10.0,0.29,14.88,0.28,20.0,0.3,65.5,0.31,55.0,0.01,0.01,2326.33596,1776230763000
1776230764.535,64.535,0.7,87.26,0.69,55.0,0.72,6.84,0.73,15.0,0.29,5.0,0.28,20.0,0.3,72.26,0.31,55.0,0.02,0.01,2326.33596,1776230763000
1776230765.151,65.151,0.7,87.26,0.69,55.0,0.72,5.3,0.73,15.0,0.28,5.3,0.27,15.0,0.3,87.26,0.31,55.0,0.02,0.02,2326.345104,1776230764000
1776230765.423,65.423,0.7,23.16,0.69,25.0,0.71,20.0,0.72,5.3,0.28,5.3,0.27,15.0,0.3,87.26,0.31,55.0,0.01,0.02,2326.345104,1776230764000
1776230766.09,66.09,0.7,12.82,0.69,25.0,0.71,30.0,0.72,10.3,0.29,30.0,0.28,10.3,0.3,12.82,0.31,25.0,0.01,0.01,2326.444983,1776230765000
1776230767.11,67.11,0.7,12.82,0.69,25.0,0.71,30.0,0.72,10.3,0.29,30.0,0.28,10.3,0.3,12.82,0.31,25.0,0.01,0.01,2326.638407,1776230766000
1776230768.098,68.098,0.63,6.9,0.62,25.0,0.64,53.0,0.65,73.0,0.36,53.0,0.35,73.0,0.37,6.9,0.38,25.0,0.01,0.01,2326.668039,1776230767000
1776230768.77,68.77,0.64,78.0,0.63,40.0,0.65,44.84,0.66,30.0,0.36,53.0,0.35,73.0,0.37,6.9,0.38,25.0,0.01,0.01,2326.668039,1776230767000
1776230769.119,69.119,0.64,73.0,0.63,40.0,0.65,39.84,0.66,30.0,0.35,39.84,0.34,30.0,0.36,73.0,0.37,40.0,0.01,0.01,2326.60683,1776230768000
1776230769.749,69.749,0.64,55.22,0.63,30.0,0.65,54.84,0.66,35.0,0.35,39.84,0.34,30.0,0.36,73.0,0.37,40.0,0.01,0.01,2326.60683,1776230768000
1776230770.052,70.052,0.64,55.22,0.63,30.0,0.65,54.84,0.66,35.0,0.35,54.84,0.34,35.0,0.36,55.22,0.37,30.0,0.01,0.01,2326.309178,1776230769000
1776230771.063,71.063,0.64,40.22,0.63,38.0,0.65,48.19,0.66,30.0,0.35,54.84,0.34,35.0,0.36,35.22,0.37,30.0,0.01,0.01,2326.309178,1776230769000
1776230772.098,72.098,0.64,40.22,0.63,38.0,0.65,48.19,0.66,30.0,0.35,48.19,0.34,30.0,0.36,40.22,0.37,38.0,0.01,0.01,2326.33055,1776230771000
1776230772.979,72.979,0.64,40.22,0.63,38.0,0.65,48.19,0.66,30.0,0.35,48.19,0.34,30.0,0.36,40.22,0.37,38.0,0.01,0.01,2326.327458,1776230772000
1776230774.059,74.059,0.64,40.22,0.63,38.0,0.65,48.19,0.66,30.0,0.35,48.19,0.34,30.0,0.36,40.22,0.37,38.0,0.01,0.01,2326.308848,1776230773000
1776230774.904,74.904,0.61,15.0,0.6,38.0,0.64,90.0,0.65,63.19,0.35,48.19,0.34,30.0,0.36,40.22,0.37,38.0,0.03,0.01,2326.308848,1776230773000
1776230775.139,75.139,0.6,30.0,0.59,25.0,0.62,80.0,0.63,36.0,0.36,90.0,0.35,63.19,0.39,15.0,0.4,38.0,0.02,0.03,2326.312475,1776230774000
1776230775.934,75.934,0.61,48.0,0.6,48.0,0.62,17.0,0.63,5.0,0.38,80.0,0.37,36.0,0.4,30.0,0.41,25.0,0.01,0.02,2326.312475,1776230774000
1776230776.312,76.312,0.62,8.68,0.61,20.0,0.63,48.0,0.64,30.0,0.37,5.0,0.36,20.0,0.39,43.0,0.4,48.0,0.01,0.02,2326.31589,1776230775000
1776230777.216,77.216,0.62,8.68,0.61,20.0,0.63,48.0,0.64,30.0,0.37,48.0,0.36,30.0,0.38,8.68,0.39,20.0,0.01,0.01,2326.240288,1776230776000
1776230777.663,77.663,0.53,16.6,0.52,32.39,0.54,146.0,0.55,15.0,0.44,40.0,0.43,33.0,0.47,37.58,0.48,32.39,0.01,0.03,2326.240288,1776230776000
1776230777.998,77.998,0.5,14.24,0.46,10.0,0.51,68.0,0.52,15.0,0.48,10.0,0.47,61.0,0.5,29.24,0.54,10.0,0.01,0.02,2326.240288,1776230776000
1776230778.585,78.585,0.46,38.0,0.45,20.0,0.47,25.87,0.48,10.0,0.53,25.87,0.52,10.0,0.54,38.0,0.55,20.0,0.01,0.01,2326.262246,1776230777000
1776230778.87,78.87,0.46,40.44,0.45,25.0,0.47,53.93,0.48,5.0,0.53,58.93,0.52,15.0,0.54,25.44,0.55,20.0,0.01,0.01,2326.262246,1776230777000
1776230779.35,79.35,0.46,29.88,0.45,25.0,0.47,44.22,0.48,5.0,0.53,44.22,0.52,5.0,0.54,29.88,0.55,25.0,0.01,0.01,2325.867714,1776230778000
1776230779.934,79.934,0.46,30.0,0.45,15.0,0.47,46.32,0.48,5.0,0.53,46.32,0.52,5.0,0.54,30.0,0.55,15.0,0.01,0.01,2325.4638,1776230779000
1776230780.229,80.229,0.45,14.9,0.44,28.89,0.46,158.0,0.47,46.32,0.54,74.0,0.53,69.32,0.55,4.9,0.56,28.89,0.01,0.01,2325.4638,1776230779000
1776230780.435,80.435,0.44,17.93,0.43,10.0,0.46,158.0,0.47,46.32,0.54,163.0,0.53,46.32,0.55,13.04,0.56,28.89,0.02,0.01,2325.4638,1776230779000
1776230780.97,80.97,0.43,25.0,0.42,10.0,0.44,35.49,0.45,10.0,0.55,86.0,0.54,64.0,0.57,10.0,0.58,10.0,0.01,0.02,2325.4638,1776230779000
1776230781.175,81.175,0.43,25.0,0.42,10.0,0.45,10.0,0.46,20.0,0.56,35.49,0.55,10.0,0.57,25.0,0.58,10.0,0.02,0.01,2325.328381,1776230780000
1776230781.598,81.598,0.48,17.76,0.47,25.0,0.49,65.0,0.5,6.66,0.55,10.0,0.54,20.0,0.57,25.0,0.58,10.0,0.01,0.02,2325.328381,1776230780000
1776230782.376,82.376,0.48,17.76,0.47,25.0,0.49,65.0,0.5,6.66,0.51,65.0,0.5,6.66,0.52,17.76,0.53,25.0,0.01,0.01,2325.21596,1776230781000
1776230782.884,82.884,0.48,17.76,0.47,25.0,0.49,65.0,0.5,6.66,0.51,65.0,0.5,6.66,0.52,17.76,0.53,25.0,0.01,0.01,2325.210902,1776230782000
1776230783.761,83.761,0.51,47.65,0.48,10.0,0.52,10.0,0.53,15.0,0.51,65.0,0.5,6.66,0.52,17.76,0.53,25.0,0.01,0.01,2325.210902,1776230782000
1776230784.045,84.045,0.51,42.65,0.49,10.0,0.52,128.0,0.53,20.0,0.48,10.0,0.47,15.0,0.49,47.65,0.52,10.0,0.01,0.01,2325.210902,1776230782000
1776230784.501,84.501,0.51,33.16,0.5,10.0,0.52,60.0,0.53,20.0,0.48,35.0,0.47,20.0,0.49,38.16,0.5,10.0,0.01,0.01,2325.25815,1776230783000
1776230785.277,85.277,0.51,33.16,0.5,10.0,0.52,60.0,0.53,20.0,0.48,60.0,0.47,20.0,0.49,33.16,0.5,10.0,0.01,0.01,2325.2583,1776230784000
1776230785.84,85.84,0.51,88.16,0.5,15.0,0.54,20.0,0.55,20.0,0.48,60.0,0.47,20.0,0.49,33.16,0.5,10.0,0.03,0.01,2325.2583,1776230784000
1776230786.164,86.164,0.52,45.0,0.51,83.16,0.53,51.28,0.54,25.0,0.46,11.47,0.45,20.0,0.49,93.16,0.5,15.0,0.01,0.03,2325.2583,1776230784000
1776230786.523,86.523,0.52,50.0,0.51,78.16,0.53,8.04,0.54,25.0,0.47,8.04,0.46,25.0,0.48,50.0,0.49,78.16,0.01,0.01,2325.336502,1776230785000
1776230786.805,86.805,0.52,19.81,0.51,43.16,0.53,38.04,0.54,15.0,0.47,8.04,0.46,25.0,0.48,50.0,0.49,78.16,0.01,0.01,2325.336502,1776230785000
1776230787.037,87.037,0.51,23.56,0.5,10.0,0.53,38.04,0.54,15.0,0.47,38.04,0.46,15.0,0.49,23.56,0.5,10.0,0.02,0.02,2325.429118,1776230786000
1776230787.246,87.246,0.52,10.0,0.51,23.56,0.53,15.0,0.55,7.56,0.45,2.56,0.44,89.6,0.48,10.0,0.49,23.56,0.01,0.03,2325.429118,1776230786000
1776230788.15,88.15,0.52,4.47,0.51,23.56,0.53,15.0,0.54,5.0,0.47,15.0,0.45,7.56,0.48,10.0,0.49,23.56,0.01,0.01,2325.429118,1776230786000
1776230788.883,88.883,0.52,4.47,0.51,23.56,0.53,15.0,0.54,5.0,0.47,15.0,0.46,5.0,0.48,4.47,0.49,23.56,0.01,0.01,2325.464125,1776230787000
1776230789.356,89.356,0.51,19.97,0.5,10.0,0.53,40.0,0.54,15.0,0.47,15.0,0.46,15.0,0.48,7.38,0.49,23.56,0.02,0.01,2325.464125,1776230787000
1776230789.801,89.801,0.51,19.97,0.5,10.0,0.53,40.0,0.54,15.0,0.47,40.0,0.46,15.0,0.49,19.97,0.5,10.0,0.02,0.02,2325.524475,1776230788000
1776230790.327,90.327,0.51,19.97,0.5,10.0,0.53,40.0,0.54,15.0,0.47,40.0,0.46,15.0,0.49,19.97,0.5,10.0,0.02,0.02,2325.457057,1776230789000
1776230790.973,90.973,0.51,19.97,0.5,10.0,0.53,40.0,0.54,15.0,0.47,40.0,0.46,15.0,0.49,19.97,0.5,10.0,0.02,0.02,2325.407565,1776230790000
1776230791.334,91.334,0.48,15.0,0.47,20.0,0.5,15.9,0.51,20.0,0.49,50.0,0.48,25.0,0.52,15.0,0.53,15.0,0.02,0.03,2325.407565,1776230790000
1776230792.293,92.293,0.48,15.0,0.47,20.0,0.5,15.9,0.51,20.0,0.5,15.9,0.49,20.0,0.52,15.0,0.53,20.0,0.02,0.02,2325.408331,1776230791000
1776230792.931,92.931,0.48,15.0,0.47,20.0,0.5,15.9,0.51,20.0,0.5,15.9,0.49,20.0,0.52,15.0,0.53,20.0,0.02,0.02,2325.394558,1776230792000
1776230793.985,93.985,0.48,15.0,0.47,20.0,0.5,15.9,0.51,20.0,0.5,15.9,0.49,20.0,0.52,15.0,0.53,20.0,0.02,0.02,2325.393689,1776230793000
1776230795.401,95.401,0.48,15.0,0.47,20.0,0.5,15.9,0.51,20.0,0.5,15.9,0.49,20.0,0.52,15.0,0.53,20.0,0.02,0.02,2325.386109,1776230794000
1776230796.048,96.048,0.48,15.0,0.47,20.0,0.5,15.9,0.51,20.0,0.5,15.9,0.49,20.0,0.52,15.0,0.53,20.0,0.02,0.02,2325.384457,1776230795000
1776230796.324,96.324,0.54,20.0,0.53,20.0,0.55,11.47,0.56,65.0,0.5,15.9,0.49,20.0,0.52,15.0,0.53,20.0,0.01,0.02,2325.384457,1776230795000
1776230797.598,97.598,0.54,20.0,0.53,20.0,0.55,11.47,0.56,65.0,0.45,11.47,0.44,65.0,0.46,20.0,0.47,20.0,0.01,0.01,2325.483152,1776230796000
1776230798.101,98.101,0.54,20.0,0.53,20.0,0.55,11.47,0.56,65.0,0.45,11.47,0.44,65.0,0.46,20.0,0.47,20.0,0.01,0.01,2325.467773,1776230797000
1776230799.324,99.324,0.54,20.0,0.53,20.0,0.55,11.47,0.56,65.0,0.45,11.47,0.44,65.0,0.46,20.0,0.47,20.0,0.01,0.01,2325.4877,1776230798000
1776230799.604,99.604,0.48,5.0,0.47,5.0,0.55,146.47,0.56,70.0,0.45,11.47,0.44,65.0,0.46,20.0,0.47,20.0,0.07,0.01,2325.4877,1776230798000
1776230799.998,99.998,0.48,1.88,0.47,15.0,0.49,65.0,0.5,25.0,0.51,65.0,0.5,25.0,0.52,1.88,0.53,15.0,0.01,0.01,2325.48727,1776230799000
1776230801.269,101.269,0.48,1.88,0.47,15.0,0.49,65.0,0.5,25.0,0.51,65.0,0.5,25.0,0.52,1.88,0.53,15.0,0.01,0.01,2325.482465,1776230800000
1776230802.334,102.334,0.48,1.88,0.47,15.0,0.49,65.0,0.5,25.0,0.51,65.0,0.5,25.0,0.52,1.88,0.53,15.0,0.01,0.01,2325.32665,1776230801000
1776230802.787,102.787,0.44,3.19,0.43,15.0,0.45,90.0,0.46,60.0,0.51,65.0,0.5,25.0,0.52,1.88,0.53,15.0,0.01,0.01,2325.32665,1776230801000
1776230803.092,103.092,0.42,20.0,0.41,5.0,0.43,12.54,0.44,20.0,0.55,85.0,0.54,60.0,0.57,15.0,0.58,15.0,0.01,0.02,2325.32665,1776230801000
1776230803.334,103.334,0.42,5.0,0.41,15.0,0.43,82.54,0.44,25.0,0.57,12.54,0.56,20.0,0.58,20.0,0.59,5.0,0.01,0.01,2325.32665,1776230801000
1776230803.606,103.606,0.42,0.46,0.41,20.0,0.43,82.54,0.44,30.0,0.57,82.54,0.56,25.0,0.58,5.0,0.59,15.0,0.01,0.01,2325.296477,1776230802000
1776230804.026,104.026,0.42,0.46,0.41,20.0,0.43,72.54,0.44,30.0,0.57,72.54,0.56,30.0,0.58,0.46,0.59,20.0,0.01,0.01,2325.286305,1776230803000
1776230804.362,104.362,0.41,10.0,0.4,28.19,0.42,95.0,0.43,72.54,0.58,95.0,0.57,72.54,0.6,13.19,0.61,20.0,0.01,0.02,2325.286305,1776230803000
1776230805.171,105.171,0.41,10.0,0.4,28.19,0.42,95.0,0.43,72.54,0.58,95.0,0.57,72.54,0.59,10.0,0.6,28.19,0.01,0.01,2325.177043,1776230804000
1776230805.702,105.702,0.4,18.19,0.39,20.0,0.42,75.0,0.43,72.54,0.58,95.0,0.57,72.54,0.59,10.0,0.6,28.19,0.02,0.01,2325.177043,1776230804000
1776230806.344,106.344,0.4,18.19,0.39,20.0,0.42,75.0,0.43,72.54,0.58,75.0,0.57,72.54,0.6,18.19,0.61,20.0,0.02,0.02,2325.117258,1776230805000
1776230806.657,106.657,0.4,18.19,0.39,20.0,0.42,129.0,0.43,72.54,0.58,75.0,0.57,72.54,0.6,18.19,0.61,20.0,0.02,0.02,2325.117258,1776230805000
1776230806.94,106.94,0.4,18.19,0.39,20.0,0.42,129.0,0.43,72.54,0.58,129.0,0.57,72.54,0.6,18.19,0.61,20.0,0.02,0.02,2325.08762,1776230806000
1776230808.068,108.068,0.4,18.19,0.39,20.0,0.42,129.0,0.43,72.54,0.58,129.0,0.57,72.54,0.6,18.19,0.61,20.0,0.02,0.02,2325.020511,1776230807000
1776230809.823,109.823,0.42,40.0,0.41,47.0,0.44,5.0,0.45,5.0,0.56,5.0,0.55,5.0,0.58,40.0,0.59,47.0,0.02,0.02,2325.08561,1776230808000
1776230810.734,110.734,0.42,40.0,0.41,47.0,0.44,5.0,0.45,5.0,0.56,5.0,0.55,5.0,0.58,40.0,0.59,47.0,0.02,0.02,2325.109085,1776230809000
1776230810.954,110.954,0.43,13.26,0.42,25.0,0.44,79.0,0.45,25.0,0.56,89.0,0.55,25.0,0.57,13.26,0.58,25.0,0.01,0.01,2325.109085,1776230809000
1776230811.538,111.538,0.43,13.26,0.42,25.0,0.44,79.0,0.45,25.0,0.56,79.0,0.55,25.0,0.57,13.26,0.58,25.0,0.01,0.01,2325.14795,1776230810000
1776230812.067,112.067,0.43,13.26,0.42,25.0,0.44,79.0,0.45,25.0,0.56,79.0,0.55,25.0,0.57,13.26,0.58,25.0,0.01,0.01,2325.15755,1776230811000
1776230813.557,113.557,0.43,13.26,0.42,25.0,0.44,79.0,0.45,25.0,0.56,79.0,0.55,25.0,0.57,13.26,0.58,25.0,0.01,0.01,2325.1074,1776230812000
1776230814.294,114.294,0.43,13.26,0.42,25.0,0.44,79.0,0.45,25.0,0.56,79.0,0.55,25.0,0.57,13.26,0.58,25.0,0.01,0.01,2325.11265,1776230813000
1776230815.494,115.494,0.43,13.26,0.42,25.0,0.44,79.0,0.45,25.0,0.56,79.0,0.55,25.0,0.57,13.26,0.58,25.0,0.01,0.01,2325.074493,1776230814000
1776230816.131,116.131,0.43,13.26,0.42,25.0,0.44,79.0,0.45,25.0,0.56,79.0,0.55,25.0,0.57,13.26,0.58,25.0,0.01,0.01,2325.0439,1776230815000
1776230817.194,117.194,0.42,10.71,0.41,15.0,0.44,155.02,0.45,20.0,0.56,79.0,0.55,25.0,0.57,13.26,0.58,25.0,0.02,0.01,2325.0439,1776230815000
1776230817.588,117.588,0.42,10.71,0.41,15.0,0.44,155.02,0.45,20.0,0.56,155.02,0.55,20.0,0.58,10.71,0.59,15.0,0.02,0.02,2325.095515,1776230816000
1776230818.11,118.11,0.42,10.71,0.41,15.0,0.44,155.02,0.45,20.0,0.56,155.02,0.55,20.0,0.58,10.71,0.59,15.0,0.02,0.02,2325.14475,1776230817000
1776230819.37,119.37,0.42,10.71,0.41,15.0,0.44,155.02,0.45,20.0,0.56,155.02,0.55,20.0,0.58,10.71,0.59,15.0,0.02,0.02,2325.0951,1776230818000
1776230819.634,119.634,0.37,35.87,0.35,10.0,0.38,154.92,0.39,10.0,0.56,155.02,0.55,20.0,0.58,10.71,0.59,15.0,0.01,0.02,2325.0951,1776230818000
1776230819.883,119.883,0.17,25.5,0.16,166.8,0.23,95.0,0.24,10.0,0.73,10.0,0.7,10.0,0.78,9.09,0.8,10.0,0.06,0.05,2325.0951,1776230818000
1776230820.114,120.114,0.17,55.5,0.16,96.8,0.18,129.93,0.19,25.0,0.77,95.0,0.76,10.0,0.83,25.5,0.84,166.8,0.01,0.06,2325.074345,1776230819000
1776230820.386,120.386,0.16,83.11,0.15,75.2,0.17,15.0,0.18,56.24,0.82,115.24,0.81,20.0,0.83,30.31,0.84,146.8,0.01,0.01,2325.074345,1776230819000
1776230820.652,120.652,0.22,10.0,0.16,287.42,0.23,10.0,0.24,10.0,0.83,15.0,0.82,56.24,0.84,83.11,0.85,75.2,0.01,0.01,2325.074345,1776230819000
1776230820.928,120.928,0.21,74.73,0.2,70.0,0.22,10.0,0.23,10.0,0.77,10.0,0.76,10.0,0.84,318.7,0.85,101.2,0.01,0.07,2325.074345,1776230819000
1776230821.333,121.333,0.21,48.73,0.2,140.0,0.22,29.0,0.23,10.0,0.78,29.0,0.77,10.0,0.79,48.73,0.8,140.0,0.01,0.01,2324.699944,1776230820000
1776230821.963,121.963,0.21,48.73,0.2,140.0,0.22,29.0,0.23,10.0,0.78,29.0,0.77,10.0,0.79,48.73,0.8,140.0,0.01,0.01,2324.428719,1776230821000
1776230822.319,122.319,0.21,248.73,0.2,345.0,0.22,31.0,0.23,10.0,0.78,29.0,0.77,10.0,0.79,48.73,0.8,140.0,0.01,0.01,2324.428719,1776230821000
1776230823.144,123.144,0.21,245.73,0.2,345.0,0.22,15.0,0.23,7.62,0.77,7.62,0.76,10.0,0.79,183.73,0.8,345.0,0.01,0.02,2324.428719,1776230821000
1776230823.424,123.424,0.21,285.73,0.2,345.0,0.22,2.27,0.23,15.0,0.78,15.0,0.77,7.62,0.79,245.73,0.8,345.0,0.01,0.01,2323.61804,1776230822000
1776230823.651,123.651,0.21,260.73,0.2,345.0,0.23,6.6,0.24,10.0,0.78,2.27,0.77,15.0,0.79,285.73,0.8,345.0,0.02,0.01,2323.61804,1776230822000
1776230824.318,124.318,0.22,20.0,0.21,364.16,0.24,5.0,0.25,5.0,0.78,15.0,0.77,11.6,0.79,347.76,0.8,345.0,0.02,0.01,2323.61804,1776230822000
1776230824.699,124.699,0.23,287.0,0.22,150.0,0.24,15.0,0.25,5.0,0.76,5.0,0.75,5.0,0.78,20.0,0.79,364.16,0.01,0.02,2323.798555,1776230823000
1776230825.128,125.128,0.36,5.0,0.35,10.0,0.37,46.28,0.38,80.0,0.72,6.51,0.71,10.0,0.75,10.0,0.77,287.0,0.01,0.03,2323.798555,1776230823000
1776230825.35,125.35,0.33,5.0,0.32,15.0,0.37,29.65,0.38,80.0,0.63,29.65,0.62,80.0,0.64,5.0,0.65,10.0,0.04,0.01,2323.764275,1776230824000
1776230825.615,125.615,0.31,70.0,0.3,10.0,0.32,23.0,0.33,10.0,0.63,29.65,0.62,80.0,0.67,5.0,0.68,15.0,0.01,0.04,2323.764275,1776230824000
1776230825.945,125.945,0.31,68.55,0.29,12.0,0.32,33.0,0.33,20.0,0.68,23.0,0.67,15.0,0.69,65.0,0.7,10.0,0.01,0.01,2323.764275,1776230824000
1776230826.691,126.691,0.31,189.85,0.3,135.0,0.32,43.0,0.33,20.0,0.68,33.0,0.67,20.0,0.69,164.85,0.7,100.0,0.01,0.01,2323.764275,1776230824000
1776230826.983,126.983,0.31,189.85,0.3,135.0,0.32,43.0,0.33,20.0,0.68,43.0,0.67,20.0,0.69,189.85,0.7,135.0,0.01,0.01,2323.990626,1776230825000
1776230827.462,127.462,0.31,189.85,0.3,135.0,0.32,43.0,0.33,20.0,0.68,43.0,0.67,20.0,0.69,189.85,0.7,135.0,0.01,0.01,2324.283108,1776230826000
1776230827.941,127.941,0.31,189.85,0.3,135.0,0.32,43.0,0.33,20.0,0.68,43.0,0.67,20.0,0.69,189.85,0.7,135.0,0.01,0.01,2324.249465,1776230827000
1776230828.495,128.495,0.31,189.85,0.3,135.0,0.32,40.62,0.33,20.0,0.68,46.87,0.67,20.0,0.69,184.85,0.7,135.0,0.01,0.01,2324.249465,1776230827000
1776230828.925,128.925,0.31,184.85,0.3,125.0,0.33,20.0,0.34,10.0,0.67,20.0,0.66,10.0,0.69,184.85,0.7,125.0,0.02,0.02,2324.220438,1776230828000
1776230829.266,129.266,0.31,160.0,0.3,135.0,0.34,10.0,0.35,10.0,0.67,20.0,0.66,10.0,0.69,184.85,0.7,125.0,0.03,0.02,2324.220438,1776230828000
1776230829.937,129.937,0.31,160.0,0.3,135.0,0.36,10.0,0.37,30.65,0.66,10.0,0.65,10.0,0.69,160.0,0.7,135.0,0.05,0.03,2324.220438,1776230828000
1776230830.919,130.919,0.31,165.0,0.3,135.0,0.37,30.65,0.38,80.0,0.63,30.65,0.62,80.0,0.69,165.0,0.7,135.0,0.06,0.06,2324.269706,1776230830000
1776230831.187,131.187,0.32,25.91,0.31,40.0,0.34,58.0,0.35,85.0,0.66,95.0,0.65,75.0,0.68,25.91,0.69,35.0,0.02,0.02,2324.269706,1776230830000
1776230831.657,131.657,0.33,28.0,0.32,25.91,0.34,25.0,0.35,10.0,0.66,58.0,0.65,85.0,0.68,25.91,0.69,40.0,0.01,0.02,2324.269706,1776230830000
1776230831.942,131.942,0.33,44.0,0.32,25.91,0.35,10.0,0.36,10.0,0.65,10.0,0.64,10.0,0.67,44.0,0.68,25.91,0.02,0.02,2324.29225,1776230831000
1776230832.27,132.27,0.33,5.0,0.32,30.91,0.34,15.0,0.35,102.69,0.65,10.0,0.64,10.0,0.67,44.0,0.68,25.91,0.01,0.02,2324.29225,1776230831000
1776230832.968,132.968,0.34,15.0,0.33,15.0,0.35,55.69,0.36,5.0,0.66,15.0,0.65,102.69,0.67,5.0,0.68,30.91,0.01,0.01,2324.29225,1776230831000
1776230833.495,133.495,0.34,20.0,0.33,50.0,0.35,6.09,0.36,5.0,0.65,55.69,0.64,5.0,0.66,15.0,0.67,15.0,0.01,0.01,2324.256565,1776230832000
1776230833.896,133.896,0.34,22.77,0.33,50.0,0.35,10.4,0.36,5.0,0.65,10.4,0.64,5.0,0.66,22.77,0.67,50.0,0.01,0.01,2324.265765,1776230833000
1776230834.256,134.256,0.33,76.55,0.32,35.91,0.35,30.4,0.36,20.0,0.65,25.4,0.64,20.0,0.67,46.55,0.68,30.91,0.02,0.02,2324.265765,1776230833000
1776230834.483,134.483,0.33,39.72,0.32,35.0,0.34,26.13,0.35,30.4,0.65,30.4,0.64,20.0,0.67,76.55,0.68,35.91,0.01,0.02,2324.265765,1776230833000
1776230834.921,134.921,0.3,33.81,0.29,95.0,0.31,25.0,0.32,26.0,0.66,26.13,0.65,30.4,0.67,39.72,0.68,35.0,0.01,0.01,2324.265765,1776230833000
1776230835.408,135.408,0.26,24.9,0.25,25.0,0.27,15.0,0.28,10.0,0.69,25.0,0.68,26.0,0.7,30.19,0.71,95.0,0.01,0.01,2324.387974,1776230834000
1776230835.99,135.99,0.26,19.38,0.25,25.0,0.27,15.0,0.28,10.0,0.73,15.0,0.72,10.0,0.74,19.38,0.75,25.0,0.01,0.01,2324.412545,1776230835000
1776230836.38,136.38,0.25,28.87,0.24,105.0,0.26,5.0,0.27,10.0,0.73,15.0,0.72,10.0,0.74,19.38,0.75,25.0,0.01,0.01,2324.412545,1776230835000
1776230837.021,137.021,0.25,28.87,0.24,105.0,0.26,5.0,0.27,10.0,0.74,5.0,0.73,10.0,0.75,28.87,0.76,105.0,0.01,0.01,2324.155998,1776230836000
1776230837.239,137.239,0.22,67.51,0.21,25.0,0.23,15.0,0.24,15.0,0.77,15.0,0.76,15.0,0.78,65.14,0.79,25.0,0.01,0.01,2324.155998,1776230836000
1776230837.657,137.657,0.22,59.42,0.21,35.0,0.23,15.0,0.24,15.0,0.77,15.0,0.76,15.0,0.78,67.51,0.79,25.0,0.01,0.01,2324.155998,1776230836000
1776230838.001,138.001,0.22,59.42,0.21,35.0,0.23,15.0,0.24,15.0,0.77,15.0,0.76,15.0,0.78,59.42,0.79,35.0,0.01,0.01,2323.970554,1776230837000
1776230838.576,138.576,0.22,11.8,0.21,40.0,0.23,20.0,0.24,15.0,0.77,30.0,0.76,20.0,0.79,35.0,0.8,105.0,0.01,0.02,2323.970554,1776230837000
1776230838.781,138.781,0.22,13.71,0.21,35.0,0.23,20.0,0.24,25.0,0.77,20.0,0.76,15.0,0.78,11.8,0.79,40.0,0.01,0.01,2323.970554,1776230837000
1776230839.298,139.298,0.22,10.0,0.21,35.0,0.24,7.77,0.25,15.0,0.76,7.77,0.75,15.0,0.78,10.0,0.79,35.0,0.02,0.02,2323.84195,1776230838000
1776230839.975,139.975,0.21,20.0,0.2,110.0,0.22,11.0,0.23,16.0,0.78,21.0,0.77,16.0,0.79,7.0,0.8,110.0,0.01,0.01,2323.84195,1776230838000
1776230840.297,140.297,0.21,20.0,0.2,110.0,0.22,11.0,0.23,16.0,0.78,11.0,0.77,16.0,0.79,20.0,0.8,110.0,0.01,0.01,2323.794233,1776230839000
1776230840.824,140.824,0.24,15.0,0.23,20.0,0.25,24.84,0.26,20.0,0.75,10.72,0.74,15.0,0.78,50.0,0.79,52.0,0.01,0.03,2323.794233,1776230839000
1776230841.754,141.754,0.24,30.0,0.23,120.0,0.25,7.0,0.27,5.0,0.75,24.84,0.74,20.0,0.76,15.0,0.77,20.0,0.01,0.01,2323.794233,1776230839000
1776230842.338,142.338,0.25,6.0,0.24,35.0,0.28,4.9,0.29,15.0,0.72,4.9,0.71,15.0,0.75,6.0,0.76,35.0,0.03,0.03,2323.783428,1776230841000
1776230842.908,142.908,0.21,40.0,0.2,115.0,0.24,51.0,0.25,34.0,0.72,4.9,0.71,15.0,0.75,6.0,0.76,35.0,0.03,0.03,2323.783428,1776230841000
1776230843.347,143.347,0.21,40.0,0.2,115.05,0.22,41.0,0.23,17.95,0.77,1.95,0.76,46.0,0.79,40.0,0.8,115.0,0.01,0.02,2323.783428,1776230841000
1776230843.65,143.65,0.21,40.0,0.2,115.05,0.22,41.0,0.23,17.95,0.78,41.0,0.77,17.95,0.79,40.0,0.8,115.05,0.01,0.01,2323.793134,1776230842000
1776230843.942,143.942,0.21,18.73,0.2,115.05,0.22,40.89,0.23,17.95,0.78,40.89,0.77,17.95,0.79,20.0,0.8,115.05,0.01,0.01,2323.793134,1776230842000
1776230844.28,144.28,0.21,18.73,0.2,115.05,0.22,40.89,0.23,17.95,0.78,40.89,0.77,17.95,0.79,18.73,0.8,115.05,0.01,0.01,2323.910332,1776230843000
1776230844.651,144.651,0.21,8.5,0.2,115.05,0.22,11.0,0.23,6.0,0.78,40.89,0.77,17.95,0.79,18.73,0.8,115.05,0.01,0.01,2323.910332,1776230843000
1776230844.969,144.969,0.12,470.09,0.11,15.0,0.19,43.0,0.2,40.0,0.78,11.0,0.77,6.0,0.79,8.5,0.8,115.05,0.07,0.01,2323.910332,1776230843000
1776230845.518,145.518,0.12,425.99,0.1,180.0,0.13,29.0,0.14,21.0,0.86,26.0,0.85,21.0,0.88,436.99,0.89,15.0,0.01,0.02,2323.829535,1776230844000
1776230845.725,145.725,0.12,337.99,0.11,15.0,0.13,1.0,0.14,15.0,0.87,1.0,0.86,15.0,0.88,412.99,0.89,15.0,0.01,0.01,2323.829535,1776230844000
1776230846.005,146.005,0.12,350.49,0.11,40.0,0.14,15.0,0.15,15.0,0.87,5.0,0.86,15.0,0.88,317.76,0.89,15.0,0.02,0.01,2323.829535,1776230844000
1776230846.216,146.216,0.13,10.0,0.12,343.49,0.16,32.56,0.17,33.0,0.86,15.0,0.85,15.0,0.88,348.49,0.89,40.0,0.03,0.02,2323.829535,1776230844000
1776230846.446,146.446,0.13,20.0,0.12,328.49,0.15,3.0,0.16,32.56,0.86,5.0,0.85,10.0,0.87,15.0,0.88,328.49,0.02,0.01,2323.829535,1776230844000
1776230846.69,146.69,0.14,12.21,0.13,27.76,0.15,10.0,0.16,32.56,0.85,10.0,0.84,32.56,0.86,12.21,0.87,27.76,0.01,0.01,2323.731512,1776230845000
1776230847.249,147.249,0.14,26.21,0.13,22.76,0.15,15.0,0.16,32.56,0.84,32.56,0.83,33.0,0.87,26.15,0.88,320.08,0.01,0.03,2323.731512,1776230845000
1776230847.559,147.559,0.14,13.42,0.13,15.0,0.15,20.0,0.16,37.56,0.85,15.0,0.84,32.56,0.86,26.21,0.87,22.76,0.01,0.01,2322.9198,1776230846000
1776230847.892,147.892,0.13,22.76,0.12,320.08,0.15,20.0,0.16,37.56,0.85,20.0,0.84,37.56,0.86,13.42,0.87,15.0,0.02,0.01,2322.9198,1776230846000
1776230848.108,148.108,0.13,22.76,0.12,320.08,0.15,20.0,0.16,37.56,0.85,20.0,0.84,37.56,0.87,22.76,0.88,320.08,0.02,0.02,2322.68304,1776230847000
1776230848.483,148.483,0.13,7.64,0.12,320.08,0.15,30.0,0.16,37.56,0.85,30.0,0.84,37.56,0.87,12.64,0.88,320.08,0.02,0.02,2322.68304,1776230847000
1776230849.633,149.633,0.13,7.64,0.12,320.08,0.15,30.0,0.16,37.56,0.85,30.0,0.84,37.56,0.87,7.64,0.88,320.08,0.02,0.02,2322.7573,1776230848000
1776230850.223,150.223,0.12,276.4,0.11,40.0,0.13,72.0,0.14,26.0,0.87,72.0,0.86,26.0,0.88,276.4,0.89,40.0,0.01,0.01,2322.826609,1776230849000
1776230851.027,151.027,0.13,9.71,0.12,324.81,0.14,15.0,0.15,10.0,0.86,20.0,0.85,15.0,0.88,329.81,0.89,40.0,0.01,0.02,2322.826609,1776230849000
1776230851.407,151.407,0.12,260.4,0.09,5.0,0.14,80.0,0.15,79.88,0.85,9.88,0.84,32.56,0.87,30.0,0.88,324.81,0.02,0.02,2322.826609,1776230849000
1776230851.623,151.623,0.08,219.16,0.07,15.0,0.1,15.0,0.11,32.05,0.9,10.0,0.89,32.05,0.92,265.0,0.93,15.0,0.02,0.02,2322.826609,1776230849000
1776230852.082,152.082,0.08,246.78,0.07,15.0,0.09,48.55,0.1,21.0,0.91,98.55,0.9,11.0,0.92,241.78,0.93,15.0,0.01,0.01,2322.69994,1776230850000
1776230852.351,152.351,0.08,241.78,0.07,15.0,0.09,7.55,0.1,21.0,0.91,7.55,0.9,21.0,0.92,241.78,0.93,15.0,0.01,0.01,2322.69994,1776230851000
1776230852.651,152.651,0.08,241.78,0.07,15.0,0.09,4.97,0.1,31.0,0.91,7.55,0.9,21.0,0.92,241.78,0.93,15.0,0.01,0.01,2322.69994,1776230851000
1776230853.022,153.022,0.08,217.62,0.07,5.0,0.09,25.97,0.1,31.0,0.91,4.97,0.9,31.0,0.92,241.78,0.93,15.0,0.01,0.01,2322.69994,1776230851000
1776230853.249,153.249,0.08,193.14,0.07,5.0,0.09,15.97,0.1,31.0,0.91,15.97,0.9,31.0,0.92,217.52,0.93,5.0,0.01,0.01,2322.69994,1776230851000
1776230853.48,153.48,0.08,180.52,0.07,5.0,0.1,59.81,0.11,92.05,0.9,26.01,0.89,112.05,0.92,180.52,0.93,5.0,0.02,0.02,2322.69994,1776230851000
1776230853.719,153.719,0.08,175.52,0.07,15.0,0.09,27.95,0.1,45.81,0.9,59.81,0.89,92.05,0.92,175.52,0.93,5.0,0.01,0.02,2322.69994,1776230851000
1776230854.129,154.129,0.07,9.78,0.06,7.0,0.08,27.6,0.09,20.7,0.92,17.6,0.91,15.7,0.94,7.0,0.95,55.0,0.01,0.02,2322.263552,1776230852000
1776230854.425,154.425,0.06,2.58,0.05,55.0,0.08,36.43,0.09,20.7,0.92,36.43,0.91,20.7,0.94,2.58,0.95,55.0,0.02,0.02,2322.210862,1776230853000
1776230855.004,155.004,0.06,2.58,0.05,55.0,0.08,36.43,0.09,20.7,0.92,36.43,0.91,20.7,0.94,2.58,0.95,55.0,0.02,0.02,2321.822195,1776230854000
1776230855.236,155.236,0.07,15.0,0.06,29.41,0.09,4.33,0.1,14.87,0.92,13.0,0.91,15.0,0.93,15.0,0.94,29.41,0.02,0.01,2321.822195,1776230854000
1776230855.436,155.436,0.06,18.69,0.05,55.0,0.09,24.33,0.1,14.87,0.91,24.33,0.9,14.87,0.94,18.69,0.95,55.0,0.03,0.03,2321.822195,1776230854000
1776230855.655,155.655,0.07,15.46,0.06,51.83,0.08,20.0,0.09,24.33,0.92,10.0,0.91,24.33,0.93,21.22,0.94,51.83,0.01,0.01,2321.822195,1776230854000
1776230856.251,156.251,0.05,138.64,0.04,253.8,0.07,26.0,0.08,105.0,0.92,20.0,0.91,24.33,0.93,15.46,0.94,51.83,0.02,0.01,2321.822195,1776230854000
1776230856.6,156.6,0.05,138.64,0.04,253.8,0.07,26.0,0.08,105.0,0.93,26.0,0.92,105.0,0.95,138.64,0.96,253.8,0.02,0.02,2321.566912,1776230855000
1776230856.911,156.911,0.04,274.31,0.03,475.63,0.06,21.0,0.07,148.94,0.93,26.0,0.92,105.0,0.95,138.64,0.96,253.8,0.02,0.02,2321.566912,1776230855000
1776230857.156,157.156,0.04,274.31,0.03,475.63,0.06,21.0,0.07,148.94,0.94,21.0,0.93,148.94,0.96,274.31,0.97,475.63,0.02,0.02,2321.6965,1776230856000
1776230857.388,157.388,0.04,274.31,0.03,450.63,0.07,4.58,0.08,83.06,0.93,68.28,0.92,78.06,0.96,299.56,0.97,475.63,0.03,0.03,2321.6965,1776230856000
1776230857.895,157.895,0.06,13.93,0.05,10.0,0.07,63.28,0.08,71.0,0.93,57.86,0.92,77.0,0.94,8.93,0.95,10.0,0.01,0.01,2321.6965,1776230856000
1776230859.047,159.047,0.06,13.93,0.05,10.0,0.07,63.28,0.08,71.0,0.93,63.28,0.92,71.0,0.94,13.93,0.95,10.0,0.01,0.01,2321.58847,1776230857000
1776230859.485,159.485,0.06,25.49,0.05,15.0,0.07,70.3,0.08,94.9,0.93,63.28,0.92,71.0,0.94,13.93,0.95,10.0,0.01,0.01,2321.58847,1776230857000
1776230860.061,160.061,0.06,25.49,0.05,15.0,0.07,70.3,0.08,94.9,0.93,70.3,0.92,94.9,0.94,25.49,0.95,15.0,0.01,0.01,2321.380292,1776230859000
1776230860.324,160.324,0.06,80.49,0.05,40.0,0.09,35.0,0.1,55.0,0.93,70.3,0.92,94.9,0.94,25.49,0.95,15.0,0.03,0.01,2321.380292,1776230859000
1776230860.788,160.788,0.07,16.16,0.06,63.66,0.08,21.0,0.09,149.28,0.91,32.0,0.9,55.0,0.93,38.0,0.94,85.49,0.01,0.02,2321.380292,1776230859000
1776230861.021,161.021,0.06,202.29,0.05,40.0,0.08,11.0,0.09,149.28,0.92,21.0,0.91,149.28,0.93,16.16,0.94,63.66,0.02,0.01,2321.371726,1776230860000
1776230861.521,161.521,0.08,32.36,0.07,35.0,0.09,134.28,0.1,55.0,0.92,11.0,0.91,149.28,0.94,202.29,0.95,40.0,0.01,0.02,2321.371726,1776230860000
1776230861.837,161.837,0.08,28.81,0.07,40.0,0.09,136.28,0.1,55.0,0.91,134.28,0.9,55.0,0.92,27.01,0.93,40.0,0.01,0.01,2321.371726,1776230860000
1776230862.979,162.979,0.07,0.64,0.06,80.49,0.09,136.28,0.1,61.06,0.91,136.28,0.9,61.06,0.93,0.64,0.94,80.49,0.02,0.02,2321.787571,1776230862000
1776230863.396,163.396,0.06,80.49,0.05,40.0,0.08,9.25,0.09,92.0,0.91,136.28,0.9,61.06,0.93,0.64,0.94,80.49,0.02,0.02,2321.787571,1776230862000
1776230863.677,163.677,0.07,10.0,0.06,80.49,0.09,50.21,0.1,55.0,0.91,66.88,0.9,55.0,0.93,10.0,0.94,80.49,0.02,0.02,2321.787571,1776230862000
1776230863.91,163.91,0.07,10.0,0.06,80.49,0.09,50.21,0.1,55.0,0.91,50.21,0.9,55.0,0.93,10.0,0.94,80.49,0.02,0.02,2321.848261,1776230863000
1776230864.307,164.307,0.07,15.0,0.06,80.49,0.09,41.32,0.1,55.0,0.91,50.21,0.9,55.0,0.93,10.0,0.94,80.49,0.02,0.02,2321.848261,1776230863000
1776230864.982,164.982,0.07,15.0,0.06,80.49,0.09,41.32,0.1,55.0,0.91,41.32,0.9,55.0,0.93,15.0,0.94,80.49,0.02,0.02,2321.856005,1776230864000
1776230865.949,165.949,0.07,15.0,0.06,80.49,0.09,41.32,0.1,55.0,0.91,41.32,0.9,55.0,0.93,15.0,0.94,80.49,0.02,0.02,2321.84958,1776230865000
1776230867.568,167.568,0.07,15.0,0.06,80.49,0.09,41.32,0.1,55.0,0.91,41.32,0.9,55.0,0.93,15.0,0.94,80.49,0.02,0.02,2321.828248,1776230866000
1776230868.001,168.001,0.07,13.38,0.06,63.66,0.08,93.27,0.09,20.32,0.91,41.32,0.9,55.0,0.93,15.0,0.94,80.49,0.01,0.02,2321.828248,1776230866000
1776230869.266,169.266,0.07,13.38,0.06,63.66,0.08,93.27,0.09,20.32,0.92,93.27,0.91,20.32,0.93,13.38,0.94,63.66,0.01,0.01,2321.868497,1776230868000
1776230870.379,170.379,0.07,11.76,0.06,63.66,0.08,59.73,0.09,20.32,0.92,59.73,0.91,20.32,0.93,11.76,0.94,63.66,0.01,0.01,2321.884875,1776230869000
1776230870.664,170.664,0.07,56.18,0.06,63.66,0.08,47.61,0.09,20.32,0.92,59.73,0.91,20.32,0.93,11.76,0.94,63.66,0.01,0.01,2321.884875,1776230869000
1776230870.89,170.89,0.07,48.65,0.06,63.66,0.08,42.61,0.09,20.32,0.92,42.61,0.91,20.32,0.93,48.65,0.94,63.66,0.01,0.01,2321.891065,1776230870000
1776230871.679,171.679,0.08,69.76,0.07,49.42,0.09,54.58,0.1,45.0,0.92,47.61,0.91,69.58,0.93,41.43,0.94,63.66,0.01,0.01,2321.891065,1776230870000
1776230871.953,171.953,0.08,69.76,0.07,49.42,0.09,54.58,0.1,45.0,0.91,54.58,0.9,45.0,0.92,69.76,0.93,49.42,0.01,0.01,2321.922873,1776230871000
1776230873.087,173.087,0.08,67.47,0.07,49.42,0.09,59.58,0.1,55.0,0.91,59.58,0.9,55.0,0.92,67.47,0.93,49.42,0.01,0.01,2322.0244,1776230872000
1776230874.163,174.163,0.08,67.47,0.07,49.42,0.09,59.58,0.1,55.0,0.91,59.58,0.9,55.0,0.92,67.47,0.93,49.42,0.01,0.01,2322.122618,1776230873000
1776230874.764,174.764,0.08,69.76,0.07,54.42,0.09,33.58,0.1,55.0,0.91,59.58,0.9,55.0,0.92,67.47,0.93,49.42,0.01,0.01,2322.122618,1776230873000
1776230875.015,175.015,0.08,69.76,0.07,54.42,0.09,33.58,0.1,55.0,0.91,33.58,0.9,55.0,0.92,69.76,0.93,54.42,0.01,0.01,2322.139623,1776230874000
1776230875.982,175.982,0.08,69.76,0.07,54.42,0.09,33.58,0.1,55.0,0.91,33.58,0.9,55.0,0.92,69.76,0.93,54.42,0.01,0.01,2322.128,1776230875000
1776230876.516,176.516,0.08,61.16,0.07,54.42,0.09,0.36,0.1,5.0,0.91,72.67,0.9,5.0,0.92,61.16,0.93,54.42,0.01,0.01,2322.128,1776230875000
1776230876.939,176.939,0.08,61.16,0.07,54.42,0.09,0.36,0.1,5.0,0.91,0.36,0.9,5.0,0.92,61.16,0.93,54.42,0.01,0.01,2322.232145,1776230876000
1776230877.738,177.738,0.08,46.53,0.07,40.0,0.09,20.37,0.1,60.35,0.91,0.36,0.9,5.0,0.92,61.16,0.93,54.42,0.01,0.01,2322.232145,1776230876000
1776230878.372,178.372,0.08,51.53,0.07,40.0,0.09,14.95,0.1,60.35,0.91,20.37,0.9,60.35,0.92,46.53,0.93,40.0,0.01,0.01,2322.404,1776230877000
1776230878.914,178.914,0.08,41.53,0.07,40.0,0.09,14.95,0.1,60.35,0.91,14.95,0.9,60.35,0.92,41.53,0.93,40.0,0.01,0.01,2322.311871,1776230878000
1776230880.014,180.014,0.08,7.05,0.07,40.0,0.09,65.47,0.1,15.0,0.91,65.47,0.9,15.0,0.92,7.05,0.93,40.0,0.01,0.01,2322.404723,1776230879000
1776230880.614,180.614,0.08,13.8,0.07,15.0,0.09,55.53,0.1,5.0,0.91,65.47,0.9,15.0,0.92,7.05,0.93,40.0,0.01,0.01,2322.404723,1776230879000
1776230880.976,180.976,0.08,13.8,0.07,15.0,0.09,55.53,0.1,5.0,0.91,55.53,0.9,5.0,0.92,13.8,0.93,15.0,0.01,0.01,2322.467299,1776230880000
1776230881.354,181.354,0.08,4.56,0.07,15.0,0.09,60.53,0.1,10.0,0.91,55.53,0.9,10.0,0.92,11.18,0.93,15.0,0.01,0.01,2322.467299,1776230880000
1776230881.984,181.984,0.08,2.56,0.07,15.0,0.09,60.53,0.1,10.0,0.91,60.53,0.9,10.0,0.92,2.56,0.93,15.0,0.01,0.01,2322.581892,1776230881000
1776230882.874,182.874,0.08,4.62,0.07,29.42,0.09,55.53,0.1,10.0,0.91,60.53,0.9,10.0,0.92,2.56,0.93,15.0,0.01,0.01,2322.581892,1776230881000
1776230884.059,184.059,0.08,4.62,0.07,29.42,0.09,55.53,0.1,10.0,0.91,55.53,0.9,10.0,0.92,4.62,0.93,29.42,0.01,0.01,2322.60306,1776230883000
1776230884.755,184.755,0.08,5.0,0.07,19.42,0.09,12.78,0.1,53.89,0.91,55.53,0.9,10.0,0.92,4.62,0.93,29.42,0.01,0.01,2322.60306,1776230883000
1776230885.116,185.116,0.07,10.0,0.06,38.66,0.08,67.88,0.09,27.78,0.92,67.88,0.91,27.78,0.93,10.0,0.94,38.66,0.01,0.01,2322.728515,1776230884000
1776230886.165,186.165,0.07,10.0,0.06,38.66,0.08,67.88,0.09,27.78,0.92,67.88,0.91,27.78,0.93,10.0,0.94,38.66,0.01,0.01,2322.72455,1776230885000
1776230887.133,187.133,0.07,15.0,0.06,38.66,0.08,4.38,0.09,17.78,0.92,67.88,0.91,27.78,0.93,10.0,0.94,38.66,0.01,0.01,2322.72455,1776230885000
1776230887.456,187.456,0.07,15.0,0.06,38.66,0.08,4.38,0.09,17.78,0.92,4.38,0.91,17.78,0.93,15.0,0.94,38.66,0.01,0.01,2322.518256,1776230886000
1776230887.73,187.73,0.07,9.62,0.06,38.66,0.08,4.38,0.09,17.78,0.92,4.38,0.91,17.78,0.93,15.0,0.94,38.66,0.01,0.01,2322.518256,1776230886000
1776230888.017,188.017,0.07,9.62,0.06,38.66,0.08,4.38,0.09,17.78,0.92,4.38,0.91,17.78,0.93,9.62,0.94,38.66,0.01,0.01,2322.508586,1776230887000
1776230889.341,189.341,0.07,9.62,0.06,38.66,0.08,4.38,0.09,17.78,0.92,4.38,0.91,17.78,0.93,9.62,0.94,38.66,0.01,0.01,2322.503585,1776230888000
1776230890.64,190.64,0.07,9.62,0.06,38.66,0.08,4.38,0.09,17.78,0.92,4.38,0.91,17.78,0.93,9.62,0.94,38.66,0.01,0.01,2322.49265,1776230889000
1776230891.24,191.24,0.07,9.62,0.06,38.66,0.08,4.38,0.09,17.78,0.92,4.38,0.91,17.78,0.93,9.62,0.94,38.66,0.01,0.01,2322.549089,1776230890000
1776230892.434,192.434,0.07,9.62,0.06,38.66,0.08,4.38,0.09,17.78,0.92,4.38,0.91,17.78,0.93,9.62,0.94,38.66,0.01,0.01,2322.536297,1776230891000
1776230893.062,193.062,0.07,9.62,0.06,38.66,0.08,4.38,0.09,17.78,0.92,4.38,0.91,17.78,0.93,9.62,0.94,38.66,0.01,0.01,2322.664555,1776230892000
1776230894.199,194.199,0.07,9.62,0.06,38.66,0.08,4.38,0.09,17.78,0.92,4.38,0.91,17.78,0.93,9.62,0.94,38.66,0.01,0.01,2322.645242,1776230893000
1776230894.574,194.574,0.06,38.08,0.05,276.64,0.08,44.17,0.09,17.78,0.92,4.38,0.91,17.78,0.93,9.62,0.94,38.66,0.02,0.01,2322.645242,1776230893000
1776230895.506,195.506,0.06,38.08,0.05,276.64,0.08,44.17,0.09,17.78,0.92,44.17,0.91,17.78,0.94,38.08,0.95,276.64,0.02,0.02,2322.645242,1776230894000
1776230896.058,196.058,0.07,15.0,0.06,54.91,0.09,7.78,0.1,10.0,0.91,7.78,0.9,10.0,0.93,15.0,0.94,54.91,0.02,0.02,2322.564603,1776230895000
1776230896.516,196.516,0.09,10.43,0.08,15.0,0.1,67.97,0.11,37.05,0.9,62.97,0.89,73.84,0.91,23.22,0.92,15.0,0.01,0.01,2322.564603,1776230895000
1776230896.954,196.954,0.09,13.72,0.08,15.0,0.1,72.97,0.11,73.84,0.9,67.97,0.89,37.05,0.91,10.43,0.92,15.0,0.01,0.01,2322.564603,1776230895000
1776230897.167,197.167,0.08,13.34,0.07,15.0,0.1,72.97,0.11,73.84,0.9,72.97,0.89,73.84,0.91,13.72,0.92,15.0,0.02,0.01,2322.611133,1776230896000
1776230897.835,197.835,0.09,9.89,0.08,13.34,0.1,72.97,0.11,73.84,0.9,72.97,0.89,73.84,0.92,13.34,0.93,15.0,0.01,0.02,2322.611133,1776230896000
1776230898.525,198.525,0.09,9.89,0.08,13.34,0.1,72.97,0.11,73.84,0.9,72.97,0.89,73.84,0.91,9.89,0.92,13.34,0.01,0.01,2322.78099,1776230897000
1776230899.109,199.109,0.09,9.89,0.08,13.34,0.1,72.97,0.11,73.84,0.9,72.97,0.89,73.84,0.91,9.89,0.92,13.34,0.01,0.01,2322.86715,1776230898000
1776230900.284,200.284,0.09,9.89,0.08,13.34,0.1,72.97,0.11,73.84,0.9,72.97,0.89,73.84,0.91,9.89,0.92,13.34,0.01,0.01,2322.86715,1776230899000
1776230900.488,200.488,0.06,40.0,0.05,25.0,0.07,32.54,0.08,160.95,0.92,165.95,0.91,97.0,0.93,5.46,0.94,40.0,0.01,0.01,2322.86715,1776230899000
1776230901.034,201.034,0.06,56.83,0.05,25.0,0.07,60.25,0.08,165.95,0.93,32.54,0.92,160.95,0.94,40.0,0.95,25.0,0.01,0.01,2322.86715,1776230899000
1776230901.794,201.794,0.06,56.83,0.05,25.0,0.07,60.25,0.08,165.95,0.93,60.25,0.92,165.95,0.94,56.83,0.95,25.0,0.01,0.01,2322.839745,1776230900000
1776230902.386,202.386,0.06,56.83,0.05,25.0,0.07,60.25,0.08,165.95,0.93,60.25,0.92,165.95,0.94,56.83,0.95,25.0,0.01,0.01,2322.805365,1776230901000
1776230902.968,202.968,0.06,56.83,0.05,25.0,0.07,60.25,0.08,165.95,0.93,60.25,0.92,165.95,0.94,56.83,0.95,25.0,0.01,0.01,2322.656531,1776230902000
1776230903.343,203.343,0.04,15.0,0.03,301.0,0.07,125.25,0.08,256.0,0.93,60.25,0.92,165.95,0.94,56.83,0.95,25.0,0.03,0.01,2322.656531,1776230902000
1776230903.778,203.778,0.03,324.24,0.02,606.0,0.04,147.84,0.05,46.0,0.96,15.0,0.95,51.0,0.97,290.58,0.98,606.0,0.01,0.01,2322.656531,1776230902000
1776230904.001,204.001,0.03,319.24,0.02,606.0,0.04,147.84,0.05,46.0,0.96,147.84,0.95,46.0,0.97,319.24,0.98,606.0,0.01,0.01,2322.619835,1776230903000
1776230904.357,204.357,0.03,322.02,0.02,606.0,0.04,147.84,0.05,36.0,0.96,147.84,0.95,46.0,0.97,319.24,0.98,606.0,0.01,0.01,2322.619835,1776230903000
1776230904.617,204.617,0.03,313.02,0.02,606.0,0.04,147.84,0.05,36.0,0.96,152.84,0.95,36.0,0.97,318.02,0.98,606.0,0.01,0.01,2322.619835,1776230903000
1776230905.062,205.062,0.02,611.93,0.01,1958.04,0.03,6.98,0.04,147.84,0.97,6.98,0.96,147.84,0.98,611.93,0.99,1958.04,0.01,0.01,2322.456842,1776230904000
1776230905.266,205.266,0.01,1853.56,,,0.03,130.98,0.04,130.85,0.97,6.98,0.96,147.84,0.98,611.93,0.99,1958.04,0.02,0.01,2322.456842,1776230904000
1776230905.716,205.716,0.02,247.66,0.01,1692.56,0.03,233.98,0.04,130.85,0.97,233.98,0.96,130.85,0.98,241.71,0.99,1853.56,0.01,0.01,2322.456842,1776230904000
1776230906.054,206.054,0.02,145.66,0.01,1692.56,0.03,233.98,0.04,130.85,0.97,233.98,0.96,130.85,0.98,145.66,0.99,1692.56,0.01,0.01,2321.83056,1776230905000
1776230906.279,206.279,0.02,151.61,0.01,1793.56,0.03,233.98,0.04,130.85,0.97,233.98,0.96,130.85,0.98,145.66,0.99,1692.56,0.01,0.01,2321.83056,1776230905000
1776230906.68,206.68,0.02,155.58,0.01,2382.56,0.03,243.98,0.04,130.85,0.97,233.98,0.96,130.85,0.98,151.61,0.99,1793.56,0.01,0.01,2321.83056,1776230905000
1776230906.966,206.966,0.02,30.0,0.01,2031.56,0.03,210.01,0.04,126.84,0.97,231.11,0.96,130.85,0.98,156.48,0.99,2382.56,0.01,0.01,2321.83056,1776230905000
1776230907.197,207.197,0.02,30.0,0.01,2031.56,0.03,210.01,0.04,126.84,0.97,210.01,0.96,126.84,0.98,30.0,0.99,2031.56,0.01,0.01,2321.7477,1776230906000
1776230907.611,207.611,0.01,1771.74,,,0.03,222.01,0.04,22.84,0.97,217.01,0.96,22.84,0.98,126.51,0.99,1809.56,0.02,0.01,2321.7477,1776230906000
1776230908.242,208.242,0.01,1768.6,,,0.02,50.0,0.03,222.01,0.98,50.0,0.97,222.01,0.99,1768.6,,,0.01,0.01,2321.7627,1776230907000
1776230909.222,209.222,0.01,1803.58,,,0.02,48.95,0.03,222.01,0.98,48.95,0.97,222.01,0.99,1803.58,,,0.01,0.01,2321.90399,1776230908000
1776230909.657,209.657,0.02,104.51,0.01,1749.58,0.03,119.01,0.04,16.85,0.98,12.0,0.97,119.01,0.99,1749.58,,,0.01,0.01,2321.90399,1776230908000
1776230909.887,209.887,0.02,60.56,0.01,1749.58,0.03,114.01,0.04,21.85,0.97,119.01,0.96,16.85,0.98,89.51,0.99,1744.58,0.01,0.01,2321.90399,1776230908000
1776230910.347,210.347,0.01,1744.48,,,0.03,114.01,0.04,21.85,0.97,114.01,0.96,21.85,0.99,1744.48,,,0.02,0.02,2321.96815,1776230909000
1776230910.699,210.699,0.02,20.0,0.01,2144.48,0.03,117.35,0.04,26.85,0.97,114.01,0.96,21.85,0.99,1744.48,,,0.01,0.02,2321.96815,1776230909000
1776230910.918,210.918,0.01,2104.38,,,0.03,112.97,0.04,26.85,0.97,112.97,0.96,26.85,0.99,2109.49,,,0.02,0.02,2321.96815,1776230909000
1776230911.298,211.298,0.01,2129.36,,,0.03,102.97,0.04,26.85,0.97,112.97,0.96,26.85,0.99,2103.36,,,0.02,0.02,2321.96815,1776230909000
1776230911.853,211.853,0.01,2054.37,,,0.03,107.97,0.04,21.85,0.97,102.97,0.96,26.85,0.99,2129.36,,,0.02,0.02,2321.963341,1776230910000
1776230912.362,212.362,0.02,292.7,0.01,1821.37,0.03,110.28,0.04,25.01,0.97,107.97,0.96,21.85,0.99,2054.37,,,0.01,0.02,2321.963341,1776230910000
1776230912.926,212.926,0.03,29.33,0.02,227.7,0.04,25.01,0.05,25.0,0.96,25.01,0.95,25.0,0.97,29.33,0.98,227.7,0.01,0.01,2322.010134,1776230912000
1776230913.939,213.939,0.03,29.33,0.02,227.7,0.04,25.01,0.05,25.0,0.96,25.01,0.95,25.0,0.97,29.33,0.98,227.7,0.01,0.01,2322.160164,1776230913000
1776230914.389,214.389,0.02,73.22,0.01,1746.37,0.04,45.01,0.05,15.0,0.96,25.01,0.95,25.0,0.97,29.33,0.98,227.7,0.02,0.01,2322.160164,1776230913000
1776230914.816,214.816,0.02,31.85,0.01,1432.01,0.03,20.0,0.04,40.01,0.97,10.0,0.96,40.01,0.99,1704.61,,,0.01,0.02,2322.160164,1776230913000
1776230915.665,215.665,0.02,1.85,0.01,1432.01,0.03,15.0,0.04,40.01,0.97,15.0,0.96,40.01,0.98,1.85,0.99,1432.01,0.01,0.01,2322.43404,1776230914000
1776230916.266,216.266,0.02,1.85,0.01,1432.01,0.03,15.0,0.04,40.01,0.97,15.0,0.96,40.01,0.98,1.85,0.99,1432.01,0.01,0.01,2322.429855,1776230915000
1776230917.035,217.035,0.02,53.14,0.01,1246.01,0.03,10.0,0.04,36.0,0.97,15.0,0.96,40.01,0.98,1.85,0.99,1432.01,0.01,0.01,2322.429855,1776230915000
1776230917.304,217.304,0.03,19.33,0.02,81.87,0.04,41.0,0.05,125.0,0.97,10.0,0.96,36.0,0.98,53.14,0.99,1246.01,0.01,0.01,2322.429855,1776230915000
1776230917.692,217.692,0.03,9.33,0.02,86.87,0.04,41.0,0.05,120.0,0.96,41.0,0.95,125.0,0.97,19.33,0.98,81.87,0.01,0.01,2322.351394,1776230916000
1776230918.007,218.007,0.03,9.33,0.02,86.87,0.04,41.0,0.05,120.0,0.96,41.0,0.95,120.0,0.97,9.33,0.98,86.87,0.01,0.01,2322.350209,1776230917000
1776230919.105,219.105,0.03,9.33,0.02,86.87,0.04,41.0,0.05,120.0,0.96,41.0,0.95,120.0,0.97,9.33,0.98,86.87,0.01,0.01,2322.481881,1776230918000
1776230920.272,220.272,0.03,9.33,0.02,86.87,0.04,41.0,0.05,120.0,0.96,41.0,0.95,120.0,0.97,9.33,0.98,86.87,0.01,0.01,2322.50092,1776230919000
1776230920.773,220.773,0.03,39.39,0.02,127.5,0.04,131.0,0.05,140.0,0.96,41.0,0.95,120.0,0.97,9.33,0.98,86.87,0.01,0.01,2322.50092,1776230919000
1776230921.38,221.38,0.03,6.29,0.02,127.5,0.04,125.01,0.05,145.99,0.96,131.0,0.95,140.0,0.97,39.39,0.98,127.5,0.01,0.01,2322.50092,1776230919000
1776230921.945,221.945,0.03,11.29,0.02,127.5,0.04,115.68,0.05,145.99,0.96,115.68,0.95,145.99,0.97,11.29,0.98,127.5,0.01,0.01,2322.599738,1776230921000
1776230923.338,223.338,0.03,11.29,0.02,127.5,0.04,115.68,0.05,145.99,0.96,115.68,0.95,145.99,0.97,11.29,0.98,127.5,0.01,0.01,2322.6233,1776230922000
1776230923.894,223.894,0.03,11.29,0.02,127.5,0.04,115.68,0.05,145.99,0.96,115.68,0.95,145.99,0.97,11.29,0.98,127.5,0.01,0.01,2322.698849,1776230923000
1776230924.355,224.355,0.03,9.9,0.02,252.5,0.04,105.68,0.05,115.99,0.96,115.68,0.95,145.99,0.97,11.29,0.98,127.5,0.01,0.01,2322.698849,1776230923000
1776230925.018,225.018,0.04,55.0,0.03,9.9,0.05,15.99,0.06,55.62,0.95,15.99,0.94,55.62,0.96,55.0,0.97,9.9,0.01,0.01,2322.81642,1776230924000
1776230925.804,225.804,0.04,55.0,0.03,9.9,0.05,15.99,0.06,55.62,0.95,15.99,0.94,55.62,0.96,55.0,0.97,9.9,0.01,0.01,2322.86435,1776230925000
1776230927.039,227.039,0.04,55.0,0.03,9.9,0.05,15.99,0.06,55.62,0.95,15.99,0.94,55.62,0.96,55.0,0.97,9.9,0.01,0.01,2322.922235,1776230926000
1776230927.35,227.35,0.02,79.5,0.01,2190.21,0.03,20.0,0.04,20.0,0.97,10.0,0.96,10.0,0.98,138.0,0.99,2190.21,0.01,0.01,2322.922235,1776230926000
1776230928.052,228.052,0.02,51.44,0.01,1306.61,0.03,25.0,0.04,45.0,0.97,20.0,0.96,20.0,0.98,79.5,0.99,2190.21,0.01,0.01,2322.922235,1776230926000
1776230929.579,229.579,0.02,51.44,0.01,1306.61,0.03,25.0,0.04,45.0,0.97,25.0,0.96,45.0,0.98,51.44,0.99,1306.61,0.01,0.01,2322.843037,1776230928000
1776230929.933,229.933,0.03,102.66,0.02,0.94,0.05,145.79,0.06,169.42,0.96,20.0,0.95,140.79,0.97,64.0,0.98,0.94,0.02,0.01,2322.843037,1776230928000
1776230930.243,230.243,0.03,102.66,0.02,0.94,0.05,145.79,0.06,169.42,0.95,145.79,0.94,169.42,0.97,102.66,0.98,0.94,0.02,0.02,2322.683545,1776230929000
1776230930.611,230.611,0.03,97.66,0.02,0.94,0.04,95.45,0.05,145.79,0.95,145.79,0.94,169.42,0.97,102.66,0.98,0.94,0.01,0.02,2322.683545,1776230929000
1776230931.146,231.146,0.03,44.0,0.02,0.94,0.04,130.45,0.05,150.79,0.96,95.45,0.95,145.79,0.97,97.66,0.98,0.94,0.01,0.01,2322.683545,1776230929000
1776230932.112,232.112,0.03,72.26,0.02,0.94,0.04,104.45,0.05,140.79,0.96,130.45,0.95,150.79,0.97,44.0,0.98,0.94,0.01,0.01,2322.674809,1776230930000
1776230932.344,232.344,0.03,71.22,0.02,0.94,0.04,104.45,0.05,140.79,0.96,104.45,0.95,140.79,0.97,72.26,0.98,0.94,0.01,0.01,2322.638457,1776230931000
1776230933.213,233.213,0.03,71.22,0.02,0.94,0.04,104.45,0.05,140.79,0.96,104.45,0.95,140.79,0.97,71.22,0.98,0.94,0.01,0.01,2322.670335,1776230932000
1776230933.861,233.861,0.03,71.22,0.02,15.94,0.05,40.99,0.06,119.42,0.96,104.45,0.95,140.79,0.97,71.22,0.98,0.94,0.02,0.01,2322.670335,1776230932000
1776230934.353,234.353,0.03,71.22,0.02,15.94,0.05,40.99,0.06,119.42,0.95,40.99,0.94,119.42,0.97,71.22,0.98,15.94,0.02,0.02,2322.546302,1776230933000
1776230934.903,234.903,0.03,64.15,0.02,115.94,0.04,216.55,0.05,15.99,0.96,216.55,0.95,15.99,0.97,64.15,0.98,115.94,0.01,0.01,2322.549724,1776230934000
1776230935.202,235.202,0.02,162.05,0.01,1622.61,0.03,20.49,0.04,220.55,0.96,231.04,0.95,30.99,0.98,110.15,0.99,1622.61,0.01,0.02,2322.549724,1776230934000
1776230935.463,235.463,0.02,161.02,0.01,1622.61,0.03,20.49,0.04,220.55,0.97,20.49,0.96,220.55,0.98,162.05,0.99,1622.61,0.01,0.01,2322.549724,1776230934000
1776230935.918,235.918,0.02,161.02,0.01,1622.61,0.03,20.49,0.04,220.55,0.97,20.49,0.96,220.55,0.98,161.02,0.99,1622.61,0.01,0.01,2322.78713,1776230935000
1776230936.293,236.293,0.01,1620.61,,,0.02,40.49,0.03,30.0,0.97,20.49,0.96,220.55,0.98,161.02,0.99,1622.61,0.01,0.01,2322.78713,1776230935000
1776230936.958,236.958,0.01,1716.84,,,0.02,35.49,0.03,30.0,0.98,40.49,0.97,30.0,0.99,1620.61,,,0.01,0.01,2322.78713,1776230935000
1776230937.932,237.932,0.01,1221.18,,,0.02,34.26,0.03,20.0,0.98,34.25,0.97,30.0,0.99,1716.84,,,0.01,0.01,2322.77228,1776230936000
1776230938.603,238.603,0.01,1203.18,,,0.02,34.26,0.03,20.0,0.98,34.26,0.97,20.0,0.99,1221.18,,,0.01,0.01,2322.7071,1776230937000
1776230938.991,238.991,0.01,1203.18,,,0.02,34.26,0.03,20.0,0.98,34.26,0.97,20.0,0.99,1203.18,,,0.01,0.01,2322.551964,1776230938000
1776230939.483,239.483,0.01,1759.07,,,0.02,34.26,0.03,20.0,0.98,34.26,0.97,20.0,0.99,1203.18,,,0.01,0.01,2322.551964,1776230938000
1776230939.929,239.929,0.01,1721.64,,,0.02,39.26,0.03,20.0,0.98,39.26,0.97,20.0,0.99,1721.64,,,0.01,0.01,2322.626833,1776230939000
1776230940.321,240.321,0.01,1757.64,,,0.02,39.26,0.03,20.0,0.98,39.26,0.97,20.0,0.99,1676.64,,,0.01,0.01,2322.626833,1776230939000
1776230940.524,240.524,0.01,1643.71,,,0.02,39.26,0.03,20.0,0.98,39.26,0.97,20.0,0.99,1757.64,,,0.01,0.01,2322.626833,1776230939000
1776230940.972,240.972,0.01,1617.69,,,0.02,39.26,0.03,20.0,0.98,39.26,0.97,20.0,0.99,1642.69,,,0.01,0.01,2322.626833,1776230939000
1776230941.787,241.787,0.01,792.68,,,0.02,34.26,0.03,143.7,0.98,39.26,0.97,20.0,0.99,1617.69,,,0.01,0.01,2322.649388,1776230940000
1776230942.132,242.132,0.01,777.68,,,0.02,30.5,0.03,138.7,0.98,30.5,0.97,138.7,0.99,777.68,,,0.01,0.01,2322.615044,1776230941000
1776230942.335,242.335,0.01,878.68,,,0.02,30.5,0.03,133.7,0.98,30.5,0.97,138.7,0.99,777.68,,,0.01,0.01,2322.615044,1776230941000
1776230942.819,242.819,0.01,928.17,,,0.02,24.18,0.03,133.7,0.98,57.67,0.97,133.7,0.99,1279.68,,,0.01,0.01,2322.615044,1776230941000
1776230943.115,243.115,0.01,928.17,,,0.02,24.18,0.03,133.7,0.98,24.18,0.97,133.7,0.99,928.17,,,0.01,0.01,2322.627356,1776230942000
1776230944.033,244.033,0.01,913.17,,,0.02,111.32,0.03,133.7,0.98,5.38,0.97,133.7,0.99,928.17,,,0.01,0.01,2322.627356,1776230942000
1776230944.545,244.545,0.01,913.17,,,0.02,111.32,0.03,133.7,0.98,111.32,0.97,133.7,0.99,913.17,,,0.01,0.01,2322.450305,1776230943000
1776230945.044,245.044,0.01,913.17,,,0.02,111.32,0.03,133.7,0.98,111.32,0.97,133.7,0.99,913.17,,,0.01,0.01,2322.504065,1776230944000
1776230945.261,245.261,0.01,885.75,,,0.03,20.0,0.04,113.71,0.98,111.32,0.97,133.7,0.99,913.17,,,0.02,0.01,2322.504065,1776230944000
1776230945.513,245.513,0.01,884.56,,,0.03,126.21,0.04,113.71,0.97,20.0,0.96,113.71,0.99,885.75,,,0.02,0.02,2322.504065,1776230944000
1776230946.02,246.02,0.01,883.54,,,0.03,126.21,0.04,113.71,0.97,126.21,0.96,113.71,0.99,883.54,,,0.02,0.02,2322.516259,1776230945000
1776230947.107,247.107,0.01,883.54,,,0.03,126.21,0.04,113.71,0.97,126.21,0.96,113.71,0.99,883.54,,,0.02,0.02,2322.68746,1776230946000
1776230948.166,248.166,0.01,883.54,,,0.03,126.21,0.04,113.71,0.97,126.21,0.96,113.71,0.99,883.54,,,0.02,0.02,2322.774407,1776230947000
1776230949.255,249.255,0.01,883.54,,,0.03,126.21,0.04,113.71,0.97,126.21,0.96,113.71,0.99,883.54,,,0.02,0.02,2322.764524,1776230948000
1776230950.248,250.248,0.01,1772.2,,,0.02,5.0,0.03,72.52,0.98,5.0,0.97,72.52,0.99,1772.2,,,0.01,0.01,2322.899857,1776230949000
1776230951.239,251.239,0.01,1772.2,,,0.02,5.0,0.03,72.52,0.98,5.0,0.97,72.52,0.99,1772.2,,,0.01,0.01,2322.741295,1776230950000
1776230951.693,251.693,0.01,961.05,,,0.02,5.0,0.03,124.9,0.97,114.9,0.96,108.71,0.99,971.2,,,0.01,0.02,2322.741295,1776230950000
1776230952.108,252.108,0.01,946.36,,,0.02,5.0,0.03,124.9,0.98,5.0,0.97,124.9,0.99,953.01,,,0.01,0.01,2322.741295,1776230950000
1776230952.333,252.333,0.01,946.36,,,0.02,5.0,0.03,124.9,0.98,5.0,0.97,124.9,0.99,946.36,,,0.01,0.01,2322.7942,1776230951000
1776230952.585,252.585,0.01,945.19,,,0.02,53.88,0.03,124.9,0.98,5.0,0.97,124.9,0.99,946.36,,,0.01,0.01,2322.7942,1776230951000
1776230952.863,252.863,0.01,924.98,,,0.02,53.88,0.03,124.9,0.98,53.88,0.97,124.9,0.99,924.98,,,0.01,0.01,2322.79876,1776230952000
1776230953.576,253.576,0.01,904.98,,,0.02,51.76,0.03,124.9,0.98,53.88,0.97,124.9,0.99,904.98,,,0.01,0.01,2322.79876,1776230952000
1776230953.904,253.904,0.01,904.98,,,0.02,51.76,0.03,124.9,0.98,51.76,0.97,124.9,0.99,904.98,,,0.01,0.01,2322.789675,1776230953000
1776230954.452,254.452,0.01,876.61,,,0.02,138.62,0.03,124.9,0.98,51.76,0.97,124.9,0.99,884.78,,,0.01,0.01,2322.789675,1776230953000
1776230954.92,254.92,0.01,878.49,,,0.02,147.62,0.03,124.9,0.98,138.62,0.97,124.9,0.99,876.61,,,0.01,0.01,2322.789675,1776230953000
1776230956.073,256.073,0.01,844.31,,,0.02,147.62,0.03,129.9,0.98,147.62,0.97,124.9,0.99,842.31,,,0.01,0.01,2322.852588,1776230954000
1776230956.487,256.487,0.01,835.84,,,0.02,147.62,0.03,129.9,0.98,147.62,0.97,129.9,0.99,844.31,,,0.01,0.01,2322.843704,1776230955000
1776230957.169,257.169,0.01,835.84,,,0.02,147.62,0.03,129.9,0.98,147.62,0.97,129.9,0.99,835.84,,,0.01,0.01,2322.807415,1776230956000
1776230957.906,257.906,0.01,629.82,,,0.02,346.32,0.03,134.9,0.98,147.62,0.97,129.9,0.99,835.84,,,0.01,0.01,2322.807415,1776230956000
1776230958.202,258.202,0.01,626.76,,,0.02,346.32,0.03,134.9,0.98,346.32,0.97,134.9,0.99,626.76,,,0.01,0.01,2322.806475,1776230957000
1776230958.446,258.446,0.01,626.7,,,0.02,246.32,0.03,134.9,0.98,246.32,0.97,134.9,0.99,626.76,,,0.01,0.01,2322.806475,1776230957000
1776230958.963,258.963,0.01,20.7,,,0.02,255.3,0.03,134.9,0.98,246.32,0.97,134.9,0.99,626.7,,,0.01,0.01,2322.806475,1776230957000
1776230959.302,259.302,0.01,20.7,,,0.02,255.3,0.03,134.9,0.98,255.3,0.97,134.9,0.99,20.7,,,0.01,0.01,2322.805735,1776230958000
1776230959.917,259.917,0.01,20.7,,,0.02,255.3,0.03,134.9,0.98,255.3,0.97,134.9,0.99,20.7,,,0.01,0.01,2322.791616,1776230959000
1776230961.055,261.055,0.01,20.7,,,0.02,255.3,0.03,134.9,0.98,255.3,0.97,134.9,0.99,20.7,,,0.01,0.01,2322.892124,1776230960000
1776230961.405,261.405,,,,,0.02,156.68,0.03,134.9,0.98,255.3,0.97,134.9,0.99,20.7,,,,0.01,2322.892124,1776230960000
1776230961.858,261.858,,,,,0.01,67.05,0.02,154.78,0.98,144.78,0.97,134.9,,,,,,,2322.892124,1776230960000
1776230962.55,262.55,0.01,34.99,,,0.02,154.78,0.03,129.9,0.99,65.01,0.98,154.78,,,,,0.01,,2322.892124,1776230960000
1776230963.114,263.114,,,,,0.01,110.01,0.02,164.78,0.98,154.78,0.97,129.9,0.99,34.99,,,,0.01,2322.816205,1776230961000
1776230963.967,263.967,,,,,0.01,110.01,0.02,164.78,0.99,110.01,0.98,164.78,,,,,,,2322.855985,1776230963000
1776230964.475,264.475,,,,,0.01,198.53,0.02,164.78,0.99,203.53,0.98,164.78,,,,,,,2322.855985,1776230963000
1776230965.097,265.097,,,,,0.01,198.53,0.02,164.78,0.99,198.53,0.98,164.78,,,,,,,2322.88913,1776230964000
1776230966.195,266.195,,,,,0.01,198.53,0.02,164.78,0.99,198.53,0.98,164.78,,,,,,,2322.851275,1776230965000
1776230966.96,266.96,,,,,0.01,198.53,0.02,164.78,0.99,198.53,0.98,164.78,,,,,,,2322.851275,1776230966000
1776230968.184,268.184,,,,,0.01,198.53,0.02,164.78,0.99,198.53,0.98,164.78,,,,,,,2322.845395,1776230967000
1776230969.289,269.289,,,,,0.01,198.53,0.02,164.78,0.99,198.53,0.98,164.78,,,,,,,2322.802858,1776230968000
1776230969.95,269.95,,,,,0.01,198.53,0.02,164.78,0.99,198.53,0.98,164.78,,,,,,,2322.802858,1776230969000
1776230970.981,270.981,,,,,0.01,198.53,0.02,164.78,0.99,198.53,0.98,164.78,,,,,,,2322.810841,1776230970000
1776230972.335,272.335,,,,,0.01,198.53,0.02,164.78,0.99,198.53,0.98,164.78,,,,,,,2322.854835,1776230971000
1776230972.914,272.914,,,,,0.01,198.53,0.02,164.78,0.99,198.53,0.98,164.78,,,,,,,2322.90755,1776230972000
1776230974.395,274.395,,,,,0.01,546.93,0.02,159.78,0.99,546.93,0.98,159.78,,,,,,,2322.898688,1776230973000
1776230974.932,274.932,,,,,0.01,546.93,0.02,159.78,0.99,546.93,0.98,159.78,,,,,,,2323.07613,1776230974000
1776230975.997,275.997,,,,,0.01,546.93,0.02,159.78,0.99,546.93,0.98,159.78,,,,,,,2323.094555,1776230975000
1776230977.067,277.067,,,,,0.01,546.93,0.02,159.78,0.99,546.93,0.98,159.78,,,,,,,2323.197693,1776230976000
1776230978.271,278.271,,,,,0.01,546.93,0.02,159.78,0.99,546.93,0.98,159.78,,,,,,,2323.10457,1776230977000
1776230979.395,279.395,,,,,0.01,546.93,0.02,159.78,0.99,546.93,0.98,159.78,,,,,,,2323.11092,1776230978000
1776230979.966,279.966,,,,,0.01,546.93,0.02,159.78,0.99,546.93,0.98,159.78,,,,,,,2323.15636,1776230979000
1776230980.975,280.975,,,,,0.01,546.93,0.02,159.78,0.99,546.93,0.98,159.78,,,,,,,2323.177265,1776230980000
1776230981.975,281.975,,,,,0.01,546.93,0.02,159.78,0.99,546.93,0.98,159.78,,,,,,,2323.16551,1776230981000
1776230982.921,282.921,,,,,0.01,546.93,0.02,159.78,0.99,546.93,0.98,159.78,,,,,,,2323.165735,1776230982000
1776230983.288,283.288,,,,,0.01,1804.94,0.02,38.98,0.99,546.93,0.98,159.78,,,,,,,2323.165735,1776230982000
1776230983.884,283.884,,,,,0.01,1804.94,0.02,38.98,0.99,1804.94,0.98,38.98,,,,,,,2323.17451,1776230983000
1776230984.936,284.936,,,,,0.01,1804.94,0.02,38.98,0.99,1804.94,0.98,38.98,,,,,,,2323.171525,1776230984000
1776230986.506,286.506,,,,,0.01,6449.06,0.02,38.98,0.99,1804.94,0.98,38.98,,,,,,,2323.171525,1776230984000
1776230986.75,286.75,,,,,0.01,6449.06,0.02,38.98,0.99,6449.06,0.98,38.98,,,,,,,2323.160145,1776230985000
1776230987.317,287.317,,,,,0.01,6449.06,0.02,38.98,0.99,6449.06,0.98,38.98,,,,,,,2323.260238,1776230986000
1776230987.903,287.903,,,,,0.01,6448.09,0.02,38.98,0.99,6449.06,0.98,38.98,,,,,,,2323.260238,1776230986000
1776230990.692,290.692,,,,,0.01,6448.09,0.02,38.98,0.99,6448.09,0.98,38.98,,,,,,,2322.868035,1776230989000
1776230991.197,291.197,,,,,0.01,6448.09,0.02,38.98,0.99,6448.09,0.98,38.98,,,,,,,2322.86472,1776230990000
1776230992.292,292.292,,,,,0.01,6448.09,0.02,38.98,0.99,6448.09,0.98,38.98,,,,,,,2322.910277,1776230991000
1776230993.334,293.334,,,,,0.01,6448.09,0.02,38.98,0.99,6448.09,0.98,38.98,,,,,,,2322.875324,1776230992000
1776230993.961,293.961,,,,,0.01,6448.09,0.02,38.98,0.99,6448.09,0.98,38.98,,,,,,,2322.965756,1776230993000
1776230994.998,294.998,,,,,0.01,6448.09,0.02,38.98,0.99,6448.09,0.98,38.98,,,,,,,2322.900665,1776230994000
1776230996.099,296.099,,,,,0.01,6448.09,0.02,38.98,0.99,6448.09,0.98,38.98,,,,,,,2322.908135,1776230995000
1776230997.212,297.212,,,,,0.01,6448.09,0.02,38.98,0.99,6448.09,0.98,38.98,,,,,,,2322.90813,1776230996000
1776230998.283,298.283,,,,,0.01,6448.09,0.02,38.98,0.99,6448.09,0.98,38.98,,,,,,,2322.91912,1776230997000
1776230999.346,299.346,,,,,0.01,6448.09,0.02,38.98,0.99,6448.09,0.98,38.98,,,,,,,2322.919125,1776230998000
1776230999.915,299.915,,,,,0.01,6448.09,0.02,38.98,0.99,6448.09,0.98,38.98,,,,,,,2322.91731,1776230999000
1776231001.072,301.072,,,,,0.01,6448.09,0.02,38.98,0.99,6448.09,0.98,38.98,,,,,,,2322.91684,1776231000000
1776231002.146,302.146,,,,,0.01,6448.09,0.02,38.98,0.99,6448.09,0.98,38.98,,,,,,,2322.901995,1776231001000

# RESULT,winner=Down,slug=eth-updown-5m-1776230700,ticks=480
