timestamp,elapsed_sec,up_bid_p1,up_bid_s1,up_bid_p2,up_bid_s2,up_ask_p1,up_ask_s1,up_ask_p2,up_ask_s2,down_bid_p1,down_bid_s1,down_bid_p2,down_bid_s2,down_ask_p1,down_ask_s1,down_ask_p2,down_ask_s2,up_spread,down_spread,eth_price,eth_oracle_ts
1776372600.812,0.812,0.5,18.88,0.46,150.0,0.52,5.0,0.54,160.05,0.48,5.0,0.46,160.05,0.5,18.88,0.54,150.0,0.02,0.02,2348.47046,1776372599000
1776372601.531,1.531,0.5,16.88,0.33,300.0,0.52,5.0,0.54,5.0,0.48,5.0,0.46,160.05,0.5,18.88,0.54,150.0,0.02,0.02,2348.47046,1776372599000
1776372602.437,2.437,0.5,14.06,0.46,105.0,0.51,58.0,0.52,218.0,0.48,5.0,0.46,5.0,0.5,16.88,0.67,300.0,0.01,0.02,2348.4655,1776372600000
1776372603.354,3.354,0.5,14.06,0.47,10.0,0.51,55.76,0.52,288.0,0.49,58.0,0.48,218.0,0.5,14.06,0.54,105.0,0.01,0.01,2348.48821,1776372602000
1776372604.485,4.485,0.5,2.28,0.47,20.0,0.51,65.76,0.52,298.0,0.49,55.76,0.48,288.0,0.5,9.06,0.53,10.0,0.01,0.01,2348.48821,1776372602000
1776372605.643,5.643,0.5,2.28,0.47,30.0,0.51,185.76,0.52,298.0,0.49,65.76,0.48,298.0,0.5,2.28,0.53,20.0,0.01,0.01,2348.325698,1776372604000
1776372605.863,5.863,0.5,2.28,0.47,30.0,0.51,173.03,0.52,298.0,0.49,185.76,0.48,298.0,0.5,2.28,0.53,30.0,0.01,0.01,2348.325698,1776372604000
1776372608.616,8.616,0.51,34.2,0.5,17.28,0.52,140.0,0.53,98.0,0.49,163.67,0.48,293.0,0.5,2.28,0.53,30.0,0.01,0.01,2348.274216,1776372606000
1776372608.951,8.951,0.51,21.87,0.5,22.28,0.52,140.0,0.53,98.0,0.48,140.0,0.47,98.0,0.49,34.2,0.5,17.28,0.01,0.01,2348.283962,1776372607000
1776372609.417,9.417,0.51,16.87,0.5,22.28,0.52,140.0,0.53,108.0,0.48,140.0,0.47,98.0,0.49,21.87,0.5,22.28,0.01,0.01,2348.283962,1776372607000
1776372611.216,11.216,0.51,47.37,0.5,22.28,0.52,148.57,0.53,75.0,0.48,140.0,0.47,108.0,0.49,16.87,0.5,22.28,0.01,0.01,2348.350686,1776372609000
1776372611.486,11.486,0.51,20.5,0.5,22.28,0.52,109.57,0.53,75.0,0.48,148.57,0.47,75.0,0.49,16.75,0.5,22.28,0.01,0.01,2348.350686,1776372609000
1776372611.946,11.946,0.51,73.0,0.5,40.78,0.52,65.0,0.54,25.0,0.48,109.57,0.47,75.0,0.49,20.5,0.5,22.28,0.01,0.01,2348.350686,1776372609000
1776372614.12,14.12,0.53,54.37,0.52,43.5,0.54,1.57,0.55,10.5,0.46,22.07,0.44,30.0,0.49,84.5,0.5,45.78,0.01,0.03,2348.63185,1776372613000
1776372615.821,15.821,0.53,58.37,0.52,44.5,0.56,25.0,0.57,17.5,0.46,1.57,0.45,10.5,0.47,54.37,0.48,43.5,0.03,0.01,2348.677855,1776372614000
1776372616.37,16.37,0.57,46.0,0.56,15.0,0.58,97.44,0.59,150.5,0.44,25.0,0.43,17.5,0.47,58.37,0.48,44.5,0.01,0.03,2348.677855,1776372614000
1776372616.572,16.572,0.57,59.54,0.56,36.0,0.58,86.94,0.59,130.0,0.42,97.44,0.41,150.5,0.43,46.0,0.44,15.0,0.01,0.01,2348.677855,1776372614000
1776372617.157,17.157,0.57,20.0,0.56,29.33,0.58,85.44,0.59,152.5,0.42,81.94,0.41,142.0,0.44,29.33,0.45,36.0,0.01,0.02,2348.851555,1776372615000
1776372617.39,17.39,0.57,20.0,0.56,29.33,0.58,85.44,0.59,147.5,0.42,85.44,0.41,152.5,0.43,20.0,0.44,29.33,0.01,0.01,2348.850005,1776372616000
1776372617.749,17.749,0.57,62.7,0.56,29.33,0.58,69.76,0.59,147.5,0.42,85.44,0.41,147.5,0.43,20.0,0.44,29.33,0.01,0.01,2348.850005,1776372616000
1776372618.118,18.118,0.57,30.5,0.56,36.57,0.58,11.41,0.59,147.5,0.42,19.41,0.41,147.5,0.43,43.5,0.44,29.33,0.01,0.01,2348.850005,1776372616000
1776372619.341,19.341,0.57,30.5,0.56,36.57,0.58,9.46,0.59,140.5,0.42,11.41,0.41,147.5,0.43,30.5,0.44,36.57,0.01,0.01,2349.0847,1776372618000
1776372623.541,23.541,0.54,86.38,0.53,114.5,0.55,11.0,0.56,34.0,0.42,9.46,0.41,140.5,0.43,30.5,0.44,36.57,0.01,0.01,2349.18989,1776372622000
1776372626.532,26.532,0.58,40.5,0.57,56.26,0.59,64.83,0.6,7.0,0.45,11.0,0.44,34.0,0.46,86.38,0.47,114.5,0.01,0.01,2349.026341,1776372625000
1776372627.673,27.673,0.58,10.0,0.57,50.5,0.59,101.29,0.6,32.5,0.41,64.83,0.4,7.0,0.42,40.5,0.43,56.26,0.01,0.01,2349.137417,1776372626000
1776372627.939,27.939,0.57,2.67,0.56,15.0,0.58,61.5,0.59,75.29,0.41,101.29,0.4,32.5,0.42,10.0,0.43,50.5,0.01,0.01,2349.137417,1776372626000
1776372629.016,29.016,0.56,10.54,0.55,25.5,0.57,10.32,0.58,32.5,0.42,81.5,0.41,75.29,0.44,10.54,0.45,35.5,0.01,0.02,2349.137417,1776372626000
1776372631.552,31.552,0.52,35.0,0.51,115.0,0.53,37.5,0.54,42.5,0.43,13.33,0.42,27.5,0.44,10.54,0.45,32.74,0.01,0.01,2349.048161,1776372630000
1776372634.272,34.272,0.51,115.0,0.5,12.28,0.52,68.5,0.53,26.5,0.47,32.5,0.46,42.5,0.48,35.0,0.49,115.0,0.01,0.01,2348.629045,1776372633000
1776372635.48,35.48,0.49,105.12,0.48,95.0,0.52,125.5,0.53,31.5,0.48,68.5,0.47,26.5,0.49,115.0,0.5,12.28,0.03,0.01,2348.629045,1776372633000
1776372635.844,35.844,0.49,5.12,0.48,95.0,0.5,80.5,0.51,33.5,0.48,125.5,0.47,31.5,0.51,105.12,0.52,95.0,0.01,0.03,2348.62697,1776372634000
1776372636.118,36.118,0.49,5.12,0.48,95.0,0.5,88.5,0.51,38.5,0.5,80.5,0.49,33.5,0.51,5.12,0.52,95.0,0.01,0.01,2348.604105,1776372635000
1776372636.624,36.624,0.49,5.12,0.48,95.0,0.5,85.5,0.51,43.5,0.5,88.5,0.49,38.5,0.51,5.12,0.52,95.0,0.01,0.01,2348.604105,1776372635000
1776372636.96,36.96,0.48,95.0,0.47,155.0,0.49,75.5,0.5,71.5,0.5,95.5,0.49,68.5,0.52,95.0,0.53,155.0,0.01,0.02,2348.604105,1776372635000
1776372637.537,37.537,0.48,95.0,0.47,155.0,0.49,51.36,0.5,49.5,0.51,75.5,0.5,71.5,0.52,95.0,0.53,155.0,0.01,0.01,2348.597775,1776372636000
1776372638.351,38.351,0.48,76.94,0.47,160.0,0.49,41.36,0.5,43.5,0.51,51.36,0.5,49.5,0.52,95.0,0.53,155.0,0.01,0.01,2348.597775,1776372636000
1776372640.405,40.405,0.48,116.68,0.47,190.0,0.5,10.0,0.51,35.5,0.51,41.36,0.5,43.5,0.52,76.94,0.53,160.0,0.02,0.01,2348.265831,1776372639000
1776372640.878,40.878,0.51,78.5,0.5,62.5,0.52,36.57,0.53,25.0,0.5,10.0,0.49,35.5,0.52,116.68,0.53,190.0,0.01,0.02,2348.265831,1776372639000
1776372641.417,41.417,0.51,183.18,0.5,50.26,0.52,0.57,0.53,25.0,0.48,36.57,0.47,25.0,0.49,110.19,0.5,62.5,0.01,0.01,2348.280138,1776372640000
1776372642.804,42.804,0.57,20.88,0.56,30.5,0.58,97.5,0.59,175.5,0.47,25.0,0.45,35.0,0.49,248.38,0.5,50.26,0.01,0.02,2348.281346,1776372641000
1776372643.114,43.114,0.57,18.5,0.56,30.5,0.58,85.67,0.59,175.5,0.42,85.67,0.41,175.5,0.43,20.88,0.44,30.5,0.01,0.01,2348.281346,1776372641000
1776372643.889,43.889,0.57,13.64,0.56,30.5,0.58,112.67,0.59,175.5,0.42,85.67,0.41,175.5,0.43,18.5,0.44,30.5,0.01,0.01,2348.679203,1776372642000
1776372644.299,44.299,0.57,67.7,0.56,52.74,0.58,69.17,0.59,157.5,0.42,106.67,0.41,175.5,0.43,13.64,0.44,30.5,0.01,0.01,2348.679203,1776372642000
1776372645.069,45.069,0.57,81.7,0.56,40.5,0.58,71.17,0.59,147.0,0.42,69.17,0.41,157.5,0.43,67.7,0.44,52.74,0.01,0.01,2348.861002,1776372643000
1776372646.118,46.118,0.57,102.81,0.56,40.5,0.58,71.17,0.59,147.0,0.42,71.17,0.41,147.0,0.43,81.7,0.44,40.5,0.01,0.01,2348.88163,1776372645000
1776372646.676,46.676,0.57,94.06,0.56,40.5,0.58,55.17,0.59,147.0,0.42,71.17,0.41,147.0,0.43,102.81,0.44,40.5,0.01,0.01,2348.88163,1776372645000
1776372646.986,46.986,0.57,85.06,0.56,40.5,0.58,65.17,0.59,187.0,0.42,55.17,0.41,147.0,0.43,94.06,0.44,40.5,0.01,0.01,2348.88163,1776372645000
1776372647.417,47.417,0.57,85.06,0.56,67.5,0.58,53.11,0.59,197.0,0.42,65.17,0.41,187.0,0.43,85.06,0.44,40.5,0.01,0.01,2348.89245,1776372646000
1776372647.815,47.815,0.57,1.56,0.56,10.0,0.58,160.97,0.59,235.5,0.42,50.47,0.41,217.5,0.43,74.56,0.44,62.5,0.01,0.01,2348.89245,1776372646000
1776372649.103,49.103,0.55,63.24,0.54,35.0,0.56,109.0,0.57,78.56,0.44,80.5,0.43,25.5,0.45,86.24,0.46,35.0,0.01,0.01,2348.95364,1776372647000
1776372649.35,49.35,0.55,63.24,0.54,35.0,0.56,86.0,0.57,78.56,0.44,109.0,0.43,78.56,0.45,63.24,0.46,35.0,0.01,0.01,2348.988205,1776372648000
1776372649.668,49.668,0.55,55.24,0.54,35.0,0.56,102.0,0.57,78.56,0.44,86.0,0.43,78.56,0.45,63.24,0.46,35.0,0.01,0.01,2348.988205,1776372648000
1776372650.532,50.532,0.55,52.57,0.54,35.0,0.56,107.0,0.57,103.56,0.44,102.0,0.43,78.56,0.45,55.24,0.46,35.0,0.01,0.01,2348.843364,1776372649000
1776372651.036,51.036,0.55,52.57,0.54,35.0,0.56,95.71,0.57,25.5,0.44,87.0,0.43,50.5,0.45,52.57,0.46,35.0,0.01,0.01,2348.762735,1776372650000
1776372652.067,52.067,0.58,20.5,0.57,40.5,0.59,20.5,0.6,10.0,0.44,95.71,0.43,25.5,0.45,52.57,0.46,35.0,0.01,0.01,2348.735338,1776372651000
1776372653.645,53.645,0.6,120.5,0.59,53.5,0.61,17.14,0.62,78.0,0.39,134.14,0.38,130.0,0.42,94.7,0.43,86.5,0.01,0.03,2348.779456,1776372652000
1776372653.954,53.954,0.6,120.5,0.59,58.5,0.61,15.17,0.62,78.0,0.39,17.14,0.38,78.0,0.4,120.5,0.41,53.5,0.01,0.01,2348.779456,1776372652000
1776372656.762,56.762,0.6,199.49,0.59,56.26,0.61,10.17,0.63,30.0,0.39,23.17,0.38,70.0,0.4,115.5,0.41,40.5,0.01,0.01,2349.19689,1776372655000
1776372657.073,57.073,0.62,281.43,0.61,92.26,0.63,10.0,0.64,180.0,0.37,30.0,0.36,258.0,0.4,199.49,0.41,56.26,0.01,0.03,2349.19689,1776372655000
1776372657.925,57.925,0.66,115.42,0.65,50.26,0.67,25.0,0.68,58.0,0.33,75.0,0.32,128.0,0.34,23.78,0.35,42.5,0.01,0.01,2349.175925,1776372656000
1776372658.273,58.273,0.66,84.71,0.65,50.26,0.67,25.0,0.68,58.0,0.33,25.0,0.32,58.0,0.34,115.42,0.35,50.26,0.01,0.01,2349.175925,1776372656000
1776372658.621,58.621,0.66,62.5,0.65,57.5,0.67,25.0,0.68,58.0,0.33,25.0,0.32,58.0,0.34,84.71,0.35,50.26,0.01,0.01,2349.175925,1776372656000
1776372660.753,60.753,0.67,115.5,0.66,30.5,0.68,6.25,0.69,10.0,0.33,25.0,0.32,58.0,0.34,56.18,0.35,57.5,0.01,0.01,2349.818405,1776372659000
1776372661.07,61.07,0.7,249.0,0.69,64.2,0.71,4.0,0.72,5.0,0.32,6.25,0.31,10.0,0.33,115.5,0.34,30.5,0.01,0.01,2349.818405,1776372659000
1776372661.394,61.394,0.72,10.0,0.71,15.0,0.73,164.19,0.74,91.2,0.27,69.19,0.26,91.2,0.28,15.0,0.29,25.0,0.01,0.01,2349.75252,1776372660000
1776372661.776,61.776,0.72,7.0,0.71,10.0,0.73,159.93,0.74,91.2,0.27,163.93,0.26,91.2,0.28,10.0,0.29,10.0,0.01,0.01,2349.75252,1776372660000
1776372662.063,62.063,0.71,10.0,0.7,21.0,0.72,1.11,0.73,118.69,0.27,139.93,0.26,91.2,0.3,21.0,0.31,21.0,0.01,0.03,2349.75252,1776372660000
1776372662.525,62.525,0.71,6.55,0.7,21.0,0.72,88.61,0.73,148.69,0.28,1.11,0.27,118.69,0.29,10.0,0.3,21.0,0.01,0.01,2349.805796,1776372661000
1776372663.376,63.376,0.71,53.8,0.7,21.0,0.72,71.2,0.73,148.69,0.28,88.61,0.27,148.69,0.29,6.55,0.3,21.0,0.01,0.01,2350.182629,1776372662000
1776372663.752,63.752,0.71,53.8,0.7,21.0,0.72,105.22,0.73,148.69,0.28,71.2,0.27,148.69,0.29,53.8,0.3,21.0,0.01,0.01,2350.182629,1776372662000
1776372663.959,63.959,0.71,37.49,0.7,21.0,0.72,79.22,0.73,148.69,0.28,99.22,0.27,148.69,0.29,47.13,0.3,21.0,0.01,0.01,2350.182629,1776372662000
1776372664.286,64.286,0.71,27.49,0.69,6.0,0.72,103.47,0.73,158.69,0.28,79.22,0.27,148.69,0.29,37.49,0.3,21.0,0.01,0.01,2350.182629,1776372662000
1776372664.509,64.509,0.69,16.0,0.68,61.0,0.72,132.47,0.73,158.69,0.28,103.47,0.27,158.69,0.29,27.49,0.31,6.0,0.03,0.01,2349.991972,1776372663000
1776372665.115,65.115,0.69,75.2,0.68,36.0,0.73,104.51,0.74,140.7,0.28,132.47,0.27,163.69,0.31,11.44,0.32,61.0,0.04,0.03,2349.991972,1776372664000
1776372666.549,66.549,0.72,81.67,0.71,35.5,0.73,83.89,0.74,130.7,0.3,2.14,0.27,104.51,0.31,49.0,0.32,36.0,0.01,0.01,2349.921311,1776372665000
1776372666.776,66.776,0.72,91.67,0.71,35.5,0.73,28.83,0.74,130.7,0.27,31.83,0.26,130.7,0.28,91.67,0.29,35.5,0.01,0.01,2349.921311,1776372665000
1776372667.104,67.104,0.72,44.92,0.71,40.5,0.73,26.46,0.74,125.7,0.27,26.46,0.26,130.7,0.28,71.74,0.29,40.5,0.01,0.01,2349.921311,1776372665000
1776372667.434,67.434,0.72,46.92,0.71,40.5,0.73,26.46,0.74,125.7,0.27,26.46,0.26,125.7,0.28,44.92,0.29,40.5,0.01,0.01,2349.872692,1776372666000
1776372667.764,67.764,0.72,140.06,0.71,150.5,0.73,20.46,0.74,175.7,0.27,20.46,0.26,175.7,0.28,174.42,0.29,140.5,0.01,0.01,2349.872692,1776372666000
1776372668.042,68.042,0.72,150.46,0.71,150.5,0.73,20.46,0.74,195.7,0.27,20.46,0.26,175.7,0.28,140.06,0.29,150.5,0.01,0.01,2349.877568,1776372667000
1776372669.052,69.052,0.72,117.21,0.71,35.5,0.73,20.46,0.74,85.7,0.27,20.46,0.26,195.7,0.28,150.46,0.29,150.5,0.01,0.01,2349.877568,1776372667000
1776372669.282,69.282,0.72,147.21,0.71,35.5,0.73,18.48,0.74,85.7,0.27,20.46,0.26,85.7,0.28,117.21,0.29,35.5,0.01,0.01,2350.213154,1776372668000
1776372669.554,69.554,0.72,141.97,0.71,53.26,0.73,15.32,0.74,85.7,0.27,18.48,0.26,85.7,0.28,147.21,0.29,35.5,0.01,0.01,2350.213154,1776372668000
1776372669.861,69.861,0.73,217.5,0.72,224.97,0.74,79.7,0.75,25.0,0.26,85.7,0.25,25.0,0.28,215.21,0.29,53.26,0.01,0.02,2350.213154,1776372668000
1776372670.065,70.065,0.73,265.5,0.72,239.97,0.74,65.7,0.75,25.0,0.26,74.7,0.25,25.0,0.27,233.5,0.28,224.97,0.01,0.01,2350.213154,1776372668000
1776372670.31,70.31,0.73,265.5,0.72,229.97,0.74,45.7,0.75,25.0,0.26,65.7,0.25,25.0,0.27,265.5,0.28,239.97,0.01,0.01,2350.210107,1776372669000
1776372670.546,70.546,0.73,322.5,0.72,229.97,0.74,10.0,0.75,25.0,0.26,45.7,0.25,25.0,0.27,265.5,0.28,229.97,0.01,0.01,2350.210107,1776372669000
1776372670.775,70.775,0.75,17.0,0.74,52.76,0.79,89.49,0.8,18.0,0.26,10.0,0.25,25.0,0.27,322.5,0.28,229.97,0.04,0.01,2350.210107,1776372669000
1776372671.111,71.111,0.76,8.0,0.75,17.0,0.78,10.0,0.79,260.5,0.21,189.39,0.2,118.0,0.25,17.0,0.26,45.76,0.02,0.04,2350.17596,1776372670000
1776372671.526,71.526,0.76,10.0,0.75,22.0,0.77,158.64,0.78,179.5,0.23,197.64,0.22,174.5,0.24,11.5,0.25,17.0,0.01,0.01,2350.17596,1776372670000
1776372671.814,71.814,0.76,10.0,0.75,22.0,0.77,192.35,0.78,179.5,0.23,192.34,0.22,179.5,0.24,10.0,0.25,22.0,0.01,0.01,2350.17596,1776372670000
1776372672.378,72.378,0.74,136.5,0.73,180.5,0.75,33.0,0.76,22.0,0.23,192.35,0.22,179.5,0.24,10.0,0.25,22.0,0.01,0.01,2350.312547,1776372671000
1776372672.588,72.588,0.77,10.0,0.76,20.5,0.78,89.43,0.79,110.0,0.22,92.0,0.21,100.0,0.25,130.5,0.26,234.49,0.01,0.03,2350.312547,1776372671000
1776372672.825,72.825,0.79,33.23,0.78,15.0,0.8,186.5,0.81,55.0,0.22,82.66,0.21,100.0,0.23,54.99,0.24,148.5,0.01,0.01,2350.312547,1776372671000
1776372673.154,73.154,0.79,33.23,0.78,15.0,0.8,148.57,0.81,55.0,0.2,150.5,0.19,55.0,0.21,33.23,0.22,15.0,0.01,0.01,2350.312547,1776372671000
1776372673.499,73.499,0.79,33.23,0.78,15.0,0.8,95.42,0.81,55.0,0.2,142.32,0.19,55.0,0.21,49.23,0.22,15.0,0.01,0.01,2350.406057,1776372672000
1776372673.813,73.813,0.79,33.23,0.78,15.0,0.8,151.17,0.81,55.0,0.2,95.42,0.19,55.0,0.21,33.23,0.22,15.0,0.01,0.01,2350.406057,1776372672000
1776372674.149,74.149,0.79,33.23,0.78,15.0,0.8,113.91,0.81,55.0,0.2,115.54,0.19,55.0,0.21,33.23,0.22,15.0,0.01,0.01,2350.406057,1776372672000
1776372674.944,74.944,0.79,83.5,0.78,125.5,0.81,8.8,0.82,95.5,0.2,83.41,0.19,10.5,0.21,38.0,0.22,125.5,0.02,0.01,2350.460149,1776372673000
1776372675.306,75.306,0.81,54.0,0.8,15.0,0.82,78.64,0.83,45.0,0.18,69.86,0.17,40.0,0.2,54.0,0.21,25.5,0.01,0.02,2350.779402,1776372674000
1776372675.802,75.802,0.81,38.21,0.8,21.01,0.82,76.2,0.83,45.0,0.18,77.42,0.17,45.0,0.19,38.21,0.2,15.0,0.01,0.01,2350.779402,1776372674000
1776372676.225,76.225,0.81,7.15,0.8,21.01,0.82,66.2,0.83,45.0,0.18,76.2,0.17,45.0,0.19,21.15,0.2,21.01,0.01,0.01,2350.813654,1776372675000
1776372677.244,77.244,0.81,7.15,0.8,21.01,0.82,74.2,0.83,65.5,0.18,66.2,0.17,45.0,0.19,7.15,0.2,21.01,0.01,0.01,2350.813654,1776372675000
1776372677.673,77.673,0.8,3.01,0.79,10.0,0.81,139.5,0.82,104.2,0.18,74.2,0.17,65.5,0.19,7.15,0.2,21.01,0.01,0.01,2350.795871,1776372676000
1776372678.336,78.336,0.79,7.0,0.78,15.0,0.8,56.5,0.81,88.5,0.19,124.5,0.18,104.2,0.21,7.0,0.22,25.5,0.01,0.02,2350.795871,1776372676000
1776372678.619,78.619,0.79,7.0,0.78,15.0,0.8,41.0,0.81,88.5,0.2,51.5,0.19,88.5,0.21,2.0,0.22,15.0,0.01,0.01,2350.792438,1776372677000
1776372679.499,79.499,0.77,15.0,0.76,22.0,0.78,77.71,0.79,64.5,0.2,41.0,0.19,88.5,0.21,7.0,0.22,15.0,0.01,0.01,2350.740729,1776372678000
1776372679.823,79.823,0.77,9.6,0.76,22.0,0.78,77.71,0.79,64.5,0.22,77.71,0.21,64.5,0.23,15.0,0.24,22.0,0.01,0.01,2350.740729,1776372678000
1776372680.242,80.242,0.76,22.0,0.75,19.0,0.78,57.5,0.79,54.5,0.22,77.71,0.21,64.5,0.23,9.6,0.24,22.0,0.02,0.01,2350.669545,1776372679000
1776372682.89,82.89,0.75,15.0,0.74,25.0,0.77,119.5,0.78,110.5,0.22,57.5,0.21,54.5,0.24,22.0,0.25,19.0,0.02,0.02,2350.597906,1776372681000
1776372683.473,83.473,0.75,25.0,0.74,35.5,0.76,18.42,0.77,25.0,0.23,119.5,0.22,110.5,0.25,15.0,0.26,25.0,0.01,0.02,2350.46716,1776372682000
1776372684.187,84.187,0.75,25.0,0.74,35.5,0.76,12.11,0.77,15.0,0.24,18.42,0.23,25.0,0.25,25.0,0.26,35.5,0.01,0.01,2350.46716,1776372682000
1776372687.432,87.432,0.75,27.0,0.74,15.0,0.76,25.0,0.77,35.5,0.24,12.11,0.23,15.0,0.25,25.0,0.26,35.5,0.01,0.01,2350.357629,1776372686000
1776372690.121,90.121,0.75,15.0,0.74,35.5,0.76,20.0,0.77,20.0,0.24,25.0,0.23,35.5,0.25,27.0,0.26,15.0,0.01,0.01,2350.342742,1776372688000
1776372690.367,90.367,0.75,15.0,0.74,25.0,0.76,17.36,0.77,30.5,0.24,20.0,0.23,20.0,0.25,15.0,0.26,35.5,0.01,0.01,2350.342742,1776372688000
1776372691.349,91.349,0.76,19.9,0.75,10.0,0.77,10.0,0.78,115.5,0.24,10.0,0.23,30.5,0.26,25.0,0.27,63.5,0.01,0.02,2350.336051,1776372690000
1776372691.773,91.773,0.76,19.9,0.75,25.5,0.77,8.44,0.78,105.0,0.23,10.0,0.22,115.5,0.24,19.9,0.25,10.0,0.01,0.01,2350.336051,1776372690000
1776372692.401,92.401,0.76,22.0,0.75,15.0,0.77,21.94,0.78,105.5,0.23,8.44,0.22,105.0,0.24,14.9,0.25,25.5,0.01,0.01,2350.336051,1776372690000
1776372692.814,92.814,0.76,10.0,0.75,15.0,0.77,15.0,0.78,105.5,0.23,21.94,0.22,105.5,0.24,22.0,0.25,15.0,0.01,0.01,2350.32886,1776372691000
1776372693.164,93.164,0.75,15.0,0.74,42.74,0.76,6.0,0.77,13.2,0.23,13.2,0.22,105.5,0.24,10.0,0.25,15.0,0.01,0.01,2350.328855,1776372692000
1776372693.441,93.441,0.74,10.0,0.73,25.0,0.75,19.0,0.76,145.5,0.24,6.0,0.23,13.2,0.25,15.0,0.26,42.74,0.01,0.01,2350.328855,1776372692000
1776372693.668,93.668,0.72,27.78,0.69,85.0,0.74,186.5,0.75,81.5,0.25,19.0,0.24,145.5,0.26,10.0,0.27,25.0,0.02,0.01,2350.328855,1776372692000
1776372695.055,95.055,0.68,5.0,0.67,14.0,0.69,241.97,0.7,81.5,0.27,10.5,0.26,206.5,0.31,85.0,0.32,125.0,0.01,0.04,2350.334663,1776372693000
1776372695.516,95.516,0.65,150.0,0.64,55.0,0.66,31.0,0.69,257.97,0.31,241.97,0.3,81.5,0.32,5.0,0.33,14.0,0.01,0.01,2349.997162,1776372694000
1776372696.528,96.528,0.65,157.0,0.64,55.0,0.66,47.0,0.67,95.5,0.34,110.45,0.33,25.5,0.35,150.0,0.36,55.0,0.01,0.01,2349.57338,1776372695000
1776372698.95,98.95,0.65,83.57,0.64,55.0,0.66,57.0,0.67,95.5,0.34,47.0,0.33,95.5,0.35,157.0,0.36,55.0,0.01,0.01,2349.308034,1776372697000
1776372699.542,99.542,0.63,50.0,0.62,65.0,0.66,174.5,0.67,95.5,0.34,57.0,0.33,95.5,0.35,83.57,0.36,55.0,0.03,0.01,2349.294706,1776372698000
1776372703.727,103.727,0.56,3.59,0.54,30.0,0.57,15.0,0.58,15.0,0.34,174.5,0.33,95.5,0.37,50.0,0.38,65.0,0.01,0.03,2349.115738,1776372702000
1776372704.265,104.265,0.56,122.43,0.55,36.26,0.58,5.0,0.6,25.0,0.43,30.5,0.42,85.0,0.44,3.49,0.46,30.0,0.02,0.01,2349.022914,1776372703000
1776372704.485,104.485,0.59,93.5,0.58,59.5,0.63,4.16,0.64,75.0,0.42,5.0,0.4,25.0,0.44,122.43,0.45,36.26,0.04,0.02,2349.022914,1776372703000
1776372705.533,105.533,0.62,46.0,0.61,33.5,0.63,41.16,0.64,85.0,0.37,4.16,0.36,75.0,0.41,93.5,0.42,59.5,0.01,0.04,2349.022914,1776372703000
1776372705.971,105.971,0.62,21.0,0.61,18.5,0.63,30.04,0.64,85.0,0.37,23.04,0.36,85.0,0.38,87.5,0.39,38.5,0.01,0.01,2348.808066,1776372704000
1776372706.918,106.918,0.57,11.52,0.56,18.99,0.58,10.0,0.59,115.0,0.37,20.04,0.36,85.0,0.38,0.8,0.39,18.5,0.01,0.01,2349.004371,1776372706000
1776372708.249,108.249,0.57,10.5,0.56,18.99,0.58,37.0,0.59,105.0,0.42,10.0,0.41,115.0,0.43,11.52,0.44,18.99,0.01,0.01,2349.10163,1776372707000
1776372713.687,113.687,0.57,58.5,0.56,43.99,0.58,8.27,0.59,90.0,0.42,37.0,0.41,105.0,0.43,10.5,0.44,18.99,0.01,0.01,2348.83655,1776372712000
1776372716.087,116.087,0.55,50.5,0.54,35.0,0.57,96.0,0.58,18.27,0.42,8.27,0.41,90.0,0.43,58.5,0.44,43.99,0.02,0.01,2348.831165,1776372714000
1776372718.592,118.592,0.55,35.0,0.54,35.0,0.56,88.87,0.57,35.5,0.44,15.0,0.43,73.0,0.45,45.5,0.46,35.0,0.01,0.01,2348.836415,1776372716000
1776372721.283,121.283,0.48,90.0,0.47,160.0,0.5,256.5,0.51,75.5,0.44,88.87,0.43,35.5,0.45,35.0,0.46,35.0,0.02,0.01,2348.781993,1776372719000
1776372723.084,123.084,0.45,0.5,0.44,10.0,0.46,10.0,0.47,25.0,0.5,256.5,0.49,75.5,0.52,90.0,0.53,160.0,0.01,0.02,2348.550995,1776372721000
1776372723.313,123.313,0.46,29.86,0.45,65.0,0.48,9.59,0.49,10.0,0.54,10.0,0.53,25.0,0.56,4.0,0.57,114.0,0.02,0.02,2348.23715,1776372722000
1776372723.61,123.61,0.47,42.02,0.46,54.5,0.48,9.39,0.49,10.0,0.52,9.39,0.51,10.0,0.54,50.0,0.55,58.0,0.01,0.02,2348.23715,1776372722000
1776372724.033,124.033,0.47,65.02,0.46,59.5,0.49,10.0,0.5,20.0,0.52,3.78,0.51,10.0,0.53,42.02,0.54,54.5,0.02,0.01,2348.23715,1776372722000
1776372725.384,125.384,0.49,83.5,0.48,39.5,0.5,8.0,0.51,65.0,0.51,10.0,0.5,20.0,0.53,65.02,0.54,59.5,0.01,0.02,2348.006369,1776372724000
1776372725.655,125.655,0.49,48.42,0.48,34.5,0.5,8.0,0.51,60.0,0.5,8.0,0.49,65.0,0.51,71.42,0.52,34.5,0.01,0.01,2348.006369,1776372724000
1776372726.547,126.547,0.49,84.37,0.48,34.5,0.5,8.0,0.51,60.0,0.5,8.0,0.49,60.0,0.51,71.34,0.52,34.5,0.01,0.01,2348.358529,1776372725000
1776372729.933,129.933,0.52,60.5,0.51,41.74,0.53,7.75,0.54,50.0,0.5,8.0,0.49,60.0,0.51,69.37,0.52,34.5,0.01,0.01,2348.372615,1776372728000
1776372733.882,133.882,0.55,17.5,0.54,41.3,0.56,56.0,0.57,75.0,0.47,7.75,0.46,50.0,0.48,60.5,0.49,41.74,0.01,0.01,2348.586872,1776372731000
1776372735.693,135.693,0.55,18.16,0.54,41.3,0.56,61.0,0.57,75.0,0.44,56.0,0.43,75.0,0.45,24.83,0.46,46.3,0.01,0.01,2348.766706,1776372734000
1776372736.855,136.855,0.52,22.3,0.5,40.5,0.55,74.5,0.56,148.5,0.44,61.0,0.43,75.0,0.45,18.16,0.46,41.3,0.03,0.01,2348.82332,1776372735000
1776372737.287,137.287,0.53,88.6,0.52,48.0,0.55,15.0,0.56,35.0,0.45,71.0,0.44,118.0,0.47,4.6,0.48,26.0,0.02,0.02,2348.75894,1776372736000
1776372739.08,139.08,0.53,2.0,0.52,16.0,0.54,91.5,0.55,25.5,0.45,15.0,0.44,35.0,0.47,88.6,0.48,48.0,0.01,0.02,2348.82945,1776372737000
1776372739.473,139.473,0.52,7.0,0.51,26.5,0.55,8.74,0.56,70.5,0.46,91.5,0.45,25.5,0.47,2.0,0.48,16.0,0.03,0.01,2348.691882,1776372738000
1776372740.599,140.599,0.51,36.5,0.5,31.5,0.53,15.0,0.54,15.0,0.45,8.74,0.44,70.5,0.48,2.0,0.49,26.5,0.02,0.03,2348.75218,1776372739000
1776372742.642,142.642,0.51,42.48,0.5,87.5,0.53,25.0,0.54,25.5,0.47,15.0,0.46,15.0,0.49,13.48,0.5,31.5,0.02,0.02,2348.592964,1776372741000
1776372746.296,146.296,0.53,98.5,0.52,123.5,0.54,31.47,0.56,30.0,0.47,25.0,0.46,25.5,0.49,42.48,0.5,87.5,0.01,0.02,2348.609925,1776372745000
1776372747.492,147.492,0.5,66.0,0.49,85.0,0.54,98.5,0.55,25.5,0.44,30.0,0.43,110.5,0.47,66.5,0.48,91.5,0.04,0.03,2348.609925,1776372745000
1776372749.207,149.207,0.5,17.0,0.49,135.5,0.54,8.16,0.55,25.5,0.49,28.06,0.48,25.5,0.51,85.0,0.52,25.0,0.04,0.02,2348.627213,1776372748000
1776372749.41,149.41,0.51,6.81,0.5,10.0,0.54,18.16,0.55,15.5,0.46,8.16,0.45,25.5,0.5,17.0,0.51,135.5,0.03,0.04,2348.627213,1776372748000
1776372749.657,149.657,0.51,15.81,0.5,19.0,0.53,6.88,0.54,18.16,0.46,18.16,0.45,15.5,0.49,6.81,0.5,10.0,0.02,0.03,2348.627213,1776372748000
1776372750.272,150.272,0.52,56.5,0.51,36.31,0.54,22.99,0.55,20.5,0.47,6.88,0.46,18.16,0.49,15.81,0.5,19.0,0.02,0.02,2348.627213,1776372748000
1776372752.874,152.874,0.49,85.0,0.48,51.0,0.51,10.0,0.52,20.5,0.46,22.99,0.45,20.5,0.48,56.5,0.49,36.31,0.02,0.02,2348.536059,1776372751000
1776372754.254,154.254,0.53,119.5,0.52,82.5,0.54,35.28,0.55,20.0,0.48,5.0,0.47,15.0,0.5,51.16,0.51,80.0,0.01,0.02,2348.536322,1776372752000
1776372754.58,154.58,0.53,34.0,0.52,30.0,0.54,13.07,0.55,30.0,0.46,15.28,0.45,20.0,0.47,144.5,0.48,92.5,0.01,0.01,2348.536322,1776372753000
1776372755.323,155.323,0.53,30.0,0.52,35.0,0.54,15.0,0.55,45.5,0.45,30.0,0.44,115.0,0.47,34.0,0.48,30.0,0.01,0.02,2348.536322,1776372753000
1776372756.424,156.424,0.53,57.37,0.52,70.5,0.54,4.89,0.55,50.5,0.46,4.89,0.45,50.5,0.47,30.0,0.48,35.0,0.01,0.01,2348.50293,1776372755000
1776372757.014,157.014,0.53,13.08,0.52,25.0,0.54,75.39,0.55,145.5,0.46,4.89,0.45,50.5,0.47,57.37,0.48,70.5,0.01,0.01,2348.50293,1776372755000
1776372759.986,159.986,0.47,50.0,0.46,155.5,0.48,53.0,0.49,25.5,0.49,66.69,0.48,15.0,0.51,70.0,0.52,80.5,0.01,0.02,2348.506164,1776372758000
1776372762.88,162.88,0.46,185.0,0.45,90.5,0.47,52.5,0.48,48.0,0.52,53.0,0.51,25.5,0.53,50.0,0.54,155.5,0.01,0.01,2348.435638,1776372761000
1776372763.362,163.362,0.46,169.0,0.45,60.0,0.47,32.96,0.48,25.5,0.53,52.5,0.52,48.0,0.54,185.0,0.55,90.5,0.01,0.01,2348.435638,1776372761000
1776372763.579,163.579,0.46,135.0,0.45,60.0,0.47,208.05,0.48,68.5,0.53,32.96,0.52,25.5,0.54,169.0,0.55,60.0,0.01,0.01,2348.383949,1776372762000
1776372764.449,164.449,0.42,100.0,0.41,100.0,0.44,65.0,0.45,82.5,0.53,208.05,0.52,68.5,0.54,135.0,0.55,60.0,0.02,0.01,2348.383517,1776372763000
1776372768.908,168.908,0.34,10.96,0.33,230.0,0.35,25.5,0.36,17.11,0.56,65.0,0.55,82.5,0.58,100.0,0.59,100.0,0.01,0.02,2347.93572,1776372767000
1776372769.222,169.222,0.33,235.5,0.32,60.5,0.35,15.0,0.36,17.11,0.65,25.5,0.64,17.11,0.66,7.96,0.67,230.0,0.02,0.01,2347.93572,1776372767000
1776372770.996,170.996,0.33,17.86,0.32,60.5,0.34,8.91,0.35,15.0,0.66,3.91,0.65,15.0,0.67,269.5,0.68,60.5,0.01,0.01,2347.920041,1776372769000
1776372771.769,171.769,0.33,9.86,0.32,60.5,0.34,13.91,0.35,15.0,0.66,8.91,0.65,15.0,0.67,17.86,0.68,60.5,0.01,0.01,2347.714234,1776372770000
1776372774.832,174.832,0.33,206.86,0.32,20.5,0.39,10.0,0.4,35.0,0.66,13.91,0.65,15.0,0.67,9.86,0.68,60.5,0.06,0.01,2347.725521,1776372773000
1776372775.674,175.674,0.37,78.0,0.36,5.0,0.38,55.36,0.39,35.0,0.6,6.4,0.59,20.0,0.62,6.08,0.63,200.0,0.01,0.02,2347.725373,1776372774000
1776372776.508,176.508,0.37,95.41,0.36,10.5,0.38,12.36,0.39,20.0,0.62,12.36,0.61,20.0,0.63,78.0,0.64,5.0,0.01,0.01,2347.73894,1776372775000
1776372777.49,177.49,0.37,95.41,0.36,80.5,0.38,5.0,0.39,10.0,0.62,12.36,0.61,20.0,0.63,95.41,0.64,10.5,0.01,0.01,2347.873886,1776372776000
1776372777.735,177.735,0.37,90.25,0.36,80.5,0.38,5.0,0.39,10.0,0.62,5.0,0.61,10.0,0.63,95.41,0.64,80.5,0.01,0.01,2347.873886,1776372776000
1776372778.639,178.639,0.36,84.12,0.35,95.5,0.41,30.0,0.42,25.0,0.62,5.0,0.61,10.0,0.63,90.25,0.64,80.5,0.05,0.01,2347.938915,1776372777000
1776372778.995,178.995,0.4,8.01,0.39,10.0,0.42,25.0,0.43,10.0,0.59,30.0,0.58,25.0,0.64,84.12,0.65,95.5,0.02,0.05,2347.938915,1776372777000
1776372779.697,179.697,0.37,10.0,0.35,5.0,0.4,80.57,0.42,65.0,0.58,25.0,0.57,10.0,0.6,11.34,0.61,10.0,0.03,0.02,2347.984545,1776372778000
1776372779.928,179.928,0.34,36.9,0.33,35.0,0.35,26.0,0.36,10.0,0.6,85.37,0.58,65.0,0.65,5.0,0.66,21.0,0.01,0.05,2347.984545,1776372778000
1776372780.133,180.133,0.34,45.0,0.33,44.0,0.35,26.0,0.36,10.0,0.65,26.0,0.64,10.0,0.66,36.9,0.67,35.0,0.01,0.01,2347.984545,1776372778000
1776372780.686,180.686,0.34,98.0,0.33,35.0,0.35,23.02,0.36,10.0,0.65,26.0,0.64,10.0,0.66,45.0,0.67,44.0,0.01,0.01,2347.984545,1776372778000
1776372781.4,181.4,0.34,62.0,0.33,155.26,0.35,20.16,0.36,15.0,0.65,23.02,0.64,10.0,0.66,98.0,0.67,35.0,0.01,0.01,2348.03232,1776372779000
1776372781.601,181.601,0.34,59.83,0.33,155.26,0.35,20.16,0.36,15.0,0.65,15.16,0.64,15.0,0.66,62.0,0.67,155.26,0.01,0.01,2348.082199,1776372780000
1776372782.092,182.092,0.34,84.83,0.33,165.26,0.36,15.0,0.37,10.0,0.65,20.16,0.64,15.0,0.66,59.83,0.67,155.26,0.02,0.01,2348.082199,1776372780000
1776372782.463,182.463,0.35,35.0,0.34,176.83,0.36,10.0,0.37,10.0,0.64,15.0,0.63,10.0,0.66,84.83,0.67,165.26,0.01,0.02,2347.99982,1776372781000
1776372784.115,184.115,0.34,236.83,0.33,51.3,0.36,6.69,0.37,10.0,0.64,10.0,0.63,10.0,0.65,35.0,0.66,176.83,0.02,0.01,2347.971589,1776372782000
1776372784.557,184.557,0.34,95.31,0.33,51.3,0.35,21.0,0.36,6.69,0.64,22.69,0.63,10.0,0.66,95.31,0.67,51.3,0.01,0.02,2347.971589,1776372782000
1776372785.155,185.155,0.34,95.31,0.33,101.37,0.35,15.28,0.36,6.69,0.65,21.0,0.64,6.69,0.66,95.31,0.67,51.3,0.01,0.01,2348.018854,1776372783000
1776372785.535,185.535,0.34,90.0,0.33,101.37,0.35,19.19,0.36,6.69,0.65,15.28,0.64,6.69,0.66,95.31,0.67,101.37,0.01,0.01,2348.018854,1776372783000
1776372786.479,186.479,0.33,51.3,0.32,16.5,0.35,58.19,0.36,6.69,0.65,19.19,0.64,6.69,0.66,90.0,0.67,101.37,0.02,0.01,2347.989589,1776372785000
1776372787.663,187.663,0.32,34.0,0.31,85.5,0.33,37.25,0.34,20.5,0.65,58.19,0.64,6.69,0.67,16.3,0.68,16.5,0.01,0.02,2347.913646,1776372786000
1776372790.537,190.537,0.15,17.02,0.14,29.9,0.32,195.0,0.33,30.5,0.67,37.25,0.66,20.5,0.68,34.0,0.69,85.5,0.17,0.01,2347.825424,1776372789000
1776372790.739,190.739,0.22,62.38,0.21,70.0,0.28,6.94,0.31,50.0,0.72,6.94,0.69,50.0,0.78,66.19,0.79,70.0,0.06,0.06,2347.825424,1776372789000
1776372790.945,190.945,0.22,16.14,0.21,70.0,0.25,6.66,0.29,25.0,0.72,6.94,0.71,5.0,0.78,12.38,0.79,70.0,0.03,0.06,2347.825424,1776372789000
1776372791.304,191.304,0.23,2.51,0.22,12.38,0.24,6.57,0.25,23.0,0.75,6.66,0.71,25.0,0.78,16.14,0.79,70.0,0.01,0.03,2347.755819,1776372790000
1776372791.539,191.539,0.23,3.0,0.21,80.47,0.27,50.05,0.29,20.0,0.73,10.55,0.72,6.0,0.77,8.0,0.79,80.47,0.04,0.04,2347.755819,1776372790000
1776372792.044,192.044,0.23,89.16,0.22,10.5,0.24,10.0,0.25,10.0,0.73,50.05,0.71,20.0,0.77,3.0,0.79,80.47,0.01,0.04,2347.755819,1776372790000
1776372792.293,192.293,0.23,34.7,0.22,10.5,0.25,5.0,0.27,26.55,0.76,10.0,0.75,15.0,0.77,79.94,0.78,10.5,0.02,0.01,2347.296005,1776372791000
1776372792.58,192.58,0.28,113.42,0.27,85.0,0.29,10.0,0.3,16.0,0.71,15.82,0.7,16.0,0.72,35.72,0.74,80.0,0.01,0.01,2347.296005,1776372791000
1776372792.94,192.94,0.31,53.0,0.3,104.0,0.37,9.56,0.38,15.0,0.71,8.46,0.7,16.0,0.72,113.42,0.73,85.0,0.06,0.01,2347.296005,1776372791000
1776372793.214,193.214,0.35,13.89,0.34,25.0,0.37,10.0,0.41,31.9,0.62,10.0,0.61,7.25,0.64,2.0,0.65,29.28,0.02,0.02,2347.296005,1776372791000
1776372793.61,193.61,0.36,11.69,0.35,13.89,0.38,7.63,0.39,10.0,0.63,10.0,0.62,10.0,0.64,6.69,0.65,23.89,0.02,0.01,2347.184395,1776372792000
1776372794.836,194.836,0.35,60.88,0.34,10.0,0.37,10.0,0.38,14.63,0.62,7.63,0.61,10.0,0.64,11.69,0.65,13.89,0.02,0.02,2347.299824,1776372793000
1776372795.507,195.507,0.35,45.49,0.34,10.0,0.37,45.2,0.38,14.63,0.63,10.0,0.62,14.63,0.65,60.88,0.66,10.0,0.02,0.02,2347.760717,1776372794000
1776372795.899,195.899,0.35,51.61,0.34,20.0,0.39,7.0,0.42,140.0,0.63,45.2,0.62,14.63,0.65,45.49,0.66,10.0,0.04,0.02,2347.760717,1776372794000
1776372796.126,196.126,0.35,10.0,0.34,10.0,0.36,6.94,0.4,15.0,0.61,7.0,0.58,140.0,0.65,51.61,0.66,20.0,0.01,0.04,2347.760717,1776372794000
1776372796.664,196.664,0.35,31.24,0.34,10.0,0.36,10.0,0.37,10.0,0.63,10.0,0.62,10.0,0.65,8.46,0.66,20.0,0.01,0.02,2347.862217,1776372795000
1776372797.034,197.034,0.35,29.7,0.34,20.0,0.36,10.0,0.37,10.0,0.62,10.0,0.61,10.0,0.65,31.24,0.66,10.0,0.01,0.03,2347.862217,1776372795000
1776372797.51,197.51,0.36,18.03,0.35,39.7,0.4,23.0,0.42,151.0,0.64,5.52,0.63,10.0,0.65,29.7,0.66,20.0,0.04,0.01,2347.862217,1776372795000
1776372797.897,197.897,0.37,10.0,0.36,18.03,0.39,7.17,0.4,10.0,0.6,23.0,0.58,151.0,0.64,18.03,0.65,39.7,0.02,0.04,2347.969752,1776372796000
1776372798.256,198.256,0.37,6.82,0.36,8.03,0.39,7.17,0.4,10.0,0.61,7.17,0.6,10.0,0.63,8.41,0.64,18.03,0.02,0.02,2347.969752,1776372796000
1776372799.066,199.066,0.38,33.9,0.37,26.82,0.39,22.27,0.4,10.0,0.61,7.17,0.6,10.0,0.63,6.82,0.64,8.03,0.01,0.02,2347.91243,1776372797000
1776372799.456,199.456,0.38,57.28,0.37,51.82,0.39,22.27,0.4,10.0,0.61,22.27,0.6,10.0,0.62,33.9,0.63,26.82,0.01,0.01,2347.89516,1776372798000
1776372801.546,201.546,0.38,40.28,0.37,40.5,0.39,9.5,0.4,15.0,0.61,27.27,0.6,15.0,0.62,44.28,0.63,31.82,0.01,0.01,2347.94953,1776372800000
1776372805.624,205.624,0.38,103.78,0.37,30.0,0.4,2.33,0.41,30.0,0.61,9.5,0.6,15.0,0.62,40.28,0.63,40.5,0.02,0.01,2347.996365,1776372804000
1776372805.984,205.984,0.39,10.0,0.38,33.88,0.42,10.0,0.43,20.5,0.56,172.0,0.55,75.0,0.59,5.0,0.62,66.38,0.03,0.03,2347.996365,1776372804000
1776372806.516,206.516,0.42,29.0,0.41,15.0,0.43,8.52,0.44,37.0,0.57,20.5,0.56,52.0,0.59,10.0,0.6,15.0,0.01,0.02,2348.057092,1776372805000
1776372807.596,207.596,0.45,32.0,0.44,15.0,0.46,9.07,0.47,185.0,0.57,8.52,0.56,37.0,0.58,29.0,0.59,15.0,0.01,0.01,2348.060322,1776372806000
1776372808.075,208.075,0.45,22.0,0.44,5.0,0.46,17.39,0.47,185.0,0.54,9.07,0.53,185.0,0.55,32.0,0.56,15.0,0.01,0.01,2348.12527,1776372807000
1776372808.887,208.887,0.45,22.0,0.44,5.0,0.46,12.39,0.47,185.0,0.54,17.39,0.53,185.0,0.55,22.0,0.56,5.0,0.01,0.01,2348.12527,1776372807000
1776372811.201,211.201,0.46,12.79,0.45,15.0,0.47,185.0,0.48,45.5,0.54,12.39,0.53,185.0,0.55,22.0,0.56,5.0,0.01,0.01,2348.292232,1776372809000
1776372813.469,213.469,0.48,105.5,0.47,65.5,0.51,89.4,0.52,25.0,0.53,185.0,0.52,45.5,0.54,7.69,0.55,15.0,0.03,0.01,2348.333175,1776372812000
1776372814.506,214.506,0.5,104.98,0.49,34.5,0.51,0.13,0.53,50.0,0.49,78.15,0.48,25.0,0.5,67.0,0.51,19.0,0.01,0.01,2348.429913,1776372813000
1776372815.718,215.718,0.56,92.72,0.55,55.0,0.57,155.0,0.58,145.0,0.47,50.0,0.46,35.0,0.5,104.98,0.51,34.5,0.01,0.03,2348.48363,1776372814000
1776372816.108,216.108,0.55,15.0,0.54,15.0,0.57,131.0,0.58,150.0,0.43,155.0,0.42,145.0,0.44,92.72,0.45,55.0,0.02,0.01,2348.48363,1776372814000
1776372816.622,216.622,0.56,10.0,0.55,15.0,0.57,90.5,0.58,160.5,0.43,90.5,0.42,160.5,0.44,10.0,0.45,15.0,0.01,0.01,2348.648922,1776372815000
1776372817.254,217.254,0.52,44.96,0.51,15.0,0.57,45.5,0.58,160.5,0.43,90.5,0.42,160.5,0.44,10.0,0.45,15.0,0.05,0.01,2348.67711,1776372816000
1776372817.492,217.492,0.56,10.0,0.55,15.0,0.57,25.5,0.58,135.5,0.43,45.5,0.42,160.5,0.48,44.96,0.49,15.0,0.01,0.05,2348.67711,1776372816000
1776372817.8,217.8,0.56,5.0,0.55,15.0,0.57,15.0,0.58,135.5,0.43,25.5,0.42,135.5,0.44,10.0,0.45,15.0,0.01,0.01,2348.67711,1776372816000
1776372818.904,218.904,0.56,5.0,0.55,20.0,0.57,19.5,0.58,135.5,0.43,15.0,0.42,135.5,0.44,5.0,0.45,15.0,0.01,0.01,2348.72052,1776372817000
1776372819.227,219.227,0.55,9.0,0.54,30.0,0.57,19.5,0.58,135.5,0.43,19.5,0.42,135.5,0.44,5.0,0.45,20.0,0.02,0.01,2348.72052,1776372817000
1776372819.644,219.644,0.54,35.0,0.53,50.0,0.55,56.1,0.56,30.5,0.43,19.5,0.42,135.5,0.45,9.0,0.46,30.0,0.01,0.02,2348.691137,1776372818000
1776372819.844,219.844,0.54,40.0,0.53,45.0,0.55,17.73,0.56,35.5,0.45,16.06,0.44,35.5,0.46,40.0,0.47,45.0,0.01,0.01,2348.691137,1776372818000
1776372820.526,220.526,0.54,54.0,0.53,60.0,0.55,8.63,0.56,85.5,0.45,17.73,0.44,35.5,0.46,40.0,0.47,45.0,0.01,0.01,2348.718896,1776372819000
1776372823.07,223.07,0.52,20.0,0.51,25.0,0.53,20.5,0.54,61.5,0.45,8.63,0.44,85.5,0.46,54.0,0.47,60.0,0.01,0.01,2348.646363,1776372821000
1776372831.757,231.757,0.47,25.0,0.46,10.0,0.48,39.41,0.49,63.5,0.47,20.5,0.46,61.5,0.48,20.0,0.49,25.0,0.01,0.01,2348.44556,1776372830000
1776372832.82,232.82,0.47,25.0,0.46,50.5,0.48,19.34,0.49,48.0,0.52,39.41,0.51,63.5,0.53,25.0,0.54,10.0,0.01,0.01,2348.41754,1776372831000
1776372834.721,234.721,0.47,45.0,0.46,50.5,0.48,8.34,0.49,53.5,0.52,19.34,0.51,48.0,0.53,25.0,0.54,50.5,0.01,0.01,2348.419507,1776372832000
1776372837.311,237.311,0.47,55.0,0.46,80.5,0.48,1.25,0.49,53.5,0.52,8.34,0.51,53.5,0.53,45.0,0.54,50.5,0.01,0.01,2348.417953,1776372836000
1776372838.842,238.842,0.47,109.0,0.46,80.5,0.49,33.0,0.5,100.5,0.52,1.25,0.51,53.5,0.53,55.0,0.54,80.5,0.02,0.01,2348.416069,1776372837000
1776372840.076,240.076,0.48,109.0,0.47,129.0,0.49,13.0,0.5,75.0,0.51,33.0,0.5,100.5,0.53,109.0,0.54,80.5,0.01,0.02,2348.416527,1776372838000
1776372840.533,240.533,0.56,32.45,0.55,20.0,0.57,50.0,0.58,50.0,0.47,50.0,0.43,50.0,0.52,99.0,0.53,129.0,0.01,0.05,2348.416527,1776372839000
1776372840.931,240.931,0.56,33.98,0.55,20.0,0.57,50.0,0.58,55.0,0.43,50.0,0.42,50.0,0.44,32.45,0.45,20.0,0.01,0.01,2348.416527,1776372839000
1776372842.328,242.328,0.6,3.05,0.59,19.0,0.63,200.0,0.64,200.0,0.43,50.0,0.42,55.0,0.44,33.98,0.45,20.0,0.03,0.01,2348.421454,1776372840000
1776372844.609,244.609,0.65,39.0,0.64,29.0,0.66,72.59,0.67,125.0,0.37,200.0,0.36,200.0,0.4,3.05,0.41,19.0,0.01,0.03,2348.902947,1776372843000
1776372845.05,245.05,0.65,39.0,0.64,29.0,0.66,41.0,0.67,125.0,0.34,42.52,0.33,125.0,0.35,39.0,0.36,29.0,0.01,0.01,2348.902947,1776372843000
1776372845.815,245.815,0.65,39.0,0.64,29.0,0.66,14.41,0.67,125.0,0.34,39.25,0.33,125.0,0.35,39.0,0.36,29.0,0.01,0.01,2348.991131,1776372844000
1776372846.416,246.416,0.66,28.0,0.65,39.0,0.67,69.58,0.68,215.0,0.33,125.0,0.32,215.0,0.35,39.0,0.36,29.0,0.01,0.02,2348.991131,1776372844000
1776372847.201,247.201,0.66,28.0,0.65,39.0,0.67,68.08,0.68,215.0,0.33,69.58,0.32,215.0,0.34,28.0,0.35,39.0,0.01,0.01,2349.015302,1776372845000
1776372848.34,248.34,0.66,4.0,0.65,10.0,0.67,71.4,0.68,115.0,0.33,61.4,0.32,215.0,0.34,38.0,0.35,39.0,0.01,0.01,2349.020695,1776372846000
1776372849.302,249.302,0.57,6.44,0.5,24.4,0.58,15.0,0.59,80.0,0.33,57.72,0.32,115.0,0.34,4.0,0.35,10.0,0.01,0.01,2349.023684,1776372847000
1776372849.98,249.98,0.46,100.0,0.45,105.0,0.47,28.87,0.48,44.2,0.42,20.0,0.41,80.0,0.49,10.0,0.5,24.4,0.01,0.07,2349.023684,1776372848000
1776372850.967,250.967,0.46,90.0,0.45,105.0,0.47,28.76,0.48,20.0,0.53,28.87,0.52,44.2,0.54,100.0,0.55,105.0,0.01,0.01,2349.07752,1776372849000
1776372851.22,251.22,0.46,82.22,0.45,115.0,0.47,28.76,0.48,20.0,0.53,28.76,0.52,20.0,0.54,90.0,0.55,105.0,0.01,0.01,2349.07752,1776372849000
1776372851.995,251.995,0.46,50.0,0.45,45.0,0.48,12.28,0.49,15.0,0.53,28.76,0.52,20.0,0.54,74.44,0.55,115.0,0.02,0.01,2348.654201,1776372851000
1776372852.775,252.775,0.47,90.0,0.46,10.0,0.5,46.48,0.51,60.0,0.52,12.28,0.51,15.0,0.54,50.0,0.55,45.0,0.03,0.02,2348.654201,1776372851000
1776372854.299,254.299,0.48,40.0,0.47,10.0,0.49,10.0,0.5,79.48,0.5,69.48,0.49,55.0,0.52,10.0,0.53,90.0,0.01,0.02,2348.511926,1776372853000
1776372856.225,256.225,0.48,38.35,0.45,10.0,0.49,10.0,0.5,79.48,0.51,10.0,0.5,79.48,0.52,40.0,0.53,10.0,0.01,0.01,2348.516535,1776372854000
1776372856.539,256.539,0.51,19.0,0.5,19.0,0.53,9.05,0.54,80.0,0.51,10.0,0.5,79.48,0.52,38.35,0.55,10.0,0.02,0.01,2348.516296,1776372855000
1776372856.889,256.889,0.53,10.0,0.52,41.0,0.55,10.0,0.56,15.0,0.45,10.0,0.44,15.0,0.48,5.0,0.49,45.2,0.02,0.03,2348.485606,1776372856000
1776372857.472,257.472,0.48,73.35,0.44,20.0,0.52,54.2,0.53,35.0,0.45,10.0,0.44,15.0,0.47,10.0,0.48,41.0,0.04,0.02,2348.485606,1776372856000
1776372857.96,257.96,0.48,35.0,0.44,20.0,0.49,27.55,0.5,20.0,0.48,54.2,0.47,35.0,0.52,73.35,0.56,20.0,0.01,0.04,2348.485606,1776372856000
1776372858.243,258.243,0.48,35.0,0.44,20.0,0.49,58.55,0.5,45.0,0.51,27.55,0.5,20.0,0.52,35.0,0.56,20.0,0.01,0.01,2348.489948,1776372857000
1776372858.538,258.538,0.43,25.0,0.41,70.0,0.44,17.72,0.45,10.0,0.51,58.55,0.5,45.0,0.52,35.0,0.56,20.0,0.01,0.01,2348.489948,1776372857000
1776372862.488,262.488,0.39,195.0,0.38,18.38,0.41,5.0,0.42,18.78,0.56,17.72,0.55,10.0,0.57,25.0,0.59,70.0,0.02,0.01,2348.3356,1776372861000
1776372862.912,262.912,0.4,138.0,0.39,160.0,0.42,8.78,0.44,18.92,0.59,5.0,0.58,18.78,0.61,195.0,0.62,18.38,0.02,0.02,2348.3356,1776372861000
1776372863.369,263.369,0.57,10.0,0.56,10.0,0.58,89.87,0.59,15.0,0.51,50.0,0.48,25.0,0.52,7.69,0.53,15.0,0.01,0.01,2348.335643,1776372862000
1776372863.91,263.91,0.57,35.04,0.56,130.0,0.58,54.55,0.62,11.0,0.42,69.55,0.41,20.0,0.43,10.97,0.44,10.0,0.01,0.01,2348.335643,1776372862000
1776372864.205,264.205,0.57,89.2,0.56,70.0,0.65,71.78,0.67,5.0,0.36,5.0,0.35,75.0,0.43,79.2,0.44,70.0,0.08,0.07,2348.335643,1776372862000
1776372864.439,264.439,0.66,8.99,0.65,10.0,0.69,20.0,0.7,175.1,0.31,30.0,0.3,160.1,0.32,8.02,0.33,10.0,0.03,0.01,2348.343978,1776372863000
1776372864.716,264.716,0.64,9.6,0.63,10.0,0.68,10.0,0.69,20.0,0.32,3.92,0.31,30.0,0.34,8.99,0.35,10.0,0.04,0.02,2348.343978,1776372863000
1776372865.175,265.175,0.64,0.6,0.63,10.0,0.65,5.0,0.67,10.0,0.32,10.0,0.31,20.0,0.36,9.6,0.37,10.0,0.01,0.04,2348.343978,1776372863000
1776372865.413,265.413,0.65,10.0,0.64,0.6,0.67,6.63,0.68,10.0,0.33,7.38,0.32,10.0,0.36,0.6,0.37,10.0,0.02,0.03,2348.343978,1776372863000
1776372866.469,266.469,0.62,112.01,0.58,20.0,0.65,3.24,0.66,40.0,0.33,4.83,0.32,10.0,0.35,10.0,0.36,0.6,0.03,0.02,2348.83558,1776372865000
1776372866.771,266.771,0.56,10.0,0.54,130.0,0.59,72.38,0.6,65.0,0.35,3.24,0.34,40.0,0.38,112.01,0.42,20.0,0.03,0.03,2348.83558,1776372865000
1776372867.122,267.122,0.54,110.0,0.51,25.0,0.55,55.0,0.56,20.0,0.41,69.83,0.4,65.0,0.44,10.0,0.46,130.0,0.01,0.03,2348.83558,1776372865000
1776372867.34,267.34,0.54,99.14,0.51,25.0,0.55,40.0,0.56,20.0,0.45,55.0,0.44,20.0,0.46,99.14,0.49,25.0,0.01,0.01,2348.83558,1776372865000
1776372867.644,267.644,0.55,8.0,0.54,99.14,0.56,15.0,0.57,15.0,0.45,40.0,0.44,20.0,0.46,99.14,0.49,25.0,0.01,0.01,2348.83558,1776372865000
1776372867.859,267.859,0.54,90.96,0.51,35.0,0.56,15.0,0.57,15.0,0.44,15.0,0.43,15.0,0.45,8.0,0.46,99.14,0.02,0.01,2348.855211,1776372866000
1776372869.027,269.027,0.54,47.96,0.52,20.0,0.55,10.9,0.56,25.0,0.44,15.0,0.43,15.0,0.46,90.96,0.49,35.0,0.01,0.02,2348.626287,1776372868000
1776372869.516,269.516,0.54,18.39,0.51,45.0,0.55,74.9,0.56,80.0,0.45,10.9,0.44,25.0,0.46,47.96,0.48,20.0,0.01,0.01,2348.626287,1776372868000
1776372870.624,270.624,0.51,45.0,0.5,80.0,0.54,5.0,0.55,15.0,0.45,74.9,0.44,80.0,0.49,45.0,0.5,80.0,0.03,0.04,2348.571843,1776372869000
1776372871.651,271.651,0.53,10.0,0.52,10.0,0.54,4.44,0.55,15.0,0.46,5.0,0.45,15.0,0.49,45.0,0.5,80.0,0.01,0.03,2348.552634,1776372870000
1776372873.905,273.905,0.39,10.0,0.38,8.38,0.4,194.23,0.41,97.0,0.46,4.44,0.45,15.0,0.47,10.0,0.48,10.0,0.01,0.01,2348.507456,1776372872000
1776372874.23,274.23,0.37,67.24,0.36,15.0,0.39,229.0,0.4,34.23,0.6,194.23,0.59,97.0,0.61,10.0,0.62,8.38,0.02,0.01,2348.507456,1776372872000
1776372874.741,274.741,0.28,75.42,0.27,70.0,0.31,135.0,0.32,109.0,0.62,422.0,0.61,30.0,0.65,170.0,0.66,150.0,0.03,0.03,2348.533522,1776372873000
1776372875.15,275.15,0.28,78.83,0.27,70.0,0.29,9.44,0.3,15.0,0.71,70.0,0.7,62.0,0.72,78.83,0.73,70.0,0.01,0.01,2348.529042,1776372874000
1776372875.376,275.376,0.29,10.0,0.28,23.83,0.3,25.66,0.31,97.12,0.71,9.44,0.7,15.0,0.72,73.83,0.73,70.0,0.01,0.01,2348.529042,1776372874000
1776372875.583,275.583,0.29,0.22,0.28,23.83,0.31,97.12,0.32,25.0,0.69,97.12,0.68,25.0,0.7,3.22,0.71,10.0,0.02,0.01,2348.529042,1776372874000
1776372875.877,275.877,0.28,8.47,0.27,10.0,0.3,14.28,0.31,92.12,0.69,97.12,0.68,25.0,0.72,19.31,0.73,20.0,0.02,0.03,2348.529042,1776372874000
1776372876.151,276.151,0.25,10.0,0.24,125.0,0.26,20.0,0.29,10.0,0.7,44.28,0.69,92.12,0.74,10.0,0.75,10.0,0.01,0.04,2348.025329,1776372875000
1776372876.601,276.601,0.25,30.0,0.24,195.0,0.26,36.0,0.3,14.28,0.74,20.0,0.72,10.0,0.75,3.76,0.76,125.0,0.01,0.01,2348.025329,1776372875000
1776372877.348,277.348,0.31,68.0,0.3,10.0,0.33,1.23,0.34,10.0,0.68,5.59,0.67,10.0,0.71,10.0,0.72,10.0,0.02,0.03,2347.970138,1776372876000
1776372878.11,278.11,0.31,68.0,0.3,10.0,0.35,1.44,0.36,10.0,0.67,1.23,0.66,10.0,0.69,68.0,0.7,10.0,0.04,0.02,2347.970138,1776372877000
1776372878.418,278.418,0.37,10.0,0.36,34.0,0.38,15.63,0.39,35.0,0.65,1.44,0.64,10.0,0.69,68.0,0.7,10.0,0.01,0.04,2347.970138,1776372877000
1776372878.719,278.719,0.36,10.0,0.35,10.0,0.37,4.14,0.38,21.0,0.62,21.28,0.61,23.0,0.63,3.03,0.64,10.0,0.01,0.01,2347.970138,1776372877000
1776372879.406,279.406,0.36,6.67,0.35,10.0,0.37,65.0,0.38,38.0,0.63,4.14,0.62,21.0,0.64,10.0,0.65,10.0,0.01,0.01,2347.982707,1776372878000
1776372879.764,279.764,0.35,10.0,0.34,35.0,0.37,80.0,0.38,38.0,0.63,65.0,0.62,38.0,0.64,6.67,0.65,10.0,0.02,0.01,2347.982707,1776372878000
1776372880.668,280.668,0.35,50.0,0.34,115.0,0.37,5.0,0.38,5.0,0.64,47.19,0.63,38.0,0.65,20.0,0.66,35.0,0.02,0.01,2348.147985,1776372879000
1776372881.174,281.174,0.51,1.53,0.49,10.0,0.53,50.0,0.54,10.0,0.6,75.0,0.58,60.0,0.65,48.15,0.66,115.0,0.02,0.05,2348.147985,1776372879000
1776372881.411,281.411,0.5,7.92,0.49,10.0,0.52,10.0,0.53,60.0,0.47,50.0,0.46,10.0,0.49,1.53,0.51,10.0,0.02,0.02,2348.176291,1776372880000
1776372882.162,282.162,0.57,15.34,0.56,20.0,0.58,20.0,0.59,40.0,0.48,10.0,0.47,60.0,0.5,7.92,0.51,10.0,0.01,0.02,2348.176091,1776372881000
1776372883.127,283.127,0.57,48.34,0.56,20.0,0.58,3.64,0.59,40.0,0.42,20.0,0.41,40.0,0.43,15.34,0.44,20.0,0.01,0.01,2348.316135,1776372882000
1776372883.529,283.529,0.59,15.0,0.58,30.0,0.61,10.0,0.62,10.0,0.42,3.64,0.41,40.0,0.43,48.34,0.44,20.0,0.02,0.01,2348.316135,1776372882000
1776372883.871,283.871,0.6,15.0,0.59,15.0,0.62,10.0,0.63,10.0,0.37,10.0,0.36,65.0,0.41,15.0,0.42,40.0,0.02,0.04,2348.316135,1776372882000
1776372885.373,285.373,0.63,13.0,0.62,20.0,0.64,60.0,0.65,10.0,0.38,2.0,0.37,10.0,0.4,15.0,0.41,15.0,0.01,0.02,2348.519433,1776372884000
1776372886.985,286.985,0.63,3.0,0.62,10.0,0.64,38.12,0.65,10.0,0.36,60.0,0.35,10.0,0.37,13.0,0.38,20.0,0.01,0.01,2348.565869,1776372885000
1776372887.365,287.365,0.41,85.0,0.39,25.0,0.46,3.3,0.47,10.0,0.36,38.12,0.35,10.0,0.37,3.0,0.38,10.0,0.05,0.01,2348.571339,1776372886000
1776372887.574,287.574,0.41,44.96,0.39,25.0,0.42,11.38,0.43,15.0,0.58,11.38,0.57,15.0,0.59,50.0,0.61,25.0,0.01,0.01,2348.571339,1776372886000
1776372887.778,287.778,0.41,24.86,0.39,25.0,0.42,5.06,0.43,15.0,0.58,5.06,0.57,15.0,0.59,44.86,0.61,25.0,0.01,0.01,2348.571339,1776372886000
1776372887.986,287.986,0.41,52.83,0.39,25.0,0.42,10.06,0.43,15.0,0.58,0.06,0.57,15.0,0.59,54.52,0.61,25.0,0.01,0.01,2348.571339,1776372886000
1776372888.21,288.21,0.35,85.0,0.34,35.0,0.42,10.06,0.43,15.0,0.58,10.06,0.57,15.0,0.59,52.83,0.61,25.0,0.07,0.01,2348.671585,1776372887000
1776372889.431,289.431,0.31,87.5,0.3,105.0,0.32,15.0,0.33,15.0,0.58,10.06,0.57,15.0,0.65,85.0,0.66,35.0,0.01,0.07,2348.534891,1776372888000
1776372890.108,290.108,0.32,40.0,0.31,60.0,0.33,11.96,0.34,15.0,0.67,15.0,0.66,15.0,0.69,87.5,0.7,105.0,0.01,0.02,2348.534891,1776372888000
1776372890.605,290.605,0.32,64.0,0.31,60.0,0.41,50.0,0.45,6.0,0.67,11.96,0.66,15.0,0.68,40.0,0.69,60.0,0.09,0.01,2348.414328,1776372889000
1776372890.815,290.815,0.4,8.01,0.39,150.0,0.41,50.0,0.45,6.0,0.59,50.0,0.55,6.0,0.6,13.01,0.61,10.0,0.01,0.01,2348.414328,1776372889000
1776372891.484,291.484,0.44,15.0,0.43,15.0,0.45,1.25,0.46,80.0,0.55,6.0,0.54,50.0,0.6,8.39,0.61,150.0,0.01,0.05,2348.386802,1776372890000
1776372892.668,292.668,0.45,11.83,0.44,15.0,0.46,86.0,0.51,50.0,0.54,80.0,0.49,50.0,0.56,15.0,0.57,10.0,0.01,0.02,2348.398186,1776372891000
1776372893.016,293.016,0.69,10.0,0.68,10.0,0.7,60.85,0.72,10.0,0.54,86.0,0.49,50.0,0.55,11.83,0.56,15.0,0.01,0.01,2348.39371,1776372892000
1776372893.876,293.876,0.69,92.67,0.68,15.0,0.75,1.83,0.76,16.0,0.3,50.85,0.28,10.0,0.31,10.67,0.32,10.0,0.06,0.01,2348.39371,1776372892000
1776372894.257,294.257,0.74,68.0,0.73,10.0,0.75,1.83,0.76,6.0,0.25,1.83,0.24,16.0,0.31,92.67,0.32,15.0,0.01,0.06,2348.403368,1776372893000
1776372894.468,294.468,0.77,3.47,0.76,10.0,0.79,38.37,0.8,10.0,0.21,45.97,0.2,10.0,0.23,3.47,0.24,10.0,0.02,0.02,2348.403368,1776372893000
1776372894.853,294.853,0.75,63.0,0.74,8.0,0.76,3.53,0.77,10.0,0.22,4.7,0.21,38.37,0.25,10.0,0.26,61.0,0.01,0.03,2348.403368,1776372893000
1776372895.114,295.114,0.75,60.0,0.74,8.0,0.76,1.38,0.77,10.0,0.24,1.5,0.23,10.0,0.25,53.0,0.26,8.0,0.01,0.01,2348.473505,1776372894000
1776372895.334,295.334,0.75,15.0,0.74,8.0,0.79,10.0,0.8,40.0,0.2,40.0,0.19,10.0,0.25,60.0,0.26,8.0,0.04,0.05,2348.473505,1776372894000
1776372895.874,295.874,0.77,7.65,0.76,10.0,0.79,10.0,0.8,40.0,0.21,10.0,0.2,40.0,0.25,15.0,0.26,8.0,0.02,0.04,2348.473505,1776372894000
1776372896.174,296.174,0.77,1.12,0.76,10.0,0.79,30.0,0.8,10.0,0.21,10.0,0.2,40.0,0.23,7.65,0.24,10.0,0.02,0.02,2348.473505,1776372894000
1776372896.466,296.466,0.75,10.0,0.74,10.0,0.76,8.61,0.77,10.0,0.22,10.0,0.21,12.92,0.29,56.89,0.3,10.0,0.01,0.07,2348.61534,1776372895000
1776372896.736,296.736,0.8,10.0,0.79,10.0,0.82,5.13,0.83,20.0,0.19,0.13,0.18,10.0,0.2,10.0,0.21,10.0,0.02,0.01,2348.61534,1776372895000
1776372897.303,297.303,0.84,12.0,0.83,40.12,0.85,57.0,0.86,75.0,0.18,5.13,0.17,20.0,0.2,10.0,0.21,10.0,0.01,0.02,2348.693245,1776372896000
1776372897.577,297.577,0.9,10.0,0.89,80.0,0.94,14.34,0.95,50.0,0.09,3.27,0.08,12.0,0.11,10.0,0.12,10.0,0.04,0.02,2348.693245,1776372896000
1776372898.093,298.093,0.95,15.0,0.94,15.0,0.96,9.92,0.97,282.0,0.04,127.97,0.03,153.0,0.07,80.0,0.08,80.0,0.01,0.03,2348.693245,1776372896000
1776372898.347,298.347,0.94,15.0,0.93,80.0,0.97,71.22,0.98,794.0,0.05,5.82,0.03,282.0,0.06,15.0,0.07,80.0,0.03,0.01,2348.617934,1776372897000
1776372898.654,298.654,0.97,10.0,0.96,10.0,0.98,541.83,0.99,1130.0,0.02,536.94,0.01,1130.0,0.05,10.0,0.06,15.0,0.01,0.03,2348.617934,1776372897000
1776372898.863,298.863,0.98,10.0,0.97,16.0,0.99,1334.0,,,0.02,60.48,0.01,1130.0,0.03,16.0,0.04,15.0,0.01,0.01,2348.617934,1776372897000
1776372899.088,299.088,0.98,18.0,0.97,18.0,0.99,798.39,,,0.01,832.89,,,0.06,10.0,0.07,80.0,0.01,0.05,2348.672176,1776372898000
1776372899.605,299.605,0.98,18.0,0.97,18.0,0.99,1795.23,,,,,,,0.01,601.61,0.02,18.0,0.01,,2348.672176,1776372898000
1776372899.873,299.873,0.98,18.0,0.97,18.0,0.99,1785.21,,,0.01,1793.21,,,0.02,18.0,0.03,18.0,0.01,0.01,2348.672176,1776372898000
1776372900.172,300.172,0.99,5927.94,0.98,18.0,,,,,,,,,0.01,1624.1,0.02,18.0,,,2348.664005,1776372899000
1776372900.469,300.469,0.99,6089.94,0.98,18.0,,,,,,,,,0.01,6083.94,0.02,18.0,,,2348.664005,1776372899000

# RESULT,winner=Up,slug=eth-updown-5m-1776372600,ticks=345
