timestamp,elapsed_sec,up_bid_p1,up_bid_s1,up_bid_p2,up_bid_s2,up_ask_p1,up_ask_s1,up_ask_p2,up_ask_s2,down_bid_p1,down_bid_s1,down_bid_p2,down_bid_s2,down_ask_p1,down_ask_s1,down_ask_p2,down_ask_s2,up_spread,down_spread,eth_price,eth_oracle_ts
1776374700.548,0.548,0.53,66.59,0.52,266.52,0.55,200.0,0.56,70.0,0.45,200.0,0.44,70.0,0.46,6.0,0.47,82.0,0.02,0.01,2340.142902,1776374699000
1776374700.763,0.763,0.51,404.51,0.5,40.0,0.55,200.0,0.56,70.0,0.45,200.0,0.44,70.0,0.48,19.13,0.49,406.18,0.04,0.03,2340.142902,1776374699000
1776374701.022,1.022,0.51,26.61,0.5,40.0,0.52,22.51,0.53,75.0,0.48,17.51,0.47,75.0,0.49,2.2,0.5,40.0,0.01,0.01,2340.142902,1776374699000
1776374701.255,1.255,0.51,21.61,0.5,40.0,0.52,16.92,0.53,5.0,0.48,16.92,0.47,5.0,0.49,21.61,0.5,40.0,0.01,0.01,2340.138259,1776374700000
1776374701.688,1.688,0.51,65.24,0.5,40.0,0.52,122.0,0.53,119.88,0.48,8.0,0.47,5.0,0.49,74.61,0.5,40.0,0.01,0.01,2340.138259,1776374700000
1776374701.991,1.991,0.39,93.0,0.38,84.0,0.42,11.14,0.43,18.0,0.54,60.76,0.48,117.0,0.61,70.0,0.62,84.0,0.03,0.07,2340.138259,1776374700000
1776374702.202,2.202,0.37,14.0,0.36,14.0,0.46,10.05,0.52,3.0,0.58,5.49,0.57,18.0,0.62,14.0,0.63,14.0,0.09,0.04,2340.138259,1776374700000
1776374702.436,2.436,0.36,14.0,0.35,14.0,0.4,7.75,0.41,17.0,0.54,10.05,0.48,3.0,0.63,14.0,0.64,14.0,0.04,0.09,2340.138259,1776374701000
1776374702.818,2.818,0.35,14.0,0.34,14.0,0.4,2.12,0.41,55.0,0.61,92.28,0.6,122.62,0.64,4.0,0.65,14.0,0.05,0.03,2340.138259,1776374701000
1776374703.082,3.082,0.43,948.64,0.35,14.0,0.44,33.0,0.45,25.0,0.6,2.12,0.59,55.0,0.65,14.0,0.66,14.0,0.01,0.05,2340.138259,1776374701000
1776374703.33,3.33,0.43,948.64,0.38,10.0,0.44,95.59,0.45,22.0,0.56,33.0,0.55,25.0,0.57,948.64,0.65,14.0,0.01,0.01,2339.43541,1776374702000
1776374703.775,3.775,0.43,936.68,0.37,10.0,0.44,120.05,0.45,31.0,0.56,95.59,0.55,22.0,0.57,936.68,0.63,10.0,0.01,0.01,2339.43541,1776374702000
1776374704.21,4.21,0.43,886.68,0.38,10.0,0.44,101.0,0.45,31.0,0.56,120.05,0.55,31.0,0.57,936.68,0.63,10.0,0.01,0.01,2339.43541,1776374702000
1776374704.515,4.515,0.43,831.76,0.36,80.0,0.44,134.0,0.45,22.0,0.56,109.0,0.55,22.0,0.57,836.76,0.62,10.0,0.01,0.01,2338.98211,1776374703000
1776374705.269,5.269,0.43,831.76,0.36,80.0,0.44,134.0,0.45,22.0,0.56,134.0,0.55,22.0,0.57,831.76,0.64,80.0,0.01,0.01,2338.699878,1776374704000
1776374705.606,5.606,0.43,831.76,0.41,10.0,0.44,74.0,0.45,31.0,0.56,134.0,0.55,22.0,0.57,831.76,0.64,80.0,0.01,0.01,2338.699878,1776374704000
1776374705.929,5.929,0.43,826.49,0.41,20.0,0.45,10.0,0.46,31.0,0.56,8.02,0.55,10.0,0.57,826.49,0.59,20.0,0.02,0.01,2338.699878,1776374704000
1776374706.362,6.362,0.43,808.49,0.41,20.0,0.44,7.27,0.45,10.0,0.56,10.0,0.55,10.0,0.57,808.49,0.59,20.0,0.01,0.01,2338.699878,1776374704000
1776374706.756,6.756,0.43,867.49,0.42,60.0,0.44,21.0,0.45,10.0,0.56,58.27,0.55,20.0,0.57,798.49,0.59,20.0,0.01,0.01,2338.478443,1776374705000
1776374707.102,7.102,0.43,841.38,0.42,10.0,0.44,16.0,0.45,10.0,0.56,16.0,0.55,10.0,0.57,863.49,0.58,60.0,0.01,0.01,2338.447046,1776374706000
1776374707.586,7.586,0.45,10.0,0.44,10.0,0.46,10.47,0.47,31.0,0.56,16.0,0.55,10.0,0.57,841.38,0.58,10.0,0.01,0.01,2338.447046,1776374706000
1776374707.967,7.967,0.45,10.0,0.44,10.0,0.46,10.47,0.47,31.0,0.54,10.47,0.53,31.0,0.55,10.0,0.56,10.0,0.01,0.01,2338.57688,1776374707000
1776374708.184,8.184,0.47,25.0,0.46,15.0,0.48,20.0,0.49,21.0,0.52,20.0,0.51,21.0,0.53,30.0,0.54,31.0,0.01,0.01,2338.57688,1776374707000
1776374708.679,8.679,0.46,15.0,0.45,391.5,0.48,20.0,0.49,21.0,0.52,20.0,0.51,21.0,0.53,19.33,0.54,15.0,0.02,0.01,2338.57688,1776374707000
1776374708.968,8.968,0.46,25.0,0.45,391.5,0.47,4.89,0.48,20.0,0.52,20.0,0.51,21.0,0.54,15.0,0.55,391.5,0.01,0.02,2338.57688,1776374707000
1776374709.188,9.188,0.46,14.81,0.45,391.5,0.48,104.69,0.49,21.0,0.52,14.69,0.51,21.0,0.54,25.0,0.55,391.5,0.02,0.02,2338.77835,1776374708000
1776374709.448,9.448,0.45,391.5,0.44,10.0,0.46,20.36,0.47,90.0,0.53,90.0,0.52,14.69,0.54,9.34,0.55,391.5,0.01,0.01,2338.77835,1776374708000
1776374709.705,9.705,0.45,387.5,0.44,10.0,0.46,25.22,0.47,95.0,0.54,27.77,0.53,95.0,0.55,387.5,0.56,10.0,0.01,0.01,2338.77835,1776374708000
1776374709.981,9.981,0.45,385.33,0.44,10.0,0.46,25.22,0.47,95.0,0.54,25.22,0.53,95.0,0.55,387.5,0.56,10.0,0.01,0.01,2338.77835,1776374708000
1776374710.403,10.403,0.45,470.33,0.44,100.0,0.46,20.22,0.47,5.0,0.54,25.22,0.53,95.0,0.55,385.33,0.56,10.0,0.01,0.01,2338.77835,1776374708000
1776374710.72,10.72,0.46,92.92,0.45,415.33,0.47,5.0,0.48,5.0,0.53,5.0,0.52,5.0,0.54,49.78,0.55,470.33,0.01,0.01,2339.1396,1776374709000
1776374710.957,10.957,0.46,92.92,0.45,415.33,0.47,2.87,0.48,5.0,0.53,5.0,0.52,5.0,0.54,92.92,0.55,415.33,0.01,0.01,2339.1396,1776374709000
1776374711.618,11.618,0.46,116.86,0.45,440.33,0.47,13.37,0.48,5.0,0.53,2.87,0.52,5.0,0.54,92.92,0.55,415.33,0.01,0.01,2339.148265,1776374710000
1776374712.251,12.251,0.46,106.86,0.45,449.33,0.47,13.37,0.48,5.0,0.53,13.37,0.52,5.0,0.54,116.86,0.55,440.33,0.01,0.01,2339.352561,1776374711000
1776374712.703,12.703,0.51,31.0,0.5,155.0,0.52,40.01,0.53,25.0,0.53,3.79,0.52,5.0,0.54,96.36,0.55,449.33,0.01,0.01,2339.352561,1776374711000
1776374713.475,13.475,0.54,15.0,0.53,50.5,0.55,50.5,0.56,232.95,0.47,25.0,0.46,115.0,0.49,122.87,0.5,170.0,0.01,0.02,2339.453095,1776374712000
1776374713.715,13.715,0.55,39.2,0.54,85.0,0.56,315.36,0.57,10.0,0.45,50.5,0.44,232.95,0.46,15.0,0.47,50.5,0.01,0.01,2339.453095,1776374712000
1776374714.346,14.346,0.55,51.26,0.54,90.0,0.56,300.86,0.57,20.5,0.44,315.36,0.43,10.0,0.45,39.2,0.46,85.0,0.01,0.01,2339.453095,1776374713000
1776374714.761,14.761,0.55,81.26,0.54,90.0,0.56,93.18,0.57,20.5,0.44,300.86,0.43,20.5,0.45,51.26,0.46,90.0,0.01,0.01,2339.453095,1776374713000
1776374715.32,15.32,0.57,137.04,0.56,85.5,0.58,25.0,0.59,70.0,0.44,93.18,0.43,20.5,0.45,81.26,0.46,90.0,0.01,0.01,2339.86853,1776374714000
1776374715.73,15.73,0.57,133.84,0.56,275.5,0.58,5.27,0.59,70.0,0.42,25.0,0.41,70.0,0.43,137.04,0.44,85.5,0.01,0.01,2339.86853,1776374714000
1776374716.329,16.329,0.57,82.84,0.56,185.5,0.58,1.24,0.59,70.0,0.42,5.27,0.41,70.0,0.43,132.04,0.44,275.5,0.01,0.01,2340.27577,1776374715000
1776374717.236,17.236,0.58,145.0,0.57,237.84,0.59,5.0,0.6,10.0,0.41,70.0,0.4,30.0,0.43,98.84,0.44,185.5,0.01,0.02,2340.521943,1776374716000
1776374717.602,17.602,0.58,166.73,0.57,237.84,0.59,3.3,0.6,5.0,0.41,5.0,0.4,10.0,0.42,140.23,0.43,237.84,0.01,0.01,2340.521943,1776374716000
1776374718.981,18.981,0.61,411.45,0.6,55.5,0.62,41.12,0.63,110.5,0.39,66.81,0.38,45.0,0.41,15.0,0.42,240.73,0.01,0.02,2340.83465,1776374717000
1776374721.154,21.154,0.61,411.21,0.6,45.5,0.62,6.12,0.63,110.5,0.38,41.12,0.37,110.5,0.39,411.45,0.4,55.5,0.01,0.01,2340.943065,1776374720000
1776374721.386,21.386,0.61,411.21,0.6,45.5,0.62,4.18,0.63,110.5,0.38,6.12,0.37,110.5,0.39,411.21,0.4,45.5,0.01,0.01,2340.943065,1776374720000
1776374722.135,22.135,0.61,421.71,0.6,45.5,0.63,100.0,0.64,70.5,0.38,2.56,0.37,110.5,0.39,411.21,0.4,45.5,0.02,0.01,2340.943065,1776374720000
1776374723.656,23.656,0.61,351.21,0.6,35.0,0.62,158.5,0.63,20.5,0.37,100.0,0.36,70.5,0.39,421.71,0.4,45.5,0.01,0.02,2340.871735,1776374722000
1776374723.916,23.916,0.61,92.84,0.6,35.0,0.62,196.41,0.63,20.5,0.38,168.41,0.37,50.5,0.39,97.84,0.4,35.0,0.01,0.01,2340.871735,1776374722000
1776374724.254,24.254,0.57,25.0,0.55,50.0,0.58,5.0,0.59,53.29,0.38,221.41,0.37,33.5,0.4,35.0,0.41,25.0,0.01,0.02,2340.871735,1776374722000
1776374724.669,24.669,0.51,188.42,0.49,74.12,0.56,180.5,0.57,36.5,0.42,5.0,0.41,53.29,0.43,25.0,0.45,50.0,0.05,0.01,2340.871735,1776374722000
1776374725.012,25.012,0.49,20.33,0.48,210.5,0.54,11.5,0.55,233.84,0.44,160.5,0.43,36.5,0.51,63.33,0.52,110.0,0.05,0.07,2340.897825,1776374723000
1776374725.558,25.558,0.51,20.0,0.5,10.0,0.53,40.46,0.54,20.0,0.46,11.5,0.45,233.84,0.51,20.33,0.52,210.5,0.02,0.05,2340.8792,1776374724000
1776374725.92,25.92,0.51,1.93,0.5,10.0,0.53,40.46,0.54,20.0,0.47,40.46,0.46,20.0,0.48,1.77,0.49,10.0,0.02,0.01,2340.8792,1776374724000
1776374726.619,26.619,0.51,11.93,0.5,10.0,0.52,29.07,0.53,50.46,0.47,40.46,0.46,20.0,0.49,1.93,0.5,10.0,0.01,0.02,2340.1844,1776374725000
1776374726.859,26.859,0.5,8.89,0.49,10.33,0.52,34.07,0.53,50.46,0.48,29.07,0.47,50.46,0.49,1.93,0.5,10.0,0.02,0.01,2340.1844,1776374725000
1776374730.647,30.647,0.5,29.39,0.49,135.83,0.51,59.03,0.52,5.0,0.48,34.57,0.47,50.46,0.5,8.89,0.51,10.33,0.01,0.02,2339.843449,1776374729000
1776374731.65,31.65,0.5,149.39,0.49,219.83,0.52,5.0,0.53,5.0,0.49,59.03,0.48,5.0,0.5,29.39,0.51,135.83,0.02,0.01,2339.853745,1776374730000
1776374732.501,32.501,0.53,30.5,0.52,20.5,0.55,217.0,0.56,15.0,0.46,2.34,0.45,218.34,0.49,20.5,0.5,139.39,0.02,0.03,2339.880598,1776374731000
1776374732.818,32.818,0.54,42.07,0.53,20.5,0.55,258.27,0.56,105.0,0.45,224.0,0.44,15.0,0.46,20.5,0.47,30.5,0.01,0.01,2339.880598,1776374731000
1776374733.232,33.232,0.51,57.5,0.5,114.39,0.52,5.0,0.53,40.0,0.45,81.62,0.44,105.0,0.46,42.07,0.47,10.0,0.01,0.01,2339.880598,1776374731000
1776374733.605,33.605,0.51,26.5,0.5,96.29,0.52,78.05,0.53,40.0,0.48,5.0,0.47,40.0,0.5,80.29,0.51,84.83,0.01,0.02,2339.91397,1776374732000
1776374734.567,34.567,0.54,34.5,0.53,22.0,0.55,17.87,0.56,15.0,0.48,78.05,0.47,40.0,0.49,26.5,0.5,96.29,0.01,0.01,2340.011431,1776374733000
1776374735.343,35.343,0.54,290.5,0.53,192.0,0.58,45.0,0.59,10.0,0.45,17.87,0.44,15.0,0.46,34.5,0.47,22.0,0.04,0.01,2340.011431,1776374733000
1776374735.662,35.662,0.57,24.5,0.56,22.0,0.59,10.0,0.6,22.82,0.42,45.0,0.41,10.0,0.46,290.5,0.47,192.0,0.02,0.04,2339.966075,1776374734000
1776374736.027,36.027,0.58,65.5,0.57,42.5,0.6,44.82,0.61,10.0,0.41,10.0,0.4,22.82,0.43,24.5,0.44,22.0,0.02,0.02,2339.966075,1776374734000
1776374736.357,36.357,0.59,86.5,0.58,57.5,0.6,15.32,0.61,10.0,0.4,44.82,0.39,10.0,0.42,65.5,0.43,42.5,0.01,0.02,2339.966405,1776374735000
1776374736.833,36.833,0.59,99.7,0.58,127.5,0.61,10.0,0.62,19.91,0.4,15.32,0.39,10.0,0.41,86.5,0.42,57.5,0.02,0.01,2339.966405,1776374735000
1776374737.206,37.206,0.6,75.5,0.59,68.5,0.62,19.91,0.63,60.0,0.39,10.0,0.38,19.91,0.41,99.7,0.42,127.5,0.02,0.02,2339.966405,1776374735000
1776374738.053,38.053,0.61,37.5,0.6,27.5,0.63,60.0,0.64,150.5,0.38,19.91,0.37,60.0,0.4,75.5,0.41,68.5,0.02,0.02,2340.381314,1776374737000
1776374741.047,41.047,0.6,20.5,0.59,25.5,0.61,23.16,0.62,10.0,0.37,60.0,0.36,150.5,0.39,37.5,0.4,27.5,0.01,0.02,2340.731239,1776374739000
1776374741.4,41.4,0.6,8.0,0.59,25.5,0.61,23.16,0.62,15.0,0.39,23.16,0.38,10.0,0.4,18.21,0.41,25.5,0.01,0.01,2340.731239,1776374739000
1776374741.942,41.942,0.61,36.99,0.59,25.5,0.62,15.0,0.63,115.5,0.39,11.14,0.38,15.0,0.41,25.5,0.42,25.5,0.01,0.02,2340.693766,1776374740000
1776374742.171,42.171,0.61,36.99,0.6,10.5,0.62,31.5,0.63,115.5,0.38,15.0,0.37,115.5,0.39,36.99,0.41,25.5,0.01,0.01,2340.693766,1776374740000
1776374742.622,42.622,0.61,29.49,0.6,10.5,0.62,14.5,0.63,120.5,0.38,31.5,0.37,115.5,0.39,36.99,0.4,10.5,0.01,0.01,2340.6951,1776374741000
1776374745.842,45.842,0.61,38.41,0.6,25.5,0.63,120.5,0.64,40.5,0.38,14.5,0.37,125.5,0.39,36.41,0.4,10.5,0.02,0.01,2340.70558,1776374744000
1776374746.567,46.567,0.62,5.0,0.61,38.41,0.63,111.11,0.64,25.5,0.37,120.5,0.36,40.5,0.39,38.41,0.4,25.5,0.01,0.02,2340.71818,1776374745000
1776374747.436,47.436,0.62,5.0,0.61,68.91,0.63,86.27,0.64,30.5,0.37,111.11,0.36,25.5,0.38,5.0,0.39,38.41,0.01,0.01,2340.7644,1776374746000
1776374747.671,47.671,0.62,41.2,0.61,58.91,0.63,76.78,0.64,10.0,0.37,86.61,0.36,10.0,0.38,22.0,0.39,58.91,0.01,0.01,2340.7644,1776374746000
1776374748.444,48.444,0.62,17.0,0.61,58.41,0.63,158.91,0.64,35.5,0.37,76.78,0.36,10.0,0.38,41.2,0.39,58.91,0.01,0.01,2340.705104,1776374747000
1776374748.8,48.8,0.61,21.41,0.58,182.41,0.63,249.97,0.64,90.5,0.37,158.91,0.36,35.5,0.38,17.0,0.39,58.41,0.02,0.01,2340.705104,1776374747000
1776374749.003,49.003,0.58,184.85,0.57,100.0,0.62,5.0,0.63,167.22,0.38,16.0,0.37,144.22,0.39,3.33,0.42,192.91,0.04,0.01,2340.705104,1776374747000
1776374749.579,49.579,0.59,26.76,0.58,189.85,0.6,52.0,0.61,130.0,0.38,5.0,0.37,167.22,0.42,184.85,0.43,100.0,0.01,0.04,2340.708665,1776374748000
1776374751.041,51.041,0.59,216.55,0.58,115.5,0.6,10.5,0.61,5.0,0.4,52.0,0.39,130.0,0.41,26.76,0.42,189.85,0.01,0.01,2340.75094,1776374749000
1776374751.283,51.283,0.59,206.55,0.58,115.5,0.6,7.5,0.61,5.0,0.4,10.5,0.39,5.0,0.41,216.55,0.42,115.5,0.01,0.01,2340.59938,1776374750000
1776374752.239,52.239,0.59,164.49,0.57,85.0,0.6,272.97,0.61,117.5,0.4,9.47,0.39,5.0,0.41,194.55,0.42,115.5,0.01,0.01,2340.59938,1776374750000
1776374752.441,52.441,0.55,35.0,0.54,10.0,0.6,272.97,0.61,117.5,0.4,272.97,0.39,117.5,0.41,5.53,0.43,75.0,0.05,0.01,2340.554405,1776374751000
1776374756.642,56.642,0.62,5.0,0.61,61.0,0.63,201.64,0.64,35.5,0.43,53.0,0.42,15.0,0.44,7.7,0.45,35.0,0.01,0.01,2340.34127,1776374755000
1776374757.012,57.012,0.62,5.0,0.61,61.0,0.63,284.85,0.64,35.5,0.37,201.64,0.36,35.5,0.38,5.0,0.39,61.0,0.01,0.01,2340.25834,1776374756000
1776374760.393,60.393,0.61,15.0,0.6,138.95,0.62,60.67,0.63,274.85,0.38,8.15,0.37,284.85,0.39,61.0,0.4,184.95,0.01,0.01,2340.72845,1776374759000
1776374760.738,60.738,0.62,33.23,0.61,193.5,0.63,169.85,0.64,10.0,0.38,40.02,0.37,274.85,0.39,15.0,0.4,138.95,0.01,0.01,2340.72845,1776374759000
1776374761.298,61.298,0.62,190.23,0.61,254.5,0.63,148.14,0.64,10.0,0.37,153.14,0.36,10.0,0.38,52.43,0.39,161.5,0.01,0.01,2340.72845,1776374759000
1776374761.556,61.556,0.62,186.28,0.61,254.5,0.63,141.25,0.64,10.0,0.37,143.14,0.36,10.0,0.38,205.48,0.39,254.5,0.01,0.01,2340.72845,1776374759000
1776374763.36,63.36,0.62,58.23,0.61,240.5,0.63,201.66,0.64,10.0,0.37,141.25,0.36,10.0,0.38,186.28,0.39,254.5,0.01,0.01,2340.803538,1776374762000
1776374764.703,64.703,0.62,266.23,0.61,462.49,0.63,134.66,0.64,10.0,0.37,201.66,0.36,10.0,0.38,58.23,0.39,240.5,0.01,0.01,2341.0155,1776374763000
1776374765.425,65.425,0.62,368.59,0.61,407.49,0.63,77.77,0.64,10.0,0.37,77.77,0.36,10.0,0.38,266.23,0.39,462.49,0.01,0.01,2341.02535,1776374764000
1776374765.772,65.772,0.62,434.09,0.61,407.49,0.63,72.77,0.64,10.0,0.37,77.77,0.36,10.0,0.38,368.59,0.39,407.49,0.01,0.01,2341.02535,1776374764000
1776374766.15,66.15,0.62,345.59,0.61,415.99,0.63,62.64,0.64,10.0,0.37,62.64,0.36,10.0,0.38,359.59,0.39,437.49,0.01,0.01,2341.025754,1776374765000
1776374766.859,66.859,0.62,342.95,0.61,479.65,0.63,67.64,0.64,10.0,0.37,62.64,0.36,10.0,0.38,345.59,0.39,415.99,0.01,0.01,2341.025754,1776374765000
1776374767.239,67.239,0.62,573.6,0.61,529.66,0.63,14.64,0.64,15.0,0.37,67.64,0.36,10.0,0.38,342.95,0.39,479.65,0.01,0.01,2341.105695,1776374766000
1776374767.774,67.774,0.62,541.4,0.61,583.23,0.63,13.05,0.64,15.0,0.37,14.64,0.36,15.0,0.38,573.6,0.39,529.66,0.01,0.01,2341.105695,1776374766000
1776374768.216,68.216,0.63,464.02,0.62,310.89,0.64,10.0,0.65,65.0,0.36,15.0,0.35,60.0,0.38,541.4,0.39,583.23,0.01,0.02,2341.281269,1776374767000
1776374769.202,69.202,0.66,331.53,0.65,108.5,0.67,220.0,0.69,20.0,0.34,10.0,0.33,220.0,0.36,25.5,0.37,382.02,0.01,0.02,2341.2944,1776374768000
1776374769.49,69.49,0.66,387.82,0.65,248.5,0.67,220.0,0.69,10.0,0.33,220.0,0.31,20.0,0.34,331.53,0.35,108.5,0.01,0.01,2341.2944,1776374768000
1776374770.594,70.594,0.65,15.5,0.64,25.5,0.67,235.0,0.68,10.0,0.33,220.0,0.31,10.0,0.34,387.82,0.35,248.5,0.02,0.01,2341.29608,1776374769000
1776374771.007,71.007,0.65,20.5,0.64,102.89,0.66,11.0,0.67,66.0,0.34,8.33,0.33,256.0,0.35,15.5,0.36,102.89,0.01,0.01,2341.29608,1776374769000
1776374771.897,71.897,0.65,15.5,0.64,25.5,0.66,24.77,0.67,181.0,0.34,4.77,0.33,66.0,0.35,17.64,0.36,102.89,0.01,0.01,2341.364018,1776374770000
1776374772.465,72.465,0.65,5.0,0.64,25.5,0.66,31.77,0.67,181.0,0.34,24.77,0.33,181.0,0.35,15.5,0.36,25.5,0.01,0.01,2341.364018,1776374770000
1776374774.441,74.441,0.65,89.03,0.64,25.5,0.66,27.38,0.67,181.0,0.34,28.9,0.33,181.0,0.35,5.0,0.36,25.5,0.01,0.01,2341.226545,1776374772000
1776374775.526,75.526,0.65,56.67,0.64,15.0,0.66,49.38,0.67,206.0,0.34,27.38,0.33,181.0,0.35,89.03,0.36,25.5,0.01,0.01,2341.18387,1776374774000
1776374777.317,77.317,0.65,25.24,0.64,56.75,0.66,14.71,0.67,75.0,0.34,39.38,0.33,176.0,0.35,15.74,0.36,25.5,0.01,0.01,2341.207549,1776374776000
1776374778.589,78.589,0.65,153.69,0.64,56.75,0.67,73.59,0.68,115.5,0.34,14.71,0.33,75.0,0.35,25.24,0.36,56.75,0.02,0.01,2341.176211,1776374777000
1776374779.578,79.578,0.65,105.34,0.63,18.0,0.66,99.5,0.67,235.09,0.33,73.59,0.32,115.5,0.35,153.69,0.36,56.75,0.01,0.02,2341.146956,1776374778000
1776374780.339,80.339,0.65,90.34,0.63,18.0,0.66,74.4,0.67,235.09,0.34,99.5,0.33,235.09,0.35,90.34,0.37,13.0,0.01,0.01,2341.14616,1776374779000
1776374781.894,81.894,0.65,90.34,0.63,38.5,0.66,31.27,0.67,235.09,0.34,74.4,0.33,235.09,0.35,90.34,0.37,18.0,0.01,0.01,2341.175764,1776374780000
1776374782.228,82.228,0.65,77.19,0.64,5.0,0.66,58.5,0.67,170.5,0.34,31.27,0.33,235.09,0.35,90.34,0.37,38.5,0.01,0.01,2341.175764,1776374780000
1776374785.014,85.014,0.65,70.59,0.64,5.0,0.66,51.98,0.67,170.5,0.34,38.5,0.33,170.5,0.35,70.59,0.36,5.0,0.01,0.01,2340.916785,1776374784000
1776374789.463,89.463,0.65,11.5,0.62,70.0,0.66,24.13,0.67,110.5,0.34,51.98,0.33,170.5,0.35,70.59,0.36,5.0,0.01,0.01,2340.959528,1776374788000
1776374793.737,93.737,0.57,152.18,0.56,60.0,0.59,12.19,0.61,497.5,0.34,20.23,0.33,155.0,0.38,45.0,0.39,45.0,0.02,0.04,2340.706125,1776374792000
1776374795.339,95.339,0.56,10.0,0.55,10.0,0.57,301.73,0.58,245.5,0.43,10.61,0.42,15.5,0.44,35.0,0.45,60.0,0.01,0.01,2340.584612,1776374794000
1776374796.262,96.262,0.54,229.97,0.53,30.0,0.56,295.0,0.57,100.08,0.43,301.73,0.42,245.5,0.46,240.19,0.47,30.0,0.02,0.03,2340.09685,1776374795000
1776374797.761,97.761,0.54,229.97,0.53,30.0,0.55,285.18,0.56,55.0,0.44,295.0,0.43,100.08,0.46,229.97,0.47,30.0,0.01,0.02,2340.017231,1776374796000
1776374798.059,98.059,0.54,215.79,0.53,30.0,0.55,236.0,0.56,137.79,0.45,285.18,0.44,55.0,0.46,229.97,0.47,30.0,0.01,0.01,2339.969791,1776374797000
1776374798.553,98.553,0.53,218.68,0.52,50.0,0.55,243.0,0.56,137.79,0.45,236.0,0.44,137.79,0.46,211.52,0.47,30.0,0.02,0.01,2339.969791,1776374797000
1776374799.646,99.646,0.53,218.68,0.52,50.0,0.54,236.0,0.55,15.0,0.46,16.0,0.45,243.0,0.47,218.68,0.48,50.0,0.01,0.01,2339.909512,1776374798000
1776374799.983,99.983,0.56,306.94,0.54,10.0,0.57,385.05,0.58,204.42,0.43,259.7,0.42,70.8,0.44,308.94,0.47,218.68,0.01,0.01,2339.909512,1776374798000
1776374800.711,100.711,0.56,295.94,0.54,10.0,0.57,438.35,0.58,204.42,0.43,383.05,0.42,204.42,0.44,300.94,0.46,10.0,0.01,0.01,2339.909275,1776374799000
1776374801.293,101.293,0.56,412.2,0.54,10.0,0.57,432.0,0.58,189.62,0.43,448.35,0.42,204.42,0.44,420.95,0.46,10.0,0.01,0.01,2339.884757,1776374800000
1776374801.795,101.795,0.56,425.2,0.55,10.0,0.57,424.71,0.58,56.0,0.43,432.0,0.42,189.62,0.44,412.2,0.46,10.0,0.01,0.01,2339.884757,1776374800000
1776374803.983,103.983,0.56,496.7,0.55,115.5,0.57,170.0,0.58,5.0,0.43,424.71,0.42,56.0,0.44,425.2,0.45,10.0,0.01,0.01,2339.871113,1776374802000
1776374804.194,104.194,0.56,467.7,0.55,115.5,0.57,72.25,0.58,5.0,0.43,109.25,0.42,5.0,0.44,467.7,0.45,115.5,0.01,0.01,2339.871113,1776374802000
1776374804.467,104.467,0.56,467.7,0.55,115.5,0.58,2.39,0.59,105.0,0.43,22.39,0.42,5.0,0.44,467.7,0.45,115.5,0.02,0.01,2339.873864,1776374803000
1776374804.694,104.694,0.58,20.5,0.57,35.5,0.59,0.69,0.6,5.0,0.41,92.39,0.4,5.0,0.43,29.5,0.44,450.7,0.01,0.02,2339.873864,1776374803000
1776374805.162,105.162,0.6,64.7,0.59,58.5,0.61,42.0,0.62,30.0,0.41,0.69,0.4,5.0,0.42,20.5,0.43,35.5,0.01,0.01,2339.873864,1776374803000
1776374805.802,105.802,0.6,115.5,0.59,37.5,0.62,30.0,0.63,20.0,0.39,13.22,0.38,30.0,0.4,81.5,0.41,58.5,0.02,0.01,2339.888618,1776374804000
1776374810.459,110.459,0.61,39.42,0.6,150.5,0.62,25.0,0.63,30.0,0.38,30.0,0.37,20.0,0.4,115.5,0.41,37.5,0.01,0.02,2340.673999,1776374809000
1776374811.464,111.464,0.59,20.5,0.58,85.5,0.61,116.0,0.62,165.0,0.38,25.0,0.37,30.0,0.39,39.42,0.4,150.5,0.02,0.01,2340.672979,1776374810000
1776374811.687,111.687,0.6,15.0,0.59,20.5,0.61,108.13,0.62,165.0,0.39,116.0,0.38,165.0,0.41,20.5,0.42,85.5,0.01,0.02,2340.672979,1776374810000
1776374812.483,112.483,0.6,188.91,0.59,20.5,0.61,25.02,0.62,135.0,0.39,108.13,0.38,165.0,0.4,15.0,0.41,20.5,0.01,0.01,2340.71077,1776374811000
1776374812.967,112.967,0.6,346.91,0.59,20.5,0.61,0.13,0.62,20.0,0.39,25.02,0.38,135.0,0.4,188.91,0.41,20.5,0.01,0.01,2340.71077,1776374811000
1776374820.762,120.762,0.6,288.91,0.59,45.5,0.63,10.0,0.64,30.0,0.39,0.13,0.38,20.0,0.4,346.91,0.41,20.5,0.03,0.01,2340.612738,1776374819000
1776374821.154,121.154,0.62,25.0,0.61,25.5,0.64,14.14,0.65,50.0,0.36,30.0,0.35,40.0,0.39,5.0,0.4,288.91,0.02,0.03,2340.608263,1776374820000
1776374821.696,121.696,0.63,12.29,0.62,10.0,0.64,15.14,0.65,50.0,0.36,5.14,0.35,50.0,0.38,7.86,0.39,25.5,0.01,0.02,2340.608263,1776374820000
1776374821.931,121.931,0.64,32.99,0.63,10.0,0.65,50.0,0.66,25.0,0.36,15.14,0.35,50.0,0.37,12.29,0.38,10.0,0.01,0.01,2340.608263,1776374820000
1776374822.839,122.839,0.6,156.41,0.59,35.0,0.65,410.5,0.66,148.08,0.35,50.0,0.34,25.0,0.36,32.99,0.37,10.0,0.05,0.01,2340.60775,1776374821000
1776374823.141,123.141,0.6,78.03,0.59,35.0,0.61,40.7,0.62,20.0,0.39,25.0,0.38,15.0,0.4,78.03,0.41,35.0,0.01,0.01,2340.60775,1776374821000
1776374823.403,123.403,0.59,25.0,0.58,60.0,0.61,331.0,0.62,16.1,0.39,188.0,0.38,62.1,0.4,41.03,0.41,25.0,0.02,0.01,2340.60775,1776374821000
1776374823.694,123.694,0.55,5.92,0.54,333.04,0.57,99.0,0.58,140.0,0.42,147.0,0.41,15.0,0.44,7.72,0.45,10.0,0.02,0.02,2340.572224,1776374822000
1776374824.993,124.993,0.55,22.87,0.54,335.85,0.56,50.0,0.57,105.0,0.43,109.0,0.42,147.0,0.46,325.35,0.47,40.0,0.01,0.03,2340.572224,1776374823000
1776374827.526,127.526,0.55,2.37,0.54,353.85,0.56,175.21,0.57,35.0,0.44,50.0,0.43,105.0,0.45,22.87,0.46,335.85,0.01,0.01,2340.127383,1776374826000
1776374828.088,128.088,0.54,318.65,0.53,65.0,0.55,234.0,0.56,138.21,0.44,175.21,0.43,35.0,0.45,2.37,0.46,353.85,0.01,0.01,2340.127383,1776374826000
1776374830.12,130.12,0.54,189.45,0.53,65.0,0.55,237.0,0.56,48.21,0.45,234.0,0.44,138.21,0.46,191.65,0.47,65.0,0.01,0.01,2340.072363,1776374829000
1776374831.003,131.003,0.54,184.45,0.53,65.0,0.55,342.35,0.56,138.71,0.45,237.0,0.44,48.21,0.46,189.45,0.47,65.0,0.01,0.01,2340.072363,1776374829000
1776374831.859,131.859,0.52,25.0,0.51,136.0,0.53,127.0,0.54,30.35,0.45,366.35,0.44,138.71,0.47,35.0,0.48,160.0,0.01,0.02,2339.867095,1776374830000
1776374832.887,132.887,0.51,132.63,0.5,74.0,0.52,218.0,0.53,151.89,0.47,127.0,0.46,30.35,0.48,25.0,0.49,136.0,0.01,0.01,2339.875347,1776374831000
1776374833.149,133.149,0.51,130.58,0.5,74.0,0.52,218.0,0.53,151.89,0.48,218.0,0.47,151.89,0.49,132.63,0.5,74.0,0.01,0.01,2339.827403,1776374832000
1776374834.141,134.141,0.51,100.58,0.5,84.0,0.52,115.0,0.53,105.6,0.47,95.6,0.46,25.35,0.49,130.58,0.5,74.0,0.01,0.02,2339.827403,1776374832000
1776374835.267,135.267,0.5,92.36,0.49,151.5,0.52,120.0,0.53,115.6,0.48,115.0,0.47,105.6,0.49,100.58,0.5,84.0,0.02,0.01,2339.718865,1776374833000
1776374836.043,136.043,0.51,7.95,0.5,92.36,0.52,120.0,0.53,220.0,0.48,120.0,0.47,115.6,0.5,92.36,0.51,151.5,0.01,0.02,2339.716659,1776374834000
1776374836.315,136.315,0.51,5.86,0.5,92.36,0.52,150.0,0.53,220.0,0.48,120.0,0.47,220.0,0.49,7.95,0.5,92.36,0.01,0.01,2339.716659,1776374834000
1776374838.012,138.012,0.51,13.81,0.5,92.86,0.52,49.5,0.53,415.0,0.48,150.0,0.47,220.0,0.49,3.81,0.5,92.36,0.01,0.01,2339.706179,1776374836000
1776374838.241,138.241,0.51,13.81,0.5,92.86,0.52,39.5,0.53,410.0,0.48,49.5,0.47,415.0,0.49,13.81,0.5,92.86,0.01,0.01,2339.706179,1776374836000
1776374840.295,140.295,0.51,265.31,0.5,182.86,0.53,353.96,0.55,10.0,0.48,39.5,0.47,410.0,0.49,13.81,0.5,92.86,0.02,0.01,2339.71048,1776374839000
1776374840.525,140.525,0.52,176.5,0.51,189.31,0.53,286.15,0.55,10.0,0.47,291.15,0.45,10.0,0.48,176.5,0.49,275.31,0.01,0.01,2339.71048,1776374839000
1776374840.743,140.743,0.52,300.7,0.51,169.31,0.53,253.7,0.55,10.0,0.47,258.7,0.45,10.0,0.48,255.5,0.49,169.31,0.01,0.01,2339.71048,1776374839000
1776374840.983,140.983,0.52,312.7,0.51,244.31,0.53,156.78,0.55,10.0,0.47,168.11,0.45,10.0,0.48,300.7,0.49,244.31,0.01,0.01,2339.71048,1776374839000
1776374841.416,141.416,0.56,107.04,0.55,20.5,0.57,50.0,0.58,31.0,0.45,10.0,0.43,50.0,0.48,293.5,0.49,244.31,0.01,0.03,2339.71048,1776374839000
1776374842.545,142.545,0.58,37.0,0.57,45.5,0.6,10.0,0.61,25.0,0.43,50.0,0.42,31.0,0.44,107.04,0.45,20.5,0.02,0.01,2339.717485,1776374840000
1776374842.994,142.994,0.59,74.0,0.58,40.5,0.61,132.82,0.62,25.0,0.4,10.0,0.39,25.0,0.42,37.0,0.43,45.5,0.02,0.02,2339.891892,1776374841000
1776374843.618,143.618,0.6,31.0,0.59,45.5,0.62,10.0,0.63,10.0,0.39,132.82,0.38,25.0,0.41,74.0,0.42,40.5,0.02,0.02,2340.179643,1776374842000
1776374843.828,143.828,0.64,1.66,0.63,23.0,0.65,25.0,0.66,10.0,0.38,10.0,0.37,10.0,0.4,31.0,0.41,45.5,0.01,0.02,2340.179643,1776374842000
1776374844.246,144.246,0.66,28.31,0.65,30.5,0.68,50.0,0.69,105.0,0.35,25.0,0.34,10.0,0.36,1.66,0.37,23.0,0.02,0.01,2340.179925,1776374843000
1776374846.264,146.264,0.68,11.87,0.67,110.5,0.69,133.4,0.7,135.0,0.32,50.0,0.31,105.0,0.34,28.31,0.35,30.5,0.01,0.02,2340.79771,1776374845000
1776374847.316,147.316,0.68,1.56,0.67,100.5,0.69,59.24,0.7,135.0,0.31,112.51,0.3,135.0,0.32,5.0,0.33,110.5,0.01,0.01,2340.79771,1776374845000
1776374847.586,147.586,0.67,100.5,0.66,20.5,0.69,59.24,0.7,135.0,0.31,59.24,0.3,135.0,0.32,1.56,0.33,100.5,0.02,0.01,2340.79771,1776374845000
1776374850.379,150.379,0.67,151.5,0.66,80.5,0.68,0.18,0.69,10.0,0.31,59.24,0.3,135.0,0.33,100.5,0.34,20.5,0.01,0.02,2340.9116,1776374848000
1776374851.336,151.336,0.68,39.06,0.67,110.5,0.69,20.0,0.7,135.0,0.32,0.18,0.31,10.0,0.33,151.5,0.34,80.5,0.01,0.01,2340.90708,1776374850000
1776374851.617,151.617,0.68,20.06,0.67,110.5,0.69,20.0,0.7,135.0,0.31,20.0,0.3,135.0,0.32,39.06,0.33,110.5,0.01,0.01,2340.90708,1776374850000
1776374853.15,153.15,0.68,28.28,0.67,110.5,0.69,15.0,0.7,135.0,0.31,15.0,0.3,135.0,0.32,20.06,0.33,110.5,0.01,0.01,2340.90775,1776374852000
1776374853.487,153.487,0.68,22.0,0.67,110.5,0.69,4.11,0.7,135.0,0.31,15.0,0.3,135.0,0.32,28.28,0.33,110.5,0.01,0.01,2340.90775,1776374852000
1776374854.034,154.034,0.68,27.0,0.67,110.5,0.69,62.85,0.7,150.5,0.31,4.11,0.3,135.0,0.32,22.0,0.33,110.5,0.01,0.01,2340.9217,1776374853000
1776374854.431,154.431,0.68,17.25,0.67,120.5,0.69,3.02,0.7,150.5,0.31,46.49,0.3,150.5,0.32,17.25,0.33,100.0,0.01,0.01,2340.9217,1776374853000
1776374854.988,154.988,0.68,23.81,0.67,120.5,0.69,97.54,0.7,140.0,0.31,3.02,0.3,150.5,0.32,17.25,0.33,120.5,0.01,0.01,2340.906275,1776374854000
1776374855.399,155.399,0.68,20.34,0.67,120.5,0.69,109.83,0.7,135.0,0.31,97.54,0.3,140.0,0.32,23.81,0.33,120.5,0.01,0.01,2340.906275,1776374854000
1776374855.635,155.635,0.68,37.05,0.67,120.5,0.69,94.83,0.7,135.0,0.31,109.83,0.3,135.0,0.32,20.34,0.33,120.5,0.01,0.01,2340.906275,1776374854000
1776374855.962,155.962,0.68,220.99,0.67,36.5,0.69,7.29,0.7,125.0,0.31,94.83,0.3,135.0,0.32,23.01,0.33,120.5,0.01,0.01,2340.906508,1776374855000
1776374857.485,157.485,0.68,347.35,0.67,36.5,0.72,110.0,0.73,205.0,0.31,1.29,0.3,125.0,0.32,131.35,0.33,36.5,0.04,0.01,2340.897525,1776374856000
1776374858.539,158.539,0.71,203.0,0.7,27.98,0.72,129.94,0.73,333.05,0.28,110.0,0.27,205.0,0.32,347.35,0.33,36.5,0.01,0.04,2341.051355,1776374857000
1776374858.934,158.934,0.71,160.23,0.7,32.98,0.72,129.94,0.73,215.5,0.28,129.94,0.27,215.5,0.29,170.23,0.3,32.98,0.01,0.01,2341.051355,1776374857000
1776374860.33,160.33,0.71,111.55,0.7,32.98,0.72,129.94,0.73,205.5,0.28,129.94,0.27,215.5,0.29,122.98,0.3,32.98,0.01,0.01,2341.12113,1776374859000
1776374860.777,160.777,0.71,367.05,0.7,23.98,0.72,8.94,0.73,95.0,0.28,129.94,0.27,205.5,0.29,111.55,0.3,32.98,0.01,0.01,2341.12113,1776374859000
1776374861.112,161.112,0.72,79.17,0.71,162.05,0.73,30.0,0.74,36.0,0.27,70.0,0.26,36.0,0.28,8.25,0.29,367.05,0.01,0.01,2341.12113,1776374859000
1776374861.523,161.523,0.72,64.29,0.71,162.05,0.73,10.0,0.74,36.0,0.27,30.0,0.26,36.0,0.28,60.87,0.29,162.05,0.01,0.01,2341.120825,1776374860000
1776374861.809,161.809,0.73,38.13,0.72,64.29,0.74,36.0,0.75,100.0,0.27,10.0,0.26,36.0,0.28,64.29,0.29,162.05,0.01,0.01,2341.120825,1776374860000
1776374862.935,162.935,0.73,197.74,0.72,24.29,0.74,6.0,0.75,100.0,0.26,36.0,0.25,100.0,0.27,88.63,0.28,24.29,0.01,0.01,2341.13105,1776374861000
1776374863.216,163.216,0.73,196.63,0.72,24.29,0.75,100.0,0.76,191.52,0.26,6.0,0.25,100.0,0.27,197.74,0.28,24.29,0.02,0.01,2341.13105,1776374861000
1776374864.85,164.85,0.74,338.8,0.73,76.63,0.75,50.0,0.76,186.52,0.25,100.0,0.24,191.52,0.27,196.63,0.28,24.29,0.01,0.02,2341.21989,1776374862000
1776374866.578,166.578,0.75,393.7,0.74,79.3,0.76,56.52,0.78,85.5,0.25,50.0,0.24,186.52,0.26,338.8,0.27,76.63,0.01,0.01,2341.282333,1776374864000
1776374866.879,166.879,0.75,416.5,0.74,79.3,0.76,49.52,0.78,85.5,0.24,56.52,0.22,85.5,0.25,393.7,0.26,79.3,0.01,0.01,2341.308439,1776374865000
1776374867.999,167.999,0.75,416.5,0.74,85.3,0.76,0.2,0.78,75.0,0.24,44.45,0.22,85.5,0.25,416.5,0.26,79.3,0.01,0.01,2341.356925,1776374866000
1776374869.911,169.911,0.77,234.52,0.76,61.5,0.8,9.23,0.81,15.5,0.22,75.0,0.21,10.5,0.25,416.5,0.26,85.3,0.03,0.03,2341.40984,1776374868000
1776374870.316,170.316,0.8,43.0,0.79,15.0,0.81,74.26,0.82,115.0,0.2,9.23,0.19,15.5,0.23,234.52,0.24,61.5,0.01,0.03,2341.40984,1776374868000
1776374870.944,170.944,0.8,3.79,0.79,20.5,0.81,67.51,0.82,115.0,0.19,67.51,0.18,115.0,0.2,43.0,0.21,20.5,0.01,0.01,2341.470853,1776374869000
1776374871.144,171.144,0.79,20.5,0.78,25.5,0.81,67.51,0.82,115.0,0.19,67.51,0.18,115.0,0.2,3.79,0.21,20.5,0.02,0.01,2341.470853,1776374869000
1776374871.5,171.5,0.8,115.09,0.79,10.0,0.81,23.53,0.82,105.0,0.19,67.51,0.18,115.0,0.21,20.5,0.22,25.5,0.01,0.02,2341.470853,1776374869000
1776374871.738,171.738,0.8,101.09,0.79,20.5,0.81,18.99,0.82,115.0,0.19,23.53,0.18,105.0,0.2,115.09,0.21,10.0,0.01,0.01,2341.470853,1776374869000
1776374872.383,172.383,0.8,10.89,0.79,20.5,0.81,18.99,0.82,125.5,0.19,18.99,0.18,125.5,0.2,96.09,0.21,25.5,0.01,0.01,2341.503115,1776374870000
1776374872.699,172.699,0.8,5.89,0.79,25.5,0.81,18.99,0.82,125.5,0.19,18.99,0.18,125.5,0.2,10.89,0.21,20.5,0.01,0.01,2341.590151,1776374871000
1776374873.147,173.147,0.8,0.89,0.79,25.5,0.81,18.99,0.82,125.5,0.19,18.99,0.18,125.5,0.2,5.89,0.21,25.5,0.01,0.01,2341.56767,1776374872000
1776374874.04,174.04,0.8,23.89,0.79,25.5,0.82,77.25,0.83,15.0,0.19,18.99,0.18,125.5,0.2,0.89,0.21,25.5,0.02,0.01,2341.56767,1776374872000
1776374876.27,176.27,0.81,23.73,0.8,166.58,0.82,157.25,0.83,25.0,0.18,77.25,0.17,15.0,0.2,18.89,0.21,25.5,0.01,0.02,2341.563571,1776374875000
1776374876.475,176.475,0.81,18.41,0.8,166.58,0.82,157.25,0.83,15.0,0.18,157.25,0.17,25.0,0.19,23.73,0.2,166.58,0.01,0.01,2341.563571,1776374875000
1776374877.709,177.709,0.81,20.41,0.8,166.58,0.82,45.0,0.83,25.5,0.18,157.25,0.17,15.0,0.19,18.41,0.2,166.58,0.01,0.01,2341.57341,1776374876000
1776374879.886,179.886,0.81,55.5,0.8,115.5,0.83,52.0,0.84,110.5,0.18,45.0,0.17,25.5,0.19,20.41,0.2,166.58,0.02,0.01,2341.67652,1776374878000
1776374880.371,180.371,0.83,29.0,0.82,33.5,0.84,20.0,0.85,10.5,0.17,52.0,0.16,110.5,0.19,55.5,0.2,115.5,0.01,0.02,2341.631275,1776374879000
1776374880.717,180.717,0.83,186.88,0.82,43.5,0.84,16.0,0.85,10.5,0.16,20.0,0.15,10.5,0.17,29.0,0.18,33.5,0.01,0.01,2341.631275,1776374879000
1776374881.217,181.217,0.83,272.02,0.82,53.5,0.84,4.46,0.85,10.5,0.16,16.0,0.15,10.5,0.17,182.02,0.18,43.5,0.01,0.01,2341.631275,1776374879000
1776374881.887,181.887,0.83,272.02,0.82,43.5,0.84,3.26,0.85,10.5,0.16,4.46,0.15,10.5,0.17,272.02,0.18,53.5,0.01,0.01,2341.637857,1776374880000
1776374882.552,182.552,0.83,28.0,0.82,10.0,0.84,44.1,0.85,25.5,0.16,3.26,0.15,10.5,0.17,272.02,0.18,43.5,0.01,0.01,2341.678695,1776374881000
1776374883.801,183.801,0.78,10.0,0.76,137.58,0.8,23.75,0.82,200.0,0.16,59.1,0.15,25.5,0.2,10.0,0.21,10.0,0.02,0.04,2341.688055,1776374882000
1776374885.27,185.27,0.78,3.18,0.77,269.74,0.79,25.5,0.8,10.0,0.21,10.0,0.18,200.0,0.22,3.18,0.24,269.16,0.01,0.01,2341.421742,1776374884000
1776374885.659,185.659,0.77,269.74,0.76,21.0,0.79,26.5,0.8,10.0,0.21,25.5,0.2,10.0,0.22,3.18,0.23,269.74,0.02,0.01,2341.421742,1776374884000
1776374888.002,188.002,0.78,118.07,0.77,10.0,0.79,31.5,0.8,10.0,0.21,21.5,0.2,10.0,0.22,3.5,0.23,139.87,0.01,0.01,2341.316034,1776374886000
1776374888.978,188.978,0.78,246.28,0.77,10.0,0.79,18.84,0.81,51.9,0.21,31.5,0.2,10.0,0.22,118.07,0.23,10.0,0.01,0.01,2341.30855,1776374887000
1776374890.049,190.049,0.78,235.78,0.76,6.0,0.79,64.84,0.8,10.0,0.21,18.84,0.19,51.9,0.22,246.28,0.23,10.0,0.01,0.01,2341.305089,1776374888000
1776374890.305,190.305,0.78,55.98,0.76,6.0,0.79,87.84,0.8,10.0,0.21,97.84,0.2,10.0,0.22,75.98,0.24,6.0,0.01,0.01,2341.305089,1776374888000
1776374890.595,190.595,0.75,25.0,0.74,5.0,0.78,17.5,0.79,85.84,0.21,87.84,0.2,10.0,0.24,6.0,0.25,25.0,0.03,0.03,2341.312471,1776374889000
1776374891.684,191.684,0.73,43.13,0.72,83.25,0.75,51.5,0.76,20.5,0.22,17.5,0.21,85.84,0.25,25.0,0.26,5.0,0.02,0.03,2341.060711,1776374890000
1776374892.736,192.736,0.71,25.0,0.7,10.0,0.73,236.5,0.74,85.5,0.25,51.5,0.24,20.5,0.27,43.13,0.28,83.25,0.02,0.02,2340.97361,1776374891000
1776374892.965,192.965,0.68,25.0,0.67,10.0,0.69,5.52,0.7,10.0,0.27,236.5,0.26,85.5,0.29,25.0,0.3,10.0,0.01,0.02,2340.97361,1776374891000
1776374893.673,193.673,0.64,60.0,0.63,60.0,0.66,24.48,0.67,43.0,0.33,7.8,0.31,55.52,0.34,120.0,0.36,60.0,0.02,0.01,2340.927,1776374892000
1776374894.364,194.364,0.63,6.06,0.62,43.0,0.66,32.48,0.67,53.5,0.34,24.48,0.33,43.0,0.36,60.0,0.37,60.0,0.03,0.02,2340.890961,1776374893000
1776374895.683,195.683,0.64,10.0,0.63,16.06,0.72,27.89,0.73,18.3,0.35,17.92,0.34,13.48,0.36,10.0,0.37,16.06,0.08,0.01,2340.702922,1776374894000
1776374895.95,195.95,0.65,5.0,0.64,10.0,0.69,5.99,0.7,10.0,0.28,27.89,0.27,18.3,0.36,10.0,0.37,16.06,0.04,0.08,2340.702922,1776374894000
1776374896.613,196.613,0.66,0.39,0.65,15.0,0.67,10.0,0.68,10.0,0.31,5.99,0.3,10.0,0.35,5.0,0.36,10.0,0.01,0.04,2340.605682,1776374895000
1776374898.263,198.263,0.65,5.6,0.64,35.0,0.68,10.0,0.69,5.99,0.33,7.01,0.32,10.0,0.34,0.39,0.35,15.0,0.03,0.01,2340.599428,1776374896000
1776374899.842,199.842,0.68,60.2,0.67,20.0,0.69,3.1,0.71,10.0,0.32,10.0,0.31,5.99,0.35,5.6,0.36,35.0,0.01,0.03,2340.664956,1776374898000
1776374900.113,200.113,0.68,62.0,0.67,20.0,0.71,10.0,0.72,10.0,0.31,3.1,0.29,10.0,0.32,60.2,0.33,20.0,0.03,0.01,2340.689118,1776374899000
1776374903.309,203.309,0.71,45.5,0.7,30.5,0.72,4.0,0.73,60.0,0.29,10.0,0.28,10.0,0.32,62.0,0.33,20.0,0.01,0.03,2340.733254,1776374902000
1776374907.137,207.137,0.64,19.58,0.63,55.5,0.66,10.0,0.67,25.5,0.28,4.0,0.27,60.0,0.29,45.5,0.3,30.5,0.02,0.01,2340.779131,1776374905000
1776374907.461,207.461,0.66,18.52,0.65,20.0,0.67,31.5,0.68,20.5,0.34,10.0,0.33,25.5,0.36,19.58,0.37,55.5,0.01,0.02,2340.80002,1776374906000
1776374907.79,207.79,0.66,17.38,0.65,20.0,0.67,31.5,0.68,20.5,0.33,31.5,0.32,20.5,0.34,18.52,0.35,20.0,0.01,0.01,2340.80002,1776374906000
1776374909.383,209.383,0.64,19.08,0.63,45.0,0.65,27.54,0.66,25.5,0.33,31.5,0.32,20.5,0.34,17.38,0.35,20.0,0.01,0.01,2340.702257,1776374908000
1776374909.902,209.902,0.6,104.9,0.59,52.5,0.61,73.78,0.62,10.0,0.35,27.54,0.34,25.5,0.36,19.08,0.37,45.0,0.01,0.01,2340.702257,1776374908000
1776374910.114,210.114,0.57,8.46,0.56,35.0,0.59,15.0,0.6,25.5,0.39,84.0,0.38,20.5,0.43,61.98,0.44,120.0,0.02,0.04,2340.58228,1776374909000
1776374910.371,210.371,0.58,32.99,0.57,8.46,0.59,5.0,0.6,5.0,0.41,15.0,0.4,25.5,0.43,8.46,0.44,35.0,0.01,0.02,2340.58228,1776374909000
1776374910.696,210.696,0.63,15.0,0.62,20.0,0.64,1.13,0.65,10.0,0.36,13.88,0.34,20.5,0.41,8.0,0.42,10.0,0.01,0.05,2340.58228,1776374909000
1776374911.002,211.002,0.63,14.82,0.62,35.5,0.64,1.13,0.65,20.5,0.36,1.13,0.35,10.0,0.37,15.0,0.38,20.0,0.01,0.01,2340.58228,1776374909000
1776374911.528,211.528,0.64,14.09,0.63,29.82,0.65,20.0,0.66,40.5,0.36,1.13,0.35,20.5,0.37,14.82,0.38,35.5,0.01,0.01,2340.58228,1776374909000
1776374914.412,214.412,0.65,71.5,0.64,75.59,0.67,35.5,0.71,23.5,0.35,20.0,0.34,40.5,0.36,14.09,0.37,29.82,0.02,0.01,2340.394044,1776374913000
1776374915.091,215.091,0.66,58.0,0.65,86.5,0.7,10.0,0.71,33.5,0.33,35.5,0.29,23.5,0.35,71.5,0.36,75.59,0.04,0.02,2340.394044,1776374913000
1776374915.373,215.373,0.69,10.31,0.68,20.0,0.7,20.5,0.71,27.5,0.3,20.5,0.29,33.5,0.31,13.54,0.32,20.0,0.01,0.01,2340.394039,1776374914000
1776374917.145,217.145,0.73,6.29,0.72,20.5,0.74,10.5,0.75,35.5,0.3,20.5,0.29,27.5,0.31,10.31,0.32,20.0,0.01,0.01,2340.492206,1776374915000
1776374917.522,217.522,0.74,2.3,0.73,6.29,0.75,35.5,0.78,25.0,0.25,35.5,0.22,25.0,0.27,6.29,0.28,20.5,0.01,0.02,2340.474797,1776374916000
1776374918.084,218.084,0.74,2.3,0.73,6.29,0.75,9.16,0.78,25.0,0.25,35.5,0.22,25.0,0.26,2.3,0.27,6.29,0.01,0.01,2340.474797,1776374916000
1776374918.566,218.566,0.73,4.8,0.72,20.5,0.75,9.16,0.78,25.0,0.25,9.16,0.22,25.0,0.26,2.3,0.27,6.29,0.02,0.01,2340.651827,1776374917000
1776374919.316,219.316,0.69,10.0,0.66,10.5,0.7,18.47,0.71,50.5,0.25,9.16,0.22,25.0,0.27,4.8,0.28,20.5,0.01,0.02,2340.651827,1776374917000
1776374919.543,219.543,0.66,10.5,0.65,45.0,0.7,17.04,0.71,26.5,0.3,18.47,0.29,50.5,0.31,10.0,0.34,10.5,0.04,0.01,2340.676726,1776374918000
1776374919.879,219.879,0.64,4.9,0.63,20.0,0.65,15.0,0.66,61.44,0.3,17.04,0.29,26.5,0.34,10.5,0.35,45.0,0.01,0.04,2340.676726,1776374918000
1776374923.419,223.419,0.62,39.5,0.61,89.5,0.63,356.34,0.65,10.0,0.35,23.31,0.34,53.44,0.38,20.5,0.39,20.5,0.01,0.03,2340.433508,1776374922000
1776374923.747,223.747,0.62,59.5,0.61,99.5,0.63,221.35,0.65,10.0,0.37,226.35,0.35,10.0,0.38,44.5,0.39,99.5,0.01,0.01,2340.433508,1776374922000
1776374924.578,224.578,0.62,293.5,0.61,244.5,0.63,208.35,0.65,10.0,0.37,221.35,0.35,10.0,0.38,59.5,0.39,99.5,0.01,0.01,2340.426055,1776374923000
1776374925.051,225.051,0.64,31.16,0.63,214.5,0.65,10.0,0.67,20.0,0.35,10.0,0.33,20.0,0.38,404.49,0.39,256.5,0.01,0.03,2340.426055,1776374923000
1776374926.258,226.258,0.73,44.5,0.72,54.5,0.74,28.63,0.75,25.0,0.35,10.0,0.33,20.0,0.36,31.16,0.37,214.5,0.01,0.01,2340.422832,1776374924000
1776374926.679,226.679,0.72,10.0,0.71,10.0,0.74,59.5,0.75,75.5,0.26,21.65,0.25,25.0,0.27,44.5,0.28,54.5,0.02,0.01,2340.507991,1776374925000
1776374927.35,227.35,0.7,14.16,0.69,25.5,0.72,10.0,0.73,10.0,0.26,9.16,0.25,75.5,0.28,10.0,0.29,10.0,0.02,0.02,2340.595565,1776374926000
1776374927.667,227.667,0.7,14.16,0.69,30.5,0.73,20.0,0.74,10.0,0.28,10.0,0.27,10.0,0.3,14.16,0.31,25.5,0.03,0.02,2340.595565,1776374926000
1776374931.015,231.015,0.74,28.5,0.73,30.5,0.75,21.53,0.76,175.0,0.27,20.0,0.26,10.0,0.3,14.16,0.31,30.5,0.01,0.03,2340.723354,1776374929000
1776374931.898,231.898,0.75,10.97,0.74,28.5,0.76,175.0,0.77,10.0,0.25,21.53,0.24,175.0,0.26,28.5,0.27,30.5,0.01,0.01,2340.764388,1776374930000
1776374932.242,232.242,0.75,0.57,0.74,18.0,0.76,183.0,0.77,20.0,0.24,175.0,0.23,10.0,0.25,10.97,0.26,28.5,0.01,0.01,2340.764388,1776374930000
1776374932.539,232.539,0.74,18.0,0.73,20.5,0.76,183.0,0.77,20.0,0.24,183.0,0.23,20.0,0.25,0.57,0.26,18.0,0.02,0.01,2340.7993,1776374931000
1776374934.671,234.671,0.76,80.33,0.75,85.5,0.77,10.0,0.79,158.38,0.24,183.0,0.23,20.0,0.26,18.0,0.27,20.5,0.01,0.02,2340.789115,1776374933000
1776374935.032,235.032,0.78,72.5,0.77,33.5,0.79,98.25,0.8,30.0,0.21,108.38,0.2,30.0,0.22,67.5,0.23,33.5,0.01,0.01,2340.789115,1776374933000
1776374935.871,235.871,0.78,227.95,0.77,103.5,0.79,108.37,0.8,30.0,0.21,98.25,0.2,30.0,0.22,67.95,0.23,33.5,0.01,0.01,2340.803941,1776374934000
1776374936.613,236.613,0.78,227.95,0.77,103.5,0.79,79.3,0.8,30.0,0.21,108.37,0.2,30.0,0.22,227.95,0.23,103.5,0.01,0.01,2340.861334,1776374935000
1776374936.918,236.918,0.78,269.95,0.77,179.5,0.79,0.04,0.8,30.0,0.21,1.56,0.2,30.0,0.22,227.95,0.23,103.5,0.01,0.01,2340.861334,1776374935000
1776374937.644,237.644,0.84,8.0,0.83,227.5,0.85,35.0,0.86,10.0,0.17,50.0,0.16,95.0,0.22,307.95,0.23,179.5,0.01,0.05,2341.026465,1776374936000
1776374938.281,238.281,0.84,56.0,0.83,62.5,0.86,10.0,0.89,36.79,0.15,35.0,0.14,10.0,0.16,8.0,0.17,227.5,0.02,0.01,2341.02575,1776374937000
1776374938.776,238.776,0.87,18.0,0.86,18.0,0.88,20.95,0.89,57.29,0.14,10.0,0.13,9.0,0.16,53.25,0.17,62.5,0.01,0.02,2341.02575,1776374937000
1776374939.071,239.071,0.87,18.0,0.86,18.0,0.88,18.03,0.89,103.29,0.12,20.95,0.11,57.29,0.13,18.0,0.14,18.0,0.01,0.01,2341.02575,1776374937000
1776374939.36,239.36,0.86,18.0,0.85,20.5,0.88,18.03,0.89,103.29,0.12,18.03,0.11,103.29,0.13,18.0,0.14,18.0,0.02,0.01,2341.02575,1776374937000
1776374940.139,240.139,0.87,2.3,0.86,23.0,0.88,26.03,0.89,46.79,0.12,18.03,0.11,103.29,0.14,18.0,0.15,20.5,0.01,0.02,2341.165895,1776374938000
1776374940.448,240.448,0.87,12.3,0.86,28.0,0.88,4.31,0.89,46.79,0.12,26.03,0.11,46.79,0.13,2.3,0.14,23.0,0.01,0.01,2341.165895,1776374938000
1776374940.728,240.728,0.86,15.7,0.85,15.0,0.89,39.97,0.9,70.0,0.13,1.3,0.11,44.1,0.14,15.7,0.15,15.0,0.03,0.01,2341.246081,1776374939000
1776374941.084,241.084,0.88,27.49,0.87,10.0,0.89,34.34,0.9,70.0,0.11,38.84,0.1,70.0,0.13,10.0,0.14,15.7,0.01,0.02,2341.246081,1776374939000
1776374941.478,241.478,0.89,9.41,0.88,27.49,0.9,70.0,0.91,140.0,0.11,34.34,0.1,70.0,0.12,27.49,0.13,10.0,0.01,0.01,2341.27009,1776374940000
1776374941.908,241.908,0.88,46.9,0.87,10.0,0.89,9.0,0.9,38.0,0.1,70.0,0.09,140.0,0.12,36.9,0.13,10.0,0.01,0.02,2341.27009,1776374940000
1776374942.605,242.605,0.88,7.49,0.86,10.0,0.89,27.0,0.9,80.0,0.11,9.0,0.1,38.0,0.12,46.9,0.13,10.0,0.01,0.01,2341.290975,1776374941000
1776374943.203,243.203,0.86,10.0,0.85,10.0,0.87,14.0,0.88,20.0,0.11,27.0,0.1,80.0,0.14,10.0,0.15,10.0,0.01,0.03,2341.290975,1776374941000
1776374943.69,243.69,0.87,10.0,0.86,10.0,0.9,30.0,0.91,46.0,0.1,30.0,0.09,90.0,0.11,14.0,0.14,10.0,0.03,0.01,2341.380219,1776374942000
1776374944.847,244.847,0.78,10.0,0.77,10.0,0.81,40.0,0.82,20.0,0.1,30.0,0.09,46.0,0.13,10.0,0.14,10.0,0.03,0.03,2341.321615,1776374943000
1776374945.204,245.204,0.78,17.0,0.77,5.46,0.8,6.25,0.81,10.0,0.21,10.0,0.2,10.0,0.23,5.46,0.24,25.0,0.02,0.02,2341.321615,1776374943000
1776374945.426,245.426,0.79,10.0,0.78,10.0,0.81,7.11,0.82,10.0,0.2,0.81,0.19,10.0,0.22,17.0,0.23,5.46,0.02,0.02,2341.321615,1776374943000
1776374946.543,246.543,0.83,202.0,0.82,10.0,0.84,13.25,0.86,10.0,0.19,7.11,0.18,10.0,0.21,10.0,0.22,10.0,0.01,0.02,2341.184883,1776374945000
1776374947.091,247.091,0.83,207.0,0.82,15.0,0.84,0.25,0.86,10.0,0.16,13.25,0.14,10.0,0.17,202.0,0.18,10.0,0.01,0.01,2341.08829,1776374946000
1776374947.638,247.638,0.86,16.0,0.85,16.0,0.87,3.13,0.89,36.79,0.16,0.25,0.14,10.0,0.17,207.0,0.18,15.0,0.01,0.01,2341.08829,1776374946000
1776374949.285,249.285,0.86,8.85,0.85,21.0,0.87,3.13,0.89,36.79,0.13,3.13,0.11,36.79,0.14,16.0,0.15,16.0,0.01,0.01,2341.066732,1776374947000
1776374949.873,249.873,0.89,20.0,0.88,22.0,0.9,15.0,0.91,46.0,0.13,3.13,0.11,36.79,0.14,8.85,0.15,21.0,0.01,0.01,2341.14489,1776374948000
1776374950.268,250.268,0.89,10.0,0.88,22.0,0.91,44.9,0.92,70.9,0.09,46.0,0.08,70.9,0.1,15.0,0.11,10.0,0.02,0.01,2341.14912,1776374949000
1776374952.456,252.456,0.89,10.0,0.88,22.0,0.9,45.0,0.91,50.9,0.09,44.9,0.08,70.9,0.11,10.0,0.12,22.0,0.01,0.02,2341.1805,1776374951000
1776374953.34,253.34,0.87,9.0,0.86,8.85,0.88,12.0,0.89,23.0,0.1,45.0,0.09,50.9,0.11,10.0,0.12,22.0,0.01,0.01,2341.218218,1776374952000
1776374954.91,254.91,0.86,8.96,0.85,25.0,0.88,12.0,0.89,23.0,0.12,12.0,0.11,23.0,0.13,9.0,0.14,8.85,0.02,0.01,2341.277223,1776374953000
1776374956.033,256.033,0.87,10.0,0.86,18.96,0.88,6.32,0.89,23.0,0.12,12.0,0.11,23.0,0.14,8.96,0.15,25.0,0.01,0.02,2341.253637,1776374954000
1776374956.613,256.613,0.87,25.0,0.86,8.96,0.88,1.77,0.89,23.0,0.12,6.32,0.11,23.0,0.13,10.0,0.14,18.96,0.01,0.01,2341.201745,1776374955000
1776374958.724,258.724,0.88,32.0,0.87,15.0,0.89,16.07,0.9,10.0,0.11,19.13,0.1,10.0,0.13,25.0,0.14,8.96,0.01,0.02,2341.192265,1776374957000
1776374959.519,259.519,0.88,32.0,0.87,15.0,0.89,3.98,0.9,10.0,0.11,16.07,0.1,10.0,0.12,32.0,0.13,15.0,0.01,0.01,2341.16854,1776374958000
1776374960.29,260.29,0.88,732.0,0.87,15.0,0.9,6.86,0.91,44.9,0.11,1.89,0.1,10.0,0.12,32.0,0.13,15.0,0.02,0.01,2341.16854,1776374958000
1776374961.745,261.745,0.89,30.44,0.88,715.0,0.9,6.86,0.91,44.9,0.1,6.86,0.09,44.9,0.12,732.0,0.13,15.0,0.01,0.02,2341.185775,1776374960000
1776374962.077,262.077,0.89,25.0,0.88,715.0,0.9,14.63,0.91,44.9,0.1,6.86,0.09,44.9,0.11,30.44,0.12,715.0,0.01,0.01,2341.185775,1776374960000
1776374962.76,262.76,0.89,25.0,0.88,715.0,0.9,9.57,0.91,44.9,0.1,14.63,0.09,44.9,0.11,25.0,0.12,715.0,0.01,0.01,2341.168715,1776374961000
1776374965.236,265.236,0.9,216.0,0.89,15.0,0.91,44.9,0.92,22.0,0.1,9.57,0.09,44.9,0.11,25.0,0.12,715.0,0.01,0.01,2341.168078,1776374964000
1776374965.485,265.485,0.9,196.0,0.89,15.0,0.91,7.48,0.92,22.0,0.09,8.58,0.08,22.0,0.1,191.0,0.11,15.0,0.01,0.01,2341.168078,1776374964000
1776374968.074,268.074,0.9,231.0,0.89,15.0,0.91,168.14,0.92,22.0,0.09,6.16,0.08,22.0,0.1,196.0,0.11,15.0,0.01,0.01,2341.228727,1776374967000
1776374968.296,268.296,0.9,231.0,0.89,15.0,0.91,164.9,0.92,22.0,0.09,168.14,0.08,22.0,0.1,231.0,0.11,15.0,0.01,0.01,2341.228727,1776374967000
1776374969.47,269.47,0.9,261.0,0.89,94.63,0.91,163.8,0.92,22.0,0.09,164.9,0.08,22.0,0.1,231.0,0.11,15.0,0.01,0.01,2341.256875,1776374968000
1776374969.773,269.773,0.9,261.0,0.89,94.63,0.91,158.8,0.92,22.0,0.09,163.8,0.08,22.0,0.1,261.0,0.11,94.63,0.01,0.01,2341.256875,1776374968000
1776374970.769,270.769,0.9,240.0,0.89,129.13,0.91,153.8,0.92,22.0,0.09,158.8,0.08,22.0,0.1,261.0,0.11,94.63,0.01,0.01,2341.26129,1776374969000
1776374970.97,270.97,0.93,6.0,0.92,5.0,0.94,31.0,0.95,81.64,0.07,24.0,0.06,31.0,0.09,446.2,0.1,240.0,0.01,0.02,2341.279882,1776374970000
1776374971.326,271.326,0.92,15.0,0.91,610.2,0.94,18.41,0.95,89.64,0.06,1.07,0.05,89.64,0.07,192.0,0.08,15.0,0.02,0.01,2341.279882,1776374970000
1776374971.534,271.534,0.92,15.0,0.91,610.2,0.94,17.34,0.95,89.64,0.06,18.41,0.05,89.64,0.08,15.0,0.09,610.2,0.02,0.02,2341.279882,1776374970000
1776374971.772,271.772,0.93,12.0,0.92,15.0,0.94,12.03,0.95,89.64,0.06,17.34,0.05,89.64,0.08,15.0,0.09,610.2,0.01,0.02,2341.279882,1776374970000
1776374972.166,272.166,0.91,295.46,0.9,126.0,0.94,12.03,0.95,81.64,0.06,12.03,0.05,89.64,0.07,12.0,0.08,15.0,0.03,0.01,2341.276973,1776374971000
1776374972.413,272.413,0.93,175.0,0.92,15.0,0.95,77.77,0.96,254.8,0.06,9.92,0.05,81.64,0.08,10.0,0.09,305.46,0.02,0.02,2341.276973,1776374971000
1776374972.826,272.826,0.93,165.0,0.92,32.0,0.95,77.77,0.96,254.8,0.05,77.77,0.04,254.8,0.07,175.0,0.08,15.0,0.02,0.02,2341.276973,1776374971000
1776374973.964,273.964,0.94,170.0,0.93,15.0,0.95,76.45,0.96,161.0,0.05,77.77,0.04,254.8,0.07,165.0,0.08,32.0,0.01,0.02,2341.282595,1776374972000
1776374974.319,274.319,0.94,57.47,0.93,10.0,0.95,193.19,0.96,148.8,0.05,75.19,0.04,161.0,0.06,170.0,0.07,15.0,0.01,0.01,2341.282595,1776374972000
1776374976.614,276.614,0.93,20.0,0.92,43.5,0.94,7.0,0.95,75.19,0.05,193.19,0.04,148.8,0.07,10.0,0.08,10.0,0.01,0.02,2341.319976,1776374975000
1776374978.237,278.237,0.93,53.5,0.92,42.0,0.94,18.68,0.95,75.19,0.06,7.0,0.05,75.19,0.07,20.0,0.08,43.5,0.01,0.01,2341.228796,1776374977000
1776374980.5,280.5,0.94,73.5,0.93,32.0,0.95,70.19,0.96,55.0,0.06,18.68,0.05,75.19,0.07,53.5,0.08,42.0,0.01,0.01,2341.214819,1776374979000
1776374982.105,282.105,0.94,48.74,0.93,37.0,0.95,45.19,0.96,55.0,0.05,70.19,0.04,55.0,0.06,73.5,0.07,32.0,0.01,0.01,2341.213401,1776374980000
1776374982.345,282.345,0.94,45.0,0.93,37.0,0.95,16.69,0.96,55.0,0.05,45.19,0.04,55.0,0.06,48.74,0.07,37.0,0.01,0.01,2341.22506,1776374981000
1776374982.85,282.85,0.94,56.0,0.93,20.0,0.95,6.69,0.96,55.0,0.05,16.69,0.04,55.0,0.06,45.0,0.07,37.0,0.01,0.01,2341.22506,1776374981000
1776374983.599,283.599,0.94,56.0,0.93,20.0,0.95,21.64,0.96,55.0,0.05,6.69,0.04,55.0,0.06,56.0,0.07,20.0,0.01,0.01,2341.197695,1776374982000
1776374984.272,284.272,0.94,243.0,0.93,20.0,0.96,55.0,0.97,153.0,0.05,21.64,0.04,55.0,0.06,56.0,0.07,20.0,0.02,0.01,2341.197695,1776374982000
1776374985.622,285.622,0.95,53.26,0.94,35.0,0.97,153.0,0.98,263.35,0.04,55.0,0.03,153.0,0.06,243.0,0.07,20.0,0.02,0.02,2341.235692,1776374984000
1776374985.946,285.946,0.96,15.0,0.95,68.26,0.97,148.91,0.98,263.35,0.03,153.0,0.02,263.35,0.05,53.26,0.06,35.0,0.01,0.02,2341.235692,1776374984000
1776374986.159,286.159,0.96,20.0,0.95,68.26,0.97,143.76,0.98,188.35,0.03,148.91,0.02,263.35,0.04,15.0,0.05,68.26,0.01,0.01,2341.2774,1776374985000
1776374986.756,286.756,0.96,20.0,0.95,53.26,0.97,138.61,0.98,188.35,0.03,143.76,0.02,188.35,0.04,20.0,0.05,68.26,0.01,0.01,2341.2774,1776374985000
1776374987.724,287.724,0.96,20.0,0.95,53.26,0.97,118.11,0.98,188.35,0.03,123.3,0.02,188.35,0.04,20.0,0.05,53.26,0.01,0.01,2341.26965,1776374986000
1776374988.666,288.666,0.96,42.0,0.95,35.26,0.97,113.98,0.98,188.35,0.03,118.11,0.02,188.35,0.04,20.0,0.05,53.26,0.01,0.01,2341.268595,1776374987000
1776374989.012,289.012,0.96,42.0,0.95,35.26,0.97,110.65,0.98,188.35,0.03,113.98,0.02,188.35,0.04,42.0,0.05,35.26,0.01,0.01,2341.268595,1776374987000
1776374989.504,289.504,0.96,42.0,0.95,35.26,0.97,88.19,0.98,188.35,0.03,110.65,0.02,188.35,0.04,42.0,0.05,35.26,0.01,0.01,2341.266209,1776374988000
1776374989.714,289.714,0.96,40.0,0.95,35.26,0.97,66.59,0.98,188.35,0.03,78.72,0.02,188.35,0.04,40.0,0.05,35.26,0.01,0.01,2341.266209,1776374988000
1776374990.252,290.252,0.96,40.0,0.95,35.26,0.98,188.35,0.99,1141.71,0.03,66.59,0.02,188.35,0.04,40.0,0.05,35.26,0.02,0.01,2341.266209,1776374988000
1776374990.931,290.931,0.97,15.0,0.96,13.0,0.98,183.35,0.99,1141.71,0.02,183.35,0.01,1141.71,0.03,20.0,0.04,40.0,0.01,0.01,2341.251245,1776374989000
1776374991.233,291.233,0.97,5.0,0.96,23.0,0.98,173.04,0.99,1141.71,0.02,183.04,0.01,1141.71,0.04,13.0,0.05,52.26,0.01,0.02,2341.251245,1776374989000
1776374991.611,291.611,0.97,5.0,0.96,23.0,0.98,171.04,0.99,1141.71,0.02,173.04,0.01,1141.71,0.03,5.0,0.04,23.0,0.01,0.01,2341.240462,1776374990000
1776374991.836,291.836,0.97,5.0,0.96,23.0,0.98,165.93,0.99,1141.71,0.02,171.04,0.01,1141.71,0.03,5.0,0.04,23.0,0.01,0.01,2341.240462,1776374990000
1776374993.246,293.246,0.97,10.0,0.96,46.0,0.98,159.79,0.99,1151.7,0.02,164.9,0.01,1141.71,0.03,5.0,0.04,46.0,0.01,0.01,2341.242383,1776374991000
1776374993.589,293.589,0.97,10.0,0.96,46.0,0.98,103.24,0.99,1151.7,0.02,153.76,0.01,1151.7,0.03,10.0,0.04,46.0,0.01,0.01,2341.108195,1776374992000
1776374994.364,294.364,0.97,10.0,0.96,46.0,0.98,92.18,0.99,1151.7,0.02,98.18,0.01,1151.7,0.03,10.0,0.04,46.0,0.01,0.01,2341.051886,1776374993000
1776374994.687,294.687,0.97,10.0,0.96,23.0,0.98,50.66,0.99,1151.7,0.02,71.07,0.01,1151.7,0.03,10.0,0.04,46.0,0.01,0.01,2341.051886,1776374993000
1776374994.892,294.892,0.95,46.26,0.94,139.99,0.98,42.18,0.99,1151.7,0.02,42.18,0.01,1151.7,0.04,13.0,0.05,53.26,0.03,0.02,2341.051886,1776374993000
1776374995.216,295.216,0.96,23.0,0.95,8.86,0.97,4.9,0.98,42.18,0.03,10.0,0.02,42.18,0.05,31.86,0.06,152.99,0.01,0.02,2341.051886,1776374993000
1776374995.443,295.443,0.96,10.5,0.95,8.86,0.98,41.92,0.99,1151.7,0.02,41.92,0.01,1151.7,0.04,28.0,0.05,8.86,0.02,0.02,2341.035,1776374994000
1776374995.741,295.741,0.97,5.0,0.96,20.5,0.98,20.63,0.99,1151.7,0.02,35.79,0.01,1151.7,0.04,20.5,0.05,136.85,0.01,0.02,2341.035,1776374994000
1776374996.017,296.017,0.97,5.0,0.96,133.99,0.98,0.43,0.99,1151.7,0.02,0.63,0.01,1151.7,0.03,5.0,0.04,133.99,0.01,0.01,2341.035,1776374994000
1776374996.379,296.379,0.97,5.0,0.96,162.99,0.99,1101.12,,,0.02,0.43,0.01,1151.7,0.03,5.0,0.04,133.99,0.02,0.01,2341.07682,1776374995000
1776374996.684,296.684,0.98,25.4,0.97,10.0,0.99,1014.5,,,0.01,1049.5,,,0.02,5.0,0.03,15.0,0.01,0.01,2341.07682,1776374995000
1776374996.912,296.912,0.98,25.4,0.97,10.0,0.99,907.41,,,0.01,908.43,,,0.02,25.4,0.03,10.0,0.01,0.01,2341.07682,1776374995000
1776374997.138,297.138,0.98,81.4,0.97,10.0,0.99,902.41,,,0.01,907.41,,,0.02,25.4,0.03,10.0,0.01,0.01,2341.07682,1776374995000
1776374997.354,297.354,0.98,81.4,0.97,120.99,0.99,882.32,,,0.01,884.32,,,0.02,81.4,0.03,120.99,0.01,0.01,2341.073015,1776374996000
1776374997.597,297.597,0.98,81.4,0.97,148.99,0.99,307.3,,,0.01,323.79,,,0.02,81.4,0.03,136.99,0.01,0.01,2341.073015,1776374996000
1776374998.699,298.699,0.99,5801.15,0.98,35.4,,,,,,,,,0.02,81.4,0.03,132.99,,,2341.07499,1776374997000
1776374999.685,299.685,0.99,21319.61,0.98,48.4,,,,,,,,,0.01,8841.17,0.02,30.4,,,2341.07499,1776374998000

# RESULT,winner=Up,slug=eth-updown-5m-1776374700,ticks=366
