timestamp,elapsed_sec,up_bid_p1,up_bid_s1,up_bid_p2,up_bid_s2,up_ask_p1,up_ask_s1,up_ask_p2,up_ask_s2,down_bid_p1,down_bid_s1,down_bid_p2,down_bid_s2,down_ask_p1,down_ask_s1,down_ask_p2,down_ask_s2,up_spread,down_spread,eth_price,eth_oracle_ts
1776309900.768,0.768,0.46,31.14,0.45,70.0,0.48,5.0,0.49,161.0,0.52,5.0,0.51,5.0,0.54,216.33,0.55,70.0,0.02,0.02,2363.569756,1776309899000
1776309901.201,1.201,0.46,36.14,0.45,70.0,0.49,159.0,0.5,10.0,0.52,5.0,0.51,161.0,0.54,31.14,0.55,70.0,0.03,0.02,2363.569756,1776309899000
1776309901.527,1.527,0.47,6.0,0.46,44.14,0.49,159.0,0.5,23.0,0.51,159.0,0.5,10.0,0.54,36.14,0.55,70.0,0.02,0.03,2363.76968,1776309900000
1776309902.046,2.046,0.47,6.0,0.46,44.14,0.49,159.0,0.5,23.0,0.51,159.0,0.5,23.0,0.53,6.0,0.54,44.14,0.02,0.02,2363.783709,1776309901000
1776309903.005,3.005,0.46,33.47,0.45,70.0,0.48,5.0,0.49,159.0,0.51,159.0,0.5,23.0,0.53,6.0,0.54,44.14,0.02,0.02,2363.783709,1776309901000
1776309903.26,3.26,0.47,15.0,0.46,43.47,0.48,9.91,0.49,159.0,0.52,2.91,0.51,159.0,0.54,33.47,0.55,83.0,0.01,0.02,2363.783709,1776309901000
1776309903.479,3.479,0.47,15.0,0.46,43.47,0.48,6.84,0.49,159.0,0.52,9.91,0.51,159.0,0.53,15.0,0.54,43.47,0.01,0.01,2363.779927,1776309902000
1776309904.4,4.4,0.47,15.0,0.46,43.47,0.48,6.84,0.49,159.0,0.52,6.84,0.51,159.0,0.53,15.0,0.54,43.47,0.01,0.01,2363.788118,1776309903000
1776309904.95,4.95,0.47,15.0,0.46,43.47,0.48,6.84,0.49,159.0,0.52,6.84,0.51,159.0,0.53,15.0,0.54,43.47,0.01,0.01,2363.789423,1776309904000
1776309905.718,5.718,0.47,25.5,0.46,53.47,0.48,17.34,0.49,159.0,0.52,6.84,0.51,159.0,0.53,15.0,0.54,43.47,0.01,0.01,2363.789423,1776309904000
1776309906.371,6.371,0.47,25.5,0.46,53.47,0.48,17.34,0.49,159.0,0.52,17.34,0.51,159.0,0.53,25.5,0.54,53.47,0.01,0.01,2363.789949,1776309905000
1776309906.651,6.651,0.47,30.5,0.46,53.47,0.48,13.86,0.49,159.0,0.52,17.34,0.51,159.0,0.53,25.5,0.54,53.47,0.01,0.01,2363.789949,1776309905000
1776309907.053,7.053,0.47,30.5,0.46,53.47,0.48,13.86,0.49,159.0,0.52,13.86,0.51,159.0,0.53,30.5,0.54,53.47,0.01,0.01,2363.766943,1776309906000
1776309907.839,7.839,0.47,35.5,0.46,53.47,0.48,0.86,0.49,159.0,0.52,13.86,0.51,159.0,0.53,30.5,0.54,53.47,0.01,0.01,2363.766943,1776309906000
1776309908.778,8.778,0.47,35.5,0.46,53.47,0.48,0.86,0.49,159.0,0.52,0.86,0.51,159.0,0.53,35.5,0.54,53.47,0.01,0.01,2363.768208,1776309907000
1776309909.31,9.31,0.47,35.5,0.46,53.47,0.48,0.86,0.49,159.0,0.52,0.86,0.51,159.0,0.53,35.5,0.54,53.47,0.01,0.01,2363.813182,1776309908000
1776309909.941,9.941,0.48,55.5,0.47,25.5,0.49,168.73,0.5,25.0,0.52,0.86,0.51,159.0,0.53,35.5,0.54,53.47,0.01,0.01,2363.813182,1776309908000
1776309910.319,10.319,0.48,5.5,0.47,20.5,0.49,183.73,0.5,46.5,0.51,168.73,0.5,25.0,0.52,55.5,0.53,25.5,0.01,0.01,2363.813182,1776309908000
1776309910.552,10.552,0.47,15.5,0.46,48.47,0.48,15.0,0.49,199.23,0.52,15.0,0.51,199.23,0.53,15.5,0.54,48.47,0.01,0.01,2363.808208,1776309909000
1776309910.901,10.901,0.47,50.5,0.46,108.97,0.49,12.09,0.5,42.0,0.52,20.0,0.51,194.23,0.54,48.47,0.55,103.0,0.02,0.02,2363.808208,1776309909000
1776309911.121,11.121,0.47,50.5,0.46,108.97,0.49,12.09,0.5,42.0,0.51,12.09,0.5,42.0,0.53,50.5,0.54,108.97,0.02,0.02,2363.776144,1776309910000
1776309911.81,11.81,0.49,48.53,0.48,50.5,0.5,10.0,0.51,29.39,0.49,36.39,0.48,36.5,0.52,50.5,0.53,60.5,0.01,0.03,2363.776144,1776309910000
1776309912.142,12.142,0.49,8.42,0.48,45.5,0.5,30.0,0.51,37.39,0.5,10.0,0.49,29.39,0.51,48.53,0.52,50.5,0.01,0.01,2363.776144,1776309910000
1776309914.487,14.487,0.44,76.86,0.43,75.0,0.5,25.5,0.51,37.39,0.5,30.0,0.49,37.39,0.51,8.42,0.52,45.5,0.06,0.01,2363.79925,1776309913000
1776309914.857,14.857,0.44,10.0,0.43,5.0,0.45,15.0,0.46,20.0,0.5,25.5,0.49,37.39,0.56,76.86,0.57,75.0,0.01,0.06,2363.79925,1776309913000
1776309915.549,15.549,0.46,5.0,0.45,80.0,0.47,8.0,0.48,16.0,0.55,15.0,0.54,20.0,0.56,10.0,0.57,5.0,0.01,0.01,2363.81722,1776309914000
1776309916.049,16.049,0.43,77.56,0.42,85.0,0.5,13.0,0.51,14.39,0.53,8.0,0.52,16.0,0.54,5.0,0.55,80.0,0.07,0.01,2363.81722,1776309914000
1776309916.927,16.927,0.49,6.94,0.48,11.0,0.5,10.0,0.51,32.39,0.5,13.0,0.49,14.39,0.55,5.0,0.57,117.56,0.01,0.05,2363.779713,1776309915000
1776309920.887,20.887,0.49,1.94,0.48,18.0,0.5,36.5,0.51,24.39,0.5,10.0,0.49,32.39,0.51,6.94,0.52,11.0,0.01,0.01,2363.822496,1776309919000
1776309923.25,23.25,0.48,12.5,0.47,44.0,0.5,42.5,0.51,44.5,0.5,36.5,0.49,24.39,0.51,1.94,0.52,18.0,0.02,0.01,2363.807567,1776309921000
1776309924.999,24.999,0.49,70.0,0.48,203.5,0.5,7.2,0.51,7.0,0.5,42.5,0.49,44.5,0.52,12.5,0.53,44.0,0.01,0.02,2363.812614,1776309923000
1776309926.29,26.29,0.53,58.33,0.52,25.0,0.54,49.11,0.55,26.0,0.46,33.61,0.45,5.0,0.47,20.0,0.48,24.61,0.01,0.01,2363.784761,1776309925000
1776309926.585,26.585,0.51,5.0,0.5,10.0,0.52,7.88,0.53,10.0,0.46,44.11,0.45,26.0,0.52,153.22,0.53,103.0,0.01,0.06,2363.784761,1776309925000
1776309927.093,27.093,0.52,15.0,0.51,25.0,0.53,6.22,0.54,23.11,0.48,1.13,0.47,10.0,0.49,15.0,0.5,10.0,0.01,0.01,2363.784761,1776309925000
1776309927.68,27.68,0.52,5.0,0.51,15.0,0.53,3.22,0.54,28.11,0.47,6.22,0.46,23.11,0.48,15.0,0.49,25.0,0.01,0.01,2363.90634,1776309926000
1776309928.311,28.311,0.54,66.0,0.53,33.0,0.55,13.5,0.56,5.0,0.47,3.22,0.46,28.11,0.48,5.0,0.49,15.0,0.01,0.01,2363.966526,1776309927000
1776309929.2,29.2,0.55,25.0,0.54,42.0,0.56,0.5,0.57,5.0,0.44,15.4,0.43,5.0,0.45,20.0,0.46,52.0,0.01,0.01,2363.966526,1776309927000
1776309929.579,29.579,0.55,25.0,0.54,42.0,0.56,10.82,0.57,34.57,0.43,5.0,0.42,75.0,0.45,30.0,0.46,42.0,0.01,0.02,2363.951508,1776309928000
1776309930.413,30.413,0.55,24.02,0.54,36.0,0.56,33.32,0.57,82.4,0.44,10.82,0.43,34.57,0.45,25.0,0.46,42.0,0.01,0.01,2363.951558,1776309929000
1776309930.796,30.796,0.55,24.02,0.54,42.5,0.56,27.32,0.57,90.4,0.44,33.32,0.43,82.4,0.45,24.02,0.46,36.0,0.01,0.01,2363.951558,1776309929000
1776309931.737,31.737,0.55,24.02,0.54,36.5,0.57,77.28,0.58,85.0,0.44,7.4,0.43,90.4,0.45,29.02,0.46,42.5,0.02,0.01,2364.128846,1776309930000
1776309932.286,32.286,0.56,15.0,0.55,24.02,0.57,92.89,0.58,107.0,0.43,77.28,0.42,85.0,0.45,24.02,0.46,36.5,0.01,0.02,2364.18528,1776309931000
1776309933.827,33.827,0.53,33.0,0.52,33.75,0.54,10.0,0.55,33.5,0.43,97.89,0.42,107.0,0.52,12.7,0.53,92.0,0.01,0.09,2364.215797,1776309932000
1776309934.887,34.887,0.53,53.0,0.52,50.5,0.55,33.5,0.56,15.0,0.45,33.5,0.44,15.0,0.47,33.0,0.48,33.75,0.02,0.02,2364.235953,1776309933000
1776309935.123,35.123,0.53,43.0,0.52,50.5,0.54,6.29,0.55,41.5,0.45,33.5,0.44,15.0,0.47,53.0,0.48,50.5,0.01,0.02,2364.235953,1776309933000
1776309936.549,36.549,0.52,50.5,0.51,31.0,0.54,32.79,0.55,41.5,0.46,0.29,0.45,41.5,0.47,38.0,0.48,50.5,0.02,0.01,2364.1695,1776309935000
1776309936.937,36.937,0.53,20.0,0.52,50.5,0.54,15.0,0.55,36.29,0.45,26.29,0.44,15.0,0.48,50.5,0.49,31.0,0.01,0.03,2364.1695,1776309935000
1776309937.41,37.41,0.53,25.0,0.52,57.25,0.54,11.29,0.55,44.29,0.46,11.29,0.45,36.29,0.47,35.0,0.48,50.5,0.01,0.01,2364.224585,1776309936000
1776309937.766,37.766,0.52,52.25,0.51,30.0,0.53,29.0,0.54,38.79,0.46,11.29,0.45,44.29,0.47,25.0,0.48,57.25,0.01,0.01,2364.224585,1776309936000
1776309938.889,38.889,0.52,75.75,0.51,41.5,0.53,12.0,0.54,17.0,0.47,29.0,0.46,38.79,0.48,52.25,0.49,30.0,0.01,0.01,2364.168362,1776309937000
1776309939.23,39.23,0.53,20.0,0.52,63.75,0.55,43.98,0.56,15.0,0.46,17.0,0.45,34.29,0.48,75.75,0.49,41.5,0.02,0.02,2364.166583,1776309938000
1776309939.912,39.912,0.54,15.0,0.53,15.0,0.55,5.0,0.56,15.0,0.45,18.0,0.44,15.0,0.47,15.0,0.48,63.75,0.01,0.02,2364.166583,1776309938000
1776309940.667,40.667,0.56,10.0,0.55,15.0,0.58,63.18,0.59,102.0,0.44,15.0,0.43,33.5,0.46,15.0,0.47,15.0,0.02,0.02,2364.105884,1776309939000
1776309940.925,40.925,0.57,25.0,0.56,15.0,0.59,112.0,0.6,96.0,0.42,63.18,0.41,102.0,0.44,10.0,0.45,15.0,0.02,0.02,2364.105884,1776309939000
1776309941.359,41.359,0.58,25.0,0.57,35.5,0.6,15.0,0.61,65.0,0.41,112.0,0.4,96.0,0.43,25.0,0.44,15.0,0.02,0.02,2364.142939,1776309940000
1776309942.082,42.082,0.61,10.5,0.6,20.5,0.66,53.04,0.68,5.0,0.4,15.0,0.39,65.0,0.42,25.0,0.43,35.5,0.05,0.02,2364.142939,1776309940000
1776309942.412,42.412,0.65,66.28,0.64,35.5,0.66,64.78,0.67,30.5,0.35,5.0,0.34,63.78,0.37,50.5,0.38,25.5,0.01,0.02,2364.165781,1776309941000
1776309942.868,42.868,0.65,78.78,0.64,53.5,0.7,27.67,0.71,127.0,0.34,40.78,0.33,5.0,0.35,38.78,0.36,35.5,0.05,0.01,2364.165781,1776309941000
1776309943.174,43.174,0.69,30.0,0.68,10.0,0.7,50.55,0.71,148.0,0.3,45.55,0.29,138.0,0.31,15.0,0.37,19.41,0.01,0.01,2364.165781,1776309941000
1776309943.626,43.626,0.7,4.66,0.69,35.0,0.71,60.66,0.72,15.5,0.3,45.97,0.29,148.0,0.31,30.0,0.32,10.0,0.01,0.01,2364.259646,1776309942000
1776309943.873,43.873,0.71,10.0,0.7,54.66,0.72,15.5,0.73,15.0,0.28,15.5,0.27,15.0,0.3,59.66,0.31,30.0,0.01,0.02,2364.259646,1776309942000
1776309944.14,44.14,0.71,67.25,0.7,39.66,0.72,15.5,0.73,15.0,0.28,15.5,0.27,15.0,0.29,10.0,0.3,54.66,0.01,0.01,2364.259646,1776309942000
1776309944.365,44.365,0.71,45.25,0.7,39.66,0.72,9.4,0.73,107.66,0.28,15.5,0.27,15.0,0.29,40.25,0.3,39.66,0.01,0.01,2364.259646,1776309942000
1776309944.774,44.774,0.71,65.25,0.7,39.66,0.72,9.4,0.73,107.66,0.28,9.4,0.27,107.66,0.29,45.25,0.3,39.66,0.01,0.01,2364.704198,1776309943000
1776309945.566,45.566,0.72,60.07,0.71,40.25,0.73,148.52,0.74,151.0,0.26,156.0,0.25,44.0,0.29,65.25,0.3,39.66,0.01,0.03,2364.831552,1776309944000
1776309945.984,45.984,0.72,85.07,0.71,50.25,0.73,148.52,0.74,152.0,0.27,148.52,0.26,151.0,0.28,60.07,0.29,40.25,0.01,0.01,2364.831552,1776309944000
1776309946.321,46.321,0.72,66.14,0.71,50.25,0.73,130.52,0.74,109.0,0.27,148.52,0.26,152.0,0.28,85.07,0.29,50.25,0.01,0.01,2365.026575,1776309945000
1776309946.792,46.792,0.72,56.27,0.71,45.25,0.73,105.17,0.74,109.0,0.27,101.52,0.26,109.0,0.28,56.27,0.29,45.25,0.01,0.01,2365.026575,1776309945000
1776309947.023,47.023,0.72,56.27,0.71,55.75,0.73,10.14,0.74,109.0,0.27,11.64,0.26,109.0,0.28,56.27,0.29,55.75,0.01,0.01,2365.026575,1776309945000
1776309947.299,47.299,0.73,225.5,0.72,175.5,0.78,14.0,0.79,174.0,0.27,10.14,0.26,109.0,0.28,56.27,0.29,55.75,0.05,0.01,2365.135712,1776309946000
1776309947.607,47.607,0.77,35.5,0.76,32.5,0.78,29.68,0.79,175.96,0.21,151.46,0.2,56.0,0.24,17.0,0.25,10.0,0.01,0.03,2365.135712,1776309946000
1776309948.306,48.306,0.77,40.5,0.76,37.5,0.78,9.0,0.79,126.34,0.21,126.34,0.2,56.0,0.23,45.5,0.24,32.5,0.01,0.02,2365.136602,1776309947000
1776309948.536,48.536,0.77,35.5,0.76,37.5,0.78,22.71,0.79,126.34,0.22,9.0,0.21,126.34,0.23,40.5,0.24,37.5,0.01,0.01,2365.136602,1776309947000
1776309948.752,48.752,0.77,19.62,0.76,37.5,0.78,9.0,0.79,126.34,0.22,19.67,0.21,126.34,0.23,27.23,0.24,37.5,0.01,0.01,2365.136602,1776309947000
1776309949.062,49.062,0.73,10.5,0.72,5.0,0.77,80.5,0.78,69.5,0.22,9.0,0.21,126.34,0.23,19.62,0.24,37.5,0.04,0.01,2365.136602,1776309947000
1776309949.286,49.286,0.73,16.5,0.72,15.0,0.74,26.0,0.75,25.5,0.23,75.5,0.22,69.5,0.27,7.5,0.28,5.0,0.01,0.04,2365.47433,1776309948000
1776309950.317,50.317,0.73,22.22,0.72,20.5,0.74,28.7,0.75,126.97,0.26,31.0,0.25,121.97,0.27,7.22,0.28,15.0,0.01,0.01,2365.550621,1776309949000
1776309950.954,50.954,0.74,90.0,0.73,15.0,0.75,115.97,0.76,32.5,0.26,28.7,0.25,126.97,0.27,22.22,0.28,20.5,0.01,0.01,2365.550621,1776309949000
1776309951.366,51.366,0.74,23.42,0.71,30.5,0.75,141.97,0.76,293.5,0.25,115.97,0.24,32.5,0.26,90.0,0.27,15.0,0.01,0.01,2365.39571,1776309950000
1776309951.877,51.877,0.73,68.0,0.72,25.5,0.74,5.0,0.75,136.97,0.25,126.47,0.24,235.5,0.27,24.5,0.28,25.5,0.01,0.02,2365.39571,1776309950000
1776309953.043,53.043,0.7,5.0,0.69,15.5,0.72,76.5,0.73,41.5,0.26,5.0,0.25,136.97,0.27,68.0,0.28,25.5,0.02,0.01,2365.386072,1776309951000
1776309953.618,53.618,0.69,10.5,0.68,20.25,0.7,84.89,0.71,34.0,0.28,57.5,0.27,51.5,0.31,15.5,0.32,20.25,0.01,0.03,2365.414558,1776309952000
1776309954.079,54.079,0.67,25.0,0.66,40.0,0.69,94.0,0.7,65.89,0.3,84.89,0.29,34.0,0.31,10.5,0.32,20.25,0.02,0.01,2365.409242,1776309953000
1776309954.887,54.887,0.64,5.05,0.63,16.5,0.65,23.0,0.66,10.0,0.31,94.0,0.3,65.89,0.33,25.0,0.34,40.0,0.01,0.02,2365.409242,1776309953000
1776309955.118,55.118,0.63,9.79,0.62,5.0,0.64,54.0,0.65,63.0,0.35,23.0,0.34,10.0,0.36,5.05,0.37,16.5,0.01,0.01,2365.409242,1776309953000
1776309955.789,55.789,0.63,8.07,0.62,5.0,0.64,97.0,0.65,68.0,0.36,54.0,0.35,63.0,0.37,9.79,0.38,5.0,0.01,0.01,2365.150139,1776309954000
1776309956.016,56.016,0.63,5.0,0.62,21.5,0.64,89.0,0.65,68.0,0.36,99.0,0.35,68.0,0.37,5.0,0.38,21.5,0.01,0.01,2365.150139,1776309954000
1776309956.445,56.445,0.63,21.0,0.62,25.5,0.64,84.18,0.65,68.0,0.36,92.0,0.35,68.0,0.37,19.5,0.38,25.5,0.01,0.01,2365.059524,1776309955000
1776309958.152,58.152,0.63,11.0,0.62,15.0,0.64,91.36,0.65,68.0,0.36,84.18,0.35,68.0,0.37,21.0,0.38,25.5,0.01,0.01,2364.880883,1776309957000
1776309958.411,58.411,0.63,94.47,0.62,25.0,0.64,7.0,0.67,5.0,0.36,91.36,0.35,68.0,0.37,11.0,0.38,15.0,0.01,0.01,2364.880883,1776309957000
1776309959.493,59.493,0.73,15.0,0.72,48.0,0.74,5.84,0.75,15.5,0.36,7.0,0.33,5.0,0.37,94.47,0.38,25.0,0.01,0.01,2364.876238,1776309958000
1776309960.209,60.209,0.74,101.0,0.73,50.0,0.76,20.5,0.77,15.0,0.25,49.19,0.24,15.0,0.27,103.0,0.28,15.0,0.02,0.02,2364.896744,1776309959000
1776309960.699,60.699,0.75,82.0,0.74,55.0,0.78,25.0,0.79,102.84,0.24,9.36,0.22,5.0,0.25,78.0,0.26,55.0,0.03,0.01,2364.896744,1776309959000
1776309961.003,61.003,0.76,101.13,0.75,50.0,0.77,10.5,0.78,15.36,0.22,15.36,0.21,102.84,0.24,15.0,0.25,55.0,0.01,0.02,2364.896744,1776309959000
1776309961.33,61.33,0.78,185.5,0.77,32.5,0.79,4.84,0.82,5.0,0.23,10.5,0.22,15.36,0.24,101.13,0.25,50.0,0.01,0.01,2365.03958,1776309960000
1776309961.559,61.559,0.82,34.0,0.81,10.0,0.83,21.9,0.84,81.5,0.17,22.0,0.16,65.0,0.22,273.5,0.23,42.5,0.01,0.05,2365.03958,1776309960000
1776309961.811,61.811,0.82,83.5,0.81,20.5,0.83,10.46,0.84,65.0,0.17,11.67,0.16,65.0,0.18,88.5,0.19,20.5,0.01,0.01,2365.03958,1776309960000
1776309962.249,62.249,0.85,20.0,0.84,15.0,0.86,31.5,0.87,28.0,0.15,6.0,0.14,57.5,0.17,10.0,0.18,88.5,0.01,0.02,2365.03958,1776309960000
1776309962.608,62.608,0.85,20.0,0.84,15.0,0.86,32.25,0.87,84.0,0.14,31.5,0.13,28.0,0.15,20.0,0.16,15.0,0.01,0.01,2365.406566,1776309961000
1776309962.825,62.825,0.85,15.0,0.84,15.0,0.86,6.25,0.87,79.0,0.14,32.25,0.13,79.0,0.15,10.0,0.16,15.0,0.01,0.01,2365.406566,1776309961000
1776309963.032,63.032,0.85,10.0,0.84,15.0,0.86,8.93,0.87,10.0,0.14,14.75,0.13,10.0,0.15,10.0,0.16,15.0,0.01,0.01,2365.406566,1776309961000
1776309963.602,63.602,0.8,19.0,0.79,120.5,0.81,27.0,0.82,29.5,0.14,15.24,0.13,10.0,0.15,15.0,0.16,15.0,0.01,0.01,2365.78303,1776309962000
1776309963.853,63.853,0.8,21.4,0.79,120.5,0.81,95.0,0.82,37.5,0.19,100.0,0.18,37.5,0.2,29.4,0.21,120.5,0.01,0.01,2365.78303,1776309962000
1776309964.703,64.703,0.8,31.4,0.79,120.5,0.81,119.0,0.82,70.5,0.19,95.0,0.18,37.5,0.2,21.4,0.21,120.5,0.01,0.01,2366.34105,1776309963000
1776309965.534,65.534,0.8,5.0,0.76,15.0,0.81,176.51,0.82,172.5,0.19,120.96,0.18,70.5,0.2,31.4,0.21,120.5,0.01,0.01,2366.299901,1776309964000
1776309965.821,65.821,0.76,2.0,0.75,25.5,0.77,173.0,0.78,290.5,0.21,8.0,0.19,176.51,0.25,38.0,0.26,116.0,0.01,0.04,2366.299901,1776309964000
1776309966.452,66.452,0.76,2.0,0.74,20.5,0.77,208.37,0.78,292.5,0.23,148.0,0.22,297.5,0.24,2.0,0.25,25.5,0.01,0.01,2366.03809,1776309965000
1776309967.088,67.088,0.76,2.0,0.75,20.5,0.77,203.37,0.78,292.5,0.23,208.37,0.22,292.5,0.24,2.0,0.26,20.5,0.01,0.01,2366.03809,1776309965000
1776309967.581,67.581,0.75,0.44,0.73,10.0,0.76,206.5,0.77,173.37,0.23,203.37,0.22,292.5,0.26,13.0,0.27,15.0,0.01,0.03,2366.03809,1776309965000
1776309967.965,67.965,0.71,6.5,0.7,18.0,0.73,187.0,0.74,163.5,0.24,206.5,0.23,173.37,0.25,0.44,0.27,10.0,0.02,0.01,2365.81684,1776309966000
1776309968.395,68.395,0.7,28.5,0.69,120.0,0.71,14.0,0.72,168.0,0.27,187.0,0.26,163.5,0.29,6.5,0.3,18.0,0.01,0.02,2365.721163,1776309967000
1776309968.865,68.865,0.7,33.5,0.69,20.0,0.71,17.59,0.72,68.0,0.29,14.0,0.28,168.0,0.3,28.5,0.31,120.0,0.01,0.01,2365.721163,1776309967000
1776309969.562,69.562,0.68,4.96,0.65,10.0,0.69,31.0,0.7,10.0,0.29,17.59,0.28,68.0,0.3,33.5,0.31,20.0,0.01,0.01,2365.630673,1776309968000
1776309969.838,69.838,0.64,9.0,0.63,10.5,0.66,80.0,0.67,90.5,0.34,62.0,0.33,10.0,0.36,14.0,0.37,10.0,0.02,0.02,2365.630673,1776309968000
1776309970.087,70.087,0.64,9.0,0.63,20.5,0.65,25.61,0.66,143.0,0.35,13.61,0.34,143.0,0.36,14.0,0.37,10.5,0.01,0.01,2365.630673,1776309968000
1776309970.424,70.424,0.64,29.5,0.63,20.5,0.65,20.61,0.66,103.0,0.35,25.61,0.34,143.0,0.36,9.0,0.37,20.5,0.01,0.01,2365.496487,1776309969000
1776309971.371,71.371,0.64,29.5,0.63,20.5,0.66,101.0,0.67,80.0,0.35,20.61,0.34,103.0,0.36,29.5,0.37,20.5,0.02,0.01,2365.302943,1776309970000
1776309973.147,73.147,0.65,10.0,0.64,34.72,0.66,115.67,0.67,90.5,0.34,101.0,0.33,80.0,0.36,29.5,0.37,20.5,0.01,0.02,2365.165156,1776309971000
1776309973.65,73.65,0.64,12.44,0.63,6.0,0.66,97.1,0.67,95.5,0.34,120.67,0.33,90.5,0.36,7.44,0.38,46.8,0.02,0.02,2364.978478,1776309972000
1776309974.146,74.146,0.6,17.0,0.59,21.9,0.61,15.5,0.62,20.5,0.34,97.1,0.33,95.5,0.36,12.44,0.37,6.0,0.01,0.02,2364.978478,1776309972000
1776309974.37,74.37,0.59,6.37,0.58,15.0,0.6,14.85,0.61,34.5,0.39,59.5,0.38,25.5,0.41,0.37,0.42,10.0,0.01,0.02,2364.99179,1776309973000
1776309974.731,74.731,0.59,15.18,0.58,25.5,0.6,9.85,0.61,34.5,0.4,19.85,0.39,34.5,0.41,15.18,0.42,15.0,0.01,0.01,2364.99179,1776309973000
1776309974.977,74.977,0.59,45.18,0.58,25.5,0.6,1.85,0.61,34.5,0.4,9.85,0.39,34.5,0.41,15.18,0.42,25.5,0.01,0.01,2364.99179,1776309973000
1776309975.351,75.351,0.59,55.18,0.58,25.5,0.61,21.35,0.62,25.5,0.4,1.85,0.39,34.5,0.41,45.18,0.42,25.5,0.02,0.01,2364.94144,1776309974000
1776309975.698,75.698,0.59,0.24,0.58,5.0,0.61,25.5,0.62,95.5,0.39,21.35,0.38,25.5,0.41,55.18,0.42,25.5,0.02,0.02,2364.94144,1776309974000
1776309975.975,75.975,0.57,31.5,0.56,26.0,0.59,21.13,0.6,20.5,0.41,21.13,0.4,20.5,0.42,10.5,0.43,31.5,0.02,0.01,2364.94144,1776309974000
1776309977.293,77.293,0.57,16.0,0.56,36.5,0.58,5.91,0.59,16.13,0.41,21.13,0.4,20.5,0.43,31.5,0.44,26.0,0.01,0.02,2364.646136,1776309976000
1776309977.906,77.906,0.57,31.5,0.56,36.5,0.61,93.04,0.62,180.5,0.42,5.91,0.41,16.13,0.43,16.0,0.44,36.5,0.04,0.01,2364.646136,1776309976000
1776309978.407,78.407,0.59,15.0,0.58,20.0,0.6,5.5,0.61,88.04,0.39,93.04,0.38,180.5,0.43,31.5,0.44,36.5,0.01,0.04,2364.507334,1776309977000
1776309980.717,80.717,0.58,15.0,0.57,21.0,0.59,10.41,0.6,20.5,0.4,5.5,0.39,88.04,0.41,15.0,0.42,20.0,0.01,0.01,2364.511866,1776309979000
1776309980.994,80.994,0.58,10.0,0.57,21.0,0.59,15.41,0.6,20.5,0.41,10.41,0.4,20.5,0.42,15.0,0.43,21.0,0.01,0.01,2364.511866,1776309979000
1776309981.347,81.347,0.57,9.88,0.56,31.5,0.59,15.41,0.6,15.5,0.41,15.41,0.4,20.5,0.42,10.0,0.43,21.0,0.02,0.01,2364.511866,1776309979000
1776309981.915,81.915,0.57,4.88,0.56,31.5,0.58,6.87,0.59,20.41,0.41,15.41,0.4,15.5,0.43,9.88,0.44,31.5,0.01,0.02,2364.511866,1776309979000
1776309985.785,85.785,0.54,5.0,0.52,48.38,0.55,50.5,0.56,192.5,0.42,6.87,0.41,20.41,0.43,4.88,0.44,31.5,0.01,0.01,2364.379167,1776309984000
1776309986.195,86.195,0.52,31.9,0.51,16.0,0.53,22.0,0.54,97.0,0.45,66.5,0.44,192.5,0.48,42.1,0.49,21.0,0.01,0.03,2364.379167,1776309984000
1776309986.729,86.729,0.51,0.1,0.5,50.5,0.53,42.19,0.54,107.5,0.47,27.0,0.46,97.0,0.48,11.9,0.49,16.0,0.02,0.01,2364.316843,1776309985000
1776309987.515,87.515,0.57,26.0,0.56,16.0,0.58,0.28,0.62,21.0,0.47,42.19,0.46,107.5,0.49,0.1,0.5,50.5,0.01,0.02,2364.316843,1776309986000
1776309988.757,88.757,0.57,11.0,0.56,6.0,0.6,25.5,0.61,132.5,0.4,10.5,0.39,10.5,0.43,46.5,0.44,37.5,0.03,0.03,2364.110959,1776309987000
1776309989.109,89.109,0.52,12.48,0.51,26.1,0.53,22.0,0.54,23.61,0.4,25.5,0.39,132.5,0.43,11.0,0.44,6.0,0.01,0.03,2364.110959,1776309987000
1776309993.903,93.903,0.54,15.0,0.53,41.5,0.55,24.77,0.56,95.5,0.47,22.0,0.46,23.61,0.48,12.48,0.49,26.1,0.01,0.01,2364.116615,1776309992000
1776309994.837,94.837,0.51,16.1,0.5,35.5,0.53,71.61,0.54,25.5,0.45,24.77,0.44,95.5,0.46,15.0,0.47,41.5,0.02,0.01,2364.142681,1776309993000
1776309995.573,95.573,0.51,3.13,0.5,36.5,0.52,73.0,0.53,74.61,0.47,71.61,0.46,25.5,0.49,16.1,0.5,35.5,0.01,0.02,2364.144107,1776309994000
1776309995.923,95.923,0.49,17.5,0.48,15.0,0.5,47.0,0.51,45.0,0.49,57.0,0.48,61.0,0.52,15.0,0.53,36.5,0.01,0.03,2364.144107,1776309994000
1776309996.772,96.772,0.49,30.34,0.48,15.0,0.5,37.0,0.51,45.0,0.5,47.0,0.49,45.0,0.51,17.5,0.52,15.0,0.01,0.01,2364.132825,1776309995000
1776309998.996,98.996,0.48,20.0,0.47,32.5,0.5,34.5,0.51,37.5,0.5,37.0,0.49,45.0,0.51,30.34,0.52,15.0,0.02,0.01,2364.098744,1776309996000
1776310006.115,106.115,0.51,15.0,0.5,35.5,0.52,26.5,0.53,25.5,0.5,34.5,0.49,37.5,0.52,20.0,0.53,32.5,0.01,0.02,2363.946981,1776310004000
1776310006.488,106.488,0.51,137.0,0.5,115.5,0.53,10.5,0.54,10.5,0.48,26.5,0.47,25.5,0.49,15.0,0.5,35.5,0.02,0.01,2363.973387,1776310005000
1776310006.88,106.88,0.53,116.0,0.52,60.0,0.57,10.61,0.58,36.0,0.46,0.61,0.44,5.0,0.47,21.0,0.48,115.0,0.04,0.01,2363.973387,1776310005000
1776310007.755,107.755,0.55,44.1,0.54,20.0,0.56,15.0,0.57,10.61,0.43,10.61,0.42,36.0,0.47,116.0,0.48,60.0,0.01,0.04,2363.974621,1776310006000
1776310009.477,109.477,0.59,45.0,0.58,11.0,0.6,7.91,0.61,15.0,0.44,15.0,0.43,10.61,0.45,44.1,0.46,20.0,0.01,0.01,2364.198506,1776310008000
1776310009.82,109.82,0.57,10.0,0.56,11.0,0.6,20.0,0.61,27.45,0.39,10.45,0.38,15.0,0.41,45.0,0.42,5.0,0.03,0.02,2364.198506,1776310008000
1776310011.406,111.406,0.57,5.0,0.56,5.0,0.58,11.37,0.59,20.0,0.4,20.0,0.39,27.45,0.43,10.0,0.44,11.0,0.01,0.03,2364.238275,1776310010000
1776310014.432,114.432,0.56,31.0,0.55,29.5,0.57,18.0,0.58,11.37,0.42,11.37,0.41,20.0,0.43,5.0,0.44,5.0,0.01,0.01,2364.222872,1776310013000
1776310016.261,116.261,0.53,16.0,0.52,29.4,0.54,53.0,0.55,25.0,0.43,13.0,0.42,16.37,0.44,10.62,0.45,29.5,0.01,0.01,2364.209295,1776310014000
1776310017.815,117.815,0.5,25.5,0.49,25.5,0.53,15.0,0.54,30.0,0.46,53.0,0.45,25.0,0.47,16.0,0.48,29.4,0.03,0.01,2364.231498,1776310016000
1776310018.098,118.098,0.5,19.44,0.49,30.5,0.51,25.0,0.52,15.0,0.49,25.0,0.48,15.0,0.5,24.44,0.51,30.5,0.01,0.01,2364.231498,1776310016000
1776310018.507,118.507,0.5,14.44,0.49,30.5,0.51,20.0,0.52,15.0,0.49,25.0,0.48,15.0,0.5,19.44,0.51,30.5,0.01,0.01,2364.165672,1776310017000
1776310019.505,119.505,0.5,14.44,0.49,10.0,0.51,15.0,0.52,15.0,0.49,20.0,0.48,15.0,0.5,14.44,0.51,30.5,0.01,0.01,2364.134683,1776310018000
1776310019.994,119.994,0.49,7.0,0.48,10.0,0.51,86.84,0.52,28.0,0.49,7.84,0.48,15.0,0.5,14.44,0.51,10.0,0.02,0.01,2364.134683,1776310018000
1776310020.366,120.366,0.47,9.0,0.46,55.0,0.5,20.0,0.51,15.84,0.5,20.0,0.49,15.84,0.51,10.0,0.52,25.0,0.03,0.01,2364.058488,1776310019000
1776310020.671,120.671,0.47,4.0,0.44,5.0,0.48,53.0,0.49,20.0,0.5,20.0,0.49,15.84,0.53,9.0,0.54,55.0,0.01,0.03,2364.058488,1776310019000
1776310021.129,121.129,0.41,6.9,0.4,52.0,0.42,20.0,0.43,10.0,0.52,100.0,0.51,20.0,0.56,5.0,0.57,5.0,0.01,0.04,2363.96291,1776310020000
1776310021.345,121.345,0.41,48.91,0.4,37.0,0.42,8.73,0.43,15.0,0.58,3.73,0.57,15.0,0.59,11.9,0.6,37.0,0.01,0.01,2363.96291,1776310020000
1776310021.6,121.6,0.41,21.91,0.4,15.0,0.42,5.75,0.43,10.0,0.58,25.73,0.57,15.0,0.59,21.91,0.6,15.0,0.01,0.01,2363.96291,1776310020000
1776310022.046,122.046,0.41,5.91,0.4,10.0,0.42,15.0,0.43,15.0,0.58,5.75,0.57,10.0,0.59,21.91,0.6,15.0,0.01,0.01,2363.96291,1776310020000
1776310022.471,122.471,0.39,10.96,0.38,33.74,0.4,20.0,0.41,15.0,0.58,20.0,0.57,67.0,0.61,15.5,0.62,11.0,0.01,0.03,2363.846002,1776310021000
1776310023.527,123.527,0.38,30.85,0.37,20.0,0.39,20.0,0.4,15.0,0.6,20.0,0.59,15.0,0.62,20.6,0.63,10.0,0.01,0.02,2363.846002,1776310021000
1776310023.769,123.769,0.38,37.85,0.37,20.0,0.39,21.6,0.4,15.0,0.61,20.0,0.6,15.0,0.62,30.85,0.63,20.0,0.01,0.01,2363.58611,1776310022000
1776310024.966,124.966,0.37,10.5,0.34,35.0,0.39,45.1,0.4,30.5,0.61,21.6,0.6,15.0,0.62,37.85,0.63,20.0,0.02,0.01,2363.555234,1776310023000
1776310025.295,125.295,0.37,5.96,0.35,5.0,0.38,41.67,0.39,40.1,0.62,63.0,0.61,40.1,0.63,5.96,0.65,5.0,0.01,0.01,2363.538532,1776310024000
1776310026.226,126.226,0.36,5.5,0.35,30.0,0.37,20.0,0.38,28.0,0.62,28.0,0.61,40.1,0.65,5.0,0.66,35.0,0.01,0.03,2363.538532,1776310024000
1776310026.985,126.985,0.36,5.5,0.35,5.0,0.37,19.47,0.38,28.0,0.63,20.0,0.62,28.0,0.64,5.5,0.65,30.0,0.01,0.01,2363.520477,1776310025000
1776310027.203,127.203,0.33,117.96,0.32,44.0,0.36,20.0,0.37,19.47,0.63,19.47,0.62,28.0,0.65,5.0,0.66,10.0,0.03,0.02,2363.520477,1776310025000
1776310027.689,127.689,0.33,22.44,0.32,14.0,0.34,15.0,0.35,10.0,0.64,20.0,0.63,19.47,0.67,117.96,0.68,44.0,0.01,0.03,2363.520477,1776310025000
1776310027.967,127.967,0.33,22.5,0.32,14.0,0.34,12.79,0.35,10.0,0.66,15.0,0.65,10.0,0.67,22.44,0.68,14.0,0.01,0.01,2363.43836,1776310026000
1776310028.753,128.753,0.33,5.0,0.32,67.17,0.34,10.0,0.35,15.0,0.66,12.79,0.65,10.0,0.67,22.5,0.68,14.0,0.01,0.01,2363.363348,1776310027000
1776310029.572,129.572,0.31,154.0,0.3,15.5,0.32,10.0,0.33,20.0,0.66,10.0,0.65,15.0,0.67,5.0,0.68,67.17,0.01,0.01,2363.34666,1776310028000
1776310029.902,129.902,0.31,171.5,0.3,24.5,0.32,5.0,0.33,15.0,0.68,10.0,0.67,20.0,0.69,154.0,0.7,15.5,0.01,0.01,2363.34666,1776310028000
1776310030.637,130.637,0.31,147.5,0.3,79.74,0.33,9.84,0.34,5.0,0.68,5.0,0.67,15.0,0.69,171.5,0.7,24.5,0.02,0.01,2363.2519,1776310029000
1776310032.015,132.015,0.31,113.44,0.29,13.0,0.32,58.5,0.33,33.34,0.67,9.84,0.66,5.0,0.69,147.5,0.7,79.74,0.01,0.02,2363.285371,1776310030000
1776310032.351,132.351,0.31,54.0,0.3,5.0,0.32,23.0,0.33,33.34,0.68,58.5,0.67,33.34,0.69,113.44,0.71,13.0,0.01,0.01,2363.215705,1776310031000
1776310033.618,133.618,0.27,120.63,0.26,73.7,0.28,9.82,0.29,20.0,0.68,28.0,0.67,33.34,0.72,15.5,0.73,5.0,0.01,0.04,2363.215705,1776310031000
1776310043.257,143.257,0.28,91.0,0.27,82.8,0.3,9.83,0.31,15.0,0.72,9.82,0.71,20.0,0.73,113.02,0.74,73.7,0.02,0.01,2363.123891,1776310041000
1776310043.486,143.486,0.29,16.64,0.28,5.0,0.3,8.99,0.31,25.5,0.7,8.99,0.69,25.5,0.72,103.0,0.73,39.3,0.01,0.02,2363.092663,1776310042000
1776310045.147,145.147,0.28,5.0,0.27,39.3,0.29,1.82,0.3,21.99,0.7,8.99,0.69,25.5,0.71,16.64,0.72,5.0,0.01,0.01,2363.134601,1776310043000
1776310046.885,146.885,0.28,17.0,0.27,39.3,0.3,21.99,0.31,25.5,0.71,1.82,0.7,21.99,0.72,5.0,0.73,39.3,0.02,0.01,2363.132864,1776310045000
1776310051.36,151.36,0.28,10.0,0.27,74.3,0.3,8.99,0.31,25.5,0.7,21.99,0.69,25.5,0.72,17.0,0.73,39.3,0.02,0.02,2363.109321,1776310050000
1776310051.846,151.846,0.3,47.0,0.29,25.0,0.31,10.5,0.32,25.5,0.7,8.99,0.69,25.5,0.72,10.0,0.73,74.3,0.01,0.02,2363.109321,1776310050000
1776310053.468,153.468,0.31,21.76,0.3,84.1,0.32,25.5,0.33,25.5,0.69,10.5,0.68,25.5,0.7,47.0,0.71,25.0,0.01,0.01,2363.114584,1776310052000
1776310057.901,157.901,0.38,37.0,0.37,15.0,0.4,24.88,0.41,13.0,0.68,25.5,0.67,25.5,0.69,21.76,0.7,84.1,0.02,0.01,2363.114201,1776310056000
1776310058.267,158.267,0.39,57.0,0.38,45.0,0.4,0.28,0.41,15.5,0.6,35.28,0.59,15.5,0.61,10.0,0.62,57.0,0.01,0.01,2363.112618,1776310057000
1776310058.794,158.794,0.4,52.0,0.39,60.0,0.41,0.5,0.42,5.0,0.59,15.5,0.58,5.0,0.61,57.0,0.62,45.0,0.01,0.02,2363.112618,1776310057000
1776310059.548,159.548,0.44,27.0,0.43,10.0,0.49,5.0,0.5,69.57,0.58,5.0,0.57,5.0,0.6,47.0,0.61,60.0,0.05,0.02,2363.116203,1776310058000
1776310060.436,160.436,0.48,25.0,0.47,20.0,0.49,4.67,0.5,22.57,0.51,5.0,0.5,69.57,0.56,27.0,0.57,10.0,0.01,0.05,2363.116203,1776310058000
1776310060.987,160.987,0.49,15.01,0.48,20.0,0.5,22.57,0.51,67.0,0.51,4.67,0.5,22.57,0.52,25.0,0.53,20.0,0.01,0.01,2363.116203,1776310058000
1776310061.211,161.211,0.49,0.73,0.48,20.0,0.5,22.57,0.51,67.0,0.5,22.57,0.49,67.0,0.51,15.01,0.52,20.0,0.01,0.01,2363.497953,1776310060000
1776310064.765,164.765,0.48,50.0,0.47,20.0,0.49,2.5,0.5,33.07,0.5,22.57,0.49,67.0,0.51,0.73,0.52,20.0,0.01,0.01,2363.669511,1776310063000
1776310064.992,164.992,0.48,50.0,0.47,20.0,0.5,28.07,0.51,5.0,0.51,2.5,0.5,33.07,0.52,50.0,0.53,20.0,0.02,0.01,2363.731947,1776310064000
1776310065.967,165.967,0.49,20.0,0.48,45.0,0.53,5.0,0.54,81.0,0.5,28.07,0.49,5.0,0.52,50.0,0.53,20.0,0.04,0.02,2363.731947,1776310064000
1776310066.278,166.278,0.51,20.0,0.5,10.0,0.54,90.62,0.55,85.0,0.47,5.0,0.46,81.0,0.51,20.0,0.52,45.0,0.03,0.04,2363.731947,1776310064000
1776310066.543,166.543,0.52,10.0,0.51,20.0,0.54,85.62,0.55,85.0,0.46,90.62,0.45,85.0,0.49,20.0,0.5,10.0,0.02,0.03,2363.726703,1776310065000
1776310066.756,166.756,0.52,10.0,0.51,20.0,0.54,85.62,0.55,85.0,0.46,85.62,0.45,85.0,0.48,10.0,0.49,20.0,0.02,0.02,2363.726703,1776310065000
1776310077.655,177.655,0.39,10.5,0.38,36.3,0.4,22.5,0.41,27.0,0.46,85.62,0.45,85.0,0.48,10.0,0.49,20.0,0.01,0.02,2363.562414,1776310076000
1776310079.841,179.841,0.39,0.5,0.38,36.8,0.4,12.5,0.41,22.0,0.6,22.5,0.59,27.0,0.61,10.5,0.62,36.3,0.01,0.01,2363.566177,1776310078000
1776310080.578,180.578,0.38,6.0,0.37,5.0,0.4,12.5,0.41,22.0,0.6,12.5,0.59,22.0,0.61,0.5,0.62,36.8,0.02,0.01,2363.565307,1776310079000
1776310080.987,180.987,0.31,40.36,0.3,5.0,0.38,76.0,0.4,220.5,0.6,12.5,0.59,22.0,0.64,20.6,0.65,20.8,0.07,0.04,2363.565307,1776310079000
1776310081.377,181.377,0.33,19.54,0.31,40.36,0.36,7.81,0.38,158.08,0.62,56.08,0.61,70.0,0.69,40.36,0.7,5.0,0.03,0.07,2363.565307,1776310079000
1776310082.241,182.241,0.32,1.92,0.31,10.36,0.34,49.0,0.35,17.0,0.64,7.81,0.62,158.08,0.67,19.54,0.69,40.36,0.02,0.03,2363.585516,1776310080000
1776310083.381,183.381,0.32,15.42,0.31,20.86,0.33,37.0,0.34,38.5,0.66,49.0,0.65,17.0,0.68,1.92,0.69,10.36,0.01,0.02,2363.48144,1776310081000
1776310088.266,188.266,0.3,5.0,0.29,15.0,0.32,10.0,0.33,116.5,0.67,37.0,0.66,38.5,0.68,15.42,0.69,20.86,0.02,0.01,2363.261215,1776310086000
1776310088.994,188.994,0.29,25.5,0.28,5.0,0.31,54.0,0.32,15.0,0.68,10.0,0.67,116.5,0.7,5.0,0.71,15.0,0.02,0.02,2363.293398,1776310087000
1776310091.06,191.06,0.27,9.56,0.26,15.5,0.3,69.5,0.31,107.5,0.69,54.0,0.68,15.0,0.71,25.5,0.72,5.0,0.03,0.02,2363.255322,1776310089000
1776310091.371,191.371,0.26,15.5,0.25,25.0,0.27,66.55,0.28,15.0,0.7,69.5,0.69,107.5,0.73,9.56,0.74,15.5,0.01,0.03,2363.255322,1776310089000
1776310091.991,191.991,0.23,20.5,0.22,31.05,0.25,23.24,0.26,90.0,0.73,66.55,0.72,15.0,0.76,5.0,0.77,25.3,0.02,0.03,2363.26203,1776310090000
1776310092.334,192.334,0.23,3.29,0.22,5.0,0.24,26.12,0.25,23.24,0.76,2.12,0.75,23.24,0.77,13.79,0.78,31.05,0.01,0.01,2363.25715,1776310091000
1776310092.634,192.634,0.21,61.46,0.2,15.5,0.22,5.0,0.23,10.0,0.76,43.12,0.75,23.24,0.79,50.96,0.8,5.0,0.01,0.03,2363.25715,1776310091000
1776310093.187,193.187,0.22,2.92,0.21,61.46,0.23,18.43,0.24,13.12,0.77,8.43,0.76,8.12,0.79,61.46,0.8,15.5,0.01,0.02,2363.25715,1776310091000
1776310095.312,195.312,0.21,31.44,0.2,15.5,0.22,57.0,0.23,20.43,0.77,18.43,0.76,13.12,0.78,2.92,0.79,61.46,0.01,0.01,2363.050676,1776310094000
1776310096.06,196.06,0.21,13.33,0.2,15.5,0.22,42.0,0.23,20.43,0.78,57.0,0.77,20.43,0.79,31.44,0.8,15.5,0.01,0.01,2363.050676,1776310094000
1776310097.315,197.315,0.21,8.33,0.2,15.5,0.22,30.5,0.23,20.43,0.78,42.0,0.77,20.43,0.79,13.33,0.8,15.5,0.01,0.01,2363.005812,1776310096000
1776310099.127,199.127,0.21,13.33,0.2,33.0,0.22,25.5,0.23,20.43,0.78,30.5,0.77,20.43,0.79,8.33,0.8,15.5,0.01,0.01,2362.987932,1776310097000
1776310101.707,201.707,0.21,8.33,0.2,33.0,0.23,19.6,0.24,29.62,0.78,25.5,0.77,20.43,0.79,13.33,0.8,33.0,0.02,0.01,2362.97986,1776310100000
1776310102.393,202.393,0.21,5.94,0.2,43.0,0.22,35.0,0.23,19.6,0.77,19.6,0.76,29.62,0.79,8.33,0.8,33.0,0.01,0.02,2362.964626,1776310101000
1776310104.302,204.302,0.13,31.8,0.12,45.15,0.22,69.0,0.23,88.29,0.77,18.29,0.76,29.62,0.79,5.94,0.8,43.0,0.09,0.02,2362.968291,1776310102000
1776310104.581,204.581,0.11,33.08,0.1,40.0,0.12,15.0,0.13,15.0,0.79,35.22,0.78,185.0,0.89,36.79,0.9,40.0,0.01,0.1,2362.991064,1776310103000
1776310104.799,204.799,0.11,36.95,0.1,40.0,0.12,15.0,0.13,15.0,0.88,15.0,0.87,15.0,0.89,33.08,0.9,40.0,0.01,0.01,2362.991064,1776310103000
1776310105.455,205.455,0.11,1.89,0.1,10.0,0.12,15.0,0.13,10.0,0.86,2.78,0.85,10.0,0.89,25.95,0.9,40.0,0.01,0.03,2363.003393,1776310104000
1776310106.052,206.052,0.11,11.89,0.1,10.0,0.13,6.0,0.14,8.78,0.87,1.61,0.86,2.78,0.89,1.89,0.9,10.0,0.02,0.02,2363.003393,1776310104000
1776310106.321,206.321,0.12,0.9,0.11,11.89,0.13,28.0,0.14,8.78,0.87,6.0,0.86,8.78,0.89,11.89,0.9,10.0,0.01,0.02,2362.626765,1776310105000
1776310107.218,207.218,0.12,15.9,0.11,11.89,0.13,11.0,0.14,6.0,0.87,28.0,0.86,8.78,0.88,0.9,0.89,11.89,0.01,0.01,2362.626765,1776310105000
1776310107.612,207.612,0.12,7.66,0.11,11.89,0.13,18.0,0.14,16.5,0.87,11.0,0.86,6.0,0.88,15.9,0.89,11.89,0.01,0.01,2362.536151,1776310106000
1776310112.107,212.107,0.12,7.66,0.11,11.89,0.13,12.73,0.14,31.5,0.87,18.0,0.86,16.5,0.88,7.66,0.89,11.89,0.01,0.01,2362.490089,1776310110000
1776310114.987,214.987,0.1,26.0,0.08,6.0,0.11,43.0,0.12,37.5,0.87,10.0,0.86,31.5,0.89,8.22,0.9,60.0,0.01,0.02,2362.503412,1776310113000
1776310115.537,215.537,0.06,72.73,0.05,107.39,0.09,20.0,0.1,15.0,0.89,43.0,0.88,37.5,0.92,6.0,0.93,55.3,0.03,0.03,2362.503412,1776310113000
1776310115.988,215.988,0.07,15.0,0.06,30.0,0.08,37.5,0.09,31.83,0.91,5.33,0.9,77.0,0.94,75.11,0.95,107.39,0.01,0.03,2362.503323,1776310114000
1776310116.931,216.931,0.07,24.69,0.06,30.0,0.08,42.5,0.09,31.83,0.92,37.5,0.91,31.83,0.94,94.78,0.95,107.39,0.01,0.02,2362.42702,1776310115000
1776310121.378,221.378,0.07,20.38,0.06,30.0,0.08,25.5,0.09,46.5,0.92,42.5,0.91,31.83,0.93,24.69,0.94,30.0,0.01,0.01,2362.168865,1776310119000
1776310125.535,225.535,0.05,11.05,0.04,40.05,0.06,85.0,0.07,42.5,0.92,25.5,0.91,46.5,0.93,20.38,0.94,30.0,0.01,0.01,2362.086897,1776310124000
1776310126.143,226.143,0.05,6.05,0.04,40.05,0.06,50.0,0.07,10.5,0.94,85.0,0.93,42.5,0.95,11.05,0.96,40.05,0.01,0.01,2362.086897,1776310124000
1776310128.448,228.448,0.04,40.05,0.03,116.05,0.06,182.5,0.07,142.15,0.94,50.0,0.93,10.5,0.95,6.05,0.96,40.05,0.02,0.01,2361.960491,1776310127000
1776310129.32,229.32,0.04,37.05,0.03,116.05,0.05,205.3,0.06,212.3,0.94,182.5,0.93,142.15,0.96,40.05,0.97,116.05,0.01,0.02,2362.016173,1776310128000
1776310129.586,229.586,0.03,96.05,0.02,250.05,0.04,136.5,0.05,266.3,0.95,205.3,0.94,222.3,0.97,116.05,0.98,433.75,0.01,0.02,2362.016173,1776310128000
1776310130.08,230.08,0.03,88.9,0.02,256.05,0.04,70.5,0.05,338.3,0.96,136.5,0.95,266.3,0.97,96.05,0.98,250.05,0.01,0.01,2362.016173,1776310128000
1776310130.409,230.409,0.03,77.67,0.02,250.05,0.04,61.5,0.05,327.3,0.96,70.5,0.95,338.3,0.97,88.9,0.98,256.05,0.01,0.01,2361.920741,1776310129000
1776310130.781,230.781,0.02,550.05,0.01,7132.6,0.04,280.2,0.05,337.3,0.96,61.5,0.95,327.3,0.97,77.67,0.98,250.05,0.02,0.01,2361.920741,1776310129000
1776310131.65,231.65,0.02,549.02,0.01,7232.6,0.03,140.0,0.04,271.2,0.96,280.2,0.95,337.3,0.98,550.05,0.99,7132.6,0.01,0.02,2361.780433,1776310130000
1776310134.04,234.04,0.02,542.89,0.01,7832.6,0.03,183.5,0.04,370.2,0.97,140.0,0.96,271.2,0.98,549.02,0.99,7232.6,0.01,0.01,2361.494907,1776310132000
1776310134.668,234.668,0.02,534.72,0.01,7832.6,0.03,183.5,0.04,380.2,0.97,183.5,0.96,370.2,0.98,542.89,0.99,7832.6,0.01,0.01,2361.467806,1776310133000
1776310135.625,235.625,0.02,533.59,0.01,7832.6,0.03,198.81,0.04,399.2,0.97,183.5,0.96,380.2,0.98,534.72,0.99,7832.6,0.01,0.01,2361.419058,1776310134000
1776310136.858,236.858,0.02,417.29,0.01,7232.6,0.03,105.31,0.04,140.5,0.97,198.81,0.96,399.2,0.98,533.59,0.99,7832.6,0.01,0.01,2361.428716,1776310135000
1776310137.082,237.082,0.03,51.81,0.02,412.29,0.04,40.5,0.05,111.3,0.96,40.5,0.95,111.3,0.98,412.29,0.99,7232.6,0.01,0.02,2361.428716,1776310135000
1776310138.153,238.153,0.03,50.62,0.02,412.29,0.04,20.5,0.05,111.3,0.96,40.5,0.95,111.3,0.97,51.81,0.98,412.29,0.01,0.01,2361.441135,1776310137000
1776310139.994,239.994,0.03,25.62,0.02,1112.29,0.04,56.5,0.05,217.56,0.96,20.5,0.95,111.3,0.97,50.62,0.98,412.29,0.01,0.01,2361.710661,1776310138000
1776310140.28,240.28,0.02,636.91,0.01,7242.59,0.04,26.0,0.05,182.06,0.96,56.5,0.95,217.56,0.97,25.62,0.98,1112.29,0.02,0.01,2361.745836,1776310139000
1776310140.862,240.862,0.02,636.91,0.01,7342.59,0.03,2.0,0.04,21.0,0.96,26.0,0.95,182.06,0.98,636.91,0.99,7242.59,0.01,0.02,2361.745836,1776310139000
1776310141.341,241.341,0.02,476.22,0.01,7242.59,0.04,10.0,0.05,70.0,0.97,2.0,0.96,21.0,0.98,636.91,0.99,7342.59,0.02,0.01,2361.745836,1776310139000
1776310142.065,242.065,0.03,7.95,0.02,886.22,0.05,151.0,0.06,177.8,0.95,151.0,0.94,177.8,0.97,10.0,0.98,486.22,0.02,0.02,2361.794346,1776310140000
1776310143.156,243.156,0.04,5.0,0.03,7.95,0.05,98.97,0.06,193.8,0.95,151.0,0.94,177.8,0.97,7.95,0.98,886.22,0.01,0.02,2361.807142,1776310141000
1776310143.606,243.606,0.02,849.67,0.01,7542.59,0.05,85.97,0.06,153.8,0.95,98.97,0.94,193.8,0.96,5.0,0.97,7.95,0.03,0.01,2361.825289,1776310142000
1776310145.122,245.122,0.03,11.12,0.02,849.67,0.04,26.96,0.05,30.97,0.95,25.97,0.94,158.8,0.96,10.0,0.97,10.0,0.01,0.01,2361.894589,1776310143000
1776310147.733,247.733,0.03,2.15,0.01,6878.99,0.04,171.66,0.05,35.97,0.96,26.96,0.95,30.97,0.97,11.12,0.98,849.67,0.01,0.01,2361.83858,1776310146000
1776310148.317,248.317,0.03,2.15,0.02,10.0,0.04,117.66,0.05,59.97,0.96,171.66,0.95,35.97,0.97,2.15,0.99,6878.99,0.01,0.01,2361.83858,1776310146000
1776310148.637,248.637,0.03,0.08,0.02,10.0,0.04,120.66,0.05,59.97,0.96,117.66,0.95,59.97,0.97,2.15,0.98,10.0,0.01,0.01,2361.797209,1776310147000
1776310148.999,248.999,0.02,4.97,0.01,6878.99,0.04,120.66,0.05,59.97,0.96,120.66,0.95,59.97,0.97,0.08,0.98,10.0,0.02,0.01,2361.797209,1776310147000
1776310150.072,250.072,0.01,7178.85,,,0.02,219.86,0.03,210.66,0.97,15.0,0.96,125.66,0.99,6878.85,,,0.01,0.02,2361.643639,1776310148000
1776310151.925,251.925,0.01,6870.76,,,0.02,226.82,0.03,215.7,0.98,219.86,0.97,210.66,0.99,7178.85,,,0.01,0.01,2361.617301,1776310150000
1776310152.468,252.468,0.01,6497.67,,,0.02,226.82,0.03,262.9,0.98,226.82,0.97,262.9,0.99,6662.87,,,0.01,0.01,2361.617301,1776310150000
1776310153.157,253.157,0.01,6472.67,,,0.02,236.82,0.03,291.9,0.98,226.82,0.97,262.9,0.99,6497.67,,,0.01,0.01,2361.593585,1776310151000
1776310153.422,253.422,0.01,6319.58,,,0.02,236.82,0.03,307.69,0.98,236.82,0.97,307.69,0.99,6427.67,,,0.01,0.01,2361.588706,1776310152000
1776310154.127,254.127,0.01,1312.58,,,0.02,252.82,0.03,307.69,0.98,236.82,0.97,307.69,0.99,6319.58,,,0.01,0.01,2361.588706,1776310152000
1776310154.43,254.43,0.01,1302.58,,,0.02,247.82,0.03,317.69,0.98,252.82,0.97,307.69,0.99,1308.58,,,0.01,0.01,2361.515027,1776310153000
1776310156.836,256.836,0.01,1301.56,,,0.02,238.82,0.03,328.7,0.98,247.82,0.97,317.69,0.99,1302.58,,,0.01,0.01,2361.429379,1776310155000
1776310157.108,257.108,0.01,1297.56,,,0.02,180.66,0.03,274.7,0.98,200.66,0.97,274.7,0.99,1297.56,,,0.01,0.01,2361.429379,1776310155000
1776310157.565,257.565,0.01,633.56,,,0.02,180.66,0.03,274.7,0.98,180.66,0.97,274.7,0.99,1297.56,,,0.01,0.01,2361.444536,1776310156000
1776310158.971,258.971,0.01,626.56,,,0.02,185.66,0.03,259.7,0.98,180.66,0.97,274.7,0.99,635.56,,,0.01,0.01,2361.514375,1776310157000
1776310159.807,259.807,0.01,616.46,,,0.02,185.66,0.03,259.7,0.98,185.66,0.97,259.7,0.99,621.56,,,0.01,0.01,2361.504398,1776310158000
1776310160.154,260.154,0.01,606.46,,,0.02,185.66,0.03,274.7,0.98,185.66,0.97,259.7,0.99,616.46,,,0.01,0.01,2361.504398,1776310158000
1776310161.139,261.139,0.01,711.46,,,0.02,6.96,0.03,225.69,0.98,185.66,0.97,274.7,0.99,606.46,,,0.01,0.01,2361.561834,1776310159000
1776310163.003,263.003,0.01,581.15,,,0.02,5.0,0.03,226.65,0.97,212.65,0.96,195.7,0.99,1070.06,,,0.01,0.02,2361.565842,1776310161000
1776310165.342,265.342,0.01,575.13,,,0.02,198.7,0.03,254.65,0.98,5.0,0.97,226.65,0.99,581.15,,,0.01,0.01,2361.697747,1776310163000
1776310166.928,266.928,0.01,535.13,,,0.02,193.7,0.03,275.65,0.98,198.7,0.97,254.65,0.99,575.13,,,0.01,0.01,2361.749351,1776310165000
1776310167.542,267.542,0.01,530.07,,,0.02,262.69,0.03,228.45,0.98,193.7,0.97,275.65,0.99,535.13,,,0.01,0.01,2361.794748,1776310166000
1776310168.642,268.642,0.01,510.07,,,0.02,257.69,0.03,228.45,0.98,262.69,0.97,228.45,0.99,530.07,,,0.01,0.01,2361.791486,1776310167000
1776310171.346,271.346,0.01,978.67,,,0.02,2.0,0.03,224.66,0.98,257.69,0.97,228.45,0.99,510.07,,,0.01,0.01,2361.773742,1776310170000
1776310171.854,271.854,0.01,973.67,,,0.03,168.65,0.04,194.7,0.98,2.0,0.97,224.66,0.99,978.67,,,0.02,0.01,2361.773742,1776310170000
1776310172.101,272.101,0.01,938.27,,,0.03,148.65,0.04,194.7,0.97,148.65,0.96,194.7,0.99,978.67,,,0.02,0.02,2361.773742,1776310170000
1776310173.034,273.034,0.01,830.23,,,0.02,5.0,0.03,149.65,0.97,148.65,0.96,194.7,0.99,938.27,,,0.01,0.02,2361.827496,1776310171000
1776310175.345,275.345,0.01,466.63,,,0.03,84.99,0.04,101.0,0.98,5.0,0.97,149.65,0.99,830.23,,,0.02,0.01,2362.17047,1776310173000
1776310175.858,275.858,0.02,10.0,0.01,666.63,0.04,126.2,0.05,97.05,0.97,84.99,0.96,101.0,0.99,466.63,,,0.02,0.02,2362.135504,1776310174000
1776310176.139,276.139,0.02,15.0,0.01,666.63,0.04,101.2,0.05,97.05,0.96,126.2,0.95,97.05,0.98,10.0,0.99,666.63,0.02,0.02,2362.135504,1776310174000
1776310177.278,277.278,0.02,1.83,0.01,666.63,0.04,181.99,0.05,76.05,0.96,101.2,0.95,97.05,0.98,15.0,0.99,666.63,0.02,0.02,2362.137323,1776310175000
1776310178.031,278.031,0.01,653.39,,,0.04,181.99,0.05,76.05,0.96,181.99,0.95,76.05,0.98,1.83,0.99,666.63,0.03,0.02,2362.20065,1776310176000
1776310178.763,278.763,0.01,674.99,,,0.03,179.99,0.04,82.0,0.96,181.99,0.95,76.05,0.99,653.39,,,0.02,0.03,2362.20934,1776310177000
1776310179.206,279.206,0.01,652.96,,,0.02,59.99,0.03,137.79,0.98,57.2,0.97,137.79,0.99,654.99,,,0.01,0.01,2362.20934,1776310177000
1776310179.859,279.859,0.01,532.96,,,0.02,147.0,0.03,116.81,0.98,59.99,0.97,137.79,0.99,652.96,,,0.01,0.01,2362.262734,1776310178000
1776310180.061,280.061,0.01,512.96,,,0.02,154.0,0.03,116.81,0.98,147.0,0.97,116.81,0.99,532.96,,,0.01,0.01,2362.262734,1776310178000
1776310180.536,280.536,0.01,450.93,,,0.02,181.0,0.03,101.81,0.98,186.0,0.97,111.81,0.99,452.96,,,0.01,0.01,2362.262734,1776310178000
1776310181.389,281.389,0.01,385.93,,,0.02,181.0,0.03,101.81,0.98,181.0,0.97,101.81,0.99,450.93,,,0.01,0.01,2362.22271,1776310179000
1776310181.837,281.837,0.01,379.93,,,0.02,181.0,0.03,101.81,0.98,181.0,0.97,101.81,0.99,385.93,,,0.01,0.01,2362.227943,1776310180000
1776310183.685,283.685,0.01,379.93,,,0.02,136.0,0.03,101.81,0.98,181.0,0.97,101.81,0.99,379.93,,,0.01,0.01,2362.043998,1776310181000
1776310184.587,284.587,0.01,383.91,,,0.02,124.0,0.03,102.81,0.98,136.0,0.97,101.81,0.99,379.93,,,0.01,0.01,2361.957692,1776310183000
1776310185.746,285.746,0.01,368.91,,,0.02,119.0,0.03,102.81,0.98,124.0,0.97,102.81,0.99,383.91,,,0.01,0.01,2361.956378,1776310184000
1776310186.483,286.483,0.01,363.91,,,0.02,108.0,0.03,102.81,0.98,119.0,0.97,102.81,0.99,368.91,,,0.01,0.01,2361.956378,1776310184000
1776310186.851,286.851,0.01,358.91,,,0.02,93.0,0.03,102.81,0.98,108.0,0.97,102.81,0.99,363.91,,,0.01,0.01,2361.958193,1776310185000
1776310188.045,288.045,0.01,343.91,,,0.02,124.79,0.03,102.81,0.98,93.0,0.97,102.81,0.99,353.91,,,0.01,0.01,2361.977846,1776310186000
1776310190.315,290.315,0.01,135.15,,,0.02,142.79,0.03,88.0,0.98,124.79,0.97,102.81,0.99,343.91,,,0.01,0.01,2362.074533,1776310188000
1776310190.65,290.65,,,,,0.01,864.85,0.02,129.79,0.98,137.79,0.97,88.0,0.99,135.15,,,,0.01,2362.102521,1776310189000
1776310191.241,291.241,,,,,0.01,940.77,0.02,124.79,0.99,864.85,0.98,129.79,,,,,,,2362.108974,1776310190000
1776310193.746,293.746,,,,,0.01,3678.09,0.02,180.79,0.99,940.77,0.98,124.79,,,,,,,2362.089322,1776310192000
1776310196.314,296.314,,,,,0.01,4571.82,0.02,180.79,0.99,3678.09,0.98,180.79,,,,,,,2361.939979,1776310195000
1776310198.239,298.239,,,,,0.01,6524.23,0.02,180.79,0.99,4571.82,0.98,180.79,,,,,,,2361.936261,1776310197000

# RESULT,winner=Down,slug=eth-updown-5m-1776309900,ticks=311
