timestamp,elapsed_sec,up_bid_p1,up_bid_s1,up_bid_p2,up_bid_s2,up_ask_p1,up_ask_s1,up_ask_p2,up_ask_s2,down_bid_p1,down_bid_s1,down_bid_p2,down_bid_s2,down_ask_p1,down_ask_s1,down_ask_p2,down_ask_s2,up_spread,down_spread,eth_price,eth_oracle_ts
1776359100.59,0.59,0.51,41.56,0.5,18.0,0.52,14.46,0.54,5.0,0.48,19.46,0.46,155.0,0.49,41.56,0.5,18.0,0.01,0.01,2317.333137,1776359099000
1776359101.053,1.053,0.51,41.56,0.5,18.0,0.52,9.46,0.54,5.0,0.48,9.46,0.46,5.0,0.49,41.56,0.5,18.0,0.01,0.01,2317.381743,1776359100000
1776359101.301,1.301,0.51,46.56,0.5,18.0,0.52,4.46,0.54,5.0,0.48,9.46,0.46,5.0,0.49,41.56,0.5,18.0,0.01,0.01,2317.381743,1776359100000
1776359101.862,1.862,0.51,46.56,0.5,18.0,0.52,0.6,0.54,5.0,0.48,2.53,0.46,5.0,0.49,46.56,0.5,18.0,0.01,0.01,2317.381743,1776359100000
1776359102.109,2.109,0.51,47.47,0.5,18.0,0.52,0.6,0.54,5.0,0.48,0.6,0.46,5.0,0.49,46.56,0.5,18.0,0.01,0.01,2317.43,1776359101000
1776359102.436,2.436,0.51,44.59,0.5,18.0,0.52,0.6,0.54,5.0,0.48,0.6,0.46,5.0,0.49,47.47,0.5,18.0,0.01,0.01,2317.43,1776359101000
1776359103.2,3.2,0.51,49.59,0.5,23.0,0.52,1.83,0.53,20.0,0.48,0.6,0.46,5.0,0.49,44.59,0.5,18.0,0.01,0.01,2317.63084,1776359102000
1776359103.803,3.803,0.53,150.0,0.52,135.0,0.6,10.0,0.63,70.0,0.46,13.62,0.45,10.0,0.48,10.0,0.49,54.59,0.07,0.02,2317.63084,1776359102000
1776359104.338,4.338,0.59,10.0,0.58,15.0,0.63,70.0,0.64,80.0,0.4,3.4,0.37,70.0,0.43,10.0,0.44,10.0,0.04,0.03,2317.680699,1776359103000
1776359105.736,5.736,0.62,10.0,0.61,10.0,0.63,28.14,0.64,80.0,0.37,70.0,0.36,80.0,0.41,10.0,0.42,15.0,0.01,0.04,2317.650363,1776359104000
1776359106.534,6.534,0.62,29.2,0.61,10.0,0.63,13.14,0.64,80.0,0.37,23.14,0.36,80.0,0.38,10.0,0.39,10.0,0.01,0.01,2318.365076,1776359105000
1776359107.772,7.772,0.62,20.0,0.61,60.0,0.64,80.0,0.65,70.0,0.37,13.14,0.36,80.0,0.38,29.2,0.39,10.0,0.02,0.01,2318.37737,1776359106000
1776359108.131,8.131,0.63,6.91,0.62,20.0,0.64,65.0,0.65,70.0,0.36,80.0,0.35,70.0,0.37,6.91,0.38,20.0,0.01,0.01,2318.779489,1776359107000
1776359108.538,8.538,0.63,6.91,0.62,10.0,0.64,65.0,0.65,70.0,0.36,65.0,0.35,70.0,0.37,6.91,0.38,20.0,0.01,0.01,2318.779489,1776359107000
1776359108.79,8.79,0.62,4.73,0.61,10.0,0.64,60.0,0.65,85.0,0.36,85.0,0.35,70.0,0.37,1.91,0.38,10.0,0.02,0.01,2318.779489,1776359107000
1776359109.599,9.599,0.61,7.43,0.6,30.0,0.62,10.0,0.63,15.0,0.36,60.0,0.35,85.0,0.38,4.73,0.39,10.0,0.01,0.02,2318.866882,1776359108000
1776359109.95,9.95,0.61,22.93,0.6,30.0,0.62,13.88,0.63,15.0,0.38,8.38,0.37,15.0,0.39,7.43,0.4,30.0,0.01,0.01,2318.866882,1776359108000
1776359110.392,10.392,0.61,8.53,0.6,35.0,0.62,13.88,0.63,15.0,0.38,13.88,0.37,15.0,0.39,19.03,0.4,30.0,0.01,0.01,2318.740172,1776359109000
1776359112.087,12.087,0.61,15.0,0.6,50.5,0.62,25.66,0.63,15.5,0.38,0.16,0.37,15.0,0.39,5.96,0.4,35.0,0.01,0.01,2318.536394,1776359111000
1776359112.653,12.653,0.61,9.86,0.6,50.5,0.62,35.66,0.63,15.5,0.38,25.66,0.37,15.5,0.39,12.43,0.4,50.5,0.01,0.01,2318.536394,1776359111000
1776359117.86,17.86,0.6,15.0,0.59,30.5,0.61,36.53,0.62,160.66,0.38,35.66,0.37,115.5,0.39,114.86,0.4,150.5,0.01,0.01,2318.467213,1776359116000
1776359118.394,18.394,0.6,28.0,0.59,35.5,0.61,23.0,0.62,150.5,0.39,36.53,0.38,160.66,0.4,15.0,0.41,30.5,0.01,0.01,2318.3893,1776359117000
1776359120.204,20.204,0.61,5.0,0.6,28.0,0.62,78.5,0.63,130.5,0.39,23.0,0.38,150.5,0.4,28.0,0.41,35.5,0.01,0.01,2318.34865,1776359119000
1776359120.755,20.755,0.61,2.43,0.6,28.0,0.62,78.5,0.63,130.5,0.38,78.5,0.37,130.5,0.39,5.0,0.4,28.0,0.01,0.01,2318.34865,1776359119000
1776359124.288,24.288,0.6,2.5,0.59,30.0,0.62,115.5,0.63,35.5,0.38,78.5,0.37,130.5,0.39,2.43,0.4,28.0,0.02,0.01,2318.439635,1776359123000
1776359124.836,24.836,0.59,10.0,0.58,51.22,0.61,90.5,0.62,115.5,0.38,115.5,0.37,35.5,0.4,2.5,0.41,30.0,0.02,0.02,2318.439635,1776359123000
1776359125.571,25.571,0.58,32.41,0.57,25.0,0.59,77.3,0.6,55.5,0.41,18.3,0.4,73.5,0.42,51.22,0.43,20.0,0.01,0.01,2318.470221,1776359124000
1776359126.166,26.166,0.58,18.6,0.57,25.0,0.59,30.3,0.6,25.5,0.41,77.3,0.4,55.5,0.42,32.41,0.43,25.0,0.01,0.01,2318.470221,1776359124000
1776359126.471,26.471,0.58,14.79,0.57,25.0,0.59,25.3,0.6,25.5,0.41,25.3,0.4,25.5,0.42,18.6,0.43,25.0,0.01,0.01,2318.327331,1776359125000
1776359127.684,27.684,0.59,66.7,0.58,35.79,0.6,3.0,0.61,5.0,0.41,25.3,0.4,25.5,0.42,14.79,0.43,25.0,0.01,0.01,2318.190657,1776359126000
1776359127.89,27.89,0.59,52.5,0.58,45.79,0.6,3.0,0.61,10.0,0.4,3.0,0.39,5.0,0.41,66.7,0.42,35.79,0.01,0.01,2318.190657,1776359126000
1776359128.422,28.422,0.59,20.0,0.58,20.0,0.6,80.83,0.61,25.5,0.4,3.0,0.39,10.0,0.41,52.5,0.42,45.79,0.01,0.01,2318.194579,1776359127000
1776359129.219,29.219,0.59,42.5,0.58,40.5,0.6,28.33,0.61,15.5,0.4,80.83,0.39,25.5,0.41,20.0,0.42,20.0,0.01,0.01,2318.223875,1776359128000
1776359130.584,30.584,0.57,47.23,0.56,120.5,0.58,160.5,0.59,265.5,0.4,28.33,0.39,15.5,0.41,42.5,0.42,40.5,0.01,0.01,2318.32546,1776359129000
1776359132.022,32.022,0.55,50.0,0.54,50.0,0.57,137.02,0.58,161.32,0.42,155.32,0.41,265.5,0.43,17.23,0.44,120.5,0.02,0.01,2318.241095,1776359130000
1776359133.132,33.132,0.55,11.0,0.54,65.0,0.56,17.0,0.57,95.02,0.43,137.02,0.42,161.32,0.45,50.0,0.46,50.0,0.01,0.02,2318.036777,1776359131000
1776359133.556,33.556,0.55,29.2,0.54,60.0,0.57,79.86,0.58,48.0,0.44,17.0,0.43,95.02,0.45,11.0,0.46,65.0,0.02,0.01,2317.971688,1776359132000
1776359134.189,34.189,0.55,5.0,0.54,55.0,0.56,5.0,0.57,91.74,0.43,74.74,0.42,48.0,0.44,29.2,0.45,10.0,0.01,0.01,2317.971688,1776359132000
1776359134.391,34.391,0.55,1.8,0.54,55.0,0.56,20.87,0.57,109.74,0.44,20.87,0.43,84.74,0.45,5.0,0.46,55.0,0.01,0.01,2317.971688,1776359132000
1776359135.302,35.302,0.54,45.5,0.53,79.94,0.55,15.18,0.56,10.0,0.44,66.37,0.43,100.24,0.45,9.94,0.46,65.5,0.01,0.01,2317.846623,1776359134000
1776359138.692,38.692,0.51,40.62,0.5,93.5,0.53,76.14,0.54,245.5,0.45,15.18,0.44,10.0,0.46,45.5,0.47,79.94,0.02,0.01,2317.831443,1776359137000
1776359139.231,39.231,0.5,34.5,0.49,37.5,0.51,10.0,0.52,10.0,0.47,76.14,0.46,245.5,0.51,20.5,0.52,290.0,0.01,0.04,2317.831443,1776359137000
1776359141.088,41.088,0.5,21.0,0.49,47.5,0.51,17.06,0.52,20.5,0.49,10.0,0.48,10.0,0.5,26.66,0.51,27.5,0.01,0.01,2317.602378,1776359139000
1776359141.855,41.855,0.49,15.0,0.48,280.0,0.5,104.5,0.51,47.98,0.49,17.06,0.48,20.5,0.5,21.0,0.51,47.5,0.01,0.01,2317.454602,1776359140000
1776359142.14,42.14,0.48,271.31,0.47,40.1,0.49,69.5,0.5,65.5,0.51,37.5,0.5,81.5,0.52,275.16,0.53,40.1,0.01,0.01,2317.454215,1776359141000
1776359142.392,42.392,0.48,219.38,0.47,40.1,0.49,83.5,0.5,75.5,0.51,69.5,0.5,65.5,0.52,221.31,0.53,40.1,0.01,0.01,2317.454215,1776359141000
1776359143.032,43.032,0.48,213.6,0.47,40.1,0.49,83.5,0.5,65.5,0.51,83.5,0.5,75.5,0.52,213.6,0.53,40.1,0.01,0.01,2317.454215,1776359141000
1776359143.941,43.941,0.47,37.3,0.46,325.0,0.49,154.5,0.5,225.5,0.51,103.12,0.5,85.5,0.52,175.32,0.53,40.1,0.02,0.01,2317.300425,1776359142000
1776359144.497,44.497,0.47,26.05,0.46,325.0,0.48,49.5,0.49,155.5,0.51,154.5,0.5,225.5,0.53,37.3,0.54,325.0,0.01,0.02,2317.134755,1776359143000
1776359144.915,44.915,0.47,6.19,0.46,325.0,0.48,49.5,0.49,165.5,0.52,49.5,0.51,155.5,0.53,26.05,0.54,325.0,0.01,0.01,2317.134755,1776359143000
1776359145.402,45.402,0.47,24.02,0.46,325.0,0.48,54.5,0.49,170.5,0.52,49.5,0.51,165.5,0.53,6.19,0.54,325.0,0.01,0.01,2317.007537,1776359144000
1776359145.837,45.837,0.47,7.04,0.46,335.5,0.48,37.0,0.49,170.5,0.52,54.5,0.51,170.5,0.53,24.02,0.54,325.0,0.01,0.01,2317.007537,1776359144000
1776359146.369,46.369,0.47,60.82,0.46,362.24,0.48,7.0,0.49,170.0,0.52,37.0,0.51,170.5,0.53,7.04,0.54,335.5,0.01,0.01,2317.007537,1776359144000
1776359146.696,46.696,0.48,10.0,0.47,61.7,0.49,30.0,0.5,120.0,0.52,7.0,0.51,170.0,0.53,17.85,0.54,362.24,0.01,0.01,2317.007537,1776359144000
1776359146.967,46.967,0.51,39.95,0.5,26.5,0.52,97.23,0.53,177.0,0.48,125.0,0.47,177.0,0.49,12.95,0.5,16.0,0.01,0.01,2316.764385,1776359145000
1776359147.859,47.859,0.51,27.95,0.5,31.5,0.52,97.23,0.53,187.5,0.48,97.23,0.47,177.0,0.49,39.95,0.5,26.5,0.01,0.01,2316.84912,1776359146000
1776359149.081,49.081,0.51,47.95,0.5,46.5,0.52,104.78,0.53,192.0,0.48,97.23,0.47,187.5,0.49,27.95,0.5,31.5,0.01,0.01,2316.866932,1776359147000
1776359151.604,51.604,0.56,46.0,0.55,35.0,0.57,76.68,0.58,66.0,0.48,104.78,0.47,192.0,0.49,47.95,0.5,46.5,0.01,0.01,2317.550918,1776359150000
1776359152.008,52.008,0.56,284.22,0.55,226.5,0.58,66.0,0.59,70.0,0.43,76.68,0.42,66.0,0.44,46.0,0.45,35.0,0.02,0.01,2317.72157,1776359151000
1776359152.276,52.276,0.57,149.5,0.56,223.02,0.58,43.71,0.6,125.0,0.42,45.44,0.41,70.0,0.43,140.5,0.44,254.02,0.01,0.01,2317.72157,1776359151000
1776359152.623,52.623,0.57,181.5,0.56,243.02,0.58,36.12,0.6,125.0,0.42,43.71,0.4,125.0,0.43,149.5,0.44,223.02,0.01,0.01,2317.72157,1776359151000
1776359153.981,53.981,0.57,257.5,0.56,212.02,0.58,4.91,0.6,100.0,0.42,36.12,0.4,125.0,0.43,181.5,0.44,243.02,0.01,0.01,2317.888806,1776359152000
1776359154.395,54.395,0.57,262.5,0.56,213.02,0.61,150.0,0.62,45.0,0.42,4.91,0.4,100.0,0.43,257.5,0.44,212.02,0.04,0.01,2318.280653,1776359153000
1776359155.876,55.876,0.61,6.92,0.6,110.0,0.62,90.5,0.63,270.5,0.39,150.0,0.38,45.0,0.43,262.5,0.44,213.02,0.01,0.04,2318.361126,1776359154000
1776359156.085,56.085,0.6,105.0,0.59,110.0,0.61,23.08,0.62,90.5,0.39,8.08,0.38,90.5,0.4,110.0,0.41,110.0,0.01,0.01,2318.361126,1776359154000
1776359156.546,56.546,0.6,105.0,0.59,115.0,0.61,49.58,0.62,85.5,0.39,59.58,0.38,85.5,0.4,105.0,0.41,110.0,0.01,0.01,2318.573156,1776359155000
1776359156.884,56.884,0.6,12.5,0.59,10.0,0.61,49.58,0.62,85.5,0.39,49.58,0.38,85.5,0.4,105.0,0.41,115.0,0.01,0.01,2318.573156,1776359155000
1776359158.147,58.147,0.6,72.32,0.59,25.0,0.61,15.61,0.62,204.5,0.39,49.58,0.38,85.5,0.4,12.5,0.41,10.0,0.01,0.01,2318.62311,1776359156000
1776359159.024,59.024,0.6,72.32,0.59,30.0,0.61,52.5,0.62,204.5,0.39,15.61,0.38,204.5,0.4,72.32,0.41,25.0,0.01,0.01,2318.393114,1776359157000
1776359159.409,59.409,0.6,69.32,0.59,30.0,0.61,59.5,0.62,204.5,0.39,52.5,0.38,204.5,0.4,72.32,0.41,30.0,0.01,0.01,2318.370239,1776359158000
1776359161.495,61.495,0.61,5.0,0.6,49.68,0.62,198.5,0.63,375.5,0.39,59.5,0.38,204.5,0.4,69.32,0.41,30.0,0.01,0.01,2318.3489,1776359160000
1776359161.845,61.845,0.59,20.0,0.58,15.0,0.61,181.5,0.62,156.5,0.38,198.5,0.37,375.5,0.39,5.0,0.4,49.68,0.02,0.01,2318.3489,1776359160000
1776359162.151,62.151,0.59,10.0,0.57,10.0,0.6,188.23,0.61,281.5,0.39,181.5,0.38,156.5,0.41,20.0,0.42,15.0,0.01,0.02,2318.3489,1776359160000
1776359162.839,62.839,0.57,5.0,0.56,30.0,0.58,146.94,0.59,265.5,0.42,21.0,0.41,150.5,0.43,2.0,0.44,40.0,0.01,0.01,2318.3782,1776359161000
1776359163.451,63.451,0.56,30.0,0.55,60.0,0.57,10.0,0.58,108.94,0.42,146.94,0.41,265.5,0.43,5.0,0.44,30.0,0.01,0.01,2318.490793,1776359162000
1776359163.782,63.782,0.56,95.2,0.55,76.0,0.58,7.85,0.59,240.0,0.43,10.0,0.42,108.94,0.44,30.0,0.45,60.0,0.02,0.01,2318.490793,1776359162000
1776359164.074,64.074,0.57,41.0,0.56,25.0,0.58,15.44,0.59,240.0,0.42,4.44,0.41,240.0,0.43,16.0,0.44,76.0,0.01,0.01,2318.490793,1776359162000
1776359164.424,64.424,0.56,49.22,0.55,60.0,0.57,36.0,0.58,141.94,0.42,15.44,0.41,240.0,0.43,21.0,0.44,25.0,0.01,0.01,2318.490793,1776359162000
1776359164.668,64.668,0.56,34.16,0.55,60.0,0.57,18.0,0.58,131.5,0.43,42.0,0.42,131.5,0.44,36.44,0.45,60.0,0.01,0.01,2318.490793,1776359162000
1776359164.897,64.897,0.56,27.16,0.55,60.0,0.57,34.0,0.58,131.5,0.43,18.0,0.42,131.5,0.44,34.16,0.45,60.0,0.01,0.01,2318.058075,1776359163000
1776359165.29,65.29,0.56,10.0,0.55,66.0,0.57,52.21,0.58,31.5,0.43,34.0,0.42,131.5,0.44,27.16,0.45,60.0,0.01,0.01,2318.058075,1776359163000
1776359171.208,71.208,0.49,10.0,0.48,107.0,0.5,41.5,0.51,125.5,0.43,57.62,0.42,31.5,0.44,30.0,0.45,66.0,0.01,0.01,2317.153454,1776359170000
1776359173.724,73.724,0.48,25.0,0.47,15.0,0.49,174.05,0.5,147.5,0.5,41.5,0.49,125.5,0.51,10.0,0.52,107.0,0.01,0.01,2317.285169,1776359172000
1776359175.085,75.085,0.48,3.0,0.47,10.0,0.49,195.86,0.5,151.5,0.51,174.05,0.5,147.5,0.52,25.0,0.53,15.0,0.01,0.01,2317.219924,1776359173000
1776359175.684,75.684,0.46,70.0,0.45,25.0,0.48,72.84,0.49,189.36,0.51,188.86,0.5,151.5,0.54,420.0,0.55,32.0,0.02,0.03,2317.29602,1776359174000
1776359177.275,77.275,0.41,5.0,0.4,162.5,0.42,24.61,0.43,140.5,0.53,121.0,0.52,180.0,0.54,4.14,0.55,25.0,0.01,0.01,2317.170345,1776359175000
1776359177.996,77.996,0.4,105.33,0.39,20.5,0.41,15.0,0.42,22.61,0.58,24.61,0.57,140.5,0.6,162.5,0.61,10.0,0.01,0.02,2316.72177,1776359176000
1776359178.481,78.481,0.4,58.09,0.39,10.5,0.41,15.0,0.42,22.61,0.59,15.0,0.58,22.61,0.6,101.46,0.61,20.5,0.01,0.01,2316.72177,1776359176000
1776359179.124,79.124,0.4,124.09,0.39,10.5,0.41,5.0,0.42,10.0,0.59,15.0,0.58,22.61,0.6,58.09,0.61,10.5,0.01,0.01,2316.67921,1776359177000
1776359179.35,79.35,0.4,123.09,0.39,35.5,0.41,5.0,0.42,10.0,0.59,5.0,0.58,10.0,0.6,124.09,0.61,10.5,0.01,0.01,2316.67921,1776359177000
1776359179.568,79.568,0.4,96.09,0.39,35.5,0.41,0.9,0.42,10.0,0.59,5.0,0.58,10.0,0.6,88.09,0.61,35.5,0.01,0.01,2316.67921,1776359177000
1776359180.735,80.735,0.41,8.0,0.4,23.5,0.42,33.1,0.43,135.5,0.58,8.49,0.57,130.0,0.59,18.5,0.6,37.09,0.01,0.01,2316.637397,1776359178000
1776359182.485,82.485,0.4,13.0,0.39,35.5,0.42,43.6,0.43,140.5,0.58,33.1,0.57,135.5,0.59,8.0,0.6,23.5,0.02,0.01,2316.69325,1776359180000
1776359182.746,82.746,0.38,188.5,0.37,195.0,0.39,11.92,0.4,10.0,0.59,63.0,0.58,131.6,0.62,188.5,0.63,185.0,0.01,0.03,2316.626207,1776359181000
1776359182.989,82.989,0.38,153.0,0.37,200.5,0.39,49.55,0.4,10.0,0.61,11.92,0.6,10.0,0.62,188.5,0.63,195.0,0.01,0.01,2316.626207,1776359181000
1776359183.539,83.539,0.43,20.0,0.39,50.5,0.45,10.0,0.46,10.0,0.61,49.55,0.6,10.0,0.62,153.0,0.63,200.5,0.02,0.01,2316.626207,1776359181000
1776359183.793,83.793,0.45,1.18,0.44,17.0,0.48,156.65,0.49,135.62,0.52,117.79,0.51,116.0,0.53,21.28,0.54,15.87,0.03,0.01,2316.683115,1776359182000
1776359184.102,84.102,0.44,42.5,0.43,40.5,0.46,22.0,0.47,25.5,0.52,156.65,0.51,135.62,0.55,1.18,0.56,17.0,0.02,0.03,2316.683115,1776359182000
1776359184.778,84.778,0.44,83.5,0.43,50.5,0.45,15.0,0.46,15.0,0.54,22.0,0.53,25.5,0.56,42.5,0.57,40.5,0.01,0.02,2316.602804,1776359183000
1776359187.01,87.01,0.48,8.07,0.47,43.0,0.49,10.5,0.5,287.0,0.55,15.0,0.54,15.0,0.56,63.73,0.57,50.5,0.01,0.01,2316.93611,1776359185000
1776359187.257,87.257,0.49,14.66,0.48,25.07,0.5,215.5,0.51,202.0,0.51,10.5,0.5,287.0,0.52,8.07,0.53,43.0,0.01,0.01,2316.93611,1776359185000
1776359187.759,87.759,0.48,24.64,0.47,47.0,0.5,215.5,0.51,202.0,0.5,215.5,0.49,202.0,0.51,14.66,0.52,25.07,0.02,0.01,2317.022015,1776359186000
1776359188.18,88.18,0.48,19.69,0.47,47.0,0.49,20.5,0.5,220.5,0.5,215.5,0.49,202.0,0.52,24.64,0.53,47.0,0.01,0.02,2317.022015,1776359186000
1776359188.69,88.69,0.51,9.95,0.5,15.0,0.52,60.5,0.53,212.0,0.51,20.5,0.5,220.5,0.52,19.69,0.53,47.0,0.01,0.01,2317.019694,1776359187000
1776359191.288,91.288,0.47,90.0,0.45,75.0,0.48,23.0,0.49,49.7,0.48,50.5,0.47,232.0,0.49,11.03,0.5,20.0,0.01,0.01,2317.408882,1776359190000
1776359192.645,92.645,0.43,25.0,0.42,5.0,0.44,5.0,0.45,25.5,0.52,23.0,0.51,49.7,0.53,90.0,0.55,75.0,0.01,0.01,2317.408882,1776359190000
1776359192.882,92.882,0.41,138.04,0.4,125.0,0.43,10.0,0.44,10.0,0.56,5.0,0.55,25.5,0.57,25.0,0.58,5.0,0.02,0.01,2317.4094,1776359191000
1776359195.689,95.689,0.41,60.0,0.4,25.0,0.43,129.7,0.44,146.5,0.57,10.0,0.56,10.0,0.59,138.04,0.6,125.0,0.02,0.02,2317.10532,1776359193000
1776359199.885,99.885,0.39,3.0,0.38,5.0,0.4,177.0,0.41,145.0,0.57,129.7,0.56,146.5,0.59,60.0,0.6,25.0,0.01,0.02,2316.708524,1776359198000
1776359200.557,100.557,0.36,173.43,0.35,106.3,0.37,10.0,0.38,37.0,0.6,177.0,0.59,145.0,0.63,110.0,0.64,170.0,0.01,0.03,2316.701287,1776359199000
1776359200.821,100.821,0.36,125.93,0.35,95.8,0.37,20.0,0.38,30.0,0.63,10.0,0.62,37.0,0.64,173.43,0.65,106.3,0.01,0.01,2316.701287,1776359199000
1776359201.181,101.181,0.36,118.11,0.35,95.8,0.37,20.0,0.38,30.0,0.63,25.0,0.62,30.0,0.64,122.05,0.65,95.8,0.01,0.01,2316.701287,1776359199000
1776359201.506,101.506,0.36,139.23,0.35,106.3,0.37,20.0,0.38,30.0,0.63,20.0,0.62,30.0,0.64,118.11,0.65,95.8,0.01,0.01,2316.570445,1776359200000
1776359201.832,101.832,0.36,135.35,0.35,106.3,0.37,20.0,0.38,50.0,0.63,20.0,0.62,30.0,0.64,139.23,0.65,106.3,0.01,0.01,2316.570445,1776359200000
1776359205.251,105.251,0.33,5.08,0.32,40.5,0.34,20.0,0.35,40.38,0.63,20.0,0.62,50.0,0.64,135.35,0.65,106.3,0.01,0.01,2316.408455,1776359204000
1776359206.397,106.397,0.34,124.69,0.33,125.5,0.35,25.38,0.36,38.0,0.66,20.0,0.65,40.38,0.67,5.08,0.68,40.5,0.01,0.01,2316.172855,1776359205000
1776359206.611,106.611,0.34,228.69,0.33,45.5,0.35,11.38,0.36,28.0,0.65,26.38,0.64,38.0,0.66,150.69,0.67,125.5,0.01,0.01,2316.172855,1776359205000
1776359206.916,106.916,0.37,120.0,0.36,155.77,0.38,3.71,0.39,20.0,0.62,10.0,0.61,20.0,0.64,35.77,0.66,293.69,0.01,0.02,2316.172855,1776359205000
1776359207.21,107.21,0.39,125.0,0.38,23.5,0.4,7.5,0.41,20.0,0.62,1.07,0.61,20.0,0.63,148.0,0.64,169.77,0.01,0.01,2316.122423,1776359206000
1776359207.621,107.621,0.39,75.0,0.38,5.0,0.41,10.0,0.42,10.0,0.57,106.0,0.56,25.0,0.61,89.0,0.62,28.5,0.02,0.04,2316.122423,1776359206000
1776359208.071,108.071,0.39,69.97,0.38,5.0,0.4,36.5,0.41,30.5,0.6,5.0,0.59,10.0,0.61,95.0,0.62,5.0,0.01,0.01,2316.122423,1776359206000
1776359208.722,108.722,0.39,97.97,0.37,85.0,0.4,30.5,0.41,35.5,0.6,47.2,0.59,30.5,0.61,64.97,0.62,5.0,0.01,0.01,2316.246124,1776359207000
1776359211.048,111.048,0.39,64.97,0.38,15.0,0.4,30.5,0.41,106.51,0.6,28.0,0.59,35.5,0.61,97.97,0.63,85.0,0.01,0.01,2316.588707,1776359209000
1776359211.408,111.408,0.39,59.97,0.38,15.0,0.4,30.5,0.41,106.51,0.6,30.5,0.59,106.51,0.61,64.97,0.62,15.0,0.01,0.01,2316.577112,1776359210000
1776359211.968,111.968,0.38,10.0,0.37,10.0,0.39,100.13,0.4,147.5,0.6,30.5,0.59,106.51,0.61,59.97,0.62,15.0,0.01,0.01,2316.586837,1776359211000
1776359212.682,112.682,0.35,3.46,0.34,106.0,0.36,40.5,0.37,30.5,0.62,30.5,0.61,162.13,0.64,4.97,0.65,5.0,0.01,0.02,2316.586837,1776359211000
1776359215.226,115.226,0.34,80.68,0.33,65.5,0.35,10.0,0.36,15.0,0.64,37.72,0.63,30.5,0.65,3.46,0.66,116.0,0.01,0.01,2316.247815,1776359214000
1776359216.427,116.427,0.41,6.61,0.4,242.5,0.42,16.0,0.43,30.5,0.65,10.0,0.64,15.0,0.66,80.68,0.67,65.5,0.01,0.01,2316.247815,1776359214000
1776359217.022,117.022,0.4,80.0,0.39,10.0,0.43,30.0,0.44,55.5,0.58,16.0,0.57,30.5,0.59,6.61,0.6,242.5,0.03,0.01,2316.247815,1776359214000
1776359217.374,117.374,0.4,57.5,0.39,10.0,0.41,10.0,0.42,15.0,0.57,30.0,0.56,55.5,0.6,80.0,0.61,10.0,0.01,0.03,2316.297109,1776359216000
1776359217.931,117.931,0.4,67.5,0.39,10.0,0.41,12.56,0.42,30.5,0.59,10.0,0.58,15.0,0.6,57.5,0.61,10.0,0.01,0.01,2316.297109,1776359216000
1776359218.584,118.584,0.4,67.5,0.39,10.0,0.41,9.06,0.42,40.5,0.59,12.56,0.58,30.5,0.6,67.5,0.61,10.0,0.01,0.01,2316.701645,1776359217000
1776359221.237,121.237,0.36,109.88,0.35,105.0,0.38,25.5,0.39,35.5,0.59,17.57,0.58,28.63,0.6,67.5,0.61,20.5,0.02,0.01,2316.765914,1776359219000
1776359221.746,121.746,0.37,10.0,0.36,95.5,0.38,5.0,0.39,10.0,0.63,7.0,0.62,49.7,0.64,109.88,0.65,105.0,0.01,0.01,2316.757726,1776359220000
1776359222.104,122.104,0.39,175.81,0.38,45.0,0.43,40.0,0.44,61.0,0.62,2.36,0.61,10.0,0.63,127.0,0.64,125.5,0.04,0.01,2316.757726,1776359220000
1776359222.482,122.482,0.41,126.0,0.4,26.0,0.43,8.27,0.44,46.5,0.56,45.0,0.55,50.0,0.57,67.91,0.58,10.0,0.02,0.01,2316.7102,1776359221000
1776359222.723,122.723,0.42,64.0,0.41,235.0,0.44,20.0,0.45,76.0,0.57,2.67,0.56,67.5,0.58,10.0,0.59,115.0,0.02,0.01,2316.7102,1776359221000
1776359223.093,123.093,0.43,51.23,0.42,45.0,0.44,15.0,0.45,76.0,0.56,20.0,0.55,76.0,0.58,64.0,0.59,235.0,0.01,0.02,2316.7102,1776359221000
1776359223.476,123.476,0.44,122.0,0.43,41.0,0.45,60.0,0.46,121.5,0.56,15.0,0.55,76.0,0.57,51.23,0.58,45.0,0.01,0.01,2316.620265,1776359222000
1776359223.91,123.91,0.43,40.0,0.42,20.5,0.44,18.22,0.45,101.5,0.55,60.0,0.54,121.5,0.56,122.0,0.57,41.0,0.01,0.01,2316.620265,1776359222000
1776359224.504,124.504,0.43,111.21,0.42,30.5,0.44,35.0,0.45,91.5,0.56,18.22,0.55,101.5,0.57,40.0,0.58,20.5,0.01,0.01,2316.715282,1776359223000
1776359225.496,125.496,0.43,37.89,0.42,45.5,0.44,60.5,0.45,101.5,0.56,35.0,0.55,91.5,0.57,111.21,0.58,30.5,0.01,0.01,2316.996617,1776359224000
1776359226.713,126.713,0.43,219.39,0.42,35.5,0.44,14.27,0.45,71.0,0.56,60.5,0.55,101.5,0.57,37.89,0.58,45.5,0.01,0.01,2316.991164,1776359225000
1776359227.78,127.78,0.43,257.39,0.42,45.3,0.44,9.27,0.45,16.0,0.56,14.27,0.55,71.0,0.57,219.39,0.58,35.5,0.01,0.01,2317.02775,1776359226000
1776359228.163,128.163,0.42,35.3,0.41,185.4,0.44,17.43,0.45,41.5,0.54,115.0,0.53,85.5,0.57,257.39,0.58,45.3,0.02,0.03,2317.031883,1776359227000
1776359228.509,128.509,0.43,5.0,0.42,35.3,0.44,22.42,0.45,51.5,0.56,15.15,0.55,46.5,0.57,5.0,0.58,35.3,0.01,0.01,2317.031883,1776359227000
1776359230.716,130.716,0.35,73.36,0.34,100.0,0.37,28.0,0.38,25.5,0.56,22.42,0.55,51.5,0.57,5.0,0.58,35.3,0.02,0.01,2316.995494,1776359229000
1776359233.067,133.067,0.3,213.97,0.29,100.0,0.31,15.0,0.32,15.0,0.63,28.0,0.62,25.5,0.65,73.36,0.66,100.0,0.01,0.02,2316.56926,1776359231000
1776359233.365,133.365,0.3,232.39,0.29,100.0,0.31,73.0,0.32,20.0,0.69,15.0,0.68,15.0,0.7,213.97,0.71,100.0,0.01,0.01,2316.56926,1776359231000
1776359233.651,133.651,0.3,206.8,0.29,100.0,0.31,77.5,0.32,36.5,0.69,67.0,0.68,26.0,0.7,228.5,0.71,100.0,0.01,0.01,2316.56926,1776359231000
1776359233.879,133.879,0.3,5.37,0.29,100.0,0.31,123.5,0.32,95.5,0.69,77.5,0.68,36.5,0.7,206.8,0.71,100.0,0.01,0.01,2316.4029,1776359232000
1776359235.437,135.437,0.24,175.0,0.23,20.3,0.27,47.0,0.28,10.0,0.69,130.5,0.68,95.5,0.71,25.0,0.72,100.0,0.03,0.02,2316.040815,1776359234000
1776359236.552,136.552,0.24,69.2,0.23,20.3,0.25,25.0,0.26,15.0,0.73,47.0,0.72,10.0,0.76,175.0,0.77,20.3,0.01,0.03,2316.040815,1776359234000
1776359236.939,136.939,0.23,1.08,0.22,100.0,0.24,15.0,0.25,20.0,0.75,25.0,0.74,15.0,0.76,69.2,0.77,20.3,0.01,0.01,2315.469095,1776359235000
1776359237.435,137.435,0.21,5.0,0.2,22.5,0.23,10.0,0.24,62.0,0.76,20.0,0.75,20.0,0.78,100.0,0.79,30.0,0.02,0.02,2315.469095,1776359235000
1776359237.695,137.695,0.2,17.5,0.19,93.4,0.24,34.0,0.25,20.0,0.78,10.0,0.77,10.0,0.8,17.5,0.81,93.4,0.04,0.02,2315.469095,1776359235000
1776359238.074,138.074,0.19,98.4,0.18,214.4,0.21,5.0,0.22,10.0,0.76,34.0,0.75,20.0,0.8,17.5,0.81,93.4,0.02,0.04,2315.528764,1776359236000
1776359238.414,138.414,0.2,42.19,0.19,93.4,0.21,10.0,0.22,15.0,0.79,5.0,0.78,10.0,0.81,98.4,0.82,214.4,0.01,0.02,2315.528764,1776359236000
1776359239.041,139.041,0.2,40.94,0.19,93.4,0.21,10.0,0.22,15.0,0.79,10.0,0.78,15.0,0.8,42.19,0.81,93.4,0.01,0.01,2315.526901,1776359237000
1776359239.388,139.388,0.2,39.77,0.19,93.4,0.22,10.45,0.23,25.0,0.79,4.76,0.78,15.0,0.8,34.77,0.81,93.4,0.02,0.01,2315.303109,1776359238000
1776359240.145,140.145,0.2,50.27,0.19,93.4,0.21,4.76,0.22,10.45,0.78,10.45,0.77,25.0,0.8,39.77,0.81,93.4,0.01,0.02,2315.303109,1776359238000
1776359240.485,140.485,0.2,64.02,0.19,93.4,0.22,9.99,0.23,25.0,0.79,4.76,0.78,10.45,0.8,44.02,0.81,93.4,0.02,0.01,2315.235853,1776359239000
1776359241.026,141.026,0.18,50.0,0.17,10.0,0.21,10.0,0.22,29.99,0.78,9.99,0.77,25.0,0.8,64.02,0.81,93.4,0.03,0.02,2315.235853,1776359239000
1776359241.247,141.247,0.15,28.1,0.14,29.9,0.21,79.0,0.22,179.99,0.79,10.0,0.78,29.99,0.82,50.0,0.83,10.0,0.06,0.03,2315.235853,1776359239000
1776359241.615,141.615,0.17,18.0,0.16,50.0,0.19,5.11,0.21,57.0,0.79,79.0,0.78,179.99,0.85,28.1,0.86,29.9,0.02,0.06,2315.235853,1776359239000
1776359241.901,141.901,0.17,15.6,0.16,111.58,0.18,10.0,0.19,30.0,0.81,10.0,0.79,20.0,0.84,111.58,0.85,28.1,0.01,0.03,2315.11275,1776359240000
1776359242.346,142.346,0.16,97.3,0.15,34.1,0.17,36.88,0.18,10.0,0.83,14.88,0.82,10.0,0.84,89.8,0.85,44.1,0.01,0.01,2315.11275,1776359240000
1776359242.844,142.844,0.16,219.52,0.15,164.1,0.17,15.0,0.18,18.0,0.83,14.82,0.82,10.0,0.84,117.3,0.85,34.1,0.01,0.01,2315.0879,1776359241000
1776359243.293,143.293,0.2,10.0,0.19,140.0,0.23,3.73,0.24,16.0,0.83,6.44,0.82,18.0,0.84,249.52,0.85,164.1,0.03,0.01,2314.756795,1776359242000
1776359243.507,143.507,0.21,127.73,0.2,7.0,0.22,15.0,0.23,8.73,0.78,15.0,0.77,8.73,0.79,129.0,0.8,7.0,0.01,0.01,2314.756795,1776359242000
1776359243.825,143.825,0.21,171.5,0.2,42.5,0.22,3.36,0.23,8.73,0.78,3.36,0.77,8.73,0.79,127.73,0.8,7.0,0.01,0.01,2314.756795,1776359242000
1776359244.473,144.473,0.22,228.32,0.21,220.5,0.23,3.73,0.24,16.0,0.77,8.73,0.76,21.0,0.78,19.14,0.79,141.5,0.01,0.01,2314.756795,1776359242000
1776359245.311,145.311,0.22,218.38,0.21,220.5,0.23,3.73,0.24,16.0,0.77,3.73,0.76,16.0,0.78,225.69,0.79,220.5,0.01,0.01,2314.93051,1776359243000
1776359245.824,145.824,0.22,39.14,0.21,105.0,0.23,75.23,0.24,16.0,0.77,3.73,0.76,16.0,0.78,218.38,0.79,220.5,0.01,0.01,2315.307004,1776359244000
1776359246.407,146.407,0.21,68.36,0.2,43.0,0.22,31.0,0.23,28.73,0.77,74.73,0.76,16.0,0.78,9.14,0.79,105.0,0.01,0.01,2315.567338,1776359245000
1776359246.879,146.879,0.21,20.92,0.2,20.5,0.22,43.0,0.23,52.23,0.78,30.0,0.77,18.73,0.79,12.19,0.8,10.0,0.01,0.01,2315.567338,1776359245000
1776359247.121,147.121,0.21,35.65,0.2,20.5,0.22,43.0,0.23,93.98,0.78,36.0,0.77,52.23,0.79,29.65,0.8,20.5,0.01,0.01,2315.567338,1776359245000
1776359247.406,147.406,0.21,35.65,0.2,20.5,0.22,43.0,0.23,93.98,0.78,43.0,0.77,93.98,0.79,35.65,0.8,20.5,0.01,0.01,2315.549247,1776359246000
1776359247.613,147.613,0.21,33.62,0.2,20.5,0.22,20.0,0.23,60.98,0.78,43.0,0.77,93.98,0.79,35.65,0.8,20.5,0.01,0.01,2315.549247,1776359246000
1776359248.884,148.884,0.21,54.33,0.2,20.5,0.22,15.0,0.23,55.48,0.78,20.0,0.77,60.98,0.79,45.35,0.8,20.5,0.01,0.01,2315.272277,1776359247000
1776359249.835,149.835,0.21,29.45,0.2,20.5,0.22,57.5,0.23,60.98,0.78,15.0,0.77,55.48,0.79,54.33,0.8,20.5,0.01,0.01,2315.222597,1776359248000
1776359250.283,150.283,0.21,144.95,0.2,148.0,0.23,50.48,0.24,30.0,0.78,57.5,0.77,60.98,0.79,29.45,0.8,20.5,0.02,0.01,2315.200486,1776359249000
1776359250.581,150.581,0.21,140.95,0.2,138.0,0.23,23.48,0.24,30.0,0.78,3.0,0.77,27.48,0.79,174.95,0.8,138.0,0.02,0.01,2315.200486,1776359249000
1776359250.815,150.815,0.22,58.5,0.21,217.2,0.23,29.13,0.24,30.0,0.77,23.48,0.76,30.0,0.78,10.0,0.79,158.5,0.01,0.01,2315.200486,1776359249000
1776359251.019,151.019,0.22,136.5,0.21,217.2,0.23,10.43,0.24,30.0,0.77,24.78,0.76,30.0,0.78,58.5,0.79,217.2,0.01,0.01,2315.200486,1776359249000
1776359251.297,151.297,0.22,159.75,0.21,217.2,0.23,6.08,0.24,30.0,0.77,6.08,0.76,30.0,0.78,136.5,0.79,217.2,0.01,0.01,2315.200486,1776359249000
1776359251.558,151.558,0.22,97.75,0.21,301.02,0.23,6.08,0.24,30.0,0.77,6.08,0.76,30.0,0.78,159.75,0.79,217.2,0.01,0.01,2315.252248,1776359250000
1776359252.77,152.77,0.21,137.0,0.2,22.5,0.22,10.0,0.23,88.58,0.77,6.08,0.76,30.0,0.78,72.75,0.79,301.02,0.01,0.01,2315.462633,1776359251000
1776359253.043,153.043,0.21,9.0,0.19,10.5,0.22,114.5,0.23,156.58,0.78,92.5,0.77,141.58,0.79,59.0,0.82,34.9,0.01,0.01,2315.521256,1776359252000
1776359253.519,153.519,0.19,7.09,0.18,34.9,0.2,33.0,0.21,20.5,0.78,77.5,0.77,126.58,0.81,8.33,0.82,34.9,0.01,0.03,2315.521256,1776359252000
1776359254.277,154.277,0.18,44.9,0.17,170.0,0.19,19.73,0.2,43.5,0.8,33.0,0.79,20.5,0.81,2.09,0.82,34.9,0.01,0.01,2315.488737,1776359253000
1776359254.641,154.641,0.18,29.4,0.17,170.0,0.19,25.73,0.2,49.75,0.81,19.73,0.8,49.75,0.82,40.02,0.83,170.0,0.01,0.01,2315.488737,1776359253000
1776359255.536,155.536,0.18,153.9,0.17,195.0,0.21,7.39,0.22,32.5,0.81,25.73,0.8,49.75,0.82,29.4,0.83,170.0,0.03,0.01,2315.298586,1776359254000
1776359256.219,156.219,0.19,173.43,0.18,79.9,0.21,2.39,0.22,22.0,0.8,10.0,0.79,37.89,0.81,44.03,0.82,109.9,0.02,0.01,2315.298586,1776359254000
1776359256.935,156.935,0.21,192.84,0.2,186.0,0.22,10.0,0.23,6.08,0.79,2.39,0.78,22.0,0.81,173.43,0.82,79.9,0.01,0.02,2315.18882,1776359255000
1776359257.558,157.558,0.2,72.0,0.19,5.0,0.21,67.5,0.22,36.5,0.78,10.0,0.77,6.08,0.79,192.84,0.8,186.0,0.01,0.01,2314.980655,1776359256000
1776359259.023,159.023,0.18,58.18,0.17,205.0,0.21,99.5,0.22,87.65,0.79,77.5,0.78,36.5,0.8,67.0,0.81,5.0,0.03,0.01,2315.22835,1776359257000
1776359260.9,160.9,0.15,218.6,0.14,65.4,0.16,2.74,0.17,106.5,0.79,99.5,0.78,87.65,0.82,58.18,0.83,205.0,0.01,0.03,2315.318162,1776359259000
1776359261.319,161.319,0.15,132.21,0.14,39.9,0.16,124.24,0.17,75.5,0.84,2.74,0.83,106.5,0.85,218.6,0.86,65.4,0.01,0.01,2315.318162,1776359259000
1776359261.758,161.758,0.13,50.0,0.12,190.09,0.16,346.24,0.17,179.5,0.84,124.24,0.83,75.5,0.85,132.21,0.86,39.9,0.03,0.01,2315.130095,1776359260000
1776359262.167,162.167,0.13,18.0,0.12,37.81,0.16,169.05,0.17,135.5,0.84,292.24,0.83,145.5,0.88,37.81,0.89,46.79,0.03,0.04,2314.937094,1776359261000
1776359262.474,162.474,0.15,10.0,0.14,45.0,0.16,3.75,0.17,35.5,0.84,169.05,0.83,135.5,0.87,11.2,0.88,37.81,0.01,0.03,2314.937094,1776359261000
1776359263.048,163.048,0.15,15.0,0.14,25.0,0.16,24.25,0.17,35.5,0.84,10.0,0.83,35.5,0.85,31.85,0.86,45.0,0.01,0.01,2314.937094,1776359261000
1776359263.357,163.357,0.15,70.5,0.14,60.5,0.17,15.0,0.18,40.0,0.84,24.25,0.83,35.5,0.85,15.0,0.86,25.0,0.02,0.01,2314.572309,1776359262000
1776359263.822,163.822,0.16,70.0,0.15,60.0,0.17,12.85,0.18,45.5,0.83,15.0,0.82,40.0,0.85,70.5,0.86,60.5,0.01,0.02,2314.572309,1776359262000
1776359268.012,168.012,0.15,20.0,0.14,20.0,0.16,99.5,0.17,49.5,0.83,22.96,0.82,50.5,0.84,30.0,0.85,60.5,0.01,0.01,2314.73845,1776359266000
1776359271.231,171.231,0.14,10.0,0.13,10.0,0.15,47.83,0.16,226.92,0.84,99.5,0.83,49.5,0.85,20.0,0.86,20.0,0.01,0.01,2314.488095,1776359270000
1776359271.698,171.698,0.13,10.0,0.12,12.81,0.14,3.35,0.15,163.5,0.85,47.83,0.84,226.92,0.86,10.0,0.87,10.0,0.01,0.01,2314.488095,1776359270000
1776359272.676,172.676,0.13,7.7,0.12,12.81,0.14,196.35,0.15,175.5,0.86,3.35,0.85,163.5,0.87,10.0,0.88,12.81,0.01,0.01,2314.48838,1776359271000
1776359272.885,172.885,0.13,6.32,0.12,12.81,0.14,196.35,0.15,175.5,0.86,196.35,0.85,175.5,0.87,7.7,0.88,12.81,0.01,0.01,2314.48838,1776359271000
1776359274.055,174.055,0.12,12.81,0.11,10.0,0.14,287.35,0.15,190.5,0.86,196.35,0.85,175.5,0.87,6.32,0.88,12.81,0.02,0.01,2314.42157,1776359272000
1776359274.292,174.292,0.11,1.16,0.1,90.0,0.13,198.5,0.14,265.35,0.86,287.35,0.85,190.5,0.88,12.81,0.89,10.0,0.02,0.02,2314.42157,1776359272000
1776359274.758,174.758,0.1,86.82,0.09,65.0,0.12,217.54,0.13,188.5,0.87,198.5,0.86,265.35,0.89,1.16,0.9,90.0,0.02,0.02,2314.23795,1776359273000
1776359275.05,175.05,0.1,68.8,0.09,21.0,0.11,218.47,0.12,175.5,0.89,218.47,0.88,175.5,0.9,73.8,0.91,21.0,0.01,0.01,2314.268636,1776359274000
1776359276.543,176.543,0.09,24.04,0.08,206.9,0.11,161.97,0.12,121.0,0.89,206.47,0.88,175.5,0.9,65.8,0.91,21.0,0.02,0.01,2314.109207,1776359275000
1776359276.967,176.967,0.09,25.72,0.08,206.9,0.1,141.91,0.11,129.0,0.89,161.97,0.88,121.0,0.91,18.04,0.92,206.9,0.01,0.02,2314.109207,1776359275000
1776359278.068,178.068,0.09,48.07,0.08,206.9,0.1,10.91,0.11,110.0,0.9,141.91,0.89,129.0,0.91,25.72,0.92,206.9,0.01,0.01,2313.97275,1776359276000
1776359278.282,178.282,0.09,88.42,0.08,206.9,0.1,10.91,0.12,105.0,0.9,10.91,0.89,110.0,0.91,28.07,0.92,206.9,0.01,0.01,2313.97275,1776359276000
1776359278.606,178.606,0.08,161.28,0.07,159.3,0.1,15.91,0.11,5.0,0.9,15.91,0.88,114.0,0.91,81.77,0.92,206.9,0.02,0.01,2313.914694,1776359277000
1776359279.278,179.278,0.08,55.36,0.07,159.3,0.09,11.84,0.1,5.0,0.9,21.35,0.89,114.0,0.92,136.28,0.93,159.3,0.01,0.02,2313.926005,1776359278000
1776359279.481,179.481,0.08,44.46,0.07,159.3,0.09,11.84,0.1,10.0,0.91,11.84,0.9,10.0,0.92,49.36,0.93,159.3,0.01,0.01,2313.926005,1776359278000
1776359279.7,179.7,0.08,30.82,0.07,159.3,0.09,16.84,0.1,16.0,0.91,16.84,0.9,16.0,0.92,32.46,0.93,159.3,0.01,0.01,2313.926005,1776359278000
1776359279.952,179.952,0.08,9.14,0.07,159.3,0.09,16.84,0.1,21.0,0.91,16.84,0.9,21.0,0.92,10.78,0.93,159.3,0.01,0.01,2313.926005,1776359278000
1776359280.362,180.362,0.07,103.88,0.06,149.8,0.09,21.84,0.1,21.0,0.91,16.84,0.9,21.0,0.92,1.51,0.93,159.3,0.02,0.01,2314.047546,1776359279000
1776359280.906,180.906,0.08,9.5,0.07,38.72,0.09,14.61,0.1,21.0,0.91,9.61,0.9,21.0,0.92,14.56,0.93,38.72,0.01,0.01,2314.047546,1776359279000
1776359283.023,183.023,0.08,8.41,0.07,35.0,0.09,165.17,0.1,129.0,0.91,14.61,0.9,21.0,0.92,9.5,0.93,38.72,0.01,0.01,2314.035939,1776359281000
1776359283.664,183.664,0.07,5.0,0.06,81.0,0.08,8.59,0.09,308.17,0.92,8.59,0.91,165.17,0.93,35.0,0.94,81.0,0.01,0.01,2314.036161,1776359282000
1776359283.938,183.938,0.06,75.94,0.05,95.0,0.08,342.17,0.09,422.67,0.92,108.59,0.91,330.17,0.94,81.0,0.95,95.0,0.02,0.02,2314.036161,1776359282000
1776359284.705,184.705,0.06,2.23,0.05,219.0,0.07,169.88,0.08,342.67,0.93,7.0,0.92,342.17,0.94,62.87,0.95,95.0,0.01,0.01,2314.036161,1776359283000
1776359284.91,184.91,0.06,4.69,0.05,219.0,0.07,179.88,0.08,347.67,0.93,179.88,0.92,347.67,0.95,219.0,0.96,235.0,0.01,0.02,2314.036161,1776359283000
1776359285.948,185.948,0.05,39.78,0.04,235.0,0.06,171.62,0.07,195.64,0.94,11.81,0.93,179.88,0.95,219.0,0.96,235.0,0.01,0.01,2313.36548,1776359284000
1776359286.412,186.412,0.05,54.51,0.04,235.0,0.06,27.12,0.07,215.64,0.94,171.62,0.93,195.64,0.95,39.78,0.96,235.0,0.01,0.01,2312.93252,1776359285000
1776359286.787,186.787,0.05,53.24,0.04,235.0,0.06,27.12,0.07,215.64,0.94,27.12,0.93,215.64,0.95,54.51,0.96,235.0,0.01,0.01,2312.93252,1776359285000
1776359287.194,187.194,0.05,26.11,0.04,235.0,0.06,27.12,0.07,215.64,0.94,27.12,0.93,215.64,0.95,53.24,0.96,235.0,0.01,0.01,2312.93252,1776359285000
1776359287.483,187.483,0.05,53.63,0.04,235.0,0.06,27.12,0.07,214.14,0.94,27.12,0.93,215.64,0.95,10.89,0.96,235.0,0.01,0.01,2312.96855,1776359286000
1776359288.382,188.382,0.05,9.63,0.04,235.0,0.06,124.61,0.07,214.14,0.94,27.12,0.93,214.14,0.95,53.63,0.96,235.0,0.01,0.01,2312.961572,1776359287000
1776359288.751,188.751,0.04,233.07,0.03,529.7,0.06,124.61,0.07,224.64,0.94,124.61,0.93,214.14,0.95,9.63,0.96,235.0,0.02,0.01,2312.961572,1776359287000
1776359289.889,189.889,0.05,30.0,0.04,326.87,0.06,2.61,0.07,76.14,0.94,124.61,0.93,224.64,0.96,233.07,0.97,529.7,0.01,0.02,2313.047604,1776359288000
1776359290.498,190.498,0.05,10.0,0.04,326.87,0.07,59.09,0.08,51.22,0.94,2.61,0.93,76.14,0.95,30.0,0.96,326.87,0.02,0.01,2313.067579,1776359289000
1776359291.049,191.049,0.06,18.29,0.05,8.74,0.07,65.09,0.08,51.22,0.93,59.09,0.92,51.22,0.95,8.74,0.96,326.87,0.01,0.02,2313.067579,1776359289000
1776359291.334,191.334,0.06,42.68,0.05,8.74,0.07,54.09,0.08,46.22,0.93,65.09,0.92,51.22,0.94,18.29,0.95,8.74,0.01,0.01,2313.239523,1776359290000
1776359291.553,191.553,0.06,69.59,0.05,8.74,0.07,54.09,0.08,32.63,0.93,54.09,0.92,32.63,0.94,74.59,0.95,8.74,0.01,0.01,2313.239523,1776359290000
1776359291.991,191.991,0.05,89.54,0.04,356.87,0.06,65.0,0.07,50.09,0.93,35.09,0.92,32.63,0.94,51.0,0.95,8.74,0.01,0.01,2313.327284,1776359291000
1776359292.211,192.211,0.05,149.54,0.04,356.87,0.06,48.33,0.07,50.09,0.94,65.0,0.93,50.09,0.95,89.54,0.96,356.87,0.01,0.01,2313.327284,1776359291000
1776359292.842,192.842,0.05,214.54,0.04,356.87,0.06,45.33,0.07,45.09,0.94,48.33,0.93,50.09,0.95,149.54,0.96,356.87,0.01,0.01,2313.327284,1776359291000
1776359294.035,194.035,0.06,236.8,0.05,272.85,0.07,42.09,0.08,37.63,0.93,45.09,0.92,37.63,0.95,234.54,0.96,356.87,0.01,0.02,2313.401362,1776359292000
1776359294.437,194.437,0.06,236.8,0.05,272.85,0.07,23.09,0.08,37.63,0.93,42.09,0.92,37.63,0.94,236.8,0.95,272.85,0.01,0.01,2313.94243,1776359293000
1776359294.704,194.704,0.06,372.48,0.05,272.85,0.07,13.09,0.08,37.63,0.93,23.09,0.92,37.63,0.94,236.8,0.95,272.85,0.01,0.01,2313.94243,1776359293000
1776359295.045,195.045,0.06,192.48,0.05,272.85,0.08,17.63,0.09,15.61,0.92,17.63,0.91,45.61,0.94,312.48,0.95,272.85,0.02,0.02,2313.94243,1776359293000
1776359296.359,196.359,0.06,144.2,0.05,139.54,0.07,38.7,0.08,22.63,0.92,17.63,0.91,15.61,0.94,164.8,0.95,272.85,0.01,0.02,2314.369364,1776359294000
1776359296.695,196.695,0.06,110.2,0.05,139.54,0.07,82.7,0.08,22.63,0.93,38.7,0.92,22.63,0.94,144.2,0.95,139.54,0.01,0.01,2314.46464,1776359295000
1776359297.288,197.288,0.07,130.24,0.06,135.2,0.08,17.63,0.09,15.61,0.93,17.27,0.92,22.63,0.94,110.2,0.95,139.54,0.01,0.01,2314.278178,1776359296000
1776359297.691,197.691,0.07,116.3,0.06,135.2,0.11,11.14,0.12,70.0,0.92,14.63,0.91,15.61,0.93,135.24,0.94,135.2,0.04,0.01,2314.278178,1776359296000
1776359298.558,198.558,0.11,58.16,0.1,120.5,0.12,55.0,0.13,51.0,0.89,11.14,0.88,70.0,0.93,116.3,0.94,135.2,0.01,0.04,2314.25339,1776359297000
1776359298.959,198.959,0.11,70.92,0.1,120.5,0.12,20.0,0.13,51.0,0.88,55.0,0.87,51.0,0.89,58.16,0.9,120.5,0.01,0.01,2314.324505,1776359298000
1776359299.16,199.16,0.1,113.26,0.09,84.0,0.12,20.0,0.13,51.0,0.88,20.0,0.87,51.0,0.89,70.92,0.9,120.5,0.02,0.01,2314.324505,1776359298000
1776359302.843,202.843,0.11,31.66,0.1,345.26,0.13,26.0,0.14,40.0,0.88,20.0,0.87,51.0,0.9,113.26,0.91,84.0,0.02,0.02,2315.309468,1776359301000
1776359303.321,203.321,0.12,96.5,0.11,123.2,0.13,2.0,0.15,10.0,0.87,8.0,0.86,10.0,0.88,7.0,0.89,96.7,0.01,0.01,2315.346477,1776359302000
1776359304.327,204.327,0.15,151.02,0.14,234.9,0.16,40.0,0.17,10.0,0.85,10.0,0.84,40.0,0.87,8.0,0.88,96.5,0.01,0.02,2315.32442,1776359303000
1776359304.796,204.796,0.15,98.9,0.14,255.4,0.16,20.0,0.17,10.0,0.84,40.0,0.83,10.0,0.85,151.02,0.86,234.9,0.01,0.01,2315.32442,1776359303000
1776359305.128,205.128,0.15,50.7,0.14,260.4,0.16,32.0,0.17,20.0,0.84,20.0,0.83,10.0,0.85,98.9,0.86,255.4,0.01,0.01,2315.32442,1776359303000
1776359305.927,205.927,0.15,11.32,0.14,260.4,0.16,20.0,0.17,20.0,0.84,32.0,0.83,20.0,0.85,50.7,0.86,260.4,0.01,0.01,2315.31956,1776359304000
1776359306.515,206.515,0.15,43.9,0.14,260.4,0.16,20.0,0.17,15.0,0.84,20.0,0.83,20.0,0.85,11.32,0.86,260.4,0.01,0.01,2315.416167,1776359305000
1776359307.828,207.828,0.15,3.57,0.14,70.0,0.16,157.35,0.17,25.5,0.84,20.0,0.83,15.0,0.85,43.9,0.86,260.4,0.01,0.01,2315.501675,1776359306000
1776359308.176,208.176,0.12,117.0,0.11,106.41,0.13,36.5,0.14,79.5,0.84,157.35,0.83,25.5,0.85,1.57,0.86,70.0,0.01,0.01,2315.501675,1776359306000
1776359308.378,208.378,0.12,100.0,0.11,106.41,0.13,64.26,0.14,60.5,0.87,36.5,0.86,79.5,0.88,117.0,0.89,106.41,0.01,0.01,2315.37955,1776359307000
1776359309.09,209.09,0.11,10.91,0.1,150.0,0.12,50.16,0.13,51.5,0.87,64.26,0.86,60.5,0.88,100.0,0.89,106.41,0.01,0.01,2315.37955,1776359307000
1776359309.48,209.48,0.11,10.91,0.1,140.0,0.12,33.82,0.13,56.5,0.88,50.16,0.87,51.5,0.89,10.91,0.9,150.0,0.01,0.01,2315.35355,1776359308000
1776359310.187,210.187,0.1,70.0,0.09,9.84,0.12,50.82,0.13,174.5,0.88,33.82,0.87,56.5,0.89,10.91,0.9,140.0,0.02,0.01,2315.298815,1776359309000
1776359311.221,211.221,0.09,3.7,0.08,75.0,0.1,25.5,0.11,80.5,0.88,50.82,0.87,174.5,0.9,70.0,0.91,9.84,0.01,0.02,2315.298815,1776359309000
1776359312.636,212.636,0.09,58.95,0.08,88.9,0.1,12.0,0.11,60.0,0.9,25.5,0.89,80.5,0.91,3.7,0.92,75.0,0.01,0.01,2314.608113,1776359311000
1776359312.912,212.912,0.09,14.91,0.08,83.9,0.1,34.0,0.11,114.2,0.9,9.0,0.89,60.0,0.91,37.0,0.92,83.9,0.01,0.01,2314.608113,1776359311000
1776359313.24,213.24,0.09,9.0,0.07,35.0,0.1,64.5,0.11,114.2,0.9,34.0,0.89,114.2,0.91,14.91,0.92,83.9,0.01,0.01,2314.57466,1776359312000
1776359313.508,213.508,0.07,35.0,0.06,130.2,0.08,8.0,0.09,30.5,0.9,64.5,0.89,114.2,0.91,4.0,0.93,35.0,0.01,0.01,2314.57466,1776359312000
1776359314.093,214.093,0.07,35.0,0.06,130.2,0.08,4.29,0.09,30.5,0.92,8.0,0.91,30.5,0.93,35.0,0.94,130.2,0.01,0.01,2314.57466,1776359312000
1776359315.086,215.086,0.06,80.2,0.05,139.54,0.08,29.79,0.09,25.5,0.92,4.29,0.91,30.5,0.93,29.67,0.94,130.2,0.02,0.01,2314.558405,1776359314000
1776359316.875,216.875,0.06,80.07,0.05,63.74,0.07,10.0,0.08,14.29,0.92,29.79,0.91,25.5,0.94,80.2,0.95,139.54,0.01,0.02,2314.49661,1776359315000
1776359320.695,220.695,0.06,10.0,0.05,63.74,0.07,5.71,0.08,24.79,0.93,10.0,0.92,14.29,0.94,80.07,0.95,63.74,0.01,0.01,2314.48855,1776359319000
1776359321.495,221.495,0.06,13.93,0.05,63.74,0.07,5.71,0.08,24.79,0.93,5.71,0.92,24.79,0.94,10.0,0.95,63.74,0.01,0.01,2314.48855,1776359319000
1776359322.067,222.067,0.06,11.79,0.05,63.74,0.07,5.71,0.08,24.79,0.93,20.71,0.92,24.79,0.94,7.86,0.95,63.74,0.01,0.01,2314.459422,1776359320000
1776359323.307,223.307,0.06,5.0,0.05,63.74,0.07,10.71,0.08,124.79,0.93,5.71,0.92,24.79,0.94,11.79,0.95,63.74,0.01,0.01,2314.483407,1776359321000
1776359324.013,224.013,0.05,7.1,0.04,476.87,0.07,10.71,0.08,124.79,0.93,10.71,0.92,124.79,0.94,5.0,0.95,63.74,0.02,0.01,2314.37435,1776359323000
1776359327.27,227.27,0.04,254.76,0.03,679.7,0.06,20.0,0.07,116.21,0.93,10.71,0.92,124.79,0.95,7.1,0.96,476.87,0.02,0.02,2314.436814,1776359326000
1776359327.754,227.754,0.04,242.26,0.03,679.7,0.05,25.0,0.06,30.5,0.94,20.0,0.93,116.21,0.96,254.76,0.97,679.7,0.01,0.02,2314.436814,1776359326000
1776359328.405,228.405,0.04,230.8,0.03,679.7,0.05,42.0,0.06,20.0,0.95,25.0,0.94,30.5,0.96,242.26,0.97,679.7,0.01,0.01,2314.416409,1776359327000
1776359331.416,231.416,0.04,219.34,0.03,256.0,0.05,59.21,0.06,185.5,0.95,42.0,0.94,20.0,0.96,230.8,0.97,679.7,0.01,0.01,2314.362163,1776359330000
1776359331.961,231.961,0.04,218.29,0.03,379.7,0.05,51.21,0.06,20.0,0.95,54.21,0.94,25.0,0.96,218.29,0.97,256.0,0.01,0.01,2314.362163,1776359330000
1776359336.26,236.26,0.04,207.99,0.03,779.7,0.05,56.21,0.06,120.0,0.95,51.21,0.94,20.0,0.96,218.29,0.97,379.7,0.01,0.01,2314.386965,1776359334000
1776359337.266,237.266,0.04,202.78,0.03,779.7,0.05,76.21,0.06,130.5,0.95,56.21,0.94,120.0,0.96,207.99,0.97,779.7,0.01,0.01,2314.4243,1776359335000
1776359338.699,238.699,0.03,241.0,0.02,761.36,0.04,15.0,0.05,66.21,0.95,76.21,0.94,130.5,0.96,202.78,0.97,779.7,0.01,0.01,2314.49985,1776359337000
1776359339.535,239.535,0.03,226.35,0.02,1061.36,0.05,56.61,0.06,186.25,0.96,15.0,0.95,66.21,0.97,226.35,0.98,761.36,0.02,0.01,2314.486648,1776359338000
1776359340.064,240.064,0.03,151.35,0.02,1061.36,0.05,61.61,0.06,186.25,0.95,56.61,0.94,186.25,0.97,226.35,0.98,1061.36,0.02,0.02,2314.322163,1776359339000
1776359340.583,240.583,0.04,3.88,0.03,151.35,0.05,56.61,0.06,75.75,0.95,61.61,0.94,186.25,0.97,151.35,0.98,1061.36,0.01,0.02,2314.322163,1776359339000
1776359340.792,240.792,0.03,124.8,0.02,761.36,0.04,5.0,0.05,64.61,0.95,64.61,0.94,88.75,0.97,136.15,0.98,761.36,0.01,0.02,2314.322163,1776359339000
1776359341.907,241.907,0.04,28.0,0.03,24.8,0.05,59.61,0.06,33.75,0.96,5.0,0.95,64.61,0.97,124.8,0.98,761.36,0.01,0.01,2314.394113,1776359340000
1776359342.476,242.476,0.03,145.42,0.02,1361.36,0.05,59.61,0.06,33.75,0.95,64.61,0.94,33.75,0.96,17.73,0.97,148.5,0.02,0.01,2314.461754,1776359341000
1776359342.744,242.744,0.04,10.0,0.03,145.42,0.06,27.08,0.07,13.71,0.95,19.61,0.94,38.75,0.97,145.42,0.98,1361.36,0.02,0.02,2314.461754,1776359341000
1776359343.017,243.017,0.05,34.0,0.04,10.0,0.06,25.75,0.07,8.71,0.94,27.08,0.93,13.71,0.96,10.0,0.97,145.42,0.01,0.02,2314.461754,1776359341000
1776359343.489,243.489,0.04,5.0,0.03,145.42,0.05,32.0,0.06,40.75,0.94,25.75,0.93,13.71,0.95,22.74,0.96,103.8,0.01,0.01,2314.508142,1776359342000
1776359343.746,243.746,0.03,145.36,0.02,761.36,0.05,15.0,0.06,35.75,0.95,32.0,0.94,40.75,0.96,5.0,0.97,145.42,0.02,0.01,2314.508142,1776359342000
1776359344.383,244.383,0.05,24.0,0.04,10.0,0.06,22.75,0.07,8.71,0.95,15.0,0.94,35.75,0.97,145.36,0.98,761.36,0.01,0.02,2314.587044,1776359343000
1776359345.307,245.307,0.04,98.65,0.03,145.36,0.05,10.0,0.06,22.75,0.94,22.75,0.93,8.71,0.95,19.0,0.96,10.0,0.01,0.01,2314.819182,1776359344000
1776359345.517,245.517,0.02,636.81,0.01,4728.97,0.05,10.0,0.06,22.75,0.95,10.0,0.94,22.75,0.96,90.57,0.97,145.36,0.03,0.01,2314.819182,1776359344000
1776359346.12,246.12,0.02,620.15,0.01,4728.97,0.03,20.27,0.04,10.0,0.95,10.0,0.94,22.75,0.98,636.81,0.99,4728.97,0.01,0.03,2314.819182,1776359344000
1776359346.463,246.463,0.02,620.15,0.01,4828.97,0.03,9.88,0.04,10.0,0.97,20.27,0.96,10.0,0.98,620.15,0.99,4728.97,0.01,0.01,2314.847693,1776359345000
1776359346.918,246.918,0.03,346.47,0.02,591.36,0.06,26.08,0.07,13.71,0.96,10.0,0.95,10.0,0.97,46.47,0.98,528.11,0.03,0.01,2314.847693,1776359345000
1776359347.205,247.205,0.03,741.36,0.02,607.66,0.04,10.0,0.05,83.68,0.94,26.08,0.93,13.71,0.97,346.47,0.98,591.36,0.01,0.03,2314.847693,1776359345000
1776359347.442,247.442,0.03,724.86,0.02,607.66,0.04,10.0,0.05,83.68,0.96,10.0,0.95,83.68,0.97,736.21,0.98,607.66,0.01,0.01,2314.935623,1776359346000
1776359347.773,247.773,0.03,720.86,0.02,607.66,0.04,10.0,0.05,83.68,0.96,10.0,0.95,83.68,0.97,724.86,0.98,607.66,0.01,0.01,2314.935623,1776359346000
1776359349.525,249.525,0.03,669.32,0.02,607.66,0.04,15.0,0.05,113.68,0.96,10.0,0.95,83.68,0.97,720.86,0.98,607.66,0.01,0.01,2314.906635,1776359348000
1776359350.456,250.456,0.03,669.32,0.02,607.66,0.05,96.68,0.06,26.08,0.96,15.0,0.95,113.68,0.97,669.32,0.98,607.66,0.02,0.01,2314.912352,1776359349000
1776359350.984,250.984,0.04,43.0,0.03,56.47,0.05,81.68,0.06,11.08,0.95,96.68,0.94,26.08,0.97,669.32,0.98,607.66,0.01,0.02,2314.912352,1776359349000
1776359351.187,251.187,0.04,168.0,0.03,156.47,0.05,57.45,0.06,11.08,0.95,61.68,0.94,11.08,0.96,168.0,0.97,156.47,0.01,0.01,2314.912352,1776359349000
1776359351.401,251.401,0.07,28.0,0.06,27.0,0.1,15.71,0.11,43.7,0.9,18.71,0.89,48.7,0.94,27.0,0.95,10.0,0.03,0.04,2314.859169,1776359350000
1776359351.616,251.616,0.09,66.69,0.08,40.0,0.1,0.71,0.11,43.7,0.9,0.71,0.89,43.7,0.91,68.01,0.92,40.0,0.01,0.01,2314.859169,1776359350000
1776359352.032,252.032,0.1,14.94,0.09,40.0,0.11,31.61,0.12,20.0,0.89,31.61,0.88,20.0,0.91,58.0,0.92,65.0,0.01,0.02,2314.859169,1776359350000
1776359352.916,252.916,0.1,10.0,0.09,40.0,0.11,26.63,0.12,20.0,0.89,31.61,0.88,20.0,0.9,6.16,0.91,40.0,0.01,0.01,2314.9215,1776359351000
1776359353.77,253.77,0.1,74.0,0.09,10.0,0.11,13.63,0.13,20.0,0.89,26.63,0.88,20.0,0.9,10.0,0.91,40.0,0.01,0.01,2315.294696,1776359352000
1776359354.013,254.013,0.11,63.96,0.1,10.0,0.14,10.0,0.15,10.0,0.87,20.0,0.86,10.0,0.89,53.96,0.9,20.0,0.03,0.02,2315.294696,1776359352000
1776359354.955,254.955,0.13,88.0,0.12,10.0,0.14,5.0,0.18,10.0,0.86,10.0,0.85,10.0,0.89,62.27,0.9,10.0,0.01,0.03,2315.72005,1776359353000
1776359355.352,255.352,0.16,53.53,0.15,10.0,0.18,10.0,0.19,10.0,0.82,10.0,0.81,85.0,0.84,45.0,0.87,110.0,0.02,0.02,2315.72005,1776359353000
1776359355.595,255.595,0.17,111.89,0.16,20.0,0.18,11.0,0.19,10.0,0.82,4.0,0.81,10.0,0.83,57.97,0.84,20.0,0.01,0.01,2315.825761,1776359354000
1776359355.854,255.854,0.18,30.89,0.17,10.0,0.19,10.0,0.2,10.0,0.79,70.0,0.78,170.0,0.82,7.9,0.83,10.0,0.01,0.03,2315.825761,1776359354000
1776359356.27,256.27,0.21,100.87,0.2,10.0,0.22,27.0,0.23,60.0,0.8,1.92,0.79,20.0,0.82,28.44,0.83,10.0,0.01,0.02,2316.042682,1776359355000
1776359356.496,256.496,0.18,80.34,0.17,30.0,0.19,10.0,0.2,10.0,0.78,20.0,0.77,70.0,0.79,60.71,0.82,100.0,0.01,0.01,2316.042682,1776359355000
1776359356.802,256.802,0.16,90.0,0.15,10.0,0.18,3.41,0.19,10.0,0.82,10.41,0.81,10.0,0.84,70.0,0.85,10.0,0.02,0.02,2316.042682,1776359355000
1776359357.032,257.032,0.19,70.0,0.18,80.0,0.21,10.0,0.22,10.0,0.78,10.0,0.77,10.0,0.84,90.0,0.85,10.0,0.02,0.06,2316.042682,1776359355000
1776359357.543,257.543,0.19,10.0,0.18,10.0,0.2,5.0,0.24,75.0,0.8,5.1,0.79,10.0,0.81,58.83,0.82,80.0,0.01,0.01,2316.31846,1776359356000
1776359357.877,257.877,0.26,58.81,0.25,10.0,0.27,45.0,0.28,80.0,0.8,5.0,0.76,75.0,0.81,10.0,0.82,10.0,0.01,0.01,2316.31846,1776359356000
1776359358.394,258.394,0.28,99.0,0.27,10.0,0.31,60.0,0.32,200.0,0.73,45.0,0.72,80.0,0.74,58.81,0.75,10.0,0.03,0.01,2316.397482,1776359357000
1776359358.673,258.673,0.31,8.55,0.3,84.0,0.32,180.0,0.33,100.0,0.69,60.0,0.68,200.0,0.72,99.0,0.73,10.0,0.01,0.03,2316.397482,1776359357000
1776359358.89,258.89,0.31,85.23,0.3,60.0,0.32,155.0,0.33,100.0,0.68,155.0,0.67,100.0,0.69,25.55,0.7,84.0,0.01,0.01,2316.397482,1776359357000
1776359359.138,259.138,0.31,65.55,0.3,60.0,0.32,155.0,0.33,100.0,0.68,155.0,0.67,100.0,0.69,67.55,0.7,60.0,0.01,0.01,2316.397482,1776359357000
1776359359.484,259.484,0.31,60.55,0.3,35.0,0.32,112.0,0.33,100.0,0.68,155.0,0.67,100.0,0.69,65.55,0.7,60.0,0.01,0.01,2316.563579,1776359358000
1776359360.45,260.45,0.31,232.6,0.3,10.0,0.36,50.0,0.37,60.0,0.68,112.0,0.67,100.0,0.69,60.55,0.7,35.0,0.05,0.01,2316.913675,1776359359000
1776359360.859,260.859,0.36,78.71,0.35,32.0,0.39,16.0,0.42,25.0,0.64,50.0,0.63,60.0,0.69,230.86,0.7,10.0,0.03,0.05,2316.913675,1776359359000
1776359361.062,261.062,0.38,45.0,0.37,10.0,0.42,25.0,0.46,165.0,0.61,26.87,0.58,25.0,0.62,67.0,0.63,10.0,0.04,0.01,2316.913675,1776359359000
1776359361.307,261.307,0.38,10.0,0.36,35.0,0.39,10.0,0.4,10.0,0.58,25.0,0.54,165.0,0.59,4.91,0.6,80.0,0.01,0.01,2316.929241,1776359360000
1776359361.538,261.538,0.37,0.14,0.36,35.0,0.38,15.0,0.39,15.0,0.61,23.19,0.6,10.0,0.63,5.14,0.64,35.0,0.01,0.02,2316.929241,1776359360000
1776359361.776,261.776,0.35,70.0,0.34,10.0,0.36,96.77,0.37,25.0,0.62,15.0,0.61,15.0,0.63,0.14,0.64,35.0,0.01,0.01,2316.929241,1776359360000
1776359362.047,262.047,0.35,12.65,0.34,20.0,0.36,74.2,0.37,5.0,0.64,96.77,0.63,25.0,0.65,70.0,0.66,10.0,0.01,0.01,2316.929241,1776359360000
1776359362.295,262.295,0.36,16.95,0.35,21.11,0.38,25.0,0.39,5.0,0.63,5.0,0.62,25.0,0.64,6.95,0.65,31.11,0.02,0.01,2317.310058,1776359361000
1776359362.849,262.849,0.35,10.0,0.34,20.0,0.36,7.22,0.37,31.0,0.62,25.0,0.61,5.0,0.63,2.54,0.64,16.95,0.01,0.01,2317.310058,1776359361000
1776359363.102,263.102,0.35,10.0,0.34,20.0,0.36,30.88,0.37,15.0,0.64,7.22,0.63,31.0,0.65,10.0,0.66,20.0,0.01,0.01,2317.310058,1776359361000
1776359363.381,263.381,0.35,4.0,0.34,20.0,0.36,22.22,0.37,15.0,0.64,25.79,0.63,15.0,0.65,10.0,0.66,20.0,0.01,0.01,2317.310058,1776359361000
1776359363.673,263.673,0.3,64.0,0.29,105.0,0.33,15.0,0.34,28.0,0.65,5.0,0.64,67.0,0.66,10.0,0.67,10.0,0.03,0.01,2317.114134,1776359362000
1776359363.898,263.898,0.37,11.92,0.32,10.0,0.38,10.0,0.41,5.0,0.69,53.83,0.68,22.35,0.7,21.72,0.71,6.0,0.01,0.01,2317.114134,1776359362000
1776359364.158,264.158,0.37,104.0,0.36,120.0,0.38,1.85,0.39,10.0,0.62,10.0,0.61,10.0,0.64,8.26,0.65,10.0,0.01,0.02,2317.092287,1776359363000
1776359364.411,264.411,0.37,76.82,0.36,110.0,0.4,12.28,0.41,15.0,0.61,12.11,0.6,9.35,0.63,66.82,0.64,100.0,0.03,0.02,2317.092287,1776359363000
1776359364.681,264.681,0.4,18.33,0.39,7.67,0.41,15.0,0.42,115.0,0.59,10.0,0.58,115.0,0.61,7.67,0.62,10.0,0.01,0.02,2317.092287,1776359363000
1776359365.494,265.494,0.4,1.66,0.39,15.0,0.42,100.0,0.43,5.0,0.59,10.8,0.58,115.0,0.6,18.33,0.62,10.0,0.02,0.01,2317.009114,1776359364000
1776359366.769,266.769,0.46,10.87,0.45,30.12,0.51,232.0,0.52,110.0,0.58,100.0,0.57,5.0,0.61,14.66,0.62,10.0,0.05,0.03,2317.058398,1776359365000
1776359367.324,267.324,0.5,29.0,0.49,19.0,0.51,54.21,0.52,150.84,0.49,232.0,0.48,110.0,0.54,10.87,0.55,30.12,0.01,0.05,2317.116517,1776359366000
1776359367.644,267.644,0.5,9.74,0.49,89.0,0.51,39.21,0.52,150.84,0.49,54.21,0.48,150.84,0.5,29.0,0.51,19.0,0.01,0.01,2317.116517,1776359366000
1776359367.959,267.959,0.5,269.94,0.49,19.0,0.52,120.0,0.53,110.0,0.49,39.21,0.48,150.84,0.5,9.74,0.51,89.0,0.02,0.01,2317.116517,1776359366000
1776359369.177,269.177,0.64,29.0,0.63,19.0,0.65,15.0,0.66,80.0,0.39,10.0,0.38,45.0,0.41,0.29,0.43,15.0,0.01,0.02,2317.297641,1776359368000
1776359369.512,269.512,0.65,30.0,0.64,29.0,0.66,5.0,0.67,70.0,0.35,15.0,0.34,80.0,0.36,29.0,0.37,19.0,0.01,0.01,2317.297641,1776359368000
1776359369.785,269.785,0.65,41.0,0.64,19.0,0.66,29.05,0.68,130.0,0.34,3.33,0.32,130.0,0.35,41.0,0.36,19.0,0.01,0.01,2317.297641,1776359368000
1776359370.264,270.264,0.66,56.23,0.65,28.84,0.68,26.03,0.69,150.0,0.32,126.03,0.31,175.0,0.35,15.0,0.36,19.0,0.02,0.03,2317.297641,1776359368000
1776359370.506,270.506,0.67,5.0,0.66,72.23,0.69,50.0,0.7,50.0,0.32,6.01,0.31,50.0,0.33,10.0,0.34,72.23,0.02,0.01,2317.570632,1776359369000
1776359370.999,270.999,0.69,19.0,0.68,19.0,0.7,13.26,0.71,75.0,0.31,50.0,0.3,50.0,0.33,5.0,0.34,72.23,0.01,0.02,2317.869406,1776359370000
1776359371.335,271.335,0.66,46.23,0.65,13.84,0.67,5.1,0.68,80.0,0.3,13.26,0.29,75.0,0.31,19.0,0.32,19.0,0.01,0.01,2317.869406,1776359370000
1776359371.617,271.617,0.66,35.23,0.65,13.84,0.67,181.01,0.68,86.0,0.33,41.0,0.32,86.0,0.34,35.23,0.35,13.84,0.01,0.01,2317.869406,1776359370000
1776359372.019,272.019,0.56,25.0,0.52,10.0,0.57,2.07,0.58,90.0,0.41,2.0,0.36,5.0,0.43,70.0,0.44,35.0,0.01,0.02,2317.869406,1776359370000
1776359372.376,272.376,0.52,30.0,0.51,10.0,0.54,3.88,0.55,10.0,0.43,14.99,0.42,90.0,0.44,25.0,0.48,20.0,0.02,0.01,2317.92149,1776359371000
1776359372.873,272.873,0.52,20.0,0.51,10.0,0.53,4.98,0.54,61.99,0.46,3.88,0.45,10.0,0.48,30.0,0.49,10.0,0.01,0.02,2317.92149,1776359371000
1776359373.112,273.112,0.53,7.87,0.52,20.0,0.54,43.48,0.55,32.24,0.46,49.49,0.45,32.24,0.47,10.0,0.48,20.0,0.01,0.01,2317.92149,1776359371000
1776359373.455,273.455,0.52,10.0,0.5,10.0,0.53,35.99,0.54,47.61,0.46,43.48,0.45,32.24,0.47,7.87,0.48,20.0,0.01,0.01,2317.856136,1776359372000
1776359373.759,273.759,0.37,50.0,0.36,25.0,0.4,5.0,0.41,25.0,0.47,23.11,0.46,47.61,0.48,10.0,0.5,10.0,0.03,0.01,2317.856136,1776359372000
1776359374.033,274.033,0.37,25.0,0.36,25.0,0.38,80.88,0.39,15.0,0.62,55.14,0.61,15.0,0.63,25.0,0.64,25.0,0.01,0.01,2317.764304,1776359373000
1776359374.918,274.918,0.33,67.79,0.31,5.0,0.34,15.0,0.35,15.0,0.62,61.46,0.61,15.0,0.63,25.0,0.64,25.0,0.01,0.01,2317.611241,1776359374000
1776359375.181,275.181,0.33,87.79,0.32,30.0,0.35,1.0,0.36,15.0,0.66,15.0,0.65,15.0,0.67,67.79,0.69,5.0,0.02,0.01,2317.611241,1776359374000
1776359375.42,275.42,0.34,15.0,0.33,92.79,0.37,34.15,0.38,31.46,0.65,8.14,0.64,15.0,0.66,15.0,0.67,102.79,0.03,0.01,2317.611241,1776359374000
1776359375.639,275.639,0.33,64.9,0.32,10.0,0.36,10.0,0.37,39.15,0.63,34.15,0.62,31.46,0.66,15.0,0.67,92.79,0.03,0.03,2317.611241,1776359374000
1776359376.03,276.03,0.33,57.66,0.32,10.0,0.34,10.0,0.35,29.2,0.64,10.0,0.63,39.15,0.67,64.9,0.68,10.0,0.01,0.03,2317.174369,1776359375000
1776359376.282,276.282,0.34,12.2,0.33,57.66,0.36,10.0,0.37,34.15,0.65,3.0,0.64,10.0,0.67,57.66,0.68,10.0,0.02,0.02,2317.174369,1776359375000
1776359376.501,276.501,0.33,57.66,0.32,10.0,0.36,10.0,0.37,34.15,0.64,10.0,0.63,34.15,0.66,12.2,0.67,57.66,0.03,0.02,2317.174369,1776359375000
1776359376.91,276.91,0.35,10.0,0.34,10.0,0.36,8.42,0.37,16.85,0.63,16.85,0.62,10.0,0.67,57.66,0.68,10.0,0.01,0.04,2317.174369,1776359375000
1776359377.253,277.253,0.36,17.9,0.35,24.29,0.37,16.85,0.38,10.0,0.64,2.02,0.63,16.85,0.65,10.0,0.66,10.0,0.01,0.01,2317.010587,1776359376000
1776359377.473,277.473,0.36,33.43,0.35,10.0,0.38,0.73,0.41,60.0,0.63,6.85,0.62,5.0,0.64,28.43,0.65,95.74,0.02,0.01,2317.010587,1776359376000
1776359377.734,277.734,0.4,72.53,0.39,10.0,0.41,33.75,0.42,90.0,0.59,2.75,0.58,90.0,0.6,12.5,0.64,33.43,0.01,0.01,2317.010587,1776359376000
1776359377.939,277.939,0.4,60.0,0.39,10.0,0.42,89.11,0.43,80.0,0.59,9.75,0.58,90.0,0.6,50.5,0.61,10.0,0.02,0.01,2317.010587,1776359376000
1776359378.341,278.341,0.41,40.0,0.4,35.0,0.42,26.0,0.44,25.0,0.59,10.0,0.58,89.11,0.6,26.53,0.61,20.0,0.01,0.01,2316.99308,1776359377000
1776359378.752,278.752,0.42,5.0,0.41,50.19,0.43,16.0,0.44,25.0,0.58,26.0,0.56,25.0,0.59,32.0,0.6,35.0,0.01,0.01,2316.99308,1776359377000
1776359379.074,279.074,0.42,45.47,0.41,20.0,0.43,11.0,0.44,25.0,0.57,16.0,0.56,25.0,0.58,5.0,0.59,50.19,0.01,0.01,2317.084553,1776359378000
1776359379.653,279.653,0.42,43.74,0.41,25.0,0.43,11.0,0.44,25.0,0.57,11.0,0.56,25.0,0.58,45.47,0.59,20.0,0.01,0.01,2317.084553,1776359378000
1776359380.187,280.187,0.42,11.91,0.41,25.0,0.43,11.0,0.44,25.0,0.57,11.0,0.56,25.0,0.58,43.74,0.59,25.0,0.01,0.01,2317.115538,1776359379000
1776359380.617,280.617,0.43,91.0,0.42,15.0,0.48,75.0,0.51,120.0,0.57,11.0,0.56,25.0,0.58,11.91,0.59,25.0,0.05,0.01,2317.115538,1776359379000
1776359380.876,280.876,0.47,43.73,0.46,10.0,0.48,16.9,0.51,120.0,0.52,17.0,0.49,120.0,0.53,43.73,0.54,10.0,0.01,0.01,2317.115538,1776359379000
1776359381.183,281.183,0.47,43.73,0.46,10.0,0.48,5.01,0.51,120.0,0.52,7.1,0.49,120.0,0.53,43.73,0.54,10.0,0.01,0.01,2317.178585,1776359380000
1776359381.404,281.404,0.47,32.84,0.46,10.0,0.48,15.29,0.5,10.0,0.52,1.38,0.49,120.0,0.53,33.73,0.54,10.0,0.01,0.01,2317.178585,1776359380000
1776359382.162,282.162,0.43,25.0,0.41,150.0,0.44,39.63,0.45,35.0,0.52,15.29,0.5,10.0,0.53,32.84,0.54,10.0,0.01,0.01,2317.178585,1776359380000
1776359382.439,282.439,0.35,25.0,0.33,25.0,0.36,7.22,0.38,75.0,0.56,39.63,0.55,35.0,0.57,25.0,0.59,150.0,0.01,0.01,2317.240643,1776359381000
1776359383.85,283.85,0.21,190.0,0.2,10.0,0.27,20.55,0.28,90.0,0.64,7.22,0.62,75.0,0.65,25.0,0.67,25.0,0.06,0.01,2317.347182,1776359382000
1776359384.134,284.134,0.21,54.7,0.2,10.0,0.22,31.0,0.23,15.0,0.78,15.0,0.77,15.0,0.79,177.38,0.8,10.0,0.01,0.01,2317.331094,1776359383000
1776359384.425,284.425,0.21,57.2,0.18,10.0,0.22,21.0,0.23,15.0,0.78,21.0,0.77,15.0,0.79,59.7,0.81,10.0,0.01,0.01,2317.331094,1776359383000
1776359384.638,284.638,0.21,51.22,0.18,10.0,0.22,21.0,0.23,15.0,0.78,21.0,0.77,15.0,0.79,53.4,0.82,10.0,0.01,0.01,2317.331094,1776359383000
1776359384.863,284.863,0.17,10.0,0.16,60.0,0.18,20.64,0.19,25.0,0.78,36.0,0.77,15.0,0.79,0.58,0.82,10.0,0.01,0.01,2317.331094,1776359383000
1776359385.171,285.171,0.17,5.79,0.16,10.0,0.18,85.64,0.19,15.0,0.82,45.64,0.81,5.0,0.83,7.0,0.84,60.0,0.01,0.01,2317.09555,1776359384000
1776359385.835,285.835,0.17,5.79,0.16,10.0,0.18,59.52,0.19,85.0,0.82,69.08,0.81,15.0,0.83,5.79,0.84,10.0,0.01,0.01,2317.09555,1776359384000
1776359386.165,286.165,0.15,15.15,0.14,120.0,0.18,23.02,0.19,85.0,0.82,59.52,0.81,85.0,0.85,15.15,0.86,120.0,0.03,0.03,2316.79264,1776359385000
1776359387.131,287.131,0.15,5.15,0.14,60.0,0.16,17.93,0.17,10.0,0.82,20.17,0.81,80.0,0.83,2.68,0.84,7.85,0.01,0.01,2316.72168,1776359386000
1776359388.248,288.248,0.12,5.15,0.11,10.0,0.16,17.0,0.17,10.0,0.84,17.93,0.83,10.0,0.85,5.15,0.86,60.0,0.04,0.01,2316.521443,1776359387000
1776359389.591,289.591,0.11,6.62,0.1,10.0,0.12,38.0,0.13,10.0,0.84,17.0,0.83,10.0,0.88,5.15,0.89,10.0,0.01,0.04,2316.62927,1776359388000
1776359390.518,290.518,0.18,38.65,0.17,40.0,0.21,10.0,0.24,25.0,0.88,38.0,0.87,10.0,0.91,159.88,0.92,10.0,0.03,0.03,2316.480076,1776359389000
1776359390.743,290.743,0.26,41.13,0.23,10.0,0.27,16.0,0.28,80.0,0.73,10.0,0.72,80.0,0.74,29.64,0.76,8.83,0.01,0.01,2316.480076,1776359389000
1776359390.957,290.957,0.29,27.0,0.28,34.0,0.3,5.0,0.36,25.18,0.73,6.0,0.7,5.0,0.74,78.97,0.75,80.0,0.01,0.01,2316.480076,1776359389000
1776359391.266,291.266,0.36,34.92,0.35,64.0,0.42,10.0,0.47,100.0,0.64,25.08,0.58,10.0,0.65,32.0,0.66,10.0,0.06,0.01,2316.465007,1776359390000
1776359391.487,291.487,0.64,10.0,0.63,10.0,0.65,65.59,0.66,70.0,0.35,67.78,0.34,70.0,0.36,10.0,0.37,10.0,0.01,0.01,2316.465007,1776359390000
1776359391.755,291.755,0.63,7.81,0.62,10.0,0.65,17.33,0.66,70.0,0.35,17.33,0.34,70.0,0.36,10.0,0.37,10.0,0.02,0.01,2316.465007,1776359390000
1776359391.981,291.981,0.65,10.0,0.64,10.0,0.66,25.64,0.67,10.0,0.34,30.14,0.32,150.0,0.37,1.15,0.38,10.0,0.01,0.03,2316.465007,1776359390000
1776359392.231,292.231,0.64,54.0,0.63,1.15,0.66,12.89,0.67,10.0,0.34,15.0,0.33,10.0,0.35,7.02,0.36,10.0,0.02,0.01,2316.748212,1776359391000
1776359392.516,292.516,0.67,7.23,0.66,10.0,0.68,34.27,0.69,80.0,0.32,34.27,0.31,80.0,0.34,10.0,0.35,10.0,0.01,0.02,2316.748212,1776359391000
1776359393.207,293.207,0.41,34.31,0.4,10.0,0.47,5.0,0.48,5.0,0.32,34.27,0.31,80.0,0.35,5.42,0.36,7.22,0.06,0.03,2317.210675,1776359392000
1776359393.482,293.482,0.55,6.0,0.52,150.0,0.56,4.88,0.57,10.0,0.39,60.0,0.38,180.0,0.45,10.0,0.46,10.0,0.01,0.06,2317.210675,1776359392000
1776359394.254,294.254,0.47,140.0,0.46,50.0,0.54,26.0,0.55,10.0,0.44,4.88,0.43,10.0,0.45,1.89,0.47,5.0,0.07,0.01,2317.503335,1776359393000
1776359394.64,294.64,0.47,166.11,0.46,50.0,0.53,1.13,0.54,10.0,0.52,10.0,0.51,10.0,0.53,166.11,0.54,50.0,0.06,0.01,2317.503335,1776359393000
1776359394.926,294.926,0.52,5.0,0.47,28.0,0.54,8.59,0.55,10.0,0.47,1.13,0.46,10.0,0.53,166.11,0.54,50.0,0.02,0.06,2317.503335,1776359393000
1776359395.272,295.272,0.52,26.0,0.51,150.0,0.53,2.24,0.54,10.0,0.53,37.0,0.47,10.0,0.54,50.0,0.56,40.0,0.01,0.01,2317.46056,1776359394000
1776359395.565,295.565,0.51,66.0,0.48,10.0,0.52,4.8,0.53,2.24,0.47,2.24,0.46,10.0,0.49,26.19,0.5,10.0,0.01,0.02,2317.46056,1776359394000
1776359395.898,295.898,0.51,33.14,0.46,80.0,0.53,2.04,0.54,150.0,0.48,4.8,0.47,2.24,0.49,33.14,0.52,10.0,0.02,0.01,2317.46056,1776359394000
1776359396.178,296.178,0.36,48.8,0.34,30.0,0.37,52.87,0.42,10.0,0.47,2.04,0.46,150.0,0.49,33.14,0.54,80.0,0.01,0.02,2317.46056,1776359394000
1776359396.418,296.418,0.36,42.58,0.34,30.0,0.37,19.64,0.38,10.0,0.63,19.64,0.62,10.0,0.64,44.15,0.66,30.0,0.01,0.01,2317.468955,1776359395000
1776359396.769,296.769,0.27,3.77,0.26,59.84,0.31,34.42,0.32,10.0,0.69,17.42,0.65,7.45,0.74,49.84,0.76,40.0,0.04,0.05,2317.468955,1776359395000
1776359397.185,297.185,0.19,4.46,0.18,10.0,0.26,80.0,0.27,80.0,0.75,10.0,0.71,10.0,0.79,91.84,0.81,70.0,0.07,0.04,2317.46209,1776359396000
1776359397.437,297.437,0.25,10.0,0.24,80.0,0.26,14.14,0.27,10.0,0.74,21.92,0.73,10.0,0.75,2.33,0.76,10.0,0.01,0.01,2317.46209,1776359396000
1776359397.766,297.766,0.3,72.37,0.29,10.0,0.34,17.42,0.36,50.0,0.69,57.42,0.66,30.0,0.7,50.37,0.71,10.0,0.04,0.01,2317.46209,1776359396000
1776359398.103,298.103,0.39,4.0,0.38,10.0,0.43,10.0,0.44,10.0,0.58,7.42,0.57,10.0,0.69,47.73,0.7,4.88,0.04,0.11,2317.46209,1776359396000
1776359398.396,298.396,0.39,10.0,0.38,10.0,0.47,50.0,0.48,10.0,0.56,10.0,0.55,16.0,0.73,9.94,0.74,60.0,0.08,0.17,2317.386245,1776359397000
1776359398.833,298.833,0.5,2.0,0.49,10.0,0.52,14.0,0.56,10.0,0.55,7.5,0.54,10.0,0.56,10.0,0.57,10.0,0.02,0.01,2317.386245,1776359397000
1776359399.04,299.04,0.41,10.0,0.4,10.0,0.5,12.27,0.51,10.0,0.56,7.69,0.55,10.0,0.59,10.0,0.6,10.0,0.09,0.03,2317.386245,1776359397000
1776359399.249,299.249,0.44,10.0,0.43,10.0,0.5,78.8,0.51,30.84,0.5,84.74,0.49,30.84,0.56,10.0,0.57,10.0,0.06,0.06,2317.338206,1776359398000
1776359399.608,299.608,0.5,109.74,0.43,9.0,0.51,28.87,0.54,7.27,0.49,30.84,0.46,7.27,0.5,109.74,0.57,9.0,0.01,0.01,2317.338206,1776359398000
1776359399.899,299.899,0.5,109.74,0.43,9.0,0.51,1.43,0.53,27.8,0.47,27.8,0.46,7.27,0.5,109.74,0.57,9.0,0.01,0.03,2317.338206,1776359398000
1776359400.116,300.116,0.3,447.67,0.29,10.0,0.57,5.0,0.6,18.0,0.46,7.27,0.45,10.0,0.5,109.74,0.57,9.0,0.27,0.04,2317.338206,1776359398000
1776359400.316,300.316,0.65,58.25,0.55,150.0,0.8,35.0,0.9,65.0,0.24,50.0,0.2,35.0,0.35,66.18,0.45,150.0,0.15,0.11,2317.344313,1776359399000
1776359400.887,300.887,0.99,109854.5,0.97,10.0,,,,,,,,,0.01,109529.1,0.35,58.25,,,2317.344313,1776359399000

# RESULT,winner=Down,slug=eth-updown-5m-1776359100,ticks=437
