timestamp,elapsed_sec,up_bid_p1,up_bid_s1,up_bid_p2,up_bid_s2,up_ask_p1,up_ask_s1,up_ask_p2,up_ask_s2,down_bid_p1,down_bid_s1,down_bid_p2,down_bid_s2,down_ask_p1,down_ask_s1,down_ask_p2,down_ask_s2,up_spread,down_spread,eth_price,eth_oracle_ts
1776364500.757,0.757,0.45,5.0,0.44,5.0,0.49,2.27,0.55,8.88,0.52,2.91,0.51,5.0,0.55,5.0,0.56,5.0,0.04,0.03,2329.691287,1776364499000
1776364501.076,1.076,0.45,5.0,0.44,5.0,0.49,2.27,0.55,8.88,0.51,2.27,0.45,8.88,0.55,5.0,0.56,5.0,0.04,0.04,2329.66447,1776364500000
1776364501.918,1.918,0.45,208.08,0.44,75.0,0.46,11.11,0.47,13.0,0.51,2.27,0.45,8.88,0.55,5.0,0.56,5.0,0.01,0.04,2329.66447,1776364500000
1776364502.571,2.571,0.45,205.51,0.44,75.0,0.46,11.11,0.47,13.0,0.54,11.11,0.53,13.0,0.55,208.08,0.56,75.0,0.01,0.01,2329.673223,1776364501000
1776364503.151,3.151,0.45,210.37,0.44,75.0,0.46,16.11,0.47,13.0,0.54,11.11,0.53,13.0,0.55,202.45,0.56,75.0,0.01,0.01,2329.673223,1776364501000
1776364503.954,3.954,0.45,225.97,0.44,85.0,0.46,5.0,0.47,13.0,0.54,16.11,0.53,13.0,0.55,210.37,0.56,75.0,0.01,0.01,2329.629404,1776364502000
1776364504.641,4.641,0.45,219.88,0.44,85.0,0.46,16.11,0.47,13.0,0.54,5.0,0.53,13.0,0.55,225.97,0.56,85.0,0.01,0.01,2329.5219,1776364503000
1776364505.839,5.839,0.45,354.88,0.44,215.0,0.47,4.97,0.49,46.68,0.54,16.11,0.53,13.0,0.55,219.88,0.56,85.0,0.02,0.01,2329.576359,1776364504000
1776364506.923,6.923,0.47,8.11,0.46,130.0,0.48,5.0,0.49,146.68,0.53,4.97,0.51,46.68,0.55,354.88,0.56,215.0,0.01,0.02,2329.56279,1776364505000
1776364508.094,8.094,0.47,15.0,0.46,5.0,0.48,117.5,0.49,161.68,0.52,5.0,0.51,146.68,0.53,8.11,0.54,130.0,0.01,0.01,2329.581159,1776364507000
1776364508.381,8.381,0.45,159.12,0.44,100.0,0.47,115.0,0.48,187.5,0.52,133.5,0.51,156.68,0.54,5.0,0.55,304.88,0.02,0.02,2329.581159,1776364507000
1776364508.62,8.62,0.45,70.6,0.43,82.0,0.46,15.0,0.47,110.0,0.53,115.0,0.52,187.5,0.55,159.12,0.56,100.0,0.01,0.02,2329.581159,1776364507000
1776364509.579,9.579,0.45,63.89,0.44,5.0,0.46,180.0,0.47,125.0,0.54,15.0,0.53,115.0,0.55,67.49,0.57,82.0,0.01,0.01,2329.611455,1776364508000
1776364510.594,10.594,0.45,0.6,0.43,35.0,0.46,182.0,0.47,35.0,0.54,180.0,0.53,125.0,0.55,60.29,0.56,5.0,0.01,0.01,2329.49885,1776364509000
1776364511.163,11.163,0.4,15.0,0.39,95.0,0.41,12.07,0.42,15.0,0.56,9.0,0.55,15.0,0.57,10.0,0.58,25.0,0.01,0.01,2329.49885,1776364509000
1776364511.531,11.531,0.4,10.5,0.39,95.0,0.41,35.13,0.42,15.0,0.59,12.07,0.58,15.0,0.6,15.0,0.61,95.0,0.01,0.01,2329.417574,1776364510000
1776364512.094,12.094,0.38,65.16,0.34,10.0,0.39,15.0,0.4,40.0,0.59,35.13,0.58,15.0,0.6,5.08,0.61,95.0,0.01,0.01,2329.417574,1776364510000
1776364512.826,12.826,0.38,60.6,0.36,35.0,0.39,273.5,0.4,165.5,0.61,15.0,0.6,40.0,0.62,65.16,0.66,10.0,0.01,0.01,2329.169517,1776364511000
1776364514.596,14.596,0.38,221.87,0.37,5.0,0.39,120.0,0.4,135.5,0.61,257.5,0.6,165.5,0.62,49.79,0.64,35.0,0.01,0.01,2328.640925,1776364513000
1776364515.091,15.091,0.38,205.87,0.37,13.0,0.39,116.82,0.4,135.5,0.61,116.82,0.6,135.5,0.62,221.87,0.63,5.0,0.01,0.01,2328.640925,1776364513000
1776364515.456,15.456,0.38,200.87,0.37,18.0,0.39,35.5,0.4,35.5,0.6,35.5,0.59,91.13,0.62,205.87,0.63,13.0,0.01,0.02,2328.640925,1776364513000
1776364515.665,15.665,0.38,15.62,0.37,18.0,0.39,35.5,0.4,35.5,0.61,35.5,0.6,35.5,0.62,200.87,0.63,18.0,0.01,0.01,2328.654448,1776364514000
1776364515.984,15.984,0.38,22.41,0.37,18.0,0.39,47.93,0.4,45.5,0.61,32.93,0.6,35.5,0.62,15.62,0.63,18.0,0.01,0.01,2328.654448,1776364514000
1776364516.284,16.284,0.38,94.47,0.37,80.5,0.39,135.0,0.4,130.5,0.61,130.0,0.6,30.5,0.62,52.41,0.63,80.5,0.01,0.01,2328.626403,1776364515000
1776364519.705,19.705,0.38,19.8,0.37,20.5,0.39,50.5,0.4,103.5,0.61,135.0,0.6,130.5,0.62,91.24,0.63,80.5,0.01,0.01,2328.658065,1776364518000
1776364520.847,20.847,0.38,129.3,0.37,40.5,0.4,25.5,0.41,86.13,0.61,40.5,0.6,103.5,0.62,14.8,0.63,20.5,0.02,0.01,2328.661827,1776364519000
1776364521.374,21.374,0.38,129.3,0.37,40.5,0.39,4.91,0.4,20.57,0.6,20.57,0.59,86.13,0.62,124.3,0.63,40.5,0.01,0.02,2328.640608,1776364520000
1776364522.039,22.039,0.38,123.8,0.37,45.5,0.39,12.84,0.4,20.57,0.61,4.91,0.6,20.57,0.62,129.3,0.63,40.5,0.01,0.01,2328.640608,1776364520000
1776364522.554,22.554,0.38,31.8,0.37,102.5,0.39,7.84,0.4,38.9,0.61,12.84,0.6,20.57,0.62,123.8,0.63,45.5,0.01,0.01,2328.695271,1776364521000
1776364523.575,23.575,0.38,133.56,0.37,40.5,0.39,10.0,0.4,19.4,0.61,17.84,0.6,38.9,0.62,28.0,0.63,102.5,0.01,0.01,2328.718071,1776364522000
1776364523.904,23.904,0.39,167.5,0.38,230.5,0.4,2.93,0.41,10.0,0.61,10.0,0.6,19.4,0.62,133.56,0.63,40.5,0.01,0.01,2328.698528,1776364523000
1776364526.83,26.83,0.41,104.5,0.4,10.5,0.42,8.16,0.43,30.5,0.58,8.1,0.57,20.5,0.6,18.5,0.61,162.5,0.01,0.02,2328.791859,1776364525000
1776364528.338,28.338,0.41,104.5,0.4,28.32,0.42,10.8,0.43,30.5,0.58,5.3,0.57,30.5,0.59,104.5,0.6,15.5,0.01,0.01,2328.98834,1776364527000
1776364528.962,28.962,0.41,90.48,0.4,28.32,0.42,10.3,0.43,35.5,0.58,10.8,0.57,30.5,0.59,104.5,0.6,28.32,0.01,0.01,2329.010406,1776364528000
1776364529.697,29.697,0.41,82.48,0.4,38.32,0.42,10.3,0.43,10.0,0.58,10.3,0.57,35.5,0.59,90.48,0.6,28.32,0.01,0.01,2329.010406,1776364528000
1776364530.421,30.421,0.41,157.48,0.4,38.32,0.42,0.3,0.45,15.5,0.58,10.3,0.57,10.0,0.59,82.48,0.6,38.32,0.01,0.01,2329.040995,1776364529000
1776364531.308,31.308,0.44,54.87,0.43,37.0,0.45,25.5,0.46,20.0,0.55,15.5,0.54,65.0,0.59,157.48,0.6,38.32,0.01,0.04,2329.040995,1776364529000
1776364531.51,31.51,0.44,54.87,0.43,37.0,0.45,10.5,0.46,20.0,0.55,25.5,0.54,20.0,0.56,54.87,0.57,37.0,0.01,0.01,2329.037563,1776364530000
1776364532.77,32.77,0.43,10.0,0.42,79.0,0.45,25.5,0.46,26.0,0.55,10.5,0.54,20.0,0.56,54.87,0.57,37.0,0.02,0.01,2329.075905,1776364531000
1776364533.127,33.127,0.43,3.24,0.42,5.0,0.44,242.5,0.45,26.5,0.55,25.5,0.54,26.0,0.57,10.0,0.58,79.0,0.01,0.02,2329.202319,1776364532000
1776364533.342,33.342,0.41,104.5,0.4,48.32,0.42,17.14,0.43,15.0,0.56,245.22,0.55,26.5,0.59,52.5,0.6,105.32,0.01,0.03,2329.202319,1776364532000
1776364533.812,33.812,0.41,104.0,0.4,48.32,0.42,17.36,0.43,210.5,0.58,19.75,0.57,210.5,0.59,114.5,0.6,48.32,0.01,0.01,2329.202319,1776364532000
1776364534.796,34.796,0.41,12.0,0.4,105.32,0.42,19.58,0.43,205.5,0.58,14.97,0.57,210.5,0.59,104.0,0.6,48.32,0.01,0.01,2329.197734,1776364533000
1776364535.467,35.467,0.41,69.0,0.4,48.32,0.43,113.34,0.44,90.22,0.58,19.58,0.57,205.5,0.59,12.0,0.6,105.32,0.02,0.01,2329.078789,1776364534000
1776364535.743,35.743,0.41,12.0,0.4,110.32,0.42,14.61,0.43,133.34,0.57,113.34,0.56,90.22,0.59,69.0,0.6,48.32,0.01,0.02,2329.078789,1776364534000
1776364535.984,35.984,0.41,74.0,0.4,73.32,0.43,134.35,0.44,105.22,0.58,14.61,0.57,133.34,0.59,12.0,0.6,110.32,0.02,0.01,2329.078789,1776364534000
1776364536.367,36.367,0.42,17.94,0.41,77.3,0.43,189.72,0.44,40.5,0.57,82.72,0.56,43.22,0.58,15.0,0.59,72.3,0.01,0.01,2329.086215,1776364535000
1776364537.77,37.77,0.42,99.15,0.41,30.8,0.43,22.0,0.44,25.0,0.57,189.72,0.56,40.5,0.58,16.21,0.59,77.3,0.01,0.01,2329.046989,1776364536000
1776364539.427,39.427,0.42,109.42,0.41,25.5,0.43,10.0,0.44,25.0,0.57,22.0,0.56,25.0,0.58,99.15,0.59,30.8,0.01,0.01,2329.09251,1776364538000
1776364540.647,40.647,0.41,15.0,0.4,122.32,0.43,329.5,0.44,36.5,0.57,10.0,0.56,25.0,0.58,109.42,0.59,25.5,0.02,0.01,2329.084768,1776364539000
1776364541.873,41.873,0.4,160.65,0.39,85.5,0.41,15.0,0.42,20.0,0.58,7.16,0.57,262.5,0.59,15.0,0.6,122.32,0.01,0.01,2329.085149,1776364540000
1776364542.089,42.089,0.41,10.0,0.4,165.65,0.42,20.0,0.43,35.5,0.58,25.0,0.57,20.5,0.6,170.65,0.61,85.5,0.01,0.02,2329.143346,1776364541000
1776364542.307,42.307,0.41,20.81,0.4,141.65,0.42,25.0,0.43,30.5,0.58,20.0,0.57,35.5,0.59,10.0,0.6,165.65,0.01,0.01,2329.143346,1776364541000
1776364542.636,42.636,0.4,141.65,0.39,90.5,0.42,25.0,0.43,97.5,0.58,25.0,0.57,30.5,0.59,20.81,0.6,141.65,0.02,0.01,2329.143346,1776364541000
1776364543.12,43.12,0.4,41.15,0.39,132.5,0.41,293.7,0.42,107.5,0.58,25.0,0.57,97.5,0.6,141.65,0.61,90.5,0.01,0.02,2329.053935,1776364542000
1776364543.802,43.802,0.4,1.15,0.39,35.0,0.41,384.7,0.42,45.5,0.59,293.7,0.58,107.5,0.6,41.15,0.61,132.5,0.01,0.01,2329.053935,1776364542000
1776364545.603,45.603,0.37,5.0,0.36,135.0,0.38,157.23,0.39,260.5,0.59,441.7,0.58,45.5,0.61,35.0,0.62,25.0,0.01,0.02,2328.924831,1776364544000
1776364546.293,46.293,0.37,5.0,0.36,135.0,0.38,328.91,0.39,65.5,0.62,130.91,0.61,260.5,0.63,5.0,0.64,135.0,0.01,0.01,2328.810583,1776364545000
1776364547.163,47.163,0.37,25.0,0.36,110.5,0.38,303.0,0.39,25.5,0.62,328.91,0.61,65.5,0.63,5.0,0.64,135.0,0.01,0.01,2328.810583,1776364545000
1776364548.06,48.06,0.36,55.0,0.35,35.0,0.37,2.22,0.38,166.5,0.62,303.0,0.61,25.5,0.63,23.11,0.64,110.5,0.01,0.01,2328.710189,1776364546000
1776364549.611,49.611,0.36,15.0,0.35,30.5,0.37,44.29,0.38,347.56,0.63,46.06,0.62,87.5,0.64,55.0,0.65,35.0,0.01,0.01,2328.68332,1776364548000
1776364550.054,50.054,0.36,15.0,0.35,77.5,0.37,44.29,0.38,347.56,0.63,44.29,0.62,347.56,0.64,15.0,0.65,30.5,0.01,0.01,2328.7042,1776364549000
1776364550.59,50.59,0.35,8.93,0.34,155.5,0.37,281.29,0.38,115.56,0.63,44.29,0.62,347.56,0.64,13.43,0.65,77.5,0.02,0.01,2328.7042,1776364549000
1776364551.857,51.857,0.35,15.89,0.34,93.5,0.36,27.0,0.37,254.29,0.63,281.29,0.62,115.56,0.65,8.93,0.66,155.5,0.01,0.02,2328.678188,1776364550000
1776364552.414,52.414,0.34,132.11,0.33,439.0,0.36,52.0,0.37,197.29,0.64,27.0,0.63,254.29,0.65,15.89,0.66,93.5,0.02,0.01,2328.628386,1776364551000
1776364554.293,54.293,0.33,150.0,0.32,50.5,0.34,297.05,0.35,128.5,0.64,52.0,0.63,197.29,0.66,132.11,0.67,439.0,0.01,0.02,2328.610876,1776364553000
1776364554.569,54.569,0.33,160.5,0.32,50.5,0.34,115.44,0.35,118.0,0.66,297.05,0.65,128.5,0.67,150.0,0.68,50.5,0.01,0.01,2328.610876,1776364553000
1776364555.411,55.411,0.33,302.5,0.32,50.5,0.34,50.05,0.35,30.0,0.66,115.44,0.65,118.0,0.67,160.5,0.68,50.5,0.01,0.01,2328.552522,1776364554000
1776364555.978,55.978,0.33,265.15,0.32,50.5,0.34,50.05,0.35,20.0,0.66,50.05,0.65,30.0,0.67,302.5,0.68,50.5,0.01,0.01,2328.552522,1776364554000
1776364557.385,57.385,0.33,286.15,0.32,60.5,0.37,10.0,0.38,16.0,0.66,50.05,0.65,20.0,0.67,265.15,0.68,50.5,0.04,0.01,2328.38302,1776364556000
1776364557.629,57.629,0.37,28.0,0.36,60.0,0.38,11.0,0.4,10.0,0.63,10.0,0.62,16.0,0.67,286.15,0.68,60.5,0.01,0.04,2328.38302,1776364556000
1776364557.89,57.89,0.37,67.41,0.36,36.0,0.4,10.0,0.42,5.0,0.62,8.36,0.6,10.0,0.63,67.41,0.64,36.0,0.03,0.01,2328.38302,1776364556000
1776364558.454,58.454,0.4,15.5,0.39,49.5,0.42,35.5,0.43,26.5,0.6,10.0,0.58,5.0,0.63,67.41,0.64,36.0,0.02,0.03,2328.457066,1776364557000
1776364558.733,58.733,0.4,29.83,0.39,44.5,0.41,10.0,0.42,35.5,0.58,35.5,0.57,26.5,0.6,13.5,0.61,49.5,0.01,0.02,2328.457066,1776364557000
1776364559.848,59.848,0.41,314.5,0.4,167.83,0.45,20.0,0.46,20.0,0.59,10.0,0.58,35.5,0.6,29.83,0.61,44.5,0.04,0.01,2328.511527,1776364558000
1776364560.929,60.929,0.46,17.0,0.45,355.5,0.47,4.91,0.48,12.5,0.55,20.0,0.54,20.0,0.59,314.5,0.6,167.83,0.01,0.04,2328.801848,1776364559000
1776364561.235,61.235,0.46,42.0,0.45,75.5,0.48,13.0,0.49,57.18,0.53,4.91,0.52,12.5,0.54,17.0,0.55,355.5,0.02,0.01,2329.067454,1776364560000
1776364561.62,61.62,0.47,316.0,0.46,42.5,0.48,4.87,0.49,62.18,0.52,13.0,0.51,57.18,0.55,44.64,0.56,176.5,0.01,0.03,2329.067454,1776364560000
1776364562.301,62.301,0.48,69.69,0.47,323.0,0.49,46.68,0.5,60.0,0.52,4.87,0.51,62.18,0.53,316.0,0.54,42.5,0.01,0.01,2329.295227,1776364561000
1776364562.557,62.557,0.48,102.23,0.47,231.0,0.49,46.68,0.5,60.5,0.51,46.68,0.5,60.0,0.52,69.69,0.53,323.0,0.01,0.01,2329.295227,1776364561000
1776364564.058,64.058,0.48,114.0,0.47,222.5,0.49,61.67,0.5,80.5,0.51,46.68,0.5,60.5,0.52,102.23,0.53,231.0,0.01,0.01,2329.548736,1776364563000
1776364564.984,64.984,0.46,30.0,0.45,20.0,0.49,221.72,0.5,345.5,0.51,69.72,0.5,75.5,0.52,114.0,0.53,94.5,0.03,0.01,2329.585142,1776364564000
1776364565.456,65.456,0.44,25.0,0.42,32.0,0.47,44.94,0.48,20.5,0.51,221.72,0.5,345.5,0.54,30.0,0.55,20.0,0.03,0.03,2329.585142,1776364564000
1776364565.702,65.702,0.42,10.0,0.41,70.5,0.43,14.27,0.45,92.5,0.53,44.94,0.52,20.5,0.56,25.0,0.58,32.0,0.01,0.03,2329.585142,1776364564000
1776364566.32,66.32,0.42,123.41,0.41,279.4,0.43,15.0,0.44,10.0,0.57,14.27,0.55,92.5,0.58,10.0,0.59,70.5,0.01,0.01,2329.595667,1776364565000
1776364566.748,66.748,0.42,97.09,0.41,279.4,0.43,15.0,0.44,25.5,0.57,15.0,0.56,10.0,0.58,124.59,0.59,279.4,0.01,0.01,2329.595667,1776364565000
1776364567.715,67.715,0.42,358.5,0.41,85.4,0.47,10.0,0.48,21.0,0.57,15.0,0.56,25.5,0.58,97.09,0.59,279.4,0.05,0.01,2329.487569,1776364566000
1776364568.226,68.226,0.48,10.0,0.47,120.5,0.49,26.26,0.5,77.0,0.52,20.12,0.51,29.22,0.53,29.7,0.54,53.4,0.01,0.01,2329.13643,1776364567000
1776364569.01,69.01,0.48,39.47,0.47,88.5,0.49,25.3,0.5,314.0,0.51,18.3,0.5,77.0,0.52,30.71,0.53,125.5,0.01,0.01,2329.13643,1776364567000
1776364570.723,70.723,0.48,25.07,0.47,10.0,0.49,297.8,0.5,87.5,0.51,25.3,0.5,314.0,0.52,39.47,0.53,88.5,0.01,0.01,2329.522051,1776364569000
1776364573.136,73.136,0.48,354.57,0.47,40.5,0.49,13.3,0.5,15.0,0.51,297.8,0.5,87.5,0.52,25.07,0.53,10.0,0.01,0.01,2329.508662,1776364571000
1776364574.123,74.123,0.48,58.26,0.47,277.5,0.49,11.25,0.5,5.0,0.51,13.3,0.5,15.0,0.52,352.26,0.53,40.5,0.01,0.01,2329.529496,1776364573000
1776364574.474,74.474,0.48,5.76,0.47,20.0,0.49,349.75,0.5,25.5,0.51,11.25,0.5,5.0,0.52,58.26,0.53,277.5,0.01,0.01,2329.529496,1776364573000
1776364575.212,75.212,0.48,5.76,0.47,30.5,0.5,88.84,0.51,46.5,0.51,349.75,0.5,25.5,0.52,5.76,0.53,20.0,0.02,0.01,2329.547031,1776364574000
1776364575.522,75.522,0.49,15.0,0.48,0.76,0.5,166.15,0.51,46.5,0.5,88.84,0.49,46.5,0.52,5.76,0.53,30.5,0.01,0.02,2329.547031,1776364574000
1776364575.976,75.976,0.49,3.03,0.48,0.76,0.5,243.85,0.51,46.5,0.5,166.15,0.49,46.5,0.51,15.0,0.52,0.76,0.01,0.01,2329.547031,1776364574000
1776364578.624,78.624,0.47,20.0,0.46,20.0,0.48,345.7,0.49,66.5,0.5,243.85,0.49,46.5,0.51,3.03,0.52,0.76,0.01,0.01,2329.534145,1776364577000
1776364579.679,79.679,0.47,304.5,0.46,47.5,0.49,5.0,0.5,5.0,0.52,345.7,0.51,66.5,0.53,20.0,0.54,20.0,0.02,0.01,2329.520215,1776364578000
1776364580.06,80.06,0.48,364.5,0.47,62.5,0.51,85.0,0.52,102.0,0.51,5.0,0.5,5.0,0.53,304.5,0.54,47.5,0.03,0.02,2329.520215,1776364578000
1776364580.433,80.433,0.5,53.56,0.49,82.5,0.51,86.52,0.52,92.0,0.49,76.52,0.48,92.0,0.5,52.5,0.51,25.5,0.01,0.01,2329.516802,1776364579000
1776364581.063,81.063,0.5,43.06,0.49,82.5,0.51,76.36,0.52,149.0,0.49,84.55,0.48,92.0,0.5,53.56,0.51,82.5,0.01,0.01,2329.516802,1776364579000
1776364581.518,81.518,0.5,5.0,0.48,10.0,0.51,438.46,0.52,115.5,0.49,76.36,0.48,149.0,0.5,43.06,0.51,82.5,0.01,0.01,2329.528721,1776364580000
1776364581.904,81.904,0.48,13.05,0.47,25.0,0.49,112.55,0.5,227.5,0.49,480.46,0.48,115.5,0.52,8.05,0.53,25.0,0.01,0.03,2329.528721,1776364580000
1776364582.504,82.504,0.48,293.55,0.47,42.5,0.49,10.1,0.51,10.0,0.51,112.55,0.5,227.5,0.52,13.05,0.53,25.0,0.01,0.01,2329.632932,1776364581000
1776364584.567,84.567,0.52,342.75,0.51,116.5,0.53,35.0,0.54,205.0,0.49,10.0,0.48,21.0,0.52,277.55,0.53,42.5,0.01,0.03,2329.601559,1776364583000
1776364587.419,87.419,0.53,314.5,0.52,45.5,0.54,5.0,0.55,25.0,0.47,35.0,0.46,205.0,0.48,342.75,0.49,116.5,0.01,0.01,2329.791205,1776364585000
1776364587.953,87.953,0.55,357.27,0.54,147.5,0.56,10.0,0.58,50.0,0.45,25.0,0.44,210.0,0.47,339.5,0.48,45.5,0.01,0.02,2329.886984,1776364586000
1776364589.312,89.312,0.59,20.0,0.58,222.0,0.6,32.07,0.61,5.0,0.44,10.0,0.42,50.0,0.45,357.27,0.46,147.5,0.01,0.01,2329.887877,1776364588000
1776364589.513,89.513,0.59,57.2,0.58,262.0,0.6,32.07,0.61,25.5,0.4,32.07,0.39,5.0,0.41,20.0,0.42,222.0,0.01,0.01,2329.887877,1776364588000
1776364589.796,89.796,0.59,27.0,0.58,257.0,0.6,26.82,0.61,82.5,0.4,32.07,0.39,82.5,0.41,27.0,0.42,257.0,0.01,0.01,2329.887877,1776364588000
1776364590.664,90.664,0.59,20.0,0.58,252.0,0.6,51.48,0.61,82.5,0.4,21.82,0.39,82.5,0.41,21.87,0.42,257.0,0.01,0.01,2330.122453,1776364589000
1776364591.53,91.53,0.59,20.0,0.58,258.0,0.61,35.98,0.62,232.5,0.4,51.48,0.39,82.5,0.41,20.0,0.42,252.0,0.02,0.01,2330.209411,1776364590000
1776364592.32,92.32,0.6,17.5,0.59,28.0,0.61,45.98,0.62,232.5,0.39,35.98,0.38,232.5,0.41,20.0,0.42,258.0,0.01,0.02,2330.259702,1776364591000
1776364592.846,92.846,0.6,1.0,0.59,13.0,0.61,218.48,0.62,110.5,0.39,45.98,0.38,232.5,0.4,17.5,0.41,28.0,0.01,0.01,2330.259702,1776364591000
1776364594.001,94.001,0.57,422.5,0.56,106.5,0.61,1.47,0.62,12.0,0.39,218.48,0.38,110.5,0.43,10.0,0.44,10.0,0.04,0.04,2330.279141,1776364592000
1776364594.673,94.673,0.6,41.19,0.59,20.0,0.61,54.47,0.62,37.5,0.39,1.47,0.38,12.0,0.43,422.5,0.44,106.5,0.01,0.04,2330.274874,1776364593000
1776364596.121,96.121,0.6,14.19,0.59,15.0,0.61,311.83,0.62,45.5,0.39,54.47,0.38,37.5,0.4,41.19,0.41,20.0,0.01,0.01,2330.271307,1776364594000
1776364596.997,96.997,0.61,397.12,0.6,34.69,0.62,35.0,0.63,10.0,0.39,311.83,0.38,45.5,0.4,14.19,0.41,15.0,0.01,0.01,2330.23365,1776364595000
1776364597.363,97.363,0.58,2.39,0.57,50.5,0.62,114.5,0.63,53.5,0.38,35.0,0.37,10.0,0.39,397.12,0.4,34.69,0.04,0.01,2330.23365,1776364595000
1776364598.206,98.206,0.57,35.0,0.56,30.5,0.58,73.0,0.59,35.0,0.38,114.5,0.37,53.5,0.42,2.39,0.43,50.5,0.01,0.04,2330.354177,1776364597000
1776364598.921,98.921,0.53,45.5,0.52,40.0,0.55,20.8,0.56,89.0,0.42,79.37,0.41,215.0,0.43,45.5,0.44,35.5,0.02,0.01,2330.354177,1776364597000
1776364599.26,99.26,0.54,337.55,0.53,121.5,0.55,36.0,0.57,10.0,0.45,20.8,0.44,89.0,0.47,45.5,0.48,40.0,0.01,0.02,2330.280509,1776364598000
1776364599.934,99.934,0.59,32.0,0.58,10.0,0.6,40.5,0.61,30.5,0.43,10.0,0.42,10.0,0.46,352.35,0.47,185.5,0.01,0.03,2330.280509,1776364598000
1776364603.091,103.091,0.55,30.5,0.54,35.35,0.57,15.0,0.58,17.0,0.4,40.5,0.39,30.5,0.41,32.0,0.42,10.0,0.02,0.01,2330.00549,1776364602000
1776364603.912,103.912,0.56,15.0,0.55,10.0,0.57,36.0,0.58,92.5,0.43,10.0,0.42,17.0,0.44,10.0,0.45,30.5,0.01,0.01,2330.00549,1776364602000
1776364604.231,104.231,0.56,7.72,0.55,10.0,0.57,39.0,0.58,92.5,0.43,36.0,0.42,92.5,0.44,12.27,0.45,10.0,0.01,0.01,2329.98116,1776364603000
1776364605.348,105.348,0.56,23.22,0.55,25.5,0.57,34.24,0.58,82.0,0.43,26.71,0.42,92.5,0.44,7.72,0.45,10.0,0.01,0.01,2329.96455,1776364604000
1776364606.161,106.161,0.59,130.7,0.58,35.5,0.61,99.2,0.62,340.0,0.43,12.16,0.42,200.0,0.44,43.2,0.45,20.5,0.02,0.01,2329.974266,1776364605000
1776364606.627,106.627,0.61,353.5,0.6,30.5,0.63,10.0,0.64,73.0,0.39,99.2,0.38,340.0,0.41,130.7,0.42,35.5,0.02,0.02,2329.974266,1776364605000
1776364607.662,107.662,0.62,145.5,0.61,228.5,0.63,1.22,0.64,65.0,0.37,10.0,0.36,73.0,0.39,353.5,0.4,30.5,0.01,0.02,2329.955987,1776364606000
1776364607.961,107.961,0.62,460.5,0.61,202.5,0.64,60.0,0.65,50.0,0.37,1.22,0.36,65.0,0.38,145.5,0.39,228.5,0.02,0.01,2329.955987,1776364606000
1776364609.055,109.055,0.67,343.5,0.66,110.5,0.68,26.38,0.69,10.0,0.36,60.0,0.35,50.0,0.38,460.5,0.39,202.5,0.01,0.02,2330.196195,1776364607000
1776364609.37,109.37,0.68,95.5,0.67,262.5,0.69,5.0,0.7,8.0,0.32,26.38,0.31,10.0,0.33,343.5,0.34,110.5,0.01,0.01,2330.45966,1776364608000
1776364610.039,110.039,0.7,73.84,0.69,20.0,0.71,94.95,0.72,205.5,0.29,37.95,0.28,25.5,0.3,62.0,0.31,20.0,0.01,0.01,2330.45966,1776364608000
1776364610.369,110.369,0.7,73.84,0.69,20.0,0.71,126.45,0.72,205.5,0.29,94.95,0.28,205.5,0.3,73.84,0.31,20.0,0.01,0.01,2330.676041,1776364609000
1776364611.845,111.845,0.7,3.0,0.69,30.0,0.71,282.5,0.72,185.18,0.29,125.04,0.28,205.5,0.3,73.84,0.31,20.0,0.01,0.01,2330.804166,1776364610000
1776364612.047,112.047,0.69,88.5,0.68,35.5,0.7,257.48,0.71,5.0,0.3,259.0,0.29,20.0,0.31,20.0,0.32,35.5,0.01,0.01,2330.804166,1776364610000
1776364612.351,112.351,0.69,402.7,0.68,40.5,0.7,1.22,0.72,35.0,0.3,257.48,0.29,5.0,0.31,88.5,0.32,35.5,0.01,0.01,2330.804166,1776364610000
1776364612.74,112.74,0.71,41.0,0.7,12.66,0.74,225.43,0.75,165.0,0.28,20.0,0.27,14.0,0.29,61.05,0.3,28.16,0.03,0.01,2330.814202,1776364611000
1776364613.193,113.193,0.73,9.81,0.72,10.0,0.74,347.43,0.75,314.3,0.26,225.43,0.25,165.0,0.29,41.0,0.3,12.66,0.01,0.03,2330.799811,1776364612000
1776364613.443,113.443,0.68,13.74,0.67,287.5,0.73,64.0,0.74,295.67,0.26,340.67,0.25,314.3,0.28,10.0,0.29,16.0,0.05,0.02,2330.799811,1776364612000
1776364613.951,113.951,0.7,4.0,0.69,10.0,0.71,301.98,0.72,41.5,0.29,1.98,0.28,38.5,0.3,30.0,0.31,30.0,0.01,0.01,2330.799811,1776364612000
1776364615.201,115.201,0.7,0.42,0.69,10.0,0.71,301.98,0.72,41.5,0.29,301.98,0.28,41.5,0.3,4.0,0.31,10.0,0.01,0.01,2330.801248,1776364613000
1776364615.684,115.684,0.7,15.0,0.69,10.0,0.71,295.57,0.72,41.5,0.29,301.98,0.28,41.5,0.31,10.0,0.32,25.5,0.01,0.02,2330.801248,1776364613000
1776364616.409,116.409,0.67,42.0,0.66,10.0,0.68,24.0,0.69,25.5,0.29,295.57,0.28,41.5,0.3,15.0,0.31,10.0,0.01,0.01,2330.911732,1776364614000
1776364616.635,116.635,0.67,1.9,0.66,10.0,0.68,60.0,0.69,25.5,0.32,68.62,0.31,25.5,0.33,26.9,0.34,10.0,0.01,0.01,2330.911732,1776364614000
1776364617.134,117.134,0.65,20.5,0.64,30.5,0.66,97.48,0.67,140.0,0.32,60.0,0.31,25.5,0.33,1.9,0.34,10.0,0.01,0.01,2330.821782,1776364615000
1776364617.336,117.336,0.65,111.21,0.64,36.5,0.68,5.0,0.69,81.0,0.34,7.0,0.33,70.0,0.35,59.01,0.36,30.5,0.03,0.01,2330.821782,1776364615000
1776364617.859,117.859,0.68,67.5,0.67,268.5,0.69,13.0,0.7,44.0,0.32,5.0,0.31,81.0,0.35,111.21,0.36,36.5,0.01,0.03,2330.821782,1776364616000
1776364618.244,118.244,0.68,337.37,0.67,42.5,0.69,16.55,0.7,30.0,0.31,13.0,0.3,44.0,0.32,64.37,0.33,268.5,0.01,0.01,2330.821782,1776364616000
1776364618.458,118.458,0.68,343.37,0.67,36.5,0.69,10.55,0.7,30.0,0.31,16.55,0.3,30.0,0.32,337.37,0.33,42.5,0.01,0.01,2330.633,1776364617000
1776364618.694,118.694,0.71,77.0,0.7,10.0,0.73,70.33,0.74,142.0,0.27,80.33,0.26,142.0,0.29,61.0,0.3,10.0,0.02,0.02,2330.633,1776364617000
1776364619.083,119.083,0.72,11.0,0.71,25.5,0.73,25.22,0.74,281.5,0.27,66.22,0.26,142.0,0.28,22.0,0.32,143.56,0.01,0.01,2330.633,1776364617000
1776364622.932,122.932,0.71,6.0,0.7,21.5,0.74,290.5,0.75,224.8,0.26,258.74,0.25,351.8,0.28,7.42,0.29,26.5,0.03,0.02,2330.957455,1776364621000
1776364623.318,123.318,0.69,37.0,0.68,41.5,0.7,16.0,0.71,284.5,0.26,290.5,0.25,224.8,0.29,6.0,0.3,21.5,0.01,0.03,2331.04146,1776364622000
1776364623.759,123.759,0.69,25.0,0.68,26.0,0.7,312.07,0.71,47.5,0.3,16.0,0.29,284.5,0.31,37.0,0.32,41.5,0.01,0.01,2331.04146,1776364622000
1776364627.185,127.185,0.66,55.0,0.65,87.5,0.67,27.0,0.68,15.0,0.3,286.64,0.29,97.5,0.31,25.0,0.32,10.0,0.01,0.01,2330.715585,1776364625000
1776364629.734,129.734,0.71,134.01,0.7,227.5,0.72,45.0,0.73,60.0,0.33,27.0,0.32,15.0,0.34,55.0,0.35,87.5,0.01,0.01,2330.699971,1776364628000
1776364630.607,130.607,0.71,141.5,0.7,221.5,0.72,3.33,0.73,60.0,0.28,45.0,0.27,60.0,0.29,134.01,0.3,227.5,0.01,0.01,2330.991063,1776364629000
1776364632.181,132.181,0.71,327.5,0.7,92.92,0.72,1.94,0.73,50.0,0.28,3.33,0.27,60.0,0.29,141.5,0.3,221.5,0.01,0.01,2331.0104,1776364630000
1776364635.165,135.165,0.73,416.5,0.72,35.5,0.74,8.39,0.75,135.0,0.28,1.94,0.27,50.0,0.29,327.5,0.3,92.92,0.01,0.01,2331.195233,1776364634000
1776364636.19,136.19,0.74,146.61,0.73,240.5,0.75,140.0,0.76,70.0,0.26,8.39,0.25,135.0,0.27,416.5,0.28,35.5,0.01,0.01,2331.209425,1776364635000
1776364636.729,136.729,0.74,18.0,0.73,60.5,0.75,135.0,0.76,70.0,0.25,140.0,0.24,70.0,0.26,146.61,0.27,240.5,0.01,0.01,2331.209425,1776364635000
1776364639.917,139.917,0.74,209.0,0.73,240.5,0.75,6.67,0.76,70.0,0.25,135.0,0.24,70.0,0.27,50.5,0.28,205.5,0.01,0.02,2331.2776,1776364638000
1776364643.387,143.387,0.75,25.64,0.74,131.64,0.76,62.0,0.77,283.5,0.25,6.67,0.24,70.0,0.26,209.0,0.27,240.5,0.01,0.01,2331.394031,1776364642000
1776364644.128,144.128,0.75,30.64,0.74,79.64,0.76,288.89,0.77,108.5,0.24,38.96,0.23,288.5,0.25,30.64,0.26,136.64,0.01,0.01,2331.394031,1776364642000
1776364644.429,144.429,0.75,40.64,0.74,126.64,0.76,21.39,0.77,51.5,0.24,288.89,0.23,108.5,0.25,30.64,0.26,79.64,0.01,0.01,2331.6779,1776364643000
1776364646.398,146.398,0.74,48.64,0.73,70.0,0.75,137.23,0.76,84.5,0.24,21.39,0.23,51.5,0.25,40.64,0.26,126.64,0.01,0.01,2331.450755,1776364645000
1776364646.6,146.6,0.73,70.0,0.72,10.0,0.74,5.36,0.75,300.23,0.25,300.23,0.24,79.5,0.26,0.64,0.27,70.0,0.01,0.01,2331.450755,1776364645000
1776364648.686,148.686,0.71,20.0,0.7,15.0,0.72,212.55,0.73,102.5,0.26,5.36,0.25,300.23,0.27,70.0,0.28,10.0,0.01,0.01,2331.21785,1776364647000
1776364649.276,149.276,0.71,10.0,0.7,25.0,0.72,208.38,0.73,102.5,0.28,212.55,0.27,102.5,0.29,20.0,0.3,15.0,0.01,0.01,2331.21785,1776364647000
1776364653.076,153.076,0.77,81.65,0.76,130.0,0.78,20.0,0.79,30.0,0.28,208.38,0.27,102.5,0.29,10.0,0.3,25.0,0.01,0.01,2331.127785,1776364651000
1776364653.605,153.605,0.77,57.65,0.76,32.0,0.78,10.5,0.79,40.5,0.22,20.0,0.21,30.0,0.23,81.65,0.24,130.0,0.01,0.01,2331.127785,1776364651000
1776364654.913,154.913,0.77,129.65,0.76,141.36,0.78,4.24,0.79,267.5,0.22,10.5,0.21,40.5,0.23,57.65,0.24,32.0,0.01,0.01,2331.474038,1776364653000
1776364655.579,155.579,0.77,39.9,0.76,67.36,0.78,43.74,0.79,35.5,0.22,4.24,0.21,267.5,0.23,129.65,0.24,141.36,0.01,0.01,2331.475811,1776364654000
1776364655.816,155.816,0.77,13.0,0.76,57.36,0.78,333.74,0.79,35.5,0.22,32.74,0.21,215.5,0.23,23.0,0.24,57.36,0.01,0.01,2331.475811,1776364654000
1776364661.295,161.295,0.77,25.0,0.76,124.86,0.78,213.0,0.79,110.5,0.22,333.74,0.21,35.5,0.23,13.0,0.24,57.36,0.01,0.01,2331.286648,1776364659000
1776364665.107,165.107,0.75,31.5,0.74,221.5,0.78,58.5,0.79,102.5,0.22,213.0,0.21,110.5,0.23,25.0,0.24,124.86,0.03,0.01,2331.252415,1776364663000
1776364667.854,167.854,0.77,74.54,0.76,11.0,0.79,300.5,0.8,250.5,0.22,58.5,0.21,102.5,0.25,31.5,0.26,221.5,0.02,0.03,2331.263107,1776364666000
1776364668.28,168.28,0.77,67.54,0.76,31.0,0.78,37.5,0.79,294.5,0.21,300.5,0.2,250.5,0.23,74.54,0.24,11.0,0.01,0.02,2331.301522,1776364667000
1776364668.969,168.969,0.77,67.54,0.76,31.0,0.78,284.21,0.79,57.5,0.22,37.5,0.21,294.5,0.23,67.54,0.24,31.0,0.01,0.01,2331.301522,1776364667000
1776364672.662,172.662,0.77,56.38,0.76,78.0,0.79,300.5,0.8,245.5,0.21,237.5,0.2,250.5,0.22,6.29,0.23,67.54,0.02,0.01,2331.23908,1776364671000
1776364674.887,174.887,0.77,315.38,0.76,31.5,0.79,20.0,0.8,240.5,0.21,300.5,0.2,245.5,0.23,56.38,0.24,78.0,0.02,0.02,2331.193848,1776364673000
1776364676.182,176.182,0.77,26.9,0.74,6.0,0.79,63.5,0.8,245.5,0.21,20.0,0.2,240.5,0.23,315.38,0.24,31.5,0.02,0.02,2331.235351,1776364675000
1776364676.445,176.445,0.73,35.0,0.72,15.0,0.78,29.0,0.79,161.5,0.21,63.5,0.2,245.5,0.23,26.9,0.26,6.0,0.05,0.02,2331.235351,1776364675000
1776364677.886,177.886,0.71,10.0,0.7,10.0,0.72,111.0,0.73,201.0,0.22,29.0,0.21,161.5,0.27,35.0,0.28,15.0,0.01,0.05,2331.147208,1776364676000
1776364678.201,178.201,0.71,16.0,0.7,10.0,0.72,104.5,0.73,25.5,0.28,104.05,0.27,201.0,0.29,10.0,0.3,10.0,0.01,0.01,2331.147208,1776364676000
1776364678.51,178.51,0.71,327.0,0.7,105.0,0.73,5.0,0.76,106.5,0.28,104.5,0.27,25.5,0.29,16.0,0.3,10.0,0.02,0.01,2330.978171,1776364677000
1776364680.904,180.904,0.72,10.0,0.71,15.0,0.75,22.94,0.76,418.61,0.24,89.61,0.23,69.5,0.25,19.0,0.26,21.0,0.03,0.01,2330.769524,1776364679000
1776364682.048,182.048,0.72,10.0,0.71,15.0,0.74,59.0,0.75,36.44,0.25,22.94,0.24,428.61,0.28,10.0,0.29,15.0,0.02,0.03,2330.925581,1776364680000
1776364682.625,182.625,0.69,110.0,0.68,35.0,0.7,11.66,0.73,301.5,0.27,9.5,0.26,115.5,0.28,15.0,0.29,10.0,0.01,0.01,2330.888323,1776364681000
1776364682.905,182.905,0.69,5.0,0.68,10.0,0.7,21.5,0.71,195.0,0.3,11.66,0.27,301.5,0.31,110.0,0.32,35.0,0.01,0.01,2330.802993,1776364682000
1776364683.491,183.491,0.69,5.0,0.68,15.0,0.7,87.07,0.71,271.0,0.3,21.5,0.29,195.0,0.31,5.0,0.32,10.0,0.01,0.01,2330.802993,1776364682000
1776364686.245,186.245,0.69,88.0,0.68,89.44,0.7,9.0,0.71,62.0,0.3,87.07,0.29,271.0,0.31,5.0,0.32,15.0,0.01,0.01,2330.578747,1776364685000
1776364687.47,187.47,0.69,35.0,0.68,62.94,0.72,134.5,0.73,20.5,0.3,9.0,0.29,62.0,0.31,88.0,0.32,89.44,0.03,0.01,2330.619921,1776364686000
1776364688.486,188.486,0.68,62.94,0.67,175.0,0.71,360.5,0.72,180.5,0.29,20.0,0.28,134.5,0.31,50.0,0.32,129.94,0.03,0.02,2330.633208,1776364687000
1776364689.154,189.154,0.68,37.0,0.67,375.5,0.69,48.0,0.7,13.0,0.29,360.5,0.28,180.5,0.32,62.94,0.33,175.0,0.01,0.03,2330.633208,1776364687000
1776364690.75,190.75,0.68,33.0,0.67,220.0,0.69,20.0,0.7,15.5,0.31,48.0,0.3,13.0,0.32,37.0,0.33,375.5,0.01,0.01,2330.561901,1776364689000
1776364691.016,191.016,0.68,29.25,0.67,220.0,0.69,45.5,0.7,15.5,0.31,20.0,0.3,15.5,0.32,33.0,0.33,220.0,0.01,0.01,2330.474166,1776364690000
1776364691.568,191.568,0.68,17.0,0.67,225.0,0.69,72.6,0.7,72.5,0.31,45.5,0.3,15.5,0.32,29.25,0.33,220.0,0.01,0.01,2330.474166,1776364690000
1776364696.148,196.148,0.63,280.0,0.62,160.0,0.65,52.12,0.66,296.5,0.31,72.6,0.3,72.5,0.32,17.0,0.33,225.0,0.02,0.01,2330.208992,1776364694000
1776364697.371,197.371,0.63,245.0,0.62,170.5,0.64,6.53,0.65,30.5,0.35,52.12,0.34,296.5,0.37,280.0,0.38,160.0,0.01,0.02,2330.180145,1776364696000
1776364698.476,198.476,0.63,185.0,0.62,160.0,0.64,16.38,0.65,270.5,0.36,6.53,0.35,30.5,0.37,245.0,0.38,170.5,0.01,0.01,2330.172677,1776364697000
1776364699.322,199.322,0.63,63.0,0.62,160.0,0.64,4.92,0.66,5.88,0.36,21.38,0.35,270.5,0.37,185.0,0.38,160.0,0.01,0.01,2330.172677,1776364697000
1776364699.568,199.568,0.61,18.0,0.6,100.0,0.62,50.0,0.63,16.0,0.37,12.84,0.36,15.92,0.39,150.0,0.4,100.0,0.01,0.02,2330.172677,1776364697000
1776364699.951,199.951,0.6,47.0,0.59,200.0,0.61,27.8,0.62,45.0,0.39,32.0,0.38,50.0,0.4,100.0,0.41,200.0,0.01,0.01,2330.150147,1776364698000
1776364700.507,200.507,0.59,155.0,0.58,130.91,0.6,87.0,0.61,27.8,0.39,27.8,0.38,45.0,0.4,47.0,0.41,200.0,0.01,0.01,2330.0884,1776364699000
1776364700.751,200.751,0.58,130.91,0.57,50.0,0.6,85.0,0.61,27.8,0.4,75.0,0.39,27.8,0.41,155.0,0.42,130.91,0.02,0.01,2330.0884,1776364699000
1776364702.212,202.212,0.58,3.05,0.56,25.0,0.59,137.0,0.6,20.0,0.4,85.0,0.39,27.8,0.42,130.91,0.43,50.0,0.01,0.02,2329.876913,1776364701000
1776364703.095,203.095,0.5,10.7,0.49,50.0,0.59,229.0,0.6,15.0,0.41,137.0,0.4,20.0,0.44,25.0,0.45,100.0,0.09,0.03,2329.876913,1776364701000
1776364703.458,203.458,0.47,60.0,0.46,55.0,0.52,65.0,0.53,70.0,0.46,9.0,0.41,250.0,0.51,25.0,0.52,25.0,0.05,0.05,2329.876913,1776364701000
1776364704.022,204.022,0.48,53.92,0.47,135.0,0.51,80.0,0.53,5.0,0.48,65.0,0.47,70.0,0.53,60.0,0.54,55.0,0.03,0.05,2329.683445,1776364702000
1776364704.3,204.3,0.48,40.01,0.47,210.0,0.49,10.0,0.5,10.0,0.5,10.0,0.49,10.0,0.52,44.69,0.53,210.0,0.01,0.02,2329.402838,1776364703000
1776364704.53,204.53,0.48,43.76,0.47,210.0,0.49,4.8,0.5,7.95,0.51,7.4,0.5,7.95,0.52,43.76,0.53,210.0,0.01,0.01,2329.402838,1776364703000
1776364704.742,204.742,0.48,10.7,0.47,210.0,0.49,10.0,0.51,10.0,0.49,10.0,0.48,15.0,0.52,15.7,0.53,210.0,0.01,0.03,2329.402838,1776364703000
1776364705.145,205.145,0.48,81.0,0.47,210.0,0.49,4.89,0.5,10.0,0.5,10.0,0.49,10.0,0.53,210.0,0.54,71.0,0.01,0.03,2329.402838,1776364703000
1776364705.447,205.447,0.48,70.0,0.47,390.0,0.51,10.0,0.52,10.0,0.51,2.8,0.5,10.0,0.52,70.0,0.53,447.0,0.03,0.01,2329.41,1776364704000
1776364706.065,206.065,0.48,71.15,0.47,390.0,0.49,10.0,0.5,15.0,0.49,10.0,0.48,10.0,0.52,70.0,0.53,390.0,0.01,0.03,2329.41,1776364704000
1776364706.604,206.604,0.48,61.17,0.47,385.0,0.49,15.0,0.5,10.0,0.51,10.0,0.5,15.0,0.52,71.15,0.53,390.0,0.01,0.01,2329.49875,1776364705000
1776364707.269,207.269,0.48,55.35,0.47,380.0,0.49,4.07,0.5,10.0,0.51,9.18,0.5,10.0,0.52,50.35,0.53,380.0,0.01,0.01,2329.5,1776364706000
1776364707.582,207.582,0.48,55.35,0.47,390.0,0.5,8.07,0.51,15.0,0.51,4.07,0.5,10.0,0.52,55.35,0.53,380.0,0.02,0.01,2329.5,1776364706000
1776364708.646,208.646,0.5,5.0,0.49,29.55,0.53,0.15,0.57,10.0,0.5,8.07,0.49,15.0,0.52,55.35,0.53,390.0,0.03,0.02,2329.510976,1776364707000
1776364709.155,209.155,0.52,12.61,0.51,50.0,0.57,6.63,0.58,9.0,0.43,6.63,0.42,9.0,0.48,9.61,0.5,27.0,0.05,0.05,2329.510976,1776364707000
1776364709.809,209.809,0.55,5.0,0.52,17.0,0.6,69.67,0.61,67.8,0.43,6.63,0.42,9.0,0.48,12.61,0.49,50.0,0.05,0.05,2329.656227,1776364708000
1776364710.135,210.135,0.55,45.0,0.52,10.0,0.57,19.69,0.58,5.0,0.4,69.67,0.39,67.8,0.45,5.0,0.48,17.0,0.02,0.05,2329.721591,1776364709000
1776364711.141,211.141,0.53,5.0,0.51,70.0,0.56,25.0,0.57,27.0,0.43,19.69,0.42,5.0,0.45,45.0,0.48,10.0,0.03,0.02,2329.721591,1776364709000
1776364711.485,211.485,0.49,19.55,0.47,240.0,0.5,164.0,0.51,130.0,0.5,36.82,0.49,90.0,0.51,19.55,0.53,240.0,0.01,0.01,2329.867671,1776364710000
1776364711.83,211.83,0.47,20.93,0.45,10.0,0.48,148.0,0.49,10.0,0.52,141.0,0.51,10.0,0.53,24.05,0.54,55.0,0.01,0.01,2329.867671,1776364710000
1776364712.443,212.443,0.41,89.9,0.4,30.0,0.44,50.0,0.45,21.0,0.52,153.0,0.51,10.0,0.57,20.0,0.58,10.0,0.03,0.05,2329.769277,1776364711000
1776364713.484,213.484,0.39,60.0,0.38,25.0,0.4,9.0,0.41,11.0,0.56,50.0,0.55,21.0,0.59,89.9,0.6,30.0,0.01,0.03,2329.519274,1776364712000
1776364714.19,214.19,0.43,11.62,0.41,50.0,0.48,2.66,0.49,10.0,0.6,9.0,0.59,11.0,0.61,60.0,0.62,25.0,0.05,0.01,2329.176282,1776364713000
1776364714.93,214.93,0.43,107.0,0.42,90.0,0.48,10.0,0.51,10.0,0.52,2.66,0.51,10.0,0.59,39.44,0.6,5.0,0.05,0.07,2329.174958,1776364714000
1776364715.363,215.363,0.49,24.36,0.48,15.0,0.5,5.0,0.53,10.0,0.49,5.37,0.47,15.0,0.53,10.63,0.57,107.0,0.01,0.04,2329.174958,1776364714000
1776364715.735,215.735,0.51,8.88,0.5,103.0,0.55,30.0,0.56,60.0,0.47,10.0,0.46,10.0,0.51,24.36,0.52,15.0,0.04,0.04,2329.174958,1776364714000
1776364716.337,216.337,0.57,26.0,0.56,10.0,0.58,257.67,0.6,15.0,0.45,30.0,0.44,60.0,0.49,8.88,0.5,103.0,0.01,0.04,2329.244492,1776364715000
1776364716.605,216.605,0.57,1.81,0.56,15.0,0.58,255.61,0.6,15.0,0.42,265.61,0.41,10.0,0.43,26.0,0.44,10.0,0.01,0.01,2329.244492,1776364715000
1776364716.808,216.808,0.57,11.81,0.56,135.0,0.58,148.7,0.6,15.0,0.42,195.26,0.4,15.0,0.43,11.81,0.44,135.0,0.01,0.01,2329.244492,1776364715000
1776364717.219,217.219,0.6,21.0,0.59,185.0,0.64,30.0,0.65,35.8,0.39,3.88,0.36,20.0,0.41,75.0,0.42,96.0,0.04,0.02,2329.394601,1776364716000
1776364717.444,217.444,0.61,45.0,0.6,18.0,0.64,30.0,0.65,35.8,0.39,5.0,0.36,30.0,0.4,11.0,0.41,190.0,0.03,0.01,2329.394601,1776364716000
1776364717.862,217.862,0.62,5.0,0.61,65.0,0.63,20.03,0.64,40.5,0.36,30.0,0.35,35.8,0.39,45.0,0.4,18.0,0.01,0.03,2329.654927,1776364717000
1776364718.637,218.637,0.62,8.86,0.61,75.5,0.63,5.0,0.64,30.5,0.37,20.03,0.36,40.5,0.38,5.0,0.39,65.0,0.01,0.01,2329.654927,1776364717000
1776364720.206,220.206,0.61,80.42,0.6,21.5,0.63,5.0,0.64,40.5,0.37,5.0,0.36,30.5,0.38,8.86,0.39,75.5,0.02,0.01,2330.019451,1776364719000
1776364720.906,220.906,0.63,31.91,0.62,10.0,0.64,35.5,0.65,46.3,0.37,5.0,0.36,40.5,0.39,88.42,0.4,21.5,0.01,0.02,2330.038705,1776364720000
1776364722.981,222.981,0.63,31.91,0.62,10.0,0.64,7.4,0.65,36.3,0.36,35.5,0.35,46.3,0.37,31.91,0.38,10.0,0.01,0.01,2330.039713,1776364721000
1776364724.609,224.609,0.63,37.91,0.62,230.5,0.66,25.0,0.68,85.0,0.36,7.4,0.35,36.3,0.37,31.91,0.38,10.0,0.03,0.01,2330.050227,1776364723000
1776364725.558,225.558,0.67,4.0,0.66,60.0,0.68,78.0,0.69,25.0,0.32,85.0,0.31,25.0,0.37,37.91,0.38,230.5,0.01,0.05,2330.080486,1776364724000
1776364727.035,227.035,0.67,56.05,0.66,274.5,0.68,4.0,0.69,25.0,0.32,78.0,0.31,25.0,0.33,4.0,0.34,60.0,0.01,0.01,2330.142841,1776364725000
1776364728.165,228.165,0.69,69.0,0.68,309.5,0.7,7.2,0.71,60.0,0.32,4.0,0.31,25.0,0.33,56.05,0.34,274.5,0.01,0.01,2330.174145,1776364726000
1776364728.836,228.836,0.73,11.29,0.72,15.0,0.74,10.0,0.75,35.0,0.3,7.2,0.29,60.0,0.31,69.0,0.32,309.5,0.01,0.01,2330.175676,1776364727000
1776364729.941,229.941,0.76,60.0,0.75,16.76,0.78,48.52,0.79,105.0,0.26,10.0,0.25,35.0,0.27,11.29,0.28,15.0,0.02,0.01,2330.452179,1776364729000
1776364730.153,230.153,0.77,16.0,0.76,130.0,0.78,27.27,0.79,105.0,0.22,48.52,0.21,105.0,0.24,60.0,0.25,16.76,0.01,0.02,2330.452179,1776364729000
1776364731.541,231.541,0.77,25.65,0.76,130.0,0.78,25.73,0.79,100.0,0.22,25.73,0.21,100.0,0.23,15.0,0.24,132.33,0.01,0.01,2330.562973,1776364730000
1776364731.978,231.978,0.77,57.65,0.76,151.0,0.8,305.0,0.81,90.0,0.22,4.35,0.21,95.0,0.23,25.65,0.24,135.0,0.03,0.01,2330.562973,1776364730000
1776364732.474,232.474,0.8,30.0,0.79,115.0,0.81,20.0,0.82,205.0,0.2,305.0,0.19,90.0,0.23,57.65,0.24,151.0,0.01,0.03,2330.822835,1776364731000
1776364733.436,233.436,0.83,27.0,0.82,10.0,0.85,111.34,0.86,50.0,0.19,20.0,0.18,205.0,0.2,30.0,0.21,115.0,0.02,0.01,2330.952171,1776364732000
1776364733.738,233.738,0.84,10.0,0.83,20.0,0.85,2.41,0.86,25.0,0.15,77.41,0.14,50.0,0.16,17.0,0.17,10.0,0.01,0.01,2330.952171,1776364732000
1776364733.949,233.949,0.83,20.0,0.82,20.0,0.85,0.29,0.88,100.0,0.15,0.29,0.12,100.0,0.16,10.75,0.17,20.0,0.02,0.01,2330.952171,1776364732000
1776364734.167,234.167,0.87,30.23,0.86,10.0,0.88,18.0,0.89,136.79,0.12,100.0,0.11,151.79,0.17,20.0,0.18,20.0,0.01,0.05,2330.952171,1776364732000
1776364734.463,234.463,0.87,22.53,0.86,10.0,0.88,18.0,0.89,136.79,0.12,18.0,0.11,136.79,0.13,30.23,0.14,10.0,0.01,0.01,2331.22334,1776364733000
1776364734.762,234.762,0.87,25.83,0.86,10.0,0.88,18.0,0.89,136.79,0.12,18.0,0.11,136.79,0.13,33.53,0.14,10.0,0.01,0.01,2331.22334,1776364733000
1776364735.054,235.054,0.87,12.3,0.86,15.0,0.88,5.74,0.89,136.79,0.12,5.74,0.11,136.79,0.15,20.6,0.16,20.0,0.01,0.03,2331.22334,1776364733000
1776364735.334,235.334,0.87,12.3,0.86,15.0,0.88,10.55,0.89,146.79,0.12,5.74,0.11,136.79,0.13,12.3,0.14,15.0,0.01,0.01,2331.257227,1776364734000
1776364735.794,235.794,0.87,13.3,0.86,5.0,0.88,14.3,0.89,135.0,0.12,10.55,0.11,146.79,0.13,12.3,0.14,15.0,0.01,0.01,2331.257227,1776364734000
1776364736.111,236.111,0.87,13.3,0.86,15.0,0.88,22.41,0.89,135.0,0.12,14.3,0.11,135.0,0.13,13.3,0.14,5.0,0.01,0.01,2331.257227,1776364734000
1776364736.838,236.838,0.86,2.85,0.85,18.0,0.87,10.0,0.88,18.16,0.12,17.41,0.11,135.0,0.16,16.55,0.17,10.0,0.01,0.04,2331.246231,1776364735000
1776364737.088,237.088,0.84,5.0,0.82,10.0,0.87,7.36,0.88,18.16,0.13,8.85,0.12,18.16,0.15,8.0,0.16,5.0,0.03,0.02,2331.246231,1776364735000
1776364737.652,237.652,0.83,35.0,0.82,40.0,0.84,2.88,0.85,5.0,0.13,7.36,0.12,18.16,0.16,5.0,0.18,10.0,0.01,0.03,2331.242141,1776364736000
1776364738.221,238.221,0.84,12.62,0.83,29.11,0.87,27.36,0.88,3.16,0.14,7.24,0.13,17.36,0.17,29.11,0.18,40.0,0.03,0.03,2331.242141,1776364736000
1776364738.678,238.678,0.85,20.0,0.84,15.0,0.86,3.83,0.88,32.16,0.13,1.95,0.12,32.16,0.16,21.37,0.17,29.11,0.01,0.03,2331.20811,1776364737000
1776364738.981,238.981,0.85,8.42,0.84,15.0,0.86,3.83,0.87,9.0,0.14,3.83,0.13,9.0,0.15,13.33,0.16,15.0,0.01,0.01,2331.20811,1776364737000
1776364739.618,239.618,0.85,5.0,0.84,25.5,0.86,8.01,0.87,10.0,0.14,3.83,0.13,9.0,0.17,22.94,0.18,15.0,0.01,0.03,2331.097775,1776364738000
1776364740.55,240.55,0.84,28.0,0.83,19.94,0.85,3.02,0.86,13.01,0.14,8.01,0.13,10.0,0.16,13.43,0.17,43.44,0.01,0.02,2331.160249,1776364739000
1776364740.975,240.975,0.84,28.0,0.83,24.94,0.87,3.47,0.88,29.0,0.14,10.52,0.13,10.0,0.16,28.0,0.17,24.94,0.03,0.02,2331.160249,1776364739000
1776364741.368,241.368,0.87,48.48,0.85,10.0,0.88,10.0,0.89,201.0,0.14,4.0,0.13,10.02,0.15,10.0,0.16,28.0,0.01,0.01,2331.160249,1776364739000
1776364741.68,241.68,0.85,10.0,0.84,28.0,0.89,201.0,0.9,180.0,0.12,20.0,0.11,201.0,0.15,10.0,0.16,23.0,0.04,0.03,2331.137214,1776364740000
1776364742.77,242.77,0.85,14.0,0.84,10.0,0.87,31.0,0.88,10.0,0.13,10.0,0.12,23.0,0.16,6.12,0.17,19.94,0.02,0.03,2331.154798,1776364741000
1776364743.818,243.818,0.85,19.0,0.84,15.0,0.87,19.5,0.88,10.0,0.13,21.0,0.12,10.0,0.15,19.0,0.16,10.0,0.02,0.02,2331.068691,1776364742000
1776364744.019,244.019,0.85,17.61,0.84,15.0,0.87,18.35,0.88,10.0,0.13,18.35,0.12,10.0,0.15,19.0,0.16,15.0,0.02,0.02,2331.068691,1776364742000
1776364745.362,245.362,0.86,15.0,0.85,14.0,0.87,11.0,0.88,157.0,0.13,18.35,0.12,10.0,0.15,17.61,0.16,15.0,0.01,0.02,2331.006665,1776364744000
1776364745.816,245.816,0.87,5.08,0.86,10.0,0.88,107.0,0.89,180.0,0.13,11.0,0.12,157.0,0.14,15.0,0.15,14.0,0.01,0.01,2331.006665,1776364744000
1776364747.379,247.379,0.87,40.38,0.86,106.86,0.9,140.0,0.91,96.0,0.12,107.0,0.11,180.0,0.13,2.38,0.14,10.0,0.03,0.01,2331.012338,1776364746000
1776364747.759,247.759,0.88,5.0,0.87,45.38,0.89,8.25,0.9,140.0,0.1,140.0,0.09,96.0,0.13,40.38,0.14,106.86,0.01,0.03,2331.012338,1776364746000
1776364748.568,248.568,0.89,57.9,0.88,49.0,0.9,60.0,0.91,71.0,0.11,8.25,0.1,140.0,0.12,5.0,0.13,45.38,0.01,0.01,2331.08093,1776364747000
1776364748.788,248.788,0.89,82.9,0.88,39.0,0.91,21.0,0.92,72.0,0.1,4.4,0.09,71.0,0.11,67.9,0.12,39.0,0.02,0.01,2331.08093,1776364747000
1776364749.171,249.171,0.91,27.1,0.9,18.0,0.92,63.92,0.93,100.0,0.08,72.0,0.07,24.0,0.09,17.1,0.1,18.0,0.01,0.01,2331.157717,1776364748000
1776364749.993,249.993,0.91,42.1,0.9,18.0,0.94,108.92,0.95,225.8,0.08,63.92,0.07,100.0,0.09,27.1,0.1,18.0,0.03,0.01,2331.157717,1776364748000
1776364750.206,250.206,0.91,28.86,0.9,28.0,0.92,10.0,0.93,10.0,0.06,108.92,0.05,225.8,0.09,42.1,0.1,18.0,0.01,0.03,2331.192283,1776364749000
1776364750.449,250.449,0.91,28.86,0.9,28.0,0.92,8.81,0.93,15.0,0.08,10.0,0.07,10.0,0.09,28.86,0.1,28.0,0.01,0.01,2331.192283,1776364749000
1776364750.924,250.924,0.91,39.74,0.9,33.0,0.92,13.81,0.93,15.0,0.08,8.81,0.07,15.0,0.09,28.86,0.1,28.0,0.01,0.01,2331.192283,1776364749000
1776364751.422,251.422,0.91,27.74,0.9,73.0,0.92,7.72,0.93,15.0,0.08,13.81,0.07,15.0,0.09,39.74,0.1,33.0,0.01,0.01,2331.43714,1776364750000
1776364752.056,252.056,0.91,97.74,0.9,65.0,0.92,2.72,0.93,15.0,0.08,7.72,0.07,15.0,0.09,27.74,0.1,73.0,0.01,0.01,2331.43714,1776364750000
1776364752.544,252.544,0.91,97.74,0.9,65.0,0.93,15.0,0.94,108.92,0.08,2.72,0.07,15.0,0.09,97.74,0.1,65.0,0.02,0.01,2331.444562,1776364751000
1776364752.887,252.887,0.91,107.74,0.9,65.0,0.92,0.06,0.93,15.0,0.07,15.0,0.06,108.92,0.09,97.74,0.1,65.0,0.01,0.02,2331.444562,1776364751000
1776364753.493,253.493,0.92,10.0,0.91,102.74,0.93,8.66,0.94,108.92,0.08,0.06,0.07,15.0,0.09,107.74,0.1,65.0,0.01,0.01,2331.444562,1776364751000
1776364754.196,254.196,0.91,38.74,0.9,51.0,0.93,32.66,0.94,80.92,0.07,8.66,0.06,108.92,0.08,10.0,0.09,102.74,0.02,0.01,2331.46862,1776364752000
1776364754.818,254.818,0.93,69.06,0.92,108.0,0.94,50.92,0.95,150.0,0.06,102.92,0.05,225.8,0.07,23.06,0.09,54.74,0.01,0.01,2331.488867,1776364753000
1776364755.455,255.455,0.94,14.5,0.93,58.06,0.95,150.0,0.96,50.0,0.05,150.0,0.04,50.0,0.07,75.06,0.08,95.0,0.01,0.02,2331.488867,1776364753000
1776364755.988,255.988,0.94,36.5,0.93,58.06,0.95,137.89,0.96,50.0,0.05,147.89,0.04,50.0,0.06,14.5,0.07,58.06,0.01,0.01,2331.489625,1776364754000
1776364756.258,256.258,0.95,15.71,0.94,36.5,0.96,30.0,0.97,464.0,0.04,50.0,0.03,464.0,0.06,36.5,0.07,58.06,0.01,0.02,2331.454027,1776364755000
1776364756.598,256.598,0.95,20.0,0.94,41.5,0.97,393.0,0.98,531.7,0.04,30.0,0.03,464.0,0.05,15.71,0.06,36.5,0.02,0.01,2331.454027,1776364755000
1776364756.888,256.888,0.95,20.0,0.94,51.5,0.97,382.27,0.98,531.7,0.03,382.27,0.02,531.7,0.05,20.0,0.06,41.5,0.02,0.02,2331.454027,1776364755000
1776364758.535,258.535,0.95,160.5,0.94,120.8,0.97,36.15,0.98,501.0,0.04,2.91,0.03,382.27,0.05,25.0,0.06,115.3,0.02,0.01,2331.961518,1776364757000
1776364758.874,258.874,0.96,108.84,0.95,155.5,0.98,501.0,0.99,4905.76,0.03,36.15,0.02,501.0,0.04,15.85,0.05,155.5,0.02,0.01,2331.961518,1776364757000
1776364759.378,259.378,0.97,34.93,0.96,114.44,0.98,511.0,0.99,5205.76,0.02,501.0,0.01,4905.76,0.04,114.44,0.05,155.5,0.01,0.02,2331.985675,1776364758000
1776364759.772,259.772,0.97,29.78,0.96,114.3,0.98,490.89,0.99,5205.76,0.02,490.89,0.01,5205.76,0.03,43.17,0.04,114.3,0.01,0.01,2331.985675,1776364758000
1776364759.995,259.995,0.96,100.8,0.95,150.5,0.98,477.48,0.99,5205.76,0.03,10.0,0.02,490.89,0.04,95.8,0.05,150.5,0.02,0.01,2331.985675,1776364758000
1776364760.998,260.998,0.97,133.7,0.96,105.8,0.98,355.95,0.99,5205.76,0.02,366.06,0.01,5205.76,0.03,138.7,0.04,105.8,0.01,0.01,2332.031482,1776364759000
1776364761.211,261.211,0.97,10.0,0.96,105.8,0.98,268.2,0.99,5210.76,0.02,312.2,0.01,5210.76,0.03,128.7,0.04,105.8,0.01,0.01,2332.031482,1776364759000
1776364761.958,261.958,0.97,163.85,0.96,148.8,0.98,4.49,0.99,2802.76,0.02,263.2,0.01,5210.76,0.03,10.0,0.04,105.8,0.01,0.01,2332.081992,1776364760000
1776364762.404,262.404,0.97,27.15,0.96,30.0,0.98,122.43,0.99,2899.76,0.02,3.46,0.01,2802.76,0.03,168.85,0.04,148.8,0.01,0.01,2332.091012,1776364761000
1776364762.632,262.632,0.96,15.0,0.95,134.85,0.98,410.1,0.99,2705.76,0.03,321.9,0.02,295.1,0.04,10.0,0.05,102.85,0.02,0.01,2332.091012,1776364761000
1776364762.878,262.878,0.97,91.54,0.96,44.0,0.99,2512.8,,,0.01,2522.8,,,0.03,81.54,0.04,44.0,0.02,0.02,2332.091012,1776364761000
1776364763.286,263.286,0.98,5.09,0.97,81.54,0.99,2521.77,,,0.01,2512.8,,,0.03,91.54,0.04,44.0,0.01,0.02,2332.091012,1776364761000
1776364763.585,263.585,0.98,5.09,0.97,76.54,0.99,2491.62,,,0.01,2508.71,,,0.02,5.09,0.03,76.54,0.01,0.01,2332.131975,1776364762000
1776364764.406,264.406,0.97,195.24,0.96,127.7,0.99,2494.99,,,0.01,2481.62,,,0.02,5.09,0.03,76.54,0.02,0.01,2332.152685,1776364763000
1776364764.749,264.749,0.97,195.24,0.96,127.7,0.99,2476.88,,,0.01,2477.9,,,0.03,195.24,0.04,127.7,0.02,0.02,2332.152685,1776364763000
1776364765.105,265.105,0.97,195.24,0.96,127.7,0.99,2471.83,,,0.01,2476.88,,,0.03,195.24,0.04,127.7,0.02,0.02,2332.152685,1776364763000
1776364765.354,265.354,0.97,195.24,0.96,127.7,0.99,2454.74,,,0.01,2471.83,,,0.03,195.24,0.04,127.7,0.02,0.02,2332.152685,1776364763000
1776364765.806,265.806,0.97,195.24,0.96,127.7,0.99,2293.72,,,0.01,2454.74,,,0.03,195.24,0.04,127.7,0.02,0.02,2332.087834,1776364764000
1776364766.297,266.297,0.97,195.24,0.96,127.7,0.98,48.97,0.99,2283.72,0.01,2293.72,,,0.03,195.24,0.04,127.7,0.01,0.02,2332.079035,1776364765000
1776364768.018,268.018,0.97,195.24,0.96,125.7,0.98,40.83,0.99,2334.92,0.02,45.88,0.01,2283.72,0.03,195.24,0.04,127.7,0.01,0.01,2332.075175,1776364766000
1776364768.22,268.22,0.97,195.24,0.96,125.7,0.98,35.72,0.99,2334.92,0.02,40.83,0.01,2334.92,0.03,195.24,0.04,125.7,0.01,0.01,2332.077423,1776364767000
1776364769.266,269.266,0.97,236.24,0.96,103.7,0.98,10.72,0.99,2234.92,0.02,35.72,0.01,2334.92,0.03,195.24,0.04,125.7,0.01,0.01,2332.077423,1776364767000
1776364770.411,270.411,0.98,382.08,0.97,241.55,0.99,1645.3,,,0.02,10.72,0.01,2234.92,0.03,236.24,0.04,103.7,0.01,0.01,2332.0274,1776364769000
1776364770.657,270.657,0.98,387.08,0.97,236.55,0.99,1600.3,,,0.01,1645.3,,,0.02,382.08,0.03,241.55,0.01,0.01,2332.0274,1776364769000
1776364771.798,271.798,0.98,352.08,0.97,216.55,0.99,1497.29,,,0.01,1497.29,,,0.02,387.08,0.03,236.55,0.01,0.01,2332.0274,1776364769000
1776364772.409,272.409,0.98,352.08,0.97,216.55,0.99,1453.85,,,0.01,1494.25,,,0.02,352.08,0.03,216.55,0.01,0.01,2332.096151,1776364771000
1776364772.855,272.855,0.98,385.08,0.97,195.55,0.99,1438.68,,,0.01,1443.74,,,0.02,352.08,0.03,216.55,0.01,0.01,2332.096151,1776364771000
1776364773.338,273.338,0.98,395.08,0.97,195.55,0.99,1413.45,,,0.01,1418.68,,,0.02,395.08,0.03,195.55,0.01,0.01,2332.096151,1776364771000
1776364773.546,273.546,0.98,395.08,0.97,195.55,0.99,1378.4,,,0.01,1408.4,,,0.02,395.08,0.03,195.55,0.01,0.01,2332.279315,1776364772000
1776364773.837,273.837,0.98,385.17,0.97,195.55,0.99,1345.68,,,0.01,1345.68,,,0.02,395.08,0.03,195.55,0.01,0.01,2332.279315,1776364772000
1776364774.14,274.14,0.98,385.17,0.97,195.55,0.99,1339.61,,,0.01,1340.63,,,0.02,385.17,0.03,195.55,0.01,0.01,2332.26889,1776364773000
1776364774.395,274.395,0.98,375.17,0.97,205.55,0.99,1328.54,,,0.01,1333.59,,,0.02,380.17,0.03,195.55,0.01,0.01,2332.26889,1776364773000
1776364775.159,275.159,0.98,221.38,0.97,71.85,0.99,1250.14,,,0.01,1290.14,,,0.02,373.8,0.03,205.55,0.01,0.01,2332.26889,1776364773000
1776364775.463,275.463,0.98,221.38,0.97,71.85,0.99,1209.78,,,0.01,1214.78,,,0.02,221.38,0.03,71.85,0.01,0.01,2332.405758,1776364774000
1776364775.965,275.965,0.98,221.38,0.97,71.85,0.99,1139.58,,,0.01,1144.63,,,0.02,221.38,0.03,71.85,0.01,0.01,2332.405758,1776364774000
1776364776.198,276.198,0.98,221.38,0.97,71.85,0.99,1075.64,,,0.01,1115.64,,,0.02,221.38,0.03,71.85,0.01,0.01,2332.408748,1776364775000
1776364776.443,276.443,0.98,221.38,0.97,71.85,0.99,1048.58,,,0.01,1068.58,,,0.02,221.38,0.03,71.85,0.01,0.01,2332.408748,1776364775000
1776364776.828,276.828,0.98,221.38,0.97,71.85,0.99,1043.58,,,0.01,1048.58,,,0.02,221.38,0.03,71.85,0.01,0.01,2332.408748,1776364775000
1776364777.028,277.028,0.98,221.38,0.97,71.85,0.99,810.53,,,0.01,811.55,,,0.02,221.38,0.03,71.85,0.01,0.01,2332.408748,1776364775000
1776364777.525,277.525,0.98,198.38,0.97,104.85,0.99,840.11,,,0.01,745.17,,,0.02,221.38,0.03,81.85,0.01,0.01,2332.413091,1776364776000
1776364778.086,278.086,0.98,198.38,0.97,94.85,0.99,837.07,,,0.01,839.09,,,0.02,198.38,0.03,94.85,0.01,0.01,2332.413091,1776364776000
1776364778.96,278.96,0.98,198.38,0.97,94.85,0.99,727.97,,,0.01,828.99,,,0.02,198.38,0.03,94.85,0.01,0.01,2332.538959,1776364777000
1776364779.506,279.506,0.98,193.38,0.97,94.85,0.99,697.97,,,0.01,727.97,,,0.02,198.38,0.03,94.85,0.01,0.01,2332.547186,1776364778000
1776364780.14,280.14,0.98,193.38,0.97,94.85,0.99,696.95,,,0.01,697.97,,,0.02,193.38,0.03,94.85,0.01,0.01,2332.547186,1776364778000
1776364780.34,280.34,0.98,193.38,0.97,94.85,0.99,692.91,,,0.01,692.91,,,0.02,193.38,0.03,94.85,0.01,0.01,2332.547186,1776364778000
1776364780.624,280.624,0.98,193.38,0.97,94.85,0.99,624.79,,,0.01,626.81,,,0.02,193.38,0.03,94.85,0.01,0.01,2332.54375,1776364779000
1776364781.012,281.012,0.98,318.38,0.97,94.85,0.99,522.79,,,0.01,552.79,,,0.02,193.38,0.03,94.85,0.01,0.01,2332.54375,1776364779000
1776364781.535,281.535,0.99,9778.3,0.98,213.38,,,,,,,,,0.01,3768.05,0.02,218.38,,,2332.560391,1776364780000
1776364781.908,281.908,0.99,9777.4,0.98,203.38,,,,,,,,,0.01,9778.3,0.02,213.38,,,2332.560391,1776364780000
1776364782.447,282.447,0.99,9790.67,0.98,213.38,,,,,,,,,0.01,9777.4,0.02,203.38,,,2332.560391,1776364780000
1776364783.443,283.443,0.99,7958.97,0.98,183.38,,,,,,,,,0.01,9790.67,0.02,213.38,,,2333.281485,1776364782000
1776364786.582,286.582,0.99,7231.1,0.98,188.38,,,,,,,,,0.01,7954.31,0.02,183.38,,,2333.527175,1776364785000
1776364795.491,295.491,0.99,8124.42,0.98,183.38,,,,,,,,,0.01,7231.1,0.02,188.38,,,2332.545731,1776364794000
1776364795.759,295.759,0.99,7500.63,0.98,183.38,,,,,,,,,0.01,8124.23,0.02,183.38,,,2332.545731,1776364794000

# RESULT,winner=Up,slug=eth-updown-5m-1776364500,ticks=355
