timestamp,elapsed_sec,up_bid_p1,up_bid_s1,up_bid_p2,up_bid_s2,up_ask_p1,up_ask_s1,up_ask_p2,up_ask_s2,down_bid_p1,down_bid_s1,down_bid_p2,down_bid_s2,down_ask_p1,down_ask_s1,down_ask_p2,down_ask_s2,up_spread,down_spread,eth_price,eth_oracle_ts
1776283500.509,0.509,0.51,105.6,0.5,16.0,0.52,39.89,0.53,40.0,0.48,9.89,0.47,10.63,0.49,100.6,0.5,16.0,0.01,0.01,2370.030219,1776283499000
1776283501.178,1.178,0.51,100.6,0.5,16.0,0.52,9.89,0.53,10.63,0.48,9.89,0.47,10.63,0.49,100.6,0.5,16.0,0.01,0.01,2370.032562,1776283500000
1776283502.496,2.496,0.52,10.0,0.51,123.6,0.53,1.88,0.54,108.89,0.46,85.89,0.44,7.0,0.49,130.6,0.5,29.0,0.01,0.03,2370.032562,1776283500000
1776283502.776,2.776,0.52,10.0,0.51,123.6,0.54,103.12,0.55,15.0,0.46,103.12,0.45,15.0,0.48,10.0,0.49,123.6,0.02,0.02,2370.16511,1776283501000
1776283503.427,3.427,0.52,16.0,0.51,144.6,0.53,14.6,0.54,118.12,0.46,103.12,0.45,15.0,0.48,16.0,0.49,139.6,0.01,0.02,2370.16511,1776283501000
1776283503.878,3.878,0.52,9.87,0.51,125.6,0.53,14.6,0.54,118.12,0.47,14.6,0.46,118.12,0.48,16.0,0.49,144.6,0.01,0.01,2370.21998,1776283502000
1776283504.145,4.145,0.51,119.28,0.5,49.0,0.52,5.0,0.53,4.6,0.47,9.6,0.46,118.12,0.49,125.16,0.5,44.0,0.01,0.02,2370.21998,1776283502000
1776283505.657,5.657,0.51,114.28,0.5,49.0,0.52,15.0,0.53,14.6,0.48,5.0,0.47,4.6,0.49,119.28,0.5,49.0,0.01,0.01,2370.21374,1776283503000
1776283506.29,6.29,0.51,81.97,0.5,16.0,0.52,25.0,0.53,16.6,0.48,15.0,0.47,14.6,0.49,114.28,0.5,49.0,0.01,0.01,2370.08721,1776283504000
1776283506.649,6.649,0.52,57.66,0.51,81.97,0.53,16.6,0.54,136.12,0.47,16.6,0.46,136.12,0.48,57.66,0.49,81.97,0.01,0.01,2370.068328,1776283505000
1776283507.052,7.052,0.52,58.66,0.51,96.97,0.53,16.6,0.54,125.12,0.47,16.6,0.46,136.12,0.48,57.66,0.49,81.97,0.01,0.01,2370.068328,1776283505000
1776283507.483,7.483,0.52,63.66,0.51,96.97,0.53,11.59,0.54,125.12,0.47,11.59,0.46,125.12,0.48,63.66,0.49,96.97,0.01,0.01,2370.068622,1776283506000
1776283508.202,8.202,0.52,63.66,0.51,96.97,0.53,11.59,0.54,125.12,0.47,11.59,0.46,125.12,0.48,63.66,0.49,96.97,0.01,0.01,2370.064152,1776283507000
1776283509.667,9.667,0.52,63.66,0.51,96.97,0.53,11.59,0.54,125.12,0.47,11.59,0.46,125.12,0.48,63.66,0.49,96.97,0.01,0.01,2370.040337,1776283508000
1776283510.435,10.435,0.52,63.66,0.51,86.97,0.53,74.64,0.54,136.12,0.47,11.59,0.46,125.12,0.48,63.66,0.49,96.97,0.01,0.01,2370.040337,1776283508000
1776283510.648,10.648,0.52,63.66,0.51,86.97,0.53,74.64,0.54,136.12,0.47,74.64,0.46,136.12,0.48,63.66,0.49,86.97,0.01,0.01,2370.052755,1776283509000
1776283510.875,10.875,0.52,120.54,0.51,266.97,0.53,3.59,0.54,136.12,0.47,26.59,0.46,136.12,0.48,115.54,0.49,266.97,0.01,0.01,2370.052755,1776283509000
1776283511.511,11.511,0.53,293.0,0.52,113.54,0.54,82.12,0.55,28.33,0.47,3.59,0.46,136.12,0.48,120.54,0.49,266.97,0.01,0.01,2370.047379,1776283510000
1776283513.014,13.014,0.53,308.5,0.52,118.54,0.54,86.62,0.55,28.33,0.46,82.12,0.45,28.33,0.47,293.0,0.48,113.54,0.01,0.01,2370.033283,1776283511000
1776283513.942,13.942,0.53,235.0,0.52,176.54,0.54,77.84,0.55,28.33,0.46,86.62,0.45,28.33,0.47,308.5,0.48,118.54,0.01,0.01,2370.039518,1776283512000
1776283514.439,14.439,0.53,291.61,0.52,129.04,0.54,79.84,0.55,28.33,0.46,77.84,0.45,28.33,0.47,235.0,0.48,176.54,0.01,0.01,2370.12588,1776283513000
1776283515.583,15.583,0.52,37.54,0.51,76.97,0.53,10.0,0.54,270.93,0.46,79.84,0.45,28.33,0.47,291.61,0.48,129.04,0.01,0.01,2370.12588,1776283513000
1776283515.792,15.792,0.47,9.7,0.46,193.0,0.49,32.0,0.5,25.0,0.51,20.0,0.5,15.0,0.52,7.1,0.53,10.0,0.02,0.01,2370.13414,1776283514000
1776283516.0,16.0,0.47,33.71,0.46,198.0,0.48,14.0,0.49,66.0,0.51,32.0,0.5,25.0,0.53,9.7,0.54,193.0,0.01,0.02,2370.13414,1776283514000
1776283516.404,16.404,0.47,24.27,0.46,198.0,0.48,50.62,0.49,130.81,0.52,14.0,0.51,66.0,0.53,33.71,0.54,198.0,0.01,0.01,2370.12072,1776283515000
1776283516.9,16.9,0.46,8.0,0.45,5.0,0.48,389.74,0.49,93.31,0.52,50.62,0.51,130.81,0.53,15.17,0.54,198.0,0.02,0.01,2370.12072,1776283515000
1776283517.194,17.194,0.46,1.92,0.45,5.0,0.47,136.3,0.48,248.5,0.53,25.5,0.52,358.74,0.54,1.92,0.55,5.0,0.01,0.01,2370.12072,1776283515000
1776283517.701,17.701,0.46,12.33,0.45,83.5,0.47,31.0,0.48,32.0,0.53,120.8,0.52,53.0,0.54,10.56,0.55,25.5,0.01,0.01,2370.11518,1776283516000
1776283517.995,17.995,0.46,1.24,0.45,83.5,0.47,47.0,0.48,32.0,0.53,31.0,0.52,32.0,0.54,12.33,0.55,83.5,0.01,0.01,2370.11518,1776283516000
1776283518.648,18.648,0.46,1.98,0.45,83.5,0.47,47.0,0.48,90.0,0.53,47.0,0.52,32.0,0.54,1.24,0.55,83.5,0.01,0.01,2369.682889,1776283517000
1776283522.143,22.143,0.48,68.19,0.47,5.0,0.49,65.31,0.5,63.5,0.53,47.0,0.52,90.0,0.54,1.98,0.55,83.5,0.01,0.01,2369.57551,1776283520000
1776283523.361,23.361,0.48,68.19,0.47,5.0,0.49,307.81,0.5,53.5,0.51,65.31,0.5,63.5,0.52,68.19,0.53,5.0,0.01,0.01,2369.654925,1776283521000
1776283526.771,26.771,0.48,58.09,0.47,5.0,0.49,361.55,0.5,84.5,0.51,307.81,0.5,53.5,0.52,68.19,0.53,5.0,0.01,0.01,2369.61845,1776283525000
1776283527.32,27.32,0.48,58.09,0.47,5.0,0.49,353.75,0.5,84.5,0.51,361.55,0.5,84.5,0.52,58.09,0.53,5.0,0.01,0.01,2369.61845,1776283525000
1776283529.611,29.611,0.48,53.25,0.47,5.0,0.49,323.32,0.5,64.5,0.51,353.75,0.5,84.5,0.52,58.09,0.53,5.0,0.01,0.01,2369.52249,1776283528000
1776283530.912,30.912,0.48,83.34,0.47,5.0,0.49,249.82,0.5,122.5,0.51,323.32,0.5,64.5,0.52,53.25,0.53,5.0,0.01,0.01,2369.558285,1776283529000
1776283531.527,31.527,0.49,50.0,0.48,331.34,0.51,20.69,0.52,25.5,0.51,249.82,0.5,122.5,0.52,83.34,0.53,5.0,0.02,0.01,2369.551015,1776283530000
1776283531.733,31.733,0.49,15.0,0.48,48.34,0.5,99.9,0.51,15.0,0.49,20.69,0.48,25.5,0.51,50.0,0.52,331.34,0.01,0.02,2369.551015,1776283530000
1776283532.032,32.032,0.48,48.34,0.44,5.0,0.49,167.5,0.5,210.5,0.5,128.9,0.49,25.21,0.51,10.0,0.52,48.34,0.01,0.01,2369.551015,1776283530000
1776283532.243,32.243,0.48,47.34,0.46,11.0,0.49,252.5,0.5,51.5,0.51,167.5,0.5,210.5,0.52,48.34,0.56,5.0,0.01,0.01,2369.551015,1776283530000
1776283532.866,32.866,0.4,20.27,0.39,20.0,0.42,45.0,0.43,25.0,0.51,457.12,0.5,61.5,0.56,6.76,0.58,5.0,0.02,0.05,2369.516643,1776283532000
1776283533.529,33.529,0.37,6.82,0.36,12.0,0.38,60.0,0.39,138.44,0.58,45.0,0.57,25.0,0.6,20.27,0.61,20.0,0.01,0.02,2369.516643,1776283532000
1776283533.937,33.937,0.36,56.0,0.35,127.5,0.37,49.0,0.38,40.0,0.62,60.0,0.61,138.44,0.63,6.82,0.64,12.0,0.01,0.01,2369.516643,1776283532000
1776283534.203,34.203,0.36,89.43,0.35,326.5,0.37,5.0,0.38,46.0,0.63,11.0,0.62,46.0,0.64,84.43,0.65,321.5,0.01,0.01,2369.5021,1776283533000
1776283534.639,34.639,0.37,51.0,0.36,93.36,0.38,65.0,0.39,133.94,0.62,40.0,0.61,149.44,0.64,87.86,0.65,326.5,0.01,0.02,2369.5021,1776283533000
1776283535.076,35.076,0.37,418.5,0.36,62.36,0.38,10.0,0.43,5.0,0.62,45.27,0.61,133.94,0.63,52.0,0.64,93.36,0.01,0.01,2369.5021,1776283533000
1776283536.304,36.304,0.44,10.0,0.43,20.0,0.45,161.41,0.46,264.5,0.57,1.84,0.56,18.0,0.62,5.0,0.63,418.5,0.01,0.05,2368.927207,1776283535000
1776283536.852,36.852,0.44,0.62,0.43,25.0,0.45,158.07,0.46,264.5,0.55,153.07,0.54,264.5,0.56,10.0,0.57,25.0,0.01,0.01,2368.927207,1776283535000
1776283538.117,38.117,0.45,55.5,0.44,305.35,0.46,30.04,0.47,5.0,0.55,158.07,0.54,264.5,0.56,0.62,0.57,25.0,0.01,0.01,2369.352943,1776283537000
1776283538.381,38.381,0.45,310.99,0.44,71.35,0.46,25.04,0.49,63.0,0.54,25.04,0.53,5.0,0.55,70.5,0.56,320.35,0.01,0.01,2369.352943,1776283537000
1776283538.652,38.652,0.45,310.99,0.44,86.35,0.46,24.93,0.49,18.0,0.54,25.04,0.51,63.0,0.55,310.99,0.56,71.35,0.01,0.01,2369.352943,1776283537000
1776283541.473,41.473,0.48,7.96,0.47,25.0,0.49,56.55,0.5,239.5,0.51,10.24,0.5,5.0,0.52,10.0,0.53,15.0,0.01,0.01,2369.628755,1776283540000
1776283543.441,43.441,0.48,2.96,0.47,20.0,0.49,186.67,0.5,289.5,0.51,56.55,0.5,239.5,0.52,7.96,0.53,25.0,0.01,0.01,2369.665822,1776283542000
1776283545.41,45.41,0.48,10.86,0.47,10.0,0.49,191.67,0.5,109.5,0.51,186.67,0.5,289.5,0.52,2.96,0.53,20.0,0.01,0.01,2369.638776,1776283544000
1776283546.252,46.252,0.43,5.0,0.42,95.5,0.44,101.59,0.45,92.0,0.51,191.67,0.5,109.5,0.52,10.86,0.53,10.0,0.01,0.01,2369.638533,1776283545000
1776283546.518,46.518,0.42,3.27,0.41,95.5,0.43,110.0,0.44,355.09,0.56,101.59,0.55,92.0,0.57,5.0,0.58,95.5,0.01,0.01,2369.638533,1776283545000
1776283546.796,46.796,0.41,5.0,0.4,146.5,0.43,130.0,0.44,175.09,0.57,110.0,0.56,355.09,0.58,3.27,0.59,95.5,0.02,0.01,2369.638533,1776283545000
1776283547.609,47.609,0.41,8.3,0.4,152.5,0.42,78.0,0.43,338.0,0.58,15.0,0.57,125.0,0.59,54.51,0.6,133.5,0.01,0.01,2369.623586,1776283546000
1776283548.374,48.374,0.41,43.3,0.4,274.5,0.42,90.0,0.43,255.0,0.58,78.0,0.57,338.0,0.59,8.3,0.6,152.5,0.01,0.01,2369.623586,1776283546000
1776283550.265,50.265,0.41,49.0,0.4,147.5,0.42,118.0,0.43,75.0,0.58,90.0,0.57,255.0,0.59,43.3,0.6,274.5,0.01,0.01,2369.379273,1776283548000
1776283550.788,50.788,0.41,344.11,0.4,87.5,0.42,43.0,0.43,15.0,0.58,118.0,0.57,75.0,0.59,49.0,0.6,147.5,0.01,0.01,2369.379273,1776283548000
1776283551.739,51.739,0.39,20.0,0.38,147.0,0.41,16.0,0.42,79.0,0.58,43.0,0.57,15.0,0.59,344.11,0.6,87.5,0.02,0.01,2369.33255,1776283550000
1776283552.115,52.115,0.4,65.0,0.39,77.46,0.41,51.56,0.42,86.5,0.59,16.0,0.58,79.0,0.61,16.96,0.62,147.0,0.01,0.02,2369.33255,1776283550000
1776283552.934,52.934,0.37,83.77,0.36,84.5,0.38,85.0,0.39,169.0,0.59,51.56,0.58,86.5,0.6,65.0,0.61,77.46,0.01,0.01,2369.336235,1776283551000
1776283554.279,54.279,0.36,23.77,0.35,24.0,0.37,96.5,0.38,132.5,0.62,85.0,0.61,169.0,0.63,83.77,0.64,84.5,0.01,0.01,2369.379385,1776283552000
1776283554.875,54.875,0.35,31.81,0.34,133.0,0.36,114.0,0.37,91.5,0.63,96.5,0.62,132.5,0.64,23.77,0.65,24.0,0.01,0.01,2369.220024,1776283553000
1776283555.525,55.525,0.32,55.81,0.31,65.0,0.34,10.0,0.35,15.0,0.64,114.0,0.63,91.5,0.65,16.06,0.66,133.0,0.02,0.01,2369.208434,1776283554000
1776283555.743,55.743,0.32,246.75,0.31,70.0,0.34,44.0,0.35,36.5,0.66,49.0,0.65,26.0,0.67,0.44,0.68,104.31,0.02,0.01,2369.208434,1776283554000
1776283556.475,56.475,0.33,0.52,0.32,50.0,0.34,170.69,0.35,216.5,0.66,44.0,0.65,36.5,0.68,246.75,0.69,70.0,0.01,0.02,2369.208434,1776283554000
1776283557.167,57.167,0.31,263.9,0.3,123.0,0.32,28.0,0.33,80.0,0.67,10.0,0.66,175.69,0.68,24.04,0.69,266.5,0.01,0.01,2369.208434,1776283554000
1776283557.566,57.566,0.31,303.08,0.3,139.0,0.32,44.0,0.33,135.0,0.68,28.0,0.67,80.0,0.69,263.9,0.7,123.0,0.01,0.01,2369.208434,1776283554000
1776283558.441,58.441,0.31,831.68,0.3,132.0,0.34,27.27,0.4,61.0,0.68,44.0,0.67,135.0,0.69,292.08,0.7,139.0,0.03,0.01,2368.807555,1776283557000
1776283558.893,58.893,0.39,45.18,0.38,39.0,0.4,72.74,0.41,138.5,0.6,67.74,0.59,133.5,0.61,20.0,0.62,25.0,0.01,0.01,2368.807555,1776283557000
1776283559.545,59.545,0.39,60.54,0.38,94.0,0.4,72.74,0.41,138.5,0.6,72.74,0.59,138.5,0.61,45.18,0.62,39.0,0.01,0.01,2368.807555,1776283557000
1776283559.813,59.813,0.39,50.54,0.38,274.0,0.4,72.74,0.41,149.5,0.6,72.74,0.59,138.5,0.61,60.54,0.62,94.0,0.01,0.01,2368.801762,1776283558000
1776283560.42,60.42,0.39,50.45,0.38,274.0,0.4,72.74,0.41,91.5,0.6,72.74,0.59,149.5,0.61,50.54,0.62,274.0,0.01,0.01,2368.860912,1776283559000
1776283560.805,60.805,0.39,40.45,0.38,274.0,0.4,146.85,0.41,91.5,0.6,72.74,0.59,91.5,0.61,50.45,0.62,274.0,0.01,0.01,2368.860912,1776283559000
1776283561.297,61.297,0.39,394.95,0.38,118.5,0.42,50.0,0.43,60.5,0.6,146.85,0.59,91.5,0.61,40.45,0.62,274.0,0.03,0.01,2368.860912,1776283559000
1776283562.03,62.03,0.43,20.0,0.42,20.0,0.44,76.48,0.45,85.5,0.58,46.84,0.57,60.5,0.61,394.95,0.62,118.5,0.01,0.03,2369.278019,1776283560000
1776283562.256,62.256,0.42,55.0,0.41,270.5,0.44,126.48,0.45,85.5,0.56,76.48,0.55,85.5,0.57,20.0,0.58,20.0,0.02,0.01,2369.278019,1776283560000
1776283563.871,63.871,0.37,66.98,0.36,99.5,0.38,26.0,0.39,26.0,0.56,126.48,0.55,85.5,0.58,55.0,0.59,270.5,0.01,0.02,2369.23523,1776283562000
1776283564.699,64.699,0.37,367.5,0.36,97.5,0.42,50.0,0.43,88.5,0.62,26.0,0.61,26.0,0.63,63.94,0.64,99.5,0.05,0.01,2369.503653,1776283563000
1776283564.992,64.992,0.4,14.91,0.39,18.73,0.42,60.0,0.43,75.5,0.58,50.0,0.57,88.5,0.63,367.5,0.64,97.5,0.02,0.05,2369.503653,1776283563000
1776283566.206,66.206,0.42,1.0,0.41,174.0,0.43,50.0,0.44,128.5,0.58,60.0,0.57,75.5,0.6,14.91,0.61,18.73,0.01,0.02,2369.362415,1776283564000
1776283566.487,66.487,0.42,38.0,0.41,179.0,0.43,55.0,0.44,128.5,0.57,50.0,0.56,128.5,0.58,1.0,0.59,174.0,0.01,0.01,2369.333016,1776283565000
1776283567.484,67.484,0.42,220.27,0.41,100.0,0.43,126.38,0.44,70.5,0.57,2.67,0.56,128.5,0.58,38.0,0.59,179.0,0.01,0.01,2369.333016,1776283565000
1776283568.724,68.724,0.44,95.5,0.43,87.5,0.45,1.77,0.47,19.0,0.57,126.38,0.56,70.5,0.58,213.14,0.59,100.0,0.01,0.01,2369.453902,1776283567000
1776283569.399,69.399,0.45,34.64,0.44,157.5,0.5,33.0,0.51,70.0,0.5,75.0,0.49,65.0,0.56,132.5,0.57,80.5,0.05,0.06,2369.39708,1776283568000
1776283570.227,70.227,0.49,27.5,0.48,111.0,0.51,3.73,0.52,10.0,0.51,6.83,0.5,38.0,0.53,63.0,0.54,2.0,0.02,0.02,2369.40804,1776283569000
1776283571.679,71.679,0.49,368.1,0.48,90.0,0.5,10.0,0.51,10.0,0.48,3.73,0.47,10.0,0.51,27.5,0.52,116.0,0.01,0.03,2369.8396,1776283570000
1776283572.981,72.981,0.52,351.5,0.51,177.0,0.53,10.0,0.54,59.34,0.5,10.0,0.49,10.0,0.51,368.1,0.52,90.0,0.01,0.01,2369.950762,1776283571000
1776283573.214,73.214,0.52,279.0,0.51,153.0,0.54,59.57,0.55,10.0,0.46,54.57,0.45,10.0,0.48,352.0,0.49,183.0,0.02,0.02,2370.106655,1776283572000
1776283573.831,73.831,0.53,263.0,0.52,86.5,0.54,51.57,0.55,73.0,0.46,59.57,0.45,10.0,0.48,279.0,0.49,153.0,0.01,0.02,2370.106655,1776283572000
1776283575.325,75.325,0.53,45.0,0.52,50.0,0.54,182.57,0.55,271.67,0.46,51.57,0.45,73.0,0.47,263.0,0.48,86.5,0.01,0.01,2370.252135,1776283574000
1776283576.842,76.842,0.52,20.0,0.51,235.0,0.53,97.0,0.54,142.07,0.46,182.57,0.45,238.49,0.47,40.0,0.48,50.0,0.01,0.01,2370.421846,1776283575000
1776283578.464,78.464,0.53,396.5,0.52,131.0,0.55,5.0,0.56,10.0,0.47,97.0,0.46,322.07,0.49,235.0,0.5,50.0,0.02,0.02,2370.278625,1776283577000
1776283578.939,78.939,0.57,104.51,0.56,31.0,0.58,15.0,0.59,70.5,0.45,5.0,0.44,10.0,0.47,396.5,0.48,131.0,0.01,0.02,2370.278625,1776283577000
1776283580.211,80.211,0.57,79.51,0.56,230.0,0.58,127.3,0.59,70.5,0.42,10.28,0.41,70.5,0.43,109.51,0.44,36.0,0.01,0.01,2370.225327,1776283579000
1776283581.234,81.234,0.57,85.51,0.56,230.0,0.58,192.87,0.59,75.5,0.42,127.3,0.41,70.5,0.43,79.51,0.44,230.0,0.01,0.01,2370.59362,1776283580000
1776283582.284,82.284,0.57,24.51,0.56,50.0,0.58,69.95,0.59,133.5,0.42,192.87,0.41,75.5,0.43,85.51,0.44,230.0,0.01,0.01,2370.689475,1776283581000
1776283582.693,82.693,0.57,13.0,0.56,50.0,0.58,83.16,0.59,128.5,0.42,69.95,0.41,133.5,0.43,24.51,0.44,50.0,0.01,0.01,2370.689475,1776283581000
1776283583.571,83.571,0.57,78.0,0.56,288.0,0.58,10.0,0.59,20.5,0.42,83.16,0.41,128.5,0.43,13.0,0.44,50.0,0.01,0.01,2370.61118,1776283582000
1776283584.331,84.331,0.57,334.0,0.56,66.0,0.58,10.0,0.59,10.0,0.42,10.0,0.41,20.5,0.43,78.0,0.44,288.0,0.01,0.01,2370.572265,1776283583000
1776283586.207,86.207,0.57,271.0,0.56,124.0,0.58,2.0,0.59,10.0,0.42,10.0,0.41,10.0,0.43,334.0,0.44,66.0,0.01,0.01,2370.552585,1776283584000
1776283587.519,87.519,0.57,276.0,0.56,129.0,0.6,78.43,0.61,97.82,0.42,2.0,0.41,10.0,0.43,271.0,0.44,124.0,0.03,0.01,2370.61429,1776283586000
1776283590.956,90.956,0.58,98.0,0.57,241.0,0.59,15.0,0.6,83.43,0.41,15.0,0.4,83.43,0.43,261.0,0.44,129.0,0.01,0.02,2370.60566,1776283589000
1776283593.27,93.27,0.5,49.74,0.49,50.0,0.52,15.5,0.53,29.5,0.41,15.0,0.4,83.43,0.42,98.0,0.43,241.0,0.02,0.01,2370.60567,1776283590000
1776283593.522,93.522,0.48,8.53,0.47,60.64,0.51,98.5,0.52,45.0,0.49,52.5,0.48,40.0,0.5,27.9,0.52,10.42,0.03,0.01,2370.729022,1776283592000
1776283593.891,93.891,0.49,18.0,0.48,70.0,0.5,15.0,0.51,10.0,0.49,156.5,0.48,45.0,0.53,49.59,0.54,55.0,0.01,0.04,2370.729022,1776283592000
1776283594.319,94.319,0.49,13.21,0.48,308.0,0.5,15.0,0.51,10.0,0.5,15.0,0.49,10.0,0.51,18.0,0.52,70.0,0.01,0.01,2370.595435,1776283593000
1776283595.459,95.459,0.49,347.21,0.48,107.92,0.51,15.0,0.52,26.5,0.5,15.0,0.49,10.0,0.51,13.21,0.52,308.0,0.02,0.01,2370.595435,1776283593000
1776283596.917,96.917,0.5,62.0,0.49,52.21,0.51,148.5,0.52,272.0,0.49,15.0,0.48,26.5,0.51,347.21,0.52,107.92,0.01,0.02,2370.2206,1776283595000
1776283598.149,98.149,0.5,42.0,0.49,52.21,0.51,80.5,0.52,335.0,0.49,148.5,0.48,272.0,0.5,62.0,0.51,52.21,0.01,0.01,2370.054498,1776283596000
1776283598.531,98.531,0.49,52.21,0.48,308.0,0.5,13.0,0.51,70.0,0.49,80.5,0.48,335.0,0.5,42.0,0.51,52.21,0.01,0.01,2370.054185,1776283597000
1776283598.825,98.825,0.49,49.26,0.48,128.0,0.5,13.0,0.51,138.5,0.5,13.0,0.49,70.0,0.51,52.21,0.52,308.0,0.01,0.01,2370.054185,1776283597000
1776283599.879,99.879,0.5,15.0,0.49,152.26,0.51,18.03,0.52,37.5,0.5,13.0,0.49,138.5,0.51,49.26,0.52,128.0,0.01,0.01,2370.043047,1776283598000
1776283600.184,100.184,0.5,275.0,0.49,94.26,0.51,8.03,0.52,32.5,0.49,18.03,0.48,37.5,0.5,15.0,0.51,152.26,0.01,0.01,2370.043047,1776283598000
1776283601.58,101.58,0.48,180.0,0.47,143.95,0.51,159.71,0.52,291.42,0.49,8.03,0.48,32.5,0.5,275.0,0.51,94.26,0.03,0.01,2370.028764,1776283600000
1776283603.009,103.009,0.42,42.7,0.41,74.0,0.43,20.0,0.44,31.0,0.49,159.71,0.48,291.42,0.52,180.0,0.53,143.95,0.01,0.03,2370.028764,1776283600000
1776283603.713,103.713,0.4,22.0,0.39,60.0,0.41,20.0,0.42,35.5,0.58,5.0,0.57,178.5,0.59,64.0,0.6,59.0,0.01,0.01,2370.117551,1776283602000
1776283604.934,104.934,0.39,34.0,0.38,76.0,0.4,20.0,0.41,78.0,0.59,20.0,0.58,35.5,0.6,22.0,0.61,60.0,0.01,0.01,2370.004704,1776283603000
1776283607.518,107.518,0.36,49.0,0.35,117.0,0.37,89.0,0.38,387.5,0.6,20.0,0.59,78.0,0.61,34.0,0.62,76.0,0.01,0.01,2369.456599,1776283605000
1776283608.22,108.22,0.35,47.79,0.34,306.0,0.36,133.0,0.37,136.29,0.63,154.29,0.62,144.5,0.65,64.0,0.66,68.0,0.01,0.02,2369.389235,1776283607000
1776283608.812,108.812,0.35,27.79,0.34,306.0,0.36,133.0,0.37,146.79,0.64,133.0,0.63,136.29,0.65,47.79,0.66,306.0,0.01,0.01,2369.389235,1776283607000
1776283609.941,109.941,0.34,37.0,0.33,60.0,0.35,133.0,0.36,128.0,0.64,133.0,0.63,146.79,0.65,27.79,0.66,306.0,0.01,0.01,2369.338865,1776283608000
1776283610.379,110.379,0.34,312.42,0.33,79.5,0.35,113.0,0.36,123.0,0.65,133.0,0.64,128.0,0.66,37.0,0.67,60.0,0.01,0.01,2369.278071,1776283609000
1776283610.829,110.829,0.32,9.0,0.31,127.0,0.35,207.5,0.36,262.0,0.65,113.0,0.64,123.0,0.66,312.42,0.67,79.5,0.03,0.01,2369.278071,1776283609000
1776283611.109,111.109,0.32,10.37,0.31,19.0,0.33,83.0,0.34,115.5,0.65,207.5,0.64,262.0,0.68,9.0,0.69,127.0,0.01,0.03,2369.278071,1776283609000
1776283613.94,113.94,0.31,14.0,0.3,8.0,0.32,49.0,0.33,315.46,0.67,124.96,0.66,150.0,0.68,10.37,0.69,69.0,0.01,0.01,2369.140962,1776283612000
1776283615.947,115.947,0.31,4.0,0.3,9.0,0.32,164.0,0.33,269.46,0.68,49.0,0.67,315.46,0.69,14.0,0.7,8.0,0.01,0.01,2368.972089,1776283615000
1776283617.426,117.426,0.29,133.0,0.28,245.0,0.3,38.0,0.31,115.0,0.68,159.0,0.67,269.46,0.69,4.0,0.7,9.0,0.01,0.01,2368.928825,1776283616000
1776283618.357,118.357,0.29,310.64,0.28,95.5,0.3,1.0,0.31,17.0,0.7,38.0,0.69,115.0,0.71,133.0,0.72,245.0,0.01,0.01,2368.928825,1776283616000
1776283619.507,119.507,0.36,10.0,0.35,348.0,0.38,40.52,0.39,65.5,0.7,1.0,0.69,17.0,0.71,310.64,0.72,95.5,0.02,0.01,2368.893059,1776283618000
1776283619.87,119.87,0.38,25.0,0.37,75.0,0.39,6.0,0.4,65.5,0.62,40.52,0.61,65.5,0.64,10.0,0.65,348.0,0.01,0.02,2368.893059,1776283618000
1776283620.18,120.18,0.38,300.0,0.37,70.0,0.43,71.0,0.44,65.0,0.61,6.0,0.6,65.5,0.62,25.0,0.63,75.0,0.05,0.01,2368.9355,1776283619000
1776283620.48,120.48,0.41,5.0,0.4,10.0,0.42,20.5,0.43,129.0,0.57,71.0,0.56,65.0,0.62,300.0,0.63,70.0,0.01,0.05,2368.9355,1776283619000
1776283621.135,121.135,0.42,15.0,0.41,15.0,0.43,23.5,0.44,65.0,0.58,20.5,0.57,129.0,0.59,5.0,0.6,10.0,0.01,0.01,2369.019409,1776283620000
1776283624.015,124.015,0.42,32.93,0.41,105.0,0.43,224.5,0.44,80.5,0.57,23.5,0.56,65.0,0.58,15.0,0.59,15.0,0.01,0.01,2369.549986,1776283622000
1776283624.692,124.692,0.42,27.93,0.41,5.0,0.43,400.05,0.44,86.5,0.57,224.5,0.56,80.5,0.58,32.93,0.59,105.0,0.01,0.01,2369.591067,1776283623000
1776283626.033,126.033,0.42,27.93,0.4,60.0,0.43,408.72,0.44,86.5,0.57,400.05,0.56,86.5,0.58,27.93,0.59,5.0,0.01,0.01,2369.599298,1776283624000
1776283626.72,126.72,0.4,97.42,0.39,50.0,0.41,57.48,0.42,80.5,0.57,408.72,0.56,86.5,0.6,60.0,0.61,50.0,0.01,0.03,2369.583367,1776283625000
1776283628.1,128.1,0.35,45.0,0.34,50.0,0.36,94.0,0.37,64.5,0.59,57.48,0.58,80.5,0.6,97.42,0.61,50.0,0.01,0.01,2369.515934,1776283627000
1776283628.3,128.3,0.35,35.16,0.34,50.0,0.36,94.0,0.37,294.5,0.64,94.0,0.63,64.5,0.65,45.0,0.66,50.0,0.01,0.01,2369.515934,1776283627000
1776283629.371,129.371,0.35,30.16,0.34,108.0,0.36,99.0,0.37,275.5,0.64,94.0,0.63,294.5,0.65,35.16,0.66,50.0,0.01,0.01,2369.514666,1776283628000
1776283629.942,129.942,0.34,52.96,0.33,78.0,0.35,99.0,0.36,322.5,0.64,99.0,0.63,275.5,0.65,30.16,0.66,108.0,0.01,0.01,2369.514666,1776283628000
1776283630.901,130.901,0.34,51.44,0.33,67.0,0.35,274.0,0.36,145.5,0.65,99.0,0.64,322.5,0.66,52.96,0.67,78.0,0.01,0.01,2369.292999,1776283629000
1776283631.373,131.373,0.34,43.86,0.33,67.0,0.35,235.0,0.36,153.5,0.65,274.0,0.64,145.5,0.66,51.44,0.67,67.0,0.01,0.01,2369.227535,1776283630000
1776283632.748,132.748,0.34,41.58,0.33,67.0,0.35,101.0,0.36,333.5,0.65,235.0,0.64,153.5,0.66,43.86,0.67,67.0,0.01,0.01,2369.219538,1776283631000
1776283634.481,134.481,0.25,140.16,0.24,50.0,0.26,40.5,0.27,115.0,0.65,101.0,0.64,333.5,0.66,41.58,0.67,67.0,0.01,0.01,2369.247835,1776283633000
1776283634.741,134.741,0.25,104.9,0.24,50.0,0.26,124.65,0.27,177.0,0.74,40.5,0.73,116.0,0.75,135.9,0.76,50.0,0.01,0.01,2369.247835,1776283633000
1776283635.304,135.304,0.25,94.9,0.24,57.0,0.26,165.65,0.27,176.0,0.74,124.65,0.73,177.0,0.75,104.9,0.76,50.0,0.01,0.01,2369.247835,1776283633000
1776283635.531,135.531,0.25,89.9,0.24,62.0,0.26,145.26,0.27,176.0,0.74,156.8,0.73,176.0,0.75,94.9,0.76,57.0,0.01,0.01,2369.183255,1776283634000
1776283635.852,135.852,0.25,89.9,0.24,62.0,0.26,152.41,0.27,176.0,0.74,145.26,0.73,176.0,0.75,89.9,0.76,62.0,0.01,0.01,2369.183255,1776283634000
1776283636.267,136.267,0.25,78.56,0.24,12.0,0.26,157.41,0.27,176.0,0.74,157.41,0.73,176.0,0.75,88.56,0.76,62.0,0.01,0.01,2369.183255,1776283635000
1776283637.352,137.352,0.25,93.56,0.24,7.0,0.26,256.47,0.27,249.5,0.74,157.41,0.73,176.0,0.75,78.56,0.76,12.0,0.01,0.01,2368.840516,1776283636000
1776283638.532,138.532,0.25,133.56,0.24,50.0,0.26,250.32,0.27,149.5,0.74,256.47,0.73,249.5,0.75,93.56,0.76,7.0,0.01,0.01,2368.710756,1776283637000
1776283639.053,139.053,0.25,70.24,0.24,50.0,0.26,305.32,0.27,149.5,0.74,250.32,0.73,149.5,0.75,133.56,0.76,50.0,0.01,0.01,2368.710756,1776283637000
1776283639.754,139.754,0.25,48.24,0.21,5.0,0.26,477.64,0.27,115.67,0.74,305.32,0.73,149.5,0.75,70.24,0.76,50.0,0.01,0.01,2368.612607,1776283638000
1776283640.174,140.174,0.19,77.07,0.18,65.0,0.2,35.0,0.21,25.5,0.8,30.0,0.79,10.0,0.81,112.9,0.82,230.0,0.01,0.01,2368.612607,1776283638000
1776283642.07,142.07,0.19,3.7,0.18,15.0,0.2,316.5,0.21,144.5,0.8,35.0,0.79,25.5,0.81,77.07,0.82,65.0,0.01,0.01,2368.515554,1776283641000
1776283646.091,146.091,0.19,138.31,0.18,102.04,0.23,5.0,0.25,60.5,0.8,316.5,0.79,144.5,0.81,3.7,0.82,15.0,0.04,0.01,2368.315594,1776283644000
1776283646.358,146.358,0.2,8.0,0.17,16.0,0.21,45.0,0.22,16.0,0.77,17.0,0.75,51.94,0.8,8.0,0.81,73.81,0.01,0.03,2368.315594,1776283644000
1776283646.691,146.691,0.16,61.0,0.15,8.0,0.21,102.0,0.22,23.0,0.79,45.0,0.78,16.0,0.8,8.0,0.83,16.0,0.05,0.01,2368.253425,1776283645000
1776283647.407,147.407,0.15,12.83,0.14,29.9,0.16,39.0,0.17,15.0,0.79,110.0,0.78,23.0,0.85,7.83,0.86,29.9,0.01,0.06,2368.26377,1776283646000
1776283648.073,148.073,0.15,332.56,0.14,50.9,0.16,28.0,0.17,18.0,0.8,8.45,0.79,60.0,0.85,101.56,0.86,39.9,0.01,0.05,2368.26377,1776283646000
1776283648.833,148.833,0.15,326.56,0.14,50.4,0.17,9.0,0.18,10.0,0.84,26.56,0.83,18.0,0.85,332.56,0.86,50.9,0.02,0.01,2368.153832,1776283647000
1776283649.48,149.48,0.16,260.0,0.15,164.56,0.17,9.0,0.18,10.0,0.83,9.0,0.82,10.0,0.85,326.56,0.86,50.4,0.01,0.02,2367.952367,1776283648000
1776283649.951,149.951,0.16,262.97,0.15,170.56,0.17,30.0,0.18,64.68,0.83,9.0,0.82,10.0,0.84,260.0,0.85,164.56,0.01,0.01,2367.952367,1776283648000
1776283651.051,151.051,0.16,247.97,0.15,170.56,0.17,61.68,0.18,64.68,0.83,30.0,0.82,64.68,0.84,262.97,0.85,170.56,0.01,0.01,2368.15861,1776283650000
1776283651.289,151.289,0.16,232.58,0.15,187.56,0.17,66.68,0.18,122.68,0.83,61.68,0.82,122.68,0.84,247.97,0.85,170.56,0.01,0.01,2368.15861,1776283650000
1776283651.646,151.646,0.16,5.58,0.15,18.83,0.17,73.68,0.18,64.68,0.83,66.68,0.82,122.68,0.84,232.58,0.85,187.56,0.01,0.01,2368.15861,1776283650000
1776283652.217,152.217,0.14,25.21,0.13,70.26,0.15,15.0,0.16,10.0,0.83,73.68,0.82,64.68,0.86,287.31,0.87,220.26,0.01,0.03,2368.15861,1776283650000
1776283652.768,152.768,0.14,3.21,0.13,75.26,0.15,28.0,0.16,65.0,0.85,15.0,0.84,10.0,0.86,25.21,0.87,70.26,0.01,0.01,2368.200029,1776283651000
1776283653.565,153.565,0.14,1.46,0.13,43.46,0.15,148.0,0.16,245.0,0.85,28.0,0.84,65.0,0.86,3.21,0.87,75.26,0.01,0.01,2368.200029,1776283651000
1776283654.889,154.889,0.14,0.64,0.13,43.46,0.15,341.5,0.16,92.5,0.85,148.0,0.84,245.0,0.86,1.46,0.87,43.46,0.01,0.01,2368.037344,1776283653000
1776283655.64,155.64,0.13,48.46,0.12,10.0,0.14,5.36,0.15,181.29,0.85,341.5,0.84,92.5,0.86,0.64,0.87,43.46,0.01,0.01,2367.841662,1776283654000
1776283655.95,155.95,0.13,294.22,0.12,10.0,0.14,22.36,0.15,45.29,0.86,5.36,0.85,181.29,0.87,48.46,0.88,10.0,0.01,0.01,2367.841662,1776283654000
1776283656.846,156.846,0.13,27.46,0.12,5.0,0.14,163.36,0.15,90.79,0.86,22.36,0.85,45.29,0.87,294.22,0.88,10.0,0.01,0.01,2367.815481,1776283655000
1776283657.847,157.847,0.09,178.9,0.08,138.9,0.1,10.0,0.11,70.0,0.86,348.36,0.85,90.79,0.88,3.75,0.91,224.0,0.01,0.02,2367.797934,1776283656000
1776283658.06,158.06,0.09,171.28,0.08,138.9,0.1,10.0,0.11,70.0,0.9,10.0,0.89,70.0,0.91,178.9,0.92,138.9,0.01,0.01,2367.797934,1776283656000
1776283658.292,158.292,0.09,190.3,0.08,149.9,0.1,10.0,0.11,70.0,0.9,10.0,0.89,70.0,0.91,171.28,0.92,138.9,0.01,0.01,2367.760459,1776283657000
1776283658.512,158.512,0.09,183.1,0.08,103.9,0.1,10.0,0.11,128.0,0.9,10.0,0.89,70.0,0.91,190.3,0.92,149.9,0.01,0.01,2367.760459,1776283657000
1776283659.459,159.459,0.08,294.9,0.07,195.3,0.1,15.0,0.11,143.5,0.9,10.0,0.89,128.0,0.91,171.13,0.92,103.9,0.02,0.01,2367.666326,1776283658000
1776283660.356,160.356,0.08,384.52,0.07,211.3,0.1,59.0,0.11,198.5,0.9,15.0,0.89,143.5,0.92,294.9,0.93,195.3,0.02,0.02,2367.666326,1776283658000
1776283661.389,161.389,0.06,242.22,0.05,140.8,0.09,456.0,0.1,195.0,0.9,31.0,0.89,198.5,0.91,5.0,0.92,384.52,0.03,0.01,2367.511687,1776283659000
1776283662.117,162.117,0.06,138.46,0.05,250.8,0.07,20.5,0.08,226.5,0.92,185.0,0.91,365.0,0.94,132.22,0.95,140.8,0.01,0.02,2367.492546,1776283660000
1776283663.195,163.195,0.05,10.0,0.04,20.0,0.06,31.82,0.07,359.0,0.93,20.5,0.92,226.5,0.94,138.46,0.95,250.8,0.01,0.01,2367.44914,1776283662000
1776283664.482,164.482,0.03,908.22,0.02,423.7,0.04,109.0,0.05,5.0,0.95,10.0,0.94,194.82,0.97,643.6,0.98,423.7,0.01,0.02,2367.070301,1776283663000
1776283664.971,164.971,0.03,908.11,0.02,423.7,0.04,104.0,0.05,5.0,0.96,104.0,0.95,5.0,0.97,908.22,0.98,423.7,0.01,0.01,2367.070301,1776283663000
1776283665.581,165.581,0.03,611.45,0.02,786.7,0.04,114.5,0.05,105.5,0.96,104.0,0.95,5.0,0.97,908.11,0.98,423.7,0.01,0.01,2366.40073,1776283664000
1776283666.157,166.157,0.03,596.34,0.02,423.7,0.04,217.5,0.05,285.5,0.96,114.5,0.95,105.5,0.97,611.45,0.98,786.7,0.01,0.01,2366.40073,1776283664000
1776283666.887,166.887,0.03,408.34,0.02,623.7,0.04,104.5,0.05,285.5,0.96,217.5,0.95,285.5,0.97,596.34,0.98,423.7,0.01,0.01,2366.22348,1776283665000
1776283668.014,168.014,0.03,259.64,0.02,624.7,0.04,24.0,0.05,42.32,0.96,104.5,0.95,285.5,0.97,408.34,0.98,623.7,0.01,0.01,2366.350953,1776283666000
1776283669.531,169.531,0.03,276.6,0.02,639.7,0.04,60.0,0.05,280.32,0.96,29.0,0.95,42.32,0.97,276.6,0.98,624.7,0.01,0.01,2365.784925,1776283668000
1776283670.77,170.77,0.03,286.6,0.02,877.7,0.04,20.5,0.05,245.32,0.96,60.0,0.95,280.32,0.97,276.6,0.98,639.7,0.01,0.01,2365.440616,1776283669000
1776283671.096,171.096,0.03,286.6,0.02,902.7,0.05,229.72,0.06,138.82,0.96,20.5,0.95,245.32,0.97,286.6,0.98,877.7,0.02,0.01,2365.425916,1776283670000
1776283671.911,171.911,0.04,6.9,0.03,731.6,0.05,28.0,0.06,489.17,0.95,229.72,0.94,138.82,0.97,286.6,0.98,902.7,0.01,0.02,2365.425916,1776283670000
1776283672.438,172.438,0.04,29.29,0.03,756.6,0.05,53.5,0.06,500.17,0.95,28.0,0.94,489.17,0.96,6.9,0.97,731.6,0.01,0.01,2365.617153,1776283671000
1776283673.59,173.59,0.04,204.19,0.03,700.3,0.05,85.5,0.06,113.82,0.95,53.5,0.94,500.17,0.96,29.29,0.97,756.6,0.01,0.01,2365.710455,1776283672000
1776283674.735,174.735,0.04,188.43,0.03,686.3,0.05,103.5,0.06,92.5,0.95,70.5,0.94,113.82,0.96,379.77,0.97,493.3,0.01,0.01,2365.929677,1776283673000
1776283675.018,175.018,0.04,188.43,0.03,686.3,0.05,83.5,0.06,92.5,0.95,103.5,0.94,92.5,0.96,188.43,0.97,686.3,0.01,0.01,2366.22695,1776283674000
1776283675.81,175.81,0.03,222.94,0.02,437.0,0.04,34.82,0.05,554.5,0.95,93.5,0.94,92.5,0.96,157.18,0.97,686.3,0.01,0.01,2366.22695,1776283674000
1776283677.278,177.278,0.03,222.68,0.02,437.0,0.04,288.32,0.05,182.5,0.96,260.82,0.95,277.5,0.97,227.84,0.98,437.0,0.01,0.01,2366.090787,1776283675000
1776283679.437,179.437,0.03,490.04,0.02,666.7,0.04,50.5,0.05,108.26,0.96,288.32,0.95,182.5,0.97,102.68,0.98,437.0,0.01,0.01,2365.270575,1776283678000
1776283679.971,179.971,0.03,480.04,0.02,666.7,0.04,61.0,0.05,91.44,0.96,50.5,0.95,108.26,0.97,490.04,0.98,666.7,0.01,0.01,2365.270575,1776283678000
1776283680.392,180.392,0.03,356.18,0.02,766.7,0.04,50.5,0.05,271.44,0.96,61.0,0.95,91.44,0.97,480.04,0.98,666.7,0.01,0.01,2365.270575,1776283678000
1776283680.979,180.979,0.03,102.36,0.02,735.7,0.04,80.0,0.05,378.26,0.96,50.5,0.95,271.44,0.97,356.18,0.98,766.7,0.01,0.01,2365.450245,1776283679000
1776283681.179,181.179,0.03,77.36,0.02,735.7,0.04,80.0,0.05,378.26,0.96,80.0,0.95,378.26,0.97,102.36,0.98,735.7,0.01,0.01,2365.51236,1776283680000
1776283682.176,182.176,0.03,447.72,0.02,666.7,0.04,25.5,0.05,109.44,0.96,80.0,0.95,378.26,0.97,77.36,0.98,735.7,0.01,0.01,2365.51236,1776283680000
1776283686.438,186.438,0.03,643.72,0.02,511.7,0.04,107.81,0.05,62.5,0.96,25.5,0.95,109.44,0.97,447.72,0.98,666.7,0.01,0.01,2366.290215,1776283685000
1776283686.75,186.75,0.04,182.11,0.03,701.72,0.05,134.34,0.06,139.12,0.96,107.81,0.95,62.5,0.97,643.72,0.98,511.7,0.01,0.01,2366.290215,1776283685000
1776283687.402,187.402,0.04,582.11,0.03,312.72,0.05,57.0,0.06,139.12,0.95,134.34,0.94,139.12,0.96,182.11,0.97,701.72,0.01,0.01,2366.29349,1776283686000
1776283688.305,188.305,0.04,393.18,0.03,492.72,0.05,67.5,0.06,338.29,0.95,67.5,0.94,139.12,0.96,409.01,0.97,492.72,0.01,0.01,2366.29349,1776283686000
1776283688.744,188.744,0.04,398.18,0.03,492.72,0.05,37.0,0.06,341.29,0.95,67.5,0.94,338.29,0.96,393.18,0.97,492.72,0.01,0.01,2366.26475,1776283687000
1776283691.908,191.908,0.04,243.36,0.03,284.36,0.05,119.44,0.06,373.11,0.95,37.0,0.94,341.29,0.96,398.18,0.97,492.72,0.01,0.01,2366.329165,1776283690000
1776283692.721,192.721,0.04,236.36,0.03,284.36,0.05,181.43,0.06,356.29,0.95,119.44,0.94,373.11,0.96,243.36,0.97,284.36,0.01,0.01,2366.329165,1776283690000
1776283695.397,195.397,0.04,165.9,0.03,57.36,0.05,575.43,0.06,204.92,0.95,181.43,0.94,356.29,0.96,236.36,0.97,284.36,0.01,0.01,2366.29303,1776283693000
1776283696.225,196.225,0.04,149.73,0.03,242.36,0.05,660.43,0.06,267.7,0.95,540.43,0.94,204.92,0.96,154.94,0.97,57.36,0.01,0.01,2366.278795,1776283694000
1776283701.427,201.427,0.04,136.15,0.03,67.36,0.05,654.41,0.06,250.55,0.95,660.43,0.94,267.7,0.96,149.73,0.97,242.36,0.01,0.01,2366.01911,1776283700000
1776283701.941,201.941,0.04,116.15,0.03,67.36,0.05,754.41,0.06,250.55,0.95,654.41,0.94,250.55,0.96,136.15,0.97,67.36,0.01,0.01,2366.01911,1776283700000
1776283704.681,204.681,0.04,83.07,0.03,67.36,0.05,633.34,0.06,320.08,0.95,754.41,0.94,250.55,0.96,116.15,0.97,67.36,0.01,0.01,2365.96355,1776283703000
1776283705.143,205.143,0.04,82.7,0.03,67.36,0.05,512.55,0.06,353.81,0.95,633.34,0.94,320.08,0.96,83.07,0.97,67.36,0.01,0.01,2365.96355,1776283703000
1776283705.479,205.479,0.03,57.36,0.02,260.0,0.05,1073.34,0.06,381.81,0.95,512.55,0.94,353.81,0.96,82.7,0.97,67.36,0.02,0.01,2365.897665,1776283704000
1776283706.459,206.459,0.03,50.74,0.02,452.0,0.04,743.19,0.05,681.98,0.96,531.49,0.95,685.35,0.97,52.81,0.98,260.0,0.01,0.01,2365.981377,1776283705000
1776283706.669,206.669,0.03,49.7,0.02,452.0,0.04,769.19,0.05,681.98,0.96,743.19,0.95,681.98,0.97,50.74,0.98,452.0,0.01,0.01,2365.981377,1776283705000
1776283708.654,208.654,0.03,39.7,0.02,260.0,0.04,728.19,0.05,681.98,0.96,769.19,0.95,681.98,0.97,49.7,0.98,452.0,0.01,0.01,2365.614152,1776283707000
1776283709.242,209.242,0.02,310.5,0.01,2989.9,0.03,798.09,0.04,419.19,0.96,733.19,0.95,681.98,0.98,260.0,0.99,2889.9,0.01,0.02,2365.614152,1776283707000
1776283710.041,210.041,0.02,310.5,0.01,3353.5,0.03,454.07,0.04,475.19,0.97,798.09,0.96,419.19,0.98,310.5,0.99,2989.9,0.01,0.01,2365.597492,1776283708000
1776283711.213,211.213,0.02,451.64,0.01,3208.5,0.03,446.37,0.04,609.15,0.97,454.07,0.96,475.19,0.98,310.5,0.99,3353.5,0.01,0.01,2365.571454,1776283709000
1776283712.857,212.857,0.02,176.14,0.01,2783.9,0.03,649.19,0.04,392.16,0.97,446.37,0.96,609.15,0.98,451.64,0.99,3208.5,0.01,0.01,2365.705761,1776283711000
1776283713.192,213.192,0.02,47.19,0.01,2783.9,0.03,1123.19,0.04,392.16,0.97,1118.19,0.96,392.16,0.98,77.19,0.99,2783.9,0.01,0.01,2365.705761,1776283711000
1776283714.698,214.698,0.01,2783.9,,,0.02,64.0,0.03,601.1,0.97,830.19,0.96,280.2,0.99,2783.9,,,0.01,0.02,2365.735531,1776283713000
1776283715.267,215.267,0.01,2823.9,,,0.02,459.28,0.03,495.95,0.98,250.0,0.97,671.85,0.99,2768.9,,,0.01,0.01,2364.486667,1776283714000
1776283716.152,216.152,0.01,2623.9,,,0.02,859.55,0.03,973.95,0.98,459.28,0.97,495.95,0.99,2823.9,,,0.01,0.01,2364.486667,1776283714000
1776283716.363,216.363,0.01,2649.9,,,0.02,796.55,0.03,978.95,0.98,859.55,0.97,973.95,0.99,2623.9,,,0.01,0.01,2364.486667,1776283714000
1776283716.621,216.621,0.01,2627.87,,,0.02,796.55,0.03,978.95,0.98,801.55,0.97,978.95,0.99,2652.87,,,0.01,0.01,2364.635744,1776283715000
1776283717.018,217.018,0.01,2541.87,,,0.02,797.74,0.03,793.95,0.98,796.74,0.97,799.95,0.99,2571.87,,,0.01,0.01,2364.635744,1776283715000
1776283717.4,217.4,0.01,2528.48,,,0.02,915.74,0.03,486.95,0.98,797.74,0.97,486.95,0.99,2530.66,,,0.01,0.01,2364.601939,1776283716000
1776283717.741,217.741,0.01,2498.48,,,0.02,821.74,0.03,473.95,0.98,915.74,0.97,486.95,0.99,2528.48,,,0.01,0.01,2364.601939,1776283716000
1776283719.123,219.123,0.01,2463.48,,,0.02,653.02,0.03,756.95,0.98,816.74,0.97,473.95,0.99,2498.48,,,0.01,0.01,2364.598971,1776283717000
1776283720.152,220.152,0.01,2388.48,,,0.02,650.21,0.03,451.95,0.98,653.02,0.97,756.95,0.99,2463.48,,,0.01,0.01,2364.242295,1776283719000
1776283720.393,220.393,0.01,2243.48,,,0.02,650.21,0.03,568.95,0.98,650.21,0.97,551.95,0.99,2338.48,,,0.01,0.01,2364.242295,1776283719000
1776283720.74,220.74,0.01,1713.48,,,0.02,662.21,0.03,573.95,0.98,662.21,0.97,573.95,0.99,2208.48,,,0.01,0.01,2364.242295,1776283719000
1776283720.942,220.942,0.01,1688.48,,,0.02,650.21,0.03,573.95,0.98,662.21,0.97,573.95,0.99,1713.48,,,0.01,0.01,2364.242295,1776283719000
1776283721.254,221.254,0.01,1644.48,,,0.02,650.21,0.03,573.95,0.98,650.21,0.97,573.95,0.99,1685.48,,,0.01,0.01,2364.28025,1776283720000
1776283721.79,221.79,,,,,0.01,882.54,0.02,650.21,0.98,650.21,0.97,573.95,0.99,1643.46,,,,0.01,2364.28025,1776283720000
1776283722.1,222.1,,,,,0.01,1285.21,0.02,568.21,0.99,882.54,0.98,650.21,,,,,,,2364.28025,1776283720000
1776283727.851,227.851,,,,,0.01,1557.06,0.02,538.63,0.99,1285.21,0.98,568.21,,,,,,,2364.289601,1776283726000
1776283729.496,229.496,,,,,0.01,1407.06,0.02,532.63,0.99,1557.06,0.98,538.63,,,,,,,2364.31,1776283728000
1776283740.746,240.746,,,,,0.01,10953.3,0.02,586.44,0.99,1407.06,0.98,532.63,,,,,,,2364.4614,1776283739000
1776283742.448,242.448,,,,,0.01,10753.3,0.02,580.44,0.99,10953.3,0.98,586.44,,,,,,,2364.170255,1776283741000
1776283742.893,242.893,,,,,0.01,10558.35,0.02,680.44,0.99,10753.3,0.98,580.44,,,,,,,2364.170255,1776283741000
1776283743.291,243.291,,,,,0.01,10491.76,0.02,680.44,0.99,10558.35,0.98,680.44,,,,,,,2364.207995,1776283742000
1776283743.717,243.717,,,,,0.01,10441.76,0.02,680.44,0.99,10491.76,0.98,680.44,,,,,,,2364.207995,1776283742000
1776283744.155,244.155,,,,,0.01,10401.76,0.02,630.44,0.99,10441.76,0.98,680.44,,,,,,,2364.27805,1776283743000
1776283744.579,244.579,,,,,0.01,10368.47,0.02,630.44,0.99,10401.76,0.98,630.44,,,,,,,2364.27805,1776283743000
1776283745.581,245.581,,,,,0.01,10218.47,0.02,630.44,0.99,10368.47,0.98,630.44,,,,,,,2364.339464,1776283744000
1776283761.652,261.652,,,,,0.01,9121.01,0.02,548.44,0.99,10218.47,0.98,630.44,,,,,,,2365.096263,1776283760000
1776283761.853,261.853,,,,,0.01,9121.01,0.02,548.44,0.99,9121.01,0.98,548.44,,,,,,,2365.096263,1776283760000

# RESULT,winner=Down,slug=eth-updown-5m-1776283500,ticks=259
