timestamp,elapsed_sec,up_bid_p1,up_bid_s1,up_bid_p2,up_bid_s2,up_ask_p1,up_ask_s1,up_ask_p2,up_ask_s2,down_bid_p1,down_bid_s1,down_bid_p2,down_bid_s2,down_ask_p1,down_ask_s1,down_ask_p2,down_ask_s2,up_spread,down_spread,eth_price,eth_oracle_ts
1776193811.458,11.458,0.45,30.6,0.44,72.0,0.46,20.0,0.47,75.0,0.54,20.0,0.53,75.0,0.55,32.87,0.56,77.0,0.01,0.01,2322.65695,1776193803000
1776193811.945,11.945,0.45,30.6,0.44,72.0,0.46,20.0,0.47,75.0,0.54,30.5,0.53,70.0,0.55,28.37,0.56,67.0,0.01,0.01,2322.65695,1776193803000
1776193812.62,12.62,0.45,23.37,0.44,67.0,0.46,35.5,0.47,70.0,0.54,35.5,0.53,70.0,0.55,23.37,0.56,67.0,0.01,0.01,2322.506336,1776193811000
1776193813.302,13.302,0.45,23.37,0.44,67.0,0.46,35.5,0.47,70.0,0.54,35.5,0.53,70.0,0.55,23.37,0.56,67.0,0.01,0.01,2322.478421,1776193812000
1776193813.593,13.593,0.43,22.5,0.42,12.0,0.45,120.5,0.46,105.5,0.55,15.0,0.54,25.5,0.56,27.5,0.57,27.0,0.02,0.01,2322.478421,1776193812000
1776193813.855,13.855,0.42,9.52,0.41,55.0,0.44,110.0,0.45,120.5,0.55,120.5,0.54,105.5,0.57,22.5,0.58,12.0,0.02,0.02,2322.478421,1776193812000
1776193814.153,14.153,0.42,70.02,0.41,82.0,0.43,75.0,0.44,250.0,0.56,110.0,0.55,120.5,0.58,9.52,0.59,55.0,0.01,0.02,2322.478421,1776193812000
1776193814.607,14.607,0.42,68.29,0.41,82.0,0.43,120.0,0.44,250.0,0.57,120.0,0.56,250.0,0.58,68.29,0.59,82.0,0.01,0.01,2322.474047,1776193813000
1776193815.21,15.21,0.42,68.29,0.41,82.0,0.43,120.0,0.44,250.0,0.57,120.0,0.56,250.0,0.58,68.29,0.59,82.0,0.01,0.01,2322.411819,1776193814000
1776193815.638,15.638,0.42,88.35,0.41,70.0,0.43,110.0,0.44,250.0,0.57,120.0,0.56,250.0,0.58,68.29,0.59,82.0,0.01,0.01,2322.411819,1776193814000
1776193816.325,16.325,0.42,12.3,0.41,20.5,0.43,80.0,0.44,220.0,0.57,25.0,0.56,220.0,0.6,35.53,0.61,83.0,0.01,0.03,2322.411819,1776193814000
1776193816.538,16.538,0.41,20.5,0.4,25.0,0.43,85.0,0.44,220.0,0.57,80.0,0.56,220.0,0.58,12.3,0.59,20.5,0.02,0.01,2322.232823,1776193815000
1776193817.042,17.042,0.41,20.5,0.4,25.0,0.43,85.0,0.44,220.0,0.57,85.0,0.56,220.0,0.59,20.5,0.6,25.0,0.02,0.02,2322.232251,1776193816000
1776193818.126,18.126,0.41,42.58,0.4,15.0,0.42,80.0,0.43,80.0,0.57,85.0,0.56,220.0,0.59,20.5,0.6,25.0,0.01,0.02,2322.232251,1776193816000
1776193819.334,19.334,0.41,42.58,0.4,15.0,0.42,80.0,0.43,80.0,0.58,80.0,0.57,80.0,0.59,42.58,0.6,15.0,0.01,0.01,2322.233981,1776193818000
1776193819.72,19.72,0.41,22.0,0.4,20.5,0.42,103.95,0.43,80.0,0.58,80.0,0.57,80.0,0.59,42.58,0.6,15.0,0.01,0.01,2322.233981,1776193818000
1776193820.466,20.466,0.41,22.0,0.4,20.5,0.42,103.95,0.43,80.0,0.58,103.95,0.57,80.0,0.59,22.0,0.6,20.5,0.01,0.01,2322.230241,1776193819000
1776193820.877,20.877,0.41,20.0,0.4,30.5,0.42,15.23,0.43,90.5,0.58,2.52,0.57,80.0,0.59,22.0,0.6,25.5,0.01,0.01,2322.230241,1776193819000
1776193821.25,21.25,0.41,57.5,0.4,94.5,0.42,40.0,0.43,50.0,0.58,95.23,0.57,60.0,0.59,20.5,0.6,30.5,0.01,0.01,2322.216521,1776193820000
1776193822.037,22.037,0.41,57.0,0.4,94.5,0.42,47.61,0.43,65.0,0.58,40.0,0.57,50.0,0.59,57.5,0.6,94.5,0.01,0.01,2322.216521,1776193820000
1776193823.259,23.259,0.41,3.52,0.4,5.0,0.42,62.61,0.43,75.5,0.58,47.61,0.57,65.0,0.59,57.0,0.6,94.5,0.01,0.01,2322.208743,1776193821000
1776193823.625,23.625,0.4,13.46,0.39,5.0,0.42,108.11,0.43,85.5,0.58,62.61,0.57,75.5,0.59,3.52,0.6,5.0,0.02,0.01,2322.231939,1776193822000
1776193824.03,24.03,0.4,13.46,0.39,5.0,0.41,25.0,0.42,73.11,0.58,108.11,0.57,85.5,0.6,13.46,0.61,5.0,0.01,0.02,2322.231939,1776193822000
1776193824.251,24.251,0.4,3.33,0.39,5.0,0.41,35.0,0.42,78.11,0.59,35.0,0.58,73.11,0.6,11.67,0.61,5.0,0.01,0.01,2322.292746,1776193823000
1776193825.057,25.057,0.4,3.33,0.39,5.0,0.41,35.0,0.42,78.11,0.59,35.0,0.58,78.11,0.6,3.33,0.61,5.0,0.01,0.01,2322.261992,1776193824000
1776193825.614,25.614,0.38,26.0,0.37,94.5,0.4,117.5,0.41,90.5,0.6,82.5,0.59,90.5,0.61,20.0,0.62,34.0,0.02,0.01,2322.261992,1776193824000
1776193826.294,26.294,0.38,38.38,0.37,94.5,0.39,75.0,0.4,77.5,0.6,117.5,0.59,90.5,0.62,26.0,0.63,94.5,0.01,0.02,2322.261992,1776193824000
1776193827.477,27.477,0.38,31.44,0.37,94.5,0.39,70.0,0.4,77.5,0.61,75.0,0.6,77.5,0.62,38.38,0.63,94.5,0.01,0.01,2322.155541,1776193825000
1776193827.846,27.846,0.38,31.44,0.37,94.5,0.39,70.0,0.4,77.5,0.61,70.0,0.6,77.5,0.62,31.44,0.63,94.5,0.01,0.01,2322.1546,1776193826000
1776193828.477,28.477,0.38,31.44,0.37,94.5,0.39,70.0,0.4,77.5,0.61,70.0,0.6,77.5,0.62,31.44,0.63,94.5,0.01,0.01,2322.140542,1776193827000
1776193829.305,29.305,0.38,40.0,0.37,34.0,0.39,122.25,0.4,88.0,0.61,122.25,0.6,88.0,0.62,40.0,0.63,34.0,0.01,0.01,2322.132467,1776193828000
1776193829.92,29.92,0.38,105.0,0.37,94.5,0.39,74.68,0.4,77.7,0.61,122.25,0.6,88.0,0.62,40.0,0.63,34.0,0.01,0.01,2322.132467,1776193828000
1776193830.546,30.546,0.38,130.0,0.37,94.5,0.39,68.68,0.4,82.7,0.61,74.68,0.6,77.7,0.62,105.0,0.63,94.5,0.01,0.01,2322.132467,1776193828000
1776193830.763,30.763,0.39,20.0,0.38,85.0,0.42,108.99,0.43,75.5,0.58,134.93,0.57,75.5,0.61,10.0,0.62,125.0,0.03,0.03,2322.132467,1776193828000
1776193831.484,31.484,0.4,13.33,0.39,30.0,0.41,25.5,0.42,108.99,0.58,108.99,0.57,75.5,0.61,20.0,0.62,85.0,0.01,0.03,2322.125191,1776193829000
1776193831.731,31.731,0.39,5.33,0.38,85.5,0.41,30.5,0.42,108.99,0.59,25.5,0.58,108.99,0.6,13.33,0.61,30.0,0.02,0.01,2322.081284,1776193830000
1776193832.579,32.579,0.39,5.33,0.38,85.5,0.41,30.5,0.42,108.99,0.59,30.5,0.58,108.99,0.61,5.33,0.62,85.5,0.02,0.02,2322.097458,1776193831000
1776193833.392,33.392,0.39,5.33,0.38,85.5,0.41,30.5,0.42,108.99,0.59,30.5,0.58,108.99,0.61,5.33,0.62,85.5,0.02,0.02,2322.115834,1776193832000
1776193833.651,33.651,0.39,115.33,0.38,85.0,0.4,10.0,0.41,25.5,0.59,30.5,0.58,108.99,0.61,5.33,0.62,85.5,0.01,0.02,2322.115834,1776193832000
1776193834.219,34.219,0.39,115.33,0.38,85.0,0.4,10.0,0.41,25.5,0.6,10.0,0.59,25.5,0.61,115.33,0.62,85.0,0.01,0.01,2322.114699,1776193833000
1776193835.803,35.803,0.39,115.33,0.38,85.0,0.4,10.0,0.41,25.5,0.6,10.0,0.59,25.5,0.61,115.33,0.62,85.0,0.01,0.01,2322.102531,1776193834000
1776193836.275,36.275,0.39,101.57,0.38,113.5,0.4,5.0,0.41,25.5,0.6,10.0,0.59,25.5,0.61,115.33,0.62,85.0,0.01,0.01,2322.102531,1776193834000
1776193836.543,36.543,0.39,101.57,0.38,113.5,0.4,5.0,0.41,25.5,0.6,5.0,0.59,25.5,0.61,101.57,0.62,113.5,0.01,0.01,2322.104405,1776193835000
1776193837.317,37.317,0.39,101.57,0.38,113.5,0.4,5.0,0.41,25.5,0.6,5.0,0.59,25.5,0.61,101.57,0.62,113.5,0.01,0.01,2322.111881,1776193836000
1776193837.537,37.537,0.39,90.0,0.38,103.0,0.41,19.4,0.42,150.5,0.6,5.0,0.59,25.5,0.61,101.57,0.62,113.5,0.02,0.01,2322.111881,1776193836000
1776193838.885,38.885,0.39,90.0,0.38,103.0,0.41,19.4,0.42,150.5,0.59,19.4,0.58,150.5,0.61,90.0,0.62,103.0,0.02,0.02,2322.104296,1776193837000
1776193839.61,39.61,0.39,90.0,0.38,103.0,0.41,19.4,0.42,150.5,0.59,19.4,0.58,150.5,0.61,90.0,0.62,103.0,0.02,0.02,2322.100043,1776193838000
1776193840.307,40.307,0.39,90.0,0.38,103.0,0.41,19.4,0.42,150.5,0.59,19.4,0.58,150.5,0.61,90.0,0.62,103.0,0.02,0.02,2322.104467,1776193839000
1776193841.519,41.519,0.4,92.0,0.39,70.0,0.41,24.4,0.42,155.5,0.59,19.4,0.58,150.5,0.61,90.0,0.62,103.0,0.01,0.02,2322.104467,1776193839000
1776193841.751,41.751,0.4,100.33,0.39,70.0,0.41,24.4,0.42,155.5,0.59,24.4,0.58,155.5,0.6,92.0,0.61,70.0,0.01,0.01,2322.104467,1776193839000
1776193842.177,42.177,0.4,74.33,0.39,70.0,0.41,34.4,0.42,155.5,0.59,24.4,0.58,155.5,0.6,100.33,0.61,70.0,0.01,0.01,2322.106654,1776193840000
1776193842.635,42.635,0.4,74.33,0.39,70.0,0.41,34.4,0.42,155.5,0.59,34.4,0.58,155.5,0.6,74.33,0.61,70.0,0.01,0.01,2322.100639,1776193841000
1776193843.417,43.417,0.4,74.33,0.39,70.0,0.41,34.4,0.42,155.5,0.59,34.4,0.58,155.5,0.6,74.33,0.61,70.0,0.01,0.01,2322.099257,1776193842000
1776193844.098,44.098,0.4,74.33,0.39,70.0,0.41,34.4,0.42,155.5,0.59,34.4,0.58,155.5,0.6,74.33,0.61,70.0,0.01,0.01,2322.098888,1776193843000
1776193845.399,45.399,0.4,79.91,0.39,70.0,0.41,119.4,0.42,155.5,0.59,34.4,0.58,155.5,0.6,74.33,0.61,70.0,0.01,0.01,2322.098888,1776193843000
1776193845.896,45.896,0.4,79.91,0.39,70.0,0.41,119.4,0.42,155.5,0.59,119.4,0.58,155.5,0.6,79.91,0.61,70.0,0.01,0.01,2322.109169,1776193844000
1776193846.481,46.481,0.4,79.91,0.39,70.0,0.41,119.4,0.42,155.5,0.59,119.4,0.58,155.5,0.6,79.91,0.61,70.0,0.01,0.01,2322.108959,1776193845000
1776193847.003,47.003,0.4,79.91,0.39,70.0,0.41,119.4,0.42,155.5,0.59,119.4,0.58,155.5,0.6,79.91,0.61,70.0,0.01,0.01,2322.108959,1776193846000
1776193848.173,48.173,0.4,79.91,0.39,70.0,0.41,119.4,0.42,155.5,0.59,119.4,0.58,155.5,0.6,79.91,0.61,70.0,0.01,0.01,2322.110607,1776193847000
1776193849.246,49.246,0.4,79.91,0.39,70.0,0.41,119.4,0.42,155.5,0.59,119.4,0.58,155.5,0.6,79.91,0.61,70.0,0.01,0.01,2322.112972,1776193848000
1776193850.352,50.352,0.4,79.91,0.39,70.0,0.41,119.4,0.42,155.5,0.59,119.4,0.58,155.5,0.6,79.91,0.61,70.0,0.01,0.01,2322.113424,1776193849000
1776193850.865,50.865,0.4,79.91,0.39,70.0,0.41,119.4,0.42,155.5,0.59,119.4,0.58,155.5,0.6,79.91,0.61,70.0,0.01,0.01,2322.113449,1776193850000
1776193852.164,52.164,0.4,79.91,0.39,70.0,0.41,119.4,0.42,155.5,0.59,119.4,0.58,155.5,0.6,79.91,0.61,70.0,0.01,0.01,2322.118977,1776193851000
1776193852.865,52.865,0.38,48.14,0.37,94.5,0.41,130.5,0.42,150.5,0.59,119.4,0.58,155.5,0.6,79.91,0.61,70.0,0.03,0.01,2322.118977,1776193851000
1776193853.07,53.07,0.38,48.3,0.37,99.5,0.39,10.0,0.4,75.5,0.59,130.5,0.58,150.5,0.62,48.14,0.63,94.5,0.01,0.03,2322.118977,1776193851000
1776193854.077,54.077,0.38,195.8,0.37,177.5,0.39,24.23,0.41,5.0,0.61,10.0,0.6,75.5,0.62,48.3,0.63,99.5,0.01,0.01,2322.124088,1776193852000
1776193854.824,54.824,0.41,5.0,0.4,177.0,0.42,15.5,0.43,65.5,0.61,24.23,0.59,5.0,0.62,195.8,0.63,177.5,0.01,0.01,2322.076792,1776193853000
1776193855.202,55.202,0.41,116.0,0.4,74.0,0.42,15.5,0.43,65.5,0.58,15.5,0.57,65.5,0.59,5.0,0.6,177.0,0.01,0.01,2322.076792,1776193853000
1776193855.549,55.549,0.41,133.0,0.4,79.0,0.42,8.11,0.43,65.5,0.58,15.5,0.57,65.5,0.59,116.0,0.6,74.0,0.01,0.01,2322.09289,1776193854000
1776193855.8,55.8,0.41,138.0,0.4,89.5,0.42,5.72,0.43,75.5,0.58,8.11,0.57,65.5,0.59,133.0,0.6,79.0,0.01,0.01,2322.09289,1776193854000
1776193857.114,57.114,0.41,138.0,0.4,89.5,0.42,5.72,0.43,75.5,0.58,5.72,0.57,75.5,0.59,138.0,0.6,89.5,0.01,0.01,2322.260433,1776193856000
1776193858.093,58.093,0.41,138.0,0.4,89.5,0.42,5.72,0.43,75.5,0.58,5.72,0.57,75.5,0.59,138.0,0.6,89.5,0.01,0.01,2322.27723,1776193857000
1776193859.202,59.202,0.41,138.0,0.4,89.5,0.42,5.72,0.43,75.5,0.58,5.72,0.57,75.5,0.59,138.0,0.6,89.5,0.01,0.01,2322.2735,1776193858000
1776193860.064,60.064,0.42,109.0,0.41,129.0,0.45,10.24,0.46,15.0,0.58,5.72,0.57,75.5,0.59,138.0,0.6,89.5,0.03,0.01,2322.2735,1776193858000
1776193860.347,60.347,0.42,109.0,0.41,129.0,0.45,10.24,0.46,15.0,0.55,10.24,0.54,15.0,0.58,109.0,0.59,129.0,0.03,0.03,2322.266841,1776193859000
1776193860.886,60.886,0.43,158.82,0.42,114.0,0.45,25.74,0.46,15.0,0.55,25.74,0.54,15.0,0.57,158.82,0.58,114.0,0.02,0.02,2322.273175,1776193860000
1776193861.753,61.753,0.44,24.73,0.43,158.82,0.45,5.0,0.46,15.5,0.55,17.74,0.54,15.0,0.57,158.82,0.58,119.0,0.01,0.02,2322.273175,1776193860000
1776193862.013,62.013,0.46,22.0,0.45,109.0,0.47,8.96,0.48,101.0,0.53,8.96,0.52,91.0,0.55,109.0,0.56,106.73,0.01,0.02,2322.298354,1776193861000
1776193862.712,62.712,0.46,122.0,0.45,84.0,0.47,74.82,0.48,176.5,0.53,8.96,0.52,101.0,0.55,99.14,0.56,106.73,0.01,0.02,2322.298354,1776193861000
1776193862.947,62.947,0.46,123.1,0.45,84.0,0.47,62.04,0.48,176.5,0.53,62.04,0.52,176.5,0.54,123.1,0.55,84.0,0.01,0.01,2322.29847,1776193862000
1776193863.45,63.45,0.46,108.1,0.45,84.0,0.47,121.51,0.48,176.5,0.53,62.04,0.52,176.5,0.54,123.1,0.55,84.0,0.01,0.01,2322.29847,1776193862000
1776193864.045,64.045,0.46,108.1,0.45,84.0,0.47,121.51,0.48,176.5,0.53,121.51,0.52,176.5,0.54,108.1,0.55,84.0,0.01,0.01,2322.376508,1776193863000
1776193864.971,64.971,0.46,108.1,0.45,84.0,0.47,121.51,0.48,176.5,0.53,121.51,0.52,176.5,0.54,108.1,0.55,84.0,0.01,0.01,2322.47605,1776193864000
1776193866.1,66.1,0.46,94.46,0.45,79.0,0.47,315.21,0.48,161.5,0.53,315.21,0.52,161.5,0.54,94.46,0.55,79.0,0.01,0.01,2322.44473,1776193865000
1776193866.885,66.885,0.42,52.88,0.41,55.0,0.43,10.0,0.44,127.99,0.53,315.21,0.52,161.5,0.54,94.46,0.55,79.0,0.01,0.01,2322.44473,1776193865000
1776193867.126,67.126,0.4,43.38,0.39,75.5,0.41,10.0,0.42,90.0,0.59,10.0,0.58,90.0,0.6,43.38,0.61,75.5,0.01,0.01,2322.386114,1776193866000
1776193867.538,67.538,0.4,15.5,0.39,92.5,0.41,113.56,0.42,140.0,0.59,111.0,0.58,140.0,0.6,15.5,0.61,80.5,0.01,0.01,2322.386114,1776193866000
1776193868.211,68.211,0.4,15.5,0.39,92.5,0.41,113.56,0.42,140.0,0.59,113.56,0.58,140.0,0.6,15.5,0.61,92.5,0.01,0.01,2322.3837,1776193867000
1776193868.437,68.437,0.4,20.5,0.39,102.5,0.41,101.0,0.42,140.0,0.59,113.56,0.58,140.0,0.6,15.5,0.61,92.5,0.01,0.01,2322.3837,1776193867000
1776193869.318,69.318,0.4,20.5,0.39,102.5,0.41,101.0,0.42,140.0,0.59,101.0,0.58,140.0,0.6,20.5,0.61,102.5,0.01,0.01,2322.226993,1776193868000
1776193869.591,69.591,0.4,25.5,0.39,102.5,0.41,16.21,0.42,145.0,0.59,101.0,0.58,140.0,0.6,20.5,0.61,102.5,0.01,0.01,2322.226993,1776193868000
1776193870.345,70.345,0.4,25.5,0.39,102.5,0.41,16.21,0.42,145.0,0.59,16.21,0.58,145.0,0.6,25.5,0.61,102.5,0.01,0.01,2322.19478,1776193869000
1776193870.69,70.69,0.4,85.5,0.39,92.5,0.41,2.39,0.42,150.0,0.59,16.21,0.58,145.0,0.6,25.5,0.61,102.5,0.01,0.01,2322.19478,1776193869000
1776193871.318,71.318,0.4,85.5,0.39,92.5,0.41,2.39,0.42,150.0,0.59,2.39,0.58,150.0,0.6,85.5,0.61,92.5,0.01,0.01,2322.139724,1776193870000
1776193871.706,71.706,0.4,64.5,0.39,92.5,0.41,17.39,0.42,150.0,0.59,2.39,0.58,150.0,0.6,85.5,0.61,92.5,0.01,0.01,2322.139724,1776193870000
1776193872.325,72.325,0.4,64.5,0.39,92.5,0.41,17.39,0.42,150.0,0.59,17.39,0.58,150.0,0.6,64.5,0.61,92.5,0.01,0.01,2322.139735,1776193871000
1776193872.91,72.91,0.4,64.5,0.39,92.5,0.41,17.39,0.42,150.0,0.59,17.39,0.58,150.0,0.6,64.5,0.61,92.5,0.01,0.01,2322.139818,1776193872000
1776193874.308,74.308,0.4,64.5,0.39,92.5,0.41,17.39,0.42,150.0,0.59,17.39,0.58,150.0,0.6,64.5,0.61,92.5,0.01,0.01,2322.138722,1776193873000
1776193874.879,74.879,0.4,75.5,0.39,92.5,0.41,19.78,0.42,95.0,0.59,17.39,0.58,150.0,0.6,64.5,0.61,92.5,0.01,0.01,2322.138722,1776193873000
1776193875.182,75.182,0.4,80.5,0.39,92.5,0.41,14.31,0.42,95.0,0.59,19.78,0.58,95.0,0.6,75.5,0.61,92.5,0.01,0.01,2322.138722,1776193873000
1776193875.759,75.759,0.42,149.5,0.41,87.5,0.44,5.0,0.45,5.0,0.59,14.31,0.58,95.0,0.6,80.5,0.61,92.5,0.02,0.01,2322.138722,1776193873000
1776193876.08,76.08,0.44,5.0,0.43,20.0,0.45,5.0,0.46,21.5,0.55,5.0,0.54,21.5,0.56,5.0,0.57,20.0,0.01,0.01,2322.149899,1776193874000
1776193876.386,76.386,0.44,110.07,0.43,49.0,0.45,27.32,0.46,21.5,0.55,29.55,0.54,21.5,0.56,110.07,0.57,49.0,0.01,0.01,2322.149899,1776193874000
1776193877.276,77.276,0.44,110.07,0.43,49.0,0.45,27.32,0.46,21.5,0.55,27.32,0.54,21.5,0.56,110.07,0.57,49.0,0.01,0.01,2322.179901,1776193875000
1776193878.181,78.181,0.44,110.07,0.43,49.0,0.45,27.32,0.46,21.5,0.55,27.32,0.54,21.5,0.56,110.07,0.57,49.0,0.01,0.01,2322.367045,1776193876000
1776193878.739,78.739,0.44,145.21,0.43,74.0,0.45,49.73,0.46,90.84,0.55,99.73,0.54,90.84,0.56,102.0,0.57,74.0,0.01,0.01,2322.367045,1776193876000
1776193879.05,79.05,0.44,145.21,0.43,74.0,0.45,49.73,0.46,90.84,0.55,49.73,0.54,90.84,0.56,145.21,0.57,74.0,0.01,0.01,2322.38759,1776193877000
1776193880.072,80.072,0.44,141.56,0.43,74.0,0.45,49.73,0.46,90.84,0.55,49.73,0.54,90.84,0.56,141.56,0.57,74.0,0.01,0.01,2322.40594,1776193878000
1776193880.969,80.969,0.44,141.56,0.43,74.0,0.45,49.73,0.46,90.84,0.55,49.73,0.54,90.84,0.56,141.56,0.57,74.0,0.01,0.01,2322.35722,1776193879000
1776193881.808,81.808,0.44,141.56,0.43,74.0,0.45,49.73,0.46,90.84,0.55,49.73,0.54,90.84,0.56,141.56,0.57,74.0,0.01,0.01,2322.344244,1776193880000
1776193882.635,82.635,0.44,141.56,0.43,74.0,0.45,49.73,0.46,90.84,0.55,49.73,0.54,90.84,0.56,141.56,0.57,74.0,0.01,0.01,2322.342443,1776193881000
1776193883.166,83.166,0.44,119.59,0.43,99.5,0.45,26.0,0.46,24.34,0.55,49.73,0.54,90.84,0.56,141.56,0.57,74.0,0.01,0.01,2322.342443,1776193881000
1776193884.236,84.236,0.44,119.59,0.43,99.5,0.45,26.0,0.46,24.34,0.55,26.0,0.54,24.34,0.56,119.59,0.57,99.5,0.01,0.01,2322.348185,1776193883000
1776193884.837,84.837,0.44,160.09,0.43,99.5,0.45,21.0,0.46,24.34,0.55,26.0,0.54,24.34,0.56,119.59,0.57,99.5,0.01,0.01,2322.348185,1776193883000
1776193885.045,85.045,0.44,147.23,0.43,99.5,0.45,21.0,0.46,24.34,0.55,21.0,0.54,24.34,0.56,160.09,0.57,99.5,0.01,0.01,2322.348185,1776193883000
1776193885.436,85.436,0.44,177.23,0.43,104.5,0.47,228.94,0.48,31.5,0.55,21.0,0.54,24.34,0.56,147.23,0.57,99.5,0.03,0.01,2322.348185,1776193883000
1776193885.845,85.845,0.46,77.0,0.45,75.5,0.47,226.25,0.48,25.5,0.53,226.25,0.52,25.5,0.54,77.0,0.55,75.5,0.01,0.01,2322.36204,1776193884000
1776193886.073,86.073,0.46,136.42,0.45,92.5,0.47,226.25,0.48,25.5,0.53,231.25,0.52,25.5,0.54,86.42,0.55,92.5,0.01,0.01,2322.36204,1776193884000
1776193886.469,86.469,0.46,411.92,0.45,180.5,0.47,205.63,0.49,8.0,0.53,226.25,0.52,25.5,0.54,136.42,0.55,92.5,0.01,0.01,2322.36204,1776193884000
1776193886.773,86.773,0.48,157.5,0.47,20.5,0.54,14.79,0.58,5.0,0.46,14.79,0.42,5.0,0.52,157.5,0.53,20.5,0.06,0.06,2322.383695,1776193885000
1776193887.023,87.023,0.59,32.0,0.57,196.0,0.6,5.0,0.61,5.0,0.42,15.0,0.41,5.0,0.47,226.93,0.48,179.0,0.01,0.05,2322.383695,1776193885000
1776193887.336,87.336,0.59,201.0,0.58,225.0,0.6,5.0,0.61,5.0,0.4,5.0,0.39,5.0,0.41,32.0,0.43,196.0,0.01,0.01,2322.383695,1776193885000
1776193887.557,87.557,0.6,10.0,0.59,260.0,0.63,5.0,0.64,13.0,0.39,1.8,0.38,5.0,0.41,255.0,0.42,225.0,0.03,0.02,2322.383695,1776193885000
1776193887.762,87.762,0.6,10.0,0.59,260.0,0.63,5.0,0.64,13.0,0.37,5.0,0.36,13.0,0.4,10.0,0.41,260.0,0.03,0.03,2322.425299,1776193886000
1776193888.261,88.261,0.61,20.28,0.6,22.0,0.62,20.87,0.63,30.0,0.37,33.0,0.36,22.0,0.39,23.28,0.4,10.0,0.01,0.02,2322.425299,1776193886000
1776193888.656,88.656,0.61,7.71,0.6,22.0,0.62,31.37,0.63,20.0,0.38,20.87,0.37,20.0,0.39,5.71,0.4,22.0,0.01,0.01,2322.425299,1776193886000
1776193888.891,88.891,0.61,12.71,0.6,27.0,0.62,2.66,0.63,24.0,0.38,13.66,0.37,24.0,0.39,12.71,0.4,22.0,0.01,0.01,2322.636122,1776193887000
1776193889.526,89.526,0.61,35.0,0.6,27.0,0.62,19.66,0.63,30.5,0.38,2.66,0.37,24.0,0.39,12.71,0.4,27.0,0.01,0.01,2322.636122,1776193887000
1776193889.832,89.832,0.6,21.5,0.59,52.0,0.62,25.16,0.63,30.5,0.38,19.66,0.37,30.5,0.39,35.0,0.4,27.0,0.02,0.01,2323.439625,1776193888000
1776193890.626,90.626,0.6,54.5,0.59,107.0,0.61,99.08,0.62,25.16,0.38,25.16,0.37,30.5,0.4,21.5,0.41,52.0,0.01,0.02,2323.439625,1776193888000
1776193891.346,91.346,0.6,0.75,0.59,57.0,0.61,104.08,0.62,25.16,0.39,94.08,0.38,25.16,0.4,4.5,0.41,57.0,0.01,0.01,2323.407687,1776193889000
1776193891.624,91.624,0.56,74.48,0.55,60.0,0.6,70.5,0.61,144.08,0.4,70.5,0.39,144.08,0.44,74.48,0.45,60.0,0.04,0.04,2323.436324,1776193890000
1776193891.978,91.978,0.58,15.0,0.57,31.0,0.59,79.11,0.6,70.5,0.41,75.81,0.4,70.5,0.42,15.0,0.43,25.0,0.01,0.01,2323.436324,1776193890000
1776193892.289,92.289,0.58,10.0,0.57,91.0,0.59,55.19,0.6,70.5,0.41,79.11,0.4,70.5,0.42,15.0,0.43,31.0,0.01,0.01,2323.436324,1776193890000
1776193892.586,92.586,0.58,10.0,0.57,90.0,0.59,53.49,0.6,60.0,0.41,55.19,0.4,70.5,0.42,10.0,0.43,91.0,0.01,0.01,2323.436324,1776193890000
1776193892.852,92.852,0.58,10.0,0.57,90.0,0.59,48.49,0.6,60.0,0.41,48.49,0.4,60.0,0.42,10.0,0.43,90.0,0.01,0.01,2323.438121,1776193891000
1776193893.124,93.124,0.58,10.0,0.57,85.0,0.59,53.49,0.6,60.0,0.41,48.49,0.4,60.0,0.42,10.0,0.43,90.0,0.01,0.01,2323.438121,1776193891000
1776193893.66,93.66,0.58,10.0,0.57,85.0,0.59,53.49,0.6,60.0,0.41,53.49,0.4,60.0,0.42,10.0,0.43,85.0,0.01,0.01,2323.43825,1776193892000
1776193894.631,94.631,0.58,10.0,0.57,85.0,0.59,53.49,0.6,60.0,0.41,53.49,0.4,60.0,0.42,10.0,0.43,85.0,0.01,0.01,2323.44545,1776193893000
1776193894.905,94.905,0.58,10.0,0.57,86.0,0.59,58.49,0.6,60.0,0.41,53.49,0.4,60.0,0.42,10.0,0.43,85.0,0.01,0.01,2323.44545,1776193893000
1776193895.681,95.681,0.58,54.0,0.57,86.0,0.59,51.79,0.6,60.0,0.41,51.79,0.4,60.0,0.42,54.0,0.43,86.0,0.01,0.01,2323.446538,1776193894000
1776193896.156,96.156,0.62,6.0,0.61,196.5,0.63,50.0,0.64,50.0,0.4,45.0,0.39,123.76,0.41,76.0,0.42,80.5,0.01,0.01,2323.446538,1776193894000
1776193896.356,96.356,0.64,122.0,0.63,50.0,0.65,69.34,0.66,80.5,0.35,50.38,0.34,75.5,0.36,10.0,0.37,42.0,0.01,0.01,2323.446538,1776193894000
1776193896.618,96.618,0.64,5.0,0.63,5.0,0.66,39.06,0.67,60.0,0.34,39.06,0.33,60.0,0.36,5.0,0.37,5.0,0.02,0.02,2323.44756,1776193895000
1776193896.875,96.875,0.61,10.0,0.6,27.0,0.63,46.75,0.64,75.5,0.37,53.34,0.36,75.5,0.39,42.0,0.4,22.0,0.02,0.02,2323.44756,1776193895000
1776193897.193,97.193,0.61,15.0,0.6,15.0,0.62,91.91,0.63,170.14,0.37,50.16,0.36,75.5,0.39,10.0,0.4,27.0,0.01,0.02,2323.44756,1776193895000
1776193897.498,97.498,0.61,5.0,0.6,15.0,0.62,91.91,0.63,170.14,0.38,91.91,0.37,170.14,0.39,15.0,0.4,15.0,0.01,0.01,2323.44756,1776193895000
1776193897.776,97.776,0.6,65.0,0.59,65.0,0.62,66.67,0.63,153.32,0.38,98.67,0.37,160.14,0.39,10.0,0.4,70.0,0.02,0.01,2323.44756,1776193895000
1776193898.13,98.13,0.6,65.0,0.59,70.0,0.62,66.67,0.63,153.32,0.38,66.67,0.37,153.32,0.4,65.0,0.41,65.0,0.02,0.02,2323.458723,1776193896000
1776193898.482,98.482,0.61,10.0,0.6,65.0,0.62,69.73,0.63,163.32,0.38,66.67,0.37,153.32,0.4,65.0,0.41,70.0,0.01,0.02,2323.458723,1776193896000
1776193899.112,99.112,0.61,129.0,0.6,80.5,0.63,63.0,0.64,50.0,0.38,69.73,0.37,163.32,0.39,10.0,0.4,65.0,0.02,0.01,2323.648695,1776193897000
1776193899.415,99.415,0.62,54.0,0.61,99.0,0.63,68.0,0.64,55.0,0.37,63.0,0.36,50.0,0.39,129.0,0.4,80.5,0.01,0.02,2323.611293,1776193898000
1776193899.617,99.617,0.62,114.0,0.61,94.0,0.63,62.95,0.64,55.0,0.37,68.0,0.36,55.0,0.38,54.0,0.39,99.0,0.01,0.01,2323.611293,1776193898000
1776193900.747,100.747,0.62,114.0,0.61,94.0,0.63,59.14,0.64,55.0,0.37,59.14,0.36,55.0,0.38,114.0,0.39,94.0,0.01,0.01,2323.557221,1776193899000
1776193901.029,101.029,0.62,69.0,0.61,94.0,0.65,0.83,0.66,70.56,0.37,59.14,0.36,55.0,0.38,114.0,0.39,94.0,0.03,0.01,2323.557221,1776193899000
1776193901.374,101.374,0.62,69.0,0.61,94.0,0.65,0.83,0.66,70.56,0.35,0.83,0.34,70.56,0.38,69.0,0.39,94.0,0.03,0.03,2323.565009,1776193900000
1776193902.061,102.061,0.62,69.0,0.61,94.0,0.65,0.83,0.66,70.56,0.35,0.83,0.34,70.56,0.38,69.0,0.39,94.0,0.03,0.03,2323.566503,1776193901000
1776193902.36,102.36,0.63,89.0,0.62,69.0,0.64,26.32,0.65,158.28,0.35,0.83,0.34,70.56,0.38,69.0,0.39,94.0,0.01,0.03,2323.566503,1776193901000
1776193903.692,103.692,0.63,89.0,0.62,69.0,0.64,26.32,0.65,158.28,0.36,26.32,0.35,158.28,0.37,89.0,0.38,69.0,0.01,0.01,2323.592406,1776193902000
1776193904.225,104.225,0.63,71.97,0.62,69.0,0.64,26.32,0.65,158.28,0.36,26.32,0.35,158.28,0.37,89.0,0.38,69.0,0.01,0.01,2323.592406,1776193902000
1776193905.129,105.129,0.64,140.0,0.63,89.84,0.65,71.78,0.66,73.0,0.36,26.32,0.35,158.28,0.37,71.97,0.38,69.0,0.01,0.01,2323.583797,1776193903000
1776193905.701,105.701,0.64,160.0,0.63,89.84,0.65,49.78,0.66,73.0,0.35,49.78,0.34,73.0,0.36,160.0,0.37,89.84,0.01,0.01,2323.581216,1776193904000
1776193905.936,105.936,0.64,225.0,0.63,104.96,0.65,48.51,0.66,73.0,0.35,50.16,0.34,73.0,0.36,225.0,0.37,104.96,0.01,0.01,2323.581216,1776193904000
1776193906.325,106.325,0.64,239.0,0.63,104.96,0.65,42.23,0.66,73.0,0.35,42.23,0.34,73.0,0.36,239.0,0.37,104.96,0.01,0.01,2323.580305,1776193905000
1776193906.739,106.739,0.65,221.87,0.64,125.67,0.67,13.0,0.68,15.0,0.34,33.83,0.33,13.0,0.35,27.0,0.36,133.04,0.02,0.01,2323.580305,1776193905000
1776193907.1,107.1,0.66,125.0,0.65,89.87,0.67,11.5,0.68,15.0,0.33,13.0,0.32,15.0,0.35,221.87,0.36,125.67,0.01,0.02,2323.580305,1776193905000
1776193907.776,107.776,0.66,145.58,0.65,89.87,0.67,11.5,0.68,15.0,0.33,11.5,0.32,15.0,0.34,145.58,0.35,89.87,0.01,0.01,2323.648296,1776193906000
1776193908.058,108.058,0.67,26.5,0.66,120.0,0.68,107.05,0.69,75.5,0.32,107.05,0.31,75.5,0.34,217.08,0.35,107.0,0.01,0.02,2323.648296,1776193906000
1776193908.272,108.272,0.67,159.96,0.66,132.0,0.68,102.53,0.69,75.5,0.32,99.23,0.31,75.5,0.33,164.5,0.34,132.0,0.01,0.01,2323.648296,1776193906000
1776193908.502,108.502,0.67,146.62,0.66,132.0,0.68,157.53,0.69,75.5,0.32,157.53,0.31,75.5,0.33,146.62,0.34,132.0,0.01,0.01,2323.722138,1776193907000
1776193909.078,109.078,0.67,142.78,0.66,132.0,0.68,102.53,0.69,75.5,0.32,157.53,0.31,75.5,0.33,136.12,0.34,132.0,0.01,0.01,2323.722138,1776193907000
1776193909.511,109.511,0.66,41.76,0.65,17.0,0.67,38.5,0.68,163.53,0.32,113.03,0.31,65.0,0.33,67.28,0.34,82.0,0.01,0.01,2323.80636,1776193908000
1776193909.758,109.758,0.58,50.0,0.57,55.0,0.66,79.62,0.67,47.0,0.33,63.5,0.32,207.65,0.35,20.0,0.39,13.0,0.08,0.02,2323.80636,1776193908000
1776193910.003,110.003,0.58,12.9,0.57,44.44,0.6,11.21,0.61,175.12,0.4,10.5,0.39,82.62,0.43,44.44,0.44,50.0,0.02,0.03,2323.80636,1776193908000
1776193910.259,110.259,0.58,24.35,0.57,49.44,0.59,128.41,0.6,16.21,0.4,11.21,0.39,175.12,0.42,12.9,0.43,44.44,0.01,0.02,2323.80636,1776193908000
1776193910.475,110.475,0.57,49.44,0.56,50.0,0.59,128.41,0.6,16.21,0.41,128.41,0.4,16.21,0.43,49.44,0.44,50.0,0.02,0.02,2323.79147,1776193909000
1776193910.736,110.736,0.56,16.0,0.55,80.5,0.57,10.0,0.58,34.58,0.42,34.58,0.41,57.0,0.44,105.0,0.45,75.5,0.01,0.02,2323.79147,1776193909000
1776193911.069,111.069,0.56,53.0,0.55,97.5,0.57,20.0,0.58,34.58,0.43,10.0,0.42,34.58,0.44,16.0,0.45,80.5,0.01,0.01,2323.79147,1776193909000
1776193911.339,111.339,0.56,33.2,0.55,97.5,0.57,48.0,0.58,34.58,0.43,48.0,0.42,34.58,0.44,38.0,0.45,97.5,0.01,0.01,2323.779231,1776193910000
1776193911.742,111.742,0.56,28.2,0.55,97.5,0.57,38.0,0.58,34.58,0.43,53.0,0.42,34.58,0.44,30.7,0.45,97.5,0.01,0.01,2323.779231,1776193910000
1776193912.091,112.091,0.56,35.92,0.55,97.5,0.57,33.0,0.58,39.58,0.43,38.0,0.42,34.58,0.44,30.92,0.45,97.5,0.01,0.01,2323.779231,1776193910000
1776193912.589,112.589,0.56,35.92,0.55,97.5,0.57,33.0,0.58,39.58,0.43,33.0,0.42,39.58,0.44,35.92,0.45,97.5,0.01,0.01,2323.29753,1776193911000
1776193913.243,113.243,0.56,86.36,0.55,92.5,0.57,26.12,0.58,89.58,0.43,26.12,0.42,84.58,0.44,98.64,0.45,92.5,0.01,0.01,2323.29753,1776193911000
1776193914.095,114.095,0.56,60.36,0.55,92.5,0.57,26.12,0.58,89.58,0.43,26.12,0.42,89.58,0.44,86.36,0.45,92.5,0.01,0.01,2323.221815,1776193912000
1776193914.424,114.424,0.56,70.36,0.55,92.5,0.57,24.36,0.58,89.58,0.43,26.12,0.42,89.58,0.44,60.36,0.45,92.5,0.01,0.01,2323.221815,1776193912000
1776193915.012,115.012,0.56,78.08,0.55,92.5,0.57,24.36,0.58,39.58,0.43,24.36,0.42,89.58,0.44,70.36,0.45,92.5,0.01,0.01,2323.214865,1776193913000
1776193915.343,115.343,0.56,55.24,0.55,92.5,0.57,24.36,0.58,39.58,0.43,24.36,0.42,39.58,0.44,55.24,0.45,92.5,0.01,0.01,2323.213789,1776193914000
1776193915.775,115.775,0.52,51.0,0.51,50.0,0.53,28.11,0.54,80.0,0.43,24.36,0.42,39.58,0.44,55.24,0.45,92.5,0.01,0.01,2323.213789,1776193914000
1776193916.009,116.009,0.52,53.62,0.51,72.5,0.53,71.11,0.54,85.0,0.47,28.11,0.46,80.0,0.48,51.0,0.49,50.0,0.01,0.01,2323.214654,1776193915000
1776193916.528,116.528,0.52,59.12,0.51,82.5,0.53,25.0,0.54,95.0,0.47,71.11,0.46,85.0,0.48,53.62,0.49,72.5,0.01,0.01,2323.214654,1776193915000
1776193916.873,116.873,0.58,25.0,0.57,66.5,0.59,65.28,0.6,65.0,0.47,25.0,0.46,95.0,0.48,59.12,0.49,82.5,0.01,0.01,2323.214654,1776193915000
1776193917.3,117.3,0.6,7.5,0.59,20.5,0.61,10.0,0.63,50.0,0.41,60.78,0.4,65.0,0.42,25.0,0.43,72.5,0.01,0.01,2323.200615,1776193916000
1776193917.505,117.505,0.6,147.64,0.59,81.5,0.61,5.28,0.64,50.0,0.39,5.28,0.36,50.0,0.4,150.32,0.41,81.5,0.01,0.01,2323.200615,1776193916000
1776193917.91,117.91,0.6,144.96,0.59,81.5,0.61,5.28,0.64,50.0,0.39,5.28,0.36,50.0,0.4,144.96,0.41,81.5,0.01,0.01,2323.037144,1776193917000
1776193918.925,118.925,0.6,144.96,0.59,81.5,0.61,5.28,0.64,50.0,0.39,5.28,0.36,50.0,0.4,144.96,0.41,81.5,0.01,0.01,2322.96361,1776193918000
1776193919.223,119.223,0.63,82.0,0.62,38.0,0.64,75.0,0.65,108.82,0.39,5.28,0.36,50.0,0.4,144.96,0.41,81.5,0.01,0.01,2322.96361,1776193918000
1776193919.939,119.939,0.63,76.93,0.62,38.0,0.64,75.0,0.65,108.82,0.36,75.0,0.35,108.82,0.37,76.93,0.38,38.0,0.01,0.01,2323.440487,1776193919000
1776193920.223,120.223,0.63,154.03,0.62,83.0,0.64,65.0,0.65,108.82,0.36,75.0,0.35,108.82,0.37,76.93,0.38,38.0,0.01,0.01,2323.440487,1776193919000
1776193920.499,120.499,0.63,21.4,0.62,98.5,0.65,5.79,0.66,31.97,0.35,92.32,0.34,151.97,0.37,153.23,0.38,83.0,0.02,0.02,2323.440487,1776193919000
1776193920.725,120.725,0.64,179.5,0.63,37.4,0.66,28.94,0.71,142.0,0.35,2.01,0.34,31.97,0.36,121.0,0.37,21.4,0.02,0.01,2323.440487,1776193919000
1776193920.931,120.931,0.66,4.52,0.65,42.5,0.69,10.0,0.7,14.0,0.31,0.5,0.3,9.0,0.32,10.0,0.33,10.0,0.03,0.01,2323.440487,1776193919000
1776193921.148,121.148,0.68,42.0,0.67,27.0,0.69,13.4,0.7,19.0,0.31,10.0,0.3,14.0,0.34,4.52,0.35,42.5,0.01,0.03,2323.537923,1776193920000
1776193921.6,121.6,0.69,21.0,0.68,47.0,0.7,131.98,0.71,230.0,0.3,19.0,0.29,125.0,0.32,42.0,0.33,27.0,0.01,0.02,2323.537923,1776193920000
1776193921.99,121.99,0.69,16.7,0.68,52.0,0.7,125.83,0.71,265.5,0.3,125.83,0.29,265.5,0.31,16.7,0.32,52.0,0.01,0.01,2323.534525,1776193921000
1776193922.329,122.329,0.69,36.24,0.68,94.0,0.7,185.83,0.71,265.5,0.3,125.83,0.29,265.5,0.31,16.7,0.32,52.0,0.01,0.01,2323.534525,1776193921000
1776193922.946,122.946,0.69,96.24,0.68,89.0,0.7,119.41,0.71,270.5,0.3,175.83,0.29,265.5,0.31,36.24,0.32,94.0,0.01,0.01,2323.534525,1776193921000
1776193923.288,123.288,0.69,41.19,0.68,94.0,0.7,60.5,0.71,150.5,0.3,119.41,0.29,270.5,0.31,96.24,0.32,89.0,0.01,0.01,2323.806915,1776193922000
1776193923.548,123.548,0.66,10.0,0.65,22.0,0.67,15.54,0.68,80.0,0.3,100.5,0.29,150.5,0.31,31.09,0.32,94.0,0.01,0.01,2323.806915,1776193922000
1776193924.054,124.054,0.64,10.0,0.63,50.0,0.66,85.5,0.67,86.54,0.34,10.0,0.33,57.54,0.35,2.37,0.36,71.0,0.02,0.01,2323.806915,1776193922000
1776193925.264,125.264,0.63,62.0,0.62,76.5,0.65,20.0,0.66,80.5,0.35,20.0,0.34,80.5,0.37,62.0,0.38,76.5,0.02,0.02,2323.94692,1776193924000
1776193926.113,126.113,0.64,16.0,0.63,36.5,0.65,63.46,0.66,60.0,0.35,20.0,0.34,80.5,0.37,62.0,0.38,76.5,0.01,0.02,2323.94692,1776193924000
1776193926.483,126.483,0.64,57.0,0.63,103.5,0.65,40.85,0.66,60.0,0.35,42.5,0.34,60.0,0.36,52.0,0.37,53.5,0.01,0.01,2323.62484,1776193925000
1776193927.237,127.237,0.64,57.0,0.63,103.5,0.65,40.85,0.66,60.0,0.35,40.85,0.34,60.0,0.36,57.0,0.37,103.5,0.01,0.01,2323.637435,1776193926000
1776193927.74,127.74,0.64,12.0,0.63,15.0,0.66,80.5,0.67,76.54,0.35,44.31,0.34,60.0,0.36,17.0,0.37,88.0,0.02,0.01,2323.637435,1776193926000
1776193928.382,128.382,0.63,12.1,0.62,93.5,0.64,11.0,0.65,15.0,0.34,80.5,0.33,76.54,0.36,12.0,0.37,15.0,0.01,0.02,2323.637435,1776193926000
1776193928.811,128.811,0.63,12.1,0.62,93.5,0.64,11.0,0.65,15.0,0.36,11.0,0.35,15.0,0.37,12.1,0.38,93.5,0.01,0.01,2323.647767,1776193927000
1776193929.336,129.336,0.63,12.1,0.62,93.5,0.64,11.0,0.65,15.0,0.36,11.0,0.35,15.0,0.37,12.1,0.38,93.5,0.01,0.01,2323.578538,1776193928000
1776193929.89,129.89,0.63,12.1,0.62,93.5,0.64,11.0,0.65,15.0,0.36,11.0,0.35,15.0,0.37,12.1,0.38,93.5,0.01,0.01,2323.566911,1776193929000
1776193930.942,130.942,0.63,12.1,0.62,93.5,0.64,11.0,0.65,15.0,0.36,11.0,0.35,15.0,0.37,12.1,0.38,93.5,0.01,0.01,2323.537867,1776193930000
1776193931.143,131.143,0.67,31.0,0.66,17.0,0.68,139.5,0.69,70.5,0.36,11.0,0.35,15.0,0.37,12.1,0.38,93.5,0.01,0.01,2323.537867,1776193930000
1776193931.398,131.398,0.65,17.0,0.63,86.5,0.67,20.5,0.68,134.5,0.32,134.5,0.31,70.5,0.34,17.0,0.35,5.0,0.02,0.02,2323.537867,1776193930000
1776193932.075,132.075,0.65,5.0,0.64,12.0,0.66,24.74,0.67,20.5,0.34,24.74,0.33,20.5,0.35,5.0,0.36,12.0,0.01,0.01,2323.630638,1776193931000
1776193932.352,132.352,0.63,11.55,0.62,103.5,0.64,22.87,0.65,15.0,0.36,22.87,0.35,15.0,0.37,9.0,0.38,98.5,0.01,0.01,2323.630638,1776193931000
1776193932.595,132.595,0.63,4.45,0.62,98.5,0.64,32.87,0.65,15.0,0.36,22.87,0.35,15.0,0.37,11.55,0.38,103.5,0.01,0.01,2323.630638,1776193931000
1776193932.853,132.853,0.63,15.0,0.62,103.5,0.64,32.87,0.65,15.0,0.36,32.87,0.35,15.0,0.37,4.45,0.38,98.5,0.01,0.01,2323.630638,1776193931000
1776193933.13,133.13,0.63,10.0,0.62,103.5,0.64,32.87,0.65,15.0,0.36,32.87,0.35,15.0,0.37,10.0,0.38,103.5,0.01,0.01,2323.711692,1776193932000
1776193933.777,133.777,0.63,69.2,0.62,98.5,0.64,30.54,0.65,70.0,0.36,32.87,0.35,70.0,0.37,69.2,0.38,98.5,0.01,0.01,2323.711692,1776193932000
1776193934.225,134.225,0.63,69.2,0.62,98.5,0.64,30.54,0.65,70.0,0.36,30.54,0.35,70.0,0.37,69.2,0.38,98.5,0.01,0.01,2323.62407,1776193933000
1776193934.973,134.973,0.63,79.7,0.62,98.5,0.65,83.35,0.66,79.74,0.36,30.54,0.35,70.0,0.37,69.2,0.38,98.5,0.02,0.01,2323.62407,1776193933000
1776193935.252,135.252,0.63,79.7,0.62,98.5,0.65,83.35,0.66,79.74,0.35,83.35,0.34,79.74,0.37,79.7,0.38,98.5,0.02,0.02,2323.536849,1776193934000
1776193935.755,135.755,0.62,8.15,0.61,82.5,0.63,108.0,0.64,103.0,0.35,83.35,0.34,79.74,0.37,79.7,0.38,98.5,0.01,0.02,2323.536849,1776193934000
1776193936.246,136.246,0.62,8.15,0.61,82.5,0.63,108.0,0.64,103.0,0.37,108.0,0.36,103.0,0.38,8.15,0.39,82.5,0.01,0.01,2323.53051,1776193935000
1776193937.278,137.278,0.62,8.15,0.61,82.5,0.63,108.0,0.64,103.0,0.37,108.0,0.36,103.0,0.38,8.15,0.39,82.5,0.01,0.01,2323.528921,1776193936000
1776193938.451,138.451,0.62,8.15,0.61,82.5,0.63,108.0,0.64,103.0,0.37,108.0,0.36,103.0,0.38,8.15,0.39,82.5,0.01,0.01,2323.469982,1776193937000
1776193938.803,138.803,0.64,94.0,0.63,32.0,0.65,3.35,0.66,50.0,0.37,108.0,0.36,103.0,0.38,8.15,0.39,82.5,0.01,0.01,2323.469982,1776193937000
1776193939.091,139.091,0.64,25.0,0.63,42.0,0.65,1.7,0.66,50.0,0.35,3.35,0.34,50.0,0.36,94.0,0.37,32.0,0.01,0.01,2323.458322,1776193938000
1776193939.365,139.365,0.65,9.3,0.64,76.0,0.66,50.0,0.67,55.0,0.35,1.7,0.34,50.0,0.36,25.0,0.37,42.0,0.01,0.01,2323.458322,1776193938000
1776193939.998,139.998,0.65,9.3,0.64,76.0,0.66,50.0,0.67,55.0,0.34,50.0,0.33,55.0,0.35,9.3,0.36,76.0,0.01,0.01,2323.447743,1776193939000
1776193941.041,141.041,0.65,9.3,0.64,76.0,0.66,50.0,0.67,55.0,0.34,50.0,0.33,55.0,0.35,9.3,0.36,76.0,0.01,0.01,2323.604453,1776193940000
1776193941.325,141.325,0.64,21.0,0.63,5.0,0.66,74.5,0.67,122.62,0.34,49.0,0.33,55.0,0.35,94.3,0.36,118.5,0.02,0.01,2323.604453,1776193940000
1776193942.264,142.264,0.6,60.5,0.59,50.0,0.61,13.24,0.62,10.0,0.34,74.5,0.33,122.62,0.36,10.0,0.37,5.0,0.01,0.02,2323.604453,1776193940000
1776193942.731,142.731,0.6,60.5,0.59,50.0,0.61,13.24,0.62,10.0,0.39,13.24,0.38,10.0,0.4,60.5,0.41,50.0,0.01,0.01,2323.594492,1776193941000
1776193943.256,143.256,0.6,70.5,0.59,66.0,0.61,27.48,0.62,65.0,0.39,27.48,0.38,65.0,0.4,70.5,0.41,66.0,0.01,0.01,2323.591288,1776193942000
1776193943.782,143.782,0.55,16.38,0.54,55.0,0.56,10.0,0.57,10.0,0.39,25.1,0.38,135.0,0.4,70.5,0.41,71.0,0.01,0.01,2323.591288,1776193942000
1776193944.044,144.044,0.54,55.76,0.53,55.0,0.55,15.0,0.56,20.0,0.44,15.0,0.43,15.0,0.46,45.26,0.47,55.0,0.01,0.02,2323.591288,1776193942000
1776193944.306,144.306,0.53,55.0,0.52,88.62,0.55,15.0,0.56,20.0,0.45,15.0,0.44,20.0,0.47,55.0,0.48,88.62,0.02,0.02,2323.4481,1776193943000
1776193944.74,144.74,0.5,33.3,0.49,60.01,0.51,75.0,0.52,70.0,0.49,10.0,0.48,10.0,0.5,10.8,0.51,60.01,0.01,0.01,2323.4481,1776193943000
1776193945.002,145.002,0.5,8.16,0.49,71.01,0.51,80.0,0.52,70.0,0.49,113.0,0.48,70.0,0.5,15.3,0.51,60.01,0.01,0.01,2323.4481,1776193943000
1776193945.334,145.334,0.5,8.16,0.49,71.01,0.51,74.8,0.52,70.0,0.49,74.8,0.48,70.0,0.5,8.16,0.51,71.01,0.01,0.01,2323.376557,1776193944000
1776193945.609,145.609,0.49,75.01,0.48,61.0,0.51,69.8,0.52,75.0,0.49,69.8,0.48,70.0,0.5,31.64,0.51,76.01,0.02,0.01,2323.376557,1776193944000
1776193945.901,145.901,0.49,75.01,0.48,61.0,0.5,7.86,0.51,69.8,0.5,7.86,0.49,69.8,0.51,75.01,0.52,61.0,0.01,0.01,2323.316132,1776193945000
1776193946.451,146.451,0.49,100.51,0.48,66.0,0.5,10.72,0.51,69.8,0.5,7.86,0.49,69.8,0.51,75.01,0.52,61.0,0.01,0.01,2323.316132,1776193945000
1776193946.705,146.705,0.53,50.5,0.52,155.0,0.54,1.29,0.58,10.0,0.5,10.72,0.49,69.8,0.51,100.51,0.52,66.0,0.01,0.01,2323.316132,1776193945000
1776193946.997,146.997,0.57,139.32,0.56,85.5,0.58,4.82,0.59,18.0,0.42,4.82,0.41,18.0,0.43,139.32,0.44,85.5,0.01,0.01,2322.833616,1776193946000
1776193947.292,147.292,0.62,86.13,0.61,75.5,0.63,66.0,0.64,72.0,0.37,50.5,0.36,72.0,0.39,90.0,0.4,35.5,0.01,0.02,2322.833616,1776193946000
1776193947.626,147.626,0.62,86.13,0.61,125.5,0.63,58.0,0.64,72.0,0.37,66.0,0.36,72.0,0.38,86.13,0.39,75.5,0.01,0.01,2322.833616,1776193946000
1776193947.967,147.967,0.62,79.14,0.61,125.5,0.63,68.0,0.64,65.0,0.37,58.0,0.36,72.0,0.38,86.13,0.39,125.5,0.01,0.01,2322.833616,1776193946000
1776193948.229,148.229,0.62,41.65,0.61,60.0,0.63,68.0,0.64,75.0,0.37,68.0,0.36,65.0,0.38,54.47,0.39,115.0,0.01,0.01,2322.907998,1776193947000
1776193949.011,149.011,0.62,38.83,0.61,60.0,0.63,73.0,0.64,75.0,0.37,73.0,0.36,75.0,0.38,38.83,0.39,60.0,0.01,0.01,2323.352265,1776193948000
1776193949.331,149.331,0.55,68.83,0.54,55.0,0.57,37.5,0.58,38.5,0.37,73.0,0.36,75.0,0.38,38.83,0.39,60.0,0.02,0.01,2323.352265,1776193948000
1776193950.094,150.094,0.55,68.83,0.54,55.0,0.57,37.5,0.58,38.5,0.43,37.5,0.42,38.5,0.45,68.83,0.46,55.0,0.02,0.02,2323.383891,1776193949000
1776193950.92,150.92,0.53,31.6,0.52,75.0,0.54,19.01,0.55,19.55,0.46,10.0,0.45,3.05,0.47,1.1,0.48,70.0,0.01,0.01,2323.383891,1776193949000
1776193951.231,151.231,0.53,31.6,0.52,75.0,0.54,19.01,0.55,19.55,0.46,19.01,0.45,19.55,0.47,31.6,0.48,75.0,0.01,0.01,2323.094876,1776193950000
1776193952.211,152.211,0.53,31.6,0.52,80.0,0.54,12.02,0.55,14.05,0.46,12.02,0.45,14.05,0.47,31.6,0.48,80.0,0.01,0.01,2323.11064,1776193951000
1776193953.108,153.108,0.53,17.52,0.52,80.0,0.54,17.02,0.55,74.55,0.46,12.02,0.45,14.05,0.47,31.6,0.48,80.0,0.01,0.01,2323.11064,1776193951000
1776193953.803,153.803,0.51,21.38,0.5,60.0,0.52,5.0,0.53,56.5,0.46,17.02,0.45,74.55,0.47,17.52,0.48,80.0,0.01,0.01,2322.974831,1776193952000
1776193954.155,154.155,0.5,66.38,0.49,66.0,0.52,72.0,0.53,197.5,0.48,72.0,0.47,197.5,0.49,48.36,0.5,70.0,0.02,0.01,2322.974831,1776193952000
1776193954.537,154.537,0.51,130.5,0.5,81.88,0.54,12.92,0.55,13.55,0.48,67.0,0.47,197.5,0.5,66.38,0.51,66.0,0.03,0.02,2322.977784,1776193953000
1776193955.329,155.329,0.51,130.5,0.5,81.88,0.54,12.92,0.55,13.55,0.46,12.92,0.45,13.55,0.49,130.5,0.5,81.88,0.03,0.03,2322.978791,1776193954000
1776193956.406,156.406,0.51,130.5,0.5,81.88,0.54,12.92,0.55,13.55,0.46,12.92,0.45,13.55,0.49,130.5,0.5,81.88,0.03,0.03,2322.874383,1776193955000
1776193957.143,157.143,0.5,30.5,0.49,76.0,0.52,92.5,0.53,81.5,0.46,12.92,0.45,13.55,0.49,130.5,0.5,81.88,0.02,0.03,2322.874383,1776193955000
1776193957.548,157.548,0.5,30.5,0.49,76.0,0.52,92.5,0.53,81.5,0.48,92.5,0.47,81.5,0.5,30.5,0.51,76.0,0.02,0.02,2322.897102,1776193956000
1776193958.113,158.113,0.5,30.5,0.49,76.0,0.52,92.5,0.53,81.5,0.48,92.5,0.47,81.5,0.5,30.5,0.51,76.0,0.02,0.02,2322.896536,1776193957000
1776193958.377,158.377,0.48,3.0,0.45,72.71,0.49,21.0,0.5,23.0,0.51,15.0,0.5,27.0,0.52,3.0,0.55,72.71,0.01,0.01,2322.896536,1776193957000
1776193958.855,158.855,0.47,10.0,0.45,72.71,0.49,32.0,0.5,23.0,0.51,21.0,0.5,23.0,0.52,3.0,0.55,72.71,0.02,0.01,2322.896536,1776193957000
1776193959.243,159.243,0.47,10.0,0.45,72.71,0.49,32.0,0.5,23.0,0.51,32.0,0.5,23.0,0.53,10.0,0.55,72.71,0.02,0.02,2322.8514,1776193958000
1776193959.669,159.669,0.45,62.71,0.44,65.0,0.48,21.0,0.49,32.5,0.51,32.0,0.5,23.0,0.53,10.0,0.55,72.71,0.03,0.02,2322.8514,1776193958000
1776193959.955,159.955,0.46,10.0,0.45,72.71,0.47,9.89,0.48,21.0,0.52,21.0,0.51,32.5,0.55,62.71,0.56,65.0,0.01,0.03,2322.8514,1776193958000
1776193960.411,160.411,0.46,10.0,0.45,72.71,0.47,9.89,0.48,21.0,0.53,9.89,0.52,21.0,0.54,10.0,0.55,72.71,0.01,0.01,2322.713122,1776193959000
1776193961.068,161.068,0.46,10.0,0.45,72.71,0.47,9.89,0.48,21.0,0.53,9.89,0.52,21.0,0.54,10.0,0.55,72.71,0.01,0.01,2322.674734,1776193960000
1776193961.279,161.279,0.45,6.71,0.44,5.0,0.47,68.89,0.48,26.0,0.53,68.89,0.52,26.0,0.54,4.74,0.55,6.71,0.02,0.01,2322.674734,1776193960000
1776193961.56,161.56,0.4,10.0,0.35,43.53,0.41,71.72,0.43,5.0,0.59,58.92,0.54,50.0,0.65,43.53,0.66,50.0,0.01,0.06,2322.674734,1776193960000
1776193961.805,161.805,0.4,5.08,0.35,56.53,0.41,121.72,0.42,13.62,0.59,71.72,0.57,5.0,0.6,10.0,0.65,43.53,0.01,0.01,2322.674734,1776193960000
1776193962.047,162.047,0.4,11.08,0.36,7.0,0.41,135.84,0.42,21.0,0.59,119.84,0.58,5.0,0.6,10.08,0.61,12.82,0.01,0.01,2322.674734,1776193960000
1776193962.325,162.325,0.36,7.0,0.35,53.53,0.41,190.84,0.42,16.0,0.59,135.84,0.58,21.0,0.6,1.08,0.64,7.0,0.05,0.01,2322.585016,1776193961000
1776193962.645,162.645,0.36,17.0,0.35,53.53,0.37,5.0,0.38,10.0,0.59,190.84,0.58,16.0,0.64,7.0,0.65,53.53,0.01,0.05,2322.585016,1776193961000
1776193963.039,163.039,0.36,17.0,0.35,53.53,0.38,20.0,0.39,10.0,0.63,5.0,0.62,10.0,0.64,17.0,0.65,53.53,0.02,0.01,2322.585016,1776193961000
1776193963.288,163.288,0.35,61.53,0.34,50.0,0.37,10.0,0.38,20.0,0.62,20.0,0.61,10.0,0.64,17.0,0.65,53.53,0.02,0.02,2322.178045,1776193962000
1776193963.946,163.946,0.35,5.0,0.34,55.0,0.36,13.02,0.37,10.0,0.64,10.0,0.63,10.0,0.66,70.0,0.67,50.0,0.01,0.02,2322.178045,1776193962000
1776193964.334,164.334,0.35,15.5,0.33,50.0,0.36,10.0,0.37,16.0,0.64,10.0,0.63,16.0,0.65,15.5,0.67,50.0,0.01,0.01,2322.053701,1776193963000
1776193964.971,164.971,0.35,13.73,0.34,5.0,0.36,10.0,0.37,16.0,0.64,10.0,0.63,16.0,0.65,13.73,0.66,5.0,0.01,0.01,2322.018724,1776193964000
1776193965.48,165.48,0.34,23.5,0.33,50.0,0.36,15.0,0.37,26.0,0.64,10.0,0.63,16.0,0.65,13.73,0.66,5.0,0.02,0.01,2322.018724,1776193964000
1776193966.027,166.027,0.34,23.5,0.33,50.0,0.36,15.0,0.37,26.0,0.64,15.0,0.63,26.0,0.66,23.5,0.67,50.0,0.02,0.02,2321.975734,1776193965000
1776193966.863,166.863,0.33,50.0,0.32,50.0,0.35,26.0,0.36,15.0,0.64,15.0,0.63,26.0,0.66,23.5,0.67,50.0,0.02,0.02,2321.975734,1776193965000
1776193967.146,167.146,0.34,10.5,0.33,50.0,0.35,26.42,0.36,15.0,0.65,26.42,0.64,15.0,0.66,10.5,0.67,50.0,0.01,0.01,2321.963034,1776193966000
1776193968.29,168.29,0.34,10.5,0.33,50.0,0.35,26.42,0.36,15.0,0.65,26.42,0.64,15.0,0.66,10.5,0.67,50.0,0.01,0.01,2321.960051,1776193967000
1776193968.918,168.918,0.34,23.87,0.33,50.0,0.35,31.42,0.36,15.0,0.65,26.42,0.64,15.0,0.66,10.5,0.67,50.0,0.01,0.01,2321.960051,1776193967000
1776193969.361,169.361,0.34,23.87,0.33,50.0,0.35,31.42,0.36,15.0,0.65,31.42,0.64,15.0,0.66,23.87,0.67,50.0,0.01,0.01,2321.957402,1776193968000
1776193969.87,169.87,0.33,50.0,0.32,50.0,0.35,216.42,0.36,65.0,0.65,31.42,0.64,15.0,0.66,23.87,0.67,50.0,0.02,0.01,2321.957402,1776193968000
1776193970.912,170.912,0.33,58.9,0.32,50.0,0.34,218.0,0.35,26.42,0.65,216.42,0.64,65.0,0.67,50.0,0.68,50.0,0.01,0.02,2321.958441,1776193969000
1776193971.324,171.324,0.32,50.0,0.31,50.0,0.34,218.0,0.35,26.42,0.66,218.0,0.65,26.42,0.68,50.0,0.69,50.0,0.02,0.02,2321.971831,1776193970000
1776193971.973,171.973,0.32,47.25,0.31,230.0,0.33,10.0,0.34,213.0,0.67,10.0,0.66,213.0,0.68,58.25,0.69,230.0,0.01,0.01,2321.961864,1776193971000
1776193973.008,173.008,0.32,47.25,0.31,230.0,0.33,10.0,0.34,213.0,0.67,10.0,0.66,213.0,0.68,58.25,0.69,230.0,0.01,0.01,2321.955585,1776193972000
1776193974.086,174.086,0.32,47.25,0.31,230.0,0.33,10.0,0.34,213.0,0.67,10.0,0.66,213.0,0.68,58.25,0.69,230.0,0.01,0.01,2321.951835,1776193973000
1776193974.9,174.9,0.32,103.75,0.31,50.0,0.33,16.0,0.34,15.0,0.67,10.0,0.66,213.0,0.68,58.25,0.69,230.0,0.01,0.01,2321.951835,1776193973000
1776193975.205,175.205,0.32,103.75,0.31,50.0,0.33,16.0,0.34,15.0,0.67,16.0,0.66,15.0,0.68,103.75,0.69,50.0,0.01,0.01,2321.948152,1776193974000
1776193975.847,175.847,0.32,97.17,0.31,230.0,0.36,72.1,0.37,77.87,0.67,17.0,0.66,15.0,0.68,97.17,0.69,230.0,0.04,0.01,2321.948152,1776193974000
1776193976.26,176.26,0.32,97.17,0.31,230.0,0.36,72.1,0.37,77.87,0.64,72.1,0.63,77.87,0.68,97.17,0.69,230.0,0.04,0.04,2321.948102,1776193975000
1776193977.5,177.5,0.32,97.17,0.31,230.0,0.36,72.1,0.37,77.87,0.64,72.1,0.63,77.87,0.68,97.17,0.69,230.0,0.04,0.04,2321.963985,1776193976000
1776193978.008,178.008,0.32,97.17,0.31,230.0,0.36,72.1,0.37,77.87,0.64,72.1,0.63,77.87,0.68,97.17,0.69,230.0,0.04,0.04,2321.97744,1776193977000
1776193978.32,178.32,0.32,43.67,0.31,50.0,0.33,10.0,0.34,10.0,0.64,72.1,0.63,77.87,0.68,97.17,0.69,230.0,0.01,0.04,2321.97744,1776193977000
1776193979.114,179.114,0.32,43.67,0.31,50.0,0.33,10.0,0.34,10.0,0.67,10.0,0.66,10.0,0.68,43.67,0.69,50.0,0.01,0.01,2321.982413,1776193978000
1776193979.557,179.557,0.32,41.31,0.31,50.0,0.33,15.0,0.34,15.0,0.67,10.0,0.66,10.0,0.68,43.67,0.69,50.0,0.01,0.01,2321.982413,1776193978000
1776193980.145,180.145,0.32,39.73,0.31,50.0,0.33,15.0,0.34,15.0,0.67,15.0,0.66,15.0,0.68,41.31,0.69,50.0,0.01,0.01,2321.982413,1776193978000
1776193980.649,180.649,0.3,67.1,0.29,55.0,0.31,7.0,0.33,65.0,0.67,15.0,0.66,15.0,0.68,39.73,0.69,50.0,0.01,0.01,2321.968959,1776193979000
1776193981.046,181.046,0.28,43.04,0.27,55.0,0.29,42.0,0.3,65.0,0.69,42.0,0.68,25.5,0.72,47.67,0.73,55.0,0.01,0.03,2321.968959,1776193979000
1776193981.263,181.263,0.28,43.04,0.27,55.0,0.29,42.0,0.3,65.0,0.71,42.0,0.7,65.0,0.72,43.04,0.73,55.0,0.01,0.01,2321.953904,1776193980000
1776193981.512,181.512,0.28,56.34,0.27,55.0,0.29,47.0,0.3,195.0,0.71,42.0,0.7,245.0,0.72,8.61,0.73,55.0,0.01,0.01,2321.953904,1776193980000
1776193981.77,181.77,0.28,49.36,0.27,55.0,0.29,42.0,0.3,245.0,0.71,47.0,0.7,245.0,0.72,54.93,0.73,55.0,0.01,0.01,2321.953904,1776193980000
1776193982.361,182.361,0.27,55.0,0.26,63.0,0.28,38.17,0.29,27.0,0.71,42.0,0.7,245.0,0.72,49.36,0.73,55.0,0.01,0.01,2321.953904,1776193980000
1776193982.96,182.96,0.27,55.0,0.26,63.0,0.28,38.17,0.29,27.0,0.72,38.17,0.71,27.0,0.73,55.0,0.74,63.0,0.01,0.01,2321.758345,1776193982000
1776193983.249,183.249,0.27,54.0,0.26,63.0,0.28,38.17,0.29,27.0,0.72,38.17,0.71,27.0,0.73,55.0,0.74,63.0,0.01,0.01,2321.758345,1776193982000
1776193983.545,183.545,0.26,63.0,0.25,67.35,0.28,38.17,0.29,82.0,0.72,38.17,0.71,27.0,0.73,54.0,0.74,63.0,0.02,0.01,2321.758345,1776193982000
1776193983.777,183.777,0.26,68.0,0.25,60.0,0.29,77.0,0.3,75.5,0.71,82.0,0.7,60.0,0.72,21.83,0.74,63.0,0.03,0.01,2321.758345,1776193982000
1776193984.135,184.135,0.26,68.0,0.25,60.0,0.29,77.0,0.3,75.5,0.71,77.0,0.7,75.5,0.74,68.0,0.75,60.0,0.03,0.03,2321.704657,1776193983000
1776193984.531,184.531,0.25,7.42,0.24,55.0,0.26,20.0,0.27,70.0,0.71,92.5,0.7,146.49,0.74,28.0,0.75,60.0,0.01,0.03,2321.704657,1776193983000
1776193985.049,185.049,0.25,7.42,0.24,55.0,0.26,20.0,0.27,70.0,0.74,20.0,0.73,70.0,0.75,7.42,0.76,55.0,0.01,0.01,2321.690283,1776193984000
1776193986.676,186.676,0.23,10.0,0.22,136.0,0.25,212.0,0.26,82.0,0.74,20.0,0.73,70.0,0.75,7.42,0.76,55.0,0.02,0.01,2321.690283,1776193984000
1776193987.072,187.072,0.24,5.0,0.23,10.0,0.25,207.0,0.26,82.0,0.75,212.0,0.74,82.0,0.77,10.0,0.78,136.0,0.01,0.02,2321.581851,1776193985000
1776193987.316,187.316,0.24,3.59,0.22,66.0,0.25,243.0,0.26,130.12,0.75,207.0,0.74,88.0,0.76,3.59,0.77,60.0,0.01,0.01,2321.581851,1776193985000
1776193987.684,187.684,0.2,39.42,0.19,55.0,0.22,10.0,0.23,10.0,0.75,382.0,0.74,132.0,0.78,5.0,0.79,5.0,0.02,0.03,2321.491397,1776193986000
1776193988.046,188.046,0.18,127.12,0.17,65.0,0.2,45.68,0.21,47.0,0.79,115.0,0.78,98.62,0.8,0.93,0.81,55.0,0.02,0.01,2321.491397,1776193986000
1776193988.548,188.548,0.19,4.07,0.18,127.12,0.2,40.68,0.21,47.0,0.8,40.68,0.79,47.0,0.81,4.07,0.82,127.12,0.01,0.01,2321.450636,1776193987000
1776193988.799,188.799,0.18,109.63,0.17,60.0,0.19,10.0,0.2,28.68,0.8,33.68,0.79,35.0,0.82,89.51,0.83,60.0,0.01,0.02,2321.450636,1776193987000
1776193989.08,189.08,0.18,80.71,0.17,60.0,0.19,10.0,0.2,28.68,0.81,10.0,0.8,28.68,0.82,109.63,0.83,60.0,0.01,0.01,2321.450636,1776193987000
1776193989.609,189.609,0.18,75.71,0.17,60.0,0.22,160.7,0.23,39.5,0.81,10.0,0.8,28.68,0.82,80.71,0.83,60.0,0.04,0.01,2321.375238,1776193988000
1776193990.337,190.337,0.18,75.71,0.17,60.0,0.22,160.7,0.23,39.5,0.78,160.7,0.77,39.5,0.82,75.71,0.83,60.0,0.04,0.04,2321.145596,1776193989000
1776193990.623,190.623,0.18,98.73,0.17,65.0,0.19,15.0,0.2,10.0,0.78,160.7,0.77,39.5,0.82,75.71,0.83,60.0,0.01,0.04,2321.145596,1776193989000
1776193991.154,191.154,0.18,67.42,0.17,65.0,0.19,10.0,0.2,10.0,0.81,15.0,0.8,10.0,0.82,98.73,0.83,65.0,0.01,0.01,2321.145596,1776193989000
1776193991.625,191.625,0.18,46.68,0.17,65.0,0.19,10.0,0.2,10.0,0.81,10.0,0.8,10.0,0.82,46.68,0.83,65.0,0.01,0.01,2321.083423,1776193990000
1776193992.028,192.028,0.17,1.02,0.16,5.0,0.18,160.99,0.19,313.87,0.81,10.0,0.8,10.0,0.82,46.68,0.83,65.0,0.01,0.01,2321.083423,1776193990000
1776193992.36,192.36,0.17,1.02,0.16,5.0,0.18,160.99,0.19,313.87,0.82,160.99,0.81,313.87,0.83,1.02,0.84,5.0,0.01,0.01,2321.081987,1776193991000
1776193993.203,193.203,0.17,1.02,0.16,5.0,0.18,160.99,0.19,313.87,0.82,160.99,0.81,313.87,0.83,1.02,0.84,5.0,0.01,0.01,2321.078947,1776193992000
1776193993.477,193.477,0.16,63.99,0.15,60.0,0.17,15.0,0.18,211.0,0.83,3.5,0.82,206.0,0.84,65.0,0.85,88.2,0.01,0.01,2321.078947,1776193992000
1776193993.942,193.942,0.16,113.73,0.15,60.0,0.17,10.0,0.18,218.0,0.83,15.0,0.82,211.0,0.84,63.99,0.85,60.0,0.01,0.01,2321.078947,1776193992000
1776193994.365,194.365,0.16,113.73,0.15,60.0,0.17,10.0,0.18,218.0,0.83,10.0,0.82,218.0,0.84,113.73,0.85,60.0,0.01,0.01,2321.041702,1776193993000
1776193995.221,195.221,0.16,113.73,0.15,60.0,0.17,10.0,0.18,218.0,0.83,10.0,0.82,218.0,0.84,113.73,0.85,60.0,0.01,0.01,2321.051172,1776193994000
1776193996.122,196.122,0.16,60.23,0.15,83.2,0.17,25.0,0.18,218.0,0.83,20.0,0.82,218.0,0.84,66.45,0.85,78.2,0.01,0.01,2321.051172,1776193994000
1776193996.532,196.532,0.16,59.03,0.15,83.2,0.17,20.0,0.18,218.0,0.83,20.0,0.82,218.0,0.84,59.03,0.85,83.2,0.01,0.01,2321.067632,1776193995000
1776193997.04,197.04,0.16,11.31,0.15,83.2,0.23,60.75,0.24,110.5,0.83,20.0,0.82,218.0,0.84,59.03,0.85,83.2,0.07,0.01,2321.067632,1776193995000
1776193997.378,197.378,0.16,23.8,0.15,82.23,0.17,15.0,0.18,17.0,0.77,60.75,0.76,110.5,0.84,11.31,0.85,83.2,0.01,0.07,2321.067984,1776193996000
1776193998.627,198.627,0.16,23.8,0.15,82.23,0.19,20.5,0.2,10.0,0.81,20.5,0.8,10.0,0.84,23.8,0.85,82.23,0.03,0.03,2321.06713,1776193997000
1776193999.363,199.363,0.16,23.8,0.15,82.23,0.19,20.5,0.2,10.0,0.81,20.5,0.8,10.0,0.84,23.8,0.85,82.23,0.03,0.03,2321.067589,1776193998000
1776194000.351,200.351,0.2,59.96,0.19,105.0,0.21,199.5,0.22,25.5,0.81,20.5,0.8,10.0,0.84,23.8,0.85,82.23,0.01,0.03,2321.067589,1776193998000
1776194000.605,200.605,0.2,59.96,0.19,105.0,0.21,199.5,0.22,25.5,0.79,199.5,0.78,25.5,0.8,59.96,0.81,105.0,0.01,0.01,2321.062912,1776193999000
1776194000.888,200.888,0.2,57.0,0.19,278.5,0.23,7.86,0.24,10.5,0.79,199.5,0.78,25.5,0.8,59.96,0.81,105.0,0.03,0.01,2321.062912,1776193999000
1776194001.216,201.216,0.22,20.67,0.21,23.0,0.23,10.5,0.24,20.5,0.77,10.5,0.76,20.5,0.78,20.67,0.79,23.0,0.01,0.01,2321.091681,1776194000000
1776194001.605,201.605,0.22,34.29,0.21,10.0,0.23,17.5,0.24,20.5,0.77,10.5,0.76,20.5,0.78,20.67,0.79,23.0,0.01,0.01,2321.091681,1776194000000
1776194001.972,201.972,0.22,26.46,0.21,10.0,0.23,22.5,0.24,25.5,0.77,17.5,0.76,20.5,0.78,34.29,0.79,10.0,0.01,0.01,2321.091681,1776194000000
1776194002.358,202.358,0.22,25.17,0.21,10.0,0.23,12.21,0.24,25.5,0.77,12.21,0.76,25.5,0.78,25.17,0.79,10.0,0.01,0.01,2321.125963,1776194001000
1776194002.888,202.888,0.22,25.17,0.21,10.0,0.23,12.21,0.24,25.5,0.77,12.21,0.76,25.5,0.78,25.17,0.79,10.0,0.01,0.01,2321.27019,1776194002000
1776194004.078,204.078,0.22,25.17,0.21,10.0,0.23,12.21,0.24,25.5,0.77,12.21,0.76,25.5,0.78,25.17,0.79,10.0,0.01,0.01,2321.373536,1776194003000
1776194004.852,204.852,0.22,65.76,0.21,60.0,0.23,25.5,0.24,81.73,0.77,12.21,0.76,25.5,0.78,25.17,0.79,10.0,0.01,0.01,2321.373536,1776194003000
1776194005.145,205.145,0.22,65.76,0.21,60.0,0.23,25.5,0.24,81.73,0.77,25.5,0.76,81.73,0.78,65.76,0.79,60.0,0.01,0.01,2321.32691,1776194004000
1776194005.865,205.865,0.19,50.0,0.18,70.5,0.2,136.2,0.21,30.5,0.77,25.5,0.76,81.73,0.78,65.76,0.79,60.0,0.01,0.01,2321.32691,1776194004000
1776194006.345,206.345,0.19,29.46,0.18,60.0,0.2,146.7,0.21,30.5,0.8,146.7,0.79,30.5,0.81,29.46,0.82,60.0,0.01,0.01,2321.323963,1776194005000
1776194006.946,206.946,0.19,29.46,0.18,60.0,0.2,146.7,0.21,30.5,0.8,146.7,0.79,30.5,0.81,29.46,0.82,60.0,0.01,0.01,2321.387443,1776194006000
1776194007.19,207.19,0.18,74.39,0.17,60.0,0.19,351.5,0.2,36.7,0.8,146.7,0.79,30.5,0.81,29.46,0.82,60.0,0.01,0.01,2321.387443,1776194006000
1776194007.682,207.682,0.18,12.67,0.17,60.0,0.19,351.5,0.2,52.7,0.81,346.5,0.8,52.7,0.82,57.39,0.83,60.0,0.01,0.01,2321.387443,1776194006000
1776194008.04,208.04,0.18,12.67,0.17,60.0,0.19,351.5,0.2,52.7,0.81,351.5,0.8,52.7,0.82,12.67,0.83,60.0,0.01,0.01,2321.19051,1776194007000
1776194008.637,208.637,0.15,60.0,0.14,60.0,0.19,401.5,0.2,64.7,0.81,393.5,0.8,51.7,0.82,11.36,0.83,60.0,0.04,0.01,2321.19051,1776194007000
1776194009.183,209.183,0.16,3.92,0.15,52.42,0.17,40.5,0.18,20.5,0.83,40.5,0.82,20.5,0.84,3.92,0.85,52.42,0.01,0.01,2321.075235,1776194008000
1776194009.779,209.779,0.16,8.8,0.15,50.03,0.17,353.11,0.18,44.5,0.83,358.11,0.82,44.5,0.85,60.53,0.86,70.5,0.01,0.02,2321.075235,1776194008000
1776194010.231,210.231,0.16,6.13,0.15,50.03,0.17,358.11,0.18,44.5,0.83,358.11,0.82,44.5,0.84,6.13,0.85,50.03,0.01,0.01,2321.07312,1776194009000
1776194010.706,210.706,0.16,0.78,0.15,50.03,0.17,358.61,0.18,44.5,0.83,358.61,0.82,50.5,0.84,7.95,0.85,50.03,0.01,0.01,2321.07312,1776194009000
1776194011.018,211.018,0.15,41.59,0.14,70.5,0.17,368.61,0.18,44.5,0.83,358.61,0.82,44.5,0.85,48.68,0.86,70.5,0.02,0.02,2321.07312,1776194009000
1776194011.382,211.382,0.15,41.59,0.14,70.5,0.17,368.61,0.18,44.5,0.83,368.61,0.82,44.5,0.85,41.59,0.86,70.5,0.02,0.02,2320.985172,1776194010000
1776194011.931,211.931,0.15,48.32,0.14,70.5,0.16,135.0,0.17,258.61,0.84,135.0,0.83,258.61,0.85,48.32,0.86,70.5,0.01,0.01,2320.985172,1776194011000
1776194013.053,213.053,0.15,47.06,0.14,70.5,0.16,135.0,0.17,264.61,0.84,135.0,0.83,264.61,0.85,47.06,0.86,70.5,0.01,0.01,2320.97979,1776194012000
1776194013.586,213.586,0.15,47.06,0.14,70.5,0.16,308.75,0.17,90.5,0.84,135.0,0.83,264.61,0.85,47.06,0.86,70.5,0.01,0.01,2320.97979,1776194012000
1776194013.811,213.811,0.15,47.06,0.14,70.5,0.16,297.06,0.17,90.5,0.84,308.75,0.83,90.5,0.85,47.06,0.86,70.5,0.01,0.01,2320.97979,1776194012000
1776194014.058,214.058,0.15,52.06,0.14,70.5,0.16,277.68,0.17,260.0,0.84,277.68,0.83,260.0,0.85,52.06,0.86,70.5,0.01,0.01,2320.98204,1776194013000
1776194015.151,215.151,0.15,12.74,0.14,70.5,0.16,280.0,0.17,84.5,0.84,277.68,0.83,260.0,0.85,52.06,0.86,70.5,0.01,0.01,2320.98204,1776194013000
1776194015.775,215.775,0.15,1.01,0.14,70.5,0.16,285.0,0.17,84.5,0.84,280.0,0.83,84.5,0.85,12.74,0.86,70.5,0.01,0.01,2320.979048,1776194014000
1776194016.7,216.7,0.15,1.01,0.14,70.5,0.16,285.0,0.17,84.5,0.84,285.0,0.83,84.5,0.85,1.01,0.86,70.5,0.01,0.01,2320.994446,1776194015000
1776194017.247,217.247,0.15,1.01,0.14,70.5,0.16,285.0,0.17,84.5,0.84,285.0,0.83,84.5,0.85,1.01,0.86,70.5,0.01,0.01,2320.991251,1776194016000
1776194018.222,218.222,0.14,4.18,0.13,10.0,0.15,277.5,0.16,178.8,0.84,285.0,0.83,84.5,0.85,1.01,0.86,70.5,0.01,0.01,2320.991251,1776194016000
1776194019.054,219.054,0.14,4.18,0.13,10.0,0.15,277.5,0.16,178.8,0.85,277.5,0.84,178.8,0.86,4.18,0.87,10.0,0.01,0.01,2320.98722,1776194018000
1776194020.147,220.147,0.14,4.18,0.13,10.0,0.15,277.5,0.16,178.8,0.85,277.5,0.84,178.8,0.86,4.18,0.87,10.0,0.01,0.01,2320.963745,1776194019000
1776194020.41,220.41,0.12,1.23,0.11,300.79,0.14,70.0,0.15,219.0,0.85,274.0,0.84,128.8,0.87,57.39,0.88,81.59,0.02,0.02,2320.963745,1776194019000
1776194021.17,221.17,0.12,11.23,0.11,300.79,0.15,105.8,0.16,123.8,0.85,105.8,0.84,123.8,0.88,11.23,0.89,300.79,0.03,0.03,2320.967798,1776194020000
1776194021.394,221.394,0.09,7.8,0.08,10.0,0.1,15.5,0.11,35.5,0.87,167.41,0.86,15.0,0.88,18.41,0.89,306.29,0.01,0.01,2320.967798,1776194020000
1776194021.644,221.644,0.08,4.01,0.07,65.3,0.1,21.5,0.11,40.5,0.9,21.5,0.89,40.5,0.91,7.7,0.92,10.0,0.02,0.01,2320.967798,1776194020000
1776194022.101,222.101,0.06,72.04,0.05,245.8,0.07,10.38,0.08,43.0,0.91,22.5,0.9,25.5,0.94,73.11,0.95,145.8,0.01,0.03,2320.967798,1776194020000
1776194022.586,222.586,0.05,90.8,0.04,340.8,0.07,38.88,0.08,31.5,0.93,10.38,0.92,43.0,0.94,75.44,0.95,145.8,0.02,0.01,2320.969527,1776194021000
1776194022.896,222.896,0.05,10.0,0.04,253.0,0.07,43.88,0.08,41.5,0.93,43.88,0.92,41.5,0.95,10.0,0.96,253.0,0.02,0.02,2320.83149,1776194022000
1776194023.19,223.19,0.06,7.61,0.05,210.2,0.07,48.88,0.08,101.5,0.93,53.88,0.92,91.5,0.94,9.35,0.95,30.2,0.01,0.01,2320.83149,1776194022000
1776194023.73,223.73,0.05,17.83,0.04,247.0,0.07,63.88,0.08,302.5,0.93,48.88,0.92,101.5,0.94,7.61,0.95,210.2,0.02,0.01,2320.83149,1776194022000
1776194024.014,224.014,0.05,7.3,0.04,247.0,0.07,63.88,0.08,302.5,0.93,63.88,0.92,302.5,0.95,7.3,0.96,247.0,0.02,0.02,2320.395472,1776194023000
1776194024.531,224.531,0.05,193.59,0.04,223.34,0.06,45.5,0.07,76.88,0.94,30.0,0.93,76.88,0.96,403.34,0.97,214.7,0.01,0.02,2320.395472,1776194023000
1776194025.134,225.134,0.05,182.52,0.04,223.34,0.06,40.5,0.07,76.88,0.94,40.5,0.93,76.88,0.95,182.52,0.96,223.34,0.01,0.01,2320.242843,1776194024000
1776194025.852,225.852,0.05,184.84,0.04,20.34,0.06,95.5,0.07,131.88,0.94,60.5,0.93,76.88,0.95,188.84,0.96,348.34,0.01,0.01,2320.242843,1776194024000
1776194026.19,226.19,0.05,184.84,0.04,20.34,0.06,95.5,0.07,131.88,0.94,95.5,0.93,131.88,0.95,184.84,0.96,20.34,0.01,0.01,2320.189649,1776194025000
1776194026.5,226.5,0.05,182.36,0.04,20.34,0.06,136.5,0.07,131.88,0.94,95.5,0.93,131.88,0.95,184.84,0.96,20.34,0.01,0.01,2320.189649,1776194025000
1776194027.446,227.446,0.04,205.22,0.03,401.7,0.05,103.5,0.06,106.5,0.94,136.5,0.93,131.88,0.95,182.36,0.96,20.34,0.01,0.01,2320.189649,1776194025000
1776194027.73,227.73,0.04,199.22,0.03,278.0,0.05,117.33,0.06,131.5,0.95,103.5,0.94,106.5,0.96,205.22,0.97,401.7,0.01,0.01,2320.166694,1776194026000
1776194027.963,227.963,0.04,198.17,0.03,278.0,0.05,145.33,0.06,131.5,0.95,145.33,0.94,131.5,0.96,198.17,0.97,278.0,0.01,0.01,2320.157554,1776194027000
1776194028.383,228.383,0.04,182.34,0.03,278.0,0.05,270.33,0.06,320.3,0.95,145.33,0.94,131.5,0.96,198.17,0.97,278.0,0.01,0.01,2320.157554,1776194027000
1776194028.806,228.806,0.04,165.51,0.03,278.0,0.05,270.33,0.06,320.3,0.95,265.33,0.94,320.3,0.96,170.82,0.97,278.0,0.01,0.01,2320.157554,1776194027000
1776194029.023,229.023,0.04,165.51,0.03,278.0,0.05,270.33,0.06,320.3,0.95,270.33,0.94,320.3,0.96,165.51,0.97,278.0,0.01,0.01,2320.153377,1776194028000
1776194029.283,229.283,0.04,7.05,0.03,458.0,0.05,288.33,0.06,320.3,0.95,288.33,0.94,320.3,0.96,189.9,0.97,278.0,0.01,0.01,2320.153377,1776194028000
1776194029.582,229.582,0.04,2.05,0.03,86.0,0.05,452.13,0.06,497.3,0.95,288.33,0.94,320.3,0.96,7.05,0.97,458.0,0.01,0.01,2320.153377,1776194028000
1776194029.834,229.834,0.03,86.0,0.02,367.0,0.05,161.36,0.06,454.3,0.95,452.13,0.94,497.3,0.96,2.05,0.97,86.0,0.02,0.01,2320.153377,1776194028000
1776194030.128,230.128,0.03,86.0,0.02,367.0,0.05,161.36,0.06,454.3,0.95,161.36,0.94,454.3,0.97,86.0,0.98,367.0,0.02,0.02,2320.058799,1776194029000
1776194030.61,230.61,0.03,83.93,0.02,547.0,0.04,143.1,0.05,149.36,0.95,161.36,0.94,454.3,0.97,86.0,0.98,367.0,0.01,0.02,2320.058799,1776194029000
1776194030.934,230.934,0.03,81.48,0.02,547.0,0.04,198.1,0.05,149.36,0.96,143.1,0.95,149.36,0.97,83.93,0.98,547.0,0.01,0.01,2320.058799,1776194029000
1776194031.442,231.442,0.03,81.48,0.02,547.0,0.04,198.1,0.05,149.36,0.96,198.1,0.95,149.36,0.97,81.48,0.98,547.0,0.01,0.01,2319.919405,1776194030000
1776194031.812,231.812,0.03,49.04,0.02,547.0,0.04,272.2,0.05,196.36,0.96,288.1,0.95,154.36,0.97,110.04,0.98,547.0,0.01,0.01,2319.919405,1776194030000
1776194032.065,232.065,0.03,49.04,0.02,547.0,0.04,272.2,0.05,196.36,0.96,272.2,0.95,196.36,0.97,49.04,0.98,547.0,0.01,0.01,2319.647625,1776194031000
1776194032.77,232.77,0.03,393.04,0.02,257.0,0.05,216.36,0.06,185.3,0.96,272.2,0.95,196.36,0.97,49.04,0.98,547.0,0.02,0.01,2319.647625,1776194031000
1776194033.541,233.541,0.03,398.04,0.02,257.0,0.05,210.17,0.06,185.3,0.95,210.17,0.94,185.3,0.97,398.04,0.98,257.0,0.02,0.02,2319.504295,1776194032000
1776194034.289,234.289,0.03,398.04,0.02,257.0,0.05,210.17,0.06,185.3,0.95,210.17,0.94,185.3,0.97,398.04,0.98,257.0,0.02,0.02,2319.509407,1776194033000
1776194035.491,235.491,0.03,398.04,0.02,257.0,0.05,210.17,0.06,185.3,0.95,210.17,0.94,185.3,0.97,398.04,0.98,257.0,0.02,0.02,2319.801685,1776194034000
1776194036.199,236.199,0.03,398.04,0.02,257.0,0.05,210.17,0.06,185.3,0.95,210.17,0.94,185.3,0.97,398.04,0.98,257.0,0.02,0.02,2319.811355,1776194035000
1776194036.587,236.587,0.04,309.8,0.03,221.04,0.05,5.0,0.06,100.5,0.95,210.17,0.94,185.3,0.97,398.04,0.98,257.0,0.01,0.02,2319.811355,1776194035000
1776194037.053,237.053,0.04,301.11,0.03,62.23,0.05,5.0,0.06,106.0,0.95,5.0,0.94,100.5,0.96,309.8,0.97,221.04,0.01,0.01,2319.811355,1776194035000
1776194037.261,237.261,0.04,268.01,0.03,185.93,0.05,10.0,0.06,106.0,0.95,5.0,0.94,106.0,0.96,298.01,0.97,62.23,0.01,0.01,2319.811355,1776194035000
1776194037.503,237.503,0.04,268.06,0.03,185.93,0.05,1.42,0.06,56.0,0.95,1.42,0.94,56.0,0.96,268.06,0.97,185.93,0.01,0.01,2319.793955,1776194036000
1776194038.226,238.226,0.04,268.06,0.03,185.93,0.05,1.42,0.06,56.0,0.95,1.42,0.94,56.0,0.96,268.06,0.97,185.93,0.01,0.01,2319.906915,1776194037000
1776194039.549,239.549,0.04,268.06,0.03,185.93,0.05,1.42,0.06,56.0,0.95,1.42,0.94,56.0,0.96,268.06,0.97,185.93,0.01,0.01,2320.158516,1776194038000
1776194040.264,240.264,0.04,268.06,0.03,185.93,0.05,1.42,0.06,56.0,0.95,1.42,0.94,56.0,0.96,268.06,0.97,185.93,0.01,0.01,2320.197615,1776194039000
1776194040.819,240.819,0.04,30.04,0.03,341.57,0.05,106.42,0.06,314.0,0.95,1.42,0.94,56.0,0.96,268.06,0.97,185.93,0.01,0.01,2320.197615,1776194039000
1776194041.27,241.27,0.03,364.92,0.02,434.7,0.04,6.21,0.05,81.42,0.96,6.21,0.95,90.42,0.97,367.04,0.98,434.7,0.01,0.01,2320.197615,1776194039000
1776194041.503,241.503,0.03,359.86,0.02,434.7,0.04,6.21,0.05,81.42,0.96,6.21,0.95,81.42,0.97,359.86,0.98,434.7,0.01,0.01,2320.182994,1776194040000
1776194041.987,241.987,0.03,362.79,0.02,834.7,0.04,80.0,0.05,115.42,0.96,6.21,0.95,81.42,0.97,359.86,0.98,434.7,0.01,0.01,2320.182994,1776194040000
1776194042.43,242.43,0.03,356.24,0.02,834.7,0.04,97.0,0.05,115.42,0.96,80.0,0.95,115.42,0.97,358.05,0.98,834.7,0.01,0.01,2320.177761,1776194041000
1776194042.851,242.851,0.03,505.74,0.02,834.7,0.04,67.0,0.05,115.42,0.96,72.0,0.95,115.42,0.97,356.93,0.98,1134.7,0.01,0.01,2320.177761,1776194041000
1776194043.176,243.176,0.03,8.96,0.02,589.0,0.04,94.0,0.05,338.42,0.96,67.0,0.95,115.42,0.97,350.89,0.98,834.7,0.01,0.01,2320.177761,1776194041000
1776194043.609,243.609,0.02,571.15,0.01,2019.6,0.03,30.0,0.04,162.0,0.96,118.0,0.95,338.42,0.98,586.15,0.99,2019.6,0.01,0.02,2320.177761,1776194041000
1776194043.985,243.985,0.02,208.15,0.01,2398.6,0.03,277.1,0.04,140.0,0.97,30.0,0.96,162.0,0.98,571.15,0.99,2019.6,0.01,0.01,2320.177761,1776194041000
1776194044.26,244.26,0.02,203.15,0.01,2398.6,0.03,214.76,0.04,140.0,0.97,214.76,0.96,140.0,0.98,203.15,0.99,2398.6,0.01,0.01,2320.072178,1776194043000
1776194044.821,244.821,0.02,235.17,0.01,2698.6,0.03,349.11,0.04,233.7,0.97,205.1,0.96,238.7,0.98,242.22,0.99,2398.6,0.01,0.01,2320.072178,1776194043000
1776194045.421,245.421,0.02,235.17,0.01,2698.6,0.03,353.11,0.04,238.7,0.97,349.11,0.96,233.7,0.98,235.17,0.99,2698.6,0.01,0.01,2320.072178,1776194043000
1776194045.827,245.827,0.01,2666.15,,,0.03,358.11,0.04,243.7,0.97,353.11,0.96,243.7,0.98,67.17,0.99,2698.6,0.02,0.01,2320.072178,1776194043000
1776194046.237,246.237,0.01,2607.15,,,0.02,15.09,0.03,353.11,0.97,358.11,0.96,243.7,0.99,2666.15,,,0.01,0.02,2319.951365,1776194044000
1776194046.472,246.472,0.01,2602.15,,,0.02,15.09,0.03,353.11,0.98,15.09,0.97,353.11,0.99,2607.15,,,0.01,0.01,2319.951365,1776194044000
1776194046.853,246.853,0.01,2574.47,,,0.02,40.09,0.03,353.11,0.98,15.09,0.97,353.11,0.99,2602.15,,,0.01,0.01,2319.661962,1776194045000
1776194047.087,247.087,0.01,2572.44,,,0.02,30.09,0.03,345.11,0.98,40.09,0.97,353.11,0.99,2574.47,,,0.01,0.01,2319.661962,1776194045000
1776194047.332,247.332,0.01,2971.42,,,0.02,10.09,0.03,345.11,0.98,10.09,0.97,345.11,0.99,2567.44,,,0.01,0.01,2319.661962,1776194045000
1776194047.915,247.915,0.01,2124.36,,,0.03,130.6,0.04,10.0,0.98,10.09,0.97,345.11,0.99,3168.36,,,0.02,0.01,2319.60441,1776194046000
1776194048.122,248.122,0.02,187.82,0.01,1888.34,0.04,20.0,0.05,97.42,0.96,20.0,0.95,97.42,0.98,188.85,0.99,1888.34,0.02,0.02,2319.591705,1776194047000
1776194048.416,248.416,0.02,363.44,0.01,1782.34,0.03,10.0,0.04,38.0,0.96,25.0,0.95,97.42,0.98,180.77,0.99,1888.34,0.01,0.02,2319.591705,1776194047000
1776194048.789,248.789,0.02,153.56,0.01,1782.34,0.03,20.0,0.04,168.0,0.97,10.0,0.96,95.0,0.98,154.59,0.99,1782.34,0.01,0.01,2319.591705,1776194047000
1776194049.134,249.134,0.02,57.41,0.01,1962.34,0.03,37.0,0.04,158.0,0.97,25.0,0.96,168.0,0.98,433.56,0.99,1782.34,0.01,0.01,2319.591705,1776194047000
1776194049.48,249.48,0.02,22.41,0.01,1962.34,0.03,39.0,0.04,158.0,0.97,37.0,0.96,158.0,0.98,57.41,0.99,1962.34,0.01,0.01,2319.591705,1776194047000
1776194049.883,249.883,0.02,22.41,0.01,1962.34,0.03,39.0,0.04,158.0,0.97,39.0,0.96,158.0,0.98,22.41,0.99,1962.34,0.01,0.01,2319.735269,1776194048000
1776194050.598,250.598,0.02,22.41,0.01,1962.34,0.03,39.0,0.04,158.0,0.97,39.0,0.96,158.0,0.98,22.41,0.99,1962.34,0.01,0.01,2320.0176,1776194049000
1776194051.28,251.28,0.02,22.41,0.01,1962.34,0.03,39.0,0.04,158.0,0.97,39.0,0.96,158.0,0.98,22.41,0.99,1962.34,0.01,0.01,2319.985855,1776194050000
1776194052.342,252.342,0.01,1957.33,,,0.02,5.0,0.03,40.0,0.97,39.0,0.96,158.0,0.98,22.41,0.99,1962.34,0.01,0.01,2319.985855,1776194050000
1776194053.223,253.223,0.01,1957.33,,,0.02,5.0,0.03,40.0,0.98,5.0,0.97,40.0,0.99,1957.33,,,0.01,0.01,2319.956806,1776194052000
1776194054.51,254.51,0.01,1986.95,,,0.02,5.0,0.03,62.0,0.98,5.0,0.97,40.0,0.99,1957.33,,,0.01,0.01,2319.956806,1776194052000
1776194055.135,255.135,0.01,1986.95,,,0.02,5.0,0.03,62.0,0.98,5.0,0.97,62.0,0.99,1986.95,,,0.01,0.01,2319.912698,1776194054000
1776194056.185,256.185,0.01,1986.95,,,0.03,82.23,0.04,253.7,0.98,5.0,0.97,62.0,0.99,1986.95,,,0.02,0.01,2319.912698,1776194054000
1776194057.523,257.523,0.01,1986.95,,,0.03,82.23,0.04,253.7,0.97,82.23,0.96,253.7,0.99,1986.95,,,0.02,0.02,2319.920657,1776194056000
1776194058.311,258.311,0.01,1986.95,,,0.03,82.23,0.04,253.7,0.97,82.23,0.96,253.7,0.99,1986.95,,,0.02,0.02,2319.921827,1776194057000
1776194058.884,258.884,0.01,1880.93,,,0.02,16.49,0.03,115.0,0.97,82.23,0.96,253.7,0.99,1986.95,,,0.01,0.02,2319.921827,1776194057000
1776194059.304,259.304,0.01,1769.93,,,0.02,31.49,0.03,238.7,0.98,16.49,0.97,115.0,0.99,1784.93,,,0.01,0.01,2319.921827,1776194057000
1776194059.94,259.94,0.01,1769.93,,,0.02,31.49,0.03,238.7,0.98,31.49,0.97,238.7,0.99,1769.93,,,0.01,0.01,2319.918551,1776194059000
1776194061.127,261.127,0.01,1769.93,,,0.02,31.49,0.03,238.7,0.98,31.49,0.97,238.7,0.99,1769.93,,,0.01,0.01,2319.917462,1776194060000
1776194061.342,261.342,0.01,1637.44,,,0.02,124.23,0.03,262.7,0.98,31.49,0.97,238.7,0.99,1769.93,,,0.01,0.01,2319.917462,1776194060000
1776194061.706,261.706,0.01,1053.84,,,0.02,197.23,0.03,262.7,0.98,168.23,0.97,262.7,0.99,1437.44,,,0.01,0.01,2319.917462,1776194060000
1776194062.517,262.517,,,,,0.01,1473.16,0.02,455.93,0.98,242.23,0.97,262.7,0.99,1051.84,,,,0.01,2319.917462,1776194060000
1776194062.723,262.723,,,,,0.01,1473.16,0.02,455.93,0.99,1473.16,0.98,455.93,,,,,,,2319.910639,1776194061000
1776194063.316,263.316,,,,,0.01,1543.76,0.02,363.9,0.99,1473.16,0.98,455.93,,,,,,,2319.910639,1776194061000
1776194063.642,263.642,,,,,0.01,1539.76,0.02,323.9,0.99,1539.76,0.98,323.9,,,,,,,2319.906329,1776194062000
1776194064.221,264.221,,,,,0.01,1539.76,0.02,323.9,0.99,1539.76,0.98,323.9,,,,,,,2319.856358,1776194063000
1776194064.577,264.577,,,,,0.01,1916.8,0.02,364.69,0.99,1539.76,0.98,323.9,,,,,,,2319.856358,1776194063000
1776194065.309,265.309,,,,,0.01,1916.8,0.02,364.69,0.99,1916.8,0.98,364.69,,,,,,,2319.497477,1776194064000
1776194065.851,265.851,,,,,0.01,1902.23,0.02,374.69,0.99,1911.72,0.98,384.69,,,,,,,2319.497477,1776194064000
1776194066.267,266.267,,,,,0.01,1900.94,0.02,374.69,0.99,1900.94,0.98,374.69,,,,,,,2319.508399,1776194065000
1776194066.762,266.762,,,,,0.01,1885.94,0.02,374.69,0.99,1900.94,0.98,374.69,,,,,,,2319.508399,1776194065000
1776194067.459,267.459,,,,,0.01,1885.94,0.02,374.69,0.99,1885.94,0.98,374.69,,,,,,,2319.474338,1776194066000
1776194068.379,268.379,,,,,0.01,1880.55,0.02,374.69,0.99,1880.55,0.98,374.69,,,,,,,2319.475612,1776194067000
1776194069.039,269.039,,,,,0.01,1880.55,0.02,374.69,0.99,1880.55,0.98,374.69,,,,,,,2319.573141,1776194068000
1776194070.426,270.426,,,,,0.01,1880.55,0.02,374.69,0.99,1880.55,0.98,374.69,,,,,,,2319.51532,1776194069000
1776194071.07,271.07,,,,,0.01,1880.55,0.02,374.69,0.99,1880.55,0.98,374.69,,,,,,,2319.510675,1776194070000
1776194072.308,272.308,,,,,0.01,1880.55,0.02,374.69,0.99,1880.55,0.98,374.69,,,,,,,2319.498362,1776194071000
1776194072.661,272.661,,,,,0.01,1847.12,0.02,384.69,0.99,1880.55,0.98,374.69,,,,,,,2319.498362,1776194071000
1776194073.56,273.56,,,,,0.01,1847.12,0.02,384.69,0.99,1847.12,0.98,384.69,,,,,,,2319.489347,1776194072000
1776194074.352,274.352,,,,,0.01,1847.12,0.02,384.69,0.99,1847.12,0.98,384.69,,,,,,,2319.48967,1776194073000
1776194075.451,275.451,,,,,0.01,1847.12,0.02,384.69,0.99,1847.12,0.98,384.69,,,,,,,2319.483582,1776194074000
1776194076.063,276.063,,,,,0.01,1847.12,0.02,384.69,0.99,1847.12,0.98,384.69,,,,,,,2319.483671,1776194075000
1776194077.261,277.261,,,,,0.01,1847.12,0.02,384.69,0.99,1847.12,0.98,384.69,,,,,,,2319.483472,1776194076000
1776194078.505,278.505,,,,,0.01,1847.12,0.02,384.69,0.99,1847.12,0.98,384.69,,,,,,,2319.490199,1776194077000
1776194079.127,279.127,,,,,0.01,1847.12,0.02,384.69,0.99,1847.12,0.98,384.69,,,,,,,2319.494508,1776194078000
1776194080.394,280.394,,,,,0.01,1847.12,0.02,384.69,0.99,1847.12,0.98,384.69,,,,,,,2319.43443,1776194079000
1776194081.096,281.096,,,,,0.01,1847.12,0.02,384.69,0.99,1847.12,0.98,384.69,,,,,,,2319.372116,1776194080000
1776194082.911,282.911,,,,,0.01,1847.12,0.02,384.69,0.99,1847.12,0.98,384.69,,,,,,,2319.374678,1776194081000
1776194083.557,283.557,,,,,0.01,1847.12,0.02,384.69,0.99,1847.12,0.98,384.69,,,,,,,2319.428866,1776194082000
1776194084.203,284.203,,,,,0.01,1847.12,0.02,384.69,0.99,1847.12,0.98,384.69,,,,,,,2319.426812,1776194083000
1776194085.467,285.467,,,,,0.01,5983.57,0.02,252.99,0.99,1847.12,0.98,384.69,,,,,,,2319.426812,1776194083000
1776194086.241,286.241,,,,,0.01,5983.57,0.02,252.99,0.99,5983.57,0.98,252.99,,,,,,,2319.421296,1776194085000
1776194087.677,287.677,,,,,0.01,5983.57,0.02,252.99,0.99,5983.57,0.98,252.99,,,,,,,2319.385082,1776194086000
1776194088.317,288.317,,,,,0.01,5983.57,0.02,252.99,0.99,5983.57,0.98,252.99,,,,,,,2319.382231,1776194087000
1776194089.545,289.545,,,,,0.01,5983.57,0.02,252.99,0.99,5983.57,0.98,252.99,,,,,,,2319.325877,1776194088000
1776194090.183,290.183,,,,,0.01,5983.57,0.02,252.99,0.99,5983.57,0.98,252.99,,,,,,,2319.31137,1776194089000
1776194091.495,291.495,,,,,0.01,5983.57,0.02,252.99,0.99,5983.57,0.98,252.99,,,,,,,2319.308908,1776194090000
1776194092.11,292.11,,,,,0.01,5983.57,0.02,252.99,0.99,5983.57,0.98,252.99,,,,,,,2319.3076,1776194091000
1776194093.497,293.497,,,,,0.01,5983.57,0.02,252.99,0.99,5983.57,0.98,252.99,,,,,,,2319.328662,1776194092000
1776194094.196,294.196,,,,,0.01,5983.57,0.02,252.99,0.99,5983.57,0.98,252.99,,,,,,,2319.324686,1776194093000
1776194095.51,295.51,,,,,0.01,5983.57,0.02,252.99,0.99,5983.57,0.98,252.99,,,,,,,2319.323811,1776194094000
1776194096.238,296.238,,,,,0.01,5983.57,0.02,252.99,0.99,5983.57,0.98,252.99,,,,,,,2319.321311,1776194095000
1776194097.116,297.116,,,,,0.01,8317.9,0.02,252.99,0.99,5983.57,0.98,252.99,,,,,,,2319.321311,1776194095000
1776194097.496,297.496,,,,,0.01,8317.9,0.02,252.99,0.99,8317.9,0.98,252.99,,,,,,,2319.305182,1776194096000
1776194098.184,298.184,,,,,0.01,8317.9,0.02,252.99,0.99,8317.9,0.98,252.99,,,,,,,2319.248988,1776194097000
1776194098.481,298.481,,,,,0.01,10833.97,0.02,259.99,0.99,8317.9,0.98,252.99,,,,,,,2319.248988,1776194097000
1776194099.956,299.956,,,,,0.01,10833.97,0.02,259.99,0.99,10833.97,0.98,259.99,,,,,,,2319.077315,1776194098000
1776194100.523,300.523,,,,,0.01,10833.97,0.02,259.99,0.99,10833.97,0.98,259.99,,,,,,,2319.049315,1776194099000
1776194101.271,301.271,,,,,0.01,10833.97,0.02,259.99,0.99,10833.97,0.98,259.99,,,,,,,2319.049315,1776194100000
1776194102.201,302.201,,,,,0.01,10833.97,0.02,259.99,0.99,10833.97,0.98,259.99,,,,,,,2318.978325,1776194101000

# RESULT,winner=Down,slug=eth-updown-5m-1776193800,ticks=520
