timestamp,elapsed_sec,up_bid_p1,up_bid_s1,up_bid_p2,up_bid_s2,up_ask_p1,up_ask_s1,up_ask_p2,up_ask_s2,down_bid_p1,down_bid_s1,down_bid_p2,down_bid_s2,down_ask_p1,down_ask_s1,down_ask_p2,down_ask_s2,up_spread,down_spread,eth_price,eth_oracle_ts
1776374100.808,0.808,0.44,70.0,0.43,70.0,0.51,11.96,0.52,51.02,0.49,11.96,0.48,51.02,0.6,5.0,0.61,34.0,0.07,0.11,2351.388818,1776374099000
1776374101.159,1.159,0.48,8.33,0.45,70.0,0.52,49.01,0.53,70.0,0.49,11.96,0.48,51.02,0.56,70.0,0.57,70.0,0.04,0.07,2351.388818,1776374099000
1776374103.7,3.7,0.51,5.0,0.5,17.0,0.52,46.93,0.53,70.0,0.48,49.01,0.47,70.0,0.52,8.33,0.55,70.0,0.01,0.04,2351.332553,1776374102000
1776374103.938,3.938,0.51,33.0,0.5,17.0,0.52,41.93,0.53,70.0,0.48,46.93,0.47,70.0,0.49,5.0,0.5,17.0,0.01,0.01,2351.332553,1776374102000
1776374104.361,4.361,0.51,112.0,0.5,97.0,0.52,38.93,0.58,13.0,0.48,41.93,0.47,70.0,0.49,33.0,0.5,17.0,0.01,0.01,2351.290886,1776374103000
1776374104.79,4.79,0.51,65.0,0.5,27.0,0.52,38.93,0.6,14.0,0.48,38.93,0.42,13.0,0.49,112.0,0.5,97.0,0.01,0.01,2351.290886,1776374103000
1776374105.09,5.09,0.6,5.0,0.59,10.0,0.61,1.75,0.64,14.0,0.39,5.0,0.36,14.0,0.43,40.32,0.49,174.0,0.01,0.04,2351.290886,1776374103000
1776374105.382,5.382,0.6,55.74,0.59,23.0,0.61,23.0,0.65,70.0,0.39,23.0,0.36,12.57,0.4,33.17,0.41,54.0,0.01,0.01,2351.272938,1776374104000
1776374105.595,5.595,0.63,10.0,0.62,10.0,0.65,61.43,0.66,85.0,0.39,23.0,0.35,70.0,0.4,55.74,0.41,23.0,0.02,0.01,2351.272938,1776374104000
1776374105.898,5.898,0.64,5.0,0.63,16.57,0.65,61.43,0.66,85.0,0.35,61.43,0.34,85.0,0.37,10.0,0.38,10.0,0.01,0.02,2351.515214,1776374105000
1776374106.109,6.109,0.63,5.0,0.62,29.57,0.65,61.43,0.66,139.66,0.35,61.43,0.34,85.0,0.36,5.0,0.37,16.57,0.02,0.01,2351.515214,1776374105000
1776374106.672,6.672,0.64,26.0,0.63,11.0,0.65,56.68,0.66,124.66,0.35,61.43,0.34,139.66,0.37,5.0,0.38,29.57,0.01,0.02,2351.515214,1776374105000
1776374108.414,8.414,0.64,25.0,0.63,10.0,0.65,56.68,0.66,129.66,0.35,56.68,0.34,124.66,0.36,26.0,0.37,11.0,0.01,0.01,2352.265187,1776374107000
1776374109.939,9.939,0.64,11.8,0.63,5.0,0.65,91.68,0.66,152.66,0.35,56.68,0.34,129.66,0.36,25.0,0.37,10.0,0.01,0.01,2352.41372,1776374109000
1776374110.271,10.271,0.64,9.02,0.63,15.0,0.65,81.68,0.66,108.0,0.35,91.68,0.34,152.66,0.36,11.8,0.37,5.0,0.01,0.01,2352.41372,1776374109000
1776374111.243,11.243,0.64,8.44,0.63,15.0,0.65,87.56,0.66,108.0,0.35,77.06,0.34,108.0,0.36,9.02,0.37,15.0,0.01,0.01,2352.370058,1776374110000
1776374112.138,12.138,0.57,62.59,0.56,13.0,0.61,30.0,0.62,20.0,0.35,87.56,0.34,108.0,0.36,8.44,0.37,15.0,0.04,0.01,2352.347863,1776374111000
1776374113.969,13.969,0.6,15.0,0.59,15.0,0.61,205.5,0.62,14.0,0.39,30.0,0.38,20.0,0.43,62.59,0.44,13.0,0.01,0.04,2352.304803,1776374112000
1776374114.551,14.551,0.6,40.5,0.59,30.5,0.61,195.5,0.62,5.0,0.39,200.5,0.38,14.0,0.4,31.0,0.41,15.0,0.01,0.01,2352.216302,1776374113000
1776374115.722,15.722,0.59,30.5,0.58,87.5,0.6,6.69,0.61,230.5,0.39,195.5,0.38,5.0,0.4,40.5,0.41,30.5,0.01,0.01,2352.160485,1776374114000
1776374116.35,16.35,0.6,25.5,0.59,25.5,0.61,225.5,0.62,49.5,0.4,6.69,0.39,230.5,0.41,30.5,0.42,87.5,0.01,0.01,2352.160485,1776374114000
1776374116.976,16.976,0.6,30.5,0.59,31.5,0.61,219.5,0.62,54.5,0.39,225.5,0.38,49.5,0.4,25.5,0.41,25.5,0.01,0.01,2352.143158,1776374115000
1776374117.331,17.331,0.6,55.5,0.59,60.5,0.61,133.5,0.63,63.5,0.39,219.5,0.38,54.5,0.4,30.5,0.41,31.5,0.01,0.01,2352.146175,1776374116000
1776374117.703,17.703,0.6,59.5,0.59,36.5,0.61,133.5,0.63,68.5,0.39,133.5,0.37,63.5,0.4,55.5,0.41,60.5,0.01,0.01,2352.146175,1776374116000
1776374118.34,18.34,0.6,20.5,0.59,36.5,0.61,129.89,0.63,39.5,0.39,131.53,0.37,68.5,0.4,59.5,0.41,36.5,0.01,0.01,2352.153985,1776374117000
1776374119.399,19.399,0.59,27.57,0.58,81.57,0.61,184.39,0.62,25.5,0.39,129.89,0.37,39.5,0.4,20.5,0.41,36.5,0.02,0.01,2352.234824,1776374118000
1776374120.097,20.097,0.59,27.57,0.58,81.57,0.6,19.5,0.61,194.39,0.39,184.39,0.38,25.5,0.41,27.57,0.42,81.57,0.01,0.02,2352.234824,1776374118000
1776374120.413,20.413,0.59,11.05,0.58,92.07,0.6,10.0,0.61,199.39,0.4,10.0,0.39,199.39,0.41,14.48,0.42,92.07,0.01,0.01,2352.234824,1776374118000
1776374120.689,20.689,0.59,32.05,0.58,81.57,0.6,2.17,0.61,224.39,0.39,199.39,0.38,25.5,0.41,21.05,0.42,92.07,0.01,0.02,2352.165285,1776374119000
1776374121.543,21.543,0.59,32.05,0.58,92.07,0.61,219.39,0.62,35.5,0.4,2.17,0.39,224.39,0.41,32.05,0.42,81.57,0.02,0.01,2352.16567,1776374120000
1776374122.46,22.46,0.57,109.59,0.55,25.5,0.58,55.5,0.59,161.5,0.39,219.39,0.38,35.5,0.41,32.05,0.42,92.07,0.01,0.02,2352.07792,1776374121000
1776374122.798,22.798,0.57,104.59,0.55,54.5,0.58,74.5,0.59,161.5,0.42,55.5,0.41,161.5,0.43,104.59,0.45,25.5,0.01,0.01,2352.07792,1776374121000
1776374123.149,23.149,0.57,95.59,0.55,54.5,0.58,64.5,0.59,185.5,0.42,74.5,0.41,161.5,0.43,104.59,0.45,54.5,0.01,0.01,2352.068935,1776374122000
1776374123.551,23.551,0.57,93.26,0.56,10.5,0.58,66.5,0.59,185.5,0.42,64.5,0.41,185.5,0.43,95.59,0.45,54.5,0.01,0.01,2352.068935,1776374122000
1776374125.052,25.052,0.57,75.72,0.54,135.0,0.58,62.5,0.59,138.5,0.42,66.5,0.41,185.5,0.43,93.26,0.44,10.5,0.01,0.01,2351.982397,1776374123000
1776374125.521,25.521,0.48,13.33,0.47,13.0,0.49,94.0,0.5,90.0,0.45,20.39,0.44,55.0,0.52,63.33,0.54,70.0,0.01,0.07,2351.89906,1776374124000
1776374125.744,25.744,0.48,8.23,0.46,60.0,0.49,87.75,0.5,90.0,0.51,87.75,0.5,90.0,0.52,13.33,0.54,70.0,0.01,0.01,2351.89906,1776374124000
1776374126.208,26.208,0.46,5.0,0.45,18.2,0.47,17.5,0.48,36.5,0.51,156.25,0.5,173.0,0.55,36.7,0.56,10.0,0.01,0.04,2351.89906,1776374124000
1776374126.747,26.747,0.46,84.0,0.45,7.7,0.47,12.45,0.48,36.5,0.53,17.5,0.52,36.5,0.54,5.0,0.55,18.2,0.01,0.01,2351.836599,1776374125000
1776374127.505,27.505,0.46,84.0,0.45,7.7,0.47,20.37,0.48,31.5,0.53,12.45,0.52,36.5,0.54,84.0,0.55,7.7,0.01,0.01,2351.295333,1776374126000
1776374128.206,28.206,0.46,84.0,0.45,7.7,0.47,5.37,0.48,25.5,0.53,20.37,0.52,31.5,0.54,84.0,0.55,7.7,0.01,0.01,2351.076376,1776374127000
1776374129.517,29.517,0.46,10.0,0.45,18.2,0.47,24.73,0.48,25.5,0.53,5.37,0.52,25.5,0.54,84.0,0.55,7.7,0.01,0.01,2351.06317,1776374128000
1776374130.697,30.697,0.39,50.0,0.38,7.0,0.43,51.0,0.44,24.0,0.53,24.73,0.52,25.5,0.54,10.0,0.55,18.2,0.04,0.01,2351.02009,1776374129000
1776374131.232,31.232,0.39,11.6,0.38,13.15,0.4,26.2,0.41,10.0,0.6,1.0,0.59,10.0,0.61,42.82,0.62,19.97,0.01,0.01,2351.02009,1776374129000
1776374131.926,31.926,0.38,96.82,0.37,48.5,0.39,7.43,0.4,20.5,0.6,19.1,0.59,10.0,0.62,4.75,0.63,13.0,0.01,0.02,2351.023543,1776374130000
1776374133.129,33.129,0.39,23.29,0.38,42.0,0.4,42.5,0.41,49.5,0.6,20.5,0.59,10.0,0.61,11.4,0.62,86.32,0.01,0.01,2350.957416,1776374131000
1776374133.488,33.488,0.39,24.65,0.38,33.0,0.4,35.5,0.41,30.5,0.6,42.5,0.59,49.5,0.61,18.29,0.62,42.0,0.01,0.01,2350.645128,1776374132000
1776374135.301,35.301,0.37,25.0,0.36,35.0,0.38,92.61,0.39,251.5,0.6,35.5,0.59,30.5,0.61,24.65,0.62,33.0,0.01,0.01,2350.507145,1776374134000
1776374139.418,39.418,0.36,156.0,0.35,250.0,0.37,87.5,0.38,150.5,0.62,92.61,0.61,251.5,0.63,25.0,0.64,35.0,0.01,0.01,2350.222038,1776374136000
1776374139.747,39.747,0.36,43.0,0.35,150.0,0.37,94.5,0.38,150.5,0.63,87.5,0.62,150.5,0.64,151.31,0.65,250.0,0.01,0.01,2350.222038,1776374136000
1776374140.466,40.466,0.36,14.0,0.35,140.0,0.37,94.19,0.38,169.5,0.63,94.5,0.62,150.5,0.64,43.0,0.65,150.0,0.01,0.01,2350.222038,1776374136000
1776374141.277,41.277,0.36,217.0,0.35,157.0,0.37,65.18,0.38,174.5,0.63,94.19,0.62,169.5,0.64,14.0,0.65,140.0,0.01,0.01,2350.189765,1776374140000
1776374142.015,42.015,0.36,217.0,0.35,167.0,0.37,59.77,0.38,184.5,0.63,65.18,0.62,174.5,0.64,217.0,0.65,157.0,0.01,0.01,2350.189765,1776374140000
1776374144.426,44.426,0.36,198.91,0.35,130.0,0.37,84.94,0.38,79.5,0.63,59.77,0.62,184.5,0.64,217.0,0.65,167.0,0.01,0.01,2350.18502,1776374143000
1776374144.826,44.826,0.36,198.91,0.35,130.0,0.37,45.77,0.38,79.5,0.63,84.94,0.62,79.5,0.64,198.91,0.65,130.0,0.01,0.01,2350.18502,1776374143000
1776374145.524,45.524,0.36,186.91,0.35,130.0,0.37,301.31,0.38,196.93,0.63,53.06,0.62,79.5,0.64,198.91,0.65,130.0,0.01,0.01,2350.205225,1776374144000
1776374145.769,45.769,0.36,131.91,0.35,130.0,0.37,307.31,0.38,190.93,0.63,307.31,0.62,190.93,0.64,181.91,0.65,130.0,0.01,0.01,2350.205225,1776374144000
1776374146.263,46.263,0.36,101.91,0.35,130.0,0.37,320.05,0.38,281.66,0.63,307.31,0.62,190.93,0.64,131.91,0.65,130.0,0.01,0.01,2350.205225,1776374145000
1776374146.688,46.688,0.36,46.75,0.35,130.0,0.37,393.26,0.38,286.66,0.63,320.05,0.62,281.66,0.64,51.91,0.65,130.0,0.01,0.01,2350.205225,1776374145000
1776374147.498,47.498,0.36,15.34,0.35,130.0,0.37,156.06,0.38,384.46,0.63,430.26,0.62,336.66,0.64,17.22,0.65,130.0,0.01,0.01,2350.148207,1776374146000
1776374148.427,48.427,0.36,20.34,0.35,169.5,0.37,251.46,0.38,236.43,0.63,156.06,0.62,384.46,0.64,15.34,0.65,130.0,0.01,0.01,2350.035562,1776374147000
1776374148.71,48.71,0.36,57.34,0.35,130.0,0.37,133.3,0.38,225.5,0.63,138.3,0.62,231.5,0.64,43.84,0.65,169.5,0.01,0.01,2350.035562,1776374147000
1776374148.932,48.932,0.36,52.34,0.35,140.5,0.37,91.94,0.38,225.5,0.63,81.94,0.62,225.5,0.64,57.34,0.65,130.0,0.01,0.01,2350.035562,1776374147000
1776374149.277,49.277,0.36,78.55,0.35,145.5,0.37,57.88,0.38,125.5,0.63,47.88,0.62,225.5,0.64,52.34,0.65,140.5,0.01,0.01,2350.035562,1776374147000
1776374149.592,49.592,0.36,38.26,0.35,145.5,0.37,67.88,0.38,125.5,0.63,57.88,0.62,125.5,0.64,76.98,0.65,145.5,0.01,0.01,2350.058914,1776374148000
1776374150.062,50.062,0.36,211.13,0.35,192.5,0.37,25.57,0.38,115.0,0.63,67.88,0.62,125.5,0.64,38.26,0.65,145.5,0.01,0.01,2350.102971,1776374149000
1776374150.265,50.265,0.36,179.13,0.35,332.5,0.38,30.0,0.39,20.0,0.62,30.0,0.61,20.0,0.64,212.13,0.65,332.5,0.02,0.02,2350.102971,1776374149000
1776374150.493,50.493,0.37,42.5,0.36,109.5,0.38,3.27,0.39,20.0,0.62,11.7,0.61,20.0,0.63,108.5,0.64,109.5,0.01,0.01,2350.102971,1776374149000
1776374150.875,50.875,0.37,33.5,0.36,166.5,0.38,22.0,0.39,30.0,0.62,35.27,0.61,20.0,0.63,34.1,0.64,119.5,0.01,0.01,2350.102971,1776374149000
1776374151.306,51.306,0.37,22.34,0.36,146.5,0.38,51.0,0.39,54.0,0.62,22.0,0.61,30.0,0.63,33.5,0.64,166.5,0.01,0.01,2350.160956,1776374150000
1776374152.941,52.941,0.35,90.5,0.34,148.5,0.36,64.22,0.37,35.0,0.62,51.0,0.61,54.0,0.63,22.34,0.64,146.5,0.01,0.01,2350.354745,1776374151000
1776374155.567,55.567,0.35,55.0,0.34,158.5,0.36,94.72,0.37,68.5,0.64,64.22,0.63,35.0,0.65,90.5,0.66,148.5,0.01,0.01,2350.32605,1776374154000
1776374157.984,57.984,0.35,106.07,0.34,177.07,0.36,19.0,0.37,10.0,0.64,94.72,0.63,68.5,0.65,55.0,0.66,158.5,0.01,0.01,2350.265329,1776374156000
1776374158.935,58.935,0.35,68.07,0.34,177.07,0.36,36.0,0.37,10.0,0.64,19.0,0.63,10.0,0.65,106.07,0.66,177.07,0.01,0.01,2350.25009,1776374157000
1776374160.44,60.44,0.36,36.0,0.35,104.07,0.38,35.0,0.39,119.0,0.64,36.0,0.63,10.0,0.65,68.07,0.66,177.07,0.02,0.01,2350.32717,1776374159000
1776374160.837,60.837,0.37,38.52,0.36,65.0,0.38,72.0,0.39,30.5,0.62,35.0,0.61,119.0,0.64,36.0,0.65,104.07,0.01,0.02,2350.32717,1776374159000
1776374161.127,61.127,0.36,5.0,0.34,140.5,0.38,125.0,0.39,36.5,0.62,72.0,0.61,30.5,0.63,38.52,0.64,65.0,0.02,0.01,2350.32717,1776374159000
1776374162.208,62.208,0.34,40.0,0.33,155.0,0.35,87.71,0.36,26.0,0.65,5.0,0.64,10.0,0.66,140.5,0.67,198.5,0.01,0.01,2350.376625,1776374161000
1776374163.126,63.126,0.34,20.0,0.33,155.0,0.35,104.04,0.36,167.87,0.65,87.71,0.64,26.0,0.66,40.0,0.67,155.0,0.01,0.01,2350.36311,1776374162000
1776374165.545,65.545,0.33,20.5,0.32,131.07,0.34,140.05,0.35,131.43,0.65,104.04,0.64,167.87,0.66,20.0,0.67,155.0,0.01,0.01,2350.085322,1776374164000
1776374166.099,66.099,0.33,26.0,0.32,131.07,0.34,53.14,0.35,26.0,0.66,34.05,0.65,126.0,0.67,18.72,0.68,131.07,0.01,0.01,2350.083997,1776374165000
1776374166.503,66.503,0.33,51.07,0.32,102.07,0.38,45.0,0.39,60.0,0.66,53.14,0.65,26.0,0.67,26.0,0.68,131.07,0.05,0.01,2350.083997,1776374165000
1776374167.806,67.806,0.37,65.48,0.36,161.57,0.38,95.0,0.39,85.0,0.62,45.0,0.61,60.0,0.67,51.07,0.68,102.07,0.01,0.05,2350.078754,1776374166000
1776374172.067,72.067,0.36,45.0,0.35,15.0,0.37,20.0,0.38,25.0,0.62,95.0,0.61,85.0,0.63,65.48,0.64,161.57,0.01,0.01,2350.550441,1776374170000
1776374172.557,72.557,0.33,59.0,0.32,120.0,0.34,2.05,0.35,20.0,0.63,57.79,0.62,40.5,0.64,40.0,0.65,15.0,0.01,0.01,2350.539175,1776374171000
1776374172.939,72.939,0.33,25.0,0.32,110.0,0.34,121.74,0.35,71.5,0.66,2.05,0.65,20.0,0.67,59.0,0.68,120.0,0.01,0.01,2350.539175,1776374171000
1776374173.347,73.347,0.32,110.0,0.31,220.0,0.33,112.46,0.34,62.54,0.66,121.74,0.65,71.5,0.67,25.0,0.68,110.0,0.01,0.01,2350.532417,1776374172000
1776374181.148,81.148,0.3,125.0,0.29,125.0,0.33,58.67,0.34,127.48,0.67,112.46,0.66,62.54,0.68,110.0,0.69,220.0,0.03,0.01,2349.969162,1776374179000
1776374185.885,85.885,0.3,201.88,0.29,175.57,0.31,236.58,0.32,15.0,0.67,58.67,0.66,127.48,0.7,125.0,0.71,125.0,0.01,0.03,2349.910542,1776374185000
1776374187.287,87.287,0.3,207.45,0.29,175.57,0.31,105.0,0.32,41.75,0.69,236.58,0.68,15.0,0.7,201.88,0.71,175.57,0.01,0.01,2349.908875,1776374186000
1776374188.056,88.056,0.3,191.19,0.29,175.57,0.31,135.0,0.32,81.25,0.69,105.0,0.68,41.75,0.7,207.45,0.71,175.57,0.01,0.01,2349.916977,1776374187000
1776374191.289,91.289,0.3,250.26,0.29,162.07,0.31,76.0,0.32,37.75,0.69,135.0,0.68,81.25,0.7,191.19,0.71,175.57,0.01,0.01,2349.899553,1776374190000
1776374192.472,92.472,0.3,177.18,0.29,125.0,0.31,162.5,0.32,41.75,0.69,76.0,0.68,37.75,0.7,250.26,0.71,162.07,0.01,0.01,2349.899511,1776374191000
1776374192.909,92.909,0.3,182.23,0.29,151.99,0.31,107.0,0.32,106.25,0.69,162.5,0.68,41.75,0.7,164.92,0.71,125.0,0.01,0.01,2349.899511,1776374191000
1776374194.846,94.846,0.3,171.66,0.29,135.0,0.31,78.0,0.32,103.84,0.69,107.0,0.68,106.25,0.7,182.23,0.71,151.99,0.01,0.01,2349.881966,1776374193000
1776374197.993,97.993,0.3,171.66,0.29,164.0,0.31,43.4,0.32,69.0,0.69,78.0,0.68,103.84,0.7,171.66,0.71,135.0,0.01,0.01,2349.897088,1776374196000
1776374199.665,99.665,0.3,151.23,0.29,125.0,0.31,178.71,0.32,104.5,0.69,43.4,0.68,69.0,0.7,171.66,0.71,164.0,0.01,0.01,2349.832751,1776374198000
1776374200.955,100.955,0.3,145.23,0.29,125.0,0.31,280.9,0.32,139.22,0.69,178.71,0.68,104.5,0.7,151.23,0.71,125.0,0.01,0.01,2349.901253,1776374199000
1776374201.188,101.188,0.3,15.85,0.29,125.0,0.31,346.33,0.32,214.22,0.69,287.9,0.68,209.22,0.7,20.85,0.71,125.0,0.01,0.01,2349.901253,1776374199000
1776374203.307,103.307,0.28,146.5,0.27,55.5,0.29,137.03,0.3,167.0,0.69,341.33,0.68,209.22,0.71,125.0,0.72,160.0,0.01,0.02,2349.733112,1776374202000
1776374212.53,112.53,0.27,190.54,0.26,214.5,0.28,129.0,0.29,41.74,0.71,137.03,0.7,167.0,0.72,146.5,0.73,55.5,0.01,0.01,2349.715629,1776374210000
1776374213.32,113.32,0.27,204.19,0.26,214.5,0.28,154.0,0.29,58.3,0.72,129.0,0.71,41.74,0.73,190.54,0.74,214.5,0.01,0.01,2349.713064,1776374211000
1776374213.554,113.554,0.27,287.19,0.26,245.5,0.3,236.95,0.31,106.4,0.72,55.0,0.71,48.3,0.73,255.19,0.74,240.5,0.03,0.01,2349.713064,1776374211000
1776374214.372,114.372,0.29,21.48,0.28,56.5,0.3,244.0,0.31,139.25,0.7,236.95,0.69,106.4,0.73,287.19,0.74,245.5,0.01,0.03,2349.710975,1776374213000
1776374216.363,116.363,0.29,59.5,0.28,48.5,0.3,158.0,0.31,144.35,0.7,244.0,0.69,139.25,0.71,3.88,0.72,56.5,0.01,0.01,2349.76643,1776374215000
1776374216.7,116.7,0.29,59.5,0.28,48.5,0.3,91.5,0.31,144.35,0.7,97.5,0.69,144.35,0.71,59.5,0.72,48.5,0.01,0.01,2349.76643,1776374215000
1776374217.57,117.57,0.28,23.83,0.27,183.69,0.3,129.0,0.31,91.4,0.7,91.5,0.69,144.35,0.71,59.5,0.72,48.5,0.02,0.01,2349.814295,1776374216000
1776374218.003,118.003,0.27,177.69,0.26,165.0,0.28,103.0,0.29,152.99,0.71,119.99,0.7,51.43,0.72,23.83,0.73,183.69,0.01,0.01,2349.814295,1776374216000
1776374220.162,120.162,0.27,172.55,0.26,175.0,0.28,360.97,0.29,194.73,0.72,103.0,0.71,152.99,0.73,177.69,0.74,165.0,0.01,0.01,2349.83911,1776374218000
1776374220.564,120.564,0.27,144.67,0.26,175.0,0.28,407.96,0.29,168.17,0.72,360.97,0.71,194.73,0.73,172.55,0.74,175.0,0.01,0.01,2349.774427,1776374219000
1776374221.014,121.014,0.27,216.0,0.26,195.5,0.28,148.47,0.29,197.99,0.72,397.46,0.71,168.17,0.73,137.82,0.74,175.0,0.01,0.01,2349.774427,1776374219000
1776374221.368,121.368,0.27,193.26,0.26,195.5,0.28,148.47,0.29,197.99,0.72,148.47,0.71,197.99,0.73,216.0,0.74,195.5,0.01,0.01,2349.774427,1776374219000
1776374222.565,122.565,0.27,211.77,0.26,260.5,0.28,17.62,0.29,150.0,0.72,148.47,0.71,197.99,0.73,193.26,0.74,195.5,0.01,0.01,2349.675792,1776374221000
1776374223.408,123.408,0.27,62.01,0.26,270.5,0.28,91.65,0.29,140.0,0.72,23.62,0.71,145.0,0.73,78.01,0.74,260.5,0.01,0.01,2349.675792,1776374221000
1776374226.326,126.326,0.27,33.91,0.26,270.5,0.28,73.0,0.29,145.0,0.72,85.65,0.71,140.0,0.73,62.01,0.74,270.5,0.01,0.01,2349.954358,1776374224000
1776374226.548,126.548,0.27,6.4,0.26,270.5,0.28,73.0,0.29,145.0,0.72,73.0,0.71,145.0,0.73,33.77,0.74,270.5,0.01,0.01,2349.954358,1776374224000
1776374227.328,127.328,0.27,6.9,0.26,260.5,0.28,117.25,0.29,145.0,0.72,73.0,0.71,145.0,0.73,6.4,0.74,270.5,0.01,0.01,2349.95279,1776374226000
1776374230.636,130.636,0.27,157.0,0.26,185.0,0.28,226.49,0.29,295.6,0.72,117.25,0.71,145.0,0.73,6.9,0.74,260.5,0.01,0.01,2349.936768,1776374229000
1776374231.22,131.22,0.27,93.99,0.26,185.0,0.28,337.55,0.29,201.93,0.72,229.91,0.71,295.6,0.73,93.99,0.74,185.0,0.01,0.01,2349.940137,1776374230000
1776374231.466,131.466,0.27,87.99,0.26,185.0,0.28,337.55,0.29,201.93,0.72,337.55,0.71,201.93,0.73,93.99,0.74,185.0,0.01,0.01,2349.940137,1776374230000
1776374231.677,131.677,0.27,81.15,0.26,185.0,0.28,342.61,0.29,201.93,0.72,350.97,0.71,201.93,0.73,81.15,0.74,185.0,0.01,0.01,2349.940137,1776374230000
1776374232.08,132.08,0.27,56.15,0.26,185.0,0.28,336.61,0.29,208.93,0.72,342.61,0.71,201.93,0.73,75.15,0.74,185.0,0.01,0.01,2349.940137,1776374230000
1776374232.593,132.593,0.27,51.01,0.26,185.0,0.28,393.61,0.29,201.93,0.72,336.61,0.71,208.93,0.73,56.15,0.74,185.0,0.01,0.01,2349.868679,1776374231000
1776374233.062,133.062,0.27,51.01,0.26,135.0,0.28,391.18,0.29,251.93,0.72,393.61,0.71,201.93,0.73,51.01,0.74,185.0,0.01,0.01,2349.83219,1776374232000
1776374233.709,133.709,0.27,43.25,0.26,40.0,0.28,527.38,0.29,106.93,0.72,391.18,0.71,251.93,0.73,51.01,0.74,135.0,0.01,0.01,2349.83219,1776374232000
1776374234.834,134.834,0.24,23.34,0.21,275.0,0.25,296.49,0.26,84.34,0.72,527.38,0.71,106.93,0.74,40.0,0.75,50.0,0.01,0.02,2349.802313,1776374233000
1776374235.206,135.206,0.24,41.34,0.23,10.0,0.25,17.0,0.26,191.56,0.75,296.49,0.74,84.34,0.76,23.34,0.79,275.0,0.01,0.01,2349.802313,1776374233000
1776374235.528,135.528,0.24,143.34,0.23,10.0,0.25,158.52,0.26,75.0,0.75,17.0,0.74,191.56,0.76,41.34,0.77,10.0,0.01,0.01,2349.639235,1776374234000
1776374235.876,135.876,0.24,121.7,0.23,10.0,0.25,100.71,0.26,75.0,0.75,100.71,0.74,75.0,0.76,123.34,0.77,10.0,0.01,0.01,2349.639235,1776374234000
1776374236.299,136.299,0.24,129.1,0.23,25.5,0.25,98.71,0.26,75.0,0.75,100.71,0.74,75.0,0.76,120.05,0.77,10.0,0.01,0.01,2349.428603,1776374235000
1776374236.593,136.593,0.24,124.95,0.23,25.5,0.25,85.71,0.26,75.0,0.75,80.71,0.74,75.0,0.76,129.1,0.77,25.5,0.01,0.01,2349.428603,1776374235000
1776374237.032,137.032,0.24,112.68,0.23,25.5,0.25,92.71,0.26,85.0,0.75,85.71,0.74,85.0,0.76,114.13,0.77,25.5,0.01,0.01,2349.428603,1776374235000
1776374237.41,137.41,0.24,73.23,0.23,25.5,0.25,107.71,0.26,75.0,0.75,92.71,0.74,85.0,0.76,112.68,0.77,25.5,0.01,0.01,2349.586632,1776374236000
1776374237.788,137.788,0.24,66.45,0.23,25.5,0.25,107.71,0.26,75.0,0.75,107.71,0.74,75.0,0.76,67.9,0.77,25.5,0.01,0.01,2349.586632,1776374236000
1776374238.187,138.187,0.24,36.0,0.23,54.5,0.25,107.71,0.26,75.0,0.75,107.71,0.74,75.0,0.76,66.45,0.77,25.5,0.01,0.01,2349.586632,1776374236000
1776374240.822,140.822,0.2,72.0,0.19,210.0,0.22,331.32,0.23,352.6,0.75,107.71,0.74,75.0,0.76,36.0,0.77,54.5,0.02,0.01,2349.730965,1776374239000
1776374241.374,141.374,0.19,110.0,0.18,250.0,0.21,237.31,0.22,73.33,0.78,331.32,0.77,352.6,0.8,72.0,0.81,210.0,0.02,0.02,2349.730965,1776374239000
1776374241.756,141.756,0.18,148.78,0.17,60.0,0.19,57.0,0.2,210.99,0.79,237.31,0.78,73.33,0.81,110.0,0.82,250.0,0.01,0.02,2349.43902,1776374240000
1776374242.028,142.028,0.18,124.84,0.17,60.0,0.19,203.99,0.2,121.0,0.81,146.56,0.8,108.0,0.82,130.92,0.83,60.0,0.01,0.01,2349.346026,1776374241000
1776374242.24,142.24,0.18,117.52,0.17,60.0,0.19,247.99,0.2,126.41,0.81,237.99,0.8,126.41,0.82,123.62,0.83,70.5,0.01,0.01,2349.346026,1776374241000
1776374242.535,142.535,0.18,111.52,0.17,60.0,0.19,265.49,0.2,136.91,0.81,247.99,0.8,126.41,0.82,117.52,0.83,60.0,0.01,0.01,2349.346026,1776374241000
1776374242.823,142.823,0.18,101.52,0.17,60.0,0.19,285.49,0.2,136.91,0.81,265.49,0.8,136.91,0.82,107.52,0.83,60.0,0.01,0.01,2349.346026,1776374241000
1776374243.223,143.223,0.18,0.3,0.17,60.0,0.19,285.49,0.2,156.29,0.81,285.49,0.8,136.91,0.82,101.52,0.83,60.0,0.01,0.01,2349.120595,1776374242000
1776374244.083,144.083,0.15,185.5,0.14,54.0,0.19,304.49,0.2,109.29,0.81,285.49,0.8,156.29,0.82,0.3,0.83,60.0,0.04,0.01,2349.120595,1776374242000
1776374245.597,145.597,0.15,14.5,0.14,25.0,0.16,162.99,0.17,97.09,0.81,304.49,0.8,109.29,0.85,185.5,0.86,54.0,0.01,0.04,2348.867124,1776374244000
1776374246.639,146.639,0.14,4.5,0.13,54.0,0.15,101.0,0.16,123.99,0.84,162.99,0.83,97.09,0.85,3.5,0.86,25.0,0.01,0.01,2348.84317,1776374245000
1776374247.108,147.108,0.14,21.5,0.13,70.57,0.15,42.0,0.16,70.0,0.85,101.0,0.84,123.99,0.86,4.5,0.87,54.0,0.01,0.01,2348.840979,1776374246000
1776374248.143,148.143,0.14,36.4,0.13,84.99,0.15,10.0,0.16,70.0,0.85,42.0,0.84,70.0,0.86,21.5,0.87,70.57,0.01,0.01,2348.84158,1776374247000
1776374249.284,149.284,0.17,195.56,0.16,261.0,0.18,0.28,0.2,125.0,0.85,4.97,0.84,70.0,0.86,36.4,0.87,84.99,0.01,0.01,2348.883149,1776374248000
1776374249.596,149.596,0.19,161.56,0.18,49.0,0.2,59.4,0.21,6.32,0.8,109.4,0.79,6.32,0.81,102.57,0.82,49.0,0.01,0.01,2348.883149,1776374248000
1776374249.821,149.821,0.19,232.56,0.18,54.0,0.24,13.27,0.25,8.0,0.8,4.15,0.79,6.32,0.81,186.56,0.82,54.0,0.05,0.01,2348.883149,1776374248000
1776374250.303,150.303,0.23,30.0,0.22,93.57,0.24,42.27,0.25,8.0,0.76,13.27,0.75,8.0,0.81,232.56,0.82,54.0,0.01,0.05,2349.003244,1776374249000
1776374251.034,151.034,0.23,160.92,0.22,109.57,0.24,13.27,0.25,8.0,0.76,42.27,0.75,8.0,0.77,30.0,0.78,109.57,0.01,0.01,2349.003244,1776374249000
1776374251.535,151.535,0.23,256.36,0.22,34.57,0.24,7.89,0.25,8.0,0.76,7.89,0.75,8.0,0.77,136.92,0.78,104.57,0.01,0.01,2349.354184,1776374250000
1776374252.816,152.816,0.29,146.59,0.28,95.0,0.3,15.0,0.31,145.21,0.7,15.0,0.69,10.0,0.74,34.11,0.77,266.36,0.01,0.04,2349.72899,1776374251000
1776374254.038,154.038,0.29,209.99,0.28,129.5,0.3,5.0,0.31,10.0,0.7,15.0,0.69,150.21,0.71,139.54,0.72,95.0,0.01,0.01,2350.011874,1776374253000
1776374254.283,154.283,0.29,212.5,0.28,129.5,0.31,98.89,0.32,84.0,0.7,5.0,0.69,10.0,0.71,209.99,0.72,129.5,0.02,0.01,2350.011874,1776374253000
1776374255.06,155.06,0.3,121.5,0.29,95.5,0.32,84.0,0.33,10.0,0.69,98.89,0.68,84.0,0.71,212.5,0.72,129.5,0.02,0.02,2350.126602,1776374254000
1776374255.326,155.326,0.31,50.47,0.3,43.5,0.32,84.0,0.33,98.33,0.68,84.0,0.67,10.0,0.7,121.5,0.71,95.5,0.01,0.02,2350.126602,1776374254000
1776374255.571,155.571,0.31,43.23,0.3,48.5,0.32,84.0,0.33,98.33,0.68,84.0,0.67,98.33,0.69,50.47,0.7,43.5,0.01,0.01,2350.126602,1776374254000
1776374258.693,158.693,0.31,53.78,0.3,48.5,0.32,35.0,0.33,20.0,0.68,91.0,0.67,98.33,0.69,32.78,0.7,48.5,0.01,0.01,2350.328535,1776374257000
1776374259.461,159.461,0.31,8.91,0.3,43.5,0.32,35.0,0.33,20.0,0.68,35.0,0.67,20.0,0.69,53.78,0.7,48.5,0.01,0.01,2350.33152,1776374258000
1776374260.664,160.664,0.31,33.62,0.3,33.5,0.32,30.0,0.33,39.0,0.68,35.0,0.67,20.0,0.69,8.91,0.7,43.5,0.01,0.01,2350.33154,1776374259000
1776374261.241,161.241,0.33,221.57,0.32,105.0,0.34,5.94,0.35,170.0,0.67,29.0,0.66,25.0,0.68,15.0,0.69,133.62,0.01,0.01,2350.33154,1776374259000
1776374264.445,164.445,0.33,289.07,0.32,90.5,0.34,5.94,0.35,10.0,0.66,5.94,0.65,170.0,0.67,201.57,0.68,85.0,0.01,0.01,2350.61576,1776374262000
1776374265.625,165.625,0.33,11.0,0.32,6.0,0.34,32.5,0.35,10.0,0.66,5.94,0.65,10.0,0.67,247.34,0.68,90.5,0.01,0.01,2350.645592,1776374264000
1776374266.847,166.847,0.33,211.62,0.32,173.57,0.34,5.94,0.35,10.0,0.66,32.5,0.65,10.0,0.67,11.0,0.68,6.0,0.01,0.01,2350.644731,1776374265000
1776374267.075,167.075,0.33,234.12,0.32,184.07,0.34,7.41,0.35,10.0,0.66,7.41,0.65,10.0,0.67,232.12,0.68,184.07,0.01,0.01,2350.644731,1776374265000
1776374267.343,167.343,0.33,169.12,0.32,184.07,0.34,7.41,0.35,10.0,0.66,7.41,0.65,10.0,0.67,234.12,0.68,184.07,0.01,0.01,2350.642536,1776374266000
1776374270.313,170.313,0.33,173.55,0.32,54.07,0.36,125.1,0.37,135.0,0.66,7.41,0.65,10.0,0.67,169.12,0.68,184.07,0.03,0.01,2350.721153,1776374268000
1776374270.581,170.581,0.33,173.55,0.32,54.07,0.37,34.78,0.38,75.0,0.63,47.73,0.62,75.0,0.67,173.55,0.68,54.07,0.04,0.04,2350.730255,1776374269000
1776374270.796,170.796,0.33,236.55,0.32,44.07,0.37,11.43,0.38,25.0,0.63,26.13,0.62,75.0,0.67,236.55,0.68,44.07,0.04,0.04,2350.730255,1776374269000
1776374271.14,171.14,0.35,5.0,0.33,302.55,0.37,6.29,0.4,45.0,0.63,11.43,0.62,25.0,0.67,236.55,0.68,44.07,0.02,0.04,2350.746285,1776374270000
1776374272.109,172.109,0.41,60.0,0.37,88.0,0.44,75.0,0.45,50.0,0.59,150.0,0.58,185.0,0.63,1.53,0.64,50.0,0.03,0.04,2350.746285,1776374270000
1776374272.385,172.385,0.44,65.0,0.41,10.0,0.46,8.0,0.48,145.77,0.54,8.0,0.53,25.0,0.59,52.64,0.6,12.5,0.02,0.05,2350.746285,1776374270000
1776374273.462,173.462,0.47,92.0,0.46,85.0,0.48,154.25,0.49,136.57,0.52,145.77,0.51,115.05,0.53,62.0,0.56,65.0,0.01,0.01,2351.480307,1776374272000
1776374274.314,174.314,0.47,96.34,0.46,85.0,0.48,109.25,0.49,135.55,0.52,154.25,0.51,136.57,0.53,92.0,0.54,85.0,0.01,0.01,2351.480307,1776374272000
1776374274.709,174.709,0.47,96.34,0.46,85.0,0.48,13.37,0.49,135.55,0.52,109.25,0.51,135.55,0.53,96.34,0.54,85.0,0.01,0.01,2351.323685,1776374273000
1776374275.565,175.565,0.47,96.34,0.46,85.0,0.48,12.17,0.49,135.55,0.52,13.37,0.51,135.55,0.53,96.34,0.54,85.0,0.01,0.01,2351.323685,1776374274000
1776374278.51,178.51,0.47,27.52,0.46,155.0,0.48,17.17,0.49,100.55,0.52,12.17,0.51,135.55,0.53,90.94,0.54,85.0,0.01,0.01,2351.309365,1776374277000
1776374279.701,179.701,0.47,25.63,0.46,155.0,0.48,74.17,0.49,100.55,0.52,17.17,0.51,100.55,0.53,27.52,0.54,155.0,0.01,0.01,2351.301435,1776374278000
1776374280.764,180.764,0.47,31.63,0.46,30.5,0.48,7.17,0.49,80.05,0.52,74.17,0.51,100.55,0.53,25.63,0.54,155.0,0.01,0.01,2351.335717,1776374279000
1776374281.077,181.077,0.47,166.63,0.46,80.5,0.49,77.92,0.5,47.0,0.52,7.17,0.51,80.05,0.53,31.63,0.54,30.5,0.02,0.01,2351.335359,1776374280000
1776374281.314,181.314,0.47,177.13,0.46,80.5,0.49,0.12,0.5,47.0,0.51,77.92,0.5,47.0,0.53,166.63,0.54,80.5,0.02,0.02,2351.335359,1776374280000
1776374281.604,181.604,0.54,48.48,0.47,224.13,0.58,60.0,0.59,35.0,0.47,50.0,0.46,21.52,0.53,177.13,0.54,80.5,0.04,0.06,2351.335359,1776374280000
1776374283.309,183.309,0.54,10.0,0.52,14.61,0.59,7.38,0.64,100.0,0.42,60.0,0.41,35.0,0.44,70.0,0.46,48.48,0.05,0.02,2352.099976,1776374282000
1776374283.535,183.535,0.56,17.0,0.54,10.0,0.57,23.8,0.64,100.0,0.41,7.38,0.36,100.0,0.46,10.0,0.48,14.61,0.01,0.05,2352.099976,1776374282000
1776374283.799,183.799,0.56,66.9,0.54,29.0,0.57,18.71,0.58,12.43,0.43,18.71,0.42,12.43,0.44,17.0,0.46,29.0,0.01,0.01,2352.099976,1776374282000
1776374284.081,184.081,0.62,28.36,0.56,66.9,0.63,2.82,0.64,105.0,0.36,105.0,0.35,31.56,0.38,28.36,0.44,66.9,0.01,0.02,2352.099976,1776374282000
1776374284.633,184.633,0.56,95.55,0.54,38.25,0.63,2.82,0.64,89.0,0.37,2.82,0.36,128.0,0.38,18.36,0.44,71.9,0.07,0.01,2352.30697,1776374283000
1776374284.87,184.87,0.53,61.64,0.52,5.0,0.63,2.82,0.64,89.0,0.37,2.82,0.36,89.0,0.47,82.92,0.48,5.0,0.1,0.1,2352.30697,1776374283000
1776374285.12,185.12,0.57,47.04,0.49,5.0,0.59,5.0,0.63,2.82,0.37,2.82,0.36,89.0,0.52,25.0,0.53,144.0,0.02,0.15,2352.129764,1776374284000
1776374285.381,185.381,0.57,10.5,0.47,151.04,0.59,1.61,0.64,142.0,0.41,5.0,0.37,2.82,0.53,151.04,0.54,5.0,0.02,0.12,2352.129764,1776374284000
1776374285.642,185.642,0.56,6.22,0.47,156.04,0.59,1.61,0.63,76.67,0.41,1.61,0.37,76.67,0.43,10.4,0.44,8.92,0.03,0.02,2352.129764,1776374284000
1776374286.339,186.339,0.45,5.0,0.44,65.0,0.46,36.0,0.49,7.0,0.44,50.0,0.38,32.13,0.48,10.0,0.49,10.0,0.01,0.04,2351.439528,1776374285000
1776374286.54,186.54,0.44,20.0,0.43,77.74,0.48,29.39,0.51,50.0,0.54,2.93,0.52,17.0,0.56,20.0,0.57,77.74,0.04,0.02,2351.439528,1776374285000
1776374286.767,186.767,0.43,67.74,0.42,5.0,0.44,10.0,0.45,7.35,0.55,7.35,0.54,16.0,0.57,117.74,0.58,5.0,0.01,0.02,2351.439528,1776374285000
1776374287.012,187.012,0.43,57.35,0.42,5.0,0.44,0.97,0.45,7.35,0.56,7.72,0.55,7.35,0.57,57.35,0.58,5.0,0.01,0.01,2351.439528,1776374285000
1776374287.312,187.312,0.43,41.78,0.42,5.0,0.44,10.0,0.45,9.37,0.56,10.0,0.55,9.37,0.57,55.24,0.58,5.0,0.01,0.01,2351.433803,1776374286000
1776374290.305,190.305,0.46,50.0,0.44,311.74,0.47,15.26,0.49,10.0,0.56,8.8,0.55,9.37,0.57,49.78,0.58,5.0,0.01,0.01,2351.035094,1776374289000
1776374290.523,190.523,0.46,9.0,0.44,311.74,0.49,4.63,0.52,99.28,0.53,15.16,0.51,10.0,0.54,9.0,0.56,311.74,0.03,0.01,2351.035094,1776374289000
1776374290.732,190.732,0.44,311.74,0.43,57.0,0.47,8.37,0.49,5.56,0.51,5.56,0.48,29.28,0.52,4.43,0.56,311.74,0.03,0.01,2351.035094,1776374289000
1776374290.985,190.985,0.44,306.74,0.42,5.0,0.46,3.0,0.47,50.66,0.53,8.37,0.51,11.56,0.56,306.74,0.57,34.0,0.02,0.03,2351.035094,1776374289000
1776374291.593,191.593,0.44,254.05,0.41,57.0,0.45,10.0,0.46,3.0,0.55,10.0,0.54,3.0,0.56,256.09,0.59,57.0,0.01,0.01,2351.041514,1776374290000
1776374292.694,192.694,0.44,262.05,0.43,75.65,0.45,5.0,0.46,3.0,0.55,10.0,0.54,3.0,0.56,254.05,0.59,57.0,0.01,0.01,2351.01263,1776374291000
1776374293.311,193.311,0.44,262.05,0.41,57.0,0.45,5.0,0.46,27.0,0.55,5.0,0.54,3.0,0.56,262.05,0.57,75.65,0.01,0.01,2351.034188,1776374292000
1776374293.584,193.584,0.45,5.0,0.44,267.05,0.46,21.43,0.47,23.37,0.54,22.0,0.53,23.37,0.56,262.05,0.59,57.0,0.01,0.02,2351.034188,1776374292000
1776374293.793,193.793,0.45,10.0,0.44,272.05,0.46,21.43,0.47,23.37,0.54,21.43,0.53,23.37,0.55,5.0,0.56,267.05,0.01,0.01,2351.034188,1776374292000
1776374294.184,194.184,0.45,10.0,0.44,272.05,0.46,11.43,0.47,47.37,0.54,21.43,0.53,23.37,0.55,10.0,0.56,272.05,0.01,0.01,2351.034188,1776374292000
1776374294.424,194.424,0.45,6.36,0.44,272.05,0.5,129.88,0.51,120.5,0.5,76.88,0.49,120.5,0.55,10.0,0.56,272.05,0.05,0.05,2351.040266,1776374293000
1776374294.817,194.817,0.45,6.36,0.44,272.05,0.46,7.46,0.47,10.0,0.5,129.88,0.49,120.5,0.55,6.36,0.56,272.05,0.01,0.05,2351.040266,1776374293000
1776374296.137,196.137,0.45,4.19,0.44,277.05,0.46,4.59,0.47,10.0,0.54,7.46,0.53,10.0,0.55,28.19,0.56,272.05,0.01,0.01,2351.035023,1776374294000
1776374297.402,197.402,0.45,6.08,0.44,277.05,0.46,62.0,0.47,10.0,0.54,4.59,0.53,10.0,0.55,4.19,0.56,277.05,0.01,0.01,2351.059943,1776374296000
1776374298.746,198.746,0.44,246.05,0.43,5.0,0.45,16.0,0.46,108.41,0.54,62.0,0.53,10.0,0.55,6.08,0.56,277.05,0.01,0.01,2351.111325,1776374297000
1776374299.022,199.022,0.44,199.47,0.43,15.0,0.46,2.41,0.48,389.62,0.55,16.0,0.54,85.41,0.56,153.93,0.57,5.0,0.02,0.01,2351.114912,1776374298000
1776374299.243,199.243,0.45,103.0,0.44,167.47,0.46,49.77,0.48,332.53,0.54,50.18,0.52,332.53,0.56,167.47,0.57,15.0,0.01,0.02,2351.114912,1776374298000
1776374299.735,199.735,0.47,186.0,0.46,60.0,0.48,302.53,0.51,22.02,0.54,49.77,0.52,332.53,0.55,103.0,0.56,167.47,0.01,0.01,2351.114912,1776374298000
1776374300.063,200.063,0.47,96.83,0.46,135.0,0.48,231.53,0.51,27.02,0.52,231.53,0.49,10.5,0.53,170.0,0.54,60.0,0.01,0.01,2351.041838,1776374299000
1776374300.564,200.564,0.47,154.9,0.46,93.0,0.48,223.4,0.49,10.0,0.52,231.53,0.49,27.02,0.53,93.43,0.54,135.0,0.01,0.01,2351.041838,1776374299000
1776374300.949,200.949,0.47,287.33,0.46,143.0,0.48,99.27,0.49,10.0,0.52,183.27,0.51,10.0,0.53,154.9,0.54,93.0,0.01,0.01,2351.041838,1776374299000
1776374301.187,201.187,0.47,312.75,0.46,148.0,0.48,94.27,0.49,21.52,0.52,99.27,0.51,10.0,0.53,287.33,0.54,143.0,0.01,0.01,2351.218645,1776374300000
1776374301.783,201.783,0.47,302.75,0.46,158.0,0.48,94.27,0.49,21.52,0.52,94.27,0.51,21.52,0.53,312.75,0.54,148.0,0.01,0.01,2351.218645,1776374300000
1776374303.519,203.519,0.47,287.75,0.46,233.0,0.48,79.27,0.49,21.52,0.52,84.27,0.51,21.52,0.53,297.75,0.54,158.0,0.01,0.01,2351.360109,1776374302000
1776374303.937,203.937,0.47,386.95,0.46,233.0,0.48,64.27,0.49,21.52,0.52,64.27,0.51,21.52,0.53,287.75,0.54,233.0,0.01,0.01,2351.360109,1776374302000
1776374304.596,204.596,0.47,377.75,0.46,283.0,0.48,31.27,0.49,21.52,0.52,38.27,0.51,21.52,0.53,386.95,0.54,233.0,0.01,0.01,2351.438925,1776374303000
1776374305.82,205.82,0.47,360.75,0.46,283.0,0.48,21.27,0.49,21.52,0.52,31.27,0.51,21.52,0.53,377.75,0.54,283.0,0.01,0.01,2351.337397,1776374304000
1776374306.722,206.722,0.47,350.75,0.46,357.03,0.48,18.14,0.49,21.52,0.52,21.27,0.51,21.52,0.53,360.75,0.54,283.0,0.01,0.01,2351.37021,1776374305000
1776374307.491,207.491,0.47,437.75,0.46,382.03,0.49,21.52,0.51,20.5,0.52,18.14,0.51,21.52,0.53,350.75,0.54,357.03,0.02,0.01,2351.37021,1776374305000
1776374307.714,207.714,0.52,175.0,0.51,94.0,0.53,3.36,0.55,10.5,0.47,35.5,0.45,45.5,0.52,5.0,0.53,301.75,0.01,0.05,2351.37021,1776374305000
1776374307.925,207.925,0.52,191.0,0.51,94.0,0.56,10.5,0.6,50.0,0.47,21.01,0.45,10.5,0.48,191.0,0.49,94.0,0.04,0.01,2351.393917,1776374306000
1776374308.598,208.598,0.59,13.0,0.58,98.5,0.6,50.0,0.61,10.0,0.4,50.0,0.39,15.0,0.42,59.5,0.45,186.0,0.01,0.02,2351.393917,1776374306000
1776374310.517,210.517,0.59,157.0,0.58,109.5,0.6,55.0,0.61,10.0,0.4,50.0,0.39,10.0,0.41,13.0,0.42,98.5,0.01,0.01,2351.63982,1776374309000
1776374310.927,210.927,0.59,76.34,0.58,86.5,0.6,60.0,0.61,15.0,0.4,55.0,0.39,10.0,0.41,157.0,0.42,109.5,0.01,0.01,2351.63982,1776374309000
1776374312.021,212.021,0.59,274.24,0.58,97.5,0.61,4.91,0.62,12.0,0.4,60.0,0.39,15.0,0.41,76.34,0.42,86.5,0.02,0.01,2351.716785,1776374310000
1776374313.216,213.216,0.6,149.42,0.59,187.9,0.62,13.0,0.63,65.5,0.39,4.91,0.38,12.0,0.41,274.24,0.42,97.5,0.02,0.02,2351.736785,1776374311000
1776374314.362,214.362,0.61,47.84,0.6,67.42,0.62,5.0,0.63,65.5,0.38,13.0,0.37,65.5,0.4,149.42,0.41,187.9,0.01,0.02,2351.822789,1776374313000
1776374315.514,215.514,0.6,36.07,0.59,129.9,0.62,5.0,0.63,65.5,0.38,5.0,0.37,65.5,0.39,42.84,0.4,67.42,0.02,0.01,2351.786378,1776374314000
1776374316.086,216.086,0.6,33.57,0.59,129.9,0.61,5.0,0.62,5.0,0.38,5.0,0.37,65.5,0.4,36.07,0.41,129.9,0.01,0.02,2351.786378,1776374314000
1776374316.48,216.48,0.62,100.0,0.61,257.06,0.65,5.0,0.66,50.0,0.39,5.0,0.38,5.0,0.4,33.57,0.41,129.9,0.03,0.01,2351.786378,1776374315000
1776374319.052,219.052,0.69,11.11,0.68,31.0,0.71,4.45,0.72,73.0,0.29,35.45,0.28,63.0,0.31,16.0,0.32,16.0,0.02,0.02,2351.892667,1776374317000
1776374320.718,220.718,0.59,102.9,0.58,59.5,0.61,131.0,0.62,48.99,0.29,4.45,0.28,73.0,0.31,11.11,0.32,31.0,0.02,0.02,2352.019387,1776374319000
1776374320.995,220.995,0.59,72.52,0.58,59.5,0.6,104.99,0.61,107.0,0.4,20.6,0.39,102.16,0.41,83.7,0.42,59.5,0.01,0.01,2352.019387,1776374319000
1776374321.584,221.584,0.54,3.0,0.52,85.0,0.55,15.0,0.56,94.0,0.4,104.99,0.39,107.0,0.43,50.0,0.45,35.0,0.01,0.03,2352.019907,1776374320000
1776374321.819,221.819,0.52,85.0,0.5,10.0,0.53,8.85,0.54,10.0,0.45,29.0,0.44,106.0,0.48,85.0,0.5,10.0,0.01,0.03,2352.019907,1776374320000
1776374322.104,222.104,0.52,85.0,0.5,10.0,0.53,97.95,0.54,93.0,0.47,8.85,0.46,10.0,0.48,85.0,0.5,10.0,0.01,0.01,2352.019907,1776374320000
1776374322.304,222.304,0.46,35.0,0.45,20.0,0.5,9.76,0.51,10.0,0.5,9.76,0.49,10.0,0.54,35.0,0.55,20.0,0.04,0.04,2352.019907,1776374320000
1776374322.512,222.512,0.44,174.14,0.43,25.0,0.45,124.0,0.46,136.63,0.55,106.0,0.54,165.88,0.56,183.06,0.57,25.0,0.01,0.01,2352.019907,1776374320000
1776374322.804,222.804,0.44,169.14,0.43,25.0,0.45,268.99,0.46,163.63,0.55,124.0,0.54,136.63,0.56,174.14,0.57,25.0,0.01,0.01,2351.861915,1776374321000
1776374323.374,223.374,0.43,225.0,0.42,10.0,0.46,46.62,0.47,298.68,0.55,222.99,0.54,98.63,0.56,191.6,0.57,25.0,0.03,0.01,2351.861915,1776374321000
1776374323.604,223.604,0.44,1.67,0.43,235.0,0.45,16.0,0.46,46.62,0.55,25.83,0.54,58.62,0.56,6.67,0.57,235.0,0.01,0.01,2351.58212,1776374322000
1776374324.507,224.507,0.43,35.0,0.42,20.0,0.45,73.0,0.47,238.68,0.55,16.0,0.54,46.62,0.56,1.67,0.57,235.0,0.02,0.01,2351.58212,1776374322000
1776374324.786,224.786,0.44,12.87,0.43,35.0,0.47,238.68,0.48,5.0,0.55,13.0,0.53,238.68,0.56,12.87,0.57,35.0,0.03,0.01,2351.096171,1776374323000
1776374325.088,225.088,0.46,56.44,0.45,80.0,0.47,134.42,0.51,70.0,0.53,238.68,0.52,5.0,0.56,12.87,0.57,35.0,0.01,0.03,2351.096171,1776374323000
1776374325.479,225.479,0.46,42.85,0.45,99.0,0.47,105.89,0.51,70.0,0.53,115.69,0.49,70.0,0.54,53.05,0.55,80.0,0.01,0.01,2350.909759,1776374324000
1776374326.1,226.1,0.46,40.85,0.45,85.0,0.47,17.63,0.52,5.0,0.53,19.76,0.49,70.0,0.54,26.85,0.55,99.0,0.01,0.01,2350.923108,1776374325000
1776374326.82,226.82,0.53,14.78,0.52,10.0,0.54,9.0,0.55,10.0,0.47,35.0,0.45,18.16,0.54,91.05,0.55,15.0,0.01,0.07,2350.923108,1776374325000
1776374327.533,227.533,0.53,21.78,0.52,25.0,0.54,6.53,0.55,10.0,0.46,9.0,0.45,10.0,0.47,14.78,0.48,10.0,0.01,0.01,2351.091725,1776374326000
1776374327.919,227.919,0.53,19.65,0.52,15.0,0.54,6.53,0.55,10.0,0.46,6.53,0.45,10.0,0.47,21.78,0.48,25.0,0.01,0.01,2351.091725,1776374326000
1776374328.392,228.392,0.53,5.96,0.52,10.0,0.54,10.0,0.55,35.0,0.46,6.53,0.45,10.0,0.47,19.65,0.48,15.0,0.01,0.01,2351.091725,1776374326000
1776374329.247,229.247,0.52,10.0,0.51,25.0,0.53,6.83,0.54,110.0,0.46,10.0,0.45,35.0,0.48,10.0,0.49,10.0,0.01,0.02,2351.3232,1776374328000
1776374330.906,230.906,0.52,67.0,0.51,148.08,0.54,12.0,0.55,45.0,0.47,6.83,0.46,110.0,0.48,10.0,0.49,25.0,0.02,0.01,2351.369596,1776374329000
1776374332.122,232.122,0.6,5.0,0.59,15.0,0.61,50.0,0.62,65.0,0.46,12.0,0.45,45.0,0.48,67.0,0.49,148.08,0.01,0.02,2351.439727,1776374331000
1776374332.556,232.556,0.59,15.0,0.58,25.0,0.61,50.0,0.62,70.0,0.39,50.0,0.38,65.0,0.4,5.0,0.41,15.0,0.02,0.01,2351.439727,1776374331000
1776374332.797,232.797,0.59,15.0,0.58,25.0,0.61,23.95,0.62,70.0,0.39,50.0,0.38,70.0,0.41,15.0,0.42,25.0,0.02,0.02,2351.439727,1776374331000
1776374334.904,234.904,0.62,10.0,0.61,36.0,0.65,48.53,0.66,70.0,0.38,70.0,0.37,70.0,0.41,15.0,0.42,25.0,0.03,0.03,2351.57256,1776374334000
1776374335.754,235.754,0.64,15.0,0.63,15.0,0.65,41.53,0.66,105.0,0.35,48.53,0.34,70.0,0.38,10.0,0.39,36.0,0.01,0.03,2351.57256,1776374334000
1776374337.553,237.553,0.64,40.24,0.63,15.0,0.65,25.65,0.66,105.0,0.35,41.53,0.34,105.0,0.36,15.0,0.37,15.0,0.01,0.01,2351.653763,1776374336000
1776374338.956,238.956,0.61,10.0,0.6,25.0,0.65,77.0,0.66,140.0,0.35,25.65,0.34,105.0,0.36,40.24,0.37,15.0,0.04,0.01,2351.669871,1776374337000
1776374339.661,239.661,0.46,194.5,0.44,10.0,0.48,70.0,0.52,80.0,0.35,77.0,0.34,140.0,0.39,10.0,0.4,25.0,0.02,0.04,2351.669871,1776374337000
1776374340.1,240.1,0.41,60.5,0.4,110.5,0.42,4.28,0.43,93.0,0.55,10.12,0.53,188.0,0.56,10.0,0.57,75.0,0.01,0.01,2351.645969,1776374338000
1776374340.496,240.496,0.41,17.78,0.4,10.5,0.42,113.28,0.43,93.0,0.58,106.28,0.57,93.0,0.59,18.21,0.6,110.5,0.01,0.01,2351.648275,1776374339000
1776374340.719,240.719,0.4,4.75,0.39,50.0,0.42,184.28,0.43,93.0,0.58,184.28,0.57,93.0,0.59,12.78,0.6,10.5,0.02,0.01,2351.648275,1776374339000
1776374340.928,240.928,0.39,50.0,0.37,213.0,0.41,10.0,0.42,98.28,0.58,184.28,0.57,93.0,0.6,4.75,0.61,50.0,0.02,0.02,2351.648275,1776374339000
1776374341.281,241.281,0.37,205.07,0.35,10.0,0.38,10.0,0.39,10.0,0.59,10.0,0.58,98.28,0.61,50.0,0.63,213.0,0.01,0.02,2351.648275,1776374339000
1776374341.75,241.75,0.31,100.0,0.3,25.0,0.38,271.0,0.39,22.0,0.62,113.0,0.61,22.0,0.63,150.3,0.65,10.0,0.07,0.01,2351.062521,1776374340000
1776374342.514,242.514,0.22,32.72,0.21,100.0,0.23,34.78,0.24,25.0,0.62,271.0,0.61,22.0,0.69,100.0,0.7,25.0,0.01,0.07,2350.798286,1776374341000
1776374343.031,243.031,0.21,97.12,0.2,30.0,0.23,44.78,0.24,35.0,0.77,34.78,0.76,25.0,0.78,32.72,0.79,100.0,0.02,0.01,2350.798286,1776374341000
1776374343.234,243.234,0.21,139.12,0.2,30.0,0.22,38.45,0.23,21.78,0.77,44.78,0.76,35.0,0.79,97.12,0.8,30.0,0.01,0.02,2350.649981,1776374342000
1776374343.552,243.552,0.21,73.37,0.2,55.0,0.22,43.45,0.23,21.78,0.78,48.45,0.77,21.78,0.79,85.87,0.8,30.0,0.01,0.01,2350.649981,1776374342000
1776374343.809,243.809,0.21,116.4,0.2,55.0,0.22,1.63,0.23,21.78,0.78,1.63,0.77,21.78,0.79,73.37,0.8,55.0,0.01,0.01,2350.649981,1776374342000
1776374344.803,244.803,0.21,113.28,0.2,55.0,0.22,25.0,0.23,24.72,0.77,21.72,0.76,30.0,0.79,116.4,0.8,55.0,0.01,0.02,2350.236614,1776374343000
1776374346.259,246.259,0.23,7.0,0.22,7.0,0.26,145.13,0.27,30.0,0.78,25.0,0.77,24.72,0.79,113.28,0.8,55.0,0.03,0.01,2350.180572,1776374345000
1776374346.513,246.513,0.26,40.0,0.25,12.0,0.27,20.0,0.28,10.0,0.73,20.0,0.72,10.0,0.75,12.0,0.76,7.0,0.01,0.02,2350.180572,1776374345000
1776374347.895,247.895,0.25,11.45,0.24,67.0,0.26,15.0,0.27,10.0,0.74,10.0,0.73,20.0,0.75,5.34,0.76,17.0,0.01,0.01,2350.184092,1776374346000
1776374349.097,249.097,0.25,3.34,0.24,29.45,0.26,28.74,0.27,10.0,0.74,4.54,0.73,10.0,0.76,64.45,0.77,17.0,0.01,0.02,2350.21956,1776374347000
1776374349.313,249.313,0.24,25.0,0.23,7.0,0.26,13.74,0.27,20.0,0.74,28.74,0.73,10.0,0.75,3.34,0.76,29.45,0.02,0.01,2350.473417,1776374348000
1776374350.494,250.494,0.23,25.64,0.22,57.0,0.24,5.0,0.26,135.13,0.76,5.0,0.73,20.0,0.77,7.0,0.78,42.0,0.01,0.01,2350.461771,1776374349000
1776374351.042,251.042,0.25,48.66,0.24,17.0,0.26,135.13,0.29,50.0,0.76,5.0,0.74,135.13,0.77,25.64,0.78,57.0,0.01,0.01,2350.461771,1776374349000
1776374351.263,251.263,0.25,35.0,0.24,22.0,0.26,25.7,0.29,50.0,0.74,55.7,0.71,50.0,0.75,35.0,0.76,22.0,0.01,0.01,2350.3931,1776374350000
1776374351.571,251.571,0.25,60.3,0.24,78.0,0.29,50.0,0.3,39.28,0.74,9.93,0.71,50.0,0.75,20.3,0.76,17.0,0.04,0.01,2350.3931,1776374350000
1776374352.196,252.196,0.29,38.34,0.28,20.0,0.32,22.06,0.33,10.0,0.7,39.28,0.69,10.0,0.71,3.34,0.72,15.0,0.03,0.01,2350.3931,1776374350000
1776374352.659,252.659,0.31,2.82,0.3,10.0,0.32,7.78,0.33,10.0,0.68,7.78,0.67,10.0,0.69,4.27,0.7,10.0,0.01,0.01,2350.353724,1776374351000
1776374353.053,253.053,0.31,7.82,0.3,10.0,0.32,2.78,0.33,10.0,0.68,7.78,0.67,10.0,0.69,2.82,0.7,10.0,0.01,0.01,2350.353724,1776374351000
1776374353.37,253.37,0.31,14.56,0.3,10.0,0.32,2.78,0.33,10.0,0.68,2.78,0.67,10.0,0.71,1.85,0.72,10.0,0.01,0.03,2350.473195,1776374352000
1776374353.574,253.574,0.31,39.56,0.3,10.0,0.35,5.0,0.36,10.0,0.68,2.78,0.67,10.0,0.69,14.56,0.7,10.0,0.04,0.01,2350.473195,1776374352000
1776374354.48,254.48,0.33,8.52,0.32,10.0,0.35,5.0,0.36,60.0,0.65,5.0,0.64,10.0,0.69,39.56,0.7,10.0,0.02,0.04,2350.679209,1776374353000
1776374355.542,255.542,0.34,28.93,0.33,10.0,0.36,5.0,0.38,85.0,0.65,5.0,0.64,60.0,0.67,8.52,0.68,10.0,0.02,0.02,2350.679209,1776374353000
1776374356.133,256.133,0.37,2.31,0.36,10.0,0.38,42.0,0.39,45.0,0.62,95.0,0.61,45.0,0.65,5.0,0.66,28.93,0.01,0.03,2350.78202,1776374355000
1776374356.439,256.439,0.36,3.0,0.35,15.0,0.38,27.0,0.39,45.0,0.62,42.0,0.61,45.0,0.63,2.31,0.64,10.0,0.02,0.01,2350.78202,1776374355000
1776374356.791,256.791,0.35,6.44,0.34,10.0,0.37,17.0,0.38,20.0,0.62,27.0,0.61,45.0,0.64,3.0,0.65,15.0,0.02,0.02,2350.78202,1776374355000
1776374357.749,257.749,0.34,8.66,0.33,10.0,0.36,10.0,0.37,10.0,0.63,17.0,0.62,20.0,0.65,6.44,0.66,10.0,0.02,0.02,2350.83225,1776374356000
1776374358.77,258.77,0.32,8.52,0.31,10.0,0.34,10.0,0.35,10.0,0.64,10.0,0.63,10.0,0.66,8.66,0.67,10.0,0.02,0.02,2350.877333,1776374357000
1776374359.465,259.465,0.34,24.0,0.32,16.52,0.35,10.0,0.36,10.0,0.66,10.0,0.65,10.0,0.68,8.52,0.69,10.0,0.01,0.02,2350.860014,1776374358000
1776374359.769,259.769,0.36,7.98,0.35,15.0,0.39,35.0,0.4,15.48,0.63,10.0,0.62,10.0,0.66,30.0,0.68,16.52,0.03,0.03,2350.860014,1776374358000
1776374360.074,260.074,0.39,10.0,0.38,150.0,0.41,35.0,0.43,50.0,0.61,35.0,0.6,15.48,0.64,7.98,0.65,15.0,0.02,0.03,2350.860014,1776374358000
1776374360.392,260.392,0.47,12.73,0.46,15.0,0.48,6.59,0.5,50.0,0.52,25.0,0.5,50.0,0.53,12.73,0.54,15.0,0.01,0.01,2350.860955,1776374359000
1776374360.639,260.639,0.49,26.99,0.48,10.0,0.54,10.0,0.56,25.0,0.5,50.0,0.49,50.0,0.51,6.07,0.52,10.0,0.05,0.01,2350.860955,1776374359000
1776374361.253,261.253,0.59,12.97,0.58,15.0,0.6,20.0,0.61,170.0,0.46,10.0,0.44,25.0,0.47,32.72,0.48,15.0,0.01,0.01,2350.855985,1776374360000
1776374361.453,261.453,0.59,2.97,0.58,15.0,0.6,3.15,0.61,170.0,0.4,20.0,0.39,170.0,0.41,12.97,0.42,15.0,0.01,0.01,2350.855985,1776374360000
1776374362.287,262.287,0.6,12.5,0.59,2.97,0.61,80.0,0.62,70.0,0.39,159.7,0.38,75.0,0.41,2.97,0.42,15.0,0.01,0.02,2351.030415,1776374361000
1776374363.024,263.024,0.6,0.2,0.59,2.97,0.61,31.16,0.62,70.0,0.39,31.16,0.38,70.0,0.4,12.5,0.41,2.97,0.01,0.01,2351.030415,1776374361000
1776374363.677,263.677,0.6,0.2,0.59,2.97,0.61,16.57,0.62,70.0,0.39,26.4,0.38,70.0,0.4,0.2,0.41,2.97,0.01,0.01,2351.44274,1776374362000
1776374365.027,265.027,0.58,3.68,0.57,10.0,0.61,16.57,0.62,70.0,0.39,16.57,0.38,70.0,0.4,0.2,0.41,2.97,0.03,0.01,2351.548072,1776374363000
1776374365.314,265.314,0.6,5.0,0.59,10.0,0.61,20.16,0.62,60.0,0.39,31.57,0.38,120.0,0.4,5.0,0.41,10.0,0.01,0.01,2351.50549,1776374364000
1776374365.776,265.776,0.54,16.0,0.53,20.0,0.55,45.52,0.56,75.0,0.45,36.32,0.39,23.19,0.46,16.0,0.47,20.0,0.01,0.01,2351.50549,1776374364000
1776374367.622,267.622,0.46,10.0,0.44,6.0,0.52,10.0,0.53,16.0,0.45,45.52,0.44,75.0,0.46,16.0,0.47,20.0,0.06,0.01,2351.4764,1776374366000
1776374370.755,270.755,0.44,3.43,0.42,10.0,0.45,16.0,0.46,10.0,0.48,10.0,0.47,16.0,0.54,10.0,0.56,6.0,0.01,0.06,2351.344456,1776374369000
1776374371.016,271.016,0.44,3.43,0.42,10.0,0.45,11.95,0.46,15.0,0.55,16.0,0.54,10.0,0.56,3.43,0.58,10.0,0.01,0.01,2351.302087,1776374370000
1776374371.282,271.282,0.41,125.0,0.4,30.0,0.45,1.28,0.46,15.0,0.55,1.28,0.54,15.0,0.56,3.43,0.58,10.0,0.04,0.01,2351.302087,1776374370000
1776374372.264,272.264,0.45,82.24,0.44,65.0,0.46,5.0,0.48,10.0,0.55,1.28,0.54,15.0,0.59,125.0,0.6,30.0,0.01,0.04,2351.274507,1776374371000
1776374373.827,273.827,0.51,9.96,0.5,15.0,0.52,10.0,0.54,10.0,0.52,10.0,0.48,10.0,0.55,82.24,0.56,65.0,0.01,0.03,2351.234493,1776374372000
1776374374.88,274.88,0.5,14.34,0.49,20.0,0.52,10.0,0.54,10.0,0.48,10.0,0.46,10.0,0.49,9.96,0.5,15.0,0.02,0.01,2351.321941,1776374373000
1776374375.465,275.465,0.51,10.0,0.5,24.34,0.56,21.32,0.57,10.0,0.48,10.0,0.46,10.0,0.5,14.34,0.51,20.0,0.05,0.02,2351.339015,1776374374000
1776374376.771,276.771,0.53,2.12,0.52,5.0,0.54,10.0,0.55,10.0,0.44,21.32,0.43,10.0,0.49,10.0,0.5,24.34,0.01,0.05,2351.343565,1776374375000
1776374377.307,277.307,0.45,38.24,0.43,6.0,0.46,3.04,0.47,10.0,0.46,15.0,0.45,10.0,0.51,10.0,0.53,5.0,0.01,0.05,2351.343565,1776374375000
1776374378.144,278.144,0.43,6.0,0.41,160.0,0.46,25.04,0.47,15.0,0.54,3.04,0.53,10.0,0.55,38.24,0.57,6.0,0.03,0.01,2351.34417,1776374376000
1776374378.691,278.691,0.43,3.87,0.41,160.0,0.44,25.0,0.45,15.0,0.54,25.04,0.53,15.0,0.57,6.0,0.59,160.0,0.01,0.03,2351.358385,1776374377000
1776374380.627,280.627,0.41,154.87,0.4,30.0,0.42,12.61,0.43,25.0,0.56,25.0,0.55,15.0,0.59,146.87,0.6,30.0,0.01,0.03,2351.26962,1776374379000
1776374380.906,280.906,0.41,148.8,0.4,40.0,0.42,12.61,0.43,15.0,0.58,12.61,0.57,15.0,0.59,152.2,0.6,40.0,0.01,0.01,2351.26962,1776374379000
1776374383.071,283.071,0.42,13.01,0.41,153.6,0.43,5.0,0.44,15.0,0.57,15.0,0.56,15.0,0.59,153.6,0.6,40.0,0.01,0.02,2351.212865,1776374381000
1776374383.627,283.627,0.41,68.6,0.4,30.0,0.42,7.61,0.43,15.0,0.57,5.0,0.56,15.0,0.58,13.01,0.59,153.6,0.01,0.01,2351.217815,1776374382000
1776374384.728,284.728,0.26,49.9,0.24,40.0,0.27,10.0,0.28,10.0,0.58,7.61,0.57,15.0,0.59,68.6,0.6,30.0,0.01,0.01,2351.21313,1776374383000
1776374385.004,285.004,0.26,144.9,0.25,10.0,0.28,6.0,0.29,10.0,0.73,10.0,0.72,10.0,0.74,49.9,0.76,40.0,0.02,0.01,2351.21313,1776374383000
1776374385.242,285.242,0.33,8.5,0.32,10.0,0.35,21.0,0.36,15.0,0.65,38.0,0.64,16.0,0.71,9.01,0.73,10.0,0.02,0.06,2351.212076,1776374384000
1776374385.448,285.448,0.36,5.48,0.32,10.0,0.37,10.0,0.38,10.0,0.63,10.0,0.62,10.0,0.64,24.0,0.69,50.0,0.01,0.01,2351.212076,1776374384000
1776374385.744,285.744,0.36,5.48,0.32,10.0,0.38,10.0,0.39,10.0,0.63,10.0,0.62,10.0,0.64,5.48,0.68,10.0,0.02,0.01,2351.212076,1776374384000
1776374386.145,286.145,0.32,10.0,0.31,10.0,0.37,17.0,0.38,10.0,0.62,10.0,0.61,10.0,0.64,5.48,0.68,10.0,0.05,0.02,2351.212076,1776374384000
1776374386.439,286.439,0.33,9.19,0.32,10.0,0.36,10.0,0.37,10.0,0.63,10.0,0.62,10.0,0.66,9.94,0.67,10.0,0.03,0.03,2351.207577,1776374385000
1776374387.49,287.49,0.36,0.43,0.35,10.0,0.37,10.0,0.38,10.0,0.64,10.0,0.63,10.0,0.67,9.19,0.68,10.0,0.01,0.03,2351.145424,1776374386000
1776374388.487,288.487,0.22,30.0,0.21,123.28,0.23,9.0,0.24,16.0,0.63,10.0,0.62,10.0,0.64,0.43,0.65,10.0,0.01,0.01,2351.135488,1776374387000
1776374388.687,288.687,0.22,7.5,0.21,123.28,0.23,9.0,0.24,16.0,0.77,9.0,0.76,16.0,0.78,30.0,0.79,123.28,0.01,0.01,2351.135488,1776374387000
1776374389.182,289.182,0.21,115.68,0.2,35.0,0.22,16.0,0.23,9.0,0.77,9.0,0.76,16.0,0.78,7.5,0.79,123.28,0.01,0.01,2351.135488,1776374387000
1776374390.544,290.544,0.21,110.68,0.2,35.0,0.22,16.0,0.23,9.0,0.78,16.0,0.77,9.0,0.79,115.68,0.8,35.0,0.01,0.01,2351.095254,1776374389000
1776374391.025,291.025,0.21,50.68,0.2,35.0,0.22,5.45,0.23,9.0,0.78,16.0,0.77,9.0,0.79,110.68,0.8,35.0,0.01,0.01,2351.095254,1776374389000
1776374391.44,291.44,0.2,35.0,0.19,25.0,0.21,6.0,0.22,5.45,0.78,5.45,0.77,9.0,0.79,25.68,0.8,35.0,0.01,0.01,2351.07019,1776374390000
1776374392.281,292.281,0.18,5.61,0.17,75.0,0.2,10.0,0.21,6.0,0.79,6.0,0.78,5.45,0.8,35.0,0.81,25.0,0.02,0.01,2351.018102,1776374391000
1776374393.069,293.069,0.18,5.61,0.17,25.0,0.19,9.13,0.2,10.0,0.8,10.0,0.79,6.0,0.82,5.61,0.83,75.0,0.01,0.02,2351.018102,1776374391000
1776374393.751,293.751,0.17,25.0,0.16,70.0,0.19,26.13,0.2,150.0,0.81,9.13,0.8,10.0,0.82,5.61,0.83,25.0,0.02,0.01,2351.018771,1776374392000
1776374394.528,294.528,0.15,5.18,0.14,50.0,0.16,10.0,0.17,10.0,0.82,2.77,0.81,86.13,0.84,63.95,0.85,7.0,0.01,0.02,2351.017069,1776374393000
1776374394.927,294.927,0.15,3.06,0.13,50.0,0.16,10.0,0.17,10.0,0.84,10.0,0.83,10.0,0.85,5.18,0.86,50.0,0.01,0.01,2351.017069,1776374393000
1776374395.21,295.21,0.15,1.88,0.12,170.0,0.16,250.0,0.17,27.0,0.84,10.0,0.83,10.0,0.85,3.06,0.87,50.0,0.01,0.01,2351.017069,1776374393000
1776374395.532,295.532,0.09,61.0,0.08,62.0,0.1,20.0,0.11,199.0,0.85,15.76,0.84,240.0,0.88,125.0,0.89,85.0,0.01,0.03,2351.016972,1776374394000
1776374395.778,295.778,0.06,59.35,0.05,190.0,0.09,86.0,0.1,40.0,0.9,111.0,0.89,118.0,0.92,51.35,0.93,39.0,0.03,0.02,2351.016972,1776374394000
1776374396.28,296.28,0.05,190.0,0.04,45.0,0.06,33.41,0.07,61.0,0.91,86.0,0.9,40.0,0.94,59.35,0.95,190.0,0.01,0.03,2351.016972,1776374394000
1776374396.49,296.49,0.05,137.77,0.04,45.0,0.06,45.0,0.07,19.0,0.94,40.0,0.93,19.0,0.95,188.94,0.96,45.0,0.01,0.01,2350.946405,1776374395000
1776374396.775,296.775,0.05,22.13,0.04,45.0,0.06,57.0,0.07,121.0,0.94,45.0,0.93,19.0,0.95,137.77,0.96,45.0,0.01,0.01,2350.946405,1776374395000
1776374396.975,296.975,0.05,1.28,0.04,45.0,0.06,81.0,0.07,121.0,0.94,81.0,0.93,121.0,0.95,1.28,0.96,45.0,0.01,0.01,2350.946405,1776374395000
1776374397.371,297.371,0.03,34.47,0.02,258.0,0.04,45.0,0.05,80.0,0.94,81.0,0.93,121.0,0.97,145.69,0.98,258.0,0.01,0.03,2350.946405,1776374395000
1776374397.607,297.607,0.01,600.18,,,0.03,10.0,0.04,115.0,0.97,10.0,0.96,115.0,0.99,606.18,,,0.02,0.02,2350.940355,1776374396000
1776374398.273,298.273,,,,,0.01,833.4,0.02,30.0,0.97,144.0,0.96,115.0,,,,,,,2350.899195,1776374397000
1776374398.499,298.499,,,,,0.01,940.95,0.02,35.0,0.99,785.95,0.98,35.0,,,,,,,2350.899195,1776374397000
1776374398.921,298.921,,,,,0.01,4040.98,0.02,35.0,0.99,940.95,0.98,35.0,,,,,,,2350.899195,1776374397000
1776374399.879,299.879,,,,,0.01,37753.12,0.02,23.0,0.99,4557.68,0.98,53.0,,,,,,,2350.881558,1776374398000
1776374400.931,300.931,,,,,0.01,57467.57,0.02,18.0,0.99,37753.12,0.98,23.0,,,,,,,2350.879018,1776374399000

# RESULT,winner=Down,slug=eth-updown-5m-1776374100,ticks=364
