timestamp,elapsed_sec,up_bid_p1,up_bid_s1,up_bid_p2,up_bid_s2,up_ask_p1,up_ask_s1,up_ask_p2,up_ask_s2,down_bid_p1,down_bid_s1,down_bid_p2,down_bid_s2,down_ask_p1,down_ask_s1,down_ask_p2,down_ask_s2,up_spread,down_spread,eth_price,eth_oracle_ts
1776283800.774,0.774,0.52,7.61,0.51,121.29,0.53,53.28,0.6,38.0,0.47,53.28,0.4,38.0,0.48,20.0,0.49,121.29,0.01,0.01,2365.702867,1776283799000
1776283802.216,2.216,0.52,22.61,0.51,126.66,0.53,17.46,0.54,18.0,0.47,5.28,0.4,38.0,0.48,7.61,0.49,121.29,0.01,0.01,2365.636306,1776283800000
1776283802.523,2.523,0.52,27.61,0.51,121.66,0.53,11.89,0.54,26.0,0.47,17.46,0.46,18.0,0.48,22.61,0.49,126.66,0.01,0.01,2365.636306,1776283800000
1776283803.242,3.242,0.52,42.17,0.51,147.66,0.54,21.29,0.55,28.0,0.47,11.89,0.46,26.0,0.48,16.17,0.49,121.66,0.02,0.01,2365.600928,1776283801000
1776283803.541,3.541,0.53,101.38,0.52,42.17,0.54,15.73,0.55,28.0,0.46,21.29,0.45,28.0,0.47,96.38,0.48,42.17,0.01,0.01,2365.600928,1776283801000
1776283803.782,3.782,0.53,100.12,0.52,42.17,0.54,15.73,0.55,28.0,0.46,15.73,0.45,28.0,0.47,101.38,0.48,42.17,0.01,0.01,2365.660929,1776283802000
1776283806.401,6.401,0.54,133.8,0.53,95.12,0.55,38.0,0.56,78.0,0.45,28.0,0.44,78.0,0.46,133.8,0.47,100.12,0.01,0.01,2365.751349,1776283804000
1776283807.037,7.037,0.54,133.8,0.53,5.0,0.55,34.89,0.56,78.0,0.45,38.0,0.44,78.0,0.46,133.8,0.47,95.12,0.01,0.01,2365.773645,1776283805000
1776283807.342,7.342,0.55,61.85,0.54,138.8,0.56,78.0,0.57,15.0,0.45,33.0,0.44,78.0,0.46,138.8,0.47,5.0,0.01,0.01,2365.773645,1776283805000
1776283807.656,7.656,0.55,56.85,0.54,133.8,0.56,89.0,0.57,38.0,0.44,78.0,0.43,15.0,0.45,61.85,0.46,138.8,0.01,0.01,2365.727194,1776283806000
1776283808.806,8.806,0.55,51.85,0.54,133.8,0.56,118.5,0.57,39.0,0.44,89.0,0.43,38.0,0.45,56.85,0.46,133.8,0.01,0.01,2365.752365,1776283807000
1776283809.006,9.006,0.54,108.22,0.52,16.17,0.56,384.5,0.57,39.0,0.44,384.5,0.43,39.0,0.45,24.42,0.46,133.8,0.02,0.01,2365.752365,1776283807000
1776283809.299,9.299,0.51,35.1,0.5,21.9,0.52,251.5,0.53,15.0,0.48,21.0,0.47,15.0,0.49,65.1,0.5,21.9,0.01,0.01,2365.752205,1776283808000
1776283809.65,9.65,0.48,15.3,0.47,20.0,0.51,39.9,0.52,216.0,0.49,14.9,0.48,246.0,0.5,12.72,0.52,16.14,0.03,0.01,2365.752205,1776283808000
1776283810.181,10.181,0.43,10.0,0.42,10.0,0.49,251.0,0.5,131.75,0.5,49.25,0.49,29.9,0.52,25.3,0.53,78.0,0.06,0.02,2365.752205,1776283808000
1776283810.696,10.696,0.42,74.41,0.41,76.0,0.44,45.0,0.45,31.0,0.56,20.0,0.55,15.0,0.57,3.39,0.58,20.5,0.02,0.01,2365.752205,1776283808000
1776283811.228,11.228,0.42,74.41,0.41,75.0,0.43,57.0,0.44,237.0,0.56,45.0,0.55,31.0,0.58,74.41,0.59,76.0,0.01,0.02,2365.537347,1776283809000
1776283812.072,12.072,0.42,247.18,0.41,75.0,0.43,27.0,0.44,42.0,0.57,57.0,0.56,237.0,0.58,72.68,0.59,75.0,0.01,0.01,2365.088968,1776283810000
1776283814.263,14.263,0.4,282.26,0.39,58.99,0.43,25.0,0.44,263.0,0.57,27.0,0.56,42.0,0.58,247.18,0.59,75.0,0.03,0.01,2364.964787,1776283812000
1776283814.813,14.813,0.41,20.5,0.4,287.26,0.43,40.0,0.44,273.0,0.57,25.0,0.56,263.0,0.6,282.26,0.61,58.99,0.02,0.03,2364.941749,1776283813000
1776283815.28,15.28,0.41,15.29,0.4,199.26,0.42,15.0,0.43,56.0,0.57,40.0,0.56,273.0,0.59,20.5,0.6,287.26,0.01,0.02,2364.941749,1776283813000
1776283815.787,15.787,0.41,6.33,0.4,232.75,0.42,20.0,0.43,41.0,0.58,10.0,0.57,56.0,0.59,15.2,0.6,257.26,0.01,0.01,2364.928158,1776283814000
1776283819.632,19.632,0.42,6.0,0.41,504.82,0.46,6.0,0.47,65.0,0.58,20.0,0.57,41.0,0.59,6.33,0.6,232.75,0.04,0.01,2364.90929,1776283818000
1776283821.847,21.847,0.46,292.55,0.45,136.99,0.47,66.0,0.48,128.5,0.54,6.0,0.53,65.0,0.58,6.0,0.59,504.82,0.01,0.04,2364.965159,1776283820000
1776283822.3,22.3,0.46,289.34,0.45,141.99,0.47,6.0,0.48,128.5,0.53,66.0,0.52,128.5,0.54,292.55,0.55,136.99,0.01,0.01,2365.072205,1776283821000
1776283823.436,23.436,0.46,274.34,0.45,141.99,0.47,13.78,0.48,133.5,0.53,6.0,0.52,128.5,0.54,289.34,0.55,141.99,0.01,0.01,2365.173947,1776283822000
1776283823.964,23.964,0.46,275.08,0.45,141.99,0.47,3.78,0.48,128.5,0.53,13.78,0.52,133.5,0.54,274.34,0.55,141.99,0.01,0.01,2365.173947,1776283822000
1776283824.817,24.817,0.46,80.08,0.45,285.0,0.47,131.03,0.48,80.5,0.53,3.78,0.52,128.5,0.54,275.08,0.55,141.99,0.01,0.01,2365.218855,1776283823000
1776283825.408,25.408,0.46,85.08,0.45,275.0,0.49,90.98,0.5,65.0,0.53,131.03,0.52,80.5,0.54,80.08,0.55,285.0,0.03,0.01,2365.218855,1776283823000
1776283828.251,28.251,0.48,295.0,0.47,110.0,0.49,16.5,0.5,83.5,0.51,90.98,0.5,65.0,0.54,85.08,0.55,275.0,0.01,0.03,2365.262392,1776283827000
1776283828.973,28.973,0.5,55.0,0.49,25.0,0.51,29.79,0.52,10.0,0.51,16.5,0.5,83.5,0.52,295.0,0.53,110.0,0.01,0.01,2365.305525,1776283828000
1776283829.503,29.503,0.5,303.0,0.49,205.99,0.52,8.72,0.53,22.0,0.49,29.79,0.48,68.0,0.5,48.0,0.51,25.0,0.02,0.01,2365.305525,1776283828000
1776283830.892,30.892,0.51,475.1,0.5,113.0,0.52,18.72,0.53,85.0,0.48,8.72,0.47,22.0,0.5,303.0,0.51,205.99,0.01,0.02,2365.328181,1776283829000
1776283831.145,31.145,0.51,480.1,0.5,108.0,0.52,24.96,0.53,78.0,0.48,18.72,0.47,85.0,0.49,475.1,0.5,113.0,0.01,0.01,2365.420598,1776283830000
1776283832.204,32.204,0.51,475.1,0.5,108.0,0.52,24.96,0.53,78.0,0.48,24.96,0.47,78.0,0.49,480.1,0.5,108.0,0.01,0.01,2365.481736,1776283831000
1776283832.584,32.584,0.51,465.1,0.5,108.0,0.52,23.29,0.53,78.0,0.48,24.96,0.47,78.0,0.49,475.1,0.5,108.0,0.01,0.01,2365.481736,1776283831000
1776283834.588,34.588,0.51,470.97,0.5,93.0,0.52,28.29,0.53,128.0,0.48,23.29,0.47,78.0,0.49,465.1,0.5,108.0,0.01,0.01,2365.527049,1776283833000
1776283835.059,35.059,0.51,179.03,0.5,80.5,0.52,18.58,0.53,268.5,0.48,23.58,0.47,78.0,0.49,129.03,0.5,98.0,0.01,0.01,2365.527049,1776283833000
1776283835.327,35.327,0.51,174.03,0.5,75.5,0.52,27.22,0.53,318.5,0.48,18.58,0.47,268.5,0.49,179.03,0.5,80.5,0.01,0.01,2365.513334,1776283834000
1776283835.806,35.806,0.51,103.98,0.48,50.0,0.52,154.22,0.53,91.5,0.48,37.22,0.47,318.5,0.49,171.98,0.5,75.5,0.01,0.01,2365.513334,1776283834000
1776283837.493,37.493,0.4,50.0,0.39,50.0,0.47,535.5,0.48,102.5,0.48,154.22,0.47,91.5,0.52,50.0,0.53,80.0,0.07,0.04,2365.517986,1776283836000
1776283837.836,37.836,0.4,53.9,0.39,128.5,0.41,44.06,0.42,210.5,0.59,20.0,0.58,30.5,0.6,43.9,0.61,128.5,0.01,0.01,2365.517986,1776283836000
1776283838.257,38.257,0.4,3.0,0.39,128.5,0.41,116.06,0.42,260.5,0.59,31.06,0.58,210.5,0.6,53.9,0.61,128.5,0.01,0.01,2365.320033,1776283837000
1776283839.399,39.399,0.38,5.0,0.37,60.0,0.39,79.5,0.4,85.5,0.59,116.06,0.58,260.5,0.6,1.33,0.61,118.0,0.01,0.01,2365.098172,1776283838000
1776283839.887,39.887,0.35,20.0,0.34,163.5,0.36,115.8,0.37,30.5,0.61,56.5,0.6,80.5,0.63,36.49,0.64,166.5,0.01,0.02,2365.098172,1776283838000
1776283841.942,41.942,0.35,136.68,0.34,75.5,0.36,35.0,0.37,240.0,0.64,115.8,0.63,30.5,0.65,20.0,0.66,163.5,0.01,0.01,2364.581241,1776283841000
1776283842.929,42.929,0.35,357.5,0.34,124.5,0.38,55.0,0.39,65.5,0.64,35.0,0.63,240.0,0.65,136.68,0.66,75.5,0.03,0.01,2364.581241,1776283841000
1776283845.429,45.429,0.37,27.92,0.36,133.0,0.38,275.5,0.39,128.5,0.62,55.0,0.61,65.5,0.65,357.5,0.66,124.5,0.01,0.03,2364.42511,1776283843000
1776283846.268,46.268,0.36,65.0,0.35,90.5,0.38,358.5,0.39,119.98,0.62,275.5,0.61,128.5,0.63,27.92,0.64,133.0,0.02,0.01,2364.494729,1776283844000
1776283849.313,49.313,0.33,1.76,0.32,10.0,0.34,31.5,0.35,36.5,0.62,358.5,0.61,119.98,0.64,65.0,0.65,90.5,0.01,0.02,2364.493441,1776283848000
1776283849.579,49.579,0.32,0.59,0.31,25.5,0.33,70.5,0.34,138.5,0.67,15.5,0.66,35.5,0.68,5.9,0.69,15.0,0.01,0.01,2364.493441,1776283848000
1776283850.451,50.451,0.3,1.85,0.29,20.0,0.32,26.0,0.33,375.5,0.67,65.5,0.66,318.5,0.68,0.59,0.69,15.0,0.02,0.01,2364.435187,1776283849000
1776283850.652,50.652,0.3,0.27,0.29,30.5,0.31,16.0,0.32,48.0,0.68,26.0,0.67,375.5,0.7,1.85,0.71,20.0,0.01,0.02,2364.435187,1776283849000
1776283851.624,51.624,0.3,341.77,0.29,75.5,0.31,36.49,0.32,6.0,0.69,16.0,0.68,48.0,0.7,0.27,0.71,30.5,0.01,0.01,2364.435187,1776283849000
1776283852.088,52.088,0.33,5.0,0.32,10.0,0.34,16.0,0.35,303.0,0.69,36.49,0.68,6.0,0.7,341.77,0.71,75.5,0.01,0.01,2364.315724,1776283850000
1776283852.747,52.747,0.3,10.0,0.27,75.99,0.34,416.34,0.35,129.0,0.66,186.84,0.65,118.0,0.67,5.0,0.68,15.0,0.04,0.01,2364.107024,1776283851000
1776283854.46,54.46,0.28,15.0,0.27,15.0,0.31,609.5,0.32,255.71,0.66,416.34,0.65,129.0,0.7,10.0,0.73,75.99,0.03,0.04,2364.11156,1776283853000
1776283854.888,54.888,0.28,15.0,0.27,15.0,0.29,241.89,0.3,167.5,0.69,609.5,0.68,255.71,0.72,15.0,0.73,15.0,0.01,0.03,2364.11156,1776283853000
1776283855.193,55.193,0.28,18.61,0.27,68.0,0.29,424.89,0.3,157.5,0.71,241.89,0.7,167.5,0.72,15.0,0.73,15.0,0.01,0.01,2363.891627,1776283854000
1776283856.646,56.646,0.27,15.0,0.26,87.0,0.29,499.89,0.3,286.5,0.71,479.89,0.7,222.5,0.72,3.61,0.73,63.0,0.02,0.01,2363.775475,1776283855000
1776283857.297,57.297,0.27,4.0,0.26,87.0,0.28,460.5,0.29,220.89,0.72,50.0,0.71,499.89,0.73,5.0,0.74,87.0,0.01,0.01,2363.775475,1776283855000
1776283858.094,58.094,0.26,24.0,0.25,73.0,0.27,472.5,0.28,223.5,0.73,7.0,0.72,460.5,0.74,87.0,0.75,170.5,0.01,0.01,2363.745934,1776283857000
1776283858.367,58.367,0.26,7.0,0.25,133.5,0.27,457.0,0.28,223.5,0.73,472.5,0.72,223.5,0.74,24.0,0.75,73.0,0.01,0.01,2363.745934,1776283857000
1776283860.391,60.391,0.25,14.93,0.24,133.5,0.26,468.0,0.27,198.5,0.73,457.0,0.72,223.5,0.74,7.0,0.75,133.5,0.01,0.01,2363.687123,1776283859000
1776283860.627,60.627,0.25,10.0,0.24,133.5,0.26,468.0,0.27,198.5,0.74,468.0,0.73,198.5,0.75,14.93,0.76,133.5,0.01,0.01,2363.687123,1776283859000
1776283861.011,61.011,0.25,5.0,0.24,128.5,0.26,440.0,0.27,198.5,0.74,468.0,0.73,198.5,0.75,10.0,0.76,133.5,0.01,0.01,2363.687123,1776283859000
1776283861.505,61.505,0.25,60.5,0.24,308.5,0.26,215.0,0.27,188.0,0.74,440.0,0.73,198.5,0.75,5.0,0.76,128.5,0.01,0.01,2363.656235,1776283860000
1776283861.713,61.713,0.25,131.31,0.24,250.5,0.26,215.0,0.27,183.0,0.74,215.0,0.73,188.0,0.75,60.5,0.76,308.5,0.01,0.01,2363.656235,1776283860000
1776283862.036,62.036,0.25,432.31,0.24,251.5,0.26,42.0,0.29,150.0,0.74,215.0,0.73,183.0,0.75,131.31,0.76,250.5,0.01,0.01,2363.656235,1776283860000
1776283862.925,62.925,0.28,93.61,0.27,470.5,0.29,160.0,0.3,248.67,0.71,150.0,0.7,165.0,0.75,497.31,0.76,251.5,0.01,0.04,2363.642071,1776283861000
1776283863.882,63.882,0.29,463.5,0.28,255.1,0.31,35.19,0.32,170.5,0.71,160.0,0.7,248.67,0.72,93.61,0.73,470.5,0.02,0.01,2363.690866,1776283862000
1776283864.181,64.181,0.3,133.71,0.29,453.5,0.31,35.19,0.32,160.0,0.69,40.19,0.68,160.0,0.7,136.21,0.71,458.5,0.01,0.01,2363.823295,1776283863000
1776283864.626,64.626,0.3,256.8,0.29,231.5,0.31,45.19,0.32,181.5,0.69,35.19,0.68,160.0,0.7,111.68,0.71,453.5,0.01,0.01,2363.823295,1776283863000
1776283864.861,64.861,0.3,271.8,0.29,131.5,0.31,39.88,0.32,110.0,0.69,45.19,0.68,181.5,0.7,256.8,0.71,231.5,0.01,0.01,2363.823295,1776283863000
1776283867.188,67.188,0.3,285.87,0.29,165.5,0.31,113.09,0.32,10.0,0.69,39.88,0.68,110.0,0.7,271.8,0.71,131.5,0.01,0.01,2364.096267,1776283865000
1776283869.64,69.64,0.3,281.92,0.29,163.0,0.31,231.09,0.32,84.35,0.69,113.09,0.68,10.0,0.7,285.87,0.71,165.5,0.01,0.01,2364.11818,1776283868000
1776283872.281,72.281,0.3,371.02,0.29,144.0,0.31,0.09,0.33,16.0,0.69,231.09,0.68,84.35,0.7,281.92,0.71,163.0,0.01,0.01,2364.172269,1776283871000
1776283872.585,72.585,0.3,376.02,0.29,144.0,0.33,16.0,0.34,27.34,0.69,0.09,0.67,16.0,0.7,371.02,0.71,144.0,0.03,0.01,2364.172269,1776283871000
1776283877.649,77.649,0.31,348.5,0.3,106.6,0.32,0.62,0.33,21.0,0.67,16.0,0.66,27.34,0.7,376.02,0.71,144.0,0.01,0.03,2364.371148,1776283876000
1776283878.215,78.215,0.31,349.5,0.3,131.6,0.32,0.62,0.33,21.0,0.68,0.62,0.67,21.0,0.69,348.5,0.7,106.6,0.01,0.01,2364.371148,1776283876000
1776283878.456,78.456,0.31,349.5,0.3,131.6,0.33,18.57,0.34,140.34,0.68,0.62,0.67,21.0,0.69,349.5,0.7,131.6,0.02,0.01,2364.4065,1776283877000
1776283881.473,81.473,0.33,137.96,0.32,290.5,0.34,25.0,0.35,75.5,0.67,18.57,0.66,140.34,0.69,349.5,0.7,131.6,0.01,0.02,2364.470468,1776283880000
1776283881.91,81.91,0.33,83.46,0.32,348.5,0.34,25.0,0.35,75.5,0.66,25.0,0.65,75.5,0.67,137.96,0.68,290.5,0.01,0.01,2364.470468,1776283880000
1776283884.194,84.194,0.33,60.0,0.32,330.5,0.34,107.55,0.35,108.19,0.66,25.0,0.65,75.5,0.67,83.46,0.68,348.5,0.01,0.01,2364.5303,1776283882000
1776283885.048,85.048,0.33,57.76,0.32,324.5,0.34,37.55,0.35,119.19,0.66,107.55,0.65,108.19,0.67,60.0,0.68,330.5,0.01,0.01,2364.53045,1776283883000
1776283892.292,92.292,0.33,187.26,0.32,86.5,0.34,11.05,0.35,15.0,0.66,37.55,0.65,119.19,0.67,57.76,0.68,324.5,0.01,0.01,2364.313085,1776283891000
1776283893.353,93.353,0.25,122.18,0.24,84.7,0.27,64.0,0.28,61.5,0.65,5.0,0.64,25.5,0.66,5.0,0.67,170.49,0.02,0.01,2364.313085,1776283891000
1776283894.07,94.07,0.25,8.33,0.24,128.0,0.26,433.5,0.27,238.5,0.73,64.0,0.72,61.5,0.75,122.18,0.76,84.7,0.01,0.02,2364.311185,1776283892000
1776283894.437,94.437,0.24,128.0,0.23,107.3,0.26,428.5,0.27,233.5,0.74,433.5,0.73,238.5,0.75,8.33,0.76,128.0,0.02,0.01,2364.311185,1776283892000
1776283894.964,94.964,0.24,128.0,0.23,117.8,0.25,74.0,0.26,459.69,0.74,428.5,0.73,233.5,0.76,128.0,0.77,107.3,0.01,0.02,2364.61886,1776283893000
1776283896.004,96.004,0.24,128.0,0.23,107.3,0.25,63.96,0.26,484.01,0.75,74.0,0.74,459.69,0.76,128.0,0.77,117.8,0.01,0.01,2364.32071,1776283894000
1776283896.382,96.382,0.24,104.61,0.23,90.3,0.25,119.46,0.26,484.01,0.75,63.96,0.74,484.01,0.76,125.36,0.77,85.3,0.01,0.01,2364.32071,1776283894000
1776283897.034,97.034,0.22,9.83,0.21,21.0,0.24,531.5,0.25,230.46,0.75,119.46,0.74,484.01,0.76,104.61,0.77,90.3,0.02,0.01,2363.755745,1776283895000
1776283898.002,98.002,0.21,7.0,0.2,155.5,0.22,435.5,0.23,240.5,0.76,531.5,0.75,230.46,0.78,9.83,0.79,21.0,0.01,0.02,2363.75354,1776283896000
1776283899.698,99.698,0.23,156.36,0.22,267.5,0.24,126.0,0.25,232.34,0.78,435.5,0.77,240.5,0.79,7.0,0.8,155.5,0.01,0.01,2363.606925,1776283898000
1776283900.128,100.128,0.23,165.06,0.22,272.5,0.24,126.0,0.25,237.34,0.76,126.0,0.75,232.34,0.77,156.36,0.78,267.5,0.01,0.01,2363.606925,1776283898000
1776283903.338,103.338,0.23,18.05,0.22,82.0,0.24,255.5,0.25,165.61,0.76,126.0,0.75,237.34,0.77,165.06,0.78,272.5,0.01,0.01,2363.62809,1776283901000
1776283903.548,103.548,0.23,15.92,0.22,77.0,0.24,265.5,0.25,165.61,0.76,255.5,0.75,165.61,0.77,18.05,0.78,82.0,0.01,0.01,2363.64559,1776283902000
1776283904.001,104.001,0.23,20.92,0.22,135.0,0.24,250.79,0.25,165.61,0.76,265.5,0.75,165.61,0.77,15.92,0.78,77.0,0.01,0.01,2363.64559,1776283902000
1776283906.92,106.92,0.18,63.99,0.17,101.0,0.21,427.5,0.22,255.5,0.76,250.79,0.75,165.61,0.77,20.92,0.78,135.0,0.03,0.01,2363.615185,1776283905000
1776283907.221,107.221,0.18,63.99,0.17,101.0,0.19,195.78,0.2,338.0,0.79,427.5,0.78,255.5,0.82,63.99,0.83,101.0,0.01,0.03,2363.615185,1776283905000
1776283909.73,109.73,0.18,52.77,0.17,65.0,0.19,308.78,0.2,396.0,0.81,231.78,0.8,338.0,0.82,62.77,0.83,101.0,0.01,0.01,2363.398482,1776283908000
1776283910.141,110.141,0.17,73.0,0.16,282.3,0.18,306.44,0.19,307.28,0.81,308.78,0.8,396.0,0.82,52.77,0.83,65.0,0.01,0.01,2363.398482,1776283908000
1776283910.639,110.639,0.17,119.64,0.16,282.3,0.18,311.44,0.19,302.28,0.82,306.44,0.81,307.28,0.83,71.5,0.84,282.3,0.01,0.01,2363.26231,1776283909000
1776283912.303,112.303,0.17,114.51,0.16,282.3,0.18,241.0,0.19,135.28,0.82,311.44,0.81,302.28,0.83,119.64,0.84,282.3,0.01,0.01,2363.187495,1776283911000
1776283913.918,113.918,0.15,31.99,0.14,5.0,0.16,245.53,0.17,257.5,0.82,241.0,0.81,135.28,0.83,114.51,0.84,282.3,0.01,0.01,2363.16704,1776283912000
1776283914.356,114.356,0.12,34.1,0.11,94.79,0.16,687.53,0.17,281.5,0.84,245.53,0.83,257.5,0.85,31.99,0.86,5.0,0.04,0.01,2363.14372,1776283913000
1776283914.701,114.701,0.11,63.83,0.1,165.5,0.12,255.0,0.13,223.5,0.87,260.0,0.86,132.5,0.89,83.83,0.9,165.5,0.01,0.02,2363.14372,1776283913000
1776283915.151,115.151,0.1,85.0,0.09,134.0,0.11,276.0,0.12,265.16,0.88,326.66,0.87,278.5,0.89,43.83,0.9,165.5,0.01,0.01,2363.14372,1776283913000
1776283915.756,115.756,0.1,51.83,0.07,60.3,0.11,534.11,0.12,236.5,0.89,276.0,0.88,265.16,0.9,85.0,0.91,134.0,0.01,0.01,2363.073614,1776283914000
1776283916.111,116.111,0.07,49.93,0.06,63.8,0.08,156.21,0.09,249.0,0.92,141.0,0.91,140.0,0.93,54.93,0.94,121.8,0.01,0.01,2363.073614,1776283914000
1776283916.366,116.366,0.07,71.69,0.06,342.8,0.08,113.71,0.09,219.0,0.92,131.21,0.91,229.0,0.93,71.69,0.94,63.8,0.01,0.01,2363.05048,1776283915000
1776283916.869,116.869,0.07,105.21,0.06,342.8,0.08,103.71,0.09,219.0,0.92,106.21,0.91,219.0,0.93,80.79,0.94,342.8,0.01,0.01,2363.05048,1776283915000
1776283917.355,117.355,0.07,95.21,0.06,342.8,0.08,103.87,0.09,404.0,0.92,103.71,0.91,219.0,0.93,105.21,0.94,342.8,0.01,0.01,2363.05048,1776283915000
1776283917.904,117.904,0.07,65.21,0.06,397.8,0.08,108.87,0.09,404.0,0.92,103.87,0.91,404.0,0.93,95.21,0.94,342.8,0.01,0.01,2362.5401,1776283916000
1776283918.925,118.925,0.07,199.02,0.06,540.8,0.08,193.87,0.09,469.5,0.92,108.87,0.91,404.0,0.93,65.21,0.94,397.8,0.01,0.01,2361.949916,1776283917000
1776283919.375,119.375,0.07,93.56,0.06,598.8,0.08,193.87,0.09,527.5,0.92,193.87,0.91,469.5,0.93,189.02,0.94,540.8,0.01,0.01,2361.794923,1776283918000
1776283919.88,119.88,0.07,19.54,0.06,559.8,0.08,191.87,0.09,418.5,0.92,173.87,0.91,527.5,0.93,12.9,0.94,598.8,0.01,0.01,2361.794923,1776283918000
1776283920.238,120.238,0.07,6.2,0.06,509.8,0.08,196.87,0.09,418.5,0.92,191.87,0.91,418.5,0.93,19.54,0.94,559.8,0.01,0.01,2361.794923,1776283918000
1776283921.202,121.202,0.07,400.62,0.06,236.8,0.08,103.87,0.09,155.0,0.92,196.87,0.91,418.5,0.93,6.2,0.94,509.8,0.01,0.01,2361.824969,1776283919000
1776283922.677,122.677,0.07,356.62,0.06,225.8,0.08,63.06,0.09,155.0,0.92,103.87,0.91,155.0,0.93,400.62,0.94,236.8,0.01,0.01,2361.69819,1776283921000
1776283922.902,122.902,0.07,532.61,0.06,307.79,0.08,28.06,0.11,155.61,0.92,63.06,0.91,155.0,0.93,356.62,0.94,225.8,0.01,0.01,2361.69819,1776283921000
1776283923.286,123.286,0.1,260.5,0.09,140.0,0.12,58.0,0.13,255.5,0.89,145.89,0.88,223.5,0.9,15.0,0.91,20.0,0.02,0.01,2361.836592,1776283922000
1776283923.582,123.582,0.11,104.37,0.1,333.5,0.12,78.0,0.13,65.0,0.88,38.0,0.87,65.0,0.89,60.5,0.9,333.5,0.01,0.01,2361.836592,1776283922000
1776283923.807,123.807,0.11,427.37,0.1,123.5,0.12,15.0,0.14,65.5,0.88,78.0,0.87,65.0,0.89,104.37,0.9,333.5,0.01,0.01,2361.836592,1776283922000
1776283924.795,124.795,0.13,2.0,0.12,110.0,0.14,168.5,0.15,271.5,0.86,123.5,0.85,65.0,0.89,450.37,0.9,109.5,0.01,0.03,2361.87761,1776283923000
1776283925.433,125.433,0.13,294.0,0.12,108.91,0.15,80.5,0.16,133.5,0.86,168.5,0.85,271.5,0.87,2.0,0.88,110.0,0.02,0.01,2361.87761,1776283923000
1776283926.169,126.169,0.12,108.41,0.11,329.37,0.13,90.0,0.14,318.5,0.85,80.5,0.84,133.5,0.87,294.0,0.88,108.91,0.01,0.02,2362.44855,1776283924000
1776283926.946,126.946,0.13,55.0,0.12,166.91,0.14,90.5,0.15,318.5,0.87,90.0,0.86,318.5,0.88,108.41,0.89,329.37,0.01,0.01,2362.577735,1776283925000
1776283928.374,128.374,0.12,98.41,0.11,182.37,0.13,22.8,0.14,321.5,0.86,8.0,0.85,138.5,0.87,55.0,0.88,326.91,0.01,0.01,2362.646291,1776283927000
1776283930.343,130.343,0.13,53.56,0.12,88.91,0.14,154.28,0.15,371.5,0.87,22.8,0.86,321.5,0.88,98.41,0.89,182.37,0.01,0.01,2362.679685,1776283928000
1776283931.06,131.06,0.13,53.56,0.12,346.91,0.14,73.28,0.15,133.5,0.86,154.28,0.85,371.5,0.87,53.56,0.88,88.91,0.01,0.01,2362.77105,1776283929000
1776283932.152,132.152,0.11,47.0,0.1,154.5,0.12,133.0,0.13,373.5,0.86,73.28,0.85,133.5,0.87,53.56,0.88,346.91,0.01,0.01,2362.716714,1776283930000
1776283933.449,133.449,0.09,133.12,0.08,271.0,0.1,75.0,0.11,389.43,0.88,133.0,0.87,373.5,0.89,47.0,0.9,154.5,0.01,0.01,2362.70292,1776283931000
1776283934.134,134.134,0.09,122.19,0.08,271.0,0.1,38.0,0.11,294.43,0.9,75.0,0.89,389.43,0.91,133.12,0.92,271.0,0.01,0.01,2362.800265,1776283932000
1776283934.391,134.391,0.09,93.78,0.08,271.0,0.1,38.0,0.11,294.43,0.9,38.0,0.89,294.43,0.91,122.19,0.92,271.0,0.01,0.01,2362.800265,1776283932000
1776283935.649,135.649,0.09,307.42,0.08,91.0,0.1,38.0,0.11,107.52,0.9,38.0,0.89,294.43,0.91,93.78,0.92,271.0,0.01,0.01,2362.529237,1776283934000
1776283936.043,136.043,0.09,146.88,0.08,108.0,0.1,20.0,0.11,39.52,0.9,38.0,0.89,107.52,0.91,307.42,0.92,91.0,0.01,0.01,2362.529237,1776283934000
1776283936.511,136.511,0.11,82.88,0.1,327.5,0.12,135.55,0.13,55.0,0.88,34.0,0.87,76.5,0.9,84.5,0.91,354.88,0.01,0.02,2362.448436,1776283935000
1776283938.255,138.255,0.11,59.38,0.1,351.5,0.12,185.55,0.13,138.5,0.88,135.55,0.87,55.0,0.89,82.88,0.9,327.5,0.01,0.01,2362.464114,1776283936000
1776283939.41,139.41,0.11,31.31,0.1,351.5,0.12,190.55,0.13,138.5,0.88,185.55,0.87,138.5,0.89,59.38,0.9,351.5,0.01,0.01,2362.65018,1776283938000
1776283940.634,140.634,0.11,352.34,0.1,114.5,0.12,130.55,0.13,50.0,0.88,190.55,0.87,138.5,0.89,31.31,0.9,351.5,0.01,0.01,2362.65018,1776283938000
1776283942.224,142.224,0.11,289.34,0.1,172.5,0.12,40.67,0.13,113.0,0.88,130.55,0.87,50.0,0.89,352.34,0.9,114.5,0.01,0.01,2362.663375,1776283940000
1776283942.511,142.511,0.11,279.41,0.1,172.5,0.12,40.67,0.13,63.0,0.88,40.67,0.87,113.0,0.89,289.34,0.9,172.5,0.01,0.01,2362.673222,1776283941000
1776283943.347,143.347,0.11,372.41,0.1,204.5,0.12,10.0,0.14,12.0,0.88,40.67,0.87,63.0,0.89,279.41,0.9,172.5,0.01,0.01,2362.676375,1776283942000
1776283943.875,143.875,0.14,94.5,0.13,260.5,0.15,63.08,0.16,42.0,0.85,37.08,0.84,37.0,0.89,377.41,0.9,230.49,0.01,0.04,2362.676375,1776283942000
1776283945.534,145.534,0.14,8.0,0.13,60.0,0.15,385.5,0.16,195.35,0.85,63.08,0.84,42.0,0.86,94.5,0.87,260.5,0.01,0.01,2362.820807,1776283943000
1776283947.115,147.115,0.14,168.5,0.13,299.5,0.15,10.0,0.16,92.85,0.85,385.5,0.84,195.35,0.86,8.0,0.87,60.0,0.01,0.01,2363.042235,1776283945000
1776283948.135,148.135,0.13,8.0,0.11,161.5,0.14,106.5,0.15,37.5,0.85,1.0,0.84,92.85,0.86,143.5,0.87,299.5,0.01,0.01,2362.946031,1776283947000
1776283948.426,148.426,0.11,109.55,0.1,100.5,0.12,76.0,0.13,25.5,0.86,106.5,0.85,62.2,0.89,161.5,0.9,112.5,0.01,0.03,2362.946031,1776283947000
1776283948.668,148.668,0.11,134.55,0.1,100.5,0.12,115.03,0.13,80.5,0.88,52.83,0.87,30.5,0.89,109.55,0.9,100.5,0.01,0.01,2362.946031,1776283947000
1776283949.629,149.629,0.11,25.0,0.1,148.5,0.12,172.03,0.13,143.5,0.88,115.03,0.87,80.5,0.89,134.55,0.9,100.5,0.01,0.01,2363.060065,1776283948000
1776283951.176,151.176,0.11,22.75,0.09,138.0,0.12,434.26,0.13,269.34,0.88,172.03,0.87,143.5,0.89,25.0,0.9,148.5,0.01,0.01,2363.07535,1776283949000
1776283952.602,152.602,0.09,135.5,0.08,245.0,0.1,86.0,0.11,30.5,0.88,420.92,0.87,269.34,0.89,22.75,0.91,138.0,0.01,0.01,2362.861509,1776283951000
1776283953.776,153.776,0.09,345.44,0.08,65.0,0.1,70.68,0.11,10.0,0.9,86.0,0.89,30.5,0.91,135.5,0.92,245.0,0.01,0.01,2362.758791,1776283952000
1776283954.066,154.066,0.09,353.44,0.08,107.99,0.12,109.59,0.13,75.5,0.9,70.68,0.89,10.0,0.91,345.44,0.92,65.0,0.03,0.01,2362.758791,1776283952000
1776283954.837,154.837,0.1,337.16,0.09,76.22,0.11,107.14,0.12,89.09,0.88,109.59,0.87,75.5,0.91,353.44,0.92,107.99,0.01,0.03,2362.699629,1776283953000
1776283955.188,155.188,0.1,331.04,0.09,76.22,0.11,107.14,0.12,104.59,0.89,107.14,0.88,89.09,0.9,337.16,0.91,76.22,0.01,0.01,2362.699629,1776283953000
1776283956.39,156.39,0.1,103.04,0.09,289.22,0.11,76.14,0.12,128.59,0.89,107.14,0.88,104.59,0.9,331.04,0.91,76.22,0.01,0.01,2362.816109,1776283955000
1776283957.203,157.203,0.07,323.31,0.06,158.8,0.08,16.0,0.09,31.0,0.89,76.14,0.88,128.59,0.9,103.04,0.91,289.22,0.01,0.01,2362.816109,1776283955000
1776283957.677,157.677,0.07,347.03,0.06,183.8,0.08,27.8,0.09,36.0,0.92,16.0,0.91,31.0,0.93,323.31,0.94,158.8,0.01,0.01,2362.869949,1776283956000
1776283959.389,159.389,0.07,259.03,0.06,226.79,0.08,69.38,0.09,36.0,0.92,90.38,0.91,86.0,0.93,347.03,0.94,183.8,0.01,0.01,2362.581732,1776283958000
1776283959.952,159.952,0.07,415.18,0.06,276.79,0.08,52.38,0.1,142.54,0.92,69.38,0.91,36.0,0.93,254.89,0.94,226.79,0.01,0.01,2362.581732,1776283958000
1776283960.659,160.659,0.07,418.99,0.06,218.79,0.08,52.38,0.1,87.54,0.92,52.38,0.9,142.54,0.93,415.18,0.94,276.79,0.01,0.01,2362.576386,1776283959000
1776283961.015,161.015,0.08,352.99,0.07,276.72,0.09,102.49,0.1,5.54,0.92,52.38,0.9,87.54,0.93,418.99,0.94,218.79,0.01,0.01,2362.576386,1776283959000
1776283961.308,161.308,0.08,307.0,0.07,216.29,0.09,45.04,0.1,123.54,0.91,87.49,0.9,123.54,0.92,357.99,0.93,276.72,0.01,0.01,2362.576386,1776283959000
1776283961.605,161.605,0.08,501.51,0.07,210.29,0.09,159.01,0.1,5.54,0.91,45.04,0.9,123.54,0.92,307.0,0.93,216.29,0.01,0.01,2362.652204,1776283960000
1776283961.896,161.896,0.08,484.51,0.07,210.29,0.09,73.78,0.1,5.54,0.91,119.01,0.9,5.54,0.92,506.51,0.93,210.29,0.01,0.01,2362.652204,1776283960000
1776283963.148,163.148,0.09,37.61,0.08,300.99,0.1,247.23,0.11,80.5,0.91,73.78,0.9,5.54,0.92,484.51,0.93,210.29,0.01,0.01,2362.644009,1776283961000
1776283965.16,165.16,0.08,5.0,0.07,5.0,0.09,362.64,0.1,276.04,0.9,247.23,0.89,80.5,0.91,37.61,0.92,300.99,0.01,0.01,2362.900784,1776283964000
1776283966.149,166.149,0.06,200.43,0.05,303.79,0.07,229.17,0.08,102.5,0.91,362.64,0.9,96.04,0.94,295.53,0.95,355.79,0.01,0.03,2362.900784,1776283964000
1776283967.025,167.025,0.06,3.87,0.05,20.0,0.07,101.83,0.08,412.5,0.93,229.17,0.92,102.5,0.94,200.43,0.95,303.79,0.01,0.01,2362.819607,1776283965000
1776283967.34,167.34,0.05,25.26,0.04,474.79,0.06,30.0,0.07,106.83,0.93,111.83,0.92,417.5,0.95,12.36,0.96,474.79,0.01,0.02,2362.68112,1776283966000
1776283968.537,168.537,0.04,399.75,0.03,633.69,0.05,116.0,0.06,90.5,0.94,40.0,0.93,111.83,0.95,10.38,0.96,474.79,0.01,0.01,2362.486218,1776283967000
1776283968.884,168.884,0.04,376.83,0.03,633.69,0.05,111.0,0.06,90.5,0.95,111.0,0.94,90.5,0.96,380.86,0.97,633.69,0.01,0.01,2362.486218,1776283967000
1776283970.068,170.068,0.03,760.47,0.02,905.7,0.05,121.0,0.06,100.5,0.95,111.0,0.94,90.5,0.96,376.83,0.97,633.69,0.02,0.01,2362.264315,1776283969000
1776283971.207,171.207,0.03,794.41,0.02,1005.7,0.04,150.0,0.05,116.0,0.96,150.0,0.95,116.0,0.97,767.4,0.98,705.7,0.01,0.01,2362.238495,1776283970000
1776283976.611,176.611,0.03,840.41,0.02,1600.7,0.04,89.13,0.05,175.0,0.96,150.0,0.95,116.0,0.97,794.41,0.98,1005.7,0.01,0.01,2362.102557,1776283975000
1776283978.008,178.008,0.03,790.41,0.02,1400.7,0.04,84.13,0.05,180.0,0.96,89.13,0.95,175.0,0.97,840.41,0.98,1600.7,0.01,0.01,2362.139685,1776283976000
1776283978.54,178.54,0.03,790.41,0.02,1400.7,0.04,84.13,0.05,180.0,0.96,84.13,0.95,180.0,0.97,790.41,0.98,1400.7,0.01,0.01,2362.228069,1776283977000
1776283979.104,179.104,0.03,780.41,0.02,1400.7,0.04,84.13,0.05,180.0,0.96,84.13,0.95,180.0,0.97,790.41,0.98,1400.7,0.01,0.01,2362.228069,1776283977000
1776283979.826,179.826,0.03,771.41,0.02,1400.7,0.04,84.13,0.05,190.5,0.96,84.13,0.95,180.0,0.97,770.41,0.98,1400.7,0.01,0.01,2362.154,1776283978000
1776283980.051,180.051,0.03,758.41,0.02,1400.7,0.04,84.13,0.05,190.5,0.96,84.13,0.95,190.5,0.97,762.41,0.98,1400.7,0.01,0.01,2362.154,1776283978000
1776283980.393,180.393,0.03,679.26,0.02,1311.7,0.04,84.13,0.05,175.0,0.96,84.13,0.95,190.5,0.97,758.41,0.98,1400.7,0.01,0.01,2362.147255,1776283979000
1776283980.703,180.703,0.03,724.25,0.02,1311.7,0.04,84.13,0.05,170.0,0.96,84.13,0.95,170.0,0.97,724.25,0.98,1311.7,0.01,0.01,2362.147255,1776283979000
1776283980.935,180.935,0.03,715.09,0.02,1311.7,0.04,84.13,0.05,170.0,0.96,84.13,0.95,170.0,0.97,715.25,0.98,1311.7,0.01,0.01,2362.147255,1776283979000
1776283981.536,181.536,0.03,612.1,0.02,1337.69,0.04,84.13,0.05,170.0,0.96,84.13,0.95,170.0,0.97,666.1,0.98,1337.69,0.01,0.01,2362.16473,1776283980000
1776283981.914,181.914,0.04,294.0,0.03,547.09,0.05,115.0,0.06,120.0,0.96,84.13,0.95,170.0,0.97,612.1,0.98,1337.69,0.01,0.01,2362.16473,1776283980000
1776283982.583,182.583,0.04,521.64,0.03,521.1,0.05,120.0,0.06,125.0,0.95,120.0,0.94,125.0,0.96,378.75,0.97,521.1,0.01,0.01,2362.162882,1776283981000
1776283982.808,182.808,0.04,507.83,0.03,521.1,0.05,120.0,0.06,125.0,0.95,120.0,0.94,125.0,0.96,493.04,0.97,547.09,0.01,0.01,2362.162882,1776283981000
1776283983.107,183.107,0.04,439.96,0.03,847.09,0.05,120.0,0.06,125.0,0.95,120.0,0.94,125.0,0.96,454.96,0.97,521.1,0.01,0.01,2362.162882,1776283981000
1776283983.731,183.731,0.04,259.96,0.03,823.09,0.05,135.0,0.06,190.5,0.95,120.0,0.94,125.0,0.96,439.96,0.97,847.09,0.01,0.01,2362.254445,1776283982000
1776283984.404,184.404,0.04,199.96,0.03,807.09,0.05,135.0,0.06,215.5,0.95,135.0,0.94,190.5,0.96,259.96,0.97,823.09,0.01,0.01,2362.401251,1776283983000
1776283985.279,185.279,0.04,394.95,0.03,855.09,0.05,100.0,0.06,120.0,0.95,130.0,0.94,215.5,0.96,195.96,0.97,807.09,0.01,0.01,2362.516145,1776283984000
1776283987.077,187.077,0.04,41.21,0.03,863.44,0.05,192.5,0.06,485.5,0.95,100.0,0.94,120.0,0.96,394.95,0.97,855.09,0.01,0.01,2362.42302,1776283985000
1776283987.87,187.87,0.03,166.74,0.02,677.69,0.04,297.5,0.05,428.5,0.95,192.5,0.94,485.5,0.96,41.21,0.97,863.44,0.01,0.01,2362.465986,1776283986000
1776283989.5,189.5,0.03,124.77,0.02,413.7,0.04,573.5,0.05,190.5,0.96,271.5,0.95,454.5,0.97,150.77,0.98,651.7,0.01,0.01,2362.605943,1776283987000
1776283989.735,189.735,0.03,104.45,0.02,230.0,0.04,507.5,0.05,274.5,0.96,507.5,0.95,274.5,0.97,114.45,0.98,230.0,0.01,0.01,2362.398529,1776283988000
1776283990.121,190.121,0.03,83.45,0.02,230.0,0.04,524.5,0.05,274.5,0.96,534.5,0.95,244.5,0.97,88.45,0.98,230.0,0.01,0.01,2362.398529,1776283988000
1776283991.493,191.493,0.03,50.45,0.02,236.0,0.04,472.5,0.05,328.3,0.96,524.5,0.95,274.5,0.97,83.45,0.98,230.0,0.01,0.01,2362.03062,1776283990000
1776283993.395,193.395,0.03,48.38,0.02,236.0,0.04,504.5,0.05,288.3,0.96,472.5,0.95,328.3,0.97,50.45,0.98,236.0,0.01,0.01,2361.669351,1776283992000
1776283993.718,193.718,0.03,26.38,0.02,236.0,0.04,477.5,0.05,318.3,0.96,504.5,0.95,288.3,0.97,48.38,0.98,236.0,0.01,0.01,2361.669351,1776283992000
1776283994.529,194.529,0.03,0.38,0.02,230.0,0.04,612.2,0.05,318.3,0.96,477.5,0.95,318.3,0.97,26.38,0.98,236.0,0.01,0.01,2361.669351,1776283992000
1776283995.776,195.776,0.02,207.37,0.01,2195.0,0.04,649.2,0.05,258.3,0.96,612.2,0.95,318.3,0.97,0.38,0.98,230.0,0.02,0.01,2361.50582,1776283994000
1776283996.237,196.237,0.02,187.37,0.01,2237.0,0.03,799.2,0.04,393.2,0.96,649.2,0.95,258.3,0.98,207.37,0.99,2195.0,0.01,0.02,2361.50582,1776283994000
1776283996.454,196.454,0.01,2243.0,,,0.03,832.2,0.04,381.2,0.97,824.2,0.96,381.2,0.98,87.37,0.99,2237.0,0.02,0.01,2361.50582,1776283994000
1776283997.068,197.068,0.01,2233.0,,,0.02,513.5,0.03,594.2,0.98,283.5,0.97,805.2,0.99,2136.0,,,0.01,0.01,2361.502665,1776283995000
1776283998.65,198.65,0.01,2231.98,,,0.02,692.4,0.03,594.2,0.98,697.2,0.97,594.2,0.99,2236.98,,,0.01,0.01,2360.711103,1776283997000
1776284001.42,201.42,0.01,1935.98,,,0.02,595.39,0.03,381.2,0.98,692.4,0.97,594.2,0.99,2231.98,,,0.01,0.01,2360.476745,1776283999000
1776284001.717,201.717,0.01,1923.98,,,0.02,689.39,0.03,375.2,0.98,595.39,0.97,381.2,0.99,1935.98,,,0.01,0.01,2360.454872,1776284000000
1776284002.347,202.347,0.01,1469.98,,,0.02,180.19,0.03,519.2,0.98,566.89,0.97,375.2,0.99,1413.98,,,0.01,0.01,2360.471174,1776284001000
1776284002.868,202.868,0.01,1399.98,,,0.02,75.19,0.03,419.2,0.98,180.19,0.97,519.2,0.99,1469.98,,,0.01,0.01,2360.471174,1776284001000
1776284003.784,203.784,0.01,1753.56,,,0.02,75.19,0.03,289.5,0.98,75.19,0.97,419.2,0.99,1398.96,,,0.01,0.01,2360.420619,1776284002000
1776284005.004,205.004,0.01,1315.44,,,0.02,314.19,0.03,269.2,0.98,75.19,0.97,289.5,0.99,1743.56,,,0.01,0.01,2360.965327,1776284004000
1776284005.581,205.581,0.01,1194.24,,,0.02,515.39,0.03,269.2,0.98,314.19,0.97,269.2,0.99,1315.44,,,0.01,0.01,2360.965327,1776284004000
1776284006.011,206.011,,,,,0.01,1224.76,0.02,510.39,0.98,515.39,0.97,269.2,0.99,1194.24,,,,0.01,2360.965327,1776284004000
1776284006.68,206.68,,,,,0.01,1046.57,0.02,487.39,0.99,1224.76,0.98,510.39,,,,,,,2361.0728,1776284005000
1776284007.306,207.306,,,,,0.01,1031.72,0.02,487.39,0.99,1046.57,0.98,487.39,,,,,,,2360.810726,1776284006000
1776284008.165,208.165,,,,,0.01,1011.72,0.02,477.39,0.99,1031.72,0.98,487.39,,,,,,,2360.810726,1776284006000
1776284008.971,208.971,,,,,0.01,991.72,0.02,293.69,0.99,1011.72,0.98,477.39,,,,,,,2360.740688,1776284007000
1776284011.148,211.148,,,,,0.01,1026.62,0.02,108.19,0.99,991.72,0.98,293.69,,,,,,,2360.746627,1776284009000
1776284012.139,212.139,,,,,0.01,1006.62,0.02,113.69,0.99,1026.62,0.98,108.19,,,,,,,2360.88789,1776284010000
1776284012.872,212.872,,,,,0.01,1045.11,0.02,293.69,0.99,1006.62,0.98,113.69,,,,,,,2361.05335,1776284011000
1776284017.473,217.473,,,,,0.01,1048.11,0.02,477.39,0.99,1045.11,0.98,293.69,,,,,,,2360.970455,1776284016000
1776284018.784,218.784,,,,,0.01,1046.09,0.02,477.39,0.99,1048.11,0.98,477.39,,,,,,,2361.069625,1776284017000
1776284020.006,220.006,,,,,0.01,1046.09,0.02,477.39,0.99,1046.09,0.98,477.39,,,,,,,2361.099434,1776284018000
1776284020.679,220.679,,,,,0.01,846.09,0.02,477.39,0.99,1046.09,0.98,477.39,,,,,,,2361.099434,1776284019000
1776284022.955,222.955,,,,,0.01,843.51,0.02,525.2,0.99,846.09,0.98,477.39,,,,,,,2360.982781,1776284021000
1776284027.079,227.079,,,,,0.01,833.51,0.02,283.5,0.99,843.51,0.98,525.2,,,,,,,2360.906587,1776284026000
1776284027.283,227.283,,,,,0.01,811.51,0.02,467.2,0.99,813.51,0.98,283.5,,,,,,,2360.906587,1776284026000
1776284027.815,227.815,,,,,0.02,82.4,0.03,313.5,0.99,811.51,0.98,467.2,,,,,,,2360.906587,1776284026000
1776284028.535,228.535,,,,,0.01,17.98,0.02,267.4,0.98,82.4,0.97,313.5,,,,,,,2360.910986,1776284027000
1776284029.114,229.114,0.01,282.02,,,0.02,87.4,0.03,313.5,0.99,17.98,0.98,267.4,,,,,0.01,,2361.038048,1776284028000
1776284030.968,230.968,0.01,395.0,,,0.02,59.4,0.03,313.5,0.98,87.4,0.97,313.5,0.99,282.02,,,0.01,0.01,2361.665892,1776284029000
1776284031.782,231.782,0.01,429.6,,,0.02,25.0,0.03,255.5,0.98,59.4,0.97,313.5,0.99,395.0,,,0.01,0.01,2361.754869,1776284030000
1776284032.673,232.673,0.01,887.88,,,0.02,15.0,0.03,30.49,0.97,13.49,0.96,363.19,0.99,888.9,,,0.01,0.02,2361.955961,1776284031000
1776284033.33,233.33,0.01,891.36,,,0.02,10.0,0.03,25.5,0.98,15.0,0.97,30.49,0.99,887.88,,,0.01,0.01,2362.004441,1776284032000
1776284033.545,233.545,0.01,876.36,,,0.02,20.19,0.03,25.5,0.98,10.0,0.97,25.5,0.99,891.36,,,0.01,0.01,2362.004441,1776284032000
1776284035.025,235.025,0.01,406.08,,,0.02,20.19,0.03,263.5,0.98,20.19,0.97,25.5,0.99,876.36,,,0.01,0.01,2362.211521,1776284033000
1776284035.757,235.757,0.01,363.6,,,0.02,25.19,0.03,313.5,0.98,20.19,0.97,263.5,0.99,406.08,,,0.01,0.01,2362.3231,1776284034000
1776284036.892,236.892,0.01,890.37,,,0.03,5.62,0.04,318.5,0.98,25.19,0.97,313.5,0.99,363.6,,,0.02,0.01,2362.30591,1776284035000
1776284037.689,237.689,0.02,193.7,0.01,761.6,0.04,21.12,0.05,268.5,0.97,5.62,0.96,318.5,0.99,890.37,,,0.02,0.02,2362.335226,1776284036000
1776284038.492,238.492,0.03,33.0,0.02,506.7,0.04,15.0,0.05,268.5,0.96,21.12,0.95,268.5,0.98,193.7,0.99,761.6,0.01,0.02,2362.31348,1776284037000
1776284039.285,239.285,0.03,235.7,0.02,511.7,0.04,15.0,0.05,73.0,0.96,5.0,0.95,268.5,0.97,33.0,0.98,501.7,0.01,0.01,2362.31348,1776284037000
1776284040.423,240.423,0.04,28.0,0.03,483.7,0.05,5.0,0.06,25.62,0.96,15.0,0.95,73.0,0.97,235.7,0.98,511.7,0.01,0.01,2362.733077,1776284039000
1776284040.835,240.835,0.05,299.88,0.04,276.8,0.06,3.87,0.07,73.0,0.94,18.12,0.93,73.0,0.95,23.88,0.96,156.99,0.01,0.01,2362.733077,1776284039000
1776284042.466,242.466,0.05,112.68,0.04,196.8,0.06,18.87,0.07,78.0,0.94,3.87,0.93,73.0,0.95,294.88,0.96,276.8,0.01,0.01,2363.04929,1776284041000
1776284043.323,243.323,0.05,162.04,0.04,196.8,0.06,13.87,0.07,78.0,0.94,18.87,0.93,78.0,0.95,112.68,0.96,196.8,0.01,0.01,2363.3646,1776284042000
1776284043.724,243.724,0.05,94.68,0.04,196.8,0.06,13.87,0.07,287.0,0.94,13.87,0.93,78.0,0.95,162.04,0.96,196.8,0.01,0.01,2363.3646,1776284042000
1776284044.482,244.482,0.03,50.56,0.02,589.69,0.05,10.0,0.06,327.87,0.94,219.87,0.93,112.0,0.95,72.74,0.96,171.8,0.02,0.01,2363.42327,1776284043000
1776284044.844,244.844,0.03,94.0,0.02,515.69,0.04,15.0,0.05,205.0,0.95,10.0,0.94,327.87,0.97,50.56,0.98,589.69,0.01,0.02,2363.42327,1776284043000
1776284045.691,245.691,0.03,342.77,0.02,523.99,0.04,131.31,0.05,257.63,0.96,15.0,0.95,205.0,0.97,94.0,0.98,515.69,0.01,0.01,2363.376185,1776284044000
1776284046.058,246.058,0.03,267.77,0.02,570.99,0.04,131.31,0.05,257.63,0.96,131.31,0.95,257.63,0.97,342.77,0.98,523.99,0.01,0.01,2363.3232,1776284045000
1776284046.3,246.3,0.03,559.77,0.02,374.99,0.04,105.31,0.05,62.63,0.96,131.31,0.95,257.63,0.97,267.77,0.98,570.99,0.01,0.01,2363.3232,1776284045000
1776284046.669,246.669,0.03,580.77,0.02,379.99,0.04,95.31,0.05,62.63,0.96,105.31,0.95,62.63,0.97,559.77,0.98,374.99,0.01,0.01,2363.3232,1776284045000
1776284046.961,246.961,0.03,721.12,0.02,617.99,0.04,55.31,0.05,300.63,0.96,105.31,0.95,62.63,0.97,320.77,0.98,617.99,0.01,0.01,2363.3232,1776284045000
1776284047.679,247.679,0.03,622.12,0.02,416.99,0.04,60.31,0.05,305.63,0.96,55.31,0.95,300.63,0.97,714.12,0.98,617.99,0.01,0.01,2363.274026,1776284046000
1776284047.985,247.985,0.03,608.12,0.02,325.99,0.04,86.31,0.05,305.63,0.96,60.31,0.95,305.63,0.97,622.12,0.98,416.99,0.01,0.01,2363.274026,1776284046000
1776284050.659,250.659,0.01,79.49,,,0.02,5.0,0.03,316.0,0.96,86.31,0.95,305.63,0.97,608.12,0.98,325.99,0.01,0.01,2363.261805,1776284049000
1776284050.863,250.863,0.01,53.5,,,0.02,40.0,0.03,374.0,0.98,5.0,0.97,316.0,0.99,79.49,,,0.01,0.01,2363.261805,1776284049000
1776284052.416,252.416,0.01,53.39,,,0.02,40.0,0.03,358.0,0.98,35.0,0.97,374.0,0.99,26.5,,,0.01,0.01,2363.055107,1776284051000
1776284053.187,253.187,,,,,0.02,93.0,0.03,423.7,0.98,40.0,0.97,358.0,0.99,53.39,,,,0.01,2363.0089,1776284052000
1776284053.461,253.461,,,,,0.02,78.0,0.03,418.7,0.98,93.0,0.97,423.7,,,,,,,2363.0089,1776284052000
1776284054.515,254.515,0.01,13.98,,,0.03,73.0,0.04,388.01,0.98,78.0,0.97,418.7,,,,,0.02,,2362.852114,1776284053000
1776284055.398,255.398,0.02,9.91,0.01,443.99,0.03,10.0,0.04,100.31,0.97,73.0,0.96,388.01,0.99,13.98,,,0.01,0.02,2362.852114,1776284053000
1776284055.688,255.688,0.02,229.85,0.01,386.99,0.03,10.0,0.04,95.31,0.97,10.0,0.96,100.31,0.98,9.91,0.99,443.99,0.01,0.01,2362.792787,1776284054000
1776284056.214,256.214,0.03,48.0,0.02,229.85,0.04,53.06,0.05,293.63,0.96,81.06,0.95,267.63,0.97,33.0,0.98,229.85,0.01,0.01,2362.91301,1776284055000
1776284056.653,256.653,0.04,88.87,0.03,224.92,0.05,72.63,0.06,58.0,0.96,53.06,0.95,293.63,0.97,44.93,0.98,229.85,0.01,0.01,2362.91301,1776284055000
1776284056.865,256.865,0.04,93.87,0.03,404.92,0.05,54.74,0.06,68.0,0.95,64.74,0.94,68.0,0.96,88.87,0.97,224.92,0.01,0.01,2362.91301,1776284055000
1776284057.135,257.135,0.04,66.66,0.03,379.92,0.05,54.64,0.06,68.0,0.95,54.64,0.94,68.0,0.96,83.66,0.97,379.92,0.01,0.01,2362.91301,1776284055000
1776284057.348,257.348,0.04,26.66,0.03,379.92,0.05,54.64,0.06,68.0,0.95,54.64,0.94,68.0,0.96,66.66,0.97,379.92,0.01,0.01,2362.91301,1776284055000
1776284057.876,257.876,0.04,61.66,0.03,379.92,0.05,59.64,0.06,73.0,0.95,54.64,0.94,68.0,0.96,26.66,0.97,379.92,0.01,0.01,2363.271645,1776284056000
1776284058.225,258.225,0.04,51.4,0.03,379.92,0.05,59.64,0.06,73.0,0.95,59.64,0.94,73.0,0.96,61.66,0.97,379.92,0.01,0.01,2363.46887,1776284057000
1776284058.653,258.653,0.04,6.0,0.03,318.92,0.05,120.8,0.06,15.0,0.95,59.64,0.94,73.0,0.96,37.45,0.97,379.92,0.01,0.01,2363.46887,1776284057000
1776284058.985,258.985,0.03,57.92,0.02,458.0,0.05,53.0,0.06,245.0,0.96,15.0,0.95,15.0,0.97,260.92,0.98,220.0,0.02,0.01,2363.46887,1776284057000
1776284059.434,259.434,0.03,14.93,0.02,483.99,0.05,6.0,0.06,245.0,0.95,53.0,0.94,245.0,0.97,57.92,0.98,458.0,0.02,0.02,2363.46887,1776284057000
1776284062.931,262.931,0.05,30.0,0.04,10.0,0.07,55.0,0.08,102.0,0.95,6.0,0.94,245.0,0.97,14.93,0.98,483.99,0.02,0.02,2363.763421,1776284061000
1776284063.646,263.646,0.05,10.0,0.04,15.0,0.06,51.0,0.07,282.0,0.93,55.0,0.92,102.0,0.95,10.0,0.96,10.0,0.01,0.02,2363.76307,1776284062000
1776284065.726,265.726,0.05,5.0,0.04,10.0,0.06,292.0,0.07,65.0,0.94,51.0,0.93,282.0,0.95,10.0,0.96,15.0,0.01,0.01,2363.88968,1776284064000
1776284066.396,266.396,0.01,193.99,,,0.04,359.0,0.05,102.1,0.95,37.1,0.94,287.0,0.96,10.0,0.97,19.93,0.03,0.01,2363.88968,1776284064000
1776284066.99,266.99,0.01,230.99,,,0.03,281.88,0.04,179.0,0.96,359.0,0.95,102.1,0.99,193.99,,,0.02,0.03,2363.947204,1776284065000
1776284067.41,267.41,0.01,199.99,,,0.03,281.88,0.04,184.0,0.97,281.88,0.96,179.0,0.99,230.99,,,0.02,0.02,2363.947204,1776284065000
1776284068.001,268.001,0.01,127.0,,,0.02,20.0,0.03,334.88,0.97,281.88,0.96,184.0,0.99,199.99,,,0.01,0.02,2363.974003,1776284066000
1776284068.276,268.276,0.01,117.0,,,0.02,15.0,0.03,334.88,0.98,20.0,0.97,334.88,0.99,127.0,,,0.01,0.01,2363.974003,1776284067000
1776284071.828,271.828,0.01,57.98,0.001,320.0,0.012,5.56,0.02,15.0,0.98,15.0,0.97,334.88,0.99,117.0,,,0.002,0.01,2363.481315,1776284070000
1776284072.289,272.289,0.01,52.93,0.001,320.0,0.012,5.56,0.02,15.0,0.988,5.56,0.98,15.0,0.99,57.98,0.999,320.0,0.002,0.002,2363.492458,1776284071000
1776284072.823,272.823,0.01,37.9,0.001,340.0,0.012,5.56,0.02,15.0,0.988,5.56,0.98,15.0,0.99,52.93,0.999,320.0,0.002,0.002,2363.492458,1776284071000
1776284073.488,273.488,0.01,36.88,0.001,340.0,0.012,5.56,0.02,5.0,0.988,5.56,0.98,15.0,0.99,37.9,0.999,340.0,0.002,0.002,2363.492458,1776284071000
1776284076.022,276.022,0.01,111.88,0.001,345.0,0.04,83.0,0.05,57.1,0.97,175.56,0.96,93.0,0.99,36.88,0.999,340.0,0.03,0.02,2363.478396,1776284074000
1776284077.849,277.849,0.02,4.87,0.01,99.88,0.03,17.0,0.04,68.0,0.97,10.0,0.96,93.0,0.98,9.87,0.99,99.88,0.01,0.01,2363.592808,1776284076000
1776284078.282,278.282,0.03,13.0,0.02,10.0,0.04,73.0,0.05,57.1,0.97,17.0,0.96,68.0,0.98,3.8,0.99,99.88,0.01,0.01,2363.592808,1776284076000
1776284078.56,278.56,0.03,3.11,0.02,10.0,0.04,104.0,0.05,57.1,0.96,73.0,0.95,57.1,0.97,13.0,0.98,10.0,0.01,0.01,2363.592808,1776284076000
1776284078.954,278.954,0.02,5.0,0.01,99.88,0.04,129.0,0.05,67.1,0.96,104.0,0.95,57.1,0.98,10.0,0.99,99.88,0.02,0.02,2363.764175,1776284077000
1776284079.353,279.353,0.01,104.88,0.005,6.0,0.03,50.0,0.04,93.0,0.96,129.0,0.95,67.1,0.98,5.0,0.99,99.88,0.02,0.02,2363.764175,1776284077000
1776284079.613,279.613,0.02,12.97,0.01,99.88,0.03,20.0,0.04,50.0,0.97,50.0,0.96,93.0,0.99,104.88,0.995,6.0,0.01,0.02,2363.725102,1776284078000
1776284080.14,280.14,0.02,2.91,0.01,99.88,0.03,25.0,0.04,113.0,0.97,20.0,0.96,50.0,0.98,8.06,0.99,99.88,0.01,0.01,2363.725102,1776284078000
1776284081.197,281.197,0.01,55.42,0.005,6.0,0.02,97.16,0.03,50.0,0.97,25.0,0.96,113.0,0.99,64.42,0.995,6.0,0.01,0.02,2363.792863,1776284079000
1776284083.925,283.925,0.003,6.0,0.001,445.0,0.01,545.0,0.02,155.16,0.98,97.16,0.97,50.0,0.99,55.42,0.995,6.0,0.007,0.01,2363.97161,1776284082000
1776284091.184,291.184,0.001,425.96,,,0.01,718.2,0.02,140.16,0.99,545.0,0.98,155.16,0.997,6.0,0.999,445.0,0.009,0.007,2363.717575,1776284089000
1776284091.885,291.885,0.001,355.88,,,0.003,49.7,0.009,24.0,0.99,718.2,0.98,140.16,0.999,390.92,,,0.002,0.009,2363.702253,1776284090000
1776284092.188,292.188,0.001,350.87,,,0.003,49.7,0.009,24.0,0.997,49.7,0.991,24.0,0.999,355.88,,,0.002,0.002,2363.702253,1776284090000
1776284092.446,292.446,0.001,582.05,,,0.003,49.7,0.009,24.0,0.997,49.7,0.991,24.0,0.999,350.87,,,0.002,0.002,2363.714441,1776284091000
1776284094.865,294.865,0.001,431.9,,,0.003,49.7,0.009,24.0,0.997,49.7,0.991,24.0,0.999,582.05,,,0.002,0.002,2363.708076,1776284093000
1776284095.357,295.357,0.001,426.9,,,0.003,49.7,0.009,24.0,0.997,49.7,0.991,24.0,0.999,431.9,,,0.002,0.002,2363.708278,1776284094000
1776284095.573,295.573,0.001,415.89,,,0.003,49.7,0.009,24.0,0.997,49.7,0.991,24.0,0.999,420.89,,,0.002,0.002,2363.708278,1776284094000
1776284095.948,295.948,0.001,410.89,,,0.003,49.7,0.009,24.0,0.997,49.7,0.991,24.0,0.999,415.89,,,0.002,0.002,2363.708278,1776284094000
1776284096.344,296.344,0.001,405.89,,,0.003,49.7,0.009,24.0,0.997,49.7,0.991,24.0,0.999,410.89,,,0.002,0.002,2363.708278,1776284094000
1776284096.606,296.606,,,,,0.001,602.12,0.003,49.7,0.997,49.7,0.991,24.0,0.999,405.89,,,,0.002,2363.69101,1776284095000

# RESULT,winner=Down,slug=eth-updown-5m-1776283800,ticks=308
