timestamp,elapsed_sec,up_bid_p1,up_bid_s1,up_bid_p2,up_bid_s2,up_ask_p1,up_ask_s1,up_ask_p2,up_ask_s2,down_bid_p1,down_bid_s1,down_bid_p2,down_bid_s2,down_ask_p1,down_ask_s1,down_ask_p2,down_ask_s2,up_spread,down_spread,eth_price,eth_oracle_ts
1776214501.256,1.256,,,,,,,,,,,,,,,,,,,2331.133771,1776214500000
1776214501.575,1.575,0.53,5.0,0.51,10.0,0.54,82.0,0.55,23.0,0.46,97.0,0.45,23.0,0.47,5.0,0.49,10.0,0.01,0.01,2331.133771,1776214500000
1776214501.897,1.897,0.48,15.0,0.47,5.0,0.49,14.0,0.5,5.0,0.46,97.0,0.45,23.0,0.47,5.0,0.49,10.0,0.01,0.01,2331.133771,1776214500000
1776214502.218,2.218,0.48,15.0,0.47,5.0,0.49,14.0,0.5,5.0,0.51,14.0,0.5,5.0,0.52,15.0,0.53,5.0,0.01,0.01,2331.166069,1776214501000
1776214502.771,2.771,0.48,20.0,0.47,17.0,0.49,4.0,0.5,5.0,0.51,14.0,0.5,5.0,0.52,15.0,0.53,5.0,0.01,0.01,2331.166069,1776214501000
1776214503.259,3.259,0.48,20.0,0.47,17.0,0.49,4.0,0.5,5.0,0.51,4.0,0.5,5.0,0.52,20.0,0.53,17.0,0.01,0.01,2331.197385,1776214502000
1776214503.844,3.844,0.48,55.61,0.47,32.0,0.51,5.0,0.52,12.0,0.51,4.0,0.5,5.0,0.52,20.0,0.53,17.0,0.03,0.01,2331.197385,1776214502000
1776214504.178,4.178,0.5,1.4,0.49,25.0,0.51,10.0,0.52,32.0,0.49,10.0,0.48,32.0,0.5,1.4,0.51,25.0,0.01,0.01,2331.089069,1776214503000
1776214505.215,5.215,0.5,1.4,0.49,25.0,0.51,10.0,0.52,32.0,0.49,10.0,0.48,32.0,0.5,1.4,0.51,25.0,0.01,0.01,2331.089227,1776214504000
1776214505.736,5.736,0.49,6.0,0.48,30.61,0.5,21.0,0.51,35.0,0.49,10.0,0.48,32.0,0.5,1.4,0.51,25.0,0.01,0.01,2331.089227,1776214504000
1776214506.013,6.013,0.48,11.61,0.47,5.0,0.5,25.0,0.51,35.0,0.5,21.0,0.49,35.0,0.51,6.0,0.52,30.61,0.02,0.01,2331.089227,1776214504000
1776214507.25,7.25,0.48,11.61,0.47,5.0,0.5,25.0,0.51,35.0,0.5,25.0,0.49,35.0,0.52,11.61,0.53,5.0,0.02,0.02,2331.094558,1776214506000
1776214507.632,7.632,0.49,19.8,0.48,46.61,0.5,6.0,0.52,6.0,0.5,15.0,0.49,20.0,0.52,26.61,0.53,21.0,0.01,0.02,2331.094558,1776214506000
1776214507.877,7.877,0.51,15.0,0.5,95.0,0.59,10.0,0.6,11.0,0.5,6.0,0.48,6.0,0.51,19.8,0.52,46.61,0.08,0.01,2331.094558,1776214506000
1776214508.226,8.226,0.53,9.43,0.52,75.0,0.6,10.86,0.61,10.0,0.4,10.86,0.39,10.0,0.47,9.43,0.48,75.0,0.07,0.07,2331.009303,1776214507000
1776214508.723,8.723,0.55,1.28,0.54,20.0,0.56,70.0,0.57,10.0,0.4,10.86,0.39,10.0,0.47,9.43,0.48,75.0,0.01,0.07,2331.009303,1776214507000
1776214509.36,9.36,0.55,1.18,0.54,10.0,0.56,85.0,0.57,15.0,0.44,85.0,0.43,15.0,0.45,1.18,0.46,10.0,0.01,0.01,2331.077856,1776214508000
1776214509.57,9.57,0.55,10.18,0.54,15.0,0.58,70.0,0.59,75.0,0.44,85.0,0.43,15.0,0.45,1.18,0.46,10.0,0.03,0.01,2331.077856,1776214508000
1776214510.244,10.244,0.57,10.0,0.56,10.0,0.58,100.0,0.59,75.0,0.42,70.0,0.41,75.0,0.45,10.18,0.46,15.0,0.01,0.03,2331.077856,1776214508000
1776214510.539,10.539,0.51,10.0,0.5,26.0,0.55,12.0,0.56,50.0,0.42,100.0,0.41,75.0,0.43,10.0,0.44,10.0,0.04,0.01,2331.539614,1776214509000
1776214511.091,11.091,0.51,5.97,0.5,31.0,0.52,35.0,0.53,10.0,0.48,10.0,0.47,10.0,0.49,14.67,0.5,36.0,0.01,0.01,2331.539614,1776214509000
1776214511.313,11.313,0.51,1.97,0.5,36.0,0.52,35.0,0.53,10.0,0.48,35.0,0.47,10.0,0.49,1.97,0.5,36.0,0.01,0.01,2331.52719,1776214510000
1776214511.601,11.601,0.51,18.97,0.5,36.0,0.52,39.24,0.53,15.0,0.48,24.24,0.47,15.0,0.49,1.97,0.5,36.0,0.01,0.01,2331.52719,1776214510000
1776214511.884,11.884,0.51,243.97,0.5,41.0,0.54,5.0,0.55,12.0,0.48,39.24,0.47,15.0,0.49,18.97,0.5,36.0,0.03,0.01,2331.522374,1776214511000
1776214512.094,12.094,0.53,20.61,0.52,70.0,0.54,4.81,0.55,7.0,0.46,4.81,0.45,7.0,0.47,13.61,0.48,25.0,0.01,0.01,2331.522374,1776214511000
1776214513.262,13.262,0.53,230.61,0.52,70.0,0.54,0.95,0.55,7.0,0.46,2.95,0.45,7.0,0.47,15.61,0.48,250.0,0.01,0.01,2331.522374,1776214511000
1776214513.845,13.845,0.53,229.36,0.52,70.0,0.54,0.95,0.55,12.0,0.46,0.95,0.45,7.0,0.47,230.61,0.48,70.0,0.01,0.01,2331.247358,1776214512000
1776214514.642,14.642,0.53,229.36,0.52,30.0,0.54,0.95,0.55,17.0,0.46,0.95,0.45,12.0,0.47,229.36,0.48,70.0,0.01,0.01,2331.277849,1776214513000
1776214515.042,15.042,0.53,229.36,0.52,30.0,0.54,0.95,0.55,17.0,0.46,0.95,0.45,17.0,0.47,229.36,0.48,30.0,0.01,0.01,2331.355715,1776214514000
1776214515.334,15.334,0.54,50.0,0.53,224.36,0.56,41.11,0.57,111.0,0.45,11.11,0.44,28.0,0.47,229.36,0.48,30.0,0.02,0.02,2331.355715,1776214514000
1776214515.847,15.847,0.55,45.0,0.54,90.0,0.56,37.68,0.57,116.0,0.44,41.11,0.43,111.0,0.46,50.0,0.47,224.36,0.01,0.02,2331.355715,1776214514000
1776214517.053,17.053,0.55,45.0,0.54,90.0,0.56,37.68,0.57,116.0,0.44,37.68,0.43,116.0,0.45,45.0,0.46,90.0,0.01,0.01,2331.390284,1776214516000
1776214517.262,17.262,0.55,245.0,0.54,90.0,0.56,27.68,0.57,116.0,0.44,37.68,0.43,116.0,0.45,45.0,0.46,90.0,0.01,0.01,2331.390284,1776214516000
1776214517.599,17.599,0.55,250.0,0.54,90.0,0.56,20.08,0.57,116.0,0.44,27.68,0.43,116.0,0.45,245.0,0.46,90.0,0.01,0.01,2331.390284,1776214516000
1776214517.905,17.905,0.55,225.0,0.54,107.0,0.57,75.0,0.58,72.0,0.44,25.08,0.43,116.0,0.45,225.0,0.46,90.0,0.02,0.01,2331.390284,1776214516000
1776214518.438,18.438,0.57,20.0,0.56,35.0,0.58,199.85,0.59,221.0,0.42,72.0,0.41,102.0,0.45,225.0,0.46,107.0,0.01,0.03,2331.410954,1776214517000
1776214519.019,19.019,0.57,20.0,0.56,35.0,0.58,199.85,0.59,221.0,0.42,199.85,0.41,221.0,0.43,20.0,0.44,35.0,0.01,0.01,2331.421791,1776214518000
1776214519.48,19.48,0.57,15.0,0.56,25.0,0.58,174.85,0.59,221.0,0.42,199.85,0.41,221.0,0.43,20.0,0.44,35.0,0.01,0.01,2331.421791,1776214518000
1776214520.024,20.024,0.57,15.0,0.56,25.0,0.58,174.85,0.59,221.0,0.42,174.85,0.41,221.0,0.43,15.0,0.44,25.0,0.01,0.01,2331.44834,1776214519000
1776214520.619,20.619,0.57,15.0,0.56,25.0,0.58,54.85,0.59,106.0,0.42,174.85,0.41,221.0,0.43,15.0,0.44,25.0,0.01,0.01,2331.44834,1776214519000
1776214520.88,20.88,0.57,15.0,0.56,25.0,0.58,48.0,0.59,106.0,0.42,54.85,0.41,106.0,0.43,15.0,0.44,25.0,0.01,0.01,2331.44834,1776214519000
1776214521.099,21.099,0.57,15.0,0.56,25.0,0.58,48.0,0.59,106.0,0.42,48.0,0.41,106.0,0.43,15.0,0.44,25.0,0.01,0.01,2331.468694,1776214520000
1776214521.693,21.693,0.57,15.0,0.56,25.0,0.58,61.0,0.59,116.0,0.42,48.0,0.41,106.0,0.43,15.0,0.44,25.0,0.01,0.01,2331.468694,1776214520000
1776214522.113,22.113,0.57,15.0,0.56,25.0,0.58,46.0,0.59,116.0,0.42,46.0,0.41,116.0,0.43,15.0,0.44,25.0,0.01,0.01,2331.492104,1776214521000
1776214523.016,23.016,0.57,15.0,0.56,25.0,0.58,46.0,0.59,116.0,0.42,46.0,0.41,116.0,0.43,15.0,0.44,25.0,0.01,0.01,2331.491748,1776214522000
1776214523.302,23.302,0.57,236.0,0.56,25.0,0.59,58.0,0.6,10.86,0.42,46.0,0.41,116.0,0.43,15.0,0.44,25.0,0.02,0.01,2331.491748,1776214522000
1776214523.639,23.639,0.58,61.0,0.57,241.0,0.59,43.5,0.6,10.86,0.41,48.5,0.4,10.86,0.42,15.0,0.43,241.0,0.01,0.01,2331.491748,1776214522000
1776214524.026,24.026,0.58,66.0,0.57,241.0,0.59,48.5,0.6,28.86,0.41,43.5,0.4,10.86,0.42,61.0,0.43,241.0,0.01,0.01,2331.491748,1776214522000
1776214524.578,24.578,0.58,58.45,0.57,236.0,0.59,58.5,0.6,28.86,0.41,48.5,0.4,28.86,0.42,66.0,0.43,241.0,0.01,0.01,2331.481514,1776214523000
1776214525.055,25.055,0.58,52.87,0.57,236.0,0.59,61.5,0.6,28.86,0.41,61.5,0.4,28.86,0.42,52.87,0.43,236.0,0.01,0.01,2331.510161,1776214524000
1776214525.825,25.825,0.57,10.0,0.56,15.0,0.59,97.5,0.6,283.86,0.41,61.5,0.4,28.86,0.42,52.87,0.43,236.0,0.02,0.01,2331.510161,1776214524000
1776214526.075,26.075,0.57,10.0,0.56,15.0,0.59,76.5,0.6,281.86,0.41,76.5,0.4,281.86,0.43,10.0,0.44,15.0,0.02,0.02,2331.662606,1776214525000
1776214526.522,26.522,0.57,9.76,0.56,15.0,0.59,71.5,0.6,273.86,0.41,76.5,0.4,281.86,0.42,4.88,0.43,10.0,0.02,0.01,2331.662606,1776214525000
1776214527.03,27.03,0.57,9.76,0.56,15.0,0.59,71.5,0.6,273.86,0.41,71.5,0.4,273.86,0.43,9.76,0.44,15.0,0.02,0.02,2331.677973,1776214526000
1776214527.257,27.257,0.57,9.76,0.56,15.0,0.59,61.5,0.6,273.86,0.41,71.5,0.4,273.86,0.43,9.76,0.44,15.0,0.02,0.02,2331.677973,1776214526000
1776214527.774,27.774,0.58,10.0,0.57,14.76,0.59,59.68,0.6,93.86,0.41,61.5,0.4,273.86,0.43,9.76,0.44,15.0,0.01,0.02,2331.677973,1776214526000
1776214528.401,28.401,0.58,27.0,0.57,14.76,0.59,16.3,0.6,93.86,0.41,26.68,0.4,93.86,0.42,27.0,0.43,14.76,0.01,0.01,2331.649505,1776214527000
1776214528.926,28.926,0.58,27.0,0.57,14.76,0.59,16.3,0.6,93.86,0.41,16.3,0.4,93.86,0.42,27.0,0.43,14.76,0.01,0.01,2331.604221,1776214528000
1776214529.706,29.706,0.58,47.0,0.57,9.76,0.59,16.3,0.6,23.86,0.41,21.3,0.4,23.86,0.42,37.0,0.43,14.76,0.01,0.01,2331.604221,1776214528000
1776214530.031,30.031,0.58,254.31,0.57,20.76,0.6,10.86,0.61,30.0,0.41,16.3,0.4,23.86,0.42,47.0,0.43,9.76,0.02,0.01,2331.638168,1776214529000
1776214530.477,30.477,0.59,269.31,0.58,67.68,0.62,5.0,0.63,10.0,0.4,5.86,0.39,30.0,0.41,62.0,0.42,259.99,0.03,0.01,2331.638168,1776214529000
1776214530.83,30.83,0.59,269.31,0.58,67.68,0.62,5.0,0.63,10.0,0.38,5.0,0.37,10.0,0.41,269.31,0.42,67.68,0.03,0.03,2331.655016,1776214530000
1776214531.128,31.128,0.63,9.91,0.62,10.0,0.64,82.0,0.65,102.0,0.36,85.0,0.35,102.0,0.39,51.0,0.4,15.0,0.01,0.03,2331.655016,1776214530000
1776214531.933,31.933,0.63,12.01,0.62,10.0,0.64,82.0,0.65,107.0,0.36,82.0,0.35,102.0,0.37,9.91,0.38,10.0,0.01,0.01,2331.655016,1776214530000
1776214532.248,32.248,0.63,12.01,0.62,10.0,0.64,82.0,0.65,107.0,0.36,82.0,0.35,107.0,0.37,12.01,0.38,10.0,0.01,0.01,2331.763251,1776214531000
1776214532.534,32.534,0.63,22.01,0.62,195.0,0.64,54.0,0.65,75.0,0.36,82.0,0.35,107.0,0.37,12.01,0.38,10.0,0.01,0.01,2331.763251,1776214531000
1776214533.104,33.104,0.63,22.01,0.62,200.0,0.65,69.29,0.66,5.0,0.35,69.29,0.34,5.0,0.37,22.01,0.38,200.0,0.02,0.02,2331.817624,1776214532000
1776214534.019,34.019,0.64,41.0,0.63,197.01,0.65,74.29,0.66,15.0,0.35,69.29,0.34,5.0,0.37,22.01,0.38,200.0,0.01,0.02,2331.817624,1776214532000
1776214534.691,34.691,0.64,36.0,0.63,197.01,0.65,64.29,0.66,15.0,0.35,74.29,0.34,15.0,0.36,41.0,0.37,197.01,0.01,0.01,2331.836992,1776214533000
1776214535.082,35.082,0.64,36.0,0.63,197.01,0.65,64.29,0.66,15.0,0.35,64.29,0.34,15.0,0.36,36.0,0.37,197.01,0.01,0.01,2332.016803,1776214534000
1776214535.84,35.84,0.64,20.0,0.63,195.0,0.65,64.29,0.66,15.0,0.35,64.29,0.34,15.0,0.36,36.0,0.37,197.01,0.01,0.01,2332.016803,1776214534000
1776214536.093,36.093,0.64,20.0,0.63,195.0,0.65,64.29,0.66,15.0,0.35,64.29,0.34,15.0,0.36,20.0,0.37,195.0,0.01,0.01,2332.101986,1776214535000
1776214537.002,37.002,0.64,20.0,0.63,195.0,0.65,64.29,0.66,15.0,0.35,64.29,0.34,15.0,0.36,20.0,0.37,195.0,0.01,0.01,2332.055972,1776214536000
1776214537.226,37.226,0.64,25.0,0.63,195.0,0.65,59.29,0.66,25.0,0.35,64.29,0.34,15.0,0.36,20.0,0.37,195.0,0.01,0.01,2332.055972,1776214536000
1776214538.45,38.45,0.64,25.0,0.63,195.0,0.65,59.29,0.66,25.0,0.35,59.29,0.34,25.0,0.36,25.0,0.37,195.0,0.01,0.01,2332.086914,1776214537000
1776214538.848,38.848,0.64,25.0,0.63,195.0,0.65,49.29,0.66,35.0,0.35,59.29,0.34,25.0,0.36,25.0,0.37,195.0,0.01,0.01,2332.086914,1776214537000
1776214540.067,40.067,0.64,25.0,0.63,195.0,0.65,49.29,0.66,35.0,0.35,49.29,0.34,35.0,0.36,25.0,0.37,195.0,0.01,0.01,2331.968947,1776214539000
1776214540.509,40.509,0.65,50.0,0.64,220.0,0.67,5.0,0.69,15.0,0.35,49.29,0.34,35.0,0.36,25.0,0.37,195.0,0.02,0.01,2331.968947,1776214539000
1776214540.883,40.883,0.68,20.0,0.67,20.0,0.69,18.4,0.7,25.0,0.31,15.0,0.3,25.0,0.34,10.0,0.35,45.0,0.01,0.03,2331.968947,1776214539000
1776214541.197,41.197,0.68,14.06,0.67,20.0,0.69,18.4,0.7,25.0,0.31,18.4,0.3,25.0,0.32,14.06,0.33,20.0,0.01,0.01,2332.075697,1776214540000
1776214542.24,42.24,0.68,6.24,0.67,20.0,0.69,28.4,0.7,15.0,0.31,28.4,0.3,15.0,0.32,6.24,0.33,20.0,0.01,0.01,2332.114366,1776214541000
1776214543.209,43.209,0.68,6.24,0.67,20.0,0.69,28.4,0.7,15.0,0.31,28.4,0.3,15.0,0.32,6.24,0.33,20.0,0.01,0.01,2332.151816,1776214542000
1776214543.466,43.466,0.68,11.24,0.67,20.0,0.69,7.0,0.7,25.0,0.31,28.4,0.3,15.0,0.32,6.24,0.33,20.0,0.01,0.01,2332.151816,1776214542000
1776214543.842,43.842,0.68,21.24,0.67,53.31,0.69,8.26,0.7,10.0,0.31,7.0,0.3,25.0,0.32,11.24,0.33,20.0,0.01,0.01,2332.151816,1776214542000
1776214544.074,44.074,0.71,10.0,0.7,10.0,0.72,49.29,0.74,32.0,0.28,59.29,0.26,32.0,0.31,282.0,0.32,64.55,0.01,0.03,2332.151816,1776214542000
1776214544.339,44.339,0.71,102.0,0.7,27.0,0.72,37.29,0.74,24.0,0.28,37.29,0.26,24.0,0.29,102.0,0.3,27.0,0.01,0.01,2332.167548,1776214543000
1776214544.891,44.891,0.71,72.0,0.7,207.0,0.72,37.22,0.74,24.0,0.28,37.22,0.26,24.0,0.29,72.0,0.3,207.0,0.01,0.01,2332.101861,1776214544000
1776214545.205,45.205,0.71,42.0,0.7,27.0,0.72,32.22,0.74,24.0,0.28,37.22,0.26,24.0,0.29,72.0,0.3,207.0,0.01,0.01,2332.101861,1776214544000
1776214545.413,45.413,0.71,15.95,0.7,27.0,0.72,37.22,0.74,24.0,0.28,37.22,0.26,24.0,0.29,21.95,0.3,27.0,0.01,0.01,2332.101861,1776214544000
1776214545.729,45.729,0.69,3.98,0.68,6.24,0.71,80.0,0.72,55.22,0.28,37.22,0.26,24.0,0.31,68.42,0.32,20.92,0.02,0.03,2332.101861,1776214544000
1776214546.294,46.294,0.7,9.66,0.69,10.0,0.71,17.0,0.72,12.22,0.29,91.0,0.28,55.22,0.33,9.41,0.34,190.0,0.01,0.04,2332.227071,1776214545000
1776214546.625,46.625,0.7,49.66,0.69,10.0,0.71,12.0,0.72,12.22,0.29,17.0,0.28,12.22,0.3,9.66,0.31,10.0,0.01,0.01,2332.227071,1776214545000
1776214546.989,46.989,0.7,49.66,0.69,10.0,0.71,12.0,0.72,12.22,0.29,12.0,0.28,12.22,0.3,49.66,0.31,10.0,0.01,0.01,2332.520008,1776214546000
1776214548.015,48.015,0.7,64.66,0.69,190.0,0.72,21.8,0.73,10.0,0.29,12.0,0.28,12.22,0.3,49.66,0.31,10.0,0.02,0.01,2332.520008,1776214546000
1776214549.037,49.037,0.71,20.0,0.7,29.66,0.72,25.35,0.73,15.0,0.28,25.35,0.27,15.0,0.29,20.0,0.3,29.66,0.01,0.01,2332.380052,1776214548000
1776214549.389,49.389,0.71,20.0,0.7,29.66,0.72,22.51,0.73,25.0,0.28,25.35,0.27,15.0,0.29,20.0,0.3,29.66,0.01,0.01,2332.380052,1776214548000
1776214549.636,49.636,0.71,25.0,0.7,29.66,0.72,12.51,0.73,25.0,0.28,22.51,0.27,25.0,0.29,20.0,0.3,29.66,0.01,0.01,2332.380052,1776214548000
1776214550.089,50.089,0.71,25.0,0.7,29.66,0.72,12.51,0.73,25.0,0.28,12.51,0.27,25.0,0.29,25.0,0.3,29.66,0.01,0.01,2332.450701,1776214549000
1776214550.506,50.506,0.71,85.0,0.7,29.66,0.73,20.0,0.74,24.0,0.28,12.51,0.27,25.0,0.29,25.0,0.3,29.66,0.02,0.01,2332.450701,1776214549000
1776214551.124,51.124,0.72,15.0,0.71,55.0,0.73,7.0,0.74,24.0,0.27,7.0,0.26,24.0,0.28,15.0,0.29,55.0,0.01,0.01,2332.42856,1776214550000
1776214551.98,51.98,0.72,77.71,0.71,244.08,0.73,7.0,0.74,14.0,0.27,7.0,0.26,24.0,0.28,15.0,0.29,55.0,0.01,0.01,2332.42856,1776214550000
1776214552.231,52.231,0.73,25.0,0.72,230.0,0.74,6.13,0.75,20.0,0.26,11.84,0.25,20.0,0.28,265.0,0.29,98.99,0.01,0.02,2332.429116,1776214551000
1776214552.439,52.439,0.73,45.0,0.72,230.0,0.74,1.13,0.75,25.0,0.26,6.13,0.25,20.0,0.27,25.0,0.28,230.0,0.01,0.01,2332.429116,1776214551000
1776214553.159,53.159,0.73,45.0,0.72,230.0,0.74,1.13,0.75,25.0,0.26,1.13,0.25,25.0,0.27,45.0,0.28,230.0,0.01,0.01,2332.569932,1776214552000
1776214553.796,53.796,0.73,99.0,0.72,230.0,0.75,9.19,0.76,5.0,0.26,1.13,0.25,25.0,0.27,45.0,0.28,230.0,0.02,0.01,2332.569932,1776214552000
1776214554.314,54.314,0.74,20.0,0.73,74.0,0.75,7.48,0.76,5.0,0.25,7.48,0.24,5.0,0.26,20.0,0.27,74.0,0.01,0.01,2332.620944,1776214553000
1776214554.764,54.764,0.75,59.0,0.74,55.0,0.76,8.59,0.77,16.0,0.25,7.48,0.24,5.0,0.26,20.0,0.27,74.0,0.01,0.01,2332.620944,1776214553000
1776214555.023,55.023,0.75,79.0,0.74,55.0,0.76,3.48,0.77,13.0,0.24,6.59,0.23,16.0,0.25,59.0,0.26,55.0,0.01,0.01,2332.620944,1776214553000
1776214555.558,55.558,0.75,79.0,0.74,55.0,0.76,3.48,0.77,13.0,0.24,3.48,0.23,13.0,0.25,79.0,0.26,55.0,0.01,0.01,2332.623156,1776214554000
1776214556.073,56.073,0.75,103.89,0.74,55.0,0.76,3.48,0.77,13.0,0.24,3.48,0.23,13.0,0.25,103.89,0.26,55.0,0.01,0.01,2332.647489,1776214555000
1776214556.535,56.535,0.75,104.61,0.74,55.0,0.76,3.48,0.77,13.0,0.24,3.48,0.23,13.0,0.25,103.89,0.26,55.0,0.01,0.01,2332.647489,1776214555000
1776214557.222,57.222,0.75,104.61,0.74,55.0,0.76,3.48,0.77,13.0,0.24,3.48,0.23,13.0,0.25,104.61,0.26,55.0,0.01,0.01,2332.623389,1776214556000
1776214558.024,58.024,0.75,104.61,0.74,235.0,0.76,2.07,0.77,13.0,0.24,3.48,0.23,13.0,0.25,104.61,0.26,55.0,0.01,0.01,2332.623389,1776214556000
1776214558.362,58.362,0.75,104.61,0.74,235.0,0.76,2.07,0.77,13.0,0.24,2.07,0.23,13.0,0.25,104.61,0.26,235.0,0.01,0.01,2332.622129,1776214557000
1776214558.901,58.901,0.75,104.61,0.74,235.0,0.76,2.07,0.77,13.0,0.24,2.07,0.23,13.0,0.25,104.61,0.26,235.0,0.01,0.01,2332.625661,1776214558000
1776214559.241,59.241,0.75,104.61,0.74,235.0,0.77,19.54,0.78,41.0,0.24,2.07,0.23,13.0,0.25,104.61,0.26,235.0,0.02,0.01,2332.625661,1776214558000
1776214559.871,59.871,0.76,109.0,0.75,60.61,0.77,23.15,0.78,41.0,0.23,19.54,0.22,41.0,0.25,104.61,0.26,235.0,0.01,0.02,2332.625661,1776214558000
1776214560.338,60.338,0.77,99.0,0.76,60.0,0.78,43.97,0.79,71.7,0.23,23.15,0.22,41.0,0.24,109.0,0.25,60.61,0.01,0.01,2332.628132,1776214559000
1776214560.638,60.638,0.77,97.0,0.76,60.0,0.78,40.85,0.79,251.7,0.22,43.97,0.21,251.7,0.23,102.0,0.24,60.0,0.01,0.01,2332.628132,1776214559000
1776214561.16,61.16,0.77,97.0,0.76,60.0,0.78,40.85,0.79,251.7,0.22,40.85,0.21,251.7,0.23,97.0,0.24,60.0,0.01,0.01,2332.633208,1776214560000
1776214561.789,61.789,0.78,94.0,0.77,53.0,0.79,244.0,0.8,54.5,0.22,9.85,0.21,230.0,0.23,102.0,0.24,60.0,0.01,0.01,2332.633208,1776214560000
1776214562.251,62.251,0.78,99.0,0.77,53.0,0.79,236.0,0.8,64.5,0.21,236.0,0.2,64.5,0.22,99.0,0.23,53.0,0.01,0.01,2332.645286,1776214561000
1776214562.614,62.614,0.78,175.92,0.77,48.0,0.79,220.0,0.8,64.5,0.21,236.0,0.2,64.5,0.22,132.46,0.23,53.0,0.01,0.01,2332.645286,1776214561000
1776214563.328,63.328,0.78,175.92,0.77,48.0,0.79,220.0,0.8,64.5,0.21,220.0,0.2,64.5,0.22,175.92,0.23,48.0,0.01,0.01,2332.698778,1776214562000
1776214563.595,63.595,0.78,214.38,0.77,48.0,0.79,227.0,0.8,64.5,0.21,220.0,0.2,64.5,0.22,175.92,0.23,48.0,0.01,0.01,2332.698778,1776214562000
1776214563.921,63.921,0.78,214.38,0.77,48.0,0.79,227.0,0.8,64.5,0.21,227.0,0.2,64.5,0.22,214.38,0.23,48.0,0.01,0.01,2332.713759,1776214563000
1776214564.933,64.933,0.78,291.3,0.77,25.0,0.79,194.64,0.8,52.0,0.21,207.0,0.2,52.0,0.22,222.84,0.23,25.0,0.01,0.01,2332.713759,1776214563000
1776214565.218,65.218,0.78,296.3,0.77,25.0,0.79,14.0,0.8,52.0,0.21,194.64,0.2,52.0,0.22,291.3,0.23,25.0,0.01,0.01,2332.717553,1776214564000
1776214565.69,65.69,0.78,261.75,0.77,25.0,0.79,14.0,0.8,52.0,0.21,14.0,0.2,52.0,0.22,296.3,0.23,25.0,0.01,0.01,2332.717553,1776214564000
1776214566.168,66.168,0.78,291.75,0.77,25.0,0.8,40.82,0.81,80.0,0.21,14.0,0.2,52.0,0.22,261.75,0.23,25.0,0.02,0.01,2332.717553,1776214564000
1776214566.802,66.802,0.79,20.23,0.78,242.75,0.8,64.87,0.81,103.0,0.2,64.87,0.19,103.0,0.21,20.23,0.22,242.75,0.01,0.01,2332.759805,1776214565000
1776214567.906,67.906,0.79,68.27,0.78,242.75,0.8,31.05,0.81,103.0,0.2,64.87,0.19,103.0,0.21,20.23,0.22,242.75,0.01,0.01,2332.759805,1776214565000
1776214568.433,68.433,0.79,44.23,0.78,212.75,0.8,21.05,0.81,103.0,0.2,31.05,0.19,103.0,0.21,68.27,0.22,242.75,0.01,0.01,2332.759805,1776214565000
1776214569.08,69.08,0.79,39.23,0.78,212.75,0.8,206.05,0.81,103.0,0.2,21.05,0.19,103.0,0.21,44.23,0.22,212.75,0.01,0.01,2332.759805,1776214565000
1776214569.739,69.739,0.79,39.23,0.78,212.75,0.8,204.1,0.81,93.0,0.2,206.05,0.19,103.0,0.21,39.23,0.22,212.75,0.01,0.01,2332.759805,1776214565000
1776214570.127,70.127,0.79,29.23,0.78,212.75,0.8,209.1,0.81,93.0,0.2,204.1,0.19,93.0,0.21,39.23,0.22,212.75,0.01,0.01,2332.759805,1776214565000
1776214571.548,71.548,0.79,24.23,0.78,212.75,0.8,204.1,0.81,83.0,0.2,209.1,0.19,93.0,0.21,29.23,0.22,212.75,0.01,0.01,2332.759805,1776214565000
1776214573.017,73.017,0.79,30.0,0.78,212.75,0.8,209.1,0.81,73.0,0.2,204.1,0.19,83.0,0.21,24.23,0.22,212.75,0.01,0.01,2332.759805,1776214565000
1776214573.672,73.672,0.79,40.0,0.78,212.75,0.8,229.05,0.81,83.0,0.2,209.1,0.19,73.0,0.21,30.0,0.22,212.75,0.01,0.01,2332.759805,1776214565000
1776214574.718,74.718,0.79,65.32,0.78,212.75,0.8,209.75,0.81,83.0,0.2,229.05,0.19,83.0,0.21,40.0,0.22,212.75,0.01,0.01,2332.759805,1776214565000
1776214575.005,75.005,0.79,65.32,0.78,212.75,0.8,209.75,0.81,83.0,0.2,209.75,0.19,83.0,0.21,65.32,0.22,212.75,0.01,0.01,2332.788421,1776214574000
1776214575.214,75.214,0.79,65.32,0.78,212.75,0.8,194.75,0.81,83.0,0.2,209.75,0.19,83.0,0.21,65.32,0.22,212.75,0.01,0.01,2332.788421,1776214574000
1776214575.519,75.519,0.79,50.96,0.78,212.75,0.8,199.75,0.81,83.0,0.2,194.75,0.19,83.0,0.21,65.32,0.22,212.75,0.01,0.01,2332.788421,1776214574000
1776214575.801,75.801,0.79,100.96,0.78,212.75,0.8,19.87,0.81,213.0,0.2,199.75,0.19,83.0,0.21,50.96,0.22,212.75,0.01,0.01,2332.788421,1776214574000
1776214576.097,76.097,0.79,70.96,0.78,212.75,0.8,14.92,0.81,213.0,0.2,19.87,0.19,213.0,0.21,100.96,0.22,212.75,0.01,0.01,2332.788421,1776214574000
1776214576.564,76.564,0.79,70.96,0.78,212.75,0.8,14.92,0.81,213.0,0.2,14.92,0.19,213.0,0.21,70.96,0.22,212.75,0.01,0.01,2332.787755,1776214575000
1776214576.878,76.878,0.79,65.96,0.78,212.75,0.8,26.04,0.81,213.0,0.2,14.92,0.19,213.0,0.21,70.96,0.22,212.75,0.01,0.01,2332.787755,1776214575000
1776214577.181,77.181,0.79,65.96,0.78,212.75,0.8,19.14,0.81,213.0,0.2,26.04,0.19,213.0,0.21,65.96,0.22,212.75,0.01,0.01,2332.787755,1776214575000
1776214577.43,77.43,0.79,65.96,0.78,212.75,0.8,19.14,0.81,213.0,0.2,19.14,0.19,213.0,0.21,65.96,0.22,212.75,0.01,0.01,2332.789773,1776214576000
1776214578.039,78.039,0.79,65.96,0.78,212.75,0.8,36.04,0.81,213.0,0.2,19.14,0.19,213.0,0.21,65.96,0.22,212.75,0.01,0.01,2332.789773,1776214576000
1776214579.253,79.253,0.79,65.96,0.78,212.75,0.8,26.04,0.81,203.0,0.2,36.04,0.19,213.0,0.21,65.96,0.22,212.75,0.01,0.01,2332.835918,1776214577000
1776214579.603,79.603,0.79,65.96,0.78,212.75,0.8,26.04,0.81,203.0,0.2,26.04,0.19,203.0,0.21,65.96,0.22,212.75,0.01,0.01,2332.894843,1776214578000
1776214580.27,80.27,0.79,65.96,0.78,212.75,0.8,26.04,0.81,203.0,0.2,26.04,0.19,203.0,0.21,65.96,0.22,212.75,0.01,0.01,2332.895253,1776214579000
1776214580.923,80.923,0.79,65.96,0.78,212.75,0.8,26.04,0.81,203.0,0.2,26.04,0.19,203.0,0.21,65.96,0.22,212.75,0.01,0.01,2332.912886,1776214580000
1776214581.564,81.564,0.79,36.76,0.78,212.3,0.8,69.69,0.81,180.0,0.2,67.19,0.19,180.0,0.21,26.76,0.22,212.3,0.01,0.01,2332.912886,1776214580000
1776214582.381,82.381,0.81,120.0,0.8,25.0,0.82,70.39,0.84,227.0,0.2,69.69,0.19,180.0,0.21,36.76,0.22,212.3,0.01,0.01,2332.912886,1776214580000
1776214582.619,82.619,0.81,59.0,0.8,25.0,0.82,70.39,0.84,227.0,0.18,70.39,0.16,227.0,0.19,120.0,0.2,25.0,0.01,0.01,2332.868704,1776214581000
1776214583.273,83.273,0.81,59.0,0.8,25.0,0.82,60.39,0.83,10.0,0.18,70.39,0.16,227.0,0.19,59.0,0.2,25.0,0.01,0.01,2332.868704,1776214581000
1776214583.742,83.742,0.81,64.0,0.8,25.0,0.82,58.31,0.83,10.0,0.18,60.39,0.17,10.0,0.19,59.0,0.2,25.0,0.01,0.01,2332.844602,1776214582000
1776214584.064,84.064,0.81,465.99,0.8,47.14,0.82,46.7,0.83,10.0,0.18,46.7,0.17,10.0,0.19,465.99,0.2,47.14,0.01,0.01,2332.879326,1776214583000
1776214584.558,84.558,0.85,15.0,0.84,159.0,0.88,44.1,0.89,271.79,0.15,5.0,0.12,44.1,0.17,13.0,0.18,85.14,0.03,0.02,2332.879326,1776214583000
1776214584.883,84.883,0.86,52.5,0.85,40.0,0.88,52.51,0.89,253.79,0.12,44.1,0.11,271.79,0.15,15.0,0.16,159.0,0.02,0.03,2332.879326,1776214583000
1776214585.719,85.719,0.87,10.0,0.86,43.92,0.88,55.51,0.89,246.79,0.12,52.51,0.11,253.79,0.14,38.92,0.15,40.0,0.01,0.02,2332.879326,1776214583000
1776214585.948,85.948,0.87,100.0,0.86,43.92,0.88,45.1,0.89,246.79,0.12,55.51,0.11,246.79,0.13,10.0,0.14,43.92,0.01,0.01,2332.879326,1776214583000
1776214586.161,86.161,0.87,65.0,0.86,30.0,0.88,5.62,0.89,226.79,0.12,45.1,0.11,246.79,0.13,100.0,0.14,43.92,0.01,0.01,2332.936557,1776214584000
1776214586.63,86.63,0.87,105.0,0.86,37.0,0.89,189.48,0.9,89.0,0.12,0.62,0.11,190.0,0.13,65.0,0.14,30.0,0.02,0.01,2332.936557,1776214584000
1776214587.263,87.263,0.87,85.0,0.86,37.0,0.89,203.66,0.9,89.0,0.11,203.66,0.1,89.0,0.13,85.0,0.14,37.0,0.02,0.02,2333.438648,1776214585000
1776214587.84,87.84,0.87,42.3,0.86,37.0,0.89,203.66,0.9,185.09,0.11,203.66,0.1,89.0,0.13,85.0,0.14,37.0,0.02,0.02,2333.438648,1776214585000
1776214588.648,88.648,0.87,42.3,0.86,37.0,0.89,192.42,0.9,185.09,0.11,192.42,0.1,185.09,0.13,42.3,0.14,37.0,0.02,0.02,2333.50338,1776214586000
1776214589.654,89.654,0.87,42.3,0.86,37.0,0.89,192.42,0.9,185.09,0.11,192.42,0.1,185.09,0.13,42.3,0.14,37.0,0.02,0.02,2333.546245,1776214588000
1776214589.934,89.934,0.88,5.21,0.87,52.3,0.89,187.42,0.9,56.0,0.11,192.42,0.1,185.09,0.13,42.3,0.14,37.0,0.01,0.02,2333.546245,1776214588000
1776214590.73,90.73,0.88,5.21,0.87,52.3,0.89,187.42,0.9,56.0,0.11,187.42,0.1,56.0,0.12,5.21,0.13,52.3,0.01,0.01,2333.56775,1776214589000
1776214591.869,91.869,0.88,45.21,0.87,22.3,0.89,191.42,0.9,56.0,0.11,191.42,0.1,56.0,0.12,45.21,0.13,22.3,0.01,0.01,2333.570771,1776214590000
1776214592.489,92.489,0.88,66.21,0.87,22.3,0.89,172.16,0.9,56.0,0.11,176.42,0.1,56.0,0.12,60.21,0.13,22.3,0.01,0.01,2333.570771,1776214590000
1776214592.906,92.906,0.88,66.21,0.87,22.3,0.89,172.16,0.9,56.0,0.11,172.16,0.1,56.0,0.12,66.21,0.13,22.3,0.01,0.01,2333.576964,1776214591000
1776214593.414,93.414,0.88,11.21,0.86,10.0,0.89,230.95,0.9,111.0,0.11,172.16,0.1,56.0,0.12,66.21,0.13,22.3,0.01,0.01,2333.576964,1776214591000
1776214593.618,93.618,0.84,25.42,0.83,28.0,0.87,51.0,0.88,226.0,0.13,46.0,0.12,226.0,0.15,10.99,0.16,30.0,0.03,0.02,2333.576964,1776214591000
1776214593.955,93.955,0.84,25.42,0.83,28.0,0.87,51.0,0.88,226.0,0.13,51.0,0.12,226.0,0.16,25.42,0.17,28.0,0.03,0.03,2333.576891,1776214592000
1776214594.176,94.176,0.85,15.0,0.84,25.42,0.87,231.0,0.88,80.1,0.13,51.0,0.12,226.0,0.16,25.42,0.17,28.0,0.02,0.03,2333.576891,1776214592000
1776214594.612,94.612,0.84,30.42,0.83,33.0,0.87,248.8,0.88,80.1,0.13,226.0,0.12,80.1,0.15,20.0,0.16,25.42,0.03,0.02,2333.576891,1776214592000
1776214594.94,94.94,0.84,30.42,0.83,33.0,0.87,248.8,0.88,80.1,0.13,248.8,0.12,80.1,0.16,30.42,0.17,33.0,0.03,0.03,2333.579347,1776214593000
1776214595.816,95.816,0.85,40.0,0.84,20.42,0.86,13.88,0.87,248.8,0.13,248.8,0.12,80.1,0.16,30.42,0.17,33.0,0.01,0.03,2333.579347,1776214593000
1776214596.765,96.765,0.85,40.0,0.84,20.42,0.86,13.88,0.87,248.8,0.14,13.88,0.13,248.8,0.15,40.0,0.16,20.42,0.01,0.01,2333.300472,1776214595000
1776214597.728,97.728,0.85,40.0,0.84,20.42,0.86,13.88,0.87,248.8,0.14,13.88,0.13,248.8,0.15,40.0,0.16,20.42,0.01,0.01,2333.312812,1776214596000
1776214598.533,98.533,0.85,40.0,0.84,20.42,0.86,13.88,0.87,248.8,0.14,13.88,0.13,248.8,0.15,40.0,0.16,20.42,0.01,0.01,2333.310398,1776214597000
1776214599.541,99.541,0.85,40.0,0.84,20.42,0.86,13.88,0.87,248.8,0.14,13.88,0.13,248.8,0.15,40.0,0.16,20.42,0.01,0.01,2333.308444,1776214598000
1776214599.948,99.948,0.87,100.0,0.86,266.31,0.88,0.52,0.9,50.0,0.14,13.88,0.13,248.8,0.15,40.0,0.16,20.42,0.01,0.01,2333.308444,1776214598000
1776214600.154,100.154,0.87,100.0,0.86,266.31,0.88,0.52,0.9,50.0,0.12,0.52,0.1,50.0,0.13,100.0,0.14,266.31,0.01,0.01,2333.308483,1776214599000
1776214600.368,100.368,0.88,23.48,0.87,322.31,0.9,10.0,0.91,54.0,0.12,0.52,0.1,50.0,0.13,100.0,0.14,266.31,0.02,0.01,2333.308483,1776214599000
1776214601.144,101.144,0.88,209.48,0.87,189.0,0.89,22.0,0.9,20.0,0.1,10.0,0.09,54.0,0.12,23.48,0.13,322.31,0.01,0.02,2333.308483,1776214599000
1776214601.839,101.839,0.88,219.48,0.87,177.0,0.89,7.0,0.9,21.0,0.11,22.0,0.1,20.0,0.12,209.48,0.13,189.0,0.01,0.01,2333.307032,1776214600000
1776214602.337,102.337,0.88,219.48,0.87,177.0,0.89,7.0,0.9,21.0,0.11,7.0,0.1,21.0,0.12,219.48,0.13,177.0,0.01,0.01,2333.534653,1776214601000
1776214603.306,103.306,0.88,219.48,0.87,177.0,0.89,7.0,0.9,21.0,0.11,7.0,0.1,21.0,0.12,219.48,0.13,177.0,0.01,0.01,2333.696471,1776214602000
1776214604.879,104.879,0.88,219.48,0.87,177.0,0.89,7.0,0.9,21.0,0.11,7.0,0.1,21.0,0.12,219.48,0.13,177.0,0.01,0.01,2333.68514,1776214603000
1776214605.731,105.731,0.88,219.48,0.87,177.0,0.89,7.0,0.9,21.0,0.11,7.0,0.1,21.0,0.12,219.48,0.13,177.0,0.01,0.01,2333.68514,1776214604000
1776214606.356,106.356,0.88,219.48,0.87,177.0,0.89,7.0,0.9,21.0,0.11,7.0,0.1,21.0,0.12,219.48,0.13,177.0,0.01,0.01,2333.680415,1776214605000
1776214607.077,107.077,0.88,219.48,0.87,177.0,0.89,7.0,0.9,21.0,0.11,7.0,0.1,21.0,0.12,219.48,0.13,177.0,0.01,0.01,2333.682788,1776214606000
1776214608.659,108.659,0.88,219.48,0.87,177.0,0.89,7.0,0.9,21.0,0.11,7.0,0.1,21.0,0.12,219.48,0.13,177.0,0.01,0.01,2333.683357,1776214607000
1776214609.77,109.77,0.88,219.48,0.87,177.0,0.89,7.0,0.9,21.0,0.11,7.0,0.1,21.0,0.12,219.48,0.13,177.0,0.01,0.01,2333.682453,1776214608000
1776214610.894,110.894,0.88,219.48,0.87,177.0,0.89,7.0,0.9,21.0,0.11,7.0,0.1,21.0,0.12,219.48,0.13,177.0,0.01,0.01,2333.680541,1776214609000
1776214611.565,111.565,0.88,219.48,0.87,177.0,0.89,7.0,0.9,21.0,0.11,7.0,0.1,21.0,0.12,219.48,0.13,177.0,0.01,0.01,2333.674656,1776214610000
1776214611.836,111.836,0.88,119.48,0.87,216.99,0.89,2.0,0.9,10.0,0.11,7.0,0.1,21.0,0.12,219.48,0.13,177.0,0.01,0.01,2333.674656,1776214610000
1776214612.373,112.373,0.88,119.48,0.87,216.99,0.89,2.0,0.9,10.0,0.11,2.0,0.1,10.0,0.12,119.48,0.13,216.99,0.01,0.01,2333.674724,1776214611000
1776214612.611,112.611,0.89,213.0,0.88,179.48,0.9,10.0,0.91,54.0,0.11,2.0,0.1,10.0,0.12,119.48,0.13,216.99,0.01,0.01,2333.674724,1776214611000
1776214613.124,113.124,0.89,213.0,0.88,179.48,0.9,10.0,0.91,54.0,0.1,10.0,0.09,54.0,0.11,213.0,0.12,179.48,0.01,0.01,2333.670539,1776214612000
1776214613.924,113.924,0.89,93.0,0.88,84.48,0.9,10.0,0.91,54.0,0.1,10.0,0.09,54.0,0.11,198.0,0.12,184.48,0.01,0.01,2333.670539,1776214612000
1776214614.506,114.506,0.89,93.0,0.88,84.48,0.9,10.0,0.91,54.0,0.1,10.0,0.09,54.0,0.11,93.0,0.12,84.48,0.01,0.01,2333.670559,1776214613000
1776214615.015,115.015,0.89,83.0,0.88,59.48,0.9,10.0,0.91,54.0,0.1,10.0,0.09,54.0,0.11,83.0,0.12,59.48,0.01,0.01,2333.670637,1776214614000
1776214615.642,115.642,0.89,50.0,0.88,198.47,0.9,56.1,0.91,64.0,0.1,10.0,0.09,54.0,0.11,83.0,0.12,59.48,0.01,0.01,2333.670637,1776214614000
1776214616.361,116.361,0.89,60.0,0.88,200.47,0.9,3.0,0.91,64.0,0.1,56.1,0.09,64.0,0.11,50.0,0.12,198.47,0.01,0.01,2333.670637,1776214614000
1776214616.765,116.765,0.88,38.48,0.87,37.0,0.9,72.1,0.91,71.0,0.1,3.0,0.09,64.0,0.11,60.0,0.12,200.47,0.02,0.01,2333.677656,1776214615000
1776214617.086,117.086,0.88,45.47,0.87,42.0,0.9,75.98,0.91,76.0,0.1,75.98,0.09,76.0,0.12,45.47,0.13,42.0,0.02,0.02,2333.675092,1776214616000
1776214618.29,118.29,0.88,50.47,0.87,47.0,0.9,65.98,0.91,76.0,0.1,65.98,0.09,76.0,0.12,50.47,0.13,47.0,0.02,0.02,2333.667649,1776214617000
1776214618.635,118.635,0.9,34.0,0.89,72.0,0.91,234.0,0.92,90.9,0.1,65.98,0.09,76.0,0.12,50.47,0.13,47.0,0.01,0.02,2333.667649,1776214617000
1776214618.892,118.892,0.9,34.0,0.89,72.0,0.91,234.0,0.92,90.9,0.09,234.0,0.08,90.9,0.1,34.0,0.11,72.0,0.01,0.01,2333.565687,1776214618000
1776214620.038,120.038,0.9,138.0,0.89,102.0,0.91,240.22,0.92,83.9,0.09,234.0,0.08,90.9,0.1,34.0,0.11,72.0,0.01,0.01,2333.565687,1776214618000
1776214621.833,121.833,0.9,138.0,0.89,102.0,0.91,240.22,0.92,83.9,0.09,240.22,0.08,83.9,0.1,138.0,0.11,102.0,0.01,0.01,2333.716473,1776214620000
1776214622.086,122.086,0.9,149.0,0.89,258.99,0.91,235.22,0.92,73.9,0.09,55.22,0.08,253.9,0.1,164.0,0.11,258.99,0.01,0.01,2333.716473,1776214620000
1776214622.495,122.495,0.9,149.0,0.89,258.99,0.91,235.22,0.92,73.9,0.09,235.22,0.08,73.9,0.1,149.0,0.11,258.99,0.01,0.01,2333.74189,1776214621000
1776214623.153,123.153,0.9,149.0,0.89,258.99,0.91,235.22,0.92,73.9,0.09,235.22,0.08,73.9,0.1,149.0,0.11,258.99,0.01,0.01,2333.743942,1776214622000
1776214623.596,123.596,0.9,123.0,0.89,228.99,0.91,15.0,0.92,63.9,0.09,235.22,0.08,73.9,0.1,149.0,0.11,258.99,0.01,0.01,2333.743942,1776214622000
1776214624.457,124.457,0.9,123.0,0.89,228.99,0.91,15.0,0.92,63.9,0.09,15.0,0.08,63.9,0.1,123.0,0.11,228.99,0.01,0.01,2333.761891,1776214623000
1776214625.106,125.106,0.9,123.0,0.89,228.99,0.91,15.0,0.92,63.9,0.09,15.0,0.08,63.9,0.1,123.0,0.11,228.99,0.01,0.01,2333.758977,1776214624000
1776214626.49,126.49,0.9,123.0,0.89,228.99,0.91,15.0,0.92,63.9,0.09,15.0,0.08,63.9,0.1,123.0,0.11,228.99,0.01,0.01,2333.790018,1776214625000
1776214627.404,127.404,0.9,123.0,0.89,228.99,0.91,15.0,0.92,63.9,0.09,15.0,0.08,63.9,0.1,123.0,0.11,228.99,0.01,0.01,2333.766935,1776214626000
1776214627.956,127.956,0.9,138.0,0.89,235.99,0.91,15.0,0.92,243.9,0.09,15.0,0.08,243.9,0.1,138.0,0.11,235.99,0.01,0.01,2333.766885,1776214627000
1776214629.069,129.069,0.9,138.0,0.89,235.99,0.91,15.0,0.92,243.9,0.09,15.0,0.08,243.9,0.1,138.0,0.11,235.99,0.01,0.01,2333.786282,1776214628000
1776214630.109,130.109,0.9,133.0,0.89,235.99,0.91,21.22,0.92,243.9,0.09,15.0,0.08,243.9,0.1,138.0,0.11,235.99,0.01,0.01,2333.786282,1776214628000
1776214631.271,131.271,0.9,133.0,0.89,235.99,0.91,21.22,0.92,243.9,0.09,21.22,0.08,243.9,0.1,133.0,0.11,235.99,0.01,0.01,2333.806343,1776214630000
1776214632.416,132.416,0.9,133.0,0.89,235.99,0.91,21.22,0.92,243.9,0.09,21.22,0.08,243.9,0.1,133.0,0.11,235.99,0.01,0.01,2333.806761,1776214631000
1776214633.002,133.002,0.9,133.0,0.89,235.99,0.91,21.22,0.92,243.9,0.09,21.22,0.08,243.9,0.1,133.0,0.11,235.99,0.01,0.01,2333.805732,1776214632000
1776214634.036,134.036,0.9,133.0,0.89,235.99,0.91,21.22,0.92,243.9,0.09,21.22,0.08,243.9,0.1,133.0,0.11,235.99,0.01,0.01,2333.844338,1776214633000
1776214635.117,135.117,0.9,133.0,0.89,235.99,0.91,21.22,0.92,243.9,0.09,21.22,0.08,243.9,0.1,133.0,0.11,235.99,0.01,0.01,2333.802228,1776214634000
1776214635.919,135.919,0.9,231.99,0.89,75.98,0.91,5.0,0.92,195.0,0.09,21.22,0.08,243.9,0.1,133.0,0.11,235.99,0.01,0.01,2333.802228,1776214634000
1776214636.19,136.19,0.9,231.99,0.89,75.98,0.91,5.0,0.92,195.0,0.09,5.0,0.08,195.0,0.1,231.99,0.11,75.98,0.01,0.01,2333.804194,1776214635000
1776214637.445,137.445,0.9,231.99,0.89,75.98,0.91,5.0,0.92,195.0,0.09,5.0,0.08,195.0,0.1,231.99,0.11,75.98,0.01,0.01,2333.801853,1776214636000
1776214637.991,137.991,0.9,231.99,0.89,75.98,0.91,5.0,0.92,195.0,0.09,5.0,0.08,195.0,0.1,231.99,0.11,75.98,0.01,0.01,2333.793334,1776214637000
1776214639.074,139.074,0.9,231.99,0.89,75.98,0.91,5.0,0.92,195.0,0.09,5.0,0.08,195.0,0.1,231.99,0.11,75.98,0.01,0.01,2333.793479,1776214638000
1776214640.132,140.132,0.9,231.99,0.89,75.98,0.91,5.0,0.92,195.0,0.09,5.0,0.08,195.0,0.1,231.99,0.11,75.98,0.01,0.01,2333.800588,1776214639000
1776214641.806,141.806,0.9,231.99,0.89,75.98,0.91,5.0,0.92,195.0,0.09,5.0,0.08,195.0,0.1,231.99,0.11,75.98,0.01,0.01,2333.89017,1776214640000
1776214642.414,142.414,0.9,231.99,0.89,75.98,0.91,5.0,0.92,195.0,0.09,5.0,0.08,195.0,0.1,231.99,0.11,75.98,0.01,0.01,2333.806582,1776214641000
1776214643.427,143.427,0.9,231.99,0.89,75.98,0.91,5.0,0.92,195.0,0.09,5.0,0.08,195.0,0.1,231.99,0.11,75.98,0.01,0.01,2333.806582,1776214642000
1776214644.676,144.676,0.9,613.99,0.89,118.77,0.92,10.38,0.93,210.0,0.09,5.0,0.08,195.0,0.1,231.99,0.11,75.98,0.02,0.01,2333.806582,1776214642000
1776214644.921,144.921,0.9,613.99,0.89,118.77,0.92,10.38,0.93,210.0,0.08,10.38,0.07,210.0,0.1,613.99,0.11,118.77,0.02,0.02,2333.809866,1776214643000
1776214645.52,145.52,0.9,613.99,0.89,118.77,0.92,10.38,0.93,210.0,0.08,10.38,0.07,210.0,0.1,613.99,0.11,118.77,0.02,0.02,2333.806407,1776214644000
1776214646.073,146.073,0.9,613.99,0.89,118.77,0.92,10.38,0.93,210.0,0.08,10.38,0.07,210.0,0.1,613.99,0.11,118.77,0.02,0.02,2333.813345,1776214645000
1776214646.826,146.826,0.92,12.62,0.91,686.99,0.93,210.0,0.94,15.0,0.08,10.38,0.07,210.0,0.1,613.99,0.11,118.77,0.01,0.02,2333.813345,1776214645000
1776214647.352,147.352,0.92,12.62,0.91,686.99,0.93,210.0,0.94,15.0,0.07,210.0,0.06,15.0,0.08,12.62,0.09,686.99,0.01,0.01,2333.960365,1776214646000
1776214648.092,148.092,0.92,328.99,0.91,446.0,0.93,221.46,0.94,15.0,0.07,210.0,0.06,15.0,0.08,12.62,0.09,686.99,0.01,0.01,2333.960365,1776214646000
1776214648.399,148.399,0.92,333.99,0.91,337.0,0.93,189.2,0.94,15.0,0.07,221.46,0.06,15.0,0.08,328.99,0.09,446.0,0.01,0.01,2333.960365,1776214646000
1776214649.064,149.064,0.92,333.99,0.91,337.0,0.93,189.2,0.94,15.0,0.07,189.2,0.06,15.0,0.08,333.99,0.09,337.0,0.01,0.01,2334.054768,1776214648000
1776214650.232,150.232,0.92,333.99,0.91,337.0,0.93,189.2,0.94,15.0,0.07,189.2,0.06,15.0,0.08,333.99,0.09,337.0,0.01,0.01,2334.143908,1776214649000
1776214650.908,150.908,0.92,643.89,0.91,270.2,0.94,9.89,0.95,45.0,0.07,189.2,0.06,15.0,0.08,333.99,0.09,337.0,0.02,0.01,2334.143908,1776214649000
1776214651.256,151.256,0.93,130.0,0.92,375.9,0.94,1.57,0.95,45.0,0.06,4.67,0.05,45.0,0.07,68.0,0.08,518.91,0.01,0.01,2334.143908,1776214649000
1776214651.581,151.581,0.94,103.0,0.93,484.31,0.95,49.69,0.96,30.0,0.05,30.55,0.04,30.0,0.07,334.31,0.08,185.9,0.01,0.02,2334.137883,1776214650000
1776214651.926,151.926,0.94,103.0,0.93,484.31,0.95,49.69,0.96,30.0,0.05,49.69,0.04,30.0,0.06,103.0,0.07,484.31,0.01,0.01,2334.195193,1776214651000
1776214652.162,152.162,0.94,381.8,0.93,186.3,0.95,24.27,0.96,151.0,0.05,49.69,0.04,30.0,0.06,103.0,0.07,484.31,0.01,0.01,2334.195193,1776214651000
1776214653.008,153.008,0.94,372.8,0.93,186.3,0.95,24.27,0.96,151.0,0.05,24.27,0.04,151.0,0.06,372.8,0.07,186.3,0.01,0.01,2334.695125,1776214652000
1776214653.711,153.711,0.94,646.79,0.93,193.54,0.95,20.79,0.96,30.0,0.05,24.27,0.04,151.0,0.06,372.8,0.07,186.3,0.01,0.01,2334.695125,1776214652000
1776214654.284,154.284,0.94,651.79,0.93,203.54,0.96,27.95,0.97,700.0,0.05,2.99,0.04,30.0,0.06,646.79,0.07,193.54,0.02,0.01,2334.695125,1776214652000
1776214654.579,154.579,0.95,374.99,0.94,352.8,0.96,27.95,0.97,700.0,0.04,27.95,0.03,700.0,0.05,374.99,0.06,352.8,0.01,0.01,2334.773432,1776214653000
1776214655.122,155.122,0.95,374.99,0.94,352.8,0.96,27.95,0.97,700.0,0.04,27.95,0.03,700.0,0.05,374.99,0.06,352.8,0.01,0.01,2334.731674,1776214654000
1776214655.492,155.492,0.95,466.9,0.94,352.8,0.96,24.82,0.97,700.0,0.04,27.95,0.03,700.0,0.05,388.9,0.06,352.8,0.01,0.01,2334.731674,1776214654000
1776214655.94,155.94,0.95,398.9,0.94,352.8,0.96,24.82,0.97,586.0,0.04,24.82,0.03,700.0,0.05,466.9,0.06,352.8,0.01,0.01,2334.731674,1776214654000
1776214656.277,156.277,0.95,398.9,0.94,352.8,0.96,24.82,0.97,586.0,0.04,24.82,0.03,586.0,0.05,398.9,0.06,352.8,0.01,0.01,2334.773576,1776214655000
1776214656.623,156.623,0.95,411.79,0.94,316.8,0.97,586.0,0.98,301.0,0.04,4.82,0.03,586.0,0.05,388.79,0.06,316.8,0.02,0.01,2334.773576,1776214655000
1776214657.833,157.833,0.95,411.79,0.94,316.8,0.97,586.0,0.98,301.0,0.03,586.0,0.02,301.0,0.05,411.79,0.06,316.8,0.02,0.02,2334.85989,1776214656000
1776214658.38,158.38,0.96,494.69,0.95,145.8,0.97,613.47,0.98,301.0,0.03,613.47,0.02,301.0,0.04,494.69,0.05,145.8,0.01,0.01,2334.918383,1776214657000
1776214659.018,159.018,0.96,494.69,0.95,145.8,0.97,613.47,0.98,301.0,0.03,613.47,0.02,301.0,0.04,494.69,0.05,145.8,0.01,0.01,2334.946992,1776214658000
1776214660.063,160.063,0.96,494.69,0.95,145.8,0.97,613.47,0.98,301.0,0.03,613.47,0.02,301.0,0.04,494.69,0.05,145.8,0.01,0.01,2334.936806,1776214659000
1776214661.027,161.027,0.96,494.69,0.95,145.8,0.97,613.47,0.98,301.0,0.03,613.47,0.02,301.0,0.04,494.69,0.05,145.8,0.01,0.01,2334.943792,1776214660000
1776214661.844,161.844,0.96,518.69,0.95,325.8,0.97,427.29,0.98,598.0,0.03,613.47,0.02,301.0,0.04,494.69,0.05,145.8,0.01,0.01,2334.943792,1776214660000
1776214662.091,162.091,0.96,518.69,0.95,325.8,0.97,427.29,0.98,598.0,0.03,427.29,0.02,598.0,0.04,518.69,0.05,325.8,0.01,0.01,2334.960142,1776214661000
1776214662.895,162.895,0.96,554.69,0.95,312.8,0.97,424.22,0.98,475.0,0.03,427.29,0.02,598.0,0.04,518.69,0.05,325.8,0.01,0.01,2334.960142,1776214661000
1776214663.178,163.178,0.96,554.69,0.95,312.8,0.97,424.22,0.98,475.0,0.03,424.22,0.02,475.0,0.04,554.69,0.05,312.8,0.01,0.01,2334.975617,1776214662000
1776214664.156,164.156,0.96,554.69,0.95,312.8,0.97,408.28,0.98,475.0,0.03,408.28,0.02,475.0,0.04,554.69,0.05,312.8,0.01,0.01,2335.00412,1776214663000
1776214665.177,165.177,0.96,554.69,0.95,312.8,0.97,408.28,0.98,475.0,0.03,408.28,0.02,475.0,0.04,554.69,0.05,312.8,0.01,0.01,2335.164604,1776214664000
1776214666.403,166.403,0.96,554.69,0.95,312.8,0.97,408.28,0.98,475.0,0.03,408.28,0.02,475.0,0.04,554.69,0.05,312.8,0.01,0.01,2335.091609,1776214665000
1776214666.627,166.627,0.96,404.69,0.95,317.43,0.97,357.28,0.98,589.0,0.03,408.28,0.02,475.0,0.04,554.69,0.05,312.8,0.01,0.01,2335.091609,1776214665000
1776214666.929,166.929,0.96,404.69,0.95,317.43,0.97,357.28,0.98,589.0,0.03,357.28,0.02,589.0,0.04,404.69,0.05,317.43,0.01,0.01,2335.066711,1776214666000
1776214668.042,168.042,0.96,404.69,0.95,317.43,0.97,357.28,0.98,589.0,0.03,357.28,0.02,589.0,0.04,404.69,0.05,317.43,0.01,0.01,2335.070646,1776214667000
1776214669.055,169.055,0.96,410.69,0.95,317.43,0.97,339.28,0.98,481.0,0.03,357.28,0.02,589.0,0.04,404.69,0.05,317.43,0.01,0.01,2335.070646,1776214667000
1776214670.126,170.126,0.96,410.69,0.95,317.43,0.97,339.28,0.98,481.0,0.03,339.28,0.02,481.0,0.04,410.69,0.05,317.43,0.01,0.01,2335.019375,1776214669000
1776214670.888,170.888,0.96,288.71,0.95,137.43,0.97,316.29,0.98,592.7,0.03,339.28,0.02,481.0,0.04,410.69,0.05,317.43,0.01,0.01,2335.019375,1776214669000
1776214671.956,171.956,0.96,288.71,0.95,137.43,0.97,316.29,0.98,592.7,0.03,316.29,0.02,592.7,0.04,288.71,0.05,137.43,0.01,0.01,2334.963128,1776214670000
1776214672.432,172.432,0.96,288.71,0.95,137.43,0.97,316.29,0.98,592.7,0.03,316.29,0.02,592.7,0.04,288.71,0.05,137.43,0.01,0.01,2334.942583,1776214671000
1776214672.972,172.972,0.96,357.69,0.95,156.43,0.97,313.19,0.98,595.0,0.03,316.29,0.02,592.7,0.04,288.71,0.05,137.43,0.01,0.01,2334.942583,1776214671000
1776214674.096,174.096,0.96,362.69,0.95,156.43,0.97,299.19,0.98,595.0,0.03,299.19,0.02,595.0,0.04,362.69,0.05,156.43,0.01,0.01,2334.842337,1776214673000
1776214675.21,175.21,0.96,362.69,0.95,156.43,0.97,299.19,0.98,595.0,0.03,299.19,0.02,595.0,0.04,362.69,0.05,156.43,0.01,0.01,2334.890382,1776214674000
1776214676.381,176.381,0.96,362.69,0.95,156.43,0.97,299.19,0.98,595.0,0.03,299.19,0.02,595.0,0.04,362.69,0.05,156.43,0.01,0.01,2334.847884,1776214675000
1776214676.949,176.949,0.96,362.69,0.95,156.43,0.97,299.19,0.98,595.0,0.03,299.19,0.02,595.0,0.04,362.69,0.05,156.43,0.01,0.01,2334.82049,1776214676000
1776214677.456,177.456,0.96,339.69,0.95,156.43,0.97,483.15,0.98,424.0,0.03,299.19,0.02,595.0,0.04,362.69,0.05,156.43,0.01,0.01,2334.82049,1776214676000
1776214677.964,177.964,0.96,339.69,0.95,156.43,0.97,483.15,0.98,424.0,0.03,483.15,0.02,424.0,0.04,339.69,0.05,156.43,0.01,0.01,2334.863066,1776214677000
1776214678.343,178.343,0.96,339.69,0.95,156.43,0.97,477.82,0.98,424.0,0.03,483.15,0.02,424.0,0.04,339.69,0.05,156.43,0.01,0.01,2334.863066,1776214677000
1776214678.811,178.811,0.96,339.69,0.95,156.43,0.97,472.82,0.98,424.0,0.03,477.82,0.02,424.0,0.04,339.69,0.05,156.43,0.01,0.01,2334.863066,1776214677000
1776214679.349,179.349,0.95,184.98,0.94,93.8,0.97,254.16,0.98,604.0,0.03,472.82,0.02,424.0,0.04,339.69,0.05,156.43,0.02,0.01,2334.695093,1776214678000
1776214680.04,180.04,0.95,352.98,0.94,168.8,0.97,249.05,0.98,475.0,0.03,254.16,0.02,604.0,0.05,184.98,0.06,93.8,0.02,0.02,2334.695093,1776214678000
1776214680.353,180.353,0.97,534.65,0.96,37.0,0.98,520.39,0.99,2449.88,0.02,475.0,0.01,2449.88,0.03,298.67,0.04,85.6,0.01,0.01,2334.637483,1776214679000
1776214680.636,180.636,0.97,549.65,0.96,44.0,0.98,464.39,0.99,2449.88,0.02,520.39,0.01,2449.88,0.03,534.65,0.04,37.0,0.01,0.01,2334.637483,1776214679000
1776214681.126,181.126,0.97,549.65,0.96,44.0,0.98,405.07,0.99,2449.88,0.02,405.07,0.01,2449.88,0.03,549.65,0.04,44.0,0.01,0.01,2334.653605,1776214680000
1776214682.233,182.233,0.97,539.65,0.96,44.0,0.98,404.04,0.99,2755.88,0.02,404.04,0.01,2755.88,0.03,539.65,0.04,44.0,0.01,0.01,2334.952501,1776214681000
1776214683.255,183.255,0.97,590.65,0.96,44.0,0.98,393.83,0.99,2755.88,0.02,404.04,0.01,2755.88,0.03,539.65,0.04,44.0,0.01,0.01,2334.952501,1776214681000
1776214683.955,183.955,0.97,590.65,0.96,44.0,0.98,393.83,0.99,2755.88,0.02,393.83,0.01,2755.88,0.03,590.65,0.04,44.0,0.01,0.01,2334.909288,1776214683000
1776214684.236,184.236,0.97,520.65,0.96,44.0,0.98,146.72,0.99,2035.88,0.02,151.83,0.01,2035.88,0.03,520.65,0.04,44.0,0.01,0.01,2334.909288,1776214683000
1776214684.529,184.529,0.97,481.98,0.96,229.0,0.98,192.11,0.99,2335.88,0.02,141.61,0.01,2035.88,0.03,525.65,0.04,44.0,0.01,0.01,2334.909288,1776214683000
1776214684.958,184.958,0.97,481.98,0.96,229.0,0.98,192.11,0.99,2335.88,0.02,192.11,0.01,2335.88,0.03,481.98,0.04,229.0,0.01,0.01,2334.910871,1776214684000
1776214685.871,185.871,0.97,481.98,0.96,229.0,0.98,192.11,0.99,2335.88,0.02,192.11,0.01,2335.88,0.03,481.98,0.04,229.0,0.01,0.01,2335.129257,1776214685000
1776214686.235,186.235,0.97,487.98,0.96,234.0,0.98,172.11,0.99,1772.28,0.02,192.11,0.01,2335.88,0.03,481.98,0.04,229.0,0.01,0.01,2335.129257,1776214685000
1776214686.983,186.983,0.97,487.98,0.96,234.0,0.98,172.11,0.99,1772.28,0.02,172.11,0.01,1772.28,0.03,487.98,0.04,234.0,0.01,0.01,2335.246991,1776214686000
1776214687.997,187.997,0.97,487.98,0.96,234.0,0.98,172.11,0.99,1772.28,0.02,172.11,0.01,1772.28,0.03,487.98,0.04,234.0,0.01,0.01,2335.275249,1776214687000
1776214689.079,189.079,0.97,487.98,0.96,234.0,0.98,172.11,0.99,1772.28,0.02,172.11,0.01,1772.28,0.03,487.98,0.04,234.0,0.01,0.01,2335.293465,1776214688000
1776214689.451,189.451,0.97,405.31,0.96,330.7,0.98,329.67,0.99,1764.78,0.02,172.11,0.01,1772.28,0.03,487.98,0.04,234.0,0.01,0.01,2335.293465,1776214688000
1776214690.844,190.844,0.97,405.31,0.96,330.7,0.98,329.67,0.99,1764.78,0.02,329.67,0.01,1764.78,0.03,405.31,0.04,330.7,0.01,0.01,2335.361757,1776214689000
1776214691.466,191.466,0.97,405.31,0.96,330.7,0.98,329.67,0.99,1764.78,0.02,329.67,0.01,1764.78,0.03,405.31,0.04,330.7,0.01,0.01,2335.51947,1776214690000
1776214691.899,191.899,0.97,419.31,0.96,324.7,0.98,328.64,0.99,1769.78,0.02,329.67,0.01,1764.78,0.03,405.31,0.04,330.7,0.01,0.01,2335.51947,1776214690000
1776214693.198,193.198,0.97,414.31,0.96,624.7,0.98,319.37,0.99,1769.78,0.02,319.37,0.01,1769.78,0.03,414.31,0.04,624.7,0.01,0.01,2335.555227,1776214692000
1776214694.324,194.324,0.97,414.31,0.96,624.7,0.98,319.37,0.99,1769.78,0.02,319.37,0.01,1769.78,0.03,414.31,0.04,624.7,0.01,0.01,2335.562489,1776214693000
1776214695.049,195.049,0.97,414.31,0.96,624.7,0.98,319.37,0.99,1769.78,0.02,319.37,0.01,1769.78,0.03,414.31,0.04,624.7,0.01,0.01,2335.574719,1776214694000
1776214695.914,195.914,0.97,395.31,0.96,318.7,0.98,298.97,0.99,1918.78,0.02,319.37,0.01,1769.78,0.03,414.31,0.04,624.7,0.01,0.01,2335.574719,1776214694000
1776214697.054,197.054,0.97,395.31,0.96,318.7,0.98,298.97,0.99,1918.78,0.02,298.97,0.01,1918.78,0.03,395.31,0.04,318.7,0.01,0.01,2335.39265,1776214696000
1776214698.088,198.088,0.97,395.31,0.96,318.7,0.98,298.97,0.99,1918.78,0.02,298.97,0.01,1918.78,0.03,395.31,0.04,318.7,0.01,0.01,2335.539175,1776214697000
1776214699.732,199.732,0.97,395.31,0.96,318.7,0.98,298.97,0.99,1918.78,0.02,298.97,0.01,1918.78,0.03,395.31,0.04,318.7,0.01,0.01,2335.442041,1776214698000
1776214700.303,200.303,0.97,395.31,0.96,318.7,0.98,298.97,0.99,1918.78,0.02,298.97,0.01,1918.78,0.03,395.31,0.04,318.7,0.01,0.01,2335.463462,1776214699000
1776214701.303,201.303,0.97,395.31,0.96,318.7,0.98,298.97,0.99,1918.78,0.02,298.97,0.01,1918.78,0.03,395.31,0.04,318.7,0.01,0.01,2335.463438,1776214700000
1776214701.598,201.598,0.97,346.01,0.96,367.2,0.98,243.47,0.99,1410.78,0.02,298.97,0.01,1918.78,0.03,395.31,0.04,318.7,0.01,0.01,2335.463438,1776214700000
1776214701.821,201.821,0.97,531.01,0.96,336.2,0.98,238.47,0.99,1410.78,0.02,243.47,0.01,1410.78,0.03,346.01,0.04,367.2,0.01,0.01,2335.463438,1776214700000
1776214702.981,202.981,0.97,531.01,0.96,336.2,0.98,238.47,0.99,1410.78,0.02,238.47,0.01,1410.78,0.03,531.01,0.04,336.2,0.01,0.01,2335.477252,1776214702000
1776214703.938,203.938,0.97,531.01,0.96,336.2,0.98,238.47,0.99,1410.78,0.02,238.47,0.01,1410.78,0.03,531.01,0.04,336.2,0.01,0.01,2335.75602,1776214703000
1776214704.378,204.378,0.97,389.31,0.96,176.2,0.98,292.94,0.99,1405.78,0.02,238.47,0.01,1410.78,0.03,531.01,0.04,336.2,0.01,0.01,2335.75602,1776214703000
1776214704.677,204.677,0.97,395.31,0.96,176.2,0.98,283.82,0.99,1410.78,0.02,284.85,0.01,1405.78,0.03,389.31,0.04,176.2,0.01,0.01,2335.75602,1776214703000
1776214704.934,204.934,0.97,395.31,0.96,176.2,0.98,217.42,0.99,1410.78,0.02,217.42,0.01,1410.78,0.03,395.31,0.04,176.2,0.01,0.01,2335.743739,1776214704000
1776214705.913,205.913,0.97,395.31,0.96,176.2,0.98,217.42,0.99,1410.78,0.02,217.42,0.01,1410.78,0.03,395.31,0.04,176.2,0.01,0.01,2335.691561,1776214705000
1776214706.419,206.419,0.97,533.01,0.96,688.03,0.98,147.39,0.99,1410.78,0.02,153.42,0.01,1410.78,0.03,538.01,0.04,688.03,0.01,0.01,2335.691561,1776214705000
1776214706.866,206.866,0.97,533.01,0.96,688.03,0.98,147.39,0.99,1410.78,0.02,147.39,0.01,1410.78,0.03,533.01,0.04,688.03,0.01,0.01,2335.716968,1776214706000
1776214707.922,207.922,0.97,533.01,0.96,688.03,0.98,147.39,0.99,1410.78,0.02,147.39,0.01,1410.78,0.03,533.01,0.04,688.03,0.01,0.01,2335.75283,1776214707000
1776214708.252,208.252,0.97,677.18,0.96,427.7,0.98,152.39,0.99,1415.78,0.02,147.39,0.01,1410.78,0.03,533.01,0.04,688.03,0.01,0.01,2335.75283,1776214707000
1776214708.835,208.835,0.97,962.18,0.96,427.7,0.98,132.14,0.99,1415.78,0.02,152.39,0.01,1415.78,0.03,677.18,0.04,427.7,0.01,0.01,2335.75283,1776214707000
1776214709.853,209.853,0.97,962.18,0.96,427.7,0.98,132.14,0.99,1415.78,0.02,132.14,0.01,1415.78,0.03,962.18,0.04,427.7,0.01,0.01,2335.707853,1776214709000
1776214710.27,210.27,0.98,143.36,0.97,436.18,0.99,1516.78,,,0.01,1415.78,,,0.02,13.36,0.03,967.18,0.01,0.01,2335.707853,1776214709000
1776214710.553,210.553,0.98,297.34,0.97,269.31,0.99,1509.76,,,0.01,1509.76,,,0.02,290.34,0.03,269.31,0.01,0.01,2335.707853,1776214709000
1776214710.81,210.81,0.98,297.34,0.97,269.31,0.99,1509.76,,,0.01,1509.76,,,0.02,297.34,0.03,269.31,0.01,0.01,2335.620664,1776214710000
1776214711.821,211.821,0.98,290.34,0.97,79.31,0.99,1361.73,,,0.01,1361.73,,,0.02,290.34,0.03,79.31,0.01,0.01,2335.6062,1776214711000
1776214712.614,212.614,0.98,305.34,0.97,57.0,0.99,1571.73,,,0.01,1361.73,,,0.02,290.34,0.03,79.31,0.01,0.01,2335.6062,1776214711000
1776214713.203,213.203,0.98,305.34,0.97,57.0,0.99,1571.73,,,0.01,1571.73,,,0.02,305.34,0.03,57.0,0.01,0.01,2335.407026,1776214712000
1776214714.782,214.782,0.98,305.34,0.97,57.0,0.99,1571.73,,,0.01,1571.73,,,0.02,305.34,0.03,57.0,0.01,0.01,2335.354061,1776214713000
1776214715.527,215.527,0.98,305.34,0.97,57.0,0.99,1571.73,,,0.01,1571.73,,,0.02,305.34,0.03,57.0,0.01,0.01,2335.285919,1776214714000
1776214716.338,216.338,0.98,305.34,0.97,57.0,0.99,1571.73,,,0.01,1571.73,,,0.02,305.34,0.03,57.0,0.01,0.01,2335.308233,1776214715000
1776214717.184,217.184,0.98,305.34,0.97,57.0,0.99,1571.73,,,0.01,1571.73,,,0.02,305.34,0.03,57.0,0.01,0.01,2335.295853,1776214716000
1776214718.427,218.427,0.98,143.94,0.97,56.0,0.99,1530.73,,,0.01,1571.73,,,0.02,305.34,0.03,57.0,0.01,0.01,2335.295853,1776214716000
1776214719.013,219.013,0.98,143.94,0.97,56.0,0.99,1530.73,,,0.01,1530.73,,,0.02,143.94,0.03,56.0,0.01,0.01,2335.201981,1776214718000
1776214720.211,220.211,0.98,143.94,0.97,36.0,0.99,1873.33,,,0.01,1873.33,,,0.02,143.94,0.03,36.0,0.01,0.01,2335.161209,1776214719000
1776214721.152,221.152,0.98,231.99,0.97,36.0,0.99,1868.33,,,0.01,1873.33,,,0.02,143.94,0.03,36.0,0.01,0.01,2335.161209,1776214719000
1776214721.906,221.906,0.98,231.99,0.97,36.0,0.99,1868.33,,,0.01,1868.33,,,0.02,231.99,0.03,36.0,0.01,0.01,2334.88982,1776214721000
1776214723.069,223.069,0.98,369.58,0.97,36.0,0.99,1858.17,,,0.01,1858.17,,,0.02,369.58,0.03,36.0,0.01,0.01,2334.856754,1776214722000
1776214724.175,224.175,0.98,369.58,0.97,36.0,0.99,1858.17,,,0.01,1858.17,,,0.02,369.58,0.03,36.0,0.01,0.01,2334.837676,1776214723000
1776214725.279,225.279,0.98,369.58,0.97,36.0,0.99,1858.17,,,0.01,1858.17,,,0.02,369.58,0.03,36.0,0.01,0.01,2334.836692,1776214724000
1776214726.4,226.4,0.98,369.58,0.97,36.0,0.99,1858.17,,,0.01,1858.17,,,0.02,369.58,0.03,36.0,0.01,0.01,2334.852393,1776214725000
1776214727.023,227.023,0.98,369.58,0.97,36.0,0.99,1858.17,,,0.01,1858.17,,,0.02,369.58,0.03,36.0,0.01,0.01,2334.875356,1776214726000
1776214728.142,228.142,0.98,369.58,0.97,36.0,0.99,1858.17,,,0.01,1858.17,,,0.02,369.58,0.03,36.0,0.01,0.01,2334.869619,1776214727000
1776214729.22,229.22,0.98,369.58,0.97,36.0,0.99,1858.17,,,0.01,1858.17,,,0.02,369.58,0.03,36.0,0.01,0.01,2334.75908,1776214728000
1776214730.355,230.355,0.98,369.58,0.97,36.0,0.99,1858.17,,,0.01,1858.17,,,0.02,369.58,0.03,36.0,0.01,0.01,2334.645591,1776214729000
1776214730.947,230.947,0.98,369.58,0.97,36.0,0.99,1858.17,,,0.01,1858.17,,,0.02,369.58,0.03,36.0,0.01,0.01,2334.636749,1776214730000
1776214732.012,232.012,0.98,369.58,0.97,36.0,0.99,1858.17,,,0.01,1858.17,,,0.02,369.58,0.03,36.0,0.01,0.01,2334.614382,1776214731000
1776214733.083,233.083,0.98,369.58,0.97,36.0,0.99,1858.17,,,0.01,1858.17,,,0.02,369.58,0.03,36.0,0.01,0.01,2334.615248,1776214732000
1776214734.099,234.099,0.98,369.58,0.97,36.0,0.99,1858.17,,,0.01,1858.17,,,0.02,369.58,0.03,36.0,0.01,0.01,2334.593379,1776214733000
1776214735.215,235.215,0.98,369.58,0.97,36.0,0.99,1858.17,,,0.01,1858.17,,,0.02,369.58,0.03,36.0,0.01,0.01,2334.605382,1776214734000
1776214736.306,236.306,0.98,369.58,0.97,36.0,0.99,1858.17,,,0.01,1858.17,,,0.02,369.58,0.03,36.0,0.01,0.01,2334.649251,1776214735000
1776214736.847,236.847,0.98,373.39,0.97,69.0,0.99,1248.57,,,0.01,1858.17,,,0.02,369.58,0.03,36.0,0.01,0.01,2334.649251,1776214735000
1776214737.377,237.377,0.98,373.39,0.97,69.0,0.99,1248.57,,,0.01,1248.57,,,0.02,373.39,0.03,69.0,0.01,0.01,2334.648939,1776214736000
1776214737.899,237.899,0.98,373.39,0.97,69.0,0.99,1248.57,,,0.01,1248.57,,,0.02,373.39,0.03,69.0,0.01,0.01,2334.648824,1776214737000
1776214738.902,238.902,0.98,373.39,0.97,69.0,0.99,1248.57,,,0.01,1248.57,,,0.02,373.39,0.03,69.0,0.01,0.01,2334.65548,1776214738000
1776214739.912,239.912,0.98,373.39,0.97,69.0,0.99,1248.57,,,0.01,1248.57,,,0.02,373.39,0.03,69.0,0.01,0.01,2334.6998,1776214739000
1776214740.569,240.569,0.98,378.39,0.97,358.7,0.99,1266.57,,,0.01,1248.57,,,0.02,373.39,0.03,69.0,0.01,0.01,2334.6998,1776214739000
1776214740.905,240.905,0.98,378.39,0.97,358.7,0.99,1266.57,,,0.01,1266.57,,,0.02,378.39,0.03,358.7,0.01,0.01,2334.776584,1776214740000
1776214741.544,241.544,0.99,1281.43,0.98,561.09,,,,,0.01,1266.57,,,0.02,378.39,0.03,358.7,,0.01,2334.776584,1776214740000
1776214741.961,241.961,0.99,1281.43,0.98,561.09,,,,,,,,,0.01,1281.43,0.02,561.09,,,2334.776481,1776214741000
1776214742.199,242.199,0.99,1407.94,0.98,561.09,,,,,,,,,0.01,1281.43,0.02,561.09,,,2334.776481,1776214741000
1776214742.992,242.992,0.99,1406.92,0.98,561.09,,,,,,,,,0.01,1406.92,0.02,561.09,,,2334.77652,1776214742000
1776214744.443,244.443,0.99,1406.92,0.98,561.09,,,,,,,,,0.01,1406.92,0.02,561.09,,,2334.779531,1776214743000
1776214744.892,244.892,0.99,1406.92,0.98,561.09,,,,,,,,,0.01,1406.92,0.02,561.09,,,2334.788607,1776214744000
1776214745.958,245.958,0.99,1406.92,0.98,561.09,,,,,,,,,0.01,1406.92,0.02,561.09,,,2334.86029,1776214745000
1776214746.738,246.738,0.99,1288.69,0.98,720.09,,,,,,,,,0.01,1406.92,0.02,561.09,,,2334.86029,1776214745000
1776214747.838,247.838,0.99,1288.69,0.98,720.09,,,,,,,,,0.01,1288.69,0.02,720.09,,,2335.155164,1776214747000
1776214748.856,248.856,0.99,1288.69,0.98,720.09,,,,,,,,,0.01,1288.69,0.02,720.09,,,2335.364406,1776214748000
1776214750.233,250.233,0.99,1288.69,0.98,720.09,,,,,,,,,0.01,1288.69,0.02,720.09,,,2335.41925,1776214749000
1776214751.256,251.256,0.99,1288.69,0.98,720.09,,,,,,,,,0.01,1288.69,0.02,720.09,,,2335.603957,1776214750000
1776214752.208,252.208,0.99,1288.69,0.98,720.09,,,,,,,,,0.01,1288.69,0.02,720.09,,,2335.606914,1776214751000
1776214753.175,253.175,0.99,1288.69,0.98,720.09,,,,,,,,,0.01,1288.69,0.02,720.09,,,2335.633604,1776214752000
1776214754.119,254.119,0.99,1288.69,0.98,720.09,,,,,,,,,0.01,1288.69,0.02,720.09,,,2335.660268,1776214753000
1776214755.145,255.145,0.99,1288.69,0.98,720.09,,,,,,,,,0.01,1288.69,0.02,720.09,,,2335.771379,1776214754000
1776214756.537,256.537,0.99,1288.69,0.98,720.09,,,,,,,,,0.01,1288.69,0.02,720.09,,,2335.830986,1776214755000
1776214757.093,257.093,0.99,1288.69,0.98,720.09,,,,,,,,,0.01,1288.69,0.02,720.09,,,2335.761278,1776214756000
1776214758.162,258.162,0.99,1288.69,0.98,720.09,,,,,,,,,0.01,1288.69,0.02,720.09,,,2335.762158,1776214757000
1776214759.232,259.232,0.99,1288.69,0.98,720.09,,,,,,,,,0.01,1288.69,0.02,720.09,,,2335.764854,1776214758000
1776214760.173,260.173,0.99,1288.69,0.98,720.09,,,,,,,,,0.01,1288.69,0.02,720.09,,,2335.767938,1776214759000
1776214760.936,260.936,0.99,7137.92,0.98,308.69,,,,,,,,,0.01,1288.69,0.02,720.09,,,2335.767938,1776214759000
1776214761.222,261.222,0.99,7137.92,0.98,308.69,,,,,,,,,0.01,7137.92,0.02,308.69,,,2335.801786,1776214760000
1776214762.157,262.157,0.99,7137.92,0.98,308.69,,,,,,,,,0.01,7137.92,0.02,308.69,,,2335.895666,1776214761000
1776214763.181,263.181,0.99,7137.92,0.98,308.69,,,,,,,,,0.01,7137.92,0.02,308.69,,,2335.61938,1776214762000
1776214764.095,264.095,0.99,7137.92,0.98,308.69,,,,,,,,,0.01,7137.92,0.02,308.69,,,2335.4629,1776214763000
1776214765.097,265.097,0.99,7137.92,0.98,308.69,,,,,,,,,0.01,7137.92,0.02,308.69,,,2335.456515,1776214764000
1776214766.057,266.057,0.99,7137.92,0.98,308.69,,,,,,,,,0.01,7137.92,0.02,308.69,,,2335.404851,1776214765000
1776214767.066,267.066,0.99,7137.92,0.98,308.69,,,,,,,,,0.01,7137.92,0.02,308.69,,,2335.429527,1776214766000
1776214768.002,268.002,0.99,7137.92,0.98,308.69,,,,,,,,,0.01,7137.92,0.02,308.69,,,2335.403569,1776214767000
1776214769.748,269.748,0.99,7137.92,0.98,308.69,,,,,,,,,0.01,7137.92,0.02,308.69,,,2335.397399,1776214768000
1776214770.719,270.719,0.99,7137.92,0.98,308.69,,,,,,,,,0.01,7137.92,0.02,308.69,,,2335.389609,1776214769000
1776214771.584,271.584,0.99,7137.92,0.98,308.69,,,,,,,,,0.01,7137.92,0.02,308.69,,,2335.338988,1776214770000
1776214772.2,272.2,0.99,7137.92,0.98,308.69,,,,,,,,,0.01,7137.92,0.02,308.69,,,2335.238329,1776214771000
1776214773.659,273.659,0.99,7137.92,0.98,308.69,,,,,,,,,0.01,7137.92,0.02,308.69,,,2335.230853,1776214772000
1776214774.301,274.301,0.99,7137.92,0.98,308.69,,,,,,,,,0.01,7137.92,0.02,308.69,,,2335.236451,1776214773000
1776214774.947,274.947,0.99,7137.92,0.98,308.69,,,,,,,,,0.01,7137.92,0.02,308.69,,,2335.1412,1776214774000
1776214776.317,276.317,0.99,7137.92,0.98,308.69,,,,,,,,,0.01,7137.92,0.02,308.69,,,2335.049757,1776214775000
1776214777.049,277.049,0.99,7137.92,0.98,308.69,,,,,,,,,0.01,7137.92,0.02,308.69,,,2335.047793,1776214776000
1776214778.31,278.31,0.99,7137.92,0.98,308.69,,,,,,,,,0.01,7137.92,0.02,308.69,,,2335.089221,1776214777000
1776214779.019,279.019,0.99,7137.92,0.98,308.69,,,,,,,,,0.01,7137.92,0.02,308.69,,,2335.039214,1776214778000
1776214780.332,280.332,0.99,7137.92,0.98,308.69,,,,,,,,,0.01,7137.92,0.02,308.69,,,2335.102071,1776214779000
1776214780.971,280.971,0.99,7137.92,0.98,308.69,,,,,,,,,0.01,7137.92,0.02,308.69,,,2335.350934,1776214780000
1776214782.435,282.435,0.99,7137.92,0.98,308.69,,,,,,,,,0.01,7137.92,0.02,308.69,,,2335.397833,1776214781000
1776214783.099,283.099,0.99,7137.92,0.98,308.69,,,,,,,,,0.01,7137.92,0.02,308.69,,,2335.394832,1776214782000
1776214784.385,284.385,0.99,7137.92,0.98,308.69,,,,,,,,,0.01,7137.92,0.02,308.69,,,2335.334721,1776214783000
1776214785.059,285.059,0.99,7137.92,0.98,308.69,,,,,,,,,0.01,7137.92,0.02,308.69,,,2335.381,1776214784000
1776214786.371,286.371,0.99,7137.92,0.98,308.69,,,,,,,,,0.01,7137.92,0.02,308.69,,,2335.266533,1776214785000
1776214787.615,287.615,0.99,7137.92,0.98,308.69,,,,,,,,,0.01,7137.92,0.02,308.69,,,2335.33269,1776214786000
1776214788.236,288.236,0.99,7137.92,0.98,308.69,,,,,,,,,0.01,7137.92,0.02,308.69,,,2335.175897,1776214787000
1776214789.349,289.349,0.99,7137.92,0.98,308.69,,,,,,,,,0.01,7137.92,0.02,308.69,,,2334.838719,1776214788000
1776214790.017,290.017,0.99,7137.92,0.98,308.69,,,,,,,,,0.01,7137.92,0.02,308.69,,,2334.80204,1776214789000
1776214791.068,291.068,0.99,7137.92,0.98,308.69,,,,,,,,,0.01,7137.92,0.02,308.69,,,2334.756957,1776214790000
1776214792.172,292.172,0.99,7137.92,0.98,308.69,,,,,,,,,0.01,7137.92,0.02,308.69,,,2334.75902,1776214791000
1776214793.348,293.348,0.99,7137.92,0.98,308.69,,,,,,,,,0.01,7137.92,0.02,308.69,,,2334.771495,1776214792000
1776214793.879,293.879,0.99,7137.92,0.98,308.69,,,,,,,,,0.01,7137.92,0.02,308.69,,,2334.771495,1776214793000
1776214794.975,294.975,0.99,7137.92,0.98,308.69,,,,,,,,,0.01,7137.92,0.02,308.69,,,2334.738813,1776214794000
1776214797.048,297.048,0.99,7137.92,0.98,308.69,,,,,,,,,0.01,7137.92,0.02,308.69,,,2334.71879,1776214796000
1776214798.307,298.307,0.99,7137.92,0.98,308.69,,,,,,,,,0.01,7137.92,0.02,308.69,,,2334.621504,1776214797000
1776214798.873,298.873,0.99,7137.92,0.98,308.69,,,,,,,,,0.01,7137.92,0.02,308.69,,,2334.621504,1776214798000
1776214800.081,300.081,0.99,13510.28,0.98,202.99,,,,,,,,,0.01,13510.28,0.02,202.99,,,2334.619624,1776214799000
1776214800.512,300.512,0.99,69528.15,0.98,178.0,,,,,,,,,0.01,13510.28,0.02,202.99,,,2334.619624,1776214799000

# RESULT,winner=Up,slug=eth-updown-5m-1776214500,ticks=436
