timestamp,elapsed_sec,up_bid_p1,up_bid_s1,up_bid_p2,up_bid_s2,up_ask_p1,up_ask_s1,up_ask_p2,up_ask_s2,down_bid_p1,down_bid_s1,down_bid_p2,down_bid_s2,down_ask_p1,down_ask_s1,down_ask_p2,down_ask_s2,up_spread,down_spread,eth_price,eth_oracle_ts
1776182411.115,11.115,,,,,,,,,,,,,,,,,,,2365.545503,1776182410000
1776182411.394,11.394,0.5,238.0,0.49,154.0,0.51,10.0,0.52,25.0,0.48,20.0,0.47,52.11,0.49,25.0,0.5,233.0,0.01,0.01,2365.545503,1776182410000
1776182411.893,11.893,0.51,175.0,0.5,120.0,0.52,5.0,0.53,52.11,0.48,20.0,0.47,52.11,0.49,25.0,0.5,233.0,0.01,0.01,2365.545503,1776182410000
1776182412.108,12.108,0.51,169.52,0.5,120.0,0.52,5.0,0.53,52.11,0.48,5.0,0.47,52.11,0.49,169.52,0.5,120.0,0.01,0.01,2365.675905,1776182411000
1776182412.465,12.465,0.52,137.91,0.51,20.0,0.53,62.11,0.54,115.0,0.47,62.11,0.46,110.0,0.49,140.0,0.5,115.0,0.01,0.02,2365.675905,1776182411000
1776182413.178,13.178,0.52,137.91,0.51,20.0,0.53,65.22,0.54,115.0,0.47,65.22,0.46,115.0,0.48,137.91,0.49,20.0,0.01,0.01,2365.67064,1776182412000
1776182414.14,14.14,0.52,137.91,0.51,20.0,0.53,65.22,0.54,115.0,0.47,65.22,0.46,115.0,0.48,137.91,0.49,20.0,0.01,0.01,2365.751318,1776182413000
1776182414.697,14.697,0.48,232.77,0.47,125.0,0.49,12.95,0.5,15.0,0.51,15.0,0.5,10.0,0.52,237.77,0.53,125.0,0.01,0.01,2365.751318,1776182413000
1776182415.095,15.095,0.48,232.77,0.47,125.0,0.49,12.95,0.5,15.0,0.51,12.95,0.5,15.0,0.52,232.77,0.53,125.0,0.01,0.01,2365.749432,1776182414000
1776182416.162,16.162,0.51,235.0,0.5,145.94,0.52,19.39,0.53,41.22,0.51,12.95,0.5,15.0,0.52,232.77,0.53,125.0,0.01,0.01,2365.749432,1776182414000
1776182417.904,17.904,0.51,235.0,0.5,145.94,0.52,19.39,0.53,41.22,0.48,19.39,0.47,41.22,0.49,235.0,0.5,145.94,0.01,0.01,2365.59713,1776182416000
1776182418.432,18.432,0.51,275.0,0.5,145.94,0.52,17.46,0.53,27.0,0.48,19.39,0.47,41.22,0.49,235.0,0.5,145.94,0.01,0.01,2365.59713,1776182416000
1776182419.053,19.053,0.51,367.0,0.5,155.94,0.53,20.0,0.54,90.0,0.48,17.46,0.47,27.0,0.49,275.0,0.5,145.94,0.02,0.01,2365.73524,1776182417000
1776182419.355,19.355,0.53,225.0,0.52,255.0,0.54,3.14,0.55,52.0,0.46,80.0,0.45,40.0,0.49,370.0,0.5,163.94,0.01,0.03,2365.73524,1776182417000
1776182419.59,19.59,0.53,230.0,0.52,255.0,0.54,1.21,0.55,52.0,0.46,1.21,0.45,52.0,0.47,230.0,0.48,255.0,0.01,0.01,2365.73673,1776182418000
1776182419.793,19.793,0.55,5.0,0.54,110.0,0.56,23.0,0.57,25.0,0.44,16.0,0.43,35.0,0.47,250.0,0.48,275.0,0.01,0.03,2365.73673,1776182418000
1776182420.088,20.088,0.55,125.0,0.54,115.0,0.56,44.49,0.57,56.0,0.44,23.0,0.43,25.0,0.45,5.0,0.46,110.0,0.01,0.01,2365.73673,1776182418000
1776182420.464,20.464,0.55,130.0,0.54,115.0,0.57,26.87,0.58,141.0,0.44,7.76,0.43,56.0,0.45,125.0,0.46,115.0,0.02,0.01,2365.77715,1776182419000
1776182420.887,20.887,0.56,15.0,0.55,10.0,0.57,61.58,0.58,256.0,0.43,26.87,0.42,141.0,0.45,130.0,0.46,115.0,0.01,0.02,2365.77715,1776182419000
1776182421.51,21.51,0.53,20.0,0.52,170.0,0.55,14.0,0.57,89.58,0.45,14.0,0.43,89.58,0.47,20.0,0.48,170.0,0.02,0.02,2366.35477,1776182420000
1776182422.288,22.288,0.52,10.0,0.51,20.0,0.53,40.0,0.54,135.0,0.47,40.0,0.46,135.0,0.48,10.0,0.49,20.0,0.01,0.01,2366.349263,1776182421000
1776182422.767,22.767,0.5,10.94,0.49,275.0,0.53,180.0,0.54,40.0,0.47,40.0,0.46,135.0,0.48,10.0,0.49,20.0,0.03,0.01,2366.349263,1776182421000
1776182423.33,23.33,0.56,10.0,0.55,20.0,0.58,147.0,0.59,109.19,0.49,4.74,0.48,37.0,0.5,20.94,0.51,184.0,0.02,0.01,2366.349263,1776182421000
1776182424.119,24.119,0.56,10.0,0.55,20.0,0.58,147.0,0.59,109.19,0.42,147.0,0.41,109.19,0.44,10.0,0.45,20.0,0.02,0.02,2365.693538,1776182423000
1776182425.258,25.258,0.56,10.0,0.55,20.0,0.58,147.0,0.59,109.19,0.42,147.0,0.41,109.19,0.44,10.0,0.45,20.0,0.02,0.02,2366.037355,1776182424000
1776182426.574,26.574,0.56,10.0,0.55,20.0,0.58,147.0,0.59,109.19,0.42,147.0,0.41,109.19,0.44,10.0,0.45,20.0,0.02,0.02,2366.531024,1776182425000
1776182427.166,27.166,0.63,12.29,0.62,15.0,0.64,271.0,0.65,25.0,0.36,271.0,0.35,25.0,0.37,12.29,0.38,15.0,0.01,0.01,2366.708465,1776182426000
1776182428.326,28.326,0.63,12.29,0.62,15.0,0.64,271.0,0.65,25.0,0.36,271.0,0.35,25.0,0.37,12.29,0.38,15.0,0.01,0.01,2366.903118,1776182427000
1776182428.661,28.661,0.63,120.0,0.62,80.0,0.66,84.0,0.67,180.0,0.34,60.0,0.33,190.0,0.37,186.0,0.38,85.0,0.03,0.03,2366.903118,1776182427000
1776182428.934,28.934,0.65,10.0,0.64,10.0,0.66,32.0,0.67,65.0,0.34,32.0,0.33,65.0,0.35,10.0,0.36,10.0,0.01,0.01,2366.844114,1776182428000
1776182429.148,29.148,0.65,40.0,0.64,135.0,0.66,0.47,0.67,70.0,0.34,32.0,0.33,65.0,0.35,10.0,0.36,10.0,0.01,0.01,2366.844114,1776182428000
1776182430.277,30.277,0.65,40.0,0.64,135.0,0.66,0.47,0.67,70.0,0.34,0.47,0.33,70.0,0.35,40.0,0.36,135.0,0.01,0.01,2367.026661,1776182429000
1776182431.572,31.572,0.65,30.0,0.64,130.0,0.66,112.91,0.67,75.0,0.34,0.47,0.33,70.0,0.35,40.0,0.36,135.0,0.01,0.01,2367.026661,1776182429000
1776182432.103,32.103,0.65,30.0,0.64,130.0,0.66,112.91,0.67,75.0,0.34,112.91,0.33,75.0,0.35,30.0,0.36,130.0,0.01,0.01,2367.147473,1776182431000
1776182432.392,32.392,0.65,42.0,0.64,130.0,0.66,51.3,0.67,60.0,0.34,46.38,0.33,60.0,0.35,162.0,0.36,15.0,0.01,0.01,2367.147473,1776182431000
1776182432.711,32.711,0.65,167.0,0.64,15.0,0.66,42.42,0.67,65.0,0.34,51.3,0.33,60.0,0.35,42.0,0.36,130.0,0.01,0.01,2367.147473,1776182431000
1776182433.287,33.287,0.65,167.0,0.64,15.0,0.66,42.42,0.67,65.0,0.34,42.42,0.33,65.0,0.35,167.0,0.36,15.0,0.01,0.01,2367.186873,1776182432000
1776182434.012,34.012,0.65,10.0,0.64,10.0,0.66,370.48,0.67,118.0,0.34,200.99,0.33,70.0,0.35,5.0,0.36,10.0,0.01,0.01,2367.186873,1776182432000
1776182435.096,35.096,0.62,19.19,0.61,40.0,0.64,406.0,0.65,118.0,0.34,370.48,0.33,118.0,0.36,9.0,0.37,50.0,0.02,0.02,2367.235126,1776182433000
1776182435.989,35.989,0.62,19.19,0.61,40.0,0.64,406.0,0.65,118.0,0.36,406.0,0.35,118.0,0.38,19.19,0.39,40.0,0.02,0.02,2367.204203,1776182434000
1776182436.517,36.517,0.62,19.19,0.61,40.0,0.64,406.0,0.65,118.0,0.36,406.0,0.35,118.0,0.38,19.19,0.39,40.0,0.02,0.02,2366.8684,1776182435000
1776182436.966,36.966,0.62,19.19,0.61,40.0,0.64,406.0,0.65,118.0,0.36,406.0,0.35,118.0,0.38,19.19,0.39,40.0,0.02,0.02,2366.8217,1776182436000
1776182437.485,37.485,0.58,135.0,0.57,139.19,0.6,305.0,0.61,119.0,0.36,406.0,0.35,118.0,0.38,19.19,0.39,40.0,0.02,0.02,2366.8217,1776182436000
1776182438.117,38.117,0.58,135.0,0.57,139.19,0.6,305.0,0.61,119.0,0.4,305.0,0.39,119.0,0.42,135.0,0.43,139.19,0.02,0.02,2366.579696,1776182437000
1776182438.32,38.32,0.59,10.0,0.58,335.0,0.6,70.0,0.61,50.0,0.41,50.0,0.4,76.0,0.42,295.0,0.43,135.0,0.01,0.01,2366.579696,1776182437000
1776182439.113,39.113,0.59,224.0,0.58,220.0,0.6,40.55,0.61,50.0,0.4,40.55,0.39,50.0,0.41,224.0,0.42,220.0,0.01,0.01,2366.33296,1776182438000
1776182440.018,40.018,0.58,105.0,0.57,120.0,0.59,5.0,0.6,20.0,0.41,5.0,0.4,20.0,0.42,105.0,0.43,120.0,0.01,0.01,2366.378816,1776182439000
1776182441.015,41.015,0.58,105.0,0.57,120.0,0.59,5.0,0.6,20.0,0.41,5.0,0.4,20.0,0.42,105.0,0.43,120.0,0.01,0.01,2366.3963,1776182440000
1776182442.121,42.121,0.58,105.0,0.57,120.0,0.59,5.0,0.6,20.0,0.41,5.0,0.4,20.0,0.42,105.0,0.43,120.0,0.01,0.01,2366.269742,1776182441000
1776182442.498,42.498,0.58,60.0,0.57,130.0,0.59,281.0,0.6,101.0,0.41,5.0,0.4,20.0,0.42,105.0,0.43,120.0,0.01,0.01,2366.269742,1776182441000
1776182443.108,43.108,0.58,60.0,0.57,130.0,0.59,281.0,0.6,101.0,0.41,281.0,0.4,101.0,0.42,60.0,0.43,130.0,0.01,0.01,2366.223745,1776182442000
1776182443.61,43.61,0.57,2.0,0.56,35.0,0.58,282.68,0.59,210.0,0.42,280.68,0.41,100.0,0.43,125.0,0.44,35.0,0.01,0.01,2366.223745,1776182442000
1776182443.953,43.953,0.56,35.0,0.55,54.19,0.57,16.22,0.58,237.68,0.42,379.68,0.41,218.0,0.44,35.0,0.45,54.19,0.01,0.02,2366.223745,1776182442000
1776182444.336,44.336,0.57,53.0,0.56,224.0,0.58,73.0,0.59,55.0,0.43,16.22,0.42,237.68,0.44,35.0,0.45,54.19,0.01,0.01,2366.225478,1776182443000
1776182444.663,44.663,0.57,74.0,0.56,324.0,0.58,37.0,0.59,50.0,0.42,73.0,0.41,55.0,0.43,53.0,0.44,224.0,0.01,0.01,2366.225478,1776182443000
1776182445.133,45.133,0.57,74.0,0.56,324.0,0.58,37.0,0.59,50.0,0.42,37.0,0.41,50.0,0.43,74.0,0.44,324.0,0.01,0.01,2366.11585,1776182444000
1776182445.423,45.423,0.57,79.0,0.56,379.0,0.58,41.91,0.59,85.0,0.42,37.0,0.41,50.0,0.43,74.0,0.44,324.0,0.01,0.01,2366.11585,1776182444000
1776182446.024,46.024,0.57,242.04,0.56,264.0,0.58,41.91,0.59,70.0,0.42,41.91,0.41,85.0,0.43,79.0,0.44,379.0,0.01,0.01,2366.11585,1776182444000
1776182446.241,46.241,0.57,70.06,0.56,259.0,0.58,41.91,0.59,70.0,0.42,41.91,0.41,70.0,0.43,70.06,0.44,259.0,0.01,0.01,2366.033727,1776182445000
1776182447.419,47.419,0.57,70.06,0.56,259.0,0.58,41.91,0.59,70.0,0.42,41.91,0.41,70.0,0.43,70.06,0.44,259.0,0.01,0.01,2366.21242,1776182446000
1776182447.846,47.846,0.57,70.06,0.56,259.0,0.58,41.91,0.59,70.0,0.42,41.91,0.41,70.0,0.43,70.06,0.44,259.0,0.01,0.01,2366.21979,1776182447000
1776182448.115,48.115,0.57,5.0,0.56,135.0,0.58,195.18,0.59,90.0,0.42,41.91,0.41,70.0,0.43,70.06,0.44,259.0,0.01,0.01,2366.21979,1776182447000
1776182448.476,48.476,0.57,5.0,0.56,135.0,0.58,193.18,0.59,90.0,0.42,195.18,0.41,90.0,0.43,5.0,0.44,135.0,0.01,0.01,2366.21979,1776182447000
1776182449.012,49.012,0.56,22.0,0.55,14.19,0.57,215.0,0.58,69.18,0.42,193.18,0.41,90.0,0.43,5.0,0.44,135.0,0.01,0.01,2366.21979,1776182447000
1776182449.401,49.401,0.56,22.0,0.55,14.19,0.57,215.0,0.58,69.18,0.43,215.0,0.42,69.18,0.44,22.0,0.45,14.19,0.01,0.01,2366.23339,1776182448000
1776182449.982,49.982,0.56,22.0,0.55,14.19,0.57,215.0,0.58,69.18,0.43,215.0,0.42,69.18,0.44,22.0,0.45,14.19,0.01,0.01,2366.22339,1776182449000
1776182450.885,50.885,0.56,22.0,0.55,14.19,0.57,215.0,0.58,69.18,0.43,215.0,0.42,69.18,0.44,22.0,0.45,14.19,0.01,0.01,2366.14272,1776182450000
1776182451.228,51.228,0.56,22.0,0.55,14.19,0.57,262.0,0.58,87.18,0.43,215.0,0.42,69.18,0.44,22.0,0.45,14.19,0.01,0.01,2366.14272,1776182450000
1776182451.781,51.781,0.54,10.0,0.53,109.19,0.55,80.0,0.56,30.0,0.43,257.0,0.42,87.18,0.45,9.19,0.46,20.0,0.01,0.02,2366.14272,1776182450000
1776182452.544,52.544,0.54,10.0,0.53,109.19,0.55,218.0,0.56,80.0,0.45,80.0,0.44,30.0,0.46,10.0,0.47,109.19,0.01,0.01,2366.024255,1776182451000
1776182453.317,53.317,0.54,10.0,0.53,109.19,0.55,202.54,0.56,90.0,0.45,202.54,0.44,90.0,0.46,10.0,0.47,109.19,0.01,0.01,2366.105822,1776182452000
1776182454.214,54.214,0.53,104.19,0.52,165.0,0.55,260.54,0.56,155.0,0.45,260.54,0.44,155.0,0.47,104.19,0.48,165.0,0.02,0.02,2365.885029,1776182453000
1776182454.5,54.5,0.52,1.87,0.51,48.8,0.53,414.0,0.54,57.0,0.45,260.54,0.44,155.0,0.47,104.19,0.48,165.0,0.01,0.02,2365.885029,1776182453000
1776182454.701,54.701,0.51,1.03,0.5,95.13,0.52,25.0,0.53,245.0,0.47,314.0,0.46,65.0,0.49,30.22,0.5,85.94,0.01,0.02,2365.885029,1776182453000
1776182454.997,54.997,0.5,84.94,0.49,179.19,0.51,96.0,0.52,40.0,0.48,25.0,0.47,245.0,0.49,1.03,0.5,95.13,0.01,0.01,2365.885029,1776182453000
1776182455.203,55.203,0.49,179.19,0.48,190.77,0.51,186.0,0.52,160.0,0.49,96.0,0.48,40.0,0.5,84.94,0.51,179.19,0.02,0.01,2365.885029,1776182453000
1776182456.213,56.213,0.49,179.19,0.48,190.77,0.51,186.0,0.52,160.0,0.49,186.0,0.48,160.0,0.51,179.19,0.52,190.77,0.02,0.02,2365.50575,1776182455000
1776182456.437,56.437,0.49,66.69,0.48,194.96,0.5,260.0,0.51,112.0,0.5,265.0,0.49,112.0,0.51,76.69,0.52,194.96,0.01,0.01,2365.50575,1776182455000
1776182457.232,57.232,0.48,194.96,0.47,165.0,0.5,265.0,0.51,112.0,0.5,265.0,0.49,112.0,0.52,194.96,0.53,165.0,0.02,0.02,2365.297537,1776182456000
1776182457.529,57.529,0.47,192.0,0.46,124.19,0.48,175.93,0.49,108.0,0.51,304.0,0.5,128.0,0.53,160.0,0.54,114.19,0.01,0.02,2365.297537,1776182456000
1776182457.78,57.78,0.48,10.0,0.47,382.0,0.49,2.0,0.5,62.0,0.52,36.0,0.51,55.0,0.53,379.0,0.54,179.19,0.01,0.01,2365.297537,1776182456000
1776182457.994,57.994,0.48,185.0,0.47,259.0,0.49,2.0,0.5,60.0,0.51,2.0,0.5,62.0,0.52,10.0,0.53,382.0,0.01,0.01,2365.297537,1776182456000
1776182458.2,58.2,0.49,51.69,0.48,130.0,0.5,55.0,0.51,190.0,0.5,60.0,0.49,190.0,0.51,8.0,0.52,185.0,0.01,0.01,2365.297537,1776182456000
1776182458.522,58.522,0.49,85.33,0.48,199.19,0.5,55.0,0.51,185.0,0.5,55.0,0.49,185.0,0.51,49.53,0.52,189.19,0.01,0.01,2365.13349,1776182457000
1776182458.841,58.841,0.49,76.02,0.48,64.19,0.5,60.0,0.51,215.0,0.5,55.0,0.49,185.0,0.51,85.33,0.52,199.19,0.01,0.01,2365.13349,1776182457000
1776182459.236,59.236,0.49,79.69,0.48,64.19,0.5,30.0,0.51,215.0,0.5,30.0,0.49,215.0,0.51,79.69,0.52,64.19,0.01,0.01,2364.994276,1776182458000
1776182460.267,60.267,0.49,79.69,0.48,64.19,0.5,30.0,0.51,215.0,0.5,30.0,0.49,215.0,0.51,79.69,0.52,64.19,0.01,0.01,2365.279454,1776182459000
1776182461.16,61.16,0.51,7.0,0.49,271.69,0.54,3.14,0.55,10.0,0.5,30.0,0.49,215.0,0.51,79.69,0.52,64.19,0.03,0.01,2365.279454,1776182459000
1776182461.556,61.556,0.53,19.48,0.52,212.19,0.54,3.14,0.56,70.0,0.46,3.14,0.44,60.0,0.47,49.46,0.48,227.51,0.01,0.01,2365.279454,1776182460000
1776182461.984,61.984,0.53,149.48,0.52,209.19,0.56,70.67,0.57,170.0,0.46,3.14,0.44,70.0,0.47,19.48,0.48,212.19,0.03,0.01,2365.279454,1776182460000
1776182462.331,62.331,0.53,149.48,0.52,209.19,0.56,70.67,0.57,170.0,0.44,70.67,0.43,170.0,0.47,149.48,0.48,209.19,0.03,0.03,2365.283765,1776182461000
1776182462.701,62.701,0.53,2.0,0.52,9.19,0.54,43.0,0.55,20.0,0.45,20.0,0.44,75.67,0.47,5.0,0.48,79.19,0.01,0.02,2365.283765,1776182461000
1776182462.939,62.939,0.5,38.52,0.49,84.69,0.52,10.0,0.53,15.0,0.48,10.0,0.47,15.0,0.5,38.52,0.51,84.69,0.02,0.02,2365.733725,1776182462000
1776182463.626,63.626,0.49,39.69,0.48,294.19,0.5,28.0,0.51,140.0,0.48,10.0,0.47,15.0,0.5,38.52,0.51,84.69,0.01,0.02,2365.733725,1776182462000
1776182463.993,63.993,0.49,49.69,0.48,186.19,0.51,25.0,0.52,70.0,0.5,28.0,0.49,140.0,0.51,39.69,0.52,294.19,0.02,0.01,2365.733725,1776182462000
1776182465.071,65.071,0.49,164.69,0.48,311.19,0.5,2.88,0.51,205.0,0.49,25.0,0.48,70.0,0.51,49.69,0.52,186.19,0.01,0.02,2365.920215,1776182463000
1776182465.35,65.35,0.49,99.86,0.48,311.19,0.5,10.72,0.51,205.0,0.5,10.72,0.49,205.0,0.51,159.69,0.52,311.19,0.01,0.01,2365.517137,1776182464000
1776182465.67,65.67,0.49,93.38,0.48,311.19,0.5,10.72,0.51,205.0,0.5,10.72,0.49,205.0,0.51,99.86,0.52,311.19,0.01,0.01,2365.517137,1776182464000
1776182466.252,66.252,0.49,93.38,0.48,311.19,0.5,10.72,0.51,205.0,0.5,10.72,0.49,205.0,0.51,93.38,0.52,311.19,0.01,0.01,2365.413473,1776182465000
1776182467.128,67.128,0.49,3.38,0.48,74.19,0.5,284.68,0.51,90.0,0.5,10.72,0.49,205.0,0.51,93.38,0.52,311.19,0.01,0.01,2365.413473,1776182465000
1776182467.377,67.377,0.49,3.38,0.48,74.19,0.5,284.68,0.51,90.0,0.5,284.68,0.49,90.0,0.51,3.38,0.52,74.19,0.01,0.01,2365.451879,1776182466000
1776182467.996,67.996,0.49,3.38,0.48,74.19,0.5,284.68,0.51,90.0,0.5,284.68,0.49,90.0,0.51,3.38,0.52,74.19,0.01,0.01,2365.451879,1776182467000
1776182469.018,69.018,0.49,3.38,0.48,74.19,0.5,284.68,0.51,90.0,0.5,284.68,0.49,90.0,0.51,3.38,0.52,74.19,0.01,0.01,2365.301402,1776182468000
1776182470.309,70.309,0.49,3.38,0.48,74.19,0.5,284.68,0.51,90.0,0.5,284.68,0.49,90.0,0.51,3.38,0.52,74.19,0.01,0.01,2365.292347,1776182469000
1776182470.766,70.766,0.49,3.38,0.48,9.19,0.5,262.68,0.51,305.0,0.5,209.68,0.49,90.0,0.51,3.38,0.52,9.19,0.01,0.01,2365.292347,1776182469000
1776182471.251,71.251,0.46,125.0,0.45,415.0,0.48,280.99,0.49,45.0,0.5,354.68,0.49,312.0,0.53,100.0,0.54,125.0,0.02,0.03,2365.292347,1776182469000
1776182472.346,72.346,0.46,125.0,0.45,415.0,0.48,280.99,0.49,45.0,0.52,280.99,0.51,45.0,0.54,125.0,0.55,415.0,0.02,0.02,2365.185526,1776182471000
1776182472.958,72.958,0.46,125.0,0.45,415.0,0.48,280.99,0.49,45.0,0.52,280.99,0.51,45.0,0.54,125.0,0.55,415.0,0.02,0.02,2365.136677,1776182472000
1776182473.61,73.61,0.44,290.0,0.43,236.19,0.45,20.73,0.46,20.0,0.52,280.99,0.51,45.0,0.54,125.0,0.55,415.0,0.01,0.02,2365.136677,1776182472000
1776182474.117,74.117,0.44,302.0,0.43,291.7,0.45,0.73,0.46,20.0,0.55,0.73,0.54,20.0,0.56,302.0,0.57,291.7,0.01,0.01,2364.824345,1776182473000
1776182474.441,74.441,0.45,103.73,0.44,408.7,0.46,10.0,0.47,10.0,0.55,0.73,0.54,20.0,0.56,302.0,0.57,291.7,0.01,0.01,2364.824345,1776182473000
1776182474.967,74.967,0.45,252.73,0.44,293.7,0.46,5.65,0.47,10.0,0.54,10.0,0.53,10.0,0.55,103.73,0.56,408.7,0.01,0.01,2364.824345,1776182473000
1776182477.002,77.002,0.45,252.73,0.44,293.7,0.46,5.65,0.47,10.0,0.54,5.65,0.53,10.0,0.55,252.73,0.56,293.7,0.01,0.01,2365.068445,1776182475000
1776182477.766,77.766,0.45,252.73,0.44,293.7,0.46,5.65,0.47,10.0,0.54,5.65,0.53,10.0,0.55,252.73,0.56,293.7,0.01,0.01,2365.068445,1776182476000
1776182478.179,78.179,0.43,165.0,0.42,239.19,0.44,98.27,0.45,80.0,0.54,5.65,0.53,10.0,0.55,252.73,0.56,293.7,0.01,0.01,2365.068445,1776182476000
1776182478.64,78.64,0.43,165.0,0.42,239.19,0.44,98.27,0.45,80.0,0.56,98.27,0.55,80.0,0.57,165.0,0.58,239.19,0.01,0.01,2364.93761,1776182477000
1776182478.89,78.89,0.42,220.0,0.41,250.0,0.43,15.34,0.44,95.0,0.56,98.27,0.55,80.0,0.57,165.0,0.58,239.19,0.01,0.01,2364.93761,1776182477000
1776182479.199,79.199,0.42,150.0,0.41,264.19,0.43,176.33,0.44,80.0,0.57,176.33,0.56,80.0,0.58,150.0,0.59,264.19,0.01,0.01,2364.871682,1776182478000
1776182480.266,80.266,0.42,10.0,0.41,10.0,0.46,4.26,0.47,130.0,0.57,203.26,0.56,107.0,0.58,135.0,0.59,204.19,0.04,0.01,2364.871682,1776182478000
1776182480.466,80.466,0.42,23.0,0.41,89.19,0.44,5.0,0.45,6.18,0.56,5.0,0.55,6.18,0.58,23.0,0.59,89.19,0.02,0.02,2364.730995,1776182479000
1776182480.691,80.691,0.42,18.0,0.41,204.19,0.43,46.0,0.44,15.0,0.56,5.0,0.55,6.18,0.58,23.0,0.59,89.19,0.01,0.02,2364.730995,1776182479000
1776182480.936,80.936,0.42,18.74,0.41,309.19,0.43,41.0,0.44,15.0,0.57,46.0,0.56,15.0,0.58,18.0,0.59,89.19,0.01,0.01,2364.730995,1776182479000
1776182482.341,82.341,0.42,23.74,0.41,324.19,0.43,25.88,0.44,15.0,0.57,25.88,0.56,15.0,0.58,23.74,0.59,324.19,0.01,0.01,2364.728544,1776182481000
1776182482.626,82.626,0.41,146.67,0.4,217.0,0.42,208.0,0.43,65.0,0.57,230.88,0.56,70.0,0.59,150.93,0.6,227.48,0.01,0.02,2364.728544,1776182481000
1776182482.856,82.856,0.41,82.48,0.4,199.19,0.42,215.85,0.43,90.0,0.58,208.0,0.57,65.0,0.59,146.67,0.6,217.0,0.01,0.01,2364.728544,1776182481000
1776182484.106,84.106,0.4,1.13,0.39,125.0,0.41,479.0,0.42,203.0,0.58,225.85,0.57,90.0,0.6,199.19,0.61,260.0,0.01,0.02,2364.76465,1776182482000
1776182484.423,84.423,0.39,25.0,0.38,95.0,0.41,474.0,0.42,203.0,0.59,474.0,0.58,203.0,0.61,25.0,0.62,95.0,0.02,0.02,2364.70315,1776182483000
1776182484.848,84.848,0.35,20.0,0.34,59.19,0.36,7.22,0.37,10.0,0.62,5.0,0.61,185.0,0.63,5.0,0.65,60.0,0.01,0.01,2364.70315,1776182483000
1776182485.237,85.237,0.34,7.67,0.33,335.0,0.35,20.0,0.36,22.22,0.64,17.22,0.63,32.0,0.65,3.18,0.66,59.19,0.01,0.01,2364.70315,1776182483000
1776182485.576,85.576,0.33,235.0,0.32,162.0,0.35,168.0,0.36,22.22,0.65,55.0,0.64,22.22,0.66,4.83,0.67,335.0,0.02,0.01,2364.70315,1776182483000
1776182486.207,86.207,0.33,235.0,0.32,162.0,0.35,168.0,0.36,22.22,0.65,168.0,0.64,22.22,0.67,235.0,0.68,162.0,0.02,0.02,2364.120358,1776182485000
1776182486.852,86.852,0.32,4.92,0.31,79.19,0.33,168.0,0.34,55.0,0.65,168.0,0.64,22.22,0.67,235.0,0.68,162.0,0.01,0.02,2364.120358,1776182485000
1776182487.172,87.172,0.31,9.19,0.3,100.0,0.33,258.0,0.34,195.0,0.67,168.0,0.66,55.0,0.68,4.92,0.69,79.19,0.02,0.01,2364.120358,1776182485000
1776182487.426,87.426,0.3,100.0,0.29,100.0,0.33,253.0,0.34,195.0,0.67,253.0,0.66,195.0,0.7,100.0,0.71,100.0,0.03,0.03,2363.75963,1776182486000
1776182487.698,87.698,0.28,0.37,0.27,100.0,0.29,28.0,0.3,15.0,0.71,28.0,0.7,10.0,0.72,0.37,0.73,100.0,0.01,0.01,2363.75963,1776182486000
1776182488.274,88.274,0.28,6.48,0.27,111.0,0.29,15.0,0.3,15.0,0.71,15.0,0.7,15.0,0.72,6.48,0.73,111.0,0.01,0.01,2363.716175,1776182487000
1776182488.532,88.532,0.28,248.99,0.27,265.0,0.29,15.86,0.3,70.0,0.71,15.0,0.7,15.0,0.72,6.48,0.73,111.0,0.01,0.01,2363.716175,1776182487000
1776182488.934,88.934,0.28,190.57,0.27,307.48,0.29,10.86,0.3,20.0,0.71,15.86,0.7,20.0,0.72,175.09,0.73,288.48,0.01,0.01,2363.716175,1776182487000
1776182489.522,89.522,0.28,190.57,0.27,307.48,0.29,10.86,0.3,20.0,0.71,10.86,0.7,20.0,0.72,190.57,0.73,307.48,0.01,0.01,2363.211277,1776182488000
1776182489.989,89.989,0.28,388.22,0.27,332.48,0.29,5.89,0.3,20.0,0.71,10.86,0.7,20.0,0.72,190.57,0.73,307.48,0.01,0.01,2363.211277,1776182488000
1776182490.213,90.213,0.3,60.0,0.29,5.0,0.32,157.05,0.33,30.0,0.68,157.05,0.67,30.0,0.72,296.22,0.73,352.48,0.02,0.04,2363.21526,1776182489000
1776182490.751,90.751,0.31,317.0,0.3,137.48,0.32,113.05,0.33,20.0,0.69,10.0,0.68,147.05,0.7,51.48,0.71,77.51,0.01,0.01,2363.21526,1776182489000
1776182491.001,91.001,0.31,522.71,0.3,227.48,0.33,10.0,0.36,60.0,0.68,47.67,0.67,20.0,0.69,511.71,0.7,227.48,0.02,0.01,2363.21526,1776182489000
1776182491.323,91.323,0.36,74.14,0.35,10.0,0.38,12.0,0.39,70.0,0.62,12.0,0.61,70.0,0.64,74.14,0.65,10.0,0.02,0.02,2363.29894,1776182490000
1776182492.337,92.337,0.41,10.0,0.4,41.0,0.43,198.87,0.44,200.0,0.61,35.0,0.6,125.0,0.63,176.0,0.64,115.14,0.02,0.02,2363.29894,1776182490000
1776182492.665,92.665,0.42,2.75,0.41,100.0,0.43,25.0,0.44,150.0,0.57,25.0,0.56,150.0,0.58,2.75,0.59,100.0,0.01,0.01,2364.021366,1776182491000
1776182492.904,92.904,0.43,22.36,0.42,233.75,0.44,165.0,0.45,111.0,0.57,25.0,0.56,150.0,0.58,2.75,0.59,100.0,0.01,0.01,2364.021366,1776182491000
1776182493.64,93.64,0.43,53.36,0.42,61.0,0.44,285.0,0.45,106.0,0.56,165.0,0.55,111.0,0.57,22.36,0.58,233.75,0.01,0.01,2364.021366,1776182491000
1776182494.062,94.062,0.43,46.48,0.42,61.0,0.44,295.0,0.45,156.0,0.56,285.0,0.55,106.0,0.57,53.36,0.58,61.0,0.01,0.01,2364.222657,1776182492000
1776182494.311,94.311,0.43,46.48,0.42,61.0,0.44,295.0,0.45,156.0,0.56,295.0,0.55,156.0,0.57,46.48,0.58,61.0,0.01,0.01,2364.422415,1776182493000
1776182494.54,94.54,0.42,6.0,0.41,125.0,0.43,71.72,0.44,240.0,0.56,295.0,0.55,156.0,0.57,46.48,0.58,61.0,0.01,0.01,2364.422415,1776182493000
1776182495.073,95.073,0.4,50.0,0.39,175.0,0.42,229.0,0.43,105.0,0.57,71.72,0.56,240.0,0.58,6.0,0.59,125.0,0.02,0.01,2364.422415,1776182493000
1776182495.313,95.313,0.4,50.0,0.39,175.0,0.42,229.0,0.43,105.0,0.58,229.0,0.57,105.0,0.6,50.0,0.61,175.0,0.02,0.02,2364.690685,1776182494000
1776182495.599,95.599,0.43,4.91,0.42,15.0,0.44,181.0,0.45,155.0,0.58,229.0,0.57,105.0,0.6,50.0,0.61,175.0,0.01,0.02,2364.690685,1776182494000
1776182496.234,96.234,0.43,300.98,0.42,215.0,0.44,60.0,0.45,85.0,0.56,181.0,0.55,155.0,0.57,4.91,0.58,15.0,0.01,0.01,2364.690685,1776182494000
1776182497.318,97.318,0.43,300.98,0.42,215.0,0.44,60.0,0.45,85.0,0.56,60.0,0.55,85.0,0.57,300.98,0.58,215.0,0.01,0.01,2364.47931,1776182496000
1776182498.385,98.385,0.43,300.98,0.42,215.0,0.44,60.0,0.45,85.0,0.56,60.0,0.55,85.0,0.57,300.98,0.58,215.0,0.01,0.01,2364.91962,1776182497000
1776182498.918,98.918,0.43,300.98,0.42,215.0,0.44,60.0,0.45,85.0,0.56,60.0,0.55,85.0,0.57,300.98,0.58,215.0,0.01,0.01,2364.8667,1776182498000
1776182499.89,99.89,0.39,155.0,0.38,220.0,0.4,20.0,0.41,20.0,0.56,60.0,0.55,85.0,0.57,300.98,0.58,215.0,0.01,0.01,2364.8667,1776182498000
1776182500.778,100.778,0.39,15.0,0.38,120.0,0.4,56.5,0.41,25.0,0.6,17.5,0.59,20.0,0.61,155.0,0.62,220.0,0.01,0.01,2364.88661,1776182499000
1776182501.763,101.763,0.43,30.0,0.42,10.0,0.45,140.0,0.46,265.0,0.6,46.5,0.59,15.0,0.61,7.3,0.62,130.0,0.02,0.01,2364.532431,1776182500000
1776182502.059,102.059,0.43,30.0,0.42,10.0,0.45,140.0,0.46,265.0,0.55,140.0,0.54,265.0,0.57,30.0,0.58,10.0,0.02,0.02,2364.47652,1776182501000
1776182503.058,103.058,0.43,30.0,0.42,10.0,0.45,140.0,0.46,265.0,0.55,140.0,0.54,265.0,0.57,30.0,0.58,10.0,0.02,0.02,2364.514155,1776182502000
1776182503.3,103.3,0.44,23.0,0.43,65.0,0.45,310.0,0.46,176.0,0.55,140.0,0.54,265.0,0.57,30.0,0.58,10.0,0.01,0.02,2364.514155,1776182502000
1776182504.101,104.101,0.44,23.0,0.43,65.0,0.45,310.0,0.46,176.0,0.55,310.0,0.54,176.0,0.56,23.0,0.57,65.0,0.01,0.01,2364.684839,1776182503000
1776182504.985,104.985,0.44,23.0,0.43,65.0,0.45,310.0,0.46,176.0,0.55,310.0,0.54,176.0,0.56,23.0,0.57,65.0,0.01,0.01,2364.900739,1776182504000
1776182506.049,106.049,0.39,176.41,0.38,245.0,0.4,7.5,0.41,213.0,0.55,310.0,0.54,176.0,0.56,23.0,0.57,65.0,0.01,0.01,2364.900739,1776182504000
1776182506.949,106.949,0.39,176.41,0.38,245.0,0.4,7.5,0.41,213.0,0.6,7.5,0.59,213.0,0.61,176.41,0.62,245.0,0.01,0.01,2364.519615,1776182506000
1776182507.209,107.209,0.41,5.0,0.4,163.0,0.43,41.0,0.44,60.0,0.6,2.5,0.59,15.0,0.61,91.41,0.62,255.0,0.02,0.01,2364.519615,1776182506000
1776182507.538,107.538,0.42,73.61,0.41,15.0,0.43,41.0,0.44,65.0,0.57,46.0,0.56,60.0,0.58,55.61,0.59,15.0,0.01,0.01,2364.519615,1776182506000
1776182508.106,108.106,0.42,73.61,0.41,15.0,0.43,41.0,0.44,65.0,0.57,41.0,0.56,65.0,0.58,73.61,0.59,15.0,0.01,0.01,2364.56063,1776182507000
1776182508.674,108.674,0.42,463.12,0.41,253.48,0.45,169.04,0.46,120.0,0.57,41.0,0.56,65.0,0.58,73.61,0.59,15.0,0.03,0.01,2364.56063,1776182507000
1776182509.164,109.164,0.44,178.0,0.43,132.0,0.45,139.04,0.46,120.0,0.55,139.04,0.54,120.0,0.56,178.0,0.57,132.0,0.01,0.01,2364.541978,1776182508000
1776182510.237,110.237,0.44,178.0,0.43,132.0,0.45,139.04,0.46,120.0,0.55,139.04,0.54,120.0,0.56,178.0,0.57,132.0,0.01,0.01,2364.736837,1776182509000
1776182510.566,110.566,0.44,585.95,0.43,226.48,0.45,132.64,0.46,120.0,0.55,139.04,0.54,120.0,0.56,178.0,0.57,132.0,0.01,0.01,2364.736837,1776182509000
1776182511.334,111.334,0.44,578.95,0.43,226.48,0.46,120.0,0.47,110.0,0.54,120.0,0.53,110.0,0.56,578.95,0.57,226.48,0.02,0.02,2365.017337,1776182510000
1776182512.486,112.486,0.53,10.0,0.52,125.0,0.55,95.0,0.56,180.0,0.48,60.0,0.47,185.0,0.49,321.2,0.5,10.0,0.02,0.01,2365.017337,1776182510000
1776182512.751,112.751,0.53,10.0,0.52,10.0,0.55,40.0,0.56,65.0,0.45,155.0,0.44,65.0,0.46,6.02,0.47,10.0,0.02,0.01,2365.236756,1776182511000
1776182513.074,113.074,0.53,5.31,0.52,10.0,0.55,21.05,0.56,65.0,0.45,21.05,0.44,65.0,0.47,5.31,0.48,10.0,0.02,0.02,2365.469513,1776182512000
1776182514.002,114.002,0.53,45.95,0.52,175.0,0.55,112.51,0.56,260.0,0.45,60.16,0.44,65.0,0.46,5.0,0.47,15.31,0.02,0.01,2365.469513,1776182512000
1776182514.228,114.228,0.54,15.0,0.53,60.0,0.55,82.51,0.56,250.0,0.45,112.51,0.44,260.0,0.47,45.95,0.48,175.0,0.01,0.02,2365.94488,1776182513000
1776182515.143,115.143,0.53,119.68,0.52,60.0,0.55,77.51,0.56,135.0,0.45,77.51,0.44,135.0,0.47,119.68,0.48,60.0,0.02,0.02,2365.84418,1776182514000
1776182515.774,115.774,0.54,283.0,0.53,75.0,0.55,8.0,0.56,77.0,0.45,77.51,0.44,135.0,0.47,119.68,0.48,60.0,0.01,0.02,2365.84418,1776182514000
1776182516.055,116.055,0.54,403.0,0.53,191.0,0.55,2.0,0.56,60.0,0.45,8.0,0.44,77.0,0.46,283.0,0.47,75.0,0.01,0.01,2365.84418,1776182514000
1776182516.678,116.678,0.54,385.13,0.53,201.0,0.55,2.0,0.57,80.0,0.45,2.0,0.44,60.0,0.46,403.0,0.47,191.0,0.01,0.01,2365.752466,1776182515000
1776182517.132,117.132,0.54,391.93,0.53,211.0,0.55,2.0,0.57,148.35,0.45,2.0,0.43,80.0,0.46,385.13,0.47,201.0,0.01,0.01,2365.752466,1776182515000
1776182518.19,118.19,0.54,521.93,0.53,236.48,0.57,80.0,0.58,155.0,0.45,2.0,0.43,148.35,0.46,391.93,0.47,211.0,0.03,0.01,2365.785585,1776182516000
1776182519.129,119.129,0.59,224.0,0.58,137.51,0.61,60.0,0.63,95.0,0.43,80.0,0.42,155.0,0.46,521.93,0.47,236.48,0.02,0.03,2365.926691,1776182517000
1776182519.397,119.397,0.59,224.0,0.58,137.51,0.61,60.0,0.63,95.0,0.39,60.0,0.37,95.0,0.41,224.0,0.42,137.51,0.02,0.02,2366.043185,1776182518000
1776182519.973,119.973,0.64,218.0,0.63,115.0,0.66,18.0,0.67,100.0,0.36,60.0,0.35,24.29,0.38,258.0,0.39,142.51,0.02,0.02,2366.043185,1776182518000
1776182520.272,120.272,0.65,203.0,0.64,65.0,0.66,16.48,0.67,100.0,0.34,18.0,0.33,100.0,0.36,218.0,0.37,115.0,0.01,0.02,2366.043185,1776182518000
1776182520.584,120.584,0.67,30.0,0.66,116.0,0.68,65.0,0.69,35.0,0.33,150.0,0.32,170.0,0.35,198.0,0.36,65.0,0.01,0.02,2366.043185,1776182518000
1776182520.787,120.787,0.67,213.0,0.66,121.0,0.68,10.0,0.69,35.0,0.32,65.0,0.31,35.0,0.33,30.0,0.34,116.0,0.01,0.01,2366.043185,1776182518000
1776182521.725,121.725,0.71,27.73,0.7,152.0,0.72,60.0,0.73,10.0,0.32,10.0,0.31,35.0,0.33,213.0,0.34,121.0,0.01,0.01,2366.043185,1776182518000
1776182521.98,121.98,0.71,27.73,0.7,152.0,0.72,60.0,0.73,10.0,0.28,60.0,0.27,10.0,0.29,27.73,0.3,152.0,0.01,0.01,2366.580338,1776182519000
1776182522.456,122.456,0.73,7.0,0.72,15.0,0.74,101.0,0.75,195.0,0.26,100.0,0.25,80.0,0.28,10.0,0.29,193.73,0.01,0.02,2366.580338,1776182519000
1776182522.81,122.81,0.72,49.28,0.71,60.0,0.73,21.0,0.74,301.0,0.26,101.0,0.25,200.0,0.27,4.76,0.28,15.0,0.01,0.01,2366.580338,1776182519000
1776182523.024,123.024,0.69,6.64,0.68,10.0,0.73,21.0,0.74,301.0,0.3,6.66,0.29,7.24,0.31,18.0,0.32,10.0,0.04,0.01,2366.580338,1776182519000
1776182523.231,123.231,0.72,6.0,0.71,15.0,0.73,65.0,0.74,301.0,0.27,42.0,0.26,296.0,0.28,10.0,0.29,15.0,0.01,0.01,2367.104738,1776182521000
1776182523.698,123.698,0.72,2.82,0.71,15.0,0.73,7.0,0.74,296.0,0.27,7.0,0.26,296.0,0.28,2.82,0.29,15.0,0.01,0.01,2367.562518,1776182522000
1776182524.059,124.059,0.72,7.0,0.71,8.06,0.73,103.91,0.74,260.0,0.27,28.97,0.26,406.0,0.29,8.06,0.3,1.0,0.01,0.02,2367.562518,1776182522000
1776182524.345,124.345,0.72,7.0,0.71,13.06,0.73,75.91,0.74,200.0,0.27,103.91,0.26,260.0,0.28,7.0,0.29,8.06,0.01,0.01,2367.562518,1776182522000
1776182524.643,124.643,0.69,288.64,0.68,127.51,0.7,0.91,0.73,125.91,0.3,17.91,0.27,75.91,0.31,88.64,0.32,60.0,0.01,0.01,2367.614168,1776182523000
1776182525.287,125.287,0.72,166.07,0.71,60.0,0.73,155.91,0.74,278.7,0.27,125.91,0.26,268.7,0.31,288.64,0.32,127.51,0.01,0.04,2367.614168,1776182523000
1776182525.513,125.513,0.72,74.27,0.71,60.0,0.73,139.4,0.74,278.7,0.27,139.4,0.26,273.7,0.28,191.81,0.29,60.0,0.01,0.01,2367.614168,1776182523000
1776182525.74,125.74,0.72,121.07,0.71,60.0,0.73,143.03,0.74,278.7,0.27,138.03,0.26,278.7,0.28,74.27,0.29,60.0,0.01,0.01,2367.598609,1776182524000
1776182526.058,126.058,0.72,113.91,0.71,60.0,0.73,143.03,0.74,278.7,0.27,138.03,0.26,278.7,0.28,117.49,0.29,60.0,0.01,0.01,2367.598609,1776182524000
1776182527.208,127.208,0.7,25.0,0.69,16.64,0.71,23.97,0.72,40.0,0.27,75.0,0.26,278.7,0.28,159.61,0.29,60.0,0.01,0.01,2367.536741,1776182525000
1776182527.415,127.415,0.69,11.64,0.68,10.0,0.71,247.78,0.72,40.0,0.29,257.78,0.28,40.0,0.31,23.64,0.32,10.0,0.02,0.02,2367.613389,1776182526000
1776182527.634,127.634,0.69,53.09,0.68,180.0,0.7,10.0,0.71,67.81,0.29,247.78,0.28,40.0,0.31,11.64,0.32,10.0,0.01,0.02,2367.613389,1776182526000
1776182528.074,128.074,0.69,53.09,0.68,180.0,0.7,10.0,0.71,67.81,0.3,10.0,0.29,67.81,0.31,53.09,0.32,180.0,0.01,0.01,2367.605275,1776182527000
1776182528.794,128.794,0.67,10.0,0.66,40.0,0.7,98.42,0.71,157.81,0.3,126.0,0.29,157.81,0.31,7.0,0.32,28.96,0.03,0.01,2367.605275,1776182527000
1776182529.249,129.249,0.67,10.0,0.66,40.0,0.7,98.42,0.71,157.81,0.3,98.42,0.29,157.81,0.33,10.0,0.34,40.0,0.03,0.03,2367.594067,1776182528000
1776182529.923,129.923,0.65,50.0,0.64,250.0,0.66,107.9,0.67,181.0,0.3,98.42,0.29,157.81,0.33,10.0,0.34,40.0,0.01,0.03,2367.594067,1776182528000
1776182530.391,130.391,0.65,1.0,0.64,130.0,0.66,216.53,0.67,91.0,0.34,96.53,0.33,66.0,0.35,40.0,0.36,135.0,0.01,0.01,2367.594067,1776182528000
1776182531.068,131.068,0.64,60.0,0.63,85.0,0.65,246.0,0.66,111.53,0.35,246.0,0.34,111.53,0.36,60.0,0.37,85.0,0.01,0.01,2367.121757,1776182530000
1776182532.282,132.282,0.64,60.0,0.63,85.0,0.65,246.0,0.66,111.53,0.35,246.0,0.34,111.53,0.36,60.0,0.37,85.0,0.01,0.01,2366.967499,1776182531000
1776182532.712,132.712,0.61,40.0,0.6,45.0,0.62,151.0,0.63,86.0,0.35,246.0,0.34,111.53,0.36,60.0,0.37,85.0,0.01,0.01,2366.967499,1776182531000
1776182533.504,133.504,0.61,40.0,0.6,45.0,0.62,151.0,0.63,86.0,0.38,151.0,0.37,86.0,0.39,40.0,0.4,45.0,0.01,0.01,2366.593525,1776182532000
1776182533.72,133.72,0.62,129.0,0.61,75.0,0.65,55.0,0.66,186.0,0.35,59.0,0.34,186.0,0.38,14.0,0.39,75.0,0.03,0.03,2366.593525,1776182532000
1776182534.052,134.052,0.62,129.0,0.61,75.0,0.65,55.0,0.66,186.0,0.35,55.0,0.34,186.0,0.38,129.0,0.39,75.0,0.03,0.03,2366.565643,1776182533000
1776182534.299,134.299,0.64,20.0,0.63,20.0,0.65,193.46,0.66,191.0,0.35,188.46,0.34,191.0,0.36,20.0,0.37,20.0,0.01,0.01,2366.565643,1776182533000
1776182535.201,135.201,0.64,20.0,0.63,20.0,0.65,193.46,0.66,191.0,0.35,193.46,0.34,191.0,0.36,20.0,0.37,20.0,0.01,0.01,2366.550712,1776182534000
1776182536.355,136.355,0.64,20.0,0.63,20.0,0.65,193.46,0.66,191.0,0.35,193.46,0.34,191.0,0.36,20.0,0.37,20.0,0.01,0.01,2366.559732,1776182535000
1776182537.229,137.229,0.64,445.0,0.63,185.0,0.67,10.0,0.68,20.0,0.35,193.46,0.34,191.0,0.36,20.0,0.37,20.0,0.03,0.01,2366.559732,1776182535000
1776182537.521,137.521,0.71,7.04,0.69,7.24,0.73,2.81,0.74,50.0,0.31,75.0,0.3,10.0,0.34,31.0,0.36,300.48,0.02,0.03,2366.736772,1776182536000
1776182537.887,137.887,0.81,5.0,0.78,106.41,0.82,25.0,0.83,125.0,0.2,50.0,0.19,25.0,0.24,45.0,0.28,120.0,0.01,0.04,2366.736772,1776182536000
1776182538.243,138.243,0.83,43.0,0.82,15.0,0.84,34.0,0.87,84.76,0.16,30.0,0.13,77.0,0.19,6.0,0.2,41.0,0.01,0.03,2366.736772,1776182536000
1776182538.489,138.489,0.87,10.0,0.86,10.0,0.88,56.62,0.89,106.79,0.12,31.21,0.11,106.79,0.14,10.0,0.15,10.0,0.01,0.02,2366.736772,1776182536000
1776182538.799,138.799,0.87,10.0,0.86,10.0,0.88,69.37,0.89,106.79,0.12,96.62,0.11,106.79,0.15,60.0,0.16,27.0,0.01,0.03,2366.606022,1776182537000
1776182539.015,139.015,0.86,5.71,0.85,60.0,0.88,37.49,0.89,106.79,0.12,37.49,0.11,106.79,0.15,60.0,0.16,16.05,0.02,0.03,2366.606022,1776182537000
1776182539.229,139.229,0.85,237.51,0.84,29.05,0.88,80.49,0.89,242.72,0.13,21.0,0.12,42.49,0.14,3.79,0.15,127.51,0.03,0.01,2368.384138,1776182538000
1776182539.818,139.818,0.86,7.0,0.85,170.0,0.88,90.04,0.89,322.72,0.12,65.04,0.11,242.72,0.13,10.0,0.14,15.0,0.02,0.01,2368.384138,1776182538000
1776182540.045,140.045,0.87,10.0,0.86,7.0,0.88,78.04,0.89,241.79,0.12,108.04,0.11,447.72,0.14,12.0,0.15,175.0,0.01,0.02,2368.384138,1776182538000
1776182540.253,140.253,0.85,197.85,0.84,10.0,0.86,70.21,0.87,7.76,0.14,33.0,0.12,73.04,0.15,89.18,0.16,15.0,0.01,0.01,2368.384138,1776182538000
1776182540.551,140.551,0.85,140.34,0.84,60.0,0.86,74.14,0.87,17.76,0.14,70.21,0.13,7.76,0.15,197.85,0.16,10.0,0.01,0.01,2370.012007,1776182539000
1776182540.848,140.848,0.85,144.34,0.84,60.0,0.86,68.06,0.87,17.76,0.14,59.76,0.13,17.76,0.15,144.34,0.16,60.0,0.01,0.01,2370.012007,1776182539000
1776182541.118,141.118,0.85,279.77,0.84,60.0,0.86,60.3,0.87,145.12,0.14,60.3,0.13,17.76,0.15,285.34,0.16,60.0,0.01,0.01,2370.012007,1776182539000
1776182541.362,141.362,0.85,183.41,0.84,60.0,0.86,54.28,0.87,145.12,0.14,44.28,0.13,145.12,0.15,138.41,0.16,60.0,0.01,0.01,2370.012007,1776182539000
1776182541.759,141.759,0.85,137.89,0.84,60.0,0.86,44.47,0.87,145.12,0.14,49.47,0.13,145.12,0.15,193.41,0.16,60.0,0.01,0.01,2369.905274,1776182540000
1776182542.019,142.019,0.85,137.89,0.84,60.0,0.86,44.47,0.87,145.12,0.14,44.47,0.13,145.12,0.15,137.89,0.16,60.0,0.01,0.01,2369.754524,1776182541000
1776182542.365,142.365,0.86,240.85,0.85,106.48,0.87,70.0,0.88,70.0,0.14,44.47,0.13,145.12,0.15,137.89,0.16,60.0,0.01,0.01,2369.754524,1776182541000
1776182542.846,142.846,0.87,212.25,0.86,208.33,0.88,83.41,0.89,66.79,0.12,70.0,0.11,66.79,0.14,292.33,0.15,135.99,0.01,0.02,2369.754524,1776182541000
1776182543.14,143.14,0.87,254.25,0.86,208.33,0.89,206.62,0.9,180.0,0.12,74.35,0.11,76.79,0.13,254.25,0.14,208.33,0.02,0.01,2369.754524,1776182541000
1776182543.369,143.369,0.87,254.25,0.86,164.85,0.89,276.62,0.9,75.0,0.11,206.62,0.1,180.0,0.13,254.25,0.14,208.33,0.02,0.02,2369.430088,1776182542000
1776182543.796,143.796,0.88,202.0,0.87,143.73,0.89,293.55,0.9,155.0,0.11,276.62,0.1,75.0,0.13,254.25,0.14,164.85,0.01,0.02,2369.430088,1776182542000
1776182544.125,144.125,0.88,298.75,0.87,156.73,0.89,100.0,0.9,75.0,0.11,291.21,0.1,155.0,0.12,202.0,0.13,143.73,0.01,0.01,2369.430088,1776182542000
1776182544.343,144.343,0.88,257.0,0.87,120.48,0.89,85.0,0.9,75.0,0.11,85.0,0.1,75.0,0.12,257.0,0.13,120.48,0.01,0.01,2369.605428,1776182543000
1776182544.552,144.552,0.88,213.48,0.87,126.99,0.9,75.0,0.91,64.0,0.1,75.0,0.09,64.0,0.12,276.48,0.13,136.99,0.02,0.02,2369.605428,1776182543000
1776182544.964,144.964,0.89,147.0,0.88,293.48,0.9,60.98,0.91,64.0,0.1,88.98,0.09,64.0,0.12,208.48,0.13,126.99,0.01,0.02,2369.605428,1776182543000
1776182545.296,145.296,0.89,152.0,0.88,293.48,0.9,56.34,0.91,331.78,0.1,60.98,0.09,64.0,0.11,147.0,0.12,293.48,0.01,0.01,2369.605428,1776182543000
1776182545.553,145.553,0.89,296.99,0.88,303.48,0.91,168.78,0.92,263.9,0.1,56.34,0.09,331.78,0.11,152.0,0.12,293.48,0.02,0.01,2369.92693,1776182544000
1776182545.894,145.894,0.9,153.0,0.89,234.0,0.91,18.85,0.92,263.9,0.09,10.7,0.08,263.9,0.1,133.99,0.11,295.0,0.01,0.01,2369.92693,1776182544000
1776182546.175,146.175,0.9,146.21,0.89,340.99,0.91,36.77,0.92,326.4,0.09,26.77,0.08,263.9,0.1,148.0,0.11,234.0,0.01,0.01,2369.928995,1776182545000
1776182546.439,146.439,0.9,139.21,0.89,340.99,0.91,34.57,0.92,316.4,0.09,36.77,0.08,326.4,0.1,139.21,0.11,340.99,0.01,0.01,2369.928995,1776182545000
1776182546.779,146.779,0.91,171.0,0.9,375.99,0.92,129.95,0.93,190.3,0.08,145.9,0.07,75.3,0.09,30.2,0.1,306.69,0.01,0.01,2369.928995,1776182545000
1776182547.104,147.104,0.91,171.0,0.9,375.99,0.92,129.95,0.93,190.3,0.08,129.95,0.07,190.3,0.09,171.0,0.1,375.99,0.01,0.01,2370.353732,1776182546000
1776182547.574,147.574,0.91,525.51,0.9,189.48,0.93,75.3,0.94,320.04,0.08,129.95,0.07,190.3,0.09,171.0,0.1,375.99,0.02,0.01,2370.353732,1776182546000
1776182547.947,147.947,0.91,493.01,0.9,255.48,0.92,0.9,0.93,75.3,0.08,0.9,0.07,75.3,0.09,542.51,0.1,189.48,0.01,0.01,2370.353732,1776182546000
1776182548.324,148.324,0.92,125.09,0.91,320.5,0.93,80.53,0.94,489.29,0.07,86.61,0.06,489.29,0.08,7.58,0.09,320.5,0.01,0.01,2370.353732,1776182546000
1776182548.562,148.562,0.92,130.09,0.91,320.5,0.93,79.45,0.94,489.29,0.07,80.53,0.06,489.29,0.08,125.09,0.09,320.5,0.01,0.01,2370.353732,1776182546000
1776182549.072,149.072,0.92,130.09,0.91,320.5,0.93,79.45,0.94,489.29,0.07,79.45,0.06,489.29,0.08,130.09,0.09,320.5,0.01,0.01,2370.833805,1776182548000
1776182549.38,149.38,0.92,176.09,0.91,318.5,0.93,61.87,0.94,489.29,0.07,64.03,0.06,489.29,0.08,130.09,0.09,318.5,0.01,0.01,2370.833805,1776182548000
1776182550.098,150.098,0.92,192.6,0.91,396.5,0.93,43.92,0.94,461.49,0.07,58.34,0.06,489.29,0.08,176.09,0.09,318.5,0.01,0.01,2370.833805,1776182548000
1776182550.393,150.393,0.92,153.29,0.91,320.5,0.93,57.26,0.94,481.49,0.07,57.26,0.06,481.49,0.08,153.29,0.09,320.5,0.01,0.01,2371.3976,1776182549000
1776182551.02,151.02,0.92,72.43,0.91,200.5,0.93,106.21,0.94,275.04,0.07,106.21,0.06,275.04,0.08,72.43,0.09,200.5,0.01,0.01,2371.393855,1776182550000
1776182551.265,151.265,0.91,352.01,0.9,356.0,0.93,214.86,0.94,274.04,0.07,215.13,0.06,275.04,0.09,352.01,0.1,356.0,0.02,0.02,2371.393855,1776182550000
1776182552.185,152.185,0.91,352.01,0.9,356.0,0.93,242.6,0.94,255.04,0.07,242.6,0.06,255.04,0.09,352.01,0.1,356.0,0.02,0.02,2371.518645,1776182551000
1776182552.675,152.675,0.91,76.0,0.9,218.51,0.92,131.72,0.93,98.6,0.08,187.0,0.07,193.86,0.09,23.0,0.1,213.51,0.01,0.01,2371.518645,1776182551000
1776182553.366,153.366,0.91,76.0,0.9,218.51,0.92,131.72,0.93,98.6,0.08,131.72,0.07,98.6,0.09,76.0,0.1,218.51,0.01,0.01,2371.36174,1776182552000
1776182554.512,154.512,0.91,76.0,0.9,218.51,0.92,131.72,0.93,98.6,0.08,131.72,0.07,98.6,0.09,76.0,0.1,218.51,0.01,0.01,2371.126424,1776182553000
1776182554.877,154.877,0.91,125.99,0.9,265.0,0.92,160.12,0.93,108.18,0.08,131.72,0.07,98.6,0.09,76.0,0.1,218.51,0.01,0.01,2371.126424,1776182553000
1776182555.973,155.973,0.91,125.99,0.9,265.0,0.92,160.12,0.93,108.18,0.08,160.12,0.07,108.18,0.09,125.99,0.1,265.0,0.01,0.01,2371.062025,1776182555000
1776182556.835,156.835,0.91,146.06,0.9,251.0,0.93,203.6,0.94,265.04,0.08,160.12,0.07,108.18,0.09,125.99,0.1,265.0,0.02,0.01,2371.062025,1776182555000
1776182557.15,157.15,0.91,166.76,0.9,241.0,0.92,35.19,0.93,87.52,0.07,202.52,0.06,265.04,0.09,151.06,0.1,251.0,0.01,0.02,2371.14548,1776182556000
1776182557.411,157.411,0.91,211.76,0.9,241.0,0.92,149.1,0.93,87.52,0.08,35.19,0.07,87.52,0.09,166.76,0.1,241.0,0.01,0.01,2371.14548,1776182556000
1776182558.022,158.022,0.93,18.0,0.91,198.54,0.94,205.04,0.95,206.75,0.08,149.1,0.07,87.52,0.09,211.76,0.1,241.0,0.01,0.01,2371.14548,1776182556000
1776182558.693,158.693,0.93,99.7,0.92,10.0,0.94,213.44,0.95,146.75,0.06,205.04,0.05,206.75,0.07,18.0,0.09,198.54,0.01,0.01,2371.01062,1776182557000
1776182559.002,159.002,0.93,99.7,0.92,10.0,0.94,213.44,0.95,146.75,0.06,213.44,0.05,146.75,0.07,99.7,0.08,10.0,0.01,0.01,2371.040759,1776182558000
1776182559.344,159.344,0.93,218.7,0.92,80.0,0.94,147.67,0.95,146.75,0.06,213.44,0.05,146.75,0.07,99.7,0.08,10.0,0.01,0.01,2371.040759,1776182558000
1776182560.045,160.045,0.93,218.7,0.92,80.0,0.94,147.67,0.95,146.75,0.06,147.67,0.05,146.75,0.07,218.7,0.08,80.0,0.01,0.01,2371.317924,1776182559000
1776182560.36,160.36,0.93,205.0,0.92,70.0,0.94,30.76,0.95,243.75,0.06,84.29,0.05,146.75,0.07,188.0,0.08,65.0,0.01,0.01,2371.317924,1776182559000
1776182560.982,160.982,0.93,205.0,0.92,76.03,0.95,205.75,0.96,221.3,0.05,205.75,0.04,221.3,0.07,205.0,0.08,76.03,0.02,0.02,2371.667864,1776182560000
1776182561.347,161.347,0.92,99.51,0.91,118.03,0.93,17.3,0.94,176.0,0.05,205.75,0.04,221.3,0.07,205.0,0.08,76.03,0.01,0.02,2371.667864,1776182560000
1776182561.578,161.578,0.92,153.51,0.91,301.51,0.93,123.66,0.94,10.0,0.07,19.74,0.06,10.0,0.08,82.51,0.09,140.03,0.01,0.01,2371.667864,1776182560000
1776182561.798,161.798,0.92,17.51,0.91,78.03,0.93,123.66,0.94,20.0,0.07,123.66,0.06,20.0,0.08,48.51,0.09,78.03,0.01,0.01,2371.667864,1776182560000
1776182562.043,162.043,0.92,17.51,0.91,78.03,0.93,118.66,0.94,20.0,0.07,123.66,0.06,20.0,0.08,17.51,0.09,78.03,0.01,0.01,2371.892428,1776182561000
1776182562.359,162.359,0.92,29.51,0.91,73.03,0.93,118.95,0.94,83.8,0.07,118.66,0.06,20.0,0.08,17.51,0.09,78.03,0.01,0.01,2371.892428,1776182561000
1776182562.808,162.808,0.92,17.51,0.91,84.03,0.93,110.12,0.94,83.8,0.07,115.82,0.06,83.8,0.08,29.51,0.09,73.03,0.01,0.01,2371.892428,1776182561000
1776182563.826,163.826,0.91,78.03,0.9,40.0,0.92,37.83,0.93,81.44,0.07,104.72,0.06,83.8,0.09,84.03,0.1,95.0,0.01,0.02,2371.941452,1776182562000
1776182564.298,164.298,0.91,78.03,0.9,40.0,0.92,37.83,0.93,81.44,0.08,37.83,0.07,81.44,0.09,78.03,0.1,40.0,0.01,0.01,2371.0104,1776182563000
1776182564.952,164.952,0.91,29.03,0.9,45.0,0.92,179.9,0.93,161.44,0.08,37.83,0.07,81.44,0.09,78.03,0.1,40.0,0.01,0.01,2371.0104,1776182563000
1776182565.357,165.357,0.91,29.03,0.9,45.0,0.92,179.9,0.93,161.44,0.08,179.9,0.07,161.44,0.09,29.03,0.1,45.0,0.01,0.01,2370.75254,1776182564000
1776182565.88,165.88,0.91,34.03,0.9,40.0,0.92,172.26,0.93,211.44,0.08,179.9,0.07,161.44,0.09,29.03,0.1,45.0,0.01,0.01,2370.75254,1776182564000
1776182566.314,166.314,0.91,0.03,0.9,30.0,0.92,216.83,0.93,241.44,0.08,171.83,0.07,211.44,0.09,19.03,0.1,40.0,0.01,0.01,2370.721565,1776182565000
1776182566.528,166.528,0.89,25.0,0.88,163.2,0.92,171.83,0.93,241.44,0.08,216.83,0.07,241.44,0.09,0.03,0.1,30.0,0.03,0.01,2370.721565,1776182565000
1776182567.009,167.009,0.88,163.2,0.87,125.0,0.89,5.0,0.9,180.0,0.08,171.83,0.07,241.44,0.11,25.0,0.12,163.2,0.01,0.03,2370.721565,1776182565000
1776182567.239,167.239,0.88,163.2,0.87,125.0,0.89,5.0,0.9,180.0,0.11,5.0,0.1,180.0,0.12,163.2,0.13,125.0,0.01,0.01,2370.45702,1776182566000
1776182567.689,167.689,0.88,35.0,0.87,125.0,0.89,152.27,0.9,105.0,0.11,5.0,0.1,180.0,0.12,163.2,0.13,125.0,0.01,0.01,2370.45702,1776182566000
1776182568.052,168.052,0.88,15.0,0.87,115.0,0.89,238.58,0.9,105.0,0.11,174.58,0.1,105.0,0.12,25.0,0.13,125.0,0.01,0.01,2370.45702,1776182566000
1776182568.324,168.324,0.87,70.0,0.86,60.0,0.89,243.58,0.9,105.0,0.11,238.58,0.1,105.0,0.12,15.0,0.13,115.0,0.02,0.01,2370.45702,1776182566000
1776182568.664,168.664,0.87,70.0,0.86,60.0,0.88,158.97,0.89,106.79,0.11,243.58,0.1,105.0,0.13,70.0,0.14,60.0,0.01,0.02,2370.1245,1776182567000
1776182568.928,168.928,0.87,70.0,0.86,60.0,0.88,158.97,0.89,106.79,0.12,193.07,0.11,106.79,0.13,70.0,0.14,60.0,0.01,0.01,2370.02385,1776182568000
1776182569.312,169.312,0.86,60.0,0.85,45.0,0.88,186.65,0.89,106.79,0.12,191.65,0.11,106.79,0.13,2.3,0.14,60.0,0.02,0.01,2370.02385,1776182568000
1776182570.006,170.006,0.86,60.0,0.85,45.0,0.88,186.65,0.89,106.79,0.12,186.65,0.11,106.79,0.14,60.0,0.15,45.0,0.02,0.02,2369.651943,1776182569000
1776182571.206,171.206,0.86,177.79,0.85,165.0,0.87,146.8,0.88,288.65,0.12,186.65,0.11,106.79,0.14,60.0,0.15,45.0,0.01,0.02,2369.651943,1776182569000
1776182572.06,172.06,0.86,316.28,0.85,100.0,0.88,105.1,0.89,226.79,0.13,136.62,0.12,238.65,0.14,165.28,0.15,165.0,0.02,0.01,2369.520349,1776182570000
1776182572.275,172.275,0.86,316.28,0.85,100.0,0.88,105.1,0.89,226.79,0.12,105.1,0.11,226.79,0.14,316.28,0.15,100.0,0.02,0.02,2369.504792,1776182571000
1776182573.116,173.116,0.85,80.59,0.84,262.51,0.86,191.9,0.87,109.56,0.12,105.1,0.11,226.79,0.14,316.28,0.15,100.0,0.01,0.02,2369.504792,1776182571000
1776182573.509,173.509,0.85,101.46,0.84,245.0,0.86,122.45,0.87,224.56,0.14,191.9,0.13,109.56,0.15,80.59,0.16,262.51,0.01,0.01,2369.444861,1776182572000
1776182574.403,174.403,0.85,101.46,0.84,245.0,0.86,122.45,0.87,224.56,0.14,122.45,0.13,224.56,0.15,101.46,0.16,245.0,0.01,0.01,2369.43165,1776182573000
1776182574.735,174.735,0.85,228.95,0.84,255.0,0.86,35.87,0.87,50.0,0.14,39.11,0.13,50.0,0.15,113.95,0.16,370.0,0.01,0.01,2369.43165,1776182573000
1776182574.963,174.963,0.85,228.95,0.84,255.0,0.87,50.0,0.88,90.1,0.13,50.0,0.12,90.1,0.15,228.95,0.16,255.0,0.02,0.02,2369.353455,1776182574000
1776182575.674,175.674,0.86,213.01,0.85,40.0,0.88,90.1,0.89,116.79,0.13,50.0,0.12,90.1,0.15,228.95,0.16,255.0,0.02,0.02,2369.353455,1776182574000
1776182576.094,176.094,0.86,229.01,0.85,90.0,0.88,88.96,0.89,116.79,0.12,90.1,0.11,116.79,0.14,213.01,0.15,40.0,0.02,0.02,2369.353455,1776182574000
1776182576.538,176.538,0.87,170.0,0.86,100.49,0.88,116.51,0.89,141.79,0.12,88.96,0.11,116.79,0.14,229.01,0.15,90.0,0.01,0.02,2369.273265,1776182575000
1776182576.747,176.747,0.87,149.61,0.86,70.01,0.88,121.51,0.89,141.79,0.12,116.51,0.11,141.79,0.13,170.0,0.14,100.49,0.01,0.01,2369.273265,1776182575000
1776182577.249,177.249,0.87,118.84,0.86,70.01,0.88,116.51,0.89,141.79,0.12,116.51,0.11,141.79,0.13,118.84,0.14,70.01,0.01,0.01,2369.303892,1776182576000
1776182578.372,178.372,0.87,118.84,0.86,70.01,0.88,116.51,0.89,141.79,0.12,116.51,0.11,141.79,0.13,118.84,0.14,70.01,0.01,0.01,2369.308785,1776182577000
1776182579.13,179.13,0.87,241.17,0.86,36.48,0.88,30.0,0.89,111.79,0.12,116.51,0.11,141.79,0.13,118.84,0.14,70.01,0.01,0.01,2369.308785,1776182577000
1776182579.461,179.461,0.87,241.17,0.86,36.48,0.88,30.0,0.89,111.79,0.12,30.0,0.11,111.79,0.13,241.17,0.14,36.48,0.01,0.01,2369.401816,1776182578000
1776182579.954,179.954,0.88,248.51,0.87,205.82,0.89,11.62,0.9,165.0,0.12,30.0,0.11,111.79,0.13,241.17,0.14,36.48,0.01,0.01,2369.401816,1776182578000
1776182580.289,180.289,0.88,253.51,0.87,215.82,0.9,50.0,0.91,10.0,0.11,11.62,0.1,165.0,0.12,248.51,0.13,205.82,0.02,0.01,2369.406191,1776182579000
1776182580.768,180.768,0.91,21.0,0.9,98.0,0.92,80.83,0.93,125.44,0.1,50.0,0.09,10.0,0.12,253.51,0.13,220.82,0.01,0.02,2369.406191,1776182579000
1776182581.09,181.09,0.91,73.0,0.9,78.0,0.92,68.18,0.93,115.3,0.08,80.83,0.07,125.44,0.09,21.0,0.1,98.0,0.01,0.01,2369.406191,1776182579000
1776182581.518,181.518,0.91,166.0,0.9,82.0,0.92,30.0,0.93,65.3,0.08,63.81,0.07,115.3,0.09,87.0,0.1,78.0,0.01,0.01,2369.406191,1776182579000
1776182581.77,181.77,0.91,166.0,0.9,82.0,0.92,30.0,0.93,65.3,0.08,30.0,0.07,65.3,0.09,166.0,0.1,82.0,0.01,0.01,2369.512823,1776182580000
1776182582.359,182.359,0.91,203.97,0.9,82.0,0.92,30.0,0.93,65.3,0.08,30.0,0.07,65.3,0.09,166.0,0.1,82.0,0.01,0.01,2369.512823,1776182580000
1776182582.659,182.659,0.91,198.97,0.9,82.0,0.93,60.62,0.94,288.8,0.08,30.0,0.07,65.3,0.09,203.97,0.1,82.0,0.02,0.01,2369.882187,1776182581000
1776182582.965,182.965,0.91,177.97,0.9,70.0,0.92,3.75,0.93,60.62,0.07,60.62,0.06,288.8,0.09,198.97,0.1,82.0,0.01,0.02,2369.882187,1776182581000
1776182584.022,184.022,0.91,57.97,0.9,32.51,0.92,39.0,0.93,110.62,0.08,3.75,0.07,60.62,0.09,177.97,0.1,70.0,0.01,0.01,2369.983066,1776182582000
1776182584.366,184.366,0.91,57.97,0.9,37.51,0.92,32.91,0.93,110.62,0.08,32.91,0.07,110.62,0.09,57.97,0.1,37.51,0.01,0.01,2370.223117,1776182583000
1776182584.922,184.922,0.89,10.0,0.88,10.0,0.92,51.91,0.93,110.62,0.08,32.91,0.07,110.62,0.09,57.97,0.1,37.51,0.03,0.01,2370.223117,1776182583000
1776182585.528,185.528,0.89,10.0,0.88,10.0,0.92,53.63,0.93,110.62,0.08,53.63,0.07,110.62,0.11,10.0,0.12,10.0,0.03,0.03,2370.168402,1776182584000
1776182586.246,186.246,0.89,15.0,0.88,15.0,0.92,60.0,0.93,230.62,0.08,53.63,0.07,110.62,0.11,10.0,0.12,10.0,0.03,0.03,2370.168402,1776182584000
1776182586.745,186.745,0.9,6.48,0.87,195.0,0.91,235.0,0.92,113.9,0.08,60.0,0.07,230.62,0.11,15.0,0.12,15.0,0.01,0.03,2370.10743,1776182585000
1776182587.238,187.238,0.88,10.0,0.87,200.0,0.89,43.87,0.9,175.0,0.09,235.0,0.08,113.9,0.1,6.48,0.13,195.0,0.01,0.01,2370.10743,1776182585000
1776182587.442,187.442,0.88,10.0,0.87,200.0,0.89,43.87,0.9,175.0,0.11,43.87,0.1,175.0,0.12,10.0,0.13,200.0,0.01,0.01,2369.87957,1776182586000
1776182587.753,187.753,0.88,25.0,0.87,200.0,0.89,57.74,0.9,215.0,0.11,43.87,0.1,175.0,0.12,10.0,0.13,200.0,0.01,0.01,2369.87957,1776182586000
1776182588.02,188.02,0.88,25.0,0.87,200.0,0.89,57.74,0.9,215.0,0.11,57.74,0.1,215.0,0.12,25.0,0.13,200.0,0.01,0.01,2369.900986,1776182587000
1776182588.919,188.919,0.88,5.0,0.87,10.0,0.89,219.57,0.9,105.0,0.11,47.74,0.1,215.0,0.12,20.0,0.13,200.0,0.01,0.01,2369.900986,1776182587000
1776182589.331,189.331,0.88,5.0,0.87,10.0,0.89,214.57,0.9,105.0,0.11,219.57,0.1,105.0,0.12,5.0,0.13,10.0,0.01,0.01,2369.900986,1776182587000
1776182589.541,189.541,0.88,5.0,0.87,10.0,0.89,214.57,0.9,105.0,0.11,214.57,0.1,105.0,0.12,5.0,0.13,10.0,0.01,0.01,2369.72567,1776182588000
1776182590.016,190.016,0.88,10.0,0.87,60.0,0.89,52.88,0.9,105.0,0.11,214.57,0.1,105.0,0.12,5.0,0.13,10.0,0.01,0.01,2369.72567,1776182588000
1776182590.267,190.267,0.88,10.0,0.87,60.0,0.89,52.88,0.9,105.0,0.11,52.88,0.1,105.0,0.12,10.0,0.13,60.0,0.01,0.01,2369.633391,1776182589000
1776182591.395,191.395,0.88,10.0,0.87,60.0,0.89,52.88,0.9,105.0,0.11,52.88,0.1,105.0,0.12,10.0,0.13,60.0,0.01,0.01,2369.40208,1776182590000
1776182591.864,191.864,0.85,65.0,0.84,331.8,0.86,75.25,0.87,157.0,0.11,52.88,0.1,105.0,0.12,10.0,0.13,60.0,0.01,0.01,2369.40208,1776182590000
1776182592.46,192.46,0.85,75.0,0.84,386.8,0.86,9.78,0.87,82.0,0.14,71.17,0.13,197.0,0.15,70.0,0.16,451.8,0.01,0.01,2369.419873,1776182591000
1776182592.932,192.932,0.85,195.0,0.84,386.8,0.87,95.53,0.88,209.1,0.14,9.78,0.13,82.0,0.15,75.0,0.16,386.8,0.02,0.01,2369.419873,1776182591000
1776182593.274,193.274,0.85,195.0,0.84,386.8,0.87,95.53,0.88,209.1,0.13,95.53,0.12,209.1,0.15,195.0,0.16,386.8,0.02,0.02,2369.34006,1776182592000
1776182594.395,194.395,0.85,195.0,0.84,386.8,0.87,95.53,0.88,209.1,0.13,95.53,0.12,209.1,0.15,195.0,0.16,386.8,0.02,0.02,2369.044239,1776182593000
1776182594.834,194.834,0.86,17.0,0.85,55.0,0.87,148.53,0.88,104.1,0.13,95.53,0.12,209.1,0.15,195.0,0.16,386.8,0.01,0.02,2369.044239,1776182593000
1776182595.123,195.123,0.86,17.0,0.85,55.0,0.87,148.53,0.88,104.1,0.13,148.53,0.12,104.1,0.14,17.0,0.15,55.0,0.01,0.01,2368.998204,1776182594000
1776182595.621,195.621,0.86,12.0,0.85,60.0,0.87,784.53,0.88,179.1,0.13,148.53,0.12,104.1,0.14,17.0,0.15,55.0,0.01,0.01,2368.998204,1776182594000
1776182596.303,196.303,0.86,7.0,0.85,35.0,0.87,734.53,0.88,179.1,0.13,734.53,0.12,179.1,0.14,7.0,0.15,35.0,0.01,0.01,2368.851385,1776182595000
1776182597.875,197.875,0.86,7.0,0.85,35.0,0.87,734.53,0.88,179.1,0.13,734.53,0.12,179.1,0.14,7.0,0.15,35.0,0.01,0.01,2368.53872,1776182596000
1776182598.432,198.432,0.86,7.0,0.85,35.0,0.87,734.53,0.88,179.1,0.13,734.53,0.12,179.1,0.14,7.0,0.15,35.0,0.01,0.01,2368.500801,1776182597000
1776182599.091,199.091,0.86,7.0,0.85,35.0,0.87,734.53,0.88,179.1,0.13,734.53,0.12,179.1,0.14,7.0,0.15,35.0,0.01,0.01,2368.50657,1776182598000
1776182599.4,199.4,0.85,48.0,0.84,443.8,0.86,112.9,0.87,713.49,0.13,734.53,0.12,179.1,0.14,7.0,0.15,35.0,0.01,0.01,2368.50657,1776182598000
1776182600.161,200.161,0.85,48.0,0.84,443.8,0.86,112.9,0.87,713.49,0.14,112.9,0.13,713.49,0.15,48.0,0.16,443.8,0.01,0.01,2368.540592,1776182599000
1776182601.023,201.023,0.85,48.0,0.84,443.8,0.86,112.9,0.87,713.49,0.14,112.9,0.13,713.49,0.15,48.0,0.16,443.8,0.01,0.01,2368.54195,1776182600000
1776182602.365,202.365,0.85,48.0,0.84,443.8,0.86,112.9,0.87,713.49,0.14,112.9,0.13,713.49,0.15,48.0,0.16,443.8,0.01,0.01,2368.6294,1776182601000
1776182602.915,202.915,0.85,48.0,0.84,443.8,0.86,112.9,0.87,713.49,0.14,112.9,0.13,713.49,0.15,48.0,0.16,443.8,0.01,0.01,2368.519433,1776182602000
1776182603.973,203.973,0.85,48.0,0.84,443.8,0.86,112.9,0.87,713.49,0.14,112.9,0.13,713.49,0.15,48.0,0.16,443.8,0.01,0.01,2368.562025,1776182603000
1776182605.252,205.252,0.85,48.0,0.84,443.8,0.86,112.9,0.87,713.49,0.14,112.9,0.13,713.49,0.15,48.0,0.16,443.8,0.01,0.01,2369.155191,1776182604000
1776182605.863,205.863,0.91,32.3,0.89,835.0,0.92,150.0,0.93,114.45,0.08,150.0,0.07,114.45,0.09,32.3,0.11,835.0,0.01,0.01,2369.556157,1776182605000
1776182606.594,206.594,0.91,469.3,0.9,137.0,0.92,50.0,0.93,114.45,0.08,150.0,0.07,114.45,0.09,32.3,0.11,835.0,0.01,0.01,2369.556157,1776182605000
1776182606.957,206.957,0.92,36.0,0.91,656.3,0.93,96.85,0.94,287.0,0.08,50.0,0.07,114.45,0.09,469.3,0.1,137.0,0.01,0.01,2369.556157,1776182605000
1776182607.474,207.474,0.93,550.0,0.92,240.0,0.94,151.0,0.95,254.47,0.07,96.85,0.06,287.0,0.08,36.0,0.09,656.3,0.01,0.01,2369.72,1776182606000
1776182608.07,208.07,0.93,550.0,0.92,240.0,0.94,151.0,0.95,254.47,0.06,151.0,0.05,254.47,0.07,550.0,0.08,240.0,0.01,0.01,2369.824524,1776182607000
1776182608.743,208.743,0.93,735.0,0.92,117.0,0.95,98.47,0.96,483.0,0.06,151.0,0.05,254.47,0.07,550.0,0.08,240.0,0.02,0.01,2369.824524,1776182607000
1776182608.966,208.966,0.93,785.0,0.92,117.0,0.95,52.47,0.96,483.0,0.05,59.47,0.04,483.0,0.07,785.0,0.08,117.0,0.02,0.02,2369.824524,1776182607000
1776182609.251,209.251,0.93,785.0,0.92,117.0,0.95,37.47,0.96,483.0,0.05,42.47,0.04,483.0,0.07,785.0,0.08,117.0,0.02,0.02,2369.824524,1776182607000
1776182609.536,209.536,0.93,785.0,0.92,117.0,0.95,15.47,0.96,483.0,0.05,20.47,0.04,483.0,0.07,785.0,0.08,117.0,0.02,0.02,2370.213024,1776182608000
1776182610.201,210.201,0.95,182.0,0.93,785.0,0.96,483.0,0.97,899.7,0.04,483.0,0.03,899.7,0.07,785.0,0.08,117.0,0.01,0.03,2370.213024,1776182608000
1776182610.577,210.577,0.95,314.0,0.94,21.0,0.96,599.92,0.97,296.0,0.04,483.0,0.03,899.7,0.05,182.0,0.07,785.0,0.01,0.01,2370.674183,1776182609000
1776182610.987,210.987,0.95,319.0,0.94,506.0,0.96,585.78,0.97,296.0,0.04,573.87,0.03,296.0,0.05,314.0,0.06,21.0,0.01,0.01,2370.674183,1776182609000
1776182611.566,211.566,0.95,329.0,0.94,506.0,0.96,576.33,0.97,296.0,0.04,576.33,0.03,296.0,0.05,329.0,0.06,506.0,0.01,0.01,2370.82875,1776182610000
1776182611.851,211.851,0.95,1094.0,0.94,175.0,0.96,5.03,0.97,96.0,0.04,576.33,0.03,296.0,0.05,329.0,0.06,506.0,0.01,0.01,2370.82875,1776182610000
1776182612.16,212.16,0.96,122.0,0.95,961.0,0.97,14.82,0.98,1117.7,0.03,14.82,0.02,1117.7,0.05,984.0,0.06,180.0,0.01,0.02,2370.82875,1776182610000
1776182612.498,212.498,0.96,147.0,0.95,581.0,0.97,8.62,0.98,1117.7,0.03,8.62,0.02,1117.7,0.04,147.0,0.05,581.0,0.01,0.01,2370.963215,1776182611000
1776182612.898,212.898,0.97,118.0,0.96,701.0,0.98,1142.43,0.99,6963.56,0.02,1099.93,0.01,6963.56,0.04,632.0,0.05,591.0,0.01,0.02,2370.963215,1776182611000
1776182613.131,213.131,0.97,118.0,0.96,647.0,0.98,1141.34,0.99,6963.56,0.02,1141.4,0.01,6963.56,0.03,113.0,0.04,696.0,0.01,0.01,2370.96975,1776182612000
1776182613.659,213.659,0.97,108.0,0.96,143.0,0.98,1138.27,0.99,6957.6,0.02,1141.34,0.01,6963.56,0.03,118.0,0.04,647.0,0.01,0.01,2370.96975,1776182612000
1776182614.025,214.025,0.97,106.38,0.96,143.0,0.98,1083.32,0.99,6957.6,0.02,1083.32,0.01,6957.6,0.03,106.38,0.04,143.0,0.01,0.01,2371.477975,1776182613000
1776182614.462,214.462,0.97,176.38,0.96,143.0,0.98,1053.32,0.99,6957.6,0.02,1083.32,0.01,6957.6,0.03,106.38,0.04,143.0,0.01,0.01,2371.477975,1776182613000
1776182614.912,214.912,0.97,126.38,0.96,143.0,0.98,1072.72,0.99,6967.6,0.02,1043.12,0.01,6957.6,0.03,176.38,0.04,143.0,0.01,0.01,2371.477975,1776182613000
1776182615.36,215.36,0.97,81.38,0.96,93.0,0.98,1032.52,0.99,6972.6,0.02,1032.52,0.01,6972.6,0.03,126.38,0.04,143.0,0.01,0.01,2371.492015,1776182614000
1776182616.234,216.234,0.97,81.38,0.96,93.0,0.98,997.41,0.99,6972.6,0.02,997.41,0.01,6972.6,0.03,81.38,0.04,93.0,0.01,0.01,2371.288335,1776182615000
1776182617.063,217.063,0.97,71.38,0.96,5.0,0.98,1060.23,0.99,6962.6,0.02,997.41,0.01,6972.6,0.03,81.38,0.04,93.0,0.01,0.01,2371.288335,1776182615000
1776182617.668,217.668,0.95,262.0,0.94,15.0,0.98,1075.23,0.99,6962.6,0.02,1060.23,0.01,6962.6,0.03,71.38,0.04,5.0,0.03,0.01,2370.98443,1776182616000
1776182617.913,217.913,0.95,277.0,0.94,137.0,0.98,940.6,0.99,6957.6,0.02,1057.6,0.01,6957.6,0.05,267.0,0.06,137.0,0.03,0.03,2370.98443,1776182616000
1776182618.184,218.184,0.95,264.79,0.94,137.0,0.97,612.96,0.98,357.78,0.02,940.6,0.01,6957.6,0.05,277.0,0.06,137.0,0.02,0.03,2370.98443,1776182616000
1776182618.513,218.513,0.95,299.79,0.94,232.0,0.97,736.66,0.98,357.78,0.03,612.96,0.02,357.78,0.05,264.79,0.06,137.0,0.02,0.02,2370.79075,1776182617000
1776182618.859,218.859,0.96,9.6,0.95,199.79,0.97,706.66,0.98,457.78,0.03,736.66,0.02,357.78,0.05,299.79,0.06,232.0,0.01,0.02,2370.79075,1776182617000
1776182619.353,219.353,0.95,159.47,0.94,687.0,0.97,676.66,0.98,507.78,0.03,676.66,0.02,507.78,0.05,159.47,0.06,687.0,0.02,0.02,2370.31867,1776182618000
1776182619.598,219.598,0.95,59.47,0.94,692.0,0.96,98.91,0.97,676.66,0.04,104.96,0.03,683.86,0.05,64.47,0.06,692.0,0.01,0.01,2370.31867,1776182618000
1776182620.205,220.205,0.95,74.47,0.94,692.0,0.96,108.57,0.97,688.86,0.04,88.91,0.03,676.66,0.05,59.47,0.06,692.0,0.01,0.01,2370.31867,1776182618000
1776182620.583,220.583,0.95,0.47,0.94,10.31,0.96,790.82,0.97,318.7,0.04,108.57,0.03,688.86,0.05,74.47,0.06,692.0,0.01,0.01,2370.24044,1776182619000
1776182620.802,220.802,0.95,0.47,0.94,20.31,0.96,893.98,0.97,325.9,0.04,790.82,0.03,318.7,0.05,0.47,0.06,10.31,0.01,0.01,2370.24044,1776182619000
1776182621.06,221.06,0.93,202.0,0.92,609.0,0.96,739.82,0.97,318.7,0.04,893.98,0.03,325.9,0.05,0.47,0.06,20.31,0.03,0.01,2370.255035,1776182620000
1776182621.526,221.526,0.94,939.0,0.93,199.0,0.95,92.94,0.96,72.07,0.04,739.82,0.03,318.7,0.07,202.0,0.08,609.0,0.01,0.03,2370.255035,1776182620000
1776182621.868,221.868,0.94,939.0,0.93,199.0,0.95,92.94,0.96,72.07,0.05,92.94,0.04,72.07,0.06,939.0,0.07,199.0,0.01,0.01,2370.262595,1776182621000
1776182622.929,222.929,0.94,149.02,0.93,674.99,0.95,143.14,0.96,78.03,0.05,143.14,0.04,78.03,0.06,149.02,0.07,674.99,0.01,0.01,2370.1144,1776182622000
1776182623.538,223.538,0.94,46.0,0.93,653.99,0.95,220.94,0.96,675.03,0.05,143.14,0.04,78.03,0.06,149.02,0.07,674.99,0.01,0.01,2370.1144,1776182622000
1776182623.882,223.882,0.94,46.0,0.93,653.99,0.95,220.94,0.96,675.03,0.05,220.94,0.04,675.03,0.06,46.0,0.07,653.99,0.01,0.01,2370.295565,1776182623000
1776182624.968,224.968,0.94,46.0,0.93,653.99,0.95,220.94,0.96,675.03,0.05,220.94,0.04,675.03,0.06,46.0,0.07,653.99,0.01,0.01,2370.157099,1776182624000
1776182625.651,225.651,0.94,190.79,0.93,675.99,0.95,209.88,0.96,771.89,0.05,220.94,0.04,675.03,0.06,46.0,0.07,653.99,0.01,0.01,2370.157099,1776182624000
1776182625.964,225.964,0.94,195.79,0.93,792.99,0.95,207.77,0.96,771.89,0.05,209.88,0.04,771.89,0.06,190.79,0.07,675.99,0.01,0.01,2370.157099,1776182624000
1776182626.451,226.451,0.94,211.79,0.93,792.99,0.95,91.1,0.96,771.89,0.05,207.77,0.04,771.89,0.06,195.79,0.07,792.99,0.01,0.01,2370.157099,1776182624000
1776182626.664,226.664,0.94,211.79,0.93,792.99,0.95,91.1,0.96,771.89,0.05,91.1,0.04,771.89,0.06,211.79,0.07,792.99,0.01,0.01,2370.011515,1776182625000
1776182627.08,227.08,0.94,109.95,0.93,670.99,0.95,64.04,0.96,753.03,0.05,91.1,0.04,771.89,0.06,198.74,0.07,792.99,0.01,0.01,2370.011515,1776182625000
1776182627.511,227.511,0.94,109.95,0.93,670.99,0.95,64.04,0.96,753.03,0.05,64.04,0.04,753.03,0.06,109.95,0.07,670.99,0.01,0.01,2369.96892,1776182626000
1776182628.392,228.392,0.94,93.14,0.93,792.99,0.95,39.04,0.96,753.03,0.05,39.04,0.04,753.03,0.06,93.14,0.07,792.99,0.01,0.01,2369.95353,1776182627000
1776182628.93,228.93,0.93,70.89,0.92,172.0,0.94,27.0,0.95,277.0,0.05,240.04,0.04,127.07,0.07,79.0,0.08,180.0,0.01,0.02,2369.95353,1776182627000
1776182629.204,229.204,0.93,42.89,0.92,25.0,0.94,825.74,0.95,176.0,0.06,27.0,0.05,277.0,0.07,70.89,0.08,172.0,0.01,0.01,2369.95353,1776182627000
1776182629.718,229.718,0.93,39.89,0.92,5.0,0.94,829.67,0.95,171.0,0.06,825.74,0.05,176.0,0.07,39.89,0.08,25.0,0.01,0.01,2370.072336,1776182628000
1776182630.115,230.115,0.92,86.8,0.91,122.0,0.93,16.84,0.94,724.73,0.07,16.84,0.06,745.67,0.08,144.3,0.09,122.0,0.01,0.01,2370.072336,1776182628000
1776182630.388,230.388,0.92,27.73,0.91,122.0,0.93,13.55,0.94,724.73,0.07,15.65,0.06,724.73,0.08,27.73,0.09,122.0,0.01,0.01,2370.072336,1776182628000
1776182630.966,230.966,0.92,149.6,0.91,91.09,0.93,126.3,0.94,724.73,0.07,3.0,0.06,724.73,0.09,91.09,0.1,725.0,0.01,0.02,2370.072336,1776182628000
1776182631.377,231.377,0.92,83.45,0.91,91.09,0.93,119.53,0.94,724.73,0.07,119.53,0.06,724.73,0.08,83.45,0.09,91.09,0.01,0.01,2369.536419,1776182630000
1776182631.579,231.579,0.92,111.57,0.91,710.09,0.93,29.64,0.94,827.55,0.07,30.72,0.06,827.55,0.08,111.57,0.09,710.09,0.01,0.01,2369.536419,1776182630000
1776182632.157,232.157,0.92,247.04,0.91,710.09,0.93,17.1,0.94,823.62,0.07,13.18,0.06,827.55,0.08,121.57,0.09,710.09,0.01,0.01,2369.536419,1776182630000
1776182632.359,232.359,0.92,242.04,0.91,710.09,0.93,10.49,0.94,823.62,0.07,17.1,0.06,823.62,0.08,247.04,0.09,710.09,0.01,0.01,2369.536419,1776182630000
1776182632.642,232.642,0.93,15.0,0.92,245.54,0.94,777.32,0.95,171.0,0.06,779.47,0.05,171.0,0.07,15.0,0.08,257.04,0.01,0.01,2369.364925,1776182631000
1776182632.983,232.983,0.93,219.46,0.92,84.31,0.94,715.07,0.95,171.0,0.06,777.32,0.05,171.0,0.07,15.0,0.08,245.54,0.01,0.01,2369.364925,1776182631000
1776182633.323,233.323,0.93,224.83,0.92,84.31,0.94,708.33,0.95,166.0,0.06,715.07,0.05,171.0,0.07,219.46,0.08,84.31,0.01,0.01,2369.364925,1776182631000
1776182633.992,233.992,0.93,234.83,0.92,107.31,0.94,201.08,0.95,596.0,0.06,712.26,0.05,166.0,0.07,224.83,0.08,84.31,0.01,0.01,2369.364925,1776182631000
1776182634.251,234.251,0.93,56.72,0.92,15.31,0.94,668.98,0.95,371.0,0.06,201.08,0.05,596.0,0.07,234.83,0.08,107.31,0.01,0.01,2369.205395,1776182632000
1776182634.777,234.777,0.92,18.07,0.91,146.09,0.93,31.04,0.94,689.76,0.07,7.0,0.06,642.96,0.08,8.07,0.09,24.09,0.01,0.01,2369.205395,1776182632000
1776182635.622,235.622,0.92,18.07,0.91,146.09,0.93,31.04,0.94,689.76,0.07,31.04,0.06,689.76,0.08,18.07,0.09,146.09,0.01,0.01,2369.32005,1776182634000
1776182635.832,235.832,0.92,132.86,0.91,155.09,0.93,68.0,0.94,689.76,0.07,81.02,0.06,689.76,0.08,112.86,0.09,146.09,0.01,0.01,2369.32005,1776182634000
1776182636.456,236.456,0.92,31.0,0.91,179.09,0.93,12.7,0.94,689.76,0.07,68.0,0.06,689.76,0.08,132.86,0.09,155.09,0.01,0.01,2369.32005,1776182634000
1776182636.682,236.682,0.92,36.0,0.91,191.09,0.93,2.43,0.94,689.76,0.07,7.32,0.06,689.76,0.08,31.0,0.09,191.09,0.01,0.01,2369.28418,1776182635000
1776182636.927,236.927,0.92,176.98,0.91,191.09,0.93,2.43,0.94,689.76,0.07,2.43,0.06,689.76,0.08,36.0,0.09,191.09,0.01,0.01,2369.28418,1776182635000
1776182637.162,237.162,0.92,60.62,0.91,203.09,0.94,699.71,0.95,275.8,0.06,670.88,0.05,275.8,0.08,176.98,0.09,191.09,0.02,0.02,2369.28418,1776182635000
1776182637.419,237.419,0.92,75.62,0.91,203.09,0.93,9.62,0.94,687.71,0.06,699.71,0.05,275.8,0.08,60.62,0.09,203.09,0.01,0.02,2368.98635,1776182636000
1776182637.735,237.735,0.89,172.0,0.88,659.0,0.92,500.0,0.93,337.71,0.07,100.41,0.06,260.63,0.08,20.0,0.09,30.0,0.03,0.01,2368.98635,1776182636000
1776182638.148,238.148,0.91,10.0,0.9,310.77,0.92,76.53,0.93,120.3,0.09,10.0,0.08,508.91,0.1,139.13,0.11,139.72,0.01,0.01,2368.98635,1776182636000
1776182638.478,238.478,0.91,727.0,0.9,307.77,0.93,59.92,0.94,240.8,0.08,76.53,0.07,120.3,0.09,10.0,0.1,310.77,0.02,0.01,2368.98635,1776182636000
1776182638.798,238.798,0.92,42.0,0.91,661.0,0.93,3.56,0.94,665.93,0.07,5.0,0.06,132.73,0.08,142.0,0.09,649.0,0.01,0.01,2368.901065,1776182637000
1776182639.024,239.024,0.93,40.27,0.92,61.37,0.94,636.48,0.95,330.8,0.06,616.4,0.05,330.8,0.08,42.0,0.09,661.0,0.01,0.02,2368.901065,1776182637000
1776182639.29,239.29,0.93,16.27,0.92,61.37,0.94,631.16,0.95,330.8,0.06,636.48,0.05,330.8,0.07,16.27,0.08,61.37,0.01,0.01,2368.901065,1776182638000
1776182639.732,239.732,0.93,16.27,0.92,178.37,0.94,516.62,0.95,367.8,0.06,608.89,0.05,330.8,0.07,16.27,0.08,61.37,0.01,0.01,2368.901065,1776182638000
1776182640.177,240.177,0.93,35.64,0.92,159.0,0.94,525.65,0.95,292.0,0.06,516.62,0.05,367.8,0.07,16.27,0.08,178.37,0.01,0.01,2368.901065,1776182638000
1776182640.394,240.394,0.93,15.06,0.92,237.0,0.94,525.65,0.95,297.0,0.06,525.65,0.05,292.0,0.07,35.64,0.08,159.0,0.01,0.01,2368.901065,1776182638000
1776182640.733,240.733,0.93,18.06,0.92,242.0,0.94,511.82,0.95,772.0,0.06,523.95,0.05,297.0,0.07,7.06,0.08,237.0,0.01,0.01,2368.700824,1776182639000
1776182641.058,241.058,0.93,110.06,0.92,772.0,0.94,50.28,0.95,722.0,0.06,63.18,0.05,722.0,0.07,53.06,0.08,772.0,0.01,0.01,2368.700824,1776182639000
1776182641.291,241.291,0.93,77.13,0.92,15.0,0.94,37.11,0.95,130.0,0.06,39.64,0.05,722.0,0.07,110.06,0.08,772.0,0.01,0.01,2368.700824,1776182639000
1776182641.601,241.601,0.91,207.98,0.9,593.54,0.93,5.0,0.94,639.38,0.06,640.38,0.05,180.0,0.08,18.36,0.09,207.98,0.02,0.02,2368.700824,1776182639000
1776182641.926,241.926,0.92,157.02,0.91,186.98,0.94,635.87,0.95,180.0,0.07,1.49,0.06,639.38,0.09,212.98,0.1,598.54,0.02,0.02,2368.700575,1776182640000
1776182642.213,242.213,0.92,157.02,0.91,14.98,0.93,739.62,0.94,178.38,0.07,474.62,0.06,170.38,0.08,157.02,0.09,186.98,0.01,0.01,2368.700575,1776182640000
1776182642.795,242.795,0.91,39.98,0.9,179.54,0.93,696.38,0.94,178.38,0.07,763.0,0.06,178.38,0.09,14.98,0.1,27.54,0.02,0.02,2368.716715,1776182641000
1776182643.012,243.012,0.92,10.0,0.91,186.22,0.93,599.46,0.94,178.38,0.07,596.62,0.06,178.38,0.09,34.98,0.1,179.54,0.01,0.02,2368.716715,1776182641000
1776182643.295,243.295,0.92,1.5,0.91,181.22,0.93,597.73,0.94,178.38,0.07,592.73,0.06,178.38,0.08,15.0,0.09,181.22,0.01,0.01,2368.796678,1776182642000
1776182643.658,243.658,0.92,32.9,0.91,181.22,0.93,575.52,0.94,178.38,0.07,596.99,0.06,178.38,0.08,21.3,0.09,181.22,0.01,0.01,2368.796678,1776182642000
1776182644.089,244.089,0.92,24.15,0.91,303.22,0.93,10.0,0.94,792.0,0.07,360.55,0.06,295.38,0.08,32.9,0.09,298.22,0.01,0.01,2368.796678,1776182642000
1776182644.437,244.437,0.92,15.4,0.91,308.22,0.93,495.0,0.94,312.0,0.07,10.0,0.06,792.0,0.08,24.15,0.09,303.22,0.01,0.01,2368.796678,1776182642000
1776182644.753,244.753,0.92,5.4,0.91,181.22,0.93,495.41,0.94,120.0,0.07,485.79,0.06,312.0,0.08,15.4,0.09,308.22,0.01,0.01,2368.796678,1776182642000
1776182644.956,244.956,0.91,181.22,0.9,149.54,0.93,655.41,0.94,170.0,0.07,533.41,0.06,170.0,0.08,5.4,0.09,181.22,0.02,0.01,2368.42413,1776182643000
1776182645.202,245.202,0.9,17.54,0.89,22.72,0.91,60.05,0.92,762.0,0.07,650.41,0.06,170.0,0.09,111.22,0.1,149.54,0.01,0.02,2368.42413,1776182643000
1776182645.411,245.411,0.89,20.26,0.88,244.0,0.9,3.94,0.91,556.75,0.09,556.75,0.08,282.0,0.11,20.26,0.12,244.0,0.01,0.02,2368.42413,1776182643000
1776182645.641,245.641,0.89,25.26,0.88,249.0,0.9,25.83,0.91,556.75,0.1,29.16,0.09,556.75,0.11,20.26,0.12,244.0,0.01,0.01,2368.411583,1776182644000
1776182645.938,245.938,0.89,187.31,0.88,249.0,0.9,14.15,0.91,556.75,0.1,19.71,0.09,556.75,0.11,25.26,0.12,249.0,0.01,0.01,2368.411583,1776182644000
1776182646.202,246.202,0.9,36.85,0.89,198.31,0.91,556.75,0.92,307.0,0.09,556.75,0.08,307.0,0.1,36.85,0.11,198.31,0.01,0.01,2368.34015,1776182645000
1776182646.454,246.454,0.9,47.85,0.89,177.31,0.91,514.57,0.92,307.0,0.09,525.38,0.08,307.0,0.1,36.85,0.11,188.31,0.01,0.01,2368.34015,1776182645000
1776182646.746,246.746,0.9,57.85,0.89,177.31,0.91,473.86,0.92,307.0,0.09,476.06,0.08,307.0,0.1,47.85,0.11,177.31,0.01,0.01,2368.34015,1776182645000
1776182647.169,247.169,0.9,57.85,0.89,177.31,0.91,473.36,0.92,307.0,0.09,473.36,0.08,307.0,0.1,57.85,0.11,177.31,0.01,0.01,2368.23655,1776182646000
1776182647.466,247.466,0.9,52.53,0.88,222.0,0.91,654.31,0.92,195.0,0.09,465.31,0.08,312.0,0.1,47.85,0.11,157.05,0.01,0.01,2368.23655,1776182646000
1776182647.912,247.912,0.92,58.0,0.91,264.44,0.93,19.9,0.94,70.0,0.09,56.5,0.08,172.0,0.1,24.53,0.11,10.0,0.01,0.01,2368.23655,1776182646000
1776182648.25,248.25,0.91,167.44,0.9,29.53,0.92,49.41,0.93,196.9,0.08,49.41,0.07,196.9,0.09,167.44,0.1,29.53,0.01,0.01,2368.188433,1776182647000
1776182648.498,248.498,0.88,222.0,0.87,99.0,0.9,24.47,0.91,116.1,0.09,116.1,0.08,711.41,0.1,3.53,0.12,222.0,0.02,0.01,2368.188433,1776182647000
1776182648.757,248.757,0.88,227.0,0.87,126.0,0.89,15.31,0.9,32.24,0.1,32.24,0.09,111.1,0.12,222.0,0.13,99.0,0.01,0.02,2368.188433,1776182647000
1776182649.044,249.044,0.88,85.0,0.87,90.0,0.89,84.69,0.9,679.24,0.11,15.31,0.1,32.24,0.12,227.0,0.13,126.0,0.01,0.01,2368.188433,1776182647000
1776182649.292,249.292,0.88,45.0,0.87,90.0,0.89,44.38,0.9,651.87,0.1,651.87,0.09,244.1,0.12,95.0,0.13,90.0,0.01,0.02,2368.162625,1776182648000
1776182649.525,249.525,0.88,35.0,0.87,90.0,0.89,289.13,0.9,262.24,0.11,44.38,0.1,651.87,0.12,45.0,0.13,90.0,0.01,0.01,2368.162625,1776182648000
1776182649.97,249.97,0.87,137.0,0.86,135.0,0.89,2.22,0.9,107.24,0.11,186.38,0.1,262.24,0.13,55.0,0.14,267.0,0.02,0.02,2368.162625,1776182648000
1776182650.235,250.235,0.87,137.0,0.86,135.0,0.89,2.22,0.9,107.24,0.11,2.22,0.1,107.24,0.13,137.0,0.14,135.0,0.02,0.02,2368.02814,1776182649000
1776182650.462,250.462,0.89,4.37,0.88,20.0,0.9,132.24,0.91,358.0,0.11,2.22,0.1,107.24,0.13,137.0,0.14,135.0,0.01,0.02,2368.02814,1776182649000
1776182650.696,250.696,0.89,4.37,0.88,20.0,0.9,119.58,0.91,363.0,0.1,124.47,0.09,363.0,0.11,4.37,0.12,20.0,0.01,0.01,2368.02814,1776182649000
1776182650.917,250.917,0.89,9.37,0.88,20.0,0.9,117.81,0.91,363.0,0.1,119.58,0.09,363.0,0.11,4.37,0.12,20.0,0.01,0.01,2368.02814,1776182649000
1776182651.193,251.193,0.89,9.37,0.88,25.0,0.9,95.58,0.91,363.0,0.1,95.58,0.09,363.0,0.11,9.37,0.12,25.0,0.01,0.01,2367.704565,1776182650000
1776182651.518,251.518,0.89,4.37,0.88,15.0,0.9,622.8,0.91,363.0,0.1,95.58,0.09,363.0,0.11,9.37,0.12,25.0,0.01,0.01,2367.704565,1776182650000
1776182652.237,252.237,0.87,80.23,0.86,130.0,0.9,622.8,0.91,363.0,0.1,622.8,0.09,363.0,0.13,80.23,0.14,130.0,0.03,0.03,2367.673065,1776182651000
1776182653.138,253.138,0.87,237.39,0.86,706.0,0.88,10.0,0.89,20.0,0.1,622.8,0.09,363.0,0.13,80.23,0.14,130.0,0.01,0.03,2367.673065,1776182651000
1776182653.631,253.631,0.9,91.22,0.89,132.0,0.91,57.86,0.92,80.0,0.09,263.0,0.08,631.41,0.1,12.22,0.12,10.0,0.01,0.01,2367.635805,1776182652000
1776182654.279,254.279,0.9,91.22,0.89,132.0,0.91,26.86,0.92,80.0,0.09,26.86,0.08,80.0,0.1,91.22,0.11,132.0,0.01,0.01,2367.58217,1776182653000
1776182654.541,254.541,0.9,40.22,0.89,10.0,0.91,56.9,0.92,737.0,0.09,26.86,0.08,80.0,0.1,91.22,0.11,132.0,0.01,0.01,2367.58217,1776182653000
1776182654.815,254.815,0.89,10.0,0.88,151.0,0.9,8.77,0.91,669.0,0.09,653.9,0.08,165.0,0.1,4.22,0.11,10.0,0.01,0.01,2367.58217,1776182653000
1776182655.288,255.288,0.89,15.0,0.88,151.0,0.91,667.14,0.92,60.0,0.09,667.14,0.08,60.0,0.11,15.0,0.12,151.0,0.02,0.02,2367.662173,1776182654000
1776182655.538,255.538,0.89,15.0,0.88,161.0,0.9,487.62,0.91,127.0,0.09,667.14,0.08,60.0,0.11,15.0,0.12,151.0,0.01,0.02,2367.662173,1776182654000
1776182656.017,256.017,0.89,102.71,0.88,161.0,0.9,473.32,0.91,127.0,0.1,476.39,0.09,127.0,0.11,15.0,0.12,161.0,0.01,0.01,2367.662173,1776182654000
1776182656.382,256.382,0.89,102.71,0.88,161.0,0.9,473.32,0.91,127.0,0.1,473.32,0.09,127.0,0.11,102.71,0.12,161.0,0.01,0.01,2367.814195,1776182655000
1776182656.681,256.681,0.91,15.0,0.9,20.0,0.92,478.91,0.93,212.0,0.1,473.32,0.09,127.0,0.11,102.71,0.12,161.0,0.01,0.01,2367.814195,1776182655000
1776182657.152,257.152,0.92,20.0,0.91,182.0,0.93,150.92,0.94,480.0,0.08,478.91,0.07,212.0,0.09,15.0,0.1,20.0,0.01,0.01,2367.814195,1776182655000
1776182657.56,257.56,0.92,806.0,0.91,125.0,0.93,23.0,0.95,127.0,0.07,100.92,0.06,480.0,0.08,20.0,0.09,217.0,0.01,0.01,2367.683305,1776182656000
1776182657.932,257.932,0.92,820.0,0.91,125.0,0.95,127.0,0.96,35.0,0.05,127.0,0.04,35.0,0.08,820.0,0.09,125.0,0.03,0.03,2367.693205,1776182657000
1776182658.706,258.706,0.94,91.0,0.93,121.0,0.95,183.47,0.96,35.0,0.05,127.0,0.04,35.0,0.08,820.0,0.09,125.0,0.01,0.03,2367.693205,1776182657000
1776182659.33,259.33,0.94,91.0,0.93,121.0,0.95,183.47,0.96,35.0,0.05,183.47,0.04,35.0,0.06,91.0,0.07,121.0,0.01,0.01,2367.911089,1776182658000
1776182659.547,259.547,0.95,99.0,0.94,765.0,0.96,550.85,0.97,134.2,0.05,183.47,0.04,35.0,0.06,91.0,0.07,121.0,0.01,0.01,2367.911089,1776182658000
1776182660.392,260.392,0.95,116.0,0.94,790.0,0.96,548.76,0.97,127.0,0.04,548.76,0.03,127.0,0.05,116.0,0.06,790.0,0.01,0.01,2368.273105,1776182659000
1776182660.622,260.622,0.93,10.0,0.92,93.0,0.96,597.0,0.97,122.2,0.04,644.92,0.03,117.2,0.05,5.0,0.07,60.0,0.03,0.01,2368.273105,1776182659000
1776182660.983,260.983,0.93,10.0,0.92,93.0,0.96,597.0,0.97,122.2,0.04,597.0,0.03,122.2,0.07,10.0,0.08,93.0,0.03,0.03,2368.426284,1776182660000
1776182661.207,261.207,0.94,15.31,0.93,182.0,0.95,389.5,0.96,137.0,0.05,527.55,0.04,20.0,0.07,182.0,0.08,614.0,0.01,0.02,2368.426284,1776182660000
1776182661.653,261.653,0.94,65.31,0.93,102.0,0.95,552.23,0.96,20.0,0.05,389.5,0.04,137.0,0.06,15.31,0.07,182.0,0.01,0.01,2368.426284,1776182660000
1776182661.879,261.879,0.94,55.26,0.93,102.0,0.95,541.7,0.96,20.0,0.05,541.7,0.04,20.0,0.06,65.31,0.07,102.0,0.01,0.01,2368.426284,1776182660000
1776182662.29,262.29,0.94,57.27,0.93,262.0,0.95,538.57,0.96,20.0,0.05,541.7,0.04,20.0,0.06,47.27,0.07,102.0,0.01,0.01,2368.426284,1776182660000
1776182662.575,262.575,0.94,10.0,0.93,108.0,0.95,513.3,0.96,20.0,0.05,538.57,0.04,20.0,0.06,57.27,0.07,262.0,0.01,0.01,2368.44235,1776182661000
1776182662.873,262.873,0.94,10.0,0.93,108.0,0.95,510.7,0.96,20.0,0.05,513.3,0.04,20.0,0.06,10.0,0.07,108.0,0.01,0.01,2368.44235,1776182661000
1776182663.217,263.217,0.93,60.0,0.92,274.0,0.95,497.3,0.96,20.0,0.05,489.64,0.04,20.0,0.06,10.0,0.07,95.0,0.02,0.01,2368.16709,1776182662000
1776182663.674,263.674,0.94,65.0,0.93,229.0,0.95,366.3,0.96,137.0,0.05,497.3,0.04,20.0,0.07,60.0,0.08,274.0,0.01,0.02,2368.16709,1776182662000
1776182664.142,264.142,0.94,70.0,0.93,714.0,0.95,362.3,0.96,137.0,0.05,362.3,0.04,137.0,0.06,70.0,0.07,714.0,0.01,0.01,2368.199228,1776182663000
1776182664.6,264.6,0.94,187.0,0.93,646.0,0.95,45.0,0.96,544.0,0.05,362.3,0.04,137.0,0.06,70.0,0.07,714.0,0.01,0.01,2368.199228,1776182663000
1776182665.318,265.318,0.94,84.0,0.93,283.0,0.95,28.67,0.96,181.0,0.05,33.94,0.04,64.0,0.06,79.0,0.07,283.0,0.01,0.01,2368.199228,1776182663000
1776182665.803,265.803,0.94,139.0,0.93,253.0,0.95,16.61,0.96,181.0,0.05,17.67,0.04,181.0,0.06,128.0,0.07,253.0,0.01,0.01,2368.09853,1776182664000
1776182666.047,266.047,0.94,139.0,0.93,253.0,0.95,16.61,0.96,181.0,0.05,16.61,0.04,181.0,0.06,139.0,0.07,253.0,0.01,0.01,2368.1484,1776182665000
1776182666.289,266.289,0.94,195.7,0.93,136.0,0.95,8.61,0.96,54.0,0.05,8.61,0.04,64.0,0.06,269.0,0.07,136.0,0.01,0.01,2368.1484,1776182665000
1776182666.627,266.627,0.94,411.7,0.93,166.0,0.95,4.61,0.96,20.0,0.05,8.61,0.04,54.0,0.06,195.7,0.07,136.0,0.01,0.01,2368.1484,1776182665000
1776182667.001,267.001,0.95,158.0,0.94,288.0,0.96,0.61,0.97,17.2,0.04,4.61,0.03,17.2,0.06,406.7,0.07,221.3,0.01,0.02,2368.1484,1776182665000
1776182667.217,267.217,0.95,213.0,0.94,351.8,0.97,7.49,0.98,122.0,0.04,0.61,0.03,17.2,0.05,158.0,0.06,288.0,0.02,0.01,2368.1484,1776182665000
1776182667.44,267.44,0.95,266.0,0.94,351.8,0.98,184.49,0.99,6898.98,0.02,184.49,0.01,6898.98,0.05,266.0,0.06,351.8,0.03,0.03,2368.1434,1776182666000
1776182668.108,268.108,0.96,218.0,0.95,296.0,0.97,10.2,0.98,134.49,0.02,184.49,0.01,6898.98,0.05,266.0,0.06,351.8,0.01,0.03,2368.1434,1776182666000
1776182668.381,268.381,0.97,89.0,0.96,398.0,0.98,63.28,0.99,6898.98,0.02,73.49,0.01,6898.98,0.04,403.0,0.05,269.8,0.01,0.02,2368.1445,1776182667000
1776182668.657,268.657,0.97,78.0,0.96,388.0,0.98,103.57,0.99,6923.98,0.02,63.28,0.01,6898.98,0.03,89.0,0.04,398.0,0.01,0.01,2368.1445,1776182667000
1776182668.897,268.897,0.97,73.0,0.96,388.0,0.98,66.82,0.99,6923.98,0.02,67.85,0.01,6923.98,0.03,78.0,0.04,388.0,0.01,0.01,2368.1445,1776182667000
1776182669.444,269.444,0.97,73.05,0.96,440.54,0.98,162.7,0.99,6923.98,0.02,66.82,0.01,6923.98,0.03,46.05,0.04,440.08,0.01,0.01,2368.1445,1776182667000
1776182670.296,270.296,0.97,73.05,0.96,440.54,0.98,162.7,0.99,6923.98,0.02,162.7,0.01,6923.98,0.03,73.05,0.04,440.54,0.01,0.01,2368.479622,1776182669000
1776182670.545,270.545,0.97,80.0,0.96,539.24,0.98,224.34,0.99,6923.98,0.02,271.91,0.01,6923.98,0.03,80.0,0.04,539.24,0.01,0.01,2368.479622,1776182669000
1776182670.831,270.831,0.97,80.0,0.96,489.24,0.98,219.24,0.99,6923.98,0.02,224.34,0.01,6923.98,0.03,80.0,0.04,539.24,0.01,0.01,2368.479622,1776182669000
1776182671.215,271.215,0.97,105.0,0.96,448.24,0.98,66.24,0.99,6923.98,0.02,219.24,0.01,6923.98,0.03,80.0,0.04,489.24,0.01,0.01,2368.479622,1776182669000
1776182671.606,271.606,0.97,105.0,0.96,448.24,0.98,66.24,0.99,6923.98,0.02,66.24,0.01,6923.98,0.03,105.0,0.04,448.24,0.01,0.01,2368.564659,1776182670000
1776182671.877,271.877,0.97,558.7,0.96,337.24,0.98,42.24,0.99,6677.38,0.02,47.24,0.01,6677.38,0.03,558.7,0.04,337.24,0.01,0.01,2368.564659,1776182670000
1776182672.103,272.103,0.97,553.7,0.96,337.24,0.98,37.14,0.99,6677.38,0.02,42.24,0.01,6677.38,0.03,558.7,0.04,337.24,0.01,0.01,2368.564659,1776182670000
1776182672.308,272.308,0.97,558.7,0.96,337.24,0.98,21.83,0.99,6677.38,0.02,32.04,0.01,6677.38,0.03,553.7,0.04,337.24,0.01,0.01,2368.564659,1776182670000
1776182672.55,272.55,0.97,564.01,0.96,337.24,0.98,16.78,0.99,6677.38,0.02,21.83,0.01,6677.38,0.03,558.7,0.04,337.24,0.01,0.01,2368.7122,1776182671000
1776182672.946,272.946,0.98,357.4,0.97,400.0,0.99,6672.38,,,0.01,6677.38,,,0.02,97.4,0.03,564.01,0.01,0.01,2368.7122,1776182671000
1776182673.174,273.174,0.98,356.4,0.97,404.05,0.99,6656.36,,,0.01,6656.36,,,0.02,356.4,0.03,404.05,0.01,0.01,2368.619695,1776182672000
1776182673.429,273.429,0.98,556.1,0.97,404.05,0.99,6548.6,,,0.01,6561.74,,,0.02,551.1,0.03,404.05,0.01,0.01,2368.619695,1776182672000
1776182673.734,273.734,0.98,556.1,0.97,409.05,0.99,6543.55,,,0.01,6548.6,,,0.02,556.1,0.03,404.05,0.01,0.01,2368.619695,1776182672000
1776182674.006,274.006,0.98,561.1,0.97,409.05,0.99,5964.3,,,0.01,6364.3,,,0.02,556.1,0.03,409.05,0.01,0.01,2368.619695,1776182672000
1776182674.31,274.31,0.98,673.1,0.97,292.05,0.99,5819.84,,,0.01,5920.86,,,0.02,673.1,0.03,292.05,0.01,0.01,2368.619695,1776182672000
1776182674.584,274.584,0.98,755.1,0.97,258.06,0.99,1525.02,,,0.01,5814.79,,,0.02,673.1,0.03,292.05,0.01,0.01,2369.06973,1776182673000
1776182674.83,274.83,0.98,755.1,0.97,288.06,0.99,1140.88,,,0.01,1150.99,,,0.02,755.1,0.03,288.06,0.01,0.01,2369.06973,1776182673000
1776182675.083,275.083,0.98,755.1,0.97,288.06,0.99,1075.28,,,0.01,1130.83,,,0.02,755.1,0.03,288.06,0.01,0.01,2369.06973,1776182673000
1776182675.32,275.32,0.98,561.4,0.97,164.36,0.99,1069.21,,,0.01,1074.26,,,0.02,571.4,0.03,164.36,0.01,0.01,2369.06973,1776182673000
1776182675.666,275.666,0.98,572.32,0.97,164.36,0.99,1053.19,,,0.01,1058.19,,,0.02,561.4,0.03,164.36,0.01,0.01,2369.073045,1776182674000
1776182676.05,276.05,0.98,567.32,0.97,159.36,0.99,1050.67,,,0.01,1058.14,,,0.02,572.32,0.03,164.36,0.01,0.01,2369.073045,1776182674000
1776182676.353,276.353,0.98,668.32,0.97,167.36,0.99,831.51,,,0.01,1046.67,,,0.02,572.32,0.03,159.36,0.01,0.01,2369.073045,1776182674000
1776182676.572,276.572,0.98,663.32,0.97,167.36,0.99,826.51,,,0.01,826.51,,,0.02,663.32,0.03,167.36,0.01,0.01,2369.22439,1776182675000
1776182676.947,276.947,0.98,663.32,0.97,167.36,0.99,780.88,,,0.01,782.4,,,0.02,663.32,0.03,167.36,0.01,0.01,2369.22439,1776182675000
1776182677.248,277.248,0.98,668.32,0.97,167.36,0.99,625.36,,,0.01,629.36,,,0.02,668.32,0.03,167.36,0.01,0.01,2369.22439,1776182675000
1776182677.874,277.874,0.98,668.32,0.97,167.36,0.99,625.36,,,0.01,625.36,,,0.02,668.32,0.03,167.36,0.01,0.01,2369.44876,1776182676000
1776182678.395,278.395,0.98,633.32,0.97,137.36,0.99,589.32,,,0.01,591.34,,,0.02,633.32,0.03,132.36,0.01,0.01,2369.44876,1776182676000
1776182678.769,278.769,0.98,633.32,0.97,132.36,0.99,584.24,,,0.01,585.26,,,0.02,633.32,0.03,132.36,0.01,0.01,2369.507155,1776182677000
1776182678.991,278.991,0.98,638.32,0.97,132.36,0.99,583.22,,,0.01,583.22,,,0.02,638.32,0.03,132.36,0.01,0.01,2369.6093,1776182678000
1776182679.499,279.499,0.98,770.32,0.97,207.36,0.99,522.75,,,0.01,537.75,,,0.02,643.32,0.03,107.36,0.01,0.01,2369.6093,1776182678000
1776182679.809,279.809,0.98,770.32,0.97,207.36,0.99,462.15,,,0.01,502.55,,,0.02,770.32,0.03,207.36,0.01,0.01,2369.6093,1776182678000
1776182680.036,280.036,0.98,770.32,0.97,207.36,0.99,42.39,,,0.01,86.39,,,0.02,770.32,0.03,207.36,0.01,0.01,2369.6093,1776182678000
1776182680.248,280.248,0.99,97.61,0.98,775.32,,,,,0.01,42.39,,,0.02,770.32,0.03,207.36,,0.01,2369.53804,1776182679000
1776182680.733,280.733,0.99,504.97,0.98,324.32,,,,,,,,,0.01,97.61,0.02,775.32,,,2369.53804,1776182679000
1776182681.445,281.445,0.99,500.69,0.98,324.32,,,,,,,,,0.01,500.69,0.02,324.32,,,2369.402209,1776182680000
1776182681.926,281.926,0.99,235.69,0.98,329.32,,,,,,,,,0.01,235.69,0.02,329.32,,,2369.518035,1776182681000
1776182682.687,282.687,0.99,432.46,0.98,329.32,,,,,,,,,0.01,364.5,0.02,329.32,,,2369.518035,1776182681000
1776182683.085,283.085,0.99,432.46,0.98,329.32,,,,,,,,,0.01,432.46,0.02,329.32,,,2369.45337,1776182682000
1776182684.179,284.179,0.99,351.51,0.98,296.31,,,,,,,,,0.01,432.46,0.02,329.32,,,2369.45337,1776182682000
1776182685.418,285.418,0.99,344.34,0.98,296.31,,,,,,,,,0.01,344.34,0.02,296.31,,,2369.40646,1776182684000
1776182686.072,286.072,0.99,603.15,0.98,291.31,,,,,,,,,0.01,603.15,0.02,291.31,,,2369.305735,1776182685000
1776182686.448,286.448,0.99,647.25,0.98,291.31,,,,,,,,,0.01,647.73,0.02,291.31,,,2369.305735,1776182685000
1776182687.151,287.151,0.99,647.25,0.98,291.31,,,,,,,,,0.01,647.25,0.02,291.31,,,2369.220565,1776182686000
1776182688.342,288.342,0.99,647.25,0.98,291.31,,,,,,,,,0.01,647.25,0.02,291.31,,,2369.253353,1776182687000
1776182689.028,289.028,0.99,647.25,0.98,291.31,,,,,,,,,0.01,647.25,0.02,291.31,,,2369.243702,1776182688000
1776182690.24,290.24,0.99,647.25,0.98,291.31,,,,,,,,,0.01,647.25,0.02,291.31,,,2369.22047,1776182689000
1776182691.398,291.398,0.99,647.25,0.98,291.31,,,,,,,,,0.01,647.25,0.02,291.31,,,2369.01638,1776182690000
1776182691.653,291.653,0.99,9757.34,0.98,353.32,,,,,,,,,0.01,647.25,0.02,291.31,,,2369.01638,1776182690000
1776182691.935,291.935,0.99,9757.34,0.98,353.32,,,,,,,,,0.01,9757.34,0.02,353.32,,,2369.076872,1776182691000
1776182693.317,293.317,0.99,9757.34,0.98,353.32,,,,,,,,,0.01,9757.34,0.02,353.32,,,2369.10193,1776182692000
1776182694.337,294.337,0.99,9757.34,0.98,353.32,,,,,,,,,0.01,9757.34,0.02,353.32,,,2369.16845,1776182693000
1776182694.968,294.968,0.99,11111.85,0.98,224.71,,,,,,,,,0.01,10482.44,0.02,224.71,,,2369.16845,1776182693000
1776182695.316,295.316,0.99,11111.85,0.98,224.71,,,,,,,,,0.01,11111.85,0.02,224.71,,,2369.145535,1776182694000
1776182696.401,296.401,0.99,11111.85,0.98,224.71,,,,,,,,,0.01,11111.85,0.02,224.71,,,2369.149465,1776182695000
1776182696.908,296.908,0.99,11111.85,0.98,224.71,,,,,,,,,0.01,11111.85,0.02,224.71,,,2369.149855,1776182696000
1776182697.172,297.172,0.99,8932.95,0.98,219.71,,,,,,,,,0.01,9692.95,0.02,219.71,,,2369.149855,1776182696000
1776182698.033,298.033,0.99,8932.95,0.98,219.71,,,,,,,,,0.01,8932.95,0.02,219.71,,,2368.712,1776182697000
1776182699.184,299.184,0.99,8932.95,0.98,219.71,,,,,,,,,0.01,8932.95,0.02,219.71,,,2368.363819,1776182698000
1776182700.159,300.159,0.99,8932.95,0.98,219.71,,,,,,,,,0.01,8932.95,0.02,219.71,,,2368.379922,1776182699000
1776182701.158,301.158,0.99,8932.95,0.98,219.71,,,,,,,,,0.01,8932.95,0.02,219.71,,,2368.46833,1776182700000
1776182702.35,302.35,0.99,8932.95,0.98,219.71,,,,,,,,,0.01,8932.95,0.02,219.71,,,2368.938166,1776182701000

# RESULT,winner=Up,slug=eth-updown-5m-1776182400,ticks=587
