timestamp,elapsed_sec,up_bid_p1,up_bid_s1,up_bid_p2,up_bid_s2,up_ask_p1,up_ask_s1,up_ask_p2,up_ask_s2,down_bid_p1,down_bid_s1,down_bid_p2,down_bid_s2,down_ask_p1,down_ask_s1,down_ask_p2,down_ask_s2,up_spread,down_spread,eth_price,eth_oracle_ts
1776275700.607,0.607,0.46,150.0,0.4,38.0,0.5,5.0,0.52,10.0,0.48,39.9,0.47,76.0,0.5,8.24,0.52,15.0,0.04,0.02,2348.32792,1776275699000
1776275701.53,1.53,0.49,3.03,0.46,15.0,0.51,14.0,0.52,22.52,0.48,7.52,0.47,10.0,0.6,38.0,0.61,34.0,0.02,0.12,2347.999965,1776275700000
1776275702.691,2.691,0.46,13.0,0.45,18.0,0.48,11.0,0.49,25.0,0.49,14.0,0.48,22.52,0.51,3.03,0.54,15.0,0.02,0.02,2348.053366,1776275701000
1776275703.04,3.04,0.46,15.38,0.45,18.0,0.48,11.0,0.49,16.0,0.52,11.0,0.51,25.0,0.54,13.0,0.55,18.0,0.02,0.02,2348.044727,1776275702000
1776275703.269,3.269,0.46,15.38,0.45,18.0,0.48,5.0,0.5,5.0,0.52,11.0,0.51,16.0,0.54,15.38,0.55,18.0,0.02,0.02,2348.044727,1776275702000
1776275703.933,3.933,0.47,25.11,0.46,55.38,0.48,5.0,0.51,13.0,0.48,25.52,0.47,31.0,0.53,15.0,0.54,10.38,0.01,0.05,2348.044727,1776275702000
1776275704.385,4.385,0.47,34.11,0.46,100.38,0.52,7.52,0.53,10.0,0.52,5.0,0.49,13.0,0.53,25.11,0.54,55.38,0.05,0.01,2347.97479,1776275703000
1776275705.146,5.146,0.52,27.43,0.51,31.0,0.53,1.22,0.54,8.0,0.47,10.0,0.46,21.0,0.48,6.68,0.49,25.0,0.01,0.01,2347.97479,1776275703000
1776275705.457,5.457,0.52,35.42,0.51,61.0,0.53,1.22,0.54,8.0,0.47,1.22,0.46,8.0,0.48,27.43,0.49,31.0,0.01,0.01,2347.917606,1776275704000
1776275705.805,5.805,0.52,49.42,0.51,94.0,0.58,2.79,0.59,5.0,0.47,1.22,0.46,8.0,0.48,35.42,0.49,61.0,0.06,0.01,2347.917606,1776275704000
1776275706.303,6.303,0.57,20.0,0.56,15.0,0.58,0.91,0.59,10.0,0.42,2.79,0.41,5.0,0.48,49.42,0.49,94.0,0.01,0.06,2347.917606,1776275704000
1776275707.155,7.155,0.58,10.0,0.57,20.0,0.59,12.35,0.6,28.0,0.42,0.91,0.41,10.0,0.43,20.0,0.44,15.0,0.01,0.01,2348.048312,1776275705000
1776275707.426,7.426,0.58,15.0,0.57,20.0,0.59,2.35,0.6,28.0,0.41,12.35,0.4,28.0,0.42,10.0,0.43,20.0,0.01,0.01,2348.342646,1776275706000
1776275708.328,8.328,0.59,25.0,0.58,20.0,0.6,3.67,0.61,5.0,0.41,2.35,0.4,28.0,0.42,15.0,0.43,20.0,0.01,0.01,2348.342646,1776275706000
1776275709.038,9.038,0.6,68.64,0.59,36.0,0.61,5.0,0.62,20.0,0.4,3.67,0.39,5.0,0.41,25.0,0.42,20.0,0.01,0.01,2348.446335,1776275707000
1776275709.369,9.369,0.57,10.0,0.56,15.0,0.61,189.0,0.62,52.0,0.39,5.0,0.38,20.0,0.4,68.64,0.41,36.0,0.04,0.01,2348.512949,1776275708000
1776275709.845,9.845,0.57,10.0,0.56,20.0,0.59,40.0,0.6,140.0,0.41,10.0,0.4,20.0,0.42,3.97,0.43,10.0,0.02,0.01,2348.512949,1776275708000
1776275710.201,10.201,0.55,15.0,0.54,26.0,0.58,150.0,0.59,51.0,0.42,20.0,0.41,160.0,0.43,7.67,0.44,15.0,0.03,0.01,2348.512949,1776275708000
1776275711.029,11.029,0.52,140.72,0.51,31.04,0.53,20.0,0.54,30.0,0.42,144.82,0.41,51.0,0.45,15.0,0.46,26.0,0.01,0.03,2348.69394,1776275709000
1776275711.537,11.537,0.53,22.44,0.52,132.0,0.54,20.5,0.55,50.0,0.47,13.54,0.46,35.0,0.48,10.0,0.49,10.0,0.01,0.01,2348.71,1776275710000
1776275712.635,12.635,0.53,17.65,0.52,153.5,0.54,620.0,0.55,45.5,0.46,15.0,0.45,65.5,0.47,5.5,0.48,142.5,0.01,0.01,2348.563047,1776275711000
1776275713.15,13.15,0.53,7.87,0.52,153.5,0.54,630.5,0.55,45.5,0.46,620.0,0.45,45.5,0.47,17.65,0.48,153.5,0.01,0.01,2348.547045,1776275712000
1776275713.402,13.402,0.53,7.87,0.52,153.5,0.54,621.24,0.55,45.5,0.46,630.5,0.45,45.5,0.47,7.87,0.48,153.5,0.01,0.01,2348.547045,1776275712000
1776275714.487,14.487,0.55,69.4,0.54,313.5,0.56,5.0,0.57,15.5,0.46,621.24,0.45,45.5,0.47,7.87,0.48,153.5,0.01,0.01,2348.547045,1776275712000
1776275715.348,15.348,0.55,70.4,0.54,313.5,0.56,5.0,0.57,15.5,0.44,5.0,0.43,15.5,0.45,69.4,0.46,313.5,0.01,0.01,2348.39451,1776275713000
1776275717.863,17.863,0.55,30.0,0.54,172.5,0.56,13.71,0.57,15.5,0.44,5.0,0.43,15.5,0.45,70.4,0.46,313.5,0.01,0.01,2348.532362,1776275716000
1776275718.576,18.576,0.52,7.8,0.51,36.12,0.53,45.5,0.54,30.5,0.44,13.71,0.43,15.5,0.45,28.33,0.46,166.5,0.01,0.01,2348.623945,1776275717000
1776275719.191,19.191,0.51,31.5,0.5,159.0,0.53,19.81,0.54,525.5,0.47,45.5,0.46,30.5,0.48,7.8,0.49,36.12,0.02,0.01,2348.535733,1776275718000
1776275719.687,19.687,0.52,17.0,0.51,20.5,0.53,638.87,0.54,155.5,0.47,492.16,0.46,157.5,0.48,27.5,0.49,25.5,0.01,0.01,2348.535733,1776275718000
1776275719.989,19.989,0.51,30.5,0.5,42.0,0.53,784.37,0.54,50.68,0.47,638.87,0.46,155.5,0.48,17.0,0.49,20.5,0.02,0.01,2348.535733,1776275718000
1776275720.627,20.627,0.51,36.5,0.5,52.0,0.52,535.8,0.53,299.37,0.47,784.37,0.46,50.68,0.49,30.5,0.5,42.0,0.01,0.02,2348.529516,1776275719000
1776275721.023,21.023,0.51,39.25,0.5,40.0,0.52,531.0,0.53,299.37,0.48,535.8,0.47,299.37,0.49,36.5,0.5,52.0,0.01,0.01,2348.529516,1776275719000
1776275722.692,22.692,0.51,39.25,0.5,40.0,0.52,531.2,0.53,309.56,0.48,531.0,0.47,299.37,0.49,39.25,0.5,40.0,0.01,0.01,2348.33223,1776275721000
1776275730.409,30.409,0.5,5.0,0.49,25.0,0.51,47.5,0.52,547.5,0.48,531.2,0.47,309.56,0.49,39.25,0.5,40.0,0.01,0.01,2348.315182,1776275728000
1776275730.741,30.741,0.49,188.0,0.48,178.42,0.5,2.92,0.51,480.0,0.49,289.5,0.48,79.5,0.51,25.0,0.52,35.42,0.01,0.02,2348.315182,1776275728000
1776275732.137,32.137,0.51,344.5,0.5,549.5,0.52,3.07,0.53,540.5,0.49,472.86,0.48,145.5,0.51,184.94,0.52,188.92,0.01,0.02,2348.308748,1776275730000
1776275732.379,32.379,0.51,343.45,0.5,560.5,0.53,540.5,0.54,50.5,0.48,3.07,0.47,540.5,0.49,330.45,0.5,560.5,0.02,0.01,2348.308748,1776275730000
1776275734.613,34.613,0.5,16.0,0.49,50.5,0.52,167.11,0.53,98.69,0.47,540.5,0.46,50.5,0.49,343.45,0.5,560.5,0.02,0.02,2348.182492,1776275732000
1776275735.092,35.092,0.5,14.0,0.49,60.5,0.51,25.03,0.52,167.11,0.49,33.03,0.48,167.11,0.5,14.0,0.51,60.5,0.01,0.01,2348.216878,1776275733000
1776275735.323,35.323,0.5,19.0,0.49,70.5,0.51,14.63,0.52,167.11,0.49,25.03,0.48,167.11,0.5,14.0,0.51,60.5,0.01,0.01,2348.183189,1776275734000
1776275735.574,35.574,0.5,19.0,0.49,70.5,0.51,13.03,0.52,167.11,0.49,14.63,0.48,167.11,0.5,19.0,0.51,70.5,0.01,0.01,2348.183189,1776275734000
1776275736.936,36.936,0.49,52.5,0.48,81.34,0.5,26.82,0.51,260.53,0.49,13.03,0.48,167.11,0.5,19.0,0.51,70.5,0.01,0.01,2348.185345,1776275735000
1776275737.351,37.351,0.49,42.5,0.48,70.5,0.5,29.82,0.51,270.53,0.5,26.82,0.49,260.53,0.51,52.5,0.52,81.34,0.01,0.01,2348.185345,1776275735000
1776275739.744,39.744,0.49,42.5,0.48,70.5,0.5,254.82,0.51,38.53,0.5,24.82,0.49,270.53,0.51,40.53,0.52,70.5,0.01,0.01,2348.118089,1776275738000
1776275741.141,41.141,0.49,22.19,0.48,60.5,0.5,280.32,0.51,38.53,0.5,254.82,0.49,38.53,0.51,42.5,0.52,70.5,0.01,0.01,2348.107779,1776275740000
1776275742.195,42.195,0.49,22.19,0.48,60.5,0.5,265.5,0.51,38.53,0.5,280.32,0.49,38.53,0.51,22.19,0.52,60.5,0.01,0.01,2348.107779,1776275740000
1776275743.043,43.043,0.49,20.22,0.48,60.5,0.5,268.61,0.51,33.53,0.5,265.5,0.49,38.53,0.51,20.22,0.52,60.5,0.01,0.01,2348.107539,1776275741000
1776275743.57,43.57,0.48,50.0,0.47,21.5,0.5,278.61,0.51,66.53,0.5,268.61,0.49,33.53,0.51,20.22,0.52,60.5,0.02,0.01,2348.092871,1776275742000
1776275744.559,44.559,0.47,21.5,0.46,160.24,0.48,7.91,0.49,73.45,0.51,33.45,0.5,267.5,0.52,45.0,0.53,21.5,0.01,0.01,2348.138053,1776275743000
1776275745.555,45.555,0.47,26.5,0.46,380.5,0.48,12.91,0.49,148.45,0.52,7.91,0.51,73.45,0.53,21.5,0.54,160.24,0.01,0.01,2348.071453,1776275744000
1776275746.699,46.699,0.47,25.0,0.46,390.5,0.48,20.82,0.49,148.45,0.52,12.91,0.51,148.45,0.53,26.5,0.54,380.5,0.01,0.01,2348.000758,1776275745000
1776275747.285,47.285,0.47,15.0,0.46,158.5,0.49,33.87,0.5,25.5,0.52,8.12,0.51,153.45,0.53,25.0,0.54,275.5,0.02,0.01,2348.000758,1776275745000
1776275748.08,48.08,0.47,8.24,0.46,158.5,0.48,20.0,0.49,280.87,0.52,20.0,0.51,173.87,0.53,3.11,0.54,168.5,0.01,0.01,2348.004433,1776275746000
1776275749.244,49.244,0.47,25.0,0.46,400.5,0.48,22.0,0.49,145.87,0.52,54.91,0.51,280.87,0.53,10.0,0.54,158.5,0.01,0.01,2347.996951,1776275748000
1776275749.79,49.79,0.47,5.0,0.46,400.5,0.48,24.91,0.49,140.87,0.52,19.91,0.51,145.87,0.53,20.0,0.54,400.5,0.01,0.01,2347.996951,1776275748000
1776275750.803,50.803,0.47,500.0,0.46,293.5,0.48,20.88,0.49,160.87,0.52,24.91,0.51,140.87,0.53,5.0,0.54,400.5,0.01,0.01,2348.03615,1776275749000
1776275751.719,51.719,0.47,620.0,0.46,178.5,0.48,18.79,0.49,155.87,0.52,20.88,0.51,160.87,0.53,500.0,0.54,293.5,0.01,0.01,2347.994104,1776275750000
1776275752.648,52.648,0.47,615.5,0.46,307.24,0.48,8.79,0.49,8.37,0.52,18.79,0.51,145.87,0.53,615.0,0.54,178.5,0.01,0.01,2347.989251,1776275751000
1776275752.876,52.876,0.47,686.4,0.46,292.11,0.51,10.0,0.52,10.0,0.52,8.79,0.49,10.0,0.53,691.4,0.54,292.11,0.04,0.01,2347.989251,1776275751000
1776275753.39,53.39,0.52,90.5,0.51,120.5,0.53,7.35,0.54,10.18,0.49,10.0,0.48,10.0,0.53,686.4,0.54,292.11,0.01,0.04,2347.993483,1776275752000
1776275753.704,53.704,0.52,893.5,0.51,145.5,0.54,7.48,0.56,10.5,0.47,7.35,0.46,10.18,0.48,90.5,0.49,120.5,0.02,0.01,2347.993483,1776275752000
1776275753.966,53.966,0.54,465.68,0.53,297.5,0.57,10.79,0.58,81.65,0.43,60.29,0.42,71.65,0.47,33.5,0.48,828.5,0.03,0.04,2347.993777,1776275753000
1776275756.416,56.416,0.56,667.0,0.55,140.0,0.57,5.5,0.58,86.65,0.43,10.79,0.42,81.65,0.46,463.5,0.47,297.5,0.01,0.03,2348.463542,1776275755000
1776275757.03,57.03,0.57,669.67,0.56,177.0,0.58,87.15,0.59,25.0,0.43,5.5,0.42,86.65,0.44,667.0,0.45,140.0,0.01,0.01,2348.463542,1776275755000
1776275757.937,57.937,0.58,667.0,0.57,169.67,0.6,124.18,0.61,147.0,0.41,25.0,0.4,179.0,0.43,664.67,0.44,177.0,0.02,0.02,2348.525809,1776275756000
1776275758.421,58.421,0.61,50.0,0.6,10.0,0.62,10.4,0.63,117.0,0.4,124.18,0.39,147.0,0.42,667.0,0.43,169.67,0.01,0.02,2348.547183,1776275757000
1776275758.635,58.635,0.62,102.0,0.61,55.0,0.64,33.5,0.65,51.0,0.37,4.5,0.36,64.0,0.38,21.0,0.39,40.0,0.02,0.01,2348.547183,1776275757000
1776275758.842,58.842,0.63,662.0,0.62,77.0,0.64,144.5,0.65,51.0,0.36,33.5,0.35,51.0,0.38,102.0,0.39,55.0,0.01,0.02,2348.547183,1776275757000
1776275759.529,59.529,0.63,685.04,0.62,77.0,0.64,137.5,0.65,124.34,0.36,144.5,0.35,51.0,0.37,662.0,0.38,77.0,0.01,0.01,2348.61308,1776275758000
1776275760.177,60.177,0.63,685.04,0.62,77.0,0.64,18.67,0.65,241.34,0.36,137.5,0.35,124.34,0.37,685.04,0.38,77.0,0.01,0.01,2348.61308,1776275758000
1776275761.33,61.33,0.63,687.33,0.62,77.0,0.64,71.24,0.65,164.5,0.36,18.67,0.35,232.34,0.37,687.33,0.38,77.0,0.01,0.01,2348.76878,1776275759000
1776275762.546,62.546,0.65,214.0,0.64,508.0,0.66,0.6,0.67,10.5,0.36,71.24,0.35,164.5,0.37,687.33,0.38,77.0,0.01,0.01,2349.031598,1776275761000
1776275763.317,63.317,0.68,696.0,0.67,154.56,0.69,156.8,0.7,50.0,0.32,112.82,0.31,40.9,0.34,45.05,0.35,659.0,0.01,0.02,2348.977665,1776275762000
1776275763.549,63.549,0.68,676.0,0.67,199.34,0.69,151.72,0.7,137.09,0.31,156.8,0.3,50.0,0.32,696.0,0.33,154.56,0.01,0.01,2348.977665,1776275762000
1776275763.898,63.898,0.68,696.0,0.67,199.34,0.69,151.19,0.7,137.09,0.31,151.72,0.3,137.09,0.32,676.0,0.33,199.34,0.01,0.01,2348.977665,1776275762000
1776275764.528,64.528,0.68,686.0,0.67,326.34,0.69,23.19,0.7,157.09,0.31,145.19,0.3,147.59,0.32,701.0,0.33,199.34,0.01,0.01,2349.175665,1776275763000
1776275764.794,64.794,0.68,691.0,0.67,326.34,0.69,3.19,0.7,65.0,0.31,23.19,0.3,157.09,0.32,686.0,0.33,326.34,0.01,0.01,2349.175665,1776275763000
1776275765.013,65.013,0.68,692.87,0.67,326.34,0.7,65.0,0.71,156.0,0.31,3.19,0.3,65.0,0.32,687.87,0.33,326.34,0.02,0.01,2349.14647,1776275764000
1776275765.618,65.618,0.69,686.0,0.68,55.87,0.7,193.46,0.71,71.5,0.3,65.0,0.29,156.0,0.32,692.87,0.33,326.34,0.01,0.02,2349.14647,1776275764000
1776275766.142,66.142,0.69,734.48,0.68,65.87,0.7,59.6,0.71,71.5,0.3,50.6,0.29,62.5,0.31,729.48,0.32,55.87,0.01,0.01,2349.17303,1776275765000
1776275766.512,66.512,0.69,729.48,0.68,65.87,0.7,120.89,0.71,52.0,0.3,50.6,0.29,61.0,0.31,734.48,0.32,65.87,0.01,0.01,2349.17303,1776275765000
1776275768.006,68.006,0.69,129.48,0.68,645.87,0.7,135.75,0.71,144.56,0.3,120.89,0.29,52.0,0.31,729.48,0.32,65.87,0.01,0.01,2349.337269,1776275766000
1776275768.21,68.21,0.69,120.93,0.68,645.87,0.7,133.75,0.71,144.56,0.3,135.75,0.29,144.56,0.31,129.48,0.32,645.87,0.01,0.01,2349.337269,1776275766000
1776275769.032,69.032,0.69,725.93,0.68,172.87,0.7,24.21,0.71,60.5,0.3,133.75,0.29,144.56,0.31,120.93,0.32,645.87,0.01,0.01,2349.383145,1776275767000
1776275769.432,69.432,0.69,125.93,0.68,640.87,0.7,7.21,0.71,65.5,0.3,24.21,0.29,60.5,0.31,725.93,0.32,172.87,0.01,0.01,2349.346048,1776275768000
1776275771.581,71.581,0.69,726.99,0.68,173.87,0.7,14.35,0.71,174.0,0.3,17.21,0.29,65.5,0.31,116.99,0.32,640.87,0.01,0.01,2349.33818,1776275770000
1776275772.857,72.857,0.69,605.15,0.68,171.87,0.7,19.35,0.71,182.0,0.3,14.35,0.29,174.0,0.31,726.99,0.32,173.87,0.01,0.01,2349.335611,1776275771000
1776275773.955,73.955,0.69,717.98,0.68,162.87,0.7,19.35,0.71,60.0,0.3,19.35,0.29,182.0,0.31,605.15,0.32,171.87,0.01,0.01,2349.40466,1776275772000
1776275774.88,74.88,0.7,684.95,0.69,198.98,0.71,30.0,0.72,46.0,0.29,60.0,0.28,167.5,0.3,19.95,0.31,722.98,0.01,0.01,2349.364483,1776275773000
1776275776.039,76.039,0.7,705.45,0.69,196.98,0.71,12.91,0.72,20.0,0.29,30.0,0.28,46.0,0.3,684.95,0.31,198.98,0.01,0.01,2349.47485,1776275775000
1776275776.492,76.492,0.7,710.45,0.69,233.9,0.71,11.52,0.72,20.0,0.29,12.91,0.28,20.0,0.3,705.45,0.31,196.98,0.01,0.01,2349.47485,1776275775000
1776275777.23,77.23,0.7,705.45,0.69,250.7,0.71,10.11,0.72,15.0,0.29,11.52,0.28,20.0,0.3,710.45,0.31,233.9,0.01,0.01,2349.41599,1776275776000
1776275777.69,77.69,0.7,694.16,0.69,255.7,0.71,10.11,0.72,15.0,0.29,10.11,0.28,15.0,0.3,705.45,0.31,250.7,0.01,0.01,2349.41599,1776275776000
1776275779.043,79.043,0.7,133.71,0.69,674.98,0.71,15.11,0.72,5.0,0.29,10.11,0.28,15.0,0.3,694.16,0.31,255.7,0.01,0.01,2349.43872,1776275777000
1776275779.393,79.393,0.7,133.71,0.69,718.05,0.71,17.43,0.72,10.0,0.29,15.11,0.28,5.0,0.3,133.71,0.31,674.98,0.01,0.01,2349.446868,1776275778000
1776275780.365,80.365,0.7,118.71,0.69,663.98,0.71,12.43,0.72,5.0,0.29,17.43,0.28,10.0,0.3,133.71,0.31,718.05,0.01,0.01,2349.441804,1776275779000
1776275780.721,80.721,0.7,31.71,0.69,173.48,0.71,32.43,0.72,25.0,0.29,12.43,0.28,5.0,0.3,118.71,0.31,663.98,0.01,0.01,2349.441804,1776275779000
1776275780.953,80.953,0.7,726.0,0.69,111.98,0.71,10.0,0.72,10.0,0.29,23.0,0.28,32.0,0.31,111.98,0.32,20.5,0.01,0.02,2349.441804,1776275779000
1776275781.356,81.356,0.7,811.5,0.69,111.98,0.71,6.22,0.72,26.0,0.29,10.0,0.28,10.0,0.3,726.0,0.31,111.98,0.01,0.01,2349.435733,1776275780000
1776275782.155,82.155,0.71,114.55,0.7,752.5,0.72,15.0,0.73,86.0,0.29,6.22,0.28,26.0,0.3,811.5,0.31,111.98,0.01,0.01,2349.41674,1776275781000
1776275783.14,83.14,0.71,234.55,0.7,642.5,0.72,23.61,0.73,203.0,0.28,15.0,0.27,86.0,0.29,114.55,0.3,752.5,0.01,0.01,2349.40014,1776275782000
1776275785.393,85.393,0.71,87.7,0.7,738.0,0.72,23.61,0.73,220.4,0.28,23.61,0.27,203.0,0.29,234.55,0.3,642.5,0.01,0.01,2349.40693,1776275784000
1776275787.3,87.3,0.7,526.41,0.69,97.98,0.72,13.61,0.73,197.0,0.28,23.61,0.27,220.4,0.29,87.7,0.3,738.0,0.02,0.01,2349.390032,1776275785000
1776275787.871,87.871,0.7,542.41,0.69,329.98,0.71,3.59,0.72,18.61,0.28,13.61,0.27,197.0,0.3,526.41,0.31,97.98,0.01,0.02,2349.385334,1776275786000
1776275793.504,93.504,0.71,137.0,0.7,36.5,0.72,13.61,0.73,192.0,0.29,3.59,0.28,18.61,0.3,542.41,0.31,329.98,0.01,0.01,2349.550164,1776275792000
1776275793.977,93.977,0.71,766.0,0.7,142.5,0.72,13.61,0.73,192.0,0.28,13.61,0.27,192.0,0.29,137.0,0.3,36.5,0.01,0.01,2349.550164,1776275792000
1776275794.785,94.785,0.71,191.35,0.7,737.5,0.72,12.19,0.73,192.0,0.28,13.61,0.27,192.0,0.29,766.0,0.3,142.5,0.01,0.01,2349.416895,1776275793000
1776275797.25,97.25,0.71,943.85,0.7,25.5,0.72,0.8,0.73,72.4,0.28,12.19,0.27,192.0,0.29,191.35,0.3,737.5,0.01,0.01,2349.422847,1776275796000
1776275798.092,98.092,0.71,869.85,0.7,63.59,0.73,72.4,0.74,142.0,0.28,0.8,0.27,72.4,0.29,943.85,0.3,25.5,0.02,0.01,2349.422847,1776275796000
1776275800.205,100.205,0.71,111.1,0.7,35.5,0.72,318.0,0.73,580.0,0.27,72.4,0.26,142.0,0.29,869.85,0.3,63.59,0.01,0.02,2349.566945,1776275798000
1776275800.531,100.531,0.71,57.72,0.7,10.0,0.72,800.0,0.73,144.0,0.28,318.0,0.27,580.0,0.29,111.1,0.3,35.5,0.01,0.01,2349.476485,1776275799000
1776275801.111,101.111,0.7,79.46,0.69,675.98,0.71,61.0,0.72,56.0,0.28,800.0,0.27,144.0,0.3,10.0,0.31,68.98,0.01,0.02,2349.471064,1776275800000
1776275802.79,102.79,0.7,30.0,0.69,58.48,0.71,817.26,0.72,46.0,0.29,61.0,0.28,56.0,0.3,79.46,0.31,675.98,0.01,0.01,2349.42688,1776275801000
1776275804.441,104.441,0.69,54.85,0.68,10.0,0.7,81.0,0.71,779.5,0.29,817.26,0.28,46.0,0.3,30.0,0.31,58.48,0.01,0.01,2349.322104,1776275803000
1776275805.001,105.001,0.69,11.26,0.68,10.0,0.7,587.0,0.71,178.0,0.3,86.0,0.29,779.5,0.31,0.85,0.32,10.0,0.01,0.01,2349.326859,1776275804000
1776275805.36,105.36,0.69,6.67,0.68,10.0,0.7,557.0,0.71,178.0,0.3,587.0,0.29,178.0,0.31,11.26,0.32,10.0,0.01,0.01,2349.326859,1776275804000
1776275805.583,105.583,0.67,160.6,0.66,80.5,0.7,566.0,0.71,178.0,0.3,557.0,0.29,178.0,0.31,6.67,0.32,10.0,0.03,0.01,2349.326859,1776275804000
1776275805.904,105.904,0.68,151.5,0.67,786.1,0.69,5.0,0.7,33.0,0.3,566.0,0.29,178.0,0.33,160.6,0.34,80.5,0.01,0.03,2349.326859,1776275804000
1776275806.737,106.737,0.67,167.56,0.66,253.5,0.68,40.0,0.69,49.0,0.31,5.0,0.3,33.0,0.32,151.5,0.33,786.1,0.01,0.01,2349.310731,1776275805000
1776275807.194,107.194,0.67,166.22,0.66,60.0,0.68,170.0,0.69,54.0,0.32,40.0,0.31,49.0,0.33,167.56,0.34,253.5,0.01,0.01,2349.106165,1776275806000
1776275807.777,107.777,0.67,0.22,0.66,60.0,0.68,799.0,0.69,49.0,0.32,221.0,0.31,49.0,0.33,118.22,0.34,60.0,0.01,0.01,2349.106165,1776275806000
1776275809.157,109.157,0.67,761.5,0.66,115.5,0.69,79.45,0.7,104.0,0.32,721.0,0.31,49.0,0.34,187.5,0.35,65.5,0.02,0.02,2349.077564,1776275808000
1776275809.65,109.65,0.68,34.87,0.67,747.5,0.69,55.45,0.7,109.0,0.31,79.45,0.3,104.0,0.33,761.5,0.34,115.5,0.01,0.02,2349.077564,1776275808000
1776275812.432,112.432,0.68,155.5,0.67,643.5,0.69,0.89,0.7,149.66,0.31,45.45,0.3,66.0,0.32,47.87,0.33,747.5,0.01,0.01,2349.125362,1776275811000
1776275816.089,116.089,0.66,109.0,0.65,71.5,0.67,802.7,0.68,26.25,0.31,0.89,0.3,149.66,0.32,155.5,0.33,643.5,0.01,0.01,2349.134635,1776275814000
1776275816.753,116.753,0.66,110.0,0.65,297.5,0.67,501.77,0.68,272.0,0.33,802.7,0.32,26.25,0.34,109.0,0.35,71.5,0.01,0.01,2349.018212,1776275815000
1776275817.296,117.296,0.66,85.0,0.65,65.5,0.67,749.56,0.68,36.0,0.33,501.77,0.32,272.0,0.34,110.0,0.35,297.5,0.01,0.01,2349.007493,1776275816000
1776275819.685,119.685,0.66,36.0,0.65,55.0,0.67,627.0,0.68,154.0,0.33,749.56,0.32,36.0,0.34,85.0,0.35,65.5,0.01,0.01,2349.011422,1776275818000
1776275820.649,120.649,0.66,327.5,0.65,550.5,0.67,1.53,0.68,35.0,0.33,627.0,0.32,154.0,0.34,36.0,0.35,55.0,0.01,0.01,2348.990378,1776275819000
1776275822.482,122.482,0.67,27.21,0.66,45.0,0.68,770.0,0.69,26.39,0.33,1.53,0.32,35.0,0.34,327.5,0.35,550.5,0.01,0.01,2348.978663,1776275821000
1776275822.731,122.731,0.67,15.21,0.66,30.0,0.68,945.5,0.69,60.89,0.32,770.0,0.31,26.39,0.33,27.21,0.34,45.0,0.01,0.01,2348.978663,1776275821000
1776275825.939,125.939,0.62,121.0,0.61,65.5,0.63,637.0,0.64,20.0,0.32,945.5,0.31,110.89,0.36,35.0,0.37,170.0,0.01,0.04,2348.75605,1776275824000
1776275826.99,126.99,0.63,154.0,0.62,743.5,0.65,10.0,0.66,20.0,0.37,637.0,0.36,20.0,0.38,121.0,0.39,65.5,0.02,0.01,2348.683263,1776275825000
1776275828.96,128.96,0.66,5.0,0.65,25.0,0.67,656.16,0.68,91.62,0.34,14.0,0.33,21.0,0.36,15.0,0.37,160.0,0.01,0.02,2348.693095,1776275827000
1776275830.126,130.126,0.66,41.85,0.65,158.5,0.67,7.16,0.68,81.62,0.33,656.16,0.32,91.62,0.34,5.0,0.35,25.0,0.01,0.01,2348.772075,1776275828000
1776275830.737,130.737,0.64,25.0,0.63,155.5,0.67,40.16,0.68,247.12,0.33,7.16,0.32,81.62,0.34,41.85,0.35,158.5,0.03,0.01,2348.772075,1776275828000
1776275831.694,131.694,0.64,16.0,0.63,25.5,0.65,142.3,0.66,21.0,0.33,40.16,0.32,247.12,0.36,25.0,0.37,155.5,0.01,0.03,2348.82235,1776275830000
1776275833.841,133.841,0.6,22.93,0.59,220.0,0.61,143.0,0.62,643.0,0.35,142.3,0.34,21.0,0.36,16.0,0.37,25.5,0.01,0.01,2348.787066,1776275832000
1776275834.088,134.088,0.59,220.0,0.58,65.5,0.61,176.0,0.62,36.0,0.39,143.0,0.38,643.0,0.4,22.93,0.41,220.0,0.02,0.01,2348.779418,1776275833000
1776275836.227,136.227,0.65,7.14,0.64,25.5,0.66,5.0,0.67,2.16,0.39,176.0,0.38,36.0,0.41,220.0,0.42,65.5,0.01,0.02,2348.576763,1776275835000
1776275836.784,136.784,0.64,16.0,0.63,21.0,0.66,35.0,0.67,12.16,0.34,5.0,0.33,2.16,0.35,7.14,0.36,25.5,0.02,0.01,2348.576763,1776275835000
1776275837.613,137.613,0.6,16.22,0.59,257.5,0.61,17.0,0.62,5.0,0.35,15.0,0.34,30.0,0.38,46.07,0.39,137.0,0.01,0.03,2348.495541,1776275836000
1776275839.537,139.537,0.6,970.22,0.59,104.5,0.68,50.62,0.69,21.89,0.39,17.0,0.38,5.0,0.4,16.22,0.41,257.5,0.08,0.01,2348.698648,1776275838000
1776275839.881,139.881,0.69,5.11,0.68,866.5,0.71,70.0,0.72,50.0,0.31,11.89,0.3,56.0,0.33,72.5,0.34,551.0,0.02,0.02,2348.698648,1776275838000
1776275843.279,143.279,0.7,6.0,0.69,10.0,0.71,56.0,0.72,777.0,0.29,70.0,0.28,50.0,0.31,5.11,0.32,866.5,0.01,0.02,2349.150861,1776275842000
1776275843.525,143.525,0.69,4.0,0.68,10.0,0.7,45.0,0.71,54.0,0.29,67.0,0.28,777.0,0.31,10.0,0.32,10.0,0.01,0.02,2349.150861,1776275842000
1776275843.819,143.819,0.68,10.0,0.67,20.5,0.69,8.63,0.7,279.0,0.3,45.0,0.29,54.0,0.31,4.0,0.32,10.0,0.01,0.01,2349.150861,1776275842000
1776275844.573,144.573,0.66,17.84,0.64,10.5,0.67,237.79,0.68,32.0,0.31,8.63,0.3,279.0,0.32,10.0,0.33,20.5,0.01,0.01,2349.173037,1776275843000
1776275845.197,145.197,0.63,10.5,0.61,153.0,0.64,192.87,0.65,495.0,0.33,357.79,0.32,32.0,0.37,10.5,0.38,5.0,0.01,0.04,2349.138677,1776275844000
1776275846.216,146.216,0.63,15.5,0.62,15.0,0.64,569.19,0.65,154.0,0.36,192.87,0.35,495.0,0.37,10.5,0.39,153.0,0.01,0.01,2349.138677,1776275844000
1776275847.991,147.991,0.63,35.5,0.62,262.0,0.64,1.25,0.65,24.0,0.36,569.19,0.35,154.0,0.37,15.5,0.38,15.0,0.01,0.01,2348.853146,1776275846000
1776275849.511,149.511,0.63,35.5,0.62,262.0,0.64,10.12,0.65,24.0,0.36,1.25,0.35,24.0,0.37,35.5,0.38,262.0,0.01,0.01,2348.7931,1776275848000
1776275850.156,150.156,0.63,6.85,0.62,30.5,0.64,28.0,0.65,161.0,0.36,10.12,0.35,24.0,0.37,35.5,0.38,262.0,0.01,0.01,2348.7931,1776275848000
1776275851.21,151.21,0.63,10.0,0.62,30.5,0.64,738.32,0.65,80.0,0.36,33.0,0.35,156.0,0.38,30.5,0.39,56.0,0.01,0.02,2348.800438,1776275850000
1776275851.951,151.951,0.63,20.5,0.62,30.5,0.64,611.32,0.65,171.0,0.36,738.32,0.35,80.0,0.37,10.0,0.38,30.5,0.01,0.01,2348.800438,1776275850000
1776275852.162,152.162,0.63,20.5,0.62,30.5,0.64,610.38,0.65,171.0,0.36,611.32,0.35,171.0,0.37,20.5,0.38,30.5,0.01,0.01,2348.800438,1776275850000
1776275854.263,154.263,0.61,15.5,0.6,175.0,0.62,29.33,0.63,69.0,0.36,600.38,0.35,171.0,0.37,17.66,0.38,147.5,0.01,0.01,2348.747772,1776275852000
1776275855.3,155.3,0.55,0.4,0.54,225.0,0.57,10.0,0.58,10.0,0.38,29.33,0.37,69.0,0.39,15.5,0.4,175.0,0.02,0.01,2348.734102,1776275854000
1776275856.757,156.757,0.49,11.63,0.48,222.0,0.5,541.0,0.51,21.0,0.44,71.0,0.43,27.0,0.46,125.0,0.47,125.0,0.01,0.02,2348.643609,1776275855000
1776275857.844,157.844,0.49,19.18,0.48,227.42,0.5,746.0,0.51,80.0,0.5,541.0,0.49,21.0,0.51,11.63,0.52,222.0,0.01,0.01,2348.265859,1776275856000
1776275858.182,158.182,0.48,217.0,0.47,60.64,0.5,767.0,0.51,80.0,0.5,746.0,0.49,80.0,0.51,19.18,0.52,227.42,0.02,0.01,2348.265859,1776275856000
1776275859.557,159.557,0.48,10.74,0.47,55.0,0.49,896.0,0.5,57.0,0.51,50.0,0.5,663.0,0.52,150.82,0.53,86.92,0.01,0.01,2347.918148,1776275858000
1776275859.829,159.829,0.47,55.0,0.46,267.0,0.49,801.0,0.5,57.0,0.51,896.0,0.5,57.0,0.52,10.74,0.53,55.0,0.02,0.01,2347.918148,1776275858000
1776275860.186,160.186,0.46,272.0,0.45,50.0,0.48,797.0,0.49,230.0,0.51,801.0,0.5,57.0,0.53,55.0,0.54,267.0,0.02,0.02,2347.918148,1776275858000
1776275861.171,161.171,0.46,182.5,0.45,55.0,0.47,647.36,0.48,65.0,0.52,797.0,0.51,230.0,0.54,272.0,0.55,50.0,0.01,0.02,2347.916987,1776275860000
1776275861.923,161.923,0.47,773.5,0.46,158.5,0.5,50.0,0.51,46.0,0.53,647.36,0.52,65.0,0.54,182.5,0.55,55.0,0.03,0.01,2347.916987,1776275860000
1776275863.124,163.124,0.58,777.5,0.57,30.0,0.6,11.0,0.61,42.0,0.41,51.0,0.4,6.0,0.49,129.52,0.5,50.5,0.02,0.08,2347.814148,1776275861000
1776275863.525,163.525,0.59,21.35,0.58,787.5,0.61,47.0,0.62,171.5,0.39,42.0,0.38,30.5,0.42,777.5,0.43,30.0,0.02,0.03,2347.865349,1776275862000
1776275864.262,164.262,0.59,27.85,0.58,762.0,0.6,4.62,0.61,55.0,0.39,47.0,0.38,171.5,0.41,21.35,0.42,787.5,0.01,0.02,2348.29279,1776275863000
1776275865.851,165.851,0.55,15.5,0.54,115.0,0.56,62.79,0.57,44.63,0.4,102.12,0.39,131.5,0.42,10.0,0.44,30.0,0.01,0.02,2348.347127,1776275864000
1776275867.641,167.641,0.54,143.87,0.53,177.0,0.58,118.43,0.59,44.5,0.44,108.27,0.43,56.26,0.46,108.37,0.47,60.0,0.04,0.02,2348.237887,1776275866000
1776275868.678,168.678,0.57,804.5,0.56,68.5,0.58,8.0,0.6,32.0,0.42,118.43,0.41,44.5,0.46,143.87,0.47,177.0,0.01,0.04,2348.198417,1776275867000
1776275868.989,168.989,0.59,833.5,0.58,51.5,0.62,20.0,0.63,15.0,0.4,32.0,0.39,42.0,0.43,804.5,0.44,68.5,0.03,0.03,2348.198417,1776275867000
1776275871.797,171.797,0.64,28.54,0.63,141.0,0.65,613.32,0.66,37.5,0.35,10.0,0.34,7.0,0.38,45.5,0.39,141.0,0.01,0.03,2348.57718,1776275870000
1776275872.533,172.533,0.58,25.5,0.57,130.0,0.6,53.0,0.61,75.0,0.35,613.32,0.34,37.5,0.36,28.54,0.37,141.0,0.02,0.01,2348.59758,1776275871000
1776275873.229,173.229,0.58,625.5,0.57,15.0,0.59,41.0,0.6,31.0,0.4,53.0,0.39,75.0,0.42,0.5,0.43,130.0,0.01,0.02,2348.597665,1776275872000
1776275875.892,175.892,0.58,272.5,0.57,45.5,0.6,53.5,0.61,71.5,0.41,41.0,0.4,31.0,0.42,625.5,0.43,15.0,0.02,0.01,2348.455645,1776275874000
1776275880.109,180.109,0.59,309.5,0.58,520.5,0.6,3.0,0.61,40.5,0.4,53.5,0.39,71.5,0.42,272.5,0.43,45.5,0.01,0.02,2348.36108,1776275878000
1776275881.654,181.654,0.57,10.0,0.56,85.0,0.58,128.91,0.59,37.2,0.4,1.33,0.39,40.5,0.41,309.5,0.42,520.5,0.01,0.01,2348.44718,1776275880000
1776275882.694,182.694,0.48,5.0,0.47,297.0,0.5,80.0,0.51,26.0,0.43,21.63,0.42,916.91,0.47,125.0,0.48,35.0,0.02,0.04,2348.44718,1776275880000
1776275884.49,184.49,0.47,195.5,0.46,87.0,0.48,17.91,0.49,21.0,0.51,15.0,0.5,30.0,0.52,3.52,0.53,302.0,0.01,0.01,2348.389949,1776275882000
1776275884.701,184.701,0.46,82.0,0.45,71.0,0.48,27.91,0.49,26.0,0.52,17.91,0.51,21.0,0.53,195.5,0.54,87.0,0.02,0.01,2348.389949,1776275882000
1776275884.988,184.988,0.46,87.0,0.45,76.0,0.48,18.6,0.49,26.0,0.53,5.0,0.52,15.0,0.54,87.0,0.55,71.0,0.02,0.01,2348.052158,1776275883000
1776275885.203,185.203,0.46,56.33,0.45,193.0,0.47,618.0,0.48,125.6,0.52,18.6,0.51,26.0,0.54,72.74,0.55,76.0,0.01,0.02,2348.052158,1776275883000
1776275885.523,185.523,0.46,39.33,0.45,71.0,0.47,748.97,0.48,146.1,0.53,512.97,0.52,18.6,0.54,173.83,0.55,186.0,0.01,0.01,2348.008989,1776275884000
1776275886.151,186.151,0.45,5.0,0.44,10.5,0.46,515.4,0.47,51.5,0.54,8.8,0.53,687.97,0.55,11.0,0.56,67.5,0.01,0.01,2348.008989,1776275885000
1776275886.442,186.442,0.43,62.5,0.42,217.5,0.46,635.4,0.47,168.5,0.54,630.4,0.53,168.5,0.55,1.94,0.56,10.5,0.03,0.01,2348.008989,1776275885000
1776275886.818,186.818,0.43,206.5,0.42,105.5,0.45,7.5,0.46,613.8,0.56,3.7,0.55,10.0,0.57,62.5,0.58,217.5,0.02,0.01,2348.008989,1776275885000
1776275887.175,187.175,0.44,6.24,0.43,201.5,0.45,12.5,0.46,613.8,0.55,7.5,0.54,613.8,0.57,206.5,0.58,105.5,0.01,0.02,2348.008989,1776275885000
1776275888.436,188.436,0.44,288.46,0.43,64.5,0.45,7.5,0.46,13.8,0.55,12.5,0.54,613.8,0.56,6.24,0.57,201.5,0.01,0.01,2347.874128,1776275886000
1776275888.904,188.904,0.45,83.5,0.44,170.5,0.46,4.45,0.47,20.0,0.55,7.5,0.54,13.8,0.56,288.46,0.57,64.5,0.01,0.01,2347.847206,1776275887000
1776275889.136,189.136,0.46,2.48,0.45,63.5,0.47,25.0,0.48,28.6,0.53,20.0,0.52,23.6,0.55,83.5,0.56,170.5,0.01,0.02,2347.844725,1776275888000
1776275889.671,189.671,0.45,295.5,0.44,53.5,0.47,25.0,0.48,28.6,0.53,25.0,0.52,28.6,0.54,2.48,0.55,63.5,0.02,0.01,2347.844725,1776275888000
1776275890.044,190.044,0.46,154.49,0.45,660.5,0.47,20.0,0.48,28.6,0.53,25.0,0.52,28.6,0.55,295.5,0.56,53.5,0.01,0.02,2347.844725,1776275888000
1776275890.435,190.435,0.46,129.62,0.45,660.5,0.48,20.0,0.49,46.5,0.53,5.0,0.52,28.6,0.54,147.13,0.55,660.5,0.02,0.01,2347.841239,1776275889000
1776275891.643,191.643,0.46,48.0,0.45,153.0,0.48,10.0,0.49,51.5,0.52,20.0,0.51,46.5,0.53,7.84,0.54,129.62,0.02,0.01,2347.824829,1776275890000
1776275892.346,192.346,0.46,290.0,0.45,538.5,0.47,3.0,0.48,20.0,0.52,10.0,0.51,51.5,0.54,48.0,0.55,153.0,0.01,0.02,2347.825814,1776275891000
1776275893.07,193.07,0.55,759.0,0.54,32.0,0.58,10.5,0.59,42.0,0.53,3.0,0.52,20.0,0.54,290.0,0.55,538.5,0.03,0.01,2347.825814,1776275891000
1776275893.784,193.784,0.58,16.0,0.57,16.0,0.59,146.23,0.6,485.0,0.41,42.0,0.39,52.0,0.45,764.0,0.46,32.0,0.01,0.04,2347.949127,1776275892000
1776275894.112,194.112,0.58,3.4,0.57,16.0,0.59,152.5,0.6,490.0,0.41,146.23,0.4,485.0,0.42,16.0,0.43,16.0,0.01,0.01,2347.949127,1776275892000
1776275895.018,195.018,0.58,3.4,0.57,16.0,0.59,622.5,0.6,130.0,0.41,152.5,0.4,490.0,0.42,3.4,0.43,16.0,0.01,0.01,2348.103322,1776275894000
1776275896.057,196.057,0.58,3.4,0.57,16.0,0.59,630.54,0.6,140.0,0.41,622.5,0.4,130.0,0.42,3.4,0.43,16.0,0.01,0.01,2348.103322,1776275894000
1776275896.389,196.389,0.58,10.82,0.57,14.32,0.59,765.54,0.6,30.0,0.41,765.54,0.4,20.0,0.43,14.32,0.44,10.0,0.01,0.02,2348.103322,1776275894000
1776275898.216,198.216,0.52,53.5,0.51,274.5,0.54,36.0,0.55,15.5,0.44,25.96,0.43,26.0,0.45,13.0,0.49,17.0,0.02,0.01,2348.184171,1776275896000
1776275901.105,201.105,0.52,16.4,0.51,5.0,0.53,173.2,0.54,653.5,0.46,36.0,0.45,15.5,0.48,53.5,0.49,274.5,0.01,0.02,2348.17337,1776275900000
1776275901.422,201.422,0.52,16.4,0.51,10.0,0.53,294.0,0.54,51.5,0.47,173.2,0.46,653.5,0.48,16.4,0.49,5.0,0.01,0.01,2348.17337,1776275900000
1776275901.952,201.952,0.5,66.5,0.49,142.5,0.51,14.6,0.52,521.5,0.47,294.0,0.46,51.5,0.48,16.4,0.49,10.0,0.01,0.01,2348.17337,1776275900000
1776275902.266,202.266,0.5,46.0,0.49,142.5,0.51,616.3,0.52,163.5,0.49,14.6,0.48,521.5,0.5,66.5,0.51,142.5,0.01,0.01,2348.111415,1776275901000
1776275902.605,202.605,0.5,188.5,0.49,25.5,0.52,520.3,0.53,29.0,0.49,616.3,0.48,163.5,0.5,46.0,0.51,142.5,0.02,0.01,2348.111415,1776275901000
1776275903.682,203.682,0.51,252.0,0.5,556.5,0.52,4.8,0.53,20.5,0.48,520.3,0.47,29.0,0.5,188.5,0.51,25.5,0.01,0.02,2348.079972,1776275902000
1776275906.175,206.175,0.51,18.07,0.5,188.5,0.52,528.3,0.53,140.5,0.48,4.8,0.47,20.5,0.49,252.0,0.5,556.5,0.01,0.01,2348.115007,1776275904000
1776275908.783,208.783,0.49,11.0,0.48,29.9,0.51,48.5,0.52,763.3,0.48,528.3,0.47,140.5,0.49,16.02,0.5,188.5,0.02,0.01,2348.049721,1776275907000
1776275909.704,209.704,0.46,10.0,0.45,82.5,0.49,128.62,0.5,61.5,0.49,48.5,0.48,763.3,0.51,11.0,0.52,29.9,0.03,0.02,2348.052583,1776275908000
1776275910.307,210.307,0.46,14.58,0.45,82.5,0.48,15.0,0.49,46.5,0.51,128.62,0.5,61.5,0.54,10.0,0.55,82.5,0.02,0.03,2348.052583,1776275908000
1776275910.622,210.622,0.46,0.58,0.45,82.5,0.47,515.0,0.48,30.5,0.52,15.0,0.51,46.5,0.54,14.58,0.55,82.5,0.01,0.02,2348.052583,1776275908000
1776275912.797,212.797,0.45,32.5,0.44,35.0,0.46,790.65,0.47,30.5,0.53,515.0,0.52,35.5,0.55,82.5,0.56,30.0,0.01,0.02,2347.90386,1776275911000
1776275914.189,214.189,0.39,122.0,0.38,172.0,0.41,542.0,0.42,67.0,0.54,795.65,0.53,35.5,0.56,35.0,0.57,50.0,0.02,0.02,2347.879368,1776275912000
1776275915.183,215.183,0.41,73.5,0.4,36.5,0.43,15.0,0.44,21.0,0.59,542.0,0.58,67.0,0.61,122.0,0.62,172.0,0.02,0.02,2347.871815,1776275913000
1776275915.625,215.625,0.42,152.5,0.41,145.5,0.43,10.0,0.44,26.0,0.57,15.0,0.56,21.0,0.59,73.5,0.6,36.5,0.01,0.02,2347.853977,1776275914000
1776275915.846,215.846,0.42,102.5,0.41,45.5,0.43,10.0,0.44,26.0,0.57,10.0,0.56,26.0,0.58,152.5,0.59,145.5,0.01,0.01,2347.853977,1776275914000
1776275917.185,217.185,0.41,12.44,0.4,147.5,0.42,615.0,0.43,132.0,0.57,10.0,0.56,26.0,0.58,102.5,0.59,45.5,0.01,0.01,2347.76161,1776275915000
1776275919.594,219.594,0.45,11.0,0.44,264.0,0.47,25.5,0.48,60.12,0.58,615.0,0.57,132.0,0.59,12.44,0.6,147.5,0.02,0.01,2347.755003,1776275918000
1776275920.235,220.235,0.45,43.18,0.44,264.0,0.46,10.5,0.47,40.5,0.53,25.5,0.52,60.12,0.55,11.0,0.56,264.0,0.01,0.02,2347.755003,1776275918000
1776275920.529,220.529,0.45,275.18,0.44,32.0,0.46,14.1,0.47,40.5,0.54,10.5,0.53,40.5,0.55,43.18,0.56,264.0,0.01,0.01,2347.755003,1776275918000
1776275920.824,220.824,0.46,21.0,0.45,275.18,0.47,34.2,0.48,292.5,0.54,14.1,0.53,40.5,0.55,275.18,0.56,32.0,0.01,0.01,2347.755003,1776275918000
1776275921.137,221.137,0.46,16.0,0.45,270.18,0.47,29.3,0.48,292.5,0.53,34.2,0.52,292.5,0.54,21.0,0.55,275.18,0.01,0.01,2347.749148,1776275919000
1776275921.657,221.657,0.46,6.0,0.45,28.18,0.47,744.9,0.48,71.5,0.53,29.3,0.52,292.5,0.54,16.0,0.55,270.18,0.01,0.01,2347.776662,1776275920000
1776275921.912,221.912,0.44,5.63,0.43,10.0,0.45,50.5,0.46,150.5,0.54,90.5,0.53,270.4,0.56,8.69,0.57,10.0,0.01,0.02,2347.776662,1776275920000
1776275922.281,222.281,0.43,5.0,0.42,20.5,0.44,129.3,0.45,746.2,0.55,134.2,0.54,175.5,0.56,0.63,0.57,10.0,0.01,0.01,2347.787898,1776275921000
1776275922.788,222.788,0.39,15.5,0.38,200.0,0.41,629.5,0.42,318.5,0.56,134.3,0.55,746.2,0.58,15.5,0.59,33.5,0.02,0.02,2347.787898,1776275921000
1776275924.052,224.052,0.47,494.11,0.46,10.0,0.48,50.0,0.5,6.0,0.6,50.0,0.59,525.5,0.62,195.0,0.63,75.0,0.01,0.02,2347.789808,1776275922000
1776275924.311,224.311,0.47,755.11,0.46,91.74,0.51,81.0,0.52,6.0,0.52,50.0,0.5,6.0,0.53,494.11,0.54,10.0,0.04,0.01,2347.789808,1776275922000
1776275924.596,224.596,0.5,780.0,0.49,56.21,0.54,60.0,0.56,45.0,0.49,81.0,0.48,6.0,0.53,755.11,0.54,91.74,0.04,0.04,2347.740044,1776275923000
1776275924.952,224.952,0.55,638.0,0.54,15.0,0.56,4.28,0.57,40.5,0.46,60.0,0.44,45.0,0.5,780.0,0.51,56.21,0.01,0.04,2347.740044,1776275923000
1776275925.261,225.261,0.55,766.0,0.54,15.0,0.58,5.0,0.59,5.0,0.44,4.28,0.43,40.5,0.45,638.0,0.46,15.0,0.03,0.01,2347.715575,1776275924000
1776275925.502,225.502,0.58,638.0,0.57,21.0,0.6,110.0,0.61,100.0,0.41,5.0,0.4,130.0,0.45,766.0,0.46,15.0,0.02,0.04,2347.715575,1776275924000
1776275926.253,226.253,0.59,643.0,0.58,155.0,0.6,10.41,0.61,10.0,0.4,110.0,0.39,100.0,0.42,638.0,0.43,21.0,0.01,0.02,2347.715575,1776275924000
1776275926.651,226.651,0.6,20.0,0.59,633.0,0.61,23.78,0.62,21.0,0.39,7.28,0.38,5.0,0.41,638.0,0.42,155.0,0.01,0.02,2347.715575,1776275924000
1776275926.897,226.897,0.59,528.0,0.58,155.0,0.61,28.78,0.62,21.0,0.39,28.78,0.38,21.0,0.41,533.0,0.42,155.0,0.02,0.02,2347.98508,1776275925000
1776275927.347,227.347,0.59,542.0,0.58,141.0,0.6,8.28,0.61,18.78,0.39,28.78,0.38,21.0,0.41,528.0,0.42,155.0,0.01,0.02,2347.98508,1776275925000
1776275928.536,228.536,0.59,659.82,0.58,35.0,0.6,8.28,0.61,18.78,0.4,8.28,0.39,18.78,0.41,542.0,0.42,141.0,0.01,0.01,2348.264008,1776275927000
1776275928.815,228.815,0.59,649.82,0.58,35.0,0.6,0.28,0.61,18.78,0.4,0.28,0.39,18.78,0.41,659.82,0.42,35.0,0.01,0.01,2348.264008,1776275927000
1776275929.018,229.018,0.59,644.82,0.58,35.0,0.62,16.0,0.63,5.0,0.38,16.0,0.37,5.0,0.41,644.82,0.42,35.0,0.03,0.03,2348.264008,1776275927000
1776275929.584,229.584,0.61,10.0,0.59,152.0,0.63,4.45,0.64,70.0,0.37,5.0,0.36,65.0,0.41,649.82,0.42,35.0,0.02,0.04,2348.175395,1776275928000
1776275930.054,230.054,0.62,21.6,0.61,15.0,0.64,45.0,0.65,655.0,0.37,4.45,0.36,70.0,0.39,10.0,0.41,152.0,0.02,0.02,2348.175395,1776275928000
1776275930.341,230.341,0.63,4.86,0.62,21.6,0.64,162.0,0.65,175.0,0.36,45.0,0.35,655.0,0.38,21.6,0.39,15.0,0.01,0.02,2348.175395,1776275928000
1776275930.553,230.553,0.62,16.33,0.61,15.0,0.63,5.0,0.64,127.0,0.36,127.0,0.35,175.0,0.38,11.33,0.39,15.0,0.01,0.02,2348.300229,1776275929000
1776275932.016,232.016,0.62,15.08,0.61,130.0,0.65,175.0,0.66,271.0,0.37,10.0,0.36,127.0,0.38,10.08,0.39,15.0,0.03,0.01,2348.293264,1776275930000
1776275932.327,232.327,0.65,15.21,0.64,706.5,0.67,10.0,0.68,70.0,0.35,175.0,0.34,271.0,0.38,15.08,0.39,130.0,0.02,0.03,2348.36483,1776275931000
1776275932.766,232.766,0.69,781.78,0.68,56.0,0.7,8.0,0.74,53.7,0.3,3.0,0.29,100.0,0.31,622.0,0.32,41.0,0.01,0.01,2348.36483,1776275931000
1776275933.05,233.05,0.73,20.0,0.72,490.0,0.75,180.5,0.76,247.0,0.26,53.7,0.25,165.0,0.31,786.78,0.32,56.0,0.02,0.05,2348.36483,1776275931000
1776275934.222,234.222,0.74,20.0,0.73,612.0,0.76,135.0,0.77,70.0,0.25,180.5,0.24,247.0,0.27,20.0,0.28,490.0,0.02,0.02,2348.448928,1776275933000
1776275934.646,234.646,0.75,11.0,0.74,15.0,0.76,217.0,0.77,60.0,0.24,135.0,0.23,70.0,0.26,20.0,0.27,612.0,0.01,0.02,2348.448928,1776275933000
1776275935.415,235.415,0.75,3.36,0.74,10.0,0.76,184.5,0.77,60.0,0.24,217.0,0.23,60.0,0.25,11.0,0.26,15.0,0.01,0.01,2348.7649,1776275934000
1776275935.774,235.774,0.75,3.36,0.74,605.0,0.76,2.93,0.77,60.0,0.24,176.93,0.23,60.0,0.25,3.36,0.26,10.0,0.01,0.01,2348.7649,1776275934000
1776275937.57,237.57,0.77,21.0,0.76,21.0,0.78,3.71,0.79,205.0,0.24,2.93,0.23,60.0,0.25,3.36,0.26,605.0,0.01,0.01,2348.832317,1776275936000
1776275939.293,239.293,0.79,611.0,0.78,32.0,0.8,5.0,0.81,64.57,0.22,3.71,0.21,205.0,0.23,21.0,0.24,21.0,0.01,0.01,2348.938702,1776275938000
1776275939.679,239.679,0.79,638.0,0.78,26.0,0.81,14.57,0.83,25.0,0.2,5.0,0.19,64.57,0.21,611.0,0.22,32.0,0.02,0.01,2348.938702,1776275938000
1776275940.059,240.059,0.8,410.75,0.79,153.0,0.84,106.31,0.85,47.2,0.17,50.0,0.16,100.0,0.2,20.0,0.21,633.0,0.04,0.03,2348.938702,1776275938000
1776275940.43,240.43,0.81,12.58,0.8,498.75,0.85,30.73,0.86,89.9,0.15,24.0,0.14,79.9,0.17,0.58,0.18,10.0,0.04,0.02,2348.831605,1776275939000
1776275941.626,241.626,0.82,10.43,0.81,12.58,0.83,0.34,0.84,10.0,0.17,0.34,0.16,10.0,0.18,8.22,0.19,12.58,0.01,0.01,2348.90848,1776275940000
1776275942.046,242.046,0.82,15.43,0.81,19.58,0.84,55.14,0.85,25.0,0.17,0.34,0.16,10.0,0.18,10.43,0.19,12.58,0.02,0.01,2348.90848,1776275940000
1776275944.887,244.887,0.84,10.0,0.83,10.0,0.86,71.21,0.87,109.62,0.16,55.14,0.15,25.0,0.18,15.43,0.19,19.58,0.02,0.02,2348.865875,1776275943000
1776275946.626,246.626,0.85,10.35,0.84,15.41,0.86,497.21,0.87,227.62,0.14,71.21,0.13,109.62,0.16,10.0,0.17,10.0,0.01,0.02,2348.999087,1776275945000
1776275947.451,247.451,0.82,5.32,0.81,146.61,0.86,622.21,0.87,116.8,0.14,497.21,0.13,227.62,0.15,10.35,0.16,15.41,0.04,0.01,2348.945095,1776275946000
1776275947.933,247.933,0.82,674.32,0.81,31.61,0.85,10.0,0.86,273.28,0.14,622.21,0.13,116.8,0.18,5.32,0.19,146.61,0.03,0.04,2348.945095,1776275946000
1776275950.136,250.136,0.84,25.14,0.83,112.0,0.85,38.86,0.86,55.89,0.15,10.0,0.14,273.28,0.18,674.32,0.19,31.61,0.01,0.03,2348.907862,1776275949000
1776275950.413,250.413,0.83,9.83,0.82,36.32,0.84,33.0,0.85,649.86,0.15,758.86,0.14,175.79,0.17,43.83,0.18,36.32,0.01,0.02,2348.907862,1776275949000
1776275950.947,250.947,0.82,48.15,0.81,15.61,0.83,147.65,0.84,513.0,0.16,103.0,0.15,674.86,0.18,27.15,0.19,15.61,0.01,0.02,2348.907862,1776275949000
1776275951.415,251.415,0.82,20.59,0.81,15.61,0.83,642.86,0.84,55.0,0.17,147.65,0.16,513.0,0.18,48.15,0.19,15.61,0.01,0.01,2348.888331,1776275950000
1776275951.64,251.64,0.82,3.73,0.81,15.61,0.83,647.86,0.84,81.8,0.17,642.86,0.16,55.0,0.18,11.73,0.19,15.61,0.01,0.01,2348.888331,1776275950000
1776275951.918,251.918,0.81,11.88,0.8,160.68,0.83,647.86,0.84,81.8,0.17,647.86,0.16,81.8,0.18,3.73,0.19,15.61,0.02,0.01,2348.888331,1776275950000
1776275952.201,252.201,0.82,1.14,0.81,16.88,0.83,618.86,0.84,81.8,0.17,647.86,0.16,81.8,0.19,11.88,0.2,160.68,0.01,0.02,2348.877292,1776275951000
1776275953.364,253.364,0.82,1.14,0.81,10.0,0.83,523.86,0.84,52.8,0.17,613.86,0.16,81.8,0.2,160.68,0.21,25.75,0.01,0.03,2348.79369,1776275952000
1776275954.754,254.754,0.82,1.14,0.81,10.0,0.83,491.76,0.84,125.0,0.17,523.86,0.16,52.8,0.18,1.14,0.19,10.0,0.01,0.01,2348.916838,1776275953000
1776275955.587,255.587,0.82,1.14,0.81,10.0,0.83,1.7,0.85,538.86,0.17,485.73,0.16,125.0,0.18,1.14,0.19,10.0,0.01,0.01,2348.887306,1776275954000
1776275956.151,256.151,0.84,54.0,0.83,497.0,0.86,88.68,0.87,116.8,0.17,1.7,0.15,538.86,0.18,1.14,0.19,10.0,0.02,0.01,2348.767007,1776275955000
1776275956.764,256.764,0.84,135.0,0.83,497.0,0.86,96.07,0.87,721.8,0.14,95.89,0.13,606.8,0.15,3.33,0.16,154.0,0.02,0.01,2348.767007,1776275955000
1776275958.014,258.014,0.84,157.0,0.83,17.0,0.86,19.52,0.87,20.0,0.14,96.07,0.13,721.8,0.16,135.0,0.17,497.0,0.02,0.02,2348.753391,1776275956000
1776275958.277,258.277,0.85,0.18,0.84,625.75,0.86,10.0,0.87,20.0,0.15,5.0,0.14,10.0,0.16,145.75,0.17,17.0,0.01,0.01,2348.83787,1776275957000
1776275960.076,260.076,0.86,155.0,0.85,105.0,0.87,14.08,0.88,170.0,0.14,7.21,0.13,20.0,0.15,590.18,0.16,135.75,0.01,0.01,2348.840845,1776275958000
1776275961.067,261.067,0.86,160.57,0.85,116.0,0.87,20.0,0.88,650.0,0.13,14.08,0.12,170.0,0.14,155.0,0.15,105.0,0.01,0.01,2348.977032,1776275959000
1776275962.304,262.304,0.86,21.28,0.85,233.0,0.87,507.76,0.88,305.0,0.13,20.0,0.12,650.0,0.14,160.57,0.15,116.0,0.01,0.01,2348.842558,1776275961000
1776275964.003,264.003,0.84,598.0,0.83,10.0,0.86,10.0,0.87,27.76,0.13,507.76,0.12,305.0,0.14,21.28,0.15,233.0,0.02,0.01,2348.937831,1776275962000
1776275964.305,264.305,0.84,7.0,0.83,25.0,0.85,4.23,0.86,10.0,0.15,10.0,0.14,20.0,0.17,9.0,0.18,10.0,0.01,0.02,2348.941738,1776275963000
1776275966.831,266.831,0.86,55.85,0.85,140.77,0.87,15.77,0.88,180.0,0.13,18.01,0.12,775.0,0.15,25.77,0.16,7.0,0.01,0.02,2348.782638,1776275965000
1776275969.872,269.872,0.86,345.85,0.85,49.55,0.87,6.52,0.88,30.0,0.13,15.77,0.12,180.0,0.14,55.85,0.15,140.77,0.01,0.01,2348.766934,1776275968000
1776275970.526,270.526,0.86,88.85,0.85,164.55,0.88,11.33,0.89,20.0,0.13,6.52,0.12,30.0,0.14,345.85,0.15,49.55,0.02,0.01,2348.766934,1776275968000
1776275972.591,272.591,0.87,17.0,0.86,233.55,0.89,131.74,0.9,125.0,0.12,11.33,0.11,20.0,0.14,88.85,0.15,164.55,0.02,0.02,2348.744524,1776275971000
1776275972.794,272.794,0.87,36.53,0.86,185.85,0.89,160.92,0.9,125.0,0.11,131.74,0.1,125.0,0.13,17.0,0.14,233.55,0.02,0.02,2348.744524,1776275971000
1776275973.056,273.056,0.87,286.53,0.86,75.85,0.88,10.0,0.89,23.92,0.11,160.92,0.1,125.0,0.13,36.53,0.14,185.85,0.01,0.02,2348.744524,1776275971000
1776275973.808,273.808,0.87,34.92,0.86,332.06,0.89,23.47,0.9,125.0,0.12,10.0,0.11,23.92,0.13,286.53,0.14,75.85,0.02,0.01,2348.737515,1776275972000
1776275974.852,274.852,0.88,271.92,0.87,97.03,0.89,1.01,0.9,35.0,0.11,23.47,0.1,125.0,0.13,34.92,0.14,332.06,0.01,0.02,2348.739897,1776275973000
1776275975.277,275.277,0.89,170.5,0.88,253.92,0.91,55.17,0.92,140.85,0.1,30.58,0.09,48.95,0.12,271.92,0.13,97.03,0.02,0.02,2348.736245,1776275974000
1776275975.518,275.518,0.89,223.33,0.88,138.92,0.92,127.8,0.93,97.0,0.09,55.17,0.08,140.85,0.11,170.5,0.12,253.92,0.03,0.02,2348.736245,1776275974000
1776275976.106,276.106,0.9,21.92,0.89,218.33,0.91,14.72,0.92,157.42,0.08,149.42,0.07,97.0,0.09,40.0,0.1,10.0,0.01,0.01,2348.736245,1776275974000
1776275976.829,276.829,0.9,30.92,0.89,213.33,0.91,6.57,0.92,157.62,0.09,14.72,0.08,157.42,0.1,21.92,0.11,218.33,0.01,0.01,2348.734985,1776275975000
1776275977.114,277.114,0.9,30.92,0.89,213.33,0.92,133.21,0.93,73.0,0.09,6.57,0.08,157.62,0.1,30.92,0.11,213.33,0.02,0.01,2348.734985,1776275975000
1776275977.34,277.34,0.88,60.97,0.87,15.0,0.92,138.21,0.93,60.0,0.08,133.21,0.07,73.0,0.1,30.92,0.11,213.33,0.04,0.02,2348.781721,1776275976000
1776275977.69,277.69,0.9,141.0,0.89,132.0,0.91,6.46,0.92,10.0,0.09,7.78,0.08,10.0,0.1,136.0,0.11,127.0,0.01,0.01,2348.781721,1776275976000
1776275980.46,280.46,0.92,52.0,0.91,58.0,0.97,238.39,0.98,196.78,0.08,5.52,0.07,60.0,0.1,141.0,0.11,132.0,0.05,0.02,2348.796772,1776275979000
1776275981.436,281.436,0.93,34.0,0.92,170.0,0.95,5.04,0.96,215.25,0.03,234.26,0.02,196.78,0.08,52.0,0.09,58.0,0.02,0.05,2348.796796,1776275980000
1776275982.116,282.116,0.94,10.0,0.93,36.0,0.95,4.77,0.96,198.25,0.05,5.04,0.04,215.25,0.07,34.0,0.08,170.0,0.01,0.02,2348.798772,1776275981000
1776275982.59,282.59,0.94,5.0,0.93,36.0,0.95,4.0,0.96,226.25,0.05,4.77,0.04,198.25,0.06,10.0,0.07,36.0,0.01,0.01,2348.798772,1776275981000
1776275984.519,284.519,0.94,36.0,0.93,15.0,0.96,100.16,0.97,180.26,0.05,4.0,0.04,226.25,0.06,5.0,0.07,36.0,0.02,0.01,2348.805585,1776275983000
1776275986.198,286.198,0.95,38.42,0.94,137.0,0.96,105.16,0.97,71.26,0.04,100.16,0.03,180.26,0.06,36.0,0.07,15.0,0.01,0.02,2348.783033,1776275985000
1776275986.886,286.886,0.95,33.42,0.94,137.0,0.96,48.07,0.97,71.26,0.04,105.16,0.03,71.26,0.05,38.42,0.06,137.0,0.01,0.01,2348.783033,1776275985000
1776275987.412,287.412,0.96,19.16,0.95,133.42,0.97,76.26,0.98,228.78,0.04,48.07,0.03,71.26,0.05,33.42,0.06,137.0,0.01,0.01,2348.767393,1776275986000
1776275988.179,288.179,0.96,19.16,0.95,133.42,0.97,70.22,0.98,319.78,0.03,76.26,0.02,228.78,0.04,19.16,0.05,133.42,0.01,0.01,2348.767393,1776275986000
1776275988.624,288.624,0.95,133.42,0.94,20.0,0.97,75.22,0.98,302.78,0.03,70.22,0.02,319.78,0.04,19.16,0.05,133.42,0.02,0.01,2348.766445,1776275987000
1776275989.401,289.401,0.96,227.31,0.95,16.42,0.98,302.78,0.99,6949.0,0.03,74.18,0.02,302.78,0.05,133.42,0.06,25.0,0.02,0.02,2348.759613,1776275988000
1776275990.16,290.16,0.97,9.82,0.96,222.31,0.98,307.78,0.99,1896.0,0.02,302.78,0.01,6949.0,0.04,227.31,0.05,16.42,0.01,0.02,2348.759613,1776275988000
1776275990.949,290.949,0.97,143.71,0.96,97.31,0.98,180.67,0.99,1965.0,0.02,302.67,0.01,1896.0,0.03,9.82,0.04,222.31,0.01,0.01,2348.791523,1776275989000
1776275991.189,291.189,0.97,148.71,0.96,97.31,0.98,175.46,0.99,1965.0,0.02,180.67,0.01,1965.0,0.03,143.71,0.04,97.31,0.01,0.01,2348.791523,1776275989000
1776275991.477,291.477,0.97,153.71,0.96,97.31,0.98,99.59,0.99,1865.0,0.02,115.76,0.01,1865.0,0.03,143.71,0.04,97.31,0.01,0.01,2348.759401,1776275990000
1776275991.815,291.815,0.97,153.71,0.96,97.31,0.98,94.5,0.99,1865.0,0.02,99.59,0.01,1865.0,0.03,153.71,0.04,97.31,0.01,0.01,2348.759401,1776275990000
1776275992.03,292.03,0.97,26.71,0.96,97.31,0.99,1745.48,,,0.02,94.5,0.01,1865.0,0.03,153.71,0.04,97.31,0.02,0.01,2348.759401,1776275990000
1776275992.548,292.548,0.97,15.71,0.96,121.31,0.99,1734.48,,,0.01,1745.48,,,0.03,26.71,0.04,97.31,0.02,0.02,2348.759859,1776275991000
1776275993.383,293.383,0.97,20.71,0.96,116.31,0.99,1629.42,,,0.01,1734.48,,,0.03,15.71,0.04,121.31,0.02,0.02,2348.82069,1776275992000
1776275993.917,293.917,0.97,20.71,0.96,116.31,0.99,1612.42,,,0.01,1629.42,,,0.03,20.71,0.04,116.31,0.02,0.02,2348.82069,1776275992000
1776275994.333,294.333,0.97,20.71,0.96,116.31,0.99,1432.21,,,0.01,1612.42,,,0.03,20.71,0.04,116.31,0.02,0.02,2348.82069,1776275993000
1776275994.582,294.582,0.97,20.71,0.96,116.31,0.99,1355.17,,,0.01,1361.19,,,0.03,20.71,0.04,116.31,0.02,0.02,2348.82069,1776275993000
1776275994.986,294.986,0.98,215.23,0.97,159.71,0.99,1287.46,,,0.01,1302.66,,,0.03,20.71,0.04,116.31,0.01,0.02,2348.82069,1776275993000
1776275996.46,296.46,0.99,372.08,0.98,17.0,,,,,,,,,0.01,40.9,0.02,227.23,,,2348.832329,1776275995000
1776276000.434,300.434,0.99,57903.64,0.98,16.0,,,,,,,,,0.01,372.08,0.02,17.0,,,2349.196045,1776275999000

# RESULT,winner=Up,slug=eth-updown-5m-1776275700,ticks=325
