timestamp,elapsed_sec,up_bid_p1,up_bid_s1,up_bid_p2,up_bid_s2,up_ask_p1,up_ask_s1,up_ask_p2,up_ask_s2,down_bid_p1,down_bid_s1,down_bid_p2,down_bid_s2,down_ask_p1,down_ask_s1,down_ask_p2,down_ask_s2,up_spread,down_spread,eth_price,eth_oracle_ts
1776353700.513,0.513,0.48,5.0,0.47,5.0,0.53,5.0,0.55,8.88,0.49,5.0,0.47,5.0,0.52,5.0,0.53,5.0,0.05,0.03,2322.542128,1776353699000
1776353701.115,1.115,0.48,5.0,0.47,5.0,0.53,5.0,0.55,8.88,0.47,5.0,0.45,8.88,0.52,5.0,0.53,5.0,0.05,0.05,2322.63094,1776353700000
1776353702.297,2.297,0.52,140.0,0.51,200.0,0.55,8.88,0.59,140.0,0.47,5.0,0.45,8.88,0.52,5.0,0.53,5.0,0.03,0.05,2322.743445,1776353701000
1776353702.574,2.574,0.58,5.0,0.55,5.0,0.59,130.0,0.61,70.0,0.41,140.0,0.39,70.0,0.46,137.65,0.47,130.0,0.01,0.05,2322.743445,1776353701000
1776353704.639,4.639,0.58,100.0,0.57,115.0,0.59,133.3,0.61,170.0,0.41,130.0,0.39,70.0,0.42,5.0,0.45,5.0,0.01,0.01,2323.546737,1776353703000
1776353705.502,5.502,0.57,15.0,0.56,15.0,0.59,213.3,0.6,100.0,0.41,133.3,0.39,170.0,0.42,0.84,0.43,115.0,0.02,0.01,2323.694,1776353704000
1776353707.021,7.021,0.58,5.0,0.57,10.0,0.59,140.0,0.6,130.0,0.41,213.3,0.4,100.0,0.43,15.0,0.44,15.0,0.01,0.02,2323.64101,1776353705000
1776353707.227,7.227,0.53,11.72,0.52,40.0,0.54,84.53,0.56,180.0,0.46,15.0,0.42,10.0,0.47,11.72,0.48,40.0,0.01,0.01,2323.64101,1776353705000
1776353707.654,7.654,0.53,7.0,0.52,15.0,0.54,183.13,0.55,110.0,0.46,192.33,0.45,105.0,0.47,10.0,0.48,15.0,0.01,0.01,2323.56051,1776353706000
1776353707.971,7.971,0.51,50.0,0.5,4.8,0.52,105.0,0.53,121.0,0.46,173.13,0.45,110.0,0.48,5.0,0.49,20.0,0.01,0.02,2323.56051,1776353706000
1776353708.441,8.441,0.51,60.0,0.5,5.0,0.52,95.38,0.53,120.0,0.48,105.0,0.47,121.0,0.49,50.0,0.51,15.0,0.01,0.01,2323.546657,1776353707000
1776353709.08,9.08,0.52,25.83,0.51,65.0,0.53,105.0,0.54,178.13,0.48,95.38,0.47,120.0,0.49,60.0,0.5,5.0,0.01,0.01,2323.470217,1776353708000
1776353709.67,9.67,0.53,20.0,0.52,20.0,0.54,65.13,0.55,15.46,0.47,105.0,0.46,178.13,0.48,25.83,0.49,65.0,0.01,0.01,2323.470217,1776353708000
1776353710.099,10.099,0.53,25.0,0.52,20.0,0.54,60.51,0.55,15.46,0.46,65.13,0.45,15.46,0.47,20.0,0.48,20.0,0.01,0.01,2323.470217,1776353708000
1776353711.246,11.246,0.54,135.0,0.53,60.0,0.55,10.0,0.58,25.0,0.45,10.0,0.44,32.08,0.47,38.88,0.48,34.24,0.01,0.02,2323.113304,1776353709000
1776353712.051,12.051,0.54,200.5,0.53,230.5,0.55,10.0,0.58,25.0,0.45,10.0,0.42,25.0,0.46,135.0,0.47,80.5,0.01,0.01,2323.187579,1776353710000
1776353714.202,14.202,0.54,303.76,0.53,225.5,0.55,10.0,0.58,25.0,0.45,10.0,0.42,25.0,0.46,200.5,0.47,230.5,0.01,0.01,2323.757013,1776353713000
1776353715.327,15.327,0.54,200.5,0.53,230.5,0.55,10.0,0.58,29.29,0.45,10.0,0.42,25.0,0.46,303.76,0.47,225.5,0.01,0.01,2323.79931,1776353714000
1776353715.672,15.672,0.54,100.5,0.53,271.16,0.55,10.0,0.58,27.92,0.45,10.0,0.42,29.29,0.46,200.5,0.47,230.5,0.01,0.01,2323.79931,1776353714000
1776353716.424,16.424,0.54,97.02,0.53,280.91,0.55,10.0,0.58,25.0,0.45,10.0,0.42,27.92,0.46,100.5,0.47,271.16,0.01,0.01,2323.88718,1776353715000
1776353718.944,18.944,0.54,211.75,0.53,560.5,0.55,10.0,0.57,1.41,0.45,10.0,0.42,25.0,0.46,122.52,0.47,280.91,0.01,0.01,2323.988215,1776353717000
1776353719.196,19.196,0.54,171.75,0.53,490.5,0.55,10.0,0.58,35.5,0.45,10.0,0.43,1.41,0.46,211.75,0.47,560.5,0.01,0.01,2323.990725,1776353718000
1776353720.084,20.084,0.54,155.75,0.53,490.5,0.55,10.0,0.58,35.5,0.45,10.0,0.42,35.5,0.46,166.75,0.47,490.5,0.01,0.01,2323.990725,1776353718000
1776353720.547,20.547,0.54,145.64,0.53,370.5,0.55,10.0,0.58,25.32,0.45,10.0,0.42,30.32,0.46,150.64,0.47,420.5,0.01,0.01,2324.113926,1776353719000
1776353720.86,20.86,0.54,115.14,0.53,220.0,0.55,29.9,0.56,10.5,0.45,10.0,0.42,25.32,0.46,145.64,0.47,370.5,0.01,0.01,2324.113926,1776353719000
1776353721.086,21.086,0.54,11.72,0.53,150.0,0.55,55.4,0.56,10.5,0.45,29.9,0.44,10.5,0.46,115.14,0.47,220.0,0.01,0.01,2324.113926,1776353719000
1776353721.68,21.68,0.54,15.0,0.53,125.0,0.55,46.3,0.56,10.5,0.45,41.3,0.44,10.5,0.46,15.0,0.47,115.0,0.01,0.01,2324.076005,1776353720000
1776353722.115,22.115,0.54,10.0,0.53,110.0,0.55,75.3,0.56,27.5,0.45,46.3,0.44,10.5,0.46,15.0,0.47,125.0,0.01,0.01,2324.076005,1776353720000
1776353722.87,22.87,0.54,10.0,0.53,110.0,0.55,70.3,0.56,90.5,0.45,46.3,0.44,97.5,0.46,10.0,0.47,110.0,0.01,0.01,2324.002847,1776353721000
1776353723.901,23.901,0.54,39.26,0.53,134.44,0.55,26.5,0.56,150.5,0.45,80.3,0.44,95.5,0.46,10.0,0.47,110.0,0.01,0.01,2323.56451,1776353723000
1776353724.112,24.112,0.54,25.0,0.53,135.0,0.55,34.5,0.56,165.5,0.45,26.5,0.44,150.5,0.46,39.26,0.47,134.44,0.01,0.01,2323.56451,1776353723000
1776353724.992,24.992,0.54,30.0,0.53,145.0,0.55,10.0,0.56,160.54,0.45,34.5,0.44,165.5,0.46,25.0,0.47,135.0,0.01,0.01,2323.56451,1776353723000
1776353730.159,30.159,0.54,91.0,0.53,145.0,0.55,25.0,0.56,180.5,0.45,10.0,0.44,160.54,0.46,30.0,0.47,145.0,0.01,0.01,2323.368877,1776353729000
1776353730.693,30.693,0.54,41.82,0.53,145.0,0.55,37.0,0.56,180.5,0.45,25.0,0.44,180.5,0.46,81.0,0.47,145.0,0.01,0.01,2323.368877,1776353729000
1776353731.061,31.061,0.54,152.08,0.53,189.94,0.55,10.0,0.56,145.0,0.45,37.0,0.44,180.5,0.46,41.82,0.47,145.0,0.01,0.01,2323.356616,1776353730000
1776353731.373,31.373,0.54,111.08,0.53,189.94,0.55,10.0,0.56,141.59,0.45,10.0,0.44,145.0,0.46,152.08,0.47,189.94,0.01,0.01,2323.356616,1776353730000
1776353732.843,32.843,0.54,146.32,0.53,280.5,0.55,10.0,0.56,10.0,0.45,10.0,0.44,141.59,0.46,111.08,0.47,189.94,0.01,0.01,2323.286051,1776353731000
1776353737.14,37.14,0.54,244.5,0.53,391.45,0.55,10.0,0.56,10.0,0.45,10.0,0.44,10.0,0.46,211.32,0.47,280.5,0.01,0.01,2324.113787,1776353735000
1776353738.226,38.226,0.54,305.5,0.53,348.47,0.55,10.0,0.56,10.0,0.45,10.0,0.44,10.0,0.46,244.5,0.47,391.45,0.01,0.01,2324.17257,1776353737000
1776353738.807,38.807,0.54,229.5,0.53,337.83,0.55,10.0,0.56,10.0,0.45,10.0,0.44,10.0,0.46,305.5,0.47,348.47,0.01,0.01,2324.17257,1776353737000
1776353740.589,40.589,0.54,214.5,0.53,364.66,0.55,10.0,0.56,10.0,0.45,10.0,0.44,10.0,0.46,229.5,0.47,337.83,0.01,0.01,2324.446305,1776353739000
1776353740.801,40.801,0.54,212.5,0.53,364.66,0.55,10.0,0.56,10.0,0.45,10.0,0.44,10.0,0.46,212.5,0.47,364.66,0.01,0.01,2324.446305,1776353739000
1776353741.003,41.003,0.54,217.5,0.53,364.66,0.55,10.0,0.56,10.0,0.45,10.0,0.44,10.0,0.46,212.5,0.47,364.66,0.01,0.01,2324.446305,1776353740000
1776353741.671,41.671,0.54,217.5,0.53,364.66,0.55,10.0,0.56,10.0,0.45,10.0,0.44,10.0,0.46,217.5,0.47,364.66,0.01,0.01,2324.446305,1776353740000
1776353741.97,41.97,0.54,228.5,0.53,364.66,0.55,10.0,0.56,10.0,0.45,10.0,0.44,10.0,0.46,217.5,0.47,364.66,0.01,0.01,2324.446305,1776353740000
1776353746.935,46.935,0.54,172.5,0.53,225.5,0.55,10.0,0.56,10.0,0.45,10.0,0.44,10.0,0.46,228.5,0.47,364.66,0.01,0.01,2324.752302,1776353745000
1776353747.266,47.266,0.54,57.5,0.53,225.5,0.55,10.0,0.56,10.0,0.45,10.0,0.44,10.0,0.46,172.5,0.47,225.5,0.01,0.01,2324.752302,1776353745000
1776353747.549,47.549,0.54,97.87,0.53,225.5,0.55,39.74,0.56,10.0,0.45,26.0,0.44,10.0,0.46,65.5,0.47,225.5,0.01,0.01,2324.822783,1776353746000
1776353749.273,49.273,0.54,143.87,0.53,460.5,0.55,10.0,0.56,10.0,0.45,10.0,0.44,10.0,0.46,97.87,0.47,225.5,0.01,0.01,2324.606253,1776353748000
1776353749.603,49.603,0.54,135.47,0.53,485.5,0.55,10.0,0.56,10.0,0.45,10.0,0.44,10.0,0.46,66.87,0.47,460.5,0.01,0.01,2324.606253,1776353748000
1776353750.06,50.06,0.54,140.47,0.53,485.5,0.55,10.0,0.56,10.0,0.45,10.0,0.44,10.0,0.46,135.47,0.47,485.5,0.01,0.01,2324.606253,1776353748000
1776353750.759,50.759,0.54,236.85,0.53,485.5,0.55,10.0,0.56,10.0,0.45,10.0,0.44,10.0,0.46,140.47,0.47,485.5,0.01,0.01,2324.452709,1776353749000
1776353753.653,53.653,0.54,158.25,0.53,380.0,0.55,15.0,0.56,20.5,0.45,10.0,0.44,10.0,0.46,236.85,0.47,485.5,0.01,0.01,2324.087812,1776353752000
1776353753.879,53.879,0.54,60.0,0.53,380.0,0.55,10.0,0.56,20.5,0.45,10.0,0.44,20.5,0.46,158.25,0.47,380.0,0.01,0.01,2324.087812,1776353752000
1776353754.566,54.566,0.54,91.0,0.53,380.0,0.55,10.0,0.56,10.0,0.45,10.0,0.44,20.5,0.46,60.0,0.47,380.0,0.01,0.01,2324.084413,1776353753000
1776353755.402,55.402,0.54,115.65,0.53,380.0,0.55,10.0,0.56,10.0,0.45,10.0,0.44,10.0,0.46,91.0,0.47,380.0,0.01,0.01,2324.101647,1776353754000
1776353758.96,58.96,0.54,182.86,0.53,380.0,0.55,10.0,0.56,10.0,0.45,10.0,0.44,10.0,0.46,115.65,0.47,380.0,0.01,0.01,2323.992803,1776353757000
1776353760.118,60.118,0.54,104.65,0.53,406.35,0.55,12.27,0.56,10.0,0.45,10.0,0.44,10.0,0.46,182.86,0.47,380.0,0.01,0.01,2324.021784,1776353758000
1776353760.445,60.445,0.54,114.65,0.53,406.35,0.55,10.0,0.56,10.0,0.45,12.27,0.44,10.0,0.46,104.65,0.47,406.35,0.01,0.01,2323.900236,1776353759000
1776353760.836,60.836,0.54,94.65,0.53,170.0,0.55,35.0,0.56,20.5,0.45,10.0,0.44,10.0,0.46,114.65,0.47,406.35,0.01,0.01,2323.900236,1776353759000
1776353761.659,61.659,0.54,164.37,0.53,300.29,0.55,10.0,0.56,20.0,0.45,39.0,0.44,20.0,0.46,85.67,0.47,180.0,0.01,0.01,2323.859837,1776353760000
1776353762.9,62.9,0.54,124.17,0.53,325.29,0.55,10.0,0.56,20.0,0.45,10.0,0.44,20.0,0.46,164.37,0.47,300.29,0.01,0.01,2323.859982,1776353761000
1776353763.44,63.44,0.54,94.93,0.53,214.44,0.55,30.5,0.56,20.0,0.45,10.0,0.44,20.0,0.46,124.17,0.47,325.29,0.01,0.01,2323.831098,1776353762000
1776353763.709,63.709,0.54,60.0,0.53,214.44,0.55,10.0,0.56,20.0,0.45,60.5,0.44,20.0,0.46,91.93,0.47,214.44,0.01,0.01,2323.831098,1776353762000
1776353764.019,64.019,0.54,88.0,0.53,214.44,0.55,10.0,0.56,20.0,0.45,10.0,0.44,20.0,0.46,60.0,0.47,214.44,0.01,0.01,2323.831098,1776353762000
1776353765.196,65.196,0.54,231.16,0.53,275.5,0.55,10.0,0.56,20.0,0.45,10.0,0.44,20.0,0.46,88.0,0.47,214.44,0.01,0.01,2323.694812,1776353764000
1776353770.295,70.295,0.54,306.0,0.53,246.98,0.55,10.0,0.56,20.0,0.45,10.0,0.44,20.0,0.46,231.16,0.47,275.5,0.01,0.01,2323.989718,1776353769000
1776353771.883,71.883,0.54,185.0,0.53,324.2,0.55,10.0,0.56,20.0,0.45,10.0,0.44,20.0,0.46,306.0,0.47,246.98,0.01,0.01,2324.086245,1776353770000
1776353772.242,72.242,0.54,201.0,0.53,290.0,0.55,10.0,0.56,20.0,0.45,10.0,0.44,20.0,0.46,206.0,0.47,290.0,0.01,0.01,2324.20045,1776353771000
1776353772.995,72.995,0.54,198.82,0.53,348.32,0.55,10.0,0.56,20.0,0.45,10.0,0.44,20.0,0.46,201.0,0.47,290.0,0.01,0.01,2324.20045,1776353771000
1776353774.154,74.154,0.54,97.82,0.53,628.32,0.55,10.0,0.56,20.0,0.45,10.0,0.44,20.0,0.46,198.82,0.47,348.32,0.01,0.01,2324.522336,1776353772000
1776353774.363,74.363,0.54,60.0,0.53,628.32,0.55,10.0,0.56,20.0,0.45,10.0,0.44,20.0,0.46,74.69,0.47,628.32,0.01,0.01,2324.522336,1776353772000
1776353774.594,74.594,0.54,124.65,0.53,570.0,0.55,39.42,0.56,20.0,0.45,10.0,0.44,20.0,0.46,60.0,0.47,628.32,0.01,0.01,2324.398901,1776353773000
1776353774.811,74.811,0.54,145.15,0.53,570.0,0.55,29.84,0.56,20.0,0.45,39.42,0.44,20.0,0.46,124.65,0.47,570.0,0.01,0.01,2324.398901,1776353773000
1776353775.725,75.725,0.54,182.22,0.53,449.5,0.55,15.0,0.56,70.0,0.45,29.84,0.44,20.0,0.46,145.15,0.47,570.0,0.01,0.01,2324.40895,1776353774000
1776353776.28,76.28,0.54,67.72,0.53,379.5,0.55,34.0,0.56,80.5,0.45,10.0,0.44,70.0,0.46,87.22,0.47,458.94,0.01,0.01,2324.253972,1776353775000
1776353776.643,76.643,0.54,67.72,0.53,379.5,0.55,25.0,0.56,70.0,0.45,34.0,0.44,80.5,0.46,67.72,0.47,379.5,0.01,0.01,2324.253972,1776353775000
1776353777.922,77.922,0.54,206.06,0.53,379.5,0.55,10.0,0.56,67.51,0.45,25.0,0.44,70.0,0.46,67.72,0.47,379.5,0.01,0.01,2324.00865,1776353776000
1776353779.533,79.533,0.54,125.75,0.53,230.0,0.55,60.5,0.56,77.51,0.45,10.0,0.44,67.51,0.46,206.06,0.47,379.5,0.01,0.01,2323.789624,1776353778000
1776353780.31,80.31,0.54,60.0,0.53,225.0,0.55,67.77,0.56,77.51,0.45,70.5,0.44,77.51,0.46,60.0,0.47,225.0,0.01,0.01,2323.819231,1776353779000
1776353780.775,80.775,0.54,161.69,0.53,225.0,0.55,62.77,0.56,82.51,0.45,67.77,0.44,77.51,0.46,60.0,0.47,225.0,0.01,0.01,2323.819231,1776353779000
1776353781.594,81.594,0.54,70.0,0.53,235.0,0.55,50.49,0.56,97.51,0.45,47.77,0.44,72.51,0.46,163.69,0.47,235.0,0.01,0.01,2323.797443,1776353780000
1776353782.058,82.058,0.54,116.96,0.53,225.0,0.55,23.43,0.56,97.51,0.45,25.43,0.44,97.51,0.46,111.96,0.47,225.0,0.01,0.01,2323.797443,1776353780000
1776353782.393,82.393,0.54,116.96,0.53,225.0,0.55,21.43,0.56,97.51,0.45,23.43,0.44,97.51,0.46,116.96,0.47,225.0,0.01,0.01,2323.422269,1776353781000
1776353782.682,82.682,0.54,111.96,0.53,225.0,0.55,21.24,0.56,97.51,0.45,21.43,0.44,97.51,0.46,116.96,0.47,225.0,0.01,0.01,2323.422269,1776353781000
1776353783.072,83.072,0.54,125.0,0.53,240.0,0.55,10.0,0.56,107.51,0.45,21.24,0.44,97.51,0.46,111.96,0.47,225.0,0.01,0.01,2323.422269,1776353781000
1776353785.024,85.024,0.54,60.0,0.53,234.44,0.55,25.0,0.56,97.51,0.45,10.0,0.44,107.51,0.46,125.0,0.47,240.0,0.01,0.01,2323.427836,1776353783000
1776353786.167,86.167,0.54,60.0,0.53,225.0,0.55,112.36,0.56,219.51,0.45,25.0,0.44,97.51,0.46,60.0,0.47,234.44,0.01,0.01,2323.362113,1776353784000
1776353786.414,86.414,0.54,60.0,0.53,225.0,0.55,96.36,0.56,132.51,0.45,112.36,0.44,219.51,0.46,60.0,0.47,225.0,0.01,0.01,2323.33664,1776353785000
1776353786.676,86.676,0.54,60.0,0.53,225.0,0.55,72.36,0.56,132.51,0.45,96.36,0.44,132.51,0.46,60.0,0.47,225.0,0.01,0.01,2323.33664,1776353785000
1776353786.965,86.965,0.54,60.0,0.53,225.0,0.55,37.36,0.56,132.51,0.45,72.36,0.44,132.51,0.46,60.0,0.47,225.0,0.01,0.01,2323.33664,1776353785000
1776353787.315,87.315,0.54,60.0,0.53,225.0,0.55,37.36,0.56,132.51,0.45,37.36,0.44,132.51,0.46,60.0,0.47,225.0,0.01,0.01,2323.36018,1776353786000
1776353789.254,89.254,0.54,60.0,0.53,225.0,0.55,125.36,0.56,137.51,0.45,37.36,0.44,132.51,0.46,60.0,0.47,225.0,0.01,0.01,2322.99426,1776353787000
1776353789.746,89.746,0.54,60.0,0.53,225.0,0.55,99.36,0.56,137.51,0.45,125.36,0.44,137.51,0.46,60.0,0.47,225.0,0.01,0.01,2322.921398,1776353788000
1776353791.77,91.77,0.54,60.0,0.53,225.0,0.55,105.36,0.56,132.51,0.45,99.36,0.44,137.51,0.46,60.0,0.47,225.0,0.01,0.01,2322.882564,1776353790000
1776353792.884,92.884,0.54,60.0,0.53,225.0,0.55,160.36,0.56,132.51,0.45,110.36,0.44,132.51,0.46,60.0,0.47,225.0,0.01,0.01,2322.795915,1776353791000
1776353793.245,93.245,0.54,60.0,0.53,225.0,0.55,110.36,0.56,132.51,0.45,160.36,0.44,132.51,0.46,60.0,0.47,225.0,0.01,0.01,2322.899751,1776353792000
1776353793.804,93.804,0.54,62.69,0.53,225.0,0.55,95.36,0.56,132.51,0.45,95.36,0.44,132.51,0.46,60.0,0.47,225.0,0.01,0.01,2322.899751,1776353792000
1776353794.571,94.571,0.54,60.0,0.53,225.0,0.55,105.46,0.56,132.51,0.45,105.46,0.44,132.51,0.46,67.69,0.47,225.0,0.01,0.01,2322.840255,1776353793000
1776353794.945,94.945,0.54,97.0,0.53,225.0,0.55,10.0,0.56,200.0,0.45,105.46,0.44,132.51,0.46,60.0,0.47,225.0,0.01,0.01,2322.840255,1776353793000
1776353795.378,95.378,0.54,129.0,0.53,225.0,0.55,10.0,0.56,74.67,0.45,10.0,0.44,79.67,0.46,145.0,0.47,225.0,0.01,0.01,2322.87742,1776353794000
1776353795.585,95.585,0.54,129.0,0.53,235.0,0.55,10.0,0.56,45.0,0.45,10.0,0.44,64.67,0.46,124.0,0.47,225.0,0.01,0.01,2322.87742,1776353794000
1776353796.1,96.1,0.54,139.0,0.53,255.0,0.55,10.0,0.56,55.0,0.45,10.0,0.44,45.0,0.46,129.0,0.47,235.0,0.01,0.01,2322.87742,1776353794000
1776353796.498,96.498,0.54,129.73,0.53,255.0,0.55,15.0,0.56,45.0,0.45,10.0,0.44,55.0,0.46,139.0,0.47,255.0,0.01,0.01,2322.787914,1776353795000
1776353797.048,97.048,0.54,156.5,0.53,295.5,0.55,10.0,0.56,45.0,0.45,15.0,0.44,45.0,0.46,129.73,0.47,255.0,0.01,0.01,2322.787914,1776353795000
1776353797.277,97.277,0.54,95.0,0.53,270.5,0.55,10.0,0.56,45.0,0.45,10.0,0.44,45.0,0.46,161.5,0.47,295.5,0.01,0.01,2322.787914,1776353795000
1776353798.6,98.6,0.54,65.0,0.53,250.0,0.55,70.0,0.56,127.5,0.45,10.0,0.44,45.0,0.46,101.0,0.47,270.5,0.01,0.01,2323.041275,1776353797000
1776353799.057,99.057,0.54,60.0,0.53,245.0,0.55,109.68,0.56,135.0,0.45,73.18,0.44,127.5,0.46,60.0,0.47,246.1,0.01,0.01,2323.041275,1776353797000
1776353799.469,99.469,0.54,60.0,0.53,245.0,0.55,123.68,0.56,135.0,0.45,85.68,0.44,135.0,0.46,60.0,0.47,245.0,0.01,0.01,2323.24214,1776353798000
1776353800.444,100.444,0.54,60.0,0.53,245.0,0.55,118.68,0.56,140.0,0.45,118.68,0.44,135.0,0.46,60.0,0.47,245.0,0.01,0.01,2323.27834,1776353799000
1776353801.41,101.41,0.54,60.0,0.53,245.0,0.55,155.5,0.56,140.0,0.45,118.68,0.44,140.0,0.46,60.0,0.47,245.0,0.01,0.01,2323.007451,1776353800000
1776353801.97,101.97,0.54,60.0,0.53,245.0,0.55,400.58,0.56,252.04,0.45,199.98,0.44,162.74,0.46,60.0,0.47,245.0,0.01,0.01,2323.007451,1776353800000
1776353802.489,102.489,0.54,67.5,0.53,245.0,0.55,252.24,0.56,222.04,0.45,367.22,0.44,252.04,0.46,60.0,0.47,245.0,0.01,0.01,2323.007451,1776353800000
1776353802.695,102.695,0.54,60.0,0.53,245.0,0.55,10.0,0.56,150.0,0.45,10.0,0.44,150.0,0.46,60.0,0.47,245.0,0.01,0.01,2322.836128,1776353801000
1776353802.915,102.915,0.54,85.0,0.53,245.0,0.55,10.0,0.56,145.0,0.45,10.0,0.44,145.0,0.46,65.0,0.47,245.0,0.01,0.01,2322.836128,1776353801000
1776353803.124,103.124,0.54,111.0,0.53,245.0,0.55,10.0,0.56,145.0,0.45,10.0,0.44,145.0,0.46,111.0,0.47,245.0,0.01,0.01,2322.836128,1776353801000
1776353803.344,103.344,0.54,122.7,0.53,245.0,0.55,10.0,0.56,145.0,0.45,10.0,0.44,145.0,0.46,111.0,0.47,245.0,0.01,0.01,2322.657603,1776353802000
1776353803.568,103.568,0.54,97.5,0.53,245.0,0.55,10.0,0.56,145.0,0.45,10.0,0.44,145.0,0.46,81.5,0.47,245.0,0.01,0.01,2322.657603,1776353802000
1776353804.01,104.01,0.54,219.5,0.53,391.46,0.55,22.25,0.56,145.0,0.45,10.0,0.44,145.0,0.46,113.5,0.47,245.0,0.01,0.01,2322.657603,1776353802000
1776353805.887,105.887,0.54,191.5,0.53,441.46,0.55,10.0,0.56,145.0,0.45,10.0,0.44,145.0,0.46,219.5,0.47,391.46,0.01,0.01,2323.863607,1776353804000
1776353806.091,106.091,0.54,161.5,0.53,441.46,0.55,10.0,0.56,145.0,0.45,10.0,0.44,145.0,0.46,191.5,0.47,441.46,0.01,0.01,2323.863607,1776353804000
1776353806.635,106.635,0.54,339.75,0.53,441.46,0.55,10.0,0.56,145.0,0.45,10.0,0.44,145.0,0.46,161.5,0.47,441.46,0.01,0.01,2324.400715,1776353805000
1776353806.858,106.858,0.54,200.75,0.53,441.46,0.55,10.0,0.56,145.0,0.45,10.0,0.44,145.0,0.46,339.75,0.47,441.46,0.01,0.01,2324.400715,1776353805000
1776353807.137,107.137,0.54,209.05,0.53,441.46,0.55,16.61,0.56,145.0,0.45,10.0,0.44,145.0,0.46,198.55,0.47,441.46,0.01,0.01,2324.400715,1776353805000
1776353807.427,107.427,0.54,168.32,0.53,441.46,0.55,10.0,0.56,145.0,0.45,10.0,0.44,145.0,0.46,168.32,0.47,441.46,0.01,0.01,2325.536937,1776353806000
1776353807.634,107.634,0.54,184.32,0.53,441.46,0.55,10.0,0.56,145.0,0.45,10.0,0.44,145.0,0.46,184.32,0.47,441.46,0.01,0.01,2325.536937,1776353806000
1776353808.273,108.273,0.54,208.32,0.53,305.0,0.55,100.0,0.56,145.0,0.45,10.0,0.44,145.0,0.46,271.52,0.47,305.0,0.01,0.01,2326.771792,1776353807000
1776353808.519,108.519,0.54,95.0,0.53,305.0,0.55,10.0,0.56,145.0,0.45,10.0,0.44,145.0,0.46,158.32,0.47,305.0,0.01,0.01,2326.771792,1776353807000
1776353808.781,108.781,0.54,105.5,0.53,305.0,0.55,10.0,0.56,145.0,0.45,10.0,0.44,145.0,0.46,95.0,0.47,305.0,0.01,0.01,2326.771792,1776353807000
1776353808.988,108.988,0.54,170.5,0.53,305.0,0.55,10.0,0.56,145.0,0.45,10.0,0.44,145.0,0.46,170.5,0.47,305.0,0.01,0.01,2326.771792,1776353807000
1776353809.238,109.238,0.54,188.5,0.53,305.0,0.55,10.0,0.56,145.0,0.45,10.0,0.44,145.0,0.46,170.5,0.47,305.0,0.01,0.01,2328.210885,1776353808000
1776353810.527,110.527,0.54,170.5,0.53,305.0,0.55,20.9,0.56,145.0,0.45,10.0,0.44,145.0,0.46,188.5,0.47,305.0,0.01,0.01,2328.271604,1776353809000
1776353810.893,110.893,0.54,220.5,0.53,305.0,0.55,10.0,0.56,145.0,0.45,10.0,0.44,145.0,0.46,180.5,0.47,305.0,0.01,0.01,2328.271604,1776353809000
1776353811.322,111.322,0.54,387.5,0.53,305.0,0.55,10.0,0.56,145.0,0.45,10.0,0.44,145.0,0.46,300.5,0.47,305.0,0.01,0.01,2327.946911,1776353810000
1776353811.826,111.826,0.54,287.04,0.53,310.0,0.55,10.0,0.56,145.0,0.45,10.0,0.44,145.0,0.46,300.5,0.47,305.0,0.01,0.01,2327.946911,1776353810000
1776353812.564,112.564,0.54,514.04,0.53,335.0,0.55,71.67,0.56,145.0,0.45,10.0,0.44,145.0,0.46,363.04,0.47,335.0,0.01,0.01,2327.894634,1776353811000
1776353812.813,112.813,0.54,555.04,0.53,335.0,0.55,10.0,0.56,145.0,0.45,10.0,0.44,145.0,0.46,514.04,0.47,335.0,0.01,0.01,2327.894634,1776353811000
1776353813.775,113.775,0.54,464.04,0.53,335.0,0.55,10.0,0.56,145.0,0.45,10.0,0.44,145.0,0.46,539.24,0.47,335.0,0.01,0.01,2327.754415,1776353812000
1776353814.491,114.491,0.54,517.43,0.53,335.0,0.55,10.0,0.56,145.0,0.45,10.0,0.44,145.0,0.46,464.04,0.47,335.0,0.01,0.01,2327.939306,1776353813000
1776353815.295,115.295,0.54,550.43,0.53,335.0,0.55,10.0,0.56,145.0,0.45,10.0,0.44,145.0,0.46,517.43,0.47,335.0,0.01,0.01,2331.984517,1776353814000
1776353815.723,115.723,0.54,575.43,0.53,335.0,0.55,10.0,0.56,145.0,0.45,10.0,0.44,145.0,0.46,550.43,0.47,335.0,0.01,0.01,2331.984517,1776353814000
1776353815.933,115.933,0.54,551.43,0.53,335.0,0.55,19.0,0.56,145.0,0.45,10.0,0.44,145.0,0.46,560.43,0.47,335.0,0.01,0.01,2331.984517,1776353814000
1776353816.155,116.155,0.54,546.43,0.53,335.0,0.55,26.0,0.56,145.0,0.45,10.0,0.44,145.0,0.46,546.43,0.47,335.0,0.01,0.01,2331.984517,1776353814000
1776353816.537,116.537,0.54,546.43,0.53,335.0,0.55,10.0,0.56,145.0,0.45,10.0,0.44,145.0,0.46,614.43,0.47,335.0,0.01,0.01,2333.546691,1776353815000
1776353816.777,116.777,0.54,546.43,0.53,335.0,0.55,10.0,0.56,145.0,0.45,10.0,0.44,145.0,0.46,546.43,0.47,335.0,0.01,0.01,2333.546691,1776353815000
1776353816.98,116.98,0.54,546.43,0.53,335.0,0.55,27.99,0.56,145.0,0.45,10.0,0.44,145.0,0.46,546.43,0.47,335.0,0.01,0.01,2334.217775,1776353816000
1776353817.268,117.268,0.54,615.63,0.53,335.0,0.55,10.0,0.56,145.0,0.45,10.0,0.44,145.0,0.46,546.43,0.47,335.0,0.01,0.01,2334.217775,1776353816000
1776353817.723,117.723,0.54,486.43,0.53,335.0,0.55,13.18,0.56,145.0,0.45,10.0,0.44,145.0,0.46,615.63,0.47,335.0,0.01,0.01,2334.217775,1776353816000
1776353817.997,117.997,0.54,496.43,0.53,335.0,0.55,10.0,0.56,145.0,0.45,10.0,0.44,145.0,0.46,496.43,0.47,335.0,0.01,0.01,2334.217775,1776353816000
1776353818.219,118.219,0.54,371.43,0.53,335.0,0.55,10.0,0.56,145.0,0.45,10.0,0.44,145.0,0.46,371.43,0.47,335.0,0.01,0.01,2335.229593,1776353817000
1776353818.741,118.741,0.54,426.43,0.53,335.0,0.55,10.0,0.56,145.0,0.45,10.0,0.44,145.0,0.46,371.43,0.47,335.0,0.01,0.01,2335.229593,1776353817000
1776353819.111,119.111,0.54,446.43,0.53,335.0,0.55,15.4,0.56,145.0,0.45,10.0,0.44,145.0,0.46,426.43,0.47,335.0,0.01,0.01,2335.229593,1776353817000
1776353819.515,119.515,0.54,411.43,0.53,335.0,0.55,24.0,0.56,145.0,0.45,10.0,0.44,145.0,0.46,446.43,0.47,335.0,0.01,0.01,2335.13004,1776353818000
1776353819.77,119.77,0.54,411.43,0.53,335.0,0.55,26.0,0.56,145.0,0.45,10.0,0.44,145.0,0.46,411.43,0.47,335.0,0.01,0.01,2335.13004,1776353818000
1776353820.786,120.786,0.54,702.43,0.53,340.0,0.55,10.0,0.56,145.0,0.45,10.0,0.44,145.0,0.46,406.43,0.47,335.0,0.01,0.01,2334.257903,1776353819000
1776353821.369,121.369,0.54,653.43,0.53,350.0,0.55,10.0,0.56,145.0,0.45,10.0,0.44,145.0,0.46,702.43,0.47,340.0,0.01,0.01,2334.497139,1776353820000
1776353821.928,121.928,0.54,688.43,0.53,340.0,0.55,16.0,0.56,145.0,0.45,10.0,0.44,145.0,0.46,653.43,0.47,350.0,0.01,0.01,2334.497139,1776353820000
1776353822.296,122.296,0.54,650.04,0.53,335.0,0.55,10.0,0.56,145.0,0.45,10.0,0.44,145.0,0.46,655.04,0.47,335.0,0.01,0.01,2334.497139,1776353820000
1776353822.821,122.821,0.54,665.04,0.53,335.0,0.55,10.0,0.56,145.0,0.45,10.0,0.44,145.0,0.46,670.04,0.47,335.0,0.01,0.01,2334.517459,1776353821000
1776353823.068,123.068,0.54,732.04,0.53,335.0,0.55,20.0,0.56,145.0,0.45,10.0,0.44,145.0,0.46,679.04,0.47,335.0,0.01,0.01,2334.517459,1776353821000
1776353823.435,123.435,0.54,616.04,0.53,335.0,0.55,10.0,0.56,145.0,0.45,10.0,0.44,145.0,0.46,732.04,0.47,335.0,0.01,0.01,2335.107893,1776353822000
1776353825.023,125.023,0.54,644.04,0.53,330.0,0.55,10.0,0.56,145.0,0.45,10.0,0.44,145.0,0.46,616.04,0.47,335.0,0.01,0.01,2335.7703,1776353823000
1776353826.298,126.298,0.91,40.0,0.9,70.0,0.92,97.8,0.93,55.3,0.45,10.0,0.44,145.0,0.46,644.04,0.47,330.0,0.01,0.01,2336.514151,1776353824000
1776353826.535,126.535,0.91,83.33,0.9,192.11,0.92,97.8,0.93,55.3,0.08,97.8,0.07,55.3,0.09,40.0,0.1,70.0,0.01,0.01,2336.658993,1776353825000
1776353826.757,126.757,0.91,83.33,0.9,203.22,0.92,117.8,0.93,55.3,0.08,97.8,0.07,55.3,0.09,83.33,0.1,192.11,0.01,0.01,2336.658993,1776353825000
1776353826.963,126.963,0.91,30.77,0.9,229.33,0.92,97.8,0.93,55.3,0.08,97.8,0.07,55.3,0.09,30.77,0.1,229.33,0.01,0.01,2336.658993,1776353825000
1776353827.227,127.227,0.91,20.77,0.9,265.44,0.92,97.8,0.93,55.3,0.08,97.8,0.07,55.3,0.09,20.77,0.1,265.44,0.01,0.01,2336.566117,1776353826000
1776353827.488,127.488,0.91,70.77,0.9,287.66,0.92,97.8,0.93,55.3,0.08,97.8,0.07,55.3,0.09,20.77,0.1,265.44,0.01,0.01,2336.566117,1776353826000
1776353827.801,127.801,0.91,70.77,0.9,309.88,0.92,97.8,0.93,55.3,0.08,97.8,0.07,55.3,0.09,70.77,0.1,287.66,0.01,0.01,2336.566117,1776353826000
1776353828.062,128.062,0.91,48.54,0.9,320.99,0.92,97.8,0.93,55.3,0.08,97.8,0.07,55.3,0.09,48.54,0.1,320.99,0.01,0.01,2336.566117,1776353826000
1776353828.321,128.321,0.91,156.45,0.9,343.21,0.92,97.8,0.93,61.94,0.08,97.8,0.07,67.0,0.09,204.99,0.1,332.1,0.01,0.01,2336.04763,1776353827000
1776353828.543,128.543,0.91,156.45,0.9,354.32,0.92,97.8,0.93,55.3,0.08,97.8,0.07,56.57,0.09,156.45,0.1,343.21,0.01,0.01,2336.04763,1776353827000
1776353829.309,129.309,0.91,102.0,0.9,365.43,0.92,97.8,0.93,55.3,0.08,97.8,0.07,55.3,0.09,112.0,0.1,354.32,0.01,0.01,2336.04763,1776353827000
1776353829.51,129.51,0.91,102.0,0.9,365.43,0.92,97.8,0.93,55.3,0.08,97.8,0.07,55.3,0.09,102.0,0.1,365.43,0.01,0.01,2335.883821,1776353828000
1776353829.817,129.817,0.91,10.0,0.9,365.43,0.92,97.8,0.93,55.3,0.08,97.8,0.07,55.3,0.09,35.33,0.1,365.43,0.01,0.01,2335.883821,1776353828000
1776353830.054,130.054,0.9,365.43,0.89,80.5,0.92,97.8,0.93,55.3,0.08,97.8,0.07,55.3,0.1,365.43,0.11,80.5,0.02,0.02,2335.883821,1776353828000
1776353830.604,130.604,0.91,4.27,0.9,254.43,0.92,97.8,0.93,55.3,0.08,97.8,0.07,55.3,0.1,365.43,0.11,80.5,0.01,0.02,2335.625805,1776353829000
1776353830.872,130.872,0.9,193.18,0.89,80.5,0.92,115.63,0.93,55.3,0.08,97.8,0.07,55.3,0.1,193.18,0.11,80.5,0.02,0.02,2335.625805,1776353829000
1776353831.136,131.136,0.9,195.18,0.89,80.5,0.92,97.8,0.93,55.3,0.09,6.51,0.08,97.8,0.1,193.18,0.11,80.5,0.02,0.01,2335.163018,1776353830000
1776353831.652,131.652,0.91,12.0,0.9,183.18,0.92,97.8,0.93,55.3,0.08,97.8,0.07,55.3,0.1,195.18,0.11,80.5,0.01,0.02,2335.163018,1776353830000
1776353831.969,131.969,0.9,183.18,0.89,80.5,0.92,97.8,0.93,55.3,0.08,97.8,0.07,55.3,0.09,12.0,0.1,183.18,0.02,0.01,2335.163018,1776353830000
1776353832.488,132.488,0.91,10.54,0.9,183.18,0.92,97.8,0.93,55.3,0.08,97.8,0.07,55.3,0.1,183.18,0.11,80.5,0.01,0.02,2334.138899,1776353831000
1776353833.084,133.084,0.91,10.54,0.9,183.18,0.92,97.8,0.93,55.3,0.08,97.8,0.07,55.3,0.09,10.54,0.1,183.18,0.01,0.01,2334.138899,1776353831000
1776353833.537,133.537,0.91,10.54,0.9,183.18,0.92,109.89,0.93,55.3,0.08,97.8,0.07,55.3,0.09,10.54,0.1,183.18,0.01,0.01,2335.111455,1776353832000
1776353834.043,134.043,0.91,10.54,0.9,183.18,0.92,97.8,0.93,55.3,0.08,97.8,0.07,55.3,0.09,10.54,0.1,183.18,0.01,0.01,2335.111455,1776353832000
1776353834.258,134.258,0.91,10.54,0.9,183.18,0.92,97.8,0.93,55.3,0.08,97.8,0.07,55.3,0.09,10.54,0.1,183.18,0.01,0.01,2335.111455,1776353832000
1776353836.027,136.027,0.91,60.1,0.9,193.18,0.92,97.8,0.93,55.3,0.08,97.8,0.07,55.3,0.09,60.54,0.1,183.18,0.01,0.01,2337.710106,1776353834000
1776353836.324,136.324,0.91,100.1,0.9,193.18,0.92,97.8,0.93,55.3,0.08,97.8,0.07,55.3,0.09,60.1,0.1,193.18,0.01,0.01,2337.633448,1776353835000
1776353837.537,137.537,0.91,105.1,0.9,193.18,0.92,142.71,0.93,55.3,0.08,97.8,0.07,55.3,0.09,100.1,0.1,193.18,0.01,0.01,2337.27605,1776353836000
1776353838.478,138.478,0.91,195.1,0.9,193.18,0.92,97.8,0.93,55.3,0.08,117.09,0.07,55.3,0.09,105.1,0.1,193.18,0.01,0.01,2337.212483,1776353837000
1776353838.759,138.759,0.91,295.1,0.9,193.18,0.92,97.8,0.93,55.3,0.08,97.8,0.07,55.3,0.09,195.1,0.1,193.18,0.01,0.01,2337.212483,1776353837000
1776353838.972,138.972,0.91,182.53,0.9,193.18,0.92,97.8,0.93,55.3,0.08,97.8,0.07,55.3,0.09,295.1,0.1,193.18,0.01,0.01,2337.212483,1776353837000
1776353840.75,140.75,0.91,267.53,0.9,193.18,0.92,97.8,0.93,55.3,0.08,97.8,0.07,55.3,0.09,272.53,0.1,193.18,0.01,0.01,2337.822707,1776353838000
1776353842.872,142.872,0.91,141.0,0.9,193.18,0.92,97.8,0.93,55.3,0.08,97.8,0.07,55.3,0.09,267.53,0.1,193.18,0.01,0.01,2339.612486,1776353841000
1776353844.28,144.28,0.91,85.0,0.9,193.18,0.92,120.71,0.93,55.3,0.08,97.8,0.07,55.3,0.09,110.44,0.1,193.18,0.01,0.01,2339.805053,1776353843000
1776353844.791,144.791,0.91,15.0,0.9,193.18,0.92,110.8,0.93,55.3,0.08,111.12,0.07,55.3,0.09,90.0,0.1,193.18,0.01,0.01,2339.805053,1776353843000
1776353845.212,145.212,0.91,15.0,0.9,193.18,0.92,111.8,0.93,55.3,0.08,97.8,0.07,55.3,0.09,20.0,0.1,193.18,0.01,0.01,2339.805053,1776353843000
1776353845.456,145.456,0.91,106.0,0.9,193.18,0.92,120.71,0.93,55.3,0.08,111.8,0.07,55.3,0.09,15.0,0.1,193.18,0.01,0.01,2339.805053,1776353843000
1776353845.715,145.715,0.91,15.0,0.9,193.18,0.92,98.14,0.93,55.3,0.08,106.71,0.07,55.3,0.09,15.0,0.1,193.18,0.01,0.01,2339.805053,1776353843000
1776353845.915,145.915,0.91,15.0,0.9,193.18,0.92,100.6,0.93,55.3,0.08,110.19,0.07,55.3,0.09,15.0,0.1,193.18,0.01,0.01,2341.12269,1776353844000
1776353846.286,146.286,0.91,10.0,0.9,193.18,0.92,108.21,0.93,55.3,0.08,106.6,0.07,55.3,0.09,60.0,0.1,193.18,0.01,0.01,2341.12269,1776353844000
1776353846.566,146.566,0.91,129.56,0.9,193.18,0.92,163.61,0.93,55.3,0.08,191.61,0.07,55.3,0.09,10.0,0.1,193.18,0.01,0.01,2341.12269,1776353844000
1776353846.81,146.81,0.91,99.56,0.9,193.18,0.92,97.8,0.93,55.3,0.08,97.8,0.07,55.3,0.09,59.56,0.1,193.18,0.01,0.01,2342.525157,1776353845000
1776353847.165,147.165,0.91,124.56,0.9,193.18,0.92,97.8,0.93,55.3,0.08,97.8,0.07,55.3,0.09,99.56,0.1,193.18,0.01,0.01,2342.525157,1776353845000
1776353848.21,148.21,0.91,325.98,0.9,198.18,0.92,97.8,0.93,55.3,0.08,97.8,0.07,55.3,0.09,124.56,0.1,193.18,0.01,0.01,2342.907453,1776353846000
1776353850.373,150.373,0.91,250.98,0.9,198.18,0.92,100.21,0.93,55.3,0.08,97.8,0.07,55.3,0.09,320.98,0.1,198.18,0.01,0.01,2343.660027,1776353848000
1776353850.68,150.68,0.91,104.56,0.9,198.18,0.92,97.8,0.93,55.3,0.08,97.8,0.07,55.3,0.09,250.98,0.1,198.18,0.01,0.01,2343.997885,1776353849000
1776353853.062,153.062,0.91,84.56,0.9,198.18,0.92,192.8,0.93,55.3,0.08,97.8,0.07,55.3,0.09,104.56,0.1,198.18,0.01,0.01,2346.916755,1776353851000
1776353853.387,153.387,0.9,198.18,0.89,106.73,0.91,15.44,0.92,107.6,0.08,107.6,0.07,55.3,0.09,84.56,0.1,198.18,0.01,0.01,2346.916755,1776353851000
1776353853.644,153.644,0.91,105.0,0.9,354.86,0.92,97.8,0.93,55.3,0.08,97.8,0.07,55.3,0.1,198.18,0.11,106.73,0.01,0.02,2347.39425,1776353852000
1776353854.675,154.675,0.91,170.0,0.9,354.86,0.92,97.8,0.93,55.3,0.08,97.8,0.07,55.3,0.09,15.0,0.1,354.86,0.01,0.01,2348.251191,1776353853000
1776353854.881,154.881,0.91,205.0,0.9,354.86,0.92,97.8,0.93,55.3,0.08,97.8,0.07,55.3,0.09,175.0,0.1,354.86,0.01,0.01,2348.251191,1776353853000
1776353855.149,155.149,0.91,30.0,0.9,354.86,0.92,207.8,0.93,55.3,0.08,97.8,0.07,55.3,0.09,15.0,0.1,354.86,0.01,0.01,2348.341103,1776353854000
1776353855.359,155.359,0.9,354.86,0.89,106.73,0.91,90.0,0.92,169.79,0.08,189.79,0.07,55.3,0.09,10.0,0.1,354.86,0.01,0.01,2348.341103,1776353854000
1776353855.823,155.823,0.91,65.0,0.9,444.86,0.92,97.8,0.93,55.3,0.08,162.25,0.07,55.3,0.1,359.86,0.11,106.73,0.01,0.02,2348.341103,1776353854000
1776353856.755,156.755,0.91,5.0,0.9,344.86,0.92,163.45,0.93,55.3,0.08,97.8,0.07,55.3,0.09,65.0,0.1,444.86,0.01,0.01,2348.766969,1776353855000
1776353856.965,156.965,0.9,334.86,0.89,106.73,0.91,70.3,0.92,163.45,0.09,70.3,0.08,163.45,0.1,344.86,0.11,106.73,0.01,0.01,2348.766969,1776353855000
1776353857.185,157.185,0.9,324.86,0.89,106.73,0.91,20.0,0.92,100.05,0.09,19.0,0.08,100.05,0.1,394.86,0.11,106.73,0.01,0.01,2348.766969,1776353855000
1776353857.387,157.387,0.9,218.18,0.89,106.73,0.91,18.67,0.92,97.8,0.09,24.0,0.08,97.8,0.1,324.86,0.11,106.73,0.01,0.01,2349.029538,1776353856000
1776353858.965,158.965,0.91,60.0,0.9,158.18,0.92,97.8,0.93,55.3,0.08,97.8,0.07,55.3,0.09,5.0,0.1,218.18,0.01,0.01,2349.259424,1776353857000
1776353860.634,160.634,0.91,206.59,0.9,158.18,0.92,97.8,0.93,55.3,0.08,97.8,0.07,55.3,0.09,60.0,0.1,158.18,0.01,0.01,2347.957136,1776353859000
1776353860.926,160.926,0.91,206.59,0.9,158.18,0.92,97.8,0.93,55.3,0.08,97.8,0.07,55.3,0.09,206.59,0.1,158.18,0.01,0.01,2347.957136,1776353859000
1776353861.932,161.932,0.91,261.59,0.9,158.18,0.92,97.8,0.93,55.3,0.08,97.8,0.07,55.3,0.09,206.59,0.1,158.18,0.01,0.01,2347.7688,1776353860000
1776353862.664,162.664,0.91,313.59,0.9,158.18,0.92,97.8,0.93,55.3,0.08,97.8,0.07,55.3,0.09,261.59,0.1,158.18,0.01,0.01,2346.975935,1776353861000
1776353862.906,162.906,0.91,243.59,0.9,158.18,0.92,97.8,0.93,55.3,0.08,97.8,0.07,55.3,0.09,313.59,0.1,158.18,0.01,0.01,2346.975935,1776353861000
1776353863.332,163.332,0.91,231.15,0.9,158.18,0.92,97.8,0.93,55.3,0.08,97.8,0.07,55.3,0.09,243.59,0.1,158.18,0.01,0.01,2346.153079,1776353862000
1776353865.918,165.918,0.91,325.8,0.9,158.18,0.92,97.8,0.93,55.3,0.08,97.8,0.07,55.3,0.09,231.15,0.1,158.18,0.01,0.01,2347.685958,1776353864000
1776353866.241,166.241,0.91,320.8,0.9,158.18,0.92,112.37,0.93,55.3,0.08,97.8,0.07,55.3,0.09,325.8,0.1,158.18,0.01,0.01,2348.414025,1776353865000
1776353866.917,166.917,0.91,345.8,0.9,158.18,0.92,97.8,0.93,55.3,0.08,100.61,0.07,55.3,0.09,320.8,0.1,158.18,0.01,0.01,2348.414025,1776353865000
1776353867.192,167.192,0.91,280.8,0.9,158.18,0.92,115.63,0.93,55.3,0.08,97.8,0.07,55.3,0.09,345.8,0.1,158.18,0.01,0.01,2348.414025,1776353865000
1776353868.144,168.144,0.91,270.8,0.9,158.18,0.92,97.8,0.93,55.3,0.08,97.8,0.07,55.3,0.09,270.8,0.1,158.18,0.01,0.01,2348.329585,1776353866000
1776353869.198,169.198,0.91,250.8,0.9,248.18,0.92,97.8,0.93,55.3,0.08,97.8,0.07,55.3,0.09,275.8,0.1,158.18,0.01,0.01,2347.881175,1776353867000
1776353873.022,173.022,0.91,85.0,0.9,184.18,0.92,117.8,0.93,55.3,0.08,97.8,0.07,55.3,0.09,240.8,0.1,248.18,0.01,0.01,2348.207697,1776353872000
1776353874.328,174.328,0.91,301.67,0.9,194.18,0.92,97.8,0.93,55.3,0.08,117.8,0.07,55.3,0.09,85.0,0.1,184.18,0.01,0.01,2347.8882,1776353873000
1776353874.544,174.544,0.91,356.67,0.9,194.18,0.92,119.63,0.93,55.3,0.08,97.8,0.07,55.3,0.09,301.67,0.1,194.18,0.01,0.01,2347.8882,1776353873000
1776353874.789,174.789,0.91,342.82,0.9,194.18,0.92,112.21,0.93,55.3,0.08,97.8,0.07,55.3,0.09,342.82,0.1,194.18,0.01,0.01,2347.8882,1776353873000
1776353876.011,176.011,0.91,281.15,0.9,194.18,0.92,97.8,0.93,55.3,0.08,97.8,0.07,55.3,0.09,397.82,0.1,194.18,0.01,0.01,2347.8882,1776353873000
1776353877.059,177.059,0.91,306.15,0.9,244.68,0.92,97.8,0.93,55.3,0.08,97.8,0.07,55.3,0.09,281.15,0.1,194.18,0.01,0.01,2346.840353,1776353875000
1776353878.065,178.065,0.91,367.15,0.9,278.68,0.92,116.71,0.93,55.3,0.08,97.8,0.07,55.3,0.09,306.15,0.1,244.68,0.01,0.01,2346.917194,1776353876000
1776353879.543,179.543,0.91,369.15,0.9,363.56,0.92,116.71,0.93,55.3,0.08,116.71,0.07,55.3,0.09,367.15,0.1,278.68,0.01,0.01,2346.670882,1776353878000
1776353879.788,179.788,0.91,465.87,0.9,278.68,0.92,109.19,0.93,55.3,0.08,110.28,0.07,55.3,0.09,465.87,0.1,278.68,0.01,0.01,2346.670882,1776353878000
1776353880.309,180.309,0.91,704.87,0.9,288.68,0.92,97.8,0.93,55.3,0.08,108.01,0.07,55.3,0.09,465.87,0.1,278.68,0.01,0.01,2346.670882,1776353878000
1776353881.385,181.385,0.91,711.87,0.9,288.68,0.92,174.36,0.93,55.3,0.08,97.8,0.07,55.3,0.09,704.87,0.1,288.68,0.01,0.01,2346.481015,1776353880000
1776353881.642,181.642,0.91,706.87,0.9,288.68,0.92,149.5,0.93,55.3,0.08,154.81,0.07,55.3,0.09,706.87,0.1,288.68,0.01,0.01,2346.481015,1776353880000
1776353881.846,181.846,0.91,711.87,0.9,288.68,0.92,97.8,0.93,55.3,0.08,112.75,0.07,55.3,0.09,711.87,0.1,288.68,0.01,0.01,2346.481015,1776353880000
1776353882.499,182.499,0.91,447.87,0.9,298.68,0.92,97.8,0.93,55.3,0.08,97.8,0.07,55.3,0.09,611.87,0.1,288.68,0.01,0.01,2346.481015,1776353880000
1776353883.315,183.315,0.91,479.87,0.9,298.68,0.92,97.8,0.93,55.3,0.08,97.8,0.07,55.3,0.09,447.87,0.1,298.68,0.01,0.01,2348.145955,1776353881000
1776353883.61,183.61,0.91,473.87,0.9,298.68,0.92,97.8,0.93,55.3,0.08,97.8,0.07,55.3,0.09,473.87,0.1,298.68,0.01,0.01,2348.114804,1776353882000
1776353884.074,184.074,0.91,537.87,0.9,298.68,0.92,112.37,0.93,55.3,0.08,97.8,0.07,55.3,0.09,473.87,0.1,298.68,0.01,0.01,2347.718591,1776353883000
1776353884.287,184.287,0.91,542.87,0.9,298.68,0.92,111.12,0.93,55.3,0.08,112.21,0.07,55.3,0.09,542.87,0.1,298.68,0.01,0.01,2347.718591,1776353883000
1776353884.978,184.978,0.91,798.87,0.9,298.68,0.92,97.8,0.93,55.3,0.08,97.8,0.07,55.3,0.09,542.87,0.1,298.68,0.01,0.01,2347.718591,1776353883000
1776353885.301,185.301,0.91,798.87,0.9,298.68,0.92,97.8,0.93,55.3,0.08,97.8,0.07,55.3,0.09,798.87,0.1,298.68,0.01,0.01,2347.3415,1776353884000
1776353885.702,185.702,0.91,798.87,0.9,298.68,0.92,97.8,0.93,55.3,0.08,97.8,0.07,55.3,0.09,798.87,0.1,298.68,0.01,0.01,2347.3415,1776353884000
1776353886.257,186.257,0.91,930.87,0.9,298.68,0.92,97.8,0.93,55.3,0.08,97.8,0.07,55.3,0.09,798.87,0.1,298.68,0.01,0.01,2346.801492,1776353885000
1776353887.288,187.288,0.91,1043.16,0.9,298.68,0.92,112.37,0.93,55.3,0.08,97.8,0.07,55.3,0.09,905.31,0.1,298.68,0.01,0.01,2346.801492,1776353885000
1776353888.864,188.864,0.91,943.64,0.9,298.68,0.92,97.8,0.93,55.3,0.08,97.8,0.07,55.3,0.09,814.19,0.1,298.68,0.01,0.01,2347.019107,1776353887000
1776353890.415,190.415,0.91,964.08,0.9,298.68,0.92,191.8,0.93,55.3,0.08,116.71,0.07,55.3,0.09,938.08,0.1,298.68,0.01,0.01,2346.923676,1776353888000
1776353890.617,190.617,0.91,964.08,0.9,298.68,0.92,134.18,0.93,55.3,0.08,137.89,0.07,55.3,0.09,964.08,0.1,298.68,0.01,0.01,2345.6729,1776353889000
1776353891.955,191.955,0.91,942.23,0.9,298.68,0.92,97.8,0.93,55.3,0.08,97.8,0.07,55.3,0.09,864.08,0.1,298.68,0.01,0.01,2345.3035,1776353890000
1776353893.254,193.254,0.91,952.23,0.9,298.68,0.92,112.37,0.93,55.3,0.08,97.8,0.07,55.3,0.09,942.23,0.1,298.68,0.01,0.01,2345.77687,1776353892000
1776353893.591,193.591,0.91,992.23,0.9,298.68,0.92,97.8,0.93,55.3,0.08,112.37,0.07,55.3,0.09,952.23,0.1,298.68,0.01,0.01,2345.77687,1776353892000
1776353894.584,194.584,0.91,1141.23,0.9,298.68,0.92,97.8,0.93,55.3,0.08,97.8,0.07,55.3,0.09,1009.23,0.1,298.68,0.01,0.01,2345.3922,1776353893000
1776353895.255,195.255,0.91,1257.23,0.9,298.68,0.92,97.8,0.93,55.3,0.08,97.8,0.07,55.3,0.09,1141.23,0.1,298.68,0.01,0.01,2345.016052,1776353894000
1776353896.662,196.662,0.91,1117.23,0.9,298.68,0.92,97.8,0.93,55.3,0.08,97.8,0.07,55.3,0.09,1257.23,0.1,298.68,0.01,0.01,2344.5875,1776353895000
1776353899.201,199.201,0.91,1137.23,0.9,298.68,0.92,97.8,0.93,55.3,0.08,97.8,0.07,55.3,0.09,1117.23,0.1,298.68,0.01,0.01,2343.1516,1776353898000
1776353899.839,199.839,0.91,1187.23,0.9,303.68,0.92,97.8,0.93,55.3,0.08,97.8,0.07,55.3,0.09,1137.23,0.1,298.68,0.01,0.01,2343.1516,1776353898000
1776353900.349,200.349,0.91,1137.23,0.9,303.68,0.92,97.8,0.93,55.3,0.08,97.8,0.07,55.3,0.09,1187.23,0.1,303.68,0.01,0.01,2342.882721,1776353899000
1776353904.185,204.185,0.91,1070.81,0.9,414.55,0.92,97.8,0.93,55.3,0.08,97.8,0.07,55.3,0.09,1137.23,0.1,303.68,0.01,0.01,2341.366261,1776353903000
1776353904.438,204.438,0.91,992.81,0.9,414.55,0.92,97.8,0.93,55.3,0.08,97.8,0.07,55.3,0.09,1070.81,0.1,414.55,0.01,0.01,2341.366261,1776353903000
1776353908.13,208.13,0.91,1192.05,0.9,333.68,0.92,192.37,0.93,55.3,0.08,97.8,0.07,55.3,0.09,992.81,0.1,414.55,0.01,0.01,2341.61652,1776353907000
1776353908.341,208.341,0.91,1083.2,0.9,333.68,0.92,158.25,0.93,55.3,0.08,158.25,0.07,55.3,0.09,1132.05,0.1,333.68,0.01,0.01,2341.61652,1776353907000
1776353908.65,208.65,0.91,1078.2,0.9,333.68,0.92,147.83,0.93,55.3,0.08,152.82,0.07,55.3,0.09,1083.2,0.1,333.68,0.01,0.01,2341.61652,1776353907000
1776353912.446,212.446,0.91,1422.2,0.9,333.68,0.92,97.8,0.93,55.3,0.08,97.8,0.07,55.3,0.09,1178.2,0.1,333.68,0.01,0.01,2341.53695,1776353911000
1776353912.657,212.657,0.91,1417.2,0.9,333.68,0.92,97.8,0.93,55.3,0.08,97.8,0.07,55.3,0.09,1422.2,0.1,333.68,0.01,0.01,2341.53695,1776353911000
1776353915.122,215.122,0.91,1327.06,0.9,452.11,0.92,188.21,0.93,55.3,0.08,97.8,0.07,55.3,0.09,1417.2,0.1,333.68,0.01,0.01,2341.676907,1776353914000
1776353915.443,215.443,0.91,1220.91,0.9,452.11,0.92,115.34,0.93,55.3,0.08,97.8,0.07,55.3,0.09,1327.06,0.1,452.11,0.01,0.01,2341.676907,1776353914000
1776353917.913,217.913,0.91,1537.77,0.9,350.68,0.92,97.8,0.93,55.3,0.08,97.8,0.07,55.3,0.09,1220.91,0.1,452.11,0.01,0.01,2342.952925,1776353916000
1776353918.525,218.525,0.91,1432.77,0.9,350.68,0.92,97.8,0.93,55.3,0.08,97.8,0.07,55.3,0.09,1432.77,0.1,350.68,0.01,0.01,2343.10199,1776353917000
1776353919.96,219.96,0.91,1511.8,0.9,345.68,0.92,97.8,0.93,55.3,0.08,97.8,0.07,55.3,0.09,1432.77,0.1,350.68,0.01,0.01,2343.354036,1776353918000
1776353943.807,243.807,0.91,1039.77,0.9,219.29,0.92,181.62,0.93,55.3,0.08,97.8,0.07,55.3,0.09,1511.8,0.1,345.68,0.01,0.01,2342.708638,1776353942000
1776353944.154,244.154,0.91,876.52,0.9,219.29,0.92,97.8,0.93,55.3,0.08,97.8,0.07,55.3,0.09,985.77,0.1,219.29,0.01,0.01,2342.708638,1776353942000
1776353944.5,244.5,0.91,730.52,0.9,214.29,0.92,97.8,0.93,55.3,0.08,97.8,0.07,55.3,0.09,876.52,0.1,219.29,0.01,0.01,2342.708638,1776353942000
1776353944.703,244.703,0.91,710.52,0.9,214.29,0.92,97.8,0.93,55.3,0.08,97.8,0.07,55.3,0.09,710.52,0.1,214.29,0.01,0.01,2342.70332,1776353943000
1776353944.943,244.943,0.91,715.52,0.9,214.29,0.92,97.8,0.93,55.3,0.08,97.8,0.07,55.3,0.09,710.52,0.1,214.29,0.01,0.01,2342.70332,1776353943000
1776353945.19,245.19,0.91,715.52,0.9,214.29,0.92,97.8,0.93,55.3,0.08,97.8,0.07,55.3,0.09,710.52,0.1,214.29,0.01,0.01,2342.70332,1776353943000
1776353946.277,246.277,0.91,992.52,0.9,214.29,0.92,97.8,0.93,55.3,0.08,97.8,0.07,55.3,0.09,715.52,0.1,214.29,0.01,0.01,2342.49232,1776353944000
1776353946.513,246.513,0.91,999.52,0.9,214.29,0.92,97.8,0.93,55.3,0.08,97.8,0.07,55.3,0.09,894.52,0.1,214.29,0.01,0.01,2342.49232,1776353944000
1776353946.954,246.954,0.91,810.52,0.9,214.29,0.92,120.71,0.93,55.3,0.08,97.8,0.07,55.3,0.09,982.52,0.1,214.29,0.01,0.01,2341.977045,1776353945000
1776353947.18,247.18,0.91,810.52,0.9,214.29,0.92,112.21,0.93,55.3,0.08,97.8,0.07,55.3,0.09,810.52,0.1,214.29,0.01,0.01,2341.977045,1776353945000
1776353947.414,247.414,0.91,810.52,0.9,214.29,0.92,113.1,0.93,55.3,0.08,97.8,0.07,55.3,0.09,815.52,0.1,214.29,0.01,0.01,2341.812331,1776353946000
1776353947.649,247.649,0.91,815.52,0.9,214.29,0.92,97.8,0.93,55.3,0.08,97.8,0.07,55.3,0.09,815.52,0.1,214.29,0.01,0.01,2341.812331,1776353946000
1776353947.926,247.926,0.91,710.52,0.9,214.29,0.92,97.8,0.93,55.3,0.08,97.8,0.07,55.3,0.09,815.52,0.1,214.29,0.01,0.01,2341.812331,1776353946000
1776353948.302,248.302,0.91,710.52,0.9,214.29,0.92,112.37,0.93,55.3,0.08,97.8,0.07,55.3,0.09,710.52,0.1,214.29,0.01,0.01,2341.812331,1776353946000
1776353948.505,248.505,0.91,787.52,0.9,214.29,0.92,97.8,0.93,55.3,0.08,100.42,0.07,55.3,0.09,787.52,0.1,214.29,0.01,0.01,2341.812331,1776353946000
1776353949.29,249.29,0.91,710.52,0.9,214.29,0.92,161.94,0.93,55.3,0.08,97.8,0.07,55.3,0.09,787.52,0.1,214.29,0.01,0.01,2342.421622,1776353947000
1776353951.126,251.126,0.91,782.06,0.9,214.29,0.92,97.8,0.93,55.3,0.08,97.8,0.07,55.3,0.09,610.52,0.1,214.29,0.01,0.01,2342.261749,1776353949000
1776353952.123,252.123,0.91,662.06,0.9,214.29,0.92,97.8,0.93,55.3,0.08,97.8,0.07,55.3,0.09,782.06,0.1,214.29,0.01,0.01,2341.776982,1776353950000
1776353952.384,252.384,0.91,662.06,0.9,214.29,0.92,121.37,0.93,55.3,0.08,97.8,0.07,55.3,0.09,662.06,0.1,214.29,0.01,0.01,2341.644228,1776353951000
1776353952.647,252.647,0.91,662.06,0.9,214.29,0.92,97.8,0.93,55.3,0.08,110.94,0.07,55.3,0.09,662.06,0.1,214.29,0.01,0.01,2341.644228,1776353951000
1776353952.956,252.956,0.91,667.06,0.9,214.29,0.92,97.8,0.93,55.3,0.08,97.8,0.07,55.3,0.09,662.06,0.1,214.29,0.01,0.01,2341.644228,1776353951000
1776353953.252,253.252,0.91,662.06,0.9,214.29,0.92,192.37,0.93,55.3,0.08,97.8,0.07,55.3,0.09,662.06,0.1,214.29,0.01,0.01,2341.644228,1776353951000
1776353953.511,253.511,0.91,562.06,0.9,214.29,0.92,120.2,0.93,55.3,0.08,97.8,0.07,55.3,0.09,562.06,0.1,214.29,0.01,0.01,2341.644228,1776353951000
1776353953.777,253.777,0.91,562.06,0.9,214.29,0.92,97.8,0.93,55.3,0.08,97.8,0.07,55.3,0.09,562.06,0.1,214.29,0.01,0.01,2341.644228,1776353951000
1776353953.989,253.989,0.91,562.06,0.9,214.29,0.92,97.8,0.93,55.3,0.08,97.8,0.07,55.3,0.09,562.06,0.1,214.29,0.01,0.01,2341.644228,1776353951000
1776353955.177,255.177,0.91,587.91,0.9,214.29,0.92,97.8,0.93,55.3,0.08,112.21,0.07,55.3,0.09,639.06,0.1,214.29,0.01,0.01,2341.86545,1776353953000
1776353955.618,255.618,0.91,520.91,0.9,225.4,0.92,112.37,0.93,55.3,0.08,97.8,0.07,55.3,0.09,604.91,0.1,225.4,0.01,0.01,2340.737554,1776353954000
1776353956.118,256.118,0.91,515.91,0.9,225.4,0.92,97.8,0.93,55.3,0.08,97.8,0.07,55.3,0.09,515.91,0.1,225.4,0.01,0.01,2340.737554,1776353954000
1776353956.379,256.379,0.91,515.91,0.9,225.4,0.92,112.37,0.93,55.3,0.08,97.8,0.07,55.3,0.09,515.91,0.1,225.4,0.01,0.01,2340.145822,1776353955000
1776353956.786,256.786,0.91,567.91,0.9,225.4,0.92,97.8,0.93,55.3,0.08,97.8,0.07,55.3,0.09,525.91,0.1,225.4,0.01,0.01,2340.145822,1776353955000
1776353957.747,257.747,0.91,580.91,0.9,225.4,0.92,97.8,0.93,55.3,0.08,97.8,0.07,55.3,0.09,567.91,0.1,225.4,0.01,0.01,2340.102992,1776353956000
1776353958.025,258.025,0.91,580.91,0.9,225.4,0.92,108.21,0.93,55.3,0.08,97.8,0.07,55.3,0.09,580.91,0.1,225.4,0.01,0.01,2340.065187,1776353957000
1776353958.747,258.747,0.91,597.91,0.9,225.4,0.92,97.8,0.93,55.3,0.08,97.8,0.07,55.3,0.09,575.91,0.1,225.4,0.01,0.01,2340.065187,1776353957000
1776353958.958,258.958,0.91,587.91,0.9,225.4,0.92,97.8,0.93,55.3,0.08,108.21,0.07,55.3,0.09,587.91,0.1,225.4,0.01,0.01,2340.065187,1776353957000
1776353959.627,259.627,0.91,641.36,0.9,225.4,0.92,97.8,0.93,55.3,0.08,97.8,0.07,55.3,0.09,575.91,0.1,225.4,0.01,0.01,2340.165963,1776353958000
1776353959.848,259.848,0.91,626.53,0.9,225.4,0.92,97.8,0.93,55.3,0.08,117.8,0.07,55.3,0.09,621.53,0.1,225.4,0.01,0.01,2340.165963,1776353958000
1776353960.192,260.192,0.91,626.53,0.9,225.4,0.92,97.8,0.93,55.3,0.08,97.8,0.07,55.3,0.09,626.53,0.1,225.4,0.01,0.01,2340.165963,1776353958000
1776353960.681,260.681,0.91,748.53,0.9,225.4,0.92,97.8,0.93,55.3,0.08,97.8,0.07,55.3,0.09,621.53,0.1,225.4,0.01,0.01,2340.527413,1776353959000
1776353960.985,260.985,0.91,666.53,0.9,225.4,0.92,97.8,0.93,55.3,0.08,97.8,0.07,55.3,0.09,748.53,0.1,225.4,0.01,0.01,2340.527413,1776353959000
1776353961.284,261.284,0.91,549.53,0.9,225.4,0.92,116.37,0.93,55.3,0.08,97.8,0.07,55.3,0.09,561.53,0.1,225.4,0.01,0.01,2340.622225,1776353960000
1776353961.521,261.521,0.91,549.53,0.9,225.4,0.92,118.39,0.93,55.3,0.08,97.8,0.07,55.3,0.09,554.53,0.1,225.4,0.01,0.01,2340.622225,1776353960000
1776353961.731,261.731,0.91,549.53,0.9,225.4,0.92,97.8,0.93,55.3,0.08,97.93,0.07,55.3,0.09,549.53,0.1,225.4,0.01,0.01,2340.622225,1776353960000
1776353962.023,262.023,0.91,449.53,0.9,225.4,0.92,206.55,0.93,55.3,0.08,182.55,0.07,55.3,0.09,549.53,0.1,225.4,0.01,0.01,2340.622225,1776353960000
1776353962.46,262.46,0.91,765.53,0.9,225.4,0.92,97.8,0.93,55.3,0.08,97.8,0.07,55.3,0.09,449.53,0.1,225.4,0.01,0.01,2340.56479,1776353961000
1776353962.794,262.794,0.91,673.53,0.9,225.4,0.92,112.36,0.93,55.3,0.08,97.8,0.07,55.3,0.09,765.53,0.1,225.4,0.01,0.01,2340.56479,1776353961000
1776353963.504,263.504,0.91,680.53,0.9,225.4,0.92,116.71,0.93,55.3,0.08,97.8,0.07,55.3,0.09,668.53,0.1,225.4,0.01,0.01,2340.898749,1776353962000
1776353963.859,263.859,0.91,673.53,0.9,225.4,0.92,97.8,0.93,55.3,0.08,116.71,0.07,55.3,0.09,680.53,0.1,225.4,0.01,0.01,2340.898749,1776353962000
1776353964.374,264.374,0.91,668.53,0.9,225.4,0.92,107.89,0.93,55.3,0.08,97.8,0.07,55.3,0.09,673.53,0.1,225.4,0.01,0.01,2340.898749,1776353962000
1776353964.645,264.645,0.91,740.53,0.9,225.4,0.92,97.8,0.93,55.3,0.08,97.8,0.07,55.3,0.09,740.53,0.1,225.4,0.01,0.01,2340.572672,1776353963000
1776353965.049,265.049,0.91,680.53,0.9,225.4,0.92,116.65,0.93,55.3,0.08,97.8,0.07,55.3,0.09,740.53,0.1,225.4,0.01,0.01,2340.572672,1776353963000
1776353965.373,265.373,0.91,568.53,0.9,225.4,0.92,121.8,0.93,55.3,0.08,97.8,0.07,55.3,0.09,668.53,0.1,225.4,0.01,0.01,2340.593582,1776353964000
1776353965.719,265.719,0.91,645.53,0.9,225.4,0.92,97.8,0.93,55.3,0.08,97.8,0.07,55.3,0.09,568.53,0.1,225.4,0.01,0.01,2340.593582,1776353964000
1776353974.291,274.291,0.91,548.5,0.9,225.4,0.92,97.8,0.93,55.3,0.08,97.8,0.07,55.3,0.09,645.53,0.1,225.4,0.01,0.01,2340.573185,1776353972000
1776353974.492,274.492,0.91,516.5,0.9,225.4,0.92,97.8,0.93,55.3,0.08,103.16,0.07,55.3,0.09,528.5,0.1,225.4,0.01,0.01,2340.745638,1776353973000
1776353974.7,274.7,0.91,516.5,0.9,225.4,0.92,117.45,0.93,55.3,0.08,97.8,0.07,55.3,0.09,516.5,0.1,225.4,0.01,0.01,2340.745638,1776353973000
1776353974.999,274.999,0.91,576.5,0.9,225.4,0.92,98.36,0.93,55.3,0.08,97.8,0.07,55.3,0.09,516.5,0.1,225.4,0.01,0.01,2340.745638,1776353973000
1776353975.488,275.488,0.99,309.62,0.97,216.0,,,,,0.08,97.8,0.07,55.3,0.09,441.75,0.1,225.4,,0.01,2340.739925,1776353974000
1776353975.936,275.936,0.99,516.43,0.98,102.0,,,,,,,,,0.01,501.59,0.02,102.0,,,2340.739925,1776353974000
1776353977.269,277.269,0.99,2484.35,0.98,102.0,,,,,,,,,0.01,516.43,0.02,102.0,,,2340.554961,1776353975000
1776353979.067,279.067,0.99,3503.73,0.97,216.0,,,,,,,,,0.01,2484.35,0.02,102.0,,,2340.618917,1776353978000
1776353982.568,282.568,0.99,3578.2,0.97,227.33,,,,,,,,,0.01,3503.73,0.03,216.0,,,2341.063125,1776353981000

# RESULT,winner=Up,slug=eth-updown-5m-1776353700,ticks=340
