timestamp,elapsed_sec,up_bid_p1,up_bid_s1,up_bid_p2,up_bid_s2,up_ask_p1,up_ask_s1,up_ask_p2,up_ask_s2,down_bid_p1,down_bid_s1,down_bid_p2,down_bid_s2,down_ask_p1,down_ask_s1,down_ask_p2,down_ask_s2,up_spread,down_spread,eth_price,eth_oracle_ts
1776282900.591,0.591,0.47,21.91,0.46,155.0,0.51,11.0,0.52,10.59,0.51,10.0,0.5,5.05,0.53,21.91,0.54,155.0,0.04,0.02,2377.088231,1776282898000
1776282900.794,0.794,0.5,77.0,0.49,11.0,0.51,1.0,0.52,10.59,0.49,6.0,0.48,10.59,0.5,77.0,0.51,11.0,0.01,0.01,2377.088231,1776282898000
1776282901.008,1.008,0.5,82.0,0.49,11.0,0.54,150.0,0.6,38.0,0.46,150.0,0.4,38.0,0.5,82.0,0.51,11.0,0.04,0.04,2377.178147,1776282899000
1776282902.468,2.468,0.5,72.0,0.49,16.0,0.58,3.27,0.59,5.0,0.4,38.0,0.39,34.0,0.5,72.0,0.51,11.0,0.08,0.1,2377.19081,1776282900000
1776282902.768,2.768,0.5,65.4,0.49,16.0,0.59,2.67,0.6,5.0,0.46,5.0,0.42,3.27,0.5,70.4,0.51,16.0,0.09,0.04,2377.19081,1776282900000
1776282903.015,3.015,0.5,58.24,0.49,16.0,0.54,13.0,0.56,5.0,0.42,5.0,0.41,2.67,0.5,60.4,0.51,16.0,0.04,0.08,2377.554622,1776282901000
1776282903.549,3.549,0.56,5.0,0.53,10.0,0.59,2.67,0.6,15.0,0.41,2.67,0.4,5.0,0.5,58.24,0.51,16.0,0.03,0.09,2377.554622,1776282901000
1776282903.869,3.869,0.55,13.55,0.54,10.0,0.58,59.41,0.59,17.67,0.41,2.67,0.4,15.0,0.44,5.0,0.47,10.0,0.03,0.03,2377.921205,1776282902000
1776282904.165,4.165,0.56,15.0,0.55,13.55,0.58,56.41,0.59,12.67,0.42,56.41,0.41,12.67,0.45,13.55,0.46,10.0,0.02,0.03,2377.921205,1776282902000
1776282904.657,4.657,0.5,53.24,0.49,11.0,0.56,45.0,0.57,10.0,0.42,56.41,0.41,12.67,0.44,15.0,0.45,13.55,0.06,0.02,2377.605983,1776282903000
1776282905.322,5.322,0.5,58.24,0.49,6.0,0.51,10.0,0.52,15.0,0.49,5.0,0.48,10.0,0.5,53.24,0.51,11.0,0.01,0.01,2377.605983,1776282903000
1776282905.601,5.601,0.5,40.24,0.49,6.0,0.51,76.03,0.52,15.0,0.49,10.0,0.48,15.0,0.5,58.24,0.51,6.0,0.01,0.01,2377.605983,1776282903000
1776282905.848,5.848,0.5,14.0,0.49,6.0,0.51,76.03,0.52,15.0,0.49,76.03,0.48,15.0,0.5,20.24,0.51,6.0,0.01,0.01,2377.551774,1776282904000
1776282906.4,6.4,0.49,27.0,0.48,15.0,0.5,10.0,0.51,91.03,0.49,80.03,0.48,15.0,0.5,9.88,0.51,19.0,0.01,0.01,2377.541774,1776282905000
1776282907.048,7.048,0.49,20.33,0.48,5.0,0.5,29.87,0.51,102.03,0.5,10.0,0.49,91.03,0.51,27.0,0.52,15.0,0.01,0.01,2377.541774,1776282905000
1776282907.475,7.475,0.47,2.3,0.46,8.0,0.5,29.87,0.51,91.0,0.5,24.87,0.49,102.03,0.51,17.87,0.52,5.0,0.03,0.01,2377.541774,1776282905000
1776282907.755,7.755,0.46,19.0,0.44,5.0,0.48,25.0,0.49,15.0,0.5,29.87,0.49,91.0,0.53,2.3,0.54,8.0,0.02,0.03,2377.084185,1776282906000
1776282908.065,8.065,0.46,5.0,0.44,5.0,0.47,22.7,0.48,15.0,0.53,15.0,0.52,25.0,0.54,5.0,0.56,5.0,0.01,0.01,2377.084185,1776282906000
1776282908.47,8.47,0.39,5.5,0.38,140.0,0.41,10.0,0.42,10.0,0.52,13.95,0.51,10.0,0.54,6.83,0.61,24.0,0.02,0.02,2377.070462,1776282907000
1776282909.077,9.077,0.4,0.88,0.39,195.0,0.41,5.0,0.42,10.0,0.59,5.0,0.58,10.0,0.6,13.63,0.61,5.5,0.01,0.01,2377.070462,1776282907000
1776282909.807,9.807,0.43,63.0,0.42,15.0,0.45,10.0,0.46,21.0,0.58,10.0,0.57,10.0,0.6,20.21,0.61,195.0,0.02,0.02,2376.834864,1776282908000
1776282910.303,10.303,0.44,313.5,0.43,25.0,0.45,13.3,0.46,22.0,0.55,7.8,0.54,21.0,0.56,20.0,0.57,71.46,0.01,0.01,2376.834864,1776282908000
1776282910.755,10.755,0.49,5.21,0.48,308.42,0.5,5.0,0.54,16.25,0.53,44.0,0.52,11.0,0.56,358.35,0.57,58.76,0.01,0.03,2376.723027,1776282909000
1776282910.963,10.963,0.5,5.0,0.49,40.63,0.51,8.56,0.54,13.75,0.46,13.75,0.39,260.0,0.51,5.21,0.52,308.42,0.01,0.05,2376.723027,1776282909000
1776282911.498,11.498,0.53,18.48,0.52,73.0,0.54,29.25,0.55,5.0,0.46,18.75,0.45,5.0,0.5,5.0,0.51,81.26,0.01,0.04,2376.545683,1776282910000
1776282911.705,11.705,0.53,1.48,0.52,277.24,0.54,29.25,0.55,5.0,0.46,29.25,0.45,5.0,0.47,3.74,0.48,277.24,0.01,0.01,2376.545683,1776282910000
1776282912.136,12.136,0.52,25.5,0.51,83.5,0.54,29.25,0.55,133.27,0.46,29.25,0.45,5.0,0.47,40.52,0.48,15.0,0.02,0.01,2376.545683,1776282910000
1776282912.56,12.56,0.53,288.0,0.52,84.36,0.54,29.44,0.55,15.5,0.46,29.25,0.45,133.27,0.48,25.5,0.49,83.5,0.01,0.02,2376.909286,1776282911000
1776282913.231,13.231,0.53,284.8,0.52,55.5,0.54,26.44,0.55,26.5,0.46,26.44,0.45,26.5,0.47,283.0,0.48,55.5,0.01,0.01,2377.336854,1776282912000
1776282914.251,14.251,0.52,10.0,0.51,88.5,0.53,6.81,0.54,41.44,0.46,26.44,0.45,26.5,0.47,284.8,0.48,55.5,0.01,0.01,2377.336854,1776282912000
1776282914.839,14.839,0.52,306.0,0.51,130.5,0.53,15.0,0.54,104.94,0.47,6.81,0.46,41.44,0.48,10.0,0.49,88.5,0.01,0.01,2377.519651,1776282913000
1776282915.675,15.675,0.5,15.0,0.48,5.0,0.51,68.5,0.52,41.5,0.47,15.0,0.46,104.94,0.48,306.0,0.49,130.5,0.01,0.01,2377.565676,1776282914000
1776282916.057,16.057,0.48,2.0,0.47,5.0,0.49,47.31,0.5,55.5,0.49,240.55,0.48,62.34,0.52,5.0,0.53,5.0,0.01,0.03,2377.565676,1776282914000
1776282916.644,16.644,0.45,14.04,0.44,15.0,0.46,20.0,0.47,89.0,0.51,47.31,0.5,55.5,0.52,2.0,0.53,5.0,0.01,0.01,2377.565676,1776282914000
1776282916.938,16.938,0.44,17.05,0.43,10.0,0.45,15.0,0.46,59.52,0.55,20.0,0.54,24.26,0.56,17.05,0.57,10.0,0.01,0.01,2377.531551,1776282915000
1776282917.756,17.756,0.43,2.0,0.42,12.0,0.44,363.5,0.45,136.5,0.55,15.0,0.54,59.52,0.56,17.05,0.57,10.0,0.01,0.01,2377.531551,1776282915000
1776282919.314,19.314,0.37,293.0,0.36,80.0,0.42,142.5,0.43,156.5,0.56,379.5,0.55,136.5,0.58,1.27,0.6,15.5,0.05,0.02,2376.835284,1776282918000
1776282919.648,19.648,0.37,310.5,0.36,80.0,0.38,6.36,0.39,10.0,0.62,20.0,0.61,10.0,0.63,300.5,0.64,80.0,0.01,0.01,2376.835284,1776282918000
1776282920.413,20.413,0.37,311.34,0.36,85.0,0.38,6.36,0.39,60.0,0.62,6.36,0.61,10.0,0.63,310.5,0.64,80.0,0.01,0.01,2376.584558,1776282919000
1776282921.781,21.781,0.37,12.0,0.35,50.0,0.38,83.36,0.39,250.12,0.62,6.36,0.61,60.0,0.63,311.34,0.64,85.0,0.01,0.01,2376.412315,1776282920000
1776282922.301,22.301,0.37,2.0,0.36,10.5,0.38,140.86,0.39,391.5,0.62,83.36,0.61,250.12,0.63,12.0,0.65,50.0,0.01,0.01,2376.365355,1776282921000
1776282922.797,22.797,0.37,7.0,0.36,60.5,0.38,129.86,0.39,380.38,0.62,140.86,0.61,391.5,0.63,2.0,0.64,10.5,0.01,0.01,2376.365355,1776282921000
1776282922.998,22.998,0.37,7.0,0.36,60.5,0.38,104.35,0.39,375.38,0.62,115.35,0.61,375.38,0.63,7.0,0.64,60.5,0.01,0.01,2376.365355,1776282921000
1776282923.219,23.219,0.37,7.0,0.36,60.5,0.38,77.24,0.39,375.38,0.62,77.24,0.61,375.38,0.63,7.0,0.64,60.5,0.01,0.01,2376.365355,1776282921000
1776282924.167,24.167,0.36,80.0,0.35,303.5,0.37,12.31,0.38,130.24,0.62,117.24,0.61,375.38,0.64,49.5,0.65,60.5,0.01,0.02,2376.286541,1776282922000
1776282924.61,24.61,0.36,78.43,0.35,245.5,0.37,7.31,0.38,310.24,0.63,12.31,0.62,130.24,0.64,80.0,0.65,303.5,0.01,0.01,2376.079533,1776282923000
1776282925.044,25.044,0.36,73.43,0.35,303.5,0.37,49.76,0.38,305.24,0.63,7.31,0.62,310.24,0.64,78.43,0.65,245.5,0.01,0.01,2376.079533,1776282923000
1776282925.391,25.391,0.36,351.43,0.35,90.5,0.38,17.73,0.39,10.0,0.63,49.76,0.62,305.24,0.64,73.43,0.65,303.5,0.02,0.01,2376.067482,1776282924000
1776282925.647,25.647,0.36,83.43,0.35,240.5,0.37,11.0,0.38,10.0,0.63,6.0,0.62,10.0,0.64,351.43,0.65,90.5,0.01,0.01,2376.067482,1776282924000
1776282926.265,26.265,0.36,311.43,0.35,65.5,0.37,8.16,0.38,26.12,0.63,11.0,0.62,10.0,0.64,83.43,0.65,240.5,0.01,0.01,2376.065235,1776282925000
1776282927.788,27.788,0.35,45.0,0.34,60.5,0.36,139.5,0.37,375.66,0.63,8.16,0.62,26.12,0.64,300.68,0.65,65.5,0.01,0.01,2376.079506,1776282926000
1776282928.467,28.467,0.35,5.0,0.34,60.5,0.36,165.49,0.37,294.66,0.64,139.5,0.63,380.66,0.65,35.0,0.66,60.5,0.01,0.01,2376.100607,1776282927000
1776282930.486,30.486,0.33,55.5,0.32,60.5,0.34,180.69,0.35,252.0,0.64,165.49,0.63,294.66,0.65,5.0,0.66,60.5,0.01,0.01,2375.935339,1776282929000
1776282931.099,31.099,0.33,50.5,0.32,60.5,0.34,91.99,0.35,288.62,0.66,180.69,0.65,252.0,0.67,55.5,0.68,60.5,0.01,0.01,2375.849002,1776282930000
1776282933.109,33.109,0.32,65.5,0.31,70.5,0.33,147.91,0.34,366.88,0.66,91.99,0.65,288.62,0.67,43.5,0.68,60.5,0.01,0.01,2375.734379,1776282931000
1776282933.861,33.861,0.32,127.5,0.31,308.5,0.33,42.5,0.34,43.99,0.67,147.91,0.66,366.88,0.68,65.5,0.69,70.5,0.01,0.01,2375.74785,1776282932000
1776282934.069,34.069,0.32,360.5,0.31,70.5,0.33,42.5,0.34,23.51,0.67,42.5,0.66,43.99,0.68,127.5,0.69,308.5,0.01,0.01,2375.74785,1776282932000
1776282934.782,34.782,0.32,398.5,0.31,95.5,0.33,28.71,0.34,27.0,0.67,42.5,0.66,23.51,0.68,360.5,0.69,70.5,0.01,0.01,2375.692814,1776282933000
1776282935.696,35.696,0.35,340.5,0.34,98.5,0.37,67.33,0.38,172.98,0.66,27.0,0.65,110.48,0.68,398.5,0.69,95.5,0.02,0.02,2375.621301,1776282934000
1776282936.076,36.076,0.36,13.06,0.35,16.0,0.37,307.83,0.38,457.76,0.63,67.33,0.62,172.98,0.65,340.5,0.66,98.5,0.01,0.02,2375.690749,1776282935000
1776282936.553,36.553,0.34,311.5,0.33,153.5,0.35,56.99,0.36,34.0,0.63,547.49,0.62,282.76,0.66,82.5,0.67,90.5,0.01,0.03,2375.690749,1776282935000
1776282937.226,37.226,0.34,314.98,0.33,95.5,0.35,90.44,0.36,54.48,0.65,56.99,0.64,34.0,0.66,311.5,0.67,153.5,0.01,0.01,2375.804972,1776282936000
1776282937.86,37.86,0.34,314.98,0.33,153.5,0.35,85.58,0.36,112.48,0.65,83.44,0.64,54.48,0.66,309.98,0.67,95.5,0.01,0.01,2375.804972,1776282936000
1776282941.184,41.184,0.34,396.98,0.33,105.5,0.35,10.0,0.36,10.0,0.65,85.58,0.64,112.48,0.66,314.98,0.67,153.5,0.01,0.01,2375.819571,1776282940000
1776282941.88,41.88,0.36,123.85,0.35,379.5,0.37,68.15,0.38,84.0,0.64,10.0,0.63,67.48,0.66,396.98,0.67,105.5,0.01,0.02,2375.819571,1776282940000
1776282942.663,42.663,0.36,303.85,0.35,131.5,0.38,163.89,0.39,86.5,0.63,68.15,0.62,84.0,0.64,123.85,0.65,379.5,0.02,0.01,2375.811877,1776282941000
1776282943.039,43.039,0.37,43.0,0.36,285.85,0.38,242.37,0.39,99.5,0.62,163.89,0.61,86.5,0.64,303.85,0.65,131.5,0.01,0.02,2375.811877,1776282941000
1776282943.41,43.41,0.37,43.0,0.36,280.85,0.38,248.95,0.39,99.5,0.62,240.37,0.61,99.5,0.63,43.0,0.64,280.85,0.01,0.01,2375.804728,1776282942000
1776282944.597,44.597,0.36,80.29,0.35,126.5,0.38,232.23,0.39,99.5,0.62,227.23,0.61,99.5,0.63,109.0,0.64,280.85,0.02,0.01,2375.971193,1776282943000
1776282945.386,45.386,0.36,28.89,0.35,256.5,0.37,162.66,0.38,149.11,0.62,232.23,0.61,99.5,0.64,80.29,0.65,126.5,0.01,0.02,2375.97754,1776282944000
1776282945.779,45.779,0.36,23.55,0.35,76.5,0.37,107.66,0.38,329.11,0.63,162.66,0.62,329.11,0.64,32.32,0.65,76.5,0.01,0.01,2375.97754,1776282944000
1776282945.997,45.997,0.36,13.0,0.35,76.5,0.37,185.86,0.38,91.11,0.63,107.66,0.62,329.11,0.64,23.55,0.65,76.5,0.01,0.01,2375.97754,1776282944000
1776282946.665,46.665,0.35,17.5,0.34,90.5,0.37,415.86,0.38,96.11,0.63,185.86,0.62,91.11,0.64,13.0,0.65,76.5,0.02,0.01,2376.04036,1776282945000
1776282947.21,47.21,0.35,33.5,0.34,95.5,0.36,80.73,0.37,403.35,0.63,415.86,0.62,96.11,0.65,17.5,0.66,90.5,0.01,0.02,2376.04036,1776282945000
1776282947.574,47.574,0.35,37.51,0.34,95.5,0.36,160.2,0.37,327.5,0.64,160.2,0.63,327.5,0.65,41.96,0.66,95.5,0.01,0.01,2376.04036,1776282945000
1776282948.681,48.681,0.35,27.01,0.34,153.5,0.36,158.42,0.37,338.5,0.64,160.2,0.63,327.5,0.65,37.51,0.66,95.5,0.01,0.01,2375.979051,1776282947000
1776282951.195,51.195,0.35,351.51,0.34,95.5,0.36,46.92,0.37,90.0,0.64,158.42,0.63,338.5,0.65,27.01,0.66,153.5,0.01,0.01,2375.89617,1776282950000
1776282951.659,51.659,0.35,286.89,0.34,153.5,0.36,46.92,0.37,90.0,0.64,46.92,0.63,90.0,0.65,296.51,0.66,153.5,0.01,0.01,2375.89617,1776282950000
1776282952.361,52.361,0.35,286.89,0.34,128.5,0.36,19.92,0.37,90.0,0.64,46.92,0.63,90.0,0.65,286.89,0.66,153.5,0.01,0.01,2375.974875,1776282951000
1776282955.135,55.135,0.35,291.89,0.34,128.5,0.36,36.43,0.37,137.0,0.64,19.92,0.63,90.0,0.65,286.89,0.66,128.5,0.01,0.01,2376.029125,1776282953000
1776282955.746,55.746,0.36,102.5,0.35,374.89,0.37,16.16,0.38,26.0,0.64,36.43,0.63,137.0,0.65,291.89,0.66,128.5,0.01,0.01,2376.017377,1776282954000
1776282955.984,55.984,0.36,120.5,0.35,349.89,0.37,16.16,0.38,26.0,0.63,16.16,0.62,26.0,0.64,102.5,0.65,374.89,0.01,0.01,2376.017377,1776282954000
1776282956.631,56.631,0.36,433.5,0.35,147.89,0.37,0.16,0.38,26.0,0.63,16.16,0.62,26.0,0.64,120.5,0.65,349.89,0.01,0.01,2376.017424,1776282955000
1776282957.276,57.276,0.36,375.5,0.35,223.89,0.37,31.79,0.38,31.0,0.63,0.16,0.62,26.0,0.64,433.5,0.65,147.89,0.01,0.01,2376.028208,1776282956000
1776282958.8,58.8,0.36,375.5,0.35,205.89,0.37,22.79,0.38,89.0,0.63,31.79,0.62,31.0,0.64,375.5,0.65,223.89,0.01,0.01,2376.135938,1776282957000
1776282959.219,59.219,0.36,373.7,0.35,205.89,0.37,22.79,0.38,89.0,0.63,22.79,0.62,89.0,0.64,375.5,0.65,205.89,0.01,0.01,2376.135938,1776282957000
1776282960.418,60.418,0.36,363.54,0.35,200.6,0.37,37.79,0.38,89.0,0.63,22.79,0.62,89.0,0.64,373.7,0.65,205.89,0.01,0.01,2376.185837,1776282958000
1776282961.213,61.213,0.36,442.54,0.35,193.6,0.38,11.97,0.4,5.0,0.63,37.79,0.62,89.0,0.64,363.54,0.65,200.6,0.02,0.01,2376.185837,1776282958000
1776282961.501,61.501,0.37,393.5,0.36,244.54,0.41,18.0,0.42,67.0,0.62,6.97,0.59,18.0,0.63,330.5,0.64,194.54,0.04,0.01,2376.182063,1776282960000
1776282962.734,62.734,0.42,318.5,0.41,115.5,0.43,1.02,0.44,123.5,0.59,18.0,0.58,140.5,0.6,29.88,0.61,45.5,0.01,0.01,2376.17658,1776282961000
1776282963.446,63.446,0.42,114.89,0.41,105.0,0.43,157.0,0.44,75.5,0.57,1.02,0.56,123.5,0.58,318.5,0.59,115.5,0.01,0.01,2376.17658,1776282961000
1776282963.87,63.87,0.42,14.89,0.41,10.0,0.43,367.52,0.44,140.46,0.57,157.0,0.56,75.5,0.58,114.89,0.59,105.0,0.01,0.01,2376.353462,1776282962000
1776282964.802,64.802,0.4,308.5,0.39,85.5,0.41,10.0,0.42,20.0,0.57,367.52,0.56,153.46,0.6,60.0,0.61,60.5,0.01,0.03,2376.422451,1776282963000
1776282965.507,65.507,0.41,102.02,0.4,363.5,0.42,25.0,0.43,143.52,0.59,10.0,0.58,20.0,0.6,308.5,0.61,85.5,0.01,0.01,2376.54461,1776282964000
1776282967.104,67.104,0.41,104.47,0.4,363.5,0.42,25.0,0.43,105.18,0.58,25.0,0.57,143.52,0.59,102.02,0.6,363.5,0.01,0.01,2376.487932,1776282965000
1776282968.234,68.234,0.41,342.47,0.4,146.5,0.42,0.87,0.43,55.0,0.58,15.0,0.57,163.18,0.59,88.97,0.6,363.5,0.01,0.01,2376.49026,1776282966000
1776282968.541,68.541,0.41,352.47,0.4,146.5,0.44,65.5,0.45,118.0,0.58,0.87,0.57,55.0,0.59,342.47,0.6,146.5,0.03,0.01,2376.535779,1776282967000
1776282968.861,68.861,0.43,17.47,0.42,80.5,0.44,65.5,0.45,118.0,0.56,65.5,0.55,118.0,0.59,352.47,0.6,146.5,0.01,0.03,2376.535779,1776282967000
1776282969.257,69.257,0.44,50.0,0.43,302.97,0.46,121.73,0.47,65.5,0.56,65.5,0.55,118.0,0.57,17.47,0.58,80.5,0.02,0.01,2376.531911,1776282968000
1776282969.497,69.497,0.45,92.08,0.44,55.5,0.46,128.5,0.47,65.5,0.54,121.73,0.53,65.5,0.56,50.0,0.57,302.97,0.01,0.02,2376.531911,1776282968000
1776282969.704,69.704,0.45,102.08,0.44,110.5,0.46,118.5,0.47,65.5,0.54,128.5,0.53,65.5,0.55,92.08,0.56,55.5,0.01,0.01,2376.531911,1776282968000
1776282970.731,70.731,0.46,20.0,0.45,107.58,0.47,173.53,0.48,259.0,0.54,113.49,0.53,111.96,0.55,97.08,0.56,110.5,0.01,0.01,2376.562762,1776282969000
1776282970.944,70.944,0.46,15.0,0.45,107.58,0.47,177.74,0.48,259.0,0.53,173.53,0.52,259.0,0.54,20.0,0.55,107.58,0.01,0.01,2376.562762,1776282969000
1776282971.174,71.174,0.46,10.09,0.45,107.58,0.47,172.74,0.48,259.0,0.53,177.74,0.52,259.0,0.54,15.0,0.55,107.58,0.01,0.01,2376.68257,1776282970000
1776282971.78,71.78,0.46,50.09,0.45,112.58,0.47,112.61,0.48,317.0,0.53,172.74,0.52,259.0,0.54,10.09,0.55,107.58,0.01,0.01,2376.68257,1776282970000
1776282972.542,72.542,0.46,363.59,0.45,117.58,0.47,47.5,0.48,10.5,0.53,112.61,0.52,317.0,0.54,50.09,0.55,112.58,0.01,0.01,2376.773895,1776282971000
1776282973.931,73.931,0.46,42.28,0.45,96.5,0.47,138.5,0.48,274.5,0.53,47.5,0.52,10.5,0.54,110.42,0.55,117.58,0.01,0.01,2376.784555,1776282972000
1776282974.979,74.979,0.46,92.28,0.45,96.5,0.47,123.5,0.48,274.5,0.53,138.5,0.52,274.5,0.54,42.28,0.55,96.5,0.01,0.01,2376.905168,1776282973000
1776282976.134,76.134,0.46,40.37,0.45,85.5,0.47,313.5,0.48,113.74,0.53,123.5,0.52,274.5,0.54,92.28,0.55,96.5,0.01,0.01,2377.032838,1776282974000
1776282976.651,76.651,0.37,11.87,0.36,298.0,0.38,10.0,0.39,10.0,0.53,313.5,0.52,113.74,0.54,40.37,0.55,85.5,0.01,0.01,2376.912072,1776282975000
1776282977.004,77.004,0.37,101.77,0.36,332.51,0.4,4.32,0.41,32.16,0.62,25.32,0.61,10.0,0.63,21.77,0.64,298.0,0.03,0.01,2376.912072,1776282975000
1776282977.264,77.264,0.37,333.77,0.36,75.0,0.38,21.0,0.39,10.0,0.6,4.32,0.59,32.16,0.63,101.77,0.64,332.51,0.01,0.03,2376.912072,1776282975000
1776282977.479,77.479,0.37,335.56,0.36,75.0,0.39,68.23,0.41,92.16,0.62,32.0,0.61,68.23,0.63,330.56,0.64,75.0,0.02,0.01,2376.912072,1776282975000
1776282978.253,78.253,0.44,25.0,0.43,36.0,0.45,0.8,0.46,55.0,0.61,68.23,0.59,92.16,0.63,335.56,0.64,75.0,0.01,0.02,2376.908803,1776282977000
1776282978.894,78.894,0.44,135.5,0.43,91.5,0.46,58.13,0.47,67.0,0.55,0.8,0.54,55.0,0.56,25.0,0.57,36.0,0.02,0.01,2376.908803,1776282977000
1776282979.212,79.212,0.45,15.0,0.44,125.5,0.46,93.35,0.47,62.0,0.54,58.13,0.53,67.0,0.56,135.5,0.57,91.5,0.01,0.02,2376.908803,1776282977000
1776282980.783,80.783,0.43,1.0,0.42,60.5,0.44,82.1,0.45,88.5,0.54,93.35,0.53,62.0,0.55,15.0,0.56,125.5,0.01,0.01,2376.587585,1776282979000
1776282982.013,82.013,0.41,63.41,0.4,133.0,0.44,343.5,0.45,96.5,0.56,82.1,0.55,88.5,0.57,1.0,0.58,60.5,0.03,0.01,2376.738486,1776282980000
1776282982.829,82.829,0.39,20.0,0.38,70.5,0.4,26.0,0.41,139.5,0.56,343.5,0.55,96.5,0.59,63.41,0.6,133.0,0.01,0.03,2376.738189,1776282981000
1776282983.158,83.158,0.36,55.46,0.35,235.0,0.37,10.0,0.38,16.0,0.6,26.0,0.59,139.5,0.61,20.0,0.62,70.5,0.01,0.01,2376.707848,1776282982000
1776282983.9,83.9,0.36,282.71,0.35,75.0,0.37,10.0,0.38,10.0,0.63,10.0,0.62,16.0,0.64,55.46,0.65,235.0,0.01,0.01,2376.707848,1776282982000
1776282984.192,84.192,0.36,295.72,0.35,75.0,0.38,10.0,0.39,54.21,0.63,10.0,0.62,10.0,0.64,282.71,0.65,75.0,0.02,0.01,2376.707848,1776282982000
1776282984.882,84.882,0.37,163.5,0.36,237.72,0.38,3.0,0.39,54.21,0.61,54.21,0.6,60.0,0.64,295.72,0.65,75.0,0.01,0.03,2376.629275,1776282983000
1776282985.154,85.154,0.37,161.21,0.36,227.72,0.38,3.0,0.39,104.21,0.62,3.0,0.61,54.21,0.63,163.5,0.64,237.72,0.01,0.01,2376.629275,1776282983000
1776282986.654,86.654,0.38,348.49,0.37,140.57,0.42,50.0,0.43,50.0,0.62,3.0,0.61,104.21,0.63,159.57,0.64,47.72,0.04,0.01,2376.404139,1776282985000
1776282986.957,86.957,0.42,75.5,0.41,30.5,0.43,46.85,0.44,60.5,0.58,50.0,0.57,50.0,0.62,348.49,0.63,140.57,0.01,0.04,2376.404139,1776282985000
1776282989.967,89.967,0.42,193.5,0.41,276.5,0.43,8.84,0.44,50.0,0.57,46.85,0.56,60.5,0.58,75.5,0.59,30.5,0.01,0.01,2376.635175,1776282988000
1776282991.18,91.18,0.41,5.0,0.4,10.5,0.43,330.34,0.44,82.5,0.57,8.84,0.56,50.0,0.58,193.5,0.59,276.5,0.02,0.01,2376.704498,1776282990000
1776282991.776,91.776,0.41,1.0,0.39,10.0,0.42,388.5,0.43,88.5,0.57,330.34,0.56,82.5,0.59,5.0,0.6,10.5,0.01,0.02,2376.704498,1776282990000
1776282993.395,93.395,0.37,63.36,0.36,22.72,0.39,156.0,0.4,277.5,0.58,383.5,0.57,95.5,0.62,46.5,0.63,56.57,0.02,0.04,2376.688794,1776282992000
1776282993.852,93.852,0.37,73.36,0.36,85.72,0.38,11.0,0.39,131.0,0.61,156.0,0.6,277.5,0.63,63.36,0.64,22.72,0.01,0.02,2376.688794,1776282992000
1776282994.25,94.25,0.35,121.2,0.34,94.51,0.38,104.0,0.39,343.5,0.62,11.0,0.61,131.0,0.63,73.36,0.64,85.72,0.03,0.01,2376.595182,1776282993000
1776282996.848,96.848,0.35,353.42,0.34,85.0,0.36,26.0,0.37,25.27,0.62,104.0,0.61,343.5,0.65,121.2,0.66,94.51,0.01,0.03,2376.518039,1776282995000
1776282997.154,97.154,0.35,109.11,0.34,265.0,0.36,26.0,0.37,10.0,0.64,26.0,0.63,25.27,0.65,353.42,0.66,85.0,0.01,0.01,2376.502023,1776282996000
1776282997.969,97.969,0.35,385.11,0.34,107.0,0.36,15.0,0.4,113.0,0.64,26.0,0.63,10.0,0.65,109.11,0.66,265.0,0.01,0.01,2376.502023,1776282996000
1776283000.374,100.374,0.37,10.0,0.36,118.49,0.4,357.5,0.41,125.82,0.6,113.0,0.59,245.5,0.65,385.11,0.66,107.0,0.03,0.05,2376.541007,1776282999000
1776283007.179,107.179,0.37,10.0,0.36,165.49,0.38,323.0,0.39,144.26,0.6,357.5,0.59,125.82,0.63,10.0,0.64,118.49,0.01,0.03,2376.530496,1776283006000
1776283012.602,112.602,0.42,55.0,0.41,290.0,0.43,52.54,0.44,230.0,0.62,323.0,0.61,144.26,0.63,10.0,0.64,165.49,0.01,0.01,2376.561299,1776283011000
1776283013.304,113.304,0.42,7.93,0.41,35.48,0.43,87.54,0.44,70.5,0.57,52.54,0.56,230.0,0.58,55.0,0.59,290.0,0.01,0.01,2376.690406,1776283012000
1776283016.23,116.23,0.43,123.0,0.42,277.93,0.44,10.5,0.45,50.0,0.57,87.54,0.56,70.5,0.58,7.93,0.59,35.48,0.01,0.01,2376.73426,1776283015000
1776283018.174,118.174,0.47,15.0,0.46,20.0,0.48,52.0,0.49,50.0,0.56,10.5,0.55,50.0,0.57,123.0,0.58,277.93,0.01,0.01,2376.779441,1776283017000
1776283019.057,119.057,0.47,14.0,0.46,25.0,0.48,366.0,0.49,128.79,0.52,52.0,0.51,50.0,0.53,15.0,0.54,20.0,0.01,0.01,2376.777541,1776283018000
1776283020.054,120.054,0.44,5.0,0.42,2.93,0.48,575.24,0.49,152.41,0.52,366.0,0.51,128.79,0.53,14.0,0.54,25.0,0.04,0.01,2376.777541,1776283018000
1776283020.673,120.673,0.41,5.46,0.4,22.48,0.42,90.0,0.43,73.0,0.52,575.24,0.51,152.41,0.56,5.0,0.58,2.93,0.01,0.04,2376.89219,1776283019000
1776283022.073,122.073,0.37,112.55,0.36,65.5,0.39,54.5,0.4,162.5,0.58,90.0,0.57,73.0,0.59,5.46,0.6,22.48,0.02,0.01,2376.926852,1776283020000
1776283022.799,122.799,0.32,27.9,0.31,5.0,0.33,60.5,0.34,27.5,0.61,54.5,0.6,162.5,0.63,112.55,0.64,65.5,0.01,0.02,2376.842989,1776283021000
1776283023.013,123.013,0.31,4.0,0.3,113.0,0.32,47.0,0.33,40.5,0.67,60.5,0.66,27.5,0.68,27.9,0.69,5.0,0.01,0.01,2376.842989,1776283021000
1776283023.997,123.997,0.31,7.4,0.3,5.0,0.32,164.0,0.33,101.5,0.68,42.0,0.67,40.5,0.69,2.4,0.7,63.0,0.01,0.01,2376.677991,1776283022000
1776283024.986,124.986,0.31,7.4,0.3,113.0,0.32,221.26,0.33,86.5,0.68,164.0,0.67,101.5,0.69,7.4,0.7,5.0,0.01,0.01,2376.369871,1776283023000
1776283025.461,125.461,0.28,6.36,0.26,62.69,0.32,360.76,0.33,95.5,0.68,221.26,0.67,86.5,0.69,7.4,0.7,113.0,0.04,0.01,2376.30179,1776283024000
1776283025.988,125.988,0.26,7.69,0.24,50.0,0.29,368.5,0.3,83.5,0.68,355.76,0.67,90.5,0.72,0.91,0.74,57.69,0.03,0.04,2376.30179,1776283024000
1776283026.307,126.307,0.24,92.38,0.23,60.0,0.26,15.0,0.27,15.0,0.73,30.0,0.72,10.0,0.75,36.0,0.76,108.0,0.02,0.02,2376.04342,1776283025000
1776283026.518,126.518,0.3,39.51,0.29,10.0,0.31,8.9,0.32,9.0,0.74,15.0,0.73,15.0,0.76,92.38,0.77,60.0,0.01,0.02,2376.04342,1776283025000
1776283026.728,126.728,0.35,10.0,0.33,5.0,0.37,16.0,0.38,10.0,0.64,6.22,0.63,6.0,0.65,2.3,0.66,10.0,0.02,0.01,2376.04342,1776283025000
1776283026.996,126.996,0.33,10.0,0.32,24.0,0.35,17.69,0.36,10.0,0.6,10.0,0.59,71.0,0.68,9.0,0.69,50.0,0.02,0.08,2376.04342,1776283025000
1776283027.461,127.461,0.3,17.0,0.29,42.3,0.31,20.0,0.32,10.0,0.65,17.69,0.64,10.0,0.67,10.0,0.68,24.0,0.01,0.02,2375.966426,1776283026000
1776283028.573,128.573,0.34,133.0,0.33,30.0,0.36,10.0,0.37,10.0,0.67,10.0,0.66,10.0,0.7,25.57,0.71,100.3,0.02,0.03,2375.969142,1776283027000
1776283029.695,129.695,0.4,8.36,0.39,10.0,0.41,50.0,0.42,240.0,0.64,10.0,0.63,10.0,0.66,133.0,0.67,30.0,0.01,0.02,2376.239087,1776283028000
1776283030.05,130.05,0.41,9.83,0.4,8.36,0.42,51.85,0.43,50.0,0.58,46.85,0.57,50.0,0.59,10.0,0.6,8.36,0.01,0.01,2376.259649,1776283029000
1776283030.324,130.324,0.4,5.0,0.39,5.0,0.41,54.68,0.42,236.85,0.58,51.85,0.57,50.0,0.59,9.83,0.6,8.36,0.01,0.01,2376.259649,1776283029000
1776283031.372,131.372,0.33,141.5,0.32,65.0,0.34,93.45,0.36,5.0,0.63,5.0,0.62,10.0,0.64,1.9,0.65,5.0,0.01,0.01,2376.371305,1776283030000
1776283031.588,131.588,0.33,316.5,0.32,65.0,0.34,43.3,0.35,5.0,0.66,43.45,0.63,42.5,0.67,190.5,0.68,245.0,0.01,0.01,2376.371305,1776283030000
1776283032.437,132.437,0.34,138.5,0.33,250.5,0.35,84.24,0.36,15.0,0.65,5.0,0.64,15.0,0.67,316.5,0.68,65.0,0.01,0.02,2376.445033,1776283031000
1776283033.539,133.539,0.34,357.5,0.33,131.5,0.35,92.9,0.36,15.0,0.65,84.24,0.64,15.0,0.66,138.5,0.67,250.5,0.01,0.01,2376.42082,1776283032000
1776283033.757,133.757,0.34,324.5,0.33,120.5,0.35,92.9,0.36,15.0,0.65,92.9,0.64,15.0,0.66,340.5,0.67,131.5,0.01,0.01,2376.42082,1776283032000
1776283034.046,134.046,0.38,20.0,0.37,25.5,0.39,174.87,0.4,5.0,0.61,185.0,0.6,10.0,0.66,378.5,0.67,115.5,0.01,0.05,2376.42082,1776283032000
1776283034.508,134.508,0.39,4.0,0.38,30.0,0.4,79.98,0.41,91.78,0.61,171.87,0.6,5.0,0.62,20.0,0.63,25.5,0.01,0.01,2376.42082,1776283032000
1776283035.604,135.604,0.38,72.0,0.37,85.5,0.4,165.48,0.41,281.78,0.6,79.98,0.59,91.78,0.62,23.0,0.63,133.5,0.02,0.02,2376.354542,1776283034000
1776283035.953,135.953,0.38,91.0,0.37,85.5,0.39,74.64,0.4,80.5,0.6,165.48,0.59,281.78,0.62,72.0,0.63,85.5,0.01,0.02,2376.354542,1776283034000
1776283036.929,136.929,0.38,43.38,0.37,245.0,0.39,144.64,0.4,75.5,0.61,74.64,0.6,80.5,0.62,91.0,0.63,85.5,0.01,0.01,2376.453116,1776283035000
1776283037.362,137.362,0.38,298.38,0.37,138.5,0.39,69.64,0.4,75.5,0.61,144.64,0.6,75.5,0.62,43.38,0.63,245.0,0.01,0.01,2376.552308,1776283036000
1776283038.236,138.236,0.38,276.7,0.37,138.5,0.39,47.68,0.4,123.0,0.61,69.64,0.6,75.5,0.62,298.38,0.63,138.5,0.01,0.01,2376.532086,1776283037000
1776283038.475,138.475,0.38,276.7,0.37,138.5,0.39,32.6,0.4,133.5,0.61,47.68,0.6,123.0,0.62,276.7,0.63,138.5,0.01,0.01,2376.532086,1776283037000
1776283039.26,139.26,0.41,29.72,0.4,121.0,0.42,5.0,0.43,65.5,0.61,32.6,0.6,133.5,0.62,276.7,0.63,138.5,0.01,0.01,2376.539775,1776283038000
1776283039.499,139.499,0.41,110.72,0.4,121.0,0.42,50.66,0.43,65.5,0.58,5.0,0.57,65.5,0.59,29.72,0.6,121.0,0.01,0.01,2376.539775,1776283038000
1776283042.246,142.246,0.42,8.22,0.41,121.72,0.43,138.5,0.44,129.95,0.58,39.66,0.57,65.5,0.59,121.72,0.6,121.0,0.01,0.01,2376.671943,1776283041000
1776283043.199,143.199,0.42,352.11,0.41,131.72,0.43,5.0,0.44,117.95,0.57,138.5,0.56,129.95,0.58,8.22,0.59,121.72,0.01,0.01,2376.717697,1776283042000
1776283043.884,143.884,0.43,18.0,0.42,322.85,0.44,117.95,0.45,120.0,0.56,117.95,0.55,139.0,0.58,332.85,0.59,131.72,0.01,0.02,2376.717697,1776283042000
1776283046.708,146.708,0.43,9.66,0.42,84.85,0.44,286.5,0.45,137.0,0.56,117.95,0.55,120.0,0.57,18.0,0.58,322.85,0.01,0.01,2376.820562,1776283045000
1776283048.616,148.616,0.4,5.0,0.39,50.0,0.42,100.5,0.43,55.5,0.56,286.5,0.55,137.0,0.57,9.66,0.58,84.85,0.02,0.01,2376.744461,1776283047000
1776283049.697,149.697,0.37,55.0,0.36,70.5,0.38,44.0,0.39,20.0,0.58,100.5,0.57,55.5,0.6,5.0,0.61,50.0,0.01,0.02,2376.834298,1776283048000
1776283050.748,150.748,0.35,37.7,0.34,65.5,0.36,39.0,0.37,157.5,0.62,44.0,0.61,20.0,0.63,55.0,0.64,70.5,0.01,0.01,2376.746458,1776283049000
1776283051.21,151.21,0.35,34.62,0.34,65.5,0.36,97.0,0.37,278.0,0.64,39.0,0.63,157.5,0.65,37.7,0.66,65.5,0.01,0.01,2376.595657,1776283050000
1776283051.692,151.692,0.35,74.44,0.34,128.5,0.36,20.0,0.37,29.0,0.64,97.0,0.63,278.0,0.65,34.62,0.66,65.5,0.01,0.01,2376.595657,1776283050000
1776283057.788,157.788,0.38,75.5,0.37,178.5,0.41,60.5,0.42,75.5,0.64,20.0,0.63,29.0,0.65,74.44,0.66,128.5,0.03,0.01,2376.449665,1776283056000
1776283058.779,158.779,0.43,25.0,0.42,75.0,0.44,38.47,0.45,50.0,0.58,75.5,0.57,84.0,0.62,75.5,0.63,178.5,0.01,0.04,2376.509584,1776283057000
1776283062.211,162.211,0.46,327.0,0.45,110.0,0.47,21.27,0.48,123.5,0.56,38.47,0.55,50.0,0.57,25.0,0.58,75.0,0.01,0.01,2376.971189,1776283061000
1776283065.834,165.834,0.46,255.0,0.45,110.0,0.47,26.03,0.48,128.5,0.53,21.27,0.52,123.5,0.54,327.0,0.55,110.0,0.01,0.01,2377.04892,1776283064000
1776283066.584,166.584,0.46,252.42,0.45,110.0,0.47,26.03,0.48,128.5,0.53,26.03,0.52,128.5,0.54,255.0,0.55,110.0,0.01,0.01,2377.039357,1776283065000
1776283067.103,167.103,0.46,290.29,0.45,110.0,0.47,20.5,0.48,128.5,0.53,26.03,0.52,128.5,0.54,252.42,0.55,110.0,0.01,0.01,2376.978505,1776283066000
1776283067.497,167.497,0.46,295.29,0.45,168.0,0.48,11.2,0.49,68.0,0.53,20.5,0.52,128.5,0.54,290.29,0.55,110.0,0.02,0.01,2376.978505,1776283066000
1776283068.379,168.379,0.47,55.0,0.46,302.03,0.48,137.06,0.49,68.0,0.52,11.2,0.51,68.0,0.54,295.29,0.55,168.0,0.01,0.02,2376.965209,1776283067000
1776283069.051,169.051,0.47,123.11,0.46,353.79,0.48,78.86,0.49,66.0,0.52,137.06,0.51,68.0,0.53,55.0,0.54,302.03,0.01,0.01,2376.98,1776283068000
1776283069.428,169.428,0.47,118.11,0.46,353.79,0.48,10.37,0.49,67.0,0.52,78.86,0.51,66.0,0.53,123.11,0.54,353.79,0.01,0.01,2376.98,1776283068000
1776283069.826,169.826,0.48,15.0,0.47,103.11,0.49,25.5,0.5,329.0,0.52,9.15,0.51,67.0,0.53,113.11,0.54,353.79,0.01,0.01,2376.98,1776283068000
1776283071.597,171.597,0.48,113.0,0.47,103.11,0.49,87.19,0.5,280.0,0.51,25.5,0.5,329.0,0.52,15.0,0.53,103.11,0.01,0.01,2377.021632,1776283070000
1776283071.9,171.9,0.48,123.0,0.47,98.11,0.49,81.94,0.5,280.0,0.51,87.19,0.5,280.0,0.52,113.0,0.53,103.11,0.01,0.01,2377.021632,1776283070000
1776283073.561,173.561,0.48,446.29,0.47,149.4,0.5,15.0,0.53,5.0,0.51,81.94,0.5,280.0,0.52,123.0,0.53,98.11,0.02,0.01,2377.06326,1776283072000
1776283074.035,174.035,0.54,50.0,0.53,35.5,0.57,68.0,0.58,68.0,0.45,12.63,0.44,31.0,0.47,10.0,0.48,35.5,0.03,0.02,2377.06326,1776283072000
1776283074.824,174.824,0.56,40.0,0.55,190.0,0.57,79.72,0.58,68.0,0.43,68.0,0.42,68.0,0.46,50.0,0.47,35.5,0.01,0.03,2377.064425,1776283073000
1776283075.272,175.272,0.57,111.91,0.56,328.0,0.58,27.5,0.59,18.0,0.42,31.39,0.41,235.0,0.44,55.0,0.45,245.0,0.01,0.02,2377.064425,1776283073000
1776283075.596,175.596,0.57,349.91,0.56,90.0,0.59,28.5,0.6,81.0,0.42,27.5,0.41,18.0,0.43,111.91,0.44,328.0,0.02,0.01,2377.064425,1776283073000
1776283075.89,175.89,0.59,102.0,0.58,251.0,0.6,7.01,0.61,15.5,0.41,30.02,0.4,81.0,0.42,15.0,0.43,286.91,0.01,0.01,2377.165275,1776283074000
1776283076.126,176.126,0.59,131.6,0.58,71.0,0.61,15.5,0.62,15.5,0.4,2.01,0.39,15.5,0.41,131.6,0.42,71.0,0.02,0.01,2377.165275,1776283074000
1776283076.524,176.524,0.6,363.0,0.59,121.6,0.62,15.5,0.63,60.0,0.39,15.5,0.38,15.5,0.41,131.6,0.42,71.0,0.02,0.02,2377.3371,1776283075000
1776283076.94,176.94,0.62,76.5,0.61,83.0,0.63,10.83,0.64,65.5,0.37,60.0,0.36,69.0,0.38,6.5,0.39,15.0,0.01,0.01,2377.3371,1776283075000
1776283077.549,177.549,0.62,61.5,0.61,144.0,0.63,82.06,0.64,245.5,0.37,10.83,0.36,65.5,0.38,76.5,0.39,83.0,0.01,0.01,2377.424691,1776283076000
1776283077.988,177.988,0.62,52.55,0.61,144.0,0.63,82.06,0.64,245.5,0.37,82.06,0.36,245.5,0.38,61.5,0.39,144.0,0.01,0.01,2377.424691,1776283076000
1776283078.941,178.941,0.62,57.55,0.61,144.0,0.63,138.17,0.64,317.5,0.37,82.06,0.36,245.5,0.38,52.55,0.39,144.0,0.01,0.01,2377.620935,1776283078000
1776283079.367,179.367,0.62,41.46,0.61,36.0,0.63,302.17,0.64,79.5,0.37,133.17,0.36,317.5,0.38,46.46,0.39,144.0,0.01,0.01,2377.620935,1776283078000
1776283079.575,179.575,0.62,36.46,0.61,36.0,0.63,300.07,0.64,79.5,0.37,307.17,0.36,79.5,0.38,36.46,0.39,36.0,0.01,0.01,2377.620935,1776283078000
1776283079.994,179.994,0.62,56.46,0.61,144.0,0.63,21.51,0.64,259.5,0.37,203.61,0.36,79.5,0.38,36.46,0.39,36.0,0.01,0.01,2377.620935,1776283078000
1776283080.935,180.935,0.62,371.96,0.61,146.5,0.66,10.0,0.67,13.0,0.37,21.51,0.36,259.5,0.38,56.46,0.39,144.0,0.04,0.01,2377.664448,1776283079000
1776283081.325,181.325,0.69,225.0,0.68,103.0,0.71,5.0,0.72,15.0,0.31,8.01,0.3,5.0,0.35,74.5,0.36,36.5,0.02,0.04,2377.664448,1776283079000
1776283081.621,181.621,0.69,10.0,0.68,15.0,0.71,5.0,0.72,140.0,0.28,10.0,0.27,22.0,0.29,5.0,0.31,10.0,0.02,0.01,2377.726165,1776283080000
1776283081.9,181.9,0.69,21.0,0.68,10.0,0.71,182.32,0.72,74.0,0.29,205.32,0.28,54.0,0.3,3.26,0.31,15.0,0.02,0.01,2377.726165,1776283080000
1776283082.236,182.236,0.6,29.99,0.57,50.0,0.66,430.0,0.67,40.0,0.3,10.0,0.29,225.32,0.31,6.74,0.35,27.0,0.06,0.01,2377.726165,1776283080000
1776283082.591,182.591,0.57,45.0,0.56,50.0,0.58,161.84,0.59,10.0,0.42,8.47,0.41,10.0,0.43,50.0,0.44,50.0,0.01,0.01,2377.667747,1776283081000
1776283082.868,182.868,0.56,54.13,0.55,113.0,0.57,20.0,0.58,191.75,0.42,178.75,0.41,10.0,0.43,0.08,0.44,60.5,0.01,0.01,2377.667747,1776283081000
1776283083.763,183.763,0.55,133.22,0.54,50.0,0.57,132.15,0.58,98.38,0.43,53.44,0.42,91.47,0.44,43.01,0.45,118.0,0.02,0.01,2378.021225,1776283082000
1776283083.99,183.99,0.55,143.72,0.54,50.0,0.56,21.51,0.57,127.15,0.43,132.15,0.42,98.38,0.45,133.22,0.46,50.0,0.01,0.02,2378.021225,1776283082000
1776283085.153,185.153,0.55,4.9,0.5,5.0,0.56,348.46,0.57,42.5,0.44,18.08,0.43,127.15,0.45,143.72,0.46,55.0,0.01,0.01,2377.614716,1776283083000
1776283085.539,185.539,0.47,48.86,0.46,60.0,0.48,12.08,0.49,15.0,0.52,5.0,0.51,10.0,0.53,32.86,0.54,50.0,0.01,0.01,2377.521707,1776283084000
1776283085.82,185.82,0.47,38.86,0.46,123.0,0.48,12.08,0.49,15.0,0.52,12.08,0.51,15.0,0.53,48.86,0.54,60.0,0.01,0.01,2377.521707,1776283084000
1776283086.291,186.291,0.46,16.0,0.45,5.0,0.48,15.0,0.49,20.5,0.52,12.08,0.51,15.0,0.53,38.86,0.54,123.0,0.02,0.01,2377.492342,1776283085000
1776283086.52,186.52,0.43,15.5,0.42,5.38,0.45,7.77,0.46,15.0,0.53,68.95,0.52,19.62,0.58,5.38,0.59,50.0,0.02,0.05,2377.492342,1776283085000
1776283086.833,186.833,0.43,135.5,0.42,10.38,0.45,20.0,0.46,23.0,0.55,7.77,0.54,15.0,0.57,15.5,0.58,5.38,0.02,0.02,2377.492342,1776283085000
1776283087.065,187.065,0.44,15.5,0.43,270.5,0.47,2.82,0.48,14.62,0.53,3.82,0.52,14.62,0.56,10.5,0.57,275.5,0.03,0.03,2377.492342,1776283085000
1776283087.751,187.751,0.46,27.46,0.45,20.0,0.47,187.82,0.48,85.0,0.53,2.82,0.52,14.62,0.56,15.5,0.57,270.5,0.01,0.03,2377.28009,1776283086000
1776283088.026,188.026,0.43,10.5,0.42,12.38,0.46,14.28,0.47,295.64,0.53,188.82,0.52,106.5,0.54,20.5,0.55,70.0,0.03,0.01,2377.28009,1776283086000
1776283088.412,188.412,0.41,10.5,0.4,5.0,0.43,113.0,0.44,113.5,0.54,14.28,0.53,295.64,0.57,10.5,0.58,12.38,0.02,0.03,2377.28009,1776283086000
1776283088.787,188.787,0.39,27.5,0.38,50.0,0.4,15.0,0.41,20.0,0.59,20.0,0.58,20.0,0.61,47.0,0.62,50.0,0.01,0.02,2377.02928,1776283087000
1776283089.453,189.453,0.39,27.5,0.38,113.0,0.4,5.0,0.41,31.0,0.6,10.0,0.59,20.0,0.61,27.5,0.62,108.0,0.01,0.01,2376.973386,1776283088000
1776283089.759,189.759,0.37,10.5,0.36,5.0,0.4,273.53,0.41,96.5,0.6,5.0,0.59,31.0,0.61,27.5,0.62,113.0,0.03,0.01,2376.973386,1776283088000
1776283090.052,190.052,0.36,4.68,0.35,8.0,0.38,33.15,0.39,30.5,0.62,13.15,0.61,30.5,0.64,19.15,0.65,36.94,0.02,0.02,2376.973386,1776283088000
1776283091.044,191.044,0.35,28.5,0.34,113.0,0.37,15.0,0.38,23.15,0.62,33.15,0.61,30.5,0.64,4.68,0.65,8.0,0.02,0.02,2376.82348,1776283089000
1776283091.907,191.907,0.33,68.5,0.32,108.0,0.35,39.74,0.36,68.0,0.64,10.0,0.63,35.0,0.66,113.0,0.67,50.0,0.02,0.02,2376.712645,1776283090000
1776283092.586,192.586,0.26,58.9,0.25,32.5,0.27,10.0,0.28,10.0,0.65,39.74,0.64,68.0,0.67,68.5,0.68,108.0,0.01,0.02,2376.667608,1776283091000
1776283092.847,192.847,0.26,67.82,0.25,202.0,0.27,10.0,0.28,10.0,0.73,10.0,0.72,10.0,0.74,53.85,0.75,213.0,0.01,0.01,2376.667608,1776283091000
1776283093.193,193.193,0.26,112.47,0.25,263.0,0.27,5.56,0.28,10.0,0.73,10.0,0.72,10.0,0.74,52.82,0.75,202.0,0.01,0.01,2376.577135,1776283092000
1776283094.498,194.498,0.25,70.5,0.24,61.0,0.27,10.56,0.28,263.0,0.73,5.56,0.72,10.0,0.74,112.47,0.75,263.0,0.02,0.01,2376.427609,1776283093000
1776283095.054,195.054,0.25,59.5,0.24,66.0,0.26,21.0,0.27,43.56,0.73,10.56,0.72,263.0,0.75,70.5,0.76,61.0,0.01,0.02,2376.427609,1776283093000
1776283095.981,195.981,0.26,213.5,0.25,59.0,0.27,3.92,0.28,68.0,0.74,22.15,0.73,43.56,0.75,59.5,0.76,66.0,0.01,0.01,2376.135175,1776283094000
1776283096.572,196.572,0.34,118.0,0.33,71.0,0.35,19.64,0.36,21.0,0.72,45.39,0.71,10.0,0.73,59.5,0.74,139.0,0.01,0.01,2376.135175,1776283094000
1776283097.748,197.748,0.39,0.85,0.38,5.0,0.4,290.5,0.41,111.5,0.63,39.1,0.62,87.5,0.66,118.0,0.67,71.0,0.01,0.03,2376.015949,1776283096000
1776283098.211,198.211,0.37,20.0,0.36,10.0,0.39,97.24,0.4,52.5,0.61,10.0,0.6,285.5,0.63,20.0,0.64,10.0,0.02,0.02,2376.015949,1776283096000
1776283098.668,198.668,0.37,86.0,0.36,128.0,0.38,27.0,0.39,255.74,0.62,37.0,0.61,308.74,0.63,14.0,0.64,68.0,0.01,0.01,2376.373964,1776283097000
1776283098.969,198.969,0.37,81.23,0.36,128.0,0.38,103.4,0.39,216.5,0.62,27.0,0.61,255.74,0.63,86.0,0.64,128.0,0.01,0.01,2376.373964,1776283098000
1776283100.827,200.827,0.36,10.0,0.35,63.0,0.38,350.56,0.39,86.5,0.62,105.06,0.61,86.5,0.63,36.23,0.64,60.0,0.02,0.01,2376.510428,1776283099000
1776283101.676,201.676,0.36,5.0,0.35,131.0,0.37,123.2,0.38,264.16,0.62,350.56,0.61,86.5,0.64,10.0,0.65,63.0,0.01,0.02,2376.636611,1776283100000
1776283102.793,202.793,0.36,1.46,0.35,123.0,0.37,303.2,0.38,34.16,0.63,123.2,0.62,264.16,0.64,5.0,0.65,131.0,0.01,0.01,2376.612717,1776283101000
1776283103.652,203.652,0.36,1.46,0.35,15.0,0.37,206.48,0.38,141.12,0.63,303.2,0.62,34.16,0.64,1.46,0.65,123.0,0.01,0.01,2376.506516,1776283102000
1776283103.97,203.97,0.35,5.0,0.34,5.0,0.37,482.98,0.38,172.12,0.63,206.48,0.62,141.12,0.64,1.46,0.65,15.0,0.02,0.01,2376.506516,1776283102000
1776283105.41,205.41,0.31,112.0,0.3,70.5,0.32,43.0,0.33,39.0,0.68,6.0,0.67,58.0,0.69,44.0,0.7,129.5,0.01,0.01,2376.503305,1776283104000
1776283106.59,206.59,0.31,127.5,0.3,80.5,0.32,15.0,0.33,21.0,0.68,43.0,0.67,39.0,0.69,112.0,0.7,70.5,0.01,0.01,2376.503305,1776283104000
1776283107.088,207.088,0.31,74.5,0.3,138.5,0.32,10.0,0.33,21.0,0.68,15.0,0.67,21.0,0.69,127.5,0.7,80.5,0.01,0.01,2376.38203,1776283105000
1776283107.78,207.78,0.32,196.83,0.31,154.5,0.33,5.0,0.35,10.0,0.68,10.0,0.67,21.0,0.69,74.5,0.7,138.5,0.01,0.01,2376.38203,1776283106000
1776283108.395,208.395,0.38,55.0,0.37,280.0,0.39,4.5,0.4,99.78,0.64,5.0,0.63,10.0,0.68,191.83,0.69,154.5,0.01,0.04,2376.395552,1776283107000
1776283108.826,208.826,0.39,354.0,0.38,139.5,0.4,13.65,0.42,60.5,0.61,4.5,0.6,99.78,0.62,55.0,0.63,280.0,0.01,0.01,2376.395552,1776283107000
1776283109.248,209.248,0.46,25.0,0.45,31.0,0.48,59.92,0.49,61.0,0.57,48.23,0.56,50.0,0.59,20.0,0.6,20.0,0.02,0.02,2376.396944,1776283108000
1776283109.605,209.605,0.47,309.64,0.46,96.87,0.49,111.03,0.5,65.0,0.52,0.04,0.51,56.0,0.53,10.0,0.54,25.0,0.02,0.01,2376.396944,1776283108000
1776283111.22,211.22,0.47,10.0,0.46,5.0,0.49,427.78,0.5,86.0,0.51,34.38,0.5,65.0,0.52,25.0,0.53,71.64,0.02,0.01,2376.760213,1776283110000
1776283113.275,213.275,0.46,73.7,0.45,80.5,0.47,52.02,0.48,20.0,0.52,58.0,0.51,206.35,0.54,4.0,0.55,50.0,0.01,0.02,2377.028133,1776283112000
1776283114.782,214.782,0.46,73.84,0.45,70.5,0.47,110.02,0.48,15.0,0.53,52.02,0.52,20.0,0.54,73.7,0.55,80.5,0.01,0.01,2376.936315,1776283113000
1776283116.581,216.581,0.46,61.8,0.45,133.5,0.47,232.02,0.48,73.0,0.53,110.02,0.52,15.0,0.54,73.84,0.55,70.5,0.01,0.01,2376.960637,1776283114000
1776283118.366,218.366,0.46,39.55,0.45,133.5,0.47,52.02,0.48,73.0,0.53,232.02,0.52,73.0,0.54,60.17,0.55,133.5,0.01,0.01,2377.014172,1776283117000
1776283118.782,218.782,0.46,35.66,0.45,65.5,0.47,52.02,0.48,15.0,0.53,52.02,0.52,73.0,0.54,39.55,0.55,133.5,0.01,0.01,2377.014172,1776283117000
1776283120.759,220.759,0.42,44.88,0.41,10.5,0.43,15.0,0.44,36.5,0.53,52.02,0.52,15.0,0.54,35.66,0.55,65.5,0.01,0.01,2377.015554,1776283119000
1776283121.101,221.101,0.41,60.5,0.4,60.5,0.42,20.0,0.43,216.5,0.57,35.5,0.56,36.5,0.59,118.5,0.6,60.5,0.01,0.02,2377.015554,1776283119000
1776283121.445,221.445,0.41,49.6,0.4,65.5,0.42,200.0,0.43,31.5,0.58,20.0,0.57,216.5,0.59,60.5,0.6,60.5,0.01,0.01,2377.015554,1776283119000
1776283121.985,221.985,0.4,60.5,0.39,118.0,0.41,216.7,0.42,78.0,0.58,200.0,0.57,31.5,0.59,49.6,0.6,65.5,0.01,0.01,2377.015327,1776283120000
1776283122.369,222.369,0.4,57.16,0.39,65.5,0.41,207.35,0.42,20.0,0.59,207.35,0.58,78.0,0.6,60.5,0.61,118.0,0.01,0.01,2377.01217,1776283121000
1776283122.884,222.884,0.4,77.16,0.39,128.5,0.42,26.0,0.43,83.5,0.59,206.81,0.58,20.0,0.6,57.16,0.61,65.5,0.02,0.01,2377.01217,1776283121000
1776283124.905,224.905,0.47,20.0,0.46,75.0,0.48,4.5,0.49,15.5,0.58,26.0,0.57,83.5,0.6,77.16,0.61,128.5,0.01,0.02,2376.922663,1776283123000
1776283126.018,226.018,0.47,25.0,0.46,20.0,0.49,312.47,0.5,82.0,0.51,4.47,0.5,72.0,0.53,37.0,0.54,75.0,0.02,0.02,2376.932461,1776283124000
1776283126.432,226.432,0.45,20.0,0.44,30.5,0.48,255.5,0.49,69.47,0.51,312.47,0.5,82.0,0.53,25.0,0.54,20.0,0.03,0.02,2376.932461,1776283124000
1776283126.751,226.751,0.45,17.5,0.44,80.5,0.46,16.0,0.47,200.5,0.52,255.5,0.51,69.47,0.55,20.0,0.56,30.5,0.01,0.03,2376.98339,1776283125000
1776283127.85,227.85,0.45,54.48,0.44,41.87,0.46,221.5,0.47,88.5,0.54,16.0,0.53,200.5,0.55,17.5,0.56,80.5,0.01,0.01,2377.01705,1776283126000
1776283130.307,230.307,0.43,15.5,0.42,70.5,0.45,215.5,0.46,97.5,0.54,221.5,0.53,88.5,0.55,54.48,0.56,41.87,0.02,0.01,2377.014068,1776283128000
1776283130.877,230.877,0.36,10.5,0.35,5.0,0.37,9.78,0.38,20.5,0.56,20.5,0.55,210.5,0.57,10.5,0.58,70.5,0.01,0.01,2376.999629,1776283129000
1776283131.531,231.531,0.35,44.5,0.34,123.0,0.37,20.0,0.38,26.0,0.64,10.0,0.63,19.78,0.65,29.5,0.66,55.0,0.02,0.01,2376.994457,1776283130000
1776283133.442,233.442,0.39,2.04,0.38,10.0,0.43,80.5,0.44,86.5,0.63,20.0,0.62,26.0,0.64,3.5,0.65,44.5,0.04,0.01,2376.913838,1776283132000
1776283133.842,233.842,0.33,70.5,0.32,50.0,0.34,12.29,0.35,20.0,0.57,80.5,0.56,86.5,0.61,2.04,0.62,10.0,0.01,0.04,2376.913838,1776283132000
1776283134.137,234.137,0.33,15.93,0.32,55.0,0.34,8.78,0.35,258.0,0.66,3.78,0.65,258.0,0.67,58.5,0.68,50.0,0.01,0.01,2376.913838,1776283132000
1776283134.441,234.441,0.32,15.24,0.31,94.0,0.33,20.0,0.34,13.78,0.66,13.78,0.65,258.0,0.68,15.5,0.69,94.0,0.01,0.02,2376.761838,1776283133000
1776283134.706,234.706,0.3,52.6,0.29,50.0,0.31,25.0,0.32,20.0,0.67,20.0,0.66,13.78,0.68,15.24,0.69,94.0,0.01,0.01,2376.761838,1776283133000
1776283135.444,235.444,0.27,10.5,0.26,70.5,0.28,9.88,0.29,10.0,0.69,25.0,0.68,20.0,0.7,52.6,0.71,50.0,0.01,0.01,2376.861136,1776283134000
1776283135.651,235.651,0.26,31.03,0.25,39.0,0.27,20.0,0.28,19.88,0.73,25.0,0.72,19.88,0.74,50.9,0.75,39.0,0.01,0.01,2376.861136,1776283134000
1776283136.934,236.934,0.26,10.4,0.25,39.0,0.27,108.0,0.28,204.88,0.73,20.0,0.72,19.88,0.74,31.03,0.75,39.0,0.01,0.01,2376.757094,1776283135000
1776283137.289,237.289,0.24,54.1,0.23,50.0,0.25,25.0,0.26,25.0,0.73,108.0,0.72,204.88,0.74,10.4,0.75,39.0,0.01,0.01,2376.629978,1776283136000
1776283137.689,237.689,0.24,47.5,0.23,50.0,0.25,39.25,0.26,83.0,0.75,25.0,0.74,25.0,0.76,54.1,0.77,50.0,0.01,0.01,2376.629978,1776283136000
1776283139.031,239.031,0.24,119.5,0.23,50.0,0.25,24.25,0.26,25.0,0.75,39.25,0.74,83.0,0.76,47.5,0.77,50.0,0.01,0.01,2376.501232,1776283137000
1776283139.646,239.646,0.24,3.56,0.21,121.5,0.25,44.25,0.26,85.5,0.75,24.25,0.74,25.0,0.76,119.5,0.77,50.0,0.01,0.01,2376.377895,1776283138000
1776283140.484,240.484,0.16,67.2,0.15,141.2,0.17,10.0,0.18,10.0,0.75,97.25,0.74,85.5,0.79,115.46,0.8,77.5,0.01,0.04,2376.354671,1776283139000
1776283140.733,240.733,0.16,54.06,0.15,141.2,0.17,10.0,0.18,10.0,0.83,10.0,0.82,10.0,0.84,115.75,0.85,141.2,0.01,0.01,2376.354671,1776283139000
1776283141.23,241.23,0.16,55.54,0.15,83.2,0.17,11.78,0.18,20.0,0.83,10.0,0.82,10.0,0.84,50.54,0.85,141.2,0.01,0.01,2376.3585,1776283140000
1776283141.46,241.46,0.16,5.0,0.12,48.0,0.17,138.54,0.18,34.0,0.83,2.96,0.82,20.0,0.84,55.54,0.85,55.0,0.01,0.01,2376.3585,1776283140000
1776283141.661,241.661,0.11,1.83,0.1,10.0,0.12,5.0,0.13,5.0,0.87,5.0,0.86,10.0,0.89,7.44,0.9,68.0,0.01,0.02,2376.3585,1776283140000
1776283142.138,242.138,0.08,32.17,0.07,245.3,0.11,15.0,0.12,14.19,0.88,4.19,0.87,5.0,0.92,23.15,0.93,245.3,0.03,0.04,2376.309506,1776283141000
1776283142.385,242.385,0.1,2.97,0.09,10.0,0.11,15.0,0.12,10.0,0.89,15.0,0.88,14.19,0.92,32.17,0.93,245.3,0.01,0.03,2376.309506,1776283141000
1776283142.639,242.639,0.09,36.9,0.08,15.17,0.1,10.0,0.11,15.0,0.9,20.0,0.89,15.0,0.91,14.69,0.92,32.17,0.01,0.01,2376.309506,1776283141000
1776283142.908,242.908,0.08,300.17,0.07,155.98,0.11,15.0,0.12,10.0,0.9,10.0,0.89,15.0,0.91,36.9,0.92,15.17,0.03,0.01,2376.309506,1776283141000
1776283143.413,243.413,0.1,6.16,0.09,10.0,0.11,30.0,0.12,20.0,0.89,10.0,0.88,10.0,0.91,41.18,0.92,300.17,0.01,0.02,2375.9789,1776283142000
1776283144.034,244.034,0.08,32.15,0.07,94.3,0.1,14.0,0.11,258.0,0.9,9.0,0.89,78.0,0.92,8.53,0.93,94.3,0.02,0.02,2375.9789,1776283142000
1776283144.68,244.68,0.1,7.77,0.09,68.0,0.11,10.0,0.12,15.0,0.9,14.0,0.89,258.0,0.92,32.15,0.93,94.3,0.01,0.02,2375.729466,1776283143000
1776283144.888,244.888,0.11,10.0,0.1,18.0,0.12,4.74,0.13,60.0,0.89,3.93,0.88,15.0,0.9,7.77,0.91,73.0,0.01,0.01,2375.729466,1776283143000
1776283145.447,245.447,0.09,37.0,0.08,242.43,0.1,34.44,0.11,0.9,0.89,0.9,0.88,4.74,0.9,92.0,0.91,245.0,0.01,0.01,2375.586969,1776283144000
1776283146.001,246.001,0.09,10.0,0.08,116.73,0.1,178.85,0.11,55.9,0.9,34.44,0.89,0.9,0.91,37.0,0.92,242.43,0.01,0.01,2375.586969,1776283144000
1776283146.279,246.279,0.09,198.94,0.08,174.73,0.1,39.99,0.11,5.9,0.9,178.85,0.89,55.9,0.91,10.0,0.92,116.73,0.01,0.01,2375.586969,1776283144000
1776283146.573,246.573,0.09,261.94,0.08,116.73,0.1,30.85,0.11,12.9,0.9,39.99,0.89,5.9,0.91,198.94,0.92,174.73,0.01,0.01,2375.411173,1776283145000
1776283146.935,246.935,0.09,295.94,0.08,171.73,0.1,0.85,0.11,10.0,0.9,30.85,0.89,12.9,0.91,261.94,0.92,116.73,0.01,0.01,2375.411173,1776283145000
1776283147.177,247.177,0.1,7.77,0.09,242.94,0.11,0.12,0.12,62.74,0.89,0.12,0.88,62.74,0.91,237.94,0.92,121.53,0.01,0.02,2375.478065,1776283146000
1776283147.537,247.537,0.11,76.0,0.1,251.77,0.14,1.29,0.15,15.0,0.89,0.12,0.88,62.74,0.9,7.77,0.91,242.94,0.03,0.01,2375.478065,1776283146000
1776283148.168,248.168,0.13,73.0,0.12,22.0,0.16,5.86,0.17,36.68,0.88,0.86,0.87,10.0,0.89,81.0,0.9,251.77,0.03,0.01,2375.514639,1776283147000
1776283148.416,248.416,0.12,39.0,0.11,128.0,0.14,10.0,0.15,10.0,0.84,5.86,0.83,36.68,0.87,73.0,0.88,22.0,0.02,0.03,2375.514639,1776283147000
1776283148.74,248.74,0.12,34.0,0.11,308.0,0.13,11.76,0.14,78.0,0.87,5.9,0.86,20.0,0.88,39.0,0.89,128.0,0.01,0.01,2375.514639,1776283147000
1776283149.0,249.0,0.11,2.42,0.1,21.77,0.13,91.76,0.14,75.0,0.87,11.76,0.86,78.0,0.88,34.0,0.89,308.0,0.02,0.01,2375.514639,1776283147000
1776283149.411,249.411,0.11,60.0,0.1,164.1,0.12,20.36,0.13,22.6,0.87,95.6,0.86,75.0,0.91,98.57,0.92,112.43,0.01,0.04,2375.554762,1776283148000
1776283149.621,249.621,0.11,71.87,0.1,159.1,0.13,15.9,0.14,10.0,0.87,15.9,0.86,10.0,0.89,73.0,0.9,159.1,0.02,0.02,2375.554762,1776283148000
1776283150.214,250.214,0.12,300.32,0.11,132.0,0.13,5.9,0.14,10.0,0.87,15.9,0.86,10.0,0.89,69.75,0.9,334.1,0.01,0.02,2375.742677,1776283149000
1776283150.421,250.421,0.12,326.32,0.11,110.0,0.14,10.0,0.15,10.0,0.87,5.9,0.86,10.0,0.88,300.32,0.89,132.0,0.02,0.01,2375.742677,1776283149000
1776283150.735,250.735,0.14,50.0,0.13,11.0,0.15,4.74,0.16,10.0,0.85,10.0,0.84,10.0,0.87,13.12,0.88,318.13,0.01,0.02,2375.742677,1776283149000
1776283151.858,251.858,0.12,61.41,0.11,240.0,0.13,10.0,0.14,15.0,0.85,4.74,0.84,10.0,0.86,50.0,0.87,11.0,0.01,0.01,2375.686301,1776283150000
1776283153.81,253.81,0.13,38.46,0.12,18.41,0.14,20.0,0.15,129.0,0.86,15.0,0.85,15.0,0.88,18.09,0.89,240.0,0.01,0.02,2375.935024,1776283152000
1776283154.489,254.489,0.13,5.0,0.12,81.41,0.16,10.0,0.17,10.0,0.86,20.0,0.85,129.0,0.87,38.46,0.88,18.41,0.03,0.01,2375.882076,1776283153000
1776283154.837,254.837,0.14,23.37,0.13,10.0,0.15,10.0,0.17,28.06,0.84,10.0,0.83,78.06,0.86,20.0,0.87,15.0,0.01,0.02,2375.882076,1776283153000
1776283155.064,255.064,0.14,88.25,0.13,60.0,0.16,5.0,0.17,8.06,0.85,5.0,0.84,5.0,0.86,8.37,0.87,60.0,0.02,0.01,2375.882076,1776283153000
1776283155.871,255.871,0.17,51.97,0.16,238.0,0.18,16.13,0.19,23.82,0.84,5.0,0.83,8.06,0.86,88.25,0.87,60.0,0.01,0.02,2375.878666,1776283154000
1776283156.258,256.258,0.17,262.0,0.16,110.0,0.19,8.82,0.2,8.93,0.82,16.13,0.81,23.82,0.83,51.97,0.84,238.0,0.02,0.01,2375.878666,1776283154000
1776283156.645,256.645,0.19,288.0,0.18,28.42,0.21,69.82,0.22,19.16,0.8,5.75,0.79,118.82,0.81,73.95,0.82,12.42,0.02,0.01,2376.035114,1776283155000
1776283156.891,256.891,0.2,181.58,0.19,118.0,0.23,19.27,0.24,19.4,0.78,10.0,0.77,19.27,0.8,1.58,0.81,303.0,0.03,0.02,2376.035114,1776283155000
1776283157.146,257.146,0.2,244.58,0.19,60.0,0.21,102.26,0.23,19.27,0.77,19.27,0.76,19.4,0.8,181.58,0.81,118.0,0.01,0.03,2376.035114,1776283155000
1776283157.994,257.994,0.18,12.32,0.17,172.99,0.2,15.0,0.21,175.16,0.79,102.16,0.77,19.27,0.8,244.58,0.81,60.0,0.02,0.01,2376.076721,1776283156000
1776283158.41,258.41,0.15,22.47,0.14,48.27,0.17,10.0,0.18,213.45,0.81,64.2,0.8,65.0,0.84,50.0,0.85,63.2,0.02,0.03,2376.076721,1776283156000
1776283158.676,258.676,0.11,6.83,0.1,10.0,0.14,125.0,0.15,394.66,0.85,94.66,0.84,75.0,0.88,6.83,0.89,10.0,0.03,0.03,2376.076721,1776283156000
1776283158.935,258.935,0.09,10.0,0.08,17.38,0.11,268.61,0.12,23.0,0.89,200.0,0.88,13.0,0.9,1.25,0.91,10.0,0.02,0.01,2376.234881,1776283157000
1776283159.218,259.218,0.09,72.0,0.08,10.0,0.1,332.0,0.11,107.0,0.9,14.0,0.89,323.0,0.93,10.0,0.94,73.8,0.01,0.03,2376.234881,1776283157000
1776283159.47,259.47,0.09,10.0,0.08,10.0,0.1,283.0,0.11,94.0,0.9,289.0,0.89,94.0,0.91,10.0,0.92,10.0,0.01,0.01,2376.234881,1776283157000
1776283159.711,259.711,0.08,10.0,0.07,10.0,0.1,289.0,0.11,89.0,0.9,284.0,0.89,89.0,0.91,7.8,0.92,10.0,0.02,0.01,2376.295827,1776283158000
1776283160.743,260.743,0.08,10.0,0.07,10.0,0.09,10.0,0.1,302.0,0.9,289.0,0.89,89.0,0.92,10.0,0.93,10.0,0.01,0.02,2376.269184,1776283159000
1776283161.183,261.183,0.08,3.04,0.07,82.42,0.09,10.0,0.1,69.0,0.91,10.0,0.9,317.0,0.92,5.0,0.93,10.0,0.01,0.01,2375.79779,1776283160000
1776283161.532,261.532,0.08,319.0,0.07,90.42,0.09,2.11,0.11,5.0,0.91,10.0,0.9,69.0,0.92,3.04,0.93,82.42,0.01,0.01,2375.79779,1776283160000
1776283161.739,261.739,0.13,58.0,0.11,5.0,0.16,7.63,0.17,19.0,0.86,9.9,0.85,7.73,0.9,50.0,0.91,142.68,0.03,0.04,2375.79779,1776283160000
1776283161.968,261.968,0.13,33.41,0.11,75.0,0.14,1.0,0.15,26.75,0.86,7.0,0.85,26.75,0.87,33.41,0.89,75.0,0.01,0.01,2375.79779,1776283160000
1776283162.323,262.323,0.13,6.61,0.11,323.0,0.14,1.0,0.15,10.0,0.86,1.0,0.85,26.75,0.87,33.41,0.89,75.0,0.01,0.01,2375.79779,1776283160000
1776283162.659,262.659,0.12,4.31,0.11,85.0,0.13,5.16,0.14,6.0,0.87,10.0,0.86,1.0,0.88,4.31,0.89,85.0,0.01,0.01,2375.491142,1776283161000
1776283162.864,262.864,0.12,4.31,0.11,80.0,0.14,65.23,0.15,60.0,0.86,0.23,0.85,60.0,0.88,4.31,0.89,85.0,0.02,0.02,2375.491142,1776283161000
1776283163.589,263.589,0.11,131.03,0.1,15.0,0.13,25.0,0.14,15.23,0.86,65.23,0.85,60.0,0.88,4.31,0.89,80.0,0.02,0.02,2375.508531,1776283162000
1776283164.536,264.536,0.12,6.83,0.11,71.0,0.13,30.0,0.14,123.23,0.87,25.0,0.86,15.23,0.88,6.93,0.89,131.03,0.01,0.01,2375.508531,1776283162000
1776283164.886,264.886,0.12,1.73,0.11,71.0,0.13,30.0,0.14,70.23,0.87,30.0,0.86,123.23,0.88,6.83,0.89,71.0,0.01,0.01,2375.937238,1776283163000
1776283165.656,265.656,0.12,5.81,0.11,60.0,0.13,5.0,0.14,10.23,0.87,30.0,0.86,70.23,0.88,1.73,0.89,71.0,0.01,0.01,2375.953813,1776283164000
1776283165.933,265.933,0.13,11.0,0.12,105.12,0.15,10.0,0.16,23.0,0.86,10.0,0.85,10.0,0.88,105.12,0.89,110.0,0.02,0.02,2375.953813,1776283164000
1776283166.187,266.187,0.13,26.0,0.12,105.12,0.17,19.21,0.18,10.0,0.85,2.11,0.84,23.0,0.87,11.0,0.88,105.12,0.04,0.02,2375.953813,1776283164000
1776283166.653,266.653,0.16,10.0,0.15,15.0,0.19,6.36,0.2,20.0,0.83,19.21,0.82,10.0,0.87,26.0,0.88,105.12,0.03,0.04,2375.94981,1776283165000
1776283167.527,267.527,0.19,56.0,0.18,50.0,0.2,10.0,0.21,16.31,0.8,20.0,0.79,26.31,0.84,16.0,0.85,15.0,0.01,0.04,2375.94981,1776283165000
1776283167.878,267.878,0.18,50.0,0.17,69.0,0.19,8.26,0.2,10.0,0.8,10.0,0.79,16.31,0.81,56.0,0.82,50.0,0.01,0.01,2376.083798,1776283166000
1776283168.599,268.599,0.18,113.0,0.17,74.0,0.19,0.26,0.2,93.5,0.81,8.26,0.8,10.0,0.82,50.0,0.83,69.0,0.01,0.01,2376.245081,1776283167000
1776283168.836,268.836,0.19,34.76,0.18,55.0,0.2,93.5,0.21,16.31,0.81,0.26,0.8,93.5,0.82,113.0,0.83,74.0,0.01,0.01,2376.245081,1776283167000
1776283169.27,269.27,0.24,69.0,0.23,60.0,0.25,5.08,0.26,10.0,0.75,9.52,0.74,50.0,0.79,50.0,0.8,56.0,0.01,0.04,2376.245081,1776283167000
1776283169.802,269.802,0.3,24.57,0.29,71.0,0.31,24.0,0.32,10.0,0.73,5.0,0.7,15.0,0.76,42.94,0.77,118.0,0.01,0.03,2376.167335,1776283168000
1776283170.116,270.116,0.26,59.0,0.25,50.0,0.31,54.08,0.32,20.0,0.69,24.0,0.68,10.0,0.7,24.57,0.71,71.0,0.05,0.01,2376.167335,1776283168000
1776283170.597,270.597,0.21,72.0,0.19,41.0,0.22,3.63,0.23,10.0,0.69,54.08,0.68,20.0,0.74,59.0,0.75,50.0,0.01,0.05,2376.167335,1776283168000
1776283170.939,270.939,0.18,24.4,0.17,44.5,0.19,10.52,0.2,16.0,0.78,8.63,0.77,17.0,0.79,71.9,0.81,41.0,0.01,0.01,2376.330956,1776283169000
1776283171.141,271.141,0.16,6.8,0.15,235.86,0.17,16.0,0.18,16.0,0.81,15.0,0.8,16.0,0.84,42.06,0.85,44.2,0.01,0.03,2376.330956,1776283169000
1776283171.583,271.583,0.18,28.0,0.17,10.0,0.2,4.0,0.21,10.0,0.84,6.0,0.83,3.14,0.85,205.5,0.86,63.9,0.02,0.01,2376.56421,1776283170000
1776283171.816,271.816,0.18,30.0,0.17,9.0,0.2,4.0,0.21,121.95,0.8,4.0,0.79,10.0,0.84,32.69,0.85,273.5,0.02,0.04,2376.56421,1776283170000
1776283172.681,272.681,0.18,29.9,0.17,25.5,0.19,5.86,0.2,3.9,0.81,10.0,0.8,3.9,0.82,33.78,0.83,9.0,0.01,0.01,2376.62973,1776283171000
1776283172.958,272.958,0.18,59.3,0.17,25.5,0.19,5.36,0.2,3.9,0.81,5.86,0.8,3.9,0.82,29.9,0.83,25.5,0.01,0.01,2376.62973,1776283171000
1776283173.656,273.656,0.18,23.52,0.17,50.5,0.19,5.36,0.2,3.9,0.81,5.36,0.8,3.9,0.82,59.3,0.83,25.5,0.01,0.01,2376.62973,1776283171000
1776283174.233,274.233,0.18,2.82,0.17,40.5,0.19,15.36,0.2,8.9,0.81,5.36,0.8,3.9,0.82,23.52,0.83,50.5,0.01,0.01,2376.517014,1776283172000
1776283174.435,274.435,0.17,40.5,0.16,109.49,0.18,9.69,0.19,5.36,0.81,15.36,0.8,8.9,0.82,2.82,0.83,40.5,0.01,0.01,2376.514271,1776283173000
1776283175.595,275.595,0.16,151.69,0.15,207.66,0.17,9.0,0.18,9.69,0.82,9.69,0.81,5.36,0.83,40.5,0.84,109.49,0.01,0.01,2376.491096,1776283174000
1776283175.997,275.997,0.18,23.0,0.17,10.0,0.2,9.5,0.21,126.95,0.83,9.0,0.82,9.69,0.84,136.58,0.85,207.66,0.02,0.01,2376.491096,1776283174000
1776283176.411,276.411,0.15,186.56,0.12,5.81,0.16,25.0,0.17,20.0,0.8,4.5,0.79,126.95,0.82,21.0,0.83,10.0,0.01,0.02,2376.600175,1776283175000
1776283176.65,276.65,0.11,2.92,0.1,21.0,0.13,15.0,0.14,39.0,0.89,24.41,0.88,5.68,0.9,21.0,0.91,21.0,0.02,0.01,2376.600175,1776283175000
1776283176.856,276.856,0.11,6.79,0.1,10.0,0.12,43.0,0.13,10.0,0.87,10.0,0.86,47.0,0.89,52.92,0.9,21.0,0.01,0.02,2376.600175,1776283175000
1776283177.096,277.096,0.1,10.0,0.09,10.0,0.12,126.0,0.13,20.0,0.88,43.0,0.87,10.0,0.89,6.79,0.9,10.0,0.02,0.01,2376.497741,1776283176000
1776283177.539,277.539,0.08,9.67,0.07,19.86,0.11,149.82,0.12,208.25,0.89,48.82,0.88,236.25,0.9,10.0,0.91,10.0,0.03,0.01,2376.497741,1776283176000
1776283178.604,278.604,0.09,3.35,0.08,9.67,0.1,51.0,0.11,84.0,0.9,18.0,0.89,140.82,0.91,5.0,0.92,9.67,0.01,0.01,2376.469661,1776283177000
1776283179.704,279.704,0.09,2.25,0.08,9.67,0.1,75.0,0.11,122.0,0.9,51.0,0.89,84.0,0.91,3.35,0.92,9.67,0.01,0.01,2376.11638,1776283178000
1776283180.004,280.004,0.08,0.86,0.07,19.86,0.09,7.88,0.1,120.0,0.9,133.0,0.89,64.0,0.92,0.86,0.93,19.86,0.01,0.02,2376.11638,1776283178000
1776283180.784,280.784,0.03,160.26,0.02,283.68,0.09,163.0,0.1,63.0,0.91,1.47,0.9,120.0,0.92,0.86,0.93,19.86,0.06,0.01,2376.035607,1776283179000
1776283181.345,281.345,0.06,10.0,0.05,52.0,0.07,86.0,0.08,10.0,0.91,163.0,0.9,63.0,0.97,148.89,0.98,283.68,0.01,0.06,2376.090392,1776283180000
1776283181.849,281.849,0.05,121.0,0.04,21.0,0.06,74.53,0.07,17.0,0.94,20.0,0.93,86.0,0.95,52.0,0.96,68.0,0.01,0.01,2376.090392,1776283180000
1776283182.193,282.193,0.05,110.74,0.04,21.0,0.06,74.53,0.07,17.0,0.94,74.53,0.93,17.0,0.95,120.74,0.96,21.0,0.01,0.01,2376.061772,1776283181000
1776283182.972,282.972,0.05,99.74,0.04,237.0,0.08,33.0,0.09,10.0,0.94,74.53,0.93,17.0,0.95,110.74,0.96,21.0,0.03,0.01,2376.061772,1776283181000
1776283183.187,283.187,0.06,10.0,0.05,36.74,0.08,66.0,0.09,38.0,0.92,33.0,0.91,10.0,0.95,99.74,0.96,237.0,0.02,0.03,2376.061772,1776283181000
1776283183.645,283.645,0.05,26.74,0.04,10.0,0.07,60.0,0.08,124.0,0.92,51.0,0.91,38.0,0.94,10.0,0.95,36.74,0.02,0.02,2376.094549,1776283182000
1776283183.934,283.934,0.06,10.0,0.05,26.74,0.07,76.0,0.08,21.0,0.93,60.0,0.92,124.0,0.95,26.74,0.96,10.0,0.01,0.02,2376.094549,1776283182000
1776283184.279,284.279,0.04,9.0,0.03,10.0,0.06,45.0,0.07,73.0,0.93,76.0,0.92,21.0,0.98,201.07,0.99,7195.68,0.02,0.05,2376.042461,1776283183000
1776283184.574,284.574,0.03,9.0,0.02,226.07,0.05,25.26,0.06,45.0,0.94,45.0,0.93,73.0,0.96,9.0,0.97,10.0,0.02,0.02,2376.042461,1776283183000
1776283185.034,285.034,0.02,259.07,0.01,7250.99,0.05,30.26,0.06,45.0,0.95,25.26,0.94,45.0,0.97,9.0,0.98,226.07,0.03,0.02,2376.042461,1776283183000
1776283186.021,286.021,0.03,8.45,0.02,259.07,0.05,54.26,0.06,15.0,0.95,30.26,0.94,45.0,0.98,259.07,0.99,7250.99,0.02,0.03,2376.018318,1776283184000
1776283186.291,286.291,0.03,13.45,0.02,201.07,0.05,24.26,0.06,73.0,0.95,54.26,0.94,15.0,0.97,8.45,0.98,259.07,0.02,0.02,2376.02424,1776283185000
1776283186.689,286.689,0.03,7.41,0.02,259.07,0.04,22.0,0.05,28.26,0.95,24.26,0.94,73.0,0.97,13.45,0.98,201.07,0.01,0.02,2376.02424,1776283185000
1776283186.902,286.902,0.03,10.33,0.02,201.07,0.04,19.0,0.05,0.26,0.96,5.0,0.95,23.26,0.97,10.33,0.98,201.07,0.01,0.01,2376.02424,1776283185000
1776283187.16,287.16,0.02,166.4,0.01,1795.97,0.03,27.0,0.04,180.0,0.96,219.0,0.95,50.26,0.98,186.4,0.99,1795.97,0.01,0.02,2376.02424,1776283185000
1776283187.443,287.443,0.02,54.78,0.01,1895.97,0.03,217.0,0.04,42.0,0.97,152.0,0.96,74.0,0.98,72.97,0.99,1795.97,0.01,0.01,2376.026133,1776283186000
1776283187.806,287.806,0.01,1893.94,,,0.03,134.0,0.04,42.0,0.97,302.0,0.96,83.0,0.99,1893.94,,,0.02,0.02,2376.026133,1776283186000
1776283188.044,288.044,0.02,64.11,0.01,1893.94,0.03,82.0,0.04,79.0,0.97,206.0,0.96,69.0,0.98,69.11,0.99,1893.94,0.01,0.01,2376.026133,1776283186000
1776283188.382,288.382,0.01,654.52,,,0.03,163.0,0.04,49.0,0.97,82.0,0.96,79.0,0.99,683.83,,,0.02,0.02,2376.131578,1776283187000
1776283188.595,288.595,0.02,44.5,0.01,644.52,0.03,168.0,0.04,54.0,0.97,168.0,0.96,49.0,0.99,644.52,,,0.01,0.02,2376.131578,1776283187000
1776283188.905,288.905,0.01,627.52,,,0.03,163.0,0.04,49.0,0.97,173.0,0.96,54.0,0.99,632.52,,,0.02,0.02,2376.131578,1776283187000
1776283189.367,289.367,0.01,524.02,,,0.03,159.77,0.04,49.0,0.97,159.77,0.96,49.0,0.99,627.52,,,0.02,0.02,2375.673147,1776283188000
1776283189.65,289.65,,,,,0.01,485.98,0.03,159.77,0.97,159.77,0.96,49.0,0.99,524.02,,,,0.02,2375.673147,1776283188000
1776283190.812,290.812,,,,,0.01,481.03,0.03,92.0,0.99,485.98,0.97,159.77,,,,,,,2375.363724,1776283189000
1776283191.465,291.465,,,,,0.01,495.03,0.03,34.0,0.99,481.03,0.97,92.0,,,,,,,2375.404667,1776283190000
1776283191.867,291.867,,,,,0.01,455.03,0.03,34.0,0.99,475.03,0.97,34.0,,,,,,,2375.404667,1776283190000
1776283196.205,296.205,,,,,0.01,3192.49,0.02,83.0,0.99,415.03,0.97,34.0,,,,,,,2375.943837,1776283194000
1776283196.561,296.561,,,,,0.01,3204.24,0.03,97.0,0.99,3192.49,0.98,83.0,,,,,,,2375.906831,1776283195000

# RESULT,winner=Down,slug=eth-updown-5m-1776282900,ticks=410
