timestamp,elapsed_sec,up_bid_p1,up_bid_s1,up_bid_p2,up_bid_s2,up_ask_p1,up_ask_s1,up_ask_p2,up_ask_s2,down_bid_p1,down_bid_s1,down_bid_p2,down_bid_s2,down_ask_p1,down_ask_s1,down_ask_p2,down_ask_s2,up_spread,down_spread,eth_price,eth_oracle_ts
1776307800.522,0.522,0.49,8.0,0.47,42.23,0.51,8.0,0.52,20.0,0.51,10.0,0.5,17.92,0.53,10.0,0.55,27.33,0.02,0.02,2359.129008,1776307799000
1776307800.985,0.985,0.49,8.0,0.47,42.23,0.51,8.0,0.52,20.0,0.49,8.0,0.48,20.0,0.51,8.0,0.53,42.23,0.02,0.02,2359.146083,1776307800000
1776307801.484,1.484,0.47,41.13,0.46,70.0,0.51,8.0,0.52,20.0,0.49,8.0,0.48,20.0,0.51,8.0,0.53,42.23,0.04,0.02,2359.146083,1776307800000
1776307801.747,1.747,0.5,78.0,0.49,100.0,0.51,3.0,0.52,20.0,0.49,3.0,0.48,20.0,0.53,41.13,0.54,70.0,0.01,0.04,2359.146083,1776307800000
1776307802.016,2.016,0.5,78.0,0.49,100.0,0.51,3.0,0.52,20.0,0.49,3.0,0.48,20.0,0.5,78.0,0.51,100.0,0.01,0.01,2359.253216,1776307801000
1776307802.985,2.985,0.5,22.0,0.49,18.0,0.51,3.0,0.52,30.0,0.49,3.0,0.48,20.0,0.5,78.0,0.51,100.0,0.01,0.01,2359.253216,1776307801000
1776307803.445,3.445,0.51,5.0,0.5,22.0,0.52,25.91,0.53,13.51,0.49,4.88,0.48,25.0,0.5,22.0,0.51,18.0,0.01,0.01,2359.253216,1776307801000
1776307804.261,4.261,0.51,11.0,0.5,37.0,0.53,22.66,0.54,190.0,0.48,25.91,0.47,13.51,0.49,5.0,0.5,22.0,0.02,0.01,2359.481358,1776307802000
1776307804.878,4.878,0.51,11.0,0.5,37.0,0.53,22.66,0.54,190.0,0.47,22.66,0.46,190.0,0.49,11.0,0.5,37.0,0.02,0.02,2359.44821,1776307803000
1776307805.124,5.124,0.51,17.0,0.5,42.0,0.53,13.22,0.54,191.0,0.47,22.66,0.46,190.0,0.49,11.0,0.5,37.0,0.02,0.02,2359.44821,1776307803000
1776307805.562,5.562,0.5,39.0,0.49,15.0,0.53,13.22,0.54,185.0,0.47,13.22,0.46,185.0,0.5,39.0,0.51,15.0,0.03,0.03,2359.339099,1776307804000
1776307806.258,6.258,0.51,3.87,0.5,39.0,0.53,18.22,0.54,185.0,0.47,13.22,0.46,185.0,0.5,39.0,0.51,15.0,0.02,0.03,2359.339099,1776307804000
1776307807.187,7.187,0.51,3.87,0.5,39.0,0.53,18.22,0.54,185.0,0.47,18.22,0.46,185.0,0.49,3.87,0.5,39.0,0.02,0.02,2359.358655,1776307806000
1776307808.068,8.068,0.53,20.0,0.52,32.0,0.54,90.0,0.55,175.0,0.47,18.22,0.46,185.0,0.49,3.87,0.5,39.0,0.01,0.02,2359.358655,1776307806000
1776307808.381,8.381,0.53,20.0,0.52,94.0,0.54,7.0,0.55,75.0,0.46,72.85,0.45,175.0,0.47,28.0,0.48,37.0,0.01,0.01,2359.358655,1776307806000
1776307808.619,8.619,0.53,72.0,0.52,37.0,0.55,80.69,0.56,85.0,0.46,7.0,0.45,75.0,0.47,20.0,0.48,94.0,0.02,0.01,2359.358655,1776307806000
1776307808.822,8.822,0.53,72.0,0.52,37.0,0.55,80.69,0.56,85.0,0.45,80.69,0.44,85.0,0.47,72.0,0.48,37.0,0.02,0.02,2359.35908,1776307807000
1776307809.651,9.651,0.53,72.0,0.52,37.0,0.55,80.69,0.56,85.0,0.45,80.69,0.44,85.0,0.47,72.0,0.48,37.0,0.02,0.02,2359.373715,1776307808000
1776307810.558,10.558,0.53,70.93,0.52,323.5,0.55,88.09,0.56,85.0,0.45,88.09,0.44,85.0,0.47,70.93,0.48,323.5,0.02,0.02,2359.53117,1776307809000
1776307811.341,11.341,0.53,148.91,0.52,323.5,0.55,88.09,0.56,85.0,0.45,88.09,0.44,85.0,0.47,148.91,0.48,323.5,0.02,0.02,2359.528705,1776307810000
1776307811.619,11.619,0.54,298.0,0.53,149.0,0.56,81.78,0.57,90.0,0.44,77.5,0.43,90.0,0.46,355.0,0.47,144.0,0.02,0.02,2359.528705,1776307810000
1776307812.143,12.143,0.54,298.0,0.53,149.0,0.56,13.78,0.57,90.0,0.44,13.78,0.43,90.0,0.46,298.0,0.47,149.0,0.02,0.02,2359.536025,1776307811000
1776307812.368,12.368,0.55,340.0,0.54,160.0,0.56,8.03,0.57,85.0,0.44,13.78,0.43,90.0,0.46,298.0,0.47,149.0,0.01,0.02,2359.536025,1776307811000
1776307813.048,13.048,0.55,435.91,0.54,171.0,0.57,16.7,0.58,128.0,0.44,8.03,0.43,85.0,0.45,340.0,0.46,160.0,0.02,0.01,2359.536025,1776307811000
1776307813.376,13.376,0.56,180.0,0.55,255.91,0.57,12.73,0.58,128.0,0.43,16.7,0.42,128.0,0.45,435.91,0.46,171.0,0.01,0.02,2359.536025,1776307811000
1776307813.695,13.695,0.56,180.0,0.55,255.91,0.57,12.73,0.58,128.0,0.43,12.73,0.42,128.0,0.44,180.0,0.45,255.91,0.01,0.01,2359.540235,1776307812000
1776307814.008,14.008,0.56,90.0,0.55,125.0,0.57,12.73,0.58,243.0,0.43,12.73,0.42,128.0,0.44,180.0,0.45,255.91,0.01,0.01,2359.540235,1776307812000
1776307814.359,14.359,0.56,79.09,0.55,130.0,0.57,12.73,0.58,243.0,0.43,12.73,0.42,243.0,0.44,90.0,0.45,125.0,0.01,0.01,2359.540235,1776307812000
1776307814.68,14.68,0.56,82.09,0.55,125.0,0.57,17.73,0.58,243.0,0.43,12.73,0.42,243.0,0.44,79.09,0.45,130.0,0.01,0.01,2359.55045,1776307813000
1776307815.316,15.316,0.55,180.0,0.54,6.0,0.56,13.11,0.57,82.73,0.44,13.11,0.43,82.73,0.45,180.0,0.46,6.0,0.01,0.01,2359.600965,1776307814000
1776307815.625,15.625,0.51,69.0,0.5,77.0,0.52,10.0,0.53,10.0,0.45,107.0,0.44,313.11,0.49,114.26,0.5,161.0,0.01,0.04,2359.600965,1776307814000
1776307815.867,15.867,0.51,69.0,0.5,77.0,0.52,16.76,0.53,20.0,0.48,10.0,0.47,10.0,0.49,69.0,0.5,77.0,0.01,0.01,2359.600965,1776307814000
1776307816.296,16.296,0.51,64.0,0.5,90.0,0.52,15.76,0.53,25.0,0.48,21.76,0.47,20.0,0.49,64.0,0.5,90.0,0.01,0.01,2359.600965,1776307814000
1776307816.811,16.811,0.51,64.0,0.5,90.0,0.52,15.76,0.53,25.0,0.48,15.76,0.47,25.0,0.49,64.0,0.5,90.0,0.01,0.01,2359.58789,1776307815000
1776307817.55,17.55,0.51,64.0,0.5,90.0,0.52,15.76,0.53,25.0,0.48,15.76,0.47,25.0,0.49,64.0,0.5,90.0,0.01,0.01,2359.484868,1776307816000
1776307818.279,18.279,0.51,64.0,0.5,90.0,0.52,15.76,0.53,25.0,0.48,15.76,0.47,25.0,0.49,64.0,0.5,90.0,0.01,0.01,2359.45555,1776307817000
1776307819.731,19.731,0.51,64.0,0.5,90.0,0.52,15.76,0.53,25.0,0.48,15.76,0.47,25.0,0.49,64.0,0.5,90.0,0.01,0.01,2359.364644,1776307818000
1776307820.587,20.587,0.51,64.0,0.5,90.0,0.52,15.76,0.53,25.0,0.48,15.76,0.47,25.0,0.49,64.0,0.5,90.0,0.01,0.01,2359.377818,1776307819000
1776307821.44,21.44,0.53,269.0,0.52,94.5,0.54,10.0,0.55,80.4,0.48,15.76,0.47,25.0,0.49,64.0,0.5,90.0,0.01,0.01,2359.377818,1776307819000
1776307822.09,22.09,0.53,269.0,0.52,94.5,0.54,10.0,0.55,80.4,0.46,10.0,0.45,80.4,0.47,269.0,0.48,94.5,0.01,0.01,2359.463588,1776307821000
1776307823.018,23.018,0.53,264.0,0.52,107.0,0.55,6.89,0.56,106.49,0.46,10.0,0.45,80.4,0.47,269.0,0.48,94.5,0.02,0.01,2359.463588,1776307821000
1776307823.573,23.573,0.53,169.0,0.52,107.0,0.55,16.89,0.56,106.49,0.45,6.89,0.44,106.49,0.47,264.0,0.48,107.0,0.02,0.02,2359.463588,1776307821000
1776307823.865,23.865,0.53,169.0,0.52,107.0,0.55,16.89,0.56,106.49,0.45,16.89,0.44,106.49,0.47,169.0,0.48,107.0,0.02,0.02,2359.454225,1776307822000
1776307824.488,24.488,0.53,174.55,0.52,108.0,0.55,16.89,0.56,114.99,0.45,16.89,0.44,114.99,0.47,174.55,0.48,108.0,0.02,0.02,2359.449225,1776307823000
1776307824.837,24.837,0.53,174.55,0.52,108.0,0.55,16.89,0.56,114.99,0.45,16.89,0.44,114.99,0.47,174.55,0.48,108.0,0.02,0.02,2359.449075,1776307824000
1776307825.977,25.977,0.53,174.55,0.52,108.0,0.55,16.89,0.56,114.99,0.45,16.89,0.44,114.99,0.47,174.55,0.48,108.0,0.02,0.02,2359.449075,1776307825000
1776307826.279,26.279,0.54,175.0,0.53,226.0,0.56,20.0,0.57,12.0,0.45,16.89,0.44,114.99,0.47,174.55,0.48,108.0,0.02,0.02,2359.449075,1776307825000
1776307826.559,26.559,0.55,15.0,0.54,185.0,0.56,15.0,0.57,12.0,0.44,20.0,0.43,12.0,0.46,175.0,0.47,226.0,0.01,0.02,2359.449075,1776307825000
1776307827.04,27.04,0.55,15.0,0.54,185.0,0.56,15.0,0.57,12.0,0.44,15.0,0.43,12.0,0.45,15.0,0.46,185.0,0.01,0.01,2359.407195,1776307826000
1776307828.009,28.009,0.56,350.0,0.55,82.0,0.59,0.57,0.6,27.0,0.43,12.0,0.42,87.0,0.45,350.0,0.46,70.0,0.03,0.02,2359.407195,1776307826000
1776307829.001,29.001,0.57,115.59,0.56,293.0,0.59,10.57,0.6,22.0,0.41,0.57,0.4,27.0,0.44,350.0,0.45,82.0,0.02,0.03,2359.489843,1776307827000
1776307830.188,30.188,0.57,115.59,0.56,293.0,0.59,10.57,0.6,22.0,0.41,10.57,0.4,22.0,0.43,115.59,0.44,293.0,0.02,0.02,2359.72849,1776307829000
1776307830.764,30.764,0.6,300.22,0.59,113.0,0.61,23.0,0.62,51.26,0.41,10.57,0.4,22.0,0.43,115.59,0.44,293.0,0.01,0.02,2359.72849,1776307829000
1776307831.091,31.091,0.6,300.22,0.59,113.0,0.61,28.0,0.62,51.26,0.39,28.0,0.38,51.26,0.4,300.22,0.41,113.0,0.01,0.01,2359.72717,1776307830000
1776307831.31,31.31,0.6,295.22,0.59,113.0,0.61,18.08,0.62,51.26,0.39,23.08,0.38,51.26,0.4,290.22,0.41,113.0,0.01,0.01,2359.72717,1776307830000
1776307831.961,31.961,0.61,5.0,0.6,351.22,0.62,39.6,0.63,91.0,0.38,26.93,0.37,149.0,0.4,290.22,0.41,113.0,0.01,0.02,2359.72717,1776307830000
1776307832.266,32.266,0.61,5.0,0.6,351.22,0.62,39.6,0.63,91.0,0.38,39.6,0.37,91.0,0.39,5.0,0.4,351.22,0.01,0.01,2359.791129,1776307831000
1776307832.858,32.858,0.61,357.0,0.6,56.87,0.62,34.6,0.63,34.0,0.38,39.6,0.37,91.0,0.39,5.0,0.4,351.22,0.01,0.01,2359.791129,1776307831000
1776307833.141,33.141,0.61,357.0,0.6,56.87,0.62,34.6,0.63,34.0,0.38,34.6,0.37,34.0,0.39,357.0,0.4,56.87,0.01,0.01,2359.792915,1776307832000
1776307833.546,33.546,0.61,367.0,0.6,56.87,0.62,2.59,0.63,19.0,0.38,34.6,0.37,34.0,0.39,357.0,0.4,56.87,0.01,0.01,2359.792915,1776307832000
1776307833.772,33.772,0.62,32.0,0.61,293.0,0.64,76.57,0.65,29.0,0.38,2.59,0.37,19.0,0.39,367.0,0.4,56.87,0.02,0.01,2359.792915,1776307832000
1776307834.149,34.149,0.62,32.0,0.61,293.0,0.64,76.57,0.65,29.0,0.36,76.57,0.35,29.0,0.38,32.0,0.39,293.0,0.02,0.02,2359.82147,1776307833000
1776307834.603,34.603,0.63,22.0,0.62,360.0,0.64,65.78,0.65,34.0,0.36,76.57,0.35,29.0,0.38,32.0,0.39,293.0,0.01,0.02,2359.82147,1776307833000
1776307834.863,34.863,0.62,118.39,0.61,55.0,0.64,65.78,0.65,34.0,0.36,65.78,0.35,34.0,0.37,22.0,0.38,360.0,0.02,0.01,2359.82147,1776307833000
1776307835.162,35.162,0.62,118.39,0.61,55.0,0.64,61.86,0.65,34.0,0.36,61.86,0.35,34.0,0.38,118.39,0.39,55.0,0.02,0.02,2359.890595,1776307834000
1776307835.662,35.662,0.6,5.65,0.58,5.0,0.63,469.73,0.64,77.59,0.36,61.86,0.35,34.0,0.38,118.39,0.39,55.0,0.03,0.02,2359.890595,1776307834000
1776307836.115,36.115,0.6,0.65,0.58,5.0,0.61,95.0,0.62,15.0,0.39,95.0,0.38,15.0,0.4,0.65,0.42,5.0,0.01,0.01,2360.02601,1776307835000
1776307836.322,36.322,0.57,20.0,0.56,15.0,0.61,422.73,0.62,34.0,0.39,95.0,0.38,15.0,0.4,0.65,0.42,5.0,0.04,0.01,2360.02601,1776307835000
1776307836.96,36.96,0.56,78.4,0.55,27.0,0.58,10.0,0.59,20.0,0.39,422.73,0.38,34.0,0.43,20.0,0.44,15.0,0.02,0.04,2360.02601,1776307835000
1776307837.224,37.224,0.57,15.0,0.56,135.4,0.58,10.0,0.59,20.0,0.42,10.0,0.41,20.0,0.44,78.4,0.45,27.0,0.01,0.02,2360.01426,1776307836000
1776307837.688,37.688,0.57,135.0,0.56,205.4,0.58,4.91,0.59,20.0,0.42,10.0,0.41,20.0,0.43,15.0,0.44,135.4,0.01,0.01,2360.01426,1776307836000
1776307838.054,38.054,0.57,135.0,0.56,205.4,0.58,4.91,0.59,20.0,0.42,4.91,0.41,20.0,0.43,135.0,0.44,205.4,0.01,0.01,2359.80566,1776307837000
1776307839.041,39.041,0.57,135.0,0.56,205.4,0.58,4.91,0.59,20.0,0.42,4.91,0.41,20.0,0.43,135.0,0.44,205.4,0.01,0.01,2359.77439,1776307838000
1776307840.125,40.125,0.57,405.0,0.56,55.4,0.61,5.0,0.63,20.0,0.39,5.0,0.37,20.0,0.43,405.0,0.44,55.4,0.04,0.04,2359.809765,1776307839000
1776307840.674,40.674,0.56,84.99,0.55,272.0,0.57,25.0,0.58,25.0,0.39,5.0,0.37,20.0,0.43,405.0,0.44,55.4,0.01,0.04,2359.809765,1776307839000
1776307841.129,41.129,0.56,84.99,0.55,272.0,0.57,25.0,0.58,25.0,0.43,25.0,0.42,25.0,0.44,84.99,0.45,272.0,0.01,0.01,2359.909525,1776307840000
1776307841.499,41.499,0.55,22.0,0.54,21.0,0.57,82.0,0.58,20.0,0.43,25.0,0.42,25.0,0.44,84.99,0.45,272.0,0.02,0.01,2359.909525,1776307840000
1776307842.05,42.05,0.55,22.0,0.54,21.0,0.57,82.0,0.58,20.0,0.43,82.0,0.42,20.0,0.45,22.0,0.46,21.0,0.02,0.02,2359.84697,1776307841000
1776307842.708,42.708,0.55,333.0,0.54,36.0,0.57,21.0,0.58,5.0,0.43,82.0,0.42,20.0,0.45,22.0,0.46,21.0,0.02,0.02,2359.84697,1776307841000
1776307842.999,42.999,0.55,333.0,0.54,36.0,0.57,21.0,0.58,5.0,0.43,21.0,0.42,5.0,0.45,333.0,0.46,36.0,0.02,0.02,2359.777474,1776307842000
1776307843.295,43.295,0.59,8.41,0.58,31.0,0.6,5.0,0.61,5.0,0.43,21.0,0.42,5.0,0.45,333.0,0.46,36.0,0.01,0.02,2359.777474,1776307842000
1776307843.834,43.834,0.6,77.0,0.59,256.41,0.62,14.67,0.63,35.61,0.4,5.0,0.39,5.0,0.41,8.41,0.42,31.0,0.02,0.01,2359.777474,1776307842000
1776307844.91,44.91,0.6,77.0,0.59,256.41,0.62,14.67,0.63,35.61,0.38,14.67,0.37,35.61,0.4,77.0,0.41,256.41,0.02,0.02,2359.759835,1776307844000
1776307845.867,45.867,0.58,243.0,0.57,91.99,0.59,14.4,0.6,20.0,0.41,14.4,0.4,20.0,0.42,243.0,0.43,91.99,0.01,0.01,2359.886473,1776307845000
1776307847.302,47.302,0.58,243.0,0.57,91.99,0.59,14.4,0.6,20.0,0.41,14.4,0.4,20.0,0.42,243.0,0.43,91.99,0.01,0.01,2359.84348,1776307846000
1776307848.202,48.202,0.58,243.0,0.57,91.99,0.59,14.4,0.6,20.0,0.41,14.4,0.4,20.0,0.42,243.0,0.43,91.99,0.01,0.01,2359.804478,1776307847000
1776307849.697,49.697,0.58,243.0,0.57,91.99,0.59,14.4,0.6,20.0,0.41,14.4,0.4,20.0,0.42,243.0,0.43,91.99,0.01,0.01,2359.805039,1776307848000
1776307850.542,50.542,0.58,243.0,0.57,91.99,0.59,14.4,0.6,20.0,0.41,14.4,0.4,20.0,0.42,243.0,0.43,91.99,0.01,0.01,2359.827364,1776307849000
1776307851.2,51.2,0.58,359.61,0.57,41.0,0.59,10.0,0.6,15.0,0.41,14.4,0.4,20.0,0.42,243.0,0.43,91.99,0.01,0.01,2359.827364,1776307849000
1776307851.42,51.42,0.58,359.61,0.57,41.0,0.59,2.0,0.6,15.0,0.41,2.0,0.4,15.0,0.42,359.61,0.43,41.0,0.01,0.01,2359.834699,1776307850000
1776307851.633,51.633,0.58,364.61,0.57,46.0,0.6,6.96,0.61,15.0,0.41,2.0,0.4,15.0,0.42,359.61,0.43,41.0,0.02,0.01,2359.834699,1776307850000
1776307852.217,52.217,0.59,45.0,0.58,355.11,0.6,1.96,0.61,15.0,0.4,6.96,0.39,15.0,0.42,364.61,0.43,46.0,0.01,0.02,2359.834699,1776307850000
1776307853.747,53.747,0.59,45.0,0.58,355.11,0.6,1.96,0.61,15.0,0.4,1.96,0.39,15.0,0.41,45.0,0.42,355.11,0.01,0.01,2359.873575,1776307852000
1776307854.246,54.246,0.59,45.0,0.58,355.11,0.6,1.96,0.61,15.0,0.4,1.96,0.39,15.0,0.41,45.0,0.42,355.11,0.01,0.01,2359.860428,1776307853000
1776307855.66,55.66,0.59,45.0,0.58,355.11,0.6,1.96,0.61,15.0,0.4,1.96,0.39,15.0,0.41,45.0,0.42,355.11,0.01,0.01,2359.85048,1776307854000
1776307856.284,56.284,0.59,45.0,0.58,355.11,0.6,1.96,0.61,15.0,0.4,1.96,0.39,15.0,0.41,45.0,0.42,355.11,0.01,0.01,2359.846823,1776307855000
1776307857.494,57.494,0.59,45.0,0.58,355.11,0.6,1.96,0.61,15.0,0.4,1.96,0.39,15.0,0.41,45.0,0.42,355.11,0.01,0.01,2359.852111,1776307856000
1776307858.404,58.404,0.59,45.0,0.58,355.11,0.6,1.96,0.61,15.0,0.4,1.96,0.39,15.0,0.41,45.0,0.42,355.11,0.01,0.01,2359.860375,1776307857000
1776307859.008,59.008,0.59,45.0,0.58,355.11,0.6,1.96,0.61,15.0,0.4,1.96,0.39,15.0,0.41,45.0,0.42,355.11,0.01,0.01,2359.85279,1776307858000
1776307860.347,60.347,0.59,45.0,0.58,355.11,0.6,1.96,0.61,15.0,0.4,1.96,0.39,15.0,0.41,45.0,0.42,355.11,0.01,0.01,2359.841375,1776307859000
1776307860.969,60.969,0.59,45.0,0.58,355.11,0.6,1.96,0.61,15.0,0.4,1.96,0.39,15.0,0.41,45.0,0.42,355.11,0.01,0.01,2359.841671,1776307860000
1776307862.243,62.243,0.59,45.0,0.58,355.11,0.6,1.96,0.61,15.0,0.4,1.96,0.39,15.0,0.41,45.0,0.42,355.11,0.01,0.01,2359.838425,1776307861000
1776307863.623,63.623,0.59,45.0,0.58,355.11,0.6,1.96,0.61,15.0,0.4,1.96,0.39,15.0,0.41,45.0,0.42,355.11,0.01,0.01,2359.843589,1776307862000
1776307864.336,64.336,0.59,45.0,0.58,355.11,0.6,1.96,0.61,15.0,0.4,1.96,0.39,15.0,0.41,45.0,0.42,355.11,0.01,0.01,2360.071438,1776307863000
1776307864.926,64.926,0.59,45.0,0.58,355.11,0.6,1.96,0.61,15.0,0.4,1.96,0.39,15.0,0.41,45.0,0.42,355.11,0.01,0.01,2360.214554,1776307864000
1776307865.214,65.214,0.62,7.0,0.59,114.0,0.64,20.57,0.65,5.0,0.36,224.14,0.35,26.0,0.41,109.0,0.42,53.0,0.02,0.05,2360.214554,1776307864000
1776307866.184,66.184,0.63,57.62,0.62,15.0,0.67,5.52,0.68,5.0,0.33,5.52,0.32,5.0,0.37,57.62,0.38,15.0,0.04,0.04,2360.311128,1776307865000
1776307866.452,66.452,0.63,115.24,0.62,20.0,0.68,5.0,0.69,31.0,0.33,5.52,0.32,5.0,0.37,57.62,0.38,15.0,0.05,0.04,2360.311128,1776307865000
1776307866.992,66.992,0.63,127.24,0.62,20.0,0.68,3.38,0.69,31.0,0.32,5.0,0.31,31.0,0.37,115.24,0.38,20.0,0.05,0.05,2360.311128,1776307865000
1776307867.208,67.208,0.63,127.24,0.62,20.0,0.68,3.38,0.69,31.0,0.32,3.38,0.31,31.0,0.37,127.24,0.38,20.0,0.05,0.05,2360.283012,1776307866000
1776307868.85,68.85,0.63,127.24,0.62,20.0,0.68,3.38,0.69,31.0,0.32,3.38,0.31,31.0,0.37,127.24,0.38,20.0,0.05,0.05,2360.291767,1776307867000
1776307869.501,69.501,0.63,127.24,0.62,20.0,0.68,3.38,0.69,31.0,0.32,3.38,0.31,31.0,0.37,127.24,0.38,20.0,0.05,0.05,2360.310459,1776307868000
1776307870.065,70.065,0.63,127.24,0.62,20.0,0.68,3.38,0.69,31.0,0.32,3.38,0.31,31.0,0.37,127.24,0.38,20.0,0.05,0.05,2360.35285,1776307869000
1776307870.792,70.792,0.64,16.0,0.63,191.23,0.69,4.56,0.7,30.0,0.32,3.38,0.31,31.0,0.37,127.24,0.38,20.0,0.05,0.05,2360.35285,1776307869000
1776307871.217,71.217,0.64,16.0,0.63,206.23,0.69,1.4,0.7,30.0,0.31,4.56,0.3,30.0,0.36,16.0,0.37,201.23,0.05,0.05,2360.35285,1776307869000
1776307871.445,71.445,0.68,2.35,0.65,180.0,0.7,10.11,0.71,36.61,0.3,10.11,0.29,36.61,0.32,7.35,0.35,180.0,0.02,0.02,2360.490098,1776307870000
1776307871.856,71.856,0.67,39.3,0.66,16.0,0.69,15.0,0.7,20.0,0.3,10.11,0.29,36.61,0.32,2.35,0.34,6.0,0.02,0.02,2360.490098,1776307870000
1776307872.887,72.887,0.67,42.61,0.66,16.0,0.69,35.55,0.7,20.0,0.31,15.0,0.3,20.0,0.33,15.75,0.34,16.0,0.02,0.02,2360.501535,1776307871000
1776307873.099,73.099,0.67,42.61,0.66,16.0,0.69,35.55,0.7,20.0,0.31,35.55,0.3,20.0,0.33,42.61,0.34,16.0,0.02,0.02,2360.496249,1776307872000
1776307873.372,73.372,0.67,42.61,0.66,16.0,0.69,21.55,0.7,20.0,0.31,35.55,0.3,20.0,0.33,42.61,0.34,16.0,0.02,0.02,2360.496249,1776307872000
1776307874.083,74.083,0.67,52.61,0.66,21.0,0.69,4.55,0.7,20.0,0.31,21.55,0.3,20.0,0.33,42.61,0.34,16.0,0.02,0.02,2360.496249,1776307872000
1776307874.436,74.436,0.67,47.53,0.66,21.0,0.69,4.55,0.7,20.0,0.31,4.55,0.3,20.0,0.33,47.53,0.34,21.0,0.02,0.02,2360.495118,1776307873000
1776307874.659,74.659,0.68,39.65,0.67,47.53,0.7,15.0,0.71,10.0,0.31,4.55,0.3,20.0,0.33,47.53,0.34,21.0,0.02,0.02,2360.495118,1776307873000
1776307874.863,74.863,0.68,39.65,0.67,47.53,0.69,4.92,0.7,30.0,0.3,15.0,0.29,10.0,0.32,39.65,0.33,47.53,0.01,0.02,2360.495118,1776307873000
1776307875.292,75.292,0.68,39.65,0.67,47.53,0.69,4.92,0.7,30.0,0.31,4.92,0.3,30.0,0.32,39.65,0.33,47.53,0.01,0.01,2360.488013,1776307874000
1776307876.707,76.707,0.68,39.65,0.67,47.53,0.69,4.92,0.7,30.0,0.31,4.92,0.3,30.0,0.32,39.65,0.33,47.53,0.01,0.01,2360.485806,1776307875000
1776307877.469,77.469,0.68,39.65,0.67,47.53,0.69,4.92,0.7,30.0,0.31,4.92,0.3,30.0,0.32,39.65,0.33,47.53,0.01,0.01,2360.477322,1776307876000
1776307878.288,78.288,0.68,39.65,0.67,47.53,0.69,4.92,0.7,30.0,0.31,4.92,0.3,30.0,0.32,39.65,0.33,47.53,0.01,0.01,2360.474959,1776307877000
1776307878.526,78.526,0.68,112.75,0.67,41.86,0.7,85.0,0.71,18.0,0.31,4.92,0.3,30.0,0.32,39.65,0.33,47.53,0.02,0.01,2360.474959,1776307877000
1776307878.854,78.854,0.69,103.99,0.68,100.75,0.71,18.0,0.72,10.0,0.3,85.0,0.29,18.0,0.32,112.75,0.33,41.86,0.02,0.02,2360.474959,1776307877000
1776307879.183,79.183,0.7,6.0,0.69,34.99,0.71,18.0,0.72,10.0,0.29,18.0,0.28,10.0,0.31,103.99,0.32,100.75,0.01,0.02,2360.474959,1776307877000
1776307879.433,79.433,0.69,2.41,0.68,100.75,0.71,6.78,0.72,26.0,0.29,24.0,0.28,26.0,0.31,2.41,0.32,100.75,0.02,0.02,2360.474959,1776307877000
1776307879.668,79.668,0.69,2.41,0.68,100.75,0.71,6.78,0.72,26.0,0.29,6.78,0.28,26.0,0.31,2.41,0.32,100.75,0.02,0.02,2360.482648,1776307878000
1776307880.693,80.693,0.69,2.41,0.68,100.75,0.71,6.78,0.72,26.0,0.29,6.78,0.28,26.0,0.31,2.41,0.32,100.75,0.02,0.02,2360.482535,1776307879000
1776307881.165,81.165,0.72,60.75,0.71,33.99,0.73,16.38,0.74,33.0,0.29,6.78,0.28,26.0,0.31,2.41,0.32,100.75,0.01,0.02,2360.482535,1776307879000
1776307882.649,82.649,0.72,67.59,0.71,32.0,0.73,10.0,0.74,33.0,0.27,16.38,0.26,33.0,0.28,60.75,0.29,33.99,0.01,0.01,2360.509412,1776307880000
1776307883.068,83.068,0.72,109.51,0.71,83.31,0.73,10.0,0.74,33.0,0.27,10.0,0.26,33.0,0.28,67.59,0.29,32.0,0.01,0.01,2360.546746,1776307881000
1776307883.494,83.494,0.72,109.51,0.71,83.31,0.73,10.0,0.74,33.0,0.27,10.0,0.26,33.0,0.28,109.51,0.29,83.31,0.01,0.01,2360.624534,1776307882000
1776307883.732,83.732,0.69,31.08,0.68,11.0,0.72,37.0,0.73,31.0,0.27,10.0,0.26,33.0,0.28,109.51,0.29,83.31,0.03,0.01,2360.624534,1776307882000
1776307884.226,84.226,0.69,31.08,0.68,11.0,0.72,37.0,0.73,31.0,0.28,37.0,0.27,31.0,0.31,31.08,0.32,11.0,0.03,0.03,2360.635917,1776307883000
1776307885.168,85.168,0.69,31.08,0.68,26.0,0.7,75.93,0.71,15.0,0.28,37.0,0.27,31.0,0.31,31.08,0.32,11.0,0.01,0.03,2360.635917,1776307883000
1776307885.536,85.536,0.69,21.4,0.68,31.0,0.7,75.93,0.71,15.0,0.3,75.93,0.29,15.0,0.31,31.08,0.32,26.0,0.01,0.01,2360.616978,1776307884000
1776307886.581,86.581,0.69,16.43,0.68,31.0,0.7,75.93,0.71,15.0,0.3,75.93,0.29,15.0,0.31,16.43,0.32,31.0,0.01,0.01,2360.538125,1776307885000
1776307887.265,87.265,0.68,15.0,0.67,20.0,0.7,97.93,0.71,82.99,0.3,75.93,0.29,15.0,0.31,16.43,0.32,31.0,0.02,0.01,2360.538125,1776307885000
1776307887.991,87.991,0.67,2.86,0.66,5.0,0.68,110.38,0.69,68.38,0.31,96.0,0.3,63.93,0.33,13.38,0.34,37.99,0.01,0.02,2360.530235,1776307886000
1776307888.313,88.313,0.64,10.62,0.63,137.23,0.66,146.0,0.67,45.0,0.33,20.0,0.32,109.99,0.35,180.2,0.36,10.62,0.02,0.02,2360.530235,1776307886000
1776307888.607,88.607,0.64,10.62,0.63,95.24,0.65,54.46,0.66,121.99,0.35,64.46,0.34,106.0,0.36,10.62,0.37,95.24,0.01,0.01,2360.490329,1776307887000
1776307888.982,88.982,0.63,84.57,0.62,20.0,0.64,16.87,0.65,30.46,0.36,1.87,0.35,59.46,0.37,74.57,0.38,15.0,0.01,0.01,2360.490329,1776307887000
1776307889.307,89.307,0.64,7.0,0.63,89.57,0.66,121.99,0.67,45.38,0.34,121.99,0.33,45.38,0.37,89.57,0.38,20.0,0.02,0.03,2360.409286,1776307888000
1776307889.726,89.726,0.64,17.24,0.63,89.57,0.66,111.99,0.67,45.38,0.34,121.99,0.33,45.38,0.36,7.0,0.37,89.57,0.02,0.02,2360.409286,1776307888000
1776307890.245,90.245,0.65,15.0,0.64,17.24,0.66,109.99,0.67,45.38,0.34,109.99,0.33,45.38,0.35,15.0,0.36,17.24,0.01,0.01,2360.153634,1776307889000
1776307891.233,91.233,0.65,15.0,0.64,22.55,0.66,108.72,0.67,50.99,0.34,109.99,0.33,45.38,0.35,15.0,0.36,17.24,0.01,0.01,2360.153634,1776307889000
1776307891.434,91.434,0.65,15.0,0.64,22.55,0.66,108.72,0.67,50.99,0.34,108.72,0.33,50.99,0.35,15.0,0.36,22.55,0.01,0.01,2360.046777,1776307890000
1776307891.89,91.89,0.65,15.0,0.64,22.55,0.66,108.72,0.67,50.99,0.34,108.72,0.33,50.99,0.35,15.0,0.36,22.55,0.01,0.01,2360.055635,1776307891000
1776307892.938,92.938,0.65,37.0,0.64,47.54,0.68,5.0,0.69,30.61,0.34,108.72,0.33,50.99,0.35,15.0,0.36,22.55,0.03,0.01,2360.055635,1776307891000
1776307893.258,93.258,0.68,15.0,0.67,21.0,0.71,54.9,0.72,32.0,0.32,5.0,0.31,30.61,0.35,37.0,0.36,47.54,0.03,0.03,2360.051404,1776307892000
1776307893.97,93.97,0.69,18.51,0.68,15.0,0.71,5.21,0.72,37.61,0.3,10.0,0.29,84.9,0.31,2.51,0.32,15.0,0.02,0.01,2360.051404,1776307892000
1776307894.249,94.249,0.69,18.51,0.68,15.0,0.71,5.21,0.72,37.61,0.29,5.21,0.28,37.61,0.31,18.51,0.32,15.0,0.02,0.02,2360.049012,1776307893000
1776307895.353,95.353,0.7,10.0,0.69,18.51,0.71,17.21,0.72,15.0,0.29,5.21,0.28,37.61,0.31,18.51,0.32,15.0,0.01,0.02,2360.049012,1776307893000
1776307896.455,96.455,0.7,10.0,0.69,18.51,0.71,17.21,0.72,15.0,0.29,17.21,0.28,15.0,0.3,10.0,0.31,18.51,0.01,0.01,2360.277757,1776307895000
1776307896.983,96.983,0.7,10.0,0.69,18.51,0.71,17.21,0.72,15.0,0.29,17.21,0.28,15.0,0.3,10.0,0.31,18.51,0.01,0.01,2360.21885,1776307896000
1776307897.262,97.262,0.67,10.0,0.66,52.99,0.7,57.0,0.71,10.21,0.29,17.21,0.28,15.0,0.3,10.0,0.31,18.51,0.03,0.01,2360.21885,1776307896000
1776307897.64,97.64,0.67,10.0,0.66,51.99,0.68,13.52,0.69,15.0,0.3,57.0,0.29,10.21,0.33,10.0,0.34,52.99,0.01,0.03,2360.21885,1776307896000
1776307898.164,98.164,0.67,10.0,0.66,51.99,0.68,13.52,0.69,15.0,0.32,13.52,0.31,15.0,0.33,10.0,0.34,51.99,0.01,0.01,2360.210624,1776307897000
1776307899.272,99.272,0.64,20.31,0.63,89.57,0.68,77.9,0.69,39.99,0.32,13.52,0.31,15.0,0.33,10.0,0.34,51.99,0.04,0.01,2360.210624,1776307897000
1776307899.872,99.872,0.65,10.0,0.64,25.62,0.66,15.0,0.67,25.99,0.32,77.9,0.31,39.99,0.36,20.31,0.37,89.57,0.01,0.04,2360.16788,1776307898000
1776307900.381,100.381,0.65,10.0,0.64,25.62,0.66,15.0,0.67,25.99,0.34,15.0,0.33,25.99,0.35,10.0,0.36,25.62,0.01,0.01,2360.132089,1776307899000
1776307900.884,100.884,0.65,15.0,0.64,35.62,0.67,23.45,0.68,65.9,0.34,15.0,0.33,25.99,0.35,10.0,0.36,25.62,0.02,0.01,2360.132089,1776307899000
1776307901.315,101.315,0.65,12.14,0.64,35.62,0.67,17.46,0.68,71.51,0.33,23.45,0.32,65.9,0.35,15.0,0.36,35.62,0.02,0.02,2360.106475,1776307900000
1776307901.576,101.576,0.65,12.14,0.64,25.62,0.67,47.22,0.68,71.51,0.33,17.46,0.32,71.51,0.35,12.14,0.36,35.62,0.02,0.02,2360.106475,1776307900000
1776307902.075,102.075,0.65,12.14,0.64,25.62,0.67,47.22,0.68,71.51,0.33,47.22,0.32,71.51,0.35,12.14,0.36,25.62,0.02,0.02,2360.061773,1776307901000
1776307903.197,103.197,0.65,12.14,0.64,25.62,0.67,47.22,0.68,71.51,0.33,47.22,0.32,71.51,0.35,12.14,0.36,25.62,0.02,0.02,2360.064156,1776307902000
1776307904.269,104.269,0.65,12.14,0.64,25.62,0.67,47.22,0.68,71.51,0.33,47.22,0.32,71.51,0.35,12.14,0.36,25.62,0.02,0.02,2360.061535,1776307903000
1776307905.284,105.284,0.66,44.44,0.65,32.54,0.67,22.02,0.68,23.52,0.33,22.02,0.32,23.52,0.34,44.44,0.35,32.54,0.01,0.01,2360.082507,1776307904000
1776307906.332,106.332,0.66,44.44,0.65,32.54,0.67,22.02,0.68,23.52,0.33,22.02,0.32,23.52,0.34,44.44,0.35,32.54,0.01,0.01,2360.058682,1776307905000
1776307906.94,106.94,0.66,9.0,0.65,37.74,0.67,27.02,0.68,35.51,0.33,22.02,0.32,23.52,0.34,44.44,0.35,32.54,0.01,0.01,2360.058682,1776307905000
1776307908.047,108.047,0.66,4.0,0.65,37.74,0.67,22.02,0.68,35.51,0.33,22.02,0.32,35.51,0.34,4.0,0.35,37.74,0.01,0.01,2360.05883,1776307907000
1776307909.097,109.097,0.66,4.0,0.65,37.74,0.67,22.02,0.68,35.51,0.33,22.02,0.32,35.51,0.34,4.0,0.35,37.74,0.01,0.01,2360.047075,1776307908000
1776307910.187,110.187,0.66,4.0,0.65,37.74,0.67,22.02,0.68,35.51,0.33,22.02,0.32,35.51,0.34,4.0,0.35,37.74,0.01,0.01,2360.023189,1776307909000
1776307910.887,110.887,0.65,16.2,0.64,10.62,0.66,171.0,0.67,52.02,0.33,22.02,0.32,35.51,0.34,4.0,0.35,37.74,0.01,0.01,2360.023189,1776307909000
1776307911.191,111.191,0.63,32.42,0.62,5.0,0.64,79.0,0.65,40.0,0.36,10.0,0.35,40.0,0.37,61.42,0.38,5.0,0.01,0.01,2360.023189,1776307909000
1776307912.313,112.313,0.6,2.88,0.59,130.69,0.64,99.0,0.65,50.0,0.36,99.0,0.35,50.0,0.4,2.88,0.41,130.69,0.04,0.04,2360.012864,1776307911000
1776307912.546,112.546,0.6,0.38,0.59,116.7,0.61,20.0,0.62,20.0,0.36,99.0,0.35,50.0,0.4,2.88,0.41,130.69,0.01,0.04,2360.012864,1776307911000
1776307913.33,113.33,0.6,0.38,0.59,116.7,0.61,20.0,0.62,20.0,0.39,20.0,0.38,20.0,0.4,0.38,0.41,116.7,0.01,0.01,2359.701361,1776307912000
1776307914.48,114.48,0.6,0.38,0.59,116.7,0.61,20.0,0.62,20.0,0.39,20.0,0.38,20.0,0.4,0.38,0.41,116.7,0.01,0.01,2359.6084,1776307913000
1776307914.949,114.949,0.6,0.38,0.59,116.7,0.61,20.0,0.62,20.0,0.39,20.0,0.38,20.0,0.4,0.38,0.41,116.7,0.01,0.01,2359.594759,1776307914000
1776307915.236,115.236,0.59,109.01,0.58,43.0,0.61,25.0,0.62,25.38,0.39,20.0,0.38,20.0,0.4,0.38,0.41,116.7,0.02,0.01,2359.594759,1776307914000
1776307915.96,115.96,0.59,109.01,0.58,43.0,0.61,25.0,0.62,25.38,0.39,25.0,0.38,25.38,0.41,109.01,0.42,43.0,0.02,0.02,2359.60435,1776307915000
1776307916.979,116.979,0.59,109.01,0.58,43.0,0.61,25.0,0.62,25.38,0.39,25.0,0.38,25.38,0.41,109.01,0.42,43.0,0.02,0.02,2359.602399,1776307916000
1776307917.611,117.611,0.59,95.44,0.58,33.0,0.61,164.99,0.62,25.38,0.39,25.0,0.38,25.38,0.41,109.01,0.42,43.0,0.02,0.02,2359.602399,1776307916000
1776307917.821,117.821,0.59,82.56,0.58,33.0,0.6,129.61,0.61,114.0,0.39,164.99,0.38,25.38,0.41,95.44,0.42,33.0,0.01,0.02,2359.602399,1776307916000
1776307918.021,118.021,0.58,19.0,0.57,15.0,0.59,32.61,0.6,90.0,0.4,253.99,0.39,187.38,0.42,33.0,0.43,15.0,0.01,0.02,2359.59374,1776307917000
1776307918.23,118.23,0.58,9.0,0.57,15.0,0.59,148.99,0.6,78.0,0.41,32.61,0.4,90.0,0.42,19.0,0.43,15.0,0.01,0.01,2359.59374,1776307917000
1776307918.439,118.439,0.58,3.88,0.57,15.0,0.59,169.91,0.6,78.0,0.41,148.99,0.4,78.0,0.42,9.0,0.43,15.0,0.01,0.01,2359.59374,1776307917000
1776307918.781,118.781,0.57,15.0,0.56,6.0,0.59,214.91,0.6,78.0,0.41,169.91,0.4,78.0,0.42,3.88,0.43,15.0,0.02,0.01,2359.59374,1776307917000
1776307919.019,119.019,0.57,15.0,0.56,6.0,0.59,214.91,0.6,78.0,0.41,214.91,0.4,78.0,0.43,15.0,0.44,6.0,0.02,0.02,2359.582039,1776307918000
1776307919.583,119.583,0.57,2.89,0.56,6.0,0.58,138.99,0.59,133.82,0.41,214.91,0.4,78.0,0.43,15.0,0.44,6.0,0.01,0.02,2359.582039,1776307918000
1776307919.906,119.906,0.57,2.89,0.56,6.0,0.58,15.4,0.59,128.82,0.42,138.99,0.41,133.82,0.43,2.89,0.44,6.0,0.01,0.01,2359.582039,1776307918000
1776307920.227,120.227,0.53,16.63,0.52,28.0,0.56,109.0,0.57,45.0,0.44,15.0,0.43,15.0,0.45,2.93,0.47,22.0,0.03,0.01,2359.482032,1776307919000
1776307920.578,120.578,0.52,13.0,0.51,5.0,0.54,10.0,0.55,79.0,0.44,109.0,0.43,45.0,0.47,16.63,0.48,28.0,0.02,0.03,2359.482032,1776307919000
1776307920.818,120.818,0.52,8.47,0.51,5.0,0.53,127.0,0.54,10.0,0.46,10.0,0.45,79.0,0.48,13.0,0.49,5.0,0.01,0.02,2359.482032,1776307919000
1776307921.129,121.129,0.48,9.61,0.47,61.74,0.5,67.0,0.51,15.0,0.5,10.0,0.49,10.0,0.51,7.96,0.52,10.0,0.02,0.01,2359.312534,1776307920000
1776307921.395,121.395,0.47,51.13,0.46,10.0,0.5,51.64,0.51,10.0,0.5,49.64,0.49,10.0,0.51,2.05,0.52,14.61,0.03,0.01,2359.312534,1776307920000
1776307921.85,121.85,0.47,56.59,0.46,10.0,0.48,133.0,0.49,24.0,0.5,51.64,0.49,10.0,0.53,51.13,0.54,10.0,0.01,0.03,2359.312534,1776307920000
1776307922.319,122.319,0.41,10.0,0.4,15.0,0.46,10.0,0.47,62.0,0.52,143.0,0.51,29.0,0.56,9.63,0.57,10.0,0.05,0.04,2359.285609,1776307921000
1776307922.659,122.659,0.42,7.89,0.41,24.0,0.44,40.0,0.45,24.0,0.54,17.0,0.53,37.0,0.59,10.0,0.6,15.0,0.02,0.05,2359.285609,1776307921000
1776307922.921,122.921,0.41,2.58,0.4,15.0,0.44,42.0,0.45,24.0,0.56,40.0,0.55,24.0,0.58,7.89,0.59,24.0,0.03,0.02,2359.285609,1776307921000
1776307923.364,123.364,0.42,3.1,0.41,15.0,0.43,22.0,0.44,50.0,0.56,42.0,0.55,24.0,0.61,18.92,0.62,16.99,0.01,0.05,2359.0288,1776307922000
1776307923.65,123.65,0.41,131.03,0.4,20.0,0.43,52.0,0.44,40.0,0.57,22.0,0.56,50.0,0.58,3.1,0.59,15.0,0.02,0.01,2359.0288,1776307922000
1776307923.92,123.92,0.46,56.62,0.45,10.0,0.47,3.0,0.48,10.0,0.53,10.0,0.52,10.0,0.54,6.62,0.56,10.0,0.01,0.01,2359.0288,1776307922000
1776307924.14,124.14,0.46,5.0,0.42,18.99,0.47,70.6,0.48,10.0,0.53,22.9,0.52,10.0,0.54,13.62,0.55,17.0,0.01,0.01,2358.80886,1776307923000
1776307924.34,124.34,0.46,18.99,0.42,13.99,0.47,144.0,0.48,20.0,0.53,144.0,0.52,20.0,0.54,18.99,0.58,13.99,0.01,0.01,2358.80886,1776307923000
1776307924.574,124.574,0.43,9.67,0.42,23.99,0.47,53.89,0.48,15.0,0.53,78.89,0.52,20.0,0.54,18.99,0.57,10.0,0.04,0.01,2358.80886,1776307923000
1776307924.823,124.823,0.42,34.58,0.41,28.0,0.45,72.0,0.46,16.0,0.55,67.0,0.54,16.0,0.56,5.0,0.57,19.67,0.03,0.01,2358.80886,1776307923000
1776307925.334,125.334,0.46,34.0,0.45,24.78,0.47,42.61,0.48,88.76,0.55,72.0,0.54,16.0,0.58,34.58,0.59,28.0,0.01,0.03,2358.73362,1776307924000
1776307925.665,125.665,0.46,22.46,0.45,34.78,0.48,16.14,0.49,15.61,0.52,20.53,0.51,10.0,0.54,30.0,0.55,31.78,0.02,0.02,2358.73362,1776307924000
1776307925.958,125.958,0.46,22.46,0.45,34.78,0.48,16.14,0.49,15.61,0.52,16.14,0.51,15.61,0.54,22.46,0.55,34.78,0.02,0.02,2358.853376,1776307925000
1776307926.823,126.823,0.51,0.3,0.5,10.0,0.52,7.0,0.54,25.11,0.52,16.14,0.51,15.61,0.54,22.46,0.55,34.78,0.01,0.02,2358.853376,1776307925000
1776307927.035,127.035,0.52,7.0,0.51,22.0,0.54,12.61,0.55,43.11,0.48,7.0,0.46,25.11,0.49,0.3,0.5,10.0,0.02,0.01,2358.853376,1776307925000
1776307927.336,127.336,0.52,17.0,0.51,22.0,0.54,10.0,0.55,10.0,0.46,12.61,0.45,43.11,0.48,7.0,0.49,22.0,0.02,0.02,2358.853376,1776307925000
1776307927.782,127.782,0.54,64.34,0.53,25.99,0.55,10.0,0.56,17.0,0.45,10.0,0.44,17.0,0.47,13.99,0.48,5.0,0.01,0.02,2358.925946,1776307926000
1776307928.095,128.095,0.54,64.34,0.53,25.99,0.55,10.0,0.56,17.0,0.45,10.0,0.44,17.0,0.46,64.34,0.47,25.99,0.01,0.01,2358.925946,1776307927000
1776307928.777,128.777,0.57,24.0,0.56,78.0,0.58,5.28,0.59,20.0,0.45,10.0,0.44,17.0,0.46,64.34,0.47,25.99,0.01,0.01,2358.925946,1776307927000
1776307929.066,129.066,0.57,29.0,0.56,78.0,0.59,20.0,0.6,10.0,0.41,20.0,0.4,10.0,0.43,29.0,0.44,78.0,0.02,0.02,2359.124586,1776307928000
1776307929.33,129.33,0.57,60.0,0.56,123.99,0.6,10.0,0.61,22.0,0.41,20.0,0.4,10.0,0.43,29.0,0.44,78.0,0.03,0.02,2359.124586,1776307928000
1776307929.64,129.64,0.59,19.0,0.58,51.0,0.61,14.67,0.62,10.0,0.4,10.0,0.39,22.0,0.43,60.0,0.44,123.99,0.02,0.03,2359.124586,1776307928000
1776307930.047,130.047,0.59,19.0,0.58,60.0,0.61,15.0,0.62,17.0,0.38,10.0,0.37,10.0,0.41,14.0,0.42,17.0,0.02,0.03,2359.124586,1776307928000
1776307930.699,130.699,0.63,65.0,0.62,109.0,0.65,18.0,0.66,10.0,0.39,15.0,0.38,17.0,0.41,19.0,0.42,60.0,0.02,0.02,2359.39,1776307929000
1776307931.009,131.009,0.64,24.0,0.63,106.0,0.67,33.0,0.68,10.0,0.36,5.28,0.35,18.0,0.37,70.0,0.38,109.0,0.03,0.01,2359.39,1776307929000
1776307932.3,132.3,0.64,9.63,0.63,116.0,0.65,10.0,0.66,15.0,0.35,10.0,0.34,10.0,0.36,17.41,0.37,106.0,0.01,0.01,2359.519725,1776307930000
1776307933.313,133.313,0.63,9.0,0.62,14.0,0.64,40.0,0.65,10.0,0.35,10.0,0.34,15.0,0.36,9.63,0.37,116.0,0.01,0.01,2359.641598,1776307931000
1776307933.823,133.823,0.58,10.4,0.57,62.99,0.61,22.0,0.62,15.0,0.36,45.0,0.35,77.27,0.38,14.0,0.39,7.0,0.03,0.02,2359.762881,1776307932000
1776307935.438,135.438,0.58,8.01,0.57,67.99,0.59,5.0,0.6,20.0,0.41,5.0,0.4,20.0,0.42,8.01,0.43,67.99,0.01,0.01,2359.738109,1776307934000
1776307936.061,136.061,0.58,8.01,0.57,67.99,0.59,5.0,0.6,20.0,0.41,5.0,0.4,20.0,0.42,8.01,0.43,67.99,0.01,0.01,2359.653626,1776307935000
1776307936.82,136.82,0.55,39.64,0.54,15.0,0.56,15.0,0.57,25.0,0.41,5.0,0.4,20.0,0.42,8.01,0.43,67.99,0.01,0.01,2359.653626,1776307935000
1776307937.221,137.221,0.55,39.64,0.54,15.0,0.56,15.0,0.57,25.0,0.44,15.0,0.43,25.0,0.45,39.64,0.46,15.0,0.01,0.01,2359.653925,1776307936000
1776307937.678,137.678,0.55,2.78,0.52,6.0,0.56,109.0,0.57,50.0,0.44,15.0,0.43,25.0,0.45,39.64,0.46,15.0,0.01,0.01,2359.653925,1776307936000
1776307938.142,138.142,0.45,134.99,0.44,10.1,0.46,10.0,0.47,15.0,0.49,36.0,0.48,25.0,0.5,2.14,0.55,149.99,0.01,0.01,2359.653925,1776307936000
1776307938.358,138.358,0.44,4.65,0.43,10.0,0.45,10.0,0.46,27.0,0.54,10.0,0.53,15.0,0.55,134.99,0.56,10.1,0.01,0.01,2359.550483,1776307937000
1776307938.941,138.941,0.43,5.88,0.42,22.0,0.45,60.0,0.46,35.0,0.55,60.0,0.54,35.0,0.57,5.88,0.58,22.0,0.02,0.02,2359.5,1776307938000
1776307939.384,139.384,0.41,10.0,0.4,22.0,0.43,15.0,0.44,15.0,0.57,5.0,0.56,15.0,0.6,22.0,0.61,15.0,0.02,0.03,2359.5,1776307938000
1776307939.7,139.7,0.4,15.0,0.39,23.0,0.42,10.0,0.43,15.0,0.57,15.0,0.56,15.0,0.59,10.0,0.6,22.0,0.02,0.02,2359.5,1776307938000
1776307940.139,140.139,0.39,23.0,0.38,20.0,0.42,10.0,0.43,15.0,0.58,10.0,0.57,15.0,0.61,23.0,0.62,20.0,0.03,0.03,2359.106825,1776307939000
1776307940.385,140.385,0.4,6.66,0.39,28.0,0.42,10.0,0.43,10.0,0.58,10.0,0.57,10.0,0.6,8.33,0.61,28.0,0.02,0.02,2359.106825,1776307939000
1776307941.186,141.186,0.4,1.24,0.39,23.0,0.42,15.0,0.43,10.0,0.58,15.0,0.57,10.0,0.6,1.24,0.61,23.0,0.02,0.02,2358.820994,1776307940000
1776307942.842,142.842,0.39,14.83,0.38,15.0,0.41,15.0,0.42,10.0,0.59,15.0,0.58,10.0,0.61,14.83,0.62,15.0,0.02,0.02,2358.671505,1776307941000
1776307943.313,143.313,0.39,14.83,0.38,15.0,0.41,15.0,0.42,10.0,0.59,15.0,0.58,10.0,0.61,14.83,0.62,15.0,0.02,0.02,2358.66402,1776307942000
1776307944.084,144.084,0.4,20.0,0.39,9.83,0.41,3.0,0.42,15.0,0.59,15.0,0.58,10.0,0.61,14.83,0.62,15.0,0.01,0.02,2358.66402,1776307942000
1776307944.305,144.305,0.4,17.81,0.39,9.83,0.42,15.0,0.43,10.0,0.58,15.0,0.57,10.0,0.6,17.81,0.61,9.83,0.02,0.02,2358.667032,1776307943000
1776307945.108,145.108,0.39,14.83,0.38,23.0,0.42,15.0,0.43,10.0,0.58,15.0,0.57,10.0,0.6,17.81,0.61,9.83,0.03,0.02,2358.667032,1776307943000
1776307945.351,145.351,0.39,14.83,0.38,23.0,0.42,15.0,0.43,10.0,0.58,15.0,0.57,10.0,0.61,14.83,0.62,23.0,0.03,0.03,2358.671969,1776307944000
1776307945.65,145.65,0.38,23.0,0.37,10.0,0.41,20.0,0.42,10.0,0.58,15.0,0.57,10.0,0.61,14.83,0.62,23.0,0.03,0.03,2358.671969,1776307944000
1776307946.317,146.317,0.38,20.9,0.37,10.0,0.39,20.0,0.4,15.0,0.6,15.0,0.59,15.0,0.61,1.0,0.62,23.0,0.01,0.01,2358.671969,1776307944000
1776307946.878,146.878,0.38,20.9,0.37,10.0,0.39,20.0,0.4,15.0,0.61,20.0,0.6,15.0,0.62,20.9,0.63,10.0,0.01,0.01,2358.67898,1776307946000
1776307947.954,147.954,0.38,10.09,0.37,10.0,0.39,20.0,0.4,20.0,0.61,20.0,0.6,20.0,0.62,10.09,0.63,10.0,0.01,0.01,2358.660545,1776307947000
1776307949.016,149.016,0.38,11.38,0.37,10.0,0.39,15.0,0.4,15.0,0.61,15.0,0.6,15.0,0.62,11.38,0.63,10.0,0.01,0.01,2358.602425,1776307948000
1776307950.138,150.138,0.38,11.38,0.37,10.0,0.39,15.0,0.4,15.0,0.61,15.0,0.6,15.0,0.62,11.38,0.63,10.0,0.01,0.01,2358.599008,1776307949000
1776307950.543,150.543,0.38,20.0,0.37,18.0,0.4,15.0,0.41,15.0,0.61,15.0,0.6,15.0,0.62,11.38,0.63,10.0,0.02,0.01,2358.599008,1776307949000
1776307951.643,151.643,0.38,20.0,0.37,18.0,0.4,15.0,0.41,15.0,0.6,15.0,0.59,15.0,0.62,20.0,0.63,18.0,0.02,0.02,2358.611878,1776307950000
1776307952.192,152.192,0.37,23.0,0.36,70.0,0.4,50.0,0.41,15.0,0.6,15.0,0.59,15.0,0.62,20.0,0.63,18.0,0.03,0.02,2358.611878,1776307950000
1776307953.669,153.669,0.37,23.0,0.36,70.0,0.4,50.0,0.41,15.0,0.6,50.0,0.59,15.0,0.63,23.0,0.64,70.0,0.03,0.03,2358.61345,1776307952000
1776307954.113,154.113,0.46,16.0,0.45,21.0,0.48,6.6,0.49,21.0,0.6,50.0,0.59,15.0,0.63,23.0,0.64,70.0,0.02,0.03,2358.61345,1776307952000
1776307954.318,154.318,0.48,6.0,0.47,6.0,0.5,31.0,0.51,21.0,0.51,10.0,0.5,21.0,0.52,6.59,0.53,12.71,0.02,0.01,2358.610882,1776307953000
1776307954.587,154.587,0.48,6.0,0.47,6.0,0.49,4.74,0.5,38.0,0.5,31.0,0.49,21.0,0.52,6.0,0.53,6.0,0.01,0.02,2358.610882,1776307953000
1776307955.408,155.408,0.45,5.0,0.44,22.0,0.47,10.0,0.48,15.0,0.53,10.0,0.52,15.0,0.55,5.0,0.56,22.0,0.02,0.02,2358.640549,1776307954000
1776307956.053,156.053,0.45,5.0,0.44,22.0,0.47,10.0,0.48,15.0,0.53,10.0,0.52,15.0,0.55,5.0,0.56,22.0,0.02,0.02,2358.772159,1776307955000
1776307957.485,157.485,0.45,5.0,0.44,22.0,0.46,9.74,0.47,34.08,0.53,10.0,0.52,15.0,0.55,5.0,0.56,22.0,0.01,0.02,2358.772159,1776307955000
1776307957.969,157.969,0.46,20.0,0.45,15.0,0.48,20.0,0.49,9.74,0.54,9.74,0.53,34.08,0.55,5.0,0.56,22.0,0.02,0.01,2358.91261,1776307956000
1776307958.227,158.227,0.46,20.0,0.45,15.0,0.48,20.0,0.49,9.74,0.52,20.0,0.51,9.74,0.54,20.0,0.55,15.0,0.02,0.02,2358.916965,1776307957000
1776307958.75,158.75,0.44,186.0,0.43,29.99,0.46,15.0,0.47,15.0,0.52,20.0,0.51,9.74,0.54,20.0,0.55,15.0,0.02,0.02,2358.916965,1776307957000
1776307959.059,159.059,0.44,60.0,0.43,146.99,0.46,10.0,0.47,20.0,0.54,15.0,0.53,15.0,0.56,186.0,0.57,29.99,0.02,0.02,2358.916965,1776307957000
1776307959.409,159.409,0.44,60.0,0.43,146.99,0.46,10.0,0.47,20.0,0.54,10.0,0.53,20.0,0.56,60.0,0.57,146.99,0.02,0.02,2358.891146,1776307958000
1776307959.989,159.989,0.44,60.0,0.43,146.99,0.46,10.0,0.47,20.0,0.54,10.0,0.53,20.0,0.56,60.0,0.57,146.99,0.02,0.02,2358.892291,1776307959000
1776307960.785,160.785,0.37,5.45,0.36,65.0,0.39,15.0,0.4,20.0,0.54,10.0,0.53,20.0,0.56,60.0,0.57,146.99,0.02,0.02,2358.892291,1776307959000
1776307961.069,161.069,0.37,5.45,0.36,65.0,0.39,15.0,0.4,20.0,0.61,15.0,0.6,20.0,0.63,5.45,0.64,65.0,0.02,0.02,2358.93497,1776307960000
1776307962.136,162.136,0.37,5.45,0.36,65.0,0.39,15.0,0.4,20.0,0.61,15.0,0.6,20.0,0.63,5.45,0.64,65.0,0.02,0.02,2358.872252,1776307961000
1776307962.404,162.404,0.37,3.38,0.36,65.0,0.38,20.0,0.39,20.0,0.61,15.0,0.6,20.0,0.63,5.45,0.64,65.0,0.01,0.02,2358.872252,1776307961000
1776307962.829,162.829,0.36,60.51,0.35,20.0,0.38,25.0,0.39,20.0,0.62,20.0,0.61,20.0,0.63,3.38,0.64,65.0,0.02,0.01,2358.872252,1776307961000
1776307963.393,163.393,0.36,60.51,0.35,20.0,0.38,25.0,0.39,20.0,0.62,25.0,0.61,20.0,0.64,60.51,0.65,20.0,0.02,0.02,2358.682576,1776307962000
1776307964.438,164.438,0.35,20.0,0.34,15.0,0.38,15.0,0.39,20.0,0.62,15.0,0.61,20.0,0.65,20.0,0.66,15.0,0.03,0.03,2358.605541,1776307963000
1776307964.722,164.722,0.27,20.0,0.26,15.0,0.31,82.0,0.32,20.0,0.69,77.0,0.68,20.0,0.7,10.0,0.71,13.6,0.04,0.01,2358.605541,1776307963000
1776307965.051,165.051,0.27,20.0,0.26,15.0,0.31,82.0,0.32,20.0,0.69,82.0,0.68,20.0,0.73,20.0,0.74,15.0,0.04,0.04,2358.599418,1776307964000
1776307965.278,165.278,0.27,20.0,0.26,15.0,0.29,10.0,0.3,35.0,0.7,35.0,0.69,50.0,0.73,20.0,0.74,15.0,0.02,0.03,2358.599418,1776307964000
1776307965.816,165.816,0.27,17.91,0.26,15.0,0.29,15.0,0.3,35.0,0.71,10.0,0.7,35.0,0.73,20.0,0.74,15.0,0.02,0.02,2358.599418,1776307964000
1776307966.172,166.172,0.27,17.91,0.26,15.0,0.29,15.0,0.3,35.0,0.71,15.0,0.7,35.0,0.73,17.91,0.74,15.0,0.02,0.02,2358.558439,1776307965000
1776307967.187,167.187,0.27,17.91,0.26,15.0,0.29,15.0,0.3,35.0,0.71,15.0,0.7,35.0,0.73,17.91,0.74,15.0,0.02,0.02,2358.365563,1776307966000
1776307967.395,167.395,0.32,16.0,0.31,26.0,0.33,23.0,0.34,15.0,0.67,29.0,0.66,15.0,0.68,16.0,0.69,26.0,0.01,0.01,2358.365563,1776307966000
1776307967.763,167.763,0.26,10.4,0.25,15.0,0.28,20.0,0.29,15.0,0.67,23.0,0.66,15.0,0.68,16.0,0.69,26.0,0.02,0.01,2358.365563,1776307966000
1776307968.229,168.229,0.24,20.0,0.23,220.58,0.26,15.0,0.27,20.0,0.74,5.0,0.73,15.0,0.75,15.0,0.76,20.0,0.02,0.01,2358.365563,1776307966000
1776307968.545,168.545,0.23,83.58,0.22,42.41,0.26,15.0,0.27,20.0,0.74,15.0,0.73,20.0,0.76,20.0,0.77,220.58,0.03,0.02,2358.34823,1776307967000
1776307968.806,168.806,0.23,64.93,0.22,36.0,0.25,15.0,0.26,15.0,0.74,15.0,0.73,20.0,0.77,83.58,0.78,42.41,0.02,0.03,2358.34823,1776307967000
1776307969.323,169.323,0.22,29.42,0.21,79.58,0.23,15.0,0.24,15.0,0.75,11.0,0.74,15.0,0.76,5.0,0.77,54.93,0.01,0.01,2358.34823,1776307967000
1776307969.893,169.893,0.25,15.0,0.24,90.0,0.26,5.0,0.27,5.0,0.77,15.0,0.76,15.0,0.78,10.0,0.79,70.0,0.01,0.01,2358.307676,1776307968000
1776307970.209,170.209,0.25,20.0,0.24,90.0,0.26,25.0,0.27,15.0,0.74,5.0,0.73,5.0,0.75,15.0,0.76,90.0,0.01,0.01,2358.235532,1776307969000
1776307970.6,170.6,0.23,15.0,0.22,10.0,0.25,50.0,0.26,25.0,0.74,25.0,0.73,15.0,0.75,20.0,0.76,90.0,0.02,0.01,2358.235532,1776307969000
1776307971.084,171.084,0.22,10.0,0.21,70.0,0.24,5.0,0.25,45.0,0.76,5.0,0.75,45.0,0.78,10.0,0.79,70.0,0.02,0.02,2358.108055,1776307970000
1776307972.05,172.05,0.22,10.0,0.21,70.0,0.24,5.0,0.25,45.0,0.76,5.0,0.75,45.0,0.78,10.0,0.79,70.0,0.02,0.02,2358.04963,1776307971000
1776307973.145,173.145,0.28,20.0,0.27,20.0,0.3,14.74,0.31,15.0,0.7,14.74,0.69,15.0,0.72,20.0,0.73,20.0,0.02,0.02,2358.03983,1776307972000
1776307973.731,173.731,0.29,220.0,0.28,102.41,0.32,10.0,0.33,15.0,0.7,14.74,0.69,15.0,0.72,20.0,0.73,20.0,0.03,0.02,2358.03983,1776307972000
1776307974.019,174.019,0.32,10.0,0.31,20.0,0.34,14.7,0.35,15.0,0.68,10.0,0.67,15.0,0.71,220.0,0.72,102.41,0.02,0.03,2358.03983,1776307972000
1776307975.098,175.098,0.32,15.0,0.31,20.0,0.34,10.0,0.35,15.0,0.66,10.0,0.65,15.0,0.68,15.0,0.69,20.0,0.02,0.02,2358.16385,1776307974000
1776307975.339,175.339,0.3,157.85,0.29,70.99,0.35,10.0,0.36,10.0,0.66,10.0,0.65,15.0,0.68,15.0,0.69,20.0,0.05,0.02,2358.16385,1776307974000
1776307975.633,175.633,0.34,2.87,0.33,5.0,0.35,1.42,0.36,15.0,0.64,15.0,0.63,20.0,0.66,2.87,0.67,5.0,0.01,0.02,2358.16385,1776307974000
1776307975.865,175.865,0.32,5.0,0.31,136.0,0.36,14.57,0.37,20.0,0.65,1.42,0.64,15.0,0.66,2.87,0.67,5.0,0.04,0.01,2358.16385,1776307974000
1776307976.119,176.119,0.32,5.0,0.31,136.0,0.36,14.57,0.37,20.0,0.64,14.57,0.63,20.0,0.68,5.0,0.69,136.0,0.04,0.04,2358.325851,1776307975000
1776307976.346,176.346,0.32,15.0,0.31,15.0,0.35,2.42,0.36,14.57,0.65,2.42,0.64,14.57,0.7,226.84,0.71,95.5,0.03,0.05,2358.325851,1776307975000
1776307977.188,177.188,0.32,15.0,0.31,15.0,0.35,2.42,0.36,14.57,0.65,2.42,0.64,14.57,0.68,15.0,0.69,15.0,0.03,0.03,2358.381658,1776307976000
1776307978.098,178.098,0.33,10.0,0.32,15.0,0.34,4.11,0.35,90.96,0.66,15.0,0.65,90.96,0.68,15.0,0.69,15.0,0.01,0.02,2358.381658,1776307976000
1776307978.819,178.819,0.34,15.0,0.33,20.0,0.36,1.85,0.37,15.0,0.66,4.11,0.65,90.96,0.67,10.0,0.68,15.0,0.02,0.01,2358.390495,1776307977000
1776307979.12,179.12,0.35,20.0,0.34,15.0,0.37,15.0,0.38,15.0,0.64,1.85,0.63,15.0,0.66,15.0,0.67,20.0,0.02,0.02,2358.390495,1776307977000
1776307979.51,179.51,0.35,11.66,0.34,15.0,0.37,15.0,0.38,20.0,0.63,15.0,0.62,15.0,0.65,20.0,0.66,15.0,0.02,0.02,2358.40322,1776307978000
1776307979.906,179.906,0.34,3.48,0.33,20.0,0.35,21.0,0.36,15.0,0.63,15.0,0.62,20.0,0.65,11.66,0.66,15.0,0.01,0.02,2358.40322,1776307978000
1776307980.172,180.172,0.31,31.8,0.3,65.95,0.34,21.0,0.35,21.0,0.65,21.0,0.64,15.0,0.66,3.48,0.67,20.0,0.03,0.01,2358.40322,1776307978000
1776307980.591,180.591,0.26,5.0,0.25,24.2,0.29,23.51,0.3,21.0,0.66,21.0,0.65,21.0,0.69,31.8,0.7,65.95,0.03,0.03,2358.38187,1776307979000
1776307980.838,180.838,0.23,35.3,0.22,36.0,0.25,16.0,0.26,21.0,0.74,16.0,0.73,20.0,0.76,33.3,0.77,35.3,0.02,0.02,2358.38187,1776307979000
1776307981.176,181.176,0.23,10.0,0.22,10.0,0.24,10.0,0.25,26.0,0.75,11.0,0.74,16.0,0.77,35.3,0.78,36.0,0.01,0.02,2358.38187,1776307979000
1776307981.921,181.921,0.22,20.24,0.21,15.0,0.23,6.0,0.24,20.0,0.76,15.0,0.75,26.0,0.79,10.0,0.8,15.0,0.01,0.03,2358.487075,1776307980000
1776307982.214,182.214,0.22,20.24,0.21,15.0,0.23,6.0,0.24,20.0,0.77,6.0,0.76,20.0,0.78,20.24,0.79,15.0,0.01,0.01,2358.42495,1776307981000
1776307982.662,182.662,0.18,129.14,0.17,40.5,0.2,26.0,0.21,21.0,0.77,21.0,0.76,30.0,0.81,85.0,0.82,155.0,0.02,0.04,2358.42495,1776307981000
1776307983.385,183.385,0.18,133.92,0.17,40.5,0.19,16.0,0.2,21.0,0.81,16.0,0.8,21.0,0.82,133.92,0.83,40.5,0.01,0.01,2358.042357,1776307982000
1776307983.979,183.979,0.18,133.92,0.17,40.5,0.19,16.0,0.2,21.0,0.81,16.0,0.8,21.0,0.82,133.92,0.83,40.5,0.01,0.01,2358.036197,1776307983000
1776307985.478,185.478,0.18,4.0,0.17,128.47,0.19,11.0,0.2,21.0,0.81,11.0,0.8,21.0,0.82,4.0,0.83,128.47,0.01,0.01,2357.848631,1776307984000
1776307986.034,186.034,0.18,4.0,0.17,128.47,0.19,11.0,0.2,21.0,0.81,11.0,0.8,21.0,0.82,4.0,0.83,128.47,0.01,0.01,2357.833937,1776307985000
1776307986.451,186.451,0.16,168.8,0.15,148.19,0.19,46.0,0.2,21.0,0.81,11.0,0.8,21.0,0.82,4.0,0.83,128.47,0.03,0.01,2357.833937,1776307985000
1776307986.782,186.782,0.17,6.02,0.16,175.8,0.18,16.0,0.19,40.0,0.81,46.0,0.8,21.0,0.84,168.8,0.85,148.19,0.01,0.03,2357.833937,1776307985000
1776307987.126,187.126,0.17,2.87,0.16,175.8,0.18,21.0,0.19,40.0,0.82,21.0,0.81,40.0,0.83,2.87,0.84,175.8,0.01,0.01,2357.819397,1776307986000
1776307987.345,187.345,0.14,13.0,0.13,5.0,0.17,96.0,0.18,105.0,0.82,21.0,0.81,40.0,0.83,2.87,0.84,175.8,0.03,0.01,2357.819397,1776307986000
1776307987.824,187.824,0.12,38.45,0.11,185.2,0.13,11.0,0.14,15.0,0.87,16.0,0.86,10.0,0.88,47.55,0.89,160.2,0.01,0.01,2357.819397,1776307986000
1776307988.077,188.077,0.11,33.59,0.1,279.99,0.13,20.0,0.14,125.0,0.87,20.0,0.86,125.0,0.89,33.59,0.9,279.99,0.02,0.02,2357.823048,1776307987000
1776307988.353,188.353,0.1,75.11,0.09,75.0,0.11,63.0,0.12,21.0,0.89,89.0,0.88,21.0,0.9,75.11,0.91,75.0,0.01,0.01,2357.823048,1776307987000
1776307988.79,188.79,0.1,19.18,0.09,75.0,0.11,20.0,0.12,22.0,0.89,15.0,0.88,15.0,0.9,24.56,0.91,80.0,0.01,0.01,2357.823048,1776307987000
1776307989.026,189.026,0.09,59.17,0.08,209.48,0.1,49.0,0.11,25.0,0.9,15.0,0.89,20.0,0.91,64.01,0.92,209.48,0.01,0.01,2357.823048,1776307987000
1776307989.462,189.462,0.08,189.99,0.07,248.29,0.1,49.0,0.11,25.0,0.9,49.0,0.89,25.0,0.91,59.17,0.92,209.48,0.02,0.01,2357.6318,1776307988000
1776307989.758,189.758,0.08,189.99,0.07,232.29,0.1,19.5,0.11,25.0,0.9,49.0,0.89,25.0,0.92,189.99,0.93,248.29,0.02,0.02,2357.6318,1776307988000
1776307990.156,190.156,0.08,189.99,0.07,232.29,0.1,19.5,0.11,25.0,0.9,19.5,0.89,25.0,0.92,189.99,0.93,232.29,0.02,0.02,2357.195228,1776307989000
1776307991.139,191.139,0.09,225.99,0.08,228.71,0.11,25.0,0.12,15.0,0.9,19.5,0.89,25.0,0.92,189.99,0.93,232.29,0.02,0.02,2357.195228,1776307989000
1776307991.665,191.665,0.1,54.0,0.09,200.99,0.11,12.0,0.12,15.0,0.89,25.0,0.88,15.0,0.91,225.99,0.92,228.71,0.01,0.02,2357.1255,1776307990000
1776307992.052,192.052,0.1,54.0,0.09,200.99,0.11,12.0,0.12,15.0,0.89,12.0,0.88,15.0,0.9,54.0,0.91,200.99,0.01,0.01,2357.105113,1776307991000
1776307992.775,192.775,0.1,42.4,0.09,178.0,0.11,23.0,0.12,15.0,0.89,12.0,0.88,15.0,0.9,54.0,0.91,200.99,0.01,0.01,2357.105113,1776307991000
1776307993.049,193.049,0.1,35.17,0.09,57.0,0.11,23.0,0.12,15.0,0.89,23.0,0.88,15.0,0.9,35.17,0.91,57.0,0.01,0.01,2357.261835,1776307992000
1776307993.316,193.316,0.1,18.92,0.09,57.0,0.11,23.0,0.12,15.0,0.89,23.0,0.88,15.0,0.9,24.48,0.91,57.0,0.01,0.01,2357.261835,1776307992000
1776307993.692,193.692,0.1,12.8,0.09,187.0,0.11,18.0,0.12,10.0,0.89,23.0,0.88,15.0,0.9,18.92,0.91,57.0,0.01,0.01,2357.261835,1776307992000
1776307993.995,193.995,0.1,16.4,0.09,187.0,0.11,18.0,0.12,15.0,0.89,18.0,0.88,15.0,0.9,16.4,0.91,187.0,0.01,0.01,2357.244173,1776307993000
1776307994.955,194.955,0.1,16.4,0.09,187.0,0.11,18.0,0.12,15.0,0.89,18.0,0.88,15.0,0.9,16.4,0.91,187.0,0.01,0.01,2357.235955,1776307994000
1776307995.199,195.199,0.1,9.44,0.09,209.99,0.11,42.0,0.12,15.0,0.89,42.0,0.88,15.0,0.9,15.0,0.91,220.99,0.01,0.01,2357.235955,1776307994000
1776307995.468,195.468,0.09,199.99,0.08,109.0,0.1,21.2,0.11,17.0,0.89,42.0,0.88,15.0,0.9,9.44,0.91,209.99,0.01,0.01,2357.235955,1776307994000
1776307995.94,195.94,0.09,199.99,0.08,109.0,0.1,21.2,0.11,17.0,0.9,21.2,0.89,17.0,0.91,199.99,0.92,109.0,0.01,0.01,2357.27112,1776307995000
1776307997.046,197.046,0.09,170.59,0.08,99.0,0.1,46.2,0.11,17.0,0.9,46.2,0.89,17.0,0.91,170.59,0.92,99.0,0.01,0.01,2357.262828,1776307996000
1776307997.808,197.808,0.09,157.49,0.08,106.0,0.1,46.2,0.11,17.0,0.9,46.2,0.89,17.0,0.91,170.59,0.92,99.0,0.01,0.01,2357.262828,1776307996000
1776307998.324,198.324,0.09,162.49,0.08,81.0,0.1,141.2,0.11,117.0,0.9,46.2,0.89,17.0,0.91,157.49,0.92,106.0,0.01,0.01,2357.262828,1776307996000
1776307998.7,198.7,0.09,147.12,0.08,79.41,0.1,141.2,0.11,117.0,0.9,141.2,0.89,117.0,0.91,162.49,0.92,81.0,0.01,0.01,2357.22941,1776307997000
1776307999.018,199.018,0.09,147.12,0.08,79.41,0.1,141.2,0.11,117.0,0.9,141.2,0.89,117.0,0.91,147.12,0.92,79.41,0.01,0.01,2357.238029,1776307998000
1776307999.468,199.468,0.08,28.0,0.07,151.41,0.1,202.2,0.11,133.0,0.9,141.2,0.89,117.0,0.91,147.12,0.92,79.41,0.02,0.01,2357.238029,1776307998000
1776308000.078,200.078,0.08,28.0,0.07,151.41,0.1,202.2,0.11,133.0,0.9,202.2,0.89,133.0,0.92,28.0,0.93,151.41,0.02,0.02,2357.206735,1776307999000
1776308001.022,201.022,0.08,28.0,0.07,151.41,0.1,202.2,0.11,133.0,0.9,202.2,0.89,133.0,0.92,28.0,0.93,151.41,0.02,0.02,2357.198829,1776308000000
1776308001.423,201.423,0.07,15.0,0.06,155.99,0.09,213.0,0.1,179.2,0.9,202.2,0.89,133.0,0.92,28.0,0.93,151.41,0.02,0.02,2357.198829,1776308000000
1776308002.069,202.069,0.07,15.0,0.06,155.99,0.09,213.0,0.1,179.2,0.91,213.0,0.9,179.2,0.93,15.0,0.94,155.99,0.02,0.02,2357.073435,1776308001000
1776308002.679,202.679,0.07,44.62,0.06,140.58,0.08,147.0,0.09,203.0,0.91,213.0,0.9,179.2,0.93,15.0,0.94,155.99,0.01,0.02,2357.073435,1776308001000
1776308003.067,203.067,0.07,44.62,0.06,140.58,0.08,147.0,0.09,203.0,0.92,147.0,0.91,203.0,0.93,44.62,0.94,140.58,0.01,0.01,2357.063747,1776308002000
1776308004.098,204.098,0.07,44.62,0.06,140.58,0.08,147.0,0.09,203.0,0.92,147.0,0.91,203.0,0.93,44.62,0.94,140.58,0.01,0.01,2357.004584,1776308003000
1776308004.905,204.905,0.06,140.58,0.05,80.41,0.07,40.0,0.08,126.0,0.92,147.0,0.91,203.0,0.93,44.62,0.94,140.58,0.01,0.01,2357.004584,1776308003000
1776308006.159,206.159,0.06,140.58,0.05,80.41,0.07,40.0,0.08,126.0,0.93,40.0,0.92,126.0,0.94,140.58,0.95,80.41,0.01,0.01,2356.985977,1776308005000
1776308006.832,206.832,0.06,157.41,0.05,190.21,0.07,113.0,0.08,155.0,0.93,40.0,0.92,126.0,0.94,140.58,0.95,80.41,0.01,0.01,2356.985977,1776308005000
1776308007.157,207.157,0.06,147.15,0.05,190.21,0.07,80.0,0.08,155.0,0.93,65.0,0.92,155.0,0.94,157.41,0.95,190.21,0.01,0.01,2356.985977,1776308005000
1776308008.243,208.243,0.06,147.15,0.05,190.21,0.07,80.0,0.08,155.0,0.93,80.0,0.92,155.0,0.94,147.15,0.95,190.21,0.01,0.01,2356.946788,1776308007000
1776308008.841,208.841,0.05,31.87,0.04,160.58,0.06,183.0,0.07,132.0,0.93,80.0,0.92,155.0,0.94,147.15,0.95,190.21,0.01,0.01,2356.946788,1776308007000
1776308009.275,209.275,0.05,31.87,0.04,160.58,0.06,183.0,0.07,132.0,0.94,183.0,0.93,132.0,0.95,31.87,0.96,160.58,0.01,0.01,2356.961279,1776308008000
1776308009.83,209.83,0.05,21.34,0.04,31.0,0.06,192.0,0.07,107.0,0.94,183.0,0.93,132.0,0.95,31.87,0.96,160.58,0.01,0.01,2356.961279,1776308008000
1776308010.281,210.281,0.05,21.34,0.04,31.0,0.06,192.0,0.07,107.0,0.94,192.0,0.93,107.0,0.95,21.34,0.96,31.0,0.01,0.01,2356.861015,1776308009000
1776308010.632,210.632,0.05,10.81,0.04,31.0,0.06,187.0,0.07,137.0,0.94,192.0,0.93,107.0,0.95,21.34,0.96,31.0,0.01,0.01,2356.861015,1776308009000
1776308011.267,211.267,0.04,7.0,0.03,206.0,0.05,344.0,0.06,207.0,0.94,187.0,0.93,137.0,0.96,4.81,0.97,621.69,0.01,0.02,2356.861015,1776308009000
1776308011.469,211.469,0.03,197.0,0.02,235.0,0.05,373.18,0.06,267.41,0.95,373.18,0.94,267.41,0.97,206.0,0.98,235.0,0.02,0.02,2356.861015,1776308009000
1776308011.691,211.691,0.03,70.37,0.02,255.0,0.04,401.0,0.05,377.98,0.96,386.0,0.95,344.99,0.97,77.52,0.98,255.0,0.01,0.01,2356.861015,1776308009000
1776308011.935,211.935,0.03,34.23,0.02,255.0,0.04,455.99,0.05,386.4,0.96,450.99,0.95,386.4,0.97,46.48,0.98,255.0,0.01,0.01,2356.861015,1776308009000
1776308012.599,212.599,0.02,188.23,0.01,7244.68,0.03,270.73,0.04,441.98,0.96,519.98,0.95,386.4,0.98,188.23,0.99,7144.68,0.01,0.02,2356.637711,1776308010000
1776308013.222,213.222,0.02,188.17,0.01,7244.68,0.03,288.73,0.04,416.98,0.97,288.73,0.96,416.98,0.98,188.17,0.99,7244.68,0.01,0.01,2356.24435,1776308012000
1776308014.214,214.214,0.02,171.94,0.01,7140.1,0.03,234.73,0.04,502.69,0.97,288.73,0.96,416.98,0.98,188.17,0.99,7244.68,0.01,0.01,2356.24435,1776308012000
1776308014.461,214.461,0.02,171.94,0.01,7140.1,0.03,234.73,0.04,502.69,0.97,234.73,0.96,502.69,0.98,171.94,0.99,7140.1,0.01,0.01,2355.587733,1776308013000
1776308014.911,214.911,0.02,144.94,0.01,7456.51,0.03,239.73,0.04,480.47,0.97,234.73,0.96,502.69,0.98,171.94,0.99,7140.1,0.01,0.01,2355.587733,1776308013000
1776308015.116,215.116,0.02,139.82,0.01,7523.51,0.03,243.31,0.04,344.89,0.97,233.0,0.96,470.47,0.98,143.91,0.99,7467.51,0.01,0.01,2355.523397,1776308014000
1776308015.712,215.712,0.02,139.82,0.01,7220.51,0.03,38.19,0.04,121.0,0.97,243.31,0.96,344.89,0.98,139.82,0.99,7523.51,0.01,0.01,2355.523397,1776308014000
1776308016.155,216.155,0.02,139.82,0.01,7220.51,0.03,38.19,0.04,121.0,0.97,38.19,0.96,121.0,0.98,139.82,0.99,7220.51,0.01,0.01,2355.591338,1776308015000
1776308016.928,216.928,0.02,123.59,0.01,6993.1,0.03,169.19,0.04,293.69,0.97,38.19,0.96,121.0,0.98,139.82,0.99,7220.51,0.01,0.01,2355.591338,1776308015000
1776308017.216,217.216,0.02,103.59,0.01,6923.1,0.03,326.89,0.04,284.1,0.97,169.19,0.96,293.69,0.98,123.59,0.99,6993.1,0.01,0.01,2355.591338,1776308015000
1776308018.569,218.569,0.02,93.59,0.01,6923.1,0.03,347.89,0.04,284.1,0.97,347.89,0.96,284.1,0.98,93.59,0.99,6923.1,0.01,0.01,2355.785859,1776308017000
1776308019.165,219.165,0.02,93.59,0.01,6923.1,0.03,347.89,0.04,284.1,0.97,347.89,0.96,284.1,0.98,93.59,0.99,6923.1,0.01,0.01,2355.608548,1776308018000
1776308020.021,220.021,0.02,93.59,0.01,7119.03,0.03,258.08,0.04,305.68,0.97,295.89,0.96,291.29,0.98,93.59,0.99,7109.1,0.01,0.01,2355.608548,1776308018000
1776308021.266,221.266,0.02,93.59,0.01,7119.03,0.03,258.08,0.04,305.68,0.97,258.08,0.96,305.68,0.98,93.59,0.99,7119.03,0.01,0.01,2355.427905,1776308020000
1776308021.671,221.671,0.02,94.48,0.01,6755.43,0.03,366.3,0.04,284.1,0.97,258.08,0.96,305.68,0.98,93.59,0.99,7119.03,0.01,0.01,2355.427905,1776308020000
1776308021.93,221.93,0.02,94.48,0.01,6755.43,0.03,309.49,0.04,284.1,0.97,366.3,0.96,284.1,0.98,94.48,0.99,6755.43,0.01,0.01,2355.427905,1776308020000
1776308022.488,222.488,0.02,94.48,0.01,6755.43,0.03,309.49,0.04,284.1,0.97,309.49,0.96,284.1,0.98,94.48,0.99,6755.43,0.01,0.01,2355.447958,1776308021000
1776308022.944,222.944,0.02,65.36,0.01,7055.43,0.03,429.49,0.04,289.1,0.97,309.49,0.96,284.1,0.98,94.48,0.99,6755.43,0.01,0.01,2355.447958,1776308021000
1776308023.215,223.215,0.02,60.25,0.01,7055.43,0.03,429.49,0.04,289.1,0.97,429.49,0.96,289.1,0.98,65.36,0.99,7055.43,0.01,0.01,2355.41881,1776308022000
1776308023.722,223.722,0.02,49.02,0.01,7055.43,0.03,348.49,0.04,289.1,0.97,429.49,0.96,289.1,0.98,60.25,0.99,7055.43,0.01,0.01,2355.41881,1776308022000
1776308024.169,224.169,0.02,49.02,0.01,7055.43,0.03,348.49,0.04,289.1,0.97,348.49,0.96,289.1,0.98,49.02,0.99,7055.43,0.01,0.01,2355.33873,1776308023000
1776308024.896,224.896,0.02,28.02,0.01,7055.43,0.03,333.49,0.04,289.1,0.97,348.49,0.96,289.1,0.98,49.02,0.99,7055.43,0.01,0.01,2355.33873,1776308023000
1776308025.277,225.277,0.02,28.02,0.01,7055.43,0.03,333.49,0.04,289.1,0.97,333.49,0.96,289.1,0.98,28.02,0.99,7055.43,0.01,0.01,2355.277374,1776308024000
1776308025.911,225.911,0.02,17.81,0.01,7055.43,0.03,332.49,0.04,288.1,0.97,333.49,0.96,289.1,0.98,28.02,0.99,7055.43,0.01,0.01,2355.277374,1776308024000
1776308026.829,226.829,0.02,17.81,0.01,7055.43,0.03,332.49,0.04,288.1,0.97,332.49,0.96,288.1,0.98,17.81,0.99,7055.43,0.01,0.01,2355.327957,1776308025000
1776308027.136,227.136,0.02,17.63,0.01,7055.43,0.03,316.49,0.04,288.1,0.97,332.49,0.96,288.1,0.98,17.81,0.99,7055.43,0.01,0.01,2355.327957,1776308025000
1776308027.518,227.518,0.02,12.63,0.01,7055.43,0.03,305.38,0.04,288.1,0.97,305.38,0.96,288.1,0.98,12.63,0.99,7055.43,0.01,0.01,2355.338905,1776308026000
1776308028.067,228.067,0.02,12.63,0.01,7055.43,0.03,305.38,0.04,288.1,0.97,305.38,0.96,288.1,0.98,12.63,0.99,7055.43,0.01,0.01,2355.34094,1776308027000
1776308029.563,229.563,0.02,12.63,0.01,7190.03,0.03,224.78,0.04,312.1,0.97,305.38,0.96,288.1,0.98,12.63,0.99,7055.43,0.01,0.01,2355.34094,1776308027000
1776308030.335,230.335,0.02,12.63,0.01,7190.03,0.03,224.78,0.04,312.1,0.97,224.78,0.96,312.1,0.98,12.63,0.99,7190.03,0.01,0.01,2355.56565,1776308029000
1776308031.479,231.479,0.02,1.4,0.01,7055.43,0.03,279.85,0.04,283.1,0.97,268.19,0.96,312.1,0.98,1.4,0.99,7432.03,0.01,0.01,2355.56565,1776308029000
1776308031.967,231.967,0.02,1.4,0.01,7894.03,0.03,185.1,0.04,307.1,0.97,279.85,0.96,283.1,0.98,1.4,0.99,7055.43,0.01,0.01,2355.686555,1776308030000
1776308032.307,232.307,0.01,7894.03,,,0.02,18.6,0.03,163.1,0.98,18.6,0.97,163.1,0.99,7894.03,,,0.01,0.01,2355.656993,1776308031000
1776308032.69,232.69,0.01,7520.03,,,0.02,120.97,0.03,122.44,0.98,120.97,0.97,122.44,0.99,7925.03,,,0.01,0.01,2355.656993,1776308031000
1776308033.591,233.591,0.01,7520.03,,,0.02,120.97,0.03,122.44,0.98,120.97,0.97,122.44,0.99,7520.03,,,0.01,0.01,2355.63242,1776308032000
1776308034.176,234.176,0.01,7485.68,,,0.02,130.97,0.03,122.44,0.98,120.97,0.97,122.44,0.99,7520.03,,,0.01,0.01,2355.63242,1776308032000
1776308034.392,234.392,0.01,7470.47,,,0.02,130.97,0.03,122.44,0.98,130.97,0.97,122.44,0.99,7470.47,,,0.01,0.01,2355.811025,1776308033000
1776308034.943,234.943,0.01,7267.81,,,0.02,140.97,0.03,149.02,0.98,130.97,0.97,122.44,0.99,7317.87,,,0.01,0.01,2355.811025,1776308033000
1776308035.656,235.656,0.01,7267.81,,,0.02,140.97,0.03,149.02,0.98,140.97,0.97,149.02,0.99,7267.81,,,0.01,0.01,2355.970381,1776308034000
1776308036.221,236.221,0.01,7267.81,,,0.02,140.97,0.03,149.02,0.98,140.97,0.97,149.02,0.99,7267.81,,,0.01,0.01,2355.929071,1776308035000
1776308037.422,237.422,0.01,7508.81,,,0.02,8.97,0.03,149.02,0.98,8.97,0.97,149.02,0.99,7508.81,,,0.01,0.01,2355.978134,1776308036000
1776308038.046,238.046,0.01,7508.81,,,0.02,8.97,0.03,149.02,0.98,8.97,0.97,149.02,0.99,7508.81,,,0.01,0.01,2355.922479,1776308037000
1776308038.954,238.954,0.01,7007.61,,,0.02,8.96,0.03,25.0,0.98,8.96,0.97,25.0,0.99,7149.81,,,0.01,0.01,2355.922479,1776308037000
1776308039.5,239.5,0.01,7007.61,,,0.02,8.96,0.03,25.0,0.98,8.96,0.97,25.0,0.99,7007.61,,,0.01,0.01,2355.98775,1776308038000
1776308040.154,240.154,0.01,7007.61,,,0.02,8.96,0.03,25.0,0.98,8.96,0.97,25.0,0.99,7007.61,,,0.01,0.01,2356.024855,1776308039000
1776308041.002,241.002,0.01,7387.59,,,0.02,143.96,0.03,168.7,0.98,8.96,0.97,25.0,0.99,7007.61,,,0.01,0.01,2356.024855,1776308039000
1776308041.492,241.492,0.01,7787.59,,,0.02,113.96,0.03,168.7,0.98,143.96,0.97,168.7,0.99,7382.59,,,0.01,0.01,2356.024855,1776308039000
1776308041.872,241.872,0.01,7787.59,,,0.02,113.96,0.03,168.7,0.98,113.96,0.97,168.7,0.99,7787.59,,,0.01,0.01,2356.047655,1776308040000
1776308042.407,242.407,0.01,7787.59,,,0.02,113.96,0.03,168.7,0.98,113.96,0.97,168.7,0.99,7787.59,,,0.01,0.01,2356.046625,1776308041000
1776308042.75,242.75,0.01,7292.58,,,0.02,46.96,0.03,25.0,0.98,113.96,0.97,168.7,0.99,7787.59,,,0.01,0.01,2356.046625,1776308041000
1776308043.326,243.326,0.01,7078.58,,,0.03,10.0,0.04,99.19,0.97,10.0,0.96,99.19,0.99,7078.58,,,0.02,0.02,2356.113761,1776308042000
1776308043.731,243.731,0.01,7216.58,,,0.02,10.0,0.03,15.0,0.97,10.0,0.96,99.19,0.99,7078.58,,,0.01,0.02,2356.113761,1776308042000
1776308044.407,244.407,0.01,7110.57,,,0.02,10.0,0.03,15.0,0.98,10.0,0.97,15.0,0.99,7110.57,,,0.01,0.01,2356.263017,1776308043000
1776308044.974,244.974,0.01,6996.57,,,0.04,97.6,0.05,175.21,0.96,97.6,0.95,175.21,0.99,6996.57,,,0.03,0.03,2356.32385,1776308044000
1776308045.542,245.542,0.02,9.94,0.01,7295.57,0.03,10.0,0.04,94.19,0.96,97.6,0.95,175.21,0.99,6996.57,,,0.01,0.03,2356.32385,1776308044000
1776308046.231,246.231,0.02,9.94,0.01,7295.57,0.03,10.0,0.04,94.19,0.97,10.0,0.96,94.19,0.98,9.94,0.99,7295.57,0.01,0.01,2356.348867,1776308045000
1776308046.439,246.439,0.02,4.73,0.01,7492.57,0.03,5.0,0.04,77.19,0.97,10.0,0.96,94.19,0.98,9.94,0.99,7295.57,0.01,0.01,2356.348867,1776308045000
1776308046.663,246.663,0.02,34.0,0.01,7326.57,0.03,15.0,0.04,77.19,0.97,5.0,0.96,77.19,0.98,4.73,0.99,7492.57,0.01,0.01,2356.348867,1776308045000
1776308046.946,246.946,0.01,7244.57,,,0.02,55.0,0.03,15.0,0.97,15.0,0.96,77.19,0.98,34.0,0.99,7326.57,0.01,0.01,2356.348867,1776308045000
1776308047.3,247.3,0.01,7244.57,,,0.02,55.0,0.03,15.0,0.98,55.0,0.97,15.0,0.99,7244.57,,,0.01,0.01,2356.406143,1776308046000
1776308047.709,247.709,0.01,7237.57,,,0.02,45.0,0.03,10.0,0.98,55.0,0.97,15.0,0.99,7244.57,,,0.01,0.01,2356.406143,1776308046000
1776308048.311,248.311,0.01,7242.57,,,0.02,20.0,0.03,10.0,0.98,20.0,0.97,10.0,0.99,7242.57,,,0.01,0.01,2356.477844,1776308047000
1776308048.624,248.624,0.01,7267.57,,,0.02,5.0,0.03,5.0,0.98,20.0,0.97,10.0,0.99,7242.57,,,0.01,0.01,2356.477844,1776308047000
1776308048.892,248.892,0.02,600.99,0.01,7096.99,0.03,10.0,0.04,10.0,0.95,10.0,0.94,20.0,0.98,195.99,0.99,7121.99,0.01,0.03,2356.477844,1776308047000
1776308049.109,249.109,0.02,284.28,0.01,6877.99,0.03,20.0,0.04,15.0,0.97,10.0,0.96,10.0,0.98,600.99,0.99,7096.99,0.01,0.01,2356.477844,1776308047000
1776308049.333,249.333,0.02,176.67,0.01,6893.57,0.03,15.0,0.04,15.0,0.97,20.0,0.96,15.0,0.98,284.28,0.99,6877.99,0.01,0.01,2356.477844,1776308047000
1776308050.015,250.015,0.02,174.62,0.01,6893.57,0.03,15.0,0.04,15.0,0.97,15.0,0.96,15.0,0.98,174.62,0.99,6893.57,0.01,0.01,2356.505315,1776308049000
1776308051.085,251.085,0.02,174.62,0.01,6893.57,0.03,15.0,0.04,15.0,0.97,15.0,0.96,15.0,0.98,174.62,0.99,6893.57,0.01,0.01,2356.881525,1776308050000
1776308051.369,251.369,0.01,6748.57,,,0.03,25.0,0.04,46.99,0.97,15.0,0.96,15.0,0.98,174.62,0.99,6893.57,0.02,0.01,2356.881525,1776308050000
1776308052.171,252.171,0.01,6748.57,,,0.03,25.0,0.04,46.99,0.97,25.0,0.96,46.99,0.99,6748.57,,,0.02,0.02,2356.883519,1776308051000
1776308052.686,252.686,0.01,6792.88,,,0.03,15.0,0.04,108.7,0.97,5.0,0.96,108.7,0.99,6807.99,,,0.02,0.02,2356.883519,1776308051000
1776308053.398,253.398,0.01,6792.88,,,0.03,15.0,0.04,108.7,0.97,15.0,0.96,108.7,0.99,6792.88,,,0.02,0.02,2356.7878,1776308052000
1776308053.713,253.713,0.02,10.0,0.01,6792.88,0.04,98.7,0.05,107.38,0.97,15.0,0.96,108.7,0.99,6792.88,,,0.02,0.02,2356.7878,1776308052000
1776308053.956,253.956,0.01,6792.88,,,0.03,5.0,0.04,98.7,0.97,5.0,0.96,98.7,0.99,6792.88,,,0.02,0.02,2356.73505,1776308053000
1776308055.026,255.026,0.01,6688.88,,,0.04,83.7,0.05,139.78,0.98,5.0,0.97,10.0,0.99,6693.88,,,0.03,0.01,2356.73505,1776308053000
1776308056.183,256.183,0.03,77.0,0.02,414.11,0.06,5.0,0.07,148.44,0.96,83.7,0.95,139.78,0.99,6688.88,,,0.03,0.03,2356.811144,1776308054000
1776308056.409,256.409,0.01,6455.47,,,0.03,20.0,0.04,49.0,0.96,34.0,0.95,10.0,0.97,40.0,0.98,10.0,0.02,0.01,2356.856294,1776308055000
1776308056.832,256.832,0.01,6379.45,,,0.03,35.0,0.04,129.99,0.97,30.0,0.96,54.0,0.99,6615.88,,,0.02,0.02,2356.856294,1776308055000
1776308057.3,257.3,0.01,6379.45,,,0.03,35.0,0.04,129.99,0.97,35.0,0.96,129.99,0.99,6379.45,,,0.02,0.02,2356.88282,1776308056000
1776308058.034,258.034,0.02,2.75,0.01,6498.86,0.03,10.0,0.04,178.69,0.97,35.0,0.96,129.99,0.99,6379.45,,,0.01,0.02,2356.88282,1776308056000
1776308058.392,258.392,0.01,6451.02,,,0.03,143.7,0.04,192.69,0.97,20.0,0.96,178.69,0.99,6483.43,,,0.02,0.02,2356.88282,1776308056000
1776308058.871,258.871,0.01,6451.02,,,0.03,143.7,0.04,192.69,0.97,143.7,0.96,192.69,0.99,6451.02,,,0.02,0.02,2356.84174,1776308057000
1776308059.196,259.196,0.01,5982.31,,,0.03,172.7,0.04,206.69,0.97,143.7,0.96,192.69,0.99,6451.02,,,0.02,0.02,2356.84174,1776308057000
1776308059.4,259.4,0.01,5982.31,,,0.03,172.7,0.04,206.69,0.97,172.7,0.96,206.69,0.99,5982.31,,,0.02,0.02,2356.722499,1776308058000
1776308059.844,259.844,0.01,5982.31,,,0.03,172.7,0.04,206.69,0.97,143.7,0.96,206.69,0.99,5977.31,,,0.02,0.02,2356.722499,1776308058000
1776308060.856,260.856,0.01,5982.31,,,0.03,172.7,0.04,206.69,0.97,172.7,0.96,206.69,0.99,5982.31,,,0.02,0.02,2356.769222,1776308060000
1776308062.032,262.032,0.01,5972.31,,,0.03,145.28,0.04,205.69,0.97,172.7,0.96,206.69,0.99,5982.31,,,0.02,0.02,2356.769222,1776308060000
1776308062.295,262.295,0.01,5972.31,,,0.03,145.28,0.04,205.69,0.97,145.28,0.96,205.69,0.99,5972.31,,,0.02,0.02,2356.72377,1776308061000
1776308062.771,262.771,0.02,15.0,0.01,6006.31,0.03,103.7,0.04,205.69,0.97,145.28,0.96,205.69,0.99,5972.31,,,0.01,0.02,2356.72377,1776308061000
1776308063.299,263.299,0.02,15.0,0.01,6006.31,0.03,103.7,0.04,205.69,0.97,103.7,0.96,205.69,0.98,15.0,0.99,6006.31,0.01,0.01,2356.725567,1776308062000
1776308064.297,264.297,0.02,20.0,0.01,6548.9,0.03,58.7,0.04,130.28,0.97,58.7,0.96,130.28,0.98,20.0,0.99,6548.9,0.01,0.01,2356.774951,1776308063000
1776308065.083,265.083,0.02,14.95,0.01,6103.3,0.03,78.7,0.04,150.69,0.97,58.7,0.96,130.28,0.98,20.0,0.99,6548.9,0.01,0.01,2356.774951,1776308063000
1776308065.458,265.458,0.02,9.95,0.01,6119.3,0.03,78.7,0.04,166.68,0.97,78.7,0.96,150.69,0.98,14.95,0.99,6103.3,0.01,0.01,2356.830221,1776308064000
1776308066.331,266.331,0.02,9.95,0.01,6119.3,0.03,78.7,0.04,166.68,0.97,78.7,0.96,166.68,0.98,9.95,0.99,6119.3,0.01,0.01,2356.932478,1776308065000
1776308066.593,266.593,0.01,5952.31,,,0.02,193.7,0.03,139.68,0.97,78.7,0.96,166.68,0.98,9.95,0.99,6119.3,0.01,0.01,2356.932478,1776308065000
1776308067.121,267.121,0.01,5956.29,,,0.02,208.7,0.03,124.68,0.98,193.7,0.97,139.68,0.99,5952.31,,,0.01,0.01,2356.932478,1776308065000
1776308067.337,267.337,0.01,5956.29,,,0.02,208.7,0.03,124.68,0.98,208.7,0.97,124.68,0.99,5956.29,,,0.01,0.01,2356.93875,1776308066000
1776308068.344,268.344,0.01,5961.29,,,0.02,203.7,0.03,140.68,0.98,203.7,0.97,140.68,0.99,5961.29,,,0.01,0.01,2356.94118,1776308067000
1776308069.163,269.163,0.01,5951.18,,,0.02,203.7,0.03,160.69,0.98,203.7,0.97,140.68,0.99,5961.29,,,0.01,0.01,2356.94118,1776308067000
1776308069.761,269.761,0.01,934.18,,,0.02,302.69,0.03,163.11,0.98,203.7,0.97,160.69,0.99,5951.18,,,0.01,0.01,2356.886638,1776308068000
1776308070.318,270.318,0.01,930.18,,,0.02,307.69,0.03,163.11,0.98,307.69,0.97,163.11,0.99,930.18,,,0.01,0.01,2356.971072,1776308069000
1776308070.804,270.804,0.01,784.17,,,0.02,292.69,0.03,163.11,0.98,302.69,0.97,163.11,0.99,885.18,,,0.01,0.01,2356.971072,1776308069000
1776308071.087,271.087,0.01,783.15,,,0.02,287.69,0.03,163.11,0.98,287.69,0.97,163.11,0.99,779.17,,,0.01,0.01,2356.971072,1776308069000
1776308071.958,271.958,0.01,782.13,,,0.02,287.69,0.03,163.11,0.98,287.69,0.97,163.11,0.99,783.15,,,0.01,0.01,2356.971072,1776308069000
1776308072.58,272.58,0.01,779.09,,,0.02,270.69,0.03,163.11,0.98,287.69,0.97,163.11,0.99,782.13,,,0.01,0.01,2356.81051,1776308071000
1776308073.102,273.102,0.01,779.09,,,0.02,270.69,0.03,163.11,0.98,270.69,0.97,163.11,0.99,779.09,,,0.01,0.01,2356.711529,1776308072000
1776308073.416,273.416,0.01,697.34,,,0.02,295.68,0.03,163.11,0.98,281.68,0.97,163.11,0.99,773.09,,,0.01,0.01,2356.711529,1776308072000
1776308074.36,274.36,0.01,696.32,,,0.02,290.68,0.03,163.11,0.98,290.68,0.97,163.11,0.99,696.32,,,0.01,0.01,2356.78631,1776308073000
1776308074.919,274.919,0.01,696.32,,,0.02,290.68,0.03,163.11,0.98,290.68,0.97,163.11,0.99,696.32,,,0.01,0.01,2356.790201,1776308074000
1776308076.057,276.057,0.01,681.21,,,0.02,229.69,0.03,161.11,0.98,229.69,0.97,161.11,0.99,681.21,,,0.01,0.01,2356.7697,1776308075000
1776308077.181,277.181,0.01,681.21,,,0.02,229.69,0.03,161.11,0.98,229.69,0.97,161.11,0.99,681.21,,,0.01,0.01,2356.823954,1776308076000
1776308077.461,277.461,0.01,674.08,,,0.02,119.98,0.03,112.41,0.98,124.98,0.97,112.41,0.99,679.14,,,0.01,0.01,2356.823954,1776308076000
1776308078.348,278.348,0.01,674.08,,,0.02,119.98,0.03,112.41,0.98,119.98,0.97,112.41,0.99,674.08,,,0.01,0.01,2356.781195,1776308077000
1776308078.67,278.67,0.01,569.02,,,0.02,144.99,0.03,112.41,0.98,119.98,0.97,112.41,0.99,674.08,,,0.01,0.01,2356.781195,1776308077000
1776308079.356,279.356,0.01,569.02,,,0.02,144.99,0.03,112.41,0.98,144.99,0.97,112.41,0.99,569.02,,,0.01,0.01,2356.785463,1776308078000
1776308079.932,279.932,0.01,564.02,,,0.02,91.99,0.03,112.41,0.98,91.99,0.97,112.41,0.99,564.02,,,0.01,0.01,2356.820065,1776308079000
1776308080.403,280.403,0.01,541.99,,,0.02,151.99,0.03,113.41,0.98,161.99,0.97,113.41,0.99,544.02,,,0.01,0.01,2356.820065,1776308079000
1776308080.82,280.82,0.01,528.96,,,0.02,158.99,0.03,94.0,0.98,158.99,0.97,113.41,0.99,533.96,,,0.01,0.01,2356.820065,1776308079000
1776308081.046,281.046,0.01,528.96,,,0.02,158.99,0.03,94.0,0.98,158.99,0.97,94.0,0.99,528.96,,,0.01,0.01,2356.875835,1776308080000
1776308081.34,281.34,0.01,468.96,,,0.02,158.99,0.03,94.0,0.98,158.99,0.97,94.0,0.99,528.96,,,0.01,0.01,2356.875835,1776308080000
1776308082.117,282.117,0.01,466.93,,,0.02,163.99,0.03,94.0,0.98,163.99,0.97,94.0,0.99,466.93,,,0.01,0.01,2356.909775,1776308081000
1776308082.539,282.539,0.01,381.13,,,0.02,204.99,0.03,94.0,0.98,163.99,0.97,94.0,0.99,466.93,,,0.01,0.01,2356.909775,1776308081000
1776308082.965,282.965,,,,,0.01,2135.88,0.02,192.99,0.99,2138.87,0.98,204.99,,,,,,,2356.909775,1776308081000
1776308083.171,283.171,,,,,0.01,2134.05,0.02,192.99,0.99,2134.05,0.98,192.99,,,,,,,2356.88381,1776308082000
1776308084.169,284.169,,,,,0.01,2134.05,0.02,192.99,0.99,2134.05,0.98,192.99,,,,,,,2356.9558,1776308083000
1776308085.292,285.292,,,,,0.01,2134.05,0.02,192.99,0.99,2134.05,0.98,192.99,,,,,,,2356.905125,1776308084000
1776308086.652,286.652,,,,,0.01,2134.05,0.02,192.99,0.99,2134.05,0.98,192.99,,,,,,,2356.995239,1776308085000
1776308086.941,286.941,,,,,0.01,2172.05,0.02,182.99,0.99,2134.05,0.98,192.99,,,,,,,2356.995239,1776308085000
1776308088.113,288.113,,,,,0.01,2172.05,0.02,182.99,0.99,2172.05,0.98,182.99,,,,,,,2357.03464,1776308086000
1776308089.002,289.002,,,,,0.01,2172.05,0.02,182.99,0.99,2172.05,0.98,182.99,,,,,,,2357.09615,1776308087000
1776308089.744,289.744,,,,,0.01,2172.05,0.02,182.99,0.99,2172.05,0.98,182.99,,,,,,,2357.153745,1776308088000
1776308091.711,291.711,,,,,0.01,4354.22,0.02,229.99,0.99,2172.05,0.98,182.99,,,,,,,2357.248267,1776308090000

# RESULT,winner=Down,slug=eth-updown-5m-1776307800,ticks=506
