timestamp,elapsed_sec,up_bid_p1,up_bid_s1,up_bid_p2,up_bid_s2,up_ask_p1,up_ask_s1,up_ask_p2,up_ask_s2,down_bid_p1,down_bid_s1,down_bid_p2,down_bid_s2,down_ask_p1,down_ask_s1,down_ask_p2,down_ask_s2,up_spread,down_spread,eth_price,eth_oracle_ts
1776362102.051,2.051,0.5,5.0,0.48,5.0,0.51,66.57,0.52,100.0,0.49,69.69,0.48,100.0,0.53,15.0,0.54,170.0,0.01,0.04,2325.097764,1776362100000
1776362102.298,2.298,0.5,5.0,0.46,5.0,0.52,17.72,0.54,10.83,0.48,21.57,0.46,10.83,0.5,5.0,0.54,5.0,0.02,0.02,2325.038867,1776362101000
1776362102.56,2.56,0.53,149.43,0.5,5.0,0.55,108.34,0.64,70.0,0.45,117.43,0.36,70.0,0.5,5.0,0.54,5.0,0.02,0.05,2325.038867,1776362101000
1776362102.766,2.766,0.53,135.0,0.52,5.48,0.55,108.34,0.64,70.0,0.45,108.34,0.36,70.0,0.47,149.43,0.5,5.0,0.02,0.02,2325.038867,1776362101000
1776362103.163,3.163,0.54,10.0,0.53,25.0,0.55,206.37,0.57,10.0,0.45,108.34,0.36,70.0,0.47,135.0,0.48,5.48,0.01,0.02,2325.038867,1776362101000
1776362103.846,3.846,0.53,10.0,0.52,38.1,0.55,212.73,0.57,10.0,0.45,213.37,0.43,10.0,0.48,3.1,0.49,15.0,0.02,0.03,2325.046657,1776362102000
1776362104.049,4.049,0.54,10.0,0.53,10.0,0.55,202.73,0.57,10.0,0.45,207.73,0.43,10.0,0.46,10.0,0.47,10.0,0.01,0.01,2325.046657,1776362102000
1776362104.307,4.307,0.54,10.0,0.53,15.0,0.55,197.73,0.57,10.0,0.45,202.73,0.43,10.0,0.46,10.0,0.47,10.0,0.01,0.01,2325.709864,1776362103000
1776362104.533,4.533,0.54,4.89,0.53,15.0,0.55,80.91,0.57,10.0,0.45,82.73,0.43,10.0,0.46,4.89,0.47,15.0,0.01,0.01,2325.709864,1776362103000
1776362104.978,4.978,0.53,14.89,0.52,43.1,0.55,63.23,0.57,10.0,0.45,63.23,0.43,10.0,0.46,4.89,0.47,15.0,0.02,0.01,2325.709864,1776362103000
1776362105.338,5.338,0.54,4.13,0.53,9.89,0.55,55.95,0.57,10.0,0.45,55.95,0.43,10.0,0.46,10.0,0.47,14.89,0.01,0.01,2325.618289,1776362104000
1776362105.689,5.689,0.54,24.95,0.53,9.89,0.55,75.95,0.57,10.0,0.45,55.95,0.43,10.0,0.46,4.13,0.47,9.89,0.01,0.01,2325.618289,1776362104000
1776362106.086,6.086,0.53,19.89,0.52,68.1,0.55,55.95,0.57,10.0,0.45,75.95,0.43,10.0,0.46,8.52,0.47,9.89,0.02,0.01,2325.618289,1776362104000
1776362106.402,6.402,0.54,5.0,0.53,19.89,0.55,54.13,0.57,10.0,0.45,54.13,0.43,10.0,0.46,10.0,0.47,19.89,0.01,0.01,2325.618289,1776362104000
1776362107.186,7.186,0.54,106.02,0.53,119.89,0.55,59.13,0.57,110.0,0.45,54.13,0.43,10.0,0.46,2.82,0.47,19.89,0.01,0.01,2325.813257,1776362105000
1776362107.671,7.671,0.52,33.93,0.51,90.0,0.53,33.2,0.54,15.0,0.45,59.13,0.43,110.0,0.46,106.02,0.47,119.89,0.01,0.01,2325.861894,1776362106000
1776362108.685,8.685,0.52,7.93,0.51,95.0,0.53,25.0,0.54,20.0,0.47,15.0,0.46,20.0,0.48,32.93,0.49,85.0,0.01,0.01,2325.864983,1776362107000
1776362109.31,9.31,0.52,2.93,0.51,95.5,0.53,74.7,0.54,40.0,0.47,25.0,0.46,20.0,0.48,7.93,0.49,95.0,0.01,0.01,2325.686889,1776362108000
1776362110.444,10.444,0.52,2.93,0.51,95.5,0.53,180.5,0.54,145.0,0.47,74.7,0.46,40.0,0.48,2.93,0.49,95.5,0.01,0.01,2325.412106,1776362109000
1776362110.923,10.923,0.52,2.93,0.51,95.5,0.53,173.61,0.54,145.0,0.47,180.5,0.46,145.0,0.48,2.93,0.49,95.5,0.01,0.01,2325.412106,1776362109000
1776362111.617,11.617,0.52,2.93,0.51,95.5,0.53,178.61,0.54,150.0,0.47,173.61,0.46,145.0,0.48,2.93,0.49,95.5,0.01,0.01,2325.274332,1776362110000
1776362111.861,11.861,0.52,2.93,0.51,10.5,0.53,173.61,0.54,150.0,0.47,178.61,0.46,150.0,0.48,2.93,0.49,95.5,0.01,0.01,2325.274332,1776362110000
1776362112.279,12.279,0.51,13.24,0.5,25.5,0.53,179.61,0.54,145.0,0.47,173.61,0.46,150.0,0.48,2.93,0.49,10.5,0.02,0.01,2325.27993,1776362111000
1776362112.529,12.529,0.52,10.0,0.51,35.5,0.53,126.0,0.54,115.5,0.47,179.61,0.46,145.0,0.49,13.24,0.5,25.5,0.01,0.02,2325.27993,1776362111000
1776362112.742,12.742,0.52,10.0,0.51,135.0,0.54,20.5,0.55,99.63,0.47,126.0,0.46,115.5,0.48,10.0,0.49,35.5,0.02,0.01,2325.27993,1776362111000
1776362113.574,13.574,0.51,150.5,0.5,120.5,0.53,25.5,0.54,120.5,0.46,20.5,0.45,99.63,0.48,10.0,0.49,135.0,0.02,0.02,2325.170117,1776362112000
1776362115.29,15.29,0.52,169.7,0.51,126.5,0.54,95.5,0.55,69.63,0.47,25.5,0.46,120.5,0.49,150.5,0.5,120.5,0.02,0.02,2325.180067,1776362113000
1776362115.787,15.787,0.53,135.5,0.52,140.5,0.54,2.79,0.55,43.48,0.45,43.48,0.44,87.0,0.47,125.0,0.48,166.5,0.01,0.02,2325.209895,1776362114000
1776362116.572,16.572,0.49,204.44,0.48,147.5,0.5,15.0,0.51,79.7,0.46,2.79,0.45,43.48,0.47,135.5,0.48,140.5,0.01,0.01,2325.209895,1776362114000
1776362117.225,17.225,0.49,3.03,0.47,75.0,0.5,85.5,0.51,355.5,0.5,15.0,0.49,79.7,0.51,204.44,0.52,147.5,0.01,0.01,2325.284297,1776362116000
1776362117.618,17.618,0.45,275.0,0.44,25.0,0.47,30.5,0.48,10.0,0.5,104.7,0.49,350.5,0.54,29.86,0.55,275.0,0.02,0.04,2325.284297,1776362116000
1776362117.892,17.892,0.45,182.0,0.44,25.0,0.46,21.0,0.47,60.5,0.53,30.5,0.52,10.0,0.55,275.0,0.56,25.0,0.01,0.02,2325.284297,1776362116000
1776362118.143,18.143,0.45,146.58,0.44,25.0,0.46,18.63,0.47,65.5,0.54,18.63,0.53,70.5,0.55,167.26,0.56,25.0,0.01,0.01,2325.284297,1776362116000
1776362118.444,18.444,0.45,136.58,0.44,25.0,0.46,31.5,0.47,50.5,0.54,18.63,0.53,65.5,0.55,146.58,0.56,25.0,0.01,0.01,2325.26098,1776362117000
1776362118.756,18.756,0.45,11.58,0.43,67.5,0.46,22.5,0.47,25.5,0.54,31.5,0.53,50.5,0.55,136.58,0.56,25.0,0.01,0.01,2325.26098,1776362117000
1776362119.296,19.296,0.45,8.41,0.43,67.5,0.46,20.5,0.47,30.5,0.54,22.5,0.53,25.5,0.55,11.58,0.57,67.5,0.01,0.01,2325.26098,1776362117000
1776362120.704,20.704,0.44,10.0,0.43,77.5,0.45,11.19,0.47,16.0,0.54,20.5,0.53,30.5,0.55,8.41,0.57,67.5,0.01,0.01,2324.517466,1776362119000
1776362121.393,21.393,0.48,8.82,0.47,31.5,0.49,5.57,0.5,20.5,0.51,5.57,0.5,20.5,0.52,15.11,0.53,33.5,0.01,0.01,2324.456612,1776362120000
1776362121.684,21.684,0.48,1.72,0.47,26.5,0.49,20.57,0.5,20.5,0.51,5.57,0.5,20.5,0.52,8.82,0.53,31.5,0.01,0.01,2324.456612,1776362120000
1776362122.532,22.532,0.45,63.43,0.44,10.0,0.46,10.0,0.47,16.0,0.51,4.57,0.5,20.5,0.52,6.72,0.53,21.5,0.01,0.01,2324.456612,1776362120000
1776362123.108,23.108,0.45,28.45,0.44,10.0,0.46,137.5,0.47,160.5,0.54,10.0,0.53,16.0,0.55,52.45,0.56,10.0,0.01,0.01,2324.64902,1776362121000
1776362123.309,23.309,0.45,10.31,0.43,10.0,0.46,142.5,0.47,165.5,0.54,142.5,0.53,165.5,0.55,15.41,0.57,10.0,0.01,0.01,2324.64902,1776362121000
1776362124.11,24.11,0.43,21.72,0.42,10.0,0.44,48.5,0.45,55.5,0.54,142.5,0.53,165.5,0.57,10.0,0.58,10.0,0.01,0.03,2324.976611,1776362122000
1776362124.93,24.93,0.43,11.72,0.42,10.0,0.44,45.77,0.45,55.5,0.56,48.5,0.55,55.5,0.57,21.72,0.58,10.0,0.01,0.01,2324.755989,1776362123000
1776362126.113,26.113,0.42,45.0,0.41,110.0,0.43,5.28,0.44,90.77,0.56,45.77,0.55,55.5,0.57,11.72,0.58,10.0,0.01,0.01,2324.243139,1776362125000
1776362126.81,26.81,0.42,10.0,0.41,110.0,0.43,196.55,0.44,138.77,0.57,5.28,0.56,90.77,0.58,45.0,0.59,110.0,0.01,0.01,2324.243139,1776362125000
1776362127.118,27.118,0.42,10.0,0.41,110.0,0.43,199.61,0.44,133.77,0.57,196.55,0.56,138.77,0.58,10.0,0.59,110.0,0.01,0.01,2324.226973,1776362126000
1776362127.328,27.328,0.42,10.0,0.41,110.0,0.43,179.7,0.44,133.77,0.57,199.61,0.56,133.77,0.58,10.0,0.59,110.0,0.01,0.01,2324.226973,1776362126000
1776362127.78,27.78,0.4,0.93,0.39,25.0,0.41,10.0,0.42,20.5,0.57,179.7,0.56,133.77,0.58,10.0,0.59,110.0,0.01,0.01,2324.226973,1776362126000
1776362128.08,28.08,0.38,35.0,0.37,150.0,0.39,227.62,0.4,165.5,0.59,10.0,0.58,20.5,0.61,25.0,0.62,60.0,0.01,0.02,2324.226973,1776362126000
1776362128.625,28.625,0.34,25.0,0.33,5.0,0.35,156.7,0.36,115.0,0.61,227.62,0.6,165.5,0.62,35.0,0.63,150.0,0.01,0.01,2324.258547,1776362127000
1776362129.001,29.001,0.32,18.5,0.31,70.5,0.34,10.0,0.35,76.64,0.65,195.84,0.64,115.0,0.66,25.0,0.67,5.0,0.02,0.01,2324.258547,1776362127000
1776362129.554,29.554,0.32,10.5,0.31,70.5,0.35,57.0,0.36,10.0,0.66,10.0,0.65,76.64,0.68,18.5,0.69,70.5,0.03,0.02,2324.238454,1776362128000
1776362129.763,29.763,0.32,12.5,0.31,70.5,0.33,0.45,0.34,10.0,0.67,0.45,0.66,10.0,0.68,10.5,0.69,70.5,0.01,0.01,2324.238454,1776362128000
1776362130.136,30.136,0.34,13.0,0.33,5.0,0.35,50.76,0.36,10.0,0.65,43.62,0.64,15.0,0.68,12.5,0.69,75.5,0.01,0.03,2323.762011,1776362129000
1776362130.439,30.439,0.34,26.0,0.33,75.0,0.35,17.76,0.36,10.0,0.65,50.76,0.64,10.0,0.66,13.0,0.67,5.0,0.01,0.01,2323.762011,1776362129000
1776362131.01,31.01,0.34,136.0,0.33,80.0,0.37,5.0,0.38,35.0,0.65,15.0,0.64,10.0,0.66,1.0,0.67,70.0,0.03,0.01,2323.762011,1776362129000
1776362131.603,31.603,0.37,47.07,0.36,84.12,0.39,60.0,0.4,25.0,0.62,20.0,0.61,70.0,0.64,15.12,0.65,85.0,0.02,0.02,2323.4852,1776362130000
1776362131.861,31.861,0.37,41.07,0.36,56.0,0.39,70.0,0.4,35.0,0.61,60.0,0.6,25.0,0.63,47.07,0.64,84.12,0.02,0.02,2323.4852,1776362130000
1776362132.152,32.152,0.37,17.57,0.36,50.0,0.38,5.0,0.39,70.0,0.61,70.0,0.6,35.0,0.63,41.07,0.64,56.0,0.01,0.02,2323.4852,1776362130000
1776362132.571,32.571,0.38,13.0,0.37,32.57,0.39,122.0,0.4,60.0,0.61,70.0,0.6,35.0,0.62,17.64,0.63,17.57,0.01,0.01,2323.711995,1776362131000
1776362132.957,32.957,0.38,18.0,0.37,52.57,0.39,122.0,0.4,60.0,0.61,122.0,0.6,60.0,0.62,13.0,0.63,32.57,0.01,0.01,2323.711995,1776362131000
1776362133.539,33.539,0.38,7.5,0.37,27.57,0.39,92.0,0.4,65.0,0.61,122.0,0.6,60.0,0.62,18.0,0.63,52.57,0.01,0.01,2323.908408,1776362132000
1776362134.502,34.502,0.38,13.0,0.37,62.57,0.39,97.0,0.4,80.0,0.61,92.0,0.6,65.0,0.62,7.5,0.63,27.57,0.01,0.01,2324.119122,1776362133000
1776362135.039,35.039,0.38,26.38,0.37,57.57,0.39,122.0,0.4,75.0,0.61,97.0,0.6,80.0,0.62,13.0,0.63,62.57,0.01,0.01,2324.119122,1776362133000
1776362136.09,36.09,0.38,1.38,0.37,17.57,0.39,27.0,0.4,70.0,0.61,122.0,0.6,75.0,0.62,26.38,0.63,57.57,0.01,0.01,2324.096688,1776362134000
1776362137.058,37.058,0.37,22.57,0.36,50.0,0.38,10.0,0.39,15.0,0.6,70.0,0.59,30.0,0.62,1.38,0.63,17.57,0.01,0.02,2324.126451,1776362135000
1776362137.632,37.632,0.37,3.19,0.35,130.0,0.38,76.5,0.39,30.5,0.62,10.0,0.61,15.0,0.63,20.98,0.64,50.0,0.01,0.01,2324.126451,1776362136000
1776362138.25,38.25,0.35,116.0,0.34,65.0,0.36,45.0,0.37,80.5,0.63,15.0,0.62,71.5,0.64,1.38,0.65,124.57,0.01,0.01,2324.141993,1776362137000
1776362138.702,38.702,0.35,64.46,0.34,65.0,0.36,60.0,0.37,80.5,0.64,45.0,0.63,80.5,0.65,66.0,0.66,65.0,0.01,0.01,2324.141993,1776362137000
1776362139.302,39.302,0.35,25.0,0.34,60.0,0.36,83.72,0.37,55.5,0.64,60.0,0.63,80.5,0.65,64.46,0.66,65.0,0.01,0.01,2324.141993,1776362137000
1776362140.17,40.17,0.33,97.5,0.32,115.0,0.34,70.5,0.35,70.5,0.64,83.72,0.63,55.5,0.65,25.0,0.66,60.0,0.01,0.01,2323.932185,1776362139000
1776362140.899,40.899,0.33,27.84,0.32,115.0,0.34,85.5,0.35,70.5,0.66,70.5,0.65,70.5,0.67,97.5,0.68,115.0,0.01,0.01,2323.932185,1776362139000
1776362141.292,41.292,0.32,5.0,0.31,35.0,0.34,89.55,0.35,71.5,0.66,89.55,0.65,71.5,0.67,2.84,0.68,115.0,0.02,0.01,2323.715125,1776362140000
1776362141.588,41.588,0.32,5.0,0.31,35.0,0.33,82.43,0.34,72.55,0.66,89.55,0.65,71.5,0.68,5.0,0.69,35.0,0.01,0.02,2323.715125,1776362140000
1776362141.896,41.896,0.32,59.72,0.31,50.5,0.33,16.96,0.34,20.0,0.67,63.93,0.66,57.05,0.68,30.72,0.69,50.5,0.01,0.01,2323.715125,1776362140000
1776362142.244,42.244,0.32,0.72,0.31,35.0,0.34,79.5,0.35,75.88,0.66,30.5,0.65,80.88,0.67,3.22,0.68,29.72,0.02,0.01,2323.715125,1776362140000
1776362142.468,42.468,0.31,35.0,0.3,155.0,0.33,88.5,0.34,35.5,0.66,79.5,0.65,75.88,0.68,0.72,0.69,35.0,0.02,0.02,2323.545184,1776362141000
1776362143.277,43.277,0.31,25.0,0.3,155.0,0.32,36.0,0.33,35.5,0.67,88.5,0.66,35.5,0.69,35.0,0.7,155.0,0.01,0.02,2323.545184,1776362141000
1776362145.481,45.481,0.3,155.0,0.29,50.5,0.31,62.77,0.32,30.0,0.68,36.0,0.67,35.5,0.69,25.0,0.7,155.0,0.01,0.01,2323.531522,1776362144000
1776362145.764,45.764,0.3,265.5,0.29,85.5,0.34,16.47,0.35,70.38,0.69,62.77,0.68,30.0,0.7,155.0,0.71,50.5,0.04,0.01,2323.531522,1776362144000
1776362146.028,46.028,0.32,10.0,0.31,28.77,0.33,10.0,0.34,16.47,0.67,10.0,0.66,16.47,0.69,61.77,0.7,155.5,0.01,0.02,2323.531522,1776362144000
1776362146.567,46.567,0.32,15.0,0.31,28.27,0.33,16.96,0.34,26.97,0.67,10.0,0.66,16.47,0.68,10.0,0.69,28.77,0.01,0.01,2323.54403,1776362145000
1776362147.618,47.618,0.28,185.0,0.27,180.0,0.29,21.55,0.3,25.5,0.67,16.96,0.66,26.97,0.68,15.0,0.69,28.27,0.01,0.01,2323.436842,1776362146000
1776362147.919,47.919,0.28,105.0,0.27,180.0,0.29,70.1,0.3,25.5,0.71,21.55,0.7,25.5,0.72,185.0,0.73,180.0,0.01,0.01,2323.436842,1776362146000
1776362148.687,48.687,0.28,45.0,0.27,180.0,0.29,23.92,0.3,15.0,0.71,70.1,0.7,25.5,0.72,105.0,0.73,180.0,0.01,0.01,2323.601058,1776362147000
1776362149.038,49.038,0.28,45.0,0.27,190.5,0.29,20.47,0.3,15.0,0.71,23.92,0.7,15.0,0.72,45.0,0.73,180.0,0.01,0.01,2323.601058,1776362147000
1776362150.169,50.169,0.28,5.0,0.27,180.0,0.29,6.55,0.3,25.5,0.71,20.47,0.7,15.0,0.72,45.0,0.73,190.5,0.01,0.01,2323.372231,1776362149000
1776362151.074,51.074,0.27,60.0,0.26,22.0,0.28,63.42,0.29,37.05,0.71,6.55,0.7,25.5,0.72,5.0,0.73,180.0,0.01,0.01,2323.372231,1776362149000
1776362151.775,51.775,0.26,15.15,0.24,60.0,0.27,10.0,0.28,80.92,0.72,63.42,0.71,37.05,0.73,60.0,0.74,22.0,0.01,0.01,2323.322233,1776362150000
1776362152.132,52.132,0.25,0.25,0.24,60.0,0.27,35.0,0.28,58.92,0.73,10.0,0.72,80.92,0.74,15.15,0.76,60.0,0.02,0.01,2323.322233,1776362150000
1776362152.458,52.458,0.24,35.0,0.22,100.0,0.25,13.75,0.26,57.0,0.73,35.0,0.72,58.92,0.75,0.25,0.76,60.0,0.01,0.02,2323.255909,1776362151000
1776362154.284,54.284,0.24,170.0,0.23,45.5,0.26,10.0,0.27,10.0,0.75,13.75,0.74,57.0,0.76,35.0,0.78,100.0,0.02,0.01,2322.973873,1776362152000
1776362154.835,54.835,0.25,125.83,0.24,115.5,0.27,20.0,0.28,83.35,0.72,83.35,0.71,11.55,0.76,170.0,0.77,45.5,0.02,0.04,2322.973873,1776362152000
1776362155.166,55.166,0.25,46.67,0.24,100.0,0.26,21.0,0.27,10.0,0.74,5.0,0.73,10.0,0.75,61.33,0.76,95.0,0.01,0.01,2322.630506,1776362153000
1776362155.387,55.387,0.25,37.0,0.24,110.5,0.26,20.0,0.27,10.0,0.74,21.0,0.73,10.0,0.75,46.67,0.76,100.0,0.01,0.01,2322.630506,1776362153000
1776362155.672,55.672,0.25,57.0,0.24,100.0,0.26,14.0,0.27,10.0,0.74,20.0,0.73,10.0,0.75,37.0,0.76,110.5,0.01,0.01,2322.630506,1776362153000
1776362156.167,56.167,0.25,23.65,0.24,100.0,0.26,14.0,0.27,20.0,0.74,14.0,0.73,10.0,0.75,50.32,0.76,110.5,0.01,0.01,2322.63892,1776362154000
1776362157.963,57.963,0.24,124.42,0.23,25.0,0.25,15.0,0.26,15.5,0.74,14.0,0.73,20.0,0.75,23.65,0.76,100.0,0.01,0.01,2322.989322,1776362156000
1776362159.181,59.181,0.24,78.42,0.23,30.0,0.25,41.5,0.26,15.5,0.75,15.0,0.74,15.5,0.76,124.42,0.77,25.0,0.01,0.01,2322.945444,1776362157000
1776362159.499,59.499,0.25,33.15,0.24,113.42,0.26,20.5,0.27,35.5,0.75,41.5,0.74,15.5,0.76,78.42,0.77,30.0,0.01,0.01,2322.911016,1776362158000
1776362161.019,61.019,0.22,120.0,0.21,162.0,0.23,77.06,0.24,20.5,0.74,20.5,0.73,35.5,0.75,33.15,0.76,113.42,0.01,0.01,2322.801596,1776362159000
1776362161.236,61.236,0.22,120.0,0.21,167.0,0.23,60.32,0.24,20.5,0.77,77.06,0.76,20.5,0.78,120.0,0.79,162.0,0.01,0.01,2322.801596,1776362159000
1776362163.29,63.29,0.21,39.15,0.2,30.0,0.22,27.0,0.23,309.42,0.77,60.32,0.76,20.5,0.78,120.0,0.79,167.0,0.01,0.01,2322.837526,1776362161000
1776362164.13,64.13,0.17,276.79,0.16,170.0,0.18,22.0,0.19,30.5,0.78,164.0,0.77,309.42,0.8,20.0,0.81,135.0,0.01,0.02,2322.684743,1776362162000
1776362164.517,64.517,0.17,174.38,0.16,170.0,0.18,137.5,0.19,35.5,0.82,22.0,0.81,30.5,0.83,276.79,0.84,170.0,0.01,0.01,2322.625388,1776362163000
1776362165.042,65.042,0.17,174.38,0.16,170.0,0.18,92.38,0.19,30.5,0.82,147.94,0.81,30.5,0.83,174.38,0.84,170.0,0.01,0.01,2322.625388,1776362163000
1776362165.44,65.44,0.17,4.38,0.16,100.0,0.18,60.83,0.19,35.5,0.82,81.6,0.81,35.5,0.83,174.38,0.84,170.0,0.01,0.01,2322.179753,1776362164000
1776362165.682,65.682,0.16,25.0,0.15,32.0,0.18,497.65,0.19,87.45,0.82,60.83,0.81,35.5,0.83,4.38,0.84,100.0,0.02,0.01,2322.179753,1776362164000
1776362166.614,66.614,0.15,17.0,0.14,60.0,0.16,14.75,0.17,12.64,0.83,7.64,0.82,67.83,0.85,32.0,0.86,84.0,0.01,0.02,2322.179753,1776362164000
1776362167.062,67.062,0.15,5.11,0.14,60.0,0.16,13.21,0.17,12.64,0.84,13.21,0.83,12.64,0.85,11.11,0.86,60.0,0.01,0.01,2322.179753,1776362164000
1776362167.419,67.419,0.14,33.0,0.13,86.0,0.15,7.0,0.16,118.5,0.84,13.21,0.83,12.64,0.85,5.11,0.86,60.0,0.01,0.01,2322.179753,1776362164000
1776362167.778,67.778,0.15,6.48,0.14,21.0,0.16,83.5,0.17,25.14,0.85,7.0,0.84,118.5,0.86,33.0,0.87,86.0,0.01,0.01,2322.179753,1776362164000
1776362168.179,68.179,0.15,5.08,0.14,21.0,0.2,1.8,0.21,160.0,0.84,83.5,0.83,25.14,0.85,5.08,0.86,21.0,0.05,0.01,2322.179753,1776362164000
1776362168.604,68.604,0.16,10.0,0.15,5.08,0.19,7.05,0.2,11.8,0.8,1.8,0.79,160.0,0.85,5.08,0.86,21.0,0.03,0.05,2321.65702,1776362167000
1776362168.805,68.805,0.17,8.79,0.16,30.0,0.18,10.0,0.19,17.0,0.83,7.0,0.8,11.8,0.85,2.08,0.86,21.0,0.01,0.02,2321.65702,1776362167000
1776362169.028,69.028,0.16,22.79,0.15,9.08,0.18,44.0,0.19,10.0,0.82,10.0,0.81,17.0,0.83,8.79,0.84,30.0,0.02,0.01,2321.65702,1776362167000
1776362169.247,69.247,0.17,53.79,0.16,8.79,0.18,441.97,0.19,68.15,0.82,44.0,0.81,10.0,0.84,22.79,0.85,9.08,0.01,0.02,2321.65702,1776362167000
1776362169.739,69.739,0.17,72.65,0.16,113.79,0.18,145.0,0.19,30.5,0.82,148.0,0.81,71.95,0.83,136.79,0.84,113.79,0.01,0.01,2321.65702,1776362167000
1776362169.995,69.995,0.15,100.0,0.14,128.0,0.18,170.5,0.19,25.5,0.82,145.0,0.81,30.5,0.83,72.65,0.84,113.79,0.03,0.01,2321.524033,1776362168000
1776362170.924,70.924,0.14,13.0,0.13,152.0,0.16,145.43,0.17,36.52,0.82,170.5,0.81,25.5,0.85,100.0,0.86,128.0,0.02,0.03,2321.641075,1776362169000
1776362171.503,71.503,0.14,24.81,0.13,155.5,0.16,120.43,0.17,26.02,0.84,109.0,0.83,26.02,0.86,9.81,0.87,167.5,0.02,0.02,2321.666047,1776362170000
1776362171.942,71.942,0.15,27.26,0.14,15.31,0.16,115.0,0.17,16.02,0.84,133.43,0.83,33.02,0.85,83.03,0.86,35.31,0.01,0.01,2321.666047,1776362170000
1776362172.289,72.289,0.15,14.42,0.14,15.31,0.16,108.75,0.17,16.02,0.84,103.75,0.83,16.02,0.85,16.74,0.86,15.31,0.01,0.01,2321.666047,1776362170000
1776362172.673,72.673,0.15,44.92,0.14,15.31,0.17,6.02,0.18,62.0,0.84,108.75,0.83,16.02,0.85,14.42,0.86,15.31,0.02,0.01,2321.666047,1776362170000
1776362172.962,72.962,0.15,0.32,0.14,15.31,0.17,36.02,0.18,72.5,0.83,6.02,0.82,62.0,0.85,44.92,0.86,15.31,0.02,0.02,2321.666047,1776362170000
1776362173.242,73.242,0.13,149.81,0.12,105.5,0.15,20.0,0.16,15.0,0.83,36.02,0.82,72.5,0.85,0.32,0.86,15.31,0.02,0.02,2321.480733,1776362172000
1776362173.791,73.791,0.14,4.23,0.13,149.81,0.15,10.0,0.16,15.0,0.85,28.33,0.84,15.0,0.86,15.0,0.87,149.81,0.01,0.01,2321.480733,1776362172000
1776362174.264,74.264,0.14,5.23,0.13,149.81,0.15,48.33,0.16,15.0,0.85,3.33,0.84,15.0,0.86,4.23,0.87,149.81,0.01,0.01,2321.603155,1776362173000
1776362174.502,74.502,0.14,5.23,0.13,139.31,0.15,143.66,0.16,15.0,0.85,622.42,0.84,15.0,0.86,5.23,0.87,149.81,0.01,0.01,2321.603155,1776362173000
1776362175.108,75.108,0.14,0.23,0.13,124.81,0.15,73.66,0.17,13.02,0.85,155.66,0.84,20.0,0.86,0.23,0.87,114.31,0.01,0.01,2321.603155,1776362173000
1776362175.533,75.533,0.15,22.78,0.14,10.73,0.17,26.02,0.18,55.0,0.85,66.99,0.83,6.02,0.86,24.23,0.87,124.81,0.02,0.01,2321.616735,1776362174000
1776362176.373,76.373,0.16,8.23,0.15,46.5,0.17,33.02,0.18,80.0,0.83,36.02,0.82,55.0,0.86,10.73,0.87,124.81,0.01,0.03,2321.616735,1776362174000
1776362176.783,76.783,0.16,29.23,0.15,46.5,0.17,26.02,0.18,80.0,0.83,26.02,0.82,80.0,0.84,59.43,0.85,46.5,0.01,0.01,2321.568289,1776362175000
1776362177.517,77.517,0.14,4.69,0.13,189.81,0.17,33.02,0.18,80.0,0.83,26.02,0.82,80.0,0.84,29.23,0.85,46.5,0.03,0.01,2321.61239,1776362176000
1776362178.566,78.566,0.15,23.23,0.14,14.69,0.16,37.0,0.17,79.39,0.85,5.0,0.84,10.0,0.86,4.69,0.87,189.81,0.01,0.01,2321.7275,1776362177000
1776362179.939,79.939,0.14,14.69,0.13,124.81,0.15,122.33,0.16,99.5,0.84,37.0,0.83,79.39,0.85,23.23,0.86,14.69,0.01,0.01,2321.860788,1776362178000
1776362180.501,80.501,0.14,14.69,0.13,124.81,0.15,3.33,0.16,60.5,0.85,122.33,0.84,99.5,0.86,14.69,0.87,124.81,0.01,0.01,2321.876417,1776362179000
1776362181.076,81.076,0.15,26.5,0.14,14.69,0.16,5.75,0.17,79.39,0.85,3.33,0.84,60.5,0.86,14.69,0.87,124.81,0.01,0.01,2321.876417,1776362180000
1776362181.344,81.344,0.15,8.0,0.14,19.69,0.16,37.0,0.17,94.89,0.84,5.75,0.83,79.39,0.85,26.5,0.86,14.69,0.01,0.01,2321.876417,1776362180000
1776362181.644,81.644,0.14,19.69,0.13,124.81,0.15,80.33,0.16,403.16,0.84,37.0,0.83,94.89,0.85,8.0,0.86,19.69,0.01,0.01,2321.876417,1776362180000
1776362182.21,82.21,0.14,4.69,0.13,104.81,0.15,597.13,0.16,90.5,0.85,80.33,0.84,403.16,0.86,19.69,0.87,124.81,0.01,0.01,2321.752535,1776362181000
1776362182.769,82.769,0.14,19.69,0.13,104.81,0.15,67.0,0.16,30.0,0.85,597.13,0.84,90.5,0.86,4.69,0.87,104.81,0.01,0.01,2321.752535,1776362181000
1776362183.108,83.108,0.14,39.69,0.13,104.81,0.15,8.33,0.16,15.0,0.85,67.0,0.84,30.0,0.86,19.69,0.87,104.81,0.01,0.01,2321.752535,1776362181000
1776362183.373,83.373,0.15,25.5,0.14,24.38,0.16,3.75,0.17,31.02,0.85,8.33,0.84,15.0,0.86,33.88,0.87,104.81,0.01,0.01,2321.788019,1776362182000
1776362183.741,83.741,0.16,9.19,0.15,25.5,0.17,31.02,0.18,244.9,0.84,3.75,0.83,31.02,0.85,25.5,0.86,24.38,0.01,0.01,2321.788019,1776362182000
1776362184.307,84.307,0.16,9.19,0.15,25.5,0.17,20.13,0.18,144.9,0.83,31.02,0.82,244.9,0.84,9.19,0.85,25.5,0.01,0.01,2321.739376,1776362183000
1776362188.246,88.246,0.16,23.94,0.15,20.5,0.17,511.65,0.18,194.34,0.83,20.13,0.82,144.9,0.84,9.19,0.85,25.5,0.01,0.01,2321.825342,1776362186000
1776362189.397,89.397,0.17,8.87,0.16,34.5,0.18,25.0,0.2,337.5,0.83,511.65,0.82,194.34,0.84,23.94,0.85,20.5,0.01,0.01,2321.957568,1776362188000
1776362190.312,90.312,0.19,50.0,0.18,98.5,0.2,322.5,0.21,20.5,0.82,25.0,0.8,337.5,0.83,8.87,0.84,34.5,0.01,0.01,2321.932074,1776362189000
1776362190.909,90.909,0.18,62.62,0.16,20.5,0.19,201.5,0.2,546.0,0.8,322.5,0.79,20.5,0.81,50.0,0.82,98.5,0.01,0.01,2321.932074,1776362189000
1776362191.38,91.38,0.18,43.55,0.17,15.0,0.19,214.5,0.2,546.0,0.81,214.5,0.8,546.0,0.82,49.55,0.84,25.5,0.01,0.01,2321.932074,1776362189000
1776362191.844,91.844,0.17,13.0,0.16,30.5,0.18,37.0,0.19,93.94,0.81,184.5,0.8,516.0,0.82,14.55,0.83,20.5,0.01,0.01,2322.183514,1776362190000
1776362193.466,93.466,0.17,10.6,0.16,10.0,0.18,73.0,0.19,179.94,0.82,37.0,0.81,93.94,0.83,13.0,0.84,30.5,0.01,0.01,2322.129568,1776362192000
1776362193.789,93.789,0.15,20.5,0.14,25.5,0.18,718.79,0.19,250.29,0.82,73.0,0.81,179.94,0.83,10.6,0.84,10.0,0.03,0.01,2322.129568,1776362192000
1776362194.458,94.458,0.15,8.82,0.14,20.5,0.16,13.0,0.17,26.5,0.83,75.85,0.82,220.5,0.85,25.5,0.86,20.5,0.01,0.02,2322.115885,1776362193000
1776362195.326,95.326,0.15,7.64,0.14,25.5,0.16,1015.86,0.17,141.02,0.84,13.0,0.83,26.5,0.85,8.82,0.86,20.5,0.01,0.01,2322.033024,1776362194000
1776362195.75,95.75,0.15,6.46,0.14,20.5,0.16,1018.58,0.17,26.5,0.84,1015.86,0.83,141.02,0.85,7.64,0.86,25.5,0.01,0.01,2322.033024,1776362194000
1776362196.013,96.013,0.15,10.0,0.14,11.98,0.16,89.0,0.17,36.5,0.84,1481.06,0.83,141.02,0.86,11.98,0.87,71.11,0.01,0.02,2322.033024,1776362194000
1776362196.793,96.793,0.13,76.61,0.12,160.0,0.15,84.0,0.16,172.5,0.84,89.0,0.83,36.5,0.85,10.0,0.86,11.98,0.02,0.01,2321.992034,1776362195000
1776362198.047,98.047,0.14,20.5,0.13,76.61,0.15,57.33,0.16,137.0,0.85,84.0,0.84,172.5,0.87,76.61,0.88,160.0,0.01,0.02,2321.907471,1776362196000
1776362204.851,104.851,0.14,4.95,0.13,71.61,0.15,421.35,0.16,212.8,0.85,57.33,0.84,137.0,0.86,20.5,0.87,76.61,0.01,0.01,2321.991738,1776362203000
1776362205.456,105.456,0.13,76.61,0.12,160.0,0.15,194.35,0.16,248.8,0.85,421.35,0.84,212.8,0.86,4.95,0.87,71.61,0.02,0.01,2321.945019,1776362204000
1776362209.59,109.59,0.13,35.5,0.12,217.5,0.14,39.85,0.15,47.35,0.85,194.35,0.84,248.8,0.87,76.61,0.88,160.0,0.01,0.02,2321.99118,1776362208000
1776362211.763,111.763,0.13,22.62,0.12,217.5,0.14,46.79,0.15,150.2,0.86,39.85,0.85,47.35,0.87,35.5,0.88,217.5,0.01,0.01,2321.891161,1776362210000
1776362214.046,114.046,0.18,10.0,0.17,10.0,0.2,12.5,0.23,83.92,0.86,46.79,0.85,150.2,0.87,22.62,0.88,217.5,0.02,0.01,2321.912626,1776362212000
1776362214.461,114.461,0.2,20.5,0.19,20.5,0.21,12.6,0.24,52.86,0.76,42.36,0.74,50.0,0.77,17.4,0.78,20.0,0.01,0.01,2321.863754,1776362213000
1776362214.938,114.938,0.2,303.58,0.19,20.5,0.21,12.6,0.24,10.5,0.79,12.6,0.76,10.5,0.8,122.58,0.81,20.5,0.01,0.01,2321.8289,1776362214000
1776362215.238,115.238,0.2,292.26,0.19,25.5,0.21,0.02,0.24,35.5,0.79,0.02,0.76,35.5,0.8,333.51,0.81,25.5,0.01,0.01,2321.8289,1776362214000
1776362217.261,117.261,0.2,57.01,0.19,137.5,0.21,105.58,0.23,162.5,0.79,0.02,0.76,35.5,0.8,292.26,0.81,25.5,0.01,0.01,2323.090256,1776362216000
1776362218.749,118.749,0.2,70.51,0.19,10.0,0.21,260.08,0.22,20.5,0.79,105.58,0.77,162.5,0.8,57.01,0.81,137.5,0.01,0.01,2322.952634,1776362217000
1776362219.298,119.298,0.2,49.75,0.19,57.0,0.21,126.08,0.22,137.5,0.8,10.5,0.79,260.08,0.81,6.0,0.82,30.5,0.01,0.01,2322.939408,1776362218000
1776362220.629,120.629,0.2,202.5,0.19,67.5,0.21,95.58,0.23,65.5,0.79,126.08,0.78,137.5,0.8,48.5,0.81,57.0,0.01,0.01,2322.829761,1776362219000
1776362221.641,121.641,0.2,226.25,0.19,92.5,0.21,45.56,0.23,45.0,0.79,92.58,0.77,65.5,0.8,202.5,0.81,67.5,0.01,0.01,2322.805391,1776362220000
1776362222.153,122.153,0.2,289.25,0.19,59.5,0.21,45.56,0.23,45.0,0.79,45.56,0.77,45.0,0.8,212.25,0.81,59.5,0.01,0.01,2322.819674,1776362221000
1776362222.602,122.602,0.2,100.25,0.19,125.5,0.23,45.0,0.24,35.0,0.79,39.89,0.77,45.0,0.8,192.25,0.81,89.5,0.03,0.01,2322.819674,1776362221000
1776362223.199,123.199,0.22,13.71,0.21,14.0,0.23,45.0,0.24,35.0,0.77,45.0,0.76,35.0,0.79,6.0,0.8,95.25,0.01,0.02,2323.113678,1776362222000
1776362223.465,123.465,0.22,30.75,0.21,24.5,0.23,45.0,0.24,35.0,0.77,45.0,0.76,35.0,0.78,13.71,0.79,14.0,0.01,0.01,2323.113678,1776362222000
1776362224.631,124.631,0.23,111.5,0.22,44.5,0.24,45.0,0.26,75.5,0.77,45.0,0.76,35.0,0.78,30.75,0.79,24.5,0.01,0.01,2323.329052,1776362223000
1776362224.848,124.848,0.23,90.2,0.22,44.5,0.24,30.0,0.26,60.5,0.76,45.0,0.74,75.5,0.77,111.5,0.78,44.5,0.01,0.01,2323.329052,1776362223000
1776362225.153,125.153,0.23,25.64,0.22,44.5,0.24,5.0,0.25,10.5,0.76,30.0,0.74,60.5,0.77,90.2,0.78,44.5,0.01,0.01,2323.329052,1776362223000
1776362225.412,125.412,0.23,20.14,0.22,44.5,0.24,21.33,0.25,20.5,0.76,5.0,0.75,10.5,0.77,25.64,0.78,44.5,0.01,0.01,2323.329052,1776362223000
1776362225.691,125.691,0.23,20.14,0.22,44.5,0.24,33.83,0.25,20.5,0.76,21.33,0.75,20.5,0.77,20.14,0.78,44.5,0.01,0.01,2323.329052,1776362223000
1776362227.845,127.845,0.21,2.15,0.2,45.0,0.22,76.5,0.23,37.5,0.76,33.83,0.75,20.5,0.77,20.14,0.78,44.5,0.01,0.01,2323.286154,1776362226000
1776362228.517,128.517,0.21,111.65,0.2,45.5,0.24,10.29,0.25,25.5,0.78,76.5,0.77,37.5,0.79,2.15,0.8,45.0,0.03,0.01,2323.266618,1776362227000
1776362229.069,129.069,0.21,10.88,0.2,35.0,0.22,46.5,0.23,72.5,0.76,15.29,0.75,25.5,0.77,8.44,0.78,15.0,0.01,0.01,2323.266618,1776362227000
1776362231.226,131.226,0.25,39.0,0.24,15.0,0.26,28.7,0.27,155.5,0.78,46.5,0.77,72.5,0.79,10.88,0.8,35.0,0.01,0.01,2322.958315,1776362230000
1776362231.704,131.704,0.25,11.0,0.24,15.0,0.26,28.7,0.27,155.5,0.74,28.7,0.73,155.5,0.75,39.0,0.76,15.0,0.01,0.01,2322.958315,1776362230000
1776362233.162,133.162,0.21,0.08,0.2,10.0,0.25,117.0,0.26,154.2,0.74,28.7,0.73,155.5,0.75,9.4,0.76,15.0,0.04,0.01,2323.223741,1776362231000
1776362234.081,134.081,0.23,8.42,0.22,20.5,0.26,77.34,0.27,145.0,0.76,7.0,0.75,100.0,0.79,4.77,0.81,25.0,0.03,0.03,2323.306184,1776362233000
1776362234.489,134.489,0.24,16.0,0.23,55.42,0.26,58.64,0.27,135.0,0.74,77.34,0.73,145.0,0.77,8.42,0.78,20.5,0.02,0.03,2323.306184,1776362233000
1776362234.81,134.81,0.25,58.18,0.24,55.5,0.26,45.15,0.27,135.0,0.74,54.79,0.73,144.84,0.75,32.68,0.76,21.0,0.01,0.01,2323.306184,1776362233000
1776362236.114,136.114,0.27,4.91,0.26,39.5,0.28,60.0,0.29,110.0,0.73,135.0,0.72,50.0,0.75,82.18,0.76,55.5,0.01,0.02,2323.169014,1776362234000
1776362236.554,136.554,0.26,34.5,0.25,50.18,0.28,60.0,0.29,120.5,0.72,60.0,0.71,110.0,0.73,4.91,0.74,39.5,0.02,0.01,2323.406582,1776362235000
1776362236.824,136.824,0.26,15.14,0.25,40.18,0.27,10.0,0.28,60.0,0.72,60.0,0.71,120.5,0.74,34.5,0.75,50.18,0.01,0.02,2323.406582,1776362235000
1776362237.155,137.155,0.27,63.63,0.26,25.14,0.29,60.0,0.3,245.5,0.73,10.0,0.72,60.0,0.74,15.14,0.75,40.18,0.02,0.01,2323.406582,1776362235000
1776362237.454,137.454,0.28,4.5,0.27,32.13,0.29,60.0,0.3,245.5,0.71,60.0,0.7,245.5,0.73,63.63,0.74,25.14,0.01,0.02,2323.406582,1776362235000
1776362238.837,138.837,0.25,39.68,0.24,17.0,0.27,33.0,0.28,21.0,0.71,60.0,0.7,245.5,0.72,4.5,0.73,32.13,0.02,0.01,2323.658127,1776362237000
1776362239.281,139.281,0.25,32.68,0.24,17.0,0.27,9.0,0.28,11.0,0.74,10.0,0.73,19.0,0.75,39.68,0.76,17.0,0.02,0.01,2323.685872,1776362238000
1776362240.396,140.396,0.27,5.0,0.26,29.23,0.29,1.68,0.3,247.5,0.73,16.29,0.72,11.0,0.74,44.23,0.75,32.68,0.02,0.01,2323.595311,1776362239000
1776362241.991,141.991,0.25,32.68,0.24,37.0,0.27,101.7,0.28,86.5,0.72,16.0,0.71,12.18,0.74,39.73,0.75,68.18,0.02,0.02,2323.574331,1776362240000
1776362243.104,143.104,0.25,42.18,0.24,77.5,0.26,26.0,0.27,22.0,0.73,101.7,0.72,86.5,0.75,32.68,0.76,37.0,0.01,0.02,2323.633614,1776362242000
1776362243.664,143.664,0.25,15.34,0.24,32.0,0.26,27.0,0.27,11.0,0.74,26.0,0.73,22.0,0.75,42.18,0.76,77.5,0.01,0.01,2323.633614,1776362242000
1776362244.219,144.219,0.23,25.0,0.22,56.0,0.26,265.5,0.27,36.5,0.74,21.0,0.73,11.0,0.75,15.34,0.76,32.0,0.03,0.01,2323.467287,1776362243000
1776362247.64,147.64,0.12,367.0,0.11,260.0,0.16,29.0,0.17,66.5,0.74,211.65,0.73,36.5,0.78,31.0,0.79,120.0,0.04,0.04,2322.777818,1776362246000
1776362248.029,148.029,0.12,259.58,0.11,270.0,0.14,5.0,0.17,11.0,0.86,10.5,0.85,10.5,0.88,232.58,0.89,270.0,0.02,0.02,2322.777818,1776362246000
1776362248.243,148.243,0.12,188.5,0.11,320.0,0.15,13.0,0.16,20.0,0.86,5.0,0.83,11.0,0.88,259.58,0.89,270.0,0.03,0.02,2322.777818,1776362246000
1776362248.569,148.569,0.17,52.14,0.16,74.0,0.2,8.0,0.21,33.0,0.83,7.0,0.82,10.0,0.87,10.0,0.88,262.5,0.03,0.04,2322.78057,1776362247000
1776362248.794,148.794,0.19,28.0,0.18,10.0,0.2,10.0,0.21,43.0,0.8,8.0,0.79,33.0,0.83,41.0,0.84,104.0,0.01,0.03,2322.78057,1776362247000
1776362249.94,149.94,0.17,72.5,0.16,70.5,0.21,53.5,0.22,27.0,0.8,20.0,0.79,43.0,0.81,13.91,0.84,10.0,0.04,0.01,2322.085465,1776362248000
1776362250.653,150.653,0.18,6.0,0.17,24.5,0.2,15.0,0.21,177.97,0.79,53.5,0.78,27.0,0.83,72.5,0.84,70.5,0.02,0.04,2322.519084,1776362249000
1776362250.874,150.874,0.19,87.5,0.18,51.5,0.2,5.0,0.21,157.47,0.8,15.0,0.79,177.97,0.82,6.0,0.83,24.5,0.01,0.02,2322.519084,1776362249000
1776362251.706,151.706,0.19,123.5,0.18,61.5,0.2,13.25,0.21,150.0,0.8,5.0,0.79,157.47,0.81,87.5,0.82,51.5,0.01,0.01,2322.652956,1776362250000
1776362252.543,152.543,0.18,40.5,0.17,35.5,0.2,85.25,0.21,100.5,0.8,13.25,0.79,150.0,0.81,123.5,0.82,61.5,0.02,0.01,2322.654026,1776362251000
1776362254.392,154.392,0.15,10.5,0.14,25.5,0.16,11.68,0.17,80.0,0.8,79.25,0.79,100.5,0.82,40.5,0.83,35.5,0.01,0.02,2322.88647,1776362253000
1776362254.734,154.734,0.16,9.04,0.15,85.5,0.17,10.0,0.18,13.0,0.84,11.68,0.83,80.0,0.85,10.5,0.86,25.5,0.01,0.01,2322.88647,1776362253000
1776362255.335,155.335,0.16,62.5,0.15,25.5,0.17,15.0,0.18,18.0,0.83,15.0,0.82,8.0,0.84,12.2,0.85,20.5,0.01,0.01,2322.88647,1776362253000
1776362256.199,156.199,0.16,30.5,0.15,35.5,0.18,27.16,0.19,28.5,0.83,15.0,0.82,18.0,0.84,62.5,0.85,25.5,0.02,0.01,2322.571794,1776362254000
1776362256.974,156.974,0.16,17.75,0.15,35.5,0.17,128.85,0.18,37.16,0.82,27.16,0.81,28.5,0.84,30.5,0.85,35.5,0.01,0.02,2322.571794,1776362255000
1776362257.536,157.536,0.16,16.8,0.15,30.5,0.17,100.85,0.18,17.16,0.83,128.85,0.82,37.16,0.84,17.75,0.85,35.5,0.01,0.01,2322.738119,1776362256000
1776362258.103,158.103,0.16,284.8,0.15,115.5,0.17,0.6,0.18,10.0,0.83,60.6,0.82,17.16,0.84,25.8,0.85,30.5,0.01,0.01,2322.738119,1776362256000
1776362259.267,159.267,0.22,20.0,0.21,130.5,0.23,25.0,0.25,60.0,0.8,10.0,0.79,80.0,0.83,8.4,0.84,314.8,0.01,0.03,2322.675197,1776362258000
1776362260.005,160.005,0.24,16.0,0.23,26.0,0.26,0.5,0.27,10.0,0.77,25.0,0.75,60.0,0.78,20.0,0.79,130.5,0.02,0.01,2322.675197,1776362258000
1776362261.003,161.003,0.26,116.0,0.25,86.2,0.27,10.0,0.28,75.0,0.73,10.0,0.72,75.0,0.74,49.5,0.76,16.0,0.01,0.01,2323.222415,1776362259000
1776362261.483,161.483,0.29,115.09,0.28,54.5,0.3,150.0,0.31,121.8,0.73,10.0,0.72,75.0,0.74,181.64,0.75,111.2,0.01,0.01,2323.379673,1776362260000
1776362262.286,162.286,0.29,5.34,0.28,15.5,0.3,15.0,0.31,20.0,0.7,150.0,0.69,121.8,0.71,115.09,0.72,54.5,0.01,0.01,2323.379673,1776362260000
1776362262.605,162.605,0.2,101.06,0.19,100.0,0.27,15.0,0.28,16.0,0.71,3.79,0.7,15.0,0.72,7.0,0.74,10.5,0.07,0.01,2323.741245,1776362261000
1776362262.901,162.901,0.19,30.0,0.18,30.0,0.2,56.98,0.21,114.28,0.79,114.28,0.78,10.0,0.8,43.02,0.81,30.0,0.01,0.01,2323.741245,1776362261000
1776362263.277,163.277,0.18,20.39,0.17,10.0,0.19,10.0,0.2,82.98,0.8,56.98,0.79,114.28,0.81,30.0,0.82,30.0,0.01,0.01,2323.88292,1776362262000
1776362263.614,163.614,0.17,15.0,0.16,140.0,0.2,34.07,0.21,109.28,0.81,10.0,0.8,82.98,0.82,20.39,0.83,10.0,0.03,0.01,2323.88292,1776362262000
1776362264.348,164.348,0.19,71.26,0.18,51.5,0.2,29.07,0.21,94.28,0.8,49.07,0.79,109.28,0.81,100.76,0.82,16.0,0.01,0.01,2323.88292,1776362262000
1776362266.093,166.093,0.2,22.87,0.19,30.5,0.21,10.0,0.22,62.5,0.8,29.07,0.79,94.28,0.81,71.26,0.82,51.5,0.01,0.01,2323.88292,1776362262000
1776362267.211,167.211,0.23,30.2,0.22,64.5,0.24,10.0,0.25,57.5,0.79,10.0,0.78,62.5,0.8,22.87,0.81,30.5,0.01,0.01,2323.88292,1776362262000
1776362267.632,167.632,0.23,161.74,0.22,49.5,0.24,15.0,0.25,45.5,0.76,10.0,0.75,57.5,0.77,30.2,0.78,64.5,0.01,0.01,2323.221428,1776362266000
1776362268.852,168.852,0.19,10.0,0.18,80.0,0.2,5.0,0.21,10.0,0.76,15.0,0.75,35.0,0.77,179.25,0.78,49.5,0.01,0.01,2323.199776,1776362267000
1776362270.251,170.251,0.18,70.0,0.17,55.5,0.2,64.22,0.21,33.5,0.8,5.0,0.79,10.0,0.81,10.0,0.82,80.0,0.02,0.01,2323.388825,1776362268000
1776362271.411,171.411,0.19,28.0,0.18,10.0,0.2,30.1,0.24,20.0,0.8,64.22,0.79,33.5,0.82,70.0,0.83,55.5,0.01,0.02,2323.175972,1776362270000
1776362277.881,177.881,0.2,48.5,0.19,30.5,0.22,15.0,0.23,32.0,0.76,20.0,0.75,45.0,0.81,28.0,0.82,10.0,0.02,0.05,2323.348009,1776362276000
1776362280.255,180.255,0.21,40.5,0.2,53.5,0.22,30.45,0.23,27.0,0.78,15.0,0.77,32.0,0.8,48.5,0.81,30.5,0.01,0.02,2323.358714,1776362279000
1776362280.466,180.466,0.21,27.5,0.2,53.5,0.22,20.45,0.23,27.0,0.78,30.45,0.77,27.0,0.79,40.5,0.8,53.5,0.01,0.01,2323.358714,1776362279000
1776362280.79,180.79,0.2,42.35,0.19,40.5,0.21,20.0,0.22,25.95,0.78,20.45,0.77,27.0,0.79,19.01,0.8,53.5,0.01,0.01,2323.358714,1776362279000
1776362281.367,181.367,0.19,30.5,0.18,10.5,0.2,15.0,0.21,68.5,0.79,20.0,0.78,25.95,0.8,42.35,0.81,40.5,0.01,0.01,2323.358714,1776362279000
1776362282.009,182.009,0.18,4.4,0.17,45.5,0.19,15.0,0.2,85.5,0.8,15.0,0.79,68.5,0.81,30.5,0.82,10.5,0.01,0.01,2323.386864,1776362280000
1776362286.576,186.576,0.13,150.5,0.12,220.5,0.14,10.28,0.15,25.0,0.81,15.0,0.8,85.5,0.82,4.4,0.83,45.5,0.01,0.01,2323.055626,1776362285000
1776362286.934,186.934,0.13,237.5,0.12,257.5,0.16,10.0,0.17,34.5,0.86,10.28,0.85,25.0,0.87,150.5,0.88,220.5,0.03,0.01,2323.055626,1776362285000
1776362287.535,187.535,0.15,50.17,0.14,20.5,0.16,10.0,0.17,29.5,0.84,10.0,0.83,34.5,0.85,40.85,0.86,20.5,0.01,0.01,2322.973615,1776362286000
1776362287.756,187.756,0.15,33.79,0.14,20.5,0.16,10.0,0.17,29.5,0.84,10.0,0.83,29.5,0.85,50.17,0.86,20.5,0.01,0.01,2322.973615,1776362286000
1776362288.192,188.192,0.15,32.61,0.14,20.5,0.16,10.0,0.17,34.5,0.84,10.0,0.83,29.5,0.85,33.79,0.86,20.5,0.01,0.01,2322.973615,1776362286000
1776362288.613,188.613,0.15,26.43,0.14,5.0,0.16,25.5,0.17,39.5,0.84,10.0,0.83,34.5,0.85,32.61,0.86,20.5,0.01,0.01,2322.814691,1776362287000
1776362288.901,188.901,0.15,4.21,0.13,125.0,0.16,65.5,0.17,39.5,0.84,25.5,0.83,39.5,0.85,26.43,0.86,5.0,0.01,0.01,2322.814691,1776362287000
1776362289.821,189.821,0.13,142.5,0.12,255.5,0.15,25.0,0.16,45.5,0.84,65.5,0.83,39.5,0.85,4.21,0.87,125.0,0.02,0.01,2322.930909,1776362288000
1776362290.69,190.69,0.15,5.0,0.14,77.5,0.16,20.0,0.17,29.0,0.85,12.25,0.84,45.5,0.86,5.0,0.87,137.5,0.01,0.01,2322.923711,1776362289000
1776362291.613,191.613,0.15,146.61,0.14,45.5,0.16,5.0,0.17,10.0,0.84,20.0,0.83,29.0,0.85,5.0,0.86,77.5,0.01,0.01,2322.828545,1776362290000
1776362292.577,192.577,0.17,4.0,0.16,10.0,0.18,57.5,0.19,20.5,0.83,10.0,0.82,20.0,0.85,146.61,0.86,45.5,0.01,0.02,2322.828545,1776362290000
1776362300.479,200.479,0.1,584.0,0.09,236.0,0.11,78.5,0.12,57.5,0.83,5.0,0.82,57.5,0.84,10.0,0.85,15.0,0.01,0.01,2323.018972,1776362298000
1776362301.196,201.196,0.09,247.0,0.08,468.0,0.11,254.5,0.12,96.5,0.89,78.5,0.88,57.5,0.9,584.0,0.91,236.0,0.02,0.01,2323.018972,1776362298000
1776362301.966,201.966,0.09,16.0,0.08,468.0,0.1,78.5,0.11,244.5,0.89,254.5,0.88,96.5,0.91,247.0,0.92,468.0,0.01,0.02,2322.542545,1776362300000
1776362302.456,202.456,0.08,461.82,0.07,249.0,0.09,201.38,0.1,68.5,0.9,78.5,0.89,244.5,0.92,461.82,0.93,249.0,0.01,0.02,2322.542545,1776362300000
1776362302.712,202.712,0.07,231.0,0.06,551.0,0.09,359.38,0.1,109.5,0.91,352.38,0.9,79.5,0.92,8.82,0.93,281.0,0.02,0.01,2322.141571,1776362301000
1776362303.025,203.025,0.07,169.0,0.06,551.0,0.08,50.58,0.09,337.38,0.92,40.58,0.91,359.38,0.93,221.0,0.94,551.0,0.01,0.01,2322.141571,1776362301000
1776362303.253,203.253,0.06,545.0,0.05,320.0,0.08,61.58,0.09,327.38,0.92,50.58,0.91,337.38,0.93,169.0,0.94,551.0,0.02,0.01,2322.141571,1776362301000
1776362303.568,203.568,0.06,540.87,0.05,320.0,0.07,21.01,0.08,40.5,0.92,61.58,0.91,327.38,0.94,545.0,0.95,320.0,0.01,0.02,2322.095338,1776362302000
1776362303.834,203.834,0.06,534.87,0.05,320.0,0.07,21.01,0.08,40.5,0.93,21.01,0.92,40.5,0.94,540.87,0.95,320.0,0.01,0.01,2322.095338,1776362302000
1776362306.697,206.697,0.06,529.6,0.05,320.0,0.07,126.31,0.08,99.4,0.93,21.01,0.92,40.5,0.94,534.87,0.95,320.0,0.01,0.01,2321.759804,1776362304000
1776362308.69,208.69,0.06,502.43,0.05,320.0,0.07,236.31,0.08,332.61,0.93,136.31,0.92,129.4,0.94,528.53,0.95,320.0,0.01,0.01,2321.625774,1776362306000
1776362309.504,209.504,0.06,225.36,0.05,320.0,0.07,271.31,0.08,237.4,0.93,236.31,0.92,332.61,0.94,502.43,0.95,320.0,0.01,0.01,2321.647703,1776362307000
1776362309.929,209.929,0.05,320.0,0.04,456.0,0.07,251.31,0.08,207.4,0.93,271.31,0.92,237.4,0.94,225.36,0.95,320.0,0.02,0.01,2321.474383,1776362308000
1776362310.286,210.286,0.05,315.78,0.04,456.0,0.06,213.75,0.07,250.8,0.93,251.31,0.92,207.4,0.95,320.0,0.96,456.0,0.01,0.02,2321.474383,1776362308000
1776362310.692,210.692,0.05,307.46,0.04,456.0,0.06,258.75,0.07,240.8,0.94,236.75,0.93,250.8,0.95,312.68,0.96,456.0,0.01,0.01,2321.451325,1776362309000
1776362312.31,212.31,0.05,178.01,0.04,456.0,0.06,328.75,0.07,319.03,0.94,246.75,0.93,250.8,0.95,283.01,0.96,456.0,0.01,0.01,2321.460049,1776362310000
1776362313.602,213.602,0.04,429.29,0.03,698.0,0.06,396.75,0.07,339.03,0.94,328.75,0.93,319.03,0.95,178.01,0.96,456.0,0.02,0.01,2321.503217,1776362311000
1776362314.596,214.596,0.04,419.29,0.03,698.0,0.05,359.42,0.06,450.57,0.94,396.75,0.93,339.03,0.96,429.29,0.97,698.0,0.01,0.02,2321.403881,1776362312000
1776362315.576,215.576,0.04,389.08,0.03,698.0,0.05,449.42,0.06,455.57,0.95,359.42,0.94,450.57,0.96,419.29,0.97,698.0,0.01,0.01,2321.352243,1776362313000
1776362315.821,215.821,0.04,281.95,0.03,819.0,0.05,511.42,0.06,465.57,0.95,501.42,0.94,465.57,0.96,313.08,0.97,819.0,0.01,0.01,2321.352243,1776362313000
1776362316.459,216.459,0.04,230.41,0.03,819.0,0.05,625.42,0.06,447.57,0.95,511.42,0.94,465.57,0.96,281.95,0.97,819.0,0.01,0.01,2321.230739,1776362314000
1776362316.892,216.892,0.03,789.19,0.02,393.0,0.05,663.42,0.06,417.57,0.95,613.42,0.94,447.57,0.96,200.19,0.97,819.0,0.02,0.01,2321.230739,1776362314000
1776362317.135,217.135,0.03,638.19,0.02,456.0,0.04,408.5,0.05,486.42,0.95,663.42,0.94,417.57,0.97,789.19,0.98,393.0,0.01,0.02,2321.24846,1776362315000
1776362317.387,217.387,0.03,583.19,0.02,456.0,0.04,400.5,0.05,486.42,0.96,393.5,0.95,486.42,0.97,633.19,0.98,456.0,0.01,0.01,2321.24846,1776362315000
1776362319.032,219.032,0.03,351.19,0.02,393.0,0.04,474.2,0.05,322.42,0.96,596.2,0.95,464.42,0.97,553.19,0.98,456.0,0.01,0.01,2321.00576,1776362317000
1776362319.55,219.55,0.03,250.15,0.02,393.0,0.04,474.2,0.05,332.42,0.96,474.2,0.95,322.42,0.97,351.19,0.98,393.0,0.01,0.01,2321.00576,1776362317000
1776362322.17,222.17,0.02,380.99,0.01,2699.56,0.04,360.2,0.05,353.42,0.96,474.2,0.95,332.42,0.97,250.15,0.98,393.0,0.02,0.01,2320.562297,1776362320000
1776362322.378,222.378,0.02,379.96,0.01,2699.56,0.03,233.27,0.04,338.2,0.96,360.2,0.95,353.42,0.98,380.99,0.99,2699.56,0.01,0.02,2320.60834,1776362321000
1776362322.643,222.643,0.02,359.96,0.01,2699.56,0.03,359.7,0.04,338.2,0.97,233.27,0.96,338.2,0.98,379.96,0.99,2699.56,0.01,0.01,2320.60834,1776362321000
1776362323.08,223.08,0.02,359.96,0.01,2699.56,0.03,358.54,0.04,348.2,0.97,359.7,0.96,338.2,0.98,359.96,0.99,2699.56,0.01,0.01,2320.60834,1776362321000
1776362325.466,225.466,0.02,252.82,0.01,2699.56,0.03,367.81,0.04,394.2,0.97,367.81,0.96,373.2,0.98,354.87,0.99,2699.56,0.01,0.01,2320.733573,1776362324000
1776362326.401,226.401,0.02,217.09,0.01,2699.56,0.03,294.85,0.04,399.2,0.97,387.54,0.96,394.2,0.98,247.71,0.99,2699.56,0.01,0.01,2320.84501,1776362325000
1776362326.651,226.651,0.02,222.09,0.01,2699.56,0.03,294.85,0.04,409.2,0.97,294.85,0.96,399.2,0.98,217.09,0.99,2699.56,0.01,0.01,2320.84501,1776362325000
1776362329.993,229.993,0.02,211.13,0.01,2335.96,0.03,420.38,0.04,389.2,0.97,304.12,0.96,409.2,0.98,213.63,0.99,2335.96,0.01,0.01,2320.506346,1776362328000
1776362333.177,233.177,0.02,111.13,0.01,2335.96,0.03,365.26,0.04,389.2,0.97,420.38,0.96,389.2,0.98,211.13,0.99,2335.96,0.01,0.01,2320.50245,1776362331000
1776362333.489,233.489,0.01,2316.67,,,0.03,344.26,0.04,379.2,0.97,365.26,0.96,389.2,0.98,111.13,0.99,2335.96,0.02,0.01,2320.504446,1776362332000
1776362333.807,233.807,0.01,2263.67,,,0.02,410.16,0.03,317.99,0.98,390.7,0.97,327.99,0.99,2263.67,,,0.01,0.01,2320.504446,1776362332000
1776362334.114,234.114,0.01,2243.67,,,0.02,410.16,0.03,266.99,0.98,410.16,0.97,317.99,0.99,2263.67,,,0.01,0.01,2320.533437,1776362333000
1776362334.976,234.976,0.01,2168.67,,,0.02,460.16,0.03,266.99,0.98,410.16,0.97,266.99,0.99,2243.67,,,0.01,0.01,2320.533437,1776362333000
1776362335.954,235.954,0.01,2712.27,,,0.02,269.0,0.03,261.99,0.98,460.16,0.97,266.99,0.99,2168.67,,,0.01,0.01,2320.599379,1776362334000
1776362336.225,236.225,0.01,2372.27,,,0.02,256.15,0.03,261.99,0.98,261.38,0.97,261.99,0.99,2672.27,,,0.01,0.01,2320.599379,1776362334000
1776362337.639,237.639,0.01,2372.27,,,0.02,154.18,0.03,267.14,0.98,256.15,0.97,261.99,0.99,2372.27,,,0.01,0.01,2320.976857,1776362336000
1776362339.371,239.371,0.01,2222.3,,,0.02,375.88,0.03,287.64,0.98,154.18,0.97,267.14,0.99,2372.27,,,0.01,0.01,2321.174847,1776362338000
1776362340.618,240.618,0.01,1852.64,,,0.02,380.98,0.03,182.49,0.98,375.88,0.97,287.64,0.99,2222.3,,,0.01,0.01,2321.221974,1776362339000
1776362342.646,242.646,0.01,1807.64,,,0.02,291.8,0.03,171.99,0.98,380.98,0.97,182.49,0.99,1852.64,,,0.01,0.01,2321.06331,1776362341000
1776362342.865,242.865,0.01,2407.56,,,0.05,23.0,0.06,66.62,0.95,23.0,0.94,66.62,0.99,2144.97,,,0.04,0.04,2321.06331,1776362341000
1776362343.216,243.216,0.03,10.0,0.02,0.82,0.06,90.0,0.07,15.0,0.94,91.62,0.93,100.3,0.98,0.82,0.99,2407.56,0.03,0.04,2321.06331,1776362341000
1776362343.476,243.476,0.03,2.9,0.02,0.82,0.05,10.0,0.06,90.0,0.95,10.0,0.94,90.0,0.97,4.95,0.98,0.82,0.02,0.02,2321.06331,1776362341000
1776362343.828,243.828,0.03,36.9,0.02,0.82,0.06,1.16,0.07,38.0,0.95,10.0,0.94,90.0,0.97,2.9,0.98,0.82,0.03,0.02,2321.240495,1776362342000
1776362344.102,244.102,0.05,28.9,0.04,10.0,0.06,6.16,0.07,38.0,0.94,1.16,0.93,38.0,0.97,36.9,0.98,0.82,0.01,0.03,2321.240495,1776362342000
1776362344.674,244.674,0.05,24.0,0.04,48.0,0.06,6.16,0.07,38.0,0.94,6.16,0.93,38.0,0.95,18.58,0.96,35.0,0.01,0.01,2321.592869,1776362343000
1776362345.334,245.334,0.05,33.94,0.04,73.0,0.06,6.16,0.07,15.0,0.94,6.16,0.93,38.0,0.95,20.87,0.96,48.0,0.01,0.01,2321.592869,1776362343000
1776362345.599,245.599,0.05,1.92,0.04,48.0,0.06,6.16,0.07,15.0,0.94,6.16,0.93,15.0,0.95,25.87,0.96,73.0,0.01,0.01,2321.81885,1776362344000
1776362345.833,245.833,0.05,23.94,0.04,48.0,0.07,10.0,0.08,169.31,0.93,10.0,0.92,169.31,0.95,49.86,0.96,48.0,0.02,0.02,2321.81885,1776362344000
1776362346.363,246.363,0.06,22.0,0.05,13.94,0.07,5.0,0.08,10.0,0.93,10.0,0.92,169.31,0.95,23.94,0.96,48.0,0.01,0.02,2321.955164,1776362345000
1776362346.684,246.684,0.06,65.46,0.05,13.94,0.07,5.0,0.08,10.0,0.93,5.0,0.92,10.0,0.94,66.74,0.95,13.94,0.01,0.01,2321.955164,1776362345000
1776362346.909,246.909,0.06,68.46,0.05,13.94,0.07,0.71,0.08,10.0,0.93,5.0,0.92,10.0,0.94,65.46,0.95,13.94,0.01,0.01,2321.955164,1776362345000
1776362347.3,247.3,0.06,5.0,0.05,13.94,0.07,75.49,0.08,10.0,0.93,0.71,0.92,10.0,0.94,39.95,0.95,13.94,0.01,0.01,2321.955164,1776362345000
1776362348.273,248.273,0.05,30.0,0.04,15.0,0.06,10.5,0.07,93.49,0.93,75.49,0.92,10.0,0.94,5.0,0.95,13.94,0.01,0.01,2322.284017,1776362346000
1776362348.692,248.692,0.06,14.0,0.05,30.0,0.07,74.49,0.08,18.0,0.93,93.49,0.92,18.0,0.94,14.0,0.95,50.0,0.01,0.01,2322.614076,1776362347000
1776362349.397,249.397,0.06,41.0,0.05,10.0,0.07,44.49,0.08,18.0,0.93,74.49,0.92,18.0,0.94,14.0,0.95,30.0,0.01,0.01,2322.7528,1776362348000
1776362349.654,249.654,0.06,138.72,0.05,10.0,0.07,20.2,0.08,18.0,0.93,34.49,0.92,8.0,0.94,89.72,0.95,10.0,0.01,0.01,2322.7528,1776362348000
1776362349.921,249.921,0.06,143.72,0.05,10.0,0.08,1.17,0.09,50.0,0.92,13.67,0.91,50.0,0.94,138.72,0.95,10.0,0.02,0.02,2322.7528,1776362348000
1776362351.003,251.003,0.07,67.0,0.06,97.72,0.08,1.17,0.09,50.0,0.92,1.17,0.91,50.0,0.94,143.72,0.95,10.0,0.01,0.02,2322.553288,1776362349000
1776362351.274,251.274,0.07,48.76,0.06,97.72,0.08,1.17,0.09,50.0,0.92,1.17,0.91,50.0,0.93,50.38,0.94,97.72,0.01,0.01,2322.553288,1776362349000
1776362351.985,251.985,0.06,70.94,0.05,10.0,0.08,1.17,0.09,50.0,0.92,1.17,0.91,50.0,0.94,73.6,0.95,10.0,0.02,0.02,2322.762833,1776362350000
1776362352.282,252.282,0.06,70.94,0.05,10.0,0.09,46.18,0.1,26.11,0.92,1.17,0.91,50.0,0.94,70.94,0.95,10.0,0.03,0.02,2322.762833,1776362350000
1776362353.091,253.091,0.07,18.38,0.06,70.94,0.09,46.18,0.1,41.11,0.91,46.18,0.9,26.11,0.94,70.94,0.95,10.0,0.02,0.03,2322.998628,1776362351000
1776362353.303,253.303,0.07,8.68,0.06,70.94,0.08,10.0,0.09,46.18,0.92,10.0,0.91,46.18,0.93,13.52,0.94,70.94,0.01,0.01,2322.998628,1776362351000
1776362353.677,253.677,0.07,1.75,0.06,70.94,0.08,10.0,0.09,46.18,0.92,10.0,0.91,46.18,0.93,0.59,0.94,70.94,0.01,0.01,2323.013113,1776362352000
1776362354.133,254.133,0.08,131.0,0.07,40.0,0.11,6.46,0.12,10.0,0.92,10.0,0.91,46.18,0.93,0.13,0.94,70.94,0.03,0.01,2323.013113,1776362352000
1776362354.409,254.409,0.1,15.0,0.09,10.0,0.11,104.56,0.12,10.0,0.87,13.45,0.86,26.0,0.91,10.0,0.92,91.13,0.01,0.04,2323.027507,1776362353000
1776362355.082,255.082,0.09,18.9,0.08,18.35,0.1,10.0,0.11,114.56,0.89,111.56,0.88,10.0,0.92,13.35,0.93,40.0,0.01,0.03,2323.027507,1776362353000
1776362355.347,255.347,0.1,10.76,0.09,18.9,0.11,88.34,0.12,10.0,0.89,88.34,0.88,10.0,0.9,12.88,0.91,18.9,0.01,0.01,2323.027507,1776362353000
1776362355.719,255.719,0.1,90.59,0.09,48.9,0.11,23.6,0.12,10.0,0.89,88.34,0.88,10.0,0.9,8.78,0.91,18.9,0.01,0.01,2323.090453,1776362354000
1776362356.03,256.03,0.1,56.82,0.09,53.9,0.11,33.6,0.12,10.0,0.89,33.6,0.88,10.0,0.9,58.47,0.91,53.9,0.01,0.01,2323.090453,1776362354000
1776362356.328,256.328,0.1,45.7,0.09,53.9,0.11,40.96,0.12,10.0,0.89,32.6,0.88,10.0,0.9,56.82,0.91,53.9,0.01,0.01,2323.090453,1776362354000
1776362356.749,256.749,0.1,7.91,0.09,78.9,0.11,40.96,0.12,10.0,0.89,40.96,0.88,69.46,0.9,30.55,0.91,53.9,0.01,0.01,2323.45,1776362355000
1776362357.082,257.082,0.09,90.9,0.08,117.25,0.11,22.77,0.12,10.0,0.89,40.96,0.88,10.0,0.9,7.91,0.91,78.9,0.02,0.01,2323.45,1776362355000
1776362357.575,257.575,0.1,5.0,0.09,65.9,0.11,46.72,0.12,10.0,0.89,22.72,0.88,10.0,0.91,90.9,0.92,117.25,0.01,0.02,2323.500859,1776362356000
1776362357.923,257.923,0.1,70.0,0.09,92.9,0.13,15.0,0.14,20.0,0.89,46.72,0.88,10.0,0.9,5.0,0.91,65.9,0.03,0.01,2323.500859,1776362356000
1776362358.545,258.545,0.11,89.51,0.09,142.9,0.12,10.0,0.13,165.0,0.86,20.0,0.85,83.2,0.89,50.0,0.9,70.0,0.01,0.03,2323.554067,1776362357000
1776362359.093,259.093,0.11,89.51,0.09,117.9,0.12,6.19,0.13,165.0,0.88,10.0,0.87,165.0,0.89,89.51,0.91,142.9,0.01,0.01,2323.554067,1776362357000
1776362359.299,259.299,0.11,73.51,0.09,117.9,0.13,132.73,0.14,20.0,0.88,6.19,0.87,165.0,0.89,73.51,0.91,117.9,0.02,0.01,2323.554067,1776362357000
1776362359.894,259.894,0.11,68.0,0.1,10.0,0.12,0.84,0.13,136.73,0.87,126.73,0.86,20.0,0.89,73.0,0.9,10.0,0.01,0.02,2323.554067,1776362357000
1776362360.283,260.283,0.12,3.86,0.11,73.0,0.13,136.73,0.14,20.0,0.88,0.84,0.87,136.73,0.89,68.0,0.9,10.0,0.01,0.01,2323.628745,1776362358000
1776362360.616,260.616,0.12,11.62,0.11,73.0,0.13,126.73,0.14,20.0,0.87,136.73,0.86,20.0,0.88,3.86,0.89,73.0,0.01,0.01,2323.628745,1776362358000
1776362361.63,261.63,0.12,26.59,0.11,23.0,0.13,10.0,0.14,20.0,0.87,126.73,0.86,20.0,0.88,11.62,0.89,73.0,0.01,0.01,2323.599498,1776362360000
1776362361.902,261.902,0.12,11.28,0.11,23.0,0.14,20.0,0.15,100.2,0.87,10.0,0.86,20.0,0.88,11.28,0.89,23.0,0.02,0.01,2323.599498,1776362360000
1776362362.467,262.467,0.12,3.78,0.11,23.0,0.13,117.04,0.14,20.0,0.87,10.0,0.86,20.0,0.88,5.03,0.89,23.0,0.01,0.01,2323.599498,1776362360000
1776362362.784,262.784,0.11,18.79,0.1,50.0,0.13,117.03,0.14,20.0,0.87,117.03,0.86,20.0,0.88,3.78,0.89,23.0,0.02,0.01,2323.655768,1776362361000
1776362363.645,263.645,0.12,14.0,0.11,13.17,0.13,19.99,0.14,37.0,0.87,117.03,0.86,20.0,0.89,13.17,0.9,50.0,0.01,0.02,2323.673457,1776362362000
1776362364.727,264.727,0.12,4.69,0.11,23.17,0.13,26.98,0.14,37.0,0.87,19.98,0.86,37.0,0.88,14.0,0.89,13.17,0.01,0.01,2323.716277,1776362363000
1776362365.336,265.336,0.13,49.25,0.12,4.69,0.14,49.93,0.15,90.2,0.87,26.98,0.86,37.0,0.88,4.69,0.89,23.17,0.01,0.01,2323.716277,1776362363000
1776362365.54,265.54,0.13,16.31,0.12,4.69,0.14,39.93,0.15,90.2,0.86,39.93,0.85,90.2,0.87,17.46,0.88,4.69,0.01,0.01,2323.716277,1776362363000
1776362365.83,265.83,0.13,24.25,0.12,4.69,0.14,39.93,0.15,28.2,0.86,39.93,0.85,90.2,0.88,4.69,0.89,88.17,0.01,0.02,2323.799775,1776362364000
1776362366.424,266.424,0.13,21.36,0.12,4.69,0.14,99.39,0.15,28.2,0.86,0.93,0.85,28.2,0.87,24.25,0.88,4.69,0.01,0.01,2323.79117,1776362365000
1776362366.891,266.891,0.14,72.0,0.13,7.91,0.15,25.2,0.18,10.0,0.86,99.39,0.85,28.2,0.87,17.91,0.88,4.69,0.01,0.01,2323.79117,1776362365000
1776362367.273,267.273,0.18,57.72,0.17,10.0,0.19,82.8,0.2,75.0,0.81,75.0,0.8,75.0,0.82,84.74,0.83,10.0,0.01,0.01,2323.79117,1776362365000
1776362367.494,267.494,0.18,26.37,0.17,10.0,0.19,82.8,0.2,75.0,0.81,82.8,0.8,75.0,0.82,28.81,0.83,10.0,0.01,0.01,2323.79117,1776362365000
1776362368.785,268.785,0.18,412.0,0.17,20.0,0.23,110.0,0.24,135.0,0.81,82.8,0.8,75.0,0.82,26.37,0.83,10.0,0.05,0.01,2324.032652,1776362367000
1776362368.995,268.995,0.41,22.21,0.33,5.0,0.51,58.54,0.52,55.0,0.49,60.7,0.48,55.0,0.59,22.21,0.67,5.0,0.1,0.1,2324.032652,1776362367000
1776362369.228,269.228,0.49,10.0,0.48,10.0,0.51,38.6,0.52,10.0,0.49,1.18,0.48,30.0,0.5,10.0,0.51,10.0,0.02,0.01,2324.205296,1776362368000
1776362369.501,269.501,0.5,9.0,0.49,10.0,0.51,32.81,0.52,7.76,0.5,1.92,0.49,10.0,0.52,9.91,0.53,19.9,0.01,0.02,2324.205296,1776362368000
1776362369.72,269.72,0.5,4.5,0.49,10.0,0.51,1.34,0.53,134.5,0.49,6.78,0.47,134.5,0.5,4.5,0.51,10.0,0.01,0.01,2324.205296,1776362368000
1776362369.928,269.928,0.48,6.8,0.47,17.74,0.5,25.0,0.51,24.8,0.49,14.8,0.48,10.0,0.51,16.0,0.52,10.0,0.02,0.02,2324.205296,1776362368000
1776362370.161,270.161,0.46,19.0,0.45,10.0,0.48,8.44,0.49,7.52,0.51,7.52,0.5,35.0,0.53,6.52,0.54,19.0,0.02,0.02,2324.205296,1776362368000
1776362370.381,270.381,0.47,10.0,0.46,10.0,0.49,0.51,0.5,35.0,0.51,3.36,0.5,35.0,0.55,10.0,0.56,10.0,0.02,0.04,2324.205296,1776362368000
1776362370.612,270.612,0.48,2.8,0.47,34.2,0.5,29.51,0.51,29.8,0.5,29.51,0.49,29.8,0.52,10.0,0.53,34.2,0.02,0.02,2324.295865,1776362369000
1776362370.875,270.875,0.47,5.56,0.46,10.0,0.48,20.0,0.49,33.75,0.51,8.75,0.5,29.51,0.52,2.8,0.53,34.2,0.01,0.01,2324.295865,1776362369000
1776362371.576,271.576,0.46,10.0,0.45,20.0,0.47,9.77,0.48,15.0,0.52,20.0,0.51,33.75,0.53,5.56,0.54,10.0,0.01,0.01,2324.843279,1776362370000
1776362371.785,271.785,0.46,4.23,0.45,20.0,0.48,9.38,0.49,58.75,0.53,6.38,0.52,10.0,0.54,4.23,0.55,20.0,0.02,0.01,2324.843279,1776362370000
1776362372.545,272.545,0.47,10.63,0.45,10.0,0.48,8.96,0.49,58.75,0.52,9.38,0.51,58.75,0.54,4.23,0.55,10.0,0.01,0.02,2325.07121,1776362371000
1776362372.976,272.976,0.47,6.36,0.46,10.0,0.49,50.0,0.5,43.51,0.51,58.75,0.5,43.51,0.53,6.36,0.54,10.0,0.02,0.02,2325.07121,1776362371000
1776362373.204,273.204,0.49,36.0,0.48,10.0,0.5,23.03,0.51,35.0,0.51,50.0,0.5,43.51,0.53,6.36,0.54,10.0,0.01,0.02,2325.07121,1776362371000
1776362373.526,273.526,0.53,19.0,0.52,19.0,0.54,2.79,0.55,58.6,0.49,35.0,0.47,124.5,0.51,20.0,0.52,10.0,0.01,0.02,2325.054207,1776362372000
1776362373.774,273.774,0.54,16.82,0.53,19.0,0.55,26.14,0.56,64.6,0.45,50.64,0.44,64.6,0.47,19.0,0.48,19.0,0.01,0.02,2325.054207,1776362372000
1776362374.066,274.066,0.54,49.64,0.53,19.0,0.55,1.14,0.57,65.0,0.45,26.14,0.44,64.6,0.46,16.82,0.47,19.0,0.01,0.01,2325.0633,1776362373000
1776362374.292,274.292,0.54,31.37,0.53,24.0,0.57,24.88,0.58,105.0,0.45,1.14,0.44,10.0,0.46,41.37,0.47,24.0,0.03,0.01,2325.0633,1776362373000
1776362374.673,274.673,0.56,14.44,0.55,10.0,0.57,22.6,0.58,70.0,0.43,10.6,0.42,105.0,0.44,16.72,0.45,10.0,0.01,0.01,2325.0633,1776362373000
1776362374.912,274.912,0.56,9.44,0.55,10.0,0.57,13.99,0.58,120.0,0.43,15.35,0.42,120.0,0.44,9.44,0.45,10.0,0.01,0.01,2325.0633,1776362373000
1776362375.182,275.182,0.56,7.16,0.55,10.0,0.57,1.37,0.58,35.0,0.42,85.0,0.41,165.0,0.44,7.16,0.45,10.0,0.01,0.02,2325.0633,1776362373000
1776362375.537,275.537,0.55,5.54,0.54,21.37,0.56,15.0,0.57,11.37,0.44,10.0,0.43,11.37,0.45,7.77,0.46,21.37,0.01,0.01,2325.0633,1776362373000
1776362375.806,275.806,0.55,3.31,0.54,21.37,0.56,23.65,0.57,36.37,0.44,23.65,0.43,11.37,0.45,5.54,0.46,21.37,0.01,0.01,2325.156075,1776362374000
1776362376.241,276.241,0.53,8.75,0.52,10.0,0.54,20.0,0.55,37.23,0.44,21.25,0.43,36.37,0.45,1.08,0.46,21.37,0.01,0.01,2325.180705,1776362375000
1776362376.496,276.496,0.54,10.0,0.53,8.75,0.55,11.99,0.56,10.0,0.45,33.45,0.44,10.0,0.47,8.75,0.48,10.0,0.01,0.02,2325.180705,1776362375000
1776362376.795,276.795,0.54,10.0,0.53,8.75,0.57,10.0,0.58,42.0,0.45,11.99,0.44,10.0,0.46,10.0,0.47,8.75,0.03,0.01,2325.180705,1776362375000
1776362377.094,277.094,0.55,10.88,0.54,10.0,0.56,10.0,0.57,10.0,0.43,10.0,0.42,42.0,0.46,10.0,0.47,8.75,0.01,0.03,2325.213791,1776362376000
1776362377.821,277.821,0.45,25.0,0.41,60.0,0.54,22.0,0.55,45.0,0.44,10.0,0.43,10.0,0.45,10.88,0.46,10.0,0.09,0.01,2325.213791,1776362376000
1776362378.254,278.254,0.41,10.0,0.4,10.0,0.43,15.0,0.44,15.0,0.52,1.89,0.51,20.0,0.55,25.0,0.63,10.0,0.02,0.03,2325.22677,1776362377000
1776362378.804,278.804,0.42,10.0,0.41,10.0,0.44,22.05,0.45,16.0,0.57,0.03,0.56,15.0,0.58,10.0,0.59,10.0,0.02,0.01,2325.22677,1776362377000
1776362379.313,279.313,0.4,20.0,0.39,20.0,0.42,8.81,0.43,20.0,0.56,22.05,0.55,16.0,0.58,10.0,0.59,10.0,0.02,0.02,2325.22677,1776362377000
1776362380.239,280.239,0.43,15.0,0.42,15.0,0.44,12.05,0.45,6.0,0.58,8.81,0.57,20.0,0.6,20.0,0.61,20.0,0.01,0.02,2325.112102,1776362379000
1776362380.591,280.591,0.43,79.0,0.42,10.0,0.44,12.05,0.46,15.0,0.56,12.05,0.55,6.0,0.57,15.0,0.58,15.0,0.01,0.01,2325.112102,1776362379000
1776362381.898,281.898,0.61,65.07,0.6,39.0,0.62,25.0,0.64,25.0,0.56,12.05,0.54,15.0,0.57,79.0,0.58,10.0,0.01,0.01,2324.95831,1776362380000
1776362382.538,282.538,0.64,11.23,0.63,20.0,0.66,45.0,0.67,50.0,0.38,25.0,0.36,25.0,0.39,65.07,0.4,39.0,0.02,0.01,2325.045332,1776362381000
1776362382.849,282.849,0.65,10.0,0.64,11.23,0.66,45.0,0.67,85.0,0.34,45.0,0.33,85.0,0.35,5.0,0.36,11.23,0.01,0.01,2325.045332,1776362381000
1776362383.166,283.166,0.65,15.0,0.64,11.23,0.66,20.0,0.67,50.0,0.34,45.0,0.33,85.0,0.35,10.0,0.36,11.23,0.01,0.01,2325.045332,1776362381000
1776362384.504,284.504,0.68,15.0,0.67,15.0,0.69,13.75,0.7,110.0,0.34,4.62,0.33,50.0,0.35,15.0,0.36,11.23,0.01,0.01,2325.446114,1776362382000
1776362384.714,284.714,0.68,15.0,0.67,15.0,0.69,5.0,0.7,10.0,0.31,13.75,0.3,110.0,0.32,15.0,0.33,15.0,0.01,0.01,2325.51148,1776362383000
1776362385.445,285.445,0.7,15.0,0.69,15.0,0.71,5.6,0.72,40.0,0.29,58.6,0.28,35.0,0.31,15.0,0.32,15.0,0.01,0.02,2325.503814,1776362384000
1776362385.812,285.812,0.7,24.59,0.69,15.0,0.71,4.19,0.72,30.0,0.29,4.19,0.28,40.0,0.3,15.0,0.31,15.0,0.01,0.01,2325.503814,1776362384000
1776362386.199,286.199,0.7,73.12,0.69,15.0,0.71,2.78,0.82,30.0,0.29,12.78,0.28,10.0,0.3,92.59,0.31,15.0,0.01,0.01,2325.518257,1776362385000
1776362386.588,286.588,0.81,22.0,0.8,10.0,0.82,31.45,0.83,10.0,0.18,26.76,0.17,10.0,0.19,15.0,0.21,22.0,0.01,0.01,2325.518257,1776362385000
1776362386.823,286.823,0.81,20.47,0.8,10.0,0.82,8.78,0.83,10.0,0.18,8.78,0.17,10.0,0.19,24.0,0.2,10.0,0.01,0.01,2325.518257,1776362385000
1776362387.059,287.059,0.61,74.75,0.6,10.0,0.81,3.94,0.82,8.78,0.18,8.78,0.17,10.0,0.39,52.75,0.4,40.0,0.2,0.21,2325.518257,1776362385000
1776362387.369,287.369,0.7,10.0,0.69,10.0,0.72,4.16,0.73,40.0,0.19,3.94,0.18,8.78,0.39,74.75,0.4,10.0,0.02,0.2,2325.50785,1776362386000
1776362387.721,287.721,0.72,83.0,0.71,15.0,0.76,50.09,0.77,10.0,0.27,17.73,0.26,10.0,0.29,20.0,0.3,10.0,0.04,0.02,2325.50785,1776362386000
1776362387.96,287.96,0.79,5.0,0.78,5.0,0.81,57.87,0.82,10.0,0.19,50.0,0.17,10.0,0.21,9.62,0.22,10.0,0.02,0.02,2325.50785,1776362386000
1776362388.167,288.167,0.76,37.0,0.75,29.0,0.81,24.76,0.82,10.0,0.23,9.9,0.22,10.0,0.24,10.0,0.25,51.0,0.05,0.01,2325.50785,1776362386000
1776362388.388,288.388,0.8,10.0,0.79,10.0,0.81,26.01,0.82,10.0,0.19,44.76,0.18,10.0,0.2,10.0,0.21,10.0,0.01,0.01,2325.587683,1776362387000
1776362388.699,288.699,0.82,98.0,0.81,10.0,0.84,1.61,0.85,17.0,0.17,0.55,0.16,5.0,0.19,10.0,0.2,10.0,0.02,0.02,2325.587683,1776362387000
1776362389.174,289.174,0.83,12.0,0.82,91.0,0.85,11.53,0.86,60.0,0.16,1.61,0.15,17.0,0.18,98.0,0.19,10.0,0.02,0.02,2325.587683,1776362387000
1776362389.512,289.512,0.83,12.0,0.82,91.0,0.84,7.85,0.85,11.53,0.15,11.53,0.14,60.0,0.17,12.0,0.18,91.0,0.01,0.02,2325.587683,1776362387000
1776362389.752,289.752,0.84,22.0,0.83,15.0,0.85,1.48,0.86,60.0,0.16,7.85,0.15,11.53,0.17,12.0,0.18,91.0,0.01,0.01,2325.587683,1776362387000
1776362390.01,290.01,0.84,71.0,0.83,20.0,0.9,10.0,0.91,61.0,0.15,1.48,0.14,60.0,0.16,22.0,0.17,15.0,0.06,0.01,2325.802508,1776362388000
1776362390.287,290.287,0.89,26.67,0.88,10.0,0.9,3.32,0.91,61.0,0.1,4.44,0.09,61.0,0.11,18.67,0.12,10.0,0.01,0.01,2325.802508,1776362388000
1776362390.514,290.514,0.89,26.67,0.88,10.0,0.91,38.78,0.92,22.0,0.09,58.78,0.08,12.0,0.11,26.67,0.12,10.0,0.02,0.02,2325.802508,1776362388000
1776362390.793,290.793,0.89,5.0,0.84,5.0,0.92,64.0,0.93,5.89,0.07,5.89,0.06,31.0,0.09,5.0,0.11,5.0,0.03,0.02,2325.975357,1776362389000
1776362391.261,291.261,0.83,4.11,0.82,47.0,0.85,10.0,0.86,10.0,0.08,64.0,0.07,5.89,0.11,5.0,0.16,5.0,0.02,0.03,2325.9729,1776362390000
1776362391.52,291.52,0.84,3.0,0.83,1.58,0.86,7.18,0.87,10.0,0.14,7.18,0.13,10.0,0.17,1.58,0.18,47.0,0.02,0.03,2325.9729,1776362390000
1776362391.765,291.765,0.84,3.0,0.83,1.58,0.86,1.36,0.87,10.0,0.14,7.18,0.13,10.0,0.16,3.0,0.17,1.58,0.02,0.02,2325.9729,1776362390000
1776362392.11,292.11,0.85,9.21,0.84,3.0,0.86,10.0,0.87,10.0,0.14,1.36,0.13,10.0,0.16,3.0,0.17,1.58,0.01,0.02,2325.9729,1776362390000
1776362392.375,292.375,0.88,10.0,0.87,10.0,0.9,8.88,0.91,10.0,0.17,7.45,0.16,10.0,0.18,37.0,0.19,50.0,0.02,0.01,2325.9729,1776362390000
1776362392.735,292.735,0.92,24.25,0.91,10.0,0.94,31.0,0.95,45.0,0.1,8.88,0.09,10.0,0.12,1.66,0.13,10.0,0.02,0.02,2326.032866,1776362391000
1776362392.978,292.978,0.93,14.0,0.92,6.25,0.94,14.85,0.95,45.0,0.06,31.0,0.05,45.0,0.08,24.25,0.09,10.0,0.01,0.02,2326.032866,1776362391000
1776362393.33,293.33,0.95,10.0,0.94,32.0,0.97,30.0,0.98,10.0,0.01,1689.69,,,0.07,10.0,0.08,6.0,0.02,0.06,2326.033568,1776362392000
1776362393.534,293.534,0.96,10.0,0.95,10.0,0.98,5.0,0.99,1678.98,0.01,1678.98,,,0.04,10.0,0.05,10.0,0.02,0.03,2326.033568,1776362392000
1776362393.981,293.981,0.95,10.0,0.94,12.83,0.97,5.0,0.98,5.0,0.02,5.0,0.01,1678.98,0.06,12.83,0.07,10.0,0.02,0.04,2326.033568,1776362392000
1776362394.291,294.291,0.95,2.0,0.94,10.0,0.96,9.47,0.97,10.0,0.04,9.47,0.03,10.0,0.06,22.0,0.07,11.08,0.01,0.02,2325.988236,1776362393000
1776362394.553,294.553,0.95,33.56,0.94,10.0,0.98,3.65,0.99,1678.98,0.04,9.47,0.03,10.0,0.05,2.0,0.06,10.0,0.03,0.01,2325.988236,1776362393000
1776362395.061,295.061,0.97,144.0,0.96,10.0,0.99,1547.52,,,0.01,1658.63,,,0.05,33.56,0.06,10.0,0.02,0.04,2325.988236,1776362393000
1776362395.561,295.561,0.98,144.0,0.97,15.0,0.99,1502.16,,,0.01,1512.16,,,0.02,142.0,0.03,10.0,0.01,0.01,2326.091416,1776362394000
1776362395.792,295.792,0.98,142.0,0.97,15.0,0.99,1441.16,,,0.01,1461.16,,,0.02,144.0,0.03,15.0,0.01,0.01,2326.091416,1776362394000
1776362396.15,296.15,0.89,126.0,0.88,10.0,0.9,10.0,0.91,80.0,0.07,10.0,0.06,10.0,0.09,10.0,0.1,10.0,0.01,0.02,2326.091416,1776362394000
1776362396.393,296.393,0.9,15.0,0.89,126.0,0.91,54.5,0.92,10.0,0.09,69.4,0.08,10.0,0.11,126.0,0.12,10.0,0.01,0.02,2326.091416,1776362394000
1776362396.633,296.633,0.95,27.0,0.94,10.0,0.96,76.29,0.97,10.0,0.04,31.29,0.03,10.0,0.07,10.0,0.08,10.0,0.01,0.03,2326.139993,1776362395000
1776362396.947,296.947,0.97,10.0,0.96,15.0,0.99,1325.05,,,0.03,10.0,0.02,10.0,0.05,27.0,0.06,10.0,0.02,0.02,2326.139993,1776362395000
1776362397.231,297.231,0.98,86.55,0.97,14.98,0.99,1266.99,,,0.01,1298.99,,,0.02,86.55,0.03,14.98,0.01,0.01,2326.139973,1776362396000
1776362397.44,297.44,0.98,86.55,0.97,14.98,0.99,872.54,,,0.01,1001.84,,,0.02,86.55,0.03,14.98,0.01,0.01,2326.139973,1776362396000
1776362397.641,297.641,0.98,101.55,0.97,9.98,0.99,531.74,,,0.01,548.93,,,0.02,101.55,0.03,9.98,0.01,0.01,2326.139973,1776362396000
1776362398.069,298.069,0.99,1568.55,0.98,101.55,,,,,,,,,0.02,91.55,0.03,9.98,,,2326.139973,1776362396000

# RESULT,winner=Up,slug=eth-updown-5m-1776362100,ticks=436
