timestamp,elapsed_sec,up_bid_p1,up_bid_s1,up_bid_p2,up_bid_s2,up_ask_p1,up_ask_s1,up_ask_p2,up_ask_s2,down_bid_p1,down_bid_s1,down_bid_p2,down_bid_s2,down_ask_p1,down_ask_s1,down_ask_p2,down_ask_s2,up_spread,down_spread,eth_price,eth_oracle_ts
1776377700.927,0.927,0.51,108.45,0.5,11.17,0.53,5.0,0.54,150.0,0.47,5.0,0.46,150.0,0.49,5.5,0.5,11.17,0.02,0.02,2344.352339,1776377699000
1776377701.538,1.538,0.51,99.6,0.5,6.12,0.53,5.0,0.54,70.0,0.47,5.0,0.46,150.0,0.49,108.45,0.5,11.17,0.02,0.02,2344.334975,1776377700000
1776377702.368,2.368,0.51,99.6,0.5,6.12,0.52,11.28,0.53,27.0,0.47,5.0,0.46,70.0,0.49,99.6,0.5,6.12,0.01,0.02,2344.323797,1776377701000
1776377703.332,3.332,0.51,92.6,0.5,6.12,0.52,14.43,0.53,42.0,0.48,8.28,0.47,32.0,0.49,92.6,0.5,6.12,0.01,0.01,2344.299176,1776377702000
1776377703.782,3.782,0.51,42.6,0.5,6.12,0.52,15.0,0.53,242.0,0.48,14.43,0.47,42.0,0.49,92.6,0.5,6.12,0.01,0.01,2344.299176,1776377702000
1776377703.994,3.994,0.48,73.39,0.47,5.0,0.49,81.0,0.5,173.0,0.51,10.0,0.5,80.0,0.52,143.39,0.53,5.0,0.01,0.01,2344.299176,1776377702000
1776377704.496,4.496,0.41,73.15,0.4,168.0,0.46,8.0,0.47,27.0,0.51,81.0,0.5,173.0,0.59,50.0,0.6,153.0,0.05,0.08,2344.263643,1776377703000
1776377704.703,4.703,0.44,1.82,0.43,10.0,0.45,15.0,0.46,18.0,0.54,8.0,0.53,27.0,0.59,73.15,0.6,168.0,0.01,0.05,2344.263643,1776377703000
1776377705.69,5.69,0.43,6.82,0.42,17.0,0.45,15.48,0.46,28.0,0.55,16.11,0.54,23.0,0.57,1.82,0.58,17.0,0.02,0.02,2344.264053,1776377704000
1776377706.319,6.319,0.43,25.06,0.42,42.0,0.44,5.0,0.45,31.03,0.55,21.03,0.54,28.0,0.56,1.05,0.57,16.82,0.01,0.01,2343.82228,1776377705000
1776377707.855,7.855,0.44,32.87,0.43,18.3,0.45,10.0,0.46,13.0,0.56,5.0,0.55,31.03,0.57,23.3,0.58,42.0,0.01,0.01,2343.829079,1776377706000
1776377708.764,8.764,0.43,5.0,0.42,118.38,0.44,43.0,0.45,40.0,0.55,10.0,0.54,13.0,0.56,32.87,0.57,18.3,0.01,0.01,2343.86942,1776377707000
1776377709.507,9.507,0.42,108.38,0.41,90.0,0.43,15.0,0.44,28.0,0.56,36.18,0.55,40.0,0.57,5.0,0.58,118.38,0.01,0.01,2343.870218,1776377708000
1776377709.789,9.789,0.42,108.38,0.41,90.0,0.43,16.93,0.44,23.0,0.57,15.0,0.56,28.0,0.58,108.38,0.59,90.0,0.01,0.01,2343.870218,1776377708000
1776377710.121,10.121,0.42,106.65,0.41,85.0,0.43,16.93,0.44,23.0,0.57,16.93,0.56,23.0,0.58,108.38,0.59,90.0,0.01,0.01,2343.894368,1776377709000
1776377710.489,10.489,0.42,71.9,0.41,85.0,0.43,27.43,0.44,23.0,0.57,16.93,0.56,23.0,0.58,106.65,0.59,85.0,0.01,0.01,2343.894368,1776377709000
1776377710.994,10.994,0.43,10.5,0.42,76.9,0.44,35.5,0.45,52.5,0.55,57.0,0.54,28.0,0.58,76.9,0.59,85.0,0.01,0.03,2343.894368,1776377709000
1776377711.269,11.269,0.43,73.94,0.42,35.5,0.44,24.63,0.45,52.5,0.56,35.5,0.55,52.5,0.57,10.5,0.58,76.9,0.01,0.01,2343.894368,1776377709000
1776377712.106,12.106,0.43,203.24,0.41,30.0,0.44,42.63,0.45,42.0,0.56,22.13,0.55,52.5,0.57,273.94,0.58,35.5,0.01,0.01,2343.844836,1776377710000
1776377712.366,12.366,0.42,189.02,0.41,40.5,0.43,46.7,0.44,84.63,0.57,15.0,0.56,103.63,0.58,189.02,0.59,40.5,0.01,0.01,2343.844836,1776377710000
1776377712.956,12.956,0.42,187.29,0.41,30.0,0.43,61.2,0.44,69.63,0.57,45.2,0.56,84.63,0.58,189.02,0.59,40.5,0.01,0.01,2343.814774,1776377711000
1776377713.279,13.279,0.42,177.23,0.41,30.0,0.43,74.2,0.44,69.63,0.57,90.2,0.56,69.63,0.58,185.56,0.59,30.0,0.01,0.01,2343.810091,1776377712000
1776377713.812,13.812,0.42,164.42,0.41,30.0,0.43,84.7,0.44,69.63,0.57,84.7,0.56,69.63,0.58,169.42,0.59,30.0,0.01,0.01,2343.810091,1776377712000
1776377714.365,14.365,0.42,162.69,0.41,30.0,0.43,95.7,0.44,69.63,0.57,84.7,0.56,69.63,0.58,164.42,0.59,30.0,0.01,0.01,2343.810091,1776377712000
1776377714.883,14.883,0.42,162.69,0.41,30.0,0.43,91.77,0.44,69.63,0.57,95.7,0.56,69.63,0.58,162.69,0.59,30.0,0.01,0.01,2343.726606,1776377713000
1776377716.52,16.52,0.41,30.0,0.4,130.5,0.42,61.73,0.43,73.5,0.57,91.77,0.56,69.63,0.58,162.69,0.59,30.0,0.01,0.01,2343.576108,1776377715000
1776377717.358,17.358,0.42,84.44,0.41,119.49,0.43,25.0,0.44,15.0,0.58,61.73,0.57,73.5,0.59,30.0,0.6,130.5,0.01,0.01,2343.575938,1776377716000
1776377718.263,18.263,0.44,87.89,0.43,46.0,0.45,29.27,0.46,34.5,0.55,41.5,0.54,34.5,0.57,5.0,0.58,89.44,0.01,0.02,2343.575242,1776377717000
1776377718.776,18.776,0.44,87.89,0.43,46.0,0.45,18.81,0.46,40.5,0.55,27.04,0.54,34.5,0.56,87.89,0.57,46.0,0.01,0.01,2343.575242,1776377717000
1776377719.724,19.724,0.45,9.85,0.44,107.89,0.46,36.5,0.47,242.18,0.55,18.81,0.54,40.5,0.56,87.89,0.57,46.0,0.01,0.01,2343.688394,1776377718000
1776377720.308,20.308,0.45,6.68,0.44,118.39,0.46,30.5,0.47,233.18,0.54,36.5,0.53,242.18,0.55,9.85,0.56,107.89,0.01,0.01,2343.731741,1776377719000
1776377720.649,20.649,0.45,61.68,0.44,113.39,0.47,138.68,0.49,130.0,0.54,30.5,0.53,233.18,0.55,6.68,0.56,118.39,0.02,0.01,2343.731741,1776377719000
1776377720.855,20.855,0.46,85.56,0.45,57.51,0.47,133.68,0.49,60.0,0.53,138.68,0.51,130.0,0.55,66.51,0.56,113.39,0.01,0.02,2343.731741,1776377719000
1776377721.406,21.406,0.46,99.83,0.45,152.44,0.47,133.68,0.49,60.0,0.53,133.68,0.51,60.0,0.54,85.56,0.55,57.51,0.01,0.01,2343.775013,1776377720000
1776377723.264,23.264,0.46,126.83,0.45,220.44,0.47,128.68,0.51,6.0,0.53,133.68,0.51,60.0,0.54,99.83,0.55,152.44,0.01,0.01,2344.025875,1776377722000
1776377723.755,23.755,0.46,126.83,0.45,220.44,0.47,123.68,0.51,6.0,0.53,128.68,0.49,6.0,0.54,126.83,0.55,220.44,0.01,0.01,2344.025875,1776377722000
1776377724.28,24.28,0.46,136.83,0.45,230.44,0.47,112.28,0.49,10.0,0.53,107.28,0.49,6.0,0.54,126.83,0.55,220.44,0.01,0.01,2344.094186,1776377723000
1776377724.557,24.557,0.46,136.83,0.45,230.44,0.47,108.02,0.49,10.0,0.53,110.15,0.51,10.0,0.54,136.83,0.55,230.44,0.01,0.01,2344.094186,1776377723000
1776377724.757,24.757,0.46,152.83,0.45,230.44,0.47,105.89,0.49,10.0,0.53,108.02,0.51,10.0,0.54,136.83,0.55,230.44,0.01,0.01,2344.094186,1776377723000
1776377731.243,31.243,0.46,85.89,0.45,161.0,0.47,97.5,0.48,35.5,0.53,103.76,0.51,10.0,0.54,152.83,0.55,230.44,0.01,0.01,2344.130313,1776377730000
1776377731.854,31.854,0.45,94.89,0.44,105.0,0.46,121.5,0.47,137.96,0.53,170.96,0.52,35.5,0.55,99.89,0.56,120.5,0.01,0.02,2344.130313,1776377730000
1776377732.075,32.075,0.45,9.07,0.44,105.0,0.46,88.32,0.47,106.96,0.54,119.32,0.53,137.96,0.55,10.89,0.56,105.0,0.01,0.01,2344.130313,1776377730000
1776377732.457,32.457,0.45,104.31,0.44,146.93,0.46,5.0,0.47,53.46,0.54,88.32,0.53,106.96,0.55,9.07,0.56,105.0,0.01,0.01,2344.186461,1776377731000
1776377732.663,32.663,0.46,30.0,0.45,45.75,0.47,78.96,0.48,25.5,0.54,5.0,0.53,53.46,0.55,104.31,0.56,146.93,0.01,0.01,2344.186461,1776377731000
1776377732.919,32.919,0.45,18.25,0.44,120.5,0.46,8.2,0.47,148.96,0.53,78.96,0.52,25.5,0.54,30.0,0.55,45.75,0.01,0.01,2344.186461,1776377731000
1776377735.086,35.086,0.45,7.25,0.44,45.5,0.46,126.63,0.47,99.96,0.54,8.2,0.53,148.96,0.55,18.25,0.56,120.5,0.01,0.01,2344.095079,1776377733000
1776377735.484,35.484,0.44,35.0,0.43,215.5,0.45,87.33,0.46,40.63,0.54,126.63,0.53,99.96,0.55,7.25,0.56,45.5,0.01,0.01,2344.031375,1776377734000
1776377738.383,38.383,0.44,25.0,0.43,415.5,0.45,143.1,0.46,34.63,0.55,87.33,0.54,40.63,0.56,35.0,0.57,215.5,0.01,0.01,2343.875607,1776377737000
1776377740.034,40.034,0.43,350.0,0.42,35.0,0.44,175.97,0.45,111.6,0.55,143.1,0.54,34.63,0.56,25.0,0.57,415.5,0.01,0.01,2343.863309,1776377738000
1776377740.377,40.377,0.43,67.07,0.42,235.0,0.44,287.77,0.45,117.51,0.56,175.97,0.55,111.6,0.57,350.0,0.58,35.0,0.01,0.01,2343.863309,1776377738000
1776377740.611,40.611,0.42,184.51,0.41,80.0,0.43,25.5,0.44,357.97,0.56,357.97,0.55,117.51,0.58,184.61,0.59,80.0,0.01,0.02,2343.86405,1776377739000
1776377742.457,42.457,0.32,50.0,0.3,10.0,0.33,135.93,0.34,23.0,0.57,45.5,0.56,93.77,0.58,6.94,0.59,80.0,0.01,0.01,2343.106123,1776377741000
1776377742.81,42.81,0.3,7.17,0.27,70.0,0.33,268.93,0.34,23.0,0.67,135.93,0.66,23.0,0.68,50.0,0.7,10.0,0.03,0.01,2343.106123,1776377741000
1776377744.066,44.066,0.28,10.0,0.26,10.0,0.31,288.0,0.32,29.0,0.69,45.0,0.68,96.0,0.7,1.08,0.73,70.0,0.03,0.01,2342.876818,1776377742000
1776377744.593,44.593,0.26,10.0,0.23,104.0,0.27,100.29,0.28,32.0,0.69,288.0,0.68,29.0,0.72,10.0,0.74,10.0,0.01,0.03,2342.876818,1776377742000
1776377745.42,45.42,0.23,79.0,0.22,100.0,0.24,86.83,0.25,10.0,0.73,100.29,0.72,32.0,0.74,10.0,0.77,104.0,0.01,0.01,2342.876818,1776377742000
1776377745.985,45.985,0.23,84.5,0.22,105.0,0.24,177.7,0.25,110.0,0.76,86.83,0.75,10.0,0.77,74.0,0.78,105.0,0.01,0.01,2342.54696,1776377744000
1776377746.262,46.262,0.23,10.5,0.21,64.0,0.24,206.45,0.25,155.0,0.76,177.7,0.75,110.0,0.77,74.5,0.78,105.0,0.01,0.01,2342.54696,1776377744000
1776377746.922,46.922,0.21,41.25,0.2,80.0,0.22,324.0,0.23,160.0,0.78,38.0,0.77,31.0,0.79,47.58,0.8,92.0,0.01,0.01,2342.54696,1776377744000
1776377747.981,47.981,0.2,79.91,0.18,60.0,0.22,389.5,0.23,170.5,0.78,338.0,0.77,160.0,0.79,36.18,0.8,80.0,0.02,0.01,2342.35014,1776377746000
1776377748.551,48.551,0.2,70.09,0.18,60.0,0.21,310.5,0.22,195.5,0.79,266.0,0.78,251.5,0.8,70.09,0.82,60.0,0.01,0.01,2342.35014,1776377746000
1776377750.022,50.022,0.18,55.0,0.17,133.0,0.19,102.0,0.2,120.0,0.79,310.5,0.78,195.5,0.8,70.09,0.82,60.0,0.01,0.01,2341.541353,1776377749000
1776377750.239,50.239,0.18,103.78,0.17,133.0,0.2,98.8,0.21,128.0,0.81,102.0,0.8,120.0,0.82,33.78,0.83,133.0,0.02,0.01,2341.541353,1776377749000
1776377750.891,50.891,0.17,43.5,0.16,50.0,0.18,4.44,0.19,63.0,0.81,10.0,0.8,108.8,0.82,3.78,0.83,133.0,0.01,0.01,2341.541353,1776377749000
1776377751.229,51.229,0.17,47.99,0.16,77.0,0.18,4.44,0.19,17.0,0.82,4.44,0.81,45.0,0.83,40.5,0.84,50.0,0.01,0.01,2341.282522,1776377750000
1776377751.45,51.45,0.17,37.99,0.16,67.0,0.18,10.88,0.19,17.0,0.82,21.88,0.81,17.0,0.83,37.99,0.84,67.0,0.01,0.01,2341.282522,1776377750000
1776377751.894,51.894,0.17,35.99,0.16,117.0,0.18,34.88,0.19,17.0,0.82,34.88,0.81,32.0,0.83,37.99,0.84,67.0,0.01,0.01,2341.282522,1776377750000
1776377752.613,52.613,0.17,25.49,0.16,50.0,0.18,28.63,0.19,17.0,0.82,34.88,0.81,17.0,0.83,35.99,0.84,117.0,0.01,0.01,2341.435421,1776377751000
1776377753.173,53.173,0.17,0.49,0.16,110.0,0.19,12.31,0.2,10.0,0.82,28.63,0.81,17.0,0.83,25.49,0.84,50.0,0.02,0.01,2341.435421,1776377751000
1776377753.524,53.524,0.18,40.78,0.17,116.49,0.19,5.0,0.2,24.0,0.81,9.31,0.8,10.0,0.83,97.49,0.84,110.0,0.01,0.02,2341.444948,1776377752000
1776377754.087,54.087,0.19,152.01,0.18,62.78,0.2,10.0,0.21,10.0,0.81,5.0,0.8,24.0,0.82,40.78,0.83,116.49,0.01,0.01,2341.396452,1776377753000
1776377754.32,54.32,0.19,87.01,0.18,52.0,0.2,2.0,0.21,10.0,0.8,10.0,0.79,10.0,0.81,152.01,0.82,62.78,0.01,0.01,2341.396452,1776377753000
1776377756.052,56.052,0.19,185.2,0.18,89.9,0.2,45.0,0.21,15.0,0.8,2.0,0.79,10.0,0.81,87.01,0.82,52.0,0.01,0.01,2341.447207,1776377754000
1776377756.326,56.326,0.19,252.13,0.18,89.9,0.2,41.18,0.21,15.0,0.8,41.18,0.79,15.0,0.81,253.6,0.82,89.9,0.01,0.01,2341.447207,1776377754000
1776377756.723,56.723,0.19,87.0,0.18,84.9,0.2,58.48,0.21,135.5,0.8,33.18,0.79,15.0,0.81,252.13,0.82,89.9,0.01,0.01,2341.68185,1776377755000
1776377757.053,57.053,0.19,64.97,0.18,28.5,0.2,207.98,0.21,157.5,0.8,68.48,0.79,164.5,0.81,67.97,0.82,87.9,0.01,0.01,2341.68185,1776377755000
1776377757.849,57.849,0.19,240.47,0.18,182.9,0.2,177.34,0.21,25.0,0.8,102.97,0.79,157.5,0.81,64.97,0.82,28.5,0.01,0.01,2341.681241,1776377756000
1776377758.202,58.202,0.19,281.47,0.18,168.5,0.21,12.0,0.22,19.0,0.8,177.34,0.79,25.0,0.81,240.47,0.82,182.9,0.02,0.01,2341.681241,1776377756000
1776377759.256,59.256,0.21,6.0,0.2,205.5,0.23,50.0,0.24,36.5,0.79,12.0,0.78,9.0,0.81,260.29,0.82,168.5,0.02,0.02,2341.701011,1776377758000
1776377759.53,59.53,0.21,53.0,0.2,201.0,0.22,15.0,0.23,60.0,0.79,40.0,0.78,15.0,0.8,201.0,0.81,162.5,0.01,0.01,2341.701011,1776377758000
1776377760.161,60.161,0.21,241.5,0.2,278.0,0.22,26.0,0.23,75.0,0.78,15.0,0.77,60.0,0.79,53.0,0.8,201.0,0.01,0.01,2341.76176,1776377759000
1776377761.492,61.492,0.21,155.0,0.2,215.0,0.22,103.0,0.23,77.0,0.78,26.0,0.77,75.0,0.79,241.5,0.8,278.0,0.01,0.01,2341.975835,1776377760000
1776377761.953,61.953,0.21,150.2,0.2,215.0,0.22,118.0,0.23,27.5,0.78,103.0,0.77,77.0,0.79,155.0,0.8,215.0,0.01,0.01,2341.975835,1776377760000
1776377762.299,62.299,0.21,114.2,0.2,225.5,0.22,118.0,0.23,27.5,0.78,118.0,0.77,27.5,0.79,122.2,0.8,215.0,0.01,0.01,2341.975835,1776377760000
1776377762.739,62.739,0.2,125.5,0.19,73.89,0.21,36.19,0.22,30.0,0.78,118.0,0.77,27.5,0.79,94.58,0.8,225.5,0.01,0.01,2342.006752,1776377761000
1776377763.879,63.879,0.2,105.0,0.19,74.48,0.21,94.42,0.22,67.5,0.79,73.62,0.78,25.0,0.8,125.5,0.81,73.89,0.01,0.01,2342.005092,1776377762000
1776377764.717,64.717,0.2,105.0,0.19,62.48,0.21,179.5,0.22,160.5,0.79,84.46,0.78,67.5,0.8,105.0,0.81,74.48,0.01,0.01,2342.005092,1776377762000
1776377765.788,65.788,0.2,95.0,0.19,59.48,0.21,173.5,0.22,166.5,0.79,179.5,0.78,160.5,0.8,105.0,0.81,62.48,0.01,0.01,2341.877075,1776377764000
1776377766.37,66.37,0.19,10.0,0.18,98.0,0.2,253.5,0.21,156.5,0.79,173.5,0.78,166.5,0.8,95.0,0.81,59.48,0.01,0.01,2341.877075,1776377764000
1776377768.634,68.634,0.15,118.63,0.14,172.5,0.17,308.98,0.18,364.57,0.8,253.5,0.79,156.5,0.81,10.0,0.82,98.0,0.02,0.01,2341.67522,1776377767000
1776377768.993,68.993,0.16,86.49,0.15,192.13,0.17,5.0,0.18,115.0,0.83,224.14,0.82,160.5,0.84,13.9,0.85,131.63,0.01,0.01,2341.67522,1776377767000
1776377769.194,69.194,0.17,59.99,0.16,120.5,0.18,104.01,0.19,157.5,0.82,108.61,0.81,157.5,0.83,52.88,0.84,120.5,0.01,0.01,2341.554835,1776377768000
1776377769.706,69.706,0.16,111.79,0.15,219.7,0.17,115.0,0.18,41.5,0.82,45.0,0.81,63.5,0.83,29.75,0.84,195.0,0.01,0.01,2341.554835,1776377768000
1776377769.997,69.997,0.16,111.79,0.15,219.7,0.17,66.61,0.18,41.5,0.83,115.0,0.82,41.5,0.84,111.79,0.85,219.7,0.01,0.01,2341.554835,1776377768000
1776377770.341,70.341,0.16,272.76,0.15,322.7,0.17,35.0,0.18,5.0,0.83,66.61,0.82,41.5,0.84,89.29,0.85,219.7,0.01,0.01,2341.554835,1776377768000
1776377770.598,70.598,0.16,306.33,0.15,486.02,0.17,5.0,0.18,5.0,0.83,35.0,0.82,5.0,0.84,272.76,0.85,304.7,0.01,0.01,2341.379005,1776377769000
1776377771.301,71.301,0.18,175.56,0.17,141.0,0.19,27.0,0.2,25.0,0.83,5.0,0.82,5.0,0.84,306.33,0.85,486.02,0.01,0.01,2341.379005,1776377769000
1776377771.514,71.514,0.18,137.43,0.17,165.0,0.19,25.0,0.2,25.0,0.81,27.0,0.8,25.0,0.82,175.56,0.83,141.0,0.01,0.01,2341.346925,1776377770000
1776377773.23,73.23,0.18,147.43,0.17,166.93,0.2,71.5,0.21,32.5,0.81,25.0,0.8,25.0,0.82,137.43,0.83,165.0,0.02,0.01,2341.356839,1776377771000
1776377773.677,73.677,0.18,122.78,0.17,211.49,0.19,35.0,0.2,528.33,0.8,71.5,0.79,32.5,0.82,147.43,0.83,166.93,0.01,0.02,2341.565145,1776377772000
1776377775.084,75.084,0.19,207.03,0.18,190.27,0.2,10.0,0.22,80.0,0.81,35.0,0.8,528.33,0.82,122.78,0.83,211.49,0.01,0.01,2341.59273,1776377773000
1776377775.851,75.851,0.22,19.61,0.21,108.0,0.23,41.5,0.24,41.0,0.8,10.0,0.78,80.0,0.81,207.03,0.82,190.27,0.01,0.01,2341.636921,1776377774000
1776377776.467,76.467,0.18,10.0,0.17,15.0,0.19,4.73,0.2,10.0,0.77,41.5,0.76,41.0,0.78,19.61,0.79,108.0,0.01,0.01,2341.649492,1776377775000
1776377779.576,79.576,0.15,259.88,0.14,260.0,0.16,146.0,0.17,42.5,0.81,44.78,0.8,25.0,0.82,10.0,0.83,15.0,0.01,0.01,2341.846275,1776377777000
1776377779.871,79.871,0.15,144.0,0.14,175.5,0.16,143.0,0.17,42.5,0.84,146.0,0.83,42.5,0.85,259.88,0.86,260.0,0.01,0.01,2341.413907,1776377778000
1776377780.095,80.095,0.15,148.5,0.14,175.5,0.16,98.0,0.17,30.5,0.84,143.0,0.83,42.5,0.85,144.0,0.86,175.5,0.01,0.01,2341.413907,1776377778000
1776377781.428,81.428,0.15,145.29,0.14,165.0,0.16,254.56,0.17,203.76,0.84,124.75,0.83,40.5,0.85,145.29,0.86,175.5,0.01,0.01,2341.402976,1776377779000
1776377781.683,81.683,0.15,145.29,0.14,210.49,0.18,24.15,0.19,123.23,0.84,254.56,0.83,203.76,0.85,145.29,0.86,165.0,0.03,0.01,2341.378574,1776377780000
1776377785.886,85.886,0.16,201.0,0.15,80.0,0.17,160.5,0.18,113.58,0.82,24.15,0.81,123.23,0.85,145.29,0.86,210.49,0.01,0.03,2341.334557,1776377784000
1776377786.547,86.547,0.16,199.8,0.15,90.0,0.17,285.59,0.18,61.5,0.83,160.5,0.82,113.58,0.84,201.0,0.85,80.0,0.01,0.01,2341.336245,1776377785000
1776377789.467,89.467,0.16,194.8,0.15,90.0,0.17,144.5,0.18,129.59,0.83,285.59,0.82,61.5,0.84,199.8,0.85,90.0,0.01,0.01,2341.195376,1776377787000
1776377789.99,89.99,0.16,249.8,0.15,190.0,0.17,25.5,0.18,80.19,0.83,144.5,0.82,129.59,0.84,194.8,0.85,90.0,0.01,0.01,2341.195376,1776377787000
1776377790.961,90.961,0.16,213.85,0.15,200.5,0.17,102.0,0.18,80.19,0.83,25.5,0.82,80.19,0.84,249.8,0.85,190.0,0.01,0.01,2341.195376,1776377787000
1776377793.764,93.764,0.16,201.94,0.15,200.5,0.17,181.29,0.18,183.03,0.83,102.0,0.82,80.19,0.84,213.85,0.85,200.5,0.01,0.01,2341.221563,1776377792000
1776377795.114,95.114,0.16,447.0,0.15,301.5,0.17,68.67,0.18,15.0,0.83,181.29,0.82,183.03,0.84,201.94,0.85,200.5,0.01,0.01,2341.230099,1776377794000
1776377795.514,95.514,0.18,171.42,0.17,182.49,0.19,89.8,0.2,150.5,0.81,35.0,0.8,148.5,0.84,447.0,0.85,326.5,0.01,0.03,2341.230099,1776377794000
1776377795.959,95.959,0.18,169.42,0.17,187.49,0.19,213.83,0.2,238.9,0.81,89.8,0.8,150.5,0.82,166.42,0.83,135.5,0.01,0.01,2341.230099,1776377794000
1776377796.323,96.323,0.18,169.42,0.17,203.49,0.19,419.72,0.2,195.74,0.81,213.83,0.8,238.9,0.82,169.42,0.83,187.49,0.01,0.01,2341.254322,1776377795000
1776377796.563,96.563,0.19,8.15,0.18,218.85,0.2,120.0,0.21,132.58,0.8,126.0,0.79,146.58,0.82,189.42,0.83,203.49,0.01,0.02,2341.254322,1776377795000
1776377796.766,96.766,0.19,262.64,0.18,192.42,0.2,88.7,0.21,132.58,0.8,96.7,0.79,132.58,0.81,262.64,0.82,192.42,0.01,0.01,2341.254322,1776377795000
1776377797.318,97.318,0.19,255.28,0.18,217.42,0.2,86.7,0.21,200.39,0.8,81.7,0.79,132.58,0.81,262.64,0.82,192.42,0.01,0.01,2341.50235,1776377796000
1776377797.62,97.62,0.19,255.28,0.18,237.42,0.21,253.16,0.22,21.5,0.8,192.75,0.79,126.58,0.81,255.28,0.82,217.42,0.02,0.01,2341.50235,1776377796000
1776377797.946,97.946,0.2,170.5,0.19,285.29,0.21,121.81,0.22,149.71,0.79,253.16,0.78,21.5,0.81,255.28,0.82,237.42,0.01,0.02,2341.50235,1776377796000
1776377799.199,99.199,0.21,169.23,0.2,209.5,0.22,256.42,0.23,50.5,0.79,121.81,0.78,149.71,0.8,170.5,0.81,285.29,0.01,0.01,2341.852243,1776377798000
1776377799.537,99.537,0.21,182.23,0.2,209.5,0.22,395.36,0.23,40.0,0.78,256.42,0.77,50.5,0.79,169.23,0.8,209.5,0.01,0.01,2341.852243,1776377798000
1776377801.341,101.341,0.2,100.0,0.19,214.65,0.22,361.1,0.23,215.37,0.78,395.36,0.77,40.0,0.79,171.23,0.8,209.5,0.02,0.01,2341.88799,1776377800000
1776377802.958,102.958,0.2,8.75,0.19,201.65,0.21,96.41,0.22,159.16,0.79,91.41,0.78,298.1,0.8,95.0,0.81,201.65,0.01,0.01,2341.888047,1776377801000
1776377804.686,104.686,0.2,185.25,0.19,445.64,0.21,15.55,0.22,5.0,0.79,96.41,0.78,159.16,0.8,8.75,0.81,201.65,0.01,0.01,2341.930514,1776377803000
1776377805.269,105.269,0.2,209.25,0.19,469.64,0.21,3.78,0.23,310.24,0.79,8.55,0.78,5.0,0.8,185.25,0.81,445.64,0.01,0.01,2341.930514,1776377804000
1776377805.661,105.661,0.22,54.58,0.21,131.5,0.23,305.24,0.24,66.5,0.79,3.78,0.77,310.24,0.8,209.25,0.81,469.64,0.01,0.01,2341.930514,1776377804000
1776377805.982,105.982,0.22,63.66,0.21,131.5,0.23,269.74,0.24,56.5,0.77,305.24,0.76,66.5,0.78,54.58,0.79,131.5,0.01,0.01,2341.930514,1776377804000
1776377806.202,106.202,0.22,90.16,0.21,131.5,0.23,269.74,0.24,56.5,0.77,269.74,0.76,56.5,0.78,63.66,0.79,131.5,0.01,0.01,2341.930514,1776377804000
1776377806.873,106.873,0.22,64.74,0.21,31.5,0.23,265.39,0.24,92.44,0.77,269.74,0.76,92.44,0.78,88.74,0.79,131.5,0.01,0.01,2341.998701,1776377805000
1776377808.041,108.041,0.22,72.22,0.21,31.5,0.23,10.0,0.24,330.6,0.77,265.39,0.76,92.44,0.78,64.74,0.79,31.5,0.01,0.01,2341.998701,1776377805000
1776377808.406,108.406,0.22,92.22,0.21,31.5,0.23,35.23,0.24,342.02,0.77,10.0,0.76,330.6,0.78,72.22,0.79,31.5,0.01,0.01,2341.998701,1776377805000
1776377808.971,108.971,0.22,71.5,0.21,85.49,0.23,28.23,0.24,325.52,0.77,35.23,0.76,342.02,0.78,92.22,0.79,31.5,0.01,0.01,2341.998701,1776377805000
1776377809.556,109.556,0.22,51.5,0.21,95.49,0.23,16.57,0.24,325.52,0.77,20.92,0.76,325.52,0.78,51.5,0.79,85.49,0.01,0.01,2341.996576,1776377806000
1776377810.017,110.017,0.22,28.51,0.21,231.5,0.23,16.57,0.24,62.36,0.77,16.57,0.76,193.94,0.78,46.93,0.79,295.49,0.01,0.01,2342.063697,1776377808000
1776377810.349,110.349,0.23,19.07,0.22,28.51,0.24,62.36,0.25,453.16,0.77,16.57,0.76,62.36,0.78,28.51,0.79,231.5,0.01,0.01,2342.085326,1776377809000
1776377810.623,110.623,0.23,22.61,0.22,28.51,0.24,62.36,0.25,453.16,0.76,62.36,0.75,453.16,0.77,19.07,0.78,28.51,0.01,0.01,2342.085326,1776377809000
1776377811.446,111.446,0.22,10.0,0.21,220.5,0.23,91.5,0.24,149.86,0.76,62.36,0.75,453.16,0.77,21.18,0.78,28.51,0.01,0.01,2342.125003,1776377810000
1776377813.368,113.368,0.22,10.0,0.21,20.5,0.23,112.22,0.24,356.02,0.77,91.5,0.76,149.86,0.78,10.0,0.79,220.5,0.01,0.01,2342.142705,1776377812000
1776377814.493,114.493,0.22,7.0,0.21,10.0,0.23,86.5,0.24,379.16,0.77,112.22,0.76,356.02,0.78,10.0,0.79,20.5,0.01,0.01,2342.10368,1776377813000
1776377815.292,115.292,0.2,200.0,0.19,10.0,0.21,7.88,0.22,51.5,0.77,86.5,0.76,379.16,0.78,7.0,0.79,10.0,0.01,0.01,2342.093671,1776377814000
1776377815.516,115.516,0.2,129.66,0.19,10.0,0.21,208.38,0.22,60.5,0.79,191.38,0.78,60.5,0.8,159.66,0.81,10.0,0.01,0.01,2342.093671,1776377814000
1776377815.717,115.717,0.2,123.66,0.19,10.0,0.21,227.38,0.22,65.5,0.79,208.38,0.78,60.5,0.8,129.66,0.81,10.0,0.01,0.01,2342.093671,1776377814000
1776377816.013,116.013,0.2,24.53,0.19,10.0,0.21,215.38,0.22,65.5,0.79,215.38,0.78,65.5,0.8,30.61,0.81,10.0,0.01,0.01,2342.088827,1776377815000
1776377816.306,116.306,0.2,17.2,0.19,10.0,0.21,215.38,0.22,65.5,0.79,215.38,0.78,65.5,0.8,23.28,0.81,10.0,0.01,0.01,2342.088827,1776377815000
1776377816.686,116.686,0.2,11.2,0.19,10.0,0.21,367.52,0.22,65.5,0.79,215.38,0.78,65.5,0.8,17.2,0.81,10.0,0.01,0.01,2342.088827,1776377815000
1776377817.03,117.03,0.2,8.33,0.19,10.0,0.21,357.52,0.22,65.5,0.79,367.52,0.78,65.5,0.8,9.95,0.81,10.0,0.01,0.01,2342.035993,1776377816000
1776377817.724,117.724,0.2,7.08,0.19,10.0,0.21,372.52,0.22,65.5,0.79,357.52,0.78,65.5,0.8,8.33,0.81,10.0,0.01,0.01,2342.035993,1776377816000
1776377818.07,118.07,0.2,5.83,0.19,10.0,0.21,372.52,0.22,86.5,0.79,372.52,0.78,65.5,0.8,7.08,0.81,10.0,0.01,0.01,2341.805386,1776377817000
1776377820.561,120.561,0.17,198.79,0.16,45.0,0.18,359.16,0.19,88.9,0.79,372.52,0.78,86.5,0.8,5.83,0.81,10.0,0.01,0.01,2341.692365,1776377819000
1776377820.841,120.841,0.17,173.7,0.16,45.0,0.18,224.9,0.19,77.9,0.82,359.16,0.81,88.9,0.83,174.91,0.84,45.0,0.01,0.01,2341.692365,1776377819000
1776377823.124,123.124,0.16,25.66,0.15,45.0,0.17,256.5,0.18,85.9,0.82,224.9,0.81,77.9,0.83,173.7,0.84,45.0,0.01,0.01,2341.580132,1776377822000
1776377823.551,123.551,0.15,45.0,0.14,235.0,0.17,266.5,0.18,152.01,0.83,256.5,0.82,85.9,0.84,25.66,0.85,45.0,0.02,0.01,2341.580132,1776377822000
1776377826.109,126.109,0.12,160.09,0.11,240.0,0.13,340.5,0.14,145.4,0.83,266.5,0.82,152.01,0.85,45.0,0.86,235.0,0.01,0.02,2341.393537,1776377825000
1776377826.567,126.567,0.11,120.0,0.1,145.0,0.12,29.91,0.13,421.5,0.87,340.5,0.86,145.4,0.88,160.09,0.89,240.0,0.01,0.01,2341.393537,1776377825000
1776377826.835,126.835,0.1,110.0,0.09,340.0,0.11,55.5,0.12,174.41,0.88,29.91,0.87,421.5,0.89,120.0,0.9,145.0,0.01,0.01,2341.393537,1776377825000
1776377827.275,127.275,0.1,14.85,0.09,340.0,0.11,309.0,0.12,221.6,0.89,55.5,0.88,174.41,0.9,110.0,0.91,340.0,0.01,0.01,2340.91793,1776377826000
1776377827.522,127.522,0.1,18.88,0.09,303.85,0.13,132.42,0.14,80.4,0.89,186.17,0.88,281.45,0.9,28.88,0.91,303.85,0.03,0.01,2340.91793,1776377826000
1776377827.778,127.778,0.09,223.79,0.08,128.0,0.1,170.0,0.11,111.79,0.9,101.0,0.89,87.0,0.91,228.85,0.92,128.0,0.01,0.01,2340.91793,1776377826000
1776377828.935,128.935,0.08,107.79,0.07,154.0,0.1,425.74,0.11,138.79,0.9,170.0,0.89,111.79,0.91,223.79,0.92,128.0,0.02,0.01,2340.3306,1776377827000
1776377829.503,129.503,0.07,133.17,0.06,206.0,0.09,376.77,0.1,186.0,0.91,157.0,0.9,360.74,0.92,54.17,0.93,154.0,0.02,0.01,2340.168972,1776377828000
1776377829.892,129.892,0.07,133.17,0.06,206.0,0.08,101.0,0.09,355.77,0.91,376.77,0.9,186.0,0.93,133.17,0.94,206.0,0.01,0.02,2340.168972,1776377828000
1776377830.749,130.749,0.07,80.69,0.06,206.0,0.08,327.5,0.09,256.92,0.92,101.0,0.91,355.77,0.93,133.17,0.94,206.0,0.01,0.01,2340.176215,1776377829000
1776377832.002,132.002,0.07,4.47,0.06,206.0,0.08,286.5,0.09,261.92,0.92,327.5,0.91,256.92,0.93,80.69,0.94,206.0,0.01,0.01,2340.196089,1776377831000
1776377832.35,132.35,0.06,192.01,0.05,428.0,0.08,286.5,0.09,261.92,0.92,286.5,0.91,261.92,0.93,4.47,0.94,206.0,0.02,0.01,2340.196089,1776377831000
1776377832.636,132.636,0.07,5.0,0.06,192.01,0.08,286.5,0.09,142.92,0.92,286.5,0.91,261.92,0.94,192.01,0.95,428.0,0.01,0.02,2340.196089,1776377831000
1776377833.59,133.59,0.07,2.3,0.06,192.01,0.08,128.44,0.09,152.92,0.92,286.5,0.91,142.92,0.93,3.92,0.94,192.01,0.01,0.01,2340.153522,1776377832000
1776377834.783,134.783,0.07,0.48,0.06,192.01,0.08,133.44,0.09,152.92,0.92,128.44,0.91,152.92,0.93,2.3,0.94,192.01,0.01,0.01,2340.2173,1776377833000
1776377835.127,135.127,0.07,0.48,0.06,192.01,0.08,120.94,0.09,152.92,0.92,133.44,0.91,152.92,0.93,0.48,0.94,192.01,0.01,0.01,2340.217005,1776377834000
1776377836.698,136.698,0.07,1.52,0.06,246.01,0.08,54.69,0.09,135.92,0.92,120.94,0.91,152.92,0.93,0.48,0.94,192.01,0.01,0.01,2340.24404,1776377835000
1776377838.313,138.313,0.07,13.79,0.06,246.01,0.08,41.56,0.09,86.92,0.92,54.69,0.91,135.92,0.93,1.52,0.94,246.01,0.01,0.01,2340.243925,1776377836000
1776377838.875,138.875,0.07,12.17,0.06,246.01,0.08,41.56,0.09,86.92,0.92,41.56,0.91,86.92,0.93,13.79,0.94,246.01,0.01,0.01,2340.24221,1776377837000
1776377842.571,142.571,0.07,69.17,0.06,198.01,0.08,16.44,0.09,10.0,0.92,41.56,0.91,86.92,0.93,12.17,0.94,246.01,0.01,0.01,2340.537851,1776377841000
1776377842.818,142.818,0.07,67.12,0.06,198.01,0.08,16.44,0.09,10.0,0.92,16.44,0.91,10.0,0.93,69.17,0.94,198.01,0.01,0.01,2340.537851,1776377841000
1776377843.526,143.526,0.07,65.93,0.06,198.01,0.08,37.54,0.09,10.0,0.92,16.44,0.91,10.0,0.93,67.12,0.94,198.01,0.01,0.01,2340.568235,1776377842000
1776377845.043,145.043,0.07,59.14,0.06,198.01,0.08,37.54,0.09,10.0,0.92,37.54,0.91,10.0,0.93,65.93,0.94,198.01,0.01,0.01,2340.605652,1776377843000
1776377847.327,147.327,0.07,62.76,0.06,192.01,0.08,184.78,0.09,40.44,0.92,37.54,0.91,10.0,0.93,59.14,0.94,198.01,0.01,0.01,2340.583995,1776377846000
1776377851.607,151.607,0.07,60.63,0.06,480.0,0.08,184.78,0.09,36.22,0.92,184.78,0.91,40.44,0.93,62.76,0.94,192.01,0.01,0.01,2340.724388,1776377850000
1776377852.024,152.024,0.07,50.36,0.06,469.0,0.1,6.53,0.11,93.33,0.92,184.78,0.91,36.22,0.93,50.36,0.94,480.0,0.03,0.01,2340.824807,1776377851000
1776377852.74,152.74,0.09,4.61,0.08,70.0,0.1,184.61,0.11,130.12,0.9,6.53,0.89,93.33,0.93,50.36,0.94,469.0,0.01,0.03,2340.824807,1776377851000
1776377853.531,153.531,0.08,4.56,0.07,210.0,0.09,186.88,0.1,166.11,0.9,184.61,0.89,130.12,0.91,4.61,0.92,70.0,0.01,0.01,2340.850038,1776377852000
1776377855.715,155.715,0.07,59.72,0.06,392.01,0.09,429.53,0.1,55.0,0.91,230.88,0.9,166.11,0.92,27.13,0.93,210.0,0.02,0.01,2340.723955,1776377854000
1776377855.964,155.964,0.08,8.78,0.07,259.72,0.09,429.53,0.1,166.11,0.91,429.53,0.9,55.0,0.93,59.72,0.94,392.01,0.01,0.02,2340.732072,1776377855000
1776377857.306,157.306,0.08,47.92,0.07,212.72,0.09,203.65,0.1,5.0,0.91,429.53,0.9,166.11,0.92,8.78,0.93,259.72,0.01,0.01,2340.709106,1776377856000
1776377859.631,159.631,0.08,52.92,0.07,212.72,0.09,198.65,0.1,33.9,0.91,203.65,0.9,5.0,0.92,47.92,0.93,212.72,0.01,0.01,2340.818181,1776377858000
1776377860.099,160.099,0.08,200.17,0.07,12.72,0.09,198.65,0.1,43.9,0.91,198.65,0.9,33.9,0.92,52.92,0.93,212.72,0.01,0.01,2340.818181,1776377858000
1776377861.202,161.202,0.08,194.1,0.07,58.72,0.09,198.65,0.1,125.96,0.91,198.65,0.9,43.9,0.92,200.17,0.93,12.72,0.01,0.01,2340.848889,1776377859000
1776377862.553,162.553,0.08,5.0,0.07,258.72,0.09,187.53,0.1,165.96,0.91,187.53,0.9,125.96,0.92,204.1,0.93,58.72,0.01,0.01,2340.874799,1776377861000
1776377862.834,162.834,0.08,1.86,0.07,258.72,0.09,284.45,0.1,165.96,0.91,187.53,0.9,165.96,0.92,5.0,0.93,258.72,0.01,0.01,2340.874799,1776377861000
1776377866.548,166.548,0.07,184.84,0.06,439.01,0.08,99.61,0.09,339.45,0.91,284.45,0.9,165.96,0.92,1.86,0.93,258.72,0.01,0.01,2340.872505,1776377864000
1776377867.107,167.107,0.07,37.0,0.06,239.01,0.08,183.31,0.09,218.44,0.92,99.61,0.91,339.45,0.93,184.84,0.94,439.01,0.01,0.01,2340.780373,1776377865000
1776377867.367,167.367,0.07,59.0,0.06,192.01,0.08,134.41,0.09,217.44,0.92,183.31,0.91,217.44,0.93,30.0,0.94,192.01,0.01,0.01,2340.780373,1776377865000
1776377867.568,167.568,0.07,50.45,0.06,192.01,0.08,134.41,0.09,173.44,0.92,134.41,0.91,173.44,0.93,32.07,0.94,192.01,0.01,0.01,2340.780373,1776377865000
1776377867.984,167.984,0.07,27.07,0.06,192.01,0.08,134.41,0.09,173.44,0.92,134.41,0.91,173.44,0.93,36.83,0.94,192.01,0.01,0.01,2340.791516,1776377866000
1776377868.941,168.941,0.07,25.45,0.06,397.44,0.08,134.41,0.09,81.52,0.92,134.41,0.91,173.44,0.93,27.07,0.94,192.01,0.01,0.01,2340.784297,1776377867000
1776377872.019,172.019,0.07,309.6,0.06,405.44,0.08,204.92,0.09,81.52,0.92,134.41,0.91,81.52,0.93,20.61,0.94,539.0,0.01,0.01,2341.00038,1776377870000
1776377873.146,173.146,0.07,196.0,0.06,610.8,0.09,98.61,0.1,111.11,0.92,204.92,0.91,81.52,0.93,309.6,0.94,405.44,0.02,0.01,2340.99421,1776377871000
1776377873.662,173.662,0.08,13.08,0.07,345.0,0.09,98.61,0.1,222.22,0.91,98.61,0.9,111.11,0.93,196.0,0.94,610.8,0.01,0.02,2341.103187,1776377872000
1776377874.153,174.153,0.08,8.08,0.07,345.0,0.09,211.7,0.1,111.11,0.91,98.61,0.9,222.22,0.92,13.08,0.93,345.0,0.01,0.01,2341.103187,1776377872000
1776377879.651,179.651,0.08,53.08,0.07,245.0,0.09,44.96,0.1,237.22,0.91,211.7,0.9,111.11,0.92,8.08,0.93,345.0,0.01,0.01,2341.31544,1776377878000
1776377880.516,180.516,0.08,78.08,0.07,300.3,0.09,28.34,0.1,26.17,0.91,41.34,0.9,152.28,0.92,53.08,0.93,245.0,0.01,0.01,2341.31526,1776377879000
1776377880.848,180.848,0.08,194.08,0.07,414.73,0.09,18.34,0.1,111.11,0.91,18.34,0.9,26.17,0.92,78.08,0.93,300.3,0.01,0.01,2341.31526,1776377879000
1776377881.053,181.053,0.08,275.41,0.07,463.73,0.09,3.34,0.1,111.11,0.91,18.34,0.9,111.11,0.92,194.08,0.93,414.73,0.01,0.01,2341.337771,1776377880000
1776377881.27,181.27,0.1,4.5,0.09,178.0,0.11,130.69,0.12,16.0,0.9,100.2,0.89,130.69,0.92,275.41,0.93,463.73,0.01,0.02,2341.337771,1776377880000
1776377881.531,181.531,0.1,56.33,0.09,140.0,0.11,243.05,0.12,16.0,0.89,130.69,0.88,16.0,0.9,4.5,0.91,178.0,0.01,0.01,2341.337771,1776377880000
1776377882.498,182.498,0.1,43.47,0.09,45.0,0.11,243.95,0.12,127.85,0.89,233.95,0.88,117.35,0.9,47.33,0.91,145.0,0.01,0.01,2341.337771,1776377880000
1776377883.173,183.173,0.1,37.5,0.09,245.0,0.11,243.95,0.12,196.5,0.89,243.95,0.88,127.85,0.9,43.47,0.91,45.0,0.01,0.01,2341.72957,1776377882000
1776377883.643,183.643,0.1,27.5,0.09,245.0,0.11,11.95,0.12,310.14,0.89,243.95,0.88,196.5,0.9,37.5,0.91,245.0,0.01,0.01,2341.72957,1776377882000
1776377886.706,186.706,0.1,6.22,0.09,235.0,0.11,77.47,0.12,41.5,0.89,11.95,0.88,310.14,0.9,27.5,0.91,245.0,0.01,0.01,2341.856942,1776377885000
1776377889.9,189.9,0.11,48.5,0.1,345.93,0.12,28.0,0.13,274.88,0.89,77.47,0.88,41.5,0.9,6.22,0.91,235.0,0.01,0.01,2341.860192,1776377889000
1776377890.517,190.517,0.11,85.29,0.1,380.5,0.12,34.96,0.13,259.88,0.88,28.0,0.87,274.88,0.89,48.5,0.9,345.93,0.01,0.01,2341.860192,1776377889000
1776377892.277,192.277,0.11,65.29,0.1,445.5,0.12,45.3,0.13,274.88,0.88,34.96,0.87,259.88,0.89,85.29,0.9,380.5,0.01,0.01,2342.062747,1776377891000
1776377892.754,192.754,0.11,64.05,0.1,645.5,0.12,66.1,0.13,274.88,0.88,45.3,0.87,274.88,0.89,65.29,0.9,445.5,0.01,0.01,2342.062747,1776377891000
1776377894.327,194.327,0.11,58.43,0.1,435.5,0.12,71.1,0.13,274.88,0.88,66.1,0.87,274.88,0.89,64.05,0.9,645.5,0.01,0.01,2342.112319,1776377893000
1776377897.038,197.038,0.11,71.64,0.1,601.49,0.12,14.0,0.13,269.88,0.88,71.1,0.87,274.88,0.89,58.43,0.9,435.5,0.01,0.01,2342.132932,1776377896000
1776377897.588,197.588,0.12,115.91,0.11,338.42,0.13,169.88,0.14,18.0,0.87,239.88,0.85,40.0,0.88,4.31,0.89,131.43,0.01,0.01,2342.132932,1776377896000
1776377898.081,198.081,0.12,254.47,0.11,175.86,0.13,104.99,0.15,30.0,0.87,158.84,0.86,18.0,0.88,91.91,0.89,338.42,0.01,0.01,2342.132932,1776377896000
1776377898.893,198.893,0.14,310.69,0.13,105.3,0.15,210.33,0.16,53.0,0.85,30.0,0.84,43.0,0.88,283.47,0.89,165.86,0.01,0.03,2342.112974,1776377897000
1776377899.218,199.218,0.14,344.31,0.13,115.3,0.15,200.33,0.16,53.0,0.85,210.33,0.84,53.0,0.86,310.69,0.87,105.3,0.01,0.01,2342.112974,1776377897000
1776377899.591,199.591,0.14,306.72,0.13,115.3,0.15,190.33,0.16,53.0,0.85,200.33,0.84,53.0,0.86,344.31,0.87,115.3,0.01,0.01,2342.112974,1776377897000
1776377899.845,199.845,0.14,306.72,0.13,115.3,0.15,173.66,0.16,53.0,0.85,190.33,0.84,53.0,0.86,306.72,0.87,115.3,0.01,0.01,2342.362084,1776377898000
1776377900.178,200.178,0.14,306.72,0.13,105.3,0.15,166.99,0.16,53.0,0.85,173.66,0.84,53.0,0.86,306.72,0.87,115.3,0.01,0.01,2342.362084,1776377898000
1776377900.444,200.444,0.14,306.72,0.13,105.3,0.15,160.32,0.16,53.0,0.85,166.99,0.84,53.0,0.86,306.72,0.87,105.3,0.01,0.01,2342.517381,1776377899000
1776377901.348,201.348,0.14,261.27,0.13,175.3,0.15,160.32,0.16,53.0,0.85,160.32,0.84,53.0,0.86,305.27,0.87,105.3,0.01,0.01,2342.571195,1776377900000
1776377901.665,201.665,0.14,91.0,0.13,306.86,0.15,160.32,0.16,53.0,0.85,160.32,0.84,53.0,0.86,255.27,0.87,165.3,0.01,0.01,2342.571195,1776377900000
1776377901.876,201.876,0.14,79.28,0.13,274.86,0.15,126.98,0.16,53.0,0.85,126.98,0.84,53.0,0.86,91.0,0.87,274.86,0.01,0.01,2342.571195,1776377900000
1776377902.184,202.184,0.14,57.0,0.13,339.86,0.15,149.98,0.16,48.0,0.85,126.98,0.84,53.0,0.86,79.28,0.87,274.86,0.01,0.01,2342.594695,1776377901000
1776377902.444,202.444,0.14,28.24,0.13,187.3,0.15,149.98,0.16,48.0,0.85,149.98,0.84,48.0,0.86,57.0,0.87,339.86,0.01,0.01,2342.594695,1776377901000
1776377902.646,202.646,0.14,21.59,0.13,187.3,0.15,149.98,0.16,48.0,0.85,149.98,0.84,48.0,0.86,28.24,0.87,187.3,0.01,0.01,2342.594695,1776377901000
1776377902.847,202.847,0.14,20.27,0.13,187.3,0.15,152.3,0.16,40.0,0.85,158.97,0.84,40.0,0.86,20.27,0.87,187.3,0.01,0.01,2342.594695,1776377901000
1776377903.746,203.746,0.13,73.78,0.12,40.0,0.14,29.0,0.15,187.3,0.85,152.3,0.84,40.0,0.86,20.27,0.87,187.3,0.01,0.01,2342.617946,1776377902000
1776377903.999,203.999,0.13,75.97,0.12,127.44,0.14,74.0,0.15,63.66,0.86,29.0,0.85,187.3,0.87,53.24,0.88,40.0,0.01,0.01,2342.617946,1776377902000
1776377904.396,204.396,0.13,63.7,0.12,40.0,0.14,58.81,0.15,53.66,0.86,62.0,0.85,63.66,0.87,75.97,0.88,138.87,0.01,0.01,2342.564137,1776377903000
1776377906.9,206.9,0.1,402.3,0.09,50.0,0.11,137.64,0.12,47.5,0.86,58.81,0.85,53.66,0.87,63.7,0.88,40.0,0.01,0.01,2342.397241,1776377905000
1776377907.131,207.131,0.1,367.97,0.09,50.0,0.11,137.64,0.12,47.5,0.89,137.64,0.88,47.5,0.9,380.07,0.91,50.0,0.01,0.01,2342.397241,1776377905000
1776377908.588,208.588,0.1,404.94,0.09,50.0,0.11,147.64,0.12,47.5,0.89,137.64,0.88,47.5,0.9,367.97,0.91,50.0,0.01,0.01,2342.101505,1776377907000
1776377910.523,210.523,0.1,391.25,0.09,50.0,0.11,198.8,0.12,117.5,0.89,147.64,0.88,47.5,0.9,404.94,0.91,50.0,0.01,0.01,2342.053776,1776377909000
1776377910.765,210.765,0.1,307.01,0.09,50.0,0.11,198.8,0.12,117.5,0.89,198.8,0.88,117.5,0.9,323.16,0.91,50.0,0.01,0.01,2342.053776,1776377909000
1776377910.977,210.977,0.1,53.92,0.09,50.0,0.11,285.16,0.12,147.5,0.89,285.16,0.88,147.5,0.9,64.49,0.91,50.0,0.01,0.01,2342.053776,1776377909000
1776377911.553,211.553,0.06,175.94,0.05,465.95,0.07,15.0,0.08,30.5,0.89,305.16,0.88,147.5,0.92,50.0,0.93,50.0,0.01,0.03,2342.049295,1776377910000
1776377912.058,212.058,0.05,254.82,0.04,201.0,0.06,25.5,0.07,82.5,0.93,31.0,0.92,30.5,0.95,355.88,0.96,201.0,0.01,0.02,2342.049295,1776377910000
1776377912.718,212.718,0.05,207.27,0.04,201.0,0.06,174.19,0.07,46.5,0.94,184.69,0.93,82.5,0.95,247.27,0.96,201.0,0.01,0.01,2341.663895,1776377911000
1776377913.035,213.035,0.05,187.27,0.04,201.0,0.07,41.5,0.08,41.5,0.94,174.19,0.93,46.5,0.95,207.27,0.96,201.0,0.02,0.01,2341.663895,1776377911000
1776377916.432,216.432,0.05,35.94,0.04,201.0,0.06,88.94,0.07,67.5,0.93,41.5,0.92,41.5,0.95,187.27,0.96,201.0,0.01,0.02,2341.239736,1776377915000
1776377918.264,218.264,0.05,29.94,0.04,201.0,0.06,88.94,0.07,46.5,0.94,88.94,0.93,67.5,0.95,35.94,0.96,201.0,0.01,0.01,2341.297127,1776377917000
1776377918.648,218.648,0.04,201.0,0.03,338.0,0.05,62.74,0.06,88.94,0.94,88.94,0.93,46.5,0.95,29.94,0.96,201.0,0.01,0.01,2341.297127,1776377917000
1776377918.91,218.91,0.04,196.0,0.03,338.0,0.05,92.74,0.06,99.44,0.95,62.74,0.94,88.94,0.96,201.0,0.97,338.0,0.01,0.01,2341.297127,1776377917000
1776377922.931,222.931,0.04,146.0,0.03,461.7,0.05,92.74,0.06,198.24,0.95,92.74,0.94,99.44,0.96,196.0,0.97,338.0,0.01,0.01,2341.293212,1776377921000
1776377923.312,223.312,0.04,140.0,0.03,461.7,0.05,272.34,0.06,198.24,0.95,72.74,0.94,198.24,0.96,146.0,0.97,461.7,0.01,0.01,2341.286658,1776377922000
1776377923.601,223.601,0.04,128.34,0.03,466.7,0.05,252.34,0.06,198.24,0.95,252.34,0.94,198.24,0.96,150.0,0.97,466.7,0.01,0.01,2341.286658,1776377922000
1776377923.91,223.91,0.04,100.85,0.03,472.7,0.05,252.34,0.06,198.24,0.95,252.34,0.94,198.24,0.96,128.34,0.97,466.7,0.01,0.01,2341.286658,1776377922000
1776377926.087,226.087,0.03,366.55,0.02,1596.93,0.05,204.34,0.06,198.24,0.95,252.34,0.94,198.24,0.96,100.85,0.97,472.7,0.02,0.01,2341.249593,1776377925000
1776377926.807,226.807,0.03,357.24,0.02,1596.93,0.04,151.0,0.05,214.84,0.95,204.34,0.94,198.24,0.97,366.55,0.98,1596.93,0.01,0.02,2341.249593,1776377925000
1776377929.001,229.001,0.03,287.04,0.02,1805.92,0.04,258.86,0.05,113.54,0.96,176.69,0.95,214.84,0.97,357.24,0.98,1596.93,0.01,0.01,2341.284724,1776377927000
1776377929.63,229.63,0.03,286.0,0.02,1805.92,0.04,154.86,0.05,113.54,0.96,258.86,0.95,113.54,0.97,287.04,0.98,1805.92,0.01,0.01,2341.284677,1776377928000
1776377930.826,230.826,0.03,682.69,0.02,1780.92,0.04,134.86,0.05,113.54,0.96,154.86,0.95,113.54,0.97,286.0,0.98,1805.92,0.01,0.01,2341.300669,1776377929000
1776377931.37,231.37,0.04,130.0,0.03,686.13,0.05,204.55,0.06,88.94,0.95,113.54,0.94,88.94,0.97,782.69,0.98,1380.92,0.01,0.02,2341.415334,1776377930000
1776377931.649,231.649,0.04,248.52,0.03,652.13,0.05,289.81,0.06,88.94,0.95,204.55,0.94,88.94,0.96,130.0,0.97,686.13,0.01,0.01,2341.415334,1776377930000
1776377932.299,232.299,0.04,409.79,0.03,652.13,0.06,255.19,0.07,10.0,0.95,289.81,0.94,88.94,0.96,248.52,0.97,652.13,0.02,0.01,2341.611168,1776377931000
1776377932.925,232.925,0.04,228.8,0.03,732.69,0.06,265.19,0.07,10.0,0.95,2.11,0.94,265.19,0.96,409.79,0.97,652.13,0.02,0.01,2341.611168,1776377932000
1776377935.326,235.326,0.05,230.8,0.04,431.79,0.06,243.35,0.07,10.0,0.94,265.19,0.93,10.0,0.96,228.8,0.97,732.69,0.01,0.02,2341.913196,1776377934000
1776377935.657,235.657,0.05,366.83,0.04,285.23,0.06,8.59,0.07,225.06,0.94,114.97,0.93,117.53,0.95,235.8,0.96,426.79,0.01,0.01,2341.913196,1776377934000
1776377935.936,235.936,0.05,391.83,0.04,510.23,0.07,163.65,0.08,10.0,0.94,8.59,0.93,225.06,0.95,366.83,0.96,285.23,0.02,0.01,2341.913196,1776377934000
1776377936.214,236.214,0.06,185.8,0.05,649.79,0.07,55.03,0.08,118.7,0.93,163.65,0.92,10.0,0.95,391.83,0.96,510.23,0.01,0.02,2341.936301,1776377935000
1776377936.703,236.703,0.06,61.22,0.05,210.8,0.07,73.24,0.08,129.2,0.93,40.74,0.92,118.7,0.94,202.8,0.95,649.79,0.01,0.01,2341.936301,1776377935000
1776377940.26,240.26,0.05,440.8,0.04,258.8,0.07,20.0,0.08,227.4,0.93,73.24,0.92,129.2,0.94,61.22,0.95,210.8,0.02,0.01,2342.124603,1776377938000
1776377942.567,242.567,0.05,229.94,0.04,110.0,0.06,32.7,0.07,31.0,0.93,20.0,0.92,227.4,0.95,440.8,0.96,258.8,0.01,0.02,2342.174034,1776377941000
1776377945.322,245.322,0.04,6.86,0.03,590.0,0.06,109.8,0.07,322.36,0.94,32.7,0.93,31.0,0.95,229.94,0.96,110.0,0.02,0.01,2341.968208,1776377944000
1776377946.067,246.067,0.04,5.8,0.03,590.0,0.05,5.0,0.06,342.56,0.94,109.8,0.93,322.36,0.96,6.86,0.97,590.0,0.01,0.02,2341.968208,1776377944000
1776377946.344,246.344,0.04,1.8,0.03,540.0,0.05,5.0,0.06,342.56,0.95,5.0,0.94,342.56,0.96,5.8,0.97,590.0,0.01,0.01,2341.968208,1776377944000
1776377949.048,249.048,0.04,96.38,0.03,440.0,0.05,5.0,0.06,307.56,0.95,5.0,0.94,342.56,0.96,1.8,0.97,540.0,0.01,0.01,2341.942543,1776377947000
1776377949.856,249.856,0.04,5.0,0.03,316.3,0.05,5.0,0.06,307.56,0.95,5.0,0.94,307.56,0.96,96.38,0.97,440.0,0.01,0.01,2341.864895,1776377948000
1776377950.109,250.109,0.04,5.0,0.03,316.3,0.06,295.06,0.07,85.3,0.95,5.0,0.94,307.56,0.96,5.0,0.97,316.3,0.02,0.01,2341.864895,1776377948000
1776377952.386,252.386,0.04,98.91,0.03,321.3,0.05,145.38,0.06,82.3,0.94,295.06,0.93,85.3,0.96,1.0,0.97,321.3,0.01,0.02,2341.985084,1776377950000
1776377953.053,253.053,0.04,21.81,0.03,116.3,0.05,220.52,0.06,82.3,0.95,145.38,0.94,82.3,0.96,98.91,0.97,321.3,0.01,0.01,2341.987178,1776377951000
1776377953.359,253.359,0.04,16.61,0.03,116.3,0.05,220.52,0.06,82.3,0.95,220.52,0.94,82.3,0.96,21.81,0.97,116.3,0.01,0.01,2342.031016,1776377952000
1776377954.968,254.968,0.03,41.3,0.02,1251.93,0.05,240.52,0.06,82.3,0.95,220.52,0.94,82.3,0.96,16.61,0.97,116.3,0.02,0.01,2342.066914,1776377953000
1776377955.852,255.852,0.03,4.9,0.02,968.23,0.04,93.7,0.05,338.32,0.95,240.52,0.94,82.3,0.97,41.3,0.98,1251.93,0.01,0.02,2342.066914,1776377954000
1776377957.814,257.814,0.02,756.09,0.01,2455.55,0.03,286.09,0.04,168.7,0.96,93.7,0.95,446.32,0.98,959.13,0.99,4810.55,0.01,0.02,2342.096845,1776377956000
1776377958.294,258.294,0.02,745.04,0.01,2443.55,0.03,177.85,0.04,144.7,0.97,177.85,0.96,168.7,0.98,750.04,0.99,2443.55,0.01,0.01,2341.8846,1776377957000
1776377960.439,260.439,0.02,711.1,0.01,2443.55,0.03,386.62,0.04,159.7,0.97,177.85,0.96,156.7,0.98,722.25,0.99,2443.55,0.01,0.01,2341.791851,1776377959000
1776377962.502,262.502,0.02,700.99,0.01,2079.95,0.03,240.69,0.04,379.04,0.97,386.62,0.96,159.7,0.98,711.1,0.99,2443.55,0.01,0.01,2341.760343,1776377961000
1776377963.51,263.51,0.02,690.99,0.01,2079.95,0.03,561.11,0.04,183.7,0.97,240.69,0.96,379.04,0.98,700.99,0.99,2079.95,0.01,0.01,2341.747617,1776377962000
1776377964.018,264.018,0.02,685.99,0.01,2079.95,0.03,462.87,0.04,183.7,0.97,561.11,0.96,183.7,0.98,690.99,0.99,2079.95,0.01,0.01,2341.747617,1776377962000
1776377964.348,264.348,0.02,675.79,0.01,1979.95,0.03,576.26,0.04,188.91,0.97,462.87,0.96,183.7,0.98,680.9,0.99,1979.95,0.01,0.01,2341.739043,1776377963000
1776377965.324,265.324,0.02,597.23,0.01,1979.95,0.03,490.02,0.04,188.91,0.97,576.26,0.96,188.91,0.98,673.73,0.99,1979.95,0.01,0.01,2341.7278,1776377964000
1776377966.346,266.346,0.02,546.23,0.01,1979.95,0.03,619.26,0.04,188.91,0.97,490.02,0.96,188.91,0.98,597.23,0.99,1979.95,0.01,0.01,2341.736523,1776377965000
1776377968.271,268.271,0.02,524.01,0.01,1979.95,0.03,781.26,0.04,143.91,0.97,619.26,0.96,188.91,0.98,546.23,0.99,1979.95,0.01,0.01,2341.729348,1776377967000
1776377969.281,269.281,0.02,374.01,0.01,1979.95,0.03,781.26,0.04,143.91,0.97,781.26,0.96,143.91,0.98,524.01,0.99,1979.95,0.01,0.01,2341.727765,1776377968000
1776377969.548,269.548,0.02,382.98,0.01,1979.95,0.03,673.02,0.04,143.91,0.97,781.26,0.96,143.91,0.98,374.01,0.99,1979.95,0.01,0.01,2341.727765,1776377968000
1776377970.333,270.333,0.02,277.92,0.01,1979.95,0.03,781.26,0.04,143.91,0.97,673.02,0.96,143.91,0.98,382.98,0.99,1979.95,0.01,0.01,2341.546005,1776377969000
1776377971.137,271.137,0.02,117.76,0.01,1979.95,0.03,673.02,0.04,143.91,0.97,673.02,0.96,143.91,0.98,272.87,0.99,1979.95,0.01,0.01,2341.546005,1776377969000
1776377971.358,271.358,0.02,115.72,0.01,1779.95,0.03,575.08,0.04,143.91,0.97,673.02,0.96,143.91,0.98,117.76,0.99,1979.95,0.01,0.01,2341.46494,1776377970000
1776377972.169,272.169,0.02,8.57,0.01,1779.95,0.03,565.08,0.04,133.91,0.97,466.84,0.96,143.91,0.98,110.61,0.99,1779.95,0.01,0.01,2341.46494,1776377970000
1776377972.879,272.879,0.01,1779.95,,,0.02,11.43,0.03,566.08,0.97,565.08,0.96,133.91,0.98,8.57,0.99,1779.95,0.01,0.01,2341.463502,1776377971000
1776377973.192,273.192,0.01,1874.95,,,0.02,351.13,0.03,514.07,0.98,11.43,0.97,566.08,0.99,1779.95,,,0.01,0.01,2341.45362,1776377972000
1776377973.509,273.509,0.01,1839.95,,,0.02,358.13,0.03,405.83,0.98,351.13,0.97,514.07,0.99,1859.95,,,0.01,0.01,2341.45362,1776377972000
1776377974.327,274.327,0.01,1789.95,,,0.02,504.84,0.03,405.83,0.98,358.13,0.97,405.83,0.99,1839.95,,,0.01,0.01,2341.456465,1776377973000
1776377975.019,275.019,0.01,1638.95,,,0.02,524.84,0.03,405.83,0.98,504.84,0.97,405.83,0.99,1789.95,,,0.01,0.01,2341.456465,1776377973000
1776377975.453,275.453,0.01,1611.49,,,0.02,351.14,0.03,282.13,0.98,417.7,0.97,405.83,0.99,1627.52,,,0.01,0.01,2341.502507,1776377974000
1776377975.78,275.78,0.01,1605.49,,,0.02,368.11,0.03,268.14,0.98,340.11,0.97,282.13,0.99,1611.49,,,0.01,0.01,2341.502507,1776377974000
1776377975.99,275.99,,,,,0.01,712.63,0.02,379.24,0.98,379.24,0.97,273.29,0.99,1595.38,,,,0.01,2341.502507,1776377974000
1776377976.695,276.695,,,,,0.01,3020.81,0.02,202.75,0.99,712.63,0.98,379.24,,,,,,,2341.495955,1776377975000
1776377977.964,277.964,,,,,0.01,3016.61,0.02,187.75,0.99,3017.8,0.98,202.75,,,,,,,2341.437317,1776377976000
1776377978.595,278.595,,,,,0.01,3120.38,0.02,182.85,0.99,3016.61,0.98,187.75,,,,,,,2341.229596,1776377977000
1776377980.201,280.201,,,,,0.01,3051.02,0.02,182.85,0.99,3120.38,0.98,182.85,,,,,,,2341.09398,1776377979000
1776377983.287,283.287,,,,,0.01,3066.02,0.02,212.74,0.99,3051.02,0.98,182.85,,,,,,,2341.087932,1776377982000
1776378000.365,300.365,,,,,0.01,65109.34,0.02,195.75,0.99,3066.02,0.98,212.74,,,,,,,2341.444314,1776377998000

# RESULT,winner=Down,slug=eth-updown-5m-1776377700,ticks=311
