timestamp,elapsed_sec,up_bid_p1,up_bid_s1,up_bid_p2,up_bid_s2,up_ask_p1,up_ask_s1,up_ask_p2,up_ask_s2,down_bid_p1,down_bid_s1,down_bid_p2,down_bid_s2,down_ask_p1,down_ask_s1,down_ask_p2,down_ask_s2,up_spread,down_spread,hype_price,hype_oracle_ts
1776210911.276,11.276,,,,,,,,,,,,,,,,,,,43.524597,1776210910000
1776210911.696,11.696,0.48,10.0,0.44,5.0,0.65,10.0,0.68,5.0,0.35,10.0,0.32,5.0,0.52,10.0,0.56,5.0,0.17,0.17,43.524597,1776210910000
1776210912.787,12.787,0.48,10.0,0.44,5.0,0.65,10.0,0.68,5.0,0.35,10.0,0.32,5.0,0.52,10.0,0.56,5.0,0.17,0.17,43.524551,1776210911000
1776210914.966,14.966,0.48,10.0,0.44,5.0,0.65,10.0,0.68,5.0,0.35,10.0,0.32,5.0,0.52,10.0,0.56,5.0,0.17,0.17,43.522273,1776210914000
1776210915.937,15.937,0.48,10.0,0.44,5.0,0.65,10.0,0.68,5.0,0.35,10.0,0.32,5.0,0.52,10.0,0.56,5.0,0.17,0.17,43.52243,1776210915000
1776210916.944,16.944,0.48,10.0,0.44,5.0,0.65,10.0,0.68,5.0,0.35,10.0,0.32,5.0,0.52,10.0,0.56,5.0,0.17,0.17,43.523946,1776210916000
1776210918.093,18.093,0.48,10.0,0.44,5.0,0.65,10.0,0.68,5.0,0.35,10.0,0.32,5.0,0.52,10.0,0.56,5.0,0.17,0.17,43.523946,1776210917000
1776210919.256,19.256,0.48,10.0,0.44,5.0,0.65,10.0,0.68,5.0,0.35,10.0,0.32,5.0,0.52,10.0,0.56,5.0,0.17,0.17,43.52268,1776210918000
1776210920.32,20.32,0.48,10.0,0.44,5.0,0.65,10.0,0.68,5.0,0.35,10.0,0.32,5.0,0.52,10.0,0.56,5.0,0.17,0.17,43.522681,1776210919000
1776210921.358,21.358,0.48,10.0,0.44,5.0,0.65,10.0,0.68,5.0,0.35,10.0,0.32,5.0,0.52,10.0,0.56,5.0,0.17,0.17,43.522703,1776210920000
1776210921.885,21.885,0.48,10.0,0.44,5.0,0.65,10.0,0.68,5.0,0.35,10.0,0.32,5.0,0.52,10.0,0.56,5.0,0.17,0.17,43.523297,1776210921000
1776210922.95,22.95,0.48,10.0,0.44,5.0,0.65,10.0,0.68,5.0,0.35,10.0,0.32,5.0,0.52,10.0,0.56,5.0,0.17,0.17,43.523695,1776210922000
1776210923.998,23.998,0.48,10.0,0.44,5.0,0.65,10.0,0.68,5.0,0.35,10.0,0.32,5.0,0.52,10.0,0.56,5.0,0.17,0.17,43.523857,1776210923000
1776210924.923,24.923,0.48,10.0,0.44,5.0,0.65,10.0,0.68,5.0,0.35,10.0,0.32,5.0,0.52,10.0,0.56,5.0,0.17,0.17,43.524595,1776210924000
1776210926.749,26.749,0.48,10.0,0.44,5.0,0.65,10.0,0.68,5.0,0.35,10.0,0.32,5.0,0.52,10.0,0.56,5.0,0.17,0.17,43.524595,1776210925000
1776210927.794,27.794,0.48,10.0,0.44,5.0,0.65,10.0,0.68,5.0,0.35,10.0,0.32,5.0,0.52,10.0,0.56,5.0,0.17,0.17,43.524022,1776210926000
1776210928.45,28.45,0.48,10.0,0.44,5.0,0.65,10.0,0.68,5.0,0.35,10.0,0.32,5.0,0.52,10.0,0.56,5.0,0.17,0.17,43.524446,1776210927000
1776210929.234,29.234,0.48,10.0,0.44,5.0,0.65,10.0,0.68,5.0,0.35,10.0,0.32,5.0,0.52,10.0,0.56,5.0,0.17,0.17,43.524446,1776210928000
1776210930.488,30.488,0.48,10.0,0.44,5.0,0.65,10.0,0.68,5.0,0.35,10.0,0.32,5.0,0.52,10.0,0.56,5.0,0.17,0.17,43.52491,1776210929000
1776210931.165,31.165,0.48,10.0,0.44,5.0,0.65,10.0,0.68,5.0,0.35,10.0,0.32,5.0,0.52,10.0,0.56,5.0,0.17,0.17,43.525026,1776210930000
1776210932.496,32.496,0.48,10.0,0.44,5.0,0.65,10.0,0.68,5.0,0.35,10.0,0.32,5.0,0.52,10.0,0.56,5.0,0.17,0.17,43.526819,1776210931000
1776210933.118,33.118,0.48,10.0,0.44,5.0,0.65,10.0,0.68,5.0,0.35,10.0,0.32,5.0,0.52,10.0,0.56,5.0,0.17,0.17,43.527141,1776210932000
1776210934.43,34.43,0.48,10.0,0.44,5.0,0.65,10.0,0.68,5.0,0.35,10.0,0.32,5.0,0.52,10.0,0.56,5.0,0.17,0.17,43.532728,1776210933000
1776210935.067,35.067,0.48,10.0,0.44,5.0,0.65,10.0,0.68,5.0,0.35,10.0,0.32,5.0,0.52,10.0,0.56,5.0,0.17,0.17,43.533133,1776210934000
1776210935.277,35.277,0.64,5.0,0.63,5.0,0.83,10.0,0.85,15.0,0.35,10.0,0.32,5.0,0.52,10.0,0.56,5.0,0.19,0.17,43.533133,1776210934000
1776210936.339,36.339,0.64,5.0,0.63,5.0,0.83,10.0,0.85,15.0,0.17,10.0,0.15,15.0,0.36,5.0,0.37,5.0,0.19,0.19,43.539585,1776210935000
1776210937.047,37.047,0.64,5.0,0.63,5.0,0.83,10.0,0.85,15.0,0.17,10.0,0.15,15.0,0.36,5.0,0.37,5.0,0.19,0.19,43.540245,1776210936000
1776210938.477,38.477,0.64,5.0,0.63,5.0,0.83,10.0,0.85,15.0,0.17,10.0,0.15,15.0,0.36,5.0,0.37,5.0,0.19,0.19,43.540573,1776210937000
1776210939.278,39.278,0.64,5.0,0.63,5.0,0.83,10.0,0.85,15.0,0.17,10.0,0.15,15.0,0.36,5.0,0.37,5.0,0.19,0.19,43.539812,1776210938000
1776210940.715,40.715,0.64,5.0,0.63,5.0,0.83,10.0,0.85,15.0,0.17,10.0,0.15,15.0,0.36,5.0,0.37,5.0,0.19,0.19,43.537253,1776210939000
1776210941.309,41.309,0.64,5.0,0.63,5.0,0.83,10.0,0.85,15.0,0.17,10.0,0.15,15.0,0.36,5.0,0.37,5.0,0.19,0.19,43.537538,1776210940000
1776210942.746,42.746,0.64,5.0,0.63,5.0,0.83,10.0,0.85,15.0,0.17,10.0,0.15,15.0,0.36,5.0,0.37,5.0,0.19,0.19,43.537384,1776210941000
1776210943.614,43.614,0.64,5.0,0.63,5.0,0.83,10.0,0.85,15.0,0.17,10.0,0.15,15.0,0.36,5.0,0.37,5.0,0.19,0.19,43.536749,1776210942000
1776210944.563,44.563,0.64,5.0,0.63,5.0,0.83,10.0,0.85,15.0,0.17,10.0,0.15,15.0,0.36,5.0,0.37,5.0,0.19,0.19,43.536338,1776210943000
1776210945.265,45.265,0.64,5.0,0.63,5.0,0.83,10.0,0.85,15.0,0.17,10.0,0.15,15.0,0.36,5.0,0.37,5.0,0.19,0.19,43.536338,1776210944000
1776210946.468,46.468,0.64,5.0,0.63,5.0,0.83,10.0,0.85,15.0,0.17,10.0,0.15,15.0,0.36,5.0,0.37,5.0,0.19,0.19,43.536268,1776210945000
1776210947.14,47.14,0.64,5.0,0.63,5.0,0.83,10.0,0.85,15.0,0.17,10.0,0.15,15.0,0.36,5.0,0.37,5.0,0.19,0.19,43.536745,1776210946000
1776210948.335,48.335,0.64,5.0,0.63,5.0,0.83,10.0,0.85,15.0,0.17,10.0,0.15,15.0,0.36,5.0,0.37,5.0,0.19,0.19,43.536429,1776210947000
1776210948.963,48.963,0.64,5.0,0.63,5.0,0.83,10.0,0.85,15.0,0.17,10.0,0.15,15.0,0.36,5.0,0.37,5.0,0.19,0.19,43.536422,1776210948000
1776210950.185,50.185,0.64,5.0,0.63,5.0,0.83,10.0,0.85,15.0,0.17,10.0,0.15,15.0,0.36,5.0,0.37,5.0,0.19,0.19,43.537056,1776210949000
1776210951.325,51.325,0.64,5.0,0.63,5.0,0.83,10.0,0.85,15.0,0.17,10.0,0.15,15.0,0.36,5.0,0.37,5.0,0.19,0.19,43.537612,1776210950000
1776210952.022,52.022,0.64,5.0,0.63,5.0,0.83,10.0,0.85,15.0,0.17,10.0,0.15,15.0,0.36,5.0,0.37,5.0,0.19,0.19,43.538822,1776210951000
1776210952.971,52.971,0.64,5.0,0.63,5.0,0.83,10.0,0.85,15.0,0.17,10.0,0.15,15.0,0.36,5.0,0.37,5.0,0.19,0.19,43.539138,1776210952000
1776210954.139,54.139,0.64,5.0,0.63,5.0,0.83,10.0,0.85,15.0,0.17,10.0,0.15,15.0,0.36,5.0,0.37,5.0,0.19,0.19,43.539318,1776210953000
1776210955.424,55.424,0.64,5.0,0.63,5.0,0.83,10.0,0.85,15.0,0.17,10.0,0.15,15.0,0.36,5.0,0.37,5.0,0.19,0.19,43.540072,1776210954000
1776210955.938,55.938,0.64,5.0,0.63,5.0,0.83,10.0,0.85,15.0,0.17,10.0,0.15,15.0,0.36,5.0,0.37,5.0,0.19,0.19,43.539467,1776210955000
1776210957.03,57.03,0.64,5.0,0.63,5.0,0.83,10.0,0.85,15.0,0.17,10.0,0.15,15.0,0.36,5.0,0.37,5.0,0.19,0.19,43.539507,1776210956000
1776210958.292,58.292,0.64,5.0,0.63,5.0,0.83,10.0,0.85,15.0,0.17,10.0,0.15,15.0,0.36,5.0,0.37,5.0,0.19,0.19,43.539755,1776210957000
1776210960.051,60.051,0.64,5.0,0.63,5.0,0.83,10.0,0.85,15.0,0.17,10.0,0.15,15.0,0.36,5.0,0.37,5.0,0.19,0.19,43.539755,1776210958000
1776210961.181,61.181,0.64,5.0,0.63,5.0,0.83,10.0,0.85,15.0,0.17,10.0,0.15,15.0,0.36,5.0,0.37,5.0,0.19,0.19,43.540266,1776210959000
1776210962.009,62.009,0.64,5.0,0.63,5.0,0.83,10.0,0.85,15.0,0.17,10.0,0.15,15.0,0.36,5.0,0.37,5.0,0.19,0.19,43.540266,1776210960000
1776210962.714,62.714,0.64,5.0,0.63,5.0,0.83,10.0,0.85,15.0,0.17,10.0,0.15,15.0,0.36,5.0,0.37,5.0,0.19,0.19,43.540266,1776210961000
1776210963.75,63.75,0.64,5.0,0.63,5.0,0.83,10.0,0.85,15.0,0.17,10.0,0.15,15.0,0.36,5.0,0.37,5.0,0.19,0.19,43.540351,1776210962000
1776210964.342,64.342,0.64,5.0,0.63,5.0,0.83,10.0,0.85,15.0,0.17,10.0,0.15,15.0,0.36,5.0,0.37,5.0,0.19,0.19,43.540271,1776210963000
1776210965.121,65.121,0.64,5.0,0.63,5.0,0.83,10.0,0.85,15.0,0.17,10.0,0.15,15.0,0.36,5.0,0.37,5.0,0.19,0.19,43.542187,1776210964000
1776210966.634,66.634,0.64,5.0,0.63,5.0,0.83,10.0,0.85,15.0,0.17,10.0,0.15,15.0,0.36,5.0,0.37,5.0,0.19,0.19,43.541921,1776210965000
1776210967.319,67.319,0.64,5.0,0.63,5.0,0.83,10.0,0.85,15.0,0.17,10.0,0.15,15.0,0.36,5.0,0.37,5.0,0.19,0.19,43.54192,1776210966000
1776210968.126,68.126,0.64,5.0,0.63,5.0,0.83,10.0,0.85,15.0,0.17,10.0,0.15,15.0,0.36,5.0,0.37,5.0,0.19,0.19,43.54192,1776210967000
1776210969.777,69.777,0.64,5.0,0.63,5.0,0.83,10.0,0.85,15.0,0.17,10.0,0.15,15.0,0.36,5.0,0.37,5.0,0.19,0.19,43.541945,1776210968000
1776210970.54,70.54,0.64,5.0,0.63,5.0,0.83,10.0,0.85,15.0,0.17,10.0,0.15,15.0,0.36,5.0,0.37,5.0,0.19,0.19,43.541945,1776210969000
1776210971.329,71.329,0.64,5.0,0.63,5.0,0.83,10.0,0.85,15.0,0.17,10.0,0.15,15.0,0.36,5.0,0.37,5.0,0.19,0.19,43.541913,1776210970000
1776210972.725,72.725,0.64,5.0,0.63,5.0,0.83,10.0,0.85,15.0,0.17,10.0,0.15,15.0,0.36,5.0,0.37,5.0,0.19,0.19,43.541778,1776210971000
1776210973.534,73.534,0.64,5.0,0.63,5.0,0.83,10.0,0.85,15.0,0.17,10.0,0.15,15.0,0.36,5.0,0.37,5.0,0.19,0.19,43.541552,1776210972000
1776210974.265,74.265,0.64,5.0,0.63,5.0,0.83,10.0,0.85,15.0,0.17,10.0,0.15,15.0,0.36,5.0,0.37,5.0,0.19,0.19,43.541552,1776210973000
1776210975.772,75.772,0.64,5.0,0.63,5.0,0.83,10.0,0.85,15.0,0.17,10.0,0.15,15.0,0.36,5.0,0.37,5.0,0.19,0.19,43.54124,1776210974000
1776210976.512,76.512,0.64,5.0,0.63,5.0,0.83,10.0,0.85,15.0,0.17,10.0,0.15,15.0,0.36,5.0,0.37,5.0,0.19,0.19,43.541418,1776210975000
1776210977.157,77.157,0.64,5.0,0.63,5.0,0.83,10.0,0.85,15.0,0.17,10.0,0.15,15.0,0.36,5.0,0.37,5.0,0.19,0.19,43.54162,1776210976000
1776210978.588,78.588,0.64,5.0,0.63,5.0,0.83,10.0,0.85,15.0,0.17,10.0,0.15,15.0,0.36,5.0,0.37,5.0,0.19,0.19,43.540371,1776210977000
1776210979.771,79.771,0.64,5.0,0.63,5.0,0.83,10.0,0.85,15.0,0.17,10.0,0.15,15.0,0.36,5.0,0.37,5.0,0.19,0.19,43.54034,1776210978000
1776210980.33,80.33,0.64,5.0,0.63,5.0,0.83,10.0,0.85,15.0,0.17,10.0,0.15,15.0,0.36,5.0,0.37,5.0,0.19,0.19,43.54034,1776210979000
1776210981.167,81.167,0.64,5.0,0.63,5.0,0.83,10.0,0.85,15.0,0.17,10.0,0.15,15.0,0.36,5.0,0.37,5.0,0.19,0.19,43.541207,1776210980000
1776210982.163,82.163,0.64,5.0,0.63,5.0,0.83,10.0,0.85,15.0,0.17,10.0,0.15,15.0,0.36,5.0,0.37,5.0,0.19,0.19,43.542113,1776210981000
1776210983.155,83.155,0.64,5.0,0.63,5.0,0.83,10.0,0.85,15.0,0.17,10.0,0.15,15.0,0.36,5.0,0.37,5.0,0.19,0.19,43.542774,1776210982000
1776210984.157,84.157,0.64,5.0,0.63,5.0,0.83,10.0,0.85,15.0,0.17,10.0,0.15,15.0,0.36,5.0,0.37,5.0,0.19,0.19,43.544024,1776210983000
1776210985.105,85.105,0.64,5.0,0.63,5.0,0.83,10.0,0.85,15.0,0.17,10.0,0.15,15.0,0.36,5.0,0.37,5.0,0.19,0.19,43.543843,1776210984000
1776210986.317,86.317,0.64,5.0,0.63,5.0,0.83,10.0,0.85,15.0,0.17,10.0,0.15,15.0,0.36,5.0,0.37,5.0,0.19,0.19,43.544452,1776210985000
1776210987.177,87.177,0.64,5.0,0.63,5.0,0.83,10.0,0.85,15.0,0.17,10.0,0.15,15.0,0.36,5.0,0.37,5.0,0.19,0.19,43.544452,1776210986000
1776210988.229,88.229,0.64,5.0,0.63,5.0,0.83,10.0,0.85,15.0,0.17,10.0,0.15,15.0,0.36,5.0,0.37,5.0,0.19,0.19,43.544792,1776210987000
1776210989.113,89.113,0.64,5.0,0.63,5.0,0.83,10.0,0.85,15.0,0.17,10.0,0.15,15.0,0.36,5.0,0.37,5.0,0.19,0.19,43.544803,1776210988000
1776210990.054,90.054,0.64,5.0,0.63,5.0,0.83,10.0,0.85,15.0,0.17,10.0,0.15,15.0,0.36,5.0,0.37,5.0,0.19,0.19,43.544804,1776210989000
1776210991.036,91.036,0.64,5.0,0.63,5.0,0.83,10.0,0.85,15.0,0.17,10.0,0.15,15.0,0.36,5.0,0.37,5.0,0.19,0.19,43.544755,1776210990000
1776210992.512,92.512,0.64,5.0,0.63,5.0,0.83,10.0,0.85,15.0,0.17,10.0,0.15,15.0,0.36,5.0,0.37,5.0,0.19,0.19,43.544869,1776210991000
1776210992.942,92.942,0.64,5.0,0.63,5.0,0.83,10.0,0.85,15.0,0.17,10.0,0.15,15.0,0.36,5.0,0.37,5.0,0.19,0.19,43.54467,1776210992000
1776210994.012,94.012,0.64,5.0,0.63,5.0,0.83,10.0,0.85,15.0,0.17,10.0,0.15,15.0,0.36,5.0,0.37,5.0,0.19,0.19,43.546545,1776210993000
1776210995.132,95.132,0.64,5.0,0.63,5.0,0.83,10.0,0.85,15.0,0.17,10.0,0.15,15.0,0.36,5.0,0.37,5.0,0.19,0.19,43.547169,1776210994000
1776210996.211,96.211,0.64,5.0,0.63,5.0,0.83,10.0,0.85,15.0,0.17,10.0,0.15,15.0,0.36,5.0,0.37,5.0,0.19,0.19,43.547217,1776210995000
1776210997.326,97.326,0.64,5.0,0.63,5.0,0.83,10.0,0.85,15.0,0.17,10.0,0.15,15.0,0.36,5.0,0.37,5.0,0.19,0.19,43.547488,1776210996000
1776210998.368,98.368,0.64,5.0,0.63,5.0,0.83,10.0,0.85,15.0,0.17,10.0,0.15,15.0,0.36,5.0,0.37,5.0,0.19,0.19,43.547488,1776210997000
1776210999.034,99.034,0.64,5.0,0.63,5.0,0.83,10.0,0.85,15.0,0.17,10.0,0.15,15.0,0.36,5.0,0.37,5.0,0.19,0.19,43.547488,1776210998000
1776210999.459,99.459,0.73,5.0,0.72,5.0,0.79,15.0,0.8,15.0,0.17,10.0,0.15,15.0,0.36,5.0,0.37,5.0,0.06,0.19,43.547488,1776210998000
1776211000.051,100.051,0.73,5.0,0.72,5.0,0.79,15.0,0.8,15.0,0.21,15.0,0.2,15.0,0.27,5.0,0.28,5.0,0.06,0.06,43.547552,1776210999000
1776211001.131,101.131,0.73,5.0,0.72,5.0,0.79,15.0,0.8,15.0,0.21,15.0,0.2,15.0,0.27,5.0,0.28,5.0,0.06,0.06,43.547552,1776211000000
1776211001.452,101.452,0.73,5.0,0.72,5.0,0.79,5.48,0.8,15.0,0.21,15.0,0.2,15.0,0.27,5.0,0.28,5.0,0.06,0.06,43.547552,1776211000000
1776211002.209,102.209,0.73,5.0,0.72,5.0,0.79,5.48,0.8,15.0,0.21,5.48,0.2,15.0,0.27,5.0,0.28,5.0,0.06,0.06,43.547472,1776211001000
1776211003.253,103.253,0.73,5.0,0.72,5.0,0.79,5.48,0.8,15.0,0.21,5.48,0.2,15.0,0.27,5.0,0.28,5.0,0.06,0.06,43.547472,1776211002000
1776211004.304,104.304,0.73,5.0,0.72,5.0,0.79,5.48,0.8,15.0,0.21,5.48,0.2,15.0,0.27,5.0,0.28,5.0,0.06,0.06,43.547472,1776211003000
1776211005.445,105.445,0.73,5.0,0.72,5.0,0.79,5.48,0.8,15.0,0.21,5.48,0.2,15.0,0.27,5.0,0.28,5.0,0.06,0.06,43.547472,1776211004000
1776211006.385,106.385,0.73,5.0,0.72,5.0,0.79,5.48,0.8,15.0,0.21,5.48,0.2,15.0,0.27,5.0,0.28,5.0,0.06,0.06,43.547428,1776211005000
1776211006.94,106.94,0.73,5.0,0.72,5.0,0.79,5.48,0.8,15.0,0.21,5.48,0.2,15.0,0.27,5.0,0.28,5.0,0.06,0.06,43.547428,1776211006000
1776211007.912,107.912,0.73,5.0,0.72,5.0,0.79,5.48,0.8,15.0,0.21,5.48,0.2,15.0,0.27,5.0,0.28,5.0,0.06,0.06,43.547428,1776211007000
1776211008.945,108.945,0.73,5.0,0.72,5.0,0.79,5.48,0.8,15.0,0.21,5.48,0.2,15.0,0.27,5.0,0.28,5.0,0.06,0.06,43.547314,1776211008000
1776211010.068,110.068,0.73,5.0,0.72,5.0,0.79,5.48,0.8,15.0,0.21,5.48,0.2,15.0,0.27,5.0,0.28,5.0,0.06,0.06,43.547475,1776211009000
1776211011.025,111.025,0.73,5.0,0.72,5.0,0.79,5.48,0.8,15.0,0.21,5.48,0.2,15.0,0.27,5.0,0.28,5.0,0.06,0.06,43.547475,1776211010000
1776211012.004,112.004,0.73,5.0,0.72,5.0,0.79,5.48,0.8,15.0,0.21,5.48,0.2,15.0,0.27,5.0,0.28,5.0,0.06,0.06,43.547475,1776211011000
1776211012.995,112.995,0.73,5.0,0.72,5.0,0.79,5.48,0.8,15.0,0.21,5.48,0.2,15.0,0.27,5.0,0.28,5.0,0.06,0.06,43.550285,1776211012000
1776211014.009,114.009,0.73,5.0,0.72,5.0,0.79,5.48,0.8,15.0,0.21,5.48,0.2,15.0,0.27,5.0,0.28,5.0,0.06,0.06,43.550464,1776211013000
1776211014.947,114.947,0.73,5.0,0.72,5.0,0.79,5.48,0.8,15.0,0.21,5.48,0.2,15.0,0.27,5.0,0.28,5.0,0.06,0.06,43.551103,1776211014000
1776211015.457,115.457,0.74,0.5,0.73,5.0,0.8,15.0,0.81,15.0,0.21,5.48,0.2,15.0,0.27,5.0,0.28,5.0,0.06,0.06,43.551103,1776211014000
1776211016.013,116.013,0.74,0.5,0.73,5.0,0.8,15.0,0.81,15.0,0.2,15.0,0.19,15.0,0.26,0.5,0.27,5.0,0.06,0.06,43.551027,1776211015000
1776211017.013,117.013,0.74,0.5,0.73,5.0,0.8,15.0,0.81,15.0,0.2,15.0,0.19,15.0,0.26,0.5,0.27,5.0,0.06,0.06,43.551571,1776211016000
1776211018.067,118.067,0.74,0.5,0.73,5.0,0.8,15.0,0.81,15.0,0.2,15.0,0.19,15.0,0.26,0.5,0.27,5.0,0.06,0.06,43.551339,1776211017000
1776211019.464,119.464,0.74,0.5,0.73,5.0,0.8,15.0,0.81,15.0,0.2,15.0,0.19,15.0,0.26,0.5,0.27,5.0,0.06,0.06,43.551402,1776211018000
1776211019.907,119.907,0.74,0.5,0.73,5.0,0.8,15.0,0.81,15.0,0.2,15.0,0.19,15.0,0.26,0.5,0.27,5.0,0.06,0.06,43.551401,1776211019000
1776211021.122,121.122,0.74,0.5,0.73,5.0,0.8,15.0,0.81,15.0,0.2,15.0,0.19,15.0,0.26,0.5,0.27,5.0,0.06,0.06,43.551385,1776211020000
1776211022.338,122.338,0.74,0.5,0.73,5.0,0.8,15.0,0.81,15.0,0.2,15.0,0.19,15.0,0.26,0.5,0.27,5.0,0.06,0.06,43.549849,1776211021000
1776211022.835,122.835,0.74,0.5,0.73,5.0,0.8,15.0,0.81,15.0,0.2,15.0,0.19,15.0,0.26,0.5,0.27,5.0,0.06,0.06,43.549671,1776211022000
1776211023.337,123.337,0.64,10.0,0.63,15.0,0.76,15.0,0.77,15.0,0.2,15.0,0.19,15.0,0.26,0.5,0.27,5.0,0.12,0.06,43.549671,1776211022000
1776211023.847,123.847,0.64,10.0,0.63,15.0,0.76,15.0,0.77,15.0,0.24,15.0,0.23,15.0,0.36,10.0,0.37,15.0,0.12,0.12,43.54757,1776211023000
1776211024.852,124.852,0.64,10.0,0.63,15.0,0.76,15.0,0.77,15.0,0.24,15.0,0.23,15.0,0.36,10.0,0.37,15.0,0.12,0.12,43.547202,1776211024000
1776211026.273,126.273,0.64,10.0,0.63,15.0,0.76,15.0,0.77,15.0,0.24,15.0,0.23,15.0,0.36,10.0,0.37,15.0,0.12,0.12,43.546773,1776211025000
1776211027.295,127.295,0.64,10.0,0.63,15.0,0.76,15.0,0.77,15.0,0.24,15.0,0.23,15.0,0.36,10.0,0.37,15.0,0.12,0.12,43.547087,1776211026000
1776211028.201,128.201,0.64,10.0,0.63,15.0,0.76,15.0,0.77,15.0,0.24,15.0,0.23,15.0,0.36,10.0,0.37,15.0,0.12,0.12,43.545709,1776211027000
1776211029.46,129.46,0.64,10.0,0.63,15.0,0.76,15.0,0.77,15.0,0.24,15.0,0.23,15.0,0.36,10.0,0.37,15.0,0.12,0.12,43.545541,1776211028000
1776211030.152,130.152,0.64,10.0,0.63,15.0,0.76,15.0,0.77,15.0,0.24,15.0,0.23,15.0,0.36,10.0,0.37,15.0,0.12,0.12,43.545564,1776211029000
1776211031.205,131.205,0.64,10.0,0.63,15.0,0.76,15.0,0.77,15.0,0.24,15.0,0.23,15.0,0.36,10.0,0.37,15.0,0.12,0.12,43.546117,1776211030000
1776211032.185,132.185,0.64,10.0,0.63,15.0,0.76,15.0,0.77,15.0,0.24,15.0,0.23,15.0,0.36,10.0,0.37,15.0,0.12,0.12,43.546856,1776211031000
1776211033.289,133.289,0.64,10.0,0.63,15.0,0.76,15.0,0.77,15.0,0.24,15.0,0.23,15.0,0.36,10.0,0.37,15.0,0.12,0.12,43.547407,1776211032000
1776211034.301,134.301,0.64,10.0,0.63,15.0,0.76,15.0,0.77,15.0,0.24,15.0,0.23,15.0,0.36,10.0,0.37,15.0,0.12,0.12,43.548047,1776211033000
1776211035.383,135.383,0.64,10.0,0.63,15.0,0.76,15.0,0.77,15.0,0.24,15.0,0.23,15.0,0.36,10.0,0.37,15.0,0.12,0.12,43.547855,1776211034000
1776211036.068,136.068,0.64,10.0,0.63,15.0,0.76,15.0,0.77,15.0,0.24,15.0,0.23,15.0,0.36,10.0,0.37,15.0,0.12,0.12,43.547855,1776211035000
1776211037.312,137.312,0.64,10.0,0.63,15.0,0.76,15.0,0.77,15.0,0.24,15.0,0.23,15.0,0.36,10.0,0.37,15.0,0.12,0.12,43.548072,1776211036000
1776211038.138,138.138,0.64,10.0,0.63,15.0,0.76,15.0,0.77,15.0,0.24,15.0,0.23,15.0,0.36,10.0,0.37,15.0,0.12,0.12,43.548656,1776211037000
1776211039.348,139.348,0.64,10.0,0.63,15.0,0.76,15.0,0.77,15.0,0.24,15.0,0.23,15.0,0.36,10.0,0.37,15.0,0.12,0.12,43.549022,1776211038000
1776211040.044,140.044,0.64,10.0,0.63,15.0,0.76,15.0,0.77,15.0,0.24,15.0,0.23,15.0,0.36,10.0,0.37,15.0,0.12,0.12,43.549022,1776211039000
1776211041.175,141.175,0.64,10.0,0.63,15.0,0.76,15.0,0.77,15.0,0.24,15.0,0.23,15.0,0.36,10.0,0.37,15.0,0.12,0.12,43.549662,1776211040000
1776211042.524,142.524,0.64,10.0,0.63,15.0,0.76,15.0,0.77,15.0,0.24,15.0,0.23,15.0,0.36,10.0,0.37,15.0,0.12,0.12,43.549662,1776211041000
1776211043.149,143.149,0.64,10.0,0.63,15.0,0.76,15.0,0.77,15.0,0.24,15.0,0.23,15.0,0.36,10.0,0.37,15.0,0.12,0.12,43.549969,1776211042000
1776211044.381,144.381,0.64,10.0,0.63,15.0,0.76,15.0,0.77,15.0,0.24,15.0,0.23,15.0,0.36,10.0,0.37,15.0,0.12,0.12,43.550347,1776211043000
1776211045.017,145.017,0.64,10.0,0.63,15.0,0.76,15.0,0.77,15.0,0.24,15.0,0.23,15.0,0.36,10.0,0.37,15.0,0.12,0.12,43.550263,1776211044000
1776211046.378,146.378,0.64,10.0,0.63,15.0,0.76,15.0,0.77,15.0,0.24,15.0,0.23,15.0,0.36,10.0,0.37,15.0,0.12,0.12,43.550297,1776211045000
1776211047.685,147.685,0.64,10.0,0.63,15.0,0.76,15.0,0.77,15.0,0.24,15.0,0.23,15.0,0.36,10.0,0.37,15.0,0.12,0.12,43.549962,1776211046000
1776211048.273,148.273,0.64,10.0,0.63,15.0,0.76,15.0,0.77,15.0,0.24,15.0,0.23,15.0,0.36,10.0,0.37,15.0,0.12,0.12,43.550274,1776211047000
1776211050.085,150.085,0.64,10.0,0.63,15.0,0.76,15.0,0.77,15.0,0.24,15.0,0.23,15.0,0.36,10.0,0.37,15.0,0.12,0.12,43.550274,1776211049000
1776211051.436,151.436,0.64,10.0,0.63,15.0,0.76,15.0,0.77,15.0,0.24,15.0,0.23,15.0,0.36,10.0,0.37,15.0,0.12,0.12,43.548641,1776211050000
1776211052.226,152.226,0.64,10.0,0.63,15.0,0.76,15.0,0.77,15.0,0.24,15.0,0.23,15.0,0.36,10.0,0.37,15.0,0.12,0.12,43.548408,1776211051000
1776211053.698,153.698,0.64,10.0,0.63,15.0,0.76,15.0,0.77,15.0,0.24,15.0,0.23,15.0,0.36,10.0,0.37,15.0,0.12,0.12,43.54808,1776211052000
1776211054.321,154.321,0.64,10.0,0.63,15.0,0.76,15.0,0.77,15.0,0.24,15.0,0.23,15.0,0.36,10.0,0.37,15.0,0.12,0.12,43.547457,1776211053000
1776211054.97,154.97,0.64,10.0,0.63,15.0,0.76,15.0,0.77,15.0,0.24,15.0,0.23,15.0,0.36,10.0,0.37,15.0,0.12,0.12,43.546834,1776211054000
1776211056.413,156.413,0.64,10.0,0.63,15.0,0.76,15.0,0.77,15.0,0.24,15.0,0.23,15.0,0.36,10.0,0.37,15.0,0.12,0.12,43.547774,1776211055000
1776211057.169,157.169,0.64,10.0,0.63,15.0,0.76,15.0,0.77,15.0,0.24,15.0,0.23,15.0,0.36,10.0,0.37,15.0,0.12,0.12,43.547859,1776211056000
1776211058.491,158.491,0.64,10.0,0.63,15.0,0.76,15.0,0.77,15.0,0.24,15.0,0.23,15.0,0.36,10.0,0.37,15.0,0.12,0.12,43.547859,1776211057000
1776211059.226,159.226,0.64,10.0,0.63,15.0,0.76,15.0,0.77,15.0,0.24,15.0,0.23,15.0,0.36,10.0,0.37,15.0,0.12,0.12,43.547774,1776211058000
1776211060.573,160.573,0.64,10.0,0.63,15.0,0.76,15.0,0.77,15.0,0.24,15.0,0.23,15.0,0.36,10.0,0.37,15.0,0.12,0.12,43.547887,1776211059000
1776211061.228,161.228,0.64,10.0,0.63,15.0,0.76,15.0,0.77,15.0,0.24,15.0,0.23,15.0,0.36,10.0,0.37,15.0,0.12,0.12,43.547887,1776211060000
1776211062.678,162.678,0.64,10.0,0.63,15.0,0.76,15.0,0.77,15.0,0.24,15.0,0.23,15.0,0.36,10.0,0.37,15.0,0.12,0.12,43.547491,1776211061000
1776211063.488,163.488,0.64,10.0,0.63,15.0,0.76,15.0,0.77,15.0,0.24,15.0,0.23,15.0,0.36,10.0,0.37,15.0,0.12,0.12,43.547469,1776211062000
1776211064.269,164.269,0.64,10.0,0.63,15.0,0.76,15.0,0.77,15.0,0.24,15.0,0.23,15.0,0.36,10.0,0.37,15.0,0.12,0.12,43.547873,1776211063000
1776211065.751,165.751,0.64,10.0,0.63,15.0,0.76,15.0,0.77,15.0,0.24,15.0,0.23,15.0,0.36,10.0,0.37,15.0,0.12,0.12,43.550302,1776211064000
1776211066.445,166.445,0.64,10.0,0.63,15.0,0.76,15.0,0.77,15.0,0.24,15.0,0.23,15.0,0.36,10.0,0.37,15.0,0.12,0.12,43.550864,1776211065000
1776211067.034,167.034,0.64,10.0,0.63,15.0,0.76,15.0,0.77,15.0,0.24,15.0,0.23,15.0,0.36,10.0,0.37,15.0,0.12,0.12,43.550883,1776211066000
1776211068.091,168.091,0.64,10.0,0.63,15.0,0.76,15.0,0.77,15.0,0.24,15.0,0.23,15.0,0.36,10.0,0.37,15.0,0.12,0.12,43.55241,1776211067000
1776211069.687,169.687,0.64,10.0,0.63,15.0,0.76,15.0,0.77,15.0,0.24,15.0,0.23,15.0,0.36,10.0,0.37,15.0,0.12,0.12,43.549863,1776211068000
1776211070.295,170.295,0.64,10.0,0.63,15.0,0.76,15.0,0.77,15.0,0.24,15.0,0.23,15.0,0.36,10.0,0.37,15.0,0.12,0.12,43.549863,1776211069000
1776211071.057,171.057,0.64,10.0,0.63,15.0,0.76,15.0,0.77,15.0,0.24,15.0,0.23,15.0,0.36,10.0,0.37,15.0,0.12,0.12,43.549461,1776211070000
1776211072.488,172.488,0.64,10.0,0.63,15.0,0.76,15.0,0.77,15.0,0.24,15.0,0.23,15.0,0.36,10.0,0.37,15.0,0.12,0.12,43.549644,1776211071000
1776211073.262,173.262,0.64,10.0,0.63,15.0,0.76,15.0,0.77,15.0,0.24,15.0,0.23,15.0,0.36,10.0,0.37,15.0,0.12,0.12,43.549644,1776211072000
1776211074.728,174.728,0.64,10.0,0.63,15.0,0.76,15.0,0.77,15.0,0.24,15.0,0.23,15.0,0.36,10.0,0.37,15.0,0.12,0.12,43.549955,1776211073000
1776211075.357,175.357,0.64,10.0,0.63,15.0,0.76,15.0,0.77,15.0,0.24,15.0,0.23,15.0,0.36,10.0,0.37,15.0,0.12,0.12,43.55548,1776211074000
1776211075.561,175.561,0.77,15.0,0.76,25.0,0.86,15.0,0.87,15.0,0.24,15.0,0.23,15.0,0.36,10.0,0.37,15.0,0.09,0.12,43.55548,1776211074000
1776211076.092,176.092,0.77,15.0,0.76,25.0,0.86,15.0,0.87,15.0,0.14,15.0,0.13,15.0,0.23,15.0,0.24,25.0,0.09,0.09,43.557033,1776211075000
1776211077.336,177.336,0.77,15.0,0.76,25.0,0.86,15.0,0.87,15.0,0.14,15.0,0.13,15.0,0.23,15.0,0.24,25.0,0.09,0.09,43.556863,1776211076000
1776211077.608,177.608,0.79,15.0,0.78,15.0,0.88,15.0,0.89,15.0,0.14,15.0,0.13,15.0,0.23,15.0,0.24,25.0,0.09,0.09,43.556863,1776211076000
1776211078.288,178.288,0.79,15.0,0.78,15.0,0.88,15.0,0.89,15.0,0.12,15.0,0.11,15.0,0.21,15.0,0.22,15.0,0.09,0.09,43.554715,1776211077000
1776211079.68,179.68,0.79,15.0,0.78,15.0,0.88,15.0,0.89,15.0,0.12,15.0,0.11,15.0,0.21,15.0,0.22,15.0,0.09,0.09,43.551931,1776211078000
1776211080.274,180.274,0.79,15.0,0.78,15.0,0.88,15.0,0.89,15.0,0.12,15.0,0.11,15.0,0.21,15.0,0.22,15.0,0.09,0.09,43.552171,1776211079000
1776211081.568,181.568,0.79,15.0,0.78,15.0,0.88,15.0,0.89,15.0,0.12,15.0,0.11,15.0,0.21,15.0,0.22,15.0,0.09,0.09,43.552171,1776211080000
1776211082.284,182.284,0.79,15.0,0.78,15.0,0.88,15.0,0.89,15.0,0.12,15.0,0.11,15.0,0.21,15.0,0.22,15.0,0.09,0.09,43.554019,1776211081000
1776211083.602,183.602,0.79,15.0,0.78,15.0,0.88,15.0,0.89,15.0,0.12,15.0,0.11,15.0,0.21,15.0,0.22,15.0,0.09,0.09,43.554785,1776211082000
1776211084.305,184.305,0.79,15.0,0.78,15.0,0.88,15.0,0.89,15.0,0.12,15.0,0.11,15.0,0.21,15.0,0.22,15.0,0.09,0.09,43.55628,1776211083000
1776211085.876,185.876,0.79,15.0,0.78,15.0,0.88,15.0,0.89,15.0,0.12,15.0,0.11,15.0,0.21,15.0,0.22,15.0,0.09,0.09,43.553524,1776211084000
1776211086.435,186.435,0.79,15.0,0.78,15.0,0.88,15.0,0.89,15.0,0.12,15.0,0.11,15.0,0.21,15.0,0.22,15.0,0.09,0.09,43.553524,1776211085000
1776211086.922,186.922,0.79,15.0,0.78,15.0,0.88,15.0,0.89,15.0,0.12,15.0,0.11,15.0,0.21,15.0,0.22,15.0,0.09,0.09,43.553524,1776211086000
1776211087.948,187.948,0.79,15.0,0.78,15.0,0.88,15.0,0.89,15.0,0.12,15.0,0.11,15.0,0.21,15.0,0.22,15.0,0.09,0.09,43.553213,1776211087000
1776211089.13,189.13,0.79,15.0,0.78,15.0,0.88,15.0,0.89,15.0,0.12,15.0,0.11,15.0,0.21,15.0,0.22,15.0,0.09,0.09,43.553573,1776211088000
1776211090.063,190.063,0.79,15.0,0.78,15.0,0.88,15.0,0.89,15.0,0.12,15.0,0.11,15.0,0.21,15.0,0.22,15.0,0.09,0.09,43.553811,1776211089000
1776211091.081,191.081,0.79,15.0,0.78,15.0,0.88,15.0,0.89,15.0,0.12,15.0,0.11,15.0,0.21,15.0,0.22,15.0,0.09,0.09,43.55435,1776211090000
1776211092.074,192.074,0.79,15.0,0.78,15.0,0.88,15.0,0.89,15.0,0.12,15.0,0.11,15.0,0.21,15.0,0.22,15.0,0.09,0.09,43.557383,1776211091000
1776211093.084,193.084,0.79,15.0,0.78,15.0,0.88,15.0,0.89,15.0,0.12,15.0,0.11,15.0,0.21,15.0,0.22,15.0,0.09,0.09,43.56001,1776211092000
1776211094.062,194.062,0.79,15.0,0.78,15.0,0.88,15.0,0.89,15.0,0.12,15.0,0.11,15.0,0.21,15.0,0.22,15.0,0.09,0.09,43.56001,1776211093000
1776211095.072,195.072,0.79,15.0,0.78,15.0,0.88,15.0,0.89,15.0,0.12,15.0,0.11,15.0,0.21,15.0,0.22,15.0,0.09,0.09,43.560153,1776211094000
1776211096.001,196.001,0.79,15.0,0.78,15.0,0.88,15.0,0.89,15.0,0.12,15.0,0.11,15.0,0.21,15.0,0.22,15.0,0.09,0.09,43.560254,1776211095000
1776211096.981,196.981,0.79,15.0,0.78,15.0,0.88,15.0,0.89,15.0,0.12,15.0,0.11,15.0,0.21,15.0,0.22,15.0,0.09,0.09,43.559674,1776211096000
1776211097.976,197.976,0.79,15.0,0.78,15.0,0.88,15.0,0.89,15.0,0.12,15.0,0.11,15.0,0.21,15.0,0.22,15.0,0.09,0.09,43.559673,1776211097000
1776211099.356,199.356,0.79,15.0,0.78,15.0,0.88,15.0,0.89,15.0,0.12,15.0,0.11,15.0,0.21,15.0,0.22,15.0,0.09,0.09,43.559572,1776211098000
1776211099.898,199.898,0.79,15.0,0.78,15.0,0.88,15.0,0.89,15.0,0.12,15.0,0.11,15.0,0.21,15.0,0.22,15.0,0.09,0.09,43.559572,1776211099000
1776211100.956,200.956,0.79,15.0,0.78,15.0,0.88,15.0,0.89,15.0,0.12,15.0,0.11,15.0,0.21,15.0,0.22,15.0,0.09,0.09,43.559572,1776211100000
1776211101.987,201.987,0.79,15.0,0.78,15.0,0.88,15.0,0.89,15.0,0.12,15.0,0.11,15.0,0.21,15.0,0.22,15.0,0.09,0.09,43.55998,1776211101000
1776211102.408,202.408,0.88,15.0,0.87,15.0,0.93,12.84,0.94,15.0,0.12,15.0,0.11,15.0,0.21,15.0,0.22,15.0,0.05,0.09,43.55998,1776211101000
1776211102.983,202.983,0.88,15.0,0.87,15.0,0.93,12.84,0.94,15.0,0.07,12.84,0.06,15.0,0.12,15.0,0.13,15.0,0.05,0.05,43.55998,1776211102000
1776211104.245,204.245,0.88,15.0,0.87,15.0,0.93,12.84,0.94,15.0,0.07,12.84,0.06,15.0,0.12,15.0,0.13,15.0,0.05,0.05,43.55998,1776211103000
1776211105.251,205.251,0.88,15.0,0.87,15.0,0.93,12.84,0.94,15.0,0.07,12.84,0.06,15.0,0.12,15.0,0.13,15.0,0.05,0.05,43.559669,1776211104000
1776211106.355,206.355,0.88,15.0,0.87,15.0,0.93,12.84,0.94,15.0,0.07,12.84,0.06,15.0,0.12,15.0,0.13,15.0,0.05,0.05,43.561521,1776211105000
1776211106.986,206.986,0.88,15.0,0.87,15.0,0.93,12.84,0.94,15.0,0.07,12.84,0.06,15.0,0.12,15.0,0.13,15.0,0.05,0.05,43.561521,1776211106000
1776211107.913,207.913,0.88,15.0,0.87,15.0,0.93,12.84,0.94,15.0,0.07,12.84,0.06,15.0,0.12,15.0,0.13,15.0,0.05,0.05,43.561541,1776211107000
1776211108.993,208.993,0.88,15.0,0.87,15.0,0.93,12.84,0.94,15.0,0.07,12.84,0.06,15.0,0.12,15.0,0.13,15.0,0.05,0.05,43.561551,1776211108000
1776211110.004,210.004,0.88,15.0,0.87,15.0,0.93,12.84,0.94,15.0,0.07,12.84,0.06,15.0,0.12,15.0,0.13,15.0,0.05,0.05,43.561106,1776211109000
1776211111.101,211.101,0.88,15.0,0.87,15.0,0.93,12.84,0.94,15.0,0.07,12.84,0.06,15.0,0.12,15.0,0.13,15.0,0.05,0.05,43.56265,1776211110000
1776211112.799,212.799,0.88,15.0,0.87,15.0,0.93,12.84,0.94,15.0,0.07,12.84,0.06,15.0,0.12,15.0,0.13,15.0,0.05,0.05,43.563902,1776211111000
1776211113.383,213.383,0.88,15.0,0.87,15.0,0.93,12.84,0.94,15.0,0.07,12.84,0.06,15.0,0.12,15.0,0.13,15.0,0.05,0.05,43.56408,1776211112000
1776211114.076,214.076,0.88,15.0,0.87,15.0,0.93,12.84,0.94,15.0,0.07,12.84,0.06,15.0,0.12,15.0,0.13,15.0,0.05,0.05,43.56408,1776211113000
1776211115.449,215.449,0.88,15.0,0.87,15.0,0.93,12.84,0.94,15.0,0.07,12.84,0.06,15.0,0.12,15.0,0.13,15.0,0.05,0.05,43.564063,1776211114000
1776211116.044,216.044,0.88,15.0,0.87,15.0,0.93,12.84,0.94,15.0,0.07,12.84,0.06,15.0,0.12,15.0,0.13,15.0,0.05,0.05,43.563814,1776211115000
1776211116.382,216.382,0.91,15.0,0.9,15.0,0.96,20.0,0.97,15.0,0.07,12.84,0.06,15.0,0.12,15.0,0.13,15.0,0.05,0.05,43.563814,1776211115000
1776211117.335,217.335,0.91,15.0,0.9,15.0,0.96,20.0,0.97,15.0,0.04,20.0,0.03,15.0,0.09,15.0,0.1,15.0,0.05,0.05,43.563559,1776211116000
1776211117.986,217.986,0.91,15.0,0.9,15.0,0.96,20.0,0.97,15.0,0.04,20.0,0.03,15.0,0.09,15.0,0.1,15.0,0.05,0.05,43.563559,1776211117000
1776211119.287,219.287,0.91,15.0,0.9,15.0,0.96,20.0,0.97,15.0,0.04,20.0,0.03,15.0,0.09,15.0,0.1,15.0,0.05,0.05,43.563559,1776211118000
1776211120.51,220.51,0.91,15.0,0.9,15.0,0.96,20.0,0.97,15.0,0.04,20.0,0.03,15.0,0.09,15.0,0.1,15.0,0.05,0.05,43.563577,1776211119000
1776211121.121,221.121,0.91,15.0,0.9,15.0,0.96,20.0,0.97,15.0,0.04,20.0,0.03,15.0,0.09,15.0,0.1,15.0,0.05,0.05,43.56393,1776211120000
1776211121.794,221.794,0.95,5.0,0.92,15.0,0.97,5.0,0.98,25.0,0.04,20.0,0.03,15.0,0.09,15.0,0.1,15.0,0.02,0.05,43.56393,1776211120000
1776211122.541,222.541,0.95,5.0,0.92,15.0,0.97,5.0,0.98,25.0,0.03,5.0,0.02,25.0,0.05,5.0,0.08,15.0,0.02,0.02,43.563385,1776211121000
1776211123.184,223.184,0.95,5.0,0.92,15.0,0.97,5.0,0.98,25.0,0.03,5.0,0.02,25.0,0.05,5.0,0.08,15.0,0.02,0.02,43.564927,1776211122000
1776211124.362,224.362,0.95,5.0,0.92,15.0,0.97,5.0,0.98,25.0,0.03,5.0,0.02,25.0,0.05,5.0,0.08,15.0,0.02,0.02,43.564927,1776211123000
1776211125.566,225.566,0.95,5.0,0.92,15.0,0.97,5.0,0.98,25.0,0.03,5.0,0.02,25.0,0.05,5.0,0.08,15.0,0.02,0.02,43.563392,1776211124000
1776211126.105,226.105,0.95,5.0,0.92,15.0,0.97,5.0,0.98,25.0,0.03,5.0,0.02,25.0,0.05,5.0,0.08,15.0,0.02,0.02,43.563392,1776211125000
1776211127.264,227.264,0.93,15.0,0.92,15.0,0.97,1.0,0.98,25.0,0.03,5.0,0.02,25.0,0.05,5.0,0.08,15.0,0.04,0.02,43.563392,1776211125000
1776211129.178,229.178,0.93,15.0,0.92,15.0,0.97,1.0,0.98,25.0,0.03,1.0,0.02,25.0,0.07,15.0,0.08,15.0,0.04,0.04,43.564277,1776211128000
1776211131.241,231.241,0.93,15.0,0.92,15.0,0.97,1.0,0.98,25.0,0.03,1.0,0.02,25.0,0.07,15.0,0.08,15.0,0.04,0.04,43.565612,1776211129000
1776211131.891,231.891,0.93,15.0,0.92,15.0,0.97,1.0,0.98,25.0,0.03,1.0,0.02,25.0,0.07,15.0,0.08,15.0,0.04,0.04,43.565016,1776211130000
1776211132.574,232.574,0.93,15.0,0.92,15.0,0.97,1.0,0.98,25.0,0.03,1.0,0.02,25.0,0.07,15.0,0.08,15.0,0.04,0.04,43.564399,1776211131000
1776211133.363,233.363,0.93,15.0,0.92,15.0,0.97,1.0,0.98,25.0,0.03,1.0,0.02,25.0,0.07,15.0,0.08,15.0,0.04,0.04,43.564399,1776211132000
1776211134.058,234.058,0.93,15.0,0.92,15.0,0.97,1.0,0.98,25.0,0.03,1.0,0.02,25.0,0.07,15.0,0.08,15.0,0.04,0.04,43.563782,1776211133000
1776211135.471,235.471,0.93,13.57,0.92,15.0,0.97,1.0,0.98,25.0,0.03,1.0,0.02,25.0,0.07,15.0,0.08,15.0,0.04,0.04,43.563782,1776211133000
1776211136.332,236.332,0.93,13.57,0.92,15.0,0.97,1.0,0.98,25.0,0.03,1.0,0.02,25.0,0.07,13.57,0.08,15.0,0.04,0.04,43.564665,1776211135000
1776211137.013,237.013,0.93,13.57,0.92,15.0,0.97,1.0,0.98,25.0,0.03,1.0,0.02,25.0,0.07,13.57,0.08,15.0,0.04,0.04,43.564665,1776211136000
1776211137.285,237.285,0.91,15.0,0.9,15.0,0.97,1.0,0.98,25.0,0.03,1.0,0.02,25.0,0.07,13.57,0.08,15.0,0.06,0.04,43.564665,1776211136000
1776211138.449,238.449,0.91,15.0,0.9,15.0,0.97,1.0,0.98,25.0,0.03,1.0,0.02,25.0,0.09,15.0,0.1,15.0,0.06,0.06,43.564578,1776211137000
1776211138.764,238.764,0.91,15.0,0.9,15.0,0.95,14.8,0.96,15.0,0.03,1.0,0.02,25.0,0.09,15.0,0.1,15.0,0.04,0.06,43.564578,1776211137000
1776211139.127,239.127,0.91,15.0,0.9,15.0,0.95,14.8,0.96,15.0,0.05,14.8,0.04,15.0,0.09,15.0,0.1,15.0,0.04,0.04,43.564209,1776211138000
1776211139.431,239.431,0.91,15.0,0.9,15.0,0.96,15.0,0.97,1.0,0.05,14.8,0.04,15.0,0.09,15.0,0.1,15.0,0.05,0.04,43.564209,1776211138000
1776211140.58,240.58,0.91,15.0,0.9,15.0,0.96,15.0,0.97,1.0,0.04,15.0,0.03,1.0,0.09,15.0,0.1,15.0,0.05,0.05,43.557364,1776211139000
1776211141.235,241.235,0.91,15.0,0.9,15.0,0.96,15.0,0.97,1.0,0.04,15.0,0.03,1.0,0.09,15.0,0.1,15.0,0.05,0.05,43.55682,1776211140000
1776211142.778,242.778,0.91,15.0,0.9,15.0,0.96,15.0,0.97,1.0,0.04,15.0,0.03,1.0,0.09,15.0,0.1,15.0,0.05,0.05,43.553613,1776211141000
1776211143.585,243.585,0.91,15.0,0.9,15.0,0.96,15.0,0.97,1.0,0.04,15.0,0.03,1.0,0.09,15.0,0.1,15.0,0.05,0.05,43.553613,1776211142000
1776211144.317,244.317,0.91,15.0,0.9,15.0,0.96,15.0,0.97,1.0,0.04,15.0,0.03,1.0,0.09,15.0,0.1,15.0,0.05,0.05,43.551971,1776211143000
1776211145.019,245.019,0.91,15.0,0.9,15.0,0.96,15.0,0.97,1.0,0.04,15.0,0.03,1.0,0.09,15.0,0.1,15.0,0.05,0.05,43.552098,1776211144000
1776211146.525,246.525,0.91,15.0,0.9,15.0,0.96,15.0,0.97,1.0,0.04,15.0,0.03,1.0,0.09,15.0,0.1,15.0,0.05,0.05,43.55179,1776211145000
1776211147.2,247.2,0.91,15.0,0.9,15.0,0.96,15.0,0.97,1.0,0.04,15.0,0.03,1.0,0.09,15.0,0.1,15.0,0.05,0.05,43.551064,1776211146000
1776211149.986,249.986,0.91,15.0,0.9,15.0,0.96,15.0,0.97,1.0,0.04,15.0,0.03,1.0,0.09,15.0,0.1,15.0,0.05,0.05,43.551291,1776211147000
1776211150.56,250.56,0.91,15.0,0.9,15.0,0.96,15.0,0.97,1.0,0.04,15.0,0.03,1.0,0.09,15.0,0.1,15.0,0.05,0.05,43.551291,1776211149000
1776211150.997,250.997,0.91,15.0,0.9,15.0,0.96,15.0,0.97,1.0,0.04,15.0,0.03,1.0,0.09,15.0,0.1,15.0,0.05,0.05,43.550886,1776211150000
1776211152.007,252.007,0.91,15.0,0.9,15.0,0.96,15.0,0.97,1.0,0.04,15.0,0.03,1.0,0.09,15.0,0.1,15.0,0.05,0.05,43.550578,1776211151000
1776211152.407,252.407,0.95,20.0,0.94,15.0,0.98,25.0,0.99,305.0,0.04,15.0,0.03,1.0,0.09,15.0,0.1,15.0,0.03,0.05,43.550578,1776211151000
1776211153.101,253.101,0.95,20.0,0.94,15.0,0.98,25.0,0.99,305.0,0.02,25.0,0.01,305.0,0.05,20.0,0.06,15.0,0.03,0.03,43.555202,1776211152000
1776211154.149,254.149,0.95,20.0,0.94,15.0,0.98,25.0,0.99,305.0,0.02,25.0,0.01,305.0,0.05,20.0,0.06,15.0,0.03,0.03,43.554693,1776211153000
1776211155.193,255.193,0.95,20.0,0.94,15.0,0.98,25.0,0.99,305.0,0.02,25.0,0.01,305.0,0.05,20.0,0.06,15.0,0.03,0.03,43.554507,1776211154000
1776211156.213,256.213,0.95,20.0,0.94,15.0,0.98,25.0,0.99,305.0,0.02,25.0,0.01,305.0,0.05,20.0,0.06,15.0,0.03,0.03,43.554123,1776211155000
1776211157.172,257.172,0.95,20.0,0.94,15.0,0.98,25.0,0.99,305.0,0.02,25.0,0.01,305.0,0.05,20.0,0.06,15.0,0.03,0.03,43.554166,1776211156000
1776211158.215,258.215,0.95,20.0,0.94,15.0,0.98,25.0,0.99,305.0,0.02,25.0,0.01,305.0,0.05,20.0,0.06,15.0,0.03,0.03,43.556736,1776211157000
1776211159.256,259.256,0.95,20.0,0.94,15.0,0.98,25.0,0.99,305.0,0.02,25.0,0.01,305.0,0.05,20.0,0.06,15.0,0.03,0.03,43.557675,1776211158000
1776211160.087,260.087,0.96,15.0,0.95,15.0,0.98,5.0,0.99,305.0,0.02,25.0,0.01,305.0,0.05,20.0,0.06,15.0,0.02,0.03,43.557675,1776211158000
1776211161.189,261.189,0.96,15.0,0.95,15.0,0.98,5.0,0.99,305.0,0.02,5.0,0.01,305.0,0.04,15.0,0.05,15.0,0.02,0.02,43.558108,1776211160000
1776211162.277,262.277,0.96,15.0,0.95,15.0,0.98,5.0,0.99,305.0,0.02,5.0,0.01,305.0,0.04,15.0,0.05,15.0,0.02,0.02,43.55721,1776211161000
1776211163.813,263.813,0.96,15.0,0.95,15.0,0.98,5.0,0.99,305.0,0.02,5.0,0.01,305.0,0.04,15.0,0.05,15.0,0.02,0.02,43.557617,1776211162000
1776211164.264,264.264,0.96,15.0,0.95,15.0,0.98,5.0,0.99,305.0,0.02,5.0,0.01,305.0,0.04,15.0,0.05,15.0,0.02,0.02,43.557617,1776211163000
1776211165.29,265.29,0.96,15.0,0.95,15.0,0.98,5.0,0.99,305.0,0.02,5.0,0.01,305.0,0.04,15.0,0.05,15.0,0.02,0.02,43.557575,1776211164000
1776211166.314,266.314,0.96,15.0,0.95,15.0,0.98,5.0,0.99,305.0,0.02,5.0,0.01,305.0,0.04,15.0,0.05,15.0,0.02,0.02,43.557586,1776211165000
1776211167.273,267.273,0.96,15.0,0.95,15.0,0.98,5.0,0.99,305.0,0.02,5.0,0.01,305.0,0.04,15.0,0.05,15.0,0.02,0.02,43.554865,1776211166000
1776211168.235,268.235,0.96,15.0,0.95,15.0,0.98,5.0,0.99,305.0,0.02,5.0,0.01,305.0,0.04,15.0,0.05,15.0,0.02,0.02,43.557316,1776211167000
1776211169.228,269.228,0.96,15.0,0.95,15.0,0.98,5.0,0.99,305.0,0.02,5.0,0.01,305.0,0.04,15.0,0.05,15.0,0.02,0.02,43.557061,1776211168000
1776211170.234,270.234,0.96,15.0,0.95,15.0,0.98,5.0,0.99,305.0,0.02,5.0,0.01,305.0,0.04,15.0,0.05,15.0,0.02,0.02,43.557189,1776211169000
1776211171.049,271.049,0.97,15.0,0.96,15.0,0.99,302.97,,,0.02,5.0,0.01,305.0,0.04,15.0,0.05,15.0,0.02,0.02,43.557189,1776211169000
1776211172.217,272.217,0.97,15.0,0.96,15.0,0.99,302.97,,,0.01,302.97,,,0.03,15.0,0.04,15.0,0.02,0.02,43.556708,1776211171000
1776211173.201,273.201,0.97,15.0,0.96,15.0,0.99,302.97,,,0.01,302.97,,,0.03,15.0,0.04,15.0,0.02,0.02,43.555833,1776211172000
1776211173.72,273.72,0.97,20.0,0.96,15.0,0.99,301.95,,,0.01,302.97,,,0.03,15.0,0.04,15.0,0.02,0.02,43.555833,1776211172000
1776211174.243,274.243,0.97,20.0,0.96,15.0,0.99,301.95,,,0.01,301.95,,,0.03,20.0,0.04,15.0,0.02,0.02,43.554083,1776211173000
1776211175.165,275.165,0.97,20.0,0.96,15.0,0.99,301.95,,,0.01,301.95,,,0.03,20.0,0.04,15.0,0.02,0.02,43.550289,1776211174000
1776211176.647,276.647,0.97,20.0,0.96,15.0,0.99,301.95,,,0.01,301.95,,,0.03,20.0,0.04,15.0,0.02,0.02,43.55288,1776211175000
1776211177.204,277.204,0.97,20.0,0.96,15.0,0.99,301.95,,,0.01,301.95,,,0.03,20.0,0.04,15.0,0.02,0.02,43.552504,1776211176000
1776211178.186,278.186,0.97,20.0,0.96,15.0,0.99,301.95,,,0.01,301.95,,,0.03,20.0,0.04,15.0,0.02,0.02,43.552908,1776211177000
1776211179.131,279.131,0.97,20.0,0.96,15.0,0.99,301.95,,,0.01,301.95,,,0.03,20.0,0.04,15.0,0.02,0.02,43.552514,1776211178000
1776211180.123,280.123,0.97,20.0,0.96,15.0,0.99,301.95,,,0.01,301.95,,,0.03,20.0,0.04,15.0,0.02,0.02,43.552471,1776211179000
1776211181.132,281.132,0.89,10.0,0.3,100.0,0.99,184.92,,,0.01,184.92,,,0.11,10.0,0.7,100.0,0.1,0.1,43.549894,1776211180000
1776211182.245,282.245,0.89,10.0,0.3,100.0,0.99,184.92,,,0.01,184.92,,,0.11,10.0,0.7,100.0,0.1,0.1,43.551178,1776211181000
1776211183.206,283.206,0.89,10.0,0.3,100.0,0.99,184.92,,,0.01,184.92,,,0.11,10.0,0.7,100.0,0.1,0.1,43.551281,1776211182000
1776211184.251,284.251,0.89,10.0,0.3,100.0,0.99,184.92,,,0.01,184.92,,,0.11,10.0,0.7,100.0,0.1,0.1,43.551281,1776211183000
1776211185.182,285.182,0.89,10.0,0.3,100.0,0.99,184.92,,,0.01,184.92,,,0.11,10.0,0.7,100.0,0.1,0.1,43.551708,1776211184000
1776211186.208,286.208,0.89,10.0,0.3,100.0,0.99,184.92,,,0.01,184.92,,,0.11,10.0,0.7,100.0,0.1,0.1,43.550037,1776211185000
1776211187.21,287.21,0.89,10.0,0.3,100.0,0.99,184.92,,,0.01,184.92,,,0.11,10.0,0.7,100.0,0.1,0.1,43.548342,1776211186000
1776211188.169,288.169,0.89,10.0,0.3,100.0,0.99,184.92,,,0.01,184.92,,,0.11,10.0,0.7,100.0,0.1,0.1,43.548493,1776211187000
1776211189.67,289.67,0.89,49.0,0.3,100.0,0.99,179.87,,,0.01,184.92,,,0.11,10.0,0.7,100.0,0.1,0.1,43.548493,1776211187000
1776211189.876,289.876,0.89,49.0,0.3,100.0,0.99,179.87,,,0.01,179.87,,,0.11,49.0,0.7,100.0,0.1,0.1,43.550744,1776211188000
1776211190.436,290.436,0.89,49.0,0.3,100.0,0.99,179.87,,,0.01,179.87,,,0.11,49.0,0.7,100.0,0.1,0.1,43.550818,1776211189000
1776211190.979,290.979,0.89,49.0,0.3,100.0,0.99,179.87,,,0.01,179.87,,,0.11,49.0,0.7,100.0,0.1,0.1,43.551477,1776211190000
1776211191.814,291.814,0.89,49.0,0.3,100.0,0.99,159.66,,,0.01,179.87,,,0.11,49.0,0.7,100.0,0.1,0.1,43.551477,1776211190000
1776211192.091,292.091,0.89,49.0,0.3,100.0,0.99,159.66,,,0.01,159.66,,,0.11,49.0,0.7,100.0,0.1,0.1,43.549296,1776211191000
1776211193.219,293.219,0.89,49.0,0.3,100.0,0.99,159.66,,,0.01,159.66,,,0.11,49.0,0.7,100.0,0.1,0.1,43.551828,1776211192000
1776211194.327,294.327,0.89,49.0,0.3,100.0,0.99,139.45,,,0.01,139.45,,,0.11,49.0,0.7,100.0,0.1,0.1,43.551828,1776211193000
1776211194.956,294.956,0.89,49.0,0.3,100.0,0.99,139.45,,,0.01,139.45,,,0.11,49.0,0.7,100.0,0.1,0.1,43.551784,1776211194000
1776211196.111,296.111,0.89,49.0,0.3,100.0,0.99,139.45,,,0.01,139.45,,,0.11,49.0,0.7,100.0,0.1,0.1,43.551067,1776211195000
1776211196.448,296.448,0.89,10.0,0.04,5.0,0.99,138.34,,,0.01,139.45,,,0.11,49.0,0.7,100.0,0.1,0.1,43.551067,1776211195000
1776211197.228,297.228,0.89,10.0,0.04,5.0,0.99,138.34,,,0.01,138.34,,,0.11,10.0,0.96,5.0,0.1,0.1,43.549783,1776211196000
1776211197.448,297.448,0.89,10.0,0.04,5.0,0.99,133.29,,,0.01,138.34,,,0.11,10.0,0.96,5.0,0.1,0.1,43.549783,1776211196000
1776211197.793,297.793,0.99,372.87,0.89,10.0,,,,,0.01,132.18,,,0.11,10.0,0.96,5.0,,0.1,43.549783,1776211196000
1776211198.309,298.309,0.99,372.87,0.89,10.0,,,,,,,,,0.01,372.87,0.11,10.0,,,43.549793,1776211197000
1776211199.354,299.354,0.99,372.87,0.89,10.0,,,,,,,,,0.01,372.87,0.11,10.0,,,43.54981,1776211198000
1776211199.937,299.937,0.99,372.87,0.89,10.0,,,,,,,,,0.01,372.87,0.11,10.0,,,43.549788,1776211199000
1776211201.071,301.071,0.99,372.87,0.89,10.0,,,,,,,,,0.01,372.87,0.11,10.0,,,43.549708,1776211200000
1776211202.162,302.162,0.99,372.87,0.89,10.0,,,,,,,,,0.01,372.87,0.11,10.0,,,43.550203,1776211201000

# RESULT,winner=Up,slug=hype-updown-5m-1776210900,ticks=308
