timestamp,elapsed_sec,up_bid_p1,up_bid_s1,up_bid_p2,up_bid_s2,up_ask_p1,up_ask_s1,up_ask_p2,up_ask_s2,down_bid_p1,down_bid_s1,down_bid_p2,down_bid_s2,down_ask_p1,down_ask_s1,down_ask_p2,down_ask_s2,up_spread,down_spread,hype_price,hype_oracle_ts
1776226501.259,1.259,,,,,,,,,,,,,,,,,,,43.823517,1776226500000
1776226501.546,1.546,0.51,40.0,0.5,20.0,0.75,5.0,0.89,100.0,0.25,5.0,0.11,100.0,0.49,40.0,0.5,20.0,0.24,0.24,43.823517,1776226500000
1776226501.828,1.828,0.51,40.0,0.5,20.0,0.61,10.0,0.75,5.0,0.25,5.0,0.11,100.0,0.49,40.0,0.5,20.0,0.1,0.24,43.823517,1776226500000
1776226502.665,2.665,0.51,40.0,0.5,20.0,0.61,10.0,0.75,5.0,0.39,10.0,0.25,5.0,0.49,40.0,0.5,20.0,0.1,0.1,43.823281,1776226501000
1776226503.302,3.302,0.51,40.0,0.5,20.0,0.61,10.0,0.75,5.0,0.39,10.0,0.25,5.0,0.49,40.0,0.5,20.0,0.1,0.1,43.823281,1776226502000
1776226504.094,4.094,0.51,40.0,0.5,20.0,0.61,10.0,0.75,5.0,0.39,10.0,0.25,5.0,0.49,40.0,0.5,20.0,0.1,0.1,43.823045,1776226503000
1776226505.896,5.896,0.51,40.0,0.5,20.0,0.61,10.0,0.75,5.0,0.39,10.0,0.25,5.0,0.49,40.0,0.5,20.0,0.1,0.1,43.822134,1776226504000
1776226506.509,6.509,0.51,40.0,0.5,20.0,0.61,10.0,0.75,5.0,0.39,10.0,0.25,5.0,0.49,40.0,0.5,20.0,0.1,0.1,43.821589,1776226505000
1776226507.074,7.074,0.51,40.0,0.5,20.0,0.61,10.0,0.75,5.0,0.39,10.0,0.25,5.0,0.49,40.0,0.5,20.0,0.1,0.1,43.821658,1776226506000
1776226508.169,8.169,0.51,40.0,0.5,20.0,0.61,10.0,0.75,5.0,0.39,10.0,0.25,5.0,0.49,40.0,0.5,20.0,0.1,0.1,43.821914,1776226507000
1776226509.425,9.425,0.51,40.0,0.5,20.0,0.61,10.0,0.75,5.0,0.39,10.0,0.25,5.0,0.49,40.0,0.5,20.0,0.1,0.1,43.821689,1776226508000
1776226509.884,9.884,0.51,40.0,0.5,20.0,0.61,10.0,0.75,5.0,0.39,10.0,0.25,5.0,0.49,40.0,0.5,20.0,0.1,0.1,43.822442,1776226509000
1776226510.477,10.477,0.51,40.0,0.5,20.0,0.73,5.93,0.75,5.0,0.39,10.0,0.25,5.0,0.49,40.0,0.5,20.0,0.22,0.1,43.822442,1776226509000
1776226510.863,10.863,0.79,10.0,0.51,40.0,0.89,89.9,0.92,50.0,0.11,100.0,0.08,50.0,0.16,5.0,0.49,99.0,0.1,0.05,43.822442,1776226509000
1776226511.096,11.096,0.79,10.0,0.51,40.0,0.89,89.9,0.92,50.0,0.11,89.9,0.08,50.0,0.21,10.0,0.49,40.0,0.1,0.1,43.823551,1776226510000
1776226512.195,12.195,0.79,10.0,0.51,40.0,0.89,89.9,0.92,50.0,0.11,89.9,0.08,50.0,0.21,10.0,0.49,40.0,0.1,0.1,43.8627,1776226511000
1776226513.477,13.477,0.79,10.0,0.51,40.0,0.89,89.9,0.92,50.0,0.11,89.9,0.08,50.0,0.21,10.0,0.49,40.0,0.1,0.1,43.879889,1776226512000
1776226514.025,14.025,0.79,10.0,0.51,40.0,0.89,89.9,0.92,50.0,0.11,89.9,0.08,50.0,0.21,10.0,0.49,40.0,0.1,0.1,43.881066,1776226513000
1776226515.099,15.099,0.79,10.0,0.51,40.0,0.89,89.9,0.92,50.0,0.11,89.9,0.08,50.0,0.21,10.0,0.49,40.0,0.1,0.1,43.890893,1776226514000
1776226517.258,17.258,0.79,10.0,0.51,40.0,0.89,89.9,0.92,50.0,0.11,89.9,0.08,50.0,0.21,10.0,0.49,40.0,0.1,0.1,43.892164,1776226516000
1776226518.299,18.299,0.79,10.0,0.51,40.0,0.89,89.9,0.92,50.0,0.11,89.9,0.08,50.0,0.21,10.0,0.49,40.0,0.1,0.1,43.892669,1776226517000
1776226519.302,19.302,0.79,10.0,0.51,40.0,0.89,89.9,0.92,50.0,0.11,89.9,0.08,50.0,0.21,10.0,0.49,40.0,0.1,0.1,43.892948,1776226518000
1776226519.539,19.539,0.7,5.0,0.69,5.0,0.89,89.9,0.93,57.5,0.11,89.9,0.08,50.0,0.21,10.0,0.49,40.0,0.19,0.1,43.892948,1776226518000
1776226520.757,20.757,0.7,5.0,0.69,5.0,0.89,89.9,0.93,57.5,0.11,89.9,0.07,57.5,0.3,5.0,0.31,5.0,0.19,0.19,43.892809,1776226519000
1776226521.264,21.264,0.7,5.0,0.69,5.0,0.89,89.9,0.93,57.5,0.11,89.9,0.07,57.5,0.3,5.0,0.31,5.0,0.19,0.19,43.892966,1776226520000
1776226522.379,22.379,0.7,5.0,0.69,5.0,0.89,89.9,0.93,57.5,0.11,89.9,0.07,57.5,0.3,5.0,0.31,5.0,0.19,0.19,43.892816,1776226521000
1776226522.935,22.935,0.7,5.0,0.69,5.0,0.89,89.9,0.93,57.5,0.11,89.9,0.07,57.5,0.3,5.0,0.31,5.0,0.19,0.19,43.89256,1776226522000
1776226524.23,24.23,0.7,5.0,0.69,5.0,0.89,89.9,0.93,57.5,0.11,89.9,0.07,57.5,0.3,5.0,0.31,5.0,0.19,0.19,43.891379,1776226523000
1776226525.327,25.327,0.7,5.0,0.69,5.0,0.89,89.9,0.93,57.5,0.11,89.9,0.07,57.5,0.3,5.0,0.31,5.0,0.19,0.19,43.880819,1776226524000
1776226526.532,26.532,0.7,5.0,0.69,5.0,0.89,89.9,0.93,57.5,0.11,89.9,0.07,57.5,0.3,5.0,0.31,5.0,0.19,0.19,43.874568,1776226525000
1776226527.066,27.066,0.7,5.0,0.69,5.0,0.89,89.9,0.93,57.5,0.11,89.9,0.07,57.5,0.3,5.0,0.31,5.0,0.19,0.19,43.874568,1776226526000
1776226528.24,28.24,0.7,5.0,0.69,5.0,0.89,89.9,0.93,57.5,0.11,89.9,0.07,57.5,0.3,5.0,0.31,5.0,0.19,0.19,43.874217,1776226527000
1776226529.371,29.371,0.7,5.0,0.69,5.0,0.89,89.9,0.93,57.5,0.11,89.9,0.07,57.5,0.3,5.0,0.31,5.0,0.19,0.19,43.874123,1776226528000
1776226529.838,29.838,0.7,5.0,0.69,5.0,0.89,89.9,0.93,57.5,0.11,89.9,0.07,57.5,0.3,5.0,0.31,5.0,0.19,0.19,43.873923,1776226529000
1776226530.954,30.954,0.7,5.0,0.69,5.0,0.89,89.9,0.93,57.5,0.11,89.9,0.07,57.5,0.3,5.0,0.31,5.0,0.19,0.19,43.872318,1776226530000
1776226532.199,32.199,0.7,5.0,0.69,5.0,0.89,89.9,0.93,57.5,0.11,89.9,0.07,57.5,0.3,5.0,0.31,5.0,0.19,0.19,43.871356,1776226531000
1776226533.285,33.285,0.7,5.0,0.69,5.0,0.89,89.9,0.93,57.5,0.11,89.9,0.07,57.5,0.3,5.0,0.31,5.0,0.19,0.19,43.871098,1776226532000
1776226533.846,33.846,0.7,5.0,0.69,5.0,0.89,89.9,0.93,57.5,0.11,89.9,0.07,57.5,0.3,5.0,0.31,5.0,0.19,0.19,43.871098,1776226533000
1776226535.644,35.644,0.7,5.0,0.69,5.0,0.89,89.9,0.93,57.5,0.11,89.9,0.07,57.5,0.3,5.0,0.31,5.0,0.19,0.19,43.867184,1776226534000
1776226536.352,36.352,0.7,5.0,0.69,5.0,0.89,89.9,0.93,57.5,0.11,89.9,0.07,57.5,0.3,5.0,0.31,5.0,0.19,0.19,43.863629,1776226535000
1776226537.43,37.43,0.7,5.0,0.69,5.0,0.89,89.9,0.93,57.5,0.11,89.9,0.07,57.5,0.3,5.0,0.31,5.0,0.19,0.19,43.852294,1776226536000
1776226537.987,37.987,0.7,5.0,0.69,5.0,0.89,89.9,0.93,57.5,0.11,89.9,0.07,57.5,0.3,5.0,0.31,5.0,0.19,0.19,43.852223,1776226537000
1776226539.032,39.032,0.7,5.0,0.69,5.0,0.89,89.9,0.93,57.5,0.11,89.9,0.07,57.5,0.3,5.0,0.31,5.0,0.19,0.19,43.845344,1776226538000
1776226539.257,39.257,0.51,40.0,0.5,20.0,0.66,4.69,0.72,5.0,0.11,89.9,0.07,57.5,0.3,5.0,0.31,5.0,0.15,0.19,43.845344,1776226538000
1776226540.371,40.371,0.51,40.0,0.5,20.0,0.66,4.69,0.72,5.0,0.34,4.69,0.28,5.0,0.49,40.0,0.5,20.0,0.15,0.15,43.844682,1776226539000
1776226540.907,40.907,0.51,40.0,0.5,20.0,0.66,4.69,0.72,5.0,0.34,4.69,0.28,5.0,0.49,40.0,0.5,20.0,0.15,0.15,43.844032,1776226540000
1776226542.208,42.208,0.51,40.0,0.5,20.0,0.66,4.69,0.72,5.0,0.34,4.69,0.28,5.0,0.49,40.0,0.5,20.0,0.15,0.15,43.842057,1776226541000
1776226543.365,43.365,0.51,40.0,0.5,20.0,0.66,4.69,0.72,5.0,0.34,4.69,0.28,5.0,0.49,40.0,0.5,20.0,0.15,0.15,43.842103,1776226542000
1776226543.985,43.985,0.51,40.0,0.5,20.0,0.66,4.69,0.72,5.0,0.34,4.69,0.28,5.0,0.49,40.0,0.5,20.0,0.15,0.15,43.842028,1776226543000
1776226545.166,45.166,0.51,40.0,0.5,20.0,0.66,4.69,0.72,5.0,0.34,4.69,0.28,5.0,0.49,40.0,0.5,20.0,0.15,0.15,43.84189,1776226544000
1776226546.445,46.445,0.51,40.0,0.5,20.0,0.66,4.69,0.72,5.0,0.34,4.69,0.28,5.0,0.49,40.0,0.5,20.0,0.15,0.15,43.842183,1776226545000
1776226546.913,46.913,0.51,40.0,0.5,20.0,0.66,4.69,0.72,5.0,0.34,4.69,0.28,5.0,0.49,40.0,0.5,20.0,0.15,0.15,43.841742,1776226546000
1776226548.103,48.103,0.51,40.0,0.5,20.0,0.66,4.69,0.72,5.0,0.34,4.69,0.28,5.0,0.49,40.0,0.5,20.0,0.15,0.15,43.84188,1776226547000
1776226549.211,49.211,0.51,40.0,0.5,20.0,0.66,4.69,0.72,5.0,0.34,4.69,0.28,5.0,0.49,40.0,0.5,20.0,0.15,0.15,43.84147,1776226548000
1776226550.759,50.759,0.51,40.0,0.5,20.0,0.66,4.69,0.72,5.0,0.34,4.69,0.28,5.0,0.49,40.0,0.5,20.0,0.15,0.15,43.841076,1776226549000
1776226551.684,51.684,0.51,40.0,0.5,20.0,0.66,4.69,0.72,5.0,0.34,4.69,0.28,5.0,0.49,40.0,0.5,20.0,0.15,0.15,43.841076,1776226550000
1776226552.373,52.373,0.51,40.0,0.5,20.0,0.66,4.69,0.72,5.0,0.34,4.69,0.28,5.0,0.49,40.0,0.5,20.0,0.15,0.15,43.841105,1776226551000
1776226553.893,53.893,0.51,40.0,0.5,20.0,0.66,4.69,0.72,5.0,0.34,4.69,0.28,5.0,0.49,40.0,0.5,20.0,0.15,0.15,43.841265,1776226552000
1776226554.709,54.709,0.51,40.0,0.5,20.0,0.66,4.69,0.72,5.0,0.34,4.69,0.28,5.0,0.49,40.0,0.5,20.0,0.15,0.15,43.841265,1776226553000
1776226555.332,55.332,0.51,40.0,0.5,20.0,0.66,4.69,0.72,5.0,0.34,4.69,0.28,5.0,0.49,40.0,0.5,20.0,0.15,0.15,43.841986,1776226554000
1776226556.682,56.682,0.51,40.0,0.5,20.0,0.66,4.69,0.72,5.0,0.34,4.69,0.28,5.0,0.49,40.0,0.5,20.0,0.15,0.15,43.842482,1776226555000
1776226557.304,57.304,0.51,40.0,0.5,20.0,0.66,4.69,0.72,5.0,0.34,4.69,0.28,5.0,0.49,40.0,0.5,20.0,0.15,0.15,43.842482,1776226556000
1776226558.001,58.001,0.51,40.0,0.5,20.0,0.66,4.69,0.72,5.0,0.34,4.69,0.28,5.0,0.49,40.0,0.5,20.0,0.15,0.15,43.842482,1776226557000
1776226559.254,59.254,0.51,40.0,0.5,20.0,0.66,4.69,0.72,5.0,0.34,4.69,0.28,5.0,0.49,40.0,0.5,20.0,0.15,0.15,43.842715,1776226558000
1776226559.794,59.794,0.63,52.0,0.51,40.0,0.8,6.28,0.88,15.0,0.34,4.69,0.28,5.0,0.49,40.0,0.5,20.0,0.17,0.15,43.842715,1776226558000
1776226560.19,60.19,0.75,39.0,0.74,5.0,0.8,6.28,0.88,5.0,0.2,6.28,0.12,15.0,0.37,52.0,0.49,40.0,0.05,0.17,43.842715,1776226558000
1776226560.408,60.408,0.75,39.0,0.74,5.0,0.8,2.56,0.87,15.0,0.2,6.28,0.12,5.0,0.25,39.0,0.26,5.0,0.05,0.05,43.842715,1776226558000
1776226561.248,61.248,0.75,39.0,0.74,5.0,0.8,2.56,0.87,5.0,0.2,2.56,0.13,5.0,0.25,39.0,0.26,5.0,0.05,0.05,43.843806,1776226560000
1776226562.682,62.682,0.75,12.88,0.74,5.0,0.8,2.56,0.86,15.0,0.2,2.56,0.14,15.0,0.25,12.88,0.26,5.0,0.05,0.05,43.902819,1776226561000
1776226563.453,63.453,0.75,12.88,0.74,5.0,0.8,2.56,0.86,15.0,0.2,2.56,0.14,15.0,0.25,12.88,0.26,5.0,0.05,0.05,43.914586,1776226562000
1776226564.096,64.096,0.75,12.88,0.74,5.0,0.8,2.56,0.86,15.0,0.2,2.56,0.14,15.0,0.25,12.88,0.26,5.0,0.05,0.05,43.917765,1776226563000
1776226565.446,65.446,0.75,12.88,0.74,5.0,0.8,2.56,0.86,15.0,0.2,2.56,0.14,15.0,0.25,12.88,0.26,5.0,0.05,0.05,43.921986,1776226564000
1776226566.126,66.126,0.75,12.88,0.74,5.0,0.8,2.56,0.86,15.0,0.2,2.56,0.14,15.0,0.25,12.88,0.26,5.0,0.05,0.05,43.929468,1776226565000
1776226567.504,67.504,0.75,12.88,0.74,5.0,0.8,2.56,0.86,15.0,0.2,2.56,0.14,15.0,0.25,12.88,0.26,5.0,0.05,0.05,43.951339,1776226566000
1776226568.696,68.696,0.75,12.88,0.74,5.0,0.8,2.56,0.86,15.0,0.2,2.56,0.14,15.0,0.25,12.88,0.26,5.0,0.05,0.05,43.951453,1776226567000
1776226569.261,69.261,0.75,12.88,0.74,5.0,0.8,2.56,0.86,15.0,0.2,2.56,0.14,15.0,0.25,12.88,0.26,5.0,0.05,0.05,43.965875,1776226568000
1776226569.935,69.935,0.75,12.88,0.74,5.0,0.8,2.56,0.86,15.0,0.2,2.56,0.14,15.0,0.25,12.88,0.26,5.0,0.05,0.05,43.965875,1776226569000
1776226570.293,70.293,0.86,15.0,0.82,5.0,0.95,10.0,0.96,20.0,0.2,2.56,0.14,15.0,0.25,12.88,0.26,5.0,0.09,0.05,43.965875,1776226569000
1776226570.894,70.894,0.86,15.0,0.82,5.0,0.95,10.0,0.96,20.0,0.05,10.0,0.04,20.0,0.14,15.0,0.18,5.0,0.09,0.09,43.964861,1776226570000
1776226571.886,71.886,0.86,15.0,0.82,5.0,0.95,10.0,0.96,20.0,0.05,10.0,0.04,20.0,0.14,15.0,0.18,5.0,0.09,0.09,43.963407,1776226571000
1776226573.53,73.53,0.86,15.0,0.82,5.0,0.95,10.0,0.96,20.0,0.05,10.0,0.04,20.0,0.14,15.0,0.18,5.0,0.09,0.09,43.960903,1776226572000
1776226574.257,74.257,0.86,15.0,0.82,5.0,0.95,10.0,0.96,20.0,0.05,10.0,0.04,20.0,0.14,15.0,0.18,5.0,0.09,0.09,43.96109,1776226573000
1776226575.317,75.317,0.86,15.0,0.82,5.0,0.95,10.0,0.96,20.0,0.05,10.0,0.04,20.0,0.14,15.0,0.18,5.0,0.09,0.09,43.961033,1776226574000
1776226575.892,75.892,0.86,15.0,0.82,5.0,0.95,10.0,0.96,20.0,0.05,10.0,0.04,20.0,0.14,15.0,0.18,5.0,0.09,0.09,43.960854,1776226575000
1776226576.836,76.836,0.86,15.0,0.82,5.0,0.95,10.0,0.96,20.0,0.05,10.0,0.04,20.0,0.14,15.0,0.18,5.0,0.09,0.09,43.960834,1776226576000
1776226577.972,77.972,0.86,15.0,0.82,5.0,0.95,10.0,0.96,20.0,0.05,10.0,0.04,20.0,0.14,15.0,0.18,5.0,0.09,0.09,43.961144,1776226577000
1776226579.051,79.051,0.86,15.0,0.82,5.0,0.95,10.0,0.96,20.0,0.05,10.0,0.04,20.0,0.14,15.0,0.18,5.0,0.09,0.09,43.961059,1776226578000
1776226580.26,80.26,0.86,15.0,0.82,5.0,0.95,10.0,0.96,20.0,0.05,10.0,0.04,20.0,0.14,15.0,0.18,5.0,0.09,0.09,43.961349,1776226579000
1776226581.239,81.239,0.86,15.0,0.82,5.0,0.95,10.0,0.96,20.0,0.05,10.0,0.04,20.0,0.14,15.0,0.18,5.0,0.09,0.09,43.961036,1776226580000
1776226582.319,82.319,0.86,15.0,0.82,5.0,0.95,10.0,0.96,20.0,0.05,10.0,0.04,20.0,0.14,15.0,0.18,5.0,0.09,0.09,43.961036,1776226581000
1776226583.434,83.434,0.86,15.0,0.82,5.0,0.95,10.0,0.96,20.0,0.05,10.0,0.04,20.0,0.14,15.0,0.18,5.0,0.09,0.09,43.961167,1776226582000
1776226584.037,84.037,0.86,15.0,0.82,5.0,0.95,10.0,0.96,20.0,0.05,10.0,0.04,20.0,0.14,15.0,0.18,5.0,0.09,0.09,43.96111,1776226583000
1776226585.011,85.011,0.86,15.0,0.82,5.0,0.95,10.0,0.96,20.0,0.05,10.0,0.04,20.0,0.14,15.0,0.18,5.0,0.09,0.09,43.961242,1776226584000
1776226586.405,86.405,0.91,3.88,0.9,15.0,0.96,20.0,0.97,15.0,0.05,10.0,0.04,20.0,0.14,15.0,0.18,5.0,0.05,0.09,43.961242,1776226584000
1776226586.697,86.697,0.91,3.88,0.9,15.0,0.96,20.0,0.97,15.0,0.04,20.0,0.03,15.0,0.09,3.88,0.1,15.0,0.05,0.05,43.961162,1776226585000
1776226587.275,87.275,0.91,3.88,0.9,15.0,0.96,20.0,0.97,15.0,0.04,20.0,0.03,15.0,0.09,3.88,0.1,15.0,0.05,0.05,43.96144,1776226586000
1776226588.47,88.47,0.91,3.88,0.9,15.0,0.96,20.0,0.97,15.0,0.04,20.0,0.03,15.0,0.09,3.88,0.1,15.0,0.05,0.05,43.961384,1776226587000
1776226589.018,89.018,0.91,3.88,0.9,15.0,0.96,20.0,0.97,15.0,0.04,20.0,0.03,15.0,0.09,3.88,0.1,15.0,0.05,0.05,43.961384,1776226588000
1776226590.714,90.714,0.91,3.88,0.9,15.0,0.96,20.0,0.97,15.0,0.04,20.0,0.03,15.0,0.09,3.88,0.1,15.0,0.05,0.05,43.960909,1776226589000
1776226591.26,91.26,0.92,15.0,0.91,3.88,0.96,18.86,0.97,15.0,0.04,18.86,0.03,15.0,0.08,15.0,0.09,3.88,0.04,0.04,43.960909,1776226590000
1776226592.358,92.358,0.92,15.0,0.91,3.88,0.96,18.86,0.97,15.0,0.04,18.86,0.03,15.0,0.08,15.0,0.09,3.88,0.04,0.04,43.960957,1776226591000
1776226593.024,93.024,0.92,15.0,0.91,3.88,0.96,18.86,0.97,15.0,0.04,18.86,0.03,15.0,0.08,15.0,0.09,3.88,0.04,0.04,43.960957,1776226592000
1776226594.174,94.174,0.92,15.0,0.91,3.88,0.96,18.86,0.97,15.0,0.04,18.86,0.03,15.0,0.08,15.0,0.09,3.88,0.04,0.04,43.961079,1776226593000
1776226595.355,95.355,0.92,15.0,0.91,3.88,0.96,18.86,0.97,15.0,0.04,18.86,0.03,15.0,0.08,15.0,0.09,3.88,0.04,0.04,43.961051,1776226594000
1776226595.975,95.975,0.92,15.0,0.91,3.88,0.96,18.86,0.97,15.0,0.04,18.86,0.03,15.0,0.08,15.0,0.09,3.88,0.04,0.04,43.960994,1776226595000
1776226597.111,97.111,0.92,15.0,0.91,3.88,0.96,18.86,0.97,15.0,0.04,18.86,0.03,15.0,0.08,15.0,0.09,3.88,0.04,0.04,43.955663,1776226596000
1776226598.369,98.369,0.92,15.0,0.91,3.88,0.96,18.86,0.97,15.0,0.04,18.86,0.03,15.0,0.08,15.0,0.09,3.88,0.04,0.04,43.946081,1776226597000
1776226599.397,99.397,0.92,15.0,0.91,3.88,0.96,18.86,0.97,15.0,0.04,18.86,0.03,15.0,0.08,15.0,0.09,3.88,0.04,0.04,43.944508,1776226598000
1776226599.876,99.876,0.92,15.0,0.91,3.88,0.96,18.86,0.97,15.0,0.04,18.86,0.03,15.0,0.08,15.0,0.09,3.88,0.04,0.04,43.943614,1776226599000
1776226600.915,100.915,0.92,15.0,0.91,3.88,0.96,18.86,0.97,15.0,0.04,18.86,0.03,15.0,0.08,15.0,0.09,3.88,0.04,0.04,43.943334,1776226600000
1776226601.5,101.5,0.87,15.0,0.86,15.0,0.93,13.92,0.94,15.0,0.04,18.86,0.03,15.0,0.08,15.0,0.09,3.88,0.06,0.04,43.943334,1776226600000
1776226601.832,101.832,0.87,15.0,0.86,15.0,0.93,13.92,0.94,15.0,0.07,13.92,0.06,15.0,0.13,15.0,0.14,15.0,0.06,0.06,43.943745,1776226601000
1776226602.885,102.885,0.87,15.0,0.86,15.0,0.93,13.92,0.94,15.0,0.07,13.92,0.06,15.0,0.13,15.0,0.14,15.0,0.06,0.06,43.937626,1776226602000
1776226603.807,103.807,0.87,15.0,0.86,15.0,0.93,13.92,0.94,15.0,0.07,13.92,0.06,15.0,0.13,15.0,0.14,15.0,0.06,0.06,43.936288,1776226603000
1776226604.931,104.931,0.87,15.0,0.86,15.0,0.93,13.92,0.94,15.0,0.07,13.92,0.06,15.0,0.13,15.0,0.14,15.0,0.06,0.06,43.934865,1776226604000
1776226605.848,105.848,0.87,15.0,0.86,15.0,0.93,13.92,0.94,15.0,0.07,13.92,0.06,15.0,0.13,15.0,0.14,15.0,0.06,0.06,43.934491,1776226605000
1776226606.866,106.866,0.87,15.0,0.86,15.0,0.93,13.92,0.94,15.0,0.07,13.92,0.06,15.0,0.13,15.0,0.14,15.0,0.06,0.06,43.93454,1776226606000
1776226607.871,107.871,0.87,15.0,0.86,15.0,0.93,13.92,0.94,15.0,0.07,13.92,0.06,15.0,0.13,15.0,0.14,15.0,0.06,0.06,43.934457,1776226607000
1776226608.887,108.887,0.87,15.0,0.86,15.0,0.93,13.92,0.94,15.0,0.07,13.92,0.06,15.0,0.13,15.0,0.14,15.0,0.06,0.06,43.934371,1776226608000
1776226609.964,109.964,0.87,15.0,0.86,15.0,0.93,13.92,0.94,15.0,0.07,13.92,0.06,15.0,0.13,15.0,0.14,15.0,0.06,0.06,43.932602,1776226609000
1776226610.966,110.966,0.87,15.0,0.86,15.0,0.93,13.92,0.94,15.0,0.07,13.92,0.06,15.0,0.13,15.0,0.14,15.0,0.06,0.06,43.931003,1776226610000
1776226612.614,112.614,0.87,15.0,0.86,15.0,0.93,13.92,0.94,15.0,0.07,13.92,0.06,15.0,0.13,15.0,0.14,15.0,0.06,0.06,43.93076,1776226611000
1776226613.278,113.278,0.87,15.0,0.86,15.0,0.93,13.92,0.94,15.0,0.07,13.92,0.06,15.0,0.13,15.0,0.14,15.0,0.06,0.06,43.930787,1776226612000
1776226614.948,114.948,0.87,15.0,0.86,15.0,0.93,13.92,0.94,15.0,0.07,13.92,0.06,15.0,0.13,15.0,0.14,15.0,0.06,0.06,43.930836,1776226613000
1776226615.629,115.629,0.87,15.0,0.86,15.0,0.93,13.92,0.94,15.0,0.07,13.92,0.06,15.0,0.13,15.0,0.14,15.0,0.06,0.06,43.930455,1776226614000
1776226616.223,116.223,0.87,15.0,0.86,15.0,0.93,13.92,0.94,15.0,0.07,13.92,0.06,15.0,0.13,15.0,0.14,15.0,0.06,0.06,43.930002,1776226615000
1776226617.41,117.41,0.87,15.0,0.86,15.0,0.93,13.92,0.94,15.0,0.07,13.92,0.06,15.0,0.13,15.0,0.14,15.0,0.06,0.06,43.924175,1776226616000
1776226618.14,118.14,0.87,15.0,0.86,15.0,0.93,13.92,0.94,15.0,0.07,13.92,0.06,15.0,0.13,15.0,0.14,15.0,0.06,0.06,43.922717,1776226617000
1776226619.25,119.25,0.87,15.0,0.86,15.0,0.93,13.92,0.94,15.0,0.07,13.92,0.06,15.0,0.13,15.0,0.14,15.0,0.06,0.06,43.92016,1776226618000
1776226620.348,120.348,0.87,15.0,0.86,15.0,0.93,13.92,0.94,15.0,0.07,13.92,0.06,15.0,0.13,15.0,0.14,15.0,0.06,0.06,43.91829,1776226619000
1776226621.267,121.267,0.87,15.0,0.86,15.0,0.93,13.92,0.94,15.0,0.07,13.92,0.06,15.0,0.13,15.0,0.14,15.0,0.06,0.06,43.913977,1776226620000
1776226622.283,122.283,0.87,15.0,0.86,15.0,0.93,13.92,0.94,15.0,0.07,13.92,0.06,15.0,0.13,15.0,0.14,15.0,0.06,0.06,43.913977,1776226621000
1776226623.294,123.294,0.87,15.0,0.86,15.0,0.93,13.92,0.94,15.0,0.07,13.92,0.06,15.0,0.13,15.0,0.14,15.0,0.06,0.06,43.912374,1776226622000
1776226624.154,124.154,0.87,15.0,0.86,15.0,0.93,13.92,0.94,15.0,0.07,13.92,0.06,15.0,0.13,15.0,0.14,15.0,0.06,0.06,43.91192,1776226623000
1776226625.276,125.276,0.87,15.0,0.86,15.0,0.93,13.92,0.94,15.0,0.07,13.92,0.06,15.0,0.13,15.0,0.14,15.0,0.06,0.06,43.911862,1776226624000
1776226626.102,126.102,0.87,15.0,0.86,15.0,0.93,13.92,0.94,15.0,0.07,13.92,0.06,15.0,0.13,15.0,0.14,15.0,0.06,0.06,43.911211,1776226625000
1776226627.666,127.666,0.87,15.0,0.86,15.0,0.93,13.92,0.94,15.0,0.07,13.92,0.06,15.0,0.13,15.0,0.14,15.0,0.06,0.06,43.911059,1776226626000
1776226628.529,128.529,0.87,15.0,0.86,15.0,0.93,13.92,0.94,15.0,0.07,13.92,0.06,15.0,0.13,15.0,0.14,15.0,0.06,0.06,43.911017,1776226627000
1776226629.444,129.444,0.87,15.0,0.86,15.0,0.93,13.92,0.94,15.0,0.07,13.92,0.06,15.0,0.13,15.0,0.14,15.0,0.06,0.06,43.911017,1776226628000
1776226630.468,130.468,0.87,15.0,0.86,15.0,0.93,13.92,0.94,15.0,0.07,13.92,0.06,15.0,0.13,15.0,0.14,15.0,0.06,0.06,43.911569,1776226629000
1776226630.996,130.996,0.87,15.0,0.86,15.0,0.93,13.92,0.94,15.0,0.07,13.92,0.06,15.0,0.13,15.0,0.14,15.0,0.06,0.06,43.913724,1776226630000
1776226632.109,132.109,0.87,15.0,0.86,15.0,0.93,13.92,0.94,15.0,0.07,13.92,0.06,15.0,0.13,15.0,0.14,15.0,0.06,0.06,43.913677,1776226631000
1776226633.117,133.117,0.87,15.0,0.86,15.0,0.93,13.92,0.94,15.0,0.07,13.92,0.06,15.0,0.13,15.0,0.14,15.0,0.06,0.06,43.913662,1776226632000
1776226634.111,134.111,0.87,15.0,0.86,15.0,0.93,13.92,0.94,15.0,0.07,13.92,0.06,15.0,0.13,15.0,0.14,15.0,0.06,0.06,43.918269,1776226633000
1776226635.18,135.18,0.87,15.0,0.86,15.0,0.93,13.92,0.94,15.0,0.07,13.92,0.06,15.0,0.13,15.0,0.14,15.0,0.06,0.06,43.920754,1776226634000
1776226636.129,136.129,0.87,15.0,0.86,15.0,0.93,13.92,0.94,15.0,0.07,13.92,0.06,15.0,0.13,15.0,0.14,15.0,0.06,0.06,43.920364,1776226635000
1776226637.116,137.116,0.87,15.0,0.86,15.0,0.93,13.92,0.94,15.0,0.07,13.92,0.06,15.0,0.13,15.0,0.14,15.0,0.06,0.06,43.919808,1776226636000
1776226638.199,138.199,0.87,15.0,0.86,15.0,0.93,13.92,0.94,15.0,0.07,13.92,0.06,15.0,0.13,15.0,0.14,15.0,0.06,0.06,43.919732,1776226637000
1776226639.233,139.233,0.87,15.0,0.86,15.0,0.93,13.92,0.94,15.0,0.07,13.92,0.06,15.0,0.13,15.0,0.14,15.0,0.06,0.06,43.918672,1776226638000
1776226640.329,140.329,0.87,15.0,0.86,15.0,0.93,13.92,0.94,15.0,0.07,13.92,0.06,15.0,0.13,15.0,0.14,15.0,0.06,0.06,43.91124,1776226639000
1776226641.267,141.267,0.87,15.0,0.86,15.0,0.93,13.92,0.94,15.0,0.07,13.92,0.06,15.0,0.13,15.0,0.14,15.0,0.06,0.06,43.90502,1776226640000
1776226642.262,142.262,0.87,15.0,0.86,15.0,0.93,13.92,0.94,15.0,0.07,13.92,0.06,15.0,0.13,15.0,0.14,15.0,0.06,0.06,43.904868,1776226641000
1776226643.949,143.949,0.87,15.0,0.86,15.0,0.93,13.92,0.94,15.0,0.07,13.92,0.06,15.0,0.13,15.0,0.14,15.0,0.06,0.06,43.917721,1776226642000
1776226644.704,144.704,0.87,15.0,0.86,15.0,0.93,13.92,0.94,15.0,0.07,13.92,0.06,15.0,0.13,15.0,0.14,15.0,0.06,0.06,43.920136,1776226643000
1776226645.292,145.292,0.87,15.0,0.86,15.0,0.93,13.92,0.94,15.0,0.07,13.92,0.06,15.0,0.13,15.0,0.14,15.0,0.06,0.06,43.921587,1776226644000
1776226645.851,145.851,0.87,15.0,0.86,15.0,0.93,13.92,0.94,15.0,0.07,13.92,0.06,15.0,0.13,15.0,0.14,15.0,0.06,0.06,43.921587,1776226645000
1776226647.378,147.378,0.87,15.0,0.86,15.0,0.93,13.92,0.94,15.0,0.07,13.92,0.06,15.0,0.13,15.0,0.14,15.0,0.06,0.06,43.921263,1776226646000
1776226648.008,148.008,0.87,15.0,0.86,15.0,0.93,13.92,0.94,15.0,0.07,13.92,0.06,15.0,0.13,15.0,0.14,15.0,0.06,0.06,43.921263,1776226647000
1776226649.394,149.394,0.87,15.0,0.86,15.0,0.93,13.92,0.94,15.0,0.07,13.92,0.06,15.0,0.13,15.0,0.14,15.0,0.06,0.06,43.921082,1776226648000
1776226650.958,150.958,0.87,15.0,0.86,15.0,0.93,13.92,0.94,15.0,0.07,13.92,0.06,15.0,0.13,15.0,0.14,15.0,0.06,0.06,43.921182,1776226649000
1776226651.636,151.636,0.87,15.0,0.86,15.0,0.93,13.92,0.94,15.0,0.07,13.92,0.06,15.0,0.13,15.0,0.14,15.0,0.06,0.06,43.921594,1776226650000
1776226652.378,152.378,0.87,15.0,0.86,15.0,0.93,13.92,0.94,15.0,0.07,13.92,0.06,15.0,0.13,15.0,0.14,15.0,0.06,0.06,43.921417,1776226651000
1776226653.038,153.038,0.87,15.0,0.86,15.0,0.93,13.92,0.94,15.0,0.07,13.92,0.06,15.0,0.13,15.0,0.14,15.0,0.06,0.06,43.921417,1776226652000
1776226653.938,153.938,0.91,15.0,0.9,15.0,0.95,9.73,0.96,18.86,0.07,13.92,0.06,15.0,0.13,15.0,0.14,15.0,0.04,0.06,43.921417,1776226652000
1776226654.396,154.396,0.91,15.0,0.9,15.0,0.95,9.73,0.96,18.86,0.05,9.73,0.04,18.86,0.09,15.0,0.1,15.0,0.04,0.04,43.921562,1776226653000
1776226654.923,154.923,0.91,15.0,0.9,15.0,0.95,9.73,0.96,18.86,0.05,9.73,0.04,18.86,0.09,15.0,0.1,15.0,0.04,0.04,43.921562,1776226654000
1776226656.346,156.346,0.91,15.0,0.9,15.0,0.95,9.73,0.96,18.86,0.05,9.73,0.04,18.86,0.09,15.0,0.1,15.0,0.04,0.04,43.92175,1776226655000
1776226657.062,157.062,0.91,15.0,0.9,15.0,0.95,9.73,0.96,18.86,0.05,9.73,0.04,18.86,0.09,15.0,0.1,15.0,0.04,0.04,43.921743,1776226656000
1776226658.517,158.517,0.91,15.0,0.9,15.0,0.95,9.73,0.96,18.86,0.05,9.73,0.04,18.86,0.09,15.0,0.1,15.0,0.04,0.04,43.911959,1776226657000
1776226659.214,159.214,0.91,15.0,0.9,15.0,0.95,9.73,0.96,18.86,0.05,9.73,0.04,18.86,0.09,15.0,0.1,15.0,0.04,0.04,43.908875,1776226658000
1776226660.565,160.565,0.91,15.0,0.9,15.0,0.95,9.73,0.96,18.86,0.05,9.73,0.04,18.86,0.09,15.0,0.1,15.0,0.04,0.04,43.906619,1776226659000
1776226661.765,161.765,0.91,15.0,0.9,15.0,0.95,9.73,0.96,18.86,0.05,9.73,0.04,18.86,0.09,15.0,0.1,15.0,0.04,0.04,43.906534,1776226660000
1776226662.201,162.201,0.91,15.0,0.9,15.0,0.95,9.73,0.96,18.86,0.05,9.73,0.04,18.86,0.09,15.0,0.1,15.0,0.04,0.04,43.906534,1776226661000
1776226663.276,163.276,0.91,15.0,0.9,15.0,0.95,9.73,0.96,18.86,0.05,9.73,0.04,18.86,0.09,15.0,0.1,15.0,0.04,0.04,43.904882,1776226662000
1776226664.29,164.29,0.91,15.0,0.9,15.0,0.95,9.73,0.96,18.86,0.05,9.73,0.04,18.86,0.09,15.0,0.1,15.0,0.04,0.04,43.904881,1776226663000
1776226665.275,165.275,0.91,15.0,0.9,15.0,0.95,9.73,0.96,18.86,0.05,9.73,0.04,18.86,0.09,15.0,0.1,15.0,0.04,0.04,43.90472,1776226664000
1776226666.255,166.255,0.91,15.0,0.9,15.0,0.95,9.73,0.96,18.86,0.05,9.73,0.04,18.86,0.09,15.0,0.1,15.0,0.04,0.04,43.90472,1776226665000
1776226667.281,167.281,0.91,15.0,0.9,15.0,0.95,9.73,0.96,18.86,0.05,9.73,0.04,18.86,0.09,15.0,0.1,15.0,0.04,0.04,43.90472,1776226666000
1776226668.183,168.183,0.91,15.0,0.9,15.0,0.95,9.73,0.96,18.86,0.05,9.73,0.04,18.86,0.09,15.0,0.1,15.0,0.04,0.04,43.904306,1776226667000
1776226669.233,169.233,0.91,15.0,0.9,15.0,0.95,9.73,0.96,18.86,0.05,9.73,0.04,18.86,0.09,15.0,0.1,15.0,0.04,0.04,43.8918,1776226668000
1776226670.173,170.173,0.91,15.0,0.9,15.0,0.95,9.73,0.96,18.86,0.05,9.73,0.04,18.86,0.09,15.0,0.1,15.0,0.04,0.04,43.886489,1776226669000
1776226671.189,171.189,0.91,15.0,0.9,15.0,0.95,9.73,0.96,18.86,0.05,9.73,0.04,18.86,0.09,15.0,0.1,15.0,0.04,0.04,43.883747,1776226670000
1776226672.166,172.166,0.91,15.0,0.9,15.0,0.95,9.73,0.96,18.86,0.05,9.73,0.04,18.86,0.09,15.0,0.1,15.0,0.04,0.04,43.882186,1776226671000
1776226673.183,173.183,0.91,15.0,0.9,15.0,0.95,9.73,0.96,18.86,0.05,9.73,0.04,18.86,0.09,15.0,0.1,15.0,0.04,0.04,43.881708,1776226672000
1776226674.906,174.906,0.91,15.0,0.9,15.0,0.95,9.73,0.96,18.86,0.05,9.73,0.04,18.86,0.09,15.0,0.1,15.0,0.04,0.04,43.877731,1776226673000
1776226675.426,175.426,0.91,15.0,0.9,15.0,0.95,9.73,0.96,18.86,0.05,9.73,0.04,18.86,0.09,15.0,0.1,15.0,0.04,0.04,43.877014,1776226674000
1776226675.957,175.957,0.91,15.0,0.9,15.0,0.95,9.73,0.96,18.86,0.05,9.73,0.04,18.86,0.09,15.0,0.1,15.0,0.04,0.04,43.876642,1776226675000
1776226676.99,176.99,0.91,15.0,0.9,15.0,0.95,9.73,0.96,18.86,0.05,9.73,0.04,18.86,0.09,15.0,0.1,15.0,0.04,0.04,43.876859,1776226676000
1776226678.0,178.0,0.91,15.0,0.9,15.0,0.95,9.73,0.96,18.86,0.05,9.73,0.04,18.86,0.09,15.0,0.1,15.0,0.04,0.04,43.876643,1776226677000
1776226679.124,179.124,0.91,15.0,0.9,15.0,0.95,9.73,0.96,18.86,0.05,9.73,0.04,18.86,0.09,15.0,0.1,15.0,0.04,0.04,43.876572,1776226678000
1776226680.077,180.077,0.91,15.0,0.9,15.0,0.95,9.73,0.96,18.86,0.05,9.73,0.04,18.86,0.09,15.0,0.1,15.0,0.04,0.04,43.876664,1776226679000
1776226681.178,181.178,0.91,15.0,0.9,15.0,0.95,9.73,0.96,18.86,0.05,9.73,0.04,18.86,0.09,15.0,0.1,15.0,0.04,0.04,43.876664,1776226680000
1776226682.245,182.245,0.91,15.0,0.9,15.0,0.95,9.73,0.96,18.86,0.05,9.73,0.04,18.86,0.09,15.0,0.1,15.0,0.04,0.04,43.877172,1776226681000
1776226683.257,183.257,0.91,15.0,0.9,15.0,0.95,9.73,0.96,18.86,0.05,9.73,0.04,18.86,0.09,15.0,0.1,15.0,0.04,0.04,43.877172,1776226682000
1776226684.225,184.225,0.91,15.0,0.9,15.0,0.95,9.73,0.96,18.86,0.05,9.73,0.04,18.86,0.09,15.0,0.1,15.0,0.04,0.04,43.876909,1776226683000
1776226685.286,185.286,0.91,15.0,0.9,15.0,0.95,9.73,0.96,18.86,0.05,9.73,0.04,18.86,0.09,15.0,0.1,15.0,0.04,0.04,43.876689,1776226684000
1776226686.305,186.305,0.91,15.0,0.9,15.0,0.95,9.73,0.96,18.86,0.05,9.73,0.04,18.86,0.09,15.0,0.1,15.0,0.04,0.04,43.876774,1776226685000
1776226686.847,186.847,0.91,15.0,0.9,15.0,0.95,9.73,0.96,18.86,0.05,9.73,0.04,18.86,0.09,15.0,0.1,15.0,0.04,0.04,43.876774,1776226686000
1776226689.427,189.427,0.91,15.0,0.9,15.0,0.95,9.73,0.96,18.86,0.05,9.73,0.04,18.86,0.09,15.0,0.1,15.0,0.04,0.04,43.876696,1776226687000
1776226690.191,190.191,0.91,15.0,0.9,15.0,0.95,9.73,0.96,18.86,0.05,9.73,0.04,18.86,0.09,15.0,0.1,15.0,0.04,0.04,43.876814,1776226688000
1776226690.921,190.921,0.91,15.0,0.9,15.0,0.95,9.73,0.96,18.86,0.05,9.73,0.04,18.86,0.09,15.0,0.1,15.0,0.04,0.04,43.876814,1776226689000
1776226691.675,191.675,0.91,15.0,0.9,15.0,0.95,9.73,0.96,18.86,0.05,9.73,0.04,18.86,0.09,15.0,0.1,15.0,0.04,0.04,43.876814,1776226690000
1776226692.495,192.495,0.91,15.0,0.9,15.0,0.95,9.73,0.96,18.86,0.05,9.73,0.04,18.86,0.09,15.0,0.1,15.0,0.04,0.04,43.876724,1776226691000
1776226693.038,193.038,0.91,15.0,0.9,15.0,0.95,9.73,0.96,18.86,0.05,9.73,0.04,18.86,0.09,15.0,0.1,15.0,0.04,0.04,43.876668,1776226692000
1776226694.33,194.33,0.91,15.0,0.9,15.0,0.95,9.73,0.96,18.86,0.05,9.73,0.04,18.86,0.09,15.0,0.1,15.0,0.04,0.04,43.875617,1776226693000
1776226695.081,195.081,0.65,4.85,0.59,15.0,0.82,10.0,0.84,15.0,0.05,9.73,0.04,18.86,0.09,15.0,0.1,15.0,0.17,0.04,43.875617,1776226693000
1776226695.558,195.558,0.65,4.85,0.59,15.0,0.82,10.0,0.84,15.0,0.18,10.0,0.16,15.0,0.35,4.85,0.41,15.0,0.17,0.17,43.867243,1776226694000
1776226696.063,196.063,0.65,4.85,0.59,15.0,0.82,10.0,0.84,15.0,0.18,10.0,0.16,15.0,0.35,4.85,0.41,15.0,0.17,0.17,43.857244,1776226695000
1776226697.265,197.265,0.65,4.85,0.59,15.0,0.82,10.0,0.84,15.0,0.18,10.0,0.16,15.0,0.35,4.85,0.41,15.0,0.17,0.17,43.850654,1776226696000
1776226698.487,198.487,0.65,4.85,0.59,15.0,0.82,10.0,0.84,15.0,0.18,10.0,0.16,15.0,0.35,4.85,0.41,15.0,0.17,0.17,43.845893,1776226697000
1776226699.163,199.163,0.65,4.85,0.59,15.0,0.82,10.0,0.84,15.0,0.18,10.0,0.16,15.0,0.35,4.85,0.41,15.0,0.17,0.17,43.846736,1776226698000
1776226700.277,200.277,0.65,4.85,0.59,15.0,0.82,10.0,0.84,15.0,0.18,10.0,0.16,15.0,0.35,4.85,0.41,15.0,0.17,0.17,43.848421,1776226699000
1776226701.437,201.437,0.63,6.64,0.6,15.0,0.79,11.96,0.8,25.0,0.21,11.96,0.2,25.0,0.37,6.64,0.4,15.0,0.16,0.16,43.847988,1776226700000
1776226702.073,202.073,0.63,6.64,0.6,15.0,0.79,11.96,0.8,25.0,0.21,11.96,0.2,25.0,0.37,6.64,0.4,15.0,0.16,0.16,43.847553,1776226701000
1776226703.219,203.219,0.63,6.64,0.6,15.0,0.79,11.96,0.8,25.0,0.21,11.96,0.2,25.0,0.37,6.64,0.4,15.0,0.16,0.16,43.847579,1776226702000
1776226704.618,204.618,0.63,6.64,0.6,15.0,0.79,11.96,0.8,25.0,0.21,11.96,0.2,25.0,0.37,6.64,0.4,15.0,0.16,0.16,43.847578,1776226703000
1776226705.63,205.63,0.63,6.64,0.6,15.0,0.79,11.96,0.8,25.0,0.21,11.96,0.2,25.0,0.37,6.64,0.4,15.0,0.16,0.16,43.858684,1776226704000
1776226706.309,206.309,0.78,16.0,0.67,15.0,0.81,8.36,0.93,15.0,0.19,8.36,0.07,15.0,0.22,16.0,0.33,15.0,0.03,0.03,43.864959,1776226705000
1776226707.416,207.416,0.78,16.0,0.67,15.0,0.81,8.36,0.93,15.0,0.19,8.36,0.07,15.0,0.22,16.0,0.33,15.0,0.03,0.03,43.890984,1776226706000
1776226707.635,207.635,0.78,16.0,0.71,15.0,0.94,15.0,0.95,9.73,0.19,8.36,0.07,15.0,0.22,16.0,0.33,15.0,0.16,0.03,43.890984,1776226706000
1776226707.942,207.942,0.78,16.0,0.71,15.0,0.94,15.0,0.95,9.73,0.06,15.0,0.05,9.73,0.22,16.0,0.29,15.0,0.16,0.16,43.895903,1776226707000
1776226709.012,209.012,0.78,16.0,0.71,15.0,0.94,15.0,0.95,9.73,0.06,15.0,0.05,9.73,0.22,16.0,0.29,15.0,0.16,0.16,43.897168,1776226708000
1776226710.055,210.055,0.78,16.0,0.71,15.0,0.94,15.0,0.95,9.73,0.06,15.0,0.05,9.73,0.22,16.0,0.29,15.0,0.16,0.16,43.898561,1776226709000
1776226711.084,211.084,0.78,16.0,0.71,15.0,0.94,15.0,0.95,9.73,0.06,15.0,0.05,9.73,0.22,16.0,0.29,15.0,0.16,0.16,43.898203,1776226710000
1776226712.63,212.63,0.78,16.0,0.71,15.0,0.94,15.0,0.95,9.73,0.06,15.0,0.05,9.73,0.22,16.0,0.29,15.0,0.16,0.16,43.902692,1776226711000
1776226713.163,213.163,0.78,16.0,0.71,15.0,0.94,15.0,0.95,9.73,0.06,15.0,0.05,9.73,0.22,16.0,0.29,15.0,0.16,0.16,43.902502,1776226712000
1776226714.276,214.276,0.78,16.0,0.71,15.0,0.94,15.0,0.95,9.73,0.06,15.0,0.05,9.73,0.22,16.0,0.29,15.0,0.16,0.16,43.902823,1776226713000
1776226715.353,215.353,0.78,16.0,0.71,15.0,0.94,15.0,0.95,9.73,0.06,15.0,0.05,9.73,0.22,16.0,0.29,15.0,0.16,0.16,43.903269,1776226714000
1776226715.923,215.923,0.78,16.0,0.71,15.0,0.94,15.0,0.95,9.73,0.06,15.0,0.05,9.73,0.22,16.0,0.29,15.0,0.16,0.16,43.903899,1776226715000
1776226717.08,217.08,0.78,16.0,0.71,15.0,0.94,15.0,0.95,9.73,0.06,15.0,0.05,9.73,0.22,16.0,0.29,15.0,0.16,0.16,43.907997,1776226716000
1776226718.105,218.105,0.78,16.0,0.71,15.0,0.94,15.0,0.95,9.73,0.06,15.0,0.05,9.73,0.22,16.0,0.29,15.0,0.16,0.16,43.908,1776226717000
1776226718.576,218.576,0.93,15.0,0.92,15.0,0.96,6.86,0.97,15.0,0.06,15.0,0.05,9.73,0.22,16.0,0.29,15.0,0.03,0.16,43.908,1776226717000
1776226719.547,219.547,0.93,15.0,0.92,15.0,0.96,6.86,0.97,15.0,0.04,6.86,0.03,15.0,0.07,15.0,0.08,15.0,0.03,0.03,43.909946,1776226718000
1776226720.747,220.747,0.93,15.0,0.92,15.0,0.96,6.86,0.97,15.0,0.04,6.86,0.03,15.0,0.07,15.0,0.08,15.0,0.03,0.03,43.910518,1776226719000
1776226721.259,221.259,0.93,15.0,0.92,15.0,0.96,6.86,0.97,15.0,0.04,6.86,0.03,15.0,0.07,15.0,0.08,15.0,0.03,0.03,43.910518,1776226720000
1776226722.288,222.288,0.94,15.0,0.93,15.0,0.97,13.96,0.98,25.0,0.04,6.86,0.03,15.0,0.07,15.0,0.08,15.0,0.03,0.03,43.910518,1776226720000
1776226722.696,222.696,0.94,15.0,0.93,15.0,0.97,13.96,0.98,25.0,0.03,13.96,0.02,25.0,0.06,15.0,0.07,15.0,0.03,0.03,43.910073,1776226721000
1776226723.209,223.209,0.94,15.0,0.93,15.0,0.97,13.96,0.98,25.0,0.03,13.96,0.02,25.0,0.06,15.0,0.07,15.0,0.03,0.03,43.910075,1776226722000
1776226723.94,223.94,0.94,15.0,0.93,15.0,0.97,13.96,0.98,25.0,0.03,13.96,0.02,25.0,0.06,15.0,0.07,15.0,0.03,0.03,43.911653,1776226723000
1776226725.096,225.096,0.94,15.0,0.93,15.0,0.97,13.96,0.98,25.0,0.03,13.96,0.02,25.0,0.06,15.0,0.07,15.0,0.03,0.03,43.91401,1776226724000
1776226726.438,226.438,0.94,15.0,0.93,15.0,0.97,13.96,0.98,25.0,0.03,13.96,0.02,25.0,0.06,15.0,0.07,15.0,0.03,0.03,43.914201,1776226725000
1776226726.897,226.897,0.94,15.0,0.93,15.0,0.97,13.96,0.98,25.0,0.03,13.96,0.02,25.0,0.06,15.0,0.07,15.0,0.03,0.03,43.914256,1776226726000
1776226727.931,227.931,0.94,15.0,0.93,15.0,0.97,13.96,0.98,25.0,0.03,13.96,0.02,25.0,0.06,15.0,0.07,15.0,0.03,0.03,43.914256,1776226727000
1776226729.504,229.504,0.94,15.0,0.93,15.0,0.97,13.96,0.98,25.0,0.03,13.96,0.02,25.0,0.06,15.0,0.07,15.0,0.03,0.03,43.914377,1776226728000
1776226730.214,230.214,0.94,15.0,0.93,15.0,0.97,13.96,0.98,25.0,0.03,13.96,0.02,25.0,0.06,15.0,0.07,15.0,0.03,0.03,43.913665,1776226729000
1776226731.482,231.482,0.94,15.0,0.93,15.0,0.97,13.96,0.98,25.0,0.03,13.96,0.02,25.0,0.06,15.0,0.07,15.0,0.03,0.03,43.914155,1776226730000
1776226732.617,232.617,0.94,15.0,0.93,15.0,0.97,13.96,0.98,25.0,0.03,13.96,0.02,25.0,0.06,15.0,0.07,15.0,0.03,0.03,43.914155,1776226731000
1776226733.471,233.471,0.94,15.0,0.93,15.0,0.97,13.96,0.98,25.0,0.03,13.96,0.02,25.0,0.06,15.0,0.07,15.0,0.03,0.03,43.91398,1776226732000
1776226733.929,233.929,0.96,15.0,0.95,20.0,0.98,14.8,0.99,105.0,0.03,13.96,0.02,25.0,0.06,15.0,0.07,15.0,0.02,0.03,43.91398,1776226732000
1776226734.277,234.277,0.96,15.0,0.95,20.0,0.98,14.8,0.99,105.0,0.02,14.8,0.01,105.0,0.04,15.0,0.05,20.0,0.02,0.02,43.913804,1776226733000
1776226735.546,235.546,0.95,20.0,0.94,15.0,0.98,13.71,0.99,105.0,0.02,13.71,0.01,105.0,0.05,20.0,0.06,15.0,0.03,0.03,43.91404,1776226734000
1776226736.326,236.326,0.95,20.0,0.94,15.0,0.98,13.71,0.99,105.0,0.02,13.71,0.01,105.0,0.05,20.0,0.06,15.0,0.03,0.03,43.913536,1776226735000
1776226736.825,236.825,0.95,20.0,0.94,15.0,0.98,13.71,0.99,105.0,0.02,13.71,0.01,105.0,0.05,20.0,0.06,15.0,0.03,0.03,43.913536,1776226736000
1776226738.431,238.431,0.95,20.0,0.94,15.0,0.98,13.71,0.99,105.0,0.02,13.71,0.01,105.0,0.05,20.0,0.06,15.0,0.03,0.03,43.913717,1776226737000
1776226739.04,239.04,0.95,20.0,0.94,15.0,0.98,13.71,0.99,105.0,0.02,13.71,0.01,105.0,0.05,20.0,0.06,15.0,0.03,0.03,43.913717,1776226738000
1776226739.948,239.948,0.95,20.0,0.94,15.0,0.98,13.71,0.99,105.0,0.02,13.71,0.01,105.0,0.05,20.0,0.06,15.0,0.03,0.03,43.913718,1776226739000
1776226740.856,240.856,0.95,20.0,0.94,15.0,0.98,13.71,0.99,105.0,0.02,13.71,0.01,105.0,0.05,20.0,0.06,15.0,0.03,0.03,43.913678,1776226740000
1776226741.397,241.397,0.97,20.0,0.96,20.0,0.99,85.16,,,0.02,13.71,0.01,105.0,0.05,20.0,0.06,15.0,0.02,0.03,43.913678,1776226740000
1776226741.889,241.889,0.97,20.0,0.96,20.0,0.99,85.16,,,0.01,85.16,,,0.03,20.0,0.04,20.0,0.02,0.02,43.913595,1776226741000
1776226743.29,243.29,0.97,20.0,0.96,20.0,0.99,85.16,,,0.01,85.16,,,0.03,20.0,0.04,20.0,0.02,0.02,43.913266,1776226742000
1776226744.423,244.423,0.97,20.0,0.96,20.0,0.99,85.16,,,0.01,85.16,,,0.03,20.0,0.04,20.0,0.02,0.02,43.913266,1776226743000
1776226745.321,245.321,0.97,20.0,0.96,20.0,0.99,85.16,,,0.01,85.16,,,0.03,20.0,0.04,20.0,0.02,0.02,43.91345,1776226744000
1776226746.318,246.318,0.97,20.0,0.96,20.0,0.99,85.16,,,0.01,85.16,,,0.03,20.0,0.04,20.0,0.02,0.02,43.91345,1776226745000
1776226747.208,247.208,0.97,20.0,0.96,20.0,0.99,85.16,,,0.01,85.16,,,0.03,20.0,0.04,20.0,0.02,0.02,43.913636,1776226746000
1776226748.307,248.307,0.97,20.0,0.96,20.0,0.99,85.16,,,0.01,85.16,,,0.03,20.0,0.04,20.0,0.02,0.02,43.913633,1776226747000
1776226749.199,249.199,0.97,20.0,0.96,20.0,0.99,85.16,,,0.01,85.16,,,0.03,20.0,0.04,20.0,0.02,0.02,43.913648,1776226748000
1776226750.677,250.677,0.97,20.0,0.96,20.0,0.99,85.16,,,0.01,85.16,,,0.03,20.0,0.04,20.0,0.02,0.02,43.91305,1776226749000
1776226751.183,251.183,0.97,20.0,0.96,20.0,0.99,85.16,,,0.01,85.16,,,0.03,20.0,0.04,20.0,0.02,0.02,43.91305,1776226750000
1776226751.799,251.799,0.98,20.0,0.97,20.0,0.99,65.16,,,0.01,85.16,,,0.03,20.0,0.04,20.0,0.01,0.02,43.91305,1776226750000
1776226752.159,252.159,0.98,20.0,0.97,20.0,0.99,65.16,,,0.01,65.16,,,0.02,20.0,0.03,20.0,0.01,0.01,43.913073,1776226751000
1776226753.113,253.113,0.98,20.0,0.97,20.0,0.99,65.16,,,0.01,65.16,,,0.02,20.0,0.03,20.0,0.01,0.01,43.91281,1776226752000
1776226754.086,254.086,0.98,20.0,0.97,20.0,0.99,65.16,,,0.01,65.16,,,0.02,20.0,0.03,20.0,0.01,0.01,43.91281,1776226753000
1776226755.325,255.325,0.98,20.0,0.97,20.0,0.99,65.16,,,0.01,65.16,,,0.02,20.0,0.03,20.0,0.01,0.01,43.913409,1776226754000
1776226756.565,256.565,0.98,20.0,0.97,20.0,0.99,65.16,,,0.01,65.16,,,0.02,20.0,0.03,20.0,0.01,0.01,43.912252,1776226755000
1776226757.006,257.006,0.98,20.0,0.97,20.0,0.99,65.16,,,0.01,65.16,,,0.02,20.0,0.03,20.0,0.01,0.01,43.912252,1776226756000
1776226758.02,258.02,0.98,20.0,0.97,20.0,0.99,65.16,,,0.01,65.16,,,0.02,20.0,0.03,20.0,0.01,0.01,43.904167,1776226757000
1776226759.092,259.092,0.98,20.0,0.97,20.0,0.99,65.16,,,0.01,65.16,,,0.02,20.0,0.03,20.0,0.01,0.01,43.902426,1776226758000
1776226760.153,260.153,0.98,20.0,0.97,20.0,0.99,65.16,,,0.01,65.16,,,0.02,20.0,0.03,20.0,0.01,0.01,43.889292,1776226759000
1776226761.336,261.336,0.98,20.0,0.97,20.0,0.99,65.16,,,0.01,65.16,,,0.02,20.0,0.03,20.0,0.01,0.01,43.891639,1776226760000
1776226762.345,262.345,0.98,20.0,0.97,20.0,0.99,65.16,,,0.01,65.16,,,0.02,20.0,0.03,20.0,0.01,0.01,43.891699,1776226761000
1776226762.705,262.705,0.98,15.0,0.97,20.0,0.99,55.33,,,0.01,65.16,,,0.02,20.0,0.03,20.0,0.01,0.01,43.891699,1776226761000
1776226764.411,264.411,0.98,15.0,0.97,20.0,0.99,55.33,,,0.01,55.33,,,0.02,15.0,0.03,20.0,0.01,0.01,43.893784,1776226763000
1776226764.901,264.901,0.98,15.0,0.97,20.0,0.99,55.33,,,0.01,55.33,,,0.02,15.0,0.03,20.0,0.01,0.01,43.893828,1776226764000
1776226765.983,265.983,0.98,15.0,0.97,20.0,0.99,55.33,,,0.01,55.33,,,0.02,15.0,0.03,20.0,0.01,0.01,43.899895,1776226765000
1776226766.982,266.982,0.98,15.0,0.97,20.0,0.99,55.33,,,0.01,55.33,,,0.02,15.0,0.03,20.0,0.01,0.01,43.899895,1776226766000
1776226768.038,268.038,0.98,15.0,0.97,20.0,0.99,55.33,,,0.01,55.33,,,0.02,15.0,0.03,20.0,0.01,0.01,43.899895,1776226767000
1776226768.956,268.956,0.98,15.0,0.97,20.0,0.99,55.33,,,0.01,55.33,,,0.02,15.0,0.03,20.0,0.01,0.01,43.899738,1776226768000
1776226770.012,270.012,0.98,15.0,0.97,20.0,0.99,55.33,,,0.01,55.33,,,0.02,15.0,0.03,20.0,0.01,0.01,43.90002,1776226769000
1776226771.061,271.061,0.98,15.0,0.97,20.0,0.99,55.33,,,0.01,55.33,,,0.02,15.0,0.03,20.0,0.01,0.01,43.900115,1776226770000
1776226772.096,272.096,0.98,15.0,0.97,20.0,0.99,55.33,,,0.01,55.33,,,0.02,15.0,0.03,20.0,0.01,0.01,43.899933,1776226771000
1776226773.217,273.217,0.98,15.0,0.97,20.0,0.99,55.33,,,0.01,55.33,,,0.02,15.0,0.03,20.0,0.01,0.01,43.90002,1776226772000
1776226773.521,273.521,0.98,15.0,0.97,15.0,0.99,54.31,,,0.01,55.33,,,0.02,15.0,0.03,20.0,0.01,0.01,43.90002,1776226772000
1776226774.044,274.044,0.98,15.0,0.97,15.0,0.99,34.31,,,0.01,54.31,,,0.02,15.0,0.03,15.0,0.01,0.01,43.90002,1776226772000
1776226775.013,275.013,0.98,15.0,0.97,15.0,0.99,28.31,,,0.01,34.31,,,0.02,15.0,0.03,15.0,0.01,0.01,43.899989,1776226773000
1776226776.346,276.346,0.98,15.0,0.97,15.0,0.99,28.31,,,0.01,28.31,,,0.02,15.0,0.03,15.0,0.01,0.01,43.900052,1776226775000
1776226776.962,276.962,0.51,40.0,0.5,20.0,0.99,18.31,,,0.01,18.31,,,0.49,40.0,0.5,20.0,0.48,0.48,43.8998,1776226776000
1776226778.61,278.61,0.51,40.0,0.5,20.0,,,,,,,,,0.49,40.0,0.5,20.0,,,43.899361,1776226777000
1776226779.602,279.602,0.51,40.0,0.5,20.0,,,,,,,,,0.49,40.0,0.5,20.0,,,43.894202,1776226778000
1776226780.559,280.559,0.51,40.0,0.5,20.0,,,,,,,,,0.49,40.0,0.5,20.0,,,43.886754,1776226779000
1776226781.508,281.508,0.51,40.0,0.5,20.0,,,,,,,,,0.49,40.0,0.5,20.0,,,43.885741,1776226780000
1776226782.44,282.44,0.51,40.0,0.5,20.0,,,,,,,,,0.49,40.0,0.5,20.0,,,43.883245,1776226781000
1776226783.323,283.323,0.51,40.0,0.5,20.0,,,,,,,,,0.49,40.0,0.5,20.0,,,43.882944,1776226782000
1776226784.221,284.221,0.51,40.0,0.5,20.0,,,,,,,,,0.49,40.0,0.5,20.0,,,43.882897,1776226783000
1776226785.676,285.676,0.51,40.0,0.5,20.0,,,,,,,,,0.49,40.0,0.5,20.0,,,43.882759,1776226784000
1776226786.49,286.49,0.51,40.0,0.5,20.0,,,,,,,,,0.49,40.0,0.5,20.0,,,43.882727,1776226785000
1776226787.511,287.511,0.51,40.0,0.5,20.0,,,,,,,,,0.49,40.0,0.5,20.0,,,43.882723,1776226786000
1776226788.49,288.49,0.51,40.0,0.5,20.0,,,,,,,,,0.49,40.0,0.5,20.0,,,43.882772,1776226787000
1776226789.262,289.262,0.51,40.0,0.5,20.0,,,,,,,,,0.49,40.0,0.5,20.0,,,43.882064,1776226788000
1776226790.632,290.632,0.51,40.0,0.5,20.0,,,,,,,,,0.49,40.0,0.5,20.0,,,43.88223,1776226789000
1776226791.513,291.513,0.51,40.0,0.5,20.0,,,,,,,,,0.49,40.0,0.5,20.0,,,43.882316,1776226790000
1776226792.161,292.161,0.99,1010.01,0.96,5.21,,,,,,,,,0.49,40.0,0.5,20.0,,,43.882316,1776226790000
1776226793.594,293.594,0.99,1010.01,0.96,5.21,,,,,,,,,0.01,1010.01,0.04,5.21,,,43.882387,1776226792000
1776226794.199,294.199,0.99,1010.01,0.96,5.21,,,,,,,,,0.01,1010.01,0.04,5.21,,,43.882398,1776226793000
1776226795.819,295.819,0.99,1010.01,0.96,5.21,,,,,,,,,0.01,1010.01,0.04,5.21,,,43.889459,1776226794000
1776226796.792,296.792,0.99,1010.01,0.96,5.21,,,,,,,,,0.01,1010.01,0.04,5.21,,,43.889418,1776226795000
1776226797.696,297.696,0.99,1010.01,0.96,5.21,,,,,,,,,0.01,1010.01,0.04,5.21,,,43.889165,1776226796000
1776226798.624,298.624,0.99,1010.01,0.96,5.21,,,,,,,,,0.01,1010.01,0.04,5.21,,,43.886914,1776226797000
1776226799.665,299.665,0.99,1010.01,0.96,5.21,,,,,,,,,0.01,1010.01,0.04,5.21,,,43.880969,1776226798000
1776226800.401,300.401,0.99,1010.01,0.96,5.21,,,,,,,,,0.01,1010.01,0.04,5.21,,,43.881205,1776226799000
1776226800.961,300.961,0.99,1010.01,0.96,5.21,,,,,,,,,0.01,1010.01,0.04,5.21,,,43.881205,1776226800000

# RESULT,winner=Up,slug=hype-updown-5m-1776226500,ticks=320
