timestamp,elapsed_sec,up_bid_p1,up_bid_s1,up_bid_p2,up_bid_s2,up_ask_p1,up_ask_s1,up_ask_p2,up_ask_s2,down_bid_p1,down_bid_s1,down_bid_p2,down_bid_s2,down_ask_p1,down_ask_s1,down_ask_p2,down_ask_s2,up_spread,down_spread,hype_price,hype_oracle_ts
1776381600.547,0.547,0.5,0.12,0.48,1.15,0.52,5.0,0.53,40.0,0.41,5.0,0.4,65.0,0.5,0.12,0.59,5.0,0.02,0.09,43.916922,1776381598000
1776381601.028,1.028,0.5,0.12,0.41,5.0,0.59,5.0,0.6,65.0,0.41,5.0,0.4,65.0,0.5,0.12,0.59,5.0,0.09,0.09,43.916122,1776381599000
1776381601.531,1.531,0.5,0.12,0.41,5.0,0.59,5.0,0.6,65.0,0.41,5.0,0.4,65.0,0.5,0.12,0.59,5.0,0.09,0.09,43.916122,1776381600000
1776381602.508,2.508,0.5,0.12,0.41,5.0,0.59,5.0,0.6,65.0,0.41,5.0,0.4,65.0,0.5,0.12,0.59,5.0,0.09,0.09,43.91574,1776381601000
1776381603.28,3.28,0.5,0.12,0.41,5.0,0.59,5.0,0.6,65.0,0.41,5.0,0.4,65.0,0.5,0.12,0.59,5.0,0.09,0.09,43.917782,1776381602000
1776381604.799,4.799,0.5,0.12,0.41,5.0,0.59,5.0,0.6,65.0,0.41,5.0,0.4,65.0,0.5,0.12,0.59,5.0,0.09,0.09,43.930342,1776381603000
1776381605.386,5.386,0.5,0.12,0.41,5.0,0.59,5.0,0.6,65.0,0.41,5.0,0.4,65.0,0.5,0.12,0.59,5.0,0.09,0.09,43.932089,1776381604000
1776381606.113,6.113,0.5,0.12,0.41,5.0,0.59,5.0,0.6,65.0,0.41,5.0,0.4,65.0,0.5,0.12,0.59,5.0,0.09,0.09,43.932089,1776381605000
1776381607.691,7.691,0.5,0.12,0.41,5.0,0.59,5.0,0.6,65.0,0.41,5.0,0.4,65.0,0.5,0.12,0.59,5.0,0.09,0.09,43.9306,1776381606000
1776381608.324,8.324,0.5,0.12,0.41,5.0,0.59,5.0,0.6,65.0,0.41,5.0,0.4,65.0,0.5,0.12,0.59,5.0,0.09,0.09,43.932299,1776381607000
1776381609.763,9.763,0.5,0.12,0.41,5.0,0.59,5.0,0.6,65.0,0.41,5.0,0.4,65.0,0.5,0.12,0.59,5.0,0.09,0.09,43.932203,1776381608000
1776381610.466,10.466,0.5,0.12,0.41,5.0,0.59,5.0,0.6,65.0,0.41,5.0,0.4,65.0,0.5,0.12,0.59,5.0,0.09,0.09,43.932203,1776381609000
1776381611.189,11.189,0.5,0.12,0.41,5.0,0.59,5.0,0.6,65.0,0.41,5.0,0.4,65.0,0.5,0.12,0.59,5.0,0.09,0.09,43.931999,1776381610000
1776381612.678,12.678,0.5,0.12,0.41,5.0,0.59,5.0,0.6,65.0,0.41,5.0,0.4,65.0,0.5,0.12,0.59,5.0,0.09,0.09,43.93051,1776381611000
1776381613.286,13.286,0.5,0.12,0.41,5.0,0.59,5.0,0.6,65.0,0.41,5.0,0.4,65.0,0.5,0.12,0.59,5.0,0.09,0.09,43.929341,1776381612000
1776381614.742,14.742,0.5,0.12,0.41,5.0,0.59,5.0,0.6,65.0,0.41,5.0,0.4,65.0,0.5,0.12,0.59,5.0,0.09,0.09,43.92918,1776381613000
1776381615.289,15.289,0.5,0.12,0.41,5.0,0.59,5.0,0.6,65.0,0.41,5.0,0.4,65.0,0.5,0.12,0.59,5.0,0.09,0.09,43.927863,1776381614000
1776381616.839,16.839,0.5,0.12,0.41,5.0,0.59,5.0,0.6,65.0,0.41,5.0,0.4,65.0,0.5,0.12,0.59,5.0,0.09,0.09,43.927744,1776381615000
1776381617.448,17.448,0.5,0.12,0.41,5.0,0.59,5.0,0.6,65.0,0.41,5.0,0.4,65.0,0.5,0.12,0.59,5.0,0.09,0.09,43.927744,1776381616000
1776381618.074,18.074,0.5,0.12,0.41,5.0,0.59,5.0,0.6,65.0,0.41,5.0,0.4,65.0,0.5,0.12,0.59,5.0,0.09,0.09,43.927744,1776381617000
1776381619.276,19.276,0.5,0.12,0.41,5.0,0.59,5.0,0.6,65.0,0.41,5.0,0.4,65.0,0.5,0.12,0.59,5.0,0.09,0.09,43.92768,1776381618000
1776381620.628,20.628,0.5,0.12,0.41,5.0,0.59,5.0,0.6,65.0,0.41,5.0,0.4,65.0,0.5,0.12,0.59,5.0,0.09,0.09,43.927531,1776381619000
1776381621.341,21.341,0.5,0.12,0.41,5.0,0.59,5.0,0.6,65.0,0.41,5.0,0.4,65.0,0.5,0.12,0.59,5.0,0.09,0.09,43.927537,1776381620000
1776381622.442,22.442,0.5,0.12,0.41,5.0,0.59,5.0,0.6,65.0,0.41,5.0,0.4,65.0,0.5,0.12,0.59,5.0,0.09,0.09,43.927533,1776381621000
1776381623.04,23.04,0.5,0.12,0.41,5.0,0.59,5.0,0.6,65.0,0.41,5.0,0.4,65.0,0.5,0.12,0.59,5.0,0.09,0.09,43.925535,1776381622000
1776381624.207,24.207,0.5,0.12,0.41,5.0,0.59,5.0,0.6,65.0,0.41,5.0,0.4,65.0,0.5,0.12,0.59,5.0,0.09,0.09,43.925507,1776381623000
1776381625.389,25.389,0.5,0.12,0.41,5.0,0.59,5.0,0.6,65.0,0.41,5.0,0.4,65.0,0.5,0.12,0.59,5.0,0.09,0.09,43.923921,1776381624000
1776381625.883,25.883,0.5,0.12,0.41,5.0,0.59,5.0,0.6,65.0,0.41,5.0,0.4,65.0,0.5,0.12,0.59,5.0,0.09,0.09,43.924028,1776381625000
1776381627.103,27.103,0.5,0.12,0.41,5.0,0.59,5.0,0.6,65.0,0.41,5.0,0.4,65.0,0.5,0.12,0.59,5.0,0.09,0.09,43.924203,1776381626000
1776381628.245,28.245,0.5,0.12,0.41,5.0,0.59,5.0,0.6,65.0,0.41,5.0,0.4,65.0,0.5,0.12,0.59,5.0,0.09,0.09,43.926993,1776381627000
1776381628.5,28.5,0.62,5.0,0.61,5.0,0.64,15.0,0.66,13.0,0.41,5.0,0.4,65.0,0.5,0.12,0.59,5.0,0.02,0.09,43.926993,1776381627000
1776381629.438,29.438,0.62,5.0,0.61,5.0,0.64,15.0,0.66,13.0,0.36,15.0,0.34,13.0,0.38,5.0,0.39,5.0,0.02,0.02,43.93628,1776381628000
1776381629.903,29.903,0.62,5.0,0.61,5.0,0.64,15.0,0.66,13.0,0.36,15.0,0.34,13.0,0.38,5.0,0.39,5.0,0.02,0.02,43.93628,1776381629000
1776381631.092,31.092,0.62,5.0,0.61,5.0,0.64,15.0,0.66,13.0,0.36,15.0,0.34,13.0,0.38,5.0,0.39,5.0,0.02,0.02,43.934338,1776381630000
1776381632.256,32.256,0.62,5.0,0.61,5.0,0.64,15.0,0.66,13.0,0.36,15.0,0.34,13.0,0.38,5.0,0.39,5.0,0.02,0.02,43.934358,1776381631000
1776381633.672,33.672,0.62,5.0,0.61,5.0,0.64,15.0,0.66,13.0,0.36,15.0,0.34,13.0,0.38,5.0,0.39,5.0,0.02,0.02,43.935187,1776381632000
1776381634.094,34.094,0.62,5.0,0.61,5.0,0.64,15.0,0.66,13.0,0.36,15.0,0.34,13.0,0.38,5.0,0.39,5.0,0.02,0.02,43.935187,1776381633000
1776381635.461,35.461,0.62,5.0,0.61,5.0,0.64,15.0,0.66,13.0,0.36,15.0,0.34,13.0,0.38,5.0,0.39,5.0,0.02,0.02,43.936001,1776381634000
1776381635.963,35.963,0.62,5.0,0.61,5.0,0.64,15.0,0.66,13.0,0.36,15.0,0.34,13.0,0.38,5.0,0.39,5.0,0.02,0.02,43.936001,1776381635000
1776381636.985,36.985,0.62,5.0,0.61,5.0,0.64,15.0,0.66,13.0,0.36,15.0,0.34,13.0,0.38,5.0,0.39,5.0,0.02,0.02,43.938,1776381636000
1776381638.121,38.121,0.62,5.0,0.61,5.0,0.64,15.0,0.66,13.0,0.36,15.0,0.34,13.0,0.38,5.0,0.39,5.0,0.02,0.02,43.938,1776381637000
1776381638.337,38.337,0.63,5.0,0.62,5.0,0.65,2.23,0.66,5.0,0.36,15.0,0.34,13.0,0.38,5.0,0.39,5.0,0.02,0.02,43.938,1776381637000
1776381639.157,39.157,0.63,5.0,0.62,5.0,0.65,2.23,0.66,5.0,0.35,2.23,0.34,5.0,0.37,5.0,0.38,5.0,0.02,0.02,43.939043,1776381638000
1776381640.296,40.296,0.63,5.0,0.62,5.0,0.65,2.23,0.66,5.0,0.35,2.23,0.34,5.0,0.37,5.0,0.38,5.0,0.02,0.02,43.939099,1776381639000
1776381641.31,41.31,0.63,5.0,0.62,5.0,0.65,2.23,0.66,5.0,0.35,2.23,0.34,5.0,0.37,5.0,0.38,5.0,0.02,0.02,43.936385,1776381640000
1776381642.316,42.316,0.63,5.0,0.62,5.0,0.65,2.23,0.66,5.0,0.35,2.23,0.34,5.0,0.37,5.0,0.38,5.0,0.02,0.02,43.936385,1776381641000
1776381643.322,43.322,0.63,5.0,0.62,5.0,0.65,2.23,0.66,5.0,0.35,2.23,0.34,5.0,0.37,5.0,0.38,5.0,0.02,0.02,43.936891,1776381642000
1776381643.856,43.856,0.63,5.0,0.62,5.0,0.65,2.23,0.66,5.0,0.35,2.23,0.34,5.0,0.37,5.0,0.38,5.0,0.02,0.02,43.936719,1776381643000
1776381644.913,44.913,0.63,5.0,0.62,5.0,0.65,2.23,0.66,5.0,0.35,2.23,0.34,5.0,0.37,5.0,0.38,5.0,0.02,0.02,43.936719,1776381644000
1776381646.559,46.559,0.63,5.0,0.62,5.0,0.65,2.23,0.66,5.0,0.35,2.23,0.34,5.0,0.37,5.0,0.38,5.0,0.02,0.02,43.936719,1776381645000
1776381647.777,47.777,0.63,5.0,0.62,5.0,0.65,2.23,0.66,5.0,0.35,2.23,0.34,5.0,0.37,5.0,0.38,5.0,0.02,0.02,43.936719,1776381646000
1776381648.397,48.397,0.63,5.0,0.62,5.0,0.65,2.23,0.66,5.0,0.35,2.23,0.34,5.0,0.37,5.0,0.38,5.0,0.02,0.02,43.93686,1776381647000
1776381649.526,49.526,0.63,5.0,0.62,5.0,0.65,2.23,0.66,5.0,0.35,2.23,0.34,5.0,0.37,5.0,0.38,5.0,0.02,0.02,43.93686,1776381648000
1776381650.182,50.182,0.63,5.0,0.62,5.0,0.65,2.23,0.66,5.0,0.35,2.23,0.34,5.0,0.37,5.0,0.38,5.0,0.02,0.02,43.936125,1776381649000
1776381651.633,51.633,0.63,5.0,0.62,5.0,0.65,2.23,0.66,5.0,0.35,2.23,0.34,5.0,0.37,5.0,0.38,5.0,0.02,0.02,43.939283,1776381650000
1776381652.468,52.468,0.63,5.0,0.62,5.0,0.65,2.23,0.66,5.0,0.35,2.23,0.34,5.0,0.37,5.0,0.38,5.0,0.02,0.02,43.939283,1776381651000
1776381653.245,53.245,0.63,5.0,0.62,5.0,0.65,2.23,0.66,5.0,0.35,2.23,0.34,5.0,0.37,5.0,0.38,5.0,0.02,0.02,43.936369,1776381652000
1776381654.747,54.747,0.63,5.0,0.62,5.0,0.65,2.23,0.66,5.0,0.35,2.23,0.34,5.0,0.37,5.0,0.38,5.0,0.02,0.02,43.936369,1776381653000
1776381655.44,55.44,0.59,2.07,0.58,5.0,0.6,5.0,0.61,5.0,0.35,2.23,0.34,5.0,0.37,5.0,0.38,5.0,0.01,0.02,43.936369,1776381653000
1776381656.325,56.325,0.59,2.07,0.58,5.0,0.6,5.0,0.61,5.0,0.4,5.0,0.39,5.0,0.41,2.07,0.42,5.0,0.01,0.01,43.935291,1776381655000
1776381656.987,56.987,0.59,2.07,0.58,5.0,0.6,5.0,0.61,5.0,0.4,5.0,0.39,5.0,0.41,2.07,0.42,5.0,0.01,0.01,43.934811,1776381656000
1776381658.591,58.591,0.59,2.07,0.58,5.0,0.6,5.0,0.61,5.0,0.4,5.0,0.39,5.0,0.41,2.07,0.42,5.0,0.01,0.01,43.930705,1776381657000
1776381659.39,59.39,0.59,2.07,0.58,5.0,0.6,5.0,0.61,5.0,0.4,5.0,0.39,5.0,0.41,2.07,0.42,5.0,0.01,0.01,43.931095,1776381658000
1776381660.208,60.208,0.59,2.07,0.58,5.0,0.6,5.0,0.61,5.0,0.4,5.0,0.39,5.0,0.41,2.07,0.42,5.0,0.01,0.01,43.931929,1776381659000
1776381661.861,61.861,0.59,2.07,0.58,5.0,0.6,5.0,0.61,5.0,0.4,5.0,0.39,5.0,0.41,2.07,0.42,5.0,0.01,0.01,43.932706,1776381660000
1776381662.63,62.63,0.59,2.07,0.58,5.0,0.6,5.0,0.61,5.0,0.4,5.0,0.39,5.0,0.41,2.07,0.42,5.0,0.01,0.01,43.933538,1776381661000
1776381663.367,63.367,0.59,2.07,0.58,5.0,0.6,5.0,0.61,5.0,0.4,5.0,0.39,5.0,0.41,2.07,0.42,5.0,0.01,0.01,43.933538,1776381662000
1776381664.197,64.197,0.59,2.07,0.58,5.0,0.6,5.0,0.61,5.0,0.4,5.0,0.39,5.0,0.41,2.07,0.42,5.0,0.01,0.01,43.934218,1776381663000
1776381665.571,65.571,0.59,2.07,0.58,5.0,0.6,5.0,0.61,5.0,0.4,5.0,0.39,5.0,0.41,2.07,0.42,5.0,0.01,0.01,43.934535,1776381664000
1776381666.938,66.938,0.59,2.07,0.58,5.0,0.6,5.0,0.61,5.0,0.4,5.0,0.39,5.0,0.41,2.07,0.42,5.0,0.01,0.01,43.934466,1776381665000
1776381667.497,67.497,0.59,2.07,0.58,5.0,0.6,5.0,0.61,5.0,0.4,5.0,0.39,5.0,0.41,2.07,0.42,5.0,0.01,0.01,43.931992,1776381666000
1776381668.059,68.059,0.59,2.07,0.58,5.0,0.6,5.0,0.61,5.0,0.4,5.0,0.39,5.0,0.41,2.07,0.42,5.0,0.01,0.01,43.931972,1776381667000
1776381669.504,69.504,0.59,2.07,0.58,5.0,0.6,5.0,0.61,5.0,0.4,5.0,0.39,5.0,0.41,2.07,0.42,5.0,0.01,0.01,43.930843,1776381668000
1776381670.081,70.081,0.59,2.07,0.58,5.0,0.6,5.0,0.61,5.0,0.4,5.0,0.39,5.0,0.41,2.07,0.42,5.0,0.01,0.01,43.930843,1776381669000
1776381671.287,71.287,0.59,2.07,0.58,5.0,0.6,5.0,0.61,5.0,0.4,5.0,0.39,5.0,0.41,2.07,0.42,5.0,0.01,0.01,43.930831,1776381670000
1776381672.544,72.544,0.59,2.07,0.58,5.0,0.6,5.0,0.61,5.0,0.4,5.0,0.39,5.0,0.41,2.07,0.42,5.0,0.01,0.01,43.931271,1776381671000
1776381673.19,73.19,0.59,2.07,0.58,5.0,0.6,5.0,0.61,5.0,0.4,5.0,0.39,5.0,0.41,2.07,0.42,5.0,0.01,0.01,43.931236,1776381672000
1776381674.488,74.488,0.59,2.07,0.58,5.0,0.6,5.0,0.61,5.0,0.4,5.0,0.39,5.0,0.41,2.07,0.42,5.0,0.01,0.01,43.928631,1776381673000
1776381675.13,75.13,0.59,2.07,0.58,5.0,0.6,5.0,0.61,5.0,0.4,5.0,0.39,5.0,0.41,2.07,0.42,5.0,0.01,0.01,43.92854,1776381674000
1776381676.163,76.163,0.59,2.07,0.58,5.0,0.6,5.0,0.61,5.0,0.4,5.0,0.39,5.0,0.41,2.07,0.42,5.0,0.01,0.01,43.928173,1776381675000
1776381677.539,77.539,0.59,2.07,0.58,5.0,0.6,5.0,0.61,5.0,0.4,5.0,0.39,5.0,0.41,2.07,0.42,5.0,0.01,0.01,43.927754,1776381676000
1776381678.153,78.153,0.59,2.07,0.58,5.0,0.6,5.0,0.61,5.0,0.4,5.0,0.39,5.0,0.41,2.07,0.42,5.0,0.01,0.01,43.926581,1776381677000
1776381679.424,79.424,0.59,2.07,0.58,5.0,0.6,5.0,0.61,5.0,0.4,5.0,0.39,5.0,0.41,2.07,0.42,5.0,0.01,0.01,43.926929,1776381678000
1776381680.049,80.049,0.59,2.07,0.58,5.0,0.6,5.0,0.61,5.0,0.4,5.0,0.39,5.0,0.41,2.07,0.42,5.0,0.01,0.01,43.928741,1776381679000
1776381681.307,81.307,0.59,2.07,0.58,5.0,0.6,5.0,0.61,5.0,0.4,5.0,0.39,5.0,0.41,2.07,0.42,5.0,0.01,0.01,43.933081,1776381680000
1776381690.32,90.32,0.71,10.0,0.66,5.0,0.81,15.0,0.82,15.0,0.4,5.0,0.39,5.0,0.41,2.07,0.42,5.0,0.1,0.01,43.933081,1776381680000
1776381690.676,90.676,0.8,5.0,0.79,5.0,0.81,45.0,0.82,15.0,0.19,15.0,0.18,15.0,0.29,10.0,0.34,5.0,0.01,0.1,43.933373,1776381689000
1776381690.975,90.975,0.8,5.0,0.79,5.0,0.81,45.0,0.82,15.0,0.19,45.0,0.18,15.0,0.2,5.0,0.21,5.0,0.01,0.01,43.933385,1776381690000
1776381691.906,91.906,0.8,5.0,0.79,5.0,0.81,45.0,0.82,15.0,0.19,45.0,0.18,15.0,0.2,5.0,0.21,5.0,0.01,0.01,43.938203,1776381691000
1776381692.861,92.861,0.8,5.0,0.79,5.0,0.81,45.0,0.82,15.0,0.19,45.0,0.18,15.0,0.2,5.0,0.21,5.0,0.01,0.01,43.963317,1776381692000
1776381693.866,93.866,0.8,5.0,0.79,5.0,0.81,45.0,0.82,15.0,0.19,45.0,0.18,15.0,0.2,5.0,0.21,5.0,0.01,0.01,43.971213,1776381693000
1776381695.94,95.94,0.8,5.0,0.79,5.0,0.81,45.0,0.82,15.0,0.19,45.0,0.18,15.0,0.2,5.0,0.21,5.0,0.01,0.01,43.970309,1776381694000
1776381696.466,96.466,0.8,5.0,0.79,5.0,0.81,45.0,0.82,15.0,0.19,45.0,0.18,15.0,0.2,5.0,0.21,5.0,0.01,0.01,43.970251,1776381695000
1776381697.053,97.053,0.8,5.0,0.79,5.0,0.81,45.0,0.82,15.0,0.19,45.0,0.18,15.0,0.2,5.0,0.21,5.0,0.01,0.01,43.970251,1776381696000
1776381698.319,98.319,0.8,5.0,0.79,5.0,0.81,45.0,0.82,15.0,0.19,45.0,0.18,15.0,0.2,5.0,0.21,5.0,0.01,0.01,43.970551,1776381697000
1776381699.406,99.406,0.7,5.0,0.69,5.0,0.71,45.0,0.73,5.0,0.19,45.0,0.18,15.0,0.2,5.0,0.21,5.0,0.01,0.01,43.970551,1776381697000
1776381700.097,100.097,0.7,5.0,0.69,5.0,0.71,45.0,0.73,5.0,0.29,45.0,0.27,5.0,0.3,5.0,0.31,5.0,0.01,0.01,43.970092,1776381699000
1776381701.191,101.191,0.7,5.0,0.69,5.0,0.71,45.0,0.73,5.0,0.29,45.0,0.27,5.0,0.3,5.0,0.31,5.0,0.01,0.01,43.962723,1776381700000
1776381702.524,102.524,0.7,5.0,0.69,5.0,0.71,45.0,0.73,5.0,0.29,45.0,0.27,5.0,0.3,5.0,0.31,5.0,0.01,0.01,43.961045,1776381701000
1776381703.018,103.018,0.7,5.0,0.69,5.0,0.71,45.0,0.73,5.0,0.29,45.0,0.27,5.0,0.3,5.0,0.31,5.0,0.01,0.01,43.961045,1776381702000
1776381704.136,104.136,0.7,5.0,0.69,5.0,0.71,45.0,0.73,5.0,0.29,45.0,0.27,5.0,0.3,5.0,0.31,5.0,0.01,0.01,43.958408,1776381703000
1776381705.851,105.851,0.7,5.0,0.69,5.0,0.71,45.0,0.73,5.0,0.29,45.0,0.27,5.0,0.3,5.0,0.31,5.0,0.01,0.01,43.957563,1776381704000
1776381707.118,107.118,0.7,5.0,0.69,5.0,0.71,45.0,0.73,5.0,0.29,45.0,0.27,5.0,0.3,5.0,0.31,5.0,0.01,0.01,43.957002,1776381706000
1776381708.224,108.224,0.7,5.0,0.69,5.0,0.71,45.0,0.73,5.0,0.29,45.0,0.27,5.0,0.3,5.0,0.31,5.0,0.01,0.01,43.955323,1776381707000
1776381709.264,109.264,0.7,5.0,0.69,5.0,0.71,45.0,0.73,5.0,0.29,45.0,0.27,5.0,0.3,5.0,0.31,5.0,0.01,0.01,43.955368,1776381708000
1776381710.785,110.785,0.7,5.0,0.69,5.0,0.71,45.0,0.73,5.0,0.29,45.0,0.27,5.0,0.3,5.0,0.31,5.0,0.01,0.01,43.956952,1776381709000
1776381711.415,111.415,0.7,5.0,0.69,5.0,0.71,45.0,0.73,5.0,0.29,45.0,0.27,5.0,0.3,5.0,0.31,5.0,0.01,0.01,43.956932,1776381710000
1776381712.304,112.304,0.7,5.0,0.69,5.0,0.71,45.0,0.73,5.0,0.29,45.0,0.27,5.0,0.3,5.0,0.31,5.0,0.01,0.01,43.95691,1776381711000
1776381713.094,113.094,0.7,5.0,0.69,5.0,0.71,45.0,0.73,5.0,0.29,45.0,0.27,5.0,0.3,5.0,0.31,5.0,0.01,0.01,43.956497,1776381712000
1776381714.432,114.432,0.7,5.0,0.69,5.0,0.71,45.0,0.73,5.0,0.29,45.0,0.27,5.0,0.3,5.0,0.31,5.0,0.01,0.01,43.956126,1776381713000
1776381715.532,115.532,0.7,5.0,0.69,5.0,0.71,45.0,0.73,5.0,0.29,45.0,0.27,5.0,0.3,5.0,0.31,5.0,0.01,0.01,43.956126,1776381714000
1776381716.417,116.417,0.7,5.0,0.69,5.0,0.71,45.0,0.73,5.0,0.29,45.0,0.27,5.0,0.3,5.0,0.31,5.0,0.01,0.01,43.956116,1776381715000
1776381717.035,117.035,0.7,5.0,0.69,5.0,0.71,45.0,0.73,5.0,0.29,45.0,0.27,5.0,0.3,5.0,0.31,5.0,0.01,0.01,43.956116,1776381716000
1776381718.412,118.412,0.7,5.0,0.69,5.0,0.71,35.0,0.75,5.0,0.29,35.0,0.25,5.0,0.3,5.0,0.31,5.0,0.01,0.01,43.95698,1776381717000
1776381719.529,119.529,0.7,5.0,0.69,5.0,0.71,35.0,0.75,5.0,0.29,35.0,0.25,5.0,0.3,5.0,0.31,5.0,0.01,0.01,43.954831,1776381718000
1776381720.261,120.261,0.7,5.0,0.69,5.0,0.71,35.0,0.75,5.0,0.29,35.0,0.25,5.0,0.3,5.0,0.31,5.0,0.01,0.01,43.954831,1776381719000
1776381720.9,120.9,0.58,10.0,0.56,5.0,0.59,5.0,0.63,5.0,0.29,35.0,0.25,5.0,0.3,5.0,0.31,5.0,0.01,0.01,43.954831,1776381719000
1776381721.687,121.687,0.58,10.0,0.56,5.0,0.59,5.0,0.63,5.0,0.41,5.0,0.37,5.0,0.42,10.0,0.44,5.0,0.01,0.01,43.956785,1776381720000
1776381722.363,122.363,0.58,10.0,0.56,5.0,0.59,5.0,0.63,5.0,0.41,5.0,0.37,5.0,0.42,10.0,0.44,5.0,0.01,0.01,43.954354,1776381721000
1776381723.841,123.841,0.58,10.0,0.56,5.0,0.59,5.0,0.63,5.0,0.41,5.0,0.37,5.0,0.42,10.0,0.44,5.0,0.01,0.01,43.944593,1776381722000
1776381724.646,124.646,0.58,10.0,0.56,5.0,0.59,5.0,0.63,5.0,0.41,5.0,0.37,5.0,0.42,10.0,0.44,5.0,0.01,0.01,43.942398,1776381723000
1776381725.038,125.038,0.69,5.0,0.68,5.0,0.7,13.57,0.71,5.0,0.41,5.0,0.37,5.0,0.42,10.0,0.44,5.0,0.01,0.01,43.942398,1776381723000
1776381725.46,125.46,0.69,5.0,0.68,5.0,0.7,13.57,0.71,5.0,0.3,13.57,0.29,5.0,0.31,5.0,0.32,5.0,0.01,0.01,43.943044,1776381724000
1776381726.709,126.709,0.69,5.0,0.68,5.0,0.7,13.57,0.71,5.0,0.3,13.57,0.29,5.0,0.31,5.0,0.32,5.0,0.01,0.01,43.944989,1776381725000
1776381727.318,127.318,0.69,5.0,0.68,5.0,0.7,13.57,0.71,5.0,0.3,13.57,0.29,5.0,0.31,5.0,0.32,5.0,0.01,0.01,43.944606,1776381726000
1776381727.927,127.927,0.65,5.0,0.64,5.0,0.67,3.5,0.68,5.0,0.3,13.57,0.29,5.0,0.31,5.0,0.32,5.0,0.02,0.01,43.944606,1776381726000
1776381728.367,128.367,0.65,5.0,0.64,5.0,0.67,3.5,0.68,5.0,0.33,3.5,0.32,5.0,0.35,5.0,0.36,5.0,0.02,0.02,43.94542,1776381727000
1776381728.882,128.882,0.65,5.0,0.64,5.0,0.67,3.5,0.68,5.0,0.33,3.5,0.32,5.0,0.35,5.0,0.36,5.0,0.02,0.02,43.946273,1776381728000
1776381729.896,129.896,0.65,5.0,0.64,5.0,0.67,3.5,0.68,5.0,0.33,3.5,0.32,5.0,0.35,5.0,0.36,5.0,0.02,0.02,43.946071,1776381729000
1776381730.961,130.961,0.65,5.0,0.64,5.0,0.67,3.5,0.68,5.0,0.33,3.5,0.32,5.0,0.35,5.0,0.36,5.0,0.02,0.02,43.945898,1776381730000
1776381731.943,131.943,0.65,5.0,0.64,5.0,0.67,3.5,0.68,5.0,0.33,3.5,0.32,5.0,0.35,5.0,0.36,5.0,0.02,0.02,43.94595,1776381731000
1776381732.638,132.638,0.71,5.0,0.7,5.0,0.72,3.33,0.73,5.0,0.33,3.5,0.32,5.0,0.35,5.0,0.36,5.0,0.01,0.02,43.94595,1776381731000
1776381732.998,132.998,0.71,5.0,0.7,5.0,0.72,3.33,0.73,5.0,0.28,3.33,0.27,5.0,0.29,5.0,0.3,5.0,0.01,0.01,43.946194,1776381732000
1776381734.262,134.262,0.71,5.0,0.7,5.0,0.72,3.33,0.73,5.0,0.28,3.33,0.27,5.0,0.29,5.0,0.3,5.0,0.01,0.01,43.946518,1776381733000
1776381735.267,135.267,0.71,5.0,0.7,5.0,0.72,3.33,0.73,5.0,0.28,3.33,0.27,5.0,0.29,5.0,0.3,5.0,0.01,0.01,43.946733,1776381734000
1776381736.246,136.246,0.71,5.0,0.7,5.0,0.72,3.33,0.73,5.0,0.28,3.33,0.27,5.0,0.29,5.0,0.3,5.0,0.01,0.01,43.947664,1776381735000
1776381737.202,137.202,0.71,5.0,0.7,5.0,0.72,3.33,0.73,5.0,0.28,3.33,0.27,5.0,0.29,5.0,0.3,5.0,0.01,0.01,43.946776,1776381736000
1776381738.328,138.328,0.71,5.0,0.7,5.0,0.72,3.33,0.73,5.0,0.28,3.33,0.27,5.0,0.29,5.0,0.3,5.0,0.01,0.01,43.945701,1776381737000
1776381739.285,139.285,0.71,5.0,0.7,5.0,0.72,3.33,0.73,5.0,0.28,3.33,0.27,5.0,0.29,5.0,0.3,5.0,0.01,0.01,43.943144,1776381738000
1776381740.39,140.39,0.71,5.0,0.7,5.0,0.72,3.33,0.73,5.0,0.28,3.33,0.27,5.0,0.29,5.0,0.3,5.0,0.01,0.01,43.934857,1776381739000
1776381741.01,141.01,0.71,5.0,0.7,5.0,0.72,3.33,0.73,5.0,0.28,3.33,0.27,5.0,0.29,5.0,0.3,5.0,0.01,0.01,43.933994,1776381740000
1776381742.036,142.036,0.65,5.0,0.64,5.0,0.67,2.08,0.68,10.0,0.33,2.08,0.32,10.0,0.35,5.0,0.36,5.0,0.02,0.02,43.934114,1776381741000
1776381742.777,142.777,0.62,5.0,0.61,5.0,0.64,5.0,0.65,5.0,0.33,2.08,0.32,10.0,0.35,5.0,0.36,5.0,0.02,0.02,43.934114,1776381741000
1776381743.113,143.113,0.62,5.0,0.61,5.0,0.64,5.0,0.65,5.0,0.36,5.0,0.35,5.0,0.38,5.0,0.39,5.0,0.02,0.02,43.935797,1776381742000
1776381744.304,144.304,0.62,5.0,0.61,5.0,0.64,5.0,0.65,5.0,0.36,5.0,0.35,5.0,0.38,5.0,0.39,5.0,0.02,0.02,43.933775,1776381743000
1776381745.649,145.649,0.65,5.0,0.64,5.0,0.67,3.26,0.68,10.0,0.36,5.0,0.35,5.0,0.38,5.0,0.39,5.0,0.02,0.02,43.933775,1776381743000
1776381746.261,146.261,0.65,5.0,0.64,5.0,0.67,3.26,0.68,10.0,0.33,3.26,0.32,10.0,0.35,5.0,0.36,5.0,0.02,0.02,43.934211,1776381745000
1776381747.319,147.319,0.65,5.0,0.64,5.0,0.67,3.26,0.68,10.0,0.33,3.26,0.32,10.0,0.35,5.0,0.36,5.0,0.02,0.02,43.935142,1776381746000
1776381748.445,148.445,0.65,5.0,0.64,5.0,0.67,3.26,0.68,10.0,0.33,3.26,0.32,10.0,0.35,5.0,0.36,5.0,0.02,0.02,43.935203,1776381747000
1776381749.109,149.109,0.65,5.0,0.64,5.0,0.67,3.26,0.68,10.0,0.33,3.26,0.32,10.0,0.35,5.0,0.36,5.0,0.02,0.02,43.937414,1776381748000
1776381750.202,150.202,0.65,5.0,0.64,5.0,0.67,3.26,0.68,10.0,0.33,3.26,0.32,10.0,0.35,5.0,0.36,5.0,0.02,0.02,43.935583,1776381749000
1776381751.268,151.268,0.63,5.0,0.62,5.0,0.66,4.18,0.67,18.26,0.33,3.26,0.32,10.0,0.35,5.0,0.36,5.0,0.03,0.02,43.935583,1776381749000
1776381752.505,152.505,0.63,5.0,0.62,5.0,0.66,4.18,0.67,18.26,0.34,4.18,0.33,18.26,0.37,5.0,0.38,5.0,0.03,0.03,43.9358,1776381751000
1776381753.23,153.23,0.63,5.0,0.62,5.0,0.66,4.18,0.67,18.26,0.34,4.18,0.33,18.26,0.37,5.0,0.38,5.0,0.03,0.03,43.934834,1776381752000
1776381754.209,154.209,0.63,5.0,0.62,5.0,0.66,4.18,0.67,18.26,0.34,4.18,0.33,18.26,0.37,5.0,0.38,5.0,0.03,0.03,43.935229,1776381753000
1776381755.316,155.316,0.63,5.0,0.62,5.0,0.66,4.18,0.67,18.26,0.34,4.18,0.33,18.26,0.37,5.0,0.38,5.0,0.03,0.03,43.935377,1776381754000
1776381756.158,156.158,0.65,5.0,0.64,5.0,0.67,3.26,0.68,25.0,0.34,4.18,0.33,18.26,0.37,5.0,0.38,5.0,0.02,0.03,43.935377,1776381754000
1776381756.448,156.448,0.65,5.0,0.64,5.0,0.67,3.26,0.68,25.0,0.33,3.26,0.32,25.0,0.35,5.0,0.36,5.0,0.02,0.02,43.935393,1776381755000
1776381757.614,157.614,0.65,5.0,0.64,5.0,0.67,3.26,0.68,25.0,0.33,3.26,0.32,25.0,0.35,5.0,0.36,5.0,0.02,0.02,43.934657,1776381756000
1776381758.57,158.57,0.65,5.0,0.64,5.0,0.67,3.26,0.68,25.0,0.33,3.26,0.32,25.0,0.35,5.0,0.36,5.0,0.02,0.02,43.934451,1776381757000
1776381759.106,159.106,0.67,5.0,0.66,5.0,0.69,30.0,0.7,15.0,0.33,3.26,0.32,25.0,0.35,5.0,0.36,5.0,0.02,0.02,43.934451,1776381757000
1776381759.335,159.335,0.81,35.0,0.67,5.0,0.91,10.9,0.92,12.0,0.09,10.9,0.08,12.0,0.19,35.0,0.33,5.0,0.1,0.1,43.932295,1776381758000
1776381759.984,159.984,0.81,35.0,0.67,5.0,0.91,10.9,0.92,12.0,0.09,10.9,0.08,12.0,0.19,35.0,0.33,5.0,0.1,0.1,43.933893,1776381759000
1776381760.673,160.673,0.81,15.0,0.8,5.0,0.91,60.9,0.92,12.0,0.09,10.9,0.08,12.0,0.19,35.0,0.33,5.0,0.1,0.1,43.933893,1776381759000
1776381761.369,161.369,0.81,15.0,0.8,5.0,0.91,60.9,0.92,12.0,0.09,60.9,0.08,12.0,0.19,15.0,0.2,5.0,0.1,0.1,43.956328,1776381760000
1776381762.019,162.019,0.81,15.0,0.8,5.0,0.91,60.9,0.92,12.0,0.09,60.9,0.08,12.0,0.19,15.0,0.2,5.0,0.1,0.1,43.988819,1776381761000
1776381762.944,162.944,0.75,5.0,0.72,5.0,0.76,5.0,0.77,5.0,0.09,60.9,0.08,12.0,0.19,15.0,0.2,5.0,0.01,0.1,43.988819,1776381761000
1776381763.157,163.157,0.75,5.0,0.74,5.0,0.77,5.0,0.78,5.0,0.24,5.0,0.23,5.0,0.25,5.0,0.28,5.0,0.02,0.01,43.988819,1776381761000
1776381763.634,163.634,0.75,5.0,0.74,5.0,0.77,5.0,0.78,5.0,0.23,5.0,0.22,5.0,0.25,5.0,0.26,5.0,0.02,0.02,43.986209,1776381762000
1776381764.174,164.174,0.75,5.0,0.74,5.0,0.77,5.0,0.78,5.0,0.23,5.0,0.22,5.0,0.25,5.0,0.26,5.0,0.02,0.02,43.983152,1776381763000
1776381765.262,165.262,0.67,3.78,0.66,5.0,0.7,5.0,0.71,5.0,0.23,5.0,0.22,5.0,0.25,5.0,0.26,5.0,0.03,0.02,43.983152,1776381763000
1776381765.475,165.475,0.67,3.78,0.66,5.0,0.7,5.0,0.71,5.0,0.3,5.0,0.29,5.0,0.33,3.78,0.34,5.0,0.03,0.03,43.975973,1776381764000
1776381765.712,165.712,0.65,5.0,0.64,5.0,0.68,4.77,0.69,5.0,0.3,5.0,0.29,5.0,0.33,3.78,0.34,5.0,0.03,0.03,43.975973,1776381764000
1776381766.099,166.099,0.65,5.0,0.64,5.0,0.68,4.77,0.69,5.0,0.32,4.77,0.31,5.0,0.35,5.0,0.36,5.0,0.03,0.03,43.964931,1776381765000
1776381767.455,167.455,0.67,5.0,0.66,5.0,0.69,4.77,0.7,5.0,0.31,4.77,0.3,5.0,0.33,5.0,0.34,5.0,0.02,0.02,43.956424,1776381766000
1776381768.062,168.062,0.67,5.0,0.66,5.0,0.69,4.77,0.7,5.0,0.31,4.77,0.3,5.0,0.33,5.0,0.34,5.0,0.02,0.02,43.954297,1776381767000
1776381769.421,169.421,0.67,5.0,0.66,5.0,0.69,4.77,0.7,5.0,0.31,4.77,0.3,5.0,0.33,5.0,0.34,5.0,0.02,0.02,43.948342,1776381768000
1776381770.156,170.156,0.67,5.0,0.66,5.0,0.69,4.77,0.7,5.0,0.31,4.77,0.3,5.0,0.33,5.0,0.34,5.0,0.02,0.02,43.947508,1776381769000
1776381771.458,171.458,0.67,5.0,0.66,5.0,0.69,4.77,0.7,5.0,0.31,4.77,0.3,5.0,0.33,5.0,0.34,5.0,0.02,0.02,43.9496,1776381770000
1776381772.06,172.06,0.67,5.0,0.66,5.0,0.69,4.77,0.7,5.0,0.31,4.77,0.3,5.0,0.33,5.0,0.34,5.0,0.02,0.02,43.949343,1776381771000
1776381773.379,173.379,0.67,5.0,0.66,5.0,0.69,4.77,0.7,5.0,0.31,4.77,0.3,5.0,0.33,5.0,0.34,5.0,0.02,0.02,43.947256,1776381772000
1776381774.014,174.014,0.67,5.0,0.66,5.0,0.69,4.77,0.7,5.0,0.31,4.77,0.3,5.0,0.33,5.0,0.34,5.0,0.02,0.02,43.946657,1776381773000
1776381775.249,175.249,0.67,5.0,0.66,5.0,0.69,4.77,0.7,5.0,0.31,4.77,0.3,5.0,0.33,5.0,0.34,5.0,0.02,0.02,43.948142,1776381774000
1776381776.048,176.048,0.67,5.0,0.66,5.0,0.69,4.77,0.7,5.0,0.31,4.77,0.3,5.0,0.33,5.0,0.34,5.0,0.02,0.02,43.949153,1776381775000
1776381777.501,177.501,0.67,5.0,0.66,5.0,0.69,4.77,0.7,5.0,0.31,4.77,0.3,5.0,0.33,5.0,0.34,5.0,0.02,0.02,43.948711,1776381776000
1776381778.066,178.066,0.67,5.0,0.66,5.0,0.69,4.77,0.7,5.0,0.31,4.77,0.3,5.0,0.33,5.0,0.34,5.0,0.02,0.02,43.947435,1776381777000
1776381779.518,179.518,0.67,5.0,0.66,5.0,0.69,4.77,0.7,5.0,0.31,4.77,0.3,5.0,0.33,5.0,0.34,5.0,0.02,0.02,43.949674,1776381778000
1776381780.247,180.247,0.67,5.0,0.66,5.0,0.69,4.77,0.7,5.0,0.31,4.77,0.3,5.0,0.33,5.0,0.34,5.0,0.02,0.02,43.95095,1776381779000
1776381781.571,181.571,0.67,5.0,0.66,5.0,0.69,4.77,0.7,5.0,0.31,4.77,0.3,5.0,0.33,5.0,0.34,5.0,0.02,0.02,43.950869,1776381780000
1776381782.246,182.246,0.67,5.0,0.66,5.0,0.69,4.77,0.7,5.0,0.31,4.77,0.3,5.0,0.33,5.0,0.34,5.0,0.02,0.02,43.950869,1776381781000
1776381782.649,182.649,0.72,5.0,0.71,5.0,0.75,3.66,0.76,5.0,0.31,4.77,0.3,5.0,0.33,5.0,0.34,5.0,0.03,0.02,43.950869,1776381781000
1776381783.635,183.635,0.72,5.0,0.71,5.0,0.75,3.66,0.76,5.0,0.25,3.66,0.24,5.0,0.28,5.0,0.29,5.0,0.03,0.03,43.948992,1776381782000
1776381784.325,184.325,0.72,5.0,0.71,5.0,0.75,3.66,0.76,5.0,0.25,3.66,0.24,5.0,0.28,5.0,0.29,5.0,0.03,0.03,43.950102,1776381783000
1776381785.676,185.676,0.72,5.0,0.71,5.0,0.75,3.66,0.76,5.0,0.25,3.66,0.24,5.0,0.28,5.0,0.29,5.0,0.03,0.03,43.944298,1776381784000
1776381786.373,186.373,0.72,5.0,0.71,5.0,0.75,3.66,0.76,5.0,0.25,3.66,0.24,5.0,0.28,5.0,0.29,5.0,0.03,0.03,43.942796,1776381785000
1776381787.255,187.255,0.72,5.0,0.71,5.0,0.75,3.66,0.76,5.0,0.25,3.66,0.24,5.0,0.28,5.0,0.29,5.0,0.03,0.03,43.942171,1776381786000
1776381788.541,188.541,0.72,5.0,0.71,5.0,0.75,3.66,0.76,5.0,0.25,3.66,0.24,5.0,0.28,5.0,0.29,5.0,0.03,0.03,43.937686,1776381787000
1776381789.224,189.224,0.72,5.0,0.71,5.0,0.75,3.66,0.76,5.0,0.25,3.66,0.24,5.0,0.28,5.0,0.29,5.0,0.03,0.03,43.939861,1776381788000
1776381790.762,190.762,0.72,5.0,0.71,5.0,0.75,3.66,0.76,5.0,0.25,3.66,0.24,5.0,0.28,5.0,0.29,5.0,0.03,0.03,43.941653,1776381789000
1776381791.162,191.162,0.64,5.0,0.63,5.0,0.66,0.07,0.67,5.0,0.25,3.66,0.24,5.0,0.28,5.0,0.29,5.0,0.02,0.03,43.941653,1776381789000
1776381791.453,191.453,0.64,5.0,0.63,5.0,0.66,0.07,0.67,5.0,0.34,0.07,0.33,5.0,0.36,5.0,0.37,5.0,0.02,0.02,43.942248,1776381790000
1776381792.239,192.239,0.64,5.0,0.63,5.0,0.66,0.07,0.67,5.0,0.34,0.07,0.33,5.0,0.36,5.0,0.37,5.0,0.02,0.02,43.942972,1776381791000
1776381793.451,193.451,0.64,5.0,0.63,5.0,0.66,0.07,0.67,5.0,0.34,0.07,0.33,5.0,0.36,5.0,0.37,5.0,0.02,0.02,43.942938,1776381792000
1776381794.019,194.019,0.64,5.0,0.63,5.0,0.66,0.07,0.67,5.0,0.34,0.07,0.33,5.0,0.36,5.0,0.37,5.0,0.02,0.02,43.943337,1776381793000
1776381795.085,195.085,0.64,5.0,0.63,5.0,0.66,0.07,0.67,5.0,0.34,0.07,0.33,5.0,0.36,5.0,0.37,5.0,0.02,0.02,43.943702,1776381794000
1776381795.467,195.467,0.68,5.0,0.67,5.0,0.7,5.0,0.71,5.0,0.34,0.07,0.33,5.0,0.36,5.0,0.37,5.0,0.02,0.02,43.943702,1776381794000
1776381796.12,196.12,0.68,5.0,0.67,5.0,0.7,5.0,0.71,5.0,0.3,5.0,0.29,5.0,0.32,5.0,0.33,5.0,0.02,0.02,43.943882,1776381795000
1776381797.18,197.18,0.68,5.0,0.67,5.0,0.7,5.0,0.71,5.0,0.3,5.0,0.29,5.0,0.32,5.0,0.33,5.0,0.02,0.02,43.943999,1776381796000
1776381798.157,198.157,0.68,5.0,0.67,5.0,0.7,5.0,0.71,5.0,0.3,5.0,0.29,5.0,0.32,5.0,0.33,5.0,0.02,0.02,43.945407,1776381797000
1776381799.193,199.193,0.68,5.0,0.67,5.0,0.7,5.0,0.71,5.0,0.3,5.0,0.29,5.0,0.32,5.0,0.33,5.0,0.02,0.02,43.944284,1776381798000
1776381800.311,200.311,0.68,5.0,0.67,5.0,0.7,5.0,0.71,5.0,0.3,5.0,0.29,5.0,0.32,5.0,0.33,5.0,0.02,0.02,43.944284,1776381799000
1776381800.938,200.938,0.68,5.0,0.67,5.0,0.7,5.0,0.71,5.0,0.3,5.0,0.29,5.0,0.32,5.0,0.33,5.0,0.02,0.02,43.944284,1776381800000
1776381801.384,201.384,0.67,5.0,0.66,5.0,0.7,5.0,0.71,5.0,0.3,5.0,0.29,5.0,0.32,5.0,0.33,5.0,0.03,0.02,43.944284,1776381800000
1776381801.764,201.764,0.69,5.0,0.68,5.0,0.72,3.61,0.73,5.0,0.3,5.0,0.29,5.0,0.33,5.0,0.34,5.0,0.03,0.03,43.944284,1776381800000
1776381802.062,202.062,0.69,5.0,0.68,5.0,0.72,3.61,0.73,5.0,0.28,3.61,0.27,5.0,0.31,5.0,0.32,5.0,0.03,0.03,43.944694,1776381801000
1776381802.809,202.809,0.7,5.0,0.69,5.0,0.71,3.59,0.72,3.61,0.28,3.61,0.27,5.0,0.31,5.0,0.32,5.0,0.01,0.03,43.944694,1776381801000
1776381803.892,203.892,0.7,5.0,0.69,5.0,0.72,2.22,0.73,5.0,0.29,3.59,0.28,3.61,0.3,5.0,0.31,5.0,0.02,0.01,43.943873,1776381802000
1776381805.055,205.055,0.79,5.0,0.77,5.0,0.8,13.75,0.81,65.0,0.28,2.22,0.27,5.0,0.3,5.0,0.31,5.0,0.01,0.02,43.941822,1776381803000
1776381806.094,206.094,0.79,5.0,0.77,5.0,0.8,13.75,0.81,65.0,0.2,13.75,0.19,65.0,0.21,5.0,0.23,5.0,0.01,0.01,43.94251,1776381805000
1776381807.168,207.168,0.79,5.0,0.78,5.0,0.8,23.75,0.81,80.0,0.2,23.75,0.19,80.0,0.21,5.0,0.22,5.0,0.01,0.01,43.944561,1776381806000
1776381808.718,208.718,0.79,5.0,0.78,5.0,0.8,23.75,0.81,80.0,0.2,23.75,0.19,80.0,0.21,5.0,0.22,5.0,0.01,0.01,43.944971,1776381807000
1776381809.205,209.205,0.79,5.0,0.78,5.0,0.8,23.75,0.81,80.0,0.2,23.75,0.19,80.0,0.21,5.0,0.22,5.0,0.01,0.01,43.944561,1776381808000
1776381810.374,210.374,0.79,5.0,0.78,5.0,0.8,23.75,0.81,80.0,0.2,23.75,0.19,80.0,0.21,5.0,0.22,5.0,0.01,0.01,43.944971,1776381809000
1776381810.661,210.661,0.78,5.0,0.77,5.0,0.79,3.73,0.8,28.75,0.2,23.75,0.19,80.0,0.21,5.0,0.22,5.0,0.01,0.01,43.944971,1776381809000
1776381811.033,211.033,0.78,5.0,0.77,5.0,0.79,3.73,0.8,28.75,0.21,3.73,0.2,28.75,0.22,5.0,0.23,5.0,0.01,0.01,43.944833,1776381810000
1776381812.47,212.47,0.78,5.0,0.77,5.0,0.79,3.73,0.8,28.75,0.21,3.73,0.2,28.75,0.22,5.0,0.23,5.0,0.01,0.01,43.944833,1776381811000
1776381813.103,213.103,0.78,5.0,0.77,5.0,0.79,3.73,0.8,28.75,0.21,3.73,0.2,28.75,0.22,5.0,0.23,5.0,0.01,0.01,43.944833,1776381812000
1776381814.29,214.29,0.78,5.0,0.77,5.0,0.79,3.73,0.8,28.75,0.21,3.73,0.2,28.75,0.22,5.0,0.23,5.0,0.01,0.01,43.943938,1776381813000
1776381815.452,215.452,0.78,5.0,0.77,5.0,0.79,3.73,0.8,28.75,0.21,3.73,0.2,28.75,0.22,5.0,0.23,5.0,0.01,0.01,43.944694,1776381814000
1776381816.189,216.189,0.78,5.0,0.77,5.0,0.79,3.73,0.8,28.75,0.21,3.73,0.2,28.75,0.22,5.0,0.23,5.0,0.01,0.01,43.944694,1776381815000
1776381817.268,217.268,0.78,5.0,0.77,5.0,0.79,3.73,0.8,28.75,0.21,3.73,0.2,28.75,0.22,5.0,0.23,5.0,0.01,0.01,43.944272,1776381816000
1776381818.39,218.39,0.78,5.0,0.77,5.0,0.79,3.73,0.8,28.75,0.21,3.73,0.2,28.75,0.22,5.0,0.23,5.0,0.01,0.01,43.943886,1776381817000
1776381818.992,218.992,0.78,5.0,0.77,5.0,0.79,3.73,0.8,28.75,0.21,3.73,0.2,28.75,0.22,5.0,0.23,5.0,0.01,0.01,43.942802,1776381818000
1776381820.14,220.14,0.78,5.0,0.77,5.0,0.79,3.73,0.8,28.75,0.21,3.73,0.2,28.75,0.22,5.0,0.23,5.0,0.01,0.01,43.94348,1776381819000
1776381821.448,221.448,0.78,5.0,0.77,5.0,0.79,3.73,0.8,28.75,0.21,3.73,0.2,28.75,0.22,5.0,0.23,5.0,0.01,0.01,43.943359,1776381820000
1776381822.012,222.012,0.78,5.0,0.77,5.0,0.79,3.73,0.8,28.75,0.21,3.73,0.2,28.75,0.22,5.0,0.23,5.0,0.01,0.01,43.942843,1776381821000
1776381823.279,223.279,0.78,5.0,0.77,5.0,0.79,3.73,0.8,28.75,0.21,3.73,0.2,28.75,0.22,5.0,0.23,5.0,0.01,0.01,43.936511,1776381822000
1776381824.358,224.358,0.78,5.0,0.77,5.0,0.79,3.73,0.8,28.75,0.21,3.73,0.2,28.75,0.22,5.0,0.23,5.0,0.01,0.01,43.920072,1776381823000
1776381824.922,224.922,0.78,5.0,0.77,5.0,0.79,3.73,0.8,28.75,0.21,3.73,0.2,28.75,0.22,5.0,0.23,5.0,0.01,0.01,43.919313,1776381824000
1776381826.047,226.047,0.78,5.0,0.77,5.0,0.79,3.73,0.8,28.75,0.21,3.73,0.2,28.75,0.22,5.0,0.23,5.0,0.01,0.01,43.919314,1776381825000
1776381827.337,227.337,0.78,5.0,0.77,5.0,0.79,3.73,0.8,28.75,0.21,3.73,0.2,28.75,0.22,5.0,0.23,5.0,0.01,0.01,43.918235,1776381826000
1776381828.283,228.283,0.78,5.0,0.77,5.0,0.79,3.73,0.8,28.75,0.21,3.73,0.2,28.75,0.22,5.0,0.23,5.0,0.01,0.01,43.918301,1776381827000
1776381829.45,229.45,0.78,5.0,0.77,5.0,0.79,3.73,0.8,28.75,0.21,3.73,0.2,28.75,0.22,5.0,0.23,5.0,0.01,0.01,43.9187,1776381828000
1776381830.08,230.08,0.78,5.0,0.77,5.0,0.79,3.73,0.8,28.75,0.21,3.73,0.2,28.75,0.22,5.0,0.23,5.0,0.01,0.01,43.9187,1776381829000
1776381831.153,231.153,0.78,5.0,0.77,5.0,0.79,3.73,0.8,28.75,0.21,3.73,0.2,28.75,0.22,5.0,0.23,5.0,0.01,0.01,43.91862,1776381830000
1776381832.258,232.258,0.78,5.0,0.77,5.0,0.79,3.73,0.8,28.75,0.21,3.73,0.2,28.75,0.22,5.0,0.23,5.0,0.01,0.01,43.92096,1776381831000
1776381832.86,232.86,0.78,5.0,0.77,5.0,0.79,3.73,0.8,28.75,0.21,3.73,0.2,28.75,0.22,5.0,0.23,5.0,0.01,0.01,43.92096,1776381832000
1776381833.995,233.995,0.78,5.0,0.77,5.0,0.79,3.73,0.8,28.75,0.21,3.73,0.2,28.75,0.22,5.0,0.23,5.0,0.01,0.01,43.920534,1776381833000
1776381835.013,235.013,0.78,5.0,0.77,5.0,0.79,3.73,0.8,28.75,0.21,3.73,0.2,28.75,0.22,5.0,0.23,5.0,0.01,0.01,43.918926,1776381834000
1776381836.233,236.233,0.78,5.0,0.77,5.0,0.79,3.73,0.8,28.75,0.21,3.73,0.2,28.75,0.22,5.0,0.23,5.0,0.01,0.01,43.918882,1776381835000
1776381837.941,237.941,0.78,5.0,0.77,5.0,0.79,3.73,0.8,28.75,0.21,3.73,0.2,28.75,0.22,5.0,0.23,5.0,0.01,0.01,43.917416,1776381836000
1776381838.424,238.424,0.78,5.0,0.77,5.0,0.79,3.73,0.8,28.75,0.21,3.73,0.2,28.75,0.22,5.0,0.23,5.0,0.01,0.01,43.917416,1776381837000
1776381839.231,239.231,0.78,5.0,0.77,5.0,0.79,3.73,0.8,28.75,0.21,3.73,0.2,28.75,0.22,5.0,0.23,5.0,0.01,0.01,43.917382,1776381838000
1776381840.235,240.235,0.78,5.0,0.77,5.0,0.79,3.73,0.8,28.75,0.21,3.73,0.2,28.75,0.22,5.0,0.23,5.0,0.01,0.01,43.917373,1776381839000
1776381841.231,241.231,0.78,5.0,0.77,5.0,0.79,3.73,0.8,28.75,0.21,3.73,0.2,28.75,0.22,5.0,0.23,5.0,0.01,0.01,43.917373,1776381840000
1776381842.232,242.232,0.78,5.0,0.77,5.0,0.79,3.73,0.8,28.75,0.21,3.73,0.2,28.75,0.22,5.0,0.23,5.0,0.01,0.01,43.917506,1776381841000
1776381843.104,243.104,0.78,5.0,0.77,5.0,0.79,3.73,0.8,28.75,0.21,3.73,0.2,28.75,0.22,5.0,0.23,5.0,0.01,0.01,43.916972,1776381842000
1776381843.995,243.995,0.49,5.0,0.48,5.0,0.51,5.0,0.52,20.0,0.21,3.73,0.2,28.75,0.22,5.0,0.23,5.0,0.02,0.01,43.916972,1776381842000
1776381845.028,245.028,0.47,3.7,0.46,5.0,0.49,5.0,0.5,5.0,0.49,5.0,0.48,20.0,0.51,5.0,0.52,5.0,0.02,0.02,43.915223,1776381843000
1776381845.961,245.961,0.47,3.7,0.46,5.0,0.49,5.0,0.5,5.0,0.51,5.0,0.5,5.0,0.53,3.7,0.54,5.0,0.02,0.02,43.914443,1776381845000
1776381847.004,247.004,0.47,3.7,0.46,5.0,0.49,5.0,0.5,5.0,0.51,5.0,0.5,5.0,0.53,3.7,0.54,5.0,0.02,0.02,43.91409,1776381846000
1776381847.58,247.58,0.57,5.0,0.56,5.0,0.59,5.0,0.6,5.0,0.51,5.0,0.5,5.0,0.53,3.7,0.54,5.0,0.02,0.02,43.91409,1776381846000
1776381847.896,247.896,0.57,5.0,0.56,5.0,0.59,5.0,0.6,5.0,0.41,5.0,0.4,5.0,0.43,5.0,0.44,5.0,0.02,0.02,43.915602,1776381847000
1776381848.924,248.924,0.57,5.0,0.56,5.0,0.59,5.0,0.6,5.0,0.41,5.0,0.4,5.0,0.43,5.0,0.44,5.0,0.02,0.02,43.917117,1776381848000
1776381849.346,249.346,0.51,5.0,0.5,5.0,0.55,5.0,0.56,5.0,0.41,5.0,0.4,5.0,0.43,5.0,0.44,5.0,0.04,0.02,43.917117,1776381848000
1776381850.26,250.26,0.51,5.0,0.5,5.0,0.55,5.0,0.56,5.0,0.45,5.0,0.44,5.0,0.49,5.0,0.5,5.0,0.04,0.04,43.917117,1776381849000
1776381850.851,250.851,0.51,5.0,0.5,5.0,0.55,5.0,0.56,5.0,0.45,5.0,0.44,5.0,0.49,5.0,0.5,5.0,0.04,0.04,43.916167,1776381850000
1776381851.961,251.961,0.51,5.0,0.5,5.0,0.55,5.0,0.56,5.0,0.45,5.0,0.44,5.0,0.49,5.0,0.5,5.0,0.04,0.04,43.916502,1776381851000
1776381852.949,252.949,0.51,5.0,0.5,5.0,0.55,5.0,0.56,5.0,0.45,5.0,0.44,5.0,0.49,5.0,0.5,5.0,0.04,0.04,43.916502,1776381852000
1776381854.001,254.001,0.51,5.0,0.5,5.0,0.55,5.0,0.56,5.0,0.45,5.0,0.44,5.0,0.49,5.0,0.5,5.0,0.04,0.04,43.916159,1776381853000
1776381854.87,254.87,0.2,20.0,0.19,20.0,0.23,4.56,0.24,5.0,0.45,5.0,0.44,5.0,0.49,5.0,0.5,5.0,0.03,0.04,43.916159,1776381853000
1776381855.09,255.09,0.22,5.0,0.21,5.0,0.24,3.37,0.25,5.0,0.77,4.56,0.76,5.0,0.8,20.0,0.81,20.0,0.02,0.03,43.916159,1776381853000
1776381856.172,256.172,0.22,5.0,0.21,5.0,0.24,3.37,0.25,5.0,0.76,3.37,0.75,5.0,0.78,5.0,0.79,5.0,0.02,0.02,43.910384,1776381855000
1776381857.271,257.271,0.22,5.0,0.21,5.0,0.24,3.37,0.25,5.0,0.76,3.37,0.75,5.0,0.78,5.0,0.79,5.0,0.02,0.02,43.896915,1776381856000
1776381858.446,258.446,0.22,5.0,0.21,5.0,0.24,3.37,0.25,5.0,0.76,3.37,0.75,5.0,0.78,5.0,0.79,5.0,0.02,0.02,43.896519,1776381857000
1776381859.01,259.01,0.22,5.0,0.21,5.0,0.24,3.37,0.25,5.0,0.76,3.37,0.75,5.0,0.78,5.0,0.79,5.0,0.02,0.02,43.897578,1776381858000
1776381860.047,260.047,0.22,5.0,0.21,5.0,0.24,3.37,0.25,5.0,0.76,3.37,0.75,5.0,0.78,5.0,0.79,5.0,0.02,0.02,43.903598,1776381859000
1776381861.089,261.089,0.22,5.0,0.21,5.0,0.24,3.37,0.25,5.0,0.76,3.37,0.75,5.0,0.78,5.0,0.79,5.0,0.02,0.02,43.896698,1776381860000
1776381862.31,262.31,0.22,5.0,0.21,5.0,0.24,3.37,0.25,5.0,0.76,3.37,0.75,5.0,0.78,5.0,0.79,5.0,0.02,0.02,43.897433,1776381861000
1776381863.268,263.268,0.22,5.0,0.21,5.0,0.24,3.37,0.25,5.0,0.76,3.37,0.75,5.0,0.78,5.0,0.79,5.0,0.02,0.02,43.904945,1776381862000
1776381864.125,264.125,0.71,0.86,0.7,5.0,0.72,5.0,0.73,5.0,0.76,3.37,0.75,5.0,0.78,5.0,0.79,5.0,0.01,0.02,43.904945,1776381862000
1776381864.419,264.419,0.71,0.86,0.7,5.0,0.72,5.0,0.73,5.0,0.28,5.0,0.27,5.0,0.29,0.86,0.3,5.0,0.01,0.01,43.904387,1776381863000
1776381864.978,264.978,0.68,5.0,0.67,5.0,0.7,2.14,0.71,5.0,0.3,2.14,0.29,5.0,0.32,5.0,0.33,5.0,0.02,0.02,43.904387,1776381864000
1776381865.428,265.428,0.65,5.0,0.64,5.0,0.69,5.0,0.7,5.0,0.3,2.14,0.29,5.0,0.32,5.0,0.33,5.0,0.04,0.02,43.904387,1776381864000
1776381865.725,265.725,0.67,5.0,0.66,5.0,0.69,2.69,0.7,5.0,0.31,5.0,0.3,5.0,0.35,5.0,0.36,5.0,0.02,0.04,43.904387,1776381864000
1776381866.05,266.05,0.67,5.0,0.66,5.0,0.69,2.69,0.7,5.0,0.31,2.69,0.3,5.0,0.33,5.0,0.34,5.0,0.02,0.02,43.918846,1776381865000
1776381866.485,266.485,0.64,5.0,0.63,5.0,0.65,3.44,0.66,5.0,0.31,2.69,0.3,5.0,0.33,5.0,0.34,5.0,0.01,0.02,43.918846,1776381865000
1776381866.79,266.79,0.64,35.0,0.61,5.0,0.66,3.38,0.67,5.0,0.35,3.44,0.34,5.0,0.36,5.0,0.37,5.0,0.02,0.01,43.918846,1776381865000
1776381867.044,267.044,0.64,35.0,0.61,5.0,0.66,3.38,0.67,5.0,0.34,3.38,0.33,5.0,0.36,35.0,0.39,5.0,0.02,0.02,43.92487,1776381866000
1776381867.362,267.362,0.76,5.0,0.75,5.0,0.8,8.75,0.82,15.0,0.34,3.38,0.33,5.0,0.36,35.0,0.39,5.0,0.04,0.02,43.92487,1776381866000
1776381868.055,268.055,0.79,51.0,0.78,5.0,0.8,3.68,0.84,5.0,0.2,8.75,0.18,15.0,0.24,5.0,0.25,5.0,0.01,0.04,43.92487,1776381866000
1776381869.1,269.1,0.79,51.0,0.78,5.0,0.8,3.68,0.84,5.0,0.2,3.68,0.16,5.0,0.21,51.0,0.22,5.0,0.01,0.01,43.92579,1776381868000
1776381870.191,270.191,0.79,51.0,0.78,5.0,0.8,3.68,0.84,5.0,0.2,3.68,0.16,5.0,0.21,51.0,0.22,5.0,0.01,0.01,43.935431,1776381869000
1776381870.61,270.61,0.79,46.0,0.78,5.0,0.8,7.43,0.81,5.0,0.2,3.68,0.16,5.0,0.21,51.0,0.22,5.0,0.01,0.01,43.935431,1776381869000
1776381871.235,271.235,0.79,46.0,0.78,5.0,0.8,7.43,0.81,5.0,0.2,7.43,0.19,5.0,0.21,46.0,0.22,5.0,0.01,0.01,43.936372,1776381870000
1776381871.455,271.455,0.79,46.0,0.77,5.0,0.81,0.43,0.82,5.0,0.2,7.43,0.19,5.0,0.21,46.0,0.22,5.0,0.02,0.01,43.936372,1776381870000
1776381872.275,272.275,0.79,46.0,0.77,5.0,0.81,0.43,0.82,5.0,0.19,0.43,0.18,5.0,0.21,46.0,0.23,5.0,0.02,0.02,43.935672,1776381871000
1776381873.259,273.259,0.79,46.0,0.77,5.0,0.81,0.43,0.82,5.0,0.19,0.43,0.18,5.0,0.21,46.0,0.23,5.0,0.02,0.02,43.935646,1776381872000
1776381874.247,274.247,0.79,46.0,0.77,5.0,0.81,0.43,0.82,5.0,0.19,0.43,0.18,5.0,0.21,46.0,0.23,5.0,0.02,0.02,43.935695,1776381873000
1776381874.707,274.707,0.9,61.0,0.89,5.0,0.91,10.9,0.92,12.0,0.19,0.43,0.18,5.0,0.21,46.0,0.23,5.0,0.01,0.02,43.935695,1776381873000
1776381875.246,275.246,0.9,61.0,0.89,5.0,0.91,10.9,0.92,12.0,0.09,10.9,0.08,12.0,0.1,61.0,0.11,5.0,0.01,0.01,43.935712,1776381874000
1776381875.832,275.832,0.9,66.0,0.89,5.0,0.91,5.41,0.92,17.0,0.09,10.9,0.08,12.0,0.1,61.0,0.11,5.0,0.01,0.01,43.935712,1776381874000
1776381876.282,276.282,0.9,66.0,0.89,5.0,0.91,5.41,0.92,17.0,0.09,5.41,0.08,17.0,0.1,66.0,0.11,5.0,0.01,0.01,43.938176,1776381875000
1776381877.978,277.978,0.9,66.0,0.89,5.0,0.91,5.41,0.92,17.0,0.09,5.41,0.08,17.0,0.1,66.0,0.11,5.0,0.01,0.01,43.94676,1776381876000
1776381878.28,278.28,0.9,5.0,0.89,5.0,0.91,53.2,0.92,17.0,0.09,5.41,0.08,17.0,0.1,66.0,0.11,5.0,0.01,0.01,43.94676,1776381876000
1776381878.795,278.795,0.9,5.0,0.89,5.0,0.91,53.2,0.92,17.0,0.09,53.2,0.08,17.0,0.1,5.0,0.11,5.0,0.01,0.01,43.944351,1776381877000
1776381879.425,279.425,0.9,5.0,0.89,5.0,0.91,53.2,0.92,17.0,0.09,53.2,0.08,17.0,0.1,5.0,0.11,5.0,0.01,0.01,43.942411,1776381878000
1776381880.043,280.043,0.9,5.0,0.89,5.0,0.91,53.2,0.92,17.0,0.09,53.2,0.08,17.0,0.1,5.0,0.11,5.0,0.01,0.01,43.940647,1776381879000
1776381881.395,281.395,0.9,5.0,0.89,5.0,0.91,53.2,0.92,17.0,0.09,53.2,0.08,17.0,0.1,5.0,0.11,5.0,0.01,0.01,43.940684,1776381880000
1776381881.989,281.989,0.72,45.21,0.71,5.0,0.74,5.0,0.75,5.0,0.09,53.2,0.08,17.0,0.1,5.0,0.11,5.0,0.02,0.01,43.940684,1776381880000
1776381882.677,282.677,0.72,45.21,0.71,5.0,0.74,5.0,0.75,5.0,0.26,5.0,0.25,5.0,0.28,45.21,0.29,5.0,0.02,0.02,43.939224,1776381881000
1776381883.286,283.286,0.72,45.21,0.71,5.0,0.74,5.0,0.75,5.0,0.26,5.0,0.25,5.0,0.28,45.21,0.29,5.0,0.02,0.02,43.934865,1776381882000
1776381883.526,283.526,0.55,1.12,0.54,5.0,0.58,2.93,0.59,5.0,0.42,2.93,0.41,5.0,0.44,5.0,0.45,5.0,0.03,0.02,43.934865,1776381882000
1776381883.966,283.966,0.18,5.0,0.17,5.0,0.25,5.0,0.26,5.0,0.42,2.93,0.41,5.0,0.45,1.12,0.46,5.0,0.07,0.03,43.934865,1776381882000
1776381884.185,284.185,0.19,4.44,0.18,5.0,0.22,13.0,0.31,5.0,0.78,13.0,0.7,5.0,0.79,5.0,0.8,5.0,0.03,0.01,43.934865,1776381882000
1776381885.581,285.581,0.19,4.44,0.18,5.0,0.22,5.5,0.31,5.0,0.78,5.5,0.69,5.0,0.81,4.44,0.82,5.0,0.03,0.03,43.919449,1776381884000
1776381886.131,286.131,0.22,35.4,0.21,5.0,0.25,5.0,0.26,5.0,0.78,5.5,0.69,5.0,0.81,4.44,0.82,5.0,0.03,0.03,43.919449,1776381884000
1776381887.434,287.434,0.22,35.4,0.21,5.0,0.25,5.0,0.26,5.0,0.75,5.0,0.74,5.0,0.78,35.4,0.79,5.0,0.03,0.03,43.90372,1776381886000
1776381888.168,288.168,0.22,35.4,0.15,5.0,0.24,5.0,0.25,5.0,0.75,5.0,0.74,5.0,0.78,35.4,0.79,5.0,0.02,0.03,43.90372,1776381886000
1776381888.505,288.505,0.22,35.4,0.15,5.0,0.24,5.0,0.25,5.0,0.76,5.0,0.75,5.0,0.78,35.4,0.85,5.0,0.02,0.02,43.903309,1776381887000
1776381889.452,289.452,0.22,35.4,0.15,5.0,0.24,5.0,0.25,5.0,0.76,5.0,0.75,5.0,0.78,35.4,0.85,5.0,0.02,0.02,43.902568,1776381888000
1776381890.574,290.574,0.22,20.4,0.12,5.0,0.23,5.0,0.24,5.0,0.76,5.0,0.75,5.0,0.78,35.4,0.85,5.0,0.01,0.02,43.902997,1776381889000
1776381891.08,291.08,0.22,19.11,0.12,5.0,0.23,5.0,0.24,5.0,0.77,5.0,0.76,5.0,0.78,20.4,0.88,5.0,0.01,0.01,43.902997,1776381889000
1776381891.449,291.449,0.22,14.11,0.12,5.0,0.23,5.0,0.24,5.0,0.77,5.0,0.76,5.0,0.78,19.11,0.88,5.0,0.01,0.01,43.90042,1776381890000
1776381893.307,293.307,0.09,11.0,0.08,12.0,0.23,13.57,0.24,5.0,0.77,5.0,0.76,5.0,0.78,14.11,0.88,5.0,0.14,0.01,43.897057,1776381892000
1776381893.881,293.881,0.06,18.42,0.05,25.0,0.1,5.0,0.11,5.0,0.77,13.57,0.76,5.0,0.91,11.0,0.92,12.0,0.04,0.14,43.897057,1776381892000
1776381894.797,294.797,0.06,2.64,0.05,20.0,0.07,5.0,0.08,5.0,0.9,5.0,0.89,5.0,0.94,18.42,0.95,25.0,0.01,0.04,43.896954,1776381893000
1776381896.548,296.548,0.05,23.85,0.04,30.0,0.06,5.0,0.36,5.0,0.93,5.0,0.92,5.0,0.94,2.64,0.95,20.0,0.01,0.01,43.896678,1776381895000
1776381896.985,296.985,0.13,4.52,0.12,5.0,0.17,5.0,0.18,5.0,0.78,5.0,0.77,5.0,0.89,50.0,0.95,9.22,0.04,0.11,43.896678,1776381895000
1776381897.209,297.209,0.11,4.08,0.1,5.0,0.13,5.0,0.14,5.0,0.84,5.0,0.83,5.0,0.87,3.17,0.88,5.0,0.02,0.03,43.896678,1776381895000
1776381897.458,297.458,0.11,2.83,0.1,5.0,0.12,5.0,0.13,5.0,0.87,5.0,0.86,5.0,0.89,4.08,0.9,5.0,0.01,0.02,43.896678,1776381895000
1776381898.107,298.107,0.04,23.0,0.03,38.0,0.09,5.0,0.1,5.0,0.89,5.0,0.88,5.0,0.9,0.17,0.91,5.0,0.05,0.01,43.896301,1776381896000
1776381898.414,298.414,0.04,6.89,0.03,38.0,0.05,5.0,0.06,5.0,0.95,5.0,0.94,5.0,0.96,8.0,0.97,38.0,0.01,0.01,43.896301,1776381897000
1776381898.706,298.706,0.02,43.74,0.01,180.0,0.04,5.0,0.05,5.0,0.95,5.0,0.94,5.0,0.97,19.4,0.98,70.0,0.02,0.02,43.896301,1776381897000
1776381898.999,298.999,0.02,28.74,0.01,180.0,0.03,5.0,0.04,5.0,0.96,5.0,0.95,5.0,0.98,43.74,0.99,180.0,0.01,0.02,43.896301,1776381897000
1776381899.534,299.534,0.01,164.85,,,0.03,5.0,0.04,5.0,0.97,5.0,0.96,5.0,0.99,180.0,,,0.02,0.02,43.899567,1776381898000
1776381899.895,299.895,0.01,137.56,,,0.03,5.0,0.04,5.0,0.97,5.0,0.96,5.0,0.99,139.59,,,0.02,0.02,43.899567,1776381898000
1776381900.112,300.112,0.01,98.56,,,0.03,5.0,0.04,5.0,0.97,5.0,0.96,5.0,0.99,137.56,,,0.02,0.02,43.899567,1776381898000
1776381900.319,300.319,0.01,35.54,,,0.2,10.0,0.23,5.0,0.8,10.0,0.77,5.0,0.99,40.54,,,0.19,0.19,43.899567,1776381898000
1776381900.976,300.976,,,,,0.01,149.54,0.03,5.0,0.99,40.46,0.77,5.0,,,,,,,43.898417,1776381899000

# RESULT,winner=Down,slug=hype-updown-5m-1776381600,ticks=340
