timestamp,elapsed_sec,up_bid_p1,up_bid_s1,up_bid_p2,up_bid_s2,up_ask_p1,up_ask_s1,up_ask_p2,up_ask_s2,down_bid_p1,down_bid_s1,down_bid_p2,down_bid_s2,down_ask_p1,down_ask_s1,down_ask_p2,down_ask_s2,up_spread,down_spread,hype_price,hype_oracle_ts
1776230101.264,1.264,,,,,,,,,,,,,,,,,,,43.696127,1776230100000
1776230101.474,1.474,0.51,5.0,0.11,100.0,0.89,100.0,0.92,50.0,0.11,100.0,0.08,50.0,0.49,5.0,0.89,100.0,0.38,0.38,43.696127,1776230100000
1776230101.89,1.89,0.51,5.0,0.11,100.0,0.89,100.0,0.92,50.0,0.11,100.0,0.08,50.0,0.49,5.0,0.89,100.0,0.38,0.38,43.696127,1776230100000
1776230102.288,2.288,0.51,5.0,0.11,100.0,0.89,100.0,0.92,50.0,0.11,100.0,0.08,50.0,0.49,5.0,0.89,100.0,0.38,0.38,43.694707,1776230101000
1776230103.406,3.406,0.51,5.0,0.11,100.0,0.89,100.0,0.92,50.0,0.11,100.0,0.08,50.0,0.49,5.0,0.89,100.0,0.38,0.38,43.696721,1776230102000
1776230104.377,4.377,0.51,5.0,0.11,100.0,0.89,100.0,0.92,50.0,0.11,100.0,0.08,50.0,0.49,5.0,0.89,100.0,0.38,0.38,43.696117,1776230103000
1776230104.84,4.84,0.51,5.0,0.11,100.0,0.89,100.0,0.92,50.0,0.11,100.0,0.08,50.0,0.49,5.0,0.89,100.0,0.38,0.38,43.696142,1776230104000
1776230105.931,5.931,0.51,5.0,0.11,100.0,0.89,100.0,0.92,50.0,0.11,100.0,0.08,50.0,0.49,5.0,0.89,100.0,0.38,0.38,43.702321,1776230105000
1776230106.882,6.882,0.51,5.0,0.11,100.0,0.89,100.0,0.92,50.0,0.11,100.0,0.08,50.0,0.49,5.0,0.89,100.0,0.38,0.38,43.703145,1776230106000
1776230107.974,7.974,0.51,5.0,0.11,100.0,0.89,100.0,0.92,50.0,0.11,100.0,0.08,50.0,0.49,5.0,0.89,100.0,0.38,0.38,43.701233,1776230107000
1776230110.44,10.44,0.51,5.0,0.11,100.0,0.89,100.0,0.92,50.0,0.11,100.0,0.08,50.0,0.49,5.0,0.89,100.0,0.38,0.38,43.701074,1776230109000
1776230110.937,10.937,0.51,5.0,0.11,100.0,0.89,100.0,0.92,50.0,0.11,100.0,0.08,50.0,0.49,5.0,0.89,100.0,0.38,0.38,43.701074,1776230110000
1776230111.921,11.921,0.51,5.0,0.11,100.0,0.89,100.0,0.92,50.0,0.11,100.0,0.08,50.0,0.49,5.0,0.89,100.0,0.38,0.38,43.699149,1776230111000
1776230112.932,12.932,0.51,5.0,0.11,100.0,0.89,100.0,0.92,50.0,0.11,100.0,0.08,50.0,0.49,5.0,0.89,100.0,0.38,0.38,43.700894,1776230112000
1776230113.952,13.952,0.51,5.0,0.11,100.0,0.89,100.0,0.92,50.0,0.11,100.0,0.08,50.0,0.49,5.0,0.89,100.0,0.38,0.38,43.70108,1776230113000
1776230114.811,14.811,0.51,5.0,0.11,100.0,0.89,100.0,0.92,50.0,0.11,100.0,0.08,50.0,0.49,5.0,0.89,100.0,0.38,0.38,43.700948,1776230114000
1776230116.649,16.649,0.51,5.0,0.11,100.0,0.89,100.0,0.92,50.0,0.11,100.0,0.08,50.0,0.49,5.0,0.89,100.0,0.38,0.38,43.702249,1776230115000
1776230117.225,17.225,0.51,5.0,0.11,100.0,0.89,100.0,0.92,50.0,0.11,100.0,0.08,50.0,0.49,5.0,0.89,100.0,0.38,0.38,43.702249,1776230116000
1776230117.641,17.641,0.56,10.0,0.51,5.0,0.73,5.93,0.89,100.0,0.11,100.0,0.08,50.0,0.49,5.0,0.89,100.0,0.17,0.38,43.702249,1776230116000
1776230118.278,18.278,0.56,10.0,0.51,5.0,0.73,5.93,0.89,100.0,0.27,5.93,0.11,100.0,0.44,10.0,0.49,5.0,0.17,0.17,43.702018,1776230117000
1776230119.375,19.375,0.56,10.0,0.51,5.0,0.73,5.93,0.89,100.0,0.27,5.93,0.11,100.0,0.44,10.0,0.49,5.0,0.17,0.17,43.710402,1776230118000
1776230120.464,20.464,0.56,10.0,0.51,5.0,0.73,5.93,0.89,100.0,0.27,5.93,0.11,100.0,0.44,10.0,0.49,5.0,0.17,0.17,43.714634,1776230119000
1776230121.059,21.059,0.56,10.0,0.51,5.0,0.73,5.93,0.89,100.0,0.27,5.93,0.11,100.0,0.44,10.0,0.49,5.0,0.17,0.17,43.714634,1776230120000
1776230122.176,22.176,0.56,10.0,0.51,5.0,0.73,5.93,0.89,100.0,0.27,5.93,0.11,100.0,0.44,10.0,0.49,5.0,0.17,0.17,43.71474,1776230121000
1776230123.936,23.936,0.56,10.0,0.51,5.0,0.73,5.93,0.89,100.0,0.27,5.93,0.11,100.0,0.44,10.0,0.49,5.0,0.17,0.17,43.712302,1776230123000
1776230125.11,25.11,0.56,10.0,0.51,5.0,0.73,5.93,0.89,100.0,0.27,5.93,0.11,100.0,0.44,10.0,0.49,5.0,0.17,0.17,43.703729,1776230124000
1776230126.287,26.287,0.56,10.0,0.51,5.0,0.73,5.93,0.89,100.0,0.27,5.93,0.11,100.0,0.44,10.0,0.49,5.0,0.17,0.17,43.702208,1776230125000
1776230127.577,27.577,0.56,10.0,0.51,5.0,0.73,5.93,0.89,100.0,0.27,5.93,0.11,100.0,0.44,10.0,0.49,5.0,0.17,0.17,43.702807,1776230126000
1776230128.173,28.173,0.56,10.0,0.51,5.0,0.73,5.93,0.89,100.0,0.27,5.93,0.11,100.0,0.44,10.0,0.49,5.0,0.17,0.17,43.703114,1776230127000
1776230129.319,29.319,0.56,10.0,0.51,5.0,0.73,5.93,0.89,100.0,0.27,5.93,0.11,100.0,0.44,10.0,0.49,5.0,0.17,0.17,43.704113,1776230128000
1776230129.964,29.964,0.56,10.0,0.51,5.0,0.73,5.93,0.89,100.0,0.27,5.93,0.11,100.0,0.44,10.0,0.49,5.0,0.17,0.17,43.704756,1776230129000
1776230130.957,30.957,0.56,10.0,0.51,5.0,0.73,5.93,0.89,100.0,0.27,5.93,0.11,100.0,0.44,10.0,0.49,5.0,0.17,0.17,43.704756,1776230130000
1776230132.084,32.084,0.56,10.0,0.51,5.0,0.73,5.93,0.89,100.0,0.27,5.93,0.11,100.0,0.44,10.0,0.49,5.0,0.17,0.17,43.703559,1776230131000
1776230133.282,33.282,0.56,10.0,0.51,5.0,0.73,5.93,0.89,100.0,0.27,5.93,0.11,100.0,0.44,10.0,0.49,5.0,0.17,0.17,43.704136,1776230132000
1776230134.478,34.478,0.56,10.0,0.51,5.0,0.73,5.93,0.89,100.0,0.27,5.93,0.11,100.0,0.44,10.0,0.49,5.0,0.17,0.17,43.704145,1776230133000
1776230135.088,35.088,0.56,10.0,0.51,5.0,0.73,5.93,0.89,100.0,0.27,5.93,0.11,100.0,0.44,10.0,0.49,5.0,0.17,0.17,43.704955,1776230134000
1776230136.147,36.147,0.56,10.0,0.51,5.0,0.73,5.93,0.89,100.0,0.27,5.93,0.11,100.0,0.44,10.0,0.49,5.0,0.17,0.17,43.705682,1776230135000
1776230137.215,37.215,0.56,10.0,0.51,5.0,0.73,5.93,0.89,100.0,0.27,5.93,0.11,100.0,0.44,10.0,0.49,5.0,0.17,0.17,43.704997,1776230136000
1776230138.35,38.35,0.56,10.0,0.51,5.0,0.73,5.93,0.89,100.0,0.27,5.93,0.11,100.0,0.44,10.0,0.49,5.0,0.17,0.17,43.704985,1776230137000
1776230139.813,39.813,0.56,10.0,0.51,5.0,0.73,5.93,0.89,100.0,0.27,5.93,0.11,100.0,0.44,10.0,0.49,5.0,0.17,0.17,43.706307,1776230138000
1776230140.329,40.329,0.56,10.0,0.51,5.0,0.73,5.93,0.89,100.0,0.27,5.93,0.11,100.0,0.44,10.0,0.49,5.0,0.17,0.17,43.706307,1776230139000
1776230141.383,41.383,0.56,10.0,0.51,5.0,0.73,5.93,0.89,100.0,0.27,5.93,0.11,100.0,0.44,10.0,0.49,5.0,0.17,0.17,43.706307,1776230140000
1776230142.34,42.34,0.56,10.0,0.51,5.0,0.73,5.93,0.89,100.0,0.27,5.93,0.11,100.0,0.44,10.0,0.49,5.0,0.17,0.17,43.710741,1776230141000
1776230142.894,42.894,0.56,10.0,0.51,5.0,0.73,5.93,0.89,100.0,0.27,5.93,0.11,100.0,0.44,10.0,0.49,5.0,0.17,0.17,43.712435,1776230142000
1776230143.917,43.917,0.56,10.0,0.51,5.0,0.73,5.93,0.89,100.0,0.27,5.93,0.11,100.0,0.44,10.0,0.49,5.0,0.17,0.17,43.713129,1776230143000
1776230144.918,44.918,0.56,10.0,0.51,5.0,0.73,5.93,0.89,100.0,0.27,5.93,0.11,100.0,0.44,10.0,0.49,5.0,0.17,0.17,43.719583,1776230144000
1776230146.03,46.03,0.56,10.0,0.51,5.0,0.73,5.93,0.89,100.0,0.27,5.93,0.11,100.0,0.44,10.0,0.49,5.0,0.17,0.17,43.720633,1776230145000
1776230147.104,47.104,0.56,10.0,0.51,5.0,0.73,5.93,0.89,100.0,0.27,5.93,0.11,100.0,0.44,10.0,0.49,5.0,0.17,0.17,43.720566,1776230146000
1776230148.143,48.143,0.56,10.0,0.51,5.0,0.73,5.93,0.89,100.0,0.27,5.93,0.11,100.0,0.44,10.0,0.49,5.0,0.17,0.17,43.720963,1776230147000
1776230149.155,49.155,0.56,10.0,0.51,5.0,0.73,5.93,0.89,100.0,0.27,5.93,0.11,100.0,0.44,10.0,0.49,5.0,0.17,0.17,43.722644,1776230148000
1776230150.091,50.091,0.56,10.0,0.51,5.0,0.73,5.93,0.89,100.0,0.27,5.93,0.11,100.0,0.44,10.0,0.49,5.0,0.17,0.17,43.722985,1776230149000
1776230151.102,51.102,0.56,10.0,0.51,5.0,0.73,5.93,0.89,100.0,0.27,5.93,0.11,100.0,0.44,10.0,0.49,5.0,0.17,0.17,43.722987,1776230150000
1776230152.1,52.1,0.56,10.0,0.51,5.0,0.73,5.93,0.89,100.0,0.27,5.93,0.11,100.0,0.44,10.0,0.49,5.0,0.17,0.17,43.722987,1776230151000
1776230153.275,53.275,0.56,10.0,0.51,5.0,0.73,5.93,0.89,100.0,0.27,5.93,0.11,100.0,0.44,10.0,0.49,5.0,0.17,0.17,43.722679,1776230152000
1776230154.8,54.8,0.56,10.0,0.51,5.0,0.73,5.93,0.89,100.0,0.27,5.93,0.11,100.0,0.44,10.0,0.49,5.0,0.17,0.17,43.72246,1776230153000
1776230155.434,55.434,0.56,10.0,0.51,5.0,0.73,5.93,0.89,100.0,0.27,5.93,0.11,100.0,0.44,10.0,0.49,5.0,0.17,0.17,43.721708,1776230154000
1776230156.083,56.083,0.56,10.0,0.51,5.0,0.73,5.93,0.89,100.0,0.27,5.93,0.11,100.0,0.44,10.0,0.49,5.0,0.17,0.17,43.722017,1776230155000
1776230157.726,57.726,0.56,10.0,0.51,5.0,0.73,5.93,0.89,100.0,0.27,5.93,0.11,100.0,0.44,10.0,0.49,5.0,0.17,0.17,43.728874,1776230156000
1776230158.314,58.314,0.56,10.0,0.51,5.0,0.73,5.93,0.89,100.0,0.27,5.93,0.11,100.0,0.44,10.0,0.49,5.0,0.17,0.17,43.729341,1776230157000
1776230158.92,58.92,0.56,10.0,0.51,5.0,0.73,5.93,0.89,100.0,0.27,5.93,0.11,100.0,0.44,10.0,0.49,5.0,0.17,0.17,43.728289,1776230158000
1776230160.425,60.425,0.56,10.0,0.51,5.0,0.73,5.93,0.89,100.0,0.27,5.93,0.11,100.0,0.44,10.0,0.49,5.0,0.17,0.17,43.73339,1776230159000
1776230161.083,61.083,0.56,10.0,0.51,5.0,0.73,5.93,0.89,100.0,0.27,5.93,0.11,100.0,0.44,10.0,0.49,5.0,0.17,0.17,43.73532,1776230160000
1776230162.44,62.44,0.56,10.0,0.51,5.0,0.73,5.93,0.89,100.0,0.27,5.93,0.11,100.0,0.44,10.0,0.49,5.0,0.17,0.17,43.733767,1776230161000
1776230163.12,63.12,0.56,10.0,0.51,5.0,0.73,5.93,0.89,100.0,0.27,5.93,0.11,100.0,0.44,10.0,0.49,5.0,0.17,0.17,43.735146,1776230162000
1776230164.505,64.505,0.56,10.0,0.51,5.0,0.73,5.93,0.89,100.0,0.27,5.93,0.11,100.0,0.44,10.0,0.49,5.0,0.17,0.17,43.735939,1776230163000
1776230165.142,65.142,0.56,10.0,0.51,5.0,0.73,5.93,0.89,100.0,0.27,5.93,0.11,100.0,0.44,10.0,0.49,5.0,0.17,0.17,43.746963,1776230164000
1776230166.419,66.419,0.56,10.0,0.51,5.0,0.73,5.93,0.89,100.0,0.27,5.93,0.11,100.0,0.44,10.0,0.49,5.0,0.17,0.17,43.747799,1776230165000
1776230167.163,67.163,0.56,10.0,0.51,5.0,0.73,5.93,0.89,100.0,0.27,5.93,0.11,100.0,0.44,10.0,0.49,5.0,0.17,0.17,43.748938,1776230166000
1776230168.568,68.568,0.56,10.0,0.51,5.0,0.73,5.93,0.89,100.0,0.27,5.93,0.11,100.0,0.44,10.0,0.49,5.0,0.17,0.17,43.749283,1776230167000
1776230169.054,69.054,0.56,10.0,0.51,5.0,0.73,5.93,0.89,100.0,0.27,5.93,0.11,100.0,0.44,10.0,0.49,5.0,0.17,0.17,43.75266,1776230168000
1776230170.723,70.723,0.56,10.0,0.51,5.0,0.73,5.93,0.89,100.0,0.27,5.93,0.11,100.0,0.44,10.0,0.49,5.0,0.17,0.17,43.758763,1776230169000
1776230171.26,71.26,0.56,10.0,0.51,5.0,0.73,5.93,0.89,100.0,0.27,5.93,0.11,100.0,0.44,10.0,0.49,5.0,0.17,0.17,43.759857,1776230170000
1776230172.26,72.26,0.56,10.0,0.51,5.0,0.73,5.93,0.89,100.0,0.27,5.93,0.11,100.0,0.44,10.0,0.49,5.0,0.17,0.17,43.759934,1776230171000
1776230173.241,73.241,0.56,10.0,0.51,5.0,0.73,5.93,0.89,100.0,0.27,5.93,0.11,100.0,0.44,10.0,0.49,5.0,0.17,0.17,43.759701,1776230172000
1776230174.252,74.252,0.56,10.0,0.51,5.0,0.73,5.93,0.89,100.0,0.27,5.93,0.11,100.0,0.44,10.0,0.49,5.0,0.17,0.17,43.759701,1776230173000
1776230175.194,75.194,0.56,10.0,0.51,5.0,0.73,5.93,0.89,100.0,0.27,5.93,0.11,100.0,0.44,10.0,0.49,5.0,0.17,0.17,43.759642,1776230174000
1776230176.131,76.131,0.56,10.0,0.51,5.0,0.73,5.93,0.89,100.0,0.27,5.93,0.11,100.0,0.44,10.0,0.49,5.0,0.17,0.17,43.759905,1776230175000
1776230177.137,77.137,0.56,10.0,0.51,5.0,0.73,5.93,0.89,100.0,0.27,5.93,0.11,100.0,0.44,10.0,0.49,5.0,0.17,0.17,43.755734,1776230176000
1776230178.01,78.01,0.56,10.0,0.51,5.0,0.73,5.93,0.89,100.0,0.27,5.93,0.11,100.0,0.44,10.0,0.49,5.0,0.17,0.17,43.750992,1776230177000
1776230178.956,78.956,0.56,10.0,0.51,5.0,0.73,5.93,0.89,100.0,0.27,5.93,0.11,100.0,0.44,10.0,0.49,5.0,0.17,0.17,43.750782,1776230178000
1776230179.898,79.898,0.56,10.0,0.51,5.0,0.73,5.93,0.89,100.0,0.27,5.93,0.11,100.0,0.44,10.0,0.49,5.0,0.17,0.17,43.750071,1776230179000
1776230180.801,80.801,0.56,10.0,0.51,5.0,0.73,5.93,0.89,100.0,0.27,5.93,0.11,100.0,0.44,10.0,0.49,5.0,0.17,0.17,43.750117,1776230180000
1776230182.304,82.304,0.56,10.0,0.51,5.0,0.73,5.93,0.89,100.0,0.27,5.93,0.11,100.0,0.44,10.0,0.49,5.0,0.17,0.17,43.750776,1776230181000
1776230183.358,83.358,0.56,10.0,0.51,5.0,0.73,5.93,0.89,100.0,0.27,5.93,0.11,100.0,0.44,10.0,0.49,5.0,0.17,0.17,43.751418,1776230182000
1776230184.456,84.456,0.56,10.0,0.51,5.0,0.73,5.93,0.89,100.0,0.27,5.93,0.11,100.0,0.44,10.0,0.49,5.0,0.17,0.17,43.751958,1776230183000
1776230185.052,85.052,0.56,10.0,0.51,5.0,0.73,5.93,0.89,100.0,0.27,5.93,0.11,100.0,0.44,10.0,0.49,5.0,0.17,0.17,43.751958,1776230184000
1776230186.372,86.372,0.56,10.0,0.51,5.0,0.73,5.93,0.89,100.0,0.27,5.93,0.11,100.0,0.44,10.0,0.49,5.0,0.17,0.17,43.756555,1776230185000
1776230187.489,87.489,0.56,10.0,0.51,5.0,0.73,5.93,0.89,100.0,0.27,5.93,0.11,100.0,0.44,10.0,0.49,5.0,0.17,0.17,43.754431,1776230186000
1776230188.014,88.014,0.56,10.0,0.51,5.0,0.73,5.93,0.89,100.0,0.27,5.93,0.11,100.0,0.44,10.0,0.49,5.0,0.17,0.17,43.754276,1776230187000
1776230189.272,89.272,0.56,10.0,0.51,5.0,0.73,5.93,0.89,100.0,0.27,5.93,0.11,100.0,0.44,10.0,0.49,5.0,0.17,0.17,43.754116,1776230188000
1776230190.466,90.466,0.56,10.0,0.51,5.0,0.73,5.93,0.89,100.0,0.27,5.93,0.11,100.0,0.44,10.0,0.49,5.0,0.17,0.17,43.754116,1776230189000
1776230190.851,90.851,0.78,10.0,0.75,5.0,0.83,13.68,0.84,15.0,0.27,5.93,0.11,100.0,0.44,10.0,0.49,5.0,0.05,0.17,43.754116,1776230189000
1776230191.084,91.084,0.78,10.0,0.75,5.0,0.83,13.68,0.84,15.0,0.17,13.68,0.16,15.0,0.22,10.0,0.25,5.0,0.05,0.05,43.753827,1776230190000
1776230192.244,92.244,0.78,10.0,0.75,5.0,0.83,13.68,0.84,15.0,0.17,13.68,0.16,15.0,0.22,10.0,0.25,5.0,0.05,0.05,43.754115,1776230191000
1776230193.486,93.486,0.78,10.0,0.75,5.0,0.83,13.68,0.84,15.0,0.17,13.68,0.16,15.0,0.22,10.0,0.25,5.0,0.05,0.05,43.754192,1776230192000
1776230193.972,93.972,0.78,10.0,0.75,5.0,0.83,13.68,0.84,15.0,0.17,13.68,0.16,15.0,0.22,10.0,0.25,5.0,0.05,0.05,43.754192,1776230193000
1776230195.246,95.246,0.78,10.0,0.75,5.0,0.83,13.68,0.84,15.0,0.17,13.68,0.16,15.0,0.22,10.0,0.25,5.0,0.05,0.05,43.753575,1776230194000
1776230196.346,96.346,0.78,10.0,0.75,5.0,0.83,13.68,0.84,15.0,0.17,13.68,0.16,15.0,0.22,10.0,0.25,5.0,0.05,0.05,43.75293,1776230195000
1776230197.427,97.427,0.78,10.0,0.75,5.0,0.83,13.68,0.84,15.0,0.17,13.68,0.16,15.0,0.22,10.0,0.25,5.0,0.05,0.05,43.753011,1776230196000
1776230198.537,98.537,0.78,10.0,0.75,5.0,0.83,13.68,0.84,15.0,0.17,13.68,0.16,15.0,0.22,10.0,0.25,5.0,0.05,0.05,43.753092,1776230197000
1776230199.357,99.357,0.78,10.0,0.75,5.0,0.83,13.68,0.84,15.0,0.17,13.68,0.16,15.0,0.22,10.0,0.25,5.0,0.05,0.05,43.753779,1776230198000
1776230200.716,100.716,0.78,10.0,0.75,5.0,0.83,13.68,0.84,15.0,0.17,13.68,0.16,15.0,0.22,10.0,0.25,5.0,0.05,0.05,43.754066,1776230199000
1776230201.381,101.381,0.78,10.0,0.75,5.0,0.83,13.68,0.84,15.0,0.17,13.68,0.16,15.0,0.22,10.0,0.25,5.0,0.05,0.05,43.744465,1776230200000
1776230201.978,101.978,0.78,10.0,0.75,5.0,0.83,13.68,0.84,15.0,0.17,13.68,0.16,15.0,0.22,10.0,0.25,5.0,0.05,0.05,43.745694,1776230201000
1776230203.308,103.308,0.78,10.0,0.75,5.0,0.83,13.68,0.84,15.0,0.17,13.68,0.16,15.0,0.22,10.0,0.25,5.0,0.05,0.05,43.746129,1776230202000
1776230203.51,103.51,0.75,5.0,0.74,10.0,0.79,15.0,0.8,15.0,0.17,13.68,0.16,15.0,0.22,10.0,0.25,5.0,0.04,0.05,43.746129,1776230202000
1776230204.081,104.081,0.75,5.0,0.74,10.0,0.79,15.0,0.8,15.0,0.21,15.0,0.2,15.0,0.25,5.0,0.26,10.0,0.04,0.04,43.745764,1776230203000
1776230205.357,105.357,0.75,5.0,0.74,10.0,0.79,15.0,0.8,15.0,0.21,15.0,0.2,15.0,0.25,5.0,0.26,10.0,0.04,0.04,43.745562,1776230204000
1776230206.92,106.92,0.75,5.0,0.74,10.0,0.79,15.0,0.8,15.0,0.21,15.0,0.2,15.0,0.25,5.0,0.26,10.0,0.04,0.04,43.745705,1776230205000
1776230207.538,107.538,0.75,5.0,0.74,10.0,0.79,15.0,0.8,15.0,0.21,15.0,0.2,15.0,0.25,5.0,0.26,10.0,0.04,0.04,43.745696,1776230206000
1776230208.346,108.346,0.75,5.0,0.74,10.0,0.79,15.0,0.8,15.0,0.21,15.0,0.2,15.0,0.25,5.0,0.26,10.0,0.04,0.04,43.745658,1776230207000
1776230209.602,109.602,0.75,5.0,0.74,10.0,0.79,15.0,0.8,15.0,0.21,15.0,0.2,15.0,0.25,5.0,0.26,10.0,0.04,0.04,43.74725,1776230208000
1776230210.388,110.388,0.75,5.0,0.74,10.0,0.79,15.0,0.8,15.0,0.21,15.0,0.2,15.0,0.25,5.0,0.26,10.0,0.04,0.04,43.747031,1776230209000
1776230211.052,111.052,0.75,5.0,0.74,10.0,0.79,15.0,0.8,15.0,0.21,15.0,0.2,15.0,0.25,5.0,0.26,10.0,0.04,0.04,43.747149,1776230210000
1776230212.399,112.399,0.75,5.0,0.74,10.0,0.79,15.0,0.8,15.0,0.21,15.0,0.2,15.0,0.25,5.0,0.26,10.0,0.04,0.04,43.747283,1776230211000
1776230213.108,113.108,0.75,5.0,0.74,10.0,0.79,15.0,0.8,15.0,0.21,15.0,0.2,15.0,0.25,5.0,0.26,10.0,0.04,0.04,43.747283,1776230212000
1776230214.493,114.493,0.75,5.0,0.74,10.0,0.79,15.0,0.8,15.0,0.21,15.0,0.2,15.0,0.25,5.0,0.26,10.0,0.04,0.04,43.747321,1776230213000
1776230215.194,115.194,0.75,5.0,0.74,10.0,0.79,15.0,0.8,15.0,0.21,15.0,0.2,15.0,0.25,5.0,0.26,10.0,0.04,0.04,43.747513,1776230214000
1776230216.362,116.362,0.75,5.0,0.74,10.0,0.79,15.0,0.8,15.0,0.21,15.0,0.2,15.0,0.25,5.0,0.26,10.0,0.04,0.04,43.74756,1776230215000
1776230216.946,116.946,0.75,5.0,0.74,10.0,0.79,15.0,0.8,15.0,0.21,15.0,0.2,15.0,0.25,5.0,0.26,10.0,0.04,0.04,43.74761,1776230216000
1776230218.181,118.181,0.75,5.0,0.74,10.0,0.79,15.0,0.8,15.0,0.21,15.0,0.2,15.0,0.25,5.0,0.26,10.0,0.04,0.04,43.748146,1776230217000
1776230219.337,119.337,0.75,5.0,0.74,10.0,0.79,15.0,0.8,15.0,0.21,15.0,0.2,15.0,0.25,5.0,0.26,10.0,0.04,0.04,43.748428,1776230218000
1776230219.919,119.919,0.75,5.0,0.74,10.0,0.79,15.0,0.8,15.0,0.21,15.0,0.2,15.0,0.25,5.0,0.26,10.0,0.04,0.04,43.748428,1776230219000
1776230221.286,121.286,0.75,5.0,0.74,10.0,0.79,15.0,0.8,15.0,0.21,15.0,0.2,15.0,0.25,5.0,0.26,10.0,0.04,0.04,43.748522,1776230220000
1776230222.421,122.421,0.75,5.0,0.74,10.0,0.79,15.0,0.8,15.0,0.21,15.0,0.2,15.0,0.25,5.0,0.26,10.0,0.04,0.04,43.748938,1776230221000
1776230223.233,123.233,0.75,5.0,0.74,10.0,0.79,15.0,0.8,15.0,0.21,15.0,0.2,15.0,0.25,5.0,0.26,10.0,0.04,0.04,43.749624,1776230222000
1776230224.576,124.576,0.75,5.0,0.74,10.0,0.79,15.0,0.8,15.0,0.21,15.0,0.2,15.0,0.25,5.0,0.26,10.0,0.04,0.04,43.751931,1776230223000
1776230225.243,125.243,0.75,5.0,0.74,10.0,0.79,15.0,0.8,15.0,0.21,15.0,0.2,15.0,0.25,5.0,0.26,10.0,0.04,0.04,43.752154,1776230224000
1776230226.376,126.376,0.75,5.0,0.74,10.0,0.79,15.0,0.8,15.0,0.21,15.0,0.2,15.0,0.25,5.0,0.26,10.0,0.04,0.04,43.752025,1776230225000
1776230227.056,127.056,0.75,5.0,0.74,10.0,0.79,15.0,0.8,15.0,0.21,15.0,0.2,15.0,0.25,5.0,0.26,10.0,0.04,0.04,43.752025,1776230226000
1776230228.351,128.351,0.75,5.0,0.74,10.0,0.79,15.0,0.8,15.0,0.21,15.0,0.2,15.0,0.25,5.0,0.26,10.0,0.04,0.04,43.75369,1776230227000
1776230229.053,129.053,0.75,5.0,0.74,10.0,0.79,15.0,0.8,15.0,0.21,15.0,0.2,15.0,0.25,5.0,0.26,10.0,0.04,0.04,43.75369,1776230228000
1776230230.325,130.325,0.75,5.0,0.74,10.0,0.79,15.0,0.8,15.0,0.21,15.0,0.2,15.0,0.25,5.0,0.26,10.0,0.04,0.04,43.759889,1776230229000
1776230230.984,130.984,0.75,5.0,0.74,10.0,0.79,15.0,0.8,15.0,0.21,15.0,0.2,15.0,0.25,5.0,0.26,10.0,0.04,0.04,43.759972,1776230230000
1776230232.846,132.846,0.75,5.0,0.74,10.0,0.79,15.0,0.8,15.0,0.21,15.0,0.2,15.0,0.25,5.0,0.26,10.0,0.04,0.04,43.764319,1776230231000
1776230233.498,133.498,0.75,5.0,0.74,10.0,0.79,15.0,0.8,15.0,0.21,15.0,0.2,15.0,0.25,5.0,0.26,10.0,0.04,0.04,43.764832,1776230232000
1776230234.082,134.082,0.75,5.0,0.74,10.0,0.79,15.0,0.8,15.0,0.21,15.0,0.2,15.0,0.25,5.0,0.26,10.0,0.04,0.04,43.764832,1776230233000
1776230235.026,135.026,0.75,5.0,0.74,10.0,0.79,15.0,0.8,15.0,0.21,15.0,0.2,15.0,0.25,5.0,0.26,10.0,0.04,0.04,43.763836,1776230234000
1776230236.126,136.126,0.75,5.0,0.74,10.0,0.79,15.0,0.8,15.0,0.21,15.0,0.2,15.0,0.25,5.0,0.26,10.0,0.04,0.04,43.763596,1776230235000
1776230237.301,137.301,0.75,5.0,0.74,10.0,0.79,15.0,0.8,15.0,0.21,15.0,0.2,15.0,0.25,5.0,0.26,10.0,0.04,0.04,43.763166,1776230236000
1776230238.339,138.339,0.75,5.0,0.74,10.0,0.79,15.0,0.8,15.0,0.21,15.0,0.2,15.0,0.25,5.0,0.26,10.0,0.04,0.04,43.764396,1776230237000
1776230239.089,139.089,0.75,5.0,0.74,10.0,0.79,15.0,0.8,15.0,0.21,15.0,0.2,15.0,0.25,5.0,0.26,10.0,0.04,0.04,43.764718,1776230238000
1776230240.119,140.119,0.75,5.0,0.74,10.0,0.79,15.0,0.8,15.0,0.21,15.0,0.2,15.0,0.25,5.0,0.26,10.0,0.04,0.04,43.762122,1776230239000
1776230241.204,141.204,0.75,5.0,0.74,10.0,0.79,15.0,0.8,15.0,0.21,15.0,0.2,15.0,0.25,5.0,0.26,10.0,0.04,0.04,43.76007,1776230240000
1776230242.376,142.376,0.75,5.0,0.74,10.0,0.79,15.0,0.8,15.0,0.21,15.0,0.2,15.0,0.25,5.0,0.26,10.0,0.04,0.04,43.760465,1776230241000
1776230243.347,143.347,0.75,5.0,0.74,10.0,0.79,15.0,0.8,15.0,0.21,15.0,0.2,15.0,0.25,5.0,0.26,10.0,0.04,0.04,43.759909,1776230242000
1776230243.979,143.979,0.75,5.0,0.74,10.0,0.79,15.0,0.8,15.0,0.21,15.0,0.2,15.0,0.25,5.0,0.26,10.0,0.04,0.04,43.760026,1776230243000
1776230245.119,145.119,0.75,5.0,0.74,10.0,0.79,15.0,0.8,15.0,0.21,15.0,0.2,15.0,0.25,5.0,0.26,10.0,0.04,0.04,43.760282,1776230244000
1776230246.203,146.203,0.75,5.0,0.74,10.0,0.79,15.0,0.8,15.0,0.21,15.0,0.2,15.0,0.25,5.0,0.26,10.0,0.04,0.04,43.760841,1776230245000
1776230247.371,147.371,0.75,5.0,0.74,10.0,0.79,15.0,0.8,15.0,0.21,15.0,0.2,15.0,0.25,5.0,0.26,10.0,0.04,0.04,43.760574,1776230246000
1776230247.871,147.871,0.75,5.0,0.74,10.0,0.79,15.0,0.8,15.0,0.21,15.0,0.2,15.0,0.25,5.0,0.26,10.0,0.04,0.04,43.760574,1776230247000
1776230249.325,149.325,0.75,5.0,0.74,10.0,0.79,15.0,0.8,15.0,0.21,15.0,0.2,15.0,0.25,5.0,0.26,10.0,0.04,0.04,43.760106,1776230248000
1776230250.267,150.267,0.75,5.0,0.74,10.0,0.79,15.0,0.8,15.0,0.21,15.0,0.2,15.0,0.25,5.0,0.26,10.0,0.04,0.04,43.752934,1776230249000
1776230250.852,150.852,0.75,5.0,0.74,10.0,0.79,15.0,0.8,15.0,0.21,15.0,0.2,15.0,0.25,5.0,0.26,10.0,0.04,0.04,43.749665,1776230250000
1776230252.035,152.035,0.75,5.0,0.74,10.0,0.79,15.0,0.8,15.0,0.21,15.0,0.2,15.0,0.25,5.0,0.26,10.0,0.04,0.04,43.745738,1776230251000
1776230253.032,153.032,0.75,5.0,0.74,10.0,0.79,15.0,0.8,15.0,0.21,15.0,0.2,15.0,0.25,5.0,0.26,10.0,0.04,0.04,43.745623,1776230252000
1776230254.143,154.143,0.75,5.0,0.74,10.0,0.79,15.0,0.8,15.0,0.21,15.0,0.2,15.0,0.25,5.0,0.26,10.0,0.04,0.04,43.745225,1776230253000
1776230255.227,155.227,0.75,5.0,0.74,10.0,0.79,15.0,0.8,15.0,0.21,15.0,0.2,15.0,0.25,5.0,0.26,10.0,0.04,0.04,43.745164,1776230254000
1776230256.383,156.383,0.75,5.0,0.74,10.0,0.79,15.0,0.8,15.0,0.21,15.0,0.2,15.0,0.25,5.0,0.26,10.0,0.04,0.04,43.742849,1776230255000
1776230256.868,156.868,0.75,5.0,0.74,10.0,0.79,15.0,0.8,15.0,0.21,15.0,0.2,15.0,0.25,5.0,0.26,10.0,0.04,0.04,43.742849,1776230256000
1776230257.968,157.968,0.75,5.0,0.74,10.0,0.79,15.0,0.8,15.0,0.21,15.0,0.2,15.0,0.25,5.0,0.26,10.0,0.04,0.04,43.742843,1776230257000
1776230259.16,159.16,0.75,5.0,0.74,10.0,0.79,15.0,0.8,15.0,0.21,15.0,0.2,15.0,0.25,5.0,0.26,10.0,0.04,0.04,43.742449,1776230258000
1776230260.192,160.192,0.75,5.0,0.74,10.0,0.79,15.0,0.8,15.0,0.21,15.0,0.2,15.0,0.25,5.0,0.26,10.0,0.04,0.04,43.743228,1776230259000
1776230261.594,161.594,0.75,5.0,0.74,10.0,0.79,15.0,0.8,15.0,0.21,15.0,0.2,15.0,0.25,5.0,0.26,10.0,0.04,0.04,43.742518,1776230260000
1776230262.274,162.274,0.75,5.0,0.74,10.0,0.79,15.0,0.8,15.0,0.21,15.0,0.2,15.0,0.25,5.0,0.26,10.0,0.04,0.04,43.742518,1776230261000
1776230263.236,163.236,0.75,5.0,0.74,10.0,0.79,15.0,0.8,15.0,0.21,15.0,0.2,15.0,0.25,5.0,0.26,10.0,0.04,0.04,43.743321,1776230262000
1776230264.258,164.258,0.75,5.0,0.74,10.0,0.79,15.0,0.8,15.0,0.21,15.0,0.2,15.0,0.25,5.0,0.26,10.0,0.04,0.04,43.743716,1776230263000
1776230265.346,165.346,0.75,5.0,0.74,10.0,0.79,15.0,0.8,15.0,0.21,15.0,0.2,15.0,0.25,5.0,0.26,10.0,0.04,0.04,43.743716,1776230264000
1776230266.391,166.391,0.75,5.0,0.74,10.0,0.79,15.0,0.8,15.0,0.21,15.0,0.2,15.0,0.25,5.0,0.26,10.0,0.04,0.04,43.748648,1776230265000
1776230266.919,166.919,0.75,5.0,0.74,10.0,0.79,15.0,0.8,15.0,0.21,15.0,0.2,15.0,0.25,5.0,0.26,10.0,0.04,0.04,43.749008,1776230266000
1776230267.978,167.978,0.75,5.0,0.74,10.0,0.79,15.0,0.8,15.0,0.21,15.0,0.2,15.0,0.25,5.0,0.26,10.0,0.04,0.04,43.748938,1776230267000
1776230269.048,169.048,0.75,5.0,0.74,10.0,0.79,15.0,0.8,15.0,0.21,15.0,0.2,15.0,0.25,5.0,0.26,10.0,0.04,0.04,43.749028,1776230268000
1776230270.088,170.088,0.75,5.0,0.74,10.0,0.79,15.0,0.8,15.0,0.21,15.0,0.2,15.0,0.25,5.0,0.26,10.0,0.04,0.04,43.74996,1776230269000
1776230271.191,171.191,0.75,5.0,0.74,10.0,0.79,15.0,0.8,15.0,0.21,15.0,0.2,15.0,0.25,5.0,0.26,10.0,0.04,0.04,43.7491,1776230270000
1776230272.302,172.302,0.75,5.0,0.74,10.0,0.79,15.0,0.8,15.0,0.21,15.0,0.2,15.0,0.25,5.0,0.26,10.0,0.04,0.04,43.749389,1776230271000
1776230273.24,173.24,0.75,5.0,0.74,10.0,0.79,15.0,0.8,15.0,0.21,15.0,0.2,15.0,0.25,5.0,0.26,10.0,0.04,0.04,43.749387,1776230272000
1776230274.314,174.314,0.75,5.0,0.74,10.0,0.79,15.0,0.8,15.0,0.21,15.0,0.2,15.0,0.25,5.0,0.26,10.0,0.04,0.04,43.749387,1776230273000
1776230275.281,175.281,0.75,5.0,0.74,10.0,0.79,15.0,0.8,15.0,0.21,15.0,0.2,15.0,0.25,5.0,0.26,10.0,0.04,0.04,43.763419,1776230274000
1776230276.352,176.352,0.75,5.0,0.74,10.0,0.79,15.0,0.8,15.0,0.21,15.0,0.2,15.0,0.25,5.0,0.26,10.0,0.04,0.04,43.765606,1776230275000
1776230277.341,177.341,0.75,5.0,0.74,10.0,0.79,15.0,0.8,15.0,0.21,15.0,0.2,15.0,0.25,5.0,0.26,10.0,0.04,0.04,43.765721,1776230276000
1776230278.025,178.025,0.75,5.0,0.74,10.0,0.79,15.0,0.8,15.0,0.21,15.0,0.2,15.0,0.25,5.0,0.26,10.0,0.04,0.04,43.76323,1776230277000
1776230279.004,179.004,0.75,5.0,0.74,10.0,0.79,15.0,0.8,15.0,0.21,15.0,0.2,15.0,0.25,5.0,0.26,10.0,0.04,0.04,43.760403,1776230278000
1776230280.191,180.191,0.75,5.0,0.74,10.0,0.79,15.0,0.8,15.0,0.21,15.0,0.2,15.0,0.25,5.0,0.26,10.0,0.04,0.04,43.750298,1776230279000
1776230281.247,181.247,0.75,5.0,0.74,10.0,0.79,15.0,0.8,15.0,0.21,15.0,0.2,15.0,0.25,5.0,0.26,10.0,0.04,0.04,43.749495,1776230280000
1776230282.215,182.215,0.75,5.0,0.74,10.0,0.79,15.0,0.8,15.0,0.21,15.0,0.2,15.0,0.25,5.0,0.26,10.0,0.04,0.04,43.747665,1776230281000
1776230283.24,183.24,0.75,5.0,0.74,10.0,0.79,15.0,0.8,15.0,0.21,15.0,0.2,15.0,0.25,5.0,0.26,10.0,0.04,0.04,43.745947,1776230282000
1776230284.317,184.317,0.75,5.0,0.74,10.0,0.79,15.0,0.8,15.0,0.21,15.0,0.2,15.0,0.25,5.0,0.26,10.0,0.04,0.04,43.743051,1776230283000
1776230285.382,185.382,0.75,5.0,0.74,10.0,0.79,15.0,0.8,15.0,0.21,15.0,0.2,15.0,0.25,5.0,0.26,10.0,0.04,0.04,43.741119,1776230284000
1776230286.529,186.529,0.75,5.0,0.74,10.0,0.79,15.0,0.8,15.0,0.21,15.0,0.2,15.0,0.25,5.0,0.26,10.0,0.04,0.04,43.739943,1776230285000
1776230287.129,187.129,0.75,5.0,0.74,10.0,0.79,15.0,0.8,15.0,0.21,15.0,0.2,15.0,0.25,5.0,0.26,10.0,0.04,0.04,43.739734,1776230286000
1776230288.148,188.148,0.75,5.0,0.74,10.0,0.79,15.0,0.8,15.0,0.21,15.0,0.2,15.0,0.25,5.0,0.26,10.0,0.04,0.04,43.735212,1776230287000
1776230289.302,189.302,0.75,5.0,0.74,10.0,0.79,15.0,0.8,15.0,0.21,15.0,0.2,15.0,0.25,5.0,0.26,10.0,0.04,0.04,43.731296,1776230288000
1776230290.451,190.451,0.75,5.0,0.74,10.0,0.79,15.0,0.8,15.0,0.21,15.0,0.2,15.0,0.25,5.0,0.26,10.0,0.04,0.04,43.731378,1776230289000
1776230291.34,191.34,0.75,5.0,0.74,10.0,0.79,15.0,0.8,15.0,0.21,15.0,0.2,15.0,0.25,5.0,0.26,10.0,0.04,0.04,43.731378,1776230290000
1776230292.575,192.575,0.75,5.0,0.74,10.0,0.79,15.0,0.8,15.0,0.21,15.0,0.2,15.0,0.25,5.0,0.26,10.0,0.04,0.04,43.730176,1776230291000
1776230293.106,193.106,0.75,5.0,0.74,10.0,0.79,15.0,0.8,15.0,0.21,15.0,0.2,15.0,0.25,5.0,0.26,10.0,0.04,0.04,43.73217,1776230292000
1776230293.604,193.604,0.8,3.16,0.75,5.0,0.87,15.0,0.88,15.0,0.21,15.0,0.2,15.0,0.25,5.0,0.26,10.0,0.07,0.04,43.73217,1776230292000
1776230294.619,194.619,0.8,3.16,0.75,5.0,0.87,15.0,0.88,15.0,0.13,15.0,0.12,15.0,0.2,3.16,0.25,5.0,0.07,0.07,43.732478,1776230293000
1776230295.323,195.323,0.8,3.16,0.75,5.0,0.87,15.0,0.88,15.0,0.13,15.0,0.12,15.0,0.2,3.16,0.25,5.0,0.07,0.07,43.733489,1776230294000
1776230296.34,196.34,0.8,3.16,0.75,5.0,0.87,15.0,0.88,15.0,0.13,15.0,0.12,15.0,0.2,3.16,0.25,5.0,0.07,0.07,43.734598,1776230295000
1776230297.586,197.586,0.8,3.16,0.75,5.0,0.87,15.0,0.88,15.0,0.13,15.0,0.12,15.0,0.2,3.16,0.25,5.0,0.07,0.07,43.734336,1776230296000
1776230298.273,198.273,0.8,3.16,0.75,5.0,0.87,15.0,0.88,15.0,0.13,15.0,0.12,15.0,0.2,3.16,0.25,5.0,0.07,0.07,43.735606,1776230297000
1776230299.526,199.526,0.8,3.16,0.75,5.0,0.87,15.0,0.88,15.0,0.13,15.0,0.12,15.0,0.2,3.16,0.25,5.0,0.07,0.07,43.735577,1776230298000
1776230300.321,200.321,0.8,3.16,0.75,5.0,0.87,15.0,0.88,15.0,0.13,15.0,0.12,15.0,0.2,3.16,0.25,5.0,0.07,0.07,43.735481,1776230299000
1776230301.619,201.619,0.8,3.16,0.75,5.0,0.87,15.0,0.88,15.0,0.13,15.0,0.12,15.0,0.2,3.16,0.25,5.0,0.07,0.07,43.735481,1776230300000
1776230302.283,202.283,0.8,3.16,0.75,5.0,0.87,15.0,0.88,15.0,0.13,15.0,0.12,15.0,0.2,3.16,0.25,5.0,0.07,0.07,43.735543,1776230301000
1776230303.54,203.54,0.8,3.16,0.75,5.0,0.87,15.0,0.88,15.0,0.13,15.0,0.12,15.0,0.2,3.16,0.25,5.0,0.07,0.07,43.733937,1776230302000
1776230304.083,204.083,0.8,3.16,0.75,5.0,0.87,15.0,0.88,15.0,0.13,15.0,0.12,15.0,0.2,3.16,0.25,5.0,0.07,0.07,43.733094,1776230303000
1776230305.524,205.524,0.8,3.16,0.75,5.0,0.87,15.0,0.88,15.0,0.13,15.0,0.12,15.0,0.2,3.16,0.25,5.0,0.07,0.07,43.732951,1776230304000
1776230306.486,206.486,0.8,3.16,0.75,5.0,0.87,15.0,0.88,15.0,0.13,15.0,0.12,15.0,0.2,3.16,0.25,5.0,0.07,0.07,43.732945,1776230305000
1776230306.915,206.915,0.8,3.16,0.75,5.0,0.87,15.0,0.88,15.0,0.13,15.0,0.12,15.0,0.2,3.16,0.25,5.0,0.07,0.07,43.732981,1776230306000
1776230307.958,207.958,0.8,3.16,0.75,5.0,0.87,15.0,0.88,15.0,0.13,15.0,0.12,15.0,0.2,3.16,0.25,5.0,0.07,0.07,43.732609,1776230307000
1776230308.965,208.965,0.8,3.16,0.75,5.0,0.87,15.0,0.88,15.0,0.13,15.0,0.12,15.0,0.2,3.16,0.25,5.0,0.07,0.07,43.732564,1776230308000
1776230309.969,209.969,0.8,3.16,0.75,5.0,0.87,15.0,0.88,15.0,0.13,15.0,0.12,15.0,0.2,3.16,0.25,5.0,0.07,0.07,43.733049,1776230309000
1776230310.906,210.906,0.8,3.16,0.75,5.0,0.87,15.0,0.88,15.0,0.13,15.0,0.12,15.0,0.2,3.16,0.25,5.0,0.07,0.07,43.732848,1776230310000
1776230311.865,211.865,0.8,3.16,0.75,5.0,0.87,15.0,0.88,15.0,0.13,15.0,0.12,15.0,0.2,3.16,0.25,5.0,0.07,0.07,43.733356,1776230311000
1776230313.401,213.401,0.8,3.16,0.75,5.0,0.87,15.0,0.88,15.0,0.13,15.0,0.12,15.0,0.2,3.16,0.25,5.0,0.07,0.07,43.734986,1776230312000
1776230314.174,214.174,0.8,3.16,0.75,5.0,0.87,15.0,0.88,15.0,0.13,15.0,0.12,15.0,0.2,3.16,0.25,5.0,0.07,0.07,43.734986,1776230313000
1776230315.135,215.135,0.8,3.16,0.75,5.0,0.87,15.0,0.88,15.0,0.13,15.0,0.12,15.0,0.2,3.16,0.25,5.0,0.07,0.07,43.737153,1776230314000
1776230316.155,216.155,0.8,3.16,0.75,5.0,0.87,15.0,0.88,15.0,0.13,15.0,0.12,15.0,0.2,3.16,0.25,5.0,0.07,0.07,43.738877,1776230315000
1776230317.044,217.044,0.8,3.16,0.75,5.0,0.87,15.0,0.88,15.0,0.13,15.0,0.12,15.0,0.2,3.16,0.25,5.0,0.07,0.07,43.738602,1776230316000
1776230318.066,218.066,0.8,3.16,0.75,5.0,0.87,15.0,0.88,15.0,0.13,15.0,0.12,15.0,0.2,3.16,0.25,5.0,0.07,0.07,43.739079,1776230317000
1776230319.078,219.078,0.8,3.16,0.75,5.0,0.87,15.0,0.88,15.0,0.13,15.0,0.12,15.0,0.2,3.16,0.25,5.0,0.07,0.07,43.738177,1776230318000
1776230320.541,220.541,0.8,3.16,0.75,5.0,0.87,15.0,0.88,15.0,0.13,15.0,0.12,15.0,0.2,3.16,0.25,5.0,0.07,0.07,43.738703,1776230319000
1776230321.075,221.075,0.8,3.16,0.75,5.0,0.87,15.0,0.88,15.0,0.13,15.0,0.12,15.0,0.2,3.16,0.25,5.0,0.07,0.07,43.738739,1776230320000
1776230321.769,221.769,0.83,15.0,0.82,15.0,0.9,13.88,0.91,15.0,0.13,15.0,0.12,15.0,0.2,3.16,0.25,5.0,0.07,0.07,43.738739,1776230320000
1776230322.453,222.453,0.83,15.0,0.82,15.0,0.9,13.88,0.91,15.0,0.1,13.88,0.09,15.0,0.17,15.0,0.18,15.0,0.07,0.07,43.738739,1776230321000
1776230322.987,222.987,0.83,15.0,0.82,15.0,0.9,13.88,0.91,15.0,0.1,13.88,0.09,15.0,0.17,15.0,0.18,15.0,0.07,0.07,43.738737,1776230322000
1776230324.266,224.266,0.83,15.0,0.82,15.0,0.9,13.88,0.91,15.0,0.1,13.88,0.09,15.0,0.17,15.0,0.18,15.0,0.07,0.07,43.738932,1776230323000
1776230325.353,225.353,0.83,15.0,0.82,15.0,0.9,13.88,0.91,15.0,0.1,13.88,0.09,15.0,0.17,15.0,0.18,15.0,0.07,0.07,43.740403,1776230324000
1776230326.422,226.422,0.83,15.0,0.82,15.0,0.9,13.88,0.91,15.0,0.1,13.88,0.09,15.0,0.17,15.0,0.18,15.0,0.07,0.07,43.740534,1776230325000
1776230326.995,226.995,0.83,15.0,0.82,15.0,0.9,13.88,0.91,15.0,0.1,13.88,0.09,15.0,0.17,15.0,0.18,15.0,0.07,0.07,43.740505,1776230326000
1776230328.078,228.078,0.83,15.0,0.82,15.0,0.9,13.88,0.91,15.0,0.1,13.88,0.09,15.0,0.17,15.0,0.18,15.0,0.07,0.07,43.740306,1776230327000
1776230329.236,229.236,0.83,15.0,0.82,15.0,0.9,13.88,0.91,15.0,0.1,13.88,0.09,15.0,0.17,15.0,0.18,15.0,0.07,0.07,43.738565,1776230328000
1776230330.406,230.406,0.83,15.0,0.82,15.0,0.9,13.88,0.91,15.0,0.1,13.88,0.09,15.0,0.17,15.0,0.18,15.0,0.07,0.07,43.739356,1776230329000
1776230330.923,230.923,0.83,15.0,0.82,15.0,0.9,13.88,0.91,15.0,0.1,13.88,0.09,15.0,0.17,15.0,0.18,15.0,0.07,0.07,43.738967,1776230330000
1776230332.087,232.087,0.83,15.0,0.82,15.0,0.9,13.88,0.91,15.0,0.1,13.88,0.09,15.0,0.17,15.0,0.18,15.0,0.07,0.07,43.739281,1776230331000
1776230333.29,233.29,0.83,15.0,0.82,15.0,0.9,13.88,0.91,15.0,0.1,13.88,0.09,15.0,0.17,15.0,0.18,15.0,0.07,0.07,43.738755,1776230332000
1776230334.252,234.252,0.83,15.0,0.82,15.0,0.9,13.88,0.91,15.0,0.1,13.88,0.09,15.0,0.17,15.0,0.18,15.0,0.07,0.07,43.738791,1776230333000
1776230335.564,235.564,0.83,15.0,0.82,15.0,0.9,13.88,0.91,15.0,0.1,13.88,0.09,15.0,0.17,15.0,0.18,15.0,0.07,0.07,43.740073,1776230334000
1776230336.18,236.18,0.83,15.0,0.82,15.0,0.9,13.88,0.91,15.0,0.1,13.88,0.09,15.0,0.17,15.0,0.18,15.0,0.07,0.07,43.740073,1776230335000
1776230337.605,237.605,0.83,15.0,0.82,15.0,0.9,13.88,0.91,15.0,0.1,13.88,0.09,15.0,0.17,15.0,0.18,15.0,0.07,0.07,43.73999,1776230336000
1776230338.151,238.151,0.83,15.0,0.82,15.0,0.9,13.88,0.91,15.0,0.1,13.88,0.09,15.0,0.17,15.0,0.18,15.0,0.07,0.07,43.73999,1776230337000
1776230339.483,239.483,0.83,15.0,0.82,15.0,0.9,13.88,0.91,15.0,0.1,13.88,0.09,15.0,0.17,15.0,0.18,15.0,0.07,0.07,43.739065,1776230338000
1776230340.017,240.017,0.83,15.0,0.82,15.0,0.9,13.88,0.91,15.0,0.1,13.88,0.09,15.0,0.17,15.0,0.18,15.0,0.07,0.07,43.739295,1776230339000
1776230341.262,241.262,0.83,15.0,0.82,15.0,0.9,13.88,0.91,15.0,0.1,13.88,0.09,15.0,0.17,15.0,0.18,15.0,0.07,0.07,43.739606,1776230340000
1776230342.442,242.442,0.83,15.0,0.82,15.0,0.9,13.88,0.91,15.0,0.1,13.88,0.09,15.0,0.17,15.0,0.18,15.0,0.07,0.07,43.741718,1776230341000
1776230343.009,243.009,0.83,15.0,0.82,15.0,0.9,13.88,0.91,15.0,0.1,13.88,0.09,15.0,0.17,15.0,0.18,15.0,0.07,0.07,43.741718,1776230342000
1776230344.285,244.285,0.83,15.0,0.82,15.0,0.9,13.88,0.91,15.0,0.1,13.88,0.09,15.0,0.17,15.0,0.18,15.0,0.07,0.07,43.741974,1776230343000
1776230345.074,245.074,0.95,15.0,0.94,26.0,0.99,185.0,,,0.1,13.88,0.09,15.0,0.17,15.0,0.18,15.0,0.04,0.07,43.741974,1776230343000
1776230345.523,245.523,0.96,15.0,0.95,20.0,0.99,183.71,,,0.01,185.0,,,0.05,15.0,0.06,26.0,0.03,0.04,43.741974,1776230343000
1776230345.913,245.913,0.96,15.0,0.95,20.0,0.99,183.71,,,0.01,183.71,,,0.04,15.0,0.05,20.0,0.03,0.03,43.74551,1776230345000
1776230347.082,247.082,0.96,15.0,0.95,20.0,0.99,183.71,,,0.01,183.71,,,0.04,15.0,0.05,20.0,0.03,0.03,43.748286,1776230346000
1776230348.206,248.206,0.96,15.0,0.95,20.0,0.99,183.71,,,0.01,183.71,,,0.04,15.0,0.05,20.0,0.03,0.03,43.751949,1776230347000
1776230348.741,248.741,0.96,20.0,0.95,20.0,0.99,78.71,,,0.01,183.71,,,0.04,15.0,0.05,20.0,0.03,0.03,43.751949,1776230347000
1776230349.895,249.895,0.96,20.0,0.95,20.0,0.99,78.71,,,0.01,78.71,,,0.04,20.0,0.05,20.0,0.03,0.03,43.752495,1776230348000
1776230350.424,250.424,0.96,20.0,0.95,20.0,0.99,78.71,,,0.01,78.71,,,0.04,20.0,0.05,20.0,0.03,0.03,43.752152,1776230349000
1776230350.964,250.964,0.96,20.0,0.95,20.0,0.99,78.71,,,0.01,78.71,,,0.04,20.0,0.05,20.0,0.03,0.03,43.752335,1776230350000
1776230352.026,252.026,0.96,20.0,0.95,20.0,0.99,78.71,,,0.01,78.71,,,0.04,20.0,0.05,20.0,0.03,0.03,43.75231,1776230351000
1776230353.092,253.092,0.96,20.0,0.95,20.0,0.99,78.71,,,0.01,78.71,,,0.04,20.0,0.05,20.0,0.03,0.03,43.752161,1776230352000
1776230354.06,254.06,0.96,20.0,0.95,20.0,0.99,78.71,,,0.01,78.71,,,0.04,20.0,0.05,20.0,0.03,0.03,43.752018,1776230353000
1776230355.105,255.105,0.96,20.0,0.95,20.0,0.99,78.71,,,0.01,78.71,,,0.04,20.0,0.05,20.0,0.03,0.03,43.751947,1776230354000
1776230356.033,256.033,0.96,20.0,0.95,20.0,0.99,78.71,,,0.01,78.71,,,0.04,20.0,0.05,20.0,0.03,0.03,43.751988,1776230355000
1776230357.042,257.042,0.96,20.0,0.95,20.0,0.99,78.71,,,0.01,78.71,,,0.04,20.0,0.05,20.0,0.03,0.03,43.752039,1776230356000
1776230358.163,258.163,0.96,20.0,0.95,20.0,0.99,78.71,,,0.01,78.71,,,0.04,20.0,0.05,20.0,0.03,0.03,43.752097,1776230357000
1776230358.513,258.513,0.97,20.0,0.96,15.0,0.99,73.71,,,0.01,78.71,,,0.04,20.0,0.05,20.0,0.02,0.03,43.752097,1776230357000
1776230359.031,259.031,0.97,20.0,0.96,15.0,0.99,73.71,,,0.01,73.71,,,0.03,20.0,0.04,15.0,0.02,0.02,43.752052,1776230358000
1776230360.089,260.089,0.97,20.0,0.96,15.0,0.99,73.71,,,0.01,73.71,,,0.03,20.0,0.04,15.0,0.02,0.02,43.752088,1776230359000
1776230361.046,261.046,0.97,20.0,0.96,15.0,0.99,73.71,,,0.01,73.71,,,0.03,20.0,0.04,15.0,0.02,0.02,43.752088,1776230360000
1776230362.082,262.082,0.97,20.0,0.96,15.0,0.99,73.71,,,0.01,73.71,,,0.03,20.0,0.04,15.0,0.02,0.02,43.752482,1776230361000
1776230363.052,263.052,0.97,5.0,0.93,15.0,0.98,6.58,0.99,73.71,0.01,73.71,,,0.03,20.0,0.04,15.0,0.01,0.02,43.752482,1776230361000
1776230364.227,264.227,0.97,5.0,0.93,15.0,0.98,6.58,0.99,73.71,0.02,6.58,0.01,73.71,0.03,5.0,0.07,15.0,0.01,0.01,43.746075,1776230363000
1776230365.283,265.283,0.97,5.0,0.93,15.0,0.98,6.58,0.99,73.71,0.02,6.58,0.01,73.71,0.03,5.0,0.07,15.0,0.01,0.01,43.742756,1776230364000
1776230365.946,265.946,0.95,20.0,0.94,15.0,0.98,2.91,0.99,73.71,0.02,6.58,0.01,73.71,0.03,5.0,0.07,15.0,0.03,0.01,43.742756,1776230364000
1776230366.345,266.345,0.95,20.0,0.94,15.0,0.98,2.91,0.99,73.71,0.02,2.91,0.01,73.71,0.05,20.0,0.06,15.0,0.03,0.03,43.742146,1776230365000
1776230367.35,267.35,0.95,20.0,0.94,15.0,0.98,2.91,0.99,73.71,0.02,2.91,0.01,73.71,0.05,20.0,0.06,15.0,0.03,0.03,43.741713,1776230366000
1776230367.844,267.844,0.95,20.0,0.94,15.0,0.98,2.91,0.99,73.71,0.02,2.91,0.01,73.71,0.05,20.0,0.06,15.0,0.03,0.03,43.741713,1776230367000
1776230368.96,268.96,0.95,20.0,0.94,15.0,0.98,2.91,0.99,73.71,0.02,2.91,0.01,73.71,0.05,20.0,0.06,15.0,0.03,0.03,43.741664,1776230368000
1776230370.003,270.003,0.95,20.0,0.94,15.0,0.98,2.91,0.99,73.71,0.02,2.91,0.01,73.71,0.05,20.0,0.06,15.0,0.03,0.03,43.741834,1776230369000
1776230371.068,271.068,0.95,20.0,0.94,15.0,0.98,2.91,0.99,73.71,0.02,2.91,0.01,73.71,0.05,20.0,0.06,15.0,0.03,0.03,43.741834,1776230370000
1776230371.864,271.864,0.97,18.9,0.96,20.0,0.99,73.71,,,0.02,2.91,0.01,73.71,0.05,20.0,0.06,15.0,0.02,0.03,43.741834,1776230370000
1776230372.12,272.12,0.97,18.9,0.96,20.0,0.99,73.71,,,0.01,73.71,,,0.03,18.9,0.04,20.0,0.02,0.02,43.741793,1776230371000
1776230372.939,272.939,0.97,18.9,0.96,20.0,0.99,72.69,,,0.01,73.71,,,0.03,18.9,0.04,20.0,0.02,0.02,43.741793,1776230371000
1776230374.03,274.03,0.97,18.9,0.96,20.0,0.99,72.69,,,0.01,72.69,,,0.03,18.9,0.04,20.0,0.02,0.02,43.741602,1776230373000
1776230375.157,275.157,0.97,18.9,0.96,20.0,0.99,72.69,,,0.01,72.69,,,0.03,18.9,0.04,20.0,0.02,0.02,43.741456,1776230374000
1776230376.646,276.646,0.97,18.9,0.96,20.0,0.99,72.69,,,0.01,72.69,,,0.03,18.9,0.04,20.0,0.02,0.02,43.746261,1776230375000
1776230377.205,277.205,0.97,18.9,0.96,20.0,0.99,72.69,,,0.01,72.69,,,0.03,18.9,0.04,20.0,0.02,0.02,43.745417,1776230376000
1776230377.45,277.45,0.97,3.9,0.96,5.0,0.99,50.05,,,0.01,72.69,,,0.03,18.9,0.04,20.0,0.02,0.02,43.745417,1776230376000
1776230378.226,278.226,0.97,3.9,0.96,5.0,0.99,50.05,,,0.01,50.05,,,0.03,3.9,0.04,5.0,0.02,0.02,43.745186,1776230377000
1776230379.38,279.38,0.97,3.9,0.96,5.0,0.99,50.05,,,0.01,50.05,,,0.03,3.9,0.04,5.0,0.02,0.02,43.744451,1776230378000
1776230380.358,280.358,0.97,3.9,0.96,5.0,0.99,50.05,,,0.01,50.05,,,0.03,3.9,0.04,5.0,0.02,0.02,43.741999,1776230379000
1776230380.88,280.88,0.97,3.9,0.96,5.0,0.99,50.05,,,0.01,50.05,,,0.03,3.9,0.04,5.0,0.02,0.02,43.742164,1776230380000
1776230381.835,281.835,0.97,3.9,0.96,5.0,0.99,50.05,,,0.01,50.05,,,0.03,3.9,0.04,5.0,0.02,0.02,43.741369,1776230381000
1776230383.405,283.405,0.97,3.9,0.96,5.0,0.99,50.05,,,0.01,50.05,,,0.03,3.9,0.04,5.0,0.02,0.02,43.741357,1776230382000
1776230383.899,283.899,0.91,10.0,0.75,5.0,0.99,39.95,,,0.01,39.95,,,0.09,10.0,0.25,5.0,0.08,0.08,43.741357,1776230383000
1776230384.947,284.947,0.91,10.0,0.75,5.0,0.99,39.95,,,0.01,39.95,,,0.09,10.0,0.25,5.0,0.08,0.08,43.741357,1776230384000
1776230385.448,285.448,0.91,10.0,0.75,5.0,0.99,34.95,,,0.01,39.95,,,0.09,10.0,0.25,5.0,0.08,0.08,43.741357,1776230384000
1776230385.846,285.846,0.91,10.0,0.75,5.0,0.99,24.52,,,0.01,34.95,,,0.09,10.0,0.25,5.0,0.08,0.08,43.741357,1776230384000
1776230386.287,286.287,0.91,10.0,0.75,5.0,0.99,24.52,,,0.01,24.52,,,0.09,10.0,0.25,5.0,0.08,0.08,43.741453,1776230385000
1776230387.337,287.337,0.91,10.0,0.75,5.0,0.99,24.52,,,0.01,24.52,,,0.09,10.0,0.25,5.0,0.08,0.08,43.741171,1776230386000
1776230388.295,288.295,0.91,10.0,0.75,5.0,0.99,24.52,,,0.01,24.52,,,0.09,10.0,0.25,5.0,0.08,0.08,43.741267,1776230387000
1776230388.864,288.864,0.91,10.0,0.75,5.0,0.99,24.52,,,0.01,24.52,,,0.09,10.0,0.25,5.0,0.08,0.08,43.741267,1776230388000
1776230390.475,290.475,0.91,10.0,0.75,5.0,0.99,22.09,,,0.01,24.52,,,0.09,10.0,0.25,5.0,0.08,0.08,43.741267,1776230388000
1776230391.02,291.02,0.91,10.0,0.75,5.0,0.99,22.09,,,0.01,22.09,,,0.09,10.0,0.25,5.0,0.08,0.08,43.741673,1776230390000
1776230392.276,292.276,0.91,10.0,0.75,5.0,0.99,22.09,,,0.01,22.09,,,0.09,10.0,0.25,5.0,0.08,0.08,43.741602,1776230391000
1776230392.762,292.762,0.91,10.0,0.75,5.0,0.99,16.09,,,0.01,22.09,,,0.09,10.0,0.25,5.0,0.08,0.08,43.741602,1776230391000
1776230393.239,293.239,0.91,10.0,0.75,5.0,0.99,0.66,,,0.01,11.09,,,0.09,10.0,0.25,5.0,0.08,0.08,43.741602,1776230391000
1776230393.618,293.618,0.91,10.0,0.75,5.0,,,,,0.01,0.66,,,0.09,10.0,0.25,5.0,,0.08,43.741602,1776230392000
1776230393.981,293.981,0.91,10.0,0.75,5.0,,,,,,,,,0.09,10.0,0.25,5.0,,,43.7413,1776230393000
1776230396.586,296.586,0.91,10.0,0.75,5.0,,,,,,,,,0.09,10.0,0.25,5.0,,,43.748972,1776230395000
1776230397.116,297.116,0.91,10.0,0.75,5.0,,,,,,,,,0.09,10.0,0.25,5.0,,,43.748972,1776230396000
1776230398.002,298.002,0.99,1031.11,0.91,10.0,,,,,,,,,0.09,10.0,0.25,5.0,,,43.748972,1776230396000
1776230398.695,298.695,0.99,1031.11,0.91,10.0,,,,,,,,,0.01,1031.11,0.09,10.0,,,43.749297,1776230397000
1776230399.243,299.243,0.99,1031.11,0.91,10.0,,,,,,,,,0.01,1031.11,0.09,10.0,,,43.749297,1776230398000
1776230400.688,300.688,0.99,1168.36,0.91,10.0,,,,,,,,,0.01,1168.36,0.09,10.0,,,43.749297,1776230399000
1776230401.202,301.202,0.99,1168.36,0.91,10.0,,,,,,,,,0.01,1168.36,0.09,10.0,,,43.749297,1776230400000
1776230402.455,302.455,0.99,1168.36,0.91,10.0,,,,,,,,,0.01,1168.36,0.09,10.0,,,43.749367,1776230401000
1776230402.973,302.973,0.99,1168.36,0.91,10.0,,,,,,,,,0.01,1168.36,0.09,10.0,,,43.748954,1776230402000

# RESULT,winner=Up,slug=hype-updown-5m-1776230100,ticks=318
