timestamp,elapsed_sec,up_bid_p1,up_bid_s1,up_bid_p2,up_bid_s2,up_ask_p1,up_ask_s1,up_ask_p2,up_ask_s2,down_bid_p1,down_bid_s1,down_bid_p2,down_bid_s2,down_ask_p1,down_ask_s1,down_ask_p2,down_ask_s2,up_spread,down_spread,hype_price,hype_oracle_ts
1776213901.467,1.467,0.11,100.0,0.08,50.0,0.51,5.0,0.89,100.0,0.49,5.0,0.11,100.0,0.89,100.0,0.92,50.0,0.4,0.4,43.565566,1776213900000
1776213901.78,1.78,0.11,100.0,0.08,50.0,0.51,5.0,0.89,100.0,0.49,5.0,0.11,100.0,0.89,100.0,0.92,50.0,0.4,0.4,43.565566,1776213900000
1776213902.878,2.878,0.11,100.0,0.08,50.0,0.51,5.0,0.89,100.0,0.49,5.0,0.11,100.0,0.89,100.0,0.92,50.0,0.4,0.4,43.565935,1776213902000
1776213903.933,3.933,0.11,100.0,0.08,50.0,0.51,5.0,0.89,100.0,0.49,5.0,0.11,100.0,0.89,100.0,0.92,50.0,0.4,0.4,43.567022,1776213903000
1776213904.901,4.901,0.61,5.0,0.11,100.0,0.78,10.0,0.89,100.0,0.22,10.0,0.11,100.0,0.39,5.0,0.89,100.0,0.17,0.17,43.567676,1776213904000
1776213905.633,5.633,0.11,100.0,0.08,50.0,0.76,10.0,0.89,100.0,0.22,10.0,0.11,100.0,0.39,5.0,0.89,100.0,0.65,0.17,43.567676,1776213904000
1776213905.896,5.896,0.11,100.0,0.08,50.0,0.76,10.0,0.89,100.0,0.24,10.0,0.11,100.0,0.89,100.0,0.92,50.0,0.65,0.65,43.580712,1776213905000
1776213906.844,6.844,0.11,100.0,0.08,50.0,0.76,10.0,0.89,100.0,0.24,10.0,0.11,100.0,0.89,100.0,0.92,50.0,0.65,0.65,43.584176,1776213906000
1776213907.915,7.915,0.56,10.0,0.11,100.0,0.73,7.26,0.89,100.0,0.27,7.26,0.11,100.0,0.44,10.0,0.89,100.0,0.17,0.17,43.587776,1776213907000
1776213909.379,9.379,0.56,10.0,0.11,100.0,0.73,7.26,0.89,100.0,0.27,7.26,0.11,100.0,0.44,10.0,0.89,100.0,0.17,0.17,43.586965,1776213908000
1776213910.94,10.94,0.56,10.0,0.11,100.0,0.73,7.26,0.89,100.0,0.27,7.26,0.11,100.0,0.44,10.0,0.89,100.0,0.17,0.17,43.586965,1776213909000
1776213911.477,11.477,0.56,10.0,0.11,100.0,0.73,7.26,0.89,100.0,0.27,7.26,0.11,100.0,0.44,10.0,0.89,100.0,0.17,0.17,43.591188,1776213910000
1776213911.922,11.922,0.56,10.0,0.11,100.0,0.73,7.26,0.89,100.0,0.27,7.26,0.11,100.0,0.44,10.0,0.89,100.0,0.17,0.17,43.593086,1776213911000
1776213912.942,12.942,0.56,10.0,0.11,100.0,0.73,7.26,0.89,100.0,0.27,7.26,0.11,100.0,0.44,10.0,0.89,100.0,0.17,0.17,43.600671,1776213912000
1776213913.926,13.926,0.56,10.0,0.11,100.0,0.73,7.26,0.89,100.0,0.27,7.26,0.11,100.0,0.44,10.0,0.89,100.0,0.17,0.17,43.597835,1776213913000
1776213914.987,14.987,0.56,10.0,0.11,100.0,0.73,7.26,0.89,100.0,0.27,7.26,0.11,100.0,0.44,10.0,0.89,100.0,0.17,0.17,43.596055,1776213914000
1776213915.927,15.927,0.56,10.0,0.11,100.0,0.73,7.26,0.89,100.0,0.27,7.26,0.11,100.0,0.44,10.0,0.89,100.0,0.17,0.17,43.595415,1776213915000
1776213917.069,17.069,0.56,10.0,0.11,100.0,0.73,7.26,0.89,100.0,0.27,7.26,0.11,100.0,0.44,10.0,0.89,100.0,0.17,0.17,43.596212,1776213916000
1776213918.096,18.096,0.56,10.0,0.11,100.0,0.73,7.26,0.89,100.0,0.27,7.26,0.11,100.0,0.44,10.0,0.89,100.0,0.17,0.17,43.596172,1776213917000
1776213919.191,19.191,0.56,10.0,0.11,100.0,0.73,7.26,0.89,100.0,0.27,7.26,0.11,100.0,0.44,10.0,0.89,100.0,0.17,0.17,43.601626,1776213918000
1776213920.019,20.019,0.56,10.0,0.11,100.0,0.73,7.26,0.89,100.0,0.27,7.26,0.11,100.0,0.44,10.0,0.89,100.0,0.17,0.17,43.603725,1776213919000
1776213920.43,20.43,0.58,36.0,0.57,5.0,0.83,5.0,0.84,5.0,0.27,7.26,0.11,100.0,0.44,10.0,0.89,100.0,0.25,0.17,43.603725,1776213919000
1776213921.033,21.033,0.58,36.0,0.57,5.0,0.83,5.0,0.84,5.0,0.17,5.0,0.16,5.0,0.42,36.0,0.43,5.0,0.25,0.25,43.604461,1776213920000
1776213922.046,22.046,0.58,36.0,0.57,5.0,0.83,5.0,0.84,5.0,0.17,5.0,0.16,5.0,0.42,36.0,0.43,5.0,0.25,0.25,43.618983,1776213921000
1776213923.08,23.08,0.58,36.0,0.57,5.0,0.83,5.0,0.84,5.0,0.17,5.0,0.16,5.0,0.42,36.0,0.43,5.0,0.25,0.25,43.620487,1776213922000
1776213923.975,23.975,0.58,36.0,0.57,5.0,0.83,5.0,0.84,5.0,0.17,5.0,0.16,5.0,0.42,36.0,0.43,5.0,0.25,0.25,43.623405,1776213923000
1776213924.999,24.999,0.58,36.0,0.57,5.0,0.83,5.0,0.84,5.0,0.17,5.0,0.16,5.0,0.42,36.0,0.43,5.0,0.25,0.25,43.62624,1776213924000
1776213925.994,25.994,0.58,36.0,0.57,5.0,0.83,5.0,0.84,5.0,0.17,5.0,0.16,5.0,0.42,36.0,0.43,5.0,0.25,0.25,43.634015,1776213925000
1776213926.883,26.883,0.58,36.0,0.57,5.0,0.83,5.0,0.84,5.0,0.17,5.0,0.16,5.0,0.42,36.0,0.43,5.0,0.25,0.25,43.632426,1776213926000
1776213927.836,27.836,0.58,36.0,0.57,5.0,0.83,5.0,0.84,5.0,0.17,5.0,0.16,5.0,0.42,36.0,0.43,5.0,0.25,0.25,43.630087,1776213927000
1776213928.885,28.885,0.58,36.0,0.57,5.0,0.83,5.0,0.84,5.0,0.17,5.0,0.16,5.0,0.42,36.0,0.43,5.0,0.25,0.25,43.628641,1776213928000
1776213930.292,30.292,0.58,36.0,0.57,5.0,0.83,5.0,0.84,5.0,0.17,5.0,0.16,5.0,0.42,36.0,0.43,5.0,0.25,0.25,43.62802,1776213929000
1776213931.191,31.191,0.58,36.0,0.57,5.0,0.83,5.0,0.84,5.0,0.17,5.0,0.16,5.0,0.42,36.0,0.43,5.0,0.25,0.25,43.629786,1776213930000
1776213932.246,32.246,0.58,36.0,0.57,5.0,0.83,5.0,0.84,5.0,0.17,5.0,0.16,5.0,0.42,36.0,0.43,5.0,0.25,0.25,43.631654,1776213931000
1776213933.173,33.173,0.58,36.0,0.57,5.0,0.83,5.0,0.84,5.0,0.17,5.0,0.16,5.0,0.42,36.0,0.43,5.0,0.25,0.25,43.631086,1776213932000
1776213934.173,34.173,0.58,36.0,0.57,5.0,0.83,5.0,0.84,5.0,0.17,5.0,0.16,5.0,0.42,36.0,0.43,5.0,0.25,0.25,43.631113,1776213933000
1776213935.185,35.185,0.58,36.0,0.57,5.0,0.83,5.0,0.84,5.0,0.17,5.0,0.16,5.0,0.42,36.0,0.43,5.0,0.25,0.25,43.633115,1776213934000
1776213936.81,36.81,0.58,36.0,0.57,5.0,0.83,5.0,0.84,5.0,0.17,5.0,0.16,5.0,0.42,36.0,0.43,5.0,0.25,0.25,43.634961,1776213935000
1776213937.447,37.447,0.58,36.0,0.57,5.0,0.83,5.0,0.84,5.0,0.17,5.0,0.16,5.0,0.42,36.0,0.43,5.0,0.25,0.25,43.634558,1776213936000
1776213938.051,38.051,0.58,36.0,0.57,5.0,0.83,5.0,0.84,5.0,0.17,5.0,0.16,5.0,0.42,36.0,0.43,5.0,0.25,0.25,43.634558,1776213937000
1776213939.247,39.247,0.58,36.0,0.57,5.0,0.83,5.0,0.84,5.0,0.17,5.0,0.16,5.0,0.42,36.0,0.43,5.0,0.25,0.25,43.634612,1776213938000
1776213940.528,40.528,0.58,36.0,0.57,5.0,0.83,5.0,0.84,5.0,0.17,5.0,0.16,5.0,0.42,36.0,0.43,5.0,0.25,0.25,43.635298,1776213939000
1776213941.154,41.154,0.58,36.0,0.57,5.0,0.83,5.0,0.84,5.0,0.17,5.0,0.16,5.0,0.42,36.0,0.43,5.0,0.25,0.25,43.635183,1776213940000
1776213942.28,42.28,0.58,36.0,0.57,5.0,0.83,5.0,0.84,5.0,0.17,5.0,0.16,5.0,0.42,36.0,0.43,5.0,0.25,0.25,43.635234,1776213941000
1776213943.673,43.673,0.58,36.0,0.57,5.0,0.83,5.0,0.84,5.0,0.17,5.0,0.16,5.0,0.42,36.0,0.43,5.0,0.25,0.25,43.635554,1776213942000
1776213944.298,44.298,0.58,36.0,0.57,5.0,0.83,5.0,0.84,5.0,0.17,5.0,0.16,5.0,0.42,36.0,0.43,5.0,0.25,0.25,43.635146,1776213943000
1776213945.598,45.598,0.58,36.0,0.57,5.0,0.83,5.0,0.84,5.0,0.17,5.0,0.16,5.0,0.42,36.0,0.43,5.0,0.25,0.25,43.63465,1776213944000
1776213946.04,46.04,0.77,5.05,0.64,5.0,0.82,15.0,0.83,15.0,0.17,5.0,0.16,5.0,0.42,36.0,0.43,5.0,0.05,0.25,43.63465,1776213944000
1776213946.284,46.284,0.77,5.05,0.64,5.0,0.82,15.0,0.83,15.0,0.18,15.0,0.17,15.0,0.23,5.05,0.36,5.0,0.05,0.05,43.634662,1776213945000
1776213947.626,47.626,0.77,5.05,0.64,5.0,0.82,15.0,0.83,15.0,0.18,15.0,0.17,15.0,0.23,5.05,0.36,5.0,0.05,0.05,43.63466,1776213946000
1776213948.23,48.23,0.77,5.05,0.64,5.0,0.82,15.0,0.83,15.0,0.18,15.0,0.17,15.0,0.23,5.05,0.36,5.0,0.05,0.05,43.63469,1776213947000
1776213949.365,49.365,0.77,5.05,0.64,5.0,0.82,15.0,0.83,15.0,0.18,15.0,0.17,15.0,0.23,5.05,0.36,5.0,0.05,0.05,43.641018,1776213948000
1776213949.617,49.617,0.79,5.05,0.67,27.0,0.84,4.86,0.85,15.0,0.18,15.0,0.17,15.0,0.23,5.05,0.36,5.0,0.05,0.05,43.641018,1776213948000
1776213950.015,50.015,0.79,5.05,0.67,27.0,0.84,4.86,0.85,15.0,0.16,4.86,0.15,15.0,0.21,5.05,0.33,27.0,0.05,0.05,43.63746,1776213949000
1776213951.269,51.269,0.79,5.05,0.67,27.0,0.84,4.86,0.85,15.0,0.16,4.86,0.15,15.0,0.21,5.05,0.33,27.0,0.05,0.05,43.63746,1776213950000
1776213952.69,52.69,0.79,5.05,0.67,27.0,0.84,4.86,0.85,15.0,0.16,4.86,0.15,15.0,0.21,5.05,0.33,27.0,0.05,0.05,43.636579,1776213951000
1776213953.291,53.291,0.79,5.05,0.67,27.0,0.84,4.86,0.85,15.0,0.16,4.86,0.15,15.0,0.21,5.05,0.33,27.0,0.05,0.05,43.636579,1776213952000
1776213954.257,54.257,0.79,5.05,0.67,27.0,0.84,4.86,0.85,15.0,0.16,4.86,0.15,15.0,0.21,5.05,0.33,27.0,0.05,0.05,43.636501,1776213953000
1776213955.338,55.338,0.79,5.05,0.67,27.0,0.84,4.86,0.85,15.0,0.16,4.86,0.15,15.0,0.21,5.05,0.33,27.0,0.05,0.05,43.636381,1776213954000
1776213956.217,56.217,0.79,5.05,0.65,36.0,0.84,4.86,0.85,15.0,0.16,4.86,0.15,15.0,0.21,5.05,0.35,36.0,0.05,0.05,43.636381,1776213955000
1776213957.26,57.26,0.79,5.05,0.65,36.0,0.84,4.86,0.85,15.0,0.16,4.86,0.15,15.0,0.21,5.05,0.35,36.0,0.05,0.05,43.636377,1776213956000
1776213958.216,58.216,0.79,5.05,0.65,36.0,0.84,4.86,0.85,15.0,0.16,4.86,0.15,15.0,0.21,5.05,0.35,36.0,0.05,0.05,43.63562,1776213957000
1776213959.211,59.211,0.79,5.05,0.65,36.0,0.84,4.86,0.85,15.0,0.16,4.86,0.15,15.0,0.21,5.05,0.35,36.0,0.05,0.05,43.635823,1776213958000
1776213960.209,60.209,0.79,5.05,0.65,36.0,0.84,4.86,0.85,15.0,0.16,4.86,0.15,15.0,0.21,5.05,0.35,36.0,0.05,0.05,43.636291,1776213959000
1776213960.571,60.571,0.8,5.05,0.7,28.0,0.85,6.13,0.86,15.0,0.16,4.86,0.15,15.0,0.21,5.05,0.35,36.0,0.05,0.05,43.636291,1776213959000
1776213961.184,61.184,0.8,5.05,0.7,28.0,0.85,6.13,0.86,15.0,0.15,6.13,0.14,15.0,0.2,5.05,0.3,28.0,0.05,0.05,43.63675,1776213960000
1776213962.299,62.299,0.8,5.05,0.7,28.0,0.85,6.13,0.86,15.0,0.15,6.13,0.14,15.0,0.2,5.05,0.3,28.0,0.05,0.05,43.636759,1776213961000
1776213963.458,63.458,0.8,5.05,0.7,28.0,0.85,6.13,0.86,15.0,0.15,6.13,0.14,15.0,0.2,5.05,0.3,28.0,0.05,0.05,43.636644,1776213962000
1776213964.347,64.347,0.8,5.05,0.7,28.0,0.85,6.13,0.86,15.0,0.15,6.13,0.14,15.0,0.2,5.05,0.3,28.0,0.05,0.05,43.637445,1776213963000
1776213964.892,64.892,0.8,5.05,0.7,28.0,0.85,6.13,0.86,15.0,0.15,6.13,0.14,15.0,0.2,5.05,0.3,28.0,0.05,0.05,43.637445,1776213964000
1776213966.28,66.28,0.8,5.05,0.7,28.0,0.85,6.13,0.86,15.0,0.15,6.13,0.14,15.0,0.2,5.05,0.3,28.0,0.05,0.05,43.643012,1776213965000
1776213967.34,67.34,0.8,5.05,0.7,28.0,0.85,6.13,0.86,15.0,0.15,6.13,0.14,15.0,0.2,5.05,0.3,28.0,0.05,0.05,43.642897,1776213966000
1776213967.958,67.958,0.8,5.05,0.7,28.0,0.85,6.13,0.86,15.0,0.15,6.13,0.14,15.0,0.2,5.05,0.3,28.0,0.05,0.05,43.642897,1776213967000
1776213968.903,68.903,0.8,5.05,0.7,28.0,0.85,6.13,0.86,15.0,0.15,6.13,0.14,15.0,0.2,5.05,0.3,28.0,0.05,0.05,43.644234,1776213968000
1776213970.016,70.016,0.8,5.05,0.7,28.0,0.85,6.13,0.86,15.0,0.15,6.13,0.14,15.0,0.2,5.05,0.3,28.0,0.05,0.05,43.645754,1776213969000
1776213971.031,71.031,0.8,5.05,0.7,28.0,0.85,6.13,0.86,15.0,0.15,6.13,0.14,15.0,0.2,5.05,0.3,28.0,0.05,0.05,43.645755,1776213970000
1776213972.042,72.042,0.8,5.05,0.7,28.0,0.85,6.13,0.86,15.0,0.15,6.13,0.14,15.0,0.2,5.05,0.3,28.0,0.05,0.05,43.643016,1776213971000
1776213973.088,73.088,0.8,5.05,0.7,28.0,0.85,6.13,0.86,15.0,0.15,6.13,0.14,15.0,0.2,5.05,0.3,28.0,0.05,0.05,43.64133,1776213972000
1776213974.256,74.256,0.8,5.05,0.7,28.0,0.85,6.13,0.86,15.0,0.15,6.13,0.14,15.0,0.2,5.05,0.3,28.0,0.05,0.05,43.644619,1776213973000
1776213975.254,75.254,0.8,5.05,0.7,28.0,0.85,6.13,0.86,15.0,0.15,6.13,0.14,15.0,0.2,5.05,0.3,28.0,0.05,0.05,43.645744,1776213974000
1776213976.373,76.373,0.8,5.05,0.7,28.0,0.85,6.13,0.86,15.0,0.15,6.13,0.14,15.0,0.2,5.05,0.3,28.0,0.05,0.05,43.646335,1776213975000
1776213977.436,77.436,0.8,5.05,0.7,28.0,0.85,6.13,0.86,15.0,0.15,6.13,0.14,15.0,0.2,5.05,0.3,28.0,0.05,0.05,43.646109,1776213976000
1776213978.008,78.008,0.8,5.05,0.7,28.0,0.85,6.13,0.86,15.0,0.15,6.13,0.14,15.0,0.2,5.05,0.3,28.0,0.05,0.05,43.646221,1776213977000
1776213978.252,78.252,0.84,10.0,0.75,15.0,0.88,15.0,0.89,15.0,0.15,6.13,0.14,15.0,0.2,5.05,0.3,28.0,0.04,0.05,43.646221,1776213977000
1776213979.486,79.486,0.84,10.0,0.75,15.0,0.88,15.0,0.89,15.0,0.12,15.0,0.11,15.0,0.16,10.0,0.25,15.0,0.04,0.04,43.645537,1776213978000
1776213979.98,79.98,0.84,10.0,0.75,15.0,0.88,15.0,0.89,15.0,0.12,15.0,0.11,15.0,0.16,10.0,0.25,15.0,0.04,0.04,43.644406,1776213979000
1776213980.223,80.223,0.84,10.0,0.8,5.05,0.86,15.0,0.87,15.0,0.12,15.0,0.11,15.0,0.16,10.0,0.25,15.0,0.02,0.04,43.644406,1776213979000
1776213981.006,81.006,0.84,10.0,0.8,5.05,0.86,15.0,0.87,15.0,0.14,15.0,0.13,15.0,0.16,10.0,0.2,5.05,0.02,0.02,43.638528,1776213980000
1776213981.534,81.534,0.84,10.0,0.69,15.0,0.87,15.0,0.88,15.0,0.14,15.0,0.13,15.0,0.16,10.0,0.2,5.05,0.03,0.02,43.638528,1776213980000
1776213982.006,82.006,0.84,10.0,0.69,15.0,0.87,15.0,0.88,15.0,0.13,15.0,0.12,15.0,0.16,10.0,0.31,15.0,0.03,0.03,43.636471,1776213981000
1776213983.071,83.071,0.84,10.0,0.69,15.0,0.87,15.0,0.88,15.0,0.13,15.0,0.12,15.0,0.16,10.0,0.31,15.0,0.03,0.03,43.634608,1776213982000
1776213984.165,84.165,0.84,10.0,0.69,15.0,0.87,15.0,0.88,15.0,0.13,15.0,0.12,15.0,0.16,10.0,0.31,15.0,0.03,0.03,43.62644,1776213983000
1776213984.391,84.391,0.77,5.05,0.72,15.0,0.85,15.0,0.86,15.0,0.13,15.0,0.12,15.0,0.16,10.0,0.31,15.0,0.08,0.03,43.62644,1776213983000
1776213985.136,85.136,0.77,5.05,0.72,15.0,0.85,15.0,0.86,15.0,0.15,15.0,0.14,15.0,0.23,5.05,0.28,15.0,0.08,0.08,43.62644,1776213984000
1776213986.115,86.115,0.77,5.05,0.72,15.0,0.85,15.0,0.86,15.0,0.15,15.0,0.14,15.0,0.23,5.05,0.28,15.0,0.08,0.08,43.62684,1776213985000
1776213987.066,87.066,0.77,5.05,0.72,15.0,0.85,15.0,0.86,15.0,0.15,15.0,0.14,15.0,0.23,5.05,0.28,15.0,0.08,0.08,43.62558,1776213986000
1776213987.99,87.99,0.77,5.05,0.72,15.0,0.85,15.0,0.86,15.0,0.15,15.0,0.14,15.0,0.23,5.05,0.28,15.0,0.08,0.08,43.62552,1776213987000
1776213988.974,88.974,0.77,5.05,0.72,15.0,0.85,15.0,0.86,15.0,0.15,15.0,0.14,15.0,0.23,5.05,0.28,15.0,0.08,0.08,43.625781,1776213988000
1776213989.963,89.963,0.77,5.05,0.72,15.0,0.85,15.0,0.86,15.0,0.15,15.0,0.14,15.0,0.23,5.05,0.28,15.0,0.08,0.08,43.625653,1776213989000
1776213990.917,90.917,0.77,5.05,0.72,15.0,0.85,15.0,0.86,15.0,0.15,15.0,0.14,15.0,0.23,5.05,0.28,15.0,0.08,0.08,43.625328,1776213990000
1776213992.721,92.721,0.77,5.05,0.72,15.0,0.85,15.0,0.86,15.0,0.15,15.0,0.14,15.0,0.23,5.05,0.28,15.0,0.08,0.08,43.625934,1776213991000
1776213993.375,93.375,0.77,5.05,0.72,15.0,0.85,15.0,0.86,15.0,0.15,15.0,0.14,15.0,0.23,5.05,0.28,15.0,0.08,0.08,43.625641,1776213992000
1776213994.157,94.157,0.77,5.05,0.72,15.0,0.85,15.0,0.86,15.0,0.15,15.0,0.14,15.0,0.23,5.05,0.28,15.0,0.08,0.08,43.625641,1776213993000
1776213995.448,95.448,0.77,5.05,0.72,15.0,0.85,15.0,0.86,15.0,0.15,15.0,0.14,15.0,0.23,5.05,0.28,15.0,0.08,0.08,43.625412,1776213994000
1776213995.978,95.978,0.77,5.05,0.72,15.0,0.85,15.0,0.86,15.0,0.15,15.0,0.14,15.0,0.23,5.05,0.28,15.0,0.08,0.08,43.625412,1776213995000
1776213997.336,97.336,0.77,5.05,0.72,15.0,0.85,15.0,0.86,15.0,0.15,15.0,0.14,15.0,0.23,5.05,0.28,15.0,0.08,0.08,43.625465,1776213996000
1776213998.305,98.305,0.77,5.05,0.72,15.0,0.85,15.0,0.86,15.0,0.15,15.0,0.14,15.0,0.23,5.05,0.28,15.0,0.08,0.08,43.6262,1776213997000
1776213998.972,98.972,0.77,5.05,0.72,15.0,0.85,15.0,0.86,15.0,0.15,15.0,0.14,15.0,0.23,5.05,0.28,15.0,0.08,0.08,43.626198,1776213998000
1776214000.224,100.224,0.77,5.05,0.72,15.0,0.85,15.0,0.86,15.0,0.15,15.0,0.14,15.0,0.23,5.05,0.28,15.0,0.08,0.08,43.625815,1776213999000
1776214001.315,101.315,0.77,5.05,0.72,15.0,0.85,15.0,0.86,15.0,0.15,15.0,0.14,15.0,0.23,5.05,0.28,15.0,0.08,0.08,43.625671,1776214000000
1776214001.896,101.896,0.77,5.05,0.72,15.0,0.85,15.0,0.86,15.0,0.15,15.0,0.14,15.0,0.23,5.05,0.28,15.0,0.08,0.08,43.625632,1776214001000
1776214003.124,103.124,0.77,5.05,0.72,15.0,0.85,15.0,0.86,15.0,0.15,15.0,0.14,15.0,0.23,5.05,0.28,15.0,0.08,0.08,43.62563,1776214002000
1776214004.37,104.37,0.77,5.05,0.72,15.0,0.85,15.0,0.86,15.0,0.15,15.0,0.14,15.0,0.23,5.05,0.28,15.0,0.08,0.08,43.625289,1776214003000
1776214005.482,105.482,0.77,5.05,0.72,15.0,0.85,15.0,0.86,15.0,0.15,15.0,0.14,15.0,0.23,5.05,0.28,15.0,0.08,0.08,43.625236,1776214004000
1776214005.943,105.943,0.77,5.05,0.72,15.0,0.85,15.0,0.86,15.0,0.15,15.0,0.14,15.0,0.23,5.05,0.28,15.0,0.08,0.08,43.625236,1776214005000
1776214007.143,107.143,0.77,5.05,0.72,15.0,0.85,15.0,0.86,15.0,0.15,15.0,0.14,15.0,0.23,5.05,0.28,15.0,0.08,0.08,43.625296,1776214006000
1776214008.202,108.202,0.77,5.05,0.72,15.0,0.85,15.0,0.86,15.0,0.15,15.0,0.14,15.0,0.23,5.05,0.28,15.0,0.08,0.08,43.625293,1776214007000
1776214009.272,109.272,0.77,5.05,0.72,15.0,0.85,15.0,0.86,15.0,0.15,15.0,0.14,15.0,0.23,5.05,0.28,15.0,0.08,0.08,43.625393,1776214008000
1776214010.315,110.315,0.77,5.05,0.72,15.0,0.85,15.0,0.86,15.0,0.15,15.0,0.14,15.0,0.23,5.05,0.28,15.0,0.08,0.08,43.626913,1776214009000
1776214011.385,111.385,0.77,5.05,0.72,15.0,0.85,15.0,0.86,15.0,0.15,15.0,0.14,15.0,0.23,5.05,0.28,15.0,0.08,0.08,43.633078,1776214010000
1776214011.839,111.839,0.77,5.05,0.72,15.0,0.85,15.0,0.86,15.0,0.15,15.0,0.14,15.0,0.23,5.05,0.28,15.0,0.08,0.08,43.634264,1776214011000
1776214012.903,112.903,0.77,5.05,0.72,15.0,0.85,15.0,0.86,15.0,0.15,15.0,0.14,15.0,0.23,5.05,0.28,15.0,0.08,0.08,43.635884,1776214012000
1776214013.842,113.842,0.77,5.05,0.72,15.0,0.85,15.0,0.86,15.0,0.15,15.0,0.14,15.0,0.23,5.05,0.28,15.0,0.08,0.08,43.636086,1776214013000
1776214014.911,114.911,0.77,5.05,0.72,15.0,0.85,15.0,0.86,15.0,0.15,15.0,0.14,15.0,0.23,5.05,0.28,15.0,0.08,0.08,43.635271,1776214014000
1776214016.04,116.04,0.77,5.05,0.72,15.0,0.85,15.0,0.86,15.0,0.15,15.0,0.14,15.0,0.23,5.05,0.28,15.0,0.08,0.08,43.635332,1776214015000
1776214017.041,117.041,0.77,5.05,0.72,15.0,0.85,15.0,0.86,15.0,0.15,15.0,0.14,15.0,0.23,5.05,0.28,15.0,0.08,0.08,43.637339,1776214016000
1776214018.012,118.012,0.77,5.05,0.72,15.0,0.85,15.0,0.86,15.0,0.15,15.0,0.14,15.0,0.23,5.05,0.28,15.0,0.08,0.08,43.637622,1776214017000
1776214018.995,118.995,0.77,5.05,0.72,15.0,0.85,15.0,0.86,15.0,0.15,15.0,0.14,15.0,0.23,5.05,0.28,15.0,0.08,0.08,43.63749,1776214018000
1776214020.027,120.027,0.77,5.05,0.72,15.0,0.85,15.0,0.86,15.0,0.15,15.0,0.14,15.0,0.23,5.05,0.28,15.0,0.08,0.08,43.63741,1776214019000
1776214021.492,121.492,0.77,5.05,0.72,15.0,0.85,15.0,0.86,15.0,0.15,15.0,0.14,15.0,0.23,5.05,0.28,15.0,0.08,0.08,43.637748,1776214020000
1776214022.041,122.041,0.77,5.05,0.72,15.0,0.85,15.0,0.86,15.0,0.15,15.0,0.14,15.0,0.23,5.05,0.28,15.0,0.08,0.08,43.637725,1776214021000
1776214023.315,123.315,0.77,5.05,0.72,15.0,0.85,15.0,0.86,15.0,0.15,15.0,0.14,15.0,0.23,5.05,0.28,15.0,0.08,0.08,43.637724,1776214022000
1776214024.012,124.012,0.77,5.05,0.72,15.0,0.85,15.0,0.86,15.0,0.15,15.0,0.14,15.0,0.23,5.05,0.28,15.0,0.08,0.08,43.63772,1776214023000
1776214025.046,125.046,0.77,5.05,0.72,15.0,0.85,15.0,0.86,15.0,0.15,15.0,0.14,15.0,0.23,5.05,0.28,15.0,0.08,0.08,43.637512,1776214024000
1776214026.214,126.214,0.77,5.05,0.72,15.0,0.85,15.0,0.86,15.0,0.15,15.0,0.14,15.0,0.23,5.05,0.28,15.0,0.08,0.08,43.637447,1776214025000
1776214026.45,126.45,0.81,20.05,0.8,15.0,0.89,5.61,0.9,15.0,0.15,15.0,0.14,15.0,0.23,5.05,0.28,15.0,0.08,0.08,43.637447,1776214025000
1776214027.577,127.577,0.81,20.05,0.8,15.0,0.89,5.61,0.9,15.0,0.11,5.61,0.1,15.0,0.19,20.05,0.2,15.0,0.08,0.08,43.63549,1776214026000
1776214028.141,128.141,0.81,20.05,0.8,15.0,0.89,5.61,0.9,15.0,0.11,5.61,0.1,15.0,0.19,20.05,0.2,15.0,0.08,0.08,43.634844,1776214027000
1776214029.325,129.325,0.81,20.05,0.8,15.0,0.89,5.61,0.9,15.0,0.11,5.61,0.1,15.0,0.19,20.05,0.2,15.0,0.08,0.08,43.633968,1776214028000
1776214030.469,130.469,0.81,20.05,0.8,15.0,0.89,5.61,0.9,15.0,0.11,5.61,0.1,15.0,0.19,20.05,0.2,15.0,0.08,0.08,43.632045,1776214029000
1776214031.035,131.035,0.81,20.05,0.8,15.0,0.89,5.61,0.9,15.0,0.11,5.61,0.1,15.0,0.19,20.05,0.2,15.0,0.08,0.08,43.632043,1776214030000
1776214032.124,132.124,0.81,20.05,0.8,15.0,0.89,5.61,0.9,15.0,0.11,5.61,0.1,15.0,0.19,20.05,0.2,15.0,0.08,0.08,43.633279,1776214031000
1776214033.538,133.538,0.81,20.05,0.8,15.0,0.89,5.61,0.9,15.0,0.11,5.61,0.1,15.0,0.19,20.05,0.2,15.0,0.08,0.08,43.634895,1776214032000
1776214034.105,134.105,0.81,20.05,0.8,15.0,0.89,5.61,0.9,15.0,0.11,5.61,0.1,15.0,0.19,20.05,0.2,15.0,0.08,0.08,43.634905,1776214033000
1776214035.407,135.407,0.81,20.05,0.8,15.0,0.89,5.61,0.9,15.0,0.11,5.61,0.1,15.0,0.19,20.05,0.2,15.0,0.08,0.08,43.635741,1776214034000
1776214036.919,136.919,0.81,20.05,0.8,15.0,0.89,5.61,0.9,15.0,0.11,5.61,0.1,15.0,0.19,20.05,0.2,15.0,0.08,0.08,43.635741,1776214035000
1776214037.739,137.739,0.81,20.05,0.8,15.0,0.89,5.61,0.9,15.0,0.11,5.61,0.1,15.0,0.19,20.05,0.2,15.0,0.08,0.08,43.635729,1776214036000
1776214038.682,138.682,0.81,20.05,0.8,15.0,0.89,5.61,0.9,15.0,0.11,5.61,0.1,15.0,0.19,20.05,0.2,15.0,0.08,0.08,43.635729,1776214037000
1776214039.346,139.346,0.81,20.05,0.8,15.0,0.89,5.61,0.9,15.0,0.11,5.61,0.1,15.0,0.19,20.05,0.2,15.0,0.08,0.08,43.638173,1776214038000
1776214039.948,139.948,0.81,20.05,0.8,15.0,0.89,5.61,0.9,15.0,0.11,5.61,0.1,15.0,0.19,20.05,0.2,15.0,0.08,0.08,43.640576,1776214039000
1776214041.254,141.254,0.81,20.05,0.8,15.0,0.89,5.61,0.9,15.0,0.11,5.61,0.1,15.0,0.19,20.05,0.2,15.0,0.08,0.08,43.64056,1776214040000
1776214042.457,142.457,0.81,20.05,0.8,15.0,0.89,5.61,0.9,15.0,0.11,5.61,0.1,15.0,0.19,20.05,0.2,15.0,0.08,0.08,43.639189,1776214041000
1776214043.226,143.226,0.81,20.05,0.8,15.0,0.89,5.61,0.9,15.0,0.11,5.61,0.1,15.0,0.19,20.05,0.2,15.0,0.08,0.08,43.638045,1776214042000
1776214043.581,143.581,0.78,5.05,0.75,15.0,0.88,7.5,0.89,15.0,0.11,5.61,0.1,15.0,0.19,20.05,0.2,15.0,0.1,0.08,43.638045,1776214042000
1776214044.537,144.537,0.78,5.05,0.75,15.0,0.88,7.5,0.89,15.0,0.12,7.5,0.11,15.0,0.22,5.05,0.25,15.0,0.1,0.1,43.632225,1776214043000
1776214045.232,145.232,0.78,5.05,0.75,15.0,0.88,7.5,0.89,15.0,0.12,7.5,0.11,15.0,0.22,5.05,0.25,15.0,0.1,0.1,43.627739,1776214044000
1776214046.445,146.445,0.78,5.05,0.75,15.0,0.88,7.5,0.89,15.0,0.12,7.5,0.11,15.0,0.22,5.05,0.25,15.0,0.1,0.1,43.6263,1776214045000
1776214047.254,147.254,0.78,5.05,0.75,15.0,0.88,7.5,0.89,15.0,0.12,7.5,0.11,15.0,0.22,5.05,0.25,15.0,0.1,0.1,43.6263,1776214046000
1776214048.395,148.395,0.78,5.05,0.75,15.0,0.88,7.5,0.89,15.0,0.12,7.5,0.11,15.0,0.22,5.05,0.25,15.0,0.1,0.1,43.626299,1776214047000
1776214049.015,149.015,0.78,5.05,0.75,15.0,0.88,7.5,0.89,15.0,0.12,7.5,0.11,15.0,0.22,5.05,0.25,15.0,0.1,0.1,43.62615,1776214048000
1776214050.34,150.34,0.78,5.05,0.75,15.0,0.88,7.5,0.89,15.0,0.12,7.5,0.11,15.0,0.22,5.05,0.25,15.0,0.1,0.1,43.626174,1776214049000
1776214051.081,151.081,0.78,5.05,0.75,15.0,0.88,7.5,0.89,15.0,0.12,7.5,0.11,15.0,0.22,5.05,0.25,15.0,0.1,0.1,43.626213,1776214050000
1776214052.374,152.374,0.78,5.05,0.75,15.0,0.88,7.5,0.89,15.0,0.12,7.5,0.11,15.0,0.22,5.05,0.25,15.0,0.1,0.1,43.625951,1776214051000
1776214054.263,154.263,0.78,5.05,0.75,15.0,0.88,7.5,0.89,15.0,0.12,7.5,0.11,15.0,0.22,5.05,0.25,15.0,0.1,0.1,43.625184,1776214053000
1776214055.421,155.421,0.78,5.05,0.75,15.0,0.88,7.5,0.89,15.0,0.12,7.5,0.11,15.0,0.22,5.05,0.25,15.0,0.1,0.1,43.625409,1776214054000
1776214055.979,155.979,0.78,5.05,0.75,15.0,0.88,7.5,0.89,15.0,0.12,7.5,0.11,15.0,0.22,5.05,0.25,15.0,0.1,0.1,43.625407,1776214055000
1776214057.16,157.16,0.78,5.05,0.75,15.0,0.88,7.5,0.89,15.0,0.12,7.5,0.11,15.0,0.22,5.05,0.25,15.0,0.1,0.1,43.625086,1776214056000
1776214058.212,158.212,0.78,5.05,0.75,15.0,0.88,7.5,0.89,15.0,0.12,7.5,0.11,15.0,0.22,5.05,0.25,15.0,0.1,0.1,43.624936,1776214057000
1776214058.931,158.931,0.78,5.05,0.75,15.0,0.88,7.5,0.89,15.0,0.12,7.5,0.11,15.0,0.22,5.05,0.25,15.0,0.1,0.1,43.624936,1776214058000
1776214060.177,160.177,0.78,5.05,0.75,15.0,0.88,7.5,0.89,15.0,0.12,7.5,0.11,15.0,0.22,5.05,0.25,15.0,0.1,0.1,43.625933,1776214059000
1776214061.25,161.25,0.78,5.05,0.75,15.0,0.88,7.5,0.89,15.0,0.12,7.5,0.11,15.0,0.22,5.05,0.25,15.0,0.1,0.1,43.626672,1776214060000
1776214062.325,162.325,0.78,5.05,0.75,15.0,0.88,7.5,0.89,15.0,0.12,7.5,0.11,15.0,0.22,5.05,0.25,15.0,0.1,0.1,43.626212,1776214061000
1776214063.09,163.09,0.78,5.05,0.75,15.0,0.88,7.5,0.89,15.0,0.12,7.5,0.11,15.0,0.22,5.05,0.25,15.0,0.1,0.1,43.626903,1776214062000
1776214064.506,164.506,0.78,5.05,0.75,15.0,0.88,7.5,0.89,15.0,0.12,7.5,0.11,15.0,0.22,5.05,0.25,15.0,0.1,0.1,43.625471,1776214063000
1776214064.991,164.991,0.78,5.05,0.75,15.0,0.88,7.5,0.89,15.0,0.12,7.5,0.11,15.0,0.22,5.05,0.25,15.0,0.1,0.1,43.624334,1776214064000
1776214065.269,165.269,0.77,5.05,0.74,15.0,0.85,7.5,0.86,15.0,0.12,7.5,0.11,15.0,0.22,5.05,0.25,15.0,0.08,0.1,43.624334,1776214064000
1776214066.206,166.206,0.77,5.05,0.74,15.0,0.85,7.5,0.86,15.0,0.15,7.5,0.14,15.0,0.23,5.05,0.26,15.0,0.08,0.08,43.613071,1776214065000
1776214067.581,167.581,0.77,5.05,0.74,15.0,0.85,7.5,0.86,15.0,0.15,7.5,0.14,15.0,0.23,5.05,0.26,15.0,0.08,0.08,43.612049,1776214066000
1776214068.12,168.12,0.77,5.05,0.74,15.0,0.85,7.5,0.86,15.0,0.15,7.5,0.14,15.0,0.23,5.05,0.26,15.0,0.08,0.08,43.611507,1776214067000
1776214069.814,169.814,0.77,5.05,0.74,15.0,0.85,7.5,0.86,15.0,0.15,7.5,0.14,15.0,0.23,5.05,0.26,15.0,0.08,0.08,43.611209,1776214068000
1776214070.28,170.28,0.77,5.05,0.74,15.0,0.85,7.5,0.86,15.0,0.15,7.5,0.14,15.0,0.23,5.05,0.26,15.0,0.08,0.08,43.609944,1776214069000
1776214071.246,171.246,0.77,5.05,0.74,15.0,0.85,7.5,0.86,15.0,0.15,7.5,0.14,15.0,0.23,5.05,0.26,15.0,0.08,0.08,43.60983,1776214070000
1776214072.206,172.206,0.77,5.05,0.74,15.0,0.85,7.5,0.86,15.0,0.15,7.5,0.14,15.0,0.23,5.05,0.26,15.0,0.08,0.08,43.60983,1776214071000
1776214073.257,173.257,0.77,5.05,0.74,15.0,0.85,7.5,0.86,15.0,0.15,7.5,0.14,15.0,0.23,5.05,0.26,15.0,0.08,0.08,43.610066,1776214072000
1776214074.248,174.248,0.77,5.05,0.74,15.0,0.85,7.5,0.86,15.0,0.15,7.5,0.14,15.0,0.23,5.05,0.26,15.0,0.08,0.08,43.610013,1776214073000
1776214075.167,175.167,0.77,5.05,0.74,15.0,0.85,7.5,0.86,15.0,0.15,7.5,0.14,15.0,0.23,5.05,0.26,15.0,0.08,0.08,43.610856,1776214074000
1776214076.202,176.202,0.77,5.05,0.74,15.0,0.85,7.5,0.86,15.0,0.15,7.5,0.14,15.0,0.23,5.05,0.26,15.0,0.08,0.08,43.611087,1776214075000
1776214077.089,177.089,0.77,5.05,0.74,15.0,0.85,7.5,0.86,15.0,0.15,7.5,0.14,15.0,0.23,5.05,0.26,15.0,0.08,0.08,43.611262,1776214076000
1776214078.117,178.117,0.77,5.05,0.74,15.0,0.85,7.5,0.86,15.0,0.15,7.5,0.14,15.0,0.23,5.05,0.26,15.0,0.08,0.08,43.611113,1776214077000
1776214079.13,179.13,0.77,5.05,0.74,15.0,0.85,7.5,0.86,15.0,0.15,7.5,0.14,15.0,0.23,5.05,0.26,15.0,0.08,0.08,43.610333,1776214078000
1776214080.134,180.134,0.77,5.05,0.74,15.0,0.85,7.5,0.86,15.0,0.15,7.5,0.14,15.0,0.23,5.05,0.26,15.0,0.08,0.08,43.610333,1776214079000
1776214081.089,181.089,0.77,5.05,0.74,15.0,0.85,7.5,0.86,15.0,0.15,7.5,0.14,15.0,0.23,5.05,0.26,15.0,0.08,0.08,43.61073,1776214080000
1776214082.806,182.806,0.77,5.05,0.74,15.0,0.85,7.5,0.86,15.0,0.15,7.5,0.14,15.0,0.23,5.05,0.26,15.0,0.08,0.08,43.610729,1776214081000
1776214083.29,183.29,0.77,5.05,0.74,15.0,0.85,7.5,0.86,15.0,0.15,7.5,0.14,15.0,0.23,5.05,0.26,15.0,0.08,0.08,43.610274,1776214082000
1776214085.224,185.224,0.77,5.05,0.74,15.0,0.85,7.5,0.86,15.0,0.15,7.5,0.14,15.0,0.23,5.05,0.26,15.0,0.08,0.08,43.611076,1776214084000
1776214086.689,186.689,0.77,5.05,0.74,15.0,0.85,7.5,0.86,15.0,0.15,7.5,0.14,15.0,0.23,5.05,0.26,15.0,0.08,0.08,43.610615,1776214085000
1776214087.327,187.327,0.77,5.05,0.74,15.0,0.85,7.5,0.86,15.0,0.15,7.5,0.14,15.0,0.23,5.05,0.26,15.0,0.08,0.08,43.610615,1776214086000
1776214088.145,188.145,0.77,5.05,0.74,15.0,0.85,7.5,0.86,15.0,0.15,7.5,0.14,15.0,0.23,5.05,0.26,15.0,0.08,0.08,43.610615,1776214087000
1776214089.582,189.582,0.77,5.05,0.74,15.0,0.85,7.5,0.86,15.0,0.15,7.5,0.14,15.0,0.23,5.05,0.26,15.0,0.08,0.08,43.61107,1776214088000
1776214090.282,190.282,0.77,5.05,0.74,15.0,0.85,7.5,0.86,15.0,0.15,7.5,0.14,15.0,0.23,5.05,0.26,15.0,0.08,0.08,43.611414,1776214089000
1776214091.77,191.77,0.77,5.05,0.74,15.0,0.85,7.5,0.86,15.0,0.15,7.5,0.14,15.0,0.23,5.05,0.26,15.0,0.08,0.08,43.611443,1776214090000
1776214092.604,192.604,0.77,5.05,0.74,15.0,0.85,7.5,0.86,15.0,0.15,7.5,0.14,15.0,0.23,5.05,0.26,15.0,0.08,0.08,43.610014,1776214091000
1776214093.414,193.414,0.77,5.05,0.74,15.0,0.85,7.5,0.86,15.0,0.15,7.5,0.14,15.0,0.23,5.05,0.26,15.0,0.08,0.08,43.60978,1776214092000
1776214094.195,194.195,0.77,5.05,0.74,15.0,0.85,7.5,0.86,15.0,0.15,7.5,0.14,15.0,0.23,5.05,0.26,15.0,0.08,0.08,43.609666,1776214093000
1776214095.567,195.567,0.77,5.05,0.74,15.0,0.85,7.5,0.86,15.0,0.15,7.5,0.14,15.0,0.23,5.05,0.26,15.0,0.08,0.08,43.609351,1776214094000
1776214096.225,196.225,0.77,5.05,0.74,15.0,0.85,7.5,0.86,15.0,0.15,7.5,0.14,15.0,0.23,5.05,0.26,15.0,0.08,0.08,43.609392,1776214095000
1776214097.702,197.702,0.77,5.05,0.74,15.0,0.85,7.5,0.86,15.0,0.15,7.5,0.14,15.0,0.23,5.05,0.26,15.0,0.08,0.08,43.609392,1776214096000
1776214098.43,198.43,0.77,5.05,0.74,15.0,0.85,7.5,0.86,15.0,0.15,7.5,0.14,15.0,0.23,5.05,0.26,15.0,0.08,0.08,43.609277,1776214097000
1776214099.147,199.147,0.77,5.05,0.74,15.0,0.85,7.5,0.86,15.0,0.15,7.5,0.14,15.0,0.23,5.05,0.26,15.0,0.08,0.08,43.609277,1776214098000
1776214100.647,200.647,0.77,5.05,0.74,15.0,0.85,7.5,0.86,15.0,0.15,7.5,0.14,15.0,0.23,5.05,0.26,15.0,0.08,0.08,43.609333,1776214099000
1776214101.71,201.71,0.77,5.05,0.74,15.0,0.85,7.5,0.86,15.0,0.15,7.5,0.14,15.0,0.23,5.05,0.26,15.0,0.08,0.08,43.596225,1776214100000
1776214102.331,202.331,0.6,5.05,0.58,15.0,0.77,6.1,0.79,15.0,0.23,6.1,0.21,15.0,0.4,5.05,0.42,15.0,0.17,0.17,43.592576,1776214101000
1776214103.369,203.369,0.6,5.05,0.58,15.0,0.77,6.1,0.79,15.0,0.23,6.1,0.21,15.0,0.4,5.05,0.42,15.0,0.17,0.17,43.585461,1776214102000
1776214104.153,204.153,0.6,5.05,0.58,15.0,0.77,6.1,0.79,15.0,0.23,6.1,0.21,15.0,0.4,5.05,0.42,15.0,0.17,0.17,43.583907,1776214103000
1776214105.618,205.618,0.6,5.05,0.58,15.0,0.77,6.1,0.79,15.0,0.23,6.1,0.21,15.0,0.4,5.05,0.42,15.0,0.17,0.17,43.587549,1776214104000
1776214106.301,206.301,0.6,5.05,0.58,15.0,0.77,6.1,0.79,15.0,0.23,6.1,0.21,15.0,0.4,5.05,0.42,15.0,0.17,0.17,43.59408,1776214105000
1776214107.039,207.039,0.6,5.05,0.58,15.0,0.77,6.1,0.79,15.0,0.23,6.1,0.21,15.0,0.4,5.05,0.42,15.0,0.17,0.17,43.59408,1776214106000
1776214108.508,208.508,0.6,5.05,0.58,15.0,0.77,6.1,0.79,15.0,0.23,6.1,0.21,15.0,0.4,5.05,0.42,15.0,0.17,0.17,43.601001,1776214107000
1776214109.136,209.136,0.6,5.05,0.58,15.0,0.77,6.1,0.79,15.0,0.23,6.1,0.21,15.0,0.4,5.05,0.42,15.0,0.17,0.17,43.601979,1776214108000
1776214110.584,210.584,0.6,5.05,0.58,15.0,0.77,6.1,0.79,15.0,0.23,6.1,0.21,15.0,0.4,5.05,0.42,15.0,0.17,0.17,43.603002,1776214109000
1776214111.26,211.26,0.6,5.05,0.58,15.0,0.77,6.1,0.79,15.0,0.23,6.1,0.21,15.0,0.4,5.05,0.42,15.0,0.17,0.17,43.603348,1776214110000
1776214112.541,212.541,0.6,5.05,0.58,15.0,0.77,6.1,0.79,15.0,0.23,6.1,0.21,15.0,0.4,5.05,0.42,15.0,0.17,0.17,43.604185,1776214111000
1776214113.164,213.164,0.6,5.05,0.58,15.0,0.77,6.1,0.79,15.0,0.23,6.1,0.21,15.0,0.4,5.05,0.42,15.0,0.17,0.17,43.604185,1776214112000
1776214114.529,214.529,0.6,5.05,0.58,15.0,0.77,6.1,0.79,15.0,0.23,6.1,0.21,15.0,0.4,5.05,0.42,15.0,0.17,0.17,43.60367,1776214113000
1776214115.125,215.125,0.6,5.05,0.58,15.0,0.77,6.1,0.79,15.0,0.23,6.1,0.21,15.0,0.4,5.05,0.42,15.0,0.17,0.17,43.603824,1776214114000
1776214116.529,216.529,0.6,5.05,0.58,15.0,0.77,6.1,0.79,15.0,0.23,6.1,0.21,15.0,0.4,5.05,0.42,15.0,0.17,0.17,43.603479,1776214115000
1776214117.197,217.197,0.6,5.05,0.58,15.0,0.77,6.1,0.79,15.0,0.23,6.1,0.21,15.0,0.4,5.05,0.42,15.0,0.17,0.17,43.603479,1776214116000
1776214118.595,218.595,0.6,5.05,0.58,15.0,0.77,6.1,0.79,15.0,0.23,6.1,0.21,15.0,0.4,5.05,0.42,15.0,0.17,0.17,43.604316,1776214117000
1776214120.039,220.039,0.6,5.05,0.58,15.0,0.77,6.1,0.79,15.0,0.23,6.1,0.21,15.0,0.4,5.05,0.42,15.0,0.17,0.17,43.604343,1776214118000
1776214120.724,220.724,0.6,5.05,0.58,15.0,0.77,6.1,0.79,15.0,0.23,6.1,0.21,15.0,0.4,5.05,0.42,15.0,0.17,0.17,43.604339,1776214119000
1776214121.648,221.648,0.6,5.05,0.58,15.0,0.77,6.1,0.79,15.0,0.23,6.1,0.21,15.0,0.4,5.05,0.42,15.0,0.17,0.17,43.604886,1776214120000
1776214122.64,222.64,0.6,5.05,0.58,15.0,0.77,6.1,0.79,15.0,0.23,6.1,0.21,15.0,0.4,5.05,0.42,15.0,0.17,0.17,43.604814,1776214121000
1776214123.31,223.31,0.6,5.05,0.58,15.0,0.77,6.1,0.79,15.0,0.23,6.1,0.21,15.0,0.4,5.05,0.42,15.0,0.17,0.17,43.604622,1776214122000
1776214124.657,224.657,0.6,5.05,0.58,15.0,0.77,6.1,0.79,15.0,0.23,6.1,0.21,15.0,0.4,5.05,0.42,15.0,0.17,0.17,43.601758,1776214123000
1776214125.389,225.389,0.6,5.05,0.58,15.0,0.77,6.1,0.79,15.0,0.23,6.1,0.21,15.0,0.4,5.05,0.42,15.0,0.17,0.17,43.597339,1776214124000
1776214126.012,226.012,0.74,8.95,0.73,15.0,0.82,9.64,0.83,15.0,0.18,9.64,0.17,15.0,0.26,8.95,0.27,15.0,0.08,0.08,43.596103,1776214125000
1776214127.322,227.322,0.74,8.95,0.73,15.0,0.82,9.64,0.83,15.0,0.18,9.64,0.17,15.0,0.26,8.95,0.27,15.0,0.08,0.08,43.596028,1776214126000
1776214128.803,228.803,0.74,8.95,0.73,15.0,0.82,9.64,0.83,15.0,0.18,9.64,0.17,15.0,0.26,8.95,0.27,15.0,0.08,0.08,43.595325,1776214127000
1776214129.358,229.358,0.74,8.95,0.73,15.0,0.82,9.64,0.83,15.0,0.18,9.64,0.17,15.0,0.26,8.95,0.27,15.0,0.08,0.08,43.595479,1776214128000
1776214130.363,230.363,0.74,8.95,0.73,15.0,0.82,9.64,0.83,15.0,0.18,9.64,0.17,15.0,0.26,8.95,0.27,15.0,0.08,0.08,43.595479,1776214129000
1776214132.05,232.05,0.74,8.95,0.73,15.0,0.82,9.64,0.83,15.0,0.18,9.64,0.17,15.0,0.26,8.95,0.27,15.0,0.08,0.08,43.595309,1776214130000
1776214132.648,232.648,0.74,8.95,0.73,15.0,0.82,9.64,0.83,15.0,0.18,9.64,0.17,15.0,0.26,8.95,0.27,15.0,0.08,0.08,43.595308,1776214131000
1776214133.587,233.587,0.74,8.95,0.73,15.0,0.82,9.64,0.83,15.0,0.18,9.64,0.17,15.0,0.26,8.95,0.27,15.0,0.08,0.08,43.595637,1776214132000
1776214134.205,234.205,0.74,8.95,0.73,15.0,0.82,9.64,0.83,15.0,0.18,9.64,0.17,15.0,0.26,8.95,0.27,15.0,0.08,0.08,43.595878,1776214133000
1776214135.588,235.588,0.74,8.95,0.73,15.0,0.82,9.64,0.83,15.0,0.18,9.64,0.17,15.0,0.26,8.95,0.27,15.0,0.08,0.08,43.597025,1776214134000
1776214136.219,236.219,0.74,8.95,0.73,15.0,0.82,9.64,0.83,15.0,0.18,9.64,0.17,15.0,0.26,8.95,0.27,15.0,0.08,0.08,43.59691,1776214135000
1776214137.724,237.724,0.74,8.95,0.73,15.0,0.82,9.64,0.83,15.0,0.18,9.64,0.17,15.0,0.26,8.95,0.27,15.0,0.08,0.08,43.59708,1776214136000
1776214138.747,238.747,0.74,8.95,0.73,15.0,0.82,9.64,0.83,15.0,0.18,9.64,0.17,15.0,0.26,8.95,0.27,15.0,0.08,0.08,43.596381,1776214137000
1776214139.326,239.326,0.74,8.95,0.73,15.0,0.82,9.64,0.83,15.0,0.18,9.64,0.17,15.0,0.26,8.95,0.27,15.0,0.08,0.08,43.595949,1776214138000
1776214139.913,239.913,0.74,8.95,0.73,15.0,0.82,9.64,0.83,15.0,0.18,9.64,0.17,15.0,0.26,8.95,0.27,15.0,0.08,0.08,43.595811,1776214139000
1776214140.932,240.932,0.74,8.95,0.73,15.0,0.82,9.64,0.83,15.0,0.18,9.64,0.17,15.0,0.26,8.95,0.27,15.0,0.08,0.08,43.59581,1776214140000
1776214142.212,242.212,0.74,8.95,0.73,15.0,0.82,9.64,0.83,15.0,0.18,9.64,0.17,15.0,0.26,8.95,0.27,15.0,0.08,0.08,43.595729,1776214141000
1776214143.344,243.344,0.74,8.95,0.73,15.0,0.82,9.64,0.83,15.0,0.18,9.64,0.17,15.0,0.26,8.95,0.27,15.0,0.08,0.08,43.599952,1776214142000
1776214143.933,243.933,0.74,8.95,0.73,15.0,0.82,9.64,0.83,15.0,0.18,9.64,0.17,15.0,0.26,8.95,0.27,15.0,0.08,0.08,43.601644,1776214143000
1776214145.082,245.082,0.74,8.95,0.73,15.0,0.82,9.64,0.83,15.0,0.18,9.64,0.17,15.0,0.26,8.95,0.27,15.0,0.08,0.08,43.601643,1776214144000
1776214146.159,246.159,0.74,8.95,0.73,15.0,0.82,9.64,0.83,15.0,0.18,9.64,0.17,15.0,0.26,8.95,0.27,15.0,0.08,0.08,43.608667,1776214145000
1776214147.09,247.09,0.74,8.95,0.73,15.0,0.82,9.64,0.83,15.0,0.18,9.64,0.17,15.0,0.26,8.95,0.27,15.0,0.08,0.08,43.616593,1776214146000
1776214148.167,248.167,0.96,15.94,0.9,34.0,0.97,100.0,0.98,10.0,0.18,9.64,0.17,15.0,0.26,8.95,0.27,15.0,0.01,0.08,43.616593,1776214146000
1776214148.474,248.474,0.96,15.94,0.9,34.0,0.97,30.0,0.98,25.0,0.03,80.0,0.02,10.0,0.04,15.94,0.1,34.0,0.01,0.01,43.622959,1776214147000
1776214149.284,249.284,0.9,22.94,0.84,15.0,0.97,30.0,0.98,25.0,0.03,30.0,0.02,25.0,0.1,22.94,0.16,15.0,0.07,0.07,43.626108,1776214148000
1776214150.384,250.384,0.9,22.94,0.84,15.0,0.97,30.0,0.98,25.0,0.03,30.0,0.02,25.0,0.1,22.94,0.16,15.0,0.07,0.07,43.618292,1776214149000
1776214150.995,250.995,0.9,22.94,0.84,15.0,0.97,30.0,0.98,25.0,0.03,30.0,0.02,25.0,0.1,22.94,0.16,15.0,0.07,0.07,43.60868,1776214150000
1776214151.902,251.902,0.9,22.94,0.84,15.0,0.97,30.0,0.98,25.0,0.03,30.0,0.02,25.0,0.1,22.94,0.16,15.0,0.07,0.07,43.610643,1776214151000
1776214153.022,253.022,0.9,22.94,0.84,15.0,0.97,30.0,0.98,25.0,0.03,30.0,0.02,25.0,0.1,22.94,0.16,15.0,0.07,0.07,43.611135,1776214152000
1776214154.037,254.037,0.9,22.94,0.84,15.0,0.97,30.0,0.98,25.0,0.03,30.0,0.02,25.0,0.1,22.94,0.16,15.0,0.07,0.07,43.610867,1776214153000
1776214155.149,255.149,0.9,22.94,0.84,15.0,0.97,30.0,0.98,25.0,0.03,30.0,0.02,25.0,0.1,22.94,0.16,15.0,0.07,0.07,43.611107,1776214154000
1776214156.171,256.171,0.9,22.94,0.84,15.0,0.97,30.0,0.98,25.0,0.03,30.0,0.02,25.0,0.1,22.94,0.16,15.0,0.07,0.07,43.611076,1776214155000
1776214157.215,257.215,0.9,22.94,0.84,15.0,0.97,30.0,0.98,25.0,0.03,30.0,0.02,25.0,0.1,22.94,0.16,15.0,0.07,0.07,43.61159,1776214156000
1776214158.246,258.246,0.9,22.94,0.84,15.0,0.97,30.0,0.98,25.0,0.03,30.0,0.02,25.0,0.1,22.94,0.16,15.0,0.07,0.07,43.611147,1776214157000
1776214159.21,259.21,0.9,22.94,0.84,15.0,0.97,30.0,0.98,25.0,0.03,30.0,0.02,25.0,0.1,22.94,0.16,15.0,0.07,0.07,43.611341,1776214158000
1776214159.41,259.41,0.93,15.0,0.92,15.0,0.96,7.5,0.97,45.0,0.03,30.0,0.02,25.0,0.1,22.94,0.16,15.0,0.03,0.07,43.611341,1776214158000
1776214160.277,260.277,0.93,15.0,0.92,15.0,0.96,7.5,0.97,45.0,0.04,7.5,0.03,45.0,0.07,15.0,0.08,15.0,0.03,0.03,43.611862,1776214159000
1776214161.362,261.362,0.93,15.0,0.92,15.0,0.96,7.5,0.97,45.0,0.04,7.5,0.03,45.0,0.07,15.0,0.08,15.0,0.03,0.03,43.611348,1776214160000
1776214162.296,262.296,0.93,15.0,0.92,15.0,0.96,7.5,0.97,45.0,0.04,7.5,0.03,45.0,0.07,15.0,0.08,15.0,0.03,0.03,43.611131,1776214161000
1776214163.138,263.138,0.94,15.0,0.93,15.0,0.97,23.4,0.98,10.0,0.04,7.5,0.03,45.0,0.07,15.0,0.08,15.0,0.03,0.03,43.611131,1776214161000
1776214163.847,263.847,0.94,15.0,0.93,15.0,0.97,23.4,0.98,10.0,0.03,23.4,0.02,10.0,0.06,15.0,0.07,15.0,0.03,0.03,43.610968,1776214163000
1776214164.937,264.937,0.96,15.0,0.95,15.0,0.98,10.0,0.99,216.06,0.02,10.0,0.01,216.06,0.04,15.0,0.05,15.0,0.02,0.02,43.611843,1776214164000
1776214166.176,266.176,0.97,15.0,0.96,15.0,0.98,4.89,0.99,216.06,0.02,10.0,0.01,216.06,0.04,15.0,0.05,15.0,0.01,0.02,43.611843,1776214164000
1776214166.386,266.386,0.97,15.0,0.96,15.0,0.98,4.89,0.99,216.06,0.02,4.89,0.01,216.06,0.03,15.0,0.04,15.0,0.01,0.01,43.622385,1776214165000
1776214167.319,267.319,0.97,15.0,0.96,15.0,0.98,4.89,0.99,216.06,0.02,4.89,0.01,216.06,0.03,15.0,0.04,15.0,0.01,0.01,43.624208,1776214166000
1776214168.131,268.131,0.97,15.0,0.96,15.0,0.98,3.86,0.99,216.06,0.02,4.89,0.01,216.06,0.03,15.0,0.04,15.0,0.01,0.01,43.624208,1776214166000
1776214168.931,268.931,0.97,15.0,0.96,15.0,0.98,0.77,0.99,216.06,0.02,0.77,0.01,216.06,0.03,15.0,0.04,15.0,0.01,0.01,43.624339,1776214168000
1776214169.195,269.195,0.97,15.0,0.96,15.0,0.99,186.83,,,0.02,0.77,0.01,216.06,0.03,15.0,0.04,15.0,0.02,0.01,43.624339,1776214168000
1776214170.452,270.452,0.97,15.0,0.96,15.0,0.99,186.83,,,0.01,186.83,,,0.03,15.0,0.04,15.0,0.02,0.02,43.624338,1776214169000
1776214171.229,271.229,0.97,15.0,0.96,15.0,0.99,186.83,,,0.01,186.83,,,0.03,15.0,0.04,15.0,0.02,0.02,43.626187,1776214170000
1776214172.116,272.116,0.98,15.0,0.97,15.0,0.99,151.83,,,0.01,186.83,,,0.03,15.0,0.04,15.0,0.01,0.02,43.626187,1776214170000
1776214172.811,272.811,0.98,15.0,0.97,15.0,0.99,141.73,,,0.01,151.83,,,0.02,15.0,0.03,15.0,0.01,0.01,43.626042,1776214171000
1776214173.113,273.113,0.98,15.0,0.97,15.0,0.99,141.73,,,0.01,141.73,,,0.02,15.0,0.03,15.0,0.01,0.01,43.62562,1776214172000
1776214173.713,273.713,0.98,15.0,0.97,15.0,0.99,131.73,,,0.01,141.73,,,0.02,15.0,0.03,15.0,0.01,0.01,43.62562,1776214172000
1776214174.1,274.1,0.98,15.0,0.97,15.0,0.99,131.73,,,0.01,131.73,,,0.02,15.0,0.03,15.0,0.01,0.01,43.62562,1776214173000
1776214174.357,274.357,0.98,15.0,0.97,15.0,0.99,110.5,,,0.01,130.71,,,0.02,15.0,0.03,15.0,0.01,0.01,43.62562,1776214173000
1776214175.009,275.009,0.98,15.0,0.97,15.0,0.99,100.08,,,0.01,100.08,,,0.02,15.0,0.03,15.0,0.01,0.01,43.62562,1776214174000
1776214176.029,276.029,0.98,15.0,0.97,15.0,0.99,80.08,,,0.01,80.08,,,0.02,15.0,0.03,15.0,0.01,0.01,43.625571,1776214175000
1776214176.537,276.537,0.9,22.94,0.87,8.95,0.99,70.08,,,0.01,80.08,,,0.02,15.0,0.03,15.0,0.09,0.01,43.625571,1776214175000
1776214177.031,277.031,0.9,22.94,0.87,8.95,0.99,70.08,,,0.01,70.08,,,0.1,22.94,0.13,8.95,0.09,0.09,43.625524,1776214176000
1776214178.034,278.034,0.9,22.94,0.87,8.95,0.99,70.08,,,0.01,70.08,,,0.1,22.94,0.13,8.95,0.09,0.09,43.624215,1776214177000
1776214179.101,279.101,0.9,22.94,0.87,8.95,0.99,70.08,,,0.01,70.08,,,0.1,22.94,0.13,8.95,0.09,0.09,43.624135,1776214178000
1776214179.378,279.378,0.9,58.94,0.87,8.95,0.99,57.47,,,0.01,70.08,,,0.1,22.94,0.13,8.95,0.09,0.09,43.624135,1776214178000
1776214179.6,279.6,0.9,58.94,0.87,8.95,0.99,37.36,,,0.01,47.36,,,0.1,58.94,0.13,8.95,0.09,0.09,43.624135,1776214178000
1776214180.191,280.191,0.9,58.94,0.87,8.95,0.99,37.36,,,0.01,37.36,,,0.1,58.94,0.13,8.95,0.09,0.09,43.623601,1776214179000
1776214181.376,281.376,0.9,58.94,0.87,8.95,0.99,37.36,,,0.01,37.36,,,0.1,58.94,0.13,8.95,0.09,0.09,43.623598,1776214180000
1776214182.288,282.288,0.9,58.94,0.87,8.95,0.99,37.36,,,0.01,37.36,,,0.1,58.94,0.13,8.95,0.09,0.09,43.608808,1776214181000
1776214183.391,283.391,0.9,58.94,0.87,8.95,0.99,27.36,,,0.01,27.36,,,0.1,58.94,0.13,8.95,0.09,0.09,43.607631,1776214182000
1776214183.964,283.964,0.9,58.94,0.87,8.95,0.99,27.36,,,0.01,27.36,,,0.1,58.94,0.13,8.95,0.09,0.09,43.60702,1776214183000
1776214184.886,284.886,0.9,58.94,0.87,8.95,0.99,27.36,,,0.01,27.36,,,0.1,58.94,0.13,8.95,0.09,0.09,43.606705,1776214184000
1776214185.91,285.91,0.9,58.94,0.87,8.95,0.99,27.36,,,0.01,27.36,,,0.1,58.94,0.13,8.95,0.09,0.09,43.604545,1776214185000
1776214186.837,286.837,0.9,58.94,0.87,8.95,0.99,27.36,,,0.01,27.36,,,0.1,58.94,0.13,8.95,0.09,0.09,43.585893,1776214186000
1776214187.934,287.934,0.9,58.94,0.87,8.95,0.99,27.36,,,0.01,27.36,,,0.1,58.94,0.13,8.95,0.09,0.09,43.583697,1776214187000
1776214188.266,288.266,0.85,8.95,0.15,100.0,0.9,12.0,0.99,127.36,0.01,27.36,,,0.1,58.94,0.13,8.95,0.05,0.09,43.583697,1776214187000
1776214188.939,288.939,0.85,8.95,0.15,100.0,0.9,12.0,0.99,127.36,0.1,12.0,0.01,127.36,0.15,8.95,0.85,100.0,0.05,0.05,43.582183,1776214188000
1776214189.52,289.52,0.85,8.95,0.15,100.0,0.99,89.48,,,0.1,12.0,0.01,127.36,0.15,8.95,0.85,100.0,0.14,0.05,43.582183,1776214188000
1776214189.933,289.933,0.85,8.95,0.15,100.0,0.99,89.48,,,0.01,89.48,,,0.15,8.95,0.85,100.0,0.14,0.14,43.586392,1776214189000
1776214191.032,291.032,0.85,8.95,0.15,100.0,0.99,89.48,,,0.01,89.48,,,0.15,8.95,0.85,100.0,0.14,0.14,43.58711,1776214190000
1776214192.74,292.74,0.85,8.95,0.15,100.0,0.99,89.48,,,0.01,89.48,,,0.15,8.95,0.85,100.0,0.14,0.14,43.589583,1776214191000
1776214193.743,293.743,0.85,8.95,0.15,100.0,0.99,89.48,,,0.01,89.48,,,0.15,8.95,0.85,100.0,0.14,0.14,43.600762,1776214192000
1776214194.584,294.584,0.85,8.95,0.15,100.0,0.99,89.48,,,0.01,89.48,,,0.15,8.95,0.85,100.0,0.14,0.14,43.602617,1776214193000
1776214195.082,295.082,0.85,8.95,0.15,100.0,0.99,89.48,,,0.01,89.48,,,0.15,8.95,0.85,100.0,0.14,0.14,43.602617,1776214194000
1776214196.57,296.57,0.85,8.95,0.15,100.0,0.99,89.48,,,0.01,89.48,,,0.15,8.95,0.85,100.0,0.14,0.14,43.606296,1776214195000
1776214197.287,297.287,0.85,8.95,0.15,100.0,0.99,89.48,,,0.01,89.48,,,0.15,8.95,0.85,100.0,0.14,0.14,43.610969,1776214196000
1776214198.108,298.108,0.85,8.95,0.15,100.0,0.99,89.48,,,0.01,89.48,,,0.15,8.95,0.85,100.0,0.14,0.14,43.613453,1776214197000
1776214199.379,299.379,0.85,8.95,0.15,100.0,0.99,89.48,,,0.01,89.48,,,0.15,8.95,0.85,100.0,0.14,0.14,43.620884,1776214198000
1776214200.038,300.038,0.85,8.95,0.15,100.0,0.99,89.48,,,0.01,89.48,,,0.15,8.95,0.85,100.0,0.14,0.14,43.62301,1776214199000

# RESULT,winner=Up,slug=hype-updown-5m-1776213900,ticks=322
