timestamp,elapsed_sec,up_bid_p1,up_bid_s1,up_bid_p2,up_bid_s2,up_bid_p3,up_bid_s3,up_bid_p4,up_bid_s4,up_bid_p5,up_bid_s5,up_ask_p1,up_ask_s1,up_ask_p2,up_ask_s2,up_ask_p3,up_ask_s3,up_ask_p4,up_ask_s4,up_ask_p5,up_ask_s5,down_bid_p1,down_bid_s1,down_bid_p2,down_bid_s2,down_bid_p3,down_bid_s3,down_bid_p4,down_bid_s4,down_bid_p5,down_bid_s5,down_ask_p1,down_ask_s1,down_ask_p2,down_ask_s2,down_ask_p3,down_ask_s3,down_ask_p4,down_ask_s4,down_ask_p5,down_ask_s5,up_spread,down_spread,hype_price,hype_oracle_ts
1776164401.392,1.392,0.41,13.0,0.4,8.0,0.39,8.0,0.38,8.0,0.37,9.0,0.59,13.0,0.6,8.0,0.61,8.0,0.62,8.0,0.63,9.0,0.41,13.0,0.4,8.0,0.39,8.0,0.38,8.0,0.37,9.0,0.59,13.0,0.6,8.0,0.61,8.0,0.62,8.0,0.63,9.0,0.18,0.18,44.888845,1776164400000
1776164402.125,2.125,0.41,13.0,0.4,8.0,0.39,8.0,0.38,8.0,0.37,9.0,0.59,13.0,0.6,8.0,0.61,8.0,0.62,8.0,0.63,9.0,0.41,13.0,0.4,8.0,0.39,8.0,0.38,8.0,0.37,9.0,0.59,13.0,0.6,8.0,0.61,8.0,0.62,8.0,0.63,9.0,0.18,0.18,44.88884,1776164401000
1776164404.266,4.266,0.41,13.0,0.4,8.0,0.39,8.0,0.38,8.0,0.37,9.0,0.59,13.0,0.6,8.0,0.61,8.0,0.62,8.0,0.63,9.0,0.41,13.0,0.4,8.0,0.39,8.0,0.38,8.0,0.37,9.0,0.59,13.0,0.6,8.0,0.61,8.0,0.62,8.0,0.63,9.0,0.18,0.18,44.875069,1776164403000
1776164405.167,5.167,0.41,13.0,0.4,8.0,0.39,8.0,0.38,8.0,0.37,9.0,0.59,13.0,0.6,8.0,0.61,8.0,0.62,8.0,0.63,9.0,0.41,13.0,0.4,8.0,0.39,8.0,0.38,8.0,0.37,9.0,0.59,13.0,0.6,8.0,0.61,8.0,0.62,8.0,0.63,9.0,0.18,0.18,44.867231,1776164404000
1776164406.25,6.25,0.41,13.0,0.4,8.0,0.39,8.0,0.38,8.0,0.37,9.0,0.59,13.0,0.6,8.0,0.61,8.0,0.62,8.0,0.63,9.0,0.41,13.0,0.4,8.0,0.39,8.0,0.38,8.0,0.37,9.0,0.59,13.0,0.6,8.0,0.61,8.0,0.62,8.0,0.63,9.0,0.18,0.18,44.870426,1776164405000
1776164407.356,7.356,0.41,13.0,0.4,8.0,0.39,8.0,0.38,8.0,0.37,9.0,0.59,13.0,0.6,8.0,0.61,8.0,0.62,8.0,0.63,9.0,0.41,13.0,0.4,8.0,0.39,8.0,0.38,8.0,0.37,9.0,0.59,13.0,0.6,8.0,0.61,8.0,0.62,8.0,0.63,9.0,0.18,0.18,44.876144,1776164406000
1776164408.249,8.249,0.41,13.0,0.4,8.0,0.39,8.0,0.38,8.0,0.37,9.0,0.59,13.0,0.6,8.0,0.61,8.0,0.62,8.0,0.63,9.0,0.41,13.0,0.4,8.0,0.39,8.0,0.38,8.0,0.37,9.0,0.59,13.0,0.6,8.0,0.61,8.0,0.62,8.0,0.63,9.0,0.18,0.18,44.879243,1776164407000
1776164409.275,9.275,0.41,13.0,0.4,8.0,0.39,8.0,0.38,8.0,0.37,9.0,0.59,13.0,0.6,8.0,0.61,8.0,0.62,8.0,0.63,9.0,0.41,13.0,0.4,8.0,0.39,8.0,0.38,8.0,0.37,9.0,0.59,13.0,0.6,8.0,0.61,8.0,0.62,8.0,0.63,9.0,0.18,0.18,44.876755,1776164408000
1776164410.299,10.299,0.41,13.0,0.4,8.0,0.39,8.0,0.38,8.0,0.37,9.0,0.59,13.0,0.6,8.0,0.61,8.0,0.62,8.0,0.63,9.0,0.41,13.0,0.4,8.0,0.39,8.0,0.38,8.0,0.37,9.0,0.59,13.0,0.6,8.0,0.61,8.0,0.62,8.0,0.63,9.0,0.18,0.18,44.882926,1776164409000
1776164411.214,11.214,0.41,13.0,0.4,8.0,0.39,8.0,0.38,8.0,0.37,9.0,0.59,13.0,0.6,8.0,0.61,8.0,0.62,8.0,0.63,9.0,0.41,13.0,0.4,8.0,0.39,8.0,0.38,8.0,0.37,9.0,0.59,13.0,0.6,8.0,0.61,8.0,0.62,8.0,0.63,9.0,0.18,0.18,44.886366,1776164410000
1776164412.306,12.306,0.41,13.0,0.4,8.0,0.39,8.0,0.38,8.0,0.37,9.0,0.59,13.0,0.6,8.0,0.61,8.0,0.62,8.0,0.63,9.0,0.41,13.0,0.4,8.0,0.39,8.0,0.38,8.0,0.37,9.0,0.59,13.0,0.6,8.0,0.61,8.0,0.62,8.0,0.63,9.0,0.18,0.18,44.886341,1776164411000
1776164413.351,13.351,0.41,13.0,0.4,8.0,0.39,8.0,0.38,8.0,0.37,9.0,0.59,13.0,0.6,8.0,0.61,8.0,0.62,8.0,0.63,9.0,0.41,13.0,0.4,8.0,0.39,8.0,0.38,8.0,0.37,9.0,0.59,13.0,0.6,8.0,0.61,8.0,0.62,8.0,0.63,9.0,0.18,0.18,44.886268,1776164412000
1776164414.316,14.316,0.41,13.0,0.4,8.0,0.39,8.0,0.38,8.0,0.37,9.0,0.59,13.0,0.6,8.0,0.61,8.0,0.62,8.0,0.63,9.0,0.41,13.0,0.4,8.0,0.39,8.0,0.38,8.0,0.37,9.0,0.59,13.0,0.6,8.0,0.61,8.0,0.62,8.0,0.63,9.0,0.18,0.18,44.887652,1776164413000
1776164415.433,15.433,0.41,13.0,0.4,8.0,0.39,8.0,0.38,8.0,0.37,9.0,0.59,13.0,0.6,8.0,0.61,8.0,0.62,8.0,0.63,9.0,0.41,13.0,0.4,8.0,0.39,8.0,0.38,8.0,0.37,9.0,0.59,13.0,0.6,8.0,0.61,8.0,0.62,8.0,0.63,9.0,0.18,0.18,44.888575,1776164414000
1776164416.042,16.042,0.41,13.0,0.4,8.0,0.39,8.0,0.38,8.0,0.37,9.0,0.59,13.0,0.6,8.0,0.61,8.0,0.62,8.0,0.63,9.0,0.41,13.0,0.4,8.0,0.39,8.0,0.38,8.0,0.37,9.0,0.59,13.0,0.6,8.0,0.61,8.0,0.62,8.0,0.63,9.0,0.18,0.18,44.888575,1776164415000
1776164418.835,18.835,0.41,13.0,0.4,8.0,0.39,8.0,0.38,8.0,0.37,9.0,0.59,13.0,0.6,8.0,0.61,8.0,0.62,8.0,0.63,9.0,0.41,13.0,0.4,8.0,0.39,8.0,0.38,8.0,0.37,9.0,0.59,13.0,0.6,8.0,0.61,8.0,0.62,8.0,0.63,9.0,0.18,0.18,44.887628,1776164417000
1776164419.395,19.395,0.41,13.0,0.4,8.0,0.39,8.0,0.38,8.0,0.37,9.0,0.59,13.0,0.6,8.0,0.61,8.0,0.62,8.0,0.63,9.0,0.41,13.0,0.4,8.0,0.39,8.0,0.38,8.0,0.37,9.0,0.59,13.0,0.6,8.0,0.61,8.0,0.62,8.0,0.63,9.0,0.18,0.18,44.885718,1776164418000
1776164420.526,20.526,0.41,13.0,0.4,8.0,0.39,8.0,0.38,8.0,0.37,9.0,0.59,13.0,0.6,8.0,0.61,8.0,0.62,8.0,0.63,9.0,0.41,13.0,0.4,8.0,0.39,8.0,0.38,8.0,0.37,9.0,0.59,13.0,0.6,8.0,0.61,8.0,0.62,8.0,0.63,9.0,0.18,0.18,44.87957,1776164419000
1776164421.093,21.093,0.41,13.0,0.4,8.0,0.39,8.0,0.38,8.0,0.37,9.0,0.59,13.0,0.6,8.0,0.61,8.0,0.62,8.0,0.63,9.0,0.41,13.0,0.4,8.0,0.39,8.0,0.38,8.0,0.37,9.0,0.59,13.0,0.6,8.0,0.61,8.0,0.62,8.0,0.63,9.0,0.18,0.18,44.873772,1776164420000
1776164422.454,22.454,0.41,13.0,0.4,8.0,0.39,8.0,0.38,8.0,0.37,9.0,0.59,13.0,0.6,8.0,0.61,8.0,0.62,8.0,0.63,9.0,0.41,13.0,0.4,8.0,0.39,8.0,0.38,8.0,0.37,9.0,0.59,13.0,0.6,8.0,0.61,8.0,0.62,8.0,0.63,9.0,0.18,0.18,44.871992,1776164421000
1776164423.422,23.422,0.41,13.0,0.4,8.0,0.39,8.0,0.38,8.0,0.37,9.0,0.59,13.0,0.6,8.0,0.61,8.0,0.62,8.0,0.63,9.0,0.41,13.0,0.4,8.0,0.39,8.0,0.38,8.0,0.37,9.0,0.59,13.0,0.6,8.0,0.61,8.0,0.62,8.0,0.63,9.0,0.18,0.18,44.872116,1776164422000
1776164423.943,23.943,0.41,13.0,0.4,8.0,0.39,8.0,0.38,8.0,0.37,9.0,0.59,13.0,0.6,8.0,0.61,8.0,0.62,8.0,0.63,9.0,0.41,13.0,0.4,8.0,0.39,8.0,0.38,8.0,0.37,9.0,0.59,13.0,0.6,8.0,0.61,8.0,0.62,8.0,0.63,9.0,0.18,0.18,44.872091,1776164423000
1776164425.143,25.143,0.41,13.0,0.4,8.0,0.39,8.0,0.38,8.0,0.37,9.0,0.59,13.0,0.6,8.0,0.61,8.0,0.62,8.0,0.63,9.0,0.41,13.0,0.4,8.0,0.39,8.0,0.38,8.0,0.37,9.0,0.59,13.0,0.6,8.0,0.61,8.0,0.62,8.0,0.63,9.0,0.18,0.18,44.871168,1776164424000
1776164426.203,26.203,0.41,13.0,0.4,8.0,0.39,8.0,0.38,8.0,0.37,9.0,0.59,13.0,0.6,8.0,0.61,8.0,0.62,8.0,0.63,9.0,0.41,13.0,0.4,8.0,0.39,8.0,0.38,8.0,0.37,9.0,0.59,13.0,0.6,8.0,0.61,8.0,0.62,8.0,0.63,9.0,0.18,0.18,44.871569,1776164425000
1776164427.446,27.446,0.41,13.0,0.4,8.0,0.39,8.0,0.38,8.0,0.37,9.0,0.59,13.0,0.6,8.0,0.61,8.0,0.62,8.0,0.63,9.0,0.41,13.0,0.4,8.0,0.39,8.0,0.38,8.0,0.37,9.0,0.59,13.0,0.6,8.0,0.61,8.0,0.62,8.0,0.63,9.0,0.18,0.18,44.871548,1776164426000
1776164428.444,28.444,0.41,13.0,0.4,8.0,0.39,8.0,0.38,8.0,0.37,9.0,0.59,13.0,0.6,8.0,0.61,8.0,0.62,8.0,0.63,9.0,0.41,13.0,0.4,8.0,0.39,8.0,0.38,8.0,0.37,9.0,0.59,13.0,0.6,8.0,0.61,8.0,0.62,8.0,0.63,9.0,0.18,0.18,44.870067,1776164427000
1776164429.084,29.084,0.41,13.0,0.4,8.0,0.39,8.0,0.38,8.0,0.37,9.0,0.59,13.0,0.6,8.0,0.61,8.0,0.62,8.0,0.63,9.0,0.41,13.0,0.4,8.0,0.39,8.0,0.38,8.0,0.37,9.0,0.59,13.0,0.6,8.0,0.61,8.0,0.62,8.0,0.63,9.0,0.18,0.18,44.869981,1776164428000
1776164430.217,30.217,0.41,13.0,0.4,8.0,0.39,8.0,0.38,8.0,0.37,9.0,0.59,13.0,0.6,8.0,0.61,8.0,0.62,8.0,0.63,9.0,0.41,13.0,0.4,8.0,0.39,8.0,0.38,8.0,0.37,9.0,0.59,13.0,0.6,8.0,0.61,8.0,0.62,8.0,0.63,9.0,0.18,0.18,44.870201,1776164429000
1776164431.365,31.365,0.41,13.0,0.4,8.0,0.39,8.0,0.38,8.0,0.37,9.0,0.59,13.0,0.6,8.0,0.61,8.0,0.62,8.0,0.63,9.0,0.41,13.0,0.4,8.0,0.39,8.0,0.38,8.0,0.37,9.0,0.59,13.0,0.6,8.0,0.61,8.0,0.62,8.0,0.63,9.0,0.18,0.18,44.870201,1776164430000
1776164432.468,32.468,0.41,13.0,0.4,8.0,0.39,8.0,0.38,8.0,0.37,9.0,0.59,13.0,0.6,8.0,0.61,8.0,0.62,8.0,0.63,9.0,0.41,13.0,0.4,8.0,0.39,8.0,0.38,8.0,0.37,9.0,0.59,13.0,0.6,8.0,0.61,8.0,0.62,8.0,0.63,9.0,0.18,0.18,44.870159,1776164431000
1776164433.357,33.357,0.41,13.0,0.4,8.0,0.39,8.0,0.38,8.0,0.37,9.0,0.59,13.0,0.6,8.0,0.61,8.0,0.62,8.0,0.63,9.0,0.41,13.0,0.4,8.0,0.39,8.0,0.38,8.0,0.37,9.0,0.59,13.0,0.6,8.0,0.61,8.0,0.62,8.0,0.63,9.0,0.18,0.18,44.870892,1776164432000
1776164433.911,33.911,0.41,13.0,0.4,8.0,0.39,8.0,0.38,8.0,0.37,9.0,0.59,13.0,0.6,8.0,0.61,8.0,0.62,8.0,0.63,9.0,0.41,13.0,0.4,8.0,0.39,8.0,0.38,8.0,0.37,9.0,0.59,13.0,0.6,8.0,0.61,8.0,0.62,8.0,0.63,9.0,0.18,0.18,44.87074,1776164433000
1776164435.197,35.197,0.41,13.0,0.4,8.0,0.39,8.0,0.38,8.0,0.37,9.0,0.59,13.0,0.6,8.0,0.61,8.0,0.62,8.0,0.63,9.0,0.41,13.0,0.4,8.0,0.39,8.0,0.38,8.0,0.37,9.0,0.59,13.0,0.6,8.0,0.61,8.0,0.62,8.0,0.63,9.0,0.18,0.18,44.869691,1776164434000
1776164436.204,36.204,0.41,13.0,0.4,8.0,0.39,8.0,0.38,8.0,0.37,9.0,0.59,13.0,0.6,8.0,0.61,8.0,0.62,8.0,0.63,9.0,0.41,13.0,0.4,8.0,0.39,8.0,0.38,8.0,0.37,9.0,0.59,13.0,0.6,8.0,0.61,8.0,0.62,8.0,0.63,9.0,0.18,0.18,44.870848,1776164435000
1776164437.322,37.322,0.41,13.0,0.4,8.0,0.39,8.0,0.38,8.0,0.37,9.0,0.59,13.0,0.6,8.0,0.61,8.0,0.62,8.0,0.63,9.0,0.41,13.0,0.4,8.0,0.39,8.0,0.38,8.0,0.37,9.0,0.59,13.0,0.6,8.0,0.61,8.0,0.62,8.0,0.63,9.0,0.18,0.18,44.869501,1776164436000
1776164438.513,38.513,0.41,13.0,0.4,8.0,0.39,8.0,0.38,8.0,0.37,9.0,0.59,13.0,0.6,8.0,0.61,8.0,0.62,8.0,0.63,9.0,0.41,13.0,0.4,8.0,0.39,8.0,0.38,8.0,0.37,9.0,0.59,13.0,0.6,8.0,0.61,8.0,0.62,8.0,0.63,9.0,0.18,0.18,44.871698,1776164437000
1776164439.089,39.089,0.41,13.0,0.4,8.0,0.39,8.0,0.38,8.0,0.37,9.0,0.59,13.0,0.6,8.0,0.61,8.0,0.62,8.0,0.63,9.0,0.41,13.0,0.4,8.0,0.39,8.0,0.38,8.0,0.37,9.0,0.59,13.0,0.6,8.0,0.61,8.0,0.62,8.0,0.63,9.0,0.18,0.18,44.871698,1776164438000
1776164440.226,40.226,0.41,13.0,0.4,8.0,0.39,8.0,0.38,8.0,0.37,9.0,0.59,13.0,0.6,8.0,0.61,8.0,0.62,8.0,0.63,9.0,0.41,13.0,0.4,8.0,0.39,8.0,0.38,8.0,0.37,9.0,0.59,13.0,0.6,8.0,0.61,8.0,0.62,8.0,0.63,9.0,0.18,0.18,44.871504,1776164439000
1776164441.386,41.386,0.41,13.0,0.4,8.0,0.39,8.0,0.38,8.0,0.37,9.0,0.59,13.0,0.6,8.0,0.61,8.0,0.62,8.0,0.63,9.0,0.41,13.0,0.4,8.0,0.39,8.0,0.38,8.0,0.37,9.0,0.59,13.0,0.6,8.0,0.61,8.0,0.62,8.0,0.63,9.0,0.18,0.18,44.872741,1776164440000
1776164442.444,42.444,0.41,13.0,0.4,8.0,0.39,8.0,0.38,8.0,0.37,9.0,0.59,13.0,0.6,8.0,0.61,8.0,0.62,8.0,0.63,9.0,0.41,13.0,0.4,8.0,0.39,8.0,0.38,8.0,0.37,9.0,0.59,13.0,0.6,8.0,0.61,8.0,0.62,8.0,0.63,9.0,0.18,0.18,44.871698,1776164441000
1776164443.131,43.131,0.41,13.0,0.4,8.0,0.39,8.0,0.38,8.0,0.37,9.0,0.59,13.0,0.6,8.0,0.61,8.0,0.62,8.0,0.63,9.0,0.41,13.0,0.4,8.0,0.39,8.0,0.38,8.0,0.37,9.0,0.59,13.0,0.6,8.0,0.61,8.0,0.62,8.0,0.63,9.0,0.18,0.18,44.871214,1776164442000
1776164444.239,44.239,0.41,13.0,0.4,8.0,0.39,8.0,0.38,8.0,0.37,9.0,0.59,13.0,0.6,8.0,0.61,8.0,0.62,8.0,0.63,9.0,0.41,13.0,0.4,8.0,0.39,8.0,0.38,8.0,0.37,9.0,0.59,13.0,0.6,8.0,0.61,8.0,0.62,8.0,0.63,9.0,0.18,0.18,44.867007,1776164443000
1776164445.387,45.387,0.41,13.0,0.4,8.0,0.39,8.0,0.38,8.0,0.37,9.0,0.59,13.0,0.6,8.0,0.61,8.0,0.62,8.0,0.63,9.0,0.41,13.0,0.4,8.0,0.39,8.0,0.38,8.0,0.37,9.0,0.59,13.0,0.6,8.0,0.61,8.0,0.62,8.0,0.63,9.0,0.18,0.18,44.866787,1776164444000
1776164446.035,46.035,0.41,13.0,0.4,8.0,0.39,8.0,0.38,8.0,0.37,9.0,0.59,13.0,0.6,8.0,0.61,8.0,0.62,8.0,0.63,9.0,0.41,13.0,0.4,8.0,0.39,8.0,0.38,8.0,0.37,9.0,0.59,13.0,0.6,8.0,0.61,8.0,0.62,8.0,0.63,9.0,0.18,0.18,44.866934,1776164445000
1776164447.178,47.178,0.41,13.0,0.4,8.0,0.39,8.0,0.38,8.0,0.37,9.0,0.59,13.0,0.6,8.0,0.61,8.0,0.62,8.0,0.63,9.0,0.41,13.0,0.4,8.0,0.39,8.0,0.38,8.0,0.37,9.0,0.59,13.0,0.6,8.0,0.61,8.0,0.62,8.0,0.63,9.0,0.18,0.18,44.865945,1776164446000
1776164448.011,48.011,0.41,13.0,0.4,8.0,0.39,8.0,0.38,8.0,0.37,9.0,0.59,13.0,0.6,8.0,0.61,8.0,0.62,8.0,0.63,9.0,0.41,13.0,0.4,8.0,0.39,8.0,0.38,8.0,0.37,9.0,0.59,13.0,0.6,8.0,0.61,8.0,0.62,8.0,0.63,9.0,0.18,0.18,44.865945,1776164447000
1776164449.153,49.153,0.41,13.0,0.4,8.0,0.39,8.0,0.38,8.0,0.37,9.0,0.59,13.0,0.6,8.0,0.61,8.0,0.62,8.0,0.63,9.0,0.41,13.0,0.4,8.0,0.39,8.0,0.38,8.0,0.37,9.0,0.59,13.0,0.6,8.0,0.61,8.0,0.62,8.0,0.63,9.0,0.18,0.18,44.866577,1776164448000
1776164450.269,50.269,0.41,13.0,0.4,8.0,0.39,8.0,0.38,8.0,0.37,9.0,0.59,13.0,0.6,8.0,0.61,8.0,0.62,8.0,0.63,9.0,0.41,13.0,0.4,8.0,0.39,8.0,0.38,8.0,0.37,9.0,0.59,13.0,0.6,8.0,0.61,8.0,0.62,8.0,0.63,9.0,0.18,0.18,44.866748,1776164449000
1776164451.409,51.409,0.41,13.0,0.4,8.0,0.39,8.0,0.38,8.0,0.37,9.0,0.59,13.0,0.6,8.0,0.61,8.0,0.62,8.0,0.63,9.0,0.41,13.0,0.4,8.0,0.39,8.0,0.38,8.0,0.37,9.0,0.59,13.0,0.6,8.0,0.61,8.0,0.62,8.0,0.63,9.0,0.18,0.18,44.872491,1776164450000
1776164452.011,52.011,0.41,13.0,0.4,8.0,0.39,8.0,0.38,8.0,0.37,9.0,0.59,13.0,0.6,8.0,0.61,8.0,0.62,8.0,0.63,9.0,0.41,13.0,0.4,8.0,0.39,8.0,0.38,8.0,0.37,9.0,0.59,13.0,0.6,8.0,0.61,8.0,0.62,8.0,0.63,9.0,0.18,0.18,44.872491,1776164451000
1776164453.107,53.107,0.41,13.0,0.4,8.0,0.39,8.0,0.38,8.0,0.37,9.0,0.59,13.0,0.6,8.0,0.61,8.0,0.62,8.0,0.63,9.0,0.41,13.0,0.4,8.0,0.39,8.0,0.38,8.0,0.37,9.0,0.59,13.0,0.6,8.0,0.61,8.0,0.62,8.0,0.63,9.0,0.18,0.18,44.875433,1776164452000
1776164454.223,54.223,0.41,13.0,0.4,8.0,0.39,8.0,0.38,8.0,0.37,9.0,0.59,13.0,0.6,8.0,0.61,8.0,0.62,8.0,0.63,9.0,0.41,13.0,0.4,8.0,0.39,8.0,0.38,8.0,0.37,9.0,0.59,13.0,0.6,8.0,0.61,8.0,0.62,8.0,0.63,9.0,0.18,0.18,44.874541,1776164453000
1776164455.255,55.255,0.41,13.0,0.4,8.0,0.39,8.0,0.38,8.0,0.37,9.0,0.59,13.0,0.6,8.0,0.61,8.0,0.62,8.0,0.63,9.0,0.41,13.0,0.4,8.0,0.39,8.0,0.38,8.0,0.37,9.0,0.59,13.0,0.6,8.0,0.61,8.0,0.62,8.0,0.63,9.0,0.18,0.18,44.875809,1776164454000
1776164456.304,56.304,0.41,13.0,0.4,8.0,0.39,8.0,0.38,8.0,0.37,9.0,0.59,13.0,0.6,8.0,0.61,8.0,0.62,8.0,0.63,9.0,0.41,13.0,0.4,8.0,0.39,8.0,0.38,8.0,0.37,9.0,0.59,13.0,0.6,8.0,0.61,8.0,0.62,8.0,0.63,9.0,0.18,0.18,44.879529,1776164455000
1776164457.45,57.45,0.41,13.0,0.4,8.0,0.39,8.0,0.38,8.0,0.37,9.0,0.59,13.0,0.6,8.0,0.61,8.0,0.62,8.0,0.63,9.0,0.41,13.0,0.4,8.0,0.39,8.0,0.38,8.0,0.37,9.0,0.59,13.0,0.6,8.0,0.61,8.0,0.62,8.0,0.63,9.0,0.18,0.18,44.881162,1776164456000
1776164457.99,57.99,0.41,13.0,0.4,8.0,0.39,8.0,0.38,8.0,0.37,9.0,0.59,13.0,0.6,8.0,0.61,8.0,0.62,8.0,0.63,9.0,0.41,13.0,0.4,8.0,0.39,8.0,0.38,8.0,0.37,9.0,0.59,13.0,0.6,8.0,0.61,8.0,0.62,8.0,0.63,9.0,0.18,0.18,44.881187,1776164457000
1776164459.31,59.31,0.41,13.0,0.4,8.0,0.39,8.0,0.38,8.0,0.37,9.0,0.59,13.0,0.6,8.0,0.61,8.0,0.62,8.0,0.63,9.0,0.41,13.0,0.4,8.0,0.39,8.0,0.38,8.0,0.37,9.0,0.59,13.0,0.6,8.0,0.61,8.0,0.62,8.0,0.63,9.0,0.18,0.18,44.88104,1776164458000
1776164460.183,60.183,0.41,13.0,0.4,8.0,0.39,8.0,0.38,8.0,0.37,9.0,0.59,13.0,0.6,8.0,0.61,8.0,0.62,8.0,0.63,9.0,0.41,13.0,0.4,8.0,0.39,8.0,0.38,8.0,0.37,9.0,0.59,13.0,0.6,8.0,0.61,8.0,0.62,8.0,0.63,9.0,0.18,0.18,44.88277,1776164459000
1776164461.412,61.412,0.41,13.0,0.4,8.0,0.39,8.0,0.38,8.0,0.37,9.0,0.59,13.0,0.6,8.0,0.61,8.0,0.62,8.0,0.63,9.0,0.41,13.0,0.4,8.0,0.39,8.0,0.38,8.0,0.37,9.0,0.59,13.0,0.6,8.0,0.61,8.0,0.62,8.0,0.63,9.0,0.18,0.18,44.882619,1776164460000
1776164462.314,62.314,0.41,13.0,0.4,8.0,0.39,8.0,0.38,8.0,0.37,9.0,0.59,13.0,0.6,8.0,0.61,8.0,0.62,8.0,0.63,9.0,0.41,13.0,0.4,8.0,0.39,8.0,0.38,8.0,0.37,9.0,0.59,13.0,0.6,8.0,0.61,8.0,0.62,8.0,0.63,9.0,0.18,0.18,44.888117,1776164461000
1776164463.481,63.481,0.41,13.0,0.4,8.0,0.39,8.0,0.38,8.0,0.37,9.0,0.59,13.0,0.6,8.0,0.61,8.0,0.62,8.0,0.63,9.0,0.41,13.0,0.4,8.0,0.39,8.0,0.38,8.0,0.37,9.0,0.59,13.0,0.6,8.0,0.61,8.0,0.62,8.0,0.63,9.0,0.18,0.18,44.889313,1776164462000
1776164464.288,64.288,0.41,13.0,0.4,8.0,0.39,8.0,0.38,8.0,0.37,9.0,0.59,13.0,0.6,8.0,0.61,8.0,0.62,8.0,0.63,9.0,0.41,13.0,0.4,8.0,0.39,8.0,0.38,8.0,0.37,9.0,0.59,13.0,0.6,8.0,0.61,8.0,0.62,8.0,0.63,9.0,0.18,0.18,44.889629,1776164463000
1776164465.634,65.634,0.41,13.0,0.4,8.0,0.39,8.0,0.38,8.0,0.37,9.0,0.59,13.0,0.6,8.0,0.61,8.0,0.62,8.0,0.63,9.0,0.41,13.0,0.4,8.0,0.39,8.0,0.38,8.0,0.37,9.0,0.59,13.0,0.6,8.0,0.61,8.0,0.62,8.0,0.63,9.0,0.18,0.18,44.893544,1776164464000
1776164466.305,66.305,0.41,13.0,0.4,8.0,0.39,8.0,0.38,8.0,0.37,9.0,0.59,13.0,0.6,8.0,0.61,8.0,0.62,8.0,0.63,9.0,0.41,13.0,0.4,8.0,0.39,8.0,0.38,8.0,0.37,9.0,0.59,13.0,0.6,8.0,0.61,8.0,0.62,8.0,0.63,9.0,0.18,0.18,44.894812,1776164465000
1776164467.964,67.964,0.41,13.0,0.4,8.0,0.39,8.0,0.38,8.0,0.37,9.0,0.59,13.0,0.6,8.0,0.61,8.0,0.62,8.0,0.63,9.0,0.41,13.0,0.4,8.0,0.39,8.0,0.38,8.0,0.37,9.0,0.59,13.0,0.6,8.0,0.61,8.0,0.62,8.0,0.63,9.0,0.18,0.18,44.895204,1776164466000
1776164468.457,68.457,0.41,13.0,0.4,8.0,0.39,8.0,0.38,8.0,0.37,9.0,0.59,13.0,0.6,8.0,0.61,8.0,0.62,8.0,0.63,9.0,0.41,13.0,0.4,8.0,0.39,8.0,0.38,8.0,0.37,9.0,0.59,13.0,0.6,8.0,0.61,8.0,0.62,8.0,0.63,9.0,0.18,0.18,44.895305,1776164467000
1776164469.291,69.291,0.41,13.0,0.4,8.0,0.39,8.0,0.38,8.0,0.37,9.0,0.59,13.0,0.6,8.0,0.61,8.0,0.62,8.0,0.63,9.0,0.41,13.0,0.4,8.0,0.39,8.0,0.38,8.0,0.37,9.0,0.59,13.0,0.6,8.0,0.61,8.0,0.62,8.0,0.63,9.0,0.18,0.18,44.898266,1776164468000
1776164470.612,70.612,0.41,13.0,0.4,8.0,0.39,8.0,0.38,8.0,0.37,9.0,0.59,13.0,0.6,8.0,0.61,8.0,0.62,8.0,0.63,9.0,0.41,13.0,0.4,8.0,0.39,8.0,0.38,8.0,0.37,9.0,0.59,13.0,0.6,8.0,0.61,8.0,0.62,8.0,0.63,9.0,0.18,0.18,44.901829,1776164469000
1776164471.034,71.034,0.41,13.0,0.4,8.0,0.39,8.0,0.38,8.0,0.37,9.0,0.59,13.0,0.6,8.0,0.61,8.0,0.62,8.0,0.63,9.0,0.41,13.0,0.4,8.0,0.39,8.0,0.38,8.0,0.37,9.0,0.59,13.0,0.6,8.0,0.61,8.0,0.62,8.0,0.63,9.0,0.18,0.18,44.901829,1776164470000
1776164472.273,72.273,0.41,13.0,0.4,8.0,0.39,8.0,0.38,8.0,0.37,9.0,0.59,13.0,0.6,8.0,0.61,8.0,0.62,8.0,0.63,9.0,0.41,13.0,0.4,8.0,0.39,8.0,0.38,8.0,0.37,9.0,0.59,13.0,0.6,8.0,0.61,8.0,0.62,8.0,0.63,9.0,0.18,0.18,44.903414,1776164471000
1776164473.797,73.797,0.41,13.0,0.4,8.0,0.39,8.0,0.38,8.0,0.37,9.0,0.59,13.0,0.6,8.0,0.61,8.0,0.62,8.0,0.63,9.0,0.41,13.0,0.4,8.0,0.39,8.0,0.38,8.0,0.37,9.0,0.59,13.0,0.6,8.0,0.61,8.0,0.62,8.0,0.63,9.0,0.18,0.18,44.899782,1776164472000
1776164474.482,74.482,0.41,13.0,0.4,8.0,0.39,8.0,0.38,8.0,0.37,9.0,0.59,13.0,0.6,8.0,0.61,8.0,0.62,8.0,0.63,9.0,0.41,13.0,0.4,8.0,0.39,8.0,0.38,8.0,0.37,9.0,0.59,13.0,0.6,8.0,0.61,8.0,0.62,8.0,0.63,9.0,0.18,0.18,44.900276,1776164473000
1776164475.123,75.123,0.41,13.0,0.4,8.0,0.39,8.0,0.38,8.0,0.37,9.0,0.59,13.0,0.6,8.0,0.61,8.0,0.62,8.0,0.63,9.0,0.41,13.0,0.4,8.0,0.39,8.0,0.38,8.0,0.37,9.0,0.59,13.0,0.6,8.0,0.61,8.0,0.62,8.0,0.63,9.0,0.18,0.18,44.900276,1776164474000
1776164476.402,76.402,0.41,13.0,0.4,8.0,0.39,8.0,0.38,8.0,0.37,9.0,0.59,13.0,0.6,8.0,0.61,8.0,0.62,8.0,0.63,9.0,0.41,13.0,0.4,8.0,0.39,8.0,0.38,8.0,0.37,9.0,0.59,13.0,0.6,8.0,0.61,8.0,0.62,8.0,0.63,9.0,0.18,0.18,44.897671,1776164475000
1776164477.254,77.254,0.41,13.0,0.4,8.0,0.39,8.0,0.38,8.0,0.37,9.0,0.59,13.0,0.6,8.0,0.61,8.0,0.62,8.0,0.63,9.0,0.41,13.0,0.4,8.0,0.39,8.0,0.38,8.0,0.37,9.0,0.59,13.0,0.6,8.0,0.61,8.0,0.62,8.0,0.63,9.0,0.18,0.18,44.895284,1776164476000
1776164478.615,78.615,0.41,13.0,0.4,8.0,0.39,8.0,0.38,8.0,0.37,9.0,0.59,13.0,0.6,8.0,0.61,8.0,0.62,8.0,0.63,9.0,0.41,13.0,0.4,8.0,0.39,8.0,0.38,8.0,0.37,9.0,0.59,13.0,0.6,8.0,0.61,8.0,0.62,8.0,0.63,9.0,0.18,0.18,44.89148,1776164477000
1776164479.813,79.813,0.41,13.0,0.4,8.0,0.39,8.0,0.38,8.0,0.37,9.0,0.59,13.0,0.6,8.0,0.61,8.0,0.62,8.0,0.63,9.0,0.41,13.0,0.4,8.0,0.39,8.0,0.38,8.0,0.37,9.0,0.59,13.0,0.6,8.0,0.61,8.0,0.62,8.0,0.63,9.0,0.18,0.18,44.89351,1776164478000
1776164480.187,80.187,0.41,13.0,0.4,8.0,0.39,8.0,0.38,8.0,0.37,9.0,0.59,13.0,0.6,8.0,0.61,8.0,0.62,8.0,0.63,9.0,0.41,13.0,0.4,8.0,0.39,8.0,0.38,8.0,0.37,9.0,0.59,13.0,0.6,8.0,0.61,8.0,0.62,8.0,0.63,9.0,0.18,0.18,44.895045,1776164479000
1776164481.074,81.074,0.41,13.0,0.4,8.0,0.39,8.0,0.38,8.0,0.37,9.0,0.59,13.0,0.6,8.0,0.61,8.0,0.62,8.0,0.63,9.0,0.41,13.0,0.4,8.0,0.39,8.0,0.38,8.0,0.37,9.0,0.59,13.0,0.6,8.0,0.61,8.0,0.62,8.0,0.63,9.0,0.18,0.18,44.895045,1776164480000
1776164482.03,82.03,0.41,13.0,0.4,8.0,0.39,8.0,0.38,8.0,0.37,9.0,0.59,13.0,0.6,8.0,0.61,8.0,0.62,8.0,0.63,9.0,0.41,13.0,0.4,8.0,0.39,8.0,0.38,8.0,0.37,9.0,0.59,13.0,0.6,8.0,0.61,8.0,0.62,8.0,0.63,9.0,0.18,0.18,44.895045,1776164481000
1776164482.995,82.995,0.41,13.0,0.4,8.0,0.39,8.0,0.38,8.0,0.37,9.0,0.59,13.0,0.6,8.0,0.61,8.0,0.62,8.0,0.63,9.0,0.41,13.0,0.4,8.0,0.39,8.0,0.38,8.0,0.37,9.0,0.59,13.0,0.6,8.0,0.61,8.0,0.62,8.0,0.63,9.0,0.18,0.18,44.895045,1776164482000
1776164483.899,83.899,0.41,13.0,0.4,8.0,0.39,8.0,0.38,8.0,0.37,9.0,0.59,13.0,0.6,8.0,0.61,8.0,0.62,8.0,0.63,9.0,0.41,13.0,0.4,8.0,0.39,8.0,0.38,8.0,0.37,9.0,0.59,13.0,0.6,8.0,0.61,8.0,0.62,8.0,0.63,9.0,0.18,0.18,44.895679,1776164483000
1776164484.876,84.876,0.41,13.0,0.4,8.0,0.39,8.0,0.38,8.0,0.37,9.0,0.59,13.0,0.6,8.0,0.61,8.0,0.62,8.0,0.63,9.0,0.41,13.0,0.4,8.0,0.39,8.0,0.38,8.0,0.37,9.0,0.59,13.0,0.6,8.0,0.61,8.0,0.62,8.0,0.63,9.0,0.18,0.18,44.895452,1776164484000
1776164485.851,85.851,0.41,13.0,0.4,8.0,0.39,8.0,0.38,8.0,0.37,9.0,0.59,13.0,0.6,8.0,0.61,8.0,0.62,8.0,0.63,9.0,0.41,13.0,0.4,8.0,0.39,8.0,0.38,8.0,0.37,9.0,0.59,13.0,0.6,8.0,0.61,8.0,0.62,8.0,0.63,9.0,0.18,0.18,44.896086,1776164485000
1776164487.25,87.25,0.41,13.0,0.4,8.0,0.39,8.0,0.38,8.0,0.37,9.0,0.59,13.0,0.6,8.0,0.61,8.0,0.62,8.0,0.63,9.0,0.41,13.0,0.4,8.0,0.39,8.0,0.38,8.0,0.37,9.0,0.59,13.0,0.6,8.0,0.61,8.0,0.62,8.0,0.63,9.0,0.18,0.18,44.895452,1776164486000
1776164488.223,88.223,0.41,13.0,0.4,8.0,0.39,8.0,0.38,8.0,0.37,9.0,0.59,13.0,0.6,8.0,0.61,8.0,0.62,8.0,0.63,9.0,0.41,13.0,0.4,8.0,0.39,8.0,0.38,8.0,0.37,9.0,0.59,13.0,0.6,8.0,0.61,8.0,0.62,8.0,0.63,9.0,0.18,0.18,44.892103,1776164487000
1776164489.151,89.151,0.41,13.0,0.4,8.0,0.39,8.0,0.38,8.0,0.37,9.0,0.59,13.0,0.6,8.0,0.61,8.0,0.62,8.0,0.63,9.0,0.41,13.0,0.4,8.0,0.39,8.0,0.38,8.0,0.37,9.0,0.59,13.0,0.6,8.0,0.61,8.0,0.62,8.0,0.63,9.0,0.18,0.18,44.88925,1776164488000
1776164490.225,90.225,0.41,13.0,0.4,8.0,0.39,8.0,0.38,8.0,0.37,9.0,0.59,13.0,0.6,8.0,0.61,8.0,0.62,8.0,0.63,9.0,0.41,13.0,0.4,8.0,0.39,8.0,0.38,8.0,0.37,9.0,0.59,13.0,0.6,8.0,0.61,8.0,0.62,8.0,0.63,9.0,0.18,0.18,44.89001,1776164489000
1776164491.106,91.106,0.41,13.0,0.4,8.0,0.39,8.0,0.38,8.0,0.37,9.0,0.59,13.0,0.6,8.0,0.61,8.0,0.62,8.0,0.63,9.0,0.41,13.0,0.4,8.0,0.39,8.0,0.38,8.0,0.37,9.0,0.59,13.0,0.6,8.0,0.61,8.0,0.62,8.0,0.63,9.0,0.18,0.18,44.89001,1776164490000
1776164492.185,92.185,0.41,13.0,0.4,8.0,0.39,8.0,0.38,8.0,0.37,9.0,0.59,13.0,0.6,8.0,0.61,8.0,0.62,8.0,0.63,9.0,0.41,13.0,0.4,8.0,0.39,8.0,0.38,8.0,0.37,9.0,0.59,13.0,0.6,8.0,0.61,8.0,0.62,8.0,0.63,9.0,0.18,0.18,44.889743,1776164491000
1776164493.493,93.493,0.41,13.0,0.4,8.0,0.39,8.0,0.38,8.0,0.37,9.0,0.59,13.0,0.6,8.0,0.61,8.0,0.62,8.0,0.63,9.0,0.41,13.0,0.4,8.0,0.39,8.0,0.38,8.0,0.37,9.0,0.59,13.0,0.6,8.0,0.61,8.0,0.62,8.0,0.63,9.0,0.18,0.18,44.889376,1776164492000
1776164494.117,94.117,0.41,13.0,0.4,8.0,0.39,8.0,0.38,8.0,0.37,9.0,0.59,13.0,0.6,8.0,0.61,8.0,0.62,8.0,0.63,9.0,0.41,13.0,0.4,8.0,0.39,8.0,0.38,8.0,0.37,9.0,0.59,13.0,0.6,8.0,0.61,8.0,0.62,8.0,0.63,9.0,0.18,0.18,44.889945,1776164493000
1776164495.778,95.778,0.41,13.0,0.4,8.0,0.39,8.0,0.38,8.0,0.37,9.0,0.59,13.0,0.6,8.0,0.61,8.0,0.62,8.0,0.63,9.0,0.41,13.0,0.4,8.0,0.39,8.0,0.38,8.0,0.37,9.0,0.59,13.0,0.6,8.0,0.61,8.0,0.62,8.0,0.63,9.0,0.18,0.18,44.89001,1776164494000
1776164496.357,96.357,0.41,13.0,0.4,8.0,0.39,8.0,0.38,8.0,0.37,9.0,0.59,13.0,0.6,8.0,0.61,8.0,0.62,8.0,0.63,9.0,0.41,13.0,0.4,8.0,0.39,8.0,0.38,8.0,0.37,9.0,0.59,13.0,0.6,8.0,0.61,8.0,0.62,8.0,0.63,9.0,0.18,0.18,44.890161,1776164495000
1776164497.145,97.145,0.41,13.0,0.4,8.0,0.39,8.0,0.38,8.0,0.37,9.0,0.59,13.0,0.6,8.0,0.61,8.0,0.62,8.0,0.63,9.0,0.41,13.0,0.4,8.0,0.39,8.0,0.38,8.0,0.37,9.0,0.59,13.0,0.6,8.0,0.61,8.0,0.62,8.0,0.63,9.0,0.18,0.18,44.8895,1776164496000
1776164498.389,98.389,0.41,13.0,0.4,8.0,0.39,8.0,0.38,8.0,0.37,9.0,0.59,13.0,0.6,8.0,0.61,8.0,0.62,8.0,0.63,9.0,0.41,13.0,0.4,8.0,0.39,8.0,0.38,8.0,0.37,9.0,0.59,13.0,0.6,8.0,0.61,8.0,0.62,8.0,0.63,9.0,0.18,0.18,44.890774,1776164497000
1776164499.085,99.085,0.41,13.0,0.4,8.0,0.39,8.0,0.38,8.0,0.37,9.0,0.59,13.0,0.6,8.0,0.61,8.0,0.62,8.0,0.63,9.0,0.41,13.0,0.4,8.0,0.39,8.0,0.38,8.0,0.37,9.0,0.59,13.0,0.6,8.0,0.61,8.0,0.62,8.0,0.63,9.0,0.18,0.18,44.890774,1776164498000
1776164500.324,100.324,0.41,13.0,0.4,8.0,0.39,8.0,0.38,8.0,0.37,9.0,0.59,13.0,0.6,8.0,0.61,8.0,0.62,8.0,0.63,9.0,0.41,13.0,0.4,8.0,0.39,8.0,0.38,8.0,0.37,9.0,0.59,13.0,0.6,8.0,0.61,8.0,0.62,8.0,0.63,9.0,0.18,0.18,44.890747,1776164499000
1776164500.873,100.873,0.41,13.0,0.4,8.0,0.39,8.0,0.38,8.0,0.37,9.0,0.59,13.0,0.6,8.0,0.61,8.0,0.62,8.0,0.63,9.0,0.41,13.0,0.4,8.0,0.39,8.0,0.38,8.0,0.37,9.0,0.59,13.0,0.6,8.0,0.61,8.0,0.62,8.0,0.63,9.0,0.18,0.18,44.890098,1776164500000
1776164502.008,102.008,0.41,13.0,0.4,8.0,0.39,8.0,0.38,8.0,0.37,9.0,0.59,13.0,0.6,8.0,0.61,8.0,0.62,8.0,0.63,9.0,0.41,13.0,0.4,8.0,0.39,8.0,0.38,8.0,0.37,9.0,0.59,13.0,0.6,8.0,0.61,8.0,0.62,8.0,0.63,9.0,0.18,0.18,44.889819,1776164501000
1776164503.218,103.218,0.41,13.0,0.4,8.0,0.39,8.0,0.38,8.0,0.37,9.0,0.59,13.0,0.6,8.0,0.61,8.0,0.62,8.0,0.63,9.0,0.41,13.0,0.4,8.0,0.39,8.0,0.38,8.0,0.37,9.0,0.59,13.0,0.6,8.0,0.61,8.0,0.62,8.0,0.63,9.0,0.18,0.18,44.890226,1776164502000
1776164504.327,104.327,0.41,13.0,0.4,8.0,0.39,8.0,0.38,8.0,0.37,9.0,0.59,13.0,0.6,8.0,0.61,8.0,0.62,8.0,0.63,9.0,0.41,13.0,0.4,8.0,0.39,8.0,0.38,8.0,0.37,9.0,0.59,13.0,0.6,8.0,0.61,8.0,0.62,8.0,0.63,9.0,0.18,0.18,44.889909,1776164503000
1776164505.374,105.374,0.41,13.0,0.4,8.0,0.39,8.0,0.38,8.0,0.37,9.0,0.59,13.0,0.6,8.0,0.61,8.0,0.62,8.0,0.63,9.0,0.41,13.0,0.4,8.0,0.39,8.0,0.38,8.0,0.37,9.0,0.59,13.0,0.6,8.0,0.61,8.0,0.62,8.0,0.63,9.0,0.18,0.18,44.889592,1776164504000
1776164506.365,106.365,0.41,13.0,0.4,8.0,0.39,8.0,0.38,8.0,0.37,9.0,0.59,13.0,0.6,8.0,0.61,8.0,0.62,8.0,0.63,9.0,0.41,13.0,0.4,8.0,0.39,8.0,0.38,8.0,0.37,9.0,0.59,13.0,0.6,8.0,0.61,8.0,0.62,8.0,0.63,9.0,0.18,0.18,44.888658,1776164505000
1776164506.949,106.949,0.41,13.0,0.4,8.0,0.39,8.0,0.38,8.0,0.37,9.0,0.59,13.0,0.6,8.0,0.61,8.0,0.62,8.0,0.63,9.0,0.41,13.0,0.4,8.0,0.39,8.0,0.38,8.0,0.37,9.0,0.59,13.0,0.6,8.0,0.61,8.0,0.62,8.0,0.63,9.0,0.18,0.18,44.890255,1776164506000
1776164508.388,108.388,0.41,13.0,0.4,8.0,0.39,8.0,0.38,8.0,0.37,9.0,0.59,13.0,0.6,8.0,0.61,8.0,0.62,8.0,0.63,9.0,0.41,13.0,0.4,8.0,0.39,8.0,0.38,8.0,0.37,9.0,0.59,13.0,0.6,8.0,0.61,8.0,0.62,8.0,0.63,9.0,0.18,0.18,44.890455,1776164507000
1776164508.868,108.868,0.41,13.0,0.4,8.0,0.39,8.0,0.38,8.0,0.37,9.0,0.59,13.0,0.6,8.0,0.61,8.0,0.62,8.0,0.63,9.0,0.41,13.0,0.4,8.0,0.39,8.0,0.38,8.0,0.37,9.0,0.59,13.0,0.6,8.0,0.61,8.0,0.62,8.0,0.63,9.0,0.18,0.18,44.890455,1776164508000
1776164509.957,109.957,0.41,13.0,0.4,8.0,0.39,8.0,0.38,8.0,0.37,9.0,0.59,13.0,0.6,8.0,0.61,8.0,0.62,8.0,0.63,9.0,0.41,13.0,0.4,8.0,0.39,8.0,0.38,8.0,0.37,9.0,0.59,13.0,0.6,8.0,0.61,8.0,0.62,8.0,0.63,9.0,0.18,0.18,44.889275,1776164509000
1776164510.987,110.987,0.41,13.0,0.4,8.0,0.39,8.0,0.38,8.0,0.37,9.0,0.59,13.0,0.6,8.0,0.61,8.0,0.62,8.0,0.63,9.0,0.41,13.0,0.4,8.0,0.39,8.0,0.38,8.0,0.37,9.0,0.59,13.0,0.6,8.0,0.61,8.0,0.62,8.0,0.63,9.0,0.18,0.18,44.888641,1776164510000
1776164512.078,112.078,0.41,13.0,0.4,8.0,0.39,8.0,0.38,8.0,0.37,9.0,0.59,13.0,0.6,8.0,0.61,8.0,0.62,8.0,0.63,9.0,0.41,13.0,0.4,8.0,0.39,8.0,0.38,8.0,0.37,9.0,0.59,13.0,0.6,8.0,0.61,8.0,0.62,8.0,0.63,9.0,0.18,0.18,44.888641,1776164511000
1776164513.225,113.225,0.41,13.0,0.4,8.0,0.39,8.0,0.38,8.0,0.37,9.0,0.59,13.0,0.6,8.0,0.61,8.0,0.62,8.0,0.63,9.0,0.41,13.0,0.4,8.0,0.39,8.0,0.38,8.0,0.37,9.0,0.59,13.0,0.6,8.0,0.61,8.0,0.62,8.0,0.63,9.0,0.18,0.18,44.888641,1776164512000
1776164514.123,114.123,0.41,13.0,0.4,8.0,0.39,8.0,0.38,8.0,0.37,9.0,0.59,13.0,0.6,8.0,0.61,8.0,0.62,8.0,0.63,9.0,0.41,13.0,0.4,8.0,0.39,8.0,0.38,8.0,0.37,9.0,0.59,13.0,0.6,8.0,0.61,8.0,0.62,8.0,0.63,9.0,0.18,0.18,44.888641,1776164513000
1776164515.12,115.12,0.41,13.0,0.4,8.0,0.39,8.0,0.38,8.0,0.37,9.0,0.59,13.0,0.6,8.0,0.61,8.0,0.62,8.0,0.63,9.0,0.41,13.0,0.4,8.0,0.39,8.0,0.38,8.0,0.37,9.0,0.59,13.0,0.6,8.0,0.61,8.0,0.62,8.0,0.63,9.0,0.18,0.18,44.888641,1776164514000
1776164516.183,116.183,0.41,13.0,0.4,8.0,0.39,8.0,0.38,8.0,0.37,9.0,0.59,13.0,0.6,8.0,0.61,8.0,0.62,8.0,0.63,9.0,0.41,13.0,0.4,8.0,0.39,8.0,0.38,8.0,0.37,9.0,0.59,13.0,0.6,8.0,0.61,8.0,0.62,8.0,0.63,9.0,0.18,0.18,44.889858,1776164515000
1776164517.242,117.242,0.41,13.0,0.4,8.0,0.39,8.0,0.38,8.0,0.37,9.0,0.59,13.0,0.6,8.0,0.61,8.0,0.62,8.0,0.63,9.0,0.41,13.0,0.4,8.0,0.39,8.0,0.38,8.0,0.37,9.0,0.59,13.0,0.6,8.0,0.61,8.0,0.62,8.0,0.63,9.0,0.18,0.18,44.889858,1776164516000
1776164518.393,118.393,0.41,13.0,0.4,8.0,0.39,8.0,0.38,8.0,0.37,9.0,0.59,13.0,0.6,8.0,0.61,8.0,0.62,8.0,0.63,9.0,0.41,13.0,0.4,8.0,0.39,8.0,0.38,8.0,0.37,9.0,0.59,13.0,0.6,8.0,0.61,8.0,0.62,8.0,0.63,9.0,0.18,0.18,44.889858,1776164517000
1776164519.055,119.055,0.41,13.0,0.4,8.0,0.39,8.0,0.38,8.0,0.37,9.0,0.59,13.0,0.6,8.0,0.61,8.0,0.62,8.0,0.63,9.0,0.41,13.0,0.4,8.0,0.39,8.0,0.38,8.0,0.37,9.0,0.59,13.0,0.6,8.0,0.61,8.0,0.62,8.0,0.63,9.0,0.18,0.18,44.890035,1776164518000
1776164519.996,119.996,0.41,13.0,0.4,8.0,0.39,8.0,0.38,8.0,0.37,9.0,0.59,13.0,0.6,8.0,0.61,8.0,0.62,8.0,0.63,9.0,0.41,13.0,0.4,8.0,0.39,8.0,0.38,8.0,0.37,9.0,0.59,13.0,0.6,8.0,0.61,8.0,0.62,8.0,0.63,9.0,0.18,0.18,44.889858,1776164519000
1776164521.784,121.784,0.41,13.0,0.4,8.0,0.39,8.0,0.38,8.0,0.37,9.0,0.59,13.0,0.6,8.0,0.61,8.0,0.62,8.0,0.63,9.0,0.41,13.0,0.4,8.0,0.39,8.0,0.38,8.0,0.37,9.0,0.59,13.0,0.6,8.0,0.61,8.0,0.62,8.0,0.63,9.0,0.18,0.18,44.889224,1776164520000
1776164522.243,122.243,0.41,13.0,0.4,8.0,0.39,8.0,0.38,8.0,0.37,9.0,0.59,13.0,0.6,8.0,0.61,8.0,0.62,8.0,0.63,9.0,0.41,13.0,0.4,8.0,0.39,8.0,0.38,8.0,0.37,9.0,0.59,13.0,0.6,8.0,0.61,8.0,0.62,8.0,0.63,9.0,0.18,0.18,44.889224,1776164521000
1776164523.093,123.093,0.41,13.0,0.4,8.0,0.39,8.0,0.38,8.0,0.37,9.0,0.59,13.0,0.6,8.0,0.61,8.0,0.62,8.0,0.63,9.0,0.41,13.0,0.4,8.0,0.39,8.0,0.38,8.0,0.37,9.0,0.59,13.0,0.6,8.0,0.61,8.0,0.62,8.0,0.63,9.0,0.18,0.18,44.88859,1776164522000
1776164524.165,124.165,0.41,13.0,0.4,8.0,0.39,8.0,0.38,8.0,0.37,9.0,0.59,13.0,0.6,8.0,0.61,8.0,0.62,8.0,0.63,9.0,0.41,13.0,0.4,8.0,0.39,8.0,0.38,8.0,0.37,9.0,0.59,13.0,0.6,8.0,0.61,8.0,0.62,8.0,0.63,9.0,0.18,0.18,44.88859,1776164523000
1776164525.186,125.186,0.41,13.0,0.4,8.0,0.39,8.0,0.38,8.0,0.37,9.0,0.59,13.0,0.6,8.0,0.61,8.0,0.62,8.0,0.63,9.0,0.41,13.0,0.4,8.0,0.39,8.0,0.38,8.0,0.37,9.0,0.59,13.0,0.6,8.0,0.61,8.0,0.62,8.0,0.63,9.0,0.18,0.18,44.887191,1776164524000
1776164526.15,126.15,0.41,13.0,0.4,8.0,0.39,8.0,0.38,8.0,0.37,9.0,0.59,13.0,0.6,8.0,0.61,8.0,0.62,8.0,0.63,9.0,0.41,13.0,0.4,8.0,0.39,8.0,0.38,8.0,0.37,9.0,0.59,13.0,0.6,8.0,0.61,8.0,0.62,8.0,0.63,9.0,0.18,0.18,44.887191,1776164525000
1776164527.11,127.11,0.41,13.0,0.4,8.0,0.39,8.0,0.38,8.0,0.37,9.0,0.59,13.0,0.6,8.0,0.61,8.0,0.62,8.0,0.63,9.0,0.41,13.0,0.4,8.0,0.39,8.0,0.38,8.0,0.37,9.0,0.59,13.0,0.6,8.0,0.61,8.0,0.62,8.0,0.63,9.0,0.18,0.18,44.887433,1776164526000
1776164528.042,128.042,0.41,13.0,0.4,8.0,0.39,8.0,0.38,8.0,0.37,9.0,0.59,13.0,0.6,8.0,0.61,8.0,0.62,8.0,0.63,9.0,0.41,13.0,0.4,8.0,0.39,8.0,0.38,8.0,0.37,9.0,0.59,13.0,0.6,8.0,0.61,8.0,0.62,8.0,0.63,9.0,0.18,0.18,44.887563,1776164527000
1776164529.071,129.071,0.41,13.0,0.4,8.0,0.39,8.0,0.38,8.0,0.37,9.0,0.59,13.0,0.6,8.0,0.61,8.0,0.62,8.0,0.63,9.0,0.41,13.0,0.4,8.0,0.39,8.0,0.38,8.0,0.37,9.0,0.59,13.0,0.6,8.0,0.61,8.0,0.62,8.0,0.63,9.0,0.18,0.18,44.887563,1776164528000
1776164530.085,130.085,0.41,13.0,0.4,8.0,0.39,8.0,0.38,8.0,0.37,9.0,0.59,13.0,0.6,8.0,0.61,8.0,0.62,8.0,0.63,9.0,0.41,13.0,0.4,8.0,0.39,8.0,0.38,8.0,0.37,9.0,0.59,13.0,0.6,8.0,0.61,8.0,0.62,8.0,0.63,9.0,0.18,0.18,44.887563,1776164529000
1776164531.071,131.071,0.41,13.0,0.4,8.0,0.39,8.0,0.38,8.0,0.37,9.0,0.59,13.0,0.6,8.0,0.61,8.0,0.62,8.0,0.63,9.0,0.41,13.0,0.4,8.0,0.39,8.0,0.38,8.0,0.37,9.0,0.59,13.0,0.6,8.0,0.61,8.0,0.62,8.0,0.63,9.0,0.18,0.18,44.887563,1776164530000
1776164532.071,132.071,0.41,13.0,0.4,8.0,0.39,8.0,0.38,8.0,0.37,9.0,0.59,13.0,0.6,8.0,0.61,8.0,0.62,8.0,0.63,9.0,0.41,13.0,0.4,8.0,0.39,8.0,0.38,8.0,0.37,9.0,0.59,13.0,0.6,8.0,0.61,8.0,0.62,8.0,0.63,9.0,0.18,0.18,44.888231,1776164531000
1776164533.035,133.035,0.41,13.0,0.4,8.0,0.39,8.0,0.38,8.0,0.37,9.0,0.59,13.0,0.6,8.0,0.61,8.0,0.62,8.0,0.63,9.0,0.41,13.0,0.4,8.0,0.39,8.0,0.38,8.0,0.37,9.0,0.59,13.0,0.6,8.0,0.61,8.0,0.62,8.0,0.63,9.0,0.18,0.18,44.887989,1776164532000
1776164534.574,134.574,0.41,13.0,0.4,8.0,0.39,8.0,0.38,8.0,0.37,9.0,0.59,13.0,0.6,8.0,0.61,8.0,0.62,8.0,0.63,9.0,0.41,13.0,0.4,8.0,0.39,8.0,0.38,8.0,0.37,9.0,0.59,13.0,0.6,8.0,0.61,8.0,0.62,8.0,0.63,9.0,0.18,0.18,44.888561,1776164533000
1776164535.124,135.124,0.41,13.0,0.4,8.0,0.39,8.0,0.38,8.0,0.37,9.0,0.59,13.0,0.6,8.0,0.61,8.0,0.62,8.0,0.63,9.0,0.41,13.0,0.4,8.0,0.39,8.0,0.38,8.0,0.37,9.0,0.59,13.0,0.6,8.0,0.61,8.0,0.62,8.0,0.63,9.0,0.18,0.18,44.888972,1776164534000
1776164536.072,136.072,0.41,13.0,0.4,8.0,0.39,8.0,0.38,8.0,0.37,9.0,0.59,13.0,0.6,8.0,0.61,8.0,0.62,8.0,0.63,9.0,0.41,13.0,0.4,8.0,0.39,8.0,0.38,8.0,0.37,9.0,0.59,13.0,0.6,8.0,0.61,8.0,0.62,8.0,0.63,9.0,0.18,0.18,44.888973,1776164535000
1776164537.417,137.417,0.41,13.0,0.4,8.0,0.39,8.0,0.38,8.0,0.37,9.0,0.59,13.0,0.6,8.0,0.61,8.0,0.62,8.0,0.63,9.0,0.41,13.0,0.4,8.0,0.39,8.0,0.38,8.0,0.37,9.0,0.59,13.0,0.6,8.0,0.61,8.0,0.62,8.0,0.63,9.0,0.18,0.18,44.888843,1776164536000
1776164538.378,138.378,0.41,13.0,0.4,8.0,0.39,8.0,0.38,8.0,0.37,9.0,0.59,13.0,0.6,8.0,0.61,8.0,0.62,8.0,0.63,9.0,0.41,13.0,0.4,8.0,0.39,8.0,0.38,8.0,0.37,9.0,0.59,13.0,0.6,8.0,0.61,8.0,0.62,8.0,0.63,9.0,0.18,0.18,44.888843,1776164537000
1776164539.626,139.626,0.41,13.0,0.4,8.0,0.39,8.0,0.38,8.0,0.37,9.0,0.59,13.0,0.6,8.0,0.61,8.0,0.62,8.0,0.63,9.0,0.41,13.0,0.4,8.0,0.39,8.0,0.38,8.0,0.37,9.0,0.59,13.0,0.6,8.0,0.61,8.0,0.62,8.0,0.63,9.0,0.18,0.18,44.889012,1776164538000
1776164540.204,140.204,0.41,13.0,0.4,8.0,0.39,8.0,0.38,8.0,0.37,9.0,0.59,13.0,0.6,8.0,0.61,8.0,0.62,8.0,0.63,9.0,0.41,13.0,0.4,8.0,0.39,8.0,0.38,8.0,0.37,9.0,0.59,13.0,0.6,8.0,0.61,8.0,0.62,8.0,0.63,9.0,0.18,0.18,44.889013,1776164539000
1776164541.362,141.362,0.41,13.0,0.4,8.0,0.39,8.0,0.38,8.0,0.37,9.0,0.59,13.0,0.6,8.0,0.61,8.0,0.62,8.0,0.63,9.0,0.41,13.0,0.4,8.0,0.39,8.0,0.38,8.0,0.37,9.0,0.59,13.0,0.6,8.0,0.61,8.0,0.62,8.0,0.63,9.0,0.18,0.18,44.889013,1776164540000
1776164542.034,142.034,0.41,13.0,0.4,8.0,0.39,8.0,0.38,8.0,0.37,9.0,0.59,13.0,0.6,8.0,0.61,8.0,0.62,8.0,0.63,9.0,0.41,13.0,0.4,8.0,0.39,8.0,0.38,8.0,0.37,9.0,0.59,13.0,0.6,8.0,0.61,8.0,0.62,8.0,0.63,9.0,0.18,0.18,44.888706,1776164541000
1776164543.265,143.265,0.41,13.0,0.4,8.0,0.39,8.0,0.38,8.0,0.37,9.0,0.59,13.0,0.6,8.0,0.61,8.0,0.62,8.0,0.63,9.0,0.41,13.0,0.4,8.0,0.39,8.0,0.38,8.0,0.37,9.0,0.59,13.0,0.6,8.0,0.61,8.0,0.62,8.0,0.63,9.0,0.18,0.18,44.888656,1776164542000
1776164544.329,144.329,0.41,13.0,0.4,8.0,0.39,8.0,0.38,8.0,0.37,9.0,0.59,13.0,0.6,8.0,0.61,8.0,0.62,8.0,0.63,9.0,0.41,13.0,0.4,8.0,0.39,8.0,0.38,8.0,0.37,9.0,0.59,13.0,0.6,8.0,0.61,8.0,0.62,8.0,0.63,9.0,0.18,0.18,44.888175,1776164543000
1776164545.543,145.543,0.41,13.0,0.4,8.0,0.39,8.0,0.38,8.0,0.37,9.0,0.59,13.0,0.6,8.0,0.61,8.0,0.62,8.0,0.63,9.0,0.41,13.0,0.4,8.0,0.39,8.0,0.38,8.0,0.37,9.0,0.59,13.0,0.6,8.0,0.61,8.0,0.62,8.0,0.63,9.0,0.18,0.18,44.887368,1776164544000
1776164546.199,146.199,0.41,13.0,0.4,8.0,0.39,8.0,0.38,8.0,0.37,9.0,0.59,13.0,0.6,8.0,0.61,8.0,0.62,8.0,0.63,9.0,0.41,13.0,0.4,8.0,0.39,8.0,0.38,8.0,0.37,9.0,0.59,13.0,0.6,8.0,0.61,8.0,0.62,8.0,0.63,9.0,0.18,0.18,44.887868,1776164545000
1776164547.341,147.341,0.39,13.36,0.38,25.0,0.37,15.0,0.36,15.0,0.35,15.0,0.52,15.0,0.53,15.0,0.54,25.0,0.55,25.0,0.56,15.0,0.48,15.0,0.47,15.0,0.46,25.0,0.45,25.0,0.44,15.0,0.61,13.36,0.62,25.0,0.63,15.0,0.64,15.0,0.65,15.0,0.13,0.13,44.887119,1776164546000
1776164548.054,148.054,0.39,13.36,0.38,25.0,0.37,15.0,0.36,15.0,0.35,15.0,0.52,15.0,0.53,15.0,0.54,25.0,0.55,25.0,0.56,15.0,0.48,15.0,0.47,15.0,0.46,25.0,0.45,25.0,0.44,15.0,0.61,13.36,0.62,25.0,0.63,15.0,0.64,15.0,0.65,15.0,0.13,0.13,44.887119,1776164547000
1776164549.025,149.025,0.39,13.36,0.38,25.0,0.37,15.0,0.36,15.0,0.35,15.0,0.52,15.0,0.53,15.0,0.54,25.0,0.55,25.0,0.56,15.0,0.48,15.0,0.47,15.0,0.46,25.0,0.45,25.0,0.44,15.0,0.61,13.36,0.62,25.0,0.63,15.0,0.64,15.0,0.65,15.0,0.13,0.13,44.885803,1776164548000
1776164549.929,149.929,0.39,13.36,0.38,25.0,0.37,15.0,0.36,15.0,0.35,15.0,0.52,15.0,0.53,15.0,0.54,25.0,0.55,25.0,0.56,15.0,0.48,15.0,0.47,15.0,0.46,25.0,0.45,25.0,0.44,15.0,0.61,13.36,0.62,25.0,0.63,15.0,0.64,15.0,0.65,15.0,0.13,0.13,44.879514,1776164549000
1776164550.946,150.946,0.39,13.36,0.38,25.0,0.37,15.0,0.36,15.0,0.35,15.0,0.52,15.0,0.53,15.0,0.54,25.0,0.55,25.0,0.56,15.0,0.48,15.0,0.47,15.0,0.46,25.0,0.45,25.0,0.44,15.0,0.61,13.36,0.62,25.0,0.63,15.0,0.64,15.0,0.65,15.0,0.13,0.13,44.881659,1776164550000
1776164551.92,151.92,0.39,13.36,0.38,25.0,0.37,15.0,0.36,15.0,0.35,15.0,0.52,15.0,0.53,15.0,0.54,25.0,0.55,25.0,0.56,15.0,0.48,15.0,0.47,15.0,0.46,25.0,0.45,25.0,0.44,15.0,0.61,13.36,0.62,25.0,0.63,15.0,0.64,15.0,0.65,15.0,0.13,0.13,44.881909,1776164551000
1776164552.951,152.951,0.39,13.36,0.38,25.0,0.37,15.0,0.36,15.0,0.35,15.0,0.52,15.0,0.53,15.0,0.54,25.0,0.55,25.0,0.56,15.0,0.48,15.0,0.47,15.0,0.46,25.0,0.45,25.0,0.44,15.0,0.61,13.36,0.62,25.0,0.63,15.0,0.64,15.0,0.65,15.0,0.13,0.13,44.881902,1776164552000
1776164553.856,153.856,0.39,13.36,0.38,25.0,0.37,15.0,0.36,15.0,0.35,15.0,0.52,15.0,0.53,15.0,0.54,25.0,0.55,25.0,0.56,15.0,0.48,15.0,0.47,15.0,0.46,25.0,0.45,25.0,0.44,15.0,0.61,13.36,0.62,25.0,0.63,15.0,0.64,15.0,0.65,15.0,0.13,0.13,44.882213,1776164553000
1776164555.293,155.293,0.39,13.36,0.38,25.0,0.37,15.0,0.36,15.0,0.35,15.0,0.52,15.0,0.53,15.0,0.54,25.0,0.55,25.0,0.56,15.0,0.48,15.0,0.47,15.0,0.46,25.0,0.45,25.0,0.44,15.0,0.61,13.36,0.62,25.0,0.63,15.0,0.64,15.0,0.65,15.0,0.13,0.13,44.881233,1776164554000
1776164556.148,156.148,0.39,13.36,0.38,25.0,0.37,15.0,0.36,15.0,0.35,15.0,0.52,15.0,0.53,15.0,0.54,25.0,0.55,25.0,0.56,15.0,0.48,15.0,0.47,15.0,0.46,25.0,0.45,25.0,0.44,15.0,0.61,13.36,0.62,25.0,0.63,15.0,0.64,15.0,0.65,15.0,0.13,0.13,44.879476,1776164555000
1776164557.121,157.121,0.39,13.36,0.38,25.0,0.37,15.0,0.36,15.0,0.35,15.0,0.52,15.0,0.53,15.0,0.54,25.0,0.55,25.0,0.56,15.0,0.48,15.0,0.47,15.0,0.46,25.0,0.45,25.0,0.44,15.0,0.61,13.36,0.62,25.0,0.63,15.0,0.64,15.0,0.65,15.0,0.13,0.13,44.877692,1776164556000
1776164558.137,158.137,0.39,13.36,0.38,25.0,0.37,15.0,0.36,15.0,0.35,15.0,0.52,15.0,0.53,15.0,0.54,25.0,0.55,25.0,0.56,15.0,0.48,15.0,0.47,15.0,0.46,25.0,0.45,25.0,0.44,15.0,0.61,13.36,0.62,25.0,0.63,15.0,0.64,15.0,0.65,15.0,0.13,0.13,44.878691,1776164557000
1776164559.165,159.165,0.39,13.36,0.38,25.0,0.37,15.0,0.36,15.0,0.35,15.0,0.52,15.0,0.53,15.0,0.54,25.0,0.55,25.0,0.56,15.0,0.48,15.0,0.47,15.0,0.46,25.0,0.45,25.0,0.44,15.0,0.61,13.36,0.62,25.0,0.63,15.0,0.64,15.0,0.65,15.0,0.13,0.13,44.87894,1776164558000
1776164559.414,159.414,0.51,10.0,0.37,15.0,0.36,15.0,0.35,29.0,0.34,15.0,0.63,10.28,0.64,15.0,0.65,15.0,0.66,15.0,0.67,15.0,0.48,15.0,0.47,15.0,0.46,25.0,0.45,25.0,0.44,15.0,0.61,13.36,0.62,25.0,0.63,15.0,0.64,15.0,0.65,15.0,0.12,0.13,44.87894,1776164558000
1776164560.17,160.17,0.52,3.64,0.37,15.0,0.36,15.0,0.35,29.0,0.34,15.0,0.65,15.0,0.66,15.0,0.67,15.0,0.68,15.0,0.69,25.0,0.35,15.0,0.34,15.0,0.33,15.0,0.32,15.0,0.31,25.0,0.48,3.64,0.63,15.0,0.64,15.0,0.65,29.0,0.66,15.0,0.13,0.13,44.878756,1776164559000
1776164561.115,161.115,0.52,3.64,0.37,15.0,0.36,15.0,0.35,29.0,0.34,15.0,0.65,15.0,0.66,15.0,0.67,15.0,0.68,15.0,0.69,25.0,0.35,15.0,0.34,15.0,0.33,15.0,0.32,15.0,0.31,25.0,0.48,3.64,0.63,15.0,0.64,15.0,0.65,29.0,0.66,15.0,0.13,0.13,44.885877,1776164560000
1776164562.771,162.771,0.52,3.64,0.37,15.0,0.36,15.0,0.35,29.0,0.34,15.0,0.65,15.0,0.66,15.0,0.67,15.0,0.68,15.0,0.69,25.0,0.35,15.0,0.34,15.0,0.33,15.0,0.32,15.0,0.31,25.0,0.48,3.64,0.63,15.0,0.64,15.0,0.65,29.0,0.66,15.0,0.13,0.13,44.893789,1776164561000
1776164563.28,163.28,0.52,3.64,0.37,15.0,0.36,15.0,0.35,29.0,0.34,15.0,0.65,15.0,0.66,15.0,0.67,15.0,0.68,15.0,0.69,25.0,0.35,15.0,0.34,15.0,0.33,15.0,0.32,15.0,0.31,25.0,0.48,3.64,0.63,15.0,0.64,15.0,0.65,29.0,0.66,15.0,0.13,0.13,44.893364,1776164562000
1776164563.883,163.883,0.52,3.64,0.37,15.0,0.36,15.0,0.35,29.0,0.34,15.0,0.65,15.0,0.66,15.0,0.67,15.0,0.68,15.0,0.69,25.0,0.35,15.0,0.34,15.0,0.33,15.0,0.32,15.0,0.31,25.0,0.48,3.64,0.63,15.0,0.64,15.0,0.65,29.0,0.66,15.0,0.13,0.13,44.893115,1776164563000
1776164565.025,165.025,0.52,3.64,0.37,15.0,0.36,15.0,0.35,29.0,0.34,15.0,0.65,15.0,0.66,15.0,0.67,15.0,0.68,15.0,0.69,25.0,0.35,15.0,0.34,15.0,0.33,15.0,0.32,15.0,0.31,25.0,0.48,3.64,0.63,15.0,0.64,15.0,0.65,29.0,0.66,15.0,0.13,0.13,44.893115,1776164564000
1776164566.229,166.229,0.52,3.64,0.37,15.0,0.36,15.0,0.35,29.0,0.34,15.0,0.65,15.0,0.66,15.0,0.67,15.0,0.68,15.0,0.69,25.0,0.35,15.0,0.34,15.0,0.33,15.0,0.32,15.0,0.31,25.0,0.48,3.64,0.63,15.0,0.64,15.0,0.65,29.0,0.66,15.0,0.13,0.13,44.89586,1776164565000
1776164567.595,167.595,0.52,3.64,0.37,15.0,0.36,15.0,0.35,29.0,0.34,15.0,0.65,15.0,0.66,15.0,0.67,15.0,0.68,15.0,0.69,25.0,0.35,15.0,0.34,15.0,0.33,15.0,0.32,15.0,0.31,25.0,0.48,3.64,0.63,15.0,0.64,15.0,0.65,29.0,0.66,15.0,0.13,0.13,44.896859,1776164566000
1776164568.14,168.14,0.52,3.64,0.37,15.0,0.36,15.0,0.35,29.0,0.34,15.0,0.65,15.0,0.66,15.0,0.67,15.0,0.68,15.0,0.69,25.0,0.35,15.0,0.34,15.0,0.33,15.0,0.32,15.0,0.31,25.0,0.48,3.64,0.63,15.0,0.64,15.0,0.65,29.0,0.66,15.0,0.13,0.13,44.895361,1776164567000
1776164569.243,169.243,0.52,3.64,0.37,15.0,0.36,15.0,0.35,29.0,0.34,15.0,0.65,15.0,0.66,15.0,0.67,15.0,0.68,15.0,0.69,25.0,0.35,15.0,0.34,15.0,0.33,15.0,0.32,15.0,0.31,25.0,0.48,3.64,0.63,15.0,0.64,15.0,0.65,29.0,0.66,15.0,0.13,0.13,44.894862,1776164568000
1776164570.527,170.527,0.52,3.64,0.37,15.0,0.36,15.0,0.35,29.0,0.34,15.0,0.65,15.0,0.66,15.0,0.67,15.0,0.68,15.0,0.69,25.0,0.35,15.0,0.34,15.0,0.33,15.0,0.32,15.0,0.31,25.0,0.48,3.64,0.63,15.0,0.64,15.0,0.65,29.0,0.66,15.0,0.13,0.13,44.894363,1776164569000
1776164571.184,171.184,0.52,3.64,0.37,15.0,0.36,15.0,0.35,29.0,0.34,15.0,0.65,15.0,0.66,15.0,0.67,15.0,0.68,15.0,0.69,25.0,0.35,15.0,0.34,15.0,0.33,15.0,0.32,15.0,0.31,25.0,0.48,3.64,0.63,15.0,0.64,15.0,0.65,29.0,0.66,15.0,0.13,0.13,44.894363,1776164570000
1776164572.553,172.553,0.52,3.64,0.37,15.0,0.36,15.0,0.35,29.0,0.34,15.0,0.65,15.0,0.66,15.0,0.67,15.0,0.68,15.0,0.69,25.0,0.35,15.0,0.34,15.0,0.33,15.0,0.32,15.0,0.31,25.0,0.48,3.64,0.63,15.0,0.64,15.0,0.65,29.0,0.66,15.0,0.13,0.13,44.895024,1776164571000
1776164572.952,172.952,0.52,3.64,0.37,15.0,0.36,15.0,0.35,29.0,0.34,15.0,0.65,15.0,0.66,15.0,0.67,15.0,0.68,15.0,0.69,25.0,0.35,15.0,0.34,15.0,0.33,15.0,0.32,15.0,0.31,25.0,0.48,3.64,0.63,15.0,0.64,15.0,0.65,29.0,0.66,15.0,0.13,0.13,44.896022,1776164572000
1776164574.039,174.039,0.52,3.64,0.37,15.0,0.36,15.0,0.35,29.0,0.34,15.0,0.65,15.0,0.66,15.0,0.67,15.0,0.68,15.0,0.69,25.0,0.35,15.0,0.34,15.0,0.33,15.0,0.32,15.0,0.31,25.0,0.48,3.64,0.63,15.0,0.64,15.0,0.65,29.0,0.66,15.0,0.13,0.13,44.902322,1776164573000
1776164575.135,175.135,0.52,3.64,0.37,15.0,0.36,15.0,0.35,29.0,0.34,15.0,0.65,15.0,0.66,15.0,0.67,15.0,0.68,15.0,0.69,25.0,0.35,15.0,0.34,15.0,0.33,15.0,0.32,15.0,0.31,25.0,0.48,3.64,0.63,15.0,0.64,15.0,0.65,29.0,0.66,15.0,0.13,0.13,44.904796,1776164574000
1776164576.277,176.277,0.52,3.64,0.37,15.0,0.36,15.0,0.35,29.0,0.34,15.0,0.65,15.0,0.66,15.0,0.67,15.0,0.68,15.0,0.69,25.0,0.35,15.0,0.34,15.0,0.33,15.0,0.32,15.0,0.31,25.0,0.48,3.64,0.63,15.0,0.64,15.0,0.65,29.0,0.66,15.0,0.13,0.13,44.911542,1776164575000
1776164577.34,177.34,0.52,3.64,0.37,15.0,0.36,15.0,0.35,29.0,0.34,15.0,0.65,15.0,0.66,15.0,0.67,15.0,0.68,15.0,0.69,25.0,0.35,15.0,0.34,15.0,0.33,15.0,0.32,15.0,0.31,25.0,0.48,3.64,0.63,15.0,0.64,15.0,0.65,29.0,0.66,15.0,0.13,0.13,44.912692,1776164576000
1776164578.442,178.442,0.52,3.64,0.37,15.0,0.36,15.0,0.35,29.0,0.34,15.0,0.65,15.0,0.66,15.0,0.67,15.0,0.68,15.0,0.69,25.0,0.35,15.0,0.34,15.0,0.33,15.0,0.32,15.0,0.31,25.0,0.48,3.64,0.63,15.0,0.64,15.0,0.65,29.0,0.66,15.0,0.13,0.13,44.91291,1776164577000
1776164579.027,179.027,0.52,3.64,0.37,15.0,0.36,15.0,0.35,29.0,0.34,15.0,0.65,15.0,0.66,15.0,0.67,15.0,0.68,15.0,0.69,25.0,0.35,15.0,0.34,15.0,0.33,15.0,0.32,15.0,0.31,25.0,0.48,3.64,0.63,15.0,0.64,15.0,0.65,29.0,0.66,15.0,0.13,0.13,44.91291,1776164578000
1776164580.026,180.026,0.52,3.64,0.37,15.0,0.36,15.0,0.35,29.0,0.34,15.0,0.65,15.0,0.66,15.0,0.67,15.0,0.68,15.0,0.69,25.0,0.35,15.0,0.34,15.0,0.33,15.0,0.32,15.0,0.31,25.0,0.48,3.64,0.63,15.0,0.64,15.0,0.65,29.0,0.66,15.0,0.13,0.13,44.9129,1776164579000
1776164580.988,180.988,0.52,3.64,0.37,15.0,0.36,15.0,0.35,29.0,0.34,15.0,0.65,15.0,0.66,15.0,0.67,15.0,0.68,15.0,0.69,25.0,0.35,15.0,0.34,15.0,0.33,15.0,0.32,15.0,0.31,25.0,0.48,3.64,0.63,15.0,0.64,15.0,0.65,29.0,0.66,15.0,0.13,0.13,44.9129,1776164580000
1776164582.057,182.057,0.52,3.64,0.37,15.0,0.36,15.0,0.35,29.0,0.34,15.0,0.65,15.0,0.66,15.0,0.67,15.0,0.68,15.0,0.69,25.0,0.35,15.0,0.34,15.0,0.33,15.0,0.32,15.0,0.31,25.0,0.48,3.64,0.63,15.0,0.64,15.0,0.65,29.0,0.66,15.0,0.13,0.13,44.912932,1776164581000
1776164582.947,182.947,0.52,3.64,0.37,15.0,0.36,15.0,0.35,29.0,0.34,15.0,0.65,15.0,0.66,15.0,0.67,15.0,0.68,15.0,0.69,25.0,0.35,15.0,0.34,15.0,0.33,15.0,0.32,15.0,0.31,25.0,0.48,3.64,0.63,15.0,0.64,15.0,0.65,29.0,0.66,15.0,0.13,0.13,44.912932,1776164582000
1776164583.923,183.923,0.52,3.64,0.37,15.0,0.36,15.0,0.35,29.0,0.34,15.0,0.65,15.0,0.66,15.0,0.67,15.0,0.68,15.0,0.69,25.0,0.35,15.0,0.34,15.0,0.33,15.0,0.32,15.0,0.31,25.0,0.48,3.64,0.63,15.0,0.64,15.0,0.65,29.0,0.66,15.0,0.13,0.13,44.912932,1776164583000
1776164585.011,185.011,0.52,3.64,0.37,15.0,0.36,15.0,0.35,29.0,0.34,15.0,0.65,15.0,0.66,15.0,0.67,15.0,0.68,15.0,0.69,25.0,0.35,15.0,0.34,15.0,0.33,15.0,0.32,15.0,0.31,25.0,0.48,3.64,0.63,15.0,0.64,15.0,0.65,29.0,0.66,15.0,0.13,0.13,44.91256,1776164584000
1776164586.003,186.003,0.52,3.64,0.37,15.0,0.36,15.0,0.35,29.0,0.34,15.0,0.65,15.0,0.66,15.0,0.67,15.0,0.68,15.0,0.69,25.0,0.35,15.0,0.34,15.0,0.33,15.0,0.32,15.0,0.31,25.0,0.48,3.64,0.63,15.0,0.64,15.0,0.65,29.0,0.66,15.0,0.13,0.13,44.91256,1776164585000
1776164587.152,187.152,0.52,3.64,0.37,15.0,0.36,15.0,0.35,29.0,0.34,15.0,0.65,15.0,0.66,15.0,0.67,15.0,0.68,15.0,0.69,25.0,0.35,15.0,0.34,15.0,0.33,15.0,0.32,15.0,0.31,25.0,0.48,3.64,0.63,15.0,0.64,15.0,0.65,29.0,0.66,15.0,0.13,0.13,44.91256,1776164586000
1776164588.154,188.154,0.52,3.64,0.37,15.0,0.36,15.0,0.35,29.0,0.34,15.0,0.65,15.0,0.66,15.0,0.67,15.0,0.68,15.0,0.69,25.0,0.35,15.0,0.34,15.0,0.33,15.0,0.32,15.0,0.31,25.0,0.48,3.64,0.63,15.0,0.64,15.0,0.65,29.0,0.66,15.0,0.13,0.13,44.91256,1776164587000
1776164589.245,189.245,0.52,3.64,0.37,15.0,0.36,15.0,0.35,29.0,0.34,15.0,0.65,15.0,0.66,15.0,0.67,15.0,0.68,15.0,0.69,25.0,0.35,15.0,0.34,15.0,0.33,15.0,0.32,15.0,0.31,25.0,0.48,3.64,0.63,15.0,0.64,15.0,0.65,29.0,0.66,15.0,0.13,0.13,44.91256,1776164588000
1776164590.123,190.123,0.52,3.64,0.37,15.0,0.36,15.0,0.35,29.0,0.34,15.0,0.65,15.0,0.66,15.0,0.67,15.0,0.68,15.0,0.69,25.0,0.35,15.0,0.34,15.0,0.33,15.0,0.32,15.0,0.31,25.0,0.48,3.64,0.63,15.0,0.64,15.0,0.65,29.0,0.66,15.0,0.13,0.13,44.9142,1776164589000
1776164591.623,191.623,0.52,3.64,0.37,15.0,0.36,15.0,0.35,29.0,0.34,15.0,0.65,15.0,0.66,15.0,0.67,15.0,0.68,15.0,0.69,25.0,0.35,15.0,0.34,15.0,0.33,15.0,0.32,15.0,0.31,25.0,0.48,3.64,0.63,15.0,0.64,15.0,0.65,29.0,0.66,15.0,0.13,0.13,44.915111,1776164590000
1776164592.607,192.607,0.52,3.64,0.37,15.0,0.36,15.0,0.35,29.0,0.34,15.0,0.65,15.0,0.66,15.0,0.67,15.0,0.68,15.0,0.69,25.0,0.35,15.0,0.34,15.0,0.33,15.0,0.32,15.0,0.31,25.0,0.48,3.64,0.63,15.0,0.64,15.0,0.65,29.0,0.66,15.0,0.13,0.13,44.915111,1776164591000
1776164593.243,193.243,0.52,3.64,0.37,15.0,0.36,15.0,0.35,29.0,0.34,15.0,0.65,15.0,0.66,15.0,0.67,15.0,0.68,15.0,0.69,25.0,0.35,15.0,0.34,15.0,0.33,15.0,0.32,15.0,0.31,25.0,0.48,3.64,0.63,15.0,0.64,15.0,0.65,29.0,0.66,15.0,0.13,0.13,44.915111,1776164592000
1776164593.722,193.722,0.82,6.0,0.81,10.0,0.72,15.0,0.71,15.0,0.7,15.0,0.86,10.0,0.87,15.0,0.88,15.0,0.89,15.0,0.9,15.0,0.35,15.0,0.34,15.0,0.33,15.0,0.32,15.0,0.31,25.0,0.48,3.64,0.63,15.0,0.64,15.0,0.65,29.0,0.66,15.0,0.04,0.13,44.915111,1776164592000
1776164594.811,194.811,0.82,6.0,0.81,10.0,0.72,15.0,0.71,15.0,0.7,15.0,0.86,10.0,0.87,15.0,0.88,15.0,0.89,15.0,0.9,15.0,0.14,10.0,0.13,15.0,0.12,15.0,0.11,15.0,0.1,15.0,0.18,6.0,0.19,10.0,0.28,15.0,0.29,15.0,0.3,15.0,0.04,0.04,44.923845,1776164593000
1776164595.489,195.489,0.82,6.0,0.81,10.0,0.72,15.0,0.71,15.0,0.7,15.0,0.86,10.0,0.87,15.0,0.88,15.0,0.89,15.0,0.9,15.0,0.14,10.0,0.13,15.0,0.12,15.0,0.11,15.0,0.1,15.0,0.18,6.0,0.19,10.0,0.28,15.0,0.29,15.0,0.3,15.0,0.04,0.04,44.927873,1776164594000
1776164596.329,196.329,0.82,6.0,0.81,10.0,0.72,15.0,0.71,15.0,0.7,15.0,0.86,10.0,0.87,15.0,0.88,15.0,0.89,15.0,0.9,15.0,0.14,10.0,0.13,15.0,0.12,15.0,0.11,15.0,0.1,15.0,0.18,6.0,0.19,10.0,0.28,15.0,0.29,15.0,0.3,15.0,0.04,0.04,44.92811,1776164595000
1776164597.135,197.135,0.82,6.0,0.81,10.0,0.72,15.0,0.71,15.0,0.7,15.0,0.86,10.0,0.87,15.0,0.88,15.0,0.89,15.0,0.9,15.0,0.14,10.0,0.13,15.0,0.12,15.0,0.11,15.0,0.1,15.0,0.18,6.0,0.19,10.0,0.28,15.0,0.29,15.0,0.3,15.0,0.04,0.04,44.927798,1776164596000
1776164598.692,198.692,0.82,6.0,0.81,10.0,0.72,15.0,0.71,15.0,0.7,15.0,0.86,10.0,0.87,15.0,0.88,15.0,0.89,15.0,0.9,15.0,0.14,10.0,0.13,15.0,0.12,15.0,0.11,15.0,0.1,15.0,0.18,6.0,0.19,10.0,0.28,15.0,0.29,15.0,0.3,15.0,0.04,0.04,44.92975,1776164597000
1776164599.201,199.201,0.82,6.0,0.81,10.0,0.72,15.0,0.71,15.0,0.7,15.0,0.86,10.0,0.87,15.0,0.88,15.0,0.89,15.0,0.9,15.0,0.14,10.0,0.13,15.0,0.12,15.0,0.11,15.0,0.1,15.0,0.18,6.0,0.19,10.0,0.28,15.0,0.29,15.0,0.3,15.0,0.04,0.04,44.933519,1776164598000
1776164599.611,199.611,0.85,5.0,0.78,15.0,0.77,15.0,0.76,15.0,0.75,15.0,0.86,9.53,0.87,15.0,0.88,15.0,0.89,15.0,0.9,15.0,0.14,10.0,0.13,15.0,0.12,15.0,0.11,15.0,0.1,15.0,0.18,6.0,0.19,10.0,0.28,15.0,0.29,15.0,0.3,15.0,0.01,0.04,44.933519,1776164598000
1776164600.735,200.735,0.85,5.0,0.78,15.0,0.77,15.0,0.76,15.0,0.75,15.0,0.86,9.53,0.87,15.0,0.88,15.0,0.89,15.0,0.9,15.0,0.14,9.53,0.13,15.0,0.12,15.0,0.11,15.0,0.1,15.0,0.15,5.0,0.22,15.0,0.23,15.0,0.24,15.0,0.25,15.0,0.01,0.01,44.933407,1776164599000
1776164601.523,201.523,0.85,5.0,0.78,15.0,0.77,15.0,0.76,15.0,0.75,15.0,0.86,9.53,0.87,15.0,0.88,15.0,0.89,15.0,0.9,15.0,0.14,9.53,0.13,15.0,0.12,15.0,0.11,15.0,0.1,15.0,0.15,5.0,0.22,15.0,0.23,15.0,0.24,15.0,0.25,15.0,0.01,0.01,44.933924,1776164600000
1776164602.232,202.232,0.85,5.0,0.78,15.0,0.77,15.0,0.76,15.0,0.75,15.0,0.86,9.53,0.87,15.0,0.88,15.0,0.89,15.0,0.9,15.0,0.14,9.53,0.13,15.0,0.12,15.0,0.11,15.0,0.1,15.0,0.15,5.0,0.22,15.0,0.23,15.0,0.24,15.0,0.25,15.0,0.01,0.01,44.933373,1776164601000
1776164603.685,203.685,0.85,5.0,0.78,15.0,0.77,15.0,0.76,15.0,0.75,15.0,0.86,9.53,0.87,15.0,0.88,15.0,0.89,15.0,0.9,15.0,0.14,9.53,0.13,15.0,0.12,15.0,0.11,15.0,0.1,15.0,0.15,5.0,0.22,15.0,0.23,15.0,0.24,15.0,0.25,15.0,0.01,0.01,44.936112,1776164602000
1776164604.365,204.365,0.85,5.0,0.78,15.0,0.77,15.0,0.76,15.0,0.75,15.0,0.86,9.53,0.87,15.0,0.88,15.0,0.89,15.0,0.9,15.0,0.14,9.53,0.13,15.0,0.12,15.0,0.11,15.0,0.1,15.0,0.15,5.0,0.22,15.0,0.23,15.0,0.24,15.0,0.25,15.0,0.01,0.01,44.935468,1776164603000
1776164605.178,205.178,0.85,5.0,0.78,15.0,0.77,15.0,0.76,15.0,0.75,15.0,0.86,9.53,0.87,15.0,0.88,15.0,0.89,15.0,0.9,15.0,0.14,9.53,0.13,15.0,0.12,15.0,0.11,15.0,0.1,15.0,0.15,5.0,0.22,15.0,0.23,15.0,0.24,15.0,0.25,15.0,0.01,0.01,44.935563,1776164604000
1776164606.658,206.658,0.85,5.0,0.78,15.0,0.77,15.0,0.76,15.0,0.75,15.0,0.86,9.53,0.87,15.0,0.88,15.0,0.89,15.0,0.9,15.0,0.14,9.53,0.13,15.0,0.12,15.0,0.11,15.0,0.1,15.0,0.15,5.0,0.22,15.0,0.23,15.0,0.24,15.0,0.25,15.0,0.01,0.01,44.935526,1776164605000
1776164607.321,207.321,0.85,5.0,0.78,15.0,0.77,15.0,0.76,15.0,0.75,15.0,0.86,9.53,0.87,15.0,0.88,15.0,0.89,15.0,0.9,15.0,0.14,9.53,0.13,15.0,0.12,15.0,0.11,15.0,0.1,15.0,0.15,5.0,0.22,15.0,0.23,15.0,0.24,15.0,0.25,15.0,0.01,0.01,44.935522,1776164606000
1776164608.292,208.292,0.85,5.0,0.78,15.0,0.77,15.0,0.76,15.0,0.75,15.0,0.86,9.53,0.87,15.0,0.88,15.0,0.89,15.0,0.9,15.0,0.14,9.53,0.13,15.0,0.12,15.0,0.11,15.0,0.1,15.0,0.15,5.0,0.22,15.0,0.23,15.0,0.24,15.0,0.25,15.0,0.01,0.01,44.936194,1776164607000
1776164609.527,209.527,0.85,5.0,0.78,15.0,0.77,15.0,0.76,15.0,0.75,15.0,0.86,9.53,0.87,15.0,0.88,15.0,0.89,15.0,0.9,15.0,0.14,9.53,0.13,15.0,0.12,15.0,0.11,15.0,0.1,15.0,0.15,5.0,0.22,15.0,0.23,15.0,0.24,15.0,0.25,15.0,0.01,0.01,44.935511,1776164608000
1776164610.4,210.4,0.85,5.0,0.78,15.0,0.77,15.0,0.76,15.0,0.75,15.0,0.86,9.53,0.87,15.0,0.88,15.0,0.89,15.0,0.9,15.0,0.14,9.53,0.13,15.0,0.12,15.0,0.11,15.0,0.1,15.0,0.15,5.0,0.22,15.0,0.23,15.0,0.24,15.0,0.25,15.0,0.01,0.01,44.934862,1776164609000
1776164610.615,210.615,0.87,5.0,0.85,25.0,0.84,15.0,0.83,15.0,0.82,15.0,0.91,9.95,0.92,15.0,0.93,15.0,0.94,15.0,0.95,15.0,0.14,9.53,0.13,15.0,0.12,15.0,0.11,15.0,0.1,15.0,0.15,5.0,0.22,15.0,0.23,15.0,0.24,15.0,0.25,15.0,0.04,0.01,44.934862,1776164609000
1776164611.028,211.028,0.87,5.0,0.85,25.0,0.84,15.0,0.83,15.0,0.82,15.0,0.91,4.9,0.92,15.0,0.93,15.0,0.94,15.0,0.95,15.0,0.09,4.9,0.08,15.0,0.07,15.0,0.06,15.0,0.05,15.0,0.13,5.0,0.15,25.0,0.16,15.0,0.17,15.0,0.18,15.0,0.04,0.04,44.934921,1776164610000
1776164612.123,212.123,0.87,5.0,0.85,25.0,0.84,15.0,0.83,15.0,0.82,15.0,0.91,4.9,0.92,15.0,0.93,15.0,0.94,15.0,0.95,15.0,0.09,4.9,0.08,15.0,0.07,15.0,0.06,15.0,0.05,15.0,0.13,5.0,0.15,25.0,0.16,15.0,0.17,15.0,0.18,15.0,0.04,0.04,44.937813,1776164611000
1776164613.227,213.227,0.87,5.0,0.85,25.0,0.84,15.0,0.83,15.0,0.82,15.0,0.91,4.9,0.92,15.0,0.93,15.0,0.94,15.0,0.95,15.0,0.09,4.9,0.08,15.0,0.07,15.0,0.06,15.0,0.05,15.0,0.13,5.0,0.15,25.0,0.16,15.0,0.17,15.0,0.18,15.0,0.04,0.04,44.937763,1776164612000
1776164614.255,214.255,0.87,5.0,0.85,25.0,0.84,15.0,0.83,15.0,0.82,15.0,0.91,4.9,0.92,15.0,0.93,15.0,0.94,15.0,0.95,15.0,0.09,4.9,0.08,15.0,0.07,15.0,0.06,15.0,0.05,15.0,0.13,5.0,0.15,25.0,0.16,15.0,0.17,15.0,0.18,15.0,0.04,0.04,44.935041,1776164613000
1776164615.324,215.324,0.87,5.0,0.85,25.0,0.84,15.0,0.83,15.0,0.82,15.0,0.91,4.9,0.92,15.0,0.93,15.0,0.94,15.0,0.95,15.0,0.09,4.9,0.08,15.0,0.07,15.0,0.06,15.0,0.05,15.0,0.13,5.0,0.15,25.0,0.16,15.0,0.17,15.0,0.18,15.0,0.04,0.04,44.937031,1776164614000
1776164616.338,216.338,0.87,5.0,0.85,25.0,0.84,15.0,0.83,15.0,0.82,15.0,0.91,4.9,0.92,15.0,0.93,15.0,0.94,15.0,0.95,15.0,0.09,4.9,0.08,15.0,0.07,15.0,0.06,15.0,0.05,15.0,0.13,5.0,0.15,25.0,0.16,15.0,0.17,15.0,0.18,15.0,0.04,0.04,44.937307,1776164615000
1776164617.316,217.316,0.87,5.0,0.85,25.0,0.84,15.0,0.83,15.0,0.82,15.0,0.91,4.9,0.92,15.0,0.93,15.0,0.94,15.0,0.95,15.0,0.09,4.9,0.08,15.0,0.07,15.0,0.06,15.0,0.05,15.0,0.13,5.0,0.15,25.0,0.16,15.0,0.17,15.0,0.18,15.0,0.04,0.04,44.937537,1776164616000
1776164617.953,217.953,0.87,5.0,0.85,25.0,0.84,15.0,0.83,15.0,0.82,15.0,0.91,4.9,0.92,15.0,0.93,15.0,0.94,15.0,0.95,15.0,0.09,4.9,0.08,15.0,0.07,15.0,0.06,15.0,0.05,15.0,0.13,5.0,0.15,25.0,0.16,15.0,0.17,15.0,0.18,15.0,0.04,0.04,44.937882,1776164617000
1776164619.013,219.013,0.87,5.0,0.85,25.0,0.84,15.0,0.83,15.0,0.82,15.0,0.91,4.9,0.92,15.0,0.93,15.0,0.94,15.0,0.95,15.0,0.09,4.9,0.08,15.0,0.07,15.0,0.06,15.0,0.05,15.0,0.13,5.0,0.15,25.0,0.16,15.0,0.17,15.0,0.18,15.0,0.04,0.04,44.942148,1776164618000
1776164620.037,220.037,0.87,5.0,0.85,25.0,0.84,15.0,0.83,15.0,0.82,15.0,0.91,4.9,0.92,15.0,0.93,15.0,0.94,15.0,0.95,15.0,0.09,4.9,0.08,15.0,0.07,15.0,0.06,15.0,0.05,15.0,0.13,5.0,0.15,25.0,0.16,15.0,0.17,15.0,0.18,15.0,0.04,0.04,44.931171,1776164619000
1776164621.177,221.177,0.83,6.0,0.82,10.0,0.73,15.0,0.72,15.0,0.71,15.0,0.88,13.86,0.89,15.0,0.9,15.0,0.91,15.0,0.92,15.0,0.12,13.86,0.11,15.0,0.1,15.0,0.09,15.0,0.08,15.0,0.17,6.0,0.18,10.0,0.27,15.0,0.28,15.0,0.29,15.0,0.05,0.05,44.933222,1776164620000
1776164622.092,222.092,0.83,6.0,0.82,10.0,0.73,15.0,0.72,15.0,0.71,15.0,0.88,13.86,0.89,15.0,0.9,15.0,0.91,15.0,0.92,15.0,0.12,13.86,0.11,15.0,0.1,15.0,0.09,15.0,0.08,15.0,0.17,6.0,0.18,10.0,0.27,15.0,0.28,15.0,0.29,15.0,0.05,0.05,44.934754,1776164621000
1776164623.184,223.184,0.83,6.0,0.82,10.0,0.73,15.0,0.72,15.0,0.71,15.0,0.88,13.86,0.89,15.0,0.9,15.0,0.91,15.0,0.92,15.0,0.12,13.86,0.11,15.0,0.1,15.0,0.09,15.0,0.08,15.0,0.17,6.0,0.18,10.0,0.27,15.0,0.28,15.0,0.29,15.0,0.05,0.05,44.93476,1776164622000
1776164624.017,224.017,0.83,6.0,0.82,10.0,0.73,15.0,0.72,15.0,0.71,15.0,0.88,13.86,0.89,15.0,0.9,15.0,0.91,15.0,0.92,15.0,0.12,13.86,0.11,15.0,0.1,15.0,0.09,15.0,0.08,15.0,0.17,6.0,0.18,10.0,0.27,15.0,0.28,15.0,0.29,15.0,0.05,0.05,44.934158,1776164623000
1776164625.032,225.032,0.83,6.0,0.82,10.0,0.73,15.0,0.72,15.0,0.71,15.0,0.88,13.86,0.89,15.0,0.9,15.0,0.91,15.0,0.92,15.0,0.12,13.86,0.11,15.0,0.1,15.0,0.09,15.0,0.08,15.0,0.17,6.0,0.18,10.0,0.27,15.0,0.28,15.0,0.29,15.0,0.05,0.05,44.933686,1776164624000
1776164625.991,225.991,0.83,6.0,0.82,10.0,0.73,15.0,0.72,15.0,0.71,15.0,0.88,13.86,0.89,15.0,0.9,15.0,0.91,15.0,0.92,15.0,0.12,13.86,0.11,15.0,0.1,15.0,0.09,15.0,0.08,15.0,0.17,6.0,0.18,10.0,0.27,15.0,0.28,15.0,0.29,15.0,0.05,0.05,44.936883,1776164625000
1776164626.938,226.938,0.83,6.0,0.82,10.0,0.73,15.0,0.72,15.0,0.71,15.0,0.88,13.86,0.89,15.0,0.9,15.0,0.91,15.0,0.92,15.0,0.12,13.86,0.11,15.0,0.1,15.0,0.09,15.0,0.08,15.0,0.17,6.0,0.18,10.0,0.27,15.0,0.28,15.0,0.29,15.0,0.05,0.05,44.936045,1776164626000
1776164627.983,227.983,0.83,6.0,0.82,10.0,0.73,15.0,0.72,15.0,0.71,15.0,0.88,13.86,0.89,15.0,0.9,15.0,0.91,15.0,0.92,15.0,0.12,13.86,0.11,15.0,0.1,15.0,0.09,15.0,0.08,15.0,0.17,6.0,0.18,10.0,0.27,15.0,0.28,15.0,0.29,15.0,0.05,0.05,44.942591,1776164627000
1776164628.909,228.909,0.83,6.0,0.82,10.0,0.73,15.0,0.72,15.0,0.71,15.0,0.88,13.86,0.89,15.0,0.9,15.0,0.91,15.0,0.92,15.0,0.12,13.86,0.11,15.0,0.1,15.0,0.09,15.0,0.08,15.0,0.17,6.0,0.18,10.0,0.27,15.0,0.28,15.0,0.29,15.0,0.05,0.05,44.939161,1776164628000
1776164629.912,229.912,0.83,6.0,0.82,10.0,0.73,15.0,0.72,15.0,0.71,15.0,0.88,13.86,0.89,15.0,0.9,15.0,0.91,15.0,0.92,15.0,0.12,13.86,0.11,15.0,0.1,15.0,0.09,15.0,0.08,15.0,0.17,6.0,0.18,10.0,0.27,15.0,0.28,15.0,0.29,15.0,0.05,0.05,44.937799,1776164629000
1776164630.806,230.806,0.83,6.0,0.82,10.0,0.73,15.0,0.72,15.0,0.71,15.0,0.88,13.86,0.89,15.0,0.9,15.0,0.91,15.0,0.92,15.0,0.12,13.86,0.11,15.0,0.1,15.0,0.09,15.0,0.08,15.0,0.17,6.0,0.18,10.0,0.27,15.0,0.28,15.0,0.29,15.0,0.05,0.05,44.938979,1776164630000
1776164632.247,232.247,0.83,6.0,0.82,10.0,0.73,15.0,0.72,15.0,0.71,15.0,0.88,13.86,0.89,15.0,0.9,15.0,0.91,15.0,0.92,15.0,0.12,13.86,0.11,15.0,0.1,15.0,0.09,15.0,0.08,15.0,0.17,6.0,0.18,10.0,0.27,15.0,0.28,15.0,0.29,15.0,0.05,0.05,44.937781,1776164631000
1776164633.157,233.157,0.83,6.0,0.82,10.0,0.73,15.0,0.72,15.0,0.71,15.0,0.88,13.86,0.89,15.0,0.9,15.0,0.91,15.0,0.92,15.0,0.12,13.86,0.11,15.0,0.1,15.0,0.09,15.0,0.08,15.0,0.17,6.0,0.18,10.0,0.27,15.0,0.28,15.0,0.29,15.0,0.05,0.05,44.938715,1776164632000
1776164634.133,234.133,0.83,6.0,0.82,10.0,0.73,15.0,0.72,15.0,0.71,15.0,0.88,13.86,0.89,15.0,0.9,15.0,0.91,15.0,0.92,15.0,0.12,13.86,0.11,15.0,0.1,15.0,0.09,15.0,0.08,15.0,0.17,6.0,0.18,10.0,0.27,15.0,0.28,15.0,0.29,15.0,0.05,0.05,44.941901,1776164633000
1776164635.109,235.109,0.83,6.0,0.82,10.0,0.73,15.0,0.72,15.0,0.71,15.0,0.88,13.86,0.89,15.0,0.9,15.0,0.91,15.0,0.92,15.0,0.12,13.86,0.11,15.0,0.1,15.0,0.09,15.0,0.08,15.0,0.17,6.0,0.18,10.0,0.27,15.0,0.28,15.0,0.29,15.0,0.05,0.05,44.938995,1776164634000
1776164636.69,236.69,0.83,6.0,0.82,10.0,0.73,15.0,0.72,15.0,0.71,15.0,0.88,13.86,0.89,15.0,0.9,15.0,0.91,15.0,0.92,15.0,0.12,13.86,0.11,15.0,0.1,15.0,0.09,15.0,0.08,15.0,0.17,6.0,0.18,10.0,0.27,15.0,0.28,15.0,0.29,15.0,0.05,0.05,44.939898,1776164635000
1776164637.267,237.267,0.83,6.0,0.82,10.0,0.73,15.0,0.72,15.0,0.71,15.0,0.88,13.86,0.89,15.0,0.9,15.0,0.91,15.0,0.92,15.0,0.12,13.86,0.11,15.0,0.1,15.0,0.09,15.0,0.08,15.0,0.17,6.0,0.18,10.0,0.27,15.0,0.28,15.0,0.29,15.0,0.05,0.05,44.940831,1776164636000
1776164638.503,238.503,0.83,6.0,0.82,10.0,0.73,15.0,0.72,15.0,0.71,15.0,0.88,13.86,0.89,15.0,0.9,15.0,0.91,15.0,0.92,15.0,0.12,13.86,0.11,15.0,0.1,15.0,0.09,15.0,0.08,15.0,0.17,6.0,0.18,10.0,0.27,15.0,0.28,15.0,0.29,15.0,0.05,0.05,44.940844,1776164637000
1776164639.021,239.021,0.83,6.0,0.82,10.0,0.73,15.0,0.72,15.0,0.71,15.0,0.88,13.86,0.89,15.0,0.9,15.0,0.91,15.0,0.92,15.0,0.12,13.86,0.11,15.0,0.1,15.0,0.09,15.0,0.08,15.0,0.17,6.0,0.18,10.0,0.27,15.0,0.28,15.0,0.29,15.0,0.05,0.05,44.940844,1776164638000
1776164640.149,240.149,0.83,6.0,0.82,10.0,0.73,15.0,0.72,15.0,0.71,15.0,0.88,13.86,0.89,15.0,0.9,15.0,0.91,15.0,0.92,15.0,0.12,13.86,0.11,15.0,0.1,15.0,0.09,15.0,0.08,15.0,0.17,6.0,0.18,10.0,0.27,15.0,0.28,15.0,0.29,15.0,0.05,0.05,44.941116,1776164639000
1776164641.411,241.411,0.83,6.0,0.82,10.0,0.73,15.0,0.72,15.0,0.71,15.0,0.88,13.86,0.89,15.0,0.9,15.0,0.91,15.0,0.92,15.0,0.12,13.86,0.11,15.0,0.1,15.0,0.09,15.0,0.08,15.0,0.17,6.0,0.18,10.0,0.27,15.0,0.28,15.0,0.29,15.0,0.05,0.05,44.941156,1776164640000
1776164641.81,241.81,0.87,15.0,0.85,30.0,0.84,15.0,0.83,15.0,0.82,15.0,0.93,13.92,0.94,15.0,0.95,15.0,0.96,20.0,0.97,15.0,0.12,13.86,0.11,15.0,0.1,15.0,0.09,15.0,0.08,15.0,0.17,6.0,0.18,10.0,0.27,15.0,0.28,15.0,0.29,15.0,0.06,0.05,44.941156,1776164640000
1776164642.502,242.502,0.87,15.0,0.85,30.0,0.84,15.0,0.83,15.0,0.82,15.0,0.93,13.92,0.94,15.0,0.95,15.0,0.96,20.0,0.97,15.0,0.07,13.92,0.06,15.0,0.05,15.0,0.04,20.0,0.03,15.0,0.13,15.0,0.15,30.0,0.16,15.0,0.17,15.0,0.18,15.0,0.06,0.06,44.934208,1776164641000
1776164643.069,243.069,0.87,15.0,0.85,30.0,0.84,15.0,0.83,15.0,0.82,15.0,0.93,13.92,0.94,15.0,0.95,15.0,0.96,20.0,0.97,15.0,0.07,13.92,0.06,15.0,0.05,15.0,0.04,20.0,0.03,15.0,0.13,15.0,0.15,30.0,0.16,15.0,0.17,15.0,0.18,15.0,0.06,0.06,44.929718,1776164642000
1776164644.237,244.237,0.87,15.0,0.85,30.0,0.84,15.0,0.83,15.0,0.82,15.0,0.93,13.92,0.94,15.0,0.95,15.0,0.96,20.0,0.97,15.0,0.07,13.92,0.06,15.0,0.05,15.0,0.04,20.0,0.03,15.0,0.13,15.0,0.15,30.0,0.16,15.0,0.17,15.0,0.18,15.0,0.06,0.06,44.928037,1776164643000
1776164645.233,245.233,0.87,15.0,0.85,30.0,0.84,15.0,0.83,15.0,0.82,15.0,0.93,13.92,0.94,15.0,0.95,15.0,0.96,20.0,0.97,15.0,0.07,13.92,0.06,15.0,0.05,15.0,0.04,20.0,0.03,15.0,0.13,15.0,0.15,30.0,0.16,15.0,0.17,15.0,0.18,15.0,0.06,0.06,44.927154,1776164644000
1776164646.399,246.399,0.87,15.0,0.85,30.0,0.84,15.0,0.83,15.0,0.82,15.0,0.93,13.92,0.94,15.0,0.95,15.0,0.96,20.0,0.97,15.0,0.07,13.92,0.06,15.0,0.05,15.0,0.04,20.0,0.03,15.0,0.13,15.0,0.15,30.0,0.16,15.0,0.17,15.0,0.18,15.0,0.06,0.06,44.92685,1776164645000
1776164647.087,247.087,0.87,15.0,0.85,30.0,0.84,15.0,0.83,15.0,0.82,15.0,0.93,13.92,0.94,15.0,0.95,15.0,0.96,20.0,0.97,15.0,0.07,13.92,0.06,15.0,0.05,15.0,0.04,20.0,0.03,15.0,0.13,15.0,0.15,30.0,0.16,15.0,0.17,15.0,0.18,15.0,0.06,0.06,44.927361,1776164646000
1776164648.134,248.134,0.87,15.0,0.85,30.0,0.84,15.0,0.83,15.0,0.82,15.0,0.93,13.92,0.94,15.0,0.95,15.0,0.96,20.0,0.97,15.0,0.07,13.92,0.06,15.0,0.05,15.0,0.04,20.0,0.03,15.0,0.13,15.0,0.15,30.0,0.16,15.0,0.17,15.0,0.18,15.0,0.06,0.06,44.927666,1776164647000
1776164649.286,249.286,0.87,15.0,0.85,30.0,0.84,15.0,0.83,15.0,0.82,15.0,0.93,13.92,0.94,15.0,0.95,15.0,0.96,20.0,0.97,15.0,0.07,13.92,0.06,15.0,0.05,15.0,0.04,20.0,0.03,15.0,0.13,15.0,0.15,30.0,0.16,15.0,0.17,15.0,0.18,15.0,0.06,0.06,44.928365,1776164648000
1776164650.527,250.527,0.87,15.0,0.85,30.0,0.84,15.0,0.83,15.0,0.82,15.0,0.93,13.92,0.94,15.0,0.95,15.0,0.96,20.0,0.97,15.0,0.07,13.92,0.06,15.0,0.05,15.0,0.04,20.0,0.03,15.0,0.13,15.0,0.15,30.0,0.16,15.0,0.17,15.0,0.18,15.0,0.06,0.06,44.928285,1776164649000
1776164651.7,251.7,0.87,15.0,0.85,30.0,0.84,15.0,0.83,15.0,0.82,15.0,0.93,13.92,0.94,15.0,0.95,15.0,0.96,20.0,0.97,15.0,0.07,13.92,0.06,15.0,0.05,15.0,0.04,20.0,0.03,15.0,0.13,15.0,0.15,30.0,0.16,15.0,0.17,15.0,0.18,15.0,0.06,0.06,44.931652,1776164650000
1776164652.505,252.505,0.87,15.0,0.85,30.0,0.84,15.0,0.83,15.0,0.82,15.0,0.93,13.92,0.94,15.0,0.95,15.0,0.96,20.0,0.97,15.0,0.07,13.92,0.06,15.0,0.05,15.0,0.04,20.0,0.03,15.0,0.13,15.0,0.15,30.0,0.16,15.0,0.17,15.0,0.18,15.0,0.06,0.06,44.932446,1776164651000
1776164653.936,253.936,0.87,15.0,0.85,30.0,0.84,15.0,0.83,15.0,0.82,15.0,0.93,13.92,0.94,15.0,0.95,15.0,0.96,20.0,0.97,15.0,0.07,13.92,0.06,15.0,0.05,15.0,0.04,20.0,0.03,15.0,0.13,15.0,0.15,30.0,0.16,15.0,0.17,15.0,0.18,15.0,0.06,0.06,44.932462,1776164652000
1776164654.727,254.727,0.87,15.0,0.85,30.0,0.84,15.0,0.83,15.0,0.82,15.0,0.93,13.92,0.94,15.0,0.95,15.0,0.96,20.0,0.97,15.0,0.07,13.92,0.06,15.0,0.05,15.0,0.04,20.0,0.03,15.0,0.13,15.0,0.15,30.0,0.16,15.0,0.17,15.0,0.18,15.0,0.06,0.06,44.933591,1776164653000
1776164655.165,255.165,0.95,20.0,0.94,15.0,0.93,15.0,0.92,15.0,0.91,15.0,0.96,3.95,0.98,10.0,0.99,351.09,,,,,0.07,13.92,0.06,15.0,0.05,15.0,0.04,20.0,0.03,15.0,0.13,15.0,0.15,30.0,0.16,15.0,0.17,15.0,0.18,15.0,0.01,0.06,44.933591,1776164653000
1776164655.421,255.421,0.95,20.0,0.94,15.0,0.93,15.0,0.92,15.0,0.91,15.0,0.96,3.95,0.98,10.0,0.99,351.09,,,,,0.04,3.95,0.02,10.0,0.01,351.09,,,,,0.05,20.0,0.06,15.0,0.07,15.0,0.08,15.0,0.09,15.0,0.01,0.01,44.938161,1776164654000
1776164656.083,256.083,0.95,20.0,0.94,15.0,0.93,15.0,0.92,15.0,0.91,15.0,0.96,3.95,0.98,10.0,0.99,351.09,,,,,0.04,3.95,0.02,10.0,0.01,351.09,,,,,0.05,20.0,0.06,15.0,0.07,15.0,0.08,15.0,0.09,15.0,0.01,0.01,44.942688,1776164655000
1776164656.623,256.623,0.95,20.0,0.94,15.0,0.93,15.0,0.92,15.0,0.91,15.0,0.96,2.9,0.98,10.0,0.99,251.09,,,,,0.04,3.95,0.02,10.0,0.01,351.09,,,,,0.05,20.0,0.06,15.0,0.07,15.0,0.08,15.0,0.09,15.0,0.01,0.01,44.942688,1776164655000
1776164656.879,256.879,0.96,15.0,0.95,20.0,0.94,15.0,0.93,15.0,0.92,15.0,0.98,7.7,0.99,251.09,,,,,,,0.02,8.73,0.01,251.09,,,,,,,0.05,20.0,0.06,15.0,0.07,15.0,0.08,15.0,0.09,15.0,0.02,0.03,44.942688,1776164655000
1776164657.488,257.488,0.96,15.0,0.95,20.0,0.94,15.0,0.93,15.0,0.92,15.0,0.98,6.67,0.99,251.09,,,,,,,0.02,6.67,0.01,251.09,,,,,,,0.04,15.0,0.05,20.0,0.06,15.0,0.07,15.0,0.08,15.0,0.02,0.02,44.943469,1776164656000
1776164658.095,258.095,0.97,15.0,0.96,20.0,0.95,20.0,0.94,15.0,0.93,15.0,0.98,4.63,0.99,251.09,,,,,,,0.02,4.63,0.01,251.09,,,,,,,0.03,15.0,0.04,20.0,0.05,20.0,0.06,15.0,0.07,15.0,0.01,0.01,44.944386,1776164657000
1776164659.594,259.594,0.97,15.0,0.96,20.0,0.95,20.0,0.94,15.0,0.93,15.0,0.98,4.63,0.99,251.09,,,,,,,0.02,4.63,0.01,251.09,,,,,,,0.03,15.0,0.04,20.0,0.05,20.0,0.06,15.0,0.07,15.0,0.01,0.01,44.945561,1776164658000
1776164660.264,260.264,0.97,15.0,0.96,20.0,0.95,20.0,0.94,15.0,0.93,15.0,0.98,4.63,0.99,251.09,,,,,,,0.02,4.63,0.01,251.09,,,,,,,0.03,15.0,0.04,20.0,0.05,20.0,0.06,15.0,0.07,15.0,0.01,0.01,44.945214,1776164659000
1776164661.497,261.497,0.97,15.0,0.96,20.0,0.95,20.0,0.94,15.0,0.93,15.0,0.98,4.63,0.99,251.09,,,,,,,0.02,4.63,0.01,251.09,,,,,,,0.03,15.0,0.04,20.0,0.05,20.0,0.06,15.0,0.07,15.0,0.01,0.01,44.9489,1776164660000
1776164662.197,262.197,0.97,15.0,0.96,20.0,0.95,20.0,0.94,15.0,0.93,15.0,0.98,4.63,0.99,251.09,,,,,,,0.02,4.63,0.01,251.09,,,,,,,0.03,15.0,0.04,20.0,0.05,20.0,0.06,15.0,0.07,15.0,0.01,0.01,44.9489,1776164661000
1776164663.413,263.413,0.97,15.0,0.96,20.0,0.95,15.0,0.94,15.0,0.93,15.0,0.99,243.96,,,,,,,,,0.02,0.55,0.01,251.09,,,,,,,0.04,20.0,0.05,15.0,0.06,15.0,0.07,15.0,0.08,15.0,0.02,0.02,44.9489,1776164661000
1776164664.397,264.397,0.97,15.0,0.96,20.0,0.95,15.0,0.94,15.0,0.93,15.0,0.99,243.96,,,,,,,,,0.01,243.96,,,,,,,,,0.03,15.0,0.04,20.0,0.05,15.0,0.06,15.0,0.07,15.0,0.02,0.02,44.947637,1776164663000
1776164665.113,265.113,0.97,15.0,0.96,20.0,0.95,15.0,0.94,15.0,0.93,15.0,0.99,243.96,,,,,,,,,0.01,243.96,,,,,,,,,0.03,15.0,0.04,20.0,0.05,15.0,0.06,15.0,0.07,15.0,0.02,0.02,44.942676,1776164664000
1776164666.525,266.525,0.97,15.0,0.96,20.0,0.95,15.0,0.94,15.0,0.93,15.0,0.99,243.96,,,,,,,,,0.01,243.96,,,,,,,,,0.03,15.0,0.04,20.0,0.05,15.0,0.06,15.0,0.07,15.0,0.02,0.02,44.942403,1776164665000
1776164667.341,267.341,0.97,15.0,0.96,20.0,0.95,15.0,0.94,15.0,0.93,15.0,0.99,243.96,,,,,,,,,0.01,243.96,,,,,,,,,0.03,15.0,0.04,20.0,0.05,15.0,0.06,15.0,0.07,15.0,0.02,0.02,44.942312,1776164666000
1776164668.602,268.602,0.98,20.0,0.97,20.0,0.96,20.0,0.95,15.0,0.94,15.0,0.99,198.96,,,,,,,,,0.01,243.96,,,,,,,,,0.03,15.0,0.04,20.0,0.05,15.0,0.06,15.0,0.07,15.0,0.01,0.02,44.942312,1776164666000
1776164669.38,269.38,0.98,20.0,0.97,20.0,0.96,20.0,0.95,15.0,0.94,15.0,0.99,198.96,,,,,,,,,0.01,198.96,,,,,,,,,0.02,20.0,0.03,20.0,0.04,20.0,0.05,15.0,0.06,15.0,0.01,0.01,44.941317,1776164668000
1776164670.377,270.377,0.98,20.0,0.97,20.0,0.96,20.0,0.95,15.0,0.94,15.0,0.99,198.96,,,,,,,,,0.01,198.96,,,,,,,,,0.02,20.0,0.03,20.0,0.04,20.0,0.05,15.0,0.06,15.0,0.01,0.01,44.942406,1776164669000
1776164670.648,270.648,0.98,5.0,0.97,5.0,0.96,5.0,0.9,10.0,0.87,20.0,0.99,188.71,,,,,,,,,0.01,193.76,,,,,,,,,0.02,5.0,0.03,5.0,0.04,5.0,0.1,10.0,0.13,20.0,0.01,0.01,44.942406,1776164669000
1776164670.883,270.883,0.98,5.0,0.97,5.0,0.96,5.0,0.9,10.0,0.87,20.0,0.99,188.71,,,,,,,,,0.01,188.71,,,,,,,,,0.02,5.0,0.03,5.0,0.04,5.0,0.1,10.0,0.13,20.0,0.01,0.01,44.942403,1776164670000
1776164672.029,272.029,0.98,5.0,0.97,5.0,0.96,5.0,0.9,10.0,0.87,20.0,0.99,186.68,,,,,,,,,0.01,186.68,,,,,,,,,0.02,5.0,0.03,5.0,0.04,5.0,0.1,10.0,0.13,20.0,0.01,0.01,44.938318,1776164671000
1776164673.121,273.121,0.98,5.0,0.97,5.0,0.96,5.0,0.9,10.0,0.87,20.0,0.99,186.68,,,,,,,,,0.01,186.68,,,,,,,,,0.02,5.0,0.03,5.0,0.04,5.0,0.1,10.0,0.13,20.0,0.01,0.01,44.931724,1776164672000
1776164674.078,274.078,0.98,5.0,0.97,5.0,0.96,5.0,0.9,10.0,0.89,15.0,0.99,185.66,,,,,,,,,0.01,186.68,,,,,,,,,0.02,5.0,0.03,5.0,0.04,5.0,0.1,10.0,0.13,20.0,0.01,0.01,44.931724,1776164672000
1776164674.485,274.485,0.98,5.0,0.97,5.0,0.96,5.0,0.9,10.0,0.89,15.0,0.99,185.66,,,,,,,,,0.01,185.66,,,,,,,,,0.02,5.0,0.03,5.0,0.04,5.0,0.1,10.0,0.11,15.0,0.01,0.01,44.930697,1776164673000
1776164674.863,274.863,0.98,5.0,0.97,5.0,0.96,5.0,0.9,10.0,0.89,15.0,0.99,185.66,,,,,,,,,0.01,185.66,,,,,,,,,0.02,5.0,0.03,5.0,0.04,5.0,0.1,10.0,0.11,15.0,0.01,0.01,44.931302,1776164674000
1776164676.024,276.024,0.98,5.0,0.97,5.0,0.96,5.0,0.9,10.0,0.89,15.0,0.99,185.66,,,,,,,,,0.01,185.66,,,,,,,,,0.02,5.0,0.03,5.0,0.04,5.0,0.1,10.0,0.11,15.0,0.01,0.01,44.930208,1776164675000
1776164676.869,276.869,0.99,829.34,0.98,5.0,0.97,5.0,0.96,5.0,0.9,10.0,,,,,,,,,,,0.01,185.66,,,,,,,,,0.02,5.0,0.03,5.0,0.04,5.0,0.1,10.0,0.11,15.0,,0.01,44.930208,1776164675000
1776164677.102,277.102,0.99,829.34,0.98,5.0,0.97,5.0,0.96,5.0,0.9,10.0,,,,,,,,,,,,,,,,,,,,,0.01,829.34,0.02,5.0,0.03,5.0,0.04,5.0,0.1,10.0,,,44.931526,1776164676000
1776164678.254,278.254,0.99,829.34,0.98,5.0,0.97,5.0,0.96,5.0,0.9,10.0,,,,,,,,,,,,,,,,,,,,,0.01,829.34,0.02,5.0,0.03,5.0,0.04,5.0,0.1,10.0,,,44.93521,1776164677000
1776164679.458,279.458,0.99,829.34,0.98,5.0,0.97,5.0,0.96,5.0,0.9,10.0,,,,,,,,,,,,,,,,,,,,,0.01,829.34,0.02,5.0,0.03,5.0,0.04,5.0,0.1,10.0,,,44.937008,1776164678000
1776164680.041,280.041,0.99,829.34,0.98,5.0,0.97,5.0,0.96,5.0,0.9,10.0,,,,,,,,,,,,,,,,,,,,,0.01,829.34,0.02,5.0,0.03,5.0,0.04,5.0,0.1,10.0,,,44.938924,1776164679000
1776164681.227,281.227,0.99,829.34,0.98,5.0,0.97,5.0,0.96,5.0,0.9,10.0,,,,,,,,,,,,,,,,,,,,,0.01,829.34,0.02,5.0,0.03,5.0,0.04,5.0,0.1,10.0,,,44.941304,1776164680000
1776164682.256,282.256,0.99,829.34,0.98,5.0,0.97,5.0,0.96,5.0,0.9,10.0,,,,,,,,,,,,,,,,,,,,,0.01,829.34,0.02,5.0,0.03,5.0,0.04,5.0,0.1,10.0,,,44.941706,1776164681000
1776164683.552,283.552,0.99,829.34,0.98,5.0,0.97,5.0,0.96,5.0,0.9,10.0,,,,,,,,,,,,,,,,,,,,,0.01,829.34,0.02,5.0,0.03,5.0,0.04,5.0,0.1,10.0,,,44.941705,1776164682000
1776164684.07,284.07,0.99,829.34,0.98,5.0,0.97,5.0,0.96,5.0,0.9,10.0,,,,,,,,,,,,,,,,,,,,,0.01,829.34,0.02,5.0,0.03,5.0,0.04,5.0,0.1,10.0,,,44.941705,1776164683000
1776164685.52,285.52,0.99,829.34,0.98,5.0,0.97,5.0,0.96,5.0,0.9,10.0,,,,,,,,,,,,,,,,,,,,,0.01,829.34,0.02,5.0,0.03,5.0,0.04,5.0,0.1,10.0,,,44.941584,1776164684000
1776164686.255,286.255,0.99,829.34,0.98,5.0,0.97,5.0,0.96,5.0,0.9,10.0,,,,,,,,,,,,,,,,,,,,,0.01,829.34,0.02,5.0,0.03,5.0,0.04,5.0,0.1,10.0,,,44.942159,1776164685000
1776164687.783,287.783,0.99,829.34,0.98,5.0,0.97,5.0,0.96,5.0,0.9,10.0,,,,,,,,,,,,,,,,,,,,,0.01,829.34,0.02,5.0,0.03,5.0,0.04,5.0,0.1,10.0,,,44.942098,1776164686000
1776164688.638,288.638,0.99,829.34,0.98,5.0,0.97,5.0,0.96,5.0,0.9,10.0,,,,,,,,,,,,,,,,,,,,,0.01,829.34,0.02,5.0,0.03,5.0,0.04,5.0,0.1,10.0,,,44.941817,1776164687000
1776164689.233,289.233,0.99,829.34,0.98,5.0,0.97,5.0,0.96,5.0,0.9,10.0,,,,,,,,,,,,,,,,,,,,,0.01,829.34,0.02,5.0,0.03,5.0,0.04,5.0,0.1,10.0,,,44.941486,1776164688000
1776164690.781,290.781,0.99,829.34,0.98,5.0,0.97,5.0,0.96,5.0,0.9,10.0,,,,,,,,,,,,,,,,,,,,,0.01,829.34,0.02,5.0,0.03,5.0,0.04,5.0,0.1,10.0,,,44.939683,1776164689000
1776164691.555,291.555,0.99,829.34,0.98,5.0,0.97,5.0,0.96,5.0,0.9,10.0,,,,,,,,,,,,,,,,,,,,,0.01,829.34,0.02,5.0,0.03,5.0,0.04,5.0,0.1,10.0,,,44.939167,1776164690000
1776164692.305,292.305,0.99,829.34,0.98,5.0,0.97,5.0,0.96,5.0,0.9,10.0,,,,,,,,,,,,,,,,,,,,,0.01,829.34,0.02,5.0,0.03,5.0,0.04,5.0,0.1,10.0,,,44.938558,1776164691000
1776164693.713,293.713,0.99,829.34,0.98,5.0,0.97,5.0,0.96,5.0,0.9,10.0,,,,,,,,,,,,,,,,,,,,,0.01,829.34,0.02,5.0,0.03,5.0,0.04,5.0,0.1,10.0,,,44.938386,1776164692000
1776164694.435,294.435,0.99,829.34,0.98,5.0,0.97,5.0,0.96,5.0,0.9,10.0,,,,,,,,,,,,,,,,,,,,,0.01,829.34,0.02,5.0,0.03,5.0,0.04,5.0,0.1,10.0,,,44.938452,1776164693000
1776164695.108,295.108,0.99,829.34,0.98,5.0,0.97,5.0,0.96,5.0,0.9,10.0,,,,,,,,,,,,,,,,,,,,,0.01,829.34,0.02,5.0,0.03,5.0,0.04,5.0,0.1,10.0,,,44.936013,1776164694000
1776164696.42,296.42,0.99,829.34,0.98,5.0,0.97,5.0,0.96,5.0,0.9,10.0,,,,,,,,,,,,,,,,,,,,,0.01,829.34,0.02,5.0,0.03,5.0,0.04,5.0,0.1,10.0,,,44.936013,1776164695000
1776164697.241,297.241,0.99,829.34,0.98,5.0,0.97,5.0,0.96,5.0,0.9,10.0,,,,,,,,,,,,,,,,,,,,,0.01,829.34,0.02,5.0,0.03,5.0,0.04,5.0,0.1,10.0,,,44.936013,1776164696000
1776164698.635,298.635,0.99,829.34,0.98,5.0,0.97,5.0,0.96,5.0,0.9,10.0,,,,,,,,,,,,,,,,,,,,,0.01,829.34,0.02,5.0,0.03,5.0,0.04,5.0,0.1,10.0,,,44.935081,1776164697000
1776164699.524,299.524,0.99,829.34,0.98,5.0,0.97,5.0,0.96,5.0,0.9,10.0,,,,,,,,,,,,,,,,,,,,,0.01,829.34,0.02,5.0,0.03,5.0,0.04,5.0,0.1,10.0,,,44.935618,1776164698000
1776164700.875,300.875,0.99,829.34,0.98,5.0,0.97,5.0,0.96,5.0,0.9,10.0,,,,,,,,,,,,,,,,,,,,,0.01,829.34,0.02,5.0,0.03,5.0,0.04,5.0,0.1,10.0,,,44.937368,1776164699000
1776164701.654,301.654,0.99,829.34,0.98,5.0,0.97,5.0,0.96,5.0,0.9,10.0,,,,,,,,,,,,,,,,,,,,,0.01,829.34,0.02,5.0,0.03,5.0,0.04,5.0,0.1,10.0,,,44.938156,1776164700000
1776164702.453,302.453,0.99,829.34,0.98,5.0,0.97,5.0,0.96,5.0,0.9,10.0,,,,,,,,,,,,,,,,,,,,,0.01,829.34,0.02,5.0,0.03,5.0,0.04,5.0,0.1,10.0,,,44.938156,1776164701000

# RESULT,winner=Up,slug=hype-updown-5m-1776164400,ticks=311
