timestamp,elapsed_sec,up_bid_p1,up_bid_s1,up_bid_p2,up_bid_s2,up_ask_p1,up_ask_s1,up_ask_p2,up_ask_s2,down_bid_p1,down_bid_s1,down_bid_p2,down_bid_s2,down_ask_p1,down_ask_s1,down_ask_p2,down_ask_s2,up_spread,down_spread,hype_price,hype_oracle_ts
1776217811.215,11.215,,,,,,,,,,,,,,,,,,,44.240416,1776217810000
1776217811.419,11.419,0.38,10.0,0.34,5.0,0.51,160.0,0.55,10.0,0.49,160.0,0.45,10.0,0.62,10.0,0.66,5.0,0.13,0.13,44.240416,1776217810000
1776217811.755,11.755,0.38,10.0,0.34,5.0,0.51,160.0,0.55,10.0,0.49,160.0,0.45,10.0,0.62,10.0,0.66,5.0,0.13,0.13,44.240416,1776217810000
1776217812.224,12.224,0.38,10.0,0.34,5.0,0.51,160.0,0.55,10.0,0.49,160.0,0.45,10.0,0.62,10.0,0.66,5.0,0.13,0.13,44.240416,1776217811000
1776217813.283,13.283,0.38,10.0,0.34,5.0,0.51,160.0,0.55,10.0,0.49,160.0,0.45,10.0,0.62,10.0,0.66,5.0,0.13,0.13,44.240416,1776217812000
1776217814.325,14.325,0.38,10.0,0.34,5.0,0.51,160.0,0.55,10.0,0.49,160.0,0.45,10.0,0.62,10.0,0.66,5.0,0.13,0.13,44.240229,1776217813000
1776217814.859,14.859,0.38,10.0,0.34,5.0,0.51,160.0,0.55,10.0,0.49,160.0,0.45,10.0,0.62,10.0,0.66,5.0,0.13,0.13,44.240229,1776217814000
1776217815.854,15.854,0.38,10.0,0.34,5.0,0.51,160.0,0.55,10.0,0.49,160.0,0.45,10.0,0.62,10.0,0.66,5.0,0.13,0.13,44.240229,1776217815000
1776217816.878,16.878,0.38,10.0,0.34,5.0,0.51,160.0,0.55,10.0,0.49,160.0,0.45,10.0,0.62,10.0,0.66,5.0,0.13,0.13,44.240126,1776217816000
1776217817.901,17.901,0.38,10.0,0.34,5.0,0.51,160.0,0.55,10.0,0.49,160.0,0.45,10.0,0.62,10.0,0.66,5.0,0.13,0.13,44.236515,1776217817000
1776217818.822,18.822,0.38,10.0,0.34,5.0,0.51,160.0,0.55,10.0,0.49,160.0,0.45,10.0,0.62,10.0,0.66,5.0,0.13,0.13,44.236063,1776217818000
1776217820.337,20.337,0.38,10.0,0.34,5.0,0.51,160.0,0.55,10.0,0.49,160.0,0.45,10.0,0.62,10.0,0.66,5.0,0.13,0.13,44.23476,1776217819000
1776217821.802,21.802,0.38,10.0,0.34,5.0,0.51,160.0,0.55,10.0,0.49,160.0,0.45,10.0,0.62,10.0,0.66,5.0,0.13,0.13,44.234714,1776217820000
1776217822.093,22.093,0.38,10.0,0.34,5.0,0.51,160.0,0.55,10.0,0.49,160.0,0.45,10.0,0.62,10.0,0.66,5.0,0.13,0.13,44.22294,1776217821000
1776217823.092,23.092,0.38,10.0,0.34,5.0,0.51,160.0,0.55,10.0,0.49,160.0,0.45,10.0,0.62,10.0,0.66,5.0,0.13,0.13,44.216209,1776217822000
1776217823.996,23.996,0.38,10.0,0.34,5.0,0.51,160.0,0.55,10.0,0.49,160.0,0.45,10.0,0.62,10.0,0.66,5.0,0.13,0.13,44.213201,1776217823000
1776217824.961,24.961,0.38,10.0,0.34,5.0,0.51,160.0,0.55,10.0,0.49,160.0,0.45,10.0,0.62,10.0,0.66,5.0,0.13,0.13,44.213397,1776217824000
1776217825.917,25.917,0.38,10.0,0.34,5.0,0.51,160.0,0.55,10.0,0.49,160.0,0.45,10.0,0.62,10.0,0.66,5.0,0.13,0.13,44.210545,1776217825000
1776217826.861,26.861,0.38,10.0,0.34,5.0,0.51,160.0,0.55,10.0,0.49,160.0,0.45,10.0,0.62,10.0,0.66,5.0,0.13,0.13,44.206856,1776217826000
1776217827.822,27.822,0.38,10.0,0.34,5.0,0.51,160.0,0.55,10.0,0.49,160.0,0.45,10.0,0.62,10.0,0.66,5.0,0.13,0.13,44.206845,1776217827000
1776217829.264,29.264,0.38,10.0,0.34,5.0,0.51,160.0,0.55,10.0,0.49,160.0,0.45,10.0,0.62,10.0,0.66,5.0,0.13,0.13,44.208774,1776217828000
1776217830.234,30.234,0.38,10.0,0.34,5.0,0.51,160.0,0.55,10.0,0.49,160.0,0.45,10.0,0.62,10.0,0.66,5.0,0.13,0.13,44.211253,1776217829000
1776217831.225,31.225,0.38,10.0,0.34,5.0,0.51,160.0,0.55,10.0,0.49,160.0,0.45,10.0,0.62,10.0,0.66,5.0,0.13,0.13,44.211459,1776217830000
1776217832.196,32.196,0.38,10.0,0.34,5.0,0.51,160.0,0.55,10.0,0.49,160.0,0.45,10.0,0.62,10.0,0.66,5.0,0.13,0.13,44.211457,1776217831000
1776217833.075,33.075,0.38,10.0,0.34,5.0,0.51,160.0,0.55,10.0,0.49,160.0,0.45,10.0,0.62,10.0,0.66,5.0,0.13,0.13,44.211352,1776217832000
1776217834.177,34.177,0.38,10.0,0.34,5.0,0.51,160.0,0.55,10.0,0.49,160.0,0.45,10.0,0.62,10.0,0.66,5.0,0.13,0.13,44.211351,1776217833000
1776217835.193,35.193,0.38,10.0,0.34,5.0,0.51,160.0,0.55,10.0,0.49,160.0,0.45,10.0,0.62,10.0,0.66,5.0,0.13,0.13,44.212967,1776217834000
1776217836.168,36.168,0.38,10.0,0.34,5.0,0.51,160.0,0.55,10.0,0.49,160.0,0.45,10.0,0.62,10.0,0.66,5.0,0.13,0.13,44.214131,1776217835000
1776217837.632,37.632,0.38,10.0,0.34,5.0,0.51,160.0,0.55,10.0,0.49,160.0,0.45,10.0,0.62,10.0,0.66,5.0,0.13,0.13,44.21797,1776217836000
1776217838.31,38.31,0.38,10.0,0.34,5.0,0.51,160.0,0.55,10.0,0.49,160.0,0.45,10.0,0.62,10.0,0.66,5.0,0.13,0.13,44.218279,1776217837000
1776217839.47,39.47,0.38,10.0,0.34,5.0,0.51,160.0,0.55,10.0,0.49,160.0,0.45,10.0,0.62,10.0,0.66,5.0,0.13,0.13,44.218751,1776217838000
1776217840.095,40.095,0.38,10.0,0.34,5.0,0.51,160.0,0.55,10.0,0.49,160.0,0.45,10.0,0.62,10.0,0.66,5.0,0.13,0.13,44.218897,1776217839000
1776217841.096,41.096,0.38,10.0,0.34,5.0,0.51,160.0,0.55,10.0,0.49,160.0,0.45,10.0,0.62,10.0,0.66,5.0,0.13,0.13,44.218667,1776217840000
1776217842.535,42.535,0.38,10.0,0.34,5.0,0.51,160.0,0.55,10.0,0.49,160.0,0.45,10.0,0.62,10.0,0.66,5.0,0.13,0.13,44.218755,1776217841000
1776217843.066,43.066,0.38,10.0,0.34,5.0,0.51,160.0,0.55,10.0,0.49,160.0,0.45,10.0,0.62,10.0,0.66,5.0,0.13,0.13,44.218755,1776217842000
1776217844.2,44.2,0.38,10.0,0.34,5.0,0.51,160.0,0.55,10.0,0.49,160.0,0.45,10.0,0.62,10.0,0.66,5.0,0.13,0.13,44.218724,1776217843000
1776217845.427,45.427,0.38,10.0,0.34,5.0,0.51,160.0,0.55,10.0,0.49,160.0,0.45,10.0,0.62,10.0,0.66,5.0,0.13,0.13,44.218519,1776217844000
1776217846.048,46.048,0.38,10.0,0.34,5.0,0.51,160.0,0.55,10.0,0.49,160.0,0.45,10.0,0.62,10.0,0.66,5.0,0.13,0.13,44.218338,1776217845000
1776217847.274,47.274,0.38,10.0,0.34,5.0,0.51,160.0,0.55,10.0,0.49,160.0,0.45,10.0,0.62,10.0,0.66,5.0,0.13,0.13,44.218236,1776217846000
1776217848.438,48.438,0.38,10.0,0.34,5.0,0.51,160.0,0.55,10.0,0.49,160.0,0.45,10.0,0.62,10.0,0.66,5.0,0.13,0.13,44.216098,1776217847000
1776217849.451,49.451,0.38,10.0,0.34,5.0,0.51,160.0,0.55,10.0,0.49,160.0,0.45,10.0,0.62,10.0,0.66,5.0,0.13,0.13,44.216098,1776217848000
1776217850.038,50.038,0.38,10.0,0.34,5.0,0.51,160.0,0.55,10.0,0.49,160.0,0.45,10.0,0.62,10.0,0.66,5.0,0.13,0.13,44.21849,1776217849000
1776217850.982,50.982,0.38,10.0,0.34,5.0,0.51,160.0,0.55,10.0,0.49,160.0,0.45,10.0,0.62,10.0,0.66,5.0,0.13,0.13,44.218214,1776217850000
1776217851.932,51.932,0.38,10.0,0.34,5.0,0.51,160.0,0.55,10.0,0.49,160.0,0.45,10.0,0.62,10.0,0.66,5.0,0.13,0.13,44.213609,1776217851000
1776217852.942,52.942,0.38,10.0,0.34,5.0,0.51,160.0,0.55,10.0,0.49,160.0,0.45,10.0,0.62,10.0,0.66,5.0,0.13,0.13,44.208788,1776217852000
1776217853.884,53.884,0.38,10.0,0.34,5.0,0.51,160.0,0.55,10.0,0.49,160.0,0.45,10.0,0.62,10.0,0.66,5.0,0.13,0.13,44.204606,1776217853000
1776217854.892,54.892,0.38,10.0,0.34,5.0,0.51,160.0,0.55,10.0,0.49,160.0,0.45,10.0,0.62,10.0,0.66,5.0,0.13,0.13,44.202678,1776217854000
1776217855.962,55.962,0.38,10.0,0.34,5.0,0.51,160.0,0.55,10.0,0.49,160.0,0.45,10.0,0.62,10.0,0.66,5.0,0.13,0.13,44.203139,1776217855000
1776217856.964,56.964,0.38,10.0,0.34,5.0,0.51,160.0,0.55,10.0,0.49,160.0,0.45,10.0,0.62,10.0,0.66,5.0,0.13,0.13,44.200427,1776217856000
1776217857.933,57.933,0.38,10.0,0.34,5.0,0.51,160.0,0.55,10.0,0.49,160.0,0.45,10.0,0.62,10.0,0.66,5.0,0.13,0.13,44.201273,1776217857000
1776217859.042,59.042,0.38,10.0,0.34,5.0,0.51,160.0,0.55,10.0,0.49,160.0,0.45,10.0,0.62,10.0,0.66,5.0,0.13,0.13,44.198011,1776217858000
1776217860.043,60.043,0.38,10.0,0.34,5.0,0.51,160.0,0.55,10.0,0.49,160.0,0.45,10.0,0.62,10.0,0.66,5.0,0.13,0.13,44.196829,1776217859000
1776217861.202,61.202,0.38,10.0,0.34,5.0,0.51,160.0,0.55,10.0,0.49,160.0,0.45,10.0,0.62,10.0,0.66,5.0,0.13,0.13,44.196783,1776217860000
1776217862.771,62.771,0.38,10.0,0.34,5.0,0.51,160.0,0.55,10.0,0.49,160.0,0.45,10.0,0.62,10.0,0.66,5.0,0.13,0.13,44.193938,1776217861000
1776217863.436,63.436,0.38,10.0,0.34,5.0,0.51,160.0,0.55,10.0,0.49,160.0,0.45,10.0,0.62,10.0,0.66,5.0,0.13,0.13,44.194155,1776217862000
1776217864.343,64.343,0.38,10.0,0.34,5.0,0.51,160.0,0.55,10.0,0.49,160.0,0.45,10.0,0.62,10.0,0.66,5.0,0.13,0.13,44.194483,1776217863000
1776217865.344,65.344,0.38,10.0,0.34,5.0,0.51,160.0,0.55,10.0,0.49,160.0,0.45,10.0,0.62,10.0,0.66,5.0,0.13,0.13,44.195254,1776217864000
1776217865.879,65.879,0.38,10.0,0.34,5.0,0.51,160.0,0.55,10.0,0.49,160.0,0.45,10.0,0.62,10.0,0.66,5.0,0.13,0.13,44.195254,1776217865000
1776217866.935,66.935,0.38,10.0,0.34,5.0,0.51,160.0,0.55,10.0,0.49,160.0,0.45,10.0,0.62,10.0,0.66,5.0,0.13,0.13,44.195045,1776217866000
1776217867.982,67.982,0.38,10.0,0.34,5.0,0.51,160.0,0.55,10.0,0.49,160.0,0.45,10.0,0.62,10.0,0.66,5.0,0.13,0.13,44.194862,1776217867000
1776217869.118,69.118,0.38,10.0,0.34,5.0,0.51,160.0,0.55,10.0,0.49,160.0,0.45,10.0,0.62,10.0,0.66,5.0,0.13,0.13,44.19454,1776217868000
1776217870.187,70.187,0.38,10.0,0.34,5.0,0.51,160.0,0.55,10.0,0.49,160.0,0.45,10.0,0.62,10.0,0.66,5.0,0.13,0.13,44.19446,1776217869000
1776217871.281,71.281,0.38,10.0,0.34,5.0,0.51,160.0,0.55,10.0,0.49,160.0,0.45,10.0,0.62,10.0,0.66,5.0,0.13,0.13,44.192229,1776217870000
1776217872.325,72.325,0.38,10.0,0.34,5.0,0.51,160.0,0.55,10.0,0.49,160.0,0.45,10.0,0.62,10.0,0.66,5.0,0.13,0.13,44.192714,1776217871000
1776217873.322,73.322,0.15,15.0,0.14,15.0,0.2,4.35,0.25,15.0,0.49,160.0,0.45,10.0,0.62,10.0,0.66,5.0,0.05,0.13,44.192714,1776217871000
1776217874.008,74.008,0.15,15.0,0.14,15.0,0.2,4.35,0.25,15.0,0.8,4.35,0.75,15.0,0.85,15.0,0.86,15.0,0.05,0.05,44.190032,1776217873000
1776217875.085,75.085,0.15,15.0,0.14,15.0,0.2,4.35,0.25,15.0,0.8,4.35,0.75,15.0,0.85,15.0,0.86,15.0,0.05,0.05,44.178399,1776217874000
1776217876.762,76.762,0.15,15.0,0.14,15.0,0.2,4.35,0.25,15.0,0.8,4.35,0.75,15.0,0.85,15.0,0.86,15.0,0.05,0.05,44.165469,1776217875000
1776217877.365,77.365,0.15,15.0,0.14,15.0,0.2,4.35,0.25,15.0,0.8,4.35,0.75,15.0,0.85,15.0,0.86,15.0,0.05,0.05,44.162471,1776217876000
1776217878.438,78.438,0.15,15.0,0.14,15.0,0.2,4.35,0.25,15.0,0.8,4.35,0.75,15.0,0.85,15.0,0.86,15.0,0.05,0.05,44.16181,1776217877000
1776217879.126,79.126,0.15,15.0,0.14,15.0,0.2,4.35,0.25,15.0,0.8,4.35,0.75,15.0,0.85,15.0,0.86,15.0,0.05,0.05,44.160849,1776217878000
1776217880.335,80.335,0.15,15.0,0.14,15.0,0.2,4.35,0.25,15.0,0.8,4.35,0.75,15.0,0.85,15.0,0.86,15.0,0.05,0.05,44.158936,1776217879000
1776217881.553,81.553,0.15,15.0,0.14,15.0,0.2,4.35,0.25,15.0,0.8,4.35,0.75,15.0,0.85,15.0,0.86,15.0,0.05,0.05,44.160026,1776217880000
1776217882.245,82.245,0.15,15.0,0.14,15.0,0.2,4.35,0.25,15.0,0.8,4.35,0.75,15.0,0.85,15.0,0.86,15.0,0.05,0.05,44.160026,1776217881000
1776217883.439,83.439,0.15,15.0,0.14,15.0,0.2,4.35,0.25,15.0,0.8,4.35,0.75,15.0,0.85,15.0,0.86,15.0,0.05,0.05,44.165365,1776217882000
1776217883.992,83.992,0.15,15.0,0.14,15.0,0.2,4.35,0.25,15.0,0.8,4.35,0.75,15.0,0.85,15.0,0.86,15.0,0.05,0.05,44.175101,1776217883000
1776217885.254,85.254,0.15,15.0,0.14,15.0,0.2,4.35,0.25,15.0,0.8,4.35,0.75,15.0,0.85,15.0,0.86,15.0,0.05,0.05,44.18104,1776217884000
1776217886.313,86.313,0.15,15.0,0.14,15.0,0.2,4.35,0.25,15.0,0.8,4.35,0.75,15.0,0.85,15.0,0.86,15.0,0.05,0.05,44.180718,1776217885000
1776217887.341,87.341,0.15,15.0,0.14,15.0,0.2,4.35,0.25,15.0,0.8,4.35,0.75,15.0,0.85,15.0,0.86,15.0,0.05,0.05,44.187891,1776217886000
1776217887.89,87.89,0.15,15.0,0.14,15.0,0.2,4.35,0.25,15.0,0.8,4.35,0.75,15.0,0.85,15.0,0.86,15.0,0.05,0.05,44.187891,1776217887000
1776217889.06,89.06,0.15,15.0,0.14,15.0,0.2,4.35,0.25,15.0,0.8,4.35,0.75,15.0,0.85,15.0,0.86,15.0,0.05,0.05,44.190473,1776217888000
1776217889.353,89.353,0.44,10.0,0.31,44.0,0.45,1.4,0.51,160.0,0.8,4.35,0.75,15.0,0.85,15.0,0.86,15.0,0.01,0.05,44.190473,1776217888000
1776217890.024,90.024,0.46,8.6,0.38,45.0,0.51,160.0,0.63,10.0,0.55,1.4,0.49,160.0,0.56,10.0,0.69,44.0,0.05,0.01,44.190473,1776217888000
1776217890.369,90.369,0.4,5.0,0.26,15.0,0.51,150.0,0.65,15.0,0.49,160.0,0.37,10.0,0.54,8.6,0.62,45.0,0.11,0.05,44.197267,1776217889000
1776217891.375,91.375,0.39,49.0,0.35,6.0,0.51,144.17,0.75,15.0,0.49,150.0,0.35,15.0,0.6,5.0,0.74,15.0,0.12,0.11,44.197267,1776217889000
1776217891.766,91.766,0.5,24.9,0.49,5.0,0.51,134.17,0.73,5.0,0.49,134.17,0.25,15.0,0.51,5.0,0.61,49.0,0.01,0.02,44.222261,1776217890000
1776217892.16,92.16,0.5,29.9,0.49,5.0,0.51,114.17,0.73,15.0,0.49,124.17,0.27,5.0,0.5,24.9,0.51,5.0,0.01,0.01,44.222261,1776217890000
1776217893.065,93.065,0.5,29.9,0.49,5.0,0.51,114.17,0.73,15.0,0.49,114.17,0.27,15.0,0.5,29.9,0.51,5.0,0.01,0.01,44.250006,1776217892000
1776217894.204,94.204,0.5,29.9,0.49,5.0,0.51,114.17,0.73,15.0,0.49,114.17,0.27,15.0,0.5,29.9,0.51,5.0,0.01,0.01,44.259929,1776217893000
1776217894.431,94.431,0.5,29.9,0.49,5.0,0.51,76.46,0.74,15.0,0.49,114.17,0.27,15.0,0.5,29.9,0.51,5.0,0.01,0.01,44.259929,1776217893000
1776217895.198,95.198,0.5,29.9,0.49,5.0,0.51,76.46,0.74,15.0,0.49,76.46,0.26,15.0,0.5,29.9,0.51,5.0,0.01,0.01,44.262542,1776217894000
1776217895.906,95.906,0.35,100.0,0.34,15.0,0.51,70.57,0.82,15.0,0.49,76.46,0.26,15.0,0.5,29.9,0.51,5.0,0.16,0.01,44.262542,1776217894000
1776217896.232,96.232,0.35,100.0,0.34,15.0,0.51,64.68,0.82,15.0,0.49,64.68,0.18,15.0,0.65,100.0,0.66,15.0,0.16,0.16,44.264186,1776217895000
1776217897.189,97.189,0.35,100.0,0.34,15.0,0.51,64.68,0.82,15.0,0.49,64.68,0.18,15.0,0.65,100.0,0.66,15.0,0.16,0.16,44.276284,1776217896000
1776217898.036,98.036,0.39,92.13,0.38,15.0,0.51,64.68,0.81,5.0,0.49,64.68,0.18,15.0,0.65,100.0,0.66,15.0,0.12,0.16,44.276284,1776217896000
1776217899.269,99.269,0.39,92.13,0.38,15.0,0.51,64.68,0.81,5.0,0.49,64.68,0.19,5.0,0.61,92.13,0.62,15.0,0.12,0.12,44.294847,1776217898000
1776217900.203,100.203,0.43,15.0,0.42,15.0,0.51,54.87,0.86,15.0,0.49,64.68,0.19,5.0,0.61,92.13,0.62,15.0,0.08,0.12,44.294847,1776217898000
1776217901.254,101.254,0.43,15.0,0.42,15.0,0.51,54.87,0.86,15.0,0.49,54.87,0.14,15.0,0.57,15.0,0.58,15.0,0.08,0.08,44.299281,1776217900000
1776217901.582,101.582,0.46,80.0,0.45,15.0,0.51,46.04,0.87,15.0,0.49,54.87,0.14,15.0,0.57,15.0,0.58,15.0,0.05,0.08,44.299281,1776217900000
1776217902.268,102.268,0.46,80.0,0.45,15.0,0.51,46.04,0.87,15.0,0.49,46.04,0.13,15.0,0.54,80.0,0.55,15.0,0.05,0.05,44.305041,1776217901000
1776217903.444,103.444,0.46,80.0,0.45,15.0,0.51,46.04,0.87,15.0,0.49,46.04,0.13,15.0,0.54,80.0,0.55,15.0,0.05,0.05,44.306174,1776217902000
1776217903.843,103.843,0.46,80.0,0.45,15.0,0.51,46.04,0.87,15.0,0.49,46.04,0.13,15.0,0.54,80.0,0.55,15.0,0.05,0.05,44.301015,1776217903000
1776217904.291,104.291,0.5,9.71,0.49,15.0,0.51,46.04,0.82,10.0,0.49,46.04,0.13,15.0,0.54,80.0,0.55,15.0,0.01,0.05,44.301015,1776217903000
1776217904.71,104.71,0.5,50.71,0.49,15.0,0.51,4.65,0.82,10.0,0.49,9.75,0.18,10.0,0.5,50.71,0.51,15.0,0.01,0.01,44.301015,1776217903000
1776217905.363,105.363,0.5,57.71,0.49,15.0,0.84,15.0,0.85,15.0,0.49,4.65,0.18,10.0,0.5,50.71,0.51,15.0,0.34,0.01,44.301015,1776217903000
1776217905.605,105.605,0.5,57.71,0.49,15.0,0.84,15.0,0.85,15.0,0.16,15.0,0.15,15.0,0.5,57.71,0.51,15.0,0.34,0.34,44.295928,1776217904000
1776217906.251,106.251,0.5,57.71,0.49,15.0,0.84,15.0,0.85,15.0,0.16,15.0,0.15,15.0,0.5,57.71,0.51,15.0,0.34,0.34,44.294874,1776217905000
1776217907.763,107.763,0.5,57.71,0.49,15.0,0.84,15.0,0.85,15.0,0.16,15.0,0.15,15.0,0.5,57.71,0.51,15.0,0.34,0.34,44.299644,1776217906000
1776217908.423,108.423,0.5,57.71,0.49,15.0,0.84,15.0,0.85,15.0,0.16,15.0,0.15,15.0,0.5,57.71,0.51,15.0,0.34,0.34,44.299828,1776217907000
1776217909.057,109.057,0.5,57.71,0.49,15.0,0.84,15.0,0.85,15.0,0.16,15.0,0.15,15.0,0.5,57.71,0.51,15.0,0.34,0.34,44.299828,1776217908000
1776217910.393,110.393,0.5,57.71,0.49,15.0,0.84,15.0,0.85,15.0,0.16,15.0,0.15,15.0,0.5,57.71,0.51,15.0,0.34,0.34,44.299993,1776217909000
1776217911.014,111.014,0.5,57.71,0.49,15.0,0.84,15.0,0.85,15.0,0.16,15.0,0.15,15.0,0.5,57.71,0.51,15.0,0.34,0.34,44.300052,1776217910000
1776217912.592,112.592,0.5,57.71,0.49,15.0,0.84,15.0,0.85,15.0,0.16,15.0,0.15,15.0,0.5,57.71,0.51,15.0,0.34,0.34,44.298496,1776217911000
1776217913.202,113.202,0.64,14.98,0.63,15.0,0.83,15.0,0.84,25.0,0.17,15.0,0.16,25.0,0.36,14.98,0.37,15.0,0.19,0.19,44.298508,1776217912000
1776217914.834,114.834,0.64,14.98,0.63,15.0,0.83,15.0,0.84,25.0,0.17,15.0,0.16,25.0,0.36,14.98,0.37,15.0,0.19,0.19,44.299865,1776217913000
1776217915.334,115.334,0.64,14.98,0.63,15.0,0.83,15.0,0.84,25.0,0.17,15.0,0.16,25.0,0.36,14.98,0.37,15.0,0.19,0.19,44.300362,1776217914000
1776217916.713,116.713,0.64,14.98,0.63,15.0,0.83,15.0,0.84,25.0,0.17,15.0,0.16,25.0,0.36,14.98,0.37,15.0,0.19,0.19,44.294672,1776217915000
1776217917.24,117.24,0.64,14.98,0.63,15.0,0.83,15.0,0.84,25.0,0.17,15.0,0.16,25.0,0.36,14.98,0.37,15.0,0.19,0.19,44.29514,1776217916000
1776217918.838,118.838,0.64,14.98,0.63,15.0,0.83,15.0,0.84,25.0,0.17,15.0,0.16,25.0,0.36,14.98,0.37,15.0,0.19,0.19,44.29544,1776217917000
1776217919.465,119.465,0.64,14.98,0.63,15.0,0.83,15.0,0.84,25.0,0.17,15.0,0.16,25.0,0.36,14.98,0.37,15.0,0.19,0.19,44.298158,1776217918000
1776217920.035,120.035,0.74,15.0,0.73,15.0,0.86,20.0,0.87,30.0,0.14,20.0,0.13,30.0,0.26,15.0,0.27,15.0,0.12,0.12,44.307811,1776217919000
1776217921.477,121.477,0.74,15.0,0.73,15.0,0.86,20.0,0.87,30.0,0.14,20.0,0.13,30.0,0.26,15.0,0.27,15.0,0.12,0.12,44.306656,1776217920000
1776217922.528,122.528,0.74,15.0,0.73,15.0,0.86,20.0,0.87,30.0,0.14,20.0,0.13,30.0,0.26,15.0,0.27,15.0,0.12,0.12,44.301402,1776217921000
1776217923.248,123.248,0.74,15.0,0.73,15.0,0.86,20.0,0.87,30.0,0.14,20.0,0.13,30.0,0.26,15.0,0.27,15.0,0.12,0.12,44.301562,1776217922000
1776217924.597,124.597,0.74,15.0,0.73,15.0,0.86,20.0,0.87,30.0,0.14,20.0,0.13,30.0,0.26,15.0,0.27,15.0,0.12,0.12,44.288273,1776217923000
1776217925.193,125.193,0.74,15.0,0.73,15.0,0.86,20.0,0.87,30.0,0.14,20.0,0.13,30.0,0.26,15.0,0.27,15.0,0.12,0.12,44.284284,1776217924000
1776217925.429,125.429,0.69,8.66,0.68,15.0,0.8,15.0,0.81,15.0,0.14,20.0,0.13,30.0,0.26,15.0,0.27,15.0,0.11,0.12,44.284284,1776217924000
1776217926.576,126.576,0.69,8.66,0.68,15.0,0.8,15.0,0.81,15.0,0.2,15.0,0.19,15.0,0.31,8.66,0.32,15.0,0.11,0.11,44.284263,1776217925000
1776217927.309,127.309,0.69,8.66,0.68,15.0,0.8,15.0,0.81,15.0,0.2,15.0,0.19,15.0,0.31,8.66,0.32,15.0,0.11,0.11,44.283797,1776217926000
1776217928.524,128.524,0.69,8.66,0.68,15.0,0.8,15.0,0.81,15.0,0.2,15.0,0.19,15.0,0.31,8.66,0.32,15.0,0.11,0.11,44.275838,1776217927000
1776217929.234,129.234,0.69,8.66,0.68,15.0,0.8,15.0,0.81,15.0,0.2,15.0,0.19,15.0,0.31,8.66,0.32,15.0,0.11,0.11,44.282086,1776217928000
1776217930.637,130.637,0.69,8.66,0.68,15.0,0.8,15.0,0.81,15.0,0.2,15.0,0.19,15.0,0.31,8.66,0.32,15.0,0.11,0.11,44.283422,1776217929000
1776217931.157,131.157,0.69,8.66,0.68,15.0,0.8,15.0,0.81,15.0,0.2,15.0,0.19,15.0,0.31,8.66,0.32,15.0,0.11,0.11,44.289327,1776217930000
1776217932.438,132.438,0.69,8.66,0.68,15.0,0.8,15.0,0.81,15.0,0.2,15.0,0.19,15.0,0.31,8.66,0.32,15.0,0.11,0.11,44.292734,1776217931000
1776217933.091,133.091,0.69,8.66,0.68,15.0,0.8,15.0,0.81,15.0,0.2,15.0,0.19,15.0,0.31,8.66,0.32,15.0,0.11,0.11,44.293425,1776217932000
1776217933.37,133.37,0.73,9.94,0.72,15.0,0.84,15.0,0.85,15.0,0.2,15.0,0.19,15.0,0.31,8.66,0.32,15.0,0.11,0.11,44.293425,1776217932000
1776217934.29,134.29,0.73,9.94,0.72,15.0,0.84,15.0,0.85,15.0,0.16,15.0,0.15,15.0,0.27,9.94,0.28,15.0,0.11,0.11,44.29355,1776217933000
1776217935.409,135.409,0.73,9.94,0.72,15.0,0.84,15.0,0.85,15.0,0.16,15.0,0.15,15.0,0.27,9.94,0.28,15.0,0.11,0.11,44.291697,1776217934000
1776217935.624,135.624,0.74,7.98,0.73,9.94,0.83,15.0,0.84,15.0,0.16,15.0,0.15,15.0,0.27,9.94,0.28,15.0,0.09,0.11,44.291697,1776217934000
1776217936.072,136.072,0.74,7.98,0.73,9.94,0.83,15.0,0.84,15.0,0.17,15.0,0.16,15.0,0.26,7.98,0.27,9.94,0.09,0.09,44.291697,1776217935000
1776217937.418,137.418,0.74,7.98,0.73,9.94,0.83,15.0,0.84,15.0,0.17,15.0,0.16,15.0,0.26,7.98,0.27,9.94,0.09,0.09,44.290576,1776217936000
1776217937.949,137.949,0.74,7.98,0.73,9.94,0.83,15.0,0.84,15.0,0.17,15.0,0.16,15.0,0.26,7.98,0.27,9.94,0.09,0.09,44.290213,1776217937000
1776217938.984,138.984,0.74,7.98,0.73,9.94,0.83,15.0,0.84,15.0,0.17,15.0,0.16,15.0,0.26,7.98,0.27,9.94,0.09,0.09,44.289544,1776217938000
1776217940.669,140.669,0.74,7.98,0.73,9.94,0.83,15.0,0.84,15.0,0.17,15.0,0.16,15.0,0.26,7.98,0.27,9.94,0.09,0.09,44.283902,1776217939000
1776217941.498,141.498,0.74,7.98,0.73,9.94,0.83,15.0,0.84,15.0,0.17,15.0,0.16,15.0,0.26,7.98,0.27,9.94,0.09,0.09,44.281288,1776217940000
1776217942.113,142.113,0.74,7.98,0.73,9.94,0.83,15.0,0.84,15.0,0.17,15.0,0.16,15.0,0.26,7.98,0.27,9.94,0.09,0.09,44.280964,1776217941000
1776217943.66,143.66,0.74,7.98,0.73,9.94,0.83,15.0,0.84,15.0,0.17,15.0,0.16,15.0,0.26,7.98,0.27,9.94,0.09,0.09,44.278983,1776217942000
1776217944.253,144.253,0.74,7.98,0.73,9.94,0.83,15.0,0.84,15.0,0.17,15.0,0.16,15.0,0.26,7.98,0.27,9.94,0.09,0.09,44.275158,1776217943000
1776217945.604,145.604,0.74,7.98,0.73,9.94,0.83,15.0,0.84,15.0,0.17,15.0,0.16,15.0,0.26,7.98,0.27,9.94,0.09,0.09,44.271806,1776217944000
1776217946.21,146.21,0.74,7.98,0.73,9.94,0.83,15.0,0.84,15.0,0.17,15.0,0.16,15.0,0.26,7.98,0.27,9.94,0.09,0.09,44.268247,1776217945000
1776217947.494,147.494,0.44,5.56,0.43,15.0,0.62,10.0,0.65,15.0,0.17,15.0,0.16,15.0,0.26,7.98,0.27,9.94,0.18,0.09,44.268247,1776217945000
1776217948.354,148.354,0.44,5.56,0.43,15.0,0.62,10.0,0.65,15.0,0.38,10.0,0.35,15.0,0.56,5.56,0.57,15.0,0.18,0.18,44.25465,1776217947000
1776217949.019,149.019,0.44,5.56,0.43,15.0,0.62,10.0,0.65,15.0,0.38,10.0,0.35,15.0,0.56,5.56,0.57,15.0,0.18,0.18,44.254791,1776217948000
1776217950.384,150.384,0.44,5.56,0.43,15.0,0.62,10.0,0.65,15.0,0.38,10.0,0.35,15.0,0.56,5.56,0.57,15.0,0.18,0.18,44.254834,1776217949000
1776217951.135,151.135,0.44,5.56,0.43,15.0,0.62,10.0,0.65,15.0,0.38,10.0,0.35,15.0,0.56,5.56,0.57,15.0,0.18,0.18,44.2538,1776217950000
1776217952.402,152.402,0.44,5.56,0.43,15.0,0.62,10.0,0.65,15.0,0.38,10.0,0.35,15.0,0.56,5.56,0.57,15.0,0.18,0.18,44.253831,1776217951000
1776217953.351,153.351,0.44,5.56,0.43,15.0,0.62,10.0,0.65,15.0,0.38,10.0,0.35,15.0,0.56,5.56,0.57,15.0,0.18,0.18,44.253831,1776217952000
1776217954.561,154.561,0.44,5.56,0.43,15.0,0.62,10.0,0.65,15.0,0.38,10.0,0.35,15.0,0.56,5.56,0.57,15.0,0.18,0.18,44.253778,1776217953000
1776217955.159,155.159,0.44,5.56,0.43,15.0,0.62,10.0,0.65,15.0,0.38,10.0,0.35,15.0,0.56,5.56,0.57,15.0,0.18,0.18,44.253721,1776217954000
1776217957.119,157.119,0.44,5.56,0.43,15.0,0.62,10.0,0.65,15.0,0.38,10.0,0.35,15.0,0.56,5.56,0.57,15.0,0.18,0.18,44.25349,1776217955000
1776217957.512,157.512,0.44,5.56,0.43,15.0,0.62,10.0,0.65,15.0,0.38,10.0,0.35,15.0,0.56,5.56,0.57,15.0,0.18,0.18,44.253922,1776217956000
1776217958.171,158.171,0.44,5.56,0.43,15.0,0.62,10.0,0.65,15.0,0.38,10.0,0.35,15.0,0.56,5.56,0.57,15.0,0.18,0.18,44.253323,1776217957000
1776217959.218,159.218,0.44,5.56,0.43,15.0,0.62,10.0,0.65,15.0,0.38,10.0,0.35,15.0,0.56,5.56,0.57,15.0,0.18,0.18,44.253455,1776217958000
1776217960.257,160.257,0.44,5.56,0.43,15.0,0.62,10.0,0.65,15.0,0.38,10.0,0.35,15.0,0.56,5.56,0.57,15.0,0.18,0.18,44.252427,1776217959000
1776217961.384,161.384,0.44,5.56,0.43,15.0,0.62,10.0,0.65,15.0,0.38,10.0,0.35,15.0,0.56,5.56,0.57,15.0,0.18,0.18,44.252458,1776217960000
1776217961.883,161.883,0.44,5.56,0.43,15.0,0.62,10.0,0.65,15.0,0.38,10.0,0.35,15.0,0.56,5.56,0.57,15.0,0.18,0.18,44.252458,1776217961000
1776217963.007,163.007,0.44,5.56,0.43,15.0,0.62,10.0,0.65,15.0,0.38,10.0,0.35,15.0,0.56,5.56,0.57,15.0,0.18,0.18,44.252225,1776217962000
1776217964.114,164.114,0.44,5.56,0.43,15.0,0.62,10.0,0.65,15.0,0.38,10.0,0.35,15.0,0.56,5.56,0.57,15.0,0.18,0.18,44.252228,1776217963000
1776217965.272,165.272,0.44,5.56,0.43,15.0,0.62,10.0,0.65,15.0,0.38,10.0,0.35,15.0,0.56,5.56,0.57,15.0,0.18,0.18,44.251598,1776217964000
1776217966.267,166.267,0.44,5.56,0.43,15.0,0.62,10.0,0.65,15.0,0.38,10.0,0.35,15.0,0.56,5.56,0.57,15.0,0.18,0.18,44.250245,1776217965000
1776217967.34,167.34,0.44,5.56,0.43,15.0,0.62,10.0,0.65,15.0,0.38,10.0,0.35,15.0,0.56,5.56,0.57,15.0,0.18,0.18,44.24631,1776217966000
1776217967.906,167.906,0.44,5.56,0.43,15.0,0.62,10.0,0.65,15.0,0.38,10.0,0.35,15.0,0.56,5.56,0.57,15.0,0.18,0.18,44.244653,1776217967000
1776217968.917,168.917,0.44,5.56,0.43,15.0,0.62,10.0,0.65,15.0,0.38,10.0,0.35,15.0,0.56,5.56,0.57,15.0,0.18,0.18,44.243188,1776217968000
1776217970.122,170.122,0.44,5.56,0.43,15.0,0.62,10.0,0.65,15.0,0.38,10.0,0.35,15.0,0.56,5.56,0.57,15.0,0.18,0.18,44.24049,1776217969000
1776217971.165,171.165,0.44,5.56,0.43,15.0,0.62,10.0,0.65,15.0,0.38,10.0,0.35,15.0,0.56,5.56,0.57,15.0,0.18,0.18,44.236455,1776217970000
1776217972.117,172.117,0.44,5.56,0.43,15.0,0.62,10.0,0.65,15.0,0.38,10.0,0.35,15.0,0.56,5.56,0.57,15.0,0.18,0.18,44.233812,1776217971000
1776217973.006,173.006,0.44,5.56,0.43,15.0,0.62,10.0,0.65,15.0,0.38,10.0,0.35,15.0,0.56,5.56,0.57,15.0,0.18,0.18,44.232021,1776217972000
1776217973.992,173.992,0.44,5.56,0.43,15.0,0.62,10.0,0.65,15.0,0.38,10.0,0.35,15.0,0.56,5.56,0.57,15.0,0.18,0.18,44.230725,1776217973000
1776217974.966,174.966,0.44,5.56,0.43,15.0,0.62,10.0,0.65,15.0,0.38,10.0,0.35,15.0,0.56,5.56,0.57,15.0,0.18,0.18,44.2288,1776217974000
1776217975.929,175.929,0.44,5.56,0.43,15.0,0.62,10.0,0.65,15.0,0.38,10.0,0.35,15.0,0.56,5.56,0.57,15.0,0.18,0.18,44.227973,1776217975000
1776217976.917,176.917,0.44,5.56,0.43,15.0,0.62,10.0,0.65,15.0,0.38,10.0,0.35,15.0,0.56,5.56,0.57,15.0,0.18,0.18,44.227971,1776217976000
1776217977.91,177.91,0.44,5.56,0.43,15.0,0.62,10.0,0.65,15.0,0.38,10.0,0.35,15.0,0.56,5.56,0.57,15.0,0.18,0.18,44.227324,1776217977000
1776217979.368,179.368,0.44,5.56,0.43,15.0,0.62,10.0,0.65,15.0,0.38,10.0,0.35,15.0,0.56,5.56,0.57,15.0,0.18,0.18,44.227497,1776217978000
1776217980.451,180.451,0.44,5.56,0.43,15.0,0.62,10.0,0.65,15.0,0.38,10.0,0.35,15.0,0.56,5.56,0.57,15.0,0.18,0.18,44.229026,1776217979000
1776217980.969,180.969,0.44,5.56,0.43,15.0,0.62,10.0,0.65,15.0,0.38,10.0,0.35,15.0,0.56,5.56,0.57,15.0,0.18,0.18,44.229344,1776217980000
1776217981.976,181.976,0.44,5.56,0.43,15.0,0.62,10.0,0.65,15.0,0.38,10.0,0.35,15.0,0.56,5.56,0.57,15.0,0.18,0.18,44.232267,1776217981000
1776217983.046,183.046,0.44,5.56,0.43,15.0,0.62,10.0,0.65,15.0,0.38,10.0,0.35,15.0,0.56,5.56,0.57,15.0,0.18,0.18,44.233709,1776217982000
1776217983.975,183.975,0.44,5.56,0.43,15.0,0.62,10.0,0.65,15.0,0.52,10.0,0.49,15.0,0.65,6.0,0.71,15.0,0.18,0.13,44.233709,1776217982000
1776217984.484,184.484,0.35,6.0,0.29,15.0,0.48,10.0,0.51,15.0,0.52,10.0,0.49,15.0,0.65,6.0,0.71,15.0,0.13,0.13,44.233718,1776217983000
1776217985.033,185.033,0.35,6.0,0.29,15.0,0.48,10.0,0.51,15.0,0.52,10.0,0.49,15.0,0.65,6.0,0.71,15.0,0.13,0.13,44.22926,1776217984000
1776217985.561,185.561,0.35,4.44,0.28,15.0,0.37,10.0,0.48,15.0,0.52,10.0,0.49,15.0,0.65,6.0,0.71,15.0,0.02,0.13,44.22926,1776217984000
1776217986.227,186.227,0.35,4.44,0.28,15.0,0.37,10.0,0.48,15.0,0.63,10.0,0.52,15.0,0.65,4.44,0.72,15.0,0.02,0.02,44.227213,1776217985000
1776217986.997,186.997,0.24,15.0,0.23,15.0,0.33,5.56,0.46,15.0,0.67,5.56,0.54,15.0,0.76,15.0,0.77,15.0,0.09,0.09,44.224865,1776217986000
1776217988.432,188.432,0.24,15.0,0.23,15.0,0.33,5.56,0.46,15.0,0.67,5.56,0.54,15.0,0.76,15.0,0.77,15.0,0.09,0.09,44.221018,1776217987000
1776217989.026,189.026,0.24,15.0,0.23,15.0,0.33,5.56,0.46,15.0,0.67,5.56,0.54,15.0,0.76,15.0,0.77,15.0,0.09,0.09,44.220135,1776217988000
1776217990.156,190.156,0.24,15.0,0.23,15.0,0.33,5.56,0.46,15.0,0.67,5.56,0.54,15.0,0.76,15.0,0.77,15.0,0.09,0.09,44.219272,1776217989000
1776217991.233,191.233,0.24,15.0,0.23,15.0,0.33,5.56,0.46,15.0,0.67,5.56,0.54,15.0,0.76,15.0,0.77,15.0,0.09,0.09,44.219846,1776217990000
1776217992.077,192.077,0.24,15.0,0.23,15.0,0.33,5.56,0.46,15.0,0.67,5.56,0.54,15.0,0.76,15.0,0.77,15.0,0.09,0.09,44.223708,1776217991000
1776217993.202,193.202,0.24,15.0,0.23,15.0,0.33,5.56,0.46,15.0,0.67,5.56,0.54,15.0,0.76,15.0,0.77,15.0,0.09,0.09,44.226853,1776217992000
1776217994.407,194.407,0.24,15.0,0.23,15.0,0.33,5.56,0.46,15.0,0.67,5.56,0.54,15.0,0.76,15.0,0.77,15.0,0.09,0.09,44.226954,1776217993000
1776217994.875,194.875,0.24,15.0,0.23,15.0,0.33,5.56,0.46,15.0,0.67,5.56,0.54,15.0,0.76,15.0,0.77,15.0,0.09,0.09,44.226952,1776217994000
1776217996.391,196.391,0.24,15.0,0.23,15.0,0.33,5.56,0.46,15.0,0.67,5.56,0.54,15.0,0.76,15.0,0.77,15.0,0.09,0.09,44.227616,1776217995000
1776217997.022,197.022,0.24,15.0,0.23,15.0,0.33,5.56,0.46,15.0,0.67,5.56,0.54,15.0,0.76,15.0,0.77,15.0,0.09,0.09,44.228807,1776217996000
1776217998.37,198.37,0.24,15.0,0.23,15.0,0.33,5.56,0.46,15.0,0.67,5.56,0.54,15.0,0.76,15.0,0.77,15.0,0.09,0.09,44.228774,1776217997000
1776217999.885,199.885,0.33,12.31,0.32,15.0,0.44,10.0,0.46,15.0,0.56,10.0,0.54,15.0,0.67,12.31,0.68,15.0,0.11,0.11,44.229982,1776217998000
1776218000.636,200.636,0.33,12.31,0.32,15.0,0.44,10.0,0.46,15.0,0.56,10.0,0.54,15.0,0.67,12.31,0.68,15.0,0.11,0.11,44.229981,1776217999000
1776218001.17,201.17,0.33,12.31,0.32,15.0,0.44,10.0,0.46,15.0,0.56,10.0,0.54,15.0,0.67,12.31,0.68,15.0,0.11,0.11,44.22754,1776218000000
1776218002.301,202.301,0.33,12.31,0.32,15.0,0.44,10.0,0.46,15.0,0.56,10.0,0.54,15.0,0.67,12.31,0.68,15.0,0.11,0.11,44.228682,1776218001000
1776218003.222,203.222,0.33,12.31,0.32,15.0,0.44,10.0,0.46,15.0,0.56,10.0,0.54,15.0,0.67,12.31,0.68,15.0,0.11,0.11,44.225613,1776218002000
1776218004.285,204.285,0.33,12.31,0.32,15.0,0.44,10.0,0.46,15.0,0.56,10.0,0.54,15.0,0.67,12.31,0.68,15.0,0.11,0.11,44.223872,1776218003000
1776218005.233,205.233,0.33,12.31,0.32,15.0,0.44,10.0,0.46,15.0,0.56,10.0,0.54,15.0,0.67,12.31,0.68,15.0,0.11,0.11,44.22153,1776218004000
1776218006.237,206.237,0.33,12.31,0.32,15.0,0.44,10.0,0.46,15.0,0.56,10.0,0.54,15.0,0.67,12.31,0.68,15.0,0.11,0.11,44.218469,1776218005000
1776218007.255,207.255,0.33,12.31,0.32,15.0,0.44,10.0,0.46,15.0,0.56,10.0,0.54,15.0,0.67,12.31,0.68,15.0,0.11,0.11,44.205398,1776218006000
1776218008.345,208.345,0.33,12.31,0.32,15.0,0.44,10.0,0.46,15.0,0.56,10.0,0.54,15.0,0.67,12.31,0.68,15.0,0.11,0.11,44.203607,1776218007000
1776218009.35,209.35,0.33,12.31,0.32,15.0,0.44,10.0,0.46,15.0,0.56,10.0,0.54,15.0,0.67,12.31,0.68,15.0,0.11,0.11,44.203203,1776218008000
1776218009.874,209.874,0.33,12.31,0.32,15.0,0.44,10.0,0.46,15.0,0.56,10.0,0.54,15.0,0.67,12.31,0.68,15.0,0.11,0.11,44.203062,1776218009000
1776218010.858,210.858,0.33,12.31,0.32,15.0,0.44,10.0,0.46,15.0,0.56,10.0,0.54,15.0,0.67,12.31,0.68,15.0,0.11,0.11,44.20269,1776218010000
1776218012.276,212.276,0.33,12.31,0.32,15.0,0.44,10.0,0.46,15.0,0.56,10.0,0.54,15.0,0.67,12.31,0.68,15.0,0.11,0.11,44.20274,1776218011000
1776218013.249,213.249,0.33,12.31,0.32,15.0,0.44,10.0,0.46,15.0,0.56,10.0,0.54,15.0,0.67,12.31,0.68,15.0,0.11,0.11,44.202741,1776218012000
1776218014.242,214.242,0.33,12.31,0.32,15.0,0.44,10.0,0.46,15.0,0.56,10.0,0.54,15.0,0.67,12.31,0.68,15.0,0.11,0.11,44.202694,1776218013000
1776218014.456,214.456,0.19,5.0,0.14,15.0,0.22,15.0,0.23,15.0,0.56,10.0,0.54,15.0,0.67,12.31,0.68,15.0,0.03,0.11,44.202694,1776218013000
1776218014.812,214.812,0.14,15.0,0.13,15.0,0.19,5.0,0.22,15.0,0.78,15.0,0.77,15.0,0.81,5.0,0.86,15.0,0.05,0.03,44.202694,1776218013000
1776218015.128,215.128,0.14,15.0,0.13,15.0,0.19,5.0,0.22,15.0,0.81,5.0,0.78,15.0,0.86,15.0,0.87,15.0,0.05,0.05,44.202694,1776218014000
1776218016.137,216.137,0.14,15.0,0.13,15.0,0.19,5.0,0.22,15.0,0.81,5.0,0.78,15.0,0.86,15.0,0.87,15.0,0.05,0.05,44.202691,1776218015000
1776218017.187,217.187,0.14,15.0,0.13,15.0,0.19,5.0,0.22,15.0,0.81,5.0,0.78,15.0,0.86,15.0,0.87,15.0,0.05,0.05,44.202685,1776218016000
1776218018.161,218.161,0.14,15.0,0.13,15.0,0.19,5.0,0.22,15.0,0.81,5.0,0.78,15.0,0.86,15.0,0.87,15.0,0.05,0.05,44.202486,1776218017000
1776218019.12,219.12,0.14,15.0,0.13,15.0,0.19,5.0,0.22,15.0,0.81,5.0,0.78,15.0,0.86,15.0,0.87,15.0,0.05,0.05,44.199952,1776218018000
1776218020.211,220.211,0.14,15.0,0.13,15.0,0.19,5.0,0.22,15.0,0.81,5.0,0.78,15.0,0.86,15.0,0.87,15.0,0.05,0.05,44.196627,1776218019000
1776218021.118,221.118,0.14,15.0,0.13,15.0,0.19,5.0,0.22,15.0,0.81,5.0,0.78,15.0,0.86,15.0,0.87,15.0,0.05,0.05,44.19499,1776218020000
1776218022.189,222.189,0.14,15.0,0.13,15.0,0.19,5.0,0.22,15.0,0.81,5.0,0.78,15.0,0.86,15.0,0.87,15.0,0.05,0.05,44.19489,1776218021000
1776218023.199,223.199,0.14,15.0,0.13,15.0,0.19,5.0,0.22,15.0,0.81,5.0,0.78,15.0,0.86,15.0,0.87,15.0,0.05,0.05,44.19207,1776218022000
1776218024.261,224.261,0.14,15.0,0.13,15.0,0.19,5.0,0.22,15.0,0.81,5.0,0.78,15.0,0.86,15.0,0.87,15.0,0.05,0.05,44.192069,1776218023000
1776218025.127,225.127,0.14,15.0,0.13,15.0,0.19,5.0,0.22,15.0,0.81,5.0,0.78,15.0,0.86,15.0,0.87,15.0,0.05,0.05,44.189856,1776218024000
1776218026.137,226.137,0.14,15.0,0.13,15.0,0.19,5.0,0.22,15.0,0.81,5.0,0.78,15.0,0.86,15.0,0.87,15.0,0.05,0.05,44.189655,1776218025000
1776218027.191,227.191,0.14,15.0,0.13,15.0,0.19,5.0,0.22,15.0,0.81,5.0,0.78,15.0,0.86,15.0,0.87,15.0,0.05,0.05,44.189655,1776218026000
1776218028.318,228.318,0.14,15.0,0.13,15.0,0.19,5.0,0.22,15.0,0.81,5.0,0.78,15.0,0.86,15.0,0.87,15.0,0.05,0.05,44.183455,1776218027000
1776218028.976,228.976,0.14,15.0,0.13,15.0,0.19,5.0,0.22,15.0,0.81,5.0,0.78,15.0,0.86,15.0,0.87,15.0,0.05,0.05,44.177709,1776218028000
1776218030.228,230.228,0.14,15.0,0.13,15.0,0.19,5.0,0.22,15.0,0.81,5.0,0.78,15.0,0.86,15.0,0.87,15.0,0.05,0.05,44.16991,1776218029000
1776218030.997,230.997,0.04,14.0,0.03,15.0,0.08,15.0,0.09,25.0,0.81,5.0,0.78,15.0,0.86,15.0,0.87,15.0,0.04,0.05,44.16991,1776218029000
1776218031.238,231.238,0.03,9.0,0.02,25.0,0.09,25.0,0.1,15.0,0.92,15.0,0.91,25.0,0.96,14.0,0.97,15.0,0.06,0.04,44.16991,1776218029000
1776218032.612,232.612,0.03,9.0,0.02,25.0,0.09,25.0,0.1,15.0,0.91,25.0,0.9,15.0,0.97,9.0,0.98,25.0,0.06,0.06,44.164781,1776218031000
1776218033.155,233.155,0.03,9.0,0.02,25.0,0.09,25.0,0.1,15.0,0.91,25.0,0.9,15.0,0.97,9.0,0.98,25.0,0.06,0.06,44.170122,1776218032000
1776218034.465,234.465,0.03,9.0,0.02,25.0,0.09,25.0,0.1,15.0,0.91,25.0,0.9,15.0,0.97,9.0,0.98,25.0,0.06,0.06,44.171171,1776218033000
1776218035.137,235.137,0.03,9.0,0.02,25.0,0.09,25.0,0.1,15.0,0.91,25.0,0.9,15.0,0.97,9.0,0.98,25.0,0.06,0.06,44.171171,1776218034000
1776218036.476,236.476,0.03,9.0,0.02,25.0,0.09,25.0,0.1,15.0,0.91,25.0,0.9,15.0,0.97,9.0,0.98,25.0,0.06,0.06,44.172058,1776218035000
1776218037.197,237.197,0.03,9.0,0.02,25.0,0.09,25.0,0.1,15.0,0.91,25.0,0.9,15.0,0.97,9.0,0.98,25.0,0.06,0.06,44.174257,1776218036000
1776218038.621,238.621,0.02,4.0,0.01,205.0,0.09,10.0,0.11,15.0,0.91,10.0,0.89,15.0,0.98,4.0,0.99,205.0,0.07,0.07,44.180387,1776218037000
1776218039.241,239.241,0.02,4.0,0.01,205.0,0.09,10.0,0.11,15.0,0.91,10.0,0.89,15.0,0.98,4.0,0.99,205.0,0.07,0.07,44.177514,1776218038000
1776218040.516,240.516,0.02,4.0,0.01,205.0,0.09,10.0,0.11,15.0,0.91,10.0,0.89,15.0,0.98,4.0,0.99,205.0,0.07,0.07,44.173086,1776218039000
1776218041.099,241.099,0.02,4.0,0.01,205.0,0.09,10.0,0.11,15.0,0.91,10.0,0.89,15.0,0.98,4.0,0.99,205.0,0.07,0.07,44.173026,1776218040000
1776218041.729,241.729,0.04,6.66,0.03,15.0,0.08,15.0,0.09,25.0,0.91,10.0,0.89,15.0,0.98,4.0,0.99,205.0,0.04,0.07,44.173026,1776218040000
1776218042.446,242.446,0.04,6.66,0.03,15.0,0.08,15.0,0.09,25.0,0.92,15.0,0.91,25.0,0.96,6.66,0.97,15.0,0.04,0.04,44.177675,1776218041000
1776218043.212,243.212,0.04,6.66,0.03,15.0,0.08,15.0,0.09,25.0,0.92,15.0,0.91,25.0,0.96,6.66,0.97,15.0,0.04,0.04,44.178774,1776218042000
1776218044.725,244.725,0.04,6.66,0.03,15.0,0.08,15.0,0.09,25.0,0.92,15.0,0.91,25.0,0.96,6.66,0.97,15.0,0.04,0.04,44.180228,1776218043000
1776218045.366,245.366,0.04,6.66,0.03,15.0,0.08,15.0,0.09,25.0,0.92,15.0,0.91,25.0,0.96,6.66,0.97,15.0,0.04,0.04,44.180625,1776218044000
1776218046.18,246.18,0.04,6.66,0.03,15.0,0.08,15.0,0.09,25.0,0.92,15.0,0.91,25.0,0.96,6.66,0.97,15.0,0.04,0.04,44.181837,1776218045000
1776218047.172,247.172,0.04,6.66,0.03,15.0,0.08,15.0,0.09,25.0,0.92,15.0,0.91,25.0,0.96,6.66,0.97,15.0,0.04,0.04,44.181838,1776218046000
1776218047.822,247.822,0.07,13.92,0.06,15.0,0.08,21.73,0.11,10.0,0.92,15.0,0.91,25.0,0.96,6.66,0.97,15.0,0.01,0.04,44.181838,1776218046000
1776218048.201,248.201,0.07,13.92,0.06,15.0,0.08,21.73,0.11,10.0,0.92,21.73,0.89,10.0,0.93,13.92,0.94,15.0,0.01,0.01,44.18645,1776218047000
1776218049.213,249.213,0.07,13.92,0.06,15.0,0.08,21.73,0.11,10.0,0.92,21.73,0.89,10.0,0.93,13.92,0.94,15.0,0.01,0.01,44.189196,1776218048000
1776218050.223,250.223,0.07,13.92,0.06,15.0,0.08,21.73,0.11,10.0,0.92,21.73,0.89,10.0,0.93,13.92,0.94,15.0,0.01,0.01,44.190777,1776218049000
1776218050.558,250.558,0.06,15.0,0.05,15.0,0.08,21.73,0.15,10.0,0.92,21.73,0.89,10.0,0.93,13.92,0.94,15.0,0.02,0.01,44.190777,1776218049000
1776218050.947,250.947,0.07,4.24,0.06,15.0,0.08,21.73,0.15,10.0,0.92,21.73,0.85,10.0,0.94,15.0,0.95,15.0,0.01,0.02,44.190777,1776218049000
1776218051.201,251.201,0.07,4.24,0.06,15.0,0.08,21.73,0.15,10.0,0.92,21.73,0.85,10.0,0.93,4.24,0.94,15.0,0.01,0.01,44.193671,1776218050000
1776218052.138,252.138,0.07,4.24,0.06,15.0,0.08,21.73,0.15,10.0,0.92,21.73,0.85,10.0,0.93,4.24,0.94,15.0,0.01,0.01,44.195376,1776218051000
1776218053.2,253.2,0.07,4.24,0.06,15.0,0.08,21.73,0.15,10.0,0.92,21.73,0.85,10.0,0.93,4.24,0.94,15.0,0.01,0.01,44.201472,1776218052000
1776218054.111,254.111,0.07,4.24,0.06,15.0,0.08,21.73,0.15,10.0,0.92,21.73,0.85,10.0,0.93,4.24,0.94,15.0,0.01,0.01,44.201364,1776218053000
1776218055.145,255.145,0.07,4.24,0.06,15.0,0.08,21.73,0.15,10.0,0.92,21.73,0.85,10.0,0.93,4.24,0.94,15.0,0.01,0.01,44.201364,1776218054000
1776218056.236,256.236,0.07,4.24,0.06,15.0,0.08,21.73,0.15,10.0,0.92,21.73,0.85,10.0,0.93,4.24,0.94,15.0,0.01,0.01,44.200431,1776218055000
1776218058.393,258.393,0.07,4.24,0.06,15.0,0.08,21.73,0.15,10.0,0.92,21.73,0.85,10.0,0.93,4.24,0.94,15.0,0.01,0.01,44.19919,1776218056000
1776218059.496,259.496,0.07,4.24,0.06,15.0,0.08,21.73,0.15,10.0,0.92,21.73,0.85,10.0,0.93,4.24,0.94,15.0,0.01,0.01,44.19886,1776218058000
1776218060.571,260.571,0.07,4.24,0.06,15.0,0.08,21.73,0.15,10.0,0.92,21.73,0.85,10.0,0.93,4.24,0.94,15.0,0.01,0.01,44.198845,1776218059000
1776218061.249,261.249,0.04,1.66,0.03,15.0,0.07,15.0,0.08,36.73,0.92,21.73,0.85,10.0,0.93,4.24,0.94,15.0,0.03,0.01,44.198845,1776218059000
1776218061.561,261.561,0.04,1.66,0.03,15.0,0.07,15.0,0.08,36.73,0.93,15.0,0.92,36.73,0.96,1.66,0.97,15.0,0.03,0.03,44.198396,1776218060000
1776218062.637,262.637,0.04,1.66,0.03,15.0,0.07,15.0,0.08,36.73,0.93,15.0,0.92,36.73,0.96,1.66,0.97,15.0,0.03,0.03,44.197864,1776218061000
1776218063.562,263.562,0.04,1.66,0.03,15.0,0.07,15.0,0.08,36.73,0.93,15.0,0.92,36.73,0.96,1.66,0.97,15.0,0.03,0.03,44.197329,1776218062000
1776218064.473,264.473,0.04,1.66,0.03,15.0,0.07,15.0,0.08,36.73,0.93,15.0,0.92,36.73,0.96,1.66,0.97,15.0,0.03,0.03,44.197429,1776218063000
1776218065.238,265.238,0.04,1.66,0.03,15.0,0.07,15.0,0.08,36.73,0.93,15.0,0.92,36.73,0.96,1.66,0.97,15.0,0.03,0.03,44.197494,1776218064000
1776218067.167,267.167,0.04,1.66,0.03,15.0,0.07,15.0,0.08,36.73,0.93,15.0,0.92,36.73,0.96,1.66,0.97,15.0,0.03,0.03,44.198136,1776218065000
1776218067.899,267.899,0.04,1.66,0.03,15.0,0.07,15.0,0.08,36.73,0.93,15.0,0.92,36.73,0.96,1.66,0.97,15.0,0.03,0.03,44.198136,1776218066000
1776218068.701,268.701,0.04,1.66,0.03,15.0,0.07,15.0,0.08,36.73,0.93,15.0,0.92,36.73,0.96,1.66,0.97,15.0,0.03,0.03,44.198097,1776218067000
1776218069.437,269.437,0.04,1.66,0.03,15.0,0.07,15.0,0.08,36.73,0.93,15.0,0.92,36.73,0.96,1.66,0.97,15.0,0.03,0.03,44.197898,1776218068000
1776218070.186,270.186,0.04,1.66,0.03,15.0,0.07,15.0,0.08,36.73,0.93,15.0,0.92,36.73,0.96,1.66,0.97,15.0,0.03,0.03,44.197996,1776218069000
1776218072.038,272.038,0.04,1.66,0.03,15.0,0.07,15.0,0.08,36.73,0.93,15.0,0.92,36.73,0.96,1.66,0.97,15.0,0.03,0.03,44.197993,1776218070000
1776218072.92,272.92,0.04,1.66,0.03,15.0,0.07,15.0,0.08,36.73,0.93,15.0,0.92,36.73,0.96,1.66,0.97,15.0,0.03,0.03,44.198096,1776218071000
1776218073.542,273.542,0.04,1.66,0.03,15.0,0.07,15.0,0.08,36.73,0.93,15.0,0.92,36.73,0.96,1.66,0.97,15.0,0.03,0.03,44.199194,1776218072000
1776218074.262,274.262,0.04,1.66,0.03,15.0,0.07,15.0,0.08,36.73,0.93,15.0,0.92,36.73,0.96,1.66,0.97,15.0,0.03,0.03,44.199926,1776218073000
1776218075.923,275.923,0.04,1.66,0.03,15.0,0.07,15.0,0.08,36.73,0.93,15.0,0.92,36.73,0.96,1.66,0.97,15.0,0.03,0.03,44.200277,1776218074000
1776218076.662,276.662,0.04,1.66,0.03,15.0,0.07,15.0,0.08,36.73,0.93,15.0,0.92,36.73,0.96,1.66,0.97,15.0,0.03,0.03,44.200277,1776218075000
1776218077.353,277.353,0.04,1.66,0.03,15.0,0.07,15.0,0.08,36.73,0.93,15.0,0.92,36.73,0.96,1.66,0.97,15.0,0.03,0.03,44.202179,1776218076000
1776218078.994,278.994,0.04,1.66,0.03,15.0,0.07,15.0,0.08,36.73,0.93,15.0,0.92,36.73,0.96,1.66,0.97,15.0,0.03,0.03,44.215628,1776218077000
1776218080.436,280.436,0.04,1.66,0.03,15.0,0.07,15.0,0.08,36.73,0.93,15.0,0.92,36.73,0.96,1.66,0.97,15.0,0.03,0.03,44.216175,1776218079000
1776218080.972,280.972,0.04,1.66,0.03,15.0,0.07,15.0,0.08,36.73,0.93,15.0,0.92,36.73,0.96,1.66,0.97,15.0,0.03,0.03,44.21627,1776218080000
1776218081.992,281.992,0.04,1.66,0.03,15.0,0.07,15.0,0.08,36.73,0.93,15.0,0.92,36.73,0.96,1.66,0.97,15.0,0.03,0.03,44.21641,1776218081000
1776218083.103,283.103,0.04,1.66,0.03,15.0,0.07,15.0,0.08,36.73,0.93,15.0,0.92,36.73,0.96,1.66,0.97,15.0,0.03,0.03,44.217083,1776218082000
1776218084.178,284.178,0.04,1.66,0.03,15.0,0.07,15.0,0.08,36.73,0.93,15.0,0.92,36.73,0.96,1.66,0.97,15.0,0.03,0.03,44.214115,1776218083000
1776218085.466,285.466,0.04,1.66,0.03,15.0,0.07,15.0,0.08,36.73,0.93,15.0,0.92,36.73,0.96,1.66,0.97,15.0,0.03,0.03,44.209625,1776218084000
1776218085.94,285.94,0.01,185.0,,,0.08,21.73,0.09,10.0,0.92,21.73,0.91,10.0,0.99,185.0,,,0.07,0.07,44.207253,1776218085000
1776218086.896,286.896,0.01,185.0,,,0.08,21.73,0.09,10.0,0.92,21.73,0.91,10.0,0.99,185.0,,,0.07,0.07,44.206939,1776218086000
1776218087.966,287.966,0.01,185.0,,,0.08,21.73,0.09,10.0,0.92,21.73,0.91,10.0,0.99,185.0,,,0.07,0.07,44.206285,1776218087000
1776218088.996,288.996,0.01,185.0,,,0.08,21.73,0.09,10.0,0.92,21.73,0.91,10.0,0.99,185.0,,,0.07,0.07,44.203814,1776218088000
1776218090.119,290.119,0.01,185.0,,,0.08,21.73,0.09,10.0,0.92,21.73,0.91,10.0,0.99,185.0,,,0.07,0.07,44.204069,1776218089000
1776218090.435,290.435,0.01,182.57,,,0.08,21.73,0.09,10.0,0.92,21.73,0.91,10.0,0.99,185.0,,,0.07,0.07,44.204069,1776218089000
1776218091.188,291.188,0.01,182.57,,,0.08,21.73,0.09,10.0,0.92,21.73,0.91,10.0,0.99,182.57,,,0.07,0.07,44.203969,1776218090000
1776218092.262,292.262,0.01,182.57,,,0.08,21.73,0.09,10.0,0.92,21.73,0.91,10.0,0.99,182.57,,,0.07,0.07,44.204076,1776218091000
1776218093.407,293.407,0.01,182.57,,,0.08,21.73,0.09,10.0,0.92,21.73,0.91,10.0,0.99,182.57,,,0.07,0.07,44.210548,1776218092000
1776218093.746,293.746,0.01,162.36,,,0.08,21.73,0.09,10.0,0.92,21.73,0.91,10.0,0.99,182.57,,,0.07,0.07,44.210548,1776218092000
1776218094.553,294.553,0.01,162.36,,,0.08,21.73,0.09,10.0,0.92,21.73,0.91,10.0,0.99,162.36,,,0.07,0.07,44.21309,1776218093000
1776218094.957,294.957,0.01,147.2,,,0.08,21.73,0.09,10.0,0.92,21.73,0.91,10.0,0.99,162.36,,,0.07,0.07,44.21309,1776218093000
1776218095.328,295.328,0.01,137.52,,,0.08,21.73,0.09,10.0,0.92,21.73,0.91,10.0,0.99,147.2,,,0.07,0.07,44.21309,1776218094000
1776218095.629,295.629,0.01,117.31,,,0.08,21.73,0.09,10.0,0.92,21.73,0.91,10.0,0.99,137.52,,,0.07,0.07,44.21309,1776218094000
1776218096.068,296.068,0.01,114.07,,,0.08,21.73,0.09,10.0,0.92,21.73,0.91,10.0,0.99,117.31,,,0.07,0.07,44.21309,1776218094000
1776218096.498,296.498,0.01,112.96,,,0.08,21.73,0.09,10.0,0.92,21.73,0.91,10.0,0.99,114.07,,,0.07,0.07,44.213804,1776218095000
1776218096.865,296.865,0.01,96.96,,,0.08,21.73,0.09,10.0,0.92,21.73,0.91,10.0,0.99,112.96,,,0.07,0.07,44.213804,1776218095000
1776218097.256,297.256,0.01,96.96,,,0.08,21.73,0.09,10.0,0.92,21.73,0.91,10.0,0.99,96.96,,,0.07,0.07,44.213804,1776218096000
1776218097.467,297.467,,,,,0.08,31.73,0.09,10.0,0.92,31.73,0.91,10.0,0.99,68.26,,,,0.07,44.213804,1776218096000
1776218097.916,297.916,,,,,0.08,24.73,0.09,10.0,0.92,31.73,0.91,10.0,,,,,,,44.213804,1776218096000
1776218098.408,298.408,,,,,0.01,76.35,0.08,24.73,0.92,24.73,0.91,10.0,,,,,,,44.213804,1776218096000
1776218099.241,299.241,,,,,0.01,76.35,0.08,24.73,0.99,76.35,0.92,24.73,,,,,,,44.21385,1776218098000
1776218100.339,300.339,,,,,0.01,76.35,0.08,24.73,0.99,76.35,0.92,24.73,,,,,,,44.211469,1776218099000
1776218101.048,301.048,,,,,0.01,76.35,0.08,24.73,0.99,76.35,0.92,24.73,,,,,,,44.211469,1776218100000
1776218102.292,302.292,,,,,0.01,76.35,0.08,24.73,0.99,76.35,0.92,24.73,,,,,,,44.211605,1776218101000

# RESULT,winner=Down,slug=hype-updown-5m-1776217800,ticks=322
