timestamp,elapsed_sec,up_bid_p1,up_bid_s1,up_bid_p2,up_bid_s2,up_ask_p1,up_ask_s1,up_ask_p2,up_ask_s2,down_bid_p1,down_bid_s1,down_bid_p2,down_bid_s2,down_ask_p1,down_ask_s1,down_ask_p2,down_ask_s2,up_spread,down_spread,hype_price,hype_oracle_ts
1776212101.463,1.463,0.11,100.0,0.08,20.0,0.89,100.0,0.92,20.0,0.11,100.0,0.08,20.0,0.89,100.0,0.92,20.0,0.78,0.78,43.586801,1776212100000
1776212101.797,1.797,0.11,100.0,0.08,20.0,0.89,100.0,0.92,20.0,0.11,100.0,0.08,20.0,0.89,100.0,0.92,20.0,0.78,0.78,43.586801,1776212100000
1776212102.126,2.126,0.11,100.0,0.08,20.0,0.89,100.0,0.92,20.0,0.11,100.0,0.08,20.0,0.89,100.0,0.92,20.0,0.78,0.78,43.588595,1776212101000
1776212103.171,3.171,0.11,100.0,0.08,20.0,0.89,100.0,0.92,20.0,0.11,100.0,0.08,20.0,0.89,100.0,0.92,20.0,0.78,0.78,43.589656,1776212102000
1776212104.138,4.138,0.11,100.0,0.08,20.0,0.89,100.0,0.92,20.0,0.11,100.0,0.08,20.0,0.89,100.0,0.92,20.0,0.78,0.78,43.589719,1776212103000
1776212105.16,5.16,0.11,100.0,0.08,20.0,0.89,100.0,0.92,20.0,0.11,100.0,0.08,20.0,0.89,100.0,0.92,20.0,0.78,0.78,43.589193,1776212104000
1776212106.229,6.229,0.11,100.0,0.08,20.0,0.89,100.0,0.92,20.0,0.11,100.0,0.08,20.0,0.89,100.0,0.92,20.0,0.78,0.78,43.584011,1776212105000
1776212107.286,7.286,0.11,100.0,0.08,20.0,0.89,100.0,0.92,20.0,0.11,100.0,0.08,20.0,0.89,100.0,0.92,20.0,0.78,0.78,43.578943,1776212106000
1776212108.351,8.351,0.11,100.0,0.08,20.0,0.89,100.0,0.92,20.0,0.11,100.0,0.08,20.0,0.89,100.0,0.92,20.0,0.78,0.78,43.575599,1776212107000
1776212108.874,8.874,0.11,100.0,0.08,20.0,0.89,100.0,0.92,20.0,0.11,100.0,0.08,20.0,0.89,100.0,0.92,20.0,0.78,0.78,43.575897,1776212108000
1776212109.953,9.953,0.11,100.0,0.08,20.0,0.89,100.0,0.92,20.0,0.11,100.0,0.08,20.0,0.89,100.0,0.92,20.0,0.78,0.78,43.575742,1776212109000
1776212110.851,10.851,0.11,100.0,0.08,20.0,0.89,100.0,0.92,20.0,0.11,100.0,0.08,20.0,0.89,100.0,0.92,20.0,0.78,0.78,43.575785,1776212110000
1776212111.921,11.921,0.11,100.0,0.08,20.0,0.89,100.0,0.92,20.0,0.11,100.0,0.08,20.0,0.89,100.0,0.92,20.0,0.78,0.78,43.578018,1776212111000
1776212113.153,13.153,0.11,100.0,0.08,20.0,0.89,100.0,0.92,20.0,0.11,100.0,0.08,20.0,0.89,100.0,0.92,20.0,0.78,0.78,43.573854,1776212112000
1776212114.716,14.716,0.11,100.0,0.08,20.0,0.89,100.0,0.92,20.0,0.11,100.0,0.08,20.0,0.89,100.0,0.92,20.0,0.78,0.78,43.570723,1776212113000
1776212115.213,15.213,0.11,100.0,0.08,20.0,0.89,100.0,0.92,20.0,0.11,100.0,0.08,20.0,0.89,100.0,0.92,20.0,0.78,0.78,43.570723,1776212114000
1776212117.143,17.143,0.11,100.0,0.08,20.0,0.89,100.0,0.92,20.0,0.11,100.0,0.08,20.0,0.89,100.0,0.92,20.0,0.78,0.78,43.570257,1776212115000
1776212117.861,17.861,0.11,100.0,0.08,20.0,0.89,100.0,0.92,20.0,0.11,100.0,0.08,20.0,0.89,100.0,0.92,20.0,0.78,0.78,43.562342,1776212116000
1776212118.717,18.717,0.11,100.0,0.08,20.0,0.89,100.0,0.92,20.0,0.11,100.0,0.08,20.0,0.89,100.0,0.92,20.0,0.78,0.78,43.56104,1776212117000
1776212119.269,19.269,0.11,100.0,0.08,20.0,0.89,100.0,0.92,20.0,0.11,100.0,0.08,20.0,0.89,100.0,0.92,20.0,0.78,0.78,43.56104,1776212118000
1776212120.824,20.824,0.11,100.0,0.08,20.0,0.89,100.0,0.92,20.0,0.11,100.0,0.08,20.0,0.89,100.0,0.92,20.0,0.78,0.78,43.561369,1776212119000
1776212121.626,21.626,0.11,100.0,0.08,20.0,0.89,100.0,0.92,20.0,0.11,100.0,0.08,20.0,0.89,100.0,0.92,20.0,0.78,0.78,43.5616,1776212120000
1776212122.423,22.423,0.11,100.0,0.08,20.0,0.89,100.0,0.92,20.0,0.11,100.0,0.08,20.0,0.89,100.0,0.92,20.0,0.78,0.78,43.561658,1776212121000
1776212123.311,23.311,0.11,100.0,0.08,20.0,0.89,100.0,0.92,20.0,0.11,100.0,0.08,20.0,0.89,100.0,0.92,20.0,0.78,0.78,43.568702,1776212122000
1776212124.738,24.738,0.11,100.0,0.08,20.0,0.89,100.0,0.92,20.0,0.11,100.0,0.08,20.0,0.89,100.0,0.92,20.0,0.78,0.78,43.569977,1776212123000
1776212125.498,25.498,0.11,100.0,0.08,20.0,0.89,100.0,0.92,20.0,0.11,100.0,0.08,20.0,0.89,100.0,0.92,20.0,0.78,0.78,43.564433,1776212124000
1776212126.384,26.384,0.11,100.0,0.08,20.0,0.89,100.0,0.92,20.0,0.11,100.0,0.08,20.0,0.89,100.0,0.92,20.0,0.78,0.78,43.562602,1776212125000
1776212127.166,27.166,0.11,100.0,0.08,20.0,0.89,100.0,0.92,20.0,0.11,100.0,0.08,20.0,0.89,100.0,0.92,20.0,0.78,0.78,43.563573,1776212126000
1776212128.679,28.679,0.11,100.0,0.08,20.0,0.89,100.0,0.92,20.0,0.11,100.0,0.08,20.0,0.89,100.0,0.92,20.0,0.78,0.78,43.563924,1776212127000
1776212129.327,29.327,0.11,100.0,0.08,20.0,0.89,100.0,0.92,20.0,0.11,100.0,0.08,20.0,0.89,100.0,0.92,20.0,0.78,0.78,43.563687,1776212128000
1776212130.139,30.139,0.11,100.0,0.08,20.0,0.89,100.0,0.92,20.0,0.11,100.0,0.08,20.0,0.89,100.0,0.92,20.0,0.78,0.78,43.568505,1776212129000
1776212131.8,31.8,0.11,100.0,0.08,20.0,0.89,100.0,0.92,20.0,0.11,100.0,0.08,20.0,0.89,100.0,0.92,20.0,0.78,0.78,43.571023,1776212130000
1776212132.642,32.642,0.11,100.0,0.08,20.0,0.89,100.0,0.92,20.0,0.11,100.0,0.08,20.0,0.89,100.0,0.92,20.0,0.78,0.78,43.570843,1776212131000
1776212133.33,33.33,0.11,100.0,0.08,20.0,0.89,100.0,0.92,20.0,0.11,100.0,0.08,20.0,0.89,100.0,0.92,20.0,0.78,0.78,43.571055,1776212132000
1776212134.501,34.501,0.11,100.0,0.08,20.0,0.89,100.0,0.92,20.0,0.11,100.0,0.08,20.0,0.89,100.0,0.92,20.0,0.78,0.78,43.567462,1776212133000
1776212135.095,35.095,0.11,100.0,0.08,20.0,0.89,100.0,0.92,20.0,0.11,100.0,0.08,20.0,0.89,100.0,0.92,20.0,0.78,0.78,43.566939,1776212134000
1776212136.121,36.121,0.11,100.0,0.08,20.0,0.89,100.0,0.92,20.0,0.11,100.0,0.08,20.0,0.89,100.0,0.92,20.0,0.78,0.78,43.560521,1776212135000
1776212137.236,37.236,0.11,100.0,0.08,20.0,0.89,100.0,0.92,20.0,0.11,100.0,0.08,20.0,0.89,100.0,0.92,20.0,0.78,0.78,43.559575,1776212136000
1776212138.37,38.37,0.11,100.0,0.08,20.0,0.89,100.0,0.92,20.0,0.11,100.0,0.08,20.0,0.89,100.0,0.92,20.0,0.78,0.78,43.559362,1776212137000
1776212138.981,38.981,0.11,100.0,0.08,20.0,0.89,100.0,0.92,20.0,0.11,100.0,0.08,20.0,0.89,100.0,0.92,20.0,0.78,0.78,43.559362,1776212138000
1776212140.013,40.013,0.11,100.0,0.08,20.0,0.89,100.0,0.92,20.0,0.11,100.0,0.08,20.0,0.89,100.0,0.92,20.0,0.78,0.78,43.559653,1776212139000
1776212141.12,41.12,0.11,100.0,0.08,20.0,0.89,100.0,0.92,20.0,0.11,100.0,0.08,20.0,0.89,100.0,0.92,20.0,0.78,0.78,43.559956,1776212140000
1776212142.121,42.121,0.11,100.0,0.08,20.0,0.89,100.0,0.92,20.0,0.11,100.0,0.08,20.0,0.89,100.0,0.92,20.0,0.78,0.78,43.559686,1776212141000
1776212143.214,43.214,0.11,100.0,0.08,20.0,0.89,100.0,0.92,20.0,0.11,100.0,0.08,20.0,0.89,100.0,0.92,20.0,0.78,0.78,43.558457,1776212142000
1776212144.257,44.257,0.11,100.0,0.08,20.0,0.89,100.0,0.92,20.0,0.11,100.0,0.08,20.0,0.89,100.0,0.92,20.0,0.78,0.78,43.558009,1776212143000
1776212145.319,45.319,0.11,100.0,0.08,20.0,0.89,100.0,0.92,20.0,0.11,100.0,0.08,20.0,0.89,100.0,0.92,20.0,0.78,0.78,43.557883,1776212144000
1776212145.89,45.89,0.11,100.0,0.08,20.0,0.89,100.0,0.92,20.0,0.11,100.0,0.08,20.0,0.89,100.0,0.92,20.0,0.78,0.78,43.557961,1776212145000
1776212147.311,47.311,0.11,100.0,0.08,20.0,0.89,100.0,0.92,20.0,0.11,100.0,0.08,20.0,0.89,100.0,0.92,20.0,0.78,0.78,43.557666,1776212146000
1776212147.837,47.837,0.11,100.0,0.08,20.0,0.89,100.0,0.92,20.0,0.11,100.0,0.08,20.0,0.89,100.0,0.92,20.0,0.78,0.78,43.557666,1776212147000
1776212148.95,48.95,0.11,100.0,0.08,20.0,0.89,100.0,0.92,20.0,0.11,100.0,0.08,20.0,0.89,100.0,0.92,20.0,0.78,0.78,43.556679,1776212148000
1776212149.848,49.848,0.11,100.0,0.08,20.0,0.89,100.0,0.92,20.0,0.11,100.0,0.08,20.0,0.89,100.0,0.92,20.0,0.78,0.78,43.556374,1776212149000
1776212150.213,50.213,0.3,3.62,0.29,15.0,0.33,10.0,0.35,5.0,0.11,100.0,0.08,20.0,0.89,100.0,0.92,20.0,0.03,0.78,43.556374,1776212149000
1776212150.828,50.828,0.3,3.62,0.29,15.0,0.33,10.0,0.35,5.0,0.67,10.0,0.65,5.0,0.7,3.62,0.71,15.0,0.03,0.03,43.555358,1776212150000
1776212151.848,51.848,0.3,3.62,0.29,15.0,0.33,10.0,0.35,5.0,0.67,10.0,0.65,5.0,0.7,3.62,0.71,15.0,0.03,0.03,43.555021,1776212151000
1776212152.93,52.93,0.3,3.62,0.29,15.0,0.33,10.0,0.35,5.0,0.67,10.0,0.65,5.0,0.7,3.62,0.71,15.0,0.03,0.03,43.553788,1776212152000
1776212153.193,53.193,0.22,5.0,0.21,15.0,0.26,5.0,0.27,5.0,0.67,10.0,0.65,5.0,0.7,3.62,0.71,15.0,0.04,0.03,43.553788,1776212152000
1776212153.515,53.515,0.21,5.0,0.2,15.0,0.24,5.0,0.25,5.0,0.74,5.0,0.73,5.0,0.78,5.0,0.79,15.0,0.03,0.04,43.553788,1776212152000
1776212153.84,53.84,0.2,10.0,0.19,15.0,0.24,37.0,0.25,5.0,0.76,5.0,0.75,5.0,0.79,5.0,0.8,15.0,0.04,0.03,43.553788,1776212152000
1776212154.298,54.298,0.2,4.75,0.19,15.0,0.24,32.0,0.25,5.0,0.76,37.0,0.75,5.0,0.8,10.0,0.81,15.0,0.04,0.04,43.55433,1776212153000
1776212154.874,54.874,0.2,4.75,0.19,15.0,0.24,32.0,0.25,5.0,0.76,32.0,0.75,5.0,0.8,4.75,0.81,15.0,0.04,0.04,43.533089,1776212154000
1776212155.871,55.871,0.2,4.75,0.19,15.0,0.24,32.0,0.25,5.0,0.76,32.0,0.75,5.0,0.8,4.75,0.81,15.0,0.04,0.04,43.521027,1776212155000
1776212156.937,56.937,0.2,4.75,0.19,15.0,0.24,32.0,0.25,5.0,0.76,32.0,0.75,5.0,0.8,4.75,0.81,15.0,0.04,0.04,43.51734,1776212156000
1776212157.964,57.964,0.2,4.75,0.19,15.0,0.24,32.0,0.25,5.0,0.76,32.0,0.75,5.0,0.8,4.75,0.81,15.0,0.04,0.04,43.519257,1776212157000
1776212158.302,58.302,0.23,9.8,0.22,15.0,0.24,32.0,0.26,5.0,0.76,32.0,0.75,5.0,0.8,4.75,0.81,15.0,0.01,0.04,43.519257,1776212157000
1776212158.993,58.993,0.23,9.8,0.22,15.0,0.24,32.0,0.26,5.0,0.76,32.0,0.74,5.0,0.77,9.8,0.78,15.0,0.01,0.01,43.519182,1776212158000
1776212159.736,59.736,0.22,7.0,0.21,15.0,0.24,32.0,0.25,5.0,0.76,32.0,0.74,5.0,0.77,9.8,0.78,15.0,0.02,0.01,43.519182,1776212158000
1776212160.944,60.944,0.22,7.0,0.21,15.0,0.24,32.0,0.25,5.0,0.76,32.0,0.75,5.0,0.78,7.0,0.79,15.0,0.02,0.02,43.519208,1776212159000
1776212161.566,61.566,0.22,7.0,0.21,15.0,0.24,32.0,0.25,5.0,0.76,32.0,0.75,5.0,0.78,7.0,0.79,15.0,0.02,0.02,43.520973,1776212160000
1776212162.24,62.24,0.22,7.0,0.21,15.0,0.24,32.0,0.25,5.0,0.76,32.0,0.75,5.0,0.78,7.0,0.79,15.0,0.02,0.02,43.512611,1776212161000
1776212163.551,63.551,0.21,15.0,0.2,4.75,0.24,32.0,0.26,5.0,0.76,32.0,0.74,5.0,0.79,15.0,0.8,4.75,0.03,0.03,43.512261,1776212162000
1776212164.182,64.182,0.21,15.0,0.2,4.75,0.24,32.0,0.26,5.0,0.76,32.0,0.74,5.0,0.79,15.0,0.8,4.75,0.03,0.03,43.512262,1776212163000
1776212164.453,64.453,0.2,4.75,0.19,15.0,0.24,32.0,0.26,5.0,0.76,32.0,0.74,5.0,0.79,15.0,0.8,4.75,0.04,0.03,43.512262,1776212163000
1776212165.451,65.451,0.2,4.75,0.19,15.0,0.24,32.0,0.26,5.0,0.76,32.0,0.74,5.0,0.8,4.75,0.81,15.0,0.04,0.04,43.512949,1776212164000
1776212166.159,66.159,0.2,4.75,0.19,15.0,0.24,32.0,0.26,5.0,0.76,32.0,0.74,5.0,0.8,4.75,0.81,15.0,0.04,0.04,43.512949,1776212165000
1776212167.585,67.585,0.2,4.75,0.19,15.0,0.24,32.0,0.26,5.0,0.76,32.0,0.74,5.0,0.8,4.75,0.81,15.0,0.04,0.04,43.51296,1776212166000
1776212168.409,68.409,0.2,4.75,0.19,15.0,0.24,32.0,0.26,5.0,0.76,32.0,0.74,5.0,0.8,4.75,0.81,15.0,0.04,0.04,43.512938,1776212167000
1776212169.779,69.779,0.2,4.75,0.19,15.0,0.24,32.0,0.26,5.0,0.76,32.0,0.74,5.0,0.8,4.75,0.81,15.0,0.04,0.04,43.511902,1776212168000
1776212170.552,70.552,0.2,4.75,0.19,15.0,0.24,32.0,0.26,5.0,0.76,32.0,0.74,5.0,0.8,4.75,0.81,15.0,0.04,0.04,43.511902,1776212169000
1776212171.226,71.226,0.2,4.75,0.19,15.0,0.24,32.0,0.26,5.0,0.76,32.0,0.74,5.0,0.8,4.75,0.81,15.0,0.04,0.04,43.511869,1776212170000
1776212172.604,72.604,0.2,4.75,0.19,15.0,0.24,32.0,0.26,5.0,0.76,32.0,0.74,5.0,0.8,4.75,0.81,15.0,0.04,0.04,43.512212,1776212171000
1776212173.385,73.385,0.2,4.75,0.19,15.0,0.24,32.0,0.26,5.0,0.76,32.0,0.74,5.0,0.8,4.75,0.81,15.0,0.04,0.04,43.511922,1776212172000
1776212174.068,74.068,0.2,4.75,0.19,15.0,0.24,32.0,0.26,5.0,0.76,32.0,0.74,5.0,0.8,4.75,0.81,15.0,0.04,0.04,43.511961,1776212173000
1776212175.573,75.573,0.2,4.75,0.19,15.0,0.24,32.0,0.26,5.0,0.76,32.0,0.74,5.0,0.8,4.75,0.81,15.0,0.04,0.04,43.512115,1776212174000
1776212176.334,76.334,0.2,4.75,0.19,15.0,0.24,32.0,0.26,5.0,0.76,32.0,0.74,5.0,0.8,4.75,0.81,15.0,0.04,0.04,43.512115,1776212175000
1776212178.211,78.211,0.2,4.75,0.19,15.0,0.24,32.0,0.26,5.0,0.76,32.0,0.74,5.0,0.8,4.75,0.81,15.0,0.04,0.04,43.512075,1776212177000
1776212179.191,79.191,0.2,4.75,0.19,15.0,0.24,32.0,0.26,5.0,0.76,32.0,0.74,5.0,0.8,4.75,0.81,15.0,0.04,0.04,43.512115,1776212178000
1776212179.467,79.467,0.16,15.0,0.15,15.0,0.23,33.0,0.24,5.0,0.76,32.0,0.74,5.0,0.8,4.75,0.81,15.0,0.07,0.04,43.512115,1776212178000
1776212180.267,80.267,0.16,15.0,0.15,15.0,0.23,33.0,0.24,5.0,0.77,33.0,0.76,5.0,0.84,15.0,0.85,15.0,0.07,0.07,43.512117,1776212179000
1776212181.298,81.298,0.16,15.0,0.15,15.0,0.23,33.0,0.24,5.0,0.77,33.0,0.76,5.0,0.84,15.0,0.85,15.0,0.07,0.07,43.512182,1776212180000
1776212182.263,82.263,0.16,15.0,0.15,15.0,0.23,33.0,0.24,5.0,0.77,33.0,0.76,5.0,0.84,15.0,0.85,15.0,0.07,0.07,43.512215,1776212181000
1776212183.444,83.444,0.16,15.0,0.15,15.0,0.23,33.0,0.24,5.0,0.77,33.0,0.76,5.0,0.84,15.0,0.85,15.0,0.07,0.07,43.512857,1776212182000
1776212184.228,84.228,0.16,15.0,0.15,15.0,0.23,33.0,0.24,5.0,0.77,33.0,0.76,5.0,0.84,15.0,0.85,15.0,0.07,0.07,43.512679,1776212183000
1776212184.524,84.524,0.15,15.0,0.14,15.0,0.23,33.0,0.24,20.0,0.77,33.0,0.76,5.0,0.84,15.0,0.85,15.0,0.08,0.07,43.512679,1776212183000
1776212185.283,85.283,0.15,15.0,0.14,15.0,0.23,33.0,0.24,20.0,0.77,33.0,0.76,20.0,0.85,15.0,0.86,15.0,0.08,0.08,43.51286,1776212184000
1776212186.336,86.336,0.15,15.0,0.14,15.0,0.23,33.0,0.24,20.0,0.77,33.0,0.76,20.0,0.85,15.0,0.86,15.0,0.08,0.08,43.510633,1776212185000
1776212186.951,86.951,0.15,15.0,0.14,15.0,0.23,33.0,0.24,20.0,0.77,33.0,0.76,20.0,0.85,15.0,0.86,15.0,0.08,0.08,43.507882,1776212186000
1776212187.273,87.273,0.12,15.0,0.11,15.0,0.2,37.0,0.21,20.0,0.77,33.0,0.76,20.0,0.85,15.0,0.86,15.0,0.08,0.08,43.507882,1776212186000
1776212187.992,87.992,0.12,15.0,0.11,15.0,0.2,37.0,0.21,20.0,0.8,37.0,0.79,20.0,0.88,15.0,0.89,15.0,0.08,0.08,43.507473,1776212187000
1776212188.604,88.604,0.14,15.0,0.13,15.0,0.2,32.0,0.22,5.0,0.8,37.0,0.79,20.0,0.88,15.0,0.89,15.0,0.06,0.08,43.507473,1776212187000
1776212189.058,89.058,0.14,15.0,0.13,15.0,0.2,26.5,0.22,5.0,0.8,26.5,0.78,5.0,0.86,15.0,0.87,15.0,0.06,0.06,43.507198,1776212188000
1776212190.239,90.239,0.14,15.0,0.13,15.0,0.2,26.5,0.22,5.0,0.8,26.5,0.78,5.0,0.86,15.0,0.87,15.0,0.06,0.06,43.509457,1776212189000
1776212191.845,91.845,0.14,15.0,0.13,15.0,0.2,26.5,0.22,5.0,0.8,26.5,0.78,5.0,0.86,15.0,0.87,15.0,0.06,0.06,43.510701,1776212190000
1776212192.435,92.435,0.14,15.0,0.13,15.0,0.2,26.5,0.22,5.0,0.8,26.5,0.78,5.0,0.86,15.0,0.87,15.0,0.06,0.06,43.5151,1776212191000
1776212192.677,92.677,0.19,15.0,0.18,15.0,0.2,17.65,0.24,5.0,0.8,26.5,0.78,5.0,0.86,15.0,0.87,15.0,0.01,0.06,43.5151,1776212191000
1776212192.993,92.993,0.19,15.0,0.18,15.0,0.2,17.65,0.24,5.0,0.8,17.65,0.76,5.0,0.81,15.0,0.82,15.0,0.01,0.01,43.5151,1776212192000
1776212194.166,94.166,0.19,15.0,0.18,15.0,0.24,5.0,0.25,5.0,0.76,5.0,0.75,5.0,0.81,15.0,0.82,15.0,0.05,0.05,43.517058,1776212193000
1776212194.611,94.611,0.21,15.0,0.2,15.0,0.24,5.0,0.25,5.0,0.76,5.0,0.75,5.0,0.81,15.0,0.82,15.0,0.03,0.05,43.517058,1776212193000
1776212195.264,95.264,0.21,15.0,0.2,15.0,0.24,5.0,0.25,5.0,0.76,5.0,0.75,5.0,0.79,15.0,0.8,15.0,0.03,0.03,43.527328,1776212194000
1776212196.348,96.348,0.21,15.0,0.2,15.0,0.24,5.0,0.25,5.0,0.76,5.0,0.75,5.0,0.79,15.0,0.8,15.0,0.03,0.03,43.530912,1776212195000
1776212196.873,96.873,0.21,15.0,0.2,15.0,0.24,5.0,0.25,5.0,0.76,5.0,0.75,5.0,0.79,15.0,0.8,15.0,0.03,0.03,43.530912,1776212196000
1776212197.873,97.873,0.21,15.0,0.2,15.0,0.24,5.0,0.25,5.0,0.76,5.0,0.75,5.0,0.79,15.0,0.8,15.0,0.03,0.03,43.534238,1776212197000
1776212198.955,98.955,0.21,15.0,0.2,15.0,0.24,5.0,0.25,5.0,0.76,5.0,0.75,5.0,0.79,15.0,0.8,15.0,0.03,0.03,43.534238,1776212198000
1776212200.117,100.117,0.21,15.0,0.2,15.0,0.24,5.0,0.25,5.0,0.76,5.0,0.75,5.0,0.79,15.0,0.8,15.0,0.03,0.03,43.534513,1776212199000
1776212201.417,101.417,0.21,15.0,0.2,15.0,0.24,5.0,0.25,5.0,0.76,5.0,0.75,5.0,0.79,15.0,0.8,15.0,0.03,0.03,43.535313,1776212200000
1776212202.103,102.103,0.21,15.0,0.2,15.0,0.24,5.0,0.25,5.0,0.76,5.0,0.75,5.0,0.79,15.0,0.8,15.0,0.03,0.03,43.53552,1776212201000
1776212203.192,103.192,0.21,15.0,0.2,15.0,0.24,5.0,0.25,5.0,0.76,5.0,0.75,5.0,0.79,15.0,0.8,15.0,0.03,0.03,43.535203,1776212202000
1776212204.395,104.395,0.21,15.0,0.2,15.0,0.24,5.0,0.25,5.0,0.76,5.0,0.75,5.0,0.79,15.0,0.8,15.0,0.03,0.03,43.532818,1776212203000
1776212204.996,104.996,0.21,15.0,0.2,15.0,0.24,5.0,0.25,5.0,0.76,5.0,0.75,5.0,0.79,15.0,0.8,15.0,0.03,0.03,43.531318,1776212204000
1776212206.657,106.657,0.21,15.0,0.2,15.0,0.24,5.0,0.25,5.0,0.76,5.0,0.75,5.0,0.79,15.0,0.8,15.0,0.03,0.03,43.531137,1776212205000
1776212207.388,107.388,0.21,15.0,0.2,15.0,0.24,5.0,0.25,5.0,0.76,5.0,0.75,5.0,0.79,15.0,0.8,15.0,0.03,0.03,43.530347,1776212206000
1776212208.244,108.244,0.21,15.0,0.2,15.0,0.24,5.0,0.25,5.0,0.76,5.0,0.75,5.0,0.79,15.0,0.8,15.0,0.03,0.03,43.530189,1776212207000
1776212209.681,109.681,0.21,15.0,0.2,15.0,0.24,5.0,0.25,5.0,0.76,5.0,0.75,5.0,0.79,15.0,0.8,15.0,0.03,0.03,43.530163,1776212208000
1776212210.38,110.38,0.21,15.0,0.2,15.0,0.24,5.0,0.25,5.0,0.76,5.0,0.75,5.0,0.79,15.0,0.8,15.0,0.03,0.03,43.529549,1776212209000
1776212211.009,111.009,0.21,15.0,0.2,15.0,0.24,5.0,0.25,5.0,0.76,5.0,0.75,5.0,0.79,15.0,0.8,15.0,0.03,0.03,43.529113,1776212210000
1776212212.303,112.303,0.21,15.0,0.2,15.0,0.24,5.0,0.25,5.0,0.76,5.0,0.75,5.0,0.79,15.0,0.8,15.0,0.03,0.03,43.523512,1776212211000
1776212213.589,113.589,0.21,15.0,0.2,15.0,0.24,5.0,0.25,5.0,0.76,5.0,0.75,5.0,0.79,15.0,0.8,15.0,0.03,0.03,43.514668,1776212212000
1776212214.197,114.197,0.21,15.0,0.2,15.0,0.24,5.0,0.25,5.0,0.76,5.0,0.75,5.0,0.79,15.0,0.8,15.0,0.03,0.03,43.512673,1776212213000
1776212214.988,114.988,0.21,15.0,0.2,15.0,0.24,5.0,0.25,5.0,0.76,5.0,0.75,5.0,0.79,15.0,0.8,15.0,0.03,0.03,43.512671,1776212214000
1776212216.323,116.323,0.21,15.0,0.2,15.0,0.24,5.0,0.25,5.0,0.76,5.0,0.75,5.0,0.79,15.0,0.8,15.0,0.03,0.03,43.512904,1776212215000
1776212217.543,117.543,0.21,15.0,0.2,15.0,0.24,5.0,0.25,5.0,0.76,5.0,0.75,5.0,0.79,15.0,0.8,15.0,0.03,0.03,43.512921,1776212216000
1776212218.418,118.418,0.21,15.0,0.2,15.0,0.24,5.0,0.25,5.0,0.76,5.0,0.75,5.0,0.79,15.0,0.8,15.0,0.03,0.03,43.512913,1776212217000
1776212218.974,118.974,0.21,15.0,0.2,15.0,0.24,5.0,0.25,5.0,0.76,5.0,0.75,5.0,0.79,15.0,0.8,15.0,0.03,0.03,43.512913,1776212218000
1776212220.325,120.325,0.21,15.0,0.2,15.0,0.24,5.0,0.25,5.0,0.76,5.0,0.75,5.0,0.79,15.0,0.8,15.0,0.03,0.03,43.514422,1776212219000
1776212221.562,121.562,0.21,15.0,0.2,15.0,0.24,5.0,0.25,5.0,0.76,5.0,0.75,5.0,0.79,15.0,0.8,15.0,0.03,0.03,43.517017,1776212220000
1776212222.283,122.283,0.21,15.0,0.2,15.0,0.24,5.0,0.25,5.0,0.76,5.0,0.75,5.0,0.79,15.0,0.8,15.0,0.03,0.03,43.517017,1776212221000
1776212223.95,123.95,0.21,15.0,0.2,15.0,0.24,5.0,0.25,5.0,0.76,5.0,0.75,5.0,0.79,15.0,0.8,15.0,0.03,0.03,43.519331,1776212222000
1776212224.492,124.492,0.21,15.0,0.2,15.0,0.24,5.0,0.25,5.0,0.76,5.0,0.75,5.0,0.79,15.0,0.8,15.0,0.03,0.03,43.519499,1776212223000
1776212224.998,124.998,0.21,15.0,0.2,15.0,0.24,5.0,0.25,5.0,0.76,5.0,0.75,5.0,0.79,15.0,0.8,15.0,0.03,0.03,43.519523,1776212224000
1776212226.008,126.008,0.21,15.0,0.2,15.0,0.24,5.0,0.25,5.0,0.76,5.0,0.75,5.0,0.79,15.0,0.8,15.0,0.03,0.03,43.519771,1776212225000
1776212226.973,126.973,0.21,15.0,0.2,15.0,0.24,5.0,0.25,5.0,0.76,5.0,0.75,5.0,0.79,15.0,0.8,15.0,0.03,0.03,43.519816,1776212226000
1776212228.084,128.084,0.21,15.0,0.2,15.0,0.24,5.0,0.25,5.0,0.76,5.0,0.75,5.0,0.79,15.0,0.8,15.0,0.03,0.03,43.520014,1776212227000
1776212229.049,129.049,0.12,15.0,0.11,15.0,0.19,8.0,0.21,15.0,0.81,8.0,0.79,15.0,0.88,15.0,0.89,15.0,0.07,0.07,43.52296,1776212228000
1776212230.045,130.045,0.12,15.0,0.11,15.0,0.19,8.0,0.21,15.0,0.81,8.0,0.79,15.0,0.88,15.0,0.89,15.0,0.07,0.07,43.52156,1776212229000
1776212231.019,131.019,0.12,15.0,0.11,15.0,0.19,8.0,0.21,15.0,0.81,8.0,0.79,15.0,0.88,15.0,0.89,15.0,0.07,0.07,43.515456,1776212230000
1776212232.028,132.028,0.12,15.0,0.11,15.0,0.19,8.0,0.21,15.0,0.81,8.0,0.79,15.0,0.88,15.0,0.89,15.0,0.07,0.07,43.515522,1776212231000
1776212233.133,133.133,0.12,15.0,0.11,15.0,0.19,8.0,0.21,15.0,0.81,8.0,0.79,15.0,0.88,15.0,0.89,15.0,0.07,0.07,43.513891,1776212232000
1776212234.083,134.083,0.12,15.0,0.11,15.0,0.19,8.0,0.21,15.0,0.81,8.0,0.79,15.0,0.88,15.0,0.89,15.0,0.07,0.07,43.512814,1776212233000
1776212235.114,135.114,0.12,15.0,0.11,15.0,0.19,8.0,0.21,15.0,0.81,8.0,0.79,15.0,0.88,15.0,0.89,15.0,0.07,0.07,43.511919,1776212234000
1776212236.209,136.209,0.12,15.0,0.11,15.0,0.19,8.0,0.21,15.0,0.81,8.0,0.79,15.0,0.88,15.0,0.89,15.0,0.07,0.07,43.512319,1776212235000
1776212237.2,137.2,0.12,15.0,0.11,15.0,0.19,8.0,0.21,15.0,0.81,8.0,0.79,15.0,0.88,15.0,0.89,15.0,0.07,0.07,43.512318,1776212236000
1776212238.63,138.63,0.12,15.0,0.11,15.0,0.19,8.0,0.21,15.0,0.81,8.0,0.79,15.0,0.88,15.0,0.89,15.0,0.07,0.07,43.511455,1776212237000
1776212239.1,139.1,0.12,15.0,0.11,15.0,0.19,8.0,0.21,15.0,0.81,8.0,0.79,15.0,0.88,15.0,0.89,15.0,0.07,0.07,43.511455,1776212238000
1776212240.443,140.443,0.12,15.0,0.11,15.0,0.19,8.0,0.21,15.0,0.81,8.0,0.79,15.0,0.88,15.0,0.89,15.0,0.07,0.07,43.508391,1776212239000
1776212241.004,141.004,0.12,15.0,0.11,15.0,0.19,8.0,0.21,15.0,0.81,8.0,0.79,15.0,0.88,15.0,0.89,15.0,0.07,0.07,43.507323,1776212240000
1776212242.269,142.269,0.12,15.0,0.11,15.0,0.19,8.0,0.21,15.0,0.81,8.0,0.79,15.0,0.88,15.0,0.89,15.0,0.07,0.07,43.505803,1776212241000
1776212243.451,143.451,0.12,15.0,0.11,15.0,0.19,8.0,0.21,15.0,0.81,8.0,0.79,15.0,0.88,15.0,0.89,15.0,0.07,0.07,43.505383,1776212242000
1776212244.013,144.013,0.12,15.0,0.11,15.0,0.19,8.0,0.21,15.0,0.81,8.0,0.79,15.0,0.88,15.0,0.89,15.0,0.07,0.07,43.505383,1776212243000
1776212245.458,145.458,0.12,15.0,0.11,15.0,0.19,8.0,0.21,15.0,0.81,8.0,0.79,15.0,0.88,15.0,0.89,15.0,0.07,0.07,43.510737,1776212244000
1776212246.132,146.132,0.12,15.0,0.11,15.0,0.19,8.0,0.21,15.0,0.81,8.0,0.79,15.0,0.88,15.0,0.89,15.0,0.07,0.07,43.512596,1776212245000
1776212247.228,147.228,0.12,15.0,0.11,15.0,0.19,8.0,0.21,15.0,0.81,8.0,0.79,15.0,0.88,15.0,0.89,15.0,0.07,0.07,43.512879,1776212246000
1776212248.935,148.935,0.12,15.0,0.11,15.0,0.19,8.0,0.21,15.0,0.81,8.0,0.79,15.0,0.88,15.0,0.89,15.0,0.07,0.07,43.51307,1776212247000
1776212249.513,149.513,0.12,15.0,0.11,15.0,0.19,8.0,0.21,15.0,0.81,8.0,0.79,15.0,0.88,15.0,0.89,15.0,0.07,0.07,43.51307,1776212248000
1776212250.365,150.365,0.12,6.67,0.11,15.0,0.19,21.0,0.2,15.0,0.81,8.0,0.79,15.0,0.88,15.0,0.89,15.0,0.07,0.07,43.51307,1776212248000
1776212251.125,151.125,0.12,6.67,0.11,15.0,0.19,21.0,0.2,15.0,0.81,21.0,0.8,15.0,0.88,6.67,0.89,15.0,0.07,0.07,43.513031,1776212250000
1776212252.597,152.597,0.12,6.67,0.11,15.0,0.19,21.0,0.2,15.0,0.81,21.0,0.8,15.0,0.88,6.67,0.89,15.0,0.07,0.07,43.515682,1776212251000
1776212253.227,153.227,0.12,6.67,0.11,15.0,0.19,21.0,0.2,15.0,0.81,21.0,0.8,15.0,0.88,6.67,0.89,15.0,0.07,0.07,43.517069,1776212252000
1776212254.24,154.24,0.12,6.67,0.11,15.0,0.19,21.0,0.2,15.0,0.81,21.0,0.8,15.0,0.88,6.67,0.89,15.0,0.07,0.07,43.517326,1776212253000
1776212255.276,155.276,0.12,6.67,0.11,15.0,0.19,21.0,0.2,15.0,0.81,21.0,0.8,15.0,0.88,6.67,0.89,15.0,0.07,0.07,43.514384,1776212254000
1776212256.248,156.248,0.12,6.67,0.11,15.0,0.19,21.0,0.2,15.0,0.81,21.0,0.8,15.0,0.88,6.67,0.89,15.0,0.07,0.07,43.514226,1776212255000
1776212257.23,157.23,0.12,6.67,0.11,15.0,0.19,21.0,0.2,15.0,0.81,21.0,0.8,15.0,0.88,6.67,0.89,15.0,0.07,0.07,43.513485,1776212256000
1776212258.385,158.385,0.12,6.67,0.11,15.0,0.19,21.0,0.2,15.0,0.81,21.0,0.8,15.0,0.88,6.67,0.89,15.0,0.07,0.07,43.512638,1776212257000
1776212259.337,159.337,0.12,6.67,0.11,15.0,0.19,21.0,0.2,15.0,0.81,21.0,0.8,15.0,0.88,6.67,0.89,15.0,0.07,0.07,43.513477,1776212258000
1776212260.324,160.324,0.12,6.67,0.11,15.0,0.19,21.0,0.2,15.0,0.81,21.0,0.8,15.0,0.88,6.67,0.89,15.0,0.07,0.07,43.513331,1776212259000
1776212260.837,160.837,0.12,6.67,0.11,15.0,0.19,21.0,0.2,15.0,0.81,21.0,0.8,15.0,0.88,6.67,0.89,15.0,0.07,0.07,43.513331,1776212260000
1776212261.776,161.776,0.12,6.67,0.11,15.0,0.19,21.0,0.2,15.0,0.81,21.0,0.8,15.0,0.88,6.67,0.89,15.0,0.07,0.07,43.513254,1776212261000
1776212262.219,162.219,0.07,14.86,0.06,15.0,0.12,15.0,0.13,15.0,0.81,21.0,0.8,15.0,0.88,6.67,0.89,15.0,0.05,0.07,43.513254,1776212261000
1776212263.302,163.302,0.07,14.86,0.06,15.0,0.12,15.0,0.13,15.0,0.88,15.0,0.87,15.0,0.93,14.86,0.94,15.0,0.05,0.05,43.513261,1776212262000
1776212264.207,164.207,0.07,14.86,0.06,15.0,0.12,15.0,0.13,15.0,0.88,15.0,0.87,15.0,0.93,14.86,0.94,15.0,0.05,0.05,43.513261,1776212263000
1776212265.313,165.313,0.06,15.0,0.05,15.0,0.11,5.9,0.12,15.0,0.88,15.0,0.87,15.0,0.93,14.86,0.94,15.0,0.05,0.05,43.513261,1776212263000
1776212266.136,166.136,0.06,15.0,0.05,15.0,0.11,5.9,0.12,15.0,0.89,5.9,0.88,15.0,0.94,15.0,0.95,15.0,0.05,0.05,43.513037,1776212265000
1776212267.077,167.077,0.06,15.0,0.05,15.0,0.11,5.9,0.12,15.0,0.89,5.9,0.88,15.0,0.94,15.0,0.95,15.0,0.05,0.05,43.512984,1776212266000
1776212268.29,168.29,0.06,15.0,0.05,15.0,0.11,5.9,0.12,15.0,0.89,5.9,0.88,15.0,0.94,15.0,0.95,15.0,0.05,0.05,43.51279,1776212267000
1776212269.284,169.284,0.06,15.0,0.05,15.0,0.11,5.9,0.12,15.0,0.89,5.9,0.88,15.0,0.94,15.0,0.95,15.0,0.05,0.05,43.513195,1776212268000
1776212270.314,170.314,0.06,15.0,0.05,15.0,0.11,5.9,0.12,15.0,0.89,5.9,0.88,15.0,0.94,15.0,0.95,15.0,0.05,0.05,43.513195,1776212269000
1776212271.391,171.391,0.06,15.0,0.05,15.0,0.11,5.9,0.12,15.0,0.89,5.9,0.88,15.0,0.94,15.0,0.95,15.0,0.05,0.05,43.513339,1776212270000
1776212271.962,171.962,0.06,15.0,0.05,15.0,0.11,5.9,0.12,15.0,0.89,5.9,0.88,15.0,0.94,15.0,0.95,15.0,0.05,0.05,43.513337,1776212271000
1776212272.994,172.994,0.06,15.0,0.05,15.0,0.11,5.9,0.12,15.0,0.89,5.9,0.88,15.0,0.94,15.0,0.95,15.0,0.05,0.05,43.513337,1776212272000
1776212274.132,174.132,0.06,15.0,0.05,15.0,0.11,5.9,0.12,15.0,0.89,5.9,0.88,15.0,0.94,15.0,0.95,15.0,0.05,0.05,43.513307,1776212273000
1776212274.413,174.413,0.06,7.5,0.05,15.0,0.08,33.0,0.11,5.9,0.89,5.9,0.88,15.0,0.94,15.0,0.95,15.0,0.02,0.05,43.513307,1776212273000
1776212275.313,175.313,0.05,2.5,0.04,20.0,0.08,33.0,0.1,15.0,0.92,33.0,0.89,5.9,0.94,7.5,0.95,15.0,0.03,0.02,43.513307,1776212273000
1776212276.29,176.29,0.05,2.5,0.04,20.0,0.08,33.0,0.1,15.0,0.92,33.0,0.9,15.0,0.95,2.5,0.96,20.0,0.03,0.03,43.513461,1776212275000
1776212277.269,177.269,0.05,2.5,0.04,20.0,0.08,33.0,0.1,15.0,0.92,33.0,0.9,15.0,0.95,2.5,0.96,20.0,0.03,0.03,43.513123,1776212276000
1776212278.288,178.288,0.05,2.5,0.04,20.0,0.08,33.0,0.1,15.0,0.92,33.0,0.9,15.0,0.95,2.5,0.96,20.0,0.03,0.03,43.509653,1776212277000
1776212278.583,178.583,0.05,2.5,0.04,20.0,0.08,33.0,0.1,15.0,0.92,33.0,0.9,15.0,0.95,2.5,0.96,20.0,0.03,0.03,43.509653,1776212277000
1776212278.95,178.95,0.05,2.5,0.04,20.0,0.08,33.0,0.1,15.0,0.92,33.0,0.9,15.0,0.95,2.5,0.96,20.0,0.03,0.03,43.508348,1776212278000
1776212280.066,180.066,0.05,2.5,0.04,20.0,0.08,33.0,0.1,15.0,0.92,33.0,0.9,15.0,0.95,2.5,0.96,20.0,0.03,0.03,43.508477,1776212279000
1776212280.639,180.639,0.03,47.33,0.02,25.0,0.08,33.0,0.09,15.0,0.92,33.0,0.9,15.0,0.95,2.5,0.96,20.0,0.05,0.03,43.508477,1776212279000
1776212280.991,180.991,0.03,47.33,0.02,25.0,0.08,33.0,0.09,15.0,0.92,33.0,0.91,15.0,0.97,47.33,0.98,25.0,0.05,0.05,43.50848,1776212280000
1776212281.6,181.6,0.03,47.33,0.02,25.0,0.08,48.0,0.09,15.0,0.92,33.0,0.91,15.0,0.97,47.33,0.98,25.0,0.05,0.05,43.50848,1776212280000
1776212282.192,182.192,0.03,47.33,0.02,25.0,0.08,48.0,0.09,15.0,0.92,48.0,0.91,15.0,0.97,47.33,0.98,25.0,0.05,0.05,43.507745,1776212281000
1776212283.365,183.365,0.03,47.33,0.02,25.0,0.08,48.0,0.09,15.0,0.92,48.0,0.91,15.0,0.97,47.33,0.98,25.0,0.05,0.05,43.505802,1776212282000
1776212284.786,184.786,0.03,47.33,0.02,25.0,0.08,48.0,0.09,15.0,0.92,48.0,0.91,15.0,0.97,47.33,0.98,25.0,0.05,0.05,43.503794,1776212283000
1776212285.403,185.403,0.03,47.33,0.02,25.0,0.08,48.0,0.09,15.0,0.92,48.0,0.91,15.0,0.97,47.33,0.98,25.0,0.05,0.05,43.503794,1776212284000
1776212285.941,185.941,0.03,47.33,0.02,25.0,0.08,48.0,0.09,15.0,0.92,48.0,0.91,15.0,0.97,47.33,0.98,25.0,0.05,0.05,43.503244,1776212285000
1776212287.124,187.124,0.03,47.33,0.02,25.0,0.08,48.0,0.09,15.0,0.92,48.0,0.91,15.0,0.97,47.33,0.98,25.0,0.05,0.05,43.502733,1776212286000
1776212288.207,188.207,0.03,47.33,0.02,25.0,0.08,48.0,0.09,15.0,0.92,48.0,0.91,15.0,0.97,47.33,0.98,25.0,0.05,0.05,43.503059,1776212287000
1776212289.697,189.697,0.03,47.33,0.02,25.0,0.08,48.0,0.09,15.0,0.92,48.0,0.91,15.0,0.97,47.33,0.98,25.0,0.05,0.05,43.50256,1776212288000
1776212290.327,190.327,0.03,47.33,0.02,25.0,0.08,48.0,0.09,15.0,0.92,48.0,0.91,15.0,0.97,47.33,0.98,25.0,0.05,0.05,43.50256,1776212289000
1776212291.517,191.517,0.03,47.33,0.02,25.0,0.08,48.0,0.09,15.0,0.92,48.0,0.91,15.0,0.97,47.33,0.98,25.0,0.05,0.05,43.500609,1776212290000
1776212292.023,192.023,0.03,29.23,0.02,25.0,0.04,20.0,0.05,15.0,0.96,20.0,0.95,15.0,0.97,29.23,0.98,25.0,0.01,0.01,43.500609,1776212291000
1776212292.319,192.319,0.03,14.62,0.02,25.0,0.04,20.0,0.05,15.0,0.96,20.0,0.95,15.0,0.97,29.23,0.98,25.0,0.01,0.01,43.500609,1776212291000
1776212293.23,193.23,0.03,14.62,0.02,25.0,0.04,20.0,0.05,15.0,0.96,20.0,0.95,15.0,0.97,14.62,0.98,25.0,0.01,0.01,43.49574,1776212292000
1776212294.487,194.487,0.03,14.62,0.02,25.0,0.04,20.0,0.05,15.0,0.96,20.0,0.95,15.0,0.97,14.62,0.98,25.0,0.01,0.01,43.492915,1776212293000
1776212295.083,195.083,0.03,14.62,0.02,25.0,0.04,20.0,0.05,15.0,0.96,20.0,0.95,15.0,0.97,14.62,0.98,25.0,0.01,0.01,43.492915,1776212294000
1776212296.871,196.871,0.03,14.62,0.02,25.0,0.04,20.0,0.05,15.0,0.96,20.0,0.95,15.0,0.97,14.62,0.98,25.0,0.01,0.01,43.475392,1776212295000
1776212297.438,197.438,0.03,14.62,0.02,25.0,0.04,20.0,0.05,15.0,0.96,20.0,0.95,15.0,0.97,14.62,0.98,25.0,0.01,0.01,43.474315,1776212296000
1776212297.663,197.663,0.03,13.58,0.02,10.0,0.04,15.0,0.05,15.0,0.96,20.0,0.95,15.0,0.97,14.62,0.98,25.0,0.01,0.01,43.474315,1776212296000
1776212297.95,197.95,0.03,13.58,0.02,10.0,0.04,15.0,0.05,15.0,0.96,15.0,0.95,15.0,0.97,13.58,0.98,10.0,0.01,0.01,43.474315,1776212297000
1776212299.099,199.099,0.03,13.58,0.02,10.0,0.04,15.0,0.05,15.0,0.96,15.0,0.95,15.0,0.97,13.58,0.98,10.0,0.01,0.01,43.474577,1776212298000
1776212300.296,200.296,0.03,13.58,0.02,10.0,0.04,15.0,0.05,15.0,0.96,15.0,0.95,15.0,0.97,13.58,0.98,10.0,0.01,0.01,43.47956,1776212299000
1776212301.337,201.337,0.03,13.58,0.02,10.0,0.04,15.0,0.05,15.0,0.96,15.0,0.95,15.0,0.97,13.58,0.98,10.0,0.01,0.01,43.484679,1776212300000
1776212301.867,201.867,0.03,13.58,0.02,10.0,0.04,15.0,0.05,15.0,0.96,15.0,0.95,15.0,0.97,13.58,0.98,10.0,0.01,0.01,43.48466,1776212301000
1776212303.0,203.0,0.03,13.58,0.02,10.0,0.04,15.0,0.05,15.0,0.96,15.0,0.95,15.0,0.97,13.58,0.98,10.0,0.01,0.01,43.484518,1776212302000
1776212304.133,204.133,0.03,13.58,0.02,10.0,0.04,15.0,0.05,15.0,0.96,15.0,0.95,15.0,0.97,13.58,0.98,10.0,0.01,0.01,43.484698,1776212303000
1776212305.239,205.239,0.03,13.58,0.02,10.0,0.04,15.0,0.05,15.0,0.96,15.0,0.95,15.0,0.97,13.58,0.98,10.0,0.01,0.01,43.484686,1776212304000
1776212306.449,206.449,0.03,13.58,0.02,10.0,0.04,15.0,0.05,15.0,0.96,15.0,0.95,15.0,0.97,13.58,0.98,10.0,0.01,0.01,43.484707,1776212305000
1776212306.95,206.95,0.03,13.58,0.02,10.0,0.04,15.0,0.05,15.0,0.96,15.0,0.95,15.0,0.97,13.58,0.98,10.0,0.01,0.01,43.484853,1776212306000
1776212308.095,208.095,0.03,13.58,0.02,10.0,0.04,15.0,0.05,15.0,0.96,15.0,0.95,15.0,0.97,13.58,0.98,10.0,0.01,0.01,43.485386,1776212307000
1776212309.107,209.107,0.03,13.58,0.02,10.0,0.04,15.0,0.05,15.0,0.96,15.0,0.95,15.0,0.97,13.58,0.98,10.0,0.01,0.01,43.485196,1776212308000
1776212310.185,210.185,0.03,13.58,0.02,10.0,0.04,15.0,0.05,15.0,0.96,15.0,0.95,15.0,0.97,13.58,0.98,10.0,0.01,0.01,43.48465,1776212309000
1776212310.83,210.83,0.03,5.58,0.02,10.0,0.04,15.0,0.05,20.0,0.96,15.0,0.95,15.0,0.97,13.58,0.98,10.0,0.01,0.01,43.48465,1776212309000
1776212311.267,211.267,0.03,5.58,0.02,10.0,0.04,15.0,0.05,20.0,0.96,15.0,0.95,20.0,0.97,5.58,0.98,10.0,0.01,0.01,43.484652,1776212310000
1776212312.378,212.378,0.03,5.58,0.02,10.0,0.04,15.0,0.05,20.0,0.96,15.0,0.95,20.0,0.97,5.58,0.98,10.0,0.01,0.01,43.484935,1776212311000
1776212313.238,213.238,0.03,5.58,0.02,10.0,0.04,15.0,0.05,20.0,0.96,15.0,0.95,20.0,0.97,5.58,0.98,10.0,0.01,0.01,43.484671,1776212312000
1776212314.24,214.24,0.03,5.58,0.02,10.0,0.04,15.0,0.05,20.0,0.96,15.0,0.95,20.0,0.97,5.58,0.98,10.0,0.01,0.01,43.48467,1776212313000
1776212315.229,215.229,0.03,5.58,0.02,10.0,0.04,15.0,0.05,20.0,0.96,15.0,0.95,20.0,0.97,5.58,0.98,10.0,0.01,0.01,43.484947,1776212314000
1776212316.18,216.18,0.03,5.58,0.02,10.0,0.04,15.0,0.05,20.0,0.96,15.0,0.95,20.0,0.97,5.58,0.98,10.0,0.01,0.01,43.484279,1776212315000
1776212317.154,217.154,0.03,5.58,0.02,10.0,0.04,15.0,0.05,20.0,0.96,15.0,0.95,20.0,0.97,5.58,0.98,10.0,0.01,0.01,43.483998,1776212316000
1776212318.141,218.141,0.03,5.58,0.02,10.0,0.04,15.0,0.05,20.0,0.96,15.0,0.95,20.0,0.97,5.58,0.98,10.0,0.01,0.01,43.483721,1776212317000
1776212318.565,218.565,0.03,0.43,0.02,10.0,0.04,20.0,0.05,20.0,0.96,15.0,0.95,20.0,0.97,5.58,0.98,10.0,0.01,0.01,43.483721,1776212317000
1776212319.13,219.13,0.03,0.43,0.02,10.0,0.04,20.0,0.05,20.0,0.96,20.0,0.95,20.0,0.97,0.43,0.98,10.0,0.01,0.01,43.484356,1776212318000
1776212319.401,219.401,0.02,8.38,0.01,190.0,0.04,20.0,0.05,20.0,0.96,20.0,0.95,20.0,0.97,0.43,0.98,10.0,0.02,0.01,43.484356,1776212318000
1776212320.09,220.09,0.02,8.38,0.01,190.0,0.04,20.0,0.05,20.0,0.96,20.0,0.95,20.0,0.98,8.38,0.99,190.0,0.02,0.02,43.48439,1776212319000
1776212321.073,221.073,0.02,8.38,0.01,190.0,0.04,20.0,0.05,20.0,0.96,20.0,0.95,20.0,0.98,8.38,0.99,190.0,0.02,0.02,43.484368,1776212320000
1776212322.126,222.126,0.02,8.38,0.01,190.0,0.04,20.0,0.05,20.0,0.96,20.0,0.95,20.0,0.98,8.38,0.99,190.0,0.02,0.02,43.484062,1776212321000
1776212323.179,223.179,0.02,8.38,0.01,190.0,0.04,20.0,0.05,20.0,0.96,20.0,0.95,20.0,0.98,8.38,0.99,190.0,0.02,0.02,43.483849,1776212322000
1776212324.349,224.349,0.02,8.38,0.01,190.0,0.04,20.0,0.05,20.0,0.96,20.0,0.95,20.0,0.98,8.38,0.99,190.0,0.02,0.02,43.482602,1776212323000
1776212324.964,224.964,0.02,8.38,0.01,190.0,0.04,20.0,0.05,20.0,0.96,20.0,0.95,20.0,0.98,8.38,0.99,190.0,0.02,0.02,43.481821,1776212324000
1776212326.121,226.121,0.02,8.38,0.01,190.0,0.04,20.0,0.05,20.0,0.96,20.0,0.95,20.0,0.98,8.38,0.99,190.0,0.02,0.02,43.479805,1776212325000
1776212327.433,227.433,0.02,8.38,0.01,190.0,0.04,20.0,0.05,20.0,0.96,20.0,0.95,20.0,0.98,8.38,0.99,190.0,0.02,0.02,43.476255,1776212326000
1776212327.996,227.996,0.02,8.38,0.01,190.0,0.04,20.0,0.05,20.0,0.96,20.0,0.95,20.0,0.98,8.38,0.99,190.0,0.02,0.02,43.476256,1776212327000
1776212329.081,229.081,0.02,8.38,0.01,190.0,0.04,20.0,0.05,20.0,0.96,20.0,0.95,20.0,0.98,8.38,0.99,190.0,0.02,0.02,43.474999,1776212328000
1776212330.147,230.147,0.02,8.38,0.01,190.0,0.04,20.0,0.05,20.0,0.96,20.0,0.95,20.0,0.98,8.38,0.99,190.0,0.02,0.02,43.474522,1776212329000
1776212331.368,231.368,0.02,8.38,0.01,190.0,0.04,20.0,0.05,20.0,0.96,20.0,0.95,20.0,0.98,8.38,0.99,190.0,0.02,0.02,43.477724,1776212330000
1776212331.914,231.914,0.02,8.38,0.01,190.0,0.04,20.0,0.05,20.0,0.96,20.0,0.95,20.0,0.98,8.38,0.99,190.0,0.02,0.02,43.478022,1776212331000
1776212333.095,233.095,0.02,8.38,0.01,190.0,0.04,20.0,0.05,20.0,0.96,20.0,0.95,20.0,0.98,8.38,0.99,190.0,0.02,0.02,43.478705,1776212332000
1776212334.229,234.229,0.02,8.38,0.01,190.0,0.04,20.0,0.05,20.0,0.96,20.0,0.95,20.0,0.98,8.38,0.99,190.0,0.02,0.02,43.47895,1776212333000
1776212335.434,235.434,0.02,8.38,0.01,190.0,0.04,20.0,0.05,20.0,0.96,20.0,0.95,20.0,0.98,8.38,0.99,190.0,0.02,0.02,43.479101,1776212334000
1776212336.029,236.029,0.02,8.38,0.01,190.0,0.04,20.0,0.05,20.0,0.96,20.0,0.95,20.0,0.98,8.38,0.99,190.0,0.02,0.02,43.479631,1776212335000
1776212337.101,237.101,0.02,8.38,0.01,190.0,0.04,20.0,0.05,20.0,0.96,20.0,0.95,20.0,0.98,8.38,0.99,190.0,0.02,0.02,43.475652,1776212336000
1776212337.705,237.705,0.02,3.28,0.01,195.12,0.03,20.0,0.04,15.0,0.96,20.0,0.95,20.0,0.98,8.38,0.99,190.0,0.01,0.02,43.475652,1776212336000
1776212338.196,238.196,0.02,1.24,0.01,195.12,0.03,20.0,0.04,15.0,0.97,20.0,0.96,15.0,0.98,3.28,0.99,195.12,0.01,0.01,43.475652,1776212336000
1776212339.048,239.048,0.02,0.21,0.01,195.12,0.03,20.0,0.04,15.0,0.97,20.0,0.96,15.0,0.98,1.24,0.99,195.12,0.01,0.01,43.474328,1776212337000
1776212339.3,239.3,0.02,0.21,0.01,195.12,0.03,20.0,0.04,15.0,0.97,20.0,0.96,15.0,0.98,0.21,0.99,195.12,0.01,0.01,43.474309,1776212338000
1776212340.278,240.278,0.02,0.21,0.01,195.12,0.03,20.0,0.04,15.0,0.97,20.0,0.96,15.0,0.98,0.21,0.99,195.12,0.01,0.01,43.47152,1776212339000
1776212341.435,241.435,0.02,0.21,0.01,195.12,0.03,20.0,0.04,15.0,0.97,20.0,0.96,15.0,0.98,0.21,0.99,195.12,0.01,0.01,43.470275,1776212340000
1776212341.97,241.97,0.02,0.21,0.01,195.12,0.03,20.0,0.04,15.0,0.97,20.0,0.96,15.0,0.98,0.21,0.99,195.12,0.01,0.01,43.470275,1776212341000
1776212343.091,243.091,0.02,0.21,0.01,195.12,0.03,20.0,0.04,15.0,0.97,20.0,0.96,15.0,0.98,0.21,0.99,195.12,0.01,0.01,43.470243,1776212342000
1776212344.155,244.155,0.02,0.21,0.01,195.12,0.03,20.0,0.04,15.0,0.97,20.0,0.96,15.0,0.98,0.21,0.99,195.12,0.01,0.01,43.47038,1776212343000
1776212345.153,245.153,0.02,0.21,0.01,195.12,0.03,20.0,0.04,15.0,0.97,20.0,0.96,15.0,0.98,0.21,0.99,195.12,0.01,0.01,43.469893,1776212344000
1776212345.548,245.548,0.01,199.38,,,0.03,20.0,0.04,15.0,0.97,20.0,0.96,15.0,0.98,0.21,0.99,195.12,0.02,0.01,43.469893,1776212344000
1776212346.309,246.309,0.01,199.38,,,0.03,20.0,0.04,15.0,0.97,20.0,0.96,15.0,0.99,199.38,,,0.02,0.02,43.471134,1776212345000
1776212346.538,246.538,0.01,188.72,,,0.02,15.0,0.03,20.0,0.97,20.0,0.96,15.0,0.99,199.38,,,0.01,0.02,43.471134,1776212345000
1776212347.297,247.297,0.01,173.72,,,0.02,15.0,0.03,20.0,0.98,15.0,0.97,20.0,0.99,173.72,,,0.01,0.01,43.471398,1776212346000
1776212347.849,247.849,0.01,173.72,,,0.02,15.0,0.03,20.0,0.98,15.0,0.97,20.0,0.99,173.72,,,0.01,0.01,43.471398,1776212347000
1776212348.369,248.369,0.01,163.05,,,0.02,15.0,0.03,20.0,0.98,15.0,0.97,20.0,0.99,173.72,,,0.01,0.01,43.471398,1776212347000
1776212349.121,249.121,0.01,163.05,,,0.02,15.0,0.03,20.0,0.98,15.0,0.97,20.0,0.99,163.05,,,0.01,0.01,43.472056,1776212348000
1776212350.132,250.132,0.01,163.05,,,0.02,15.0,0.03,20.0,0.98,15.0,0.97,20.0,0.99,163.05,,,0.01,0.01,43.472056,1776212349000
1776212351.331,251.331,0.01,163.05,,,0.02,15.0,0.03,20.0,0.98,15.0,0.97,20.0,0.99,163.05,,,0.01,0.01,43.472741,1776212350000
1776212352.327,252.327,0.01,163.05,,,0.02,15.0,0.03,20.0,0.98,15.0,0.97,20.0,0.99,163.05,,,0.01,0.01,43.472741,1776212351000
1776212352.734,252.734,0.01,153.05,,,0.02,20.0,0.03,20.0,0.98,15.0,0.97,20.0,0.99,163.05,,,0.01,0.01,43.472741,1776212351000
1776212353.363,253.363,0.01,153.05,,,0.02,20.0,0.03,20.0,0.98,20.0,0.97,20.0,0.99,153.05,,,0.01,0.01,43.472832,1776212352000
1776212353.857,253.857,0.01,133.05,,,0.02,20.0,0.03,20.0,0.98,20.0,0.97,20.0,0.99,153.05,,,0.01,0.01,43.472832,1776212352000
1776212355.139,255.139,0.01,133.05,,,0.02,20.0,0.03,20.0,0.98,20.0,0.97,20.0,0.99,133.05,,,0.01,0.01,43.473428,1776212354000
1776212355.516,255.516,0.01,113.05,,,0.02,20.0,0.03,20.0,0.98,20.0,0.97,20.0,0.99,133.05,,,0.01,0.01,43.473428,1776212354000
1776212356.526,256.526,0.01,103.05,,,0.02,20.0,0.03,20.0,0.98,20.0,0.97,20.0,0.99,103.05,,,0.01,0.01,43.475036,1776212355000
1776212357.22,257.22,0.01,103.05,,,0.02,20.0,0.03,20.0,0.98,20.0,0.97,20.0,0.99,103.05,,,0.01,0.01,43.475333,1776212356000
1776212358.492,258.492,0.01,103.05,,,0.02,20.0,0.03,20.0,0.98,20.0,0.97,20.0,0.99,103.05,,,0.01,0.01,43.483129,1776212357000
1776212359.033,259.033,0.01,93.05,,,0.02,20.0,0.03,20.0,0.98,20.0,0.97,20.0,0.99,93.05,,,0.01,0.01,43.483129,1776212358000
1776212360.364,260.364,0.01,93.05,,,0.02,20.0,0.03,20.0,0.98,20.0,0.97,20.0,0.99,93.05,,,0.01,0.01,43.483129,1776212359000
1776212361.013,261.013,0.01,93.05,,,0.02,20.0,0.03,20.0,0.98,20.0,0.97,20.0,0.99,93.05,,,0.01,0.01,43.483205,1776212360000
1776212361.706,261.706,0.01,72.35,,,0.02,15.0,0.03,15.0,0.98,20.0,0.97,20.0,0.99,93.05,,,0.01,0.01,43.483205,1776212360000
1776212362.316,262.316,0.01,72.35,,,0.02,15.0,0.03,15.0,0.98,15.0,0.97,15.0,0.99,72.35,,,0.01,0.01,43.483369,1776212361000
1776212363.109,263.109,0.01,72.35,,,0.02,15.0,0.03,15.0,0.98,15.0,0.97,15.0,0.99,72.35,,,0.01,0.01,43.483819,1776212362000
1776212363.902,263.902,0.01,59.31,,,0.02,15.0,0.03,15.0,0.98,15.0,0.97,15.0,0.99,72.35,,,0.01,0.01,43.483819,1776212362000
1776212364.471,264.471,0.01,59.31,,,0.02,15.0,0.03,15.0,0.98,15.0,0.97,15.0,0.99,59.31,,,0.01,0.01,43.483674,1776212363000
1776212365.135,265.135,0.01,59.31,,,0.02,15.0,0.03,15.0,0.98,15.0,0.97,15.0,0.99,59.31,,,0.01,0.01,43.483674,1776212364000
1776212366.524,266.524,0.01,59.31,,,0.02,15.0,0.03,15.0,0.98,15.0,0.97,15.0,0.99,59.31,,,0.01,0.01,43.483594,1776212365000
1776212367.21,267.21,0.01,59.31,,,0.02,15.0,0.03,15.0,0.98,15.0,0.97,15.0,0.99,59.31,,,0.01,0.01,43.483656,1776212366000
1776212367.797,267.797,0.01,39.1,,,0.02,20.0,0.03,15.0,0.98,15.0,0.97,15.0,0.99,59.31,,,0.01,0.01,43.483656,1776212366000
1776212368.774,268.774,0.01,39.1,,,0.02,20.0,0.03,15.0,0.98,20.0,0.97,15.0,0.99,39.1,,,0.01,0.01,43.483149,1776212367000
1776212369.502,269.502,0.01,39.1,,,0.02,20.0,0.03,15.0,0.98,20.0,0.97,15.0,0.99,39.1,,,0.01,0.01,43.483149,1776212368000
1776212369.761,269.761,0.01,34.05,,,0.02,20.0,0.03,15.0,0.98,20.0,0.97,15.0,0.99,39.1,,,0.01,0.01,43.483149,1776212368000
1776212370.671,270.671,,,,,0.01,965.95,0.02,20.0,0.99,965.95,0.98,20.0,,,,,,,43.483392,1776212369000
1776212371.344,271.344,,,,,0.01,965.95,0.02,20.0,0.99,965.95,0.98,20.0,,,,,,,43.482162,1776212370000
1776212371.994,271.994,,,,,0.01,965.95,0.02,20.0,0.99,965.95,0.98,20.0,,,,,,,43.482162,1776212371000
1776212373.185,273.185,,,,,0.01,965.95,0.02,20.0,0.99,965.95,0.98,20.0,,,,,,,43.482953,1776212372000
1776212374.776,274.776,,,,,0.01,965.95,0.02,20.0,0.99,965.95,0.98,20.0,,,,,,,43.484916,1776212373000
1776212375.444,275.444,,,,,0.01,965.95,0.02,20.0,0.99,965.95,0.98,20.0,,,,,,,43.484916,1776212374000
1776212376.089,276.089,,,,,0.01,965.95,0.02,20.0,0.99,965.95,0.98,20.0,,,,,,,43.483846,1776212375000
1776212377.316,277.316,,,,,0.01,965.95,0.02,20.0,0.99,965.95,0.98,20.0,,,,,,,43.483846,1776212376000
1776212378.536,278.536,,,,,0.01,965.95,0.02,20.0,0.99,965.95,0.98,20.0,,,,,,,43.483854,1776212377000
1776212379.221,279.221,,,,,0.01,965.95,0.02,20.0,0.99,965.95,0.98,20.0,,,,,,,43.484185,1776212378000
1776212380.544,280.544,,,,,0.01,965.95,0.02,20.0,0.99,965.95,0.98,20.0,,,,,,,43.484604,1776212379000
1776212381.355,281.355,,,,,0.01,965.95,0.02,20.0,0.99,965.95,0.98,20.0,,,,,,,43.484604,1776212380000
1776212382.524,282.524,,,,,0.01,965.95,0.02,20.0,0.99,965.95,0.98,20.0,,,,,,,43.485141,1776212381000
1776212383.126,283.126,,,,,0.01,965.95,0.02,20.0,0.99,965.95,0.98,20.0,,,,,,,43.485141,1776212382000
1776212384.359,284.359,,,,,0.01,965.95,0.02,20.0,0.99,965.95,0.98,20.0,,,,,,,43.48473,1776212383000
1776212384.993,284.993,,,,,0.01,965.95,0.02,20.0,0.99,965.95,0.98,20.0,,,,,,,43.484707,1776212384000
1776212386.207,286.207,,,,,0.01,965.95,0.02,20.0,0.99,965.95,0.98,20.0,,,,,,,43.484707,1776212385000
1776212387.226,287.226,,,,,0.01,965.95,0.02,20.0,0.99,965.95,0.98,20.0,,,,,,,43.484707,1776212386000
1776212388.113,288.113,,,,,0.01,965.95,0.02,20.0,0.99,965.95,0.98,20.0,,,,,,,43.48452,1776212387000
1776212389.096,289.096,,,,,0.01,965.95,0.02,20.0,0.99,965.95,0.98,20.0,,,,,,,43.484502,1776212388000
1776212390.127,290.127,,,,,0.01,965.95,0.02,20.0,0.99,965.95,0.98,20.0,,,,,,,43.484502,1776212389000
1776212391.136,291.136,,,,,0.01,965.95,0.02,20.0,0.99,965.95,0.98,20.0,,,,,,,43.484356,1776212390000
1776212392.124,292.124,,,,,0.01,965.95,0.02,20.0,0.99,965.95,0.98,20.0,,,,,,,43.484546,1776212391000
1776212393.141,293.141,,,,,0.01,965.95,0.02,20.0,0.99,965.95,0.98,20.0,,,,,,,43.484663,1776212392000
1776212394.115,294.115,,,,,0.01,965.95,0.02,20.0,0.99,965.95,0.98,20.0,,,,,,,43.484663,1776212393000
1776212395.105,295.105,,,,,0.01,965.95,0.02,20.0,0.99,965.95,0.98,20.0,,,,,,,43.484663,1776212394000
1776212396.1,296.1,,,,,0.01,965.95,0.02,20.0,0.99,965.95,0.98,20.0,,,,,,,43.484327,1776212395000
1776212397.081,297.081,,,,,0.01,965.95,0.02,20.0,0.99,965.95,0.98,20.0,,,,,,,43.484328,1776212396000
1776212398.251,298.251,,,,,0.01,965.95,0.02,20.0,0.99,965.95,0.98,20.0,,,,,,,43.484502,1776212397000
1776212399.219,299.219,,,,,0.01,965.95,0.02,20.0,0.99,965.95,0.98,20.0,,,,,,,43.484502,1776212398000
1776212400.736,300.736,,,,,0.01,965.95,0.02,20.0,0.99,965.95,0.98,20.0,,,,,,,43.484964,1776212399000

# RESULT,winner=Down,slug=hype-updown-5m-1776212100,ticks=334
