timestamp,elapsed_sec,up_bid_p1,up_bid_s1,up_bid_p2,up_bid_s2,up_ask_p1,up_ask_s1,up_ask_p2,up_ask_s2,down_bid_p1,down_bid_s1,down_bid_p2,down_bid_s2,down_ask_p1,down_ask_s1,down_ask_p2,down_ask_s2,up_spread,down_spread,hype_price,hype_oracle_ts
1776227701.494,1.494,0.11,100.0,0.08,50.0,0.89,100.0,0.92,50.0,0.11,100.0,0.08,50.0,0.89,100.0,0.92,50.0,0.78,0.78,43.694333,1776227699000
1776227701.816,1.816,0.11,100.0,0.08,50.0,0.89,100.0,0.92,50.0,0.11,100.0,0.08,50.0,0.89,100.0,0.92,50.0,0.78,0.78,43.694333,1776227699000
1776227702.229,2.229,0.11,100.0,0.08,50.0,0.89,100.0,0.92,50.0,0.11,100.0,0.08,50.0,0.89,100.0,0.92,50.0,0.78,0.78,43.695741,1776227700000
1776227703.409,3.409,0.11,100.0,0.08,50.0,0.89,100.0,0.92,50.0,0.11,100.0,0.08,50.0,0.89,100.0,0.92,50.0,0.78,0.78,43.695562,1776227702000
1776227704.37,4.37,0.11,100.0,0.08,50.0,0.89,100.0,0.92,50.0,0.11,100.0,0.08,50.0,0.89,100.0,0.92,50.0,0.78,0.78,43.695521,1776227703000
1776227704.886,4.886,0.11,100.0,0.08,50.0,0.89,100.0,0.92,50.0,0.11,100.0,0.08,50.0,0.89,100.0,0.92,50.0,0.78,0.78,43.695555,1776227704000
1776227706.047,6.047,0.11,100.0,0.08,50.0,0.89,100.0,0.92,50.0,0.11,100.0,0.08,50.0,0.89,100.0,0.92,50.0,0.78,0.78,43.695521,1776227705000
1776227707.06,7.06,0.11,100.0,0.08,50.0,0.89,100.0,0.92,50.0,0.11,100.0,0.08,50.0,0.89,100.0,0.92,50.0,0.78,0.78,43.695521,1776227706000
1776227708.151,8.151,0.11,100.0,0.08,50.0,0.89,100.0,0.92,50.0,0.11,100.0,0.08,50.0,0.89,100.0,0.92,50.0,0.78,0.78,43.695196,1776227707000
1776227709.265,9.265,0.11,100.0,0.08,50.0,0.89,100.0,0.92,50.0,0.11,100.0,0.08,50.0,0.89,100.0,0.92,50.0,0.78,0.78,43.695629,1776227708000
1776227710.372,10.372,0.11,100.0,0.08,50.0,0.89,100.0,0.92,50.0,0.11,100.0,0.08,50.0,0.89,100.0,0.92,50.0,0.78,0.78,43.709202,1776227709000
1776227711.135,11.135,0.49,30.0,0.48,5.0,0.76,5.0,0.77,5.0,0.11,100.0,0.08,50.0,0.89,100.0,0.92,50.0,0.27,0.78,43.709202,1776227709000
1776227711.48,11.48,0.49,30.0,0.48,5.0,0.89,100.0,0.95,45.0,0.24,5.0,0.23,5.0,0.51,30.0,0.52,5.0,0.4,0.27,43.709938,1776227710000
1776227712.501,12.501,0.49,30.0,0.48,5.0,0.89,100.0,0.95,45.0,0.11,100.0,0.05,45.0,0.51,30.0,0.52,5.0,0.4,0.4,43.716323,1776227711000
1776227712.946,12.946,0.49,30.0,0.48,5.0,0.89,100.0,0.95,45.0,0.11,100.0,0.05,45.0,0.51,30.0,0.52,5.0,0.4,0.4,43.758739,1776227712000
1776227714.025,14.025,0.49,30.0,0.48,5.0,0.89,100.0,0.95,45.0,0.11,100.0,0.05,45.0,0.51,30.0,0.52,5.0,0.4,0.4,43.762102,1776227713000
1776227715.826,15.826,0.49,30.0,0.48,5.0,0.89,100.0,0.95,45.0,0.11,100.0,0.05,45.0,0.51,30.0,0.52,5.0,0.4,0.4,43.729366,1776227714000
1776227716.351,16.351,0.49,30.0,0.48,5.0,0.89,100.0,0.95,45.0,0.11,100.0,0.05,45.0,0.51,30.0,0.52,5.0,0.4,0.4,43.73129,1776227715000
1776227717.336,17.336,0.49,30.0,0.48,5.0,0.89,100.0,0.95,45.0,0.11,100.0,0.05,45.0,0.51,30.0,0.52,5.0,0.4,0.4,43.744493,1776227716000
1776227717.828,17.828,0.49,30.0,0.48,5.0,0.89,100.0,0.95,45.0,0.11,100.0,0.05,45.0,0.51,30.0,0.52,5.0,0.4,0.4,43.745449,1776227717000
1776227719.335,19.335,0.49,30.0,0.48,5.0,0.89,100.0,0.95,45.0,0.11,100.0,0.05,45.0,0.51,30.0,0.52,5.0,0.4,0.4,43.737291,1776227718000
1776227720.412,20.412,0.49,30.0,0.48,5.0,0.89,100.0,0.95,45.0,0.11,100.0,0.05,45.0,0.51,30.0,0.52,5.0,0.4,0.4,43.72365,1776227719000
1776227721.206,21.206,0.49,30.0,0.48,5.0,0.89,100.0,0.95,45.0,0.11,100.0,0.05,45.0,0.51,30.0,0.52,5.0,0.4,0.4,43.722525,1776227720000
1776227721.834,21.834,0.49,30.0,0.48,5.0,0.89,100.0,0.95,45.0,0.11,100.0,0.05,45.0,0.51,30.0,0.52,5.0,0.4,0.4,43.724111,1776227721000
1776227722.801,22.801,0.49,30.0,0.48,5.0,0.89,100.0,0.95,45.0,0.11,100.0,0.05,45.0,0.51,30.0,0.52,5.0,0.4,0.4,43.7239,1776227722000
1776227723.815,23.815,0.49,30.0,0.48,5.0,0.89,100.0,0.95,45.0,0.11,100.0,0.05,45.0,0.51,30.0,0.52,5.0,0.4,0.4,43.722145,1776227723000
1776227724.853,24.853,0.49,30.0,0.48,5.0,0.89,100.0,0.95,45.0,0.11,100.0,0.05,45.0,0.51,30.0,0.52,5.0,0.4,0.4,43.720876,1776227724000
1776227725.926,25.926,0.49,30.0,0.48,5.0,0.89,100.0,0.95,45.0,0.11,100.0,0.05,45.0,0.51,30.0,0.52,5.0,0.4,0.4,43.716357,1776227725000
1776227727.087,27.087,0.49,30.0,0.48,5.0,0.89,100.0,0.95,45.0,0.11,100.0,0.05,45.0,0.51,30.0,0.52,5.0,0.4,0.4,43.71612,1776227726000
1776227728.097,28.097,0.49,30.0,0.48,5.0,0.89,100.0,0.95,45.0,0.11,100.0,0.05,45.0,0.51,30.0,0.52,5.0,0.4,0.4,43.71594,1776227727000
1776227729.406,29.406,0.49,30.0,0.48,5.0,0.89,100.0,0.95,45.0,0.11,100.0,0.05,45.0,0.51,30.0,0.52,5.0,0.4,0.4,43.715853,1776227728000
1776227730.056,30.056,0.49,30.0,0.48,5.0,0.89,100.0,0.95,45.0,0.11,100.0,0.05,45.0,0.51,30.0,0.52,5.0,0.4,0.4,43.714843,1776227729000
1776227730.388,30.388,0.46,5.0,0.45,5.0,0.6,4.66,0.89,100.0,0.11,100.0,0.05,45.0,0.51,30.0,0.52,5.0,0.14,0.4,43.714843,1776227729000
1776227731.61,31.61,0.46,5.0,0.45,5.0,0.6,4.66,0.89,100.0,0.4,4.66,0.11,100.0,0.54,5.0,0.55,5.0,0.14,0.14,43.710071,1776227730000
1776227732.164,32.164,0.46,5.0,0.45,5.0,0.6,4.66,0.89,100.0,0.4,4.66,0.11,100.0,0.54,5.0,0.55,5.0,0.14,0.14,43.709938,1776227731000
1776227733.374,33.374,0.46,5.0,0.45,5.0,0.6,4.66,0.89,100.0,0.4,4.66,0.11,100.0,0.54,5.0,0.55,5.0,0.14,0.14,43.707671,1776227732000
1776227734.205,34.205,0.46,5.0,0.45,5.0,0.6,4.66,0.89,100.0,0.4,4.66,0.11,100.0,0.54,5.0,0.55,5.0,0.14,0.14,43.705457,1776227733000
1776227735.572,35.572,0.46,5.0,0.45,5.0,0.6,4.66,0.89,100.0,0.4,4.66,0.11,100.0,0.54,5.0,0.55,5.0,0.14,0.14,43.703803,1776227734000
1776227736.2,36.2,0.46,5.0,0.45,5.0,0.6,4.66,0.89,100.0,0.4,4.66,0.11,100.0,0.54,5.0,0.55,5.0,0.14,0.14,43.701759,1776227735000
1776227738.025,38.025,0.46,5.0,0.45,5.0,0.6,4.66,0.89,100.0,0.4,4.66,0.11,100.0,0.54,5.0,0.55,5.0,0.14,0.14,43.701821,1776227737000
1776227739.38,39.38,0.46,5.0,0.45,5.0,0.6,4.66,0.89,100.0,0.4,4.66,0.11,100.0,0.54,5.0,0.55,5.0,0.14,0.14,43.701855,1776227738000
1776227740.765,40.765,0.46,5.0,0.45,5.0,0.6,4.66,0.89,100.0,0.4,4.66,0.11,100.0,0.54,5.0,0.55,5.0,0.14,0.14,43.702461,1776227739000
1776227741.357,41.357,0.46,5.0,0.45,5.0,0.6,4.66,0.89,100.0,0.4,4.66,0.11,100.0,0.54,5.0,0.55,5.0,0.14,0.14,43.702461,1776227740000
1776227741.921,41.921,0.46,5.0,0.45,5.0,0.6,4.66,0.89,100.0,0.4,4.66,0.11,100.0,0.54,5.0,0.55,5.0,0.14,0.14,43.702752,1776227741000
1776227743.045,43.045,0.46,5.0,0.45,5.0,0.6,4.66,0.89,100.0,0.4,4.66,0.11,100.0,0.54,5.0,0.55,5.0,0.14,0.14,43.702589,1776227742000
1776227744.191,44.191,0.46,5.0,0.45,5.0,0.6,4.66,0.89,100.0,0.4,4.66,0.11,100.0,0.54,5.0,0.55,5.0,0.14,0.14,43.702589,1776227743000
1776227745.35,45.35,0.46,5.0,0.45,5.0,0.6,4.66,0.89,100.0,0.4,4.66,0.11,100.0,0.54,5.0,0.55,5.0,0.14,0.14,43.702727,1776227744000
1776227746.195,46.195,0.46,5.0,0.45,5.0,0.6,4.66,0.89,100.0,0.4,4.66,0.11,100.0,0.54,5.0,0.55,5.0,0.14,0.14,43.703001,1776227745000
1776227747.41,47.41,0.46,5.0,0.45,5.0,0.6,4.66,0.89,100.0,0.4,4.66,0.11,100.0,0.54,5.0,0.55,5.0,0.14,0.14,43.699467,1776227746000
1776227747.772,47.772,0.46,5.0,0.45,5.0,0.6,4.66,0.89,100.0,0.4,4.66,0.11,100.0,0.54,5.0,0.55,5.0,0.14,0.14,43.695177,1776227747000
1776227748.879,48.879,0.46,5.0,0.45,5.0,0.6,4.66,0.89,100.0,0.4,4.66,0.11,100.0,0.54,5.0,0.55,5.0,0.14,0.14,43.693801,1776227748000
1776227749.816,49.816,0.46,5.0,0.45,5.0,0.6,4.66,0.89,100.0,0.4,4.66,0.11,100.0,0.54,5.0,0.55,5.0,0.14,0.14,43.694122,1776227749000
1776227751.386,51.386,0.46,5.0,0.45,5.0,0.6,4.66,0.89,100.0,0.4,4.66,0.11,100.0,0.54,5.0,0.55,5.0,0.14,0.14,43.694378,1776227750000
1776227752.029,52.029,0.46,5.0,0.45,5.0,0.6,4.66,0.89,100.0,0.4,4.66,0.11,100.0,0.54,5.0,0.55,5.0,0.14,0.14,43.694178,1776227751000
1776227753.032,53.032,0.46,5.0,0.45,5.0,0.6,4.66,0.89,100.0,0.4,4.66,0.11,100.0,0.54,5.0,0.55,5.0,0.14,0.14,43.693662,1776227752000
1776227754.287,54.287,0.46,5.0,0.45,5.0,0.6,4.66,0.89,100.0,0.4,4.66,0.11,100.0,0.54,5.0,0.55,5.0,0.14,0.14,43.694416,1776227753000
1776227755.336,55.336,0.46,5.0,0.45,5.0,0.6,4.66,0.89,100.0,0.4,4.66,0.11,100.0,0.54,5.0,0.55,5.0,0.14,0.14,43.694434,1776227754000
1776227756.315,56.315,0.46,5.0,0.45,5.0,0.6,4.66,0.89,100.0,0.4,4.66,0.11,100.0,0.54,5.0,0.55,5.0,0.14,0.14,43.694489,1776227755000
1776227757.691,57.691,0.46,5.0,0.45,5.0,0.6,4.66,0.89,100.0,0.4,4.66,0.11,100.0,0.54,5.0,0.55,5.0,0.14,0.14,43.694339,1776227756000
1776227758.292,58.292,0.46,5.0,0.45,5.0,0.6,4.66,0.89,100.0,0.4,4.66,0.11,100.0,0.54,5.0,0.55,5.0,0.14,0.14,43.693872,1776227757000
1776227759.344,59.344,0.46,5.0,0.45,5.0,0.6,4.66,0.89,100.0,0.4,4.66,0.11,100.0,0.54,5.0,0.55,5.0,0.14,0.14,43.693447,1776227758000
1776227760.012,60.012,0.46,5.0,0.45,5.0,0.6,4.66,0.89,100.0,0.4,4.66,0.11,100.0,0.54,5.0,0.55,5.0,0.14,0.14,43.693074,1776227759000
1776227761.413,61.413,0.46,5.0,0.45,5.0,0.6,4.66,0.89,100.0,0.4,4.66,0.11,100.0,0.54,5.0,0.55,5.0,0.14,0.14,43.692931,1776227760000
1776227761.915,61.915,0.46,5.0,0.45,5.0,0.6,4.66,0.89,100.0,0.4,4.66,0.11,100.0,0.54,5.0,0.55,5.0,0.14,0.14,43.692134,1776227761000
1776227762.956,62.956,0.46,5.0,0.45,5.0,0.6,4.66,0.89,100.0,0.4,4.66,0.11,100.0,0.54,5.0,0.55,5.0,0.14,0.14,43.688124,1776227762000
1776227763.924,63.924,0.46,5.0,0.45,5.0,0.6,4.66,0.89,100.0,0.4,4.66,0.11,100.0,0.54,5.0,0.55,5.0,0.14,0.14,43.689181,1776227763000
1776227764.947,64.947,0.46,5.0,0.45,5.0,0.6,4.66,0.89,100.0,0.4,4.66,0.11,100.0,0.54,5.0,0.55,5.0,0.14,0.14,43.692884,1776227764000
1776227765.959,65.959,0.46,5.0,0.45,5.0,0.6,4.66,0.89,100.0,0.4,4.66,0.11,100.0,0.54,5.0,0.55,5.0,0.14,0.14,43.694752,1776227765000
1776227766.988,66.988,0.46,5.0,0.45,5.0,0.6,4.66,0.89,100.0,0.4,4.66,0.11,100.0,0.54,5.0,0.55,5.0,0.14,0.14,43.700093,1776227766000
1776227767.985,67.985,0.46,5.0,0.45,5.0,0.6,4.66,0.89,100.0,0.4,4.66,0.11,100.0,0.54,5.0,0.55,5.0,0.14,0.14,43.701073,1776227767000
1776227769.112,69.112,0.46,5.0,0.45,5.0,0.6,4.66,0.89,100.0,0.4,4.66,0.11,100.0,0.54,5.0,0.55,5.0,0.14,0.14,43.700825,1776227768000
1776227770.063,70.063,0.46,5.0,0.45,5.0,0.6,4.66,0.89,100.0,0.4,4.66,0.11,100.0,0.54,5.0,0.55,5.0,0.14,0.14,43.700534,1776227769000
1776227771.03,71.03,0.46,5.0,0.45,5.0,0.6,4.66,0.89,100.0,0.4,4.66,0.11,100.0,0.54,5.0,0.55,5.0,0.14,0.14,43.696534,1776227770000
1776227772.183,72.183,0.46,5.0,0.45,5.0,0.6,4.66,0.89,100.0,0.4,4.66,0.11,100.0,0.54,5.0,0.55,5.0,0.14,0.14,43.693135,1776227771000
1776227773.232,73.232,0.46,5.0,0.45,5.0,0.6,4.66,0.89,100.0,0.4,4.66,0.11,100.0,0.54,5.0,0.55,5.0,0.14,0.14,43.693461,1776227772000
1776227774.221,74.221,0.46,5.0,0.45,5.0,0.6,4.66,0.89,100.0,0.4,4.66,0.11,100.0,0.54,5.0,0.55,5.0,0.14,0.14,43.694946,1776227773000
1776227775.367,75.367,0.46,5.0,0.45,5.0,0.6,4.66,0.89,100.0,0.4,4.66,0.11,100.0,0.54,5.0,0.55,5.0,0.14,0.14,43.696249,1776227774000
1776227775.974,75.974,0.46,5.0,0.45,5.0,0.6,4.66,0.89,100.0,0.4,4.66,0.11,100.0,0.54,5.0,0.55,5.0,0.14,0.14,43.696764,1776227775000
1776227777.162,77.162,0.46,5.0,0.45,5.0,0.6,4.66,0.89,100.0,0.4,4.66,0.11,100.0,0.54,5.0,0.55,5.0,0.14,0.14,43.696949,1776227776000
1776227778.269,78.269,0.46,5.0,0.45,5.0,0.6,4.66,0.89,100.0,0.4,4.66,0.11,100.0,0.54,5.0,0.55,5.0,0.14,0.14,43.696823,1776227777000
1776227779.412,79.412,0.46,5.0,0.45,5.0,0.6,4.66,0.89,100.0,0.4,4.66,0.11,100.0,0.54,5.0,0.55,5.0,0.14,0.14,43.696465,1776227778000
1776227780.027,80.027,0.46,5.0,0.45,5.0,0.6,4.66,0.89,100.0,0.4,4.66,0.11,100.0,0.54,5.0,0.55,5.0,0.14,0.14,43.695405,1776227779000
1776227781.048,81.048,0.46,5.0,0.45,5.0,0.6,4.66,0.89,100.0,0.4,4.66,0.11,100.0,0.54,5.0,0.55,5.0,0.14,0.14,43.695141,1776227780000
1776227782.163,82.163,0.46,5.0,0.45,5.0,0.6,4.66,0.89,100.0,0.4,4.66,0.11,100.0,0.54,5.0,0.55,5.0,0.14,0.14,43.701312,1776227781000
1776227783.73,83.73,0.46,5.0,0.45,5.0,0.6,4.66,0.89,100.0,0.4,4.66,0.11,100.0,0.54,5.0,0.55,5.0,0.14,0.14,43.701505,1776227782000
1776227784.254,84.254,0.46,5.0,0.45,5.0,0.6,4.66,0.89,100.0,0.4,4.66,0.11,100.0,0.54,5.0,0.55,5.0,0.14,0.14,43.698613,1776227783000
1776227785.456,85.456,0.46,5.0,0.45,5.0,0.6,4.66,0.89,100.0,0.4,4.66,0.11,100.0,0.54,5.0,0.55,5.0,0.14,0.14,43.692129,1776227784000
1776227786.071,86.071,0.46,5.0,0.45,5.0,0.6,4.66,0.89,100.0,0.4,4.66,0.11,100.0,0.54,5.0,0.55,5.0,0.14,0.14,43.689124,1776227785000
1776227787.331,87.331,0.46,5.0,0.45,5.0,0.6,4.66,0.89,100.0,0.4,4.66,0.11,100.0,0.54,5.0,0.55,5.0,0.14,0.14,43.686014,1776227786000
1776227788.401,88.401,0.46,5.0,0.45,5.0,0.6,4.66,0.89,100.0,0.4,4.66,0.11,100.0,0.54,5.0,0.55,5.0,0.14,0.14,43.685793,1776227787000
1776227789.243,89.243,0.46,5.0,0.45,5.0,0.6,4.66,0.89,100.0,0.4,4.66,0.11,100.0,0.54,5.0,0.55,5.0,0.14,0.14,43.685674,1776227788000
1776227790.227,90.227,0.46,5.0,0.45,5.0,0.6,4.66,0.89,100.0,0.4,4.66,0.11,100.0,0.54,5.0,0.55,5.0,0.14,0.14,43.684858,1776227789000
1776227791.215,91.215,0.46,5.0,0.45,5.0,0.6,4.66,0.89,100.0,0.4,4.66,0.11,100.0,0.54,5.0,0.55,5.0,0.14,0.14,43.684742,1776227790000
1776227792.227,92.227,0.46,5.0,0.45,5.0,0.6,4.66,0.89,100.0,0.4,4.66,0.11,100.0,0.54,5.0,0.55,5.0,0.14,0.14,43.68486,1776227791000
1776227793.253,93.253,0.46,5.0,0.45,5.0,0.6,4.66,0.89,100.0,0.4,4.66,0.11,100.0,0.54,5.0,0.55,5.0,0.14,0.14,43.684857,1776227792000
1776227793.621,93.621,0.36,5.62,0.35,15.0,0.44,10.0,0.5,15.0,0.4,4.66,0.11,100.0,0.54,5.0,0.55,5.0,0.08,0.14,43.684857,1776227792000
1776227794.264,94.264,0.36,5.62,0.35,15.0,0.44,10.0,0.5,15.0,0.56,10.0,0.5,15.0,0.64,5.62,0.65,15.0,0.08,0.08,43.684763,1776227793000
1776227795.319,95.319,0.36,5.62,0.35,15.0,0.44,10.0,0.5,15.0,0.56,10.0,0.5,15.0,0.64,5.62,0.65,15.0,0.08,0.08,43.684763,1776227794000
1776227796.25,96.25,0.36,5.62,0.35,15.0,0.44,10.0,0.5,15.0,0.56,10.0,0.5,15.0,0.64,5.62,0.65,15.0,0.08,0.08,43.684652,1776227795000
1776227797.268,97.268,0.36,5.62,0.35,15.0,0.44,10.0,0.5,15.0,0.56,10.0,0.5,15.0,0.64,5.62,0.65,15.0,0.08,0.08,43.68465,1776227796000
1776227798.284,98.284,0.36,5.62,0.35,15.0,0.44,10.0,0.5,15.0,0.56,10.0,0.5,15.0,0.64,5.62,0.65,15.0,0.08,0.08,43.683993,1776227797000
1776227799.323,99.323,0.36,5.62,0.35,15.0,0.44,10.0,0.5,15.0,0.56,10.0,0.5,15.0,0.64,5.62,0.65,15.0,0.08,0.08,43.683942,1776227798000
1776227800.391,100.391,0.36,5.62,0.35,15.0,0.44,10.0,0.5,15.0,0.56,10.0,0.5,15.0,0.64,5.62,0.65,15.0,0.08,0.08,43.683942,1776227799000
1776227801.29,101.29,0.36,5.62,0.35,15.0,0.44,10.0,0.5,15.0,0.56,10.0,0.5,15.0,0.64,5.62,0.65,15.0,0.08,0.08,43.683942,1776227800000
1776227802.525,102.525,0.36,5.62,0.35,15.0,0.44,10.0,0.5,15.0,0.56,10.0,0.5,15.0,0.64,5.62,0.65,15.0,0.08,0.08,43.683771,1776227801000
1776227803.038,103.038,0.36,5.62,0.35,15.0,0.44,10.0,0.5,15.0,0.56,10.0,0.5,15.0,0.64,5.62,0.65,15.0,0.08,0.08,43.683942,1776227802000
1776227804.243,104.243,0.36,5.62,0.35,15.0,0.44,10.0,0.5,15.0,0.56,10.0,0.5,15.0,0.64,5.62,0.65,15.0,0.08,0.08,43.683942,1776227803000
1776227804.929,104.929,0.36,5.62,0.35,15.0,0.44,10.0,0.5,15.0,0.56,10.0,0.5,15.0,0.64,5.62,0.65,15.0,0.08,0.08,43.683943,1776227804000
1776227806.108,106.108,0.36,5.62,0.35,15.0,0.44,10.0,0.5,15.0,0.56,10.0,0.5,15.0,0.64,5.62,0.65,15.0,0.08,0.08,43.683771,1776227805000
1776227807.343,107.343,0.36,5.62,0.35,15.0,0.44,10.0,0.5,15.0,0.56,10.0,0.5,15.0,0.64,5.62,0.65,15.0,0.08,0.08,43.683801,1776227806000
1776227807.822,107.822,0.36,5.62,0.35,15.0,0.44,10.0,0.5,15.0,0.56,10.0,0.5,15.0,0.64,5.62,0.65,15.0,0.08,0.08,43.683801,1776227807000
1776227809.175,109.175,0.36,5.62,0.35,15.0,0.44,10.0,0.5,15.0,0.56,10.0,0.5,15.0,0.64,5.62,0.65,15.0,0.08,0.08,43.683746,1776227808000
1776227810.369,110.369,0.36,5.62,0.35,15.0,0.44,10.0,0.5,15.0,0.56,10.0,0.5,15.0,0.64,5.62,0.65,15.0,0.08,0.08,43.673745,1776227809000
1776227810.917,110.917,0.36,5.62,0.35,15.0,0.44,10.0,0.5,15.0,0.56,10.0,0.5,15.0,0.64,5.62,0.65,15.0,0.08,0.08,43.666928,1776227810000
1776227812.044,112.044,0.36,5.62,0.35,15.0,0.44,10.0,0.5,15.0,0.56,10.0,0.5,15.0,0.64,5.62,0.65,15.0,0.08,0.08,43.666585,1776227811000
1776227813.213,113.213,0.36,5.62,0.35,15.0,0.44,10.0,0.5,15.0,0.56,10.0,0.5,15.0,0.64,5.62,0.65,15.0,0.08,0.08,43.667249,1776227812000
1776227814.489,114.489,0.36,5.62,0.35,15.0,0.44,10.0,0.5,15.0,0.56,10.0,0.5,15.0,0.64,5.62,0.65,15.0,0.08,0.08,43.667205,1776227813000
1776227815.085,115.085,0.36,5.62,0.35,15.0,0.44,10.0,0.5,15.0,0.56,10.0,0.5,15.0,0.64,5.62,0.65,15.0,0.08,0.08,43.667175,1776227814000
1776227816.309,116.309,0.36,5.62,0.35,15.0,0.44,10.0,0.5,15.0,0.56,10.0,0.5,15.0,0.64,5.62,0.65,15.0,0.08,0.08,43.667518,1776227815000
1776227817.056,117.056,0.36,5.62,0.35,15.0,0.44,10.0,0.5,15.0,0.56,10.0,0.5,15.0,0.64,5.62,0.65,15.0,0.08,0.08,43.6661,1776227816000
1776227818.229,118.229,0.36,5.62,0.35,15.0,0.44,10.0,0.5,15.0,0.56,10.0,0.5,15.0,0.64,5.62,0.65,15.0,0.08,0.08,43.667353,1776227817000
1776227819.909,119.909,0.36,5.62,0.35,15.0,0.44,10.0,0.5,15.0,0.56,10.0,0.5,15.0,0.64,5.62,0.65,15.0,0.08,0.08,43.670018,1776227818000
1776227820.807,120.807,0.36,5.62,0.35,15.0,0.44,10.0,0.5,15.0,0.56,10.0,0.5,15.0,0.64,5.62,0.65,15.0,0.08,0.08,43.670133,1776227819000
1776227821.513,121.513,0.36,5.62,0.35,15.0,0.44,10.0,0.5,15.0,0.56,10.0,0.5,15.0,0.64,5.62,0.65,15.0,0.08,0.08,43.670978,1776227820000
1776227821.94,121.94,0.36,5.62,0.35,15.0,0.44,10.0,0.5,15.0,0.56,10.0,0.5,15.0,0.64,5.62,0.65,15.0,0.08,0.08,43.670978,1776227821000
1776227823.563,123.563,0.36,5.62,0.35,15.0,0.44,10.0,0.5,15.0,0.56,10.0,0.5,15.0,0.64,5.62,0.65,15.0,0.08,0.08,43.669213,1776227822000
1776227824.338,124.338,0.36,5.62,0.35,15.0,0.44,10.0,0.5,15.0,0.56,10.0,0.5,15.0,0.64,5.62,0.65,15.0,0.08,0.08,43.673069,1776227823000
1776227824.914,124.914,0.36,5.62,0.35,15.0,0.44,10.0,0.5,15.0,0.56,10.0,0.5,15.0,0.64,5.62,0.65,15.0,0.08,0.08,43.671678,1776227824000
1776227826.356,126.356,0.36,5.62,0.35,15.0,0.44,10.0,0.5,15.0,0.56,10.0,0.5,15.0,0.64,5.62,0.65,15.0,0.08,0.08,43.67141,1776227825000
1776227827.006,127.006,0.36,5.62,0.35,15.0,0.44,10.0,0.5,15.0,0.56,10.0,0.5,15.0,0.64,5.62,0.65,15.0,0.08,0.08,43.671594,1776227826000
1776227828.406,128.406,0.36,5.62,0.35,15.0,0.44,10.0,0.5,15.0,0.56,10.0,0.5,15.0,0.64,5.62,0.65,15.0,0.08,0.08,43.663537,1776227827000
1776227829.041,129.041,0.36,5.62,0.35,15.0,0.44,10.0,0.5,15.0,0.56,10.0,0.5,15.0,0.64,5.62,0.65,15.0,0.08,0.08,43.662751,1776227828000
1776227830.379,130.379,0.36,5.62,0.35,15.0,0.44,10.0,0.5,15.0,0.56,10.0,0.5,15.0,0.64,5.62,0.65,15.0,0.08,0.08,43.66435,1776227829000
1776227831.045,131.045,0.36,5.62,0.35,15.0,0.44,10.0,0.5,15.0,0.56,10.0,0.5,15.0,0.64,5.62,0.65,15.0,0.08,0.08,43.663808,1776227830000
1776227832.491,132.491,0.36,5.62,0.35,15.0,0.44,10.0,0.5,15.0,0.56,10.0,0.5,15.0,0.64,5.62,0.65,15.0,0.08,0.08,43.66383,1776227831000
1776227833.168,133.168,0.36,5.62,0.35,15.0,0.44,10.0,0.5,15.0,0.56,10.0,0.5,15.0,0.64,5.62,0.65,15.0,0.08,0.08,43.664258,1776227832000
1776227833.572,133.572,0.3,6.09,0.29,15.0,0.34,10.0,0.42,15.0,0.56,10.0,0.5,15.0,0.64,5.62,0.65,15.0,0.04,0.08,43.664258,1776227832000
1776227834.584,134.584,0.3,6.09,0.29,15.0,0.34,10.0,0.42,15.0,0.66,10.0,0.58,15.0,0.7,6.09,0.71,15.0,0.04,0.04,43.663813,1776227833000
1776227835.106,135.106,0.3,6.09,0.29,15.0,0.34,10.0,0.42,15.0,0.66,10.0,0.58,15.0,0.7,6.09,0.71,15.0,0.04,0.04,43.663813,1776227834000
1776227836.295,136.295,0.3,6.09,0.29,15.0,0.34,10.0,0.42,15.0,0.66,10.0,0.58,15.0,0.7,6.09,0.71,15.0,0.04,0.04,43.663805,1776227835000
1776227837.295,137.295,0.3,6.09,0.29,15.0,0.34,10.0,0.42,15.0,0.66,10.0,0.58,15.0,0.7,6.09,0.71,15.0,0.04,0.04,43.663189,1776227836000
1776227838.016,138.016,0.3,6.09,0.29,15.0,0.34,10.0,0.42,15.0,0.66,10.0,0.58,15.0,0.7,6.09,0.71,15.0,0.04,0.04,43.663103,1776227837000
1776227839.099,139.099,0.3,6.09,0.29,15.0,0.34,10.0,0.42,15.0,0.66,10.0,0.58,15.0,0.7,6.09,0.71,15.0,0.04,0.04,43.662826,1776227838000
1776227840.079,140.079,0.3,6.09,0.29,15.0,0.34,10.0,0.42,15.0,0.66,10.0,0.58,15.0,0.7,6.09,0.71,15.0,0.04,0.04,43.664136,1776227839000
1776227840.567,140.567,0.33,15.0,0.32,15.0,0.39,10.0,0.49,15.0,0.66,10.0,0.58,15.0,0.7,6.09,0.71,15.0,0.06,0.04,43.664136,1776227839000
1776227841.132,141.132,0.33,15.0,0.32,15.0,0.39,10.0,0.49,15.0,0.61,10.0,0.51,15.0,0.67,15.0,0.68,15.0,0.06,0.06,43.670236,1776227840000
1776227842.098,142.098,0.33,15.0,0.32,15.0,0.39,10.0,0.49,15.0,0.61,10.0,0.51,15.0,0.67,15.0,0.68,15.0,0.06,0.06,43.671923,1776227841000
1776227843.121,143.121,0.33,15.0,0.32,15.0,0.39,10.0,0.49,15.0,0.61,10.0,0.51,15.0,0.67,15.0,0.68,15.0,0.06,0.06,43.673973,1776227842000
1776227844.201,144.201,0.33,15.0,0.32,15.0,0.39,10.0,0.49,15.0,0.61,10.0,0.51,15.0,0.67,15.0,0.68,15.0,0.06,0.06,43.673591,1776227843000
1776227845.187,145.187,0.33,15.0,0.32,15.0,0.39,10.0,0.49,15.0,0.61,10.0,0.51,15.0,0.67,15.0,0.68,15.0,0.06,0.06,43.674067,1776227844000
1776227846.275,146.275,0.33,15.0,0.32,15.0,0.39,10.0,0.49,15.0,0.61,10.0,0.51,15.0,0.67,15.0,0.68,15.0,0.06,0.06,43.674067,1776227845000
1776227847.311,147.311,0.33,15.0,0.32,15.0,0.39,10.0,0.49,15.0,0.61,10.0,0.51,15.0,0.67,15.0,0.68,15.0,0.06,0.06,43.674202,1776227846000
1776227848.371,148.371,0.33,15.0,0.32,15.0,0.39,10.0,0.49,15.0,0.61,10.0,0.51,15.0,0.67,15.0,0.68,15.0,0.06,0.06,43.674202,1776227847000
1776227850.192,150.192,0.33,15.0,0.32,15.0,0.39,10.0,0.49,15.0,0.61,10.0,0.51,15.0,0.67,15.0,0.68,15.0,0.06,0.06,43.674286,1776227848000
1776227851.189,151.189,0.33,15.0,0.32,15.0,0.39,10.0,0.49,15.0,0.61,10.0,0.51,15.0,0.67,15.0,0.68,15.0,0.06,0.06,43.675286,1776227849000
1776227851.917,151.917,0.33,15.0,0.32,15.0,0.39,10.0,0.49,15.0,0.61,10.0,0.51,15.0,0.67,15.0,0.68,15.0,0.06,0.06,43.67574,1776227850000
1776227852.603,152.603,0.33,15.0,0.32,15.0,0.39,10.0,0.49,15.0,0.61,10.0,0.51,15.0,0.67,15.0,0.68,15.0,0.06,0.06,43.680962,1776227851000
1776227853.396,153.396,0.33,15.0,0.32,15.0,0.39,10.0,0.49,15.0,0.61,10.0,0.51,15.0,0.67,15.0,0.68,15.0,0.06,0.06,43.68223,1776227852000
1776227853.942,153.942,0.33,15.0,0.32,15.0,0.39,10.0,0.49,15.0,0.61,10.0,0.51,15.0,0.67,15.0,0.68,15.0,0.06,0.06,43.682777,1776227853000
1776227855.25,155.25,0.33,15.0,0.32,15.0,0.39,10.0,0.49,15.0,0.61,10.0,0.51,15.0,0.67,15.0,0.68,15.0,0.06,0.06,43.685635,1776227854000
1776227856.618,156.618,0.33,15.0,0.32,15.0,0.39,10.0,0.49,15.0,0.61,10.0,0.51,15.0,0.67,15.0,0.68,15.0,0.06,0.06,43.685635,1776227855000
1776227857.334,157.334,0.33,15.0,0.32,15.0,0.39,10.0,0.49,15.0,0.61,10.0,0.51,15.0,0.67,15.0,0.68,15.0,0.06,0.06,43.68528,1776227856000
1776227858.481,158.481,0.33,15.0,0.32,15.0,0.39,10.0,0.49,15.0,0.61,10.0,0.51,15.0,0.67,15.0,0.68,15.0,0.06,0.06,43.685281,1776227857000
1776227859.017,159.017,0.33,15.0,0.32,15.0,0.39,10.0,0.49,15.0,0.61,10.0,0.51,15.0,0.67,15.0,0.68,15.0,0.06,0.06,43.685063,1776227858000
1776227860.204,160.204,0.33,15.0,0.32,15.0,0.39,10.0,0.49,15.0,0.61,10.0,0.51,15.0,0.67,15.0,0.68,15.0,0.06,0.06,43.685063,1776227859000
1776227861.456,161.456,0.33,15.0,0.32,15.0,0.39,10.0,0.49,15.0,0.61,10.0,0.51,15.0,0.67,15.0,0.68,15.0,0.06,0.06,43.685167,1776227860000
1776227861.906,161.906,0.33,15.0,0.32,15.0,0.39,10.0,0.49,15.0,0.61,10.0,0.51,15.0,0.67,15.0,0.68,15.0,0.06,0.06,43.684809,1776227861000
1776227863.128,163.128,0.33,15.0,0.32,15.0,0.39,10.0,0.49,15.0,0.61,10.0,0.51,15.0,0.67,15.0,0.68,15.0,0.06,0.06,43.683972,1776227862000
1776227864.442,164.442,0.33,15.0,0.32,15.0,0.39,10.0,0.49,15.0,0.61,10.0,0.51,15.0,0.67,15.0,0.68,15.0,0.06,0.06,43.684065,1776227863000
1776227865.393,165.393,0.33,15.0,0.32,15.0,0.39,10.0,0.49,15.0,0.61,10.0,0.51,15.0,0.67,15.0,0.68,15.0,0.06,0.06,43.684435,1776227864000
1776227866.302,166.302,0.33,15.0,0.32,15.0,0.39,10.0,0.49,15.0,0.61,10.0,0.51,15.0,0.67,15.0,0.68,15.0,0.06,0.06,43.684726,1776227865000
1776227867.458,167.458,0.33,15.0,0.32,15.0,0.39,10.0,0.49,15.0,0.61,10.0,0.51,15.0,0.67,15.0,0.68,15.0,0.06,0.06,43.684756,1776227866000
1776227867.929,167.929,0.33,15.0,0.32,15.0,0.39,10.0,0.49,15.0,0.61,10.0,0.51,15.0,0.67,15.0,0.68,15.0,0.06,0.06,43.684756,1776227867000
1776227869.06,169.06,0.33,15.0,0.32,15.0,0.39,10.0,0.49,15.0,0.61,10.0,0.51,15.0,0.67,15.0,0.68,15.0,0.06,0.06,43.684671,1776227868000
1776227870.11,170.11,0.33,15.0,0.32,15.0,0.39,10.0,0.49,15.0,0.61,10.0,0.51,15.0,0.67,15.0,0.68,15.0,0.06,0.06,43.689144,1776227869000
1776227871.187,171.187,0.33,15.0,0.32,15.0,0.39,10.0,0.49,15.0,0.61,10.0,0.51,15.0,0.67,15.0,0.68,15.0,0.06,0.06,43.689554,1776227870000
1776227872.42,172.42,0.33,15.0,0.32,15.0,0.39,10.0,0.49,15.0,0.61,10.0,0.51,15.0,0.67,15.0,0.68,15.0,0.06,0.06,43.680791,1776227871000
1776227873.332,173.332,0.33,15.0,0.32,15.0,0.39,10.0,0.49,15.0,0.61,10.0,0.51,15.0,0.67,15.0,0.68,15.0,0.06,0.06,43.679038,1776227872000
1776227873.943,173.943,0.33,15.0,0.32,15.0,0.39,10.0,0.49,15.0,0.61,10.0,0.51,15.0,0.67,15.0,0.68,15.0,0.06,0.06,43.67848,1776227873000
1776227874.995,174.995,0.33,15.0,0.32,15.0,0.39,10.0,0.49,15.0,0.61,10.0,0.51,15.0,0.67,15.0,0.68,15.0,0.06,0.06,43.682947,1776227874000
1776227876.074,176.074,0.33,15.0,0.32,15.0,0.39,10.0,0.49,15.0,0.61,10.0,0.51,15.0,0.67,15.0,0.68,15.0,0.06,0.06,43.682949,1776227875000
1776227884.526,184.526,0.33,15.0,0.32,15.0,0.39,10.0,0.49,15.0,0.61,10.0,0.51,15.0,0.67,15.0,0.68,15.0,0.06,0.06,43.68303,1776227883000
1776227885.367,185.367,0.33,15.0,0.32,15.0,0.39,10.0,0.49,15.0,0.61,10.0,0.51,15.0,0.67,15.0,0.68,15.0,0.06,0.06,43.682634,1776227884000
1776227885.985,185.985,0.33,15.0,0.32,15.0,0.39,10.0,0.49,15.0,0.61,10.0,0.51,15.0,0.67,15.0,0.68,15.0,0.06,0.06,43.682638,1776227885000
1776227886.966,186.966,0.33,15.0,0.32,15.0,0.39,10.0,0.49,15.0,0.61,10.0,0.51,15.0,0.67,15.0,0.68,15.0,0.06,0.06,43.682972,1776227886000
1776227888.295,188.295,0.33,15.0,0.32,15.0,0.39,10.0,0.49,15.0,0.61,10.0,0.51,15.0,0.67,15.0,0.68,15.0,0.06,0.06,43.682129,1776227887000
1776227889.357,189.357,0.33,15.0,0.32,15.0,0.39,10.0,0.49,15.0,0.61,10.0,0.51,15.0,0.67,15.0,0.68,15.0,0.06,0.06,43.682473,1776227888000
1776227889.903,189.903,0.33,15.0,0.32,15.0,0.39,10.0,0.49,15.0,0.61,10.0,0.51,15.0,0.67,15.0,0.68,15.0,0.06,0.06,43.683149,1776227889000
1776227891.1,191.1,0.33,15.0,0.32,15.0,0.39,10.0,0.49,15.0,0.61,10.0,0.51,15.0,0.67,15.0,0.68,15.0,0.06,0.06,43.688632,1776227890000
1776227892.313,192.313,0.33,15.0,0.32,15.0,0.39,10.0,0.49,15.0,0.61,10.0,0.51,15.0,0.67,15.0,0.68,15.0,0.06,0.06,43.69125,1776227891000
1776227893.483,193.483,0.33,15.0,0.32,15.0,0.39,10.0,0.49,15.0,0.61,10.0,0.51,15.0,0.67,15.0,0.68,15.0,0.06,0.06,43.692816,1776227892000
1776227893.994,193.994,0.33,15.0,0.32,15.0,0.39,10.0,0.49,15.0,0.61,10.0,0.51,15.0,0.67,15.0,0.68,15.0,0.06,0.06,43.693239,1776227893000
1776227895.126,195.126,0.33,15.0,0.32,15.0,0.39,10.0,0.49,15.0,0.61,10.0,0.51,15.0,0.67,15.0,0.68,15.0,0.06,0.06,43.693862,1776227894000
1776227896.212,196.212,0.33,15.0,0.32,15.0,0.39,10.0,0.49,15.0,0.61,10.0,0.51,15.0,0.67,15.0,0.68,15.0,0.06,0.06,43.694358,1776227895000
1776227897.221,197.221,0.33,15.0,0.32,15.0,0.39,10.0,0.49,15.0,0.61,10.0,0.51,15.0,0.67,15.0,0.68,15.0,0.06,0.06,43.694534,1776227896000
1776227898.303,198.303,0.33,15.0,0.32,15.0,0.39,10.0,0.49,15.0,0.61,10.0,0.51,15.0,0.67,15.0,0.68,15.0,0.06,0.06,43.695213,1776227897000
1776227899.208,199.208,0.33,15.0,0.32,15.0,0.39,10.0,0.49,15.0,0.61,10.0,0.51,15.0,0.67,15.0,0.68,15.0,0.06,0.06,43.695029,1776227898000
1776227900.221,200.221,0.33,15.0,0.32,15.0,0.39,10.0,0.49,15.0,0.61,10.0,0.51,15.0,0.67,15.0,0.68,15.0,0.06,0.06,43.694975,1776227899000
1776227901.218,201.218,0.33,15.0,0.32,15.0,0.39,10.0,0.49,15.0,0.61,10.0,0.51,15.0,0.67,15.0,0.68,15.0,0.06,0.06,43.695067,1776227900000
1776227902.253,202.253,0.33,15.0,0.32,15.0,0.39,10.0,0.49,15.0,0.61,10.0,0.51,15.0,0.67,15.0,0.68,15.0,0.06,0.06,43.695064,1776227901000
1776227903.392,203.392,0.33,15.0,0.32,15.0,0.39,10.0,0.49,15.0,0.61,10.0,0.51,15.0,0.67,15.0,0.68,15.0,0.06,0.06,43.695064,1776227902000
1776227904.382,204.382,0.33,15.0,0.32,15.0,0.39,10.0,0.49,15.0,0.61,10.0,0.51,15.0,0.67,15.0,0.68,15.0,0.06,0.06,43.695357,1776227903000
1776227904.803,204.803,0.33,15.0,0.32,15.0,0.39,10.0,0.49,15.0,0.61,10.0,0.51,15.0,0.67,15.0,0.68,15.0,0.06,0.06,43.695357,1776227904000
1776227905.981,205.981,0.33,15.0,0.32,15.0,0.39,10.0,0.49,15.0,0.61,10.0,0.51,15.0,0.67,15.0,0.68,15.0,0.06,0.06,43.695354,1776227905000
1776227906.96,206.96,0.33,15.0,0.32,15.0,0.39,10.0,0.49,15.0,0.61,10.0,0.51,15.0,0.67,15.0,0.68,15.0,0.06,0.06,43.695354,1776227906000
1776227908.374,208.374,0.33,15.0,0.32,15.0,0.39,10.0,0.49,15.0,0.61,10.0,0.51,15.0,0.67,15.0,0.68,15.0,0.06,0.06,43.695834,1776227907000
1776227909.247,209.247,0.33,15.0,0.32,15.0,0.39,10.0,0.49,15.0,0.61,10.0,0.51,15.0,0.67,15.0,0.68,15.0,0.06,0.06,43.695834,1776227908000
1776227910.341,210.341,0.33,15.0,0.32,15.0,0.39,10.0,0.49,15.0,0.61,10.0,0.51,15.0,0.67,15.0,0.68,15.0,0.06,0.06,43.700389,1776227909000
1776227911.508,211.508,0.33,15.0,0.32,15.0,0.39,10.0,0.49,15.0,0.61,10.0,0.51,15.0,0.67,15.0,0.68,15.0,0.06,0.06,43.70146,1776227910000
1776227912.103,212.103,0.33,15.0,0.32,15.0,0.39,10.0,0.49,15.0,0.61,10.0,0.51,15.0,0.67,15.0,0.68,15.0,0.06,0.06,43.70204,1776227911000
1776227912.515,212.515,0.41,15.0,0.4,15.0,0.65,15.0,0.66,15.0,0.61,10.0,0.51,15.0,0.67,15.0,0.68,15.0,0.24,0.06,43.70204,1776227911000
1776227913.459,213.459,0.41,15.0,0.4,15.0,0.65,15.0,0.66,15.0,0.35,15.0,0.34,15.0,0.59,15.0,0.6,15.0,0.24,0.24,43.703002,1776227912000
1776227914.104,214.104,0.41,15.0,0.4,15.0,0.65,15.0,0.66,15.0,0.35,15.0,0.34,15.0,0.59,15.0,0.6,15.0,0.24,0.24,43.703337,1776227913000
1776227915.147,215.147,0.41,15.0,0.4,15.0,0.65,15.0,0.66,15.0,0.35,15.0,0.34,15.0,0.59,15.0,0.6,15.0,0.24,0.24,43.702832,1776227914000
1776227916.42,216.42,0.41,15.0,0.4,15.0,0.65,15.0,0.66,15.0,0.35,15.0,0.34,15.0,0.59,15.0,0.6,15.0,0.24,0.24,43.696056,1776227915000
1776227917.465,217.465,0.41,15.0,0.4,15.0,0.65,15.0,0.66,15.0,0.35,15.0,0.34,15.0,0.59,15.0,0.6,15.0,0.24,0.24,43.690884,1776227916000
1776227918.032,218.032,0.41,15.0,0.4,15.0,0.65,15.0,0.66,15.0,0.35,15.0,0.34,15.0,0.59,15.0,0.6,15.0,0.24,0.24,43.688803,1776227917000
1776227919.117,219.117,0.41,15.0,0.4,15.0,0.65,15.0,0.66,15.0,0.35,15.0,0.34,15.0,0.59,15.0,0.6,15.0,0.24,0.24,43.68764,1776227918000
1776227920.206,220.206,0.41,15.0,0.4,15.0,0.65,15.0,0.66,15.0,0.35,15.0,0.34,15.0,0.59,15.0,0.6,15.0,0.24,0.24,43.687109,1776227919000
1776227921.288,221.288,0.41,15.0,0.4,15.0,0.65,15.0,0.66,15.0,0.35,15.0,0.34,15.0,0.59,15.0,0.6,15.0,0.24,0.24,43.686439,1776227920000
1776227922.338,222.338,0.41,15.0,0.4,15.0,0.65,15.0,0.66,15.0,0.35,15.0,0.34,15.0,0.59,15.0,0.6,15.0,0.24,0.24,43.685577,1776227921000
1776227923.552,223.552,0.41,15.0,0.4,15.0,0.65,15.0,0.66,15.0,0.35,15.0,0.34,15.0,0.59,15.0,0.6,15.0,0.24,0.24,43.685969,1776227922000
1776227924.62,224.62,0.41,15.0,0.4,15.0,0.65,15.0,0.66,15.0,0.35,15.0,0.34,15.0,0.59,15.0,0.6,15.0,0.24,0.24,43.685969,1776227923000
1776227925.288,225.288,0.41,15.0,0.4,15.0,0.65,15.0,0.66,15.0,0.35,15.0,0.34,15.0,0.59,15.0,0.6,15.0,0.24,0.24,43.686065,1776227924000
1776227926.517,226.517,0.41,15.0,0.4,15.0,0.65,15.0,0.66,15.0,0.35,15.0,0.34,15.0,0.59,15.0,0.6,15.0,0.24,0.24,43.685799,1776227925000
1776227927.386,227.386,0.41,15.0,0.4,15.0,0.65,15.0,0.66,15.0,0.35,15.0,0.34,15.0,0.59,15.0,0.6,15.0,0.24,0.24,43.685799,1776227926000
1776227928.542,228.542,0.41,15.0,0.4,15.0,0.65,15.0,0.66,15.0,0.35,15.0,0.34,15.0,0.59,15.0,0.6,15.0,0.24,0.24,43.686479,1776227927000
1776227929.46,229.46,0.41,15.0,0.4,15.0,0.65,15.0,0.66,15.0,0.35,15.0,0.34,15.0,0.59,15.0,0.6,15.0,0.24,0.24,43.686564,1776227928000
1776227930.115,230.115,0.41,15.0,0.4,15.0,0.65,15.0,0.66,15.0,0.35,15.0,0.34,15.0,0.59,15.0,0.6,15.0,0.24,0.24,43.686564,1776227929000
1776227931.54,231.54,0.41,15.0,0.4,15.0,0.65,15.0,0.66,15.0,0.35,15.0,0.34,15.0,0.59,15.0,0.6,15.0,0.24,0.24,43.686725,1776227930000
1776227932.366,232.366,0.41,15.0,0.4,15.0,0.65,15.0,0.66,15.0,0.35,15.0,0.34,15.0,0.59,15.0,0.6,15.0,0.24,0.24,43.686724,1776227931000
1776227933.048,233.048,0.41,15.0,0.4,15.0,0.65,15.0,0.66,15.0,0.35,15.0,0.34,15.0,0.59,15.0,0.6,15.0,0.24,0.24,43.690473,1776227932000
1776227934.315,234.315,0.41,15.0,0.4,15.0,0.65,15.0,0.66,15.0,0.35,15.0,0.34,15.0,0.59,15.0,0.6,15.0,0.24,0.24,43.692362,1776227933000
1776227935.664,235.664,0.41,15.0,0.4,15.0,0.65,15.0,0.66,15.0,0.35,15.0,0.34,15.0,0.59,15.0,0.6,15.0,0.24,0.24,43.692527,1776227934000
1776227936.316,236.316,0.41,15.0,0.4,15.0,0.65,15.0,0.66,15.0,0.35,15.0,0.34,15.0,0.59,15.0,0.6,15.0,0.24,0.24,43.693516,1776227935000
1776227936.634,236.634,0.5,6.0,0.47,15.0,0.67,10.0,0.69,15.0,0.35,15.0,0.34,15.0,0.59,15.0,0.6,15.0,0.17,0.24,43.693516,1776227935000
1776227937.603,237.603,0.5,6.0,0.47,15.0,0.67,10.0,0.69,15.0,0.33,10.0,0.31,15.0,0.5,6.0,0.53,15.0,0.17,0.17,43.693607,1776227936000
1776227938.185,238.185,0.5,6.0,0.47,15.0,0.67,10.0,0.69,15.0,0.33,10.0,0.31,15.0,0.5,6.0,0.53,15.0,0.17,0.17,43.69782,1776227937000
1776227939.615,239.615,0.5,6.0,0.47,15.0,0.67,10.0,0.69,15.0,0.33,10.0,0.31,15.0,0.5,6.0,0.53,15.0,0.17,0.17,43.700159,1776227938000
1776227940.216,240.216,0.5,6.0,0.47,15.0,0.67,10.0,0.69,15.0,0.33,10.0,0.31,15.0,0.5,6.0,0.53,15.0,0.17,0.17,43.700688,1776227939000
1776227941.476,241.476,0.5,6.0,0.47,15.0,0.67,10.0,0.69,15.0,0.33,10.0,0.31,15.0,0.5,6.0,0.53,15.0,0.17,0.17,43.701774,1776227940000
1776227942.176,242.176,0.5,6.0,0.47,15.0,0.67,10.0,0.69,15.0,0.33,10.0,0.31,15.0,0.5,6.0,0.53,15.0,0.17,0.17,43.702113,1776227941000
1776227943.208,243.208,0.5,6.0,0.47,15.0,0.67,10.0,0.69,15.0,0.33,10.0,0.31,15.0,0.5,6.0,0.53,15.0,0.17,0.17,43.704171,1776227942000
1776227944.472,244.472,0.5,6.0,0.47,15.0,0.67,10.0,0.69,15.0,0.33,10.0,0.31,15.0,0.5,6.0,0.53,15.0,0.17,0.17,43.7079,1776227943000
1776227945.093,245.093,0.5,6.0,0.47,15.0,0.67,10.0,0.69,15.0,0.33,10.0,0.31,15.0,0.5,6.0,0.53,15.0,0.17,0.17,43.714686,1776227944000
1776227946.34,246.34,0.5,6.0,0.47,15.0,0.67,10.0,0.69,15.0,0.33,10.0,0.31,15.0,0.5,6.0,0.53,15.0,0.17,0.17,43.714686,1776227945000
1776227947.02,247.02,0.5,6.0,0.47,15.0,0.67,10.0,0.69,15.0,0.33,10.0,0.31,15.0,0.5,6.0,0.53,15.0,0.17,0.17,43.711593,1776227946000
1776227948.156,248.156,0.5,6.0,0.47,15.0,0.67,10.0,0.69,15.0,0.33,10.0,0.31,15.0,0.5,6.0,0.53,15.0,0.17,0.17,43.711482,1776227947000
1776227949.66,249.66,0.5,6.0,0.47,15.0,0.67,10.0,0.69,15.0,0.33,10.0,0.31,15.0,0.5,6.0,0.53,15.0,0.17,0.17,43.712472,1776227948000
1776227950.447,250.447,0.5,6.0,0.47,15.0,0.67,10.0,0.69,15.0,0.33,10.0,0.31,15.0,0.5,6.0,0.53,15.0,0.17,0.17,43.712472,1776227949000
1776227951.008,251.008,0.5,6.0,0.47,15.0,0.67,10.0,0.69,15.0,0.33,10.0,0.31,15.0,0.5,6.0,0.53,15.0,0.17,0.17,43.713929,1776227950000
1776227952.397,252.397,0.5,6.0,0.47,15.0,0.67,10.0,0.69,15.0,0.33,10.0,0.31,15.0,0.5,6.0,0.53,15.0,0.17,0.17,43.713974,1776227951000
1776227953.015,253.015,0.5,6.0,0.47,15.0,0.67,10.0,0.69,15.0,0.33,10.0,0.31,15.0,0.5,6.0,0.53,15.0,0.17,0.17,43.713965,1776227952000
1776227954.264,254.264,0.8,10.0,0.72,15.0,0.93,11.8,0.94,15.0,0.33,10.0,0.31,15.0,0.5,6.0,0.53,15.0,0.13,0.17,43.713965,1776227952000
1776227954.965,254.965,0.8,10.0,0.72,15.0,0.93,11.8,0.94,15.0,0.07,11.8,0.06,15.0,0.2,10.0,0.28,15.0,0.13,0.13,43.714247,1776227954000
1776227956.125,256.125,0.74,17.3,0.73,15.0,0.93,11.8,0.94,15.0,0.07,11.8,0.06,15.0,0.26,17.3,0.27,15.0,0.19,0.19,43.722709,1776227955000
1776227958.975,258.975,0.74,17.3,0.73,15.0,0.93,11.8,0.94,15.0,0.07,11.8,0.06,15.0,0.26,17.3,0.27,15.0,0.19,0.19,43.72608,1776227957000
1776227959.72,259.72,0.74,17.3,0.73,15.0,0.93,11.8,0.94,15.0,0.07,11.8,0.06,15.0,0.26,17.3,0.27,15.0,0.19,0.19,43.725816,1776227958000
1776227960.173,260.173,0.74,17.3,0.73,15.0,0.93,11.8,0.94,15.0,0.07,11.8,0.06,15.0,0.26,17.3,0.27,15.0,0.19,0.19,43.725778,1776227959000
1776227960.787,260.787,0.75,5.0,0.69,15.0,0.86,5.0,0.87,15.0,0.07,11.8,0.06,15.0,0.26,17.3,0.27,15.0,0.11,0.19,43.725778,1776227959000
1776227961.417,261.417,0.75,5.0,0.69,15.0,0.86,5.0,0.87,15.0,0.14,5.0,0.13,15.0,0.25,5.0,0.31,15.0,0.11,0.11,43.725592,1776227960000
1776227961.986,261.986,0.75,5.0,0.69,15.0,0.86,5.0,0.87,15.0,0.14,5.0,0.13,15.0,0.25,5.0,0.31,15.0,0.11,0.11,43.72427,1776227961000
1776227963.104,263.104,0.68,8.82,0.58,15.0,0.73,5.0,0.83,15.0,0.27,5.0,0.17,15.0,0.32,8.82,0.42,15.0,0.05,0.05,43.722179,1776227962000
1776227964.251,264.251,0.68,8.82,0.58,15.0,0.73,5.0,0.83,15.0,0.27,5.0,0.17,15.0,0.32,8.82,0.42,15.0,0.05,0.05,43.715504,1776227963000
1776227965.38,265.38,0.68,8.82,0.58,15.0,0.73,5.0,0.83,15.0,0.27,5.0,0.17,15.0,0.32,8.82,0.42,15.0,0.05,0.05,43.710346,1776227964000
1776227965.986,265.986,0.68,8.82,0.58,15.0,0.73,5.0,0.83,15.0,0.27,5.0,0.17,15.0,0.32,8.82,0.42,15.0,0.05,0.05,43.710261,1776227965000
1776227967.177,267.177,0.68,8.82,0.58,15.0,0.73,5.0,0.83,15.0,0.27,5.0,0.17,15.0,0.32,8.82,0.42,15.0,0.05,0.05,43.710983,1776227966000
1776227968.303,268.303,0.68,8.82,0.58,15.0,0.73,5.0,0.83,15.0,0.27,5.0,0.17,15.0,0.32,8.82,0.42,15.0,0.05,0.05,43.713903,1776227967000
1776227969.232,269.232,0.68,14.44,0.67,15.0,0.79,15.0,0.8,15.0,0.27,5.0,0.17,15.0,0.32,8.82,0.42,15.0,0.11,0.05,43.713903,1776227967000
1776227969.902,269.902,0.68,14.44,0.67,15.0,0.79,15.0,0.8,15.0,0.21,15.0,0.2,15.0,0.32,14.44,0.33,15.0,0.11,0.11,43.714439,1776227969000
1776227971.047,271.047,0.68,14.44,0.67,15.0,0.79,15.0,0.8,15.0,0.21,15.0,0.2,15.0,0.32,14.44,0.33,15.0,0.11,0.11,43.714611,1776227970000
1776227972.19,272.19,0.68,14.44,0.67,15.0,0.79,15.0,0.8,15.0,0.21,15.0,0.2,15.0,0.32,14.44,0.33,15.0,0.11,0.11,43.714724,1776227971000
1776227974.015,274.015,0.68,14.44,0.67,15.0,0.79,15.0,0.8,15.0,0.21,15.0,0.2,15.0,0.32,14.44,0.33,15.0,0.11,0.11,43.71733,1776227972000
1776227974.596,274.596,0.68,14.44,0.67,15.0,0.79,15.0,0.8,15.0,0.21,15.0,0.2,15.0,0.32,14.44,0.33,15.0,0.11,0.11,43.71733,1776227973000
1776227975.301,275.301,0.68,14.44,0.67,15.0,0.79,15.0,0.8,15.0,0.21,15.0,0.2,15.0,0.32,14.44,0.33,15.0,0.11,0.11,43.717443,1776227974000
1776227975.903,275.903,0.81,43.0,0.15,100.0,0.96,5.0,0.98,10.0,0.04,5.0,0.02,10.0,0.19,43.0,0.85,100.0,0.15,0.15,43.717557,1776227975000
1776227977.051,277.051,0.81,43.0,0.15,100.0,0.96,5.0,0.98,10.0,0.04,5.0,0.02,10.0,0.19,43.0,0.85,100.0,0.15,0.15,43.723668,1776227976000
1776227978.382,278.382,0.81,43.0,0.15,100.0,0.96,5.0,0.98,10.0,0.04,5.0,0.02,10.0,0.19,43.0,0.85,100.0,0.15,0.15,43.724493,1776227977000
1776227978.891,278.891,0.81,43.0,0.15,100.0,0.96,5.0,0.98,10.0,0.04,5.0,0.02,10.0,0.19,43.0,0.85,100.0,0.15,0.15,43.724932,1776227978000
1776227979.983,279.983,0.81,43.0,0.15,100.0,0.96,5.0,0.98,10.0,0.04,5.0,0.02,10.0,0.19,43.0,0.85,100.0,0.15,0.15,43.724974,1776227979000
1776227981.099,281.099,0.81,43.0,0.15,100.0,0.96,5.0,0.98,10.0,0.04,5.0,0.02,10.0,0.19,43.0,0.85,100.0,0.15,0.15,43.724654,1776227980000
1776227982.32,282.32,0.81,43.0,0.15,100.0,0.96,5.0,0.98,10.0,0.04,5.0,0.02,10.0,0.19,43.0,0.85,100.0,0.15,0.15,43.724777,1776227981000
1776227982.883,282.883,0.81,43.0,0.15,100.0,0.96,5.0,0.98,10.0,0.04,5.0,0.02,10.0,0.19,43.0,0.85,100.0,0.15,0.15,43.724777,1776227982000
1776227984.25,284.25,0.81,43.0,0.15,100.0,0.96,5.0,0.98,10.0,0.04,5.0,0.02,10.0,0.19,43.0,0.85,100.0,0.15,0.15,43.724331,1776227983000
1776227984.523,284.523,0.87,28.0,0.81,21.0,0.95,18.75,0.96,5.0,0.04,5.0,0.02,10.0,0.19,43.0,0.85,100.0,0.08,0.15,43.724331,1776227983000
1776227985.248,285.248,0.87,28.0,0.81,21.0,0.95,18.75,0.96,5.0,0.05,18.75,0.04,5.0,0.13,28.0,0.19,21.0,0.08,0.08,43.723855,1776227984000
1776227986.407,286.407,0.87,28.0,0.81,21.0,0.95,18.75,0.96,5.0,0.05,18.75,0.04,5.0,0.13,28.0,0.19,21.0,0.08,0.08,43.724069,1776227985000
1776227987.135,287.135,0.89,39.0,0.81,21.0,0.95,13.48,0.96,5.0,0.05,13.48,0.04,5.0,0.11,39.0,0.19,21.0,0.06,0.06,43.724536,1776227986000
1776227988.195,288.195,0.89,39.0,0.81,21.0,0.95,13.48,0.96,5.0,0.05,13.48,0.04,5.0,0.11,39.0,0.19,21.0,0.06,0.06,43.725081,1776227987000
1776227989.093,289.093,0.89,39.0,0.81,21.0,0.95,13.48,0.96,5.0,0.05,13.48,0.04,5.0,0.11,39.0,0.19,21.0,0.06,0.06,43.725339,1776227988000
1776227990.105,290.105,0.89,39.0,0.81,21.0,0.95,13.48,0.96,5.0,0.05,13.48,0.04,5.0,0.11,39.0,0.19,21.0,0.06,0.06,43.72601,1776227989000
1776227991.16,291.16,0.89,39.0,0.81,21.0,0.95,13.48,0.96,5.0,0.05,13.48,0.04,5.0,0.11,39.0,0.19,21.0,0.06,0.06,43.72601,1776227990000
1776227992.1,292.1,0.89,39.0,0.81,21.0,0.95,13.48,0.96,5.0,0.05,13.48,0.04,5.0,0.11,39.0,0.19,21.0,0.06,0.06,43.726007,1776227991000
1776227993.201,293.201,0.89,39.0,0.81,21.0,0.95,13.48,0.96,5.0,0.05,13.48,0.04,5.0,0.11,39.0,0.19,21.0,0.06,0.06,43.736079,1776227992000
1776227993.406,293.406,0.91,10.0,0.81,21.0,0.96,2.5,0.98,10.0,0.05,13.48,0.04,5.0,0.11,39.0,0.19,21.0,0.05,0.06,43.736079,1776227992000
1776227993.802,293.802,0.91,10.0,0.81,21.0,0.99,65.0,,,0.02,10.0,0.01,85.0,0.09,10.0,0.19,21.0,0.08,0.07,43.736079,1776227992000
1776227994.075,294.075,0.91,10.0,0.81,21.0,0.99,44.79,,,0.01,65.0,,,0.09,10.0,0.19,21.0,0.08,0.08,43.736079,1776227992000
1776227994.585,294.585,0.91,10.0,0.81,21.0,0.99,32.01,,,0.01,44.79,,,0.09,10.0,0.19,21.0,0.08,0.08,43.737139,1776227993000
1776227994.993,294.993,0.91,10.0,0.81,21.0,0.99,16.85,,,0.01,32.01,,,0.09,10.0,0.19,21.0,0.08,0.08,43.737139,1776227993000
1776227995.423,295.423,0.91,10.0,0.81,21.0,0.99,13.61,,,0.01,16.85,,,0.09,10.0,0.19,21.0,0.08,0.08,43.739686,1776227994000
1776227995.744,295.744,0.91,10.0,0.81,21.0,,,,,0.01,13.61,,,0.09,10.0,0.19,21.0,,0.08,43.739686,1776227994000
1776227996.102,296.102,0.91,10.0,0.81,21.0,,,,,,,,,0.09,10.0,0.19,21.0,,,43.741182,1776227995000
1776227997.111,297.111,0.91,10.0,0.81,21.0,,,,,,,,,0.09,10.0,0.19,21.0,,,43.742334,1776227996000
1776227998.126,298.126,0.91,10.0,0.81,21.0,,,,,,,,,0.09,10.0,0.19,21.0,,,43.743198,1776227997000
1776227999.161,299.161,0.91,10.0,0.81,21.0,,,,,,,,,0.09,10.0,0.19,21.0,,,43.743281,1776227998000
1776227999.449,299.449,0.99,2723.3,0.91,10.0,,,,,,,,,0.01,2718.45,0.09,10.0,,,43.743281,1776227998000
1776228000.127,300.127,0.99,2723.3,0.91,10.0,,,,,,,,,0.01,2723.3,0.09,10.0,,,43.743281,1776227999000
1776228001.226,301.226,0.99,2723.3,0.91,10.0,,,,,,,,,0.01,2723.3,0.09,10.0,,,43.743394,1776228000000

# RESULT,winner=Up,slug=hype-updown-5m-1776227700,ticks=308
