timestamp,elapsed_sec,up_bid_p1,up_bid_s1,up_bid_p2,up_bid_s2,up_ask_p1,up_ask_s1,up_ask_p2,up_ask_s2,down_bid_p1,down_bid_s1,down_bid_p2,down_bid_s2,down_ask_p1,down_ask_s1,down_ask_p2,down_ask_s2,up_spread,down_spread,hype_price,hype_oracle_ts
1776222311.386,11.386,0.35,5.0,0.34,5.0,0.47,10.0,0.6,5.0,0.53,10.0,0.4,5.0,0.65,5.0,0.66,5.0,0.12,0.12,44.153252,1776222310000
1776222311.682,11.682,0.35,5.0,0.34,5.0,0.47,10.0,0.6,5.0,0.53,10.0,0.4,5.0,0.65,5.0,0.66,5.0,0.12,0.12,44.153252,1776222310000
1776222312.018,12.018,0.35,5.0,0.34,5.0,0.47,10.0,0.6,5.0,0.53,10.0,0.4,5.0,0.65,5.0,0.66,5.0,0.12,0.12,44.151097,1776222311000
1776222313.379,13.379,0.35,0.43,0.34,5.0,0.59,5.0,0.6,55.0,0.41,5.0,0.4,55.0,0.65,0.43,0.66,5.0,0.24,0.24,44.15025,1776222312000
1776222313.666,13.666,0.25,3.66,0.14,10.0,0.31,10.0,0.43,5.0,0.41,5.0,0.4,55.0,0.65,0.43,0.66,5.0,0.06,0.24,44.15025,1776222312000
1776222314.53,14.53,0.25,3.66,0.14,10.0,0.31,10.0,0.43,5.0,0.69,10.0,0.57,5.0,0.75,3.66,0.86,10.0,0.06,0.06,44.125439,1776222313000
1776222315.153,15.153,0.25,3.66,0.14,10.0,0.31,10.0,0.43,5.0,0.69,10.0,0.57,5.0,0.75,3.66,0.86,10.0,0.06,0.06,44.125272,1776222314000
1776222316.341,16.341,0.25,3.66,0.14,10.0,0.31,10.0,0.43,5.0,0.69,10.0,0.57,5.0,0.75,3.66,0.86,10.0,0.06,0.06,44.123463,1776222315000
1776222317.544,17.544,0.25,3.66,0.14,10.0,0.31,10.0,0.43,5.0,0.69,10.0,0.57,5.0,0.75,3.66,0.86,10.0,0.06,0.06,44.12307,1776222316000
1776222318.231,18.231,0.25,3.66,0.14,10.0,0.31,10.0,0.43,5.0,0.69,10.0,0.57,5.0,0.75,3.66,0.86,10.0,0.06,0.06,44.121619,1776222317000
1776222319.37,19.37,0.25,3.66,0.14,10.0,0.31,10.0,0.43,5.0,0.69,10.0,0.57,5.0,0.75,3.66,0.86,10.0,0.06,0.06,44.122537,1776222318000
1776222320.184,20.184,0.25,3.66,0.14,10.0,0.31,10.0,0.43,5.0,0.69,10.0,0.57,5.0,0.75,3.66,0.86,10.0,0.06,0.06,44.122973,1776222319000
1776222321.534,21.534,0.25,3.66,0.14,10.0,0.31,10.0,0.43,5.0,0.69,10.0,0.57,5.0,0.75,3.66,0.86,10.0,0.06,0.06,44.119421,1776222320000
1776222322.394,22.394,0.25,3.66,0.14,10.0,0.31,10.0,0.43,5.0,0.69,10.0,0.57,5.0,0.75,3.66,0.86,10.0,0.06,0.06,44.119229,1776222321000
1776222323.376,23.376,0.25,3.66,0.14,10.0,0.31,10.0,0.43,5.0,0.69,10.0,0.57,5.0,0.75,3.66,0.86,10.0,0.06,0.06,44.11697,1776222322000
1776222324.104,24.104,0.25,3.66,0.14,10.0,0.31,10.0,0.43,5.0,0.69,10.0,0.57,5.0,0.75,3.66,0.86,10.0,0.06,0.06,44.117647,1776222323000
1776222324.961,24.961,0.25,3.66,0.14,10.0,0.31,10.0,0.43,5.0,0.69,10.0,0.57,5.0,0.75,3.66,0.86,10.0,0.06,0.06,44.12106,1776222324000
1776222326.204,26.204,0.25,3.66,0.14,10.0,0.31,10.0,0.43,5.0,0.69,10.0,0.57,5.0,0.75,3.66,0.86,10.0,0.06,0.06,44.132071,1776222325000
1776222327.365,27.365,0.25,3.66,0.14,10.0,0.31,10.0,0.43,5.0,0.69,10.0,0.57,5.0,0.75,3.66,0.86,10.0,0.06,0.06,44.143787,1776222326000
1776222327.96,27.96,0.25,3.66,0.14,10.0,0.31,10.0,0.43,5.0,0.69,10.0,0.57,5.0,0.75,3.66,0.86,10.0,0.06,0.06,44.157475,1776222327000
1776222329.252,29.252,0.25,3.66,0.14,10.0,0.31,10.0,0.43,5.0,0.69,10.0,0.57,5.0,0.75,3.66,0.86,10.0,0.06,0.06,44.161678,1776222328000
1776222330.331,30.331,0.25,3.66,0.14,10.0,0.31,10.0,0.43,5.0,0.69,10.0,0.57,5.0,0.75,3.66,0.86,10.0,0.06,0.06,44.162178,1776222329000
1776222331.317,31.317,0.25,3.66,0.14,10.0,0.31,10.0,0.43,5.0,0.69,10.0,0.57,5.0,0.75,3.66,0.86,10.0,0.06,0.06,44.162062,1776222330000
1776222332.069,32.069,0.25,3.66,0.14,10.0,0.31,10.0,0.43,5.0,0.69,10.0,0.57,5.0,0.75,3.66,0.86,10.0,0.06,0.06,44.162292,1776222331000
1776222333.259,33.259,0.25,3.66,0.14,10.0,0.31,10.0,0.43,5.0,0.69,10.0,0.57,5.0,0.75,3.66,0.86,10.0,0.06,0.06,44.16254,1776222332000
1776222335.099,35.099,0.25,3.66,0.14,10.0,0.31,10.0,0.43,5.0,0.69,10.0,0.57,5.0,0.75,3.66,0.86,10.0,0.06,0.06,44.162067,1776222333000
1776222335.797,35.797,0.25,3.66,0.14,10.0,0.31,10.0,0.43,5.0,0.69,10.0,0.57,5.0,0.75,3.66,0.86,10.0,0.06,0.06,44.162071,1776222334000
1776222336.523,36.523,0.25,3.66,0.14,10.0,0.31,10.0,0.43,5.0,0.69,10.0,0.57,5.0,0.75,3.66,0.86,10.0,0.06,0.06,44.161494,1776222335000
1776222337.404,37.404,0.25,3.66,0.14,10.0,0.31,10.0,0.43,5.0,0.69,10.0,0.57,5.0,0.75,3.66,0.86,10.0,0.06,0.06,44.161494,1776222336000
1776222338.12,38.12,0.25,3.66,0.14,10.0,0.31,10.0,0.43,5.0,0.69,10.0,0.57,5.0,0.75,3.66,0.86,10.0,0.06,0.06,44.161289,1776222337000
1776222339.481,39.481,0.25,3.66,0.14,10.0,0.31,10.0,0.43,5.0,0.69,10.0,0.57,5.0,0.75,3.66,0.86,10.0,0.06,0.06,44.161287,1776222338000
1776222340.254,40.254,0.25,3.66,0.14,10.0,0.31,10.0,0.43,5.0,0.69,10.0,0.57,5.0,0.75,3.66,0.86,10.0,0.06,0.06,44.161134,1776222339000
1776222341.545,41.545,0.25,3.66,0.14,10.0,0.31,10.0,0.43,5.0,0.69,10.0,0.57,5.0,0.75,3.66,0.86,10.0,0.06,0.06,44.161004,1776222340000
1776222342.157,42.157,0.25,3.66,0.14,10.0,0.31,10.0,0.43,5.0,0.69,10.0,0.57,5.0,0.75,3.66,0.86,10.0,0.06,0.06,44.159561,1776222341000
1776222343.579,43.579,0.25,3.66,0.14,10.0,0.31,10.0,0.43,5.0,0.69,10.0,0.57,5.0,0.75,3.66,0.86,10.0,0.06,0.06,44.158586,1776222342000
1776222344.29,44.29,0.25,3.66,0.14,10.0,0.31,10.0,0.43,5.0,0.69,10.0,0.57,5.0,0.75,3.66,0.86,10.0,0.06,0.06,44.15837,1776222343000
1776222345.566,45.566,0.25,3.66,0.14,10.0,0.31,10.0,0.43,5.0,0.69,10.0,0.57,5.0,0.75,3.66,0.86,10.0,0.06,0.06,44.157666,1776222344000
1776222346.184,46.184,0.25,3.66,0.14,10.0,0.31,10.0,0.43,5.0,0.69,10.0,0.57,5.0,0.75,3.66,0.86,10.0,0.06,0.06,44.157418,1776222345000
1776222347.723,47.723,0.25,3.66,0.14,10.0,0.31,10.0,0.43,5.0,0.69,10.0,0.57,5.0,0.75,3.66,0.86,10.0,0.06,0.06,44.153522,1776222346000
1776222348.631,48.631,0.25,3.66,0.14,10.0,0.31,10.0,0.43,5.0,0.69,10.0,0.57,5.0,0.75,3.66,0.86,10.0,0.06,0.06,44.153751,1776222347000
1776222349.161,49.161,0.25,3.66,0.14,10.0,0.31,10.0,0.43,5.0,0.69,10.0,0.57,5.0,0.75,3.66,0.86,10.0,0.06,0.06,44.153751,1776222348000
1776222350.224,50.224,0.25,3.66,0.14,10.0,0.31,10.0,0.43,5.0,0.69,10.0,0.57,5.0,0.75,3.66,0.86,10.0,0.06,0.06,44.154269,1776222349000
1776222351.169,51.169,0.25,3.66,0.14,10.0,0.31,10.0,0.43,5.0,0.69,10.0,0.57,5.0,0.75,3.66,0.86,10.0,0.06,0.06,44.153875,1776222350000
1776222352.302,52.302,0.25,3.66,0.14,10.0,0.31,10.0,0.43,5.0,0.69,10.0,0.57,5.0,0.75,3.66,0.86,10.0,0.06,0.06,44.154718,1776222351000
1776222353.455,53.455,0.25,3.66,0.14,10.0,0.31,10.0,0.43,5.0,0.69,10.0,0.57,5.0,0.75,3.66,0.86,10.0,0.06,0.06,44.154566,1776222352000
1776222354.491,54.491,0.25,3.66,0.14,10.0,0.31,10.0,0.43,5.0,0.69,10.0,0.57,5.0,0.75,3.66,0.86,10.0,0.06,0.06,44.154305,1776222353000
1776222354.927,54.927,0.25,3.66,0.14,10.0,0.31,10.0,0.43,5.0,0.69,10.0,0.57,5.0,0.75,3.66,0.86,10.0,0.06,0.06,44.154175,1776222354000
1776222355.919,55.919,0.25,3.66,0.14,10.0,0.31,10.0,0.43,5.0,0.69,10.0,0.57,5.0,0.75,3.66,0.86,10.0,0.06,0.06,44.154337,1776222355000
1776222356.901,56.901,0.25,3.66,0.14,10.0,0.31,10.0,0.43,5.0,0.69,10.0,0.57,5.0,0.75,3.66,0.86,10.0,0.06,0.06,44.154561,1776222356000
1776222357.971,57.971,0.25,3.66,0.14,10.0,0.31,10.0,0.43,5.0,0.69,10.0,0.57,5.0,0.75,3.66,0.86,10.0,0.06,0.06,44.154754,1776222357000
1776222358.972,58.972,0.25,3.66,0.14,10.0,0.31,10.0,0.43,5.0,0.69,10.0,0.57,5.0,0.75,3.66,0.86,10.0,0.06,0.06,44.154463,1776222358000
1776222360.099,60.099,0.25,3.66,0.14,10.0,0.31,10.0,0.43,5.0,0.69,10.0,0.57,5.0,0.75,3.66,0.86,10.0,0.06,0.06,44.153918,1776222359000
1776222361.152,61.152,0.25,3.66,0.14,10.0,0.31,10.0,0.43,5.0,0.69,10.0,0.57,5.0,0.75,3.66,0.86,10.0,0.06,0.06,44.145827,1776222360000
1776222362.179,62.179,0.25,3.66,0.14,10.0,0.31,10.0,0.43,5.0,0.69,10.0,0.57,5.0,0.75,3.66,0.86,10.0,0.06,0.06,44.143331,1776222361000
1776222363.218,63.218,0.25,3.66,0.14,10.0,0.31,10.0,0.43,5.0,0.69,10.0,0.57,5.0,0.75,3.66,0.86,10.0,0.06,0.06,44.142544,1776222362000
1776222364.223,64.223,0.25,3.66,0.14,10.0,0.31,10.0,0.43,5.0,0.69,10.0,0.57,5.0,0.75,3.66,0.86,10.0,0.06,0.06,44.141889,1776222363000
1776222365.151,65.151,0.25,3.66,0.14,10.0,0.31,10.0,0.43,5.0,0.69,10.0,0.57,5.0,0.75,3.66,0.86,10.0,0.06,0.06,44.137785,1776222364000
1776222366.209,66.209,0.25,3.66,0.14,10.0,0.31,10.0,0.43,5.0,0.69,10.0,0.57,5.0,0.75,3.66,0.86,10.0,0.06,0.06,44.135535,1776222365000
1776222367.232,67.232,0.25,3.66,0.14,10.0,0.31,10.0,0.43,5.0,0.69,10.0,0.57,5.0,0.75,3.66,0.86,10.0,0.06,0.06,44.135359,1776222366000
1776222368.193,68.193,0.25,3.66,0.14,10.0,0.31,10.0,0.43,5.0,0.69,10.0,0.57,5.0,0.75,3.66,0.86,10.0,0.06,0.06,44.135318,1776222367000
1776222369.145,69.145,0.25,3.66,0.14,10.0,0.31,10.0,0.43,5.0,0.69,10.0,0.57,5.0,0.75,3.66,0.86,10.0,0.06,0.06,44.135045,1776222368000
1776222370.138,70.138,0.25,3.66,0.14,10.0,0.31,10.0,0.43,5.0,0.69,10.0,0.57,5.0,0.75,3.66,0.86,10.0,0.06,0.06,44.13532,1776222369000
1776222371.144,71.144,0.25,3.66,0.14,10.0,0.31,10.0,0.43,5.0,0.69,10.0,0.57,5.0,0.75,3.66,0.86,10.0,0.06,0.06,44.135056,1776222370000
1776222372.038,72.038,0.25,3.66,0.14,10.0,0.31,10.0,0.43,5.0,0.69,10.0,0.57,5.0,0.75,3.66,0.86,10.0,0.06,0.06,44.133692,1776222371000
1776222373.007,73.007,0.25,3.66,0.14,10.0,0.31,10.0,0.43,5.0,0.69,10.0,0.57,5.0,0.75,3.66,0.86,10.0,0.06,0.06,44.133692,1776222372000
1776222374.057,74.057,0.25,3.66,0.14,10.0,0.31,10.0,0.43,5.0,0.69,10.0,0.57,5.0,0.75,3.66,0.86,10.0,0.06,0.06,44.135303,1776222373000
1776222375.089,75.089,0.25,3.66,0.14,10.0,0.31,10.0,0.43,5.0,0.69,10.0,0.57,5.0,0.75,3.66,0.86,10.0,0.06,0.06,44.135769,1776222374000
1776222376.026,76.026,0.25,3.66,0.14,10.0,0.31,10.0,0.43,5.0,0.69,10.0,0.57,5.0,0.75,3.66,0.86,10.0,0.06,0.06,44.135857,1776222375000
1776222377.029,77.029,0.25,3.66,0.14,10.0,0.31,10.0,0.43,5.0,0.69,10.0,0.57,5.0,0.75,3.66,0.86,10.0,0.06,0.06,44.135858,1776222376000
1776222378.177,78.177,0.25,3.66,0.14,10.0,0.31,10.0,0.43,5.0,0.69,10.0,0.57,5.0,0.75,3.66,0.86,10.0,0.06,0.06,44.136923,1776222377000
1776222379.314,79.314,0.25,3.66,0.14,10.0,0.31,10.0,0.43,5.0,0.69,10.0,0.57,5.0,0.75,3.66,0.86,10.0,0.06,0.06,44.126653,1776222378000
1776222380.488,80.488,0.25,3.66,0.14,10.0,0.31,10.0,0.43,5.0,0.69,10.0,0.57,5.0,0.75,3.66,0.86,10.0,0.06,0.06,44.129618,1776222379000
1776222381.224,81.224,0.25,3.66,0.14,10.0,0.31,10.0,0.43,5.0,0.69,10.0,0.57,5.0,0.75,3.66,0.86,10.0,0.06,0.06,44.129618,1776222380000
1776222382.299,82.299,0.25,3.66,0.14,10.0,0.31,10.0,0.43,5.0,0.69,10.0,0.57,5.0,0.75,3.66,0.86,10.0,0.06,0.06,44.128575,1776222381000
1776222383.531,83.531,0.25,3.66,0.14,10.0,0.31,10.0,0.43,5.0,0.69,10.0,0.57,5.0,0.75,3.66,0.86,10.0,0.06,0.06,44.129026,1776222382000
1776222384.195,84.195,0.25,3.66,0.14,10.0,0.31,10.0,0.43,5.0,0.69,10.0,0.57,5.0,0.75,3.66,0.86,10.0,0.06,0.06,44.126588,1776222383000
1776222385.367,85.367,0.25,3.66,0.14,10.0,0.31,10.0,0.43,5.0,0.69,10.0,0.57,5.0,0.75,3.66,0.86,10.0,0.06,0.06,44.127214,1776222384000
1776222386.057,86.057,0.25,3.66,0.14,10.0,0.31,10.0,0.43,5.0,0.69,10.0,0.57,5.0,0.75,3.66,0.86,10.0,0.06,0.06,44.126832,1776222385000
1776222387.209,87.209,0.25,3.66,0.14,10.0,0.31,10.0,0.43,5.0,0.69,10.0,0.57,5.0,0.75,3.66,0.86,10.0,0.06,0.06,44.126868,1776222386000
1776222388.487,88.487,0.25,3.66,0.14,10.0,0.31,10.0,0.43,5.0,0.69,10.0,0.57,5.0,0.75,3.66,0.86,10.0,0.06,0.06,44.126388,1776222387000
1776222389.055,89.055,0.25,3.66,0.14,10.0,0.31,10.0,0.43,5.0,0.69,10.0,0.57,5.0,0.75,3.66,0.86,10.0,0.06,0.06,44.126388,1776222388000
1776222390.035,90.035,0.25,3.66,0.14,10.0,0.31,10.0,0.43,5.0,0.69,10.0,0.57,5.0,0.75,3.66,0.86,10.0,0.06,0.06,44.126034,1776222389000
1776222391.058,91.058,0.25,3.66,0.14,10.0,0.31,10.0,0.43,5.0,0.69,10.0,0.57,5.0,0.75,3.66,0.86,10.0,0.06,0.06,44.126351,1776222390000
1776222392.072,92.072,0.25,3.66,0.14,10.0,0.31,10.0,0.43,5.0,0.69,10.0,0.57,5.0,0.75,3.66,0.86,10.0,0.06,0.06,44.126123,1776222391000
1776222393.107,93.107,0.25,3.66,0.14,10.0,0.31,10.0,0.43,5.0,0.69,10.0,0.57,5.0,0.75,3.66,0.86,10.0,0.06,0.06,44.126808,1776222392000
1776222394.185,94.185,0.25,3.66,0.14,10.0,0.31,10.0,0.43,5.0,0.69,10.0,0.57,5.0,0.75,3.66,0.86,10.0,0.06,0.06,44.126808,1776222393000
1776222395.142,95.142,0.25,3.66,0.14,10.0,0.31,10.0,0.43,5.0,0.69,10.0,0.57,5.0,0.75,3.66,0.86,10.0,0.06,0.06,44.126333,1776222394000
1776222396.11,96.11,0.25,3.66,0.14,10.0,0.31,10.0,0.43,5.0,0.69,10.0,0.57,5.0,0.75,3.66,0.86,10.0,0.06,0.06,44.126071,1776222395000
1776222397.141,97.141,0.25,3.66,0.14,10.0,0.31,10.0,0.43,5.0,0.69,10.0,0.57,5.0,0.75,3.66,0.86,10.0,0.06,0.06,44.126708,1776222396000
1776222398.122,98.122,0.25,3.66,0.14,10.0,0.31,10.0,0.43,5.0,0.69,10.0,0.57,5.0,0.75,3.66,0.86,10.0,0.06,0.06,44.126847,1776222397000
1776222399.125,99.125,0.25,3.66,0.14,10.0,0.31,10.0,0.43,5.0,0.69,10.0,0.57,5.0,0.75,3.66,0.86,10.0,0.06,0.06,44.126977,1776222398000
1776222400.149,100.149,0.25,3.66,0.14,10.0,0.31,10.0,0.43,5.0,0.69,10.0,0.57,5.0,0.75,3.66,0.86,10.0,0.06,0.06,44.126917,1776222399000
1776222401.102,101.102,0.25,3.66,0.14,10.0,0.31,10.0,0.43,5.0,0.69,10.0,0.57,5.0,0.75,3.66,0.86,10.0,0.06,0.06,44.126883,1776222400000
1776222401.67,101.67,0.52,5.0,0.39,6.0,0.65,15.0,0.66,15.0,0.69,10.0,0.57,5.0,0.75,3.66,0.86,10.0,0.13,0.06,44.126883,1776222400000
1776222402.079,102.079,0.52,5.0,0.39,6.0,0.65,15.0,0.66,15.0,0.35,15.0,0.34,15.0,0.48,5.0,0.61,6.0,0.13,0.13,44.127041,1776222401000
1776222403.365,103.365,0.52,5.0,0.39,6.0,0.65,15.0,0.66,15.0,0.35,15.0,0.34,15.0,0.48,5.0,0.61,6.0,0.13,0.13,44.137598,1776222402000
1776222404.459,104.459,0.52,5.0,0.39,6.0,0.65,15.0,0.66,15.0,0.35,15.0,0.34,15.0,0.48,5.0,0.61,6.0,0.13,0.13,44.16924,1776222403000
1776222405.137,105.137,0.52,5.0,0.39,6.0,0.65,15.0,0.66,15.0,0.35,15.0,0.34,15.0,0.48,5.0,0.61,6.0,0.13,0.13,44.16924,1776222404000
1776222406.055,106.055,0.52,5.0,0.39,6.0,0.65,15.0,0.66,15.0,0.35,15.0,0.34,15.0,0.48,5.0,0.61,6.0,0.13,0.13,44.169554,1776222405000
1776222407.226,107.226,0.52,5.0,0.39,6.0,0.65,15.0,0.66,15.0,0.35,15.0,0.34,15.0,0.48,5.0,0.61,6.0,0.13,0.13,44.177558,1776222406000
1776222408.433,108.433,0.52,5.0,0.39,6.0,0.65,15.0,0.66,15.0,0.35,15.0,0.34,15.0,0.48,5.0,0.61,6.0,0.13,0.13,44.174835,1776222407000
1776222408.905,108.905,0.52,5.0,0.39,6.0,0.65,15.0,0.66,15.0,0.35,15.0,0.34,15.0,0.48,5.0,0.61,6.0,0.13,0.13,44.174795,1776222408000
1776222409.533,109.533,0.46,5.0,0.45,5.0,0.6,2.58,0.68,15.0,0.35,15.0,0.34,15.0,0.48,5.0,0.61,6.0,0.14,0.13,44.174795,1776222408000
1776222409.957,109.957,0.46,5.0,0.45,5.0,0.6,2.58,0.68,15.0,0.4,2.58,0.32,15.0,0.54,5.0,0.55,5.0,0.14,0.14,44.174196,1776222409000
1776222411.121,111.121,0.46,5.0,0.45,5.0,0.6,2.58,0.68,15.0,0.4,2.58,0.32,15.0,0.54,5.0,0.55,5.0,0.14,0.14,44.17388,1776222410000
1776222412.279,112.279,0.46,5.0,0.45,5.0,0.6,2.58,0.68,15.0,0.4,2.58,0.32,15.0,0.54,5.0,0.55,5.0,0.14,0.14,44.17492,1776222411000
1776222413.431,113.431,0.46,5.0,0.45,5.0,0.6,2.58,0.68,15.0,0.4,2.58,0.32,15.0,0.54,5.0,0.55,5.0,0.14,0.14,44.174664,1776222412000
1776222413.911,113.911,0.46,5.0,0.45,5.0,0.6,2.58,0.68,15.0,0.4,2.58,0.32,15.0,0.54,5.0,0.55,5.0,0.14,0.14,44.168332,1776222413000
1776222415.241,115.241,0.46,5.0,0.45,5.0,0.6,2.58,0.68,15.0,0.4,2.58,0.32,15.0,0.54,5.0,0.55,5.0,0.14,0.14,44.165718,1776222414000
1776222423.619,123.619,0.46,5.0,0.45,5.0,0.6,2.58,0.68,15.0,0.4,2.58,0.32,15.0,0.54,5.0,0.55,5.0,0.14,0.14,44.152191,1776222422000
1776222424.112,124.112,0.46,5.0,0.45,5.0,0.6,2.58,0.68,15.0,0.4,2.58,0.32,15.0,0.54,5.0,0.55,5.0,0.14,0.14,44.153526,1776222423000
1776222425.403,125.403,0.46,5.0,0.45,5.0,0.6,2.58,0.68,15.0,0.4,2.58,0.32,15.0,0.54,5.0,0.55,5.0,0.14,0.14,44.168142,1776222424000
1776222426.163,126.163,0.46,5.0,0.45,5.0,0.6,2.58,0.68,15.0,0.4,2.58,0.32,15.0,0.54,5.0,0.55,5.0,0.14,0.14,44.169911,1776222425000
1776222427.315,127.315,0.46,5.0,0.45,5.0,0.6,2.58,0.68,15.0,0.4,2.58,0.32,15.0,0.54,5.0,0.55,5.0,0.14,0.14,44.171904,1776222426000
1776222428.167,128.167,0.46,5.0,0.45,5.0,0.6,2.58,0.68,15.0,0.4,2.58,0.32,15.0,0.54,5.0,0.55,5.0,0.14,0.14,44.171204,1776222427000
1776222429.297,129.297,0.46,5.0,0.45,5.0,0.6,2.58,0.68,15.0,0.4,2.58,0.32,15.0,0.54,5.0,0.55,5.0,0.14,0.14,44.171276,1776222428000
1776222430.629,130.629,0.46,5.0,0.45,5.0,0.6,2.58,0.68,15.0,0.4,2.58,0.32,15.0,0.54,5.0,0.55,5.0,0.14,0.14,44.166215,1776222429000
1776222431.25,131.25,0.42,7.8,0.41,15.0,0.56,10.0,0.59,15.0,0.44,10.0,0.41,15.0,0.58,7.8,0.59,15.0,0.14,0.14,44.164803,1776222430000
1776222432.493,132.493,0.42,7.8,0.41,15.0,0.56,10.0,0.59,15.0,0.44,10.0,0.41,15.0,0.58,7.8,0.59,15.0,0.14,0.14,44.163891,1776222431000
1776222433.198,133.198,0.42,7.8,0.41,15.0,0.56,10.0,0.59,15.0,0.44,10.0,0.41,15.0,0.58,7.8,0.59,15.0,0.14,0.14,44.16412,1776222432000
1776222434.853,134.853,0.42,7.8,0.41,15.0,0.56,10.0,0.59,15.0,0.44,10.0,0.41,15.0,0.58,7.8,0.59,15.0,0.14,0.14,44.163344,1776222433000
1776222435.55,135.55,0.42,7.8,0.41,15.0,0.56,10.0,0.59,15.0,0.44,10.0,0.41,15.0,0.58,7.8,0.59,15.0,0.14,0.14,44.163308,1776222434000
1776222436.146,136.146,0.42,7.8,0.41,15.0,0.56,10.0,0.59,15.0,0.44,10.0,0.41,15.0,0.58,7.8,0.59,15.0,0.14,0.14,44.16316,1776222435000
1776222437.074,137.074,0.42,17.8,0.41,15.0,0.55,9.9,0.56,15.0,0.45,9.9,0.44,15.0,0.58,17.8,0.59,15.0,0.13,0.13,44.162977,1776222436000
1776222438.141,138.141,0.42,17.8,0.41,15.0,0.55,9.9,0.56,15.0,0.45,9.9,0.44,15.0,0.58,17.8,0.59,15.0,0.13,0.13,44.163013,1776222437000
1776222439.135,139.135,0.42,17.8,0.41,15.0,0.55,9.9,0.56,15.0,0.45,9.9,0.44,15.0,0.58,17.8,0.59,15.0,0.13,0.13,44.163308,1776222438000
1776222440.155,140.155,0.42,17.8,0.41,15.0,0.55,9.9,0.56,15.0,0.45,9.9,0.44,15.0,0.58,17.8,0.59,15.0,0.13,0.13,44.161695,1776222439000
1776222441.14,141.14,0.42,17.8,0.41,15.0,0.55,9.9,0.56,15.0,0.45,9.9,0.44,15.0,0.58,17.8,0.59,15.0,0.13,0.13,44.161741,1776222440000
1776222442.192,142.192,0.42,17.8,0.41,15.0,0.55,9.9,0.56,15.0,0.45,9.9,0.44,15.0,0.58,17.8,0.59,15.0,0.13,0.13,44.161752,1776222441000
1776222443.165,143.165,0.42,17.8,0.41,15.0,0.55,9.9,0.56,15.0,0.45,9.9,0.44,15.0,0.58,17.8,0.59,15.0,0.13,0.13,44.161605,1776222442000
1776222444.285,144.285,0.42,17.8,0.41,15.0,0.55,9.9,0.56,15.0,0.45,9.9,0.44,15.0,0.58,17.8,0.59,15.0,0.13,0.13,44.161693,1776222443000
1776222445.284,145.284,0.42,17.8,0.41,15.0,0.55,9.9,0.56,15.0,0.45,9.9,0.44,15.0,0.58,17.8,0.59,15.0,0.13,0.13,44.161452,1776222444000
1776222446.662,146.662,0.42,17.8,0.41,15.0,0.55,9.9,0.56,15.0,0.45,9.9,0.44,15.0,0.58,17.8,0.59,15.0,0.13,0.13,44.164468,1776222445000
1776222447.372,147.372,0.42,17.8,0.41,15.0,0.55,9.9,0.56,15.0,0.45,9.9,0.44,15.0,0.58,17.8,0.59,15.0,0.13,0.13,44.164468,1776222446000
1776222448.87,148.87,0.42,17.8,0.41,15.0,0.55,9.9,0.56,15.0,0.45,9.9,0.44,15.0,0.58,17.8,0.59,15.0,0.13,0.13,44.163214,1776222447000
1776222449.357,149.357,0.42,17.8,0.41,15.0,0.55,9.9,0.56,15.0,0.45,9.9,0.44,15.0,0.58,17.8,0.59,15.0,0.13,0.13,44.163918,1776222448000
1776222449.86,149.86,0.42,17.8,0.41,15.0,0.55,9.9,0.56,15.0,0.45,9.9,0.44,15.0,0.58,17.8,0.59,15.0,0.13,0.13,44.164035,1776222449000
1776222450.944,150.944,0.42,17.8,0.41,15.0,0.55,9.9,0.56,15.0,0.45,9.9,0.44,15.0,0.58,17.8,0.59,15.0,0.13,0.13,44.163699,1776222450000
1776222451.819,151.819,0.42,17.8,0.41,15.0,0.55,9.9,0.56,15.0,0.45,9.9,0.44,15.0,0.58,17.8,0.59,15.0,0.13,0.13,44.164366,1776222451000
1776222452.824,152.824,0.42,17.8,0.41,15.0,0.55,9.9,0.56,15.0,0.45,9.9,0.44,15.0,0.58,17.8,0.59,15.0,0.13,0.13,44.162823,1776222452000
1776222453.895,153.895,0.42,17.8,0.41,15.0,0.55,9.9,0.56,15.0,0.45,9.9,0.44,15.0,0.58,17.8,0.59,15.0,0.13,0.13,44.161644,1776222453000
1776222454.86,154.86,0.42,17.8,0.41,15.0,0.55,9.9,0.56,15.0,0.45,9.9,0.44,15.0,0.58,17.8,0.59,15.0,0.13,0.13,44.162039,1776222454000
1776222456.306,156.306,0.42,17.8,0.41,15.0,0.55,9.9,0.56,15.0,0.45,9.9,0.44,15.0,0.58,17.8,0.59,15.0,0.13,0.13,44.161855,1776222455000
1776222457.306,157.306,0.42,17.8,0.41,15.0,0.55,9.9,0.56,15.0,0.45,9.9,0.44,15.0,0.58,17.8,0.59,15.0,0.13,0.13,44.162039,1776222456000
1776222458.314,158.314,0.42,17.8,0.41,15.0,0.55,9.9,0.56,15.0,0.45,9.9,0.44,15.0,0.58,17.8,0.59,15.0,0.13,0.13,44.164502,1776222457000
1776222459.242,159.242,0.42,17.8,0.41,15.0,0.55,9.9,0.56,15.0,0.45,9.9,0.44,15.0,0.58,17.8,0.59,15.0,0.13,0.13,44.165671,1776222458000
1776222460.317,160.317,0.42,17.8,0.41,15.0,0.55,9.9,0.56,15.0,0.45,9.9,0.44,15.0,0.58,17.8,0.59,15.0,0.13,0.13,44.165523,1776222459000
1776222461.702,161.702,0.42,17.8,0.41,15.0,0.55,9.9,0.56,15.0,0.45,9.9,0.44,15.0,0.58,17.8,0.59,15.0,0.13,0.13,44.165728,1776222460000
1776222462.413,162.413,0.42,17.8,0.41,15.0,0.55,9.9,0.56,15.0,0.45,9.9,0.44,15.0,0.58,17.8,0.59,15.0,0.13,0.13,44.164249,1776222461000
1776222463.671,163.671,0.42,17.8,0.41,15.0,0.55,9.9,0.56,15.0,0.45,9.9,0.44,15.0,0.58,17.8,0.59,15.0,0.13,0.13,44.163628,1776222462000
1776222464.323,164.323,0.42,17.8,0.41,15.0,0.55,9.9,0.56,15.0,0.45,9.9,0.44,15.0,0.58,17.8,0.59,15.0,0.13,0.13,44.161864,1776222463000
1776222465.514,165.514,0.42,17.8,0.41,15.0,0.55,9.9,0.56,15.0,0.45,9.9,0.44,15.0,0.58,17.8,0.59,15.0,0.13,0.13,44.161569,1776222464000
1776222466.166,166.166,0.42,17.8,0.41,15.0,0.55,9.9,0.56,15.0,0.45,9.9,0.44,15.0,0.58,17.8,0.59,15.0,0.13,0.13,44.161569,1776222465000
1776222467.289,167.289,0.42,17.8,0.41,15.0,0.55,9.9,0.56,15.0,0.45,9.9,0.44,15.0,0.58,17.8,0.59,15.0,0.13,0.13,44.161274,1776222466000
1776222467.923,167.923,0.42,17.8,0.41,15.0,0.55,9.9,0.56,15.0,0.45,9.9,0.44,15.0,0.58,17.8,0.59,15.0,0.13,0.13,44.16138,1776222467000
1776222469.111,169.111,0.42,17.8,0.41,15.0,0.55,9.9,0.56,15.0,0.45,9.9,0.44,15.0,0.58,17.8,0.59,15.0,0.13,0.13,44.161375,1776222468000
1776222470.358,170.358,0.42,17.8,0.41,15.0,0.55,9.9,0.56,15.0,0.45,9.9,0.44,15.0,0.58,17.8,0.59,15.0,0.13,0.13,44.161453,1776222469000
1776222470.954,170.954,0.42,17.8,0.41,15.0,0.55,9.9,0.56,15.0,0.45,9.9,0.44,15.0,0.58,17.8,0.59,15.0,0.13,0.13,44.161453,1776222470000
1776222472.21,172.21,0.42,17.8,0.41,15.0,0.55,9.9,0.56,15.0,0.45,9.9,0.44,15.0,0.58,17.8,0.59,15.0,0.13,0.13,44.161274,1776222471000
1776222473.433,173.433,0.42,17.8,0.41,15.0,0.55,9.9,0.56,15.0,0.45,9.9,0.44,15.0,0.58,17.8,0.59,15.0,0.13,0.13,44.161192,1776222472000
1776222474.117,174.117,0.42,17.8,0.41,15.0,0.55,9.9,0.56,15.0,0.45,9.9,0.44,15.0,0.58,17.8,0.59,15.0,0.13,0.13,44.161051,1776222473000
1776222475.304,175.304,0.42,17.8,0.41,15.0,0.55,9.9,0.56,15.0,0.45,9.9,0.44,15.0,0.58,17.8,0.59,15.0,0.13,0.13,44.160625,1776222474000
1776222476.043,176.043,0.42,17.8,0.41,15.0,0.55,9.9,0.56,15.0,0.45,9.9,0.44,15.0,0.58,17.8,0.59,15.0,0.13,0.13,44.160386,1776222475000
1776222477.76,177.76,0.42,17.8,0.41,15.0,0.55,9.9,0.56,15.0,0.45,9.9,0.44,15.0,0.58,17.8,0.59,15.0,0.13,0.13,44.155102,1776222476000
1776222478.336,178.336,0.42,17.8,0.41,15.0,0.55,9.9,0.56,15.0,0.45,9.9,0.44,15.0,0.58,17.8,0.59,15.0,0.13,0.13,44.154912,1776222477000
1776222478.996,178.996,0.42,17.8,0.41,15.0,0.55,9.9,0.56,15.0,0.45,9.9,0.44,15.0,0.58,17.8,0.59,15.0,0.13,0.13,44.154759,1776222478000
1776222480.238,180.238,0.42,17.8,0.41,15.0,0.55,9.9,0.56,15.0,0.45,9.9,0.44,15.0,0.58,17.8,0.59,15.0,0.13,0.13,44.153537,1776222479000
1776222481.659,181.659,0.42,17.8,0.41,15.0,0.55,9.9,0.56,15.0,0.45,9.9,0.44,15.0,0.58,17.8,0.59,15.0,0.13,0.13,44.16304,1776222480000
1776222482.306,182.306,0.42,17.8,0.41,15.0,0.55,9.9,0.56,15.0,0.45,9.9,0.44,15.0,0.58,17.8,0.59,15.0,0.13,0.13,44.165243,1776222481000
1776222483.379,183.379,0.42,17.8,0.41,15.0,0.55,9.9,0.56,15.0,0.45,9.9,0.44,15.0,0.58,17.8,0.59,15.0,0.13,0.13,44.163754,1776222482000
1776222483.943,183.943,0.42,17.8,0.41,15.0,0.55,9.9,0.56,15.0,0.45,9.9,0.44,15.0,0.58,17.8,0.59,15.0,0.13,0.13,44.164545,1776222483000
1776222485.685,185.685,0.42,17.8,0.41,15.0,0.55,9.9,0.56,15.0,0.45,9.9,0.44,15.0,0.58,17.8,0.59,15.0,0.13,0.13,44.172904,1776222484000
1776222486.28,186.28,0.42,17.8,0.41,15.0,0.55,9.9,0.56,15.0,0.45,9.9,0.44,15.0,0.58,17.8,0.59,15.0,0.13,0.13,44.172904,1776222485000
1776222487.558,187.558,0.42,17.8,0.41,15.0,0.55,9.9,0.56,15.0,0.45,9.9,0.44,15.0,0.58,17.8,0.59,15.0,0.13,0.13,44.17287,1776222486000
1776222488.122,188.122,0.42,17.8,0.41,15.0,0.55,9.9,0.56,15.0,0.45,9.9,0.44,15.0,0.58,17.8,0.59,15.0,0.13,0.13,44.173143,1776222487000
1776222489.377,189.377,0.42,17.8,0.41,15.0,0.55,9.9,0.56,15.0,0.45,9.9,0.44,15.0,0.58,17.8,0.59,15.0,0.13,0.13,44.173356,1776222488000
1776222489.948,189.948,0.42,17.8,0.41,15.0,0.55,9.9,0.56,15.0,0.45,9.9,0.44,15.0,0.58,17.8,0.59,15.0,0.13,0.13,44.173326,1776222489000
1776222491.433,191.433,0.42,17.8,0.41,15.0,0.55,9.9,0.56,15.0,0.45,9.9,0.44,15.0,0.58,17.8,0.59,15.0,0.13,0.13,44.173919,1776222490000
1776222492.067,192.067,0.42,17.8,0.41,15.0,0.55,9.9,0.56,15.0,0.45,9.9,0.44,15.0,0.58,17.8,0.59,15.0,0.13,0.13,44.171963,1776222491000
1776222493.295,193.295,0.42,17.8,0.41,15.0,0.55,9.9,0.56,15.0,0.45,9.9,0.44,15.0,0.58,17.8,0.59,15.0,0.13,0.13,44.170932,1776222492000
1776222494.267,194.267,0.42,17.8,0.41,15.0,0.55,9.9,0.56,15.0,0.45,9.9,0.44,15.0,0.58,17.8,0.59,15.0,0.13,0.13,44.170719,1776222493000
1776222495.276,195.276,0.42,17.8,0.41,15.0,0.55,9.9,0.56,15.0,0.45,9.9,0.44,15.0,0.58,17.8,0.59,15.0,0.13,0.13,44.171395,1776222494000
1776222496.359,196.359,0.42,17.8,0.41,15.0,0.55,9.9,0.56,15.0,0.45,9.9,0.44,15.0,0.58,17.8,0.59,15.0,0.13,0.13,44.171395,1776222495000
1776222496.969,196.969,0.42,17.8,0.41,15.0,0.55,9.9,0.56,15.0,0.45,9.9,0.44,15.0,0.58,17.8,0.59,15.0,0.13,0.13,44.171395,1776222496000
1776222498.001,198.001,0.42,17.8,0.41,15.0,0.55,9.9,0.56,15.0,0.45,9.9,0.44,15.0,0.58,17.8,0.59,15.0,0.13,0.13,44.173109,1776222497000
1776222499.031,199.031,0.42,17.8,0.41,15.0,0.55,9.9,0.56,15.0,0.45,9.9,0.44,15.0,0.58,17.8,0.59,15.0,0.13,0.13,44.17462,1776222498000
1776222500.01,200.01,0.42,17.8,0.41,15.0,0.55,9.9,0.56,15.0,0.45,9.9,0.44,15.0,0.58,17.8,0.59,15.0,0.13,0.13,44.174154,1776222499000
1776222501.015,201.015,0.42,17.8,0.41,15.0,0.55,9.9,0.56,15.0,0.45,9.9,0.44,15.0,0.58,17.8,0.59,15.0,0.13,0.13,44.181392,1776222500000
1776222502.076,202.076,0.42,17.8,0.41,15.0,0.55,9.9,0.56,15.0,0.45,9.9,0.44,15.0,0.58,17.8,0.59,15.0,0.13,0.13,44.181926,1776222501000
1776222503.038,203.038,0.42,17.8,0.41,15.0,0.55,9.9,0.56,15.0,0.45,9.9,0.44,15.0,0.58,17.8,0.59,15.0,0.13,0.13,44.181819,1776222502000
1776222504.103,204.103,0.42,17.8,0.41,15.0,0.55,9.9,0.56,15.0,0.45,9.9,0.44,15.0,0.58,17.8,0.59,15.0,0.13,0.13,44.18193,1776222503000
1776222505.083,205.083,0.42,17.8,0.41,15.0,0.55,9.9,0.56,15.0,0.45,9.9,0.44,15.0,0.58,17.8,0.59,15.0,0.13,0.13,44.182071,1776222504000
1776222506.131,206.131,0.42,17.8,0.41,15.0,0.55,9.9,0.56,15.0,0.45,9.9,0.44,15.0,0.58,17.8,0.59,15.0,0.13,0.13,44.182071,1776222505000
1776222507.848,207.848,0.42,17.8,0.41,15.0,0.55,9.9,0.56,15.0,0.45,9.9,0.44,15.0,0.58,17.8,0.59,15.0,0.13,0.13,44.18228,1776222506000
1776222508.382,208.382,0.42,17.8,0.41,15.0,0.55,9.9,0.56,15.0,0.45,9.9,0.44,15.0,0.58,17.8,0.59,15.0,0.13,0.13,44.182284,1776222507000
1776222509.137,209.137,0.42,17.8,0.41,15.0,0.55,9.9,0.56,15.0,0.45,9.9,0.44,15.0,0.58,17.8,0.59,15.0,0.13,0.13,44.182216,1776222508000
1776222510.244,210.244,0.42,17.8,0.41,15.0,0.55,9.9,0.56,15.0,0.45,9.9,0.44,15.0,0.58,17.8,0.59,15.0,0.13,0.13,44.181231,1776222509000
1776222511.294,211.294,0.42,17.8,0.41,15.0,0.55,9.9,0.56,15.0,0.45,9.9,0.44,15.0,0.58,17.8,0.59,15.0,0.13,0.13,44.181132,1776222510000
1776222512.64,212.64,0.42,17.8,0.41,15.0,0.55,9.9,0.56,15.0,0.45,9.9,0.44,15.0,0.58,17.8,0.59,15.0,0.13,0.13,44.181512,1776222511000
1776222513.082,213.082,0.42,17.8,0.41,15.0,0.55,9.9,0.56,15.0,0.45,9.9,0.44,15.0,0.58,17.8,0.59,15.0,0.13,0.13,44.181512,1776222512000
1776222514.478,214.478,0.42,17.8,0.41,15.0,0.55,9.9,0.56,15.0,0.45,9.9,0.44,15.0,0.58,17.8,0.59,15.0,0.13,0.13,44.181653,1776222513000
1776222514.975,214.975,0.42,17.8,0.41,15.0,0.55,9.9,0.56,15.0,0.45,9.9,0.44,15.0,0.58,17.8,0.59,15.0,0.13,0.13,44.181794,1776222514000
1776222516.161,216.161,0.42,17.8,0.41,15.0,0.55,9.9,0.56,15.0,0.45,9.9,0.44,15.0,0.58,17.8,0.59,15.0,0.13,0.13,44.18193,1776222515000
1776222517.638,217.638,0.42,17.8,0.41,15.0,0.55,9.9,0.56,15.0,0.45,9.9,0.44,15.0,0.58,17.8,0.59,15.0,0.13,0.13,44.182115,1776222516000
1776222518.428,218.428,0.42,17.8,0.41,15.0,0.55,9.9,0.56,15.0,0.45,9.9,0.44,15.0,0.58,17.8,0.59,15.0,0.13,0.13,44.182115,1776222517000
1776222519.39,219.39,0.42,17.8,0.41,15.0,0.55,9.9,0.56,15.0,0.45,9.9,0.44,15.0,0.58,17.8,0.59,15.0,0.13,0.13,44.182251,1776222518000
1776222519.918,219.918,0.42,17.8,0.41,15.0,0.55,9.9,0.56,15.0,0.45,9.9,0.44,15.0,0.58,17.8,0.59,15.0,0.13,0.13,44.182286,1776222519000
1776222521.06,221.06,0.42,17.8,0.41,15.0,0.55,9.9,0.56,15.0,0.45,9.9,0.44,15.0,0.58,17.8,0.59,15.0,0.13,0.13,44.182599,1776222520000
1776222522.393,222.393,0.42,17.8,0.41,15.0,0.55,9.9,0.56,15.0,0.45,9.9,0.44,15.0,0.58,17.8,0.59,15.0,0.13,0.13,44.182582,1776222521000
1776222522.911,222.911,0.42,17.8,0.41,15.0,0.55,9.9,0.56,15.0,0.45,9.9,0.44,15.0,0.58,17.8,0.59,15.0,0.13,0.13,44.181009,1776222522000
1776222523.943,223.943,0.42,17.8,0.41,15.0,0.55,9.9,0.56,15.0,0.45,9.9,0.44,15.0,0.58,17.8,0.59,15.0,0.13,0.13,44.180769,1776222523000
1776222524.94,224.94,0.42,17.8,0.41,15.0,0.55,9.9,0.56,15.0,0.45,9.9,0.44,15.0,0.58,17.8,0.59,15.0,0.13,0.13,44.18072,1776222524000
1776222525.98,225.98,0.42,17.8,0.41,15.0,0.55,9.9,0.56,15.0,0.45,9.9,0.44,15.0,0.58,17.8,0.59,15.0,0.13,0.13,44.180298,1776222525000
1776222527.034,227.034,0.42,17.8,0.41,15.0,0.55,9.9,0.56,15.0,0.45,9.9,0.44,15.0,0.58,17.8,0.59,15.0,0.13,0.13,44.180298,1776222526000
1776222527.94,227.94,0.42,17.8,0.41,15.0,0.55,9.9,0.56,15.0,0.45,9.9,0.44,15.0,0.58,17.8,0.59,15.0,0.13,0.13,44.179918,1776222527000
1776222528.917,228.917,0.42,17.8,0.41,15.0,0.55,9.9,0.56,15.0,0.45,9.9,0.44,15.0,0.58,17.8,0.59,15.0,0.13,0.13,44.179195,1776222528000
1776222529.89,229.89,0.42,17.8,0.41,15.0,0.55,9.9,0.56,15.0,0.45,9.9,0.44,15.0,0.58,17.8,0.59,15.0,0.13,0.13,44.178757,1776222529000
1776222530.876,230.876,0.42,17.8,0.41,15.0,0.55,9.9,0.56,15.0,0.45,9.9,0.44,15.0,0.58,17.8,0.59,15.0,0.13,0.13,44.180251,1776222530000
1776222531.964,231.964,0.42,17.8,0.41,15.0,0.55,9.9,0.56,15.0,0.45,9.9,0.44,15.0,0.58,17.8,0.59,15.0,0.13,0.13,44.181076,1776222531000
1776222532.866,232.866,0.42,17.8,0.41,15.0,0.55,9.9,0.56,15.0,0.45,9.9,0.44,15.0,0.58,17.8,0.59,15.0,0.13,0.13,44.182653,1776222532000
1776222533.883,233.883,0.42,17.8,0.41,15.0,0.55,9.9,0.56,15.0,0.45,9.9,0.44,15.0,0.58,17.8,0.59,15.0,0.13,0.13,44.182388,1776222533000
1776222534.921,234.921,0.42,17.8,0.41,15.0,0.55,9.9,0.56,15.0,0.45,9.9,0.44,15.0,0.58,17.8,0.59,15.0,0.13,0.13,44.181803,1776222534000
1776222535.897,235.897,0.42,17.8,0.41,15.0,0.55,9.9,0.56,15.0,0.45,9.9,0.44,15.0,0.58,17.8,0.59,15.0,0.13,0.13,44.181657,1776222535000
1776222537.491,237.491,0.42,17.8,0.41,15.0,0.55,9.9,0.56,15.0,0.45,9.9,0.44,15.0,0.58,17.8,0.59,15.0,0.13,0.13,44.17993,1776222536000
1776222538.091,238.091,0.42,17.8,0.41,15.0,0.55,9.9,0.56,15.0,0.45,9.9,0.44,15.0,0.58,17.8,0.59,15.0,0.13,0.13,44.17993,1776222537000
1776222539.259,239.259,0.42,17.8,0.41,15.0,0.55,9.9,0.56,15.0,0.45,9.9,0.44,15.0,0.58,17.8,0.59,15.0,0.13,0.13,44.17993,1776222538000
1776222540.321,240.321,0.42,17.8,0.41,15.0,0.55,9.9,0.56,15.0,0.45,9.9,0.44,15.0,0.58,17.8,0.59,15.0,0.13,0.13,44.180077,1776222539000
1776222541.108,241.108,0.42,17.8,0.41,15.0,0.55,9.9,0.56,15.0,0.45,9.9,0.44,15.0,0.58,17.8,0.59,15.0,0.13,0.13,44.180546,1776222540000
1776222542.07,242.07,0.42,17.8,0.41,15.0,0.55,9.9,0.56,15.0,0.45,9.9,0.44,15.0,0.58,17.8,0.59,15.0,0.13,0.13,44.179545,1776222541000
1776222542.646,242.646,0.75,5.0,0.63,15.0,0.85,15.0,0.86,15.0,0.45,9.9,0.44,15.0,0.58,17.8,0.59,15.0,0.1,0.13,44.179545,1776222541000
1776222543.064,243.064,0.75,5.0,0.63,15.0,0.85,15.0,0.86,15.0,0.15,15.0,0.14,15.0,0.25,5.0,0.37,15.0,0.1,0.1,44.179547,1776222542000
1776222544.184,244.184,0.75,5.0,0.63,15.0,0.85,15.0,0.86,15.0,0.15,15.0,0.14,15.0,0.25,5.0,0.37,15.0,0.1,0.1,44.186239,1776222543000
1776222545.305,245.305,0.75,5.0,0.63,15.0,0.85,15.0,0.86,15.0,0.15,15.0,0.14,15.0,0.25,5.0,0.37,15.0,0.1,0.1,44.188386,1776222544000
1776222545.937,245.937,0.74,10.0,0.71,15.0,0.85,5.82,0.86,15.0,0.15,15.0,0.14,15.0,0.25,5.0,0.37,15.0,0.11,0.1,44.188386,1776222544000
1776222546.413,246.413,0.74,10.0,0.71,15.0,0.85,5.82,0.86,15.0,0.15,5.82,0.14,15.0,0.26,10.0,0.29,15.0,0.11,0.11,44.18884,1776222545000
1776222547.005,247.005,0.74,10.0,0.71,15.0,0.85,5.82,0.86,15.0,0.15,5.82,0.14,15.0,0.26,10.0,0.29,15.0,0.11,0.11,44.18884,1776222546000
1776222547.962,247.962,0.74,10.0,0.71,15.0,0.85,5.82,0.86,15.0,0.15,5.82,0.14,15.0,0.26,10.0,0.29,15.0,0.11,0.11,44.18884,1776222547000
1776222549.116,249.116,0.74,10.0,0.71,15.0,0.85,5.82,0.86,15.0,0.15,5.82,0.14,15.0,0.26,10.0,0.29,15.0,0.11,0.11,44.184499,1776222548000
1776222550.208,250.208,0.74,10.0,0.71,15.0,0.85,5.82,0.86,15.0,0.15,5.82,0.14,15.0,0.26,10.0,0.29,15.0,0.11,0.11,44.180442,1776222549000
1776222551.153,251.153,0.74,10.0,0.71,15.0,0.85,5.82,0.86,15.0,0.15,5.82,0.14,15.0,0.26,10.0,0.29,15.0,0.11,0.11,44.180377,1776222550000
1776222552.395,252.395,0.74,10.0,0.71,15.0,0.85,5.82,0.86,15.0,0.15,5.82,0.14,15.0,0.26,10.0,0.29,15.0,0.11,0.11,44.180214,1776222551000
1776222553.389,253.389,0.74,10.0,0.71,15.0,0.85,5.82,0.86,15.0,0.15,5.82,0.14,15.0,0.26,10.0,0.29,15.0,0.11,0.11,44.17995,1776222552000
1776222553.864,253.864,0.74,10.0,0.71,15.0,0.85,5.82,0.86,15.0,0.15,5.82,0.14,15.0,0.26,10.0,0.29,15.0,0.11,0.11,44.179858,1776222553000
1776222555.059,255.059,0.74,10.0,0.71,15.0,0.85,5.82,0.86,15.0,0.15,5.82,0.14,15.0,0.26,10.0,0.29,15.0,0.11,0.11,44.17989,1776222554000
1776222555.745,255.745,0.62,15.0,0.61,25.0,0.75,13.24,0.76,15.0,0.15,5.82,0.14,15.0,0.26,10.0,0.29,15.0,0.13,0.11,44.17989,1776222554000
1776222556.101,256.101,0.62,15.0,0.61,25.0,0.75,13.24,0.76,15.0,0.25,13.24,0.24,15.0,0.38,15.0,0.39,25.0,0.13,0.13,44.179647,1776222555000
1776222557.155,257.155,0.62,15.0,0.61,25.0,0.75,13.24,0.76,15.0,0.25,13.24,0.24,15.0,0.38,15.0,0.39,25.0,0.13,0.13,44.180346,1776222556000
1776222558.189,258.189,0.62,15.0,0.61,25.0,0.75,13.24,0.76,15.0,0.25,13.24,0.24,15.0,0.38,15.0,0.39,25.0,0.13,0.13,44.18049,1776222557000
1776222559.301,259.301,0.62,15.0,0.61,25.0,0.75,13.24,0.76,15.0,0.25,13.24,0.24,15.0,0.38,15.0,0.39,25.0,0.13,0.13,44.180135,1776222558000
1776222560.38,260.38,0.62,15.0,0.61,25.0,0.75,13.24,0.76,15.0,0.25,13.24,0.24,15.0,0.38,15.0,0.39,25.0,0.13,0.13,44.179979,1776222559000
1776222561.014,261.014,0.62,15.0,0.61,25.0,0.75,13.24,0.76,15.0,0.25,13.24,0.24,15.0,0.38,15.0,0.39,25.0,0.13,0.13,44.179979,1776222560000
1776222562.136,262.136,0.78,10.0,0.7,15.0,0.89,6.23,0.9,15.0,0.11,6.23,0.1,15.0,0.22,10.0,0.3,15.0,0.11,0.11,44.182439,1776222561000
1776222562.621,262.621,0.78,10.0,0.74,15.0,0.9,12.49,0.91,15.0,0.11,6.23,0.1,15.0,0.22,10.0,0.3,15.0,0.12,0.11,44.182439,1776222561000
1776222563.098,263.098,0.78,10.0,0.74,15.0,0.9,12.49,0.91,15.0,0.1,12.49,0.09,15.0,0.22,10.0,0.26,15.0,0.12,0.12,44.182928,1776222562000
1776222564.171,264.171,0.78,10.0,0.74,15.0,0.9,12.49,0.91,15.0,0.1,12.49,0.09,15.0,0.22,10.0,0.26,15.0,0.12,0.12,44.183084,1776222563000
1776222565.146,265.146,0.78,10.0,0.74,15.0,0.9,12.49,0.91,15.0,0.1,12.49,0.09,15.0,0.22,10.0,0.26,15.0,0.12,0.12,44.183303,1776222564000
1776222566.152,266.152,0.78,10.0,0.77,15.0,0.88,6.13,0.89,15.0,0.12,6.13,0.11,15.0,0.22,10.0,0.23,15.0,0.1,0.1,44.184602,1776222565000
1776222566.469,266.469,0.8,15.0,0.79,15.0,0.89,12.29,0.9,12.49,0.12,6.13,0.11,15.0,0.22,10.0,0.23,15.0,0.09,0.1,44.184602,1776222565000
1776222567.712,267.712,0.8,15.0,0.79,15.0,0.89,12.29,0.9,12.49,0.11,12.29,0.1,12.49,0.2,15.0,0.21,15.0,0.09,0.09,44.184454,1776222566000
1776222568.245,268.245,0.8,15.0,0.79,15.0,0.89,12.29,0.9,12.49,0.11,12.29,0.1,12.49,0.2,15.0,0.21,15.0,0.09,0.09,44.184454,1776222567000
1776222568.508,268.508,0.81,15.0,0.8,15.0,0.88,6.13,0.89,12.29,0.11,12.29,0.1,12.49,0.2,15.0,0.21,15.0,0.07,0.09,44.184454,1776222567000
1776222569.365,269.365,0.81,15.0,0.8,15.0,0.88,6.13,0.89,12.29,0.12,6.13,0.11,12.29,0.19,15.0,0.2,15.0,0.07,0.07,44.184557,1776222568000
1776222569.919,269.919,0.81,15.0,0.8,15.0,0.88,6.13,0.89,12.29,0.12,6.13,0.11,12.29,0.19,15.0,0.2,15.0,0.07,0.07,44.183617,1776222569000
1776222571.053,271.053,0.81,15.0,0.8,15.0,0.88,6.13,0.89,12.29,0.12,6.13,0.11,12.29,0.19,15.0,0.2,15.0,0.07,0.07,44.183492,1776222570000
1776222572.176,272.176,0.81,15.0,0.8,15.0,0.88,6.13,0.89,12.29,0.12,6.13,0.11,12.29,0.19,15.0,0.2,15.0,0.07,0.07,44.183378,1776222571000
1776222572.626,272.626,0.84,15.0,0.83,15.0,0.93,6.61,0.94,15.0,0.12,6.13,0.11,12.29,0.19,15.0,0.2,15.0,0.09,0.07,44.183378,1776222571000
1776222573.213,273.213,0.84,15.0,0.83,15.0,0.93,6.61,0.94,15.0,0.07,6.61,0.06,15.0,0.16,15.0,0.17,15.0,0.09,0.09,44.183535,1776222572000
1776222573.621,273.621,0.86,15.0,0.85,25.0,0.93,4.45,0.94,15.0,0.07,6.61,0.06,15.0,0.16,15.0,0.17,15.0,0.07,0.09,44.183535,1776222572000
1776222574.229,274.229,0.86,15.0,0.85,25.0,0.93,4.45,0.94,15.0,0.07,4.45,0.06,15.0,0.14,15.0,0.15,25.0,0.07,0.07,44.184435,1776222573000
1776222575.232,275.232,0.88,15.0,0.87,15.0,0.95,6.78,0.96,20.0,0.05,6.78,0.04,20.0,0.12,15.0,0.13,15.0,0.07,0.07,44.186968,1776222574000
1776222575.742,275.742,0.86,10.0,0.39,6.0,0.97,96.9,0.98,10.0,0.05,6.78,0.04,20.0,0.12,15.0,0.13,15.0,0.11,0.07,44.186968,1776222574000
1776222576.361,276.361,0.86,10.0,0.39,6.0,0.97,96.9,0.98,10.0,0.03,96.9,0.02,10.0,0.14,10.0,0.61,6.0,0.11,0.11,44.186355,1776222575000
1776222576.705,276.705,0.92,21.85,0.87,10.0,0.97,88.85,0.98,10.0,0.03,96.9,0.02,10.0,0.14,10.0,0.61,6.0,0.05,0.11,44.186355,1776222575000
1776222577.43,277.43,0.92,21.85,0.87,10.0,0.97,88.85,0.98,10.0,0.03,88.85,0.02,10.0,0.08,21.85,0.13,10.0,0.05,0.05,44.186355,1776222576000
1776222578.014,278.014,0.92,21.85,0.87,10.0,0.97,88.85,0.98,10.0,0.03,88.85,0.02,10.0,0.08,21.85,0.13,10.0,0.05,0.05,44.186352,1776222577000
1776222578.43,278.43,0.92,21.85,0.87,10.0,0.97,80.8,0.98,10.0,0.03,88.85,0.02,10.0,0.08,21.85,0.13,10.0,0.05,0.05,44.186352,1776222577000
1776222579.493,279.493,0.92,21.85,0.87,10.0,0.97,80.8,0.98,10.0,0.03,80.8,0.02,10.0,0.08,21.85,0.13,10.0,0.05,0.05,44.186352,1776222578000
1776222580.207,280.207,0.92,21.85,0.87,10.0,0.97,80.8,0.98,10.0,0.03,80.8,0.02,10.0,0.08,21.85,0.13,10.0,0.05,0.05,44.186364,1776222579000
1776222581.349,281.349,0.92,21.85,0.87,10.0,0.97,80.8,0.98,10.0,0.03,80.8,0.02,10.0,0.08,21.85,0.13,10.0,0.05,0.05,44.186834,1776222580000
1776222582.422,282.422,0.92,21.85,0.87,10.0,0.97,80.8,0.98,10.0,0.03,80.8,0.02,10.0,0.08,21.85,0.13,10.0,0.05,0.05,44.186817,1776222581000
1776222582.973,282.973,0.92,21.85,0.87,10.0,0.97,72.75,0.98,10.0,0.03,72.75,0.02,10.0,0.08,21.85,0.13,10.0,0.05,0.05,44.186817,1776222582000
1776222584.0,284.0,0.92,21.85,0.87,10.0,0.97,72.75,0.98,10.0,0.03,72.75,0.02,10.0,0.08,21.85,0.13,10.0,0.05,0.05,44.186873,1776222583000
1776222584.363,284.363,0.92,21.85,0.88,10.0,0.97,70.68,0.98,10.0,0.03,72.75,0.02,10.0,0.08,21.85,0.13,10.0,0.05,0.05,44.186873,1776222583000
1776222584.992,284.992,0.92,21.85,0.88,10.0,0.97,70.68,0.98,10.0,0.03,70.68,0.02,10.0,0.08,21.85,0.12,10.0,0.05,0.05,44.186779,1776222584000
1776222585.715,285.715,0.92,21.85,0.88,10.0,0.97,67.35,0.98,10.0,0.03,70.68,0.02,10.0,0.08,21.85,0.12,10.0,0.05,0.05,44.186779,1776222584000
1776222586.056,286.056,0.92,21.85,0.88,10.0,0.97,67.35,0.98,10.0,0.03,67.35,0.02,10.0,0.08,21.85,0.12,10.0,0.05,0.05,44.18678,1776222585000
1776222587.085,287.085,0.92,21.85,0.88,10.0,0.97,67.35,0.98,10.0,0.03,67.35,0.02,10.0,0.08,21.85,0.12,10.0,0.05,0.05,44.186934,1776222586000
1776222588.133,288.133,0.92,21.85,0.88,10.0,0.97,67.35,0.98,10.0,0.03,67.35,0.02,10.0,0.08,21.85,0.12,10.0,0.05,0.05,44.187879,1776222587000
1776222590.154,290.154,0.92,21.85,0.88,10.0,0.97,67.35,0.98,10.0,0.03,67.35,0.02,10.0,0.08,21.85,0.12,10.0,0.05,0.05,44.187949,1776222589000
1776222590.96,290.96,0.92,21.85,0.89,10.0,0.97,47.35,0.98,10.0,0.03,67.35,0.02,10.0,0.08,21.85,0.12,10.0,0.05,0.05,44.187949,1776222589000
1776222592.155,292.155,0.92,21.85,0.89,10.0,0.97,47.35,0.98,10.0,0.03,47.35,0.02,10.0,0.08,21.85,0.11,10.0,0.05,0.05,44.187486,1776222591000
1776222592.717,292.717,0.92,21.85,0.9,10.0,0.97,41.35,0.98,10.0,0.03,47.35,0.02,10.0,0.08,21.85,0.11,10.0,0.05,0.05,44.187486,1776222591000
1776222593.117,293.117,0.92,21.85,0.9,10.0,0.97,41.35,0.98,10.0,0.03,41.35,0.02,10.0,0.08,21.85,0.1,10.0,0.05,0.05,44.18706,1776222592000
1776222593.706,293.706,0.92,21.85,0.91,10.0,0.97,15.73,0.98,10.0,0.03,36.35,0.02,10.0,0.08,21.85,0.09,10.0,0.05,0.05,44.18706,1776222592000
1776222594.262,294.262,0.92,21.85,0.91,10.0,0.97,15.73,0.98,10.0,0.03,15.73,0.02,10.0,0.08,21.85,0.09,10.0,0.05,0.05,44.186967,1776222593000
1776222594.86,294.86,0.92,21.85,0.91,10.0,0.97,12.43,0.98,10.0,0.03,15.73,0.02,10.0,0.08,21.85,0.09,10.0,0.05,0.05,44.186967,1776222593000
1776222595.319,295.319,0.92,21.85,0.91,10.0,0.99,81.08,,,0.01,81.08,,,0.08,21.85,0.09,10.0,0.07,0.07,44.187308,1776222594000
1776222596.066,296.066,0.99,444.92,0.92,21.85,,,,,0.01,81.08,,,0.08,21.85,0.09,10.0,,0.07,44.187308,1776222594000
1776222596.341,296.341,0.99,444.92,0.92,21.85,,,,,,,,,0.01,444.92,0.08,21.85,,,44.18863,1776222595000
1776222597.988,297.988,0.99,444.92,0.92,21.85,,,,,,,,,0.01,444.92,0.08,21.85,,,44.187677,1776222596000
1776222599.023,299.023,0.99,444.92,0.92,21.85,,,,,,,,,0.01,444.92,0.08,21.85,,,44.186242,1776222597000
1776222599.761,299.761,0.99,444.92,0.92,21.85,,,,,,,,,0.01,444.92,0.08,21.85,,,44.185594,1776222598000
1776222600.454,300.454,0.99,444.92,0.92,21.85,,,,,,,,,0.01,444.92,0.08,21.85,,,44.185541,1776222599000
1776222601.178,301.178,0.99,444.92,0.92,21.85,,,,,,,,,0.01,444.92,0.08,21.85,,,44.184955,1776222600000
1776222602.526,302.526,0.99,444.92,0.92,21.85,,,,,,,,,0.01,444.92,0.08,21.85,,,44.184641,1776222601000

# RESULT,winner=Up,slug=hype-updown-5m-1776222300,ticks=305
