timestamp,elapsed_sec,up_bid_p1,up_bid_s1,up_bid_p2,up_bid_s2,up_ask_p1,up_ask_s1,up_ask_p2,up_ask_s2,down_bid_p1,down_bid_s1,down_bid_p2,down_bid_s2,down_ask_p1,down_ask_s1,down_ask_p2,down_ask_s2,up_spread,down_spread,hype_price,hype_oracle_ts
1776182111.499,11.499,0.3,5.0,0.29,5.0,0.39,20.16,0.51,10.0,0.61,20.16,0.49,10.0,0.7,5.0,0.71,5.0,0.09,0.09,43.830511,1776182110000
1776182111.959,11.959,0.3,5.0,0.29,5.0,0.39,20.16,0.51,10.0,0.61,20.16,0.49,10.0,0.7,5.0,0.71,5.0,0.09,0.09,43.830511,1776182110000
1776182112.991,12.991,0.3,5.0,0.29,5.0,0.39,20.16,0.51,10.0,0.61,20.16,0.49,10.0,0.7,5.0,0.71,5.0,0.09,0.09,43.830416,1776182112000
1776182114.175,14.175,0.3,5.0,0.29,5.0,0.39,20.16,0.51,10.0,0.61,20.16,0.49,10.0,0.7,5.0,0.71,5.0,0.09,0.09,43.830186,1776182113000
1776182115.194,15.194,0.3,5.0,0.29,5.0,0.39,20.16,0.51,10.0,0.61,20.16,0.49,10.0,0.7,5.0,0.71,5.0,0.09,0.09,43.829899,1776182114000
1776182116.639,16.639,0.3,5.0,0.29,5.0,0.39,20.16,0.51,10.0,0.61,20.16,0.49,10.0,0.7,5.0,0.71,5.0,0.09,0.09,43.830582,1776182115000
1776182117.283,17.283,0.3,5.0,0.29,5.0,0.39,20.16,0.51,10.0,0.61,20.16,0.49,10.0,0.7,5.0,0.71,5.0,0.09,0.09,43.830153,1776182116000
1776182118.115,18.115,0.3,5.0,0.29,5.0,0.39,20.16,0.51,10.0,0.61,20.16,0.49,10.0,0.7,5.0,0.71,5.0,0.09,0.09,43.832667,1776182117000
1776182119.074,19.074,0.3,5.0,0.29,5.0,0.39,20.16,0.51,10.0,0.61,20.16,0.49,10.0,0.7,5.0,0.71,5.0,0.09,0.09,43.824452,1776182118000
1776182120.103,20.103,0.3,5.0,0.29,5.0,0.39,20.16,0.51,10.0,0.61,20.16,0.49,10.0,0.7,5.0,0.71,5.0,0.09,0.09,43.81431,1776182119000
1776182121.265,21.265,0.3,5.0,0.29,5.0,0.39,20.16,0.51,10.0,0.61,20.16,0.49,10.0,0.7,5.0,0.71,5.0,0.09,0.09,43.811638,1776182120000
1776182122.317,22.317,0.3,5.0,0.29,5.0,0.39,20.16,0.51,10.0,0.61,20.16,0.49,10.0,0.7,5.0,0.71,5.0,0.09,0.09,43.809968,1776182121000
1776182123.526,23.526,0.3,5.0,0.29,5.0,0.39,20.16,0.51,10.0,0.61,20.16,0.49,10.0,0.7,5.0,0.71,5.0,0.09,0.09,43.807801,1776182122000
1776182123.944,23.944,0.3,5.0,0.29,5.0,0.39,20.16,0.51,10.0,0.61,20.16,0.49,10.0,0.7,5.0,0.71,5.0,0.09,0.09,43.807585,1776182123000
1776182124.989,24.989,0.3,5.0,0.29,5.0,0.39,20.16,0.51,10.0,0.61,20.16,0.49,10.0,0.7,5.0,0.71,5.0,0.09,0.09,43.804056,1776182124000
1776182126.081,26.081,0.3,5.0,0.29,5.0,0.39,20.16,0.51,10.0,0.61,20.16,0.49,10.0,0.7,5.0,0.71,5.0,0.09,0.09,43.796953,1776182125000
1776182127.191,27.191,0.3,5.0,0.29,5.0,0.39,20.16,0.51,10.0,0.61,20.16,0.49,10.0,0.7,5.0,0.71,5.0,0.09,0.09,43.79597,1776182126000
1776182128.333,28.333,0.3,5.0,0.29,5.0,0.39,20.16,0.51,10.0,0.61,20.16,0.49,10.0,0.7,5.0,0.71,5.0,0.09,0.09,43.7949,1776182127000
1776182128.899,28.899,0.3,5.0,0.29,5.0,0.39,20.16,0.51,10.0,0.61,20.16,0.49,10.0,0.7,5.0,0.71,5.0,0.09,0.09,43.789558,1776182128000
1776182130.591,30.591,0.3,5.0,0.29,5.0,0.39,20.16,0.51,10.0,0.61,20.16,0.49,10.0,0.7,5.0,0.71,5.0,0.09,0.09,43.784652,1776182129000
1776182131.199,31.199,0.3,5.0,0.29,5.0,0.39,20.16,0.51,10.0,0.61,20.16,0.49,10.0,0.7,5.0,0.71,5.0,0.09,0.09,43.780032,1776182130000
1776182132.259,32.259,0.3,5.0,0.29,5.0,0.39,20.16,0.51,10.0,0.61,20.16,0.49,10.0,0.7,5.0,0.71,5.0,0.09,0.09,43.779878,1776182131000
1776182133.429,33.429,0.3,5.0,0.29,5.0,0.39,20.16,0.51,10.0,0.61,20.16,0.49,10.0,0.7,5.0,0.71,5.0,0.09,0.09,43.778964,1776182132000
1776182134.229,34.229,0.3,5.0,0.29,5.0,0.39,20.16,0.51,10.0,0.61,20.16,0.49,10.0,0.7,5.0,0.71,5.0,0.09,0.09,43.777899,1776182133000
1776182135.275,35.275,0.3,5.0,0.29,5.0,0.39,20.16,0.51,10.0,0.61,20.16,0.49,10.0,0.7,5.0,0.71,5.0,0.09,0.09,43.77387,1776182134000
1776182136.421,36.421,0.3,5.0,0.29,5.0,0.39,20.16,0.51,10.0,0.61,20.16,0.49,10.0,0.7,5.0,0.71,5.0,0.09,0.09,43.776056,1776182135000
1776182136.953,36.953,0.3,5.0,0.29,5.0,0.39,20.16,0.51,10.0,0.61,20.16,0.49,10.0,0.7,5.0,0.71,5.0,0.09,0.09,43.776425,1776182136000
1776182138.438,38.438,0.3,5.0,0.29,5.0,0.39,20.16,0.51,10.0,0.61,20.16,0.49,10.0,0.7,5.0,0.71,5.0,0.09,0.09,43.777451,1776182137000
1776182139.163,39.163,0.3,5.0,0.29,5.0,0.39,20.16,0.51,10.0,0.61,20.16,0.49,10.0,0.7,5.0,0.71,5.0,0.09,0.09,43.777451,1776182138000
1776182140.839,40.839,0.3,5.0,0.29,5.0,0.39,20.16,0.51,10.0,0.61,20.16,0.49,10.0,0.7,5.0,0.71,5.0,0.09,0.09,43.776871,1776182139000
1776182141.445,41.445,0.3,5.0,0.29,5.0,0.39,20.16,0.51,10.0,0.61,20.16,0.49,10.0,0.7,5.0,0.71,5.0,0.09,0.09,43.776459,1776182140000
1776182142.057,42.057,0.3,5.0,0.29,5.0,0.39,20.16,0.51,10.0,0.61,20.16,0.49,10.0,0.7,5.0,0.71,5.0,0.09,0.09,43.776403,1776182141000
1776182143.408,43.408,0.3,5.0,0.29,5.0,0.39,20.16,0.51,10.0,0.61,20.16,0.49,10.0,0.7,5.0,0.71,5.0,0.09,0.09,43.776364,1776182142000
1776182144.843,44.843,0.3,5.0,0.29,5.0,0.39,20.16,0.51,10.0,0.61,20.16,0.49,10.0,0.7,5.0,0.71,5.0,0.09,0.09,43.776046,1776182143000
1776182145.247,45.247,0.11,100.0,0.1,5.0,0.26,5.98,0.34,5.0,0.61,20.16,0.49,10.0,0.7,5.0,0.71,5.0,0.15,0.09,43.776046,1776182143000
1776182145.465,45.465,0.11,100.0,0.1,5.0,0.26,5.98,0.34,5.0,0.74,5.98,0.66,5.0,0.89,100.0,0.9,5.0,0.15,0.15,43.76689,1776182144000
1776182146.227,46.227,0.11,100.0,0.1,5.0,0.26,5.98,0.34,5.0,0.74,5.98,0.66,5.0,0.89,100.0,0.9,5.0,0.15,0.15,43.763268,1776182145000
1776182147.094,47.094,0.11,100.0,0.1,5.0,0.26,5.98,0.34,5.0,0.74,5.98,0.66,5.0,0.89,100.0,0.9,5.0,0.15,0.15,43.761355,1776182146000
1776182148.166,48.166,0.11,100.0,0.06,5.0,0.18,4.0,0.23,6.0,0.82,4.0,0.77,6.0,0.89,100.0,0.94,5.0,0.07,0.07,43.760763,1776182147000
1776182149.31,49.31,0.11,100.0,0.06,5.0,0.18,4.0,0.23,6.0,0.82,4.0,0.77,6.0,0.89,100.0,0.94,5.0,0.07,0.07,43.750252,1776182148000
1776182150.45,50.45,0.11,100.0,0.06,5.0,0.18,4.0,0.23,6.0,0.82,4.0,0.77,6.0,0.89,100.0,0.94,5.0,0.07,0.07,43.747298,1776182149000
1776182150.922,50.922,0.11,100.0,0.06,5.0,0.18,4.0,0.23,6.0,0.82,4.0,0.77,6.0,0.89,100.0,0.94,5.0,0.07,0.07,43.746047,1776182150000
1776182151.271,51.271,0.11,100.0,0.05,5.0,0.31,3.05,0.32,5.0,0.82,4.0,0.77,6.0,0.89,100.0,0.94,5.0,0.2,0.07,43.746047,1776182150000
1776182152.041,52.041,0.4,5.49,0.11,100.0,0.52,17.0,0.7,100.0,0.48,17.0,0.3,100.0,0.6,5.49,0.89,100.0,0.12,0.12,43.745118,1776182151000
1776182152.326,52.326,0.4,17.65,0.11,100.0,0.52,84.0,0.7,100.0,0.48,17.0,0.3,100.0,0.6,5.49,0.89,100.0,0.12,0.12,43.745118,1776182151000
1776182153.002,53.002,0.4,10.15,0.11,100.0,0.47,65.0,0.52,17.0,0.48,84.0,0.3,100.0,0.6,17.65,0.89,100.0,0.07,0.12,43.745118,1776182151000
1776182153.21,53.21,0.4,10.15,0.11,100.0,0.47,65.0,0.52,17.0,0.53,65.0,0.48,17.0,0.6,10.15,0.89,100.0,0.07,0.07,43.741212,1776182152000
1776182153.633,53.633,0.11,100.0,0.06,5.0,0.47,65.0,0.52,17.0,0.53,65.0,0.48,17.0,0.6,10.15,0.89,100.0,0.36,0.07,43.741212,1776182152000
1776182154.239,54.239,0.11,100.0,0.06,5.0,0.47,65.0,0.52,17.0,0.53,65.0,0.48,17.0,0.89,100.0,0.94,5.0,0.36,0.36,43.74045,1776182153000
1776182155.305,55.305,0.11,100.0,0.06,5.0,0.47,65.0,0.52,17.0,0.53,65.0,0.48,17.0,0.89,100.0,0.94,5.0,0.36,0.36,43.739488,1776182154000
1776182156.395,56.395,0.11,100.0,0.06,5.0,0.47,65.0,0.52,17.0,0.53,65.0,0.48,17.0,0.89,100.0,0.94,5.0,0.36,0.36,43.739961,1776182155000
1776182156.945,56.945,0.11,100.0,0.06,5.0,0.47,65.0,0.52,17.0,0.53,65.0,0.48,17.0,0.89,100.0,0.94,5.0,0.36,0.36,43.73953,1776182156000
1776182158.039,58.039,0.11,100.0,0.06,5.0,0.47,65.0,0.52,17.0,0.53,65.0,0.48,17.0,0.89,100.0,0.94,5.0,0.36,0.36,43.739834,1776182157000
1776182159.099,59.099,0.11,100.0,0.06,5.0,0.47,65.0,0.52,17.0,0.53,65.0,0.48,17.0,0.89,100.0,0.94,5.0,0.36,0.36,43.740151,1776182158000
1776182160.181,60.181,0.11,100.0,0.06,5.0,0.47,65.0,0.52,17.0,0.53,65.0,0.48,17.0,0.89,100.0,0.94,5.0,0.36,0.36,43.740482,1776182159000
1776182161.459,61.459,0.11,100.0,0.06,5.0,0.47,65.0,0.52,17.0,0.53,65.0,0.48,17.0,0.89,100.0,0.94,5.0,0.36,0.36,43.74063,1776182160000
1776182162.283,62.283,0.11,100.0,0.06,5.0,0.47,65.0,0.52,17.0,0.53,65.0,0.48,17.0,0.89,100.0,0.94,5.0,0.36,0.36,43.74053,1776182161000
1776182163.432,63.432,0.11,100.0,0.06,5.0,0.47,65.0,0.52,17.0,0.53,65.0,0.48,17.0,0.89,100.0,0.94,5.0,0.36,0.36,43.740525,1776182162000
1776182164.182,64.182,0.11,100.0,0.06,5.0,0.47,65.0,0.52,17.0,0.53,65.0,0.48,17.0,0.89,100.0,0.94,5.0,0.36,0.36,43.740525,1776182163000
1776182165.202,65.202,0.11,100.0,0.06,5.0,0.47,65.0,0.52,17.0,0.53,65.0,0.48,17.0,0.89,100.0,0.94,5.0,0.36,0.36,43.739668,1776182164000
1776182166.066,66.066,0.11,100.0,0.06,5.0,0.47,65.0,0.52,17.0,0.53,65.0,0.48,17.0,0.89,100.0,0.94,5.0,0.36,0.36,43.739925,1776182165000
1776182167.021,67.021,0.11,100.0,0.06,5.0,0.47,65.0,0.52,17.0,0.53,65.0,0.48,17.0,0.89,100.0,0.94,5.0,0.36,0.36,43.739807,1776182166000
1776182167.997,67.997,0.11,100.0,0.06,5.0,0.47,65.0,0.52,17.0,0.53,65.0,0.48,17.0,0.89,100.0,0.94,5.0,0.36,0.36,43.740717,1776182167000
1776182168.904,68.904,0.11,100.0,0.06,5.0,0.47,65.0,0.52,17.0,0.53,65.0,0.48,17.0,0.89,100.0,0.94,5.0,0.36,0.36,43.741821,1776182168000
1776182169.828,69.828,0.11,100.0,0.06,5.0,0.47,65.0,0.52,17.0,0.53,65.0,0.48,17.0,0.89,100.0,0.94,5.0,0.36,0.36,43.743103,1776182169000
1776182171.256,71.256,0.11,100.0,0.06,5.0,0.47,65.0,0.52,17.0,0.53,65.0,0.48,17.0,0.89,100.0,0.94,5.0,0.36,0.36,43.739889,1776182170000
1776182172.256,72.256,0.11,100.0,0.06,5.0,0.47,65.0,0.52,17.0,0.53,65.0,0.48,17.0,0.89,100.0,0.94,5.0,0.36,0.36,43.740209,1776182171000
1776182173.82,73.82,0.11,100.0,0.06,5.0,0.47,65.0,0.52,17.0,0.53,65.0,0.48,17.0,0.89,100.0,0.94,5.0,0.36,0.36,43.740361,1776182172000
1776182175.009,75.009,0.11,100.0,0.06,5.0,0.47,65.0,0.52,17.0,0.53,65.0,0.48,17.0,0.89,100.0,0.94,5.0,0.36,0.36,43.739679,1776182173000
1776182175.566,75.566,0.11,100.0,0.06,5.0,0.47,65.0,0.52,17.0,0.53,65.0,0.48,17.0,0.89,100.0,0.94,5.0,0.36,0.36,43.73838,1776182174000
1776182176.51,76.51,0.11,100.0,0.06,5.0,0.47,65.0,0.52,17.0,0.53,65.0,0.48,17.0,0.89,100.0,0.94,5.0,0.36,0.36,43.73838,1776182175000
1776182177.215,77.215,0.11,100.0,0.06,5.0,0.47,65.0,0.52,17.0,0.53,65.0,0.48,17.0,0.89,100.0,0.94,5.0,0.36,0.36,43.737771,1776182176000
1776182178.563,78.563,0.11,100.0,0.06,5.0,0.47,65.0,0.52,17.0,0.53,65.0,0.48,17.0,0.89,100.0,0.94,5.0,0.36,0.36,43.738431,1776182177000
1776182179.21,79.21,0.11,100.0,0.06,5.0,0.47,65.0,0.52,17.0,0.53,65.0,0.48,17.0,0.89,100.0,0.94,5.0,0.36,0.36,43.738431,1776182178000
1776182180.446,80.446,0.11,100.0,0.06,5.0,0.47,65.0,0.52,17.0,0.53,65.0,0.48,17.0,0.89,100.0,0.94,5.0,0.36,0.36,43.737209,1776182179000
1776182181.199,81.199,0.11,100.0,0.06,5.0,0.47,65.0,0.52,17.0,0.53,65.0,0.48,17.0,0.89,100.0,0.94,5.0,0.36,0.36,43.737209,1776182180000
1776182182.467,82.467,0.11,100.0,0.06,5.0,0.47,65.0,0.52,17.0,0.53,65.0,0.48,17.0,0.89,100.0,0.94,5.0,0.36,0.36,43.737208,1776182181000
1776182183.125,83.125,0.11,100.0,0.06,5.0,0.47,65.0,0.52,17.0,0.53,65.0,0.48,17.0,0.89,100.0,0.94,5.0,0.36,0.36,43.737208,1776182182000
1776182184.687,84.687,0.11,100.0,0.06,5.0,0.47,65.0,0.52,17.0,0.53,65.0,0.48,17.0,0.89,100.0,0.94,5.0,0.36,0.36,43.737162,1776182183000
1776182185.296,85.296,0.11,100.0,0.06,5.0,0.47,65.0,0.52,17.0,0.53,65.0,0.48,17.0,0.89,100.0,0.94,5.0,0.36,0.36,43.737161,1776182184000
1776182186.826,86.826,0.11,100.0,0.06,5.0,0.47,65.0,0.52,17.0,0.53,65.0,0.48,17.0,0.89,100.0,0.94,5.0,0.36,0.36,43.737977,1776182185000
1776182187.387,87.387,0.11,100.0,0.06,5.0,0.47,65.0,0.52,17.0,0.53,65.0,0.48,17.0,0.89,100.0,0.94,5.0,0.36,0.36,43.737529,1776182186000
1776182188.694,88.694,0.11,100.0,0.06,5.0,0.47,65.0,0.52,17.0,0.53,65.0,0.48,17.0,0.89,100.0,0.94,5.0,0.36,0.36,43.737947,1776182187000
1776182189.269,89.269,0.11,100.0,0.06,5.0,0.47,65.0,0.52,17.0,0.53,65.0,0.48,17.0,0.89,100.0,0.94,5.0,0.36,0.36,43.739027,1776182188000
1776182190.714,90.714,0.11,100.0,0.06,5.0,0.47,65.0,0.52,17.0,0.53,65.0,0.48,17.0,0.89,100.0,0.94,5.0,0.36,0.36,43.739128,1776182189000
1776182191.718,91.718,0.11,100.0,0.06,5.0,0.47,65.0,0.52,17.0,0.53,65.0,0.48,17.0,0.89,100.0,0.94,5.0,0.36,0.36,43.739128,1776182190000
1776182192.675,92.675,0.11,100.0,0.06,5.0,0.47,65.0,0.52,17.0,0.53,65.0,0.48,17.0,0.89,100.0,0.94,5.0,0.36,0.36,43.739128,1776182191000
1776182193.399,93.399,0.11,100.0,0.06,5.0,0.47,65.0,0.52,17.0,0.53,65.0,0.48,17.0,0.89,100.0,0.94,5.0,0.36,0.36,43.738846,1776182192000
1776182194.674,94.674,0.11,100.0,0.06,5.0,0.47,65.0,0.52,17.0,0.53,65.0,0.48,17.0,0.89,100.0,0.94,5.0,0.36,0.36,43.733468,1776182193000
1776182195.261,95.261,0.11,100.0,0.06,5.0,0.47,65.0,0.52,17.0,0.53,65.0,0.48,17.0,0.89,100.0,0.94,5.0,0.36,0.36,43.729513,1776182194000
1776182196.767,96.767,0.11,100.0,0.06,5.0,0.47,65.0,0.52,17.0,0.53,65.0,0.48,17.0,0.89,100.0,0.94,5.0,0.36,0.36,43.727573,1776182195000
1776182197.383,97.383,0.11,100.0,0.06,5.0,0.47,65.0,0.52,17.0,0.53,65.0,0.48,17.0,0.89,100.0,0.94,5.0,0.36,0.36,43.72699,1776182196000
1776182198.611,98.611,0.11,100.0,0.06,5.0,0.47,65.0,0.52,17.0,0.53,65.0,0.48,17.0,0.89,100.0,0.94,5.0,0.36,0.36,43.726864,1776182197000
1776182199.357,99.357,0.11,100.0,0.06,5.0,0.47,65.0,0.52,17.0,0.53,65.0,0.48,17.0,0.89,100.0,0.94,5.0,0.36,0.36,43.726839,1776182198000
1776182201.191,101.191,0.11,100.0,0.06,5.0,0.47,65.0,0.52,17.0,0.53,65.0,0.48,17.0,0.89,100.0,0.94,5.0,0.36,0.36,43.726312,1776182200000
1776182202.647,102.647,0.11,100.0,0.06,5.0,0.47,65.0,0.52,17.0,0.53,65.0,0.48,17.0,0.89,100.0,0.94,5.0,0.36,0.36,43.725893,1776182201000
1776182203.214,103.214,0.11,100.0,0.06,5.0,0.47,65.0,0.52,17.0,0.53,65.0,0.48,17.0,0.89,100.0,0.94,5.0,0.36,0.36,43.726456,1776182202000
1776182204.476,104.476,0.11,100.0,0.06,5.0,0.47,65.0,0.52,17.0,0.53,65.0,0.48,17.0,0.89,100.0,0.94,5.0,0.36,0.36,43.729235,1776182203000
1776182205.087,105.087,0.11,100.0,0.06,5.0,0.47,65.0,0.52,17.0,0.53,65.0,0.48,17.0,0.89,100.0,0.94,5.0,0.36,0.36,43.733761,1776182204000
1776182206.403,106.403,0.11,100.0,0.06,5.0,0.47,65.0,0.52,17.0,0.53,65.0,0.48,17.0,0.89,100.0,0.94,5.0,0.36,0.36,43.747967,1776182205000
1776182207.244,107.244,0.11,100.0,0.06,5.0,0.47,65.0,0.52,17.0,0.53,65.0,0.48,17.0,0.89,100.0,0.94,5.0,0.36,0.36,43.749225,1776182206000
1776182208.8,108.8,0.11,100.0,0.06,5.0,0.47,65.0,0.52,17.0,0.53,65.0,0.48,17.0,0.89,100.0,0.94,5.0,0.36,0.36,43.753945,1776182207000
1776182209.695,109.695,0.11,100.0,0.06,5.0,0.47,65.0,0.52,17.0,0.53,65.0,0.48,17.0,0.89,100.0,0.94,5.0,0.36,0.36,43.753945,1776182208000
1776182210.208,110.208,0.11,100.0,0.06,5.0,0.47,65.0,0.52,17.0,0.53,65.0,0.48,17.0,0.89,100.0,0.94,5.0,0.36,0.36,43.751118,1776182209000
1776182211.146,111.146,0.11,100.0,0.06,5.0,0.47,65.0,0.52,17.0,0.53,65.0,0.48,17.0,0.89,100.0,0.94,5.0,0.36,0.36,43.750696,1776182210000
1776182212.308,112.308,0.11,100.0,0.06,5.0,0.47,65.0,0.52,17.0,0.53,65.0,0.48,17.0,0.89,100.0,0.94,5.0,0.36,0.36,43.750727,1776182211000
1776182213.361,113.361,0.11,100.0,0.06,5.0,0.47,65.0,0.52,17.0,0.53,65.0,0.48,17.0,0.89,100.0,0.94,5.0,0.36,0.36,43.745935,1776182212000
1776182214.285,114.285,0.11,100.0,0.06,5.0,0.47,65.0,0.52,17.0,0.53,65.0,0.48,17.0,0.89,100.0,0.94,5.0,0.36,0.36,43.739489,1776182213000
1776182215.334,115.334,0.11,100.0,0.06,5.0,0.47,65.0,0.52,17.0,0.53,65.0,0.48,17.0,0.89,100.0,0.94,5.0,0.36,0.36,43.741344,1776182214000
1776182216.389,116.389,0.11,100.0,0.06,5.0,0.47,65.0,0.52,17.0,0.53,65.0,0.48,17.0,0.89,100.0,0.94,5.0,0.36,0.36,43.742177,1776182215000
1776182216.924,116.924,0.11,100.0,0.06,5.0,0.47,65.0,0.52,17.0,0.53,65.0,0.48,17.0,0.89,100.0,0.94,5.0,0.36,0.36,43.743204,1776182216000
1776182217.968,117.968,0.11,100.0,0.06,5.0,0.47,65.0,0.52,17.0,0.53,65.0,0.48,17.0,0.89,100.0,0.94,5.0,0.36,0.36,43.74764,1776182217000
1776182219.136,119.136,0.11,100.0,0.06,5.0,0.47,65.0,0.52,17.0,0.53,65.0,0.48,17.0,0.89,100.0,0.94,5.0,0.36,0.36,43.750278,1776182218000
1776182220.087,120.087,0.11,100.0,0.06,5.0,0.47,65.0,0.52,17.0,0.53,65.0,0.48,17.0,0.89,100.0,0.94,5.0,0.36,0.36,43.749977,1776182219000
1776182221.142,121.142,0.11,100.0,0.06,5.0,0.47,65.0,0.52,17.0,0.53,65.0,0.48,17.0,0.89,100.0,0.94,5.0,0.36,0.36,43.750585,1776182220000
1776182222.192,122.192,0.11,100.0,0.06,5.0,0.47,65.0,0.52,17.0,0.53,65.0,0.48,17.0,0.89,100.0,0.94,5.0,0.36,0.36,43.745873,1776182221000
1776182223.369,123.369,0.11,100.0,0.06,5.0,0.47,65.0,0.52,17.0,0.53,65.0,0.48,17.0,0.89,100.0,0.94,5.0,0.36,0.36,43.745484,1776182222000
1776182224.49,124.49,0.11,100.0,0.06,5.0,0.47,65.0,0.52,17.0,0.53,65.0,0.48,17.0,0.89,100.0,0.94,5.0,0.36,0.36,43.73844,1776182223000
1776182225.111,125.111,0.11,100.0,0.06,5.0,0.47,65.0,0.52,17.0,0.53,65.0,0.48,17.0,0.89,100.0,0.94,5.0,0.36,0.36,43.737036,1776182224000
1776182226.29,126.29,0.11,100.0,0.06,5.0,0.47,65.0,0.52,17.0,0.53,65.0,0.48,17.0,0.89,100.0,0.94,5.0,0.36,0.36,43.737177,1776182225000
1776182227.32,127.32,0.11,100.0,0.06,5.0,0.47,65.0,0.52,17.0,0.53,65.0,0.48,17.0,0.89,100.0,0.94,5.0,0.36,0.36,43.736612,1776182226000
1776182228.416,128.416,0.11,100.0,0.06,5.0,0.47,65.0,0.52,17.0,0.53,65.0,0.48,17.0,0.89,100.0,0.94,5.0,0.36,0.36,43.736591,1776182227000
1776182229.191,129.191,0.11,100.0,0.06,5.0,0.47,65.0,0.52,17.0,0.53,65.0,0.48,17.0,0.89,100.0,0.94,5.0,0.36,0.36,43.736048,1776182228000
1776182230.3,130.3,0.11,100.0,0.06,5.0,0.47,65.0,0.52,17.0,0.53,65.0,0.48,17.0,0.89,100.0,0.94,5.0,0.36,0.36,43.736128,1776182229000
1776182231.361,131.361,0.11,100.0,0.06,5.0,0.47,65.0,0.52,17.0,0.53,65.0,0.48,17.0,0.89,100.0,0.94,5.0,0.36,0.36,43.734878,1776182230000
1776182231.916,131.916,0.11,100.0,0.06,5.0,0.47,65.0,0.52,17.0,0.53,65.0,0.48,17.0,0.89,100.0,0.94,5.0,0.36,0.36,43.732409,1776182231000
1776182233.101,133.101,0.11,100.0,0.06,5.0,0.47,65.0,0.52,17.0,0.53,65.0,0.48,17.0,0.89,100.0,0.94,5.0,0.36,0.36,43.733187,1776182232000
1776182234.209,134.209,0.11,100.0,0.06,5.0,0.47,65.0,0.52,17.0,0.53,65.0,0.48,17.0,0.89,100.0,0.94,5.0,0.36,0.36,43.732883,1776182233000
1776182235.302,135.302,0.11,100.0,0.06,5.0,0.47,65.0,0.52,17.0,0.53,65.0,0.48,17.0,0.89,100.0,0.94,5.0,0.36,0.36,43.732794,1776182234000
1776182236.429,136.429,0.11,100.0,0.06,5.0,0.47,65.0,0.52,17.0,0.53,65.0,0.48,17.0,0.89,100.0,0.94,5.0,0.36,0.36,43.731199,1776182235000
1776182237.027,137.027,0.11,100.0,0.06,5.0,0.47,65.0,0.52,17.0,0.53,65.0,0.48,17.0,0.89,100.0,0.94,5.0,0.36,0.36,43.728245,1776182236000
1776182237.992,137.992,0.11,100.0,0.06,5.0,0.47,65.0,0.52,17.0,0.53,65.0,0.48,17.0,0.89,100.0,0.94,5.0,0.36,0.36,43.728245,1776182237000
1776182239.059,139.059,0.11,100.0,0.06,5.0,0.47,65.0,0.52,17.0,0.53,65.0,0.48,17.0,0.89,100.0,0.94,5.0,0.36,0.36,43.721644,1776182238000
1776182240.037,140.037,0.11,100.0,0.06,5.0,0.47,65.0,0.52,17.0,0.53,65.0,0.48,17.0,0.89,100.0,0.94,5.0,0.36,0.36,43.719214,1776182239000
1776182240.822,140.822,0.11,100.0,0.06,5.0,0.47,65.0,0.52,17.0,0.53,65.0,0.48,17.0,0.89,100.0,0.94,5.0,0.36,0.36,43.718695,1776182240000
1776182242.21,142.21,0.11,100.0,0.06,5.0,0.47,65.0,0.52,17.0,0.53,65.0,0.48,17.0,0.89,100.0,0.94,5.0,0.36,0.36,43.718709,1776182241000
1776182243.259,143.259,0.11,100.0,0.06,5.0,0.47,65.0,0.52,17.0,0.53,65.0,0.48,17.0,0.89,100.0,0.94,5.0,0.36,0.36,43.718278,1776182242000
1776182244.153,144.153,0.11,100.0,0.06,5.0,0.47,65.0,0.52,17.0,0.53,65.0,0.48,17.0,0.89,100.0,0.94,5.0,0.36,0.36,43.717878,1776182243000
1776182245.181,145.181,0.11,100.0,0.06,5.0,0.47,65.0,0.52,17.0,0.53,65.0,0.48,17.0,0.89,100.0,0.94,5.0,0.36,0.36,43.718306,1776182244000
1776182246.09,146.09,0.02,10.0,0.01,220.0,0.12,5.0,0.13,5.0,0.88,5.0,0.87,5.0,0.98,10.0,0.99,220.0,0.1,0.1,43.717396,1776182245000
1776182247.086,147.086,0.02,10.0,0.01,220.0,0.12,5.0,0.13,5.0,0.88,5.0,0.87,5.0,0.98,10.0,0.99,220.0,0.1,0.1,43.714813,1776182246000
1776182248.065,148.065,0.02,10.0,0.01,220.0,0.12,5.0,0.13,5.0,0.88,5.0,0.87,5.0,0.98,10.0,0.99,220.0,0.1,0.1,43.712632,1776182247000
1776182249.082,149.082,0.02,10.0,0.01,220.0,0.12,5.0,0.13,5.0,0.88,5.0,0.87,5.0,0.98,10.0,0.99,220.0,0.1,0.1,43.712342,1776182248000
1776182250.467,150.467,0.02,10.0,0.01,220.0,0.12,5.0,0.13,5.0,0.88,5.0,0.87,5.0,0.98,10.0,0.99,220.0,0.1,0.1,43.712743,1776182249000
1776182251.18,151.18,0.02,10.0,0.01,220.0,0.12,5.0,0.13,5.0,0.88,5.0,0.87,5.0,0.98,10.0,0.99,220.0,0.1,0.1,43.712743,1776182250000
1776182252.668,152.668,0.02,10.0,0.01,220.0,0.12,5.0,0.13,5.0,0.88,5.0,0.87,5.0,0.98,10.0,0.99,220.0,0.1,0.1,43.71248,1776182251000
1776182253.206,153.206,0.02,10.0,0.01,220.0,0.12,5.0,0.13,5.0,0.88,5.0,0.87,5.0,0.98,10.0,0.99,220.0,0.1,0.1,43.71248,1776182252000
1776182254.544,154.544,0.02,10.0,0.01,220.0,0.12,5.0,0.13,5.0,0.88,5.0,0.87,5.0,0.98,10.0,0.99,220.0,0.1,0.1,43.712227,1776182253000
1776182255.213,155.213,0.02,10.0,0.01,220.0,0.12,5.0,0.13,5.0,0.88,5.0,0.87,5.0,0.98,10.0,0.99,220.0,0.1,0.1,43.712203,1776182254000
1776182256.669,156.669,0.02,10.0,0.01,220.0,0.12,5.0,0.13,5.0,0.88,5.0,0.87,5.0,0.98,10.0,0.99,220.0,0.1,0.1,43.711484,1776182255000
1776182257.453,157.453,0.02,10.0,0.01,220.0,0.12,5.0,0.13,5.0,0.88,5.0,0.87,5.0,0.98,10.0,0.99,220.0,0.1,0.1,43.711484,1776182256000
1776182258.068,158.068,0.02,10.0,0.01,220.0,0.12,5.0,0.13,5.0,0.88,5.0,0.87,5.0,0.98,10.0,0.99,220.0,0.1,0.1,43.711203,1776182257000
1776182259.348,159.348,0.02,10.0,0.01,220.0,0.12,5.0,0.13,5.0,0.88,5.0,0.87,5.0,0.98,10.0,0.99,220.0,0.1,0.1,43.708684,1776182258000
1776182259.998,159.998,0.02,10.0,0.01,220.0,0.12,5.0,0.13,5.0,0.88,5.0,0.87,5.0,0.98,10.0,0.99,220.0,0.1,0.1,43.705071,1776182259000
1776182261.238,161.238,0.02,10.0,0.01,220.0,0.12,5.0,0.13,5.0,0.88,5.0,0.87,5.0,0.98,10.0,0.99,220.0,0.1,0.1,43.684899,1776182260000
1776182262.518,162.518,0.02,10.0,0.01,220.0,0.12,5.0,0.13,5.0,0.88,5.0,0.87,5.0,0.98,10.0,0.99,220.0,0.1,0.1,43.685257,1776182261000
1776182263.253,163.253,0.02,10.0,0.01,220.0,0.12,5.0,0.13,5.0,0.88,5.0,0.87,5.0,0.98,10.0,0.99,220.0,0.1,0.1,43.683606,1776182262000
1776182264.322,164.322,0.02,10.0,0.01,220.0,0.12,5.0,0.13,5.0,0.88,5.0,0.87,5.0,0.98,10.0,0.99,220.0,0.1,0.1,43.674303,1776182263000
1776182265.723,165.723,0.02,10.0,0.01,220.0,0.12,5.0,0.13,5.0,0.88,5.0,0.87,5.0,0.98,10.0,0.99,220.0,0.1,0.1,43.677842,1776182264000
1776182266.223,166.223,0.02,10.0,0.01,220.0,0.12,5.0,0.13,5.0,0.88,5.0,0.87,5.0,0.98,10.0,0.99,220.0,0.1,0.1,43.677178,1776182265000
1776182266.697,166.697,0.01,219.79,,,0.12,5.0,0.13,5.0,0.88,5.0,0.87,5.0,0.98,10.0,0.99,220.0,0.11,0.1,43.677178,1776182265000
1776182267.335,167.335,0.01,219.79,,,0.12,5.0,0.13,5.0,0.88,5.0,0.87,5.0,0.99,219.79,,,0.11,0.11,43.6711,1776182266000
1776182270.275,170.275,0.01,219.79,,,0.12,5.0,0.13,5.0,0.88,5.0,0.87,5.0,0.99,219.79,,,0.11,0.11,43.661166,1776182267000
1776182270.938,170.938,0.01,219.79,,,0.12,5.0,0.13,5.0,0.88,5.0,0.87,5.0,0.99,219.79,,,0.11,0.11,43.653255,1776182270000
1776182271.891,171.891,0.01,219.79,,,0.12,5.0,0.13,5.0,0.88,5.0,0.87,5.0,0.99,219.79,,,0.11,0.11,43.652546,1776182271000
1776182272.921,172.921,0.01,219.79,,,0.12,5.0,0.13,5.0,0.88,5.0,0.87,5.0,0.99,219.79,,,0.11,0.11,43.652197,1776182272000
1776182273.944,173.944,0.01,219.79,,,0.12,5.0,0.13,5.0,0.88,5.0,0.87,5.0,0.99,219.79,,,0.11,0.11,43.650455,1776182273000
1776182274.94,174.94,0.01,219.79,,,0.12,5.0,0.13,5.0,0.88,5.0,0.87,5.0,0.99,219.79,,,0.11,0.11,43.650506,1776182274000
1776182275.85,175.85,0.01,219.79,,,0.12,5.0,0.13,5.0,0.88,5.0,0.87,5.0,0.99,219.79,,,0.11,0.11,43.651358,1776182275000
1776182276.834,176.834,0.01,219.79,,,0.12,5.0,0.13,5.0,0.88,5.0,0.87,5.0,0.99,219.79,,,0.11,0.11,43.652294,1776182276000
1776182277.863,177.863,0.01,219.79,,,0.12,5.0,0.13,5.0,0.88,5.0,0.87,5.0,0.99,219.79,,,0.11,0.11,43.650685,1776182277000
1776182278.921,178.921,0.01,219.79,,,0.12,5.0,0.13,5.0,0.88,5.0,0.87,5.0,0.99,219.79,,,0.11,0.11,43.645534,1776182278000
1776182280.451,180.451,0.01,219.79,,,0.12,5.0,0.13,5.0,0.88,5.0,0.87,5.0,0.99,219.79,,,0.11,0.11,43.645362,1776182279000
1776182280.691,180.691,0.01,179.69,,,0.12,32.0,0.13,5.0,0.88,37.0,0.87,5.0,0.99,189.79,,,0.11,0.11,43.645362,1776182279000
1776182280.975,180.975,0.01,179.69,,,0.12,32.0,0.13,5.0,0.88,32.0,0.87,5.0,0.99,179.69,,,0.11,0.11,43.639773,1776182280000
1776182281.853,181.853,0.01,174.63,,,0.12,32.0,0.13,5.0,0.88,32.0,0.87,5.0,0.99,179.69,,,0.11,0.11,43.639773,1776182280000
1776182282.262,182.262,0.01,174.63,,,0.12,32.0,0.13,5.0,0.88,32.0,0.87,5.0,0.99,174.63,,,0.11,0.11,43.616117,1776182281000
1776182282.874,182.874,0.01,174.63,,,0.12,32.0,0.13,5.0,0.88,32.0,0.87,5.0,0.99,174.63,,,0.11,0.11,43.609392,1776182282000
1776182284.223,184.223,0.01,174.63,,,0.12,32.0,0.13,5.0,0.88,32.0,0.87,5.0,0.99,174.63,,,0.11,0.11,43.608322,1776182283000
1776182285.36,185.36,0.01,174.63,,,0.12,32.0,0.13,5.0,0.88,32.0,0.87,5.0,0.99,174.63,,,0.11,0.11,43.604877,1776182284000
1776182286.491,186.491,0.01,174.63,,,0.12,32.0,0.13,5.0,0.88,32.0,0.87,5.0,0.99,174.63,,,0.11,0.11,43.60475,1776182285000
1776182287.082,187.082,0.01,174.63,,,0.12,32.0,0.13,5.0,0.88,32.0,0.87,5.0,0.99,174.63,,,0.11,0.11,43.600661,1776182286000
1776182288.314,188.314,0.01,174.63,,,0.12,32.0,0.13,5.0,0.88,32.0,0.87,5.0,0.99,174.63,,,0.11,0.11,43.597995,1776182287000
1776182289.43,189.43,0.01,174.63,,,0.12,32.0,0.13,5.0,0.88,32.0,0.87,5.0,0.99,174.63,,,0.11,0.11,43.589812,1776182288000
1776182290.033,190.033,0.01,174.63,,,0.12,32.0,0.13,5.0,0.88,32.0,0.87,5.0,0.99,174.63,,,0.11,0.11,43.591258,1776182289000
1776182291.121,191.121,0.01,174.63,,,0.12,32.0,0.13,5.0,0.88,32.0,0.87,5.0,0.99,174.63,,,0.11,0.11,43.576161,1776182290000
1776182292.29,192.29,0.01,174.63,,,0.12,32.0,0.13,5.0,0.88,32.0,0.87,5.0,0.99,174.63,,,0.11,0.11,43.584874,1776182291000
1776182293.406,193.406,0.01,174.63,,,0.12,32.0,0.13,5.0,0.88,32.0,0.87,5.0,0.99,174.63,,,0.11,0.11,43.577863,1776182292000
1776182294.032,194.032,0.01,174.63,,,0.12,32.0,0.13,5.0,0.88,32.0,0.87,5.0,0.99,174.63,,,0.11,0.11,43.577917,1776182293000
1776182295.89,195.89,0.01,174.63,,,0.12,32.0,0.13,5.0,0.88,32.0,0.87,5.0,0.99,174.63,,,0.11,0.11,43.576593,1776182294000
1776182296.533,196.533,0.01,174.63,,,0.12,32.0,0.13,5.0,0.88,32.0,0.87,5.0,0.99,174.63,,,0.11,0.11,43.574387,1776182295000
1776182297.249,197.249,0.01,154.63,,,0.12,32.0,0.13,5.0,0.88,32.0,0.87,5.0,0.99,174.63,,,0.11,0.11,43.574387,1776182295000
1776182298.514,198.514,0.01,154.63,,,0.12,32.0,0.13,5.0,0.88,32.0,0.87,5.0,0.99,154.63,,,0.11,0.11,43.586341,1776182297000
1776182299.237,199.237,0.01,144.63,,,0.12,32.0,0.13,5.0,0.88,32.0,0.87,5.0,0.99,144.63,,,0.11,0.11,43.584281,1776182298000
1776182300.329,200.329,0.01,144.63,,,0.12,32.0,0.13,5.0,0.88,32.0,0.87,5.0,0.99,144.63,,,0.11,0.11,43.582835,1776182299000
1776182301.487,201.487,0.01,144.63,,,0.12,32.0,0.13,5.0,0.88,32.0,0.87,5.0,0.99,144.63,,,0.11,0.11,43.58786,1776182300000
1776182302.156,202.156,0.01,144.63,,,0.12,32.0,0.13,5.0,0.88,32.0,0.87,5.0,0.99,144.63,,,0.11,0.11,43.587127,1776182301000
1776182303.262,203.262,0.01,144.63,,,0.12,32.0,0.13,5.0,0.88,32.0,0.87,5.0,0.99,144.63,,,0.11,0.11,43.586099,1776182302000
1776182304.514,204.514,0.01,144.63,,,0.12,32.0,0.13,5.0,0.88,32.0,0.87,5.0,0.99,144.63,,,0.11,0.11,43.586856,1776182303000
1776182305.017,205.017,0.01,141.59,,,0.12,32.0,0.13,5.0,0.88,32.0,0.87,5.0,0.99,144.63,,,0.11,0.11,43.586856,1776182303000
1776182305.742,205.742,0.01,131.59,,,0.12,32.0,0.13,5.0,0.88,32.0,0.87,5.0,0.99,141.59,,,0.11,0.11,43.593021,1776182304000
1776182306.023,206.023,0.01,131.59,,,0.12,32.0,0.13,5.0,0.88,32.0,0.87,5.0,0.99,131.59,,,0.11,0.11,43.604544,1776182305000
1776182307.181,207.181,,,,,0.01,868.41,0.12,32.0,0.88,32.0,0.87,5.0,0.99,131.59,,,,0.11,43.604544,1776182305000
1776182308.394,208.394,,,,,0.01,868.41,0.12,32.0,0.99,868.41,0.88,32.0,,,,,,,43.604505,1776182307000
1776182309.002,209.002,,,,,0.01,868.41,0.12,32.0,0.99,868.41,0.88,32.0,,,,,,,43.604311,1776182308000
1776182310.134,210.134,,,,,0.01,868.41,0.12,32.0,0.99,868.41,0.88,32.0,,,,,,,43.604499,1776182309000
1776182311.103,211.103,,,,,0.01,868.41,0.12,32.0,0.99,868.41,0.88,32.0,,,,,,,43.601004,1776182310000
1776182312.101,212.101,,,,,0.01,868.41,0.12,32.0,0.99,868.41,0.88,32.0,,,,,,,43.60132,1776182311000
1776182313.062,213.062,,,,,0.01,868.41,0.12,32.0,0.99,868.41,0.88,32.0,,,,,,,43.600964,1776182312000
1776182314.072,214.072,,,,,0.01,868.41,0.12,32.0,0.99,868.41,0.88,32.0,,,,,,,43.600307,1776182313000
1776182314.971,214.971,,,,,0.01,868.41,0.12,32.0,0.99,868.41,0.88,32.0,,,,,,,43.591897,1776182314000
1776182316.049,216.049,,,,,0.01,868.41,0.12,32.0,0.99,868.41,0.88,32.0,,,,,,,43.590673,1776182315000
1776182317.032,217.032,,,,,0.01,868.41,0.12,32.0,0.99,868.41,0.88,32.0,,,,,,,43.576416,1776182316000
1776182318.0,218.0,,,,,0.01,868.41,0.12,32.0,0.99,868.41,0.88,32.0,,,,,,,43.573672,1776182317000
1776182319.021,219.021,,,,,0.01,868.41,0.12,32.0,0.99,868.41,0.88,32.0,,,,,,,43.573607,1776182318000
1776182320.062,220.062,,,,,0.01,868.41,0.12,32.0,0.99,868.41,0.88,32.0,,,,,,,43.57326,1776182319000
1776182320.959,220.959,,,,,0.01,868.41,0.12,32.0,0.99,868.41,0.88,32.0,,,,,,,43.573624,1776182320000
1776182321.899,221.899,,,,,0.01,868.41,0.12,32.0,0.99,868.41,0.88,32.0,,,,,,,43.573381,1776182321000
1776182322.946,222.946,,,,,0.01,868.41,0.12,32.0,0.99,868.41,0.88,32.0,,,,,,,43.573247,1776182322000
1776182325.191,225.191,,,,,0.01,868.41,0.12,32.0,0.99,868.41,0.88,32.0,,,,,,,43.571848,1776182323000
1776182325.858,225.858,,,,,0.01,868.41,0.12,32.0,0.99,868.41,0.88,32.0,,,,,,,43.57294,1776182324000
1776182326.492,226.492,,,,,0.01,868.41,0.12,32.0,0.99,868.41,0.88,32.0,,,,,,,43.573583,1776182325000
1776182327.423,227.423,,,,,0.01,868.41,0.12,32.0,0.99,868.41,0.88,32.0,,,,,,,43.573583,1776182326000
1776182328.353,228.353,,,,,0.01,868.41,0.12,32.0,0.99,868.41,0.88,32.0,,,,,,,43.581116,1776182327000
1776182329.717,229.717,,,,,0.01,868.41,0.12,32.0,0.99,868.41,0.88,32.0,,,,,,,43.585286,1776182328000
1776182330.361,230.361,,,,,0.01,868.41,0.12,32.0,0.99,868.41,0.88,32.0,,,,,,,43.585309,1776182329000
1776182331.208,231.208,,,,,0.01,868.41,0.12,32.0,0.99,868.41,0.88,32.0,,,,,,,43.585475,1776182330000
1776182332.607,232.607,,,,,0.01,868.41,0.12,32.0,0.99,868.41,0.88,32.0,,,,,,,43.58229,1776182331000
1776182333.289,233.289,,,,,0.01,868.41,0.12,32.0,0.99,868.41,0.88,32.0,,,,,,,43.581204,1776182332000
1776182334.794,234.794,,,,,0.01,868.41,0.12,32.0,0.99,868.41,0.88,32.0,,,,,,,43.581006,1776182333000
1776182335.54,235.54,,,,,0.01,868.41,0.12,32.0,0.99,868.41,0.88,32.0,,,,,,,43.601494,1776182334000
1776182336.297,236.297,,,,,0.01,868.41,0.12,32.0,0.99,868.41,0.88,32.0,,,,,,,43.601892,1776182335000
1776182337.723,237.723,,,,,0.01,868.41,0.12,32.0,0.99,868.41,0.88,32.0,,,,,,,43.604188,1776182336000
1776182338.595,238.595,,,,,0.01,868.41,0.12,32.0,0.99,868.41,0.88,32.0,,,,,,,43.604485,1776182337000
1776182339.15,239.15,,,,,0.01,868.41,0.12,32.0,0.99,868.41,0.88,32.0,,,,,,,43.606164,1776182338000
1776182340.68,240.68,,,,,0.01,868.41,0.12,32.0,0.99,868.41,0.88,32.0,,,,,,,43.616467,1776182339000
1776182341.449,241.449,,,,,0.01,868.41,0.12,32.0,0.99,868.41,0.88,32.0,,,,,,,43.619305,1776182340000
1776182342.892,242.892,,,,,0.01,868.41,0.12,32.0,0.99,868.41,0.88,32.0,,,,,,,43.626982,1776182341000
1776182343.439,243.439,,,,,0.01,868.41,0.12,32.0,0.99,868.41,0.88,32.0,,,,,,,43.626944,1776182342000
1776182344.001,244.001,,,,,0.01,868.41,0.12,32.0,0.99,868.41,0.88,32.0,,,,,,,43.626261,1776182343000
1776182345.128,245.128,,,,,0.01,868.41,0.12,32.0,0.99,868.41,0.88,32.0,,,,,,,43.627749,1776182344000
1776182346.311,246.311,,,,,0.01,868.41,0.12,32.0,0.99,868.41,0.88,32.0,,,,,,,43.62663,1776182345000
1776182347.381,247.381,,,,,0.01,868.41,0.12,32.0,0.99,868.41,0.88,32.0,,,,,,,43.621019,1776182346000
1776182348.334,248.334,,,,,0.01,868.41,0.12,32.0,0.99,868.41,0.88,32.0,,,,,,,43.603772,1776182347000
1776182348.928,248.928,,,,,0.01,868.41,0.12,32.0,0.99,868.41,0.88,32.0,,,,,,,43.603097,1776182348000
1776182350.043,250.043,,,,,0.01,868.41,0.12,32.0,0.99,868.41,0.88,32.0,,,,,,,43.599007,1776182349000
1776182351.157,251.157,,,,,0.01,868.41,0.12,32.0,0.99,868.41,0.88,32.0,,,,,,,43.589273,1776182350000
1776182352.236,252.236,,,,,0.01,868.41,0.12,32.0,0.99,868.41,0.88,32.0,,,,,,,43.577672,1776182351000
1776182353.377,253.377,,,,,0.01,868.41,0.12,32.0,0.99,868.41,0.88,32.0,,,,,,,43.579423,1776182352000
1776182353.949,253.949,,,,,0.01,868.41,0.12,32.0,0.99,868.41,0.88,32.0,,,,,,,43.57961,1776182353000
1776182355.054,255.054,,,,,0.01,868.41,0.12,32.0,0.99,868.41,0.88,32.0,,,,,,,43.579072,1776182354000
1776182356.476,256.476,,,,,0.01,868.41,0.12,32.0,0.99,868.41,0.88,32.0,,,,,,,43.575977,1776182355000
1776182357.195,257.195,,,,,0.01,868.41,0.12,32.0,0.99,868.41,0.88,32.0,,,,,,,43.574086,1776182356000
1776182359.251,259.251,,,,,0.01,868.41,0.12,32.0,0.99,868.41,0.88,32.0,,,,,,,43.573553,1776182358000
1776182360.79,260.79,,,,,0.01,868.41,0.12,32.0,0.99,868.41,0.88,32.0,,,,,,,43.573115,1776182359000
1776182361.397,261.397,,,,,0.01,868.41,0.12,32.0,0.99,868.41,0.88,32.0,,,,,,,43.573146,1776182360000
1776182362.176,262.176,,,,,0.01,868.41,0.12,32.0,0.99,868.41,0.88,32.0,,,,,,,43.573825,1776182361000
1776182363.574,263.574,,,,,0.01,868.41,0.12,32.0,0.99,868.41,0.88,32.0,,,,,,,43.573546,1776182362000
1776182364.284,264.284,,,,,0.01,868.41,0.12,32.0,0.99,868.41,0.88,32.0,,,,,,,43.571789,1776182363000
1776182365.711,265.711,,,,,0.01,868.41,0.12,32.0,0.99,868.41,0.88,32.0,,,,,,,43.571869,1776182364000
1776182366.321,266.321,,,,,0.01,868.41,0.12,32.0,0.99,868.41,0.88,32.0,,,,,,,43.569069,1776182365000
1776182367.614,267.614,,,,,0.01,868.41,0.12,32.0,0.99,868.41,0.88,32.0,,,,,,,43.56857,1776182366000
1776182368.297,268.297,,,,,0.01,868.41,0.12,32.0,0.99,868.41,0.88,32.0,,,,,,,43.568189,1776182367000
1776182369.692,269.692,,,,,0.01,868.41,0.12,32.0,0.99,868.41,0.88,32.0,,,,,,,43.533243,1776182368000
1776182370.435,270.435,,,,,0.01,868.41,0.12,32.0,0.99,868.41,0.88,32.0,,,,,,,43.526779,1776182369000
1776182371.061,271.061,,,,,0.01,868.41,0.12,32.0,0.99,868.41,0.88,32.0,,,,,,,43.524727,1776182370000
1776182372.496,272.496,,,,,0.01,868.41,0.12,32.0,0.99,868.41,0.88,32.0,,,,,,,43.522515,1776182371000
1776182373.142,273.142,,,,,0.01,868.41,0.12,32.0,0.99,868.41,0.88,32.0,,,,,,,43.514164,1776182372000
1776182374.432,274.432,,,,,0.01,868.41,0.12,32.0,0.99,868.41,0.88,32.0,,,,,,,43.500518,1776182373000
1776182375.567,275.567,,,,,0.01,868.41,0.12,32.0,0.99,868.41,0.88,32.0,,,,,,,43.499924,1776182374000
1776182376.117,276.117,,,,,0.01,868.41,0.12,32.0,0.99,868.41,0.88,32.0,,,,,,,43.499713,1776182375000
1776182377.148,277.148,,,,,0.01,868.41,0.12,32.0,0.99,868.41,0.88,32.0,,,,,,,43.495815,1776182376000
1776182378.27,278.27,,,,,0.01,868.41,0.12,32.0,0.99,868.41,0.88,32.0,,,,,,,43.491341,1776182377000
1776182379.268,279.268,,,,,0.01,868.41,0.12,32.0,0.99,868.41,0.88,32.0,,,,,,,43.481161,1776182378000
1776182380.307,280.307,,,,,0.01,868.41,0.12,32.0,0.99,868.41,0.88,32.0,,,,,,,43.47872,1776182379000
1776182381.307,281.307,,,,,0.01,868.41,0.12,32.0,0.99,868.41,0.88,32.0,,,,,,,43.47872,1776182380000
1776182382.499,282.499,,,,,0.01,868.41,0.12,32.0,0.99,868.41,0.88,32.0,,,,,,,43.483282,1776182381000
1776182383.316,283.316,,,,,0.01,868.41,0.12,32.0,0.99,868.41,0.88,32.0,,,,,,,43.486492,1776182382000
1776182384.336,284.336,,,,,0.01,868.41,0.12,32.0,0.99,868.41,0.88,32.0,,,,,,,43.48453,1776182383000
1776182385.412,285.412,,,,,0.01,868.41,0.12,32.0,0.99,868.41,0.88,32.0,,,,,,,43.484351,1776182384000
1776182385.963,285.963,,,,,0.01,868.41,0.12,32.0,0.99,868.41,0.88,32.0,,,,,,,43.484196,1776182385000
1776182387.046,287.046,,,,,0.01,868.41,0.12,32.0,0.99,868.41,0.88,32.0,,,,,,,43.482221,1776182386000
1776182388.039,288.039,,,,,0.01,868.41,0.12,32.0,0.99,868.41,0.88,32.0,,,,,,,43.483428,1776182387000
1776182389.072,289.072,,,,,0.01,868.41,0.12,32.0,0.99,868.41,0.88,32.0,,,,,,,43.487703,1776182388000
1776182390.563,290.563,,,,,0.01,868.41,0.12,32.0,0.99,868.41,0.88,32.0,,,,,,,43.487635,1776182389000
1776182391.112,291.112,,,,,0.01,868.41,0.12,32.0,0.99,868.41,0.88,32.0,,,,,,,43.492483,1776182390000
1776182392.161,292.161,,,,,0.01,868.41,0.12,32.0,0.99,868.41,0.88,32.0,,,,,,,43.492331,1776182391000
1776182393.324,293.324,,,,,0.01,868.41,0.12,32.0,0.99,868.41,0.88,32.0,,,,,,,43.491693,1776182392000
1776182394.893,294.893,,,,,0.01,868.41,0.12,32.0,0.99,868.41,0.88,32.0,,,,,,,43.496449,1776182393000
1776182395.496,295.496,,,,,0.01,868.41,0.12,32.0,0.99,868.41,0.88,32.0,,,,,,,43.504885,1776182394000
1776182395.994,295.994,,,,,0.01,868.41,0.12,32.0,0.99,868.41,0.88,32.0,,,,,,,43.50735,1776182395000
1776182397.129,297.129,,,,,0.01,868.41,0.12,32.0,0.99,868.41,0.88,32.0,,,,,,,43.521251,1776182396000
1776182398.248,298.248,,,,,0.01,868.41,0.12,32.0,0.99,868.41,0.88,32.0,,,,,,,43.534556,1776182397000
1776182399.381,299.381,,,,,0.01,868.41,0.12,32.0,0.99,868.41,0.88,32.0,,,,,,,43.532002,1776182398000
1776182400.432,300.432,,,,,0.01,868.41,0.12,32.0,0.99,868.41,0.88,32.0,,,,,,,43.53066,1776182399000
1776182401.055,301.055,,,,,0.01,868.41,0.12,32.0,0.99,868.41,0.88,32.0,,,,,,,43.53001,1776182400000

# RESULT,winner=Down,slug=hype-updown-5m-1776182100,ticks=296
