timestamp,elapsed_sec,up_bid_p1,up_bid_s1,up_bid_p2,up_bid_s2,up_ask_p1,up_ask_s1,up_ask_p2,up_ask_s2,down_bid_p1,down_bid_s1,down_bid_p2,down_bid_s2,down_ask_p1,down_ask_s1,down_ask_p2,down_ask_s2,up_spread,down_spread,hype_price,hype_oracle_ts
1776234301.217,1.217,,,,,,,,,,,,,,,,,,,43.495865,1776234300000
1776234301.441,1.441,0.11,100.0,0.08,11.5,0.5,10.0,0.89,100.0,0.5,10.0,0.11,100.0,0.89,100.0,0.92,11.5,0.39,0.39,43.495865,1776234300000
1776234301.727,1.727,0.11,100.0,0.08,11.5,0.5,10.0,0.89,100.0,0.5,10.0,0.11,100.0,0.89,100.0,0.92,11.5,0.39,0.39,43.495865,1776234300000
1776234302.019,2.019,0.11,100.0,0.08,11.5,0.5,10.0,0.89,100.0,0.5,10.0,0.11,100.0,0.89,100.0,0.92,11.5,0.39,0.39,43.496165,1776234301000
1776234303.024,3.024,0.11,100.0,0.08,11.5,0.5,10.0,0.89,100.0,0.5,10.0,0.11,100.0,0.89,100.0,0.92,11.5,0.39,0.39,43.497128,1776234302000
1776234304.641,4.641,0.11,100.0,0.08,11.5,0.5,10.0,0.89,100.0,0.5,10.0,0.11,100.0,0.89,100.0,0.92,11.5,0.39,0.39,43.497123,1776234303000
1776234305.109,5.109,0.11,100.0,0.08,11.5,0.5,10.0,0.89,100.0,0.5,10.0,0.11,100.0,0.89,100.0,0.92,11.5,0.39,0.39,43.497304,1776234304000
1776234306.194,6.194,0.11,100.0,0.08,11.5,0.5,10.0,0.89,100.0,0.5,10.0,0.11,100.0,0.89,100.0,0.92,11.5,0.39,0.39,43.497203,1776234305000
1776234307.273,7.273,0.11,100.0,0.08,11.5,0.5,10.0,0.89,100.0,0.5,10.0,0.11,100.0,0.89,100.0,0.92,11.5,0.39,0.39,43.497209,1776234306000
1776234308.842,8.842,0.11,100.0,0.08,11.5,0.5,10.0,0.89,100.0,0.5,10.0,0.11,100.0,0.89,100.0,0.92,11.5,0.39,0.39,43.494528,1776234307000
1776234309.715,9.715,0.11,100.0,0.08,11.5,0.5,10.0,0.89,100.0,0.5,10.0,0.11,100.0,0.89,100.0,0.92,11.5,0.39,0.39,43.494523,1776234308000
1776234310.315,10.315,0.11,100.0,0.08,11.5,0.5,10.0,0.89,100.0,0.5,10.0,0.11,100.0,0.89,100.0,0.92,11.5,0.39,0.39,43.493901,1776234309000
1776234311.738,11.738,0.11,100.0,0.08,11.5,0.5,10.0,0.89,100.0,0.5,10.0,0.11,100.0,0.89,100.0,0.92,11.5,0.39,0.39,43.493353,1776234310000
1776234312.72,12.72,0.11,100.0,0.08,11.5,0.5,10.0,0.89,100.0,0.5,10.0,0.11,100.0,0.89,100.0,0.92,11.5,0.39,0.39,43.493353,1776234311000
1776234313.397,13.397,0.11,100.0,0.08,11.5,0.5,10.0,0.89,100.0,0.5,10.0,0.11,100.0,0.89,100.0,0.92,11.5,0.39,0.39,43.493352,1776234312000
1776234314.716,14.716,0.11,100.0,0.08,11.5,0.5,10.0,0.89,100.0,0.5,10.0,0.11,100.0,0.89,100.0,0.92,11.5,0.39,0.39,43.493285,1776234313000
1776234315.288,15.288,0.11,100.0,0.08,11.5,0.5,10.0,0.89,100.0,0.5,10.0,0.11,100.0,0.89,100.0,0.92,11.5,0.39,0.39,43.493285,1776234314000
1776234316.69,16.69,0.11,100.0,0.08,11.5,0.5,10.0,0.89,100.0,0.5,10.0,0.11,100.0,0.89,100.0,0.92,11.5,0.39,0.39,43.492795,1776234315000
1776234317.36,17.36,0.11,100.0,0.08,11.5,0.5,10.0,0.89,100.0,0.5,10.0,0.11,100.0,0.89,100.0,0.92,11.5,0.39,0.39,43.492836,1776234316000
1776234318.173,18.173,0.11,100.0,0.08,11.5,0.5,10.0,0.89,100.0,0.5,10.0,0.11,100.0,0.89,100.0,0.92,11.5,0.39,0.39,43.493017,1776234317000
1776234319.464,19.464,0.11,100.0,0.08,11.5,0.5,10.0,0.89,100.0,0.5,10.0,0.11,100.0,0.89,100.0,0.92,11.5,0.39,0.39,43.493017,1776234318000
1776234320.071,20.071,0.11,100.0,0.08,11.5,0.5,10.0,0.89,100.0,0.5,10.0,0.11,100.0,0.89,100.0,0.92,11.5,0.39,0.39,43.492699,1776234319000
1776234321.142,21.142,0.11,100.0,0.08,11.5,0.5,10.0,0.89,100.0,0.5,10.0,0.11,100.0,0.89,100.0,0.92,11.5,0.39,0.39,43.492426,1776234320000
1776234322.553,22.553,0.11,100.0,0.08,11.5,0.5,10.0,0.89,100.0,0.5,10.0,0.11,100.0,0.89,100.0,0.92,11.5,0.39,0.39,43.492577,1776234321000
1776234323.297,23.297,0.11,100.0,0.08,11.5,0.5,10.0,0.89,100.0,0.5,10.0,0.11,100.0,0.89,100.0,0.92,11.5,0.39,0.39,43.492626,1776234322000
1776234324.468,24.468,0.11,100.0,0.08,11.5,0.5,10.0,0.89,100.0,0.5,10.0,0.11,100.0,0.89,100.0,0.92,11.5,0.39,0.39,43.493007,1776234323000
1776234325.163,25.163,0.11,100.0,0.08,11.5,0.5,10.0,0.89,100.0,0.5,10.0,0.11,100.0,0.89,100.0,0.92,11.5,0.39,0.39,43.493007,1776234324000
1776234326.321,26.321,0.11,100.0,0.08,11.5,0.5,10.0,0.89,100.0,0.5,10.0,0.11,100.0,0.89,100.0,0.92,11.5,0.39,0.39,43.492925,1776234325000
1776234326.987,26.987,0.11,100.0,0.08,11.5,0.5,10.0,0.89,100.0,0.5,10.0,0.11,100.0,0.89,100.0,0.92,11.5,0.39,0.39,43.492925,1776234326000
1776234328.264,28.264,0.11,100.0,0.08,11.5,0.5,10.0,0.89,100.0,0.5,10.0,0.11,100.0,0.89,100.0,0.92,11.5,0.39,0.39,43.492925,1776234327000
1776234329.485,29.485,0.11,100.0,0.08,11.5,0.5,10.0,0.89,100.0,0.5,10.0,0.11,100.0,0.89,100.0,0.92,11.5,0.39,0.39,43.492762,1776234328000
1776234330.121,30.121,0.11,100.0,0.08,11.5,0.5,10.0,0.89,100.0,0.5,10.0,0.11,100.0,0.89,100.0,0.92,11.5,0.39,0.39,43.492719,1776234329000
1776234331.405,31.405,0.11,100.0,0.08,11.5,0.5,10.0,0.89,100.0,0.5,10.0,0.11,100.0,0.89,100.0,0.92,11.5,0.39,0.39,43.492716,1776234330000
1776234332.172,32.172,0.11,100.0,0.08,11.5,0.5,10.0,0.89,100.0,0.5,10.0,0.11,100.0,0.89,100.0,0.92,11.5,0.39,0.39,43.492716,1776234331000
1776234333.303,33.303,0.11,100.0,0.08,11.5,0.5,10.0,0.89,100.0,0.5,10.0,0.11,100.0,0.89,100.0,0.92,11.5,0.39,0.39,43.492569,1776234332000
1776234334.492,34.492,0.11,100.0,0.08,11.5,0.5,10.0,0.89,100.0,0.5,10.0,0.11,100.0,0.89,100.0,0.92,11.5,0.39,0.39,43.492581,1776234333000
1776234335.069,35.069,0.11,100.0,0.08,11.5,0.5,10.0,0.89,100.0,0.5,10.0,0.11,100.0,0.89,100.0,0.92,11.5,0.39,0.39,43.492651,1776234334000
1776234336.343,36.343,0.11,100.0,0.08,11.5,0.5,10.0,0.89,100.0,0.5,10.0,0.11,100.0,0.89,100.0,0.92,11.5,0.39,0.39,43.49247,1776234335000
1776234337.626,37.626,0.11,100.0,0.08,11.5,0.5,10.0,0.89,100.0,0.5,10.0,0.11,100.0,0.89,100.0,0.92,11.5,0.39,0.39,43.49251,1776234336000
1776234338.304,38.304,0.11,100.0,0.08,11.5,0.5,10.0,0.89,100.0,0.5,10.0,0.11,100.0,0.89,100.0,0.92,11.5,0.39,0.39,43.49251,1776234337000
1776234339.562,39.562,0.11,100.0,0.08,11.5,0.5,10.0,0.89,100.0,0.5,10.0,0.11,100.0,0.89,100.0,0.92,11.5,0.39,0.39,43.492806,1776234338000
1776234340.217,40.217,0.11,100.0,0.08,11.5,0.5,10.0,0.89,100.0,0.5,10.0,0.11,100.0,0.89,100.0,0.92,11.5,0.39,0.39,43.492806,1776234339000
1776234341.667,41.667,0.11,100.0,0.08,11.5,0.5,10.0,0.89,100.0,0.5,10.0,0.11,100.0,0.89,100.0,0.92,11.5,0.39,0.39,43.492486,1776234340000
1776234342.415,42.415,0.11,100.0,0.08,11.5,0.5,10.0,0.89,100.0,0.5,10.0,0.11,100.0,0.89,100.0,0.92,11.5,0.39,0.39,43.492486,1776234341000
1776234343.206,43.206,0.11,100.0,0.08,11.5,0.5,10.0,0.89,100.0,0.5,10.0,0.11,100.0,0.89,100.0,0.92,11.5,0.39,0.39,43.492382,1776234342000
1776234344.62,44.62,0.11,100.0,0.08,11.5,0.5,10.0,0.89,100.0,0.5,10.0,0.11,100.0,0.89,100.0,0.92,11.5,0.39,0.39,43.492385,1776234343000
1776234345.192,45.192,0.11,100.0,0.08,11.5,0.5,10.0,0.89,100.0,0.5,10.0,0.11,100.0,0.89,100.0,0.92,11.5,0.39,0.39,43.492748,1776234344000
1776234346.534,46.534,0.11,100.0,0.08,11.5,0.5,10.0,0.89,100.0,0.5,10.0,0.11,100.0,0.89,100.0,0.92,11.5,0.39,0.39,43.492984,1776234345000
1776234347.211,47.211,0.11,100.0,0.08,11.5,0.5,10.0,0.89,100.0,0.5,10.0,0.11,100.0,0.89,100.0,0.92,11.5,0.39,0.39,43.492996,1776234346000
1776234348.464,48.464,0.11,100.0,0.08,11.5,0.5,10.0,0.89,100.0,0.5,10.0,0.11,100.0,0.89,100.0,0.92,11.5,0.39,0.39,43.493226,1776234347000
1776234349.194,49.194,0.11,100.0,0.08,11.5,0.5,10.0,0.89,100.0,0.5,10.0,0.11,100.0,0.89,100.0,0.92,11.5,0.39,0.39,43.493607,1776234348000
1776234350.355,50.355,0.11,100.0,0.08,11.5,0.5,10.0,0.89,100.0,0.5,10.0,0.11,100.0,0.89,100.0,0.92,11.5,0.39,0.39,43.494153,1776234349000
1776234351.005,51.005,0.11,100.0,0.08,11.5,0.5,10.0,0.89,100.0,0.5,10.0,0.11,100.0,0.89,100.0,0.92,11.5,0.39,0.39,43.494133,1776234350000
1776234352.256,52.256,0.11,100.0,0.08,11.5,0.5,10.0,0.89,100.0,0.5,10.0,0.11,100.0,0.89,100.0,0.92,11.5,0.39,0.39,43.494133,1776234351000
1776234353.464,53.464,0.11,100.0,0.08,11.5,0.5,10.0,0.89,100.0,0.5,10.0,0.11,100.0,0.89,100.0,0.92,11.5,0.39,0.39,43.493463,1776234352000
1776234354.405,54.405,0.11,100.0,0.08,11.5,0.5,10.0,0.89,100.0,0.5,10.0,0.11,100.0,0.89,100.0,0.92,11.5,0.39,0.39,43.4938,1776234353000
1776234355.168,55.168,0.11,100.0,0.08,11.5,0.5,10.0,0.89,100.0,0.5,10.0,0.11,100.0,0.89,100.0,0.92,11.5,0.39,0.39,43.493779,1776234354000
1776234356.617,56.617,0.11,100.0,0.08,11.5,0.5,10.0,0.89,100.0,0.5,10.0,0.11,100.0,0.89,100.0,0.92,11.5,0.39,0.39,43.493692,1776234355000
1776234357.166,57.166,0.11,100.0,0.08,11.5,0.5,10.0,0.89,100.0,0.5,10.0,0.11,100.0,0.89,100.0,0.92,11.5,0.39,0.39,43.493249,1776234356000
1776234358.54,58.54,0.11,100.0,0.08,11.5,0.5,10.0,0.89,100.0,0.5,10.0,0.11,100.0,0.89,100.0,0.92,11.5,0.39,0.39,43.493135,1776234357000
1776234359.098,59.098,0.11,100.0,0.08,11.5,0.5,10.0,0.89,100.0,0.5,10.0,0.11,100.0,0.89,100.0,0.92,11.5,0.39,0.39,43.493097,1776234358000
1776234360.451,60.451,0.11,100.0,0.08,11.5,0.5,10.0,0.89,100.0,0.5,10.0,0.11,100.0,0.89,100.0,0.92,11.5,0.39,0.39,43.493461,1776234359000
1776234361.093,61.093,0.11,100.0,0.08,11.5,0.5,10.0,0.89,100.0,0.5,10.0,0.11,100.0,0.89,100.0,0.92,11.5,0.39,0.39,43.493461,1776234360000
1776234362.718,62.718,0.11,100.0,0.08,11.5,0.5,10.0,0.89,100.0,0.5,10.0,0.11,100.0,0.89,100.0,0.92,11.5,0.39,0.39,43.493783,1776234361000
1776234363.437,63.437,0.11,100.0,0.08,11.5,0.5,10.0,0.89,100.0,0.5,10.0,0.11,100.0,0.89,100.0,0.92,11.5,0.39,0.39,43.493783,1776234362000
1776234364.452,64.452,0.11,100.0,0.08,11.5,0.5,10.0,0.89,100.0,0.5,10.0,0.11,100.0,0.89,100.0,0.92,11.5,0.39,0.39,43.493992,1776234363000
1776234365.151,65.151,0.11,100.0,0.08,11.5,0.5,10.0,0.89,100.0,0.5,10.0,0.11,100.0,0.89,100.0,0.92,11.5,0.39,0.39,43.493992,1776234364000
1776234366.586,66.586,0.11,100.0,0.08,11.5,0.5,10.0,0.89,100.0,0.5,10.0,0.11,100.0,0.89,100.0,0.92,11.5,0.39,0.39,43.493969,1776234365000
1776234367.643,67.643,0.11,100.0,0.08,11.5,0.5,10.0,0.89,100.0,0.5,10.0,0.11,100.0,0.89,100.0,0.92,11.5,0.39,0.39,43.493881,1776234366000
1776234368.631,68.631,0.11,100.0,0.08,11.5,0.5,10.0,0.89,100.0,0.5,10.0,0.11,100.0,0.89,100.0,0.92,11.5,0.39,0.39,43.49483,1776234367000
1776234369.35,69.35,0.11,100.0,0.08,11.5,0.5,10.0,0.89,100.0,0.5,10.0,0.11,100.0,0.89,100.0,0.92,11.5,0.39,0.39,43.49483,1776234368000
1776234370.712,70.712,0.11,100.0,0.08,11.5,0.5,10.0,0.89,100.0,0.5,10.0,0.11,100.0,0.89,100.0,0.92,11.5,0.39,0.39,43.495946,1776234369000
1776234371.339,71.339,0.11,100.0,0.08,11.5,0.5,10.0,0.89,100.0,0.5,10.0,0.11,100.0,0.89,100.0,0.92,11.5,0.39,0.39,43.495891,1776234370000
1776234372.116,72.116,0.11,100.0,0.08,11.5,0.5,10.0,0.89,100.0,0.5,10.0,0.11,100.0,0.89,100.0,0.92,11.5,0.39,0.39,43.495891,1776234371000
1776234373.015,73.015,0.11,100.0,0.08,11.5,0.5,10.0,0.89,100.0,0.5,10.0,0.11,100.0,0.89,100.0,0.92,11.5,0.39,0.39,43.495891,1776234372000
1776234374.13,74.13,0.11,100.0,0.08,11.5,0.5,10.0,0.89,100.0,0.5,10.0,0.11,100.0,0.89,100.0,0.92,11.5,0.39,0.39,43.495897,1776234373000
1776234374.339,74.339,0.3,15.0,0.29,15.0,0.37,5.0,0.38,5.0,0.5,10.0,0.11,100.0,0.89,100.0,0.92,11.5,0.07,0.39,43.495897,1776234373000
1776234375.344,75.344,0.3,15.0,0.29,15.0,0.37,5.0,0.38,5.0,0.63,5.0,0.62,5.0,0.7,15.0,0.71,15.0,0.07,0.07,43.488923,1776234374000
1776234375.925,75.925,0.3,15.0,0.29,15.0,0.37,5.0,0.38,5.0,0.63,5.0,0.62,5.0,0.7,15.0,0.71,15.0,0.07,0.07,43.484848,1776234375000
1776234377.099,77.099,0.3,15.0,0.29,15.0,0.37,5.0,0.38,5.0,0.63,5.0,0.62,5.0,0.7,15.0,0.71,15.0,0.07,0.07,43.482492,1776234376000
1776234378.251,78.251,0.3,15.0,0.29,15.0,0.37,5.0,0.38,5.0,0.63,5.0,0.62,5.0,0.7,15.0,0.71,15.0,0.07,0.07,43.481926,1776234377000
1776234379.388,79.388,0.3,15.0,0.29,15.0,0.37,5.0,0.38,5.0,0.63,5.0,0.62,5.0,0.7,15.0,0.71,15.0,0.07,0.07,43.482943,1776234378000
1776234379.935,79.935,0.3,15.0,0.29,15.0,0.37,5.0,0.38,5.0,0.63,5.0,0.62,5.0,0.7,15.0,0.71,15.0,0.07,0.07,43.482824,1776234379000
1776234380.97,80.97,0.3,15.0,0.29,15.0,0.37,5.0,0.38,5.0,0.63,5.0,0.62,5.0,0.7,15.0,0.71,15.0,0.07,0.07,43.482114,1776234380000
1776234382.112,82.112,0.3,15.0,0.29,15.0,0.37,5.0,0.38,5.0,0.63,5.0,0.62,5.0,0.7,15.0,0.71,15.0,0.07,0.07,43.482113,1776234381000
1776234383.202,83.202,0.3,15.0,0.29,15.0,0.37,5.0,0.38,5.0,0.63,5.0,0.62,5.0,0.7,15.0,0.71,15.0,0.07,0.07,43.482738,1776234382000
1776234384.275,84.275,0.3,15.0,0.29,15.0,0.37,5.0,0.38,5.0,0.63,5.0,0.62,5.0,0.7,15.0,0.71,15.0,0.07,0.07,43.482799,1776234383000
1776234385.379,85.379,0.3,15.0,0.29,15.0,0.37,5.0,0.38,5.0,0.63,5.0,0.62,5.0,0.7,15.0,0.71,15.0,0.07,0.07,43.482831,1776234384000
1776234386.431,86.431,0.3,15.0,0.29,15.0,0.37,5.0,0.38,5.0,0.63,5.0,0.62,5.0,0.7,15.0,0.71,15.0,0.07,0.07,43.482858,1776234385000
1776234387.36,87.36,0.3,15.0,0.29,15.0,0.37,5.0,0.38,5.0,0.63,5.0,0.62,5.0,0.7,15.0,0.71,15.0,0.07,0.07,43.483867,1776234386000
1776234387.903,87.903,0.3,15.0,0.29,15.0,0.37,5.0,0.38,5.0,0.63,5.0,0.62,5.0,0.7,15.0,0.71,15.0,0.07,0.07,43.48354,1776234387000
1776234388.899,88.899,0.3,15.0,0.29,15.0,0.37,5.0,0.38,5.0,0.63,5.0,0.62,5.0,0.7,15.0,0.71,15.0,0.07,0.07,43.48354,1776234388000
1776234389.92,89.92,0.3,15.0,0.29,15.0,0.37,5.0,0.38,5.0,0.63,5.0,0.62,5.0,0.7,15.0,0.71,15.0,0.07,0.07,43.4823,1776234389000
1776234390.918,90.918,0.3,15.0,0.29,15.0,0.37,5.0,0.38,5.0,0.63,5.0,0.62,5.0,0.7,15.0,0.71,15.0,0.07,0.07,43.480346,1776234390000
1776234391.857,91.857,0.3,15.0,0.29,15.0,0.37,5.0,0.38,5.0,0.63,5.0,0.62,5.0,0.7,15.0,0.71,15.0,0.07,0.07,43.478807,1776234391000
1776234392.947,92.947,0.3,15.0,0.29,15.0,0.37,5.0,0.38,5.0,0.63,5.0,0.62,5.0,0.7,15.0,0.71,15.0,0.07,0.07,43.478985,1776234392000
1776234393.971,93.971,0.3,15.0,0.29,15.0,0.37,5.0,0.38,5.0,0.63,5.0,0.62,5.0,0.7,15.0,0.71,15.0,0.07,0.07,43.479151,1776234393000
1776234395.073,95.073,0.3,15.0,0.29,15.0,0.37,5.0,0.38,5.0,0.63,5.0,0.62,5.0,0.7,15.0,0.71,15.0,0.07,0.07,43.479239,1776234394000
1776234396.044,96.044,0.3,15.0,0.29,15.0,0.37,5.0,0.38,5.0,0.63,5.0,0.62,5.0,0.7,15.0,0.71,15.0,0.07,0.07,43.47959,1776234395000
1776234397.01,97.01,0.3,15.0,0.29,15.0,0.37,5.0,0.38,5.0,0.63,5.0,0.62,5.0,0.7,15.0,0.71,15.0,0.07,0.07,43.479455,1776234396000
1776234398.243,98.243,0.3,15.0,0.29,15.0,0.37,5.0,0.38,5.0,0.63,5.0,0.62,5.0,0.7,15.0,0.71,15.0,0.07,0.07,43.480127,1776234397000
1776234399.225,99.225,0.3,15.0,0.29,15.0,0.37,5.0,0.38,5.0,0.63,5.0,0.62,5.0,0.7,15.0,0.71,15.0,0.07,0.07,43.477067,1776234398000
1776234400.784,100.784,0.3,15.0,0.29,15.0,0.37,5.0,0.38,5.0,0.63,5.0,0.62,5.0,0.7,15.0,0.71,15.0,0.07,0.07,43.477587,1776234399000
1776234401.499,101.499,0.3,15.0,0.29,15.0,0.37,5.0,0.38,5.0,0.63,5.0,0.62,5.0,0.7,15.0,0.71,15.0,0.07,0.07,43.47848,1776234400000
1776234402.383,102.383,0.3,15.0,0.29,15.0,0.37,5.0,0.38,5.0,0.63,5.0,0.62,5.0,0.7,15.0,0.71,15.0,0.07,0.07,43.479775,1776234401000
1776234402.899,102.899,0.3,15.0,0.29,15.0,0.37,5.0,0.38,5.0,0.63,5.0,0.62,5.0,0.7,15.0,0.71,15.0,0.07,0.07,43.479641,1776234402000
1776234403.968,103.968,0.3,15.0,0.29,15.0,0.37,5.0,0.38,5.0,0.63,5.0,0.62,5.0,0.7,15.0,0.71,15.0,0.07,0.07,43.479437,1776234403000
1776234404.962,104.962,0.3,15.0,0.29,15.0,0.37,5.0,0.38,5.0,0.63,5.0,0.62,5.0,0.7,15.0,0.71,15.0,0.07,0.07,43.478603,1776234404000
1776234405.971,105.971,0.3,15.0,0.29,15.0,0.37,5.0,0.38,5.0,0.63,5.0,0.62,5.0,0.7,15.0,0.71,15.0,0.07,0.07,43.478683,1776234405000
1776234406.955,106.955,0.3,15.0,0.29,15.0,0.37,5.0,0.38,5.0,0.63,5.0,0.62,5.0,0.7,15.0,0.71,15.0,0.07,0.07,43.479563,1776234406000
1776234408.063,108.063,0.3,15.0,0.29,15.0,0.37,5.0,0.38,5.0,0.63,5.0,0.62,5.0,0.7,15.0,0.71,15.0,0.07,0.07,43.479573,1776234407000
1776234409.062,109.062,0.3,15.0,0.29,15.0,0.37,5.0,0.38,5.0,0.63,5.0,0.62,5.0,0.7,15.0,0.71,15.0,0.07,0.07,43.47963,1776234408000
1776234410.123,110.123,0.3,15.0,0.29,15.0,0.37,5.0,0.38,5.0,0.63,5.0,0.62,5.0,0.7,15.0,0.71,15.0,0.07,0.07,43.47961,1776234409000
1776234411.013,111.013,0.33,10.56,0.32,15.0,0.47,10.0,0.5,10.0,0.63,5.0,0.62,5.0,0.7,15.0,0.71,15.0,0.14,0.07,43.47961,1776234409000
1776234412.178,112.178,0.33,10.56,0.32,15.0,0.47,10.0,0.5,10.0,0.53,10.0,0.5,10.0,0.67,10.56,0.68,15.0,0.14,0.14,43.482976,1776234411000
1776234413.197,113.197,0.33,10.56,0.32,15.0,0.47,10.0,0.5,10.0,0.53,10.0,0.5,10.0,0.67,10.56,0.68,15.0,0.14,0.14,43.481717,1776234412000
1776234414.102,114.102,0.33,10.56,0.32,15.0,0.47,10.0,0.5,10.0,0.53,10.0,0.5,10.0,0.67,10.56,0.68,15.0,0.14,0.14,43.481211,1776234413000
1776234415.14,115.14,0.33,10.56,0.32,15.0,0.47,10.0,0.5,10.0,0.53,10.0,0.5,10.0,0.67,10.56,0.68,15.0,0.14,0.14,43.479333,1776234414000
1776234416.174,116.174,0.33,10.56,0.32,15.0,0.47,10.0,0.5,10.0,0.53,10.0,0.5,10.0,0.67,10.56,0.68,15.0,0.14,0.14,43.479333,1776234415000
1776234417.236,117.236,0.33,10.56,0.32,15.0,0.47,10.0,0.5,10.0,0.53,10.0,0.5,10.0,0.67,10.56,0.68,15.0,0.14,0.14,43.479279,1776234416000
1776234419.067,119.067,0.33,10.56,0.32,15.0,0.47,10.0,0.5,10.0,0.53,10.0,0.5,10.0,0.67,10.56,0.68,15.0,0.14,0.14,43.480556,1776234418000
1776234420.334,120.334,0.33,10.56,0.32,15.0,0.47,10.0,0.5,10.0,0.53,10.0,0.5,10.0,0.67,10.56,0.68,15.0,0.14,0.14,43.480405,1776234419000
1776234421.41,121.41,0.33,10.56,0.32,15.0,0.47,10.0,0.5,10.0,0.53,10.0,0.5,10.0,0.67,10.56,0.68,15.0,0.14,0.14,43.479765,1776234420000
1776234422.065,122.065,0.33,10.56,0.32,15.0,0.47,10.0,0.5,10.0,0.53,10.0,0.5,10.0,0.67,10.56,0.68,15.0,0.14,0.14,43.479826,1776234421000
1776234423.193,123.193,0.33,10.56,0.32,15.0,0.47,10.0,0.5,10.0,0.53,10.0,0.5,10.0,0.67,10.56,0.68,15.0,0.14,0.14,43.479549,1776234422000
1776234424.371,124.371,0.33,10.56,0.32,15.0,0.47,10.0,0.5,10.0,0.53,10.0,0.5,10.0,0.67,10.56,0.68,15.0,0.14,0.14,43.479353,1776234423000
1776234425.021,125.021,0.33,10.56,0.32,15.0,0.47,10.0,0.5,10.0,0.53,10.0,0.5,10.0,0.67,10.56,0.68,15.0,0.14,0.14,43.476633,1776234424000
1776234426.23,126.23,0.33,10.56,0.32,15.0,0.47,10.0,0.5,10.0,0.53,10.0,0.5,10.0,0.67,10.56,0.68,15.0,0.14,0.14,43.476707,1776234425000
1776234427.366,127.366,0.33,10.56,0.32,15.0,0.47,10.0,0.5,10.0,0.53,10.0,0.5,10.0,0.67,10.56,0.68,15.0,0.14,0.14,43.474884,1776234426000
1776234427.955,127.955,0.33,10.56,0.32,15.0,0.47,10.0,0.5,10.0,0.53,10.0,0.5,10.0,0.67,10.56,0.68,15.0,0.14,0.14,43.474536,1776234427000
1776234429.49,129.49,0.33,10.56,0.32,15.0,0.47,10.0,0.5,10.0,0.53,10.0,0.5,10.0,0.67,10.56,0.68,15.0,0.14,0.14,43.474045,1776234428000
1776234430.023,130.023,0.33,10.56,0.32,15.0,0.47,10.0,0.5,10.0,0.53,10.0,0.5,10.0,0.67,10.56,0.68,15.0,0.14,0.14,43.473996,1776234429000
1776234431.014,131.014,0.33,10.56,0.32,15.0,0.47,10.0,0.5,10.0,0.53,10.0,0.5,10.0,0.67,10.56,0.68,15.0,0.14,0.14,43.473599,1776234430000
1776234432.174,132.174,0.33,10.56,0.32,15.0,0.47,10.0,0.5,10.0,0.53,10.0,0.5,10.0,0.67,10.56,0.68,15.0,0.14,0.14,43.473599,1776234431000
1776234433.189,133.189,0.33,10.56,0.32,15.0,0.47,10.0,0.5,10.0,0.53,10.0,0.5,10.0,0.67,10.56,0.68,15.0,0.14,0.14,43.472767,1776234432000
1776234433.905,133.905,0.26,13.64,0.25,15.0,0.36,10.0,0.38,15.0,0.53,10.0,0.5,10.0,0.67,10.56,0.68,15.0,0.1,0.14,43.472767,1776234432000
1776234434.236,134.236,0.26,13.64,0.25,15.0,0.36,10.0,0.38,15.0,0.64,10.0,0.62,15.0,0.74,13.64,0.75,15.0,0.1,0.1,43.473826,1776234433000
1776234435.528,135.528,0.26,13.64,0.25,15.0,0.36,10.0,0.38,15.0,0.64,10.0,0.62,15.0,0.74,13.64,0.75,15.0,0.1,0.1,43.473826,1776234434000
1776234435.968,135.968,0.26,13.64,0.25,15.0,0.36,10.0,0.38,15.0,0.64,10.0,0.62,15.0,0.74,13.64,0.75,15.0,0.1,0.1,43.475099,1776234435000
1776234437.006,137.006,0.26,13.64,0.25,15.0,0.36,10.0,0.38,15.0,0.64,10.0,0.62,15.0,0.74,13.64,0.75,15.0,0.1,0.1,43.474866,1776234436000
1776234437.975,137.975,0.26,13.64,0.25,15.0,0.36,10.0,0.38,15.0,0.64,10.0,0.62,15.0,0.74,13.64,0.75,15.0,0.1,0.1,43.474846,1776234437000
1776234439.019,139.019,0.26,13.64,0.25,15.0,0.36,10.0,0.38,15.0,0.64,10.0,0.62,15.0,0.74,13.64,0.75,15.0,0.1,0.1,43.474811,1776234438000
1776234440.078,140.078,0.26,13.64,0.25,15.0,0.36,10.0,0.38,15.0,0.64,10.0,0.62,15.0,0.74,13.64,0.75,15.0,0.1,0.1,43.474805,1776234439000
1776234441.016,141.016,0.26,13.64,0.25,15.0,0.36,10.0,0.38,15.0,0.64,10.0,0.62,15.0,0.74,13.64,0.75,15.0,0.1,0.1,43.474744,1776234440000
1776234442.036,142.036,0.26,13.64,0.25,15.0,0.36,10.0,0.38,15.0,0.64,10.0,0.62,15.0,0.74,13.64,0.75,15.0,0.1,0.1,43.474136,1776234441000
1776234443.339,143.339,0.26,13.64,0.25,15.0,0.36,10.0,0.38,15.0,0.64,10.0,0.62,15.0,0.74,13.64,0.75,15.0,0.1,0.1,43.474049,1776234442000
1776234444.062,144.062,0.26,13.64,0.25,15.0,0.36,10.0,0.38,15.0,0.64,10.0,0.62,15.0,0.74,13.64,0.75,15.0,0.1,0.1,43.473986,1776234443000
1776234445.487,145.487,0.26,13.64,0.25,15.0,0.36,10.0,0.38,15.0,0.64,10.0,0.62,15.0,0.74,13.64,0.75,15.0,0.1,0.1,43.474091,1776234444000
1776234446.065,146.065,0.26,13.64,0.25,15.0,0.36,10.0,0.38,15.0,0.64,10.0,0.62,15.0,0.74,13.64,0.75,15.0,0.1,0.1,43.473292,1776234445000
1776234447.286,147.286,0.26,13.64,0.25,15.0,0.36,10.0,0.38,15.0,0.64,10.0,0.62,15.0,0.74,13.64,0.75,15.0,0.1,0.1,43.473248,1776234446000
1776234447.895,147.895,0.26,13.64,0.25,15.0,0.36,10.0,0.38,15.0,0.64,10.0,0.62,15.0,0.74,13.64,0.75,15.0,0.1,0.1,43.47308,1776234447000
1776234449.207,149.207,0.26,13.64,0.25,15.0,0.36,10.0,0.38,15.0,0.64,10.0,0.62,15.0,0.74,13.64,0.75,15.0,0.1,0.1,43.473115,1776234448000
1776234450.449,150.449,0.26,13.64,0.25,15.0,0.36,10.0,0.38,15.0,0.64,10.0,0.62,15.0,0.74,13.64,0.75,15.0,0.1,0.1,43.472676,1776234449000
1776234451.055,151.055,0.26,13.64,0.25,15.0,0.36,10.0,0.38,15.0,0.64,10.0,0.62,15.0,0.74,13.64,0.75,15.0,0.1,0.1,43.472639,1776234450000
1776234452.23,152.23,0.26,13.64,0.25,15.0,0.36,10.0,0.38,15.0,0.64,10.0,0.62,15.0,0.74,13.64,0.75,15.0,0.1,0.1,43.466695,1776234451000
1776234452.971,152.971,0.26,13.64,0.25,15.0,0.36,10.0,0.38,15.0,0.64,10.0,0.62,15.0,0.74,13.64,0.75,15.0,0.1,0.1,43.466695,1776234452000
1776234454.336,154.336,0.26,13.64,0.25,15.0,0.36,10.0,0.38,15.0,0.64,10.0,0.62,15.0,0.74,13.64,0.75,15.0,0.1,0.1,43.466541,1776234453000
1776234455.355,155.355,0.26,13.64,0.25,15.0,0.36,10.0,0.38,15.0,0.64,10.0,0.62,15.0,0.74,13.64,0.75,15.0,0.1,0.1,43.462895,1776234454000
1776234456.016,156.016,0.26,13.64,0.25,15.0,0.36,10.0,0.38,15.0,0.64,10.0,0.62,15.0,0.74,13.64,0.75,15.0,0.1,0.1,43.462895,1776234455000
1776234457.213,157.213,0.26,13.64,0.25,15.0,0.36,10.0,0.38,15.0,0.64,10.0,0.62,15.0,0.74,13.64,0.75,15.0,0.1,0.1,43.462733,1776234456000
1776234458.417,158.417,0.26,13.64,0.25,15.0,0.36,10.0,0.38,15.0,0.64,10.0,0.62,15.0,0.74,13.64,0.75,15.0,0.1,0.1,43.462851,1776234457000
1776234459.681,159.681,0.26,13.64,0.25,15.0,0.36,10.0,0.38,15.0,0.64,10.0,0.62,15.0,0.74,13.64,0.75,15.0,0.1,0.1,43.462535,1776234458000
1776234461.041,161.041,0.26,13.64,0.25,15.0,0.36,10.0,0.38,15.0,0.64,10.0,0.62,15.0,0.74,13.64,0.75,15.0,0.1,0.1,43.46254,1776234459000
1776234461.771,161.771,0.26,13.64,0.25,15.0,0.36,10.0,0.38,15.0,0.64,10.0,0.62,15.0,0.74,13.64,0.75,15.0,0.1,0.1,43.462527,1776234460000
1776234462.703,162.703,0.26,13.64,0.25,15.0,0.36,10.0,0.38,15.0,0.64,10.0,0.62,15.0,0.74,13.64,0.75,15.0,0.1,0.1,43.464405,1776234461000
1776234463.371,163.371,0.26,13.64,0.25,15.0,0.36,10.0,0.38,15.0,0.64,10.0,0.62,15.0,0.74,13.64,0.75,15.0,0.1,0.1,43.4637,1776234462000
1776234464.037,164.037,0.26,13.64,0.25,15.0,0.36,10.0,0.38,15.0,0.64,10.0,0.62,15.0,0.74,13.64,0.75,15.0,0.1,0.1,43.4637,1776234463000
1776234465.597,165.597,0.26,13.64,0.25,15.0,0.36,10.0,0.38,15.0,0.64,10.0,0.62,15.0,0.74,13.64,0.75,15.0,0.1,0.1,43.464259,1776234464000
1776234466.281,166.281,0.26,13.64,0.25,15.0,0.36,10.0,0.38,15.0,0.64,10.0,0.62,15.0,0.74,13.64,0.75,15.0,0.1,0.1,43.464259,1776234465000
1776234467.803,167.803,0.26,13.64,0.25,15.0,0.36,10.0,0.38,15.0,0.64,10.0,0.62,15.0,0.74,13.64,0.75,15.0,0.1,0.1,43.464248,1776234466000
1776234468.404,168.404,0.26,13.64,0.25,15.0,0.36,10.0,0.38,15.0,0.64,10.0,0.62,15.0,0.74,13.64,0.75,15.0,0.1,0.1,43.464182,1776234467000
1776234469.147,169.147,0.26,13.64,0.25,15.0,0.36,10.0,0.38,15.0,0.64,10.0,0.62,15.0,0.74,13.64,0.75,15.0,0.1,0.1,43.464229,1776234468000
1776234470.594,170.594,0.26,13.64,0.25,15.0,0.36,10.0,0.38,15.0,0.64,10.0,0.62,15.0,0.74,13.64,0.75,15.0,0.1,0.1,43.462705,1776234469000
1776234471.586,171.586,0.26,13.64,0.25,15.0,0.36,10.0,0.38,15.0,0.64,10.0,0.62,15.0,0.74,13.64,0.75,15.0,0.1,0.1,43.462696,1776234470000
1776234472.187,172.187,0.26,13.64,0.25,15.0,0.36,10.0,0.38,15.0,0.64,10.0,0.62,15.0,0.74,13.64,0.75,15.0,0.1,0.1,43.462696,1776234471000
1776234473.635,173.635,0.26,13.64,0.25,15.0,0.36,10.0,0.38,15.0,0.64,10.0,0.62,15.0,0.74,13.64,0.75,15.0,0.1,0.1,43.462877,1776234472000
1776234474.271,174.271,0.26,13.64,0.25,15.0,0.36,10.0,0.38,15.0,0.64,10.0,0.62,15.0,0.74,13.64,0.75,15.0,0.1,0.1,43.463367,1776234473000
1776234475.762,175.762,0.26,13.64,0.25,15.0,0.36,10.0,0.38,15.0,0.64,10.0,0.62,15.0,0.74,13.64,0.75,15.0,0.1,0.1,43.462952,1776234474000
1776234476.513,176.513,0.26,13.64,0.25,15.0,0.36,10.0,0.38,15.0,0.64,10.0,0.62,15.0,0.74,13.64,0.75,15.0,0.1,0.1,43.463135,1776234475000
1776234477.303,177.303,0.26,13.64,0.25,15.0,0.36,10.0,0.38,15.0,0.64,10.0,0.62,15.0,0.74,13.64,0.75,15.0,0.1,0.1,43.463135,1776234476000
1776234478.054,178.054,0.26,13.64,0.25,15.0,0.36,10.0,0.38,15.0,0.64,10.0,0.62,15.0,0.74,13.64,0.75,15.0,0.1,0.1,43.463135,1776234477000
1776234479.118,179.118,0.26,13.64,0.25,15.0,0.36,10.0,0.38,15.0,0.64,10.0,0.62,15.0,0.74,13.64,0.75,15.0,0.1,0.1,43.463135,1776234478000
1776234480.108,180.108,0.26,13.64,0.25,15.0,0.36,10.0,0.38,15.0,0.64,10.0,0.62,15.0,0.74,13.64,0.75,15.0,0.1,0.1,43.463004,1776234479000
1776234481.11,181.11,0.26,13.64,0.25,15.0,0.36,10.0,0.38,15.0,0.64,10.0,0.62,15.0,0.74,13.64,0.75,15.0,0.1,0.1,43.463353,1776234480000
1776234482.066,182.066,0.26,13.64,0.25,15.0,0.36,10.0,0.38,15.0,0.64,10.0,0.62,15.0,0.74,13.64,0.75,15.0,0.1,0.1,43.463439,1776234481000
1776234483.22,183.22,0.26,13.64,0.25,15.0,0.36,10.0,0.38,15.0,0.64,10.0,0.62,15.0,0.74,13.64,0.75,15.0,0.1,0.1,43.463416,1776234482000
1776234484.266,184.266,0.26,13.64,0.25,15.0,0.36,10.0,0.38,15.0,0.64,10.0,0.62,15.0,0.74,13.64,0.75,15.0,0.1,0.1,43.463043,1776234483000
1776234485.357,185.357,0.26,13.64,0.25,15.0,0.36,10.0,0.38,15.0,0.64,10.0,0.62,15.0,0.74,13.64,0.75,15.0,0.1,0.1,43.463889,1776234484000
1776234486.315,186.315,0.26,13.64,0.25,15.0,0.36,10.0,0.38,15.0,0.64,10.0,0.62,15.0,0.74,13.64,0.75,15.0,0.1,0.1,43.463939,1776234485000
1776234487.442,187.442,0.26,13.64,0.25,15.0,0.36,10.0,0.38,15.0,0.64,10.0,0.62,15.0,0.74,13.64,0.75,15.0,0.1,0.1,43.463499,1776234486000
1776234487.911,187.911,0.26,13.64,0.25,15.0,0.36,10.0,0.38,15.0,0.64,10.0,0.62,15.0,0.74,13.64,0.75,15.0,0.1,0.1,43.463499,1776234487000
1776234488.957,188.957,0.26,13.64,0.25,15.0,0.36,10.0,0.38,15.0,0.64,10.0,0.62,15.0,0.74,13.64,0.75,15.0,0.1,0.1,43.463579,1776234488000
1776234489.942,189.942,0.26,13.64,0.25,15.0,0.36,10.0,0.38,15.0,0.64,10.0,0.62,15.0,0.74,13.64,0.75,15.0,0.1,0.1,43.463212,1776234489000
1776234490.921,190.921,0.26,13.64,0.25,15.0,0.36,10.0,0.38,15.0,0.64,10.0,0.62,15.0,0.74,13.64,0.75,15.0,0.1,0.1,43.463092,1776234490000
1776234492.463,192.463,0.26,13.64,0.25,15.0,0.36,10.0,0.38,15.0,0.64,10.0,0.62,15.0,0.74,13.64,0.75,15.0,0.1,0.1,43.463082,1776234491000
1776234493.03,193.03,0.26,13.64,0.25,15.0,0.36,10.0,0.38,15.0,0.64,10.0,0.62,15.0,0.74,13.64,0.75,15.0,0.1,0.1,43.463082,1776234492000
1776234494.123,194.123,0.26,13.64,0.25,15.0,0.36,10.0,0.38,15.0,0.64,10.0,0.62,15.0,0.74,13.64,0.75,15.0,0.1,0.1,43.463929,1776234493000
1776234495.122,195.122,0.26,13.64,0.25,15.0,0.36,10.0,0.38,15.0,0.64,10.0,0.62,15.0,0.74,13.64,0.75,15.0,0.1,0.1,43.463925,1776234494000
1776234496.166,196.166,0.26,13.64,0.25,15.0,0.36,10.0,0.38,15.0,0.64,10.0,0.62,15.0,0.74,13.64,0.75,15.0,0.1,0.1,43.466189,1776234495000
1776234497.121,197.121,0.26,13.64,0.25,15.0,0.36,10.0,0.38,15.0,0.64,10.0,0.62,15.0,0.74,13.64,0.75,15.0,0.1,0.1,43.467476,1776234496000
1776234498.14,198.14,0.26,13.64,0.25,15.0,0.36,10.0,0.38,15.0,0.64,10.0,0.62,15.0,0.74,13.64,0.75,15.0,0.1,0.1,43.467471,1776234497000
1776234499.166,199.166,0.26,13.64,0.25,15.0,0.36,10.0,0.38,15.0,0.64,10.0,0.62,15.0,0.74,13.64,0.75,15.0,0.1,0.1,43.467103,1776234498000
1776234500.303,200.303,0.26,13.64,0.25,15.0,0.36,10.0,0.38,15.0,0.64,10.0,0.62,15.0,0.74,13.64,0.75,15.0,0.1,0.1,43.465339,1776234499000
1776234501.271,201.271,0.26,13.64,0.25,15.0,0.36,10.0,0.38,15.0,0.64,10.0,0.62,15.0,0.74,13.64,0.75,15.0,0.1,0.1,43.451549,1776234500000
1776234502.231,202.231,0.26,13.64,0.25,15.0,0.36,10.0,0.38,15.0,0.64,10.0,0.62,15.0,0.74,13.64,0.75,15.0,0.1,0.1,43.447604,1776234501000
1776234503.178,203.178,0.26,13.64,0.25,15.0,0.36,10.0,0.38,15.0,0.64,10.0,0.62,15.0,0.74,13.64,0.75,15.0,0.1,0.1,43.447009,1776234502000
1776234504.243,204.243,0.26,13.64,0.25,15.0,0.36,10.0,0.38,15.0,0.64,10.0,0.62,15.0,0.74,13.64,0.75,15.0,0.1,0.1,43.446573,1776234503000
1776234505.728,205.728,0.26,13.64,0.25,15.0,0.36,10.0,0.38,15.0,0.64,10.0,0.62,15.0,0.74,13.64,0.75,15.0,0.1,0.1,43.445327,1776234504000
1776234506.341,206.341,0.26,13.64,0.25,15.0,0.36,10.0,0.38,15.0,0.64,10.0,0.62,15.0,0.74,13.64,0.75,15.0,0.1,0.1,43.445327,1776234505000
1776234507.432,207.432,0.26,13.64,0.25,15.0,0.36,10.0,0.38,15.0,0.64,10.0,0.62,15.0,0.74,13.64,0.75,15.0,0.1,0.1,43.445327,1776234506000
1776234508.106,208.106,0.26,13.64,0.25,15.0,0.36,10.0,0.38,15.0,0.64,10.0,0.62,15.0,0.74,13.64,0.75,15.0,0.1,0.1,43.447471,1776234507000
1776234509.227,209.227,0.26,13.64,0.25,15.0,0.36,10.0,0.38,15.0,0.64,10.0,0.62,15.0,0.74,13.64,0.75,15.0,0.1,0.1,43.445018,1776234508000
1776234510.283,210.283,0.26,13.64,0.25,15.0,0.36,10.0,0.38,15.0,0.64,10.0,0.62,15.0,0.74,13.64,0.75,15.0,0.1,0.1,43.448503,1776234509000
1776234511.372,211.372,0.26,13.64,0.25,15.0,0.36,10.0,0.38,15.0,0.64,10.0,0.62,15.0,0.74,13.64,0.75,15.0,0.1,0.1,43.44939,1776234510000
1776234511.887,211.887,0.26,13.64,0.25,15.0,0.36,10.0,0.38,15.0,0.64,10.0,0.62,15.0,0.74,13.64,0.75,15.0,0.1,0.1,43.44939,1776234511000
1776234513.018,213.018,0.26,13.64,0.25,15.0,0.36,10.0,0.38,15.0,0.64,10.0,0.62,15.0,0.74,13.64,0.75,15.0,0.1,0.1,43.448215,1776234512000
1776234514.1,214.1,0.26,13.64,0.25,15.0,0.36,10.0,0.38,15.0,0.64,10.0,0.62,15.0,0.74,13.64,0.75,15.0,0.1,0.1,43.447947,1776234513000
1776234515.161,215.161,0.26,13.64,0.25,15.0,0.36,10.0,0.38,15.0,0.64,10.0,0.62,15.0,0.74,13.64,0.75,15.0,0.1,0.1,43.448416,1776234514000
1776234516.458,216.458,0.26,13.64,0.25,15.0,0.36,10.0,0.38,15.0,0.64,10.0,0.62,15.0,0.74,13.64,0.75,15.0,0.1,0.1,43.448414,1776234515000
1776234516.965,216.965,0.26,13.64,0.25,15.0,0.36,10.0,0.38,15.0,0.64,10.0,0.62,15.0,0.74,13.64,0.75,15.0,0.1,0.1,43.448419,1776234516000
1776234518.115,218.115,0.26,13.64,0.25,15.0,0.36,10.0,0.38,15.0,0.64,10.0,0.62,15.0,0.74,13.64,0.75,15.0,0.1,0.1,43.448008,1776234517000
1776234519.231,219.231,0.26,13.64,0.25,15.0,0.36,10.0,0.38,15.0,0.64,10.0,0.62,15.0,0.74,13.64,0.75,15.0,0.1,0.1,43.448786,1776234518000
1776234520.189,220.189,0.26,13.64,0.25,15.0,0.36,10.0,0.38,15.0,0.64,10.0,0.62,15.0,0.74,13.64,0.75,15.0,0.1,0.1,43.448892,1776234519000
1776234521.242,221.242,0.26,13.64,0.25,15.0,0.36,10.0,0.38,15.0,0.64,10.0,0.62,15.0,0.74,13.64,0.75,15.0,0.1,0.1,43.449055,1776234520000
1776234522.209,222.209,0.26,13.64,0.25,15.0,0.36,10.0,0.38,15.0,0.64,10.0,0.62,15.0,0.74,13.64,0.75,15.0,0.1,0.1,43.449835,1776234521000
1776234523.312,223.312,0.26,13.64,0.25,15.0,0.36,10.0,0.38,15.0,0.64,10.0,0.62,15.0,0.74,13.64,0.75,15.0,0.1,0.1,43.449933,1776234522000
1776234524.357,224.357,0.26,13.64,0.25,15.0,0.36,10.0,0.38,15.0,0.64,10.0,0.62,15.0,0.74,13.64,0.75,15.0,0.1,0.1,43.449841,1776234523000
1776234524.925,224.925,0.26,13.64,0.25,15.0,0.36,10.0,0.38,15.0,0.64,10.0,0.62,15.0,0.74,13.64,0.75,15.0,0.1,0.1,43.449854,1776234524000
1776234526.051,226.051,0.26,13.64,0.25,15.0,0.36,10.0,0.38,15.0,0.64,10.0,0.62,15.0,0.74,13.64,0.75,15.0,0.1,0.1,43.449332,1776234525000
1776234527.092,227.092,0.26,13.64,0.25,15.0,0.36,10.0,0.38,15.0,0.64,10.0,0.62,15.0,0.74,13.64,0.75,15.0,0.1,0.1,43.449508,1776234526000
1776234528.067,228.067,0.26,13.64,0.25,15.0,0.36,10.0,0.38,15.0,0.64,10.0,0.62,15.0,0.74,13.64,0.75,15.0,0.1,0.1,43.451225,1776234527000
1776234529.127,229.127,0.26,13.64,0.25,15.0,0.36,10.0,0.38,15.0,0.64,10.0,0.62,15.0,0.74,13.64,0.75,15.0,0.1,0.1,43.456611,1776234528000
1776234530.27,230.27,0.26,13.64,0.25,15.0,0.36,10.0,0.38,15.0,0.64,10.0,0.62,15.0,0.74,13.64,0.75,15.0,0.1,0.1,43.457275,1776234529000
1776234531.285,231.285,0.26,13.64,0.25,15.0,0.36,10.0,0.38,15.0,0.64,10.0,0.62,15.0,0.74,13.64,0.75,15.0,0.1,0.1,43.458975,1776234530000
1776234532.401,232.401,0.26,13.64,0.25,15.0,0.36,10.0,0.38,15.0,0.64,10.0,0.62,15.0,0.74,13.64,0.75,15.0,0.1,0.1,43.459307,1776234531000
1776234534.192,234.192,0.26,13.64,0.25,15.0,0.36,10.0,0.38,15.0,0.64,10.0,0.62,15.0,0.74,13.64,0.75,15.0,0.1,0.1,43.459585,1776234533000
1776234535.697,235.697,0.26,13.64,0.25,15.0,0.36,10.0,0.38,15.0,0.64,10.0,0.62,15.0,0.74,13.64,0.75,15.0,0.1,0.1,43.459404,1776234534000
1776234536.454,236.454,0.26,13.64,0.25,15.0,0.36,10.0,0.38,15.0,0.64,10.0,0.62,15.0,0.74,13.64,0.75,15.0,0.1,0.1,43.459467,1776234535000
1776234537.119,237.119,0.26,13.64,0.25,15.0,0.36,10.0,0.38,15.0,0.64,10.0,0.62,15.0,0.74,13.64,0.75,15.0,0.1,0.1,43.459011,1776234536000
1776234538.022,238.022,0.26,13.64,0.25,15.0,0.36,10.0,0.38,15.0,0.64,10.0,0.62,15.0,0.74,13.64,0.75,15.0,0.1,0.1,43.459011,1776234537000
1776234539.429,239.429,0.26,13.64,0.25,15.0,0.36,10.0,0.38,15.0,0.64,10.0,0.62,15.0,0.74,13.64,0.75,15.0,0.1,0.1,43.459899,1776234538000
1776234540.117,240.117,0.26,13.64,0.25,15.0,0.36,10.0,0.38,15.0,0.64,10.0,0.62,15.0,0.74,13.64,0.75,15.0,0.1,0.1,43.461832,1776234539000
1776234541.511,241.511,0.26,13.64,0.25,15.0,0.36,10.0,0.38,15.0,0.64,10.0,0.62,15.0,0.74,13.64,0.75,15.0,0.1,0.1,43.461831,1776234540000
1776234541.884,241.884,0.11,15.0,0.1,15.0,0.5,4.06,0.62,15.0,0.64,10.0,0.62,15.0,0.74,13.64,0.75,15.0,0.39,0.1,43.461831,1776234540000
1776234542.431,242.431,0.11,15.0,0.1,15.0,0.5,0.63,0.62,15.0,0.75,5.03,0.5,4.06,0.89,15.0,0.9,200.0,0.39,0.14,43.461831,1776234540000
1776234543.229,243.229,0.11,15.0,0.1,15.0,0.62,5.63,0.63,15.0,0.38,5.63,0.37,15.0,0.89,15.0,0.9,15.0,0.51,0.51,43.483916,1776234542000
1776234544.706,244.706,0.11,15.0,0.1,15.0,0.62,5.63,0.63,15.0,0.38,5.63,0.37,15.0,0.89,15.0,0.9,15.0,0.51,0.51,43.497273,1776234543000
1776234545.61,245.61,0.11,15.0,0.1,15.0,0.62,5.63,0.63,15.0,0.38,5.63,0.37,15.0,0.89,15.0,0.9,15.0,0.51,0.51,43.499054,1776234544000
1776234546.496,246.496,0.11,15.0,0.1,15.0,0.62,5.63,0.63,15.0,0.38,5.63,0.37,15.0,0.89,15.0,0.9,15.0,0.51,0.51,43.496316,1776234545000
1776234547.236,247.236,0.11,15.0,0.1,15.0,0.62,5.63,0.63,15.0,0.38,5.63,0.37,15.0,0.89,15.0,0.9,15.0,0.51,0.51,43.495525,1776234546000
1776234548.921,248.921,0.11,15.0,0.1,15.0,0.62,5.63,0.63,15.0,0.38,5.63,0.37,15.0,0.89,15.0,0.9,15.0,0.51,0.51,43.496375,1776234547000
1776234549.791,249.791,0.26,10.0,0.18,15.0,0.43,0.79,0.62,5.63,0.57,0.79,0.38,5.63,0.74,10.0,0.82,15.0,0.17,0.17,43.491339,1776234548000
1776234550.417,250.417,0.26,10.0,0.18,15.0,0.43,0.79,0.62,5.63,0.57,0.79,0.38,5.63,0.74,10.0,0.82,15.0,0.17,0.17,43.485161,1776234549000
1776234551.119,251.119,0.26,10.0,0.18,15.0,0.43,0.79,0.62,5.63,0.57,0.79,0.38,5.63,0.74,10.0,0.82,15.0,0.17,0.17,43.484328,1776234550000
1776234552.617,252.617,0.26,10.0,0.18,15.0,0.43,0.79,0.62,5.63,0.57,0.79,0.38,5.63,0.74,10.0,0.82,15.0,0.17,0.17,43.485288,1776234551000
1776234554.772,254.772,0.26,10.0,0.18,15.0,0.43,0.79,0.62,5.63,0.57,0.79,0.38,5.63,0.74,10.0,0.82,15.0,0.17,0.17,43.488904,1776234553000
1776234555.209,255.209,0.26,10.0,0.18,15.0,0.43,0.79,0.62,5.63,0.57,0.79,0.38,5.63,0.74,10.0,0.82,15.0,0.17,0.17,43.489028,1776234554000
1776234556.212,256.212,0.26,10.0,0.18,15.0,0.43,0.79,0.62,5.63,0.57,0.79,0.38,5.63,0.74,10.0,0.82,15.0,0.17,0.17,43.489031,1776234555000
1776234557.163,257.163,0.26,10.0,0.18,15.0,0.43,0.79,0.62,5.63,0.57,0.79,0.38,5.63,0.74,10.0,0.82,15.0,0.17,0.17,43.488618,1776234556000
1776234557.413,257.413,0.18,11.37,0.17,15.0,0.26,10.0,0.54,51.0,0.57,0.79,0.38,5.63,0.74,10.0,0.82,15.0,0.08,0.17,43.488618,1776234556000
1776234557.636,257.636,0.19,8.97,0.18,11.37,0.31,10.0,0.54,15.0,0.74,10.0,0.46,51.0,0.82,11.37,0.83,15.0,0.12,0.08,43.488618,1776234556000
1776234558.214,258.214,0.19,8.97,0.18,11.37,0.31,10.0,0.54,15.0,0.69,10.0,0.46,15.0,0.81,8.97,0.82,11.37,0.12,0.12,43.489233,1776234557000
1776234559.258,259.258,0.23,10.0,0.19,62.97,0.4,0.1,0.53,15.0,0.6,0.1,0.47,15.0,0.77,10.0,0.81,62.97,0.17,0.17,43.488318,1776234558000
1776234560.178,260.178,0.23,10.0,0.19,62.97,0.4,0.1,0.53,15.0,0.6,0.1,0.47,15.0,0.77,10.0,0.81,62.97,0.17,0.17,43.488735,1776234559000
1776234560.408,260.408,0.14,15.0,0.13,15.0,0.48,15.0,0.49,15.0,0.6,0.1,0.47,15.0,0.77,10.0,0.81,62.97,0.34,0.17,43.488735,1776234559000
1776234561.188,261.188,0.14,15.0,0.13,15.0,0.48,15.0,0.49,15.0,0.52,15.0,0.51,15.0,0.86,15.0,0.87,15.0,0.34,0.34,43.489391,1776234560000
1776234562.116,262.116,0.14,15.0,0.13,15.0,0.48,15.0,0.49,15.0,0.52,15.0,0.51,15.0,0.86,15.0,0.87,15.0,0.34,0.34,43.484256,1776234561000
1776234563.079,263.079,0.14,15.0,0.13,15.0,0.48,15.0,0.49,15.0,0.52,15.0,0.51,15.0,0.86,15.0,0.87,15.0,0.34,0.34,43.481138,1776234562000
1776234564.077,264.077,0.14,15.0,0.13,15.0,0.48,15.0,0.49,15.0,0.52,15.0,0.51,15.0,0.86,15.0,0.87,15.0,0.34,0.34,43.48172,1776234563000
1776234565.025,265.025,0.14,15.0,0.13,15.0,0.48,15.0,0.49,15.0,0.52,15.0,0.51,15.0,0.86,15.0,0.87,15.0,0.34,0.34,43.482105,1776234564000
1776234566.067,266.067,0.14,15.0,0.13,15.0,0.48,15.0,0.49,15.0,0.52,15.0,0.51,15.0,0.86,15.0,0.87,15.0,0.34,0.34,43.481929,1776234565000
1776234567.613,267.613,0.14,15.0,0.13,15.0,0.48,15.0,0.49,15.0,0.52,15.0,0.51,15.0,0.86,15.0,0.87,15.0,0.34,0.34,43.481929,1776234566000
1776234568.687,268.687,0.14,15.0,0.13,15.0,0.48,15.0,0.49,15.0,0.52,15.0,0.51,15.0,0.86,15.0,0.87,15.0,0.34,0.34,43.482606,1776234567000
1776234569.406,269.406,0.14,15.0,0.13,15.0,0.48,15.0,0.49,15.0,0.52,15.0,0.51,15.0,0.86,15.0,0.87,15.0,0.34,0.34,43.488306,1776234568000
1776234569.966,269.966,0.14,15.0,0.13,15.0,0.48,15.0,0.49,15.0,0.52,15.0,0.51,15.0,0.86,15.0,0.87,15.0,0.34,0.34,43.488476,1776234569000
1776234571.877,271.877,0.14,15.0,0.13,15.0,0.48,15.0,0.49,15.0,0.52,15.0,0.51,15.0,0.86,15.0,0.87,15.0,0.34,0.34,43.488874,1776234570000
1776234572.817,272.817,0.14,15.0,0.13,15.0,0.48,15.0,0.49,15.0,0.52,15.0,0.51,15.0,0.86,15.0,0.87,15.0,0.34,0.34,43.48889,1776234571000
1776234573.737,273.737,0.14,15.0,0.13,15.0,0.48,15.0,0.49,15.0,0.52,15.0,0.51,15.0,0.86,15.0,0.87,15.0,0.34,0.34,43.488786,1776234572000
1776234574.438,274.438,0.14,15.0,0.13,15.0,0.48,15.0,0.49,15.0,0.52,15.0,0.51,15.0,0.86,15.0,0.87,15.0,0.34,0.34,43.488619,1776234573000
1776234575.153,275.153,0.14,15.0,0.13,15.0,0.48,15.0,0.49,15.0,0.52,15.0,0.51,15.0,0.86,15.0,0.87,15.0,0.34,0.34,43.488619,1776234574000
1776234575.464,275.464,0.16,6.46,0.05,67.0,0.33,10.0,0.95,100.0,0.52,15.0,0.51,15.0,0.86,15.0,0.87,15.0,0.17,0.34,43.488619,1776234574000
1776234576.64,276.64,0.16,6.46,0.05,67.0,0.33,10.0,0.95,100.0,0.67,10.0,0.05,100.0,0.84,6.46,0.95,67.0,0.17,0.17,43.489035,1776234575000
1776234577.383,277.383,0.16,6.46,0.05,67.0,0.33,10.0,0.95,100.0,0.67,10.0,0.05,100.0,0.84,6.46,0.95,67.0,0.17,0.17,43.489098,1776234576000
1776234578.059,278.059,0.16,6.46,0.05,67.0,0.33,10.0,0.95,100.0,0.67,10.0,0.05,100.0,0.84,6.46,0.95,67.0,0.17,0.17,43.488259,1776234577000
1776234579.599,279.599,0.16,6.46,0.05,67.0,0.33,10.0,0.95,100.0,0.67,10.0,0.05,100.0,0.84,6.46,0.95,67.0,0.17,0.17,43.48767,1776234578000
1776234580.455,280.455,0.16,6.46,0.05,67.0,0.33,10.0,0.95,100.0,0.67,10.0,0.05,100.0,0.84,6.46,0.95,67.0,0.17,0.17,43.487508,1776234579000
1776234581.272,281.272,0.16,6.46,0.05,67.0,0.33,10.0,0.95,100.0,0.67,10.0,0.05,100.0,0.84,6.46,0.95,67.0,0.17,0.17,43.487656,1776234580000
1776234581.583,281.583,0.33,10.0,0.04,5.0,0.5,2.08,0.9,100.0,0.67,10.0,0.05,100.0,0.84,6.46,0.95,67.0,0.17,0.17,43.487656,1776234580000
1776234582.85,282.85,0.33,10.0,0.04,5.0,0.5,2.08,0.9,100.0,0.5,2.08,0.1,100.0,0.67,10.0,0.96,5.0,0.17,0.17,43.487695,1776234581000
1776234583.656,283.656,0.33,10.0,0.04,5.0,0.5,2.08,0.9,100.0,0.5,2.08,0.1,100.0,0.67,10.0,0.96,5.0,0.17,0.17,43.488154,1776234582000
1776234584.299,284.299,0.33,10.0,0.04,5.0,0.5,2.08,0.9,100.0,0.5,2.08,0.1,100.0,0.67,10.0,0.96,5.0,0.17,0.17,43.488605,1776234583000
1776234584.949,284.949,0.04,5.0,0.02,110.0,0.5,10.0,0.9,100.0,0.5,2.08,0.1,100.0,0.67,10.0,0.96,5.0,0.46,0.17,43.488605,1776234583000
1776234585.166,285.166,0.04,5.0,0.02,110.0,0.5,10.0,0.9,100.0,0.5,10.0,0.1,100.0,0.96,5.0,0.98,110.0,0.46,0.46,43.488606,1776234584000
1776234586.633,286.633,0.04,1.9,0.02,110.0,0.2,10.0,0.9,512.0,0.75,10.0,0.1,100.0,0.92,9.27,0.96,5.0,0.16,0.17,43.488606,1776234584000
1776234587.808,287.808,0.04,1.9,0.02,110.0,0.2,10.0,0.9,512.0,0.8,10.0,0.1,512.0,0.96,1.9,0.98,110.0,0.16,0.16,43.487799,1776234586000
1776234588.313,288.313,0.04,1.9,0.02,110.0,0.2,10.0,0.9,512.0,0.8,10.0,0.1,512.0,0.96,1.9,0.98,110.0,0.16,0.16,43.484249,1776234587000
1776234588.808,288.808,0.04,1.9,0.02,110.0,0.2,10.0,0.9,512.0,0.8,10.0,0.1,512.0,0.96,1.9,0.98,110.0,0.16,0.16,43.48337,1776234588000
1776234590.325,290.325,0.04,1.9,0.02,110.0,0.2,10.0,0.9,512.0,0.8,10.0,0.1,512.0,0.96,1.9,0.98,110.0,0.16,0.16,43.483019,1776234589000
1776234591.284,291.284,0.01,182.9,,,0.12,10.0,0.85,100.0,0.88,10.0,0.15,100.0,0.99,182.9,,,0.11,0.11,43.481621,1776234590000
1776234592.213,292.213,0.01,182.9,,,0.12,10.0,0.85,100.0,0.88,10.0,0.15,100.0,0.99,182.9,,,0.11,0.11,43.481243,1776234591000
1776234593.198,293.198,0.01,182.9,,,0.12,10.0,0.85,100.0,0.88,10.0,0.15,100.0,0.99,182.9,,,0.11,0.11,43.4814,1776234592000
1776234594.22,294.22,0.01,182.9,,,0.12,10.0,0.85,100.0,0.88,10.0,0.15,100.0,0.99,182.9,,,0.11,0.11,43.480457,1776234593000
1776234595.18,295.18,0.01,182.9,,,0.12,10.0,0.85,100.0,0.88,10.0,0.15,100.0,0.99,182.9,,,0.11,0.11,43.480116,1776234594000
1776234595.425,295.425,0.01,167.74,,,0.09,10.0,0.85,100.0,0.88,10.0,0.15,100.0,0.99,182.9,,,0.08,0.11,43.480116,1776234594000
1776234596.184,296.184,0.01,167.74,,,0.09,10.0,0.85,100.0,0.91,10.0,0.15,100.0,0.99,167.74,,,0.08,0.08,43.479992,1776234595000
1776234596.444,296.444,0.01,66.63,,,0.09,10.0,0.96,5.0,0.91,10.0,0.15,100.0,0.99,167.74,,,0.08,0.08,43.479992,1776234595000
1776234597.165,297.165,0.01,66.63,,,0.09,10.0,0.96,5.0,0.91,10.0,0.04,5.0,0.99,66.63,,,0.08,0.08,43.480334,1776234596000
1776234597.429,297.429,0.01,55.42,,,0.1,10.0,0.96,5.0,0.9,10.0,0.04,5.0,0.99,56.53,,,0.09,0.09,43.480334,1776234596000
1776234598.13,298.13,0.01,34.42,,,0.09,10.0,0.39,6.0,0.9,10.0,0.04,5.0,0.99,45.42,,,0.08,0.09,43.480334,1776234596000
1776234598.466,298.466,,,,,0.01,74.74,0.09,10.0,0.91,10.0,0.61,6.0,0.99,29.42,,,,0.08,43.48026,1776234597000
1776234599.11,299.11,,,,,0.01,74.74,0.09,10.0,0.99,74.74,0.91,10.0,,,,,,,43.480534,1776234598000
1776234600.317,300.317,,,,,0.01,24.74,0.09,10.0,0.99,74.74,0.91,10.0,,,,,,,43.480534,1776234598000
1776234600.717,300.717,,,,,0.01,24.74,0.09,10.0,0.99,24.74,0.91,10.0,,,,,,,43.479652,1776234599000

# RESULT,winner=Down,slug=hype-updown-5m-1776234300,ticks=313
