timestamp,elapsed_sec,up_bid_p1,up_bid_s1,up_bid_p2,up_bid_s2,up_bid_p3,up_bid_s3,up_bid_p4,up_bid_s4,up_bid_p5,up_bid_s5,up_ask_p1,up_ask_s1,up_ask_p2,up_ask_s2,up_ask_p3,up_ask_s3,up_ask_p4,up_ask_s4,up_ask_p5,up_ask_s5,down_bid_p1,down_bid_s1,down_bid_p2,down_bid_s2,down_bid_p3,down_bid_s3,down_bid_p4,down_bid_s4,down_bid_p5,down_bid_s5,down_ask_p1,down_ask_s1,down_ask_p2,down_ask_s2,down_ask_p3,down_ask_s3,down_ask_p4,down_ask_s4,down_ask_p5,down_ask_s5,up_spread,down_spread,hype_price,hype_oracle_ts
1776165611.557,11.557,0.46,10.0,0.44,5.0,0.42,5.0,0.41,17.0,0.4,5.0,0.5,10.0,0.57,5.0,0.63,10.0,0.64,13.0,0.66,5.0,0.5,10.0,0.43,5.0,0.37,10.0,0.36,13.0,0.34,5.0,0.54,10.0,0.56,5.0,0.58,5.0,0.59,17.0,0.6,5.0,0.04,0.04,44.982377,1776165609000
1776165611.833,11.833,0.46,10.0,0.44,5.0,0.42,5.0,0.41,17.0,0.4,5.0,0.5,10.0,0.57,5.0,0.63,10.0,0.64,13.0,0.66,5.0,0.5,10.0,0.43,5.0,0.37,10.0,0.36,13.0,0.34,5.0,0.54,10.0,0.56,5.0,0.58,5.0,0.59,17.0,0.6,5.0,0.04,0.04,44.982986,1776165610000
1776165612.074,12.074,0.46,10.0,0.42,10.0,0.41,17.0,0.4,5.0,0.39,5.0,0.5,10.0,0.55,5.0,0.63,10.0,0.64,13.0,0.66,5.0,0.5,10.0,0.43,5.0,0.37,10.0,0.36,13.0,0.34,5.0,0.54,10.0,0.56,5.0,0.58,5.0,0.59,17.0,0.6,5.0,0.04,0.04,44.982986,1776165610000
1776165612.58,12.58,0.46,10.0,0.42,10.0,0.41,17.0,0.4,5.0,0.39,5.0,0.5,10.0,0.55,5.0,0.63,10.0,0.64,13.0,0.66,5.0,0.5,10.0,0.45,5.0,0.37,10.0,0.36,13.0,0.34,5.0,0.54,10.0,0.58,10.0,0.59,17.0,0.6,5.0,0.61,5.0,0.04,0.04,44.982986,1776165611000
1776165613.35,13.35,0.46,10.0,0.42,10.0,0.41,17.0,0.4,5.0,0.39,5.0,0.5,10.0,0.55,5.0,0.63,10.0,0.64,13.0,0.66,5.0,0.5,10.0,0.45,5.0,0.37,10.0,0.36,13.0,0.34,5.0,0.54,10.0,0.58,10.0,0.59,17.0,0.6,5.0,0.61,5.0,0.04,0.04,44.981968,1776165612000
1776165614.111,14.111,0.46,10.0,0.42,10.0,0.41,17.0,0.4,5.0,0.39,5.0,0.5,10.0,0.55,5.0,0.63,10.0,0.64,13.0,0.66,5.0,0.5,10.0,0.45,5.0,0.37,10.0,0.36,13.0,0.34,5.0,0.54,10.0,0.58,10.0,0.59,17.0,0.6,5.0,0.61,5.0,0.04,0.04,44.982326,1776165613000
1776165615.696,15.696,0.46,10.0,0.42,10.0,0.41,17.0,0.4,5.0,0.39,5.0,0.5,10.0,0.55,5.0,0.63,10.0,0.64,13.0,0.66,5.0,0.5,10.0,0.45,5.0,0.37,10.0,0.36,13.0,0.34,5.0,0.54,10.0,0.58,10.0,0.59,17.0,0.6,5.0,0.61,5.0,0.04,0.04,44.991647,1776165614000
1776165616.436,16.436,0.46,10.0,0.42,10.0,0.41,17.0,0.4,5.0,0.39,5.0,0.5,10.0,0.55,5.0,0.63,10.0,0.64,13.0,0.66,5.0,0.5,10.0,0.45,5.0,0.37,10.0,0.36,13.0,0.34,5.0,0.54,10.0,0.58,10.0,0.59,17.0,0.6,5.0,0.61,5.0,0.04,0.04,44.983759,1776165615000
1776165617.2,17.2,0.46,10.0,0.42,10.0,0.41,17.0,0.4,5.0,0.39,5.0,0.5,10.0,0.55,5.0,0.63,10.0,0.64,13.0,0.66,5.0,0.5,10.0,0.45,5.0,0.37,10.0,0.36,13.0,0.34,5.0,0.54,10.0,0.58,10.0,0.59,17.0,0.6,5.0,0.61,5.0,0.04,0.04,44.983566,1776165616000
1776165618.778,18.778,0.46,10.0,0.42,10.0,0.41,17.0,0.4,5.0,0.39,5.0,0.5,10.0,0.55,5.0,0.63,10.0,0.64,13.0,0.66,5.0,0.5,10.0,0.45,5.0,0.37,10.0,0.36,13.0,0.34,5.0,0.54,10.0,0.58,10.0,0.59,17.0,0.6,5.0,0.61,5.0,0.04,0.04,44.983599,1776165617000
1776165619.586,19.586,0.46,10.0,0.42,10.0,0.41,17.0,0.4,5.0,0.39,5.0,0.5,10.0,0.55,5.0,0.63,10.0,0.64,13.0,0.66,5.0,0.5,10.0,0.45,5.0,0.37,10.0,0.36,13.0,0.34,5.0,0.54,10.0,0.58,10.0,0.59,17.0,0.6,5.0,0.61,5.0,0.04,0.04,44.983599,1776165618000
1776165620.278,20.278,0.46,10.0,0.42,10.0,0.41,17.0,0.4,5.0,0.39,5.0,0.5,10.0,0.55,5.0,0.63,10.0,0.64,13.0,0.66,5.0,0.5,10.0,0.45,5.0,0.37,10.0,0.36,13.0,0.34,5.0,0.54,10.0,0.58,10.0,0.59,17.0,0.6,5.0,0.61,5.0,0.04,0.04,44.983746,1776165619000
1776165621.811,21.811,0.46,10.0,0.42,10.0,0.41,17.0,0.4,5.0,0.39,5.0,0.5,10.0,0.55,5.0,0.63,10.0,0.64,13.0,0.66,5.0,0.5,10.0,0.45,5.0,0.37,10.0,0.36,13.0,0.34,5.0,0.54,10.0,0.58,10.0,0.59,17.0,0.6,5.0,0.61,5.0,0.04,0.04,44.983658,1776165620000
1776165622.625,22.625,0.46,10.0,0.42,10.0,0.41,17.0,0.4,5.0,0.39,5.0,0.5,10.0,0.55,5.0,0.63,10.0,0.64,13.0,0.66,5.0,0.5,10.0,0.45,5.0,0.37,10.0,0.36,13.0,0.34,5.0,0.54,10.0,0.58,10.0,0.59,17.0,0.6,5.0,0.61,5.0,0.04,0.04,44.993135,1776165621000
1776165623.348,23.348,0.49,10.0,0.48,15.26,0.46,5.0,0.45,5.0,0.44,5.0,0.55,5.0,0.66,10.0,0.7,5.0,0.71,5.0,0.72,22.0,0.5,10.0,0.45,5.0,0.37,10.0,0.36,13.0,0.34,5.0,0.54,10.0,0.58,10.0,0.59,17.0,0.6,5.0,0.61,5.0,0.06,0.04,44.993135,1776165621000
1776165623.675,23.675,0.49,10.0,0.48,15.26,0.46,5.0,0.45,5.0,0.44,5.0,0.55,5.0,0.66,10.0,0.7,5.0,0.71,5.0,0.72,22.0,0.45,5.0,0.34,10.0,0.3,5.0,0.29,5.0,0.28,22.0,0.51,10.0,0.52,15.26,0.54,5.0,0.55,5.0,0.56,5.0,0.06,0.06,44.98586,1776165622000
1776165624.119,24.119,0.49,10.0,0.48,15.26,0.46,5.0,0.45,5.0,0.44,5.0,0.55,5.0,0.66,10.0,0.7,5.0,0.71,5.0,0.72,22.0,0.45,5.0,0.34,10.0,0.3,5.0,0.29,5.0,0.28,22.0,0.51,10.0,0.52,15.26,0.54,5.0,0.55,5.0,0.56,5.0,0.06,0.06,44.985886,1776165623000
1776165625.207,25.207,0.49,10.0,0.48,15.26,0.46,5.0,0.45,5.0,0.44,5.0,0.55,5.0,0.66,10.0,0.7,5.0,0.71,5.0,0.72,22.0,0.45,5.0,0.34,10.0,0.3,5.0,0.29,5.0,0.28,22.0,0.51,10.0,0.52,15.26,0.54,5.0,0.55,5.0,0.56,5.0,0.06,0.06,44.986846,1776165624000
1776165626.16,26.16,0.49,10.0,0.48,15.26,0.46,5.0,0.45,5.0,0.44,5.0,0.55,5.0,0.66,10.0,0.7,5.0,0.71,5.0,0.72,22.0,0.45,5.0,0.34,10.0,0.3,5.0,0.29,5.0,0.28,22.0,0.51,10.0,0.52,15.26,0.54,5.0,0.55,5.0,0.56,5.0,0.06,0.06,44.99025,1776165625000
1776165627.041,27.041,0.49,10.0,0.48,15.26,0.46,5.0,0.45,5.0,0.44,5.0,0.55,5.0,0.66,10.0,0.7,5.0,0.71,5.0,0.72,22.0,0.45,5.0,0.34,10.0,0.3,5.0,0.29,5.0,0.28,22.0,0.51,10.0,0.52,15.26,0.54,5.0,0.55,5.0,0.56,5.0,0.06,0.06,44.98363,1776165626000
1776165628.084,28.084,0.49,10.0,0.48,15.26,0.46,5.0,0.45,5.0,0.44,5.0,0.55,5.0,0.66,10.0,0.7,5.0,0.71,5.0,0.72,22.0,0.45,5.0,0.34,10.0,0.3,5.0,0.29,5.0,0.28,22.0,0.51,10.0,0.52,15.26,0.54,5.0,0.55,5.0,0.56,5.0,0.06,0.06,44.98306,1776165627000
1776165628.985,28.985,0.49,10.0,0.48,15.26,0.46,5.0,0.45,5.0,0.44,5.0,0.55,5.0,0.66,10.0,0.7,5.0,0.71,5.0,0.72,22.0,0.45,5.0,0.34,10.0,0.3,5.0,0.29,5.0,0.28,22.0,0.51,10.0,0.52,15.26,0.54,5.0,0.55,5.0,0.56,5.0,0.06,0.06,44.983756,1776165628000
1776165630.044,30.044,0.49,10.0,0.48,15.26,0.46,5.0,0.45,5.0,0.44,5.0,0.55,5.0,0.66,10.0,0.7,5.0,0.71,5.0,0.72,22.0,0.45,5.0,0.34,10.0,0.3,5.0,0.29,5.0,0.28,22.0,0.51,10.0,0.52,15.26,0.54,5.0,0.55,5.0,0.56,5.0,0.06,0.06,44.988282,1776165629000
1776165630.872,30.872,0.49,10.0,0.48,15.26,0.46,5.0,0.45,5.0,0.44,5.0,0.55,5.0,0.66,10.0,0.7,5.0,0.71,5.0,0.72,22.0,0.45,5.0,0.34,10.0,0.3,5.0,0.29,5.0,0.28,22.0,0.51,10.0,0.52,15.26,0.54,5.0,0.55,5.0,0.56,5.0,0.06,0.06,44.983333,1776165630000
1776165631.863,31.863,0.49,10.0,0.48,15.26,0.46,5.0,0.45,5.0,0.44,5.0,0.55,5.0,0.66,10.0,0.7,5.0,0.71,5.0,0.72,22.0,0.45,5.0,0.34,10.0,0.3,5.0,0.29,5.0,0.28,22.0,0.51,10.0,0.52,15.26,0.54,5.0,0.55,5.0,0.56,5.0,0.06,0.06,44.986075,1776165631000
1776165632.837,32.837,0.43,1.14,0.42,5.0,0.41,17.0,0.4,5.0,0.39,5.0,0.57,5.0,0.67,5.0,0.68,20.0,0.69,5.0,0.7,5.0,0.45,5.0,0.34,10.0,0.3,5.0,0.29,5.0,0.28,22.0,0.51,10.0,0.52,15.26,0.54,5.0,0.55,5.0,0.56,5.0,0.14,0.06,44.986075,1776165631000
1776165634.345,34.345,0.43,1.14,0.42,5.0,0.41,17.0,0.4,5.0,0.39,5.0,0.57,5.0,0.67,5.0,0.68,20.0,0.69,5.0,0.7,5.0,0.43,5.0,0.33,5.0,0.32,20.0,0.31,5.0,0.3,5.0,0.57,1.14,0.58,5.0,0.59,17.0,0.6,5.0,0.61,5.0,0.14,0.14,44.983574,1776165633000
1776165635.206,35.206,0.43,1.14,0.42,5.0,0.41,17.0,0.4,5.0,0.39,5.0,0.57,5.0,0.67,5.0,0.68,20.0,0.69,5.0,0.7,5.0,0.43,5.0,0.33,5.0,0.32,20.0,0.31,5.0,0.3,5.0,0.57,1.14,0.58,5.0,0.59,17.0,0.6,5.0,0.61,5.0,0.14,0.14,44.983629,1776165634000
1776165636.292,36.292,0.43,1.14,0.42,5.0,0.41,17.0,0.4,5.0,0.39,5.0,0.57,5.0,0.67,5.0,0.68,20.0,0.69,5.0,0.7,5.0,0.43,5.0,0.33,5.0,0.32,20.0,0.31,5.0,0.3,5.0,0.57,1.14,0.58,5.0,0.59,17.0,0.6,5.0,0.61,5.0,0.14,0.14,44.983454,1776165635000
1776165637.268,37.268,0.43,1.14,0.42,5.0,0.41,17.0,0.4,5.0,0.39,5.0,0.57,5.0,0.67,5.0,0.68,20.0,0.69,5.0,0.7,5.0,0.43,5.0,0.33,5.0,0.32,20.0,0.31,5.0,0.3,5.0,0.57,1.14,0.58,5.0,0.59,17.0,0.6,5.0,0.61,5.0,0.14,0.14,44.983764,1776165636000
1776165638.287,38.287,0.43,1.14,0.42,5.0,0.41,17.0,0.4,5.0,0.39,5.0,0.57,5.0,0.67,5.0,0.68,20.0,0.69,5.0,0.7,5.0,0.43,5.0,0.33,5.0,0.32,20.0,0.31,5.0,0.3,5.0,0.57,1.14,0.58,5.0,0.59,17.0,0.6,5.0,0.61,5.0,0.14,0.14,44.991677,1776165637000
1776165639.265,39.265,0.43,1.14,0.42,5.0,0.41,17.0,0.4,5.0,0.39,5.0,0.57,5.0,0.67,5.0,0.68,20.0,0.69,5.0,0.7,5.0,0.43,5.0,0.33,5.0,0.32,20.0,0.31,5.0,0.3,5.0,0.57,1.14,0.58,5.0,0.59,17.0,0.6,5.0,0.61,5.0,0.14,0.14,44.991271,1776165638000
1776165640.253,40.253,0.24,16.09,0.16,15.0,0.15,15.0,0.14,15.0,0.13,15.0,0.51,10.0,0.57,34.0,0.83,15.0,0.84,15.0,0.85,15.0,0.49,10.0,0.43,34.0,0.17,15.0,0.16,15.0,0.15,15.0,0.76,16.09,0.84,15.0,0.85,15.0,0.86,15.0,0.87,15.0,0.27,0.27,44.99023,1776165639000
1776165641.306,41.306,0.24,16.09,0.16,15.0,0.15,15.0,0.14,15.0,0.13,15.0,0.51,10.0,0.57,34.0,0.83,15.0,0.84,15.0,0.85,15.0,0.49,10.0,0.43,34.0,0.17,15.0,0.16,15.0,0.15,15.0,0.76,16.09,0.84,15.0,0.85,15.0,0.86,15.0,0.87,15.0,0.27,0.27,44.980429,1776165640000
1776165642.265,42.265,0.24,16.09,0.16,15.0,0.15,15.0,0.14,15.0,0.13,15.0,0.51,10.0,0.57,34.0,0.83,15.0,0.84,15.0,0.85,15.0,0.49,10.0,0.43,34.0,0.17,15.0,0.16,15.0,0.15,15.0,0.76,16.09,0.84,15.0,0.85,15.0,0.86,15.0,0.87,15.0,0.27,0.27,44.969327,1776165641000
1776165643.32,43.32,0.24,16.09,0.16,15.0,0.15,15.0,0.14,15.0,0.13,15.0,0.51,10.0,0.57,34.0,0.83,15.0,0.84,15.0,0.85,15.0,0.49,10.0,0.43,34.0,0.17,15.0,0.16,15.0,0.15,15.0,0.76,16.09,0.84,15.0,0.85,15.0,0.86,15.0,0.87,15.0,0.27,0.27,44.970542,1776165642000
1776165644.185,44.185,0.24,16.09,0.16,15.0,0.15,15.0,0.14,15.0,0.13,15.0,0.51,10.0,0.57,34.0,0.83,15.0,0.84,15.0,0.85,15.0,0.49,10.0,0.43,34.0,0.17,15.0,0.16,15.0,0.15,15.0,0.76,16.09,0.84,15.0,0.85,15.0,0.86,15.0,0.87,15.0,0.27,0.27,44.969299,1776165643000
1776165645.242,45.242,0.24,16.09,0.16,15.0,0.15,15.0,0.14,15.0,0.13,15.0,0.51,10.0,0.57,34.0,0.83,15.0,0.84,15.0,0.85,15.0,0.49,10.0,0.43,34.0,0.17,15.0,0.16,15.0,0.15,15.0,0.76,16.09,0.84,15.0,0.85,15.0,0.86,15.0,0.87,15.0,0.27,0.27,44.968795,1776165644000
1776165646.212,46.212,0.24,16.09,0.16,15.0,0.15,15.0,0.14,15.0,0.13,15.0,0.51,10.0,0.57,34.0,0.83,15.0,0.84,15.0,0.85,15.0,0.49,10.0,0.43,34.0,0.17,15.0,0.16,15.0,0.15,15.0,0.76,16.09,0.84,15.0,0.85,15.0,0.86,15.0,0.87,15.0,0.27,0.27,44.968795,1776165645000
1776165647.268,47.268,0.24,16.09,0.16,15.0,0.15,15.0,0.14,15.0,0.13,15.0,0.51,10.0,0.57,34.0,0.83,15.0,0.84,15.0,0.85,15.0,0.49,10.0,0.43,34.0,0.17,15.0,0.16,15.0,0.15,15.0,0.76,16.09,0.84,15.0,0.85,15.0,0.86,15.0,0.87,15.0,0.27,0.27,44.96879,1776165646000
1776165648.166,48.166,0.24,16.09,0.16,15.0,0.15,15.0,0.14,15.0,0.13,15.0,0.51,10.0,0.57,34.0,0.83,15.0,0.84,15.0,0.85,15.0,0.49,10.0,0.43,34.0,0.17,15.0,0.16,15.0,0.15,15.0,0.76,16.09,0.84,15.0,0.85,15.0,0.86,15.0,0.87,15.0,0.27,0.27,44.968654,1776165647000
1776165649.102,49.102,0.24,16.09,0.16,15.0,0.15,15.0,0.14,15.0,0.13,15.0,0.51,10.0,0.57,34.0,0.83,15.0,0.84,15.0,0.85,15.0,0.49,10.0,0.43,34.0,0.17,15.0,0.16,15.0,0.15,15.0,0.76,16.09,0.84,15.0,0.85,15.0,0.86,15.0,0.87,15.0,0.27,0.27,44.968654,1776165648000
1776165650.2,50.2,0.24,16.09,0.16,15.0,0.15,15.0,0.14,15.0,0.13,15.0,0.51,10.0,0.57,34.0,0.83,15.0,0.84,15.0,0.85,15.0,0.49,10.0,0.43,34.0,0.17,15.0,0.16,15.0,0.15,15.0,0.76,16.09,0.84,15.0,0.85,15.0,0.86,15.0,0.87,15.0,0.27,0.27,44.967813,1776165649000
1776165651.227,51.227,0.24,16.09,0.16,15.0,0.15,15.0,0.14,15.0,0.13,15.0,0.51,10.0,0.57,34.0,0.83,15.0,0.84,15.0,0.85,15.0,0.49,10.0,0.43,34.0,0.17,15.0,0.16,15.0,0.15,15.0,0.76,16.09,0.84,15.0,0.85,15.0,0.86,15.0,0.87,15.0,0.27,0.27,44.969991,1776165650000
1776165652.369,52.369,0.24,16.09,0.16,15.0,0.15,15.0,0.14,15.0,0.13,15.0,0.51,10.0,0.57,34.0,0.83,15.0,0.84,15.0,0.85,15.0,0.49,10.0,0.43,34.0,0.17,15.0,0.16,15.0,0.15,15.0,0.76,16.09,0.84,15.0,0.85,15.0,0.86,15.0,0.87,15.0,0.27,0.27,44.973965,1776165651000
1776165652.938,52.938,0.24,16.09,0.16,15.0,0.15,15.0,0.14,15.0,0.13,15.0,0.51,10.0,0.57,34.0,0.83,15.0,0.84,15.0,0.85,15.0,0.49,10.0,0.43,34.0,0.17,15.0,0.16,15.0,0.15,15.0,0.76,16.09,0.84,15.0,0.85,15.0,0.86,15.0,0.87,15.0,0.27,0.27,44.974065,1776165652000
1776165654.004,54.004,0.24,16.09,0.16,15.0,0.15,15.0,0.14,15.0,0.13,15.0,0.51,10.0,0.57,34.0,0.83,15.0,0.84,15.0,0.85,15.0,0.49,10.0,0.43,34.0,0.17,15.0,0.16,15.0,0.15,15.0,0.76,16.09,0.84,15.0,0.85,15.0,0.86,15.0,0.87,15.0,0.27,0.27,44.974234,1776165653000
1776165655.008,55.008,0.24,16.09,0.16,15.0,0.15,15.0,0.14,15.0,0.13,15.0,0.51,10.0,0.57,34.0,0.83,15.0,0.84,15.0,0.85,15.0,0.49,10.0,0.43,34.0,0.17,15.0,0.16,15.0,0.15,15.0,0.76,16.09,0.84,15.0,0.85,15.0,0.86,15.0,0.87,15.0,0.27,0.27,44.974258,1776165654000
1776165656.05,56.05,0.24,16.09,0.16,15.0,0.15,15.0,0.14,15.0,0.13,15.0,0.51,10.0,0.57,34.0,0.83,15.0,0.84,15.0,0.85,15.0,0.49,10.0,0.43,34.0,0.17,15.0,0.16,15.0,0.15,15.0,0.76,16.09,0.84,15.0,0.85,15.0,0.86,15.0,0.87,15.0,0.27,0.27,44.973847,1776165655000
1776165657.235,57.235,0.24,16.09,0.16,15.0,0.15,15.0,0.14,15.0,0.13,15.0,0.51,10.0,0.57,34.0,0.83,15.0,0.84,15.0,0.85,15.0,0.49,10.0,0.43,34.0,0.17,15.0,0.16,15.0,0.15,15.0,0.76,16.09,0.84,15.0,0.85,15.0,0.86,15.0,0.87,15.0,0.27,0.27,44.973847,1776165656000
1776165658.274,58.274,0.24,16.09,0.16,15.0,0.15,15.0,0.14,15.0,0.13,15.0,0.51,10.0,0.57,34.0,0.83,15.0,0.84,15.0,0.85,15.0,0.49,10.0,0.43,34.0,0.17,15.0,0.16,15.0,0.15,15.0,0.76,16.09,0.84,15.0,0.85,15.0,0.86,15.0,0.87,15.0,0.27,0.27,44.975805,1776165657000
1776165659.478,59.478,0.24,16.09,0.16,15.0,0.15,15.0,0.14,15.0,0.13,15.0,0.51,10.0,0.57,34.0,0.83,15.0,0.84,15.0,0.85,15.0,0.49,10.0,0.43,34.0,0.17,15.0,0.16,15.0,0.15,15.0,0.76,16.09,0.84,15.0,0.85,15.0,0.86,15.0,0.87,15.0,0.27,0.27,44.975809,1776165658000
1776165659.955,59.955,0.24,16.09,0.16,15.0,0.15,15.0,0.14,15.0,0.13,15.0,0.51,10.0,0.57,34.0,0.83,15.0,0.84,15.0,0.85,15.0,0.49,10.0,0.43,34.0,0.17,15.0,0.16,15.0,0.15,15.0,0.76,16.09,0.84,15.0,0.85,15.0,0.86,15.0,0.87,15.0,0.27,0.27,44.975809,1776165659000
1776165661.244,61.244,0.24,16.09,0.16,15.0,0.15,15.0,0.14,15.0,0.13,15.0,0.51,10.0,0.57,34.0,0.83,15.0,0.84,15.0,0.85,15.0,0.49,10.0,0.43,34.0,0.17,15.0,0.16,15.0,0.15,15.0,0.76,16.09,0.84,15.0,0.85,15.0,0.86,15.0,0.87,15.0,0.27,0.27,44.973316,1776165660000
1776165662.415,62.415,0.24,16.09,0.16,15.0,0.15,15.0,0.14,15.0,0.13,15.0,0.51,10.0,0.57,34.0,0.83,15.0,0.84,15.0,0.85,15.0,0.49,10.0,0.43,34.0,0.17,15.0,0.16,15.0,0.15,15.0,0.76,16.09,0.84,15.0,0.85,15.0,0.86,15.0,0.87,15.0,0.27,0.27,44.97329,1776165661000
1776165663.494,63.494,0.24,16.09,0.16,15.0,0.15,15.0,0.14,15.0,0.13,15.0,0.51,10.0,0.57,34.0,0.83,15.0,0.84,15.0,0.85,15.0,0.49,10.0,0.43,34.0,0.17,15.0,0.16,15.0,0.15,15.0,0.76,16.09,0.84,15.0,0.85,15.0,0.86,15.0,0.87,15.0,0.27,0.27,44.973085,1776165662000
1776165664.225,64.225,0.24,16.09,0.16,15.0,0.15,15.0,0.14,15.0,0.13,15.0,0.51,10.0,0.57,34.0,0.83,15.0,0.84,15.0,0.85,15.0,0.49,10.0,0.43,34.0,0.17,15.0,0.16,15.0,0.15,15.0,0.76,16.09,0.84,15.0,0.85,15.0,0.86,15.0,0.87,15.0,0.27,0.27,44.972604,1776165663000
1776165665.674,65.674,0.24,16.09,0.16,15.0,0.15,15.0,0.14,15.0,0.13,15.0,0.51,10.0,0.57,34.0,0.83,15.0,0.84,15.0,0.85,15.0,0.49,10.0,0.43,34.0,0.17,15.0,0.16,15.0,0.15,15.0,0.76,16.09,0.84,15.0,0.85,15.0,0.86,15.0,0.87,15.0,0.27,0.27,44.976467,1776165664000
1776165666.454,66.454,0.24,16.09,0.16,15.0,0.15,15.0,0.14,15.0,0.13,15.0,0.51,10.0,0.57,34.0,0.83,15.0,0.84,15.0,0.85,15.0,0.49,10.0,0.43,34.0,0.17,15.0,0.16,15.0,0.15,15.0,0.76,16.09,0.84,15.0,0.85,15.0,0.86,15.0,0.87,15.0,0.27,0.27,44.976633,1776165665000
1776165667.052,67.052,0.24,16.09,0.16,15.0,0.15,15.0,0.14,15.0,0.13,15.0,0.51,10.0,0.57,34.0,0.83,15.0,0.84,15.0,0.85,15.0,0.49,10.0,0.43,34.0,0.17,15.0,0.16,15.0,0.15,15.0,0.76,16.09,0.84,15.0,0.85,15.0,0.86,15.0,0.87,15.0,0.27,0.27,44.976463,1776165666000
1776165668.356,68.356,0.24,16.09,0.16,15.0,0.15,15.0,0.14,15.0,0.13,15.0,0.51,10.0,0.57,34.0,0.83,15.0,0.84,15.0,0.85,15.0,0.49,10.0,0.43,34.0,0.17,15.0,0.16,15.0,0.15,15.0,0.76,16.09,0.84,15.0,0.85,15.0,0.86,15.0,0.87,15.0,0.27,0.27,44.974414,1776165667000
1776165669.033,69.033,0.24,16.09,0.16,15.0,0.15,15.0,0.14,15.0,0.13,15.0,0.51,10.0,0.57,34.0,0.83,15.0,0.84,15.0,0.85,15.0,0.49,10.0,0.43,34.0,0.17,15.0,0.16,15.0,0.15,15.0,0.76,16.09,0.84,15.0,0.85,15.0,0.86,15.0,0.87,15.0,0.27,0.27,44.974414,1776165668000
1776165670.232,70.232,0.24,16.09,0.16,15.0,0.15,15.0,0.14,15.0,0.13,15.0,0.51,10.0,0.57,34.0,0.83,15.0,0.84,15.0,0.85,15.0,0.49,10.0,0.43,34.0,0.17,15.0,0.16,15.0,0.15,15.0,0.76,16.09,0.84,15.0,0.85,15.0,0.86,15.0,0.87,15.0,0.27,0.27,44.97152,1776165669000
1776165671.501,71.501,0.24,16.09,0.16,15.0,0.15,15.0,0.14,15.0,0.13,15.0,0.51,10.0,0.57,34.0,0.83,15.0,0.84,15.0,0.85,15.0,0.49,10.0,0.43,34.0,0.17,15.0,0.16,15.0,0.15,15.0,0.76,16.09,0.84,15.0,0.85,15.0,0.86,15.0,0.87,15.0,0.27,0.27,44.965227,1776165670000
1776165672.269,72.269,0.24,16.09,0.16,15.0,0.15,15.0,0.14,15.0,0.13,15.0,0.51,10.0,0.57,34.0,0.83,15.0,0.84,15.0,0.85,15.0,0.49,10.0,0.43,34.0,0.17,15.0,0.16,15.0,0.15,15.0,0.76,16.09,0.84,15.0,0.85,15.0,0.86,15.0,0.87,15.0,0.27,0.27,44.964266,1776165671000
1776165673.625,73.625,0.24,16.09,0.16,15.0,0.15,15.0,0.14,15.0,0.13,15.0,0.51,10.0,0.57,34.0,0.83,15.0,0.84,15.0,0.85,15.0,0.49,10.0,0.43,34.0,0.17,15.0,0.16,15.0,0.15,15.0,0.76,16.09,0.84,15.0,0.85,15.0,0.86,15.0,0.87,15.0,0.27,0.27,44.964485,1776165672000
1776165674.231,74.231,0.24,16.09,0.16,15.0,0.15,15.0,0.14,15.0,0.13,15.0,0.51,10.0,0.57,34.0,0.83,15.0,0.84,15.0,0.85,15.0,0.49,10.0,0.43,34.0,0.17,15.0,0.16,15.0,0.15,15.0,0.76,16.09,0.84,15.0,0.85,15.0,0.86,15.0,0.87,15.0,0.27,0.27,44.962231,1776165673000
1776165675.622,75.622,0.24,16.09,0.16,15.0,0.15,15.0,0.14,15.0,0.13,15.0,0.51,10.0,0.57,34.0,0.83,15.0,0.84,15.0,0.85,15.0,0.49,10.0,0.43,34.0,0.17,15.0,0.16,15.0,0.15,15.0,0.76,16.09,0.84,15.0,0.85,15.0,0.86,15.0,0.87,15.0,0.27,0.27,44.961748,1776165674000
1776165676.277,76.277,0.24,16.09,0.16,15.0,0.15,15.0,0.14,15.0,0.13,15.0,0.51,10.0,0.57,34.0,0.83,15.0,0.84,15.0,0.85,15.0,0.49,10.0,0.43,34.0,0.17,15.0,0.16,15.0,0.15,15.0,0.76,16.09,0.84,15.0,0.85,15.0,0.86,15.0,0.87,15.0,0.27,0.27,44.961881,1776165675000
1776165677.664,77.664,0.24,16.09,0.16,15.0,0.15,15.0,0.14,15.0,0.13,15.0,0.51,10.0,0.57,34.0,0.83,15.0,0.84,15.0,0.85,15.0,0.49,10.0,0.43,34.0,0.17,15.0,0.16,15.0,0.15,15.0,0.76,16.09,0.84,15.0,0.85,15.0,0.86,15.0,0.87,15.0,0.27,0.27,44.962154,1776165676000
1776165678.312,78.312,0.24,16.09,0.16,15.0,0.15,15.0,0.14,15.0,0.13,15.0,0.51,10.0,0.57,34.0,0.83,15.0,0.84,15.0,0.85,15.0,0.49,10.0,0.43,34.0,0.17,15.0,0.16,15.0,0.15,15.0,0.76,16.09,0.84,15.0,0.85,15.0,0.86,15.0,0.87,15.0,0.27,0.27,44.962535,1776165677000
1776165679.678,79.678,0.24,16.09,0.16,15.0,0.15,15.0,0.14,15.0,0.13,15.0,0.51,10.0,0.57,34.0,0.83,15.0,0.84,15.0,0.85,15.0,0.49,10.0,0.43,34.0,0.17,15.0,0.16,15.0,0.15,15.0,0.76,16.09,0.84,15.0,0.85,15.0,0.86,15.0,0.87,15.0,0.27,0.27,44.96252,1776165678000
1776165680.719,80.719,0.24,16.09,0.16,15.0,0.15,15.0,0.14,15.0,0.13,15.0,0.51,10.0,0.57,34.0,0.83,15.0,0.84,15.0,0.85,15.0,0.49,10.0,0.43,34.0,0.17,15.0,0.16,15.0,0.15,15.0,0.76,16.09,0.84,15.0,0.85,15.0,0.86,15.0,0.87,15.0,0.27,0.27,44.962431,1776165679000
1776165681.168,81.168,0.24,16.09,0.16,15.0,0.15,15.0,0.14,15.0,0.13,15.0,0.51,10.0,0.57,34.0,0.83,15.0,0.84,15.0,0.85,15.0,0.49,10.0,0.43,34.0,0.17,15.0,0.16,15.0,0.15,15.0,0.76,16.09,0.84,15.0,0.85,15.0,0.86,15.0,0.87,15.0,0.27,0.27,44.963282,1776165680000
1776165682.237,82.237,0.24,16.09,0.16,15.0,0.15,15.0,0.14,15.0,0.13,15.0,0.51,10.0,0.57,34.0,0.83,15.0,0.84,15.0,0.85,15.0,0.49,10.0,0.43,34.0,0.17,15.0,0.16,15.0,0.15,15.0,0.76,16.09,0.84,15.0,0.85,15.0,0.86,15.0,0.87,15.0,0.27,0.27,44.96271,1776165681000
1776165683.3,83.3,0.24,16.09,0.16,15.0,0.15,15.0,0.14,15.0,0.13,15.0,0.51,10.0,0.57,34.0,0.83,15.0,0.84,15.0,0.85,15.0,0.49,10.0,0.43,34.0,0.17,15.0,0.16,15.0,0.15,15.0,0.76,16.09,0.84,15.0,0.85,15.0,0.86,15.0,0.87,15.0,0.27,0.27,44.962646,1776165682000
1776165684.339,84.339,0.24,16.09,0.16,15.0,0.15,15.0,0.14,15.0,0.13,15.0,0.51,10.0,0.57,34.0,0.83,15.0,0.84,15.0,0.85,15.0,0.49,10.0,0.43,34.0,0.17,15.0,0.16,15.0,0.15,15.0,0.76,16.09,0.84,15.0,0.85,15.0,0.86,15.0,0.87,15.0,0.27,0.27,44.962344,1776165683000
1776165684.909,84.909,0.24,16.09,0.16,15.0,0.15,15.0,0.14,15.0,0.13,15.0,0.51,10.0,0.57,34.0,0.83,15.0,0.84,15.0,0.85,15.0,0.49,10.0,0.43,34.0,0.17,15.0,0.16,15.0,0.15,15.0,0.76,16.09,0.84,15.0,0.85,15.0,0.86,15.0,0.87,15.0,0.27,0.27,44.962146,1776165684000
1776165685.827,85.827,0.24,16.09,0.16,15.0,0.15,15.0,0.14,15.0,0.13,15.0,0.51,10.0,0.57,34.0,0.83,15.0,0.84,15.0,0.85,15.0,0.49,10.0,0.43,34.0,0.17,15.0,0.16,15.0,0.15,15.0,0.76,16.09,0.84,15.0,0.85,15.0,0.86,15.0,0.87,15.0,0.27,0.27,44.961732,1776165685000
1776165687.446,87.446,0.24,16.09,0.16,15.0,0.15,15.0,0.14,15.0,0.13,15.0,0.51,10.0,0.57,34.0,0.83,15.0,0.84,15.0,0.85,15.0,0.49,10.0,0.43,34.0,0.17,15.0,0.16,15.0,0.15,15.0,0.76,16.09,0.84,15.0,0.85,15.0,0.86,15.0,0.87,15.0,0.27,0.27,44.962149,1776165686000
1776165687.997,87.997,0.24,16.09,0.16,15.0,0.15,15.0,0.14,15.0,0.13,15.0,0.51,10.0,0.57,34.0,0.83,15.0,0.84,15.0,0.85,15.0,0.49,10.0,0.43,34.0,0.17,15.0,0.16,15.0,0.15,15.0,0.76,16.09,0.84,15.0,0.85,15.0,0.86,15.0,0.87,15.0,0.27,0.27,44.96211,1776165687000
1776165689.097,89.097,0.24,16.09,0.16,15.0,0.15,15.0,0.14,15.0,0.13,15.0,0.51,10.0,0.57,34.0,0.83,15.0,0.84,15.0,0.85,15.0,0.49,10.0,0.43,34.0,0.17,15.0,0.16,15.0,0.15,15.0,0.76,16.09,0.84,15.0,0.85,15.0,0.86,15.0,0.87,15.0,0.27,0.27,44.962206,1776165688000
1776165690.051,90.051,0.24,16.09,0.16,15.0,0.15,15.0,0.14,15.0,0.13,15.0,0.51,10.0,0.57,34.0,0.83,15.0,0.84,15.0,0.85,15.0,0.49,10.0,0.43,34.0,0.17,15.0,0.16,15.0,0.15,15.0,0.76,16.09,0.84,15.0,0.85,15.0,0.86,15.0,0.87,15.0,0.27,0.27,44.960228,1776165689000
1776165690.949,90.949,0.24,16.09,0.16,15.0,0.15,15.0,0.14,15.0,0.13,15.0,0.51,10.0,0.57,34.0,0.83,15.0,0.84,15.0,0.85,15.0,0.49,10.0,0.43,34.0,0.17,15.0,0.16,15.0,0.15,15.0,0.76,16.09,0.84,15.0,0.85,15.0,0.86,15.0,0.87,15.0,0.27,0.27,44.960166,1776165690000
1776165692.059,92.059,0.24,16.09,0.16,15.0,0.15,15.0,0.14,15.0,0.13,15.0,0.51,10.0,0.57,34.0,0.83,15.0,0.84,15.0,0.85,15.0,0.49,10.0,0.43,34.0,0.17,15.0,0.16,15.0,0.15,15.0,0.76,16.09,0.84,15.0,0.85,15.0,0.86,15.0,0.87,15.0,0.27,0.27,44.96071,1776165691000
1776165693.14,93.14,0.24,16.09,0.16,15.0,0.15,15.0,0.14,15.0,0.13,15.0,0.51,10.0,0.57,34.0,0.83,15.0,0.84,15.0,0.85,15.0,0.49,10.0,0.43,34.0,0.17,15.0,0.16,15.0,0.15,15.0,0.76,16.09,0.84,15.0,0.85,15.0,0.86,15.0,0.87,15.0,0.27,0.27,44.960566,1776165692000
1776165693.957,93.957,0.24,16.09,0.16,15.0,0.15,15.0,0.14,15.0,0.13,15.0,0.51,10.0,0.57,34.0,0.83,15.0,0.84,15.0,0.85,15.0,0.49,10.0,0.43,34.0,0.17,15.0,0.16,15.0,0.15,15.0,0.76,16.09,0.84,15.0,0.85,15.0,0.86,15.0,0.87,15.0,0.27,0.27,44.960566,1776165693000
1776165695.595,95.595,0.24,16.09,0.16,15.0,0.15,15.0,0.14,15.0,0.13,15.0,0.51,10.0,0.57,34.0,0.83,15.0,0.84,15.0,0.85,15.0,0.49,10.0,0.43,34.0,0.17,15.0,0.16,15.0,0.15,15.0,0.76,16.09,0.84,15.0,0.85,15.0,0.86,15.0,0.87,15.0,0.27,0.27,44.962194,1776165694000
1776165696.203,96.203,0.24,16.09,0.16,15.0,0.15,15.0,0.14,15.0,0.13,15.0,0.51,10.0,0.57,34.0,0.83,15.0,0.84,15.0,0.85,15.0,0.49,10.0,0.43,34.0,0.17,15.0,0.16,15.0,0.15,15.0,0.76,16.09,0.84,15.0,0.85,15.0,0.86,15.0,0.87,15.0,0.27,0.27,44.968797,1776165695000
1776165697.308,97.308,0.24,16.09,0.16,15.0,0.15,15.0,0.14,15.0,0.13,15.0,0.51,10.0,0.57,34.0,0.83,15.0,0.84,15.0,0.85,15.0,0.49,10.0,0.43,34.0,0.17,15.0,0.16,15.0,0.15,15.0,0.76,16.09,0.84,15.0,0.85,15.0,0.86,15.0,0.87,15.0,0.27,0.27,44.967781,1776165696000
1776165698.365,98.365,0.24,16.09,0.16,15.0,0.15,15.0,0.14,15.0,0.13,15.0,0.51,10.0,0.57,34.0,0.83,15.0,0.84,15.0,0.85,15.0,0.49,10.0,0.43,34.0,0.17,15.0,0.16,15.0,0.15,15.0,0.76,16.09,0.84,15.0,0.85,15.0,0.86,15.0,0.87,15.0,0.27,0.27,44.967722,1776165697000
1776165699.466,99.466,0.24,16.09,0.16,15.0,0.15,15.0,0.14,15.0,0.13,15.0,0.51,10.0,0.57,34.0,0.83,15.0,0.84,15.0,0.85,15.0,0.49,10.0,0.43,34.0,0.17,15.0,0.16,15.0,0.15,15.0,0.76,16.09,0.84,15.0,0.85,15.0,0.86,15.0,0.87,15.0,0.27,0.27,44.968054,1776165698000
1776165699.993,99.993,0.24,16.09,0.16,15.0,0.15,15.0,0.14,15.0,0.13,15.0,0.51,10.0,0.57,34.0,0.83,15.0,0.84,15.0,0.85,15.0,0.49,10.0,0.43,34.0,0.17,15.0,0.16,15.0,0.15,15.0,0.76,16.09,0.84,15.0,0.85,15.0,0.86,15.0,0.87,15.0,0.27,0.27,44.968054,1776165699000
1776165701.396,101.396,0.24,16.09,0.16,15.0,0.15,15.0,0.14,15.0,0.13,15.0,0.51,10.0,0.57,34.0,0.83,15.0,0.84,15.0,0.85,15.0,0.49,10.0,0.43,34.0,0.17,15.0,0.16,15.0,0.15,15.0,0.76,16.09,0.84,15.0,0.85,15.0,0.86,15.0,0.87,15.0,0.27,0.27,44.971874,1776165700000
1776165701.93,101.93,0.24,16.09,0.16,15.0,0.15,15.0,0.14,15.0,0.13,15.0,0.51,10.0,0.57,34.0,0.83,15.0,0.84,15.0,0.85,15.0,0.49,10.0,0.43,34.0,0.17,15.0,0.16,15.0,0.15,15.0,0.76,16.09,0.84,15.0,0.85,15.0,0.86,15.0,0.87,15.0,0.27,0.27,44.971541,1776165701000
1776165702.992,102.992,0.24,16.09,0.16,15.0,0.15,15.0,0.14,15.0,0.13,15.0,0.51,10.0,0.57,34.0,0.83,15.0,0.84,15.0,0.85,15.0,0.49,10.0,0.43,34.0,0.17,15.0,0.16,15.0,0.15,15.0,0.76,16.09,0.84,15.0,0.85,15.0,0.86,15.0,0.87,15.0,0.27,0.27,44.968516,1776165702000
1776165704.329,104.329,0.24,16.09,0.16,15.0,0.15,15.0,0.14,15.0,0.13,15.0,0.51,10.0,0.57,34.0,0.83,15.0,0.84,15.0,0.85,15.0,0.49,10.0,0.43,34.0,0.17,15.0,0.16,15.0,0.15,15.0,0.76,16.09,0.84,15.0,0.85,15.0,0.86,15.0,0.87,15.0,0.27,0.27,44.971875,1776165703000
1776165705.365,105.365,0.24,16.09,0.16,15.0,0.15,15.0,0.14,15.0,0.13,15.0,0.51,10.0,0.57,34.0,0.83,15.0,0.84,15.0,0.85,15.0,0.49,10.0,0.43,34.0,0.17,15.0,0.16,15.0,0.15,15.0,0.76,16.09,0.84,15.0,0.85,15.0,0.86,15.0,0.87,15.0,0.27,0.27,44.96782,1776165704000
1776165706.564,106.564,0.24,16.09,0.16,15.0,0.15,15.0,0.14,15.0,0.13,15.0,0.51,10.0,0.57,34.0,0.83,15.0,0.84,15.0,0.85,15.0,0.49,10.0,0.43,34.0,0.17,15.0,0.16,15.0,0.15,15.0,0.76,16.09,0.84,15.0,0.85,15.0,0.86,15.0,0.87,15.0,0.27,0.27,44.971949,1776165705000
1776165707.075,107.075,0.24,16.09,0.16,15.0,0.15,15.0,0.14,15.0,0.13,15.0,0.51,10.0,0.57,34.0,0.83,15.0,0.84,15.0,0.85,15.0,0.49,10.0,0.43,34.0,0.17,15.0,0.16,15.0,0.15,15.0,0.76,16.09,0.84,15.0,0.85,15.0,0.86,15.0,0.87,15.0,0.27,0.27,44.972432,1776165706000
1776165708.156,108.156,0.24,16.09,0.16,15.0,0.15,15.0,0.14,15.0,0.13,15.0,0.51,10.0,0.57,34.0,0.83,15.0,0.84,15.0,0.85,15.0,0.49,10.0,0.43,34.0,0.17,15.0,0.16,15.0,0.15,15.0,0.76,16.09,0.84,15.0,0.85,15.0,0.86,15.0,0.87,15.0,0.27,0.27,44.972119,1776165707000
1776165709.178,109.178,0.24,16.09,0.16,15.0,0.15,15.0,0.14,15.0,0.13,15.0,0.51,10.0,0.57,34.0,0.83,15.0,0.84,15.0,0.85,15.0,0.49,10.0,0.43,34.0,0.17,15.0,0.16,15.0,0.15,15.0,0.76,16.09,0.84,15.0,0.85,15.0,0.86,15.0,0.87,15.0,0.27,0.27,44.971883,1776165708000
1776165710.082,110.082,0.24,16.09,0.16,15.0,0.15,15.0,0.14,15.0,0.13,15.0,0.51,10.0,0.57,34.0,0.83,15.0,0.84,15.0,0.85,15.0,0.49,10.0,0.43,34.0,0.17,15.0,0.16,15.0,0.15,15.0,0.76,16.09,0.84,15.0,0.85,15.0,0.86,15.0,0.87,15.0,0.27,0.27,44.963824,1776165709000
1776165711.063,111.063,0.24,16.09,0.16,15.0,0.15,15.0,0.14,15.0,0.13,15.0,0.51,10.0,0.57,34.0,0.83,15.0,0.84,15.0,0.85,15.0,0.49,10.0,0.43,34.0,0.17,15.0,0.16,15.0,0.15,15.0,0.76,16.09,0.84,15.0,0.85,15.0,0.86,15.0,0.87,15.0,0.27,0.27,44.96357,1776165710000
1776165712.699,112.699,0.24,16.09,0.16,15.0,0.15,15.0,0.14,15.0,0.13,15.0,0.51,10.0,0.57,34.0,0.83,15.0,0.84,15.0,0.85,15.0,0.49,10.0,0.43,34.0,0.17,15.0,0.16,15.0,0.15,15.0,0.76,16.09,0.84,15.0,0.85,15.0,0.86,15.0,0.87,15.0,0.27,0.27,44.963495,1776165711000
1776165713.161,113.161,0.24,16.09,0.16,15.0,0.15,15.0,0.14,15.0,0.13,15.0,0.51,10.0,0.57,34.0,0.83,15.0,0.84,15.0,0.85,15.0,0.49,10.0,0.43,34.0,0.17,15.0,0.16,15.0,0.15,15.0,0.76,16.09,0.84,15.0,0.85,15.0,0.86,15.0,0.87,15.0,0.27,0.27,44.963495,1776165712000
1776165714.194,114.194,0.24,16.09,0.16,15.0,0.15,15.0,0.14,15.0,0.13,15.0,0.51,10.0,0.57,34.0,0.83,15.0,0.84,15.0,0.85,15.0,0.49,10.0,0.43,34.0,0.17,15.0,0.16,15.0,0.15,15.0,0.76,16.09,0.84,15.0,0.85,15.0,0.86,15.0,0.87,15.0,0.27,0.27,44.963494,1776165713000
1776165715.335,115.335,0.24,16.09,0.16,15.0,0.15,15.0,0.14,15.0,0.13,15.0,0.51,10.0,0.57,34.0,0.83,15.0,0.84,15.0,0.85,15.0,0.49,10.0,0.43,34.0,0.17,15.0,0.16,15.0,0.15,15.0,0.76,16.09,0.84,15.0,0.85,15.0,0.86,15.0,0.87,15.0,0.27,0.27,44.963354,1776165714000
1776165716.406,116.406,0.24,16.09,0.16,15.0,0.15,15.0,0.14,15.0,0.13,15.0,0.51,10.0,0.57,34.0,0.83,15.0,0.84,15.0,0.85,15.0,0.49,10.0,0.43,34.0,0.17,15.0,0.16,15.0,0.15,15.0,0.76,16.09,0.84,15.0,0.85,15.0,0.86,15.0,0.87,15.0,0.27,0.27,44.963179,1776165715000
1776165716.875,116.875,0.24,16.09,0.16,15.0,0.15,15.0,0.14,15.0,0.13,15.0,0.51,10.0,0.57,34.0,0.83,15.0,0.84,15.0,0.85,15.0,0.49,10.0,0.43,34.0,0.17,15.0,0.16,15.0,0.15,15.0,0.76,16.09,0.84,15.0,0.85,15.0,0.86,15.0,0.87,15.0,0.27,0.27,44.963314,1776165716000
1776165717.86,117.86,0.24,16.09,0.16,15.0,0.15,15.0,0.14,15.0,0.13,15.0,0.51,10.0,0.57,34.0,0.83,15.0,0.84,15.0,0.85,15.0,0.49,10.0,0.43,34.0,0.17,15.0,0.16,15.0,0.15,15.0,0.76,16.09,0.84,15.0,0.85,15.0,0.86,15.0,0.87,15.0,0.27,0.27,44.963316,1776165717000
1776165718.968,118.968,0.24,16.09,0.16,15.0,0.15,15.0,0.14,15.0,0.13,15.0,0.51,10.0,0.57,34.0,0.83,15.0,0.84,15.0,0.85,15.0,0.49,10.0,0.43,34.0,0.17,15.0,0.16,15.0,0.15,15.0,0.76,16.09,0.84,15.0,0.85,15.0,0.86,15.0,0.87,15.0,0.27,0.27,44.963182,1776165718000
1776165719.907,119.907,0.24,16.09,0.16,15.0,0.15,15.0,0.14,15.0,0.13,15.0,0.51,10.0,0.57,34.0,0.83,15.0,0.84,15.0,0.85,15.0,0.49,10.0,0.43,34.0,0.17,15.0,0.16,15.0,0.15,15.0,0.76,16.09,0.84,15.0,0.85,15.0,0.86,15.0,0.87,15.0,0.27,0.27,44.963099,1776165719000
1776165720.895,120.895,0.24,16.09,0.16,15.0,0.15,15.0,0.14,15.0,0.13,15.0,0.51,10.0,0.57,34.0,0.83,15.0,0.84,15.0,0.85,15.0,0.49,10.0,0.43,34.0,0.17,15.0,0.16,15.0,0.15,15.0,0.76,16.09,0.84,15.0,0.85,15.0,0.86,15.0,0.87,15.0,0.27,0.27,44.96199,1776165720000
1776165722.769,122.769,0.24,16.09,0.16,15.0,0.15,15.0,0.14,15.0,0.13,15.0,0.51,10.0,0.57,34.0,0.83,15.0,0.84,15.0,0.85,15.0,0.49,10.0,0.43,34.0,0.17,15.0,0.16,15.0,0.15,15.0,0.76,16.09,0.84,15.0,0.85,15.0,0.86,15.0,0.87,15.0,0.27,0.27,44.962443,1776165721000
1776165723.266,123.266,0.24,16.09,0.16,15.0,0.15,15.0,0.14,15.0,0.13,15.0,0.51,10.0,0.57,34.0,0.83,15.0,0.84,15.0,0.85,15.0,0.49,10.0,0.43,34.0,0.17,15.0,0.16,15.0,0.15,15.0,0.76,16.09,0.84,15.0,0.85,15.0,0.86,15.0,0.87,15.0,0.27,0.27,44.962443,1776165722000
1776165724.343,124.343,0.24,16.09,0.16,15.0,0.15,15.0,0.14,15.0,0.13,15.0,0.51,10.0,0.57,34.0,0.83,15.0,0.84,15.0,0.85,15.0,0.49,10.0,0.43,34.0,0.17,15.0,0.16,15.0,0.15,15.0,0.76,16.09,0.84,15.0,0.85,15.0,0.86,15.0,0.87,15.0,0.27,0.27,44.962172,1776165723000
1776165725.342,125.342,0.24,16.09,0.16,15.0,0.15,15.0,0.14,15.0,0.13,15.0,0.51,10.0,0.57,34.0,0.83,15.0,0.84,15.0,0.85,15.0,0.49,10.0,0.43,34.0,0.17,15.0,0.16,15.0,0.15,15.0,0.76,16.09,0.84,15.0,0.85,15.0,0.86,15.0,0.87,15.0,0.27,0.27,44.958323,1776165724000
1776165726.367,126.367,0.24,16.09,0.16,15.0,0.15,15.0,0.14,15.0,0.13,15.0,0.51,10.0,0.57,34.0,0.83,15.0,0.84,15.0,0.85,15.0,0.49,10.0,0.43,34.0,0.17,15.0,0.16,15.0,0.15,15.0,0.76,16.09,0.84,15.0,0.85,15.0,0.86,15.0,0.87,15.0,0.27,0.27,44.956274,1776165725000
1776165726.809,126.809,0.24,16.09,0.16,15.0,0.15,15.0,0.14,15.0,0.13,15.0,0.51,10.0,0.57,34.0,0.83,15.0,0.84,15.0,0.85,15.0,0.49,10.0,0.43,34.0,0.17,15.0,0.16,15.0,0.15,15.0,0.76,16.09,0.84,15.0,0.85,15.0,0.86,15.0,0.87,15.0,0.27,0.27,44.956274,1776165726000
1776165728.368,128.368,0.24,16.09,0.16,15.0,0.15,15.0,0.14,15.0,0.13,15.0,0.51,10.0,0.57,34.0,0.83,15.0,0.84,15.0,0.85,15.0,0.49,10.0,0.43,34.0,0.17,15.0,0.16,15.0,0.15,15.0,0.76,16.09,0.84,15.0,0.85,15.0,0.86,15.0,0.87,15.0,0.27,0.27,44.956275,1776165727000
1776165729.258,129.258,0.24,16.09,0.16,15.0,0.15,15.0,0.14,15.0,0.13,15.0,0.51,10.0,0.57,34.0,0.83,15.0,0.84,15.0,0.85,15.0,0.49,10.0,0.43,34.0,0.17,15.0,0.16,15.0,0.15,15.0,0.76,16.09,0.84,15.0,0.85,15.0,0.86,15.0,0.87,15.0,0.27,0.27,44.956067,1776165728000
1776165730.234,130.234,0.24,16.09,0.16,15.0,0.15,15.0,0.14,15.0,0.13,15.0,0.51,10.0,0.57,34.0,0.83,15.0,0.84,15.0,0.85,15.0,0.49,10.0,0.43,34.0,0.17,15.0,0.16,15.0,0.15,15.0,0.76,16.09,0.84,15.0,0.85,15.0,0.86,15.0,0.87,15.0,0.27,0.27,44.955256,1776165729000
1776165731.229,131.229,0.24,16.09,0.16,15.0,0.15,15.0,0.14,15.0,0.13,15.0,0.51,10.0,0.57,34.0,0.83,15.0,0.84,15.0,0.85,15.0,0.49,10.0,0.43,34.0,0.17,15.0,0.16,15.0,0.15,15.0,0.76,16.09,0.84,15.0,0.85,15.0,0.86,15.0,0.87,15.0,0.27,0.27,44.955121,1776165730000
1776165732.203,132.203,0.24,16.09,0.16,15.0,0.15,15.0,0.14,15.0,0.13,15.0,0.51,10.0,0.57,34.0,0.83,15.0,0.84,15.0,0.85,15.0,0.49,10.0,0.43,34.0,0.17,15.0,0.16,15.0,0.15,15.0,0.76,16.09,0.84,15.0,0.85,15.0,0.86,15.0,0.87,15.0,0.27,0.27,44.954849,1776165731000
1776165733.204,133.204,0.24,16.09,0.16,15.0,0.15,15.0,0.14,15.0,0.13,15.0,0.51,10.0,0.57,34.0,0.83,15.0,0.84,15.0,0.85,15.0,0.49,10.0,0.43,34.0,0.17,15.0,0.16,15.0,0.15,15.0,0.76,16.09,0.84,15.0,0.85,15.0,0.86,15.0,0.87,15.0,0.27,0.27,44.95485,1776165732000
1776165734.164,134.164,0.24,16.09,0.16,15.0,0.15,15.0,0.14,15.0,0.13,15.0,0.51,10.0,0.57,34.0,0.83,15.0,0.84,15.0,0.85,15.0,0.49,10.0,0.43,34.0,0.17,15.0,0.16,15.0,0.15,15.0,0.76,16.09,0.84,15.0,0.85,15.0,0.86,15.0,0.87,15.0,0.27,0.27,44.95512,1776165733000
1776165735.506,135.506,0.24,16.09,0.16,15.0,0.15,15.0,0.14,15.0,0.13,15.0,0.51,10.0,0.57,34.0,0.83,15.0,0.84,15.0,0.85,15.0,0.49,10.0,0.43,34.0,0.17,15.0,0.16,15.0,0.15,15.0,0.76,16.09,0.84,15.0,0.85,15.0,0.86,15.0,0.87,15.0,0.27,0.27,44.956471,1776165734000
1776165736.06,136.06,0.24,16.09,0.16,15.0,0.15,15.0,0.14,15.0,0.13,15.0,0.51,10.0,0.57,34.0,0.83,15.0,0.84,15.0,0.85,15.0,0.49,10.0,0.43,34.0,0.17,15.0,0.16,15.0,0.15,15.0,0.76,16.09,0.84,15.0,0.85,15.0,0.86,15.0,0.87,15.0,0.27,0.27,44.956835,1776165735000
1776165737.079,137.079,0.24,16.09,0.16,15.0,0.15,15.0,0.14,15.0,0.13,15.0,0.51,10.0,0.57,34.0,0.83,15.0,0.84,15.0,0.85,15.0,0.49,10.0,0.43,34.0,0.17,15.0,0.16,15.0,0.15,15.0,0.76,16.09,0.84,15.0,0.85,15.0,0.86,15.0,0.87,15.0,0.27,0.27,44.957864,1776165736000
1776165738.204,138.204,0.24,16.09,0.16,15.0,0.15,15.0,0.14,15.0,0.13,15.0,0.51,10.0,0.57,34.0,0.83,15.0,0.84,15.0,0.85,15.0,0.49,10.0,0.43,34.0,0.17,15.0,0.16,15.0,0.15,15.0,0.76,16.09,0.84,15.0,0.85,15.0,0.86,15.0,0.87,15.0,0.27,0.27,44.962269,1776165737000
1776165739.26,139.26,0.24,16.09,0.16,15.0,0.15,15.0,0.14,15.0,0.13,15.0,0.51,10.0,0.57,34.0,0.83,15.0,0.84,15.0,0.85,15.0,0.49,10.0,0.43,34.0,0.17,15.0,0.16,15.0,0.15,15.0,0.76,16.09,0.84,15.0,0.85,15.0,0.86,15.0,0.87,15.0,0.27,0.27,44.96796,1776165738000
1776165740.4,140.4,0.24,16.09,0.16,15.0,0.15,15.0,0.14,15.0,0.13,15.0,0.51,10.0,0.57,34.0,0.83,15.0,0.84,15.0,0.85,15.0,0.49,10.0,0.43,34.0,0.17,15.0,0.16,15.0,0.15,15.0,0.76,16.09,0.84,15.0,0.85,15.0,0.86,15.0,0.87,15.0,0.27,0.27,44.968272,1776165739000
1776165741.354,141.354,0.24,16.09,0.16,15.0,0.15,15.0,0.14,15.0,0.13,15.0,0.51,10.0,0.57,34.0,0.83,15.0,0.84,15.0,0.85,15.0,0.49,10.0,0.43,34.0,0.17,15.0,0.16,15.0,0.15,15.0,0.76,16.09,0.84,15.0,0.85,15.0,0.86,15.0,0.87,15.0,0.27,0.27,44.968387,1776165740000
1776165741.984,141.984,0.24,16.09,0.16,15.0,0.15,15.0,0.14,15.0,0.13,15.0,0.51,10.0,0.57,34.0,0.83,15.0,0.84,15.0,0.85,15.0,0.49,10.0,0.43,34.0,0.17,15.0,0.16,15.0,0.15,15.0,0.76,16.09,0.84,15.0,0.85,15.0,0.86,15.0,0.87,15.0,0.27,0.27,44.967988,1776165741000
1776165743.045,143.045,0.24,16.09,0.16,15.0,0.15,15.0,0.14,15.0,0.13,15.0,0.51,10.0,0.57,34.0,0.83,15.0,0.84,15.0,0.85,15.0,0.49,10.0,0.43,34.0,0.17,15.0,0.16,15.0,0.15,15.0,0.76,16.09,0.84,15.0,0.85,15.0,0.86,15.0,0.87,15.0,0.27,0.27,44.968006,1776165742000
1776165744.13,144.13,0.24,16.09,0.16,15.0,0.15,15.0,0.14,15.0,0.13,15.0,0.51,10.0,0.57,34.0,0.83,15.0,0.84,15.0,0.85,15.0,0.49,10.0,0.43,34.0,0.17,15.0,0.16,15.0,0.15,15.0,0.76,16.09,0.84,15.0,0.85,15.0,0.86,15.0,0.87,15.0,0.27,0.27,44.96802,1776165743000
1776165745.135,145.135,0.24,16.09,0.16,15.0,0.15,15.0,0.14,15.0,0.13,15.0,0.51,10.0,0.57,34.0,0.83,15.0,0.84,15.0,0.85,15.0,0.49,10.0,0.43,34.0,0.17,15.0,0.16,15.0,0.15,15.0,0.76,16.09,0.84,15.0,0.85,15.0,0.86,15.0,0.87,15.0,0.27,0.27,44.967907,1776165744000
1776165746.15,146.15,0.24,16.09,0.16,15.0,0.15,15.0,0.14,15.0,0.13,15.0,0.51,10.0,0.57,34.0,0.83,15.0,0.84,15.0,0.85,15.0,0.49,10.0,0.43,34.0,0.17,15.0,0.16,15.0,0.15,15.0,0.76,16.09,0.84,15.0,0.85,15.0,0.86,15.0,0.87,15.0,0.27,0.27,44.966967,1776165745000
1776165747.12,147.12,0.24,16.09,0.16,15.0,0.15,15.0,0.14,15.0,0.13,15.0,0.51,10.0,0.57,34.0,0.83,15.0,0.84,15.0,0.85,15.0,0.49,10.0,0.43,34.0,0.17,15.0,0.16,15.0,0.15,15.0,0.76,16.09,0.84,15.0,0.85,15.0,0.86,15.0,0.87,15.0,0.27,0.27,44.966967,1776165746000
1776165748.209,148.209,0.24,16.09,0.16,15.0,0.15,15.0,0.14,15.0,0.13,15.0,0.51,10.0,0.57,34.0,0.83,15.0,0.84,15.0,0.85,15.0,0.49,10.0,0.43,34.0,0.17,15.0,0.16,15.0,0.15,15.0,0.76,16.09,0.84,15.0,0.85,15.0,0.86,15.0,0.87,15.0,0.27,0.27,44.96719,1776165747000
1776165749.428,149.428,0.24,16.09,0.16,15.0,0.15,15.0,0.14,15.0,0.13,15.0,0.51,10.0,0.57,34.0,0.83,15.0,0.84,15.0,0.85,15.0,0.49,10.0,0.43,34.0,0.17,15.0,0.16,15.0,0.15,15.0,0.76,16.09,0.84,15.0,0.85,15.0,0.86,15.0,0.87,15.0,0.27,0.27,44.967069,1776165748000
1776165750.418,150.418,0.24,16.09,0.16,15.0,0.15,15.0,0.14,15.0,0.13,15.0,0.51,10.0,0.57,34.0,0.83,15.0,0.84,15.0,0.85,15.0,0.49,10.0,0.43,34.0,0.17,15.0,0.16,15.0,0.15,15.0,0.76,16.09,0.84,15.0,0.85,15.0,0.86,15.0,0.87,15.0,0.27,0.27,44.967195,1776165749000
1776165751.105,151.105,0.24,16.09,0.16,15.0,0.15,15.0,0.14,15.0,0.13,15.0,0.51,10.0,0.57,34.0,0.83,15.0,0.84,15.0,0.85,15.0,0.49,10.0,0.43,34.0,0.17,15.0,0.16,15.0,0.15,15.0,0.76,16.09,0.84,15.0,0.85,15.0,0.86,15.0,0.87,15.0,0.27,0.27,44.969354,1776165750000
1776165752.34,152.34,0.24,16.09,0.16,15.0,0.15,15.0,0.14,15.0,0.13,15.0,0.51,10.0,0.57,34.0,0.83,15.0,0.84,15.0,0.85,15.0,0.49,10.0,0.43,34.0,0.17,15.0,0.16,15.0,0.15,15.0,0.76,16.09,0.84,15.0,0.85,15.0,0.86,15.0,0.87,15.0,0.27,0.27,44.969354,1776165751000
1776165753.246,153.246,0.36,5.0,0.2,15.0,0.19,15.0,0.18,15.0,0.17,15.0,0.37,41.0,0.43,15.0,0.44,15.0,0.45,15.0,0.46,15.0,0.49,10.0,0.43,34.0,0.17,15.0,0.16,15.0,0.15,15.0,0.76,16.09,0.84,15.0,0.85,15.0,0.86,15.0,0.87,15.0,0.01,0.27,44.969354,1776165751000
1776165754.077,154.077,0.2,15.0,0.19,15.0,0.18,15.0,0.17,15.0,0.16,15.0,0.37,41.0,0.43,15.0,0.44,15.0,0.45,15.0,0.46,15.0,0.63,41.0,0.57,15.0,0.56,15.0,0.55,15.0,0.54,15.0,0.8,15.0,0.81,15.0,0.82,15.0,0.83,15.0,0.84,15.0,0.17,0.17,44.966985,1776165753000
1776165755.223,155.223,0.2,15.0,0.19,15.0,0.18,15.0,0.17,15.0,0.16,15.0,0.37,41.0,0.43,15.0,0.44,15.0,0.45,15.0,0.46,15.0,0.63,41.0,0.57,15.0,0.56,15.0,0.55,15.0,0.54,15.0,0.8,15.0,0.81,15.0,0.82,15.0,0.83,15.0,0.84,15.0,0.17,0.17,44.962849,1776165754000
1776165756.273,156.273,0.2,15.0,0.19,15.0,0.18,15.0,0.17,15.0,0.16,15.0,0.37,41.0,0.43,15.0,0.44,15.0,0.45,15.0,0.46,15.0,0.63,41.0,0.57,15.0,0.56,15.0,0.55,15.0,0.54,15.0,0.8,15.0,0.81,15.0,0.82,15.0,0.83,15.0,0.84,15.0,0.17,0.17,44.955436,1776165755000
1776165757.659,157.659,0.2,15.0,0.19,15.0,0.18,15.0,0.17,15.0,0.16,15.0,0.37,41.0,0.43,15.0,0.44,15.0,0.45,15.0,0.46,15.0,0.63,41.0,0.57,15.0,0.56,15.0,0.55,15.0,0.54,15.0,0.8,15.0,0.81,15.0,0.82,15.0,0.83,15.0,0.84,15.0,0.17,0.17,44.95384,1776165756000
1776165758.223,158.223,0.32,89.0,0.22,37.0,0.21,15.0,0.2,15.0,0.19,15.0,0.44,2.0,0.64,13.0,0.67,15.0,0.68,15.0,0.69,15.0,0.63,41.0,0.57,15.0,0.56,15.0,0.55,15.0,0.54,15.0,0.8,15.0,0.81,15.0,0.82,15.0,0.83,15.0,0.84,15.0,0.12,0.17,44.95384,1776165756000
1776165759.096,159.096,0.58,8.0,0.32,89.0,0.23,15.0,0.22,37.0,0.21,15.0,0.64,13.0,0.67,15.0,0.68,15.0,0.69,15.0,0.7,15.0,0.36,13.0,0.33,15.0,0.32,15.0,0.31,15.0,0.3,15.0,0.42,8.0,0.68,89.0,0.77,15.0,0.78,37.0,0.79,15.0,0.06,0.06,44.953116,1776165758000
1776165760.256,160.256,0.58,8.0,0.32,89.0,0.23,15.0,0.22,37.0,0.21,15.0,0.64,13.0,0.67,15.0,0.68,15.0,0.69,15.0,0.7,15.0,0.36,13.0,0.33,15.0,0.32,15.0,0.31,15.0,0.3,15.0,0.42,8.0,0.68,89.0,0.77,15.0,0.78,37.0,0.79,15.0,0.06,0.06,44.970087,1776165759000
1776165761.671,161.671,0.58,8.0,0.32,89.0,0.23,15.0,0.22,37.0,0.21,15.0,0.64,13.0,0.67,15.0,0.68,15.0,0.69,15.0,0.7,15.0,0.36,13.0,0.33,15.0,0.32,15.0,0.31,15.0,0.3,15.0,0.42,8.0,0.68,89.0,0.77,15.0,0.78,37.0,0.79,15.0,0.06,0.06,44.985666,1776165760000
1776165762.383,162.383,0.58,8.0,0.32,89.0,0.23,15.0,0.22,37.0,0.21,15.0,0.64,13.0,0.67,15.0,0.68,15.0,0.69,15.0,0.7,15.0,0.36,13.0,0.33,15.0,0.32,15.0,0.31,15.0,0.3,15.0,0.42,8.0,0.68,89.0,0.77,15.0,0.78,37.0,0.79,15.0,0.06,0.06,44.991613,1776165761000
1776165763.138,163.138,0.58,8.0,0.32,89.0,0.23,15.0,0.22,37.0,0.21,15.0,0.64,13.0,0.67,15.0,0.68,15.0,0.69,15.0,0.7,15.0,0.36,13.0,0.33,15.0,0.32,15.0,0.31,15.0,0.3,15.0,0.42,8.0,0.68,89.0,0.77,15.0,0.78,37.0,0.79,15.0,0.06,0.06,44.993907,1776165762000
1776165764.501,164.501,0.58,8.0,0.32,89.0,0.23,15.0,0.22,37.0,0.21,15.0,0.64,13.0,0.67,15.0,0.68,15.0,0.69,15.0,0.7,15.0,0.36,13.0,0.33,15.0,0.32,15.0,0.31,15.0,0.3,15.0,0.42,8.0,0.68,89.0,0.77,15.0,0.78,37.0,0.79,15.0,0.06,0.06,44.995145,1776165763000
1776165765.507,165.507,0.58,8.0,0.32,89.0,0.23,15.0,0.22,37.0,0.21,15.0,0.64,13.0,0.67,15.0,0.68,15.0,0.69,15.0,0.7,15.0,0.36,13.0,0.33,15.0,0.32,15.0,0.31,15.0,0.3,15.0,0.42,8.0,0.68,89.0,0.77,15.0,0.78,37.0,0.79,15.0,0.06,0.06,44.996275,1776165764000
1776165766.115,166.115,0.58,8.0,0.32,89.0,0.23,15.0,0.22,37.0,0.21,15.0,0.64,13.0,0.67,15.0,0.68,15.0,0.69,15.0,0.7,15.0,0.36,13.0,0.33,15.0,0.32,15.0,0.31,15.0,0.3,15.0,0.42,8.0,0.68,89.0,0.77,15.0,0.78,37.0,0.79,15.0,0.06,0.06,44.996368,1776165765000
1776165767.682,167.682,0.58,8.0,0.32,89.0,0.23,15.0,0.22,37.0,0.21,15.0,0.64,13.0,0.67,15.0,0.68,15.0,0.69,15.0,0.7,15.0,0.36,13.0,0.33,15.0,0.32,15.0,0.31,15.0,0.3,15.0,0.42,8.0,0.68,89.0,0.77,15.0,0.78,37.0,0.79,15.0,0.06,0.06,44.996856,1776165766000
1776165768.369,168.369,0.58,8.0,0.32,89.0,0.23,15.0,0.22,37.0,0.21,15.0,0.64,13.0,0.67,15.0,0.68,15.0,0.69,15.0,0.7,15.0,0.36,13.0,0.33,15.0,0.32,15.0,0.31,15.0,0.3,15.0,0.42,8.0,0.68,89.0,0.77,15.0,0.78,37.0,0.79,15.0,0.06,0.06,44.99576,1776165767000
1776165769.572,169.572,0.58,8.0,0.32,89.0,0.23,15.0,0.22,37.0,0.21,15.0,0.64,13.0,0.67,15.0,0.68,15.0,0.69,15.0,0.7,15.0,0.36,13.0,0.33,15.0,0.32,15.0,0.31,15.0,0.3,15.0,0.42,8.0,0.68,89.0,0.77,15.0,0.78,37.0,0.79,15.0,0.06,0.06,44.996126,1776165768000
1776165770.21,170.21,0.58,8.0,0.32,89.0,0.23,15.0,0.22,37.0,0.21,15.0,0.64,13.0,0.67,15.0,0.68,15.0,0.69,15.0,0.7,15.0,0.36,13.0,0.33,15.0,0.32,15.0,0.31,15.0,0.3,15.0,0.42,8.0,0.68,89.0,0.77,15.0,0.78,37.0,0.79,15.0,0.06,0.06,44.996133,1776165769000
1776165771.584,171.584,0.58,8.0,0.32,89.0,0.23,15.0,0.22,37.0,0.21,15.0,0.64,13.0,0.67,15.0,0.68,15.0,0.69,15.0,0.7,15.0,0.36,13.0,0.33,15.0,0.32,15.0,0.31,15.0,0.3,15.0,0.42,8.0,0.68,89.0,0.77,15.0,0.78,37.0,0.79,15.0,0.06,0.06,44.996352,1776165770000
1776165772.18,172.18,0.58,8.0,0.32,89.0,0.23,15.0,0.22,37.0,0.21,15.0,0.64,13.0,0.67,15.0,0.68,15.0,0.69,15.0,0.7,15.0,0.36,13.0,0.33,15.0,0.32,15.0,0.31,15.0,0.3,15.0,0.42,8.0,0.68,89.0,0.77,15.0,0.78,37.0,0.79,15.0,0.06,0.06,44.996381,1776165771000
1776165773.456,173.456,0.58,8.0,0.32,89.0,0.23,15.0,0.22,37.0,0.21,15.0,0.64,13.0,0.67,15.0,0.68,15.0,0.69,15.0,0.7,15.0,0.36,13.0,0.33,15.0,0.32,15.0,0.31,15.0,0.3,15.0,0.42,8.0,0.68,89.0,0.77,15.0,0.78,37.0,0.79,15.0,0.06,0.06,44.996182,1776165772000
1776165774.028,174.028,0.58,8.0,0.32,89.0,0.23,15.0,0.22,37.0,0.21,15.0,0.64,13.0,0.67,15.0,0.68,15.0,0.69,15.0,0.7,15.0,0.36,13.0,0.33,15.0,0.32,15.0,0.31,15.0,0.3,15.0,0.42,8.0,0.68,89.0,0.77,15.0,0.78,37.0,0.79,15.0,0.06,0.06,44.995027,1776165773000
1776165775.481,175.481,0.58,8.0,0.32,89.0,0.23,15.0,0.22,37.0,0.21,15.0,0.64,13.0,0.67,15.0,0.68,15.0,0.69,15.0,0.7,15.0,0.36,13.0,0.33,15.0,0.32,15.0,0.31,15.0,0.3,15.0,0.42,8.0,0.68,89.0,0.77,15.0,0.78,37.0,0.79,15.0,0.06,0.06,44.993853,1776165774000
1776165776.17,176.17,0.58,8.0,0.32,89.0,0.23,15.0,0.22,37.0,0.21,15.0,0.64,13.0,0.67,15.0,0.68,15.0,0.69,15.0,0.7,15.0,0.36,13.0,0.33,15.0,0.32,15.0,0.31,15.0,0.3,15.0,0.42,8.0,0.68,89.0,0.77,15.0,0.78,37.0,0.79,15.0,0.06,0.06,44.992342,1776165775000
1776165777.333,177.333,0.58,8.0,0.32,89.0,0.23,15.0,0.22,37.0,0.21,15.0,0.64,13.0,0.67,15.0,0.68,15.0,0.69,15.0,0.7,15.0,0.36,13.0,0.33,15.0,0.32,15.0,0.31,15.0,0.3,15.0,0.42,8.0,0.68,89.0,0.77,15.0,0.78,37.0,0.79,15.0,0.06,0.06,44.987693,1776165776000
1776165778.38,178.38,0.58,8.0,0.32,89.0,0.23,15.0,0.22,37.0,0.21,15.0,0.64,13.0,0.67,15.0,0.68,15.0,0.69,15.0,0.7,15.0,0.36,13.0,0.33,15.0,0.32,15.0,0.31,15.0,0.3,15.0,0.42,8.0,0.68,89.0,0.77,15.0,0.78,37.0,0.79,15.0,0.06,0.06,44.987763,1776165777000
1776165779.03,179.03,0.58,8.0,0.32,89.0,0.23,15.0,0.22,37.0,0.21,15.0,0.64,13.0,0.67,15.0,0.68,15.0,0.69,15.0,0.7,15.0,0.36,13.0,0.33,15.0,0.32,15.0,0.31,15.0,0.3,15.0,0.42,8.0,0.68,89.0,0.77,15.0,0.78,37.0,0.79,15.0,0.06,0.06,44.988116,1776165778000
1776165780.218,180.218,0.58,8.0,0.32,89.0,0.23,15.0,0.22,37.0,0.21,15.0,0.64,13.0,0.67,15.0,0.68,15.0,0.69,15.0,0.7,15.0,0.36,13.0,0.33,15.0,0.32,15.0,0.31,15.0,0.3,15.0,0.42,8.0,0.68,89.0,0.77,15.0,0.78,37.0,0.79,15.0,0.06,0.06,44.987794,1776165779000
1776165782.064,182.064,0.58,8.0,0.32,89.0,0.23,15.0,0.22,37.0,0.21,15.0,0.64,13.0,0.67,15.0,0.68,15.0,0.69,15.0,0.7,15.0,0.36,13.0,0.33,15.0,0.32,15.0,0.31,15.0,0.3,15.0,0.42,8.0,0.68,89.0,0.77,15.0,0.78,37.0,0.79,15.0,0.06,0.06,44.985441,1776165780000
1776165782.679,182.679,0.58,8.0,0.32,89.0,0.23,15.0,0.22,37.0,0.21,15.0,0.64,13.0,0.67,15.0,0.68,15.0,0.69,15.0,0.7,15.0,0.36,13.0,0.33,15.0,0.32,15.0,0.31,15.0,0.3,15.0,0.42,8.0,0.68,89.0,0.77,15.0,0.78,37.0,0.79,15.0,0.06,0.06,44.985138,1776165781000
1776165783.065,183.065,0.58,8.0,0.32,89.0,0.23,15.0,0.22,37.0,0.21,15.0,0.64,13.0,0.67,15.0,0.68,15.0,0.69,15.0,0.7,15.0,0.36,13.0,0.33,15.0,0.32,15.0,0.31,15.0,0.3,15.0,0.42,8.0,0.68,89.0,0.77,15.0,0.78,37.0,0.79,15.0,0.06,0.06,44.985138,1776165782000
1776165784.059,184.059,0.58,8.0,0.32,89.0,0.23,15.0,0.22,37.0,0.21,15.0,0.64,13.0,0.67,15.0,0.68,15.0,0.69,15.0,0.7,15.0,0.36,13.0,0.33,15.0,0.32,15.0,0.31,15.0,0.3,15.0,0.42,8.0,0.68,89.0,0.77,15.0,0.78,37.0,0.79,15.0,0.06,0.06,44.985041,1776165783000
1776165785.036,185.036,0.58,8.0,0.32,89.0,0.23,15.0,0.22,37.0,0.21,15.0,0.64,13.0,0.67,15.0,0.68,15.0,0.69,15.0,0.7,15.0,0.36,13.0,0.33,15.0,0.32,15.0,0.31,15.0,0.3,15.0,0.42,8.0,0.68,89.0,0.77,15.0,0.78,37.0,0.79,15.0,0.06,0.06,44.98505,1776165784000
1776165786.167,186.167,0.58,8.0,0.32,89.0,0.23,15.0,0.22,37.0,0.21,15.0,0.64,13.0,0.67,15.0,0.68,15.0,0.69,15.0,0.7,15.0,0.36,13.0,0.33,15.0,0.32,15.0,0.31,15.0,0.3,15.0,0.42,8.0,0.68,89.0,0.77,15.0,0.78,37.0,0.79,15.0,0.06,0.06,44.985276,1776165785000
1776165787.157,187.157,0.58,8.0,0.32,89.0,0.23,15.0,0.22,37.0,0.21,15.0,0.64,13.0,0.67,15.0,0.68,15.0,0.69,15.0,0.7,15.0,0.36,13.0,0.33,15.0,0.32,15.0,0.31,15.0,0.3,15.0,0.42,8.0,0.68,89.0,0.77,15.0,0.78,37.0,0.79,15.0,0.06,0.06,44.985073,1776165786000
1776165788.26,188.26,0.58,8.0,0.32,89.0,0.23,15.0,0.22,37.0,0.21,15.0,0.64,13.0,0.67,15.0,0.68,15.0,0.69,15.0,0.7,15.0,0.36,13.0,0.33,15.0,0.32,15.0,0.31,15.0,0.3,15.0,0.42,8.0,0.68,89.0,0.77,15.0,0.78,37.0,0.79,15.0,0.06,0.06,44.985069,1776165787000
1776165789.227,189.227,0.58,8.0,0.32,89.0,0.23,15.0,0.22,37.0,0.21,15.0,0.64,13.0,0.67,15.0,0.68,15.0,0.69,15.0,0.7,15.0,0.36,13.0,0.33,15.0,0.32,15.0,0.31,15.0,0.3,15.0,0.42,8.0,0.68,89.0,0.77,15.0,0.78,37.0,0.79,15.0,0.06,0.06,44.985222,1776165788000
1776165790.32,190.32,0.58,8.0,0.32,89.0,0.23,15.0,0.22,37.0,0.21,15.0,0.64,13.0,0.67,15.0,0.68,15.0,0.69,15.0,0.7,15.0,0.36,13.0,0.33,15.0,0.32,15.0,0.31,15.0,0.3,15.0,0.42,8.0,0.68,89.0,0.77,15.0,0.78,37.0,0.79,15.0,0.06,0.06,44.985882,1776165789000
1776165791.438,191.438,0.58,8.0,0.32,89.0,0.23,15.0,0.22,37.0,0.21,15.0,0.64,13.0,0.67,15.0,0.68,15.0,0.69,15.0,0.7,15.0,0.36,13.0,0.33,15.0,0.32,15.0,0.31,15.0,0.3,15.0,0.42,8.0,0.68,89.0,0.77,15.0,0.78,37.0,0.79,15.0,0.06,0.06,44.985882,1776165790000
1776165791.983,191.983,0.58,8.0,0.32,89.0,0.23,15.0,0.22,37.0,0.21,15.0,0.64,13.0,0.67,15.0,0.68,15.0,0.69,15.0,0.7,15.0,0.36,13.0,0.33,15.0,0.32,15.0,0.31,15.0,0.3,15.0,0.42,8.0,0.68,89.0,0.77,15.0,0.78,37.0,0.79,15.0,0.06,0.06,44.985755,1776165791000
1776165792.994,192.994,0.58,8.0,0.32,89.0,0.23,15.0,0.22,37.0,0.21,15.0,0.64,13.0,0.67,15.0,0.68,15.0,0.69,15.0,0.7,15.0,0.36,13.0,0.33,15.0,0.32,15.0,0.31,15.0,0.3,15.0,0.42,8.0,0.68,89.0,0.77,15.0,0.78,37.0,0.79,15.0,0.06,0.06,44.984263,1776165792000
1776165793.985,193.985,0.58,8.0,0.32,89.0,0.23,15.0,0.22,37.0,0.21,15.0,0.64,13.0,0.67,15.0,0.68,15.0,0.69,15.0,0.7,15.0,0.36,13.0,0.33,15.0,0.32,15.0,0.31,15.0,0.3,15.0,0.42,8.0,0.68,89.0,0.77,15.0,0.78,37.0,0.79,15.0,0.06,0.06,44.981288,1776165793000
1776165795.584,195.584,0.58,8.0,0.32,89.0,0.23,15.0,0.22,37.0,0.21,15.0,0.64,13.0,0.67,15.0,0.68,15.0,0.69,15.0,0.7,15.0,0.36,13.0,0.33,15.0,0.32,15.0,0.31,15.0,0.3,15.0,0.42,8.0,0.68,89.0,0.77,15.0,0.78,37.0,0.79,15.0,0.06,0.06,44.981143,1776165794000
1776165796.277,196.277,0.58,8.0,0.32,89.0,0.23,15.0,0.22,37.0,0.21,15.0,0.64,13.0,0.67,15.0,0.68,15.0,0.69,15.0,0.7,15.0,0.36,13.0,0.33,15.0,0.32,15.0,0.31,15.0,0.3,15.0,0.42,8.0,0.68,89.0,0.77,15.0,0.78,37.0,0.79,15.0,0.06,0.06,44.980924,1776165795000
1776165797.46,197.46,0.58,8.0,0.32,89.0,0.23,15.0,0.22,37.0,0.21,15.0,0.64,13.0,0.67,15.0,0.68,15.0,0.69,15.0,0.7,15.0,0.36,13.0,0.33,15.0,0.32,15.0,0.31,15.0,0.3,15.0,0.42,8.0,0.68,89.0,0.77,15.0,0.78,37.0,0.79,15.0,0.06,0.06,44.980179,1776165796000
1776165798.182,198.182,0.58,8.0,0.32,89.0,0.23,15.0,0.22,37.0,0.21,15.0,0.64,13.0,0.67,15.0,0.68,15.0,0.69,15.0,0.7,15.0,0.36,13.0,0.33,15.0,0.32,15.0,0.31,15.0,0.3,15.0,0.42,8.0,0.68,89.0,0.77,15.0,0.78,37.0,0.79,15.0,0.06,0.06,44.979978,1776165797000
1776165799.427,199.427,0.58,8.0,0.32,89.0,0.23,15.0,0.22,37.0,0.21,15.0,0.64,13.0,0.67,15.0,0.68,15.0,0.69,15.0,0.7,15.0,0.36,13.0,0.33,15.0,0.32,15.0,0.31,15.0,0.3,15.0,0.42,8.0,0.68,89.0,0.77,15.0,0.78,37.0,0.79,15.0,0.06,0.06,44.980063,1776165798000
1776165800.159,200.159,0.58,8.0,0.32,89.0,0.23,15.0,0.22,37.0,0.21,15.0,0.64,13.0,0.67,15.0,0.68,15.0,0.69,15.0,0.7,15.0,0.36,13.0,0.33,15.0,0.32,15.0,0.31,15.0,0.3,15.0,0.42,8.0,0.68,89.0,0.77,15.0,0.78,37.0,0.79,15.0,0.06,0.06,44.979974,1776165799000
1776165801.44,201.44,0.58,8.0,0.32,89.0,0.23,15.0,0.22,37.0,0.21,15.0,0.64,13.0,0.67,15.0,0.68,15.0,0.69,15.0,0.7,15.0,0.36,13.0,0.33,15.0,0.32,15.0,0.31,15.0,0.3,15.0,0.42,8.0,0.68,89.0,0.77,15.0,0.78,37.0,0.79,15.0,0.06,0.06,44.980665,1776165800000
1776165802.015,202.015,0.58,8.0,0.32,89.0,0.23,15.0,0.22,37.0,0.21,15.0,0.64,13.0,0.67,15.0,0.68,15.0,0.69,15.0,0.7,15.0,0.36,13.0,0.33,15.0,0.32,15.0,0.31,15.0,0.3,15.0,0.42,8.0,0.68,89.0,0.77,15.0,0.78,37.0,0.79,15.0,0.06,0.06,44.984299,1776165801000
1776165803.384,203.384,0.58,8.0,0.32,89.0,0.23,15.0,0.22,37.0,0.21,15.0,0.64,13.0,0.67,15.0,0.68,15.0,0.69,15.0,0.7,15.0,0.36,13.0,0.33,15.0,0.32,15.0,0.31,15.0,0.3,15.0,0.42,8.0,0.68,89.0,0.77,15.0,0.78,37.0,0.79,15.0,0.06,0.06,44.983051,1776165802000
1776165804.62,204.62,0.58,8.0,0.32,89.0,0.23,15.0,0.22,37.0,0.21,15.0,0.64,13.0,0.67,15.0,0.68,15.0,0.69,15.0,0.7,15.0,0.36,13.0,0.33,15.0,0.32,15.0,0.31,15.0,0.3,15.0,0.42,8.0,0.68,89.0,0.77,15.0,0.78,37.0,0.79,15.0,0.06,0.06,44.98634,1776165803000
1776165810.469,210.469,0.48,15.0,0.47,25.0,0.46,15.0,0.45,15.0,0.44,15.0,0.6,9.95,0.61,15.0,0.62,15.0,0.63,28.0,0.64,25.0,0.36,13.0,0.33,15.0,0.32,15.0,0.31,15.0,0.3,15.0,0.42,8.0,0.68,89.0,0.77,15.0,0.78,37.0,0.79,15.0,0.12,0.06,44.98634,1776165803000
1776165812.496,212.496,0.48,15.0,0.47,25.0,0.46,15.0,0.45,15.0,0.44,15.0,0.6,4.9,0.61,15.0,0.62,15.0,0.63,28.0,0.64,25.0,0.4,4.9,0.39,15.0,0.38,15.0,0.37,28.0,0.36,25.0,0.52,15.0,0.53,25.0,0.54,15.0,0.55,15.0,0.56,15.0,0.12,0.12,44.97849,1776165811000
1776165812.956,212.956,0.48,20.19,0.47,15.0,0.46,15.0,0.45,15.0,0.44,15.0,0.61,15.0,0.62,15.0,0.63,28.0,0.64,15.0,0.65,25.0,0.4,4.9,0.39,15.0,0.38,15.0,0.37,28.0,0.36,25.0,0.52,15.0,0.53,25.0,0.54,15.0,0.55,15.0,0.56,15.0,0.13,0.12,44.978491,1776165810000
1776165813.292,213.292,0.48,20.19,0.47,15.0,0.46,15.0,0.45,15.0,0.44,15.0,0.61,15.0,0.62,15.0,0.63,28.0,0.64,15.0,0.65,25.0,0.39,15.0,0.38,15.0,0.37,28.0,0.36,15.0,0.35,25.0,0.52,20.19,0.53,15.0,0.54,15.0,0.55,15.0,0.56,15.0,0.13,0.13,44.978571,1776165812000
1776165814.238,214.238,0.48,20.19,0.47,15.0,0.46,15.0,0.45,15.0,0.44,15.0,0.61,15.0,0.62,15.0,0.63,28.0,0.64,15.0,0.65,25.0,0.39,15.0,0.38,15.0,0.37,28.0,0.36,15.0,0.35,25.0,0.52,20.19,0.53,15.0,0.54,15.0,0.55,15.0,0.56,15.0,0.13,0.13,44.980246,1776165813000
1776165815.272,215.272,0.48,20.19,0.47,15.0,0.46,15.0,0.45,15.0,0.44,15.0,0.61,15.0,0.62,15.0,0.63,28.0,0.64,15.0,0.65,25.0,0.39,15.0,0.38,15.0,0.37,28.0,0.36,15.0,0.35,25.0,0.52,20.19,0.53,15.0,0.54,15.0,0.55,15.0,0.56,15.0,0.13,0.13,44.981208,1776165814000
1776165816.291,216.291,0.48,20.19,0.47,15.0,0.46,15.0,0.45,15.0,0.44,15.0,0.61,15.0,0.62,15.0,0.63,28.0,0.64,15.0,0.65,25.0,0.39,15.0,0.38,15.0,0.37,28.0,0.36,15.0,0.35,25.0,0.52,20.19,0.53,15.0,0.54,15.0,0.55,15.0,0.56,15.0,0.13,0.13,44.990083,1776165815000
1776165817.115,217.115,0.48,20.19,0.47,15.0,0.46,15.0,0.45,15.0,0.44,15.0,0.61,15.0,0.62,15.0,0.63,28.0,0.64,15.0,0.65,25.0,0.39,15.0,0.38,15.0,0.37,28.0,0.36,15.0,0.35,25.0,0.52,20.19,0.53,15.0,0.54,15.0,0.55,15.0,0.56,15.0,0.13,0.13,44.991019,1776165816000
1776165817.553,217.553,0.64,10.0,0.56,15.0,0.55,15.0,0.54,15.0,0.53,15.0,0.73,12.26,0.74,15.0,0.75,15.0,0.76,15.0,0.77,15.0,0.39,15.0,0.38,15.0,0.37,28.0,0.36,15.0,0.35,25.0,0.52,20.19,0.53,15.0,0.54,15.0,0.55,15.0,0.56,15.0,0.09,0.13,44.991019,1776165816000
1776165818.105,218.105,0.64,10.0,0.56,15.0,0.55,15.0,0.54,15.0,0.53,15.0,0.73,12.26,0.74,15.0,0.75,15.0,0.76,15.0,0.77,15.0,0.27,12.26,0.26,15.0,0.25,15.0,0.24,15.0,0.23,15.0,0.36,10.0,0.44,15.0,0.45,15.0,0.46,15.0,0.47,15.0,0.09,0.09,44.991019,1776165817000
1776165819.268,219.268,0.64,10.0,0.56,15.0,0.55,15.0,0.54,15.0,0.53,15.0,0.73,12.26,0.74,15.0,0.75,15.0,0.76,15.0,0.77,15.0,0.27,12.26,0.26,15.0,0.25,15.0,0.24,15.0,0.23,15.0,0.36,10.0,0.44,15.0,0.45,15.0,0.46,15.0,0.47,15.0,0.09,0.09,44.990988,1776165818000
1776165820.072,220.072,0.64,10.0,0.56,15.0,0.55,15.0,0.54,15.0,0.53,15.0,0.73,12.26,0.74,15.0,0.75,15.0,0.76,15.0,0.77,15.0,0.27,12.26,0.26,15.0,0.25,15.0,0.24,15.0,0.23,15.0,0.36,10.0,0.44,15.0,0.45,15.0,0.46,15.0,0.47,15.0,0.09,0.09,44.991084,1776165819000
1776165821.082,221.082,0.64,10.0,0.56,15.0,0.55,15.0,0.54,15.0,0.53,15.0,0.73,12.26,0.74,15.0,0.75,15.0,0.76,15.0,0.77,15.0,0.27,12.26,0.26,15.0,0.25,15.0,0.24,15.0,0.23,15.0,0.36,10.0,0.44,15.0,0.45,15.0,0.46,15.0,0.47,15.0,0.09,0.09,44.991119,1776165820000
1776165822.065,222.065,0.64,10.0,0.56,15.0,0.55,15.0,0.54,15.0,0.53,15.0,0.73,12.26,0.74,15.0,0.75,15.0,0.76,15.0,0.77,15.0,0.27,12.26,0.26,15.0,0.25,15.0,0.24,15.0,0.23,15.0,0.36,10.0,0.44,15.0,0.45,15.0,0.46,15.0,0.47,15.0,0.09,0.09,44.991441,1776165821000
1776165823.073,223.073,0.64,10.0,0.56,15.0,0.55,15.0,0.54,15.0,0.53,15.0,0.73,12.26,0.74,15.0,0.75,15.0,0.76,15.0,0.77,15.0,0.27,12.26,0.26,15.0,0.25,15.0,0.24,15.0,0.23,15.0,0.36,10.0,0.44,15.0,0.45,15.0,0.46,15.0,0.47,15.0,0.09,0.09,44.990378,1776165822000
1776165824.45,224.45,0.64,10.0,0.56,15.0,0.55,15.0,0.54,15.0,0.53,15.0,0.73,12.26,0.74,15.0,0.75,15.0,0.76,15.0,0.77,15.0,0.27,12.26,0.26,15.0,0.25,15.0,0.24,15.0,0.23,15.0,0.36,10.0,0.44,15.0,0.45,15.0,0.46,15.0,0.47,15.0,0.09,0.09,44.990508,1776165823000
1776165825.306,225.306,0.64,10.0,0.56,15.0,0.55,15.0,0.54,15.0,0.53,15.0,0.73,12.26,0.74,15.0,0.75,15.0,0.76,15.0,0.77,15.0,0.27,12.26,0.26,15.0,0.25,15.0,0.24,15.0,0.23,15.0,0.36,10.0,0.44,15.0,0.45,15.0,0.46,15.0,0.47,15.0,0.09,0.09,44.990721,1776165824000
1776165826.258,226.258,0.64,10.0,0.56,15.0,0.55,15.0,0.54,15.0,0.53,15.0,0.73,12.26,0.74,15.0,0.75,15.0,0.76,15.0,0.77,15.0,0.27,12.26,0.26,15.0,0.25,15.0,0.24,15.0,0.23,15.0,0.36,10.0,0.44,15.0,0.45,15.0,0.46,15.0,0.47,15.0,0.09,0.09,44.991105,1776165825000
1776165827.828,227.828,0.64,10.0,0.56,15.0,0.55,15.0,0.54,15.0,0.53,15.0,0.73,12.26,0.74,15.0,0.75,15.0,0.76,15.0,0.77,15.0,0.27,12.26,0.26,15.0,0.25,15.0,0.24,15.0,0.23,15.0,0.36,10.0,0.44,15.0,0.45,15.0,0.46,15.0,0.47,15.0,0.09,0.09,44.991078,1776165826000
1776165828.355,228.355,0.64,10.0,0.56,15.0,0.55,15.0,0.54,15.0,0.53,15.0,0.73,12.26,0.74,15.0,0.75,15.0,0.76,15.0,0.77,15.0,0.27,12.26,0.26,15.0,0.25,15.0,0.24,15.0,0.23,15.0,0.36,10.0,0.44,15.0,0.45,15.0,0.46,15.0,0.47,15.0,0.09,0.09,44.991078,1776165827000
1776165829.08,229.08,0.64,10.0,0.56,15.0,0.55,15.0,0.54,15.0,0.53,15.0,0.73,12.26,0.74,15.0,0.75,15.0,0.76,15.0,0.77,15.0,0.27,12.26,0.26,15.0,0.25,15.0,0.24,15.0,0.23,15.0,0.36,10.0,0.44,15.0,0.45,15.0,0.46,15.0,0.47,15.0,0.09,0.09,44.991095,1776165828000
1776165830.034,230.034,0.64,10.0,0.56,15.0,0.55,15.0,0.54,15.0,0.53,15.0,0.73,12.26,0.74,15.0,0.75,15.0,0.76,15.0,0.77,15.0,0.27,12.26,0.26,15.0,0.25,15.0,0.24,15.0,0.23,15.0,0.36,10.0,0.44,15.0,0.45,15.0,0.46,15.0,0.47,15.0,0.09,0.09,44.991172,1776165829000
1776165831.082,231.082,0.64,10.0,0.56,15.0,0.55,15.0,0.54,15.0,0.53,15.0,0.73,12.26,0.74,15.0,0.75,15.0,0.76,15.0,0.77,15.0,0.27,12.26,0.26,15.0,0.25,15.0,0.24,15.0,0.23,15.0,0.36,10.0,0.44,15.0,0.45,15.0,0.46,15.0,0.47,15.0,0.09,0.09,44.991123,1776165830000
1776165832.0,232.0,0.64,10.0,0.56,15.0,0.55,15.0,0.54,15.0,0.53,15.0,0.73,12.26,0.74,15.0,0.75,15.0,0.76,15.0,0.77,15.0,0.27,12.26,0.26,15.0,0.25,15.0,0.24,15.0,0.23,15.0,0.36,10.0,0.44,15.0,0.45,15.0,0.46,15.0,0.47,15.0,0.09,0.09,44.990045,1776165831000
1776165833.704,233.704,0.64,10.0,0.56,15.0,0.55,15.0,0.54,15.0,0.53,15.0,0.73,12.26,0.74,15.0,0.75,15.0,0.76,15.0,0.77,15.0,0.27,12.26,0.26,15.0,0.25,15.0,0.24,15.0,0.23,15.0,0.36,10.0,0.44,15.0,0.45,15.0,0.46,15.0,0.47,15.0,0.09,0.09,44.990303,1776165832000
1776165834.316,234.316,0.64,10.0,0.56,15.0,0.55,15.0,0.54,15.0,0.53,15.0,0.73,12.26,0.74,15.0,0.75,15.0,0.76,15.0,0.77,15.0,0.27,12.26,0.26,15.0,0.25,15.0,0.24,15.0,0.23,15.0,0.36,10.0,0.44,15.0,0.45,15.0,0.46,15.0,0.47,15.0,0.09,0.09,44.989712,1776165833000
1776165835.544,235.544,0.64,10.0,0.56,15.0,0.55,15.0,0.54,15.0,0.53,15.0,0.73,12.26,0.74,15.0,0.75,15.0,0.76,15.0,0.77,15.0,0.27,12.26,0.26,15.0,0.25,15.0,0.24,15.0,0.23,15.0,0.36,10.0,0.44,15.0,0.45,15.0,0.46,15.0,0.47,15.0,0.09,0.09,44.990161,1776165834000
1776165836.116,236.116,0.64,10.0,0.56,15.0,0.55,15.0,0.54,15.0,0.53,15.0,0.73,12.26,0.74,15.0,0.75,15.0,0.76,15.0,0.77,15.0,0.27,12.26,0.26,15.0,0.25,15.0,0.24,15.0,0.23,15.0,0.36,10.0,0.44,15.0,0.45,15.0,0.46,15.0,0.47,15.0,0.09,0.09,44.990166,1776165835000
1776165837.259,237.259,0.64,10.0,0.56,15.0,0.55,15.0,0.54,15.0,0.53,15.0,0.73,12.26,0.74,15.0,0.75,15.0,0.76,15.0,0.77,15.0,0.27,12.26,0.26,15.0,0.25,15.0,0.24,15.0,0.23,15.0,0.36,10.0,0.44,15.0,0.45,15.0,0.46,15.0,0.47,15.0,0.09,0.09,44.991045,1776165836000
1776165838.423,238.423,0.64,10.0,0.56,15.0,0.55,15.0,0.54,15.0,0.53,15.0,0.73,12.26,0.74,15.0,0.75,15.0,0.76,15.0,0.77,15.0,0.27,12.26,0.26,15.0,0.25,15.0,0.24,15.0,0.23,15.0,0.36,10.0,0.44,15.0,0.45,15.0,0.46,15.0,0.47,15.0,0.09,0.09,44.989082,1776165837000
1776165839.686,239.686,0.64,10.0,0.56,15.0,0.55,15.0,0.54,15.0,0.53,15.0,0.73,12.26,0.74,15.0,0.75,15.0,0.76,15.0,0.77,15.0,0.27,12.26,0.26,15.0,0.25,15.0,0.24,15.0,0.23,15.0,0.36,10.0,0.44,15.0,0.45,15.0,0.46,15.0,0.47,15.0,0.09,0.09,44.989702,1776165838000
1776165840.685,240.685,0.64,10.0,0.56,15.0,0.55,15.0,0.54,15.0,0.53,15.0,0.73,12.26,0.74,15.0,0.75,15.0,0.76,15.0,0.77,15.0,0.27,12.26,0.26,15.0,0.25,15.0,0.24,15.0,0.23,15.0,0.36,10.0,0.44,15.0,0.45,15.0,0.46,15.0,0.47,15.0,0.09,0.09,44.984704,1776165839000
1776165841.388,241.388,0.64,10.0,0.56,15.0,0.55,15.0,0.54,15.0,0.53,15.0,0.73,12.26,0.74,15.0,0.75,15.0,0.76,15.0,0.77,15.0,0.27,12.26,0.26,15.0,0.25,15.0,0.24,15.0,0.23,15.0,0.36,10.0,0.44,15.0,0.45,15.0,0.46,15.0,0.47,15.0,0.09,0.09,44.984429,1776165840000
1776165843.115,243.115,0.64,10.0,0.56,15.0,0.55,15.0,0.54,15.0,0.53,15.0,0.73,12.26,0.74,15.0,0.75,15.0,0.76,15.0,0.77,15.0,0.27,12.26,0.26,15.0,0.25,15.0,0.24,15.0,0.23,15.0,0.36,10.0,0.44,15.0,0.45,15.0,0.46,15.0,0.47,15.0,0.09,0.09,44.98443,1776165841000
1776165843.809,243.809,0.64,10.0,0.56,15.0,0.55,15.0,0.54,15.0,0.53,15.0,0.73,12.26,0.74,15.0,0.75,15.0,0.76,15.0,0.77,15.0,0.27,12.26,0.26,15.0,0.25,15.0,0.24,15.0,0.23,15.0,0.36,10.0,0.44,15.0,0.45,15.0,0.46,15.0,0.47,15.0,0.09,0.09,44.984492,1776165842000
1776165844.538,244.538,0.64,10.0,0.56,15.0,0.55,15.0,0.54,15.0,0.53,15.0,0.73,12.26,0.74,15.0,0.75,15.0,0.76,15.0,0.77,15.0,0.27,12.26,0.26,15.0,0.25,15.0,0.24,15.0,0.23,15.0,0.36,10.0,0.44,15.0,0.45,15.0,0.46,15.0,0.47,15.0,0.09,0.09,44.98374,1776165843000
1776165845.056,245.056,0.64,10.0,0.56,15.0,0.55,15.0,0.54,15.0,0.53,15.0,0.73,12.26,0.74,15.0,0.75,15.0,0.76,15.0,0.77,15.0,0.27,12.26,0.26,15.0,0.25,15.0,0.24,15.0,0.23,15.0,0.36,10.0,0.44,15.0,0.45,15.0,0.46,15.0,0.47,15.0,0.09,0.09,44.981855,1776165844000
1776165846.751,246.751,0.64,10.0,0.56,15.0,0.55,15.0,0.54,15.0,0.53,15.0,0.73,12.26,0.74,15.0,0.75,15.0,0.76,15.0,0.77,15.0,0.27,12.26,0.26,15.0,0.25,15.0,0.24,15.0,0.23,15.0,0.36,10.0,0.44,15.0,0.45,15.0,0.46,15.0,0.47,15.0,0.09,0.09,44.977252,1776165845000
1776165847.397,247.397,0.64,10.0,0.56,15.0,0.55,15.0,0.54,15.0,0.53,15.0,0.73,12.26,0.74,15.0,0.75,15.0,0.76,15.0,0.77,15.0,0.27,12.26,0.26,15.0,0.25,15.0,0.24,15.0,0.23,15.0,0.36,10.0,0.44,15.0,0.45,15.0,0.46,15.0,0.47,15.0,0.09,0.09,44.976638,1776165846000
1776165848.224,248.224,0.64,10.0,0.56,15.0,0.55,15.0,0.54,15.0,0.53,15.0,0.73,12.26,0.74,15.0,0.75,15.0,0.76,15.0,0.77,15.0,0.27,12.26,0.26,15.0,0.25,15.0,0.24,15.0,0.23,15.0,0.36,10.0,0.44,15.0,0.45,15.0,0.46,15.0,0.47,15.0,0.09,0.09,44.976638,1776165847000
1776165849.487,249.487,0.64,10.0,0.56,15.0,0.55,15.0,0.54,15.0,0.53,15.0,0.73,12.26,0.74,15.0,0.75,15.0,0.76,15.0,0.77,15.0,0.27,12.26,0.26,15.0,0.25,15.0,0.24,15.0,0.23,15.0,0.36,10.0,0.44,15.0,0.45,15.0,0.46,15.0,0.47,15.0,0.09,0.09,44.985567,1776165848000
1776165850.281,250.281,0.64,10.0,0.56,15.0,0.55,15.0,0.54,15.0,0.53,15.0,0.73,12.26,0.74,15.0,0.75,15.0,0.76,15.0,0.77,15.0,0.27,12.26,0.26,15.0,0.25,15.0,0.24,15.0,0.23,15.0,0.36,10.0,0.44,15.0,0.45,15.0,0.46,15.0,0.47,15.0,0.09,0.09,44.984268,1776165849000
1776165851.841,251.841,0.64,10.0,0.56,15.0,0.55,15.0,0.54,15.0,0.53,15.0,0.73,12.26,0.74,15.0,0.75,15.0,0.76,15.0,0.77,15.0,0.27,12.26,0.26,15.0,0.25,15.0,0.24,15.0,0.23,15.0,0.36,10.0,0.44,15.0,0.45,15.0,0.46,15.0,0.47,15.0,0.09,0.09,44.986452,1776165850000
1776165852.527,252.527,0.64,10.0,0.56,15.0,0.55,15.0,0.54,15.0,0.53,15.0,0.73,12.26,0.74,15.0,0.75,15.0,0.76,15.0,0.77,15.0,0.27,12.26,0.26,15.0,0.25,15.0,0.24,15.0,0.23,15.0,0.36,10.0,0.44,15.0,0.45,15.0,0.46,15.0,0.47,15.0,0.09,0.09,44.983368,1776165851000
1776165853.602,253.602,0.64,10.0,0.56,15.0,0.55,15.0,0.54,15.0,0.53,15.0,0.73,12.26,0.74,15.0,0.75,15.0,0.76,15.0,0.77,15.0,0.27,12.26,0.26,15.0,0.25,15.0,0.24,15.0,0.23,15.0,0.36,10.0,0.44,15.0,0.45,15.0,0.46,15.0,0.47,15.0,0.09,0.09,44.987737,1776165852000
1776165854.174,254.174,0.64,10.0,0.56,15.0,0.55,15.0,0.54,15.0,0.53,15.0,0.73,12.26,0.74,15.0,0.75,15.0,0.76,15.0,0.77,15.0,0.27,12.26,0.26,15.0,0.25,15.0,0.24,15.0,0.23,15.0,0.36,10.0,0.44,15.0,0.45,15.0,0.46,15.0,0.47,15.0,0.09,0.09,44.991484,1776165853000
1776165855.621,255.621,0.64,10.0,0.56,15.0,0.55,15.0,0.54,15.0,0.53,15.0,0.73,12.26,0.74,15.0,0.75,15.0,0.76,15.0,0.77,15.0,0.27,12.26,0.26,15.0,0.25,15.0,0.24,15.0,0.23,15.0,0.36,10.0,0.44,15.0,0.45,15.0,0.46,15.0,0.47,15.0,0.09,0.09,44.995895,1776165854000
1776165856.328,256.328,0.64,10.0,0.56,15.0,0.55,15.0,0.54,15.0,0.53,15.0,0.73,12.26,0.74,15.0,0.75,15.0,0.76,15.0,0.77,15.0,0.27,12.26,0.26,15.0,0.25,15.0,0.24,15.0,0.23,15.0,0.36,10.0,0.44,15.0,0.45,15.0,0.46,15.0,0.47,15.0,0.09,0.09,44.995898,1776165855000
1776165857.792,257.792,0.64,10.0,0.56,15.0,0.55,15.0,0.54,15.0,0.53,15.0,0.73,12.26,0.74,15.0,0.75,15.0,0.76,15.0,0.77,15.0,0.27,12.26,0.26,15.0,0.25,15.0,0.24,15.0,0.23,15.0,0.36,10.0,0.44,15.0,0.45,15.0,0.46,15.0,0.47,15.0,0.09,0.09,44.996388,1776165856000
1776165858.663,258.663,0.64,10.0,0.56,15.0,0.55,15.0,0.54,15.0,0.53,15.0,0.73,12.26,0.74,15.0,0.75,15.0,0.76,15.0,0.77,15.0,0.27,12.26,0.26,15.0,0.25,15.0,0.24,15.0,0.23,15.0,0.36,10.0,0.44,15.0,0.45,15.0,0.46,15.0,0.47,15.0,0.09,0.09,44.996388,1776165857000
1776165860.69,260.69,0.64,10.0,0.56,15.0,0.55,15.0,0.54,15.0,0.53,15.0,0.73,12.26,0.74,15.0,0.75,15.0,0.76,15.0,0.77,15.0,0.27,12.26,0.26,15.0,0.25,15.0,0.24,15.0,0.23,15.0,0.36,10.0,0.44,15.0,0.45,15.0,0.46,15.0,0.47,15.0,0.09,0.09,44.99589,1776165859000
1776165861.208,261.208,0.64,10.0,0.56,15.0,0.55,15.0,0.54,15.0,0.53,15.0,0.73,12.26,0.74,15.0,0.75,15.0,0.76,15.0,0.77,15.0,0.27,12.26,0.26,15.0,0.25,15.0,0.24,15.0,0.23,15.0,0.36,10.0,0.44,15.0,0.45,15.0,0.46,15.0,0.47,15.0,0.09,0.09,44.996105,1776165860000
1776165862.292,262.292,0.64,10.0,0.56,15.0,0.55,15.0,0.54,15.0,0.53,15.0,0.73,12.26,0.74,15.0,0.75,15.0,0.76,15.0,0.77,15.0,0.27,12.26,0.26,15.0,0.25,15.0,0.24,15.0,0.23,15.0,0.36,10.0,0.44,15.0,0.45,15.0,0.46,15.0,0.47,15.0,0.09,0.09,44.995135,1776165861000
1776165863.438,263.438,0.64,10.0,0.56,15.0,0.55,15.0,0.54,15.0,0.53,15.0,0.73,12.26,0.74,15.0,0.75,15.0,0.76,15.0,0.77,15.0,0.27,12.26,0.26,15.0,0.25,15.0,0.24,15.0,0.23,15.0,0.36,10.0,0.44,15.0,0.45,15.0,0.46,15.0,0.47,15.0,0.09,0.09,44.995286,1776165862000
1776165863.989,263.989,0.64,10.0,0.56,15.0,0.55,15.0,0.54,15.0,0.53,15.0,0.73,12.26,0.74,15.0,0.75,15.0,0.76,15.0,0.77,15.0,0.27,12.26,0.26,15.0,0.25,15.0,0.24,15.0,0.23,15.0,0.36,10.0,0.44,15.0,0.45,15.0,0.46,15.0,0.47,15.0,0.09,0.09,44.995576,1776165863000
1776165865.04,265.04,0.64,10.0,0.56,15.0,0.55,15.0,0.54,15.0,0.53,15.0,0.73,12.26,0.74,15.0,0.75,15.0,0.76,15.0,0.77,15.0,0.27,12.26,0.26,15.0,0.25,15.0,0.24,15.0,0.23,15.0,0.36,10.0,0.44,15.0,0.45,15.0,0.46,15.0,0.47,15.0,0.09,0.09,44.995127,1776165864000
1776165866.079,266.079,0.64,10.0,0.56,15.0,0.55,15.0,0.54,15.0,0.53,15.0,0.73,12.26,0.74,15.0,0.75,15.0,0.76,15.0,0.77,15.0,0.27,12.26,0.26,15.0,0.25,15.0,0.24,15.0,0.23,15.0,0.36,10.0,0.44,15.0,0.45,15.0,0.46,15.0,0.47,15.0,0.09,0.09,44.995487,1776165865000
1776165867.176,267.176,0.64,10.0,0.56,15.0,0.55,15.0,0.54,15.0,0.53,15.0,0.73,12.26,0.74,15.0,0.75,15.0,0.76,15.0,0.77,15.0,0.27,12.26,0.26,15.0,0.25,15.0,0.24,15.0,0.23,15.0,0.36,10.0,0.44,15.0,0.45,15.0,0.46,15.0,0.47,15.0,0.09,0.09,44.996436,1776165866000
1776165868.323,268.323,0.64,10.0,0.56,15.0,0.55,15.0,0.54,15.0,0.53,15.0,0.73,12.26,0.74,15.0,0.75,15.0,0.76,15.0,0.77,15.0,0.27,12.26,0.26,15.0,0.25,15.0,0.24,15.0,0.23,15.0,0.36,10.0,0.44,15.0,0.45,15.0,0.46,15.0,0.47,15.0,0.09,0.09,44.996432,1776165867000
1776165869.365,269.365,0.64,10.0,0.56,15.0,0.55,15.0,0.54,15.0,0.53,15.0,0.73,12.26,0.74,15.0,0.75,15.0,0.76,15.0,0.77,15.0,0.27,12.26,0.26,15.0,0.25,15.0,0.24,15.0,0.23,15.0,0.36,10.0,0.44,15.0,0.45,15.0,0.46,15.0,0.47,15.0,0.09,0.09,44.996086,1776165868000
1776165869.947,269.947,0.64,10.0,0.56,15.0,0.55,15.0,0.54,15.0,0.53,15.0,0.73,12.26,0.74,15.0,0.75,15.0,0.76,15.0,0.77,15.0,0.27,12.26,0.26,15.0,0.25,15.0,0.24,15.0,0.23,15.0,0.36,10.0,0.44,15.0,0.45,15.0,0.46,15.0,0.47,15.0,0.09,0.09,44.996086,1776165869000
1776165871.015,271.015,0.64,10.0,0.56,15.0,0.55,15.0,0.54,15.0,0.53,15.0,0.73,12.26,0.74,15.0,0.75,15.0,0.76,15.0,0.77,15.0,0.27,12.26,0.26,15.0,0.25,15.0,0.24,15.0,0.23,15.0,0.36,10.0,0.44,15.0,0.45,15.0,0.46,15.0,0.47,15.0,0.09,0.09,44.992158,1776165870000
1776165871.217,271.217,0.8,15.0,0.79,40.0,0.78,15.0,0.77,15.0,0.76,15.0,0.89,9.8,0.9,15.0,0.91,15.0,0.92,15.0,0.93,15.0,0.12,9.95,0.11,15.0,0.1,15.0,0.09,15.0,0.08,15.0,0.2,15.0,0.21,40.0,0.22,15.0,0.23,15.0,0.24,15.0,0.09,0.08,44.992158,1776165870000
1776165872.168,272.168,0.8,15.0,0.79,40.0,0.78,15.0,0.77,15.0,0.76,15.0,0.89,4.75,0.9,15.0,0.91,15.0,0.92,15.0,0.93,15.0,0.11,4.75,0.1,15.0,0.09,15.0,0.08,15.0,0.07,15.0,0.2,15.0,0.21,40.0,0.22,15.0,0.23,15.0,0.24,15.0,0.09,0.09,44.991369,1776165871000
1776165872.469,272.469,0.57,8.09,0.48,10.19,0.32,7.0,0.27,25.0,0.26,15.0,0.87,154.0,0.88,15.0,0.89,4.75,0.9,15.0,0.91,15.0,0.11,4.75,0.1,15.0,0.09,15.0,0.08,15.0,0.07,15.0,0.2,15.0,0.21,40.0,0.22,15.0,0.23,15.0,0.24,15.0,0.3,0.09,44.991369,1776165871000
1776165872.906,272.906,0.32,7.0,0.26,15.0,0.25,15.0,0.24,15.0,0.23,15.0,0.86,15.0,0.87,15.0,0.88,15.0,0.89,4.75,0.9,15.0,0.13,154.0,0.12,15.0,0.11,4.75,0.1,15.0,0.09,15.0,0.52,8.28,0.68,7.0,0.73,25.0,0.74,15.0,0.75,15.0,0.54,0.39,44.991369,1776165871000
1776165873.249,273.249,0.32,7.0,0.26,15.0,0.25,15.0,0.24,15.0,0.23,15.0,0.86,15.0,0.87,15.0,0.88,15.0,0.89,4.75,0.9,15.0,0.14,15.0,0.13,15.0,0.12,15.0,0.11,4.75,0.1,15.0,0.68,7.0,0.74,15.0,0.75,15.0,0.76,15.0,0.77,15.0,0.54,0.54,44.991439,1776165872000
1776165873.633,273.633,0.32,2.63,0.27,10.0,0.25,15.0,0.24,15.0,0.23,15.0,0.85,15.0,0.86,226.0,0.87,15.0,0.88,15.0,0.89,4.75,0.14,15.0,0.13,15.0,0.12,15.0,0.11,4.75,0.1,15.0,0.68,7.0,0.74,15.0,0.75,15.0,0.76,15.0,0.77,15.0,0.53,0.54,44.991439,1776165872000
1776165874.775,274.775,0.32,2.63,0.27,10.0,0.25,15.0,0.24,15.0,0.23,15.0,0.85,15.0,0.86,226.0,0.87,15.0,0.88,15.0,0.89,4.75,0.15,15.0,0.14,226.0,0.13,15.0,0.12,15.0,0.11,4.75,0.68,2.63,0.73,10.0,0.75,15.0,0.76,15.0,0.77,15.0,0.53,0.53,44.98125,1776165873000
1776165875.334,275.334,0.32,2.63,0.27,10.0,0.25,15.0,0.24,15.0,0.23,15.0,0.85,15.0,0.86,226.0,0.87,15.0,0.88,15.0,0.89,4.75,0.15,15.0,0.14,226.0,0.13,15.0,0.12,15.0,0.11,4.75,0.68,2.63,0.73,10.0,0.75,15.0,0.76,15.0,0.77,15.0,0.53,0.53,44.98125,1776165874000
1776165876.374,276.374,0.32,2.63,0.27,10.0,0.25,15.0,0.24,15.0,0.23,15.0,0.85,15.0,0.86,226.0,0.87,15.0,0.88,15.0,0.89,4.75,0.15,15.0,0.14,226.0,0.13,15.0,0.12,15.0,0.11,4.75,0.68,2.63,0.73,10.0,0.75,15.0,0.76,15.0,0.77,15.0,0.53,0.53,44.971627,1776165875000
1776165877.091,277.091,0.32,2.63,0.27,10.0,0.25,15.0,0.24,15.0,0.23,15.0,0.85,15.0,0.86,226.0,0.87,15.0,0.88,15.0,0.89,4.75,0.15,15.0,0.14,226.0,0.13,15.0,0.12,15.0,0.11,4.75,0.68,2.63,0.73,10.0,0.75,15.0,0.76,15.0,0.77,15.0,0.53,0.53,44.972464,1776165876000
1776165878.173,278.173,0.32,2.63,0.27,10.0,0.25,15.0,0.24,15.0,0.23,15.0,0.85,15.0,0.86,226.0,0.87,15.0,0.88,15.0,0.89,4.75,0.15,15.0,0.14,226.0,0.13,15.0,0.12,15.0,0.11,4.75,0.68,2.63,0.73,10.0,0.75,15.0,0.76,15.0,0.77,15.0,0.53,0.53,44.969739,1776165877000
1776165879.355,279.355,0.32,2.63,0.27,10.0,0.25,15.0,0.24,15.0,0.23,15.0,0.85,15.0,0.86,226.0,0.87,15.0,0.88,15.0,0.89,4.75,0.15,15.0,0.14,226.0,0.13,15.0,0.12,15.0,0.11,4.75,0.68,2.63,0.73,10.0,0.75,15.0,0.76,15.0,0.77,15.0,0.53,0.53,44.970249,1776165878000
1776165880.474,280.474,0.32,2.63,0.27,10.0,0.25,15.0,0.24,15.0,0.23,15.0,0.85,15.0,0.86,226.0,0.87,15.0,0.88,15.0,0.89,4.75,0.15,15.0,0.14,226.0,0.13,15.0,0.12,15.0,0.11,4.75,0.68,2.63,0.73,10.0,0.75,15.0,0.76,15.0,0.77,15.0,0.53,0.53,44.970573,1776165879000
1776165881.245,281.245,0.32,2.63,0.27,10.0,0.25,15.0,0.24,15.0,0.23,15.0,0.85,15.0,0.86,226.0,0.87,15.0,0.88,15.0,0.89,4.75,0.15,15.0,0.14,226.0,0.13,15.0,0.12,15.0,0.11,4.75,0.68,2.63,0.73,10.0,0.75,15.0,0.76,15.0,0.77,15.0,0.53,0.53,44.970573,1776165880000
1776165882.083,282.083,0.32,2.63,0.27,10.0,0.25,15.0,0.24,15.0,0.23,15.0,0.85,15.0,0.86,226.0,0.87,15.0,0.88,15.0,0.89,4.75,0.15,15.0,0.14,226.0,0.13,15.0,0.12,15.0,0.11,4.75,0.68,2.63,0.73,10.0,0.75,15.0,0.76,15.0,0.77,15.0,0.53,0.53,44.971148,1776165881000
1776165882.396,282.396,0.28,5.55,0.08,62.0,0.04,5.0,0.02,110.0,0.01,1481.09,0.66,64.0,0.67,15.0,0.9,100.0,0.96,5.0,0.98,10.0,0.15,15.0,0.14,226.0,0.13,15.0,0.12,15.0,0.11,4.75,0.68,2.63,0.73,10.0,0.75,15.0,0.76,15.0,0.77,15.0,0.38,0.53,44.971148,1776165881000
1776165883.245,283.245,0.28,5.55,0.08,62.0,0.04,5.0,0.02,110.0,0.01,1481.09,0.66,64.0,0.67,15.0,0.9,100.0,0.96,5.0,0.98,10.0,0.34,64.0,0.33,15.0,0.1,100.0,0.04,5.0,0.02,10.0,0.72,5.55,0.92,62.0,0.96,5.0,0.98,110.0,0.99,1481.09,0.38,0.38,44.971894,1776165882000
1776165884.307,284.307,0.28,5.55,0.08,62.0,0.04,5.0,0.02,110.0,0.01,1481.09,0.66,64.0,0.67,15.0,0.9,100.0,0.96,5.0,0.98,10.0,0.34,64.0,0.33,15.0,0.1,100.0,0.04,5.0,0.02,10.0,0.72,5.55,0.92,62.0,0.96,5.0,0.98,110.0,0.99,1481.09,0.38,0.38,44.971509,1776165883000
1776165885.507,285.507,0.28,5.55,0.08,62.0,0.04,5.0,0.02,110.0,0.01,1481.09,0.66,64.0,0.67,15.0,0.9,100.0,0.96,5.0,0.98,10.0,0.34,64.0,0.33,15.0,0.1,100.0,0.04,5.0,0.02,10.0,0.72,5.55,0.92,62.0,0.96,5.0,0.98,110.0,0.99,1481.09,0.38,0.38,44.971245,1776165884000
1776165886.068,286.068,0.82,10.0,0.38,13.0,0.04,5.0,0.02,110.0,0.01,1481.09,0.9,96.7,0.95,22.0,0.96,130.0,0.98,10.0,0.99,1481.09,0.1,96.7,0.05,22.0,0.04,130.0,0.02,10.0,0.01,1481.09,0.18,10.0,0.62,13.0,0.96,5.0,0.98,110.0,0.99,1481.09,0.08,0.08,44.971245,1776165885000
1776165887.243,287.243,0.82,10.0,0.38,13.0,0.04,5.0,0.02,110.0,0.01,1481.09,0.9,96.7,0.95,22.0,0.96,130.0,0.98,10.0,0.99,1481.09,0.1,96.7,0.05,22.0,0.04,130.0,0.02,10.0,0.01,1481.09,0.18,10.0,0.62,13.0,0.96,5.0,0.98,110.0,0.99,1481.09,0.08,0.08,44.976199,1776165886000
1776165888.42,288.42,0.82,10.0,0.38,13.0,0.04,5.0,0.02,110.0,0.01,1481.09,0.9,96.7,0.95,22.0,0.96,130.0,0.98,10.0,0.99,1481.09,0.1,96.7,0.05,22.0,0.04,130.0,0.02,10.0,0.01,1481.09,0.18,10.0,0.62,13.0,0.96,5.0,0.98,110.0,0.99,1481.09,0.08,0.08,44.978659,1776165887000
1776165889.542,289.542,0.82,10.0,0.38,13.0,0.04,5.0,0.02,110.0,0.01,1481.09,0.9,96.7,0.95,22.0,0.96,130.0,0.98,10.0,0.99,1481.09,0.1,96.7,0.05,22.0,0.04,130.0,0.02,10.0,0.01,1481.09,0.18,10.0,0.62,13.0,0.96,5.0,0.98,110.0,0.99,1481.09,0.08,0.08,44.990626,1776165888000
1776165890.118,290.118,0.15,98.84,0.05,22.0,0.04,5.0,0.02,10.0,0.01,1481.09,0.96,5.0,0.98,10.0,0.99,2086.09,,,,,0.1,96.7,0.05,22.0,0.04,130.0,0.02,10.0,0.01,1481.09,0.18,10.0,0.62,13.0,0.96,5.0,0.98,110.0,0.99,1481.09,0.81,0.08,44.990626,1776165888000
1776165891.386,291.386,0.15,98.84,0.05,22.0,0.04,5.0,0.02,10.0,0.01,1481.09,0.96,5.0,0.98,10.0,0.99,2086.09,,,,,0.04,5.0,0.02,10.0,0.01,2086.09,,,,,0.85,98.84,0.95,22.0,0.96,5.0,0.98,10.0,0.99,1481.09,0.81,0.81,44.992306,1776165890000
1776165892.339,292.339,0.15,98.84,0.05,22.0,0.04,5.0,0.02,10.0,0.01,1481.09,0.96,5.0,0.98,10.0,0.99,2086.09,,,,,0.04,5.0,0.02,10.0,0.01,2086.09,,,,,0.85,98.84,0.95,22.0,0.96,5.0,0.98,10.0,0.99,1481.09,0.81,0.81,44.992862,1776165891000
1776165892.982,292.982,0.15,98.84,0.05,22.0,0.04,5.0,0.02,10.0,0.01,1481.09,0.96,5.0,0.98,10.0,0.99,2086.09,,,,,0.04,5.0,0.02,10.0,0.01,2086.09,,,,,0.85,98.84,0.95,22.0,0.96,5.0,0.98,10.0,0.99,1481.09,0.81,0.81,44.986708,1776165892000
1776165893.998,293.998,0.15,98.84,0.05,22.0,0.04,5.0,0.02,10.0,0.01,1481.09,0.96,5.0,0.98,10.0,0.99,2086.09,,,,,0.04,5.0,0.02,10.0,0.01,2086.09,,,,,0.85,98.84,0.95,22.0,0.96,5.0,0.98,10.0,0.99,1481.09,0.81,0.81,44.995003,1776165893000
1776165895.059,295.059,0.15,98.84,0.05,22.0,0.04,5.0,0.02,10.0,0.01,1481.09,0.96,5.0,0.98,10.0,0.99,2086.09,,,,,0.04,5.0,0.02,10.0,0.01,2086.09,,,,,0.85,98.84,0.95,22.0,0.96,5.0,0.98,10.0,0.99,1481.09,0.81,0.81,44.994748,1776165894000
1776165895.914,295.914,0.9,10.0,0.68,7.0,0.15,98.84,0.05,22.0,0.04,5.0,0.98,9.54,0.99,486.09,,,,,,,0.04,5.0,0.02,10.0,0.01,2086.09,,,,,0.85,98.84,0.95,22.0,0.96,5.0,0.98,10.0,0.99,1481.09,0.08,0.81,44.994748,1776165894000
1776165896.849,296.849,0.91,10.0,0.76,6.0,0.05,22.0,0.04,5.0,0.02,10.0,0.98,4.54,0.99,356.09,,,,,,,0.02,9.54,0.01,486.09,,,,,,,0.1,10.0,0.32,7.0,0.85,98.84,0.95,22.0,0.96,5.0,0.07,0.08,44.994456,1776165895000
1776165897.257,297.257,0.91,10.0,0.88,5.0,0.05,22.0,0.04,5.0,0.02,10.0,0.99,355.53,,,,,,,,,0.02,4.54,0.01,356.09,,,,,,,0.09,10.0,0.24,6.0,0.95,22.0,0.96,5.0,0.98,10.0,0.08,0.07,44.994456,1776165895000
1776165897.655,297.655,0.91,10.0,0.88,5.0,0.05,22.0,0.04,5.0,0.02,10.0,0.99,345.92,,,,,,,,,0.01,354.51,,,,,,,,,0.09,10.0,0.12,5.0,0.95,22.0,0.96,5.0,0.98,10.0,0.08,0.08,44.99499,1776165896000
1776165898.184,298.184,0.91,10.0,0.88,5.0,0.05,34.0,0.04,5.0,0.02,10.0,0.99,330.86,,,,,,,,,0.01,330.86,,,,,,,,,0.09,10.0,0.12,5.0,0.95,34.0,0.96,5.0,0.98,10.0,0.08,0.08,44.99462,1776165897000
1776165898.486,298.486,0.91,10.0,0.88,5.0,0.61,6.0,0.51,7.0,0.41,8.0,0.99,305.8,,,,,,,,,0.01,310.86,,,,,,,,,0.09,10.0,0.12,5.0,0.39,6.0,0.49,7.0,0.59,8.0,0.08,0.08,44.99462,1776165897000
1776165898.712,298.712,0.91,4.0,0.88,5.0,0.61,6.0,0.51,7.0,0.41,8.0,,,,,,,,,,,0.01,265.8,,,,,,,,,0.09,4.0,0.12,5.0,0.39,6.0,0.49,7.0,0.59,8.0,,0.08,44.99462,1776165897000
1776165899.976,299.976,0.91,4.0,0.88,5.0,0.61,6.0,0.51,7.0,0.41,8.0,,,,,,,,,,,,,,,,,,,,,0.09,4.0,0.12,5.0,0.39,6.0,0.49,7.0,0.59,8.0,,,44.995075,1776165898000
1776165900.521,300.521,0.91,4.0,0.88,5.0,0.61,6.0,0.51,7.0,0.41,8.0,,,,,,,,,,,,,,,,,,,,,0.09,4.0,0.12,5.0,0.39,6.0,0.49,7.0,0.59,8.0,,,44.995689,1776165899000
1776165901.148,301.148,0.91,4.0,0.88,5.0,0.61,6.0,0.51,7.0,0.41,8.0,,,,,,,,,,,,,,,,,,,,,0.09,4.0,0.12,5.0,0.39,6.0,0.49,7.0,0.59,8.0,,,44.995689,1776165900000
1776165902.411,302.411,0.91,4.0,0.88,5.0,0.61,6.0,0.51,7.0,0.41,8.0,,,,,,,,,,,,,,,,,,,,,0.09,4.0,0.12,5.0,0.39,6.0,0.49,7.0,0.59,8.0,,,44.996153,1776165901000

# RESULT,winner=Up,slug=hype-updown-5m-1776165600,ticks=299
