timestamp,elapsed_sec,up_bid_p1,up_bid_s1,up_bid_p2,up_bid_s2,up_ask_p1,up_ask_s1,up_ask_p2,up_ask_s2,down_bid_p1,down_bid_s1,down_bid_p2,down_bid_s2,down_ask_p1,down_ask_s1,down_ask_p2,down_ask_s2,up_spread,down_spread,hype_price,hype_oracle_ts
1776198011.685,11.685,0.47,10.0,0.42,5.0,0.5,5.0,0.64,10.0,0.5,5.0,0.34,5.0,0.53,10.0,0.58,5.0,0.03,0.03,43.433121,1776198010000
1776198012.117,12.117,0.47,10.0,0.42,5.0,0.5,5.0,0.64,10.0,0.5,5.0,0.34,5.0,0.53,10.0,0.58,5.0,0.03,0.03,43.433121,1776198010000
1776198012.441,12.441,0.47,10.0,0.42,5.0,0.5,5.0,0.64,10.0,0.5,5.0,0.36,10.0,0.53,10.0,0.58,5.0,0.03,0.03,43.43366,1776198011000
1776198012.969,12.969,0.47,10.0,0.42,5.0,0.5,5.0,0.64,10.0,0.5,5.0,0.36,10.0,0.53,10.0,0.58,5.0,0.03,0.03,43.43366,1776198012000
1776198014.223,14.223,0.47,10.0,0.42,5.0,0.5,5.0,0.64,10.0,0.5,5.0,0.36,10.0,0.53,10.0,0.58,5.0,0.03,0.03,43.432752,1776198013000
1776198015.22,15.22,0.47,10.0,0.42,5.0,0.5,5.0,0.64,10.0,0.5,5.0,0.36,10.0,0.53,10.0,0.58,5.0,0.03,0.03,43.432747,1776198014000
1776198016.343,16.343,0.47,10.0,0.42,5.0,0.5,5.0,0.64,10.0,0.5,5.0,0.36,10.0,0.53,10.0,0.58,5.0,0.03,0.03,43.432294,1776198015000
1776198017.343,17.343,0.47,10.0,0.42,5.0,0.5,5.0,0.64,10.0,0.5,5.0,0.36,10.0,0.53,10.0,0.58,5.0,0.03,0.03,43.432186,1776198016000
1776198018.326,18.326,0.47,10.0,0.42,5.0,0.5,5.0,0.64,10.0,0.5,5.0,0.36,10.0,0.53,10.0,0.58,5.0,0.03,0.03,43.432092,1776198017000
1776198018.838,18.838,0.47,10.0,0.42,5.0,0.5,5.0,0.64,10.0,0.5,5.0,0.36,10.0,0.53,10.0,0.58,5.0,0.03,0.03,43.431805,1776198018000
1776198019.991,19.991,0.47,10.0,0.42,5.0,0.5,5.0,0.64,10.0,0.5,5.0,0.36,10.0,0.53,10.0,0.58,5.0,0.03,0.03,43.432181,1776198019000
1776198021.05,21.05,0.55,5.0,0.48,5.0,0.72,15.0,0.73,5.0,0.28,15.0,0.27,5.0,0.45,5.0,0.52,5.0,0.17,0.17,43.432251,1776198020000
1776198022.29,22.29,0.55,5.0,0.48,5.0,0.72,15.0,0.73,5.0,0.28,15.0,0.27,5.0,0.45,5.0,0.52,5.0,0.17,0.17,43.432803,1776198021000
1776198023.25,23.25,0.55,5.0,0.48,5.0,0.72,15.0,0.73,5.0,0.28,15.0,0.27,5.0,0.45,5.0,0.52,5.0,0.17,0.17,43.437678,1776198022000
1776198024.499,24.499,0.55,5.0,0.48,5.0,0.72,15.0,0.73,5.0,0.28,15.0,0.27,5.0,0.45,5.0,0.52,5.0,0.17,0.17,43.43873,1776198023000
1776198025.039,25.039,0.55,5.0,0.48,5.0,0.72,15.0,0.73,5.0,0.28,15.0,0.27,5.0,0.45,5.0,0.52,5.0,0.17,0.17,43.438727,1776198024000
1776198026.265,26.265,0.55,5.0,0.48,5.0,0.72,15.0,0.73,5.0,0.28,15.0,0.27,5.0,0.45,5.0,0.52,5.0,0.17,0.17,43.438682,1776198025000
1776198027.27,27.27,0.55,5.0,0.48,5.0,0.72,15.0,0.73,5.0,0.28,15.0,0.27,5.0,0.45,5.0,0.52,5.0,0.17,0.17,43.441441,1776198026000
1776198028.425,28.425,0.55,5.0,0.48,5.0,0.72,15.0,0.73,5.0,0.28,15.0,0.27,5.0,0.45,5.0,0.52,5.0,0.17,0.17,43.441575,1776198027000
1776198028.922,28.922,0.55,5.0,0.48,5.0,0.72,15.0,0.73,5.0,0.28,15.0,0.27,5.0,0.45,5.0,0.52,5.0,0.17,0.17,43.441577,1776198028000
1776198030.089,30.089,0.55,5.0,0.48,5.0,0.72,15.0,0.73,5.0,0.28,15.0,0.27,5.0,0.45,5.0,0.52,5.0,0.17,0.17,43.442768,1776198029000
1776198031.104,31.104,0.55,5.0,0.48,5.0,0.72,15.0,0.73,5.0,0.28,15.0,0.27,5.0,0.45,5.0,0.52,5.0,0.17,0.17,43.443236,1776198030000
1776198032.667,32.667,0.55,5.0,0.48,5.0,0.72,15.0,0.73,5.0,0.28,15.0,0.27,5.0,0.45,5.0,0.52,5.0,0.17,0.17,43.442909,1776198031000
1776198033.175,33.175,0.55,5.0,0.48,5.0,0.72,15.0,0.73,5.0,0.28,15.0,0.27,5.0,0.45,5.0,0.52,5.0,0.17,0.17,43.442909,1776198032000
1776198034.161,34.161,0.55,5.0,0.48,5.0,0.72,15.0,0.73,5.0,0.28,15.0,0.27,5.0,0.45,5.0,0.52,5.0,0.17,0.17,43.442906,1776198033000
1776198035.165,35.165,0.55,5.0,0.48,5.0,0.72,15.0,0.73,5.0,0.28,15.0,0.27,5.0,0.45,5.0,0.52,5.0,0.17,0.17,43.443413,1776198034000
1776198036.283,36.283,0.55,5.0,0.48,5.0,0.72,15.0,0.73,5.0,0.28,15.0,0.27,5.0,0.45,5.0,0.52,5.0,0.17,0.17,43.443413,1776198035000
1776198037.393,37.393,0.55,5.0,0.48,5.0,0.72,15.0,0.73,5.0,0.28,15.0,0.27,5.0,0.45,5.0,0.52,5.0,0.17,0.17,43.440397,1776198036000
1776198037.959,37.959,0.55,5.0,0.48,5.0,0.72,15.0,0.73,5.0,0.28,15.0,0.27,5.0,0.45,5.0,0.52,5.0,0.17,0.17,43.440366,1776198037000
1776198039.047,39.047,0.55,5.0,0.48,5.0,0.72,15.0,0.73,5.0,0.28,15.0,0.27,5.0,0.45,5.0,0.52,5.0,0.17,0.17,43.440876,1776198038000
1776198040.056,40.056,0.55,5.0,0.48,5.0,0.72,15.0,0.73,5.0,0.28,15.0,0.27,5.0,0.45,5.0,0.52,5.0,0.17,0.17,43.441365,1776198039000
1776198041.029,41.029,0.55,5.0,0.48,5.0,0.72,15.0,0.73,5.0,0.28,15.0,0.27,5.0,0.45,5.0,0.52,5.0,0.17,0.17,43.440794,1776198040000
1776198042.104,42.104,0.55,5.0,0.48,5.0,0.72,15.0,0.73,5.0,0.28,15.0,0.27,5.0,0.45,5.0,0.52,5.0,0.17,0.17,43.438272,1776198041000
1776198043.291,43.291,0.55,5.0,0.48,5.0,0.72,15.0,0.73,5.0,0.28,15.0,0.27,5.0,0.45,5.0,0.52,5.0,0.17,0.17,43.437942,1776198042000
1776198044.309,44.309,0.55,5.0,0.48,5.0,0.72,15.0,0.73,5.0,0.28,15.0,0.27,5.0,0.45,5.0,0.52,5.0,0.17,0.17,43.437942,1776198043000
1776198045.273,45.273,0.55,5.0,0.48,5.0,0.72,15.0,0.73,5.0,0.28,15.0,0.27,5.0,0.45,5.0,0.52,5.0,0.17,0.17,43.439902,1776198044000
1776198046.463,46.463,0.55,5.0,0.48,5.0,0.72,15.0,0.73,5.0,0.28,15.0,0.27,5.0,0.45,5.0,0.52,5.0,0.17,0.17,43.439183,1776198045000
1776198047.858,47.858,0.55,5.0,0.48,5.0,0.72,15.0,0.73,5.0,0.28,15.0,0.27,5.0,0.45,5.0,0.52,5.0,0.17,0.17,43.439157,1776198046000
1776198048.452,48.452,0.55,5.0,0.48,5.0,0.72,15.0,0.73,5.0,0.28,15.0,0.27,5.0,0.45,5.0,0.52,5.0,0.17,0.17,43.439224,1776198047000
1776198049.177,49.177,0.55,5.0,0.48,5.0,0.72,15.0,0.73,5.0,0.28,15.0,0.27,5.0,0.45,5.0,0.52,5.0,0.17,0.17,43.438097,1776198048000
1776198050.491,50.491,0.55,5.0,0.48,5.0,0.72,15.0,0.73,5.0,0.28,15.0,0.27,5.0,0.45,5.0,0.52,5.0,0.17,0.17,43.437264,1776198049000
1776198050.966,50.966,0.55,5.0,0.48,5.0,0.72,15.0,0.73,5.0,0.28,15.0,0.27,5.0,0.45,5.0,0.52,5.0,0.17,0.17,43.436584,1776198050000
1776198052.402,52.402,0.55,5.0,0.48,5.0,0.72,15.0,0.73,5.0,0.28,15.0,0.27,5.0,0.45,5.0,0.52,5.0,0.17,0.17,43.43244,1776198051000
1776198053.496,53.496,0.55,5.0,0.48,5.0,0.72,15.0,0.73,5.0,0.28,15.0,0.27,5.0,0.45,5.0,0.52,5.0,0.17,0.17,43.429785,1776198052000
1776198054.159,54.159,0.55,5.0,0.48,5.0,0.72,15.0,0.73,5.0,0.28,15.0,0.27,5.0,0.45,5.0,0.52,5.0,0.17,0.17,43.430064,1776198053000
1776198055.411,55.411,0.55,5.0,0.48,5.0,0.72,15.0,0.73,5.0,0.28,15.0,0.27,5.0,0.45,5.0,0.52,5.0,0.17,0.17,43.431089,1776198054000
1776198056.114,56.114,0.55,5.0,0.48,5.0,0.72,15.0,0.73,5.0,0.28,15.0,0.27,5.0,0.45,5.0,0.52,5.0,0.17,0.17,43.429686,1776198055000
1776198057.348,57.348,0.55,5.0,0.48,5.0,0.72,15.0,0.73,5.0,0.28,15.0,0.27,5.0,0.45,5.0,0.52,5.0,0.17,0.17,43.427973,1776198056000
1776198058.606,58.606,0.55,5.0,0.48,5.0,0.72,15.0,0.73,5.0,0.28,15.0,0.27,5.0,0.45,5.0,0.52,5.0,0.17,0.17,43.427522,1776198057000
1776198059.18,59.18,0.55,5.0,0.48,5.0,0.72,15.0,0.73,5.0,0.28,15.0,0.27,5.0,0.45,5.0,0.52,5.0,0.17,0.17,43.427059,1776198058000
1776198060.473,60.473,0.55,5.0,0.48,5.0,0.72,15.0,0.73,5.0,0.28,15.0,0.27,5.0,0.45,5.0,0.52,5.0,0.17,0.17,43.427513,1776198059000
1776198061.129,61.129,0.55,5.0,0.48,5.0,0.72,15.0,0.73,5.0,0.28,15.0,0.27,5.0,0.45,5.0,0.52,5.0,0.17,0.17,43.427824,1776198060000
1776198062.462,62.462,0.55,5.0,0.48,5.0,0.72,15.0,0.73,5.0,0.28,15.0,0.27,5.0,0.45,5.0,0.52,5.0,0.17,0.17,43.427824,1776198061000
1776198063.766,63.766,0.55,5.0,0.48,5.0,0.72,15.0,0.73,5.0,0.28,15.0,0.27,5.0,0.45,5.0,0.52,5.0,0.17,0.17,43.427187,1776198062000
1776198064.559,64.559,0.55,5.0,0.48,5.0,0.72,15.0,0.73,5.0,0.28,15.0,0.27,5.0,0.45,5.0,0.52,5.0,0.17,0.17,43.427187,1776198063000
1776198065.232,65.232,0.55,5.0,0.48,5.0,0.72,15.0,0.73,5.0,0.28,15.0,0.27,5.0,0.45,5.0,0.52,5.0,0.17,0.17,43.427946,1776198064000
1776198066.743,66.743,0.55,5.0,0.48,5.0,0.72,15.0,0.73,5.0,0.28,15.0,0.27,5.0,0.45,5.0,0.52,5.0,0.17,0.17,43.427998,1776198065000
1776198067.453,67.453,0.55,5.0,0.48,5.0,0.72,15.0,0.73,5.0,0.28,15.0,0.27,5.0,0.45,5.0,0.52,5.0,0.17,0.17,43.427897,1776198066000
1776198068.288,68.288,0.55,5.0,0.48,5.0,0.72,15.0,0.73,5.0,0.28,15.0,0.27,5.0,0.45,5.0,0.52,5.0,0.17,0.17,43.427253,1776198067000
1776198069.786,69.786,0.55,5.0,0.48,5.0,0.72,15.0,0.73,5.0,0.28,15.0,0.27,5.0,0.45,5.0,0.52,5.0,0.17,0.17,43.42714,1776198068000
1776198070.453,70.453,0.55,5.0,0.48,5.0,0.72,15.0,0.73,5.0,0.28,15.0,0.27,5.0,0.45,5.0,0.52,5.0,0.17,0.17,43.426614,1776198069000
1776198071.051,71.051,0.55,5.0,0.48,5.0,0.72,15.0,0.73,5.0,0.28,15.0,0.27,5.0,0.45,5.0,0.52,5.0,0.17,0.17,43.426614,1776198070000
1776198072.587,72.587,0.55,5.0,0.48,5.0,0.72,15.0,0.73,5.0,0.28,15.0,0.27,5.0,0.45,5.0,0.52,5.0,0.17,0.17,43.426585,1776198071000
1776198073.126,73.126,0.55,5.0,0.48,5.0,0.72,15.0,0.73,5.0,0.28,15.0,0.27,5.0,0.45,5.0,0.52,5.0,0.17,0.17,43.426685,1776198072000
1776198074.873,74.873,0.55,5.0,0.48,5.0,0.72,15.0,0.73,5.0,0.28,15.0,0.27,5.0,0.45,5.0,0.52,5.0,0.17,0.17,43.427382,1776198073000
1776198075.593,75.593,0.55,5.0,0.48,5.0,0.72,15.0,0.73,5.0,0.28,15.0,0.27,5.0,0.45,5.0,0.52,5.0,0.17,0.17,43.427382,1776198074000
1776198076.22,76.22,0.55,5.0,0.48,5.0,0.72,15.0,0.73,5.0,0.28,15.0,0.27,5.0,0.45,5.0,0.52,5.0,0.17,0.17,43.427208,1776198075000
1776198077.862,77.862,0.55,5.0,0.48,5.0,0.72,15.0,0.73,5.0,0.28,15.0,0.27,5.0,0.45,5.0,0.52,5.0,0.17,0.17,43.426471,1776198076000
1776198078.666,78.666,0.55,5.0,0.48,5.0,0.72,15.0,0.73,5.0,0.28,15.0,0.27,5.0,0.45,5.0,0.52,5.0,0.17,0.17,43.425665,1776198077000
1776198079.389,79.389,0.55,5.0,0.48,5.0,0.72,15.0,0.73,5.0,0.28,15.0,0.27,5.0,0.45,5.0,0.52,5.0,0.17,0.17,43.425845,1776198078000
1776198080.086,80.086,0.55,5.0,0.48,5.0,0.72,15.0,0.73,5.0,0.28,15.0,0.27,5.0,0.45,5.0,0.52,5.0,0.17,0.17,43.425804,1776198079000
1776198081.509,81.509,0.55,5.0,0.48,5.0,0.72,15.0,0.73,5.0,0.28,15.0,0.27,5.0,0.45,5.0,0.52,5.0,0.17,0.17,43.424602,1776198080000
1776198082.735,82.735,0.55,5.0,0.48,5.0,0.72,15.0,0.73,5.0,0.28,15.0,0.27,5.0,0.45,5.0,0.52,5.0,0.17,0.17,43.42157,1776198081000
1776198083.543,83.543,0.55,5.0,0.48,5.0,0.72,15.0,0.73,5.0,0.28,15.0,0.27,5.0,0.45,5.0,0.52,5.0,0.17,0.17,43.419738,1776198082000
1776198084.211,84.211,0.55,5.0,0.48,5.0,0.72,15.0,0.73,5.0,0.28,15.0,0.27,5.0,0.45,5.0,0.52,5.0,0.17,0.17,43.420189,1776198083000
1776198085.672,85.672,0.55,5.0,0.48,5.0,0.72,15.0,0.73,5.0,0.28,15.0,0.27,5.0,0.45,5.0,0.52,5.0,0.17,0.17,43.421034,1776198084000
1776198086.467,86.467,0.55,5.0,0.48,5.0,0.72,15.0,0.73,5.0,0.28,15.0,0.27,5.0,0.45,5.0,0.52,5.0,0.17,0.17,43.421979,1776198085000
1776198087.213,87.213,0.55,5.0,0.48,5.0,0.72,15.0,0.73,5.0,0.28,15.0,0.27,5.0,0.45,5.0,0.52,5.0,0.17,0.17,43.420961,1776198086000
1776198088.713,88.713,0.55,5.0,0.48,5.0,0.72,15.0,0.73,5.0,0.28,15.0,0.27,5.0,0.45,5.0,0.52,5.0,0.17,0.17,43.420961,1776198087000
1776198089.431,89.431,0.55,5.0,0.48,5.0,0.72,15.0,0.73,5.0,0.28,15.0,0.27,5.0,0.45,5.0,0.52,5.0,0.17,0.17,43.420956,1776198088000
1776198090.192,90.192,0.55,5.0,0.48,5.0,0.72,15.0,0.73,5.0,0.28,15.0,0.27,5.0,0.45,5.0,0.52,5.0,0.17,0.17,43.420866,1776198089000
1776198091.413,91.413,0.55,5.0,0.48,5.0,0.72,15.0,0.73,5.0,0.28,15.0,0.27,5.0,0.45,5.0,0.52,5.0,0.17,0.17,43.420585,1776198090000
1776198092.149,92.149,0.55,5.0,0.48,5.0,0.72,15.0,0.73,5.0,0.28,15.0,0.27,5.0,0.45,5.0,0.52,5.0,0.17,0.17,43.421602,1776198091000
1776198093.6,93.6,0.55,5.0,0.48,5.0,0.72,15.0,0.73,5.0,0.28,15.0,0.27,5.0,0.45,5.0,0.52,5.0,0.17,0.17,43.419293,1776198092000
1776198094.244,94.244,0.55,5.0,0.48,5.0,0.72,15.0,0.73,5.0,0.28,15.0,0.27,5.0,0.45,5.0,0.52,5.0,0.17,0.17,43.418736,1776198093000
1776198095.497,95.497,0.55,5.0,0.48,5.0,0.72,15.0,0.73,5.0,0.28,15.0,0.27,5.0,0.45,5.0,0.52,5.0,0.17,0.17,43.418411,1776198094000
1776198096.178,96.178,0.55,5.0,0.48,5.0,0.72,15.0,0.73,5.0,0.28,15.0,0.27,5.0,0.45,5.0,0.52,5.0,0.17,0.17,43.418099,1776198095000
1776198097.743,97.743,0.55,5.0,0.48,5.0,0.72,15.0,0.73,5.0,0.28,15.0,0.27,5.0,0.45,5.0,0.52,5.0,0.17,0.17,43.41514,1776198096000
1776198098.449,98.449,0.55,5.0,0.48,5.0,0.72,15.0,0.73,5.0,0.28,15.0,0.27,5.0,0.45,5.0,0.52,5.0,0.17,0.17,43.414988,1776198097000
1776198099.428,99.428,0.55,5.0,0.48,5.0,0.72,15.0,0.73,5.0,0.28,15.0,0.27,5.0,0.45,5.0,0.52,5.0,0.17,0.17,43.414845,1776198098000
1776198102.028,102.028,0.55,5.0,0.48,5.0,0.72,15.0,0.73,5.0,0.28,15.0,0.27,5.0,0.45,5.0,0.52,5.0,0.17,0.17,43.413518,1776198100000
1776198103.0,103.0,0.55,5.0,0.48,5.0,0.72,15.0,0.73,5.0,0.28,15.0,0.27,5.0,0.45,5.0,0.52,5.0,0.17,0.17,43.412315,1776198101000
1776198103.814,103.814,0.55,5.0,0.48,5.0,0.72,15.0,0.73,5.0,0.28,15.0,0.27,5.0,0.45,5.0,0.52,5.0,0.17,0.17,43.412315,1776198102000
1776198104.833,104.833,0.55,5.0,0.48,5.0,0.72,15.0,0.73,5.0,0.28,15.0,0.27,5.0,0.45,5.0,0.52,5.0,0.17,0.17,43.41228,1776198103000
1776198105.86,105.86,0.55,5.0,0.48,5.0,0.72,15.0,0.73,5.0,0.28,15.0,0.27,5.0,0.45,5.0,0.52,5.0,0.17,0.17,43.412279,1776198104000
1776198106.716,106.716,0.55,5.0,0.48,5.0,0.72,15.0,0.73,5.0,0.28,15.0,0.27,5.0,0.45,5.0,0.52,5.0,0.17,0.17,43.409869,1776198105000
1776198107.392,107.392,0.55,5.0,0.48,5.0,0.72,15.0,0.73,5.0,0.28,15.0,0.27,5.0,0.45,5.0,0.52,5.0,0.17,0.17,43.409492,1776198106000
1776198108.217,108.217,0.55,5.0,0.48,5.0,0.72,15.0,0.73,5.0,0.28,15.0,0.27,5.0,0.45,5.0,0.52,5.0,0.17,0.17,43.409457,1776198107000
1776198109.73,109.73,0.55,5.0,0.48,5.0,0.72,15.0,0.73,5.0,0.28,15.0,0.27,5.0,0.45,5.0,0.52,5.0,0.17,0.17,43.409566,1776198108000
1776198110.712,110.712,0.55,5.0,0.48,5.0,0.72,15.0,0.73,5.0,0.28,15.0,0.27,5.0,0.45,5.0,0.52,5.0,0.17,0.17,43.409194,1776198109000
1776198111.201,111.201,0.55,5.0,0.48,5.0,0.72,15.0,0.73,5.0,0.28,15.0,0.27,5.0,0.45,5.0,0.52,5.0,0.17,0.17,43.409594,1776198110000
1776198112.711,112.711,0.55,5.0,0.48,5.0,0.72,15.0,0.73,5.0,0.28,15.0,0.27,5.0,0.45,5.0,0.52,5.0,0.17,0.17,43.409629,1776198111000
1776198113.378,113.378,0.55,5.0,0.48,5.0,0.72,15.0,0.73,5.0,0.28,15.0,0.27,5.0,0.45,5.0,0.52,5.0,0.17,0.17,43.409466,1776198112000
1776198114.111,114.111,0.55,5.0,0.48,5.0,0.72,15.0,0.73,5.0,0.28,15.0,0.27,5.0,0.45,5.0,0.52,5.0,0.17,0.17,43.40904,1776198113000
1776198114.538,114.538,0.35,0.38,0.28,15.0,0.37,10.0,0.4,15.0,0.28,15.0,0.27,5.0,0.45,5.0,0.52,5.0,0.02,0.17,43.40904,1776198113000
1776198115.333,115.333,0.35,0.38,0.28,15.0,0.37,10.0,0.4,15.0,0.63,10.0,0.6,15.0,0.65,0.38,0.72,15.0,0.02,0.02,43.40561,1776198114000
1776198116.045,116.045,0.35,0.38,0.28,15.0,0.37,10.0,0.4,15.0,0.63,10.0,0.6,15.0,0.65,0.38,0.72,15.0,0.02,0.02,43.405567,1776198115000
1776198116.663,116.663,0.26,15.0,0.25,15.0,0.35,9.62,0.39,15.0,0.63,10.0,0.6,15.0,0.65,0.38,0.72,15.0,0.09,0.02,43.405567,1776198115000
1776198117.415,117.415,0.27,15.0,0.26,15.0,0.36,4.0,0.38,15.0,0.65,9.62,0.61,15.0,0.74,15.0,0.75,15.0,0.09,0.09,43.405567,1776198115000
1776198118.285,118.285,0.27,15.0,0.26,15.0,0.36,4.0,0.38,15.0,0.64,4.0,0.62,15.0,0.73,15.0,0.74,15.0,0.09,0.09,43.404887,1776198117000
1776198119.737,119.737,0.27,15.0,0.26,15.0,0.36,4.0,0.38,15.0,0.64,4.0,0.62,15.0,0.73,15.0,0.74,15.0,0.09,0.09,43.405175,1776198118000
1776198120.378,120.378,0.27,15.0,0.26,15.0,0.36,4.0,0.38,15.0,0.64,4.0,0.62,15.0,0.73,15.0,0.74,15.0,0.09,0.09,43.404555,1776198119000
1776198121.618,121.618,0.27,15.0,0.26,15.0,0.36,4.0,0.38,15.0,0.64,4.0,0.62,15.0,0.73,15.0,0.74,15.0,0.09,0.09,43.404102,1776198120000
1776198122.386,122.386,0.27,15.0,0.26,15.0,0.36,4.0,0.38,15.0,0.64,4.0,0.62,15.0,0.73,15.0,0.74,15.0,0.09,0.09,43.403888,1776198121000
1776198123.067,123.067,0.27,15.0,0.26,15.0,0.36,4.0,0.38,15.0,0.64,4.0,0.62,15.0,0.73,15.0,0.74,15.0,0.09,0.09,43.40349,1776198122000
1776198124.662,124.662,0.27,15.0,0.26,15.0,0.36,4.0,0.38,15.0,0.64,4.0,0.62,15.0,0.73,15.0,0.74,15.0,0.09,0.09,43.398604,1776198123000
1776198125.305,125.305,0.27,15.0,0.26,15.0,0.36,4.0,0.38,15.0,0.64,4.0,0.62,15.0,0.73,15.0,0.74,15.0,0.09,0.09,43.398239,1776198124000
1776198126.909,126.909,0.27,15.0,0.26,15.0,0.36,4.0,0.38,15.0,0.64,4.0,0.62,15.0,0.73,15.0,0.74,15.0,0.09,0.09,43.397912,1776198125000
1776198127.62,127.62,0.27,15.0,0.26,15.0,0.36,4.0,0.38,15.0,0.64,4.0,0.62,15.0,0.73,15.0,0.74,15.0,0.09,0.09,43.397844,1776198126000
1776198128.508,128.508,0.27,15.0,0.26,15.0,0.36,4.0,0.38,15.0,0.64,4.0,0.62,15.0,0.73,15.0,0.74,15.0,0.09,0.09,43.397114,1776198127000
1776198129.098,129.098,0.27,15.0,0.26,15.0,0.36,4.0,0.38,15.0,0.64,4.0,0.62,15.0,0.73,15.0,0.74,15.0,0.09,0.09,43.397295,1776198128000
1776198130.469,130.469,0.27,15.0,0.26,15.0,0.36,4.0,0.38,15.0,0.64,4.0,0.62,15.0,0.73,15.0,0.74,15.0,0.09,0.09,43.399403,1776198129000
1776198131.289,131.289,0.27,15.0,0.26,15.0,0.36,4.0,0.38,15.0,0.64,4.0,0.62,15.0,0.73,15.0,0.74,15.0,0.09,0.09,43.398554,1776198130000
1776198132.535,132.535,0.27,15.0,0.26,15.0,0.36,4.0,0.38,15.0,0.64,4.0,0.62,15.0,0.73,15.0,0.74,15.0,0.09,0.09,43.398745,1776198131000
1776198133.384,133.384,0.27,15.0,0.26,15.0,0.36,4.0,0.38,15.0,0.64,4.0,0.62,15.0,0.73,15.0,0.74,15.0,0.09,0.09,43.39641,1776198132000
1776198134.382,134.382,0.27,15.0,0.26,15.0,0.36,4.0,0.38,15.0,0.64,4.0,0.62,15.0,0.73,15.0,0.74,15.0,0.09,0.09,43.396866,1776198133000
1776198135.13,135.13,0.27,15.0,0.26,15.0,0.36,4.0,0.38,15.0,0.64,4.0,0.62,15.0,0.73,15.0,0.74,15.0,0.09,0.09,43.397135,1776198134000
1776198135.348,135.348,0.23,15.0,0.22,15.0,0.36,3.47,0.37,15.0,0.64,4.0,0.62,15.0,0.73,15.0,0.74,15.0,0.13,0.09,43.397135,1776198134000
1776198136.508,136.508,0.23,15.0,0.22,15.0,0.36,3.47,0.37,15.0,0.64,3.47,0.63,15.0,0.77,15.0,0.78,15.0,0.13,0.13,43.396833,1776198135000
1776198137.332,137.332,0.23,15.0,0.22,15.0,0.36,3.47,0.37,15.0,0.64,3.47,0.63,15.0,0.77,15.0,0.78,15.0,0.13,0.13,43.396833,1776198136000
1776198138.606,138.606,0.23,15.0,0.22,15.0,0.36,3.47,0.37,15.0,0.64,3.47,0.63,15.0,0.77,15.0,0.78,15.0,0.13,0.13,43.396352,1776198137000
1776198139.354,139.354,0.23,15.0,0.22,15.0,0.36,3.47,0.37,15.0,0.64,3.47,0.63,15.0,0.77,15.0,0.78,15.0,0.13,0.13,43.396352,1776198138000
1776198140.72,140.72,0.23,15.0,0.22,15.0,0.36,3.47,0.37,15.0,0.64,3.47,0.63,15.0,0.77,15.0,0.78,15.0,0.13,0.13,43.396979,1776198139000
1776198141.306,141.306,0.23,15.0,0.22,15.0,0.36,3.47,0.37,15.0,0.64,3.47,0.63,15.0,0.77,15.0,0.78,15.0,0.13,0.13,43.39762,1776198140000
1776198142.53,142.53,0.23,15.0,0.22,15.0,0.36,3.47,0.37,15.0,0.64,3.47,0.63,15.0,0.77,15.0,0.78,15.0,0.13,0.13,43.397138,1776198141000
1776198143.293,143.293,0.23,15.0,0.22,15.0,0.36,3.47,0.37,15.0,0.64,3.47,0.63,15.0,0.77,15.0,0.78,15.0,0.13,0.13,43.390448,1776198142000
1776198144.463,144.463,0.54,10.0,0.21,15.0,0.65,13.61,0.66,15.0,0.64,3.47,0.63,15.0,0.77,15.0,0.78,15.0,0.11,0.13,43.390448,1776198142000
1776198145.19,145.19,0.54,10.0,0.21,15.0,0.65,13.61,0.66,15.0,0.35,13.61,0.34,15.0,0.46,10.0,0.79,15.0,0.11,0.11,43.3891,1776198144000
1776198145.468,145.468,0.65,10.0,0.23,15.0,0.73,10.93,0.74,15.0,0.35,13.61,0.34,15.0,0.46,10.0,0.79,15.0,0.08,0.11,43.3891,1776198144000
1776198146.358,146.358,0.65,10.0,0.23,15.0,0.73,10.93,0.74,15.0,0.27,10.93,0.26,15.0,0.35,10.0,0.77,15.0,0.08,0.08,43.398114,1776198145000
1776198147.138,147.138,0.65,10.0,0.23,15.0,0.73,10.93,0.74,15.0,0.27,10.93,0.26,15.0,0.35,10.0,0.77,15.0,0.08,0.08,43.418077,1776198146000
1776198148.319,148.319,0.65,10.0,0.23,15.0,0.73,10.93,0.74,15.0,0.27,10.93,0.26,15.0,0.35,10.0,0.77,15.0,0.08,0.08,43.4394,1776198147000
1776198149.633,149.633,0.65,10.0,0.23,15.0,0.73,10.93,0.74,15.0,0.27,10.93,0.26,15.0,0.35,10.0,0.77,15.0,0.08,0.08,43.442403,1776198148000
1776198150.326,150.326,0.65,10.0,0.23,15.0,0.73,10.93,0.74,15.0,0.27,10.93,0.26,15.0,0.35,10.0,0.77,15.0,0.08,0.08,43.436952,1776198149000
1776198151.35,151.35,0.65,10.0,0.23,15.0,0.73,10.93,0.74,15.0,0.27,10.93,0.26,15.0,0.35,10.0,0.77,15.0,0.08,0.08,43.436609,1776198150000
1776198152.351,152.351,0.65,10.0,0.23,15.0,0.73,10.93,0.74,15.0,0.27,10.93,0.26,15.0,0.35,10.0,0.77,15.0,0.08,0.08,43.437126,1776198151000
1776198153.189,153.189,0.65,10.0,0.23,15.0,0.73,10.93,0.74,15.0,0.27,10.93,0.26,15.0,0.35,10.0,0.77,15.0,0.08,0.08,43.436974,1776198152000
1776198154.274,154.274,0.65,10.0,0.23,15.0,0.73,10.93,0.74,15.0,0.27,10.93,0.26,15.0,0.35,10.0,0.77,15.0,0.08,0.08,43.43609,1776198153000
1776198155.453,155.453,0.65,10.0,0.23,15.0,0.73,10.93,0.74,15.0,0.27,10.93,0.26,15.0,0.35,10.0,0.77,15.0,0.08,0.08,43.42387,1776198154000
1776198156.612,156.612,0.65,10.0,0.23,15.0,0.73,10.93,0.74,15.0,0.27,10.93,0.26,15.0,0.35,10.0,0.77,15.0,0.08,0.08,43.416612,1776198155000
1776198157.169,157.169,0.65,10.0,0.23,15.0,0.73,10.93,0.74,15.0,0.27,10.93,0.26,15.0,0.35,10.0,0.77,15.0,0.08,0.08,43.417441,1776198156000
1776198158.047,158.047,0.65,10.0,0.23,15.0,0.73,10.93,0.74,15.0,0.27,10.93,0.26,15.0,0.35,10.0,0.77,15.0,0.08,0.08,43.420352,1776198157000
1776198159.055,159.055,0.65,10.0,0.23,15.0,0.73,10.93,0.74,15.0,0.27,10.93,0.26,15.0,0.35,10.0,0.77,15.0,0.08,0.08,43.420352,1776198158000
1776198160.024,160.024,0.65,10.0,0.23,15.0,0.73,10.93,0.74,15.0,0.27,10.93,0.26,15.0,0.35,10.0,0.77,15.0,0.08,0.08,43.420505,1776198159000
1776198161.026,161.026,0.65,10.0,0.23,15.0,0.73,10.93,0.74,15.0,0.27,10.93,0.26,15.0,0.35,10.0,0.77,15.0,0.08,0.08,43.419642,1776198160000
1776198161.985,161.985,0.65,10.0,0.23,15.0,0.73,10.93,0.74,15.0,0.27,10.93,0.26,15.0,0.35,10.0,0.77,15.0,0.08,0.08,43.419642,1776198161000
1776198162.987,162.987,0.65,10.0,0.23,15.0,0.73,10.93,0.74,15.0,0.27,10.93,0.26,15.0,0.35,10.0,0.77,15.0,0.08,0.08,43.419642,1776198162000
1776198163.926,163.926,0.65,10.0,0.23,15.0,0.73,10.93,0.74,15.0,0.27,10.93,0.26,15.0,0.35,10.0,0.77,15.0,0.08,0.08,43.421785,1776198163000
1776198164.857,164.857,0.65,10.0,0.23,15.0,0.73,10.93,0.74,15.0,0.27,10.93,0.26,15.0,0.35,10.0,0.77,15.0,0.08,0.08,43.419806,1776198164000
1776198165.919,165.919,0.65,10.0,0.23,15.0,0.73,10.93,0.74,15.0,0.27,10.93,0.26,15.0,0.35,10.0,0.77,15.0,0.08,0.08,43.405803,1776198165000
1776198166.871,166.871,0.65,10.0,0.23,15.0,0.73,10.93,0.74,15.0,0.27,10.93,0.26,15.0,0.35,10.0,0.77,15.0,0.08,0.08,43.405273,1776198166000
1776198168.335,168.335,0.65,10.0,0.23,15.0,0.73,10.93,0.74,15.0,0.27,10.93,0.26,15.0,0.35,10.0,0.77,15.0,0.08,0.08,43.404468,1776198167000
1776198169.55,169.55,0.65,10.0,0.23,15.0,0.73,10.93,0.74,15.0,0.27,10.93,0.26,15.0,0.35,10.0,0.77,15.0,0.08,0.08,43.405449,1776198168000
1776198170.01,170.01,0.65,10.0,0.23,15.0,0.73,10.93,0.74,15.0,0.27,10.93,0.26,15.0,0.35,10.0,0.77,15.0,0.08,0.08,43.40439,1776198169000
1776198171.051,171.051,0.65,10.0,0.23,15.0,0.73,10.93,0.74,15.0,0.27,10.93,0.26,15.0,0.35,10.0,0.77,15.0,0.08,0.08,43.402971,1776198170000
1776198172.32,172.32,0.65,10.0,0.23,15.0,0.73,10.93,0.74,15.0,0.27,10.93,0.26,15.0,0.35,10.0,0.77,15.0,0.08,0.08,43.402997,1776198171000
1776198172.942,172.942,0.65,10.0,0.23,15.0,0.73,10.93,0.74,15.0,0.27,10.93,0.26,15.0,0.35,10.0,0.77,15.0,0.08,0.08,43.401614,1776198172000
1776198174.029,174.029,0.65,10.0,0.23,15.0,0.73,10.93,0.74,15.0,0.27,10.93,0.26,15.0,0.35,10.0,0.77,15.0,0.08,0.08,43.401011,1776198173000
1776198175.08,175.08,0.65,10.0,0.23,15.0,0.73,10.93,0.74,15.0,0.27,10.93,0.26,15.0,0.35,10.0,0.77,15.0,0.08,0.08,43.400508,1776198174000
1776198176.343,176.343,0.65,10.0,0.23,15.0,0.73,10.93,0.74,15.0,0.27,10.93,0.26,15.0,0.35,10.0,0.77,15.0,0.08,0.08,43.399587,1776198175000
1776198177.387,177.387,0.65,10.0,0.23,15.0,0.73,10.93,0.74,15.0,0.27,10.93,0.26,15.0,0.35,10.0,0.77,15.0,0.08,0.08,43.399593,1776198176000
1776198177.975,177.975,0.65,10.0,0.23,15.0,0.73,10.93,0.74,15.0,0.27,10.93,0.26,15.0,0.35,10.0,0.77,15.0,0.08,0.08,43.399438,1776198177000
1776198179.053,179.053,0.65,10.0,0.23,15.0,0.73,10.93,0.74,15.0,0.27,10.93,0.26,15.0,0.35,10.0,0.77,15.0,0.08,0.08,43.399609,1776198178000
1776198180.318,180.318,0.65,10.0,0.23,15.0,0.73,10.93,0.74,15.0,0.27,10.93,0.26,15.0,0.35,10.0,0.77,15.0,0.08,0.08,43.400423,1776198179000
1776198181.462,181.462,0.27,8.15,0.26,15.0,0.4,10.0,0.43,15.0,0.6,10.0,0.57,15.0,0.73,8.15,0.74,15.0,0.13,0.13,43.40098,1776198180000
1776198181.902,181.902,0.27,8.15,0.26,15.0,0.4,10.0,0.43,15.0,0.6,10.0,0.57,15.0,0.73,8.15,0.74,15.0,0.13,0.13,43.401463,1776198181000
1776198183.025,183.025,0.27,8.15,0.26,15.0,0.4,10.0,0.43,15.0,0.6,10.0,0.57,15.0,0.73,8.15,0.74,15.0,0.13,0.13,43.402023,1776198182000
1776198184.21,184.21,0.27,8.15,0.26,15.0,0.4,10.0,0.43,15.0,0.6,10.0,0.57,15.0,0.73,8.15,0.74,15.0,0.13,0.13,43.392742,1776198183000
1776198185.467,185.467,0.27,8.15,0.26,15.0,0.4,10.0,0.43,15.0,0.6,10.0,0.57,15.0,0.73,8.15,0.74,15.0,0.13,0.13,43.384156,1776198184000
1776198186.098,186.098,0.27,8.15,0.26,15.0,0.4,10.0,0.43,15.0,0.6,10.0,0.57,15.0,0.73,8.15,0.74,15.0,0.13,0.13,43.384156,1776198185000
1776198187.31,187.31,0.27,8.15,0.26,15.0,0.4,10.0,0.43,15.0,0.6,10.0,0.57,15.0,0.73,8.15,0.74,15.0,0.13,0.13,43.385237,1776198186000
1776198188.441,188.441,0.27,8.15,0.26,15.0,0.4,10.0,0.43,15.0,0.6,10.0,0.57,15.0,0.73,8.15,0.74,15.0,0.13,0.13,43.385639,1776198187000
1776198189.024,189.024,0.27,8.15,0.26,15.0,0.4,10.0,0.43,15.0,0.6,10.0,0.57,15.0,0.73,8.15,0.74,15.0,0.13,0.13,43.388087,1776198188000
1776198190.182,190.182,0.27,8.15,0.26,15.0,0.4,10.0,0.43,15.0,0.6,10.0,0.57,15.0,0.73,8.15,0.74,15.0,0.13,0.13,43.388608,1776198189000
1776198191.316,191.316,0.27,8.15,0.26,15.0,0.4,10.0,0.43,15.0,0.6,10.0,0.57,15.0,0.73,8.15,0.74,15.0,0.13,0.13,43.392407,1776198190000
1776198192.452,192.452,0.27,8.15,0.26,15.0,0.4,10.0,0.43,15.0,0.6,10.0,0.57,15.0,0.73,8.15,0.74,15.0,0.13,0.13,43.40069,1776198191000
1776198192.963,192.963,0.27,8.15,0.26,15.0,0.4,10.0,0.43,15.0,0.6,10.0,0.57,15.0,0.73,8.15,0.74,15.0,0.13,0.13,43.412309,1776198192000
1776198194.114,194.114,0.27,8.15,0.26,15.0,0.4,10.0,0.43,15.0,0.6,10.0,0.57,15.0,0.73,8.15,0.74,15.0,0.13,0.13,43.415875,1776198193000
1776198195.307,195.307,0.27,8.15,0.26,15.0,0.4,10.0,0.43,15.0,0.6,10.0,0.57,15.0,0.73,8.15,0.74,15.0,0.13,0.13,43.418964,1776198194000
1776198196.442,196.442,0.27,8.15,0.26,15.0,0.4,10.0,0.43,15.0,0.6,10.0,0.57,15.0,0.73,8.15,0.74,15.0,0.13,0.13,43.418887,1776198195000
1776198196.998,196.998,0.27,8.15,0.26,15.0,0.4,10.0,0.43,15.0,0.6,10.0,0.57,15.0,0.73,8.15,0.74,15.0,0.13,0.13,43.419143,1776198196000
1776198198.155,198.155,0.27,8.15,0.26,15.0,0.4,10.0,0.43,15.0,0.6,10.0,0.57,15.0,0.73,8.15,0.74,15.0,0.13,0.13,43.417499,1776198197000
1776198199.35,199.35,0.27,8.15,0.26,15.0,0.4,10.0,0.43,15.0,0.6,10.0,0.57,15.0,0.73,8.15,0.74,15.0,0.13,0.13,43.418942,1776198198000
1776198201.538,201.538,0.27,8.15,0.26,15.0,0.4,10.0,0.43,15.0,0.6,10.0,0.57,15.0,0.73,8.15,0.74,15.0,0.13,0.13,43.41894,1776198200000
1776198202.169,202.169,0.27,8.15,0.26,15.0,0.4,10.0,0.43,15.0,0.6,10.0,0.57,15.0,0.73,8.15,0.74,15.0,0.13,0.13,43.421425,1776198201000
1776198203.399,203.399,0.27,8.15,0.26,15.0,0.4,10.0,0.43,15.0,0.6,10.0,0.57,15.0,0.73,8.15,0.74,15.0,0.13,0.13,43.421737,1776198202000
1776198204.62,204.62,0.27,8.15,0.26,15.0,0.4,10.0,0.43,15.0,0.6,10.0,0.57,15.0,0.73,8.15,0.74,15.0,0.13,0.13,43.421766,1776198203000
1776198205.359,205.359,0.27,8.15,0.26,15.0,0.4,10.0,0.43,15.0,0.6,10.0,0.57,15.0,0.73,8.15,0.74,15.0,0.13,0.13,43.421766,1776198204000
1776198206.003,206.003,0.27,8.15,0.26,15.0,0.4,10.0,0.43,15.0,0.6,10.0,0.57,15.0,0.73,8.15,0.74,15.0,0.13,0.13,43.421766,1776198205000
1776198207.554,207.554,0.27,8.15,0.26,15.0,0.4,10.0,0.43,15.0,0.6,10.0,0.57,15.0,0.73,8.15,0.74,15.0,0.13,0.13,43.422153,1776198206000
1776198208.078,208.078,0.27,8.15,0.26,15.0,0.4,10.0,0.43,15.0,0.6,10.0,0.57,15.0,0.73,8.15,0.74,15.0,0.13,0.13,43.422171,1776198207000
1776198209.324,209.324,0.27,8.15,0.26,15.0,0.4,10.0,0.43,15.0,0.6,10.0,0.57,15.0,0.73,8.15,0.74,15.0,0.13,0.13,43.42217,1776198208000
1776198210.679,210.679,0.27,8.15,0.26,15.0,0.4,10.0,0.43,15.0,0.6,10.0,0.57,15.0,0.73,8.15,0.74,15.0,0.13,0.13,43.421768,1776198209000
1776198211.223,211.223,0.4,14.9,0.39,15.0,0.58,10.0,0.59,15.0,0.42,10.0,0.41,15.0,0.6,14.9,0.61,15.0,0.18,0.18,43.421615,1776198210000
1776198212.647,212.647,0.4,14.9,0.39,15.0,0.58,10.0,0.59,15.0,0.42,10.0,0.41,15.0,0.6,14.9,0.61,15.0,0.18,0.18,43.421654,1776198211000
1776198213.238,213.238,0.4,14.9,0.39,15.0,0.58,10.0,0.59,15.0,0.42,10.0,0.41,15.0,0.6,14.9,0.61,15.0,0.18,0.18,43.423199,1776198212000
1776198214.468,214.468,0.4,14.9,0.39,15.0,0.58,10.0,0.59,15.0,0.42,10.0,0.41,15.0,0.6,14.9,0.61,15.0,0.18,0.18,43.424122,1776198213000
1776198215.055,215.055,0.4,14.9,0.39,15.0,0.58,10.0,0.59,15.0,0.42,10.0,0.41,15.0,0.6,14.9,0.61,15.0,0.18,0.18,43.421524,1776198214000
1776198216.708,216.708,0.4,14.9,0.39,15.0,0.58,10.0,0.59,15.0,0.42,10.0,0.41,15.0,0.6,14.9,0.61,15.0,0.18,0.18,43.409657,1776198215000
1776198217.309,217.309,0.4,14.9,0.39,15.0,0.58,10.0,0.59,15.0,0.42,10.0,0.41,15.0,0.6,14.9,0.61,15.0,0.18,0.18,43.409004,1776198216000
1776198218.312,218.312,0.4,14.9,0.39,15.0,0.58,10.0,0.59,15.0,0.42,10.0,0.41,15.0,0.6,14.9,0.61,15.0,0.18,0.18,43.404453,1776198217000
1776198218.725,218.725,0.1,15.0,0.09,15.0,0.23,13.0,0.45,15.0,0.42,10.0,0.41,15.0,0.6,14.9,0.61,15.0,0.13,0.18,43.404453,1776198217000
1776198219.335,219.335,0.1,15.0,0.09,15.0,0.23,13.0,0.45,15.0,0.77,13.0,0.55,15.0,0.9,15.0,0.91,15.0,0.13,0.13,43.396688,1776198218000
1776198219.935,219.935,0.1,15.0,0.09,15.0,0.23,13.0,0.45,15.0,0.77,13.0,0.55,15.0,0.9,15.0,0.91,15.0,0.13,0.13,43.389895,1776198219000
1776198220.92,220.92,0.1,15.0,0.09,15.0,0.23,13.0,0.45,15.0,0.77,13.0,0.55,15.0,0.9,15.0,0.91,15.0,0.13,0.13,43.392579,1776198220000
1776198221.98,221.98,0.1,15.0,0.09,15.0,0.23,13.0,0.45,15.0,0.77,13.0,0.55,15.0,0.9,15.0,0.91,15.0,0.13,0.13,43.389393,1776198221000
1776198223.008,223.008,0.1,15.0,0.09,15.0,0.23,13.0,0.45,15.0,0.77,13.0,0.55,15.0,0.9,15.0,0.91,15.0,0.13,0.13,43.381658,1776198222000
1776198224.062,224.062,0.1,15.0,0.09,15.0,0.23,13.0,0.45,15.0,0.77,13.0,0.55,15.0,0.9,15.0,0.91,15.0,0.13,0.13,43.381618,1776198223000
1776198225.046,225.046,0.1,15.0,0.09,15.0,0.23,13.0,0.45,15.0,0.77,13.0,0.55,15.0,0.9,15.0,0.91,15.0,0.13,0.13,43.373321,1776198224000
1776198226.093,226.093,0.1,15.0,0.09,15.0,0.23,13.0,0.45,15.0,0.77,13.0,0.55,15.0,0.9,15.0,0.91,15.0,0.13,0.13,43.370687,1776198225000
1776198227.332,227.332,0.1,15.0,0.09,15.0,0.23,13.0,0.45,15.0,0.77,13.0,0.55,15.0,0.9,15.0,0.91,15.0,0.13,0.13,43.377754,1776198226000
1776198228.291,228.291,0.1,15.0,0.09,15.0,0.23,13.0,0.45,15.0,0.77,13.0,0.55,15.0,0.9,15.0,0.91,15.0,0.13,0.13,43.375101,1776198227000
1776198229.391,229.391,0.1,15.0,0.09,15.0,0.23,13.0,0.45,15.0,0.77,13.0,0.55,15.0,0.9,15.0,0.91,15.0,0.13,0.13,43.373398,1776198228000
1776198230.299,230.299,0.1,15.0,0.09,15.0,0.23,13.0,0.45,15.0,0.77,13.0,0.55,15.0,0.9,15.0,0.91,15.0,0.13,0.13,43.375093,1776198229000
1776198231.384,231.384,0.1,15.0,0.09,15.0,0.23,13.0,0.45,15.0,0.77,13.0,0.55,15.0,0.9,15.0,0.91,15.0,0.13,0.13,43.372333,1776198230000
1776198232.369,232.369,0.1,15.0,0.09,15.0,0.23,13.0,0.45,15.0,0.77,13.0,0.55,15.0,0.9,15.0,0.91,15.0,0.13,0.13,43.366779,1776198231000
1776198233.04,233.04,0.1,15.0,0.09,15.0,0.23,13.0,0.45,15.0,0.77,13.0,0.55,15.0,0.9,15.0,0.91,15.0,0.13,0.13,43.352278,1776198232000
1776198234.196,234.196,0.1,15.0,0.09,15.0,0.23,13.0,0.45,15.0,0.77,13.0,0.55,15.0,0.9,15.0,0.91,15.0,0.13,0.13,43.351253,1776198233000
1776198234.616,234.616,0.02,16.83,0.01,90.0,0.11,25.0,0.12,48.0,0.89,10.0,0.88,48.0,0.98,25.0,0.99,90.0,0.09,0.09,43.351253,1776198233000
1776198235.26,235.26,0.02,16.83,0.01,90.0,0.11,25.0,0.12,48.0,0.89,25.0,0.88,48.0,0.98,16.83,0.99,90.0,0.09,0.09,43.345772,1776198234000
1776198236.476,236.476,0.02,16.83,0.01,90.0,0.11,25.0,0.12,48.0,0.89,25.0,0.88,48.0,0.98,16.83,0.99,90.0,0.09,0.09,43.344475,1776198235000
1776198236.949,236.949,,,,,0.01,923.17,0.06,15.0,0.89,25.0,0.88,48.0,0.98,16.83,0.99,90.0,,0.09,43.344475,1776198235000
1776198237.328,237.328,,,,,0.01,915.19,0.05,15.0,0.99,923.17,0.94,15.0,,,,,,,43.335195,1776198236000
1776198238.245,238.245,,,,,0.01,915.19,0.05,15.0,0.99,915.19,0.95,15.0,,,,,,,43.326619,1776198237000
1776198239.241,239.241,,,,,0.01,915.19,0.05,15.0,0.99,915.19,0.95,15.0,,,,,,,43.3104,1776198238000
1776198240.266,240.266,,,,,0.01,915.19,0.05,15.0,0.99,915.19,0.95,15.0,,,,,,,43.307724,1776198239000
1776198241.516,241.516,,,,,0.01,915.19,0.05,15.0,0.99,915.19,0.95,15.0,,,,,,,43.310782,1776198240000
1776198242.096,242.096,,,,,0.01,915.19,0.05,15.0,0.99,915.19,0.95,15.0,,,,,,,43.310374,1776198241000
1776198243.641,243.641,,,,,0.01,915.19,0.05,15.0,0.99,915.19,0.95,15.0,,,,,,,43.31038,1776198242000
1776198244.306,244.306,,,,,0.01,915.19,0.05,15.0,0.99,915.19,0.95,15.0,,,,,,,43.30979,1776198243000
1776198246.22,246.22,,,,,0.01,915.19,0.05,15.0,0.99,915.19,0.95,15.0,,,,,,,43.312936,1776198245000
1776198247.644,247.644,,,,,0.03,11.2,0.04,15.0,0.97,11.2,0.96,15.0,,,,,,,43.31354,1776198246000
1776198248.184,248.184,,,,,0.03,11.2,0.04,15.0,0.97,11.2,0.96,15.0,,,,,,,43.311508,1776198247000
1776198249.699,249.699,,,,,0.03,11.2,0.04,15.0,0.97,11.2,0.96,15.0,,,,,,,43.310644,1776198248000
1776198250.233,250.233,,,,,0.03,11.2,0.04,15.0,0.97,11.2,0.96,15.0,,,,,,,43.312253,1776198249000
1776198251.871,251.871,,,,,0.03,11.2,0.04,15.0,0.97,11.2,0.96,15.0,,,,,,,43.313602,1776198250000
1776198252.365,252.365,,,,,0.03,11.2,0.04,15.0,0.97,11.2,0.96,15.0,,,,,,,43.314214,1776198251000
1776198253.091,253.091,,,,,0.03,11.2,0.04,15.0,0.97,11.2,0.96,15.0,,,,,,,43.314002,1776198252000
1776198254.24,254.24,,,,,0.03,11.2,0.04,15.0,0.97,11.2,0.96,15.0,,,,,,,43.313902,1776198253000
1776198254.719,254.719,,,,,0.01,28.95,0.02,15.0,0.97,11.2,0.96,15.0,,,,,,,43.313902,1776198253000
1776198255.385,255.385,,,,,0.01,28.95,0.02,15.0,0.99,28.95,0.98,15.0,,,,,,,43.313865,1776198254000
1776198255.974,255.974,,,,,0.01,28.95,0.02,15.0,0.99,28.95,0.98,15.0,,,,,,,43.313902,1776198255000
1776198257.37,257.37,,,,,0.01,28.95,0.02,15.0,0.99,28.95,0.98,15.0,,,,,,,43.314522,1776198256000
1776198257.946,257.946,,,,,0.01,28.95,0.02,15.0,0.99,28.95,0.98,15.0,,,,,,,43.314486,1776198257000
1776198259.058,259.058,,,,,0.01,28.95,0.02,15.0,0.99,28.95,0.98,15.0,,,,,,,43.314651,1776198258000
1776198260.126,260.126,,,,,0.01,28.95,0.02,15.0,0.99,28.95,0.98,15.0,,,,,,,43.321334,1776198259000
1776198261.488,261.488,,,,,0.01,28.95,0.02,15.0,0.99,28.95,0.98,15.0,,,,,,,43.322975,1776198260000
1776198262.609,262.609,,,,,0.01,28.95,0.02,15.0,0.99,28.95,0.98,15.0,,,,,,,43.324362,1776198261000
1776198263.119,263.119,,,,,0.01,28.95,0.02,15.0,0.99,28.95,0.98,15.0,,,,,,,43.3244,1776198262000
1776198264.243,264.243,,,,,0.01,28.95,0.02,15.0,0.99,28.95,0.98,15.0,,,,,,,43.326177,1776198263000
1776198265.21,265.21,,,,,0.01,28.95,0.02,15.0,0.99,28.95,0.98,15.0,,,,,,,43.3353,1776198264000
1776198266.291,266.291,,,,,0.01,28.95,0.02,15.0,0.99,28.95,0.98,15.0,,,,,,,43.340586,1776198265000
1776198267.18,267.18,,,,,0.01,28.95,0.02,15.0,0.99,28.95,0.98,15.0,,,,,,,43.338962,1776198266000
1776198268.281,268.281,,,,,0.01,28.95,0.02,15.0,0.99,28.95,0.98,15.0,,,,,,,43.342945,1776198267000
1776198269.432,269.432,,,,,0.01,28.95,0.02,15.0,0.99,28.95,0.98,15.0,,,,,,,43.342946,1776198268000
1776198270.272,270.272,,,,,0.01,28.95,0.02,15.0,0.99,28.95,0.98,15.0,,,,,,,43.342945,1776198269000
1776198271.245,271.245,,,,,0.01,28.95,0.02,15.0,0.99,28.95,0.98,15.0,,,,,,,43.341554,1776198270000
1776198272.448,272.448,,,,,0.01,28.95,0.02,15.0,0.99,28.95,0.98,15.0,,,,,,,43.342274,1776198271000
1776198273.008,273.008,,,,,0.01,28.95,0.02,15.0,0.99,28.95,0.98,15.0,,,,,,,43.34299,1776198272000
1776198274.07,274.07,,,,,0.01,28.95,0.02,15.0,0.99,28.95,0.98,15.0,,,,,,,43.34299,1776198273000
1776198275.131,275.131,,,,,0.01,28.95,0.02,15.0,0.99,28.95,0.98,15.0,,,,,,,43.343078,1776198274000
1776198276.058,276.058,,,,,0.01,28.95,0.02,15.0,0.99,28.95,0.98,15.0,,,,,,,43.343078,1776198275000
1776198277.015,277.015,,,,,0.01,28.95,0.02,15.0,0.99,28.95,0.98,15.0,,,,,,,43.342894,1776198276000
1776198278.09,278.09,,,,,0.01,28.95,0.02,15.0,0.99,28.95,0.98,15.0,,,,,,,43.340662,1776198277000
1776198279.072,279.072,,,,,0.01,28.95,0.02,15.0,0.99,28.95,0.98,15.0,,,,,,,43.337181,1776198278000
1776198280.107,280.107,,,,,0.01,28.95,0.02,15.0,0.99,28.95,0.98,15.0,,,,,,,43.337181,1776198279000
1776198281.091,281.091,,,,,0.01,28.95,0.02,15.0,0.99,28.95,0.98,15.0,,,,,,,43.337434,1776198280000
1776198282.186,282.186,,,,,0.01,28.95,0.02,15.0,0.99,28.95,0.98,15.0,,,,,,,43.336519,1776198281000
1776198283.225,283.225,,,,,0.01,28.95,0.02,15.0,0.99,28.95,0.98,15.0,,,,,,,43.33584,1776198282000
1776198284.318,284.318,,,,,0.01,28.95,0.02,15.0,0.99,28.95,0.98,15.0,,,,,,,43.335099,1776198283000
1776198285.328,285.328,,,,,0.01,28.95,0.02,15.0,0.99,28.95,0.98,15.0,,,,,,,43.333885,1776198284000
1776198286.365,286.365,,,,,0.01,28.95,0.02,15.0,0.99,28.95,0.98,15.0,,,,,,,43.334409,1776198285000
1776198287.427,287.427,,,,,0.01,28.95,0.02,15.0,0.99,28.95,0.98,15.0,,,,,,,43.336191,1776198286000
1776198287.898,287.898,,,,,0.01,28.95,0.02,15.0,0.99,28.95,0.98,15.0,,,,,,,43.335767,1776198287000
1776198289.529,289.529,,,,,0.01,28.95,0.02,15.0,0.99,28.95,0.98,15.0,,,,,,,43.335767,1776198288000
1776198290.229,290.229,,,,,0.01,28.95,0.02,15.0,0.99,28.95,0.98,15.0,,,,,,,43.334646,1776198289000
1776198291.122,291.122,,,,,0.01,28.95,0.02,15.0,0.99,28.95,0.98,15.0,,,,,,,43.334755,1776198290000
1776198292.15,292.15,,,,,0.01,28.95,0.02,15.0,0.99,28.95,0.98,15.0,,,,,,,43.334755,1776198291000
1776198293.271,293.271,,,,,0.01,28.95,0.02,15.0,0.99,28.95,0.98,15.0,,,,,,,43.334601,1776198292000
1776198294.348,294.348,,,,,0.01,28.95,0.02,15.0,0.99,28.95,0.98,15.0,,,,,,,43.333485,1776198293000
1776198295.358,295.358,,,,,0.01,28.95,0.02,15.0,0.99,28.95,0.98,15.0,,,,,,,43.332793,1776198294000
1776198295.987,295.987,,,,,0.01,28.95,0.02,15.0,0.99,28.95,0.98,15.0,,,,,,,43.333347,1776198295000
1776198297.037,297.037,,,,,0.01,28.95,0.02,15.0,0.99,28.95,0.98,15.0,,,,,,,43.333304,1776198296000
1776198298.091,298.091,,,,,0.01,28.95,0.02,15.0,0.99,28.95,0.98,15.0,,,,,,,43.326598,1776198297000
1776198299.048,299.048,,,,,0.01,28.95,0.02,15.0,0.99,28.95,0.98,15.0,,,,,,,43.326204,1776198298000
1776198300.049,300.049,,,,,0.01,28.95,0.02,15.0,0.99,28.95,0.98,15.0,,,,,,,43.326054,1776198299000
1776198301.082,301.082,,,,,0.01,28.95,0.02,15.0,0.99,28.95,0.98,15.0,,,,,,,43.325682,1776198300000
1776198302.092,302.092,,,,,0.01,28.95,0.02,15.0,0.99,28.95,0.98,15.0,,,,,,,43.325488,1776198301000

# RESULT,winner=Down,slug=hype-updown-5m-1776198000,ticks=298
