timestamp,elapsed_sec,up_bid_p1,up_bid_s1,up_bid_p2,up_bid_s2,up_ask_p1,up_ask_s1,up_ask_p2,up_ask_s2,down_bid_p1,down_bid_s1,down_bid_p2,down_bid_s2,down_ask_p1,down_ask_s1,down_ask_p2,down_ask_s2,up_spread,down_spread,hype_price,hype_oracle_ts
1776264300.942,0.942,0.5,20.0,0.41,37.0,0.59,37.0,0.6,33.0,0.41,37.0,0.4,33.0,0.5,20.0,0.59,37.0,0.09,0.09,44.427814,1776264300000
1776264302.119,2.119,0.5,20.0,0.41,37.0,0.59,37.0,0.6,33.0,0.41,37.0,0.4,33.0,0.5,20.0,0.59,37.0,0.09,0.09,44.428106,1776264301000
1776264303.38,3.38,0.5,20.0,0.41,37.0,0.59,37.0,0.6,33.0,0.41,37.0,0.4,33.0,0.5,20.0,0.59,37.0,0.09,0.09,44.439461,1776264302000
1776264303.797,3.797,0.75,5.0,0.74,5.0,0.79,5.0,0.8,5.0,0.41,37.0,0.4,33.0,0.5,20.0,0.59,37.0,0.04,0.09,44.439461,1776264302000
1776264304.341,4.341,0.73,5.0,0.72,5.0,0.77,5.0,0.78,5.0,0.21,5.0,0.2,5.0,0.25,5.0,0.26,5.0,0.04,0.04,44.442774,1776264303000
1776264304.76,4.76,0.73,5.0,0.72,5.0,0.77,5.0,0.78,5.0,0.23,5.0,0.22,5.0,0.27,5.0,0.28,5.0,0.04,0.04,44.442774,1776264303000
1776264305.06,5.06,0.73,5.0,0.72,5.0,0.77,5.0,0.78,5.0,0.23,5.0,0.22,5.0,0.27,5.0,0.28,5.0,0.04,0.04,44.443892,1776264304000
1776264306.879,6.879,0.73,5.0,0.72,5.0,0.77,5.0,0.78,5.0,0.23,5.0,0.22,5.0,0.27,5.0,0.28,5.0,0.04,0.04,44.445921,1776264305000
1776264307.597,7.597,0.73,5.0,0.72,5.0,0.77,5.0,0.78,5.0,0.23,5.0,0.22,5.0,0.27,5.0,0.28,5.0,0.04,0.04,44.445812,1776264306000
1776264308.801,8.801,0.73,5.0,0.72,5.0,0.77,5.0,0.78,5.0,0.23,5.0,0.22,5.0,0.27,5.0,0.28,5.0,0.04,0.04,44.445173,1776264307000
1776264309.328,9.328,0.7,15.0,0.69,5.0,0.71,0.57,0.74,5.0,0.23,5.0,0.22,5.0,0.27,5.0,0.28,5.0,0.01,0.04,44.445173,1776264307000
1776264309.617,9.617,0.73,5.0,0.72,5.0,0.75,4.8,0.76,5.0,0.29,0.57,0.26,5.0,0.3,15.0,0.31,5.0,0.02,0.01,44.445173,1776264307000
1776264310.565,10.565,0.73,5.0,0.72,5.0,0.75,4.8,0.76,5.0,0.25,4.8,0.24,5.0,0.27,5.0,0.28,5.0,0.02,0.02,44.452276,1776264309000
1776264311.982,11.982,0.8,5.0,0.79,5.0,0.81,30.0,0.85,140.0,0.11,105.0,0.1,5.0,0.26,5.0,0.27,5.0,0.01,0.15,44.459232,1776264310000
1776264315.426,15.426,0.79,5.0,0.78,10.0,0.81,30.0,0.82,5.0,0.19,30.0,0.15,140.0,0.2,5.0,0.21,5.0,0.02,0.01,44.471817,1776264314000
1776264317.094,17.094,0.79,5.0,0.78,10.0,0.81,27.66,0.82,5.0,0.19,30.0,0.18,5.0,0.21,5.0,0.22,10.0,0.02,0.02,44.471994,1776264315000
1776264321.216,21.216,0.79,5.0,0.78,10.0,0.81,22.66,0.86,5.0,0.19,27.66,0.18,5.0,0.21,5.0,0.22,10.0,0.02,0.02,44.471887,1776264320000
1776264334.277,34.277,0.79,5.0,0.78,10.0,0.81,22.66,0.85,5.0,0.19,22.66,0.14,5.0,0.21,5.0,0.22,10.0,0.02,0.02,44.482928,1776264333000
1776264347.38,47.38,0.77,5.0,0.76,5.0,0.79,20.0,0.8,26.0,0.19,22.66,0.15,5.0,0.21,5.0,0.22,10.0,0.02,0.02,44.468488,1776264346000
1776264360.796,60.796,0.77,5.0,0.76,5.0,0.78,5.0,0.79,15.0,0.21,20.0,0.2,26.0,0.23,5.0,0.24,5.0,0.01,0.02,44.470775,1776264359000
1776264363.343,63.343,0.79,5.0,0.78,5.0,0.81,37.66,0.82,15.0,0.22,5.0,0.21,15.0,0.23,5.0,0.24,5.0,0.02,0.01,44.48572,1776264362000
1776264378.385,78.385,0.78,2.95,0.77,5.0,0.8,15.0,0.81,48.66,0.19,37.66,0.18,15.0,0.21,5.0,0.22,5.0,0.02,0.02,44.480806,1776264377000
1776264417.223,117.223,0.61,50.0,0.58,5.0,0.62,1.43,0.63,25.0,0.2,15.0,0.19,48.66,0.23,3.03,0.24,5.0,0.01,0.03,44.446553,1776264416000
1776264429.258,129.258,0.51,50.0,0.5,20.0,0.54,5.0,0.55,5.0,0.38,1.43,0.37,25.0,0.39,50.0,0.42,5.0,0.03,0.01,44.448302,1776264427000
1776264431.289,131.289,0.51,47.08,0.5,20.0,0.52,5.0,0.53,5.0,0.46,5.0,0.45,5.0,0.49,50.0,0.5,20.0,0.01,0.03,44.445164,1776264429000
1776264431.838,131.838,0.46,10.0,0.42,15.0,0.51,5.0,0.52,5.0,0.48,5.0,0.47,5.0,0.49,47.08,0.5,20.0,0.05,0.01,44.43767,1776264430000
1776264442.555,142.555,0.58,15.0,0.57,5.0,0.71,15.0,0.72,15.0,0.49,5.0,0.48,5.0,0.54,10.0,0.58,15.0,0.13,0.05,44.432912,1776264440000
1776264456.408,156.408,0.78,5.0,0.77,5.0,0.79,5.0,0.8,21.0,0.29,15.0,0.28,15.0,0.42,15.0,0.43,5.0,0.01,0.13,44.463633,1776264454000
1776264464.986,164.986,0.79,5.0,0.78,5.0,0.81,43.66,0.82,20.0,0.21,5.0,0.2,21.0,0.22,5.0,0.23,5.0,0.02,0.01,44.467202,1776264463000
1776264477.484,177.484,0.8,5.0,0.79,5.0,0.81,12.03,0.82,15.0,0.19,43.66,0.18,20.0,0.21,5.0,0.22,5.0,0.01,0.02,44.475786,1776264476000
1776264479.457,179.457,0.8,5.0,0.79,5.0,0.82,15.0,0.83,15.0,0.19,12.03,0.18,15.0,0.2,5.0,0.21,5.0,0.02,0.01,44.476846,1776264478000
1776264486.384,186.384,0.84,5.0,0.83,5.0,0.91,15.0,0.92,20.0,0.18,15.0,0.17,15.0,0.2,5.0,0.21,5.0,0.07,0.02,44.475116,1776264484000
1776264502.054,202.054,0.9,5.0,0.89,20.0,0.92,2.82,0.93,5.0,0.09,15.0,0.08,20.0,0.16,5.0,0.17,5.0,0.02,0.07,44.501675,1776264500000
1776264520.163,220.163,0.91,15.0,0.9,30.0,0.93,1.33,0.94,5.0,0.08,2.82,0.07,5.0,0.1,5.0,0.11,20.0,0.02,0.02,44.493152,1776264518000
1776264521.265,221.265,0.92,20.0,0.91,20.0,0.94,2.06,0.95,5.0,0.07,1.33,0.06,5.0,0.09,15.0,0.1,30.0,0.02,0.02,44.505593,1776264519000
1776264521.692,221.692,0.93,20.0,0.92,20.0,0.96,2.06,0.97,20.0,0.06,2.06,0.05,5.0,0.08,20.0,0.09,20.0,0.03,0.02,44.505593,1776264519000
1776264528.053,228.053,0.96,15.0,0.95,20.0,0.97,3.96,0.98,30.0,0.04,2.06,0.03,20.0,0.07,20.0,0.08,20.0,0.01,0.03,44.508292,1776264526000
1776264536.184,236.184,0.96,15.0,0.95,20.0,0.97,2.92,0.98,30.0,0.03,3.96,0.02,30.0,0.04,15.0,0.05,20.0,0.01,0.01,44.519404,1776264535000
1776264543.478,243.478,0.96,15.0,0.95,20.0,0.97,1.88,0.98,15.0,0.03,2.92,0.02,30.0,0.04,15.0,0.05,20.0,0.01,0.01,44.514297,1776264542000
1776264544.236,244.236,0.96,20.0,0.95,20.0,0.98,10.8,0.99,260.0,0.03,1.88,0.02,15.0,0.04,15.0,0.05,20.0,0.02,0.01,44.514297,1776264542000
1776264550.377,250.377,0.97,15.0,0.96,20.0,0.99,260.0,,,0.02,10.8,0.01,260.0,0.04,20.0,0.05,20.0,0.02,0.02,44.526026,1776264549000
1776264553.165,253.165,0.98,15.0,0.97,20.0,0.99,248.0,,,0.01,260.0,,,0.03,15.0,0.04,20.0,0.01,0.02,44.525795,1776264551000
1776264554.856,254.856,0.98,15.0,0.97,20.0,0.99,202.67,,,0.01,236.0,,,0.02,15.0,0.03,20.0,0.01,0.01,44.534922,1776264553000
1776264557.471,257.471,0.98,15.0,0.97,20.0,0.99,199.63,,,0.01,202.67,,,0.02,15.0,0.03,20.0,0.01,0.01,44.536929,1776264556000
1776264558.588,258.588,0.98,15.0,0.97,20.0,0.99,179.42,,,0.01,199.63,,,0.02,15.0,0.03,20.0,0.01,0.01,44.537704,1776264557000
1776264560.875,260.875,0.98,15.0,0.97,20.0,0.99,78.42,,,0.01,179.42,,,0.02,15.0,0.03,20.0,0.01,0.01,44.537031,1776264559000
1776264562.712,262.712,0.98,20.0,0.97,20.0,0.99,73.37,,,0.01,78.42,,,0.02,15.0,0.03,20.0,0.01,0.01,44.537837,1776264561000
1776264563.358,263.358,0.98,20.0,0.97,20.0,0.99,53.37,,,0.01,73.37,,,0.02,20.0,0.03,20.0,0.01,0.01,44.537837,1776264561000
1776264563.854,263.854,0.98,20.0,0.97,20.0,0.99,35.37,,,0.01,53.37,,,0.02,20.0,0.03,20.0,0.01,0.01,44.536294,1776264562000
1776264564.097,264.097,0.98,20.0,0.97,20.0,0.99,11.82,,,0.01,21.93,,,0.02,20.0,0.03,20.0,0.01,0.01,44.536294,1776264563000
1776264564.355,264.355,0.98,20.0,0.97,20.0,0.99,4.74,,,0.01,11.82,,,0.02,20.0,0.03,20.0,0.01,0.01,44.536294,1776264563000
1776264564.786,264.786,0.99,10.26,0.98,20.0,,,,,0.01,4.74,,,0.02,20.0,0.03,20.0,,0.01,44.536294,1776264563000

# RESULT,winner=Up,slug=hype-updown-5m-1776264300,ticks=52
