timestamp,elapsed_sec,up_bid_p1,up_bid_s1,up_bid_p2,up_bid_s2,up_ask_p1,up_ask_s1,up_ask_p2,up_ask_s2,down_bid_p1,down_bid_s1,down_bid_p2,down_bid_s2,down_ask_p1,down_ask_s1,down_ask_p2,down_ask_s2,up_spread,down_spread,hype_price,hype_oracle_ts
1776207301.328,1.328,0.11,100.0,0.08,10.0,0.89,100.0,0.92,11.5,0.11,100.0,0.08,11.5,0.89,100.0,0.92,10.0,0.78,0.78,43.424435,1776207300000
1776207301.707,1.707,0.11,100.0,0.08,10.0,0.89,100.0,0.92,11.5,0.11,100.0,0.08,11.5,0.89,100.0,0.92,10.0,0.78,0.78,43.424435,1776207300000
1776207302.998,2.998,0.11,100.0,0.08,10.0,0.89,100.0,0.92,11.5,0.11,100.0,0.08,11.5,0.89,100.0,0.92,10.0,0.78,0.78,43.423443,1776207302000
1776207304.017,4.017,0.11,100.0,0.08,10.0,0.89,100.0,0.92,11.5,0.11,100.0,0.08,11.5,0.89,100.0,0.92,10.0,0.78,0.78,43.421675,1776207303000
1776207305.414,5.414,0.11,100.0,0.08,10.0,0.89,100.0,0.92,11.5,0.11,100.0,0.08,11.5,0.89,100.0,0.92,10.0,0.78,0.78,43.421699,1776207304000
1776207305.937,5.937,0.11,100.0,0.08,10.0,0.89,100.0,0.92,11.5,0.11,100.0,0.08,11.5,0.89,100.0,0.92,10.0,0.78,0.78,43.421989,1776207305000
1776207307.074,7.074,0.11,100.0,0.08,10.0,0.89,100.0,0.92,11.5,0.11,100.0,0.08,11.5,0.89,100.0,0.92,10.0,0.78,0.78,43.421572,1776207306000
1776207308.129,8.129,0.11,100.0,0.08,10.0,0.89,100.0,0.92,11.5,0.11,100.0,0.08,11.5,0.89,100.0,0.92,10.0,0.78,0.78,43.421503,1776207307000
1776207309.258,9.258,0.11,100.0,0.08,10.0,0.89,100.0,0.92,11.5,0.11,100.0,0.08,11.5,0.89,100.0,0.92,10.0,0.78,0.78,43.421303,1776207308000
1776207310.369,10.369,0.11,100.0,0.08,10.0,0.89,100.0,0.92,11.5,0.11,100.0,0.08,11.5,0.89,100.0,0.92,10.0,0.78,0.78,43.418211,1776207309000
1776207311.123,11.123,0.11,100.0,0.08,10.0,0.89,100.0,0.92,11.5,0.11,100.0,0.08,11.5,0.89,100.0,0.92,10.0,0.78,0.78,43.415163,1776207310000
1776207312.13,12.13,0.11,100.0,0.08,10.0,0.89,100.0,0.92,11.5,0.11,100.0,0.08,11.5,0.89,100.0,0.92,10.0,0.78,0.78,43.414159,1776207311000
1776207313.097,13.097,0.11,100.0,0.08,10.0,0.89,100.0,0.92,11.5,0.11,100.0,0.08,11.5,0.89,100.0,0.92,10.0,0.78,0.78,43.414159,1776207312000
1776207314.136,14.136,0.11,100.0,0.08,10.0,0.89,100.0,0.92,11.5,0.11,100.0,0.08,11.5,0.89,100.0,0.92,10.0,0.78,0.78,43.413583,1776207313000
1776207315.142,15.142,0.11,100.0,0.08,10.0,0.89,100.0,0.92,11.5,0.11,100.0,0.08,11.5,0.89,100.0,0.92,10.0,0.78,0.78,43.413514,1776207314000
1776207316.309,16.309,0.11,100.0,0.08,10.0,0.89,100.0,0.92,11.5,0.11,100.0,0.08,11.5,0.89,100.0,0.92,10.0,0.78,0.78,43.413829,1776207315000
1776207317.403,17.403,0.11,100.0,0.08,10.0,0.89,100.0,0.92,11.5,0.11,100.0,0.08,11.5,0.89,100.0,0.92,10.0,0.78,0.78,43.413347,1776207316000
1776207317.939,17.939,0.11,100.0,0.08,10.0,0.89,100.0,0.92,11.5,0.11,100.0,0.08,11.5,0.89,100.0,0.92,10.0,0.78,0.78,43.413347,1776207317000
1776207319.022,19.022,0.11,100.0,0.08,10.0,0.89,100.0,0.92,11.5,0.11,100.0,0.08,11.5,0.89,100.0,0.92,10.0,0.78,0.78,43.417245,1776207318000
1776207320.424,20.424,0.11,100.0,0.08,10.0,0.89,100.0,0.92,11.5,0.11,100.0,0.08,11.5,0.89,100.0,0.92,10.0,0.78,0.78,43.418066,1776207319000
1776207321.04,21.04,0.11,100.0,0.08,10.0,0.89,100.0,0.92,11.5,0.11,100.0,0.08,11.5,0.89,100.0,0.92,10.0,0.78,0.78,43.417,1776207320000
1776207322.279,22.279,0.11,100.0,0.08,10.0,0.89,100.0,0.92,11.5,0.11,100.0,0.08,11.5,0.89,100.0,0.92,10.0,0.78,0.78,43.421028,1776207321000
1776207323.472,23.472,0.11,100.0,0.08,10.0,0.89,100.0,0.92,11.5,0.11,100.0,0.08,11.5,0.89,100.0,0.92,10.0,0.78,0.78,43.421255,1776207322000
1776207324.067,24.067,0.11,100.0,0.08,10.0,0.89,100.0,0.92,11.5,0.11,100.0,0.08,11.5,0.89,100.0,0.92,10.0,0.78,0.78,43.421255,1776207323000
1776207325.191,25.191,0.11,100.0,0.08,10.0,0.89,100.0,0.92,11.5,0.11,100.0,0.08,11.5,0.89,100.0,0.92,10.0,0.78,0.78,43.421982,1776207324000
1776207326.242,26.242,0.11,100.0,0.08,10.0,0.89,100.0,0.92,11.5,0.11,100.0,0.08,11.5,0.89,100.0,0.92,10.0,0.78,0.78,43.424635,1776207325000
1776207327.321,27.321,0.11,100.0,0.08,10.0,0.89,100.0,0.92,11.5,0.11,100.0,0.08,11.5,0.89,100.0,0.92,10.0,0.78,0.78,43.420584,1776207326000
1776207328.438,28.438,0.11,100.0,0.08,10.0,0.89,100.0,0.92,11.5,0.11,100.0,0.08,11.5,0.89,100.0,0.92,10.0,0.78,0.78,43.420658,1776207327000
1776207328.994,28.994,0.11,100.0,0.08,10.0,0.89,100.0,0.92,11.5,0.11,100.0,0.08,11.5,0.89,100.0,0.92,10.0,0.78,0.78,43.41919,1776207328000
1776207330.257,30.257,0.11,100.0,0.08,10.0,0.89,100.0,0.92,11.5,0.11,100.0,0.08,11.5,0.89,100.0,0.92,10.0,0.78,0.78,43.419054,1776207329000
1776207331.448,31.448,0.11,100.0,0.08,10.0,0.89,100.0,0.92,11.5,0.11,100.0,0.08,11.5,0.89,100.0,0.92,10.0,0.78,0.78,43.418516,1776207330000
1776207331.953,31.953,0.11,100.0,0.08,10.0,0.89,100.0,0.92,11.5,0.11,100.0,0.08,11.5,0.89,100.0,0.92,10.0,0.78,0.78,43.418426,1776207331000
1776207333.09,33.09,0.11,100.0,0.08,10.0,0.89,100.0,0.92,11.5,0.11,100.0,0.08,11.5,0.89,100.0,0.92,10.0,0.78,0.78,43.417855,1776207332000
1776207335.821,35.821,0.11,100.0,0.08,10.0,0.89,100.0,0.92,11.5,0.11,100.0,0.08,11.5,0.89,100.0,0.92,10.0,0.78,0.78,43.418562,1776207333000
1776207336.49,36.49,0.11,100.0,0.08,10.0,0.89,100.0,0.92,11.5,0.11,100.0,0.08,11.5,0.89,100.0,0.92,10.0,0.78,0.78,43.418497,1776207335000
1776207337.043,37.043,0.11,100.0,0.08,10.0,0.89,100.0,0.92,11.5,0.11,100.0,0.08,11.5,0.89,100.0,0.92,10.0,0.78,0.78,43.418858,1776207336000
1776207337.911,37.911,0.3,15.0,0.29,5.0,0.47,4.0,0.54,5.0,0.11,100.0,0.08,11.5,0.89,100.0,0.92,10.0,0.17,0.78,43.418858,1776207336000
1776207338.979,38.979,0.3,15.0,0.29,5.0,0.47,4.0,0.54,5.0,0.53,4.0,0.46,5.0,0.7,15.0,0.71,5.0,0.17,0.17,43.414615,1776207338000
1776207339.973,39.973,0.3,15.0,0.29,5.0,0.47,4.0,0.54,5.0,0.53,4.0,0.46,5.0,0.7,15.0,0.71,5.0,0.17,0.17,43.409236,1776207339000
1776207341.025,41.025,0.3,15.0,0.29,5.0,0.47,4.0,0.54,5.0,0.53,4.0,0.46,5.0,0.7,15.0,0.71,5.0,0.17,0.17,43.408034,1776207340000
1776207342.067,42.067,0.3,15.0,0.29,5.0,0.47,4.0,0.54,5.0,0.53,4.0,0.46,5.0,0.7,15.0,0.71,5.0,0.17,0.17,43.407966,1776207341000
1776207343.094,43.094,0.3,15.0,0.29,5.0,0.47,4.0,0.54,5.0,0.53,4.0,0.46,5.0,0.7,15.0,0.71,5.0,0.17,0.17,43.407815,1776207342000
1776207344.028,44.028,0.3,15.0,0.29,5.0,0.47,4.0,0.54,5.0,0.53,4.0,0.46,5.0,0.7,15.0,0.71,5.0,0.17,0.17,43.408068,1776207343000
1776207344.99,44.99,0.3,15.0,0.29,5.0,0.47,4.0,0.54,5.0,0.53,4.0,0.46,5.0,0.7,15.0,0.71,5.0,0.17,0.17,43.408003,1776207344000
1776207346.119,46.119,0.3,15.0,0.29,5.0,0.47,4.0,0.54,5.0,0.53,4.0,0.46,5.0,0.7,15.0,0.71,5.0,0.17,0.17,43.408218,1776207345000
1776207347.065,47.065,0.26,15.0,0.25,15.0,0.37,4.0,0.47,5.0,0.63,4.0,0.53,5.0,0.74,15.0,0.75,15.0,0.11,0.11,43.406308,1776207346000
1776207348.041,48.041,0.26,15.0,0.25,15.0,0.37,4.0,0.47,5.0,0.63,4.0,0.53,5.0,0.74,15.0,0.75,15.0,0.11,0.11,43.404756,1776207347000
1776207349.648,49.648,0.26,15.0,0.25,15.0,0.37,4.0,0.47,5.0,0.63,4.0,0.53,5.0,0.74,15.0,0.75,15.0,0.11,0.11,43.397753,1776207348000
1776207350.175,50.175,0.26,15.0,0.25,15.0,0.37,4.0,0.47,5.0,0.63,4.0,0.53,5.0,0.74,15.0,0.75,15.0,0.11,0.11,43.397752,1776207349000
1776207351.239,51.239,0.26,15.0,0.25,15.0,0.37,4.0,0.47,5.0,0.63,4.0,0.53,5.0,0.74,15.0,0.75,15.0,0.11,0.11,43.396815,1776207350000
1776207352.216,52.216,0.26,15.0,0.25,15.0,0.37,4.0,0.47,5.0,0.63,4.0,0.53,5.0,0.74,15.0,0.75,15.0,0.11,0.11,43.398412,1776207351000
1776207353.321,53.321,0.26,15.0,0.25,15.0,0.37,4.0,0.47,5.0,0.63,4.0,0.53,5.0,0.74,15.0,0.75,15.0,0.11,0.11,43.398928,1776207352000
1776207354.248,54.248,0.26,15.0,0.25,15.0,0.37,4.0,0.47,5.0,0.63,4.0,0.53,5.0,0.74,15.0,0.75,15.0,0.11,0.11,43.399078,1776207353000
1776207355.264,55.264,0.26,15.0,0.25,15.0,0.37,4.0,0.47,5.0,0.63,4.0,0.53,5.0,0.74,15.0,0.75,15.0,0.11,0.11,43.399453,1776207354000
1776207356.211,56.211,0.26,15.0,0.25,15.0,0.37,4.0,0.47,5.0,0.63,4.0,0.53,5.0,0.74,15.0,0.75,15.0,0.11,0.11,43.399129,1776207355000
1776207356.601,56.601,0.39,10.0,0.28,15.0,0.5,1.98,0.51,5.0,0.63,4.0,0.53,5.0,0.74,15.0,0.75,15.0,0.11,0.11,43.399129,1776207355000
1776207357.183,57.183,0.39,10.0,0.28,15.0,0.5,1.98,0.51,5.0,0.5,1.98,0.49,5.0,0.61,10.0,0.72,15.0,0.11,0.11,43.396171,1776207356000
1776207358.331,58.331,0.39,10.0,0.28,15.0,0.5,1.98,0.51,5.0,0.5,1.98,0.49,5.0,0.61,10.0,0.72,15.0,0.11,0.11,43.399831,1776207357000
1776207359.253,59.253,0.39,10.0,0.28,15.0,0.5,1.98,0.51,5.0,0.5,1.98,0.49,5.0,0.61,10.0,0.72,15.0,0.11,0.11,43.403528,1776207358000
1776207360.258,60.258,0.39,10.0,0.28,15.0,0.5,1.98,0.51,5.0,0.5,1.98,0.49,5.0,0.61,10.0,0.72,15.0,0.11,0.11,43.410151,1776207359000
1776207361.319,61.319,0.39,10.0,0.28,15.0,0.5,1.98,0.51,5.0,0.5,1.98,0.49,5.0,0.61,10.0,0.72,15.0,0.11,0.11,43.41329,1776207360000
1776207361.876,61.876,0.39,10.0,0.28,15.0,0.5,1.98,0.51,5.0,0.5,1.98,0.49,5.0,0.61,10.0,0.72,15.0,0.11,0.11,43.41329,1776207361000
1776207362.994,62.994,0.39,10.0,0.28,15.0,0.5,1.98,0.51,5.0,0.5,1.98,0.49,5.0,0.61,10.0,0.72,15.0,0.11,0.11,43.413297,1776207362000
1776207364.196,64.196,0.39,10.0,0.28,15.0,0.5,1.98,0.51,5.0,0.5,1.98,0.49,5.0,0.61,10.0,0.72,15.0,0.11,0.11,43.412231,1776207363000
1776207365.345,65.345,0.39,10.0,0.28,15.0,0.5,1.98,0.51,5.0,0.5,1.98,0.49,5.0,0.61,10.0,0.72,15.0,0.11,0.11,43.412331,1776207364000
1776207365.91,65.91,0.39,10.0,0.28,15.0,0.5,1.98,0.51,5.0,0.5,1.98,0.49,5.0,0.61,10.0,0.72,15.0,0.11,0.11,43.412331,1776207365000
1776207367.355,67.355,0.39,10.0,0.28,15.0,0.5,1.98,0.51,5.0,0.5,1.98,0.49,5.0,0.61,10.0,0.72,15.0,0.11,0.11,43.407963,1776207366000
1776207368.378,68.378,0.39,10.0,0.28,15.0,0.5,1.98,0.51,5.0,0.5,1.98,0.49,5.0,0.61,10.0,0.72,15.0,0.11,0.11,43.40656,1776207367000
1776207368.96,68.96,0.39,10.0,0.28,15.0,0.5,1.98,0.51,5.0,0.5,1.98,0.49,5.0,0.61,10.0,0.72,15.0,0.11,0.11,43.40656,1776207368000
1776207370.135,70.135,0.39,10.0,0.28,15.0,0.5,1.98,0.51,5.0,0.5,1.98,0.49,5.0,0.61,10.0,0.72,15.0,0.11,0.11,43.407513,1776207369000
1776207371.211,71.211,0.39,10.0,0.28,15.0,0.5,1.98,0.51,5.0,0.5,1.98,0.49,5.0,0.61,10.0,0.72,15.0,0.11,0.11,43.411775,1776207370000
1776207372.326,72.326,0.39,10.0,0.28,15.0,0.5,1.98,0.51,5.0,0.5,1.98,0.49,5.0,0.61,10.0,0.72,15.0,0.11,0.11,43.41497,1776207371000
1776207372.869,72.869,0.39,10.0,0.28,15.0,0.5,1.98,0.51,5.0,0.5,1.98,0.49,5.0,0.61,10.0,0.72,15.0,0.11,0.11,43.41497,1776207372000
1776207373.969,73.969,0.39,10.0,0.28,15.0,0.5,1.98,0.51,5.0,0.5,1.98,0.49,5.0,0.61,10.0,0.72,15.0,0.11,0.11,43.415148,1776207373000
1776207375.079,75.079,0.39,10.0,0.28,15.0,0.5,1.98,0.51,5.0,0.5,1.98,0.49,5.0,0.61,10.0,0.72,15.0,0.11,0.11,43.415297,1776207374000
1776207376.309,76.309,0.39,10.0,0.28,15.0,0.5,1.98,0.51,5.0,0.5,1.98,0.49,5.0,0.61,10.0,0.72,15.0,0.11,0.11,43.415297,1776207375000
1776207377.768,77.768,0.39,10.0,0.28,15.0,0.5,1.98,0.51,5.0,0.5,1.98,0.49,5.0,0.61,10.0,0.72,15.0,0.11,0.11,43.414806,1776207376000
1776207378.884,78.884,0.39,10.0,0.28,15.0,0.5,1.98,0.51,5.0,0.5,1.98,0.49,5.0,0.61,10.0,0.72,15.0,0.11,0.11,43.414271,1776207377000
1776207379.334,79.334,0.39,10.0,0.28,15.0,0.5,1.98,0.51,5.0,0.5,1.98,0.49,5.0,0.61,10.0,0.72,15.0,0.11,0.11,43.414006,1776207378000
1776207380.061,80.061,0.39,10.0,0.28,15.0,0.5,1.98,0.51,5.0,0.5,1.98,0.49,5.0,0.61,10.0,0.72,15.0,0.11,0.11,43.413263,1776207379000
1776207381.34,81.34,0.39,10.0,0.28,15.0,0.5,1.98,0.51,5.0,0.5,1.98,0.49,5.0,0.61,10.0,0.72,15.0,0.11,0.11,43.413252,1776207380000
1776207381.977,81.977,0.39,10.0,0.28,15.0,0.5,1.98,0.51,5.0,0.5,1.98,0.49,5.0,0.61,10.0,0.72,15.0,0.11,0.11,43.413252,1776207381000
1776207383.347,83.347,0.39,10.0,0.28,15.0,0.5,1.98,0.51,5.0,0.5,1.98,0.49,5.0,0.61,10.0,0.72,15.0,0.11,0.11,43.412579,1776207382000
1776207383.98,83.98,0.39,10.0,0.28,15.0,0.5,1.98,0.51,5.0,0.5,1.98,0.49,5.0,0.61,10.0,0.72,15.0,0.11,0.11,43.410027,1776207383000
1776207385.194,85.194,0.39,10.0,0.28,15.0,0.5,1.98,0.51,5.0,0.5,1.98,0.49,5.0,0.61,10.0,0.72,15.0,0.11,0.11,43.405949,1776207384000
1776207386.494,86.494,0.39,10.0,0.28,15.0,0.5,1.98,0.51,5.0,0.5,1.98,0.49,5.0,0.61,10.0,0.72,15.0,0.11,0.11,43.403837,1776207385000
1776207387.06,87.06,0.39,10.0,0.28,15.0,0.5,1.98,0.51,5.0,0.5,1.98,0.49,5.0,0.61,10.0,0.72,15.0,0.11,0.11,43.403306,1776207386000
1776207388.331,88.331,0.39,10.0,0.28,15.0,0.5,1.98,0.51,5.0,0.5,1.98,0.49,5.0,0.61,10.0,0.72,15.0,0.11,0.11,43.403008,1776207387000
1776207389.119,89.119,0.39,10.0,0.28,15.0,0.5,1.98,0.51,5.0,0.5,1.98,0.49,5.0,0.61,10.0,0.72,15.0,0.11,0.11,43.403008,1776207388000
1776207390.294,90.294,0.39,10.0,0.28,15.0,0.5,1.98,0.51,5.0,0.5,1.98,0.49,5.0,0.61,10.0,0.72,15.0,0.11,0.11,43.402845,1776207389000
1776207391.492,91.492,0.39,10.0,0.28,15.0,0.5,1.98,0.51,5.0,0.5,1.98,0.49,5.0,0.61,10.0,0.72,15.0,0.11,0.11,43.401014,1776207390000
1776207392.174,92.174,0.39,10.0,0.28,15.0,0.5,1.98,0.51,5.0,0.5,1.98,0.49,5.0,0.61,10.0,0.72,15.0,0.11,0.11,43.398092,1776207391000
1776207393.492,93.492,0.39,10.0,0.28,15.0,0.5,1.98,0.51,5.0,0.5,1.98,0.49,5.0,0.61,10.0,0.72,15.0,0.11,0.11,43.397666,1776207392000
1776207394.556,94.556,0.39,10.0,0.28,15.0,0.5,1.98,0.51,5.0,0.5,1.98,0.49,5.0,0.61,10.0,0.72,15.0,0.11,0.11,43.396457,1776207393000
1776207395.119,95.119,0.39,10.0,0.28,15.0,0.5,1.98,0.51,5.0,0.5,1.98,0.49,5.0,0.61,10.0,0.72,15.0,0.11,0.11,43.396458,1776207394000
1776207396.155,96.155,0.39,10.0,0.28,15.0,0.5,1.98,0.51,5.0,0.5,1.98,0.49,5.0,0.61,10.0,0.72,15.0,0.11,0.11,43.396458,1776207395000
1776207396.999,96.999,0.26,13.24,0.25,15.0,0.35,10.0,0.38,15.0,0.5,1.98,0.49,5.0,0.61,10.0,0.72,15.0,0.09,0.11,43.396458,1776207395000
1776207398.274,98.274,0.26,13.24,0.25,15.0,0.35,10.0,0.38,15.0,0.65,10.0,0.62,15.0,0.74,13.24,0.75,15.0,0.09,0.09,43.396561,1776207397000
1776207399.476,99.476,0.26,13.24,0.25,15.0,0.35,10.0,0.38,15.0,0.65,10.0,0.62,15.0,0.74,13.24,0.75,15.0,0.09,0.09,43.396886,1776207398000
1776207399.975,99.975,0.26,13.24,0.25,15.0,0.35,10.0,0.38,15.0,0.65,10.0,0.62,15.0,0.74,13.24,0.75,15.0,0.09,0.09,43.396882,1776207399000
1776207401.106,101.106,0.26,13.24,0.25,15.0,0.35,10.0,0.38,15.0,0.65,10.0,0.62,15.0,0.74,13.24,0.75,15.0,0.09,0.09,43.397682,1776207400000
1776207402.096,102.096,0.26,13.24,0.25,15.0,0.35,10.0,0.38,15.0,0.65,10.0,0.62,15.0,0.74,13.24,0.75,15.0,0.09,0.09,43.397751,1776207401000
1776207403.175,103.175,0.26,13.24,0.25,15.0,0.35,10.0,0.38,15.0,0.65,10.0,0.62,15.0,0.74,13.24,0.75,15.0,0.09,0.09,43.39751,1776207402000
1776207404.267,104.267,0.26,13.24,0.25,15.0,0.35,10.0,0.38,15.0,0.65,10.0,0.62,15.0,0.74,13.24,0.75,15.0,0.09,0.09,43.396398,1776207403000
1776207405.135,105.135,0.26,13.24,0.25,15.0,0.35,10.0,0.38,15.0,0.65,10.0,0.62,15.0,0.74,13.24,0.75,15.0,0.09,0.09,43.396473,1776207404000
1776207406.238,106.238,0.26,13.24,0.25,15.0,0.35,10.0,0.38,15.0,0.65,10.0,0.62,15.0,0.74,13.24,0.75,15.0,0.09,0.09,43.396952,1776207405000
1776207407.259,107.259,0.26,13.24,0.25,15.0,0.35,10.0,0.38,15.0,0.65,10.0,0.62,15.0,0.74,13.24,0.75,15.0,0.09,0.09,43.396366,1776207406000
1776207408.452,108.452,0.26,13.24,0.25,15.0,0.35,10.0,0.38,15.0,0.65,10.0,0.62,15.0,0.74,13.24,0.75,15.0,0.09,0.09,43.396305,1776207407000
1776207409.383,109.383,0.26,13.24,0.25,15.0,0.35,10.0,0.38,15.0,0.65,10.0,0.62,15.0,0.74,13.24,0.75,15.0,0.09,0.09,43.396412,1776207408000
1776207410.32,110.32,0.26,13.24,0.25,15.0,0.35,10.0,0.38,15.0,0.65,10.0,0.62,15.0,0.74,13.24,0.75,15.0,0.09,0.09,43.397248,1776207409000
1776207411.24,111.24,0.26,13.24,0.25,15.0,0.35,10.0,0.38,15.0,0.65,10.0,0.62,15.0,0.74,13.24,0.75,15.0,0.09,0.09,43.39649,1776207410000
1776207412.787,112.787,0.26,13.24,0.25,15.0,0.35,10.0,0.38,15.0,0.65,10.0,0.62,15.0,0.74,13.24,0.75,15.0,0.09,0.09,43.396271,1776207411000
1776207413.657,113.657,0.26,13.24,0.25,15.0,0.35,10.0,0.38,15.0,0.65,10.0,0.62,15.0,0.74,13.24,0.75,15.0,0.09,0.09,43.396271,1776207412000
1776207414.438,114.438,0.26,13.24,0.25,15.0,0.35,10.0,0.38,15.0,0.65,10.0,0.62,15.0,0.74,13.24,0.75,15.0,0.09,0.09,43.395825,1776207413000
1776207415.151,115.151,0.26,13.24,0.25,15.0,0.35,10.0,0.38,15.0,0.65,10.0,0.62,15.0,0.74,13.24,0.75,15.0,0.09,0.09,43.39585,1776207414000
1776207416.632,116.632,0.26,13.24,0.25,15.0,0.35,10.0,0.38,15.0,0.65,10.0,0.62,15.0,0.74,13.24,0.75,15.0,0.09,0.09,43.395999,1776207415000
1776207417.366,117.366,0.26,13.24,0.25,15.0,0.35,10.0,0.38,15.0,0.65,10.0,0.62,15.0,0.74,13.24,0.75,15.0,0.09,0.09,43.396331,1776207416000
1776207418.149,118.149,0.26,13.24,0.25,15.0,0.35,10.0,0.38,15.0,0.65,10.0,0.62,15.0,0.74,13.24,0.75,15.0,0.09,0.09,43.396331,1776207417000
1776207419.625,119.625,0.26,13.24,0.25,15.0,0.35,10.0,0.38,15.0,0.65,10.0,0.62,15.0,0.74,13.24,0.75,15.0,0.09,0.09,43.396179,1776207418000
1776207420.476,120.476,0.26,13.24,0.25,15.0,0.35,10.0,0.38,15.0,0.65,10.0,0.62,15.0,0.74,13.24,0.75,15.0,0.09,0.09,43.386533,1776207419000
1776207421.18,121.18,0.26,13.24,0.25,15.0,0.35,10.0,0.38,15.0,0.65,10.0,0.62,15.0,0.74,13.24,0.75,15.0,0.09,0.09,43.379703,1776207420000
1776207422.821,122.821,0.26,13.24,0.25,15.0,0.35,10.0,0.38,15.0,0.65,10.0,0.62,15.0,0.74,13.24,0.75,15.0,0.09,0.09,43.380167,1776207421000
1776207423.587,123.587,0.26,13.24,0.25,15.0,0.35,10.0,0.38,15.0,0.65,10.0,0.62,15.0,0.74,13.24,0.75,15.0,0.09,0.09,43.38498,1776207422000
1776207424.378,124.378,0.26,13.24,0.25,15.0,0.35,10.0,0.38,15.0,0.65,10.0,0.62,15.0,0.74,13.24,0.75,15.0,0.09,0.09,43.390169,1776207423000
1776207425.163,125.163,0.26,13.24,0.25,15.0,0.35,10.0,0.38,15.0,0.65,10.0,0.62,15.0,0.74,13.24,0.75,15.0,0.09,0.09,43.392213,1776207424000
1776207426.754,126.754,0.26,13.24,0.25,15.0,0.35,10.0,0.38,15.0,0.65,10.0,0.62,15.0,0.74,13.24,0.75,15.0,0.09,0.09,43.392349,1776207425000
1776207427.453,127.453,0.26,13.24,0.25,15.0,0.35,10.0,0.38,15.0,0.65,10.0,0.62,15.0,0.74,13.24,0.75,15.0,0.09,0.09,43.392417,1776207426000
1776207428.485,128.485,0.26,13.24,0.25,15.0,0.35,10.0,0.38,15.0,0.65,10.0,0.62,15.0,0.74,13.24,0.75,15.0,0.09,0.09,43.3941,1776207427000
1776207429.015,129.015,0.26,13.24,0.25,15.0,0.35,10.0,0.38,15.0,0.65,10.0,0.62,15.0,0.74,13.24,0.75,15.0,0.09,0.09,43.394645,1776207428000
1776207429.346,129.346,0.25,15.0,0.24,15.0,0.35,10.0,0.38,15.0,0.65,10.0,0.62,15.0,0.74,13.24,0.75,15.0,0.1,0.09,43.394645,1776207428000
1776207429.979,129.979,0.25,15.0,0.24,15.0,0.35,10.0,0.38,15.0,0.65,10.0,0.62,15.0,0.75,15.0,0.76,15.0,0.1,0.1,43.396186,1776207429000
1776207430.93,130.93,0.25,15.0,0.24,15.0,0.35,10.0,0.38,15.0,0.65,10.0,0.62,15.0,0.75,15.0,0.76,15.0,0.1,0.1,43.396178,1776207430000
1776207431.96,131.96,0.25,15.0,0.24,15.0,0.35,10.0,0.38,15.0,0.65,10.0,0.62,15.0,0.75,15.0,0.76,15.0,0.1,0.1,43.399853,1776207431000
1776207432.345,132.345,0.3,15.0,0.29,15.0,0.5,10.0,0.53,15.0,0.65,10.0,0.62,15.0,0.75,15.0,0.76,15.0,0.2,0.1,43.399853,1776207431000
1776207432.842,132.842,0.3,15.0,0.29,15.0,0.5,10.0,0.53,15.0,0.5,10.0,0.47,15.0,0.7,15.0,0.71,15.0,0.2,0.2,43.409693,1776207432000
1776207433.306,133.306,0.3,10.0,0.29,15.0,0.4,10.0,0.52,15.0,0.5,10.0,0.47,15.0,0.7,15.0,0.71,15.0,0.1,0.2,43.409693,1776207432000
1776207434.26,134.26,0.3,10.0,0.29,15.0,0.4,10.0,0.52,15.0,0.6,10.0,0.48,15.0,0.7,10.0,0.71,15.0,0.1,0.1,43.410725,1776207433000
1776207435.239,135.239,0.3,10.0,0.29,15.0,0.4,10.0,0.52,15.0,0.6,10.0,0.48,15.0,0.7,10.0,0.71,15.0,0.1,0.1,43.409153,1776207434000
1776207436.099,136.099,0.3,10.0,0.29,15.0,0.4,10.0,0.52,15.0,0.6,10.0,0.48,15.0,0.7,10.0,0.71,15.0,0.1,0.1,43.406407,1776207435000
1776207437.06,137.06,0.3,10.0,0.29,15.0,0.4,10.0,0.52,15.0,0.6,10.0,0.48,15.0,0.7,10.0,0.71,15.0,0.1,0.1,43.413559,1776207436000
1776207438.068,138.068,0.3,10.0,0.29,15.0,0.4,10.0,0.52,15.0,0.6,10.0,0.48,15.0,0.7,10.0,0.71,15.0,0.1,0.1,43.426759,1776207437000
1776207439.021,139.021,0.3,10.0,0.29,15.0,0.4,10.0,0.52,15.0,0.6,10.0,0.48,15.0,0.7,10.0,0.71,15.0,0.1,0.1,43.428908,1776207438000
1776207440.029,140.029,0.3,10.0,0.29,15.0,0.4,10.0,0.52,15.0,0.6,10.0,0.48,15.0,0.7,10.0,0.71,15.0,0.1,0.1,43.424013,1776207439000
1776207441.154,141.154,0.3,10.0,0.29,15.0,0.4,10.0,0.52,15.0,0.6,10.0,0.48,15.0,0.7,10.0,0.71,15.0,0.1,0.1,43.420258,1776207440000
1776207442.494,142.494,0.3,10.0,0.29,15.0,0.4,10.0,0.52,15.0,0.6,10.0,0.48,15.0,0.7,10.0,0.71,15.0,0.1,0.1,43.418223,1776207441000
1776207443.092,143.092,0.3,10.0,0.29,15.0,0.4,10.0,0.52,15.0,0.6,10.0,0.48,15.0,0.7,10.0,0.71,15.0,0.1,0.1,43.418223,1776207442000
1776207444.158,144.158,0.3,10.0,0.29,15.0,0.4,10.0,0.52,15.0,0.6,10.0,0.48,15.0,0.7,10.0,0.71,15.0,0.1,0.1,43.418444,1776207443000
1776207445.248,145.248,0.3,10.0,0.29,15.0,0.4,10.0,0.52,15.0,0.6,10.0,0.48,15.0,0.7,10.0,0.71,15.0,0.1,0.1,43.418434,1776207444000
1776207446.743,146.743,0.3,10.0,0.29,15.0,0.4,10.0,0.52,15.0,0.6,10.0,0.48,15.0,0.7,10.0,0.71,15.0,0.1,0.1,43.412665,1776207445000
1776207447.305,147.305,0.3,10.0,0.29,15.0,0.4,10.0,0.52,15.0,0.6,10.0,0.48,15.0,0.7,10.0,0.71,15.0,0.1,0.1,43.412342,1776207446000
1776207448.081,148.081,0.3,10.0,0.29,15.0,0.4,10.0,0.52,15.0,0.6,10.0,0.48,15.0,0.7,10.0,0.71,15.0,0.1,0.1,43.41232,1776207447000
1776207449.422,149.422,0.3,10.0,0.29,15.0,0.4,10.0,0.52,15.0,0.6,10.0,0.48,15.0,0.7,10.0,0.71,15.0,0.1,0.1,43.412519,1776207448000
1776207450.104,150.104,0.3,10.0,0.29,15.0,0.4,10.0,0.52,15.0,0.6,10.0,0.48,15.0,0.7,10.0,0.71,15.0,0.1,0.1,43.412519,1776207449000
1776207451.541,151.541,0.3,10.0,0.29,15.0,0.4,10.0,0.52,15.0,0.6,10.0,0.48,15.0,0.7,10.0,0.71,15.0,0.1,0.1,43.410499,1776207450000
1776207452.088,152.088,0.3,10.0,0.29,15.0,0.4,10.0,0.52,15.0,0.6,10.0,0.48,15.0,0.7,10.0,0.71,15.0,0.1,0.1,43.406553,1776207451000
1776207453.458,153.458,0.3,10.0,0.29,15.0,0.4,10.0,0.52,15.0,0.6,10.0,0.48,15.0,0.7,10.0,0.71,15.0,0.1,0.1,43.405266,1776207452000
1776207454.115,154.115,0.3,10.0,0.29,15.0,0.4,10.0,0.52,15.0,0.6,10.0,0.48,15.0,0.7,10.0,0.71,15.0,0.1,0.1,43.405266,1776207453000
1776207455.161,155.161,0.3,10.0,0.29,15.0,0.4,10.0,0.52,15.0,0.6,10.0,0.48,15.0,0.7,10.0,0.71,15.0,0.1,0.1,43.404825,1776207454000
1776207456.473,156.473,0.3,10.0,0.29,15.0,0.4,10.0,0.52,15.0,0.6,10.0,0.48,15.0,0.7,10.0,0.71,15.0,0.1,0.1,43.412672,1776207455000
1776207457.097,157.097,0.3,10.0,0.29,15.0,0.4,10.0,0.52,15.0,0.6,10.0,0.48,15.0,0.7,10.0,0.71,15.0,0.1,0.1,43.41269,1776207456000
1776207458.141,158.141,0.3,10.0,0.29,15.0,0.4,10.0,0.52,15.0,0.6,10.0,0.48,15.0,0.7,10.0,0.71,15.0,0.1,0.1,43.413138,1776207457000
1776207459.171,159.171,0.3,10.0,0.29,15.0,0.4,10.0,0.52,15.0,0.6,10.0,0.48,15.0,0.7,10.0,0.71,15.0,0.1,0.1,43.411964,1776207458000
1776207460.137,160.137,0.3,10.0,0.29,15.0,0.4,10.0,0.52,15.0,0.6,10.0,0.48,15.0,0.7,10.0,0.71,15.0,0.1,0.1,43.411565,1776207459000
1776207461.144,161.144,0.3,10.0,0.29,15.0,0.4,10.0,0.52,15.0,0.6,10.0,0.48,15.0,0.7,10.0,0.71,15.0,0.1,0.1,43.411762,1776207460000
1776207463.416,163.416,0.28,15.0,0.27,15.0,0.38,10.0,0.44,15.0,0.6,10.0,0.48,15.0,0.7,10.0,0.71,15.0,0.1,0.1,43.411762,1776207460000
1776207469.401,169.401,0.28,15.0,0.27,15.0,0.38,10.0,0.44,15.0,0.62,10.0,0.56,15.0,0.72,15.0,0.73,15.0,0.1,0.1,43.406172,1776207468000
1776207470.226,170.226,0.28,15.0,0.27,15.0,0.38,10.0,0.44,15.0,0.62,10.0,0.56,15.0,0.72,15.0,0.73,15.0,0.1,0.1,43.405829,1776207469000
1776207471.553,171.553,0.28,15.0,0.27,15.0,0.38,10.0,0.44,15.0,0.62,10.0,0.56,15.0,0.72,15.0,0.73,15.0,0.1,0.1,43.405679,1776207470000
1776207472.316,172.316,0.28,15.0,0.27,15.0,0.38,10.0,0.44,15.0,0.62,10.0,0.56,15.0,0.72,15.0,0.73,15.0,0.1,0.1,43.405679,1776207471000
1776207473.588,173.588,0.28,15.0,0.27,15.0,0.38,10.0,0.44,15.0,0.62,10.0,0.56,15.0,0.72,15.0,0.73,15.0,0.1,0.1,43.404556,1776207472000
1776207474.195,174.195,0.28,15.0,0.27,15.0,0.38,10.0,0.44,15.0,0.62,10.0,0.56,15.0,0.72,15.0,0.73,15.0,0.1,0.1,43.404111,1776207473000
1776207475.451,175.451,0.28,15.0,0.27,15.0,0.38,10.0,0.44,15.0,0.62,10.0,0.56,15.0,0.72,15.0,0.73,15.0,0.1,0.1,43.40349,1776207474000
1776207476.04,176.04,0.28,15.0,0.27,15.0,0.38,10.0,0.44,15.0,0.62,10.0,0.56,15.0,0.72,15.0,0.73,15.0,0.1,0.1,43.402637,1776207475000
1776207477.165,177.165,0.28,15.0,0.27,15.0,0.38,10.0,0.44,15.0,0.62,10.0,0.56,15.0,0.72,15.0,0.73,15.0,0.1,0.1,43.402569,1776207476000
1776207478.32,178.32,0.28,15.0,0.27,15.0,0.38,10.0,0.44,15.0,0.62,10.0,0.56,15.0,0.72,15.0,0.73,15.0,0.1,0.1,43.402149,1776207477000
1776207478.941,178.941,0.28,15.0,0.27,15.0,0.38,10.0,0.44,15.0,0.62,10.0,0.56,15.0,0.72,15.0,0.73,15.0,0.1,0.1,43.402149,1776207478000
1776207480.085,180.085,0.28,15.0,0.27,15.0,0.38,10.0,0.44,15.0,0.62,10.0,0.56,15.0,0.72,15.0,0.73,15.0,0.1,0.1,43.40212,1776207479000
1776207481.193,181.193,0.28,15.0,0.27,15.0,0.38,10.0,0.44,15.0,0.62,10.0,0.56,15.0,0.72,15.0,0.73,15.0,0.1,0.1,43.402006,1776207480000
1776207482.391,182.391,0.28,15.0,0.27,15.0,0.38,10.0,0.44,15.0,0.62,10.0,0.56,15.0,0.72,15.0,0.73,15.0,0.1,0.1,43.402604,1776207481000
1776207482.894,182.894,0.28,15.0,0.27,15.0,0.38,10.0,0.44,15.0,0.62,10.0,0.56,15.0,0.72,15.0,0.73,15.0,0.1,0.1,43.402608,1776207482000
1776207484.136,184.136,0.28,15.0,0.27,15.0,0.38,10.0,0.44,15.0,0.62,10.0,0.56,15.0,0.72,15.0,0.73,15.0,0.1,0.1,43.402752,1776207483000
1776207485.212,185.212,0.28,15.0,0.27,15.0,0.38,10.0,0.44,15.0,0.62,10.0,0.56,15.0,0.72,15.0,0.73,15.0,0.1,0.1,43.401233,1776207484000
1776207486.834,186.834,0.28,15.0,0.27,15.0,0.38,10.0,0.44,15.0,0.62,10.0,0.56,15.0,0.72,15.0,0.73,15.0,0.1,0.1,43.39908,1776207485000
1776207487.422,187.422,0.28,15.0,0.27,15.0,0.38,10.0,0.44,15.0,0.62,10.0,0.56,15.0,0.72,15.0,0.73,15.0,0.1,0.1,43.39908,1776207486000
1776207487.897,187.897,0.28,15.0,0.27,15.0,0.38,10.0,0.44,15.0,0.62,10.0,0.56,15.0,0.72,15.0,0.73,15.0,0.1,0.1,43.400144,1776207487000
1776207488.912,188.912,0.28,15.0,0.27,15.0,0.38,10.0,0.44,15.0,0.62,10.0,0.56,15.0,0.72,15.0,0.73,15.0,0.1,0.1,43.399582,1776207488000
1776207489.824,189.824,0.28,15.0,0.27,15.0,0.38,10.0,0.44,15.0,0.62,10.0,0.56,15.0,0.72,15.0,0.73,15.0,0.1,0.1,43.399279,1776207489000
1776207490.906,190.906,0.28,15.0,0.27,15.0,0.38,10.0,0.44,15.0,0.62,10.0,0.56,15.0,0.72,15.0,0.73,15.0,0.1,0.1,43.398838,1776207490000
1776207491.868,191.868,0.28,15.0,0.27,15.0,0.38,10.0,0.44,15.0,0.62,10.0,0.56,15.0,0.72,15.0,0.73,15.0,0.1,0.1,43.399231,1776207491000
1776207492.864,192.864,0.28,15.0,0.27,15.0,0.38,10.0,0.44,15.0,0.62,10.0,0.56,15.0,0.72,15.0,0.73,15.0,0.1,0.1,43.399231,1776207492000
1776207493.899,193.899,0.28,15.0,0.27,15.0,0.38,10.0,0.44,15.0,0.62,10.0,0.56,15.0,0.72,15.0,0.73,15.0,0.1,0.1,43.400467,1776207493000
1776207494.934,194.934,0.28,15.0,0.27,15.0,0.38,10.0,0.44,15.0,0.62,10.0,0.56,15.0,0.72,15.0,0.73,15.0,0.1,0.1,43.40077,1776207494000
1776207495.397,195.397,0.25,15.0,0.24,15.0,0.33,10.0,0.37,15.0,0.62,10.0,0.56,15.0,0.72,15.0,0.73,15.0,0.08,0.1,43.40077,1776207494000
1776207496.026,196.026,0.25,15.0,0.24,15.0,0.33,10.0,0.37,15.0,0.67,10.0,0.63,15.0,0.75,15.0,0.76,15.0,0.08,0.08,43.401277,1776207495000
1776207496.92,196.92,0.25,15.0,0.24,15.0,0.33,10.0,0.37,15.0,0.67,10.0,0.63,15.0,0.75,15.0,0.76,15.0,0.08,0.08,43.400848,1776207496000
1776207497.15,197.15,0.24,15.0,0.23,15.0,0.38,10.0,0.4,15.0,0.67,10.0,0.63,15.0,0.75,15.0,0.76,15.0,0.14,0.08,43.400848,1776207496000
1776207497.983,197.983,0.24,15.0,0.23,15.0,0.38,10.0,0.4,15.0,0.62,10.0,0.6,15.0,0.76,15.0,0.77,15.0,0.14,0.14,43.400846,1776207497000
1776207498.558,198.558,0.25,15.0,0.24,15.0,0.38,10.0,0.4,15.0,0.62,10.0,0.6,15.0,0.76,15.0,0.77,15.0,0.13,0.14,43.400846,1776207497000
1776207498.917,198.917,0.25,15.0,0.24,15.0,0.38,10.0,0.4,15.0,0.62,10.0,0.6,15.0,0.75,15.0,0.76,15.0,0.13,0.13,43.401547,1776207498000
1776207500.401,200.401,0.25,15.0,0.24,15.0,0.38,10.0,0.4,15.0,0.62,10.0,0.6,15.0,0.75,15.0,0.76,15.0,0.13,0.13,43.407682,1776207499000
1776207500.786,200.786,0.25,15.0,0.24,15.0,0.38,10.0,0.4,15.0,0.62,10.0,0.6,15.0,0.75,15.0,0.76,15.0,0.13,0.13,43.407775,1776207500000
1776207501.88,201.88,0.25,15.0,0.24,15.0,0.38,10.0,0.4,15.0,0.62,10.0,0.6,15.0,0.75,15.0,0.76,15.0,0.13,0.13,43.411609,1776207501000
1776207503.421,203.421,0.25,15.0,0.24,15.0,0.38,10.0,0.4,15.0,0.62,10.0,0.6,15.0,0.75,15.0,0.76,15.0,0.13,0.13,43.411346,1776207502000
1776207504.227,204.227,0.25,15.0,0.24,15.0,0.38,10.0,0.4,15.0,0.62,10.0,0.6,15.0,0.75,15.0,0.76,15.0,0.13,0.13,43.409153,1776207503000
1776207505.15,205.15,0.25,15.0,0.24,15.0,0.38,10.0,0.4,15.0,0.62,10.0,0.6,15.0,0.75,15.0,0.76,15.0,0.13,0.13,43.408774,1776207504000
1776207506.121,206.121,0.25,15.0,0.24,15.0,0.38,10.0,0.4,15.0,0.62,10.0,0.6,15.0,0.75,15.0,0.76,15.0,0.13,0.13,43.407345,1776207505000
1776207507.041,207.041,0.25,15.0,0.24,15.0,0.38,10.0,0.4,15.0,0.62,10.0,0.6,15.0,0.75,15.0,0.76,15.0,0.13,0.13,43.407095,1776207506000
1776207508.105,208.105,0.25,15.0,0.24,15.0,0.38,10.0,0.4,15.0,0.62,10.0,0.6,15.0,0.75,15.0,0.76,15.0,0.13,0.13,43.406838,1776207507000
1776207508.988,208.988,0.25,15.0,0.24,15.0,0.38,10.0,0.4,15.0,0.62,10.0,0.6,15.0,0.75,15.0,0.76,15.0,0.13,0.13,43.4071,1776207508000
1776207509.906,209.906,0.25,15.0,0.24,15.0,0.38,10.0,0.4,15.0,0.62,10.0,0.6,15.0,0.75,15.0,0.76,15.0,0.13,0.13,43.407033,1776207509000
1776207510.852,210.852,0.25,15.0,0.24,15.0,0.38,10.0,0.4,15.0,0.62,10.0,0.6,15.0,0.75,15.0,0.76,15.0,0.13,0.13,43.407865,1776207510000
1776207512.397,212.397,0.25,15.0,0.24,15.0,0.38,10.0,0.4,15.0,0.62,10.0,0.6,15.0,0.75,15.0,0.76,15.0,0.13,0.13,43.408053,1776207511000
1776207513.024,213.024,0.25,15.0,0.24,15.0,0.38,10.0,0.4,15.0,0.62,10.0,0.6,15.0,0.75,15.0,0.76,15.0,0.13,0.13,43.408488,1776207512000
1776207514.182,214.182,0.25,15.0,0.24,15.0,0.38,10.0,0.4,15.0,0.62,10.0,0.6,15.0,0.75,15.0,0.76,15.0,0.13,0.13,43.408836,1776207513000
1776207515.338,215.338,0.25,15.0,0.24,15.0,0.38,10.0,0.4,15.0,0.62,10.0,0.6,15.0,0.75,15.0,0.76,15.0,0.13,0.13,43.408401,1776207514000
1776207515.954,215.954,0.25,15.0,0.24,15.0,0.38,10.0,0.4,15.0,0.62,10.0,0.6,15.0,0.75,15.0,0.76,15.0,0.13,0.13,43.407841,1776207515000
1776207517.254,217.254,0.25,15.0,0.24,15.0,0.38,10.0,0.4,15.0,0.62,10.0,0.6,15.0,0.75,15.0,0.76,15.0,0.13,0.13,43.407516,1776207516000
1776207518.719,218.719,0.25,15.0,0.24,15.0,0.38,10.0,0.4,15.0,0.62,10.0,0.6,15.0,0.75,15.0,0.76,15.0,0.13,0.13,43.407516,1776207517000
1776207519.433,219.433,0.25,15.0,0.24,15.0,0.38,10.0,0.4,15.0,0.62,10.0,0.6,15.0,0.75,15.0,0.76,15.0,0.13,0.13,43.407516,1776207518000
1776207520.098,220.098,0.25,15.0,0.24,15.0,0.38,10.0,0.4,15.0,0.62,10.0,0.6,15.0,0.75,15.0,0.76,15.0,0.13,0.13,43.407516,1776207519000
1776207521.327,221.327,0.25,15.0,0.24,15.0,0.38,10.0,0.4,15.0,0.62,10.0,0.6,15.0,0.75,15.0,0.76,15.0,0.13,0.13,43.407528,1776207520000
1776207521.906,221.906,0.25,15.0,0.24,15.0,0.38,10.0,0.4,15.0,0.62,10.0,0.6,15.0,0.75,15.0,0.76,15.0,0.13,0.13,43.407484,1776207521000
1776207523.175,223.175,0.25,15.0,0.24,15.0,0.38,10.0,0.4,15.0,0.62,10.0,0.6,15.0,0.75,15.0,0.76,15.0,0.13,0.13,43.40682,1776207522000
1776207524.513,224.513,0.25,15.0,0.24,15.0,0.38,10.0,0.4,15.0,0.62,10.0,0.6,15.0,0.75,15.0,0.76,15.0,0.13,0.13,43.405117,1776207523000
1776207525.171,225.171,0.25,15.0,0.24,15.0,0.38,10.0,0.4,15.0,0.62,10.0,0.6,15.0,0.75,15.0,0.76,15.0,0.13,0.13,43.404226,1776207524000
1776207526.668,226.668,0.25,15.0,0.24,15.0,0.38,10.0,0.4,15.0,0.62,10.0,0.6,15.0,0.75,15.0,0.76,15.0,0.13,0.13,43.402428,1776207525000
1776207527.376,227.376,0.25,15.0,0.24,15.0,0.38,10.0,0.4,15.0,0.62,10.0,0.6,15.0,0.75,15.0,0.76,15.0,0.13,0.13,43.402428,1776207526000
1776207528.081,228.081,0.25,15.0,0.24,15.0,0.38,10.0,0.4,15.0,0.62,10.0,0.6,15.0,0.75,15.0,0.76,15.0,0.13,0.13,43.402524,1776207527000
1776207529.19,229.19,0.25,15.0,0.24,15.0,0.38,10.0,0.4,15.0,0.62,10.0,0.6,15.0,0.75,15.0,0.76,15.0,0.13,0.13,43.402532,1776207528000
1776207530.462,230.462,0.25,15.0,0.24,15.0,0.38,10.0,0.4,15.0,0.62,10.0,0.6,15.0,0.75,15.0,0.76,15.0,0.13,0.13,43.402305,1776207529000
1776207531.023,231.023,0.25,15.0,0.24,15.0,0.38,10.0,0.4,15.0,0.62,10.0,0.6,15.0,0.75,15.0,0.76,15.0,0.13,0.13,43.40185,1776207530000
1776207532.335,232.335,0.25,15.0,0.24,15.0,0.38,10.0,0.4,15.0,0.62,10.0,0.6,15.0,0.75,15.0,0.76,15.0,0.13,0.13,43.400672,1776207531000
1776207532.887,232.887,0.25,15.0,0.24,15.0,0.38,10.0,0.4,15.0,0.62,10.0,0.6,15.0,0.75,15.0,0.76,15.0,0.13,0.13,43.400672,1776207532000
1776207533.947,233.947,0.25,15.0,0.24,15.0,0.38,10.0,0.4,15.0,0.62,10.0,0.6,15.0,0.75,15.0,0.76,15.0,0.13,0.13,43.395994,1776207533000
1776207535.159,235.159,0.25,15.0,0.24,15.0,0.38,10.0,0.4,15.0,0.62,10.0,0.6,15.0,0.75,15.0,0.76,15.0,0.13,0.13,43.394799,1776207534000
1776207536.226,236.226,0.25,15.0,0.24,15.0,0.38,10.0,0.4,15.0,0.62,10.0,0.6,15.0,0.75,15.0,0.76,15.0,0.13,0.13,43.393153,1776207535000
1776207536.478,236.478,0.11,7.5,0.1,15.0,0.18,25.0,0.19,15.0,0.62,10.0,0.6,15.0,0.75,15.0,0.76,15.0,0.07,0.13,43.393153,1776207535000
1776207537.352,237.352,0.11,7.5,0.1,15.0,0.18,25.0,0.19,15.0,0.82,25.0,0.81,15.0,0.89,7.5,0.9,15.0,0.07,0.07,43.391904,1776207536000
1776207538.149,238.149,0.11,7.5,0.1,15.0,0.18,25.0,0.19,15.0,0.82,25.0,0.81,15.0,0.89,7.5,0.9,15.0,0.07,0.07,43.391782,1776207537000
1776207539.166,239.166,0.11,7.5,0.1,15.0,0.18,25.0,0.19,15.0,0.82,25.0,0.81,15.0,0.89,7.5,0.9,15.0,0.07,0.07,43.391234,1776207538000
1776207539.392,239.392,0.12,7.5,0.11,7.5,0.19,25.0,0.2,15.0,0.82,25.0,0.81,15.0,0.89,7.5,0.9,15.0,0.07,0.07,43.391234,1776207538000
1776207540.366,240.366,0.12,7.5,0.11,7.5,0.19,25.0,0.2,15.0,0.81,25.0,0.8,15.0,0.88,7.5,0.89,7.5,0.07,0.07,43.391382,1776207539000
1776207540.871,240.871,0.12,7.5,0.11,7.5,0.19,25.0,0.2,15.0,0.81,25.0,0.8,15.0,0.88,7.5,0.89,7.5,0.07,0.07,43.392149,1776207540000
1776207541.426,241.426,0.1,15.0,0.09,15.0,0.18,10.0,0.19,15.0,0.81,25.0,0.8,15.0,0.88,7.5,0.89,7.5,0.08,0.07,43.392149,1776207540000
1776207541.969,241.969,0.1,15.0,0.09,15.0,0.18,10.0,0.19,15.0,0.82,10.0,0.81,15.0,0.9,15.0,0.91,15.0,0.08,0.08,43.392297,1776207541000
1776207543.259,243.259,0.1,15.0,0.09,15.0,0.18,10.0,0.19,15.0,0.82,10.0,0.81,15.0,0.9,15.0,0.91,15.0,0.08,0.08,43.392304,1776207542000
1776207544.799,244.799,0.1,15.0,0.09,15.0,0.18,10.0,0.19,15.0,0.82,10.0,0.81,15.0,0.9,15.0,0.91,15.0,0.08,0.08,43.39269,1776207543000
1776207545.531,245.531,0.1,15.0,0.09,15.0,0.18,10.0,0.19,15.0,0.82,10.0,0.81,15.0,0.9,15.0,0.91,15.0,0.08,0.08,43.393049,1776207544000
1776207546.461,246.461,0.1,15.0,0.09,15.0,0.18,10.0,0.19,15.0,0.82,10.0,0.81,15.0,0.9,15.0,0.91,15.0,0.08,0.08,43.392864,1776207545000
1776207547.203,247.203,0.1,15.0,0.09,15.0,0.18,10.0,0.19,15.0,0.82,10.0,0.81,15.0,0.9,15.0,0.91,15.0,0.08,0.08,43.393667,1776207546000
1776207547.511,247.511,0.09,15.0,0.08,15.0,0.16,15.0,0.17,15.0,0.82,10.0,0.81,15.0,0.9,15.0,0.91,15.0,0.07,0.08,43.393667,1776207546000
1776207548.571,248.571,0.09,15.0,0.08,15.0,0.16,15.0,0.17,15.0,0.84,15.0,0.83,15.0,0.91,15.0,0.92,15.0,0.07,0.07,43.393621,1776207547000
1776207549.282,249.282,0.09,15.0,0.08,15.0,0.16,15.0,0.17,15.0,0.84,15.0,0.83,15.0,0.91,15.0,0.92,15.0,0.07,0.07,43.393757,1776207548000
1776207550.88,250.88,0.09,15.0,0.08,15.0,0.16,15.0,0.17,15.0,0.84,15.0,0.83,15.0,0.91,15.0,0.92,15.0,0.07,0.07,43.393789,1776207549000
1776207551.601,251.601,0.09,15.0,0.08,15.0,0.16,15.0,0.17,15.0,0.84,15.0,0.83,15.0,0.91,15.0,0.92,15.0,0.07,0.07,43.393618,1776207550000
1776207552.273,252.273,0.09,15.0,0.08,15.0,0.16,15.0,0.17,15.0,0.84,15.0,0.83,15.0,0.91,15.0,0.92,15.0,0.07,0.07,43.393322,1776207551000
1776207553.579,253.579,0.09,15.0,0.08,15.0,0.16,15.0,0.17,15.0,0.84,15.0,0.83,15.0,0.91,15.0,0.92,15.0,0.07,0.07,43.385263,1776207552000
1776207554.356,254.356,0.09,15.0,0.08,15.0,0.16,15.0,0.17,15.0,0.84,15.0,0.83,15.0,0.91,15.0,0.92,15.0,0.07,0.07,43.382067,1776207553000
1776207555.058,255.058,0.04,2.91,0.03,15.0,0.06,15.0,0.07,15.0,0.94,15.0,0.93,15.0,0.96,2.91,0.97,15.0,0.02,0.02,43.380167,1776207554000
1776207556.622,256.622,0.04,2.91,0.03,15.0,0.06,15.0,0.07,15.0,0.94,15.0,0.93,15.0,0.96,2.91,0.97,15.0,0.02,0.02,43.379977,1776207555000
1776207557.347,257.347,0.04,2.91,0.03,15.0,0.06,15.0,0.07,15.0,0.94,15.0,0.93,15.0,0.96,2.91,0.97,15.0,0.02,0.02,43.377996,1776207556000
1776207557.964,257.964,0.05,8.78,0.04,17.91,0.11,15.0,0.12,25.0,0.94,15.0,0.93,15.0,0.96,2.91,0.97,15.0,0.06,0.02,43.377996,1776207556000
1776207558.2,258.2,0.05,8.78,0.04,17.91,0.11,15.0,0.12,25.0,0.89,15.0,0.88,25.0,0.95,8.78,0.96,17.91,0.06,0.06,43.377062,1776207557000
1776207559.55,259.55,0.05,8.78,0.04,17.91,0.11,15.0,0.12,25.0,0.89,15.0,0.88,25.0,0.95,8.78,0.96,17.91,0.06,0.06,43.377062,1776207558000
1776207560.453,260.453,0.05,8.78,0.04,17.91,0.11,15.0,0.12,25.0,0.89,15.0,0.88,25.0,0.95,8.78,0.96,17.91,0.06,0.06,43.378844,1776207559000
1776207561.201,261.201,0.05,8.78,0.04,17.91,0.11,15.0,0.12,25.0,0.89,15.0,0.88,25.0,0.95,8.78,0.96,17.91,0.06,0.06,43.385471,1776207560000
1776207562.683,262.683,0.05,8.78,0.04,17.91,0.11,15.0,0.12,25.0,0.89,15.0,0.88,25.0,0.95,8.78,0.96,17.91,0.06,0.06,43.38828,1776207561000
1776207563.803,263.803,0.05,8.78,0.04,17.91,0.11,15.0,0.12,25.0,0.89,15.0,0.88,25.0,0.95,8.78,0.96,17.91,0.06,0.06,43.388843,1776207562000
1776207564.405,264.405,0.05,8.78,0.04,17.91,0.11,15.0,0.12,25.0,0.89,15.0,0.88,25.0,0.95,8.78,0.96,17.91,0.06,0.06,43.389095,1776207563000
1776207564.932,264.932,0.04,0.82,0.03,15.0,0.09,15.0,0.1,25.0,0.91,15.0,0.9,25.0,0.96,0.82,0.97,15.0,0.05,0.05,43.387431,1776207564000
1776207566.101,266.101,0.04,0.82,0.03,15.0,0.09,15.0,0.1,25.0,0.91,15.0,0.9,25.0,0.96,0.82,0.97,15.0,0.05,0.05,43.385453,1776207565000
1776207567.014,267.014,0.04,0.82,0.03,15.0,0.09,15.0,0.1,25.0,0.91,15.0,0.9,25.0,0.96,0.82,0.97,15.0,0.05,0.05,43.383936,1776207566000
1776207567.945,267.945,0.04,0.82,0.03,15.0,0.09,15.0,0.1,25.0,0.91,15.0,0.9,25.0,0.96,0.82,0.97,15.0,0.05,0.05,43.383936,1776207567000
1776207568.924,268.924,0.04,0.82,0.03,15.0,0.09,15.0,0.1,25.0,0.91,15.0,0.9,25.0,0.96,0.82,0.97,15.0,0.05,0.05,43.382347,1776207568000
1776207569.502,269.502,0.03,14.78,0.02,25.0,0.05,5.0,0.09,15.0,0.91,15.0,0.9,25.0,0.96,0.82,0.97,15.0,0.02,0.05,43.382347,1776207568000
1776207569.946,269.946,0.03,14.78,0.02,25.0,0.05,5.0,0.09,15.0,0.95,5.0,0.91,15.0,0.97,14.78,0.98,25.0,0.02,0.02,43.382705,1776207569000
1776207570.851,270.851,0.03,14.78,0.02,25.0,0.05,5.0,0.09,15.0,0.95,5.0,0.91,15.0,0.97,14.78,0.98,25.0,0.02,0.02,43.383036,1776207570000
1776207571.736,271.736,0.03,12.71,0.02,25.0,0.05,5.0,0.06,15.0,0.95,5.0,0.91,15.0,0.97,14.78,0.98,25.0,0.02,0.02,43.383036,1776207570000
1776207572.13,272.13,0.03,12.71,0.02,25.0,0.05,5.0,0.06,15.0,0.95,5.0,0.94,15.0,0.97,12.71,0.98,25.0,0.02,0.02,43.384436,1776207571000
1776207573.094,273.094,0.04,7.5,0.03,12.71,0.05,5.0,0.08,15.0,0.95,5.0,0.92,15.0,0.96,7.5,0.97,12.71,0.01,0.01,43.385132,1776207572000
1776207573.296,273.296,0.03,11.67,0.02,25.0,0.05,5.0,0.06,15.0,0.95,5.0,0.92,15.0,0.96,7.5,0.97,12.71,0.02,0.01,43.385132,1776207572000
1776207574.167,274.167,0.03,11.67,0.02,25.0,0.05,5.0,0.06,15.0,0.95,5.0,0.94,15.0,0.97,11.67,0.98,25.0,0.02,0.02,43.38602,1776207573000
1776207574.38,274.38,0.03,11.67,0.02,25.0,0.05,5.0,0.07,15.0,0.95,5.0,0.94,15.0,0.97,11.67,0.98,25.0,0.02,0.02,43.38602,1776207573000
1776207575.127,275.127,0.03,11.67,0.02,25.0,0.05,5.0,0.07,15.0,0.95,5.0,0.93,15.0,0.97,11.67,0.98,25.0,0.02,0.02,43.386173,1776207574000
1776207576.165,276.165,0.03,11.67,0.02,25.0,0.05,5.0,0.07,15.0,0.95,5.0,0.93,15.0,0.97,11.67,0.98,25.0,0.02,0.02,43.386467,1776207575000
1776207577.155,277.155,0.03,11.67,0.02,25.0,0.05,5.0,0.07,15.0,0.95,5.0,0.93,15.0,0.97,11.67,0.98,25.0,0.02,0.02,43.386386,1776207576000
1776207578.172,278.172,0.03,11.67,0.02,25.0,0.05,5.0,0.07,15.0,0.95,5.0,0.93,15.0,0.97,11.67,0.98,25.0,0.02,0.02,43.386386,1776207577000
1776207579.159,279.159,0.03,11.67,0.02,25.0,0.05,5.0,0.07,15.0,0.95,5.0,0.93,15.0,0.97,11.67,0.98,25.0,0.02,0.02,43.386278,1776207578000
1776207579.799,279.799,0.02,8.97,0.01,190.0,0.05,5.0,0.09,10.0,0.95,5.0,0.93,15.0,0.97,11.67,0.98,25.0,0.03,0.02,43.386278,1776207578000
1776207580.021,280.021,0.02,2.79,0.01,190.0,0.05,5.0,0.09,10.0,0.95,5.0,0.91,10.0,0.98,3.82,0.99,190.0,0.03,0.03,43.386278,1776207578000
1776207580.271,280.271,0.02,2.79,0.01,190.0,0.05,5.0,0.09,10.0,0.95,5.0,0.91,10.0,0.98,2.79,0.99,190.0,0.03,0.03,43.386178,1776207579000
1776207581.357,281.357,0.02,1.76,0.01,190.0,0.05,5.0,0.09,10.0,0.95,5.0,0.91,10.0,0.98,1.76,0.99,190.0,0.03,0.03,43.386182,1776207580000
1776207581.938,281.938,0.02,1.76,0.01,190.0,0.05,5.0,0.09,10.0,0.95,5.0,0.91,10.0,0.98,1.76,0.99,190.0,0.03,0.03,43.386249,1776207581000
1776207582.411,282.411,0.01,161.76,,,0.05,5.0,0.09,10.0,0.95,5.0,0.91,10.0,0.98,1.76,0.99,190.0,0.04,0.03,43.386249,1776207581000
1776207582.959,282.959,0.01,161.76,,,0.05,5.0,0.09,10.0,0.95,5.0,0.91,10.0,0.99,161.76,,,0.04,0.04,43.387486,1776207582000
1776207583.585,283.585,0.01,156.71,,,0.09,10.0,0.7,100.0,0.95,5.0,0.91,10.0,0.99,161.76,,,0.08,0.04,43.387486,1776207582000
1776207584.071,284.071,0.01,151.66,,,0.09,10.0,0.7,100.0,0.91,10.0,0.3,100.0,0.99,151.66,,,0.08,0.08,43.38376,1776207583000
1776207585.107,285.107,0.01,151.66,,,0.09,10.0,0.7,100.0,0.91,10.0,0.3,100.0,0.99,151.66,,,0.08,0.08,43.382961,1776207584000
1776207585.452,285.452,0.01,146.66,,,0.09,51.0,0.7,100.0,0.91,10.0,0.3,100.0,0.99,151.66,,,0.08,0.08,43.382961,1776207584000
1776207586.18,286.18,0.01,146.66,,,0.09,51.0,0.7,100.0,0.91,51.0,0.3,100.0,0.99,146.66,,,0.08,0.08,43.382111,1776207585000
1776207586.902,286.902,0.01,138.06,,,0.09,51.0,0.7,100.0,0.91,51.0,0.3,100.0,0.99,146.66,,,0.08,0.08,43.382111,1776207585000
1776207587.242,287.242,0.01,138.06,,,0.09,51.0,0.7,100.0,0.91,51.0,0.3,100.0,0.99,138.06,,,0.08,0.08,43.382111,1776207586000
1776207588.312,288.312,0.01,138.06,,,0.09,51.0,0.7,100.0,0.91,51.0,0.3,100.0,0.99,138.06,,,0.08,0.08,43.382062,1776207587000
1776207589.354,289.354,0.01,138.06,,,0.09,51.0,0.7,100.0,0.91,51.0,0.3,100.0,0.99,138.06,,,0.08,0.08,43.382699,1776207588000
1776207589.863,289.863,0.01,138.06,,,0.09,51.0,0.7,100.0,0.91,51.0,0.3,100.0,0.99,138.06,,,0.08,0.08,43.382895,1776207589000
1776207591.664,291.664,0.01,133.06,,,0.09,51.0,0.7,100.0,0.91,51.0,0.3,100.0,0.99,133.06,,,0.08,0.08,43.383022,1776207590000
1776207592.298,292.298,0.01,133.06,,,0.09,51.0,0.7,100.0,0.91,51.0,0.3,100.0,0.99,133.06,,,0.08,0.08,43.383022,1776207591000
1776207593.218,293.218,0.01,112.85,,,0.09,10.0,0.7,100.0,0.91,51.0,0.3,100.0,0.99,133.06,,,0.08,0.08,43.383022,1776207591000
1776207593.632,293.632,0.01,112.85,,,0.09,10.0,0.7,100.0,0.91,10.0,0.3,100.0,0.99,112.85,,,0.08,0.08,43.38302,1776207592000
1776207594.212,294.212,0.01,112.85,,,0.09,10.0,0.7,100.0,0.91,10.0,0.3,100.0,0.99,112.85,,,0.08,0.08,43.38302,1776207593000
1776207595.232,295.232,0.01,100.42,,,0.09,10.0,0.7,100.0,0.91,10.0,0.3,100.0,0.99,112.85,,,0.08,0.08,43.38302,1776207593000
1776207595.949,295.949,0.01,100.42,,,0.09,10.0,0.7,100.0,0.91,10.0,0.3,100.0,0.99,100.42,,,0.08,0.08,43.383045,1776207595000
1776207596.18,296.18,0.01,85.26,,,0.09,10.0,0.9,100.0,0.91,10.0,0.3,100.0,0.99,100.42,,,0.08,0.08,43.383045,1776207595000
1776207596.418,296.418,0.01,84.15,,,0.09,10.0,0.9,100.0,0.91,10.0,0.1,100.0,0.99,85.26,,,0.08,0.08,43.383045,1776207595000
1776207597.229,297.229,0.01,84.15,,,0.09,10.0,0.9,100.0,0.91,10.0,0.1,100.0,0.99,84.15,,,0.08,0.08,43.383048,1776207596000
1776207598.346,298.346,,,,,0.09,10.0,0.9,100.0,0.91,10.0,0.1,100.0,,,,,,,43.382914,1776207597000
1776207599.0,299.0,,,,,0.09,10.0,0.9,100.0,0.91,10.0,0.1,100.0,,,,,,,43.382817,1776207598000
1776207600.159,300.159,,,,,0.09,10.0,0.9,100.0,0.91,10.0,0.1,100.0,,,,,,,43.382945,1776207599000

# RESULT,winner=Down,slug=hype-updown-5m-1776207300,ticks=318
