timestamp,elapsed_sec,up_bid_p1,up_bid_s1,up_bid_p2,up_bid_s2,up_ask_p1,up_ask_s1,up_ask_p2,up_ask_s2,down_bid_p1,down_bid_s1,down_bid_p2,down_bid_s2,down_ask_p1,down_ask_s1,down_ask_p2,down_ask_s2,up_spread,down_spread,hype_price,hype_oracle_ts
1776181811.169,11.169,,,,,,,,,,,,,,,,,,,43.803416,1776181810000
1776181811.481,11.481,0.51,10.0,0.45,11.0,0.58,5.0,0.59,15.0,0.42,5.0,0.41,15.0,0.49,10.0,0.55,11.0,0.07,0.07,43.803416,1776181810000
1776181811.973,11.973,0.51,10.0,0.45,11.0,0.58,5.0,0.59,15.0,0.42,5.0,0.41,15.0,0.49,10.0,0.55,11.0,0.07,0.07,43.803416,1776181810000
1776181812.195,12.195,0.51,10.0,0.45,11.0,0.58,5.0,0.59,15.0,0.42,5.0,0.41,15.0,0.49,10.0,0.55,11.0,0.07,0.07,43.802126,1776181811000
1776181813.496,13.496,0.51,10.0,0.45,11.0,0.58,5.0,0.59,15.0,0.42,5.0,0.41,15.0,0.49,10.0,0.55,11.0,0.07,0.07,43.802442,1776181812000
1776181814.626,14.626,0.51,10.0,0.45,11.0,0.58,5.0,0.59,15.0,0.42,5.0,0.41,15.0,0.49,10.0,0.55,11.0,0.07,0.07,43.804639,1776181813000
1776181815.413,15.413,0.51,10.0,0.45,11.0,0.58,5.0,0.59,15.0,0.42,5.0,0.41,15.0,0.49,10.0,0.55,11.0,0.07,0.07,43.802623,1776181814000
1776181816.131,16.131,0.51,10.0,0.45,11.0,0.58,5.0,0.59,15.0,0.42,5.0,0.41,15.0,0.49,10.0,0.55,11.0,0.07,0.07,43.803928,1776181815000
1776181817.671,17.671,0.51,10.0,0.45,11.0,0.58,5.0,0.59,15.0,0.42,5.0,0.41,15.0,0.49,10.0,0.55,11.0,0.07,0.07,43.804284,1776181816000
1776181818.23,18.23,0.51,10.0,0.45,11.0,0.58,5.0,0.59,15.0,0.42,5.0,0.41,15.0,0.49,10.0,0.55,11.0,0.07,0.07,43.804284,1776181817000
1776181819.659,19.659,0.51,10.0,0.45,11.0,0.58,5.0,0.59,15.0,0.42,5.0,0.41,15.0,0.49,10.0,0.55,11.0,0.07,0.07,43.812219,1776181818000
1776181820.209,20.209,0.51,10.0,0.45,11.0,0.58,5.0,0.59,15.0,0.42,5.0,0.41,15.0,0.49,10.0,0.55,11.0,0.07,0.07,43.812653,1776181819000
1776181821.567,21.567,0.51,10.0,0.45,11.0,0.58,5.0,0.59,15.0,0.42,5.0,0.41,15.0,0.49,10.0,0.55,11.0,0.07,0.07,43.816776,1776181820000
1776181822.247,22.247,0.51,10.0,0.45,11.0,0.58,5.0,0.59,15.0,0.42,5.0,0.41,15.0,0.49,10.0,0.55,11.0,0.07,0.07,43.822031,1776181821000
1776181823.387,23.387,0.51,10.0,0.45,11.0,0.58,5.0,0.59,15.0,0.42,5.0,0.41,15.0,0.49,10.0,0.55,11.0,0.07,0.07,43.821831,1776181822000
1776181824.18,24.18,0.51,10.0,0.45,11.0,0.58,5.0,0.59,15.0,0.42,5.0,0.41,15.0,0.49,10.0,0.55,11.0,0.07,0.07,43.821781,1776181823000
1776181825.449,25.449,0.51,10.0,0.45,11.0,0.58,5.0,0.59,15.0,0.42,5.0,0.41,15.0,0.49,10.0,0.55,11.0,0.07,0.07,43.816959,1776181824000
1776181826.514,26.514,0.51,10.0,0.45,11.0,0.58,5.0,0.59,15.0,0.42,5.0,0.41,15.0,0.49,10.0,0.55,11.0,0.07,0.07,43.81643,1776181825000
1776181826.838,26.838,0.51,5.0,0.39,12.0,0.53,5.0,0.54,5.0,0.42,5.0,0.41,15.0,0.49,10.0,0.55,11.0,0.02,0.07,43.81643,1776181825000
1776181827.185,27.185,0.51,5.0,0.39,12.0,0.53,5.0,0.54,5.0,0.47,5.0,0.46,5.0,0.49,5.0,0.61,12.0,0.02,0.02,43.816062,1776181826000
1776181828.32,28.32,0.51,5.0,0.39,12.0,0.53,5.0,0.54,5.0,0.47,5.0,0.46,5.0,0.49,5.0,0.61,12.0,0.02,0.02,43.814858,1776181827000
1776181829.637,29.637,0.51,5.0,0.39,12.0,0.53,5.0,0.54,5.0,0.47,5.0,0.46,5.0,0.49,5.0,0.61,12.0,0.02,0.02,43.809705,1776181828000
1776181830.237,30.237,0.51,5.0,0.39,12.0,0.53,5.0,0.54,5.0,0.47,5.0,0.46,5.0,0.49,5.0,0.61,12.0,0.02,0.02,43.808244,1776181829000
1776181831.387,31.387,0.51,5.0,0.39,12.0,0.53,5.0,0.54,5.0,0.47,5.0,0.46,5.0,0.49,5.0,0.61,12.0,0.02,0.02,43.808625,1776181830000
1776181832.5,32.5,0.51,5.0,0.39,12.0,0.53,5.0,0.54,5.0,0.47,5.0,0.46,5.0,0.49,5.0,0.61,12.0,0.02,0.02,43.811472,1776181831000
1776181833.098,33.098,0.51,5.0,0.39,12.0,0.53,5.0,0.54,5.0,0.47,5.0,0.46,5.0,0.49,5.0,0.61,12.0,0.02,0.02,43.811472,1776181832000
1776181834.384,34.384,0.51,5.0,0.39,12.0,0.53,5.0,0.54,5.0,0.47,5.0,0.46,5.0,0.49,5.0,0.61,12.0,0.02,0.02,43.811721,1776181833000
1776181834.98,34.98,0.51,5.0,0.39,12.0,0.53,5.0,0.54,5.0,0.47,5.0,0.46,5.0,0.49,5.0,0.61,12.0,0.02,0.02,43.811721,1776181834000
1776181836.138,36.138,0.51,5.0,0.39,12.0,0.53,5.0,0.54,5.0,0.47,5.0,0.46,5.0,0.49,5.0,0.61,12.0,0.02,0.02,43.811517,1776181835000
1776181837.381,37.381,0.51,5.0,0.39,12.0,0.53,5.0,0.54,5.0,0.47,5.0,0.46,5.0,0.49,5.0,0.61,12.0,0.02,0.02,43.812858,1776181836000
1776181838.578,38.578,0.51,5.0,0.39,12.0,0.53,5.0,0.54,5.0,0.47,5.0,0.46,5.0,0.49,5.0,0.61,12.0,0.02,0.02,43.812587,1776181837000
1776181839.018,39.018,0.51,5.0,0.39,12.0,0.53,5.0,0.54,5.0,0.47,5.0,0.46,5.0,0.49,5.0,0.61,12.0,0.02,0.02,43.812677,1776181838000
1776181840.258,40.258,0.51,5.0,0.39,12.0,0.53,5.0,0.54,5.0,0.47,5.0,0.46,5.0,0.49,5.0,0.61,12.0,0.02,0.02,43.813448,1776181839000
1776181841.896,41.896,0.51,5.0,0.39,12.0,0.53,5.0,0.54,5.0,0.47,5.0,0.46,5.0,0.49,5.0,0.61,12.0,0.02,0.02,43.813973,1776181840000
1776181842.433,42.433,0.51,5.0,0.39,12.0,0.53,5.0,0.54,5.0,0.47,5.0,0.46,5.0,0.49,5.0,0.61,12.0,0.02,0.02,43.819337,1776181841000
1776181842.926,42.926,0.51,5.0,0.39,12.0,0.53,5.0,0.54,5.0,0.47,5.0,0.46,5.0,0.49,5.0,0.61,12.0,0.02,0.02,43.823082,1776181842000
1776181844.141,44.141,0.51,5.0,0.39,12.0,0.53,5.0,0.54,5.0,0.47,5.0,0.46,5.0,0.49,5.0,0.61,12.0,0.02,0.02,43.823553,1776181843000
1776181845.22,45.22,0.51,5.0,0.39,12.0,0.53,5.0,0.54,5.0,0.47,5.0,0.46,5.0,0.49,5.0,0.61,12.0,0.02,0.02,43.824012,1776181844000
1776181846.204,46.204,0.51,5.0,0.39,12.0,0.53,5.0,0.54,5.0,0.47,5.0,0.46,5.0,0.49,5.0,0.61,12.0,0.02,0.02,43.819284,1776181845000
1776181847.159,47.159,0.51,5.0,0.39,12.0,0.53,5.0,0.54,5.0,0.47,5.0,0.46,5.0,0.49,5.0,0.61,12.0,0.02,0.02,43.819393,1776181846000
1776181848.249,48.249,0.51,5.0,0.39,12.0,0.53,5.0,0.54,5.0,0.47,5.0,0.46,5.0,0.49,5.0,0.61,12.0,0.02,0.02,43.822203,1776181847000
1776181849.273,49.273,0.51,5.0,0.39,12.0,0.53,5.0,0.54,5.0,0.47,5.0,0.46,5.0,0.49,5.0,0.61,12.0,0.02,0.02,43.822317,1776181848000
1776181850.321,50.321,0.51,5.0,0.39,12.0,0.53,5.0,0.54,5.0,0.47,5.0,0.46,5.0,0.49,5.0,0.61,12.0,0.02,0.02,43.820473,1776181849000
1776181851.313,51.313,0.51,5.0,0.39,12.0,0.53,5.0,0.54,5.0,0.47,5.0,0.46,5.0,0.49,5.0,0.61,12.0,0.02,0.02,43.821769,1776181850000
1776181852.491,52.491,0.51,5.0,0.39,12.0,0.53,5.0,0.54,5.0,0.47,5.0,0.46,5.0,0.49,5.0,0.61,12.0,0.02,0.02,43.821955,1776181851000
1776181852.899,52.899,0.51,5.0,0.39,12.0,0.53,5.0,0.54,5.0,0.47,5.0,0.46,5.0,0.49,5.0,0.61,12.0,0.02,0.02,43.820258,1776181852000
1776181853.999,53.999,0.51,5.0,0.39,12.0,0.53,5.0,0.54,5.0,0.47,5.0,0.46,5.0,0.49,5.0,0.61,12.0,0.02,0.02,43.820048,1776181853000
1776181855.62,55.62,0.51,5.0,0.39,12.0,0.53,5.0,0.54,5.0,0.47,5.0,0.46,5.0,0.49,5.0,0.61,12.0,0.02,0.02,43.822228,1776181854000
1776181856.386,56.386,0.51,5.0,0.39,12.0,0.53,5.0,0.54,5.0,0.47,5.0,0.46,5.0,0.49,5.0,0.61,12.0,0.02,0.02,43.822228,1776181855000
1776181857.461,57.461,0.51,5.0,0.39,12.0,0.53,5.0,0.54,5.0,0.47,5.0,0.46,5.0,0.49,5.0,0.61,12.0,0.02,0.02,43.821022,1776181856000
1776181858.358,58.358,0.51,5.0,0.39,12.0,0.53,5.0,0.54,5.0,0.47,5.0,0.46,5.0,0.49,5.0,0.61,12.0,0.02,0.02,43.821033,1776181857000
1776181859.602,59.602,0.51,5.0,0.39,12.0,0.53,5.0,0.54,5.0,0.47,5.0,0.46,5.0,0.49,5.0,0.61,12.0,0.02,0.02,43.821193,1776181858000
1776181860.26,60.26,0.51,5.0,0.39,12.0,0.53,5.0,0.54,5.0,0.47,5.0,0.46,5.0,0.49,5.0,0.61,12.0,0.02,0.02,43.821307,1776181859000
1776181861.506,61.506,0.51,5.0,0.39,12.0,0.53,5.0,0.54,5.0,0.47,5.0,0.46,5.0,0.49,5.0,0.61,12.0,0.02,0.02,43.82131,1776181860000
1776181862.303,62.303,0.51,5.0,0.39,12.0,0.53,5.0,0.54,5.0,0.47,5.0,0.46,5.0,0.49,5.0,0.61,12.0,0.02,0.02,43.821367,1776181861000
1776181863.927,63.927,0.51,5.0,0.39,12.0,0.53,5.0,0.54,5.0,0.47,5.0,0.46,5.0,0.49,5.0,0.61,12.0,0.02,0.02,43.820123,1776181862000
1776181864.631,64.631,0.51,5.0,0.39,12.0,0.53,5.0,0.54,5.0,0.47,5.0,0.46,5.0,0.49,5.0,0.61,12.0,0.02,0.02,43.81982,1776181863000
1776181865.379,65.379,0.51,5.0,0.39,12.0,0.53,5.0,0.54,5.0,0.47,5.0,0.46,5.0,0.49,5.0,0.61,12.0,0.02,0.02,43.819855,1776181864000
1776181866.976,66.976,0.51,5.0,0.39,12.0,0.53,5.0,0.54,5.0,0.47,5.0,0.46,5.0,0.49,5.0,0.61,12.0,0.02,0.02,43.822491,1776181865000
1776181867.447,67.447,0.54,13.69,0.53,15.0,0.67,15.0,0.68,15.0,0.47,5.0,0.46,5.0,0.49,5.0,0.61,12.0,0.13,0.02,43.822491,1776181865000
1776181867.794,67.794,0.54,13.69,0.53,15.0,0.67,15.0,0.68,15.0,0.33,15.0,0.32,15.0,0.46,13.69,0.47,15.0,0.13,0.13,43.824588,1776181866000
1776181868.468,68.468,0.54,13.69,0.53,15.0,0.67,15.0,0.68,15.0,0.33,15.0,0.32,15.0,0.46,13.69,0.47,15.0,0.13,0.13,43.824588,1776181867000
1776181869.186,69.186,0.54,13.69,0.53,15.0,0.67,15.0,0.68,15.0,0.33,15.0,0.32,15.0,0.46,13.69,0.47,15.0,0.13,0.13,43.825718,1776181868000
1776181870.517,70.517,0.54,13.69,0.53,15.0,0.67,15.0,0.68,15.0,0.33,15.0,0.32,15.0,0.46,13.69,0.47,15.0,0.13,0.13,43.827031,1776181869000
1776181871.203,71.203,0.54,13.69,0.53,15.0,0.67,15.0,0.68,15.0,0.33,15.0,0.32,15.0,0.46,13.69,0.47,15.0,0.13,0.13,43.825712,1776181870000
1776181872.647,72.647,0.54,13.69,0.53,15.0,0.67,15.0,0.68,15.0,0.33,15.0,0.32,15.0,0.46,13.69,0.47,15.0,0.13,0.13,43.825992,1776181871000
1776181873.466,73.466,0.54,13.69,0.53,15.0,0.67,15.0,0.68,15.0,0.33,15.0,0.32,15.0,0.46,13.69,0.47,15.0,0.13,0.13,43.825992,1776181872000
1776181873.981,73.981,0.54,13.69,0.53,15.0,0.67,15.0,0.68,15.0,0.33,15.0,0.32,15.0,0.46,13.69,0.47,15.0,0.13,0.13,43.825325,1776181873000
1776181875.013,75.013,0.54,13.69,0.53,15.0,0.67,15.0,0.68,15.0,0.33,15.0,0.32,15.0,0.46,13.69,0.47,15.0,0.13,0.13,43.82653,1776181874000
1776181876.043,76.043,0.54,13.69,0.53,15.0,0.67,15.0,0.68,15.0,0.33,15.0,0.32,15.0,0.46,13.69,0.47,15.0,0.13,0.13,43.826512,1776181875000
1776181877.1,77.1,0.54,13.69,0.53,15.0,0.67,15.0,0.68,15.0,0.33,15.0,0.32,15.0,0.46,13.69,0.47,15.0,0.13,0.13,43.826864,1776181876000
1776181878.028,78.028,0.54,13.69,0.53,15.0,0.67,15.0,0.68,15.0,0.33,15.0,0.32,15.0,0.46,13.69,0.47,15.0,0.13,0.13,43.826593,1776181877000
1776181879.046,79.046,0.54,13.69,0.53,15.0,0.67,15.0,0.68,15.0,0.33,15.0,0.32,15.0,0.46,13.69,0.47,15.0,0.13,0.13,43.828288,1776181878000
1776181880.078,80.078,0.54,13.69,0.53,15.0,0.67,15.0,0.68,15.0,0.33,15.0,0.32,15.0,0.46,13.69,0.47,15.0,0.13,0.13,43.828288,1776181879000
1776181881.063,81.063,0.54,13.69,0.53,15.0,0.67,15.0,0.68,15.0,0.33,15.0,0.32,15.0,0.46,13.69,0.47,15.0,0.13,0.13,43.828707,1776181880000
1776181881.656,81.656,0.64,26.0,0.56,15.0,0.76,11.09,0.77,15.0,0.33,15.0,0.32,15.0,0.46,13.69,0.47,15.0,0.12,0.13,43.828707,1776181880000
1776181881.997,81.997,0.75,10.0,0.73,5.0,0.76,4.53,0.77,15.0,0.24,4.53,0.23,15.0,0.25,10.0,0.27,5.0,0.01,0.01,43.83033,1776181881000
1776181882.249,82.249,0.8,12.0,0.77,5.0,0.82,9.75,0.83,15.0,0.18,15.0,0.17,15.0,0.23,5.0,0.24,5.0,0.02,0.05,43.83033,1776181881000
1776181882.569,82.569,0.79,5.0,0.78,22.0,0.84,11.46,0.85,15.0,0.18,9.75,0.17,15.0,0.2,12.0,0.23,5.0,0.05,0.02,43.83033,1776181881000
1776181882.933,82.933,0.79,5.0,0.78,22.0,0.84,11.46,0.85,15.0,0.16,11.46,0.15,15.0,0.21,5.0,0.22,22.0,0.05,0.05,43.835174,1776181882000
1776181883.968,83.968,0.79,5.0,0.78,22.0,0.84,11.46,0.85,15.0,0.16,11.46,0.15,15.0,0.21,5.0,0.22,22.0,0.05,0.05,43.932694,1776181883000
1776181884.985,84.985,0.79,5.0,0.78,22.0,0.84,11.46,0.85,15.0,0.16,11.46,0.15,15.0,0.21,5.0,0.22,22.0,0.05,0.05,43.956889,1776181884000
1776181886.524,86.524,0.79,5.0,0.78,22.0,0.84,11.46,0.85,15.0,0.16,11.46,0.15,15.0,0.21,5.0,0.22,22.0,0.05,0.05,43.960998,1776181885000
1776181887.093,87.093,0.79,5.0,0.78,22.0,0.84,11.46,0.85,15.0,0.16,11.46,0.15,15.0,0.21,5.0,0.22,22.0,0.05,0.05,43.963044,1776181886000
1776181888.306,88.306,0.79,5.0,0.78,22.0,0.84,11.46,0.85,15.0,0.16,11.46,0.15,15.0,0.21,5.0,0.22,22.0,0.05,0.05,43.961403,1776181887000
1776181889.561,89.561,0.79,5.0,0.78,22.0,0.84,11.46,0.85,15.0,0.16,11.46,0.15,15.0,0.21,5.0,0.22,22.0,0.05,0.05,43.96062,1776181888000
1776181890.132,90.132,0.79,5.0,0.78,22.0,0.84,11.46,0.85,15.0,0.16,11.46,0.15,15.0,0.21,5.0,0.22,22.0,0.05,0.05,43.949516,1776181889000
1776181891.338,91.338,0.79,5.0,0.78,22.0,0.84,11.46,0.85,15.0,0.16,11.46,0.15,15.0,0.21,5.0,0.22,22.0,0.05,0.05,43.9493,1776181890000
1776181892.468,92.468,0.79,5.0,0.78,22.0,0.84,11.46,0.85,15.0,0.16,11.46,0.15,15.0,0.21,5.0,0.22,22.0,0.05,0.05,43.948136,1776181891000
1776181893.147,93.147,0.79,5.0,0.78,22.0,0.84,11.46,0.85,15.0,0.16,11.46,0.15,15.0,0.21,5.0,0.22,22.0,0.05,0.05,43.947882,1776181892000
1776181894.786,94.786,0.79,5.0,0.78,22.0,0.84,11.46,0.85,15.0,0.16,11.46,0.15,15.0,0.21,5.0,0.22,22.0,0.05,0.05,43.952934,1776181893000
1776181895.355,95.355,0.79,5.0,0.78,22.0,0.84,11.46,0.85,15.0,0.16,11.46,0.15,15.0,0.21,5.0,0.22,22.0,0.05,0.05,43.952524,1776181894000
1776181896.528,96.528,0.79,5.0,0.78,22.0,0.84,11.46,0.85,15.0,0.16,11.46,0.15,15.0,0.21,5.0,0.22,22.0,0.05,0.05,43.948779,1776181895000
1776181897.106,97.106,0.79,5.0,0.78,22.0,0.84,11.46,0.85,15.0,0.16,11.46,0.15,15.0,0.21,5.0,0.22,22.0,0.05,0.05,43.948779,1776181896000
1776181898.373,98.373,0.79,5.0,0.78,22.0,0.84,11.46,0.85,15.0,0.16,11.46,0.15,15.0,0.21,5.0,0.22,22.0,0.05,0.05,43.930834,1776181897000
1776181899.698,99.698,0.79,5.0,0.78,22.0,0.84,11.46,0.85,15.0,0.16,11.46,0.15,15.0,0.21,5.0,0.22,22.0,0.05,0.05,43.9321,1776181898000
1776181900.343,100.343,0.79,5.0,0.78,22.0,0.84,11.46,0.85,15.0,0.16,11.46,0.15,15.0,0.21,5.0,0.22,22.0,0.05,0.05,43.932838,1776181899000
1776181901.604,101.604,0.79,5.0,0.78,22.0,0.84,11.46,0.85,15.0,0.16,11.46,0.15,15.0,0.21,5.0,0.22,22.0,0.05,0.05,43.929315,1776181900000
1776181902.715,102.715,0.79,5.0,0.78,22.0,0.84,11.46,0.85,15.0,0.16,11.46,0.15,15.0,0.21,5.0,0.22,22.0,0.05,0.05,43.928218,1776181901000
1776181903.387,103.387,0.79,5.0,0.78,22.0,0.84,11.46,0.85,15.0,0.16,11.46,0.15,15.0,0.21,5.0,0.22,22.0,0.05,0.05,43.928067,1776181902000
1776181904.098,104.098,0.79,5.0,0.78,22.0,0.84,11.46,0.85,15.0,0.16,11.46,0.15,15.0,0.21,5.0,0.22,22.0,0.05,0.05,43.929026,1776181903000
1776181905.318,105.318,0.79,5.0,0.78,22.0,0.84,11.46,0.85,15.0,0.16,11.46,0.15,15.0,0.21,5.0,0.22,22.0,0.05,0.05,43.929547,1776181904000
1776181906.324,106.324,0.79,5.0,0.78,22.0,0.84,11.46,0.85,15.0,0.16,11.46,0.15,15.0,0.21,5.0,0.22,22.0,0.05,0.05,43.923679,1776181905000
1776181907.444,107.444,0.79,5.0,0.78,22.0,0.84,11.46,0.85,15.0,0.16,11.46,0.15,15.0,0.21,5.0,0.22,22.0,0.05,0.05,43.921,1776181906000
1776181908.085,108.085,0.79,5.0,0.78,22.0,0.84,11.46,0.85,15.0,0.16,11.46,0.15,15.0,0.21,5.0,0.22,22.0,0.05,0.05,43.921434,1776181907000
1776181909.106,109.106,0.79,5.0,0.78,22.0,0.84,11.46,0.85,15.0,0.16,11.46,0.15,15.0,0.21,5.0,0.22,22.0,0.05,0.05,43.921662,1776181908000
1776181910.316,110.316,0.79,5.0,0.78,22.0,0.84,11.46,0.85,15.0,0.16,11.46,0.15,15.0,0.21,5.0,0.22,22.0,0.05,0.05,43.922742,1776181909000
1776181910.883,110.883,0.87,5.0,0.83,47.0,0.92,62.0,0.94,15.0,0.16,11.46,0.15,15.0,0.21,5.0,0.22,22.0,0.05,0.05,43.922742,1776181909000
1776181911.471,111.471,0.87,5.0,0.83,47.0,0.92,62.0,0.94,15.0,0.08,62.0,0.06,15.0,0.13,5.0,0.17,47.0,0.05,0.05,43.92462,1776181910000
1776181912.09,112.09,0.87,5.0,0.83,47.0,0.92,62.0,0.94,15.0,0.08,62.0,0.06,15.0,0.13,5.0,0.17,47.0,0.05,0.05,43.924745,1776181911000
1776181912.454,112.454,0.86,32.0,0.85,15.0,0.92,60.91,0.93,15.0,0.08,62.0,0.06,15.0,0.13,5.0,0.17,47.0,0.06,0.05,43.924745,1776181911000
1776181913.103,113.103,0.86,32.0,0.85,15.0,0.92,60.91,0.93,15.0,0.08,60.91,0.07,15.0,0.14,32.0,0.15,15.0,0.06,0.06,43.935554,1776181912000
1776181914.195,114.195,0.86,32.0,0.85,15.0,0.92,60.91,0.93,15.0,0.08,60.91,0.07,15.0,0.14,32.0,0.15,15.0,0.06,0.06,43.946327,1776181913000
1776181915.302,115.302,0.86,32.0,0.85,15.0,0.92,60.91,0.93,15.0,0.08,60.91,0.07,15.0,0.14,32.0,0.15,15.0,0.06,0.06,43.951479,1776181914000
1776181916.352,116.352,0.86,32.0,0.85,15.0,0.92,60.91,0.93,15.0,0.08,60.91,0.07,15.0,0.14,32.0,0.15,15.0,0.06,0.06,43.952903,1776181915000
1776181917.406,117.406,0.86,32.0,0.85,15.0,0.92,60.91,0.93,15.0,0.08,60.91,0.07,15.0,0.14,32.0,0.15,15.0,0.06,0.06,43.955395,1776181916000
1776181918.506,118.506,0.86,32.0,0.85,15.0,0.92,60.91,0.93,15.0,0.08,60.91,0.07,15.0,0.14,32.0,0.15,15.0,0.06,0.06,43.952646,1776181917000
1776181918.998,118.998,0.86,32.0,0.85,15.0,0.92,60.91,0.93,15.0,0.08,60.91,0.07,15.0,0.14,32.0,0.15,15.0,0.06,0.06,43.955786,1776181918000
1776181920.022,120.022,0.86,32.0,0.85,15.0,0.92,60.91,0.93,15.0,0.08,60.91,0.07,15.0,0.14,32.0,0.15,15.0,0.06,0.06,43.955878,1776181919000
1776181921.072,121.072,0.86,32.0,0.85,15.0,0.92,60.91,0.93,15.0,0.08,60.91,0.07,15.0,0.14,32.0,0.15,15.0,0.06,0.06,43.959256,1776181920000
1776181922.179,122.179,0.86,32.0,0.85,15.0,0.92,60.91,0.93,15.0,0.08,60.91,0.07,15.0,0.14,32.0,0.15,15.0,0.06,0.06,43.952684,1776181921000
1776181923.233,123.233,0.86,32.0,0.85,15.0,0.92,60.91,0.93,15.0,0.08,60.91,0.07,15.0,0.14,32.0,0.15,15.0,0.06,0.06,43.940299,1776181922000
1776181924.23,124.23,0.86,32.0,0.85,15.0,0.92,60.91,0.93,15.0,0.08,60.91,0.07,15.0,0.14,32.0,0.15,15.0,0.06,0.06,43.93057,1776181923000
1776181925.269,125.269,0.86,32.0,0.85,15.0,0.92,60.91,0.93,15.0,0.08,60.91,0.07,15.0,0.14,32.0,0.15,15.0,0.06,0.06,43.935649,1776181924000
1776181926.316,126.316,0.86,32.0,0.85,15.0,0.92,60.91,0.93,15.0,0.08,60.91,0.07,15.0,0.14,32.0,0.15,15.0,0.06,0.06,43.939202,1776181925000
1776181927.408,127.408,0.86,32.0,0.85,15.0,0.92,60.91,0.93,15.0,0.08,60.91,0.07,15.0,0.14,32.0,0.15,15.0,0.06,0.06,43.939095,1776181926000
1776181927.982,127.982,0.86,32.0,0.85,15.0,0.92,60.91,0.93,15.0,0.08,60.91,0.07,15.0,0.14,32.0,0.15,15.0,0.06,0.06,43.938831,1776181927000
1776181928.99,128.99,0.86,32.0,0.85,15.0,0.92,60.91,0.93,15.0,0.08,60.91,0.07,15.0,0.14,32.0,0.15,15.0,0.06,0.06,43.936595,1776181928000
1776181929.993,129.993,0.86,32.0,0.85,15.0,0.92,60.91,0.93,15.0,0.08,60.91,0.07,15.0,0.14,32.0,0.15,15.0,0.06,0.06,43.938274,1776181929000
1776181930.976,130.976,0.86,32.0,0.85,15.0,0.92,60.91,0.93,15.0,0.08,60.91,0.07,15.0,0.14,32.0,0.15,15.0,0.06,0.06,43.938507,1776181930000
1776181932.017,132.017,0.86,32.0,0.85,15.0,0.92,60.91,0.93,15.0,0.08,60.91,0.07,15.0,0.14,32.0,0.15,15.0,0.06,0.06,43.938628,1776181931000
1776181933.107,133.107,0.86,32.0,0.85,15.0,0.92,60.91,0.93,15.0,0.08,60.91,0.07,15.0,0.14,32.0,0.15,15.0,0.06,0.06,43.938455,1776181932000
1776181934.119,134.119,0.86,32.0,0.85,15.0,0.92,60.91,0.93,15.0,0.08,60.91,0.07,15.0,0.14,32.0,0.15,15.0,0.06,0.06,43.938518,1776181933000
1776181935.164,135.164,0.86,32.0,0.85,15.0,0.92,60.91,0.93,15.0,0.08,60.91,0.07,15.0,0.14,32.0,0.15,15.0,0.06,0.06,43.936858,1776181934000
1776181936.225,136.225,0.86,32.0,0.85,15.0,0.92,60.91,0.93,15.0,0.08,60.91,0.07,15.0,0.14,32.0,0.15,15.0,0.06,0.06,43.937583,1776181935000
1776181937.136,137.136,0.86,32.0,0.85,15.0,0.92,60.91,0.93,15.0,0.08,60.91,0.07,15.0,0.14,32.0,0.15,15.0,0.06,0.06,43.937761,1776181936000
1776181938.115,138.115,0.86,32.0,0.85,15.0,0.92,60.91,0.93,15.0,0.08,60.91,0.07,15.0,0.14,32.0,0.15,15.0,0.06,0.06,43.93725,1776181937000
1776181939.275,139.275,0.86,32.0,0.85,15.0,0.92,60.91,0.93,15.0,0.08,60.91,0.07,15.0,0.14,32.0,0.15,15.0,0.06,0.06,43.928293,1776181938000
1776181940.443,140.443,0.86,32.0,0.85,15.0,0.92,60.91,0.93,15.0,0.08,60.91,0.07,15.0,0.14,32.0,0.15,15.0,0.06,0.06,43.925005,1776181939000
1776181941.358,141.358,0.86,32.0,0.85,15.0,0.92,60.91,0.93,15.0,0.08,60.91,0.07,15.0,0.14,32.0,0.15,15.0,0.06,0.06,43.927399,1776181940000
1776181941.9,141.9,0.86,32.0,0.85,15.0,0.92,60.91,0.93,15.0,0.08,60.91,0.07,15.0,0.14,32.0,0.15,15.0,0.06,0.06,43.9285,1776181941000
1776181942.888,142.888,0.86,32.0,0.85,15.0,0.92,60.91,0.93,15.0,0.08,60.91,0.07,15.0,0.14,32.0,0.15,15.0,0.06,0.06,43.932033,1776181942000
1776181944.586,144.586,0.86,32.0,0.85,15.0,0.92,60.91,0.93,15.0,0.08,60.91,0.07,15.0,0.14,32.0,0.15,15.0,0.06,0.06,43.930908,1776181943000
1776181945.065,145.065,0.86,32.0,0.85,15.0,0.92,60.91,0.93,15.0,0.08,60.91,0.07,15.0,0.14,32.0,0.15,15.0,0.06,0.06,43.934119,1776181944000
1776181946.143,146.143,0.86,32.0,0.85,15.0,0.92,60.91,0.93,15.0,0.08,60.91,0.07,15.0,0.14,32.0,0.15,15.0,0.06,0.06,43.937808,1776181945000
1776181947.13,147.13,0.86,32.0,0.85,15.0,0.92,60.91,0.93,15.0,0.08,60.91,0.07,15.0,0.14,32.0,0.15,15.0,0.06,0.06,43.937838,1776181946000
1776181948.172,148.172,0.86,32.0,0.85,15.0,0.92,60.91,0.93,15.0,0.08,60.91,0.07,15.0,0.14,32.0,0.15,15.0,0.06,0.06,43.934861,1776181947000
1776181949.277,149.277,0.86,32.0,0.85,15.0,0.92,60.91,0.93,15.0,0.08,60.91,0.07,15.0,0.14,32.0,0.15,15.0,0.06,0.06,43.934849,1776181948000
1776181950.214,150.214,0.86,32.0,0.85,15.0,0.92,60.91,0.93,15.0,0.08,60.91,0.07,15.0,0.14,32.0,0.15,15.0,0.06,0.06,43.935181,1776181949000
1776181951.303,151.303,0.86,32.0,0.85,15.0,0.92,60.91,0.93,15.0,0.08,60.91,0.07,15.0,0.14,32.0,0.15,15.0,0.06,0.06,43.938293,1776181950000
1776181952.244,152.244,0.86,32.0,0.85,15.0,0.92,60.91,0.93,15.0,0.08,60.91,0.07,15.0,0.14,32.0,0.15,15.0,0.06,0.06,43.944696,1776181951000
1776181953.292,153.292,0.86,32.0,0.85,15.0,0.92,60.91,0.93,15.0,0.08,60.91,0.07,15.0,0.14,32.0,0.15,15.0,0.06,0.06,43.946219,1776181952000
1776181953.805,153.805,0.95,35.0,0.91,15.0,0.96,20.0,0.97,15.0,0.08,60.91,0.07,15.0,0.14,32.0,0.15,15.0,0.01,0.06,43.946219,1776181952000
1776181954.328,154.328,0.95,35.0,0.91,15.0,0.96,20.0,0.97,15.0,0.04,20.0,0.03,15.0,0.05,35.0,0.09,15.0,0.01,0.01,43.946591,1776181953000
1776181954.673,154.673,0.95,35.0,0.92,15.0,0.96,18.95,0.97,15.0,0.04,20.0,0.03,15.0,0.05,35.0,0.09,15.0,0.01,0.01,43.946591,1776181953000
1776181955.316,155.316,0.95,35.0,0.92,15.0,0.96,18.95,0.97,15.0,0.04,18.95,0.03,15.0,0.05,35.0,0.08,15.0,0.01,0.01,43.945034,1776181954000
1776181956.429,156.429,0.95,35.0,0.92,15.0,0.96,18.95,0.97,15.0,0.04,18.95,0.03,15.0,0.05,35.0,0.08,15.0,0.01,0.01,43.945142,1776181955000
1776181956.866,156.866,0.95,35.0,0.92,15.0,0.96,18.95,0.97,15.0,0.04,18.95,0.03,15.0,0.05,35.0,0.08,15.0,0.01,0.01,43.945476,1776181956000
1776181958.222,158.222,0.95,35.0,0.92,15.0,0.96,18.95,0.97,15.0,0.04,18.95,0.03,15.0,0.05,35.0,0.08,15.0,0.01,0.01,43.945476,1776181957000
1776181959.23,159.23,0.95,35.0,0.92,15.0,0.96,18.95,0.97,15.0,0.04,18.95,0.03,15.0,0.05,35.0,0.08,15.0,0.01,0.01,43.948049,1776181958000
1776181960.172,160.172,0.95,35.0,0.92,15.0,0.96,18.95,0.97,15.0,0.04,18.95,0.03,15.0,0.05,35.0,0.08,15.0,0.01,0.01,43.953835,1776181959000
1776181960.571,160.571,0.95,40.0,0.92,15.0,0.96,17.9,0.97,15.0,0.04,18.95,0.03,15.0,0.05,35.0,0.08,15.0,0.01,0.01,43.953835,1776181959000
1776181961.113,161.113,0.95,40.0,0.92,15.0,0.96,17.9,0.97,15.0,0.04,17.9,0.03,15.0,0.05,40.0,0.08,15.0,0.01,0.01,43.95342,1776181960000
1776181961.944,161.944,0.95,40.0,0.91,15.0,0.96,16.85,0.97,15.0,0.04,17.9,0.03,15.0,0.05,40.0,0.08,15.0,0.01,0.01,43.95342,1776181960000
1776181963.267,163.267,0.95,40.0,0.91,15.0,0.96,16.85,0.97,15.0,0.04,16.85,0.03,15.0,0.05,40.0,0.09,15.0,0.01,0.01,43.9517,1776181962000
1776181964.007,164.007,0.95,40.0,0.91,15.0,0.96,16.85,0.97,15.0,0.04,16.85,0.03,15.0,0.05,40.0,0.09,15.0,0.01,0.01,43.9515,1776181963000
1776181965.012,165.012,0.95,40.0,0.91,15.0,0.96,16.85,0.97,15.0,0.04,16.85,0.03,15.0,0.05,40.0,0.09,15.0,0.01,0.01,43.9506,1776181964000
1776181966.041,166.041,0.95,40.0,0.91,15.0,0.96,16.85,0.97,15.0,0.04,16.85,0.03,15.0,0.05,40.0,0.09,15.0,0.01,0.01,43.939635,1776181965000
1776181966.924,166.924,0.95,40.0,0.91,15.0,0.96,16.85,0.97,15.0,0.04,16.85,0.03,15.0,0.05,40.0,0.09,15.0,0.01,0.01,43.936223,1776181966000
1776181967.961,167.961,0.95,40.0,0.91,15.0,0.96,16.85,0.97,15.0,0.04,16.85,0.03,15.0,0.05,40.0,0.09,15.0,0.01,0.01,43.93572,1776181967000
1776181969.258,169.258,0.95,40.0,0.91,15.0,0.96,16.85,0.97,15.0,0.04,16.85,0.03,15.0,0.05,40.0,0.09,15.0,0.01,0.01,43.936118,1776181968000
1776181970.295,170.295,0.95,40.0,0.91,15.0,0.96,16.85,0.97,15.0,0.04,16.85,0.03,15.0,0.05,40.0,0.09,15.0,0.01,0.01,43.933353,1776181969000
1776181971.311,171.311,0.95,40.0,0.91,15.0,0.96,16.85,0.97,15.0,0.04,16.85,0.03,15.0,0.05,40.0,0.09,15.0,0.01,0.01,43.9318,1776181970000
1776181972.33,172.33,0.95,40.0,0.91,15.0,0.96,16.85,0.97,15.0,0.04,16.85,0.03,15.0,0.05,40.0,0.09,15.0,0.01,0.01,43.929702,1776181971000
1776181973.251,173.251,0.95,40.0,0.91,15.0,0.96,16.85,0.97,15.0,0.04,16.85,0.03,15.0,0.05,40.0,0.09,15.0,0.01,0.01,43.924769,1776181972000
1776181974.264,174.264,0.95,40.0,0.91,15.0,0.96,16.85,0.97,15.0,0.04,16.85,0.03,15.0,0.05,40.0,0.09,15.0,0.01,0.01,43.921886,1776181973000
1776181975.354,175.354,0.95,40.0,0.91,15.0,0.96,16.85,0.97,15.0,0.04,16.85,0.03,15.0,0.05,40.0,0.09,15.0,0.01,0.01,43.922038,1776181974000
1776181976.18,176.18,0.95,40.0,0.91,15.0,0.96,16.85,0.97,15.0,0.04,16.85,0.03,15.0,0.05,40.0,0.09,15.0,0.01,0.01,43.920064,1776181975000
1776181977.197,177.197,0.95,40.0,0.91,15.0,0.96,16.85,0.97,15.0,0.04,16.85,0.03,15.0,0.05,40.0,0.09,15.0,0.01,0.01,43.91992,1776181976000
1776181978.311,178.311,0.95,20.0,0.81,15.0,0.96,16.85,0.97,181.0,0.04,16.85,0.03,181.0,0.05,20.0,0.19,15.0,0.01,0.01,43.909182,1776181977000
1776181979.277,179.277,0.95,20.0,0.81,15.0,0.96,16.85,0.97,181.0,0.04,16.85,0.03,181.0,0.05,20.0,0.19,15.0,0.01,0.01,43.896838,1776181978000
1776181980.142,180.142,0.85,10.0,0.82,15.0,0.96,16.85,0.97,15.0,0.04,16.85,0.03,15.0,0.15,10.0,0.18,15.0,0.11,0.11,43.892635,1776181979000
1776181981.095,181.095,0.85,10.0,0.82,15.0,0.96,16.85,0.97,15.0,0.04,16.85,0.03,15.0,0.15,10.0,0.18,15.0,0.11,0.11,43.892642,1776181980000
1776181982.05,182.05,0.85,10.0,0.82,15.0,0.96,16.85,0.97,15.0,0.04,16.85,0.03,15.0,0.15,10.0,0.18,15.0,0.11,0.11,43.897805,1776181981000
1776181983.197,183.197,0.85,10.0,0.82,15.0,0.96,16.85,0.97,15.0,0.04,16.85,0.03,15.0,0.15,10.0,0.18,15.0,0.11,0.11,43.9063,1776181982000
1776181984.573,184.573,0.85,10.0,0.82,15.0,0.96,16.85,0.97,15.0,0.04,16.85,0.03,15.0,0.15,10.0,0.18,15.0,0.11,0.11,43.91345,1776181983000
1776181985.229,185.229,0.85,10.0,0.82,15.0,0.96,16.85,0.97,15.0,0.04,16.85,0.03,15.0,0.15,10.0,0.18,15.0,0.11,0.11,43.912183,1776181984000
1776181986.348,186.348,0.85,10.0,0.82,15.0,0.96,16.85,0.97,15.0,0.04,16.85,0.03,15.0,0.15,10.0,0.18,15.0,0.11,0.11,43.906995,1776181985000
1776181987.409,187.409,0.85,10.0,0.82,15.0,0.96,16.85,0.97,15.0,0.04,16.85,0.03,15.0,0.15,10.0,0.18,15.0,0.11,0.11,43.908427,1776181986000
1776181988.003,188.003,0.85,10.0,0.82,15.0,0.96,16.85,0.97,15.0,0.04,16.85,0.03,15.0,0.15,10.0,0.18,15.0,0.11,0.11,43.909214,1776181987000
1776181988.982,188.982,0.85,10.0,0.82,15.0,0.96,16.85,0.97,15.0,0.04,16.85,0.03,15.0,0.15,10.0,0.18,15.0,0.11,0.11,43.908802,1776181988000
1776181990.009,190.009,0.85,10.0,0.82,15.0,0.96,16.85,0.97,15.0,0.04,16.85,0.03,15.0,0.15,10.0,0.18,15.0,0.11,0.11,43.907196,1776181989000
1776181991.209,191.209,0.85,10.0,0.82,15.0,0.96,16.85,0.97,15.0,0.04,16.85,0.03,15.0,0.15,10.0,0.18,15.0,0.11,0.11,43.907868,1776181990000
1776181992.089,192.089,0.85,10.0,0.82,15.0,0.96,16.85,0.97,15.0,0.04,16.85,0.03,15.0,0.15,10.0,0.18,15.0,0.11,0.11,43.906913,1776181991000
1776181993.38,193.38,0.85,10.0,0.82,15.0,0.96,16.85,0.97,15.0,0.04,16.85,0.03,15.0,0.15,10.0,0.18,15.0,0.11,0.11,43.906874,1776181992000
1776181994.443,194.443,0.85,10.0,0.82,15.0,0.96,16.85,0.97,15.0,0.04,16.85,0.03,15.0,0.15,10.0,0.18,15.0,0.11,0.11,43.905541,1776181993000
1776181995.06,195.06,0.85,10.0,0.82,15.0,0.96,16.85,0.97,15.0,0.04,16.85,0.03,15.0,0.15,10.0,0.18,15.0,0.11,0.11,43.907155,1776181994000
1776181996.202,196.202,0.85,10.0,0.82,15.0,0.96,16.85,0.97,15.0,0.04,16.85,0.03,15.0,0.15,10.0,0.18,15.0,0.11,0.11,43.9091,1776181995000
1776181997.826,197.826,0.85,10.0,0.82,15.0,0.96,16.85,0.97,15.0,0.04,16.85,0.03,15.0,0.15,10.0,0.18,15.0,0.11,0.11,43.909099,1776181996000
1776181999.168,199.168,0.85,10.0,0.82,15.0,0.96,16.85,0.97,15.0,0.04,16.85,0.03,15.0,0.15,10.0,0.18,15.0,0.11,0.11,43.905791,1776181997000
1776181999.803,199.803,0.85,10.0,0.82,15.0,0.96,16.85,0.97,15.0,0.04,16.85,0.03,15.0,0.15,10.0,0.18,15.0,0.11,0.11,43.905778,1776181998000
1776182000.674,200.674,0.85,10.0,0.82,15.0,0.96,16.85,0.97,15.0,0.04,16.85,0.03,15.0,0.15,10.0,0.18,15.0,0.11,0.11,43.90512,1776181999000
1776182001.306,201.306,0.85,10.0,0.82,15.0,0.96,16.85,0.97,15.0,0.04,16.85,0.03,15.0,0.15,10.0,0.18,15.0,0.11,0.11,43.905886,1776182000000
1776182002.753,202.753,0.85,10.0,0.82,15.0,0.96,16.85,0.97,15.0,0.04,16.85,0.03,15.0,0.15,10.0,0.18,15.0,0.11,0.11,43.9035,1776182001000
1776182003.446,203.446,0.85,10.0,0.82,15.0,0.96,16.85,0.97,15.0,0.04,16.85,0.03,15.0,0.15,10.0,0.18,15.0,0.11,0.11,43.905407,1776182002000
1776182004.172,204.172,0.85,10.0,0.82,15.0,0.96,16.85,0.97,15.0,0.04,16.85,0.03,15.0,0.15,10.0,0.18,15.0,0.11,0.11,43.904595,1776182003000
1776182004.416,204.416,0.91,37.0,0.9,15.0,0.96,16.85,0.97,15.0,0.04,16.85,0.03,15.0,0.15,10.0,0.18,15.0,0.05,0.11,43.904595,1776182003000
1776182005.655,205.655,0.92,15.0,0.91,37.0,0.96,13.72,0.97,15.0,0.04,16.85,0.03,15.0,0.09,37.0,0.1,15.0,0.04,0.05,43.904595,1776182003000
1776182006.297,206.297,0.92,15.0,0.91,37.0,0.96,13.72,0.97,15.0,0.04,13.72,0.03,15.0,0.08,15.0,0.09,37.0,0.04,0.04,43.910941,1776182005000
1776182006.992,206.992,0.92,15.0,0.91,37.0,0.96,13.72,0.97,15.0,0.04,13.72,0.03,15.0,0.08,15.0,0.09,37.0,0.04,0.04,43.910941,1776182006000
1776182008.371,208.371,0.92,15.0,0.91,37.0,0.96,13.72,0.97,15.0,0.04,13.72,0.03,15.0,0.08,15.0,0.09,37.0,0.04,0.04,43.910879,1776182007000
1776182009.083,209.083,0.92,15.0,0.91,37.0,0.96,13.72,0.97,15.0,0.04,13.72,0.03,15.0,0.08,15.0,0.09,37.0,0.04,0.04,43.907256,1776182008000
1776182010.514,210.514,0.92,15.0,0.91,37.0,0.96,13.72,0.97,15.0,0.04,13.72,0.03,15.0,0.08,15.0,0.09,37.0,0.04,0.04,43.906687,1776182009000
1776182010.792,210.792,0.91,15.0,0.9,25.0,0.96,8.67,0.97,15.0,0.04,13.72,0.03,15.0,0.08,15.0,0.09,37.0,0.05,0.04,43.906687,1776182009000
1776182011.181,211.181,0.91,15.0,0.9,25.0,0.95,9.95,0.96,8.67,0.05,9.95,0.04,8.67,0.09,15.0,0.1,25.0,0.04,0.04,43.904836,1776182010000
1776182012.518,212.518,0.91,15.0,0.9,25.0,0.95,9.95,0.96,8.67,0.05,9.95,0.04,8.67,0.09,15.0,0.1,25.0,0.04,0.04,43.904668,1776182011000
1776182013.218,213.218,0.91,15.0,0.9,25.0,0.95,9.95,0.96,8.67,0.05,9.95,0.04,8.67,0.09,15.0,0.1,25.0,0.04,0.04,43.904668,1776182012000
1776182014.458,214.458,0.91,15.0,0.9,25.0,0.96,8.09,0.97,15.0,0.05,9.95,0.04,8.67,0.09,15.0,0.1,25.0,0.05,0.04,43.904668,1776182012000
1776182014.687,214.687,0.91,15.0,0.9,25.0,0.96,8.09,0.97,15.0,0.04,8.09,0.03,15.0,0.09,15.0,0.1,25.0,0.05,0.05,43.904486,1776182013000
1776182015.503,215.503,0.91,15.0,0.9,25.0,0.96,8.09,0.97,15.0,0.04,8.09,0.03,15.0,0.09,15.0,0.1,25.0,0.05,0.05,43.904068,1776182014000
1776182016.621,216.621,0.91,15.0,0.9,25.0,0.96,8.09,0.97,15.0,0.04,8.09,0.03,15.0,0.09,15.0,0.1,25.0,0.05,0.05,43.901595,1776182015000
1776182017.229,217.229,0.91,15.0,0.9,25.0,0.96,8.09,0.97,15.0,0.04,8.09,0.03,15.0,0.09,15.0,0.1,25.0,0.05,0.05,43.8965,1776182016000
1776182018.338,218.338,0.91,15.0,0.9,25.0,0.96,8.09,0.97,15.0,0.04,8.09,0.03,15.0,0.09,15.0,0.1,25.0,0.05,0.05,43.8895,1776182017000
1776182019.431,219.431,0.91,15.0,0.9,25.0,0.96,8.09,0.97,15.0,0.04,8.09,0.03,15.0,0.09,15.0,0.1,25.0,0.05,0.05,43.885708,1776182018000
1776182020.002,220.002,0.91,15.0,0.9,25.0,0.96,8.09,0.97,15.0,0.04,8.09,0.03,15.0,0.09,15.0,0.1,25.0,0.05,0.05,43.885,1776182019000
1776182021.24,221.24,0.91,15.0,0.9,25.0,0.96,8.09,0.97,15.0,0.04,8.09,0.03,15.0,0.09,15.0,0.1,25.0,0.05,0.05,43.873178,1776182020000
1776182022.347,222.347,0.91,15.0,0.9,25.0,0.96,8.09,0.97,15.0,0.04,8.09,0.03,15.0,0.09,15.0,0.1,25.0,0.05,0.05,43.860129,1776182021000
1776182023.347,223.347,0.91,15.0,0.9,25.0,0.96,8.09,0.97,15.0,0.04,8.09,0.03,15.0,0.09,15.0,0.1,25.0,0.05,0.05,43.851273,1776182022000
1776182023.966,223.966,0.91,15.0,0.9,25.0,0.96,8.09,0.97,15.0,0.04,8.09,0.03,15.0,0.09,15.0,0.1,25.0,0.05,0.05,43.850739,1776182023000
1776182025.026,225.026,0.91,15.0,0.9,25.0,0.96,8.09,0.97,15.0,0.04,8.09,0.03,15.0,0.09,15.0,0.1,25.0,0.05,0.05,43.845527,1776182024000
1776182026.245,226.245,0.91,15.0,0.9,25.0,0.96,8.09,0.97,15.0,0.04,8.09,0.03,15.0,0.09,15.0,0.1,25.0,0.05,0.05,43.844806,1776182025000
1776182027.31,227.31,0.91,15.0,0.9,25.0,0.96,8.09,0.97,15.0,0.04,8.09,0.03,15.0,0.09,15.0,0.1,25.0,0.05,0.05,43.843294,1776182026000
1776182028.318,228.318,0.91,15.0,0.9,25.0,0.96,8.09,0.97,15.0,0.04,8.09,0.03,15.0,0.09,15.0,0.1,25.0,0.05,0.05,43.839783,1776182027000
1776182029.051,229.051,0.91,15.0,0.9,25.0,0.96,8.09,0.97,15.0,0.04,8.09,0.03,15.0,0.09,15.0,0.1,25.0,0.05,0.05,43.840395,1776182028000
1776182030.092,230.092,0.91,15.0,0.9,25.0,0.96,8.09,0.97,15.0,0.04,8.09,0.03,15.0,0.09,15.0,0.1,25.0,0.05,0.05,43.841816,1776182029000
1776182031.263,231.263,0.91,15.0,0.9,25.0,0.96,8.09,0.97,15.0,0.04,8.09,0.03,15.0,0.09,15.0,0.1,25.0,0.05,0.05,43.842734,1776182030000
1776182032.429,232.429,0.91,15.0,0.9,25.0,0.96,8.09,0.97,15.0,0.04,8.09,0.03,15.0,0.09,15.0,0.1,25.0,0.05,0.05,43.843414,1776182031000
1776182032.971,232.971,0.91,15.0,0.9,25.0,0.96,8.09,0.97,15.0,0.04,8.09,0.03,15.0,0.09,15.0,0.1,25.0,0.05,0.05,43.84334,1776182032000
1776182034.16,234.16,0.91,15.0,0.9,25.0,0.96,8.09,0.97,15.0,0.04,8.09,0.03,15.0,0.09,15.0,0.1,25.0,0.05,0.05,43.843553,1776182033000
1776182035.153,235.153,0.91,15.0,0.9,25.0,0.96,8.09,0.97,15.0,0.04,8.09,0.03,15.0,0.09,15.0,0.1,25.0,0.05,0.05,43.842277,1776182034000
1776182036.52,236.52,0.91,15.0,0.9,25.0,0.96,8.09,0.97,15.0,0.04,8.09,0.03,15.0,0.09,15.0,0.1,25.0,0.05,0.05,43.842277,1776182035000
1776182036.959,236.959,0.91,15.0,0.9,25.0,0.96,8.09,0.97,15.0,0.04,8.09,0.03,15.0,0.09,15.0,0.1,25.0,0.05,0.05,43.842139,1776182036000
1776182037.358,237.358,0.8,10.0,0.77,15.0,0.85,15.0,0.86,15.0,0.04,8.09,0.03,15.0,0.09,15.0,0.1,25.0,0.05,0.05,43.842139,1776182036000
1776182038.137,238.137,0.8,10.0,0.77,15.0,0.85,15.0,0.86,15.0,0.15,15.0,0.14,15.0,0.2,10.0,0.23,15.0,0.05,0.05,43.842446,1776182037000
1776182039.285,239.285,0.8,10.0,0.77,15.0,0.85,15.0,0.86,15.0,0.15,15.0,0.14,15.0,0.2,10.0,0.23,15.0,0.05,0.05,43.845613,1776182038000
1776182040.405,240.405,0.8,10.0,0.77,15.0,0.85,15.0,0.86,15.0,0.15,15.0,0.14,15.0,0.2,10.0,0.23,15.0,0.05,0.05,43.848201,1776182039000
1776182040.996,240.996,0.8,10.0,0.77,15.0,0.85,15.0,0.86,15.0,0.15,15.0,0.14,15.0,0.2,10.0,0.23,15.0,0.05,0.05,43.848201,1776182040000
1776182041.685,241.685,0.84,15.0,0.82,15.0,0.89,10.95,0.9,15.0,0.15,15.0,0.14,15.0,0.2,10.0,0.23,15.0,0.05,0.05,43.848201,1776182040000
1776182042.145,242.145,0.84,5.0,0.78,15.0,0.88,3.55,0.89,10.95,0.11,10.95,0.1,15.0,0.16,15.0,0.18,15.0,0.04,0.05,43.848201,1776182040000
1776182043.239,243.239,0.84,5.0,0.78,15.0,0.88,3.55,0.89,10.95,0.12,3.55,0.11,10.95,0.16,5.0,0.22,15.0,0.04,0.04,43.848391,1776182042000
1776182044.348,244.348,0.84,5.0,0.78,15.0,0.88,3.55,0.89,10.95,0.12,3.55,0.11,10.95,0.16,5.0,0.22,15.0,0.04,0.04,43.850782,1776182043000
1776182045.026,245.026,0.84,5.0,0.78,15.0,0.88,3.55,0.89,10.95,0.12,3.55,0.11,10.95,0.16,5.0,0.22,15.0,0.04,0.04,43.850782,1776182044000
1776182045.956,245.956,0.84,5.0,0.78,15.0,0.88,3.55,0.89,10.95,0.12,3.55,0.11,10.95,0.16,5.0,0.22,15.0,0.04,0.04,43.847102,1776182045000
1776182047.064,247.064,0.84,5.0,0.78,15.0,0.88,3.55,0.89,10.95,0.12,3.55,0.11,10.95,0.16,5.0,0.22,15.0,0.04,0.04,43.844545,1776182046000
1776182048.126,248.126,0.84,5.0,0.78,15.0,0.88,3.55,0.89,10.95,0.12,3.55,0.11,10.95,0.16,5.0,0.22,15.0,0.04,0.04,43.841846,1776182047000
1776182049.022,249.022,0.84,5.0,0.78,15.0,0.88,3.55,0.89,10.95,0.12,3.55,0.11,10.95,0.16,5.0,0.22,15.0,0.04,0.04,43.84016,1776182048000
1776182050.024,250.024,0.78,6.0,0.65,15.0,0.81,8.92,0.82,15.0,0.12,3.55,0.11,10.95,0.16,5.0,0.22,15.0,0.03,0.04,43.84016,1776182048000
1776182051.044,251.044,0.78,6.0,0.65,15.0,0.81,8.92,0.82,15.0,0.19,8.92,0.18,15.0,0.22,6.0,0.35,15.0,0.03,0.03,43.839619,1776182050000
1776182052.113,252.113,0.78,6.0,0.65,15.0,0.81,8.92,0.82,15.0,0.19,8.92,0.18,15.0,0.22,6.0,0.35,15.0,0.03,0.03,43.838057,1776182051000
1776182052.708,252.708,0.67,47.0,0.66,15.0,0.87,15.0,0.88,3.55,0.19,8.92,0.18,15.0,0.22,6.0,0.35,15.0,0.2,0.03,43.838057,1776182051000
1776182053.1,253.1,0.67,47.0,0.66,15.0,0.87,15.0,0.88,3.55,0.13,15.0,0.12,3.55,0.33,47.0,0.34,15.0,0.2,0.2,43.837,1776182052000
1776182054.048,254.048,0.67,47.0,0.66,15.0,0.87,15.0,0.88,3.55,0.13,15.0,0.12,3.55,0.33,47.0,0.34,15.0,0.2,0.2,43.836515,1776182053000
1776182055.054,255.054,0.67,47.0,0.66,15.0,0.87,15.0,0.88,3.55,0.13,15.0,0.12,3.55,0.33,47.0,0.34,15.0,0.2,0.2,43.836203,1776182054000
1776182055.993,255.993,0.67,47.0,0.66,15.0,0.87,15.0,0.88,3.55,0.13,15.0,0.12,3.55,0.33,47.0,0.34,15.0,0.2,0.2,43.838993,1776182055000
1776182056.921,256.921,0.67,47.0,0.66,15.0,0.87,15.0,0.88,3.55,0.13,15.0,0.12,3.55,0.33,47.0,0.34,15.0,0.2,0.2,43.841608,1776182056000
1776182057.867,257.867,0.67,47.0,0.66,15.0,0.87,15.0,0.88,3.55,0.13,15.0,0.12,3.55,0.33,47.0,0.34,15.0,0.2,0.2,43.842562,1776182057000
1776182058.983,258.983,0.67,47.0,0.66,15.0,0.87,15.0,0.88,3.55,0.13,15.0,0.12,3.55,0.33,47.0,0.34,15.0,0.2,0.2,43.842951,1776182058000
1776182060.583,260.583,0.67,47.0,0.66,15.0,0.87,15.0,0.88,3.55,0.13,15.0,0.12,3.55,0.33,47.0,0.34,15.0,0.2,0.2,43.843505,1776182059000
1776182061.007,261.007,0.67,47.0,0.66,15.0,0.87,15.0,0.88,3.55,0.13,15.0,0.12,3.55,0.33,47.0,0.34,15.0,0.2,0.2,43.843495,1776182060000
1776182062.361,262.361,0.67,47.0,0.66,15.0,0.87,15.0,0.88,3.55,0.13,15.0,0.12,3.55,0.33,47.0,0.34,15.0,0.2,0.2,43.842651,1776182061000
1776182063.075,263.075,0.67,47.0,0.66,15.0,0.87,15.0,0.88,3.55,0.13,15.0,0.12,3.55,0.33,47.0,0.34,15.0,0.2,0.2,43.842651,1776182062000
1776182063.964,263.964,0.87,28.0,0.86,15.0,0.96,8.09,0.97,15.0,0.13,15.0,0.12,3.55,0.33,47.0,0.34,15.0,0.09,0.2,43.842651,1776182062000
1776182064.422,264.422,0.87,28.0,0.86,15.0,0.96,8.09,0.97,15.0,0.04,8.09,0.03,15.0,0.13,28.0,0.14,15.0,0.09,0.09,43.843528,1776182063000
1776182064.908,264.908,0.87,28.0,0.86,15.0,0.96,8.09,0.97,15.0,0.04,8.09,0.03,15.0,0.13,28.0,0.14,15.0,0.09,0.09,43.848807,1776182064000
1776182066.178,266.178,0.87,28.0,0.86,15.0,0.96,8.09,0.97,15.0,0.04,8.09,0.03,15.0,0.13,28.0,0.14,15.0,0.09,0.09,43.859691,1776182065000
1776182067.716,267.716,0.87,28.0,0.86,15.0,0.96,8.09,0.97,15.0,0.04,8.09,0.03,15.0,0.13,28.0,0.14,15.0,0.09,0.09,43.859676,1776182066000
1776182068.265,268.265,0.87,28.0,0.86,15.0,0.96,8.09,0.97,15.0,0.04,8.09,0.03,15.0,0.13,28.0,0.14,15.0,0.09,0.09,43.861018,1776182067000
1776182069.092,269.092,0.87,28.0,0.86,15.0,0.96,8.09,0.97,15.0,0.04,8.09,0.03,15.0,0.13,28.0,0.14,15.0,0.09,0.09,43.861018,1776182068000
1776182070.398,270.398,0.87,28.0,0.86,15.0,0.96,8.09,0.97,15.0,0.04,8.09,0.03,15.0,0.13,28.0,0.14,15.0,0.09,0.09,43.859127,1776182069000
1776182071.026,271.026,0.92,20.46,0.91,15.0,0.98,22.84,0.99,240.0,0.02,22.84,0.01,240.0,0.08,20.46,0.09,15.0,0.06,0.06,43.860543,1776182070000
1776182072.319,272.319,0.92,20.46,0.91,15.0,0.98,22.84,0.99,240.0,0.02,22.84,0.01,240.0,0.08,20.46,0.09,15.0,0.06,0.06,43.858675,1776182071000
1776182073.398,273.398,0.92,20.46,0.91,15.0,0.98,22.84,0.99,240.0,0.02,22.84,0.01,240.0,0.08,20.46,0.09,15.0,0.06,0.06,43.857677,1776182072000
1776182074.107,274.107,0.92,20.46,0.91,15.0,0.98,22.84,0.99,240.0,0.02,22.84,0.01,240.0,0.08,20.46,0.09,15.0,0.06,0.06,43.857583,1776182073000
1776182074.785,274.785,0.94,15.0,0.93,15.0,0.97,13.96,0.98,22.84,0.02,22.84,0.01,240.0,0.08,20.46,0.09,15.0,0.03,0.06,43.857583,1776182073000
1776182075.725,275.725,0.94,15.0,0.93,15.0,0.97,13.96,0.98,22.84,0.03,13.96,0.02,22.84,0.06,15.0,0.07,15.0,0.03,0.03,43.85727,1776182074000
1776182076.276,276.276,0.94,15.0,0.93,15.0,0.97,13.96,0.98,22.84,0.03,13.96,0.02,22.84,0.06,15.0,0.07,15.0,0.03,0.03,43.85727,1776182075000
1776182077.217,277.217,0.94,15.0,0.93,15.0,0.97,13.96,0.98,22.84,0.03,13.96,0.02,22.84,0.06,15.0,0.07,15.0,0.03,0.03,43.857388,1776182076000
1776182078.327,278.327,0.94,15.0,0.93,15.0,0.97,13.96,0.98,22.84,0.03,13.96,0.02,22.84,0.06,15.0,0.07,15.0,0.03,0.03,43.856809,1776182077000
1776182079.037,279.037,0.92,5.46,0.89,10.0,0.98,0.63,0.99,225.0,0.03,13.96,0.02,22.84,0.06,15.0,0.07,15.0,0.06,0.03,43.856809,1776182077000
1776182079.36,279.36,0.92,5.46,0.89,10.0,0.98,0.63,0.99,225.0,0.02,0.63,0.01,225.0,0.08,5.46,0.11,10.0,0.06,0.06,43.856809,1776182078000
1776182079.934,279.934,0.92,5.46,0.89,10.0,0.98,0.63,0.99,225.0,0.02,0.63,0.01,225.0,0.08,5.46,0.11,10.0,0.06,0.06,43.85615,1776182079000
1776182080.965,280.965,0.92,5.46,0.89,10.0,0.98,0.63,0.99,225.0,0.02,0.63,0.01,225.0,0.08,5.46,0.11,10.0,0.06,0.06,43.85615,1776182080000
1776182081.871,281.871,0.92,18.46,0.91,10.0,0.99,195.63,,,0.02,0.63,0.01,225.0,0.08,5.46,0.11,10.0,0.07,0.06,43.85615,1776182080000
1776182083.059,283.059,0.92,18.46,0.91,10.0,0.99,195.63,,,0.01,195.63,,,0.08,18.46,0.09,10.0,0.07,0.07,43.85702,1776182082000
1776182084.089,284.089,0.92,18.46,0.91,10.0,0.99,195.63,,,0.01,195.63,,,0.08,18.46,0.09,10.0,0.07,0.07,43.85853,1776182083000
1776182084.716,284.716,0.92,18.46,0.9,10.0,0.99,185.53,,,0.01,195.63,,,0.08,18.46,0.09,10.0,0.07,0.07,43.85853,1776182083000
1776182085.246,285.246,0.92,18.46,0.9,10.0,0.99,185.53,,,0.01,185.53,,,0.08,18.46,0.1,10.0,0.07,0.07,43.862684,1776182084000
1776182085.537,285.537,0.92,18.46,0.9,10.0,0.99,182.49,,,0.01,185.53,,,0.08,18.46,0.1,10.0,0.07,0.07,43.862684,1776182084000
1776182086.193,286.193,0.92,18.46,0.9,10.0,0.99,182.49,,,0.01,182.49,,,0.08,18.46,0.1,10.0,0.07,0.07,43.862002,1776182085000
1776182087.262,287.262,0.92,18.46,0.9,10.0,0.99,182.49,,,0.01,182.49,,,0.08,18.46,0.1,10.0,0.07,0.07,43.860252,1776182086000
1776182088.494,288.494,0.92,18.46,0.9,10.0,0.99,182.49,,,0.01,182.49,,,0.08,18.46,0.1,10.0,0.07,0.07,43.860111,1776182087000
1776182089.241,289.241,0.92,18.46,0.91,10.0,0.99,170.9,,,0.01,182.49,,,0.08,18.46,0.1,10.0,0.07,0.07,43.860111,1776182087000
1776182089.477,289.477,0.92,18.46,0.91,10.0,0.99,165.9,,,0.01,170.9,,,0.08,18.46,0.09,10.0,0.07,0.07,43.858634,1776182088000
1776182090.375,290.375,0.92,18.46,0.91,10.0,0.99,165.9,,,0.01,165.9,,,0.08,18.46,0.09,10.0,0.07,0.07,43.858633,1776182089000
1776182090.694,290.694,0.92,7.12,0.91,10.0,0.99,165.9,,,0.01,165.9,,,0.08,18.46,0.09,10.0,0.07,0.07,43.858633,1776182089000
1776182090.926,290.926,0.92,7.12,0.91,10.0,0.99,165.9,,,0.01,165.9,,,0.08,7.12,0.09,10.0,0.07,0.07,43.858633,1776182090000
1776182091.942,291.942,0.92,7.12,0.91,10.0,0.99,165.9,,,0.01,165.9,,,0.08,7.12,0.09,10.0,0.07,0.07,43.859026,1776182091000
1776182092.341,292.341,0.92,7.12,0.91,10.0,0.99,159.9,,,0.01,165.9,,,0.08,7.12,0.09,10.0,0.07,0.07,43.859026,1776182091000
1776182092.665,292.665,0.92,7.12,0.91,10.0,0.99,154.9,,,0.01,159.9,,,0.08,7.12,0.09,10.0,0.07,0.07,43.859026,1776182091000
1776182093.036,293.036,0.92,7.12,0.91,10.0,0.99,154.9,,,0.01,154.9,,,0.08,7.12,0.09,10.0,0.07,0.07,43.863619,1776182092000
1776182093.292,293.292,0.91,10.0,0.82,6.0,0.99,134.69,,,0.01,154.9,,,0.08,7.12,0.09,10.0,0.08,0.07,43.863619,1776182092000
1776182094.02,294.02,0.91,10.0,0.82,6.0,0.99,134.69,,,0.01,134.69,,,0.09,10.0,0.18,6.0,0.08,0.08,43.865338,1776182093000
1776182094.962,294.962,0.91,10.0,0.82,6.0,0.99,134.69,,,0.01,134.69,,,0.09,10.0,0.18,6.0,0.08,0.08,43.866959,1776182094000
1776182095.732,295.732,0.91,10.0,0.82,6.0,0.99,110.69,,,0.01,134.69,,,0.09,10.0,0.18,6.0,0.08,0.08,43.866959,1776182094000
1776182096.033,296.033,0.91,10.0,0.82,6.0,0.99,107.69,,,0.01,107.69,,,0.09,10.0,0.18,6.0,0.08,0.08,43.870132,1776182095000
1776182096.833,296.833,0.99,443.31,0.91,10.0,,,,,0.01,107.69,,,0.09,10.0,0.18,6.0,,0.08,43.870132,1776182095000
1776182097.058,297.058,0.99,443.31,0.91,10.0,,,,,,,,,0.01,443.31,0.09,10.0,,,43.870116,1776182096000
1776182098.084,298.084,0.99,443.31,0.91,10.0,,,,,,,,,0.01,443.31,0.09,10.0,,,43.870603,1776182097000

# RESULT,winner=Up,slug=hype-updown-5m-1776181800,ticks=318
