timestamp,elapsed_sec,up_bid_p1,up_bid_s1,up_bid_p2,up_bid_s2,up_ask_p1,up_ask_s1,up_ask_p2,up_ask_s2,down_bid_p1,down_bid_s1,down_bid_p2,down_bid_s2,down_ask_p1,down_ask_s1,down_ask_p2,down_ask_s2,up_spread,down_spread,hype_price,hype_oracle_ts
1776262849.949,49.949,0.47,5.0,0.46,5.0,0.48,9.89,0.49,5.0,0.41,37.0,0.4,33.0,0.59,37.0,0.6,33.0,0.01,0.18,44.551102,1776262847000
1776262852.472,52.472,0.47,11.0,0.46,5.0,0.48,3.75,0.49,5.0,0.52,9.89,0.51,5.0,0.53,5.0,0.54,5.0,0.01,0.01,44.554717,1776262851000
1776262856.299,56.299,0.48,6.25,0.47,54.0,0.49,5.0,0.6,5.0,0.52,3.75,0.51,5.0,0.53,11.0,0.54,5.0,0.01,0.01,44.556587,1776262855000
1776262856.646,56.646,0.52,5.0,0.48,51.0,0.6,5.0,0.61,5.0,0.51,5.0,0.4,5.0,0.52,6.25,0.53,54.0,0.08,0.01,44.556587,1776262855000
1776262865.955,65.955,0.59,21.0,0.58,5.0,0.69,15.0,0.7,15.0,0.4,5.0,0.39,5.0,0.48,5.0,0.52,51.0,0.1,0.08,44.572237,1776262864000
1776262880.826,80.826,0.68,50.0,0.67,5.0,0.77,15.0,0.78,20.0,0.31,15.0,0.3,15.0,0.41,21.0,0.42,5.0,0.09,0.1,44.583477,1776262879000
1776262891.913,91.913,0.75,16.0,0.74,5.0,0.76,15.0,0.77,20.0,0.23,15.0,0.22,20.0,0.32,50.0,0.33,5.0,0.01,0.09,44.610687,1776262890000
1776262903.468,103.468,0.78,11.0,0.77,15.0,0.79,4.93,0.85,20.0,0.24,15.0,0.23,20.0,0.25,16.0,0.26,5.0,0.01,0.01,44.6216,1776262902000
1776262904.896,104.896,0.81,45.07,0.78,37.0,0.87,15.0,0.88,20.0,0.21,4.93,0.15,20.0,0.22,11.0,0.23,15.0,0.06,0.01,44.624007,1776262903000
1776262911.576,111.576,0.85,5.0,0.84,5.0,0.87,15.0,0.88,20.0,0.13,15.0,0.12,20.0,0.19,45.07,0.22,37.0,0.02,0.06,44.623492,1776262910000
1776262914.693,114.693,0.88,5.0,0.87,51.0,0.93,15.0,0.94,15.0,0.13,15.0,0.12,20.0,0.15,5.0,0.16,5.0,0.05,0.02,44.633283,1776262913000
1776262917.997,117.997,0.92,5.0,0.91,5.0,0.93,13.92,0.94,20.0,0.07,15.0,0.06,15.0,0.12,5.0,0.13,51.0,0.01,0.05,44.633283,1776262913000
1776262952.033,152.033,0.88,5.0,0.87,5.0,0.91,20.0,0.92,20.0,0.07,13.92,0.06,20.0,0.08,5.0,0.09,5.0,0.03,0.01,44.647283,1776262950000
1776262960.096,160.096,0.83,5.0,0.82,5.0,0.84,5.0,0.85,6.0,0.09,20.0,0.08,20.0,0.12,5.0,0.13,5.0,0.01,0.03,44.620562,1776262958000
1776262960.929,160.929,0.83,5.0,0.82,5.0,0.84,10.0,0.85,20.0,0.16,5.0,0.15,6.0,0.17,5.0,0.18,5.0,0.01,0.01,44.619465,1776262959000
1776262970.442,170.442,0.84,36.0,0.83,5.0,0.85,5.0,0.89,15.0,0.16,10.0,0.15,20.0,0.17,5.0,0.18,5.0,0.01,0.01,44.61169,1776262969000
1776262973.406,173.406,0.84,47.0,0.83,5.0,0.9,15.0,0.91,15.0,0.15,5.0,0.11,15.0,0.16,36.0,0.17,5.0,0.06,0.01,44.633485,1776262972000
1776262985.192,185.192,0.94,35.0,0.91,22.0,0.96,20.0,0.97,20.0,0.1,15.0,0.09,15.0,0.16,47.0,0.17,5.0,0.02,0.06,44.65255,1776262984000
1776262990.56,190.56,0.95,10.0,0.94,55.0,0.96,3.95,0.97,15.0,0.04,20.0,0.03,20.0,0.06,35.0,0.09,22.0,0.01,0.02,44.665061,1776262989000
1776262999.177,199.177,0.95,25.0,0.94,55.0,0.96,2.9,0.98,25.0,0.04,3.95,0.03,15.0,0.05,10.0,0.06,55.0,0.01,0.01,44.669706,1776262997000
1776263000.17,200.17,0.95,25.0,0.94,55.0,0.96,0.82,0.98,25.0,0.04,2.9,0.02,25.0,0.05,25.0,0.06,55.0,0.01,0.01,44.670224,1776262998000
1776263029.471,229.471,0.95,25.0,0.94,55.0,0.98,22.74,0.99,275.0,0.04,0.82,0.02,25.0,0.05,25.0,0.06,55.0,0.03,0.01,44.654827,1776263028000
1776263044.944,244.944,0.97,20.0,0.96,20.0,0.98,6.71,0.99,260.0,0.02,22.74,0.01,275.0,0.05,25.0,0.06,55.0,0.01,0.03,44.650603,1776263043000
1776263045.524,245.524,0.97,20.0,0.96,20.0,0.99,236.71,,,0.02,6.71,0.01,260.0,0.03,20.0,0.04,20.0,0.02,0.01,44.650263,1776263044000
1776263048.705,248.705,0.98,25.0,0.97,20.0,0.99,203.38,,,0.01,236.71,,,0.03,20.0,0.04,20.0,0.01,0.02,44.667209,1776263047000
1776263050.384,250.384,0.98,25.0,0.97,20.0,0.99,183.38,,,0.01,203.38,,,0.02,25.0,0.03,20.0,0.01,0.01,44.674423,1776263049000
1776263050.662,250.662,0.98,25.0,0.97,20.0,0.99,153.38,,,0.01,183.38,,,0.02,25.0,0.03,20.0,0.01,0.01,44.674423,1776263049000
1776263051.068,251.068,0.98,25.0,0.97,20.0,0.99,150.34,,,0.01,153.38,,,0.02,25.0,0.03,20.0,0.01,0.01,44.674423,1776263049000
1776263053.347,253.347,0.98,10.0,0.97,20.0,0.99,145.34,,,0.01,150.34,,,0.02,25.0,0.03,20.0,0.01,0.01,44.666397,1776263052000
1776263054.502,254.502,0.98,25.0,0.97,20.0,0.99,120.34,,,0.01,145.34,,,0.02,10.0,0.03,20.0,0.01,0.01,44.656732,1776263053000
1776263058.837,258.837,0.98,20.0,0.97,20.0,0.99,102.34,,,0.01,120.34,,,0.02,25.0,0.03,20.0,0.01,0.01,44.664113,1776263057000
1776263059.558,259.558,0.98,20.0,0.97,20.0,0.99,70.0,,,0.01,102.34,,,0.02,20.0,0.03,20.0,0.01,0.01,44.661575,1776263058000
1776263061.474,261.474,0.98,20.0,0.97,20.0,0.99,55.0,,,0.01,70.0,,,0.02,20.0,0.03,20.0,0.01,0.01,44.668332,1776263060000
1776263064.431,264.431,0.98,25.0,0.97,20.0,0.99,41.61,,,0.01,55.0,,,0.02,20.0,0.03,20.0,0.01,0.01,44.665638,1776263063000
1776263065.013,265.013,0.98,25.0,0.97,20.0,0.99,21.4,,,0.01,41.61,,,0.02,25.0,0.03,20.0,0.01,0.01,44.665638,1776263063000
1776263065.359,265.359,0.98,25.0,0.97,20.0,0.99,11.29,,,0.01,21.4,,,0.02,25.0,0.03,20.0,0.01,0.01,44.669401,1776263064000
1776263068.554,268.554,0.99,988.71,0.98,20.0,,,,,0.01,11.29,,,0.02,25.0,0.03,20.0,,0.01,44.671931,1776263067000

# RESULT,winner=Up,slug=hype-updown-5m-1776262800,ticks=37
