timestamp,elapsed_sec,up_bid_p1,up_bid_s1,up_bid_p2,up_bid_s2,up_bid_p3,up_bid_s3,up_bid_p4,up_bid_s4,up_bid_p5,up_bid_s5,up_ask_p1,up_ask_s1,up_ask_p2,up_ask_s2,up_ask_p3,up_ask_s3,up_ask_p4,up_ask_s4,up_ask_p5,up_ask_s5,down_bid_p1,down_bid_s1,down_bid_p2,down_bid_s2,down_bid_p3,down_bid_s3,down_bid_p4,down_bid_s4,down_bid_p5,down_bid_s5,down_ask_p1,down_ask_s1,down_ask_p2,down_ask_s2,down_ask_p3,down_ask_s3,down_ask_p4,down_ask_s4,down_ask_p5,down_ask_s5,up_spread,down_spread,hype_price,hype_oracle_ts
1776159301.237,1.237,,,,,,,,,,,,,,,,,,,,,,,,,,,,,,,,,,,,,,,,,,,44.922941,1776159299000
1776159301.612,1.612,0.44,8.0,0.11,100.0,0.08,100.0,0.07,100.0,0.06,100.0,0.56,8.0,0.89,100.0,0.92,100.0,0.93,100.0,0.94,100.0,0.44,8.0,0.11,100.0,0.08,100.0,0.07,100.0,0.06,100.0,0.56,8.0,0.89,100.0,0.92,100.0,0.93,100.0,0.94,100.0,0.12,0.12,44.922941,1776159299000
1776159302.092,2.092,0.44,8.0,0.11,100.0,0.08,100.0,0.07,100.0,0.06,100.0,0.56,8.0,0.89,100.0,0.92,100.0,0.93,100.0,0.94,100.0,0.44,8.0,0.11,100.0,0.08,100.0,0.07,100.0,0.06,100.0,0.56,8.0,0.89,100.0,0.92,100.0,0.93,100.0,0.94,100.0,0.12,0.12,44.922683,1776159300000
1776159302.733,2.733,0.44,8.0,0.38,13.0,0.11,100.0,0.08,100.0,0.07,100.0,0.56,8.0,0.59,12.0,0.89,100.0,0.92,100.0,0.93,100.0,0.44,8.0,0.41,12.0,0.11,100.0,0.08,100.0,0.07,100.0,0.56,8.0,0.62,13.0,0.89,100.0,0.92,100.0,0.93,100.0,0.12,0.12,44.922579,1776159301000
1776159303.359,3.359,0.44,8.0,0.38,13.0,0.11,100.0,0.08,100.0,0.07,100.0,0.56,8.0,0.59,12.0,0.89,100.0,0.92,100.0,0.93,100.0,0.44,8.0,0.41,12.0,0.11,100.0,0.08,100.0,0.07,100.0,0.56,8.0,0.62,13.0,0.89,100.0,0.92,100.0,0.93,100.0,0.12,0.12,44.92256,1776159302000
1776159304.244,4.244,0.44,8.0,0.38,13.0,0.11,100.0,0.08,100.0,0.07,100.0,0.56,8.0,0.59,12.0,0.89,100.0,0.92,100.0,0.93,100.0,0.44,8.0,0.41,12.0,0.11,100.0,0.08,100.0,0.07,100.0,0.56,8.0,0.62,13.0,0.89,100.0,0.92,100.0,0.93,100.0,0.12,0.12,44.92256,1776159303000
1776159305.602,5.602,0.44,8.0,0.38,13.0,0.11,100.0,0.08,100.0,0.07,100.0,0.56,8.0,0.59,12.0,0.89,100.0,0.92,100.0,0.93,100.0,0.44,8.0,0.41,12.0,0.11,100.0,0.08,100.0,0.07,100.0,0.56,8.0,0.62,13.0,0.89,100.0,0.92,100.0,0.93,100.0,0.12,0.12,44.920331,1776159304000
1776159306.257,6.257,0.44,8.0,0.38,13.0,0.11,100.0,0.08,100.0,0.07,100.0,0.56,8.0,0.59,12.0,0.89,100.0,0.92,100.0,0.93,100.0,0.44,8.0,0.41,12.0,0.11,100.0,0.08,100.0,0.07,100.0,0.56,8.0,0.62,13.0,0.89,100.0,0.92,100.0,0.93,100.0,0.12,0.12,44.920333,1776159305000
1776159307.546,7.546,0.44,8.0,0.38,13.0,0.11,100.0,0.08,100.0,0.07,100.0,0.56,8.0,0.59,12.0,0.89,100.0,0.92,100.0,0.93,100.0,0.44,8.0,0.41,12.0,0.11,100.0,0.08,100.0,0.07,100.0,0.56,8.0,0.62,13.0,0.89,100.0,0.92,100.0,0.93,100.0,0.12,0.12,44.920333,1776159306000
1776159308.005,8.005,0.44,8.0,0.38,13.0,0.11,100.0,0.08,100.0,0.07,100.0,0.56,8.0,0.59,12.0,0.89,100.0,0.92,100.0,0.93,100.0,0.44,8.0,0.41,12.0,0.11,100.0,0.08,100.0,0.07,100.0,0.56,8.0,0.62,13.0,0.89,100.0,0.92,100.0,0.93,100.0,0.12,0.12,44.920353,1776159307000
1776159309.284,9.284,0.44,8.0,0.38,13.0,0.11,100.0,0.08,100.0,0.07,100.0,0.56,8.0,0.59,12.0,0.89,100.0,0.92,100.0,0.93,100.0,0.44,8.0,0.41,12.0,0.11,100.0,0.08,100.0,0.07,100.0,0.56,8.0,0.62,13.0,0.89,100.0,0.92,100.0,0.93,100.0,0.12,0.12,44.920653,1776159308000
1776159310.657,10.657,0.44,8.0,0.38,13.0,0.11,100.0,0.08,100.0,0.07,100.0,0.56,8.0,0.59,12.0,0.89,100.0,0.92,100.0,0.93,100.0,0.44,8.0,0.41,12.0,0.11,100.0,0.08,100.0,0.07,100.0,0.56,8.0,0.62,13.0,0.89,100.0,0.92,100.0,0.93,100.0,0.12,0.12,44.920726,1776159309000
1776159311.267,11.267,0.44,8.0,0.38,13.0,0.11,100.0,0.08,100.0,0.07,100.0,0.56,8.0,0.59,12.0,0.89,100.0,0.92,100.0,0.93,100.0,0.44,8.0,0.41,12.0,0.11,100.0,0.08,100.0,0.07,100.0,0.56,8.0,0.62,13.0,0.89,100.0,0.92,100.0,0.93,100.0,0.12,0.12,44.920726,1776159310000
1776159312.657,12.657,0.44,8.0,0.38,13.0,0.11,100.0,0.08,100.0,0.07,100.0,0.56,8.0,0.59,12.0,0.89,100.0,0.92,100.0,0.93,100.0,0.44,8.0,0.41,12.0,0.11,100.0,0.08,100.0,0.07,100.0,0.56,8.0,0.62,13.0,0.89,100.0,0.92,100.0,0.93,100.0,0.12,0.12,44.920465,1776159311000
1776159313.295,13.295,0.44,8.0,0.38,13.0,0.11,100.0,0.08,100.0,0.07,100.0,0.56,8.0,0.59,12.0,0.89,100.0,0.92,100.0,0.93,100.0,0.44,8.0,0.41,12.0,0.11,100.0,0.08,100.0,0.07,100.0,0.56,8.0,0.62,13.0,0.89,100.0,0.92,100.0,0.93,100.0,0.12,0.12,44.920726,1776159312000
1776159314.57,14.57,0.44,8.0,0.38,13.0,0.11,100.0,0.08,100.0,0.07,100.0,0.56,8.0,0.59,12.0,0.89,100.0,0.92,100.0,0.93,100.0,0.44,8.0,0.41,12.0,0.11,100.0,0.08,100.0,0.07,100.0,0.56,8.0,0.62,13.0,0.89,100.0,0.92,100.0,0.93,100.0,0.12,0.12,44.921602,1776159313000
1776159315.401,15.401,0.44,8.0,0.38,13.0,0.11,100.0,0.08,100.0,0.07,100.0,0.56,8.0,0.59,12.0,0.89,100.0,0.92,100.0,0.93,100.0,0.44,8.0,0.41,12.0,0.11,100.0,0.08,100.0,0.07,100.0,0.56,8.0,0.62,13.0,0.89,100.0,0.92,100.0,0.93,100.0,0.12,0.12,44.921602,1776159314000
1776159315.923,15.923,0.44,8.0,0.38,13.0,0.11,100.0,0.08,100.0,0.07,100.0,0.56,8.0,0.59,12.0,0.89,100.0,0.92,100.0,0.93,100.0,0.44,8.0,0.41,12.0,0.11,100.0,0.08,100.0,0.07,100.0,0.56,8.0,0.62,13.0,0.89,100.0,0.92,100.0,0.93,100.0,0.12,0.12,44.922409,1776159315000
1776159317.158,17.158,0.44,8.0,0.38,13.0,0.11,100.0,0.08,100.0,0.07,100.0,0.56,8.0,0.59,12.0,0.89,100.0,0.92,100.0,0.93,100.0,0.44,8.0,0.41,12.0,0.11,100.0,0.08,100.0,0.07,100.0,0.56,8.0,0.62,13.0,0.89,100.0,0.92,100.0,0.93,100.0,0.12,0.12,44.922774,1776159316000
1776159318.343,18.343,0.44,8.0,0.38,13.0,0.11,100.0,0.08,100.0,0.07,100.0,0.56,8.0,0.59,12.0,0.89,100.0,0.92,100.0,0.93,100.0,0.44,8.0,0.41,12.0,0.11,100.0,0.08,100.0,0.07,100.0,0.56,8.0,0.62,13.0,0.89,100.0,0.92,100.0,0.93,100.0,0.12,0.12,44.922779,1776159317000
1776159319.637,19.637,0.44,8.0,0.38,13.0,0.11,100.0,0.08,100.0,0.07,100.0,0.56,8.0,0.59,12.0,0.89,100.0,0.92,100.0,0.93,100.0,0.44,8.0,0.41,12.0,0.11,100.0,0.08,100.0,0.07,100.0,0.56,8.0,0.62,13.0,0.89,100.0,0.92,100.0,0.93,100.0,0.12,0.12,44.922779,1776159318000
1776159320.382,20.382,0.44,8.0,0.38,13.0,0.11,100.0,0.08,100.0,0.07,100.0,0.56,8.0,0.59,12.0,0.89,100.0,0.92,100.0,0.93,100.0,0.44,8.0,0.41,12.0,0.11,100.0,0.08,100.0,0.07,100.0,0.56,8.0,0.62,13.0,0.89,100.0,0.92,100.0,0.93,100.0,0.12,0.12,44.928054,1776159319000
1776159321.911,21.911,0.44,8.0,0.38,13.0,0.11,100.0,0.08,100.0,0.07,100.0,0.56,8.0,0.59,12.0,0.89,100.0,0.92,100.0,0.93,100.0,0.44,8.0,0.41,12.0,0.11,100.0,0.08,100.0,0.07,100.0,0.56,8.0,0.62,13.0,0.89,100.0,0.92,100.0,0.93,100.0,0.12,0.12,44.929895,1776159320000
1776159322.995,22.995,0.44,8.0,0.38,13.0,0.11,100.0,0.08,100.0,0.07,100.0,0.56,8.0,0.59,12.0,0.89,100.0,0.92,100.0,0.93,100.0,0.44,8.0,0.41,12.0,0.11,100.0,0.08,100.0,0.07,100.0,0.56,8.0,0.62,13.0,0.89,100.0,0.92,100.0,0.93,100.0,0.12,0.12,44.928282,1776159321000
1776159323.559,23.559,0.44,8.0,0.38,13.0,0.11,100.0,0.08,100.0,0.07,100.0,0.56,8.0,0.59,12.0,0.89,100.0,0.92,100.0,0.93,100.0,0.44,8.0,0.41,12.0,0.11,100.0,0.08,100.0,0.07,100.0,0.56,8.0,0.62,13.0,0.89,100.0,0.92,100.0,0.93,100.0,0.12,0.12,44.926649,1776159322000
1776159324.295,24.295,0.44,8.0,0.38,13.0,0.11,100.0,0.08,100.0,0.07,100.0,0.56,8.0,0.59,12.0,0.89,100.0,0.92,100.0,0.93,100.0,0.44,8.0,0.41,12.0,0.11,100.0,0.08,100.0,0.07,100.0,0.56,8.0,0.62,13.0,0.89,100.0,0.92,100.0,0.93,100.0,0.12,0.12,44.926587,1776159323000
1776159325.947,25.947,0.44,8.0,0.38,13.0,0.11,100.0,0.08,100.0,0.07,100.0,0.56,8.0,0.59,12.0,0.89,100.0,0.92,100.0,0.93,100.0,0.44,8.0,0.41,12.0,0.11,100.0,0.08,100.0,0.07,100.0,0.56,8.0,0.62,13.0,0.89,100.0,0.92,100.0,0.93,100.0,0.12,0.12,44.926045,1776159324000
1776159326.778,26.778,0.44,8.0,0.38,13.0,0.11,100.0,0.08,100.0,0.07,100.0,0.56,8.0,0.59,12.0,0.89,100.0,0.92,100.0,0.93,100.0,0.44,8.0,0.41,12.0,0.11,100.0,0.08,100.0,0.07,100.0,0.56,8.0,0.62,13.0,0.89,100.0,0.92,100.0,0.93,100.0,0.12,0.12,44.926374,1776159325000
1776159327.475,27.475,0.44,8.0,0.38,13.0,0.11,100.0,0.08,100.0,0.07,100.0,0.56,8.0,0.59,12.0,0.89,100.0,0.92,100.0,0.93,100.0,0.44,8.0,0.41,12.0,0.11,100.0,0.08,100.0,0.07,100.0,0.56,8.0,0.62,13.0,0.89,100.0,0.92,100.0,0.93,100.0,0.12,0.12,44.9262,1776159326000
1776159328.038,28.038,0.36,13.0,0.24,10.0,0.11,100.0,0.06,100.0,0.05,340.0,0.56,61.0,0.57,11.0,0.89,100.0,0.94,115.0,0.95,240.0,0.44,8.0,0.41,12.0,0.11,100.0,0.08,100.0,0.07,100.0,0.56,8.0,0.62,13.0,0.89,100.0,0.92,100.0,0.93,100.0,0.2,0.12,44.9262,1776159326000
1776159328.239,28.239,0.36,13.0,0.24,10.0,0.11,100.0,0.06,100.0,0.05,340.0,0.56,61.0,0.57,11.0,0.89,100.0,0.94,115.0,0.95,240.0,0.44,61.0,0.43,11.0,0.11,100.0,0.06,115.0,0.05,240.0,0.64,13.0,0.76,10.0,0.89,100.0,0.94,100.0,0.95,340.0,0.2,0.2,44.926566,1776159327000
1776159329.718,29.718,0.36,13.0,0.24,10.0,0.11,100.0,0.06,100.0,0.05,340.0,0.56,61.0,0.57,11.0,0.89,100.0,0.94,115.0,0.95,240.0,0.44,61.0,0.43,11.0,0.11,100.0,0.06,115.0,0.05,240.0,0.64,13.0,0.76,10.0,0.89,100.0,0.94,100.0,0.95,340.0,0.2,0.2,44.92352,1776159328000
1776159330.428,30.428,0.36,13.0,0.24,10.0,0.11,100.0,0.06,100.0,0.05,340.0,0.56,61.0,0.57,11.0,0.89,100.0,0.94,115.0,0.95,240.0,0.44,61.0,0.43,11.0,0.11,100.0,0.06,115.0,0.05,240.0,0.64,13.0,0.76,10.0,0.89,100.0,0.94,100.0,0.95,340.0,0.2,0.2,44.899334,1776159329000
1776159331.314,31.314,0.36,13.0,0.24,10.0,0.11,100.0,0.06,100.0,0.05,340.0,0.56,61.0,0.57,11.0,0.89,100.0,0.94,115.0,0.95,240.0,0.44,61.0,0.43,11.0,0.11,100.0,0.06,115.0,0.05,240.0,0.64,13.0,0.76,10.0,0.89,100.0,0.94,100.0,0.95,340.0,0.2,0.2,44.890948,1776159330000
1776159332.899,32.899,0.36,13.0,0.24,10.0,0.11,100.0,0.06,100.0,0.05,340.0,0.56,61.0,0.57,11.0,0.89,100.0,0.94,115.0,0.95,240.0,0.44,61.0,0.43,11.0,0.11,100.0,0.06,115.0,0.05,240.0,0.64,13.0,0.76,10.0,0.89,100.0,0.94,100.0,0.95,340.0,0.2,0.2,44.887455,1776159331000
1776159333.544,33.544,0.36,13.0,0.24,10.0,0.11,100.0,0.06,100.0,0.05,340.0,0.56,61.0,0.57,11.0,0.89,100.0,0.94,115.0,0.95,240.0,0.44,61.0,0.43,11.0,0.11,100.0,0.06,115.0,0.05,240.0,0.64,13.0,0.76,10.0,0.89,100.0,0.94,100.0,0.95,340.0,0.2,0.2,44.885529,1776159332000
1776159334.218,34.218,0.36,13.0,0.24,10.0,0.11,100.0,0.06,100.0,0.05,340.0,0.56,61.0,0.57,11.0,0.89,100.0,0.94,115.0,0.95,240.0,0.44,61.0,0.43,11.0,0.11,100.0,0.06,115.0,0.05,240.0,0.64,13.0,0.76,10.0,0.89,100.0,0.94,100.0,0.95,340.0,0.2,0.2,44.890867,1776159333000
1776159335.681,35.681,0.36,13.0,0.24,10.0,0.11,100.0,0.06,100.0,0.05,340.0,0.56,61.0,0.57,11.0,0.89,100.0,0.94,115.0,0.95,240.0,0.44,61.0,0.43,11.0,0.11,100.0,0.06,115.0,0.05,240.0,0.64,13.0,0.76,10.0,0.89,100.0,0.94,100.0,0.95,340.0,0.2,0.2,44.892942,1776159334000
1776159336.592,36.592,0.36,13.0,0.24,10.0,0.11,100.0,0.06,100.0,0.05,340.0,0.56,61.0,0.57,11.0,0.89,100.0,0.94,115.0,0.95,240.0,0.44,61.0,0.43,11.0,0.11,100.0,0.06,115.0,0.05,240.0,0.64,13.0,0.76,10.0,0.89,100.0,0.94,100.0,0.95,340.0,0.2,0.2,44.892942,1776159335000
1776159337.22,37.22,0.36,13.0,0.24,10.0,0.11,100.0,0.06,100.0,0.05,340.0,0.56,61.0,0.57,11.0,0.89,100.0,0.94,115.0,0.95,240.0,0.44,61.0,0.43,11.0,0.11,100.0,0.06,115.0,0.05,240.0,0.64,13.0,0.76,10.0,0.89,100.0,0.94,100.0,0.95,340.0,0.2,0.2,44.897472,1776159336000
1776159338.19,38.19,0.36,13.0,0.24,10.0,0.11,100.0,0.06,100.0,0.05,340.0,0.56,61.0,0.57,11.0,0.89,100.0,0.94,115.0,0.95,240.0,0.44,61.0,0.43,11.0,0.11,100.0,0.06,115.0,0.05,240.0,0.64,13.0,0.76,10.0,0.89,100.0,0.94,100.0,0.95,340.0,0.2,0.2,44.906453,1776159337000
1776159339.208,39.208,0.36,13.0,0.24,10.0,0.11,100.0,0.06,100.0,0.05,340.0,0.56,61.0,0.57,11.0,0.89,100.0,0.94,115.0,0.95,240.0,0.44,61.0,0.43,11.0,0.11,100.0,0.06,115.0,0.05,240.0,0.64,13.0,0.76,10.0,0.89,100.0,0.94,100.0,0.95,340.0,0.2,0.2,44.907341,1776159338000
1776159340.117,40.117,0.36,13.0,0.24,10.0,0.11,100.0,0.06,100.0,0.05,340.0,0.56,61.0,0.57,11.0,0.89,100.0,0.94,115.0,0.95,240.0,0.44,61.0,0.43,11.0,0.11,100.0,0.06,115.0,0.05,240.0,0.64,13.0,0.76,10.0,0.89,100.0,0.94,100.0,0.95,340.0,0.2,0.2,44.911211,1776159339000
1776159341.244,41.244,0.36,13.0,0.24,10.0,0.11,100.0,0.06,100.0,0.05,340.0,0.56,61.0,0.57,11.0,0.89,100.0,0.94,115.0,0.95,240.0,0.44,61.0,0.43,11.0,0.11,100.0,0.06,115.0,0.05,240.0,0.64,13.0,0.76,10.0,0.89,100.0,0.94,100.0,0.95,340.0,0.2,0.2,44.913258,1776159340000
1776159342.068,42.068,0.36,13.0,0.24,10.0,0.11,100.0,0.06,100.0,0.05,340.0,0.56,61.0,0.57,11.0,0.89,100.0,0.94,115.0,0.95,240.0,0.44,61.0,0.43,11.0,0.11,100.0,0.06,115.0,0.05,240.0,0.64,13.0,0.76,10.0,0.89,100.0,0.94,100.0,0.95,340.0,0.2,0.2,44.913181,1776159341000
1776159343.032,43.032,0.36,13.0,0.24,10.0,0.11,100.0,0.06,100.0,0.05,340.0,0.56,61.0,0.57,11.0,0.89,100.0,0.94,115.0,0.95,240.0,0.44,61.0,0.43,11.0,0.11,100.0,0.06,115.0,0.05,240.0,0.64,13.0,0.76,10.0,0.89,100.0,0.94,100.0,0.95,340.0,0.2,0.2,44.913839,1776159342000
1776159344.007,44.007,0.36,13.0,0.24,10.0,0.11,100.0,0.06,100.0,0.05,340.0,0.56,61.0,0.57,11.0,0.89,100.0,0.94,115.0,0.95,240.0,0.44,61.0,0.43,11.0,0.11,100.0,0.06,115.0,0.05,240.0,0.64,13.0,0.76,10.0,0.89,100.0,0.94,100.0,0.95,340.0,0.2,0.2,44.913839,1776159343000
1776159344.915,44.915,0.36,13.0,0.24,10.0,0.11,100.0,0.06,100.0,0.05,340.0,0.56,61.0,0.57,11.0,0.89,100.0,0.94,115.0,0.95,240.0,0.44,61.0,0.43,11.0,0.11,100.0,0.06,115.0,0.05,240.0,0.64,13.0,0.76,10.0,0.89,100.0,0.94,100.0,0.95,340.0,0.2,0.2,44.914098,1776159344000
1776159345.937,45.937,0.36,13.0,0.24,10.0,0.11,100.0,0.06,100.0,0.05,340.0,0.56,61.0,0.57,11.0,0.89,100.0,0.94,115.0,0.95,240.0,0.44,61.0,0.43,11.0,0.11,100.0,0.06,115.0,0.05,240.0,0.64,13.0,0.76,10.0,0.89,100.0,0.94,100.0,0.95,340.0,0.2,0.2,44.914427,1776159345000
1776159346.853,46.853,0.36,13.0,0.24,10.0,0.11,100.0,0.06,100.0,0.05,340.0,0.56,61.0,0.57,11.0,0.89,100.0,0.94,115.0,0.95,240.0,0.44,61.0,0.43,11.0,0.11,100.0,0.06,115.0,0.05,240.0,0.64,13.0,0.76,10.0,0.89,100.0,0.94,100.0,0.95,340.0,0.2,0.2,44.914946,1776159346000
1776159348.252,48.252,0.36,13.0,0.24,10.0,0.11,100.0,0.06,100.0,0.05,340.0,0.56,61.0,0.57,11.0,0.89,100.0,0.94,115.0,0.95,240.0,0.44,61.0,0.43,11.0,0.11,100.0,0.06,115.0,0.05,240.0,0.64,13.0,0.76,10.0,0.89,100.0,0.94,100.0,0.95,340.0,0.2,0.2,44.914506,1776159347000
1776159349.211,49.211,0.36,13.0,0.24,10.0,0.11,100.0,0.06,100.0,0.05,340.0,0.56,61.0,0.57,11.0,0.89,100.0,0.94,115.0,0.95,240.0,0.44,61.0,0.43,11.0,0.11,100.0,0.06,115.0,0.05,240.0,0.64,13.0,0.76,10.0,0.89,100.0,0.94,100.0,0.95,340.0,0.2,0.2,44.914832,1776159348000
1776159350.83,50.83,0.36,13.0,0.24,10.0,0.11,100.0,0.06,100.0,0.05,340.0,0.56,61.0,0.57,11.0,0.89,100.0,0.94,115.0,0.95,240.0,0.44,61.0,0.43,11.0,0.11,100.0,0.06,115.0,0.05,240.0,0.64,13.0,0.76,10.0,0.89,100.0,0.94,100.0,0.95,340.0,0.2,0.2,44.914873,1776159349000
1776159351.407,51.407,0.36,13.0,0.24,10.0,0.11,100.0,0.06,100.0,0.05,340.0,0.56,61.0,0.57,11.0,0.89,100.0,0.94,115.0,0.95,240.0,0.44,61.0,0.43,11.0,0.11,100.0,0.06,115.0,0.05,240.0,0.64,13.0,0.76,10.0,0.89,100.0,0.94,100.0,0.95,340.0,0.2,0.2,44.915531,1776159350000
1776159352.485,52.485,0.36,13.0,0.24,10.0,0.11,100.0,0.06,100.0,0.05,340.0,0.56,61.0,0.57,11.0,0.89,100.0,0.94,115.0,0.95,240.0,0.44,61.0,0.43,11.0,0.11,100.0,0.06,115.0,0.05,240.0,0.64,13.0,0.76,10.0,0.89,100.0,0.94,100.0,0.95,340.0,0.2,0.2,44.915531,1776159351000
1776159353.025,53.025,0.36,13.0,0.24,10.0,0.11,100.0,0.06,100.0,0.05,340.0,0.56,61.0,0.57,11.0,0.89,100.0,0.94,115.0,0.95,240.0,0.44,61.0,0.43,11.0,0.11,100.0,0.06,115.0,0.05,240.0,0.64,13.0,0.76,10.0,0.89,100.0,0.94,100.0,0.95,340.0,0.2,0.2,44.915531,1776159352000
1776159354.065,54.065,0.36,13.0,0.24,10.0,0.11,100.0,0.06,100.0,0.05,340.0,0.56,61.0,0.57,11.0,0.89,100.0,0.94,115.0,0.95,240.0,0.44,61.0,0.43,11.0,0.11,100.0,0.06,115.0,0.05,240.0,0.64,13.0,0.76,10.0,0.89,100.0,0.94,100.0,0.95,340.0,0.2,0.2,44.91557,1776159353000
1776159355.125,55.125,0.36,13.0,0.24,10.0,0.11,100.0,0.06,100.0,0.05,340.0,0.56,61.0,0.57,11.0,0.89,100.0,0.94,115.0,0.95,240.0,0.44,61.0,0.43,11.0,0.11,100.0,0.06,115.0,0.05,240.0,0.64,13.0,0.76,10.0,0.89,100.0,0.94,100.0,0.95,340.0,0.2,0.2,44.915898,1776159354000
1776159356.05,56.05,0.36,13.0,0.24,10.0,0.11,100.0,0.06,100.0,0.05,340.0,0.56,61.0,0.57,11.0,0.89,100.0,0.94,115.0,0.95,240.0,0.44,61.0,0.43,11.0,0.11,100.0,0.06,115.0,0.05,240.0,0.64,13.0,0.76,10.0,0.89,100.0,0.94,100.0,0.95,340.0,0.2,0.2,44.915898,1776159355000
1776159357.209,57.209,0.36,13.0,0.24,10.0,0.11,100.0,0.06,100.0,0.05,340.0,0.56,61.0,0.57,11.0,0.89,100.0,0.94,115.0,0.95,240.0,0.44,61.0,0.43,11.0,0.11,100.0,0.06,115.0,0.05,240.0,0.64,13.0,0.76,10.0,0.89,100.0,0.94,100.0,0.95,340.0,0.2,0.2,44.916018,1776159356000
1776159358.399,58.399,0.36,13.0,0.24,10.0,0.11,100.0,0.06,100.0,0.05,340.0,0.56,61.0,0.57,11.0,0.89,100.0,0.94,115.0,0.95,240.0,0.44,61.0,0.43,11.0,0.11,100.0,0.06,115.0,0.05,240.0,0.64,13.0,0.76,10.0,0.89,100.0,0.94,100.0,0.95,340.0,0.2,0.2,44.916424,1776159357000
1776159358.877,58.877,0.36,13.0,0.24,10.0,0.11,100.0,0.06,100.0,0.05,340.0,0.56,61.0,0.57,11.0,0.89,100.0,0.94,115.0,0.95,240.0,0.44,61.0,0.43,11.0,0.11,100.0,0.06,115.0,0.05,240.0,0.64,13.0,0.76,10.0,0.89,100.0,0.94,100.0,0.95,340.0,0.2,0.2,44.91694,1776159358000
1776159360.003,60.003,0.36,13.0,0.24,10.0,0.11,100.0,0.06,100.0,0.05,340.0,0.56,61.0,0.57,11.0,0.89,100.0,0.94,115.0,0.95,240.0,0.44,61.0,0.43,11.0,0.11,100.0,0.06,115.0,0.05,240.0,0.64,13.0,0.76,10.0,0.89,100.0,0.94,100.0,0.95,340.0,0.2,0.2,44.91573,1776159359000
1776159361.247,61.247,0.36,13.0,0.24,10.0,0.11,100.0,0.06,100.0,0.05,340.0,0.56,61.0,0.57,11.0,0.89,100.0,0.94,115.0,0.95,240.0,0.44,61.0,0.43,11.0,0.11,100.0,0.06,115.0,0.05,240.0,0.64,13.0,0.76,10.0,0.89,100.0,0.94,100.0,0.95,340.0,0.2,0.2,44.914743,1776159360000
1776159362.242,62.242,0.36,13.0,0.24,10.0,0.11,100.0,0.06,100.0,0.05,340.0,0.56,61.0,0.57,11.0,0.89,100.0,0.94,115.0,0.95,240.0,0.44,61.0,0.43,11.0,0.11,100.0,0.06,115.0,0.05,240.0,0.64,13.0,0.76,10.0,0.89,100.0,0.94,100.0,0.95,340.0,0.2,0.2,44.917703,1776159361000
1776159362.928,62.928,0.36,13.0,0.24,10.0,0.11,100.0,0.06,100.0,0.05,340.0,0.56,61.0,0.57,11.0,0.89,100.0,0.94,115.0,0.95,240.0,0.44,61.0,0.43,11.0,0.11,100.0,0.06,115.0,0.05,240.0,0.64,13.0,0.76,10.0,0.89,100.0,0.94,100.0,0.95,340.0,0.2,0.2,44.918029,1776159362000
1776159363.946,63.946,0.36,13.0,0.24,10.0,0.11,100.0,0.06,100.0,0.05,340.0,0.56,61.0,0.57,11.0,0.89,100.0,0.94,115.0,0.95,240.0,0.44,61.0,0.43,11.0,0.11,100.0,0.06,115.0,0.05,240.0,0.64,13.0,0.76,10.0,0.89,100.0,0.94,100.0,0.95,340.0,0.2,0.2,44.918944,1776159363000
1776159365.67,65.67,0.36,13.0,0.24,10.0,0.11,100.0,0.06,100.0,0.05,340.0,0.56,61.0,0.57,11.0,0.89,100.0,0.94,115.0,0.95,240.0,0.44,61.0,0.43,11.0,0.11,100.0,0.06,115.0,0.05,240.0,0.64,13.0,0.76,10.0,0.89,100.0,0.94,100.0,0.95,340.0,0.2,0.2,44.919271,1776159364000
1776159366.059,66.059,0.36,13.0,0.24,10.0,0.11,100.0,0.06,100.0,0.05,340.0,0.56,61.0,0.57,11.0,0.89,100.0,0.94,115.0,0.95,240.0,0.44,61.0,0.43,11.0,0.11,100.0,0.06,115.0,0.05,240.0,0.64,13.0,0.76,10.0,0.89,100.0,0.94,100.0,0.95,340.0,0.2,0.2,44.918903,1776159365000
1776159367.18,67.18,0.36,13.0,0.24,10.0,0.11,100.0,0.06,100.0,0.05,340.0,0.56,61.0,0.57,11.0,0.89,100.0,0.94,115.0,0.95,240.0,0.44,61.0,0.43,11.0,0.11,100.0,0.06,115.0,0.05,240.0,0.64,13.0,0.76,10.0,0.89,100.0,0.94,100.0,0.95,340.0,0.2,0.2,44.918844,1776159366000
1776159368.374,68.374,0.36,13.0,0.24,10.0,0.11,100.0,0.06,100.0,0.05,340.0,0.56,61.0,0.57,11.0,0.89,100.0,0.94,115.0,0.95,240.0,0.44,61.0,0.43,11.0,0.11,100.0,0.06,115.0,0.05,240.0,0.64,13.0,0.76,10.0,0.89,100.0,0.94,100.0,0.95,340.0,0.2,0.2,44.917906,1776159367000
1776159369.435,69.435,0.36,13.0,0.24,10.0,0.11,100.0,0.06,100.0,0.05,340.0,0.56,61.0,0.57,11.0,0.89,100.0,0.94,115.0,0.95,240.0,0.44,61.0,0.43,11.0,0.11,100.0,0.06,115.0,0.05,240.0,0.64,13.0,0.76,10.0,0.89,100.0,0.94,100.0,0.95,340.0,0.2,0.2,44.91781,1776159368000
1776159369.949,69.949,0.36,13.0,0.24,10.0,0.11,100.0,0.06,100.0,0.05,340.0,0.56,61.0,0.57,11.0,0.89,100.0,0.94,115.0,0.95,240.0,0.44,61.0,0.43,11.0,0.11,100.0,0.06,115.0,0.05,240.0,0.64,13.0,0.76,10.0,0.89,100.0,0.94,100.0,0.95,340.0,0.2,0.2,44.91781,1776159369000
1776159371.07,71.07,0.36,13.0,0.24,10.0,0.11,100.0,0.06,100.0,0.05,340.0,0.56,61.0,0.57,11.0,0.89,100.0,0.94,115.0,0.95,240.0,0.44,61.0,0.43,11.0,0.11,100.0,0.06,115.0,0.05,240.0,0.64,13.0,0.76,10.0,0.89,100.0,0.94,100.0,0.95,340.0,0.2,0.2,44.918992,1776159370000
1776159371.995,71.995,0.36,13.0,0.24,10.0,0.11,100.0,0.06,100.0,0.05,340.0,0.56,61.0,0.57,11.0,0.89,100.0,0.94,115.0,0.95,240.0,0.44,61.0,0.43,11.0,0.11,100.0,0.06,115.0,0.05,240.0,0.64,13.0,0.76,10.0,0.89,100.0,0.94,100.0,0.95,340.0,0.2,0.2,44.920154,1776159371000
1776159373.161,73.161,0.36,13.0,0.24,10.0,0.11,100.0,0.06,100.0,0.05,340.0,0.56,61.0,0.57,11.0,0.89,100.0,0.94,115.0,0.95,240.0,0.44,61.0,0.43,11.0,0.11,100.0,0.06,115.0,0.05,240.0,0.64,13.0,0.76,10.0,0.89,100.0,0.94,100.0,0.95,340.0,0.2,0.2,44.920379,1776159372000
1776159374.19,74.19,0.36,13.0,0.24,10.0,0.11,100.0,0.06,100.0,0.05,340.0,0.56,61.0,0.57,11.0,0.89,100.0,0.94,115.0,0.95,240.0,0.44,61.0,0.43,11.0,0.11,100.0,0.06,115.0,0.05,240.0,0.64,13.0,0.76,10.0,0.89,100.0,0.94,100.0,0.95,340.0,0.2,0.2,44.922228,1776159373000
1776159375.308,75.308,0.36,13.0,0.24,10.0,0.11,100.0,0.06,100.0,0.05,340.0,0.56,61.0,0.57,11.0,0.89,100.0,0.94,115.0,0.95,240.0,0.44,61.0,0.43,11.0,0.11,100.0,0.06,115.0,0.05,240.0,0.64,13.0,0.76,10.0,0.89,100.0,0.94,100.0,0.95,340.0,0.2,0.2,44.922228,1776159374000
1776159376.403,76.403,0.36,13.0,0.24,10.0,0.11,100.0,0.06,100.0,0.05,340.0,0.56,61.0,0.57,11.0,0.89,100.0,0.94,115.0,0.95,240.0,0.44,61.0,0.43,11.0,0.11,100.0,0.06,115.0,0.05,240.0,0.64,13.0,0.76,10.0,0.89,100.0,0.94,100.0,0.95,340.0,0.2,0.2,44.921806,1776159375000
1776159376.871,76.871,0.36,13.0,0.24,10.0,0.11,100.0,0.06,100.0,0.05,340.0,0.56,61.0,0.57,11.0,0.89,100.0,0.94,115.0,0.95,240.0,0.44,61.0,0.43,11.0,0.11,100.0,0.06,115.0,0.05,240.0,0.64,13.0,0.76,10.0,0.89,100.0,0.94,100.0,0.95,340.0,0.2,0.2,44.922274,1776159376000
1776159377.983,77.983,0.36,13.0,0.24,10.0,0.11,100.0,0.06,100.0,0.05,340.0,0.56,61.0,0.57,11.0,0.89,100.0,0.94,115.0,0.95,240.0,0.44,61.0,0.43,11.0,0.11,100.0,0.06,115.0,0.05,240.0,0.64,13.0,0.76,10.0,0.89,100.0,0.94,100.0,0.95,340.0,0.2,0.2,44.922262,1776159377000
1776159379.431,79.431,0.55,5.0,0.54,14.0,0.48,15.0,0.47,15.0,0.46,15.0,0.71,15.0,0.72,15.0,0.73,25.0,0.74,15.0,0.75,35.0,0.44,61.0,0.43,11.0,0.11,100.0,0.06,115.0,0.05,240.0,0.64,13.0,0.76,10.0,0.89,100.0,0.94,100.0,0.95,340.0,0.16,0.2,44.922262,1776159377000
1776159379.657,79.657,0.55,5.0,0.54,14.0,0.48,15.0,0.47,15.0,0.46,15.0,0.71,15.0,0.72,15.0,0.73,25.0,0.74,15.0,0.75,35.0,0.29,15.0,0.28,15.0,0.27,25.0,0.26,15.0,0.25,35.0,0.45,5.0,0.46,14.0,0.52,15.0,0.53,15.0,0.54,15.0,0.16,0.16,44.922098,1776159378000
1776159380.157,80.157,0.55,5.0,0.54,14.0,0.48,15.0,0.47,15.0,0.46,15.0,0.71,15.0,0.72,15.0,0.73,25.0,0.74,15.0,0.75,35.0,0.29,15.0,0.28,15.0,0.27,25.0,0.26,15.0,0.25,35.0,0.45,5.0,0.46,14.0,0.52,15.0,0.53,15.0,0.54,15.0,0.16,0.16,44.921949,1776159379000
1776159381.113,81.113,0.55,5.0,0.54,14.0,0.48,15.0,0.47,15.0,0.46,15.0,0.71,15.0,0.72,15.0,0.73,25.0,0.74,15.0,0.75,35.0,0.29,15.0,0.28,15.0,0.27,25.0,0.26,15.0,0.25,35.0,0.45,5.0,0.46,14.0,0.52,15.0,0.53,15.0,0.54,15.0,0.16,0.16,44.941426,1776159380000
1776159382.08,82.08,0.55,5.0,0.54,14.0,0.48,15.0,0.47,15.0,0.46,15.0,0.71,15.0,0.72,15.0,0.73,25.0,0.74,15.0,0.75,35.0,0.29,15.0,0.28,15.0,0.27,25.0,0.26,15.0,0.25,35.0,0.45,5.0,0.46,14.0,0.52,15.0,0.53,15.0,0.54,15.0,0.16,0.16,44.9522,1776159381000
1776159383.015,83.015,0.55,5.0,0.54,14.0,0.48,15.0,0.47,15.0,0.46,15.0,0.71,15.0,0.72,15.0,0.73,25.0,0.74,15.0,0.75,35.0,0.29,15.0,0.28,15.0,0.27,25.0,0.26,15.0,0.25,35.0,0.45,5.0,0.46,14.0,0.52,15.0,0.53,15.0,0.54,15.0,0.16,0.16,44.960435,1776159382000
1776159384.014,84.014,0.55,5.0,0.54,14.0,0.48,15.0,0.47,15.0,0.46,15.0,0.71,15.0,0.72,15.0,0.73,25.0,0.74,15.0,0.75,35.0,0.29,15.0,0.28,15.0,0.27,25.0,0.26,15.0,0.25,35.0,0.45,5.0,0.46,14.0,0.52,15.0,0.53,15.0,0.54,15.0,0.16,0.16,44.955302,1776159383000
1776159385.04,85.04,0.55,5.0,0.54,14.0,0.48,15.0,0.47,15.0,0.46,15.0,0.71,15.0,0.72,15.0,0.73,25.0,0.74,15.0,0.75,35.0,0.29,15.0,0.28,15.0,0.27,25.0,0.26,15.0,0.25,35.0,0.45,5.0,0.46,14.0,0.52,15.0,0.53,15.0,0.54,15.0,0.16,0.16,44.951075,1776159384000
1776159385.948,85.948,0.55,5.0,0.54,14.0,0.48,15.0,0.47,15.0,0.46,15.0,0.71,15.0,0.72,15.0,0.73,25.0,0.74,15.0,0.75,35.0,0.29,15.0,0.28,15.0,0.27,25.0,0.26,15.0,0.25,35.0,0.45,5.0,0.46,14.0,0.52,15.0,0.53,15.0,0.54,15.0,0.16,0.16,44.951364,1776159385000
1776159386.96,86.96,0.55,5.0,0.54,14.0,0.48,15.0,0.47,15.0,0.46,15.0,0.71,15.0,0.72,15.0,0.73,25.0,0.74,15.0,0.75,35.0,0.29,15.0,0.28,15.0,0.27,25.0,0.26,15.0,0.25,35.0,0.45,5.0,0.46,14.0,0.52,15.0,0.53,15.0,0.54,15.0,0.16,0.16,44.951073,1776159386000
1776159387.882,87.882,0.55,5.0,0.54,14.0,0.48,15.0,0.47,15.0,0.46,15.0,0.71,15.0,0.72,15.0,0.73,25.0,0.74,15.0,0.75,35.0,0.29,15.0,0.28,15.0,0.27,25.0,0.26,15.0,0.25,35.0,0.45,5.0,0.46,14.0,0.52,15.0,0.53,15.0,0.54,15.0,0.16,0.16,44.951441,1776159387000
1776159389.256,89.256,0.55,5.0,0.54,14.0,0.48,15.0,0.47,15.0,0.46,15.0,0.71,15.0,0.72,15.0,0.73,25.0,0.74,15.0,0.75,35.0,0.29,15.0,0.28,15.0,0.27,25.0,0.26,15.0,0.25,35.0,0.45,5.0,0.46,14.0,0.52,15.0,0.53,15.0,0.54,15.0,0.16,0.16,44.951264,1776159388000
1776159390.184,90.184,0.55,5.0,0.54,14.0,0.48,15.0,0.47,15.0,0.46,15.0,0.71,15.0,0.72,15.0,0.73,25.0,0.74,15.0,0.75,35.0,0.29,15.0,0.28,15.0,0.27,25.0,0.26,15.0,0.25,35.0,0.45,5.0,0.46,14.0,0.52,15.0,0.53,15.0,0.54,15.0,0.16,0.16,44.951053,1776159389000
1776159391.069,91.069,0.55,5.0,0.54,14.0,0.48,15.0,0.47,15.0,0.46,15.0,0.71,15.0,0.72,15.0,0.73,25.0,0.74,15.0,0.75,35.0,0.29,15.0,0.28,15.0,0.27,25.0,0.26,15.0,0.25,35.0,0.45,5.0,0.46,14.0,0.52,15.0,0.53,15.0,0.54,15.0,0.16,0.16,44.951093,1776159390000
1776159392.206,92.206,0.55,5.0,0.54,14.0,0.48,15.0,0.47,15.0,0.46,15.0,0.71,15.0,0.72,15.0,0.73,25.0,0.74,15.0,0.75,35.0,0.29,15.0,0.28,15.0,0.27,25.0,0.26,15.0,0.25,35.0,0.45,5.0,0.46,14.0,0.52,15.0,0.53,15.0,0.54,15.0,0.16,0.16,44.951093,1776159391000
1776159393.163,93.163,0.55,5.0,0.54,14.0,0.48,15.0,0.47,15.0,0.46,15.0,0.71,15.0,0.72,15.0,0.73,25.0,0.74,15.0,0.75,35.0,0.29,15.0,0.28,15.0,0.27,25.0,0.26,15.0,0.25,35.0,0.45,5.0,0.46,14.0,0.52,15.0,0.53,15.0,0.54,15.0,0.16,0.16,44.950717,1776159392000
1776159394.191,94.191,0.55,5.0,0.54,14.0,0.48,15.0,0.47,15.0,0.46,15.0,0.71,15.0,0.72,15.0,0.73,25.0,0.74,15.0,0.75,35.0,0.29,15.0,0.28,15.0,0.27,25.0,0.26,15.0,0.25,35.0,0.45,5.0,0.46,14.0,0.52,15.0,0.53,15.0,0.54,15.0,0.16,0.16,44.950534,1776159393000
1776159395.196,95.196,0.55,5.0,0.54,14.0,0.48,15.0,0.47,15.0,0.46,15.0,0.71,15.0,0.72,15.0,0.73,25.0,0.74,15.0,0.75,35.0,0.29,15.0,0.28,15.0,0.27,25.0,0.26,15.0,0.25,35.0,0.45,5.0,0.46,14.0,0.52,15.0,0.53,15.0,0.54,15.0,0.16,0.16,44.950534,1776159394000
1776159396.101,96.101,0.55,5.0,0.54,14.0,0.48,15.0,0.47,15.0,0.46,15.0,0.71,15.0,0.72,15.0,0.73,25.0,0.74,15.0,0.75,35.0,0.29,15.0,0.28,15.0,0.27,25.0,0.26,15.0,0.25,35.0,0.45,5.0,0.46,14.0,0.52,15.0,0.53,15.0,0.54,15.0,0.16,0.16,44.951417,1776159395000
1776159397.157,97.157,0.55,5.0,0.54,14.0,0.48,15.0,0.47,15.0,0.46,15.0,0.71,15.0,0.72,15.0,0.73,25.0,0.74,15.0,0.75,35.0,0.29,15.0,0.28,15.0,0.27,25.0,0.26,15.0,0.25,35.0,0.45,5.0,0.46,14.0,0.52,15.0,0.53,15.0,0.54,15.0,0.16,0.16,44.955398,1776159396000
1776159398.26,98.26,0.55,5.0,0.54,14.0,0.48,15.0,0.47,15.0,0.46,15.0,0.71,15.0,0.72,15.0,0.73,25.0,0.74,15.0,0.75,35.0,0.29,15.0,0.28,15.0,0.27,25.0,0.26,15.0,0.25,35.0,0.45,5.0,0.46,14.0,0.52,15.0,0.53,15.0,0.54,15.0,0.16,0.16,44.956441,1776159397000
1776159399.201,99.201,0.55,5.0,0.54,14.0,0.48,15.0,0.47,15.0,0.46,15.0,0.71,15.0,0.72,15.0,0.73,25.0,0.74,15.0,0.75,35.0,0.29,15.0,0.28,15.0,0.27,25.0,0.26,15.0,0.25,35.0,0.45,5.0,0.46,14.0,0.52,15.0,0.53,15.0,0.54,15.0,0.16,0.16,44.960161,1776159398000
1776159399.45,99.45,0.76,10.0,0.64,7.0,0.62,15.0,0.61,15.0,0.6,22.75,0.84,11.46,0.85,15.0,0.86,15.0,0.87,15.0,0.88,15.0,0.29,15.0,0.28,15.0,0.27,25.0,0.26,15.0,0.25,35.0,0.45,5.0,0.46,14.0,0.52,15.0,0.53,15.0,0.54,15.0,0.08,0.16,44.960161,1776159398000
1776159400.178,100.178,0.76,10.0,0.64,7.0,0.62,15.0,0.61,15.0,0.6,22.75,0.84,11.46,0.85,15.0,0.86,15.0,0.87,15.0,0.88,15.0,0.16,11.46,0.15,15.0,0.14,15.0,0.13,15.0,0.12,15.0,0.24,10.0,0.36,7.0,0.38,15.0,0.39,15.0,0.4,22.75,0.08,0.08,44.960164,1776159399000
1776159400.882,100.882,0.76,22.75,0.75,10.0,0.74,6.0,0.73,5.0,0.72,5.0,0.84,11.46,0.85,15.0,0.86,15.0,0.87,15.0,0.88,15.0,0.16,11.46,0.15,15.0,0.14,15.0,0.13,15.0,0.12,15.0,0.24,10.0,0.36,7.0,0.38,15.0,0.39,15.0,0.4,22.75,0.08,0.08,44.960164,1776159399000
1776159401.233,101.233,0.76,22.75,0.75,10.0,0.74,6.0,0.73,5.0,0.72,5.0,0.84,11.46,0.85,15.0,0.86,15.0,0.87,15.0,0.88,15.0,0.16,11.46,0.15,15.0,0.14,15.0,0.13,15.0,0.12,15.0,0.24,22.75,0.25,10.0,0.26,6.0,0.27,5.0,0.28,5.0,0.08,0.08,44.973914,1776159400000
1776159402.341,102.341,0.76,22.75,0.75,10.0,0.74,6.0,0.73,5.0,0.72,5.0,0.84,11.46,0.85,15.0,0.86,15.0,0.87,15.0,0.88,15.0,0.16,11.46,0.15,15.0,0.14,15.0,0.13,15.0,0.12,15.0,0.24,22.75,0.25,10.0,0.26,6.0,0.27,5.0,0.28,5.0,0.08,0.08,44.987244,1776159401000
1776159403.407,103.407,0.76,22.75,0.75,10.0,0.74,6.0,0.73,5.0,0.72,5.0,0.84,11.46,0.85,15.0,0.86,15.0,0.87,15.0,0.88,15.0,0.16,11.46,0.15,15.0,0.14,15.0,0.13,15.0,0.12,15.0,0.24,22.75,0.25,10.0,0.26,6.0,0.27,5.0,0.28,5.0,0.08,0.08,44.990309,1776159402000
1776159404.46,104.46,0.76,22.75,0.75,10.0,0.74,6.0,0.73,5.0,0.72,5.0,0.84,11.46,0.85,15.0,0.86,15.0,0.87,15.0,0.88,15.0,0.16,11.46,0.15,15.0,0.14,15.0,0.13,15.0,0.12,15.0,0.24,22.75,0.25,10.0,0.26,6.0,0.27,5.0,0.28,5.0,0.08,0.08,44.991105,1776159403000
1776159405.479,105.479,0.76,22.75,0.75,10.0,0.74,6.0,0.73,5.0,0.72,5.0,0.84,11.46,0.85,15.0,0.86,15.0,0.87,15.0,0.88,15.0,0.16,11.46,0.15,15.0,0.14,15.0,0.13,15.0,0.12,15.0,0.24,22.75,0.25,10.0,0.26,6.0,0.27,5.0,0.28,5.0,0.08,0.08,44.992597,1776159404000
1776159406.81,106.81,0.76,22.75,0.75,10.0,0.74,6.0,0.73,5.0,0.72,5.0,0.84,11.46,0.85,15.0,0.86,15.0,0.87,15.0,0.88,15.0,0.16,11.46,0.15,15.0,0.14,15.0,0.13,15.0,0.12,15.0,0.24,22.75,0.25,10.0,0.26,6.0,0.27,5.0,0.28,5.0,0.08,0.08,44.993509,1776159405000
1776159407.358,107.358,0.76,22.75,0.75,10.0,0.74,6.0,0.73,5.0,0.72,5.0,0.84,11.46,0.85,15.0,0.86,15.0,0.87,15.0,0.88,15.0,0.16,11.46,0.15,15.0,0.14,15.0,0.13,15.0,0.12,15.0,0.24,22.75,0.25,10.0,0.26,6.0,0.27,5.0,0.28,5.0,0.08,0.08,44.993988,1776159406000
1776159408.252,108.252,0.78,32.75,0.77,15.0,0.76,20.0,0.75,20.0,0.74,20.0,0.88,13.86,0.89,15.0,0.9,15.0,0.91,15.0,0.92,15.0,0.12,13.86,0.11,15.0,0.1,15.0,0.09,15.0,0.08,15.0,0.22,32.75,0.23,15.0,0.24,20.0,0.25,20.0,0.26,20.0,0.1,0.1,44.994823,1776159407000
1776159409.808,109.808,0.78,32.75,0.77,15.0,0.76,20.0,0.75,20.0,0.74,20.0,0.88,13.86,0.89,15.0,0.9,15.0,0.91,15.0,0.92,15.0,0.12,13.86,0.11,15.0,0.1,15.0,0.09,15.0,0.08,15.0,0.22,32.75,0.23,15.0,0.24,20.0,0.25,20.0,0.26,20.0,0.1,0.1,45.006793,1776159408000
1776159410.489,110.489,0.78,32.75,0.77,15.0,0.76,20.0,0.75,20.0,0.74,20.0,0.88,13.86,0.89,15.0,0.9,15.0,0.91,15.0,0.92,15.0,0.12,13.86,0.11,15.0,0.1,15.0,0.09,15.0,0.08,15.0,0.22,32.75,0.23,15.0,0.24,20.0,0.25,20.0,0.26,20.0,0.1,0.1,45.010591,1776159409000
1776159411.352,111.352,0.78,32.75,0.77,15.0,0.76,20.0,0.75,20.0,0.74,20.0,0.88,13.86,0.89,15.0,0.9,15.0,0.91,15.0,0.92,15.0,0.12,13.86,0.11,15.0,0.1,15.0,0.09,15.0,0.08,15.0,0.22,32.75,0.23,15.0,0.24,20.0,0.25,20.0,0.26,20.0,0.1,0.1,45.010405,1776159410000
1776159411.931,111.931,0.78,32.75,0.77,15.0,0.76,20.0,0.75,20.0,0.74,20.0,0.88,13.86,0.89,15.0,0.9,15.0,0.91,15.0,0.92,15.0,0.12,13.86,0.11,15.0,0.1,15.0,0.09,15.0,0.08,15.0,0.22,32.75,0.23,15.0,0.24,20.0,0.25,20.0,0.26,20.0,0.1,0.1,45.010945,1776159411000
1776159413.475,113.475,0.78,32.75,0.77,15.0,0.76,20.0,0.75,20.0,0.74,20.0,0.88,13.86,0.89,15.0,0.9,15.0,0.91,15.0,0.92,15.0,0.12,13.86,0.11,15.0,0.1,15.0,0.09,15.0,0.08,15.0,0.22,32.75,0.23,15.0,0.24,20.0,0.25,20.0,0.26,20.0,0.1,0.1,45.010879,1776159412000
1776159414.078,114.078,0.78,32.75,0.77,15.0,0.76,20.0,0.75,20.0,0.74,20.0,0.88,13.86,0.89,15.0,0.9,15.0,0.91,15.0,0.92,15.0,0.12,13.86,0.11,15.0,0.1,15.0,0.09,15.0,0.08,15.0,0.22,32.75,0.23,15.0,0.24,20.0,0.25,20.0,0.26,20.0,0.1,0.1,45.010628,1776159413000
1776159415.705,115.705,0.78,32.75,0.77,15.0,0.76,20.0,0.75,20.0,0.74,20.0,0.88,13.86,0.89,15.0,0.9,15.0,0.91,15.0,0.92,15.0,0.12,13.86,0.11,15.0,0.1,15.0,0.09,15.0,0.08,15.0,0.22,32.75,0.23,15.0,0.24,20.0,0.25,20.0,0.26,20.0,0.1,0.1,45.010818,1776159414000
1776159416.166,116.166,0.78,32.75,0.77,15.0,0.76,20.0,0.75,20.0,0.74,20.0,0.88,13.86,0.89,15.0,0.9,15.0,0.91,15.0,0.92,15.0,0.12,13.86,0.11,15.0,0.1,15.0,0.09,15.0,0.08,15.0,0.22,32.75,0.23,15.0,0.24,20.0,0.25,20.0,0.26,20.0,0.1,0.1,45.010489,1776159415000
1776159417.464,117.464,0.78,32.75,0.77,15.0,0.76,20.0,0.75,20.0,0.74,20.0,0.88,13.86,0.89,15.0,0.9,15.0,0.91,15.0,0.92,15.0,0.12,13.86,0.11,15.0,0.1,15.0,0.09,15.0,0.08,15.0,0.22,32.75,0.23,15.0,0.24,20.0,0.25,20.0,0.26,20.0,0.1,0.1,45.01074,1776159416000
1776159418.216,118.216,0.78,32.75,0.77,15.0,0.76,20.0,0.75,20.0,0.74,20.0,0.88,13.86,0.89,15.0,0.9,15.0,0.91,15.0,0.92,15.0,0.12,13.86,0.11,15.0,0.1,15.0,0.09,15.0,0.08,15.0,0.22,32.75,0.23,15.0,0.24,20.0,0.25,20.0,0.26,20.0,0.1,0.1,45.01074,1776159417000
1776159419.359,119.359,0.78,32.75,0.77,15.0,0.76,20.0,0.75,20.0,0.74,20.0,0.88,13.86,0.89,15.0,0.9,15.0,0.91,15.0,0.92,15.0,0.12,13.86,0.11,15.0,0.1,15.0,0.09,15.0,0.08,15.0,0.22,32.75,0.23,15.0,0.24,20.0,0.25,20.0,0.26,20.0,0.1,0.1,45.010414,1776159418000
1776159420.237,120.237,0.81,38.96,0.8,15.0,0.79,15.0,0.78,15.0,0.77,15.0,0.9,15.0,0.91,15.0,0.92,15.0,0.93,15.0,0.94,98.0,0.12,13.86,0.11,15.0,0.1,15.0,0.09,15.0,0.08,15.0,0.22,32.75,0.23,15.0,0.24,20.0,0.25,20.0,0.26,20.0,0.09,0.1,45.010414,1776159418000
1776159421.861,121.861,0.81,38.96,0.8,15.0,0.79,15.0,0.78,15.0,0.77,15.0,0.9,15.0,0.91,15.0,0.92,15.0,0.93,15.0,0.94,98.0,0.1,15.0,0.09,15.0,0.08,15.0,0.07,15.0,0.06,98.0,0.19,38.96,0.2,15.0,0.21,15.0,0.22,15.0,0.23,15.0,0.09,0.09,45.010236,1776159420000
1776159422.735,122.735,0.81,38.96,0.8,15.0,0.79,15.0,0.78,15.0,0.77,15.0,0.9,15.0,0.91,15.0,0.92,15.0,0.93,15.0,0.94,98.0,0.1,15.0,0.09,15.0,0.08,15.0,0.07,15.0,0.06,98.0,0.19,38.96,0.2,15.0,0.21,15.0,0.22,15.0,0.23,15.0,0.09,0.09,45.010246,1776159421000
1776159423.394,123.394,0.81,38.96,0.8,15.0,0.79,15.0,0.78,15.0,0.77,15.0,0.9,15.0,0.91,15.0,0.92,15.0,0.93,15.0,0.94,98.0,0.1,15.0,0.09,15.0,0.08,15.0,0.07,15.0,0.06,98.0,0.19,38.96,0.2,15.0,0.21,15.0,0.22,15.0,0.23,15.0,0.09,0.09,45.010252,1776159422000
1776159424.429,124.429,0.81,38.96,0.8,15.0,0.79,15.0,0.78,15.0,0.77,15.0,0.9,15.0,0.91,15.0,0.92,15.0,0.93,15.0,0.94,98.0,0.1,15.0,0.09,15.0,0.08,15.0,0.07,15.0,0.06,98.0,0.19,38.96,0.2,15.0,0.21,15.0,0.22,15.0,0.23,15.0,0.09,0.09,45.010437,1776159423000
1776159424.882,124.882,0.81,38.96,0.8,15.0,0.79,15.0,0.78,15.0,0.77,15.0,0.9,15.0,0.91,15.0,0.92,15.0,0.93,15.0,0.94,98.0,0.1,15.0,0.09,15.0,0.08,15.0,0.07,15.0,0.06,98.0,0.19,38.96,0.2,15.0,0.21,15.0,0.22,15.0,0.23,15.0,0.09,0.09,45.010437,1776159424000
1776159425.86,125.86,0.81,38.96,0.8,15.0,0.79,15.0,0.78,15.0,0.77,15.0,0.9,15.0,0.91,15.0,0.92,15.0,0.93,15.0,0.94,98.0,0.1,15.0,0.09,15.0,0.08,15.0,0.07,15.0,0.06,98.0,0.19,38.96,0.2,15.0,0.21,15.0,0.22,15.0,0.23,15.0,0.09,0.09,45.009178,1776159425000
1776159427.294,127.294,0.81,38.96,0.8,15.0,0.79,15.0,0.78,15.0,0.77,15.0,0.9,15.0,0.91,15.0,0.92,15.0,0.93,15.0,0.94,98.0,0.1,15.0,0.09,15.0,0.08,15.0,0.07,15.0,0.06,98.0,0.19,38.96,0.2,15.0,0.21,15.0,0.22,15.0,0.23,15.0,0.09,0.09,45.009744,1776159426000
1776159428.214,128.214,0.81,38.96,0.8,15.0,0.79,15.0,0.78,15.0,0.77,15.0,0.9,15.0,0.91,15.0,0.92,15.0,0.93,15.0,0.94,98.0,0.1,15.0,0.09,15.0,0.08,15.0,0.07,15.0,0.06,98.0,0.19,38.96,0.2,15.0,0.21,15.0,0.22,15.0,0.23,15.0,0.09,0.09,45.009691,1776159427000
1776159429.228,129.228,0.81,38.96,0.8,15.0,0.79,15.0,0.78,15.0,0.77,15.0,0.9,15.0,0.91,15.0,0.92,15.0,0.93,15.0,0.94,98.0,0.1,15.0,0.09,15.0,0.08,15.0,0.07,15.0,0.06,98.0,0.19,38.96,0.2,15.0,0.21,15.0,0.22,15.0,0.23,15.0,0.09,0.09,45.01232,1776159428000
1776159430.167,130.167,0.81,38.96,0.8,15.0,0.79,15.0,0.78,15.0,0.77,15.0,0.9,15.0,0.91,15.0,0.92,15.0,0.93,15.0,0.94,98.0,0.1,15.0,0.09,15.0,0.08,15.0,0.07,15.0,0.06,98.0,0.19,38.96,0.2,15.0,0.21,15.0,0.22,15.0,0.23,15.0,0.09,0.09,45.021309,1776159429000
1776159431.324,131.324,0.81,38.96,0.8,15.0,0.79,15.0,0.78,15.0,0.77,15.0,0.9,15.0,0.91,15.0,0.92,15.0,0.93,15.0,0.94,98.0,0.1,15.0,0.09,15.0,0.08,15.0,0.07,15.0,0.06,98.0,0.19,38.96,0.2,15.0,0.21,15.0,0.22,15.0,0.23,15.0,0.09,0.09,45.028472,1776159430000
1776159432.227,132.227,0.81,38.96,0.8,15.0,0.79,15.0,0.78,15.0,0.77,15.0,0.9,15.0,0.91,15.0,0.92,15.0,0.93,15.0,0.94,98.0,0.1,15.0,0.09,15.0,0.08,15.0,0.07,15.0,0.06,98.0,0.19,38.96,0.2,15.0,0.21,15.0,0.22,15.0,0.23,15.0,0.09,0.09,45.028285,1776159431000
1776159433.206,133.206,0.81,38.96,0.8,15.0,0.79,15.0,0.78,15.0,0.77,15.0,0.9,15.0,0.91,15.0,0.92,15.0,0.93,15.0,0.94,98.0,0.1,15.0,0.09,15.0,0.08,15.0,0.07,15.0,0.06,98.0,0.19,38.96,0.2,15.0,0.21,15.0,0.22,15.0,0.23,15.0,0.09,0.09,45.028617,1776159432000
1776159434.221,134.221,0.81,38.96,0.8,15.0,0.79,15.0,0.78,15.0,0.77,15.0,0.9,15.0,0.91,15.0,0.92,15.0,0.93,15.0,0.94,98.0,0.1,15.0,0.09,15.0,0.08,15.0,0.07,15.0,0.06,98.0,0.19,38.96,0.2,15.0,0.21,15.0,0.22,15.0,0.23,15.0,0.09,0.09,45.029387,1776159433000
1776159435.15,135.15,0.81,38.96,0.8,15.0,0.79,15.0,0.78,15.0,0.77,15.0,0.9,15.0,0.91,15.0,0.92,15.0,0.93,15.0,0.94,98.0,0.1,15.0,0.09,15.0,0.08,15.0,0.07,15.0,0.06,98.0,0.19,38.96,0.2,15.0,0.21,15.0,0.22,15.0,0.23,15.0,0.09,0.09,45.029808,1776159434000
1776159436.124,136.124,0.81,38.96,0.8,15.0,0.79,15.0,0.78,15.0,0.77,15.0,0.9,15.0,0.91,15.0,0.92,15.0,0.93,15.0,0.94,98.0,0.1,15.0,0.09,15.0,0.08,15.0,0.07,15.0,0.06,98.0,0.19,38.96,0.2,15.0,0.21,15.0,0.22,15.0,0.23,15.0,0.09,0.09,45.029662,1776159435000
1776159437.157,137.157,0.81,38.96,0.8,15.0,0.79,15.0,0.78,15.0,0.77,15.0,0.9,15.0,0.91,15.0,0.92,15.0,0.93,15.0,0.94,98.0,0.1,15.0,0.09,15.0,0.08,15.0,0.07,15.0,0.06,98.0,0.19,38.96,0.2,15.0,0.21,15.0,0.22,15.0,0.23,15.0,0.09,0.09,45.031524,1776159436000
1776159438.444,138.444,0.81,38.96,0.8,15.0,0.79,15.0,0.78,15.0,0.77,15.0,0.9,15.0,0.91,15.0,0.92,15.0,0.93,15.0,0.94,98.0,0.1,15.0,0.09,15.0,0.08,15.0,0.07,15.0,0.06,98.0,0.19,38.96,0.2,15.0,0.21,15.0,0.22,15.0,0.23,15.0,0.09,0.09,45.031582,1776159437000
1776159438.955,138.955,0.81,38.96,0.8,15.0,0.79,15.0,0.78,15.0,0.77,15.0,0.9,15.0,0.91,15.0,0.92,15.0,0.93,15.0,0.94,98.0,0.1,15.0,0.09,15.0,0.08,15.0,0.07,15.0,0.06,98.0,0.19,38.96,0.2,15.0,0.21,15.0,0.22,15.0,0.23,15.0,0.09,0.09,45.032514,1776159438000
1776159439.388,139.388,0.94,22.75,0.93,15.0,0.92,15.0,0.91,15.0,0.9,15.0,0.97,12.94,0.98,20.0,0.99,186.09,,,,,0.1,15.0,0.09,15.0,0.08,15.0,0.07,15.0,0.06,98.0,0.19,38.96,0.2,15.0,0.21,15.0,0.22,15.0,0.23,15.0,0.03,0.09,45.032514,1776159438000
1776159439.806,139.806,0.94,22.75,0.93,15.0,0.92,15.0,0.91,15.0,0.9,15.0,0.97,11.9,0.98,20.0,0.99,186.09,,,,,0.03,12.94,0.02,20.0,0.01,186.09,,,,,0.06,22.75,0.07,15.0,0.08,15.0,0.09,15.0,0.1,15.0,0.03,0.03,45.032514,1776159438000
1776159440.14,140.14,0.94,22.75,0.93,15.0,0.92,15.0,0.91,15.0,0.9,15.0,0.97,11.9,0.98,20.0,0.99,186.09,,,,,0.03,11.9,0.02,20.0,0.01,186.09,,,,,0.06,22.75,0.07,15.0,0.08,15.0,0.09,15.0,0.1,15.0,0.03,0.03,45.036011,1776159439000
1776159441.229,141.229,0.94,22.75,0.93,15.0,0.92,15.0,0.91,15.0,0.9,15.0,0.97,11.9,0.98,20.0,0.99,186.09,,,,,0.03,11.9,0.02,20.0,0.01,186.09,,,,,0.06,22.75,0.07,15.0,0.08,15.0,0.09,15.0,0.1,15.0,0.03,0.03,45.038661,1776159440000
1776159442.435,142.435,0.94,22.75,0.93,15.0,0.92,15.0,0.91,15.0,0.9,15.0,0.97,11.9,0.98,20.0,0.99,186.09,,,,,0.03,11.9,0.02,20.0,0.01,186.09,,,,,0.06,22.75,0.07,15.0,0.08,15.0,0.09,15.0,0.1,15.0,0.03,0.03,45.040649,1776159441000
1776159443.034,143.034,0.94,22.75,0.93,15.0,0.92,15.0,0.91,15.0,0.9,15.0,0.97,11.9,0.98,20.0,0.99,186.09,,,,,0.03,11.9,0.02,20.0,0.01,186.09,,,,,0.06,22.75,0.07,15.0,0.08,15.0,0.09,15.0,0.1,15.0,0.03,0.03,45.049586,1776159442000
1776159444.155,144.155,0.94,22.75,0.93,15.0,0.92,15.0,0.91,15.0,0.9,15.0,0.97,11.9,0.98,20.0,0.99,186.09,,,,,0.03,11.9,0.02,20.0,0.01,186.09,,,,,0.06,22.75,0.07,15.0,0.08,15.0,0.09,15.0,0.1,15.0,0.03,0.03,45.050138,1776159443000
1776159445.287,145.287,0.94,22.75,0.93,15.0,0.92,15.0,0.91,15.0,0.9,15.0,0.97,11.9,0.98,20.0,0.99,186.09,,,,,0.03,11.9,0.02,20.0,0.01,186.09,,,,,0.06,22.75,0.07,15.0,0.08,15.0,0.09,15.0,0.1,15.0,0.03,0.03,45.050262,1776159444000
1776159446.295,146.295,0.94,22.75,0.93,15.0,0.92,15.0,0.91,15.0,0.9,15.0,0.97,11.9,0.98,20.0,0.99,186.09,,,,,0.03,11.9,0.02,20.0,0.01,186.09,,,,,0.06,22.75,0.07,15.0,0.08,15.0,0.09,15.0,0.1,15.0,0.03,0.03,45.05102,1776159445000
1776159447.028,147.028,0.94,22.75,0.93,15.0,0.92,15.0,0.91,15.0,0.9,15.0,0.97,11.9,0.98,20.0,0.99,186.09,,,,,0.03,11.9,0.02,20.0,0.01,186.09,,,,,0.06,22.75,0.07,15.0,0.08,15.0,0.09,15.0,0.1,15.0,0.03,0.03,45.051051,1776159446000
1776159448.239,148.239,0.94,22.75,0.93,15.0,0.92,15.0,0.91,15.0,0.9,15.0,0.97,11.9,0.98,20.0,0.99,186.09,,,,,0.03,11.9,0.02,20.0,0.01,186.09,,,,,0.06,22.75,0.07,15.0,0.08,15.0,0.09,15.0,0.1,15.0,0.03,0.03,45.050719,1776159447000
1776159449.376,149.376,0.94,22.75,0.93,15.0,0.92,15.0,0.91,15.0,0.9,15.0,0.97,11.9,0.98,20.0,0.99,186.09,,,,,0.03,11.9,0.02,20.0,0.01,186.09,,,,,0.06,22.75,0.07,15.0,0.08,15.0,0.09,15.0,0.1,15.0,0.03,0.03,45.051497,1776159448000
1776159450.334,150.334,0.94,22.75,0.93,15.0,0.92,15.0,0.91,15.0,0.9,15.0,0.97,11.9,0.98,20.0,0.99,186.09,,,,,0.03,11.9,0.02,20.0,0.01,186.09,,,,,0.06,22.75,0.07,15.0,0.08,15.0,0.09,15.0,0.1,15.0,0.03,0.03,45.051228,1776159449000
1776159451.026,151.026,0.94,22.75,0.93,15.0,0.92,15.0,0.91,15.0,0.9,15.0,0.97,11.9,0.98,20.0,0.99,186.09,,,,,0.03,11.9,0.02,20.0,0.01,186.09,,,,,0.06,22.75,0.07,15.0,0.08,15.0,0.09,15.0,0.1,15.0,0.03,0.03,45.049633,1776159450000
1776159452.022,152.022,0.94,22.75,0.93,15.0,0.92,15.0,0.91,15.0,0.9,15.0,0.97,11.9,0.98,20.0,0.99,186.09,,,,,0.03,11.9,0.02,20.0,0.01,186.09,,,,,0.06,22.75,0.07,15.0,0.08,15.0,0.09,15.0,0.1,15.0,0.03,0.03,45.049964,1776159451000
1776159452.606,152.606,0.67,17.75,0.66,7.0,0.49,15.0,0.48,15.0,0.47,15.0,0.84,7.63,0.88,41.0,0.96,15.0,0.97,15.0,0.98,20.0,0.04,125.0,0.03,592.0,0.02,20.0,0.01,186.09,,,0.5,1.36,0.51,15.0,0.52,15.0,0.53,15.0,0.54,15.0,0.17,0.46,45.049964,1776159451000
1776159452.891,152.891,0.66,7.0,0.65,10.0,0.5,15.0,0.49,15.0,0.48,15.0,0.82,7.57,0.88,41.0,0.96,15.0,0.97,15.0,0.98,20.0,0.16,6.43,0.12,41.0,0.04,15.0,0.03,15.0,0.02,20.0,0.33,17.75,0.34,7.0,0.51,15.0,0.52,15.0,0.53,15.0,0.16,0.17,45.049964,1776159451000
1776159453.133,153.133,0.5,12.3,0.49,15.0,0.48,15.0,0.47,15.0,0.46,15.0,0.95,100.0,0.96,15.0,0.97,15.0,0.98,20.0,0.99,186.09,0.05,100.0,0.04,15.0,0.03,15.0,0.02,20.0,0.01,186.09,0.5,12.3,0.51,15.0,0.52,15.0,0.53,15.0,0.54,15.0,0.45,0.45,45.047392,1776159452000
1776159454.125,154.125,0.5,12.3,0.49,15.0,0.48,15.0,0.47,15.0,0.46,15.0,0.95,100.0,0.96,15.0,0.97,15.0,0.98,20.0,0.99,186.09,0.05,100.0,0.04,15.0,0.03,15.0,0.02,20.0,0.01,186.09,0.5,12.3,0.51,15.0,0.52,15.0,0.53,15.0,0.54,15.0,0.45,0.45,44.933173,1776159453000
1776159455.186,155.186,0.5,12.3,0.49,15.0,0.48,15.0,0.47,15.0,0.46,15.0,0.95,100.0,0.96,15.0,0.97,15.0,0.98,20.0,0.99,186.09,0.05,100.0,0.04,15.0,0.03,15.0,0.02,20.0,0.01,186.09,0.5,12.3,0.51,15.0,0.52,15.0,0.53,15.0,0.54,15.0,0.45,0.45,44.934624,1776159454000
1776159456.154,156.154,0.5,12.3,0.49,15.0,0.48,15.0,0.47,15.0,0.46,15.0,0.95,100.0,0.96,15.0,0.97,15.0,0.98,20.0,0.99,186.09,0.05,100.0,0.04,15.0,0.03,15.0,0.02,20.0,0.01,186.09,0.5,12.3,0.51,15.0,0.52,15.0,0.53,15.0,0.54,15.0,0.45,0.45,44.956306,1776159455000
1776159457.079,157.079,0.5,12.3,0.49,15.0,0.48,15.0,0.47,15.0,0.46,15.0,0.95,100.0,0.96,15.0,0.97,15.0,0.98,20.0,0.99,186.09,0.05,100.0,0.04,15.0,0.03,15.0,0.02,20.0,0.01,186.09,0.5,12.3,0.51,15.0,0.52,15.0,0.53,15.0,0.54,15.0,0.45,0.45,44.954649,1776159456000
1776159458.129,158.129,0.5,12.3,0.49,15.0,0.48,15.0,0.47,15.0,0.46,15.0,0.95,100.0,0.96,15.0,0.97,15.0,0.98,20.0,0.99,186.09,0.05,100.0,0.04,15.0,0.03,15.0,0.02,20.0,0.01,186.09,0.5,12.3,0.51,15.0,0.52,15.0,0.53,15.0,0.54,15.0,0.45,0.45,44.956455,1776159457000
1776159459.072,159.072,0.5,12.3,0.49,15.0,0.48,15.0,0.47,15.0,0.46,15.0,0.95,100.0,0.96,15.0,0.97,15.0,0.98,20.0,0.99,186.09,0.05,100.0,0.04,15.0,0.03,15.0,0.02,20.0,0.01,186.09,0.5,12.3,0.51,15.0,0.52,15.0,0.53,15.0,0.54,15.0,0.45,0.45,44.956786,1776159458000
1776159460.05,160.05,0.5,12.3,0.49,15.0,0.48,15.0,0.47,15.0,0.46,15.0,0.95,100.0,0.96,15.0,0.97,15.0,0.98,20.0,0.99,186.09,0.05,100.0,0.04,15.0,0.03,15.0,0.02,20.0,0.01,186.09,0.5,12.3,0.51,15.0,0.52,15.0,0.53,15.0,0.54,15.0,0.45,0.45,44.960685,1776159459000
1776159461.175,161.175,0.5,12.3,0.49,15.0,0.48,15.0,0.47,15.0,0.46,15.0,0.95,100.0,0.96,15.0,0.97,15.0,0.98,20.0,0.99,186.09,0.05,100.0,0.04,15.0,0.03,15.0,0.02,20.0,0.01,186.09,0.5,12.3,0.51,15.0,0.52,15.0,0.53,15.0,0.54,15.0,0.45,0.45,44.959028,1776159460000
1776159462.151,162.151,0.5,12.3,0.49,15.0,0.48,15.0,0.47,15.0,0.46,15.0,0.95,100.0,0.96,15.0,0.97,15.0,0.98,20.0,0.99,186.09,0.05,100.0,0.04,15.0,0.03,15.0,0.02,20.0,0.01,186.09,0.5,12.3,0.51,15.0,0.52,15.0,0.53,15.0,0.54,15.0,0.45,0.45,44.957225,1776159461000
1776159462.378,162.378,0.62,10.0,0.59,15.0,0.58,15.0,0.57,15.0,0.56,15.0,0.76,20.0,0.79,10.0,0.83,15.0,0.84,15.0,0.85,15.0,0.05,100.0,0.04,15.0,0.03,15.0,0.02,20.0,0.01,186.09,0.5,12.3,0.51,15.0,0.52,15.0,0.53,15.0,0.54,15.0,0.14,0.45,44.957225,1776159461000
1776159463.197,163.197,0.62,10.0,0.59,15.0,0.58,15.0,0.57,15.0,0.56,15.0,0.76,20.0,0.79,10.0,0.83,15.0,0.84,15.0,0.85,15.0,0.24,20.0,0.21,10.0,0.17,15.0,0.16,15.0,0.15,15.0,0.38,10.0,0.41,15.0,0.42,15.0,0.43,15.0,0.44,15.0,0.14,0.14,44.957051,1776159462000
1776159464.213,164.213,0.71,32.0,0.59,15.0,0.58,15.0,0.57,15.0,0.56,15.0,0.76,10.0,0.81,15.0,0.82,15.0,0.83,15.0,0.84,15.0,0.24,10.0,0.19,15.0,0.18,15.0,0.17,15.0,0.16,15.0,0.29,32.0,0.41,15.0,0.42,15.0,0.43,15.0,0.44,15.0,0.05,0.05,44.95604,1776159463000
1776159465.195,165.195,0.71,32.0,0.59,15.0,0.58,15.0,0.57,15.0,0.56,15.0,0.76,10.0,0.81,15.0,0.82,15.0,0.83,15.0,0.84,15.0,0.24,10.0,0.19,15.0,0.18,15.0,0.17,15.0,0.16,15.0,0.29,32.0,0.41,15.0,0.42,15.0,0.43,15.0,0.44,15.0,0.05,0.05,44.968801,1776159464000
1776159466.469,166.469,0.71,32.0,0.59,15.0,0.58,15.0,0.57,15.0,0.56,15.0,0.76,10.0,0.81,15.0,0.82,15.0,0.83,15.0,0.84,15.0,0.24,10.0,0.19,15.0,0.18,15.0,0.17,15.0,0.16,15.0,0.29,32.0,0.41,15.0,0.42,15.0,0.43,15.0,0.44,15.0,0.05,0.05,44.977274,1776159465000
1776159467.104,167.104,0.71,32.0,0.59,15.0,0.58,15.0,0.57,15.0,0.56,15.0,0.76,10.0,0.81,15.0,0.82,15.0,0.83,15.0,0.84,15.0,0.24,10.0,0.19,15.0,0.18,15.0,0.17,15.0,0.16,15.0,0.29,32.0,0.41,15.0,0.42,15.0,0.43,15.0,0.44,15.0,0.05,0.05,44.975583,1776159466000
1776159468.274,168.274,0.71,32.0,0.59,15.0,0.58,15.0,0.57,15.0,0.56,15.0,0.76,10.0,0.81,15.0,0.82,15.0,0.83,15.0,0.84,15.0,0.24,10.0,0.19,15.0,0.18,15.0,0.17,15.0,0.16,15.0,0.29,32.0,0.41,15.0,0.42,15.0,0.43,15.0,0.44,15.0,0.05,0.05,44.975589,1776159467000
1776159469.395,169.395,0.71,32.0,0.59,15.0,0.58,15.0,0.57,15.0,0.56,15.0,0.76,10.0,0.81,15.0,0.82,15.0,0.83,15.0,0.84,15.0,0.24,10.0,0.19,15.0,0.18,15.0,0.17,15.0,0.16,15.0,0.29,32.0,0.41,15.0,0.42,15.0,0.43,15.0,0.44,15.0,0.05,0.05,44.976921,1776159468000
1776159470.009,170.009,0.71,32.0,0.59,15.0,0.58,15.0,0.57,15.0,0.56,15.0,0.76,10.0,0.81,15.0,0.82,15.0,0.83,15.0,0.84,15.0,0.24,10.0,0.19,15.0,0.18,15.0,0.17,15.0,0.16,15.0,0.29,32.0,0.41,15.0,0.42,15.0,0.43,15.0,0.44,15.0,0.05,0.05,44.972745,1776159469000
1776159471.213,171.213,0.71,32.0,0.59,15.0,0.58,15.0,0.57,15.0,0.56,15.0,0.76,10.0,0.81,15.0,0.82,15.0,0.83,15.0,0.84,15.0,0.24,10.0,0.19,15.0,0.18,15.0,0.17,15.0,0.16,15.0,0.29,32.0,0.41,15.0,0.42,15.0,0.43,15.0,0.44,15.0,0.05,0.05,44.966945,1776159470000
1776159472.502,172.502,0.71,32.0,0.59,15.0,0.58,15.0,0.57,15.0,0.56,15.0,0.76,10.0,0.81,15.0,0.82,15.0,0.83,15.0,0.84,15.0,0.24,10.0,0.19,15.0,0.18,15.0,0.17,15.0,0.16,15.0,0.29,32.0,0.41,15.0,0.42,15.0,0.43,15.0,0.44,15.0,0.05,0.05,44.965101,1776159471000
1776159473.069,173.069,0.71,32.0,0.59,15.0,0.58,15.0,0.57,15.0,0.56,15.0,0.76,10.0,0.81,15.0,0.82,15.0,0.83,15.0,0.84,15.0,0.24,10.0,0.19,15.0,0.18,15.0,0.17,15.0,0.16,15.0,0.29,32.0,0.41,15.0,0.42,15.0,0.43,15.0,0.44,15.0,0.05,0.05,44.965017,1776159472000
1776159474.198,174.198,0.71,32.0,0.59,15.0,0.58,15.0,0.57,15.0,0.56,15.0,0.76,10.0,0.81,15.0,0.82,15.0,0.83,15.0,0.84,15.0,0.24,10.0,0.19,15.0,0.18,15.0,0.17,15.0,0.16,15.0,0.29,32.0,0.41,15.0,0.42,15.0,0.43,15.0,0.44,15.0,0.05,0.05,44.961614,1776159473000
1776159475.31,175.31,0.71,32.0,0.59,15.0,0.58,15.0,0.57,15.0,0.56,15.0,0.76,10.0,0.81,15.0,0.82,15.0,0.83,15.0,0.84,15.0,0.24,10.0,0.19,15.0,0.18,15.0,0.17,15.0,0.16,15.0,0.29,32.0,0.41,15.0,0.42,15.0,0.43,15.0,0.44,15.0,0.05,0.05,44.96178,1776159474000
1776159476.436,176.436,0.71,32.0,0.59,15.0,0.58,15.0,0.57,15.0,0.56,15.0,0.76,10.0,0.81,15.0,0.82,15.0,0.83,15.0,0.84,15.0,0.24,10.0,0.19,15.0,0.18,15.0,0.17,15.0,0.16,15.0,0.29,32.0,0.41,15.0,0.42,15.0,0.43,15.0,0.44,15.0,0.05,0.05,44.957036,1776159475000
1776159477.079,177.079,0.71,32.0,0.59,15.0,0.58,15.0,0.57,15.0,0.56,15.0,0.76,10.0,0.81,15.0,0.82,15.0,0.83,15.0,0.84,15.0,0.24,10.0,0.19,15.0,0.18,15.0,0.17,15.0,0.16,15.0,0.29,32.0,0.41,15.0,0.42,15.0,0.43,15.0,0.44,15.0,0.05,0.05,44.957036,1776159476000
1776159478.075,178.075,0.71,32.0,0.59,15.0,0.58,15.0,0.57,15.0,0.56,15.0,0.76,10.0,0.81,15.0,0.82,15.0,0.83,15.0,0.84,15.0,0.24,10.0,0.19,15.0,0.18,15.0,0.17,15.0,0.16,15.0,0.29,32.0,0.41,15.0,0.42,15.0,0.43,15.0,0.44,15.0,0.05,0.05,44.953904,1776159477000
1776159479.202,179.202,0.71,32.0,0.59,15.0,0.58,15.0,0.57,15.0,0.56,15.0,0.76,10.0,0.81,15.0,0.82,15.0,0.83,15.0,0.84,15.0,0.24,10.0,0.19,15.0,0.18,15.0,0.17,15.0,0.16,15.0,0.29,32.0,0.41,15.0,0.42,15.0,0.43,15.0,0.44,15.0,0.05,0.05,44.954091,1776159478000
1776159480.134,180.134,0.71,32.0,0.59,15.0,0.58,15.0,0.57,15.0,0.56,15.0,0.76,10.0,0.81,15.0,0.82,15.0,0.83,15.0,0.84,15.0,0.24,10.0,0.19,15.0,0.18,15.0,0.17,15.0,0.16,15.0,0.29,32.0,0.41,15.0,0.42,15.0,0.43,15.0,0.44,15.0,0.05,0.05,44.953233,1776159479000
1776159481.163,181.163,0.71,32.0,0.59,15.0,0.58,15.0,0.57,15.0,0.56,15.0,0.76,10.0,0.81,15.0,0.82,15.0,0.83,15.0,0.84,15.0,0.24,10.0,0.19,15.0,0.18,15.0,0.17,15.0,0.16,15.0,0.29,32.0,0.41,15.0,0.42,15.0,0.43,15.0,0.44,15.0,0.05,0.05,44.951037,1776159480000
1776159482.129,182.129,0.71,32.0,0.59,15.0,0.58,15.0,0.57,15.0,0.56,15.0,0.76,10.0,0.81,15.0,0.82,15.0,0.83,15.0,0.84,15.0,0.24,10.0,0.19,15.0,0.18,15.0,0.17,15.0,0.16,15.0,0.29,32.0,0.41,15.0,0.42,15.0,0.43,15.0,0.44,15.0,0.05,0.05,44.940942,1776159481000
1776159482.391,182.391,0.39,15.0,0.38,44.0,0.37,15.0,0.36,15.0,0.35,15.0,0.62,13.0,0.67,7.0,0.69,15.0,0.7,15.0,0.71,15.0,0.24,10.0,0.19,15.0,0.18,15.0,0.17,15.0,0.16,15.0,0.29,32.0,0.41,15.0,0.42,15.0,0.43,15.0,0.44,15.0,0.23,0.05,44.940942,1776159481000
1776159483.137,183.137,0.39,15.0,0.38,44.0,0.37,15.0,0.36,15.0,0.35,15.0,0.62,13.0,0.67,7.0,0.69,15.0,0.7,15.0,0.71,15.0,0.38,13.0,0.33,7.0,0.31,15.0,0.3,15.0,0.29,15.0,0.61,15.0,0.62,44.0,0.63,15.0,0.64,15.0,0.65,15.0,0.23,0.23,44.931312,1776159482000
1776159484.089,184.089,0.39,15.0,0.38,44.0,0.37,15.0,0.36,15.0,0.35,15.0,0.62,13.0,0.67,7.0,0.69,15.0,0.7,15.0,0.71,15.0,0.38,13.0,0.33,7.0,0.31,15.0,0.3,15.0,0.29,15.0,0.61,15.0,0.62,44.0,0.63,15.0,0.64,15.0,0.65,15.0,0.23,0.23,44.922736,1776159483000
1776159485.099,185.099,0.39,15.0,0.38,44.0,0.37,15.0,0.36,15.0,0.35,15.0,0.62,13.0,0.67,7.0,0.69,15.0,0.7,15.0,0.71,15.0,0.38,13.0,0.33,7.0,0.31,15.0,0.3,15.0,0.29,15.0,0.61,15.0,0.62,44.0,0.63,15.0,0.64,15.0,0.65,15.0,0.23,0.23,44.914063,1776159484000
1776159486.124,186.124,0.39,15.0,0.38,44.0,0.37,15.0,0.36,15.0,0.35,15.0,0.62,13.0,0.67,7.0,0.69,15.0,0.7,15.0,0.71,15.0,0.38,13.0,0.33,7.0,0.31,15.0,0.3,15.0,0.29,15.0,0.61,15.0,0.62,44.0,0.63,15.0,0.64,15.0,0.65,15.0,0.23,0.23,44.915544,1776159485000
1776159487.132,187.132,0.39,15.0,0.38,44.0,0.37,15.0,0.36,15.0,0.35,15.0,0.62,13.0,0.67,7.0,0.69,15.0,0.7,15.0,0.71,15.0,0.38,13.0,0.33,7.0,0.31,15.0,0.3,15.0,0.29,15.0,0.61,15.0,0.62,44.0,0.63,15.0,0.64,15.0,0.65,15.0,0.23,0.23,44.916326,1776159486000
1776159488.087,188.087,0.39,15.0,0.38,44.0,0.37,15.0,0.36,15.0,0.35,15.0,0.62,13.0,0.67,7.0,0.69,15.0,0.7,15.0,0.71,15.0,0.38,13.0,0.33,7.0,0.31,15.0,0.3,15.0,0.29,15.0,0.61,15.0,0.62,44.0,0.63,15.0,0.64,15.0,0.65,15.0,0.23,0.23,44.916919,1776159487000
1776159488.975,188.975,0.39,15.0,0.38,44.0,0.37,15.0,0.36,15.0,0.35,15.0,0.62,13.0,0.67,7.0,0.69,15.0,0.7,15.0,0.71,15.0,0.38,13.0,0.33,7.0,0.31,15.0,0.3,15.0,0.29,15.0,0.61,15.0,0.62,44.0,0.63,15.0,0.64,15.0,0.65,15.0,0.23,0.23,44.918233,1776159488000
1776159489.936,189.936,0.39,15.0,0.38,44.0,0.37,15.0,0.36,15.0,0.35,15.0,0.62,13.0,0.67,7.0,0.69,15.0,0.7,15.0,0.71,15.0,0.38,13.0,0.33,7.0,0.31,15.0,0.3,15.0,0.29,15.0,0.61,15.0,0.62,44.0,0.63,15.0,0.64,15.0,0.65,15.0,0.23,0.23,44.929546,1776159489000
1776159490.881,190.881,0.39,15.0,0.38,44.0,0.37,15.0,0.36,15.0,0.35,15.0,0.62,13.0,0.67,7.0,0.69,15.0,0.7,15.0,0.71,15.0,0.38,13.0,0.33,7.0,0.31,15.0,0.3,15.0,0.29,15.0,0.61,15.0,0.62,44.0,0.63,15.0,0.64,15.0,0.65,15.0,0.23,0.23,44.92933,1776159490000
1776159491.852,191.852,0.39,15.0,0.38,44.0,0.37,15.0,0.36,15.0,0.35,15.0,0.62,13.0,0.67,7.0,0.69,15.0,0.7,15.0,0.71,15.0,0.38,13.0,0.33,7.0,0.31,15.0,0.3,15.0,0.29,15.0,0.61,15.0,0.62,44.0,0.63,15.0,0.64,15.0,0.65,15.0,0.23,0.23,44.920599,1776159491000
1776159493.026,193.026,0.22,15.0,0.21,25.0,0.2,15.0,0.19,15.0,0.18,15.0,0.47,10.0,0.48,54.0,0.53,15.0,0.54,15.0,0.55,15.0,0.38,13.0,0.33,7.0,0.31,15.0,0.3,15.0,0.29,15.0,0.61,15.0,0.62,44.0,0.63,15.0,0.64,15.0,0.65,15.0,0.25,0.23,44.920599,1776159491000
1776159493.228,193.228,0.22,15.0,0.21,25.0,0.2,15.0,0.19,15.0,0.18,15.0,0.47,10.0,0.48,54.0,0.53,15.0,0.54,15.0,0.55,15.0,0.53,10.0,0.52,54.0,0.47,15.0,0.46,15.0,0.45,15.0,0.78,15.0,0.79,25.0,0.8,15.0,0.81,15.0,0.82,15.0,0.25,0.25,44.915246,1776159492000
1776159494.203,194.203,0.22,15.0,0.21,25.0,0.2,15.0,0.19,15.0,0.18,15.0,0.47,10.0,0.48,54.0,0.53,15.0,0.54,15.0,0.55,15.0,0.53,10.0,0.52,54.0,0.47,15.0,0.46,15.0,0.45,15.0,0.78,15.0,0.79,25.0,0.8,15.0,0.81,15.0,0.82,15.0,0.25,0.25,44.906012,1776159493000
1776159495.263,195.263,0.22,15.0,0.21,25.0,0.2,15.0,0.19,15.0,0.18,15.0,0.47,10.0,0.48,54.0,0.53,15.0,0.54,15.0,0.55,15.0,0.53,10.0,0.52,54.0,0.47,15.0,0.46,15.0,0.45,15.0,0.78,15.0,0.79,25.0,0.8,15.0,0.81,15.0,0.82,15.0,0.25,0.25,44.894204,1776159494000
1776159496.218,196.218,0.22,15.0,0.21,25.0,0.2,15.0,0.19,15.0,0.18,15.0,0.47,10.0,0.48,54.0,0.53,15.0,0.54,15.0,0.55,15.0,0.53,10.0,0.52,54.0,0.47,15.0,0.46,15.0,0.45,15.0,0.78,15.0,0.79,25.0,0.8,15.0,0.81,15.0,0.82,15.0,0.25,0.25,44.888965,1776159495000
1776159497.269,197.269,0.22,15.0,0.21,25.0,0.2,15.0,0.19,15.0,0.18,15.0,0.47,10.0,0.48,54.0,0.53,15.0,0.54,15.0,0.55,15.0,0.53,10.0,0.52,54.0,0.47,15.0,0.46,15.0,0.45,15.0,0.78,15.0,0.79,25.0,0.8,15.0,0.81,15.0,0.82,15.0,0.25,0.25,44.881818,1776159496000
1776159498.258,198.258,0.22,15.0,0.21,25.0,0.2,15.0,0.19,15.0,0.18,15.0,0.47,10.0,0.48,54.0,0.53,15.0,0.54,15.0,0.55,15.0,0.53,10.0,0.52,54.0,0.47,15.0,0.46,15.0,0.45,15.0,0.78,15.0,0.79,25.0,0.8,15.0,0.81,15.0,0.82,15.0,0.25,0.25,44.878192,1776159497000
1776159499.25,199.25,0.22,15.0,0.21,25.0,0.2,15.0,0.19,15.0,0.18,15.0,0.47,10.0,0.48,54.0,0.53,15.0,0.54,15.0,0.55,15.0,0.53,10.0,0.52,54.0,0.47,15.0,0.46,15.0,0.45,15.0,0.78,15.0,0.79,25.0,0.8,15.0,0.81,15.0,0.82,15.0,0.25,0.25,44.876673,1776159498000
1776159500.091,200.091,0.22,19.66,0.14,15.0,0.13,25.0,0.12,15.0,0.11,15.0,0.26,56.0,0.3,10.0,0.35,12.0,0.4,15.0,0.41,15.0,0.53,10.0,0.52,54.0,0.47,15.0,0.46,15.0,0.45,15.0,0.78,15.0,0.79,25.0,0.8,15.0,0.81,15.0,0.82,15.0,0.04,0.25,44.876673,1776159498000
1776159501.119,201.119,0.22,18.37,0.15,15.0,0.14,15.0,0.13,15.0,0.12,15.0,0.26,56.0,0.35,12.0,0.39,15.0,0.4,15.0,0.41,15.0,0.74,56.0,0.7,10.0,0.65,12.0,0.6,15.0,0.59,15.0,0.78,19.66,0.86,15.0,0.87,25.0,0.88,15.0,0.89,15.0,0.04,0.04,44.874564,1776159499000
1776159502.086,202.086,0.22,18.37,0.15,15.0,0.14,15.0,0.13,15.0,0.12,15.0,0.26,56.0,0.35,12.0,0.39,15.0,0.4,15.0,0.41,15.0,0.74,56.0,0.65,12.0,0.61,15.0,0.6,15.0,0.59,15.0,0.78,18.37,0.85,15.0,0.86,15.0,0.87,15.0,0.88,15.0,0.04,0.04,44.868855,1776159501000
1776159502.651,202.651,0.22,16.33,0.13,15.0,0.12,15.0,0.11,15.0,0.1,25.0,0.26,56.0,0.27,10.0,0.35,27.0,0.36,15.0,0.37,15.0,0.74,56.0,0.65,12.0,0.61,15.0,0.6,15.0,0.59,15.0,0.78,18.37,0.85,15.0,0.86,15.0,0.87,15.0,0.88,15.0,0.04,0.04,44.868855,1776159501000
1776159502.978,202.978,0.22,16.33,0.13,15.0,0.12,15.0,0.11,15.0,0.1,25.0,0.26,56.0,0.27,10.0,0.35,27.0,0.36,15.0,0.37,15.0,0.74,56.0,0.73,10.0,0.65,27.0,0.64,15.0,0.63,15.0,0.78,16.33,0.87,15.0,0.88,15.0,0.89,15.0,0.9,25.0,0.04,0.04,44.867679,1776159502000
1776159504.04,204.04,0.22,16.33,0.13,15.0,0.12,15.0,0.11,15.0,0.1,25.0,0.26,56.0,0.27,10.0,0.35,27.0,0.36,15.0,0.37,15.0,0.74,56.0,0.73,10.0,0.65,27.0,0.64,15.0,0.63,15.0,0.78,16.33,0.87,15.0,0.88,15.0,0.89,15.0,0.9,25.0,0.04,0.04,44.866805,1776159503000
1776159505.574,205.574,0.22,16.33,0.13,15.0,0.12,15.0,0.11,15.0,0.1,25.0,0.26,56.0,0.27,10.0,0.35,27.0,0.36,15.0,0.37,15.0,0.74,56.0,0.73,10.0,0.65,27.0,0.64,15.0,0.63,15.0,0.78,16.33,0.87,15.0,0.88,15.0,0.89,15.0,0.9,25.0,0.04,0.04,44.866535,1776159504000
1776159506.406,206.406,0.22,16.33,0.13,15.0,0.12,15.0,0.11,15.0,0.1,25.0,0.26,56.0,0.27,10.0,0.35,27.0,0.36,15.0,0.37,15.0,0.74,56.0,0.73,10.0,0.65,27.0,0.64,15.0,0.63,15.0,0.78,16.33,0.87,15.0,0.88,15.0,0.89,15.0,0.9,25.0,0.04,0.04,44.864364,1776159505000
1776159506.951,206.951,0.22,16.33,0.13,15.0,0.12,15.0,0.11,15.0,0.1,25.0,0.26,56.0,0.27,10.0,0.35,27.0,0.36,15.0,0.37,15.0,0.74,56.0,0.73,10.0,0.65,27.0,0.64,15.0,0.63,15.0,0.78,16.33,0.87,15.0,0.88,15.0,0.89,15.0,0.9,25.0,0.04,0.04,44.863972,1776159506000
1776159508.37,208.37,0.22,16.33,0.13,15.0,0.12,15.0,0.11,15.0,0.1,25.0,0.26,56.0,0.27,10.0,0.35,27.0,0.36,15.0,0.37,15.0,0.74,56.0,0.73,10.0,0.65,27.0,0.64,15.0,0.63,15.0,0.78,16.33,0.87,15.0,0.88,15.0,0.89,15.0,0.9,25.0,0.04,0.04,44.862533,1776159507000
1776159509.023,209.023,0.22,16.33,0.13,15.0,0.12,15.0,0.11,15.0,0.1,25.0,0.26,56.0,0.27,10.0,0.35,27.0,0.36,15.0,0.37,15.0,0.74,56.0,0.73,10.0,0.65,27.0,0.64,15.0,0.63,15.0,0.78,16.33,0.87,15.0,0.88,15.0,0.89,15.0,0.9,25.0,0.04,0.04,44.862311,1776159508000
1776159510.292,210.292,0.22,16.33,0.13,15.0,0.12,15.0,0.11,15.0,0.1,25.0,0.26,56.0,0.27,10.0,0.35,27.0,0.36,15.0,0.37,15.0,0.74,56.0,0.73,10.0,0.65,27.0,0.64,15.0,0.63,15.0,0.78,16.33,0.87,15.0,0.88,15.0,0.89,15.0,0.9,25.0,0.04,0.04,44.862182,1776159509000
1776159510.509,210.509,0.15,22.9,0.13,15.0,0.12,15.0,0.11,15.0,0.1,15.0,0.22,65.83,0.23,15.0,0.24,15.0,0.25,15.0,0.26,25.0,0.78,65.83,0.77,15.0,0.76,15.0,0.75,15.0,0.74,25.0,0.85,27.95,0.87,15.0,0.88,15.0,0.89,15.0,0.9,15.0,0.07,0.07,44.862182,1776159509000
1776159511.368,211.368,0.15,22.9,0.13,15.0,0.12,15.0,0.11,15.0,0.1,15.0,0.22,65.83,0.23,15.0,0.24,15.0,0.25,15.0,0.26,25.0,0.78,65.83,0.77,15.0,0.76,15.0,0.75,15.0,0.74,25.0,0.85,22.9,0.87,15.0,0.88,15.0,0.89,15.0,0.9,15.0,0.07,0.07,44.862182,1776159510000
1776159511.96,211.96,0.15,22.9,0.13,15.0,0.12,15.0,0.11,15.0,0.1,15.0,0.22,65.83,0.23,15.0,0.24,15.0,0.25,15.0,0.26,25.0,0.78,65.83,0.77,15.0,0.76,15.0,0.75,15.0,0.74,25.0,0.85,22.9,0.87,15.0,0.88,15.0,0.89,15.0,0.9,15.0,0.07,0.07,44.862182,1776159511000
1776159512.648,212.648,0.12,35.0,0.07,15.0,0.06,15.0,0.05,15.0,0.04,15.0,0.18,19.83,0.2,15.0,0.21,15.0,0.22,15.0,0.23,15.0,0.78,65.83,0.77,15.0,0.76,15.0,0.75,15.0,0.74,25.0,0.85,22.9,0.87,15.0,0.88,15.0,0.89,15.0,0.9,15.0,0.06,0.07,44.862182,1776159511000
1776159513.18,213.18,0.12,35.0,0.07,15.0,0.06,15.0,0.05,15.0,0.04,15.0,0.18,19.83,0.2,15.0,0.21,15.0,0.22,15.0,0.23,15.0,0.82,19.83,0.8,15.0,0.79,15.0,0.78,15.0,0.77,15.0,0.88,35.0,0.93,15.0,0.94,15.0,0.95,15.0,0.96,15.0,0.06,0.06,44.862489,1776159512000
1776159514.565,214.565,0.06,10.0,0.05,15.0,0.04,15.0,0.03,181.0,0.02,20.0,0.18,25.0,0.19,65.0,0.2,15.0,0.21,15.0,0.22,15.0,0.82,25.0,0.81,65.0,0.8,15.0,0.79,15.0,0.78,15.0,0.94,10.0,0.95,15.0,0.96,15.0,0.97,181.0,0.98,20.0,0.12,0.12,44.861214,1776159513000
1776159515.138,215.138,0.06,10.0,0.05,15.0,0.04,15.0,0.03,181.0,0.02,20.0,0.18,25.0,0.19,65.0,0.2,15.0,0.21,15.0,0.22,15.0,0.82,25.0,0.81,65.0,0.8,15.0,0.79,15.0,0.78,15.0,0.94,10.0,0.95,15.0,0.96,15.0,0.97,181.0,0.98,20.0,0.12,0.12,44.855561,1776159514000
1776159516.321,216.321,0.06,10.0,0.05,15.0,0.04,15.0,0.03,181.0,0.02,20.0,0.18,25.0,0.19,65.0,0.2,15.0,0.21,15.0,0.22,15.0,0.82,25.0,0.81,65.0,0.8,15.0,0.79,15.0,0.78,15.0,0.94,10.0,0.95,15.0,0.96,15.0,0.97,181.0,0.98,20.0,0.12,0.12,44.840634,1776159515000
1776159517.476,217.476,0.06,10.0,0.05,15.0,0.04,15.0,0.03,181.0,0.02,20.0,0.18,25.0,0.19,65.0,0.2,15.0,0.21,15.0,0.22,15.0,0.82,25.0,0.81,65.0,0.8,15.0,0.79,15.0,0.78,15.0,0.94,10.0,0.95,15.0,0.96,15.0,0.97,181.0,0.98,20.0,0.12,0.12,44.823848,1776159516000
1776159518.111,218.111,0.06,10.0,0.05,15.0,0.04,15.0,0.03,181.0,0.02,20.0,0.18,25.0,0.19,65.0,0.2,15.0,0.21,15.0,0.22,15.0,0.82,25.0,0.81,65.0,0.8,15.0,0.79,15.0,0.78,15.0,0.94,10.0,0.95,15.0,0.96,15.0,0.97,181.0,0.98,20.0,0.12,0.12,44.823027,1776159517000
1776159518.507,218.507,0.06,92.8,0.05,15.0,0.04,15.0,0.03,15.0,0.02,20.0,0.12,50.83,0.18,15.0,0.19,25.0,0.2,15.0,0.21,15.0,0.82,25.0,0.81,65.0,0.8,15.0,0.79,15.0,0.78,15.0,0.94,10.0,0.95,15.0,0.96,15.0,0.97,181.0,0.98,20.0,0.06,0.12,44.823027,1776159517000
1776159519.232,219.232,0.06,92.8,0.05,15.0,0.04,15.0,0.03,15.0,0.02,20.0,0.12,50.83,0.18,15.0,0.19,25.0,0.2,15.0,0.21,15.0,0.88,50.83,0.82,15.0,0.81,25.0,0.8,15.0,0.79,15.0,0.94,92.8,0.95,15.0,0.96,15.0,0.97,15.0,0.98,20.0,0.06,0.06,44.828195,1776159518000
1776159520.445,220.445,0.06,92.8,0.05,15.0,0.04,15.0,0.03,15.0,0.02,20.0,0.12,50.83,0.18,15.0,0.19,25.0,0.2,15.0,0.21,15.0,0.88,50.83,0.82,15.0,0.81,25.0,0.8,15.0,0.79,15.0,0.94,92.8,0.95,15.0,0.96,15.0,0.97,15.0,0.98,20.0,0.06,0.06,44.844134,1776159519000
1776159521.539,221.539,0.06,92.8,0.05,15.0,0.04,15.0,0.03,15.0,0.02,20.0,0.12,50.83,0.18,15.0,0.19,25.0,0.2,15.0,0.21,15.0,0.88,50.83,0.82,15.0,0.81,25.0,0.8,15.0,0.79,15.0,0.94,92.8,0.95,15.0,0.96,15.0,0.97,15.0,0.98,20.0,0.06,0.06,44.847635,1776159520000
1776159521.981,221.981,0.06,92.8,0.05,15.0,0.04,15.0,0.03,15.0,0.02,20.0,0.12,50.83,0.18,15.0,0.19,25.0,0.2,15.0,0.21,15.0,0.88,50.83,0.82,15.0,0.81,25.0,0.8,15.0,0.79,15.0,0.94,92.8,0.95,15.0,0.96,15.0,0.97,15.0,0.98,20.0,0.06,0.06,44.849534,1776159521000
1776159523.341,223.341,0.06,92.8,0.05,15.0,0.04,15.0,0.03,15.0,0.02,20.0,0.12,50.83,0.18,15.0,0.19,25.0,0.2,15.0,0.21,15.0,0.88,50.83,0.82,15.0,0.81,25.0,0.8,15.0,0.79,15.0,0.94,92.8,0.95,15.0,0.96,15.0,0.97,15.0,0.98,20.0,0.06,0.06,44.840642,1776159522000
1776159524.179,224.179,0.06,92.8,0.05,15.0,0.04,15.0,0.03,15.0,0.02,20.0,0.12,50.83,0.18,15.0,0.19,25.0,0.2,15.0,0.21,15.0,0.88,50.83,0.82,15.0,0.81,25.0,0.8,15.0,0.79,15.0,0.94,92.8,0.95,15.0,0.96,15.0,0.97,15.0,0.98,20.0,0.06,0.06,44.839442,1776159523000
1776159525.369,225.369,0.06,92.8,0.05,15.0,0.04,15.0,0.03,15.0,0.02,20.0,0.12,50.83,0.18,15.0,0.19,25.0,0.2,15.0,0.21,15.0,0.88,50.83,0.82,15.0,0.81,25.0,0.8,15.0,0.79,15.0,0.94,92.8,0.95,15.0,0.96,15.0,0.97,15.0,0.98,20.0,0.06,0.06,44.840762,1776159524000
1776159525.942,225.942,0.06,92.8,0.05,15.0,0.04,15.0,0.03,15.0,0.02,20.0,0.12,50.83,0.18,15.0,0.19,25.0,0.2,15.0,0.21,15.0,0.88,50.83,0.82,15.0,0.81,25.0,0.8,15.0,0.79,15.0,0.94,92.8,0.95,15.0,0.96,15.0,0.97,15.0,0.98,20.0,0.06,0.06,44.842206,1776159525000
1776159527.205,227.205,0.1,13.83,0.09,15.0,0.08,15.0,0.07,15.0,0.06,9.8,0.12,50.83,0.22,25.0,0.23,15.0,0.24,15.0,0.25,15.0,0.88,50.83,0.78,25.0,0.77,15.0,0.76,15.0,0.75,15.0,0.9,13.83,0.91,15.0,0.92,15.0,0.93,15.0,0.94,9.8,0.02,0.02,44.856124,1776159526000
1776159527.634,227.634,0.1,12.81,0.09,15.0,0.08,15.0,0.07,15.0,0.06,9.8,0.12,50.83,0.19,15.0,0.2,15.0,0.21,15.0,0.22,25.0,0.88,50.83,0.78,25.0,0.77,15.0,0.76,15.0,0.75,15.0,0.9,13.83,0.91,15.0,0.92,15.0,0.93,15.0,0.94,9.8,0.02,0.02,44.856124,1776159526000
1776159528.293,228.293,0.1,12.81,0.09,15.0,0.08,15.0,0.07,15.0,0.06,9.8,0.12,50.83,0.19,15.0,0.2,15.0,0.21,15.0,0.22,25.0,0.88,50.83,0.81,15.0,0.8,15.0,0.79,15.0,0.78,25.0,0.9,12.81,0.91,15.0,0.92,15.0,0.93,15.0,0.94,9.8,0.02,0.02,44.858301,1776159527000
1776159529.325,229.325,0.1,12.81,0.09,15.0,0.08,15.0,0.07,15.0,0.06,9.8,0.12,50.83,0.19,15.0,0.2,15.0,0.21,15.0,0.22,25.0,0.88,50.83,0.81,15.0,0.8,15.0,0.79,15.0,0.78,25.0,0.9,12.81,0.91,15.0,0.92,15.0,0.93,15.0,0.94,9.8,0.02,0.02,44.858792,1776159528000
1776159530.578,230.578,0.1,12.81,0.09,15.0,0.08,15.0,0.07,15.0,0.06,9.8,0.12,50.83,0.19,15.0,0.2,15.0,0.21,15.0,0.22,25.0,0.88,50.83,0.81,15.0,0.8,15.0,0.79,15.0,0.78,25.0,0.9,12.81,0.91,15.0,0.92,15.0,0.93,15.0,0.94,9.8,0.02,0.02,44.858281,1776159529000
1776159531.24,231.24,0.1,12.81,0.09,15.0,0.08,15.0,0.07,15.0,0.06,9.8,0.12,50.83,0.19,15.0,0.2,15.0,0.21,15.0,0.22,25.0,0.88,50.83,0.81,15.0,0.8,15.0,0.79,15.0,0.78,25.0,0.9,12.81,0.91,15.0,0.92,15.0,0.93,15.0,0.94,9.8,0.02,0.02,44.853736,1776159530000
1776159532.424,232.424,0.1,12.81,0.09,15.0,0.08,15.0,0.07,15.0,0.06,9.8,0.12,50.83,0.19,15.0,0.2,15.0,0.21,15.0,0.22,25.0,0.88,50.83,0.81,15.0,0.8,15.0,0.79,15.0,0.78,25.0,0.9,12.81,0.91,15.0,0.92,15.0,0.93,15.0,0.94,9.8,0.02,0.02,44.85119,1776159531000
1776159532.913,232.913,0.1,12.81,0.09,15.0,0.08,15.0,0.07,15.0,0.06,9.8,0.12,50.83,0.19,15.0,0.2,15.0,0.21,15.0,0.22,25.0,0.88,50.83,0.81,15.0,0.8,15.0,0.79,15.0,0.78,25.0,0.9,12.81,0.91,15.0,0.92,15.0,0.93,15.0,0.94,9.8,0.02,0.02,44.852096,1776159532000
1776159534.125,234.125,0.1,12.81,0.09,15.0,0.08,15.0,0.07,15.0,0.06,9.8,0.12,50.83,0.19,15.0,0.2,15.0,0.21,15.0,0.22,25.0,0.88,50.83,0.81,15.0,0.8,15.0,0.79,15.0,0.78,25.0,0.9,12.81,0.91,15.0,0.92,15.0,0.93,15.0,0.94,9.8,0.02,0.02,44.85259,1776159533000
1776159535.126,235.126,0.1,12.81,0.09,15.0,0.08,15.0,0.07,15.0,0.06,9.8,0.12,50.83,0.19,15.0,0.2,15.0,0.21,15.0,0.22,25.0,0.88,50.83,0.81,15.0,0.8,15.0,0.79,15.0,0.78,25.0,0.9,12.81,0.91,15.0,0.92,15.0,0.93,15.0,0.94,9.8,0.02,0.02,44.852368,1776159534000
1776159536.152,236.152,0.1,12.81,0.09,15.0,0.08,15.0,0.07,15.0,0.06,9.8,0.12,50.83,0.19,15.0,0.2,15.0,0.21,15.0,0.22,25.0,0.88,50.83,0.81,15.0,0.8,15.0,0.79,15.0,0.78,25.0,0.9,12.81,0.91,15.0,0.92,15.0,0.93,15.0,0.94,9.8,0.02,0.02,44.850725,1776159535000
1776159537.276,237.276,0.1,12.81,0.09,15.0,0.08,15.0,0.07,15.0,0.06,9.8,0.12,50.83,0.19,15.0,0.2,15.0,0.21,15.0,0.22,25.0,0.88,50.83,0.81,15.0,0.8,15.0,0.79,15.0,0.78,25.0,0.9,12.81,0.91,15.0,0.92,15.0,0.93,15.0,0.94,9.8,0.02,0.02,44.850827,1776159536000
1776159538.291,238.291,0.1,12.81,0.09,15.0,0.08,15.0,0.07,15.0,0.06,9.8,0.12,50.83,0.19,15.0,0.2,15.0,0.21,15.0,0.22,25.0,0.88,50.83,0.81,15.0,0.8,15.0,0.79,15.0,0.78,25.0,0.9,12.81,0.91,15.0,0.92,15.0,0.93,15.0,0.94,9.8,0.02,0.02,44.851202,1776159537000
1776159539.31,239.31,0.1,12.81,0.09,15.0,0.08,15.0,0.07,15.0,0.06,9.8,0.12,50.83,0.19,15.0,0.2,15.0,0.21,15.0,0.22,25.0,0.88,50.83,0.81,15.0,0.8,15.0,0.79,15.0,0.78,25.0,0.9,12.81,0.91,15.0,0.92,15.0,0.93,15.0,0.94,9.8,0.02,0.02,44.851184,1776159538000
1776159540.299,240.299,0.1,12.81,0.09,15.0,0.08,15.0,0.07,15.0,0.06,9.8,0.12,50.83,0.19,15.0,0.2,15.0,0.21,15.0,0.22,25.0,0.88,50.83,0.81,15.0,0.8,15.0,0.79,15.0,0.78,25.0,0.9,12.81,0.91,15.0,0.92,15.0,0.93,15.0,0.94,9.8,0.02,0.02,44.85591,1776159539000
1776159541.23,241.23,0.1,12.81,0.09,15.0,0.08,15.0,0.07,15.0,0.06,9.8,0.12,50.83,0.19,15.0,0.2,15.0,0.21,15.0,0.22,25.0,0.88,50.83,0.81,15.0,0.8,15.0,0.79,15.0,0.78,25.0,0.9,12.81,0.91,15.0,0.92,15.0,0.93,15.0,0.94,9.8,0.02,0.02,44.855126,1776159540000
1776159541.947,241.947,0.09,6.2,0.08,15.0,0.07,15.0,0.06,9.8,0.05,15.0,0.1,41.83,0.15,15.0,0.16,15.0,0.17,15.0,0.18,15.0,0.88,50.83,0.81,15.0,0.8,15.0,0.79,15.0,0.78,25.0,0.9,12.81,0.91,15.0,0.92,15.0,0.93,15.0,0.94,9.8,0.01,0.02,44.855126,1776159540000
1776159542.222,242.222,0.09,6.2,0.08,15.0,0.07,15.0,0.06,9.8,0.05,15.0,0.1,41.83,0.15,15.0,0.16,15.0,0.17,15.0,0.18,15.0,0.9,41.83,0.85,15.0,0.84,15.0,0.83,15.0,0.82,15.0,0.91,6.2,0.92,15.0,0.93,15.0,0.94,9.8,0.95,15.0,0.01,0.01,44.857247,1776159541000
1776159543.286,243.286,0.09,6.2,0.08,15.0,0.07,15.0,0.06,9.8,0.05,15.0,0.1,41.83,0.15,15.0,0.16,15.0,0.17,15.0,0.18,15.0,0.9,41.83,0.85,15.0,0.84,15.0,0.83,15.0,0.82,15.0,0.91,6.2,0.92,15.0,0.93,15.0,0.94,9.8,0.95,15.0,0.01,0.01,44.858701,1776159542000
1776159544.194,244.194,0.09,6.2,0.08,15.0,0.07,15.0,0.06,9.8,0.05,15.0,0.1,41.83,0.15,15.0,0.16,15.0,0.17,15.0,0.18,15.0,0.9,41.83,0.85,15.0,0.84,15.0,0.83,15.0,0.82,15.0,0.91,6.2,0.92,15.0,0.93,15.0,0.94,9.8,0.95,15.0,0.01,0.01,44.856712,1776159543000
1776159545.13,245.13,0.09,6.2,0.08,15.0,0.07,15.0,0.06,9.8,0.05,15.0,0.1,41.83,0.15,15.0,0.16,15.0,0.17,15.0,0.18,15.0,0.9,41.83,0.85,15.0,0.84,15.0,0.83,15.0,0.82,15.0,0.91,6.2,0.92,15.0,0.93,15.0,0.94,9.8,0.95,15.0,0.01,0.01,44.856594,1776159544000
1776159546.143,246.143,0.09,6.2,0.08,15.0,0.07,15.0,0.06,9.8,0.05,15.0,0.1,41.83,0.15,15.0,0.16,15.0,0.17,15.0,0.18,15.0,0.9,41.83,0.85,15.0,0.84,15.0,0.83,15.0,0.82,15.0,0.91,6.2,0.92,15.0,0.93,15.0,0.94,9.8,0.95,15.0,0.01,0.01,44.855417,1776159545000
1776159547.115,247.115,0.09,6.2,0.08,15.0,0.07,15.0,0.06,9.8,0.05,15.0,0.1,41.83,0.15,15.0,0.16,15.0,0.17,15.0,0.18,15.0,0.9,41.83,0.85,15.0,0.84,15.0,0.83,15.0,0.82,15.0,0.91,6.2,0.92,15.0,0.93,15.0,0.94,9.8,0.95,15.0,0.01,0.01,44.855034,1776159546000
1776159548.143,248.143,0.09,6.2,0.08,15.0,0.07,15.0,0.06,9.8,0.05,15.0,0.1,41.83,0.15,15.0,0.16,15.0,0.17,15.0,0.18,15.0,0.9,41.83,0.85,15.0,0.84,15.0,0.83,15.0,0.82,15.0,0.91,6.2,0.92,15.0,0.93,15.0,0.94,9.8,0.95,15.0,0.01,0.01,44.856559,1776159547000
1776159549.182,249.182,0.09,6.2,0.08,15.0,0.07,15.0,0.06,9.8,0.05,15.0,0.1,41.83,0.15,15.0,0.16,15.0,0.17,15.0,0.18,15.0,0.9,41.83,0.85,15.0,0.84,15.0,0.83,15.0,0.82,15.0,0.91,6.2,0.92,15.0,0.93,15.0,0.94,9.8,0.95,15.0,0.01,0.01,44.856559,1776159548000
1776159551.113,251.113,0.09,6.2,0.08,15.0,0.07,15.0,0.06,9.8,0.05,15.0,0.1,41.83,0.15,15.0,0.16,15.0,0.17,15.0,0.18,15.0,0.9,41.83,0.85,15.0,0.84,15.0,0.83,15.0,0.82,15.0,0.91,6.2,0.92,15.0,0.93,15.0,0.94,9.8,0.95,15.0,0.01,0.01,44.840689,1776159550000
1776159552.074,252.074,0.02,14.9,0.01,186.09,,,,,,,0.04,24.83,0.05,15.0,0.06,15.0,0.07,15.0,0.08,15.0,0.9,41.83,0.85,15.0,0.84,15.0,0.83,15.0,0.82,15.0,0.91,6.2,0.92,15.0,0.93,15.0,0.94,9.8,0.95,15.0,0.02,0.01,44.840689,1776159550000
1776159552.333,252.333,0.02,14.9,0.01,186.09,,,,,,,0.04,24.83,0.05,15.0,0.06,15.0,0.07,15.0,0.08,15.0,0.96,24.83,0.95,15.0,0.94,15.0,0.93,15.0,0.92,15.0,0.98,14.9,0.99,186.09,,,,,,,0.02,0.02,44.834674,1776159551000
1776159552.924,252.924,0.02,9.8,0.01,186.09,,,,,,,0.04,24.83,0.05,15.0,0.06,15.0,0.07,15.0,0.08,15.0,0.96,24.83,0.95,15.0,0.94,15.0,0.93,15.0,0.92,15.0,0.98,9.8,0.99,186.09,,,,,,,0.02,0.02,44.833989,1776159552000
1776159554.504,254.504,0.02,7.76,0.01,186.09,,,,,,,0.04,24.83,0.05,15.0,0.06,15.0,0.07,15.0,0.08,15.0,0.96,24.83,0.95,15.0,0.94,15.0,0.93,15.0,0.92,15.0,0.98,7.76,0.99,186.09,,,,,,,0.02,0.02,44.83206,1776159553000
1776159555.016,255.016,0.02,7.76,0.01,186.09,,,,,,,0.04,24.83,0.05,15.0,0.06,15.0,0.07,15.0,0.08,15.0,0.96,24.83,0.95,15.0,0.94,15.0,0.93,15.0,0.92,15.0,0.98,7.76,0.99,186.09,,,,,,,0.02,0.02,44.830971,1776159554000
1776159555.468,255.468,0.02,1.64,0.01,186.09,,,,,,,0.04,24.83,0.05,15.0,0.06,15.0,0.07,15.0,0.08,15.0,0.96,24.83,0.95,15.0,0.94,15.0,0.93,15.0,0.92,15.0,0.98,7.76,0.99,186.09,,,,,,,0.02,0.02,44.830971,1776159554000
1776159556.307,256.307,0.02,1.64,0.01,186.09,,,,,,,0.04,24.83,0.05,15.0,0.06,15.0,0.07,15.0,0.08,15.0,0.96,24.83,0.95,15.0,0.94,15.0,0.93,15.0,0.92,15.0,0.98,1.64,0.99,186.09,,,,,,,0.02,0.02,44.834024,1776159555000
1776159556.523,256.523,0.01,196.23,,,,,,,,,0.02,18.36,0.04,24.83,0.05,15.0,0.06,15.0,0.07,15.0,0.96,24.83,0.95,15.0,0.94,15.0,0.93,15.0,0.92,15.0,0.98,1.64,0.99,186.09,,,,,,,0.01,0.02,44.834024,1776159555000
1776159557.496,257.496,0.01,196.23,,,,,,,,,0.04,24.83,0.05,15.0,0.06,15.0,0.07,15.0,0.08,15.0,0.98,18.36,0.96,24.83,0.95,15.0,0.94,15.0,0.93,15.0,0.99,196.23,,,,,,,,,0.03,0.01,44.834024,1776159555000
1776159558.403,258.403,0.01,196.23,,,,,,,,,0.04,24.83,0.05,15.0,0.06,15.0,0.07,15.0,0.08,15.0,0.96,24.83,0.95,15.0,0.94,15.0,0.93,15.0,0.92,15.0,0.99,196.23,,,,,,,,,0.03,0.03,44.834567,1776159557000
1776159559.556,259.556,0.01,196.23,,,,,,,,,0.04,24.83,0.05,15.0,0.06,15.0,0.07,15.0,0.08,15.0,0.96,24.83,0.95,15.0,0.94,15.0,0.93,15.0,0.92,15.0,0.99,196.23,,,,,,,,,0.03,0.03,44.838093,1776159558000
1776159560.153,260.153,0.01,196.23,,,,,,,,,0.04,24.83,0.05,15.0,0.06,15.0,0.07,15.0,0.08,15.0,0.96,24.83,0.95,15.0,0.94,15.0,0.93,15.0,0.92,15.0,0.99,196.23,,,,,,,,,0.03,0.03,44.836491,1776159559000
1776159561.357,261.357,0.01,196.23,,,,,,,,,0.04,24.83,0.05,15.0,0.06,15.0,0.07,15.0,0.08,15.0,0.96,24.83,0.95,15.0,0.94,15.0,0.93,15.0,0.92,15.0,0.99,196.23,,,,,,,,,0.03,0.03,44.838824,1776159560000
1776159561.955,261.955,0.01,196.23,,,,,,,,,0.04,24.83,0.05,15.0,0.06,15.0,0.07,15.0,0.08,15.0,0.96,24.83,0.95,15.0,0.94,15.0,0.93,15.0,0.92,15.0,0.99,196.23,,,,,,,,,0.03,0.03,44.838104,1776159561000
1776159563.204,263.204,0.01,196.23,,,,,,,,,0.04,24.83,0.05,15.0,0.06,15.0,0.07,15.0,0.08,15.0,0.96,24.83,0.95,15.0,0.94,15.0,0.93,15.0,0.92,15.0,0.99,196.23,,,,,,,,,0.03,0.03,44.840367,1776159562000
1776159564.177,264.177,0.01,191.77,,,,,,,,,0.02,10.0,0.03,15.0,0.04,15.0,0.05,15.0,0.06,15.0,0.96,24.83,0.95,15.0,0.94,15.0,0.93,15.0,0.92,15.0,0.99,196.23,,,,,,,,,0.01,0.03,44.840367,1776159562000
1776159564.437,264.437,0.01,191.77,,,,,,,,,0.02,10.0,0.03,15.0,0.04,15.0,0.05,15.0,0.06,15.0,0.98,10.0,0.97,15.0,0.96,15.0,0.95,15.0,0.94,15.0,0.99,191.77,,,,,,,,,0.01,0.01,44.840759,1776159563000
1776159565.122,265.122,0.01,191.77,,,,,,,,,0.02,10.0,0.03,15.0,0.04,15.0,0.05,15.0,0.06,15.0,0.98,10.0,0.97,15.0,0.96,15.0,0.95,15.0,0.94,15.0,0.99,191.77,,,,,,,,,0.01,0.01,44.840759,1776159564000
1776159566.282,266.282,0.01,191.77,,,,,,,,,0.02,10.0,0.03,15.0,0.04,15.0,0.05,15.0,0.06,15.0,0.98,10.0,0.97,15.0,0.96,15.0,0.95,15.0,0.94,15.0,0.99,191.77,,,,,,,,,0.01,0.01,44.841543,1776159565000
1776159567.316,267.316,0.01,191.77,,,,,,,,,0.02,10.0,0.03,15.0,0.04,15.0,0.05,15.0,0.06,15.0,0.98,10.0,0.97,15.0,0.96,15.0,0.95,15.0,0.94,15.0,0.99,191.77,,,,,,,,,0.01,0.01,44.841682,1776159566000
1776159568.289,268.289,0.01,191.77,,,,,,,,,0.02,10.0,0.03,15.0,0.04,15.0,0.05,15.0,0.06,15.0,0.98,10.0,0.97,15.0,0.96,15.0,0.95,15.0,0.94,15.0,0.99,191.77,,,,,,,,,0.01,0.01,44.841672,1776159567000
1776159569.403,269.403,0.01,191.77,,,,,,,,,0.02,10.0,0.03,15.0,0.04,15.0,0.05,15.0,0.06,15.0,0.98,10.0,0.97,15.0,0.96,15.0,0.95,15.0,0.94,15.0,0.99,191.77,,,,,,,,,0.01,0.01,44.841619,1776159568000
1776159570.417,270.417,0.01,191.77,,,,,,,,,0.02,10.0,0.03,15.0,0.04,15.0,0.05,15.0,0.06,15.0,0.98,10.0,0.97,15.0,0.96,15.0,0.95,15.0,0.94,15.0,0.99,191.77,,,,,,,,,0.01,0.01,44.841432,1776159569000
1776159570.735,270.735,0.01,156.57,,,,,,,,,0.02,25.0,0.03,15.0,0.04,15.0,0.05,15.0,0.06,15.0,0.98,25.0,0.97,15.0,0.96,15.0,0.95,15.0,0.94,15.0,0.99,161.62,,,,,,,,,0.01,0.01,44.841432,1776159569000
1776159571.01,271.01,0.01,149.49,,,,,,,,,0.02,25.0,0.03,15.0,0.04,15.0,0.05,15.0,0.06,15.0,0.98,25.0,0.97,15.0,0.96,15.0,0.95,15.0,0.94,15.0,0.99,151.52,,,,,,,,,0.01,0.01,44.841432,1776159569000
1776159571.674,271.674,0.01,129.49,,,,,,,,,0.02,25.0,0.03,15.0,0.04,15.0,0.05,15.0,0.06,15.0,0.98,25.0,0.97,15.0,0.96,15.0,0.95,15.0,0.94,15.0,0.99,149.49,,,,,,,,,0.01,0.01,44.841432,1776159570000
1776159572.428,272.428,0.01,124.49,,,,,,,,,0.02,25.0,0.03,15.0,0.04,15.0,0.05,15.0,0.06,15.0,0.98,25.0,0.97,15.0,0.96,15.0,0.95,15.0,0.94,15.0,0.99,124.49,,,,,,,,,0.01,0.01,44.841415,1776159571000
1776159572.677,272.677,0.01,138.47,,,,,,,,,0.02,25.0,0.03,15.0,0.04,15.0,0.05,15.0,0.06,15.0,0.98,25.0,0.97,15.0,0.96,15.0,0.95,15.0,0.94,15.0,0.99,124.49,,,,,,,,,0.01,0.01,44.841415,1776159571000
1776159573.111,273.111,0.01,128.47,,,,,,,,,0.02,25.0,0.03,15.0,0.04,15.0,0.05,15.0,0.06,15.0,0.98,25.0,0.97,15.0,0.96,15.0,0.95,15.0,0.94,15.0,0.99,138.47,,,,,,,,,0.01,0.01,44.841415,1776159571000
1776159574.101,274.101,0.01,128.47,,,,,,,,,0.02,25.0,0.03,15.0,0.04,15.0,0.05,15.0,0.06,15.0,0.98,25.0,0.97,15.0,0.96,15.0,0.95,15.0,0.94,15.0,0.99,128.47,,,,,,,,,0.01,0.01,44.842088,1776159573000
1776159575.078,275.078,0.01,128.47,,,,,,,,,0.02,25.0,0.03,15.0,0.04,15.0,0.05,15.0,0.06,15.0,0.98,25.0,0.97,15.0,0.96,15.0,0.95,15.0,0.94,15.0,0.99,128.47,,,,,,,,,0.01,0.01,44.847138,1776159574000
1776159576.159,276.159,0.01,128.47,,,,,,,,,0.02,25.0,0.03,15.0,0.04,15.0,0.05,15.0,0.06,15.0,0.98,25.0,0.97,15.0,0.96,15.0,0.95,15.0,0.94,15.0,0.99,128.47,,,,,,,,,0.01,0.01,44.849951,1776159575000
1776159577.525,277.525,0.01,103.47,,,,,,,,,0.02,10.0,0.11,5.0,0.13,10.0,0.7,100.0,0.98,10.0,0.98,10.0,0.89,5.0,0.87,10.0,0.3,100.0,0.02,10.0,0.99,103.47,,,,,,,,,0.01,0.01,44.854112,1776159576000
1776159578.092,278.092,0.01,103.47,,,,,,,,,0.02,10.0,0.11,5.0,0.13,10.0,0.7,100.0,0.98,10.0,0.98,10.0,0.89,5.0,0.87,10.0,0.3,100.0,0.02,10.0,0.99,103.47,,,,,,,,,0.01,0.01,44.858245,1776159577000
1776159578.559,278.559,0.01,95.26,,,,,,,,,0.02,10.0,0.11,5.0,0.12,10.0,0.7,100.0,0.98,5.0,0.98,10.0,0.89,5.0,0.87,10.0,0.3,100.0,0.02,10.0,0.99,103.47,,,,,,,,,0.01,0.01,44.858245,1776159577000
1776159579.054,279.054,0.01,95.26,,,,,,,,,0.02,10.0,0.11,5.0,0.12,10.0,0.7,100.0,0.98,5.0,0.98,10.0,0.89,5.0,0.88,10.0,0.3,100.0,0.02,5.0,0.99,95.26,,,,,,,,,0.01,0.01,44.858863,1776159578000
1776159579.877,279.877,0.01,65.26,,,,,,,,,0.02,10.0,0.1,10.0,0.11,5.0,0.7,100.0,0.98,5.0,0.98,10.0,0.89,5.0,0.88,10.0,0.3,100.0,0.02,5.0,0.99,95.26,,,,,,,,,0.01,0.01,44.858863,1776159578000
1776159580.786,280.786,0.01,65.26,,,,,,,,,0.02,10.0,0.1,10.0,0.11,5.0,0.7,100.0,0.98,5.0,0.98,10.0,0.9,10.0,0.89,5.0,0.3,100.0,0.02,5.0,0.99,65.26,,,,,,,,,0.01,0.01,44.859469,1776159579000
1776159581.467,281.467,0.01,65.26,,,,,,,,,0.02,10.0,0.1,10.0,0.11,5.0,0.7,100.0,0.98,5.0,0.98,10.0,0.9,10.0,0.89,5.0,0.3,100.0,0.02,5.0,0.99,65.26,,,,,,,,,0.01,0.01,44.859759,1776159580000
1776159582.1,282.1,0.01,65.26,,,,,,,,,0.02,10.0,0.1,10.0,0.11,5.0,0.7,100.0,0.98,5.0,0.98,10.0,0.9,10.0,0.89,5.0,0.3,100.0,0.02,5.0,0.99,65.26,,,,,,,,,0.01,0.01,44.857489,1776159581000
1776159583.724,283.724,0.01,65.26,,,,,,,,,0.02,10.0,0.1,10.0,0.11,5.0,0.7,100.0,0.98,5.0,0.98,10.0,0.9,10.0,0.89,5.0,0.3,100.0,0.02,5.0,0.99,65.26,,,,,,,,,0.01,0.01,44.855579,1776159582000
1776159584.423,284.423,0.01,65.26,,,,,,,,,0.02,10.0,0.1,10.0,0.11,5.0,0.7,100.0,0.98,5.0,0.98,10.0,0.9,10.0,0.89,5.0,0.3,100.0,0.02,5.0,0.99,65.26,,,,,,,,,0.01,0.01,44.857464,1776159583000
1776159585.071,285.071,0.01,65.26,,,,,,,,,0.02,10.0,0.1,10.0,0.11,5.0,0.7,100.0,0.98,5.0,0.98,10.0,0.9,10.0,0.89,5.0,0.3,100.0,0.02,5.0,0.99,65.26,,,,,,,,,0.01,0.01,44.856734,1776159584000
1776159585.409,285.409,,,,,,,,,,,0.01,934.74,0.02,29.0,0.1,10.0,0.11,5.0,0.7,100.0,0.98,10.0,0.9,10.0,0.89,5.0,0.3,100.0,0.02,5.0,0.99,65.26,,,,,,,,,,0.01,44.856734,1776159584000
1776159586.443,286.443,,,,,,,,,,,0.01,934.74,0.02,29.0,0.1,10.0,0.11,5.0,0.7,100.0,0.99,934.74,0.98,29.0,0.9,10.0,0.89,5.0,0.3,100.0,,,,,,,,,,,,,44.855356,1776159585000
1776159587.004,287.004,,,,,,,,,,,0.01,934.74,0.02,29.0,0.1,10.0,0.11,5.0,0.7,100.0,0.99,934.74,0.98,29.0,0.9,10.0,0.89,5.0,0.3,100.0,,,,,,,,,,,,,44.852525,1776159586000
1776159588.43,288.43,,,,,,,,,,,0.01,934.74,0.02,29.0,0.1,10.0,0.11,5.0,0.7,100.0,0.99,934.74,0.98,29.0,0.9,10.0,0.89,5.0,0.3,100.0,,,,,,,,,,,,,44.841328,1776159587000
1776159589.027,289.027,,,,,,,,,,,0.01,934.74,0.02,29.0,0.1,10.0,0.11,5.0,0.7,100.0,0.99,934.74,0.98,29.0,0.9,10.0,0.89,5.0,0.3,100.0,,,,,,,,,,,,,44.841328,1776159588000
1776159590.52,290.52,,,,,,,,,,,0.01,934.74,0.02,29.0,0.1,10.0,0.11,5.0,0.7,100.0,0.99,934.74,0.98,29.0,0.9,10.0,0.89,5.0,0.3,100.0,,,,,,,,,,,,,44.840658,1776159589000
1776159591.285,291.285,,,,,,,,,,,0.01,934.74,0.02,29.0,0.1,10.0,0.11,5.0,0.7,100.0,0.99,934.74,0.98,29.0,0.9,10.0,0.89,5.0,0.3,100.0,,,,,,,,,,,,,44.840336,1776159590000
1776159592.829,292.829,,,,,,,,,,,0.01,934.74,0.02,29.0,0.1,10.0,0.11,5.0,0.7,100.0,0.99,934.74,0.98,29.0,0.9,10.0,0.89,5.0,0.3,100.0,,,,,,,,,,,,,44.847082,1776159591000
1776159593.577,293.577,,,,,,,,,,,0.01,934.74,0.02,29.0,0.1,10.0,0.11,5.0,0.7,100.0,0.99,934.74,0.98,29.0,0.9,10.0,0.89,5.0,0.3,100.0,,,,,,,,,,,,,44.864818,1776159592000
1776159594.361,294.361,,,,,,,,,,,0.01,934.74,0.02,29.0,0.1,10.0,0.11,5.0,0.7,100.0,0.99,934.74,0.98,29.0,0.9,10.0,0.89,5.0,0.3,100.0,,,,,,,,,,,,,44.885406,1776159593000
1776159595.842,295.842,,,,,,,,,,,0.01,934.74,0.02,29.0,0.1,10.0,0.11,5.0,0.7,100.0,0.99,934.74,0.98,29.0,0.9,10.0,0.89,5.0,0.3,100.0,,,,,,,,,,,,,44.890385,1776159594000
1776159596.561,296.561,,,,,,,,,,,0.01,934.74,0.02,29.0,0.1,10.0,0.11,5.0,0.7,100.0,0.99,934.74,0.98,29.0,0.9,10.0,0.89,5.0,0.3,100.0,,,,,,,,,,,,,44.897472,1776159595000
1776159597.537,297.537,,,,,,,,,,,0.01,934.74,0.02,29.0,0.1,10.0,0.11,5.0,0.7,100.0,0.99,934.74,0.98,29.0,0.9,10.0,0.89,5.0,0.3,100.0,,,,,,,,,,,,,44.89742,1776159596000
1776159598.474,298.474,,,,,,,,,,,0.01,934.74,0.02,29.0,0.1,10.0,0.11,5.0,0.7,100.0,0.99,934.74,0.98,29.0,0.9,10.0,0.89,5.0,0.3,100.0,,,,,,,,,,,,,44.893724,1776159597000
1776159599.418,299.418,,,,,,,,,,,0.01,934.74,0.02,29.0,0.1,10.0,0.11,5.0,0.7,100.0,0.99,934.74,0.98,29.0,0.9,10.0,0.89,5.0,0.3,100.0,,,,,,,,,,,,,44.881359,1776159598000
1776159599.988,299.988,,,,,,,,,,,0.01,934.74,0.02,29.0,0.1,10.0,0.11,5.0,0.7,100.0,0.99,934.74,0.98,29.0,0.9,10.0,0.89,5.0,0.3,100.0,,,,,,,,,,,,,44.87732,1776159599000
1776159601.223,301.223,,,,,,,,,,,0.01,934.74,0.02,29.0,0.1,10.0,0.11,5.0,0.7,100.0,0.99,934.74,0.98,29.0,0.9,10.0,0.89,5.0,0.3,100.0,,,,,,,,,,,,,44.86263,1776159600000
1776159602.089,302.089,,,,,,,,,,,0.01,934.74,0.02,29.0,0.1,10.0,0.11,5.0,0.7,100.0,0.99,934.74,0.98,29.0,0.9,10.0,0.89,5.0,0.3,100.0,,,,,,,,,,,,,44.857239,1776159601000

# RESULT,winner=Down,slug=hype-updown-5m-1776159300,ticks=330
