timestamp,elapsed_sec,up_bid_p1,up_bid_s1,up_bid_p2,up_bid_s2,up_ask_p1,up_ask_s1,up_ask_p2,up_ask_s2,down_bid_p1,down_bid_s1,down_bid_p2,down_bid_s2,down_ask_p1,down_ask_s1,down_ask_p2,down_ask_s2,up_spread,down_spread,hype_price,hype_oracle_ts
1776387301.348,1.348,0.5,8.0,0.41,5.0,0.59,5.0,0.6,65.0,0.41,5.0,0.4,65.0,0.5,8.0,0.59,5.0,0.09,0.09,44.066476,1776387300000
1776387302.29,2.29,0.5,8.0,0.41,5.0,0.59,5.0,0.6,65.0,0.41,5.0,0.4,65.0,0.5,8.0,0.59,5.0,0.09,0.09,44.064817,1776387301000
1776387303.347,3.347,0.5,8.0,0.41,5.0,0.59,5.0,0.6,65.0,0.41,5.0,0.4,65.0,0.5,8.0,0.59,5.0,0.09,0.09,44.060627,1776387302000
1776387304.533,4.533,0.5,8.0,0.41,5.0,0.59,5.0,0.6,65.0,0.41,5.0,0.4,65.0,0.5,8.0,0.59,5.0,0.09,0.09,44.060315,1776387303000
1776387305.028,5.028,0.5,8.0,0.41,5.0,0.59,5.0,0.6,65.0,0.41,5.0,0.4,65.0,0.5,8.0,0.59,5.0,0.09,0.09,44.058846,1776387304000
1776387306.866,6.866,0.5,8.0,0.41,5.0,0.59,5.0,0.6,65.0,0.41,5.0,0.4,65.0,0.5,8.0,0.59,5.0,0.09,0.09,44.05835,1776387305000
1776387307.763,7.763,0.5,8.0,0.41,5.0,0.59,5.0,0.6,65.0,0.41,5.0,0.4,65.0,0.5,8.0,0.59,5.0,0.09,0.09,44.058342,1776387306000
1776387308.467,8.467,0.5,8.0,0.41,5.0,0.59,5.0,0.6,65.0,0.41,5.0,0.4,65.0,0.5,8.0,0.59,5.0,0.09,0.09,44.057497,1776387307000
1776387309.129,9.129,0.5,8.0,0.41,5.0,0.59,5.0,0.6,65.0,0.41,5.0,0.4,65.0,0.5,8.0,0.59,5.0,0.09,0.09,44.05695,1776387308000
1776387310.577,10.577,0.5,8.0,0.41,5.0,0.59,5.0,0.6,65.0,0.41,5.0,0.4,65.0,0.5,8.0,0.59,5.0,0.09,0.09,44.056911,1776387309000
1776387312.991,12.991,0.5,4.0,0.4,5.0,0.51,106.0,0.52,19.0,0.41,5.0,0.4,65.0,0.5,8.0,0.59,5.0,0.01,0.09,44.056919,1776387311000
1776387313.377,13.377,0.4,5.0,0.39,5.0,0.42,2.14,0.43,5.0,0.5,11.0,0.49,106.0,0.6,5.0,0.61,5.0,0.02,0.1,44.056919,1776387311000
1776387319.406,19.406,0.41,5.0,0.4,5.0,0.44,5.0,0.45,5.0,0.58,2.14,0.57,5.0,0.6,5.0,0.61,5.0,0.03,0.02,44.048926,1776387318000
1776387326.631,26.631,0.4,5.0,0.39,5.0,0.43,5.0,0.44,5.0,0.56,5.0,0.55,5.0,0.59,5.0,0.6,5.0,0.03,0.03,44.045219,1776387325000
1776387333.4,33.4,0.3,5.0,0.29,5.0,0.32,39.0,0.33,5.0,0.57,5.0,0.56,5.0,0.6,5.0,0.61,5.0,0.02,0.03,44.032733,1776387332000
1776387341.437,41.437,0.27,3.63,0.26,5.0,0.28,5.0,0.29,5.0,0.68,39.0,0.67,5.0,0.7,5.0,0.71,5.0,0.01,0.02,44.031595,1776387340000
1776387344.404,44.404,0.27,0.82,0.26,5.0,0.29,5.0,0.3,5.0,0.72,5.0,0.71,5.0,0.73,3.63,0.74,5.0,0.02,0.01,44.028785,1776387343000
1776387369.481,69.481,0.18,5.0,0.17,20.0,0.2,5.0,0.21,5.0,0.71,5.0,0.7,5.0,0.73,0.82,0.74,5.0,0.02,0.02,44.020317,1776387368000
1776387372.219,72.219,0.16,10.37,0.15,20.0,0.19,5.0,0.2,5.0,0.8,5.0,0.79,5.0,0.82,5.0,0.83,20.0,0.03,0.02,44.017473,1776387371000
1776387377.121,77.121,0.17,20.0,0.16,10.37,0.2,5.0,0.21,5.0,0.81,5.0,0.8,5.0,0.84,10.37,0.85,20.0,0.03,0.03,44.01732,1776387376000
1776387378.447,78.447,0.17,8.27,0.16,5.37,0.18,5.0,0.19,5.0,0.8,5.0,0.79,5.0,0.83,20.0,0.84,10.37,0.01,0.03,44.017373,1776387377000
1776387391.451,91.451,0.22,13.0,0.21,20.0,0.23,5.0,0.24,5.0,0.82,5.0,0.81,5.0,0.83,8.27,0.84,5.37,0.01,0.01,44.029051,1776387390000
1776387393.567,93.567,0.22,5.79,0.21,15.0,0.23,5.0,0.24,5.0,0.77,5.0,0.76,5.0,0.78,13.0,0.79,20.0,0.01,0.01,44.030396,1776387392000
1776387454.502,154.502,0.1,25.0,0.09,31.0,0.12,5.0,0.13,5.0,0.77,5.0,0.76,5.0,0.78,5.79,0.79,15.0,0.02,0.01,44.021209,1776387453000
1776387467.907,167.907,0.12,14.94,0.11,20.0,0.13,5.0,0.14,5.0,0.88,5.0,0.87,5.0,0.9,25.0,0.91,31.0,0.01,0.02,44.020489,1776387466000
1776387494.536,194.536,0.13,15.0,0.12,15.0,0.15,5.0,0.16,5.0,0.87,5.0,0.86,5.0,0.88,14.94,0.89,20.0,0.02,0.01,44.041104,1776387493000
1776387497.969,197.969,0.13,15.0,0.12,15.0,0.14,3.66,0.15,5.0,0.85,5.0,0.84,5.0,0.87,15.0,0.88,15.0,0.01,0.02,44.030434,1776387496000
1776387512.609,212.609,0.1,8.0,0.09,11.0,0.11,43.0,0.12,20.0,0.86,3.66,0.85,5.0,0.87,15.0,0.88,15.0,0.01,0.01,44.020432,1776387511000
1776387522.524,222.524,0.07,9.0,0.06,31.0,0.11,43.0,0.12,20.0,0.89,43.0,0.88,20.0,0.9,8.0,0.91,11.0,0.04,0.01,44.016741,1776387521000
1776387526.944,226.944,0.07,9.55,0.06,16.0,0.08,28.0,0.09,20.0,0.89,43.0,0.88,20.0,0.93,9.0,0.94,31.0,0.01,0.04,44.017319,1776387526000
1776387527.639,227.639,0.07,0.84,0.06,16.0,0.08,28.0,0.09,20.0,0.92,28.0,0.91,20.0,0.93,9.55,0.94,16.0,0.01,0.01,44.017319,1776387526000
1776387528.755,228.755,0.06,10.25,0.05,20.0,0.07,5.0,0.08,28.0,0.92,28.0,0.91,20.0,0.93,0.84,0.94,16.0,0.01,0.01,44.017439,1776387527000
1776387534.638,234.638,0.06,5.13,0.05,35.0,0.07,5.0,0.08,28.0,0.93,5.0,0.92,28.0,0.94,10.25,0.95,20.0,0.01,0.01,44.01758,1776387533000
1776387536.472,236.472,0.05,20.0,0.04,40.0,0.07,5.0,0.08,43.0,0.93,5.0,0.92,28.0,0.94,5.13,0.95,35.0,0.02,0.01,44.017833,1776387535000
1776387541.596,241.596,0.04,25.0,0.03,67.0,0.06,66.0,0.07,20.0,0.93,5.0,0.92,43.0,0.95,20.0,0.96,40.0,0.02,0.02,44.00969,1776387540000
1776387542.279,242.279,0.04,20.0,0.03,67.0,0.05,20.0,0.06,66.0,0.94,66.0,0.93,20.0,0.96,25.0,0.97,67.0,0.01,0.02,44.00969,1776387540000
1776387542.544,242.544,0.04,14.0,0.03,67.0,0.05,5.0,0.06,51.0,0.95,20.0,0.94,66.0,0.96,20.0,0.97,67.0,0.01,0.01,44.00873,1776387541000
1776387543.424,243.424,0.04,3.5,0.03,82.0,0.05,5.0,0.06,51.0,0.95,5.0,0.94,51.0,0.96,14.0,0.97,67.0,0.01,0.01,44.008664,1776387542000
1776387544.811,244.811,0.03,66.69,0.02,80.0,0.04,5.0,0.05,5.0,0.95,5.0,0.94,51.0,0.96,3.5,0.97,82.0,0.01,0.01,44.009778,1776387543000
1776387555.524,255.524,0.03,49.63,0.02,65.0,0.04,41.0,0.05,20.0,0.96,5.0,0.95,5.0,0.97,66.69,0.98,80.0,0.01,0.01,44.012247,1776387553000
1776387558.056,258.056,0.03,48.59,0.02,65.0,0.04,41.0,0.05,20.0,0.96,41.0,0.95,20.0,0.97,49.63,0.98,65.0,0.01,0.01,44.01283,1776387556000
1776387559.539,259.539,0.03,24.3,0.02,65.0,0.04,41.0,0.05,20.0,0.96,41.0,0.95,20.0,0.97,48.59,0.98,65.0,0.01,0.01,44.012751,1776387558000
1776387560.58,260.58,0.03,18.12,0.02,65.0,0.04,41.0,0.05,20.0,0.96,41.0,0.95,20.0,0.97,24.3,0.98,65.0,0.01,0.01,44.012751,1776387558000
1776387561.405,261.405,0.03,9.06,0.02,65.0,0.04,41.0,0.05,20.0,0.96,41.0,0.95,20.0,0.97,18.12,0.98,65.0,0.01,0.01,44.012934,1776387560000
1776387563.511,263.511,0.02,65.0,0.01,190.0,0.04,41.0,0.05,20.0,0.96,41.0,0.95,20.0,0.97,9.06,0.98,65.0,0.02,0.01,44.011697,1776387562000
1776387563.882,263.882,0.02,55.85,0.01,190.0,0.03,20.0,0.04,41.0,0.96,41.0,0.95,20.0,0.98,65.0,0.99,190.0,0.01,0.02,44.011697,1776387562000
1776387565.964,265.964,0.02,50.7,0.01,190.0,0.03,20.0,0.04,41.0,0.97,20.0,0.96,41.0,0.98,55.85,0.99,190.0,0.01,0.01,44.011727,1776387564000
1776387569.062,269.062,0.02,35.32,0.01,190.0,0.03,20.0,0.04,41.0,0.97,20.0,0.96,41.0,0.98,50.7,0.99,190.0,0.01,0.01,44.010944,1776387567000
1776387569.737,269.737,0.02,34.29,0.01,190.0,0.03,20.0,0.04,41.0,0.97,20.0,0.96,41.0,0.98,35.32,0.99,190.0,0.01,0.01,44.010548,1776387568000
1776387569.956,269.956,0.02,30.17,0.01,190.0,0.03,20.0,0.04,41.0,0.97,20.0,0.96,41.0,0.98,30.17,0.99,190.0,0.01,0.01,44.010548,1776387568000
1776387570.522,270.522,0.02,23.06,0.01,190.0,0.03,20.0,0.04,41.0,0.97,20.0,0.96,41.0,0.98,28.11,0.99,190.0,0.01,0.01,44.01017,1776387569000
1776387571.131,271.131,0.02,21.01,0.01,190.0,0.03,20.0,0.04,41.0,0.97,20.0,0.96,41.0,0.98,23.06,0.99,190.0,0.01,0.01,44.010142,1776387570000
1776387571.61,271.61,0.02,19.98,0.01,190.0,0.03,20.0,0.04,41.0,0.97,20.0,0.96,41.0,0.98,21.01,0.99,190.0,0.01,0.01,44.010142,1776387570000
1776387573.348,273.348,0.02,13.82,0.01,190.0,0.03,20.0,0.04,41.0,0.97,20.0,0.96,41.0,0.98,18.87,0.99,190.0,0.01,0.01,44.006506,1776387572000
1776387573.566,273.566,0.02,0.55,0.01,190.0,0.03,20.0,0.04,41.0,0.97,20.0,0.96,41.0,0.98,1.58,0.99,190.0,0.01,0.01,44.006506,1776387572000
1776387574.216,274.216,0.01,189.53,,,0.03,20.0,0.04,41.0,0.97,20.0,0.96,41.0,0.98,0.55,0.99,190.0,0.02,0.01,44.006506,1776387572000
1776387576.531,276.531,0.01,159.53,,,0.02,5.0,0.03,5.0,0.97,20.0,0.96,41.0,0.99,189.53,,,0.01,0.02,44.006916,1776387575000
1776387577.036,277.036,0.01,139.53,,,0.02,5.0,0.03,5.0,0.98,5.0,0.97,5.0,0.99,159.53,,,0.01,0.01,44.006916,1776387575000
1776387577.372,277.372,0.01,119.32,,,0.02,5.0,0.03,5.0,0.98,5.0,0.97,5.0,0.99,139.53,,,0.01,0.01,44.007059,1776387576000
1776387579.042,279.042,0.01,119.66,,,0.02,5.0,0.03,5.0,0.98,5.0,0.97,5.0,0.99,119.32,,,0.01,0.01,44.006581,1776387578000
1776387579.463,279.463,0.01,109.55,,,0.02,5.0,0.03,5.0,0.98,5.0,0.97,5.0,0.99,119.66,,,0.01,0.01,44.006581,1776387578000
1776387579.855,279.855,0.01,59.55,,,0.02,5.0,0.03,5.0,0.98,5.0,0.97,5.0,0.99,79.55,,,0.01,0.01,44.006581,1776387578000
1776387583.049,283.049,0.01,29.34,,,0.02,5.0,0.03,5.0,0.98,5.0,0.97,5.0,0.99,59.55,,,0.01,0.01,44.006828,1776387582000
1776387585.48,285.48,0.01,24.34,,,0.02,5.0,0.03,5.0,0.98,5.0,0.97,5.0,0.99,29.34,,,0.01,0.01,44.006925,1776387584000
1776387587.112,287.112,0.01,14.23,,,0.02,5.0,0.03,5.0,0.98,5.0,0.97,5.0,0.99,24.34,,,0.01,0.01,44.007616,1776387586000
1776387588.212,288.212,,,,,0.02,5.0,0.03,5.0,0.98,5.0,0.97,5.0,0.99,14.23,,,,0.01,44.007616,1776387586000

# RESULT,winner=Down,slug=hype-updown-5m-1776387300,ticks=66
