timestamp,elapsed_sec,up_bid_p1,up_bid_s1,up_bid_p2,up_bid_s2,up_ask_p1,up_ask_s1,up_ask_p2,up_ask_s2,down_bid_p1,down_bid_s1,down_bid_p2,down_bid_s2,down_ask_p1,down_ask_s1,down_ask_p2,down_ask_s2,up_spread,down_spread,hype_price,hype_oracle_ts
1776191701.737,1.737,,,,,,,,,,,,,,,,,,,43.4072,1776191700000
1776191702.372,2.372,0.43,11.0,0.11,100.0,0.64,13.0,0.65,6.26,0.36,13.0,0.35,6.26,0.57,11.0,0.89,100.0,0.21,0.21,43.4072,1776191700000
1776191703.144,3.144,0.43,11.0,0.11,100.0,0.64,13.0,0.65,6.26,0.36,13.0,0.35,6.26,0.57,11.0,0.89,100.0,0.21,0.21,43.400456,1776191702000
1776191704.856,4.856,0.43,11.0,0.11,100.0,0.64,13.0,0.65,6.26,0.36,13.0,0.35,6.26,0.57,11.0,0.89,100.0,0.21,0.21,43.4009,1776191703000
1776191705.486,5.486,0.43,11.0,0.11,100.0,0.64,13.0,0.65,6.26,0.36,13.0,0.35,6.26,0.57,11.0,0.89,100.0,0.21,0.21,43.4009,1776191704000
1776191706.28,6.28,0.43,11.0,0.11,100.0,0.64,13.0,0.65,6.26,0.36,13.0,0.35,6.26,0.57,11.0,0.89,100.0,0.21,0.21,43.3995,1776191705000
1776191707.74,7.74,0.43,11.0,0.11,100.0,0.64,13.0,0.65,6.26,0.36,13.0,0.35,6.26,0.57,11.0,0.89,100.0,0.21,0.21,43.398774,1776191706000
1776191708.489,8.489,0.43,11.0,0.11,100.0,0.64,13.0,0.65,6.26,0.36,13.0,0.35,6.26,0.57,11.0,0.89,100.0,0.21,0.21,43.398774,1776191707000
1776191709.25,9.25,0.43,11.0,0.11,100.0,0.64,13.0,0.65,6.26,0.36,13.0,0.35,6.26,0.57,11.0,0.89,100.0,0.21,0.21,43.3971,1776191708000
1776191710.798,10.798,0.43,11.0,0.11,100.0,0.64,13.0,0.65,6.26,0.36,13.0,0.35,6.26,0.57,11.0,0.89,100.0,0.21,0.21,43.397714,1776191709000
1776191711.41,11.41,0.61,5.0,0.6,15.0,0.69,15.26,0.77,10.0,0.36,13.0,0.35,6.26,0.57,11.0,0.89,100.0,0.08,0.21,43.397714,1776191709000
1776191712.19,12.19,0.61,5.0,0.6,15.0,0.69,15.26,0.77,10.0,0.31,15.26,0.23,10.0,0.39,5.0,0.4,15.0,0.08,0.08,43.416795,1776191711000
1776191713.827,13.827,0.61,5.0,0.6,15.0,0.69,15.26,0.77,10.0,0.31,15.26,0.23,10.0,0.39,5.0,0.4,15.0,0.08,0.08,43.425237,1776191712000
1776191714.552,14.552,0.61,5.0,0.6,15.0,0.69,15.26,0.77,10.0,0.31,15.26,0.23,10.0,0.39,5.0,0.4,15.0,0.08,0.08,43.425766,1776191713000
1776191715.286,15.286,0.61,5.0,0.6,15.0,0.69,15.26,0.77,10.0,0.31,15.26,0.23,10.0,0.39,5.0,0.4,15.0,0.08,0.08,43.425962,1776191714000
1776191715.973,15.973,0.6,13.0,0.59,5.0,0.73,18.0,0.77,10.0,0.31,15.26,0.23,10.0,0.39,5.0,0.4,15.0,0.13,0.08,43.425962,1776191714000
1776191717.12,17.12,0.6,13.0,0.59,5.0,0.73,18.0,0.77,10.0,0.27,18.0,0.23,10.0,0.4,13.0,0.41,5.0,0.13,0.13,43.4274,1776191716000
1776191719.743,19.743,0.6,13.0,0.59,5.0,0.73,18.0,0.77,10.0,0.27,18.0,0.23,10.0,0.4,13.0,0.41,5.0,0.13,0.13,43.4275,1776191717000
1776191720.355,20.355,0.6,13.0,0.59,5.0,0.73,18.0,0.77,10.0,0.27,18.0,0.23,10.0,0.4,13.0,0.41,5.0,0.13,0.13,43.428399,1776191719000
1776191721.351,21.351,0.6,13.0,0.59,5.0,0.73,18.0,0.77,10.0,0.27,18.0,0.23,10.0,0.4,13.0,0.41,5.0,0.13,0.13,43.4279,1776191720000
1776191721.878,21.878,0.6,13.0,0.59,5.0,0.73,18.0,0.77,10.0,0.27,18.0,0.23,10.0,0.4,13.0,0.41,5.0,0.13,0.13,43.428,1776191721000
1776191723.601,23.601,0.6,13.0,0.59,5.0,0.73,18.0,0.77,10.0,0.27,18.0,0.23,10.0,0.4,13.0,0.41,5.0,0.13,0.13,43.4279,1776191722000
1776191724.031,24.031,0.6,13.0,0.59,5.0,0.73,18.0,0.77,10.0,0.27,18.0,0.23,10.0,0.4,13.0,0.41,5.0,0.13,0.13,43.4292,1776191723000
1776191725.157,25.157,0.6,13.0,0.59,5.0,0.73,18.0,0.77,10.0,0.27,18.0,0.23,10.0,0.4,13.0,0.41,5.0,0.13,0.13,43.4303,1776191724000
1776191726.224,26.224,0.6,13.0,0.59,5.0,0.73,18.0,0.77,10.0,0.27,18.0,0.23,10.0,0.4,13.0,0.41,5.0,0.13,0.13,43.4309,1776191725000
1776191727.279,27.279,0.6,13.0,0.59,5.0,0.73,18.0,0.77,10.0,0.27,18.0,0.23,10.0,0.4,13.0,0.41,5.0,0.13,0.13,43.432062,1776191726000
1776191728.311,28.311,0.6,13.0,0.59,5.0,0.73,18.0,0.77,10.0,0.27,18.0,0.23,10.0,0.4,13.0,0.41,5.0,0.13,0.13,43.4337,1776191727000
1776191728.883,28.883,0.6,13.0,0.59,5.0,0.73,18.0,0.77,10.0,0.27,18.0,0.23,10.0,0.4,13.0,0.41,5.0,0.13,0.13,43.436606,1776191728000
1776191729.928,29.928,0.6,13.0,0.59,5.0,0.73,18.0,0.77,10.0,0.27,18.0,0.23,10.0,0.4,13.0,0.41,5.0,0.13,0.13,43.439922,1776191729000
1776191730.969,30.969,0.6,13.0,0.59,5.0,0.73,18.0,0.77,10.0,0.27,18.0,0.23,10.0,0.4,13.0,0.41,5.0,0.13,0.13,43.4374,1776191730000
1776191732.006,32.006,0.6,13.0,0.59,5.0,0.73,18.0,0.77,10.0,0.27,18.0,0.23,10.0,0.4,13.0,0.41,5.0,0.13,0.13,43.439523,1776191731000
1776191732.95,32.95,0.6,13.0,0.59,5.0,0.73,18.0,0.77,10.0,0.27,18.0,0.23,10.0,0.4,13.0,0.41,5.0,0.13,0.13,43.439523,1776191732000
1776191734.094,34.094,0.6,13.0,0.59,5.0,0.73,18.0,0.77,10.0,0.27,18.0,0.23,10.0,0.4,13.0,0.41,5.0,0.13,0.13,43.438724,1776191733000
1776191735.099,35.099,0.6,13.0,0.59,5.0,0.73,18.0,0.77,10.0,0.27,18.0,0.23,10.0,0.4,13.0,0.41,5.0,0.13,0.13,43.437807,1776191734000
1776191736.118,36.118,0.6,13.0,0.59,5.0,0.73,18.0,0.77,10.0,0.27,18.0,0.23,10.0,0.4,13.0,0.41,5.0,0.13,0.13,43.440102,1776191735000
1776191737.212,37.212,0.6,13.0,0.59,5.0,0.73,18.0,0.77,10.0,0.27,18.0,0.23,10.0,0.4,13.0,0.41,5.0,0.13,0.13,43.4409,1776191736000
1776191738.199,38.199,0.6,13.0,0.59,5.0,0.73,18.0,0.77,10.0,0.27,18.0,0.23,10.0,0.4,13.0,0.41,5.0,0.13,0.13,43.4399,1776191737000
1776191739.335,39.335,0.6,13.0,0.59,5.0,0.73,18.0,0.77,10.0,0.27,18.0,0.23,10.0,0.4,13.0,0.41,5.0,0.13,0.13,43.439591,1776191738000
1776191740.258,40.258,0.6,13.0,0.59,5.0,0.73,18.0,0.77,10.0,0.27,18.0,0.23,10.0,0.4,13.0,0.41,5.0,0.13,0.13,43.4318,1776191739000
1776191741.356,41.356,0.6,13.0,0.59,5.0,0.73,18.0,0.77,10.0,0.27,18.0,0.23,10.0,0.4,13.0,0.41,5.0,0.13,0.13,43.4272,1776191740000
1776191742.463,42.463,0.6,13.0,0.59,5.0,0.73,18.0,0.77,10.0,0.27,18.0,0.23,10.0,0.4,13.0,0.41,5.0,0.13,0.13,43.427522,1776191741000
1776191743.046,43.046,0.6,13.0,0.59,5.0,0.73,18.0,0.77,10.0,0.27,18.0,0.23,10.0,0.4,13.0,0.41,5.0,0.13,0.13,43.427522,1776191742000
1776191744.607,44.607,0.6,13.0,0.59,5.0,0.73,18.0,0.77,10.0,0.27,18.0,0.23,10.0,0.4,13.0,0.41,5.0,0.13,0.13,43.4212,1776191743000
1776191745.32,45.32,0.6,13.0,0.59,5.0,0.73,18.0,0.77,10.0,0.27,18.0,0.23,10.0,0.4,13.0,0.41,5.0,0.13,0.13,43.4212,1776191744000
1776191746.513,46.513,0.6,13.0,0.59,5.0,0.73,18.0,0.77,10.0,0.27,18.0,0.23,10.0,0.4,13.0,0.41,5.0,0.13,0.13,43.4192,1776191745000
1776191747.129,47.129,0.6,13.0,0.59,5.0,0.73,18.0,0.77,10.0,0.27,18.0,0.23,10.0,0.4,13.0,0.41,5.0,0.13,0.13,43.417944,1776191746000
1776191748.681,48.681,0.6,13.0,0.59,5.0,0.73,18.0,0.77,10.0,0.27,18.0,0.23,10.0,0.4,13.0,0.41,5.0,0.13,0.13,43.4212,1776191747000
1776191749.375,49.375,0.6,13.0,0.59,5.0,0.73,18.0,0.77,10.0,0.27,18.0,0.23,10.0,0.4,13.0,0.41,5.0,0.13,0.13,43.422329,1776191748000
1776191750.686,50.686,0.6,13.0,0.59,5.0,0.73,18.0,0.77,10.0,0.27,18.0,0.23,10.0,0.4,13.0,0.41,5.0,0.13,0.13,43.422243,1776191749000
1776191751.431,51.431,0.6,13.0,0.59,5.0,0.73,18.0,0.77,10.0,0.27,18.0,0.23,10.0,0.4,13.0,0.41,5.0,0.13,0.13,43.420801,1776191750000
1776191752.929,52.929,0.6,13.0,0.59,5.0,0.73,18.0,0.77,10.0,0.27,18.0,0.23,10.0,0.4,13.0,0.41,5.0,0.13,0.13,43.416846,1776191751000
1776191753.486,53.486,0.6,13.0,0.59,5.0,0.73,18.0,0.77,10.0,0.27,18.0,0.23,10.0,0.4,13.0,0.41,5.0,0.13,0.13,43.404981,1776191752000
1776191754.447,54.447,0.6,13.0,0.59,5.0,0.73,18.0,0.77,10.0,0.27,18.0,0.23,10.0,0.4,13.0,0.41,5.0,0.13,0.13,43.401873,1776191753000
1776191755.701,55.701,0.6,13.0,0.59,5.0,0.73,18.0,0.77,10.0,0.27,18.0,0.23,10.0,0.4,13.0,0.41,5.0,0.13,0.13,43.4009,1776191754000
1776191756.307,56.307,0.6,13.0,0.59,5.0,0.73,18.0,0.77,10.0,0.27,18.0,0.23,10.0,0.4,13.0,0.41,5.0,0.13,0.13,43.40059,1776191755000
1776191757.822,57.822,0.6,13.0,0.59,5.0,0.73,18.0,0.77,10.0,0.27,18.0,0.23,10.0,0.4,13.0,0.41,5.0,0.13,0.13,43.3964,1776191756000
1776191758.481,58.481,0.6,13.0,0.59,5.0,0.73,18.0,0.77,10.0,0.27,18.0,0.23,10.0,0.4,13.0,0.41,5.0,0.13,0.13,43.3964,1776191757000
1776191759.233,59.233,0.6,13.0,0.59,5.0,0.73,18.0,0.77,10.0,0.27,18.0,0.23,10.0,0.4,13.0,0.41,5.0,0.13,0.13,43.3948,1776191758000
1776191760.591,60.591,0.6,13.0,0.59,5.0,0.73,18.0,0.77,10.0,0.27,18.0,0.23,10.0,0.4,13.0,0.41,5.0,0.13,0.13,43.393723,1776191759000
1776191761.326,61.326,0.6,13.0,0.59,5.0,0.73,18.0,0.77,10.0,0.27,18.0,0.23,10.0,0.4,13.0,0.41,5.0,0.13,0.13,43.393723,1776191760000
1776191762.508,62.508,0.6,13.0,0.59,5.0,0.73,18.0,0.77,10.0,0.27,18.0,0.23,10.0,0.4,13.0,0.41,5.0,0.13,0.13,43.3939,1776191761000
1776191763.131,63.131,0.6,13.0,0.59,5.0,0.73,18.0,0.77,10.0,0.27,18.0,0.23,10.0,0.4,13.0,0.41,5.0,0.13,0.13,43.3939,1776191762000
1776191764.034,64.034,0.6,13.0,0.59,5.0,0.73,18.0,0.77,10.0,0.27,18.0,0.23,10.0,0.4,13.0,0.41,5.0,0.13,0.13,43.3932,1776191763000
1776191765.009,65.009,0.6,13.0,0.59,5.0,0.73,18.0,0.77,10.0,0.27,18.0,0.23,10.0,0.4,13.0,0.41,5.0,0.13,0.13,43.39428,1776191764000
1776191766.014,66.014,0.6,13.0,0.59,5.0,0.73,18.0,0.77,10.0,0.27,18.0,0.23,10.0,0.4,13.0,0.41,5.0,0.13,0.13,43.391755,1776191765000
1776191767.056,67.056,0.6,13.0,0.59,5.0,0.73,18.0,0.77,10.0,0.27,18.0,0.23,10.0,0.4,13.0,0.41,5.0,0.13,0.13,43.389062,1776191766000
1776191768.132,68.132,0.6,13.0,0.59,5.0,0.73,18.0,0.77,10.0,0.27,18.0,0.23,10.0,0.4,13.0,0.41,5.0,0.13,0.13,43.386133,1776191767000
1776191769.138,69.138,0.6,13.0,0.59,5.0,0.73,18.0,0.77,10.0,0.27,18.0,0.23,10.0,0.4,13.0,0.41,5.0,0.13,0.13,43.386513,1776191768000
1776191770.264,70.264,0.6,13.0,0.59,5.0,0.73,18.0,0.77,10.0,0.27,18.0,0.23,10.0,0.4,13.0,0.41,5.0,0.13,0.13,43.386738,1776191769000
1776191771.384,71.384,0.6,13.0,0.59,5.0,0.73,18.0,0.77,10.0,0.27,18.0,0.23,10.0,0.4,13.0,0.41,5.0,0.13,0.13,43.386263,1776191770000
1776191772.364,72.364,0.6,13.0,0.59,5.0,0.73,18.0,0.77,10.0,0.27,18.0,0.23,10.0,0.4,13.0,0.41,5.0,0.13,0.13,43.386296,1776191771000
1776191772.962,72.962,0.6,13.0,0.59,5.0,0.73,18.0,0.77,10.0,0.27,18.0,0.23,10.0,0.4,13.0,0.41,5.0,0.13,0.13,43.384453,1776191772000
1776191773.859,73.859,0.6,13.0,0.59,5.0,0.73,18.0,0.77,10.0,0.27,18.0,0.23,10.0,0.4,13.0,0.41,5.0,0.13,0.13,43.383774,1776191773000
1776191774.87,74.87,0.6,13.0,0.59,5.0,0.73,18.0,0.77,10.0,0.27,18.0,0.23,10.0,0.4,13.0,0.41,5.0,0.13,0.13,43.3859,1776191774000
1776191776.363,76.363,0.6,13.0,0.59,5.0,0.73,18.0,0.77,10.0,0.27,18.0,0.23,10.0,0.4,13.0,0.41,5.0,0.13,0.13,43.386681,1776191775000
1776191777.534,77.534,0.6,13.0,0.59,5.0,0.73,18.0,0.77,10.0,0.27,18.0,0.23,10.0,0.4,13.0,0.41,5.0,0.13,0.13,43.383691,1776191776000
1776191778.138,78.138,0.6,13.0,0.59,5.0,0.73,18.0,0.77,10.0,0.27,18.0,0.23,10.0,0.4,13.0,0.41,5.0,0.13,0.13,43.383691,1776191777000
1776191779.329,79.329,0.6,13.0,0.59,5.0,0.73,18.0,0.77,10.0,0.27,18.0,0.23,10.0,0.4,13.0,0.41,5.0,0.13,0.13,43.389765,1776191778000
1776191780.49,80.49,0.6,13.0,0.59,5.0,0.73,18.0,0.77,10.0,0.27,18.0,0.23,10.0,0.4,13.0,0.41,5.0,0.13,0.13,43.388575,1776191779000
1776191781.046,81.046,0.6,13.0,0.59,5.0,0.73,18.0,0.77,10.0,0.27,18.0,0.23,10.0,0.4,13.0,0.41,5.0,0.13,0.13,43.388575,1776191780000
1776191782.12,82.12,0.6,13.0,0.59,5.0,0.73,18.0,0.77,10.0,0.27,18.0,0.23,10.0,0.4,13.0,0.41,5.0,0.13,0.13,43.3941,1776191781000
1776191783.272,83.272,0.6,13.0,0.59,5.0,0.73,18.0,0.77,10.0,0.27,18.0,0.23,10.0,0.4,13.0,0.41,5.0,0.13,0.13,43.4016,1776191782000
1776191784.375,84.375,0.6,13.0,0.59,5.0,0.73,18.0,0.77,10.0,0.27,18.0,0.23,10.0,0.4,13.0,0.41,5.0,0.13,0.13,43.4016,1776191783000
1776191784.938,84.938,0.6,13.0,0.59,5.0,0.73,18.0,0.77,10.0,0.27,18.0,0.23,10.0,0.4,13.0,0.41,5.0,0.13,0.13,43.4018,1776191784000
1776191786.035,86.035,0.6,13.0,0.59,5.0,0.73,18.0,0.77,10.0,0.27,18.0,0.23,10.0,0.4,13.0,0.41,5.0,0.13,0.13,43.4017,1776191785000
1776191786.768,86.768,0.31,10.69,0.3,15.0,0.39,5.0,0.4,5.0,0.27,18.0,0.23,10.0,0.4,13.0,0.41,5.0,0.08,0.13,43.4017,1776191785000
1776191787.143,87.143,0.31,10.69,0.3,15.0,0.39,5.0,0.4,5.0,0.61,5.0,0.6,5.0,0.69,10.69,0.7,15.0,0.08,0.08,43.4017,1776191786000
1776191788.224,88.224,0.31,10.69,0.3,15.0,0.39,5.0,0.4,5.0,0.61,5.0,0.6,5.0,0.69,10.69,0.7,15.0,0.08,0.08,43.40054,1776191787000
1776191789.422,89.422,0.31,10.69,0.3,15.0,0.39,5.0,0.4,5.0,0.61,5.0,0.6,5.0,0.69,10.69,0.7,15.0,0.08,0.08,43.393945,1776191788000
1776191790.514,90.514,0.31,10.69,0.3,15.0,0.39,5.0,0.4,5.0,0.61,5.0,0.6,5.0,0.69,10.69,0.7,15.0,0.08,0.08,43.386096,1776191789000
1776191791.006,91.006,0.31,10.69,0.3,15.0,0.39,5.0,0.4,5.0,0.61,5.0,0.6,5.0,0.69,10.69,0.7,15.0,0.08,0.08,43.384928,1776191790000
1776191792.395,92.395,0.31,10.69,0.3,15.0,0.39,5.0,0.4,5.0,0.61,5.0,0.6,5.0,0.69,10.69,0.7,15.0,0.08,0.08,43.385152,1776191791000
1776191792.961,92.961,0.31,10.69,0.3,15.0,0.39,5.0,0.4,5.0,0.61,5.0,0.6,5.0,0.69,10.69,0.7,15.0,0.08,0.08,43.383478,1776191792000
1776191794.052,94.052,0.31,10.69,0.3,15.0,0.39,5.0,0.4,5.0,0.61,5.0,0.6,5.0,0.69,10.69,0.7,15.0,0.08,0.08,43.382865,1776191793000
1776191795.134,95.134,0.31,10.69,0.3,15.0,0.39,5.0,0.4,5.0,0.61,5.0,0.6,5.0,0.69,10.69,0.7,15.0,0.08,0.08,43.382808,1776191794000
1776191796.42,96.42,0.31,10.69,0.3,15.0,0.39,5.0,0.4,5.0,0.61,5.0,0.6,5.0,0.69,10.69,0.7,15.0,0.08,0.08,43.38251,1776191795000
1776191796.91,96.91,0.31,15.0,0.3,15.0,0.33,5.0,0.35,5.0,0.61,5.0,0.6,5.0,0.69,10.69,0.7,15.0,0.02,0.08,43.38251,1776191795000
1776191798.089,98.089,0.31,15.0,0.3,15.0,0.33,5.0,0.35,5.0,0.67,5.0,0.65,5.0,0.69,15.0,0.7,15.0,0.02,0.02,43.385058,1776191797000
1776191799.209,99.209,0.31,15.0,0.3,15.0,0.33,5.0,0.35,5.0,0.67,5.0,0.65,5.0,0.69,15.0,0.7,15.0,0.02,0.02,43.38506,1776191798000
1776191800.288,100.288,0.31,15.0,0.3,15.0,0.33,5.0,0.35,5.0,0.67,5.0,0.65,5.0,0.69,15.0,0.7,15.0,0.02,0.02,43.385063,1776191799000
1776191801.289,101.289,0.31,15.0,0.3,15.0,0.33,5.0,0.35,5.0,0.67,5.0,0.65,5.0,0.69,15.0,0.7,15.0,0.02,0.02,43.385065,1776191800000
1776191802.851,102.851,0.31,15.0,0.3,15.0,0.33,5.0,0.35,5.0,0.67,5.0,0.65,5.0,0.69,15.0,0.7,15.0,0.02,0.02,43.38478,1776191801000
1776191803.47,103.47,0.31,15.0,0.3,15.0,0.33,5.0,0.35,5.0,0.67,5.0,0.65,5.0,0.69,15.0,0.7,15.0,0.02,0.02,43.384811,1776191802000
1776191804.482,104.482,0.31,15.0,0.3,15.0,0.33,5.0,0.35,5.0,0.67,5.0,0.65,5.0,0.69,15.0,0.7,15.0,0.02,0.02,43.384804,1776191803000
1776191805.297,105.297,0.31,15.0,0.3,15.0,0.33,5.0,0.35,5.0,0.67,5.0,0.65,5.0,0.69,15.0,0.7,15.0,0.02,0.02,43.384803,1776191804000
1776191806.32,106.32,0.31,15.0,0.3,15.0,0.33,5.0,0.35,5.0,0.67,5.0,0.65,5.0,0.69,15.0,0.7,15.0,0.02,0.02,43.384926,1776191805000
1776191806.844,106.844,0.31,15.0,0.3,15.0,0.33,5.0,0.35,5.0,0.67,5.0,0.65,5.0,0.69,15.0,0.7,15.0,0.02,0.02,43.385263,1776191806000
1776191807.88,107.88,0.31,15.0,0.3,15.0,0.33,5.0,0.35,5.0,0.67,5.0,0.65,5.0,0.69,15.0,0.7,15.0,0.02,0.02,43.384724,1776191807000
1776191808.492,108.492,0.32,15.0,0.31,15.0,0.34,5.0,0.35,15.0,0.67,5.0,0.65,5.0,0.69,15.0,0.7,15.0,0.02,0.02,43.384724,1776191807000
1776191809.323,109.323,0.32,15.0,0.31,15.0,0.34,5.0,0.35,15.0,0.66,5.0,0.65,15.0,0.68,15.0,0.69,15.0,0.02,0.02,43.383098,1776191808000
1776191810.359,110.359,0.32,15.0,0.31,15.0,0.34,5.0,0.35,15.0,0.66,5.0,0.65,15.0,0.68,15.0,0.69,15.0,0.02,0.02,43.382625,1776191809000
1776191811.331,111.331,0.32,15.0,0.31,15.0,0.34,5.0,0.35,15.0,0.66,5.0,0.65,15.0,0.68,15.0,0.69,15.0,0.02,0.02,43.38267,1776191810000
1776191812.314,112.314,0.32,15.0,0.31,15.0,0.34,5.0,0.35,15.0,0.66,5.0,0.65,15.0,0.68,15.0,0.69,15.0,0.02,0.02,43.382272,1776191811000
1776191813.382,113.382,0.32,15.0,0.31,15.0,0.34,5.0,0.35,15.0,0.66,5.0,0.65,15.0,0.68,15.0,0.69,15.0,0.02,0.02,43.383154,1776191812000
1776191813.971,113.971,0.32,15.0,0.31,15.0,0.34,5.0,0.35,15.0,0.66,5.0,0.65,15.0,0.68,15.0,0.69,15.0,0.02,0.02,43.38315,1776191813000
1776191814.985,114.985,0.32,15.0,0.31,15.0,0.34,5.0,0.35,15.0,0.66,5.0,0.65,15.0,0.68,15.0,0.69,15.0,0.02,0.02,43.382818,1776191814000
1776191816.065,116.065,0.32,15.0,0.31,15.0,0.34,5.0,0.35,15.0,0.66,5.0,0.65,15.0,0.68,15.0,0.69,15.0,0.02,0.02,43.38243,1776191815000
1776191817.068,117.068,0.32,15.0,0.31,15.0,0.34,5.0,0.35,15.0,0.66,5.0,0.65,15.0,0.68,15.0,0.69,15.0,0.02,0.02,43.38243,1776191816000
1776191818.822,118.822,0.32,15.0,0.31,15.0,0.34,5.0,0.35,15.0,0.66,5.0,0.65,15.0,0.68,15.0,0.69,15.0,0.02,0.02,43.382433,1776191817000
1776191819.414,119.414,0.32,15.0,0.31,15.0,0.34,5.0,0.35,15.0,0.66,5.0,0.65,15.0,0.68,15.0,0.69,15.0,0.02,0.02,43.382508,1776191818000
1776191820.461,120.461,0.32,15.0,0.31,15.0,0.34,5.0,0.35,15.0,0.66,5.0,0.65,15.0,0.68,15.0,0.69,15.0,0.02,0.02,43.382431,1776191819000
1776191821.175,121.175,0.32,15.0,0.31,15.0,0.34,5.0,0.35,15.0,0.66,5.0,0.65,15.0,0.68,15.0,0.69,15.0,0.02,0.02,43.382431,1776191820000
1776191822.175,122.175,0.32,15.0,0.31,15.0,0.34,5.0,0.35,15.0,0.66,5.0,0.65,15.0,0.68,15.0,0.69,15.0,0.02,0.02,43.383174,1776191821000
1776191823.346,123.346,0.32,15.0,0.31,15.0,0.34,5.0,0.35,15.0,0.66,5.0,0.65,15.0,0.68,15.0,0.69,15.0,0.02,0.02,43.383154,1776191822000
1776191824.343,124.343,0.32,15.0,0.31,15.0,0.34,5.0,0.35,15.0,0.66,5.0,0.65,15.0,0.68,15.0,0.69,15.0,0.02,0.02,43.383377,1776191823000
1776191824.899,124.899,0.32,15.0,0.31,15.0,0.34,5.0,0.35,15.0,0.66,5.0,0.65,15.0,0.68,15.0,0.69,15.0,0.02,0.02,43.383766,1776191824000
1776191825.971,125.971,0.32,15.0,0.31,15.0,0.34,5.0,0.35,15.0,0.66,5.0,0.65,15.0,0.68,15.0,0.69,15.0,0.02,0.02,43.382505,1776191825000
1776191827.107,127.107,0.32,15.0,0.31,15.0,0.34,5.0,0.35,15.0,0.66,5.0,0.65,15.0,0.68,15.0,0.69,15.0,0.02,0.02,43.384163,1776191826000
1776191828.21,128.21,0.32,15.0,0.31,15.0,0.34,5.0,0.35,15.0,0.66,5.0,0.65,15.0,0.68,15.0,0.69,15.0,0.02,0.02,43.386737,1776191827000
1776191829.394,129.394,0.32,15.0,0.31,15.0,0.34,5.0,0.35,15.0,0.66,5.0,0.65,15.0,0.68,15.0,0.69,15.0,0.02,0.02,43.390985,1776191828000
1776191829.986,129.986,0.32,15.0,0.31,15.0,0.34,5.0,0.35,15.0,0.66,5.0,0.65,15.0,0.68,15.0,0.69,15.0,0.02,0.02,43.391313,1776191829000
1776191831.115,131.115,0.32,15.0,0.31,15.0,0.34,5.0,0.35,15.0,0.66,5.0,0.65,15.0,0.68,15.0,0.69,15.0,0.02,0.02,43.391262,1776191830000
1776191832.14,132.14,0.32,15.0,0.31,15.0,0.34,5.0,0.35,15.0,0.66,5.0,0.65,15.0,0.68,15.0,0.69,15.0,0.02,0.02,43.387845,1776191831000
1776191833.217,133.217,0.32,15.0,0.31,15.0,0.34,5.0,0.35,15.0,0.66,5.0,0.65,15.0,0.68,15.0,0.69,15.0,0.02,0.02,43.388498,1776191832000
1776191834.527,134.527,0.32,15.0,0.31,15.0,0.34,5.0,0.35,15.0,0.66,5.0,0.65,15.0,0.68,15.0,0.69,15.0,0.02,0.02,43.388498,1776191833000
1776191835.128,135.128,0.32,15.0,0.31,15.0,0.34,5.0,0.35,15.0,0.66,5.0,0.65,15.0,0.68,15.0,0.69,15.0,0.02,0.02,43.388487,1776191834000
1776191836.334,136.334,0.32,15.0,0.31,15.0,0.34,5.0,0.35,15.0,0.66,5.0,0.65,15.0,0.68,15.0,0.69,15.0,0.02,0.02,43.389558,1776191835000
1776191837.538,137.538,0.32,15.0,0.31,15.0,0.34,5.0,0.35,15.0,0.66,5.0,0.65,15.0,0.68,15.0,0.69,15.0,0.02,0.02,43.389648,1776191836000
1776191838.136,138.136,0.32,15.0,0.31,15.0,0.34,5.0,0.35,15.0,0.66,5.0,0.65,15.0,0.68,15.0,0.69,15.0,0.02,0.02,43.3863,1776191837000
1776191839.227,139.227,0.32,15.0,0.31,15.0,0.34,5.0,0.35,15.0,0.66,5.0,0.65,15.0,0.68,15.0,0.69,15.0,0.02,0.02,43.3855,1776191838000
1776191840.316,140.316,0.32,15.0,0.31,15.0,0.34,5.0,0.35,15.0,0.66,5.0,0.65,15.0,0.68,15.0,0.69,15.0,0.02,0.02,43.3861,1776191839000
1776191841.46,141.46,0.32,15.0,0.31,15.0,0.34,5.0,0.35,15.0,0.66,5.0,0.65,15.0,0.68,15.0,0.69,15.0,0.02,0.02,43.388114,1776191840000
1776191842.072,142.072,0.32,15.0,0.31,15.0,0.34,5.0,0.35,15.0,0.66,5.0,0.65,15.0,0.68,15.0,0.69,15.0,0.02,0.02,43.385955,1776191841000
1776191843.117,143.117,0.32,15.0,0.31,15.0,0.34,5.0,0.35,15.0,0.66,5.0,0.65,15.0,0.68,15.0,0.69,15.0,0.02,0.02,43.383647,1776191842000
1776191844.195,144.195,0.32,15.0,0.31,15.0,0.34,5.0,0.35,15.0,0.66,5.0,0.65,15.0,0.68,15.0,0.69,15.0,0.02,0.02,43.383231,1776191843000
1776191845.311,145.311,0.32,15.0,0.31,15.0,0.34,5.0,0.35,15.0,0.66,5.0,0.65,15.0,0.68,15.0,0.69,15.0,0.02,0.02,43.383179,1776191844000
1776191845.862,145.862,0.32,15.0,0.31,15.0,0.34,5.0,0.35,15.0,0.66,5.0,0.65,15.0,0.68,15.0,0.69,15.0,0.02,0.02,43.382911,1776191845000
1776191848.705,148.705,0.32,15.0,0.31,15.0,0.34,5.0,0.35,15.0,0.66,5.0,0.65,15.0,0.68,15.0,0.69,15.0,0.02,0.02,43.382803,1776191846000
1776191849.844,149.844,0.32,15.0,0.31,15.0,0.34,5.0,0.35,15.0,0.66,5.0,0.65,15.0,0.68,15.0,0.69,15.0,0.02,0.02,43.381874,1776191848000
1776191850.357,150.357,0.32,15.0,0.31,15.0,0.34,5.0,0.35,15.0,0.66,5.0,0.65,15.0,0.68,15.0,0.69,15.0,0.02,0.02,43.381806,1776191849000
1776191851.105,151.105,0.32,15.0,0.31,15.0,0.34,5.0,0.35,15.0,0.66,5.0,0.65,15.0,0.68,15.0,0.69,15.0,0.02,0.02,43.381806,1776191850000
1776191852.531,152.531,0.32,15.0,0.31,15.0,0.34,5.0,0.35,15.0,0.66,5.0,0.65,15.0,0.68,15.0,0.69,15.0,0.02,0.02,43.381803,1776191851000
1776191853.184,153.184,0.32,15.0,0.31,15.0,0.34,5.0,0.35,15.0,0.66,5.0,0.65,15.0,0.68,15.0,0.69,15.0,0.02,0.02,43.381839,1776191852000
1776191854.553,154.553,0.32,15.0,0.31,15.0,0.34,5.0,0.35,15.0,0.66,5.0,0.65,15.0,0.68,15.0,0.69,15.0,0.02,0.02,43.382408,1776191853000
1776191855.157,155.157,0.32,15.0,0.31,15.0,0.34,5.0,0.35,15.0,0.66,5.0,0.65,15.0,0.68,15.0,0.69,15.0,0.02,0.02,43.382408,1776191854000
1776191856.316,156.316,0.32,15.0,0.31,15.0,0.34,5.0,0.35,15.0,0.66,5.0,0.65,15.0,0.68,15.0,0.69,15.0,0.02,0.02,43.38246,1776191855000
1776191857.933,157.933,0.32,15.0,0.31,15.0,0.34,5.0,0.35,15.0,0.66,5.0,0.65,15.0,0.68,15.0,0.69,15.0,0.02,0.02,43.382655,1776191856000
1776191858.838,158.838,0.32,15.0,0.31,15.0,0.34,5.0,0.35,15.0,0.66,5.0,0.65,15.0,0.68,15.0,0.69,15.0,0.02,0.02,43.382296,1776191857000
1776191859.806,159.806,0.32,15.0,0.31,15.0,0.34,5.0,0.35,15.0,0.66,5.0,0.65,15.0,0.68,15.0,0.69,15.0,0.02,0.02,43.382231,1776191858000
1776191860.512,160.512,0.32,15.0,0.31,15.0,0.34,5.0,0.35,15.0,0.66,5.0,0.65,15.0,0.68,15.0,0.69,15.0,0.02,0.02,43.38223,1776191859000
1776191861.252,161.252,0.32,15.0,0.31,15.0,0.34,5.0,0.35,15.0,0.66,5.0,0.65,15.0,0.68,15.0,0.69,15.0,0.02,0.02,43.382287,1776191860000
1776191862.219,162.219,0.32,15.0,0.31,15.0,0.34,5.0,0.35,15.0,0.66,5.0,0.65,15.0,0.68,15.0,0.69,15.0,0.02,0.02,43.382292,1776191861000
1776191863.71,163.71,0.32,15.0,0.31,15.0,0.34,5.0,0.35,15.0,0.66,5.0,0.65,15.0,0.68,15.0,0.69,15.0,0.02,0.02,43.382296,1776191862000
1776191864.363,164.363,0.32,15.0,0.31,15.0,0.34,5.0,0.35,15.0,0.66,5.0,0.65,15.0,0.68,15.0,0.69,15.0,0.02,0.02,43.382296,1776191863000
1776191865.002,165.002,0.32,15.0,0.31,15.0,0.34,5.0,0.35,15.0,0.66,5.0,0.65,15.0,0.68,15.0,0.69,15.0,0.02,0.02,43.382402,1776191864000
1776191866.739,166.739,0.32,15.0,0.31,15.0,0.34,5.0,0.35,15.0,0.66,5.0,0.65,15.0,0.68,15.0,0.69,15.0,0.02,0.02,43.382378,1776191865000
1776191867.337,167.337,0.32,15.0,0.31,15.0,0.34,5.0,0.35,15.0,0.66,5.0,0.65,15.0,0.68,15.0,0.69,15.0,0.02,0.02,43.382378,1776191866000
1776191868.463,168.463,0.32,15.0,0.31,15.0,0.34,5.0,0.35,15.0,0.66,5.0,0.65,15.0,0.68,15.0,0.69,15.0,0.02,0.02,43.381647,1776191867000
1776191869.013,169.013,0.32,15.0,0.31,15.0,0.34,5.0,0.35,15.0,0.66,5.0,0.65,15.0,0.68,15.0,0.69,15.0,0.02,0.02,43.382171,1776191868000
1776191870.048,170.048,0.27,8.91,0.26,15.0,0.31,10.0,0.35,7.0,0.66,5.0,0.65,15.0,0.68,15.0,0.69,15.0,0.04,0.02,43.382171,1776191868000
1776191871.466,171.466,0.27,8.91,0.26,15.0,0.31,10.0,0.35,7.0,0.69,10.0,0.65,7.0,0.73,8.91,0.74,15.0,0.04,0.04,43.382166,1776191870000
1776191872.081,172.081,0.27,8.91,0.26,15.0,0.31,10.0,0.35,7.0,0.69,10.0,0.65,7.0,0.73,8.91,0.74,15.0,0.04,0.04,43.382012,1776191871000
1776191873.305,173.305,0.27,8.91,0.26,15.0,0.31,10.0,0.35,7.0,0.69,10.0,0.65,7.0,0.73,8.91,0.74,15.0,0.04,0.04,43.381851,1776191872000
1776191874.464,174.464,0.27,8.91,0.26,15.0,0.31,10.0,0.35,7.0,0.69,10.0,0.65,7.0,0.73,8.91,0.74,15.0,0.04,0.04,43.381753,1776191873000
1776191875.071,175.071,0.27,8.91,0.26,15.0,0.31,10.0,0.35,7.0,0.69,10.0,0.65,7.0,0.73,8.91,0.74,15.0,0.04,0.04,43.381914,1776191874000
1776191876.288,176.288,0.27,8.91,0.26,15.0,0.31,10.0,0.35,7.0,0.69,10.0,0.65,7.0,0.73,8.91,0.74,15.0,0.04,0.04,43.383059,1776191875000
1776191877.434,177.434,0.27,8.91,0.26,15.0,0.31,10.0,0.35,7.0,0.69,10.0,0.65,7.0,0.73,8.91,0.74,15.0,0.04,0.04,43.383059,1776191876000
1776191877.979,177.979,0.27,8.91,0.26,15.0,0.31,10.0,0.35,7.0,0.69,10.0,0.65,7.0,0.73,8.91,0.74,15.0,0.04,0.04,43.383059,1776191877000
1776191879.301,179.301,0.27,8.91,0.26,15.0,0.31,10.0,0.35,7.0,0.69,10.0,0.65,7.0,0.73,8.91,0.74,15.0,0.04,0.04,43.383176,1776191878000
1776191880.483,180.483,0.27,8.91,0.26,15.0,0.31,10.0,0.35,7.0,0.69,10.0,0.65,7.0,0.73,8.91,0.74,15.0,0.04,0.04,43.383002,1776191879000
1776191881.089,181.089,0.27,8.91,0.26,15.0,0.31,10.0,0.35,7.0,0.69,10.0,0.65,7.0,0.73,8.91,0.74,15.0,0.04,0.04,43.379631,1776191880000
1776191882.136,182.136,0.27,8.91,0.26,15.0,0.31,10.0,0.35,7.0,0.69,10.0,0.65,7.0,0.73,8.91,0.74,15.0,0.04,0.04,43.378792,1776191881000
1776191883.223,183.223,0.23,8.92,0.22,15.0,0.31,7.0,0.46,15.0,0.69,7.0,0.54,15.0,0.77,8.92,0.78,15.0,0.08,0.08,43.3799,1776191882000
1776191884.297,184.297,0.23,8.92,0.22,15.0,0.31,7.0,0.46,15.0,0.69,7.0,0.54,15.0,0.77,8.92,0.78,15.0,0.08,0.08,43.381997,1776191883000
1776191884.573,184.573,0.24,8.42,0.23,8.92,0.31,7.0,0.34,10.0,0.69,7.0,0.54,15.0,0.77,8.92,0.78,15.0,0.07,0.08,43.381997,1776191883000
1776191885.393,185.393,0.24,8.42,0.23,8.92,0.31,7.0,0.34,10.0,0.69,7.0,0.66,10.0,0.76,8.42,0.77,8.92,0.07,0.07,43.38213,1776191884000
1776191886.461,186.461,0.24,8.42,0.23,8.92,0.31,7.0,0.34,10.0,0.69,7.0,0.66,10.0,0.76,8.42,0.77,8.92,0.07,0.07,43.382313,1776191885000
1776191887.031,187.031,0.24,8.42,0.23,8.92,0.31,7.0,0.34,10.0,0.69,7.0,0.66,10.0,0.76,8.42,0.77,8.92,0.07,0.07,43.382302,1776191886000
1776191887.835,187.835,0.27,8.75,0.26,15.0,0.28,6.0,0.33,10.0,0.69,7.0,0.66,10.0,0.76,8.42,0.77,8.92,0.01,0.07,43.382302,1776191886000
1776191888.058,188.058,0.27,8.75,0.26,15.0,0.28,6.0,0.33,10.0,0.72,6.0,0.67,10.0,0.73,8.75,0.74,15.0,0.01,0.01,43.382187,1776191887000
1776191889.112,189.112,0.27,8.75,0.26,15.0,0.28,6.0,0.33,10.0,0.72,6.0,0.67,10.0,0.73,8.75,0.74,15.0,0.01,0.01,43.382187,1776191888000
1776191890.189,190.189,0.27,8.75,0.26,15.0,0.28,6.0,0.33,10.0,0.72,6.0,0.67,10.0,0.73,8.75,0.74,15.0,0.01,0.01,43.382325,1776191889000
1776191891.197,191.197,0.28,15.0,0.27,8.75,0.5,10.0,0.54,15.0,0.5,10.0,0.46,15.0,0.72,15.0,0.73,8.75,0.22,0.22,43.382481,1776191890000
1776191892.351,192.351,0.28,15.0,0.27,8.75,0.5,10.0,0.54,15.0,0.5,10.0,0.46,15.0,0.72,15.0,0.73,8.75,0.22,0.22,43.382939,1776191891000
1776191893.378,193.378,0.28,15.0,0.27,8.75,0.5,10.0,0.54,15.0,0.5,10.0,0.46,15.0,0.72,15.0,0.73,8.75,0.22,0.22,43.38503,1776191892000
1776191894.004,194.004,0.28,15.0,0.27,8.75,0.5,10.0,0.54,15.0,0.5,10.0,0.46,15.0,0.72,15.0,0.73,8.75,0.22,0.22,43.384856,1776191893000
1776191894.982,194.982,0.28,15.0,0.27,8.75,0.5,10.0,0.54,15.0,0.5,10.0,0.46,15.0,0.72,15.0,0.73,8.75,0.22,0.22,43.384813,1776191894000
1776191896.217,196.217,0.28,15.0,0.27,8.75,0.5,10.0,0.54,15.0,0.5,10.0,0.46,15.0,0.72,15.0,0.73,8.75,0.22,0.22,43.385365,1776191895000
1776191897.529,197.529,0.28,15.0,0.27,8.75,0.5,10.0,0.54,15.0,0.5,10.0,0.46,15.0,0.72,15.0,0.73,8.75,0.22,0.22,43.38636,1776191896000
1776191898.065,198.065,0.28,15.0,0.27,8.75,0.5,10.0,0.54,15.0,0.5,10.0,0.46,15.0,0.72,15.0,0.73,8.75,0.22,0.22,43.386684,1776191897000
1776191899.109,199.109,0.35,10.38,0.34,15.0,0.38,8.0,0.44,10.0,0.5,10.0,0.46,15.0,0.72,15.0,0.73,8.75,0.03,0.22,43.386684,1776191897000
1776191900.402,200.402,0.35,10.38,0.34,15.0,0.38,8.0,0.44,10.0,0.62,8.0,0.56,10.0,0.65,10.38,0.66,15.0,0.03,0.03,43.386684,1776191899000
1776191900.853,200.853,0.35,10.38,0.34,15.0,0.43,10.0,0.46,15.0,0.62,8.0,0.56,10.0,0.65,10.38,0.66,15.0,0.08,0.03,43.386684,1776191899000
1776191901.725,201.725,0.32,13.52,0.31,15.0,0.42,10.0,0.45,15.0,0.57,10.0,0.54,15.0,0.65,10.38,0.66,15.0,0.1,0.08,43.386684,1776191900000
1776191902.063,202.063,0.32,13.52,0.31,15.0,0.42,10.0,0.45,15.0,0.58,10.0,0.55,15.0,0.68,13.52,0.69,15.0,0.1,0.1,43.386684,1776191901000
1776191903.293,203.293,0.32,13.52,0.31,15.0,0.42,10.0,0.45,15.0,0.58,10.0,0.55,15.0,0.68,13.52,0.69,15.0,0.1,0.1,43.386684,1776191902000
1776191904.385,204.385,0.32,13.52,0.31,15.0,0.42,10.0,0.45,15.0,0.58,10.0,0.55,15.0,0.68,13.52,0.69,15.0,0.1,0.1,43.386684,1776191903000
1776191905.005,205.005,0.32,13.52,0.31,15.0,0.42,10.0,0.45,15.0,0.58,10.0,0.55,15.0,0.68,13.52,0.69,15.0,0.1,0.1,43.386684,1776191904000
1776191906.243,206.243,0.32,13.52,0.31,15.0,0.42,10.0,0.45,15.0,0.58,10.0,0.55,15.0,0.68,13.52,0.69,15.0,0.1,0.1,43.386684,1776191905000
1776191906.765,206.765,0.22,15.0,0.21,15.0,0.36,7.0,0.42,15.0,0.58,10.0,0.55,15.0,0.68,13.52,0.69,15.0,0.14,0.1,43.386684,1776191905000
1776191907.353,207.353,0.22,15.0,0.21,15.0,0.36,7.0,0.42,15.0,0.64,7.0,0.58,15.0,0.78,15.0,0.79,15.0,0.14,0.14,43.386684,1776191906000
1776191908.491,208.491,0.22,15.0,0.21,15.0,0.36,7.0,0.42,15.0,0.64,7.0,0.58,15.0,0.78,15.0,0.79,15.0,0.14,0.14,43.388638,1776191907000
1776191909.045,209.045,0.22,15.0,0.21,15.0,0.36,7.0,0.42,15.0,0.64,7.0,0.58,15.0,0.78,15.0,0.79,15.0,0.14,0.14,43.388638,1776191908000
1776191910.25,210.25,0.22,15.0,0.21,15.0,0.36,7.0,0.42,15.0,0.64,7.0,0.58,15.0,0.78,15.0,0.79,15.0,0.14,0.14,43.383959,1776191909000
1776191910.54,210.54,0.22,4.9,0.21,15.0,0.29,10.0,0.33,15.0,0.71,10.0,0.67,15.0,0.78,9.95,0.79,15.0,0.07,0.07,43.383959,1776191909000
1776191911.319,211.319,0.22,4.9,0.21,15.0,0.29,10.0,0.33,15.0,0.71,10.0,0.67,15.0,0.78,4.9,0.79,15.0,0.07,0.07,43.38331,1776191910000
1776191912.367,212.367,0.22,4.9,0.21,15.0,0.29,10.0,0.33,15.0,0.71,10.0,0.67,15.0,0.78,4.9,0.79,15.0,0.07,0.07,43.382661,1776191911000
1776191913.386,213.386,0.22,4.9,0.21,15.0,0.29,10.0,0.33,15.0,0.71,10.0,0.67,15.0,0.78,4.9,0.79,15.0,0.07,0.07,43.382326,1776191912000
1776191913.974,213.974,0.22,4.9,0.21,15.0,0.29,10.0,0.33,15.0,0.71,10.0,0.67,15.0,0.78,4.9,0.79,15.0,0.07,0.07,43.382315,1776191913000
1776191914.995,214.995,0.22,4.9,0.21,15.0,0.29,10.0,0.33,15.0,0.71,10.0,0.67,15.0,0.78,4.9,0.79,15.0,0.07,0.07,43.382537,1776191914000
1776191916.04,216.04,0.22,4.9,0.21,15.0,0.29,10.0,0.33,15.0,0.71,10.0,0.67,15.0,0.78,4.9,0.79,15.0,0.07,0.07,43.383319,1776191915000
1776191917.128,217.128,0.22,4.9,0.21,15.0,0.29,10.0,0.33,15.0,0.71,10.0,0.67,15.0,0.78,4.9,0.79,15.0,0.07,0.07,43.383191,1776191916000
1776191918.341,218.341,0.22,4.9,0.21,15.0,0.29,10.0,0.33,15.0,0.71,10.0,0.67,15.0,0.78,4.9,0.79,15.0,0.07,0.07,43.38181,1776191917000
1776191919.474,219.474,0.22,4.9,0.21,15.0,0.29,10.0,0.33,15.0,0.71,10.0,0.67,15.0,0.78,4.9,0.79,15.0,0.07,0.07,43.381877,1776191918000
1776191919.994,219.994,0.22,4.9,0.21,15.0,0.29,10.0,0.33,15.0,0.71,10.0,0.67,15.0,0.78,4.9,0.79,15.0,0.07,0.07,43.381887,1776191919000
1776191920.235,220.235,0.15,1.73,0.14,15.0,0.27,10.0,0.33,7.0,0.71,10.0,0.67,15.0,0.78,4.9,0.79,15.0,0.12,0.07,43.381887,1776191919000
1776191920.961,220.961,0.15,1.73,0.14,15.0,0.27,10.0,0.33,7.0,0.73,10.0,0.67,7.0,0.85,1.73,0.86,15.0,0.12,0.12,43.381887,1776191920000
1776191921.98,221.98,0.15,1.73,0.14,15.0,0.27,10.0,0.33,7.0,0.73,10.0,0.67,7.0,0.85,1.73,0.86,15.0,0.12,0.12,43.383186,1776191921000
1776191923.034,223.034,0.15,1.73,0.14,15.0,0.27,10.0,0.33,7.0,0.73,10.0,0.67,7.0,0.85,1.73,0.86,15.0,0.12,0.12,43.3801,1776191922000
1776191924.139,224.139,0.15,1.73,0.14,15.0,0.27,10.0,0.33,7.0,0.73,10.0,0.67,7.0,0.85,1.73,0.86,15.0,0.12,0.12,43.3785,1776191923000
1776191925.253,225.253,0.15,1.73,0.14,15.0,0.27,10.0,0.33,7.0,0.73,10.0,0.67,7.0,0.85,1.73,0.86,15.0,0.12,0.12,43.36741,1776191924000
1776191925.884,225.884,0.08,12.82,0.07,15.0,0.13,10.0,0.16,5.0,0.73,10.0,0.67,7.0,0.85,1.73,0.86,15.0,0.05,0.12,43.36741,1776191924000
1776191926.375,226.375,0.08,10.64,0.07,15.0,0.13,10.0,0.16,5.0,0.87,10.0,0.84,5.0,0.92,10.64,0.93,15.0,0.05,0.05,43.3615,1776191925000
1776191926.88,226.88,0.08,10.64,0.07,15.0,0.13,10.0,0.16,5.0,0.87,10.0,0.84,5.0,0.92,10.64,0.93,15.0,0.05,0.05,43.3578,1776191926000
1776191927.199,227.199,0.07,13.92,0.06,15.0,0.12,10.0,0.16,22.0,0.87,10.0,0.84,5.0,0.92,10.64,0.93,15.0,0.05,0.05,43.3578,1776191926000
1776191927.853,227.853,0.07,12.84,0.06,15.0,0.12,10.0,0.16,5.0,0.88,10.0,0.84,22.0,0.93,13.92,0.94,15.0,0.05,0.05,43.3578,1776191926000
1776191928.307,228.307,0.07,12.84,0.06,15.0,0.12,10.0,0.16,5.0,0.88,10.0,0.84,5.0,0.93,12.84,0.94,15.0,0.05,0.05,43.359194,1776191927000
1776191929.268,229.268,0.07,12.84,0.06,15.0,0.12,10.0,0.16,5.0,0.88,10.0,0.84,5.0,0.93,12.84,0.94,15.0,0.05,0.05,43.359194,1776191928000
1776191930.211,230.211,0.07,12.84,0.06,15.0,0.12,10.0,0.16,5.0,0.88,10.0,0.84,5.0,0.93,12.84,0.94,15.0,0.05,0.05,43.3562,1776191929000
1776191931.317,231.317,0.07,12.84,0.06,15.0,0.12,10.0,0.16,5.0,0.88,10.0,0.84,5.0,0.93,12.84,0.94,15.0,0.05,0.05,43.3569,1776191930000
1776191933.457,233.457,0.07,12.84,0.06,15.0,0.12,10.0,0.16,5.0,0.88,10.0,0.84,5.0,0.93,12.84,0.94,15.0,0.05,0.05,43.3592,1776191932000
1776191934.507,234.507,0.07,12.84,0.06,15.0,0.12,10.0,0.16,5.0,0.88,10.0,0.84,5.0,0.93,12.84,0.94,15.0,0.05,0.05,43.358039,1776191933000
1776191935.126,235.126,0.07,12.84,0.06,15.0,0.12,10.0,0.16,5.0,0.88,10.0,0.84,5.0,0.93,12.84,0.94,15.0,0.05,0.05,43.359542,1776191934000
1776191936.094,236.094,0.07,12.84,0.06,15.0,0.12,10.0,0.16,5.0,0.88,10.0,0.84,5.0,0.93,12.84,0.94,15.0,0.05,0.05,43.3597,1776191935000
1776191937.24,237.24,0.07,12.84,0.06,15.0,0.12,10.0,0.16,5.0,0.88,10.0,0.84,5.0,0.93,12.84,0.94,15.0,0.05,0.05,43.358211,1776191936000
1776191938.216,238.216,0.07,12.84,0.06,15.0,0.12,10.0,0.16,5.0,0.88,10.0,0.84,5.0,0.93,12.84,0.94,15.0,0.05,0.05,43.35811,1776191937000
1776191939.285,239.285,0.07,12.84,0.06,15.0,0.12,10.0,0.16,5.0,0.88,10.0,0.84,5.0,0.93,12.84,0.94,15.0,0.05,0.05,43.3573,1776191938000
1776191940.288,240.288,0.07,12.84,0.06,15.0,0.12,10.0,0.16,5.0,0.88,10.0,0.84,5.0,0.93,12.84,0.94,15.0,0.05,0.05,43.3556,1776191939000
1776191940.963,240.963,0.02,3.97,0.01,335.0,0.05,15.0,0.06,15.0,0.88,10.0,0.84,5.0,0.93,12.84,0.94,15.0,0.03,0.05,43.3556,1776191939000
1776191941.173,241.173,0.02,2.94,0.01,335.0,0.05,8.54,0.06,15.0,0.95,8.54,0.94,15.0,0.98,3.97,0.99,335.0,0.03,0.03,43.3556,1776191939000
1776191941.926,241.926,0.02,2.94,0.01,335.0,0.05,8.54,0.06,15.0,0.95,8.54,0.94,15.0,0.98,2.94,0.99,335.0,0.03,0.03,43.348017,1776191941000
1776191943.018,243.018,0.02,2.94,0.01,335.0,0.05,8.54,0.06,15.0,0.95,8.54,0.94,15.0,0.98,2.94,0.99,335.0,0.03,0.03,43.345359,1776191942000
1776191943.448,243.448,0.02,16.91,0.01,235.0,0.04,15.0,0.05,8.54,0.95,8.54,0.94,15.0,0.98,2.94,0.99,335.0,0.02,0.03,43.345359,1776191942000
1776191943.718,243.718,0.02,15.88,0.01,235.0,0.04,15.0,0.05,8.54,0.96,15.0,0.95,8.54,0.98,16.91,0.99,235.0,0.02,0.02,43.345359,1776191942000
1776191944.018,244.018,0.01,230.0,,,0.04,15.0,0.05,8.54,0.96,15.0,0.95,8.54,0.99,230.0,,,0.03,0.03,43.343239,1776191943000
1776191945.115,245.115,0.01,230.0,,,0.04,15.0,0.05,8.54,0.96,15.0,0.95,8.54,0.99,230.0,,,0.03,0.03,43.341377,1776191944000
1776191945.724,245.724,0.02,8.86,0.01,230.0,0.03,5.0,0.06,15.0,0.97,5.0,0.94,15.0,0.98,13.97,0.99,230.0,0.01,0.01,43.341377,1776191944000
1776191946.236,246.236,0.02,8.86,0.01,230.0,0.03,5.0,0.06,15.0,0.97,5.0,0.94,15.0,0.98,8.86,0.99,230.0,0.01,0.01,43.340708,1776191945000
1776191946.813,246.813,0.01,208.86,,,0.03,5.0,0.05,15.0,0.97,5.0,0.94,15.0,0.98,8.86,0.99,230.0,0.02,0.01,43.340708,1776191945000
1776191947.3,247.3,0.01,208.86,,,0.03,5.0,0.05,15.0,0.97,5.0,0.95,15.0,0.99,208.86,,,0.02,0.02,43.340685,1776191946000
1776191948.207,248.207,0.01,208.86,,,0.03,5.0,0.05,15.0,0.97,5.0,0.95,15.0,0.99,208.86,,,0.02,0.02,43.341372,1776191947000
1776191949.22,249.22,0.01,208.86,,,0.03,5.0,0.05,15.0,0.97,5.0,0.95,15.0,0.99,208.86,,,0.02,0.02,43.340356,1776191948000
1776191950.298,250.298,0.01,208.86,,,0.03,5.0,0.05,15.0,0.97,5.0,0.95,15.0,0.99,208.86,,,0.02,0.02,43.340364,1776191949000
1776191951.283,251.283,0.01,208.86,,,0.03,5.0,0.05,15.0,0.97,5.0,0.95,15.0,0.99,208.86,,,0.02,0.02,43.340379,1776191950000
1776191952.274,252.274,0.01,208.86,,,0.03,5.0,0.05,15.0,0.97,5.0,0.95,15.0,0.99,208.86,,,0.02,0.02,43.340359,1776191951000
1776191953.044,253.044,0.01,190.82,,,0.02,28.0,0.03,20.0,0.97,5.0,0.95,15.0,0.99,208.86,,,0.01,0.02,43.340359,1776191951000
1776191953.397,253.397,0.01,190.82,,,0.02,28.0,0.03,20.0,0.98,28.0,0.97,20.0,0.99,190.82,,,0.01,0.01,43.340359,1776191952000
1776191954.426,254.426,0.01,172.82,,,0.02,28.0,0.03,20.0,0.98,28.0,0.97,20.0,0.99,172.82,,,0.01,0.01,43.336239,1776191953000
1776191954.998,254.998,0.01,172.82,,,0.02,28.0,0.03,20.0,0.98,28.0,0.97,20.0,0.99,172.82,,,0.01,0.01,43.33314,1776191954000
1776191955.21,255.21,0.01,152.82,,,0.02,33.0,0.03,20.0,0.98,28.0,0.97,20.0,0.99,172.82,,,0.01,0.01,43.33314,1776191954000
1776191956.059,256.059,0.01,157.72,,,0.02,33.0,0.03,20.0,0.98,33.0,0.97,20.0,0.99,157.72,,,0.01,0.01,43.333836,1776191955000
1776191956.307,256.307,0.01,147.72,,,0.02,18.0,0.03,20.0,0.98,33.0,0.97,20.0,0.99,157.72,,,0.01,0.01,43.333836,1776191955000
1776191957.08,257.08,0.01,147.72,,,0.02,18.0,0.03,20.0,0.98,18.0,0.97,20.0,0.99,147.72,,,0.01,0.01,43.336194,1776191956000
1776191958.101,258.101,0.01,147.72,,,0.02,18.0,0.03,20.0,0.98,18.0,0.97,20.0,0.99,147.72,,,0.01,0.01,43.336204,1776191957000
1776191959.127,259.127,0.01,147.72,,,0.02,18.0,0.03,20.0,0.98,18.0,0.97,20.0,0.99,147.72,,,0.01,0.01,43.335537,1776191958000
1776191959.982,259.982,0.01,122.72,,,0.02,22.18,0.03,15.0,0.98,28.0,0.97,15.0,0.99,122.72,,,0.01,0.01,43.335537,1776191958000
1776191960.234,260.234,0.01,122.72,,,0.02,22.18,0.03,15.0,0.98,22.18,0.97,15.0,0.99,122.72,,,0.01,0.01,43.335537,1776191959000
1776191960.709,260.709,0.01,127.72,,,0.02,22.18,0.03,15.0,0.98,22.18,0.97,15.0,0.99,122.72,,,0.01,0.01,43.335537,1776191959000
1776191961.669,261.669,0.01,127.72,,,0.02,22.18,0.03,15.0,0.98,22.18,0.97,15.0,0.99,127.72,,,0.01,0.01,43.337719,1776191960000
1776191962.231,262.231,0.01,107.72,,,0.02,22.18,0.03,15.0,0.98,22.18,0.97,15.0,0.99,107.72,,,0.01,0.01,43.337719,1776191961000
1776191963.432,263.432,0.01,107.72,,,0.02,22.18,0.03,15.0,0.98,22.18,0.97,15.0,0.99,107.72,,,0.01,0.01,43.33347,1776191962000
1776191964.055,264.055,0.01,82.72,,,0.02,27.18,0.03,15.0,0.98,27.18,0.97,15.0,0.99,82.72,,,0.01,0.01,43.333825,1776191963000
1776191964.432,264.432,0.01,72.97,,,0.02,27.18,0.03,15.0,0.98,27.18,0.97,15.0,0.99,82.72,,,0.01,0.01,43.333825,1776191963000
1776191965.205,265.205,0.01,72.97,,,0.02,27.18,0.03,15.0,0.98,27.18,0.97,15.0,0.99,72.97,,,0.01,0.01,43.334154,1776191964000
1776191966.281,266.281,0.01,72.97,,,0.02,27.18,0.03,15.0,0.98,27.18,0.97,15.0,0.99,72.97,,,0.01,0.01,43.33553,1776191965000
1776191966.543,266.543,0.01,77.97,,,0.02,27.18,0.03,15.0,0.98,27.18,0.97,15.0,0.99,72.97,,,0.01,0.01,43.33553,1776191965000
1776191967.369,267.369,0.01,77.97,,,0.02,27.18,0.03,15.0,0.98,27.18,0.97,15.0,0.99,77.97,,,0.01,0.01,43.335531,1776191966000
1776191968.068,268.068,0.01,77.97,,,0.02,27.18,0.03,15.0,0.98,27.18,0.97,15.0,0.99,77.97,,,0.01,0.01,43.335672,1776191967000
1776191969.255,269.255,0.01,77.97,,,0.02,27.18,0.03,15.0,0.98,27.18,0.97,15.0,0.99,77.97,,,0.01,0.01,43.337694,1776191968000
1776191970.373,270.373,0.01,77.97,,,0.02,27.18,0.03,15.0,0.98,27.18,0.97,15.0,0.99,77.97,,,0.01,0.01,43.335669,1776191969000
1776191970.67,270.67,0.01,57.77,,,0.02,27.18,0.03,15.0,0.98,27.18,0.97,15.0,0.99,62.82,,,0.01,0.01,43.335669,1776191969000
1776191971.02,271.02,0.01,52.72,,,0.02,27.18,0.03,15.0,0.98,27.18,0.97,15.0,0.99,52.72,,,0.01,0.01,43.335669,1776191970000
1776191972.244,272.244,0.01,50.69,,,0.02,27.18,0.03,15.0,0.98,27.18,0.97,15.0,0.99,50.69,,,0.01,0.01,43.3381,1776191971000
1776191973.285,273.285,0.01,50.69,,,0.02,27.18,0.03,15.0,0.98,27.18,0.97,15.0,0.99,50.69,,,0.01,0.01,43.338381,1776191972000
1776191974.355,274.355,0.01,50.69,,,0.02,27.18,0.03,15.0,0.98,27.18,0.97,15.0,0.99,50.69,,,0.01,0.01,43.338385,1776191973000
1776191974.711,274.711,0.01,34.67,,,0.02,27.18,0.03,15.0,0.98,27.18,0.97,15.0,0.99,50.69,,,0.01,0.01,43.338385,1776191973000
1776191976.457,276.457,0.01,34.67,,,0.02,27.18,0.03,15.0,0.98,27.18,0.97,15.0,0.99,34.67,,,0.01,0.01,43.336269,1776191975000
1776191977.493,277.493,0.01,34.67,,,0.02,27.18,0.03,15.0,0.98,27.18,0.97,15.0,0.99,34.67,,,0.01,0.01,43.335553,1776191976000
1776191978.03,278.03,0.01,34.67,,,0.02,27.18,0.03,15.0,0.98,27.18,0.97,15.0,0.99,34.67,,,0.01,0.01,43.335553,1776191977000
1776191979.056,279.056,0.01,34.67,,,0.02,27.18,0.03,15.0,0.98,27.18,0.97,15.0,0.99,34.67,,,0.01,0.01,43.338638,1776191978000
1776191979.433,279.433,0.01,26.87,,,0.02,12.18,0.09,10.0,0.98,27.18,0.97,15.0,0.99,34.67,,,0.01,0.01,43.338638,1776191978000
1776191980.159,280.159,0.01,26.87,,,0.02,12.18,0.09,10.0,0.98,12.18,0.91,10.0,0.99,26.87,,,0.01,0.01,43.338007,1776191979000
1776191981.176,281.176,0.01,26.87,,,0.02,12.18,0.09,10.0,0.98,12.18,0.91,10.0,0.99,26.87,,,0.01,0.01,43.338007,1776191980000
1776191982.257,282.257,0.01,13.15,,,0.02,12.18,0.09,10.0,0.98,12.18,0.91,10.0,0.99,13.15,,,0.01,0.01,43.333121,1776191981000
1776191982.803,282.803,0.01,2.04,,,0.02,12.18,0.09,10.0,0.98,12.18,0.91,10.0,0.99,13.15,,,0.01,0.01,43.333121,1776191981000
1776191983.356,283.356,0.01,2.04,,,0.02,12.18,0.09,10.0,0.98,12.18,0.91,10.0,0.99,2.04,,,0.01,0.01,43.3354,1776191982000
1776191984.259,284.259,0.01,2.04,,,0.02,12.18,0.09,10.0,0.98,12.18,0.91,10.0,0.99,2.04,,,0.01,0.01,43.3354,1776191983000
1776191985.05,285.05,,,,,0.01,997.96,0.02,12.18,0.98,12.18,0.91,10.0,0.99,2.04,,,,0.01,43.3354,1776191983000
1776191985.28,285.28,,,,,0.01,997.96,0.02,12.18,0.99,997.96,0.98,12.18,,,,,,,43.3358,1776191984000
1776191986.196,286.196,,,,,0.01,997.96,0.02,12.18,0.99,997.96,0.98,12.18,,,,,,,43.336662,1776191985000
1776191987.233,287.233,,,,,0.01,997.96,0.02,12.18,0.99,997.96,0.98,12.18,,,,,,,43.340139,1776191986000
1776191988.294,288.294,,,,,0.01,997.96,0.02,12.18,0.99,997.96,0.98,12.18,,,,,,,43.341775,1776191987000
1776191989.286,289.286,,,,,0.01,997.96,0.02,12.18,0.99,997.96,0.98,12.18,,,,,,,43.337693,1776191988000
1776191990.875,290.875,,,,,0.01,997.96,0.02,12.18,0.99,997.96,0.98,12.18,,,,,,,43.338599,1776191989000
1776191991.409,291.409,,,,,0.01,997.96,0.02,12.18,0.99,997.96,0.98,12.18,,,,,,,43.343103,1776191990000
1776191992.327,292.327,,,,,0.01,997.96,0.02,12.18,0.99,997.96,0.98,12.18,,,,,,,43.3424,1776191991000
1776191993.346,293.346,,,,,0.01,997.96,0.02,12.18,0.99,997.96,0.98,12.18,,,,,,,43.3412,1776191992000
1776191993.885,293.885,,,,,0.01,997.96,0.02,12.18,0.99,997.96,0.98,12.18,,,,,,,43.3412,1776191993000
1776191994.975,294.975,,,,,0.01,997.96,0.02,12.18,0.99,997.96,0.98,12.18,,,,,,,43.3407,1776191994000
1776191996.022,296.022,,,,,0.01,997.96,0.02,12.18,0.99,997.96,0.98,12.18,,,,,,,43.341547,1776191995000
1776191996.972,296.972,,,,,0.01,997.96,0.02,12.18,0.99,997.96,0.98,12.18,,,,,,,43.3371,1776191996000
1776191997.862,297.862,,,,,0.01,997.96,0.02,12.18,0.99,997.96,0.98,12.18,,,,,,,43.340024,1776191997000
1776191999.345,299.345,,,,,0.01,997.96,0.02,12.18,0.99,997.96,0.98,12.18,,,,,,,43.3374,1776191998000
1776192000.303,300.303,,,,,0.01,997.96,0.02,12.18,0.99,997.96,0.98,12.18,,,,,,,43.3401,1776191999000

# RESULT,winner=Down,slug=hype-updown-5m-1776191700,ticks=324
