timestamp,elapsed_sec,up_bid_p1,up_bid_s1,up_bid_p2,up_bid_s2,up_ask_p1,up_ask_s1,up_ask_p2,up_ask_s2,down_bid_p1,down_bid_s1,down_bid_p2,down_bid_s2,down_ask_p1,down_ask_s1,down_ask_p2,down_ask_s2,up_spread,down_spread,hype_price,hype_oracle_ts
1776196801.504,1.504,,,,,,,,,,,,,,,,,,,43.388061,1776196800000
1776196802.116,2.116,0.51,20.0,0.11,100.0,0.89,100.0,0.92,50.0,0.11,100.0,0.08,50.0,0.49,20.0,0.89,100.0,0.38,0.38,43.388061,1776196800000
1776196803.512,3.512,0.51,20.0,0.11,100.0,0.89,100.0,0.92,50.0,0.11,100.0,0.08,50.0,0.49,20.0,0.89,100.0,0.38,0.38,43.394748,1776196802000
1776196804.331,4.331,0.51,20.0,0.11,100.0,0.89,100.0,0.92,50.0,0.11,100.0,0.08,50.0,0.49,20.0,0.89,100.0,0.38,0.38,43.397962,1776196803000
1776196805.516,5.516,0.51,20.0,0.11,100.0,0.89,100.0,0.92,50.0,0.11,100.0,0.08,50.0,0.49,20.0,0.89,100.0,0.38,0.38,43.397171,1776196804000
1776196806.236,6.236,0.51,20.0,0.11,100.0,0.89,100.0,0.92,50.0,0.11,100.0,0.08,50.0,0.49,20.0,0.89,100.0,0.38,0.38,43.397857,1776196805000
1776196807.49,7.49,0.51,20.0,0.11,100.0,0.89,100.0,0.92,50.0,0.11,100.0,0.08,50.0,0.49,20.0,0.89,100.0,0.38,0.38,43.400942,1776196806000
1776196808.245,8.245,0.51,20.0,0.11,100.0,0.89,100.0,0.92,50.0,0.11,100.0,0.08,50.0,0.49,20.0,0.89,100.0,0.38,0.38,43.400579,1776196807000
1776196810.783,10.783,0.51,20.0,0.11,100.0,0.89,100.0,0.92,50.0,0.11,100.0,0.08,50.0,0.49,20.0,0.89,100.0,0.38,0.38,43.405293,1776196809000
1776196811.414,11.414,0.51,20.0,0.11,100.0,0.89,100.0,0.92,50.0,0.11,100.0,0.08,50.0,0.49,20.0,0.89,100.0,0.38,0.38,43.405667,1776196810000
1776196811.929,11.929,0.51,20.0,0.11,100.0,0.89,100.0,0.92,50.0,0.11,100.0,0.08,50.0,0.49,20.0,0.89,100.0,0.38,0.38,43.405667,1776196811000
1776196812.91,12.91,0.11,4.94,0.07,50.0,0.6,5.0,0.71,10.0,0.11,100.0,0.08,50.0,0.49,20.0,0.89,100.0,0.49,0.38,43.405667,1776196811000
1776196813.279,13.279,0.11,4.94,0.07,50.0,0.6,5.0,0.71,10.0,0.4,5.0,0.29,10.0,0.89,4.94,0.93,50.0,0.49,0.49,43.401143,1776196812000
1776196814.471,14.471,0.11,4.94,0.07,50.0,0.6,5.0,0.71,10.0,0.4,5.0,0.29,10.0,0.89,4.94,0.93,50.0,0.49,0.49,43.404485,1776196813000
1776196814.7,14.7,0.61,5.0,0.11,167.94,0.78,10.0,0.89,100.0,0.4,5.0,0.29,10.0,0.89,4.94,0.93,50.0,0.17,0.49,43.404485,1776196813000
1776196814.908,14.908,0.61,5.0,0.11,167.94,0.78,10.0,0.89,100.0,0.22,10.0,0.11,100.0,0.39,5.0,0.89,167.94,0.17,0.17,43.404875,1776196814000
1776196815.138,15.138,0.06,3.08,0.05,175.0,0.77,10.0,0.89,100.0,0.22,10.0,0.11,100.0,0.39,5.0,0.89,167.94,0.71,0.17,43.404875,1776196814000
1776196816.077,16.077,0.06,3.08,0.05,175.0,0.77,10.0,0.89,100.0,0.23,10.0,0.11,100.0,0.94,3.08,0.95,175.0,0.71,0.71,43.405532,1776196815000
1776196816.89,16.89,0.05,75.99,0.04,105.0,0.76,10.0,0.89,100.0,0.23,10.0,0.11,100.0,0.94,3.08,0.95,175.0,0.71,0.71,43.405532,1776196815000
1776196817.34,17.34,0.05,75.99,0.04,105.0,0.76,10.0,0.89,100.0,0.24,10.0,0.11,100.0,0.95,75.99,0.96,105.0,0.71,0.71,43.4165,1776196816000
1776196818.676,18.676,0.05,75.99,0.04,105.0,0.76,10.0,0.89,100.0,0.24,10.0,0.11,100.0,0.95,75.99,0.96,105.0,0.71,0.71,43.4208,1776196817000
1776196818.905,18.905,0.55,5.0,0.1,100.0,0.93,47.2,0.94,50.0,0.24,10.0,0.11,100.0,0.95,75.99,0.96,105.0,0.38,0.71,43.4208,1776196817000
1776196819.284,19.284,0.55,5.0,0.1,100.0,0.93,47.2,0.94,50.0,0.07,47.2,0.06,50.0,0.45,5.0,0.9,100.0,0.38,0.38,43.423706,1776196818000
1776196820.435,20.435,0.55,5.0,0.1,100.0,0.93,47.2,0.94,50.0,0.07,47.2,0.06,50.0,0.45,5.0,0.9,100.0,0.38,0.38,43.424443,1776196819000
1776196820.845,20.845,0.57,10.0,0.55,5.0,0.95,74.25,0.96,105.0,0.07,47.2,0.06,50.0,0.45,5.0,0.9,100.0,0.38,0.38,43.424443,1776196819000
1776196822.088,22.088,0.57,10.0,0.55,5.0,0.95,74.25,0.96,105.0,0.05,74.25,0.04,105.0,0.43,10.0,0.45,5.0,0.38,0.38,43.424364,1776196821000
1776196823.153,23.153,0.57,10.0,0.55,5.0,0.95,74.25,0.96,105.0,0.05,74.25,0.04,105.0,0.43,10.0,0.45,5.0,0.38,0.38,43.421078,1776196822000
1776196824.262,24.262,0.57,10.0,0.55,5.0,0.95,74.25,0.96,105.0,0.05,74.25,0.04,105.0,0.43,10.0,0.45,5.0,0.38,0.38,43.418374,1776196823000
1776196824.901,24.901,0.55,5.0,0.51,10.0,0.95,208.14,0.96,105.0,0.05,74.25,0.04,105.0,0.43,10.0,0.45,5.0,0.4,0.38,43.418374,1776196823000
1776196825.349,25.349,0.43,1.49,0.42,5.0,0.95,208.14,0.96,105.0,0.05,208.14,0.04,105.0,0.57,1.49,0.58,5.0,0.52,0.52,43.409204,1776196824000
1776196826.491,26.491,0.43,1.49,0.42,5.0,0.95,208.14,0.96,105.0,0.05,208.14,0.04,105.0,0.57,1.49,0.58,5.0,0.52,0.52,43.409669,1776196825000
1776196826.939,26.939,0.43,1.49,0.42,5.0,0.95,208.14,0.96,105.0,0.05,208.14,0.04,105.0,0.57,1.49,0.58,5.0,0.52,0.52,43.409669,1776196826000
1776196827.981,27.981,0.43,1.49,0.42,5.0,0.95,208.14,0.96,105.0,0.05,208.14,0.04,105.0,0.57,1.49,0.58,5.0,0.52,0.52,43.410142,1776196827000
1776196829.005,29.005,0.43,1.49,0.42,5.0,0.95,208.14,0.96,105.0,0.05,208.14,0.04,105.0,0.57,1.49,0.58,5.0,0.52,0.52,43.410143,1776196828000
1776196829.987,29.987,0.05,55.1,0.04,120.0,0.83,5.0,0.84,15.0,0.17,5.0,0.16,15.0,0.95,55.1,0.96,120.0,0.78,0.78,43.413254,1776196829000
1776196830.976,30.976,0.05,55.1,0.04,120.0,0.83,5.0,0.84,15.0,0.17,5.0,0.16,15.0,0.95,55.1,0.96,120.0,0.78,0.78,43.4215,1776196830000
1776196831.981,31.981,0.59,10.0,0.1,15.0,0.96,130.88,0.97,174.0,0.04,130.88,0.03,174.0,0.41,10.0,0.9,15.0,0.37,0.37,43.425049,1776196831000
1776196833.04,33.04,0.59,10.0,0.1,15.0,0.96,130.88,0.97,174.0,0.04,130.88,0.03,174.0,0.41,10.0,0.9,15.0,0.37,0.37,43.42463,1776196832000
1776196833.976,33.976,0.1,52.16,0.09,15.0,0.78,15.0,0.79,5.0,0.22,15.0,0.21,5.0,0.9,52.16,0.91,15.0,0.68,0.68,43.425421,1776196833000
1776196834.94,34.94,0.1,52.16,0.09,15.0,0.78,15.0,0.79,5.0,0.22,15.0,0.21,5.0,0.9,52.16,0.91,15.0,0.68,0.68,43.425346,1776196834000
1776196835.99,35.99,0.14,38.87,0.13,15.0,0.74,10.0,0.76,5.0,0.26,10.0,0.24,5.0,0.86,38.87,0.87,15.0,0.6,0.6,43.421597,1776196835000
1776196836.837,36.837,0.55,10.0,0.14,15.0,0.93,9.83,0.94,15.0,0.26,10.0,0.24,5.0,0.86,38.87,0.87,15.0,0.38,0.6,43.421597,1776196835000
1776196837.062,37.062,0.55,10.0,0.14,15.0,0.93,9.83,0.94,15.0,0.07,9.83,0.06,15.0,0.45,10.0,0.86,15.0,0.38,0.38,43.419952,1776196836000
1776196838.162,38.162,0.55,10.0,0.14,15.0,0.93,9.83,0.94,15.0,0.07,9.83,0.06,15.0,0.45,10.0,0.86,15.0,0.38,0.38,43.419951,1776196837000
1776196838.806,38.806,0.09,4.93,0.08,15.0,0.75,10.0,0.84,15.0,0.07,9.83,0.06,15.0,0.45,10.0,0.86,15.0,0.66,0.38,43.419951,1776196837000
1776196839.561,39.561,0.09,4.93,0.08,15.0,0.75,10.0,0.84,15.0,0.25,10.0,0.16,15.0,0.91,4.93,0.92,15.0,0.66,0.66,43.419331,1776196838000
1776196840.13,40.13,0.09,4.93,0.08,15.0,0.75,10.0,0.84,15.0,0.25,10.0,0.16,15.0,0.91,4.93,0.92,15.0,0.66,0.66,43.419331,1776196839000
1776196840.894,40.894,0.49,10.0,0.17,15.0,0.87,1.89,0.93,9.83,0.25,10.0,0.16,15.0,0.91,4.93,0.92,15.0,0.38,0.66,43.419331,1776196839000
1776196841.182,41.182,0.49,10.0,0.17,15.0,0.87,1.89,0.93,9.83,0.13,1.89,0.07,9.83,0.51,10.0,0.83,15.0,0.38,0.38,43.419025,1776196840000
1776196842.305,42.305,0.49,10.0,0.17,15.0,0.87,1.89,0.93,9.83,0.13,1.89,0.07,9.83,0.51,10.0,0.83,15.0,0.38,0.38,43.418682,1776196841000
1776196843.256,43.256,0.49,10.0,0.17,15.0,0.87,1.89,0.93,9.83,0.13,1.89,0.07,9.83,0.51,10.0,0.83,15.0,0.38,0.38,43.416022,1776196842000
1776196844.335,44.335,0.49,10.0,0.17,15.0,0.87,1.89,0.93,9.83,0.13,1.89,0.07,9.83,0.51,10.0,0.83,15.0,0.38,0.38,43.413821,1776196843000
1776196844.807,44.807,0.16,94.85,0.15,15.0,0.69,10.0,0.84,15.0,0.13,1.89,0.07,9.83,0.51,10.0,0.83,15.0,0.53,0.38,43.413821,1776196843000
1776196845.929,45.929,0.16,94.85,0.15,15.0,0.69,10.0,0.84,15.0,0.31,10.0,0.16,15.0,0.84,94.85,0.85,15.0,0.53,0.53,43.412991,1776196845000
1776196846.801,46.801,0.41,10.0,0.25,15.0,0.95,3.14,0.96,45.88,0.31,10.0,0.16,15.0,0.84,94.85,0.85,15.0,0.54,0.53,43.412991,1776196845000
1776196847.01,47.01,0.41,10.0,0.25,15.0,0.95,3.14,0.96,45.88,0.05,3.14,0.04,45.88,0.59,10.0,0.75,15.0,0.54,0.54,43.411206,1776196846000
1776196848.092,48.092,0.41,10.0,0.25,15.0,0.95,3.14,0.96,45.88,0.05,3.14,0.04,45.88,0.59,10.0,0.75,15.0,0.54,0.54,43.404996,1776196847000
1776196849.074,49.074,0.41,10.0,0.25,15.0,0.95,3.14,0.96,45.88,0.05,3.14,0.04,45.88,0.59,10.0,0.75,15.0,0.54,0.54,43.39695,1776196848000
1776196850.143,50.143,0.41,10.0,0.25,15.0,0.95,3.14,0.96,45.88,0.05,3.14,0.04,45.88,0.59,10.0,0.75,15.0,0.54,0.54,43.396932,1776196849000
1776196851.088,51.088,0.49,10.0,0.29,15.0,0.96,143.2,0.97,149.0,0.05,3.14,0.04,45.88,0.59,10.0,0.75,15.0,0.47,0.54,43.396932,1776196849000
1776196852.27,52.27,0.49,10.0,0.29,15.0,0.96,143.2,0.97,149.0,0.04,143.2,0.03,149.0,0.51,10.0,0.71,15.0,0.47,0.47,43.398724,1776196851000
1776196853.013,53.013,0.46,10.0,0.33,15.0,0.96,75.75,0.97,149.0,0.04,143.2,0.03,149.0,0.51,10.0,0.71,15.0,0.5,0.47,43.398724,1776196851000
1776196853.317,53.317,0.46,10.0,0.33,15.0,0.96,75.75,0.97,149.0,0.04,75.75,0.03,149.0,0.54,10.0,0.67,15.0,0.5,0.5,43.398218,1776196852000
1776196854.357,54.357,0.46,10.0,0.33,15.0,0.96,75.75,0.97,149.0,0.04,75.75,0.03,149.0,0.54,10.0,0.67,15.0,0.5,0.5,43.397859,1776196853000
1776196854.848,54.848,0.26,13.85,0.25,15.0,0.67,10.0,0.85,15.0,0.04,75.75,0.03,149.0,0.54,10.0,0.67,15.0,0.41,0.5,43.397859,1776196853000
1776196855.257,55.257,0.26,13.85,0.25,15.0,0.67,10.0,0.85,15.0,0.33,10.0,0.15,15.0,0.74,13.85,0.75,15.0,0.41,0.41,43.397471,1776196854000
1776196856.307,56.307,0.26,13.85,0.25,15.0,0.67,10.0,0.85,15.0,0.33,10.0,0.15,15.0,0.74,13.85,0.75,15.0,0.41,0.41,43.397547,1776196855000
1776196856.876,56.876,0.08,4.16,0.05,115.0,0.66,5.0,0.67,5.0,0.33,10.0,0.15,15.0,0.74,13.85,0.75,15.0,0.58,0.41,43.397547,1776196855000
1776196857.411,57.411,0.08,4.16,0.05,115.0,0.66,5.0,0.67,5.0,0.34,5.0,0.33,5.0,0.92,4.16,0.95,115.0,0.58,0.58,43.398567,1776196856000
1776196858.297,58.297,0.08,4.16,0.05,115.0,0.66,5.0,0.67,5.0,0.34,5.0,0.33,5.0,0.92,4.16,0.95,115.0,0.58,0.58,43.398201,1776196857000
1776196858.87,58.87,0.08,130.17,0.05,115.0,0.62,5.0,0.63,15.0,0.34,5.0,0.33,5.0,0.92,4.16,0.95,115.0,0.54,0.58,43.398201,1776196857000
1776196859.311,59.311,0.08,130.17,0.05,115.0,0.62,5.0,0.63,15.0,0.38,5.0,0.37,15.0,0.92,130.17,0.95,115.0,0.54,0.54,43.39819,1776196858000
1776196860.369,60.369,0.08,130.17,0.05,115.0,0.62,5.0,0.63,15.0,0.38,5.0,0.37,15.0,0.92,130.17,0.95,115.0,0.54,0.54,43.397562,1776196859000
1776196860.851,60.851,0.08,130.17,0.05,115.0,0.62,5.0,0.63,15.0,0.38,5.0,0.37,15.0,0.92,130.17,0.95,115.0,0.54,0.54,43.397126,1776196860000
1776196861.872,61.872,0.08,130.17,0.05,115.0,0.62,5.0,0.63,15.0,0.38,5.0,0.37,15.0,0.92,130.17,0.95,115.0,0.54,0.54,43.397437,1776196861000
1776196862.896,62.896,0.45,10.0,0.33,15.0,0.81,6.29,0.82,15.0,0.38,5.0,0.37,15.0,0.92,130.17,0.95,115.0,0.36,0.54,43.397437,1776196861000
1776196863.813,63.813,0.45,10.0,0.33,15.0,0.81,6.29,0.82,15.0,0.19,6.29,0.18,15.0,0.55,10.0,0.67,15.0,0.36,0.36,43.396814,1776196863000
1776196864.898,64.898,0.47,10.0,0.36,15.0,0.96,73.19,0.97,149.0,0.19,6.29,0.18,15.0,0.55,10.0,0.67,15.0,0.49,0.36,43.396814,1776196863000
1776196865.275,65.275,0.47,10.0,0.36,15.0,0.96,73.19,0.97,149.0,0.04,73.19,0.03,149.0,0.53,10.0,0.64,15.0,0.49,0.49,43.397907,1776196864000
1776196866.414,66.414,0.47,10.0,0.36,15.0,0.96,73.19,0.97,149.0,0.04,73.19,0.03,149.0,0.53,10.0,0.64,15.0,0.49,0.49,43.397907,1776196865000
1776196866.932,66.932,0.5,10.0,0.36,15.0,0.96,21.73,0.97,49.0,0.04,73.19,0.03,149.0,0.53,10.0,0.64,15.0,0.46,0.49,43.397907,1776196865000
1776196868.133,68.133,0.5,10.0,0.36,15.0,0.96,21.73,0.97,49.0,0.04,21.73,0.03,49.0,0.5,10.0,0.64,15.0,0.46,0.46,43.397906,1776196867000
1776196868.777,68.777,0.05,108.78,0.04,20.0,0.68,15.0,0.69,15.0,0.04,21.73,0.03,49.0,0.5,10.0,0.64,15.0,0.63,0.46,43.397906,1776196867000
1776196869.382,69.382,0.05,108.78,0.04,20.0,0.68,15.0,0.69,15.0,0.32,15.0,0.31,15.0,0.95,108.78,0.96,20.0,0.63,0.63,43.398183,1776196868000
1776196870.09,70.09,0.05,108.78,0.04,20.0,0.68,15.0,0.69,15.0,0.32,15.0,0.31,15.0,0.95,108.78,0.96,20.0,0.63,0.63,43.398936,1776196869000
1776196870.864,70.864,0.05,47.62,0.04,20.0,0.66,5.0,0.67,20.0,0.32,15.0,0.31,15.0,0.95,108.78,0.96,20.0,0.61,0.63,43.398936,1776196869000
1776196871.179,71.179,0.05,47.62,0.04,20.0,0.66,5.0,0.67,20.0,0.34,5.0,0.33,20.0,0.95,47.62,0.96,20.0,0.61,0.61,43.402636,1776196870000
1776196872.415,72.415,0.05,47.62,0.04,20.0,0.66,5.0,0.67,20.0,0.34,5.0,0.33,20.0,0.95,47.62,0.96,20.0,0.61,0.61,43.405068,1776196871000
1776196872.863,72.863,0.05,323.57,0.04,20.0,0.62,6.58,0.66,15.0,0.34,5.0,0.33,20.0,0.95,47.62,0.96,20.0,0.57,0.61,43.405068,1776196871000
1776196874.188,74.188,0.05,323.57,0.04,20.0,0.62,6.58,0.66,15.0,0.38,6.58,0.34,15.0,0.95,323.57,0.96,20.0,0.57,0.57,43.399227,1776196873000
1776196875.433,75.433,0.05,323.57,0.04,20.0,0.62,6.58,0.66,15.0,0.38,6.58,0.34,15.0,0.95,323.57,0.96,20.0,0.57,0.57,43.403565,1776196874000
1776196875.988,75.988,0.05,323.57,0.04,20.0,0.62,6.58,0.66,15.0,0.38,6.58,0.34,15.0,0.95,323.57,0.96,20.0,0.57,0.57,43.402777,1776196875000
1776196876.835,76.835,0.46,10.0,0.45,15.0,0.69,8.66,0.7,15.0,0.38,6.58,0.34,15.0,0.95,323.57,0.96,20.0,0.23,0.57,43.402777,1776196875000
1776196877.312,77.312,0.46,10.0,0.45,15.0,0.69,8.66,0.7,15.0,0.31,8.66,0.3,15.0,0.54,10.0,0.55,15.0,0.23,0.23,43.397798,1776196876000
1776196878.617,78.617,0.46,10.0,0.45,15.0,0.69,8.66,0.7,15.0,0.31,8.66,0.3,15.0,0.54,10.0,0.55,15.0,0.23,0.23,43.398123,1776196877000
1776196879.131,79.131,0.47,10.0,0.46,15.0,0.97,31.97,0.98,225.0,0.03,31.97,0.02,225.0,0.53,10.0,0.54,15.0,0.5,0.5,43.398123,1776196878000
1776196880.303,80.303,0.47,10.0,0.46,15.0,0.97,31.97,0.98,225.0,0.03,31.97,0.02,225.0,0.53,10.0,0.54,15.0,0.5,0.5,43.397978,1776196879000
1776196880.953,80.953,0.54,10.0,0.5,15.0,0.99,1871.87,,,0.03,31.97,0.02,225.0,0.53,10.0,0.54,15.0,0.45,0.5,43.397978,1776196879000
1776196881.844,81.844,0.54,10.0,0.5,15.0,0.99,1871.87,,,0.01,1871.87,,,0.46,10.0,0.5,15.0,0.45,0.45,43.397978,1776196880000
1776196882.384,82.384,0.54,10.0,0.5,15.0,0.99,1871.87,,,0.01,1871.87,,,0.46,10.0,0.5,15.0,0.45,0.45,43.398707,1776196881000
1776196882.642,82.642,0.03,7.45,0.02,25.0,0.58,5.0,0.59,5.0,0.01,1871.87,,,0.46,10.0,0.5,15.0,0.55,0.45,43.398707,1776196881000
1776196883.111,83.111,0.03,7.45,0.02,25.0,0.58,5.0,0.59,5.0,0.42,5.0,0.41,5.0,0.97,7.45,0.98,25.0,0.55,0.55,43.398861,1776196882000
1776196884.419,84.419,0.03,7.45,0.02,25.0,0.58,5.0,0.59,5.0,0.42,5.0,0.41,5.0,0.97,7.45,0.98,25.0,0.55,0.55,43.399151,1776196883000
1776196885.128,85.128,0.03,7.45,0.02,25.0,0.58,5.0,0.59,5.0,0.42,5.0,0.41,5.0,0.97,7.45,0.98,25.0,0.55,0.55,43.390902,1776196884000
1776196886.441,86.441,0.03,7.45,0.02,25.0,0.58,5.0,0.59,5.0,0.42,5.0,0.41,5.0,0.97,7.45,0.98,25.0,0.55,0.55,43.390723,1776196885000
1776196886.942,86.942,0.03,427.38,0.02,25.0,0.56,5.0,0.57,5.0,0.42,5.0,0.41,5.0,0.97,7.45,0.98,25.0,0.53,0.55,43.390723,1776196885000
1776196888.178,88.178,0.03,427.38,0.02,25.0,0.56,5.0,0.57,5.0,0.44,5.0,0.43,5.0,0.97,427.38,0.98,25.0,0.53,0.53,43.389936,1776196887000
1776196889.106,89.106,0.01,1233.68,,,0.57,5.0,0.58,20.0,0.44,5.0,0.43,5.0,0.97,427.38,0.98,25.0,0.56,0.53,43.389936,1776196887000
1776196889.357,89.357,0.01,1233.68,,,0.57,5.0,0.58,20.0,0.43,5.0,0.42,20.0,0.99,1233.68,,,0.56,0.56,43.389463,1776196888000
1776196890.009,90.009,0.01,1233.68,,,0.57,5.0,0.58,20.0,0.43,5.0,0.42,20.0,0.99,1233.68,,,0.56,0.56,43.392703,1776196889000
1776196890.844,90.844,0.45,15.0,0.44,15.0,0.66,12.12,0.99,1271.87,0.43,5.0,0.42,20.0,0.99,1233.68,,,0.21,0.56,43.392703,1776196889000
1776196891.254,91.254,0.45,15.0,0.44,15.0,0.66,12.12,0.99,1271.87,0.34,12.12,0.01,1271.87,0.55,15.0,0.56,15.0,0.21,0.21,43.392603,1776196890000
1776196892.554,92.554,0.45,15.0,0.44,15.0,0.66,12.12,0.99,1271.87,0.34,12.12,0.01,1271.87,0.55,15.0,0.56,15.0,0.21,0.21,43.393148,1776196891000
1776196892.794,92.794,0.01,1188.17,,,0.67,5.0,0.68,30.0,0.34,12.12,0.01,1271.87,0.55,15.0,0.56,15.0,0.66,0.21,43.393148,1776196891000
1776196893.263,93.263,0.01,1188.17,,,0.67,5.0,0.68,30.0,0.33,5.0,0.32,30.0,0.99,1188.17,,,0.66,0.66,43.395091,1776196892000
1776196894.418,94.418,0.01,1188.17,,,0.67,5.0,0.68,30.0,0.33,5.0,0.32,30.0,0.99,1188.17,,,0.66,0.66,43.401478,1776196893000
1776196894.708,94.708,0.53,15.0,0.52,15.0,0.99,1206.26,,,0.33,5.0,0.32,30.0,0.99,1188.17,,,0.46,0.66,43.401478,1776196893000
1776196895.064,95.064,0.53,15.0,0.52,15.0,0.99,1206.26,,,0.01,1206.26,,,0.47,15.0,0.48,15.0,0.46,0.46,43.40164,1776196894000
1776196896.325,96.325,0.53,15.0,0.52,15.0,0.99,1206.26,,,0.01,1206.26,,,0.47,15.0,0.48,15.0,0.46,0.46,43.401329,1776196895000
1776196898.19,98.19,0.53,15.0,0.52,15.0,0.99,1206.26,,,0.01,1206.26,,,0.47,15.0,0.48,15.0,0.46,0.46,43.399667,1776196897000
1776196899.515,99.515,0.53,15.0,0.52,15.0,0.99,1206.26,,,0.01,1206.26,,,0.47,15.0,0.48,15.0,0.46,0.46,43.399667,1776196898000
1776196900.144,100.144,0.53,15.0,0.52,15.0,0.99,1206.26,,,0.01,1206.26,,,0.47,15.0,0.48,15.0,0.46,0.46,43.399589,1776196899000
1776196900.935,100.935,0.53,15.0,0.52,15.0,0.97,20.97,0.98,52.5,0.01,1206.26,,,0.47,15.0,0.48,15.0,0.44,0.46,43.399589,1776196899000
1776196901.355,101.355,0.53,15.0,0.52,15.0,0.97,20.97,0.98,52.5,0.03,20.97,0.02,52.5,0.47,15.0,0.48,15.0,0.44,0.44,43.404135,1776196900000
1776196902.035,102.035,0.53,15.0,0.52,15.0,0.97,20.97,0.98,52.5,0.03,20.97,0.02,52.5,0.47,15.0,0.48,15.0,0.44,0.44,43.404206,1776196901000
1776196902.848,102.848,0.01,1130.54,,,0.64,30.0,0.65,25.0,0.03,20.97,0.02,52.5,0.47,15.0,0.48,15.0,0.63,0.44,43.404206,1776196901000
1776196903.12,103.12,0.01,1130.54,,,0.64,30.0,0.65,25.0,0.36,30.0,0.35,25.0,0.99,1130.54,,,0.63,0.63,43.397802,1776196902000
1776196903.87,103.87,0.53,8.19,0.46,10.0,0.63,10.0,0.64,30.0,0.36,30.0,0.35,25.0,0.99,1130.54,,,0.1,0.63,43.397802,1776196902000
1776196904.251,104.251,0.53,8.19,0.46,10.0,0.63,10.0,0.64,30.0,0.37,10.0,0.36,30.0,0.47,8.19,0.54,10.0,0.1,0.1,43.397078,1776196903000
1776196904.835,104.835,0.54,15.0,0.53,8.19,0.98,22.13,0.99,1206.26,0.37,10.0,0.36,30.0,0.47,8.19,0.54,10.0,0.44,0.1,43.397078,1776196903000
1776196905.396,105.396,0.54,15.0,0.53,8.19,0.98,22.13,0.99,1206.26,0.02,22.13,0.01,1206.26,0.46,15.0,0.47,8.19,0.44,0.44,43.395926,1776196904000
1776196905.969,105.969,0.54,15.0,0.53,8.19,0.98,22.13,0.99,1206.26,0.02,22.13,0.01,1206.26,0.46,15.0,0.47,8.19,0.44,0.44,43.395926,1776196905000
1776196907.22,107.22,0.54,15.0,0.53,8.19,0.98,22.13,0.99,1206.26,0.02,22.13,0.01,1206.26,0.46,15.0,0.47,8.19,0.44,0.44,43.396803,1776196906000
1776196908.553,108.553,0.01,1067.76,,,0.74,5.0,0.79,15.0,0.26,5.0,0.21,15.0,0.99,1067.76,,,0.73,0.73,43.404251,1776196907000
1776196908.999,108.999,0.01,1067.76,,,0.74,5.0,0.79,15.0,0.26,5.0,0.21,15.0,0.99,1067.76,,,0.73,0.73,43.405268,1776196908000
1776196910.196,110.196,0.01,1067.76,,,0.74,5.0,0.79,15.0,0.26,5.0,0.21,15.0,0.99,1067.76,,,0.73,0.73,43.405897,1776196909000
1776196910.854,110.854,0.64,15.0,0.63,15.0,0.99,1201.8,,,0.26,5.0,0.21,15.0,0.99,1067.76,,,0.35,0.73,43.405897,1776196909000
1776196911.436,111.436,0.64,15.0,0.63,15.0,0.99,1201.8,,,0.01,1201.8,,,0.36,15.0,0.37,15.0,0.35,0.35,43.407687,1776196910000
1776196912.006,112.006,0.64,15.0,0.63,15.0,0.99,1201.8,,,0.01,1201.8,,,0.36,15.0,0.37,15.0,0.35,0.35,43.407687,1776196911000
1776196913.119,113.119,0.01,1001.74,,,0.73,15.0,0.74,15.0,0.01,1201.8,,,0.36,15.0,0.37,15.0,0.72,0.35,43.407687,1776196911000
1776196913.755,113.755,0.01,1001.74,,,0.73,15.0,0.74,15.0,0.27,15.0,0.26,15.0,0.99,1001.74,,,0.72,0.72,43.410983,1776196912000
1776196914.401,114.401,0.01,1001.74,,,0.73,15.0,0.74,15.0,0.27,15.0,0.26,15.0,0.99,1001.74,,,0.72,0.72,43.410669,1776196913000
1776196914.905,114.905,0.42,10.0,0.1,100.0,0.98,99.84,0.99,1201.8,0.27,15.0,0.26,15.0,0.99,1001.74,,,0.56,0.72,43.410669,1776196913000
1776196916.321,116.321,0.42,10.0,0.1,100.0,0.98,99.84,0.99,1201.8,0.02,99.84,0.01,1201.8,0.58,10.0,0.9,100.0,0.56,0.56,43.4065,1776196915000
1776196916.816,116.816,0.05,28.57,0.01,1001.74,0.62,10.0,0.69,15.0,0.02,99.84,0.01,1201.8,0.58,10.0,0.9,100.0,0.57,0.56,43.4065,1776196915000
1776196918.219,118.219,0.05,28.57,0.01,1001.74,0.62,10.0,0.69,15.0,0.38,10.0,0.31,15.0,0.95,28.57,0.99,1001.74,0.57,0.57,43.396727,1776196917000
1776196918.819,118.819,0.01,944.45,,,0.6,10.0,0.65,15.0,0.38,10.0,0.31,15.0,0.95,28.57,0.99,1001.74,0.59,0.57,43.396727,1776196917000
1776196919.308,119.308,0.01,944.45,,,0.6,10.0,0.65,15.0,0.4,10.0,0.35,15.0,0.99,944.45,,,0.59,0.59,43.395962,1776196918000
1776196920.512,120.512,0.01,944.45,,,0.6,10.0,0.65,15.0,0.4,10.0,0.35,15.0,0.99,944.45,,,0.59,0.59,43.39622,1776196919000
1776196921.361,121.361,0.01,944.45,,,0.6,10.0,0.65,15.0,0.4,10.0,0.35,15.0,0.99,944.45,,,0.59,0.59,43.396059,1776196920000
1776196922.491,122.491,0.01,944.45,,,0.6,10.0,0.65,15.0,0.4,10.0,0.35,15.0,0.99,944.45,,,0.59,0.59,43.392695,1776196921000
1776196923.054,123.054,0.01,944.45,,,0.6,10.0,0.65,15.0,0.4,10.0,0.35,15.0,0.99,944.45,,,0.59,0.59,43.387282,1776196922000
1776196924.295,124.295,0.01,890.66,,,0.6,15.0,0.61,15.0,0.4,15.0,0.39,15.0,0.99,890.66,,,0.59,0.59,43.385958,1776196923000
1776196924.941,124.941,0.42,10.0,0.41,15.0,0.68,3.16,0.69,15.0,0.4,15.0,0.39,15.0,0.99,890.66,,,0.26,0.59,43.385958,1776196923000
1776196925.475,125.475,0.42,10.0,0.41,15.0,0.68,3.16,0.69,15.0,0.32,3.16,0.31,15.0,0.58,10.0,0.59,15.0,0.26,0.26,43.389053,1776196924000
1776196925.972,125.972,0.42,10.0,0.41,15.0,0.68,3.16,0.69,15.0,0.32,3.16,0.31,15.0,0.58,10.0,0.59,15.0,0.26,0.26,43.389053,1776196925000
1776196926.846,126.846,0.54,10.0,0.43,15.0,0.95,25.84,0.99,1201.8,0.32,3.16,0.31,15.0,0.58,10.0,0.59,15.0,0.41,0.26,43.389053,1776196925000
1776196927.135,127.135,0.54,10.0,0.43,15.0,0.95,25.84,0.99,1201.8,0.05,25.84,0.01,1201.8,0.46,10.0,0.57,15.0,0.41,0.41,43.393994,1776196926000
1776196928.254,128.254,0.54,10.0,0.43,15.0,0.95,25.84,0.99,1201.8,0.05,25.84,0.01,1201.8,0.46,10.0,0.57,15.0,0.41,0.41,43.403343,1776196927000
1776196929.081,129.081,0.55,10.0,0.45,15.0,0.96,48.43,0.99,1201.8,0.05,25.84,0.01,1201.8,0.46,10.0,0.57,15.0,0.41,0.41,43.403343,1776196927000
1776196929.563,129.563,0.55,10.0,0.45,15.0,0.96,48.43,0.99,1201.8,0.04,48.43,0.01,1201.8,0.45,10.0,0.55,15.0,0.41,0.41,43.404597,1776196928000
1776196930.328,130.328,0.55,10.0,0.45,15.0,0.96,48.43,0.99,1201.8,0.04,48.43,0.01,1201.8,0.45,10.0,0.55,15.0,0.41,0.41,43.404745,1776196929000
1776196931.961,131.961,0.55,10.0,0.45,15.0,0.96,48.43,0.99,1201.8,0.04,48.43,0.01,1201.8,0.45,10.0,0.55,15.0,0.41,0.41,43.407415,1776196930000
1776196932.721,132.721,0.55,10.0,0.45,15.0,0.96,48.43,0.99,1201.8,0.04,48.43,0.01,1201.8,0.45,10.0,0.55,15.0,0.41,0.41,43.409578,1776196931000
1776196933.442,133.442,0.55,10.0,0.45,15.0,0.96,48.43,0.99,1201.8,0.04,48.43,0.01,1201.8,0.45,10.0,0.55,15.0,0.41,0.41,43.409578,1776196932000
1776196934.084,134.084,0.55,10.0,0.45,15.0,0.96,48.43,0.99,1201.8,0.04,48.43,0.01,1201.8,0.45,10.0,0.55,15.0,0.41,0.41,43.409578,1776196933000
1776196934.504,134.504,0.62,3.42,0.54,15.0,0.71,15.0,0.72,15.0,0.04,48.43,0.01,1201.8,0.45,10.0,0.55,15.0,0.09,0.41,43.409578,1776196933000
1776196934.83,134.83,0.43,7.8,0.42,15.0,0.71,15.0,0.72,15.0,0.29,15.0,0.28,15.0,0.38,3.42,0.46,15.0,0.28,0.09,43.409578,1776196933000
1776196935.693,135.693,0.43,7.8,0.42,15.0,0.71,15.0,0.72,15.0,0.29,15.0,0.28,15.0,0.57,7.8,0.58,15.0,0.28,0.28,43.409615,1776196934000
1776196936.491,136.491,0.43,7.8,0.42,15.0,0.71,15.0,0.72,15.0,0.29,15.0,0.28,15.0,0.57,7.8,0.58,15.0,0.28,0.28,43.409615,1776196935000
1776196936.734,136.734,0.1,67.38,0.01,890.66,0.72,15.0,0.77,10.0,0.29,15.0,0.28,15.0,0.57,7.8,0.58,15.0,0.62,0.28,43.409615,1776196935000
1776196937.138,137.138,0.1,67.38,0.01,890.66,0.72,15.0,0.77,10.0,0.28,15.0,0.23,10.0,0.9,67.38,0.99,890.66,0.62,0.62,43.410552,1776196936000
1776196938.795,138.795,0.1,67.38,0.01,890.66,0.72,15.0,0.77,10.0,0.28,15.0,0.23,10.0,0.9,67.38,0.99,890.66,0.62,0.62,43.409456,1776196937000
1776196939.551,139.551,0.63,15.0,0.62,15.0,0.98,17.65,0.99,1201.8,0.02,17.65,0.01,1201.8,0.37,15.0,0.38,15.0,0.35,0.35,43.40945,1776196938000
1776196940.344,140.344,0.63,15.0,0.62,15.0,0.98,17.65,0.99,1201.8,0.02,17.65,0.01,1201.8,0.37,15.0,0.38,15.0,0.35,0.35,43.40945,1776196939000
1776196940.911,140.911,0.01,879.18,,,0.78,10.0,0.98,17.65,0.02,17.65,0.01,1201.8,0.37,15.0,0.38,15.0,0.77,0.35,43.40945,1776196939000
1776196941.8,141.8,0.01,879.18,,,0.78,10.0,0.98,17.65,0.22,10.0,0.02,17.65,0.99,879.18,,,0.77,0.77,43.409562,1776196940000
1776196942.47,142.47,0.01,879.18,,,0.78,10.0,0.98,17.65,0.22,10.0,0.02,17.65,0.99,879.18,,,0.77,0.77,43.412516,1776196941000
1776196943.233,143.233,0.01,879.18,,,0.78,10.0,0.98,17.65,0.22,10.0,0.02,17.65,0.99,879.18,,,0.77,0.77,43.413016,1776196942000
1776196944.558,144.558,0.01,879.18,,,0.78,10.0,0.98,17.65,0.22,10.0,0.02,17.65,0.99,879.18,,,0.77,0.77,43.414496,1776196943000
1776196944.814,144.814,0.54,15.0,0.5,10.0,0.99,1192.85,,,0.22,10.0,0.02,17.65,0.99,879.18,,,0.45,0.77,43.414496,1776196943000
1776196945.325,145.325,0.54,15.0,0.5,10.0,0.99,1192.85,,,0.01,1192.85,,,0.46,15.0,0.5,10.0,0.45,0.45,43.414048,1776196944000
1776196946.755,146.755,0.54,15.0,0.5,10.0,0.99,1192.85,,,0.01,1192.85,,,0.46,15.0,0.5,10.0,0.45,0.45,43.400887,1776196945000
1776196947.444,147.444,0.05,15.42,0.01,879.18,0.67,10.0,0.7,15.0,0.33,10.0,0.3,15.0,0.95,15.42,0.99,879.18,0.62,0.62,43.40086,1776196946000
1776196948.577,148.577,0.05,12.29,0.01,879.18,0.69,15.0,0.7,15.0,0.31,15.0,0.3,15.0,0.95,12.29,0.99,879.18,0.64,0.64,43.401806,1776196947000
1776196949.076,149.076,0.05,12.29,0.01,879.18,0.69,15.0,0.7,15.0,0.31,15.0,0.3,15.0,0.95,12.29,0.99,879.18,0.64,0.64,43.398607,1776196948000
1776196950.275,150.275,0.05,12.29,0.01,879.18,0.69,15.0,0.7,15.0,0.31,15.0,0.3,15.0,0.95,12.29,0.99,879.18,0.64,0.64,43.374992,1776196949000
1776196950.836,150.836,0.29,10.0,0.04,100.0,0.7,5.5,0.71,15.0,0.31,15.0,0.3,15.0,0.95,12.29,0.99,879.18,0.41,0.64,43.374992,1776196949000
1776196951.304,151.304,0.29,10.0,0.04,100.0,0.7,5.5,0.71,15.0,0.3,5.5,0.29,15.0,0.71,10.0,0.96,100.0,0.41,0.41,43.366028,1776196950000
1776196952.423,152.423,0.29,10.0,0.04,100.0,0.7,5.5,0.71,15.0,0.3,5.5,0.29,15.0,0.71,10.0,0.96,100.0,0.41,0.41,43.367762,1776196951000
1776196952.927,152.927,0.29,10.0,0.04,100.0,0.7,5.5,0.71,15.0,0.3,5.5,0.29,15.0,0.71,10.0,0.96,100.0,0.41,0.41,43.37098,1776196952000
1776196953.906,153.906,0.02,43.92,0.01,879.18,0.5,10.0,0.64,15.0,0.5,10.0,0.36,15.0,0.98,43.92,0.99,879.18,0.48,0.48,43.37098,1776196953000
1776196954.826,154.826,0.31,10.0,0.18,15.0,0.9,63.94,0.99,1192.85,0.5,10.0,0.36,15.0,0.98,43.92,0.99,879.18,0.59,0.48,43.37098,1776196953000
1776196955.914,155.914,0.31,10.0,0.18,15.0,0.9,63.94,0.99,1192.85,0.1,63.94,0.01,1192.85,0.69,10.0,0.82,15.0,0.59,0.59,43.376856,1776196955000
1776196956.912,156.912,0.45,10.0,0.21,15.0,0.95,23.0,0.99,1192.85,0.1,63.94,0.01,1192.85,0.69,10.0,0.82,15.0,0.5,0.59,43.376856,1776196955000
1776196958.021,158.021,0.45,10.0,0.21,15.0,0.95,23.0,0.99,1192.85,0.05,23.0,0.01,1192.85,0.55,10.0,0.79,15.0,0.5,0.5,43.3861,1776196957000
1776196958.811,158.811,0.04,77.23,0.01,879.18,0.61,10.0,0.63,15.0,0.05,23.0,0.01,1192.85,0.55,10.0,0.79,15.0,0.57,0.5,43.3861,1776196957000
1776196959.139,159.139,0.04,77.23,0.01,879.18,0.61,10.0,0.63,15.0,0.39,10.0,0.37,15.0,0.96,77.23,0.99,879.18,0.57,0.57,43.387427,1776196958000
1776196960.187,160.187,0.04,77.23,0.01,879.18,0.61,10.0,0.63,15.0,0.39,10.0,0.37,15.0,0.96,77.23,0.99,879.18,0.57,0.57,43.389355,1776196959000
1776196961.255,161.255,0.04,77.23,0.01,879.18,0.61,10.0,0.63,15.0,0.39,10.0,0.37,15.0,0.96,77.23,0.99,879.18,0.57,0.57,43.386041,1776196960000
1776196962.243,162.243,0.04,77.23,0.01,879.18,0.61,10.0,0.63,15.0,0.39,10.0,0.37,15.0,0.96,77.23,0.99,879.18,0.57,0.57,43.387859,1776196961000
1776196962.714,162.714,0.04,74.73,0.01,879.18,0.58,10.0,0.59,15.0,0.39,10.0,0.37,15.0,0.96,77.23,0.99,879.18,0.54,0.57,43.387859,1776196961000
1776196963.385,163.385,0.04,74.73,0.01,879.18,0.58,10.0,0.59,15.0,0.42,10.0,0.41,15.0,0.96,74.73,0.99,879.18,0.54,0.54,43.388368,1776196962000
1776196963.948,163.948,0.04,74.73,0.01,879.18,0.58,10.0,0.59,15.0,0.42,10.0,0.41,15.0,0.96,74.73,0.99,879.18,0.54,0.54,43.388398,1776196963000
1776196964.677,164.677,0.04,11.96,0.01,879.18,0.58,25.0,0.59,15.0,0.42,10.0,0.41,15.0,0.96,74.73,0.99,879.18,0.54,0.54,43.388398,1776196963000
1776196965.001,165.001,0.04,11.96,0.01,879.18,0.58,25.0,0.59,15.0,0.42,25.0,0.41,15.0,0.96,11.96,0.99,879.18,0.54,0.54,43.388398,1776196964000
1776196966.257,166.257,0.04,11.96,0.01,879.18,0.58,25.0,0.59,15.0,0.42,25.0,0.41,15.0,0.96,11.96,0.99,879.18,0.54,0.54,43.387348,1776196965000
1776196966.851,166.851,0.28,72.0,0.27,15.0,0.95,61.21,0.99,1192.85,0.42,25.0,0.41,15.0,0.96,11.96,0.99,879.18,0.67,0.54,43.387348,1776196965000
1776196967.383,167.383,0.28,72.0,0.27,15.0,0.95,61.21,0.99,1192.85,0.05,61.21,0.01,1192.85,0.72,72.0,0.73,15.0,0.67,0.67,43.387587,1776196966000
1776196968.005,168.005,0.28,72.0,0.27,15.0,0.95,61.21,0.99,1192.85,0.05,61.21,0.01,1192.85,0.72,72.0,0.73,15.0,0.67,0.67,43.392529,1776196967000
1776196969.134,169.134,0.28,72.0,0.27,15.0,0.95,61.21,0.99,1192.85,0.05,61.21,0.01,1192.85,0.72,72.0,0.73,15.0,0.67,0.67,43.39865,1776196968000
1776196969.429,169.429,0.6,10.0,0.31,15.0,0.96,25.67,0.99,1192.85,0.05,61.21,0.01,1192.85,0.72,72.0,0.73,15.0,0.36,0.67,43.39865,1776196968000
1776196970.133,170.133,0.71,10.0,0.33,15.0,0.88,6.62,0.96,25.67,0.04,25.67,0.01,1192.85,0.4,10.0,0.69,15.0,0.17,0.36,43.39865,1776196968000
1776196971.468,171.468,0.71,10.0,0.33,15.0,0.88,6.62,0.96,25.67,0.12,6.62,0.04,25.67,0.29,10.0,0.67,15.0,0.17,0.17,43.414874,1776196970000
1776196971.732,171.732,0.33,87.0,0.32,15.0,0.79,5.0,0.98,100.0,0.12,6.62,0.04,25.67,0.29,10.0,0.67,15.0,0.46,0.17,43.414874,1776196970000
1776196972.07,172.07,0.33,87.0,0.32,15.0,0.79,5.0,0.98,100.0,0.21,5.0,0.02,100.0,0.67,87.0,0.68,15.0,0.46,0.46,43.414216,1776196971000
1776196973.17,173.17,0.33,87.0,0.32,15.0,0.79,5.0,0.98,100.0,0.21,5.0,0.02,100.0,0.67,87.0,0.68,15.0,0.46,0.46,43.420698,1776196972000
1776196974.291,174.291,0.75,10.0,0.36,15.0,0.98,14.74,0.99,1192.85,0.02,14.74,0.01,1192.85,0.25,10.0,0.64,15.0,0.23,0.23,43.431516,1776196973000
1776196974.906,174.906,0.3,2.07,0.29,15.0,0.82,15.0,0.95,20.0,0.02,14.74,0.01,1192.85,0.25,10.0,0.64,15.0,0.52,0.23,43.431516,1776196973000
1776196975.629,175.629,0.3,2.07,0.29,15.0,0.82,15.0,0.95,20.0,0.18,15.0,0.05,20.0,0.7,2.07,0.71,15.0,0.52,0.52,43.431516,1776196974000
1776196976.235,176.235,0.3,2.07,0.29,15.0,0.82,15.0,0.95,20.0,0.18,15.0,0.05,20.0,0.7,2.07,0.71,15.0,0.52,0.52,43.431962,1776196975000
1776196976.849,176.849,0.15,60.82,0.01,879.18,0.8,15.0,0.81,15.0,0.18,15.0,0.05,20.0,0.7,2.07,0.71,15.0,0.65,0.52,43.431962,1776196975000
1776196977.248,177.248,0.15,60.82,0.01,879.18,0.8,15.0,0.81,15.0,0.2,15.0,0.19,15.0,0.85,60.82,0.99,879.18,0.65,0.65,43.431516,1776196976000
1776196978.551,178.551,0.15,60.82,0.01,879.18,0.8,15.0,0.81,15.0,0.2,15.0,0.19,15.0,0.85,60.82,0.99,879.18,0.65,0.65,43.432006,1776196977000
1776196978.887,178.887,0.76,29.29,0.42,15.0,0.99,1230.96,,,0.2,15.0,0.19,15.0,0.85,60.82,0.99,879.18,0.23,0.65,43.432006,1776196977000
1776196979.241,179.241,0.76,29.29,0.42,15.0,0.99,1230.96,,,0.01,1230.96,,,0.24,29.29,0.58,15.0,0.23,0.23,43.433743,1776196978000
1776196980.587,180.587,0.76,29.29,0.42,15.0,0.99,1230.96,,,0.01,1230.96,,,0.24,29.29,0.58,15.0,0.23,0.23,43.435995,1776196979000
1776196981.177,181.177,0.76,29.29,0.42,15.0,0.99,1230.96,,,0.01,1230.96,,,0.24,29.29,0.58,15.0,0.23,0.23,43.440079,1776196980000
1776196982.441,182.441,0.76,29.29,0.42,15.0,0.99,1230.96,,,0.01,1230.96,,,0.24,29.29,0.58,15.0,0.23,0.23,43.438467,1776196981000
1776196983.102,183.102,0.76,29.29,0.42,15.0,0.99,1230.96,,,0.01,1230.96,,,0.24,29.29,0.58,15.0,0.23,0.23,43.427742,1776196982000
1776196984.287,184.287,0.76,29.29,0.42,15.0,0.99,1230.96,,,0.01,1230.96,,,0.24,29.29,0.58,15.0,0.23,0.23,43.427025,1776196983000
1776196984.843,184.843,0.7,10.0,0.5,15.0,0.99,1212.02,,,0.01,1230.96,,,0.24,29.29,0.58,15.0,0.29,0.23,43.427025,1776196983000
1776196985.51,185.51,0.7,10.0,0.5,15.0,0.99,1212.02,,,0.01,1212.02,,,0.3,10.0,0.5,15.0,0.29,0.29,43.425856,1776196984000
1776196986.125,186.125,0.7,10.0,0.5,15.0,0.99,1212.02,,,0.01,1212.02,,,0.3,10.0,0.5,15.0,0.29,0.29,43.426549,1776196985000
1776196987.37,187.37,0.7,10.0,0.5,15.0,0.99,1212.02,,,0.01,1212.02,,,0.3,10.0,0.5,15.0,0.29,0.29,43.42637,1776196986000
1776196988.481,188.481,0.7,10.0,0.5,15.0,0.99,1212.02,,,0.01,1212.02,,,0.3,10.0,0.5,15.0,0.29,0.29,43.426981,1776196987000
1776196988.72,188.72,0.45,9.9,0.44,15.0,0.78,15.0,0.99,1212.02,0.01,1212.02,,,0.3,10.0,0.5,15.0,0.33,0.29,43.426981,1776196987000
1776196989.139,189.139,0.45,9.9,0.44,15.0,0.78,15.0,0.99,1212.02,0.22,15.0,0.01,1212.02,0.55,9.9,0.56,15.0,0.33,0.33,43.427404,1776196988000
1776196990.308,190.308,0.45,9.9,0.44,15.0,0.78,15.0,0.99,1212.02,0.22,15.0,0.01,1212.02,0.55,9.9,0.56,15.0,0.33,0.33,43.427404,1776196989000
1776196990.707,190.707,0.71,10.0,0.63,15.0,0.99,1132.72,,,0.22,15.0,0.01,1212.02,0.55,9.9,0.56,15.0,0.28,0.33,43.427404,1776196989000
1776196991.583,191.583,0.71,10.0,0.63,15.0,0.99,1132.72,,,0.01,1132.72,,,0.29,10.0,0.37,15.0,0.28,0.28,43.429146,1776196990000
1776196992.101,192.101,0.71,10.0,0.63,15.0,0.99,1132.72,,,0.01,1132.72,,,0.29,10.0,0.37,15.0,0.28,0.28,43.429397,1776196991000
1776196993.053,193.053,0.71,10.0,0.63,15.0,0.99,1132.72,,,0.01,1132.72,,,0.29,10.0,0.37,15.0,0.28,0.28,43.429834,1776196992000
1776196994.217,194.217,0.71,10.0,0.63,15.0,0.99,1132.72,,,0.01,1132.72,,,0.29,10.0,0.37,15.0,0.28,0.28,43.429887,1776196993000
1776196994.802,194.802,0.41,3.63,0.4,15.0,0.87,15.0,0.88,15.0,0.01,1132.72,,,0.29,10.0,0.37,15.0,0.46,0.28,43.429887,1776196993000
1776196995.27,195.27,0.41,3.63,0.4,15.0,0.87,15.0,0.88,15.0,0.13,15.0,0.12,15.0,0.59,3.63,0.6,15.0,0.46,0.46,43.43529,1776196994000
1776196996.317,196.317,0.41,3.63,0.4,15.0,0.87,15.0,0.88,15.0,0.13,15.0,0.12,15.0,0.59,3.63,0.6,15.0,0.46,0.46,43.438423,1776196995000
1776196997.348,197.348,0.41,3.63,0.4,15.0,0.87,15.0,0.88,15.0,0.13,15.0,0.12,15.0,0.59,3.63,0.6,15.0,0.46,0.46,43.438861,1776196996000
1776196998.364,198.364,0.41,3.63,0.4,15.0,0.87,15.0,0.88,15.0,0.13,15.0,0.12,15.0,0.59,3.63,0.6,15.0,0.46,0.46,43.437434,1776196997000
1776196998.892,198.892,0.15,0.39,0.01,879.18,0.83,15.0,0.84,15.0,0.13,15.0,0.12,15.0,0.59,3.63,0.6,15.0,0.68,0.46,43.437434,1776196997000
1776197000.065,200.065,0.15,0.39,0.01,879.18,0.83,15.0,0.84,15.0,0.17,15.0,0.16,15.0,0.85,0.39,0.99,879.18,0.68,0.68,43.433935,1776196999000
1776197000.767,200.767,0.15,105.8,0.01,879.18,0.82,15.0,0.83,15.0,0.17,15.0,0.16,15.0,0.85,0.39,0.99,879.18,0.67,0.68,43.433935,1776196999000
1776197001.111,201.111,0.15,105.8,0.01,879.18,0.82,15.0,0.83,15.0,0.18,15.0,0.17,15.0,0.85,105.8,0.99,879.18,0.67,0.67,43.432516,1776197000000
1776197002.15,202.15,0.15,105.8,0.01,879.18,0.82,15.0,0.83,15.0,0.18,15.0,0.17,15.0,0.85,105.8,0.99,879.18,0.67,0.67,43.431516,1776197001000
1776197002.765,202.765,0.78,15.0,0.77,15.0,0.99,19.43,,,0.18,15.0,0.17,15.0,0.85,105.8,0.99,879.18,0.21,0.67,43.431516,1776197001000
1776197003.287,203.287,0.78,15.0,0.77,15.0,0.99,19.43,,,0.01,19.43,,,0.22,15.0,0.23,15.0,0.21,0.21,43.432564,1776197002000
1776197004.308,204.308,0.78,15.0,0.77,15.0,0.99,19.43,,,0.01,19.43,,,0.22,15.0,0.23,15.0,0.21,0.21,43.432681,1776197003000
1776197005.342,205.342,0.78,15.0,0.77,15.0,0.99,19.43,,,0.01,19.43,,,0.22,15.0,0.23,15.0,0.21,0.21,43.431325,1776197004000
1776197006.984,206.984,0.78,15.0,0.77,15.0,0.99,19.43,,,0.01,19.43,,,0.22,15.0,0.23,15.0,0.21,0.21,43.431742,1776197005000
1776197007.466,207.466,0.78,15.0,0.77,15.0,0.99,19.43,,,0.01,19.43,,,0.22,15.0,0.23,15.0,0.21,0.21,43.433511,1776197006000
1776197007.965,207.965,0.78,15.0,0.77,15.0,0.99,19.43,,,0.01,19.43,,,0.22,15.0,0.23,15.0,0.21,0.21,43.43239,1776197007000
1776197009.019,209.019,0.78,15.0,0.77,15.0,0.99,19.43,,,0.01,19.43,,,0.22,15.0,0.23,15.0,0.21,0.21,43.434982,1776197008000
1776197010.043,210.043,0.78,15.0,0.77,15.0,0.99,19.43,,,0.01,19.43,,,0.22,15.0,0.23,15.0,0.21,0.21,43.434722,1776197009000
1776197010.697,210.697,0.01,802.51,,,0.87,15.0,0.88,15.0,0.01,19.43,,,0.22,15.0,0.23,15.0,0.86,0.21,43.434722,1776197009000
1776197010.971,210.971,0.83,15.0,0.01,4413.51,0.87,9.95,0.88,15.0,0.13,15.0,0.12,15.0,0.99,802.51,,,0.04,0.86,43.434722,1776197009000
1776197012.29,212.29,0.83,15.0,0.01,4413.51,0.87,4.9,0.88,15.0,0.13,4.9,0.12,15.0,0.17,15.0,0.99,4413.51,0.04,0.04,43.434223,1776197011000
1776197012.79,212.79,0.01,705.08,,,0.87,15.0,0.88,15.0,0.13,4.9,0.12,15.0,0.17,15.0,0.99,4413.51,0.86,0.04,43.434223,1776197011000
1776197013.209,213.209,0.01,705.08,,,0.87,15.0,0.88,15.0,0.13,15.0,0.12,15.0,0.99,705.08,,,0.86,0.86,43.434223,1776197012000
1776197014.348,214.348,0.01,705.08,,,0.87,15.0,0.88,15.0,0.13,15.0,0.12,15.0,0.99,705.08,,,0.86,0.86,43.434283,1776197013000
1776197014.746,214.746,0.01,607.65,,,0.88,15.0,0.89,15.0,0.13,15.0,0.12,15.0,0.99,705.08,,,0.87,0.86,43.434283,1776197013000
1776197016.037,216.037,0.83,15.0,0.01,607.65,0.88,7.04,0.89,15.0,0.12,15.0,0.11,15.0,0.99,607.65,,,0.05,0.87,43.434187,1776197014000
1776197016.717,216.717,0.01,4128.65,,,0.87,15.0,0.88,7.04,0.12,7.04,0.11,15.0,0.17,15.0,0.99,607.65,0.86,0.05,43.434187,1776197015000
1776197017.052,217.052,0.01,4128.65,,,0.87,15.0,0.88,7.04,0.13,15.0,0.12,7.04,0.99,4128.65,,,0.86,0.86,43.433991,1776197016000
1776197018.103,218.103,0.01,4128.65,,,0.87,15.0,0.88,7.04,0.13,15.0,0.12,7.04,0.99,4128.65,,,0.86,0.86,43.433583,1776197017000
1776197018.72,218.72,0.01,3710.65,,,0.9,7.32,0.91,15.0,0.13,15.0,0.12,7.04,0.99,4128.65,,,0.89,0.86,43.433583,1776197017000
1776197019.152,219.152,0.01,3710.65,,,0.9,7.32,0.91,15.0,0.1,7.32,0.09,15.0,0.99,3710.65,,,0.89,0.89,43.432739,1776197018000
1776197020.773,220.773,0.01,3710.65,,,0.9,7.32,0.91,15.0,0.1,7.32,0.09,15.0,0.99,3710.65,,,0.89,0.89,43.431192,1776197019000
1776197021.334,221.334,0.01,3710.65,,,0.9,7.32,0.91,15.0,0.1,7.32,0.09,15.0,0.99,3710.65,,,0.89,0.89,43.431119,1776197020000
1776197021.909,221.909,0.01,3710.65,,,0.9,7.32,0.91,15.0,0.1,7.32,0.09,15.0,0.99,3710.65,,,0.89,0.89,43.430242,1776197021000
1776197022.948,222.948,0.01,3710.65,,,0.9,7.32,0.91,15.0,0.1,7.32,0.09,15.0,0.99,3710.65,,,0.89,0.89,43.430009,1776197022000
1776197023.997,223.997,0.01,3710.65,,,0.9,7.32,0.91,15.0,0.1,7.32,0.09,15.0,0.99,3710.65,,,0.89,0.89,43.429665,1776197023000
1776197025.142,225.142,0.01,3710.65,,,0.9,7.32,0.91,15.0,0.1,7.32,0.09,15.0,0.99,3710.65,,,0.89,0.89,43.429561,1776197024000
1776197026.209,226.209,0.01,3710.65,,,0.9,7.32,0.91,15.0,0.1,7.32,0.09,15.0,0.99,3710.65,,,0.89,0.89,43.42498,1776197025000
1776197027.316,227.316,0.01,3710.65,,,0.9,7.32,0.91,15.0,0.1,7.32,0.09,15.0,0.99,3710.65,,,0.89,0.89,43.420974,1776197026000
1776197028.471,228.471,0.01,3710.65,,,0.9,7.32,0.91,15.0,0.1,7.32,0.09,15.0,0.99,3710.65,,,0.89,0.89,43.423041,1776197027000
1776197028.751,228.751,0.8,10.0,0.77,15.0,0.89,11.66,0.9,7.32,0.1,7.32,0.09,15.0,0.99,3710.65,,,0.09,0.89,43.423041,1776197027000
1776197029.081,229.081,0.01,451.33,,,0.89,11.66,0.9,7.32,0.11,11.66,0.1,7.32,0.99,451.33,,,0.88,0.88,43.422992,1776197028000
1776197030.093,230.093,0.01,451.33,,,0.89,11.66,0.9,7.32,0.11,11.66,0.1,7.32,0.99,451.33,,,0.88,0.88,43.422962,1776197029000
1776197030.788,230.788,0.01,364.36,,,0.89,11.66,0.9,7.32,0.12,8.18,0.11,11.66,0.22,15.0,0.23,15.0,0.88,0.1,43.422962,1776197029000
1776197031.218,231.218,0.01,364.36,,,0.89,11.66,0.9,7.32,0.11,11.66,0.1,7.32,0.99,364.36,,,0.88,0.88,43.432136,1776197030000
1776197032.342,232.342,0.01,364.36,,,0.89,11.66,0.9,7.32,0.11,11.66,0.1,7.32,0.99,364.36,,,0.88,0.88,43.432136,1776197031000
1776197032.76,232.76,0.82,15.0,0.81,31.0,0.89,8.25,0.9,7.32,0.11,11.66,0.1,7.32,0.99,364.36,,,0.07,0.88,43.432136,1776197031000
1776197033.965,233.965,0.01,276.06,,,0.89,8.25,0.9,7.32,0.11,8.25,0.1,7.32,0.99,276.06,,,0.88,0.88,43.43414,1776197033000
1776197034.686,234.686,0.01,185.45,,,0.99,19.43,,,0.11,8.25,0.1,7.32,0.99,276.06,,,0.98,0.88,43.43414,1776197033000
1776197035.331,235.331,0.01,185.45,,,0.99,19.43,,,0.01,19.43,,,0.99,185.45,,,0.98,0.98,43.434502,1776197034000
1776197037.263,237.263,0.01,185.45,,,0.99,19.43,,,0.01,19.43,,,0.99,185.45,,,0.98,0.98,43.435093,1776197036000
1776197038.988,238.988,0.01,185.45,,,0.99,19.43,,,0.01,19.43,,,0.99,185.45,,,0.98,0.98,43.438551,1776197037000
1776197039.714,239.714,0.01,185.45,,,0.99,19.43,,,0.01,19.43,,,0.99,185.45,,,0.98,0.98,43.436085,1776197038000
1776197040.567,240.567,0.01,185.45,,,0.99,19.43,,,0.01,19.43,,,0.99,185.45,,,0.98,0.98,43.436081,1776197039000
1776197041.282,241.282,0.88,15.0,0.87,15.0,0.98,14.69,0.99,34.43,0.02,14.69,0.01,34.43,0.12,15.0,0.13,15.0,0.1,0.1,43.436253,1776197040000
1776197041.568,241.568,0.88,15.0,0.87,15.0,0.98,14.69,0.99,34.43,0.02,14.69,0.01,34.43,0.12,15.0,0.13,15.0,0.1,0.1,43.436253,1776197040000
1776197042.227,242.227,0.88,15.0,0.87,15.0,0.98,10.6,0.99,34.43,0.02,14.69,0.01,34.43,0.12,15.0,0.13,15.0,0.1,0.1,43.436253,1776197040000
1776197042.831,242.831,0.88,15.0,0.87,15.0,0.98,10.6,0.99,34.43,0.02,10.6,0.01,34.43,0.12,15.0,0.13,15.0,0.1,0.1,43.436082,1776197041000
1776197043.091,243.091,0.88,15.0,0.87,15.0,0.92,6.3,0.93,15.0,0.02,10.6,0.01,34.43,0.12,15.0,0.13,15.0,0.04,0.1,43.436082,1776197041000
1776197043.602,243.602,0.88,15.0,0.87,15.0,0.92,6.3,0.93,15.0,0.08,6.3,0.07,15.0,0.12,15.0,0.13,15.0,0.04,0.04,43.436452,1776197042000
1776197044.326,244.326,0.88,15.0,0.87,15.0,0.92,6.3,0.93,15.0,0.08,6.3,0.07,15.0,0.12,15.0,0.13,15.0,0.04,0.04,43.436476,1776197043000
1776197044.801,244.801,0.01,96.81,,,0.98,10.6,0.99,34.43,0.08,6.3,0.07,15.0,0.12,15.0,0.13,15.0,0.97,0.04,43.436476,1776197043000
1776197045.136,245.136,0.01,96.81,,,0.98,10.6,0.99,34.43,0.02,10.6,0.01,34.43,0.99,96.81,,,0.97,0.97,43.436305,1776197044000
1776197045.509,245.509,0.01,4330.81,,,0.94,6.48,0.95,15.0,0.02,10.6,0.01,34.43,0.99,96.81,,,0.93,0.97,43.436305,1776197044000
1776197046.743,246.743,0.01,4330.81,,,0.94,6.48,0.95,15.0,0.06,6.48,0.05,15.0,0.99,4330.81,,,0.93,0.93,43.437363,1776197045000
1776197047.581,247.581,0.01,4.84,,,0.94,6.48,0.95,15.0,0.06,6.48,0.05,15.0,0.99,4.84,,,0.93,0.93,43.437363,1776197046000
1776197048.303,248.303,0.01,4.84,,,0.94,6.48,0.95,15.0,0.06,6.48,0.05,15.0,0.99,4.84,,,0.93,0.93,43.437351,1776197047000
1776197049.134,249.134,0.01,4.84,,,0.94,6.48,0.95,15.0,0.06,6.48,0.05,15.0,0.99,4.84,,,0.93,0.93,43.438007,1776197048000
1776197050.6,250.6,0.92,15.0,0.91,15.0,0.95,12.99,0.98,10.6,0.05,12.99,0.02,10.6,0.08,15.0,0.09,15.0,0.03,0.03,43.441895,1776197049000
1776197051.308,251.308,0.01,13.47,,,0.95,12.99,0.98,10.6,0.05,12.99,0.02,10.6,0.99,13.47,,,0.94,0.94,43.442047,1776197050000
1776197052.778,252.778,0.01,13.47,,,0.95,12.99,0.98,10.6,0.05,12.99,0.02,10.6,0.99,13.47,,,0.94,0.94,43.443005,1776197051000
1776197053.441,253.441,0.01,13.47,,,0.95,12.99,0.98,10.6,0.05,12.99,0.02,10.6,0.99,13.47,,,0.94,0.94,43.444538,1776197052000
1776197054.11,254.11,0.98,15.0,0.97,20.0,0.99,6.91,,,0.05,12.99,0.02,10.6,0.99,13.47,,,0.01,0.94,43.444538,1776197052000
1776197054.347,254.347,0.98,15.0,0.97,20.0,0.99,3.87,,,0.01,6.91,,,0.02,15.0,0.03,20.0,0.01,0.01,43.44491,1776197053000
1776197054.764,254.764,0.98,0.1,0.97,20.0,0.99,3.87,,,0.01,3.87,,,0.02,15.0,0.03,20.0,0.01,0.01,43.44491,1776197053000
1776197055.478,255.478,0.98,0.1,0.97,20.0,0.99,3.87,,,0.01,3.87,,,0.02,0.1,0.03,20.0,0.01,0.01,43.458883,1776197054000
1776197056.026,256.026,0.98,5.1,0.97,20.0,,,,,,,,,0.02,5.1,0.03,20.0,,,43.459725,1776197055000
1776197056.686,256.686,0.98,5.1,0.97,20.0,,,,,,,,,0.02,5.1,0.03,20.0,,,43.459725,1776197055000
1776197057.167,257.167,0.98,5.1,0.97,20.0,,,,,,,,,0.02,5.1,0.03,20.0,,,43.463936,1776197056000
1776197057.513,257.513,0.98,5.1,0.97,20.0,0.99,4.9,,,,,,,0.02,5.1,0.03,20.0,0.01,,43.463936,1776197056000
1776197058.301,258.301,0.98,5.1,0.97,20.0,0.99,4.9,,,0.01,4.9,,,0.02,5.1,0.03,20.0,0.01,0.01,43.464864,1776197057000
1776197059.463,259.463,0.98,5.1,0.97,20.0,0.99,4.9,,,0.01,4.9,,,0.02,5.1,0.03,20.0,0.01,0.01,43.470314,1776197058000
1776197059.955,259.955,0.98,5.1,0.97,20.0,0.99,4.9,,,0.01,4.9,,,0.02,5.1,0.03,20.0,0.01,0.01,43.471496,1776197059000
1776197061.222,261.222,0.98,5.1,0.97,20.0,0.99,4.9,,,0.01,4.9,,,0.02,5.1,0.03,20.0,0.01,0.01,43.474145,1776197060000
1776197062.26,262.26,0.98,5.1,0.97,20.0,0.99,4.9,,,0.01,4.9,,,0.02,5.1,0.03,20.0,0.01,0.01,43.476838,1776197061000
1776197063.144,263.144,0.98,5.1,0.97,20.0,0.99,4.9,,,0.01,4.9,,,0.02,5.1,0.03,20.0,0.01,0.01,43.476959,1776197062000
1776197064.28,264.28,0.98,5.1,0.97,20.0,0.99,4.9,,,0.01,4.9,,,0.02,5.1,0.03,20.0,0.01,0.01,43.47627,1776197063000
1776197065.332,265.332,0.98,5.1,0.97,20.0,0.99,4.9,,,0.01,4.9,,,0.02,5.1,0.03,20.0,0.01,0.01,43.473486,1776197064000
1776197066.29,266.29,0.98,5.1,0.97,20.0,0.99,4.9,,,0.01,4.9,,,0.02,5.1,0.03,20.0,0.01,0.01,43.473372,1776197065000
1776197067.466,267.466,0.98,5.1,0.97,20.0,0.99,4.9,,,0.01,4.9,,,0.02,5.1,0.03,20.0,0.01,0.01,43.472455,1776197066000
1776197067.893,267.893,0.98,5.1,0.97,20.0,0.99,4.9,,,0.01,4.9,,,0.02,5.1,0.03,20.0,0.01,0.01,43.47288,1776197067000
1776197069.585,269.585,0.98,5.1,0.97,20.0,0.99,4.9,,,0.01,4.9,,,0.02,5.1,0.03,20.0,0.01,0.01,43.47288,1776197068000
1776197070.295,270.295,0.98,5.1,0.97,20.0,0.99,4.9,,,0.01,4.9,,,0.02,5.1,0.03,20.0,0.01,0.01,43.47308,1776197069000
1776197071.807,271.807,0.98,5.1,0.97,20.0,0.99,4.9,,,0.01,4.9,,,0.02,5.1,0.03,20.0,0.01,0.01,43.472916,1776197070000
1776197072.47,272.47,0.98,5.1,0.97,20.0,0.99,4.9,,,0.01,4.9,,,0.02,5.1,0.03,20.0,0.01,0.01,43.472781,1776197071000
1776197073.1,273.1,0.98,5.1,0.97,20.0,0.99,4.9,,,0.01,4.9,,,0.02,5.1,0.03,20.0,0.01,0.01,43.472542,1776197072000
1776197074.42,274.42,0.98,5.1,0.97,20.0,0.99,4.9,,,0.01,4.9,,,0.02,5.1,0.03,20.0,0.01,0.01,43.472534,1776197073000
1776197075.057,275.057,0.98,5.1,0.97,20.0,0.99,4.9,,,0.01,4.9,,,0.02,5.1,0.03,20.0,0.01,0.01,43.472529,1776197074000
1776197076.226,276.226,0.98,5.1,0.97,20.0,0.99,4.9,,,0.01,4.9,,,0.02,5.1,0.03,20.0,0.01,0.01,43.471311,1776197075000
1776197077.478,277.478,0.98,5.1,0.97,20.0,0.99,4.9,,,0.01,4.9,,,0.02,5.1,0.03,20.0,0.01,0.01,43.47115,1776197076000
1776197078.117,278.117,0.98,5.1,0.97,20.0,0.99,4.9,,,0.01,4.9,,,0.02,5.1,0.03,20.0,0.01,0.01,43.471156,1776197077000
1776197079.345,279.345,0.98,5.1,0.97,20.0,0.99,4.9,,,0.01,4.9,,,0.02,5.1,0.03,20.0,0.01,0.01,43.470805,1776197078000
1776197080.006,280.006,0.98,5.1,0.97,20.0,0.99,4.9,,,0.01,4.9,,,0.02,5.1,0.03,20.0,0.01,0.01,43.470632,1776197079000
1776197081.41,281.41,0.98,5.1,0.97,20.0,0.99,4.9,,,0.01,4.9,,,0.02,5.1,0.03,20.0,0.01,0.01,43.47064,1776197080000
1776197082.009,282.009,0.98,5.1,0.97,20.0,0.99,4.9,,,0.01,4.9,,,0.02,5.1,0.03,20.0,0.01,0.01,43.47064,1776197081000
1776197083.313,283.313,0.98,5.1,0.97,20.0,0.99,4.9,,,0.01,4.9,,,0.02,5.1,0.03,20.0,0.01,0.01,43.470528,1776197082000
1776197084.037,284.037,0.98,5.1,0.97,20.0,0.99,4.9,,,0.01,4.9,,,0.02,5.1,0.03,20.0,0.01,0.01,43.470354,1776197083000
1776197085.424,285.424,0.98,5.1,0.97,20.0,0.99,4.9,,,0.01,4.9,,,0.02,5.1,0.03,20.0,0.01,0.01,43.462976,1776197084000
1776197086.578,286.578,0.98,5.1,0.97,20.0,0.99,4.9,,,0.01,4.9,,,0.02,5.1,0.03,20.0,0.01,0.01,43.456349,1776197085000
1776197087.045,287.045,0.98,5.1,0.97,20.0,0.99,4.9,,,0.01,4.9,,,0.02,5.1,0.03,20.0,0.01,0.01,43.456319,1776197086000
1776197087.985,287.985,0.98,5.1,0.97,20.0,0.99,4.9,,,0.01,4.9,,,0.02,5.1,0.03,20.0,0.01,0.01,43.451445,1776197087000
1776197088.963,288.963,0.98,5.1,0.97,20.0,0.99,4.9,,,0.01,4.9,,,0.02,5.1,0.03,20.0,0.01,0.01,43.45122,1776197088000
1776197089.952,289.952,0.98,5.1,0.97,20.0,0.99,4.9,,,0.01,4.9,,,0.02,5.1,0.03,20.0,0.01,0.01,43.443502,1776197089000
1776197090.96,290.96,0.98,5.1,0.97,20.0,0.99,4.9,,,0.01,4.9,,,0.02,5.1,0.03,20.0,0.01,0.01,43.442943,1776197090000
1776197091.873,291.873,0.98,5.1,0.97,20.0,0.99,4.9,,,0.01,4.9,,,0.02,5.1,0.03,20.0,0.01,0.01,43.445204,1776197091000
1776197093.353,293.353,0.98,5.1,0.97,20.0,0.99,4.9,,,0.01,4.9,,,0.02,5.1,0.03,20.0,0.01,0.01,43.453046,1776197092000
1776197094.309,294.309,0.98,5.1,0.97,20.0,0.99,4.9,,,0.01,4.9,,,0.02,5.1,0.03,20.0,0.01,0.01,43.456997,1776197093000
1776197095.366,295.366,0.98,5.1,0.97,20.0,0.99,4.9,,,0.01,4.9,,,0.02,5.1,0.03,20.0,0.01,0.01,43.458116,1776197094000
1776197096.302,296.302,0.98,5.1,0.97,20.0,0.99,4.9,,,0.01,4.9,,,0.02,5.1,0.03,20.0,0.01,0.01,43.457611,1776197095000
1776197097.436,297.436,0.98,5.1,0.97,20.0,0.99,4.9,,,0.01,4.9,,,0.02,5.1,0.03,20.0,0.01,0.01,43.460447,1776197096000
1776197098.288,298.288,0.98,5.1,0.97,20.0,0.99,4.9,,,0.01,4.9,,,0.02,5.1,0.03,20.0,0.01,0.01,43.466278,1776197097000
1776197099.323,299.323,0.98,5.1,0.97,20.0,0.99,4.9,,,0.01,4.9,,,0.02,5.1,0.03,20.0,0.01,0.01,43.474573,1776197098000
1776197099.962,299.962,0.98,5.1,0.97,20.0,0.99,4.9,,,0.01,4.9,,,0.02,5.1,0.03,20.0,0.01,0.01,43.47034,1776197099000

# RESULT,winner=Up,slug=hype-updown-5m-1776196800,ticks=368
