timestamp,elapsed_sec,up_bid_p1,up_bid_s1,up_bid_p2,up_bid_s2,up_ask_p1,up_ask_s1,up_ask_p2,up_ask_s2,down_bid_p1,down_bid_s1,down_bid_p2,down_bid_s2,down_ask_p1,down_ask_s1,down_ask_p2,down_ask_s2,up_spread,down_spread,hype_price,hype_oracle_ts
1776200111.487,11.487,0.39,10.0,0.35,5.0,0.54,6.52,0.56,10.0,0.46,6.52,0.44,10.0,0.61,10.0,0.65,5.0,0.15,0.15,43.268911,1776200109000
1776200111.705,11.705,0.39,10.0,0.35,5.0,0.54,6.52,0.56,10.0,0.46,6.52,0.44,10.0,0.61,10.0,0.65,5.0,0.15,0.15,43.268883,1776200110000
1776200112.159,12.159,0.39,10.0,0.35,5.0,0.54,6.52,0.56,10.0,0.46,6.52,0.44,10.0,0.61,10.0,0.65,5.0,0.15,0.15,43.269291,1776200111000
1776200113.347,13.347,0.39,10.0,0.35,5.0,0.54,6.52,0.56,10.0,0.46,6.52,0.44,10.0,0.61,10.0,0.65,5.0,0.15,0.15,43.269288,1776200112000
1776200114.72,14.72,0.39,10.0,0.35,5.0,0.54,6.52,0.56,10.0,0.46,6.52,0.44,10.0,0.61,10.0,0.65,5.0,0.15,0.15,43.268645,1776200113000
1776200115.309,15.309,0.39,10.0,0.35,5.0,0.54,6.52,0.56,10.0,0.46,6.52,0.44,10.0,0.61,10.0,0.65,5.0,0.15,0.15,43.268768,1776200114000
1776200116.542,16.542,0.39,10.0,0.35,5.0,0.54,6.52,0.56,10.0,0.46,6.52,0.44,10.0,0.61,10.0,0.65,5.0,0.15,0.15,43.268728,1776200115000
1776200117.281,17.281,0.39,10.0,0.35,5.0,0.54,6.52,0.56,10.0,0.46,6.52,0.44,10.0,0.61,10.0,0.65,5.0,0.15,0.15,43.269289,1776200116000
1776200118.493,18.493,0.39,10.0,0.35,5.0,0.54,6.52,0.56,10.0,0.46,6.52,0.44,10.0,0.61,10.0,0.65,5.0,0.15,0.15,43.269752,1776200117000
1776200119.154,19.154,0.39,10.0,0.35,5.0,0.54,6.52,0.56,10.0,0.46,6.52,0.44,10.0,0.61,10.0,0.65,5.0,0.15,0.15,43.269681,1776200118000
1776200120.294,20.294,0.39,10.0,0.35,5.0,0.54,6.52,0.56,10.0,0.46,6.52,0.44,10.0,0.61,10.0,0.65,5.0,0.15,0.15,43.269972,1776200119000
1776200121.536,21.536,0.39,10.0,0.35,5.0,0.54,6.52,0.56,10.0,0.46,6.52,0.44,10.0,0.61,10.0,0.65,5.0,0.15,0.15,43.269972,1776200120000
1776200122.139,22.139,0.39,10.0,0.35,5.0,0.54,6.52,0.56,10.0,0.46,6.52,0.44,10.0,0.61,10.0,0.65,5.0,0.15,0.15,43.268975,1776200121000
1776200123.263,23.263,0.39,10.0,0.35,5.0,0.54,6.52,0.56,10.0,0.46,6.52,0.44,10.0,0.61,10.0,0.65,5.0,0.15,0.15,43.268419,1776200122000
1776200124.478,24.478,0.39,10.0,0.35,5.0,0.54,6.52,0.56,10.0,0.46,6.52,0.44,10.0,0.61,10.0,0.65,5.0,0.15,0.15,43.261804,1776200123000
1776200125.378,25.378,0.39,10.0,0.35,5.0,0.54,6.52,0.56,10.0,0.46,6.52,0.44,10.0,0.61,10.0,0.65,5.0,0.15,0.15,43.261787,1776200124000
1776200125.872,25.872,0.39,10.0,0.35,5.0,0.54,6.52,0.56,10.0,0.46,6.52,0.44,10.0,0.61,10.0,0.65,5.0,0.15,0.15,43.261565,1776200125000
1776200126.918,26.918,0.39,10.0,0.35,5.0,0.54,6.52,0.56,10.0,0.46,6.52,0.44,10.0,0.61,10.0,0.65,5.0,0.15,0.15,43.261345,1776200126000
1776200127.933,27.933,0.39,10.0,0.35,5.0,0.54,6.52,0.56,10.0,0.46,6.52,0.44,10.0,0.61,10.0,0.65,5.0,0.15,0.15,43.261345,1776200127000
1776200128.98,28.98,0.39,10.0,0.35,5.0,0.54,6.52,0.56,10.0,0.46,6.52,0.44,10.0,0.61,10.0,0.65,5.0,0.15,0.15,43.261345,1776200128000
1776200130.085,30.085,0.39,10.0,0.35,5.0,0.54,6.52,0.56,10.0,0.46,6.52,0.44,10.0,0.61,10.0,0.65,5.0,0.15,0.15,43.260971,1776200129000
1776200131.064,31.064,0.39,10.0,0.35,5.0,0.54,6.52,0.56,10.0,0.46,6.52,0.44,10.0,0.61,10.0,0.65,5.0,0.15,0.15,43.260751,1776200130000
1776200132.317,32.317,0.39,10.0,0.35,5.0,0.54,6.52,0.56,10.0,0.46,6.52,0.44,10.0,0.61,10.0,0.65,5.0,0.15,0.15,43.260751,1776200131000
1776200133.299,33.299,0.39,10.0,0.35,5.0,0.54,6.52,0.56,10.0,0.46,6.52,0.44,10.0,0.61,10.0,0.65,5.0,0.15,0.15,43.254712,1776200132000
1776200134.307,34.307,0.39,10.0,0.35,5.0,0.54,6.52,0.56,10.0,0.46,6.52,0.44,10.0,0.61,10.0,0.65,5.0,0.15,0.15,43.248711,1776200133000
1776200135.36,35.36,0.39,10.0,0.35,5.0,0.54,6.52,0.56,10.0,0.46,6.52,0.44,10.0,0.61,10.0,0.65,5.0,0.15,0.15,43.245067,1776200134000
1776200135.841,35.841,0.39,10.0,0.35,5.0,0.54,6.52,0.56,10.0,0.46,6.52,0.44,10.0,0.61,10.0,0.65,5.0,0.15,0.15,43.245067,1776200135000
1776200136.927,36.927,0.39,10.0,0.35,5.0,0.54,6.52,0.56,10.0,0.46,6.52,0.44,10.0,0.61,10.0,0.65,5.0,0.15,0.15,43.245067,1776200136000
1776200137.935,37.935,0.39,10.0,0.35,5.0,0.54,6.52,0.56,10.0,0.46,6.52,0.44,10.0,0.61,10.0,0.65,5.0,0.15,0.15,43.245003,1776200137000
1776200139.094,39.094,0.39,10.0,0.35,5.0,0.54,6.52,0.56,10.0,0.46,6.52,0.44,10.0,0.61,10.0,0.65,5.0,0.15,0.15,43.243562,1776200138000
1776200140.115,40.115,0.39,10.0,0.35,5.0,0.54,6.52,0.56,10.0,0.46,6.52,0.44,10.0,0.61,10.0,0.65,5.0,0.15,0.15,43.243138,1776200139000
1776200141.186,41.186,0.39,10.0,0.35,5.0,0.54,6.52,0.56,10.0,0.46,6.52,0.44,10.0,0.61,10.0,0.65,5.0,0.15,0.15,43.241178,1776200140000
1776200142.163,42.163,0.39,10.0,0.35,5.0,0.54,6.52,0.56,10.0,0.46,6.52,0.44,10.0,0.61,10.0,0.65,5.0,0.15,0.15,43.241399,1776200141000
1776200143.222,43.222,0.39,10.0,0.35,5.0,0.54,6.52,0.56,10.0,0.46,6.52,0.44,10.0,0.61,10.0,0.65,5.0,0.15,0.15,43.241179,1776200142000
1776200144.146,44.146,0.39,10.0,0.35,5.0,0.54,6.52,0.56,10.0,0.46,6.52,0.44,10.0,0.61,10.0,0.65,5.0,0.15,0.15,43.240865,1776200143000
1776200145.232,45.232,0.39,10.0,0.35,5.0,0.54,6.52,0.56,10.0,0.46,6.52,0.44,10.0,0.61,10.0,0.65,5.0,0.15,0.15,43.241306,1776200144000
1776200146.211,46.211,0.39,10.0,0.35,5.0,0.54,6.52,0.56,10.0,0.46,6.52,0.44,10.0,0.61,10.0,0.65,5.0,0.15,0.15,43.241917,1776200145000
1776200147.263,47.263,0.39,10.0,0.35,5.0,0.54,6.52,0.56,10.0,0.46,6.52,0.44,10.0,0.61,10.0,0.65,5.0,0.15,0.15,43.241917,1776200146000
1776200148.127,48.127,0.39,10.0,0.35,5.0,0.54,6.52,0.56,10.0,0.46,6.52,0.44,10.0,0.61,10.0,0.65,5.0,0.15,0.15,43.241871,1776200147000
1776200149.116,49.116,0.39,10.0,0.35,5.0,0.54,6.52,0.56,10.0,0.46,6.52,0.44,10.0,0.61,10.0,0.65,5.0,0.15,0.15,43.241873,1776200148000
1776200150.069,50.069,0.39,10.0,0.35,5.0,0.54,6.52,0.56,10.0,0.46,6.52,0.44,10.0,0.61,10.0,0.65,5.0,0.15,0.15,43.241873,1776200149000
1776200151.107,51.107,0.39,10.0,0.35,5.0,0.54,6.52,0.56,10.0,0.46,6.52,0.44,10.0,0.61,10.0,0.65,5.0,0.15,0.15,43.241875,1776200150000
1776200152.227,52.227,0.39,10.0,0.35,5.0,0.54,6.52,0.56,10.0,0.46,6.52,0.44,10.0,0.61,10.0,0.65,5.0,0.15,0.15,43.240974,1776200151000
1776200153.474,53.474,0.39,10.0,0.35,5.0,0.54,6.52,0.56,10.0,0.46,6.52,0.44,10.0,0.61,10.0,0.65,5.0,0.15,0.15,43.241087,1776200152000
1776200153.991,53.991,0.39,10.0,0.35,5.0,0.54,6.52,0.56,10.0,0.46,6.52,0.44,10.0,0.61,10.0,0.65,5.0,0.15,0.15,43.241087,1776200153000
1776200155.064,55.064,0.39,10.0,0.35,5.0,0.54,6.52,0.56,10.0,0.46,6.52,0.44,10.0,0.61,10.0,0.65,5.0,0.15,0.15,43.238471,1776200154000
1776200156.319,56.319,0.39,10.0,0.35,5.0,0.54,6.52,0.56,10.0,0.46,6.52,0.44,10.0,0.61,10.0,0.65,5.0,0.15,0.15,43.237015,1776200155000
1776200156.929,56.929,0.39,10.0,0.35,5.0,0.54,6.52,0.56,10.0,0.46,6.52,0.44,10.0,0.61,10.0,0.65,5.0,0.15,0.15,43.236968,1776200156000
1776200158.12,58.12,0.39,10.0,0.35,5.0,0.54,6.52,0.56,10.0,0.46,6.52,0.44,10.0,0.61,10.0,0.65,5.0,0.15,0.15,43.237682,1776200157000
1776200159.164,59.164,0.39,10.0,0.35,5.0,0.54,6.52,0.56,10.0,0.46,6.52,0.44,10.0,0.61,10.0,0.65,5.0,0.15,0.15,43.237937,1776200158000
1776200160.209,60.209,0.39,10.0,0.35,5.0,0.54,6.52,0.56,10.0,0.46,6.52,0.44,10.0,0.61,10.0,0.65,5.0,0.15,0.15,43.237937,1776200159000
1776200161.498,61.498,0.39,10.0,0.35,5.0,0.54,6.52,0.56,10.0,0.46,6.52,0.44,10.0,0.61,10.0,0.65,5.0,0.15,0.15,43.237517,1776200160000
1776200161.871,61.871,0.39,10.0,0.35,5.0,0.54,6.52,0.56,10.0,0.46,6.52,0.44,10.0,0.61,10.0,0.65,5.0,0.15,0.15,43.237515,1776200161000
1776200163.154,63.154,0.39,10.0,0.35,5.0,0.54,6.52,0.56,10.0,0.46,6.52,0.44,10.0,0.61,10.0,0.65,5.0,0.15,0.15,43.235329,1776200162000
1776200164.241,64.241,0.39,10.0,0.35,5.0,0.54,6.52,0.56,10.0,0.46,6.52,0.44,10.0,0.61,10.0,0.65,5.0,0.15,0.15,43.225955,1776200163000
1776200165.495,65.495,0.39,10.0,0.35,5.0,0.54,6.52,0.56,10.0,0.46,6.52,0.44,10.0,0.61,10.0,0.65,5.0,0.15,0.15,43.211208,1776200164000
1776200166.083,66.083,0.39,10.0,0.35,5.0,0.54,6.52,0.56,10.0,0.46,6.52,0.44,10.0,0.61,10.0,0.65,5.0,0.15,0.15,43.210986,1776200165000
1776200167.208,67.208,0.39,10.0,0.35,5.0,0.54,6.52,0.56,10.0,0.46,6.52,0.44,10.0,0.61,10.0,0.65,5.0,0.15,0.15,43.203686,1776200166000
1776200168.261,68.261,0.39,10.0,0.35,5.0,0.54,6.52,0.56,10.0,0.46,6.52,0.44,10.0,0.61,10.0,0.65,5.0,0.15,0.15,43.200129,1776200167000
1776200169.2,69.2,0.39,10.0,0.35,5.0,0.54,6.52,0.56,10.0,0.46,6.52,0.44,10.0,0.61,10.0,0.65,5.0,0.15,0.15,43.200129,1776200168000
1776200170.273,70.273,0.39,10.0,0.35,5.0,0.54,6.52,0.56,10.0,0.46,6.52,0.44,10.0,0.61,10.0,0.65,5.0,0.15,0.15,43.199954,1776200169000
1776200171.383,71.383,0.39,10.0,0.35,5.0,0.54,6.52,0.56,10.0,0.46,6.52,0.44,10.0,0.61,10.0,0.65,5.0,0.15,0.15,43.204565,1776200170000
1776200172.402,72.402,0.39,10.0,0.35,5.0,0.54,6.52,0.56,10.0,0.46,6.52,0.44,10.0,0.61,10.0,0.65,5.0,0.15,0.15,43.211091,1776200171000
1776200172.998,72.998,0.39,10.0,0.35,5.0,0.54,6.52,0.56,10.0,0.46,6.52,0.44,10.0,0.61,10.0,0.65,5.0,0.15,0.15,43.211091,1776200172000
1776200174.031,74.031,0.39,10.0,0.35,5.0,0.54,6.52,0.56,10.0,0.46,6.52,0.44,10.0,0.61,10.0,0.65,5.0,0.15,0.15,43.211091,1776200173000
1776200174.99,74.99,0.39,10.0,0.35,5.0,0.54,6.52,0.56,10.0,0.46,6.52,0.44,10.0,0.61,10.0,0.65,5.0,0.15,0.15,43.210066,1776200174000
1776200176.091,76.091,0.39,10.0,0.35,5.0,0.54,6.52,0.56,10.0,0.46,6.52,0.44,10.0,0.61,10.0,0.65,5.0,0.15,0.15,43.210002,1776200175000
1776200177.064,77.064,0.39,10.0,0.35,5.0,0.54,6.52,0.56,10.0,0.46,6.52,0.44,10.0,0.61,10.0,0.65,5.0,0.15,0.15,43.210002,1776200176000
1776200178.144,78.144,0.39,10.0,0.35,5.0,0.54,6.52,0.56,10.0,0.46,6.52,0.44,10.0,0.61,10.0,0.65,5.0,0.15,0.15,43.20994,1776200177000
1776200179.206,79.206,0.39,10.0,0.35,5.0,0.54,6.52,0.56,10.0,0.46,6.52,0.44,10.0,0.61,10.0,0.65,5.0,0.15,0.15,43.208327,1776200178000
1776200180.709,80.709,0.39,10.0,0.35,5.0,0.54,6.52,0.56,10.0,0.46,6.52,0.44,10.0,0.61,10.0,0.65,5.0,0.15,0.15,43.207879,1776200179000
1776200181.148,81.148,0.39,10.0,0.35,5.0,0.54,6.52,0.56,10.0,0.46,6.52,0.44,10.0,0.61,10.0,0.65,5.0,0.15,0.15,43.2059,1776200180000
1776200182.276,82.276,0.39,10.0,0.35,5.0,0.54,6.52,0.56,10.0,0.46,6.52,0.44,10.0,0.61,10.0,0.65,5.0,0.15,0.15,43.205602,1776200181000
1776200183.272,83.272,0.39,10.0,0.35,5.0,0.54,6.52,0.56,10.0,0.46,6.52,0.44,10.0,0.61,10.0,0.65,5.0,0.15,0.15,43.205245,1776200182000
1776200184.47,84.47,0.39,10.0,0.35,5.0,0.54,6.52,0.56,10.0,0.46,6.52,0.44,10.0,0.61,10.0,0.65,5.0,0.15,0.15,43.200998,1776200183000
1776200184.896,84.896,0.39,10.0,0.35,5.0,0.54,6.52,0.56,10.0,0.46,6.52,0.44,10.0,0.61,10.0,0.65,5.0,0.15,0.15,43.1985,1776200184000
1776200185.459,85.459,0.14,8.87,0.13,15.0,0.15,10.0,0.2,5.0,0.46,6.52,0.44,10.0,0.61,10.0,0.65,5.0,0.01,0.15,43.1985,1776200184000
1776200185.852,85.852,0.14,8.87,0.13,15.0,0.15,10.0,0.2,5.0,0.85,10.0,0.8,5.0,0.86,8.87,0.87,15.0,0.01,0.01,43.1985,1776200185000
1776200186.943,86.943,0.14,8.87,0.13,15.0,0.15,10.0,0.2,5.0,0.85,10.0,0.8,5.0,0.86,8.87,0.87,15.0,0.01,0.01,43.198906,1776200186000
1776200187.927,87.927,0.14,8.87,0.13,15.0,0.15,10.0,0.2,5.0,0.85,10.0,0.8,5.0,0.86,8.87,0.87,15.0,0.01,0.01,43.198907,1776200187000
1776200188.987,88.987,0.14,8.87,0.13,15.0,0.15,10.0,0.2,5.0,0.85,10.0,0.8,5.0,0.86,8.87,0.87,15.0,0.01,0.01,43.198907,1776200188000
1776200189.973,89.973,0.14,8.87,0.13,15.0,0.15,10.0,0.2,5.0,0.85,10.0,0.8,5.0,0.86,8.87,0.87,15.0,0.01,0.01,43.198466,1776200189000
1776200190.956,90.956,0.14,8.87,0.13,15.0,0.15,10.0,0.2,5.0,0.85,10.0,0.8,5.0,0.86,8.87,0.87,15.0,0.01,0.01,43.198466,1776200190000
1776200192.074,92.074,0.14,8.87,0.13,15.0,0.15,10.0,0.2,5.0,0.85,10.0,0.8,5.0,0.86,8.87,0.87,15.0,0.01,0.01,43.196656,1776200191000
1776200192.968,92.968,0.14,8.87,0.13,15.0,0.15,10.0,0.2,5.0,0.85,10.0,0.8,5.0,0.86,8.87,0.87,15.0,0.01,0.01,43.197319,1776200192000
1776200194.066,94.066,0.14,8.87,0.13,15.0,0.15,10.0,0.2,5.0,0.85,10.0,0.8,5.0,0.86,8.87,0.87,15.0,0.01,0.01,43.1971,1776200193000
1776200195.463,95.463,0.14,8.87,0.13,15.0,0.15,10.0,0.2,5.0,0.85,10.0,0.8,5.0,0.86,8.87,0.87,15.0,0.01,0.01,43.196669,1776200194000
1776200196.105,96.105,0.14,8.87,0.13,15.0,0.15,10.0,0.2,5.0,0.85,10.0,0.8,5.0,0.86,8.87,0.87,15.0,0.01,0.01,43.1966,1776200195000
1776200197.678,97.678,0.12,15.0,0.11,15.0,0.14,21.0,0.2,5.0,0.86,21.0,0.8,5.0,0.88,15.0,0.89,15.0,0.02,0.02,43.197157,1776200196000
1776200198.447,98.447,0.12,15.0,0.11,15.0,0.14,21.0,0.2,5.0,0.86,21.0,0.8,5.0,0.88,15.0,0.89,15.0,0.02,0.02,43.199174,1776200197000
1776200199.078,99.078,0.13,3.02,0.12,15.0,0.14,21.0,0.2,5.0,0.86,21.0,0.8,5.0,0.87,3.02,0.88,15.0,0.01,0.01,43.200275,1776200198000
1776200200.312,100.312,0.13,3.02,0.12,15.0,0.14,21.0,0.2,5.0,0.86,21.0,0.8,5.0,0.87,3.02,0.88,15.0,0.01,0.01,43.200275,1776200199000
1776200200.603,100.603,0.14,15.0,0.13,3.02,0.16,10.0,0.21,5.0,0.86,21.0,0.8,5.0,0.87,3.02,0.88,15.0,0.02,0.01,43.200275,1776200199000
1776200201.114,101.114,0.14,15.0,0.13,3.02,0.16,10.0,0.21,5.0,0.84,10.0,0.79,5.0,0.86,15.0,0.87,3.02,0.02,0.02,43.200382,1776200200000
1776200202.496,102.496,0.14,15.0,0.13,3.02,0.16,10.0,0.21,5.0,0.84,10.0,0.79,5.0,0.86,15.0,0.87,3.02,0.02,0.02,43.200813,1776200201000
1776200203.126,103.126,0.14,15.0,0.13,3.02,0.16,10.0,0.21,5.0,0.84,10.0,0.79,5.0,0.86,15.0,0.87,3.02,0.02,0.02,43.201034,1776200202000
1776200204.431,104.431,0.14,15.0,0.13,3.02,0.16,10.0,0.21,5.0,0.84,10.0,0.79,5.0,0.86,15.0,0.87,3.02,0.02,0.02,43.201974,1776200203000
1776200205.18,105.18,0.14,15.0,0.13,3.02,0.16,10.0,0.21,5.0,0.84,10.0,0.79,5.0,0.86,15.0,0.87,3.02,0.02,0.02,43.207532,1776200204000
1776200206.633,106.633,0.14,15.0,0.13,3.02,0.16,10.0,0.21,5.0,0.84,10.0,0.79,5.0,0.86,15.0,0.87,3.02,0.02,0.02,43.207577,1776200205000
1776200207.327,107.327,0.14,15.0,0.13,3.02,0.16,10.0,0.21,5.0,0.84,10.0,0.79,5.0,0.86,15.0,0.87,3.02,0.02,0.02,43.207828,1776200206000
1776200208.074,108.074,0.14,15.0,0.13,3.02,0.16,10.0,0.21,5.0,0.84,10.0,0.79,5.0,0.86,15.0,0.87,3.02,0.02,0.02,43.207828,1776200207000
1776200209.414,109.414,0.14,15.0,0.13,3.02,0.16,10.0,0.21,5.0,0.84,10.0,0.79,5.0,0.86,15.0,0.87,3.02,0.02,0.02,43.203252,1776200208000
1776200210.047,110.047,0.14,15.0,0.13,3.02,0.16,10.0,0.21,5.0,0.84,10.0,0.79,5.0,0.86,15.0,0.87,3.02,0.02,0.02,43.203252,1776200209000
1776200211.081,111.081,0.09,13.0,0.08,15.0,0.12,10.0,0.15,15.0,0.84,10.0,0.79,5.0,0.86,15.0,0.87,3.02,0.03,0.02,43.203252,1776200209000
1776200211.996,111.996,0.09,13.0,0.08,15.0,0.12,10.0,0.15,15.0,0.88,10.0,0.85,15.0,0.91,13.0,0.92,15.0,0.03,0.03,43.197875,1776200210000
1776200212.208,112.208,0.09,11.0,0.08,15.0,0.12,10.0,0.15,15.0,0.88,10.0,0.85,15.0,0.91,13.0,0.92,15.0,0.03,0.03,43.197875,1776200210000
1776200212.509,112.509,0.09,11.0,0.08,15.0,0.12,10.0,0.15,15.0,0.88,10.0,0.85,15.0,0.91,11.0,0.92,15.0,0.03,0.03,43.19633,1776200211000
1776200213.082,113.082,0.09,11.0,0.08,15.0,0.12,10.0,0.15,15.0,0.88,10.0,0.85,15.0,0.91,11.0,0.92,15.0,0.03,0.03,43.196109,1776200212000
1776200213.726,113.726,0.09,9.0,0.08,15.0,0.12,10.0,0.15,15.0,0.88,10.0,0.85,15.0,0.91,11.0,0.92,15.0,0.03,0.03,43.196109,1776200212000
1776200214.254,114.254,0.09,9.0,0.08,15.0,0.12,10.0,0.15,15.0,0.88,10.0,0.85,15.0,0.91,9.0,0.92,15.0,0.03,0.03,43.196109,1776200213000
1776200215.289,115.289,0.08,13.0,0.07,15.0,0.12,10.0,0.15,15.0,0.88,10.0,0.85,15.0,0.91,9.0,0.92,15.0,0.04,0.03,43.196109,1776200213000
1776200216.035,116.035,0.08,13.0,0.07,15.0,0.12,10.0,0.15,15.0,0.88,10.0,0.85,15.0,0.92,13.0,0.93,15.0,0.04,0.04,43.19598,1776200215000
1776200216.401,116.401,0.08,11.0,0.07,15.0,0.12,10.0,0.14,15.0,0.88,10.0,0.85,15.0,0.92,13.0,0.93,15.0,0.04,0.04,43.19598,1776200215000
1776200217.105,117.105,0.08,11.0,0.07,15.0,0.12,10.0,0.14,15.0,0.88,10.0,0.86,15.0,0.92,11.0,0.93,15.0,0.04,0.04,43.195468,1776200216000
1776200217.681,117.681,0.08,9.0,0.07,15.0,0.12,10.0,0.14,15.0,0.88,10.0,0.86,15.0,0.92,11.0,0.93,15.0,0.04,0.04,43.195468,1776200216000
1776200218.194,118.194,0.08,9.0,0.07,15.0,0.12,10.0,0.14,15.0,0.88,10.0,0.86,15.0,0.92,9.0,0.93,15.0,0.04,0.04,43.195469,1776200217000
1776200219.275,119.275,0.08,9.0,0.07,15.0,0.12,10.0,0.14,15.0,0.88,10.0,0.86,15.0,0.92,9.0,0.93,15.0,0.04,0.04,43.19538,1776200218000
1776200219.591,119.591,0.07,13.0,0.06,15.0,0.11,10.0,0.13,15.0,0.88,10.0,0.86,15.0,0.92,9.0,0.93,15.0,0.04,0.04,43.19538,1776200218000
1776200220.387,120.387,0.07,13.0,0.06,15.0,0.11,10.0,0.13,15.0,0.89,10.0,0.87,15.0,0.93,13.0,0.94,15.0,0.04,0.04,43.193433,1776200219000
1776200220.805,120.805,0.07,11.0,0.06,15.0,0.1,10.0,0.12,15.0,0.89,10.0,0.87,15.0,0.93,13.0,0.94,15.0,0.03,0.04,43.193433,1776200219000
1776200221.857,121.857,0.07,9.0,0.06,15.0,0.1,10.0,0.12,15.0,0.9,10.0,0.88,15.0,0.93,11.0,0.94,15.0,0.03,0.03,43.193432,1776200220000
1776200222.191,122.191,0.07,9.0,0.06,15.0,0.1,10.0,0.12,15.0,0.9,10.0,0.88,15.0,0.93,9.0,0.94,15.0,0.03,0.03,43.190832,1776200221000
1776200222.859,122.859,0.07,7.0,0.06,15.0,0.1,10.0,0.12,15.0,0.9,10.0,0.88,15.0,0.93,9.0,0.94,15.0,0.03,0.03,43.190832,1776200221000
1776200223.305,123.305,0.07,7.0,0.06,15.0,0.1,10.0,0.12,15.0,0.9,10.0,0.88,15.0,0.93,7.0,0.94,15.0,0.03,0.03,43.190854,1776200222000
1776200223.783,123.783,0.07,12.97,0.06,15.0,0.13,15.0,0.14,15.0,0.9,10.0,0.88,15.0,0.93,7.0,0.94,15.0,0.06,0.03,43.190854,1776200222000
1776200224.54,124.54,0.07,12.97,0.06,15.0,0.13,15.0,0.14,15.0,0.87,15.0,0.86,15.0,0.93,12.97,0.94,15.0,0.06,0.06,43.190812,1776200223000
1776200225.186,125.186,0.07,12.97,0.06,15.0,0.13,15.0,0.14,15.0,0.87,15.0,0.86,15.0,0.93,12.97,0.94,15.0,0.06,0.06,43.190812,1776200224000
1776200225.473,125.473,0.06,15.0,0.05,15.0,0.13,27.76,0.14,15.0,0.87,15.0,0.86,15.0,0.93,12.97,0.94,15.0,0.07,0.06,43.190812,1776200224000
1776200226.915,126.915,0.06,15.0,0.05,15.0,0.13,27.76,0.14,15.0,0.87,27.76,0.86,15.0,0.94,15.0,0.95,15.0,0.07,0.07,43.185821,1776200225000
1776200227.468,127.468,0.06,15.0,0.05,15.0,0.13,27.76,0.14,15.0,0.87,27.76,0.86,15.0,0.94,15.0,0.95,15.0,0.07,0.07,43.183911,1776200226000
1776200228.048,128.048,0.06,15.0,0.05,15.0,0.13,27.76,0.14,15.0,0.87,27.76,0.86,15.0,0.94,15.0,0.95,15.0,0.07,0.07,43.182855,1776200227000
1776200229.242,129.242,0.06,15.0,0.05,15.0,0.13,27.76,0.14,15.0,0.87,27.76,0.86,15.0,0.94,15.0,0.95,15.0,0.07,0.07,43.182852,1776200228000
1776200230.235,130.235,0.06,15.0,0.05,15.0,0.13,27.76,0.14,15.0,0.87,27.76,0.86,15.0,0.94,15.0,0.95,15.0,0.07,0.07,43.182116,1776200229000
1776200231.33,131.33,0.06,15.0,0.05,15.0,0.13,27.76,0.14,15.0,0.87,27.76,0.86,15.0,0.94,15.0,0.95,15.0,0.07,0.07,43.182027,1776200230000
1776200232.321,132.321,0.06,15.0,0.05,15.0,0.13,27.76,0.14,15.0,0.87,27.76,0.86,15.0,0.94,15.0,0.95,15.0,0.07,0.07,43.182161,1776200231000
1776200232.931,132.931,0.06,15.0,0.05,15.0,0.13,27.76,0.14,15.0,0.87,27.76,0.86,15.0,0.94,15.0,0.95,15.0,0.07,0.07,43.181871,1776200232000
1776200234.042,134.042,0.06,15.0,0.05,15.0,0.13,27.76,0.14,15.0,0.87,27.76,0.86,15.0,0.94,15.0,0.95,15.0,0.07,0.07,43.18285,1776200233000
1776200235.108,135.108,0.06,15.0,0.05,15.0,0.13,27.76,0.14,15.0,0.87,27.76,0.86,15.0,0.94,15.0,0.95,15.0,0.07,0.07,43.182924,1776200234000
1776200236.224,136.224,0.06,15.0,0.05,15.0,0.13,27.76,0.14,15.0,0.87,27.76,0.86,15.0,0.94,15.0,0.95,15.0,0.07,0.07,43.179629,1776200235000
1776200237.372,137.372,0.06,15.0,0.05,15.0,0.13,27.76,0.14,15.0,0.87,27.76,0.86,15.0,0.94,15.0,0.95,15.0,0.07,0.07,43.176407,1776200236000
1776200237.824,137.824,0.06,15.0,0.05,15.0,0.13,27.76,0.14,15.0,0.87,27.76,0.86,15.0,0.94,15.0,0.95,15.0,0.07,0.07,43.176402,1776200237000
1776200238.909,138.909,0.03,51.8,0.02,25.0,0.07,15.0,0.08,15.0,0.93,15.0,0.92,15.0,0.97,51.8,0.98,25.0,0.04,0.04,43.175745,1776200238000
1776200240.145,140.145,0.03,51.8,0.02,25.0,0.07,15.0,0.08,15.0,0.93,15.0,0.92,15.0,0.97,51.8,0.98,25.0,0.04,0.04,43.175268,1776200239000
1776200241.309,141.309,0.03,51.8,0.02,25.0,0.07,15.0,0.08,15.0,0.93,15.0,0.92,15.0,0.97,51.8,0.98,25.0,0.04,0.04,43.174399,1776200240000
1776200242.335,142.335,0.03,51.8,0.02,25.0,0.07,15.0,0.08,15.0,0.93,15.0,0.92,15.0,0.97,51.8,0.98,25.0,0.04,0.04,43.173525,1776200241000
1776200242.96,142.96,0.03,51.8,0.02,25.0,0.07,15.0,0.08,15.0,0.93,15.0,0.92,15.0,0.97,51.8,0.98,25.0,0.04,0.04,43.173528,1776200242000
1776200244.133,144.133,0.03,51.8,0.02,25.0,0.07,15.0,0.08,15.0,0.93,15.0,0.92,15.0,0.97,51.8,0.98,25.0,0.04,0.04,43.173531,1776200243000
1776200245.276,145.276,0.03,51.8,0.02,25.0,0.07,15.0,0.08,15.0,0.93,15.0,0.92,15.0,0.97,51.8,0.98,25.0,0.04,0.04,43.173531,1776200244000
1776200246.493,146.493,0.03,51.8,0.02,25.0,0.07,15.0,0.08,15.0,0.93,15.0,0.92,15.0,0.97,51.8,0.98,25.0,0.04,0.04,43.176036,1776200245000
1776200247.043,147.043,0.03,51.8,0.02,25.0,0.07,15.0,0.08,15.0,0.93,15.0,0.92,15.0,0.97,51.8,0.98,25.0,0.04,0.04,43.176008,1776200246000
1776200248.315,148.315,0.03,51.8,0.02,25.0,0.07,15.0,0.08,15.0,0.93,15.0,0.92,15.0,0.97,51.8,0.98,25.0,0.04,0.04,43.176008,1776200247000
1776200249.44,149.44,0.03,51.8,0.02,25.0,0.07,15.0,0.08,15.0,0.93,15.0,0.92,15.0,0.97,51.8,0.98,25.0,0.04,0.04,43.175999,1776200248000
1776200250.199,150.199,0.03,51.8,0.02,25.0,0.07,15.0,0.08,15.0,0.93,15.0,0.92,15.0,0.97,51.8,0.98,25.0,0.04,0.04,43.175999,1776200249000
1776200251.297,151.297,0.03,51.8,0.02,25.0,0.07,15.0,0.08,15.0,0.93,15.0,0.92,15.0,0.97,51.8,0.98,25.0,0.04,0.04,43.176007,1776200250000
1776200252.404,152.404,0.03,51.8,0.02,25.0,0.07,15.0,0.08,15.0,0.93,15.0,0.92,15.0,0.97,51.8,0.98,25.0,0.04,0.04,43.175262,1776200251000
1776200252.997,152.997,0.03,51.8,0.02,25.0,0.07,15.0,0.08,15.0,0.93,15.0,0.92,15.0,0.97,51.8,0.98,25.0,0.04,0.04,43.175156,1776200252000
1776200254.257,154.257,0.03,51.8,0.02,25.0,0.07,15.0,0.08,15.0,0.93,15.0,0.92,15.0,0.97,51.8,0.98,25.0,0.04,0.04,43.172595,1776200253000
1776200255.474,155.474,0.03,51.8,0.02,25.0,0.07,15.0,0.08,15.0,0.93,15.0,0.92,15.0,0.97,51.8,0.98,25.0,0.04,0.04,43.172305,1776200254000
1776200256.05,156.05,0.03,46.8,0.02,25.0,0.06,15.0,0.07,15.0,0.93,15.0,0.92,15.0,0.97,51.8,0.98,25.0,0.03,0.04,43.172305,1776200254000
1776200257.145,157.145,0.03,46.8,0.02,25.0,0.06,15.0,0.07,15.0,0.94,15.0,0.93,15.0,0.97,46.8,0.98,25.0,0.03,0.03,43.171859,1776200255000
1776200257.953,157.953,0.03,46.8,0.02,25.0,0.06,15.0,0.07,15.0,0.94,15.0,0.93,15.0,0.97,46.8,0.98,25.0,0.03,0.03,43.171421,1776200256000
1776200258.787,158.787,0.03,46.8,0.02,25.0,0.06,15.0,0.07,15.0,0.94,15.0,0.93,15.0,0.97,46.8,0.98,25.0,0.03,0.03,43.17142,1776200257000
1776200259.392,159.392,0.03,46.8,0.02,25.0,0.06,15.0,0.07,15.0,0.94,15.0,0.93,15.0,0.97,46.8,0.98,25.0,0.03,0.03,43.17142,1776200258000
1776200260.034,160.034,0.03,46.8,0.02,25.0,0.06,15.0,0.07,15.0,0.94,15.0,0.93,15.0,0.97,46.8,0.98,25.0,0.03,0.03,43.17098,1776200259000
1776200261.317,161.317,0.03,46.8,0.02,25.0,0.06,15.0,0.07,15.0,0.94,15.0,0.93,15.0,0.97,46.8,0.98,25.0,0.03,0.03,43.169912,1776200260000
1776200262.586,162.586,0.03,46.8,0.02,25.0,0.06,15.0,0.07,15.0,0.94,15.0,0.93,15.0,0.97,46.8,0.98,25.0,0.03,0.03,43.160409,1776200261000
1776200263.193,163.193,0.03,46.8,0.02,25.0,0.06,15.0,0.07,15.0,0.94,15.0,0.93,15.0,0.97,46.8,0.98,25.0,0.03,0.03,43.159744,1776200262000
1776200264.498,164.498,0.03,46.8,0.02,25.0,0.06,15.0,0.07,15.0,0.94,15.0,0.93,15.0,0.97,46.8,0.98,25.0,0.03,0.03,43.158831,1776200263000
1776200265.037,165.037,0.03,46.8,0.02,25.0,0.06,15.0,0.07,15.0,0.94,15.0,0.93,15.0,0.97,46.8,0.98,25.0,0.03,0.03,43.159366,1776200264000
1776200265.482,165.482,0.02,25.0,0.01,195.0,0.04,15.0,0.05,15.0,0.94,15.0,0.93,15.0,0.97,46.8,0.98,25.0,0.02,0.03,43.159366,1776200264000
1776200266.154,166.154,0.02,25.0,0.01,195.0,0.04,15.0,0.05,15.0,0.96,15.0,0.95,15.0,0.98,25.0,0.99,195.0,0.02,0.02,43.161485,1776200265000
1776200267.31,167.31,0.02,25.0,0.01,195.0,0.04,15.0,0.05,15.0,0.96,15.0,0.95,15.0,0.98,25.0,0.99,195.0,0.02,0.02,43.162141,1776200266000
1776200268.474,168.474,0.02,25.0,0.01,195.0,0.04,15.0,0.05,15.0,0.96,15.0,0.95,15.0,0.98,25.0,0.99,195.0,0.02,0.02,43.164751,1776200267000
1776200269.088,169.088,0.02,25.0,0.01,195.0,0.04,15.0,0.05,15.0,0.96,15.0,0.95,15.0,0.98,25.0,0.99,195.0,0.02,0.02,43.165216,1776200268000
1776200270.288,170.288,0.02,25.0,0.01,195.0,0.04,15.0,0.05,15.0,0.96,15.0,0.95,15.0,0.98,25.0,0.99,195.0,0.02,0.02,43.166379,1776200269000
1776200270.991,170.991,0.02,25.0,0.01,195.0,0.04,15.0,0.05,15.0,0.96,15.0,0.95,15.0,0.98,25.0,0.99,195.0,0.02,0.02,43.160781,1776200270000
1776200272.191,172.191,0.02,25.0,0.01,195.0,0.04,15.0,0.05,15.0,0.96,15.0,0.95,15.0,0.98,25.0,0.99,195.0,0.02,0.02,43.153615,1776200271000
1776200273.115,173.115,0.02,25.0,0.01,195.0,0.04,15.0,0.05,15.0,0.96,15.0,0.95,15.0,0.98,25.0,0.99,195.0,0.02,0.02,43.154951,1776200272000
1776200274.143,174.143,0.02,25.0,0.01,195.0,0.04,15.0,0.05,15.0,0.96,15.0,0.95,15.0,0.98,25.0,0.99,195.0,0.02,0.02,43.151529,1776200273000
1776200275.147,175.147,0.02,25.0,0.01,195.0,0.04,15.0,0.05,15.0,0.96,15.0,0.95,15.0,0.98,25.0,0.99,195.0,0.02,0.02,43.151603,1776200274000
1776200276.225,176.225,0.02,25.0,0.01,195.0,0.04,15.0,0.05,15.0,0.96,15.0,0.95,15.0,0.98,25.0,0.99,195.0,0.02,0.02,43.15116,1776200275000
1776200277.209,177.209,0.02,25.0,0.01,195.0,0.04,15.0,0.05,15.0,0.96,15.0,0.95,15.0,0.98,25.0,0.99,195.0,0.02,0.02,43.15116,1776200276000
1776200277.589,177.589,0.01,195.0,,,0.03,20.0,0.04,15.0,0.96,15.0,0.95,15.0,0.98,25.0,0.99,195.0,0.02,0.02,43.15116,1776200276000
1776200278.225,178.225,0.01,195.0,,,0.03,20.0,0.04,15.0,0.97,20.0,0.96,15.0,0.99,195.0,,,0.02,0.02,43.15234,1776200277000
1776200279.299,179.299,0.01,195.0,,,0.03,20.0,0.04,15.0,0.97,20.0,0.96,15.0,0.99,195.0,,,0.02,0.02,43.151701,1776200278000
1776200280.232,180.232,0.01,195.0,,,0.03,20.0,0.04,15.0,0.97,20.0,0.96,15.0,0.99,195.0,,,0.02,0.02,43.150474,1776200279000
1776200280.617,180.617,0.01,165.0,,,0.04,20.0,0.05,15.0,0.97,20.0,0.96,15.0,0.99,195.0,,,0.03,0.02,43.150474,1776200279000
1776200281.239,181.239,0.01,165.0,,,0.04,20.0,0.05,15.0,0.96,20.0,0.95,15.0,0.99,165.0,,,0.03,0.03,43.150397,1776200280000
1776200282.242,182.242,0.01,165.0,,,0.04,20.0,0.05,15.0,0.96,20.0,0.95,15.0,0.99,165.0,,,0.03,0.03,43.152879,1776200281000
1776200282.94,182.94,0.01,135.5,,,0.03,20.0,0.04,20.0,0.96,20.0,0.95,15.0,0.99,165.0,,,0.02,0.03,43.152879,1776200281000
1776200283.171,183.171,0.01,135.5,,,0.03,20.0,0.04,20.0,0.97,20.0,0.96,20.0,0.99,135.5,,,0.02,0.02,43.153266,1776200282000
1776200284.206,184.206,0.01,135.5,,,0.03,20.0,0.04,20.0,0.97,20.0,0.96,20.0,0.99,135.5,,,0.02,0.02,43.151721,1776200283000
1776200285.235,185.235,0.01,135.5,,,0.03,20.0,0.04,20.0,0.97,20.0,0.96,20.0,0.99,135.5,,,0.02,0.02,43.150602,1776200284000
1776200286.338,186.338,0.01,135.5,,,0.03,20.0,0.04,20.0,0.97,20.0,0.96,20.0,0.99,135.5,,,0.02,0.02,43.15888,1776200285000
1776200286.857,186.857,0.01,135.5,,,0.03,20.0,0.04,20.0,0.97,20.0,0.96,20.0,0.99,135.5,,,0.02,0.02,43.159897,1776200286000
1776200288.025,188.025,0.01,135.5,,,0.03,20.0,0.04,20.0,0.97,20.0,0.96,20.0,0.99,135.5,,,0.02,0.02,43.160513,1776200287000
1776200289.206,189.206,0.01,135.5,,,0.03,20.0,0.04,20.0,0.97,20.0,0.96,20.0,0.99,135.5,,,0.02,0.02,43.160975,1776200288000
1776200290.321,190.321,0.01,135.5,,,0.03,20.0,0.04,20.0,0.97,20.0,0.96,20.0,0.99,135.5,,,0.02,0.02,43.165225,1776200289000
1776200291.336,191.336,0.01,135.5,,,0.03,20.0,0.04,20.0,0.97,20.0,0.96,20.0,0.99,135.5,,,0.02,0.02,43.166571,1776200290000
1776200292.41,192.41,0.01,135.5,,,0.03,20.0,0.04,20.0,0.97,20.0,0.96,20.0,0.99,135.5,,,0.02,0.02,43.171972,1776200291000
1776200293.07,193.07,0.01,135.5,,,0.03,20.0,0.04,20.0,0.97,20.0,0.96,20.0,0.99,135.5,,,0.02,0.02,43.173753,1776200292000
1776200293.996,193.996,0.01,135.5,,,0.03,20.0,0.04,20.0,0.97,20.0,0.96,20.0,0.99,135.5,,,0.02,0.02,43.174705,1776200293000
1776200295.191,195.191,0.01,135.5,,,0.03,20.0,0.04,20.0,0.97,20.0,0.96,20.0,0.99,135.5,,,0.02,0.02,43.165021,1776200294000
1776200296.211,196.211,0.01,135.5,,,0.03,20.0,0.04,20.0,0.97,20.0,0.96,20.0,0.99,135.5,,,0.02,0.02,43.152796,1776200295000
1776200297.564,197.564,0.01,135.5,,,0.03,20.0,0.04,20.0,0.97,20.0,0.96,20.0,0.99,135.5,,,0.02,0.02,43.151343,1776200296000
1776200298.233,198.233,0.01,135.5,,,0.03,20.0,0.04,20.0,0.97,20.0,0.96,20.0,0.99,135.5,,,0.02,0.02,43.150212,1776200297000
1776200299.423,199.423,0.01,135.5,,,0.03,20.0,0.04,20.0,0.97,20.0,0.96,20.0,0.99,135.5,,,0.02,0.02,43.151212,1776200298000
1776200300.097,200.097,0.01,135.5,,,0.03,20.0,0.04,20.0,0.97,20.0,0.96,20.0,0.99,135.5,,,0.02,0.02,43.150797,1776200299000
1776200301.053,201.053,0.01,135.5,,,0.03,20.0,0.04,20.0,0.97,20.0,0.96,20.0,0.99,135.5,,,0.02,0.02,43.144197,1776200300000
1776200301.534,201.534,0.01,115.5,,,0.02,37.34,0.03,15.0,0.97,20.0,0.96,20.0,0.99,135.5,,,0.01,0.02,43.144197,1776200300000
1776200302.087,202.087,0.01,115.5,,,0.02,37.34,0.03,15.0,0.98,37.34,0.97,15.0,0.99,115.5,,,0.01,0.01,43.14492,1776200301000
1776200303.102,203.102,0.01,115.5,,,0.02,37.34,0.03,15.0,0.98,37.34,0.97,15.0,0.99,115.5,,,0.01,0.01,43.145528,1776200302000
1776200303.397,203.397,0.01,105.5,,,0.02,37.34,0.03,15.0,0.98,37.34,0.97,15.0,0.99,115.5,,,0.01,0.01,43.145528,1776200302000
1776200304.132,204.132,0.01,85.5,,,0.02,37.34,0.03,15.0,0.98,37.34,0.97,15.0,0.99,105.5,,,0.01,0.01,43.145528,1776200302000
1776200305.167,205.167,0.01,85.5,,,0.02,37.34,0.03,15.0,0.98,37.34,0.97,15.0,0.99,85.5,,,0.01,0.01,43.147473,1776200304000
1776200306.382,206.382,0.01,60.5,,,0.02,37.34,0.03,15.0,0.98,37.34,0.97,15.0,0.99,85.5,,,0.01,0.01,43.147473,1776200304000
1776200306.833,206.833,0.01,60.5,,,0.02,37.34,0.03,15.0,0.98,37.34,0.97,15.0,0.99,60.5,,,0.01,0.01,43.147657,1776200305000
1776200307.359,207.359,0.01,60.5,,,0.02,37.34,0.03,15.0,0.98,37.34,0.97,15.0,0.99,60.5,,,0.01,0.01,43.14768,1776200306000
1776200307.932,207.932,0.01,60.5,,,0.02,37.34,0.03,15.0,0.98,37.34,0.97,15.0,0.99,60.5,,,0.01,0.01,43.147464,1776200307000
1776200309.073,209.073,0.01,60.5,,,0.02,37.34,0.03,15.0,0.98,37.34,0.97,15.0,0.99,60.5,,,0.01,0.01,43.145076,1776200308000
1776200310.222,210.222,0.01,50.5,,,0.02,37.34,0.03,15.0,0.98,37.34,0.97,15.0,0.99,50.5,,,0.01,0.01,43.144859,1776200309000
1776200311.393,211.393,0.01,50.5,,,0.02,37.34,0.03,15.0,0.98,37.34,0.97,15.0,0.99,50.5,,,0.01,0.01,43.147088,1776200310000
1776200311.841,211.841,0.01,50.5,,,0.02,37.34,0.03,15.0,0.98,37.34,0.97,15.0,0.99,50.5,,,0.01,0.01,43.147391,1776200311000
1776200312.397,212.397,0.01,45.5,,,0.02,37.34,0.03,15.0,0.98,37.34,0.97,15.0,0.99,50.5,,,0.01,0.01,43.147391,1776200311000
1776200312.727,212.727,0.01,50.5,,,0.02,37.34,0.03,15.0,0.98,37.34,0.97,15.0,0.99,45.5,,,0.01,0.01,43.147391,1776200311000
1776200314.586,214.586,0.01,50.5,,,0.02,37.34,0.03,15.0,0.98,37.34,0.97,15.0,0.99,50.5,,,0.01,0.01,43.148741,1776200313000
1776200315.222,215.222,0.01,50.5,,,0.02,37.34,0.03,15.0,0.98,37.34,0.97,15.0,0.99,50.5,,,0.01,0.01,43.148741,1776200314000
1776200316.063,216.063,0.01,17.5,,,0.02,32.34,0.03,15.0,0.98,37.34,0.97,15.0,0.99,50.5,,,0.01,0.01,43.148741,1776200314000
1776200317.04,217.04,0.01,17.5,,,0.02,32.34,0.03,15.0,0.98,32.34,0.97,15.0,0.99,17.5,,,0.01,0.01,43.148994,1776200316000
1776200318.431,218.431,0.01,17.5,,,0.02,32.34,0.03,15.0,0.98,32.34,0.97,15.0,0.99,17.5,,,0.01,0.01,43.148291,1776200317000
1776200319.403,219.403,0.01,17.5,,,0.02,32.34,0.03,15.0,0.98,32.34,0.97,15.0,0.99,17.5,,,0.01,0.01,43.146013,1776200318000
1776200320.238,220.238,0.01,17.5,,,0.02,32.34,0.03,15.0,0.98,32.34,0.97,15.0,0.99,17.5,,,0.01,0.01,43.145245,1776200319000
1776200321.57,221.57,0.01,17.5,,,0.02,32.34,0.03,15.0,0.98,32.34,0.97,15.0,0.99,17.5,,,0.01,0.01,43.14617,1776200320000
1776200322.351,222.351,0.01,17.5,,,0.02,32.34,0.03,15.0,0.98,32.34,0.97,15.0,0.99,17.5,,,0.01,0.01,43.146431,1776200321000
1776200323.667,223.667,0.01,17.5,,,0.02,32.34,0.03,15.0,0.98,32.34,0.97,15.0,0.99,17.5,,,0.01,0.01,43.155549,1776200322000
1776200324.628,224.628,0.01,17.5,,,0.02,32.34,0.03,15.0,0.98,32.34,0.97,15.0,0.99,17.5,,,0.01,0.01,43.155549,1776200323000
1776200325.435,225.435,0.01,17.5,,,0.02,32.34,0.03,15.0,0.98,32.34,0.97,15.0,0.99,17.5,,,0.01,0.01,43.156658,1776200324000
1776200326.236,226.236,0.01,17.5,,,0.02,32.34,0.03,15.0,0.98,32.34,0.97,15.0,0.99,17.5,,,0.01,0.01,43.157475,1776200325000
1776200327.503,227.503,0.01,17.5,,,0.02,32.34,0.03,15.0,0.98,32.34,0.97,15.0,0.99,17.5,,,0.01,0.01,43.157679,1776200326000
1776200328.27,228.27,0.01,17.5,,,0.02,32.34,0.03,15.0,0.98,32.34,0.97,15.0,0.99,17.5,,,0.01,0.01,43.157568,1776200327000
1776200329.639,229.639,0.01,17.5,,,0.02,32.34,0.03,15.0,0.98,32.34,0.97,15.0,0.99,17.5,,,0.01,0.01,43.15963,1776200328000
1776200330.331,230.331,0.01,17.5,,,0.02,32.34,0.03,15.0,0.98,32.34,0.97,15.0,0.99,17.5,,,0.01,0.01,43.159847,1776200329000
1776200331.13,231.13,0.01,17.5,,,0.02,32.34,0.03,15.0,0.98,32.34,0.97,15.0,0.99,17.5,,,0.01,0.01,43.160112,1776200330000
1776200332.635,232.635,0.01,17.5,,,0.02,32.34,0.03,15.0,0.98,32.34,0.97,15.0,0.99,17.5,,,0.01,0.01,43.160504,1776200331000
1776200333.406,233.406,0.01,17.5,,,0.02,32.34,0.03,15.0,0.98,32.34,0.97,15.0,0.99,17.5,,,0.01,0.01,43.160364,1776200332000
1776200334.135,234.135,0.01,17.5,,,0.02,32.34,0.03,15.0,0.98,32.34,0.97,15.0,0.99,17.5,,,0.01,0.01,43.16322,1776200333000
1776200335.216,235.216,0.01,17.5,,,0.02,32.34,0.03,15.0,0.98,32.34,0.97,15.0,0.99,17.5,,,0.01,0.01,43.16364,1776200334000
1776200337.04,237.04,,,,,0.01,982.5,0.02,32.34,0.99,982.5,0.98,32.34,,,,,,,43.162243,1776200336000
1776200338.566,238.566,,,,,0.01,982.5,0.02,32.34,0.99,982.5,0.98,32.34,,,,,,,43.160487,1776200337000
1776200339.433,239.433,,,,,0.01,982.5,0.02,32.34,0.99,982.5,0.98,32.34,,,,,,,43.158893,1776200338000
1776200340.098,240.098,,,,,0.01,982.5,0.02,32.34,0.99,982.5,0.98,32.34,,,,,,,43.15732,1776200339000
1776200341.562,241.562,,,,,0.01,982.5,0.02,32.34,0.99,982.5,0.98,32.34,,,,,,,43.155499,1776200340000
1776200342.37,242.37,,,,,0.01,982.5,0.02,32.34,0.99,982.5,0.98,32.34,,,,,,,43.155065,1776200341000
1776200343.785,243.785,,,,,0.01,982.5,0.02,32.34,0.99,982.5,0.98,32.34,,,,,,,43.155127,1776200342000
1776200344.633,244.633,,,,,0.01,982.5,0.02,32.34,0.99,982.5,0.98,32.34,,,,,,,43.15495,1776200343000
1776200345.429,245.429,,,,,0.01,982.5,0.02,32.34,0.99,982.5,0.98,32.34,,,,,,,43.154938,1776200344000
1776200346.192,246.192,,,,,0.01,982.5,0.02,32.34,0.99,982.5,0.98,32.34,,,,,,,43.154937,1776200345000
1776200347.673,247.673,,,,,0.01,982.5,0.02,32.34,0.99,982.5,0.98,32.34,,,,,,,43.155041,1776200346000
1776200348.49,248.49,,,,,0.01,982.5,0.02,32.34,0.99,982.5,0.98,32.34,,,,,,,43.15559,1776200347000
1776200349.316,249.316,,,,,0.01,982.5,0.02,32.34,0.99,982.5,0.98,32.34,,,,,,,43.1561,1776200348000
1776200349.973,249.973,,,,,0.01,982.5,0.02,32.34,0.99,982.5,0.98,32.34,,,,,,,43.151883,1776200349000
1776200351.445,251.445,,,,,0.01,982.5,0.02,32.34,0.99,982.5,0.98,32.34,,,,,,,43.152144,1776200350000
1776200351.979,251.979,,,,,0.01,982.5,0.02,32.34,0.99,982.5,0.98,32.34,,,,,,,43.151634,1776200351000
1776200352.615,252.615,,,,,0.01,1011.36,0.02,32.34,0.99,982.5,0.98,32.34,,,,,,,43.151634,1776200351000
1776200353.538,253.538,,,,,0.01,1011.36,0.02,32.34,0.99,1011.36,0.98,32.34,,,,,,,43.149162,1776200352000
1776200354.816,254.816,,,,,0.01,1011.36,0.02,32.34,0.99,1011.36,0.98,32.34,,,,,,,43.149162,1776200353000
1776200355.319,255.319,,,,,0.01,1011.36,0.02,32.34,0.99,1011.36,0.98,32.34,,,,,,,43.156188,1776200354000
1776200355.92,255.92,,,,,0.01,1011.36,0.02,32.34,0.99,1011.36,0.98,32.34,,,,,,,43.156761,1776200355000
1776200357.724,257.724,,,,,0.01,1011.36,0.02,32.34,0.99,1011.36,0.98,32.34,,,,,,,43.154021,1776200356000
1776200358.34,258.34,,,,,0.01,1011.36,0.02,32.34,0.99,1011.36,0.98,32.34,,,,,,,43.150795,1776200357000
1776200358.993,258.993,,,,,0.01,1011.36,0.02,32.34,0.99,1011.36,0.98,32.34,,,,,,,43.150832,1776200358000
1776200360.339,260.339,,,,,0.01,1011.36,0.02,32.34,0.99,1011.36,0.98,32.34,,,,,,,43.150094,1776200359000
1776200361.545,261.545,,,,,0.01,1011.36,0.02,32.34,0.99,1011.36,0.98,32.34,,,,,,,43.151573,1776200360000
1776200362.099,262.099,,,,,0.01,1011.36,0.02,32.34,0.99,1011.36,0.98,32.34,,,,,,,43.15151,1776200361000
1776200363.397,263.397,,,,,0.01,1011.36,0.02,32.34,0.99,1011.36,0.98,32.34,,,,,,,43.151112,1776200362000
1776200364.03,264.03,,,,,0.01,1011.36,0.02,32.34,0.99,1011.36,0.98,32.34,,,,,,,43.151112,1776200363000
1776200365.516,265.516,,,,,0.01,1011.36,0.02,32.34,0.99,1011.36,0.98,32.34,,,,,,,43.150004,1776200364000
1776200366.212,266.212,,,,,0.01,1011.36,0.02,32.34,0.99,1011.36,0.98,32.34,,,,,,,43.149734,1776200365000
1776200367.454,267.454,,,,,0.01,1011.36,0.02,32.34,0.99,1011.36,0.98,32.34,,,,,,,43.150768,1776200366000
1776200368.101,268.101,,,,,0.01,1011.36,0.02,32.34,0.99,1011.36,0.98,32.34,,,,,,,43.150296,1776200367000
1776200369.377,269.377,,,,,0.01,1011.36,0.02,32.34,0.99,1011.36,0.98,32.34,,,,,,,43.149845,1776200368000
1776200370.129,270.129,,,,,0.01,1011.36,0.02,32.34,0.99,1011.36,0.98,32.34,,,,,,,43.149845,1776200369000
1776200372.218,272.218,,,,,0.01,1011.36,0.02,32.34,0.99,1011.36,0.98,32.34,,,,,,,43.15045,1776200370000
1776200372.905,272.905,,,,,0.01,1011.36,0.02,32.34,0.99,1011.36,0.98,32.34,,,,,,,43.150407,1776200371000
1776200373.537,273.537,,,,,0.01,1011.36,0.02,32.34,0.99,1011.36,0.98,32.34,,,,,,,43.149527,1776200372000
1776200374.538,274.538,,,,,0.01,1011.36,0.02,32.34,0.99,1011.36,0.98,32.34,,,,,,,43.149687,1776200373000
1776200375.276,275.276,,,,,0.01,1011.36,0.02,32.34,0.99,1011.36,0.98,32.34,,,,,,,43.149687,1776200374000
1776200376.074,276.074,,,,,0.01,1011.36,0.02,32.34,0.99,1011.36,0.98,32.34,,,,,,,43.149794,1776200375000
1776200377.52,277.52,,,,,0.01,1011.36,0.02,32.34,0.99,1011.36,0.98,32.34,,,,,,,43.151876,1776200376000
1776200378.249,278.249,,,,,0.01,1011.36,0.02,32.34,0.99,1011.36,0.98,32.34,,,,,,,43.158247,1776200377000
1776200379.926,279.926,,,,,0.01,1011.36,0.02,32.34,0.99,1011.36,0.98,32.34,,,,,,,43.16897,1776200378000
1776200380.721,280.721,,,,,0.01,1011.36,0.02,32.34,0.99,1011.36,0.98,32.34,,,,,,,43.169334,1776200379000
1776200381.611,281.611,,,,,0.01,1011.36,0.02,32.34,0.99,1011.36,0.98,32.34,,,,,,,43.169344,1776200380000
1776200382.3,282.3,,,,,0.01,1011.36,0.02,32.34,0.99,1011.36,0.98,32.34,,,,,,,43.16785,1776200381000
1776200383.083,283.083,,,,,0.01,1011.36,0.02,32.34,0.99,1011.36,0.98,32.34,,,,,,,43.167546,1776200382000
1776200384.66,284.66,,,,,0.01,1011.36,0.02,32.34,0.99,1011.36,0.98,32.34,,,,,,,43.165858,1776200383000
1776200385.4,285.4,,,,,0.01,1011.36,0.02,32.34,0.99,1011.36,0.98,32.34,,,,,,,43.165712,1776200384000
1776200386.168,286.168,,,,,0.01,1011.36,0.02,32.34,0.99,1011.36,0.98,32.34,,,,,,,43.165659,1776200385000
1776200387.787,287.787,,,,,0.01,1011.36,0.02,32.34,0.99,1011.36,0.98,32.34,,,,,,,43.165694,1776200386000
1776200388.552,288.552,,,,,0.01,1011.36,0.02,32.34,0.99,1011.36,0.98,32.34,,,,,,,43.165474,1776200387000
1776200389.14,289.14,,,,,0.01,1011.36,0.02,32.34,0.99,1011.36,0.98,32.34,,,,,,,43.165562,1776200388000
1776200390.639,290.639,,,,,0.01,1011.36,0.02,32.34,0.99,1011.36,0.98,32.34,,,,,,,43.165262,1776200389000
1776200391.956,291.956,,,,,0.01,1011.36,0.02,32.34,0.99,1011.36,0.98,32.34,,,,,,,43.162913,1776200390000
1776200392.5,292.5,,,,,0.01,1011.36,0.02,32.34,0.99,1011.36,0.98,32.34,,,,,,,43.161857,1776200391000
1776200393.09,293.09,,,,,0.01,1011.36,0.02,32.34,0.99,1011.36,0.98,32.34,,,,,,,43.158551,1776200392000
1776200394.339,294.339,,,,,0.01,1011.36,0.02,32.34,0.99,1011.36,0.98,32.34,,,,,,,43.157522,1776200393000
1776200395.348,295.348,,,,,0.01,1011.36,0.02,32.34,0.99,1011.36,0.98,32.34,,,,,,,43.156717,1776200394000
1776200395.895,295.895,,,,,0.01,1011.36,0.02,32.34,0.99,1011.36,0.98,32.34,,,,,,,43.156717,1776200395000
1776200396.34,296.34,,,,,0.001,498.12,0.01,1578.96,0.99,1011.36,0.98,32.34,,,,,,,43.156717,1776200395000
1776200397.05,297.05,,,,,0.001,498.12,0.01,1578.96,0.999,498.12,0.99,1578.96,,,,,,,43.157648,1776200396000
1776200398.151,298.151,,,,,0.001,498.12,0.01,1578.96,0.999,498.12,0.99,1578.96,,,,,,,43.154796,1776200397000
1776200399.261,299.261,,,,,0.001,498.12,0.01,1578.96,0.999,498.12,0.99,1578.96,,,,,,,43.134004,1776200398000
1776200400.405,300.405,,,,,0.001,498.12,0.01,1578.96,0.999,498.12,0.99,1578.96,,,,,,,43.131697,1776200399000
1776200400.935,300.935,,,,,0.001,498.12,0.01,1578.96,0.999,498.12,0.99,1578.96,,,,,,,43.130441,1776200400000
1776200402.182,302.182,,,,,0.001,498.12,0.01,1578.96,0.999,498.12,0.99,1578.96,,,,,,,43.127369,1776200401000

# RESULT,winner=Down,slug=hype-updown-5m-1776200100,ticks=315
