timestamp,elapsed_sec,up_bid_p1,up_bid_s1,up_bid_p2,up_bid_s2,up_ask_p1,up_ask_s1,up_ask_p2,up_ask_s2,down_bid_p1,down_bid_s1,down_bid_p2,down_bid_s2,down_ask_p1,down_ask_s1,down_ask_p2,down_ask_s2,up_spread,down_spread,hype_price,hype_oracle_ts
1776233111.216,11.216,,,,,,,,,,,,,,,,,,,43.281638,1776233110000
1776233111.654,11.654,0.13,5.0,0.12,5.0,0.37,5.0,0.38,5.0,0.11,100.0,0.05,125.0,0.89,100.0,0.95,25.0,0.24,0.78,43.281638,1776233110000
1776233112.145,12.145,0.11,100.0,0.05,25.0,0.35,10.0,0.89,100.0,0.11,100.0,0.05,125.0,0.89,100.0,0.95,25.0,0.24,0.78,43.280469,1776233111000
1776233113.163,13.163,0.11,100.0,0.05,25.0,0.35,10.0,0.89,100.0,0.11,100.0,0.05,125.0,0.89,100.0,0.95,25.0,0.24,0.78,43.277161,1776233112000
1776233114.125,14.125,0.11,100.0,0.05,25.0,0.35,10.0,0.89,100.0,0.11,100.0,0.05,125.0,0.89,100.0,0.95,25.0,0.24,0.78,43.275626,1776233113000
1776233115.156,15.156,0.11,100.0,0.05,25.0,0.35,10.0,0.89,100.0,0.11,100.0,0.05,125.0,0.89,100.0,0.95,25.0,0.24,0.78,43.276586,1776233114000
1776233116.092,16.092,0.11,100.0,0.05,25.0,0.35,10.0,0.89,100.0,0.11,100.0,0.05,125.0,0.89,100.0,0.95,25.0,0.24,0.78,43.281078,1776233115000
1776233117.161,17.161,0.11,100.0,0.05,25.0,0.35,10.0,0.89,100.0,0.11,100.0,0.05,125.0,0.89,100.0,0.95,25.0,0.24,0.78,43.28487,1776233116000
1776233118.159,18.159,0.11,100.0,0.05,25.0,0.35,10.0,0.89,100.0,0.11,100.0,0.05,125.0,0.89,100.0,0.95,25.0,0.24,0.78,43.288108,1776233117000
1776233119.267,19.267,0.11,100.0,0.05,25.0,0.35,10.0,0.89,100.0,0.11,100.0,0.05,125.0,0.89,100.0,0.95,25.0,0.24,0.78,43.285279,1776233118000
1776233120.234,20.234,0.11,100.0,0.05,25.0,0.35,10.0,0.89,100.0,0.11,100.0,0.05,125.0,0.89,100.0,0.95,25.0,0.24,0.78,43.282882,1776233119000
1776233121.096,21.096,0.11,100.0,0.05,25.0,0.35,10.0,0.89,100.0,0.11,100.0,0.05,125.0,0.89,100.0,0.95,25.0,0.24,0.78,43.284904,1776233120000
1776233122.079,22.079,0.11,100.0,0.05,25.0,0.35,10.0,0.89,100.0,0.11,100.0,0.05,125.0,0.89,100.0,0.95,25.0,0.24,0.78,43.277803,1776233121000
1776233123.182,23.182,0.11,100.0,0.05,25.0,0.35,10.0,0.89,100.0,0.11,100.0,0.05,125.0,0.89,100.0,0.95,25.0,0.24,0.78,43.277803,1776233122000
1776233124.19,24.19,0.11,100.0,0.05,25.0,0.35,10.0,0.89,100.0,0.11,100.0,0.05,125.0,0.89,100.0,0.95,25.0,0.24,0.78,43.281265,1776233123000
1776233125.33,25.33,0.11,100.0,0.05,25.0,0.35,10.0,0.89,100.0,0.11,100.0,0.05,125.0,0.89,100.0,0.95,25.0,0.24,0.78,43.276631,1776233124000
1776233126.425,26.425,0.11,100.0,0.05,25.0,0.35,10.0,0.89,100.0,0.11,100.0,0.05,125.0,0.89,100.0,0.95,25.0,0.24,0.78,43.277653,1776233125000
1776233126.855,26.855,0.11,100.0,0.05,25.0,0.35,10.0,0.89,100.0,0.11,100.0,0.05,125.0,0.89,100.0,0.95,25.0,0.24,0.78,43.275978,1776233126000
1776233127.989,27.989,0.11,100.0,0.05,25.0,0.35,10.0,0.89,100.0,0.11,100.0,0.05,125.0,0.89,100.0,0.95,25.0,0.24,0.78,43.272481,1776233127000
1776233128.983,28.983,0.11,100.0,0.05,25.0,0.35,10.0,0.89,100.0,0.11,100.0,0.05,125.0,0.89,100.0,0.95,25.0,0.24,0.78,43.27036,1776233128000
1776233130.759,30.759,0.11,100.0,0.05,25.0,0.35,10.0,0.89,100.0,0.11,100.0,0.05,125.0,0.89,100.0,0.95,25.0,0.24,0.78,43.277009,1776233129000
1776233131.28,31.28,0.11,100.0,0.05,25.0,0.35,10.0,0.89,100.0,0.11,100.0,0.05,125.0,0.89,100.0,0.95,25.0,0.24,0.78,43.275669,1776233130000
1776233132.513,32.513,0.11,100.0,0.05,25.0,0.35,10.0,0.89,100.0,0.11,100.0,0.05,125.0,0.89,100.0,0.95,25.0,0.24,0.78,43.275339,1776233131000
1776233133.097,33.097,0.11,100.0,0.05,25.0,0.35,10.0,0.89,100.0,0.11,100.0,0.05,125.0,0.89,100.0,0.95,25.0,0.24,0.78,43.278098,1776233132000
1776233134.18,34.18,0.11,100.0,0.05,25.0,0.35,10.0,0.89,100.0,0.11,100.0,0.05,125.0,0.89,100.0,0.95,25.0,0.24,0.78,43.278028,1776233133000
1776233135.292,35.292,0.11,100.0,0.05,25.0,0.35,10.0,0.89,100.0,0.11,100.0,0.05,125.0,0.89,100.0,0.95,25.0,0.24,0.78,43.278747,1776233134000
1776233136.332,36.332,0.11,100.0,0.05,25.0,0.35,10.0,0.89,100.0,0.11,100.0,0.05,125.0,0.89,100.0,0.95,25.0,0.24,0.78,43.27842,1776233135000
1776233136.931,36.931,0.11,100.0,0.05,25.0,0.35,10.0,0.89,100.0,0.11,100.0,0.05,125.0,0.89,100.0,0.95,25.0,0.24,0.78,43.27842,1776233136000
1776233138.089,38.089,0.11,100.0,0.05,25.0,0.35,10.0,0.89,100.0,0.11,100.0,0.05,125.0,0.89,100.0,0.95,25.0,0.24,0.78,43.278317,1776233137000
1776233139.07,39.07,0.11,100.0,0.05,25.0,0.35,10.0,0.89,100.0,0.11,100.0,0.05,125.0,0.89,100.0,0.95,25.0,0.24,0.78,43.278571,1776233138000
1776233140.095,40.095,0.11,100.0,0.05,25.0,0.35,10.0,0.89,100.0,0.11,100.0,0.05,125.0,0.89,100.0,0.95,25.0,0.24,0.78,43.278621,1776233139000
1776233140.328,40.328,0.2,8.75,0.18,5.0,0.37,10.0,0.42,5.0,0.11,100.0,0.05,125.0,0.89,100.0,0.95,25.0,0.17,0.78,43.278621,1776233139000
1776233141.233,41.233,0.2,8.75,0.18,5.0,0.37,10.0,0.42,5.0,0.63,10.0,0.58,5.0,0.8,8.75,0.82,5.0,0.17,0.17,43.278235,1776233140000
1776233142.268,42.268,0.2,8.75,0.18,5.0,0.37,10.0,0.42,5.0,0.63,10.0,0.58,5.0,0.8,8.75,0.82,5.0,0.17,0.17,43.274542,1776233141000
1776233143.328,43.328,0.2,8.75,0.18,5.0,0.37,10.0,0.42,5.0,0.63,10.0,0.58,5.0,0.8,8.75,0.82,5.0,0.17,0.17,43.274637,1776233142000
1776233144.256,44.256,0.2,8.75,0.18,5.0,0.37,10.0,0.42,5.0,0.63,10.0,0.58,5.0,0.8,8.75,0.82,5.0,0.17,0.17,43.274733,1776233143000
1776233145.222,45.222,0.2,8.75,0.18,5.0,0.37,10.0,0.42,5.0,0.63,10.0,0.58,5.0,0.8,8.75,0.82,5.0,0.17,0.17,43.274503,1776233144000
1776233146.177,46.177,0.2,8.75,0.18,5.0,0.37,10.0,0.42,5.0,0.63,10.0,0.58,5.0,0.8,8.75,0.82,5.0,0.17,0.17,43.267822,1776233145000
1776233147.194,47.194,0.2,8.75,0.18,5.0,0.37,10.0,0.42,5.0,0.63,10.0,0.58,5.0,0.8,8.75,0.82,5.0,0.17,0.17,43.263543,1776233146000
1776233148.274,48.274,0.2,8.75,0.18,5.0,0.37,10.0,0.42,5.0,0.63,10.0,0.58,5.0,0.8,8.75,0.82,5.0,0.17,0.17,43.263885,1776233147000
1776233149.224,49.224,0.2,8.75,0.18,5.0,0.37,10.0,0.42,5.0,0.63,10.0,0.58,5.0,0.8,8.75,0.82,5.0,0.17,0.17,43.263936,1776233148000
1776233150.175,50.175,0.2,8.75,0.18,5.0,0.37,10.0,0.42,5.0,0.63,10.0,0.58,5.0,0.8,8.75,0.82,5.0,0.17,0.17,43.266236,1776233149000
1776233151.132,51.132,0.2,8.75,0.18,5.0,0.37,10.0,0.42,5.0,0.63,10.0,0.58,5.0,0.8,8.75,0.82,5.0,0.17,0.17,43.26906,1776233150000
1776233152.213,52.213,0.2,8.75,0.18,5.0,0.37,10.0,0.42,5.0,0.63,10.0,0.58,5.0,0.8,8.75,0.82,5.0,0.17,0.17,43.269238,1776233151000
1776233153.136,53.136,0.2,8.75,0.18,5.0,0.37,10.0,0.42,5.0,0.63,10.0,0.58,5.0,0.8,8.75,0.82,5.0,0.17,0.17,43.271841,1776233152000
1776233154.129,54.129,0.2,8.75,0.18,5.0,0.37,10.0,0.42,5.0,0.63,10.0,0.58,5.0,0.8,8.75,0.82,5.0,0.17,0.17,43.26903,1776233153000
1776233155.072,55.072,0.2,8.75,0.18,5.0,0.37,10.0,0.42,5.0,0.63,10.0,0.58,5.0,0.8,8.75,0.82,5.0,0.17,0.17,43.271861,1776233154000
1776233155.297,55.297,0.3,10.0,0.29,15.0,0.38,10.0,0.46,5.0,0.63,10.0,0.58,5.0,0.8,8.75,0.82,5.0,0.08,0.17,43.271861,1776233154000
1776233156.027,56.027,0.3,10.0,0.29,15.0,0.38,10.0,0.46,5.0,0.62,10.0,0.54,5.0,0.7,10.0,0.71,15.0,0.08,0.08,43.277345,1776233155000
1776233157.305,57.305,0.3,10.0,0.29,15.0,0.38,10.0,0.46,5.0,0.62,10.0,0.54,5.0,0.7,10.0,0.71,15.0,0.08,0.08,43.278293,1776233156000
1776233159.422,59.422,0.3,10.0,0.29,15.0,0.38,10.0,0.46,5.0,0.62,10.0,0.54,5.0,0.7,10.0,0.71,15.0,0.08,0.08,43.275772,1776233158000
1776233160.061,60.061,0.3,10.0,0.29,15.0,0.38,10.0,0.46,5.0,0.62,10.0,0.54,5.0,0.7,10.0,0.71,15.0,0.08,0.08,43.276575,1776233159000
1776233161.866,61.866,0.3,10.0,0.29,15.0,0.38,10.0,0.46,5.0,0.62,10.0,0.54,5.0,0.7,10.0,0.71,15.0,0.08,0.08,43.276416,1776233160000
1776233162.522,62.522,0.3,10.0,0.29,15.0,0.38,10.0,0.46,5.0,0.62,10.0,0.54,5.0,0.7,10.0,0.71,15.0,0.08,0.08,43.277195,1776233161000
1776233163.305,63.305,0.3,10.0,0.29,15.0,0.38,10.0,0.46,5.0,0.62,10.0,0.54,5.0,0.7,10.0,0.71,15.0,0.08,0.08,43.28391,1776233162000
1776233163.982,63.982,0.3,10.0,0.29,15.0,0.38,10.0,0.46,5.0,0.62,10.0,0.54,5.0,0.7,10.0,0.71,15.0,0.08,0.08,43.286859,1776233163000
1776233165.457,65.457,0.3,10.0,0.29,15.0,0.38,10.0,0.46,5.0,0.62,10.0,0.54,5.0,0.7,10.0,0.71,15.0,0.08,0.08,43.29118,1776233164000
1776233166.139,66.139,0.3,10.0,0.29,15.0,0.38,10.0,0.46,5.0,0.62,10.0,0.54,5.0,0.7,10.0,0.71,15.0,0.08,0.08,43.29118,1776233165000
1776233167.593,67.593,0.3,10.0,0.29,15.0,0.38,10.0,0.46,5.0,0.62,10.0,0.54,5.0,0.7,10.0,0.71,15.0,0.08,0.08,43.288439,1776233166000
1776233168.225,68.225,0.3,10.0,0.29,15.0,0.38,10.0,0.46,5.0,0.62,10.0,0.54,5.0,0.7,10.0,0.71,15.0,0.08,0.08,43.285644,1776233167000
1776233169.676,69.676,0.3,10.0,0.29,15.0,0.38,10.0,0.46,5.0,0.62,10.0,0.54,5.0,0.7,10.0,0.71,15.0,0.08,0.08,43.280199,1776233168000
1776233170.308,70.308,0.3,10.0,0.29,15.0,0.38,10.0,0.46,5.0,0.62,10.0,0.54,5.0,0.7,10.0,0.71,15.0,0.08,0.08,43.279105,1776233169000
1776233171.758,71.758,0.3,10.0,0.29,15.0,0.38,10.0,0.46,5.0,0.62,10.0,0.54,5.0,0.7,10.0,0.71,15.0,0.08,0.08,43.279673,1776233170000
1776233172.406,72.406,0.3,10.0,0.29,15.0,0.38,10.0,0.46,5.0,0.62,10.0,0.54,5.0,0.7,10.0,0.71,15.0,0.08,0.08,43.276697,1776233171000
1776233173.057,73.057,0.3,10.0,0.29,15.0,0.38,10.0,0.46,5.0,0.62,10.0,0.54,5.0,0.7,10.0,0.71,15.0,0.08,0.08,43.273886,1776233172000
1776233174.418,74.418,0.3,10.0,0.29,15.0,0.38,10.0,0.46,5.0,0.62,10.0,0.54,5.0,0.7,10.0,0.71,15.0,0.08,0.08,43.268974,1776233173000
1776233175.071,75.071,0.3,10.0,0.29,15.0,0.38,10.0,0.46,5.0,0.62,10.0,0.54,5.0,0.7,10.0,0.71,15.0,0.08,0.08,43.268885,1776233174000
1776233176.171,76.171,0.3,10.0,0.29,15.0,0.38,10.0,0.46,5.0,0.62,10.0,0.54,5.0,0.7,10.0,0.71,15.0,0.08,0.08,43.269089,1776233175000
1776233177.103,77.103,0.3,10.0,0.29,15.0,0.38,10.0,0.46,5.0,0.62,10.0,0.54,5.0,0.7,10.0,0.71,15.0,0.08,0.08,43.267857,1776233176000
1776233178.145,78.145,0.3,10.0,0.29,15.0,0.38,10.0,0.46,5.0,0.62,10.0,0.54,5.0,0.7,10.0,0.71,15.0,0.08,0.08,43.268965,1776233177000
1776233179.191,79.191,0.3,10.0,0.29,15.0,0.38,10.0,0.46,5.0,0.62,10.0,0.54,5.0,0.7,10.0,0.71,15.0,0.08,0.08,43.268734,1776233178000
1776233179.454,79.454,0.2,15.0,0.19,15.0,0.22,4.89,0.23,5.0,0.62,10.0,0.54,5.0,0.7,10.0,0.71,15.0,0.02,0.08,43.268734,1776233178000
1776233180.156,80.156,0.2,15.0,0.19,15.0,0.22,4.89,0.23,5.0,0.78,4.89,0.77,5.0,0.8,15.0,0.81,15.0,0.02,0.02,43.266658,1776233179000
1776233181.114,81.114,0.2,15.0,0.19,15.0,0.22,4.89,0.23,5.0,0.78,4.89,0.77,5.0,0.8,15.0,0.81,15.0,0.02,0.02,43.263659,1776233180000
1776233182.195,82.195,0.2,15.0,0.19,15.0,0.22,4.89,0.23,5.0,0.78,4.89,0.77,5.0,0.8,15.0,0.81,15.0,0.02,0.02,43.266303,1776233181000
1776233183.049,83.049,0.2,15.0,0.19,15.0,0.22,4.89,0.23,5.0,0.78,4.89,0.77,5.0,0.8,15.0,0.81,15.0,0.02,0.02,43.266081,1776233182000
1776233184.072,84.072,0.2,15.0,0.19,15.0,0.22,4.89,0.23,5.0,0.78,4.89,0.77,5.0,0.8,15.0,0.81,15.0,0.02,0.02,43.266227,1776233183000
1776233185.102,85.102,0.2,15.0,0.19,15.0,0.22,4.89,0.23,5.0,0.78,4.89,0.77,5.0,0.8,15.0,0.81,15.0,0.02,0.02,43.265366,1776233184000
1776233186.044,86.044,0.2,15.0,0.19,15.0,0.22,4.89,0.23,5.0,0.78,4.89,0.77,5.0,0.8,15.0,0.81,15.0,0.02,0.02,43.263797,1776233185000
1776233187.112,87.112,0.2,15.0,0.19,15.0,0.22,4.89,0.23,5.0,0.78,4.89,0.77,5.0,0.8,15.0,0.81,15.0,0.02,0.02,43.264344,1776233186000
1776233188.012,88.012,0.2,15.0,0.19,15.0,0.22,4.89,0.23,5.0,0.78,4.89,0.77,5.0,0.8,15.0,0.81,15.0,0.02,0.02,43.264255,1776233187000
1776233189.129,89.129,0.2,15.0,0.19,15.0,0.22,4.89,0.23,5.0,0.78,4.89,0.77,5.0,0.8,15.0,0.81,15.0,0.02,0.02,43.264308,1776233188000
1776233190.261,90.261,0.2,15.0,0.19,15.0,0.22,4.89,0.23,5.0,0.78,4.89,0.77,5.0,0.8,15.0,0.81,15.0,0.02,0.02,43.261822,1776233189000
1776233190.49,90.49,0.24,5.46,0.23,15.0,0.25,13.0,0.29,10.0,0.78,4.89,0.77,5.0,0.8,15.0,0.81,15.0,0.01,0.02,43.261822,1776233189000
1776233191.05,91.05,0.24,5.46,0.23,15.0,0.25,13.0,0.29,10.0,0.75,13.0,0.71,10.0,0.76,5.46,0.77,15.0,0.01,0.01,43.264647,1776233190000
1776233192.169,92.169,0.24,5.46,0.23,15.0,0.25,13.0,0.29,10.0,0.75,13.0,0.71,10.0,0.76,5.46,0.77,15.0,0.01,0.01,43.262623,1776233191000
1776233193.52,93.52,0.24,5.46,0.23,15.0,0.25,13.0,0.29,10.0,0.75,13.0,0.71,10.0,0.76,5.46,0.77,15.0,0.01,0.01,43.260972,1776233192000
1776233194.045,94.045,0.24,5.46,0.23,15.0,0.25,13.0,0.29,10.0,0.75,13.0,0.71,10.0,0.76,5.46,0.77,15.0,0.01,0.01,43.260875,1776233193000
1776233195.104,95.104,0.24,5.46,0.23,15.0,0.25,13.0,0.29,10.0,0.75,13.0,0.71,10.0,0.76,5.46,0.77,15.0,0.01,0.01,43.264374,1776233194000
1776233196.348,96.348,0.24,5.46,0.23,15.0,0.25,13.0,0.29,10.0,0.75,13.0,0.71,10.0,0.76,5.46,0.77,15.0,0.01,0.01,43.261745,1776233195000
1776233197.376,97.376,0.24,5.46,0.23,15.0,0.25,13.0,0.29,10.0,0.75,13.0,0.71,10.0,0.76,5.46,0.77,15.0,0.01,0.01,43.260577,1776233196000
1776233197.967,97.967,0.24,5.46,0.23,15.0,0.25,13.0,0.29,10.0,0.75,13.0,0.71,10.0,0.76,5.46,0.77,15.0,0.01,0.01,43.26294,1776233197000
1776233199.168,99.168,0.24,5.46,0.23,15.0,0.25,13.0,0.29,10.0,0.75,13.0,0.71,10.0,0.76,5.46,0.77,15.0,0.01,0.01,43.263125,1776233198000
1776233200.538,100.538,0.24,5.46,0.23,15.0,0.25,13.0,0.29,10.0,0.75,13.0,0.71,10.0,0.76,5.46,0.77,15.0,0.01,0.01,43.262215,1776233199000
1776233201.067,101.067,0.24,5.46,0.23,15.0,0.25,13.0,0.29,10.0,0.75,13.0,0.71,10.0,0.76,5.46,0.77,15.0,0.01,0.01,43.260731,1776233200000
1776233202.194,102.194,0.24,5.46,0.23,15.0,0.25,13.0,0.29,10.0,0.75,13.0,0.71,10.0,0.76,5.46,0.77,15.0,0.01,0.01,43.261221,1776233201000
1776233203.383,103.383,0.24,5.46,0.23,15.0,0.25,13.0,0.29,10.0,0.75,13.0,0.71,10.0,0.76,5.46,0.77,15.0,0.01,0.01,43.261739,1776233202000
1776233204.401,104.401,0.24,5.46,0.23,15.0,0.25,13.0,0.29,10.0,0.75,13.0,0.71,10.0,0.76,5.46,0.77,15.0,0.01,0.01,43.261495,1776233203000
1776233205.113,105.113,0.24,5.46,0.23,15.0,0.25,13.0,0.29,10.0,0.75,13.0,0.71,10.0,0.76,5.46,0.77,15.0,0.01,0.01,43.260855,1776233204000
1776233206.232,106.232,0.24,5.46,0.23,15.0,0.25,13.0,0.29,10.0,0.75,13.0,0.71,10.0,0.76,5.46,0.77,15.0,0.01,0.01,43.260242,1776233205000
1776233207.691,107.691,0.24,5.46,0.23,15.0,0.25,13.0,0.29,10.0,0.75,13.0,0.71,10.0,0.76,5.46,0.77,15.0,0.01,0.01,43.260711,1776233206000
1776233208.245,108.245,0.24,5.46,0.23,15.0,0.25,13.0,0.29,10.0,0.75,13.0,0.71,10.0,0.76,5.46,0.77,15.0,0.01,0.01,43.259377,1776233207000
1776233209.386,109.386,0.24,5.46,0.23,15.0,0.25,13.0,0.29,10.0,0.75,13.0,0.71,10.0,0.76,5.46,0.77,15.0,0.01,0.01,43.259391,1776233208000
1776233210.28,110.28,0.24,5.46,0.23,15.0,0.25,13.0,0.29,10.0,0.75,13.0,0.71,10.0,0.76,5.46,0.77,15.0,0.01,0.01,43.260006,1776233209000
1776233211.462,111.462,0.24,5.46,0.23,15.0,0.25,13.0,0.29,10.0,0.75,13.0,0.71,10.0,0.76,5.46,0.77,15.0,0.01,0.01,43.260195,1776233210000
1776233212.37,112.37,0.24,5.46,0.23,15.0,0.25,13.0,0.29,10.0,0.75,13.0,0.71,10.0,0.76,5.46,0.77,15.0,0.01,0.01,43.260184,1776233211000
1776233213.131,113.131,0.24,5.46,0.23,15.0,0.25,13.0,0.29,10.0,0.75,13.0,0.71,10.0,0.76,5.46,0.77,15.0,0.01,0.01,43.260384,1776233212000
1776233214.57,114.57,0.24,5.46,0.23,15.0,0.25,13.0,0.29,10.0,0.75,13.0,0.71,10.0,0.76,5.46,0.77,15.0,0.01,0.01,43.260367,1776233213000
1776233215.217,115.217,0.24,5.46,0.23,15.0,0.25,13.0,0.29,10.0,0.75,13.0,0.71,10.0,0.76,5.46,0.77,15.0,0.01,0.01,43.261188,1776233214000
1776233216.599,116.599,0.24,5.46,0.23,15.0,0.25,13.0,0.29,10.0,0.75,13.0,0.71,10.0,0.76,5.46,0.77,15.0,0.01,0.01,43.2608,1776233215000
1776233217.194,117.194,0.24,5.46,0.23,15.0,0.25,13.0,0.29,10.0,0.75,13.0,0.71,10.0,0.76,5.46,0.77,15.0,0.01,0.01,43.26077,1776233216000
1776233218.466,118.466,0.24,5.46,0.23,15.0,0.25,13.0,0.29,10.0,0.75,13.0,0.71,10.0,0.76,5.46,0.77,15.0,0.01,0.01,43.260834,1776233217000
1776233219.21,119.21,0.24,5.46,0.23,15.0,0.25,13.0,0.29,10.0,0.75,13.0,0.71,10.0,0.76,5.46,0.77,15.0,0.01,0.01,43.261369,1776233218000
1776233220.741,120.741,0.22,15.0,0.21,15.0,0.24,14.0,0.29,10.0,0.76,14.0,0.71,10.0,0.78,15.0,0.79,15.0,0.02,0.02,43.262193,1776233219000
1776233221.848,121.848,0.22,15.0,0.21,15.0,0.24,14.0,0.29,10.0,0.76,14.0,0.71,10.0,0.78,15.0,0.79,15.0,0.02,0.02,43.265294,1776233220000
1776233222.431,122.431,0.22,15.0,0.21,15.0,0.24,14.0,0.29,10.0,0.76,14.0,0.71,10.0,0.78,15.0,0.79,15.0,0.02,0.02,43.265307,1776233221000
1776233222.986,122.986,0.22,15.0,0.21,15.0,0.24,14.0,0.29,10.0,0.76,14.0,0.71,10.0,0.78,15.0,0.79,15.0,0.02,0.02,43.265494,1776233222000
1776233224.055,124.055,0.22,15.0,0.21,15.0,0.24,14.0,0.29,10.0,0.76,14.0,0.71,10.0,0.78,15.0,0.79,15.0,0.02,0.02,43.265961,1776233223000
1776233225.281,125.281,0.22,15.0,0.21,15.0,0.24,14.0,0.29,10.0,0.76,14.0,0.71,10.0,0.78,15.0,0.79,15.0,0.02,0.02,43.265875,1776233224000
1776233226.405,126.405,0.22,15.0,0.21,15.0,0.24,14.0,0.29,10.0,0.76,14.0,0.71,10.0,0.78,15.0,0.79,15.0,0.02,0.02,43.262713,1776233225000
1776233227.026,127.026,0.19,9.98,0.18,15.0,0.24,24.0,0.29,15.0,0.76,24.0,0.71,15.0,0.81,9.98,0.82,15.0,0.05,0.05,43.258852,1776233226000
1776233228.03,128.03,0.19,9.98,0.18,15.0,0.24,24.0,0.29,15.0,0.76,24.0,0.71,15.0,0.81,9.98,0.82,15.0,0.05,0.05,43.258496,1776233227000
1776233229.182,129.182,0.19,9.98,0.18,15.0,0.24,24.0,0.29,15.0,0.76,24.0,0.71,15.0,0.81,9.98,0.82,15.0,0.05,0.05,43.25851,1776233228000
1776233230.557,130.557,0.19,9.98,0.18,15.0,0.24,24.0,0.29,15.0,0.76,24.0,0.71,15.0,0.81,9.98,0.82,15.0,0.05,0.05,43.258335,1776233229000
1776233231.03,131.03,0.19,9.98,0.18,15.0,0.24,24.0,0.29,15.0,0.76,24.0,0.71,15.0,0.81,9.98,0.82,15.0,0.05,0.05,43.258063,1776233230000
1776233232.119,132.119,0.19,9.98,0.18,15.0,0.24,24.0,0.29,15.0,0.76,24.0,0.71,15.0,0.81,9.98,0.82,15.0,0.05,0.05,43.257693,1776233231000
1776233233.227,133.227,0.19,0.06,0.18,15.0,0.24,24.0,0.29,15.0,0.76,24.0,0.71,15.0,0.81,0.06,0.82,15.0,0.05,0.05,43.258045,1776233232000
1776233234.361,134.361,0.19,0.06,0.18,15.0,0.24,24.0,0.29,15.0,0.76,24.0,0.71,15.0,0.81,0.06,0.82,15.0,0.05,0.05,43.257959,1776233233000
1776233234.568,134.568,0.17,15.0,0.16,15.0,0.24,24.0,0.29,15.0,0.76,24.0,0.71,15.0,0.81,0.06,0.82,15.0,0.07,0.05,43.257959,1776233233000
1776233234.981,134.981,0.17,15.0,0.16,15.0,0.24,24.0,0.29,15.0,0.76,24.0,0.71,15.0,0.83,15.0,0.84,15.0,0.07,0.07,43.257818,1776233234000
1776233236.606,136.606,0.17,15.0,0.16,15.0,0.24,24.0,0.29,15.0,0.76,24.0,0.71,15.0,0.83,15.0,0.84,15.0,0.07,0.07,43.257944,1776233235000
1776233237.316,137.316,0.17,15.0,0.16,15.0,0.24,24.0,0.29,15.0,0.76,24.0,0.71,15.0,0.83,15.0,0.84,15.0,0.07,0.07,43.261652,1776233236000
1776233238.116,138.116,0.22,171.0,0.21,15.0,0.39,2.38,0.81,15.0,0.76,24.0,0.71,15.0,0.83,15.0,0.84,15.0,0.17,0.07,43.261652,1776233236000
1776233238.645,138.645,0.22,15.0,0.21,15.0,0.8,11.28,0.81,5.0,0.61,2.38,0.19,5.0,0.78,171.0,0.79,15.0,0.58,0.17,43.264197,1776233237000
1776233239.261,139.261,0.22,15.0,0.21,15.0,0.8,11.28,0.81,5.0,0.2,11.28,0.19,5.0,0.78,15.0,0.79,15.0,0.58,0.58,43.266314,1776233238000
1776233240.286,140.286,0.77,6.0,0.75,10.0,0.79,15.0,0.8,11.28,0.21,15.0,0.2,11.28,0.23,6.0,0.25,10.0,0.02,0.02,43.318907,1776233239000
1776233241.373,141.373,0.77,6.0,0.75,10.0,0.79,15.0,0.8,11.28,0.21,15.0,0.2,11.28,0.23,6.0,0.25,10.0,0.02,0.02,43.342856,1776233240000
1776233242.356,142.356,0.77,6.0,0.75,10.0,0.79,15.0,0.8,11.28,0.21,15.0,0.2,11.28,0.23,6.0,0.25,10.0,0.02,0.02,43.357695,1776233241000
1776233242.601,142.601,0.81,13.0,0.79,10.0,0.85,15.0,0.86,15.0,0.21,15.0,0.2,11.28,0.23,6.0,0.25,10.0,0.04,0.02,43.357695,1776233241000
1776233243.363,143.363,0.81,13.0,0.79,10.0,0.85,15.0,0.86,15.0,0.15,15.0,0.14,15.0,0.19,13.0,0.21,10.0,0.04,0.04,43.360084,1776233242000
1776233244.358,144.358,0.81,13.0,0.79,10.0,0.85,15.0,0.86,15.0,0.15,15.0,0.14,15.0,0.19,13.0,0.21,10.0,0.04,0.04,43.362741,1776233243000
1776233244.826,144.826,0.81,13.0,0.79,10.0,0.85,15.0,0.86,15.0,0.15,15.0,0.14,15.0,0.19,13.0,0.21,10.0,0.04,0.04,43.365309,1776233244000
1776233245.5,145.5,0.77,10.0,0.32,15.0,0.83,15.0,0.84,15.0,0.15,15.0,0.14,15.0,0.19,13.0,0.21,10.0,0.06,0.04,43.365309,1776233244000
1776233245.904,145.904,0.77,10.0,0.32,15.0,0.83,15.0,0.84,15.0,0.17,15.0,0.16,15.0,0.23,10.0,0.68,15.0,0.06,0.06,43.362982,1776233245000
1776233246.902,146.902,0.77,10.0,0.32,15.0,0.83,15.0,0.84,15.0,0.17,15.0,0.16,15.0,0.23,10.0,0.68,15.0,0.06,0.06,43.363164,1776233246000
1776233247.91,147.91,0.77,10.0,0.32,15.0,0.83,15.0,0.84,15.0,0.17,15.0,0.16,15.0,0.23,10.0,0.68,15.0,0.06,0.06,43.363376,1776233247000
1776233248.926,148.926,0.77,10.0,0.32,15.0,0.83,15.0,0.84,15.0,0.17,15.0,0.16,15.0,0.23,10.0,0.68,15.0,0.06,0.06,43.364725,1776233248000
1776233250.626,150.626,0.77,10.0,0.32,15.0,0.83,15.0,0.84,15.0,0.17,15.0,0.16,15.0,0.23,10.0,0.68,15.0,0.06,0.06,43.362775,1776233249000
1776233251.733,151.733,0.77,10.0,0.32,15.0,0.83,15.0,0.84,15.0,0.17,15.0,0.16,15.0,0.23,10.0,0.68,15.0,0.06,0.06,43.359687,1776233250000
1776233252.282,152.282,0.77,10.0,0.32,15.0,0.83,15.0,0.84,15.0,0.17,15.0,0.16,15.0,0.23,10.0,0.68,15.0,0.06,0.06,43.356335,1776233251000
1776233254.03,154.03,0.77,10.0,0.32,15.0,0.83,15.0,0.84,15.0,0.17,15.0,0.16,15.0,0.23,10.0,0.68,15.0,0.06,0.06,43.356481,1776233252000
1776233254.715,154.715,0.77,10.0,0.32,15.0,0.83,15.0,0.84,15.0,0.17,15.0,0.16,15.0,0.23,10.0,0.68,15.0,0.06,0.06,43.354531,1776233253000
1776233255.386,155.386,0.77,10.0,0.32,15.0,0.83,15.0,0.84,15.0,0.17,15.0,0.16,15.0,0.23,10.0,0.68,15.0,0.06,0.06,43.354013,1776233254000
1776233256.083,156.083,0.77,10.0,0.32,15.0,0.83,15.0,0.84,15.0,0.17,15.0,0.16,15.0,0.23,10.0,0.68,15.0,0.06,0.06,43.351165,1776233255000
1776233257.448,157.448,0.77,10.0,0.32,15.0,0.83,15.0,0.84,15.0,0.17,15.0,0.16,15.0,0.23,10.0,0.68,15.0,0.06,0.06,43.350094,1776233256000
1776233258.276,158.276,0.77,10.0,0.32,15.0,0.83,15.0,0.84,15.0,0.17,15.0,0.16,15.0,0.23,10.0,0.68,15.0,0.06,0.06,43.347932,1776233257000
1776233259.538,159.538,0.77,10.0,0.32,15.0,0.83,15.0,0.84,15.0,0.17,15.0,0.16,15.0,0.23,10.0,0.68,15.0,0.06,0.06,43.347511,1776233258000
1776233259.965,159.965,0.52,15.0,0.51,15.0,0.89,11.66,0.9,15.0,0.17,15.0,0.16,15.0,0.23,10.0,0.68,15.0,0.37,0.06,43.347511,1776233258000
1776233260.26,160.26,0.52,15.0,0.51,15.0,0.89,11.66,0.9,15.0,0.11,11.66,0.1,15.0,0.48,15.0,0.49,15.0,0.37,0.37,43.341558,1776233259000
1776233261.59,161.59,0.52,15.0,0.51,15.0,0.89,11.66,0.9,15.0,0.11,11.66,0.1,15.0,0.48,15.0,0.49,15.0,0.37,0.37,43.339148,1776233260000
1776233262.238,162.238,0.52,15.0,0.51,15.0,0.89,11.66,0.9,15.0,0.11,11.66,0.1,15.0,0.48,15.0,0.49,15.0,0.37,0.37,43.362507,1776233261000
1776233263.541,163.541,0.52,15.0,0.51,15.0,0.89,11.66,0.9,15.0,0.11,11.66,0.1,15.0,0.48,15.0,0.49,15.0,0.37,0.37,43.364228,1776233262000
1776233264.142,164.142,0.52,15.0,0.51,15.0,0.89,11.66,0.9,15.0,0.11,11.66,0.1,15.0,0.48,15.0,0.49,15.0,0.37,0.37,43.361502,1776233263000
1776233265.529,165.529,0.52,15.0,0.51,15.0,0.89,11.66,0.9,15.0,0.11,11.66,0.1,15.0,0.48,15.0,0.49,15.0,0.37,0.37,43.360389,1776233264000
1776233266.217,166.217,0.52,15.0,0.51,15.0,0.89,11.66,0.9,15.0,0.11,11.66,0.1,15.0,0.48,15.0,0.49,15.0,0.37,0.37,43.357719,1776233265000
1776233267.987,167.987,0.52,15.0,0.51,15.0,0.89,11.66,0.9,15.0,0.11,11.66,0.1,15.0,0.48,15.0,0.49,15.0,0.37,0.37,43.358036,1776233266000
1776233268.591,168.591,0.52,15.0,0.51,15.0,0.89,11.66,0.9,15.0,0.11,11.66,0.1,15.0,0.48,15.0,0.49,15.0,0.37,0.37,43.358097,1776233267000
1776233269.234,169.234,0.52,15.0,0.51,15.0,0.89,11.66,0.9,15.0,0.11,11.66,0.1,15.0,0.48,15.0,0.49,15.0,0.37,0.37,43.358235,1776233268000
1776233270.813,170.813,0.52,15.0,0.51,15.0,0.89,11.66,0.9,15.0,0.11,11.66,0.1,15.0,0.48,15.0,0.49,15.0,0.37,0.37,43.351944,1776233269000
1776233271.468,171.468,0.52,15.0,0.51,15.0,0.89,11.66,0.9,15.0,0.11,11.66,0.1,15.0,0.48,15.0,0.49,15.0,0.37,0.37,43.351944,1776233270000
1776233272.085,172.085,0.52,15.0,0.51,15.0,0.89,11.66,0.9,15.0,0.11,11.66,0.1,15.0,0.48,15.0,0.49,15.0,0.37,0.37,43.351769,1776233271000
1776233273.313,173.313,0.52,15.0,0.51,15.0,0.89,11.66,0.9,15.0,0.11,11.66,0.1,15.0,0.48,15.0,0.49,15.0,0.37,0.37,43.351778,1776233272000
1776233274.472,174.472,0.52,15.0,0.51,15.0,0.89,11.66,0.9,15.0,0.11,11.66,0.1,15.0,0.48,15.0,0.49,15.0,0.37,0.37,43.34999,1776233273000
1776233275.077,175.077,0.52,15.0,0.51,15.0,0.89,11.66,0.9,15.0,0.11,11.66,0.1,15.0,0.48,15.0,0.49,15.0,0.37,0.37,43.34999,1776233274000
1776233276.304,176.304,0.52,15.0,0.51,15.0,0.89,11.66,0.9,15.0,0.11,11.66,0.1,15.0,0.48,15.0,0.49,15.0,0.37,0.37,43.350009,1776233275000
1776233277.467,177.467,0.52,15.0,0.51,15.0,0.89,11.66,0.9,15.0,0.11,11.66,0.1,15.0,0.48,15.0,0.49,15.0,0.37,0.37,43.350194,1776233276000
1776233278.01,178.01,0.52,15.0,0.51,15.0,0.89,11.66,0.9,15.0,0.11,11.66,0.1,15.0,0.48,15.0,0.49,15.0,0.37,0.37,43.350194,1776233277000
1776233279.127,179.127,0.52,15.0,0.51,15.0,0.89,11.66,0.9,15.0,0.11,11.66,0.1,15.0,0.48,15.0,0.49,15.0,0.37,0.37,43.345288,1776233278000
1776233280.262,180.262,0.52,15.0,0.51,15.0,0.89,11.66,0.9,15.0,0.11,11.66,0.1,15.0,0.48,15.0,0.49,15.0,0.37,0.37,43.334365,1776233279000
1776233281.446,181.446,0.52,15.0,0.51,15.0,0.89,11.66,0.9,15.0,0.11,11.66,0.1,15.0,0.48,15.0,0.49,15.0,0.37,0.37,43.331095,1776233280000
1776233282.021,182.021,0.52,15.0,0.51,15.0,0.89,11.66,0.9,15.0,0.11,11.66,0.1,15.0,0.48,15.0,0.49,15.0,0.37,0.37,43.331095,1776233281000
1776233283.754,183.754,0.52,15.0,0.51,15.0,0.89,11.66,0.9,15.0,0.11,11.66,0.1,15.0,0.48,15.0,0.49,15.0,0.37,0.37,43.330044,1776233282000
1776233284.175,184.175,0.52,15.0,0.51,15.0,0.89,11.66,0.9,15.0,0.11,11.66,0.1,15.0,0.48,15.0,0.49,15.0,0.37,0.37,43.329824,1776233283000
1776233285.222,185.222,0.52,15.0,0.51,15.0,0.89,11.66,0.9,15.0,0.11,11.66,0.1,15.0,0.48,15.0,0.49,15.0,0.37,0.37,43.329639,1776233284000
1776233286.174,186.174,0.52,15.0,0.51,15.0,0.89,11.66,0.9,15.0,0.11,11.66,0.1,15.0,0.48,15.0,0.49,15.0,0.37,0.37,43.329744,1776233285000
1776233287.197,187.197,0.52,15.0,0.51,15.0,0.89,11.66,0.9,15.0,0.11,11.66,0.1,15.0,0.48,15.0,0.49,15.0,0.37,0.37,43.32911,1776233286000
1776233288.257,188.257,0.52,15.0,0.51,15.0,0.89,11.66,0.9,15.0,0.11,11.66,0.1,15.0,0.48,15.0,0.49,15.0,0.37,0.37,43.328755,1776233287000
1776233289.361,189.361,0.52,15.0,0.51,15.0,0.89,11.66,0.9,15.0,0.11,11.66,0.1,15.0,0.48,15.0,0.49,15.0,0.37,0.37,43.328824,1776233288000
1776233290.357,190.357,0.52,15.0,0.51,15.0,0.89,11.66,0.9,15.0,0.11,11.66,0.1,15.0,0.48,15.0,0.49,15.0,0.37,0.37,43.328656,1776233289000
1776233290.932,190.932,0.52,15.0,0.51,15.0,0.89,11.66,0.9,15.0,0.11,11.66,0.1,15.0,0.48,15.0,0.49,15.0,0.37,0.37,43.328656,1776233290000
1776233291.935,191.935,0.52,15.0,0.51,15.0,0.89,11.66,0.9,15.0,0.11,11.66,0.1,15.0,0.48,15.0,0.49,15.0,0.37,0.37,43.329927,1776233291000
1776233292.999,192.999,0.52,15.0,0.51,15.0,0.89,11.66,0.9,15.0,0.11,11.66,0.1,15.0,0.48,15.0,0.49,15.0,0.37,0.37,43.331285,1776233292000
1776233294.052,194.052,0.52,15.0,0.51,15.0,0.89,11.66,0.9,15.0,0.11,11.66,0.1,15.0,0.48,15.0,0.49,15.0,0.37,0.37,43.332322,1776233293000
1776233295.027,195.027,0.52,15.0,0.51,15.0,0.89,11.66,0.9,15.0,0.11,11.66,0.1,15.0,0.48,15.0,0.49,15.0,0.37,0.37,43.339273,1776233294000
1776233296.024,196.024,0.52,15.0,0.51,15.0,0.89,11.66,0.9,15.0,0.11,11.66,0.1,15.0,0.48,15.0,0.49,15.0,0.37,0.37,43.340748,1776233295000
1776233297.05,197.05,0.52,15.0,0.51,15.0,0.89,11.66,0.9,15.0,0.11,11.66,0.1,15.0,0.48,15.0,0.49,15.0,0.37,0.37,43.340884,1776233296000
1776233298.415,198.415,0.52,15.0,0.51,15.0,0.89,11.66,0.9,15.0,0.11,11.66,0.1,15.0,0.48,15.0,0.49,15.0,0.37,0.37,43.348357,1776233297000
1776233299.069,199.069,0.52,15.0,0.51,15.0,0.89,11.66,0.9,15.0,0.11,11.66,0.1,15.0,0.48,15.0,0.49,15.0,0.37,0.37,43.354722,1776233298000
1776233300.44,200.44,0.52,15.0,0.51,15.0,0.89,11.66,0.9,15.0,0.11,11.66,0.1,15.0,0.48,15.0,0.49,15.0,0.37,0.37,43.358637,1776233299000
1776233301.111,201.111,0.52,15.0,0.51,15.0,0.89,11.66,0.9,15.0,0.11,11.66,0.1,15.0,0.48,15.0,0.49,15.0,0.37,0.37,43.358637,1776233300000
1776233302.702,202.702,0.52,15.0,0.51,15.0,0.89,11.66,0.9,15.0,0.11,11.66,0.1,15.0,0.48,15.0,0.49,15.0,0.37,0.37,43.356794,1776233301000
1776233303.289,203.289,0.52,15.0,0.51,15.0,0.89,11.66,0.9,15.0,0.11,11.66,0.1,15.0,0.48,15.0,0.49,15.0,0.37,0.37,43.357166,1776233302000
1776233304.57,204.57,0.52,15.0,0.51,15.0,0.89,11.66,0.9,15.0,0.11,11.66,0.1,15.0,0.48,15.0,0.49,15.0,0.37,0.37,43.357156,1776233303000
1776233305.289,205.289,0.52,15.0,0.51,15.0,0.89,11.66,0.9,15.0,0.11,11.66,0.1,15.0,0.48,15.0,0.49,15.0,0.37,0.37,43.357248,1776233304000
1776233306.473,206.473,0.52,15.0,0.51,15.0,0.89,11.66,0.9,15.0,0.11,11.66,0.1,15.0,0.48,15.0,0.49,15.0,0.37,0.37,43.357487,1776233305000
1776233307.213,207.213,0.52,15.0,0.51,15.0,0.89,11.66,0.9,15.0,0.11,11.66,0.1,15.0,0.48,15.0,0.49,15.0,0.37,0.37,43.358409,1776233306000
1776233308.384,208.384,0.52,15.0,0.51,15.0,0.89,11.66,0.9,15.0,0.11,11.66,0.1,15.0,0.48,15.0,0.49,15.0,0.37,0.37,43.359482,1776233307000
1776233309.094,209.094,0.52,15.0,0.51,15.0,0.89,11.66,0.9,15.0,0.11,11.66,0.1,15.0,0.48,15.0,0.49,15.0,0.37,0.37,43.359848,1776233308000
1776233310.329,210.329,0.52,15.0,0.51,15.0,0.89,11.66,0.9,15.0,0.11,11.66,0.1,15.0,0.48,15.0,0.49,15.0,0.37,0.37,43.360394,1776233309000
1776233311.52,211.52,0.52,15.0,0.51,15.0,0.89,11.66,0.9,15.0,0.11,11.66,0.1,15.0,0.48,15.0,0.49,15.0,0.37,0.37,43.359809,1776233310000
1776233312.165,212.165,0.52,15.0,0.51,15.0,0.89,11.66,0.9,15.0,0.11,11.66,0.1,15.0,0.48,15.0,0.49,15.0,0.37,0.37,43.360414,1776233311000
1776233313.8,213.8,0.52,15.0,0.51,15.0,0.89,11.66,0.9,15.0,0.11,11.66,0.1,15.0,0.48,15.0,0.49,15.0,0.37,0.37,43.393021,1776233312000
1776233314.278,214.278,0.52,15.0,0.51,15.0,0.89,11.66,0.9,15.0,0.11,11.66,0.1,15.0,0.48,15.0,0.49,15.0,0.37,0.37,43.395071,1776233313000
1776233315.374,215.374,0.52,15.0,0.51,15.0,0.89,11.66,0.9,15.0,0.11,11.66,0.1,15.0,0.48,15.0,0.49,15.0,0.37,0.37,43.395726,1776233314000
1776233315.91,215.91,0.52,15.0,0.51,15.0,0.89,11.66,0.9,15.0,0.11,11.66,0.1,15.0,0.48,15.0,0.49,15.0,0.37,0.37,43.394715,1776233315000
1776233316.995,216.995,0.52,15.0,0.51,15.0,0.89,11.66,0.9,15.0,0.11,11.66,0.1,15.0,0.48,15.0,0.49,15.0,0.37,0.37,43.390171,1776233316000
1776233318.124,218.124,0.52,15.0,0.51,15.0,0.89,11.66,0.9,15.0,0.11,11.66,0.1,15.0,0.48,15.0,0.49,15.0,0.37,0.37,43.389619,1776233317000
1776233319.16,219.16,0.52,15.0,0.51,15.0,0.89,11.66,0.9,15.0,0.11,11.66,0.1,15.0,0.48,15.0,0.49,15.0,0.37,0.37,43.389136,1776233318000
1776233320.206,220.206,0.52,15.0,0.51,15.0,0.89,11.66,0.9,15.0,0.11,11.66,0.1,15.0,0.48,15.0,0.49,15.0,0.37,0.37,43.383294,1776233319000
1776233321.294,221.294,0.52,15.0,0.51,15.0,0.89,11.66,0.9,15.0,0.11,11.66,0.1,15.0,0.48,15.0,0.49,15.0,0.37,0.37,43.370794,1776233320000
1776233322.36,222.36,0.52,15.0,0.51,15.0,0.89,11.66,0.9,15.0,0.11,11.66,0.1,15.0,0.48,15.0,0.49,15.0,0.37,0.37,43.366208,1776233321000
1776233323.313,223.313,0.52,15.0,0.51,15.0,0.89,11.66,0.9,15.0,0.11,11.66,0.1,15.0,0.48,15.0,0.49,15.0,0.37,0.37,43.366549,1776233322000
1776233324.024,224.024,0.52,15.0,0.51,15.0,0.89,11.66,0.9,15.0,0.11,11.66,0.1,15.0,0.48,15.0,0.49,15.0,0.37,0.37,43.366386,1776233323000
1776233324.986,224.986,0.52,15.0,0.51,15.0,0.89,11.66,0.9,15.0,0.11,11.66,0.1,15.0,0.48,15.0,0.49,15.0,0.37,0.37,43.364197,1776233324000
1776233326.03,226.03,0.52,15.0,0.51,15.0,0.89,11.66,0.9,15.0,0.11,11.66,0.1,15.0,0.48,15.0,0.49,15.0,0.37,0.37,43.359396,1776233325000
1776233327.597,227.597,0.52,15.0,0.51,15.0,0.89,11.66,0.9,15.0,0.11,11.66,0.1,15.0,0.48,15.0,0.49,15.0,0.37,0.37,43.35607,1776233326000
1776233328.077,228.077,0.52,15.0,0.51,15.0,0.89,11.66,0.9,15.0,0.11,11.66,0.1,15.0,0.48,15.0,0.49,15.0,0.37,0.37,43.355246,1776233327000
1776233329.034,229.034,0.52,15.0,0.51,15.0,0.89,11.66,0.9,15.0,0.11,11.66,0.1,15.0,0.48,15.0,0.49,15.0,0.37,0.37,43.353041,1776233328000
1776233330.033,230.033,0.52,15.0,0.51,15.0,0.89,11.66,0.9,15.0,0.11,11.66,0.1,15.0,0.48,15.0,0.49,15.0,0.37,0.37,43.349706,1776233329000
1776233331.082,231.082,0.52,15.0,0.51,15.0,0.89,11.66,0.9,15.0,0.11,11.66,0.1,15.0,0.48,15.0,0.49,15.0,0.37,0.37,43.34828,1776233330000
1776233332.113,232.113,0.52,15.0,0.51,15.0,0.89,11.66,0.9,15.0,0.11,11.66,0.1,15.0,0.48,15.0,0.49,15.0,0.37,0.37,43.347242,1776233331000
1776233333.044,233.044,0.52,15.0,0.51,15.0,0.89,11.66,0.9,15.0,0.11,11.66,0.1,15.0,0.48,15.0,0.49,15.0,0.37,0.37,43.34844,1776233332000
1776233334.065,234.065,0.52,15.0,0.51,15.0,0.89,11.66,0.9,15.0,0.11,11.66,0.1,15.0,0.48,15.0,0.49,15.0,0.37,0.37,43.348295,1776233333000
1776233335.056,235.056,0.52,15.0,0.51,15.0,0.89,11.66,0.9,15.0,0.11,11.66,0.1,15.0,0.48,15.0,0.49,15.0,0.37,0.37,43.348295,1776233334000
1776233336.079,236.079,0.52,15.0,0.51,15.0,0.89,11.66,0.9,15.0,0.11,11.66,0.1,15.0,0.48,15.0,0.49,15.0,0.37,0.37,43.347617,1776233335000
1776233337.033,237.033,0.52,15.0,0.51,15.0,0.89,11.66,0.9,15.0,0.11,11.66,0.1,15.0,0.48,15.0,0.49,15.0,0.37,0.37,43.347381,1776233336000
1776233338.034,238.034,0.52,15.0,0.51,15.0,0.89,11.66,0.9,15.0,0.11,11.66,0.1,15.0,0.48,15.0,0.49,15.0,0.37,0.37,43.347579,1776233337000
1776233339.002,239.002,0.52,15.0,0.51,15.0,0.89,11.66,0.9,15.0,0.11,11.66,0.1,15.0,0.48,15.0,0.49,15.0,0.37,0.37,43.347144,1776233338000
1776233340.633,240.633,0.52,15.0,0.51,15.0,0.89,11.66,0.9,15.0,0.11,11.66,0.1,15.0,0.48,15.0,0.49,15.0,0.37,0.37,43.347608,1776233339000
1776233341.173,241.173,0.83,10.0,0.8,15.0,0.88,8.33,0.89,15.0,0.11,11.66,0.1,15.0,0.48,15.0,0.49,15.0,0.05,0.37,43.347608,1776233339000
1776233341.794,241.794,0.83,10.0,0.8,15.0,0.88,8.33,0.89,15.0,0.12,8.33,0.11,15.0,0.17,10.0,0.2,15.0,0.05,0.05,43.347915,1776233340000
1776233342.508,242.508,0.81,15.0,0.8,15.0,0.88,7.19,0.89,15.0,0.12,8.33,0.11,15.0,0.17,10.0,0.2,15.0,0.07,0.05,43.347915,1776233340000
1776233343.388,243.388,0.81,15.0,0.8,15.0,0.88,7.19,0.89,15.0,0.12,7.19,0.11,15.0,0.19,15.0,0.2,15.0,0.07,0.07,43.348039,1776233342000
1776233344.069,244.069,0.81,15.0,0.8,15.0,0.88,7.19,0.89,15.0,0.12,7.19,0.11,15.0,0.19,15.0,0.2,15.0,0.07,0.07,43.348015,1776233343000
1776233345.579,245.579,0.81,15.0,0.8,15.0,0.88,7.19,0.89,15.0,0.12,7.19,0.11,15.0,0.19,15.0,0.2,15.0,0.07,0.07,43.348583,1776233344000
1776233346.164,246.164,0.81,15.0,0.8,15.0,0.88,7.19,0.89,15.0,0.12,7.19,0.11,15.0,0.19,15.0,0.2,15.0,0.07,0.07,43.348188,1776233345000
1776233347.543,247.543,0.81,15.0,0.8,15.0,0.88,7.19,0.89,15.0,0.12,7.19,0.11,15.0,0.19,15.0,0.2,15.0,0.07,0.07,43.348239,1776233346000
1776233348.392,248.392,0.81,15.0,0.8,15.0,0.88,7.19,0.89,15.0,0.12,7.19,0.11,15.0,0.19,15.0,0.2,15.0,0.07,0.07,43.348239,1776233347000
1776233349.085,249.085,0.81,15.0,0.8,15.0,0.88,7.19,0.89,15.0,0.12,7.19,0.11,15.0,0.19,15.0,0.2,15.0,0.07,0.07,43.348133,1776233348000
1776233350.458,250.458,0.81,15.0,0.8,15.0,0.88,7.19,0.89,15.0,0.12,7.19,0.11,15.0,0.19,15.0,0.2,15.0,0.07,0.07,43.348008,1776233349000
1776233351.226,251.226,0.81,15.0,0.8,15.0,0.88,7.19,0.89,15.0,0.12,7.19,0.11,15.0,0.19,15.0,0.2,15.0,0.07,0.07,43.348044,1776233350000
1776233352.627,252.627,0.81,15.0,0.8,15.0,0.88,7.19,0.89,15.0,0.12,7.19,0.11,15.0,0.19,15.0,0.2,15.0,0.07,0.07,43.347464,1776233351000
1776233353.269,253.269,0.81,15.0,0.8,15.0,0.88,7.19,0.89,15.0,0.12,7.19,0.11,15.0,0.19,15.0,0.2,15.0,0.07,0.07,43.346762,1776233352000
1776233353.987,253.987,0.81,15.0,0.8,15.0,0.88,7.19,0.89,15.0,0.12,7.19,0.11,15.0,0.19,15.0,0.2,15.0,0.07,0.07,43.354926,1776233353000
1776233355.313,255.313,0.81,15.0,0.8,15.0,0.88,7.19,0.89,15.0,0.12,7.19,0.11,15.0,0.19,15.0,0.2,15.0,0.07,0.07,43.360155,1776233354000
1776233356.012,256.012,0.81,15.0,0.8,15.0,0.88,7.19,0.89,15.0,0.12,7.19,0.11,15.0,0.19,15.0,0.2,15.0,0.07,0.07,43.360411,1776233355000
1776233357.42,257.42,0.81,15.0,0.8,15.0,0.88,7.19,0.89,15.0,0.12,7.19,0.11,15.0,0.19,15.0,0.2,15.0,0.07,0.07,43.362013,1776233356000
1776233358.165,258.165,0.81,15.0,0.8,15.0,0.88,7.19,0.89,15.0,0.12,7.19,0.11,15.0,0.19,15.0,0.2,15.0,0.07,0.07,43.362015,1776233357000
1776233359.128,259.128,0.81,15.0,0.8,15.0,0.88,7.19,0.89,15.0,0.12,7.19,0.11,15.0,0.19,15.0,0.2,15.0,0.07,0.07,43.362571,1776233358000
1776233360.206,260.206,0.81,15.0,0.8,15.0,0.88,7.19,0.89,15.0,0.12,7.19,0.11,15.0,0.19,15.0,0.2,15.0,0.07,0.07,43.360716,1776233359000
1776233361.142,261.142,0.81,15.0,0.8,15.0,0.88,7.19,0.89,15.0,0.12,7.19,0.11,15.0,0.19,15.0,0.2,15.0,0.07,0.07,43.360412,1776233360000
1776233362.149,262.149,0.81,15.0,0.8,15.0,0.88,7.19,0.89,15.0,0.12,7.19,0.11,15.0,0.19,15.0,0.2,15.0,0.07,0.07,43.362284,1776233361000
1776233362.683,262.683,0.94,15.0,0.93,15.0,0.97,12.14,0.98,25.0,0.12,7.19,0.11,15.0,0.19,15.0,0.2,15.0,0.03,0.07,43.362284,1776233361000
1776233363.18,263.18,0.94,15.0,0.93,15.0,0.97,12.14,0.98,25.0,0.03,12.14,0.02,25.0,0.06,15.0,0.07,15.0,0.03,0.03,43.362455,1776233362000
1776233364.091,264.091,0.94,15.0,0.93,15.0,0.97,12.14,0.98,25.0,0.03,12.14,0.02,25.0,0.06,15.0,0.07,15.0,0.03,0.03,43.360949,1776233363000
1776233365.138,265.138,0.94,15.0,0.93,15.0,0.97,12.14,0.98,25.0,0.03,12.14,0.02,25.0,0.06,15.0,0.07,15.0,0.03,0.03,43.362157,1776233364000
1776233366.176,266.176,0.94,15.0,0.93,15.0,0.97,12.14,0.98,25.0,0.03,12.14,0.02,25.0,0.06,15.0,0.07,15.0,0.03,0.03,43.362635,1776233365000
1776233367.123,267.123,0.94,15.0,0.93,15.0,0.97,12.14,0.98,25.0,0.03,12.14,0.02,25.0,0.06,15.0,0.07,15.0,0.03,0.03,43.369951,1776233366000
1776233367.933,267.933,0.94,15.0,0.93,15.0,0.97,3.66,0.98,25.0,0.03,13.96,0.02,25.0,0.07,15.0,0.08,15.0,0.03,0.04,43.369951,1776233366000
1776233368.626,268.626,0.94,15.0,0.93,15.0,0.97,2.62,0.98,25.0,0.03,3.66,0.02,25.0,0.06,15.0,0.07,15.0,0.03,0.03,43.362534,1776233367000
1776233369.147,269.147,0.94,15.0,0.93,15.0,0.98,24.51,0.99,100.0,0.02,24.51,0.01,100.0,0.06,15.0,0.07,15.0,0.04,0.04,43.3621,1776233368000
1776233370.051,270.051,0.94,15.0,0.93,15.0,0.98,24.51,0.99,100.0,0.02,24.51,0.01,100.0,0.06,15.0,0.07,15.0,0.04,0.04,43.3621,1776233369000
1776233370.617,270.617,0.95,15.0,0.94,15.0,0.98,8.48,0.99,100.0,0.02,24.51,0.01,100.0,0.06,15.0,0.07,15.0,0.03,0.04,43.3621,1776233369000
1776233370.991,270.991,0.95,15.0,0.94,15.0,0.98,8.48,0.99,100.0,0.02,8.48,0.01,100.0,0.05,15.0,0.06,15.0,0.03,0.03,43.362121,1776233370000
1776233372.211,272.211,0.95,15.0,0.94,15.0,0.98,8.48,0.99,100.0,0.02,8.48,0.01,100.0,0.05,15.0,0.06,15.0,0.03,0.03,43.362121,1776233371000
1776233373.651,273.651,0.95,15.0,0.94,15.0,0.98,8.48,0.99,100.0,0.02,8.48,0.01,100.0,0.05,15.0,0.06,15.0,0.03,0.03,43.366698,1776233372000
1776233374.363,274.363,0.97,15.0,0.96,15.0,0.98,2.35,0.99,95.26,0.02,3.38,0.01,95.26,0.03,15.0,0.04,15.0,0.01,0.01,43.366698,1776233372000
1776233375.076,275.076,0.97,15.0,0.96,15.0,0.98,0.29,0.99,95.26,0.02,0.29,0.01,95.26,0.03,15.0,0.04,15.0,0.01,0.01,43.366988,1776233374000
1776233376.501,276.501,0.97,15.0,0.96,15.0,0.98,0.29,0.99,95.26,0.02,0.29,0.01,95.26,0.03,15.0,0.04,15.0,0.01,0.01,43.366989,1776233375000
1776233377.078,277.078,0.91,34.0,0.86,22.0,0.99,86.62,,,0.02,0.29,0.01,95.26,0.03,15.0,0.04,15.0,0.08,0.01,43.366989,1776233375000
1776233378.376,278.376,0.91,34.0,0.86,22.0,0.99,86.62,,,0.01,86.62,,,0.09,34.0,0.14,22.0,0.08,0.08,43.367285,1776233377000
1776233379.03,279.03,0.91,34.0,0.86,22.0,0.99,86.62,,,0.01,86.62,,,0.09,34.0,0.14,22.0,0.08,0.08,43.367285,1776233378000
1776233379.265,279.265,0.91,10.0,0.86,22.0,0.99,71.69,,,0.01,86.62,,,0.09,34.0,0.14,22.0,0.08,0.08,43.367285,1776233378000
1776233380.3,280.3,0.91,10.0,0.86,22.0,0.99,71.69,,,0.01,71.69,,,0.09,10.0,0.14,22.0,0.08,0.08,43.366897,1776233379000
1776233381.64,281.64,0.91,10.0,0.86,22.0,0.99,71.69,,,0.01,71.69,,,0.09,10.0,0.14,22.0,0.08,0.08,43.36687,1776233380000
1776233382.258,282.258,0.91,10.0,0.86,22.0,0.99,71.69,,,0.01,71.69,,,0.09,10.0,0.14,22.0,0.08,0.08,43.366616,1776233381000
1776233383.455,283.455,0.91,10.0,0.86,22.0,0.99,41.69,,,0.01,41.69,,,0.09,10.0,0.14,22.0,0.08,0.08,43.366803,1776233382000
1776233384.092,284.092,0.91,10.0,0.86,22.0,0.99,41.69,,,0.01,41.69,,,0.09,10.0,0.14,22.0,0.08,0.08,43.366616,1776233383000
1776233385.26,285.26,0.91,10.0,0.86,22.0,0.99,41.69,,,0.01,41.69,,,0.09,10.0,0.14,22.0,0.08,0.08,43.365468,1776233384000
1776233385.94,285.94,0.91,10.0,0.86,22.0,0.99,29.25,,,0.01,41.69,,,0.09,10.0,0.14,22.0,0.08,0.08,43.365468,1776233384000
1776233386.559,286.559,0.91,10.0,0.86,22.0,0.99,29.25,,,0.01,29.25,,,0.09,10.0,0.14,22.0,0.08,0.08,43.359802,1776233385000
1776233387.207,287.207,0.91,10.0,0.86,22.0,0.99,29.25,,,0.01,29.25,,,0.09,10.0,0.14,22.0,0.08,0.08,43.365492,1776233386000
1776233388.946,288.946,0.91,10.0,0.86,22.0,0.99,29.25,,,0.01,29.25,,,0.09,10.0,0.14,22.0,0.08,0.08,43.367001,1776233387000
1776233389.406,289.406,0.91,10.0,0.86,22.0,0.99,28.19,,,0.01,28.19,,,0.09,10.0,0.14,22.0,0.08,0.08,43.367177,1776233388000
1776233389.934,289.934,0.91,10.0,0.86,22.0,0.99,28.19,,,0.01,28.19,,,0.09,10.0,0.14,22.0,0.08,0.08,43.367177,1776233389000
1776233390.422,290.422,0.91,40.0,0.86,22.0,0.99,2.94,,,0.01,28.19,,,0.09,10.0,0.14,22.0,0.08,0.08,43.367177,1776233389000
1776233390.863,290.863,0.91,38.88,0.86,22.0,0.99,2.94,,,0.01,2.94,,,0.09,40.0,0.14,22.0,0.08,0.08,43.367177,1776233389000
1776233391.963,291.963,0.91,38.88,0.86,22.0,0.99,1.88,,,0.01,2.94,,,0.09,38.88,0.14,22.0,0.08,0.08,43.366714,1776233390000
1776233392.179,292.179,0.91,38.88,0.86,22.0,0.99,0.65,,,0.01,1.88,,,0.09,38.88,0.14,22.0,0.08,0.08,43.366857,1776233391000
1776233393.222,293.222,0.99,5.35,0.91,38.88,,,,,,,,,0.01,5.35,0.09,38.88,,,43.366857,1776233392000
1776233394.311,294.311,0.99,5.35,0.91,38.88,,,,,,,,,0.01,5.35,0.09,38.88,,,43.366857,1776233393000
1776233394.876,294.876,0.99,5.35,0.91,38.88,,,,,,,,,0.01,5.35,0.09,38.88,,,43.366858,1776233394000
1776233395.882,295.882,0.99,5.35,0.91,38.88,,,,,,,,,0.01,5.35,0.09,38.88,,,43.366971,1776233395000
1776233396.873,296.873,0.99,5.35,0.91,38.88,,,,,,,,,0.01,5.35,0.09,38.88,,,43.366518,1776233396000
1776233397.926,297.926,0.99,5.35,0.91,38.88,,,,,,,,,0.01,5.35,0.09,38.88,,,43.366662,1776233397000
1776233398.907,298.907,0.99,5.35,0.91,38.88,,,,,,,,,0.01,5.35,0.09,38.88,,,43.366662,1776233398000
1776233399.97,299.97,0.99,1062.7,0.91,38.88,,,,,,,,,0.01,1062.7,0.09,38.88,,,43.366662,1776233399000
1776233400.966,300.966,0.99,1062.7,0.91,38.88,,,,,,,,,0.01,1062.7,0.09,38.88,,,43.36751,1776233400000
1776233402.321,302.321,0.99,1062.7,0.91,38.88,,,,,,,,,0.01,1062.7,0.09,38.88,,,43.375147,1776233401000
1776233402.866,302.866,0.99,1062.7,0.91,38.88,,,,,,,,,0.01,1062.7,0.09,38.88,,,43.375234,1776233402000

# RESULT,winner=Up,slug=hype-updown-5m-1776233100,ticks=310
