timestamp,elapsed_sec,up_bid_p1,up_bid_s1,up_bid_p2,up_bid_s2,up_ask_p1,up_ask_s1,up_ask_p2,up_ask_s2,down_bid_p1,down_bid_s1,down_bid_p2,down_bid_s2,down_ask_p1,down_ask_s1,down_ask_p2,down_ask_s2,up_spread,down_spread,hype_price,hype_oracle_ts
1776184511.335,11.335,,,,,,,,,,,,,,,,,,,43.672397,1776184510000
1776184512.069,12.069,0.34,5.0,0.33,5.0,0.48,10.0,0.52,10.0,0.49,10.0,0.46,10.0,0.66,15.0,0.67,20.0,0.14,0.17,43.672397,1776184510000
1776184512.629,12.629,0.34,5.0,0.33,5.0,0.48,10.0,0.52,10.0,0.52,10.0,0.48,10.0,0.66,5.0,0.67,5.0,0.14,0.14,43.672056,1776184511000
1776184513.095,13.095,0.34,5.0,0.33,5.0,0.48,10.0,0.52,10.0,0.52,10.0,0.48,10.0,0.66,5.0,0.67,5.0,0.14,0.14,43.670507,1776184512000
1776184514.147,14.147,0.34,5.0,0.33,5.0,0.48,10.0,0.52,10.0,0.52,10.0,0.48,10.0,0.66,5.0,0.67,5.0,0.14,0.14,43.66397,1776184513000
1776184515.273,15.273,0.34,5.0,0.33,5.0,0.48,10.0,0.52,10.0,0.52,10.0,0.48,10.0,0.66,5.0,0.67,5.0,0.14,0.14,43.663831,1776184514000
1776184516.37,16.37,0.34,5.0,0.33,5.0,0.48,10.0,0.52,10.0,0.52,10.0,0.48,10.0,0.66,5.0,0.67,5.0,0.14,0.14,43.65848,1776184515000
1776184517.001,17.001,0.34,5.0,0.33,5.0,0.48,10.0,0.52,10.0,0.52,10.0,0.48,10.0,0.66,5.0,0.67,5.0,0.14,0.14,43.659218,1776184516000
1776184517.997,17.997,0.34,5.0,0.33,5.0,0.48,10.0,0.52,10.0,0.52,10.0,0.48,10.0,0.66,5.0,0.67,5.0,0.14,0.14,43.658869,1776184517000
1776184519.085,19.085,0.34,5.0,0.33,5.0,0.48,10.0,0.52,10.0,0.52,10.0,0.48,10.0,0.66,5.0,0.67,5.0,0.14,0.14,43.658865,1776184518000
1776184520.078,20.078,0.34,5.0,0.33,5.0,0.48,10.0,0.52,10.0,0.52,10.0,0.48,10.0,0.66,5.0,0.67,5.0,0.14,0.14,43.658704,1776184519000
1776184521.204,21.204,0.34,5.0,0.33,5.0,0.48,10.0,0.52,10.0,0.52,10.0,0.48,10.0,0.66,5.0,0.67,5.0,0.14,0.14,43.659342,1776184520000
1776184522.208,22.208,0.34,5.0,0.33,5.0,0.48,10.0,0.52,10.0,0.52,10.0,0.48,10.0,0.66,5.0,0.67,5.0,0.14,0.14,43.65933,1776184521000
1776184523.478,23.478,0.34,5.0,0.33,5.0,0.48,10.0,0.52,10.0,0.52,10.0,0.48,10.0,0.66,5.0,0.67,5.0,0.14,0.14,43.659156,1776184522000
1776184524.01,24.01,0.34,5.0,0.33,5.0,0.48,10.0,0.52,10.0,0.52,10.0,0.48,10.0,0.66,5.0,0.67,5.0,0.14,0.14,43.659646,1776184523000
1776184525.191,25.191,0.34,5.0,0.33,5.0,0.48,10.0,0.52,10.0,0.52,10.0,0.48,10.0,0.66,5.0,0.67,5.0,0.14,0.14,43.660577,1776184524000
1776184526.573,26.573,0.34,5.0,0.33,5.0,0.48,10.0,0.52,10.0,0.52,10.0,0.48,10.0,0.66,5.0,0.67,5.0,0.14,0.14,43.660577,1776184525000
1776184527.127,27.127,0.34,5.0,0.33,5.0,0.48,10.0,0.52,10.0,0.52,10.0,0.48,10.0,0.66,5.0,0.67,5.0,0.14,0.14,43.658435,1776184526000
1776184528.208,28.208,0.34,5.0,0.33,5.0,0.48,10.0,0.52,10.0,0.52,10.0,0.48,10.0,0.66,5.0,0.67,5.0,0.14,0.14,43.655671,1776184527000
1776184529.392,29.392,0.34,5.0,0.33,5.0,0.48,10.0,0.52,10.0,0.52,10.0,0.48,10.0,0.66,5.0,0.67,5.0,0.14,0.14,43.654058,1776184528000
1776184530.574,30.574,0.34,5.0,0.33,5.0,0.48,10.0,0.52,10.0,0.52,10.0,0.48,10.0,0.66,5.0,0.67,5.0,0.14,0.14,43.648627,1776184529000
1776184531.215,31.215,0.34,5.0,0.33,5.0,0.48,10.0,0.52,10.0,0.52,10.0,0.48,10.0,0.66,5.0,0.67,5.0,0.14,0.14,43.645932,1776184530000
1776184532.435,32.435,0.34,5.0,0.33,5.0,0.48,10.0,0.52,10.0,0.52,10.0,0.48,10.0,0.66,5.0,0.67,5.0,0.14,0.14,43.646966,1776184531000
1776184533.627,33.627,0.34,5.0,0.33,5.0,0.48,10.0,0.52,10.0,0.52,10.0,0.48,10.0,0.66,5.0,0.67,5.0,0.14,0.14,43.646612,1776184532000
1776184534.063,34.063,0.34,5.0,0.33,5.0,0.48,10.0,0.52,10.0,0.52,10.0,0.48,10.0,0.66,5.0,0.67,5.0,0.14,0.14,43.646642,1776184533000
1776184535.204,35.204,0.34,5.0,0.33,5.0,0.48,10.0,0.52,10.0,0.52,10.0,0.48,10.0,0.66,5.0,0.67,5.0,0.14,0.14,43.646421,1776184534000
1776184536.291,36.291,0.34,5.0,0.33,5.0,0.48,10.0,0.52,10.0,0.52,10.0,0.48,10.0,0.66,5.0,0.67,5.0,0.14,0.14,43.646861,1776184535000
1776184537.517,37.517,0.34,5.0,0.33,5.0,0.48,10.0,0.52,10.0,0.52,10.0,0.48,10.0,0.66,5.0,0.67,5.0,0.14,0.14,43.646543,1776184536000
1776184538.278,38.278,0.34,5.0,0.33,5.0,0.48,10.0,0.52,10.0,0.52,10.0,0.48,10.0,0.66,5.0,0.67,5.0,0.14,0.14,43.653934,1776184537000
1776184539.401,39.401,0.34,5.0,0.33,5.0,0.48,10.0,0.52,10.0,0.52,10.0,0.48,10.0,0.66,5.0,0.67,5.0,0.14,0.14,43.655448,1776184538000
1776184540.652,40.652,0.34,5.0,0.33,5.0,0.48,10.0,0.52,10.0,0.52,10.0,0.48,10.0,0.66,5.0,0.67,5.0,0.14,0.14,43.657152,1776184539000
1776184541.248,41.248,0.34,5.0,0.33,5.0,0.48,10.0,0.52,10.0,0.52,10.0,0.48,10.0,0.66,5.0,0.67,5.0,0.14,0.14,43.658605,1776184540000
1776184542.617,42.617,0.34,5.0,0.33,5.0,0.48,10.0,0.52,10.0,0.52,10.0,0.48,10.0,0.66,5.0,0.67,5.0,0.14,0.14,43.658534,1776184541000
1776184543.194,43.194,0.34,5.0,0.33,5.0,0.48,10.0,0.52,10.0,0.52,10.0,0.48,10.0,0.66,5.0,0.67,5.0,0.14,0.14,43.659293,1776184542000
1776184544.661,44.661,0.34,5.0,0.33,5.0,0.48,10.0,0.52,10.0,0.52,10.0,0.48,10.0,0.66,5.0,0.67,5.0,0.14,0.14,43.65689,1776184543000
1776184545.59,45.59,0.34,5.0,0.33,5.0,0.48,10.0,0.52,10.0,0.52,10.0,0.48,10.0,0.66,5.0,0.67,5.0,0.14,0.14,43.648262,1776184544000
1776184546.087,46.087,0.34,5.0,0.33,5.0,0.48,10.0,0.52,10.0,0.52,10.0,0.48,10.0,0.66,5.0,0.67,5.0,0.14,0.14,43.641345,1776184545000
1776184547.468,47.468,0.34,5.0,0.33,5.0,0.48,10.0,0.52,10.0,0.52,10.0,0.48,10.0,0.66,5.0,0.67,5.0,0.14,0.14,43.63503,1776184546000
1776184548.743,48.743,0.34,5.0,0.33,5.0,0.48,10.0,0.52,10.0,0.52,10.0,0.48,10.0,0.66,5.0,0.67,5.0,0.14,0.14,43.634439,1776184547000
1776184549.445,49.445,0.34,5.0,0.33,5.0,0.48,10.0,0.52,10.0,0.52,10.0,0.48,10.0,0.66,5.0,0.67,5.0,0.14,0.14,43.634507,1776184548000
1776184550.04,50.04,0.34,5.0,0.33,5.0,0.48,10.0,0.52,10.0,0.52,10.0,0.48,10.0,0.66,5.0,0.67,5.0,0.14,0.14,43.634515,1776184549000
1776184551.628,51.628,0.34,5.0,0.33,5.0,0.48,10.0,0.52,10.0,0.52,10.0,0.48,10.0,0.66,5.0,0.67,5.0,0.14,0.14,43.627043,1776184550000
1776184552.198,52.198,0.34,5.0,0.33,5.0,0.48,10.0,0.52,10.0,0.52,10.0,0.48,10.0,0.66,5.0,0.67,5.0,0.14,0.14,43.622346,1776184551000
1776184553.089,53.089,0.34,5.0,0.33,5.0,0.48,10.0,0.52,10.0,0.52,10.0,0.48,10.0,0.66,5.0,0.67,5.0,0.14,0.14,43.622509,1776184552000
1776184554.133,54.133,0.34,5.0,0.33,5.0,0.48,10.0,0.52,10.0,0.52,10.0,0.48,10.0,0.66,5.0,0.67,5.0,0.14,0.14,43.619506,1776184553000
1776184554.567,54.567,0.34,66.0,0.23,15.0,0.39,2.25,0.64,15.0,0.52,10.0,0.48,10.0,0.66,5.0,0.67,5.0,0.05,0.14,43.619506,1776184553000
1776184555.06,55.06,0.6,8.0,0.58,10.0,0.66,10.5,0.67,15.0,0.59,2.25,0.58,5.0,0.66,66.0,0.77,15.0,0.06,0.07,43.619506,1776184553000
1776184556.285,56.285,0.6,8.0,0.58,10.0,0.66,10.5,0.67,15.0,0.34,10.5,0.33,15.0,0.4,8.0,0.42,10.0,0.06,0.06,43.650552,1776184555000
1776184557.372,57.372,0.49,10.0,0.47,5.0,0.66,20.5,0.67,15.0,0.34,20.5,0.33,15.0,0.51,10.0,0.53,5.0,0.17,0.17,43.743441,1776184556000
1776184558.333,58.333,0.49,10.0,0.47,5.0,0.66,20.5,0.67,15.0,0.34,20.5,0.33,15.0,0.51,10.0,0.53,5.0,0.17,0.17,43.748972,1776184557000
1776184559.429,59.429,0.49,10.0,0.47,5.0,0.66,20.5,0.67,15.0,0.34,20.5,0.33,15.0,0.51,10.0,0.53,5.0,0.17,0.17,43.751741,1776184558000
1776184559.93,59.93,0.49,10.0,0.47,5.0,0.66,20.5,0.67,15.0,0.34,20.5,0.33,15.0,0.51,10.0,0.53,5.0,0.17,0.17,43.754302,1776184559000
1776184561.023,61.023,0.49,10.0,0.47,5.0,0.66,20.5,0.67,15.0,0.34,20.5,0.33,15.0,0.51,10.0,0.53,5.0,0.17,0.17,43.755274,1776184560000
1776184561.35,61.35,0.55,24.0,0.54,5.0,0.73,18.0,0.74,15.0,0.34,20.5,0.33,15.0,0.51,10.0,0.53,5.0,0.18,0.17,43.755274,1776184560000
1776184562.129,62.129,0.55,24.0,0.54,5.0,0.73,18.0,0.74,15.0,0.27,18.0,0.26,15.0,0.45,24.0,0.46,5.0,0.18,0.18,43.753572,1776184561000
1776184563.217,63.217,0.55,24.0,0.54,5.0,0.73,18.0,0.74,15.0,0.27,18.0,0.26,15.0,0.45,24.0,0.46,5.0,0.18,0.18,43.758221,1776184562000
1776184564.263,64.263,0.55,24.0,0.54,5.0,0.73,18.0,0.74,15.0,0.27,18.0,0.26,15.0,0.45,24.0,0.46,5.0,0.18,0.18,43.761886,1776184563000
1776184565.303,65.303,0.55,24.0,0.54,5.0,0.73,18.0,0.74,15.0,0.27,18.0,0.26,15.0,0.45,24.0,0.46,5.0,0.18,0.18,43.758754,1776184564000
1776184567.165,67.165,0.55,24.0,0.54,5.0,0.73,18.0,0.74,15.0,0.27,18.0,0.26,15.0,0.45,24.0,0.46,5.0,0.18,0.18,43.762062,1776184565000
1776184567.773,67.773,0.55,24.0,0.54,5.0,0.73,18.0,0.74,15.0,0.27,18.0,0.26,15.0,0.45,24.0,0.46,5.0,0.18,0.18,43.762058,1776184566000
1776184568.386,68.386,0.55,24.0,0.54,5.0,0.73,18.0,0.74,15.0,0.27,18.0,0.26,15.0,0.45,24.0,0.46,5.0,0.18,0.18,43.760888,1776184567000
1776184569.472,69.472,0.55,24.0,0.54,5.0,0.73,18.0,0.74,15.0,0.27,18.0,0.26,15.0,0.45,24.0,0.46,5.0,0.18,0.18,43.761638,1776184568000
1776184569.985,69.985,0.55,24.0,0.54,5.0,0.73,18.0,0.74,15.0,0.27,18.0,0.26,15.0,0.45,24.0,0.46,5.0,0.18,0.18,43.761638,1776184569000
1776184571.226,71.226,0.55,24.0,0.54,5.0,0.73,18.0,0.74,15.0,0.27,18.0,0.26,15.0,0.45,24.0,0.46,5.0,0.18,0.18,43.751585,1776184570000
1776184572.295,72.295,0.55,24.0,0.54,5.0,0.73,18.0,0.74,15.0,0.27,18.0,0.26,15.0,0.45,24.0,0.46,5.0,0.18,0.18,43.747721,1776184571000
1776184573.552,73.552,0.55,24.0,0.54,5.0,0.73,18.0,0.74,15.0,0.27,18.0,0.26,15.0,0.45,24.0,0.46,5.0,0.18,0.18,43.74361,1776184572000
1776184574.135,74.135,0.55,24.0,0.54,5.0,0.73,18.0,0.74,15.0,0.27,18.0,0.26,15.0,0.45,24.0,0.46,5.0,0.18,0.18,43.741474,1776184573000
1776184575.346,75.346,0.55,24.0,0.54,5.0,0.73,18.0,0.74,15.0,0.27,18.0,0.26,15.0,0.45,24.0,0.46,5.0,0.18,0.18,43.745363,1776184574000
1776184576.39,76.39,0.55,24.0,0.54,5.0,0.73,18.0,0.74,15.0,0.27,18.0,0.26,15.0,0.45,24.0,0.46,5.0,0.18,0.18,43.742229,1776184575000
1776184576.979,76.979,0.55,24.0,0.54,5.0,0.73,18.0,0.74,15.0,0.27,18.0,0.26,15.0,0.45,24.0,0.46,5.0,0.18,0.18,43.729883,1776184576000
1776184578.198,78.198,0.55,24.0,0.54,5.0,0.73,18.0,0.74,15.0,0.27,18.0,0.26,15.0,0.45,24.0,0.46,5.0,0.18,0.18,43.730582,1776184577000
1776184579.312,79.312,0.55,24.0,0.54,5.0,0.73,18.0,0.74,15.0,0.27,18.0,0.26,15.0,0.45,24.0,0.46,5.0,0.18,0.18,43.732966,1776184578000
1776184580.429,80.429,0.55,24.0,0.54,5.0,0.73,18.0,0.74,15.0,0.27,18.0,0.26,15.0,0.45,24.0,0.46,5.0,0.18,0.18,43.73295,1776184579000
1776184581.025,81.025,0.55,24.0,0.54,5.0,0.73,18.0,0.74,15.0,0.27,18.0,0.26,15.0,0.45,24.0,0.46,5.0,0.18,0.18,43.731293,1776184580000
1776184582.142,82.142,0.55,24.0,0.54,5.0,0.73,18.0,0.74,15.0,0.27,18.0,0.26,15.0,0.45,24.0,0.46,5.0,0.18,0.18,43.727549,1776184581000
1776184583.143,83.143,0.55,24.0,0.54,5.0,0.73,18.0,0.74,15.0,0.27,18.0,0.26,15.0,0.45,24.0,0.46,5.0,0.18,0.18,43.720341,1776184582000
1776184584.277,84.277,0.55,24.0,0.54,5.0,0.73,18.0,0.74,15.0,0.27,18.0,0.26,15.0,0.45,24.0,0.46,5.0,0.18,0.18,43.719552,1776184583000
1776184585.185,85.185,0.55,24.0,0.54,5.0,0.73,18.0,0.74,15.0,0.27,18.0,0.26,15.0,0.45,24.0,0.46,5.0,0.18,0.18,43.719042,1776184584000
1776184586.183,86.183,0.55,24.0,0.54,5.0,0.73,18.0,0.74,15.0,0.27,18.0,0.26,15.0,0.45,24.0,0.46,5.0,0.18,0.18,43.727781,1776184585000
1776184587.223,87.223,0.55,24.0,0.54,5.0,0.73,18.0,0.74,15.0,0.27,18.0,0.26,15.0,0.45,24.0,0.46,5.0,0.18,0.18,43.727781,1776184586000
1776184588.21,88.21,0.55,24.0,0.54,5.0,0.73,18.0,0.74,15.0,0.27,18.0,0.26,15.0,0.45,24.0,0.46,5.0,0.18,0.18,43.722699,1776184587000
1776184589.236,89.236,0.55,24.0,0.54,5.0,0.73,18.0,0.74,15.0,0.27,18.0,0.26,15.0,0.45,24.0,0.46,5.0,0.18,0.18,43.723639,1776184588000
1776184590.366,90.366,0.55,24.0,0.54,5.0,0.73,18.0,0.74,15.0,0.27,18.0,0.26,15.0,0.45,24.0,0.46,5.0,0.18,0.18,43.726927,1776184589000
1776184591.303,91.303,0.55,24.0,0.54,5.0,0.73,18.0,0.74,15.0,0.27,18.0,0.26,15.0,0.45,24.0,0.46,5.0,0.18,0.18,43.731819,1776184590000
1776184592.386,92.386,0.55,24.0,0.54,5.0,0.73,18.0,0.74,15.0,0.27,18.0,0.26,15.0,0.45,24.0,0.46,5.0,0.18,0.18,43.731538,1776184591000
1776184593.444,93.444,0.55,24.0,0.54,5.0,0.73,18.0,0.74,15.0,0.27,18.0,0.26,15.0,0.45,24.0,0.46,5.0,0.18,0.18,43.742374,1776184592000
1776184593.981,93.981,0.55,24.0,0.54,5.0,0.73,18.0,0.74,15.0,0.27,18.0,0.26,15.0,0.45,24.0,0.46,5.0,0.18,0.18,43.7319,1776184593000
1776184596.754,96.754,0.55,24.0,0.54,5.0,0.73,18.0,0.74,15.0,0.27,18.0,0.26,15.0,0.45,24.0,0.46,5.0,0.18,0.18,43.73416,1776184595000
1776184597.396,97.396,0.55,24.0,0.54,5.0,0.73,18.0,0.74,15.0,0.27,18.0,0.26,15.0,0.45,24.0,0.46,5.0,0.18,0.18,43.733703,1776184596000
1776184598.665,98.665,0.55,24.0,0.54,5.0,0.73,18.0,0.74,15.0,0.27,18.0,0.26,15.0,0.45,24.0,0.46,5.0,0.18,0.18,43.732167,1776184597000
1776184599.268,99.268,0.55,24.0,0.54,5.0,0.73,18.0,0.74,15.0,0.27,18.0,0.26,15.0,0.45,24.0,0.46,5.0,0.18,0.18,43.732104,1776184598000
1776184600.649,100.649,0.55,24.0,0.54,5.0,0.73,18.0,0.74,15.0,0.27,18.0,0.26,15.0,0.45,24.0,0.46,5.0,0.18,0.18,43.732251,1776184599000
1776184601.153,101.153,0.55,24.0,0.54,5.0,0.73,18.0,0.74,15.0,0.27,18.0,0.26,15.0,0.45,24.0,0.46,5.0,0.18,0.18,43.732251,1776184600000
1776184602.493,102.493,0.55,24.0,0.54,5.0,0.73,18.0,0.74,15.0,0.27,18.0,0.26,15.0,0.45,24.0,0.46,5.0,0.18,0.18,43.731685,1776184601000
1776184603.106,103.106,0.55,24.0,0.54,5.0,0.73,18.0,0.74,15.0,0.27,18.0,0.26,15.0,0.45,24.0,0.46,5.0,0.18,0.18,43.731656,1776184602000
1776184604.434,104.434,0.55,24.0,0.54,5.0,0.73,18.0,0.74,15.0,0.27,18.0,0.26,15.0,0.45,24.0,0.46,5.0,0.18,0.18,43.731463,1776184603000
1776184605.017,105.017,0.55,24.0,0.54,5.0,0.73,18.0,0.74,15.0,0.27,18.0,0.26,15.0,0.45,24.0,0.46,5.0,0.18,0.18,43.72723,1776184604000
1776184606.025,106.025,0.55,24.0,0.54,5.0,0.73,18.0,0.74,15.0,0.27,18.0,0.26,15.0,0.45,24.0,0.46,5.0,0.18,0.18,43.726453,1776184605000
1776184607.071,107.071,0.55,24.0,0.54,5.0,0.73,18.0,0.74,15.0,0.27,18.0,0.26,15.0,0.45,24.0,0.46,5.0,0.18,0.18,43.726779,1776184606000
1776184608.245,108.245,0.55,24.0,0.54,5.0,0.73,18.0,0.74,15.0,0.27,18.0,0.26,15.0,0.45,24.0,0.46,5.0,0.18,0.18,43.727341,1776184607000
1776184609.391,109.391,0.55,24.0,0.54,5.0,0.73,18.0,0.74,15.0,0.27,18.0,0.26,15.0,0.45,24.0,0.46,5.0,0.18,0.18,43.726585,1776184608000
1776184610.025,110.025,0.55,24.0,0.54,5.0,0.73,18.0,0.74,15.0,0.27,18.0,0.26,15.0,0.45,24.0,0.46,5.0,0.18,0.18,43.726585,1776184609000
1776184611.194,111.194,0.55,24.0,0.54,5.0,0.73,18.0,0.74,15.0,0.27,18.0,0.26,15.0,0.45,24.0,0.46,5.0,0.18,0.18,43.726585,1776184610000
1776184612.122,112.122,0.55,24.0,0.54,5.0,0.73,18.0,0.74,15.0,0.27,18.0,0.26,15.0,0.45,24.0,0.46,5.0,0.18,0.18,43.725133,1776184611000
1776184613.296,113.296,0.55,24.0,0.54,5.0,0.73,18.0,0.74,15.0,0.27,18.0,0.26,15.0,0.45,24.0,0.46,5.0,0.18,0.18,43.724987,1776184612000
1776184614.463,114.463,0.55,24.0,0.54,5.0,0.73,18.0,0.74,15.0,0.27,18.0,0.26,15.0,0.45,24.0,0.46,5.0,0.18,0.18,43.724829,1776184613000
1776184615.004,115.004,0.55,24.0,0.54,5.0,0.73,18.0,0.74,15.0,0.27,18.0,0.26,15.0,0.45,24.0,0.46,5.0,0.18,0.18,43.724829,1776184614000
1776184616.144,116.144,0.55,24.0,0.54,5.0,0.73,18.0,0.74,15.0,0.27,18.0,0.26,15.0,0.45,24.0,0.46,5.0,0.18,0.18,43.724829,1776184615000
1776184617.268,117.268,0.55,24.0,0.54,5.0,0.73,18.0,0.74,15.0,0.27,18.0,0.26,15.0,0.45,24.0,0.46,5.0,0.18,0.18,43.723943,1776184616000
1776184618.494,118.494,0.55,24.0,0.54,5.0,0.73,18.0,0.74,15.0,0.27,18.0,0.26,15.0,0.45,24.0,0.46,5.0,0.18,0.18,43.72759,1776184617000
1776184619.157,119.157,0.55,24.0,0.54,5.0,0.73,18.0,0.74,15.0,0.27,18.0,0.26,15.0,0.45,24.0,0.46,5.0,0.18,0.18,43.72759,1776184618000
1776184620.3,120.3,0.55,24.0,0.54,5.0,0.73,18.0,0.74,15.0,0.27,18.0,0.26,15.0,0.45,24.0,0.46,5.0,0.18,0.18,43.726662,1776184619000
1776184621.445,121.445,0.55,24.0,0.54,5.0,0.73,18.0,0.74,15.0,0.27,18.0,0.26,15.0,0.45,24.0,0.46,5.0,0.18,0.18,43.726553,1776184620000
1776184621.956,121.956,0.55,24.0,0.54,5.0,0.73,18.0,0.74,15.0,0.27,18.0,0.26,15.0,0.45,24.0,0.46,5.0,0.18,0.18,43.725756,1776184621000
1776184623.065,123.065,0.55,24.0,0.54,5.0,0.73,18.0,0.74,15.0,0.27,18.0,0.26,15.0,0.45,24.0,0.46,5.0,0.18,0.18,43.725834,1776184622000
1776184624.233,124.233,0.55,24.0,0.54,5.0,0.73,18.0,0.74,15.0,0.27,18.0,0.26,15.0,0.45,24.0,0.46,5.0,0.18,0.18,43.72572,1776184623000
1776184625.453,125.453,0.55,24.0,0.54,5.0,0.73,18.0,0.74,15.0,0.27,18.0,0.26,15.0,0.45,24.0,0.46,5.0,0.18,0.18,43.725448,1776184624000
1776184626.024,126.024,0.55,24.0,0.54,5.0,0.73,18.0,0.74,15.0,0.27,18.0,0.26,15.0,0.45,24.0,0.46,5.0,0.18,0.18,43.725472,1776184625000
1776184627.594,127.594,0.55,24.0,0.54,5.0,0.73,18.0,0.74,15.0,0.27,18.0,0.26,15.0,0.45,24.0,0.46,5.0,0.18,0.18,43.724751,1776184626000
1776184628.087,128.087,0.55,24.0,0.54,5.0,0.73,18.0,0.74,15.0,0.27,18.0,0.26,15.0,0.45,24.0,0.46,5.0,0.18,0.18,43.724682,1776184627000
1776184629.749,129.749,0.55,24.0,0.54,5.0,0.73,18.0,0.74,15.0,0.27,18.0,0.26,15.0,0.45,24.0,0.46,5.0,0.18,0.18,43.727974,1776184628000
1776184630.253,130.253,0.55,24.0,0.54,5.0,0.73,18.0,0.74,15.0,0.27,18.0,0.26,15.0,0.45,24.0,0.46,5.0,0.18,0.18,43.749524,1776184629000
1776184631.189,131.189,0.55,24.0,0.54,5.0,0.73,18.0,0.74,15.0,0.27,18.0,0.26,15.0,0.45,24.0,0.46,5.0,0.18,0.18,43.753607,1776184630000
1776184632.284,132.284,0.55,24.0,0.54,5.0,0.73,18.0,0.74,15.0,0.27,18.0,0.26,15.0,0.45,24.0,0.46,5.0,0.18,0.18,43.748246,1776184631000
1776184633.411,133.411,0.55,24.0,0.54,5.0,0.73,18.0,0.74,15.0,0.27,18.0,0.26,15.0,0.45,24.0,0.46,5.0,0.18,0.18,43.750054,1776184632000
1776184633.965,133.965,0.55,24.0,0.54,5.0,0.73,18.0,0.74,15.0,0.27,18.0,0.26,15.0,0.45,24.0,0.46,5.0,0.18,0.18,43.750056,1776184633000
1776184635.053,135.053,0.55,24.0,0.54,5.0,0.73,18.0,0.74,15.0,0.27,18.0,0.26,15.0,0.45,24.0,0.46,5.0,0.18,0.18,43.746257,1776184634000
1776184636.378,136.378,0.55,24.0,0.54,5.0,0.73,18.0,0.74,15.0,0.27,18.0,0.26,15.0,0.45,24.0,0.46,5.0,0.18,0.18,43.746833,1776184635000
1776184637.634,137.634,0.55,24.0,0.54,5.0,0.73,18.0,0.74,15.0,0.27,18.0,0.26,15.0,0.45,24.0,0.46,5.0,0.18,0.18,43.743434,1776184636000
1776184638.225,138.225,0.55,24.0,0.54,5.0,0.73,18.0,0.74,15.0,0.27,18.0,0.26,15.0,0.45,24.0,0.46,5.0,0.18,0.18,43.744707,1776184637000
1776184639.156,139.156,0.55,24.0,0.54,5.0,0.73,18.0,0.74,15.0,0.27,18.0,0.26,15.0,0.45,24.0,0.46,5.0,0.18,0.18,43.74454,1776184638000
1776184640.28,140.28,0.55,24.0,0.54,5.0,0.73,18.0,0.74,15.0,0.27,18.0,0.26,15.0,0.45,24.0,0.46,5.0,0.18,0.18,43.744824,1776184639000
1776184641.692,141.692,0.55,24.0,0.54,5.0,0.73,18.0,0.74,15.0,0.27,18.0,0.26,15.0,0.45,24.0,0.46,5.0,0.18,0.18,43.745139,1776184640000
1776184642.288,142.288,0.55,24.0,0.54,5.0,0.73,18.0,0.74,15.0,0.27,18.0,0.26,15.0,0.45,24.0,0.46,5.0,0.18,0.18,43.745311,1776184641000
1776184643.305,143.305,0.55,24.0,0.54,5.0,0.73,18.0,0.74,15.0,0.27,18.0,0.26,15.0,0.45,24.0,0.46,5.0,0.18,0.18,43.750022,1776184642000
1776184644.366,144.366,0.55,24.0,0.54,5.0,0.73,18.0,0.74,15.0,0.27,18.0,0.26,15.0,0.45,24.0,0.46,5.0,0.18,0.18,43.745,1776184643000
1776184644.833,144.833,0.55,24.0,0.54,5.0,0.73,18.0,0.74,15.0,0.27,18.0,0.26,15.0,0.45,24.0,0.46,5.0,0.18,0.18,43.745353,1776184644000
1776184645.943,145.943,0.55,24.0,0.54,5.0,0.73,18.0,0.74,15.0,0.27,18.0,0.26,15.0,0.45,24.0,0.46,5.0,0.18,0.18,43.744882,1776184645000
1776184647.022,147.022,0.55,24.0,0.54,5.0,0.73,18.0,0.74,15.0,0.27,18.0,0.26,15.0,0.45,24.0,0.46,5.0,0.18,0.18,43.744509,1776184646000
1776184648.032,148.032,0.55,24.0,0.54,5.0,0.73,18.0,0.74,15.0,0.27,18.0,0.26,15.0,0.45,24.0,0.46,5.0,0.18,0.18,43.744509,1776184647000
1776184649.093,149.093,0.55,24.0,0.54,5.0,0.73,18.0,0.74,15.0,0.27,18.0,0.26,15.0,0.45,24.0,0.46,5.0,0.18,0.18,43.745282,1776184648000
1776184650.201,150.201,0.55,24.0,0.54,5.0,0.73,18.0,0.74,15.0,0.27,18.0,0.26,15.0,0.45,24.0,0.46,5.0,0.18,0.18,43.745156,1776184649000
1776184651.358,151.358,0.55,24.0,0.54,5.0,0.73,18.0,0.74,15.0,0.27,18.0,0.26,15.0,0.45,24.0,0.46,5.0,0.18,0.18,43.74501,1776184650000
1776184652.37,152.37,0.55,24.0,0.54,5.0,0.73,18.0,0.74,15.0,0.27,18.0,0.26,15.0,0.45,24.0,0.46,5.0,0.18,0.18,43.745127,1776184651000
1776184652.937,152.937,0.55,24.0,0.54,5.0,0.73,18.0,0.74,15.0,0.27,18.0,0.26,15.0,0.45,24.0,0.46,5.0,0.18,0.18,43.745127,1776184652000
1776184654.008,154.008,0.55,24.0,0.54,5.0,0.73,18.0,0.74,15.0,0.27,18.0,0.26,15.0,0.45,24.0,0.46,5.0,0.18,0.18,43.742945,1776184653000
1776184655.829,155.829,0.55,24.0,0.54,5.0,0.73,18.0,0.74,15.0,0.27,18.0,0.26,15.0,0.45,24.0,0.46,5.0,0.18,0.18,43.742471,1776184654000
1776184656.882,156.882,0.55,24.0,0.54,5.0,0.73,18.0,0.74,15.0,0.27,18.0,0.26,15.0,0.45,24.0,0.46,5.0,0.18,0.18,43.742338,1776184655000
1776184657.605,157.605,0.55,24.0,0.54,5.0,0.73,18.0,0.74,15.0,0.27,18.0,0.26,15.0,0.45,24.0,0.46,5.0,0.18,0.18,43.743719,1776184656000
1776184658.264,158.264,0.55,24.0,0.54,5.0,0.73,18.0,0.74,15.0,0.27,18.0,0.26,15.0,0.45,24.0,0.46,5.0,0.18,0.18,43.743746,1776184657000
1776184659.619,159.619,0.55,24.0,0.54,5.0,0.73,18.0,0.74,15.0,0.27,18.0,0.26,15.0,0.45,24.0,0.46,5.0,0.18,0.18,43.742634,1776184658000
1776184660.225,160.225,0.55,24.0,0.54,5.0,0.73,18.0,0.74,15.0,0.27,18.0,0.26,15.0,0.45,24.0,0.46,5.0,0.18,0.18,43.743223,1776184659000
1776184661.606,161.606,0.55,24.0,0.54,5.0,0.73,18.0,0.74,15.0,0.27,18.0,0.26,15.0,0.45,24.0,0.46,5.0,0.18,0.18,43.744763,1776184660000
1776184662.336,162.336,0.55,24.0,0.54,5.0,0.73,18.0,0.74,15.0,0.27,18.0,0.26,15.0,0.45,24.0,0.46,5.0,0.18,0.18,43.74425,1776184661000
1776184663.803,163.803,0.55,24.0,0.54,5.0,0.73,18.0,0.74,15.0,0.27,18.0,0.26,15.0,0.45,24.0,0.46,5.0,0.18,0.18,43.745619,1776184662000
1776184664.617,164.617,0.55,24.0,0.54,5.0,0.73,18.0,0.74,15.0,0.27,18.0,0.26,15.0,0.45,24.0,0.46,5.0,0.18,0.18,43.745594,1776184663000
1776184665.227,165.227,0.55,24.0,0.54,5.0,0.73,18.0,0.74,15.0,0.27,18.0,0.26,15.0,0.45,24.0,0.46,5.0,0.18,0.18,43.744023,1776184664000
1776184666.657,166.657,0.55,24.0,0.54,5.0,0.73,18.0,0.74,15.0,0.27,18.0,0.26,15.0,0.45,24.0,0.46,5.0,0.18,0.18,43.743216,1776184665000
1776184667.314,167.314,0.55,24.0,0.54,5.0,0.73,18.0,0.74,15.0,0.27,18.0,0.26,15.0,0.45,24.0,0.46,5.0,0.18,0.18,43.743216,1776184666000
1776184668.057,168.057,0.55,24.0,0.54,5.0,0.73,18.0,0.74,15.0,0.27,18.0,0.26,15.0,0.45,24.0,0.46,5.0,0.18,0.18,43.743198,1776184667000
1776184669.625,169.625,0.55,24.0,0.54,5.0,0.73,18.0,0.74,15.0,0.27,18.0,0.26,15.0,0.45,24.0,0.46,5.0,0.18,0.18,43.745388,1776184668000
1776184670.193,170.193,0.55,24.0,0.54,5.0,0.73,18.0,0.74,15.0,0.27,18.0,0.26,15.0,0.45,24.0,0.46,5.0,0.18,0.18,43.745388,1776184669000
1776184671.572,171.572,0.55,24.0,0.54,5.0,0.73,18.0,0.74,15.0,0.27,18.0,0.26,15.0,0.45,24.0,0.46,5.0,0.18,0.18,43.745385,1776184670000
1776184672.391,172.391,0.55,24.0,0.54,5.0,0.73,18.0,0.74,15.0,0.27,18.0,0.26,15.0,0.45,24.0,0.46,5.0,0.18,0.18,43.7457,1776184671000
1776184674.432,174.432,0.55,24.0,0.54,5.0,0.73,18.0,0.74,15.0,0.27,18.0,0.26,15.0,0.45,24.0,0.46,5.0,0.18,0.18,43.746206,1776184673000
1776184675.919,175.919,0.55,24.0,0.54,5.0,0.73,18.0,0.74,15.0,0.27,18.0,0.26,15.0,0.45,24.0,0.46,5.0,0.18,0.18,43.743846,1776184674000
1776184676.715,176.715,0.55,24.0,0.54,5.0,0.73,18.0,0.74,15.0,0.27,18.0,0.26,15.0,0.45,24.0,0.46,5.0,0.18,0.18,43.743186,1776184675000
1776184677.598,177.598,0.55,24.0,0.54,5.0,0.73,18.0,0.74,15.0,0.27,18.0,0.26,15.0,0.45,24.0,0.46,5.0,0.18,0.18,43.74193,1776184676000
1776184678.366,178.366,0.55,24.0,0.54,5.0,0.73,18.0,0.74,15.0,0.27,18.0,0.26,15.0,0.45,24.0,0.46,5.0,0.18,0.18,43.741832,1776184677000
1776184679.795,179.795,0.55,24.0,0.54,5.0,0.73,18.0,0.74,15.0,0.27,18.0,0.26,15.0,0.45,24.0,0.46,5.0,0.18,0.18,43.744167,1776184678000
1776184680.61,180.61,0.55,24.0,0.54,5.0,0.73,18.0,0.74,15.0,0.27,18.0,0.26,15.0,0.45,24.0,0.46,5.0,0.18,0.18,43.744226,1776184679000
1776184681.32,181.32,0.55,24.0,0.54,5.0,0.73,18.0,0.74,15.0,0.27,18.0,0.26,15.0,0.45,24.0,0.46,5.0,0.18,0.18,43.744226,1776184680000
1776184682.929,182.929,0.55,24.0,0.54,5.0,0.73,18.0,0.74,15.0,0.27,18.0,0.26,15.0,0.45,24.0,0.46,5.0,0.18,0.18,43.746888,1776184681000
1776184683.726,183.726,0.55,24.0,0.54,5.0,0.73,18.0,0.74,15.0,0.27,18.0,0.26,15.0,0.45,24.0,0.46,5.0,0.18,0.18,43.746888,1776184682000
1776184684.761,184.761,0.55,24.0,0.54,5.0,0.73,18.0,0.74,15.0,0.27,18.0,0.26,15.0,0.45,24.0,0.46,5.0,0.18,0.18,43.745661,1776184683000
1776184685.604,185.604,0.55,24.0,0.54,5.0,0.73,18.0,0.74,15.0,0.27,18.0,0.26,15.0,0.45,24.0,0.46,5.0,0.18,0.18,43.749727,1776184684000
1776184686.132,186.132,0.55,24.0,0.54,5.0,0.73,18.0,0.74,15.0,0.27,18.0,0.26,15.0,0.45,24.0,0.46,5.0,0.18,0.18,43.752946,1776184685000
1776184687.492,187.492,0.55,24.0,0.54,5.0,0.73,18.0,0.74,15.0,0.27,18.0,0.26,15.0,0.45,24.0,0.46,5.0,0.18,0.18,43.748095,1776184686000
1776184688.234,188.234,0.55,24.0,0.54,5.0,0.73,18.0,0.74,15.0,0.27,18.0,0.26,15.0,0.45,24.0,0.46,5.0,0.18,0.18,43.748412,1776184687000
1776184689.626,189.626,0.55,24.0,0.54,5.0,0.73,18.0,0.74,15.0,0.27,18.0,0.26,15.0,0.45,24.0,0.46,5.0,0.18,0.18,43.748459,1776184688000
1776184690.403,190.403,0.55,24.0,0.54,5.0,0.73,18.0,0.74,15.0,0.27,18.0,0.26,15.0,0.45,24.0,0.46,5.0,0.18,0.18,43.748459,1776184689000
1776184691.695,191.695,0.55,24.0,0.54,5.0,0.73,18.0,0.74,15.0,0.27,18.0,0.26,15.0,0.45,24.0,0.46,5.0,0.18,0.18,43.750072,1776184690000
1776184692.744,192.744,0.55,24.0,0.54,5.0,0.73,18.0,0.74,15.0,0.27,18.0,0.26,15.0,0.45,24.0,0.46,5.0,0.18,0.18,43.750251,1776184691000
1776184693.728,193.728,0.55,24.0,0.54,5.0,0.73,18.0,0.74,15.0,0.27,18.0,0.26,15.0,0.45,24.0,0.46,5.0,0.18,0.18,43.749484,1776184692000
1776184694.351,194.351,0.55,24.0,0.54,5.0,0.73,18.0,0.74,15.0,0.27,18.0,0.26,15.0,0.45,24.0,0.46,5.0,0.18,0.18,43.747701,1776184693000
1776184696.003,196.003,0.55,24.0,0.54,5.0,0.73,18.0,0.74,15.0,0.27,18.0,0.26,15.0,0.45,24.0,0.46,5.0,0.18,0.18,43.748427,1776184694000
1776184696.541,196.541,0.55,24.0,0.54,5.0,0.73,18.0,0.74,15.0,0.27,18.0,0.26,15.0,0.45,24.0,0.46,5.0,0.18,0.18,43.748695,1776184695000
1776184697.241,197.241,0.55,24.0,0.54,5.0,0.73,18.0,0.74,15.0,0.27,18.0,0.26,15.0,0.45,24.0,0.46,5.0,0.18,0.18,43.750516,1776184696000
1776184698.552,198.552,0.55,24.0,0.54,5.0,0.73,18.0,0.74,15.0,0.27,18.0,0.26,15.0,0.45,24.0,0.46,5.0,0.18,0.18,43.748486,1776184697000
1776184699.219,199.219,0.55,24.0,0.54,5.0,0.73,18.0,0.74,15.0,0.27,18.0,0.26,15.0,0.45,24.0,0.46,5.0,0.18,0.18,43.747289,1776184698000
1776184700.589,200.589,0.55,24.0,0.54,5.0,0.73,18.0,0.74,15.0,0.27,18.0,0.26,15.0,0.45,24.0,0.46,5.0,0.18,0.18,43.747023,1776184699000
1776184701.053,201.053,0.55,24.0,0.54,5.0,0.73,18.0,0.74,15.0,0.27,18.0,0.26,15.0,0.45,24.0,0.46,5.0,0.18,0.18,43.747326,1776184700000
1776184702.247,202.247,0.55,24.0,0.54,5.0,0.73,18.0,0.74,15.0,0.27,18.0,0.26,15.0,0.45,24.0,0.46,5.0,0.18,0.18,43.747339,1776184701000
1776184703.442,203.442,0.55,24.0,0.54,5.0,0.73,18.0,0.74,15.0,0.27,18.0,0.26,15.0,0.45,24.0,0.46,5.0,0.18,0.18,43.747724,1776184702000
1776184703.991,203.991,0.55,24.0,0.54,5.0,0.73,18.0,0.74,15.0,0.27,18.0,0.26,15.0,0.45,24.0,0.46,5.0,0.18,0.18,43.74741,1776184703000
1776184705.163,205.163,0.55,24.0,0.54,5.0,0.73,18.0,0.74,15.0,0.27,18.0,0.26,15.0,0.45,24.0,0.46,5.0,0.18,0.18,43.747656,1776184704000
1776184706.521,206.521,0.55,24.0,0.54,5.0,0.73,18.0,0.74,15.0,0.27,18.0,0.26,15.0,0.45,24.0,0.46,5.0,0.18,0.18,43.747676,1776184705000
1776184706.984,206.984,0.55,24.0,0.54,5.0,0.73,18.0,0.74,15.0,0.27,18.0,0.26,15.0,0.45,24.0,0.46,5.0,0.18,0.18,43.747676,1776184706000
1776184708.161,208.161,0.55,24.0,0.54,5.0,0.73,18.0,0.74,15.0,0.27,18.0,0.26,15.0,0.45,24.0,0.46,5.0,0.18,0.18,43.747821,1776184707000
1776184710.01,210.01,0.55,24.0,0.54,5.0,0.73,18.0,0.74,15.0,0.27,18.0,0.26,15.0,0.45,24.0,0.46,5.0,0.18,0.18,43.74696,1776184708000
1776184711.497,211.497,0.55,24.0,0.54,5.0,0.73,18.0,0.74,15.0,0.27,18.0,0.26,15.0,0.45,24.0,0.46,5.0,0.18,0.18,43.746961,1776184709000
1776184712.039,212.039,0.86,5.0,0.84,15.0,0.91,4.9,0.92,15.0,0.09,4.9,0.08,15.0,0.14,5.0,0.16,15.0,0.05,0.05,43.746961,1776184711000
1776184713.61,213.61,0.86,5.0,0.84,15.0,0.91,4.9,0.92,15.0,0.09,4.9,0.08,15.0,0.14,5.0,0.16,15.0,0.05,0.05,43.748125,1776184712000
1776184714.196,214.196,0.86,5.0,0.84,15.0,0.91,4.9,0.92,15.0,0.09,4.9,0.08,15.0,0.14,5.0,0.16,15.0,0.05,0.05,43.748415,1776184713000
1776184715.661,215.661,0.86,5.0,0.84,15.0,0.91,4.9,0.92,15.0,0.09,4.9,0.08,15.0,0.14,5.0,0.16,15.0,0.05,0.05,43.751783,1776184714000
1776184716.399,216.399,0.88,5.0,0.85,15.0,0.91,11.7,0.92,15.0,0.09,11.7,0.08,15.0,0.12,5.0,0.15,15.0,0.03,0.03,43.753486,1776184715000
1776184716.995,216.995,0.88,5.0,0.85,15.0,0.91,11.7,0.92,15.0,0.09,11.7,0.08,15.0,0.12,5.0,0.15,15.0,0.03,0.03,43.751446,1776184716000
1776184718.459,218.459,0.88,5.0,0.85,15.0,0.91,11.7,0.92,15.0,0.09,11.7,0.08,15.0,0.12,5.0,0.15,15.0,0.03,0.03,43.750964,1776184717000
1776184719.295,219.295,0.88,5.0,0.85,15.0,0.91,11.7,0.92,15.0,0.09,11.7,0.08,15.0,0.12,5.0,0.15,15.0,0.03,0.03,43.750974,1776184718000
1776184720.594,220.594,0.88,5.0,0.85,15.0,0.91,11.7,0.92,15.0,0.09,11.7,0.08,15.0,0.12,5.0,0.15,15.0,0.03,0.03,43.75101,1776184719000
1776184721.271,221.271,0.88,5.0,0.85,15.0,0.91,11.7,0.92,15.0,0.09,11.7,0.08,15.0,0.12,5.0,0.15,15.0,0.03,0.03,43.75101,1776184720000
1776184722.566,222.566,0.88,5.0,0.85,15.0,0.91,11.7,0.92,15.0,0.09,11.7,0.08,15.0,0.12,5.0,0.15,15.0,0.03,0.03,43.751122,1776184721000
1776184723.3,223.3,0.88,5.0,0.85,15.0,0.91,11.7,0.92,15.0,0.09,11.7,0.08,15.0,0.12,5.0,0.15,15.0,0.03,0.03,43.751144,1776184722000
1776184724.695,224.695,0.88,5.0,0.85,15.0,0.91,11.7,0.92,15.0,0.09,11.7,0.08,15.0,0.12,5.0,0.15,15.0,0.03,0.03,43.751067,1776184723000
1776184725.231,225.231,0.88,5.0,0.85,15.0,0.91,11.7,0.92,15.0,0.09,11.7,0.08,15.0,0.12,5.0,0.15,15.0,0.03,0.03,43.751176,1776184724000
1776184726.634,226.634,0.88,5.0,0.85,15.0,0.91,11.7,0.92,15.0,0.09,11.7,0.08,15.0,0.12,5.0,0.15,15.0,0.03,0.03,43.750763,1776184725000
1776184727.445,227.445,0.88,5.0,0.85,15.0,0.91,11.7,0.92,15.0,0.09,11.7,0.08,15.0,0.12,5.0,0.15,15.0,0.03,0.03,43.750968,1776184726000
1776184728.553,228.553,0.88,5.0,0.85,15.0,0.91,11.7,0.92,15.0,0.09,11.7,0.08,15.0,0.12,5.0,0.15,15.0,0.03,0.03,43.750626,1776184727000
1776184729.082,229.082,0.88,5.0,0.85,15.0,0.91,11.7,0.92,15.0,0.09,11.7,0.08,15.0,0.12,5.0,0.15,15.0,0.03,0.03,43.75108,1776184728000
1776184730.379,230.379,0.88,5.0,0.85,15.0,0.91,11.7,0.92,15.0,0.09,11.7,0.08,15.0,0.12,5.0,0.15,15.0,0.03,0.03,43.750841,1776184729000
1776184731.513,231.513,0.88,5.0,0.85,15.0,0.91,11.7,0.92,15.0,0.09,11.7,0.08,15.0,0.12,5.0,0.15,15.0,0.03,0.03,43.751178,1776184730000
1776184732.22,232.22,0.88,5.0,0.85,15.0,0.91,11.7,0.92,15.0,0.09,11.7,0.08,15.0,0.12,5.0,0.15,15.0,0.03,0.03,43.751915,1776184731000
1776184733.359,233.359,0.88,5.0,0.85,15.0,0.91,11.7,0.92,15.0,0.09,11.7,0.08,15.0,0.12,5.0,0.15,15.0,0.03,0.03,43.751915,1776184732000
1776184733.989,233.989,0.88,5.0,0.85,15.0,0.91,11.7,0.92,15.0,0.09,11.7,0.08,15.0,0.12,5.0,0.15,15.0,0.03,0.03,43.751837,1776184733000
1776184735.025,235.025,0.88,5.0,0.85,15.0,0.91,11.7,0.92,15.0,0.09,11.7,0.08,15.0,0.12,5.0,0.15,15.0,0.03,0.03,43.751944,1776184734000
1776184736.133,236.133,0.88,5.0,0.85,15.0,0.91,11.7,0.92,15.0,0.09,11.7,0.08,15.0,0.12,5.0,0.15,15.0,0.03,0.03,43.75206,1776184735000
1776184737.259,237.259,0.88,5.0,0.85,15.0,0.91,11.7,0.92,15.0,0.09,11.7,0.08,15.0,0.12,5.0,0.15,15.0,0.03,0.03,43.751799,1776184736000
1776184738.366,238.366,0.88,5.0,0.85,15.0,0.91,11.7,0.92,15.0,0.09,11.7,0.08,15.0,0.12,5.0,0.15,15.0,0.03,0.03,43.752989,1776184737000
1776184739.448,239.448,0.88,5.0,0.85,15.0,0.91,11.7,0.92,15.0,0.09,11.7,0.08,15.0,0.12,5.0,0.15,15.0,0.03,0.03,43.753126,1776184738000
1776184739.999,239.999,0.88,5.0,0.85,15.0,0.91,11.7,0.92,15.0,0.09,11.7,0.08,15.0,0.12,5.0,0.15,15.0,0.03,0.03,43.7525,1776184739000
1776184740.264,240.264,0.89,5.0,0.82,15.0,0.91,15.0,0.92,15.0,0.09,11.7,0.08,15.0,0.12,5.0,0.15,15.0,0.02,0.03,43.7525,1776184739000
1776184740.767,240.767,0.89,5.0,0.82,15.0,0.9,3.81,0.91,15.0,0.09,15.0,0.08,15.0,0.11,5.0,0.18,15.0,0.01,0.02,43.7525,1776184739000
1776184741.122,241.122,0.89,5.0,0.82,15.0,0.9,3.81,0.91,15.0,0.1,3.81,0.09,15.0,0.11,5.0,0.18,15.0,0.01,0.01,43.744887,1776184740000
1776184741.933,241.933,0.89,5.0,0.81,15.0,0.9,12.77,0.91,15.0,0.1,3.81,0.09,15.0,0.11,5.0,0.18,15.0,0.01,0.01,43.744887,1776184740000
1776184742.448,242.448,0.89,5.0,0.81,15.0,0.9,3.88,0.91,15.0,0.1,3.88,0.09,15.0,0.11,5.0,0.19,15.0,0.01,0.01,43.74407,1776184741000
1776184743.362,243.362,0.89,5.0,0.81,15.0,0.9,3.88,0.91,15.0,0.1,3.88,0.09,15.0,0.11,5.0,0.19,15.0,0.01,0.01,43.739495,1776184742000
1776184744.394,244.394,0.89,5.0,0.81,15.0,0.9,3.88,0.91,15.0,0.1,3.88,0.09,15.0,0.11,5.0,0.19,15.0,0.01,0.01,43.736772,1776184743000
1776184744.889,244.889,0.89,5.0,0.81,15.0,0.9,3.88,0.91,15.0,0.1,3.88,0.09,15.0,0.11,5.0,0.19,15.0,0.01,0.01,43.736588,1776184744000
1776184745.93,245.93,0.89,5.0,0.81,15.0,0.9,3.88,0.91,15.0,0.1,3.88,0.09,15.0,0.11,5.0,0.19,15.0,0.01,0.01,43.735762,1776184745000
1776184747.012,247.012,0.89,5.0,0.81,15.0,0.9,3.88,0.91,15.0,0.1,3.88,0.09,15.0,0.11,5.0,0.19,15.0,0.01,0.01,43.736002,1776184746000
1776184748.1,248.1,0.89,5.0,0.81,15.0,0.9,3.88,0.91,15.0,0.1,3.88,0.09,15.0,0.11,5.0,0.19,15.0,0.01,0.01,43.735246,1776184747000
1776184749.075,249.075,0.89,5.0,0.81,15.0,0.9,3.88,0.91,15.0,0.1,3.88,0.09,15.0,0.11,5.0,0.19,15.0,0.01,0.01,43.735569,1776184748000
1776184750.113,250.113,0.89,5.0,0.81,15.0,0.9,3.88,0.91,15.0,0.1,3.88,0.09,15.0,0.11,5.0,0.19,15.0,0.01,0.01,43.735239,1776184749000
1776184751.164,251.164,0.89,5.0,0.81,15.0,0.9,3.88,0.91,15.0,0.1,3.88,0.09,15.0,0.11,5.0,0.19,15.0,0.01,0.01,43.733975,1776184750000
1776184752.17,252.17,0.89,5.0,0.81,15.0,0.9,3.88,0.91,15.0,0.1,3.88,0.09,15.0,0.11,5.0,0.19,15.0,0.01,0.01,43.733864,1776184751000
1776184753.214,253.214,0.89,5.0,0.81,15.0,0.9,3.88,0.91,15.0,0.1,3.88,0.09,15.0,0.11,5.0,0.19,15.0,0.01,0.01,43.731405,1776184752000
1776184754.055,254.055,0.76,15.0,0.75,15.0,0.87,5.0,0.9,15.0,0.1,3.88,0.09,15.0,0.11,5.0,0.19,15.0,0.11,0.01,43.731405,1776184752000
1776184754.268,254.268,0.76,15.0,0.75,15.0,0.87,5.0,0.9,15.0,0.13,5.0,0.1,15.0,0.24,15.0,0.25,15.0,0.11,0.11,43.731846,1776184753000
1776184755.349,255.349,0.76,15.0,0.75,15.0,0.87,5.0,0.9,15.0,0.13,5.0,0.1,15.0,0.24,15.0,0.25,15.0,0.11,0.11,43.728019,1776184754000
1776184756.04,256.04,0.81,10.0,0.79,15.0,0.96,20.0,0.97,15.0,0.13,5.0,0.1,15.0,0.24,15.0,0.25,15.0,0.15,0.11,43.728019,1776184754000
1776184756.797,256.797,0.81,10.0,0.79,15.0,0.96,20.0,0.97,15.0,0.04,20.0,0.03,15.0,0.19,10.0,0.21,15.0,0.15,0.15,43.720267,1776184755000
1776184757.381,257.381,0.81,10.0,0.79,15.0,0.96,20.0,0.97,15.0,0.04,20.0,0.03,15.0,0.19,10.0,0.21,15.0,0.15,0.15,43.721516,1776184756000
1776184758.403,258.403,0.81,10.0,0.79,15.0,0.96,20.0,0.97,15.0,0.04,20.0,0.03,15.0,0.19,10.0,0.21,15.0,0.15,0.15,43.722818,1776184757000
1776184759.289,259.289,0.81,10.0,0.79,15.0,0.96,20.0,0.97,15.0,0.04,20.0,0.03,15.0,0.19,10.0,0.21,15.0,0.15,0.15,43.723388,1776184758000
1776184760.208,260.208,0.81,10.0,0.79,15.0,0.96,20.0,0.97,15.0,0.04,20.0,0.03,15.0,0.19,10.0,0.21,15.0,0.15,0.15,43.724615,1776184759000
1776184761.216,261.216,0.81,10.0,0.79,15.0,0.96,20.0,0.97,15.0,0.04,20.0,0.03,15.0,0.19,10.0,0.21,15.0,0.15,0.15,43.72496,1776184760000
1776184762.178,262.178,0.81,10.0,0.79,15.0,0.96,20.0,0.97,15.0,0.04,20.0,0.03,15.0,0.19,10.0,0.21,15.0,0.15,0.15,43.72496,1776184761000
1776184762.57,262.57,0.9,15.0,0.89,15.0,0.94,8.69,0.95,15.0,0.04,20.0,0.03,15.0,0.19,10.0,0.21,15.0,0.04,0.15,43.72496,1776184761000
1776184763.151,263.151,0.9,15.0,0.89,15.0,0.94,8.69,0.95,15.0,0.06,8.69,0.05,15.0,0.1,15.0,0.11,15.0,0.04,0.04,43.72872,1776184762000
1776184764.119,264.119,0.9,15.0,0.89,15.0,0.94,8.69,0.95,15.0,0.06,8.69,0.05,15.0,0.1,15.0,0.11,15.0,0.04,0.04,43.730446,1776184763000
1776184765.093,265.093,0.9,15.0,0.89,15.0,0.94,8.69,0.95,15.0,0.06,8.69,0.05,15.0,0.1,15.0,0.11,15.0,0.04,0.04,43.73018,1776184764000
1776184766.044,266.044,0.9,15.0,0.89,15.0,0.94,8.69,0.95,15.0,0.06,8.69,0.05,15.0,0.1,15.0,0.11,15.0,0.04,0.04,43.729867,1776184765000
1776184766.952,266.952,0.9,15.0,0.89,15.0,0.94,8.69,0.95,15.0,0.06,8.69,0.05,15.0,0.1,15.0,0.11,15.0,0.04,0.04,43.729983,1776184766000
1776184767.893,267.893,0.9,15.0,0.89,15.0,0.94,8.69,0.95,15.0,0.06,8.69,0.05,15.0,0.1,15.0,0.11,15.0,0.04,0.04,43.730026,1776184767000
1776184769.557,269.557,0.9,15.0,0.89,15.0,0.94,8.69,0.95,15.0,0.06,8.69,0.05,15.0,0.1,15.0,0.11,15.0,0.04,0.04,43.729972,1776184768000
1776184770.079,270.079,0.9,15.0,0.89,15.0,0.94,8.69,0.95,15.0,0.06,8.69,0.05,15.0,0.1,15.0,0.11,15.0,0.04,0.04,43.729914,1776184769000
1776184771.039,271.039,0.93,15.0,0.92,15.0,0.96,4.85,0.97,15.0,0.06,8.69,0.05,15.0,0.1,15.0,0.11,15.0,0.03,0.04,43.729914,1776184769000
1776184771.312,271.312,0.93,15.0,0.92,15.0,0.97,9.75,0.98,25.0,0.03,9.75,0.02,25.0,0.07,15.0,0.08,15.0,0.04,0.04,43.729942,1776184770000
1776184771.743,271.743,0.93,15.0,0.92,15.0,0.97,4.59,0.98,25.0,0.03,9.75,0.02,25.0,0.07,15.0,0.08,15.0,0.04,0.04,43.729942,1776184770000
1776184773.263,273.263,0.93,15.0,0.92,15.0,0.97,4.59,0.98,25.0,0.03,4.59,0.02,25.0,0.07,15.0,0.08,15.0,0.04,0.04,43.729982,1776184772000
1776184774.041,274.041,0.93,15.0,0.92,15.0,0.97,4.59,0.98,25.0,0.03,4.59,0.02,25.0,0.07,15.0,0.08,15.0,0.04,0.04,43.72939,1776184773000
1776184774.555,274.555,0.94,15.0,0.93,15.0,0.97,3.55,0.98,25.0,0.03,4.59,0.02,25.0,0.07,15.0,0.08,15.0,0.03,0.04,43.72939,1776184773000
1776184775.242,275.242,0.94,15.0,0.93,15.0,0.97,3.55,0.98,25.0,0.03,3.55,0.02,25.0,0.06,15.0,0.07,15.0,0.03,0.03,43.73091,1776184774000
1776184776.164,276.164,0.94,15.0,0.93,15.0,0.97,3.55,0.98,25.0,0.03,3.55,0.02,25.0,0.06,15.0,0.07,15.0,0.03,0.03,43.730909,1776184775000
1776184777.027,277.027,0.86,10.0,0.3,100.0,0.98,3.34,0.99,230.0,0.03,3.55,0.02,25.0,0.06,15.0,0.07,15.0,0.12,0.03,43.730909,1776184775000
1776184777.291,277.291,0.86,10.0,0.3,100.0,0.98,3.34,0.99,230.0,0.02,3.34,0.01,230.0,0.14,10.0,0.7,100.0,0.12,0.12,43.728411,1776184776000
1776184777.905,277.905,0.86,10.0,0.3,100.0,0.98,3.34,0.99,230.0,0.02,3.34,0.01,230.0,0.14,10.0,0.7,100.0,0.12,0.12,43.728457,1776184777000
1776184779.062,279.062,0.86,10.0,0.3,100.0,0.98,3.34,0.99,230.0,0.02,3.34,0.01,230.0,0.14,10.0,0.7,100.0,0.12,0.12,43.729509,1776184778000
1776184779.841,279.841,0.86,11.9,0.3,100.0,0.98,3.34,0.99,230.0,0.02,3.34,0.01,230.0,0.14,10.0,0.7,100.0,0.12,0.12,43.729509,1776184778000
1776184780.079,280.079,0.86,9.7,0.3,100.0,0.98,3.34,0.99,230.0,0.02,3.34,0.01,230.0,0.14,9.7,0.7,100.0,0.12,0.12,43.729451,1776184779000
1776184781.209,281.209,0.86,9.7,0.3,100.0,0.98,3.34,0.99,230.0,0.02,3.34,0.01,230.0,0.14,9.7,0.7,100.0,0.12,0.12,43.72981,1776184780000
1776184782.334,282.334,0.86,9.7,0.3,100.0,0.98,3.34,0.99,230.0,0.02,3.34,0.01,230.0,0.14,9.7,0.7,100.0,0.12,0.12,43.729908,1776184781000
1776184782.878,282.878,0.86,9.7,0.85,7.0,0.98,1.6,0.99,230.0,0.02,3.34,0.01,230.0,0.14,9.7,0.7,100.0,0.12,0.12,43.729908,1776184781000
1776184783.32,283.32,0.86,9.7,0.85,7.0,0.98,1.6,0.99,230.0,0.02,1.6,0.01,230.0,0.14,9.7,0.15,7.0,0.12,0.12,43.734865,1776184782000
1776184785.021,285.021,0.86,9.7,0.85,7.0,0.98,1.6,0.99,230.0,0.02,1.6,0.01,230.0,0.14,9.7,0.15,7.0,0.12,0.12,43.727465,1776184783000
1776184785.516,285.516,0.86,9.7,0.85,7.0,0.98,1.6,0.99,230.0,0.02,1.6,0.01,230.0,0.14,9.7,0.15,7.0,0.12,0.12,43.727494,1776184784000
1776184785.971,285.971,0.86,9.7,0.85,7.0,0.99,222.59,,,0.02,1.6,0.01,230.0,0.14,9.7,0.15,7.0,0.13,0.12,43.727494,1776184784000
1776184787.225,287.225,0.86,9.7,0.85,7.0,0.99,222.59,,,0.01,222.59,,,0.14,9.7,0.15,7.0,0.13,0.13,43.72951,1776184786000
1776184788.406,288.406,0.86,9.7,0.85,7.0,0.99,222.59,,,0.01,222.59,,,0.14,9.7,0.15,7.0,0.13,0.13,43.729444,1776184787000
1776184789.069,289.069,0.86,9.7,0.85,7.0,0.99,222.59,,,0.01,222.59,,,0.14,9.7,0.15,7.0,0.13,0.13,43.729444,1776184788000
1776184790.195,290.195,0.86,9.7,0.85,7.0,0.99,222.59,,,0.01,222.59,,,0.14,9.7,0.15,7.0,0.13,0.13,43.729488,1776184789000
1776184791.238,291.238,0.86,9.7,0.85,7.0,0.99,222.59,,,0.01,222.59,,,0.14,9.7,0.15,7.0,0.13,0.13,43.729517,1776184790000
1776184792.239,292.239,0.86,9.7,0.85,7.0,0.99,222.59,,,0.01,222.59,,,0.14,9.7,0.15,7.0,0.13,0.13,43.729881,1776184791000
1776184792.663,292.663,0.86,16.7,0.3,100.0,0.99,217.59,,,0.01,222.59,,,0.14,9.7,0.15,7.0,0.13,0.13,43.729881,1776184791000
1776184793.335,293.335,0.86,7.0,0.3,100.0,0.99,191.38,,,0.01,211.59,,,0.14,7.0,0.7,100.0,0.13,0.13,43.729881,1776184791000
1776184793.713,293.713,0.86,7.0,0.3,100.0,0.99,181.49,,,0.01,191.38,,,0.14,7.0,0.7,100.0,0.13,0.13,43.729874,1776184792000
1776184794.091,294.091,0.86,7.0,0.3,100.0,0.99,181.49,,,0.01,181.49,,,0.14,7.0,0.7,100.0,0.13,0.13,43.729874,1776184793000
1776184795.028,295.028,0.86,7.0,0.3,100.0,0.99,181.49,,,0.01,181.49,,,0.14,7.0,0.7,100.0,0.13,0.13,43.731031,1776184794000
1776184795.415,295.415,0.86,7.0,0.3,100.0,0.99,160.49,,,0.01,181.49,,,0.14,7.0,0.7,100.0,0.13,0.13,43.731031,1776184794000
1776184795.77,295.77,0.86,7.0,0.3,100.0,0.99,101.94,,,0.01,104.94,,,0.14,7.0,0.7,100.0,0.13,0.13,43.731031,1776184794000
1776184795.978,295.978,0.99,898.06,0.86,7.0,,,,,0.01,101.94,,,0.14,7.0,0.7,100.0,,0.13,43.731031,1776184794000
1776184796.294,296.294,0.99,898.06,0.86,7.0,,,,,,,,,0.01,898.06,0.14,7.0,,,43.730686,1776184795000
1776184797.324,297.324,0.99,898.06,0.86,7.0,,,,,,,,,0.01,898.06,0.14,7.0,,,43.733799,1776184796000
1776184798.473,298.473,0.99,898.06,0.86,7.0,,,,,,,,,0.01,898.06,0.14,7.0,,,43.733174,1776184797000
1776184799.687,299.687,0.99,898.06,0.86,7.0,,,,,,,,,0.01,898.06,0.14,7.0,,,43.732861,1776184798000
1776184800.211,300.211,0.99,898.06,0.86,7.0,,,,,,,,,0.01,898.06,0.14,7.0,,,43.732861,1776184799000

# RESULT,winner=Up,slug=hype-updown-5m-1776184500,ticks=306
