timestamp,elapsed_sec,up_bid_p1,up_bid_s1,up_bid_p2,up_bid_s2,up_bid_p3,up_bid_s3,up_bid_p4,up_bid_s4,up_bid_p5,up_bid_s5,up_ask_p1,up_ask_s1,up_ask_p2,up_ask_s2,up_ask_p3,up_ask_s3,up_ask_p4,up_ask_s4,up_ask_p5,up_ask_s5,down_bid_p1,down_bid_s1,down_bid_p2,down_bid_s2,down_bid_p3,down_bid_s3,down_bid_p4,down_bid_s4,down_bid_p5,down_bid_s5,down_ask_p1,down_ask_s1,down_ask_p2,down_ask_s2,down_ask_p3,down_ask_s3,down_ask_p4,down_ask_s4,down_ask_p5,down_ask_s5,up_spread,down_spread,hype_price,hype_oracle_ts
1776163811.734,11.734,0.49,5.0,0.46,10.0,0.44,11.0,0.43,5.0,0.42,5.0,0.61,8.0,0.63,10.0,0.65,14.0,0.67,5.0,0.68,5.0,0.39,8.0,0.37,10.0,0.35,14.0,0.33,5.0,0.32,5.0,0.51,5.0,0.54,10.0,0.56,11.0,0.57,5.0,0.58,5.0,0.12,0.12,44.88565,1776163810000
1776163812.192,12.192,0.49,5.0,0.46,10.0,0.44,11.0,0.43,5.0,0.42,5.0,0.61,8.0,0.63,10.0,0.65,14.0,0.67,5.0,0.68,5.0,0.39,8.0,0.37,10.0,0.35,14.0,0.33,5.0,0.32,5.0,0.51,5.0,0.54,10.0,0.56,11.0,0.57,5.0,0.58,5.0,0.12,0.12,44.88565,1776163810000
1776163813.661,13.661,0.49,5.0,0.46,10.0,0.44,11.0,0.43,5.0,0.42,5.0,0.61,8.0,0.63,10.0,0.65,14.0,0.67,5.0,0.68,5.0,0.39,8.0,0.37,10.0,0.35,14.0,0.33,5.0,0.32,5.0,0.51,5.0,0.54,10.0,0.56,11.0,0.57,5.0,0.58,5.0,0.12,0.12,44.885441,1776163812000
1776163814.265,14.265,0.49,5.0,0.46,10.0,0.44,11.0,0.43,5.0,0.42,5.0,0.61,8.0,0.63,10.0,0.65,14.0,0.67,5.0,0.68,5.0,0.39,8.0,0.37,10.0,0.35,14.0,0.33,5.0,0.32,5.0,0.51,5.0,0.54,10.0,0.56,11.0,0.57,5.0,0.58,5.0,0.12,0.12,44.884981,1776163813000
1776163815.451,15.451,0.49,5.0,0.46,10.0,0.44,11.0,0.43,5.0,0.42,5.0,0.61,8.0,0.63,10.0,0.65,14.0,0.67,5.0,0.68,5.0,0.39,8.0,0.37,10.0,0.35,14.0,0.33,5.0,0.32,5.0,0.51,5.0,0.54,10.0,0.56,11.0,0.57,5.0,0.58,5.0,0.12,0.12,44.885616,1776163814000
1776163816.064,16.064,0.49,5.0,0.46,10.0,0.44,11.0,0.43,5.0,0.42,5.0,0.61,8.0,0.63,10.0,0.65,14.0,0.67,5.0,0.68,5.0,0.39,8.0,0.37,10.0,0.35,14.0,0.33,5.0,0.32,5.0,0.51,5.0,0.54,10.0,0.56,11.0,0.57,5.0,0.58,5.0,0.12,0.12,44.889177,1776163815000
1776163817.264,17.264,0.49,5.0,0.46,10.0,0.44,11.0,0.43,5.0,0.42,5.0,0.61,8.0,0.63,10.0,0.65,14.0,0.67,5.0,0.68,5.0,0.39,8.0,0.37,10.0,0.35,14.0,0.33,5.0,0.32,5.0,0.51,5.0,0.54,10.0,0.56,11.0,0.57,5.0,0.58,5.0,0.12,0.12,44.886253,1776163816000
1776163818.447,18.447,0.49,5.0,0.46,10.0,0.44,11.0,0.43,5.0,0.42,5.0,0.61,8.0,0.63,10.0,0.65,14.0,0.67,5.0,0.68,5.0,0.39,8.0,0.37,10.0,0.35,14.0,0.33,5.0,0.32,5.0,0.51,5.0,0.54,10.0,0.56,11.0,0.57,5.0,0.58,5.0,0.12,0.12,44.882101,1776163817000
1776163819.016,19.016,0.49,5.0,0.46,10.0,0.44,11.0,0.43,5.0,0.42,5.0,0.61,8.0,0.63,10.0,0.65,14.0,0.67,5.0,0.68,5.0,0.39,8.0,0.37,10.0,0.35,14.0,0.33,5.0,0.32,5.0,0.51,5.0,0.54,10.0,0.56,11.0,0.57,5.0,0.58,5.0,0.12,0.12,44.882101,1776163818000
1776163820.313,20.313,0.49,5.0,0.46,10.0,0.44,11.0,0.43,5.0,0.42,5.0,0.61,8.0,0.63,10.0,0.65,14.0,0.67,5.0,0.68,5.0,0.39,8.0,0.37,10.0,0.35,14.0,0.33,5.0,0.32,5.0,0.51,5.0,0.54,10.0,0.56,11.0,0.57,5.0,0.58,5.0,0.12,0.12,44.883017,1776163819000
1776163821.306,21.306,0.49,5.0,0.46,10.0,0.44,11.0,0.43,5.0,0.42,5.0,0.61,8.0,0.63,10.0,0.65,14.0,0.67,5.0,0.68,5.0,0.39,8.0,0.37,10.0,0.35,14.0,0.33,5.0,0.32,5.0,0.51,5.0,0.54,10.0,0.56,11.0,0.57,5.0,0.58,5.0,0.12,0.12,44.886039,1776163820000
1776163829.691,29.691,0.49,5.0,0.46,10.0,0.44,11.0,0.43,5.0,0.42,5.0,0.61,8.0,0.63,10.0,0.65,14.0,0.67,5.0,0.68,5.0,0.39,8.0,0.37,10.0,0.35,14.0,0.33,5.0,0.32,5.0,0.51,5.0,0.54,10.0,0.56,11.0,0.57,5.0,0.58,5.0,0.12,0.12,44.882714,1776163828000
1776163830.269,30.269,0.49,5.0,0.46,10.0,0.44,11.0,0.43,5.0,0.42,5.0,0.61,8.0,0.63,10.0,0.65,14.0,0.67,5.0,0.68,5.0,0.39,8.0,0.37,10.0,0.35,14.0,0.33,5.0,0.32,5.0,0.51,5.0,0.54,10.0,0.56,11.0,0.57,5.0,0.58,5.0,0.12,0.12,44.881429,1776163829000
1776163831.362,31.362,0.49,5.0,0.46,10.0,0.44,11.0,0.43,5.0,0.42,5.0,0.61,8.0,0.63,10.0,0.65,14.0,0.67,5.0,0.68,5.0,0.39,8.0,0.37,10.0,0.35,14.0,0.33,5.0,0.32,5.0,0.51,5.0,0.54,10.0,0.56,11.0,0.57,5.0,0.58,5.0,0.12,0.12,44.88302,1776163830000
1776163831.991,31.991,0.49,5.0,0.46,10.0,0.44,11.0,0.43,5.0,0.42,5.0,0.61,8.0,0.63,10.0,0.65,14.0,0.67,5.0,0.68,5.0,0.39,8.0,0.37,10.0,0.35,14.0,0.33,5.0,0.32,5.0,0.51,5.0,0.54,10.0,0.56,11.0,0.57,5.0,0.58,5.0,0.12,0.12,44.884039,1776163831000
1776163833.005,33.005,0.49,5.0,0.46,10.0,0.44,11.0,0.43,5.0,0.42,5.0,0.61,8.0,0.63,10.0,0.65,14.0,0.67,5.0,0.68,5.0,0.39,8.0,0.37,10.0,0.35,14.0,0.33,5.0,0.32,5.0,0.51,5.0,0.54,10.0,0.56,11.0,0.57,5.0,0.58,5.0,0.12,0.12,44.884212,1776163832000
1776163834.351,34.351,0.49,5.0,0.46,10.0,0.44,11.0,0.43,5.0,0.42,5.0,0.61,8.0,0.63,10.0,0.65,14.0,0.67,5.0,0.68,5.0,0.39,8.0,0.37,10.0,0.35,14.0,0.33,5.0,0.32,5.0,0.51,5.0,0.54,10.0,0.56,11.0,0.57,5.0,0.58,5.0,0.12,0.12,44.884802,1776163833000
1776163835.184,35.184,0.49,5.0,0.46,10.0,0.44,11.0,0.43,5.0,0.42,5.0,0.61,8.0,0.63,10.0,0.65,14.0,0.67,5.0,0.68,5.0,0.39,8.0,0.37,10.0,0.35,14.0,0.33,5.0,0.32,5.0,0.51,5.0,0.54,10.0,0.56,11.0,0.57,5.0,0.58,5.0,0.12,0.12,44.885326,1776163834000
1776163836.81,36.81,0.49,5.0,0.46,10.0,0.44,11.0,0.43,5.0,0.42,5.0,0.61,8.0,0.63,10.0,0.65,14.0,0.67,5.0,0.68,5.0,0.39,8.0,0.37,10.0,0.35,14.0,0.33,5.0,0.32,5.0,0.51,5.0,0.54,10.0,0.56,11.0,0.57,5.0,0.58,5.0,0.12,0.12,44.885497,1776163835000
1776163837.306,37.306,0.49,5.0,0.46,10.0,0.44,11.0,0.43,5.0,0.42,5.0,0.61,8.0,0.63,10.0,0.65,14.0,0.67,5.0,0.68,5.0,0.39,8.0,0.37,10.0,0.35,14.0,0.33,5.0,0.32,5.0,0.51,5.0,0.54,10.0,0.56,11.0,0.57,5.0,0.58,5.0,0.12,0.12,44.885644,1776163836000
1776163838.357,38.357,0.49,5.0,0.46,10.0,0.44,11.0,0.43,5.0,0.42,5.0,0.61,8.0,0.63,10.0,0.65,14.0,0.67,5.0,0.68,5.0,0.39,8.0,0.37,10.0,0.35,14.0,0.33,5.0,0.32,5.0,0.51,5.0,0.54,10.0,0.56,11.0,0.57,5.0,0.58,5.0,0.12,0.12,44.885888,1776163837000
1776163839.253,39.253,0.49,5.0,0.46,10.0,0.44,11.0,0.43,5.0,0.42,5.0,0.61,8.0,0.63,10.0,0.65,14.0,0.67,5.0,0.68,5.0,0.39,8.0,0.37,10.0,0.35,14.0,0.33,5.0,0.32,5.0,0.51,5.0,0.54,10.0,0.56,11.0,0.57,5.0,0.58,5.0,0.12,0.12,44.886064,1776163838000
1776163840.249,40.249,0.49,5.0,0.46,10.0,0.44,11.0,0.43,5.0,0.42,5.0,0.61,8.0,0.63,10.0,0.65,14.0,0.67,5.0,0.68,5.0,0.39,8.0,0.37,10.0,0.35,14.0,0.33,5.0,0.32,5.0,0.51,5.0,0.54,10.0,0.56,11.0,0.57,5.0,0.58,5.0,0.12,0.12,44.888111,1776163839000
1776163841.216,41.216,0.49,5.0,0.46,10.0,0.44,11.0,0.43,5.0,0.42,5.0,0.61,8.0,0.63,10.0,0.65,14.0,0.67,5.0,0.68,5.0,0.39,8.0,0.37,10.0,0.35,14.0,0.33,5.0,0.32,5.0,0.51,5.0,0.54,10.0,0.56,11.0,0.57,5.0,0.58,5.0,0.12,0.12,44.891575,1776163840000
1776163842.144,42.144,0.49,5.0,0.46,10.0,0.44,11.0,0.43,5.0,0.42,5.0,0.61,8.0,0.63,10.0,0.65,14.0,0.67,5.0,0.68,5.0,0.39,8.0,0.37,10.0,0.35,14.0,0.33,5.0,0.32,5.0,0.51,5.0,0.54,10.0,0.56,11.0,0.57,5.0,0.58,5.0,0.12,0.12,44.886277,1776163841000
1776163843.186,43.186,0.49,5.0,0.46,10.0,0.44,11.0,0.43,5.0,0.42,5.0,0.61,8.0,0.63,10.0,0.65,14.0,0.67,5.0,0.68,5.0,0.39,8.0,0.37,10.0,0.35,14.0,0.33,5.0,0.32,5.0,0.51,5.0,0.54,10.0,0.56,11.0,0.57,5.0,0.58,5.0,0.12,0.12,44.877073,1776163842000
1776163844.125,44.125,0.49,5.0,0.46,10.0,0.44,11.0,0.43,5.0,0.42,5.0,0.61,8.0,0.63,10.0,0.65,14.0,0.67,5.0,0.68,5.0,0.39,8.0,0.37,10.0,0.35,14.0,0.33,5.0,0.32,5.0,0.51,5.0,0.54,10.0,0.56,11.0,0.57,5.0,0.58,5.0,0.12,0.12,44.874303,1776163843000
1776163845.179,45.179,0.49,5.0,0.46,10.0,0.44,11.0,0.43,5.0,0.42,5.0,0.61,8.0,0.63,10.0,0.65,14.0,0.67,5.0,0.68,5.0,0.39,8.0,0.37,10.0,0.35,14.0,0.33,5.0,0.32,5.0,0.51,5.0,0.54,10.0,0.56,11.0,0.57,5.0,0.58,5.0,0.12,0.12,44.875718,1776163844000
1776163846.12,46.12,0.49,5.0,0.46,10.0,0.44,11.0,0.43,5.0,0.42,5.0,0.61,8.0,0.63,10.0,0.65,14.0,0.67,5.0,0.68,5.0,0.39,8.0,0.37,10.0,0.35,14.0,0.33,5.0,0.32,5.0,0.51,5.0,0.54,10.0,0.56,11.0,0.57,5.0,0.58,5.0,0.12,0.12,44.874076,1776163845000
1776163847.105,47.105,0.49,5.0,0.46,10.0,0.44,11.0,0.43,5.0,0.42,5.0,0.61,8.0,0.63,10.0,0.65,14.0,0.67,5.0,0.68,5.0,0.39,8.0,0.37,10.0,0.35,14.0,0.33,5.0,0.32,5.0,0.51,5.0,0.54,10.0,0.56,11.0,0.57,5.0,0.58,5.0,0.12,0.12,44.873223,1776163846000
1776163848.126,48.126,0.49,5.0,0.46,10.0,0.44,11.0,0.43,5.0,0.42,5.0,0.61,8.0,0.63,10.0,0.65,14.0,0.67,5.0,0.68,5.0,0.39,8.0,0.37,10.0,0.35,14.0,0.33,5.0,0.32,5.0,0.51,5.0,0.54,10.0,0.56,11.0,0.57,5.0,0.58,5.0,0.12,0.12,44.872915,1776163847000
1776163849.698,49.698,0.49,5.0,0.46,10.0,0.44,11.0,0.43,5.0,0.42,5.0,0.61,8.0,0.63,10.0,0.65,14.0,0.67,5.0,0.68,5.0,0.39,8.0,0.37,10.0,0.35,14.0,0.33,5.0,0.32,5.0,0.51,5.0,0.54,10.0,0.56,11.0,0.57,5.0,0.58,5.0,0.12,0.12,44.872174,1776163848000
1776163850.971,50.971,0.49,5.0,0.46,10.0,0.44,11.0,0.43,5.0,0.42,5.0,0.61,8.0,0.63,10.0,0.65,14.0,0.67,5.0,0.68,5.0,0.39,8.0,0.37,10.0,0.35,14.0,0.33,5.0,0.32,5.0,0.51,5.0,0.54,10.0,0.56,11.0,0.57,5.0,0.58,5.0,0.12,0.12,44.871997,1776163849000
1776163851.731,51.731,0.49,5.0,0.46,10.0,0.44,11.0,0.43,5.0,0.42,5.0,0.61,8.0,0.63,10.0,0.65,14.0,0.67,5.0,0.68,5.0,0.39,8.0,0.37,10.0,0.35,14.0,0.33,5.0,0.32,5.0,0.51,5.0,0.54,10.0,0.56,11.0,0.57,5.0,0.58,5.0,0.12,0.12,44.871882,1776163850000
1776163852.506,52.506,0.49,5.0,0.46,10.0,0.44,11.0,0.43,5.0,0.42,5.0,0.61,8.0,0.63,10.0,0.65,14.0,0.67,5.0,0.68,5.0,0.39,8.0,0.37,10.0,0.35,14.0,0.33,5.0,0.32,5.0,0.51,5.0,0.54,10.0,0.56,11.0,0.57,5.0,0.58,5.0,0.12,0.12,44.87192,1776163851000
1776163853.34,53.34,0.49,5.0,0.46,10.0,0.44,11.0,0.43,5.0,0.42,5.0,0.61,8.0,0.63,10.0,0.65,14.0,0.67,5.0,0.68,5.0,0.39,8.0,0.37,10.0,0.35,14.0,0.33,5.0,0.32,5.0,0.51,5.0,0.54,10.0,0.56,11.0,0.57,5.0,0.58,5.0,0.12,0.12,44.87265,1776163852000
1776163854.053,54.053,0.49,5.0,0.46,10.0,0.44,11.0,0.43,5.0,0.42,5.0,0.61,8.0,0.63,10.0,0.65,14.0,0.67,5.0,0.68,5.0,0.39,8.0,0.37,10.0,0.35,14.0,0.33,5.0,0.32,5.0,0.51,5.0,0.54,10.0,0.56,11.0,0.57,5.0,0.58,5.0,0.12,0.12,44.872509,1776163853000
1776163855.515,55.515,0.49,5.0,0.46,10.0,0.44,11.0,0.43,5.0,0.42,5.0,0.61,8.0,0.63,10.0,0.65,14.0,0.67,5.0,0.68,5.0,0.39,8.0,0.37,10.0,0.35,14.0,0.33,5.0,0.32,5.0,0.51,5.0,0.54,10.0,0.56,11.0,0.57,5.0,0.58,5.0,0.12,0.12,44.872507,1776163854000
1776163856.297,56.297,0.49,5.0,0.46,10.0,0.44,11.0,0.43,5.0,0.42,5.0,0.61,8.0,0.63,10.0,0.65,14.0,0.67,5.0,0.68,5.0,0.39,8.0,0.37,10.0,0.35,14.0,0.33,5.0,0.32,5.0,0.51,5.0,0.54,10.0,0.56,11.0,0.57,5.0,0.58,5.0,0.12,0.12,44.872343,1776163855000
1776163857.657,57.657,0.49,5.0,0.46,10.0,0.44,11.0,0.43,5.0,0.42,5.0,0.61,8.0,0.63,10.0,0.65,14.0,0.67,5.0,0.68,5.0,0.39,8.0,0.37,10.0,0.35,14.0,0.33,5.0,0.32,5.0,0.51,5.0,0.54,10.0,0.56,11.0,0.57,5.0,0.58,5.0,0.12,0.12,44.87182,1776163856000
1776163858.218,58.218,0.49,5.0,0.46,10.0,0.44,11.0,0.43,5.0,0.42,5.0,0.61,8.0,0.63,10.0,0.65,14.0,0.67,5.0,0.68,5.0,0.39,8.0,0.37,10.0,0.35,14.0,0.33,5.0,0.32,5.0,0.51,5.0,0.54,10.0,0.56,11.0,0.57,5.0,0.58,5.0,0.12,0.12,44.87182,1776163857000
1776163859.627,59.627,0.49,5.0,0.46,10.0,0.44,11.0,0.43,5.0,0.42,5.0,0.61,8.0,0.63,10.0,0.65,14.0,0.67,5.0,0.68,5.0,0.39,8.0,0.37,10.0,0.35,14.0,0.33,5.0,0.32,5.0,0.51,5.0,0.54,10.0,0.56,11.0,0.57,5.0,0.58,5.0,0.12,0.12,44.871407,1776163858000
1776163860.265,60.265,0.49,5.0,0.46,10.0,0.44,11.0,0.43,5.0,0.42,5.0,0.61,8.0,0.63,10.0,0.65,14.0,0.67,5.0,0.68,5.0,0.39,8.0,0.37,10.0,0.35,14.0,0.33,5.0,0.32,5.0,0.51,5.0,0.54,10.0,0.56,11.0,0.57,5.0,0.58,5.0,0.12,0.12,44.865766,1776163859000
1776163861.926,61.926,0.49,5.0,0.46,10.0,0.44,11.0,0.43,5.0,0.42,5.0,0.61,8.0,0.63,10.0,0.65,14.0,0.67,5.0,0.68,5.0,0.39,8.0,0.37,10.0,0.35,14.0,0.33,5.0,0.32,5.0,0.51,5.0,0.54,10.0,0.56,11.0,0.57,5.0,0.58,5.0,0.12,0.12,44.866234,1776163860000
1776163862.64,62.64,0.49,5.0,0.46,10.0,0.44,11.0,0.43,5.0,0.42,5.0,0.61,8.0,0.63,10.0,0.65,14.0,0.67,5.0,0.68,5.0,0.39,8.0,0.37,10.0,0.35,14.0,0.33,5.0,0.32,5.0,0.51,5.0,0.54,10.0,0.56,11.0,0.57,5.0,0.58,5.0,0.12,0.12,44.866453,1776163861000
1776163863.326,63.326,0.49,5.0,0.46,10.0,0.44,11.0,0.43,5.0,0.42,5.0,0.61,8.0,0.63,10.0,0.65,14.0,0.67,5.0,0.68,5.0,0.39,8.0,0.37,10.0,0.35,14.0,0.33,5.0,0.32,5.0,0.51,5.0,0.54,10.0,0.56,11.0,0.57,5.0,0.58,5.0,0.12,0.12,44.869291,1776163862000
1776163864.123,64.123,0.49,5.0,0.46,10.0,0.44,11.0,0.43,5.0,0.42,5.0,0.61,8.0,0.63,10.0,0.65,14.0,0.67,5.0,0.68,5.0,0.39,8.0,0.37,10.0,0.35,14.0,0.33,5.0,0.32,5.0,0.51,5.0,0.54,10.0,0.56,11.0,0.57,5.0,0.58,5.0,0.12,0.12,44.870313,1776163863000
1776163865.62,65.62,0.49,5.0,0.46,10.0,0.44,11.0,0.43,5.0,0.42,5.0,0.61,8.0,0.63,10.0,0.65,14.0,0.67,5.0,0.68,5.0,0.39,8.0,0.37,10.0,0.35,14.0,0.33,5.0,0.32,5.0,0.51,5.0,0.54,10.0,0.56,11.0,0.57,5.0,0.58,5.0,0.12,0.12,44.870319,1776163864000
1776163866.267,66.267,0.49,5.0,0.46,10.0,0.44,11.0,0.43,5.0,0.42,5.0,0.61,8.0,0.63,10.0,0.65,14.0,0.67,5.0,0.68,5.0,0.39,8.0,0.37,10.0,0.35,14.0,0.33,5.0,0.32,5.0,0.51,5.0,0.54,10.0,0.56,11.0,0.57,5.0,0.58,5.0,0.12,0.12,44.870236,1776163865000
1776163867.789,67.789,0.49,5.0,0.46,10.0,0.44,11.0,0.43,5.0,0.42,5.0,0.61,8.0,0.63,10.0,0.65,14.0,0.67,5.0,0.68,5.0,0.39,8.0,0.37,10.0,0.35,14.0,0.33,5.0,0.32,5.0,0.51,5.0,0.54,10.0,0.56,11.0,0.57,5.0,0.58,5.0,0.12,0.12,44.870816,1776163866000
1776163868.822,68.822,0.49,5.0,0.46,10.0,0.44,11.0,0.43,5.0,0.42,5.0,0.61,8.0,0.63,10.0,0.65,14.0,0.67,5.0,0.68,5.0,0.39,8.0,0.37,10.0,0.35,14.0,0.33,5.0,0.32,5.0,0.51,5.0,0.54,10.0,0.56,11.0,0.57,5.0,0.58,5.0,0.12,0.12,44.871349,1776163867000
1776163869.486,69.486,0.49,5.0,0.46,10.0,0.44,11.0,0.43,5.0,0.42,5.0,0.61,8.0,0.63,10.0,0.65,14.0,0.67,5.0,0.68,5.0,0.39,8.0,0.37,10.0,0.35,14.0,0.33,5.0,0.32,5.0,0.51,5.0,0.54,10.0,0.56,11.0,0.57,5.0,0.58,5.0,0.12,0.12,44.87377,1776163868000
1776163870.614,70.614,0.49,5.0,0.46,10.0,0.44,11.0,0.43,5.0,0.42,5.0,0.61,8.0,0.63,10.0,0.65,14.0,0.67,5.0,0.68,5.0,0.39,8.0,0.37,10.0,0.35,14.0,0.33,5.0,0.32,5.0,0.51,5.0,0.54,10.0,0.56,11.0,0.57,5.0,0.58,5.0,0.12,0.12,44.873887,1776163869000
1776163871.284,71.284,0.49,5.0,0.46,10.0,0.44,11.0,0.43,5.0,0.42,5.0,0.61,8.0,0.63,10.0,0.65,14.0,0.67,5.0,0.68,5.0,0.39,8.0,0.37,10.0,0.35,14.0,0.33,5.0,0.32,5.0,0.51,5.0,0.54,10.0,0.56,11.0,0.57,5.0,0.58,5.0,0.12,0.12,44.873851,1776163870000
1776163872.579,72.579,0.49,5.0,0.46,10.0,0.44,11.0,0.43,5.0,0.42,5.0,0.61,8.0,0.63,10.0,0.65,14.0,0.67,5.0,0.68,5.0,0.39,8.0,0.37,10.0,0.35,14.0,0.33,5.0,0.32,5.0,0.51,5.0,0.54,10.0,0.56,11.0,0.57,5.0,0.58,5.0,0.12,0.12,44.878667,1776163871000
1776163873.131,73.131,0.49,5.0,0.46,10.0,0.44,11.0,0.43,5.0,0.42,5.0,0.61,8.0,0.63,10.0,0.65,14.0,0.67,5.0,0.68,5.0,0.39,8.0,0.37,10.0,0.35,14.0,0.33,5.0,0.32,5.0,0.51,5.0,0.54,10.0,0.56,11.0,0.57,5.0,0.58,5.0,0.12,0.12,44.880292,1776163872000
1776163874.622,74.622,0.49,5.0,0.46,10.0,0.44,11.0,0.43,5.0,0.42,5.0,0.61,8.0,0.63,10.0,0.65,14.0,0.67,5.0,0.68,5.0,0.39,8.0,0.37,10.0,0.35,14.0,0.33,5.0,0.32,5.0,0.51,5.0,0.54,10.0,0.56,11.0,0.57,5.0,0.58,5.0,0.12,0.12,44.880242,1776163873000
1776163875.168,75.168,0.49,5.0,0.46,10.0,0.44,11.0,0.43,5.0,0.42,5.0,0.61,8.0,0.63,10.0,0.65,14.0,0.67,5.0,0.68,5.0,0.39,8.0,0.37,10.0,0.35,14.0,0.33,5.0,0.32,5.0,0.51,5.0,0.54,10.0,0.56,11.0,0.57,5.0,0.58,5.0,0.12,0.12,44.877253,1776163874000
1776163876.246,76.246,0.49,5.0,0.46,10.0,0.44,11.0,0.43,5.0,0.42,5.0,0.61,8.0,0.63,10.0,0.65,14.0,0.67,5.0,0.68,5.0,0.39,8.0,0.37,10.0,0.35,14.0,0.33,5.0,0.32,5.0,0.51,5.0,0.54,10.0,0.56,11.0,0.57,5.0,0.58,5.0,0.12,0.12,44.878086,1776163875000
1776163877.394,77.394,0.49,5.0,0.46,10.0,0.44,11.0,0.43,5.0,0.42,5.0,0.61,8.0,0.63,10.0,0.65,14.0,0.67,5.0,0.68,5.0,0.39,8.0,0.37,10.0,0.35,14.0,0.33,5.0,0.32,5.0,0.51,5.0,0.54,10.0,0.56,11.0,0.57,5.0,0.58,5.0,0.12,0.12,44.883467,1776163876000
1776163878.114,78.114,0.49,5.0,0.46,10.0,0.44,11.0,0.43,5.0,0.42,5.0,0.61,8.0,0.63,10.0,0.65,14.0,0.67,5.0,0.68,5.0,0.39,8.0,0.37,10.0,0.35,14.0,0.33,5.0,0.32,5.0,0.51,5.0,0.54,10.0,0.56,11.0,0.57,5.0,0.58,5.0,0.12,0.12,44.884056,1776163877000
1776163879.216,79.216,0.49,5.0,0.46,10.0,0.44,11.0,0.43,5.0,0.42,5.0,0.61,8.0,0.63,10.0,0.65,14.0,0.67,5.0,0.68,5.0,0.39,8.0,0.37,10.0,0.35,14.0,0.33,5.0,0.32,5.0,0.51,5.0,0.54,10.0,0.56,11.0,0.57,5.0,0.58,5.0,0.12,0.12,44.884189,1776163878000
1776163880.632,80.632,0.49,5.0,0.46,10.0,0.44,11.0,0.43,5.0,0.42,5.0,0.61,8.0,0.63,10.0,0.65,14.0,0.67,5.0,0.68,5.0,0.39,8.0,0.37,10.0,0.35,14.0,0.33,5.0,0.32,5.0,0.51,5.0,0.54,10.0,0.56,11.0,0.57,5.0,0.58,5.0,0.12,0.12,44.885381,1776163879000
1776163881.398,81.398,0.49,5.0,0.46,10.0,0.44,11.0,0.43,5.0,0.42,5.0,0.61,8.0,0.63,10.0,0.65,14.0,0.67,5.0,0.68,5.0,0.39,8.0,0.37,10.0,0.35,14.0,0.33,5.0,0.32,5.0,0.51,5.0,0.54,10.0,0.56,11.0,0.57,5.0,0.58,5.0,0.12,0.12,44.885244,1776163880000
1776163882.344,82.344,0.49,5.0,0.46,10.0,0.44,11.0,0.43,5.0,0.42,5.0,0.61,8.0,0.63,10.0,0.65,14.0,0.67,5.0,0.68,5.0,0.39,8.0,0.37,10.0,0.35,14.0,0.33,5.0,0.32,5.0,0.51,5.0,0.54,10.0,0.56,11.0,0.57,5.0,0.58,5.0,0.12,0.12,44.884968,1776163881000
1776163882.89,82.89,0.49,5.0,0.46,10.0,0.44,11.0,0.43,5.0,0.42,5.0,0.61,8.0,0.63,10.0,0.65,14.0,0.67,5.0,0.68,5.0,0.39,8.0,0.37,10.0,0.35,14.0,0.33,5.0,0.32,5.0,0.51,5.0,0.54,10.0,0.56,11.0,0.57,5.0,0.58,5.0,0.12,0.12,44.88534,1776163882000
1776163884.16,84.16,0.49,5.0,0.46,10.0,0.44,11.0,0.43,5.0,0.42,5.0,0.61,8.0,0.63,10.0,0.65,14.0,0.67,5.0,0.68,5.0,0.39,8.0,0.37,10.0,0.35,14.0,0.33,5.0,0.32,5.0,0.51,5.0,0.54,10.0,0.56,11.0,0.57,5.0,0.58,5.0,0.12,0.12,44.885765,1776163883000
1776163885.646,85.646,0.49,5.0,0.46,10.0,0.44,11.0,0.43,5.0,0.42,5.0,0.61,8.0,0.63,10.0,0.65,14.0,0.67,5.0,0.68,5.0,0.39,8.0,0.37,10.0,0.35,14.0,0.33,5.0,0.32,5.0,0.51,5.0,0.54,10.0,0.56,11.0,0.57,5.0,0.58,5.0,0.12,0.12,44.886723,1776163884000
1776163886.198,86.198,0.49,5.0,0.46,10.0,0.44,11.0,0.43,5.0,0.42,5.0,0.61,8.0,0.63,10.0,0.65,14.0,0.67,5.0,0.68,5.0,0.39,8.0,0.37,10.0,0.35,14.0,0.33,5.0,0.32,5.0,0.51,5.0,0.54,10.0,0.56,11.0,0.57,5.0,0.58,5.0,0.12,0.12,44.886148,1776163885000
1776163887.294,87.294,0.49,5.0,0.46,10.0,0.44,11.0,0.43,5.0,0.42,5.0,0.61,8.0,0.63,10.0,0.65,14.0,0.67,5.0,0.68,5.0,0.39,8.0,0.37,10.0,0.35,14.0,0.33,5.0,0.32,5.0,0.51,5.0,0.54,10.0,0.56,11.0,0.57,5.0,0.58,5.0,0.12,0.12,44.892611,1776163886000
1776163888.402,88.402,0.49,5.0,0.46,10.0,0.44,11.0,0.43,5.0,0.42,5.0,0.61,8.0,0.63,10.0,0.65,14.0,0.67,5.0,0.68,5.0,0.39,8.0,0.37,10.0,0.35,14.0,0.33,5.0,0.32,5.0,0.51,5.0,0.54,10.0,0.56,11.0,0.57,5.0,0.58,5.0,0.12,0.12,44.890883,1776163887000
1776163888.997,88.997,0.49,5.0,0.46,10.0,0.44,11.0,0.43,5.0,0.42,5.0,0.61,8.0,0.63,10.0,0.65,14.0,0.67,5.0,0.68,5.0,0.39,8.0,0.37,10.0,0.35,14.0,0.33,5.0,0.32,5.0,0.51,5.0,0.54,10.0,0.56,11.0,0.57,5.0,0.58,5.0,0.12,0.12,44.890682,1776163888000
1776163890.152,90.152,0.49,5.0,0.46,10.0,0.44,11.0,0.43,5.0,0.42,5.0,0.61,8.0,0.63,10.0,0.65,14.0,0.67,5.0,0.68,5.0,0.39,8.0,0.37,10.0,0.35,14.0,0.33,5.0,0.32,5.0,0.51,5.0,0.54,10.0,0.56,11.0,0.57,5.0,0.58,5.0,0.12,0.12,44.889624,1776163889000
1776163891.239,91.239,0.49,5.0,0.46,10.0,0.44,11.0,0.43,5.0,0.42,5.0,0.61,8.0,0.63,10.0,0.65,14.0,0.67,5.0,0.68,5.0,0.39,8.0,0.37,10.0,0.35,14.0,0.33,5.0,0.32,5.0,0.51,5.0,0.54,10.0,0.56,11.0,0.57,5.0,0.58,5.0,0.12,0.12,44.890519,1776163890000
1776163892.451,92.451,0.49,5.0,0.46,10.0,0.44,11.0,0.43,5.0,0.42,5.0,0.61,8.0,0.63,10.0,0.65,14.0,0.67,5.0,0.68,5.0,0.39,8.0,0.37,10.0,0.35,14.0,0.33,5.0,0.32,5.0,0.51,5.0,0.54,10.0,0.56,11.0,0.57,5.0,0.58,5.0,0.12,0.12,44.890424,1776163891000
1776163893.033,93.033,0.49,5.0,0.46,10.0,0.44,11.0,0.43,5.0,0.42,5.0,0.61,8.0,0.63,10.0,0.65,14.0,0.67,5.0,0.68,5.0,0.39,8.0,0.37,10.0,0.35,14.0,0.33,5.0,0.32,5.0,0.51,5.0,0.54,10.0,0.56,11.0,0.57,5.0,0.58,5.0,0.12,0.12,44.892394,1776163892000
1776163893.426,93.426,0.61,10.0,0.59,15.0,0.58,15.0,0.57,15.0,0.56,15.0,0.63,3.0,0.73,15.0,0.74,15.0,0.75,15.0,0.76,15.0,0.39,8.0,0.37,10.0,0.35,14.0,0.33,5.0,0.32,5.0,0.51,5.0,0.54,10.0,0.56,11.0,0.57,5.0,0.58,5.0,0.02,0.12,44.892394,1776163892000
1776163894.126,94.126,0.61,10.0,0.59,15.0,0.58,15.0,0.57,15.0,0.56,15.0,0.63,3.0,0.73,15.0,0.74,15.0,0.75,15.0,0.76,15.0,0.37,3.0,0.27,15.0,0.26,15.0,0.25,15.0,0.24,15.0,0.39,10.0,0.41,15.0,0.42,15.0,0.43,15.0,0.44,15.0,0.02,0.02,44.893829,1776163893000
1776163895.169,95.169,0.61,10.0,0.59,15.0,0.58,15.0,0.57,15.0,0.56,15.0,0.63,3.0,0.73,15.0,0.74,15.0,0.75,15.0,0.76,15.0,0.37,3.0,0.27,15.0,0.26,15.0,0.25,15.0,0.24,15.0,0.39,10.0,0.41,15.0,0.42,15.0,0.43,15.0,0.44,15.0,0.02,0.02,44.894811,1776163894000
1776163896.063,96.063,0.59,10.0,0.58,15.0,0.57,23.0,0.56,15.0,0.55,15.0,0.71,6.54,0.72,15.0,0.73,15.0,0.74,15.0,0.75,15.0,0.37,3.0,0.27,15.0,0.26,15.0,0.25,15.0,0.24,15.0,0.39,10.0,0.41,15.0,0.42,15.0,0.43,15.0,0.44,15.0,0.12,0.02,44.894811,1776163894000
1776163896.395,96.395,0.59,10.0,0.58,15.0,0.57,23.0,0.56,15.0,0.55,15.0,0.71,6.54,0.72,15.0,0.73,15.0,0.74,15.0,0.75,15.0,0.29,6.54,0.28,15.0,0.27,15.0,0.26,15.0,0.25,15.0,0.41,10.0,0.42,15.0,0.43,23.0,0.44,15.0,0.45,15.0,0.12,0.12,44.894726,1776163895000
1776163897.427,97.427,0.59,10.0,0.58,15.0,0.57,23.0,0.56,15.0,0.55,15.0,0.71,6.54,0.72,15.0,0.73,15.0,0.74,15.0,0.75,15.0,0.29,6.54,0.28,15.0,0.27,15.0,0.26,15.0,0.25,15.0,0.41,10.0,0.42,15.0,0.43,23.0,0.44,15.0,0.45,15.0,0.12,0.12,44.896515,1776163896000
1776163897.987,97.987,0.59,10.0,0.58,15.0,0.57,23.0,0.56,15.0,0.55,15.0,0.71,6.54,0.72,15.0,0.73,15.0,0.74,15.0,0.75,15.0,0.29,6.54,0.28,15.0,0.27,15.0,0.26,15.0,0.25,15.0,0.41,10.0,0.42,15.0,0.43,23.0,0.44,15.0,0.45,15.0,0.12,0.12,44.896336,1776163897000
1776163899.148,99.148,0.59,10.0,0.58,15.0,0.57,23.0,0.56,15.0,0.55,15.0,0.71,6.54,0.72,15.0,0.73,15.0,0.74,15.0,0.75,15.0,0.29,6.54,0.28,15.0,0.27,15.0,0.26,15.0,0.25,15.0,0.41,10.0,0.42,15.0,0.43,23.0,0.44,15.0,0.45,15.0,0.12,0.12,44.896306,1776163898000
1776163900.142,100.142,0.59,10.0,0.58,15.0,0.57,23.0,0.56,15.0,0.55,15.0,0.71,6.54,0.72,15.0,0.73,15.0,0.74,15.0,0.75,15.0,0.29,6.54,0.28,15.0,0.27,15.0,0.26,15.0,0.25,15.0,0.41,10.0,0.42,15.0,0.43,23.0,0.44,15.0,0.45,15.0,0.12,0.12,44.896371,1776163899000
1776163901.021,101.021,0.59,10.0,0.58,15.0,0.57,23.0,0.56,15.0,0.55,15.0,0.71,6.54,0.72,15.0,0.73,15.0,0.74,15.0,0.75,15.0,0.29,6.54,0.28,15.0,0.27,15.0,0.26,15.0,0.25,15.0,0.41,10.0,0.42,15.0,0.43,23.0,0.44,15.0,0.45,15.0,0.12,0.12,44.895897,1776163900000
1776163901.984,101.984,0.59,10.0,0.58,15.0,0.57,23.0,0.56,15.0,0.55,15.0,0.71,6.54,0.72,15.0,0.73,15.0,0.74,15.0,0.75,15.0,0.29,6.54,0.28,15.0,0.27,15.0,0.26,15.0,0.25,15.0,0.41,10.0,0.42,15.0,0.43,23.0,0.44,15.0,0.45,15.0,0.12,0.12,44.89564,1776163901000
1776163902.973,102.973,0.59,10.0,0.58,15.0,0.57,23.0,0.56,15.0,0.55,15.0,0.71,6.54,0.72,15.0,0.73,15.0,0.74,15.0,0.75,15.0,0.29,6.54,0.28,15.0,0.27,15.0,0.26,15.0,0.25,15.0,0.41,10.0,0.42,15.0,0.43,23.0,0.44,15.0,0.45,15.0,0.12,0.12,44.89614,1776163902000
1776163903.889,103.889,0.59,10.0,0.58,15.0,0.57,23.0,0.56,15.0,0.55,15.0,0.71,6.54,0.72,15.0,0.73,15.0,0.74,15.0,0.75,15.0,0.29,6.54,0.28,15.0,0.27,15.0,0.26,15.0,0.25,15.0,0.41,10.0,0.42,15.0,0.43,23.0,0.44,15.0,0.45,15.0,0.12,0.12,44.895845,1776163903000
1776163904.895,104.895,0.61,10.0,0.59,15.0,0.58,23.0,0.57,20.0,0.56,15.0,0.72,13.46,0.73,15.0,0.74,15.0,0.75,15.0,0.76,15.0,0.29,6.54,0.28,15.0,0.27,15.0,0.26,15.0,0.25,15.0,0.41,10.0,0.42,15.0,0.43,23.0,0.44,15.0,0.45,15.0,0.11,0.12,44.895845,1776163903000
1776163905.287,105.287,0.61,10.0,0.59,15.0,0.58,23.0,0.57,20.0,0.56,15.0,0.72,13.46,0.73,15.0,0.74,15.0,0.75,15.0,0.76,15.0,0.28,13.46,0.27,15.0,0.26,15.0,0.25,15.0,0.24,15.0,0.39,10.0,0.41,15.0,0.42,23.0,0.43,20.0,0.44,15.0,0.11,0.11,44.898872,1776163904000
1776163906.271,106.271,0.61,10.0,0.59,15.0,0.58,23.0,0.57,20.0,0.56,15.0,0.72,13.46,0.73,15.0,0.74,15.0,0.75,15.0,0.76,15.0,0.28,13.46,0.27,15.0,0.26,15.0,0.25,15.0,0.24,15.0,0.39,10.0,0.41,15.0,0.42,23.0,0.43,20.0,0.44,15.0,0.11,0.11,44.898784,1776163905000
1776163907.16,107.16,0.61,10.0,0.59,15.0,0.58,23.0,0.57,20.0,0.56,15.0,0.72,13.46,0.73,15.0,0.74,15.0,0.75,15.0,0.76,15.0,0.28,13.46,0.27,15.0,0.26,15.0,0.25,15.0,0.24,15.0,0.39,10.0,0.41,15.0,0.42,23.0,0.43,20.0,0.44,15.0,0.11,0.11,44.89878,1776163906000
1776163908.193,108.193,0.61,10.0,0.59,15.0,0.58,23.0,0.57,20.0,0.56,15.0,0.72,13.46,0.73,15.0,0.74,15.0,0.75,15.0,0.76,15.0,0.28,13.46,0.27,15.0,0.26,15.0,0.25,15.0,0.24,15.0,0.39,10.0,0.41,15.0,0.42,23.0,0.43,20.0,0.44,15.0,0.11,0.11,44.89878,1776163907000
1776163909.165,109.165,0.61,10.0,0.59,15.0,0.58,23.0,0.57,20.0,0.56,15.0,0.72,13.46,0.73,15.0,0.74,15.0,0.75,15.0,0.76,15.0,0.28,13.46,0.27,15.0,0.26,15.0,0.25,15.0,0.24,15.0,0.39,10.0,0.41,15.0,0.42,23.0,0.43,20.0,0.44,15.0,0.11,0.11,44.898615,1776163908000
1776163910.025,110.025,0.61,10.0,0.59,15.0,0.58,23.0,0.57,20.0,0.56,15.0,0.72,13.46,0.73,15.0,0.74,15.0,0.75,15.0,0.76,15.0,0.28,13.46,0.27,15.0,0.26,15.0,0.25,15.0,0.24,15.0,0.39,10.0,0.41,15.0,0.42,23.0,0.43,20.0,0.44,15.0,0.11,0.11,44.897984,1776163909000
1776163910.989,110.989,0.61,10.0,0.59,15.0,0.58,23.0,0.57,20.0,0.56,15.0,0.72,13.46,0.73,15.0,0.74,15.0,0.75,15.0,0.76,15.0,0.28,13.46,0.27,15.0,0.26,15.0,0.25,15.0,0.24,15.0,0.39,10.0,0.41,15.0,0.42,23.0,0.43,20.0,0.44,15.0,0.11,0.11,44.893158,1776163910000
1776163912.673,112.673,0.61,10.0,0.59,15.0,0.58,23.0,0.57,20.0,0.56,15.0,0.72,13.46,0.73,15.0,0.74,15.0,0.75,15.0,0.76,15.0,0.28,13.46,0.27,15.0,0.26,15.0,0.25,15.0,0.24,15.0,0.39,10.0,0.41,15.0,0.42,23.0,0.43,20.0,0.44,15.0,0.11,0.11,44.894748,1776163911000
1776163913.28,113.28,0.61,10.0,0.59,15.0,0.58,23.0,0.57,20.0,0.56,15.0,0.72,13.46,0.73,15.0,0.74,15.0,0.75,15.0,0.76,15.0,0.28,13.46,0.27,15.0,0.26,15.0,0.25,15.0,0.24,15.0,0.39,10.0,0.41,15.0,0.42,23.0,0.43,20.0,0.44,15.0,0.11,0.11,44.898774,1776163912000
1776163914.264,114.264,0.61,10.0,0.59,15.0,0.58,23.0,0.57,20.0,0.56,15.0,0.72,13.46,0.73,15.0,0.74,15.0,0.75,15.0,0.76,15.0,0.28,13.46,0.27,15.0,0.26,15.0,0.25,15.0,0.24,15.0,0.39,10.0,0.41,15.0,0.42,23.0,0.43,20.0,0.44,15.0,0.11,0.11,44.898879,1776163913000
1776163915.239,115.239,0.61,10.0,0.59,15.0,0.58,23.0,0.57,20.0,0.56,15.0,0.72,13.46,0.73,15.0,0.74,15.0,0.75,15.0,0.76,15.0,0.28,13.46,0.27,15.0,0.26,15.0,0.25,15.0,0.24,15.0,0.39,10.0,0.41,15.0,0.42,23.0,0.43,20.0,0.44,15.0,0.11,0.11,44.898899,1776163914000
1776163916.214,116.214,0.61,10.0,0.59,15.0,0.58,23.0,0.57,20.0,0.56,15.0,0.72,13.46,0.73,15.0,0.74,15.0,0.75,15.0,0.76,15.0,0.28,13.46,0.27,15.0,0.26,15.0,0.25,15.0,0.24,15.0,0.39,10.0,0.41,15.0,0.42,23.0,0.43,20.0,0.44,15.0,0.11,0.11,44.899047,1776163915000
1776163917.287,117.287,0.61,10.0,0.59,15.0,0.58,23.0,0.57,20.0,0.56,15.0,0.72,13.46,0.73,15.0,0.74,15.0,0.75,15.0,0.76,15.0,0.28,13.46,0.27,15.0,0.26,15.0,0.25,15.0,0.24,15.0,0.39,10.0,0.41,15.0,0.42,23.0,0.43,20.0,0.44,15.0,0.11,0.11,44.898841,1776163916000
1776163918.099,118.099,0.61,10.0,0.59,15.0,0.58,23.0,0.57,20.0,0.56,15.0,0.72,13.46,0.73,15.0,0.74,15.0,0.75,15.0,0.76,15.0,0.28,13.46,0.27,15.0,0.26,15.0,0.25,15.0,0.24,15.0,0.39,10.0,0.41,15.0,0.42,23.0,0.43,20.0,0.44,15.0,0.11,0.11,44.898989,1776163917000
1776163919.136,119.136,0.61,10.0,0.59,15.0,0.58,23.0,0.57,20.0,0.56,15.0,0.72,13.46,0.73,15.0,0.74,15.0,0.75,15.0,0.76,15.0,0.28,13.46,0.27,15.0,0.26,15.0,0.25,15.0,0.24,15.0,0.39,10.0,0.41,15.0,0.42,23.0,0.43,20.0,0.44,15.0,0.11,0.11,44.898994,1776163918000
1776163920.076,120.076,0.61,10.0,0.59,15.0,0.58,23.0,0.57,20.0,0.56,15.0,0.72,13.46,0.73,15.0,0.74,15.0,0.75,15.0,0.76,15.0,0.28,13.46,0.27,15.0,0.26,15.0,0.25,15.0,0.24,15.0,0.39,10.0,0.41,15.0,0.42,23.0,0.43,20.0,0.44,15.0,0.11,0.11,44.898907,1776163919000
1776163921.139,121.139,0.61,10.0,0.59,15.0,0.58,23.0,0.57,20.0,0.56,15.0,0.72,13.46,0.73,15.0,0.74,15.0,0.75,15.0,0.76,15.0,0.28,13.46,0.27,15.0,0.26,15.0,0.25,15.0,0.24,15.0,0.39,10.0,0.41,15.0,0.42,23.0,0.43,20.0,0.44,15.0,0.11,0.11,44.898899,1776163920000
1776163922.185,122.185,0.61,10.0,0.59,15.0,0.58,23.0,0.57,20.0,0.56,15.0,0.72,13.46,0.73,15.0,0.74,15.0,0.75,15.0,0.76,15.0,0.28,13.46,0.27,15.0,0.26,15.0,0.25,15.0,0.24,15.0,0.39,10.0,0.41,15.0,0.42,23.0,0.43,20.0,0.44,15.0,0.11,0.11,44.898454,1776163921000
1776163923.135,123.135,0.61,10.0,0.59,15.0,0.58,23.0,0.57,20.0,0.56,15.0,0.72,13.46,0.73,15.0,0.74,15.0,0.75,15.0,0.76,15.0,0.28,13.46,0.27,15.0,0.26,15.0,0.25,15.0,0.24,15.0,0.39,10.0,0.41,15.0,0.42,23.0,0.43,20.0,0.44,15.0,0.11,0.11,44.894259,1776163922000
1776163924.192,124.192,0.61,10.0,0.59,15.0,0.58,23.0,0.57,20.0,0.56,15.0,0.72,13.46,0.73,15.0,0.74,15.0,0.75,15.0,0.76,15.0,0.28,13.46,0.27,15.0,0.26,15.0,0.25,15.0,0.24,15.0,0.39,10.0,0.41,15.0,0.42,23.0,0.43,20.0,0.44,15.0,0.11,0.11,44.896225,1776163923000
1776163925.757,125.757,0.61,10.0,0.59,15.0,0.58,23.0,0.57,20.0,0.56,15.0,0.72,13.46,0.73,15.0,0.74,15.0,0.75,15.0,0.76,15.0,0.28,13.46,0.27,15.0,0.26,15.0,0.25,15.0,0.24,15.0,0.39,10.0,0.41,15.0,0.42,23.0,0.43,20.0,0.44,15.0,0.11,0.11,44.894927,1776163924000
1776163926.318,126.318,0.61,10.0,0.59,15.0,0.58,23.0,0.57,20.0,0.56,15.0,0.72,13.46,0.73,15.0,0.74,15.0,0.75,15.0,0.76,15.0,0.28,13.46,0.27,15.0,0.26,15.0,0.25,15.0,0.24,15.0,0.39,10.0,0.41,15.0,0.42,23.0,0.43,20.0,0.44,15.0,0.11,0.11,44.894642,1776163925000
1776163927.311,127.311,0.61,10.0,0.59,15.0,0.58,23.0,0.57,20.0,0.56,15.0,0.72,13.46,0.73,15.0,0.74,15.0,0.75,15.0,0.76,15.0,0.28,13.46,0.27,15.0,0.26,15.0,0.25,15.0,0.24,15.0,0.39,10.0,0.41,15.0,0.42,23.0,0.43,20.0,0.44,15.0,0.11,0.11,44.894099,1776163926000
1776163928.264,128.264,0.61,10.0,0.59,15.0,0.58,23.0,0.57,20.0,0.56,15.0,0.72,13.46,0.73,15.0,0.74,15.0,0.75,15.0,0.76,15.0,0.28,13.46,0.27,15.0,0.26,15.0,0.25,15.0,0.24,15.0,0.39,10.0,0.41,15.0,0.42,23.0,0.43,20.0,0.44,15.0,0.11,0.11,44.898061,1776163927000
1776163929.313,129.313,0.61,10.0,0.59,15.0,0.58,23.0,0.57,20.0,0.56,15.0,0.72,13.46,0.73,15.0,0.74,15.0,0.75,15.0,0.76,15.0,0.28,13.46,0.27,15.0,0.26,15.0,0.25,15.0,0.24,15.0,0.39,10.0,0.41,15.0,0.42,23.0,0.43,20.0,0.44,15.0,0.11,0.11,44.89792,1776163928000
1776163930.293,130.293,0.61,10.0,0.59,15.0,0.58,23.0,0.57,20.0,0.56,15.0,0.72,13.46,0.73,15.0,0.74,15.0,0.75,15.0,0.76,15.0,0.28,13.46,0.27,15.0,0.26,15.0,0.25,15.0,0.24,15.0,0.39,10.0,0.41,15.0,0.42,23.0,0.43,20.0,0.44,15.0,0.11,0.11,44.896398,1776163929000
1776163931.204,131.204,0.61,10.0,0.59,15.0,0.58,23.0,0.57,20.0,0.56,15.0,0.72,13.46,0.73,15.0,0.74,15.0,0.75,15.0,0.76,15.0,0.28,13.46,0.27,15.0,0.26,15.0,0.25,15.0,0.24,15.0,0.39,10.0,0.41,15.0,0.42,23.0,0.43,20.0,0.44,15.0,0.11,0.11,44.896415,1776163930000
1776163932.2,132.2,0.61,10.0,0.59,15.0,0.58,23.0,0.57,20.0,0.56,15.0,0.72,13.46,0.73,15.0,0.74,15.0,0.75,15.0,0.76,15.0,0.28,13.46,0.27,15.0,0.26,15.0,0.25,15.0,0.24,15.0,0.39,10.0,0.41,15.0,0.42,23.0,0.43,20.0,0.44,15.0,0.11,0.11,44.896026,1776163931000
1776163933.282,133.282,0.61,10.0,0.59,15.0,0.58,23.0,0.57,20.0,0.56,15.0,0.72,13.46,0.73,15.0,0.74,15.0,0.75,15.0,0.76,15.0,0.28,13.46,0.27,15.0,0.26,15.0,0.25,15.0,0.24,15.0,0.39,10.0,0.41,15.0,0.42,23.0,0.43,20.0,0.44,15.0,0.11,0.11,44.896025,1776163932000
1776163934.109,134.109,0.61,10.0,0.59,15.0,0.58,23.0,0.57,20.0,0.56,15.0,0.72,13.46,0.73,15.0,0.74,15.0,0.75,15.0,0.76,15.0,0.28,13.46,0.27,15.0,0.26,15.0,0.25,15.0,0.24,15.0,0.39,10.0,0.41,15.0,0.42,23.0,0.43,20.0,0.44,15.0,0.11,0.11,44.896777,1776163933000
1776163935.132,135.132,0.61,10.0,0.59,15.0,0.58,23.0,0.57,20.0,0.56,15.0,0.72,13.46,0.73,15.0,0.74,15.0,0.75,15.0,0.76,15.0,0.28,13.46,0.27,15.0,0.26,15.0,0.25,15.0,0.24,15.0,0.39,10.0,0.41,15.0,0.42,23.0,0.43,20.0,0.44,15.0,0.11,0.11,44.896909,1776163934000
1776163936.117,136.117,0.61,10.0,0.59,15.0,0.58,23.0,0.57,20.0,0.56,15.0,0.72,13.46,0.73,15.0,0.74,15.0,0.75,15.0,0.76,15.0,0.28,13.46,0.27,15.0,0.26,15.0,0.25,15.0,0.24,15.0,0.39,10.0,0.41,15.0,0.42,23.0,0.43,20.0,0.44,15.0,0.11,0.11,44.896982,1776163935000
1776163937.108,137.108,0.61,10.0,0.59,15.0,0.58,23.0,0.57,20.0,0.56,15.0,0.72,13.46,0.73,15.0,0.74,15.0,0.75,15.0,0.76,15.0,0.28,13.46,0.27,15.0,0.26,15.0,0.25,15.0,0.24,15.0,0.39,10.0,0.41,15.0,0.42,23.0,0.43,20.0,0.44,15.0,0.11,0.11,44.896982,1776163936000
1776163938.593,138.593,0.61,10.0,0.59,15.0,0.58,23.0,0.57,20.0,0.56,15.0,0.72,13.46,0.73,15.0,0.74,15.0,0.75,15.0,0.76,15.0,0.28,13.46,0.27,15.0,0.26,15.0,0.25,15.0,0.24,15.0,0.39,10.0,0.41,15.0,0.42,23.0,0.43,20.0,0.44,15.0,0.11,0.11,44.896982,1776163937000
1776163939.044,139.044,0.61,10.0,0.59,15.0,0.58,23.0,0.57,20.0,0.56,15.0,0.72,13.46,0.73,15.0,0.74,15.0,0.75,15.0,0.76,15.0,0.28,13.46,0.27,15.0,0.26,15.0,0.25,15.0,0.24,15.0,0.39,10.0,0.41,15.0,0.42,23.0,0.43,20.0,0.44,15.0,0.11,0.11,44.896794,1776163938000
1776163940.033,140.033,0.61,10.0,0.59,15.0,0.58,23.0,0.57,20.0,0.56,15.0,0.72,13.46,0.73,15.0,0.74,15.0,0.75,15.0,0.76,15.0,0.28,13.46,0.27,15.0,0.26,15.0,0.25,15.0,0.24,15.0,0.39,10.0,0.41,15.0,0.42,23.0,0.43,20.0,0.44,15.0,0.11,0.11,44.896793,1776163939000
1776163941.112,141.112,0.61,10.0,0.59,15.0,0.58,23.0,0.57,20.0,0.56,15.0,0.72,13.46,0.73,15.0,0.74,15.0,0.75,15.0,0.76,15.0,0.28,13.46,0.27,15.0,0.26,15.0,0.25,15.0,0.24,15.0,0.39,10.0,0.41,15.0,0.42,23.0,0.43,20.0,0.44,15.0,0.11,0.11,44.896793,1776163940000
1776163941.982,141.982,0.61,10.0,0.59,15.0,0.58,23.0,0.57,20.0,0.56,15.0,0.72,13.46,0.73,15.0,0.74,15.0,0.75,15.0,0.76,15.0,0.28,13.46,0.27,15.0,0.26,15.0,0.25,15.0,0.24,15.0,0.39,10.0,0.41,15.0,0.42,23.0,0.43,20.0,0.44,15.0,0.11,0.11,44.896793,1776163941000
1776163943.133,143.133,0.61,10.0,0.59,15.0,0.58,23.0,0.57,20.0,0.56,15.0,0.72,13.46,0.73,15.0,0.74,15.0,0.75,15.0,0.76,15.0,0.28,13.46,0.27,15.0,0.26,15.0,0.25,15.0,0.24,15.0,0.39,10.0,0.41,15.0,0.42,23.0,0.43,20.0,0.44,15.0,0.11,0.11,44.896787,1776163942000
1776163943.978,143.978,0.61,10.0,0.59,15.0,0.58,23.0,0.57,20.0,0.56,15.0,0.72,13.46,0.73,15.0,0.74,15.0,0.75,15.0,0.76,15.0,0.28,13.46,0.27,15.0,0.26,15.0,0.25,15.0,0.24,15.0,0.39,10.0,0.41,15.0,0.42,23.0,0.43,20.0,0.44,15.0,0.11,0.11,44.896754,1776163943000
1776163944.963,144.963,0.61,10.0,0.59,15.0,0.58,23.0,0.57,20.0,0.56,15.0,0.72,13.46,0.73,15.0,0.74,15.0,0.75,15.0,0.76,15.0,0.28,13.46,0.27,15.0,0.26,15.0,0.25,15.0,0.24,15.0,0.39,10.0,0.41,15.0,0.42,23.0,0.43,20.0,0.44,15.0,0.11,0.11,44.896754,1776163944000
1776163945.941,145.941,0.61,10.0,0.59,15.0,0.58,23.0,0.57,20.0,0.56,15.0,0.72,13.46,0.73,15.0,0.74,15.0,0.75,15.0,0.76,15.0,0.28,13.46,0.27,15.0,0.26,15.0,0.25,15.0,0.24,15.0,0.39,10.0,0.41,15.0,0.42,23.0,0.43,20.0,0.44,15.0,0.11,0.11,44.896424,1776163945000
1776163946.948,146.948,0.61,10.0,0.59,15.0,0.58,23.0,0.57,20.0,0.56,15.0,0.72,13.46,0.73,15.0,0.74,15.0,0.75,15.0,0.76,15.0,0.28,13.46,0.27,15.0,0.26,15.0,0.25,15.0,0.24,15.0,0.39,10.0,0.41,15.0,0.42,23.0,0.43,20.0,0.44,15.0,0.11,0.11,44.896414,1776163946000
1776163947.523,147.523,0.68,46.0,0.67,10.0,0.62,15.0,0.61,15.0,0.6,20.0,0.84,4.94,0.88,15.0,0.89,15.0,0.9,15.0,0.91,15.0,0.28,13.46,0.27,15.0,0.26,15.0,0.25,15.0,0.24,15.0,0.39,10.0,0.41,15.0,0.42,23.0,0.43,20.0,0.44,15.0,0.16,0.11,44.896414,1776163946000
1776163947.924,147.924,0.68,46.0,0.63,15.0,0.62,15.0,0.61,15.0,0.6,20.0,0.84,1.4,0.88,15.0,0.89,15.0,0.9,15.0,0.91,15.0,0.16,1.4,0.12,15.0,0.11,15.0,0.1,15.0,0.09,15.0,0.32,46.0,0.37,15.0,0.38,15.0,0.39,15.0,0.4,20.0,0.16,0.16,44.896456,1776163947000
1776163948.135,148.135,0.68,46.0,0.63,15.0,0.62,15.0,0.61,15.0,0.6,20.0,0.84,1.4,0.87,5.0,0.88,15.0,0.89,15.0,0.9,15.0,0.16,1.4,0.12,15.0,0.11,15.0,0.1,15.0,0.09,15.0,0.32,46.0,0.37,15.0,0.38,15.0,0.39,15.0,0.4,20.0,0.16,0.16,44.896456,1776163947000
1776163948.932,148.932,0.68,46.0,0.63,15.0,0.62,15.0,0.61,15.0,0.6,20.0,0.84,1.4,0.87,5.0,0.88,15.0,0.89,15.0,0.9,15.0,0.16,1.4,0.13,5.0,0.12,15.0,0.11,15.0,0.1,15.0,0.32,46.0,0.37,15.0,0.38,15.0,0.39,15.0,0.4,20.0,0.16,0.16,44.896958,1776163948000
1776163950.034,150.034,0.68,46.0,0.63,15.0,0.62,15.0,0.61,15.0,0.6,20.0,0.84,1.4,0.87,5.0,0.88,15.0,0.89,15.0,0.9,15.0,0.16,1.4,0.13,5.0,0.12,15.0,0.11,15.0,0.1,15.0,0.32,46.0,0.37,15.0,0.38,15.0,0.39,15.0,0.4,20.0,0.16,0.16,44.90473,1776163949000
1776163951.675,151.675,0.68,46.0,0.63,15.0,0.62,15.0,0.61,15.0,0.6,20.0,0.84,1.4,0.87,5.0,0.88,15.0,0.89,15.0,0.9,15.0,0.16,1.4,0.13,5.0,0.12,15.0,0.11,15.0,0.1,15.0,0.32,46.0,0.37,15.0,0.38,15.0,0.39,15.0,0.4,20.0,0.16,0.16,44.913118,1776163950000
1776163952.345,152.345,0.68,46.0,0.63,15.0,0.62,15.0,0.61,15.0,0.6,20.0,0.84,1.4,0.87,5.0,0.88,15.0,0.89,15.0,0.9,15.0,0.16,1.4,0.13,5.0,0.12,15.0,0.11,15.0,0.1,15.0,0.32,46.0,0.37,15.0,0.38,15.0,0.39,15.0,0.4,20.0,0.16,0.16,44.914397,1776163951000
1776163953.57,153.57,0.68,46.0,0.63,15.0,0.62,15.0,0.61,15.0,0.6,20.0,0.84,1.4,0.87,5.0,0.88,15.0,0.89,15.0,0.9,15.0,0.16,1.4,0.13,5.0,0.12,15.0,0.11,15.0,0.1,15.0,0.32,46.0,0.37,15.0,0.38,15.0,0.39,15.0,0.4,20.0,0.16,0.16,44.914662,1776163952000
1776163954.305,154.305,0.68,46.0,0.63,15.0,0.62,15.0,0.61,15.0,0.6,20.0,0.84,1.4,0.87,5.0,0.88,15.0,0.89,15.0,0.9,15.0,0.16,1.4,0.13,5.0,0.12,15.0,0.11,15.0,0.1,15.0,0.32,46.0,0.37,15.0,0.38,15.0,0.39,15.0,0.4,20.0,0.16,0.16,44.912109,1776163953000
1776163955.699,155.699,0.68,46.0,0.63,15.0,0.62,15.0,0.61,15.0,0.6,20.0,0.84,1.4,0.87,5.0,0.88,15.0,0.89,15.0,0.9,15.0,0.16,1.4,0.13,5.0,0.12,15.0,0.11,15.0,0.1,15.0,0.32,46.0,0.37,15.0,0.38,15.0,0.39,15.0,0.4,20.0,0.16,0.16,44.912227,1776163954000
1776163956.256,156.256,0.68,46.0,0.63,15.0,0.62,15.0,0.61,15.0,0.6,20.0,0.84,1.4,0.87,5.0,0.88,15.0,0.89,15.0,0.9,15.0,0.16,1.4,0.13,5.0,0.12,15.0,0.11,15.0,0.1,15.0,0.32,46.0,0.37,15.0,0.38,15.0,0.39,15.0,0.4,20.0,0.16,0.16,44.906217,1776163955000
1776163957.688,157.688,0.68,46.0,0.63,15.0,0.62,15.0,0.61,15.0,0.6,20.0,0.84,1.4,0.87,5.0,0.88,15.0,0.89,15.0,0.9,15.0,0.16,1.4,0.13,5.0,0.12,15.0,0.11,15.0,0.1,15.0,0.32,46.0,0.37,15.0,0.38,15.0,0.39,15.0,0.4,20.0,0.16,0.16,44.912227,1776163956000
1776163958.574,158.574,0.68,46.0,0.63,15.0,0.62,15.0,0.61,15.0,0.6,20.0,0.84,1.4,0.87,5.0,0.88,15.0,0.89,15.0,0.9,15.0,0.16,1.4,0.13,5.0,0.12,15.0,0.11,15.0,0.1,15.0,0.32,46.0,0.37,15.0,0.38,15.0,0.39,15.0,0.4,20.0,0.16,0.16,44.908716,1776163957000
1776163959.19,159.19,0.68,46.0,0.63,15.0,0.62,15.0,0.61,15.0,0.6,20.0,0.84,1.4,0.87,5.0,0.88,15.0,0.89,15.0,0.9,15.0,0.16,1.4,0.13,5.0,0.12,15.0,0.11,15.0,0.1,15.0,0.32,46.0,0.37,15.0,0.38,15.0,0.39,15.0,0.4,20.0,0.16,0.16,44.90772,1776163958000
1776163960.669,160.669,0.68,46.0,0.63,15.0,0.62,15.0,0.61,15.0,0.6,20.0,0.84,1.4,0.87,5.0,0.88,15.0,0.89,15.0,0.9,15.0,0.16,1.4,0.13,5.0,0.12,15.0,0.11,15.0,0.1,15.0,0.32,46.0,0.37,15.0,0.38,15.0,0.39,15.0,0.4,20.0,0.16,0.16,44.908306,1776163959000
1776163961.351,161.351,0.68,46.0,0.63,15.0,0.62,15.0,0.61,15.0,0.6,20.0,0.84,1.4,0.87,5.0,0.88,15.0,0.89,15.0,0.9,15.0,0.16,1.4,0.13,5.0,0.12,15.0,0.11,15.0,0.1,15.0,0.32,46.0,0.37,15.0,0.38,15.0,0.39,15.0,0.4,20.0,0.16,0.16,44.911493,1776163960000
1776163962.61,162.61,0.68,46.0,0.63,15.0,0.62,15.0,0.61,15.0,0.6,20.0,0.84,1.4,0.87,5.0,0.88,15.0,0.89,15.0,0.9,15.0,0.16,1.4,0.13,5.0,0.12,15.0,0.11,15.0,0.1,15.0,0.32,46.0,0.37,15.0,0.38,15.0,0.39,15.0,0.4,20.0,0.16,0.16,44.914668,1776163961000
1776163963.294,163.294,0.68,46.0,0.63,15.0,0.62,15.0,0.61,15.0,0.6,20.0,0.84,1.4,0.87,5.0,0.88,15.0,0.89,15.0,0.9,15.0,0.16,1.4,0.13,5.0,0.12,15.0,0.11,15.0,0.1,15.0,0.32,46.0,0.37,15.0,0.38,15.0,0.39,15.0,0.4,20.0,0.16,0.16,44.914668,1776163962000
1776163964.567,164.567,0.68,46.0,0.63,15.0,0.62,15.0,0.61,15.0,0.6,20.0,0.84,1.4,0.87,5.0,0.88,15.0,0.89,15.0,0.9,15.0,0.16,1.4,0.13,5.0,0.12,15.0,0.11,15.0,0.1,15.0,0.32,46.0,0.37,15.0,0.38,15.0,0.39,15.0,0.4,20.0,0.16,0.16,44.914671,1776163963000
1776163965.176,165.176,0.68,46.0,0.63,15.0,0.62,15.0,0.61,15.0,0.6,20.0,0.84,1.4,0.87,5.0,0.88,15.0,0.89,15.0,0.9,15.0,0.16,1.4,0.13,5.0,0.12,15.0,0.11,15.0,0.1,15.0,0.32,46.0,0.37,15.0,0.38,15.0,0.39,15.0,0.4,20.0,0.16,0.16,44.910658,1776163964000
1776163966.568,166.568,0.68,46.0,0.63,15.0,0.62,15.0,0.61,15.0,0.6,20.0,0.84,1.4,0.87,5.0,0.88,15.0,0.89,15.0,0.9,15.0,0.16,1.4,0.13,5.0,0.12,15.0,0.11,15.0,0.1,15.0,0.32,46.0,0.37,15.0,0.38,15.0,0.39,15.0,0.4,20.0,0.16,0.16,44.909336,1776163965000
1776163967.237,167.237,0.68,46.0,0.63,15.0,0.62,15.0,0.61,15.0,0.6,20.0,0.84,1.4,0.87,5.0,0.88,15.0,0.89,15.0,0.9,15.0,0.16,1.4,0.13,5.0,0.12,15.0,0.11,15.0,0.1,15.0,0.32,46.0,0.37,15.0,0.38,15.0,0.39,15.0,0.4,20.0,0.16,0.16,44.907818,1776163966000
1776163969.173,169.173,0.68,46.0,0.63,15.0,0.62,15.0,0.61,15.0,0.6,20.0,0.84,1.4,0.87,5.0,0.88,15.0,0.89,15.0,0.9,15.0,0.16,1.4,0.13,5.0,0.12,15.0,0.11,15.0,0.1,15.0,0.32,46.0,0.37,15.0,0.38,15.0,0.39,15.0,0.4,20.0,0.16,0.16,44.907157,1776163967000
1776163970.081,170.081,0.68,46.0,0.63,15.0,0.62,15.0,0.61,15.0,0.6,20.0,0.84,1.4,0.87,5.0,0.88,15.0,0.89,15.0,0.9,15.0,0.16,1.4,0.13,5.0,0.12,15.0,0.11,15.0,0.1,15.0,0.32,46.0,0.37,15.0,0.38,15.0,0.39,15.0,0.4,20.0,0.16,0.16,44.907152,1776163968000
1776163970.688,170.688,0.68,46.0,0.63,15.0,0.62,15.0,0.61,15.0,0.6,20.0,0.84,1.4,0.87,5.0,0.88,15.0,0.89,15.0,0.9,15.0,0.16,1.4,0.13,5.0,0.12,15.0,0.11,15.0,0.1,15.0,0.32,46.0,0.37,15.0,0.38,15.0,0.39,15.0,0.4,20.0,0.16,0.16,44.906901,1776163969000
1776163971.633,171.633,0.68,46.0,0.63,15.0,0.62,15.0,0.61,15.0,0.6,20.0,0.84,1.4,0.87,5.0,0.88,15.0,0.89,15.0,0.9,15.0,0.16,1.4,0.13,5.0,0.12,15.0,0.11,15.0,0.1,15.0,0.32,46.0,0.37,15.0,0.38,15.0,0.39,15.0,0.4,20.0,0.16,0.16,44.906897,1776163970000
1776163972.396,172.396,0.68,46.0,0.63,15.0,0.62,15.0,0.61,15.0,0.6,20.0,0.84,1.4,0.87,5.0,0.88,15.0,0.89,15.0,0.9,15.0,0.16,1.4,0.13,5.0,0.12,15.0,0.11,15.0,0.1,15.0,0.32,46.0,0.37,15.0,0.38,15.0,0.39,15.0,0.4,20.0,0.16,0.16,44.906897,1776163971000
1776163973.06,173.06,0.68,46.0,0.63,15.0,0.62,15.0,0.61,15.0,0.6,20.0,0.84,1.4,0.87,5.0,0.88,15.0,0.89,15.0,0.9,15.0,0.16,1.4,0.13,5.0,0.12,15.0,0.11,15.0,0.1,15.0,0.32,46.0,0.37,15.0,0.38,15.0,0.39,15.0,0.4,20.0,0.16,0.16,44.907492,1776163972000
1776163974.479,174.479,0.68,46.0,0.63,15.0,0.62,15.0,0.61,15.0,0.6,20.0,0.84,1.4,0.87,5.0,0.88,15.0,0.89,15.0,0.9,15.0,0.16,1.4,0.13,5.0,0.12,15.0,0.11,15.0,0.1,15.0,0.32,46.0,0.37,15.0,0.38,15.0,0.39,15.0,0.4,20.0,0.16,0.16,44.907421,1776163973000
1776163975.195,175.195,0.68,46.0,0.63,15.0,0.62,15.0,0.61,15.0,0.6,20.0,0.84,1.4,0.87,5.0,0.88,15.0,0.89,15.0,0.9,15.0,0.16,1.4,0.13,5.0,0.12,15.0,0.11,15.0,0.1,15.0,0.32,46.0,0.37,15.0,0.38,15.0,0.39,15.0,0.4,20.0,0.16,0.16,44.907054,1776163974000
1776163976.707,176.707,0.68,46.0,0.63,15.0,0.62,15.0,0.61,15.0,0.6,20.0,0.84,1.4,0.87,5.0,0.88,15.0,0.89,15.0,0.9,15.0,0.16,1.4,0.13,5.0,0.12,15.0,0.11,15.0,0.1,15.0,0.32,46.0,0.37,15.0,0.38,15.0,0.39,15.0,0.4,20.0,0.16,0.16,44.906928,1776163975000
1776163977.385,177.385,0.68,46.0,0.63,15.0,0.62,15.0,0.61,15.0,0.6,20.0,0.84,1.4,0.87,5.0,0.88,15.0,0.89,15.0,0.9,15.0,0.16,1.4,0.13,5.0,0.12,15.0,0.11,15.0,0.1,15.0,0.32,46.0,0.37,15.0,0.38,15.0,0.39,15.0,0.4,20.0,0.16,0.16,44.906928,1776163976000
1776163978.165,178.165,0.68,46.0,0.63,15.0,0.62,15.0,0.61,15.0,0.6,20.0,0.84,1.4,0.87,5.0,0.88,15.0,0.89,15.0,0.9,15.0,0.16,1.4,0.13,5.0,0.12,15.0,0.11,15.0,0.1,15.0,0.32,46.0,0.37,15.0,0.38,15.0,0.39,15.0,0.4,20.0,0.16,0.16,44.906928,1776163977000
1776163979.496,179.496,0.68,46.0,0.63,15.0,0.62,15.0,0.61,15.0,0.6,20.0,0.84,1.4,0.87,5.0,0.88,15.0,0.89,15.0,0.9,15.0,0.16,1.4,0.13,5.0,0.12,15.0,0.11,15.0,0.1,15.0,0.32,46.0,0.37,15.0,0.38,15.0,0.39,15.0,0.4,20.0,0.16,0.16,44.906989,1776163978000
1776163980.288,180.288,0.68,46.0,0.63,15.0,0.62,15.0,0.61,15.0,0.6,20.0,0.84,1.4,0.87,5.0,0.88,15.0,0.89,15.0,0.9,15.0,0.16,1.4,0.13,5.0,0.12,15.0,0.11,15.0,0.1,15.0,0.32,46.0,0.37,15.0,0.38,15.0,0.39,15.0,0.4,20.0,0.16,0.16,44.906989,1776163979000
1776163981.786,181.786,0.68,46.0,0.63,15.0,0.62,15.0,0.61,15.0,0.6,20.0,0.84,1.4,0.87,5.0,0.88,15.0,0.89,15.0,0.9,15.0,0.16,1.4,0.13,5.0,0.12,15.0,0.11,15.0,0.1,15.0,0.32,46.0,0.37,15.0,0.38,15.0,0.39,15.0,0.4,20.0,0.16,0.16,44.906987,1776163980000
1776163982.433,182.433,0.68,46.0,0.63,15.0,0.62,15.0,0.61,15.0,0.6,20.0,0.84,1.4,0.87,5.0,0.88,15.0,0.89,15.0,0.9,15.0,0.16,1.4,0.13,5.0,0.12,15.0,0.11,15.0,0.1,15.0,0.32,46.0,0.37,15.0,0.38,15.0,0.39,15.0,0.4,20.0,0.16,0.16,44.90572,1776163981000
1776163983.29,183.29,0.68,46.0,0.63,15.0,0.62,15.0,0.61,15.0,0.6,20.0,0.84,1.4,0.87,5.0,0.88,15.0,0.89,15.0,0.9,15.0,0.16,1.4,0.13,5.0,0.12,15.0,0.11,15.0,0.1,15.0,0.32,46.0,0.37,15.0,0.38,15.0,0.39,15.0,0.4,20.0,0.16,0.16,44.905664,1776163982000
1776163984.725,184.725,0.68,46.0,0.63,15.0,0.62,15.0,0.61,15.0,0.6,20.0,0.84,1.4,0.87,5.0,0.88,15.0,0.89,15.0,0.9,15.0,0.16,1.4,0.13,5.0,0.12,15.0,0.11,15.0,0.1,15.0,0.32,46.0,0.37,15.0,0.38,15.0,0.39,15.0,0.4,20.0,0.16,0.16,44.905664,1776163983000
1776163985.443,185.443,0.68,46.0,0.63,15.0,0.62,15.0,0.61,15.0,0.6,20.0,0.84,1.4,0.87,5.0,0.88,15.0,0.89,15.0,0.9,15.0,0.16,1.4,0.13,5.0,0.12,15.0,0.11,15.0,0.1,15.0,0.32,46.0,0.37,15.0,0.38,15.0,0.39,15.0,0.4,20.0,0.16,0.16,44.905664,1776163984000
1776163986.189,186.189,0.68,46.0,0.63,15.0,0.62,15.0,0.61,15.0,0.6,20.0,0.84,1.4,0.87,5.0,0.88,15.0,0.89,15.0,0.9,15.0,0.16,1.4,0.13,5.0,0.12,15.0,0.11,15.0,0.1,15.0,0.32,46.0,0.37,15.0,0.38,15.0,0.39,15.0,0.4,20.0,0.16,0.16,44.905408,1776163985000
1776163988.118,188.118,0.68,46.0,0.63,15.0,0.62,15.0,0.61,15.0,0.6,20.0,0.84,1.4,0.87,5.0,0.88,15.0,0.89,15.0,0.9,15.0,0.16,1.4,0.13,5.0,0.12,15.0,0.11,15.0,0.1,15.0,0.32,46.0,0.37,15.0,0.38,15.0,0.39,15.0,0.4,20.0,0.16,0.16,44.905937,1776163986000
1776163988.748,188.748,0.68,46.0,0.63,15.0,0.62,15.0,0.61,15.0,0.6,20.0,0.84,1.4,0.87,5.0,0.88,15.0,0.89,15.0,0.9,15.0,0.16,1.4,0.13,5.0,0.12,15.0,0.11,15.0,0.1,15.0,0.32,46.0,0.37,15.0,0.38,15.0,0.39,15.0,0.4,20.0,0.16,0.16,44.905937,1776163987000
1776163989.469,189.469,0.68,46.0,0.63,15.0,0.62,15.0,0.61,15.0,0.6,20.0,0.84,1.4,0.87,5.0,0.88,15.0,0.89,15.0,0.9,15.0,0.16,1.4,0.13,5.0,0.12,15.0,0.11,15.0,0.1,15.0,0.32,46.0,0.37,15.0,0.38,15.0,0.39,15.0,0.4,20.0,0.16,0.16,44.90594,1776163988000
1776163990.231,190.231,0.68,46.0,0.63,15.0,0.62,15.0,0.61,15.0,0.6,20.0,0.84,1.4,0.87,5.0,0.88,15.0,0.89,15.0,0.9,15.0,0.16,1.4,0.13,5.0,0.12,15.0,0.11,15.0,0.1,15.0,0.32,46.0,0.37,15.0,0.38,15.0,0.39,15.0,0.4,20.0,0.16,0.16,44.90594,1776163989000
1776163991.535,191.535,0.68,46.0,0.63,15.0,0.62,15.0,0.61,15.0,0.6,20.0,0.84,1.4,0.87,5.0,0.88,15.0,0.89,15.0,0.9,15.0,0.16,1.4,0.13,5.0,0.12,15.0,0.11,15.0,0.1,15.0,0.32,46.0,0.37,15.0,0.38,15.0,0.39,15.0,0.4,20.0,0.16,0.16,44.904282,1776163990000
1776163992.374,192.374,0.68,46.0,0.63,15.0,0.62,15.0,0.61,15.0,0.6,20.0,0.84,1.4,0.87,5.0,0.88,15.0,0.89,15.0,0.9,15.0,0.16,1.4,0.13,5.0,0.12,15.0,0.11,15.0,0.1,15.0,0.32,46.0,0.37,15.0,0.38,15.0,0.39,15.0,0.4,20.0,0.16,0.16,44.90425,1776163991000
1776163993.793,193.793,0.68,46.0,0.63,15.0,0.62,15.0,0.61,15.0,0.6,20.0,0.84,1.4,0.87,5.0,0.88,15.0,0.89,15.0,0.9,15.0,0.16,1.4,0.13,5.0,0.12,15.0,0.11,15.0,0.1,15.0,0.32,46.0,0.37,15.0,0.38,15.0,0.39,15.0,0.4,20.0,0.16,0.16,44.903371,1776163992000
1776163994.497,194.497,0.68,46.0,0.63,15.0,0.62,15.0,0.61,15.0,0.6,20.0,0.84,1.4,0.87,5.0,0.88,15.0,0.89,15.0,0.9,15.0,0.16,1.4,0.13,5.0,0.12,15.0,0.11,15.0,0.1,15.0,0.32,46.0,0.37,15.0,0.38,15.0,0.39,15.0,0.4,20.0,0.16,0.16,44.903371,1776163993000
1776163994.706,194.706,0.73,10.0,0.7,15.0,0.69,15.0,0.68,23.0,0.67,15.0,0.8,9.95,0.81,15.0,0.82,15.0,0.83,15.0,0.84,15.0,0.16,1.4,0.13,5.0,0.12,15.0,0.11,15.0,0.1,15.0,0.32,46.0,0.37,15.0,0.38,15.0,0.39,15.0,0.4,20.0,0.07,0.16,44.903371,1776163993000
1776163995.348,195.348,0.73,10.0,0.7,15.0,0.69,15.0,0.68,23.0,0.67,15.0,0.8,9.95,0.81,15.0,0.82,15.0,0.83,15.0,0.84,15.0,0.2,9.95,0.19,15.0,0.18,15.0,0.17,15.0,0.16,15.0,0.27,10.0,0.3,15.0,0.31,15.0,0.32,23.0,0.33,15.0,0.07,0.07,44.903371,1776163994000
1776163995.81,195.81,0.74,6.0,0.73,10.0,0.7,15.0,0.69,15.0,0.68,23.0,0.8,3.95,0.81,15.0,0.82,15.0,0.83,15.0,0.84,20.0,0.2,9.95,0.19,15.0,0.18,15.0,0.17,15.0,0.16,15.0,0.27,10.0,0.3,15.0,0.31,15.0,0.32,23.0,0.33,15.0,0.06,0.07,44.903371,1776163994000
1776163996.739,196.739,0.74,6.0,0.73,10.0,0.7,15.0,0.69,15.0,0.68,23.0,0.8,3.95,0.81,15.0,0.82,15.0,0.83,15.0,0.84,20.0,0.2,3.95,0.19,15.0,0.18,15.0,0.17,15.0,0.16,20.0,0.26,6.0,0.27,10.0,0.3,15.0,0.31,15.0,0.32,23.0,0.06,0.06,44.903628,1776163995000
1776163997.411,197.411,0.74,6.0,0.73,10.0,0.7,15.0,0.69,15.0,0.68,23.0,0.8,3.95,0.81,15.0,0.82,15.0,0.83,15.0,0.84,20.0,0.2,3.95,0.19,15.0,0.18,15.0,0.17,15.0,0.16,20.0,0.26,6.0,0.27,10.0,0.3,15.0,0.31,15.0,0.32,23.0,0.06,0.06,44.903629,1776163996000
1776163998.452,198.452,0.74,6.0,0.73,10.0,0.7,15.0,0.69,15.0,0.68,23.0,0.8,3.95,0.81,15.0,0.82,15.0,0.83,15.0,0.84,20.0,0.2,3.95,0.19,15.0,0.18,15.0,0.17,15.0,0.16,20.0,0.26,6.0,0.27,10.0,0.3,15.0,0.31,15.0,0.32,23.0,0.06,0.06,44.903629,1776163997000
1776163999.267,199.267,0.74,6.0,0.73,10.0,0.7,15.0,0.69,15.0,0.68,23.0,0.8,3.95,0.81,15.0,0.82,15.0,0.83,15.0,0.84,20.0,0.2,3.95,0.19,15.0,0.18,15.0,0.17,15.0,0.16,20.0,0.26,6.0,0.27,10.0,0.3,15.0,0.31,15.0,0.32,23.0,0.06,0.06,44.903629,1776163998000
1776164000.617,200.617,0.74,6.0,0.73,10.0,0.7,15.0,0.69,15.0,0.68,23.0,0.8,3.95,0.81,15.0,0.82,15.0,0.83,15.0,0.84,20.0,0.2,3.95,0.19,15.0,0.18,15.0,0.17,15.0,0.16,20.0,0.26,6.0,0.27,10.0,0.3,15.0,0.31,15.0,0.32,23.0,0.06,0.06,44.903628,1776163999000
1776164001.228,201.228,0.74,6.0,0.73,10.0,0.7,15.0,0.69,15.0,0.68,23.0,0.8,3.95,0.81,15.0,0.82,15.0,0.83,15.0,0.84,20.0,0.2,3.95,0.19,15.0,0.18,15.0,0.17,15.0,0.16,20.0,0.26,6.0,0.27,10.0,0.3,15.0,0.31,15.0,0.32,23.0,0.06,0.06,44.903754,1776164000000
1776164002.35,202.35,0.76,6.0,0.74,10.0,0.72,15.0,0.71,15.0,0.7,15.0,0.82,9.0,0.83,15.0,0.84,20.0,0.85,15.0,0.86,15.0,0.2,3.95,0.19,15.0,0.18,15.0,0.17,15.0,0.16,20.0,0.26,6.0,0.27,10.0,0.3,15.0,0.31,15.0,0.32,23.0,0.06,0.06,44.903754,1776164000000
1776164002.702,202.702,0.76,6.0,0.74,10.0,0.72,15.0,0.71,15.0,0.7,15.0,0.82,9.0,0.83,15.0,0.84,20.0,0.85,15.0,0.86,15.0,0.18,9.0,0.17,15.0,0.16,20.0,0.15,15.0,0.14,15.0,0.24,6.0,0.26,10.0,0.28,15.0,0.29,15.0,0.3,15.0,0.06,0.06,44.903754,1776164001000
1776164003.46,203.46,0.76,6.0,0.74,10.0,0.72,15.0,0.71,15.0,0.7,15.0,0.82,9.0,0.83,15.0,0.84,20.0,0.85,15.0,0.86,15.0,0.18,9.0,0.17,15.0,0.16,20.0,0.15,15.0,0.14,15.0,0.24,6.0,0.26,10.0,0.28,15.0,0.29,15.0,0.3,15.0,0.06,0.06,44.903754,1776164002000
1776164004.175,204.175,0.76,6.0,0.74,10.0,0.72,15.0,0.71,15.0,0.7,15.0,0.82,9.0,0.83,15.0,0.84,20.0,0.85,15.0,0.86,15.0,0.18,9.0,0.17,15.0,0.16,20.0,0.15,15.0,0.14,15.0,0.24,6.0,0.26,10.0,0.28,15.0,0.29,15.0,0.3,15.0,0.06,0.06,44.903754,1776164003000
1776164005.439,205.439,0.76,6.0,0.74,10.0,0.72,15.0,0.71,15.0,0.7,15.0,0.82,9.0,0.83,15.0,0.84,20.0,0.85,15.0,0.86,15.0,0.18,9.0,0.17,15.0,0.16,20.0,0.15,15.0,0.14,15.0,0.24,6.0,0.26,10.0,0.28,15.0,0.29,15.0,0.3,15.0,0.06,0.06,44.903754,1776164004000
1776164005.684,205.684,0.77,6.0,0.75,10.0,0.73,15.0,0.72,15.0,0.71,15.0,0.82,3.0,0.83,15.0,0.84,20.0,0.85,15.0,0.86,15.0,0.18,9.0,0.17,15.0,0.16,20.0,0.15,15.0,0.14,15.0,0.24,6.0,0.26,10.0,0.28,15.0,0.29,15.0,0.3,15.0,0.05,0.06,44.903754,1776164004000
1776164006.395,206.395,0.77,6.0,0.75,10.0,0.73,15.0,0.72,15.0,0.71,15.0,0.82,3.0,0.83,15.0,0.84,20.0,0.85,15.0,0.86,15.0,0.18,3.0,0.17,15.0,0.16,20.0,0.15,15.0,0.14,15.0,0.23,6.0,0.25,10.0,0.27,15.0,0.28,15.0,0.29,15.0,0.05,0.05,44.903502,1776164005000
1776164006.976,206.976,0.77,6.0,0.75,10.0,0.73,15.0,0.72,15.0,0.71,15.0,0.82,3.0,0.83,15.0,0.84,20.0,0.85,15.0,0.86,15.0,0.18,3.0,0.17,15.0,0.16,20.0,0.15,15.0,0.14,15.0,0.23,6.0,0.25,10.0,0.27,15.0,0.28,15.0,0.29,15.0,0.05,0.05,44.903502,1776164006000
1776164007.916,207.916,0.77,6.0,0.75,10.0,0.73,15.0,0.72,15.0,0.71,15.0,0.82,3.0,0.83,15.0,0.84,20.0,0.85,15.0,0.86,15.0,0.18,3.0,0.17,15.0,0.16,20.0,0.15,15.0,0.14,15.0,0.23,6.0,0.25,10.0,0.27,15.0,0.28,15.0,0.29,15.0,0.05,0.05,44.903263,1776164007000
1776164008.891,208.891,0.77,6.0,0.75,10.0,0.73,15.0,0.72,15.0,0.71,15.0,0.82,3.0,0.83,15.0,0.84,20.0,0.85,15.0,0.86,15.0,0.18,3.0,0.17,15.0,0.16,20.0,0.15,15.0,0.14,15.0,0.23,6.0,0.25,10.0,0.27,15.0,0.28,15.0,0.29,15.0,0.05,0.05,44.901597,1776164008000
1776164010.263,210.263,0.5,10.0,0.42,15.0,0.41,15.0,0.4,15.0,0.39,15.0,0.76,35.0,0.77,31.0,0.78,15.0,0.79,15.0,0.8,15.0,0.24,35.0,0.23,31.0,0.22,15.0,0.21,15.0,0.2,15.0,0.5,10.0,0.58,15.0,0.59,15.0,0.6,15.0,0.61,15.0,0.26,0.26,44.895213,1776164009000
1776164010.491,210.491,0.39,15.0,0.38,15.0,0.37,15.0,0.36,15.0,0.35,15.0,0.74,4.9,0.75,35.0,0.76,15.0,0.77,31.0,0.78,15.0,0.26,4.9,0.25,35.0,0.24,15.0,0.23,31.0,0.22,15.0,0.61,15.0,0.62,15.0,0.63,15.0,0.64,15.0,0.65,15.0,0.35,0.35,44.895213,1776164009000
1776164011.213,211.213,0.39,15.0,0.38,15.0,0.37,15.0,0.36,15.0,0.35,15.0,0.74,4.9,0.75,35.0,0.76,15.0,0.77,31.0,0.78,15.0,0.26,4.9,0.25,35.0,0.24,15.0,0.23,31.0,0.22,15.0,0.61,15.0,0.62,15.0,0.63,15.0,0.64,15.0,0.65,15.0,0.35,0.35,44.890274,1776164010000
1776164012.194,212.194,0.39,15.0,0.38,15.0,0.37,15.0,0.36,15.0,0.35,15.0,0.74,4.9,0.75,35.0,0.76,15.0,0.77,31.0,0.78,15.0,0.26,4.9,0.25,35.0,0.24,15.0,0.23,31.0,0.22,15.0,0.61,15.0,0.62,15.0,0.63,15.0,0.64,15.0,0.65,15.0,0.35,0.35,44.87836,1776164011000
1776164013.127,213.127,0.39,15.0,0.38,15.0,0.37,15.0,0.36,15.0,0.35,15.0,0.74,4.9,0.75,35.0,0.76,15.0,0.77,31.0,0.78,15.0,0.26,4.9,0.25,35.0,0.24,15.0,0.23,31.0,0.22,15.0,0.61,15.0,0.62,15.0,0.63,15.0,0.64,15.0,0.65,15.0,0.35,0.35,44.874782,1776164012000
1776164014.09,214.09,0.39,15.0,0.38,15.0,0.37,15.0,0.36,15.0,0.35,15.0,0.74,4.9,0.75,35.0,0.76,15.0,0.77,31.0,0.78,15.0,0.26,4.9,0.25,35.0,0.24,15.0,0.23,31.0,0.22,15.0,0.61,15.0,0.62,15.0,0.63,15.0,0.64,15.0,0.65,15.0,0.35,0.35,44.874205,1776164013000
1776164014.959,214.959,0.39,15.0,0.38,15.0,0.37,15.0,0.36,15.0,0.35,15.0,0.74,4.9,0.75,35.0,0.76,15.0,0.77,31.0,0.78,15.0,0.26,4.9,0.25,35.0,0.24,15.0,0.23,31.0,0.22,15.0,0.61,15.0,0.62,15.0,0.63,15.0,0.64,15.0,0.65,15.0,0.35,0.35,44.874275,1776164014000
1776164015.909,215.909,0.39,15.0,0.38,15.0,0.37,15.0,0.36,15.0,0.35,15.0,0.74,4.9,0.75,35.0,0.76,15.0,0.77,31.0,0.78,15.0,0.26,4.9,0.25,35.0,0.24,15.0,0.23,31.0,0.22,15.0,0.61,15.0,0.62,15.0,0.63,15.0,0.64,15.0,0.65,15.0,0.35,0.35,44.874275,1776164015000
1776164016.938,216.938,0.39,15.0,0.38,15.0,0.37,15.0,0.36,15.0,0.35,15.0,0.74,4.9,0.75,35.0,0.76,15.0,0.77,31.0,0.78,15.0,0.26,4.9,0.25,35.0,0.24,15.0,0.23,31.0,0.22,15.0,0.61,15.0,0.62,15.0,0.63,15.0,0.64,15.0,0.65,15.0,0.35,0.35,44.874275,1776164016000
1776164017.836,217.836,0.39,15.0,0.38,15.0,0.37,15.0,0.36,15.0,0.35,15.0,0.74,4.9,0.75,35.0,0.76,15.0,0.77,31.0,0.78,15.0,0.26,4.9,0.25,35.0,0.24,15.0,0.23,31.0,0.22,15.0,0.61,15.0,0.62,15.0,0.63,15.0,0.64,15.0,0.65,15.0,0.35,0.35,44.874013,1776164017000
1776164019.387,219.387,0.39,15.0,0.38,15.0,0.37,15.0,0.36,15.0,0.35,15.0,0.74,4.9,0.75,35.0,0.76,15.0,0.77,31.0,0.78,15.0,0.26,4.9,0.25,35.0,0.24,15.0,0.23,31.0,0.22,15.0,0.61,15.0,0.62,15.0,0.63,15.0,0.64,15.0,0.65,15.0,0.35,0.35,44.872436,1776164018000
1776164020.385,220.385,0.39,15.0,0.38,15.0,0.37,15.0,0.36,15.0,0.35,15.0,0.74,4.9,0.75,35.0,0.76,15.0,0.77,31.0,0.78,15.0,0.26,4.9,0.25,35.0,0.24,15.0,0.23,31.0,0.22,15.0,0.61,15.0,0.62,15.0,0.63,15.0,0.64,15.0,0.65,15.0,0.35,0.35,44.871748,1776164019000
1776164021.36,221.36,0.39,15.0,0.38,15.0,0.37,15.0,0.36,15.0,0.35,15.0,0.74,4.9,0.75,35.0,0.76,15.0,0.77,31.0,0.78,15.0,0.26,4.9,0.25,35.0,0.24,15.0,0.23,31.0,0.22,15.0,0.61,15.0,0.62,15.0,0.63,15.0,0.64,15.0,0.65,15.0,0.35,0.35,44.871435,1776164020000
1776164021.896,221.896,0.39,15.0,0.38,15.0,0.37,15.0,0.36,15.0,0.35,15.0,0.74,4.9,0.75,35.0,0.76,15.0,0.77,31.0,0.78,15.0,0.26,4.9,0.25,35.0,0.24,15.0,0.23,31.0,0.22,15.0,0.61,15.0,0.62,15.0,0.63,15.0,0.64,15.0,0.65,15.0,0.35,0.35,44.868163,1776164021000
1776164022.598,222.598,0.37,10.0,0.34,15.0,0.33,15.0,0.32,15.0,0.31,15.0,0.48,2.81,0.56,15.0,0.57,15.0,0.58,15.0,0.59,15.0,0.26,4.9,0.25,35.0,0.24,15.0,0.23,31.0,0.22,15.0,0.61,15.0,0.62,15.0,0.63,15.0,0.64,15.0,0.65,15.0,0.11,0.35,44.868163,1776164021000
1776164022.837,222.837,0.37,10.0,0.34,15.0,0.33,15.0,0.32,15.0,0.31,15.0,0.48,2.81,0.56,15.0,0.57,15.0,0.58,15.0,0.59,15.0,0.52,2.81,0.44,15.0,0.43,15.0,0.42,15.0,0.41,15.0,0.63,10.0,0.66,15.0,0.67,15.0,0.68,15.0,0.69,15.0,0.11,0.11,44.864039,1776164022000
1776164023.889,223.889,0.37,10.0,0.34,15.0,0.33,15.0,0.32,15.0,0.31,15.0,0.48,2.81,0.56,15.0,0.57,15.0,0.58,15.0,0.59,15.0,0.52,2.81,0.44,15.0,0.43,15.0,0.42,15.0,0.41,15.0,0.63,10.0,0.66,15.0,0.67,15.0,0.68,15.0,0.69,15.0,0.11,0.11,44.863988,1776164023000
1776164024.958,224.958,0.37,10.0,0.34,15.0,0.33,15.0,0.32,15.0,0.31,15.0,0.48,2.81,0.56,15.0,0.57,15.0,0.58,15.0,0.59,15.0,0.52,2.81,0.44,15.0,0.43,15.0,0.42,15.0,0.41,15.0,0.63,10.0,0.66,15.0,0.67,15.0,0.68,15.0,0.69,15.0,0.11,0.11,44.8643,1776164024000
1776164025.982,225.982,0.37,10.0,0.34,15.0,0.33,15.0,0.32,15.0,0.31,15.0,0.48,2.81,0.56,15.0,0.57,15.0,0.58,15.0,0.59,15.0,0.52,2.81,0.44,15.0,0.43,15.0,0.42,15.0,0.41,15.0,0.63,10.0,0.66,15.0,0.67,15.0,0.68,15.0,0.69,15.0,0.11,0.11,44.86441,1776164025000
1776164027.045,227.045,0.37,10.0,0.34,15.0,0.33,15.0,0.32,15.0,0.31,15.0,0.48,2.81,0.56,15.0,0.57,15.0,0.58,15.0,0.59,15.0,0.52,2.81,0.44,15.0,0.43,15.0,0.42,15.0,0.41,15.0,0.63,10.0,0.66,15.0,0.67,15.0,0.68,15.0,0.69,15.0,0.11,0.11,44.864662,1776164026000
1776164028.001,228.001,0.37,10.0,0.34,15.0,0.33,15.0,0.32,15.0,0.31,15.0,0.48,2.81,0.56,15.0,0.57,15.0,0.58,15.0,0.59,15.0,0.52,2.81,0.44,15.0,0.43,15.0,0.42,15.0,0.41,15.0,0.63,10.0,0.66,15.0,0.67,15.0,0.68,15.0,0.69,15.0,0.11,0.11,44.864662,1776164027000
1776164028.988,228.988,0.37,10.0,0.34,15.0,0.33,15.0,0.32,15.0,0.31,15.0,0.48,2.81,0.56,15.0,0.57,15.0,0.58,15.0,0.59,15.0,0.52,2.81,0.44,15.0,0.43,15.0,0.42,15.0,0.41,15.0,0.63,10.0,0.66,15.0,0.67,15.0,0.68,15.0,0.69,15.0,0.11,0.11,44.866327,1776164028000
1776164029.946,229.946,0.37,10.0,0.34,15.0,0.33,15.0,0.32,15.0,0.31,15.0,0.48,2.81,0.56,15.0,0.57,15.0,0.58,15.0,0.59,15.0,0.52,2.81,0.44,15.0,0.43,15.0,0.42,15.0,0.41,15.0,0.63,10.0,0.66,15.0,0.67,15.0,0.68,15.0,0.69,15.0,0.11,0.11,44.866517,1776164029000
1776164030.428,230.428,0.69,4.9,0.55,9.0,0.37,15.0,0.36,15.0,0.35,15.0,0.76,15.0,0.77,31.0,0.78,15.0,0.79,15.0,0.8,15.0,0.52,2.81,0.44,15.0,0.43,15.0,0.42,15.0,0.41,15.0,0.63,10.0,0.66,15.0,0.67,15.0,0.68,15.0,0.69,15.0,0.07,0.11,44.866517,1776164029000
1776164030.952,230.952,0.68,10.0,0.55,9.0,0.37,15.0,0.36,15.0,0.35,15.0,0.76,11.09,0.77,31.0,0.78,15.0,0.79,15.0,0.8,15.0,0.24,11.09,0.23,31.0,0.22,15.0,0.21,15.0,0.2,15.0,0.32,10.0,0.45,9.0,0.63,15.0,0.64,15.0,0.65,15.0,0.08,0.08,44.868361,1776164030000
1776164032.66,232.66,0.68,10.0,0.55,9.0,0.37,15.0,0.36,15.0,0.35,15.0,0.76,11.09,0.77,31.0,0.78,15.0,0.79,15.0,0.8,15.0,0.24,11.09,0.23,31.0,0.22,15.0,0.21,15.0,0.2,15.0,0.32,10.0,0.45,9.0,0.63,15.0,0.64,15.0,0.65,15.0,0.08,0.08,44.883212,1776164031000
1776164033.107,233.107,0.68,10.0,0.55,9.0,0.37,15.0,0.36,15.0,0.35,15.0,0.76,11.09,0.77,31.0,0.78,15.0,0.79,15.0,0.8,15.0,0.24,11.09,0.23,31.0,0.22,15.0,0.21,15.0,0.2,15.0,0.32,10.0,0.45,9.0,0.63,15.0,0.64,15.0,0.65,15.0,0.08,0.08,44.888347,1776164032000
1776164034.663,234.663,0.68,10.0,0.55,9.0,0.37,15.0,0.36,15.0,0.35,15.0,0.76,11.09,0.77,31.0,0.78,15.0,0.79,15.0,0.8,15.0,0.24,11.09,0.23,31.0,0.22,15.0,0.21,15.0,0.2,15.0,0.32,10.0,0.45,9.0,0.63,15.0,0.64,15.0,0.65,15.0,0.08,0.08,44.888526,1776164033000
1776164034.896,234.896,0.73,6.0,0.58,8.0,0.48,15.0,0.47,15.0,0.46,15.0,0.77,16.0,0.85,15.0,0.86,15.0,0.87,43.0,0.88,15.0,0.24,11.09,0.23,31.0,0.22,15.0,0.21,15.0,0.2,15.0,0.32,10.0,0.45,9.0,0.63,15.0,0.64,15.0,0.65,15.0,0.04,0.08,44.888526,1776164033000
1776164035.168,235.168,0.73,6.0,0.58,8.0,0.48,15.0,0.47,15.0,0.46,15.0,0.77,16.0,0.85,15.0,0.86,15.0,0.87,43.0,0.88,15.0,0.23,16.0,0.15,15.0,0.14,15.0,0.13,43.0,0.12,15.0,0.27,6.0,0.42,8.0,0.52,15.0,0.53,15.0,0.54,15.0,0.04,0.04,44.888595,1776164034000
1776164035.56,235.56,0.73,6.0,0.58,8.0,0.49,15.0,0.48,15.0,0.47,15.0,0.85,15.0,0.86,15.0,0.87,43.0,0.88,15.0,0.89,15.0,0.23,6.0,0.15,15.0,0.14,15.0,0.13,43.0,0.12,15.0,0.27,6.0,0.42,8.0,0.52,15.0,0.53,15.0,0.54,15.0,0.12,0.04,44.888595,1776164034000
1776164036.495,236.495,0.73,6.0,0.58,8.0,0.49,15.0,0.48,15.0,0.47,15.0,0.85,15.0,0.86,15.0,0.87,43.0,0.88,15.0,0.89,15.0,0.15,15.0,0.14,15.0,0.13,43.0,0.12,15.0,0.11,15.0,0.27,6.0,0.42,8.0,0.51,15.0,0.52,15.0,0.53,15.0,0.12,0.12,44.891599,1776164035000
1776164037.15,237.15,0.73,6.0,0.58,8.0,0.49,15.0,0.48,15.0,0.47,15.0,0.85,15.0,0.86,15.0,0.87,43.0,0.88,15.0,0.89,15.0,0.15,15.0,0.14,15.0,0.13,43.0,0.12,15.0,0.11,15.0,0.27,6.0,0.42,8.0,0.51,15.0,0.52,15.0,0.53,15.0,0.12,0.12,44.893533,1776164036000
1776164038.126,238.126,0.73,6.0,0.58,8.0,0.49,15.0,0.48,15.0,0.47,15.0,0.85,15.0,0.86,15.0,0.87,43.0,0.88,15.0,0.89,15.0,0.15,15.0,0.14,15.0,0.13,43.0,0.12,15.0,0.11,15.0,0.27,6.0,0.42,8.0,0.51,15.0,0.52,15.0,0.53,15.0,0.12,0.12,44.89546,1776164037000
1776164039.231,239.231,0.73,6.0,0.58,8.0,0.49,15.0,0.48,15.0,0.47,15.0,0.85,15.0,0.86,15.0,0.87,43.0,0.88,15.0,0.89,15.0,0.15,15.0,0.14,15.0,0.13,43.0,0.12,15.0,0.11,15.0,0.27,6.0,0.42,8.0,0.51,15.0,0.52,15.0,0.53,15.0,0.12,0.12,44.896837,1776164038000
1776164040.283,240.283,0.73,6.0,0.58,8.0,0.49,15.0,0.48,15.0,0.47,15.0,0.85,15.0,0.86,15.0,0.87,43.0,0.88,15.0,0.89,15.0,0.15,15.0,0.14,15.0,0.13,43.0,0.12,15.0,0.11,15.0,0.27,6.0,0.42,8.0,0.51,15.0,0.52,15.0,0.53,15.0,0.12,0.12,44.898393,1776164039000
1776164040.967,240.967,0.73,6.0,0.58,8.0,0.49,15.0,0.48,15.0,0.47,15.0,0.85,15.0,0.86,15.0,0.87,43.0,0.88,15.0,0.89,15.0,0.15,15.0,0.14,15.0,0.13,43.0,0.12,15.0,0.11,15.0,0.27,6.0,0.42,8.0,0.51,15.0,0.52,15.0,0.53,15.0,0.12,0.12,44.899895,1776164040000
1776164042.097,242.097,0.73,6.0,0.58,8.0,0.49,15.0,0.48,15.0,0.47,15.0,0.85,15.0,0.86,15.0,0.87,43.0,0.88,15.0,0.89,15.0,0.15,15.0,0.14,15.0,0.13,43.0,0.12,15.0,0.11,15.0,0.27,6.0,0.42,8.0,0.51,15.0,0.52,15.0,0.53,15.0,0.12,0.12,44.899147,1776164041000
1776164042.353,242.353,0.6,4.39,0.44,11.0,0.38,15.0,0.37,15.0,0.36,15.0,0.77,10.0,0.79,23.0,0.82,15.0,0.83,21.0,0.84,15.0,0.15,15.0,0.14,15.0,0.13,43.0,0.12,15.0,0.11,15.0,0.27,6.0,0.42,8.0,0.51,15.0,0.52,15.0,0.53,15.0,0.17,0.12,44.899147,1776164041000
1776164042.847,242.847,0.39,15.0,0.38,15.0,0.37,15.0,0.36,15.0,0.35,15.0,0.69,5.0,0.82,15.0,0.83,21.0,0.84,46.0,0.85,15.0,0.23,10.0,0.21,23.0,0.18,15.0,0.17,21.0,0.16,15.0,0.4,4.39,0.56,11.0,0.62,15.0,0.63,15.0,0.64,15.0,0.3,0.17,44.899147,1776164041000
1776164043.454,243.454,0.39,15.0,0.38,15.0,0.37,15.0,0.36,15.0,0.35,15.0,0.69,5.0,0.82,15.0,0.83,21.0,0.84,46.0,0.85,15.0,0.31,5.0,0.18,15.0,0.17,21.0,0.16,46.0,0.15,15.0,0.61,15.0,0.62,15.0,0.63,15.0,0.64,15.0,0.65,15.0,0.3,0.3,44.897534,1776164042000
1776164044.043,244.043,0.39,15.0,0.38,15.0,0.37,15.0,0.36,15.0,0.35,15.0,0.69,5.0,0.82,15.0,0.83,21.0,0.84,46.0,0.85,15.0,0.31,5.0,0.18,15.0,0.17,21.0,0.16,46.0,0.15,15.0,0.61,15.0,0.62,15.0,0.63,15.0,0.64,15.0,0.65,15.0,0.3,0.3,44.892657,1776164043000
1776164045.198,245.198,0.39,15.0,0.38,15.0,0.37,15.0,0.36,15.0,0.35,15.0,0.69,5.0,0.82,15.0,0.83,21.0,0.84,46.0,0.85,15.0,0.31,5.0,0.18,15.0,0.17,21.0,0.16,46.0,0.15,15.0,0.61,15.0,0.62,15.0,0.63,15.0,0.64,15.0,0.65,15.0,0.3,0.3,44.885096,1776164044000
1776164046.407,246.407,0.39,15.0,0.38,15.0,0.37,15.0,0.36,15.0,0.35,15.0,0.69,5.0,0.82,15.0,0.83,21.0,0.84,46.0,0.85,15.0,0.31,5.0,0.18,15.0,0.17,21.0,0.16,46.0,0.15,15.0,0.61,15.0,0.62,15.0,0.63,15.0,0.64,15.0,0.65,15.0,0.3,0.3,44.882083,1776164045000
1776164047.316,247.316,0.39,15.0,0.38,15.0,0.37,15.0,0.36,15.0,0.35,15.0,0.69,5.0,0.82,15.0,0.83,21.0,0.84,46.0,0.85,15.0,0.31,5.0,0.18,15.0,0.17,21.0,0.16,46.0,0.15,15.0,0.61,15.0,0.62,15.0,0.63,15.0,0.64,15.0,0.65,15.0,0.3,0.3,44.882165,1776164046000
1776164047.927,247.927,0.39,15.0,0.38,15.0,0.37,15.0,0.36,15.0,0.35,15.0,0.69,5.0,0.82,15.0,0.83,21.0,0.84,46.0,0.85,15.0,0.31,5.0,0.18,15.0,0.17,21.0,0.16,46.0,0.15,15.0,0.61,15.0,0.62,15.0,0.63,15.0,0.64,15.0,0.65,15.0,0.3,0.3,44.882165,1776164047000
1776164049.129,249.129,0.39,15.0,0.38,15.0,0.37,15.0,0.36,15.0,0.35,15.0,0.69,5.0,0.82,15.0,0.83,21.0,0.84,46.0,0.85,15.0,0.31,5.0,0.18,15.0,0.17,21.0,0.16,46.0,0.15,15.0,0.61,15.0,0.62,15.0,0.63,15.0,0.64,15.0,0.65,15.0,0.3,0.3,44.881899,1776164048000
1776164050.217,250.217,0.39,15.0,0.38,15.0,0.37,15.0,0.36,15.0,0.35,15.0,0.69,5.0,0.82,15.0,0.83,21.0,0.84,46.0,0.85,15.0,0.31,5.0,0.18,15.0,0.17,21.0,0.16,46.0,0.15,15.0,0.61,15.0,0.62,15.0,0.63,15.0,0.64,15.0,0.65,15.0,0.3,0.3,44.878514,1776164049000
1776164051.397,251.397,0.39,15.0,0.38,15.0,0.37,15.0,0.36,15.0,0.35,15.0,0.69,5.0,0.82,15.0,0.83,21.0,0.84,46.0,0.85,15.0,0.31,5.0,0.18,15.0,0.17,21.0,0.16,46.0,0.15,15.0,0.61,15.0,0.62,15.0,0.63,15.0,0.64,15.0,0.65,15.0,0.3,0.3,44.877408,1776164050000
1776164051.982,251.982,0.39,15.0,0.38,15.0,0.37,15.0,0.36,15.0,0.35,15.0,0.69,5.0,0.82,15.0,0.83,21.0,0.84,46.0,0.85,15.0,0.31,5.0,0.18,15.0,0.17,21.0,0.16,46.0,0.15,15.0,0.61,15.0,0.62,15.0,0.63,15.0,0.64,15.0,0.65,15.0,0.3,0.3,44.876499,1776164051000
1776164053.099,253.099,0.39,15.0,0.38,15.0,0.37,15.0,0.36,15.0,0.35,15.0,0.69,5.0,0.82,15.0,0.83,21.0,0.84,46.0,0.85,15.0,0.31,5.0,0.18,15.0,0.17,21.0,0.16,46.0,0.15,15.0,0.61,15.0,0.62,15.0,0.63,15.0,0.64,15.0,0.65,15.0,0.3,0.3,44.872496,1776164052000
1776164054.222,254.222,0.39,15.0,0.38,15.0,0.37,15.0,0.36,15.0,0.35,15.0,0.69,5.0,0.82,15.0,0.83,21.0,0.84,46.0,0.85,15.0,0.31,5.0,0.18,15.0,0.17,21.0,0.16,46.0,0.15,15.0,0.61,15.0,0.62,15.0,0.63,15.0,0.64,15.0,0.65,15.0,0.3,0.3,44.870276,1776164053000
1776164055.425,255.425,0.39,15.0,0.38,15.0,0.37,15.0,0.36,15.0,0.35,15.0,0.69,5.0,0.82,15.0,0.83,21.0,0.84,46.0,0.85,15.0,0.31,5.0,0.18,15.0,0.17,21.0,0.16,46.0,0.15,15.0,0.61,15.0,0.62,15.0,0.63,15.0,0.64,15.0,0.65,15.0,0.3,0.3,44.871378,1776164054000
1776164056.138,256.138,0.39,15.0,0.38,15.0,0.37,15.0,0.36,15.0,0.35,15.0,0.69,5.0,0.82,15.0,0.83,21.0,0.84,46.0,0.85,15.0,0.31,5.0,0.18,15.0,0.17,21.0,0.16,46.0,0.15,15.0,0.61,15.0,0.62,15.0,0.63,15.0,0.64,15.0,0.65,15.0,0.3,0.3,44.871378,1776164055000
1776164057.114,257.114,0.39,15.0,0.38,15.0,0.37,15.0,0.36,15.0,0.35,15.0,0.69,5.0,0.82,15.0,0.83,21.0,0.84,46.0,0.85,15.0,0.31,5.0,0.18,15.0,0.17,21.0,0.16,46.0,0.15,15.0,0.61,15.0,0.62,15.0,0.63,15.0,0.64,15.0,0.65,15.0,0.3,0.3,44.871398,1776164056000
1776164058.24,258.24,0.39,15.0,0.38,15.0,0.37,15.0,0.36,15.0,0.35,15.0,0.69,5.0,0.82,15.0,0.83,21.0,0.84,46.0,0.85,15.0,0.31,5.0,0.18,15.0,0.17,21.0,0.16,46.0,0.15,15.0,0.61,15.0,0.62,15.0,0.63,15.0,0.64,15.0,0.65,15.0,0.3,0.3,44.871372,1776164057000
1776164059.317,259.317,0.39,15.0,0.38,15.0,0.37,15.0,0.36,15.0,0.35,15.0,0.69,5.0,0.82,15.0,0.83,21.0,0.84,46.0,0.85,15.0,0.31,5.0,0.18,15.0,0.17,21.0,0.16,46.0,0.15,15.0,0.61,15.0,0.62,15.0,0.63,15.0,0.64,15.0,0.65,15.0,0.3,0.3,44.871423,1776164058000
1776164060.458,260.458,0.39,15.0,0.38,15.0,0.37,15.0,0.36,15.0,0.35,15.0,0.69,5.0,0.82,15.0,0.83,21.0,0.84,46.0,0.85,15.0,0.31,5.0,0.18,15.0,0.17,21.0,0.16,46.0,0.15,15.0,0.61,15.0,0.62,15.0,0.63,15.0,0.64,15.0,0.65,15.0,0.3,0.3,44.871423,1776164059000
1776164060.966,260.966,0.39,15.0,0.38,15.0,0.37,15.0,0.36,15.0,0.35,15.0,0.69,5.0,0.82,15.0,0.83,21.0,0.84,46.0,0.85,15.0,0.31,5.0,0.18,15.0,0.17,21.0,0.16,46.0,0.15,15.0,0.61,15.0,0.62,15.0,0.63,15.0,0.64,15.0,0.65,15.0,0.3,0.3,44.871423,1776164060000
1776164061.993,261.993,0.32,15.0,0.31,15.0,0.3,15.0,0.29,15.0,0.28,25.0,0.45,3.0,0.52,15.0,0.53,15.0,0.54,15.0,0.55,15.0,0.31,5.0,0.18,15.0,0.17,21.0,0.16,46.0,0.15,15.0,0.61,15.0,0.62,15.0,0.63,15.0,0.64,15.0,0.65,15.0,0.13,0.3,44.871423,1776164060000
1776164063.319,263.319,0.32,15.0,0.31,15.0,0.3,15.0,0.29,15.0,0.28,25.0,0.45,3.0,0.52,15.0,0.53,15.0,0.54,15.0,0.55,15.0,0.55,3.0,0.48,15.0,0.47,15.0,0.46,15.0,0.45,15.0,0.68,15.0,0.69,15.0,0.7,15.0,0.71,15.0,0.72,25.0,0.13,0.13,44.870214,1776164062000
1776164064.587,264.587,0.32,15.0,0.31,15.0,0.3,15.0,0.29,15.0,0.28,25.0,0.45,3.0,0.52,15.0,0.53,15.0,0.54,15.0,0.55,15.0,0.55,3.0,0.48,15.0,0.47,15.0,0.46,15.0,0.45,15.0,0.68,15.0,0.69,15.0,0.7,15.0,0.71,15.0,0.72,25.0,0.13,0.13,44.870084,1776164063000
1776164065.192,265.192,0.32,15.0,0.31,15.0,0.3,15.0,0.29,15.0,0.28,25.0,0.45,3.0,0.52,15.0,0.53,15.0,0.54,15.0,0.55,15.0,0.55,3.0,0.48,15.0,0.47,15.0,0.46,15.0,0.45,15.0,0.68,15.0,0.69,15.0,0.7,15.0,0.71,15.0,0.72,25.0,0.13,0.13,44.869765,1776164064000
1776164066.302,266.302,0.32,15.0,0.31,15.0,0.3,15.0,0.29,15.0,0.28,25.0,0.45,3.0,0.52,15.0,0.53,15.0,0.54,15.0,0.55,15.0,0.55,3.0,0.48,15.0,0.47,15.0,0.46,15.0,0.45,15.0,0.68,15.0,0.69,15.0,0.7,15.0,0.71,15.0,0.72,25.0,0.13,0.13,44.869713,1776164065000
1776164067.067,267.067,0.14,11.54,0.13,15.0,0.12,15.0,0.11,15.0,0.1,15.0,0.23,10.0,0.4,15.0,0.41,23.0,0.42,15.0,0.43,15.0,0.55,3.0,0.48,15.0,0.47,15.0,0.46,15.0,0.45,15.0,0.68,15.0,0.69,15.0,0.7,15.0,0.71,15.0,0.72,25.0,0.09,0.13,44.869713,1776164065000
1776164067.539,267.539,0.14,11.54,0.13,15.0,0.12,15.0,0.11,15.0,0.1,15.0,0.23,10.0,0.4,15.0,0.41,23.0,0.42,15.0,0.43,15.0,0.77,10.0,0.6,15.0,0.59,23.0,0.58,15.0,0.57,15.0,0.86,11.54,0.87,15.0,0.88,15.0,0.89,15.0,0.9,15.0,0.09,0.09,44.86961,1776164066000
1776164068.156,268.156,0.14,11.54,0.13,15.0,0.12,15.0,0.11,15.0,0.1,15.0,0.23,10.0,0.4,15.0,0.41,23.0,0.42,15.0,0.43,15.0,0.77,10.0,0.6,15.0,0.59,23.0,0.58,15.0,0.57,15.0,0.86,11.54,0.87,15.0,0.88,15.0,0.89,15.0,0.9,15.0,0.09,0.09,44.868603,1776164067000
1776164068.882,268.882,0.23,10.0,0.17,29.0,0.13,15.0,0.12,15.0,0.11,15.0,0.27,3.33,0.37,15.0,0.38,15.0,0.39,15.0,0.4,25.0,0.77,10.0,0.6,15.0,0.59,23.0,0.58,15.0,0.57,15.0,0.86,11.54,0.87,15.0,0.88,15.0,0.89,15.0,0.9,15.0,0.04,0.09,44.868603,1776164067000
1776164069.456,269.456,0.23,10.0,0.17,29.0,0.13,15.0,0.12,15.0,0.11,15.0,0.27,3.33,0.37,15.0,0.38,15.0,0.39,15.0,0.4,25.0,0.73,3.33,0.63,15.0,0.62,15.0,0.61,15.0,0.6,25.0,0.77,10.0,0.83,29.0,0.87,15.0,0.88,15.0,0.89,15.0,0.04,0.04,44.865883,1776164068000
1776164070.135,270.135,0.23,10.0,0.17,29.0,0.13,15.0,0.12,15.0,0.11,15.0,0.27,3.33,0.37,15.0,0.38,15.0,0.39,15.0,0.4,25.0,0.73,3.33,0.63,15.0,0.62,15.0,0.61,15.0,0.6,25.0,0.77,10.0,0.83,29.0,0.87,15.0,0.88,15.0,0.89,15.0,0.04,0.04,44.864394,1776164069000
1776164071.347,271.347,0.23,10.0,0.17,29.0,0.13,15.0,0.12,15.0,0.11,15.0,0.27,3.33,0.37,15.0,0.38,15.0,0.39,15.0,0.4,25.0,0.73,3.33,0.63,15.0,0.62,15.0,0.61,15.0,0.6,25.0,0.77,10.0,0.83,29.0,0.87,15.0,0.88,15.0,0.89,15.0,0.04,0.04,44.86593,1776164070000
1776164071.648,271.648,0.17,33.8,0.16,15.0,0.15,15.0,0.14,15.0,0.13,15.0,0.27,3.33,0.4,10.0,0.42,15.0,0.43,15.0,0.44,15.0,0.73,3.33,0.6,10.0,0.58,15.0,0.57,15.0,0.56,15.0,0.83,33.8,0.84,15.0,0.85,15.0,0.86,15.0,0.87,15.0,0.1,0.1,44.86593,1776164070000
1776164071.949,271.949,0.17,28.75,0.16,15.0,0.15,15.0,0.14,15.0,0.13,15.0,0.27,3.33,0.4,10.0,0.42,15.0,0.43,15.0,0.44,15.0,0.73,3.33,0.6,10.0,0.58,15.0,0.57,15.0,0.56,15.0,0.83,28.75,0.84,15.0,0.85,15.0,0.86,15.0,0.87,15.0,0.1,0.1,44.866955,1776164071000
1776164072.485,272.485,0.19,25.0,0.18,15.0,0.17,28.75,0.16,15.0,0.15,15.0,0.36,1.49,0.42,15.0,0.43,15.0,0.44,15.0,0.45,15.0,0.73,3.33,0.6,10.0,0.58,15.0,0.57,15.0,0.56,15.0,0.83,28.75,0.84,15.0,0.85,15.0,0.86,15.0,0.87,15.0,0.17,0.1,44.866955,1776164071000
1776164073.144,273.144,0.19,25.0,0.18,15.0,0.17,28.75,0.16,15.0,0.15,15.0,0.36,1.49,0.42,15.0,0.43,15.0,0.44,15.0,0.45,15.0,0.64,1.49,0.58,15.0,0.57,15.0,0.56,15.0,0.55,15.0,0.81,25.0,0.82,15.0,0.83,28.75,0.84,15.0,0.85,15.0,0.17,0.17,44.866265,1776164072000
1776164074.413,274.413,0.19,25.0,0.18,15.0,0.17,28.75,0.16,15.0,0.15,15.0,0.36,1.49,0.42,15.0,0.43,15.0,0.44,15.0,0.45,15.0,0.64,1.49,0.58,15.0,0.57,15.0,0.56,15.0,0.55,15.0,0.81,25.0,0.82,15.0,0.83,28.75,0.84,15.0,0.85,15.0,0.17,0.17,44.875241,1776164073000
1776164074.836,274.836,0.23,10.96,0.22,15.0,0.21,15.0,0.2,25.0,0.19,15.0,0.37,10.0,0.4,15.0,0.41,15.0,0.42,15.0,0.43,15.0,0.64,1.49,0.58,15.0,0.57,15.0,0.56,15.0,0.55,15.0,0.81,25.0,0.82,15.0,0.83,28.75,0.84,15.0,0.85,15.0,0.14,0.17,44.875241,1776164073000
1776164075.322,275.322,0.23,9.66,0.22,15.0,0.21,15.0,0.2,25.0,0.19,15.0,0.37,10.0,0.4,15.0,0.41,15.0,0.42,15.0,0.43,15.0,0.63,10.0,0.6,15.0,0.59,15.0,0.58,15.0,0.57,15.0,0.77,9.66,0.78,15.0,0.79,15.0,0.8,25.0,0.81,15.0,0.14,0.14,44.875238,1776164074000
1776164076.064,276.064,0.23,9.66,0.22,15.0,0.21,15.0,0.2,25.0,0.19,15.0,0.37,10.0,0.4,15.0,0.41,15.0,0.42,15.0,0.43,15.0,0.63,10.0,0.6,15.0,0.59,15.0,0.58,15.0,0.57,15.0,0.77,9.66,0.78,15.0,0.79,15.0,0.8,25.0,0.81,15.0,0.14,0.14,44.875243,1776164075000
1776164077.474,277.474,0.05,100.0,0.03,166.0,0.02,5.0,0.01,1401.09,,,0.8,20.05,0.95,22.0,0.96,100.0,0.98,5.0,0.99,1401.09,0.63,10.0,0.6,15.0,0.59,15.0,0.58,15.0,0.57,15.0,0.77,9.66,0.78,15.0,0.79,15.0,0.8,25.0,0.81,15.0,0.75,0.14,44.875243,1776164075000
1776164078.096,278.096,0.05,100.0,0.03,166.0,0.02,5.0,0.01,1401.09,,,0.8,20.05,0.95,22.0,0.96,100.0,0.98,5.0,0.99,1401.09,0.2,20.05,0.05,22.0,0.04,100.0,0.02,5.0,0.01,1401.09,0.95,100.0,0.97,166.0,0.98,5.0,0.99,1401.09,,,0.75,0.75,44.874314,1776164077000
1776164078.537,278.537,0.74,10.0,0.67,7.0,0.29,64.0,0.05,22.0,0.04,100.0,0.95,96.87,0.98,5.0,0.99,1401.09,,,,,0.2,20.05,0.05,22.0,0.04,100.0,0.02,5.0,0.01,1401.09,0.95,100.0,0.97,166.0,0.98,5.0,0.99,1401.09,,,0.21,0.75,44.874314,1776164077000
1776164079.133,279.133,0.74,10.0,0.67,7.0,0.29,64.0,0.05,22.0,0.04,100.0,0.95,96.87,0.98,5.0,0.99,1401.09,,,,,0.05,96.87,0.02,5.0,0.01,1401.09,,,,,0.26,10.0,0.33,7.0,0.71,64.0,0.95,22.0,0.96,100.0,0.21,0.21,44.876844,1776164078000
1776164080.142,280.142,0.74,10.0,0.67,7.0,0.29,64.0,0.05,22.0,0.04,100.0,0.95,96.87,0.98,5.0,0.99,1401.09,,,,,0.05,96.87,0.02,5.0,0.01,1401.09,,,,,0.26,10.0,0.33,7.0,0.71,64.0,0.95,22.0,0.96,100.0,0.21,0.21,44.885623,1776164079000
1776164081.251,281.251,0.73,10.0,0.63,7.0,0.1,100.0,0.02,5.0,0.01,1401.09,0.9,8.73,0.98,105.0,0.99,1901.09,,,,,0.05,96.87,0.02,5.0,0.01,1401.09,,,,,0.26,10.0,0.33,7.0,0.71,64.0,0.95,22.0,0.96,100.0,0.17,0.21,44.885623,1776164079000
1776164082.392,282.392,0.73,10.0,0.63,7.0,0.1,100.0,0.02,5.0,0.01,1401.09,0.9,8.73,0.98,105.0,0.99,1901.09,,,,,0.1,8.73,0.02,105.0,0.01,1901.09,,,,,0.27,10.0,0.37,7.0,0.9,100.0,0.98,5.0,0.99,1401.09,0.17,0.17,44.883982,1776164081000
1776164083.448,283.448,0.73,10.0,0.63,7.0,0.1,100.0,0.02,5.0,0.01,1401.09,0.9,8.73,0.98,105.0,0.99,1901.09,,,,,0.1,8.73,0.02,105.0,0.01,1901.09,,,,,0.27,10.0,0.37,7.0,0.9,100.0,0.98,5.0,0.99,1401.09,0.17,0.17,44.887458,1776164082000
1776164084.002,284.002,0.73,10.0,0.63,7.0,0.1,100.0,0.02,5.0,0.01,1401.09,0.9,8.73,0.98,105.0,0.99,1901.09,,,,,0.1,8.73,0.02,105.0,0.01,1901.09,,,,,0.27,10.0,0.37,7.0,0.9,100.0,0.98,5.0,0.99,1401.09,0.17,0.17,44.887458,1776164083000
1776164084.53,284.53,0.37,5.28,0.11,45.0,0.1,100.0,0.02,5.0,0.01,1401.09,0.54,10.0,0.77,21.0,0.98,105.0,0.99,301.09,,,0.1,8.73,0.02,105.0,0.01,1901.09,,,,,0.27,10.0,0.37,7.0,0.9,100.0,0.98,5.0,0.99,1401.09,0.17,0.17,44.887458,1776164083000
1776164085.121,285.121,0.37,5.28,0.11,45.0,0.1,100.0,0.02,5.0,0.01,1401.09,0.54,10.0,0.77,21.0,0.98,105.0,0.99,301.09,,,0.46,10.0,0.23,21.0,0.02,105.0,0.01,301.09,,,0.63,5.28,0.89,45.0,0.9,100.0,0.98,5.0,0.99,1401.09,0.17,0.17,44.885171,1776164084000
1776164086.184,286.184,0.37,5.28,0.11,45.0,0.1,100.0,0.02,5.0,0.01,1401.09,0.54,10.0,0.77,21.0,0.98,105.0,0.99,301.09,,,0.46,10.0,0.23,21.0,0.02,105.0,0.01,301.09,,,0.63,5.28,0.89,45.0,0.9,100.0,0.98,5.0,0.99,1401.09,0.17,0.17,44.879496,1776164085000
1776164087.271,287.271,0.37,5.28,0.11,45.0,0.1,100.0,0.02,5.0,0.01,1401.09,0.54,10.0,0.77,21.0,0.98,105.0,0.99,301.09,,,0.46,10.0,0.23,21.0,0.02,105.0,0.01,301.09,,,0.63,5.28,0.89,45.0,0.9,100.0,0.98,5.0,0.99,1401.09,0.17,0.17,44.876993,1776164086000
1776164088.219,288.219,0.37,5.28,0.11,45.0,0.1,100.0,0.02,5.0,0.01,1401.09,0.54,10.0,0.77,21.0,0.98,105.0,0.99,301.09,,,0.46,10.0,0.23,21.0,0.02,105.0,0.01,301.09,,,0.63,5.28,0.89,45.0,0.9,100.0,0.98,5.0,0.99,1401.09,0.17,0.17,44.876649,1776164087000
1776164089.405,289.405,0.37,5.28,0.11,45.0,0.1,100.0,0.02,5.0,0.01,1401.09,0.54,10.0,0.77,21.0,0.98,105.0,0.99,301.09,,,0.46,10.0,0.23,21.0,0.02,105.0,0.01,301.09,,,0.63,5.28,0.89,45.0,0.9,100.0,0.98,5.0,0.99,1401.09,0.17,0.17,44.876587,1776164088000
1776164089.923,289.923,0.37,5.28,0.11,45.0,0.1,100.0,0.02,5.0,0.01,1401.09,0.54,10.0,0.77,21.0,0.98,105.0,0.99,301.09,,,0.46,10.0,0.23,21.0,0.02,105.0,0.01,301.09,,,0.63,5.28,0.89,45.0,0.9,100.0,0.98,5.0,0.99,1401.09,0.17,0.17,44.875039,1776164089000
1776164091.299,291.299,0.37,5.28,0.11,45.0,0.1,100.0,0.02,5.0,0.01,1401.09,0.54,10.0,0.77,21.0,0.98,105.0,0.99,301.09,,,0.46,10.0,0.23,21.0,0.02,105.0,0.01,301.09,,,0.63,5.28,0.89,45.0,0.9,100.0,0.98,5.0,0.99,1401.09,0.17,0.17,44.873546,1776164090000
1776164092.354,292.354,0.37,5.28,0.11,45.0,0.1,100.0,0.02,5.0,0.01,1401.09,0.54,10.0,0.77,21.0,0.98,105.0,0.99,301.09,,,0.46,10.0,0.23,21.0,0.02,105.0,0.01,301.09,,,0.63,5.28,0.89,45.0,0.9,100.0,0.98,5.0,0.99,1401.09,0.17,0.17,44.874485,1776164091000
1776164093.362,293.362,0.37,5.28,0.11,45.0,0.1,100.0,0.02,5.0,0.01,1401.09,0.54,10.0,0.77,21.0,0.98,105.0,0.99,301.09,,,0.46,10.0,0.23,21.0,0.02,105.0,0.01,301.09,,,0.63,5.28,0.89,45.0,0.9,100.0,0.98,5.0,0.99,1401.09,0.17,0.17,44.875623,1776164092000
1776164093.679,293.679,0.43,4.11,0.11,45.0,0.1,10.0,0.05,122.0,0.04,25.0,0.6,10.0,0.77,21.0,0.9,10.0,0.96,125.0,0.98,5.0,0.39,10.0,0.23,21.0,0.1,10.0,0.04,125.0,0.02,5.0,0.56,4.28,0.89,45.0,0.9,10.0,0.95,122.0,0.96,25.0,0.17,0.17,44.875623,1776164092000
1776164094.329,294.329,0.43,4.11,0.11,45.0,0.1,10.0,0.05,122.0,0.04,25.0,0.6,10.0,0.77,21.0,0.9,10.0,0.96,125.0,0.98,5.0,0.4,10.0,0.23,21.0,0.1,10.0,0.04,125.0,0.02,5.0,0.57,4.11,0.89,45.0,0.9,10.0,0.95,122.0,0.96,25.0,0.17,0.17,44.875946,1776164093000
1776164094.812,294.812,0.43,4.11,0.11,45.0,0.1,10.0,0.05,122.0,0.04,25.0,0.6,10.0,0.77,21.0,0.9,10.0,0.96,125.0,0.98,5.0,0.4,10.0,0.23,21.0,0.1,10.0,0.04,125.0,0.02,5.0,0.57,4.11,0.89,45.0,0.9,10.0,0.95,122.0,0.96,25.0,0.17,0.17,44.878446,1776164094000
1776164096.529,296.529,0.43,4.11,0.11,45.0,0.1,10.0,0.05,122.0,0.04,25.0,0.6,10.0,0.77,21.0,0.9,10.0,0.96,125.0,0.98,5.0,0.4,10.0,0.23,21.0,0.1,10.0,0.04,125.0,0.02,5.0,0.57,4.11,0.89,45.0,0.9,10.0,0.95,122.0,0.96,25.0,0.17,0.17,44.878451,1776164095000
1776164096.863,296.863,0.1,10.0,0.05,22.0,0.04,25.0,0.02,5.0,0.01,1341.09,0.62,1.95,0.9,10.0,0.96,25.0,0.98,5.0,0.99,1341.09,0.38,1.95,0.1,10.0,0.04,25.0,0.02,5.0,0.01,1341.09,0.9,10.0,0.95,22.0,0.96,25.0,0.98,5.0,0.99,1341.09,0.52,0.52,44.875856,1776164096000
1776164097.807,297.807,0.1,10.0,0.05,22.0,0.04,25.0,0.02,5.0,0.01,259.09,0.99,254.09,,,,,,,,,0.37,10.0,0.1,10.0,0.04,25.0,0.02,5.0,0.01,1341.09,0.54,1.57,0.9,10.0,0.95,22.0,0.96,25.0,0.98,5.0,0.89,0.17,44.875856,1776164096000
1776164098.242,298.242,0.61,6.0,0.51,7.0,0.41,8.0,0.31,9.0,0.21,10.0,0.78,5.0,0.99,249.09,,,,,,,0.01,254.09,,,,,,,,,0.9,10.0,0.95,22.0,0.96,25.0,0.98,5.0,0.99,259.09,0.17,0.89,44.878412,1776164097000
1776164098.554,298.554,0.62,8.74,0.61,6.0,0.51,7.0,0.41,8.0,0.31,9.0,0.99,249.09,,,,,,,,,0.22,5.0,0.01,249.09,,,,,,,0.39,6.0,0.49,7.0,0.59,8.0,0.69,9.0,0.79,10.0,0.37,0.17,44.878412,1776164097000
1776164098.915,298.915,0.62,8.74,0.61,6.0,0.51,7.0,0.41,8.0,0.31,9.0,0.99,249.09,,,,,,,,,0.01,249.09,,,,,,,,,0.38,8.74,0.39,6.0,0.49,7.0,0.59,8.0,0.69,9.0,0.37,0.37,44.878411,1776164098000
1776164100.263,300.263,0.8,37.63,0.77,15.0,0.7,7.0,0.69,10.0,0.61,6.0,0.86,6.54,0.99,249.09,,,,,,,0.14,6.54,0.01,249.09,,,,,,,0.2,37.63,0.23,15.0,0.3,7.0,0.31,10.0,0.39,6.0,0.06,0.06,44.876126,1776164099000
1776164101.33,301.33,0.84,5.0,0.8,37.63,0.77,20.0,0.75,6.0,0.7,10.0,0.99,239.09,,,,,,,,,0.01,239.09,,,,,,,,,0.16,5.0,0.2,37.63,0.23,20.0,0.25,6.0,0.3,10.0,0.15,0.15,44.875068,1776164100000

# RESULT,winner=Down,slug=hype-updown-5m-1776163800,ticks=310
