timestamp,elapsed_sec,up_bid_p1,up_bid_s1,up_bid_p2,up_bid_s2,up_bid_p3,up_bid_s3,up_bid_p4,up_bid_s4,up_bid_p5,up_bid_s5,up_ask_p1,up_ask_s1,up_ask_p2,up_ask_s2,up_ask_p3,up_ask_s3,up_ask_p4,up_ask_s4,up_ask_p5,up_ask_s5,down_bid_p1,down_bid_s1,down_bid_p2,down_bid_s2,down_bid_p3,down_bid_s3,down_bid_p4,down_bid_s4,down_bid_p5,down_bid_s5,down_ask_p1,down_ask_s1,down_ask_p2,down_ask_s2,down_ask_p3,down_ask_s3,down_ask_p4,down_ask_s4,down_ask_p5,down_ask_s5,up_spread,down_spread,hype_price,hype_oracle_ts
1776166511.547,11.547,0.4,10.0,0.36,5.0,0.35,5.0,0.34,5.0,0.33,20.0,0.57,21.0,0.6,5.0,0.61,5.0,0.62,5.0,0.63,5.0,0.43,21.0,0.4,5.0,0.39,5.0,0.38,5.0,0.37,5.0,0.6,10.0,0.64,5.0,0.65,5.0,0.66,5.0,0.67,20.0,0.17,0.17,44.918213,1776166510000
1776166511.999,11.999,0.4,10.0,0.36,5.0,0.35,5.0,0.34,5.0,0.33,20.0,0.57,21.0,0.6,5.0,0.61,5.0,0.62,5.0,0.63,5.0,0.43,21.0,0.4,5.0,0.39,5.0,0.38,5.0,0.37,5.0,0.6,10.0,0.64,5.0,0.65,5.0,0.66,5.0,0.67,20.0,0.17,0.17,44.918213,1776166510000
1776166512.99,12.99,0.4,10.0,0.36,5.0,0.35,5.0,0.34,5.0,0.33,20.0,0.57,21.0,0.6,5.0,0.61,5.0,0.62,5.0,0.63,5.0,0.43,21.0,0.4,5.0,0.39,5.0,0.38,5.0,0.37,5.0,0.6,10.0,0.64,5.0,0.65,5.0,0.66,5.0,0.67,20.0,0.17,0.17,44.917808,1776166512000
1776166513.958,13.958,0.4,10.0,0.36,5.0,0.35,5.0,0.34,5.0,0.33,20.0,0.57,21.0,0.6,5.0,0.61,5.0,0.62,5.0,0.63,5.0,0.43,21.0,0.4,5.0,0.39,5.0,0.38,5.0,0.37,5.0,0.6,10.0,0.64,5.0,0.65,5.0,0.66,5.0,0.67,20.0,0.17,0.17,44.9183,1776166513000
1776166514.998,14.998,0.4,10.0,0.36,5.0,0.35,5.0,0.34,5.0,0.33,20.0,0.57,21.0,0.6,5.0,0.61,5.0,0.62,5.0,0.63,5.0,0.43,21.0,0.4,5.0,0.39,5.0,0.38,5.0,0.37,5.0,0.6,10.0,0.64,5.0,0.65,5.0,0.66,5.0,0.67,20.0,0.17,0.17,44.918314,1776166514000
1776166516.081,16.081,0.4,10.0,0.36,5.0,0.35,5.0,0.34,5.0,0.33,20.0,0.57,21.0,0.6,5.0,0.61,5.0,0.62,5.0,0.63,5.0,0.43,21.0,0.4,5.0,0.39,5.0,0.38,5.0,0.37,5.0,0.6,10.0,0.64,5.0,0.65,5.0,0.66,5.0,0.67,20.0,0.17,0.17,44.918271,1776166515000
1776166517.043,17.043,0.4,10.0,0.36,5.0,0.35,5.0,0.34,5.0,0.33,20.0,0.57,21.0,0.6,5.0,0.61,5.0,0.62,5.0,0.63,5.0,0.43,21.0,0.4,5.0,0.39,5.0,0.38,5.0,0.37,5.0,0.6,10.0,0.64,5.0,0.65,5.0,0.66,5.0,0.67,20.0,0.17,0.17,44.917136,1776166516000
1776166518.083,18.083,0.4,10.0,0.36,5.0,0.35,5.0,0.34,5.0,0.33,20.0,0.57,21.0,0.6,5.0,0.61,5.0,0.62,5.0,0.63,5.0,0.43,21.0,0.4,5.0,0.39,5.0,0.38,5.0,0.37,5.0,0.6,10.0,0.64,5.0,0.65,5.0,0.66,5.0,0.67,20.0,0.17,0.17,44.917222,1776166517000
1776166518.931,18.931,0.43,10.0,0.42,11.9,0.39,5.0,0.38,5.0,0.37,18.0,0.45,4.09,0.6,10.0,0.61,12.0,0.63,5.0,0.64,5.0,0.43,21.0,0.4,5.0,0.39,5.0,0.38,5.0,0.37,5.0,0.6,10.0,0.64,5.0,0.65,5.0,0.66,5.0,0.67,20.0,0.02,0.17,44.917222,1776166517000
1776166520.058,20.058,0.43,10.0,0.42,11.9,0.39,5.0,0.38,5.0,0.37,18.0,0.45,4.09,0.6,10.0,0.61,12.0,0.63,5.0,0.64,5.0,0.55,4.09,0.4,10.0,0.39,12.0,0.37,5.0,0.36,5.0,0.57,10.0,0.58,11.9,0.61,5.0,0.62,5.0,0.63,18.0,0.02,0.02,44.91705,1776166519000
1776166521.055,21.055,0.43,10.0,0.42,11.9,0.39,5.0,0.38,5.0,0.37,18.0,0.45,4.09,0.6,10.0,0.61,12.0,0.63,5.0,0.64,5.0,0.55,4.09,0.4,10.0,0.39,12.0,0.37,5.0,0.36,5.0,0.57,10.0,0.58,11.9,0.61,5.0,0.62,5.0,0.63,18.0,0.02,0.02,44.917675,1776166520000
1776166521.987,21.987,0.43,10.0,0.42,11.9,0.39,5.0,0.38,5.0,0.37,18.0,0.45,4.09,0.6,10.0,0.61,12.0,0.63,5.0,0.64,5.0,0.55,4.09,0.4,10.0,0.39,12.0,0.37,5.0,0.36,5.0,0.57,10.0,0.58,11.9,0.61,5.0,0.62,5.0,0.63,18.0,0.02,0.02,44.917679,1776166521000
1776166522.672,22.672,0.47,5.91,0.43,16.0,0.42,40.9,0.41,5.0,0.4,5.0,0.64,10.0,0.67,20.0,0.68,5.0,0.69,5.0,0.7,5.0,0.55,4.09,0.4,10.0,0.39,12.0,0.37,5.0,0.36,5.0,0.57,10.0,0.58,11.9,0.61,5.0,0.62,5.0,0.63,18.0,0.17,0.02,44.917679,1776166521000
1776166522.974,22.974,0.47,5.91,0.43,16.0,0.42,40.9,0.41,5.0,0.4,5.0,0.64,10.0,0.67,20.0,0.68,5.0,0.69,5.0,0.7,5.0,0.36,10.0,0.33,20.0,0.32,5.0,0.31,5.0,0.3,5.0,0.53,5.91,0.57,16.0,0.58,40.9,0.59,5.0,0.6,5.0,0.17,0.17,44.917751,1776166522000
1776166523.962,23.962,0.47,5.91,0.43,16.0,0.42,40.9,0.41,5.0,0.4,5.0,0.64,10.0,0.67,20.0,0.68,5.0,0.69,5.0,0.7,5.0,0.36,10.0,0.33,20.0,0.32,5.0,0.31,5.0,0.3,5.0,0.53,5.91,0.57,16.0,0.58,40.9,0.59,5.0,0.6,5.0,0.17,0.17,44.918408,1776166523000
1776166524.834,24.834,0.47,5.91,0.43,16.0,0.42,40.9,0.41,5.0,0.4,5.0,0.64,10.0,0.67,20.0,0.68,5.0,0.69,5.0,0.7,5.0,0.36,10.0,0.33,20.0,0.32,5.0,0.31,5.0,0.3,5.0,0.53,5.91,0.57,16.0,0.58,40.9,0.59,5.0,0.6,5.0,0.17,0.17,44.923823,1776166524000
1776166526.311,26.311,0.47,5.91,0.43,16.0,0.42,40.9,0.41,5.0,0.4,5.0,0.64,10.0,0.67,20.0,0.68,5.0,0.69,5.0,0.7,5.0,0.36,10.0,0.33,20.0,0.32,5.0,0.31,5.0,0.3,5.0,0.53,5.91,0.57,16.0,0.58,40.9,0.59,5.0,0.6,5.0,0.17,0.17,44.924867,1776166525000
1776166527.579,27.579,0.47,5.91,0.43,16.0,0.42,40.9,0.41,5.0,0.4,5.0,0.64,10.0,0.67,20.0,0.68,5.0,0.69,5.0,0.7,5.0,0.36,10.0,0.33,20.0,0.32,5.0,0.31,5.0,0.3,5.0,0.53,5.91,0.57,16.0,0.58,40.9,0.59,5.0,0.6,5.0,0.17,0.17,44.926109,1776166526000
1776166527.97,27.97,0.47,5.91,0.43,16.0,0.42,40.9,0.41,5.0,0.4,5.0,0.64,10.0,0.67,20.0,0.68,5.0,0.69,5.0,0.7,5.0,0.36,10.0,0.33,20.0,0.32,5.0,0.31,5.0,0.3,5.0,0.53,5.91,0.57,16.0,0.58,40.9,0.59,5.0,0.6,5.0,0.17,0.17,44.926148,1776166527000
1776166529.082,29.082,0.47,5.91,0.43,16.0,0.42,40.9,0.41,5.0,0.4,5.0,0.64,10.0,0.67,20.0,0.68,5.0,0.69,5.0,0.7,5.0,0.36,10.0,0.33,20.0,0.32,5.0,0.31,5.0,0.3,5.0,0.53,5.91,0.57,16.0,0.58,40.9,0.59,5.0,0.6,5.0,0.17,0.17,44.922654,1776166528000
1776166530.127,30.127,0.47,5.91,0.43,16.0,0.42,40.9,0.41,5.0,0.4,5.0,0.64,10.0,0.67,20.0,0.68,5.0,0.69,5.0,0.7,5.0,0.36,10.0,0.33,20.0,0.32,5.0,0.31,5.0,0.3,5.0,0.53,5.91,0.57,16.0,0.58,40.9,0.59,5.0,0.6,5.0,0.17,0.17,44.922657,1776166529000
1776166531.284,31.284,0.47,5.91,0.43,16.0,0.42,40.9,0.41,5.0,0.4,5.0,0.64,10.0,0.67,20.0,0.68,5.0,0.69,5.0,0.7,5.0,0.36,10.0,0.33,20.0,0.32,5.0,0.31,5.0,0.3,5.0,0.53,5.91,0.57,16.0,0.58,40.9,0.59,5.0,0.6,5.0,0.17,0.17,44.923049,1776166530000
1776166532.281,32.281,0.47,5.91,0.43,16.0,0.42,40.9,0.41,5.0,0.4,5.0,0.64,10.0,0.67,20.0,0.68,5.0,0.69,5.0,0.7,5.0,0.36,10.0,0.33,20.0,0.32,5.0,0.31,5.0,0.3,5.0,0.53,5.91,0.57,16.0,0.58,40.9,0.59,5.0,0.6,5.0,0.17,0.17,44.924839,1776166531000
1776166533.4,33.4,0.47,5.91,0.43,16.0,0.42,40.9,0.41,5.0,0.4,5.0,0.64,10.0,0.67,20.0,0.68,5.0,0.69,5.0,0.7,5.0,0.36,10.0,0.33,20.0,0.32,5.0,0.31,5.0,0.3,5.0,0.53,5.91,0.57,16.0,0.58,40.9,0.59,5.0,0.6,5.0,0.17,0.17,44.927902,1776166532000
1776166533.924,33.924,0.47,5.91,0.43,16.0,0.42,40.9,0.41,5.0,0.4,5.0,0.64,10.0,0.67,20.0,0.68,5.0,0.69,5.0,0.7,5.0,0.36,10.0,0.33,20.0,0.32,5.0,0.31,5.0,0.3,5.0,0.53,5.91,0.57,16.0,0.58,40.9,0.59,5.0,0.6,5.0,0.17,0.17,44.927902,1776166533000
1776166535.055,35.055,0.47,5.91,0.43,16.0,0.42,40.9,0.41,5.0,0.4,5.0,0.64,10.0,0.67,20.0,0.68,5.0,0.69,5.0,0.7,5.0,0.36,10.0,0.33,20.0,0.32,5.0,0.31,5.0,0.3,5.0,0.53,5.91,0.57,16.0,0.58,40.9,0.59,5.0,0.6,5.0,0.17,0.17,44.94469,1776166534000
1776166536.107,36.107,0.47,5.91,0.43,16.0,0.42,40.9,0.41,5.0,0.4,5.0,0.64,10.0,0.67,20.0,0.68,5.0,0.69,5.0,0.7,5.0,0.36,10.0,0.33,20.0,0.32,5.0,0.31,5.0,0.3,5.0,0.53,5.91,0.57,16.0,0.58,40.9,0.59,5.0,0.6,5.0,0.17,0.17,44.945621,1776166535000
1776166537.173,37.173,0.47,5.91,0.43,16.0,0.42,40.9,0.41,5.0,0.4,5.0,0.64,10.0,0.67,20.0,0.68,5.0,0.69,5.0,0.7,5.0,0.36,10.0,0.33,20.0,0.32,5.0,0.31,5.0,0.3,5.0,0.53,5.91,0.57,16.0,0.58,40.9,0.59,5.0,0.6,5.0,0.17,0.17,44.943816,1776166536000
1776166538.331,38.331,0.47,5.91,0.43,16.0,0.42,40.9,0.41,5.0,0.4,5.0,0.64,10.0,0.67,20.0,0.68,5.0,0.69,5.0,0.7,5.0,0.36,10.0,0.33,20.0,0.32,5.0,0.31,5.0,0.3,5.0,0.53,5.91,0.57,16.0,0.58,40.9,0.59,5.0,0.6,5.0,0.17,0.17,44.944989,1776166537000
1776166538.92,38.92,0.47,5.91,0.43,16.0,0.42,40.9,0.41,5.0,0.4,5.0,0.64,10.0,0.67,20.0,0.68,5.0,0.69,5.0,0.7,5.0,0.36,10.0,0.33,20.0,0.32,5.0,0.31,5.0,0.3,5.0,0.53,5.91,0.57,16.0,0.58,40.9,0.59,5.0,0.6,5.0,0.17,0.17,44.941569,1776166538000
1776166540.464,40.464,0.47,5.91,0.43,16.0,0.42,40.9,0.41,5.0,0.4,5.0,0.64,10.0,0.67,20.0,0.68,5.0,0.69,5.0,0.7,5.0,0.36,10.0,0.33,20.0,0.32,5.0,0.31,5.0,0.3,5.0,0.53,5.91,0.57,16.0,0.58,40.9,0.59,5.0,0.6,5.0,0.17,0.17,44.943699,1776166539000
1776166540.946,40.946,0.47,5.91,0.43,16.0,0.42,40.9,0.41,5.0,0.4,5.0,0.64,10.0,0.67,20.0,0.68,5.0,0.69,5.0,0.7,5.0,0.36,10.0,0.33,20.0,0.32,5.0,0.31,5.0,0.3,5.0,0.53,5.91,0.57,16.0,0.58,40.9,0.59,5.0,0.6,5.0,0.17,0.17,44.944625,1776166540000
1776166542.018,42.018,0.47,5.91,0.43,16.0,0.42,40.9,0.41,5.0,0.4,5.0,0.64,10.0,0.67,20.0,0.68,5.0,0.69,5.0,0.7,5.0,0.36,10.0,0.33,20.0,0.32,5.0,0.31,5.0,0.3,5.0,0.53,5.91,0.57,16.0,0.58,40.9,0.59,5.0,0.6,5.0,0.17,0.17,44.943295,1776166541000
1776166543.043,43.043,0.47,5.91,0.43,16.0,0.42,40.9,0.41,5.0,0.4,5.0,0.64,10.0,0.67,20.0,0.68,5.0,0.69,5.0,0.7,5.0,0.36,10.0,0.33,20.0,0.32,5.0,0.31,5.0,0.3,5.0,0.53,5.91,0.57,16.0,0.58,40.9,0.59,5.0,0.6,5.0,0.17,0.17,44.943295,1776166542000
1776166544.063,44.063,0.47,5.91,0.43,16.0,0.42,40.9,0.41,5.0,0.4,5.0,0.64,10.0,0.67,20.0,0.68,5.0,0.69,5.0,0.7,5.0,0.36,10.0,0.33,20.0,0.32,5.0,0.31,5.0,0.3,5.0,0.53,5.91,0.57,16.0,0.58,40.9,0.59,5.0,0.6,5.0,0.17,0.17,44.943693,1776166543000
1776166545.052,45.052,0.47,5.91,0.43,16.0,0.42,40.9,0.41,5.0,0.4,5.0,0.64,10.0,0.67,20.0,0.68,5.0,0.69,5.0,0.7,5.0,0.36,10.0,0.33,20.0,0.32,5.0,0.31,5.0,0.3,5.0,0.53,5.91,0.57,16.0,0.58,40.9,0.59,5.0,0.6,5.0,0.17,0.17,44.943693,1776166544000
1776166546.848,46.848,0.47,5.91,0.43,16.0,0.42,40.9,0.41,5.0,0.4,5.0,0.64,10.0,0.67,20.0,0.68,5.0,0.69,5.0,0.7,5.0,0.36,10.0,0.33,20.0,0.32,5.0,0.31,5.0,0.3,5.0,0.53,5.91,0.57,16.0,0.58,40.9,0.59,5.0,0.6,5.0,0.17,0.17,44.94836,1776166545000
1776166547.364,47.364,0.47,5.91,0.43,16.0,0.42,40.9,0.41,5.0,0.4,5.0,0.64,10.0,0.67,20.0,0.68,5.0,0.69,5.0,0.7,5.0,0.36,10.0,0.33,20.0,0.32,5.0,0.31,5.0,0.3,5.0,0.53,5.91,0.57,16.0,0.58,40.9,0.59,5.0,0.6,5.0,0.17,0.17,44.945149,1776166546000
1776166547.996,47.996,0.47,5.91,0.43,16.0,0.42,40.9,0.41,5.0,0.4,5.0,0.64,10.0,0.67,20.0,0.68,5.0,0.69,5.0,0.7,5.0,0.36,10.0,0.33,20.0,0.32,5.0,0.31,5.0,0.3,5.0,0.53,5.91,0.57,16.0,0.58,40.9,0.59,5.0,0.6,5.0,0.17,0.17,44.945178,1776166547000
1776166549.043,49.043,0.47,5.91,0.43,16.0,0.42,40.9,0.41,5.0,0.4,5.0,0.64,10.0,0.67,20.0,0.68,5.0,0.69,5.0,0.7,5.0,0.36,10.0,0.33,20.0,0.32,5.0,0.31,5.0,0.3,5.0,0.53,5.91,0.57,16.0,0.58,40.9,0.59,5.0,0.6,5.0,0.17,0.17,44.951859,1776166548000
1776166550.203,50.203,0.47,5.91,0.43,16.0,0.42,40.9,0.41,5.0,0.4,5.0,0.64,10.0,0.67,20.0,0.68,5.0,0.69,5.0,0.7,5.0,0.36,10.0,0.33,20.0,0.32,5.0,0.31,5.0,0.3,5.0,0.53,5.91,0.57,16.0,0.58,40.9,0.59,5.0,0.6,5.0,0.17,0.17,44.962386,1776166549000
1776166551.142,51.142,0.47,5.91,0.43,16.0,0.42,40.9,0.41,5.0,0.4,5.0,0.64,10.0,0.67,20.0,0.68,5.0,0.69,5.0,0.7,5.0,0.36,10.0,0.33,20.0,0.32,5.0,0.31,5.0,0.3,5.0,0.53,5.91,0.57,16.0,0.58,40.9,0.59,5.0,0.6,5.0,0.17,0.17,44.960324,1776166550000
1776166552.314,52.314,0.47,5.91,0.43,16.0,0.42,40.9,0.41,5.0,0.4,5.0,0.64,10.0,0.67,20.0,0.68,5.0,0.69,5.0,0.7,5.0,0.36,10.0,0.33,20.0,0.32,5.0,0.31,5.0,0.3,5.0,0.53,5.91,0.57,16.0,0.58,40.9,0.59,5.0,0.6,5.0,0.17,0.17,44.960339,1776166551000
1776166553.349,53.349,0.47,5.91,0.43,16.0,0.42,40.9,0.41,5.0,0.4,5.0,0.64,10.0,0.67,20.0,0.68,5.0,0.69,5.0,0.7,5.0,0.36,10.0,0.33,20.0,0.32,5.0,0.31,5.0,0.3,5.0,0.53,5.91,0.57,16.0,0.58,40.9,0.59,5.0,0.6,5.0,0.17,0.17,44.960286,1776166552000
1776166554.668,54.668,0.47,5.91,0.43,16.0,0.42,40.9,0.41,5.0,0.4,5.0,0.64,10.0,0.67,20.0,0.68,5.0,0.69,5.0,0.7,5.0,0.36,10.0,0.33,20.0,0.32,5.0,0.31,5.0,0.3,5.0,0.53,5.91,0.57,16.0,0.58,40.9,0.59,5.0,0.6,5.0,0.17,0.17,44.960286,1776166553000
1776166555.117,55.117,0.47,5.91,0.43,16.0,0.42,40.9,0.41,5.0,0.4,5.0,0.64,10.0,0.67,20.0,0.68,5.0,0.69,5.0,0.7,5.0,0.36,10.0,0.33,20.0,0.32,5.0,0.31,5.0,0.3,5.0,0.53,5.91,0.57,16.0,0.58,40.9,0.59,5.0,0.6,5.0,0.17,0.17,44.960286,1776166554000
1776166556.49,56.49,0.47,5.91,0.43,16.0,0.42,40.9,0.41,5.0,0.4,5.0,0.64,10.0,0.67,20.0,0.68,5.0,0.69,5.0,0.7,5.0,0.36,10.0,0.33,20.0,0.32,5.0,0.31,5.0,0.3,5.0,0.53,5.91,0.57,16.0,0.58,40.9,0.59,5.0,0.6,5.0,0.17,0.17,44.964658,1776166555000
1776166557.205,57.205,0.47,5.91,0.43,16.0,0.42,40.9,0.41,5.0,0.4,5.0,0.64,10.0,0.67,20.0,0.68,5.0,0.69,5.0,0.7,5.0,0.36,10.0,0.33,20.0,0.32,5.0,0.31,5.0,0.3,5.0,0.53,5.91,0.57,16.0,0.58,40.9,0.59,5.0,0.6,5.0,0.17,0.17,44.964463,1776166556000
1776166558.316,58.316,0.47,5.91,0.43,16.0,0.42,40.9,0.41,5.0,0.4,5.0,0.64,10.0,0.67,20.0,0.68,5.0,0.69,5.0,0.7,5.0,0.36,10.0,0.33,20.0,0.32,5.0,0.31,5.0,0.3,5.0,0.53,5.91,0.57,16.0,0.58,40.9,0.59,5.0,0.6,5.0,0.17,0.17,44.965163,1776166557000
1776166559.676,59.676,0.47,5.91,0.43,16.0,0.42,40.9,0.41,5.0,0.4,5.0,0.64,10.0,0.67,20.0,0.68,5.0,0.69,5.0,0.7,5.0,0.36,10.0,0.33,20.0,0.32,5.0,0.31,5.0,0.3,5.0,0.53,5.91,0.57,16.0,0.58,40.9,0.59,5.0,0.6,5.0,0.17,0.17,44.966904,1776166558000
1776166560.468,60.468,0.47,5.91,0.43,16.0,0.42,40.9,0.41,5.0,0.4,5.0,0.64,10.0,0.67,20.0,0.68,5.0,0.69,5.0,0.7,5.0,0.36,10.0,0.33,20.0,0.32,5.0,0.31,5.0,0.3,5.0,0.53,5.91,0.57,16.0,0.58,40.9,0.59,5.0,0.6,5.0,0.17,0.17,44.968567,1776166559000
1776166561.145,61.145,0.47,5.91,0.43,16.0,0.42,40.9,0.41,5.0,0.4,5.0,0.64,10.0,0.67,20.0,0.68,5.0,0.69,5.0,0.7,5.0,0.36,10.0,0.33,20.0,0.32,5.0,0.31,5.0,0.3,5.0,0.53,5.91,0.57,16.0,0.58,40.9,0.59,5.0,0.6,5.0,0.17,0.17,44.968541,1776166560000
1776166561.683,61.683,0.73,10.0,0.71,25.0,0.7,5.0,0.69,5.0,0.68,5.0,0.74,10.0,0.82,15.0,0.83,15.0,0.84,15.0,0.85,15.0,0.36,10.0,0.33,20.0,0.32,5.0,0.31,5.0,0.3,5.0,0.53,5.91,0.57,16.0,0.58,40.9,0.59,5.0,0.6,5.0,0.01,0.17,44.968541,1776166560000
1776166561.999,61.999,0.72,6.0,0.71,5.0,0.7,5.0,0.69,5.0,0.68,5.0,0.82,15.0,0.83,15.0,0.84,15.0,0.85,15.0,0.86,15.0,0.26,10.0,0.18,15.0,0.17,15.0,0.16,15.0,0.15,15.0,0.27,10.0,0.29,25.0,0.3,5.0,0.31,5.0,0.32,5.0,0.1,0.01,44.968541,1776166560000
1776166562.409,62.409,0.72,6.0,0.71,5.0,0.7,5.0,0.69,5.0,0.68,5.0,0.82,15.0,0.83,15.0,0.84,15.0,0.85,15.0,0.86,15.0,0.18,15.0,0.17,15.0,0.16,15.0,0.15,15.0,0.14,15.0,0.28,6.0,0.29,5.0,0.3,5.0,0.31,5.0,0.32,5.0,0.1,0.1,44.96851,1776166561000
1776166563.076,63.076,0.72,6.0,0.71,5.0,0.7,5.0,0.69,5.0,0.68,5.0,0.82,15.0,0.83,15.0,0.84,15.0,0.85,15.0,0.86,15.0,0.18,15.0,0.17,15.0,0.16,15.0,0.15,15.0,0.14,15.0,0.28,6.0,0.29,5.0,0.3,5.0,0.31,5.0,0.32,5.0,0.1,0.1,44.968564,1776166562000
1776166564.433,64.433,0.72,6.0,0.71,5.0,0.7,5.0,0.69,5.0,0.68,5.0,0.82,15.0,0.83,15.0,0.84,15.0,0.85,15.0,0.86,15.0,0.18,15.0,0.17,15.0,0.16,15.0,0.15,15.0,0.14,15.0,0.28,6.0,0.29,5.0,0.3,5.0,0.31,5.0,0.32,5.0,0.1,0.1,44.962486,1776166563000
1776166565.278,65.278,0.72,6.0,0.71,5.0,0.7,5.0,0.69,5.0,0.68,5.0,0.82,15.0,0.83,15.0,0.84,15.0,0.85,15.0,0.86,15.0,0.18,15.0,0.17,15.0,0.16,15.0,0.15,15.0,0.14,15.0,0.28,6.0,0.29,5.0,0.3,5.0,0.31,5.0,0.32,5.0,0.1,0.1,44.962955,1776166564000
1776166566.3,66.3,0.72,6.0,0.71,5.0,0.7,5.0,0.69,5.0,0.68,5.0,0.82,15.0,0.83,15.0,0.84,15.0,0.85,15.0,0.86,15.0,0.18,15.0,0.17,15.0,0.16,15.0,0.15,15.0,0.14,15.0,0.28,6.0,0.29,5.0,0.3,5.0,0.31,5.0,0.32,5.0,0.1,0.1,44.962955,1776166565000
1776166567.741,67.741,0.72,6.0,0.71,5.0,0.7,5.0,0.69,5.0,0.68,5.0,0.82,15.0,0.83,15.0,0.84,15.0,0.85,15.0,0.86,15.0,0.18,15.0,0.17,15.0,0.16,15.0,0.15,15.0,0.14,15.0,0.28,6.0,0.29,5.0,0.3,5.0,0.31,5.0,0.32,5.0,0.1,0.1,44.971924,1776166566000
1776166568.673,68.673,0.72,6.0,0.71,5.0,0.7,5.0,0.69,5.0,0.68,5.0,0.82,15.0,0.83,15.0,0.84,15.0,0.85,15.0,0.86,15.0,0.18,15.0,0.17,15.0,0.16,15.0,0.15,15.0,0.14,15.0,0.28,6.0,0.29,5.0,0.3,5.0,0.31,5.0,0.32,5.0,0.1,0.1,44.980513,1776166567000
1776166569.101,69.101,0.72,6.0,0.71,5.0,0.7,5.0,0.69,5.0,0.68,5.0,0.82,15.0,0.83,15.0,0.84,15.0,0.85,15.0,0.86,15.0,0.18,15.0,0.17,15.0,0.16,15.0,0.15,15.0,0.14,15.0,0.28,6.0,0.29,5.0,0.3,5.0,0.31,5.0,0.32,5.0,0.1,0.1,44.984377,1776166568000
1776166570.302,70.302,0.72,6.0,0.71,5.0,0.7,5.0,0.69,5.0,0.68,5.0,0.82,15.0,0.83,15.0,0.84,15.0,0.85,15.0,0.86,15.0,0.18,15.0,0.17,15.0,0.16,15.0,0.15,15.0,0.14,15.0,0.28,6.0,0.29,5.0,0.3,5.0,0.31,5.0,0.32,5.0,0.1,0.1,44.993609,1776166569000
1776166571.312,71.312,0.72,6.0,0.71,5.0,0.7,5.0,0.69,5.0,0.68,5.0,0.82,15.0,0.83,15.0,0.84,15.0,0.85,15.0,0.86,15.0,0.18,15.0,0.17,15.0,0.16,15.0,0.15,15.0,0.14,15.0,0.28,6.0,0.29,5.0,0.3,5.0,0.31,5.0,0.32,5.0,0.1,0.1,44.994558,1776166570000
1776166572.334,72.334,0.72,6.0,0.71,5.0,0.7,5.0,0.69,5.0,0.68,5.0,0.82,15.0,0.83,15.0,0.84,15.0,0.85,15.0,0.86,15.0,0.18,15.0,0.17,15.0,0.16,15.0,0.15,15.0,0.14,15.0,0.28,6.0,0.29,5.0,0.3,5.0,0.31,5.0,0.32,5.0,0.1,0.1,44.995033,1776166571000
1776166573.379,73.379,0.72,6.0,0.71,5.0,0.7,5.0,0.69,5.0,0.68,5.0,0.82,15.0,0.83,15.0,0.84,15.0,0.85,15.0,0.86,15.0,0.18,15.0,0.17,15.0,0.16,15.0,0.15,15.0,0.14,15.0,0.28,6.0,0.29,5.0,0.3,5.0,0.31,5.0,0.32,5.0,0.1,0.1,44.995495,1776166572000
1776166573.931,73.931,0.72,6.0,0.71,5.0,0.7,5.0,0.69,5.0,0.68,5.0,0.82,15.0,0.83,15.0,0.84,15.0,0.85,15.0,0.86,15.0,0.18,15.0,0.17,15.0,0.16,15.0,0.15,15.0,0.14,15.0,0.28,6.0,0.29,5.0,0.3,5.0,0.31,5.0,0.32,5.0,0.1,0.1,44.995937,1776166573000
1776166574.979,74.979,0.72,6.0,0.71,5.0,0.7,5.0,0.69,5.0,0.68,5.0,0.82,15.0,0.83,15.0,0.84,15.0,0.85,15.0,0.86,15.0,0.18,15.0,0.17,15.0,0.16,15.0,0.15,15.0,0.14,15.0,0.28,6.0,0.29,5.0,0.3,5.0,0.31,5.0,0.32,5.0,0.1,0.1,44.995941,1776166574000
1776166576.067,76.067,0.72,6.0,0.71,5.0,0.7,5.0,0.69,5.0,0.68,5.0,0.82,15.0,0.83,15.0,0.84,15.0,0.85,15.0,0.86,15.0,0.18,15.0,0.17,15.0,0.16,15.0,0.15,15.0,0.14,15.0,0.28,6.0,0.29,5.0,0.3,5.0,0.31,5.0,0.32,5.0,0.1,0.1,44.995942,1776166575000
1776166577.082,77.082,0.72,6.0,0.71,5.0,0.7,5.0,0.69,5.0,0.68,5.0,0.82,15.0,0.83,15.0,0.84,15.0,0.85,15.0,0.86,15.0,0.18,15.0,0.17,15.0,0.16,15.0,0.15,15.0,0.14,15.0,0.28,6.0,0.29,5.0,0.3,5.0,0.31,5.0,0.32,5.0,0.1,0.1,44.992913,1776166576000
1776166578.159,78.159,0.72,6.0,0.71,5.0,0.7,5.0,0.69,5.0,0.68,5.0,0.82,15.0,0.83,15.0,0.84,15.0,0.85,15.0,0.86,15.0,0.18,15.0,0.17,15.0,0.16,15.0,0.15,15.0,0.14,15.0,0.28,6.0,0.29,5.0,0.3,5.0,0.31,5.0,0.32,5.0,0.1,0.1,44.993768,1776166577000
1776166579.207,79.207,0.72,6.0,0.71,5.0,0.7,5.0,0.69,5.0,0.68,5.0,0.82,15.0,0.83,15.0,0.84,15.0,0.85,15.0,0.86,15.0,0.18,15.0,0.17,15.0,0.16,15.0,0.15,15.0,0.14,15.0,0.28,6.0,0.29,5.0,0.3,5.0,0.31,5.0,0.32,5.0,0.1,0.1,44.993932,1776166578000
1776166580.271,80.271,0.72,6.0,0.71,5.0,0.7,5.0,0.69,5.0,0.68,5.0,0.82,15.0,0.83,15.0,0.84,15.0,0.85,15.0,0.86,15.0,0.18,15.0,0.17,15.0,0.16,15.0,0.15,15.0,0.14,15.0,0.28,6.0,0.29,5.0,0.3,5.0,0.31,5.0,0.32,5.0,0.1,0.1,44.990496,1776166579000
1776166581.301,81.301,0.72,6.0,0.71,5.0,0.7,5.0,0.69,5.0,0.68,5.0,0.82,15.0,0.83,15.0,0.84,15.0,0.85,15.0,0.86,15.0,0.18,15.0,0.17,15.0,0.16,15.0,0.15,15.0,0.14,15.0,0.28,6.0,0.29,5.0,0.3,5.0,0.31,5.0,0.32,5.0,0.1,0.1,44.984611,1776166580000
1776166582.342,82.342,0.72,6.0,0.71,5.0,0.7,5.0,0.69,5.0,0.68,5.0,0.82,15.0,0.83,15.0,0.84,15.0,0.85,15.0,0.86,15.0,0.18,15.0,0.17,15.0,0.16,15.0,0.15,15.0,0.14,15.0,0.28,6.0,0.29,5.0,0.3,5.0,0.31,5.0,0.32,5.0,0.1,0.1,44.984504,1776166581000
1776166583.327,83.327,0.72,6.0,0.71,5.0,0.7,5.0,0.69,5.0,0.68,5.0,0.82,15.0,0.83,15.0,0.84,15.0,0.85,15.0,0.86,15.0,0.18,15.0,0.17,15.0,0.16,15.0,0.15,15.0,0.14,15.0,0.28,6.0,0.29,5.0,0.3,5.0,0.31,5.0,0.32,5.0,0.1,0.1,44.985408,1776166582000
1776166584.982,84.982,0.72,6.0,0.71,5.0,0.7,5.0,0.69,5.0,0.68,5.0,0.82,15.0,0.83,15.0,0.84,15.0,0.85,15.0,0.86,15.0,0.18,15.0,0.17,15.0,0.16,15.0,0.15,15.0,0.14,15.0,0.28,6.0,0.29,5.0,0.3,5.0,0.31,5.0,0.32,5.0,0.1,0.1,44.980975,1776166583000
1776166585.579,85.579,0.72,6.0,0.71,5.0,0.7,5.0,0.69,5.0,0.68,5.0,0.82,15.0,0.83,15.0,0.84,15.0,0.85,15.0,0.86,15.0,0.18,15.0,0.17,15.0,0.16,15.0,0.15,15.0,0.14,15.0,0.28,6.0,0.29,5.0,0.3,5.0,0.31,5.0,0.32,5.0,0.1,0.1,44.980975,1776166584000
1776166586.166,86.166,0.72,6.0,0.71,5.0,0.7,5.0,0.69,5.0,0.68,5.0,0.82,15.0,0.83,15.0,0.84,15.0,0.85,15.0,0.86,15.0,0.18,15.0,0.17,15.0,0.16,15.0,0.15,15.0,0.14,15.0,0.28,6.0,0.29,5.0,0.3,5.0,0.31,5.0,0.32,5.0,0.1,0.1,44.980975,1776166585000
1776166587.278,87.278,0.72,6.0,0.71,5.0,0.7,5.0,0.69,5.0,0.68,5.0,0.82,15.0,0.83,15.0,0.84,15.0,0.85,15.0,0.86,15.0,0.18,15.0,0.17,15.0,0.16,15.0,0.15,15.0,0.14,15.0,0.28,6.0,0.29,5.0,0.3,5.0,0.31,5.0,0.32,5.0,0.1,0.1,44.980123,1776166586000
1776166588.34,88.34,0.72,6.0,0.71,5.0,0.7,5.0,0.69,5.0,0.68,5.0,0.82,15.0,0.83,15.0,0.84,15.0,0.85,15.0,0.86,15.0,0.18,15.0,0.17,15.0,0.16,15.0,0.15,15.0,0.14,15.0,0.28,6.0,0.29,5.0,0.3,5.0,0.31,5.0,0.32,5.0,0.1,0.1,44.979384,1776166587000
1776166589.425,89.425,0.72,6.0,0.71,5.0,0.7,5.0,0.69,5.0,0.68,5.0,0.82,15.0,0.83,15.0,0.84,15.0,0.85,15.0,0.86,15.0,0.18,15.0,0.17,15.0,0.16,15.0,0.15,15.0,0.14,15.0,0.28,6.0,0.29,5.0,0.3,5.0,0.31,5.0,0.32,5.0,0.1,0.1,44.979399,1776166588000
1776166589.841,89.841,0.72,6.0,0.71,5.0,0.7,5.0,0.69,5.0,0.68,5.0,0.82,15.0,0.83,15.0,0.84,15.0,0.85,15.0,0.86,15.0,0.18,15.0,0.17,15.0,0.16,15.0,0.15,15.0,0.14,15.0,0.28,6.0,0.29,5.0,0.3,5.0,0.31,5.0,0.32,5.0,0.1,0.1,44.983345,1776166589000
1776166591.176,91.176,0.72,6.0,0.71,5.0,0.7,5.0,0.69,5.0,0.68,5.0,0.82,15.0,0.83,15.0,0.84,15.0,0.85,15.0,0.86,15.0,0.18,15.0,0.17,15.0,0.16,15.0,0.15,15.0,0.14,15.0,0.28,6.0,0.29,5.0,0.3,5.0,0.31,5.0,0.32,5.0,0.1,0.1,44.984538,1776166590000
1776166592.177,92.177,0.72,6.0,0.71,5.0,0.7,5.0,0.69,5.0,0.68,5.0,0.82,15.0,0.83,15.0,0.84,15.0,0.85,15.0,0.86,15.0,0.18,15.0,0.17,15.0,0.16,15.0,0.15,15.0,0.14,15.0,0.28,6.0,0.29,5.0,0.3,5.0,0.31,5.0,0.32,5.0,0.1,0.1,44.984568,1776166591000
1776166593.249,93.249,0.72,6.0,0.71,5.0,0.7,5.0,0.69,5.0,0.68,5.0,0.82,15.0,0.83,15.0,0.84,15.0,0.85,15.0,0.86,15.0,0.18,15.0,0.17,15.0,0.16,15.0,0.15,15.0,0.14,15.0,0.28,6.0,0.29,5.0,0.3,5.0,0.31,5.0,0.32,5.0,0.1,0.1,44.992302,1776166592000
1776166594.304,94.304,0.72,6.0,0.71,5.0,0.7,5.0,0.69,5.0,0.68,5.0,0.82,15.0,0.83,15.0,0.84,15.0,0.85,15.0,0.86,15.0,0.18,15.0,0.17,15.0,0.16,15.0,0.15,15.0,0.14,15.0,0.28,6.0,0.29,5.0,0.3,5.0,0.31,5.0,0.32,5.0,0.1,0.1,44.996964,1776166593000
1776166595.5,95.5,0.72,6.0,0.71,5.0,0.7,5.0,0.69,5.0,0.68,5.0,0.82,15.0,0.83,15.0,0.84,15.0,0.85,15.0,0.86,15.0,0.18,15.0,0.17,15.0,0.16,15.0,0.15,15.0,0.14,15.0,0.28,6.0,0.29,5.0,0.3,5.0,0.31,5.0,0.32,5.0,0.1,0.1,44.996298,1776166594000
1776166596.001,96.001,0.72,6.0,0.71,5.0,0.7,5.0,0.69,5.0,0.68,5.0,0.82,15.0,0.83,15.0,0.84,15.0,0.85,15.0,0.86,15.0,0.18,15.0,0.17,15.0,0.16,15.0,0.15,15.0,0.14,15.0,0.28,6.0,0.29,5.0,0.3,5.0,0.31,5.0,0.32,5.0,0.1,0.1,44.995875,1776166595000
1776166597.069,97.069,0.72,6.0,0.71,5.0,0.7,5.0,0.69,5.0,0.68,5.0,0.82,15.0,0.83,15.0,0.84,15.0,0.85,15.0,0.86,15.0,0.18,15.0,0.17,15.0,0.16,15.0,0.15,15.0,0.14,15.0,0.28,6.0,0.29,5.0,0.3,5.0,0.31,5.0,0.32,5.0,0.1,0.1,44.995853,1776166596000
1776166598.112,98.112,0.72,6.0,0.71,5.0,0.7,5.0,0.69,5.0,0.68,5.0,0.82,15.0,0.83,15.0,0.84,15.0,0.85,15.0,0.86,15.0,0.18,15.0,0.17,15.0,0.16,15.0,0.15,15.0,0.14,15.0,0.28,6.0,0.29,5.0,0.3,5.0,0.31,5.0,0.32,5.0,0.1,0.1,44.995584,1776166597000
1776166599.032,99.032,0.72,6.0,0.71,5.0,0.7,5.0,0.69,5.0,0.68,5.0,0.82,15.0,0.83,15.0,0.84,15.0,0.85,15.0,0.86,15.0,0.18,15.0,0.17,15.0,0.16,15.0,0.15,15.0,0.14,15.0,0.28,6.0,0.29,5.0,0.3,5.0,0.31,5.0,0.32,5.0,0.1,0.1,44.994809,1776166598000
1776166599.999,99.999,0.72,6.0,0.71,5.0,0.7,5.0,0.69,5.0,0.68,5.0,0.82,15.0,0.83,15.0,0.84,15.0,0.85,15.0,0.86,15.0,0.18,15.0,0.17,15.0,0.16,15.0,0.15,15.0,0.14,15.0,0.28,6.0,0.29,5.0,0.3,5.0,0.31,5.0,0.32,5.0,0.1,0.1,44.994794,1776166599000
1776166601.014,101.014,0.72,6.0,0.71,5.0,0.7,5.0,0.69,5.0,0.68,5.0,0.82,15.0,0.83,15.0,0.84,15.0,0.85,15.0,0.86,15.0,0.18,15.0,0.17,15.0,0.16,15.0,0.15,15.0,0.14,15.0,0.28,6.0,0.29,5.0,0.3,5.0,0.31,5.0,0.32,5.0,0.1,0.1,44.994799,1776166600000
1776166601.944,101.944,0.72,6.0,0.71,5.0,0.7,5.0,0.69,5.0,0.68,5.0,0.82,15.0,0.83,15.0,0.84,15.0,0.85,15.0,0.86,15.0,0.18,15.0,0.17,15.0,0.16,15.0,0.15,15.0,0.14,15.0,0.28,6.0,0.29,5.0,0.3,5.0,0.31,5.0,0.32,5.0,0.1,0.1,44.994054,1776166601000
1776166602.957,102.957,0.72,6.0,0.71,5.0,0.7,5.0,0.69,5.0,0.68,5.0,0.82,15.0,0.83,15.0,0.84,15.0,0.85,15.0,0.86,15.0,0.18,15.0,0.17,15.0,0.16,15.0,0.15,15.0,0.14,15.0,0.28,6.0,0.29,5.0,0.3,5.0,0.31,5.0,0.32,5.0,0.1,0.1,44.994041,1776166602000
1776166603.873,103.873,0.72,6.0,0.71,5.0,0.7,5.0,0.69,5.0,0.68,5.0,0.82,15.0,0.83,15.0,0.84,15.0,0.85,15.0,0.86,15.0,0.18,15.0,0.17,15.0,0.16,15.0,0.15,15.0,0.14,15.0,0.28,6.0,0.29,5.0,0.3,5.0,0.31,5.0,0.32,5.0,0.1,0.1,44.994045,1776166603000
1776166604.846,104.846,0.72,6.0,0.71,5.0,0.7,5.0,0.69,5.0,0.68,5.0,0.82,15.0,0.83,15.0,0.84,15.0,0.85,15.0,0.86,15.0,0.18,15.0,0.17,15.0,0.16,15.0,0.15,15.0,0.14,15.0,0.28,6.0,0.29,5.0,0.3,5.0,0.31,5.0,0.32,5.0,0.1,0.1,44.994045,1776166604000
1776166606.309,106.309,0.72,6.0,0.71,5.0,0.7,5.0,0.69,5.0,0.68,5.0,0.82,15.0,0.83,15.0,0.84,15.0,0.85,15.0,0.86,15.0,0.18,15.0,0.17,15.0,0.16,15.0,0.15,15.0,0.14,15.0,0.28,6.0,0.29,5.0,0.3,5.0,0.31,5.0,0.32,5.0,0.1,0.1,44.994052,1776166605000
1776166607.305,107.305,0.72,6.0,0.71,5.0,0.7,5.0,0.69,5.0,0.68,5.0,0.82,15.0,0.83,15.0,0.84,15.0,0.85,15.0,0.86,15.0,0.18,15.0,0.17,15.0,0.16,15.0,0.15,15.0,0.14,15.0,0.28,6.0,0.29,5.0,0.3,5.0,0.31,5.0,0.32,5.0,0.1,0.1,44.994136,1776166606000
1776166608.248,108.248,0.72,6.0,0.71,5.0,0.7,5.0,0.69,5.0,0.68,5.0,0.82,15.0,0.83,15.0,0.84,15.0,0.85,15.0,0.86,15.0,0.18,15.0,0.17,15.0,0.16,15.0,0.15,15.0,0.14,15.0,0.28,6.0,0.29,5.0,0.3,5.0,0.31,5.0,0.32,5.0,0.1,0.1,44.994131,1776166607000
1776166609.249,109.249,0.72,6.0,0.71,5.0,0.7,5.0,0.69,5.0,0.68,5.0,0.82,15.0,0.83,15.0,0.84,15.0,0.85,15.0,0.86,15.0,0.18,15.0,0.17,15.0,0.16,15.0,0.15,15.0,0.14,15.0,0.28,6.0,0.29,5.0,0.3,5.0,0.31,5.0,0.32,5.0,0.1,0.1,44.994135,1776166608000
1776166610.402,110.402,0.72,6.0,0.71,5.0,0.7,5.0,0.69,5.0,0.68,5.0,0.82,15.0,0.83,15.0,0.84,15.0,0.85,15.0,0.86,15.0,0.18,15.0,0.17,15.0,0.16,15.0,0.15,15.0,0.14,15.0,0.28,6.0,0.29,5.0,0.3,5.0,0.31,5.0,0.32,5.0,0.1,0.1,44.994135,1776166609000
1776166611.96,111.96,0.72,6.0,0.71,5.0,0.7,5.0,0.69,5.0,0.68,5.0,0.82,15.0,0.83,15.0,0.84,15.0,0.85,15.0,0.86,15.0,0.18,15.0,0.17,15.0,0.16,15.0,0.15,15.0,0.14,15.0,0.28,6.0,0.29,5.0,0.3,5.0,0.31,5.0,0.32,5.0,0.1,0.1,44.993496,1776166610000
1776166612.405,112.405,0.72,6.0,0.71,5.0,0.7,5.0,0.69,5.0,0.68,5.0,0.82,15.0,0.83,15.0,0.84,15.0,0.85,15.0,0.86,15.0,0.18,15.0,0.17,15.0,0.16,15.0,0.15,15.0,0.14,15.0,0.28,6.0,0.29,5.0,0.3,5.0,0.31,5.0,0.32,5.0,0.1,0.1,44.993577,1776166611000
1776166613.554,113.554,0.72,6.0,0.71,5.0,0.7,5.0,0.69,5.0,0.68,5.0,0.82,15.0,0.83,15.0,0.84,15.0,0.85,15.0,0.86,15.0,0.18,15.0,0.17,15.0,0.16,15.0,0.15,15.0,0.14,15.0,0.28,6.0,0.29,5.0,0.3,5.0,0.31,5.0,0.32,5.0,0.1,0.1,44.99368,1776166612000
1776166614.123,114.123,0.72,6.0,0.71,5.0,0.7,5.0,0.69,5.0,0.68,5.0,0.82,15.0,0.83,15.0,0.84,15.0,0.85,15.0,0.86,15.0,0.18,15.0,0.17,15.0,0.16,15.0,0.15,15.0,0.14,15.0,0.28,6.0,0.29,5.0,0.3,5.0,0.31,5.0,0.32,5.0,0.1,0.1,44.993624,1776166613000
1776166615.51,115.51,0.72,6.0,0.71,5.0,0.7,5.0,0.69,5.0,0.68,5.0,0.82,15.0,0.83,15.0,0.84,15.0,0.85,15.0,0.86,15.0,0.18,15.0,0.17,15.0,0.16,15.0,0.15,15.0,0.14,15.0,0.28,6.0,0.29,5.0,0.3,5.0,0.31,5.0,0.32,5.0,0.1,0.1,44.993719,1776166614000
1776166616.337,116.337,0.72,6.0,0.71,5.0,0.7,5.0,0.69,5.0,0.68,5.0,0.82,15.0,0.83,15.0,0.84,15.0,0.85,15.0,0.86,15.0,0.18,15.0,0.17,15.0,0.16,15.0,0.15,15.0,0.14,15.0,0.28,6.0,0.29,5.0,0.3,5.0,0.31,5.0,0.32,5.0,0.1,0.1,44.994571,1776166615000
1776166617.568,117.568,0.72,6.0,0.71,5.0,0.7,5.0,0.69,5.0,0.68,5.0,0.82,15.0,0.83,15.0,0.84,15.0,0.85,15.0,0.86,15.0,0.18,15.0,0.17,15.0,0.16,15.0,0.15,15.0,0.14,15.0,0.28,6.0,0.29,5.0,0.3,5.0,0.31,5.0,0.32,5.0,0.1,0.1,44.99361,1776166616000
1776166618.067,118.067,0.72,6.0,0.71,5.0,0.7,5.0,0.69,5.0,0.68,5.0,0.82,15.0,0.83,15.0,0.84,15.0,0.85,15.0,0.86,15.0,0.18,15.0,0.17,15.0,0.16,15.0,0.15,15.0,0.14,15.0,0.28,6.0,0.29,5.0,0.3,5.0,0.31,5.0,0.32,5.0,0.1,0.1,44.99361,1776166617000
1776166619.383,119.383,0.72,6.0,0.71,5.0,0.7,5.0,0.69,5.0,0.68,5.0,0.82,15.0,0.83,15.0,0.84,15.0,0.85,15.0,0.86,15.0,0.18,15.0,0.17,15.0,0.16,15.0,0.15,15.0,0.14,15.0,0.28,6.0,0.29,5.0,0.3,5.0,0.31,5.0,0.32,5.0,0.1,0.1,44.993791,1776166618000
1776166620.013,120.013,0.72,6.0,0.71,5.0,0.7,5.0,0.69,5.0,0.68,5.0,0.82,15.0,0.83,15.0,0.84,15.0,0.85,15.0,0.86,15.0,0.18,15.0,0.17,15.0,0.16,15.0,0.15,15.0,0.14,15.0,0.28,6.0,0.29,5.0,0.3,5.0,0.31,5.0,0.32,5.0,0.1,0.1,44.993791,1776166619000
1776166621.332,121.332,0.72,6.0,0.71,5.0,0.7,5.0,0.69,5.0,0.68,5.0,0.82,15.0,0.83,15.0,0.84,15.0,0.85,15.0,0.86,15.0,0.18,15.0,0.17,15.0,0.16,15.0,0.15,15.0,0.14,15.0,0.28,6.0,0.29,5.0,0.3,5.0,0.31,5.0,0.32,5.0,0.1,0.1,44.993633,1776166620000
1776166622.633,122.633,0.72,6.0,0.71,5.0,0.7,5.0,0.69,5.0,0.68,5.0,0.82,15.0,0.83,15.0,0.84,15.0,0.85,15.0,0.86,15.0,0.18,15.0,0.17,15.0,0.16,15.0,0.15,15.0,0.14,15.0,0.28,6.0,0.29,5.0,0.3,5.0,0.31,5.0,0.32,5.0,0.1,0.1,44.993601,1776166621000
1776166623.243,123.243,0.72,6.0,0.71,5.0,0.7,5.0,0.69,5.0,0.68,5.0,0.82,15.0,0.83,15.0,0.84,15.0,0.85,15.0,0.86,15.0,0.18,15.0,0.17,15.0,0.16,15.0,0.15,15.0,0.14,15.0,0.28,6.0,0.29,5.0,0.3,5.0,0.31,5.0,0.32,5.0,0.1,0.1,44.993553,1776166622000
1776166624.555,124.555,0.72,6.0,0.71,5.0,0.7,5.0,0.69,5.0,0.68,5.0,0.82,15.0,0.83,15.0,0.84,15.0,0.85,15.0,0.86,15.0,0.18,15.0,0.17,15.0,0.16,15.0,0.15,15.0,0.14,15.0,0.28,6.0,0.29,5.0,0.3,5.0,0.31,5.0,0.32,5.0,0.1,0.1,44.993489,1776166623000
1776166625.347,125.347,0.72,6.0,0.71,5.0,0.7,5.0,0.69,5.0,0.68,5.0,0.82,15.0,0.83,15.0,0.84,15.0,0.85,15.0,0.86,15.0,0.18,15.0,0.17,15.0,0.16,15.0,0.15,15.0,0.14,15.0,0.28,6.0,0.29,5.0,0.3,5.0,0.31,5.0,0.32,5.0,0.1,0.1,44.99353,1776166624000
1776166626.189,126.189,0.72,6.0,0.71,5.0,0.7,5.0,0.69,5.0,0.68,5.0,0.82,15.0,0.83,15.0,0.84,15.0,0.85,15.0,0.86,15.0,0.18,15.0,0.17,15.0,0.16,15.0,0.15,15.0,0.14,15.0,0.28,6.0,0.29,5.0,0.3,5.0,0.31,5.0,0.32,5.0,0.1,0.1,44.993608,1776166625000
1776166627.348,127.348,0.72,6.0,0.71,5.0,0.7,5.0,0.69,5.0,0.68,5.0,0.82,15.0,0.83,15.0,0.84,15.0,0.85,15.0,0.86,15.0,0.18,15.0,0.17,15.0,0.16,15.0,0.15,15.0,0.14,15.0,0.28,6.0,0.29,5.0,0.3,5.0,0.31,5.0,0.32,5.0,0.1,0.1,44.993606,1776166626000
1776166628.007,128.007,0.72,6.0,0.71,5.0,0.7,5.0,0.69,5.0,0.68,5.0,0.82,15.0,0.83,15.0,0.84,15.0,0.85,15.0,0.86,15.0,0.18,15.0,0.17,15.0,0.16,15.0,0.15,15.0,0.14,15.0,0.28,6.0,0.29,5.0,0.3,5.0,0.31,5.0,0.32,5.0,0.1,0.1,44.994065,1776166627000
1776166629.16,129.16,0.72,6.0,0.71,5.0,0.7,5.0,0.69,5.0,0.68,5.0,0.82,15.0,0.83,15.0,0.84,15.0,0.85,15.0,0.86,15.0,0.18,15.0,0.17,15.0,0.16,15.0,0.15,15.0,0.14,15.0,0.28,6.0,0.29,5.0,0.3,5.0,0.31,5.0,0.32,5.0,0.1,0.1,44.995096,1776166628000
1776166630.756,130.756,0.72,6.0,0.71,5.0,0.7,5.0,0.69,5.0,0.68,5.0,0.82,15.0,0.83,15.0,0.84,15.0,0.85,15.0,0.86,15.0,0.18,15.0,0.17,15.0,0.16,15.0,0.15,15.0,0.14,15.0,0.28,6.0,0.29,5.0,0.3,5.0,0.31,5.0,0.32,5.0,0.1,0.1,44.995094,1776166629000
1776166631.499,131.499,0.72,6.0,0.71,5.0,0.7,5.0,0.69,5.0,0.68,5.0,0.82,15.0,0.83,15.0,0.84,15.0,0.85,15.0,0.86,15.0,0.18,15.0,0.17,15.0,0.16,15.0,0.15,15.0,0.14,15.0,0.28,6.0,0.29,5.0,0.3,5.0,0.31,5.0,0.32,5.0,0.1,0.1,44.995077,1776166630000
1776166632.385,132.385,0.72,6.0,0.71,5.0,0.7,5.0,0.69,5.0,0.68,5.0,0.82,15.0,0.83,15.0,0.84,15.0,0.85,15.0,0.86,15.0,0.18,15.0,0.17,15.0,0.16,15.0,0.15,15.0,0.14,15.0,0.28,6.0,0.29,5.0,0.3,5.0,0.31,5.0,0.32,5.0,0.1,0.1,44.995093,1776166631000
1776166633.059,133.059,0.72,6.0,0.71,5.0,0.7,5.0,0.69,5.0,0.68,5.0,0.82,15.0,0.83,15.0,0.84,15.0,0.85,15.0,0.86,15.0,0.18,15.0,0.17,15.0,0.16,15.0,0.15,15.0,0.14,15.0,0.28,6.0,0.29,5.0,0.3,5.0,0.31,5.0,0.32,5.0,0.1,0.1,44.993127,1776166632000
1776166634.466,134.466,0.72,6.0,0.71,5.0,0.7,5.0,0.69,5.0,0.68,5.0,0.82,15.0,0.83,15.0,0.84,15.0,0.85,15.0,0.86,15.0,0.18,15.0,0.17,15.0,0.16,15.0,0.15,15.0,0.14,15.0,0.28,6.0,0.29,5.0,0.3,5.0,0.31,5.0,0.32,5.0,0.1,0.1,44.986579,1776166633000
1776166635.23,135.23,0.72,6.0,0.71,5.0,0.7,5.0,0.69,5.0,0.68,5.0,0.82,15.0,0.83,15.0,0.84,15.0,0.85,15.0,0.86,15.0,0.18,15.0,0.17,15.0,0.16,15.0,0.15,15.0,0.14,15.0,0.28,6.0,0.29,5.0,0.3,5.0,0.31,5.0,0.32,5.0,0.1,0.1,44.985425,1776166634000
1776166636.857,136.857,0.72,6.0,0.71,5.0,0.7,5.0,0.69,5.0,0.68,5.0,0.82,15.0,0.83,15.0,0.84,15.0,0.85,15.0,0.86,15.0,0.18,15.0,0.17,15.0,0.16,15.0,0.15,15.0,0.14,15.0,0.28,6.0,0.29,5.0,0.3,5.0,0.31,5.0,0.32,5.0,0.1,0.1,44.98544,1776166635000
1776166637.453,137.453,0.72,6.0,0.71,5.0,0.7,5.0,0.69,5.0,0.68,5.0,0.82,15.0,0.83,15.0,0.84,15.0,0.85,15.0,0.86,15.0,0.18,15.0,0.17,15.0,0.16,15.0,0.15,15.0,0.14,15.0,0.28,6.0,0.29,5.0,0.3,5.0,0.31,5.0,0.32,5.0,0.1,0.1,44.985778,1776166636000
1776166638.273,138.273,0.72,6.0,0.71,5.0,0.7,5.0,0.69,5.0,0.68,5.0,0.82,15.0,0.83,15.0,0.84,15.0,0.85,15.0,0.86,15.0,0.18,15.0,0.17,15.0,0.16,15.0,0.15,15.0,0.14,15.0,0.28,6.0,0.29,5.0,0.3,5.0,0.31,5.0,0.32,5.0,0.1,0.1,44.985874,1776166637000
1776166639.801,139.801,0.72,6.0,0.71,5.0,0.7,5.0,0.69,5.0,0.68,5.0,0.82,15.0,0.83,15.0,0.84,15.0,0.85,15.0,0.86,15.0,0.18,15.0,0.17,15.0,0.16,15.0,0.15,15.0,0.14,15.0,0.28,6.0,0.29,5.0,0.3,5.0,0.31,5.0,0.32,5.0,0.1,0.1,44.991854,1776166638000
1776166640.597,140.597,0.72,6.0,0.71,5.0,0.7,5.0,0.69,5.0,0.68,5.0,0.82,15.0,0.83,15.0,0.84,15.0,0.85,15.0,0.86,15.0,0.18,15.0,0.17,15.0,0.16,15.0,0.15,15.0,0.14,15.0,0.28,6.0,0.29,5.0,0.3,5.0,0.31,5.0,0.32,5.0,0.1,0.1,44.991621,1776166639000
1776166641.383,141.383,0.72,6.0,0.71,5.0,0.7,5.0,0.69,5.0,0.68,5.0,0.82,15.0,0.83,15.0,0.84,15.0,0.85,15.0,0.86,15.0,0.18,15.0,0.17,15.0,0.16,15.0,0.15,15.0,0.14,15.0,0.28,6.0,0.29,5.0,0.3,5.0,0.31,5.0,0.32,5.0,0.1,0.1,44.991621,1776166640000
1776166642.112,142.112,0.72,6.0,0.71,5.0,0.7,5.0,0.69,5.0,0.68,5.0,0.82,15.0,0.83,15.0,0.84,15.0,0.85,15.0,0.86,15.0,0.18,15.0,0.17,15.0,0.16,15.0,0.15,15.0,0.14,15.0,0.28,6.0,0.29,5.0,0.3,5.0,0.31,5.0,0.32,5.0,0.1,0.1,44.993966,1776166641000
1776166643.71,143.71,0.72,6.0,0.71,5.0,0.7,5.0,0.69,5.0,0.68,5.0,0.82,15.0,0.83,15.0,0.84,15.0,0.85,15.0,0.86,15.0,0.18,15.0,0.17,15.0,0.16,15.0,0.15,15.0,0.14,15.0,0.28,6.0,0.29,5.0,0.3,5.0,0.31,5.0,0.32,5.0,0.1,0.1,44.993633,1776166642000
1776166644.562,144.562,0.72,6.0,0.71,5.0,0.7,5.0,0.69,5.0,0.68,5.0,0.82,15.0,0.83,15.0,0.84,15.0,0.85,15.0,0.86,15.0,0.18,15.0,0.17,15.0,0.16,15.0,0.15,15.0,0.14,15.0,0.28,6.0,0.29,5.0,0.3,5.0,0.31,5.0,0.32,5.0,0.1,0.1,44.994205,1776166643000
1776166645.214,145.214,0.72,6.0,0.71,5.0,0.7,5.0,0.69,5.0,0.68,5.0,0.82,15.0,0.83,15.0,0.84,15.0,0.85,15.0,0.86,15.0,0.18,15.0,0.17,15.0,0.16,15.0,0.15,15.0,0.14,15.0,0.28,6.0,0.29,5.0,0.3,5.0,0.31,5.0,0.32,5.0,0.1,0.1,44.99428,1776166644000
1776166646.774,146.774,0.72,6.0,0.71,5.0,0.7,5.0,0.69,5.0,0.68,5.0,0.82,15.0,0.83,15.0,0.84,15.0,0.85,15.0,0.86,15.0,0.18,15.0,0.17,15.0,0.16,15.0,0.15,15.0,0.14,15.0,0.28,6.0,0.29,5.0,0.3,5.0,0.31,5.0,0.32,5.0,0.1,0.1,44.9944,1776166645000
1776166647.575,147.575,0.72,6.0,0.71,5.0,0.7,5.0,0.69,5.0,0.68,5.0,0.82,15.0,0.83,15.0,0.84,15.0,0.85,15.0,0.86,15.0,0.18,15.0,0.17,15.0,0.16,15.0,0.15,15.0,0.14,15.0,0.28,6.0,0.29,5.0,0.3,5.0,0.31,5.0,0.32,5.0,0.1,0.1,44.994392,1776166646000
1776166648.738,148.738,0.72,6.0,0.71,5.0,0.7,5.0,0.69,5.0,0.68,5.0,0.82,15.0,0.83,15.0,0.84,15.0,0.85,15.0,0.86,15.0,0.18,15.0,0.17,15.0,0.16,15.0,0.15,15.0,0.14,15.0,0.28,6.0,0.29,5.0,0.3,5.0,0.31,5.0,0.32,5.0,0.1,0.1,44.994403,1776166647000
1776166649.248,149.248,0.72,6.0,0.71,5.0,0.7,5.0,0.69,5.0,0.68,5.0,0.82,15.0,0.83,15.0,0.84,15.0,0.85,15.0,0.86,15.0,0.18,15.0,0.17,15.0,0.16,15.0,0.15,15.0,0.14,15.0,0.28,6.0,0.29,5.0,0.3,5.0,0.31,5.0,0.32,5.0,0.1,0.1,44.994403,1776166648000
1776166649.646,149.646,0.92,5.43,0.91,5.05,0.89,15.0,0.88,15.0,0.87,20.0,0.94,6.88,0.95,15.0,0.96,20.0,0.97,15.0,0.98,25.0,0.18,15.0,0.17,15.0,0.16,15.0,0.15,15.0,0.14,15.0,0.28,6.0,0.29,5.0,0.3,5.0,0.31,5.0,0.32,5.0,0.02,0.1,44.994403,1776166648000
1776166650.244,150.244,0.92,5.43,0.91,5.05,0.89,15.0,0.88,15.0,0.87,20.0,0.94,6.88,0.95,15.0,0.96,20.0,0.97,15.0,0.98,25.0,0.06,6.88,0.05,15.0,0.04,20.0,0.03,15.0,0.02,25.0,0.08,5.43,0.09,5.05,0.11,15.0,0.12,15.0,0.13,20.0,0.02,0.02,44.994403,1776166649000
1776166651.371,151.371,0.92,5.43,0.91,5.05,0.89,15.0,0.88,15.0,0.87,20.0,0.94,6.88,0.95,15.0,0.96,20.0,0.97,15.0,0.98,25.0,0.06,6.88,0.05,15.0,0.04,20.0,0.03,15.0,0.02,25.0,0.08,5.43,0.09,5.05,0.11,15.0,0.12,15.0,0.13,20.0,0.02,0.02,44.994858,1776166650000
1776166651.867,151.867,0.92,5.43,0.91,5.05,0.89,15.0,0.88,15.0,0.87,20.0,0.94,6.88,0.95,15.0,0.96,20.0,0.97,15.0,0.98,25.0,0.06,6.88,0.05,15.0,0.04,20.0,0.03,15.0,0.02,25.0,0.08,5.43,0.09,5.05,0.11,15.0,0.12,15.0,0.13,20.0,0.02,0.02,44.994778,1776166651000
1776166652.941,152.941,0.92,5.43,0.91,5.05,0.89,15.0,0.88,15.0,0.87,20.0,0.94,6.88,0.95,15.0,0.96,20.0,0.97,15.0,0.98,25.0,0.06,6.88,0.05,15.0,0.04,20.0,0.03,15.0,0.02,25.0,0.08,5.43,0.09,5.05,0.11,15.0,0.12,15.0,0.13,20.0,0.02,0.02,44.994779,1776166652000
1776166653.959,153.959,0.92,5.43,0.91,5.05,0.89,15.0,0.88,15.0,0.87,20.0,0.94,6.88,0.95,15.0,0.96,20.0,0.97,15.0,0.98,25.0,0.06,6.88,0.05,15.0,0.04,20.0,0.03,15.0,0.02,25.0,0.08,5.43,0.09,5.05,0.11,15.0,0.12,15.0,0.13,20.0,0.02,0.02,44.994778,1776166653000
1776166655.095,155.095,0.92,5.43,0.91,5.05,0.89,15.0,0.88,15.0,0.87,20.0,0.94,6.88,0.95,15.0,0.96,20.0,0.97,15.0,0.98,25.0,0.06,6.88,0.05,15.0,0.04,20.0,0.03,15.0,0.02,25.0,0.08,5.43,0.09,5.05,0.11,15.0,0.12,15.0,0.13,20.0,0.02,0.02,44.993484,1776166654000
1776166655.971,155.971,0.92,5.43,0.91,5.05,0.89,15.0,0.88,15.0,0.87,20.0,0.94,6.88,0.95,15.0,0.96,20.0,0.97,15.0,0.98,25.0,0.06,6.88,0.05,15.0,0.04,20.0,0.03,15.0,0.02,25.0,0.08,5.43,0.09,5.05,0.11,15.0,0.12,15.0,0.13,20.0,0.02,0.02,44.993477,1776166655000
1776166656.884,156.884,0.92,5.43,0.91,5.05,0.9,15.0,0.89,15.0,0.88,15.0,0.94,13.13,0.95,15.0,0.96,20.0,0.97,15.0,0.98,25.0,0.06,6.88,0.05,15.0,0.04,20.0,0.03,15.0,0.02,25.0,0.08,5.43,0.09,5.05,0.11,15.0,0.12,15.0,0.13,20.0,0.02,0.02,44.993477,1776166655000
1776166657.086,157.086,0.92,5.43,0.91,5.05,0.9,15.0,0.89,15.0,0.88,15.0,0.94,13.13,0.95,15.0,0.96,20.0,0.97,15.0,0.98,25.0,0.06,13.13,0.05,15.0,0.04,20.0,0.03,15.0,0.02,25.0,0.08,5.43,0.09,5.05,0.1,15.0,0.11,15.0,0.12,15.0,0.02,0.02,44.99325,1776166656000
1776166658.181,158.181,0.92,5.43,0.91,5.05,0.9,15.0,0.89,15.0,0.88,15.0,0.94,13.13,0.95,15.0,0.96,20.0,0.97,15.0,0.98,25.0,0.06,13.13,0.05,15.0,0.04,20.0,0.03,15.0,0.02,25.0,0.08,5.43,0.09,5.05,0.1,15.0,0.11,15.0,0.12,15.0,0.02,0.02,44.993277,1776166657000
1776166659.088,159.088,0.92,5.43,0.91,5.05,0.9,15.0,0.89,15.0,0.88,15.0,0.94,13.13,0.95,15.0,0.96,20.0,0.97,15.0,0.98,25.0,0.06,13.13,0.05,15.0,0.04,20.0,0.03,15.0,0.02,25.0,0.08,5.43,0.09,5.05,0.1,15.0,0.11,15.0,0.12,15.0,0.02,0.02,44.992843,1776166658000
1776166660.211,160.211,0.92,5.43,0.91,5.05,0.9,15.0,0.89,15.0,0.88,15.0,0.94,13.13,0.95,15.0,0.96,20.0,0.97,15.0,0.98,25.0,0.06,13.13,0.05,15.0,0.04,20.0,0.03,15.0,0.02,25.0,0.08,5.43,0.09,5.05,0.1,15.0,0.11,15.0,0.12,15.0,0.02,0.02,44.991609,1776166659000
1776166661.226,161.226,0.92,5.43,0.91,5.05,0.9,15.0,0.89,15.0,0.88,15.0,0.94,13.13,0.95,15.0,0.96,20.0,0.97,15.0,0.98,25.0,0.06,13.13,0.05,15.0,0.04,20.0,0.03,15.0,0.02,25.0,0.08,5.43,0.09,5.05,0.1,15.0,0.11,15.0,0.12,15.0,0.02,0.02,44.991672,1776166660000
1776166662.402,162.402,0.92,5.43,0.91,5.05,0.9,15.0,0.89,15.0,0.88,15.0,0.94,13.13,0.95,15.0,0.96,20.0,0.97,15.0,0.98,25.0,0.06,13.13,0.05,15.0,0.04,20.0,0.03,15.0,0.02,25.0,0.08,5.43,0.09,5.05,0.1,15.0,0.11,15.0,0.12,15.0,0.02,0.02,44.991105,1776166661000
1776166662.912,162.912,0.92,5.43,0.91,5.05,0.9,15.0,0.89,15.0,0.88,15.0,0.94,13.13,0.95,15.0,0.96,20.0,0.97,15.0,0.98,25.0,0.06,13.13,0.05,15.0,0.04,20.0,0.03,15.0,0.02,25.0,0.08,5.43,0.09,5.05,0.1,15.0,0.11,15.0,0.12,15.0,0.02,0.02,44.99168,1776166662000
1776166664.146,164.146,0.92,5.43,0.91,5.05,0.9,15.0,0.89,15.0,0.88,15.0,0.94,13.13,0.95,15.0,0.96,20.0,0.97,15.0,0.98,25.0,0.06,13.13,0.05,15.0,0.04,20.0,0.03,15.0,0.02,25.0,0.08,5.43,0.09,5.05,0.1,15.0,0.11,15.0,0.12,15.0,0.02,0.02,44.991686,1776166663000
1776166665.042,165.042,0.92,5.43,0.91,5.05,0.9,15.0,0.89,15.0,0.88,15.0,0.94,13.13,0.95,15.0,0.96,20.0,0.97,15.0,0.98,25.0,0.06,13.13,0.05,15.0,0.04,20.0,0.03,15.0,0.02,25.0,0.08,5.43,0.09,5.05,0.1,15.0,0.11,15.0,0.12,15.0,0.02,0.02,44.990659,1776166664000
1776166666.251,166.251,0.92,5.43,0.91,5.05,0.9,15.0,0.89,15.0,0.88,15.0,0.94,13.13,0.95,15.0,0.96,20.0,0.97,15.0,0.98,25.0,0.06,13.13,0.05,15.0,0.04,20.0,0.03,15.0,0.02,25.0,0.08,5.43,0.09,5.05,0.1,15.0,0.11,15.0,0.12,15.0,0.02,0.02,44.990881,1776166665000
1776166667.312,167.312,0.92,5.43,0.91,5.05,0.9,15.0,0.89,15.0,0.88,15.0,0.94,13.13,0.95,15.0,0.96,20.0,0.97,15.0,0.98,25.0,0.06,13.13,0.05,15.0,0.04,20.0,0.03,15.0,0.02,25.0,0.08,5.43,0.09,5.05,0.1,15.0,0.11,15.0,0.12,15.0,0.02,0.02,44.99098,1776166666000
1776166668.351,168.351,0.92,5.43,0.91,5.05,0.9,15.0,0.89,15.0,0.88,15.0,0.94,13.13,0.95,15.0,0.96,20.0,0.97,15.0,0.98,25.0,0.06,13.13,0.05,15.0,0.04,20.0,0.03,15.0,0.02,25.0,0.08,5.43,0.09,5.05,0.1,15.0,0.11,15.0,0.12,15.0,0.02,0.02,44.991033,1776166667000
1776166668.964,168.964,0.92,5.43,0.91,5.05,0.9,15.0,0.89,15.0,0.88,15.0,0.94,13.13,0.95,15.0,0.96,20.0,0.97,15.0,0.98,25.0,0.06,13.13,0.05,15.0,0.04,20.0,0.03,15.0,0.02,25.0,0.08,5.43,0.09,5.05,0.1,15.0,0.11,15.0,0.12,15.0,0.02,0.02,44.991058,1776166668000
1776166670.152,170.152,0.92,5.43,0.91,5.05,0.9,15.0,0.89,15.0,0.88,15.0,0.94,13.13,0.95,15.0,0.96,20.0,0.97,15.0,0.98,25.0,0.06,13.13,0.05,15.0,0.04,20.0,0.03,15.0,0.02,25.0,0.08,5.43,0.09,5.05,0.1,15.0,0.11,15.0,0.12,15.0,0.02,0.02,44.991192,1776166669000
1776166671.19,171.19,0.92,5.43,0.91,5.05,0.9,15.0,0.89,15.0,0.88,15.0,0.94,13.13,0.95,15.0,0.96,20.0,0.97,15.0,0.98,25.0,0.06,13.13,0.05,15.0,0.04,20.0,0.03,15.0,0.02,25.0,0.08,5.43,0.09,5.05,0.1,15.0,0.11,15.0,0.12,15.0,0.02,0.02,44.991246,1776166670000
1776166672.378,172.378,0.92,5.43,0.91,5.05,0.9,15.0,0.89,15.0,0.88,15.0,0.94,13.13,0.95,15.0,0.96,20.0,0.97,15.0,0.98,25.0,0.06,13.13,0.05,15.0,0.04,20.0,0.03,15.0,0.02,25.0,0.08,5.43,0.09,5.05,0.1,15.0,0.11,15.0,0.12,15.0,0.02,0.02,44.991335,1776166671000
1776166672.89,172.89,0.92,5.43,0.91,5.05,0.88,20.0,0.87,15.0,0.86,25.0,0.95,15.0,0.96,20.0,0.97,15.0,0.98,25.0,0.99,401.09,0.05,15.0,0.04,20.0,0.03,15.0,0.02,25.0,0.01,401.09,0.08,5.43,0.09,5.05,0.12,20.0,0.13,15.0,0.14,25.0,0.03,0.03,44.99093,1776166672000
1776166673.981,173.981,0.92,5.43,0.91,5.05,0.88,20.0,0.87,15.0,0.86,25.0,0.95,15.0,0.96,20.0,0.97,15.0,0.98,25.0,0.99,401.09,0.05,15.0,0.04,20.0,0.03,15.0,0.02,25.0,0.01,401.09,0.08,5.43,0.09,5.05,0.12,20.0,0.13,15.0,0.14,25.0,0.03,0.03,44.990251,1776166673000
1776166675.211,175.211,0.92,5.43,0.91,5.05,0.88,20.0,0.87,15.0,0.86,25.0,0.95,15.0,0.96,20.0,0.97,15.0,0.98,25.0,0.99,401.09,0.05,15.0,0.04,20.0,0.03,15.0,0.02,25.0,0.01,401.09,0.08,5.43,0.09,5.05,0.12,20.0,0.13,15.0,0.14,25.0,0.03,0.03,44.989038,1776166674000
1776166676.697,176.697,0.92,5.43,0.91,5.05,0.88,20.0,0.87,15.0,0.86,25.0,0.95,15.0,0.96,20.0,0.97,15.0,0.98,25.0,0.99,401.09,0.05,15.0,0.04,20.0,0.03,15.0,0.02,25.0,0.01,401.09,0.08,5.43,0.09,5.05,0.12,20.0,0.13,15.0,0.14,25.0,0.03,0.03,44.983411,1776166675000
1776166677.125,177.125,0.92,5.43,0.91,5.05,0.88,20.0,0.87,15.0,0.86,25.0,0.95,15.0,0.96,20.0,0.97,15.0,0.98,25.0,0.99,401.09,0.05,15.0,0.04,20.0,0.03,15.0,0.02,25.0,0.01,401.09,0.08,5.43,0.09,5.05,0.12,20.0,0.13,15.0,0.14,25.0,0.03,0.03,44.984881,1776166676000
1776166678.023,178.023,0.92,5.43,0.91,5.05,0.88,20.0,0.87,15.0,0.86,25.0,0.95,15.0,0.96,20.0,0.97,15.0,0.98,25.0,0.99,401.09,0.05,15.0,0.04,20.0,0.03,15.0,0.02,25.0,0.01,401.09,0.08,5.43,0.09,5.05,0.12,20.0,0.13,15.0,0.14,25.0,0.03,0.03,44.98434,1776166677000
1776166678.953,178.953,0.92,5.43,0.91,5.05,0.88,20.0,0.87,15.0,0.86,25.0,0.95,15.0,0.96,20.0,0.97,15.0,0.98,25.0,0.99,401.09,0.05,15.0,0.04,20.0,0.03,15.0,0.02,25.0,0.01,401.09,0.08,5.43,0.09,5.05,0.12,20.0,0.13,15.0,0.14,25.0,0.03,0.03,44.984351,1776166678000
1776166679.976,179.976,0.92,5.43,0.91,5.05,0.88,20.0,0.87,15.0,0.86,25.0,0.95,15.0,0.96,20.0,0.97,15.0,0.98,25.0,0.99,401.09,0.05,15.0,0.04,20.0,0.03,15.0,0.02,25.0,0.01,401.09,0.08,5.43,0.09,5.05,0.12,20.0,0.13,15.0,0.14,25.0,0.03,0.03,44.984281,1776166679000
1776166680.907,180.907,0.92,5.43,0.91,5.05,0.88,20.0,0.87,15.0,0.86,25.0,0.95,15.0,0.96,20.0,0.97,15.0,0.98,25.0,0.99,401.09,0.05,15.0,0.04,20.0,0.03,15.0,0.02,25.0,0.01,401.09,0.08,5.43,0.09,5.05,0.12,20.0,0.13,15.0,0.14,25.0,0.03,0.03,44.984281,1776166680000
1776166682.038,182.038,0.92,5.43,0.91,5.05,0.88,20.0,0.87,15.0,0.86,25.0,0.95,15.0,0.96,20.0,0.97,15.0,0.98,25.0,0.99,401.09,0.05,15.0,0.04,20.0,0.03,15.0,0.02,25.0,0.01,401.09,0.08,5.43,0.09,5.05,0.12,20.0,0.13,15.0,0.14,25.0,0.03,0.03,44.984875,1776166681000
1776166682.655,182.655,0.95,15.0,0.94,15.0,0.93,15.0,0.92,20.43,0.91,20.05,0.96,1.87,0.98,25.0,0.99,401.09,,,,,0.05,15.0,0.04,20.0,0.03,15.0,0.02,25.0,0.01,401.09,0.08,5.43,0.09,5.05,0.12,20.0,0.13,15.0,0.14,25.0,0.01,0.03,44.984875,1776166681000
1776166682.981,182.981,0.95,15.0,0.94,15.0,0.93,15.0,0.92,20.43,0.91,20.05,0.96,1.87,0.98,25.0,0.99,401.09,,,,,0.04,1.87,0.02,25.0,0.01,401.09,,,,,0.05,15.0,0.06,15.0,0.07,15.0,0.08,20.43,0.09,20.05,0.01,0.01,44.993812,1776166682000
1776166683.898,183.898,0.95,15.0,0.94,15.0,0.93,15.0,0.92,20.43,0.91,20.05,0.96,1.87,0.98,25.0,0.99,401.09,,,,,0.04,1.87,0.02,25.0,0.01,401.09,,,,,0.05,15.0,0.06,15.0,0.07,15.0,0.08,20.43,0.09,20.05,0.01,0.01,44.994659,1776166683000
1776166685.229,185.229,0.95,15.0,0.94,15.0,0.93,15.0,0.92,20.43,0.91,20.05,0.96,1.87,0.98,25.0,0.99,401.09,,,,,0.04,1.87,0.02,25.0,0.01,401.09,,,,,0.05,15.0,0.06,15.0,0.07,15.0,0.08,20.43,0.09,20.05,0.01,0.01,44.995726,1776166684000
1776166686.304,186.304,0.95,15.0,0.94,15.0,0.93,15.0,0.92,20.43,0.91,20.05,0.96,1.87,0.98,25.0,0.99,401.09,,,,,0.04,1.87,0.02,25.0,0.01,401.09,,,,,0.05,15.0,0.06,15.0,0.07,15.0,0.08,20.43,0.09,20.05,0.01,0.01,44.995728,1776166685000
1776166687.035,187.035,0.95,15.0,0.94,15.0,0.93,15.0,0.92,20.43,0.91,20.05,0.99,382.96,,,,,,,,,0.04,1.87,0.02,25.0,0.01,401.09,,,,,0.05,15.0,0.06,15.0,0.07,15.0,0.08,20.43,0.09,20.05,0.04,0.01,44.995728,1776166685000
1776166688.15,188.15,0.95,15.0,0.94,15.0,0.93,15.0,0.92,20.43,0.91,20.05,0.99,382.96,,,,,,,,,0.01,382.96,,,,,,,,,0.05,15.0,0.06,15.0,0.07,15.0,0.08,20.43,0.09,20.05,0.04,0.04,44.995728,1776166687000
1776166689.718,189.718,0.95,15.0,0.94,15.0,0.93,15.0,0.92,20.43,0.91,20.05,0.99,382.96,,,,,,,,,0.01,382.96,,,,,,,,,0.05,15.0,0.06,15.0,0.07,15.0,0.08,20.43,0.09,20.05,0.04,0.04,44.996297,1776166688000
1776166690.4,190.4,0.95,15.0,0.94,15.0,0.93,15.0,0.92,20.43,0.91,20.05,0.99,382.96,,,,,,,,,0.01,382.96,,,,,,,,,0.05,15.0,0.06,15.0,0.07,15.0,0.08,20.43,0.09,20.05,0.04,0.04,44.996003,1776166689000
1776166691.529,191.529,0.95,15.0,0.94,15.0,0.93,15.0,0.92,20.43,0.91,20.05,0.99,382.96,,,,,,,,,0.01,382.96,,,,,,,,,0.05,15.0,0.06,15.0,0.07,15.0,0.08,20.43,0.09,20.05,0.04,0.04,44.996003,1776166690000
1776166692.083,192.083,0.95,15.0,0.94,15.0,0.93,15.0,0.92,20.43,0.91,20.05,0.99,382.96,,,,,,,,,0.01,382.96,,,,,,,,,0.05,15.0,0.06,15.0,0.07,15.0,0.08,20.43,0.09,20.05,0.04,0.04,44.995989,1776166691000
1776166693.232,193.232,0.95,15.0,0.94,15.0,0.93,15.0,0.92,20.43,0.91,20.05,0.99,382.96,,,,,,,,,0.01,382.96,,,,,,,,,0.05,15.0,0.06,15.0,0.07,15.0,0.08,20.43,0.09,20.05,0.04,0.04,44.994103,1776166692000
1776166695.129,195.129,0.95,15.0,0.94,15.0,0.93,15.0,0.92,20.43,0.91,20.05,0.99,382.96,,,,,,,,,0.01,382.96,,,,,,,,,0.05,15.0,0.06,15.0,0.07,15.0,0.08,20.43,0.09,20.05,0.04,0.04,44.99569,1776166694000
1776166696.357,196.357,0.95,15.0,0.94,15.0,0.93,15.0,0.92,20.43,0.91,20.05,0.99,382.96,,,,,,,,,0.01,382.96,,,,,,,,,0.05,15.0,0.06,15.0,0.07,15.0,0.08,20.43,0.09,20.05,0.04,0.04,44.995696,1776166695000
1776166696.967,196.967,0.95,15.0,0.94,15.0,0.93,15.0,0.92,20.43,0.91,20.05,0.99,382.96,,,,,,,,,0.01,382.96,,,,,,,,,0.05,15.0,0.06,15.0,0.07,15.0,0.08,20.43,0.09,20.05,0.04,0.04,44.995696,1776166696000
1776166698.328,198.328,0.95,15.0,0.94,15.0,0.93,15.0,0.92,20.43,0.91,20.05,0.99,382.96,,,,,,,,,0.01,382.96,,,,,,,,,0.05,15.0,0.06,15.0,0.07,15.0,0.08,20.43,0.09,20.05,0.04,0.04,44.99569,1776166697000
1776166699.454,199.454,0.95,15.0,0.94,15.0,0.93,15.0,0.92,20.43,0.91,20.05,0.99,382.96,,,,,,,,,0.01,382.96,,,,,,,,,0.05,15.0,0.06,15.0,0.07,15.0,0.08,20.43,0.09,20.05,0.04,0.04,44.99569,1776166698000
1776166700.127,200.127,0.95,15.0,0.94,15.0,0.93,15.0,0.92,20.43,0.91,20.05,0.99,382.96,,,,,,,,,0.01,382.96,,,,,,,,,0.05,15.0,0.06,15.0,0.07,15.0,0.08,20.43,0.09,20.05,0.04,0.04,44.99569,1776166699000
1776166701.424,201.424,0.95,15.0,0.94,15.0,0.93,15.0,0.92,20.43,0.91,20.05,0.99,382.96,,,,,,,,,0.01,382.96,,,,,,,,,0.05,15.0,0.06,15.0,0.07,15.0,0.08,20.43,0.09,20.05,0.04,0.04,44.995951,1776166700000
1776166702.17,202.17,0.95,15.0,0.94,15.0,0.93,15.0,0.92,20.43,0.91,20.05,0.99,382.96,,,,,,,,,0.01,382.96,,,,,,,,,0.05,15.0,0.06,15.0,0.07,15.0,0.08,20.43,0.09,20.05,0.04,0.04,44.995902,1776166701000
1776166703.361,203.361,0.95,15.0,0.94,15.0,0.93,15.0,0.92,20.43,0.91,20.05,0.99,382.96,,,,,,,,,0.01,382.96,,,,,,,,,0.05,15.0,0.06,15.0,0.07,15.0,0.08,20.43,0.09,20.05,0.04,0.04,44.995955,1776166702000
1776166704.034,204.034,0.95,15.0,0.94,15.0,0.93,15.0,0.92,20.43,0.91,20.05,0.99,382.96,,,,,,,,,0.01,382.96,,,,,,,,,0.05,15.0,0.06,15.0,0.07,15.0,0.08,20.43,0.09,20.05,0.04,0.04,44.995948,1776166703000
1776166705.304,205.304,0.95,15.0,0.94,15.0,0.93,15.0,0.92,20.43,0.91,20.05,0.99,382.96,,,,,,,,,0.01,382.96,,,,,,,,,0.05,15.0,0.06,15.0,0.07,15.0,0.08,20.43,0.09,20.05,0.04,0.04,44.995936,1776166704000
1776166706.181,206.181,0.95,15.0,0.94,15.0,0.93,15.0,0.92,20.43,0.91,20.05,0.99,382.96,,,,,,,,,0.01,382.96,,,,,,,,,0.05,15.0,0.06,15.0,0.07,15.0,0.08,20.43,0.09,20.05,0.04,0.04,44.994271,1776166705000
1776166707.245,207.245,0.95,15.0,0.94,15.0,0.93,15.0,0.92,20.43,0.91,20.05,0.99,382.96,,,,,,,,,0.01,382.96,,,,,,,,,0.05,15.0,0.06,15.0,0.07,15.0,0.08,20.43,0.09,20.05,0.04,0.04,44.986991,1776166706000
1776166708.111,208.111,0.95,15.0,0.94,15.0,0.93,15.0,0.92,20.43,0.91,20.05,0.99,382.96,,,,,,,,,0.01,382.96,,,,,,,,,0.05,15.0,0.06,15.0,0.07,15.0,0.08,20.43,0.09,20.05,0.04,0.04,44.986991,1776166707000
1776166709.093,209.093,0.95,15.0,0.94,15.0,0.93,15.0,0.92,20.43,0.91,20.05,0.99,382.96,,,,,,,,,0.01,382.96,,,,,,,,,0.05,15.0,0.06,15.0,0.07,15.0,0.08,20.43,0.09,20.05,0.04,0.04,44.986907,1776166708000
1776166710.012,210.012,0.95,15.0,0.94,15.0,0.93,15.0,0.92,20.43,0.91,20.05,0.99,382.96,,,,,,,,,0.01,382.96,,,,,,,,,0.05,15.0,0.06,15.0,0.07,15.0,0.08,20.43,0.09,20.05,0.04,0.04,44.98709,1776166709000
1776166710.964,210.964,0.95,15.0,0.94,15.0,0.93,15.0,0.92,20.43,0.91,20.05,0.99,382.96,,,,,,,,,0.01,382.96,,,,,,,,,0.05,15.0,0.06,15.0,0.07,15.0,0.08,20.43,0.09,20.05,0.04,0.04,44.98709,1776166710000
1776166711.242,211.242,0.95,15.0,0.94,15.0,0.93,15.0,0.92,15.0,0.91,20.05,0.98,4.9,0.99,382.96,,,,,,,0.02,9.95,0.01,382.96,,,,,,,0.05,15.0,0.06,15.0,0.07,15.0,0.08,15.0,0.09,20.05,0.03,0.03,44.98709,1776166710000
1776166711.903,211.903,0.95,15.0,0.94,15.0,0.93,15.0,0.92,15.0,0.91,20.05,0.98,4.9,0.99,382.96,,,,,,,0.02,4.9,0.01,382.96,,,,,,,0.05,15.0,0.06,15.0,0.07,15.0,0.08,15.0,0.09,20.05,0.03,0.03,44.98709,1776166711000
1776166712.927,212.927,0.95,15.0,0.94,15.0,0.93,15.0,0.92,15.0,0.91,20.05,0.98,4.9,0.99,382.96,,,,,,,0.02,4.9,0.01,382.96,,,,,,,0.05,15.0,0.06,15.0,0.07,15.0,0.08,15.0,0.09,20.05,0.03,0.03,44.988496,1776166712000
1776166713.881,213.881,0.95,15.0,0.94,15.0,0.93,15.0,0.92,15.0,0.91,20.05,0.98,4.9,0.99,382.96,,,,,,,0.02,4.9,0.01,382.96,,,,,,,0.05,15.0,0.06,15.0,0.07,15.0,0.08,15.0,0.09,20.05,0.03,0.03,44.988633,1776166713000
1776166715.274,215.274,0.95,15.0,0.94,15.0,0.93,15.0,0.92,15.0,0.91,20.05,0.98,4.9,0.99,382.96,,,,,,,0.02,4.9,0.01,382.96,,,,,,,0.05,15.0,0.06,15.0,0.07,15.0,0.08,15.0,0.09,20.05,0.03,0.03,44.988633,1776166714000
1776166716.324,216.324,0.95,15.0,0.94,15.0,0.93,15.0,0.92,15.0,0.91,20.05,0.98,4.9,0.99,382.96,,,,,,,0.02,4.9,0.01,382.96,,,,,,,0.05,15.0,0.06,15.0,0.07,15.0,0.08,15.0,0.09,20.05,0.03,0.03,44.988633,1776166715000
1776166717.216,217.216,0.95,15.0,0.94,15.0,0.93,15.0,0.92,15.0,0.91,20.05,0.98,4.9,0.99,382.96,,,,,,,0.02,4.9,0.01,382.96,,,,,,,0.05,15.0,0.06,15.0,0.07,15.0,0.08,15.0,0.09,20.05,0.03,0.03,44.988633,1776166716000
1776166718.765,218.765,0.95,15.0,0.94,15.0,0.93,15.0,0.92,15.0,0.91,20.05,0.98,4.9,0.99,382.96,,,,,,,0.02,4.9,0.01,382.96,,,,,,,0.05,15.0,0.06,15.0,0.07,15.0,0.08,15.0,0.09,20.05,0.03,0.03,44.988598,1776166717000
1776166719.328,219.328,0.95,15.0,0.94,15.0,0.93,15.0,0.92,15.0,0.91,20.05,0.98,4.9,0.99,382.96,,,,,,,0.02,4.9,0.01,382.96,,,,,,,0.05,15.0,0.06,15.0,0.07,15.0,0.08,15.0,0.09,20.05,0.03,0.03,44.988597,1776166718000
1776166720.899,220.899,0.95,15.0,0.94,15.0,0.93,15.0,0.92,15.0,0.91,20.05,0.98,4.9,0.99,382.96,,,,,,,0.02,4.9,0.01,382.96,,,,,,,0.05,15.0,0.06,15.0,0.07,15.0,0.08,15.0,0.09,20.05,0.03,0.03,44.988597,1776166719000
1776166721.405,221.405,0.95,15.0,0.94,15.0,0.93,15.0,0.92,15.0,0.91,20.05,0.98,4.9,0.99,382.96,,,,,,,0.02,4.9,0.01,382.96,,,,,,,0.05,15.0,0.06,15.0,0.07,15.0,0.08,15.0,0.09,20.05,0.03,0.03,44.988597,1776166720000
1776166722.143,222.143,0.95,15.0,0.94,15.0,0.93,15.0,0.92,15.0,0.91,20.05,0.98,4.9,0.99,382.96,,,,,,,0.02,4.9,0.01,382.96,,,,,,,0.05,15.0,0.06,15.0,0.07,15.0,0.08,15.0,0.09,20.05,0.03,0.03,44.988555,1776166721000
1776166723.351,223.351,0.95,15.0,0.94,15.0,0.93,15.0,0.92,15.0,0.91,20.05,0.98,4.9,0.99,382.96,,,,,,,0.02,4.9,0.01,382.96,,,,,,,0.05,15.0,0.06,15.0,0.07,15.0,0.08,15.0,0.09,20.05,0.03,0.03,44.988472,1776166722000
1776166723.981,223.981,0.95,15.0,0.94,15.0,0.93,15.0,0.92,15.0,0.91,20.05,0.98,4.9,0.99,382.96,,,,,,,0.02,4.9,0.01,382.96,,,,,,,0.05,15.0,0.06,15.0,0.07,15.0,0.08,15.0,0.09,20.05,0.03,0.03,44.988041,1776166723000
1776166725.073,225.073,0.95,15.0,0.94,15.0,0.93,15.0,0.92,15.0,0.91,20.05,0.98,4.9,0.99,382.96,,,,,,,0.02,4.9,0.01,382.96,,,,,,,0.05,15.0,0.06,15.0,0.07,15.0,0.08,15.0,0.09,20.05,0.03,0.03,44.988041,1776166724000
1776166726.192,226.192,0.95,15.0,0.94,15.0,0.93,15.0,0.92,15.0,0.91,20.05,0.98,4.9,0.99,382.96,,,,,,,0.02,4.9,0.01,382.96,,,,,,,0.05,15.0,0.06,15.0,0.07,15.0,0.08,15.0,0.09,20.05,0.03,0.03,44.988121,1776166725000
1776166727.439,227.439,0.95,15.0,0.94,15.0,0.93,15.0,0.92,15.0,0.91,20.05,0.98,4.9,0.99,382.96,,,,,,,0.02,4.9,0.01,382.96,,,,,,,0.05,15.0,0.06,15.0,0.07,15.0,0.08,15.0,0.09,20.05,0.03,0.03,44.988121,1776166726000
1776166728.11,228.11,0.95,15.0,0.94,15.0,0.93,15.0,0.92,15.0,0.91,20.05,0.98,4.9,0.99,382.96,,,,,,,0.02,4.9,0.01,382.96,,,,,,,0.05,15.0,0.06,15.0,0.07,15.0,0.08,15.0,0.09,20.05,0.03,0.03,44.988107,1776166727000
1776166729.329,229.329,0.95,15.0,0.94,15.0,0.93,15.0,0.92,15.0,0.91,20.05,0.98,4.9,0.99,382.96,,,,,,,0.02,4.9,0.01,382.96,,,,,,,0.05,15.0,0.06,15.0,0.07,15.0,0.08,15.0,0.09,20.05,0.03,0.03,44.988107,1776166728000
1776166730.55,230.55,0.95,15.0,0.94,15.0,0.93,15.0,0.92,15.0,0.91,20.05,0.98,4.9,0.99,382.96,,,,,,,0.02,4.9,0.01,382.96,,,,,,,0.05,15.0,0.06,15.0,0.07,15.0,0.08,15.0,0.09,20.05,0.03,0.03,44.983109,1776166729000
1776166730.993,230.993,0.91,17.05,0.89,5.0,0.86,15.0,0.85,25.0,0.84,15.0,0.92,11.73,0.93,15.0,0.94,15.0,0.95,15.0,0.96,15.0,0.02,4.9,0.01,382.96,,,,,,,0.05,15.0,0.06,15.0,0.07,15.0,0.08,15.0,0.09,20.05,0.01,0.03,44.983109,1776166729000
1776166731.28,231.28,0.91,17.05,0.89,5.0,0.86,25.0,0.85,15.0,0.84,15.0,0.93,15.0,0.94,15.0,0.95,15.0,0.96,15.0,0.97,15.0,0.08,11.73,0.07,15.0,0.06,15.0,0.05,15.0,0.04,15.0,0.09,17.05,0.11,5.0,0.14,15.0,0.15,25.0,0.16,15.0,0.02,0.01,44.981225,1776166730000
1776166732.146,232.146,0.91,17.05,0.89,5.0,0.86,25.0,0.85,15.0,0.84,15.0,0.93,15.0,0.94,15.0,0.95,15.0,0.96,15.0,0.97,15.0,0.07,15.0,0.06,15.0,0.05,15.0,0.04,15.0,0.03,15.0,0.09,17.05,0.11,5.0,0.14,25.0,0.15,15.0,0.16,15.0,0.02,0.02,44.976512,1776166731000
1776166732.633,232.633,0.91,17.05,0.89,5.0,0.87,15.0,0.86,25.0,0.85,15.0,0.94,15.0,0.95,15.0,0.96,15.0,0.97,15.0,0.98,15.0,0.07,15.0,0.06,15.0,0.05,15.0,0.04,15.0,0.03,15.0,0.09,17.05,0.11,5.0,0.14,25.0,0.15,15.0,0.16,15.0,0.03,0.02,44.976512,1776166731000
1776166733.308,233.308,0.91,17.05,0.89,5.0,0.87,15.0,0.86,25.0,0.85,15.0,0.94,15.0,0.95,15.0,0.96,15.0,0.97,15.0,0.98,15.0,0.06,15.0,0.05,15.0,0.04,15.0,0.03,15.0,0.02,15.0,0.09,17.05,0.11,5.0,0.13,15.0,0.14,25.0,0.15,15.0,0.03,0.03,44.970071,1776166732000
1776166734.28,234.28,0.91,17.05,0.89,5.0,0.87,15.0,0.86,25.0,0.85,15.0,0.94,15.0,0.95,15.0,0.96,15.0,0.97,15.0,0.98,15.0,0.06,15.0,0.05,15.0,0.04,15.0,0.03,15.0,0.02,15.0,0.09,17.05,0.11,5.0,0.13,15.0,0.14,25.0,0.15,15.0,0.03,0.03,44.968325,1776166733000
1776166735.401,235.401,0.91,5.05,0.89,5.0,0.87,15.0,0.86,15.0,0.85,25.0,0.93,15.0,0.94,15.0,0.95,15.0,0.96,15.0,0.97,15.0,0.07,15.0,0.06,15.0,0.05,15.0,0.04,15.0,0.03,15.0,0.09,5.05,0.11,5.0,0.13,15.0,0.14,15.0,0.15,25.0,0.02,0.02,44.966883,1776166734000
1776166735.972,235.972,0.91,5.05,0.89,5.0,0.87,15.0,0.86,15.0,0.85,25.0,0.93,15.0,0.94,15.0,0.95,15.0,0.96,15.0,0.97,15.0,0.07,15.0,0.06,15.0,0.05,15.0,0.04,15.0,0.03,15.0,0.09,5.05,0.11,5.0,0.13,15.0,0.14,15.0,0.15,25.0,0.02,0.02,44.966883,1776166735000
1776166737.124,237.124,0.91,5.05,0.89,5.0,0.87,15.0,0.86,15.0,0.85,25.0,0.93,15.0,0.94,15.0,0.95,15.0,0.96,15.0,0.97,15.0,0.07,15.0,0.06,15.0,0.05,15.0,0.04,15.0,0.03,15.0,0.09,5.05,0.11,5.0,0.13,15.0,0.14,15.0,0.15,25.0,0.02,0.02,44.966154,1776166736000
1776166738.35,238.35,0.91,5.05,0.89,5.0,0.87,15.0,0.86,15.0,0.85,25.0,0.93,15.0,0.94,15.0,0.95,15.0,0.96,15.0,0.97,15.0,0.07,15.0,0.06,15.0,0.05,15.0,0.04,15.0,0.03,15.0,0.09,5.05,0.11,5.0,0.13,15.0,0.14,15.0,0.15,25.0,0.02,0.02,44.963518,1776166737000
1776166739.269,239.269,0.91,5.05,0.89,5.0,0.87,15.0,0.86,15.0,0.85,25.0,0.93,15.0,0.94,15.0,0.95,15.0,0.96,15.0,0.97,15.0,0.07,15.0,0.06,15.0,0.05,15.0,0.04,15.0,0.03,15.0,0.09,5.05,0.11,5.0,0.13,15.0,0.14,15.0,0.15,25.0,0.02,0.02,44.963152,1776166738000
1776166740.282,240.282,0.91,5.05,0.89,5.0,0.87,15.0,0.86,15.0,0.85,25.0,0.93,15.0,0.94,15.0,0.95,15.0,0.96,15.0,0.97,15.0,0.07,15.0,0.06,15.0,0.05,15.0,0.04,15.0,0.03,15.0,0.09,5.05,0.11,5.0,0.13,15.0,0.14,15.0,0.15,25.0,0.02,0.02,44.963084,1776166739000
1776166741.407,241.407,0.91,5.05,0.89,5.0,0.87,15.0,0.86,15.0,0.85,25.0,0.93,15.0,0.94,15.0,0.95,15.0,0.96,15.0,0.97,15.0,0.07,15.0,0.06,15.0,0.05,15.0,0.04,15.0,0.03,15.0,0.09,5.05,0.11,5.0,0.13,15.0,0.14,15.0,0.15,25.0,0.02,0.02,44.961357,1776166740000
1776166741.622,241.622,0.88,5.0,0.79,16.32,0.75,15.0,0.74,15.0,0.73,15.0,0.92,15.0,0.93,15.0,0.94,15.0,0.95,15.0,0.96,40.0,0.07,15.0,0.06,15.0,0.05,15.0,0.04,15.0,0.03,15.0,0.09,5.05,0.11,5.0,0.13,15.0,0.14,15.0,0.15,25.0,0.04,0.02,44.961357,1776166740000
1776166741.828,241.828,0.88,5.0,0.79,16.32,0.76,15.0,0.75,15.0,0.74,15.0,0.92,13.91,0.93,15.0,0.94,15.0,0.95,15.0,0.96,40.0,0.08,15.0,0.07,15.0,0.06,15.0,0.05,15.0,0.04,40.0,0.12,5.0,0.21,16.32,0.25,15.0,0.26,15.0,0.27,15.0,0.04,0.04,44.961357,1776166740000
1776166742.954,242.954,0.79,16.32,0.74,15.0,0.73,15.0,0.72,15.0,0.71,15.0,0.9,15.0,0.91,15.0,0.92,13.91,0.93,15.0,0.94,15.0,0.08,13.91,0.07,15.0,0.06,15.0,0.05,15.0,0.04,40.0,0.12,5.0,0.21,16.32,0.24,15.0,0.25,15.0,0.26,15.0,0.11,0.04,44.960395,1776166741000
1776166744.238,244.238,0.79,16.32,0.74,15.0,0.73,15.0,0.72,15.0,0.71,15.0,0.9,15.0,0.91,15.0,0.92,13.91,0.93,15.0,0.94,15.0,0.1,15.0,0.09,15.0,0.08,13.91,0.07,15.0,0.06,15.0,0.21,16.32,0.26,15.0,0.27,15.0,0.28,15.0,0.29,15.0,0.11,0.11,44.950224,1776166743000
1776166744.621,244.621,0.8,10.0,0.79,6.32,0.77,15.0,0.76,15.0,0.75,15.0,0.89,15.0,0.9,15.0,0.91,15.0,0.92,13.91,0.93,15.0,0.1,15.0,0.09,15.0,0.08,13.91,0.07,15.0,0.06,15.0,0.21,16.32,0.26,15.0,0.27,15.0,0.28,15.0,0.29,15.0,0.09,0.11,44.950224,1776166743000
1776166745.373,245.373,0.8,10.0,0.79,6.32,0.77,15.0,0.76,15.0,0.75,15.0,0.89,15.0,0.9,15.0,0.91,15.0,0.92,13.91,0.93,15.0,0.11,15.0,0.1,15.0,0.09,15.0,0.08,13.91,0.07,15.0,0.2,10.0,0.21,6.32,0.23,15.0,0.24,15.0,0.25,15.0,0.09,0.09,44.950469,1776166744000
1776166745.965,245.965,0.8,10.0,0.79,6.32,0.77,15.0,0.76,15.0,0.75,15.0,0.89,15.0,0.9,15.0,0.91,15.0,0.92,13.91,0.93,15.0,0.11,15.0,0.1,15.0,0.09,15.0,0.08,13.91,0.07,15.0,0.2,10.0,0.21,6.32,0.23,15.0,0.24,15.0,0.25,15.0,0.09,0.09,44.949809,1776166745000
1776166746.237,246.237,0.79,21.32,0.78,15.0,0.77,15.0,0.76,15.0,0.75,15.0,0.87,15.0,0.88,15.0,0.89,15.0,0.9,15.0,0.91,15.0,0.11,15.0,0.1,15.0,0.09,15.0,0.08,13.91,0.07,15.0,0.2,10.0,0.21,6.32,0.23,15.0,0.24,15.0,0.25,15.0,0.08,0.09,44.949809,1776166745000
1776166747.188,247.188,0.79,21.32,0.78,15.0,0.77,15.0,0.76,15.0,0.75,15.0,0.87,15.0,0.88,15.0,0.89,15.0,0.9,15.0,0.91,15.0,0.13,15.0,0.12,15.0,0.11,15.0,0.1,15.0,0.09,15.0,0.21,21.32,0.22,15.0,0.23,15.0,0.24,15.0,0.25,15.0,0.08,0.08,44.94971,1776166746000
1776166748.753,248.753,0.79,21.32,0.78,15.0,0.77,15.0,0.76,15.0,0.75,15.0,0.87,15.0,0.88,15.0,0.89,15.0,0.9,15.0,0.91,15.0,0.13,15.0,0.12,15.0,0.11,15.0,0.1,15.0,0.09,15.0,0.21,21.32,0.22,15.0,0.23,15.0,0.24,15.0,0.25,15.0,0.08,0.08,44.949146,1776166747000
1776166749.266,249.266,0.79,21.32,0.78,15.0,0.77,15.0,0.76,15.0,0.75,15.0,0.87,15.0,0.88,15.0,0.89,15.0,0.9,15.0,0.91,15.0,0.13,15.0,0.12,15.0,0.11,15.0,0.1,15.0,0.09,15.0,0.21,21.32,0.22,15.0,0.23,15.0,0.24,15.0,0.25,15.0,0.08,0.08,44.94866,1776166748000
1776166750.428,250.428,0.79,21.32,0.78,15.0,0.77,15.0,0.76,15.0,0.75,15.0,0.87,15.0,0.88,15.0,0.89,15.0,0.9,15.0,0.91,15.0,0.13,15.0,0.12,15.0,0.11,15.0,0.1,15.0,0.09,15.0,0.21,21.32,0.22,15.0,0.23,15.0,0.24,15.0,0.25,15.0,0.08,0.08,44.94866,1776166749000
1776166750.984,250.984,0.62,0.32,0.6,15.0,0.59,15.0,0.58,15.0,0.57,15.0,0.88,15.0,0.89,15.0,0.9,15.0,0.91,15.0,0.92,13.91,0.11,15.0,0.1,15.0,0.09,15.0,0.08,13.91,0.07,15.0,0.18,15.0,0.19,20.69,0.2,15.0,0.21,39.23,0.22,15.0,0.26,0.07,44.94866,1776166749000
1776166751.263,251.263,0.62,0.32,0.6,15.0,0.59,15.0,0.58,15.0,0.57,15.0,0.88,15.0,0.89,15.0,0.9,15.0,0.91,15.0,0.92,13.91,0.12,15.0,0.11,15.0,0.1,15.0,0.09,15.0,0.08,13.91,0.38,0.32,0.4,15.0,0.41,15.0,0.42,15.0,0.43,15.0,0.26,0.26,44.947864,1776166750000
1776166751.951,251.951,0.62,7.24,0.6,15.0,0.59,15.0,0.58,15.0,0.57,15.0,0.79,10.0,0.86,15.0,0.87,15.0,0.88,15.0,0.89,15.0,0.12,15.0,0.11,15.0,0.1,15.0,0.09,15.0,0.08,13.91,0.38,0.32,0.4,15.0,0.41,15.0,0.42,15.0,0.43,15.0,0.17,0.26,44.947864,1776166750000
1776166752.452,252.452,0.62,7.24,0.6,15.0,0.59,15.0,0.58,15.0,0.57,15.0,0.79,10.0,0.86,15.0,0.87,15.0,0.88,15.0,0.89,15.0,0.21,10.0,0.14,15.0,0.13,15.0,0.12,15.0,0.11,15.0,0.38,7.24,0.4,15.0,0.41,15.0,0.42,15.0,0.43,15.0,0.17,0.17,44.946549,1776166751000
1776166753.027,253.027,0.15,95.0,0.04,20.0,0.03,15.0,0.02,25.0,0.01,1391.09,0.19,39.0,0.2,10.0,0.84,15.0,0.85,15.0,0.86,15.0,0.8,10.0,0.67,26.0,0.31,16.0,0.15,15.0,0.14,15.0,0.83,11.42,0.84,15.0,0.85,115.0,0.86,50.0,0.87,15.0,0.04,0.03,44.946549,1776166751000
1776166753.363,253.363,0.15,95.0,0.05,15.0,0.04,20.0,0.03,15.0,0.02,25.0,0.19,18.09,0.2,10.0,0.84,15.0,0.85,15.0,0.86,15.0,0.81,23.36,0.8,10.0,0.16,15.0,0.15,15.0,0.14,15.0,0.85,95.0,0.96,20.0,0.97,15.0,0.98,25.0,0.99,1391.09,0.04,0.04,44.946549,1776166751000
1776166753.67,253.67,0.1,96.7,0.05,15.0,0.04,20.0,0.03,15.0,0.02,25.0,0.19,18.09,0.2,10.0,0.84,15.0,0.85,15.0,0.86,15.0,0.81,18.09,0.8,10.0,0.16,15.0,0.15,15.0,0.14,15.0,0.85,95.0,0.95,15.0,0.96,20.0,0.97,15.0,0.98,25.0,0.09,0.04,44.939266,1776166752000
1776166754.069,254.069,0.1,96.7,0.05,15.0,0.04,20.0,0.03,15.0,0.02,25.0,0.19,18.09,0.2,10.0,0.84,15.0,0.85,15.0,0.86,15.0,0.81,18.09,0.8,10.0,0.16,15.0,0.15,15.0,0.14,15.0,0.9,96.7,0.95,15.0,0.96,20.0,0.97,15.0,0.98,25.0,0.09,0.09,44.934305,1776166753000
1776166755.147,255.147,0.1,96.7,0.05,15.0,0.04,20.0,0.03,15.0,0.02,25.0,0.19,18.09,0.2,10.0,0.84,15.0,0.85,15.0,0.86,15.0,0.81,18.09,0.8,10.0,0.16,15.0,0.15,15.0,0.14,15.0,0.9,96.7,0.95,15.0,0.96,20.0,0.97,15.0,0.98,25.0,0.09,0.09,44.894213,1776166754000
1776166756.165,256.165,0.1,96.7,0.05,15.0,0.04,20.0,0.03,15.0,0.02,25.0,0.19,18.09,0.2,10.0,0.84,15.0,0.85,15.0,0.86,15.0,0.81,18.09,0.8,10.0,0.16,15.0,0.15,15.0,0.14,15.0,0.9,96.7,0.95,15.0,0.96,20.0,0.97,15.0,0.98,25.0,0.09,0.09,44.876726,1776166755000
1776166757.142,257.142,0.03,165.0,0.02,10.0,0.01,391.09,,,,,0.15,57.31,0.2,10.0,0.29,7.0,0.76,15.0,0.77,15.0,0.81,18.09,0.8,10.0,0.16,15.0,0.15,15.0,0.14,15.0,0.9,96.7,0.95,15.0,0.96,20.0,0.97,15.0,0.98,25.0,0.12,0.09,44.876726,1776166755000
1776166758.206,258.206,,,,,,,,,,,0.01,533.91,0.15,47.0,0.2,10.0,0.29,7.0,0.7,100.0,0.85,57.31,0.8,10.0,0.71,7.0,0.24,15.0,0.23,15.0,0.97,165.0,0.98,10.0,0.99,391.09,,,,,,0.12,44.862999,1776166756000
1776166758.517,258.517,,,,,,,,,,,0.01,533.91,0.15,47.0,0.2,10.0,0.29,7.0,0.7,100.0,0.99,533.91,0.85,47.0,0.8,10.0,0.71,7.0,0.3,100.0,,,,,,,,,,,,,44.862683,1776166757000
1776166759.07,259.07,,,,,,,,,,,0.01,533.91,0.15,47.0,0.2,10.0,0.29,7.0,0.7,100.0,0.99,533.91,0.85,47.0,0.8,10.0,0.71,7.0,0.3,100.0,,,,,,,,,,,,,44.846035,1776166758000
1776166759.989,259.989,,,,,,,,,,,0.01,533.91,0.15,47.0,0.2,10.0,0.29,7.0,0.7,100.0,0.99,533.91,0.85,47.0,0.8,10.0,0.71,7.0,0.3,100.0,,,,,,,,,,,,,44.843164,1776166759000
1776166761.021,261.021,,,,,,,,,,,0.01,533.91,0.15,47.0,0.2,10.0,0.29,7.0,0.7,100.0,0.99,533.91,0.85,47.0,0.8,10.0,0.71,7.0,0.3,100.0,,,,,,,,,,,,,44.832817,1776166760000
1776166762.498,262.498,,,,,,,,,,,0.01,533.91,0.15,47.0,0.2,10.0,0.29,7.0,0.7,100.0,0.99,533.91,0.85,47.0,0.8,10.0,0.71,7.0,0.3,100.0,,,,,,,,,,,,,44.832936,1776166761000
1776166763.017,263.017,,,,,,,,,,,0.01,533.91,0.15,47.0,0.2,10.0,0.29,7.0,0.7,100.0,0.99,533.91,0.85,47.0,0.8,10.0,0.71,7.0,0.3,100.0,,,,,,,,,,,,,44.832326,1776166762000
1776166763.956,263.956,,,,,,,,,,,0.01,533.91,0.15,47.0,0.2,10.0,0.29,7.0,0.7,100.0,0.99,533.91,0.85,47.0,0.8,10.0,0.71,7.0,0.3,100.0,,,,,,,,,,,,,44.829665,1776166763000
1776166764.972,264.972,,,,,,,,,,,0.01,533.91,0.15,47.0,0.2,10.0,0.29,7.0,0.7,100.0,0.99,533.91,0.85,47.0,0.8,10.0,0.71,7.0,0.3,100.0,,,,,,,,,,,,,44.828468,1776166764000
1776166765.964,265.964,,,,,,,,,,,0.01,533.91,0.15,47.0,0.2,10.0,0.29,7.0,0.7,100.0,0.99,533.91,0.85,47.0,0.8,10.0,0.71,7.0,0.3,100.0,,,,,,,,,,,,,44.828137,1776166765000
1776166767.028,267.028,,,,,,,,,,,0.01,533.91,0.15,47.0,0.2,10.0,0.29,7.0,0.7,100.0,0.99,533.91,0.85,47.0,0.8,10.0,0.71,7.0,0.3,100.0,,,,,,,,,,,,,44.831238,1776166766000
1776166767.816,267.816,,,,,,,,,,,0.01,533.91,0.15,47.0,0.2,10.0,0.29,7.0,0.7,100.0,0.99,533.91,0.85,47.0,0.8,10.0,0.71,7.0,0.3,100.0,,,,,,,,,,,,,44.830988,1776166767000
1776166769.346,269.346,,,,,,,,,,,0.01,533.91,0.15,47.0,0.2,10.0,0.29,7.0,0.7,100.0,0.99,533.91,0.85,47.0,0.8,10.0,0.71,7.0,0.3,100.0,,,,,,,,,,,,,44.830282,1776166768000
1776166770.29,270.29,,,,,,,,,,,0.01,533.91,0.15,47.0,0.2,10.0,0.29,7.0,0.7,100.0,0.99,533.91,0.85,47.0,0.8,10.0,0.71,7.0,0.3,100.0,,,,,,,,,,,,,44.830389,1776166769000
1776166771.204,271.204,,,,,,,,,,,0.01,533.91,0.15,47.0,0.2,10.0,0.29,7.0,0.7,100.0,0.99,533.91,0.85,47.0,0.8,10.0,0.71,7.0,0.3,100.0,,,,,,,,,,,,,44.834817,1776166770000
1776166772.245,272.245,,,,,,,,,,,0.01,533.91,0.15,47.0,0.2,10.0,0.29,7.0,0.7,100.0,0.99,533.91,0.85,47.0,0.8,10.0,0.71,7.0,0.3,100.0,,,,,,,,,,,,,44.834817,1776166771000
1776166773.133,273.133,,,,,,,,,,,0.01,533.91,0.15,47.0,0.2,10.0,0.29,7.0,0.7,100.0,0.99,533.91,0.85,47.0,0.8,10.0,0.71,7.0,0.3,100.0,,,,,,,,,,,,,44.834757,1776166772000
1776166774.093,274.093,,,,,,,,,,,0.01,533.91,0.15,47.0,0.2,10.0,0.29,7.0,0.7,100.0,0.99,533.91,0.85,47.0,0.8,10.0,0.71,7.0,0.3,100.0,,,,,,,,,,,,,44.823881,1776166773000
1776166775.111,275.111,,,,,,,,,,,0.01,533.91,0.15,47.0,0.2,10.0,0.29,7.0,0.7,100.0,0.99,533.91,0.85,47.0,0.8,10.0,0.71,7.0,0.3,100.0,,,,,,,,,,,,,44.823095,1776166774000
1776166775.971,275.971,,,,,,,,,,,0.01,533.91,0.15,47.0,0.2,10.0,0.29,7.0,0.7,100.0,0.99,533.91,0.85,47.0,0.8,10.0,0.71,7.0,0.3,100.0,,,,,,,,,,,,,44.823127,1776166775000
1776166776.97,276.97,,,,,,,,,,,0.01,533.91,0.15,47.0,0.2,10.0,0.29,7.0,0.7,100.0,0.99,533.91,0.85,47.0,0.8,10.0,0.71,7.0,0.3,100.0,,,,,,,,,,,,,44.823062,1776166776000
1776166778.017,278.017,,,,,,,,,,,0.01,533.91,0.15,47.0,0.2,10.0,0.29,7.0,0.7,100.0,0.99,533.91,0.85,47.0,0.8,10.0,0.71,7.0,0.3,100.0,,,,,,,,,,,,,44.823032,1776166777000
1776166778.947,278.947,,,,,,,,,,,0.01,533.91,0.15,47.0,0.2,10.0,0.29,7.0,0.7,100.0,0.99,533.91,0.85,47.0,0.8,10.0,0.71,7.0,0.3,100.0,,,,,,,,,,,,,44.822016,1776166778000
1776166779.911,279.911,,,,,,,,,,,0.01,533.91,0.15,47.0,0.2,10.0,0.29,7.0,0.7,100.0,0.99,533.91,0.85,47.0,0.8,10.0,0.71,7.0,0.3,100.0,,,,,,,,,,,,,44.821973,1776166779000
1776166781.314,281.314,,,,,,,,,,,0.01,533.91,0.15,47.0,0.2,10.0,0.29,7.0,0.7,100.0,0.99,533.91,0.85,47.0,0.8,10.0,0.71,7.0,0.3,100.0,,,,,,,,,,,,,44.821227,1776166780000
1776166782.176,282.176,,,,,,,,,,,0.01,533.91,0.15,47.0,0.2,10.0,0.29,7.0,0.7,100.0,0.99,533.91,0.85,47.0,0.8,10.0,0.71,7.0,0.3,100.0,,,,,,,,,,,,,44.818864,1776166781000
1776166783.076,283.076,,,,,,,,,,,0.01,533.91,0.15,47.0,0.2,10.0,0.29,7.0,0.7,100.0,0.99,533.91,0.85,47.0,0.8,10.0,0.71,7.0,0.3,100.0,,,,,,,,,,,,,44.818229,1776166782000
1776166784.098,284.098,,,,,,,,,,,0.01,533.91,0.15,47.0,0.2,10.0,0.29,7.0,0.7,100.0,0.99,533.91,0.85,47.0,0.8,10.0,0.71,7.0,0.3,100.0,,,,,,,,,,,,,44.818229,1776166783000
1776166784.954,284.954,,,,,,,,,,,0.01,533.91,0.15,47.0,0.2,10.0,0.29,7.0,0.7,100.0,0.99,533.91,0.85,47.0,0.8,10.0,0.71,7.0,0.3,100.0,,,,,,,,,,,,,44.818474,1776166784000
1776166785.925,285.925,,,,,,,,,,,0.01,533.91,0.15,47.0,0.2,10.0,0.29,7.0,0.7,100.0,0.99,533.91,0.85,47.0,0.8,10.0,0.71,7.0,0.3,100.0,,,,,,,,,,,,,44.812124,1776166785000
1776166787.407,287.407,,,,,,,,,,,0.01,533.91,0.15,47.0,0.2,10.0,0.29,7.0,0.7,100.0,0.99,533.91,0.85,47.0,0.8,10.0,0.71,7.0,0.3,100.0,,,,,,,,,,,,,44.811755,1776166786000
1776166787.985,287.985,,,,,,,,,,,0.01,533.91,0.15,47.0,0.2,10.0,0.29,7.0,0.7,100.0,0.99,533.91,0.85,47.0,0.8,10.0,0.71,7.0,0.3,100.0,,,,,,,,,,,,,44.811753,1776166787000
1776166789.357,289.357,,,,,,,,,,,0.01,533.91,0.15,47.0,0.2,10.0,0.29,7.0,0.7,100.0,0.99,533.91,0.85,47.0,0.8,10.0,0.71,7.0,0.3,100.0,,,,,,,,,,,,,44.811718,1776166788000
1776166790.48,290.48,,,,,,,,,,,0.01,533.91,0.15,47.0,0.2,10.0,0.29,7.0,0.7,100.0,0.99,533.91,0.85,47.0,0.8,10.0,0.71,7.0,0.3,100.0,,,,,,,,,,,,,44.81147,1776166789000
1776166791.043,291.043,,,,,,,,,,,0.01,533.91,0.15,47.0,0.2,10.0,0.29,7.0,0.7,100.0,0.99,533.91,0.85,47.0,0.8,10.0,0.71,7.0,0.3,100.0,,,,,,,,,,,,,44.81147,1776166790000
1776166792.297,292.297,,,,,,,,,,,0.01,533.91,0.15,47.0,0.2,10.0,0.29,7.0,0.7,100.0,0.99,533.91,0.85,47.0,0.8,10.0,0.71,7.0,0.3,100.0,,,,,,,,,,,,,44.811143,1776166791000
1776166793.336,293.336,,,,,,,,,,,0.01,533.91,0.15,47.0,0.2,10.0,0.29,7.0,0.7,100.0,0.99,533.91,0.85,47.0,0.8,10.0,0.71,7.0,0.3,100.0,,,,,,,,,,,,,44.810894,1776166792000
1776166794.08,294.08,,,,,,,,,,,0.01,533.91,0.15,47.0,0.2,10.0,0.29,7.0,0.7,100.0,0.99,533.91,0.85,47.0,0.8,10.0,0.71,7.0,0.3,100.0,,,,,,,,,,,,,44.810894,1776166793000
1776166795.12,295.12,,,,,,,,,,,0.01,533.91,0.15,47.0,0.2,10.0,0.29,7.0,0.7,100.0,0.99,533.91,0.85,47.0,0.8,10.0,0.71,7.0,0.3,100.0,,,,,,,,,,,,,44.810697,1776166794000
1776166796.415,296.415,,,,,,,,,,,0.01,533.91,0.15,47.0,0.2,10.0,0.29,7.0,0.7,100.0,0.99,533.91,0.85,47.0,0.8,10.0,0.71,7.0,0.3,100.0,,,,,,,,,,,,,44.811875,1776166795000
1776166797.516,297.516,,,,,,,,,,,0.01,533.91,0.15,47.0,0.2,10.0,0.29,7.0,0.7,100.0,0.99,533.91,0.85,47.0,0.8,10.0,0.71,7.0,0.3,100.0,,,,,,,,,,,,,44.811875,1776166796000
1776166798.092,298.092,,,,,,,,,,,0.01,533.91,0.15,47.0,0.2,10.0,0.29,7.0,0.7,100.0,0.99,533.91,0.85,47.0,0.8,10.0,0.71,7.0,0.3,100.0,,,,,,,,,,,,,44.811875,1776166797000
1776166799.155,299.155,,,,,,,,,,,0.01,533.91,0.15,47.0,0.2,10.0,0.29,7.0,0.7,100.0,0.99,533.91,0.85,47.0,0.8,10.0,0.71,7.0,0.3,100.0,,,,,,,,,,,,,44.81313,1776166798000
1776166800.295,300.295,,,,,,,,,,,0.01,533.91,0.15,47.0,0.2,10.0,0.29,7.0,0.7,100.0,0.99,533.91,0.85,47.0,0.8,10.0,0.71,7.0,0.3,100.0,,,,,,,,,,,,,44.813581,1776166799000
1776166801.403,301.403,,,,,,,,,,,0.01,533.91,0.15,47.0,0.2,10.0,0.29,7.0,0.7,100.0,0.99,533.91,0.85,47.0,0.8,10.0,0.71,7.0,0.3,100.0,,,,,,,,,,,,,44.815574,1776166800000
1776166802.459,302.459,,,,,,,,,,,0.01,533.91,0.15,47.0,0.2,10.0,0.29,7.0,0.7,100.0,0.99,533.91,0.85,47.0,0.8,10.0,0.71,7.0,0.3,100.0,,,,,,,,,,,,,44.815573,1776166801000

# RESULT,winner=Down,slug=hype-updown-5m-1776166500,ticks=308
