timestamp,elapsed_sec,up_bid_p1,up_bid_s1,up_bid_p2,up_bid_s2,up_bid_p3,up_bid_s3,up_bid_p4,up_bid_s4,up_bid_p5,up_bid_s5,up_ask_p1,up_ask_s1,up_ask_p2,up_ask_s2,up_ask_p3,up_ask_s3,up_ask_p4,up_ask_s4,up_ask_p5,up_ask_s5,down_bid_p1,down_bid_s1,down_bid_p2,down_bid_s2,down_bid_p3,down_bid_s3,down_bid_p4,down_bid_s4,down_bid_p5,down_bid_s5,down_ask_p1,down_ask_s1,down_ask_p2,down_ask_s2,down_ask_p3,down_ask_s3,down_ask_p4,down_ask_s4,down_ask_p5,down_ask_s5,up_spread,down_spread,hype_price,hype_oracle_ts
1776160211.658,11.658,0.44,11.0,0.35,14.0,0.34,10.0,0.24,5.0,0.23,5.0,0.48,5.0,0.49,5.0,0.5,5.0,0.51,15.0,0.52,5.0,0.52,5.0,0.51,5.0,0.5,5.0,0.49,15.0,0.48,5.0,0.56,11.0,0.65,14.0,0.66,10.0,0.76,5.0,0.77,5.0,0.04,0.04,44.832705,1776160210000
1776160212.135,12.135,0.44,11.0,0.35,14.0,0.34,10.0,0.24,5.0,0.23,5.0,0.48,5.0,0.49,5.0,0.5,5.0,0.51,15.0,0.52,5.0,0.53,5.0,0.52,5.0,0.51,5.0,0.5,15.0,0.49,5.0,0.56,11.0,0.67,10.0,0.68,15.0,0.77,5.0,0.78,5.0,0.04,0.03,44.832705,1776160210000
1776160212.431,12.431,0.44,11.0,0.33,10.0,0.32,15.0,0.23,5.0,0.22,5.0,0.47,5.0,0.48,5.0,0.49,5.0,0.5,15.0,0.51,5.0,0.53,5.0,0.52,5.0,0.51,5.0,0.5,15.0,0.49,5.0,0.56,11.0,0.67,10.0,0.68,15.0,0.77,5.0,0.78,5.0,0.03,0.03,44.832204,1776160211000
1776160212.984,12.984,0.44,11.0,0.33,10.0,0.32,15.0,0.23,5.0,0.22,5.0,0.47,5.0,0.48,5.0,0.49,5.0,0.5,15.0,0.51,5.0,0.53,5.0,0.52,5.0,0.51,5.0,0.5,15.0,0.49,5.0,0.56,11.0,0.67,10.0,0.68,15.0,0.77,5.0,0.78,5.0,0.03,0.03,44.832029,1776160212000
1776160214.125,14.125,0.44,11.0,0.33,10.0,0.32,15.0,0.23,5.0,0.22,5.0,0.47,5.0,0.48,5.0,0.49,5.0,0.5,15.0,0.51,5.0,0.53,5.0,0.52,5.0,0.51,5.0,0.5,15.0,0.49,5.0,0.56,11.0,0.67,10.0,0.68,15.0,0.77,5.0,0.78,5.0,0.03,0.03,44.829012,1776160213000
1776160214.612,14.612,0.44,5.07,0.32,15.0,0.3,10.0,0.18,5.0,0.17,5.0,0.45,5.0,0.46,5.0,0.47,10.0,0.55,11.0,0.56,11.0,0.53,5.0,0.52,5.0,0.51,5.0,0.5,15.0,0.49,5.0,0.56,11.0,0.67,10.0,0.68,15.0,0.77,5.0,0.78,5.0,0.01,0.03,44.829012,1776160213000
1776160215.183,15.183,0.44,5.07,0.32,15.0,0.3,10.0,0.18,5.0,0.17,5.0,0.45,5.0,0.46,5.0,0.47,10.0,0.55,11.0,0.56,11.0,0.55,5.0,0.54,5.0,0.53,10.0,0.45,11.0,0.44,11.0,0.56,5.07,0.68,15.0,0.7,10.0,0.82,5.0,0.83,5.0,0.01,0.01,44.82463,1776160214000
1776160216.4,16.4,0.35,14.0,0.32,10.0,0.18,5.0,0.17,5.0,0.16,5.0,0.45,5.0,0.46,5.0,0.49,10.0,0.56,11.0,0.59,12.0,0.55,5.0,0.54,5.0,0.51,10.0,0.44,11.0,0.41,12.0,0.65,14.0,0.68,10.0,0.82,5.0,0.83,5.0,0.84,5.0,0.1,0.1,44.823957,1776160215000
1776160217.01,17.01,0.35,14.0,0.32,10.0,0.18,5.0,0.17,5.0,0.16,5.0,0.45,5.0,0.46,5.0,0.49,10.0,0.56,11.0,0.59,12.0,0.55,5.0,0.54,5.0,0.51,10.0,0.44,11.0,0.41,12.0,0.65,14.0,0.68,10.0,0.82,5.0,0.83,5.0,0.84,5.0,0.1,0.1,44.823098,1776160216000
1776160218.21,18.21,0.35,14.0,0.32,10.0,0.18,5.0,0.17,5.0,0.16,5.0,0.45,5.0,0.46,5.0,0.49,10.0,0.56,11.0,0.59,12.0,0.55,5.0,0.54,5.0,0.51,10.0,0.44,11.0,0.41,12.0,0.65,14.0,0.68,10.0,0.82,5.0,0.83,5.0,0.84,5.0,0.1,0.1,44.822,1776160217000
1776160219.25,19.25,0.35,14.0,0.32,10.0,0.18,5.0,0.17,5.0,0.16,5.0,0.45,5.0,0.46,5.0,0.49,10.0,0.56,11.0,0.59,12.0,0.55,5.0,0.54,5.0,0.51,10.0,0.44,11.0,0.41,12.0,0.65,14.0,0.68,10.0,0.82,5.0,0.83,5.0,0.84,5.0,0.1,0.1,44.822114,1776160218000
1776160220.392,20.392,0.35,14.0,0.32,10.0,0.18,5.0,0.17,5.0,0.16,5.0,0.45,5.0,0.46,5.0,0.49,10.0,0.56,11.0,0.59,12.0,0.55,5.0,0.54,5.0,0.51,10.0,0.44,11.0,0.41,12.0,0.65,14.0,0.68,10.0,0.82,5.0,0.83,5.0,0.84,5.0,0.1,0.1,44.818523,1776160219000
1776160220.979,20.979,0.35,14.0,0.32,10.0,0.18,5.0,0.17,5.0,0.16,5.0,0.45,5.0,0.46,5.0,0.49,10.0,0.56,11.0,0.59,12.0,0.55,5.0,0.54,5.0,0.51,10.0,0.44,11.0,0.41,12.0,0.65,14.0,0.68,10.0,0.82,5.0,0.83,5.0,0.84,5.0,0.1,0.1,44.819553,1776160220000
1776160222.077,22.077,0.35,14.0,0.32,10.0,0.18,5.0,0.17,5.0,0.16,5.0,0.45,5.0,0.46,5.0,0.49,10.0,0.56,11.0,0.59,12.0,0.55,5.0,0.54,5.0,0.51,10.0,0.44,11.0,0.41,12.0,0.65,14.0,0.68,10.0,0.82,5.0,0.83,5.0,0.84,5.0,0.1,0.1,44.818389,1776160221000
1776160223.023,23.023,0.35,14.0,0.32,10.0,0.18,5.0,0.17,5.0,0.16,5.0,0.45,5.0,0.46,5.0,0.49,10.0,0.56,11.0,0.59,12.0,0.55,5.0,0.54,5.0,0.51,10.0,0.44,11.0,0.41,12.0,0.65,14.0,0.68,10.0,0.82,5.0,0.83,5.0,0.84,5.0,0.1,0.1,44.817637,1776160222000
1776160224.679,24.679,0.35,14.0,0.32,10.0,0.18,5.0,0.17,5.0,0.16,5.0,0.45,5.0,0.46,5.0,0.49,10.0,0.56,11.0,0.59,12.0,0.55,5.0,0.54,5.0,0.51,10.0,0.44,11.0,0.41,12.0,0.65,14.0,0.68,10.0,0.82,5.0,0.83,5.0,0.84,5.0,0.1,0.1,44.808616,1776160223000
1776160225.249,25.249,0.35,14.0,0.32,10.0,0.18,5.0,0.17,5.0,0.16,5.0,0.45,5.0,0.46,5.0,0.49,10.0,0.56,11.0,0.59,12.0,0.55,5.0,0.54,5.0,0.51,10.0,0.44,11.0,0.41,12.0,0.65,14.0,0.68,10.0,0.82,5.0,0.83,5.0,0.84,5.0,0.1,0.1,44.808187,1776160224000
1776160226.703,26.703,0.35,14.0,0.32,10.0,0.18,5.0,0.17,5.0,0.16,5.0,0.45,5.0,0.46,5.0,0.49,10.0,0.56,11.0,0.59,12.0,0.55,5.0,0.54,5.0,0.51,10.0,0.44,11.0,0.41,12.0,0.65,14.0,0.68,10.0,0.82,5.0,0.83,5.0,0.84,5.0,0.1,0.1,44.806758,1776160225000
1776160227.383,27.383,0.35,14.0,0.32,10.0,0.18,5.0,0.17,5.0,0.16,5.0,0.45,5.0,0.46,5.0,0.49,10.0,0.56,11.0,0.59,12.0,0.55,5.0,0.54,5.0,0.51,10.0,0.44,11.0,0.41,12.0,0.65,14.0,0.68,10.0,0.82,5.0,0.83,5.0,0.84,5.0,0.1,0.1,44.806882,1776160226000
1776160228.595,28.595,0.35,14.0,0.32,10.0,0.18,5.0,0.17,5.0,0.16,5.0,0.45,5.0,0.46,5.0,0.49,10.0,0.56,11.0,0.59,12.0,0.55,5.0,0.54,5.0,0.51,10.0,0.44,11.0,0.41,12.0,0.65,14.0,0.68,10.0,0.82,5.0,0.83,5.0,0.84,5.0,0.1,0.1,44.821898,1776160227000
1776160229.333,29.333,0.35,14.0,0.32,10.0,0.18,5.0,0.17,5.0,0.16,5.0,0.45,5.0,0.46,5.0,0.49,10.0,0.56,11.0,0.59,12.0,0.55,5.0,0.54,5.0,0.51,10.0,0.44,11.0,0.41,12.0,0.65,14.0,0.68,10.0,0.82,5.0,0.83,5.0,0.84,5.0,0.1,0.1,44.824197,1776160228000
1776160230.647,30.647,0.35,14.0,0.32,10.0,0.18,5.0,0.17,5.0,0.16,5.0,0.45,5.0,0.46,5.0,0.49,10.0,0.56,11.0,0.59,12.0,0.55,5.0,0.54,5.0,0.51,10.0,0.44,11.0,0.41,12.0,0.65,14.0,0.68,10.0,0.82,5.0,0.83,5.0,0.84,5.0,0.1,0.1,44.824894,1776160229000
1776160231.283,31.283,0.35,14.0,0.32,10.0,0.18,5.0,0.17,5.0,0.16,5.0,0.45,5.0,0.46,5.0,0.49,10.0,0.56,11.0,0.59,12.0,0.55,5.0,0.54,5.0,0.51,10.0,0.44,11.0,0.41,12.0,0.65,14.0,0.68,10.0,0.82,5.0,0.83,5.0,0.84,5.0,0.1,0.1,44.83213,1776160230000
1776160232.588,32.588,0.35,14.0,0.32,10.0,0.18,5.0,0.17,5.0,0.16,5.0,0.45,5.0,0.46,5.0,0.49,10.0,0.56,11.0,0.59,12.0,0.55,5.0,0.54,5.0,0.51,10.0,0.44,11.0,0.41,12.0,0.65,14.0,0.68,10.0,0.82,5.0,0.83,5.0,0.84,5.0,0.1,0.1,44.836012,1776160231000
1776160233.245,33.245,0.35,14.0,0.32,10.0,0.18,5.0,0.17,5.0,0.16,5.0,0.45,5.0,0.46,5.0,0.49,10.0,0.56,11.0,0.59,12.0,0.55,5.0,0.54,5.0,0.51,10.0,0.44,11.0,0.41,12.0,0.65,14.0,0.68,10.0,0.82,5.0,0.83,5.0,0.84,5.0,0.1,0.1,44.839874,1776160232000
1776160234.418,34.418,0.35,14.0,0.32,10.0,0.18,5.0,0.17,5.0,0.16,5.0,0.45,5.0,0.46,5.0,0.49,10.0,0.56,11.0,0.59,12.0,0.55,5.0,0.54,5.0,0.51,10.0,0.44,11.0,0.41,12.0,0.65,14.0,0.68,10.0,0.82,5.0,0.83,5.0,0.84,5.0,0.1,0.1,44.846755,1776160233000
1776160235.024,35.024,0.35,14.0,0.32,10.0,0.18,5.0,0.17,5.0,0.16,5.0,0.45,5.0,0.46,5.0,0.49,10.0,0.56,11.0,0.59,12.0,0.55,5.0,0.54,5.0,0.51,10.0,0.44,11.0,0.41,12.0,0.65,14.0,0.68,10.0,0.82,5.0,0.83,5.0,0.84,5.0,0.1,0.1,44.846186,1776160234000
1776160236.222,36.222,0.35,14.0,0.32,10.0,0.18,5.0,0.17,5.0,0.16,5.0,0.45,5.0,0.46,5.0,0.49,10.0,0.56,11.0,0.59,12.0,0.55,5.0,0.54,5.0,0.51,10.0,0.44,11.0,0.41,12.0,0.65,14.0,0.68,10.0,0.82,5.0,0.83,5.0,0.84,5.0,0.1,0.1,44.852777,1776160235000
1776160237.249,37.249,0.52,5.0,0.51,15.0,0.5,5.0,0.49,5.0,0.48,5.0,0.56,7.52,0.66,14.0,0.68,10.0,0.76,5.0,0.77,5.0,0.55,5.0,0.54,5.0,0.51,10.0,0.44,11.0,0.41,12.0,0.65,14.0,0.68,10.0,0.82,5.0,0.83,5.0,0.84,5.0,0.04,0.1,44.852777,1776160235000
1776160238.14,38.14,0.52,5.0,0.51,15.0,0.5,5.0,0.49,5.0,0.48,5.0,0.56,7.52,0.66,14.0,0.68,10.0,0.76,5.0,0.77,5.0,0.44,7.52,0.34,14.0,0.32,10.0,0.24,5.0,0.23,5.0,0.48,5.0,0.49,15.0,0.5,5.0,0.51,5.0,0.52,5.0,0.04,0.04,44.855576,1776160237000
1776160239.764,39.764,0.52,5.0,0.51,15.0,0.5,5.0,0.49,5.0,0.48,5.0,0.56,7.52,0.66,14.0,0.68,10.0,0.76,5.0,0.77,5.0,0.44,7.52,0.34,14.0,0.32,10.0,0.24,5.0,0.23,5.0,0.48,5.0,0.49,15.0,0.5,5.0,0.51,5.0,0.52,5.0,0.04,0.04,44.855885,1776160238000
1776160240.555,40.555,0.52,5.0,0.51,15.0,0.5,5.0,0.49,5.0,0.48,5.0,0.56,7.52,0.66,14.0,0.68,10.0,0.76,5.0,0.77,5.0,0.44,7.52,0.34,14.0,0.32,10.0,0.24,5.0,0.23,5.0,0.48,5.0,0.49,15.0,0.5,5.0,0.51,5.0,0.52,5.0,0.04,0.04,44.85585,1776160239000
1776160241.397,41.397,0.52,5.0,0.51,15.0,0.5,5.0,0.49,5.0,0.48,5.0,0.56,7.52,0.66,14.0,0.68,10.0,0.76,5.0,0.77,5.0,0.44,7.52,0.34,14.0,0.32,10.0,0.24,5.0,0.23,5.0,0.48,5.0,0.49,15.0,0.5,5.0,0.51,5.0,0.52,5.0,0.04,0.04,44.853497,1776160240000
1776160242.117,42.117,0.52,5.0,0.51,15.0,0.5,5.0,0.49,5.0,0.48,5.0,0.56,7.52,0.66,14.0,0.68,10.0,0.76,5.0,0.77,5.0,0.44,7.52,0.34,14.0,0.32,10.0,0.24,5.0,0.23,5.0,0.48,5.0,0.49,15.0,0.5,5.0,0.51,5.0,0.52,5.0,0.04,0.04,44.850248,1776160241000
1776160243.571,43.571,0.52,5.0,0.51,15.0,0.5,5.0,0.49,5.0,0.48,5.0,0.56,7.52,0.66,14.0,0.68,10.0,0.76,5.0,0.77,5.0,0.44,7.52,0.34,14.0,0.32,10.0,0.24,5.0,0.23,5.0,0.48,5.0,0.49,15.0,0.5,5.0,0.51,5.0,0.52,5.0,0.04,0.04,44.851746,1776160242000
1776160244.356,44.356,0.52,5.0,0.51,15.0,0.5,5.0,0.49,5.0,0.48,5.0,0.56,7.52,0.66,14.0,0.68,10.0,0.76,5.0,0.77,5.0,0.44,7.52,0.34,14.0,0.32,10.0,0.24,5.0,0.23,5.0,0.48,5.0,0.49,15.0,0.5,5.0,0.51,5.0,0.52,5.0,0.04,0.04,44.85131,1776160243000
1776160245.678,45.678,0.52,5.0,0.51,15.0,0.5,5.0,0.49,5.0,0.48,5.0,0.56,7.52,0.66,14.0,0.68,10.0,0.76,5.0,0.77,5.0,0.44,7.52,0.34,14.0,0.32,10.0,0.24,5.0,0.23,5.0,0.48,5.0,0.49,15.0,0.5,5.0,0.51,5.0,0.52,5.0,0.04,0.04,44.85142,1776160244000
1776160246.739,46.739,0.52,5.0,0.51,15.0,0.5,5.0,0.49,5.0,0.48,5.0,0.56,7.52,0.66,14.0,0.68,10.0,0.76,5.0,0.77,5.0,0.44,7.52,0.34,14.0,0.32,10.0,0.24,5.0,0.23,5.0,0.48,5.0,0.49,15.0,0.5,5.0,0.51,5.0,0.52,5.0,0.04,0.04,44.85017,1776160245000
1776160247.433,47.433,0.52,5.0,0.51,15.0,0.5,5.0,0.49,5.0,0.48,5.0,0.56,7.52,0.66,14.0,0.68,10.0,0.76,5.0,0.77,5.0,0.44,7.52,0.34,14.0,0.32,10.0,0.24,5.0,0.23,5.0,0.48,5.0,0.49,15.0,0.5,5.0,0.51,5.0,0.52,5.0,0.04,0.04,44.849735,1776160246000
1776160248.222,48.222,0.52,5.0,0.51,15.0,0.5,5.0,0.49,5.0,0.48,5.0,0.56,7.52,0.66,14.0,0.68,10.0,0.76,5.0,0.77,5.0,0.44,7.52,0.34,14.0,0.32,10.0,0.24,5.0,0.23,5.0,0.48,5.0,0.49,15.0,0.5,5.0,0.51,5.0,0.52,5.0,0.04,0.04,44.848307,1776160247000
1776160249.604,49.604,0.52,5.0,0.51,15.0,0.5,5.0,0.49,5.0,0.48,5.0,0.56,7.52,0.66,14.0,0.68,10.0,0.76,5.0,0.77,5.0,0.44,7.52,0.34,14.0,0.32,10.0,0.24,5.0,0.23,5.0,0.48,5.0,0.49,15.0,0.5,5.0,0.51,5.0,0.52,5.0,0.04,0.04,44.848114,1776160248000
1776160250.346,50.346,0.52,5.0,0.51,15.0,0.5,5.0,0.49,5.0,0.48,5.0,0.56,7.52,0.66,14.0,0.68,10.0,0.76,5.0,0.77,5.0,0.44,7.52,0.34,14.0,0.32,10.0,0.24,5.0,0.23,5.0,0.48,5.0,0.49,15.0,0.5,5.0,0.51,5.0,0.52,5.0,0.04,0.04,44.848114,1776160249000
1776160251.1,51.1,0.52,5.0,0.51,15.0,0.5,5.0,0.49,5.0,0.48,5.0,0.56,7.52,0.66,14.0,0.68,10.0,0.76,5.0,0.77,5.0,0.44,7.52,0.34,14.0,0.32,10.0,0.24,5.0,0.23,5.0,0.48,5.0,0.49,15.0,0.5,5.0,0.51,5.0,0.52,5.0,0.04,0.04,44.848053,1776160250000
1776160252.523,52.523,0.52,5.0,0.51,15.0,0.5,5.0,0.49,5.0,0.48,5.0,0.56,7.52,0.66,14.0,0.68,10.0,0.76,5.0,0.77,5.0,0.44,7.52,0.34,14.0,0.32,10.0,0.24,5.0,0.23,5.0,0.48,5.0,0.49,15.0,0.5,5.0,0.51,5.0,0.52,5.0,0.04,0.04,44.848201,1776160251000
1776160253.349,53.349,0.52,5.0,0.51,15.0,0.5,5.0,0.49,5.0,0.48,5.0,0.56,7.52,0.66,14.0,0.68,10.0,0.76,5.0,0.77,5.0,0.44,7.52,0.34,14.0,0.32,10.0,0.24,5.0,0.23,5.0,0.48,5.0,0.49,15.0,0.5,5.0,0.51,5.0,0.52,5.0,0.04,0.04,44.848201,1776160252000
1776160254.272,54.272,0.52,5.0,0.51,15.0,0.5,5.0,0.49,5.0,0.48,5.0,0.56,7.52,0.66,14.0,0.68,10.0,0.76,5.0,0.77,5.0,0.44,7.52,0.34,14.0,0.32,10.0,0.24,5.0,0.23,5.0,0.48,5.0,0.49,15.0,0.5,5.0,0.51,5.0,0.52,5.0,0.04,0.04,44.84863,1776160253000
1776160255.632,55.632,0.52,5.0,0.51,15.0,0.5,5.0,0.49,5.0,0.48,5.0,0.56,7.52,0.66,14.0,0.68,10.0,0.76,5.0,0.77,5.0,0.44,7.52,0.34,14.0,0.32,10.0,0.24,5.0,0.23,5.0,0.48,5.0,0.49,15.0,0.5,5.0,0.51,5.0,0.52,5.0,0.04,0.04,44.848201,1776160254000
1776160256.229,56.229,0.52,5.0,0.51,15.0,0.5,5.0,0.49,5.0,0.48,5.0,0.56,7.52,0.66,14.0,0.68,10.0,0.76,5.0,0.77,5.0,0.44,7.52,0.34,14.0,0.32,10.0,0.24,5.0,0.23,5.0,0.48,5.0,0.49,15.0,0.5,5.0,0.51,5.0,0.52,5.0,0.04,0.04,44.847874,1776160255000
1776160257.646,57.646,0.52,5.0,0.51,15.0,0.5,5.0,0.49,5.0,0.48,5.0,0.56,7.52,0.66,14.0,0.68,10.0,0.76,5.0,0.77,5.0,0.44,7.52,0.34,14.0,0.32,10.0,0.24,5.0,0.23,5.0,0.48,5.0,0.49,15.0,0.5,5.0,0.51,5.0,0.52,5.0,0.04,0.04,44.847333,1776160256000
1776160258.602,58.602,0.52,5.0,0.51,15.0,0.5,5.0,0.49,5.0,0.48,5.0,0.56,7.52,0.66,14.0,0.68,10.0,0.76,5.0,0.77,5.0,0.44,7.52,0.34,14.0,0.32,10.0,0.24,5.0,0.23,5.0,0.48,5.0,0.49,15.0,0.5,5.0,0.51,5.0,0.52,5.0,0.04,0.04,44.847572,1776160257000
1776160259.139,59.139,0.52,5.0,0.51,15.0,0.5,5.0,0.49,5.0,0.48,5.0,0.56,7.52,0.66,14.0,0.68,10.0,0.76,5.0,0.77,5.0,0.44,7.52,0.34,14.0,0.32,10.0,0.24,5.0,0.23,5.0,0.48,5.0,0.49,15.0,0.5,5.0,0.51,5.0,0.52,5.0,0.04,0.04,44.847322,1776160258000
1776160260.313,60.313,0.52,5.0,0.51,15.0,0.5,5.0,0.49,5.0,0.48,5.0,0.56,7.52,0.66,14.0,0.68,10.0,0.76,5.0,0.77,5.0,0.44,7.52,0.34,14.0,0.32,10.0,0.24,5.0,0.23,5.0,0.48,5.0,0.49,15.0,0.5,5.0,0.51,5.0,0.52,5.0,0.04,0.04,44.847323,1776160259000
1776160261.651,61.651,0.52,5.0,0.51,15.0,0.5,5.0,0.49,5.0,0.48,5.0,0.56,7.52,0.66,14.0,0.68,10.0,0.76,5.0,0.77,5.0,0.44,7.52,0.34,14.0,0.32,10.0,0.24,5.0,0.23,5.0,0.48,5.0,0.49,15.0,0.5,5.0,0.51,5.0,0.52,5.0,0.04,0.04,44.847404,1776160260000
1776160262.031,62.031,0.52,5.0,0.51,15.0,0.5,5.0,0.49,5.0,0.48,5.0,0.56,7.52,0.66,14.0,0.68,10.0,0.76,5.0,0.77,5.0,0.44,7.52,0.34,14.0,0.32,10.0,0.24,5.0,0.23,5.0,0.48,5.0,0.49,15.0,0.5,5.0,0.51,5.0,0.52,5.0,0.04,0.04,44.848906,1776160261000
1776160263.211,63.211,0.52,5.0,0.51,15.0,0.5,5.0,0.49,5.0,0.48,5.0,0.56,7.52,0.66,14.0,0.68,10.0,0.76,5.0,0.77,5.0,0.44,7.52,0.34,14.0,0.32,10.0,0.24,5.0,0.23,5.0,0.48,5.0,0.49,15.0,0.5,5.0,0.51,5.0,0.52,5.0,0.04,0.04,44.84892,1776160262000
1776160264.473,64.473,0.52,5.0,0.51,15.0,0.5,5.0,0.49,5.0,0.48,5.0,0.56,7.52,0.66,14.0,0.68,10.0,0.76,5.0,0.77,5.0,0.44,7.52,0.34,14.0,0.32,10.0,0.24,5.0,0.23,5.0,0.48,5.0,0.49,15.0,0.5,5.0,0.51,5.0,0.52,5.0,0.04,0.04,44.849057,1776160263000
1776160264.994,64.994,0.52,5.0,0.51,15.0,0.5,5.0,0.49,5.0,0.48,5.0,0.56,7.52,0.66,14.0,0.68,10.0,0.76,5.0,0.77,5.0,0.44,7.52,0.34,14.0,0.32,10.0,0.24,5.0,0.23,5.0,0.48,5.0,0.49,15.0,0.5,5.0,0.51,5.0,0.52,5.0,0.04,0.04,44.849057,1776160264000
1776160266.043,66.043,0.52,5.0,0.51,15.0,0.5,5.0,0.49,5.0,0.48,5.0,0.56,7.52,0.66,14.0,0.68,10.0,0.76,5.0,0.77,5.0,0.44,7.52,0.34,14.0,0.32,10.0,0.24,5.0,0.23,5.0,0.48,5.0,0.49,15.0,0.5,5.0,0.51,5.0,0.52,5.0,0.04,0.04,44.849058,1776160265000
1776160267.142,67.142,0.52,5.0,0.51,15.0,0.5,5.0,0.49,5.0,0.48,5.0,0.56,7.52,0.66,14.0,0.68,10.0,0.76,5.0,0.77,5.0,0.44,7.52,0.34,14.0,0.32,10.0,0.24,5.0,0.23,5.0,0.48,5.0,0.49,15.0,0.5,5.0,0.51,5.0,0.52,5.0,0.04,0.04,44.845237,1776160266000
1776160268.312,68.312,0.52,5.0,0.51,15.0,0.5,5.0,0.49,5.0,0.48,5.0,0.56,7.52,0.66,14.0,0.68,10.0,0.76,5.0,0.77,5.0,0.44,7.52,0.34,14.0,0.32,10.0,0.24,5.0,0.23,5.0,0.48,5.0,0.49,15.0,0.5,5.0,0.51,5.0,0.52,5.0,0.04,0.04,44.830271,1776160267000
1776160269.395,69.395,0.52,5.0,0.51,15.0,0.5,5.0,0.49,5.0,0.48,5.0,0.56,7.52,0.66,14.0,0.68,10.0,0.76,5.0,0.77,5.0,0.44,7.52,0.34,14.0,0.32,10.0,0.24,5.0,0.23,5.0,0.48,5.0,0.49,15.0,0.5,5.0,0.51,5.0,0.52,5.0,0.04,0.04,44.832767,1776160268000
1776160269.989,69.989,0.52,5.0,0.51,15.0,0.5,5.0,0.49,5.0,0.48,5.0,0.56,7.52,0.66,14.0,0.68,10.0,0.76,5.0,0.77,5.0,0.44,7.52,0.34,14.0,0.32,10.0,0.24,5.0,0.23,5.0,0.48,5.0,0.49,15.0,0.5,5.0,0.51,5.0,0.52,5.0,0.04,0.04,44.834114,1776160269000
1776160271.089,71.089,0.52,5.0,0.51,15.0,0.5,5.0,0.49,5.0,0.48,5.0,0.56,7.52,0.66,14.0,0.68,10.0,0.76,5.0,0.77,5.0,0.44,7.52,0.34,14.0,0.32,10.0,0.24,5.0,0.23,5.0,0.48,5.0,0.49,15.0,0.5,5.0,0.51,5.0,0.52,5.0,0.04,0.04,44.839638,1776160270000
1776160272.257,72.257,0.52,5.0,0.51,15.0,0.5,5.0,0.49,5.0,0.48,5.0,0.56,7.52,0.66,14.0,0.68,10.0,0.76,5.0,0.77,5.0,0.44,7.52,0.34,14.0,0.32,10.0,0.24,5.0,0.23,5.0,0.48,5.0,0.49,15.0,0.5,5.0,0.51,5.0,0.52,5.0,0.04,0.04,44.839937,1776160271000
1776160273.588,73.588,0.52,5.0,0.51,15.0,0.5,5.0,0.49,5.0,0.48,5.0,0.56,7.52,0.66,14.0,0.68,10.0,0.76,5.0,0.77,5.0,0.44,7.52,0.34,14.0,0.32,10.0,0.24,5.0,0.23,5.0,0.48,5.0,0.49,15.0,0.5,5.0,0.51,5.0,0.52,5.0,0.04,0.04,44.841286,1776160272000
1776160274.475,74.475,0.52,5.0,0.51,15.0,0.5,5.0,0.49,5.0,0.48,5.0,0.56,7.52,0.66,14.0,0.68,10.0,0.76,5.0,0.77,5.0,0.44,7.52,0.34,14.0,0.32,10.0,0.24,5.0,0.23,5.0,0.48,5.0,0.49,15.0,0.5,5.0,0.51,5.0,0.52,5.0,0.04,0.04,44.841249,1776160273000
1776160275.878,75.878,0.52,5.0,0.51,15.0,0.5,5.0,0.49,5.0,0.48,5.0,0.56,7.52,0.66,14.0,0.68,10.0,0.76,5.0,0.77,5.0,0.44,7.52,0.34,14.0,0.32,10.0,0.24,5.0,0.23,5.0,0.48,5.0,0.49,15.0,0.5,5.0,0.51,5.0,0.52,5.0,0.04,0.04,44.842992,1776160274000
1776160276.44,76.44,0.52,5.0,0.51,15.0,0.5,5.0,0.49,5.0,0.48,5.0,0.56,7.52,0.66,14.0,0.68,10.0,0.76,5.0,0.77,5.0,0.44,7.52,0.34,14.0,0.32,10.0,0.24,5.0,0.23,5.0,0.48,5.0,0.49,15.0,0.5,5.0,0.51,5.0,0.52,5.0,0.04,0.04,44.843119,1776160275000
1776160277.367,77.367,0.52,5.0,0.51,15.0,0.5,5.0,0.49,5.0,0.48,5.0,0.56,7.52,0.66,14.0,0.68,10.0,0.76,5.0,0.77,5.0,0.44,7.52,0.34,14.0,0.32,10.0,0.24,5.0,0.23,5.0,0.48,5.0,0.49,15.0,0.5,5.0,0.51,5.0,0.52,5.0,0.04,0.04,44.843119,1776160276000
1776160278.837,78.837,0.52,5.0,0.51,15.0,0.5,5.0,0.49,5.0,0.48,5.0,0.56,7.52,0.66,14.0,0.68,10.0,0.76,5.0,0.77,5.0,0.44,7.52,0.34,14.0,0.32,10.0,0.24,5.0,0.23,5.0,0.48,5.0,0.49,15.0,0.5,5.0,0.51,5.0,0.52,5.0,0.04,0.04,44.843159,1776160277000
1776160279.468,79.468,0.52,5.0,0.51,15.0,0.5,5.0,0.49,5.0,0.48,5.0,0.56,7.52,0.66,14.0,0.68,10.0,0.76,5.0,0.77,5.0,0.44,7.52,0.34,14.0,0.32,10.0,0.24,5.0,0.23,5.0,0.48,5.0,0.49,15.0,0.5,5.0,0.51,5.0,0.52,5.0,0.04,0.04,44.8424,1776160278000
1776160279.761,79.761,0.55,9.0,0.54,5.0,0.53,5.0,0.52,5.0,0.51,15.0,0.56,1.92,0.67,15.0,0.68,25.0,0.69,15.0,0.7,15.0,0.44,7.52,0.34,14.0,0.32,10.0,0.24,5.0,0.23,5.0,0.48,5.0,0.49,15.0,0.5,5.0,0.51,5.0,0.52,5.0,0.01,0.04,44.8424,1776160278000
1776160280.16,80.16,0.55,9.0,0.54,5.0,0.53,5.0,0.52,5.0,0.51,15.0,0.67,15.0,0.68,25.0,0.69,15.0,0.7,15.0,0.71,15.0,0.33,15.0,0.32,25.0,0.31,15.0,0.3,15.0,0.29,15.0,0.45,9.0,0.46,5.0,0.47,5.0,0.48,5.0,0.49,15.0,0.12,0.12,44.841801,1776160279000
1776160281.418,81.418,0.55,9.0,0.54,5.0,0.53,5.0,0.52,5.0,0.51,15.0,0.67,15.0,0.68,25.0,0.69,15.0,0.7,15.0,0.71,15.0,0.33,15.0,0.32,25.0,0.31,15.0,0.3,15.0,0.29,15.0,0.45,9.0,0.46,5.0,0.47,5.0,0.48,5.0,0.49,15.0,0.12,0.12,44.84634,1776160280000
1776160282.252,82.252,0.55,9.0,0.54,5.0,0.53,5.0,0.52,5.0,0.51,15.0,0.67,15.0,0.68,25.0,0.69,15.0,0.7,15.0,0.71,15.0,0.33,15.0,0.32,25.0,0.31,15.0,0.3,15.0,0.29,15.0,0.45,9.0,0.46,5.0,0.47,5.0,0.48,5.0,0.49,15.0,0.12,0.12,44.852993,1776160281000
1776160283.58,83.58,0.55,9.0,0.54,5.0,0.53,5.0,0.52,5.0,0.51,15.0,0.67,15.0,0.68,25.0,0.69,15.0,0.7,15.0,0.71,15.0,0.33,15.0,0.32,25.0,0.31,15.0,0.3,15.0,0.29,15.0,0.45,9.0,0.46,5.0,0.47,5.0,0.48,5.0,0.49,15.0,0.12,0.12,44.853033,1776160282000
1776160284.396,84.396,0.55,9.0,0.54,5.0,0.53,5.0,0.52,5.0,0.51,15.0,0.67,15.0,0.68,25.0,0.69,15.0,0.7,15.0,0.71,15.0,0.33,15.0,0.32,25.0,0.31,15.0,0.3,15.0,0.29,15.0,0.45,9.0,0.46,5.0,0.47,5.0,0.48,5.0,0.49,15.0,0.12,0.12,44.854588,1776160283000
1776160285.106,85.106,0.55,9.0,0.54,5.0,0.53,5.0,0.52,5.0,0.51,15.0,0.67,15.0,0.68,25.0,0.69,15.0,0.7,15.0,0.71,15.0,0.33,15.0,0.32,25.0,0.31,15.0,0.3,15.0,0.29,15.0,0.45,9.0,0.46,5.0,0.47,5.0,0.48,5.0,0.49,15.0,0.12,0.12,44.854591,1776160284000
1776160286.551,86.551,0.55,9.0,0.54,5.0,0.53,5.0,0.52,5.0,0.51,15.0,0.67,15.0,0.68,25.0,0.69,15.0,0.7,15.0,0.71,15.0,0.33,15.0,0.32,25.0,0.31,15.0,0.3,15.0,0.29,15.0,0.45,9.0,0.46,5.0,0.47,5.0,0.48,5.0,0.49,15.0,0.12,0.12,44.851306,1776160285000
1776160287.236,87.236,0.55,9.0,0.54,5.0,0.53,5.0,0.52,5.0,0.51,15.0,0.67,15.0,0.68,25.0,0.69,15.0,0.7,15.0,0.71,15.0,0.33,15.0,0.32,25.0,0.31,15.0,0.3,15.0,0.29,15.0,0.45,9.0,0.46,5.0,0.47,5.0,0.48,5.0,0.49,15.0,0.12,0.12,44.852751,1776160286000
1776160288.607,88.607,0.55,9.0,0.54,5.0,0.53,5.0,0.52,5.0,0.51,15.0,0.67,15.0,0.68,25.0,0.69,15.0,0.7,15.0,0.71,15.0,0.33,15.0,0.32,25.0,0.31,15.0,0.3,15.0,0.29,15.0,0.45,9.0,0.46,5.0,0.47,5.0,0.48,5.0,0.49,15.0,0.12,0.12,44.853546,1776160287000
1776160289.342,89.342,0.55,9.0,0.54,5.0,0.53,5.0,0.52,5.0,0.51,15.0,0.67,15.0,0.68,25.0,0.69,15.0,0.7,15.0,0.71,15.0,0.33,15.0,0.32,25.0,0.31,15.0,0.3,15.0,0.29,15.0,0.45,9.0,0.46,5.0,0.47,5.0,0.48,5.0,0.49,15.0,0.12,0.12,44.852121,1776160288000
1776160290.152,90.152,0.55,9.0,0.54,5.0,0.53,5.0,0.52,5.0,0.51,15.0,0.67,15.0,0.68,25.0,0.69,15.0,0.7,15.0,0.71,15.0,0.33,15.0,0.32,25.0,0.31,15.0,0.3,15.0,0.29,15.0,0.45,9.0,0.46,5.0,0.47,5.0,0.48,5.0,0.49,15.0,0.12,0.12,44.852121,1776160289000
1776160291.991,91.991,0.55,9.0,0.54,5.0,0.53,5.0,0.52,5.0,0.51,15.0,0.67,15.0,0.68,25.0,0.69,15.0,0.7,15.0,0.71,15.0,0.33,15.0,0.32,25.0,0.31,15.0,0.3,15.0,0.29,15.0,0.45,9.0,0.46,5.0,0.47,5.0,0.48,5.0,0.49,15.0,0.12,0.12,44.852593,1776160290000
1776160292.627,92.627,0.55,9.0,0.54,5.0,0.53,5.0,0.52,5.0,0.51,15.0,0.67,15.0,0.68,25.0,0.69,15.0,0.7,15.0,0.71,15.0,0.33,15.0,0.32,25.0,0.31,15.0,0.3,15.0,0.29,15.0,0.45,9.0,0.46,5.0,0.47,5.0,0.48,5.0,0.49,15.0,0.12,0.12,44.852593,1776160291000
1776160293.088,93.088,0.55,9.0,0.54,5.0,0.53,5.0,0.52,5.0,0.51,15.0,0.67,15.0,0.68,25.0,0.69,15.0,0.7,15.0,0.71,15.0,0.33,15.0,0.32,25.0,0.31,15.0,0.3,15.0,0.29,15.0,0.45,9.0,0.46,5.0,0.47,5.0,0.48,5.0,0.49,15.0,0.12,0.12,44.852593,1776160292000
1776160294.086,94.086,0.55,9.0,0.54,5.0,0.53,5.0,0.52,5.0,0.51,15.0,0.67,15.0,0.68,25.0,0.69,15.0,0.7,15.0,0.71,15.0,0.33,15.0,0.32,25.0,0.31,15.0,0.3,15.0,0.29,15.0,0.45,9.0,0.46,5.0,0.47,5.0,0.48,5.0,0.49,15.0,0.12,0.12,44.853802,1776160293000
1776160295.295,95.295,0.55,9.0,0.54,5.0,0.53,5.0,0.52,5.0,0.51,15.0,0.67,15.0,0.68,25.0,0.69,15.0,0.7,15.0,0.71,15.0,0.33,15.0,0.32,25.0,0.31,15.0,0.3,15.0,0.29,15.0,0.45,9.0,0.46,5.0,0.47,5.0,0.48,5.0,0.49,15.0,0.12,0.12,44.855766,1776160294000
1776160296.209,96.209,0.55,9.0,0.54,5.0,0.53,5.0,0.52,5.0,0.51,15.0,0.67,15.0,0.68,25.0,0.69,15.0,0.7,15.0,0.71,15.0,0.33,15.0,0.32,25.0,0.31,15.0,0.3,15.0,0.29,15.0,0.45,9.0,0.46,5.0,0.47,5.0,0.48,5.0,0.49,15.0,0.12,0.12,44.856174,1776160295000
1776160297.266,97.266,0.55,9.0,0.54,5.0,0.53,5.0,0.52,5.0,0.51,15.0,0.67,15.0,0.68,25.0,0.69,15.0,0.7,15.0,0.71,15.0,0.33,15.0,0.32,25.0,0.31,15.0,0.3,15.0,0.29,15.0,0.45,9.0,0.46,5.0,0.47,5.0,0.48,5.0,0.49,15.0,0.12,0.12,44.855425,1776160296000
1776160298.498,98.498,0.55,9.0,0.54,5.0,0.53,5.0,0.52,5.0,0.51,15.0,0.67,15.0,0.68,25.0,0.69,15.0,0.7,15.0,0.71,15.0,0.33,15.0,0.32,25.0,0.31,15.0,0.3,15.0,0.29,15.0,0.45,9.0,0.46,5.0,0.47,5.0,0.48,5.0,0.49,15.0,0.12,0.12,44.853179,1776160297000
1776160299.092,99.092,0.55,9.0,0.54,5.0,0.53,5.0,0.52,5.0,0.51,15.0,0.67,15.0,0.68,25.0,0.69,15.0,0.7,15.0,0.71,15.0,0.33,15.0,0.32,25.0,0.31,15.0,0.3,15.0,0.29,15.0,0.45,9.0,0.46,5.0,0.47,5.0,0.48,5.0,0.49,15.0,0.12,0.12,44.855366,1776160298000
1776160299.894,99.894,0.55,9.0,0.54,5.0,0.53,5.0,0.52,5.0,0.51,15.0,0.67,15.0,0.68,25.0,0.69,15.0,0.7,15.0,0.71,15.0,0.33,15.0,0.32,25.0,0.31,15.0,0.3,15.0,0.29,15.0,0.45,9.0,0.46,5.0,0.47,5.0,0.48,5.0,0.49,15.0,0.12,0.12,44.853489,1776160299000
1776160300.894,100.894,0.55,9.0,0.54,5.0,0.53,5.0,0.52,5.0,0.51,15.0,0.67,15.0,0.68,25.0,0.69,15.0,0.7,15.0,0.71,15.0,0.33,15.0,0.32,25.0,0.31,15.0,0.3,15.0,0.29,15.0,0.45,9.0,0.46,5.0,0.47,5.0,0.48,5.0,0.49,15.0,0.12,0.12,44.85288,1776160300000
1776160302.291,102.291,0.55,9.0,0.54,5.0,0.53,5.0,0.52,5.0,0.51,15.0,0.67,15.0,0.68,25.0,0.69,15.0,0.7,15.0,0.71,15.0,0.33,15.0,0.32,25.0,0.31,15.0,0.3,15.0,0.29,15.0,0.45,9.0,0.46,5.0,0.47,5.0,0.48,5.0,0.49,15.0,0.12,0.12,44.856441,1776160301000
1776160303.302,103.302,0.55,9.0,0.54,5.0,0.53,5.0,0.52,5.0,0.51,15.0,0.67,15.0,0.68,25.0,0.69,15.0,0.7,15.0,0.71,15.0,0.33,15.0,0.32,25.0,0.31,15.0,0.3,15.0,0.29,15.0,0.45,9.0,0.46,5.0,0.47,5.0,0.48,5.0,0.49,15.0,0.12,0.12,44.856441,1776160302000
1776160305.056,105.056,0.55,9.0,0.54,5.0,0.53,5.0,0.52,5.0,0.51,15.0,0.67,15.0,0.68,25.0,0.69,15.0,0.7,15.0,0.71,15.0,0.33,15.0,0.32,25.0,0.31,15.0,0.3,15.0,0.29,15.0,0.45,9.0,0.46,5.0,0.47,5.0,0.48,5.0,0.49,15.0,0.12,0.12,44.856781,1776160303000
1776160306.018,106.018,0.55,9.0,0.54,5.0,0.53,5.0,0.52,5.0,0.51,15.0,0.67,15.0,0.68,25.0,0.69,15.0,0.7,15.0,0.71,15.0,0.33,15.0,0.32,25.0,0.31,15.0,0.3,15.0,0.29,15.0,0.45,9.0,0.46,5.0,0.47,5.0,0.48,5.0,0.49,15.0,0.12,0.12,44.85625,1776160305000
1776160306.963,106.963,0.55,9.0,0.54,5.0,0.53,5.0,0.52,5.0,0.51,15.0,0.67,15.0,0.68,25.0,0.69,15.0,0.7,15.0,0.71,15.0,0.33,15.0,0.32,25.0,0.31,15.0,0.3,15.0,0.29,15.0,0.45,9.0,0.46,5.0,0.47,5.0,0.48,5.0,0.49,15.0,0.12,0.12,44.856374,1776160306000
1776160307.907,107.907,0.55,9.0,0.54,5.0,0.53,5.0,0.52,5.0,0.51,15.0,0.67,15.0,0.68,25.0,0.69,15.0,0.7,15.0,0.71,15.0,0.33,15.0,0.32,25.0,0.31,15.0,0.3,15.0,0.29,15.0,0.45,9.0,0.46,5.0,0.47,5.0,0.48,5.0,0.49,15.0,0.12,0.12,44.857828,1776160307000
1776160308.881,108.881,0.55,9.0,0.54,5.0,0.53,5.0,0.52,5.0,0.51,15.0,0.67,15.0,0.68,25.0,0.69,15.0,0.7,15.0,0.71,15.0,0.33,15.0,0.32,25.0,0.31,15.0,0.3,15.0,0.29,15.0,0.45,9.0,0.46,5.0,0.47,5.0,0.48,5.0,0.49,15.0,0.12,0.12,44.857828,1776160308000
1776160309.849,109.849,0.55,9.0,0.54,5.0,0.53,5.0,0.52,5.0,0.51,15.0,0.67,15.0,0.68,25.0,0.69,15.0,0.7,15.0,0.71,15.0,0.33,15.0,0.32,25.0,0.31,15.0,0.3,15.0,0.29,15.0,0.45,9.0,0.46,5.0,0.47,5.0,0.48,5.0,0.49,15.0,0.12,0.12,44.858401,1776160309000
1776160311.235,111.235,0.55,9.0,0.54,5.0,0.53,5.0,0.52,5.0,0.51,15.0,0.67,15.0,0.68,25.0,0.69,15.0,0.7,15.0,0.71,15.0,0.33,15.0,0.32,25.0,0.31,15.0,0.3,15.0,0.29,15.0,0.45,9.0,0.46,5.0,0.47,5.0,0.48,5.0,0.49,15.0,0.12,0.12,44.857528,1776160310000
1776160312.355,112.355,0.55,9.0,0.54,5.0,0.53,5.0,0.52,5.0,0.51,15.0,0.67,15.0,0.68,25.0,0.69,15.0,0.7,15.0,0.71,15.0,0.33,15.0,0.32,25.0,0.31,15.0,0.3,15.0,0.29,15.0,0.45,9.0,0.46,5.0,0.47,5.0,0.48,5.0,0.49,15.0,0.12,0.12,44.857275,1776160311000
1776160313.302,113.302,0.55,9.0,0.54,5.0,0.53,5.0,0.52,5.0,0.51,15.0,0.67,15.0,0.68,25.0,0.69,15.0,0.7,15.0,0.71,15.0,0.33,15.0,0.32,25.0,0.31,15.0,0.3,15.0,0.29,15.0,0.45,9.0,0.46,5.0,0.47,5.0,0.48,5.0,0.49,15.0,0.12,0.12,44.856609,1776160312000
1776160314.316,114.316,0.55,9.0,0.54,5.0,0.53,5.0,0.52,5.0,0.51,15.0,0.67,15.0,0.68,25.0,0.69,15.0,0.7,15.0,0.71,15.0,0.33,15.0,0.32,25.0,0.31,15.0,0.3,15.0,0.29,15.0,0.45,9.0,0.46,5.0,0.47,5.0,0.48,5.0,0.49,15.0,0.12,0.12,44.85613,1776160313000
1776160315.295,115.295,0.55,9.0,0.54,5.0,0.53,5.0,0.52,5.0,0.51,15.0,0.67,15.0,0.68,25.0,0.69,15.0,0.7,15.0,0.71,15.0,0.33,15.0,0.32,25.0,0.31,15.0,0.3,15.0,0.29,15.0,0.45,9.0,0.46,5.0,0.47,5.0,0.48,5.0,0.49,15.0,0.12,0.12,44.856004,1776160314000
1776160316.309,116.309,0.55,9.0,0.54,5.0,0.53,5.0,0.52,5.0,0.51,15.0,0.67,15.0,0.68,25.0,0.69,15.0,0.7,15.0,0.71,15.0,0.33,15.0,0.32,25.0,0.31,15.0,0.3,15.0,0.29,15.0,0.45,9.0,0.46,5.0,0.47,5.0,0.48,5.0,0.49,15.0,0.12,0.12,44.856254,1776160315000
1776160317.229,117.229,0.55,9.0,0.54,5.0,0.53,5.0,0.52,5.0,0.51,15.0,0.67,15.0,0.68,25.0,0.69,15.0,0.7,15.0,0.71,15.0,0.33,15.0,0.32,25.0,0.31,15.0,0.3,15.0,0.29,15.0,0.45,9.0,0.46,5.0,0.47,5.0,0.48,5.0,0.49,15.0,0.12,0.12,44.857862,1776160316000
1776160318.617,118.617,0.55,9.0,0.54,5.0,0.53,5.0,0.52,5.0,0.51,15.0,0.67,15.0,0.68,25.0,0.69,15.0,0.7,15.0,0.71,15.0,0.33,15.0,0.32,25.0,0.31,15.0,0.3,15.0,0.29,15.0,0.45,9.0,0.46,5.0,0.47,5.0,0.48,5.0,0.49,15.0,0.12,0.12,44.858452,1776160317000
1776160319.218,119.218,0.55,9.0,0.54,5.0,0.53,5.0,0.52,5.0,0.51,15.0,0.67,15.0,0.68,25.0,0.69,15.0,0.7,15.0,0.71,15.0,0.33,15.0,0.32,25.0,0.31,15.0,0.3,15.0,0.29,15.0,0.45,9.0,0.46,5.0,0.47,5.0,0.48,5.0,0.49,15.0,0.12,0.12,44.858523,1776160318000
1776160319.443,119.443,0.59,51.0,0.58,15.0,0.57,15.0,0.56,15.0,0.55,15.0,0.81,11.33,0.82,15.0,0.83,15.0,0.84,15.0,0.85,15.0,0.33,15.0,0.32,25.0,0.31,15.0,0.3,15.0,0.29,15.0,0.45,9.0,0.46,5.0,0.47,5.0,0.48,5.0,0.49,15.0,0.22,0.12,44.858523,1776160318000
1776160320.218,120.218,0.59,51.0,0.58,15.0,0.57,15.0,0.56,15.0,0.55,15.0,0.81,11.33,0.82,15.0,0.83,15.0,0.84,15.0,0.85,15.0,0.19,11.33,0.18,15.0,0.17,15.0,0.16,15.0,0.15,15.0,0.41,51.0,0.42,15.0,0.43,15.0,0.44,15.0,0.45,15.0,0.22,0.22,44.858523,1776160319000
1776160321.357,121.357,0.59,51.0,0.58,15.0,0.57,15.0,0.56,15.0,0.55,15.0,0.81,11.33,0.82,15.0,0.83,15.0,0.84,15.0,0.85,15.0,0.19,11.33,0.18,15.0,0.17,15.0,0.16,15.0,0.15,15.0,0.41,51.0,0.42,15.0,0.43,15.0,0.44,15.0,0.45,15.0,0.22,0.22,44.86458,1776160320000
1776160322.395,122.395,0.59,51.0,0.58,15.0,0.57,15.0,0.56,15.0,0.55,15.0,0.81,11.33,0.82,15.0,0.83,15.0,0.84,15.0,0.85,15.0,0.19,11.33,0.18,15.0,0.17,15.0,0.16,15.0,0.15,15.0,0.41,51.0,0.42,15.0,0.43,15.0,0.44,15.0,0.45,15.0,0.22,0.22,44.87526,1776160321000
1776160322.956,122.956,0.59,51.0,0.58,15.0,0.57,15.0,0.56,15.0,0.55,15.0,0.81,11.33,0.82,15.0,0.83,15.0,0.84,15.0,0.85,15.0,0.19,11.33,0.18,15.0,0.17,15.0,0.16,15.0,0.15,15.0,0.41,51.0,0.42,15.0,0.43,15.0,0.44,15.0,0.45,15.0,0.22,0.22,44.878233,1776160322000
1776160323.997,123.997,0.59,51.0,0.58,15.0,0.57,15.0,0.56,15.0,0.55,15.0,0.81,11.33,0.82,15.0,0.83,15.0,0.84,15.0,0.85,15.0,0.19,11.33,0.18,15.0,0.17,15.0,0.16,15.0,0.15,15.0,0.41,51.0,0.42,15.0,0.43,15.0,0.44,15.0,0.45,15.0,0.22,0.22,44.870954,1776160323000
1776160325.034,125.034,0.59,51.0,0.58,15.0,0.57,15.0,0.56,15.0,0.55,15.0,0.81,11.33,0.82,15.0,0.83,15.0,0.84,15.0,0.85,15.0,0.19,11.33,0.18,15.0,0.17,15.0,0.16,15.0,0.15,15.0,0.41,51.0,0.42,15.0,0.43,15.0,0.44,15.0,0.45,15.0,0.22,0.22,44.867097,1776160324000
1776160326.165,126.165,0.59,51.0,0.58,15.0,0.57,15.0,0.56,15.0,0.55,15.0,0.81,11.33,0.82,15.0,0.83,15.0,0.84,15.0,0.85,15.0,0.19,11.33,0.18,15.0,0.17,15.0,0.16,15.0,0.15,15.0,0.41,51.0,0.42,15.0,0.43,15.0,0.44,15.0,0.45,15.0,0.22,0.22,44.868966,1776160325000
1776160327.099,127.099,0.59,51.0,0.58,15.0,0.57,15.0,0.56,15.0,0.55,15.0,0.81,11.33,0.82,15.0,0.83,15.0,0.84,15.0,0.85,15.0,0.19,11.33,0.18,15.0,0.17,15.0,0.16,15.0,0.15,15.0,0.41,51.0,0.42,15.0,0.43,15.0,0.44,15.0,0.45,15.0,0.22,0.22,44.868397,1776160326000
1776160328.226,128.226,0.59,51.0,0.58,15.0,0.57,15.0,0.56,15.0,0.55,15.0,0.81,11.33,0.82,15.0,0.83,15.0,0.84,15.0,0.85,15.0,0.19,11.33,0.18,15.0,0.17,15.0,0.16,15.0,0.15,15.0,0.41,51.0,0.42,15.0,0.43,15.0,0.44,15.0,0.45,15.0,0.22,0.22,44.865618,1776160327000
1776160329.234,129.234,0.59,51.0,0.58,15.0,0.57,15.0,0.56,15.0,0.55,15.0,0.81,11.33,0.82,15.0,0.83,15.0,0.84,15.0,0.85,15.0,0.19,11.33,0.18,15.0,0.17,15.0,0.16,15.0,0.15,15.0,0.41,51.0,0.42,15.0,0.43,15.0,0.44,15.0,0.45,15.0,0.22,0.22,44.864987,1776160328000
1776160330.273,130.273,0.59,51.0,0.58,15.0,0.57,15.0,0.56,15.0,0.55,15.0,0.81,11.33,0.82,15.0,0.83,15.0,0.84,15.0,0.85,15.0,0.19,11.33,0.18,15.0,0.17,15.0,0.16,15.0,0.15,15.0,0.41,51.0,0.42,15.0,0.43,15.0,0.44,15.0,0.45,15.0,0.22,0.22,44.864987,1776160329000
1776160331.261,131.261,0.59,51.0,0.58,15.0,0.57,15.0,0.56,15.0,0.55,15.0,0.81,11.33,0.82,15.0,0.83,15.0,0.84,15.0,0.85,15.0,0.19,11.33,0.18,15.0,0.17,15.0,0.16,15.0,0.15,15.0,0.41,51.0,0.42,15.0,0.43,15.0,0.44,15.0,0.45,15.0,0.22,0.22,44.865058,1776160330000
1776160332.751,132.751,0.59,51.0,0.58,15.0,0.57,15.0,0.56,15.0,0.55,15.0,0.81,11.33,0.82,15.0,0.83,15.0,0.84,15.0,0.85,15.0,0.19,11.33,0.18,15.0,0.17,15.0,0.16,15.0,0.15,15.0,0.41,51.0,0.42,15.0,0.43,15.0,0.44,15.0,0.45,15.0,0.22,0.22,44.865268,1776160331000
1776160333.409,133.409,0.59,51.0,0.58,15.0,0.57,15.0,0.56,15.0,0.55,15.0,0.81,11.33,0.82,15.0,0.83,15.0,0.84,15.0,0.85,15.0,0.19,11.33,0.18,15.0,0.17,15.0,0.16,15.0,0.15,15.0,0.41,51.0,0.42,15.0,0.43,15.0,0.44,15.0,0.45,15.0,0.22,0.22,44.865618,1776160332000
1776160334.469,134.469,0.59,51.0,0.58,15.0,0.57,15.0,0.56,15.0,0.55,15.0,0.81,11.33,0.82,15.0,0.83,15.0,0.84,15.0,0.85,15.0,0.19,11.33,0.18,15.0,0.17,15.0,0.16,15.0,0.15,15.0,0.41,51.0,0.42,15.0,0.43,15.0,0.44,15.0,0.45,15.0,0.22,0.22,44.867004,1776160333000
1776160335.02,135.02,0.59,51.0,0.58,15.0,0.57,15.0,0.56,15.0,0.55,15.0,0.81,11.33,0.82,15.0,0.83,15.0,0.84,15.0,0.85,15.0,0.19,11.33,0.18,15.0,0.17,15.0,0.16,15.0,0.15,15.0,0.41,51.0,0.42,15.0,0.43,15.0,0.44,15.0,0.45,15.0,0.22,0.22,44.867004,1776160334000
1776160336.039,136.039,0.59,51.0,0.58,15.0,0.57,15.0,0.56,15.0,0.55,15.0,0.81,11.33,0.82,15.0,0.83,15.0,0.84,15.0,0.85,15.0,0.19,11.33,0.18,15.0,0.17,15.0,0.16,15.0,0.15,15.0,0.41,51.0,0.42,15.0,0.43,15.0,0.44,15.0,0.45,15.0,0.22,0.22,44.867431,1776160335000
1776160337.219,137.219,0.59,51.0,0.58,15.0,0.57,15.0,0.56,15.0,0.55,15.0,0.81,11.33,0.82,15.0,0.83,15.0,0.84,15.0,0.85,15.0,0.19,11.33,0.18,15.0,0.17,15.0,0.16,15.0,0.15,15.0,0.41,51.0,0.42,15.0,0.43,15.0,0.44,15.0,0.45,15.0,0.22,0.22,44.867022,1776160336000
1776160338.365,138.365,0.59,51.0,0.58,15.0,0.57,15.0,0.56,15.0,0.55,15.0,0.81,11.33,0.82,15.0,0.83,15.0,0.84,15.0,0.85,15.0,0.19,11.33,0.18,15.0,0.17,15.0,0.16,15.0,0.15,15.0,0.41,51.0,0.42,15.0,0.43,15.0,0.44,15.0,0.45,15.0,0.22,0.22,44.867096,1776160337000
1776160338.938,138.938,0.59,51.0,0.58,15.0,0.57,15.0,0.56,15.0,0.55,15.0,0.81,11.33,0.82,15.0,0.83,15.0,0.84,15.0,0.85,15.0,0.19,11.33,0.18,15.0,0.17,15.0,0.16,15.0,0.15,15.0,0.41,51.0,0.42,15.0,0.43,15.0,0.44,15.0,0.45,15.0,0.22,0.22,44.867203,1776160338000
1776160339.962,139.962,0.59,51.0,0.58,15.0,0.57,15.0,0.56,15.0,0.55,15.0,0.81,11.33,0.82,15.0,0.83,15.0,0.84,15.0,0.85,15.0,0.19,11.33,0.18,15.0,0.17,15.0,0.16,15.0,0.15,15.0,0.41,51.0,0.42,15.0,0.43,15.0,0.44,15.0,0.45,15.0,0.22,0.22,44.867059,1776160339000
1776160341.076,141.076,0.59,51.0,0.58,15.0,0.57,15.0,0.56,15.0,0.55,15.0,0.81,11.33,0.82,15.0,0.83,15.0,0.84,15.0,0.85,15.0,0.19,11.33,0.18,15.0,0.17,15.0,0.16,15.0,0.15,15.0,0.41,51.0,0.42,15.0,0.43,15.0,0.44,15.0,0.45,15.0,0.22,0.22,44.867202,1776160340000
1776160342.33,142.33,0.59,51.0,0.58,15.0,0.57,15.0,0.56,15.0,0.55,15.0,0.81,11.33,0.82,15.0,0.83,15.0,0.84,15.0,0.85,15.0,0.19,11.33,0.18,15.0,0.17,15.0,0.16,15.0,0.15,15.0,0.41,51.0,0.42,15.0,0.43,15.0,0.44,15.0,0.45,15.0,0.22,0.22,44.867467,1776160341000
1776160343.338,143.338,0.59,51.0,0.58,15.0,0.57,15.0,0.56,15.0,0.55,15.0,0.81,11.33,0.82,15.0,0.83,15.0,0.84,15.0,0.85,15.0,0.19,11.33,0.18,15.0,0.17,15.0,0.16,15.0,0.15,15.0,0.41,51.0,0.42,15.0,0.43,15.0,0.44,15.0,0.45,15.0,0.22,0.22,44.867321,1776160342000
1776160343.982,143.982,0.59,51.0,0.58,15.0,0.57,15.0,0.56,15.0,0.55,15.0,0.81,11.33,0.82,15.0,0.83,15.0,0.84,15.0,0.85,15.0,0.19,11.33,0.18,15.0,0.17,15.0,0.16,15.0,0.15,15.0,0.41,51.0,0.42,15.0,0.43,15.0,0.44,15.0,0.45,15.0,0.22,0.22,44.867321,1776160343000
1776160345.056,145.056,0.59,51.0,0.58,15.0,0.57,15.0,0.56,15.0,0.55,15.0,0.81,11.33,0.82,15.0,0.83,15.0,0.84,15.0,0.85,15.0,0.19,11.33,0.18,15.0,0.17,15.0,0.16,15.0,0.15,15.0,0.41,51.0,0.42,15.0,0.43,15.0,0.44,15.0,0.45,15.0,0.22,0.22,44.867074,1776160344000
1776160346.195,146.195,0.59,51.0,0.58,15.0,0.57,15.0,0.56,15.0,0.55,15.0,0.81,11.33,0.82,15.0,0.83,15.0,0.84,15.0,0.85,15.0,0.19,11.33,0.18,15.0,0.17,15.0,0.16,15.0,0.15,15.0,0.41,51.0,0.42,15.0,0.43,15.0,0.44,15.0,0.45,15.0,0.22,0.22,44.867074,1776160345000
1776160347.11,147.11,0.59,51.0,0.58,15.0,0.57,15.0,0.56,15.0,0.55,15.0,0.81,11.33,0.82,15.0,0.83,15.0,0.84,15.0,0.85,15.0,0.19,11.33,0.18,15.0,0.17,15.0,0.16,15.0,0.15,15.0,0.41,51.0,0.42,15.0,0.43,15.0,0.44,15.0,0.45,15.0,0.22,0.22,44.866922,1776160346000
1776160348.005,148.005,0.59,51.0,0.58,15.0,0.57,15.0,0.56,15.0,0.55,15.0,0.81,11.33,0.82,15.0,0.83,15.0,0.84,15.0,0.85,15.0,0.19,11.33,0.18,15.0,0.17,15.0,0.16,15.0,0.15,15.0,0.41,51.0,0.42,15.0,0.43,15.0,0.44,15.0,0.45,15.0,0.22,0.22,44.867095,1776160347000
1776160349.037,149.037,0.59,51.0,0.58,15.0,0.57,15.0,0.56,15.0,0.55,15.0,0.81,11.33,0.82,15.0,0.83,15.0,0.84,15.0,0.85,15.0,0.19,11.33,0.18,15.0,0.17,15.0,0.16,15.0,0.15,15.0,0.41,51.0,0.42,15.0,0.43,15.0,0.44,15.0,0.45,15.0,0.22,0.22,44.867095,1776160348000
1776160349.979,149.979,0.59,51.0,0.58,15.0,0.57,15.0,0.56,15.0,0.55,15.0,0.81,11.33,0.82,15.0,0.83,15.0,0.84,15.0,0.85,15.0,0.19,11.33,0.18,15.0,0.17,15.0,0.16,15.0,0.15,15.0,0.41,51.0,0.42,15.0,0.43,15.0,0.44,15.0,0.45,15.0,0.22,0.22,44.867139,1776160349000
1776160351.357,151.357,0.59,51.0,0.58,15.0,0.57,15.0,0.56,15.0,0.55,15.0,0.81,11.33,0.82,15.0,0.83,15.0,0.84,15.0,0.85,15.0,0.19,11.33,0.18,15.0,0.17,15.0,0.16,15.0,0.15,15.0,0.41,51.0,0.42,15.0,0.43,15.0,0.44,15.0,0.45,15.0,0.22,0.22,44.867061,1776160350000
1776160352.138,152.138,0.59,51.0,0.58,15.0,0.57,15.0,0.56,15.0,0.55,15.0,0.81,11.33,0.82,15.0,0.83,15.0,0.84,15.0,0.85,15.0,0.19,11.33,0.18,15.0,0.17,15.0,0.16,15.0,0.15,15.0,0.41,51.0,0.42,15.0,0.43,15.0,0.44,15.0,0.45,15.0,0.22,0.22,44.866812,1776160351000
1776160353.197,153.197,0.59,51.0,0.58,15.0,0.57,15.0,0.56,15.0,0.55,15.0,0.81,11.33,0.82,15.0,0.83,15.0,0.84,15.0,0.85,15.0,0.19,11.33,0.18,15.0,0.17,15.0,0.16,15.0,0.15,15.0,0.41,51.0,0.42,15.0,0.43,15.0,0.44,15.0,0.45,15.0,0.22,0.22,44.865317,1776160352000
1776160354.123,154.123,0.59,51.0,0.58,15.0,0.57,15.0,0.56,15.0,0.55,15.0,0.81,11.33,0.82,15.0,0.83,15.0,0.84,15.0,0.85,15.0,0.19,11.33,0.18,15.0,0.17,15.0,0.16,15.0,0.15,15.0,0.41,51.0,0.42,15.0,0.43,15.0,0.44,15.0,0.45,15.0,0.22,0.22,44.865317,1776160353000
1776160355.038,155.038,0.59,51.0,0.58,15.0,0.57,15.0,0.56,15.0,0.55,15.0,0.81,11.33,0.82,15.0,0.83,15.0,0.84,15.0,0.85,15.0,0.19,11.33,0.18,15.0,0.17,15.0,0.16,15.0,0.15,15.0,0.41,51.0,0.42,15.0,0.43,15.0,0.44,15.0,0.45,15.0,0.22,0.22,44.865317,1776160354000
1776160355.992,155.992,0.59,51.0,0.58,15.0,0.57,15.0,0.56,15.0,0.55,15.0,0.81,11.33,0.82,15.0,0.83,15.0,0.84,15.0,0.85,15.0,0.19,11.33,0.18,15.0,0.17,15.0,0.16,15.0,0.15,15.0,0.41,51.0,0.42,15.0,0.43,15.0,0.44,15.0,0.45,15.0,0.22,0.22,44.865265,1776160355000
1776160356.996,156.996,0.59,51.0,0.58,15.0,0.57,15.0,0.56,15.0,0.55,15.0,0.81,11.33,0.82,15.0,0.83,15.0,0.84,15.0,0.85,15.0,0.19,11.33,0.18,15.0,0.17,15.0,0.16,15.0,0.15,15.0,0.41,51.0,0.42,15.0,0.43,15.0,0.44,15.0,0.45,15.0,0.22,0.22,44.86513,1776160356000
1776160357.942,157.942,0.59,51.0,0.58,15.0,0.57,15.0,0.56,15.0,0.55,15.0,0.81,11.33,0.82,15.0,0.83,15.0,0.84,15.0,0.85,15.0,0.19,11.33,0.18,15.0,0.17,15.0,0.16,15.0,0.15,15.0,0.41,51.0,0.42,15.0,0.43,15.0,0.44,15.0,0.45,15.0,0.22,0.22,44.865165,1776160357000
1776160359.293,159.293,0.59,51.0,0.58,15.0,0.57,15.0,0.56,15.0,0.55,15.0,0.81,11.33,0.82,15.0,0.83,15.0,0.84,15.0,0.85,15.0,0.19,11.33,0.18,15.0,0.17,15.0,0.16,15.0,0.15,15.0,0.41,51.0,0.42,15.0,0.43,15.0,0.44,15.0,0.45,15.0,0.22,0.22,44.865384,1776160358000
1776160360.306,160.306,0.59,51.0,0.58,15.0,0.57,15.0,0.56,15.0,0.55,15.0,0.81,11.33,0.82,15.0,0.83,15.0,0.84,15.0,0.85,15.0,0.19,11.33,0.18,15.0,0.17,15.0,0.16,15.0,0.15,15.0,0.41,51.0,0.42,15.0,0.43,15.0,0.44,15.0,0.45,15.0,0.22,0.22,44.865354,1776160359000
1776160361.265,161.265,0.59,51.0,0.58,15.0,0.57,15.0,0.56,15.0,0.55,15.0,0.81,11.33,0.82,15.0,0.83,15.0,0.84,15.0,0.85,15.0,0.19,11.33,0.18,15.0,0.17,15.0,0.16,15.0,0.15,15.0,0.41,51.0,0.42,15.0,0.43,15.0,0.44,15.0,0.45,15.0,0.22,0.22,44.866568,1776160360000
1776160362.187,162.187,0.59,51.0,0.58,15.0,0.57,15.0,0.56,15.0,0.55,15.0,0.81,11.33,0.82,15.0,0.83,15.0,0.84,15.0,0.85,15.0,0.19,11.33,0.18,15.0,0.17,15.0,0.16,15.0,0.15,15.0,0.41,51.0,0.42,15.0,0.43,15.0,0.44,15.0,0.45,15.0,0.22,0.22,44.866321,1776160361000
1776160363.213,163.213,0.59,51.0,0.58,15.0,0.57,15.0,0.56,15.0,0.55,15.0,0.81,11.33,0.82,15.0,0.83,15.0,0.84,15.0,0.85,15.0,0.19,11.33,0.18,15.0,0.17,15.0,0.16,15.0,0.15,15.0,0.41,51.0,0.42,15.0,0.43,15.0,0.44,15.0,0.45,15.0,0.22,0.22,44.864395,1776160362000
1776160364.179,164.179,0.59,51.0,0.58,15.0,0.57,15.0,0.56,15.0,0.55,15.0,0.81,11.33,0.82,15.0,0.83,15.0,0.84,15.0,0.85,15.0,0.19,11.33,0.18,15.0,0.17,15.0,0.16,15.0,0.15,15.0,0.41,51.0,0.42,15.0,0.43,15.0,0.44,15.0,0.45,15.0,0.22,0.22,44.864395,1776160363000
1776160365.163,165.163,0.59,51.0,0.58,15.0,0.57,15.0,0.56,15.0,0.55,15.0,0.81,11.33,0.82,15.0,0.83,15.0,0.84,15.0,0.85,15.0,0.19,11.33,0.18,15.0,0.17,15.0,0.16,15.0,0.15,15.0,0.41,51.0,0.42,15.0,0.43,15.0,0.44,15.0,0.45,15.0,0.22,0.22,44.863896,1776160364000
1776160366.21,166.21,0.59,51.0,0.58,15.0,0.57,15.0,0.56,15.0,0.55,15.0,0.81,11.33,0.82,15.0,0.83,15.0,0.84,15.0,0.85,15.0,0.19,11.33,0.18,15.0,0.17,15.0,0.16,15.0,0.15,15.0,0.41,51.0,0.42,15.0,0.43,15.0,0.44,15.0,0.45,15.0,0.22,0.22,44.863324,1776160365000
1776160367.072,167.072,0.59,51.0,0.58,15.0,0.57,15.0,0.56,15.0,0.55,15.0,0.81,11.33,0.82,15.0,0.83,15.0,0.84,15.0,0.85,15.0,0.19,11.33,0.18,15.0,0.17,15.0,0.16,15.0,0.15,15.0,0.41,51.0,0.42,15.0,0.43,15.0,0.44,15.0,0.45,15.0,0.22,0.22,44.861911,1776160366000
1776160368.091,168.091,0.59,51.0,0.58,15.0,0.57,15.0,0.56,15.0,0.55,15.0,0.81,11.33,0.82,15.0,0.83,15.0,0.84,15.0,0.85,15.0,0.19,11.33,0.18,15.0,0.17,15.0,0.16,15.0,0.15,15.0,0.41,51.0,0.42,15.0,0.43,15.0,0.44,15.0,0.45,15.0,0.22,0.22,44.860311,1776160367000
1776160369.008,169.008,0.59,51.0,0.58,15.0,0.57,15.0,0.56,15.0,0.55,15.0,0.81,11.33,0.82,15.0,0.83,15.0,0.84,15.0,0.85,15.0,0.19,11.33,0.18,15.0,0.17,15.0,0.16,15.0,0.15,15.0,0.41,51.0,0.42,15.0,0.43,15.0,0.44,15.0,0.45,15.0,0.22,0.22,44.860311,1776160368000
1776160369.967,169.967,0.59,51.0,0.58,15.0,0.57,15.0,0.56,15.0,0.55,15.0,0.81,11.33,0.82,15.0,0.83,15.0,0.84,15.0,0.85,15.0,0.19,11.33,0.18,15.0,0.17,15.0,0.16,15.0,0.15,15.0,0.41,51.0,0.42,15.0,0.43,15.0,0.44,15.0,0.45,15.0,0.22,0.22,44.860068,1776160369000
1776160370.982,170.982,0.59,51.0,0.58,15.0,0.57,15.0,0.56,15.0,0.55,15.0,0.81,11.33,0.82,15.0,0.83,15.0,0.84,15.0,0.85,15.0,0.19,11.33,0.18,15.0,0.17,15.0,0.16,15.0,0.15,15.0,0.41,51.0,0.42,15.0,0.43,15.0,0.44,15.0,0.45,15.0,0.22,0.22,44.860067,1776160370000
1776160372.01,172.01,0.59,51.0,0.58,15.0,0.57,15.0,0.56,15.0,0.55,15.0,0.81,11.33,0.82,15.0,0.83,15.0,0.84,15.0,0.85,15.0,0.19,11.33,0.18,15.0,0.17,15.0,0.16,15.0,0.15,15.0,0.41,51.0,0.42,15.0,0.43,15.0,0.44,15.0,0.45,15.0,0.22,0.22,44.860957,1776160371000
1776160373.226,173.226,0.59,51.0,0.58,15.0,0.57,15.0,0.56,15.0,0.55,15.0,0.81,11.33,0.82,15.0,0.83,15.0,0.84,15.0,0.85,15.0,0.19,11.33,0.18,15.0,0.17,15.0,0.16,15.0,0.15,15.0,0.41,51.0,0.42,15.0,0.43,15.0,0.44,15.0,0.45,15.0,0.22,0.22,44.860957,1776160372000
1776160373.947,173.947,0.74,6.0,0.73,10.0,0.66,7.0,0.64,15.0,0.63,15.0,0.86,11.54,0.87,15.0,0.88,15.0,0.89,15.0,0.9,25.0,0.19,11.33,0.18,15.0,0.17,15.0,0.16,15.0,0.15,15.0,0.41,51.0,0.42,15.0,0.43,15.0,0.44,15.0,0.45,15.0,0.12,0.22,44.860957,1776160372000
1776160374.931,174.931,0.74,6.0,0.73,10.0,0.66,7.0,0.64,15.0,0.63,15.0,0.86,11.54,0.87,15.0,0.88,15.0,0.89,15.0,0.9,25.0,0.14,11.54,0.13,15.0,0.12,15.0,0.11,15.0,0.1,25.0,0.26,6.0,0.27,10.0,0.34,7.0,0.36,15.0,0.37,15.0,0.12,0.12,44.861638,1776160374000
1776160376.003,176.003,0.74,6.0,0.73,10.0,0.66,7.0,0.64,15.0,0.63,15.0,0.86,11.54,0.87,15.0,0.88,15.0,0.89,15.0,0.9,25.0,0.14,11.54,0.13,15.0,0.12,15.0,0.11,15.0,0.1,25.0,0.26,6.0,0.27,10.0,0.34,7.0,0.36,15.0,0.37,15.0,0.12,0.12,44.873911,1776160375000
1776160377.04,177.04,0.73,10.0,0.69,15.0,0.68,15.0,0.67,15.0,0.66,15.0,0.83,6.0,0.86,15.0,0.87,15.0,0.88,15.0,0.89,15.0,0.14,11.54,0.13,15.0,0.12,15.0,0.11,15.0,0.1,25.0,0.26,6.0,0.27,10.0,0.34,7.0,0.36,15.0,0.37,15.0,0.1,0.12,44.873911,1776160375000
1776160377.376,177.376,0.73,10.0,0.69,15.0,0.68,15.0,0.67,15.0,0.66,15.0,0.83,6.0,0.86,15.0,0.87,15.0,0.88,15.0,0.89,15.0,0.17,6.0,0.14,15.0,0.13,15.0,0.12,15.0,0.11,15.0,0.27,10.0,0.31,15.0,0.32,15.0,0.33,15.0,0.34,15.0,0.1,0.1,44.880118,1776160376000
1776160377.996,177.996,0.73,10.0,0.69,15.0,0.68,15.0,0.67,15.0,0.66,15.0,0.83,6.0,0.86,15.0,0.87,15.0,0.88,15.0,0.89,15.0,0.17,6.0,0.14,15.0,0.13,15.0,0.12,15.0,0.11,15.0,0.27,10.0,0.31,15.0,0.32,15.0,0.33,15.0,0.34,15.0,0.1,0.1,44.880118,1776160377000
1776160379.094,179.094,0.73,10.0,0.69,15.0,0.68,15.0,0.67,15.0,0.66,15.0,0.83,6.0,0.86,15.0,0.87,15.0,0.88,15.0,0.89,15.0,0.17,6.0,0.14,15.0,0.13,15.0,0.12,15.0,0.11,15.0,0.27,10.0,0.31,15.0,0.32,15.0,0.33,15.0,0.34,15.0,0.1,0.1,44.881551,1776160378000
1776160380.135,180.135,0.73,10.0,0.69,15.0,0.68,15.0,0.67,15.0,0.66,15.0,0.83,6.0,0.86,15.0,0.87,15.0,0.88,15.0,0.89,15.0,0.17,6.0,0.14,15.0,0.13,15.0,0.12,15.0,0.11,15.0,0.27,10.0,0.31,15.0,0.32,15.0,0.33,15.0,0.34,15.0,0.1,0.1,44.88291,1776160379000
1776160381.272,181.272,0.82,23.0,0.8,10.0,0.76,15.0,0.75,15.0,0.74,15.0,0.83,0.93,0.91,15.0,0.92,15.0,0.93,15.0,0.94,15.0,0.17,6.0,0.14,15.0,0.13,15.0,0.12,15.0,0.11,15.0,0.27,10.0,0.31,15.0,0.32,15.0,0.33,15.0,0.34,15.0,0.01,0.1,44.88291,1776160379000
1776160382.117,182.117,0.82,23.0,0.8,10.0,0.76,15.0,0.75,15.0,0.74,15.0,0.83,0.93,0.91,15.0,0.92,15.0,0.93,15.0,0.94,15.0,0.17,0.93,0.09,15.0,0.08,15.0,0.07,15.0,0.06,15.0,0.18,23.0,0.2,10.0,0.24,15.0,0.25,15.0,0.26,15.0,0.01,0.01,44.8819,1776160381000
1776160383.088,183.088,0.82,23.0,0.8,10.0,0.79,15.0,0.78,15.0,0.77,15.0,0.91,9.25,0.92,15.0,0.93,15.0,0.94,15.0,0.95,15.0,0.09,9.25,0.08,15.0,0.07,15.0,0.06,15.0,0.05,15.0,0.18,23.0,0.2,10.0,0.21,15.0,0.22,15.0,0.23,15.0,0.09,0.09,44.886377,1776160382000
1776160384.246,184.246,0.82,23.0,0.8,10.0,0.79,15.0,0.78,15.0,0.77,15.0,0.91,9.25,0.92,15.0,0.93,15.0,0.94,15.0,0.95,15.0,0.09,9.25,0.08,15.0,0.07,15.0,0.06,15.0,0.05,15.0,0.18,23.0,0.2,10.0,0.21,15.0,0.22,15.0,0.23,15.0,0.09,0.09,44.891004,1776160383000
1776160385.437,185.437,0.82,23.0,0.8,10.0,0.79,15.0,0.78,15.0,0.77,15.0,0.91,9.25,0.92,15.0,0.93,15.0,0.94,15.0,0.95,15.0,0.09,9.25,0.08,15.0,0.07,15.0,0.06,15.0,0.05,15.0,0.18,23.0,0.2,10.0,0.21,15.0,0.22,15.0,0.23,15.0,0.09,0.09,44.893722,1776160384000
1776160386.164,186.164,0.82,23.0,0.8,10.0,0.79,15.0,0.78,15.0,0.77,15.0,0.91,9.25,0.92,15.0,0.93,15.0,0.94,15.0,0.95,15.0,0.09,9.25,0.08,15.0,0.07,15.0,0.06,15.0,0.05,15.0,0.18,23.0,0.2,10.0,0.21,15.0,0.22,15.0,0.23,15.0,0.09,0.09,44.892053,1776160385000
1776160387.034,187.034,0.82,23.0,0.8,10.0,0.79,15.0,0.78,15.0,0.77,15.0,0.91,9.25,0.92,15.0,0.93,15.0,0.94,15.0,0.95,15.0,0.09,9.25,0.08,15.0,0.07,15.0,0.06,15.0,0.05,15.0,0.18,23.0,0.2,10.0,0.21,15.0,0.22,15.0,0.23,15.0,0.09,0.09,44.896015,1776160386000
1776160388.049,188.049,0.82,23.0,0.8,10.0,0.79,15.0,0.78,15.0,0.77,15.0,0.91,9.25,0.92,15.0,0.93,15.0,0.94,15.0,0.95,15.0,0.09,9.25,0.08,15.0,0.07,15.0,0.06,15.0,0.05,15.0,0.18,23.0,0.2,10.0,0.21,15.0,0.22,15.0,0.23,15.0,0.09,0.09,44.895395,1776160387000
1776160389.078,189.078,0.82,23.0,0.8,10.0,0.79,15.0,0.78,15.0,0.77,15.0,0.91,9.25,0.92,15.0,0.93,15.0,0.94,15.0,0.95,15.0,0.09,9.25,0.08,15.0,0.07,15.0,0.06,15.0,0.05,15.0,0.18,23.0,0.2,10.0,0.21,15.0,0.22,15.0,0.23,15.0,0.09,0.09,44.891163,1776160388000
1776160390.024,190.024,0.82,23.0,0.8,10.0,0.79,15.0,0.78,15.0,0.77,15.0,0.91,9.25,0.92,15.0,0.93,15.0,0.94,15.0,0.95,15.0,0.09,9.25,0.08,15.0,0.07,15.0,0.06,15.0,0.05,15.0,0.18,23.0,0.2,10.0,0.21,15.0,0.22,15.0,0.23,15.0,0.09,0.09,44.888132,1776160389000
1776160391.068,191.068,0.82,23.0,0.8,10.0,0.79,15.0,0.78,15.0,0.77,15.0,0.91,9.25,0.92,15.0,0.93,15.0,0.94,15.0,0.95,15.0,0.09,9.25,0.08,15.0,0.07,15.0,0.06,15.0,0.05,15.0,0.18,23.0,0.2,10.0,0.21,15.0,0.22,15.0,0.23,15.0,0.09,0.09,44.880104,1776160390000
1776160392.116,192.116,0.82,23.0,0.8,10.0,0.79,15.0,0.78,15.0,0.77,15.0,0.91,9.25,0.92,15.0,0.93,15.0,0.94,15.0,0.95,15.0,0.09,9.25,0.08,15.0,0.07,15.0,0.06,15.0,0.05,15.0,0.18,23.0,0.2,10.0,0.21,15.0,0.22,15.0,0.23,15.0,0.09,0.09,44.875102,1776160391000
1776160393.066,193.066,0.82,23.0,0.8,10.0,0.79,15.0,0.78,15.0,0.77,15.0,0.91,9.25,0.92,15.0,0.93,15.0,0.94,15.0,0.95,15.0,0.09,9.25,0.08,15.0,0.07,15.0,0.06,15.0,0.05,15.0,0.18,23.0,0.2,10.0,0.21,15.0,0.22,15.0,0.23,15.0,0.09,0.09,44.875171,1776160392000
1776160394.038,194.038,0.82,23.0,0.8,10.0,0.79,15.0,0.78,15.0,0.77,15.0,0.91,9.25,0.92,15.0,0.93,15.0,0.94,15.0,0.95,15.0,0.09,9.25,0.08,15.0,0.07,15.0,0.06,15.0,0.05,15.0,0.18,23.0,0.2,10.0,0.21,15.0,0.22,15.0,0.23,15.0,0.09,0.09,44.87542,1776160393000
1776160395.119,195.119,0.82,23.0,0.8,10.0,0.79,15.0,0.78,15.0,0.77,15.0,0.91,9.25,0.92,15.0,0.93,15.0,0.94,15.0,0.95,15.0,0.09,9.25,0.08,15.0,0.07,15.0,0.06,15.0,0.05,15.0,0.18,23.0,0.2,10.0,0.21,15.0,0.22,15.0,0.23,15.0,0.09,0.09,44.873807,1776160394000
1776160396.215,196.215,0.82,23.0,0.8,10.0,0.79,15.0,0.78,15.0,0.77,15.0,0.91,9.25,0.92,15.0,0.93,15.0,0.94,15.0,0.95,15.0,0.09,9.25,0.08,15.0,0.07,15.0,0.06,15.0,0.05,15.0,0.18,23.0,0.2,10.0,0.21,15.0,0.22,15.0,0.23,15.0,0.09,0.09,44.871083,1776160395000
1776160397.132,197.132,0.82,23.0,0.8,10.0,0.79,15.0,0.78,15.0,0.77,15.0,0.91,9.25,0.92,15.0,0.93,15.0,0.94,15.0,0.95,15.0,0.09,9.25,0.08,15.0,0.07,15.0,0.06,15.0,0.05,15.0,0.18,23.0,0.2,10.0,0.21,15.0,0.22,15.0,0.23,15.0,0.09,0.09,44.86454,1776160396000
1776160398.199,198.199,0.82,23.0,0.8,10.0,0.79,15.0,0.78,15.0,0.77,15.0,0.91,9.25,0.92,15.0,0.93,15.0,0.94,15.0,0.95,15.0,0.09,9.25,0.08,15.0,0.07,15.0,0.06,15.0,0.05,15.0,0.18,23.0,0.2,10.0,0.21,15.0,0.22,15.0,0.23,15.0,0.09,0.09,44.86454,1776160397000
1776160399.172,199.172,0.82,23.0,0.8,10.0,0.79,15.0,0.78,15.0,0.77,15.0,0.91,9.25,0.92,15.0,0.93,15.0,0.94,15.0,0.95,15.0,0.09,9.25,0.08,15.0,0.07,15.0,0.06,15.0,0.05,15.0,0.18,23.0,0.2,10.0,0.21,15.0,0.22,15.0,0.23,15.0,0.09,0.09,44.868123,1776160398000
1776160400.208,200.208,0.82,23.0,0.8,10.0,0.79,15.0,0.78,15.0,0.77,15.0,0.91,9.25,0.92,15.0,0.93,15.0,0.94,15.0,0.95,15.0,0.09,9.25,0.08,15.0,0.07,15.0,0.06,15.0,0.05,15.0,0.18,23.0,0.2,10.0,0.21,15.0,0.22,15.0,0.23,15.0,0.09,0.09,44.875749,1776160399000
1776160401.269,201.269,0.82,23.0,0.8,10.0,0.79,15.0,0.78,15.0,0.77,15.0,0.91,9.25,0.92,15.0,0.93,15.0,0.94,15.0,0.95,15.0,0.09,9.25,0.08,15.0,0.07,15.0,0.06,15.0,0.05,15.0,0.18,23.0,0.2,10.0,0.21,15.0,0.22,15.0,0.23,15.0,0.09,0.09,44.885453,1776160400000
1776160402.193,202.193,0.82,23.0,0.8,10.0,0.79,15.0,0.78,15.0,0.77,15.0,0.91,9.25,0.92,15.0,0.93,15.0,0.94,15.0,0.95,15.0,0.09,9.25,0.08,15.0,0.07,15.0,0.06,15.0,0.05,15.0,0.18,23.0,0.2,10.0,0.21,15.0,0.22,15.0,0.23,15.0,0.09,0.09,44.882336,1776160401000
1776160403.087,203.087,0.82,23.0,0.8,10.0,0.79,15.0,0.78,15.0,0.77,15.0,0.91,9.25,0.92,15.0,0.93,15.0,0.94,15.0,0.95,15.0,0.09,9.25,0.08,15.0,0.07,15.0,0.06,15.0,0.05,15.0,0.18,23.0,0.2,10.0,0.21,15.0,0.22,15.0,0.23,15.0,0.09,0.09,44.882337,1776160402000
1776160404.058,204.058,0.82,23.0,0.8,10.0,0.79,15.0,0.78,15.0,0.77,15.0,0.91,9.25,0.92,15.0,0.93,15.0,0.94,15.0,0.95,15.0,0.09,9.25,0.08,15.0,0.07,15.0,0.06,15.0,0.05,15.0,0.18,23.0,0.2,10.0,0.21,15.0,0.22,15.0,0.23,15.0,0.09,0.09,44.881009,1776160403000
1776160405.081,205.081,0.82,23.0,0.8,10.0,0.79,15.0,0.78,15.0,0.77,15.0,0.91,9.25,0.92,15.0,0.93,15.0,0.94,15.0,0.95,15.0,0.09,9.25,0.08,15.0,0.07,15.0,0.06,15.0,0.05,15.0,0.18,23.0,0.2,10.0,0.21,15.0,0.22,15.0,0.23,15.0,0.09,0.09,44.880634,1776160404000
1776160406.003,206.003,0.82,23.0,0.8,10.0,0.79,15.0,0.78,15.0,0.77,15.0,0.91,9.25,0.92,15.0,0.93,15.0,0.94,15.0,0.95,15.0,0.09,9.25,0.08,15.0,0.07,15.0,0.06,15.0,0.05,15.0,0.18,23.0,0.2,10.0,0.21,15.0,0.22,15.0,0.23,15.0,0.09,0.09,44.880636,1776160405000
1776160406.997,206.997,0.82,23.0,0.8,10.0,0.79,15.0,0.78,15.0,0.77,15.0,0.91,9.25,0.92,15.0,0.93,15.0,0.94,15.0,0.95,15.0,0.09,9.25,0.08,15.0,0.07,15.0,0.06,15.0,0.05,15.0,0.18,23.0,0.2,10.0,0.21,15.0,0.22,15.0,0.23,15.0,0.09,0.09,44.880568,1776160406000
1776160407.892,207.892,0.82,23.0,0.8,10.0,0.79,15.0,0.78,15.0,0.77,15.0,0.91,9.25,0.92,15.0,0.93,15.0,0.94,15.0,0.95,15.0,0.09,9.25,0.08,15.0,0.07,15.0,0.06,15.0,0.05,15.0,0.18,23.0,0.2,10.0,0.21,15.0,0.22,15.0,0.23,15.0,0.09,0.09,44.881058,1776160407000
1776160408.892,208.892,0.82,23.0,0.8,10.0,0.79,15.0,0.78,15.0,0.77,15.0,0.91,9.25,0.92,15.0,0.93,15.0,0.94,15.0,0.95,15.0,0.09,9.25,0.08,15.0,0.07,15.0,0.06,15.0,0.05,15.0,0.18,23.0,0.2,10.0,0.21,15.0,0.22,15.0,0.23,15.0,0.09,0.09,44.880986,1776160408000
1776160409.969,209.969,0.82,23.0,0.8,10.0,0.79,15.0,0.78,15.0,0.77,15.0,0.91,9.25,0.92,15.0,0.93,15.0,0.94,15.0,0.95,15.0,0.09,9.25,0.08,15.0,0.07,15.0,0.06,15.0,0.05,15.0,0.18,23.0,0.2,10.0,0.21,15.0,0.22,15.0,0.23,15.0,0.09,0.09,44.880045,1776160409000
1776160410.888,210.888,0.82,23.0,0.8,10.0,0.79,15.0,0.78,15.0,0.77,15.0,0.91,9.25,0.92,15.0,0.93,15.0,0.94,15.0,0.95,15.0,0.09,9.25,0.08,15.0,0.07,15.0,0.06,15.0,0.05,15.0,0.18,23.0,0.2,10.0,0.21,15.0,0.22,15.0,0.23,15.0,0.09,0.09,44.878477,1776160410000
1776160411.096,211.096,0.78,6.0,0.76,15.0,0.75,25.0,0.74,15.0,0.73,15.0,0.84,10.9,0.87,15.0,0.88,15.0,0.89,15.0,0.9,15.0,0.16,15.95,0.13,15.0,0.12,15.0,0.11,15.0,0.1,15.0,0.22,6.0,0.24,15.0,0.25,25.0,0.26,15.0,0.27,15.0,0.06,0.06,44.878477,1776160410000
1776160411.844,211.844,0.78,6.0,0.76,15.0,0.75,25.0,0.74,15.0,0.73,15.0,0.84,10.9,0.87,15.0,0.88,15.0,0.89,15.0,0.9,15.0,0.16,10.9,0.13,15.0,0.12,15.0,0.11,15.0,0.1,15.0,0.22,6.0,0.24,15.0,0.25,25.0,0.26,15.0,0.27,15.0,0.06,0.06,44.877346,1776160411000
1776160413.794,213.794,0.78,6.0,0.76,15.0,0.75,25.0,0.74,15.0,0.73,15.0,0.84,10.9,0.87,15.0,0.88,15.0,0.89,15.0,0.9,15.0,0.16,10.9,0.13,15.0,0.12,15.0,0.11,15.0,0.1,15.0,0.22,6.0,0.24,15.0,0.25,25.0,0.26,15.0,0.27,15.0,0.06,0.06,44.877524,1776160412000
1776160414.355,214.355,0.78,6.0,0.76,15.0,0.75,25.0,0.74,15.0,0.73,15.0,0.84,10.9,0.87,15.0,0.88,15.0,0.89,15.0,0.9,15.0,0.16,10.9,0.13,15.0,0.12,15.0,0.11,15.0,0.1,15.0,0.22,6.0,0.24,15.0,0.25,25.0,0.26,15.0,0.27,15.0,0.06,0.06,44.87817,1776160413000
1776160415.092,215.092,0.78,6.0,0.76,15.0,0.75,25.0,0.74,15.0,0.73,15.0,0.84,10.9,0.87,15.0,0.88,15.0,0.89,15.0,0.9,15.0,0.16,10.9,0.13,15.0,0.12,15.0,0.11,15.0,0.1,15.0,0.22,6.0,0.24,15.0,0.25,25.0,0.26,15.0,0.27,15.0,0.06,0.06,44.878098,1776160414000
1776160416.302,216.302,0.8,32.0,0.76,10.0,0.75,15.0,0.74,15.0,0.73,15.0,0.93,4.28,0.94,15.0,0.95,15.0,0.96,15.0,0.97,15.0,0.07,4.28,0.06,15.0,0.05,15.0,0.04,15.0,0.03,15.0,0.2,32.0,0.24,10.0,0.25,15.0,0.26,15.0,0.27,15.0,0.13,0.13,44.877412,1776160415000
1776160417.491,217.491,0.8,32.0,0.76,10.0,0.75,15.0,0.74,15.0,0.73,15.0,0.93,4.28,0.94,15.0,0.95,15.0,0.96,15.0,0.97,15.0,0.07,4.28,0.06,15.0,0.05,15.0,0.04,15.0,0.03,15.0,0.2,32.0,0.24,10.0,0.25,15.0,0.26,15.0,0.27,15.0,0.13,0.13,44.897518,1776160416000
1776160418.144,218.144,0.8,32.0,0.76,10.0,0.75,15.0,0.74,15.0,0.73,15.0,0.93,4.28,0.94,15.0,0.95,15.0,0.96,15.0,0.97,15.0,0.07,4.28,0.06,15.0,0.05,15.0,0.04,15.0,0.03,15.0,0.2,32.0,0.24,10.0,0.25,15.0,0.26,15.0,0.27,15.0,0.13,0.13,44.903635,1776160417000
1776160419.313,219.313,0.8,32.0,0.76,10.0,0.75,15.0,0.74,15.0,0.73,15.0,0.93,4.28,0.94,15.0,0.95,15.0,0.96,15.0,0.97,15.0,0.07,4.28,0.06,15.0,0.05,15.0,0.04,15.0,0.03,15.0,0.2,32.0,0.24,10.0,0.25,15.0,0.26,15.0,0.27,15.0,0.13,0.13,44.909345,1776160418000
1776160420.351,220.351,0.8,32.0,0.76,10.0,0.75,15.0,0.74,15.0,0.73,15.0,0.93,4.28,0.94,15.0,0.95,15.0,0.96,15.0,0.97,15.0,0.07,4.28,0.06,15.0,0.05,15.0,0.04,15.0,0.03,15.0,0.2,32.0,0.24,10.0,0.25,15.0,0.26,15.0,0.27,15.0,0.13,0.13,44.911373,1776160419000
1776160420.96,220.96,0.8,32.0,0.76,10.0,0.75,15.0,0.74,15.0,0.73,15.0,0.93,4.28,0.94,15.0,0.95,15.0,0.96,15.0,0.97,15.0,0.07,4.28,0.06,15.0,0.05,15.0,0.04,15.0,0.03,15.0,0.2,32.0,0.24,10.0,0.25,15.0,0.26,15.0,0.27,15.0,0.13,0.13,44.911306,1776160420000
1776160421.162,221.162,0.91,34.0,0.87,15.0,0.86,15.0,0.85,20.0,0.84,15.0,0.93,1.06,0.97,15.0,0.98,20.0,0.99,186.09,,,0.07,2.14,0.03,15.0,0.02,20.0,0.01,186.09,,,0.09,24.0,0.1,10.0,0.13,15.0,0.14,15.0,0.15,20.0,0.02,0.02,44.911306,1776160420000
1776160422.055,222.055,0.91,34.0,0.9,15.0,0.89,15.0,0.88,15.0,0.87,15.0,0.97,12.92,0.98,20.0,0.99,186.09,,,,,0.07,1.06,0.03,15.0,0.02,20.0,0.01,186.09,,,0.09,34.0,0.13,15.0,0.14,15.0,0.15,20.0,0.16,15.0,0.06,0.02,44.911306,1776160420000
1776160422.889,222.889,0.91,49.0,0.9,15.0,0.89,15.0,0.88,15.0,0.87,15.0,0.97,11.88,0.98,20.0,0.99,186.09,,,,,0.03,12.92,0.02,20.0,0.01,186.09,,,,,0.09,34.0,0.1,15.0,0.11,15.0,0.12,15.0,0.13,15.0,0.06,0.06,44.915022,1776160421000
1776160423.18,223.18,0.91,49.0,0.9,15.0,0.89,15.0,0.88,15.0,0.87,15.0,0.97,11.88,0.98,20.0,0.99,186.09,,,,,0.03,11.88,0.02,20.0,0.01,186.09,,,,,0.09,49.0,0.1,15.0,0.11,15.0,0.12,15.0,0.13,15.0,0.06,0.06,44.91534,1776160422000
1776160424.346,224.346,0.92,15.0,0.91,49.0,0.9,15.0,0.89,15.0,0.88,15.0,0.97,10.84,0.98,20.0,0.99,186.09,,,,,0.03,10.84,0.02,20.0,0.01,186.09,,,,,0.08,15.0,0.09,49.0,0.1,15.0,0.11,15.0,0.12,15.0,0.05,0.05,44.915341,1776160423000
1776160425.495,225.495,0.92,15.0,0.91,49.0,0.9,15.0,0.89,15.0,0.88,15.0,0.97,10.84,0.98,20.0,0.99,186.09,,,,,0.03,10.84,0.02,20.0,0.01,186.09,,,,,0.08,15.0,0.09,49.0,0.1,15.0,0.11,15.0,0.12,15.0,0.05,0.05,44.915703,1776160424000
1776160426.001,226.001,0.92,15.0,0.91,49.0,0.9,15.0,0.89,15.0,0.88,15.0,0.97,10.84,0.98,20.0,0.99,186.09,,,,,0.03,10.84,0.02,20.0,0.01,186.09,,,,,0.08,15.0,0.09,49.0,0.1,15.0,0.11,15.0,0.12,15.0,0.05,0.05,44.915703,1776160425000
1776160427.151,227.151,0.94,15.0,0.93,15.0,0.92,15.0,0.91,49.0,0.9,15.0,0.97,9.8,0.98,20.0,0.99,186.09,,,,,0.03,9.8,0.02,20.0,0.01,186.09,,,,,0.06,15.0,0.07,15.0,0.08,15.0,0.09,49.0,0.1,15.0,0.03,0.03,44.915484,1776160426000
1776160427.9,227.9,0.94,15.0,0.93,15.0,0.92,15.0,0.91,49.0,0.9,15.0,0.97,9.8,0.98,20.0,0.99,186.09,,,,,0.03,9.8,0.02,20.0,0.01,186.09,,,,,0.06,15.0,0.07,15.0,0.08,15.0,0.09,49.0,0.1,15.0,0.03,0.03,44.915638,1776160427000
1776160428.873,228.873,0.94,15.0,0.93,15.0,0.92,15.0,0.91,49.0,0.9,15.0,0.97,9.8,0.98,20.0,0.99,186.09,,,,,0.03,9.8,0.02,20.0,0.01,186.09,,,,,0.06,15.0,0.07,15.0,0.08,15.0,0.09,49.0,0.1,15.0,0.03,0.03,44.915321,1776160428000
1776160429.97,229.97,0.94,15.0,0.93,15.0,0.92,15.0,0.91,49.0,0.9,15.0,0.97,9.8,0.98,20.0,0.99,186.09,,,,,0.03,9.8,0.02,20.0,0.01,186.09,,,,,0.06,15.0,0.07,15.0,0.08,15.0,0.09,49.0,0.1,15.0,0.03,0.03,44.920412,1776160429000
1776160430.448,230.448,0.97,20.0,0.96,20.0,0.95,20.0,0.94,15.0,0.93,15.0,0.98,0.91,0.99,186.09,,,,,,,0.02,2.96,0.01,186.09,,,,,,,0.03,15.0,0.04,20.0,0.05,20.0,0.06,15.0,0.07,15.0,0.01,0.01,44.920412,1776160429000
1776160430.971,230.971,0.97,20.0,0.96,20.0,0.95,20.0,0.94,15.0,0.93,15.0,0.98,0.91,0.99,186.09,,,,,,,0.02,0.91,0.01,186.09,,,,,,,0.03,20.0,0.04,20.0,0.05,20.0,0.06,15.0,0.07,15.0,0.01,0.01,44.929645,1776160430000
1776160431.956,231.956,0.97,20.0,0.96,20.0,0.95,20.0,0.94,15.0,0.93,15.0,0.98,0.91,0.99,186.09,,,,,,,0.02,0.91,0.01,186.09,,,,,,,0.03,20.0,0.04,20.0,0.05,20.0,0.06,15.0,0.07,15.0,0.01,0.01,44.92973,1776160431000
1776160432.911,232.911,0.98,9.09,0.97,20.0,0.96,20.0,0.95,20.0,0.94,15.0,0.99,186.09,,,,,,,,,0.01,186.09,,,,,,,,,0.02,9.09,0.03,20.0,0.04,20.0,0.05,20.0,0.06,15.0,0.01,0.01,44.931069,1776160432000
1776160433.722,233.722,0.98,5.0,0.97,20.0,0.96,20.0,0.95,20.0,0.94,15.0,0.99,175.99,,,,,,,,,0.01,186.09,,,,,,,,,0.02,9.09,0.03,20.0,0.04,20.0,0.05,20.0,0.06,15.0,0.01,0.01,44.931069,1776160432000
1776160434.428,234.428,0.98,5.0,0.97,20.0,0.96,20.0,0.95,20.0,0.94,15.0,0.99,166.9,,,,,,,,,0.01,175.99,,,,,,,,,0.02,5.0,0.03,20.0,0.04,20.0,0.05,20.0,0.06,15.0,0.01,0.01,44.932136,1776160433000
1776160434.923,234.923,0.98,5.0,0.97,20.0,0.96,20.0,0.95,20.0,0.94,15.0,0.99,166.9,,,,,,,,,0.01,166.9,,,,,,,,,0.02,5.0,0.03,20.0,0.04,20.0,0.05,20.0,0.06,15.0,0.01,0.01,44.932608,1776160434000
1776160435.929,235.929,0.98,5.0,0.97,20.0,0.96,20.0,0.95,20.0,0.94,15.0,0.99,166.9,,,,,,,,,0.01,166.9,,,,,,,,,0.02,5.0,0.03,20.0,0.04,20.0,0.05,20.0,0.06,15.0,0.01,0.01,44.932992,1776160435000
1776160436.935,236.935,0.98,5.0,0.97,20.0,0.96,20.0,0.95,20.0,0.94,15.0,0.99,166.9,,,,,,,,,0.01,166.9,,,,,,,,,0.02,5.0,0.03,20.0,0.04,20.0,0.05,20.0,0.06,15.0,0.01,0.01,44.933256,1776160436000
1776160437.413,237.413,0.98,15.0,0.97,20.0,0.96,20.0,0.95,20.0,0.94,15.0,0.99,156.9,,,,,,,,,0.01,166.9,,,,,,,,,0.02,5.0,0.03,20.0,0.04,20.0,0.05,20.0,0.06,15.0,0.01,0.01,44.933256,1776160436000
1776160437.614,237.614,0.98,15.0,0.97,20.0,0.96,20.0,0.95,20.0,0.94,15.0,0.99,136.9,,,,,,,,,0.01,156.9,,,,,,,,,0.02,15.0,0.03,20.0,0.04,20.0,0.05,20.0,0.06,15.0,0.01,0.01,44.933256,1776160436000
1776160437.912,237.912,0.98,15.0,0.97,20.0,0.96,20.0,0.95,20.0,0.94,15.0,0.99,136.9,,,,,,,,,0.01,136.9,,,,,,,,,0.02,15.0,0.03,20.0,0.04,20.0,0.05,20.0,0.06,15.0,0.01,0.01,44.933308,1776160437000
1776160438.978,238.978,0.98,15.0,0.97,20.0,0.96,20.0,0.95,20.0,0.94,15.0,0.99,136.9,,,,,,,,,0.01,136.9,,,,,,,,,0.02,15.0,0.03,20.0,0.04,20.0,0.05,20.0,0.06,15.0,0.01,0.01,44.93329,1776160438000
1776160439.76,239.76,0.98,15.0,0.97,5.0,0.96,20.0,0.95,20.0,0.94,15.0,0.99,116.9,,,,,,,,,0.01,136.9,,,,,,,,,0.02,15.0,0.03,20.0,0.04,20.0,0.05,20.0,0.06,15.0,0.01,0.01,44.93329,1776160438000
1776160440.465,240.465,0.98,15.0,0.97,5.0,0.96,5.0,0.95,20.0,0.94,15.0,0.99,106.9,,,,,,,,,0.01,116.9,,,,,,,,,0.02,15.0,0.03,5.0,0.04,20.0,0.05,20.0,0.06,15.0,0.01,0.01,44.93288,1776160439000
1776160441.844,241.844,0.98,15.0,0.97,5.0,0.96,5.0,0.95,20.0,0.94,15.0,0.99,106.9,,,,,,,,,0.01,106.9,,,,,,,,,0.02,15.0,0.03,5.0,0.04,5.0,0.05,20.0,0.06,15.0,0.01,0.01,44.931089,1776160440000
1776160442.786,242.786,0.98,15.0,0.97,5.0,0.96,5.0,0.95,20.0,0.94,15.0,0.99,106.9,,,,,,,,,0.01,106.9,,,,,,,,,0.02,15.0,0.03,5.0,0.04,5.0,0.05,20.0,0.06,15.0,0.01,0.01,44.92845,1776160441000
1776160443.456,243.456,0.98,15.0,0.97,5.0,0.96,5.0,0.95,20.0,0.94,15.0,0.99,96.9,,,,,,,,,0.01,106.9,,,,,,,,,0.02,15.0,0.03,5.0,0.04,5.0,0.05,20.0,0.06,15.0,0.01,0.01,44.92845,1776160441000
1776160443.693,243.693,0.98,15.0,0.97,5.0,0.96,5.0,0.95,20.0,0.94,15.0,0.99,96.9,,,,,,,,,0.01,96.9,,,,,,,,,0.02,15.0,0.03,5.0,0.04,5.0,0.05,20.0,0.06,15.0,0.01,0.01,44.920746,1776160442000
1776160444.284,244.284,0.98,15.0,0.97,5.0,0.96,5.0,0.95,20.0,0.94,15.0,0.99,96.9,,,,,,,,,0.01,96.9,,,,,,,,,0.02,15.0,0.03,5.0,0.04,5.0,0.05,20.0,0.06,15.0,0.01,0.01,44.918774,1776160443000
1776160445.717,245.717,0.98,15.0,0.97,5.0,0.96,5.0,0.95,20.0,0.94,15.0,0.99,96.9,,,,,,,,,0.01,96.9,,,,,,,,,0.02,15.0,0.03,5.0,0.04,5.0,0.05,20.0,0.06,15.0,0.01,0.01,44.918369,1776160444000
1776160446.367,246.367,0.98,15.0,0.97,5.0,0.96,5.0,0.95,20.0,0.94,15.0,0.99,96.9,,,,,,,,,0.01,96.9,,,,,,,,,0.02,15.0,0.03,5.0,0.04,5.0,0.05,20.0,0.06,15.0,0.01,0.01,44.917442,1776160445000
1776160446.962,246.962,0.98,15.0,0.97,5.0,0.96,5.0,0.95,20.0,0.94,15.0,0.99,96.9,,,,,,,,,0.01,96.9,,,,,,,,,0.02,15.0,0.03,5.0,0.04,5.0,0.05,20.0,0.06,15.0,0.01,0.01,44.916518,1776160446000
1776160448.429,248.429,0.98,15.0,0.97,5.0,0.96,5.0,0.95,20.0,0.94,15.0,0.99,96.9,,,,,,,,,0.01,96.9,,,,,,,,,0.02,15.0,0.03,5.0,0.04,5.0,0.05,20.0,0.06,15.0,0.01,0.01,44.915545,1776160447000
1776160449.086,249.086,0.98,15.0,0.97,5.0,0.96,5.0,0.95,20.0,0.94,15.0,0.99,96.9,,,,,,,,,0.01,96.9,,,,,,,,,0.02,15.0,0.03,5.0,0.04,5.0,0.05,20.0,0.06,15.0,0.01,0.01,44.915299,1776160448000
1776160450.603,250.603,0.98,15.0,0.97,5.0,0.96,5.0,0.95,20.0,0.94,15.0,0.99,96.9,,,,,,,,,0.01,96.9,,,,,,,,,0.02,15.0,0.03,5.0,0.04,5.0,0.05,20.0,0.06,15.0,0.01,0.01,44.915146,1776160449000
1776160450.834,250.834,0.98,30.0,0.97,15.0,0.96,15.0,0.95,15.0,0.94,15.0,0.99,51.9,,,,,,,,,0.01,96.9,,,,,,,,,0.02,15.0,0.03,5.0,0.04,5.0,0.05,20.0,0.06,15.0,0.01,0.01,44.915146,1776160449000
1776160451.048,251.048,0.98,30.0,0.97,15.0,0.96,15.0,0.95,15.0,0.94,15.0,0.99,33.9,,,,,,,,,0.01,33.9,,,,,,,,,0.02,30.0,0.03,15.0,0.04,15.0,0.05,15.0,0.06,15.0,0.01,0.01,44.916789,1776160450000
1776160452.299,252.299,0.98,30.0,0.97,15.0,0.96,15.0,0.95,15.0,0.94,15.0,0.99,33.9,,,,,,,,,0.01,33.9,,,,,,,,,0.02,30.0,0.03,15.0,0.04,15.0,0.05,15.0,0.06,15.0,0.01,0.01,44.925017,1776160451000
1776160453.056,253.056,0.98,30.0,0.97,15.0,0.96,15.0,0.95,15.0,0.94,15.0,0.99,33.9,,,,,,,,,0.01,33.9,,,,,,,,,0.02,30.0,0.03,15.0,0.04,15.0,0.05,15.0,0.06,15.0,0.01,0.01,44.932707,1776160452000
1776160454.358,254.358,0.98,30.0,0.97,15.0,0.96,15.0,0.95,15.0,0.94,15.0,0.99,33.9,,,,,,,,,0.01,33.9,,,,,,,,,0.02,30.0,0.03,15.0,0.04,15.0,0.05,15.0,0.06,15.0,0.01,0.01,44.933927,1776160453000
1776160455.212,255.212,0.98,30.0,0.97,15.0,0.96,15.0,0.95,15.0,0.94,15.0,0.99,33.9,,,,,,,,,0.01,33.9,,,,,,,,,0.02,30.0,0.03,15.0,0.04,15.0,0.05,15.0,0.06,15.0,0.01,0.01,44.935195,1776160454000
1776160455.425,255.425,0.98,25.0,0.97,15.0,0.96,15.0,0.95,15.0,0.94,15.0,0.99,18.9,,,,,,,,,0.01,33.9,,,,,,,,,0.02,30.0,0.03,15.0,0.04,15.0,0.05,15.0,0.06,15.0,0.01,0.01,44.935195,1776160454000
1776160456.35,256.35,0.98,25.0,0.97,15.0,0.96,15.0,0.95,15.0,0.94,15.0,0.99,18.9,,,,,,,,,0.01,18.9,,,,,,,,,0.02,25.0,0.03,15.0,0.04,15.0,0.05,15.0,0.06,15.0,0.01,0.01,44.938436,1776160455000
1776160457.108,257.108,0.98,25.0,0.97,15.0,0.96,15.0,0.95,15.0,0.94,15.0,0.99,18.9,,,,,,,,,0.01,18.9,,,,,,,,,0.02,25.0,0.03,15.0,0.04,15.0,0.05,15.0,0.06,15.0,0.01,0.01,44.938856,1776160456000
1776160458.945,258.945,0.98,25.0,0.97,15.0,0.96,15.0,0.95,15.0,0.94,15.0,0.99,18.9,,,,,,,,,0.01,18.9,,,,,,,,,0.02,25.0,0.03,15.0,0.04,15.0,0.05,15.0,0.06,15.0,0.01,0.01,44.938363,1776160457000
1776160459.379,259.379,0.98,25.0,0.97,15.0,0.96,15.0,0.95,15.0,0.94,15.0,,,,,,,,,,,0.01,18.9,,,,,,,,,0.02,25.0,0.03,15.0,0.04,15.0,0.05,15.0,0.06,15.0,,0.01,44.938363,1776160457000
1776160460.009,260.009,0.98,25.0,0.97,15.0,0.96,15.0,0.95,15.0,0.94,15.0,,,,,,,,,,,,,,,,,,,,,0.02,25.0,0.03,15.0,0.04,15.0,0.05,15.0,0.06,15.0,,,44.938363,1776160459000
1776160461.153,261.153,0.98,25.0,0.97,15.0,0.96,15.0,0.95,15.0,0.94,15.0,,,,,,,,,,,,,,,,,,,,,0.02,25.0,0.03,15.0,0.04,15.0,0.05,15.0,0.06,15.0,,,44.938293,1776160460000
1776160462.193,262.193,0.98,25.0,0.97,15.0,0.96,15.0,0.95,15.0,0.94,15.0,,,,,,,,,,,,,,,,,,,,,0.02,25.0,0.03,15.0,0.04,15.0,0.05,15.0,0.06,15.0,,,44.938123,1776160461000
1776160463.196,263.196,0.98,25.0,0.97,15.0,0.96,15.0,0.95,15.0,0.94,15.0,,,,,,,,,,,,,,,,,,,,,0.02,25.0,0.03,15.0,0.04,15.0,0.05,15.0,0.06,15.0,,,44.940833,1776160462000
1776160464.278,264.278,0.98,25.0,0.97,15.0,0.96,15.0,0.95,15.0,0.94,15.0,,,,,,,,,,,,,,,,,,,,,0.02,25.0,0.03,15.0,0.04,15.0,0.05,15.0,0.06,15.0,,,44.939439,1776160463000
1776160465.346,265.346,0.98,25.0,0.97,15.0,0.96,15.0,0.95,15.0,0.94,15.0,,,,,,,,,,,,,,,,,,,,,0.02,25.0,0.03,15.0,0.04,15.0,0.05,15.0,0.06,15.0,,,44.938952,1776160464000
1776160465.977,265.977,0.98,25.0,0.97,15.0,0.96,15.0,0.95,15.0,0.94,15.0,,,,,,,,,,,,,,,,,,,,,0.02,25.0,0.03,15.0,0.04,15.0,0.05,15.0,0.06,15.0,,,44.938952,1776160465000
1776160466.996,266.996,0.98,25.0,0.97,15.0,0.96,15.0,0.95,15.0,0.94,15.0,,,,,,,,,,,,,,,,,,,,,0.02,25.0,0.03,15.0,0.04,15.0,0.05,15.0,0.06,15.0,,,44.945762,1776160466000
1776160468.059,268.059,0.98,25.0,0.97,15.0,0.96,15.0,0.95,15.0,0.94,15.0,,,,,,,,,,,,,,,,,,,,,0.02,25.0,0.03,15.0,0.04,15.0,0.05,15.0,0.06,15.0,,,44.947848,1776160467000
1776160468.995,268.995,0.98,25.0,0.97,15.0,0.96,15.0,0.95,15.0,0.94,15.0,,,,,,,,,,,,,,,,,,,,,0.02,25.0,0.03,15.0,0.04,15.0,0.05,15.0,0.06,15.0,,,44.954187,1776160468000
1776160470.115,270.115,0.98,25.0,0.97,15.0,0.96,15.0,0.95,15.0,0.94,15.0,,,,,,,,,,,,,,,,,,,,,0.02,25.0,0.03,15.0,0.04,15.0,0.05,15.0,0.06,15.0,,,44.950079,1776160469000
1776160471.158,271.158,0.98,25.0,0.97,15.0,0.96,15.0,0.95,15.0,0.94,15.0,,,,,,,,,,,,,,,,,,,,,0.02,25.0,0.03,15.0,0.04,15.0,0.05,15.0,0.06,15.0,,,44.943737,1776160470000
1776160472.938,272.938,0.98,25.0,0.97,15.0,0.96,15.0,0.95,15.0,0.94,15.0,,,,,,,,,,,,,,,,,,,,,0.02,25.0,0.03,15.0,0.04,15.0,0.05,15.0,0.06,15.0,,,44.940046,1776160471000
1776160473.518,273.518,0.98,25.0,0.97,15.0,0.96,15.0,0.95,15.0,0.94,15.0,,,,,,,,,,,,,,,,,,,,,0.02,25.0,0.03,15.0,0.04,15.0,0.05,15.0,0.06,15.0,,,44.939752,1776160472000
1776160474.134,274.134,0.98,25.0,0.97,15.0,0.96,15.0,0.95,15.0,0.94,15.0,,,,,,,,,,,,,,,,,,,,,0.02,25.0,0.03,15.0,0.04,15.0,0.05,15.0,0.06,15.0,,,44.936615,1776160473000
1776160475.407,275.407,0.98,25.0,0.97,15.0,0.96,15.0,0.95,15.0,0.94,15.0,,,,,,,,,,,,,,,,,,,,,0.02,25.0,0.03,15.0,0.04,15.0,0.05,15.0,0.06,15.0,,,44.928239,1776160474000
1776160476.507,276.507,0.98,25.0,0.97,15.0,0.96,15.0,0.95,15.0,0.94,15.0,,,,,,,,,,,,,,,,,,,,,0.02,25.0,0.03,15.0,0.04,15.0,0.05,15.0,0.06,15.0,,,44.908577,1776160475000
1776160477.124,277.124,0.98,25.0,0.97,15.0,0.96,15.0,0.95,15.0,0.94,15.0,,,,,,,,,,,,,,,,,,,,,0.02,25.0,0.03,15.0,0.04,15.0,0.05,15.0,0.06,15.0,,,44.907355,1776160476000
1776160478.044,278.044,0.98,25.0,0.97,15.0,0.96,15.0,0.95,15.0,0.94,15.0,,,,,,,,,,,,,,,,,,,,,0.02,25.0,0.03,15.0,0.04,15.0,0.05,15.0,0.06,15.0,,,44.906081,1776160477000
1776160479.263,279.263,0.98,25.0,0.97,15.0,0.96,15.0,0.95,15.0,0.94,15.0,,,,,,,,,,,,,,,,,,,,,0.02,25.0,0.03,15.0,0.04,15.0,0.05,15.0,0.06,15.0,,,44.906332,1776160478000
1776160480.373,280.373,0.98,25.0,0.97,15.0,0.96,15.0,0.95,15.0,0.94,15.0,,,,,,,,,,,,,,,,,,,,,0.02,25.0,0.03,15.0,0.04,15.0,0.05,15.0,0.06,15.0,,,44.906368,1776160479000
1776160480.875,280.875,0.98,25.0,0.97,15.0,0.96,15.0,0.95,15.0,0.94,15.0,,,,,,,,,,,,,,,,,,,,,0.02,25.0,0.03,15.0,0.04,15.0,0.05,15.0,0.06,15.0,,,44.905535,1776160480000
1776160481.941,281.941,0.98,25.0,0.97,15.0,0.96,15.0,0.95,15.0,0.94,15.0,,,,,,,,,,,,,,,,,,,,,0.02,25.0,0.03,15.0,0.04,15.0,0.05,15.0,0.06,15.0,,,44.903748,1776160481000
1776160482.982,282.982,0.98,25.0,0.97,15.0,0.96,15.0,0.95,15.0,0.94,15.0,,,,,,,,,,,,,,,,,,,,,0.02,25.0,0.03,15.0,0.04,15.0,0.05,15.0,0.06,15.0,,,44.905576,1776160482000
1776160484.079,284.079,0.98,25.0,0.97,15.0,0.96,15.0,0.95,15.0,0.94,15.0,,,,,,,,,,,,,,,,,,,,,0.02,25.0,0.03,15.0,0.04,15.0,0.05,15.0,0.06,15.0,,,44.905395,1776160483000
1776160485.068,285.068,0.98,25.0,0.97,15.0,0.96,15.0,0.95,15.0,0.94,15.0,,,,,,,,,,,,,,,,,,,,,0.02,25.0,0.03,15.0,0.04,15.0,0.05,15.0,0.06,15.0,,,44.905959,1776160484000
1776160486.192,286.192,0.98,25.0,0.97,15.0,0.96,15.0,0.95,15.0,0.94,15.0,,,,,,,,,,,,,,,,,,,,,0.02,25.0,0.03,15.0,0.04,15.0,0.05,15.0,0.06,15.0,,,44.90631,1776160485000
1776160487.222,287.222,0.98,25.0,0.97,15.0,0.96,15.0,0.95,15.0,0.94,15.0,,,,,,,,,,,,,,,,,,,,,0.02,25.0,0.03,15.0,0.04,15.0,0.05,15.0,0.06,15.0,,,44.902977,1776160486000
1776160488.266,288.266,0.98,25.0,0.97,15.0,0.96,15.0,0.95,15.0,0.94,15.0,,,,,,,,,,,,,,,,,,,,,0.02,25.0,0.03,15.0,0.04,15.0,0.05,15.0,0.06,15.0,,,44.902877,1776160487000
1776160489.441,289.441,0.98,25.0,0.97,15.0,0.96,15.0,0.95,15.0,0.94,15.0,,,,,,,,,,,,,,,,,,,,,0.02,25.0,0.03,15.0,0.04,15.0,0.05,15.0,0.06,15.0,,,44.903123,1776160488000
1776160490.124,290.124,0.98,25.0,0.97,15.0,0.96,15.0,0.95,15.0,0.94,15.0,,,,,,,,,,,,,,,,,,,,,0.02,25.0,0.03,15.0,0.04,15.0,0.05,15.0,0.06,15.0,,,44.903123,1776160489000
1776160491.088,291.088,0.98,25.0,0.97,15.0,0.96,15.0,0.95,15.0,0.94,15.0,,,,,,,,,,,,,,,,,,,,,0.02,25.0,0.03,15.0,0.04,15.0,0.05,15.0,0.06,15.0,,,44.902978,1776160490000
1776160492.577,292.577,0.98,25.0,0.97,15.0,0.96,15.0,0.95,15.0,0.94,15.0,,,,,,,,,,,,,,,,,,,,,0.02,25.0,0.03,15.0,0.04,15.0,0.05,15.0,0.06,15.0,,,44.903714,1776160491000
1776160493.115,293.115,0.98,25.0,0.97,15.0,0.96,15.0,0.95,15.0,0.94,15.0,,,,,,,,,,,,,,,,,,,,,0.02,25.0,0.03,15.0,0.04,15.0,0.05,15.0,0.06,15.0,,,44.90399,1776160492000
1776160494.181,294.181,0.98,25.0,0.97,15.0,0.96,15.0,0.95,15.0,0.94,15.0,,,,,,,,,,,,,,,,,,,,,0.02,25.0,0.03,15.0,0.04,15.0,0.05,15.0,0.06,15.0,,,44.904473,1776160493000
1776160495.247,295.247,0.98,25.0,0.97,15.0,0.96,15.0,0.95,15.0,0.94,15.0,,,,,,,,,,,,,,,,,,,,,0.02,25.0,0.03,15.0,0.04,15.0,0.05,15.0,0.06,15.0,,,44.904872,1776160494000
1776160496.389,296.389,0.98,25.0,0.97,15.0,0.96,15.0,0.95,15.0,0.94,15.0,,,,,,,,,,,,,,,,,,,,,0.02,25.0,0.03,15.0,0.04,15.0,0.05,15.0,0.06,15.0,,,44.904332,1776160495000
1776160496.976,296.976,0.98,25.0,0.97,15.0,0.96,15.0,0.95,15.0,0.94,15.0,,,,,,,,,,,,,,,,,,,,,0.02,25.0,0.03,15.0,0.04,15.0,0.05,15.0,0.06,15.0,,,44.904332,1776160496000
1776160498.057,298.057,0.98,25.0,0.97,15.0,0.96,15.0,0.95,15.0,0.94,15.0,,,,,,,,,,,,,,,,,,,,,0.02,25.0,0.03,15.0,0.04,15.0,0.05,15.0,0.06,15.0,,,44.904196,1776160497000
1776160499.102,299.102,0.98,25.0,0.97,15.0,0.96,15.0,0.95,15.0,0.94,15.0,,,,,,,,,,,,,,,,,,,,,0.02,25.0,0.03,15.0,0.04,15.0,0.05,15.0,0.06,15.0,,,44.904196,1776160498000
1776160500.309,300.309,0.98,25.0,0.97,15.0,0.96,15.0,0.95,15.0,0.94,15.0,,,,,,,,,,,,,,,,,,,,,0.02,25.0,0.03,15.0,0.04,15.0,0.05,15.0,0.06,15.0,,,44.903712,1776160499000
1776160501.741,301.741,0.98,25.0,0.97,15.0,0.96,15.0,0.95,15.0,0.94,15.0,,,,,,,,,,,,,,,,,,,,,0.02,25.0,0.03,15.0,0.04,15.0,0.05,15.0,0.06,15.0,,,44.903612,1776160500000
1776160502.384,302.384,0.98,25.0,0.97,15.0,0.96,15.0,0.95,15.0,0.94,15.0,,,,,,,,,,,,,,,,,,,,,0.02,25.0,0.03,15.0,0.04,15.0,0.05,15.0,0.06,15.0,,,44.903612,1776160501000

# RESULT,winner=Up,slug=hype-updown-5m-1776160200,ticks=307
