timestamp,elapsed_sec,up_bid_p1,up_bid_s1,up_bid_p2,up_bid_s2,up_ask_p1,up_ask_s1,up_ask_p2,up_ask_s2,down_bid_p1,down_bid_s1,down_bid_p2,down_bid_s2,down_ask_p1,down_ask_s1,down_ask_p2,down_ask_s2,up_spread,down_spread,hype_price,hype_oracle_ts
1776326100.56,0.56,0.41,37.0,0.4,33.0,0.59,37.0,0.6,33.0,0.41,37.0,0.4,33.0,0.59,37.0,0.6,33.0,0.18,0.18,45.153695,1776326099000
1776326101.888,1.888,0.41,37.0,0.4,33.0,0.59,37.0,0.6,33.0,0.41,37.0,0.4,33.0,0.59,37.0,0.6,33.0,0.18,0.18,45.153695,1776326100000
1776326102.698,2.698,0.41,37.0,0.4,33.0,0.59,37.0,0.6,33.0,0.41,37.0,0.4,33.0,0.59,37.0,0.6,33.0,0.18,0.18,45.155281,1776326101000
1776326103.633,3.633,0.41,37.0,0.4,33.0,0.59,37.0,0.6,33.0,0.41,37.0,0.4,33.0,0.59,37.0,0.6,33.0,0.18,0.18,45.155281,1776326102000
1776326104.143,4.143,0.41,6.0,0.4,15.0,0.57,8.77,0.61,55.0,0.41,37.0,0.4,33.0,0.59,37.0,0.6,33.0,0.16,0.18,45.155281,1776326102000
1776326105.105,5.105,0.41,6.0,0.4,15.0,0.57,8.77,0.61,55.0,0.43,8.77,0.39,55.0,0.59,6.0,0.6,15.0,0.16,0.16,45.156166,1776326104000
1776326106.59,6.59,0.41,6.0,0.4,15.0,0.57,8.77,0.61,55.0,0.43,8.77,0.39,55.0,0.59,6.0,0.6,15.0,0.16,0.16,45.153708,1776326105000
1776326107.168,7.168,0.41,6.0,0.4,15.0,0.57,8.77,0.61,55.0,0.43,8.77,0.39,55.0,0.59,6.0,0.6,15.0,0.16,0.16,45.153708,1776326106000
1776326108.635,8.635,0.41,6.0,0.4,15.0,0.57,8.77,0.61,55.0,0.43,8.77,0.39,55.0,0.59,6.0,0.6,15.0,0.16,0.16,45.144052,1776326107000
1776326109.376,9.376,0.41,6.0,0.4,15.0,0.57,8.77,0.61,55.0,0.43,8.77,0.39,55.0,0.59,6.0,0.6,15.0,0.16,0.16,45.146802,1776326108000
1776326110.2,10.2,0.41,6.0,0.4,15.0,0.57,8.77,0.61,55.0,0.43,8.77,0.39,55.0,0.59,6.0,0.6,15.0,0.16,0.16,45.15223,1776326109000
1776326111.563,11.563,0.41,6.0,0.4,15.0,0.57,8.77,0.61,55.0,0.43,8.77,0.39,55.0,0.59,6.0,0.6,15.0,0.16,0.16,45.155019,1776326110000
1776326112.414,12.414,0.41,6.0,0.4,15.0,0.57,8.77,0.61,55.0,0.43,8.77,0.39,55.0,0.59,6.0,0.6,15.0,0.16,0.16,45.153604,1776326111000
1776326113.006,13.006,0.41,6.0,0.4,15.0,0.57,8.77,0.61,55.0,0.43,8.77,0.39,55.0,0.59,6.0,0.6,15.0,0.16,0.16,45.153175,1776326112000
1776326114.583,14.583,0.41,6.0,0.4,15.0,0.57,8.77,0.61,55.0,0.43,8.77,0.39,55.0,0.59,6.0,0.6,15.0,0.16,0.16,45.157952,1776326113000
1776326115.322,15.322,0.41,6.0,0.4,15.0,0.57,8.77,0.61,55.0,0.43,8.77,0.39,55.0,0.59,6.0,0.6,15.0,0.16,0.16,45.158647,1776326114000
1776326116.128,16.128,0.41,6.0,0.4,15.0,0.57,8.77,0.61,55.0,0.43,8.77,0.39,55.0,0.59,6.0,0.6,15.0,0.16,0.16,45.15923,1776326115000
1776326117.672,17.672,0.41,6.0,0.4,15.0,0.57,8.77,0.61,55.0,0.43,8.77,0.39,55.0,0.59,6.0,0.6,15.0,0.16,0.16,45.159975,1776326116000
1776326118.354,18.354,0.41,6.0,0.4,15.0,0.57,8.77,0.61,55.0,0.43,8.77,0.39,55.0,0.59,6.0,0.6,15.0,0.16,0.16,45.159976,1776326117000
1776326119.063,19.063,0.41,6.0,0.4,15.0,0.57,8.77,0.61,55.0,0.43,8.77,0.39,55.0,0.59,6.0,0.6,15.0,0.16,0.16,45.158814,1776326118000
1776326120.162,20.162,0.41,6.0,0.4,15.0,0.57,8.77,0.61,55.0,0.43,8.77,0.39,55.0,0.59,6.0,0.6,15.0,0.16,0.16,45.156877,1776326119000
1776326121.385,21.385,0.41,6.0,0.4,15.0,0.57,8.77,0.61,55.0,0.43,8.77,0.39,55.0,0.59,6.0,0.6,15.0,0.16,0.16,45.16125,1776326120000
1776326122.437,22.437,0.41,6.0,0.4,15.0,0.57,8.77,0.61,55.0,0.43,8.77,0.39,55.0,0.59,6.0,0.6,15.0,0.16,0.16,45.166529,1776326121000
1776326123.176,23.176,0.41,6.0,0.4,15.0,0.57,8.77,0.61,55.0,0.43,8.77,0.39,55.0,0.59,6.0,0.6,15.0,0.16,0.16,45.168416,1776326122000
1776326124.396,24.396,0.41,6.0,0.4,15.0,0.57,8.77,0.61,55.0,0.43,8.77,0.39,55.0,0.59,6.0,0.6,15.0,0.16,0.16,45.175311,1776326123000
1776326125.695,25.695,0.41,6.0,0.4,15.0,0.57,8.77,0.61,55.0,0.43,8.77,0.39,55.0,0.59,6.0,0.6,15.0,0.16,0.16,45.176765,1776326124000
1776326126.214,26.214,0.41,6.0,0.4,15.0,0.57,8.77,0.61,55.0,0.43,8.77,0.39,55.0,0.59,6.0,0.6,15.0,0.16,0.16,45.176786,1776326125000
1776326127.469,27.469,0.41,6.0,0.4,15.0,0.57,8.77,0.61,55.0,0.43,8.77,0.39,55.0,0.59,6.0,0.6,15.0,0.16,0.16,45.180603,1776326126000
1776326127.926,27.926,0.41,6.0,0.4,15.0,0.57,8.77,0.61,55.0,0.43,8.77,0.39,55.0,0.59,6.0,0.6,15.0,0.16,0.16,45.182181,1776326127000
1776326129.156,29.156,0.41,6.0,0.4,15.0,0.57,8.77,0.61,55.0,0.43,8.77,0.39,55.0,0.59,6.0,0.6,15.0,0.16,0.16,45.182534,1776326128000
1776326130.298,30.298,0.41,6.0,0.4,15.0,0.57,8.77,0.61,55.0,0.43,8.77,0.39,55.0,0.59,6.0,0.6,15.0,0.16,0.16,45.182262,1776326129000
1776326131.507,31.507,0.41,6.0,0.4,15.0,0.57,8.77,0.61,55.0,0.43,8.77,0.39,55.0,0.59,6.0,0.6,15.0,0.16,0.16,45.181484,1776326130000
1776326132.019,32.019,0.41,6.0,0.4,15.0,0.57,8.77,0.61,55.0,0.43,8.77,0.39,55.0,0.59,6.0,0.6,15.0,0.16,0.16,45.181182,1776326131000
1776326133.13,33.13,0.41,6.0,0.4,15.0,0.57,8.77,0.61,55.0,0.43,8.77,0.39,55.0,0.59,6.0,0.6,15.0,0.16,0.16,45.187621,1776326132000
1776326134.326,34.326,0.41,6.0,0.4,15.0,0.57,8.77,0.61,55.0,0.43,8.77,0.39,55.0,0.59,6.0,0.6,15.0,0.16,0.16,45.191294,1776326133000
1776326135.402,35.402,0.41,6.0,0.4,15.0,0.57,8.77,0.61,55.0,0.43,8.77,0.39,55.0,0.59,6.0,0.6,15.0,0.16,0.16,45.19047,1776326134000
1776326135.948,35.948,0.41,6.0,0.4,15.0,0.57,8.77,0.61,55.0,0.43,8.77,0.39,55.0,0.59,6.0,0.6,15.0,0.16,0.16,45.19047,1776326135000
1776326137.004,37.004,0.41,6.0,0.4,15.0,0.57,8.77,0.61,55.0,0.43,8.77,0.39,55.0,0.59,6.0,0.6,15.0,0.16,0.16,45.192485,1776326136000
1776326138.157,38.157,0.41,6.0,0.4,15.0,0.57,8.77,0.61,55.0,0.43,8.77,0.39,55.0,0.59,6.0,0.6,15.0,0.16,0.16,45.194261,1776326137000
1776326139.22,39.22,0.41,6.0,0.4,15.0,0.57,8.77,0.61,55.0,0.43,8.77,0.39,55.0,0.59,6.0,0.6,15.0,0.16,0.16,45.192822,1776326138000
1776326140.144,40.144,0.41,6.0,0.4,15.0,0.57,8.77,0.61,55.0,0.43,8.77,0.39,55.0,0.59,6.0,0.6,15.0,0.16,0.16,45.187023,1776326139000
1776326141.146,41.146,0.41,6.0,0.4,15.0,0.57,8.77,0.61,55.0,0.43,8.77,0.39,55.0,0.59,6.0,0.6,15.0,0.16,0.16,45.186864,1776326140000
1776326142.243,42.243,0.41,6.0,0.4,15.0,0.57,8.77,0.61,55.0,0.43,8.77,0.39,55.0,0.59,6.0,0.6,15.0,0.16,0.16,45.186848,1776326141000
1776326143.249,43.249,0.41,6.0,0.4,15.0,0.57,8.77,0.61,55.0,0.43,8.77,0.39,55.0,0.59,6.0,0.6,15.0,0.16,0.16,45.186591,1776326142000
1776326144.309,44.309,0.41,6.0,0.4,15.0,0.57,8.77,0.61,55.0,0.43,8.77,0.39,55.0,0.59,6.0,0.6,15.0,0.16,0.16,45.186298,1776326143000
1776326144.915,44.915,0.41,6.0,0.4,15.0,0.57,8.77,0.61,55.0,0.43,8.77,0.39,55.0,0.59,6.0,0.6,15.0,0.16,0.16,45.186298,1776326144000
1776326145.851,45.851,0.41,6.0,0.4,15.0,0.57,8.77,0.61,55.0,0.43,8.77,0.39,55.0,0.59,6.0,0.6,15.0,0.16,0.16,45.191779,1776326145000
1776326146.954,46.954,0.41,6.0,0.4,15.0,0.57,8.77,0.61,55.0,0.43,8.77,0.39,55.0,0.59,6.0,0.6,15.0,0.16,0.16,45.192795,1776326146000
1776326148.009,48.009,0.41,6.0,0.4,15.0,0.57,8.77,0.61,55.0,0.43,8.77,0.39,55.0,0.59,6.0,0.6,15.0,0.16,0.16,45.193345,1776326147000
1776326149.235,49.235,0.41,6.0,0.4,15.0,0.57,8.77,0.61,55.0,0.43,8.77,0.39,55.0,0.59,6.0,0.6,15.0,0.16,0.16,45.194541,1776326148000
1776326151.242,51.242,0.41,6.0,0.4,15.0,0.57,8.77,0.61,55.0,0.43,8.77,0.39,55.0,0.59,6.0,0.6,15.0,0.16,0.16,45.194541,1776326149000
1776326151.832,51.832,0.41,6.0,0.4,15.0,0.57,8.77,0.61,55.0,0.43,8.77,0.39,55.0,0.59,6.0,0.6,15.0,0.16,0.16,45.194499,1776326150000
1776326152.723,52.723,0.41,6.0,0.4,15.0,0.57,8.77,0.61,55.0,0.43,8.77,0.39,55.0,0.59,6.0,0.6,15.0,0.16,0.16,45.194499,1776326151000
1776326153.295,53.295,0.41,6.0,0.4,15.0,0.57,8.77,0.61,55.0,0.43,8.77,0.39,55.0,0.59,6.0,0.6,15.0,0.16,0.16,45.194962,1776326152000
1776326154.254,54.254,0.41,6.0,0.4,15.0,0.57,8.77,0.61,55.0,0.43,8.77,0.39,55.0,0.59,6.0,0.6,15.0,0.16,0.16,45.194844,1776326153000
1776326155.634,55.634,0.41,6.0,0.4,15.0,0.57,8.77,0.61,55.0,0.43,8.77,0.39,55.0,0.59,6.0,0.6,15.0,0.16,0.16,45.194547,1776326154000
1776326156.227,56.227,0.41,6.0,0.4,15.0,0.57,8.77,0.61,55.0,0.43,8.77,0.39,55.0,0.59,6.0,0.6,15.0,0.16,0.16,45.194548,1776326155000
1776326157.664,57.664,0.41,6.0,0.4,15.0,0.57,8.77,0.61,55.0,0.43,8.77,0.39,55.0,0.59,6.0,0.6,15.0,0.16,0.16,45.194955,1776326156000
1776326158.489,58.489,0.41,6.0,0.4,15.0,0.57,8.77,0.61,55.0,0.43,8.77,0.39,55.0,0.59,6.0,0.6,15.0,0.16,0.16,45.19504,1776326157000
1776326159.399,59.399,0.41,6.0,0.4,15.0,0.57,8.77,0.61,55.0,0.43,8.77,0.39,55.0,0.59,6.0,0.6,15.0,0.16,0.16,45.19512,1776326158000
1776326160.265,60.265,0.41,6.0,0.4,15.0,0.57,8.77,0.61,55.0,0.43,8.77,0.39,55.0,0.59,6.0,0.6,15.0,0.16,0.16,45.194182,1776326159000
1776326161.64,61.64,0.41,6.0,0.4,15.0,0.57,8.77,0.61,55.0,0.43,8.77,0.39,55.0,0.59,6.0,0.6,15.0,0.16,0.16,45.195726,1776326160000
1776326162.369,62.369,0.41,6.0,0.4,15.0,0.57,8.77,0.61,55.0,0.43,8.77,0.39,55.0,0.59,6.0,0.6,15.0,0.16,0.16,45.196528,1776326161000
1776326163.34,63.34,0.41,6.0,0.4,15.0,0.57,8.77,0.61,55.0,0.43,8.77,0.39,55.0,0.59,6.0,0.6,15.0,0.16,0.16,45.200506,1776326162000
1776326164.091,64.091,0.41,6.0,0.4,15.0,0.57,8.77,0.61,55.0,0.43,8.77,0.39,55.0,0.59,6.0,0.6,15.0,0.16,0.16,45.207256,1776326163000
1776326164.611,64.611,0.82,3.02,0.74,5.0,0.84,6.0,0.85,15.0,0.43,8.77,0.39,55.0,0.59,6.0,0.6,15.0,0.02,0.16,45.207256,1776326163000
1776326165.554,65.554,0.82,3.02,0.74,5.0,0.84,6.0,0.85,15.0,0.16,6.0,0.15,15.0,0.18,3.02,0.26,5.0,0.02,0.02,45.224405,1776326164000
1776326166.302,66.302,0.82,3.02,0.74,5.0,0.84,6.0,0.85,15.0,0.16,6.0,0.15,15.0,0.18,3.02,0.26,5.0,0.02,0.02,45.225693,1776326165000
1776326167.06,67.06,0.82,3.02,0.74,5.0,0.84,6.0,0.85,15.0,0.16,6.0,0.15,15.0,0.18,3.02,0.26,5.0,0.02,0.02,45.226103,1776326166000
1776326169.088,69.088,0.82,3.02,0.74,5.0,0.84,6.0,0.85,15.0,0.16,6.0,0.15,15.0,0.18,3.02,0.26,5.0,0.02,0.02,45.226255,1776326168000
1776326170.007,70.007,0.82,3.02,0.74,5.0,0.84,6.0,0.85,15.0,0.16,6.0,0.15,15.0,0.18,3.02,0.26,5.0,0.02,0.02,45.220881,1776326169000
1776326170.944,70.944,0.82,3.02,0.74,5.0,0.84,6.0,0.85,15.0,0.16,6.0,0.15,15.0,0.18,3.02,0.26,5.0,0.02,0.02,45.220926,1776326170000
1776326171.933,71.933,0.82,3.02,0.74,5.0,0.84,6.0,0.85,15.0,0.16,6.0,0.15,15.0,0.18,3.02,0.26,5.0,0.02,0.02,45.221079,1776326171000
1776326173.605,73.605,0.82,3.02,0.74,5.0,0.84,6.0,0.85,15.0,0.16,6.0,0.15,15.0,0.18,3.02,0.26,5.0,0.02,0.02,45.22091,1776326172000
1776326174.161,74.161,0.82,3.02,0.74,5.0,0.84,6.0,0.85,15.0,0.16,6.0,0.15,15.0,0.18,3.02,0.26,5.0,0.02,0.02,45.22078,1776326173000
1776326175.29,75.29,0.82,3.02,0.74,5.0,0.84,6.0,0.85,15.0,0.16,6.0,0.15,15.0,0.18,3.02,0.26,5.0,0.02,0.02,45.220853,1776326174000
1776326175.904,75.904,0.82,3.02,0.74,5.0,0.84,6.0,0.85,15.0,0.16,6.0,0.15,15.0,0.18,3.02,0.26,5.0,0.02,0.02,45.220853,1776326175000
1776326176.904,76.904,0.82,3.02,0.74,5.0,0.84,6.0,0.85,15.0,0.16,6.0,0.15,15.0,0.18,3.02,0.26,5.0,0.02,0.02,45.220651,1776326176000
1776326177.901,77.901,0.82,3.02,0.74,5.0,0.84,6.0,0.85,15.0,0.16,6.0,0.15,15.0,0.18,3.02,0.26,5.0,0.02,0.02,45.220607,1776326177000
1776326179.098,79.098,0.82,3.02,0.74,5.0,0.84,6.0,0.85,15.0,0.16,6.0,0.15,15.0,0.18,3.02,0.26,5.0,0.02,0.02,45.220533,1776326178000
1776326180.001,80.001,0.82,3.02,0.74,5.0,0.84,6.0,0.85,15.0,0.16,6.0,0.15,15.0,0.18,3.02,0.26,5.0,0.02,0.02,45.220796,1776326179000
1776326181.071,81.071,0.82,3.02,0.74,5.0,0.84,6.0,0.85,15.0,0.16,6.0,0.15,15.0,0.18,3.02,0.26,5.0,0.02,0.02,45.220541,1776326180000
1776326182.167,82.167,0.82,3.02,0.74,5.0,0.84,6.0,0.85,15.0,0.16,6.0,0.15,15.0,0.18,3.02,0.26,5.0,0.02,0.02,45.221502,1776326181000
1776326183.342,83.342,0.82,3.02,0.74,5.0,0.84,6.0,0.85,15.0,0.16,6.0,0.15,15.0,0.18,3.02,0.26,5.0,0.02,0.02,45.22677,1776326182000
1776326184.221,84.221,0.82,3.02,0.74,5.0,0.84,6.0,0.85,15.0,0.16,6.0,0.15,15.0,0.18,3.02,0.26,5.0,0.02,0.02,45.227971,1776326183000
1776326185.383,85.383,0.82,3.02,0.74,5.0,0.84,6.0,0.85,15.0,0.16,6.0,0.15,15.0,0.18,3.02,0.26,5.0,0.02,0.02,45.227497,1776326184000
1776326186.24,86.24,0.82,3.02,0.74,5.0,0.84,6.0,0.85,15.0,0.16,6.0,0.15,15.0,0.18,3.02,0.26,5.0,0.02,0.02,45.228308,1776326185000
1776326187.333,87.333,0.82,3.02,0.74,5.0,0.84,6.0,0.85,15.0,0.16,6.0,0.15,15.0,0.18,3.02,0.26,5.0,0.02,0.02,45.228609,1776326186000
1776326188.387,88.387,0.82,3.02,0.74,5.0,0.84,6.0,0.85,15.0,0.16,6.0,0.15,15.0,0.18,3.02,0.26,5.0,0.02,0.02,45.229825,1776326187000
1776326188.941,88.941,0.82,3.02,0.74,5.0,0.84,6.0,0.85,15.0,0.16,6.0,0.15,15.0,0.18,3.02,0.26,5.0,0.02,0.02,45.229825,1776326188000
1776326189.881,89.881,0.82,3.02,0.74,5.0,0.84,6.0,0.85,15.0,0.16,6.0,0.15,15.0,0.18,3.02,0.26,5.0,0.02,0.02,45.228083,1776326189000
1776326190.87,90.87,0.82,3.02,0.74,5.0,0.84,6.0,0.85,15.0,0.16,6.0,0.15,15.0,0.18,3.02,0.26,5.0,0.02,0.02,45.228683,1776326190000
1776326191.895,91.895,0.82,3.02,0.74,5.0,0.84,6.0,0.85,15.0,0.16,6.0,0.15,15.0,0.18,3.02,0.26,5.0,0.02,0.02,45.22944,1776326191000
1776326192.878,92.878,0.82,3.02,0.74,5.0,0.84,6.0,0.85,15.0,0.16,6.0,0.15,15.0,0.18,3.02,0.26,5.0,0.02,0.02,45.22944,1776326192000
1776326193.895,93.895,0.82,3.02,0.74,5.0,0.84,6.0,0.85,15.0,0.16,6.0,0.15,15.0,0.18,3.02,0.26,5.0,0.02,0.02,45.229484,1776326193000
1776326195.337,95.337,0.82,3.02,0.74,5.0,0.84,6.0,0.85,15.0,0.16,6.0,0.15,15.0,0.18,3.02,0.26,5.0,0.02,0.02,45.230045,1776326194000
1776326196.399,96.399,0.82,3.02,0.74,5.0,0.84,6.0,0.85,15.0,0.16,6.0,0.15,15.0,0.18,3.02,0.26,5.0,0.02,0.02,45.230045,1776326195000
1776326196.975,96.975,0.82,3.02,0.74,5.0,0.84,6.0,0.85,15.0,0.16,6.0,0.15,15.0,0.18,3.02,0.26,5.0,0.02,0.02,45.230045,1776326196000
1776326197.91,97.91,0.82,3.02,0.74,5.0,0.84,6.0,0.85,15.0,0.16,6.0,0.15,15.0,0.18,3.02,0.26,5.0,0.02,0.02,45.230108,1776326197000
1776326198.947,98.947,0.82,3.02,0.74,5.0,0.84,6.0,0.85,15.0,0.16,6.0,0.15,15.0,0.18,3.02,0.26,5.0,0.02,0.02,45.230116,1776326198000
1776326199.97,99.97,0.82,3.02,0.74,5.0,0.84,6.0,0.85,15.0,0.16,6.0,0.15,15.0,0.18,3.02,0.26,5.0,0.02,0.02,45.227527,1776326199000
1776326200.306,100.306,0.69,15.0,0.64,15.0,0.81,50.0,0.82,15.0,0.16,6.0,0.15,15.0,0.18,3.02,0.26,5.0,0.12,0.02,45.227527,1776326199000
1776326201.136,101.136,0.69,15.0,0.64,15.0,0.81,50.0,0.82,15.0,0.19,50.0,0.18,15.0,0.31,15.0,0.36,15.0,0.12,0.12,45.211373,1776326200000
1776326202.042,102.042,0.69,15.0,0.64,15.0,0.81,50.0,0.82,15.0,0.19,50.0,0.18,15.0,0.31,15.0,0.36,15.0,0.12,0.12,45.204607,1776326201000
1776326203.018,103.018,0.69,15.0,0.64,15.0,0.81,50.0,0.82,15.0,0.19,50.0,0.18,15.0,0.31,15.0,0.36,15.0,0.12,0.12,45.20355,1776326202000
1776326204.2,104.2,0.69,15.0,0.64,15.0,0.81,50.0,0.82,15.0,0.19,50.0,0.18,15.0,0.31,15.0,0.36,15.0,0.12,0.12,45.202895,1776326203000
1776326205.02,105.02,0.69,15.0,0.64,15.0,0.81,50.0,0.82,15.0,0.19,50.0,0.18,15.0,0.31,15.0,0.36,15.0,0.12,0.12,45.203343,1776326204000
1776326206.058,106.058,0.69,15.0,0.64,15.0,0.81,50.0,0.82,15.0,0.19,50.0,0.18,15.0,0.31,15.0,0.36,15.0,0.12,0.12,45.204078,1776326205000
1776326206.968,106.968,0.69,15.0,0.64,15.0,0.81,50.0,0.82,15.0,0.19,50.0,0.18,15.0,0.31,15.0,0.36,15.0,0.12,0.12,45.203977,1776326206000
1776326207.93,107.93,0.69,15.0,0.64,15.0,0.81,50.0,0.82,15.0,0.19,50.0,0.18,15.0,0.31,15.0,0.36,15.0,0.12,0.12,45.206772,1776326207000
1776326209.379,109.379,0.69,15.0,0.64,15.0,0.81,50.0,0.82,15.0,0.19,50.0,0.18,15.0,0.31,15.0,0.36,15.0,0.12,0.12,45.210114,1776326208000
1776326210.323,110.323,0.69,15.0,0.64,15.0,0.81,50.0,0.82,15.0,0.19,50.0,0.18,15.0,0.31,15.0,0.36,15.0,0.12,0.12,45.211188,1776326209000
1776326211.376,111.376,0.69,15.0,0.64,15.0,0.81,50.0,0.82,15.0,0.19,50.0,0.18,15.0,0.31,15.0,0.36,15.0,0.12,0.12,45.211188,1776326210000
1776326212.273,112.273,0.69,15.0,0.64,15.0,0.81,50.0,0.82,15.0,0.19,50.0,0.18,15.0,0.31,15.0,0.36,15.0,0.12,0.12,45.211866,1776326211000
1776326212.483,112.483,0.8,8.25,0.75,15.0,0.84,15.0,0.85,15.0,0.19,50.0,0.18,15.0,0.31,15.0,0.36,15.0,0.04,0.12,45.211866,1776326211000
1776326213.177,113.177,0.8,8.25,0.75,15.0,0.84,15.0,0.85,15.0,0.16,15.0,0.15,15.0,0.2,8.25,0.25,15.0,0.04,0.04,45.212076,1776326212000
1776326214.228,114.228,0.8,8.25,0.75,15.0,0.84,15.0,0.85,15.0,0.16,15.0,0.15,15.0,0.2,8.25,0.25,15.0,0.04,0.04,45.212076,1776326213000
1776326215.229,115.229,0.8,8.25,0.75,15.0,0.84,15.0,0.85,15.0,0.16,15.0,0.15,15.0,0.2,8.25,0.25,15.0,0.04,0.04,45.212017,1776326214000
1776326216.24,116.24,0.8,8.25,0.75,15.0,0.84,15.0,0.85,15.0,0.16,15.0,0.15,15.0,0.2,8.25,0.25,15.0,0.04,0.04,45.211311,1776326215000
1776326217.344,117.344,0.8,8.25,0.75,15.0,0.84,15.0,0.85,15.0,0.16,15.0,0.15,15.0,0.2,8.25,0.25,15.0,0.04,0.04,45.21455,1776326216000
1776326218.252,118.252,0.8,8.25,0.75,15.0,0.84,15.0,0.85,15.0,0.16,15.0,0.15,15.0,0.2,8.25,0.25,15.0,0.04,0.04,45.215174,1776326217000
1776326219.233,119.233,0.8,8.25,0.75,15.0,0.84,15.0,0.85,15.0,0.16,15.0,0.15,15.0,0.2,8.25,0.25,15.0,0.04,0.04,45.215342,1776326218000
1776326220.199,120.199,0.8,8.25,0.75,15.0,0.84,15.0,0.85,15.0,0.16,15.0,0.15,15.0,0.2,8.25,0.25,15.0,0.04,0.04,45.215174,1776326219000
1776326221.346,121.346,0.8,8.25,0.75,15.0,0.84,15.0,0.85,15.0,0.16,15.0,0.15,15.0,0.2,8.25,0.25,15.0,0.04,0.04,45.214817,1776326220000
1776326222.273,122.273,0.8,8.25,0.75,15.0,0.84,15.0,0.85,15.0,0.16,15.0,0.15,15.0,0.2,8.25,0.25,15.0,0.04,0.04,45.211983,1776326221000
1776326223.443,123.443,0.8,8.25,0.75,15.0,0.84,15.0,0.85,15.0,0.16,15.0,0.15,15.0,0.2,8.25,0.25,15.0,0.04,0.04,45.213112,1776326222000
1776326223.999,123.999,0.8,8.25,0.75,15.0,0.84,15.0,0.85,15.0,0.16,15.0,0.15,15.0,0.2,8.25,0.25,15.0,0.04,0.04,45.213112,1776326223000
1776326225.03,125.03,0.8,8.25,0.75,15.0,0.84,15.0,0.85,15.0,0.16,15.0,0.15,15.0,0.2,8.25,0.25,15.0,0.04,0.04,45.212484,1776326224000
1776326226.428,126.428,0.8,8.25,0.75,15.0,0.84,15.0,0.85,15.0,0.16,15.0,0.15,15.0,0.2,8.25,0.25,15.0,0.04,0.04,45.212635,1776326225000
1776326226.992,126.992,0.8,8.25,0.75,15.0,0.84,15.0,0.85,15.0,0.16,15.0,0.15,15.0,0.2,8.25,0.25,15.0,0.04,0.04,45.215482,1776326226000
1776326228.272,128.272,0.8,8.25,0.75,15.0,0.84,15.0,0.85,15.0,0.16,15.0,0.15,15.0,0.2,8.25,0.25,15.0,0.04,0.04,45.212815,1776326227000
1776326229.363,129.363,0.8,8.25,0.75,15.0,0.84,15.0,0.85,15.0,0.16,15.0,0.15,15.0,0.2,8.25,0.25,15.0,0.04,0.04,45.213133,1776326228000
1776326230.314,130.314,0.8,8.25,0.75,15.0,0.84,15.0,0.85,15.0,0.16,15.0,0.15,15.0,0.2,8.25,0.25,15.0,0.04,0.04,45.213049,1776326229000
1776326231.429,131.429,0.8,8.25,0.75,15.0,0.84,15.0,0.85,15.0,0.16,15.0,0.15,15.0,0.2,8.25,0.25,15.0,0.04,0.04,45.214828,1776326230000
1776326231.997,131.997,0.8,8.25,0.75,15.0,0.84,15.0,0.85,15.0,0.16,15.0,0.15,15.0,0.2,8.25,0.25,15.0,0.04,0.04,45.209308,1776326231000
1776326233.17,133.17,0.8,8.25,0.75,15.0,0.84,15.0,0.85,15.0,0.16,15.0,0.15,15.0,0.2,8.25,0.25,15.0,0.04,0.04,45.206698,1776326232000
1776326234.21,134.21,0.8,8.25,0.75,15.0,0.84,15.0,0.85,15.0,0.16,15.0,0.15,15.0,0.2,8.25,0.25,15.0,0.04,0.04,45.209914,1776326233000
1776326235.308,135.308,0.8,8.25,0.75,15.0,0.84,15.0,0.85,15.0,0.16,15.0,0.15,15.0,0.2,8.25,0.25,15.0,0.04,0.04,45.211199,1776326234000
1776326237.043,137.043,0.8,8.25,0.75,15.0,0.84,15.0,0.85,15.0,0.16,15.0,0.15,15.0,0.2,8.25,0.25,15.0,0.04,0.04,45.211841,1776326235000
1776326237.945,137.945,0.8,8.25,0.75,15.0,0.84,15.0,0.85,15.0,0.16,15.0,0.15,15.0,0.2,8.25,0.25,15.0,0.04,0.04,45.212633,1776326236000
1776326238.861,138.861,0.8,8.25,0.75,15.0,0.84,15.0,0.85,15.0,0.16,15.0,0.15,15.0,0.2,8.25,0.25,15.0,0.04,0.04,45.213086,1776326237000
1776326239.537,139.537,0.8,8.25,0.75,15.0,0.84,15.0,0.85,15.0,0.16,15.0,0.15,15.0,0.2,8.25,0.25,15.0,0.04,0.04,45.213641,1776326238000
1776326240.391,140.391,0.8,8.25,0.75,15.0,0.84,15.0,0.85,15.0,0.16,15.0,0.15,15.0,0.2,8.25,0.25,15.0,0.04,0.04,45.209778,1776326239000
1776326241.061,141.061,0.8,8.25,0.75,15.0,0.84,15.0,0.85,15.0,0.16,15.0,0.15,15.0,0.2,8.25,0.25,15.0,0.04,0.04,45.20771,1776326240000
1776326242.702,142.702,0.8,8.25,0.75,15.0,0.84,15.0,0.85,15.0,0.16,15.0,0.15,15.0,0.2,8.25,0.25,15.0,0.04,0.04,45.20305,1776326241000
1776326243.511,143.511,0.8,8.25,0.75,15.0,0.84,15.0,0.85,15.0,0.16,15.0,0.15,15.0,0.2,8.25,0.25,15.0,0.04,0.04,45.200457,1776326242000
1776326244.179,144.179,0.8,8.25,0.75,15.0,0.84,15.0,0.85,15.0,0.16,15.0,0.15,15.0,0.2,8.25,0.25,15.0,0.04,0.04,45.196119,1776326243000
1776326245.756,145.756,0.8,8.25,0.75,15.0,0.84,15.0,0.85,15.0,0.16,15.0,0.15,15.0,0.2,8.25,0.25,15.0,0.04,0.04,45.19993,1776326244000
1776326246.557,146.557,0.8,8.25,0.75,15.0,0.84,15.0,0.85,15.0,0.16,15.0,0.15,15.0,0.2,8.25,0.25,15.0,0.04,0.04,45.197518,1776326245000
1776326247.289,147.289,0.8,8.25,0.75,15.0,0.84,15.0,0.85,15.0,0.16,15.0,0.15,15.0,0.2,8.25,0.25,15.0,0.04,0.04,45.202003,1776326246000
1776326248.038,148.038,0.8,8.25,0.75,15.0,0.84,15.0,0.85,15.0,0.16,15.0,0.15,15.0,0.2,8.25,0.25,15.0,0.04,0.04,45.207336,1776326247000
1776326249.718,149.718,0.8,8.25,0.75,15.0,0.84,15.0,0.85,15.0,0.16,15.0,0.15,15.0,0.2,8.25,0.25,15.0,0.04,0.04,45.207018,1776326248000
1776326250.533,150.533,0.8,8.25,0.75,15.0,0.84,15.0,0.85,15.0,0.16,15.0,0.15,15.0,0.2,8.25,0.25,15.0,0.04,0.04,45.20851,1776326249000
1776326251.225,151.225,0.8,8.25,0.75,15.0,0.84,15.0,0.85,15.0,0.16,15.0,0.15,15.0,0.2,8.25,0.25,15.0,0.04,0.04,45.207511,1776326250000
1776326252.808,152.808,0.8,8.25,0.75,15.0,0.84,15.0,0.85,15.0,0.16,15.0,0.15,15.0,0.2,8.25,0.25,15.0,0.04,0.04,45.207489,1776326251000
1776326253.64,153.64,0.8,8.25,0.75,15.0,0.84,15.0,0.85,15.0,0.16,15.0,0.15,15.0,0.2,8.25,0.25,15.0,0.04,0.04,45.207686,1776326252000
1776326254.46,154.46,0.8,8.25,0.75,15.0,0.84,15.0,0.85,15.0,0.16,15.0,0.15,15.0,0.2,8.25,0.25,15.0,0.04,0.04,45.210048,1776326253000
1776326255.189,155.189,0.8,8.25,0.75,15.0,0.84,15.0,0.85,15.0,0.16,15.0,0.15,15.0,0.2,8.25,0.25,15.0,0.04,0.04,45.212705,1776326254000
1776326257.228,157.228,0.8,8.25,0.75,15.0,0.84,15.0,0.85,15.0,0.16,15.0,0.15,15.0,0.2,8.25,0.25,15.0,0.04,0.04,45.213341,1776326256000
1776326258.173,158.173,0.8,8.25,0.75,15.0,0.84,15.0,0.85,15.0,0.16,15.0,0.15,15.0,0.2,8.25,0.25,15.0,0.04,0.04,45.214058,1776326257000
1776326259.03,159.03,0.8,8.25,0.75,15.0,0.84,15.0,0.85,15.0,0.16,15.0,0.15,15.0,0.2,8.25,0.25,15.0,0.04,0.04,45.214536,1776326258000
1776326260.108,160.108,0.8,8.25,0.75,15.0,0.84,15.0,0.85,15.0,0.16,15.0,0.15,15.0,0.2,8.25,0.25,15.0,0.04,0.04,45.214764,1776326259000
1776326260.944,160.944,0.8,8.25,0.75,15.0,0.84,15.0,0.85,15.0,0.16,15.0,0.15,15.0,0.2,8.25,0.25,15.0,0.04,0.04,45.214525,1776326260000
1776326261.42,161.42,0.83,30.0,0.82,15.0,0.84,22.85,0.91,15.0,0.16,15.0,0.15,15.0,0.2,8.25,0.25,15.0,0.01,0.04,45.214525,1776326260000
1776326261.999,161.999,0.83,30.0,0.82,15.0,0.84,22.85,0.91,15.0,0.16,22.85,0.09,15.0,0.17,30.0,0.18,15.0,0.01,0.01,45.214775,1776326261000
1776326262.399,162.399,0.83,66.0,0.82,15.0,0.84,7.85,0.91,15.0,0.16,22.85,0.09,15.0,0.17,30.0,0.18,15.0,0.01,0.01,45.214775,1776326261000
1776326262.761,162.761,0.83,81.0,0.82,15.0,0.84,2.79,0.93,15.0,0.16,7.85,0.09,15.0,0.17,66.0,0.18,15.0,0.01,0.01,45.214775,1776326261000
1776326263.129,163.129,0.83,81.0,0.82,15.0,0.84,2.79,0.93,15.0,0.16,2.79,0.07,15.0,0.17,81.0,0.18,15.0,0.01,0.01,45.219535,1776326262000
1776326264.267,164.267,0.83,81.0,0.82,15.0,0.84,2.79,0.93,15.0,0.16,2.79,0.07,15.0,0.17,81.0,0.18,15.0,0.01,0.01,45.220811,1776326263000
1776326265.2,165.2,0.83,81.0,0.82,15.0,0.84,2.79,0.93,15.0,0.16,2.79,0.07,15.0,0.17,81.0,0.18,15.0,0.01,0.01,45.221093,1776326264000
1776326266.272,166.272,0.83,81.0,0.82,15.0,0.84,2.79,0.93,15.0,0.16,2.79,0.07,15.0,0.17,81.0,0.18,15.0,0.01,0.01,45.223122,1776326265000
1776326266.473,166.473,0.84,12.21,0.83,66.0,0.93,15.0,0.94,15.0,0.16,2.79,0.07,15.0,0.17,81.0,0.18,15.0,0.09,0.01,45.223122,1776326265000
1776326267.387,167.387,0.84,12.21,0.83,66.0,0.93,15.0,0.94,15.0,0.07,15.0,0.06,15.0,0.16,12.21,0.17,66.0,0.09,0.09,45.223404,1776326266000
1776326268.016,168.016,0.84,12.21,0.83,66.0,0.93,15.0,0.94,15.0,0.07,15.0,0.06,15.0,0.16,12.21,0.17,66.0,0.09,0.09,45.224357,1776326267000
1776326269.547,169.547,0.84,12.21,0.83,66.0,0.93,15.0,0.94,15.0,0.07,15.0,0.06,15.0,0.16,12.21,0.17,66.0,0.09,0.09,45.224202,1776326268000
1776326270.059,170.059,0.84,12.21,0.83,66.0,0.93,15.0,0.94,15.0,0.07,15.0,0.06,15.0,0.16,12.21,0.17,66.0,0.09,0.09,45.224596,1776326269000
1776326271.133,171.133,0.84,12.21,0.83,66.0,0.93,15.0,0.94,15.0,0.07,15.0,0.06,15.0,0.16,12.21,0.17,66.0,0.09,0.09,45.225312,1776326270000
1776326272.242,172.242,0.84,12.21,0.83,66.0,0.93,15.0,0.94,15.0,0.07,15.0,0.06,15.0,0.16,12.21,0.17,66.0,0.09,0.09,45.225312,1776326271000
1776326273.326,173.326,0.84,12.21,0.83,66.0,0.93,15.0,0.94,15.0,0.07,15.0,0.06,15.0,0.16,12.21,0.17,66.0,0.09,0.09,45.225236,1776326272000
1776326274.479,174.479,0.84,12.21,0.83,66.0,0.93,15.0,0.94,15.0,0.07,15.0,0.06,15.0,0.16,12.21,0.17,66.0,0.09,0.09,45.225432,1776326273000
1776326275.07,175.07,0.84,12.21,0.83,66.0,0.93,15.0,0.94,15.0,0.07,15.0,0.06,15.0,0.16,12.21,0.17,66.0,0.09,0.09,45.225432,1776326274000
1776326276.152,176.152,0.84,12.21,0.83,66.0,0.93,15.0,0.94,15.0,0.07,15.0,0.06,15.0,0.16,12.21,0.17,66.0,0.09,0.09,45.225432,1776326275000
1776326277.145,177.145,0.84,12.21,0.83,66.0,0.93,15.0,0.94,15.0,0.07,15.0,0.06,15.0,0.16,12.21,0.17,66.0,0.09,0.09,45.225671,1776326276000
1776326278.285,178.285,0.84,12.21,0.83,66.0,0.93,15.0,0.94,15.0,0.07,15.0,0.06,15.0,0.16,12.21,0.17,66.0,0.09,0.09,45.226627,1776326277000
1776326279.457,179.457,0.84,12.21,0.83,66.0,0.93,15.0,0.94,15.0,0.07,15.0,0.06,15.0,0.16,12.21,0.17,66.0,0.09,0.09,45.226667,1776326278000
1776326280.116,180.116,0.84,12.21,0.83,66.0,0.93,15.0,0.94,15.0,0.07,15.0,0.06,15.0,0.16,12.21,0.17,66.0,0.09,0.09,45.231232,1776326279000
1776326281.07,181.07,0.84,12.21,0.83,66.0,0.93,15.0,0.94,15.0,0.07,15.0,0.06,15.0,0.16,12.21,0.17,66.0,0.09,0.09,45.231586,1776326280000
1776326281.707,181.707,0.94,15.0,0.93,15.0,0.96,3.95,0.97,20.0,0.07,15.0,0.06,15.0,0.16,12.21,0.17,66.0,0.02,0.09,45.231586,1776326280000
1776326282.189,182.189,0.94,15.0,0.93,15.0,0.96,3.95,0.97,20.0,0.04,3.95,0.03,20.0,0.06,15.0,0.07,15.0,0.02,0.02,45.233364,1776326281000
1776326283.392,183.392,0.94,15.0,0.93,15.0,0.96,3.95,0.97,20.0,0.04,3.95,0.03,20.0,0.06,15.0,0.07,15.0,0.02,0.02,45.238675,1776326282000
1776326283.895,183.895,0.94,15.0,0.93,15.0,0.96,3.95,0.97,20.0,0.04,3.95,0.03,20.0,0.06,15.0,0.07,15.0,0.02,0.02,45.241268,1776326283000
1776326285.541,185.541,0.94,15.0,0.93,15.0,0.96,3.95,0.97,20.0,0.04,3.95,0.03,20.0,0.06,15.0,0.07,15.0,0.02,0.02,45.242541,1776326284000
1776326286.065,186.065,0.94,15.0,0.93,15.0,0.96,3.95,0.97,20.0,0.04,3.95,0.03,20.0,0.06,15.0,0.07,15.0,0.02,0.02,45.242855,1776326285000
1776326286.982,186.982,0.94,15.0,0.93,15.0,0.96,3.95,0.97,20.0,0.04,3.95,0.03,20.0,0.06,15.0,0.07,15.0,0.02,0.02,45.248437,1776326286000
1776326287.966,187.966,0.94,15.0,0.93,15.0,0.96,3.95,0.97,20.0,0.04,3.95,0.03,20.0,0.06,15.0,0.07,15.0,0.02,0.02,45.248955,1776326287000
1776326288.87,188.87,0.94,15.0,0.93,15.0,0.96,3.95,0.97,20.0,0.04,3.95,0.03,20.0,0.06,15.0,0.07,15.0,0.02,0.02,45.249191,1776326288000
1776326289.859,189.859,0.94,15.0,0.93,15.0,0.96,3.95,0.97,20.0,0.04,3.95,0.03,20.0,0.06,15.0,0.07,15.0,0.02,0.02,45.249508,1776326289000
1776326291.136,191.136,0.95,15.0,0.94,15.0,0.98,10.34,0.99,155.0,0.04,3.95,0.03,20.0,0.06,15.0,0.07,15.0,0.03,0.02,45.249508,1776326289000
1776326291.395,191.395,0.95,15.0,0.94,15.0,0.98,10.34,0.99,155.0,0.02,10.34,0.01,155.0,0.05,15.0,0.06,15.0,0.03,0.03,45.260068,1776326290000
1776326292.344,192.344,0.95,15.0,0.94,15.0,0.98,10.34,0.99,155.0,0.02,10.34,0.01,155.0,0.05,15.0,0.06,15.0,0.03,0.03,45.261805,1776326291000
1776326292.902,192.902,0.97,15.0,0.96,15.0,0.99,135.34,,,0.02,10.34,0.01,155.0,0.05,15.0,0.06,15.0,0.02,0.03,45.261805,1776326291000
1776326293.375,193.375,0.97,15.0,0.96,15.0,0.99,135.34,,,0.01,135.34,,,0.03,15.0,0.04,15.0,0.02,0.02,45.262428,1776326292000
1776326294.28,194.28,0.97,15.0,0.96,15.0,0.99,135.34,,,0.01,135.34,,,0.03,15.0,0.04,15.0,0.02,0.02,45.263018,1776326293000
1776326294.877,194.877,0.97,15.0,0.96,15.0,0.99,135.34,,,0.01,135.34,,,0.03,15.0,0.04,15.0,0.02,0.02,45.263018,1776326294000
1776326296.389,196.389,0.97,15.0,0.96,15.0,0.99,135.34,,,0.01,135.34,,,0.03,15.0,0.04,15.0,0.02,0.02,45.262743,1776326295000
1776326297.239,197.239,0.97,15.0,0.96,15.0,0.99,135.34,,,0.01,135.34,,,0.03,15.0,0.04,15.0,0.02,0.02,45.2629,1776326296000
1776326298.279,198.279,0.97,15.0,0.96,15.0,0.99,135.34,,,0.01,135.34,,,0.03,15.0,0.04,15.0,0.02,0.02,45.262666,1776326297000
1776326299.612,199.612,0.97,15.0,0.96,15.0,0.99,135.34,,,0.01,135.34,,,0.03,15.0,0.04,15.0,0.02,0.02,45.262735,1776326298000
1776326300.138,200.138,0.97,15.0,0.96,15.0,0.99,135.34,,,0.01,135.34,,,0.03,15.0,0.04,15.0,0.02,0.02,45.262802,1776326299000
1776326301.649,201.649,0.97,15.0,0.96,15.0,0.99,135.34,,,0.01,135.34,,,0.03,15.0,0.04,15.0,0.02,0.02,45.263019,1776326300000
1776326302.317,202.317,0.97,15.0,0.96,15.0,0.99,135.34,,,0.01,135.34,,,0.03,15.0,0.04,15.0,0.02,0.02,45.263121,1776326301000
1776326303.022,203.022,0.97,15.0,0.96,15.0,0.99,135.34,,,0.01,135.34,,,0.03,15.0,0.04,15.0,0.02,0.02,45.266253,1776326302000
1776326304.321,204.321,0.97,15.0,0.96,15.0,0.99,135.34,,,0.01,135.34,,,0.03,15.0,0.04,15.0,0.02,0.02,45.268587,1776326303000
1776326305.777,205.777,0.97,15.0,0.96,15.0,0.99,135.34,,,0.01,135.34,,,0.03,15.0,0.04,15.0,0.02,0.02,45.272288,1776326304000
1776326306.272,206.272,0.98,15.0,0.97,15.0,0.99,119.32,,,0.01,135.34,,,0.03,15.0,0.04,15.0,0.01,0.02,45.272288,1776326304000
1776326307.084,207.084,0.98,15.0,0.97,15.0,0.99,119.32,,,0.01,119.32,,,0.02,15.0,0.03,15.0,0.01,0.01,45.273726,1776326306000
1776326308.665,208.665,0.98,15.0,0.97,15.0,0.99,119.32,,,0.01,119.32,,,0.02,15.0,0.03,15.0,0.01,0.01,45.27472,1776326307000
1776326309.607,209.607,0.98,15.0,0.97,15.0,0.99,119.32,,,0.01,119.32,,,0.02,15.0,0.03,15.0,0.01,0.01,45.274721,1776326308000
1776326310.212,210.212,0.98,15.0,0.97,15.0,0.99,119.32,,,0.01,119.32,,,0.02,15.0,0.03,15.0,0.01,0.01,45.274872,1776326309000
1776326311.658,211.658,0.98,15.0,0.97,15.0,0.99,119.32,,,0.01,119.32,,,0.02,15.0,0.03,15.0,0.01,0.01,45.276304,1776326310000
1776326312.249,212.249,0.98,15.0,0.97,15.0,0.99,119.32,,,0.01,119.32,,,0.02,15.0,0.03,15.0,0.01,0.01,45.277003,1776326311000
1776326313.704,213.704,0.98,15.0,0.97,15.0,0.99,119.32,,,0.01,119.32,,,0.02,15.0,0.03,15.0,0.01,0.01,45.282426,1776326312000
1776326314.322,214.322,0.98,15.0,0.97,15.0,0.99,119.32,,,0.01,119.32,,,0.02,15.0,0.03,15.0,0.01,0.01,45.283107,1776326313000
1776326315.008,215.008,0.98,15.0,0.97,15.0,0.99,119.32,,,0.01,119.32,,,0.02,15.0,0.03,15.0,0.01,0.01,45.283172,1776326314000
1776326316.075,216.075,0.98,15.0,0.97,15.0,0.99,119.32,,,0.01,119.32,,,0.02,15.0,0.03,15.0,0.01,0.01,45.283177,1776326315000
1776326317.303,217.303,0.98,15.0,0.97,15.0,0.99,119.32,,,0.01,119.32,,,0.02,15.0,0.03,15.0,0.01,0.01,45.283334,1776326316000
1776326318.724,218.724,0.98,15.0,0.97,15.0,0.99,89.32,,,0.01,119.32,,,0.02,15.0,0.03,15.0,0.01,0.01,45.283334,1776326316000
1776326319.254,219.254,0.98,15.0,0.97,15.0,0.99,89.32,,,0.01,89.32,,,0.02,15.0,0.03,15.0,0.01,0.01,45.283991,1776326317000
1776326319.909,219.909,0.98,15.0,0.97,15.0,0.99,89.32,,,0.01,89.32,,,0.02,15.0,0.03,15.0,0.01,0.01,45.284277,1776326318000
1776326320.337,220.337,0.98,15.0,0.97,15.0,0.99,84.32,,,0.01,89.32,,,0.02,15.0,0.03,15.0,0.01,0.01,45.284277,1776326318000
1776326320.903,220.903,0.98,15.0,0.97,15.0,0.99,64.32,,,0.01,64.32,,,0.02,15.0,0.03,15.0,0.01,0.01,45.284277,1776326319000
1776326321.507,221.507,0.98,15.0,0.97,15.0,0.99,34.32,,,0.01,64.32,,,0.02,15.0,0.03,15.0,0.01,0.01,45.284277,1776326319000
1776326322.308,222.308,0.98,15.0,0.97,15.0,0.99,34.32,,,0.01,34.32,,,0.02,15.0,0.03,15.0,0.01,0.01,45.283545,1776326321000
1776326323.192,223.192,0.98,15.0,0.97,15.0,0.99,14.32,,,0.01,34.32,,,0.02,15.0,0.03,15.0,0.01,0.01,45.283545,1776326321000
1776326323.807,223.807,0.98,15.0,0.97,15.0,0.99,14.32,,,0.01,14.32,,,0.02,15.0,0.03,15.0,0.01,0.01,45.283502,1776326322000
1776326324.45,224.45,0.98,15.0,0.97,15.0,0.99,14.32,,,0.01,14.32,,,0.02,15.0,0.03,15.0,0.01,0.01,45.283516,1776326323000
1776326325.184,225.184,0.98,15.0,0.97,15.0,0.99,14.32,,,0.01,14.32,,,0.02,15.0,0.03,15.0,0.01,0.01,45.283378,1776326324000
1776326326.386,226.386,0.98,15.0,0.97,15.0,0.99,14.32,,,0.01,14.32,,,0.02,15.0,0.03,15.0,0.01,0.01,45.283297,1776326325000
1776326327.142,227.142,0.98,15.0,0.97,15.0,0.99,14.32,,,0.01,14.32,,,0.02,15.0,0.03,15.0,0.01,0.01,45.283427,1776326326000
1776326328.569,228.569,0.98,15.0,0.97,15.0,0.99,14.32,,,0.01,14.32,,,0.02,15.0,0.03,15.0,0.01,0.01,45.287511,1776326327000
1776326329.273,229.273,0.98,15.0,0.97,15.0,0.99,14.32,,,0.01,14.32,,,0.02,15.0,0.03,15.0,0.01,0.01,45.287731,1776326328000
1776326330.509,230.509,0.98,15.0,0.97,15.0,0.99,14.32,,,0.01,14.32,,,0.02,15.0,0.03,15.0,0.01,0.01,45.288858,1776326329000
1776326330.715,230.715,0.98,15.0,0.97,15.0,0.99,12.29,,,0.01,14.32,,,0.02,15.0,0.03,15.0,0.01,0.01,45.288858,1776326329000
1776326331.239,231.239,0.98,15.0,0.97,15.0,0.99,12.29,,,0.01,12.29,,,0.02,15.0,0.03,15.0,0.01,0.01,45.288858,1776326330000
1776326332.563,232.563,0.98,15.0,0.97,15.0,0.99,12.29,,,0.01,12.29,,,0.02,15.0,0.03,15.0,0.01,0.01,45.289053,1776326331000
1776326333.323,233.323,0.98,15.0,0.97,15.0,0.99,12.29,,,0.01,12.29,,,0.02,15.0,0.03,15.0,0.01,0.01,45.289053,1776326332000
1776326334.317,234.317,0.98,15.0,0.97,15.0,0.99,12.29,,,0.01,12.29,,,0.02,15.0,0.03,15.0,0.01,0.01,45.288859,1776326333000
1776326335.293,235.293,0.98,15.0,0.97,15.0,0.99,12.29,,,0.01,12.29,,,0.02,15.0,0.03,15.0,0.01,0.01,45.28882,1776326334000
1776326335.823,235.823,0.99,987.71,0.98,15.0,,,,,0.01,12.29,,,0.02,15.0,0.03,15.0,,0.01,45.28882,1776326334000
1776326336.249,236.249,0.99,987.71,0.98,15.0,,,,,,,,,0.01,987.71,0.02,15.0,,,45.288559,1776326335000
1776326337.205,237.205,0.99,987.71,0.98,15.0,,,,,,,,,0.01,987.71,0.02,15.0,,,45.288937,1776326336000
1776326338.122,238.122,0.99,987.71,0.98,15.0,,,,,,,,,0.01,987.71,0.02,15.0,,,45.290392,1776326337000
1776326339.106,239.106,0.99,987.71,0.98,15.0,,,,,,,,,0.01,987.71,0.02,15.0,,,45.290392,1776326338000
1776326340.127,240.127,0.99,987.71,0.98,15.0,,,,,,,,,0.01,987.71,0.02,15.0,,,45.290597,1776326339000
1776326341.201,241.201,0.99,987.71,0.98,15.0,,,,,,,,,0.01,987.71,0.02,15.0,,,45.290599,1776326340000
1776326342.139,242.139,0.99,987.71,0.98,15.0,,,,,,,,,0.01,987.71,0.02,15.0,,,45.290503,1776326341000
1776326343.124,243.124,0.99,987.71,0.98,15.0,,,,,,,,,0.01,987.71,0.02,15.0,,,45.289951,1776326342000
1776326344.204,244.204,0.99,987.71,0.98,15.0,,,,,,,,,0.01,987.71,0.02,15.0,,,45.290698,1776326343000
1776326345.257,245.257,0.99,987.71,0.98,15.0,,,,,,,,,0.01,987.71,0.02,15.0,,,45.290611,1776326344000
1776326346.262,246.262,0.99,987.71,0.98,15.0,,,,,,,,,0.01,987.71,0.02,15.0,,,45.29113,1776326345000
1776326347.558,247.558,0.99,987.71,0.98,15.0,,,,,,,,,0.01,987.71,0.02,15.0,,,45.291129,1776326346000
1776326348.097,248.097,0.99,987.71,0.98,15.0,,,,,,,,,0.01,987.71,0.02,15.0,,,45.29451,1776326347000
1776326349.294,249.294,0.99,987.71,0.98,15.0,,,,,,,,,0.01,987.71,0.02,15.0,,,45.303356,1776326348000
1776326350.428,250.428,0.99,987.71,0.98,15.0,,,,,,,,,0.01,987.71,0.02,15.0,,,45.305734,1776326349000
1776326351.024,251.024,0.99,987.71,0.98,15.0,,,,,,,,,0.01,987.71,0.02,15.0,,,45.306035,1776326350000
1776326352.189,252.189,0.99,987.71,0.98,15.0,,,,,,,,,0.01,987.71,0.02,15.0,,,45.306035,1776326351000
1776326353.309,253.309,0.99,987.71,0.98,15.0,,,,,,,,,0.01,987.71,0.02,15.0,,,45.3064,1776326352000
1776326353.898,253.898,0.99,987.71,0.98,15.0,,,,,,,,,0.01,987.71,0.02,15.0,,,45.306633,1776326353000
1776326355.204,255.204,0.99,987.71,0.98,15.0,,,,,,,,,0.01,987.71,0.02,15.0,,,45.306633,1776326354000
1776326355.923,255.923,0.99,987.71,0.98,15.0,,,,,,,,,0.01,987.71,0.02,15.0,,,45.304657,1776326355000
1776326357.133,257.133,0.99,987.71,0.98,15.0,,,,,,,,,0.01,987.71,0.02,15.0,,,45.304658,1776326356000
1776326358.255,258.255,0.99,987.71,0.98,15.0,,,,,,,,,0.01,987.71,0.02,15.0,,,45.304716,1776326357000
1776326359.355,259.355,0.99,987.71,0.98,15.0,,,,,,,,,0.01,987.71,0.02,15.0,,,45.30508,1776326358000
1776326359.974,259.974,0.99,987.71,0.98,15.0,,,,,,,,,0.01,987.71,0.02,15.0,,,45.30508,1776326359000
1776326361.208,261.208,0.99,987.71,0.98,15.0,,,,,,,,,0.01,987.71,0.02,15.0,,,45.305956,1776326360000
1776326362.891,262.891,0.99,987.71,0.98,15.0,,,,,,,,,0.01,987.71,0.02,15.0,,,45.307028,1776326361000
1776326363.379,263.379,0.99,987.71,0.98,15.0,,,,,,,,,0.01,987.71,0.02,15.0,,,45.308586,1776326362000
1776326363.959,263.959,0.99,987.71,0.98,15.0,,,,,,,,,0.01,987.71,0.02,15.0,,,45.308586,1776326363000
1776326365.052,265.052,0.99,987.71,0.98,15.0,,,,,,,,,0.01,987.71,0.02,15.0,,,45.307144,1776326364000
1776326366.133,266.133,0.99,987.71,0.98,15.0,,,,,,,,,0.01,987.71,0.02,15.0,,,45.306636,1776326365000
1776326367.116,267.116,0.99,987.71,0.98,15.0,,,,,,,,,0.01,987.71,0.02,15.0,,,45.301819,1776326366000
1776326368.223,268.223,0.99,987.71,0.98,15.0,,,,,,,,,0.01,987.71,0.02,15.0,,,45.306253,1776326367000
1776326369.255,269.255,0.99,987.71,0.98,15.0,,,,,,,,,0.01,987.71,0.02,15.0,,,45.30986,1776326368000
1776326370.201,270.201,0.99,987.71,0.98,15.0,,,,,,,,,0.01,987.71,0.02,15.0,,,45.314694,1776326369000
1776326371.313,271.313,0.99,987.71,0.98,15.0,,,,,,,,,0.01,987.71,0.02,15.0,,,45.311456,1776326370000
1776326372.316,272.316,0.99,987.71,0.98,15.0,,,,,,,,,0.01,987.71,0.02,15.0,,,45.310034,1776326371000
1776326373.409,273.409,0.99,987.71,0.98,15.0,,,,,,,,,0.01,987.71,0.02,15.0,,,45.307938,1776326372000
1776326373.831,273.831,0.99,987.71,0.98,15.0,,,,,,,,,0.01,987.71,0.02,15.0,,,45.307347,1776326373000
1776326374.864,274.864,0.99,987.71,0.98,15.0,,,,,,,,,0.01,987.71,0.02,15.0,,,45.300924,1776326374000
1776326377.834,277.834,0.99,987.71,0.98,15.0,,,,,,,,,0.01,987.71,0.02,15.0,,,45.299146,1776326376000
1776326378.327,278.327,0.99,987.71,0.98,15.0,,,,,,,,,0.01,987.71,0.02,15.0,,,45.296111,1776326377000
1776326378.931,278.931,0.99,987.71,0.98,15.0,,,,,,,,,0.01,987.71,0.02,15.0,,,45.295962,1776326378000
1776326380.164,280.164,0.99,987.71,0.98,15.0,,,,,,,,,0.01,987.71,0.02,15.0,,,45.296297,1776326379000
1776326381.258,281.258,0.99,987.71,0.98,15.0,,,,,,,,,0.01,987.71,0.02,15.0,,,45.30133,1776326380000
1776326382.522,282.522,0.99,987.71,0.98,15.0,,,,,,,,,0.01,987.71,0.02,15.0,,,45.300358,1776326381000
1776326383.062,283.062,0.99,987.71,0.98,15.0,,,,,,,,,0.01,987.71,0.02,15.0,,,45.300758,1776326382000
1776326384.291,284.291,0.99,987.71,0.98,15.0,,,,,,,,,0.01,987.71,0.02,15.0,,,45.300392,1776326383000
1776326385.362,285.362,0.99,987.71,0.98,15.0,,,,,,,,,0.01,987.71,0.02,15.0,,,45.299781,1776326384000
1776326385.916,285.916,0.99,987.71,0.98,15.0,,,,,,,,,0.01,987.71,0.02,15.0,,,45.300321,1776326385000
1776326387.074,287.074,0.99,987.71,0.98,15.0,,,,,,,,,0.01,987.71,0.02,15.0,,,45.300276,1776326386000
1776326388.178,288.178,0.99,987.71,0.98,15.0,,,,,,,,,0.01,987.71,0.02,15.0,,,45.300452,1776326387000
1776326389.387,289.387,0.99,987.71,0.98,15.0,,,,,,,,,0.01,987.71,0.02,15.0,,,45.299602,1776326388000

# RESULT,winner=Up,slug=hype-updown-5m-1776326100,ticks=302
