timestamp,elapsed_sec,up_bid_p1,up_bid_s1,up_bid_p2,up_bid_s2,up_ask_p1,up_ask_s1,up_ask_p2,up_ask_s2,down_bid_p1,down_bid_s1,down_bid_p2,down_bid_s2,down_ask_p1,down_ask_s1,down_ask_p2,down_ask_s2,up_spread,down_spread,hype_price,hype_oracle_ts
1776243901.28,1.28,,,,,,,,,,,,,,,,,,,43.649154,1776243900000
1776243901.757,1.757,0.11,100.0,0.08,100.0,0.89,100.0,0.92,100.0,0.11,100.0,0.08,100.0,0.89,100.0,0.92,100.0,0.78,0.78,43.649154,1776243900000
1776243902.841,2.841,0.11,100.0,0.08,100.0,0.89,100.0,0.92,100.0,0.11,100.0,0.08,100.0,0.89,100.0,0.92,100.0,0.78,0.78,43.649007,1776243901000
1776243903.513,3.513,0.11,100.0,0.08,100.0,0.89,100.0,0.92,100.0,0.11,100.0,0.08,100.0,0.89,100.0,0.92,100.0,0.78,0.78,43.650111,1776243902000
1776243904.113,4.113,0.11,100.0,0.08,100.0,0.89,100.0,0.92,100.0,0.11,100.0,0.08,100.0,0.89,100.0,0.92,100.0,0.78,0.78,43.650034,1776243903000
1776243905.395,5.395,0.11,100.0,0.08,100.0,0.89,100.0,0.92,100.0,0.11,100.0,0.08,100.0,0.89,100.0,0.92,100.0,0.78,0.78,43.649978,1776243904000
1776243906.16,6.16,0.11,100.0,0.08,100.0,0.89,100.0,0.92,100.0,0.11,100.0,0.08,100.0,0.89,100.0,0.92,100.0,0.78,0.78,43.64902,1776243905000
1776243907.321,7.321,0.11,100.0,0.08,100.0,0.89,100.0,0.92,100.0,0.11,100.0,0.08,100.0,0.89,100.0,0.92,100.0,0.78,0.78,43.64936,1776243906000
1776243907.987,7.987,0.11,100.0,0.08,100.0,0.89,100.0,0.92,100.0,0.11,100.0,0.08,100.0,0.89,100.0,0.92,100.0,0.78,0.78,43.649375,1776243907000
1776243909.24,9.24,0.11,100.0,0.08,100.0,0.89,100.0,0.92,100.0,0.11,100.0,0.08,100.0,0.89,100.0,0.92,100.0,0.78,0.78,43.649276,1776243908000
1776243910.433,10.433,0.11,100.0,0.08,100.0,0.89,100.0,0.92,100.0,0.11,100.0,0.08,100.0,0.89,100.0,0.92,100.0,0.78,0.78,43.649276,1776243909000
1776243911.021,11.021,0.11,100.0,0.08,100.0,0.89,100.0,0.92,100.0,0.11,100.0,0.08,100.0,0.89,100.0,0.92,100.0,0.78,0.78,43.649037,1776243910000
1776243912.276,12.276,0.11,100.0,0.08,100.0,0.89,100.0,0.92,100.0,0.11,100.0,0.08,100.0,0.89,100.0,0.92,100.0,0.78,0.78,43.648956,1776243911000
1776243913.561,13.561,0.11,100.0,0.08,100.0,0.89,100.0,0.92,100.0,0.11,100.0,0.08,100.0,0.89,100.0,0.92,100.0,0.78,0.78,43.648877,1776243912000
1776243914.164,14.164,0.11,100.0,0.08,100.0,0.89,100.0,0.92,100.0,0.11,100.0,0.08,100.0,0.89,100.0,0.92,100.0,0.78,0.78,43.649076,1776243913000
1776243915.448,15.448,0.11,100.0,0.08,100.0,0.89,100.0,0.92,100.0,0.11,100.0,0.08,100.0,0.89,100.0,0.92,100.0,0.78,0.78,43.648827,1776243914000
1776243916.113,16.113,0.11,100.0,0.08,100.0,0.89,100.0,0.92,100.0,0.11,100.0,0.08,100.0,0.89,100.0,0.92,100.0,0.78,0.78,43.64755,1776243915000
1776243917.352,17.352,0.42,5.0,0.41,5.0,0.44,5.0,0.45,5.0,0.56,5.0,0.55,5.0,0.58,5.0,0.59,5.0,0.02,0.02,43.641172,1776243916000
1776243918.022,18.022,0.42,5.0,0.41,5.0,0.44,5.0,0.45,5.0,0.56,5.0,0.55,5.0,0.58,5.0,0.59,5.0,0.02,0.02,43.640917,1776243917000
1776243918.998,18.998,0.42,5.0,0.41,5.0,0.44,5.0,0.45,5.0,0.56,5.0,0.55,5.0,0.58,5.0,0.59,5.0,0.02,0.02,43.638653,1776243918000
1776243920.047,20.047,0.42,5.0,0.41,5.0,0.44,5.0,0.45,5.0,0.56,5.0,0.55,5.0,0.58,5.0,0.59,5.0,0.02,0.02,43.633478,1776243919000
1776243920.981,20.981,0.42,5.0,0.41,5.0,0.44,5.0,0.45,5.0,0.56,5.0,0.55,5.0,0.58,5.0,0.59,5.0,0.02,0.02,43.631304,1776243920000
1776243922.011,22.011,0.42,5.0,0.41,5.0,0.44,5.0,0.45,5.0,0.56,5.0,0.55,5.0,0.58,5.0,0.59,5.0,0.02,0.02,43.630928,1776243921000
1776243922.925,22.925,0.42,5.0,0.41,5.0,0.44,5.0,0.45,5.0,0.56,5.0,0.55,5.0,0.58,5.0,0.59,5.0,0.02,0.02,43.630657,1776243922000
1776243923.858,23.858,0.42,5.0,0.41,5.0,0.44,5.0,0.45,5.0,0.56,5.0,0.55,5.0,0.58,5.0,0.59,5.0,0.02,0.02,43.630657,1776243923000
1776243925.003,25.003,0.42,5.0,0.41,5.0,0.44,5.0,0.45,5.0,0.56,5.0,0.55,5.0,0.58,5.0,0.59,5.0,0.02,0.02,43.630294,1776243924000
1776243926.083,26.083,0.42,5.0,0.41,5.0,0.44,5.0,0.45,5.0,0.56,5.0,0.55,5.0,0.58,5.0,0.59,5.0,0.02,0.02,43.630294,1776243925000
1776243927.116,27.116,0.42,5.0,0.41,5.0,0.44,5.0,0.45,5.0,0.56,5.0,0.55,5.0,0.58,5.0,0.59,5.0,0.02,0.02,43.630657,1776243926000
1776243928.2,28.2,0.42,5.0,0.41,5.0,0.44,5.0,0.45,5.0,0.56,5.0,0.55,5.0,0.58,5.0,0.59,5.0,0.02,0.02,43.630657,1776243927000
1776243929.175,29.175,0.42,5.0,0.41,5.0,0.44,5.0,0.45,5.0,0.56,5.0,0.55,5.0,0.58,5.0,0.59,5.0,0.02,0.02,43.629563,1776243928000
1776243930.323,30.323,0.42,5.0,0.41,5.0,0.44,5.0,0.45,5.0,0.56,5.0,0.55,5.0,0.58,5.0,0.59,5.0,0.02,0.02,43.628543,1776243929000
1776243931.308,31.308,0.42,5.0,0.41,5.0,0.44,5.0,0.45,5.0,0.56,5.0,0.55,5.0,0.58,5.0,0.59,5.0,0.02,0.02,43.628284,1776243930000
1776243932.442,32.442,0.42,5.0,0.41,5.0,0.44,5.0,0.45,5.0,0.56,5.0,0.55,5.0,0.58,5.0,0.59,5.0,0.02,0.02,43.628457,1776243931000
1776243933.267,33.267,0.42,5.0,0.41,5.0,0.44,5.0,0.45,5.0,0.56,5.0,0.55,5.0,0.58,5.0,0.59,5.0,0.02,0.02,43.628796,1776243932000
1776243934.538,34.538,0.42,5.0,0.41,5.0,0.44,5.0,0.45,5.0,0.56,5.0,0.55,5.0,0.58,5.0,0.59,5.0,0.02,0.02,43.628789,1776243933000
1776243935.153,35.153,0.42,5.0,0.41,5.0,0.44,5.0,0.45,5.0,0.56,5.0,0.55,5.0,0.58,5.0,0.59,5.0,0.02,0.02,43.62891,1776243934000
1776243937.103,37.103,0.42,5.0,0.41,5.0,0.44,5.0,0.45,5.0,0.56,5.0,0.55,5.0,0.58,5.0,0.59,5.0,0.02,0.02,43.628571,1776243936000
1776243938.702,38.702,0.42,5.0,0.41,5.0,0.44,5.0,0.45,5.0,0.56,5.0,0.55,5.0,0.58,5.0,0.59,5.0,0.02,0.02,43.628523,1776243937000
1776243939.413,39.413,0.42,5.0,0.41,5.0,0.44,5.0,0.45,5.0,0.56,5.0,0.55,5.0,0.58,5.0,0.59,5.0,0.02,0.02,43.628486,1776243938000
1776243940.121,40.121,0.42,5.0,0.41,5.0,0.44,5.0,0.45,5.0,0.56,5.0,0.55,5.0,0.58,5.0,0.59,5.0,0.02,0.02,43.628537,1776243939000
1776243941.591,41.591,0.42,5.0,0.41,5.0,0.44,5.0,0.45,5.0,0.56,5.0,0.55,5.0,0.58,5.0,0.59,5.0,0.02,0.02,43.626988,1776243940000
1776243942.362,42.362,0.42,5.0,0.41,5.0,0.44,5.0,0.45,5.0,0.56,5.0,0.55,5.0,0.58,5.0,0.59,5.0,0.02,0.02,43.626969,1776243941000
1776243943.051,43.051,0.42,5.0,0.41,5.0,0.44,5.0,0.45,5.0,0.56,5.0,0.55,5.0,0.58,5.0,0.59,5.0,0.02,0.02,43.626783,1776243942000
1776243944.454,44.454,0.42,5.0,0.41,5.0,0.44,5.0,0.45,5.0,0.56,5.0,0.55,5.0,0.58,5.0,0.59,5.0,0.02,0.02,43.626783,1776243943000
1776243945.129,45.129,0.42,5.0,0.41,5.0,0.44,5.0,0.45,5.0,0.56,5.0,0.55,5.0,0.58,5.0,0.59,5.0,0.02,0.02,43.627003,1776243944000
1776243946.708,46.708,0.42,5.0,0.41,5.0,0.44,5.0,0.45,5.0,0.56,5.0,0.55,5.0,0.58,5.0,0.59,5.0,0.02,0.02,43.626961,1776243945000
1776243947.372,47.372,0.42,5.0,0.41,5.0,0.44,5.0,0.45,5.0,0.56,5.0,0.55,5.0,0.58,5.0,0.59,5.0,0.02,0.02,43.626999,1776243946000
1776243948.11,48.11,0.42,5.0,0.41,5.0,0.44,5.0,0.45,5.0,0.56,5.0,0.55,5.0,0.58,5.0,0.59,5.0,0.02,0.02,43.626789,1776243947000
1776243949.599,49.599,0.42,5.0,0.41,5.0,0.44,5.0,0.45,5.0,0.56,5.0,0.55,5.0,0.58,5.0,0.59,5.0,0.02,0.02,43.626648,1776243948000
1776243950.252,50.252,0.42,5.0,0.41,5.0,0.44,5.0,0.45,5.0,0.56,5.0,0.55,5.0,0.58,5.0,0.59,5.0,0.02,0.02,43.626648,1776243949000
1776243951.633,51.633,0.42,5.0,0.41,5.0,0.44,5.0,0.45,5.0,0.56,5.0,0.55,5.0,0.58,5.0,0.59,5.0,0.02,0.02,43.627292,1776243950000
1776243952.195,52.195,0.42,5.0,0.41,5.0,0.44,5.0,0.45,5.0,0.56,5.0,0.55,5.0,0.58,5.0,0.59,5.0,0.02,0.02,43.627119,1776243951000
1776243953.17,53.17,0.42,5.0,0.41,5.0,0.44,5.0,0.45,5.0,0.56,5.0,0.55,5.0,0.58,5.0,0.59,5.0,0.02,0.02,43.627325,1776243952000
1776243954.207,54.207,0.42,5.0,0.41,5.0,0.44,5.0,0.45,5.0,0.56,5.0,0.55,5.0,0.58,5.0,0.59,5.0,0.02,0.02,43.627442,1776243953000
1776243955.114,55.114,0.42,5.0,0.41,5.0,0.44,5.0,0.45,5.0,0.56,5.0,0.55,5.0,0.58,5.0,0.59,5.0,0.02,0.02,43.627448,1776243954000
1776243956.187,56.187,0.42,5.0,0.41,5.0,0.44,5.0,0.45,5.0,0.56,5.0,0.55,5.0,0.58,5.0,0.59,5.0,0.02,0.02,43.62763,1776243955000
1776243957.252,57.252,0.42,5.0,0.41,5.0,0.44,5.0,0.45,5.0,0.56,5.0,0.55,5.0,0.58,5.0,0.59,5.0,0.02,0.02,43.627291,1776243956000
1776243958.364,58.364,0.42,5.0,0.41,5.0,0.44,5.0,0.45,5.0,0.56,5.0,0.55,5.0,0.58,5.0,0.59,5.0,0.02,0.02,43.626829,1776243957000
1776243959.485,59.485,0.42,5.0,0.41,5.0,0.44,5.0,0.45,5.0,0.56,5.0,0.55,5.0,0.58,5.0,0.59,5.0,0.02,0.02,43.626749,1776243958000
1776243960.294,60.294,0.42,5.0,0.41,5.0,0.44,5.0,0.45,5.0,0.56,5.0,0.55,5.0,0.58,5.0,0.59,5.0,0.02,0.02,43.626617,1776243959000
1776243960.632,60.632,0.4,4.35,0.39,5.0,0.43,5.0,0.44,5.0,0.56,5.0,0.55,5.0,0.58,5.0,0.59,5.0,0.03,0.02,43.626617,1776243959000
1776243961.229,61.229,0.4,4.35,0.39,5.0,0.43,5.0,0.44,5.0,0.57,5.0,0.56,5.0,0.6,4.35,0.61,5.0,0.03,0.03,43.627124,1776243960000
1776243962.394,62.394,0.4,4.35,0.39,5.0,0.43,5.0,0.44,5.0,0.57,5.0,0.56,5.0,0.6,4.35,0.61,5.0,0.03,0.03,43.628538,1776243961000
1776243963.003,63.003,0.4,4.35,0.39,5.0,0.43,5.0,0.44,5.0,0.57,5.0,0.56,5.0,0.6,4.35,0.61,5.0,0.03,0.03,43.628416,1776243962000
1776243963.882,63.882,0.4,4.35,0.39,5.0,0.43,5.0,0.44,5.0,0.57,5.0,0.56,5.0,0.6,4.35,0.61,5.0,0.03,0.03,43.628698,1776243963000
1776243965.158,65.158,0.4,4.35,0.39,5.0,0.43,5.0,0.44,5.0,0.57,5.0,0.56,5.0,0.6,4.35,0.61,5.0,0.03,0.03,43.627939,1776243964000
1776243966.293,66.293,0.4,4.35,0.39,5.0,0.43,5.0,0.44,5.0,0.57,5.0,0.56,5.0,0.6,4.35,0.61,5.0,0.03,0.03,43.628235,1776243965000
1776243967.528,67.528,0.4,4.35,0.39,5.0,0.43,5.0,0.44,5.0,0.57,5.0,0.56,5.0,0.6,4.35,0.61,5.0,0.03,0.03,43.628191,1776243966000
1776243968.265,68.265,0.4,4.35,0.39,5.0,0.43,5.0,0.44,5.0,0.57,5.0,0.56,5.0,0.6,4.35,0.61,5.0,0.03,0.03,43.627796,1776243967000
1776243969.401,69.401,0.4,4.35,0.39,5.0,0.43,5.0,0.44,5.0,0.57,5.0,0.56,5.0,0.6,4.35,0.61,5.0,0.03,0.03,43.627881,1776243968000
1776243970.115,70.115,0.4,4.35,0.39,5.0,0.43,5.0,0.44,5.0,0.57,5.0,0.56,5.0,0.6,4.35,0.61,5.0,0.03,0.03,43.627881,1776243969000
1776243971.185,71.185,0.4,4.35,0.39,5.0,0.43,5.0,0.44,5.0,0.57,5.0,0.56,5.0,0.6,4.35,0.61,5.0,0.03,0.03,43.627629,1776243970000
1776243972.366,72.366,0.4,4.35,0.39,5.0,0.43,5.0,0.44,5.0,0.57,5.0,0.56,5.0,0.6,4.35,0.61,5.0,0.03,0.03,43.627254,1776243971000
1776243972.99,72.99,0.4,4.35,0.39,5.0,0.43,5.0,0.44,5.0,0.57,5.0,0.56,5.0,0.6,4.35,0.61,5.0,0.03,0.03,43.627155,1776243972000
1776243974.164,74.164,0.4,4.35,0.39,5.0,0.43,5.0,0.44,5.0,0.57,5.0,0.56,5.0,0.6,4.35,0.61,5.0,0.03,0.03,43.622089,1776243973000
1776243975.331,75.331,0.4,4.35,0.39,5.0,0.43,5.0,0.44,5.0,0.57,5.0,0.56,5.0,0.6,4.35,0.61,5.0,0.03,0.03,43.620556,1776243974000
1776243975.894,75.894,0.4,4.35,0.39,5.0,0.43,5.0,0.44,5.0,0.57,5.0,0.56,5.0,0.6,4.35,0.61,5.0,0.03,0.03,43.621233,1776243975000
1776243977.062,77.062,0.4,4.35,0.39,5.0,0.43,5.0,0.44,5.0,0.57,5.0,0.56,5.0,0.6,4.35,0.61,5.0,0.03,0.03,43.620511,1776243976000
1776243978.25,78.25,0.4,4.35,0.39,5.0,0.43,5.0,0.44,5.0,0.57,5.0,0.56,5.0,0.6,4.35,0.61,5.0,0.03,0.03,43.619544,1776243977000
1776243979.351,79.351,0.4,4.35,0.39,5.0,0.43,5.0,0.44,5.0,0.57,5.0,0.56,5.0,0.6,4.35,0.61,5.0,0.03,0.03,43.621763,1776243978000
1776243980.589,80.589,0.4,4.35,0.39,5.0,0.43,5.0,0.44,5.0,0.57,5.0,0.56,5.0,0.6,4.35,0.61,5.0,0.03,0.03,43.624115,1776243979000
1776243981.267,81.267,0.4,4.35,0.39,5.0,0.43,5.0,0.44,5.0,0.57,5.0,0.56,5.0,0.6,4.35,0.61,5.0,0.03,0.03,43.624792,1776243980000
1776243982.451,82.451,0.4,4.35,0.39,5.0,0.43,5.0,0.44,5.0,0.57,5.0,0.56,5.0,0.6,4.35,0.61,5.0,0.03,0.03,43.62523,1776243981000
1776243983.023,83.023,0.4,4.35,0.39,5.0,0.43,5.0,0.44,5.0,0.57,5.0,0.56,5.0,0.6,4.35,0.61,5.0,0.03,0.03,43.625938,1776243982000
1776243984.227,84.227,0.4,4.35,0.39,5.0,0.43,5.0,0.44,5.0,0.57,5.0,0.56,5.0,0.6,4.35,0.61,5.0,0.03,0.03,43.627293,1776243983000
1776243985.409,85.409,0.4,4.35,0.39,5.0,0.43,5.0,0.44,5.0,0.57,5.0,0.56,5.0,0.6,4.35,0.61,5.0,0.03,0.03,43.627293,1776243984000
1776243985.992,85.992,0.4,4.35,0.39,5.0,0.43,5.0,0.44,5.0,0.57,5.0,0.56,5.0,0.6,4.35,0.61,5.0,0.03,0.03,43.627318,1776243985000
1776243987.319,87.319,0.4,4.35,0.39,5.0,0.43,5.0,0.44,5.0,0.57,5.0,0.56,5.0,0.6,4.35,0.61,5.0,0.03,0.03,43.627401,1776243986000
1776243988.449,88.449,0.4,4.35,0.39,5.0,0.43,5.0,0.44,5.0,0.57,5.0,0.56,5.0,0.6,4.35,0.61,5.0,0.03,0.03,43.628007,1776243987000
1776243988.972,88.972,0.4,4.35,0.39,5.0,0.43,5.0,0.44,5.0,0.57,5.0,0.56,5.0,0.6,4.35,0.61,5.0,0.03,0.03,43.628008,1776243988000
1776243990.132,90.132,0.4,4.35,0.39,5.0,0.43,5.0,0.44,5.0,0.57,5.0,0.56,5.0,0.6,4.35,0.61,5.0,0.03,0.03,43.628293,1776243989000
1776243991.312,91.312,0.4,4.35,0.39,5.0,0.43,5.0,0.44,5.0,0.57,5.0,0.56,5.0,0.6,4.35,0.61,5.0,0.03,0.03,43.629086,1776243990000
1776243992.389,92.389,0.4,4.35,0.39,5.0,0.43,5.0,0.44,5.0,0.57,5.0,0.56,5.0,0.6,4.35,0.61,5.0,0.03,0.03,43.628984,1776243991000
1776243992.959,92.959,0.4,4.35,0.39,5.0,0.43,5.0,0.44,5.0,0.57,5.0,0.56,5.0,0.6,4.35,0.61,5.0,0.03,0.03,43.628984,1776243992000
1776243994.076,94.076,0.4,4.35,0.39,5.0,0.43,5.0,0.44,5.0,0.57,5.0,0.56,5.0,0.6,4.35,0.61,5.0,0.03,0.03,43.628978,1776243993000
1776243995.693,95.693,0.4,4.35,0.39,5.0,0.43,5.0,0.44,5.0,0.57,5.0,0.56,5.0,0.6,4.35,0.61,5.0,0.03,0.03,43.629072,1776243994000
1776243996.293,96.293,0.4,4.35,0.39,5.0,0.43,5.0,0.44,5.0,0.57,5.0,0.56,5.0,0.6,4.35,0.61,5.0,0.03,0.03,43.629072,1776243995000
1776243997.349,97.349,0.4,4.35,0.39,5.0,0.43,5.0,0.44,5.0,0.57,5.0,0.56,5.0,0.6,4.35,0.61,5.0,0.03,0.03,43.629501,1776243996000
1776243997.96,97.96,0.4,4.35,0.39,5.0,0.43,5.0,0.44,5.0,0.57,5.0,0.56,5.0,0.6,4.35,0.61,5.0,0.03,0.03,43.629501,1776243997000
1776243999.041,99.041,0.4,4.35,0.39,5.0,0.43,5.0,0.44,5.0,0.57,5.0,0.56,5.0,0.6,4.35,0.61,5.0,0.03,0.03,43.629449,1776243998000
1776244000.102,100.102,0.4,4.35,0.39,5.0,0.43,5.0,0.44,5.0,0.57,5.0,0.56,5.0,0.6,4.35,0.61,5.0,0.03,0.03,43.629286,1776243999000
1776244001.226,101.226,0.4,4.35,0.39,5.0,0.43,5.0,0.44,5.0,0.57,5.0,0.56,5.0,0.6,4.35,0.61,5.0,0.03,0.03,43.629286,1776244000000
1776244002.338,102.338,0.4,4.35,0.39,5.0,0.43,5.0,0.44,5.0,0.57,5.0,0.56,5.0,0.6,4.35,0.61,5.0,0.03,0.03,43.629286,1776244001000
1776244003.466,103.466,0.4,4.35,0.39,5.0,0.43,5.0,0.44,5.0,0.57,5.0,0.56,5.0,0.6,4.35,0.61,5.0,0.03,0.03,43.629286,1776244002000
1776244004.026,104.026,0.4,4.35,0.39,5.0,0.43,5.0,0.44,5.0,0.57,5.0,0.56,5.0,0.6,4.35,0.61,5.0,0.03,0.03,43.629504,1776244003000
1776244005.058,105.058,0.4,4.35,0.39,5.0,0.43,5.0,0.44,5.0,0.57,5.0,0.56,5.0,0.6,4.35,0.61,5.0,0.03,0.03,43.629597,1776244004000
1776244006.2,106.2,0.4,4.35,0.39,5.0,0.43,5.0,0.44,5.0,0.57,5.0,0.56,5.0,0.6,4.35,0.61,5.0,0.03,0.03,43.631222,1776244005000
1776244006.586,106.586,0.51,5.0,0.5,5.0,0.53,4.52,0.54,5.0,0.57,5.0,0.56,5.0,0.6,4.35,0.61,5.0,0.02,0.03,43.631222,1776244005000
1776244007.311,107.311,0.51,5.0,0.5,5.0,0.53,4.52,0.54,5.0,0.47,4.52,0.46,5.0,0.49,5.0,0.5,5.0,0.02,0.02,43.631222,1776244006000
1776244008.412,108.412,0.51,5.0,0.5,5.0,0.53,4.52,0.54,5.0,0.47,4.52,0.46,5.0,0.49,5.0,0.5,5.0,0.02,0.02,43.644146,1776244007000
1776244008.986,108.986,0.51,5.0,0.5,5.0,0.53,4.52,0.54,5.0,0.47,4.52,0.46,5.0,0.49,5.0,0.5,5.0,0.02,0.02,43.647748,1776244008000
1776244010.123,110.123,0.51,5.0,0.5,5.0,0.53,4.52,0.54,5.0,0.47,4.52,0.46,5.0,0.49,5.0,0.5,5.0,0.02,0.02,43.648648,1776244009000
1776244011.221,111.221,0.51,5.0,0.5,5.0,0.53,4.52,0.54,5.0,0.47,4.52,0.46,5.0,0.49,5.0,0.5,5.0,0.02,0.02,43.654646,1776244010000
1776244012.422,112.422,0.51,5.0,0.5,5.0,0.53,4.52,0.54,5.0,0.47,4.52,0.46,5.0,0.49,5.0,0.5,5.0,0.02,0.02,43.6562,1776244011000
1776244012.991,112.991,0.51,5.0,0.5,5.0,0.53,4.52,0.54,5.0,0.47,4.52,0.46,5.0,0.49,5.0,0.5,5.0,0.02,0.02,43.656368,1776244012000
1776244014.048,114.048,0.51,5.0,0.5,5.0,0.53,4.52,0.54,5.0,0.47,4.52,0.46,5.0,0.49,5.0,0.5,5.0,0.02,0.02,43.65694,1776244013000
1776244015.066,115.066,0.51,5.0,0.5,5.0,0.53,4.52,0.54,5.0,0.47,4.52,0.46,5.0,0.49,5.0,0.5,5.0,0.02,0.02,43.656603,1776244014000
1776244016.099,116.099,0.51,5.0,0.5,5.0,0.53,4.52,0.54,5.0,0.47,4.52,0.46,5.0,0.49,5.0,0.5,5.0,0.02,0.02,43.656603,1776244015000
1776244017.237,117.237,0.51,5.0,0.5,5.0,0.53,4.52,0.54,5.0,0.47,4.52,0.46,5.0,0.49,5.0,0.5,5.0,0.02,0.02,43.65659,1776244016000
1776244018.234,118.234,0.51,5.0,0.5,5.0,0.53,4.52,0.54,5.0,0.47,4.52,0.46,5.0,0.49,5.0,0.5,5.0,0.02,0.02,43.656453,1776244017000
1776244019.268,119.268,0.51,5.0,0.5,5.0,0.53,4.52,0.54,5.0,0.47,4.52,0.46,5.0,0.49,5.0,0.5,5.0,0.02,0.02,43.661228,1776244018000
1776244020.306,120.306,0.51,5.0,0.5,5.0,0.53,4.52,0.54,5.0,0.47,4.52,0.46,5.0,0.49,5.0,0.5,5.0,0.02,0.02,43.661228,1776244019000
1776244021.452,121.452,0.51,5.0,0.5,5.0,0.53,4.52,0.54,5.0,0.47,4.52,0.46,5.0,0.49,5.0,0.5,5.0,0.02,0.02,43.661688,1776244020000
1776244022.04,122.04,0.51,5.0,0.5,5.0,0.53,4.52,0.54,5.0,0.47,4.52,0.46,5.0,0.49,5.0,0.5,5.0,0.02,0.02,43.662573,1776244021000
1776244023.202,123.202,0.51,5.0,0.5,5.0,0.53,4.52,0.54,5.0,0.47,4.52,0.46,5.0,0.49,5.0,0.5,5.0,0.02,0.02,43.663334,1776244022000
1776244024.178,124.178,0.51,5.0,0.5,5.0,0.53,4.52,0.54,5.0,0.47,4.52,0.46,5.0,0.49,5.0,0.5,5.0,0.02,0.02,43.663675,1776244023000
1776244025.59,125.59,0.51,5.0,0.5,5.0,0.53,4.52,0.54,5.0,0.47,4.52,0.46,5.0,0.49,5.0,0.5,5.0,0.02,0.02,43.661743,1776244024000
1776244026.406,126.406,0.51,5.0,0.5,5.0,0.53,4.52,0.54,5.0,0.47,4.52,0.46,5.0,0.49,5.0,0.5,5.0,0.02,0.02,43.661347,1776244025000
1776244027.079,127.079,0.51,5.0,0.5,5.0,0.53,4.52,0.54,5.0,0.47,4.52,0.46,5.0,0.49,5.0,0.5,5.0,0.02,0.02,43.660627,1776244026000
1776244028.516,128.516,0.51,5.0,0.5,5.0,0.53,4.52,0.54,5.0,0.47,4.52,0.46,5.0,0.49,5.0,0.5,5.0,0.02,0.02,43.656834,1776244027000
1776244029.115,129.115,0.51,5.0,0.5,5.0,0.53,4.52,0.54,5.0,0.47,4.52,0.46,5.0,0.49,5.0,0.5,5.0,0.02,0.02,43.656834,1776244028000
1776244030.442,130.442,0.51,5.0,0.5,5.0,0.53,4.52,0.54,5.0,0.47,4.52,0.46,5.0,0.49,5.0,0.5,5.0,0.02,0.02,43.656489,1776244029000
1776244031.046,131.046,0.51,5.0,0.5,5.0,0.53,4.52,0.54,5.0,0.47,4.52,0.46,5.0,0.49,5.0,0.5,5.0,0.02,0.02,43.656092,1776244030000
1776244032.246,132.246,0.51,5.0,0.5,5.0,0.53,4.52,0.54,5.0,0.47,4.52,0.46,5.0,0.49,5.0,0.5,5.0,0.02,0.02,43.655581,1776244031000
1776244033.516,133.516,0.51,5.0,0.5,5.0,0.53,4.52,0.54,5.0,0.47,4.52,0.46,5.0,0.49,5.0,0.5,5.0,0.02,0.02,43.65504,1776244032000
1776244034.268,134.268,0.51,5.0,0.5,5.0,0.53,4.52,0.54,5.0,0.47,4.52,0.46,5.0,0.49,5.0,0.5,5.0,0.02,0.02,43.651511,1776244033000
1776244035.411,135.411,0.52,5.0,0.51,5.0,0.54,5.0,0.55,5.0,0.47,4.52,0.46,5.0,0.49,5.0,0.5,5.0,0.02,0.02,43.651511,1776244033000
1776244036.206,136.206,0.52,5.0,0.51,5.0,0.54,5.0,0.55,5.0,0.46,5.0,0.45,5.0,0.48,5.0,0.49,5.0,0.02,0.02,43.651646,1776244035000
1776244037.823,137.823,0.52,5.0,0.51,5.0,0.54,5.0,0.55,5.0,0.46,5.0,0.45,5.0,0.48,5.0,0.49,5.0,0.02,0.02,43.65372,1776244036000
1776244038.4,138.4,0.52,5.0,0.51,5.0,0.54,5.0,0.55,5.0,0.46,5.0,0.45,5.0,0.48,5.0,0.49,5.0,0.02,0.02,43.653814,1776244037000
1776244039.423,139.423,0.52,5.0,0.51,5.0,0.54,5.0,0.55,5.0,0.46,5.0,0.45,5.0,0.48,5.0,0.49,5.0,0.02,0.02,43.653868,1776244038000
1776244040.647,140.647,0.52,5.0,0.51,5.0,0.54,5.0,0.55,5.0,0.46,5.0,0.45,5.0,0.48,5.0,0.49,5.0,0.02,0.02,43.64906,1776244039000
1776244041.619,141.619,0.52,5.0,0.51,5.0,0.54,5.0,0.55,5.0,0.46,5.0,0.45,5.0,0.48,5.0,0.49,5.0,0.02,0.02,43.646707,1776244040000
1776244042.485,142.485,0.52,5.0,0.51,5.0,0.54,5.0,0.55,5.0,0.46,5.0,0.45,5.0,0.48,5.0,0.49,5.0,0.02,0.02,43.645839,1776244041000
1776244043.111,143.111,0.52,5.0,0.51,5.0,0.54,5.0,0.55,5.0,0.46,5.0,0.45,5.0,0.48,5.0,0.49,5.0,0.02,0.02,43.645095,1776244042000
1776244044.902,144.902,0.52,5.0,0.51,5.0,0.54,5.0,0.55,5.0,0.46,5.0,0.45,5.0,0.48,5.0,0.49,5.0,0.02,0.02,43.644965,1776244043000
1776244045.448,145.448,0.52,5.0,0.51,5.0,0.54,5.0,0.55,5.0,0.46,5.0,0.45,5.0,0.48,5.0,0.49,5.0,0.02,0.02,43.644965,1776244044000
1776244045.896,145.896,0.52,5.0,0.51,5.0,0.54,5.0,0.55,5.0,0.46,5.0,0.45,5.0,0.48,5.0,0.49,5.0,0.02,0.02,43.644965,1776244045000
1776244047.484,147.484,0.52,5.0,0.51,5.0,0.54,5.0,0.55,5.0,0.46,5.0,0.45,5.0,0.48,5.0,0.49,5.0,0.02,0.02,43.641561,1776244046000
1776244048.282,148.282,0.52,5.0,0.51,5.0,0.54,5.0,0.55,5.0,0.46,5.0,0.45,5.0,0.48,5.0,0.49,5.0,0.02,0.02,43.640033,1776244047000
1776244049.47,149.47,0.52,5.0,0.51,5.0,0.54,5.0,0.55,5.0,0.46,5.0,0.45,5.0,0.48,5.0,0.49,5.0,0.02,0.02,43.63878,1776244048000
1776244050.043,150.043,0.52,5.0,0.51,5.0,0.54,5.0,0.55,5.0,0.46,5.0,0.45,5.0,0.48,5.0,0.49,5.0,0.02,0.02,43.636273,1776244049000
1776244051.505,151.505,0.52,5.0,0.51,5.0,0.54,5.0,0.55,5.0,0.46,5.0,0.45,5.0,0.48,5.0,0.49,5.0,0.02,0.02,43.636047,1776244050000
1776244052.035,152.035,0.52,5.0,0.51,5.0,0.54,5.0,0.55,5.0,0.46,5.0,0.45,5.0,0.48,5.0,0.49,5.0,0.02,0.02,43.635848,1776244051000
1776244053.356,153.356,0.52,5.0,0.51,5.0,0.54,5.0,0.55,5.0,0.46,5.0,0.45,5.0,0.48,5.0,0.49,5.0,0.02,0.02,43.636244,1776244052000
1776244054.545,154.545,0.52,5.0,0.51,5.0,0.54,5.0,0.55,5.0,0.46,5.0,0.45,5.0,0.48,5.0,0.49,5.0,0.02,0.02,43.636272,1776244053000
1776244055.065,155.065,0.52,5.0,0.51,5.0,0.54,5.0,0.55,5.0,0.46,5.0,0.45,5.0,0.48,5.0,0.49,5.0,0.02,0.02,43.636466,1776244054000
1776244056.29,156.29,0.52,5.0,0.51,5.0,0.54,5.0,0.55,5.0,0.46,5.0,0.45,5.0,0.48,5.0,0.49,5.0,0.02,0.02,43.636466,1776244055000
1776244057.646,157.646,0.52,5.0,0.51,5.0,0.54,5.0,0.55,5.0,0.46,5.0,0.45,5.0,0.48,5.0,0.49,5.0,0.02,0.02,43.638926,1776244056000
1776244058.928,158.928,0.52,5.0,0.51,5.0,0.54,5.0,0.55,5.0,0.46,5.0,0.45,5.0,0.48,5.0,0.49,5.0,0.02,0.02,43.638934,1776244057000
1776244059.806,159.806,0.52,5.0,0.51,5.0,0.54,5.0,0.55,5.0,0.46,5.0,0.45,5.0,0.48,5.0,0.49,5.0,0.02,0.02,43.638934,1776244058000
1776244060.573,160.573,0.52,5.0,0.51,5.0,0.54,5.0,0.55,5.0,0.46,5.0,0.45,5.0,0.48,5.0,0.49,5.0,0.02,0.02,43.638934,1776244059000
1776244061.43,161.43,0.52,5.0,0.51,5.0,0.54,5.0,0.55,5.0,0.46,5.0,0.45,5.0,0.48,5.0,0.49,5.0,0.02,0.02,43.638934,1776244060000
1776244062.084,162.084,0.52,5.0,0.51,5.0,0.54,5.0,0.55,5.0,0.46,5.0,0.45,5.0,0.48,5.0,0.49,5.0,0.02,0.02,43.638934,1776244061000
1776244063.676,163.676,0.52,5.0,0.51,5.0,0.54,5.0,0.55,5.0,0.46,5.0,0.45,5.0,0.48,5.0,0.49,5.0,0.02,0.02,43.639034,1776244062000
1776244064.198,164.198,0.52,5.0,0.51,5.0,0.54,5.0,0.55,5.0,0.46,5.0,0.45,5.0,0.48,5.0,0.49,5.0,0.02,0.02,43.639029,1776244063000
1776244065.563,165.563,0.52,5.0,0.51,5.0,0.54,5.0,0.55,5.0,0.46,5.0,0.45,5.0,0.48,5.0,0.49,5.0,0.02,0.02,43.63862,1776244064000
1776244066.392,166.392,0.52,5.0,0.51,5.0,0.54,5.0,0.55,5.0,0.46,5.0,0.45,5.0,0.48,5.0,0.49,5.0,0.02,0.02,43.63862,1776244065000
1776244067.669,167.669,0.52,5.0,0.51,5.0,0.54,5.0,0.55,5.0,0.46,5.0,0.45,5.0,0.48,5.0,0.49,5.0,0.02,0.02,43.638156,1776244066000
1776244068.446,168.446,0.52,5.0,0.51,5.0,0.54,5.0,0.55,5.0,0.46,5.0,0.45,5.0,0.48,5.0,0.49,5.0,0.02,0.02,43.638198,1776244067000
1776244069.099,169.099,0.52,5.0,0.51,5.0,0.54,5.0,0.55,5.0,0.46,5.0,0.45,5.0,0.48,5.0,0.49,5.0,0.02,0.02,43.638408,1776244068000
1776244069.52,169.52,0.29,15.0,0.28,15.0,0.31,5.0,0.32,5.0,0.68,5.0,0.67,5.0,0.71,20.0,0.72,15.0,0.02,0.03,43.638408,1776244068000
1776244070.684,170.684,0.29,15.0,0.28,15.0,0.31,5.0,0.32,5.0,0.69,5.0,0.68,5.0,0.71,15.0,0.72,15.0,0.02,0.02,43.638408,1776244069000
1776244071.382,171.382,0.29,15.0,0.28,15.0,0.31,5.0,0.32,5.0,0.69,5.0,0.68,5.0,0.71,15.0,0.72,15.0,0.02,0.02,43.638262,1776244070000
1776244072.828,172.828,0.29,15.0,0.28,15.0,0.31,5.0,0.32,5.0,0.69,5.0,0.68,5.0,0.71,15.0,0.72,15.0,0.02,0.02,43.637119,1776244071000
1776244073.53,173.53,0.29,15.0,0.28,15.0,0.31,5.0,0.32,5.0,0.69,5.0,0.68,5.0,0.71,15.0,0.72,15.0,0.02,0.02,43.637124,1776244072000
1776244074.167,174.167,0.29,15.0,0.28,15.0,0.31,5.0,0.32,5.0,0.69,5.0,0.68,5.0,0.71,15.0,0.72,15.0,0.02,0.02,43.636677,1776244073000
1776244075.125,175.125,0.29,15.0,0.28,15.0,0.31,5.0,0.32,5.0,0.69,5.0,0.68,5.0,0.71,15.0,0.72,15.0,0.02,0.02,43.636735,1776244074000
1776244076.295,176.295,0.29,15.0,0.28,15.0,0.31,5.0,0.32,5.0,0.69,5.0,0.68,5.0,0.71,15.0,0.72,15.0,0.02,0.02,43.636874,1776244075000
1776244077.419,177.419,0.29,15.0,0.28,15.0,0.31,5.0,0.32,5.0,0.69,5.0,0.68,5.0,0.71,15.0,0.72,15.0,0.02,0.02,43.636769,1776244076000
1776244077.946,177.946,0.29,15.0,0.28,15.0,0.31,5.0,0.32,5.0,0.69,5.0,0.68,5.0,0.71,15.0,0.72,15.0,0.02,0.02,43.636769,1776244077000
1776244079.006,179.006,0.29,15.0,0.28,15.0,0.31,5.0,0.32,5.0,0.69,5.0,0.68,5.0,0.71,15.0,0.72,15.0,0.02,0.02,43.636979,1776244078000
1776244080.173,180.173,0.29,15.0,0.28,15.0,0.31,5.0,0.32,5.0,0.69,5.0,0.68,5.0,0.71,15.0,0.72,15.0,0.02,0.02,43.63681,1776244079000
1776244081.121,181.121,0.29,15.0,0.28,15.0,0.31,5.0,0.32,5.0,0.69,5.0,0.68,5.0,0.71,15.0,0.72,15.0,0.02,0.02,43.637022,1776244080000
1776244082.254,182.254,0.29,15.0,0.28,15.0,0.31,5.0,0.32,5.0,0.69,5.0,0.68,5.0,0.71,15.0,0.72,15.0,0.02,0.02,43.63725,1776244081000
1776244083.293,183.293,0.29,15.0,0.28,15.0,0.31,5.0,0.32,5.0,0.69,5.0,0.68,5.0,0.71,15.0,0.72,15.0,0.02,0.02,43.637278,1776244082000
1776244084.418,184.418,0.26,6.89,0.25,15.0,0.27,5.0,0.28,5.0,0.73,5.0,0.72,5.0,0.74,6.89,0.75,15.0,0.01,0.01,43.636114,1776244083000
1776244084.897,184.897,0.26,6.89,0.25,15.0,0.27,5.0,0.28,5.0,0.73,5.0,0.72,5.0,0.74,6.89,0.75,15.0,0.01,0.01,43.636083,1776244084000
1776244085.884,185.884,0.26,6.89,0.25,15.0,0.27,5.0,0.28,5.0,0.73,5.0,0.72,5.0,0.74,6.89,0.75,15.0,0.01,0.01,43.631397,1776244085000
1776244086.845,186.845,0.26,6.89,0.25,15.0,0.27,5.0,0.28,5.0,0.73,5.0,0.72,5.0,0.74,6.89,0.75,15.0,0.01,0.01,43.632801,1776244086000
1776244087.964,187.964,0.26,6.89,0.25,15.0,0.27,5.0,0.28,5.0,0.73,5.0,0.72,5.0,0.74,6.89,0.75,15.0,0.01,0.01,43.632911,1776244087000
1776244088.97,188.97,0.26,6.89,0.25,15.0,0.27,5.0,0.28,5.0,0.73,5.0,0.72,5.0,0.74,6.89,0.75,15.0,0.01,0.01,43.632911,1776244088000
1776244089.977,189.977,0.26,6.89,0.25,15.0,0.27,5.0,0.28,5.0,0.73,5.0,0.72,5.0,0.74,6.89,0.75,15.0,0.01,0.01,43.633181,1776244089000
1776244090.985,190.985,0.26,6.89,0.25,15.0,0.27,5.0,0.28,5.0,0.73,5.0,0.72,5.0,0.74,6.89,0.75,15.0,0.01,0.01,43.633351,1776244090000
1776244092.326,192.326,0.26,6.89,0.25,15.0,0.27,5.0,0.28,5.0,0.73,5.0,0.72,5.0,0.74,6.89,0.75,15.0,0.01,0.01,43.633121,1776244091000
1776244093.395,193.395,0.26,6.89,0.25,15.0,0.27,5.0,0.28,5.0,0.73,5.0,0.72,5.0,0.74,6.89,0.75,15.0,0.01,0.01,43.633122,1776244092000
1776244094.025,194.025,0.26,6.89,0.25,15.0,0.27,5.0,0.28,5.0,0.73,5.0,0.72,5.0,0.74,6.89,0.75,15.0,0.01,0.01,43.633122,1776244093000
1776244095.102,195.102,0.26,6.89,0.25,15.0,0.27,5.0,0.28,5.0,0.73,5.0,0.72,5.0,0.74,6.89,0.75,15.0,0.01,0.01,43.633127,1776244094000
1776244096.241,196.241,0.26,6.89,0.25,15.0,0.27,5.0,0.28,5.0,0.73,5.0,0.72,5.0,0.74,6.89,0.75,15.0,0.01,0.01,43.633127,1776244095000
1776244097.467,197.467,0.26,6.89,0.25,15.0,0.27,5.0,0.28,5.0,0.73,5.0,0.72,5.0,0.74,6.89,0.75,15.0,0.01,0.01,43.633127,1776244096000
1776244098.017,198.017,0.26,6.89,0.25,15.0,0.27,5.0,0.28,5.0,0.73,5.0,0.72,5.0,0.74,6.89,0.75,15.0,0.01,0.01,43.633399,1776244097000
1776244099.03,199.03,0.26,6.89,0.25,15.0,0.27,5.0,0.28,5.0,0.73,5.0,0.72,5.0,0.74,6.89,0.75,15.0,0.01,0.01,43.633408,1776244098000
1776244100.396,200.396,0.26,6.89,0.25,15.0,0.27,5.0,0.28,5.0,0.73,5.0,0.72,5.0,0.74,6.89,0.75,15.0,0.01,0.01,43.633147,1776244099000
1776244100.977,200.977,0.26,6.89,0.25,15.0,0.27,5.0,0.28,5.0,0.73,5.0,0.72,5.0,0.74,6.89,0.75,15.0,0.01,0.01,43.633147,1776244100000
1776244102.167,202.167,0.26,6.89,0.25,15.0,0.27,5.0,0.28,5.0,0.73,5.0,0.72,5.0,0.74,6.89,0.75,15.0,0.01,0.01,43.632832,1776244101000
1776244103.352,203.352,0.26,6.89,0.25,15.0,0.27,5.0,0.28,5.0,0.73,5.0,0.72,5.0,0.74,6.89,0.75,15.0,0.01,0.01,43.632832,1776244102000
1776244104.391,204.391,0.26,6.89,0.25,15.0,0.27,5.0,0.28,5.0,0.73,5.0,0.72,5.0,0.74,6.89,0.75,15.0,0.01,0.01,43.632707,1776244103000
1776244105.107,205.107,0.26,6.89,0.25,15.0,0.27,5.0,0.28,5.0,0.73,5.0,0.72,5.0,0.74,6.89,0.75,15.0,0.01,0.01,43.632707,1776244104000
1776244106.142,206.142,0.26,6.89,0.25,15.0,0.27,5.0,0.28,5.0,0.73,5.0,0.72,5.0,0.74,6.89,0.75,15.0,0.01,0.01,43.632707,1776244105000
1776244107.082,207.082,0.26,6.89,0.25,15.0,0.27,5.0,0.28,5.0,0.73,5.0,0.72,5.0,0.74,6.89,0.75,15.0,0.01,0.01,43.633661,1776244106000
1776244108.08,208.08,0.26,6.89,0.25,15.0,0.27,5.0,0.28,5.0,0.73,5.0,0.72,5.0,0.74,6.89,0.75,15.0,0.01,0.01,43.633868,1776244107000
1776244109.156,209.156,0.26,6.89,0.25,15.0,0.27,5.0,0.28,5.0,0.73,5.0,0.72,5.0,0.74,6.89,0.75,15.0,0.01,0.01,43.633868,1776244108000
1776244110.194,210.194,0.26,6.89,0.25,15.0,0.27,5.0,0.28,5.0,0.73,5.0,0.72,5.0,0.74,6.89,0.75,15.0,0.01,0.01,43.633868,1776244109000
1776244111.247,211.247,0.26,6.89,0.25,15.0,0.27,5.0,0.28,5.0,0.73,5.0,0.72,5.0,0.74,6.89,0.75,15.0,0.01,0.01,43.633596,1776244110000
1776244112.383,212.383,0.26,6.89,0.25,15.0,0.27,5.0,0.28,5.0,0.73,5.0,0.72,5.0,0.74,6.89,0.75,15.0,0.01,0.01,43.633456,1776244111000
1776244112.847,212.847,0.26,6.89,0.25,15.0,0.27,5.0,0.28,5.0,0.73,5.0,0.72,5.0,0.74,6.89,0.75,15.0,0.01,0.01,43.633456,1776244112000
1776244113.078,213.078,0.17,15.0,0.16,15.0,0.2,2.0,0.21,5.0,0.8,2.0,0.79,5.0,0.82,5.0,0.83,20.0,0.03,0.02,43.633456,1776244112000
1776244113.481,213.481,0.18,30.0,0.17,20.0,0.22,5.0,0.23,5.0,0.8,2.0,0.79,5.0,0.83,15.0,0.84,15.0,0.04,0.03,43.633456,1776244112000
1776244114.293,214.293,0.18,30.0,0.17,20.0,0.22,5.0,0.23,5.0,0.78,5.0,0.77,5.0,0.82,30.0,0.83,20.0,0.04,0.04,43.628192,1776244113000
1776244115.888,215.888,0.18,30.0,0.17,20.0,0.22,5.0,0.23,5.0,0.78,5.0,0.77,5.0,0.82,30.0,0.83,20.0,0.04,0.04,43.627935,1776244114000
1776244116.413,216.413,0.18,30.0,0.17,20.0,0.22,5.0,0.23,5.0,0.78,5.0,0.77,5.0,0.82,30.0,0.83,20.0,0.04,0.04,43.628816,1776244115000
1776244116.972,216.972,0.18,30.0,0.17,20.0,0.22,5.0,0.23,5.0,0.78,5.0,0.77,5.0,0.82,30.0,0.83,20.0,0.04,0.04,43.628815,1776244116000
1776244118.304,218.304,0.18,30.0,0.17,20.0,0.22,5.0,0.23,5.0,0.78,5.0,0.77,5.0,0.82,30.0,0.83,20.0,0.04,0.04,43.629141,1776244117000
1776244119.363,219.363,0.18,30.0,0.17,20.0,0.22,5.0,0.23,5.0,0.78,5.0,0.77,5.0,0.82,30.0,0.83,20.0,0.04,0.04,43.629308,1776244118000
1776244120.388,220.388,0.18,30.0,0.17,20.0,0.22,5.0,0.23,5.0,0.78,5.0,0.77,5.0,0.82,30.0,0.83,20.0,0.04,0.04,43.629619,1776244119000
1776244120.908,220.908,0.18,30.0,0.17,20.0,0.22,5.0,0.23,5.0,0.78,5.0,0.77,5.0,0.82,30.0,0.83,20.0,0.04,0.04,43.629569,1776244120000
1776244121.715,221.715,0.21,9.93,0.2,15.0,0.22,5.0,0.23,5.0,0.78,5.0,0.77,5.0,0.82,30.0,0.83,20.0,0.01,0.04,43.629569,1776244120000
1776244122.058,222.058,0.21,9.93,0.2,15.0,0.22,5.0,0.23,5.0,0.78,5.0,0.77,5.0,0.79,9.93,0.8,15.0,0.01,0.01,43.62971,1776244121000
1776244123.116,223.116,0.21,9.93,0.2,15.0,0.22,5.0,0.23,5.0,0.78,5.0,0.77,5.0,0.79,9.93,0.8,15.0,0.01,0.01,43.629555,1776244122000
1776244124.311,224.311,0.21,9.93,0.2,15.0,0.22,5.0,0.23,5.0,0.78,5.0,0.77,5.0,0.79,9.93,0.8,15.0,0.01,0.01,43.629685,1776244123000
1776244125.346,225.346,0.21,9.93,0.2,15.0,0.22,5.0,0.23,5.0,0.78,5.0,0.77,5.0,0.79,9.93,0.8,15.0,0.01,0.01,43.629685,1776244124000
1776244125.877,225.877,0.21,9.93,0.2,15.0,0.22,5.0,0.23,5.0,0.78,5.0,0.77,5.0,0.79,9.93,0.8,15.0,0.01,0.01,43.629747,1776244125000
1776244127.058,227.058,0.21,9.93,0.2,15.0,0.22,5.0,0.23,5.0,0.78,5.0,0.77,5.0,0.79,9.93,0.8,15.0,0.01,0.01,43.631922,1776244126000
1776244128.047,228.047,0.21,9.93,0.2,15.0,0.22,5.0,0.23,5.0,0.78,5.0,0.77,5.0,0.79,9.93,0.8,15.0,0.01,0.01,43.633599,1776244127000
1776244129.212,229.212,0.21,9.93,0.2,15.0,0.22,5.0,0.23,5.0,0.78,5.0,0.77,5.0,0.79,9.93,0.8,15.0,0.01,0.01,43.633672,1776244128000
1776244130.263,230.263,0.21,9.93,0.2,15.0,0.22,5.0,0.23,5.0,0.78,5.0,0.77,5.0,0.79,9.93,0.8,15.0,0.01,0.01,43.634657,1776244129000
1776244131.437,231.437,0.21,9.93,0.2,15.0,0.22,5.0,0.23,5.0,0.78,5.0,0.77,5.0,0.79,9.93,0.8,15.0,0.01,0.01,43.634281,1776244130000
1776244131.991,231.991,0.21,9.93,0.2,15.0,0.22,5.0,0.23,5.0,0.78,5.0,0.77,5.0,0.79,9.93,0.8,15.0,0.01,0.01,43.634281,1776244131000
1776244133.203,233.203,0.21,9.93,0.2,15.0,0.22,5.0,0.23,5.0,0.78,5.0,0.77,5.0,0.79,9.93,0.8,15.0,0.01,0.01,43.634262,1776244132000
1776244134.689,234.689,0.21,9.93,0.2,15.0,0.22,5.0,0.23,5.0,0.78,5.0,0.77,5.0,0.79,9.93,0.8,15.0,0.01,0.01,43.633957,1776244133000
1776244135.433,235.433,0.21,9.93,0.2,15.0,0.22,5.0,0.23,5.0,0.78,5.0,0.77,5.0,0.79,9.93,0.8,15.0,0.01,0.01,43.633957,1776244134000
1776244135.937,235.937,0.21,9.93,0.2,15.0,0.22,5.0,0.23,5.0,0.78,5.0,0.77,5.0,0.79,9.93,0.8,15.0,0.01,0.01,43.633957,1776244135000
1776244136.885,236.885,0.21,9.93,0.2,15.0,0.22,5.0,0.23,5.0,0.78,5.0,0.77,5.0,0.79,9.93,0.8,15.0,0.01,0.01,43.633957,1776244136000
1776244137.884,237.884,0.21,9.93,0.2,15.0,0.22,5.0,0.23,5.0,0.78,5.0,0.77,5.0,0.79,9.93,0.8,15.0,0.01,0.01,43.633972,1776244137000
1776244139.354,239.354,0.21,9.93,0.2,15.0,0.22,5.0,0.23,5.0,0.78,5.0,0.77,5.0,0.79,9.93,0.8,15.0,0.01,0.01,43.63403,1776244138000
1776244140.427,240.427,0.21,9.93,0.2,15.0,0.22,5.0,0.23,5.0,0.78,5.0,0.77,5.0,0.79,9.93,0.8,15.0,0.01,0.01,43.63403,1776244139000
1776244140.933,240.933,0.21,9.93,0.2,15.0,0.22,5.0,0.23,5.0,0.78,5.0,0.77,5.0,0.79,9.93,0.8,15.0,0.01,0.01,43.633075,1776244140000
1776244142.086,242.086,0.21,9.93,0.2,15.0,0.22,5.0,0.23,5.0,0.78,5.0,0.77,5.0,0.79,9.93,0.8,15.0,0.01,0.01,43.631093,1776244141000
1776244143.414,243.414,0.21,9.93,0.2,15.0,0.22,5.0,0.23,5.0,0.78,5.0,0.77,5.0,0.79,9.93,0.8,15.0,0.01,0.01,43.631225,1776244142000
1776244144.347,244.347,0.21,9.93,0.2,15.0,0.22,5.0,0.23,5.0,0.78,5.0,0.77,5.0,0.79,9.93,0.8,15.0,0.01,0.01,43.631967,1776244143000
1776244144.911,244.911,0.21,9.93,0.2,15.0,0.22,5.0,0.23,5.0,0.78,5.0,0.77,5.0,0.79,9.93,0.8,15.0,0.01,0.01,43.632634,1776244144000
1776244145.819,245.819,0.21,9.93,0.2,15.0,0.22,5.0,0.23,5.0,0.78,5.0,0.77,5.0,0.79,9.93,0.8,15.0,0.01,0.01,43.633303,1776244145000
1776244146.857,246.857,0.21,9.93,0.2,15.0,0.22,5.0,0.23,5.0,0.78,5.0,0.77,5.0,0.79,9.93,0.8,15.0,0.01,0.01,43.633303,1776244146000
1776244148.451,248.451,0.2,15.0,0.19,15.0,0.22,5.0,0.23,5.0,0.78,5.0,0.77,5.0,0.79,9.93,0.8,15.0,0.02,0.01,43.633303,1776244146000
1776244148.983,248.983,0.2,8.18,0.19,15.0,0.21,5.0,0.22,5.0,0.78,5.0,0.77,5.0,0.8,15.0,0.81,15.0,0.01,0.02,43.633569,1776244147000
1776244149.278,249.278,0.2,8.18,0.19,15.0,0.21,5.0,0.22,5.0,0.79,5.0,0.78,5.0,0.8,8.18,0.81,15.0,0.01,0.01,43.633587,1776244148000
1776244150.611,250.611,0.2,8.18,0.19,15.0,0.21,5.0,0.22,5.0,0.79,5.0,0.78,5.0,0.8,8.18,0.81,15.0,0.01,0.01,43.633086,1776244149000
1776244151.121,251.121,0.2,8.18,0.19,15.0,0.21,5.0,0.22,5.0,0.79,5.0,0.78,5.0,0.8,8.18,0.81,15.0,0.01,0.01,43.633086,1776244150000
1776244151.436,251.436,0.19,15.0,0.18,15.0,0.21,5.0,0.22,5.0,0.79,5.0,0.78,5.0,0.8,8.18,0.81,15.0,0.02,0.01,43.633086,1776244150000
1776244152.617,252.617,0.19,15.0,0.18,15.0,0.21,5.0,0.22,5.0,0.79,5.0,0.78,5.0,0.81,15.0,0.82,15.0,0.02,0.02,43.632825,1776244151000
1776244153.135,253.135,0.19,15.0,0.18,15.0,0.21,5.0,0.22,5.0,0.79,5.0,0.78,5.0,0.81,15.0,0.82,15.0,0.02,0.02,43.632769,1776244152000
1776244153.977,253.977,0.19,15.0,0.18,15.0,0.21,5.0,0.22,5.0,0.79,5.0,0.78,5.0,0.81,15.0,0.82,15.0,0.02,0.02,43.631722,1776244153000
1776244155.439,255.439,0.19,15.0,0.18,15.0,0.21,5.0,0.22,5.0,0.79,5.0,0.78,5.0,0.81,15.0,0.82,15.0,0.02,0.02,43.631722,1776244154000
1776244156.311,256.311,0.19,15.0,0.18,15.0,0.21,5.0,0.22,5.0,0.79,5.0,0.78,5.0,0.81,15.0,0.82,15.0,0.02,0.02,43.631626,1776244155000
1776244157.368,257.368,0.19,15.0,0.18,15.0,0.21,5.0,0.22,5.0,0.79,5.0,0.78,5.0,0.81,15.0,0.82,15.0,0.02,0.02,43.631626,1776244156000
1776244159.418,259.418,0.19,15.0,0.18,15.0,0.21,5.0,0.22,5.0,0.79,5.0,0.78,5.0,0.81,15.0,0.82,15.0,0.02,0.02,43.627909,1776244158000
1776244160.444,260.444,0.19,15.0,0.18,15.0,0.21,5.0,0.22,5.0,0.79,5.0,0.78,5.0,0.81,15.0,0.82,15.0,0.02,0.02,43.625035,1776244159000
1776244161.373,261.373,0.19,15.0,0.18,15.0,0.21,5.0,0.22,5.0,0.79,5.0,0.78,5.0,0.81,15.0,0.82,15.0,0.02,0.02,43.623801,1776244160000
1776244161.923,261.923,0.15,3.52,0.14,5.0,0.17,5.0,0.18,5.0,0.79,5.0,0.78,5.0,0.81,15.0,0.82,15.0,0.02,0.02,43.623801,1776244160000
1776244162.298,262.298,0.15,3.52,0.14,5.0,0.17,5.0,0.18,5.0,0.83,5.0,0.82,5.0,0.85,3.52,0.86,5.0,0.02,0.02,43.623788,1776244161000
1776244162.747,262.747,0.12,17.72,0.11,20.0,0.13,5.0,0.14,5.0,0.83,5.0,0.82,5.0,0.85,3.52,0.86,5.0,0.01,0.02,43.623788,1776244161000
1776244163.416,263.416,0.12,12.72,0.11,20.0,0.13,5.0,0.14,5.0,0.87,5.0,0.86,5.0,0.88,17.72,0.89,20.0,0.01,0.01,43.623788,1776244161000
1776244163.877,263.877,0.12,12.72,0.11,20.0,0.13,5.0,0.14,5.0,0.87,5.0,0.86,5.0,0.88,12.72,0.89,20.0,0.01,0.01,43.625059,1776244162000
1776244164.562,264.562,0.12,12.72,0.11,20.0,0.13,5.0,0.14,5.0,0.87,5.0,0.86,5.0,0.88,12.72,0.89,20.0,0.01,0.01,43.625251,1776244163000
1776244165.574,265.574,0.12,12.72,0.11,20.0,0.13,5.0,0.14,5.0,0.87,5.0,0.86,5.0,0.88,12.72,0.89,20.0,0.01,0.01,43.625506,1776244164000
1776244166.078,266.078,0.12,11.1,0.11,15.0,0.13,5.0,0.14,5.0,0.87,5.0,0.86,5.0,0.88,12.72,0.89,20.0,0.01,0.01,43.625506,1776244164000
1776244166.733,266.733,0.12,9.96,0.11,15.0,0.13,5.0,0.14,5.0,0.87,5.0,0.86,5.0,0.88,9.96,0.89,15.0,0.01,0.01,43.625506,1776244165000
1776244167.415,267.415,0.12,9.96,0.11,15.0,0.13,5.0,0.14,5.0,0.87,5.0,0.86,5.0,0.88,9.96,0.89,15.0,0.01,0.01,43.625506,1776244166000
1776244168.214,268.214,0.12,9.96,0.11,15.0,0.13,5.0,0.14,5.0,0.87,5.0,0.86,5.0,0.88,9.96,0.89,15.0,0.01,0.01,43.625506,1776244167000
1776244168.55,268.55,0.11,15.0,0.1,15.0,0.13,5.0,0.14,5.0,0.87,5.0,0.86,5.0,0.88,9.96,0.89,15.0,0.02,0.01,43.625506,1776244167000
1776244169.272,269.272,0.11,15.0,0.1,15.0,0.13,5.0,0.14,5.0,0.87,5.0,0.86,5.0,0.89,15.0,0.9,15.0,0.02,0.02,43.625506,1776244168000
1776244169.866,269.866,0.11,15.0,0.1,15.0,0.13,5.0,0.14,5.0,0.87,5.0,0.86,5.0,0.89,15.0,0.9,15.0,0.02,0.02,43.625447,1776244169000
1776244171.018,271.018,0.11,15.0,0.1,15.0,0.13,5.0,0.14,5.0,0.87,5.0,0.86,5.0,0.89,15.0,0.9,15.0,0.02,0.02,43.625447,1776244170000
1776244172.033,272.033,0.11,15.0,0.1,15.0,0.13,5.0,0.14,5.0,0.87,5.0,0.86,5.0,0.89,15.0,0.9,15.0,0.02,0.02,43.62645,1776244171000
1776244172.329,272.329,0.08,15.0,0.07,15.0,0.1,5.0,0.11,5.0,0.87,5.0,0.86,5.0,0.89,15.0,0.9,15.0,0.02,0.02,43.62645,1776244171000
1776244173.23,273.23,0.08,15.0,0.07,15.0,0.1,5.0,0.11,5.0,0.9,5.0,0.89,5.0,0.92,15.0,0.93,15.0,0.02,0.02,43.62645,1776244172000
1776244174.186,274.186,0.08,15.0,0.07,15.0,0.1,5.0,0.11,5.0,0.9,5.0,0.89,5.0,0.92,15.0,0.93,15.0,0.02,0.02,43.626864,1776244173000
1776244174.431,274.431,0.07,15.0,0.06,15.0,0.09,5.0,0.1,5.0,0.9,5.0,0.89,5.0,0.92,15.0,0.93,15.0,0.02,0.02,43.626864,1776244173000
1776244175.358,275.358,0.07,15.0,0.06,15.0,0.09,5.0,0.1,5.0,0.91,5.0,0.9,5.0,0.93,15.0,0.94,15.0,0.02,0.02,43.626864,1776244174000
1776244176.36,276.36,0.07,15.0,0.06,15.0,0.09,5.0,0.1,5.0,0.91,5.0,0.9,5.0,0.93,15.0,0.94,15.0,0.02,0.02,43.626864,1776244175000
1776244176.882,276.882,0.07,15.0,0.06,15.0,0.09,5.0,0.1,5.0,0.91,5.0,0.9,5.0,0.93,15.0,0.94,15.0,0.02,0.02,43.626696,1776244176000
1776244177.324,277.324,0.04,5.0,0.03,5.0,0.06,5.0,0.07,5.0,0.91,5.0,0.9,5.0,0.93,15.0,0.94,15.0,0.02,0.02,43.626696,1776244176000
1776244177.926,277.926,0.04,5.0,0.03,5.0,0.06,5.0,0.07,5.0,0.94,5.0,0.93,5.0,0.96,5.0,0.97,5.0,0.02,0.02,43.626559,1776244177000
1776244179.047,279.047,0.04,5.0,0.03,5.0,0.06,5.0,0.07,5.0,0.94,5.0,0.93,5.0,0.96,5.0,0.97,5.0,0.02,0.02,43.626559,1776244178000
1776244180.073,280.073,0.04,5.0,0.03,5.0,0.06,5.0,0.07,5.0,0.94,5.0,0.93,5.0,0.96,5.0,0.97,5.0,0.02,0.02,43.626559,1776244179000
1776244181.188,281.188,0.04,5.0,0.03,5.0,0.06,5.0,0.07,5.0,0.94,5.0,0.93,5.0,0.96,5.0,0.97,5.0,0.02,0.02,43.626446,1776244180000
1776244182.159,282.159,0.03,3.96,0.02,10.0,0.05,10.0,0.06,5.0,0.94,5.0,0.93,5.0,0.96,5.0,0.97,5.0,0.02,0.02,43.626446,1776244180000
1776244183.206,283.206,0.02,3.71,0.01,255.0,0.05,10.0,0.06,5.0,0.95,10.0,0.94,5.0,0.98,3.71,0.99,255.0,0.03,0.03,43.626273,1776244182000
1776244184.447,284.447,0.02,3.71,0.01,255.0,0.05,10.0,0.06,5.0,0.95,10.0,0.94,5.0,0.98,3.71,0.99,255.0,0.03,0.03,43.626278,1776244183000
1776244185.007,285.007,0.02,3.71,0.01,255.0,0.05,10.0,0.06,5.0,0.95,10.0,0.94,5.0,0.98,3.71,0.99,255.0,0.03,0.03,43.626278,1776244184000
1776244186.21,286.21,0.02,3.71,0.01,255.0,0.05,10.0,0.06,5.0,0.95,10.0,0.94,5.0,0.98,3.71,0.99,255.0,0.03,0.03,43.626405,1776244185000
1776244187.49,287.49,0.02,3.71,0.01,255.0,0.05,10.0,0.06,5.0,0.95,10.0,0.94,5.0,0.98,3.71,0.99,255.0,0.03,0.03,43.625903,1776244186000
1776244188.109,288.109,0.02,3.71,0.01,255.0,0.05,10.0,0.06,5.0,0.95,10.0,0.94,5.0,0.98,3.71,0.99,255.0,0.03,0.03,43.625066,1776244187000
1776244189.658,289.658,0.02,3.71,0.01,255.0,0.05,10.0,0.06,5.0,0.95,10.0,0.94,5.0,0.98,3.71,0.99,255.0,0.03,0.03,43.625233,1776244188000
1776244190.082,290.082,0.02,3.71,0.01,255.0,0.05,10.0,0.06,5.0,0.95,10.0,0.94,5.0,0.98,3.71,0.99,255.0,0.03,0.03,43.625196,1776244189000
1776244191.41,291.41,0.02,3.71,0.01,255.0,0.05,10.0,0.06,5.0,0.95,10.0,0.94,5.0,0.98,3.71,0.99,255.0,0.03,0.03,43.624457,1776244190000
1776244191.856,291.856,0.01,138.71,,,0.04,10.0,0.05,5.0,0.95,10.0,0.94,5.0,0.98,3.71,0.99,255.0,0.03,0.03,43.624457,1776244190000
1776244192.541,292.541,0.01,138.71,,,0.04,10.0,0.05,5.0,0.96,10.0,0.95,5.0,0.99,138.71,,,0.03,0.03,43.624457,1776244191000
1776244193.139,293.139,0.01,118.5,,,0.03,10.0,0.04,10.0,0.96,10.0,0.95,5.0,0.99,138.71,,,0.02,0.03,43.624457,1776244191000
1776244194.334,294.334,0.01,118.5,,,0.03,10.0,0.04,10.0,0.97,10.0,0.96,10.0,0.99,118.5,,,0.02,0.02,43.624484,1776244193000
1776244194.912,294.912,0.01,116.98,,,0.03,10.0,0.04,10.0,0.97,10.0,0.96,10.0,0.99,116.98,,,0.02,0.02,43.623945,1776244194000
1776244195.521,295.521,0.01,81.98,,,0.03,10.0,0.04,10.0,0.97,10.0,0.96,10.0,0.99,116.98,,,0.02,0.02,43.623945,1776244194000
1776244195.963,295.963,0.01,37.82,,,0.03,10.0,0.04,10.0,0.97,10.0,0.96,10.0,0.99,66.82,,,0.02,0.02,43.623945,1776244194000
1776244196.215,296.215,0.01,37.82,,,0.03,10.0,0.04,10.0,0.97,10.0,0.96,10.0,0.99,37.82,,,0.02,0.02,43.623063,1776244195000
1776244196.485,296.485,0.01,36.71,,,0.03,10.0,0.04,10.0,0.97,10.0,0.96,10.0,0.99,37.82,,,0.02,0.02,43.623063,1776244195000
1776244196.695,296.695,0.01,29.66,,,0.03,10.0,0.04,10.0,0.97,10.0,0.96,10.0,0.99,31.66,,,0.02,0.02,43.623063,1776244195000
1776244197.395,297.395,0.01,29.66,,,0.03,10.0,0.04,10.0,0.97,10.0,0.96,10.0,0.99,29.66,,,0.02,0.02,43.62276,1776244196000
1776244197.854,297.854,0.01,18.55,,,0.03,10.0,0.04,10.0,0.97,10.0,0.96,10.0,0.99,28.55,,,0.02,0.02,43.62276,1776244196000
1776244198.141,298.141,0.01,3.55,,,0.03,10.0,0.04,10.0,0.97,10.0,0.96,10.0,0.99,8.55,,,0.02,0.02,43.62276,1776244197000
1776244198.626,298.626,,,,,0.01,65.67,0.02,5.0,0.99,9.48,0.97,10.0,,,,,,,43.62276,1776244197000
1776244199.499,299.499,,,,,0.01,64.08,0.02,5.0,0.99,64.08,0.98,5.0,,,,,,,43.622094,1776244198000
1776244200.016,300.016,,,,,0.01,166.08,0.02,5.0,0.99,166.08,0.98,5.0,,,,,,,43.621931,1776244199000
1776244201.005,301.005,,,,,0.01,166.08,0.02,5.0,0.99,166.08,0.98,5.0,,,,,,,43.618079,1776244200000
1776244202.112,302.112,,,,,0.01,166.08,0.02,5.0,0.99,166.08,0.98,5.0,,,,,,,43.616906,1776244201000
