timestamp,elapsed_sec,up_bid_p1,up_bid_s1,up_bid_p2,up_bid_s2,up_ask_p1,up_ask_s1,up_ask_p2,up_ask_s2,down_bid_p1,down_bid_s1,down_bid_p2,down_bid_s2,down_ask_p1,down_ask_s1,down_ask_p2,down_ask_s2,up_spread,down_spread,hype_price,hype_oracle_ts
1776193501.486,1.486,,,,,,,,,,,,,,,,,,,43.5329,1776193500000
1776193501.779,1.779,0.41,12.0,0.3,6.34,0.54,8.14,0.64,13.0,0.46,8.14,0.36,13.0,0.59,12.0,0.7,6.34,0.13,0.13,43.5329,1776193500000
1776193501.997,1.997,0.41,12.0,0.3,6.34,0.54,8.14,0.64,13.0,0.46,8.14,0.36,13.0,0.59,12.0,0.7,6.34,0.13,0.13,43.5329,1776193501000
1776193502.256,2.256,0.41,12.0,0.3,6.34,0.54,8.14,0.64,13.0,0.46,8.14,0.36,13.0,0.59,12.0,0.7,6.34,0.13,0.13,43.5329,1776193501000
1776193503.101,3.101,0.41,12.0,0.3,6.34,0.54,8.14,0.64,13.0,0.46,8.14,0.36,13.0,0.59,12.0,0.7,6.34,0.13,0.13,43.5324,1776193502000
1776193504.309,4.309,0.41,12.0,0.3,6.34,0.54,8.14,0.64,13.0,0.46,8.14,0.36,13.0,0.59,12.0,0.7,6.34,0.13,0.13,43.5329,1776193503000
1776193505.291,5.291,0.41,12.0,0.3,6.34,0.54,8.14,0.64,13.0,0.46,8.14,0.36,13.0,0.59,12.0,0.7,6.34,0.13,0.13,43.5332,1776193504000
1776193505.886,5.886,0.41,12.0,0.3,6.34,0.54,8.14,0.64,13.0,0.46,8.14,0.36,13.0,0.59,12.0,0.7,6.34,0.13,0.13,43.53192,1776193505000
1776193507.506,7.506,0.41,12.0,0.3,6.34,0.54,8.14,0.64,13.0,0.46,8.14,0.36,13.0,0.59,12.0,0.7,6.34,0.13,0.13,43.5299,1776193506000
1776193508.481,8.481,0.41,12.0,0.3,6.34,0.54,8.14,0.64,13.0,0.46,8.14,0.36,13.0,0.59,12.0,0.7,6.34,0.13,0.13,43.5326,1776193507000
1776193509.567,9.567,0.41,12.0,0.3,6.34,0.54,8.14,0.64,13.0,0.46,8.14,0.36,13.0,0.59,12.0,0.7,6.34,0.13,0.13,43.528826,1776193508000
1776193510.283,10.283,0.41,12.0,0.3,6.34,0.54,8.14,0.64,13.0,0.46,8.14,0.36,13.0,0.59,12.0,0.7,6.34,0.13,0.13,43.528824,1776193509000
1776193511.349,11.349,0.41,12.0,0.3,6.34,0.54,8.14,0.64,13.0,0.46,8.14,0.36,13.0,0.59,12.0,0.7,6.34,0.13,0.13,43.528732,1776193510000
1776193511.95,11.95,0.41,12.0,0.3,6.34,0.54,8.14,0.64,13.0,0.46,8.14,0.36,13.0,0.59,12.0,0.7,6.34,0.13,0.13,43.528987,1776193511000
1776193512.985,12.985,0.41,12.0,0.3,6.34,0.54,8.14,0.64,13.0,0.46,8.14,0.36,13.0,0.59,12.0,0.7,6.34,0.13,0.13,43.529859,1776193512000
1776193514.227,14.227,0.41,12.0,0.3,6.34,0.54,8.14,0.64,13.0,0.46,8.14,0.36,13.0,0.59,12.0,0.7,6.34,0.13,0.13,43.535748,1776193513000
1776193515.538,15.538,0.41,12.0,0.3,6.34,0.54,8.14,0.64,13.0,0.46,8.14,0.36,13.0,0.59,12.0,0.7,6.34,0.13,0.13,43.5369,1776193514000
1776193516.153,16.153,0.41,12.0,0.3,6.34,0.54,8.14,0.64,13.0,0.46,8.14,0.36,13.0,0.59,12.0,0.7,6.34,0.13,0.13,43.5359,1776193515000
1776193517.762,17.762,0.41,12.0,0.3,6.34,0.54,8.14,0.64,13.0,0.46,8.14,0.36,13.0,0.59,12.0,0.7,6.34,0.13,0.13,43.5339,1776193516000
1776193518.502,18.502,0.41,12.0,0.3,6.34,0.54,8.14,0.64,13.0,0.46,8.14,0.36,13.0,0.59,12.0,0.7,6.34,0.13,0.13,43.5341,1776193517000
1776193519.143,19.143,0.41,12.0,0.3,6.34,0.54,8.14,0.64,13.0,0.46,8.14,0.36,13.0,0.59,12.0,0.7,6.34,0.13,0.13,43.5341,1776193518000
1776193520.598,20.598,0.41,12.0,0.3,6.34,0.54,8.14,0.64,13.0,0.46,8.14,0.36,13.0,0.59,12.0,0.7,6.34,0.13,0.13,43.538771,1776193519000
1776193521.273,21.273,0.41,12.0,0.3,6.34,0.54,8.14,0.64,13.0,0.46,8.14,0.36,13.0,0.59,12.0,0.7,6.34,0.13,0.13,43.544004,1776193520000
1776193522.531,22.531,0.41,12.0,0.3,6.34,0.54,8.14,0.64,13.0,0.46,8.14,0.36,13.0,0.59,12.0,0.7,6.34,0.13,0.13,43.546,1776193521000
1776193523.753,23.753,0.41,12.0,0.3,6.34,0.54,8.14,0.64,13.0,0.46,8.14,0.36,13.0,0.59,12.0,0.7,6.34,0.13,0.13,43.5464,1776193522000
1776193524.454,24.454,0.41,12.0,0.3,6.34,0.54,8.14,0.64,13.0,0.46,8.14,0.36,13.0,0.59,12.0,0.7,6.34,0.13,0.13,43.5479,1776193523000
1776193525.671,25.671,0.41,12.0,0.3,6.34,0.54,8.14,0.64,13.0,0.46,8.14,0.36,13.0,0.59,12.0,0.7,6.34,0.13,0.13,43.5455,1776193524000
1776193526.537,26.537,0.41,12.0,0.3,6.34,0.54,8.14,0.64,13.0,0.46,8.14,0.36,13.0,0.59,12.0,0.7,6.34,0.13,0.13,43.5425,1776193525000
1776193527.155,27.155,0.41,12.0,0.3,6.34,0.54,8.14,0.64,13.0,0.46,8.14,0.36,13.0,0.59,12.0,0.7,6.34,0.13,0.13,43.5425,1776193526000
1776193528.122,28.122,0.41,12.0,0.3,6.34,0.54,8.14,0.64,13.0,0.46,8.14,0.36,13.0,0.59,12.0,0.7,6.34,0.13,0.13,43.5367,1776193527000
1776193529.224,29.224,0.41,12.0,0.3,6.34,0.54,8.14,0.64,13.0,0.46,8.14,0.36,13.0,0.59,12.0,0.7,6.34,0.13,0.13,43.532972,1776193528000
1776193529.866,29.866,0.41,12.0,0.3,6.34,0.54,8.14,0.64,13.0,0.46,8.14,0.36,13.0,0.59,12.0,0.7,6.34,0.13,0.13,43.532972,1776193529000
1776193531.114,31.114,0.41,12.0,0.3,6.34,0.54,8.14,0.64,13.0,0.46,8.14,0.36,13.0,0.59,12.0,0.7,6.34,0.13,0.13,43.532908,1776193530000
1776193532.253,32.253,0.41,12.0,0.3,6.34,0.54,8.14,0.64,13.0,0.46,8.14,0.36,13.0,0.59,12.0,0.7,6.34,0.13,0.13,43.5361,1776193531000
1776193533.232,33.232,0.41,12.0,0.3,6.34,0.54,8.14,0.64,13.0,0.46,8.14,0.36,13.0,0.59,12.0,0.7,6.34,0.13,0.13,43.5361,1776193532000
1776193534.361,34.361,0.41,12.0,0.3,6.34,0.54,8.14,0.64,13.0,0.46,8.14,0.36,13.0,0.59,12.0,0.7,6.34,0.13,0.13,43.5353,1776193533000
1776193534.971,34.971,0.41,12.0,0.3,6.34,0.54,8.14,0.64,13.0,0.46,8.14,0.36,13.0,0.59,12.0,0.7,6.34,0.13,0.13,43.5353,1776193534000
1776193536.056,36.056,0.41,12.0,0.3,6.34,0.54,8.14,0.64,13.0,0.46,8.14,0.36,13.0,0.59,12.0,0.7,6.34,0.13,0.13,43.5383,1776193535000
1776193537.056,37.056,0.41,12.0,0.3,6.34,0.54,8.14,0.64,13.0,0.46,8.14,0.36,13.0,0.59,12.0,0.7,6.34,0.13,0.13,43.5375,1776193536000
1776193539.058,39.058,0.41,12.0,0.3,6.34,0.54,8.14,0.64,13.0,0.46,8.14,0.36,13.0,0.59,12.0,0.7,6.34,0.13,0.13,43.544505,1776193537000
1776193540.012,40.012,0.41,12.0,0.3,6.34,0.54,8.14,0.64,13.0,0.46,8.14,0.36,13.0,0.59,12.0,0.7,6.34,0.13,0.13,43.545027,1776193538000
1776193540.802,40.802,0.41,12.0,0.3,6.34,0.54,8.14,0.64,13.0,0.46,8.14,0.36,13.0,0.59,12.0,0.7,6.34,0.13,0.13,43.5464,1776193539000
1776193541.641,41.641,0.41,12.0,0.3,6.34,0.54,8.14,0.64,13.0,0.46,8.14,0.36,13.0,0.59,12.0,0.7,6.34,0.13,0.13,43.5466,1776193540000
1776193542.399,42.399,0.41,12.0,0.3,6.34,0.54,8.14,0.64,13.0,0.46,8.14,0.36,13.0,0.59,12.0,0.7,6.34,0.13,0.13,43.5466,1776193541000
1776193543.905,43.905,0.41,12.0,0.3,6.34,0.54,8.14,0.64,13.0,0.46,8.14,0.36,13.0,0.59,12.0,0.7,6.34,0.13,0.13,43.5473,1776193542000
1776193544.647,44.647,0.41,12.0,0.3,6.34,0.54,8.14,0.64,13.0,0.46,8.14,0.36,13.0,0.59,12.0,0.7,6.34,0.13,0.13,43.5468,1776193543000
1776193545.401,45.401,0.41,12.0,0.3,6.34,0.54,8.14,0.64,13.0,0.46,8.14,0.36,13.0,0.59,12.0,0.7,6.34,0.13,0.13,43.5464,1776193544000
1776193546.248,46.248,0.41,12.0,0.3,6.34,0.54,8.14,0.64,13.0,0.46,8.14,0.36,13.0,0.59,12.0,0.7,6.34,0.13,0.13,43.5464,1776193545000
1776193548.039,48.039,0.41,12.0,0.3,6.34,0.54,8.14,0.64,13.0,0.46,8.14,0.36,13.0,0.59,12.0,0.7,6.34,0.13,0.13,43.5452,1776193546000
1776193548.774,48.774,0.41,12.0,0.3,6.34,0.54,8.14,0.64,13.0,0.46,8.14,0.36,13.0,0.59,12.0,0.7,6.34,0.13,0.13,43.545061,1776193547000
1776193549.585,49.585,0.41,12.0,0.3,6.34,0.54,8.14,0.64,13.0,0.46,8.14,0.36,13.0,0.59,12.0,0.7,6.34,0.13,0.13,43.5452,1776193548000
1776193550.447,50.447,0.41,12.0,0.3,6.34,0.54,8.14,0.64,13.0,0.46,8.14,0.36,13.0,0.59,12.0,0.7,6.34,0.13,0.13,43.5471,1776193549000
1776193551.213,51.213,0.41,12.0,0.3,6.34,0.54,8.14,0.64,13.0,0.46,8.14,0.36,13.0,0.59,12.0,0.7,6.34,0.13,0.13,43.5471,1776193550000
1776193552.771,52.771,0.41,12.0,0.3,6.34,0.54,8.14,0.64,13.0,0.46,8.14,0.36,13.0,0.59,12.0,0.7,6.34,0.13,0.13,43.5467,1776193551000
1776193553.609,53.609,0.41,12.0,0.3,6.34,0.54,8.14,0.64,13.0,0.46,8.14,0.36,13.0,0.59,12.0,0.7,6.34,0.13,0.13,43.5477,1776193552000
1776193554.088,54.088,0.28,10.87,0.27,15.0,0.63,79.0,0.64,15.0,0.46,8.14,0.36,13.0,0.59,12.0,0.7,6.34,0.35,0.13,43.5477,1776193552000
1776193554.413,54.413,0.28,10.87,0.27,15.0,0.63,79.0,0.64,15.0,0.37,79.0,0.36,15.0,0.72,10.87,0.73,15.0,0.35,0.35,43.5477,1776193553000
1776193554.632,54.632,0.28,9.48,0.27,15.0,0.43,8.0,0.49,5.0,0.57,8.0,0.5,5.0,0.72,9.48,0.73,15.0,0.15,0.15,43.5477,1776193553000
1776193555.251,55.251,0.28,9.48,0.27,15.0,0.43,8.0,0.49,5.0,0.57,8.0,0.51,5.0,0.72,9.48,0.73,15.0,0.15,0.15,43.5468,1776193554000
1776193556.607,56.607,0.28,9.48,0.27,15.0,0.43,8.0,0.49,5.0,0.57,8.0,0.51,5.0,0.72,9.48,0.73,15.0,0.15,0.15,43.5162,1776193555000
1776193557.35,57.35,0.28,9.48,0.27,15.0,0.43,8.0,0.49,5.0,0.57,8.0,0.51,5.0,0.72,9.48,0.73,15.0,0.15,0.15,43.493016,1776193556000
1776193558.209,58.209,0.28,9.48,0.27,15.0,0.43,8.0,0.49,5.0,0.57,8.0,0.51,5.0,0.72,9.48,0.73,15.0,0.15,0.15,43.4861,1776193557000
1776193559.626,59.626,0.28,9.48,0.27,15.0,0.43,8.0,0.49,5.0,0.57,8.0,0.51,5.0,0.72,9.48,0.73,15.0,0.15,0.15,43.4849,1776193558000
1776193560.195,60.195,0.28,9.48,0.27,15.0,0.43,8.0,0.49,5.0,0.57,8.0,0.51,5.0,0.72,9.48,0.73,15.0,0.15,0.15,43.485929,1776193559000
1776193561.409,61.409,0.28,9.48,0.27,15.0,0.43,8.0,0.49,5.0,0.57,8.0,0.51,5.0,0.72,9.48,0.73,15.0,0.15,0.15,43.485683,1776193560000
1776193562.539,62.539,0.28,9.48,0.27,15.0,0.43,8.0,0.49,5.0,0.57,8.0,0.51,5.0,0.72,9.48,0.73,15.0,0.15,0.15,43.482189,1776193561000
1776193563.26,63.26,0.28,9.48,0.27,15.0,0.43,8.0,0.49,5.0,0.57,8.0,0.51,5.0,0.72,9.48,0.73,15.0,0.15,0.15,43.482189,1776193562000
1776193564.308,64.308,0.28,9.48,0.27,15.0,0.43,8.0,0.49,5.0,0.57,8.0,0.51,5.0,0.72,9.48,0.73,15.0,0.15,0.15,43.480514,1776193563000
1776193564.964,64.964,0.28,9.48,0.27,15.0,0.43,8.0,0.49,5.0,0.57,8.0,0.51,5.0,0.72,9.48,0.73,15.0,0.15,0.15,43.480366,1776193564000
1776193566.174,66.174,0.28,9.48,0.27,15.0,0.43,8.0,0.49,5.0,0.57,8.0,0.51,5.0,0.72,9.48,0.73,15.0,0.15,0.15,43.480645,1776193565000
1776193567.509,67.509,0.28,9.48,0.27,15.0,0.43,8.0,0.49,5.0,0.57,8.0,0.51,5.0,0.72,9.48,0.73,15.0,0.15,0.15,43.489757,1776193566000
1776193568.192,68.192,0.28,9.48,0.27,15.0,0.43,8.0,0.49,5.0,0.57,8.0,0.51,5.0,0.72,9.48,0.73,15.0,0.15,0.15,43.490777,1776193567000
1776193569.407,69.407,0.28,9.48,0.27,15.0,0.43,8.0,0.49,5.0,0.57,8.0,0.51,5.0,0.72,9.48,0.73,15.0,0.15,0.15,43.4975,1776193568000
1776193570.137,70.137,0.28,9.48,0.27,15.0,0.43,8.0,0.49,5.0,0.57,8.0,0.51,5.0,0.72,9.48,0.73,15.0,0.15,0.15,43.4975,1776193569000
1776193571.29,71.29,0.28,9.48,0.27,15.0,0.43,8.0,0.49,5.0,0.57,8.0,0.51,5.0,0.72,9.48,0.73,15.0,0.15,0.15,43.496435,1776193570000
1776193572.603,72.603,0.28,9.48,0.27,15.0,0.43,8.0,0.49,5.0,0.57,8.0,0.51,5.0,0.72,9.48,0.73,15.0,0.15,0.15,43.495603,1776193571000
1776193573.274,73.274,0.28,9.48,0.27,15.0,0.43,8.0,0.49,5.0,0.57,8.0,0.51,5.0,0.72,9.48,0.73,15.0,0.15,0.15,43.495111,1776193572000
1776193574.474,74.474,0.28,9.48,0.27,15.0,0.43,8.0,0.49,5.0,0.57,8.0,0.51,5.0,0.72,9.48,0.73,15.0,0.15,0.15,43.494396,1776193573000
1776193575.493,75.493,0.28,9.48,0.27,15.0,0.43,8.0,0.49,5.0,0.57,8.0,0.51,5.0,0.72,9.48,0.73,15.0,0.15,0.15,43.494707,1776193574000
1776193576.051,76.051,0.28,9.48,0.27,15.0,0.43,8.0,0.49,5.0,0.57,8.0,0.51,5.0,0.72,9.48,0.73,15.0,0.15,0.15,43.494164,1776193575000
1776193577.095,77.095,0.28,9.48,0.27,15.0,0.43,8.0,0.49,5.0,0.57,8.0,0.51,5.0,0.72,9.48,0.73,15.0,0.15,0.15,43.494425,1776193576000
1776193578.178,78.178,0.28,9.48,0.27,15.0,0.43,8.0,0.49,5.0,0.57,8.0,0.51,5.0,0.72,9.48,0.73,15.0,0.15,0.15,43.495623,1776193577000
1776193579.339,79.339,0.28,9.48,0.27,15.0,0.43,8.0,0.49,5.0,0.57,8.0,0.51,5.0,0.72,9.48,0.73,15.0,0.15,0.15,43.501106,1776193578000
1776193579.817,79.817,0.29,15.0,0.28,20.0,0.44,0.44,0.45,15.0,0.57,8.0,0.51,5.0,0.72,9.48,0.73,15.0,0.15,0.15,43.501106,1776193578000
1776193580.356,80.356,0.29,15.0,0.28,20.0,0.44,0.44,0.45,15.0,0.56,0.44,0.55,15.0,0.71,15.0,0.72,20.0,0.15,0.15,43.5045,1776193579000
1776193581.01,81.01,0.29,15.0,0.28,20.0,0.44,0.44,0.45,15.0,0.56,0.44,0.55,15.0,0.71,15.0,0.72,20.0,0.15,0.15,43.5045,1776193580000
1776193582.044,82.044,0.29,15.0,0.28,20.0,0.44,0.44,0.45,15.0,0.56,0.44,0.55,15.0,0.71,15.0,0.72,20.0,0.15,0.15,43.505,1776193581000
1776193583.12,83.12,0.29,15.0,0.28,20.0,0.44,0.44,0.45,15.0,0.56,0.44,0.55,15.0,0.71,15.0,0.72,20.0,0.15,0.15,43.5034,1776193582000
1776193584.202,84.202,0.29,15.0,0.28,20.0,0.44,0.44,0.45,15.0,0.56,0.44,0.55,15.0,0.71,15.0,0.72,20.0,0.15,0.15,43.5032,1776193583000
1776193585.221,85.221,0.29,15.0,0.28,20.0,0.44,0.44,0.45,15.0,0.56,0.44,0.55,15.0,0.71,15.0,0.72,20.0,0.15,0.15,43.5035,1776193584000
1776193586.454,86.454,0.29,15.0,0.28,20.0,0.44,0.44,0.45,15.0,0.56,0.44,0.55,15.0,0.71,15.0,0.72,20.0,0.15,0.15,43.504077,1776193585000
1776193586.951,86.951,0.29,15.0,0.28,20.0,0.44,0.44,0.45,15.0,0.56,0.44,0.55,15.0,0.71,15.0,0.72,20.0,0.15,0.15,43.5043,1776193586000
1776193588.019,88.019,0.29,15.0,0.28,20.0,0.44,0.44,0.45,15.0,0.56,0.44,0.55,15.0,0.71,15.0,0.72,20.0,0.15,0.15,43.510562,1776193587000
1776193589.568,89.568,0.29,15.0,0.28,20.0,0.44,0.44,0.45,15.0,0.56,0.44,0.55,15.0,0.71,15.0,0.72,20.0,0.15,0.15,43.5202,1776193588000
1776193590.196,90.196,0.29,15.0,0.28,20.0,0.44,0.44,0.45,15.0,0.56,0.44,0.55,15.0,0.71,15.0,0.72,20.0,0.15,0.15,43.522906,1776193589000
1776193591.387,91.387,0.29,15.0,0.28,20.0,0.44,0.44,0.45,15.0,0.56,0.44,0.55,15.0,0.71,15.0,0.72,20.0,0.15,0.15,43.5232,1776193590000
1776193592.033,92.033,0.29,15.0,0.28,20.0,0.44,0.44,0.45,15.0,0.56,0.44,0.55,15.0,0.71,15.0,0.72,20.0,0.15,0.15,43.525326,1776193591000
1776193593.207,93.207,0.29,15.0,0.28,20.0,0.44,0.44,0.45,15.0,0.56,0.44,0.55,15.0,0.71,15.0,0.72,20.0,0.15,0.15,43.5259,1776193592000
1776193594.242,94.242,0.29,15.0,0.28,20.0,0.44,0.44,0.45,15.0,0.56,0.44,0.55,15.0,0.71,15.0,0.72,20.0,0.15,0.15,43.5298,1776193593000
1776193595.338,95.338,0.29,15.0,0.28,20.0,0.44,0.44,0.45,15.0,0.56,0.44,0.55,15.0,0.71,15.0,0.72,20.0,0.15,0.15,43.5298,1776193594000
1776193596.131,96.131,0.29,15.0,0.28,20.0,0.44,0.44,0.45,15.0,0.56,0.44,0.55,15.0,0.71,15.0,0.72,20.0,0.15,0.15,43.5318,1776193595000
1776193597.258,97.258,0.29,15.0,0.28,20.0,0.44,0.44,0.45,15.0,0.56,0.44,0.55,15.0,0.71,15.0,0.72,20.0,0.15,0.15,43.532968,1776193596000
1776193598.422,98.422,0.29,15.0,0.28,20.0,0.44,0.44,0.45,15.0,0.56,0.44,0.55,15.0,0.71,15.0,0.72,20.0,0.15,0.15,43.540588,1776193597000
1776193599.049,99.049,0.29,15.0,0.28,20.0,0.44,0.44,0.45,15.0,0.56,0.44,0.55,15.0,0.71,15.0,0.72,20.0,0.15,0.15,43.540733,1776193598000
1776193600.266,100.266,0.29,15.0,0.28,20.0,0.44,0.44,0.45,15.0,0.56,0.44,0.55,15.0,0.71,15.0,0.72,20.0,0.15,0.15,43.5416,1776193599000
1776193601.478,101.478,0.29,15.0,0.28,20.0,0.44,0.44,0.45,15.0,0.56,0.44,0.55,15.0,0.71,15.0,0.72,20.0,0.15,0.15,43.544,1776193600000
1776193601.973,101.973,0.29,15.0,0.28,20.0,0.44,0.44,0.45,15.0,0.56,0.44,0.55,15.0,0.71,15.0,0.72,20.0,0.15,0.15,43.544068,1776193601000
1776193603.051,103.051,0.29,15.0,0.28,20.0,0.44,0.44,0.45,15.0,0.56,0.44,0.55,15.0,0.71,15.0,0.72,20.0,0.15,0.15,43.549,1776193602000
1776193604.727,104.727,0.29,15.0,0.28,20.0,0.44,0.44,0.45,15.0,0.56,0.44,0.55,15.0,0.71,15.0,0.72,20.0,0.15,0.15,43.5486,1776193603000
1776193605.238,105.238,0.29,15.0,0.28,20.0,0.44,0.44,0.45,15.0,0.56,0.44,0.55,15.0,0.71,15.0,0.72,20.0,0.15,0.15,43.5471,1776193604000
1776193606.34,106.34,0.29,15.0,0.28,20.0,0.44,0.44,0.45,15.0,0.56,0.44,0.55,15.0,0.71,15.0,0.72,20.0,0.15,0.15,43.5475,1776193605000
1776193607.31,107.31,0.29,15.0,0.28,20.0,0.44,0.44,0.45,15.0,0.56,0.44,0.55,15.0,0.71,15.0,0.72,20.0,0.15,0.15,43.5503,1776193606000
1776193607.949,107.949,0.29,15.0,0.28,20.0,0.44,0.44,0.45,15.0,0.56,0.44,0.55,15.0,0.71,15.0,0.72,20.0,0.15,0.15,43.5503,1776193607000
1776193608.927,108.927,0.29,15.0,0.28,20.0,0.44,0.44,0.45,15.0,0.56,0.44,0.55,15.0,0.71,15.0,0.72,20.0,0.15,0.15,43.5503,1776193608000
1776193609.854,109.854,0.29,15.0,0.28,20.0,0.44,0.44,0.45,15.0,0.56,0.44,0.55,15.0,0.71,15.0,0.72,20.0,0.15,0.15,43.5483,1776193609000
1776193611.468,111.468,0.29,15.0,0.28,20.0,0.44,0.44,0.45,15.0,0.56,0.44,0.55,15.0,0.71,15.0,0.72,20.0,0.15,0.15,43.5435,1776193610000
1776193612.218,112.218,0.29,15.0,0.28,20.0,0.44,0.44,0.45,15.0,0.56,0.44,0.55,15.0,0.71,15.0,0.72,20.0,0.15,0.15,43.544,1776193611000
1776193613.326,113.326,0.29,15.0,0.28,20.0,0.44,0.44,0.45,15.0,0.56,0.44,0.55,15.0,0.71,15.0,0.72,20.0,0.15,0.15,43.545692,1776193612000
1776193614.319,114.319,0.29,15.0,0.28,20.0,0.44,0.44,0.45,15.0,0.56,0.44,0.55,15.0,0.71,15.0,0.72,20.0,0.15,0.15,43.5459,1776193613000
1776193615.34,115.34,0.29,15.0,0.28,20.0,0.44,0.44,0.45,15.0,0.56,0.44,0.55,15.0,0.71,15.0,0.72,20.0,0.15,0.15,43.5459,1776193614000
1776193616.26,116.26,0.29,15.0,0.28,20.0,0.44,0.44,0.45,15.0,0.56,0.44,0.55,15.0,0.71,15.0,0.72,20.0,0.15,0.15,43.546051,1776193615000
1776193617.817,117.817,0.29,15.0,0.28,20.0,0.44,0.44,0.45,15.0,0.56,0.44,0.55,15.0,0.71,15.0,0.72,20.0,0.15,0.15,43.5451,1776193616000
1776193618.647,118.647,0.29,15.0,0.28,20.0,0.44,0.44,0.45,15.0,0.56,0.44,0.55,15.0,0.71,15.0,0.72,20.0,0.15,0.15,43.546,1776193617000
1776193619.463,119.463,0.29,15.0,0.28,20.0,0.44,0.44,0.45,15.0,0.56,0.44,0.55,15.0,0.71,15.0,0.72,20.0,0.15,0.15,43.546,1776193618000
1776193620.009,120.009,0.29,15.0,0.28,20.0,0.44,0.44,0.45,15.0,0.56,0.44,0.55,15.0,0.71,15.0,0.72,20.0,0.15,0.15,43.5454,1776193619000
1776193621.421,121.421,0.29,15.0,0.28,20.0,0.44,0.44,0.45,15.0,0.56,0.44,0.55,15.0,0.71,15.0,0.72,20.0,0.15,0.15,43.549603,1776193620000
1776193622.507,122.507,0.29,15.0,0.28,20.0,0.44,0.44,0.45,15.0,0.56,0.44,0.55,15.0,0.71,15.0,0.72,20.0,0.15,0.15,43.5485,1776193621000
1776193623.148,123.148,0.29,15.0,0.28,20.0,0.44,0.44,0.45,15.0,0.56,0.44,0.55,15.0,0.71,15.0,0.72,20.0,0.15,0.15,43.5485,1776193622000
1776193624.305,124.305,0.29,15.0,0.28,20.0,0.44,0.44,0.45,15.0,0.56,0.44,0.55,15.0,0.71,15.0,0.72,20.0,0.15,0.15,43.552507,1776193623000
1776193625.031,125.031,0.29,15.0,0.28,20.0,0.44,0.44,0.45,15.0,0.56,0.44,0.55,15.0,0.71,15.0,0.72,20.0,0.15,0.15,43.553161,1776193624000
1776193626.183,126.183,0.29,15.0,0.28,20.0,0.44,0.44,0.45,15.0,0.56,0.44,0.55,15.0,0.71,15.0,0.72,20.0,0.15,0.15,43.554735,1776193625000
1776193627.404,127.404,0.29,15.0,0.28,20.0,0.44,0.44,0.45,15.0,0.56,0.44,0.55,15.0,0.71,15.0,0.72,20.0,0.15,0.15,43.554513,1776193626000
1776193628.062,128.062,0.29,15.0,0.28,20.0,0.44,0.44,0.45,15.0,0.56,0.44,0.55,15.0,0.71,15.0,0.72,20.0,0.15,0.15,43.553825,1776193627000
1776193629.276,129.276,0.29,15.0,0.28,20.0,0.44,0.44,0.45,15.0,0.56,0.44,0.55,15.0,0.71,15.0,0.72,20.0,0.15,0.15,43.554594,1776193628000
1776193630.532,130.532,0.29,15.0,0.28,20.0,0.44,0.44,0.45,15.0,0.56,0.44,0.55,15.0,0.71,15.0,0.72,20.0,0.15,0.15,43.5527,1776193629000
1776193631.078,131.078,0.29,15.0,0.28,20.0,0.44,0.44,0.45,15.0,0.56,0.44,0.55,15.0,0.71,15.0,0.72,20.0,0.15,0.15,43.5527,1776193630000
1776193632.347,132.347,0.29,15.0,0.28,20.0,0.44,0.44,0.45,15.0,0.56,0.44,0.55,15.0,0.71,15.0,0.72,20.0,0.15,0.15,43.55352,1776193631000
1776193633.054,133.054,0.29,15.0,0.28,20.0,0.44,0.44,0.45,15.0,0.56,0.44,0.55,15.0,0.71,15.0,0.72,20.0,0.15,0.15,43.554262,1776193632000
1776193634.013,134.013,0.29,15.0,0.28,20.0,0.44,0.44,0.45,15.0,0.56,0.44,0.55,15.0,0.71,15.0,0.72,20.0,0.15,0.15,43.5541,1776193633000
1776193635.059,135.059,0.29,15.0,0.28,20.0,0.44,0.44,0.45,15.0,0.56,0.44,0.55,15.0,0.71,15.0,0.72,20.0,0.15,0.15,43.5527,1776193634000
1776193636.083,136.083,0.29,15.0,0.28,20.0,0.44,0.44,0.45,15.0,0.56,0.44,0.55,15.0,0.71,15.0,0.72,20.0,0.15,0.15,43.5527,1776193635000
1776193637.159,137.159,0.29,15.0,0.28,20.0,0.44,0.44,0.45,15.0,0.56,0.44,0.55,15.0,0.71,15.0,0.72,20.0,0.15,0.15,43.5487,1776193636000
1776193638.205,138.205,0.29,15.0,0.28,20.0,0.44,0.44,0.45,15.0,0.56,0.44,0.55,15.0,0.71,15.0,0.72,20.0,0.15,0.15,43.5487,1776193637000
1776193639.193,139.193,0.29,15.0,0.28,20.0,0.44,0.44,0.45,15.0,0.56,0.44,0.55,15.0,0.71,15.0,0.72,20.0,0.15,0.15,43.5479,1776193638000
1776193640.17,140.17,0.29,15.0,0.28,20.0,0.44,0.44,0.45,15.0,0.56,0.44,0.55,15.0,0.71,15.0,0.72,20.0,0.15,0.15,43.5479,1776193639000
1776193641.261,141.261,0.29,15.0,0.28,20.0,0.44,0.44,0.45,15.0,0.56,0.44,0.55,15.0,0.71,15.0,0.72,20.0,0.15,0.15,43.5472,1776193640000
1776193642.229,142.229,0.29,15.0,0.28,20.0,0.44,0.44,0.45,15.0,0.56,0.44,0.55,15.0,0.71,15.0,0.72,20.0,0.15,0.15,43.5476,1776193641000
1776193643.335,143.335,0.29,15.0,0.28,20.0,0.44,0.44,0.45,15.0,0.56,0.44,0.55,15.0,0.71,15.0,0.72,20.0,0.15,0.15,43.5477,1776193642000
1776193644.316,144.316,0.29,15.0,0.28,20.0,0.44,0.44,0.45,15.0,0.56,0.44,0.55,15.0,0.71,15.0,0.72,20.0,0.15,0.15,43.547,1776193643000
1776193645.438,145.438,0.29,15.0,0.28,20.0,0.44,0.44,0.45,15.0,0.56,0.44,0.55,15.0,0.71,15.0,0.72,20.0,0.15,0.15,43.5493,1776193644000
1776193646.342,146.342,0.29,15.0,0.28,20.0,0.44,0.44,0.45,15.0,0.56,0.44,0.55,15.0,0.71,15.0,0.72,20.0,0.15,0.15,43.5493,1776193645000
1776193647.316,147.316,0.29,15.0,0.28,20.0,0.44,0.44,0.45,15.0,0.56,0.44,0.55,15.0,0.71,15.0,0.72,20.0,0.15,0.15,43.5499,1776193646000
1776193648.472,148.472,0.29,15.0,0.28,20.0,0.44,0.44,0.45,15.0,0.56,0.44,0.55,15.0,0.71,15.0,0.72,20.0,0.15,0.15,43.5496,1776193647000
1776193648.969,148.969,0.29,15.0,0.28,20.0,0.44,0.44,0.45,15.0,0.56,0.44,0.55,15.0,0.71,15.0,0.72,20.0,0.15,0.15,43.5496,1776193648000
1776193650.317,150.317,0.29,15.0,0.28,20.0,0.44,0.44,0.45,15.0,0.56,0.44,0.55,15.0,0.71,15.0,0.72,20.0,0.15,0.15,43.5498,1776193649000
1776193651.541,151.541,0.29,15.0,0.28,20.0,0.44,0.44,0.45,15.0,0.56,0.44,0.55,15.0,0.71,15.0,0.72,20.0,0.15,0.15,43.535285,1776193650000
1776193652.202,152.202,0.29,15.0,0.28,20.0,0.44,0.44,0.45,15.0,0.56,0.44,0.55,15.0,0.71,15.0,0.72,20.0,0.15,0.15,43.533181,1776193651000
1776193653.403,153.403,0.29,15.0,0.28,20.0,0.44,0.44,0.45,15.0,0.56,0.44,0.55,15.0,0.71,15.0,0.72,20.0,0.15,0.15,43.5329,1776193652000
1776193653.994,153.994,0.29,15.0,0.28,20.0,0.44,0.44,0.45,15.0,0.56,0.44,0.55,15.0,0.71,15.0,0.72,20.0,0.15,0.15,43.5329,1776193653000
1776193655.239,155.239,0.29,15.0,0.28,20.0,0.44,0.44,0.45,15.0,0.56,0.44,0.55,15.0,0.71,15.0,0.72,20.0,0.15,0.15,43.53178,1776193654000
1776193656.498,156.498,0.29,15.0,0.28,20.0,0.44,0.44,0.45,15.0,0.56,0.44,0.55,15.0,0.71,15.0,0.72,20.0,0.15,0.15,43.531793,1776193655000
1776193657.103,157.103,0.29,15.0,0.28,20.0,0.44,0.44,0.45,15.0,0.56,0.44,0.55,15.0,0.71,15.0,0.72,20.0,0.15,0.15,43.531793,1776193656000
1776193658.29,158.29,0.29,15.0,0.28,20.0,0.44,0.44,0.45,15.0,0.56,0.44,0.55,15.0,0.71,15.0,0.72,20.0,0.15,0.15,43.5345,1776193657000
1776193659.57,159.57,0.29,15.0,0.28,20.0,0.44,0.44,0.45,15.0,0.56,0.44,0.55,15.0,0.71,15.0,0.72,20.0,0.15,0.15,43.5339,1776193658000
1776193660.112,160.112,0.29,15.0,0.28,20.0,0.44,0.44,0.45,15.0,0.56,0.44,0.55,15.0,0.71,15.0,0.72,20.0,0.15,0.15,43.5339,1776193659000
1776193661.016,161.016,0.58,4.76,0.5,10.69,0.65,15.0,0.66,15.0,0.56,0.44,0.55,15.0,0.71,15.0,0.72,20.0,0.07,0.15,43.5339,1776193659000
1776193661.504,161.504,0.58,4.76,0.5,10.69,0.65,15.0,0.66,15.0,0.35,15.0,0.34,15.0,0.42,4.76,0.5,10.69,0.07,0.07,43.536545,1776193660000
1776193662.069,162.069,0.58,4.76,0.5,10.69,0.65,15.0,0.66,15.0,0.35,15.0,0.34,15.0,0.42,4.76,0.5,10.69,0.07,0.07,43.536545,1776193661000
1776193663.036,163.036,0.58,4.76,0.5,10.69,0.65,15.0,0.66,15.0,0.35,15.0,0.34,15.0,0.42,4.76,0.5,10.69,0.07,0.07,43.5387,1776193662000
1776193663.34,163.34,0.63,7.0,0.5,10.69,0.81,1.33,0.82,15.0,0.19,11.33,0.18,15.0,0.5,10.69,0.51,15.0,0.18,0.31,43.5387,1776193662000
1776193664.096,164.096,0.63,7.0,0.5,10.69,0.81,1.33,0.82,15.0,0.19,1.33,0.18,15.0,0.37,7.0,0.5,10.69,0.18,0.18,43.5424,1776193663000
1776193665.239,165.239,0.63,7.0,0.5,10.69,0.81,1.33,0.82,15.0,0.19,1.33,0.18,15.0,0.37,7.0,0.5,10.69,0.18,0.18,43.560593,1776193664000
1776193666.368,166.368,0.63,7.0,0.5,10.69,0.81,1.33,0.82,15.0,0.19,1.33,0.18,15.0,0.37,7.0,0.5,10.69,0.18,0.18,43.581771,1776193665000
1776193666.602,166.602,0.9,4.0,0.82,27.0,0.92,11.77,0.93,15.0,0.08,11.77,0.07,15.0,0.18,6.0,0.44,15.0,0.02,0.1,43.581771,1776193665000
1776193666.888,166.888,0.82,21.0,0.56,15.0,0.92,11.77,0.93,15.0,0.08,11.77,0.07,15.0,0.18,21.0,0.44,15.0,0.1,0.1,43.589107,1776193666000
1776193667.994,167.994,0.82,21.0,0.56,15.0,0.92,11.77,0.93,15.0,0.08,11.77,0.07,15.0,0.18,21.0,0.44,15.0,0.1,0.1,43.600661,1776193667000
1776193668.568,168.568,0.87,10.0,0.81,6.0,0.92,11.77,0.93,15.0,0.08,11.77,0.07,15.0,0.18,21.0,0.44,15.0,0.05,0.1,43.600661,1776193667000
1776193669.188,169.188,0.87,10.0,0.81,6.0,0.92,11.77,0.93,15.0,0.08,11.77,0.07,15.0,0.13,10.0,0.19,6.0,0.05,0.05,43.615075,1776193668000
1776193670.246,170.246,0.87,10.0,0.81,6.0,0.92,11.77,0.93,15.0,0.08,11.77,0.07,15.0,0.13,10.0,0.19,6.0,0.05,0.05,43.63248,1776193669000
1776193671.375,171.375,0.87,10.0,0.81,6.0,0.92,11.77,0.93,15.0,0.08,11.77,0.07,15.0,0.13,10.0,0.19,6.0,0.05,0.05,43.631499,1776193670000
1776193672.054,172.054,0.88,10.0,0.82,6.0,0.93,10.0,0.94,15.0,0.07,10.0,0.06,15.0,0.12,10.0,0.18,6.0,0.05,0.05,43.631499,1776193671000
1776193673.135,173.135,0.88,10.0,0.82,6.0,0.93,10.0,0.94,15.0,0.07,10.0,0.06,15.0,0.12,10.0,0.18,6.0,0.05,0.05,43.643466,1776193672000
1776193674.23,174.23,0.88,10.0,0.82,6.0,0.93,10.0,0.94,15.0,0.07,10.0,0.06,15.0,0.12,10.0,0.18,6.0,0.05,0.05,43.643412,1776193673000
1776193675.397,175.397,0.88,10.0,0.82,6.0,0.93,10.0,0.94,15.0,0.07,10.0,0.06,15.0,0.12,10.0,0.18,6.0,0.05,0.05,43.643973,1776193674000
1776193676.418,176.418,0.88,10.0,0.82,6.0,0.93,10.0,0.94,15.0,0.07,10.0,0.06,15.0,0.12,10.0,0.18,6.0,0.05,0.05,43.648694,1776193675000
1776193678.008,178.008,0.88,10.0,0.82,6.0,0.93,10.0,0.94,15.0,0.07,10.0,0.06,15.0,0.12,10.0,0.18,6.0,0.05,0.05,43.6494,1776193676000
1776193678.906,178.906,0.88,10.0,0.82,6.0,0.93,10.0,0.94,15.0,0.07,10.0,0.06,15.0,0.12,10.0,0.18,6.0,0.05,0.05,43.656101,1776193677000
1776193679.787,179.787,0.88,10.0,0.82,6.0,0.93,10.0,0.94,15.0,0.07,10.0,0.06,15.0,0.12,10.0,0.18,6.0,0.05,0.05,43.663698,1776193678000
1776193680.687,180.687,0.88,10.0,0.82,6.0,0.93,10.0,0.94,15.0,0.07,10.0,0.06,15.0,0.12,10.0,0.18,6.0,0.05,0.05,43.6597,1776193679000
1776193681.631,181.631,0.88,10.0,0.82,6.0,0.93,10.0,0.94,15.0,0.07,10.0,0.06,15.0,0.12,10.0,0.18,6.0,0.05,0.05,43.656182,1776193680000
1776193682.438,182.438,0.88,10.0,0.82,6.0,0.93,10.0,0.94,15.0,0.07,10.0,0.06,15.0,0.12,10.0,0.18,6.0,0.05,0.05,43.650546,1776193681000
1776193684.11,184.11,0.88,10.0,0.82,6.0,0.93,10.0,0.94,15.0,0.07,10.0,0.06,15.0,0.12,10.0,0.18,6.0,0.05,0.05,43.6491,1776193682000
1776193685.026,185.026,0.88,10.0,0.82,6.0,0.93,10.0,0.94,15.0,0.07,10.0,0.06,15.0,0.12,10.0,0.18,6.0,0.05,0.05,43.645207,1776193683000
1776193686.44,186.44,0.88,10.0,0.82,6.0,0.93,10.0,0.94,15.0,0.07,10.0,0.06,15.0,0.12,10.0,0.18,6.0,0.05,0.05,43.637925,1776193684000
1776193687.25,187.25,0.88,10.0,0.82,6.0,0.93,10.0,0.94,15.0,0.07,10.0,0.06,15.0,0.12,10.0,0.18,6.0,0.05,0.05,43.620541,1776193686000
1776193689.051,189.051,0.88,10.0,0.82,6.0,0.93,10.0,0.94,15.0,0.07,10.0,0.06,15.0,0.12,10.0,0.18,6.0,0.05,0.05,43.609947,1776193687000
1776193689.666,189.666,0.88,10.0,0.82,6.0,0.93,10.0,0.94,15.0,0.07,10.0,0.06,15.0,0.12,10.0,0.18,6.0,0.05,0.05,43.6146,1776193688000
1776193690.312,190.312,0.88,10.0,0.82,6.0,0.93,10.0,0.94,15.0,0.07,10.0,0.06,15.0,0.12,10.0,0.18,6.0,0.05,0.05,43.6146,1776193689000
1776193692.014,192.014,0.88,10.0,0.82,6.0,0.93,10.0,0.94,15.0,0.07,10.0,0.06,15.0,0.12,10.0,0.18,6.0,0.05,0.05,43.618737,1776193690000
1776193692.735,192.735,0.88,10.0,0.82,6.0,0.93,10.0,0.94,15.0,0.07,10.0,0.06,15.0,0.12,10.0,0.18,6.0,0.05,0.05,43.619656,1776193691000
1776193693.434,193.434,0.88,10.0,0.82,6.0,0.93,10.0,0.94,15.0,0.07,10.0,0.06,15.0,0.12,10.0,0.18,6.0,0.05,0.05,43.6188,1776193692000
1776193694.825,194.825,0.88,10.0,0.82,6.0,0.93,10.0,0.94,15.0,0.07,10.0,0.06,15.0,0.12,10.0,0.18,6.0,0.05,0.05,43.6176,1776193693000
1776193695.574,195.574,0.88,10.0,0.82,6.0,0.93,10.0,0.94,15.0,0.07,10.0,0.06,15.0,0.12,10.0,0.18,6.0,0.05,0.05,43.614971,1776193694000
1776193696.463,196.463,0.88,10.0,0.82,6.0,0.93,10.0,0.94,15.0,0.07,10.0,0.06,15.0,0.12,10.0,0.18,6.0,0.05,0.05,43.614799,1776193695000
1776193697.116,197.116,0.88,10.0,0.82,6.0,0.93,10.0,0.94,15.0,0.07,10.0,0.06,15.0,0.12,10.0,0.18,6.0,0.05,0.05,43.614999,1776193696000
1776193699.089,199.089,0.88,10.0,0.82,6.0,0.93,10.0,0.94,15.0,0.07,10.0,0.06,15.0,0.12,10.0,0.18,6.0,0.05,0.05,43.603741,1776193697000
1776193700.078,200.078,0.88,10.0,0.82,6.0,0.93,10.0,0.94,15.0,0.07,10.0,0.06,15.0,0.12,10.0,0.18,6.0,0.05,0.05,43.614652,1776193698000
1776193700.919,200.919,0.88,10.0,0.82,6.0,0.93,10.0,0.94,15.0,0.07,10.0,0.06,15.0,0.12,10.0,0.18,6.0,0.05,0.05,43.627789,1776193699000
1776193701.699,201.699,0.88,10.0,0.82,6.0,0.93,10.0,0.94,15.0,0.07,10.0,0.06,15.0,0.12,10.0,0.18,6.0,0.05,0.05,43.633407,1776193700000
1776193702.507,202.507,0.89,10.0,0.86,15.0,0.95,12.89,0.96,15.0,0.05,12.89,0.04,15.0,0.11,10.0,0.14,15.0,0.06,0.06,43.639801,1776193701000
1776193703.223,203.223,0.89,10.0,0.86,15.0,0.95,12.89,0.96,15.0,0.05,12.89,0.04,15.0,0.11,10.0,0.14,15.0,0.06,0.06,43.641459,1776193702000
1776193704.305,204.305,0.88,10.0,0.87,15.0,0.93,13.92,0.94,15.0,0.05,12.89,0.04,15.0,0.11,10.0,0.14,15.0,0.05,0.06,43.641459,1776193702000
1776193704.984,204.984,0.88,10.0,0.87,15.0,0.93,13.92,0.94,15.0,0.07,13.92,0.06,15.0,0.12,10.0,0.13,15.0,0.05,0.05,43.636901,1776193703000
1776193705.714,205.714,0.88,10.0,0.87,15.0,0.93,13.92,0.94,15.0,0.07,13.92,0.06,15.0,0.12,10.0,0.13,15.0,0.05,0.05,43.6343,1776193704000
1776193706.509,206.509,0.88,10.0,0.87,15.0,0.93,13.92,0.94,15.0,0.07,13.92,0.06,15.0,0.12,10.0,0.13,15.0,0.05,0.05,43.631879,1776193705000
1776193707.248,207.248,0.88,10.0,0.87,15.0,0.93,13.92,0.94,15.0,0.07,13.92,0.06,15.0,0.12,10.0,0.13,15.0,0.05,0.05,43.632662,1776193706000
1776193708.795,208.795,0.88,10.0,0.87,15.0,0.93,13.92,0.94,15.0,0.07,13.92,0.06,15.0,0.12,10.0,0.13,15.0,0.05,0.05,43.626777,1776193707000
1776193709.683,209.683,0.88,10.0,0.87,15.0,0.93,13.92,0.94,15.0,0.07,13.92,0.06,15.0,0.12,10.0,0.13,15.0,0.05,0.05,43.626448,1776193708000
1776193710.411,210.411,0.88,10.0,0.87,15.0,0.93,13.92,0.94,15.0,0.07,13.92,0.06,15.0,0.12,10.0,0.13,15.0,0.05,0.05,43.630725,1776193709000
1776193710.638,210.638,0.88,10.0,0.86,15.0,0.93,4.9,0.94,15.0,0.07,9.95,0.06,15.0,0.12,10.0,0.14,15.0,0.05,0.05,43.630725,1776193709000
1776193711.025,211.025,0.88,10.0,0.86,15.0,0.93,4.9,0.94,15.0,0.07,4.9,0.06,15.0,0.12,10.0,0.14,15.0,0.05,0.05,43.630625,1776193710000
1776193712.665,212.665,0.88,10.0,0.86,15.0,0.93,4.9,0.94,15.0,0.07,4.9,0.06,15.0,0.12,10.0,0.14,15.0,0.05,0.05,43.623972,1776193711000
1776193713.34,213.34,0.86,10.0,0.81,6.0,0.89,12.75,0.9,15.0,0.11,12.75,0.1,15.0,0.14,10.0,0.19,6.0,0.03,0.03,43.6222,1776193712000
1776193713.548,213.548,0.86,10.0,0.81,6.0,0.88,12.72,0.89,12.75,0.11,12.75,0.1,15.0,0.14,10.0,0.19,6.0,0.02,0.03,43.6222,1776193712000
1776193714.131,214.131,0.86,10.0,0.81,6.0,0.88,12.72,0.89,12.75,0.12,12.72,0.11,12.75,0.14,10.0,0.19,6.0,0.02,0.02,43.6192,1776193713000
1776193715.548,215.548,0.86,10.0,0.81,6.0,0.88,12.72,0.89,12.75,0.12,12.72,0.11,12.75,0.14,10.0,0.19,6.0,0.02,0.02,43.606761,1776193714000
1776193716.305,216.305,0.86,10.0,0.81,6.0,0.88,12.72,0.89,12.75,0.12,12.72,0.11,12.75,0.14,10.0,0.19,6.0,0.02,0.02,43.603915,1776193715000
1776193717.919,217.919,0.86,10.0,0.81,6.0,0.88,12.72,0.89,12.75,0.12,12.72,0.11,12.75,0.14,10.0,0.19,6.0,0.02,0.02,43.598131,1776193716000
1776193718.962,218.962,0.86,10.0,0.81,6.0,0.88,12.72,0.89,12.75,0.12,12.72,0.11,12.75,0.14,10.0,0.19,6.0,0.02,0.02,43.594945,1776193718000
1776193720.299,220.299,0.86,10.0,0.81,6.0,0.88,12.72,0.89,12.75,0.12,12.72,0.11,12.75,0.14,10.0,0.19,6.0,0.02,0.02,43.591,1776193719000
1776193721.572,221.572,0.86,10.0,0.81,6.0,0.88,12.72,0.89,12.75,0.12,12.72,0.11,12.75,0.14,10.0,0.19,6.0,0.02,0.02,43.5901,1776193720000
1776193722.081,222.081,0.86,10.0,0.81,6.0,0.88,12.72,0.89,12.75,0.12,12.72,0.11,12.75,0.14,10.0,0.19,6.0,0.02,0.02,43.5901,1776193721000
1776193723.229,223.229,0.86,10.0,0.81,6.0,0.88,12.72,0.89,12.75,0.12,12.72,0.11,12.75,0.14,10.0,0.19,6.0,0.02,0.02,43.5898,1776193722000
1776193724.379,224.379,0.86,10.0,0.81,6.0,0.88,12.72,0.89,12.75,0.12,12.72,0.11,12.75,0.14,10.0,0.19,6.0,0.02,0.02,43.5906,1776193723000
1776193725.394,225.394,0.86,10.0,0.81,6.0,0.88,12.72,0.89,12.75,0.12,12.72,0.11,12.75,0.14,10.0,0.19,6.0,0.02,0.02,43.5906,1776193724000
1776193725.966,225.966,0.86,10.0,0.81,6.0,0.88,12.72,0.89,12.75,0.12,12.72,0.11,12.75,0.14,10.0,0.19,6.0,0.02,0.02,43.5906,1776193725000
1776193727.151,227.151,0.86,10.0,0.81,6.0,0.88,12.72,0.89,12.75,0.12,12.72,0.11,12.75,0.14,10.0,0.19,6.0,0.02,0.02,43.5902,1776193726000
1776193728.416,228.416,0.86,10.0,0.81,6.0,0.88,12.72,0.89,12.75,0.12,12.72,0.11,12.75,0.14,10.0,0.19,6.0,0.02,0.02,43.588048,1776193727000
1776193728.995,228.995,0.86,10.0,0.81,6.0,0.88,12.72,0.89,12.75,0.12,12.72,0.11,12.75,0.14,10.0,0.19,6.0,0.02,0.02,43.588,1776193728000
1776193730.228,230.228,0.86,10.0,0.81,6.0,0.88,12.72,0.89,12.75,0.12,12.72,0.11,12.75,0.14,10.0,0.19,6.0,0.02,0.02,43.5864,1776193729000
1776193731.362,231.362,0.86,10.0,0.81,6.0,0.88,12.72,0.89,12.75,0.12,12.72,0.11,12.75,0.14,10.0,0.19,6.0,0.02,0.02,43.5813,1776193730000
1776193732.049,232.049,0.86,10.0,0.81,6.0,0.88,12.72,0.89,12.75,0.12,12.72,0.11,12.75,0.14,10.0,0.19,6.0,0.02,0.02,43.5813,1776193731000
1776193733.128,233.128,0.86,10.0,0.81,6.0,0.88,12.72,0.89,12.75,0.12,12.72,0.11,12.75,0.14,10.0,0.19,6.0,0.02,0.02,43.5786,1776193732000
1776193734.129,234.129,0.86,10.0,0.81,6.0,0.88,12.72,0.89,12.75,0.12,12.72,0.11,12.75,0.14,10.0,0.19,6.0,0.02,0.02,43.5786,1776193733000
1776193735.219,235.219,0.86,10.0,0.81,6.0,0.88,12.72,0.89,12.75,0.12,12.72,0.11,12.75,0.14,10.0,0.19,6.0,0.02,0.02,43.5729,1776193734000
1776193736.996,236.996,0.86,10.0,0.81,6.0,0.88,12.72,0.89,12.75,0.12,12.72,0.11,12.75,0.14,10.0,0.19,6.0,0.02,0.02,43.5595,1776193736000
1776193738.194,238.194,0.86,10.0,0.81,6.0,0.88,12.72,0.89,12.75,0.12,12.72,0.11,12.75,0.14,10.0,0.19,6.0,0.02,0.02,43.5573,1776193737000
1776193739.222,239.222,0.86,10.0,0.81,6.0,0.88,12.72,0.89,12.75,0.12,12.72,0.11,12.75,0.14,10.0,0.19,6.0,0.02,0.02,43.556328,1776193738000
1776193740.81,240.81,0.86,10.0,0.81,6.0,0.88,12.72,0.89,12.75,0.12,12.72,0.11,12.75,0.14,10.0,0.19,6.0,0.02,0.02,43.56,1776193739000
1776193741.369,241.369,0.86,10.0,0.81,6.0,0.88,12.72,0.89,12.75,0.12,12.72,0.11,12.75,0.14,10.0,0.19,6.0,0.02,0.02,43.5601,1776193740000
1776193742.14,242.14,0.86,10.0,0.81,6.0,0.88,12.72,0.89,12.75,0.12,12.72,0.11,12.75,0.14,10.0,0.19,6.0,0.02,0.02,43.5583,1776193741000
1776193743.632,243.632,0.86,10.0,0.81,6.0,0.88,12.72,0.89,12.75,0.12,12.72,0.11,12.75,0.14,10.0,0.19,6.0,0.02,0.02,43.560506,1776193742000
1776193744.369,244.369,0.86,10.0,0.81,6.0,0.88,12.72,0.89,12.75,0.12,12.72,0.11,12.75,0.14,10.0,0.19,6.0,0.02,0.02,43.560988,1776193743000
1776193745.006,245.006,0.73,10.0,0.66,15.0,0.78,10.37,0.79,15.0,0.22,10.37,0.21,15.0,0.27,10.0,0.34,15.0,0.05,0.05,43.560988,1776193744000
1776193746.463,246.463,0.73,10.0,0.66,15.0,0.78,10.37,0.79,15.0,0.22,10.37,0.21,15.0,0.27,10.0,0.34,15.0,0.05,0.05,43.56075,1776193745000
1776193747.263,247.263,0.73,10.0,0.66,15.0,0.78,10.37,0.79,15.0,0.22,10.37,0.21,15.0,0.27,10.0,0.34,15.0,0.05,0.05,43.56075,1776193746000
1776193748.687,248.687,0.73,10.0,0.66,15.0,0.78,10.37,0.79,15.0,0.22,10.37,0.21,15.0,0.27,10.0,0.34,15.0,0.05,0.05,43.560409,1776193747000
1776193749.427,249.427,0.73,10.0,0.66,15.0,0.78,10.37,0.79,15.0,0.22,10.37,0.21,15.0,0.27,10.0,0.34,15.0,0.05,0.05,43.5604,1776193748000
1776193750.249,250.249,0.73,10.0,0.66,15.0,0.78,10.37,0.79,15.0,0.22,10.37,0.21,15.0,0.27,10.0,0.34,15.0,0.05,0.05,43.560371,1776193749000
1776193751.631,251.631,0.73,10.0,0.66,15.0,0.78,10.37,0.79,15.0,0.22,10.37,0.21,15.0,0.27,10.0,0.34,15.0,0.05,0.05,43.5591,1776193750000
1776193752.833,252.833,0.73,10.0,0.66,15.0,0.78,10.37,0.79,15.0,0.22,10.37,0.21,15.0,0.27,10.0,0.34,15.0,0.05,0.05,43.5597,1776193751000
1776193753.477,253.477,0.73,10.0,0.66,15.0,0.78,10.37,0.79,15.0,0.22,10.37,0.21,15.0,0.27,10.0,0.34,15.0,0.05,0.05,43.5598,1776193752000
1776193754.383,254.383,0.73,10.0,0.66,15.0,0.78,10.37,0.79,15.0,0.22,10.37,0.21,15.0,0.27,10.0,0.34,15.0,0.05,0.05,43.5605,1776193753000
1776193754.981,254.981,0.73,10.0,0.66,15.0,0.78,10.37,0.79,15.0,0.22,10.37,0.21,15.0,0.27,10.0,0.34,15.0,0.05,0.05,43.5605,1776193754000
1776193756.025,256.025,0.73,10.0,0.66,15.0,0.78,10.37,0.79,15.0,0.22,10.37,0.21,15.0,0.27,10.0,0.34,15.0,0.05,0.05,43.5603,1776193755000
1776193757.118,257.118,0.73,10.0,0.66,15.0,0.78,10.37,0.79,15.0,0.22,10.37,0.21,15.0,0.27,10.0,0.34,15.0,0.05,0.05,43.5595,1776193756000
1776193760.937,260.937,0.73,10.0,0.66,15.0,0.78,10.37,0.79,15.0,0.22,10.37,0.21,15.0,0.27,10.0,0.34,15.0,0.05,0.05,43.5591,1776193757000
1776193761.687,261.687,0.73,10.0,0.66,15.0,0.78,10.37,0.79,15.0,0.22,10.37,0.21,15.0,0.27,10.0,0.34,15.0,0.05,0.05,43.5575,1776193759000
1776193762.306,262.306,0.73,10.0,0.66,15.0,0.78,10.37,0.79,15.0,0.22,10.37,0.21,15.0,0.27,10.0,0.34,15.0,0.05,0.05,43.545891,1776193761000
1776193762.867,262.867,0.5,10.75,0.2,15.0,0.67,15.0,0.68,15.0,0.22,10.37,0.21,15.0,0.27,10.0,0.34,15.0,0.17,0.05,43.545891,1776193761000
1776193763.295,263.295,0.5,0.75,0.18,15.0,0.67,123.0,0.68,15.0,0.33,123.0,0.32,15.0,0.5,0.75,0.82,15.0,0.17,0.17,43.545013,1776193762000
1776193763.916,263.916,0.18,15.0,0.17,15.0,0.23,9.25,0.67,138.0,0.77,9.25,0.33,138.0,0.82,15.0,0.83,15.0,0.05,0.05,43.545143,1776193763000
1776193764.886,264.886,0.18,15.0,0.17,15.0,0.23,9.25,0.67,138.0,0.77,9.25,0.33,138.0,0.82,15.0,0.83,15.0,0.05,0.05,43.531337,1776193764000
1776193765.937,265.937,0.2,8.61,0.19,15.0,0.53,10.0,0.63,28.0,0.77,9.25,0.33,138.0,0.82,15.0,0.83,15.0,0.33,0.05,43.531337,1776193764000
1776193766.263,266.263,0.2,4.06,0.19,15.0,0.53,10.0,0.63,28.0,0.47,10.0,0.37,28.0,0.8,4.06,0.81,15.0,0.33,0.33,43.513471,1776193765000
1776193766.688,266.688,0.32,8.51,0.21,15.0,0.49,10.0,0.62,28.0,0.47,10.0,0.37,28.0,0.8,4.06,0.81,15.0,0.17,0.33,43.513471,1776193765000
1776193767.315,267.315,0.32,8.51,0.21,15.0,0.49,10.0,0.62,28.0,0.51,10.0,0.38,28.0,0.68,8.51,0.79,15.0,0.17,0.17,43.519929,1776193766000
1776193767.679,267.679,0.52,10.0,0.23,15.0,0.69,23.97,0.7,15.0,0.51,10.0,0.38,28.0,0.68,8.51,0.79,15.0,0.17,0.17,43.519929,1776193766000
1776193768.33,268.33,0.52,10.0,0.23,15.0,0.69,23.97,0.7,15.0,0.31,23.97,0.3,15.0,0.48,10.0,0.77,15.0,0.17,0.17,43.52036,1776193767000
1776193769.451,269.451,0.52,10.0,0.23,15.0,0.69,23.97,0.7,15.0,0.31,23.97,0.3,15.0,0.48,10.0,0.77,15.0,0.17,0.17,43.526193,1776193768000
1776193770.028,270.028,0.52,10.0,0.23,15.0,0.69,23.97,0.7,15.0,0.31,23.97,0.3,15.0,0.48,10.0,0.77,15.0,0.17,0.17,43.531766,1776193769000
1776193770.487,270.487,0.27,14.85,0.26,15.0,0.66,15.0,0.67,15.0,0.31,23.97,0.3,15.0,0.48,10.0,0.77,15.0,0.39,0.17,43.531766,1776193769000
1776193771.079,271.079,0.41,4.95,0.27,9.8,0.58,10.0,0.66,15.0,0.42,10.0,0.34,15.0,0.59,4.95,0.73,9.8,0.17,0.17,43.533295,1776193770000
1776193772.155,272.155,0.41,4.95,0.27,9.8,0.58,10.0,0.66,15.0,0.42,10.0,0.34,15.0,0.59,4.95,0.73,9.8,0.17,0.17,43.533744,1776193771000
1776193773.199,273.199,0.41,4.95,0.27,9.8,0.58,10.0,0.66,15.0,0.42,10.0,0.34,15.0,0.59,4.95,0.73,9.8,0.17,0.17,43.5331,1776193772000
1776193774.253,274.253,0.41,4.95,0.27,9.8,0.58,10.0,0.66,15.0,0.42,10.0,0.34,15.0,0.59,4.95,0.73,9.8,0.17,0.17,43.534332,1776193773000
1776193775.324,275.324,0.41,4.95,0.27,9.8,0.58,10.0,0.66,15.0,0.42,10.0,0.34,15.0,0.59,4.95,0.73,9.8,0.17,0.17,43.5339,1776193774000
1776193776.349,276.349,0.41,4.95,0.27,9.8,0.58,10.0,0.66,15.0,0.42,10.0,0.34,15.0,0.59,4.95,0.73,9.8,0.17,0.17,43.5311,1776193775000
1776193777.416,277.416,0.41,4.95,0.27,9.8,0.58,10.0,0.66,15.0,0.42,10.0,0.34,15.0,0.59,4.95,0.73,9.8,0.17,0.17,43.5312,1776193776000
1776193777.957,277.957,0.41,4.95,0.27,9.8,0.58,10.0,0.66,15.0,0.42,10.0,0.34,15.0,0.59,4.95,0.73,9.8,0.17,0.17,43.5328,1776193777000
1776193779.064,279.064,0.41,4.95,0.27,9.8,0.58,10.0,0.66,15.0,0.42,10.0,0.34,15.0,0.59,4.95,0.73,9.8,0.17,0.17,43.533069,1776193778000
1776193780.472,280.472,0.41,4.95,0.27,9.8,0.58,10.0,0.66,15.0,0.42,10.0,0.34,15.0,0.59,4.95,0.73,9.8,0.17,0.17,43.535753,1776193779000
1776193780.974,280.974,0.57,10.0,0.14,35.0,0.74,3.25,0.87,38.0,0.26,3.25,0.13,38.0,0.43,10.0,0.86,35.0,0.17,0.17,43.535809,1776193780000
1776193782.248,282.248,0.57,10.0,0.14,35.0,0.74,3.25,0.87,38.0,0.26,3.25,0.13,38.0,0.43,10.0,0.86,35.0,0.17,0.17,43.537282,1776193781000
1776193783.637,283.637,0.57,10.0,0.14,35.0,0.74,3.25,0.87,38.0,0.26,3.25,0.13,38.0,0.43,10.0,0.86,35.0,0.17,0.17,43.536885,1776193782000
1776193784.158,284.158,0.57,10.0,0.14,35.0,0.74,3.25,0.87,38.0,0.26,3.25,0.13,38.0,0.43,10.0,0.86,35.0,0.17,0.17,43.537055,1776193783000
1776193785.268,285.268,0.57,10.0,0.14,35.0,0.74,3.25,0.87,38.0,0.26,3.25,0.13,38.0,0.43,10.0,0.86,35.0,0.17,0.17,43.536568,1776193784000
1776193786.346,286.346,0.57,10.0,0.14,35.0,0.74,3.25,0.87,38.0,0.26,3.25,0.13,38.0,0.43,10.0,0.86,35.0,0.17,0.17,43.536353,1776193785000
1776193786.965,286.965,0.57,10.0,0.14,35.0,0.74,3.25,0.87,38.0,0.26,3.25,0.13,38.0,0.43,10.0,0.86,35.0,0.17,0.17,43.536353,1776193786000
1776193787.711,287.711,0.16,6.46,0.05,100.0,0.33,10.0,0.92,74.0,0.26,3.25,0.13,38.0,0.43,10.0,0.86,35.0,0.17,0.17,43.536353,1776193786000
1776193788.298,288.298,0.16,6.46,0.05,100.0,0.33,10.0,0.92,74.0,0.67,10.0,0.08,74.0,0.84,6.46,0.95,100.0,0.17,0.17,43.535922,1776193787000
1776193789.378,289.378,0.16,6.46,0.05,100.0,0.33,10.0,0.92,74.0,0.67,10.0,0.08,74.0,0.84,6.46,0.95,100.0,0.17,0.17,43.5304,1776193788000
1776193790.17,290.17,0.16,6.46,0.05,100.0,0.33,10.0,0.92,74.0,0.67,10.0,0.08,74.0,0.84,6.46,0.95,100.0,0.17,0.17,43.5304,1776193789000
1776193791.103,291.103,0.16,6.46,0.05,100.0,0.33,10.0,0.92,74.0,0.67,10.0,0.08,74.0,0.84,6.46,0.95,100.0,0.17,0.17,43.5223,1776193790000
1776193792.342,292.342,0.16,6.46,0.05,100.0,0.33,10.0,0.92,74.0,0.67,10.0,0.08,74.0,0.84,6.46,0.95,100.0,0.17,0.17,43.518361,1776193791000
1776193793.61,293.61,0.16,6.46,0.05,100.0,0.33,10.0,0.92,74.0,0.67,10.0,0.08,74.0,0.84,6.46,0.95,100.0,0.17,0.17,43.517509,1776193792000
1776193794.179,294.179,0.16,6.46,0.05,100.0,0.33,10.0,0.92,74.0,0.67,10.0,0.08,74.0,0.84,6.46,0.95,100.0,0.17,0.17,43.517509,1776193793000
1776193794.991,294.991,0.1,50.0,0.05,20.0,0.16,3.34,0.7,6.66,0.67,10.0,0.08,74.0,0.84,6.46,0.95,100.0,0.06,0.17,43.517509,1776193793000
1776193795.336,295.336,0.11,10.0,0.1,50.0,0.7,5.0,0.85,100.0,0.84,3.34,0.3,6.66,0.9,50.0,0.95,20.0,0.59,0.06,43.517509,1776193793000
1776193795.945,295.945,0.11,10.0,0.1,50.0,0.7,5.0,0.85,100.0,0.3,5.0,0.15,100.0,0.89,10.0,0.9,50.0,0.59,0.59,43.517467,1776193794000
1776193796.546,296.546,0.11,10.0,0.1,50.0,0.7,5.0,0.85,100.0,0.3,5.0,0.15,100.0,0.89,10.0,0.9,50.0,0.59,0.59,43.517718,1776193795000
1776193797.134,297.134,0.11,10.0,0.1,50.0,0.7,5.0,0.85,100.0,0.3,5.0,0.15,100.0,0.89,10.0,0.9,50.0,0.59,0.59,43.517718,1776193796000
1776193797.525,297.525,0.1,22.33,0.06,16.66,0.23,10.0,0.7,5.0,0.77,10.0,0.3,5.0,0.9,33.33,0.94,16.66,0.13,0.13,43.517718,1776193796000
1776193798.007,298.007,0.1,16.33,0.06,16.66,0.23,10.0,0.7,5.0,0.77,10.0,0.3,5.0,0.9,22.33,0.94,16.66,0.13,0.13,43.517718,1776193796000
1776193798.419,298.419,0.1,11.33,0.05,20.0,0.19,10.0,0.69,12.94,0.77,10.0,0.3,5.0,0.9,16.33,0.94,16.66,0.09,0.13,43.5222,1776193797000
1776193799.339,299.339,0.1,6.33,0.05,20.0,0.19,12.0,0.23,20.0,0.81,10.0,0.31,12.94,0.9,11.33,0.95,20.0,0.09,0.09,43.5222,1776193797000
1776193799.848,299.848,0.05,18.78,0.04,125.0,0.15,10.0,0.19,12.0,0.85,10.0,0.81,12.0,0.95,18.78,0.96,125.0,0.1,0.1,43.5219,1776193799000
1776193800.134,300.134,0.04,124.41,0.02,5.0,0.11,10.0,0.23,25.0,0.89,10.0,0.85,12.0,0.95,9.41,0.96,125.0,0.07,0.06,43.5219,1776193799000
1776193800.39,300.39,0.04,66.41,0.02,5.0,0.11,10.0,0.23,25.0,0.89,10.0,0.77,25.0,0.96,81.41,0.98,5.0,0.07,0.07,43.5219,1776193799000
1776193801.052,301.052,0.04,66.41,0.02,5.0,0.11,10.0,0.23,25.0,0.89,10.0,0.77,25.0,0.96,66.41,0.98,5.0,0.07,0.07,43.5217,1776193800000

# RESULT,winner=Down,slug=hype-updown-5m-1776193500,ticks=320
