timestamp,elapsed_sec,up_bid_p1,up_bid_s1,up_bid_p2,up_bid_s2,up_ask_p1,up_ask_s1,up_ask_p2,up_ask_s2,down_bid_p1,down_bid_s1,down_bid_p2,down_bid_s2,down_ask_p1,down_ask_s1,down_ask_p2,down_ask_s2,up_spread,down_spread,hype_price,hype_oracle_ts
1776225311.627,11.627,0.51,10.0,0.47,5.0,0.68,10.0,0.71,5.0,0.32,10.0,0.29,5.0,0.49,10.0,0.53,5.0,0.17,0.17,43.976542,1776225310000
1776225311.922,11.922,0.51,10.0,0.47,5.0,0.68,10.0,0.71,5.0,0.32,10.0,0.29,5.0,0.49,10.0,0.53,5.0,0.17,0.17,43.976542,1776225310000
1776225313.211,13.211,0.51,10.0,0.47,5.0,0.68,10.0,0.71,5.0,0.32,10.0,0.29,5.0,0.49,10.0,0.53,5.0,0.17,0.17,43.977599,1776225312000
1776225314.301,14.301,0.51,10.0,0.47,5.0,0.68,10.0,0.71,5.0,0.32,10.0,0.29,5.0,0.49,10.0,0.53,5.0,0.17,0.17,43.977599,1776225313000
1776225315.095,15.095,0.51,10.0,0.47,5.0,0.68,10.0,0.71,5.0,0.32,10.0,0.29,5.0,0.49,10.0,0.53,5.0,0.17,0.17,43.977599,1776225314000
1776225316.536,16.536,0.51,10.0,0.47,5.0,0.68,10.0,0.71,5.0,0.32,10.0,0.29,5.0,0.49,10.0,0.53,5.0,0.17,0.17,43.978766,1776225315000
1776225317.128,17.128,0.51,10.0,0.47,5.0,0.68,10.0,0.71,5.0,0.32,10.0,0.29,5.0,0.49,10.0,0.53,5.0,0.17,0.17,43.977974,1776225316000
1776225318.359,18.359,0.51,10.0,0.47,5.0,0.68,10.0,0.71,5.0,0.32,10.0,0.29,5.0,0.49,10.0,0.53,5.0,0.17,0.17,43.979203,1776225317000
1776225319.128,19.128,0.51,10.0,0.47,5.0,0.68,10.0,0.71,5.0,0.32,10.0,0.29,5.0,0.49,10.0,0.53,5.0,0.17,0.17,43.979062,1776225318000
1776225320.191,20.191,0.51,10.0,0.47,5.0,0.68,10.0,0.71,5.0,0.32,10.0,0.29,5.0,0.49,10.0,0.53,5.0,0.17,0.17,43.97908,1776225319000
1776225321.4,21.4,0.51,10.0,0.47,5.0,0.68,10.0,0.71,5.0,0.32,10.0,0.29,5.0,0.49,10.0,0.53,5.0,0.17,0.17,43.979246,1776225320000
1776225322.043,22.043,0.51,10.0,0.47,5.0,0.68,10.0,0.71,5.0,0.32,10.0,0.29,5.0,0.49,10.0,0.53,5.0,0.17,0.17,43.979176,1776225321000
1776225323.519,23.519,0.51,10.0,0.47,5.0,0.68,10.0,0.71,5.0,0.32,10.0,0.29,5.0,0.49,10.0,0.53,5.0,0.17,0.17,43.979034,1776225322000
1776225324.034,24.034,0.51,10.0,0.47,5.0,0.68,10.0,0.71,5.0,0.32,10.0,0.29,5.0,0.49,10.0,0.53,5.0,0.17,0.17,43.979034,1776225323000
1776225325.216,25.216,0.51,10.0,0.47,5.0,0.68,10.0,0.71,5.0,0.32,10.0,0.29,5.0,0.49,10.0,0.53,5.0,0.17,0.17,43.978768,1776225324000
1776225326.46,26.46,0.51,10.0,0.47,5.0,0.68,10.0,0.71,5.0,0.32,10.0,0.29,5.0,0.49,10.0,0.53,5.0,0.17,0.17,43.978981,1776225325000
1776225327.196,27.196,0.51,10.0,0.47,5.0,0.68,10.0,0.71,5.0,0.32,10.0,0.29,5.0,0.49,10.0,0.53,5.0,0.17,0.17,43.978981,1776225326000
1776225328.186,28.186,0.51,10.0,0.47,5.0,0.68,10.0,0.71,5.0,0.32,10.0,0.29,5.0,0.49,10.0,0.53,5.0,0.17,0.17,43.979287,1776225327000
1776225329.278,29.278,0.51,10.0,0.47,5.0,0.68,10.0,0.71,5.0,0.32,10.0,0.29,5.0,0.49,10.0,0.53,5.0,0.17,0.17,43.979058,1776225328000
1776225330.244,30.244,0.51,10.0,0.47,5.0,0.68,10.0,0.71,5.0,0.32,10.0,0.29,5.0,0.49,10.0,0.53,5.0,0.17,0.17,43.978932,1776225329000
1776225331.342,31.342,0.51,10.0,0.47,5.0,0.68,10.0,0.71,5.0,0.32,10.0,0.29,5.0,0.49,10.0,0.53,5.0,0.17,0.17,43.984098,1776225330000
1776225331.935,31.935,0.51,10.0,0.47,5.0,0.68,10.0,0.71,5.0,0.32,10.0,0.29,5.0,0.49,10.0,0.53,5.0,0.17,0.17,43.985356,1776225331000
1776225333.181,33.181,0.51,10.0,0.47,5.0,0.68,10.0,0.71,5.0,0.32,10.0,0.29,5.0,0.49,10.0,0.53,5.0,0.17,0.17,43.985996,1776225332000
1776225334.466,34.466,0.51,10.0,0.47,5.0,0.68,10.0,0.71,5.0,0.32,10.0,0.29,5.0,0.49,10.0,0.53,5.0,0.17,0.17,43.993512,1776225333000
1776225334.934,34.934,0.51,10.0,0.47,5.0,0.68,10.0,0.71,5.0,0.32,10.0,0.29,5.0,0.49,10.0,0.53,5.0,0.17,0.17,43.993546,1776225334000
1776225336.017,36.017,0.51,10.0,0.47,5.0,0.68,10.0,0.71,5.0,0.32,10.0,0.29,5.0,0.49,10.0,0.53,5.0,0.17,0.17,43.99429,1776225335000
1776225337.19,37.19,0.51,10.0,0.47,5.0,0.68,10.0,0.71,5.0,0.32,10.0,0.29,5.0,0.49,10.0,0.53,5.0,0.17,0.17,43.994679,1776225336000
1776225338.312,38.312,0.51,10.0,0.47,5.0,0.68,10.0,0.71,5.0,0.32,10.0,0.29,5.0,0.49,10.0,0.53,5.0,0.17,0.17,43.994681,1776225337000
1776225339.376,39.376,0.51,10.0,0.47,5.0,0.68,10.0,0.71,5.0,0.32,10.0,0.29,5.0,0.49,10.0,0.53,5.0,0.17,0.17,43.994897,1776225338000
1776225339.836,39.836,0.51,10.0,0.47,5.0,0.68,10.0,0.71,5.0,0.32,10.0,0.29,5.0,0.49,10.0,0.53,5.0,0.17,0.17,43.994917,1776225339000
1776225340.937,40.937,0.51,10.0,0.47,5.0,0.68,10.0,0.71,5.0,0.32,10.0,0.29,5.0,0.49,10.0,0.53,5.0,0.17,0.17,43.996372,1776225340000
1776225342.054,42.054,0.51,10.0,0.47,5.0,0.68,10.0,0.71,5.0,0.32,10.0,0.29,5.0,0.49,10.0,0.53,5.0,0.17,0.17,43.996187,1776225341000
1776225343.169,43.169,0.51,10.0,0.47,5.0,0.68,10.0,0.71,5.0,0.32,10.0,0.29,5.0,0.49,10.0,0.53,5.0,0.17,0.17,43.996187,1776225342000
1776225344.943,44.943,0.51,10.0,0.47,5.0,0.68,10.0,0.71,5.0,0.32,10.0,0.29,5.0,0.49,10.0,0.53,5.0,0.17,0.17,44.000503,1776225343000
1776225345.438,45.438,0.51,10.0,0.47,5.0,0.68,10.0,0.71,5.0,0.32,10.0,0.29,5.0,0.49,10.0,0.53,5.0,0.17,0.17,44.000503,1776225344000
1776225346.039,46.039,0.51,10.0,0.47,5.0,0.68,10.0,0.71,5.0,0.32,10.0,0.29,5.0,0.49,10.0,0.53,5.0,0.17,0.17,44.000892,1776225345000
1776225347.112,47.112,0.51,10.0,0.47,5.0,0.68,10.0,0.71,5.0,0.32,10.0,0.29,5.0,0.49,10.0,0.53,5.0,0.17,0.17,44.000834,1776225346000
1776225348.392,48.392,0.51,10.0,0.47,5.0,0.68,10.0,0.71,5.0,0.32,10.0,0.29,5.0,0.49,10.0,0.53,5.0,0.17,0.17,44.00056,1776225347000
1776225349.002,49.002,0.51,10.0,0.47,5.0,0.68,10.0,0.71,5.0,0.32,10.0,0.29,5.0,0.49,10.0,0.53,5.0,0.17,0.17,44.001332,1776225348000
1776225350.83,50.83,0.51,10.0,0.47,5.0,0.68,10.0,0.71,5.0,0.32,10.0,0.29,5.0,0.49,10.0,0.53,5.0,0.17,0.17,44.000875,1776225349000
1776225351.343,51.343,0.51,10.0,0.47,5.0,0.68,10.0,0.71,5.0,0.32,10.0,0.29,5.0,0.49,10.0,0.53,5.0,0.17,0.17,43.993986,1776225350000
1776225352.345,52.345,0.51,10.0,0.47,5.0,0.68,10.0,0.71,5.0,0.32,10.0,0.29,5.0,0.49,10.0,0.53,5.0,0.17,0.17,43.993566,1776225351000
1776225352.913,52.913,0.51,10.0,0.47,5.0,0.68,10.0,0.71,5.0,0.32,10.0,0.29,5.0,0.49,10.0,0.53,5.0,0.17,0.17,43.993491,1776225352000
1776225354.285,54.285,0.51,10.0,0.47,5.0,0.68,10.0,0.71,5.0,0.32,10.0,0.29,5.0,0.49,10.0,0.53,5.0,0.17,0.17,43.993456,1776225353000
1776225355.654,55.654,0.51,10.0,0.47,5.0,0.68,10.0,0.71,5.0,0.32,10.0,0.29,5.0,0.49,10.0,0.53,5.0,0.17,0.17,43.993706,1776225354000
1776225356.145,56.145,0.51,10.0,0.47,5.0,0.68,10.0,0.71,5.0,0.32,10.0,0.29,5.0,0.49,10.0,0.53,5.0,0.17,0.17,43.993849,1776225355000
1776225356.838,56.838,0.51,10.0,0.47,5.0,0.68,10.0,0.71,5.0,0.32,10.0,0.29,5.0,0.49,10.0,0.53,5.0,0.17,0.17,43.994029,1776225356000
1776225358.099,58.099,0.51,10.0,0.47,5.0,0.68,10.0,0.71,5.0,0.32,10.0,0.29,5.0,0.49,10.0,0.53,5.0,0.17,0.17,43.994209,1776225357000
1776225359.063,59.063,0.51,10.0,0.47,5.0,0.68,10.0,0.71,5.0,0.32,10.0,0.29,5.0,0.49,10.0,0.53,5.0,0.17,0.17,43.994491,1776225358000
1776225360.233,60.233,0.51,10.0,0.47,5.0,0.68,10.0,0.71,5.0,0.32,10.0,0.29,5.0,0.49,10.0,0.53,5.0,0.17,0.17,43.994852,1776225359000
1776225361.302,61.302,0.51,10.0,0.47,5.0,0.68,10.0,0.71,5.0,0.32,10.0,0.29,5.0,0.49,10.0,0.53,5.0,0.17,0.17,43.995212,1776225360000
1776225362.319,62.319,0.74,5.0,0.73,5.0,0.86,15.0,0.87,15.0,0.32,10.0,0.29,5.0,0.49,10.0,0.53,5.0,0.12,0.17,43.995212,1776225360000
1776225363.042,63.042,0.74,5.0,0.73,5.0,0.86,15.0,0.87,15.0,0.14,15.0,0.13,15.0,0.26,5.0,0.27,5.0,0.12,0.12,43.998607,1776225362000
1776225364.18,64.18,0.74,5.0,0.73,5.0,0.86,15.0,0.87,15.0,0.14,15.0,0.13,15.0,0.26,5.0,0.27,5.0,0.12,0.12,44.016285,1776225363000
1776225365.271,65.271,0.74,5.0,0.73,5.0,0.86,15.0,0.87,15.0,0.14,15.0,0.13,15.0,0.26,5.0,0.27,5.0,0.12,0.12,44.018522,1776225364000
1776225366.309,66.309,0.74,5.0,0.73,5.0,0.86,15.0,0.87,15.0,0.14,15.0,0.13,15.0,0.26,5.0,0.27,5.0,0.12,0.12,44.018416,1776225365000
1776225366.928,66.928,0.74,5.0,0.73,5.0,0.86,15.0,0.87,15.0,0.14,15.0,0.13,15.0,0.26,5.0,0.27,5.0,0.12,0.12,44.018416,1776225366000
1776225367.955,67.955,0.74,5.0,0.73,5.0,0.86,15.0,0.87,15.0,0.14,15.0,0.13,15.0,0.26,5.0,0.27,5.0,0.12,0.12,44.018416,1776225367000
1776225369.118,69.118,0.74,5.0,0.73,5.0,0.86,15.0,0.87,15.0,0.14,15.0,0.13,15.0,0.26,5.0,0.27,5.0,0.12,0.12,44.018416,1776225368000
1776225369.34,69.34,0.81,1.09,0.78,5.0,0.88,15.0,0.89,15.0,0.14,15.0,0.13,15.0,0.26,5.0,0.27,5.0,0.07,0.12,44.018416,1776225368000
1776225370.201,70.201,0.81,1.09,0.78,5.0,0.88,15.0,0.89,15.0,0.12,15.0,0.11,15.0,0.19,1.09,0.22,5.0,0.07,0.07,44.01842,1776225369000
1776225371.339,71.339,0.81,1.09,0.78,5.0,0.88,15.0,0.89,15.0,0.12,15.0,0.11,15.0,0.19,1.09,0.22,5.0,0.07,0.07,44.019238,1776225370000
1776225372.299,72.299,0.81,1.09,0.78,5.0,0.88,15.0,0.89,15.0,0.12,15.0,0.11,15.0,0.19,1.09,0.22,5.0,0.07,0.07,44.01914,1776225371000
1776225373.418,73.418,0.81,1.09,0.78,5.0,0.88,15.0,0.89,15.0,0.12,15.0,0.11,15.0,0.19,1.09,0.22,5.0,0.07,0.07,44.018565,1776225372000
1776225373.917,73.917,0.73,5.0,0.72,5.0,0.74,10.39,0.81,15.0,0.12,15.0,0.11,15.0,0.19,1.09,0.22,5.0,0.01,0.07,44.018565,1776225372000
1776225374.252,74.252,0.73,5.0,0.72,5.0,0.74,2.39,0.81,15.0,0.26,10.39,0.19,15.0,0.27,5.0,0.28,5.0,0.01,0.01,44.018565,1776225373000
1776225375.5,75.5,0.73,5.0,0.72,5.0,0.81,15.0,0.82,15.0,0.19,15.0,0.18,15.0,0.27,5.0,0.28,5.0,0.08,0.08,44.016856,1776225374000
1776225376.065,76.065,0.73,5.0,0.72,5.0,0.81,15.0,0.82,15.0,0.19,15.0,0.18,15.0,0.27,5.0,0.28,5.0,0.08,0.08,44.015636,1776225375000
1776225377.146,77.146,0.73,5.0,0.72,5.0,0.81,15.0,0.82,15.0,0.19,15.0,0.18,15.0,0.27,5.0,0.28,5.0,0.08,0.08,44.015022,1776225376000
1776225377.816,77.816,0.73,5.0,0.72,5.0,0.81,10.0,0.82,15.0,0.19,15.0,0.18,15.0,0.27,5.0,0.28,5.0,0.08,0.08,44.015022,1776225376000
1776225378.173,78.173,0.73,5.0,0.72,5.0,0.81,10.0,0.82,15.0,0.19,10.0,0.18,15.0,0.27,5.0,0.28,5.0,0.08,0.08,44.015022,1776225377000
1776225379.143,79.143,0.73,5.0,0.72,5.0,0.81,10.0,0.82,15.0,0.19,10.0,0.18,15.0,0.27,5.0,0.28,5.0,0.08,0.08,44.013124,1776225378000
1776225380.159,80.159,0.73,5.0,0.72,5.0,0.81,10.0,0.82,15.0,0.19,10.0,0.18,15.0,0.27,5.0,0.28,5.0,0.08,0.08,44.010415,1776225379000
1776225381.204,81.204,0.73,5.0,0.72,5.0,0.81,10.0,0.82,15.0,0.19,10.0,0.18,15.0,0.27,5.0,0.28,5.0,0.08,0.08,44.010261,1776225380000
1776225382.23,82.23,0.73,5.0,0.72,5.0,0.81,10.0,0.82,15.0,0.19,10.0,0.18,15.0,0.27,5.0,0.28,5.0,0.08,0.08,44.010132,1776225381000
1776225383.265,83.265,0.73,5.0,0.72,5.0,0.81,10.0,0.82,15.0,0.19,10.0,0.18,15.0,0.27,5.0,0.28,5.0,0.08,0.08,44.009904,1776225382000
1776225384.422,84.422,0.73,5.0,0.72,5.0,0.81,10.0,0.82,15.0,0.19,10.0,0.18,15.0,0.27,5.0,0.28,5.0,0.08,0.08,44.010057,1776225383000
1776225384.921,84.921,0.73,5.0,0.72,5.0,0.81,10.0,0.82,15.0,0.19,10.0,0.18,15.0,0.27,5.0,0.28,5.0,0.08,0.08,44.010199,1776225384000
1776225385.958,85.958,0.73,5.0,0.72,5.0,0.81,10.0,0.82,15.0,0.19,10.0,0.18,15.0,0.27,5.0,0.28,5.0,0.08,0.08,44.010198,1776225385000
1776225386.976,86.976,0.73,5.0,0.72,5.0,0.81,10.0,0.82,15.0,0.19,10.0,0.18,15.0,0.27,5.0,0.28,5.0,0.08,0.08,44.010618,1776225386000
1776225388.137,88.137,0.73,5.0,0.72,5.0,0.81,10.0,0.82,15.0,0.19,10.0,0.18,15.0,0.27,5.0,0.28,5.0,0.08,0.08,44.010334,1776225387000
1776225389.177,89.177,0.73,5.0,0.72,5.0,0.81,10.0,0.82,15.0,0.19,10.0,0.18,15.0,0.27,5.0,0.28,5.0,0.08,0.08,44.010334,1776225388000
1776225390.228,90.228,0.73,5.0,0.72,5.0,0.81,10.0,0.82,15.0,0.19,10.0,0.18,15.0,0.27,5.0,0.28,5.0,0.08,0.08,44.010509,1776225389000
1776225390.787,90.787,0.73,15.0,0.72,15.0,0.83,13.68,0.84,15.0,0.19,10.0,0.18,15.0,0.27,5.0,0.28,5.0,0.1,0.08,44.010509,1776225389000
1776225391.895,91.895,0.73,15.0,0.72,15.0,0.83,13.68,0.84,15.0,0.17,13.68,0.16,15.0,0.27,15.0,0.28,15.0,0.1,0.1,44.010597,1776225390000
1776225392.438,92.438,0.73,15.0,0.72,15.0,0.83,13.68,0.84,15.0,0.17,13.68,0.16,15.0,0.27,15.0,0.28,15.0,0.1,0.1,44.010597,1776225391000
1776225393.002,93.002,0.73,15.0,0.72,15.0,0.83,13.68,0.84,15.0,0.17,13.68,0.16,15.0,0.27,15.0,0.28,15.0,0.1,0.1,44.010597,1776225392000
1776225394.22,94.22,0.73,15.0,0.72,15.0,0.83,13.68,0.84,15.0,0.17,13.68,0.16,15.0,0.27,15.0,0.28,15.0,0.1,0.1,44.010903,1776225393000
1776225395.506,95.506,0.73,15.0,0.72,15.0,0.83,13.68,0.84,15.0,0.17,13.68,0.16,15.0,0.27,15.0,0.28,15.0,0.1,0.1,44.012726,1776225394000
1776225396.129,96.129,0.73,15.0,0.72,15.0,0.83,13.68,0.84,15.0,0.17,13.68,0.16,15.0,0.27,15.0,0.28,15.0,0.1,0.1,44.012114,1776225395000
1776225397.168,97.168,0.73,15.0,0.72,15.0,0.83,13.68,0.84,15.0,0.17,13.68,0.16,15.0,0.27,15.0,0.28,15.0,0.1,0.1,44.015026,1776225396000
1776225398.543,98.543,0.73,15.0,0.72,15.0,0.83,13.68,0.84,15.0,0.17,13.68,0.16,15.0,0.27,15.0,0.28,15.0,0.1,0.1,44.014851,1776225397000
1776225399.124,99.124,0.73,15.0,0.72,15.0,0.83,13.68,0.84,15.0,0.17,13.68,0.16,15.0,0.27,15.0,0.28,15.0,0.1,0.1,44.014812,1776225398000
1776225400.441,100.441,0.73,15.0,0.72,15.0,0.83,13.68,0.84,15.0,0.17,13.68,0.16,15.0,0.27,15.0,0.28,15.0,0.1,0.1,44.014035,1776225399000
1776225401.0,101.0,0.73,15.0,0.72,15.0,0.83,13.68,0.84,15.0,0.17,13.68,0.16,15.0,0.27,15.0,0.28,15.0,0.1,0.1,44.007839,1776225400000
1776225402.187,102.187,0.73,15.0,0.72,15.0,0.83,13.68,0.84,15.0,0.17,13.68,0.16,15.0,0.27,15.0,0.28,15.0,0.1,0.1,44.007659,1776225401000
1776225403.423,103.423,0.73,15.0,0.72,15.0,0.83,13.68,0.84,15.0,0.17,13.68,0.16,15.0,0.27,15.0,0.28,15.0,0.1,0.1,44.007659,1776225402000
1776225404.78,104.78,0.73,15.0,0.72,15.0,0.83,13.68,0.84,15.0,0.17,13.68,0.16,15.0,0.27,15.0,0.28,15.0,0.1,0.1,44.007802,1776225403000
1776225405.331,105.331,0.73,15.0,0.72,15.0,0.83,13.68,0.84,15.0,0.17,13.68,0.16,15.0,0.27,15.0,0.28,15.0,0.1,0.1,44.007982,1776225404000
1776225405.827,105.827,0.73,15.0,0.72,15.0,0.83,13.68,0.84,15.0,0.17,13.68,0.16,15.0,0.27,15.0,0.28,15.0,0.1,0.1,44.007982,1776225405000
1776225414.25,114.25,0.73,15.0,0.72,15.0,0.83,13.68,0.84,15.0,0.17,13.68,0.16,15.0,0.27,15.0,0.28,15.0,0.1,0.1,44.009815,1776225413000
1776225415.203,115.203,0.73,15.0,0.72,15.0,0.83,13.68,0.84,15.0,0.17,13.68,0.16,15.0,0.27,15.0,0.28,15.0,0.1,0.1,44.009815,1776225414000
1776225416.183,116.183,0.73,15.0,0.72,15.0,0.83,13.68,0.84,15.0,0.17,13.68,0.16,15.0,0.27,15.0,0.28,15.0,0.1,0.1,44.009815,1776225415000
1776225417.618,117.618,0.73,15.0,0.72,15.0,0.83,13.68,0.84,15.0,0.17,13.68,0.16,15.0,0.27,15.0,0.28,15.0,0.1,0.1,44.009794,1776225416000
1776225418.052,118.052,0.73,15.0,0.72,15.0,0.83,13.68,0.84,15.0,0.17,13.68,0.16,15.0,0.27,15.0,0.28,15.0,0.1,0.1,44.010891,1776225417000
1776225419.137,119.137,0.73,15.0,0.72,15.0,0.83,13.68,0.84,15.0,0.17,13.68,0.16,15.0,0.27,15.0,0.28,15.0,0.1,0.1,44.011197,1776225418000
1776225420.273,120.273,0.73,15.0,0.72,15.0,0.83,13.68,0.84,15.0,0.17,13.68,0.16,15.0,0.27,15.0,0.28,15.0,0.1,0.1,44.010068,1776225419000
1776225421.283,121.283,0.73,15.0,0.72,15.0,0.83,13.68,0.84,15.0,0.17,13.68,0.16,15.0,0.27,15.0,0.28,15.0,0.1,0.1,44.007895,1776225420000
1776225422.401,122.401,0.73,15.0,0.72,15.0,0.83,13.68,0.84,15.0,0.17,13.68,0.16,15.0,0.27,15.0,0.28,15.0,0.1,0.1,44.007755,1776225421000
1776225422.963,122.963,0.73,15.0,0.72,15.0,0.83,13.68,0.84,15.0,0.17,13.68,0.16,15.0,0.27,15.0,0.28,15.0,0.1,0.1,44.007876,1776225422000
1776225424.077,124.077,0.73,15.0,0.72,15.0,0.83,13.68,0.84,15.0,0.17,13.68,0.16,15.0,0.27,15.0,0.28,15.0,0.1,0.1,44.008217,1776225423000
1776225425.137,125.137,0.73,15.0,0.72,15.0,0.83,13.68,0.84,15.0,0.17,13.68,0.16,15.0,0.27,15.0,0.28,15.0,0.1,0.1,44.008217,1776225424000
1776225426.361,126.361,0.73,15.0,0.72,15.0,0.83,13.68,0.84,15.0,0.17,13.68,0.16,15.0,0.27,15.0,0.28,15.0,0.1,0.1,44.00825,1776225425000
1776225427.4,127.4,0.73,15.0,0.72,15.0,0.83,13.68,0.84,15.0,0.17,13.68,0.16,15.0,0.27,15.0,0.28,15.0,0.1,0.1,44.008255,1776225426000
1776225427.982,127.982,0.73,15.0,0.72,15.0,0.83,13.68,0.84,15.0,0.17,13.68,0.16,15.0,0.27,15.0,0.28,15.0,0.1,0.1,44.008511,1776225427000
1776225429.037,129.037,0.73,15.0,0.72,15.0,0.83,13.68,0.84,15.0,0.17,13.68,0.16,15.0,0.27,15.0,0.28,15.0,0.1,0.1,44.008384,1776225428000
1776225430.161,130.161,0.73,15.0,0.72,15.0,0.83,13.68,0.84,15.0,0.17,13.68,0.16,15.0,0.27,15.0,0.28,15.0,0.1,0.1,44.008527,1776225429000
1776225431.733,131.733,0.73,15.0,0.72,15.0,0.83,13.68,0.84,15.0,0.17,13.68,0.16,15.0,0.27,15.0,0.28,15.0,0.1,0.1,44.007363,1776225430000
1776225432.297,132.297,0.73,15.0,0.72,15.0,0.83,13.68,0.84,15.0,0.17,13.68,0.16,15.0,0.27,15.0,0.28,15.0,0.1,0.1,44.007363,1776225431000
1776225434.069,134.069,0.73,15.0,0.72,15.0,0.83,13.68,0.84,15.0,0.17,13.68,0.16,15.0,0.27,15.0,0.28,15.0,0.1,0.1,44.007685,1776225432000
1776225434.576,134.576,0.73,15.0,0.72,15.0,0.83,13.68,0.84,15.0,0.17,13.68,0.16,15.0,0.27,15.0,0.28,15.0,0.1,0.1,44.006427,1776225433000
1776225435.62,135.62,0.73,15.0,0.72,15.0,0.83,13.68,0.84,15.0,0.17,13.68,0.16,15.0,0.27,15.0,0.28,15.0,0.1,0.1,44.005791,1776225434000
1776225436.533,136.533,0.73,15.0,0.72,15.0,0.83,13.68,0.84,15.0,0.17,13.68,0.16,15.0,0.27,15.0,0.28,15.0,0.1,0.1,44.001676,1776225435000
1776225437.095,137.095,0.73,15.0,0.72,15.0,0.83,13.68,0.84,15.0,0.17,13.68,0.16,15.0,0.27,15.0,0.28,15.0,0.1,0.1,44.001315,1776225436000
1776225438.485,138.485,0.73,15.0,0.72,15.0,0.83,13.68,0.84,15.0,0.17,13.68,0.16,15.0,0.27,15.0,0.28,15.0,0.1,0.1,43.995882,1776225437000
1776225439.186,139.186,0.73,15.0,0.72,15.0,0.83,13.68,0.84,15.0,0.17,13.68,0.16,15.0,0.27,15.0,0.28,15.0,0.1,0.1,43.995882,1776225438000
1776225440.413,140.413,0.73,15.0,0.72,15.0,0.83,13.68,0.84,15.0,0.17,13.68,0.16,15.0,0.27,15.0,0.28,15.0,0.1,0.1,43.995609,1776225439000
1776225441.027,141.027,0.73,15.0,0.72,15.0,0.83,13.68,0.84,15.0,0.17,13.68,0.16,15.0,0.27,15.0,0.28,15.0,0.1,0.1,43.995664,1776225440000
1776225442.392,142.392,0.73,15.0,0.72,15.0,0.83,13.68,0.84,15.0,0.17,13.68,0.16,15.0,0.27,15.0,0.28,15.0,0.1,0.1,43.996039,1776225441000
1776225442.985,142.985,0.73,15.0,0.72,15.0,0.83,13.68,0.84,15.0,0.17,13.68,0.16,15.0,0.27,15.0,0.28,15.0,0.1,0.1,43.994358,1776225442000
1776225444.649,144.649,0.73,15.0,0.72,15.0,0.83,13.68,0.84,15.0,0.17,13.68,0.16,15.0,0.27,15.0,0.28,15.0,0.1,0.1,43.991224,1776225443000
1776225444.966,144.966,0.73,15.0,0.72,15.0,0.83,13.68,0.84,15.0,0.17,13.68,0.16,15.0,0.27,15.0,0.28,15.0,0.1,0.1,43.99125,1776225444000
1776225446.546,146.546,0.73,15.0,0.72,15.0,0.83,13.68,0.84,15.0,0.17,13.68,0.16,15.0,0.27,15.0,0.28,15.0,0.1,0.1,43.991211,1776225445000
1776225447.134,147.134,0.73,15.0,0.72,15.0,0.83,13.68,0.84,15.0,0.17,13.68,0.16,15.0,0.27,15.0,0.28,15.0,0.1,0.1,43.989146,1776225446000
1776225448.723,148.723,0.73,15.0,0.72,15.0,0.83,13.68,0.84,15.0,0.17,13.68,0.16,15.0,0.27,15.0,0.28,15.0,0.1,0.1,43.987776,1776225447000
1776225449.805,149.805,0.73,15.0,0.72,15.0,0.83,13.68,0.84,15.0,0.17,13.68,0.16,15.0,0.27,15.0,0.28,15.0,0.1,0.1,43.987734,1776225448000
1776225450.652,150.652,0.73,15.0,0.72,15.0,0.83,13.68,0.84,15.0,0.17,13.68,0.16,15.0,0.27,15.0,0.28,15.0,0.1,0.1,43.987422,1776225449000
1776225451.175,151.175,0.73,15.0,0.72,15.0,0.83,13.68,0.84,15.0,0.17,13.68,0.16,15.0,0.27,15.0,0.28,15.0,0.1,0.1,43.987422,1776225450000
1776225452.969,152.969,0.73,15.0,0.72,15.0,0.83,13.68,0.84,15.0,0.17,13.68,0.16,15.0,0.27,15.0,0.28,15.0,0.1,0.1,43.987537,1776225451000
1776225453.723,153.723,0.73,15.0,0.72,15.0,0.83,13.68,0.84,15.0,0.17,13.68,0.16,15.0,0.27,15.0,0.28,15.0,0.1,0.1,43.987969,1776225452000
1776225454.311,154.311,0.73,15.0,0.72,15.0,0.83,13.68,0.84,15.0,0.17,13.68,0.16,15.0,0.27,15.0,0.28,15.0,0.1,0.1,43.987969,1776225453000
1776225455.189,155.189,0.73,15.0,0.72,15.0,0.83,13.68,0.84,15.0,0.17,13.68,0.16,15.0,0.27,15.0,0.28,15.0,0.1,0.1,43.988254,1776225454000
1776225456.525,156.525,0.73,15.0,0.72,15.0,0.83,13.68,0.84,15.0,0.17,13.68,0.16,15.0,0.27,15.0,0.28,15.0,0.1,0.1,43.989563,1776225455000
1776225457.177,157.177,0.73,15.0,0.72,15.0,0.83,13.68,0.84,15.0,0.17,13.68,0.16,15.0,0.27,15.0,0.28,15.0,0.1,0.1,43.989014,1776225456000
1776225458.604,158.604,0.73,15.0,0.72,15.0,0.83,13.68,0.84,15.0,0.17,13.68,0.16,15.0,0.27,15.0,0.28,15.0,0.1,0.1,43.989201,1776225457000
1776225459.214,159.214,0.65,15.0,0.64,15.0,0.89,11.66,0.9,15.0,0.17,13.68,0.16,15.0,0.27,15.0,0.28,15.0,0.24,0.1,43.989201,1776225457000
1776225460.108,160.108,0.65,15.0,0.64,15.0,0.89,11.66,0.9,15.0,0.11,11.66,0.1,15.0,0.35,15.0,0.36,15.0,0.24,0.24,43.988668,1776225459000
1776225461.415,161.415,0.65,15.0,0.64,15.0,0.89,11.66,0.9,15.0,0.11,11.66,0.1,15.0,0.35,15.0,0.36,15.0,0.24,0.24,43.998278,1776225460000
1776225462.145,162.145,0.65,15.0,0.64,15.0,0.89,11.66,0.9,15.0,0.11,11.66,0.1,15.0,0.35,15.0,0.36,15.0,0.24,0.24,43.998309,1776225461000
1776225463.535,163.535,0.65,15.0,0.64,15.0,0.89,11.66,0.9,15.0,0.11,11.66,0.1,15.0,0.35,15.0,0.36,15.0,0.24,0.24,43.998067,1776225462000
1776225464.176,164.176,0.65,15.0,0.64,15.0,0.89,11.66,0.9,15.0,0.11,11.66,0.1,15.0,0.35,15.0,0.36,15.0,0.24,0.24,43.998067,1776225463000
1776225465.546,165.546,0.65,15.0,0.64,15.0,0.89,11.66,0.9,15.0,0.11,11.66,0.1,15.0,0.35,15.0,0.36,15.0,0.24,0.24,43.998249,1776225464000
1776225466.217,166.217,0.65,15.0,0.64,15.0,0.89,11.66,0.9,15.0,0.11,11.66,0.1,15.0,0.35,15.0,0.36,15.0,0.24,0.24,43.998249,1776225465000
1776225468.205,168.205,0.65,15.0,0.64,15.0,0.89,11.66,0.9,15.0,0.11,11.66,0.1,15.0,0.35,15.0,0.36,15.0,0.24,0.24,44.005648,1776225467000
1776225469.66,169.66,0.65,15.0,0.64,15.0,0.89,11.66,0.9,15.0,0.11,11.66,0.1,15.0,0.35,15.0,0.36,15.0,0.24,0.24,44.007216,1776225468000
1776225470.091,170.091,0.65,15.0,0.64,15.0,0.89,11.66,0.9,15.0,0.11,11.66,0.1,15.0,0.35,15.0,0.36,15.0,0.24,0.24,44.007339,1776225469000
1776225471.228,171.228,0.65,15.0,0.64,15.0,0.89,11.66,0.9,15.0,0.11,11.66,0.1,15.0,0.35,15.0,0.36,15.0,0.24,0.24,44.007295,1776225470000
1776225472.54,172.54,0.65,15.0,0.64,15.0,0.89,11.66,0.9,15.0,0.11,11.66,0.1,15.0,0.35,15.0,0.36,15.0,0.24,0.24,44.007443,1776225471000
1776225473.277,173.277,0.65,15.0,0.64,15.0,0.89,11.66,0.9,15.0,0.11,11.66,0.1,15.0,0.35,15.0,0.36,15.0,0.24,0.24,44.007442,1776225472000
1776225474.598,174.598,0.65,15.0,0.64,15.0,0.89,11.66,0.9,15.0,0.11,11.66,0.1,15.0,0.35,15.0,0.36,15.0,0.24,0.24,44.011143,1776225473000
1776225475.334,175.334,0.65,15.0,0.64,15.0,0.89,11.66,0.9,15.0,0.11,11.66,0.1,15.0,0.35,15.0,0.36,15.0,0.24,0.24,44.018412,1776225474000
1776225475.983,175.983,0.65,15.0,0.64,15.0,0.89,11.66,0.9,15.0,0.11,11.66,0.1,15.0,0.35,15.0,0.36,15.0,0.24,0.24,44.024899,1776225475000
1776225477.076,177.076,0.65,15.0,0.64,15.0,0.89,11.66,0.9,15.0,0.11,11.66,0.1,15.0,0.35,15.0,0.36,15.0,0.24,0.24,44.024706,1776225476000
1776225478.0,178.0,0.89,15.0,0.88,15.0,0.94,9.68,0.95,15.0,0.11,11.66,0.1,15.0,0.35,15.0,0.36,15.0,0.05,0.24,44.024706,1776225476000
1776225478.79,178.79,0.89,15.0,0.88,15.0,0.94,9.68,0.95,15.0,0.06,9.68,0.05,15.0,0.11,15.0,0.12,15.0,0.05,0.05,44.024838,1776225477000
1776225479.455,179.455,0.89,15.0,0.88,15.0,0.94,9.68,0.95,15.0,0.06,9.68,0.05,15.0,0.11,15.0,0.12,15.0,0.05,0.05,44.025102,1776225478000
1776225479.965,179.965,0.89,15.0,0.88,15.0,0.94,9.68,0.95,15.0,0.06,9.68,0.05,15.0,0.11,15.0,0.12,15.0,0.05,0.05,44.025102,1776225479000
1776225481.045,181.045,0.89,15.0,0.88,15.0,0.94,9.68,0.95,15.0,0.06,9.68,0.05,15.0,0.11,15.0,0.12,15.0,0.05,0.05,44.025102,1776225480000
1776225482.202,182.202,0.89,15.0,0.88,15.0,0.94,9.68,0.95,15.0,0.06,9.68,0.05,15.0,0.11,15.0,0.12,15.0,0.05,0.05,44.025629,1776225481000
1776225483.44,183.44,0.89,15.0,0.88,15.0,0.94,9.68,0.95,15.0,0.06,9.68,0.05,15.0,0.11,15.0,0.12,15.0,0.05,0.05,44.028002,1776225482000
1776225484.837,184.837,0.89,15.0,0.88,15.0,0.94,9.68,0.95,15.0,0.06,9.68,0.05,15.0,0.11,15.0,0.12,15.0,0.05,0.05,44.028747,1776225483000
1776225485.475,185.475,0.89,15.0,0.88,15.0,0.94,9.68,0.95,15.0,0.06,9.68,0.05,15.0,0.11,15.0,0.12,15.0,0.05,0.05,44.028925,1776225484000
1776225486.162,186.162,0.89,15.0,0.88,15.0,0.94,9.68,0.95,15.0,0.06,9.68,0.05,15.0,0.11,15.0,0.12,15.0,0.05,0.05,44.028328,1776225485000
1776225487.29,187.29,0.89,15.0,0.88,15.0,0.94,9.68,0.95,15.0,0.06,9.68,0.05,15.0,0.11,15.0,0.12,15.0,0.05,0.05,44.029119,1776225486000
1776225487.942,187.942,0.89,15.0,0.88,15.0,0.94,9.68,0.95,15.0,0.06,9.68,0.05,15.0,0.11,15.0,0.12,15.0,0.05,0.05,44.029119,1776225487000
1776225489.201,189.201,0.89,15.0,0.88,15.0,0.94,9.68,0.95,15.0,0.06,9.68,0.05,15.0,0.11,15.0,0.12,15.0,0.05,0.05,44.029217,1776225488000
1776225490.543,190.543,0.89,15.0,0.88,15.0,0.94,9.68,0.95,15.0,0.06,9.68,0.05,15.0,0.11,15.0,0.12,15.0,0.05,0.05,44.028912,1776225489000
1776225491.144,191.144,0.89,15.0,0.88,15.0,0.94,9.68,0.95,15.0,0.06,9.68,0.05,15.0,0.11,15.0,0.12,15.0,0.05,0.05,44.028912,1776225490000
1776225492.837,192.837,0.89,15.0,0.88,15.0,0.94,9.68,0.95,15.0,0.06,9.68,0.05,15.0,0.11,15.0,0.12,15.0,0.05,0.05,44.028222,1776225491000
1776225493.542,193.542,0.89,15.0,0.88,15.0,0.94,9.68,0.95,15.0,0.06,9.68,0.05,15.0,0.11,15.0,0.12,15.0,0.05,0.05,44.028119,1776225492000
1776225494.135,194.135,0.89,15.0,0.88,15.0,0.94,9.68,0.95,15.0,0.06,9.68,0.05,15.0,0.11,15.0,0.12,15.0,0.05,0.05,44.02786,1776225493000
1776225495.692,195.692,0.89,15.0,0.88,15.0,0.94,9.68,0.95,15.0,0.06,9.68,0.05,15.0,0.11,15.0,0.12,15.0,0.05,0.05,44.027252,1776225494000
1776225496.372,196.372,0.89,15.0,0.88,15.0,0.94,9.68,0.95,15.0,0.06,9.68,0.05,15.0,0.11,15.0,0.12,15.0,0.05,0.05,44.027252,1776225495000
1776225497.069,197.069,0.89,15.0,0.88,15.0,0.94,9.68,0.95,15.0,0.06,9.68,0.05,15.0,0.11,15.0,0.12,15.0,0.05,0.05,44.027252,1776225496000
1776225498.453,198.453,0.89,15.0,0.88,15.0,0.94,9.68,0.95,15.0,0.06,9.68,0.05,15.0,0.11,15.0,0.12,15.0,0.05,0.05,44.027252,1776225497000
1776225499.18,199.18,0.89,15.0,0.88,15.0,0.94,9.68,0.95,15.0,0.06,9.68,0.05,15.0,0.11,15.0,0.12,15.0,0.05,0.05,44.027252,1776225498000
1776225500.632,200.632,0.89,15.0,0.88,15.0,0.94,9.68,0.95,15.0,0.06,9.68,0.05,15.0,0.11,15.0,0.12,15.0,0.05,0.05,44.02728,1776225499000
1776225501.248,201.248,0.89,15.0,0.88,15.0,0.94,9.68,0.95,15.0,0.06,9.68,0.05,15.0,0.11,15.0,0.12,15.0,0.05,0.05,44.027336,1776225500000
1776225502.408,202.408,0.89,15.0,0.88,15.0,0.94,9.68,0.95,15.0,0.06,9.68,0.05,15.0,0.11,15.0,0.12,15.0,0.05,0.05,44.027333,1776225501000
1776225502.912,202.912,0.89,15.0,0.88,15.0,0.94,9.68,0.95,15.0,0.06,9.68,0.05,15.0,0.11,15.0,0.12,15.0,0.05,0.05,44.027333,1776225502000
1776225504.031,204.031,0.89,15.0,0.88,15.0,0.94,9.68,0.95,15.0,0.06,9.68,0.05,15.0,0.11,15.0,0.12,15.0,0.05,0.05,44.027384,1776225503000
1776225504.86,204.86,0.89,15.0,0.88,15.0,0.94,9.68,0.95,15.0,0.06,9.68,0.05,15.0,0.11,15.0,0.12,15.0,0.05,0.05,44.027326,1776225504000
1776225505.823,205.823,0.89,15.0,0.88,15.0,0.94,9.68,0.95,15.0,0.06,9.68,0.05,15.0,0.11,15.0,0.12,15.0,0.05,0.05,44.027326,1776225505000
1776225506.893,206.893,0.89,15.0,0.88,15.0,0.94,9.68,0.95,15.0,0.06,9.68,0.05,15.0,0.11,15.0,0.12,15.0,0.05,0.05,44.027493,1776225506000
1776225507.876,207.876,0.89,15.0,0.88,15.0,0.94,9.68,0.95,15.0,0.06,9.68,0.05,15.0,0.11,15.0,0.12,15.0,0.05,0.05,44.027558,1776225507000
1776225508.968,208.968,0.89,15.0,0.88,15.0,0.94,9.68,0.95,15.0,0.06,9.68,0.05,15.0,0.11,15.0,0.12,15.0,0.05,0.05,44.027558,1776225508000
1776225509.974,209.974,0.89,15.0,0.88,15.0,0.94,9.68,0.95,15.0,0.06,9.68,0.05,15.0,0.11,15.0,0.12,15.0,0.05,0.05,44.027289,1776225509000
1776225510.927,210.927,0.89,15.0,0.88,15.0,0.94,9.68,0.95,15.0,0.06,9.68,0.05,15.0,0.11,15.0,0.12,15.0,0.05,0.05,44.027289,1776225510000
1776225512.089,212.089,0.89,15.0,0.88,15.0,0.94,9.68,0.95,15.0,0.06,9.68,0.05,15.0,0.11,15.0,0.12,15.0,0.05,0.05,44.027289,1776225511000
1776225513.052,213.052,0.89,15.0,0.88,15.0,0.94,9.68,0.95,15.0,0.06,9.68,0.05,15.0,0.11,15.0,0.12,15.0,0.05,0.05,44.027492,1776225512000
1776225514.233,214.233,0.89,15.0,0.88,15.0,0.94,9.68,0.95,15.0,0.06,9.68,0.05,15.0,0.11,15.0,0.12,15.0,0.05,0.05,44.027934,1776225513000
1776225515.69,215.69,0.89,15.0,0.88,15.0,0.94,9.68,0.95,15.0,0.06,9.68,0.05,15.0,0.11,15.0,0.12,15.0,0.05,0.05,44.027934,1776225514000
1776225516.316,216.316,0.89,15.0,0.88,15.0,0.94,9.68,0.95,15.0,0.06,9.68,0.05,15.0,0.11,15.0,0.12,15.0,0.05,0.05,44.027934,1776225515000
1776225517.222,217.222,0.89,15.0,0.88,15.0,0.94,9.68,0.95,15.0,0.06,9.68,0.05,15.0,0.11,15.0,0.12,15.0,0.05,0.05,44.026504,1776225516000
1776225518.248,218.248,0.89,15.0,0.88,15.0,0.94,9.68,0.95,15.0,0.06,9.68,0.05,15.0,0.11,15.0,0.12,15.0,0.05,0.05,44.025642,1776225517000
1776225519.247,219.247,0.89,15.0,0.88,15.0,0.94,9.68,0.95,15.0,0.06,9.68,0.05,15.0,0.11,15.0,0.12,15.0,0.05,0.05,44.025661,1776225518000
1776225520.281,220.281,0.89,15.0,0.88,15.0,0.94,9.68,0.95,15.0,0.06,9.68,0.05,15.0,0.11,15.0,0.12,15.0,0.05,0.05,44.025661,1776225519000
1776225521.367,221.367,0.89,15.0,0.88,15.0,0.94,9.68,0.95,15.0,0.06,9.68,0.05,15.0,0.11,15.0,0.12,15.0,0.05,0.05,44.025609,1776225520000
1776225521.91,221.91,0.89,15.0,0.88,15.0,0.94,9.68,0.95,15.0,0.06,9.68,0.05,15.0,0.11,15.0,0.12,15.0,0.05,0.05,44.025226,1776225521000
1776225523.018,223.018,0.89,15.0,0.88,15.0,0.94,9.68,0.95,15.0,0.06,9.68,0.05,15.0,0.11,15.0,0.12,15.0,0.05,0.05,44.025473,1776225522000
1776225523.902,223.902,0.89,15.0,0.88,15.0,0.94,9.68,0.95,15.0,0.06,9.68,0.05,15.0,0.11,15.0,0.12,15.0,0.05,0.05,44.024981,1776225523000
1776225525.047,225.047,0.89,15.0,0.88,15.0,0.94,9.68,0.95,15.0,0.06,9.68,0.05,15.0,0.11,15.0,0.12,15.0,0.05,0.05,44.0237,1776225524000
1776225525.986,225.986,0.89,15.0,0.88,15.0,0.94,9.68,0.95,15.0,0.06,9.68,0.05,15.0,0.11,15.0,0.12,15.0,0.05,0.05,44.01276,1776225525000
1776225526.947,226.947,0.89,15.0,0.88,15.0,0.94,9.68,0.95,15.0,0.06,9.68,0.05,15.0,0.11,15.0,0.12,15.0,0.05,0.05,44.014306,1776225526000
1776225527.861,227.861,0.89,15.0,0.88,15.0,0.94,9.68,0.95,15.0,0.06,9.68,0.05,15.0,0.11,15.0,0.12,15.0,0.05,0.05,44.015027,1776225527000
1776225529.59,229.59,0.89,15.0,0.88,15.0,0.94,9.68,0.95,15.0,0.06,9.68,0.05,15.0,0.11,15.0,0.12,15.0,0.05,0.05,44.01522,1776225528000
1776225530.105,230.105,0.89,15.0,0.88,15.0,0.94,9.68,0.95,15.0,0.06,9.68,0.05,15.0,0.11,15.0,0.12,15.0,0.05,0.05,44.01522,1776225529000
1776225531.114,231.114,0.89,15.0,0.88,15.0,0.94,9.68,0.95,15.0,0.06,9.68,0.05,15.0,0.11,15.0,0.12,15.0,0.05,0.05,44.015722,1776225530000
1776225532.653,232.653,0.89,15.0,0.88,15.0,0.94,9.68,0.95,15.0,0.06,9.68,0.05,15.0,0.11,15.0,0.12,15.0,0.05,0.05,44.015094,1776225531000
1776225533.207,233.207,0.89,15.0,0.88,15.0,0.94,9.68,0.95,15.0,0.06,9.68,0.05,15.0,0.11,15.0,0.12,15.0,0.05,0.05,44.01485,1776225532000
1776225534.459,234.459,0.89,15.0,0.88,15.0,0.94,9.68,0.95,15.0,0.06,9.68,0.05,15.0,0.11,15.0,0.12,15.0,0.05,0.05,44.011762,1776225533000
1776225534.929,234.929,0.89,15.0,0.88,15.0,0.94,9.68,0.95,15.0,0.06,9.68,0.05,15.0,0.11,15.0,0.12,15.0,0.05,0.05,44.011281,1776225534000
1776225536.173,236.173,0.89,15.0,0.88,15.0,0.94,9.68,0.95,15.0,0.06,9.68,0.05,15.0,0.11,15.0,0.12,15.0,0.05,0.05,44.011577,1776225535000
1776225537.274,237.274,0.89,15.0,0.88,15.0,0.94,9.68,0.95,15.0,0.06,9.68,0.05,15.0,0.11,15.0,0.12,15.0,0.05,0.05,44.011939,1776225536000
1776225538.927,238.927,0.89,15.0,0.88,15.0,0.94,9.68,0.95,15.0,0.06,9.68,0.05,15.0,0.11,15.0,0.12,15.0,0.05,0.05,44.012023,1776225537000
1776225539.481,239.481,0.89,15.0,0.88,15.0,0.94,9.68,0.95,15.0,0.06,9.68,0.05,15.0,0.11,15.0,0.12,15.0,0.05,0.05,44.011542,1776225538000
1776225540.071,240.071,0.89,15.0,0.88,15.0,0.94,9.68,0.95,15.0,0.06,9.68,0.05,15.0,0.11,15.0,0.12,15.0,0.05,0.05,44.011847,1776225539000
1776225541.296,241.296,0.89,15.0,0.88,15.0,0.94,9.68,0.95,15.0,0.06,9.68,0.05,15.0,0.11,15.0,0.12,15.0,0.05,0.05,44.011417,1776225540000
1776225542.588,242.588,0.89,15.0,0.88,15.0,0.94,9.68,0.95,15.0,0.06,9.68,0.05,15.0,0.11,15.0,0.12,15.0,0.05,0.05,44.011931,1776225541000
1776225543.102,243.102,0.89,15.0,0.88,15.0,0.94,9.68,0.95,15.0,0.06,9.68,0.05,15.0,0.11,15.0,0.12,15.0,0.05,0.05,44.012236,1776225542000
1776225544.326,244.326,0.89,15.0,0.88,15.0,0.94,9.68,0.95,15.0,0.06,9.68,0.05,15.0,0.11,15.0,0.12,15.0,0.05,0.05,44.012236,1776225543000
1776225545.357,245.357,0.89,15.0,0.88,15.0,0.94,9.68,0.95,15.0,0.06,9.68,0.05,15.0,0.11,15.0,0.12,15.0,0.05,0.05,44.012291,1776225544000
1776225545.976,245.976,0.89,15.0,0.88,15.0,0.94,9.68,0.95,15.0,0.06,9.68,0.05,15.0,0.11,15.0,0.12,15.0,0.05,0.05,44.012291,1776225545000
1776225546.967,246.967,0.89,15.0,0.88,15.0,0.94,9.68,0.95,15.0,0.06,9.68,0.05,15.0,0.11,15.0,0.12,15.0,0.05,0.05,44.011921,1776225546000
1776225548.071,248.071,0.89,15.0,0.88,15.0,0.94,9.68,0.95,15.0,0.06,9.68,0.05,15.0,0.11,15.0,0.12,15.0,0.05,0.05,44.011778,1776225547000
1776225549.221,249.221,0.89,15.0,0.88,15.0,0.94,9.68,0.95,15.0,0.06,9.68,0.05,15.0,0.11,15.0,0.12,15.0,0.05,0.05,44.00768,1776225548000
1776225550.298,250.298,0.89,15.0,0.88,15.0,0.94,9.68,0.95,15.0,0.06,9.68,0.05,15.0,0.11,15.0,0.12,15.0,0.05,0.05,44.001767,1776225549000
1776225551.307,251.307,0.89,15.0,0.88,15.0,0.94,9.68,0.95,15.0,0.06,9.68,0.05,15.0,0.11,15.0,0.12,15.0,0.05,0.05,43.997909,1776225550000
1776225552.307,252.307,0.89,15.0,0.88,15.0,0.94,9.68,0.95,15.0,0.06,9.68,0.05,15.0,0.11,15.0,0.12,15.0,0.05,0.05,43.997484,1776225551000
1776225553.282,253.282,0.89,15.0,0.88,15.0,0.94,9.68,0.95,15.0,0.06,9.68,0.05,15.0,0.11,15.0,0.12,15.0,0.05,0.05,43.993724,1776225552000
1776225554.344,254.344,0.89,15.0,0.88,15.0,0.94,9.68,0.95,15.0,0.06,9.68,0.05,15.0,0.11,15.0,0.12,15.0,0.05,0.05,43.992984,1776225553000
1776225554.86,254.86,0.89,15.0,0.88,15.0,0.94,9.68,0.95,15.0,0.06,9.68,0.05,15.0,0.11,15.0,0.12,15.0,0.05,0.05,43.992898,1776225554000
1776225555.903,255.903,0.89,15.0,0.88,15.0,0.94,9.68,0.95,15.0,0.06,9.68,0.05,15.0,0.11,15.0,0.12,15.0,0.05,0.05,43.999499,1776225555000
1776225556.966,256.966,0.89,15.0,0.88,15.0,0.94,9.68,0.95,15.0,0.06,9.68,0.05,15.0,0.11,15.0,0.12,15.0,0.05,0.05,44.001107,1776225556000
1776225558.091,258.091,0.89,15.0,0.88,15.0,0.94,9.68,0.95,15.0,0.06,9.68,0.05,15.0,0.11,15.0,0.12,15.0,0.05,0.05,44.002416,1776225557000
1776225559.251,259.251,0.89,15.0,0.88,15.0,0.94,9.68,0.95,15.0,0.06,9.68,0.05,15.0,0.11,15.0,0.12,15.0,0.05,0.05,44.003521,1776225558000
1776225560.421,260.421,0.89,15.0,0.88,15.0,0.94,9.68,0.95,15.0,0.06,9.68,0.05,15.0,0.11,15.0,0.12,15.0,0.05,0.05,44.006464,1776225559000
1776225562.202,262.202,0.89,15.0,0.88,15.0,0.94,9.68,0.95,15.0,0.06,9.68,0.05,15.0,0.11,15.0,0.12,15.0,0.05,0.05,44.006464,1776225560000
1776225562.836,262.836,0.89,15.0,0.88,15.0,0.94,9.68,0.95,15.0,0.06,9.68,0.05,15.0,0.11,15.0,0.12,15.0,0.05,0.05,44.003959,1776225561000
1776225563.432,263.432,0.89,15.0,0.88,15.0,0.94,9.68,0.95,15.0,0.06,9.68,0.05,15.0,0.11,15.0,0.12,15.0,0.05,0.05,44.003959,1776225562000
1776225563.98,263.98,0.89,15.0,0.88,15.0,0.94,9.68,0.95,15.0,0.06,9.68,0.05,15.0,0.11,15.0,0.12,15.0,0.05,0.05,44.003959,1776225563000
1776225565.64,265.64,0.89,15.0,0.88,15.0,0.94,9.68,0.95,15.0,0.06,9.68,0.05,15.0,0.11,15.0,0.12,15.0,0.05,0.05,44.003836,1776225564000
1776225566.297,266.297,0.89,15.0,0.88,15.0,0.94,9.68,0.95,15.0,0.06,9.68,0.05,15.0,0.11,15.0,0.12,15.0,0.05,0.05,44.003913,1776225565000
1776225567.647,267.647,0.89,15.0,0.88,15.0,0.94,9.68,0.95,15.0,0.06,9.68,0.05,15.0,0.11,15.0,0.12,15.0,0.05,0.05,44.003398,1776225566000
1776225568.6,268.6,0.89,15.0,0.88,15.0,0.94,9.68,0.95,15.0,0.06,9.68,0.05,15.0,0.11,15.0,0.12,15.0,0.05,0.05,44.003328,1776225567000
1776225569.053,269.053,0.89,15.0,0.88,15.0,0.94,9.68,0.95,15.0,0.06,9.68,0.05,15.0,0.11,15.0,0.12,15.0,0.05,0.05,44.003516,1776225568000
1776225570.366,270.366,0.89,15.0,0.88,15.0,0.94,9.68,0.95,15.0,0.06,9.68,0.05,15.0,0.11,15.0,0.12,15.0,0.05,0.05,44.003535,1776225569000
1776225571.023,271.023,0.89,15.0,0.88,15.0,0.94,9.68,0.95,15.0,0.06,9.68,0.05,15.0,0.11,15.0,0.12,15.0,0.05,0.05,44.003535,1776225570000
1776225572.527,272.527,0.89,15.0,0.88,15.0,0.94,9.68,0.95,15.0,0.06,9.68,0.05,15.0,0.11,15.0,0.12,15.0,0.05,0.05,44.00373,1776225571000
1776225573.266,273.266,0.89,15.0,0.88,15.0,0.94,9.68,0.95,15.0,0.06,9.68,0.05,15.0,0.11,15.0,0.12,15.0,0.05,0.05,44.003731,1776225572000
1776225574.518,274.518,0.95,20.0,0.94,15.0,0.98,10.0,0.99,205.0,0.02,10.0,0.01,205.0,0.05,20.0,0.06,15.0,0.03,0.03,44.003918,1776225573000
1776225575.115,275.115,0.95,20.0,0.94,15.0,0.98,10.0,0.99,205.0,0.02,10.0,0.01,205.0,0.05,20.0,0.06,15.0,0.03,0.03,44.003918,1776225574000
1776225576.389,276.389,0.95,20.0,0.94,15.0,0.98,10.0,0.99,205.0,0.02,10.0,0.01,205.0,0.05,20.0,0.06,15.0,0.03,0.03,44.003918,1776225575000
1776225577.622,277.622,0.97,5.0,0.96,25.94,0.99,180.0,,,0.02,10.0,0.01,205.0,0.05,20.0,0.06,15.0,0.02,0.03,44.003918,1776225575000
1776225578.392,278.392,0.97,5.0,0.96,25.94,0.99,150.0,,,0.01,180.0,,,0.03,5.0,0.04,25.94,0.02,0.02,44.004821,1776225576000
1776225579.89,279.89,0.97,5.0,0.96,25.94,0.99,150.0,,,0.01,150.0,,,0.03,5.0,0.04,25.94,0.02,0.02,44.009361,1776225578000
1776225580.697,280.697,0.97,5.0,0.96,25.94,0.99,48.92,,,0.01,48.92,,,0.03,5.0,0.04,25.94,0.02,0.02,44.009767,1776225579000
1776225581.414,281.414,0.97,5.0,0.96,25.94,0.99,48.92,,,0.01,48.92,,,0.03,5.0,0.04,25.94,0.02,0.02,44.009902,1776225580000
1776225582.103,282.103,0.97,5.0,0.96,25.94,0.99,47.9,,,0.01,48.92,,,0.03,5.0,0.04,25.94,0.02,0.02,44.009902,1776225580000
1776225583.036,283.036,0.97,5.0,0.96,25.94,0.99,47.9,,,0.01,47.9,,,0.03,5.0,0.04,25.94,0.02,0.02,44.0105,1776225582000
1776225583.765,283.765,0.97,5.0,0.96,25.94,0.99,42.85,,,0.01,47.9,,,0.03,5.0,0.04,25.94,0.02,0.02,44.0105,1776225582000
1776225584.764,284.764,0.97,5.0,0.96,25.94,0.99,32.8,,,0.01,37.8,,,0.03,5.0,0.04,25.94,0.02,0.02,44.0105,1776225582000
1776225585.292,285.292,0.97,5.0,0.96,25.94,0.99,32.8,,,0.01,32.8,,,0.03,5.0,0.04,25.94,0.02,0.02,44.010535,1776225584000
1776225586.611,286.611,0.97,5.0,0.96,25.94,0.99,32.8,,,0.01,32.8,,,0.03,5.0,0.04,25.94,0.02,0.02,44.011491,1776225585000
1776225586.926,286.926,0.97,5.0,0.96,25.94,0.99,23.96,,,0.01,32.8,,,0.03,5.0,0.04,25.94,0.02,0.02,44.011491,1776225585000
1776225587.276,287.276,0.97,5.0,0.96,25.94,0.99,23.96,,,0.01,23.96,,,0.03,5.0,0.04,25.94,0.02,0.02,44.011491,1776225586000
1776225588.059,288.059,0.97,5.0,0.96,25.94,0.99,23.96,,,0.01,23.96,,,0.03,5.0,0.04,25.94,0.02,0.02,44.013047,1776225587000
1776225588.792,288.792,0.96,25.94,0.89,10.0,0.99,17.96,,,0.01,23.96,,,0.03,5.0,0.04,25.94,0.03,0.02,44.013047,1776225587000
1776225589.367,289.367,0.96,25.94,0.89,10.0,0.99,17.96,,,0.01,17.96,,,0.04,25.94,0.11,10.0,0.03,0.03,44.012979,1776225588000
1776225590.257,290.257,0.96,25.94,0.89,10.0,0.99,17.96,,,0.01,17.96,,,0.04,25.94,0.11,10.0,0.03,0.03,44.012979,1776225589000
1776225591.542,291.542,0.96,25.94,0.89,10.0,0.99,17.96,,,0.01,17.96,,,0.04,25.94,0.11,10.0,0.03,0.03,44.012356,1776225590000
1776225592.447,292.447,0.96,25.94,0.89,10.0,0.99,17.96,,,0.01,17.96,,,0.04,25.94,0.11,10.0,0.03,0.03,44.012356,1776225591000
1776225592.799,292.799,0.96,25.94,0.89,10.0,0.99,6.96,,,0.01,11.96,,,0.04,25.94,0.11,10.0,0.03,0.03,44.012356,1776225591000
1776225593.214,293.214,0.96,25.94,0.89,10.0,0.99,6.96,,,0.01,6.96,,,0.04,25.94,0.11,10.0,0.03,0.03,44.011413,1776225592000
1776225593.567,293.567,0.96,25.94,0.89,10.0,,,,,0.01,6.96,,,0.04,25.94,0.11,10.0,,0.03,44.011413,1776225592000
1776225594.697,294.697,0.96,25.94,0.89,10.0,,,,,,,,,0.04,25.94,0.11,10.0,,,44.011834,1776225593000
1776225595.378,295.378,0.96,25.94,0.89,10.0,,,,,,,,,0.04,25.94,0.11,10.0,,,44.011906,1776225594000
1776225596.107,296.107,0.96,25.94,0.89,10.0,,,,,,,,,0.04,25.94,0.11,10.0,,,44.012012,1776225595000
1776225597.229,297.229,0.96,25.94,0.89,10.0,,,,,,,,,0.04,25.94,0.11,10.0,,,44.012487,1776225596000
1776225598.339,298.339,0.96,25.94,0.89,10.0,,,,,,,,,0.04,25.94,0.11,10.0,,,44.012389,1776225597000
1776225599.134,299.134,0.99,556.09,0.96,20.94,,,,,,,,,0.04,25.94,0.11,10.0,,,44.012389,1776225597000
1776225599.464,299.464,0.99,663.09,0.96,20.94,,,,,,,,,0.01,556.09,0.04,20.94,,,44.012316,1776225598000
1776225600.295,300.295,0.99,663.09,0.96,20.94,,,,,,,,,0.01,663.09,0.04,20.94,,,44.011276,1776225599000
1776225601.366,301.366,0.99,663.09,0.96,20.94,,,,,,,,,0.01,663.09,0.04,20.94,,,44.008205,1776225600000
1776225602.425,302.425,0.99,663.09,0.96,20.94,,,,,,,,,0.01,663.09,0.04,20.94,,,44.003647,1776225601000
1776225602.942,302.942,0.99,663.09,0.96,20.94,,,,,,,,,0.01,663.09,0.04,20.94,,,44.00035,1776225602000

# RESULT,winner=Up,slug=hype-updown-5m-1776225300,ticks=296
