timestamp,elapsed_sec,up_bid_p1,up_bid_s1,up_bid_p2,up_bid_s2,up_ask_p1,up_ask_s1,up_ask_p2,up_ask_s2,down_bid_p1,down_bid_s1,down_bid_p2,down_bid_s2,down_ask_p1,down_ask_s1,down_ask_p2,down_ask_s2,up_spread,down_spread,hype_price,hype_oracle_ts
1776252300.522,0.522,0.47,21.0,0.46,21.0,0.53,21.0,0.54,21.0,0.47,21.0,0.46,21.0,0.53,21.0,0.54,21.0,0.06,0.06,44.027707,1776252299000
1776252301.041,1.041,0.47,21.0,0.46,21.0,0.53,21.0,0.54,21.0,0.47,21.0,0.46,21.0,0.53,21.0,0.54,21.0,0.06,0.06,44.028294,1776252300000
1776252302.07,2.07,0.47,21.0,0.46,21.0,0.53,21.0,0.54,21.0,0.47,21.0,0.46,21.0,0.53,21.0,0.54,21.0,0.06,0.06,44.029124,1776252301000
1776252303.156,3.156,0.47,21.0,0.46,21.0,0.53,21.0,0.54,21.0,0.47,21.0,0.46,21.0,0.53,21.0,0.54,21.0,0.06,0.06,44.02889,1776252302000
1776252304.114,4.114,0.47,21.0,0.46,21.0,0.53,21.0,0.54,21.0,0.47,21.0,0.46,21.0,0.53,21.0,0.54,21.0,0.06,0.06,44.028343,1776252303000
1776252305.142,5.142,0.47,21.0,0.46,21.0,0.53,21.0,0.54,21.0,0.47,21.0,0.46,21.0,0.53,21.0,0.54,21.0,0.06,0.06,44.028152,1776252304000
1776252306.201,6.201,0.47,21.0,0.46,21.0,0.53,21.0,0.54,21.0,0.47,21.0,0.46,21.0,0.53,21.0,0.54,21.0,0.06,0.06,44.02813,1776252305000
1776252306.419,6.419,0.36,5.0,0.35,5.0,0.38,5.0,0.39,5.0,0.47,21.0,0.46,21.0,0.53,21.0,0.54,21.0,0.02,0.06,44.02813,1776252305000
1776252307.801,7.801,0.36,5.0,0.35,5.0,0.38,5.0,0.39,5.0,0.62,5.0,0.61,5.0,0.64,5.0,0.65,5.0,0.02,0.02,44.020006,1776252306000
1776252308.332,8.332,0.36,5.0,0.35,5.0,0.38,5.0,0.39,5.0,0.62,5.0,0.61,5.0,0.64,5.0,0.65,5.0,0.02,0.02,44.019564,1776252307000
1776252309.266,9.266,0.36,5.0,0.35,5.0,0.38,5.0,0.39,5.0,0.62,5.0,0.61,5.0,0.64,5.0,0.65,5.0,0.02,0.02,44.018954,1776252308000
1776252310.317,10.317,0.36,5.0,0.35,5.0,0.38,5.0,0.39,5.0,0.62,5.0,0.61,5.0,0.64,5.0,0.65,5.0,0.02,0.02,44.018725,1776252309000
1776252311.318,11.318,0.36,5.0,0.35,5.0,0.38,5.0,0.39,5.0,0.62,5.0,0.61,5.0,0.64,5.0,0.65,5.0,0.02,0.02,44.019212,1776252310000
1776252312.297,12.297,0.36,5.0,0.35,5.0,0.38,5.0,0.39,5.0,0.62,5.0,0.61,5.0,0.64,5.0,0.65,5.0,0.02,0.02,44.018893,1776252311000
1776252313.408,13.408,0.36,5.0,0.35,5.0,0.38,5.0,0.39,5.0,0.62,5.0,0.61,5.0,0.64,5.0,0.65,5.0,0.02,0.02,44.017602,1776252312000
1776252314.35,14.35,0.36,5.0,0.35,5.0,0.38,5.0,0.39,5.0,0.62,5.0,0.61,5.0,0.64,5.0,0.65,5.0,0.02,0.02,44.017668,1776252313000
1776252314.894,14.894,0.36,5.0,0.35,5.0,0.38,5.0,0.39,5.0,0.62,5.0,0.61,5.0,0.64,5.0,0.65,5.0,0.02,0.02,44.01598,1776252314000
1776252315.866,15.866,0.36,5.0,0.35,5.0,0.38,5.0,0.39,5.0,0.62,5.0,0.61,5.0,0.64,5.0,0.65,5.0,0.02,0.02,44.016291,1776252315000
1776252316.846,16.846,0.36,5.0,0.35,5.0,0.38,5.0,0.39,5.0,0.62,5.0,0.61,5.0,0.64,5.0,0.65,5.0,0.02,0.02,44.008068,1776252316000
1776252317.886,17.886,0.36,5.0,0.35,5.0,0.38,5.0,0.39,5.0,0.62,5.0,0.61,5.0,0.64,5.0,0.65,5.0,0.02,0.02,44.006681,1776252317000
1776252318.875,18.875,0.36,5.0,0.35,5.0,0.38,5.0,0.39,5.0,0.62,5.0,0.61,5.0,0.64,5.0,0.65,5.0,0.02,0.02,44.006131,1776252318000
1776252319.786,19.786,0.36,5.0,0.35,5.0,0.38,5.0,0.39,5.0,0.62,5.0,0.61,5.0,0.64,5.0,0.65,5.0,0.02,0.02,44.006556,1776252319000
1776252321.386,21.386,0.36,5.0,0.35,5.0,0.38,5.0,0.39,5.0,0.62,5.0,0.61,5.0,0.64,5.0,0.65,5.0,0.02,0.02,44.006462,1776252320000
1776252321.982,21.982,0.36,5.0,0.35,5.0,0.38,5.0,0.39,5.0,0.62,5.0,0.61,5.0,0.64,5.0,0.65,5.0,0.02,0.02,44.007043,1776252321000
1776252322.908,22.908,0.36,5.0,0.35,5.0,0.38,5.0,0.39,5.0,0.62,5.0,0.61,5.0,0.64,5.0,0.65,5.0,0.02,0.02,44.017376,1776252322000
1776252323.949,23.949,0.36,5.0,0.35,5.0,0.38,5.0,0.39,5.0,0.62,5.0,0.61,5.0,0.64,5.0,0.65,5.0,0.02,0.02,44.018184,1776252323000
1776252325.056,25.056,0.36,5.0,0.35,5.0,0.38,5.0,0.39,5.0,0.62,5.0,0.61,5.0,0.64,5.0,0.65,5.0,0.02,0.02,44.025846,1776252324000
1776252325.585,25.585,0.49,5.0,0.48,5.0,0.51,20.0,0.52,5.0,0.62,5.0,0.61,5.0,0.64,5.0,0.65,5.0,0.02,0.02,44.025846,1776252324000
1776252326.09,26.09,0.49,5.0,0.48,5.0,0.51,20.0,0.52,5.0,0.49,20.0,0.48,5.0,0.51,5.0,0.52,5.0,0.02,0.02,44.025964,1776252325000
1776252327.132,27.132,0.49,5.0,0.48,5.0,0.51,20.0,0.52,5.0,0.49,20.0,0.48,5.0,0.51,5.0,0.52,5.0,0.02,0.02,44.026011,1776252326000
1776252328.183,28.183,0.49,5.0,0.48,5.0,0.51,20.0,0.52,5.0,0.49,20.0,0.48,5.0,0.51,5.0,0.52,5.0,0.02,0.02,44.025972,1776252327000
1776252329.311,29.311,0.49,5.0,0.48,5.0,0.51,20.0,0.52,5.0,0.49,20.0,0.48,5.0,0.51,5.0,0.52,5.0,0.02,0.02,44.02589,1776252328000
1776252330.34,30.34,0.49,5.0,0.48,5.0,0.51,20.0,0.52,5.0,0.49,20.0,0.48,5.0,0.51,5.0,0.52,5.0,0.02,0.02,44.025997,1776252329000
1776252330.886,30.886,0.49,5.0,0.48,5.0,0.51,20.0,0.52,5.0,0.49,20.0,0.48,5.0,0.51,5.0,0.52,5.0,0.02,0.02,44.025997,1776252330000
1776252331.981,31.981,0.49,5.0,0.48,5.0,0.51,20.0,0.52,5.0,0.49,20.0,0.48,5.0,0.51,5.0,0.52,5.0,0.02,0.02,44.026061,1776252331000
1776252333.089,33.089,0.49,5.0,0.48,5.0,0.51,20.0,0.52,5.0,0.49,20.0,0.48,5.0,0.51,5.0,0.52,5.0,0.02,0.02,44.026473,1776252332000
1776252334.634,34.634,0.49,5.0,0.48,5.0,0.51,20.0,0.52,5.0,0.49,20.0,0.48,5.0,0.51,5.0,0.52,5.0,0.02,0.02,44.024025,1776252333000
1776252335.129,35.129,0.49,5.0,0.48,5.0,0.51,20.0,0.52,5.0,0.49,20.0,0.48,5.0,0.51,5.0,0.52,5.0,0.02,0.02,44.026341,1776252334000
1776252336.163,36.163,0.49,5.0,0.48,5.0,0.51,20.0,0.52,5.0,0.49,20.0,0.48,5.0,0.51,5.0,0.52,5.0,0.02,0.02,44.025048,1776252335000
1776252337.5,37.5,0.49,5.0,0.48,5.0,0.51,20.0,0.52,5.0,0.49,20.0,0.48,5.0,0.51,5.0,0.52,5.0,0.02,0.02,44.025133,1776252336000
1776252338.082,38.082,0.49,5.0,0.48,5.0,0.51,20.0,0.52,5.0,0.49,20.0,0.48,5.0,0.51,5.0,0.52,5.0,0.02,0.02,44.026055,1776252337000
1776252339.156,39.156,0.49,5.0,0.48,5.0,0.51,20.0,0.52,5.0,0.49,20.0,0.48,5.0,0.51,5.0,0.52,5.0,0.02,0.02,44.025173,1776252338000
1776252340.588,40.588,0.49,5.0,0.48,5.0,0.51,20.0,0.52,5.0,0.49,20.0,0.48,5.0,0.51,5.0,0.52,5.0,0.02,0.02,44.026315,1776252339000
1776252341.144,41.144,0.49,5.0,0.48,5.0,0.51,20.0,0.52,5.0,0.49,20.0,0.48,5.0,0.51,5.0,0.52,5.0,0.02,0.02,44.025659,1776252340000
1776252342.215,42.215,0.49,5.0,0.48,5.0,0.51,20.0,0.52,5.0,0.49,20.0,0.48,5.0,0.51,5.0,0.52,5.0,0.02,0.02,44.027125,1776252341000
1776252343.379,43.379,0.49,5.0,0.48,5.0,0.51,20.0,0.52,5.0,0.49,20.0,0.48,5.0,0.51,5.0,0.52,5.0,0.02,0.02,44.027915,1776252342000
1776252343.922,43.922,0.49,5.0,0.48,5.0,0.51,20.0,0.52,5.0,0.49,20.0,0.48,5.0,0.51,5.0,0.52,5.0,0.02,0.02,44.028576,1776252343000
1776252345.078,45.078,0.49,5.0,0.48,5.0,0.51,20.0,0.52,5.0,0.49,20.0,0.48,5.0,0.51,5.0,0.52,5.0,0.02,0.02,44.029038,1776252344000
1776252346.209,46.209,0.49,5.0,0.48,5.0,0.51,20.0,0.52,5.0,0.49,20.0,0.48,5.0,0.51,5.0,0.52,5.0,0.02,0.02,44.028028,1776252345000
1776252347.305,47.305,0.49,5.0,0.48,5.0,0.51,20.0,0.52,5.0,0.49,20.0,0.48,5.0,0.51,5.0,0.52,5.0,0.02,0.02,44.028006,1776252346000
1776252348.536,48.536,0.49,5.0,0.48,5.0,0.51,20.0,0.52,5.0,0.49,20.0,0.48,5.0,0.51,5.0,0.52,5.0,0.02,0.02,44.028297,1776252347000
1776252349.417,49.417,0.49,5.0,0.48,5.0,0.51,20.0,0.52,5.0,0.49,20.0,0.48,5.0,0.51,5.0,0.52,5.0,0.02,0.02,44.029741,1776252348000
1776252350.222,50.222,0.49,5.0,0.48,5.0,0.51,20.0,0.52,5.0,0.49,20.0,0.48,5.0,0.51,5.0,0.52,5.0,0.02,0.02,44.030171,1776252349000
1776252352.055,52.055,0.49,5.0,0.48,5.0,0.51,20.0,0.52,5.0,0.49,20.0,0.48,5.0,0.51,5.0,0.52,5.0,0.02,0.02,44.029914,1776252350000
1776252352.58,52.58,0.49,5.0,0.48,5.0,0.51,20.0,0.52,5.0,0.49,20.0,0.48,5.0,0.51,5.0,0.52,5.0,0.02,0.02,44.030036,1776252351000
1776252353.399,53.399,0.5,34.0,0.49,10.0,0.63,5.0,0.64,5.0,0.37,5.0,0.36,5.0,0.5,34.0,0.51,10.0,0.13,0.13,44.029361,1776252352000
1776252353.956,53.956,0.59,2.63,0.58,5.0,0.61,5.0,0.62,5.0,0.39,5.0,0.38,5.0,0.41,2.63,0.42,5.0,0.02,0.02,44.029252,1776252353000
1776252355.498,55.498,0.59,2.63,0.58,5.0,0.61,5.0,0.62,5.0,0.39,5.0,0.38,5.0,0.41,2.63,0.42,5.0,0.02,0.02,44.039189,1776252354000
1776252356.111,56.111,0.59,2.63,0.58,5.0,0.61,5.0,0.62,5.0,0.39,5.0,0.38,5.0,0.41,2.63,0.42,5.0,0.02,0.02,44.041877,1776252355000
1776252357.523,57.523,0.59,2.63,0.58,5.0,0.61,5.0,0.62,5.0,0.39,5.0,0.38,5.0,0.41,2.63,0.42,5.0,0.02,0.02,44.046554,1776252356000
1776252358.278,58.278,0.59,2.63,0.58,5.0,0.61,5.0,0.62,5.0,0.39,5.0,0.38,5.0,0.41,2.63,0.42,5.0,0.02,0.02,44.047197,1776252357000
1776252359.559,59.559,0.59,2.63,0.58,5.0,0.61,5.0,0.62,5.0,0.39,5.0,0.38,5.0,0.41,2.63,0.42,5.0,0.02,0.02,44.046747,1776252358000
1776252360.118,60.118,0.59,2.63,0.58,5.0,0.61,5.0,0.62,5.0,0.39,5.0,0.38,5.0,0.41,2.63,0.42,5.0,0.02,0.02,44.046471,1776252359000
1776252361.596,61.596,0.59,2.63,0.58,5.0,0.61,5.0,0.62,5.0,0.39,5.0,0.38,5.0,0.41,2.63,0.42,5.0,0.02,0.02,44.046205,1776252360000
1776252362.194,62.194,0.59,2.63,0.58,5.0,0.61,5.0,0.62,5.0,0.39,5.0,0.38,5.0,0.41,2.63,0.42,5.0,0.02,0.02,44.045957,1776252361000
1776252363.685,63.685,0.59,2.63,0.58,5.0,0.61,5.0,0.62,5.0,0.39,5.0,0.38,5.0,0.41,2.63,0.42,5.0,0.02,0.02,44.045923,1776252362000
1776252364.249,64.249,0.59,2.63,0.58,5.0,0.61,5.0,0.62,5.0,0.39,5.0,0.38,5.0,0.41,2.63,0.42,5.0,0.02,0.02,44.045896,1776252363000
1776252365.697,65.697,0.59,2.63,0.58,5.0,0.61,5.0,0.62,5.0,0.39,5.0,0.38,5.0,0.41,2.63,0.42,5.0,0.02,0.02,44.038843,1776252364000
1776252366.497,66.497,0.59,2.63,0.58,5.0,0.61,5.0,0.62,5.0,0.39,5.0,0.38,5.0,0.41,2.63,0.42,5.0,0.02,0.02,44.03796,1776252365000
1776252367.614,67.614,0.59,2.63,0.58,5.0,0.61,5.0,0.62,5.0,0.39,5.0,0.38,5.0,0.41,2.63,0.42,5.0,0.02,0.02,44.037827,1776252366000
1776252368.258,68.258,0.59,2.63,0.58,5.0,0.61,5.0,0.62,5.0,0.39,5.0,0.38,5.0,0.41,2.63,0.42,5.0,0.02,0.02,44.037591,1776252367000
1776252369.242,69.242,0.59,2.63,0.58,5.0,0.61,5.0,0.62,5.0,0.39,5.0,0.38,5.0,0.41,2.63,0.42,5.0,0.02,0.02,44.036928,1776252368000
1776252370.316,70.316,0.59,2.63,0.58,5.0,0.61,5.0,0.62,5.0,0.39,5.0,0.38,5.0,0.41,2.63,0.42,5.0,0.02,0.02,44.037016,1776252369000
1776252371.247,71.247,0.59,2.63,0.58,5.0,0.61,5.0,0.62,5.0,0.39,5.0,0.38,5.0,0.41,2.63,0.42,5.0,0.02,0.02,44.036795,1776252370000
1776252372.224,72.224,0.59,2.63,0.58,5.0,0.61,5.0,0.62,5.0,0.39,5.0,0.38,5.0,0.41,2.63,0.42,5.0,0.02,0.02,44.036808,1776252371000
1776252373.732,73.732,0.59,2.63,0.58,5.0,0.61,5.0,0.62,5.0,0.39,5.0,0.38,5.0,0.41,2.63,0.42,5.0,0.02,0.02,44.036997,1776252372000
1776252374.261,74.261,0.59,2.63,0.58,5.0,0.61,5.0,0.62,5.0,0.39,5.0,0.38,5.0,0.41,2.63,0.42,5.0,0.02,0.02,44.036925,1776252373000
1776252375.403,75.403,0.59,2.63,0.58,5.0,0.61,5.0,0.62,5.0,0.39,5.0,0.38,5.0,0.41,2.63,0.42,5.0,0.02,0.02,44.036822,1776252374000
1776252376.09,76.09,0.59,2.63,0.58,5.0,0.61,5.0,0.62,5.0,0.39,5.0,0.38,5.0,0.41,2.63,0.42,5.0,0.02,0.02,44.036983,1776252375000
1776252377.031,77.031,0.59,2.63,0.58,5.0,0.61,5.0,0.62,5.0,0.39,5.0,0.38,5.0,0.41,2.63,0.42,5.0,0.02,0.02,44.037198,1776252376000
1776252378.092,78.092,0.59,2.63,0.58,5.0,0.61,5.0,0.62,5.0,0.39,5.0,0.38,5.0,0.41,2.63,0.42,5.0,0.02,0.02,44.035971,1776252377000
1776252379.099,79.099,0.59,2.63,0.58,5.0,0.61,5.0,0.62,5.0,0.39,5.0,0.38,5.0,0.41,2.63,0.42,5.0,0.02,0.02,44.036258,1776252378000
1776252380.489,80.489,0.59,2.63,0.58,5.0,0.61,5.0,0.62,5.0,0.39,5.0,0.38,5.0,0.41,2.63,0.42,5.0,0.02,0.02,44.036235,1776252379000
1776252380.989,80.989,0.59,2.63,0.58,5.0,0.61,5.0,0.62,5.0,0.39,5.0,0.38,5.0,0.41,2.63,0.42,5.0,0.02,0.02,44.035837,1776252380000
1776252382.184,82.184,0.59,2.63,0.58,5.0,0.61,5.0,0.62,5.0,0.39,5.0,0.38,5.0,0.41,2.63,0.42,5.0,0.02,0.02,44.035984,1776252381000
1776252383.485,83.485,0.59,2.63,0.58,5.0,0.61,5.0,0.62,5.0,0.39,5.0,0.38,5.0,0.41,2.63,0.42,5.0,0.02,0.02,44.035828,1776252382000
1776252383.979,83.979,0.59,2.63,0.58,5.0,0.61,5.0,0.62,5.0,0.39,5.0,0.38,5.0,0.41,2.63,0.42,5.0,0.02,0.02,44.035828,1776252383000
1776252385.089,85.089,0.59,2.63,0.58,5.0,0.61,5.0,0.62,5.0,0.39,5.0,0.38,5.0,0.41,2.63,0.42,5.0,0.02,0.02,44.02649,1776252384000
1776252386.34,86.34,0.39,5.0,0.38,5.0,0.42,5.0,0.43,5.0,0.58,5.0,0.57,5.0,0.61,5.0,0.62,5.0,0.03,0.03,44.018119,1776252385000
1776252386.901,86.901,0.39,5.0,0.38,5.0,0.42,5.0,0.43,5.0,0.58,5.0,0.57,5.0,0.61,5.0,0.62,5.0,0.03,0.03,44.018119,1776252386000
1776252388.03,88.03,0.39,5.0,0.38,5.0,0.42,5.0,0.43,5.0,0.58,5.0,0.57,5.0,0.61,5.0,0.62,5.0,0.03,0.03,44.024478,1776252387000
1776252389.22,89.22,0.39,5.0,0.38,5.0,0.42,5.0,0.43,5.0,0.58,5.0,0.57,5.0,0.61,5.0,0.62,5.0,0.03,0.03,44.025963,1776252388000
1776252390.287,90.287,0.39,5.0,0.38,5.0,0.42,5.0,0.43,5.0,0.58,5.0,0.57,5.0,0.61,5.0,0.62,5.0,0.03,0.03,44.030267,1776252389000
1776252390.991,90.991,0.39,5.0,0.38,5.0,0.42,5.0,0.43,5.0,0.58,5.0,0.57,5.0,0.61,5.0,0.62,5.0,0.03,0.03,44.030534,1776252390000
1776252392.114,92.114,0.39,5.0,0.38,5.0,0.42,5.0,0.43,5.0,0.58,5.0,0.57,5.0,0.61,5.0,0.62,5.0,0.03,0.03,44.032567,1776252391000
1776252393.514,93.514,0.39,5.0,0.38,5.0,0.42,5.0,0.43,5.0,0.58,5.0,0.57,5.0,0.61,5.0,0.62,5.0,0.03,0.03,44.036383,1776252392000
1776252393.962,93.962,0.39,5.0,0.38,5.0,0.42,5.0,0.43,5.0,0.58,5.0,0.57,5.0,0.61,5.0,0.62,5.0,0.03,0.03,44.035915,1776252393000
1776252395.045,95.045,0.39,5.0,0.38,5.0,0.42,5.0,0.43,5.0,0.58,5.0,0.57,5.0,0.61,5.0,0.62,5.0,0.03,0.03,44.027749,1776252394000
1776252396.198,96.198,0.39,5.0,0.38,5.0,0.42,5.0,0.43,5.0,0.58,5.0,0.57,5.0,0.61,5.0,0.62,5.0,0.03,0.03,44.0275,1776252395000
1776252397.232,97.232,0.39,5.0,0.38,5.0,0.42,5.0,0.43,5.0,0.58,5.0,0.57,5.0,0.61,5.0,0.62,5.0,0.03,0.03,44.027808,1776252396000
1776252398.377,98.377,0.39,5.0,0.38,5.0,0.42,5.0,0.43,5.0,0.58,5.0,0.57,5.0,0.61,5.0,0.62,5.0,0.03,0.03,44.027878,1776252397000
1776252399.359,99.359,0.39,5.0,0.38,5.0,0.42,5.0,0.43,5.0,0.58,5.0,0.57,5.0,0.61,5.0,0.62,5.0,0.03,0.03,44.027897,1776252398000
1776252400.417,100.417,0.39,5.0,0.38,5.0,0.42,5.0,0.43,5.0,0.58,5.0,0.57,5.0,0.61,5.0,0.62,5.0,0.03,0.03,44.026726,1776252399000
1776252400.913,100.913,0.39,5.0,0.38,5.0,0.42,5.0,0.43,5.0,0.58,5.0,0.57,5.0,0.61,5.0,0.62,5.0,0.03,0.03,44.026294,1776252400000
1776252401.967,101.967,0.39,5.0,0.38,5.0,0.42,5.0,0.43,5.0,0.58,5.0,0.57,5.0,0.61,5.0,0.62,5.0,0.03,0.03,44.026976,1776252401000
1776252403.043,103.043,0.39,5.0,0.38,5.0,0.42,5.0,0.43,5.0,0.58,5.0,0.57,5.0,0.61,5.0,0.62,5.0,0.03,0.03,44.026236,1776252402000
1776252404.082,104.082,0.39,5.0,0.38,5.0,0.42,5.0,0.43,5.0,0.58,5.0,0.57,5.0,0.61,5.0,0.62,5.0,0.03,0.03,44.027112,1776252403000
1776252405.156,105.156,0.39,5.0,0.38,5.0,0.42,5.0,0.43,5.0,0.58,5.0,0.57,5.0,0.61,5.0,0.62,5.0,0.03,0.03,44.027032,1776252404000
1776252406.161,106.161,0.39,5.0,0.38,5.0,0.42,5.0,0.43,5.0,0.58,5.0,0.57,5.0,0.61,5.0,0.62,5.0,0.03,0.03,44.026899,1776252405000
1776252407.186,107.186,0.39,5.0,0.38,5.0,0.42,5.0,0.43,5.0,0.58,5.0,0.57,5.0,0.61,5.0,0.62,5.0,0.03,0.03,44.026975,1776252406000
1776252408.326,108.326,0.39,5.0,0.38,5.0,0.42,5.0,0.43,5.0,0.58,5.0,0.57,5.0,0.61,5.0,0.62,5.0,0.03,0.03,44.027475,1776252407000
1776252409.446,109.446,0.39,5.0,0.38,5.0,0.42,5.0,0.43,5.0,0.58,5.0,0.57,5.0,0.61,5.0,0.62,5.0,0.03,0.03,44.027573,1776252408000
1776252410.957,110.957,0.39,5.0,0.38,5.0,0.42,5.0,0.43,5.0,0.58,5.0,0.57,5.0,0.61,5.0,0.62,5.0,0.03,0.03,44.02736,1776252409000
1776252411.702,111.702,0.39,5.0,0.38,5.0,0.42,5.0,0.43,5.0,0.58,5.0,0.57,5.0,0.61,5.0,0.62,5.0,0.03,0.03,44.019638,1776252410000
1776252412.673,112.673,0.39,5.0,0.38,5.0,0.42,5.0,0.43,5.0,0.58,5.0,0.57,5.0,0.61,5.0,0.62,5.0,0.03,0.03,44.019638,1776252411000
1776252413.389,113.389,0.39,5.0,0.38,5.0,0.42,5.0,0.43,5.0,0.58,5.0,0.57,5.0,0.61,5.0,0.62,5.0,0.03,0.03,44.018798,1776252412000
1776252414.645,114.645,0.39,5.0,0.38,5.0,0.42,5.0,0.43,5.0,0.58,5.0,0.57,5.0,0.61,5.0,0.62,5.0,0.03,0.03,44.018469,1776252413000
1776252415.302,115.302,0.39,5.0,0.38,5.0,0.42,5.0,0.43,5.0,0.58,5.0,0.57,5.0,0.61,5.0,0.62,5.0,0.03,0.03,44.018429,1776252414000
1776252416.563,116.563,0.39,5.0,0.38,5.0,0.42,5.0,0.43,5.0,0.58,5.0,0.57,5.0,0.61,5.0,0.62,5.0,0.03,0.03,44.018989,1776252415000
1776252417.195,117.195,0.39,5.0,0.38,5.0,0.42,5.0,0.43,5.0,0.58,5.0,0.57,5.0,0.61,5.0,0.62,5.0,0.03,0.03,44.018989,1776252416000
1776252418.544,118.544,0.39,5.0,0.38,5.0,0.42,5.0,0.43,5.0,0.58,5.0,0.57,5.0,0.61,5.0,0.62,5.0,0.03,0.03,44.018189,1776252417000
1776252419.139,119.139,0.39,5.0,0.38,5.0,0.42,5.0,0.43,5.0,0.58,5.0,0.57,5.0,0.61,5.0,0.62,5.0,0.03,0.03,44.01819,1776252418000
1776252420.465,120.465,0.26,15.0,0.25,15.0,0.29,5.0,0.3,5.0,0.58,5.0,0.57,5.0,0.61,5.0,0.62,5.0,0.03,0.03,44.01819,1776252418000
1776252421.319,121.319,0.26,15.0,0.25,15.0,0.29,5.0,0.3,5.0,0.71,5.0,0.7,5.0,0.74,15.0,0.75,15.0,0.03,0.03,44.016458,1776252420000
1776252422.207,122.207,0.26,15.0,0.25,15.0,0.29,5.0,0.3,5.0,0.71,5.0,0.7,5.0,0.74,15.0,0.75,15.0,0.03,0.03,44.007745,1776252421000
1776252423.575,123.575,0.26,15.0,0.25,15.0,0.29,5.0,0.3,5.0,0.71,5.0,0.7,5.0,0.74,15.0,0.75,15.0,0.03,0.03,43.999077,1776252422000
1776252424.371,124.371,0.26,15.0,0.25,15.0,0.29,5.0,0.3,5.0,0.71,5.0,0.7,5.0,0.74,15.0,0.75,15.0,0.03,0.03,43.998468,1776252423000
1776252425.395,125.395,0.26,15.0,0.25,15.0,0.29,5.0,0.3,5.0,0.71,5.0,0.7,5.0,0.74,15.0,0.75,15.0,0.03,0.03,43.999816,1776252424000
1776252426.215,126.215,0.26,15.0,0.25,15.0,0.29,5.0,0.3,5.0,0.71,5.0,0.7,5.0,0.74,15.0,0.75,15.0,0.03,0.03,43.999962,1776252425000
1776252427.601,127.601,0.26,15.0,0.25,15.0,0.29,5.0,0.3,5.0,0.71,5.0,0.7,5.0,0.74,15.0,0.75,15.0,0.03,0.03,44.00422,1776252426000
1776252428.192,128.192,0.26,15.0,0.25,15.0,0.29,5.0,0.3,5.0,0.71,5.0,0.7,5.0,0.74,15.0,0.75,15.0,0.03,0.03,44.004941,1776252427000
1776252429.186,129.186,0.26,15.0,0.25,15.0,0.29,5.0,0.3,5.0,0.71,5.0,0.7,5.0,0.74,15.0,0.75,15.0,0.03,0.03,44.005058,1776252428000
1776252430.14,130.14,0.26,15.0,0.25,15.0,0.29,5.0,0.3,5.0,0.71,5.0,0.7,5.0,0.74,15.0,0.75,15.0,0.03,0.03,44.015247,1776252429000
1776252431.192,131.192,0.26,15.0,0.25,15.0,0.29,5.0,0.3,5.0,0.71,5.0,0.7,5.0,0.74,15.0,0.75,15.0,0.03,0.03,44.016487,1776252430000
1776252432.163,132.163,0.26,15.0,0.25,15.0,0.29,5.0,0.3,5.0,0.71,5.0,0.7,5.0,0.74,15.0,0.75,15.0,0.03,0.03,44.026777,1776252431000
1776252433.146,133.146,0.26,15.0,0.25,15.0,0.29,5.0,0.3,5.0,0.71,5.0,0.7,5.0,0.74,15.0,0.75,15.0,0.03,0.03,44.027293,1776252432000
1776252434.266,134.266,0.26,15.0,0.25,15.0,0.29,5.0,0.3,5.0,0.71,5.0,0.7,5.0,0.74,15.0,0.75,15.0,0.03,0.03,44.02833,1776252433000
1776252435.129,135.129,0.26,15.0,0.25,15.0,0.29,5.0,0.3,5.0,0.71,5.0,0.7,5.0,0.74,15.0,0.75,15.0,0.03,0.03,44.02705,1776252434000
1776252436.154,136.154,0.26,15.0,0.25,15.0,0.29,5.0,0.3,5.0,0.71,5.0,0.7,5.0,0.74,15.0,0.75,15.0,0.03,0.03,44.026599,1776252435000
1776252437.143,137.143,0.26,15.0,0.25,15.0,0.29,5.0,0.3,5.0,0.71,5.0,0.7,5.0,0.74,15.0,0.75,15.0,0.03,0.03,44.026012,1776252436000
1776252438.083,138.083,0.26,15.0,0.25,15.0,0.29,5.0,0.3,5.0,0.71,5.0,0.7,5.0,0.74,15.0,0.75,15.0,0.03,0.03,44.024588,1776252437000
1776252439.101,139.101,0.26,15.0,0.25,15.0,0.29,5.0,0.3,5.0,0.71,5.0,0.7,5.0,0.74,15.0,0.75,15.0,0.03,0.03,44.021613,1776252438000
1776252440.038,140.038,0.26,15.0,0.25,15.0,0.29,5.0,0.3,5.0,0.71,5.0,0.7,5.0,0.74,15.0,0.75,15.0,0.03,0.03,44.021313,1776252439000
1776252440.999,140.999,0.26,15.0,0.25,15.0,0.29,5.0,0.3,5.0,0.71,5.0,0.7,5.0,0.74,15.0,0.75,15.0,0.03,0.03,44.021327,1776252440000
1776252442.056,142.056,0.26,15.0,0.25,15.0,0.29,5.0,0.3,5.0,0.71,5.0,0.7,5.0,0.74,15.0,0.75,15.0,0.03,0.03,44.020616,1776252441000
1776252443.416,143.416,0.26,15.0,0.25,15.0,0.29,5.0,0.3,5.0,0.71,5.0,0.7,5.0,0.74,15.0,0.75,15.0,0.03,0.03,44.022101,1776252442000
1776252444.142,144.142,0.26,15.0,0.25,15.0,0.29,5.0,0.3,5.0,0.71,5.0,0.7,5.0,0.74,15.0,0.75,15.0,0.03,0.03,44.021398,1776252443000
1776252445.536,145.536,0.26,15.0,0.25,15.0,0.29,5.0,0.3,5.0,0.71,5.0,0.7,5.0,0.74,15.0,0.75,15.0,0.03,0.03,44.021649,1776252444000
1776252446.137,146.137,0.26,15.0,0.25,15.0,0.29,5.0,0.3,5.0,0.71,5.0,0.7,5.0,0.74,15.0,0.75,15.0,0.03,0.03,44.021551,1776252445000
1776252447.303,147.303,0.26,15.0,0.25,15.0,0.29,5.0,0.3,5.0,0.71,5.0,0.7,5.0,0.74,15.0,0.75,15.0,0.03,0.03,44.021481,1776252446000
1776252448.004,148.004,0.26,15.0,0.25,15.0,0.29,5.0,0.3,5.0,0.71,5.0,0.7,5.0,0.74,15.0,0.75,15.0,0.03,0.03,44.021448,1776252447000
1776252449.415,149.415,0.26,15.0,0.25,15.0,0.29,5.0,0.3,5.0,0.71,5.0,0.7,5.0,0.74,15.0,0.75,15.0,0.03,0.03,44.021314,1776252448000
1776252450.47,150.47,0.26,15.0,0.25,15.0,0.29,5.0,0.3,5.0,0.71,5.0,0.7,5.0,0.74,15.0,0.75,15.0,0.03,0.03,44.021431,1776252449000
1776252451.043,151.043,0.26,15.0,0.25,15.0,0.29,5.0,0.3,5.0,0.71,5.0,0.7,5.0,0.74,15.0,0.75,15.0,0.03,0.03,44.021469,1776252450000
1776252452.245,152.245,0.26,15.0,0.25,15.0,0.29,5.0,0.3,5.0,0.71,5.0,0.7,5.0,0.74,15.0,0.75,15.0,0.03,0.03,44.022586,1776252451000
1776252453.462,153.462,0.26,15.0,0.25,15.0,0.29,5.0,0.3,5.0,0.71,5.0,0.7,5.0,0.74,15.0,0.75,15.0,0.03,0.03,44.018075,1776252452000
1776252453.922,153.922,0.26,15.0,0.25,15.0,0.29,5.0,0.3,5.0,0.71,5.0,0.7,5.0,0.74,15.0,0.75,15.0,0.03,0.03,44.018297,1776252453000
1776252454.517,154.517,0.38,5.0,0.37,5.0,0.41,5.0,0.42,15.0,0.71,5.0,0.7,5.0,0.74,15.0,0.75,15.0,0.03,0.03,44.018297,1776252453000
1776252455.198,155.198,0.38,5.0,0.37,5.0,0.41,5.0,0.42,15.0,0.59,5.0,0.58,15.0,0.62,5.0,0.63,5.0,0.03,0.03,44.018369,1776252454000
1776252456.368,156.368,0.38,5.0,0.37,5.0,0.41,5.0,0.42,15.0,0.59,5.0,0.58,15.0,0.62,5.0,0.63,5.0,0.03,0.03,44.018389,1776252455000
1776252457.865,157.865,0.38,5.0,0.37,5.0,0.41,5.0,0.42,15.0,0.59,5.0,0.58,15.0,0.62,5.0,0.63,5.0,0.03,0.03,44.018328,1776252456000
1776252458.429,158.429,0.38,5.0,0.37,5.0,0.41,5.0,0.42,15.0,0.59,5.0,0.58,15.0,0.62,5.0,0.63,5.0,0.03,0.03,44.018424,1776252457000
1776252458.998,158.998,0.38,5.0,0.37,5.0,0.41,5.0,0.42,15.0,0.59,5.0,0.58,15.0,0.62,5.0,0.63,5.0,0.03,0.03,44.018424,1776252458000
1776252460.031,160.031,0.38,5.0,0.37,5.0,0.41,5.0,0.42,15.0,0.59,5.0,0.58,15.0,0.62,5.0,0.63,5.0,0.03,0.03,44.018397,1776252459000
1776252461.049,161.049,0.38,5.0,0.37,5.0,0.41,5.0,0.42,15.0,0.59,5.0,0.58,15.0,0.62,5.0,0.63,5.0,0.03,0.03,44.018386,1776252460000
1776252462.129,162.129,0.38,5.0,0.37,5.0,0.41,5.0,0.42,15.0,0.59,5.0,0.58,15.0,0.62,5.0,0.63,5.0,0.03,0.03,44.018834,1776252461000
1776252463.382,163.382,0.38,5.0,0.37,5.0,0.41,5.0,0.42,15.0,0.59,5.0,0.58,15.0,0.62,5.0,0.63,5.0,0.03,0.03,44.025897,1776252462000
1776252464.334,164.334,0.38,5.0,0.37,5.0,0.41,5.0,0.42,15.0,0.59,5.0,0.58,15.0,0.62,5.0,0.63,5.0,0.03,0.03,44.02603,1776252463000
1776252464.882,164.882,0.38,5.0,0.37,5.0,0.41,5.0,0.42,15.0,0.59,5.0,0.58,15.0,0.62,5.0,0.63,5.0,0.03,0.03,44.02602,1776252464000
1776252465.902,165.902,0.38,5.0,0.37,5.0,0.41,5.0,0.42,15.0,0.59,5.0,0.58,15.0,0.62,5.0,0.63,5.0,0.03,0.03,44.026032,1776252465000
1776252466.973,166.973,0.38,5.0,0.37,5.0,0.41,5.0,0.42,15.0,0.59,5.0,0.58,15.0,0.62,5.0,0.63,5.0,0.03,0.03,44.02604,1776252466000
1776252468.06,168.06,0.38,5.0,0.37,5.0,0.41,5.0,0.42,15.0,0.59,5.0,0.58,15.0,0.62,5.0,0.63,5.0,0.03,0.03,44.026285,1776252467000
1776252469.133,169.133,0.6,5.0,0.59,5.0,0.63,5.0,0.64,5.0,0.37,5.0,0.36,5.0,0.4,5.0,0.41,5.0,0.03,0.03,44.026886,1776252468000
1776252470.179,170.179,0.6,5.0,0.59,5.0,0.63,5.0,0.64,5.0,0.37,5.0,0.36,5.0,0.4,5.0,0.41,5.0,0.03,0.03,44.035282,1776252469000
1776252471.642,171.642,0.6,5.0,0.59,5.0,0.63,5.0,0.64,5.0,0.37,5.0,0.36,5.0,0.4,5.0,0.41,5.0,0.03,0.03,44.038351,1776252470000
1776252472.164,172.164,0.6,5.0,0.59,5.0,0.63,5.0,0.64,5.0,0.37,5.0,0.36,5.0,0.4,5.0,0.41,5.0,0.03,0.03,44.038351,1776252471000
1776252473.158,173.158,0.6,5.0,0.59,5.0,0.63,5.0,0.64,5.0,0.37,5.0,0.36,5.0,0.4,5.0,0.41,5.0,0.03,0.03,44.038211,1776252472000
1776252474.205,174.205,0.6,5.0,0.59,5.0,0.63,5.0,0.64,5.0,0.37,5.0,0.36,5.0,0.4,5.0,0.41,5.0,0.03,0.03,44.038139,1776252473000
1776252475.357,175.357,0.6,5.0,0.59,5.0,0.63,5.0,0.64,5.0,0.37,5.0,0.36,5.0,0.4,5.0,0.41,5.0,0.03,0.03,44.038116,1776252474000
1776252476.359,176.359,0.6,5.0,0.59,5.0,0.63,5.0,0.64,5.0,0.37,5.0,0.36,5.0,0.4,5.0,0.41,5.0,0.03,0.03,44.038101,1776252475000
1776252476.809,176.809,0.6,5.0,0.59,5.0,0.63,5.0,0.64,5.0,0.37,5.0,0.36,5.0,0.4,5.0,0.41,5.0,0.03,0.03,44.038121,1776252476000
1776252477.891,177.891,0.6,5.0,0.59,5.0,0.63,5.0,0.64,5.0,0.37,5.0,0.36,5.0,0.4,5.0,0.41,5.0,0.03,0.03,44.038126,1776252477000
1776252478.949,178.949,0.6,5.0,0.59,5.0,0.63,5.0,0.64,5.0,0.37,5.0,0.36,5.0,0.4,5.0,0.41,5.0,0.03,0.03,44.038029,1776252478000
1776252480.11,180.11,0.6,5.0,0.59,5.0,0.63,5.0,0.64,5.0,0.37,5.0,0.36,5.0,0.4,5.0,0.41,5.0,0.03,0.03,44.038043,1776252479000
1776252481.195,181.195,0.6,5.0,0.59,5.0,0.63,5.0,0.64,5.0,0.37,5.0,0.36,5.0,0.4,5.0,0.41,5.0,0.03,0.03,44.03803,1776252480000
1776252482.195,182.195,0.6,5.0,0.59,5.0,0.63,5.0,0.64,5.0,0.37,5.0,0.36,5.0,0.4,5.0,0.41,5.0,0.03,0.03,44.037643,1776252481000
1776252483.535,183.535,0.6,5.0,0.59,5.0,0.63,5.0,0.64,5.0,0.37,5.0,0.36,5.0,0.4,5.0,0.41,5.0,0.03,0.03,44.037609,1776252482000
1776252484.353,184.353,0.6,5.0,0.59,5.0,0.63,5.0,0.64,5.0,0.37,5.0,0.36,5.0,0.4,5.0,0.41,5.0,0.03,0.03,44.037631,1776252483000
1776252485.442,185.442,0.6,5.0,0.59,5.0,0.63,5.0,0.64,5.0,0.37,5.0,0.36,5.0,0.4,5.0,0.41,5.0,0.03,0.03,44.037673,1776252484000
1776252486.191,186.191,0.6,5.0,0.59,5.0,0.63,5.0,0.64,5.0,0.37,5.0,0.36,5.0,0.4,5.0,0.41,5.0,0.03,0.03,44.037991,1776252485000
1776252487.416,187.416,0.6,5.0,0.59,5.0,0.63,5.0,0.64,5.0,0.37,5.0,0.36,5.0,0.4,5.0,0.41,5.0,0.03,0.03,44.037996,1776252486000
1776252488.06,188.06,0.6,5.0,0.59,5.0,0.63,5.0,0.64,5.0,0.37,5.0,0.36,5.0,0.4,5.0,0.41,5.0,0.03,0.03,44.037774,1776252487000
1776252489.242,189.242,0.6,5.0,0.59,5.0,0.63,5.0,0.64,5.0,0.37,5.0,0.36,5.0,0.4,5.0,0.41,5.0,0.03,0.03,44.037781,1776252488000
1776252490.46,190.46,0.6,5.0,0.59,5.0,0.63,5.0,0.64,5.0,0.37,5.0,0.36,5.0,0.4,5.0,0.41,5.0,0.03,0.03,44.037575,1776252489000
1776252491.102,191.102,0.6,5.0,0.59,5.0,0.63,5.0,0.64,5.0,0.37,5.0,0.36,5.0,0.4,5.0,0.41,5.0,0.03,0.03,44.037454,1776252490000
1776252492.257,192.257,0.6,5.0,0.59,5.0,0.63,5.0,0.64,5.0,0.37,5.0,0.36,5.0,0.4,5.0,0.41,5.0,0.03,0.03,44.03772,1776252491000
1776252493.499,193.499,0.6,5.0,0.59,5.0,0.63,5.0,0.64,5.0,0.37,5.0,0.36,5.0,0.4,5.0,0.41,5.0,0.03,0.03,44.038193,1776252492000
1776252494.024,194.024,0.6,5.0,0.59,5.0,0.63,5.0,0.64,5.0,0.37,5.0,0.36,5.0,0.4,5.0,0.41,5.0,0.03,0.03,44.037733,1776252493000
1776252495.068,195.068,0.6,5.0,0.59,5.0,0.63,5.0,0.64,5.0,0.37,5.0,0.36,5.0,0.4,5.0,0.41,5.0,0.03,0.03,44.037416,1776252494000
1776252496.284,196.284,0.6,5.0,0.59,5.0,0.63,5.0,0.64,5.0,0.37,5.0,0.36,5.0,0.4,5.0,0.41,5.0,0.03,0.03,44.037462,1776252495000
1776252497.383,197.383,0.6,5.0,0.59,5.0,0.63,5.0,0.64,5.0,0.37,5.0,0.36,5.0,0.4,5.0,0.41,5.0,0.03,0.03,44.031519,1776252496000
1776252498.053,198.053,0.6,5.0,0.59,5.0,0.63,5.0,0.64,5.0,0.37,5.0,0.36,5.0,0.4,5.0,0.41,5.0,0.03,0.03,44.031188,1776252497000
1776252499.194,199.194,0.6,5.0,0.59,5.0,0.63,5.0,0.64,5.0,0.37,5.0,0.36,5.0,0.4,5.0,0.41,5.0,0.03,0.03,44.031906,1776252498000
1776252500.783,200.783,0.6,5.0,0.59,5.0,0.63,5.0,0.64,5.0,0.37,5.0,0.36,5.0,0.4,5.0,0.41,5.0,0.03,0.03,44.031842,1776252499000
1776252501.274,201.274,0.6,5.0,0.59,5.0,0.63,5.0,0.64,5.0,0.37,5.0,0.36,5.0,0.4,5.0,0.41,5.0,0.03,0.03,44.031828,1776252500000
1776252502.172,202.172,0.41,5.0,0.4,5.0,0.43,5.0,0.44,5.0,0.57,5.0,0.56,5.0,0.59,5.0,0.6,5.0,0.02,0.02,44.03125,1776252501000
1776252503.136,203.136,0.41,5.0,0.4,5.0,0.43,5.0,0.44,5.0,0.57,5.0,0.56,5.0,0.59,5.0,0.6,5.0,0.02,0.02,44.031179,1776252502000
1776252504.159,204.159,0.41,5.0,0.4,5.0,0.43,5.0,0.44,5.0,0.57,5.0,0.56,5.0,0.59,5.0,0.6,5.0,0.02,0.02,44.031461,1776252503000
1776252505.177,205.177,0.41,5.0,0.4,5.0,0.43,5.0,0.44,5.0,0.57,5.0,0.56,5.0,0.59,5.0,0.6,5.0,0.02,0.02,44.031512,1776252504000
1776252506.239,206.239,0.41,5.0,0.4,5.0,0.43,5.0,0.44,5.0,0.57,5.0,0.56,5.0,0.59,5.0,0.6,5.0,0.02,0.02,44.031459,1776252505000
1776252507.093,207.093,0.61,5.0,0.6,5.0,0.64,5.0,0.65,35.0,0.57,5.0,0.56,5.0,0.59,5.0,0.6,5.0,0.03,0.02,44.031459,1776252505000
1776252507.294,207.294,0.61,5.0,0.6,5.0,0.64,5.0,0.65,35.0,0.36,5.0,0.35,35.0,0.39,5.0,0.4,5.0,0.03,0.03,44.031999,1776252506000
1776252508.0,208.0,0.63,5.0,0.62,5.0,0.64,2.18,0.65,35.0,0.36,5.0,0.35,35.0,0.39,5.0,0.4,5.0,0.01,0.03,44.031999,1776252506000
1776252509.287,209.287,0.63,5.0,0.62,5.0,0.64,2.18,0.65,35.0,0.36,2.18,0.35,35.0,0.37,5.0,0.38,5.0,0.01,0.01,44.038839,1776252508000
1776252510.141,210.141,0.63,5.0,0.62,5.0,0.64,2.18,0.65,35.0,0.36,2.18,0.35,35.0,0.37,5.0,0.38,5.0,0.01,0.01,44.038724,1776252509000
1776252511.16,211.16,0.63,5.0,0.62,5.0,0.64,2.18,0.65,35.0,0.36,2.18,0.35,35.0,0.37,5.0,0.38,5.0,0.01,0.01,44.038782,1776252510000
1776252512.195,212.195,0.63,5.0,0.62,5.0,0.64,2.18,0.65,35.0,0.36,2.18,0.35,35.0,0.37,5.0,0.38,5.0,0.01,0.01,44.03873,1776252511000
1776252513.85,213.85,0.63,5.0,0.62,5.0,0.64,2.18,0.65,35.0,0.36,2.18,0.35,35.0,0.37,5.0,0.38,5.0,0.01,0.01,44.038696,1776252512000
1776252514.291,214.291,0.63,5.0,0.62,5.0,0.64,2.18,0.65,35.0,0.36,2.18,0.35,35.0,0.37,5.0,0.38,5.0,0.01,0.01,44.038663,1776252513000
1776252514.797,214.797,0.63,5.0,0.62,5.0,0.64,2.18,0.65,35.0,0.36,2.18,0.35,35.0,0.37,5.0,0.38,5.0,0.01,0.01,44.038816,1776252514000
1776252516.043,216.043,0.63,5.0,0.62,5.0,0.64,2.18,0.65,35.0,0.36,2.18,0.35,35.0,0.37,5.0,0.38,5.0,0.01,0.01,44.038734,1776252515000
1776252516.997,216.997,0.63,5.0,0.62,5.0,0.64,2.18,0.65,35.0,0.36,2.18,0.35,35.0,0.37,5.0,0.38,5.0,0.01,0.01,44.038677,1776252516000
1776252517.238,217.238,0.39,5.0,0.38,15.0,0.4,5.0,0.41,5.0,0.36,2.18,0.35,35.0,0.37,5.0,0.38,5.0,0.01,0.01,44.038677,1776252516000
1776252517.902,217.902,0.35,20.0,0.34,20.0,0.39,5.0,0.4,5.0,0.6,5.0,0.59,5.0,0.61,5.0,0.62,15.0,0.04,0.01,44.038677,1776252516000
1776252519.209,219.209,0.35,20.0,0.34,20.0,0.39,5.0,0.4,5.0,0.61,5.0,0.6,5.0,0.65,20.0,0.66,20.0,0.04,0.04,44.030983,1776252518000
1776252520.14,220.14,0.35,20.0,0.34,20.0,0.39,5.0,0.4,5.0,0.61,5.0,0.6,5.0,0.65,20.0,0.66,20.0,0.04,0.04,44.030879,1776252519000
1776252521.251,221.251,0.35,20.0,0.34,20.0,0.39,5.0,0.4,5.0,0.61,5.0,0.6,5.0,0.65,20.0,0.66,20.0,0.04,0.04,44.03082,1776252520000
1776252522.281,222.281,0.35,20.0,0.34,20.0,0.39,5.0,0.4,5.0,0.61,5.0,0.6,5.0,0.65,20.0,0.66,20.0,0.04,0.04,44.030918,1776252521000
1776252523.242,223.242,0.35,20.0,0.34,20.0,0.39,5.0,0.4,5.0,0.61,5.0,0.6,5.0,0.65,20.0,0.66,20.0,0.04,0.04,44.030838,1776252522000
1776252523.892,223.892,0.42,9.41,0.41,15.0,0.43,5.0,0.44,5.0,0.61,5.0,0.6,5.0,0.65,20.0,0.66,20.0,0.01,0.04,44.030838,1776252522000
1776252524.233,224.233,0.42,9.41,0.41,15.0,0.43,5.0,0.44,5.0,0.57,5.0,0.56,5.0,0.58,9.41,0.59,15.0,0.01,0.01,44.030616,1776252523000
1776252524.537,224.537,0.42,9.41,0.41,15.0,0.44,5.0,0.45,5.0,0.57,5.0,0.56,5.0,0.58,9.41,0.59,15.0,0.02,0.01,44.030616,1776252523000
1776252525.362,225.362,0.42,9.41,0.41,15.0,0.44,5.0,0.45,5.0,0.56,5.0,0.55,5.0,0.58,9.41,0.59,15.0,0.02,0.02,44.03057,1776252524000
1776252526.223,226.223,0.42,9.41,0.41,15.0,0.44,5.0,0.45,5.0,0.56,5.0,0.55,5.0,0.58,9.41,0.59,15.0,0.02,0.02,44.030575,1776252525000
1776252527.37,227.37,0.42,9.41,0.41,15.0,0.44,5.0,0.45,5.0,0.56,5.0,0.55,5.0,0.58,9.41,0.59,15.0,0.02,0.02,44.030511,1776252526000
1776252528.112,228.112,0.42,9.41,0.41,15.0,0.44,5.0,0.45,5.0,0.56,5.0,0.55,5.0,0.58,9.41,0.59,15.0,0.02,0.02,44.030639,1776252527000
1776252529.478,229.478,0.42,9.41,0.41,15.0,0.44,5.0,0.45,5.0,0.56,5.0,0.55,5.0,0.58,9.41,0.59,15.0,0.02,0.02,44.027513,1776252528000
1776252529.999,229.999,0.42,9.41,0.41,15.0,0.44,5.0,0.45,5.0,0.56,5.0,0.55,5.0,0.58,9.41,0.59,15.0,0.02,0.02,44.026773,1776252529000
1776252531.442,231.442,0.42,9.41,0.41,15.0,0.44,5.0,0.45,5.0,0.56,5.0,0.55,5.0,0.58,9.41,0.59,15.0,0.02,0.02,44.021734,1776252530000
1776252531.979,231.979,0.58,5.0,0.57,5.0,0.61,15.0,0.62,15.0,0.56,5.0,0.55,5.0,0.58,9.41,0.59,15.0,0.03,0.02,44.021734,1776252530000
1776252532.286,232.286,0.58,5.0,0.57,5.0,0.61,15.0,0.62,15.0,0.39,15.0,0.38,15.0,0.42,5.0,0.43,5.0,0.03,0.03,44.021336,1776252531000
1776252533.822,233.822,0.58,5.0,0.57,5.0,0.61,25.0,0.63,15.0,0.39,25.0,0.37,15.0,0.42,5.0,0.43,5.0,0.03,0.03,44.026299,1776252532000
1776252534.374,234.374,0.58,5.0,0.57,5.0,0.61,25.0,0.63,15.0,0.39,25.0,0.37,15.0,0.42,5.0,0.43,5.0,0.03,0.03,44.027112,1776252533000
1776252535.568,235.568,0.58,5.0,0.57,5.0,0.61,25.0,0.63,15.0,0.39,25.0,0.37,15.0,0.42,5.0,0.43,5.0,0.03,0.03,44.027458,1776252534000
1776252536.065,236.065,0.58,5.0,0.57,5.0,0.61,25.0,0.63,15.0,0.39,25.0,0.37,15.0,0.42,5.0,0.43,5.0,0.03,0.03,44.027572,1776252535000
1776252537.417,237.417,0.58,5.0,0.57,5.0,0.61,25.0,0.63,15.0,0.39,25.0,0.37,15.0,0.42,5.0,0.43,5.0,0.03,0.03,44.027747,1776252536000
1776252538.043,238.043,0.58,5.0,0.57,5.0,0.61,25.0,0.63,15.0,0.39,25.0,0.37,15.0,0.42,5.0,0.43,5.0,0.03,0.03,44.02779,1776252537000
1776252539.167,239.167,0.58,5.0,0.57,5.0,0.61,25.0,0.63,15.0,0.39,25.0,0.37,15.0,0.42,5.0,0.43,5.0,0.03,0.03,44.027806,1776252538000
1776252540.069,240.069,0.58,0.5,0.57,5.0,0.59,5.0,0.6,5.0,0.39,25.0,0.37,15.0,0.42,5.0,0.43,5.0,0.01,0.03,44.027806,1776252538000
1776252540.311,240.311,0.58,0.5,0.57,5.0,0.59,5.0,0.6,5.0,0.41,5.0,0.4,5.0,0.42,0.5,0.43,5.0,0.01,0.01,44.027964,1776252539000
1776252540.87,240.87,0.58,0.5,0.57,5.0,0.59,5.0,0.6,5.0,0.41,5.0,0.4,5.0,0.42,0.5,0.43,5.0,0.01,0.01,44.027992,1776252540000
1776252542.039,242.039,0.58,0.5,0.57,5.0,0.59,5.0,0.6,5.0,0.41,5.0,0.4,5.0,0.42,0.5,0.43,5.0,0.01,0.01,44.028325,1776252541000
1776252543.812,243.812,0.58,0.5,0.57,5.0,0.59,5.0,0.6,5.0,0.41,5.0,0.4,5.0,0.42,0.5,0.43,5.0,0.01,0.01,44.028058,1776252542000
1776252544.4,244.4,0.58,0.5,0.57,5.0,0.59,5.0,0.6,5.0,0.41,5.0,0.4,5.0,0.42,0.5,0.43,5.0,0.01,0.01,44.028453,1776252543000
1776252545.572,245.572,0.58,0.5,0.57,5.0,0.59,5.0,0.6,5.0,0.41,5.0,0.4,5.0,0.42,0.5,0.43,5.0,0.01,0.01,44.028367,1776252544000
1776252546.202,246.202,0.58,0.5,0.57,5.0,0.59,5.0,0.6,5.0,0.41,5.0,0.4,5.0,0.42,0.5,0.43,5.0,0.01,0.01,44.02848,1776252545000
1776252546.685,246.685,0.5,5.0,0.49,15.0,0.51,5.0,0.52,5.0,0.48,5.0,0.47,5.0,0.51,15.0,0.52,15.0,0.01,0.03,44.02848,1776252545000
1776252547.559,247.559,0.5,5.0,0.49,15.0,0.51,5.0,0.52,5.0,0.49,5.0,0.48,5.0,0.5,5.0,0.51,15.0,0.01,0.01,44.028487,1776252546000
1776252548.49,248.49,0.5,5.0,0.49,15.0,0.51,5.0,0.52,5.0,0.49,5.0,0.48,5.0,0.5,5.0,0.51,15.0,0.01,0.01,44.02844,1776252547000
1776252549.146,249.146,0.5,5.0,0.49,15.0,0.51,5.0,0.52,5.0,0.49,5.0,0.48,5.0,0.5,5.0,0.51,15.0,0.01,0.01,44.028436,1776252548000
1776252550.66,250.66,0.5,5.0,0.49,15.0,0.51,5.0,0.52,5.0,0.49,5.0,0.48,5.0,0.5,5.0,0.51,15.0,0.01,0.01,44.028494,1776252549000
1776252551.221,251.221,0.5,5.0,0.49,15.0,0.51,5.0,0.52,5.0,0.49,5.0,0.48,5.0,0.5,5.0,0.51,15.0,0.01,0.01,44.028493,1776252550000
1776252552.471,252.471,0.35,44.0,0.34,20.0,0.38,5.0,0.39,5.0,0.49,5.0,0.48,5.0,0.5,5.0,0.51,15.0,0.03,0.01,44.028493,1776252550000
1776252552.719,252.719,0.35,44.0,0.34,20.0,0.38,5.0,0.39,5.0,0.62,5.0,0.61,5.0,0.65,44.0,0.66,20.0,0.03,0.03,44.028611,1776252551000
1776252553.689,253.689,0.35,44.0,0.34,20.0,0.38,5.0,0.39,5.0,0.62,5.0,0.61,5.0,0.65,44.0,0.66,20.0,0.03,0.03,44.028718,1776252552000
1776252554.191,254.191,0.35,44.0,0.34,20.0,0.38,5.0,0.39,5.0,0.62,5.0,0.61,5.0,0.65,44.0,0.66,20.0,0.03,0.03,44.029508,1776252553000
1776252555.654,255.654,0.35,44.0,0.34,20.0,0.38,5.0,0.39,5.0,0.62,5.0,0.61,5.0,0.65,44.0,0.66,20.0,0.03,0.03,44.028178,1776252554000
1776252556.347,256.347,0.35,44.0,0.34,20.0,0.38,5.0,0.39,5.0,0.62,5.0,0.61,5.0,0.65,44.0,0.66,20.0,0.03,0.03,44.028323,1776252555000
1776252557.175,257.175,0.35,44.0,0.34,20.0,0.38,5.0,0.39,5.0,0.62,5.0,0.61,5.0,0.65,44.0,0.66,20.0,0.03,0.03,44.028683,1776252556000
1776252558.717,258.717,0.35,44.0,0.34,20.0,0.38,5.0,0.39,5.0,0.62,5.0,0.61,5.0,0.65,44.0,0.66,20.0,0.03,0.03,44.028741,1776252557000
1776252559.555,259.555,0.35,44.0,0.34,20.0,0.38,5.0,0.39,5.0,0.62,5.0,0.61,5.0,0.65,44.0,0.66,20.0,0.03,0.03,44.029842,1776252558000
1776252560.224,260.224,0.35,44.0,0.34,20.0,0.38,5.0,0.39,5.0,0.62,5.0,0.61,5.0,0.65,44.0,0.66,20.0,0.03,0.03,44.03007,1776252559000
1776252561.093,261.093,0.23,13.7,0.22,15.0,0.24,5.0,0.25,5.0,0.62,5.0,0.61,5.0,0.65,44.0,0.66,20.0,0.01,0.03,44.03007,1776252559000
1776252561.771,261.771,0.23,13.7,0.22,15.0,0.24,5.0,0.25,5.0,0.76,5.0,0.75,5.0,0.77,13.7,0.78,15.0,0.01,0.01,44.029558,1776252560000
1776252562.489,262.489,0.23,13.7,0.22,15.0,0.24,5.0,0.25,5.0,0.76,5.0,0.75,5.0,0.77,13.7,0.78,15.0,0.01,0.01,44.024418,1776252561000
1776252563.098,263.098,0.23,13.7,0.22,15.0,0.24,5.0,0.25,5.0,0.76,5.0,0.75,5.0,0.77,13.7,0.78,15.0,0.01,0.01,44.023727,1776252562000
1776252564.205,264.205,0.23,13.7,0.22,15.0,0.24,5.0,0.25,5.0,0.76,5.0,0.75,5.0,0.77,13.7,0.78,15.0,0.01,0.01,44.023843,1776252563000
1776252564.945,264.945,0.4,5.0,0.39,5.0,0.42,3.73,0.43,5.0,0.53,5.0,0.52,20.0,0.57,5.0,0.58,5.0,0.02,0.04,44.023843,1776252563000
1776252565.484,265.484,0.4,5.0,0.39,5.0,0.42,3.73,0.43,5.0,0.58,3.73,0.57,5.0,0.6,5.0,0.61,5.0,0.02,0.02,44.023928,1776252564000
1776252566.473,266.473,0.4,5.0,0.39,5.0,0.42,3.73,0.43,5.0,0.58,3.73,0.57,5.0,0.6,5.0,0.61,5.0,0.02,0.02,44.024799,1776252565000
1776252566.912,266.912,0.4,5.0,0.39,5.0,0.42,3.73,0.43,5.0,0.58,3.73,0.57,5.0,0.6,5.0,0.61,5.0,0.02,0.02,44.025058,1776252566000
1776252567.948,267.948,0.4,5.0,0.39,5.0,0.42,3.73,0.43,5.0,0.58,3.73,0.57,5.0,0.6,5.0,0.61,5.0,0.02,0.02,44.025003,1776252567000
1776252569.069,269.069,0.4,5.0,0.39,5.0,0.42,3.73,0.43,5.0,0.58,3.73,0.57,5.0,0.6,5.0,0.61,5.0,0.02,0.02,44.024947,1776252568000
1776252570.263,270.263,0.26,4.48,0.25,20.0,0.28,5.0,0.29,5.0,0.72,5.0,0.71,5.0,0.74,4.48,0.75,20.0,0.02,0.02,44.024637,1776252569000
1776252571.393,271.393,0.26,4.48,0.25,20.0,0.28,5.0,0.29,5.0,0.72,5.0,0.71,5.0,0.74,4.48,0.75,20.0,0.02,0.02,44.024193,1776252570000
1776252571.954,271.954,0.26,4.48,0.25,20.0,0.28,5.0,0.29,5.0,0.72,5.0,0.71,5.0,0.74,4.48,0.75,20.0,0.02,0.02,44.023823,1776252571000
1776252573.184,273.184,0.42,5.0,0.41,5.0,0.45,5.0,0.46,5.0,0.72,5.0,0.71,5.0,0.74,4.48,0.75,20.0,0.03,0.02,44.023823,1776252571000
1776252574.235,274.235,0.42,5.0,0.41,5.0,0.45,5.0,0.46,5.0,0.55,5.0,0.54,5.0,0.58,5.0,0.59,5.0,0.03,0.03,44.023217,1776252573000
1776252575.246,275.246,0.42,5.0,0.41,5.0,0.45,5.0,0.46,5.0,0.55,5.0,0.54,5.0,0.58,5.0,0.59,5.0,0.03,0.03,44.023236,1776252574000
1776252575.641,275.641,0.29,2.97,0.28,5.0,0.3,5.0,0.31,5.0,0.55,5.0,0.54,5.0,0.58,5.0,0.59,5.0,0.01,0.03,44.023236,1776252574000
1776252576.263,276.263,0.26,40.0,0.25,5.0,0.29,5.0,0.3,5.0,0.7,5.0,0.69,5.0,0.71,2.97,0.72,5.0,0.03,0.01,44.023236,1776252574000
1776252576.705,276.705,0.3,3.55,0.29,15.0,0.32,5.0,0.33,5.0,0.71,5.0,0.7,5.0,0.74,40.0,0.75,5.0,0.02,0.03,44.023236,1776252574000
1776252576.966,276.966,0.3,3.55,0.29,15.0,0.32,5.0,0.33,5.0,0.68,5.0,0.67,5.0,0.7,3.55,0.71,15.0,0.02,0.02,44.024257,1776252575000
1776252577.408,277.408,0.3,3.55,0.29,15.0,0.32,5.0,0.33,5.0,0.68,5.0,0.67,5.0,0.7,3.55,0.71,15.0,0.02,0.02,44.023498,1776252576000
1776252578.07,278.07,0.3,3.55,0.29,15.0,0.32,5.0,0.33,5.0,0.68,5.0,0.67,5.0,0.7,3.55,0.71,15.0,0.02,0.02,44.023495,1776252577000
1776252579.094,279.094,0.26,40.0,0.21,5.0,0.29,5.0,0.3,5.0,0.71,5.0,0.7,5.0,0.74,40.0,0.79,5.0,0.03,0.03,44.023537,1776252578000
1776252580.001,280.001,0.26,40.0,0.21,5.0,0.29,5.0,0.3,5.0,0.71,5.0,0.7,5.0,0.74,40.0,0.79,5.0,0.03,0.03,44.023521,1776252579000
1776252580.492,280.492,0.1,101.0,0.09,5.0,0.12,5.0,0.13,5.0,0.71,5.0,0.7,5.0,0.74,40.0,0.79,5.0,0.02,0.03,44.023521,1776252579000
1776252580.924,280.924,0.1,101.0,0.09,5.0,0.12,5.0,0.13,5.0,0.88,5.0,0.87,5.0,0.9,101.0,0.91,5.0,0.02,0.02,44.023813,1776252580000
1776252581.28,281.28,0.1,97.45,0.09,5.0,0.12,5.0,0.13,5.0,0.88,5.0,0.87,5.0,0.9,101.0,0.91,5.0,0.02,0.02,44.023813,1776252580000
1776252581.501,281.501,0.18,1.37,0.17,5.0,0.2,5.0,0.21,5.0,0.88,5.0,0.87,5.0,0.9,97.45,0.91,5.0,0.02,0.02,44.023813,1776252580000
1776252581.841,281.841,0.18,1.37,0.17,5.0,0.2,5.0,0.21,5.0,0.8,5.0,0.79,5.0,0.82,1.37,0.83,5.0,0.02,0.02,44.021316,1776252581000
1776252582.868,282.868,0.18,1.37,0.17,5.0,0.2,5.0,0.21,5.0,0.8,5.0,0.79,5.0,0.82,1.37,0.83,5.0,0.02,0.02,44.020877,1776252582000
1776252584.233,284.233,0.18,1.37,0.17,5.0,0.2,5.0,0.21,5.0,0.8,5.0,0.79,5.0,0.82,1.37,0.83,5.0,0.02,0.02,44.021818,1776252583000
1776252585.214,285.214,0.18,1.37,0.17,5.0,0.2,5.0,0.21,5.0,0.8,5.0,0.79,5.0,0.82,1.37,0.83,5.0,0.02,0.02,44.022633,1776252584000
1776252586.104,286.104,0.18,1.37,0.17,5.0,0.2,5.0,0.21,5.0,0.8,5.0,0.79,5.0,0.82,1.37,0.83,5.0,0.02,0.02,44.022807,1776252585000
1776252587.087,287.087,0.1,94.15,0.05,67.0,0.11,5.0,0.12,5.0,0.89,5.0,0.88,5.0,0.9,94.15,0.95,67.0,0.01,0.01,44.024955,1776252586000
1776252588.071,288.071,0.1,94.15,0.05,67.0,0.11,5.0,0.12,5.0,0.89,5.0,0.88,5.0,0.9,94.15,0.95,67.0,0.01,0.01,44.014094,1776252587000
1776252588.51,288.51,0.1,40.19,0.04,5.0,0.11,5.0,0.12,5.0,0.89,5.0,0.88,5.0,0.9,94.15,0.95,67.0,0.01,0.01,44.014094,1776252587000
1776252589.659,289.659,0.1,40.19,0.04,5.0,0.11,5.0,0.12,5.0,0.89,5.0,0.88,5.0,0.9,40.19,0.96,5.0,0.01,0.01,44.010005,1776252588000
1776252591.303,291.303,0.04,1.87,0.02,10.0,0.05,10.0,0.06,5.0,0.89,5.0,0.88,5.0,0.9,40.19,0.96,5.0,0.01,0.01,44.010261,1776252589000
1776252591.703,291.703,0.02,6.82,0.01,250.0,0.05,65.0,0.06,5.0,0.95,10.0,0.94,5.0,0.96,1.87,0.98,10.0,0.03,0.01,44.010261,1776252589000
1776252594.05,294.05,0.01,131.55,,,0.03,70.0,0.04,5.0,0.95,65.0,0.94,5.0,0.98,1.77,0.99,250.0,0.02,0.03,44.003522,1776252592000
1776252594.543,294.543,0.01,130.53,,,0.02,65.0,0.03,10.0,0.97,70.0,0.96,5.0,0.99,131.55,,,0.01,0.02,44.003522,1776252592000
1776252594.988,294.988,0.01,98.53,,,0.02,70.0,0.03,10.0,0.98,65.0,0.97,10.0,0.99,130.53,,,0.01,0.01,44.00318,1776252593000
1776252595.734,295.734,0.01,55.37,,,0.02,70.0,0.03,10.0,0.98,70.0,0.97,10.0,0.99,83.37,,,0.01,0.01,44.002468,1776252594000
1776252596.414,296.414,0.01,54.26,,,0.02,70.0,0.03,10.0,0.98,70.0,0.97,10.0,0.99,55.37,,,0.01,0.01,44.001687,1776252595000
1776252596.963,296.963,0.01,49.21,,,0.02,70.0,0.03,10.0,0.98,70.0,0.97,10.0,0.99,51.24,,,0.01,0.01,44.001687,1776252595000
1776252597.456,297.456,0.01,45.06,,,0.02,70.0,0.03,10.0,0.98,70.0,0.97,10.0,0.99,46.17,,,0.01,0.01,44.001687,1776252595000
1776252597.663,297.663,0.01,34.96,,,0.02,70.0,0.03,10.0,0.98,70.0,0.97,10.0,0.99,40.01,,,0.01,0.01,44.002451,1776252596000
1776252598.073,298.073,0.01,14.81,,,0.02,70.0,0.03,10.0,0.98,70.0,0.97,10.0,0.99,19.81,,,0.01,0.01,44.002451,1776252596000
1776252599.858,299.858,,,,,0.01,145.1,0.02,70.0,0.98,70.0,0.97,10.0,,,,,,,44.001453,1776252598000

# RESULT,winner=Down,slug=hype-updown-5m-1776252300,ticks=322
