timestamp,elapsed_sec,up_bid_p1,up_bid_s1,up_bid_p2,up_bid_s2,up_ask_p1,up_ask_s1,up_ask_p2,up_ask_s2,down_bid_p1,down_bid_s1,down_bid_p2,down_bid_s2,down_ask_p1,down_ask_s1,down_ask_p2,down_ask_s2,up_spread,down_spread,hype_price,hype_oracle_ts
1776183311.6,11.6,0.44,10.0,0.41,17.0,0.61,10.0,0.63,13.0,0.39,10.0,0.37,13.0,0.56,10.0,0.59,17.0,0.17,0.17,43.781154,1776183310000
1776183312.07,12.07,0.44,10.0,0.41,12.0,0.61,10.0,0.63,13.0,0.39,10.0,0.37,13.0,0.56,10.0,0.59,17.0,0.17,0.17,43.781154,1776183310000
1776183312.663,12.663,0.44,10.0,0.41,12.0,0.61,10.0,0.63,13.0,0.39,10.0,0.37,13.0,0.56,10.0,0.59,12.0,0.17,0.17,43.777151,1776183311000
1776183313.26,13.26,0.44,10.0,0.41,12.0,0.61,10.0,0.63,13.0,0.39,10.0,0.37,13.0,0.56,10.0,0.59,12.0,0.17,0.17,43.778049,1776183312000
1776183314.69,14.69,0.44,10.0,0.41,12.0,0.61,10.0,0.63,13.0,0.39,10.0,0.37,13.0,0.56,10.0,0.59,12.0,0.17,0.17,43.774808,1776183313000
1776183315.415,15.415,0.44,10.0,0.41,12.0,0.61,10.0,0.63,13.0,0.39,10.0,0.37,13.0,0.56,10.0,0.59,12.0,0.17,0.17,43.77868,1776183314000
1776183316.413,16.413,0.44,10.0,0.41,12.0,0.61,10.0,0.63,13.0,0.39,10.0,0.37,13.0,0.56,10.0,0.59,12.0,0.17,0.17,43.778054,1776183315000
1776183316.9,16.9,0.44,10.0,0.41,12.0,0.61,10.0,0.63,13.0,0.39,10.0,0.37,13.0,0.56,10.0,0.59,12.0,0.17,0.17,43.775727,1776183316000
1776183317.832,17.832,0.44,10.0,0.41,12.0,0.61,10.0,0.63,13.0,0.39,10.0,0.37,13.0,0.56,10.0,0.59,12.0,0.17,0.17,43.77585,1776183317000
1776183318.864,18.864,0.44,10.0,0.41,12.0,0.61,10.0,0.63,13.0,0.39,10.0,0.37,13.0,0.56,10.0,0.59,12.0,0.17,0.17,43.771996,1776183318000
1776183319.859,19.859,0.44,10.0,0.41,12.0,0.61,10.0,0.63,13.0,0.39,10.0,0.37,13.0,0.56,10.0,0.59,12.0,0.17,0.17,43.771147,1776183319000
1776183320.849,20.849,0.44,10.0,0.41,12.0,0.61,10.0,0.63,13.0,0.39,10.0,0.37,13.0,0.56,10.0,0.59,12.0,0.17,0.17,43.771943,1776183320000
1776183322.307,22.307,0.44,10.0,0.41,12.0,0.61,10.0,0.63,13.0,0.39,10.0,0.37,13.0,0.56,10.0,0.59,12.0,0.17,0.17,43.772035,1776183321000
1776183323.367,23.367,0.44,10.0,0.41,12.0,0.61,10.0,0.63,13.0,0.39,10.0,0.37,13.0,0.56,10.0,0.59,12.0,0.17,0.17,43.772051,1776183322000
1776183324.286,24.286,0.44,10.0,0.41,12.0,0.61,10.0,0.63,13.0,0.39,10.0,0.37,13.0,0.56,10.0,0.59,12.0,0.17,0.17,43.773769,1776183323000
1776183325.23,25.23,0.44,10.0,0.41,12.0,0.61,10.0,0.63,13.0,0.39,10.0,0.37,13.0,0.56,10.0,0.59,12.0,0.17,0.17,43.784397,1776183324000
1776183326.212,26.212,0.44,10.0,0.41,12.0,0.61,10.0,0.63,13.0,0.39,10.0,0.37,13.0,0.56,10.0,0.59,12.0,0.17,0.17,43.784039,1776183325000
1776183327.29,27.29,0.44,10.0,0.41,12.0,0.61,10.0,0.63,13.0,0.39,10.0,0.37,13.0,0.56,10.0,0.59,12.0,0.17,0.17,43.783009,1776183326000
1776183328.184,28.184,0.44,10.0,0.41,12.0,0.61,10.0,0.63,13.0,0.39,10.0,0.37,13.0,0.56,10.0,0.59,12.0,0.17,0.17,43.782676,1776183327000
1776183329.346,29.346,0.44,10.0,0.41,12.0,0.61,10.0,0.63,13.0,0.39,10.0,0.37,13.0,0.56,10.0,0.59,12.0,0.17,0.17,43.782319,1776183328000
1776183330.411,30.411,0.44,10.0,0.41,12.0,0.61,10.0,0.63,13.0,0.39,10.0,0.37,13.0,0.56,10.0,0.59,12.0,0.17,0.17,43.783573,1776183329000
1776183331.053,31.053,0.44,10.0,0.41,12.0,0.61,10.0,0.63,13.0,0.39,10.0,0.37,13.0,0.56,10.0,0.59,12.0,0.17,0.17,43.783873,1776183330000
1776183332.02,32.02,0.44,10.0,0.41,12.0,0.61,10.0,0.63,13.0,0.39,10.0,0.37,13.0,0.56,10.0,0.59,12.0,0.17,0.17,43.786847,1776183331000
1776183333.23,33.23,0.44,10.0,0.41,12.0,0.61,10.0,0.63,13.0,0.39,10.0,0.37,13.0,0.56,10.0,0.59,12.0,0.17,0.17,43.791574,1776183332000
1776183334.252,34.252,0.44,10.0,0.41,12.0,0.61,10.0,0.63,13.0,0.39,10.0,0.37,13.0,0.56,10.0,0.59,12.0,0.17,0.17,43.799166,1776183333000
1776183335.346,35.346,0.44,10.0,0.41,12.0,0.61,10.0,0.63,13.0,0.39,10.0,0.37,13.0,0.56,10.0,0.59,12.0,0.17,0.17,43.804637,1776183334000
1776183336.512,36.512,0.44,10.0,0.41,12.0,0.61,10.0,0.63,13.0,0.39,10.0,0.37,13.0,0.56,10.0,0.59,12.0,0.17,0.17,43.807337,1776183335000
1776183337.072,37.072,0.44,10.0,0.41,12.0,0.61,10.0,0.63,13.0,0.39,10.0,0.37,13.0,0.56,10.0,0.59,12.0,0.17,0.17,43.807337,1776183336000
1776183338.191,38.191,0.44,10.0,0.41,12.0,0.61,10.0,0.63,13.0,0.39,10.0,0.37,13.0,0.56,10.0,0.59,12.0,0.17,0.17,43.808935,1776183337000
1776183339.287,39.287,0.44,10.0,0.41,12.0,0.61,10.0,0.63,13.0,0.39,10.0,0.37,13.0,0.56,10.0,0.59,12.0,0.17,0.17,43.811038,1776183338000
1776183340.462,40.462,0.44,10.0,0.41,12.0,0.61,10.0,0.63,13.0,0.39,10.0,0.37,13.0,0.56,10.0,0.59,12.0,0.17,0.17,43.812983,1776183339000
1776183341.1,41.1,0.44,10.0,0.41,12.0,0.61,10.0,0.63,13.0,0.39,10.0,0.37,13.0,0.56,10.0,0.59,12.0,0.17,0.17,43.812722,1776183340000
1776183342.253,42.253,0.44,10.0,0.41,12.0,0.61,10.0,0.63,13.0,0.39,10.0,0.37,13.0,0.56,10.0,0.59,12.0,0.17,0.17,43.80529,1776183341000
1776183344.177,44.177,0.44,10.0,0.41,12.0,0.61,10.0,0.63,13.0,0.39,10.0,0.37,13.0,0.56,10.0,0.59,12.0,0.17,0.17,43.799538,1776183342000
1776183345.186,45.186,0.44,10.0,0.41,12.0,0.61,10.0,0.63,13.0,0.39,10.0,0.37,13.0,0.56,10.0,0.59,12.0,0.17,0.17,43.791703,1776183343000
1776183345.882,45.882,0.44,10.0,0.41,12.0,0.61,10.0,0.63,13.0,0.39,10.0,0.37,13.0,0.56,10.0,0.59,12.0,0.17,0.17,43.791273,1776183344000
1776183346.768,46.768,0.44,10.0,0.41,12.0,0.61,10.0,0.63,13.0,0.39,10.0,0.37,13.0,0.56,10.0,0.59,12.0,0.17,0.17,43.791602,1776183345000
1776183347.484,47.484,0.44,10.0,0.41,12.0,0.61,10.0,0.63,13.0,0.39,10.0,0.37,13.0,0.56,10.0,0.59,12.0,0.17,0.17,43.788395,1776183346000
1776183348.332,48.332,0.44,10.0,0.41,12.0,0.61,10.0,0.63,13.0,0.39,10.0,0.37,13.0,0.56,10.0,0.59,12.0,0.17,0.17,43.788395,1776183347000
1776183349.948,49.948,0.44,10.0,0.41,12.0,0.61,10.0,0.63,13.0,0.39,10.0,0.37,13.0,0.56,10.0,0.59,12.0,0.17,0.17,43.7837,1776183348000
1776183350.711,50.711,0.44,10.0,0.41,12.0,0.61,10.0,0.63,13.0,0.39,10.0,0.37,13.0,0.56,10.0,0.59,12.0,0.17,0.17,43.78226,1776183349000
1776183351.458,51.458,0.44,10.0,0.41,12.0,0.61,10.0,0.63,13.0,0.39,10.0,0.37,13.0,0.56,10.0,0.59,12.0,0.17,0.17,43.78226,1776183350000
1776183352.18,52.18,0.44,10.0,0.41,12.0,0.61,10.0,0.63,13.0,0.39,10.0,0.37,13.0,0.56,10.0,0.59,12.0,0.17,0.17,43.779459,1776183351000
1776183353.805,53.805,0.44,10.0,0.41,12.0,0.61,10.0,0.63,13.0,0.39,10.0,0.37,13.0,0.56,10.0,0.59,12.0,0.17,0.17,43.780274,1776183352000
1776183354.478,54.478,0.44,10.0,0.41,12.0,0.61,10.0,0.63,13.0,0.39,10.0,0.37,13.0,0.56,10.0,0.59,12.0,0.17,0.17,43.783812,1776183353000
1776183355.202,55.202,0.44,10.0,0.41,12.0,0.61,10.0,0.63,13.0,0.39,10.0,0.37,13.0,0.56,10.0,0.59,12.0,0.17,0.17,43.786322,1776183354000
1776183356.632,56.632,0.44,10.0,0.41,12.0,0.61,10.0,0.63,13.0,0.39,10.0,0.37,13.0,0.56,10.0,0.59,12.0,0.17,0.17,43.79144,1776183355000
1776183357.361,57.361,0.44,10.0,0.41,12.0,0.61,10.0,0.63,13.0,0.39,10.0,0.37,13.0,0.56,10.0,0.59,12.0,0.17,0.17,43.791801,1776183356000
1776183358.097,58.097,0.44,10.0,0.41,12.0,0.61,10.0,0.63,13.0,0.39,10.0,0.37,13.0,0.56,10.0,0.59,12.0,0.17,0.17,43.799165,1776183357000
1776183359.45,59.45,0.44,10.0,0.41,12.0,0.61,10.0,0.63,13.0,0.39,10.0,0.37,13.0,0.56,10.0,0.59,12.0,0.17,0.17,43.808645,1776183358000
1776183360.29,60.29,0.44,10.0,0.41,12.0,0.61,10.0,0.63,13.0,0.39,10.0,0.37,13.0,0.56,10.0,0.59,12.0,0.17,0.17,43.808645,1776183359000
1776183361.714,61.714,0.44,10.0,0.41,12.0,0.61,10.0,0.63,13.0,0.39,10.0,0.37,13.0,0.56,10.0,0.59,12.0,0.17,0.17,43.80664,1776183360000
1776183362.395,62.395,0.44,10.0,0.41,12.0,0.61,10.0,0.63,13.0,0.39,10.0,0.37,13.0,0.56,10.0,0.59,12.0,0.17,0.17,43.80664,1776183361000
1776183363.509,63.509,0.44,10.0,0.41,12.0,0.61,10.0,0.63,13.0,0.39,10.0,0.37,13.0,0.56,10.0,0.59,12.0,0.17,0.17,43.811453,1776183362000
1776183364.053,64.053,0.44,10.0,0.41,12.0,0.61,10.0,0.63,13.0,0.39,10.0,0.37,13.0,0.56,10.0,0.59,12.0,0.17,0.17,43.812274,1776183363000
1776183365.235,65.235,0.44,10.0,0.41,12.0,0.61,10.0,0.63,13.0,0.39,10.0,0.37,13.0,0.56,10.0,0.59,12.0,0.17,0.17,43.814974,1776183364000
1776183366.284,66.284,0.44,10.0,0.41,12.0,0.61,10.0,0.63,13.0,0.39,10.0,0.37,13.0,0.56,10.0,0.59,12.0,0.17,0.17,43.814822,1776183365000
1776183368.241,68.241,0.44,10.0,0.41,12.0,0.61,10.0,0.63,13.0,0.39,10.0,0.37,13.0,0.56,10.0,0.59,12.0,0.17,0.17,43.813756,1776183366000
1776183368.655,68.655,0.44,10.0,0.41,12.0,0.61,10.0,0.63,13.0,0.39,10.0,0.37,13.0,0.56,10.0,0.59,12.0,0.17,0.17,43.812916,1776183367000
1776183369.34,69.34,0.44,10.0,0.41,12.0,0.61,10.0,0.63,13.0,0.39,10.0,0.37,13.0,0.56,10.0,0.59,12.0,0.17,0.17,43.807922,1776183368000
1776183370.046,70.046,0.44,10.0,0.41,12.0,0.61,10.0,0.63,13.0,0.39,10.0,0.37,13.0,0.56,10.0,0.59,12.0,0.17,0.17,43.807749,1776183369000
1776183371.399,71.399,0.44,10.0,0.41,12.0,0.61,10.0,0.63,13.0,0.39,10.0,0.37,13.0,0.56,10.0,0.59,12.0,0.17,0.17,43.800016,1776183370000
1776183372.581,72.581,0.44,10.0,0.41,12.0,0.61,10.0,0.63,13.0,0.39,10.0,0.37,13.0,0.56,10.0,0.59,12.0,0.17,0.17,43.795494,1776183371000
1776183373.158,73.158,0.44,10.0,0.41,12.0,0.61,10.0,0.63,13.0,0.39,10.0,0.37,13.0,0.56,10.0,0.59,12.0,0.17,0.17,43.797285,1776183372000
1776183374.215,74.215,0.44,10.0,0.41,12.0,0.61,10.0,0.63,13.0,0.39,10.0,0.37,13.0,0.56,10.0,0.59,12.0,0.17,0.17,43.791661,1776183373000
1776183375.367,75.367,0.44,10.0,0.41,12.0,0.61,10.0,0.63,13.0,0.39,10.0,0.37,13.0,0.56,10.0,0.59,12.0,0.17,0.17,43.796347,1776183374000
1776183376.348,76.348,0.44,10.0,0.41,12.0,0.61,10.0,0.63,13.0,0.39,10.0,0.37,13.0,0.56,10.0,0.59,12.0,0.17,0.17,43.797521,1776183375000
1776183377.482,77.482,0.44,10.0,0.41,12.0,0.61,10.0,0.63,13.0,0.39,10.0,0.37,13.0,0.56,10.0,0.59,12.0,0.17,0.17,43.799013,1776183376000
1776183378.12,78.12,0.44,10.0,0.41,12.0,0.61,10.0,0.63,13.0,0.39,10.0,0.37,13.0,0.56,10.0,0.59,12.0,0.17,0.17,43.798813,1776183377000
1776183379.861,79.861,0.44,10.0,0.41,12.0,0.61,10.0,0.63,13.0,0.39,10.0,0.37,13.0,0.56,10.0,0.59,12.0,0.17,0.17,43.799756,1776183378000
1776183381.057,81.057,0.44,10.0,0.41,12.0,0.61,10.0,0.63,13.0,0.39,10.0,0.37,13.0,0.56,10.0,0.59,12.0,0.17,0.17,43.79506,1776183379000
1776183382.26,82.26,0.44,10.0,0.41,12.0,0.61,10.0,0.63,13.0,0.39,10.0,0.37,13.0,0.56,10.0,0.59,12.0,0.17,0.17,43.794932,1776183380000
1776183383.342,83.342,0.44,10.0,0.41,12.0,0.61,10.0,0.63,13.0,0.39,10.0,0.37,13.0,0.56,10.0,0.59,12.0,0.17,0.17,43.795097,1776183381000
1776183384.417,84.417,0.44,10.0,0.41,12.0,0.61,10.0,0.63,13.0,0.39,10.0,0.37,13.0,0.56,10.0,0.59,12.0,0.17,0.17,43.793688,1776183382000
1776183385.372,85.372,0.44,10.0,0.41,12.0,0.61,10.0,0.63,13.0,0.39,10.0,0.37,13.0,0.56,10.0,0.59,12.0,0.17,0.17,43.794619,1776183384000
1776183386.37,86.37,0.44,10.0,0.41,12.0,0.61,10.0,0.63,13.0,0.39,10.0,0.37,13.0,0.56,10.0,0.59,12.0,0.17,0.17,43.79471,1776183385000
1776183388.012,88.012,0.44,10.0,0.41,12.0,0.61,10.0,0.63,13.0,0.39,10.0,0.37,13.0,0.56,10.0,0.59,12.0,0.17,0.17,43.805538,1776183386000
1776183388.989,88.989,0.44,10.0,0.41,12.0,0.61,10.0,0.63,13.0,0.39,10.0,0.37,13.0,0.56,10.0,0.59,12.0,0.17,0.17,43.805829,1776183387000
1776183389.938,89.938,0.44,10.0,0.41,12.0,0.61,10.0,0.63,13.0,0.39,10.0,0.37,13.0,0.56,10.0,0.59,12.0,0.17,0.17,43.805829,1776183388000
1776183390.591,90.591,0.44,10.0,0.41,12.0,0.61,10.0,0.63,13.0,0.39,10.0,0.37,13.0,0.56,10.0,0.59,12.0,0.17,0.17,43.803315,1776183389000
1776183391.263,91.263,0.44,10.0,0.41,12.0,0.61,10.0,0.63,13.0,0.39,10.0,0.37,13.0,0.56,10.0,0.59,12.0,0.17,0.17,43.80309,1776183390000
1776183392.733,92.733,0.44,10.0,0.41,12.0,0.61,10.0,0.63,13.0,0.39,10.0,0.37,13.0,0.56,10.0,0.59,12.0,0.17,0.17,43.799539,1776183391000
1776183393.312,93.312,0.44,10.0,0.41,12.0,0.61,10.0,0.63,13.0,0.39,10.0,0.37,13.0,0.56,10.0,0.59,12.0,0.17,0.17,43.799496,1776183392000
1776183394.182,94.182,0.44,10.0,0.41,12.0,0.61,10.0,0.63,13.0,0.39,10.0,0.37,13.0,0.56,10.0,0.59,12.0,0.17,0.17,43.799098,1776183393000
1776183394.458,94.458,0.55,10.0,0.54,9.0,0.62,1.35,0.63,15.0,0.39,10.0,0.37,13.0,0.56,10.0,0.59,12.0,0.07,0.17,43.799098,1776183393000
1776183395.395,95.395,0.55,10.0,0.54,9.0,0.62,1.35,0.63,15.0,0.38,1.35,0.37,15.0,0.45,10.0,0.46,9.0,0.07,0.07,43.79702,1776183394000
1776183396.167,96.167,0.55,10.0,0.54,9.0,0.62,1.35,0.63,15.0,0.38,1.35,0.37,15.0,0.45,10.0,0.46,9.0,0.07,0.07,43.797108,1776183395000
1776183398.06,98.06,0.55,10.0,0.54,9.0,0.62,1.35,0.63,15.0,0.38,1.35,0.37,15.0,0.45,10.0,0.46,9.0,0.07,0.07,43.799027,1776183396000
1776183398.88,98.88,0.55,10.0,0.54,9.0,0.62,1.35,0.63,15.0,0.38,1.35,0.37,15.0,0.45,10.0,0.46,9.0,0.07,0.07,43.802074,1776183397000
1776183399.722,99.722,0.55,10.0,0.54,9.0,0.62,1.35,0.63,15.0,0.38,1.35,0.37,15.0,0.45,10.0,0.46,9.0,0.07,0.07,43.801775,1776183398000
1776183400.41,100.41,0.55,10.0,0.54,9.0,0.62,1.35,0.63,15.0,0.38,1.35,0.37,15.0,0.45,10.0,0.46,9.0,0.07,0.07,43.799922,1776183399000
1776183401.472,101.472,0.55,10.0,0.54,9.0,0.62,1.35,0.63,15.0,0.38,1.35,0.37,15.0,0.45,10.0,0.46,9.0,0.07,0.07,43.799922,1776183400000
1776183402.242,102.242,0.55,10.0,0.54,9.0,0.62,1.35,0.63,15.0,0.38,1.35,0.37,15.0,0.45,10.0,0.46,9.0,0.07,0.07,43.799453,1776183401000
1776183403.15,103.15,0.55,10.0,0.54,9.0,0.62,1.35,0.63,15.0,0.38,1.35,0.37,15.0,0.45,10.0,0.46,9.0,0.07,0.07,43.797911,1776183402000
1776183404.245,104.245,0.55,10.0,0.54,9.0,0.62,1.35,0.63,15.0,0.38,1.35,0.37,15.0,0.45,10.0,0.46,9.0,0.07,0.07,43.796202,1776183403000
1776183405.263,105.263,0.55,10.0,0.54,9.0,0.62,1.35,0.63,15.0,0.38,1.35,0.37,15.0,0.45,10.0,0.46,9.0,0.07,0.07,43.798173,1776183404000
1776183406.377,106.377,0.55,10.0,0.54,9.0,0.62,1.35,0.63,15.0,0.38,1.35,0.37,15.0,0.45,10.0,0.46,9.0,0.07,0.07,43.795721,1776183405000
1776183407.003,107.003,0.55,10.0,0.54,9.0,0.62,1.35,0.63,15.0,0.38,1.35,0.37,15.0,0.45,10.0,0.46,9.0,0.07,0.07,43.797463,1776183406000
1776183408.084,108.084,0.55,10.0,0.54,9.0,0.62,1.35,0.63,15.0,0.38,1.35,0.37,15.0,0.45,10.0,0.46,9.0,0.07,0.07,43.79531,1776183407000
1776183409.211,109.211,0.55,10.0,0.54,9.0,0.62,1.35,0.63,15.0,0.38,1.35,0.37,15.0,0.45,10.0,0.46,9.0,0.07,0.07,43.789912,1776183408000
1776183410.529,110.529,0.55,10.0,0.54,9.0,0.62,1.35,0.63,15.0,0.38,1.35,0.37,15.0,0.45,10.0,0.46,9.0,0.07,0.07,43.790082,1776183409000
1776183411.097,111.097,0.55,10.0,0.54,9.0,0.62,1.35,0.63,15.0,0.38,1.35,0.37,15.0,0.45,10.0,0.46,9.0,0.07,0.07,43.790082,1776183410000
1776183412.329,112.329,0.55,10.0,0.54,9.0,0.62,1.35,0.63,15.0,0.38,1.35,0.37,15.0,0.45,10.0,0.46,9.0,0.07,0.07,43.784625,1776183411000
1776183413.739,113.739,0.55,10.0,0.54,9.0,0.62,1.35,0.63,15.0,0.38,1.35,0.37,15.0,0.45,10.0,0.46,9.0,0.07,0.07,43.782698,1776183412000
1776183414.328,114.328,0.51,4.89,0.48,30.0,0.61,15.0,0.62,15.0,0.39,15.0,0.38,15.0,0.49,4.89,0.52,30.0,0.1,0.1,43.781242,1776183413000
1776183415.585,115.585,0.51,4.89,0.48,30.0,0.61,15.0,0.62,15.0,0.39,15.0,0.38,15.0,0.49,4.89,0.52,30.0,0.1,0.1,43.781392,1776183414000
1776183416.592,116.592,0.51,4.89,0.48,30.0,0.61,15.0,0.62,15.0,0.39,15.0,0.38,15.0,0.49,4.89,0.52,30.0,0.1,0.1,43.784042,1776183415000
1776183417.093,117.093,0.51,4.89,0.48,30.0,0.61,15.0,0.62,15.0,0.39,15.0,0.38,15.0,0.49,4.89,0.52,30.0,0.1,0.1,43.78551,1776183416000
1776183418.293,118.293,0.51,4.89,0.48,30.0,0.61,15.0,0.62,15.0,0.39,15.0,0.38,15.0,0.49,4.89,0.52,30.0,0.1,0.1,43.784617,1776183417000
1776183419.303,119.303,0.51,4.89,0.48,30.0,0.61,15.0,0.62,15.0,0.39,15.0,0.38,15.0,0.49,4.89,0.52,30.0,0.1,0.1,43.784515,1776183418000
1776183420.384,120.384,0.51,4.89,0.48,30.0,0.61,15.0,0.62,15.0,0.39,15.0,0.38,15.0,0.49,4.89,0.52,30.0,0.1,0.1,43.784233,1776183419000
1776183421.423,121.423,0.51,4.89,0.48,30.0,0.61,15.0,0.62,15.0,0.39,15.0,0.38,15.0,0.49,4.89,0.52,30.0,0.1,0.1,43.784375,1776183420000
1776183421.971,121.971,0.51,4.89,0.48,30.0,0.61,15.0,0.62,15.0,0.39,15.0,0.38,15.0,0.49,4.89,0.52,30.0,0.1,0.1,43.785708,1776183421000
1776183423.043,123.043,0.51,4.89,0.48,30.0,0.61,15.0,0.62,15.0,0.39,15.0,0.38,15.0,0.49,4.89,0.52,30.0,0.1,0.1,43.7862,1776183422000
1776183424.037,124.037,0.51,4.89,0.48,30.0,0.61,15.0,0.62,15.0,0.39,15.0,0.38,15.0,0.49,4.89,0.52,30.0,0.1,0.1,43.788125,1776183423000
1776183425.209,125.209,0.51,4.89,0.48,30.0,0.61,15.0,0.62,15.0,0.39,15.0,0.38,15.0,0.49,4.89,0.52,30.0,0.1,0.1,43.788594,1776183424000
1776183426.331,126.331,0.51,4.89,0.48,30.0,0.61,15.0,0.62,15.0,0.39,15.0,0.38,15.0,0.49,4.89,0.52,30.0,0.1,0.1,43.788429,1776183425000
1776183427.421,127.421,0.51,4.89,0.48,30.0,0.61,15.0,0.62,15.0,0.39,15.0,0.38,15.0,0.49,4.89,0.52,30.0,0.1,0.1,43.788429,1776183426000
1776183428.019,128.019,0.51,4.89,0.48,30.0,0.61,15.0,0.62,15.0,0.39,15.0,0.38,15.0,0.49,4.89,0.52,30.0,0.1,0.1,43.787389,1776183427000
1776183429.031,129.031,0.51,4.89,0.48,30.0,0.61,15.0,0.62,15.0,0.39,15.0,0.38,15.0,0.49,4.89,0.52,30.0,0.1,0.1,43.787051,1776183428000
1776183430.356,130.356,0.51,4.89,0.48,30.0,0.61,15.0,0.62,15.0,0.39,15.0,0.38,15.0,0.49,4.89,0.52,30.0,0.1,0.1,43.790463,1776183429000
1776183431.487,131.487,0.51,4.89,0.48,30.0,0.61,15.0,0.62,15.0,0.39,15.0,0.38,15.0,0.49,4.89,0.52,30.0,0.1,0.1,43.79406,1776183430000
1776183432.146,132.146,0.51,4.89,0.48,30.0,0.61,15.0,0.62,15.0,0.39,15.0,0.38,15.0,0.49,4.89,0.52,30.0,0.1,0.1,43.794329,1776183431000
1776183433.152,133.152,0.51,4.89,0.48,30.0,0.61,15.0,0.62,15.0,0.39,15.0,0.38,15.0,0.49,4.89,0.52,30.0,0.1,0.1,43.794495,1776183432000
1776183434.237,134.237,0.51,4.89,0.48,30.0,0.61,15.0,0.62,15.0,0.39,15.0,0.38,15.0,0.49,4.89,0.52,30.0,0.1,0.1,43.796887,1776183433000
1776183435.298,135.298,0.51,4.89,0.48,30.0,0.61,15.0,0.62,15.0,0.39,15.0,0.38,15.0,0.49,4.89,0.52,30.0,0.1,0.1,43.794495,1776183434000
1776183436.473,136.473,0.51,4.89,0.48,30.0,0.61,15.0,0.62,15.0,0.39,15.0,0.38,15.0,0.49,4.89,0.52,30.0,0.1,0.1,43.793161,1776183435000
1776183436.995,136.995,0.51,4.89,0.48,30.0,0.61,15.0,0.62,15.0,0.39,15.0,0.38,15.0,0.49,4.89,0.52,30.0,0.1,0.1,43.793107,1776183436000
1776183437.94,137.94,0.51,4.89,0.48,30.0,0.61,15.0,0.62,15.0,0.39,15.0,0.38,15.0,0.49,4.89,0.52,30.0,0.1,0.1,43.793107,1776183437000
1776183439.038,139.038,0.51,4.89,0.48,30.0,0.61,15.0,0.62,15.0,0.39,15.0,0.38,15.0,0.49,4.89,0.52,30.0,0.1,0.1,43.792238,1776183438000
1776183440.068,140.068,0.51,4.89,0.48,30.0,0.61,15.0,0.62,15.0,0.39,15.0,0.38,15.0,0.49,4.89,0.52,30.0,0.1,0.1,43.792238,1776183439000
1776183441.124,141.124,0.51,4.89,0.48,30.0,0.61,15.0,0.62,15.0,0.39,15.0,0.38,15.0,0.49,4.89,0.52,30.0,0.1,0.1,43.792156,1776183440000
1776183442.113,142.113,0.51,4.89,0.48,30.0,0.61,15.0,0.62,15.0,0.39,15.0,0.38,15.0,0.49,4.89,0.52,30.0,0.1,0.1,43.792111,1776183441000
1776183443.149,143.149,0.51,4.89,0.48,30.0,0.61,15.0,0.62,15.0,0.39,15.0,0.38,15.0,0.49,4.89,0.52,30.0,0.1,0.1,43.793726,1776183442000
1776183444.581,144.581,0.57,27.0,0.53,15.0,0.62,5.0,0.72,15.0,0.39,15.0,0.38,15.0,0.49,4.89,0.52,30.0,0.05,0.1,43.793726,1776183442000
1776183445.131,145.131,0.57,27.0,0.54,15.0,0.72,15.0,0.73,15.0,0.28,15.0,0.27,15.0,0.43,27.0,0.46,15.0,0.15,0.15,43.793644,1776183444000
1776183446.628,146.628,0.57,27.0,0.54,15.0,0.72,15.0,0.73,15.0,0.28,15.0,0.27,15.0,0.43,27.0,0.46,15.0,0.15,0.15,43.809967,1776183445000
1776183447.118,147.118,0.57,27.0,0.54,15.0,0.72,15.0,0.73,15.0,0.28,15.0,0.27,15.0,0.43,27.0,0.46,15.0,0.15,0.15,43.811668,1776183446000
1776183448.206,148.206,0.57,27.0,0.54,15.0,0.72,15.0,0.73,15.0,0.28,15.0,0.27,15.0,0.43,27.0,0.46,15.0,0.15,0.15,43.812443,1776183447000
1776183449.128,149.128,0.57,27.0,0.54,15.0,0.72,15.0,0.73,15.0,0.28,15.0,0.27,15.0,0.43,27.0,0.46,15.0,0.15,0.15,43.812761,1776183448000
1776183450.564,150.564,0.57,27.0,0.54,15.0,0.72,15.0,0.73,15.0,0.28,15.0,0.27,15.0,0.43,27.0,0.46,15.0,0.15,0.15,43.812795,1776183449000
1776183451.06,151.06,0.57,27.0,0.54,15.0,0.72,15.0,0.73,15.0,0.28,15.0,0.27,15.0,0.43,27.0,0.46,15.0,0.15,0.15,43.812795,1776183450000
1776183452.242,152.242,0.57,27.0,0.54,15.0,0.72,15.0,0.73,15.0,0.28,15.0,0.27,15.0,0.43,27.0,0.46,15.0,0.15,0.15,43.812795,1776183451000
1776183452.475,152.475,0.7,7.0,0.62,25.0,0.74,4.67,0.75,15.0,0.28,15.0,0.27,15.0,0.43,27.0,0.46,15.0,0.04,0.15,43.812795,1776183451000
1776183453.536,153.536,0.7,7.0,0.62,25.0,0.74,4.67,0.75,15.0,0.26,4.67,0.25,15.0,0.3,7.0,0.38,25.0,0.04,0.04,43.813105,1776183452000
1776183454.522,154.522,0.7,7.0,0.62,25.0,0.74,4.67,0.75,15.0,0.26,4.67,0.25,15.0,0.3,7.0,0.38,25.0,0.04,0.04,43.813105,1776183453000
1776183455.2,155.2,0.7,7.0,0.62,25.0,0.74,4.67,0.75,15.0,0.26,4.67,0.25,15.0,0.3,7.0,0.38,25.0,0.04,0.04,43.808641,1776183454000
1776183456.357,156.357,0.7,7.0,0.62,25.0,0.74,4.67,0.75,15.0,0.26,4.67,0.25,15.0,0.3,7.0,0.38,25.0,0.04,0.04,43.797997,1776183455000
1776183457.066,157.066,0.7,7.0,0.62,25.0,0.74,4.67,0.75,15.0,0.26,4.67,0.25,15.0,0.3,7.0,0.38,25.0,0.04,0.04,43.797997,1776183456000
1776183458.305,158.305,0.7,7.0,0.62,25.0,0.74,4.67,0.75,15.0,0.26,4.67,0.25,15.0,0.3,7.0,0.38,25.0,0.04,0.04,43.793037,1776183457000
1776183459.453,159.453,0.7,7.0,0.62,25.0,0.74,4.67,0.75,15.0,0.26,4.67,0.25,15.0,0.3,7.0,0.38,25.0,0.04,0.04,43.792618,1776183458000
1776183460.095,160.095,0.7,7.0,0.62,25.0,0.74,4.67,0.75,15.0,0.26,4.67,0.25,15.0,0.3,7.0,0.38,25.0,0.04,0.04,43.791796,1776183459000
1776183461.12,161.12,0.7,7.0,0.62,25.0,0.74,4.67,0.75,15.0,0.26,4.67,0.25,15.0,0.3,7.0,0.38,25.0,0.04,0.04,43.791645,1776183460000
1776183462.179,162.179,0.7,7.0,0.62,25.0,0.74,4.67,0.75,15.0,0.26,4.67,0.25,15.0,0.3,7.0,0.38,25.0,0.04,0.04,43.787551,1776183461000
1776183463.161,163.161,0.7,7.0,0.62,25.0,0.74,4.67,0.75,15.0,0.26,4.67,0.25,15.0,0.3,7.0,0.38,25.0,0.04,0.04,43.780602,1776183462000
1776183464.194,164.194,0.7,7.0,0.62,25.0,0.74,4.67,0.75,15.0,0.26,4.67,0.25,15.0,0.3,7.0,0.38,25.0,0.04,0.04,43.777253,1776183463000
1776183465.227,165.227,0.7,7.0,0.62,25.0,0.74,4.67,0.75,15.0,0.26,4.67,0.25,15.0,0.3,7.0,0.38,25.0,0.04,0.04,43.776049,1776183464000
1776183466.342,166.342,0.7,7.0,0.62,25.0,0.74,4.67,0.75,15.0,0.26,4.67,0.25,15.0,0.3,7.0,0.38,25.0,0.04,0.04,43.776024,1776183465000
1776183467.21,167.21,0.51,4.0,0.37,15.0,0.53,10.0,0.54,15.0,0.26,4.67,0.25,15.0,0.3,7.0,0.38,25.0,0.02,0.04,43.776024,1776183465000
1776183467.468,167.468,0.51,4.0,0.37,15.0,0.53,10.0,0.54,15.0,0.47,10.0,0.46,15.0,0.49,4.0,0.63,15.0,0.02,0.02,43.775312,1776183466000
1776183467.984,167.984,0.51,4.0,0.37,15.0,0.53,10.0,0.54,15.0,0.47,10.0,0.46,15.0,0.49,4.0,0.63,15.0,0.02,0.02,43.775189,1776183467000
1776183468.975,168.975,0.51,4.0,0.37,15.0,0.53,10.0,0.54,15.0,0.47,10.0,0.46,15.0,0.49,4.0,0.63,15.0,0.02,0.02,43.772928,1776183468000
1776183470.055,170.055,0.51,4.0,0.37,15.0,0.53,10.0,0.54,15.0,0.47,10.0,0.46,15.0,0.49,4.0,0.63,15.0,0.02,0.02,43.771506,1776183469000
1776183471.068,171.068,0.51,4.0,0.37,15.0,0.53,10.0,0.54,15.0,0.47,10.0,0.46,15.0,0.49,4.0,0.63,15.0,0.02,0.02,43.772441,1776183470000
1776183472.123,172.123,0.51,4.0,0.37,15.0,0.53,10.0,0.54,15.0,0.47,10.0,0.46,15.0,0.49,4.0,0.63,15.0,0.02,0.02,43.772446,1776183471000
1776183473.197,173.197,0.51,4.0,0.37,15.0,0.53,10.0,0.54,15.0,0.47,10.0,0.46,15.0,0.49,4.0,0.63,15.0,0.02,0.02,43.772446,1776183472000
1776183474.709,174.709,0.51,4.0,0.37,15.0,0.53,10.0,0.54,15.0,0.47,10.0,0.46,15.0,0.49,4.0,0.63,15.0,0.02,0.02,43.771551,1776183473000
1776183475.208,175.208,0.51,4.0,0.37,15.0,0.53,10.0,0.54,15.0,0.47,10.0,0.46,15.0,0.49,4.0,0.63,15.0,0.02,0.02,43.770634,1776183474000
1776183476.273,176.273,0.51,4.0,0.37,15.0,0.53,10.0,0.54,15.0,0.47,10.0,0.46,15.0,0.49,4.0,0.63,15.0,0.02,0.02,43.768665,1776183475000
1776183477.429,177.429,0.51,4.0,0.37,15.0,0.53,10.0,0.54,15.0,0.47,10.0,0.46,15.0,0.49,4.0,0.63,15.0,0.02,0.02,43.767724,1776183476000
1776183478.087,178.087,0.51,4.0,0.37,15.0,0.53,10.0,0.54,15.0,0.47,10.0,0.46,15.0,0.49,4.0,0.63,15.0,0.02,0.02,43.767558,1776183477000
1776183479.053,179.053,0.51,4.0,0.37,15.0,0.53,10.0,0.54,15.0,0.47,10.0,0.46,15.0,0.49,4.0,0.63,15.0,0.02,0.02,43.767286,1776183478000
1776183480.162,180.162,0.51,4.0,0.37,15.0,0.53,10.0,0.54,15.0,0.47,10.0,0.46,15.0,0.49,4.0,0.63,15.0,0.02,0.02,43.769839,1776183479000
1776183481.256,181.256,0.51,4.0,0.37,15.0,0.53,10.0,0.54,15.0,0.47,10.0,0.46,15.0,0.49,4.0,0.63,15.0,0.02,0.02,43.768084,1776183480000
1776183482.424,182.424,0.51,4.0,0.37,15.0,0.53,10.0,0.54,15.0,0.47,10.0,0.46,15.0,0.49,4.0,0.63,15.0,0.02,0.02,43.767602,1776183481000
1776183482.956,182.956,0.51,4.0,0.37,15.0,0.53,10.0,0.54,15.0,0.47,10.0,0.46,15.0,0.49,4.0,0.63,15.0,0.02,0.02,43.767742,1776183482000
1776183484.078,184.078,0.41,15.0,0.4,15.0,0.68,10.63,0.72,15.0,0.47,10.0,0.46,15.0,0.49,4.0,0.63,15.0,0.27,0.02,43.767742,1776183482000
1776183485.236,185.236,0.41,15.0,0.4,15.0,0.68,10.63,0.72,15.0,0.32,10.63,0.28,15.0,0.59,15.0,0.6,15.0,0.27,0.27,43.768495,1776183484000
1776183486.366,186.366,0.41,15.0,0.4,15.0,0.68,10.63,0.72,15.0,0.32,10.63,0.28,15.0,0.59,15.0,0.6,15.0,0.27,0.27,43.779401,1776183485000
1776183487.525,187.525,0.41,15.0,0.4,15.0,0.68,10.63,0.72,15.0,0.32,10.63,0.28,15.0,0.59,15.0,0.6,15.0,0.27,0.27,43.780533,1776183486000
1776183487.988,187.988,0.41,15.0,0.4,15.0,0.68,10.63,0.72,15.0,0.32,10.63,0.28,15.0,0.59,15.0,0.6,15.0,0.27,0.27,43.780533,1776183487000
1776183489.455,189.455,0.41,15.0,0.4,15.0,0.68,10.63,0.72,15.0,0.32,10.63,0.28,15.0,0.59,15.0,0.6,15.0,0.27,0.27,43.779837,1776183488000
1776183489.957,189.957,0.41,15.0,0.4,15.0,0.68,10.63,0.72,15.0,0.32,10.63,0.28,15.0,0.59,15.0,0.6,15.0,0.27,0.27,43.779378,1776183489000
1776183490.911,190.911,0.41,15.0,0.4,15.0,0.68,10.63,0.72,15.0,0.32,10.63,0.28,15.0,0.59,15.0,0.6,15.0,0.27,0.27,43.779378,1776183490000
1776183491.819,191.819,0.41,15.0,0.4,15.0,0.68,10.63,0.72,15.0,0.32,10.63,0.28,15.0,0.59,15.0,0.6,15.0,0.27,0.27,43.77413,1776183491000
1776183493.474,193.474,0.41,15.0,0.4,15.0,0.68,10.63,0.72,15.0,0.32,10.63,0.28,15.0,0.59,15.0,0.6,15.0,0.27,0.27,43.771803,1776183492000
1776183493.971,193.971,0.41,15.0,0.4,15.0,0.68,10.63,0.72,15.0,0.32,10.63,0.28,15.0,0.59,15.0,0.6,15.0,0.27,0.27,43.768956,1776183493000
1776183495.033,195.033,0.41,15.0,0.4,15.0,0.68,10.63,0.72,15.0,0.32,10.63,0.28,15.0,0.59,15.0,0.6,15.0,0.27,0.27,43.760909,1776183494000
1776183495.955,195.955,0.41,15.0,0.4,15.0,0.68,10.63,0.72,15.0,0.32,10.63,0.28,15.0,0.59,15.0,0.6,15.0,0.27,0.27,43.752472,1776183495000
1776183496.99,196.99,0.41,15.0,0.4,15.0,0.68,10.63,0.72,15.0,0.32,10.63,0.28,15.0,0.59,15.0,0.6,15.0,0.27,0.27,43.747811,1776183496000
1776183498.021,198.021,0.41,15.0,0.4,15.0,0.68,10.63,0.72,15.0,0.32,10.63,0.28,15.0,0.59,15.0,0.6,15.0,0.27,0.27,43.741303,1776183497000
1776183498.715,198.715,0.3,3.8,0.29,15.0,0.41,10.0,0.46,9.0,0.64,7.22,0.59,8.0,0.7,6.66,0.72,15.0,0.11,0.06,43.741303,1776183497000
1776183499.053,199.053,0.3,3.8,0.29,15.0,0.41,10.0,0.46,9.0,0.59,10.0,0.54,9.0,0.7,3.8,0.71,15.0,0.11,0.11,43.744023,1776183498000
1776183499.672,199.672,0.31,12.1,0.3,18.8,0.41,10.0,0.46,9.0,0.59,10.0,0.54,9.0,0.7,3.8,0.71,15.0,0.1,0.11,43.744023,1776183498000
1776183500.083,200.083,0.31,12.1,0.3,18.8,0.41,10.0,0.46,9.0,0.59,10.0,0.54,9.0,0.69,12.1,0.7,18.8,0.1,0.1,43.74659,1776183499000
1776183501.13,201.13,0.31,12.1,0.3,18.8,0.41,10.0,0.46,9.0,0.59,10.0,0.54,9.0,0.69,12.1,0.7,18.8,0.1,0.1,43.74671,1776183500000
1776183502.129,202.129,0.31,12.1,0.3,18.8,0.41,10.0,0.46,9.0,0.59,10.0,0.54,9.0,0.69,12.1,0.7,18.8,0.1,0.1,43.751622,1776183501000
1776183503.152,203.152,0.24,15.0,0.23,15.0,0.32,10.0,0.46,19.0,0.59,10.0,0.54,9.0,0.69,12.1,0.7,18.8,0.08,0.1,43.751622,1776183501000
1776183504.109,204.109,0.24,15.0,0.23,15.0,0.32,10.0,0.46,19.0,0.68,10.0,0.54,19.0,0.76,15.0,0.77,15.0,0.08,0.08,43.7489,1776183503000
1776183505.088,205.088,0.24,15.0,0.23,15.0,0.32,10.0,0.46,19.0,0.68,10.0,0.54,19.0,0.76,15.0,0.77,15.0,0.08,0.08,43.744155,1776183504000
1776183506.146,206.146,0.24,15.0,0.23,15.0,0.32,10.0,0.46,19.0,0.68,10.0,0.54,19.0,0.76,15.0,0.77,15.0,0.08,0.08,43.740296,1776183505000
1776183507.143,207.143,0.24,15.0,0.23,15.0,0.32,10.0,0.46,19.0,0.68,10.0,0.54,19.0,0.76,15.0,0.77,15.0,0.08,0.08,43.739594,1776183506000
1776183508.138,208.138,0.24,15.0,0.23,15.0,0.32,10.0,0.46,19.0,0.68,10.0,0.54,19.0,0.76,15.0,0.77,15.0,0.08,0.08,43.740039,1776183507000
1776183509.125,209.125,0.24,15.0,0.23,15.0,0.32,10.0,0.46,19.0,0.68,10.0,0.54,19.0,0.76,15.0,0.77,15.0,0.08,0.08,43.747927,1776183508000
1776183510.08,210.08,0.24,15.0,0.23,15.0,0.32,10.0,0.46,19.0,0.68,10.0,0.54,19.0,0.76,15.0,0.77,15.0,0.08,0.08,43.755879,1776183509000
1776183510.94,210.94,0.29,9.95,0.28,15.0,0.38,10.0,0.47,9.0,0.68,10.0,0.54,19.0,0.76,15.0,0.77,15.0,0.09,0.08,43.755879,1776183509000
1776183512.032,212.032,0.29,4.9,0.28,15.0,0.38,10.0,0.47,9.0,0.62,10.0,0.53,9.0,0.71,4.9,0.72,15.0,0.09,0.09,43.757753,1776183511000
1776183512.615,212.615,0.24,13.68,0.23,15.0,0.32,10.0,0.49,9.0,0.62,10.0,0.53,9.0,0.71,4.9,0.72,15.0,0.08,0.09,43.757753,1776183511000
1776183512.961,212.961,0.24,13.68,0.23,15.0,0.32,10.0,0.49,9.0,0.68,10.0,0.51,9.0,0.76,13.68,0.77,15.0,0.08,0.08,43.75043,1776183512000
1776183513.992,213.992,0.24,13.68,0.23,15.0,0.32,10.0,0.49,9.0,0.68,10.0,0.51,9.0,0.76,13.68,0.77,15.0,0.08,0.08,43.746245,1776183513000
1776183515.307,215.307,0.24,13.68,0.23,15.0,0.32,10.0,0.49,9.0,0.68,10.0,0.51,9.0,0.76,13.68,0.77,15.0,0.08,0.08,43.743943,1776183514000
1776183516.274,216.274,0.24,13.68,0.23,15.0,0.32,10.0,0.49,9.0,0.68,10.0,0.51,9.0,0.76,13.68,0.77,15.0,0.08,0.08,43.745422,1776183515000
1776183517.271,217.271,0.24,13.68,0.23,15.0,0.32,10.0,0.49,9.0,0.68,10.0,0.51,9.0,0.76,13.68,0.77,15.0,0.08,0.08,43.74697,1776183516000
1776183518.28,218.28,0.24,13.68,0.23,15.0,0.32,10.0,0.49,9.0,0.68,10.0,0.51,9.0,0.76,13.68,0.77,15.0,0.08,0.08,43.74938,1776183517000
1776183519.275,219.275,0.28,13.61,0.27,15.0,0.38,10.0,0.45,15.0,0.62,10.0,0.55,15.0,0.72,13.61,0.73,15.0,0.1,0.1,43.747468,1776183518000
1776183520.269,220.269,0.28,13.61,0.27,15.0,0.38,10.0,0.45,15.0,0.62,10.0,0.55,15.0,0.72,13.61,0.73,15.0,0.1,0.1,43.749379,1776183519000
1776183521.352,221.352,0.28,13.61,0.27,15.0,0.38,10.0,0.45,15.0,0.62,10.0,0.55,15.0,0.72,13.61,0.73,15.0,0.1,0.1,43.751033,1776183520000
1776183521.625,221.625,0.26,8.25,0.25,15.0,0.35,10.0,0.38,15.0,0.62,10.0,0.55,15.0,0.72,13.61,0.73,15.0,0.09,0.1,43.751033,1776183520000
1776183522.342,222.342,0.26,8.25,0.25,15.0,0.35,10.0,0.38,15.0,0.65,10.0,0.62,15.0,0.74,8.25,0.75,15.0,0.09,0.09,43.751238,1776183521000
1776183523.349,223.349,0.26,8.25,0.25,15.0,0.35,10.0,0.38,15.0,0.65,10.0,0.62,15.0,0.74,8.25,0.75,15.0,0.09,0.09,43.743828,1776183522000
1776183524.218,224.218,0.26,8.25,0.25,15.0,0.35,10.0,0.38,15.0,0.65,10.0,0.62,15.0,0.74,8.25,0.75,15.0,0.09,0.09,43.745866,1776183523000
1776183525.26,225.26,0.26,8.25,0.25,15.0,0.35,10.0,0.38,15.0,0.65,10.0,0.62,15.0,0.74,8.25,0.75,15.0,0.09,0.09,43.738843,1776183524000
1776183526.202,226.202,0.26,8.25,0.25,15.0,0.35,10.0,0.38,15.0,0.65,10.0,0.62,15.0,0.74,8.25,0.75,15.0,0.09,0.09,43.732545,1776183525000
1776183527.683,227.683,0.26,8.25,0.25,15.0,0.35,10.0,0.38,15.0,0.65,10.0,0.62,15.0,0.74,8.25,0.75,15.0,0.09,0.09,43.728388,1776183526000
1776183528.257,228.257,0.26,8.25,0.25,15.0,0.35,10.0,0.38,15.0,0.65,10.0,0.62,15.0,0.74,8.25,0.75,15.0,0.09,0.09,43.728553,1776183527000
1776183528.541,228.541,0.22,15.0,0.21,15.0,0.27,10.0,0.35,15.0,0.65,10.0,0.62,15.0,0.74,8.25,0.75,15.0,0.05,0.09,43.728553,1776183527000
1776183529.235,229.235,0.22,15.0,0.21,15.0,0.27,10.0,0.35,15.0,0.73,10.0,0.65,15.0,0.78,15.0,0.79,15.0,0.05,0.05,43.733355,1776183528000
1776183530.191,230.191,0.22,15.0,0.21,15.0,0.27,10.0,0.35,15.0,0.73,10.0,0.65,15.0,0.78,15.0,0.79,15.0,0.05,0.05,43.735878,1776183529000
1776183531.173,231.173,0.22,15.0,0.21,15.0,0.27,10.0,0.35,15.0,0.73,10.0,0.65,15.0,0.78,15.0,0.79,15.0,0.05,0.05,43.740604,1776183530000
1776183532.189,232.189,0.22,15.0,0.21,15.0,0.27,10.0,0.35,15.0,0.73,10.0,0.65,15.0,0.78,15.0,0.79,15.0,0.05,0.05,43.736844,1776183531000
1776183533.159,233.159,0.22,15.0,0.21,15.0,0.27,10.0,0.35,15.0,0.73,10.0,0.65,15.0,0.78,15.0,0.79,15.0,0.05,0.05,43.737356,1776183532000
1776183534.085,234.085,0.22,15.0,0.21,15.0,0.27,10.0,0.35,15.0,0.73,10.0,0.65,15.0,0.78,15.0,0.79,15.0,0.05,0.05,43.737192,1776183533000
1776183535.105,235.105,0.22,15.0,0.21,15.0,0.27,10.0,0.35,15.0,0.73,10.0,0.65,15.0,0.78,15.0,0.79,15.0,0.05,0.05,43.736829,1776183534000
1776183536.056,236.056,0.22,15.0,0.21,15.0,0.27,10.0,0.35,15.0,0.73,10.0,0.65,15.0,0.78,15.0,0.79,15.0,0.05,0.05,43.731625,1776183535000
1776183536.637,236.637,0.11,5.0,0.06,15.0,0.14,5.0,0.25,15.0,0.73,10.0,0.65,15.0,0.78,15.0,0.79,15.0,0.03,0.05,43.731625,1776183535000
1776183536.963,236.963,0.06,15.0,0.05,15.0,0.09,5.0,0.14,22.0,0.86,5.0,0.75,15.0,0.89,5.0,0.94,15.0,0.03,0.03,43.731625,1776183535000
1776183537.217,237.217,0.05,8.42,0.04,20.0,0.11,10.0,0.12,5.0,0.91,5.0,0.86,22.0,0.94,15.0,0.95,15.0,0.06,0.03,43.724078,1776183536000
1776183538.114,238.114,0.05,8.42,0.04,20.0,0.11,10.0,0.12,5.0,0.89,10.0,0.88,5.0,0.95,8.42,0.96,20.0,0.06,0.06,43.719892,1776183537000
1776183539.074,239.074,0.05,8.42,0.04,20.0,0.11,10.0,0.12,5.0,0.89,10.0,0.88,5.0,0.95,8.42,0.96,20.0,0.06,0.06,43.703421,1776183538000
1776183540.475,240.475,0.05,8.42,0.04,20.0,0.11,10.0,0.12,5.0,0.89,10.0,0.88,5.0,0.95,8.42,0.96,20.0,0.06,0.06,43.689292,1776183539000
1776183541.025,241.025,0.05,8.42,0.04,20.0,0.11,10.0,0.12,5.0,0.89,10.0,0.88,5.0,0.95,8.42,0.96,20.0,0.06,0.06,43.686099,1776183540000
1776183541.908,241.908,0.04,0.84,0.02,10.0,0.1,21.0,0.14,20.0,0.89,10.0,0.88,5.0,0.95,8.42,0.96,20.0,0.06,0.06,43.686099,1776183540000
1776183542.169,242.169,0.04,0.84,0.02,10.0,0.1,21.0,0.14,20.0,0.9,21.0,0.86,20.0,0.96,0.84,0.98,10.0,0.06,0.06,43.674829,1776183541000
1776183543.551,243.551,0.04,0.84,0.02,10.0,0.1,21.0,0.14,20.0,0.9,21.0,0.86,20.0,0.96,0.84,0.98,10.0,0.06,0.06,43.669484,1776183542000
1776183544.106,244.106,0.04,14.79,0.03,15.0,0.14,5.0,0.15,20.0,0.9,21.0,0.86,20.0,0.96,0.84,0.98,10.0,0.1,0.06,43.669484,1776183542000
1776183545.092,245.092,0.04,14.79,0.03,15.0,0.14,5.0,0.15,20.0,0.86,5.0,0.85,20.0,0.96,14.79,0.97,15.0,0.1,0.1,43.674128,1776183544000
1776183546.287,246.287,0.04,14.79,0.03,15.0,0.14,5.0,0.15,20.0,0.86,5.0,0.85,20.0,0.96,14.79,0.97,15.0,0.1,0.1,43.687626,1776183545000
1776183547.368,247.368,0.04,14.79,0.03,15.0,0.14,5.0,0.15,20.0,0.86,5.0,0.85,20.0,0.96,14.79,0.97,15.0,0.1,0.1,43.689485,1776183546000
1776183548.581,248.581,0.04,14.79,0.03,15.0,0.14,5.0,0.15,20.0,0.86,5.0,0.85,20.0,0.96,14.79,0.97,15.0,0.1,0.1,43.689194,1776183547000
1776183549.083,249.083,0.04,14.79,0.03,15.0,0.14,5.0,0.15,20.0,0.86,5.0,0.85,20.0,0.96,14.79,0.97,15.0,0.1,0.1,43.693126,1776183548000
1776183550.174,250.174,0.04,14.79,0.03,15.0,0.14,5.0,0.15,20.0,0.86,5.0,0.85,20.0,0.96,14.79,0.97,15.0,0.1,0.1,43.69796,1776183549000
1776183551.27,251.27,0.04,14.79,0.03,15.0,0.14,5.0,0.15,20.0,0.86,5.0,0.85,20.0,0.96,14.79,0.97,15.0,0.1,0.1,43.69777,1776183550000
1776183552.351,252.351,0.04,14.79,0.03,15.0,0.14,5.0,0.15,20.0,0.86,5.0,0.85,20.0,0.96,14.79,0.97,15.0,0.1,0.1,43.697691,1776183551000
1776183552.981,252.981,0.04,14.79,0.03,15.0,0.14,5.0,0.15,20.0,0.86,5.0,0.85,20.0,0.96,14.79,0.97,15.0,0.1,0.1,43.692575,1776183552000
1776183554.119,254.119,0.04,14.79,0.03,15.0,0.14,5.0,0.15,20.0,0.86,5.0,0.85,20.0,0.96,14.79,0.97,15.0,0.1,0.1,43.699027,1776183553000
1776183555.399,255.399,0.04,14.79,0.03,15.0,0.14,5.0,0.15,20.0,0.86,5.0,0.85,20.0,0.96,14.79,0.97,15.0,0.1,0.1,43.70886,1776183554000
1776183555.838,255.838,0.06,11.8,0.05,15.0,0.07,15.0,0.16,5.0,0.86,5.0,0.85,20.0,0.96,14.79,0.97,15.0,0.01,0.1,43.70886,1776183554000
1776183556.422,256.422,0.05,15.0,0.04,14.79,0.07,15.0,0.16,5.0,0.93,15.0,0.84,5.0,0.94,11.8,0.95,15.0,0.02,0.01,43.70886,1776183554000
1776183556.658,256.658,0.05,15.0,0.04,14.79,0.07,15.0,0.16,5.0,0.93,15.0,0.84,5.0,0.95,15.0,0.96,14.79,0.02,0.02,43.715617,1776183555000
1776183557.351,257.351,0.05,15.0,0.04,14.79,0.07,15.0,0.16,5.0,0.93,15.0,0.84,5.0,0.95,15.0,0.96,14.79,0.02,0.02,43.714047,1776183556000
1776183557.981,257.981,0.05,15.0,0.04,14.79,0.07,15.0,0.16,5.0,0.93,15.0,0.84,5.0,0.95,15.0,0.96,14.79,0.02,0.02,43.721386,1776183557000
1776183559.57,259.57,0.05,15.0,0.04,14.79,0.07,15.0,0.16,5.0,0.93,15.0,0.84,5.0,0.95,15.0,0.96,14.79,0.02,0.02,43.726348,1776183558000
1776183559.966,259.966,0.05,15.0,0.04,14.79,0.07,15.0,0.16,5.0,0.93,15.0,0.84,5.0,0.95,15.0,0.96,14.79,0.02,0.02,43.725362,1776183559000
1776183561.548,261.548,0.05,15.0,0.04,14.79,0.07,15.0,0.16,5.0,0.93,15.0,0.84,5.0,0.95,15.0,0.96,14.79,0.02,0.02,43.730049,1776183560000
1776183561.79,261.79,0.06,188.0,0.05,15.0,0.07,5.0,0.27,10.0,0.93,15.0,0.84,5.0,0.95,15.0,0.96,14.79,0.01,0.02,43.730049,1776183560000
1776183562.228,262.228,0.06,188.0,0.05,15.0,0.07,5.0,0.27,10.0,0.93,5.0,0.73,10.0,0.94,188.0,0.95,15.0,0.01,0.01,43.730225,1776183561000
1776183562.945,262.945,0.06,188.0,0.05,15.0,0.21,10.0,0.31,7.0,0.93,5.0,0.73,10.0,0.94,188.0,0.95,15.0,0.15,0.01,43.730225,1776183561000
1776183563.793,263.793,0.06,188.0,0.05,15.0,0.3,15.0,0.31,22.0,0.79,10.0,0.69,7.0,0.94,188.0,0.95,15.0,0.24,0.15,43.730225,1776183561000
1776183564.731,264.731,0.06,188.0,0.05,15.0,0.3,15.0,0.31,22.0,0.7,15.0,0.69,22.0,0.94,188.0,0.95,15.0,0.24,0.24,43.741452,1776183563000
1776183565.392,265.392,0.06,188.0,0.05,15.0,0.3,15.0,0.31,22.0,0.7,15.0,0.69,22.0,0.94,188.0,0.95,15.0,0.24,0.24,43.741467,1776183564000
1776183566.197,266.197,0.06,178.85,0.05,15.0,0.19,10.0,0.29,15.0,0.81,10.0,0.71,15.0,0.94,178.85,0.95,15.0,0.13,0.13,43.736734,1776183565000
1776183567.792,267.792,0.06,178.85,0.05,15.0,0.19,10.0,0.29,15.0,0.81,10.0,0.71,15.0,0.94,178.85,0.95,15.0,0.13,0.13,43.736385,1776183566000
1776183568.52,268.52,0.06,178.85,0.05,15.0,0.19,10.0,0.29,15.0,0.81,10.0,0.71,15.0,0.94,178.85,0.95,15.0,0.13,0.13,43.736951,1776183567000
1776183569.519,269.519,0.06,178.85,0.05,15.0,0.19,10.0,0.29,15.0,0.81,10.0,0.71,15.0,0.94,178.85,0.95,15.0,0.13,0.13,43.739987,1776183568000
1776183570.218,270.218,0.06,178.85,0.05,15.0,0.19,10.0,0.29,15.0,0.81,10.0,0.71,15.0,0.94,178.85,0.95,15.0,0.13,0.13,43.738479,1776183569000
1776183570.484,270.484,0.05,5.7,0.04,14.79,0.09,10.0,0.27,6.0,0.81,10.0,0.71,15.0,0.94,178.85,0.95,15.0,0.04,0.13,43.738479,1776183569000
1776183571.823,271.823,0.04,10.39,0.03,15.0,0.09,10.0,0.27,6.0,0.91,10.0,0.73,6.0,0.96,10.39,0.97,15.0,0.05,0.05,43.731641,1776183570000
1776183572.62,272.62,0.04,10.39,0.03,15.0,0.09,10.0,0.27,6.0,0.91,10.0,0.73,6.0,0.96,10.39,0.97,15.0,0.05,0.05,43.730289,1776183571000
1776183573.552,273.552,0.04,10.39,0.03,15.0,0.09,10.0,0.27,6.0,0.91,10.0,0.73,6.0,0.96,10.39,0.97,15.0,0.05,0.05,43.727716,1776183572000
1776183574.541,274.541,0.04,10.39,0.03,15.0,0.09,10.0,0.27,6.0,0.91,10.0,0.73,6.0,0.96,10.39,0.97,15.0,0.05,0.05,43.727435,1776183573000
1776183575.485,275.485,0.04,10.39,0.03,15.0,0.09,10.0,0.27,6.0,0.91,10.0,0.73,6.0,0.96,10.39,0.97,15.0,0.05,0.05,43.728778,1776183574000
1776183576.008,276.008,0.04,10.39,0.03,15.0,0.09,10.0,0.27,6.0,0.91,10.0,0.73,6.0,0.96,10.39,0.97,15.0,0.05,0.05,43.728858,1776183575000
1776183577.042,277.042,0.04,10.39,0.03,15.0,0.09,10.0,0.27,6.0,0.91,10.0,0.73,6.0,0.96,10.39,0.97,15.0,0.05,0.05,43.735123,1776183576000
1776183577.945,277.945,0.04,10.39,0.03,15.0,0.09,10.0,0.27,6.0,0.91,10.0,0.73,6.0,0.96,10.39,0.97,15.0,0.05,0.05,43.736708,1776183577000
1776183578.929,278.929,0.04,10.39,0.03,15.0,0.09,10.0,0.27,6.0,0.91,10.0,0.73,6.0,0.96,10.39,0.97,15.0,0.05,0.05,43.740082,1776183578000
1776183579.517,279.517,0.01,140.94,,,0.07,5.37,0.11,10.0,0.91,10.0,0.73,6.0,0.96,10.39,0.97,15.0,0.06,0.05,43.740082,1776183578000
1776183579.888,279.888,0.01,139.92,,,0.07,5.37,0.11,10.0,0.93,5.37,0.89,10.0,0.99,139.92,,,0.06,0.06,43.739918,1776183579000
1776183580.92,280.92,0.01,139.92,,,0.07,5.37,0.11,10.0,0.93,5.37,0.89,10.0,0.99,139.92,,,0.06,0.06,43.739797,1776183580000
1776183581.963,281.963,0.01,139.92,,,0.07,5.37,0.11,10.0,0.93,5.37,0.89,10.0,0.99,139.92,,,0.06,0.06,43.740289,1776183581000
1776183582.496,282.496,0.03,166.0,0.01,134.92,0.63,9.86,0.85,100.0,0.93,5.37,0.89,10.0,0.99,139.92,,,0.6,0.06,43.740289,1776183581000
1776183582.973,282.973,0.03,166.0,0.01,134.92,0.63,9.86,0.85,100.0,0.37,9.86,0.15,100.0,0.97,166.0,0.99,134.92,0.6,0.6,43.740302,1776183582000
1776183583.904,283.904,0.03,166.0,0.01,134.92,0.63,9.86,0.85,100.0,0.37,9.86,0.15,100.0,0.97,166.0,0.99,134.92,0.6,0.6,43.740454,1776183583000
1776183584.828,284.828,0.03,166.0,0.01,134.92,0.63,9.86,0.85,100.0,0.37,9.86,0.15,100.0,0.97,166.0,0.99,134.92,0.6,0.6,43.7536,1776183584000
1776183585.877,285.877,0.03,166.0,0.01,134.92,0.63,9.86,0.85,100.0,0.37,9.86,0.15,100.0,0.97,166.0,0.99,134.92,0.6,0.6,43.757038,1776183585000
1776183587.368,287.368,0.03,166.0,0.01,134.92,0.63,9.86,0.85,100.0,0.37,9.86,0.15,100.0,0.97,166.0,0.99,134.92,0.6,0.6,43.753354,1776183586000
1776183587.867,287.867,0.01,1204.31,,,0.2,10.0,0.5,10.0,0.37,9.86,0.15,100.0,0.97,166.0,0.99,134.92,0.19,0.6,43.753354,1776183586000
1776183588.238,288.238,0.01,1204.31,,,0.2,10.0,0.5,10.0,0.8,10.0,0.5,10.0,0.99,1204.31,,,0.19,0.19,43.753226,1776183587000
1776183589.1,289.1,0.01,1699.31,,,0.63,10.87,0.85,100.0,0.8,10.0,0.5,10.0,0.99,1204.31,,,0.62,0.19,43.753226,1776183587000
1776183589.422,289.422,0.01,1699.31,,,0.63,10.87,0.85,100.0,0.37,10.87,0.15,100.0,0.99,1699.31,,,0.62,0.62,43.751065,1776183588000
1776183590.276,290.276,0.01,1699.31,,,0.63,10.87,0.85,100.0,0.37,10.87,0.15,100.0,0.99,1699.31,,,0.62,0.62,43.750732,1776183589000
1776183590.616,290.616,0.28,8.62,0.01,604.31,0.45,10.0,0.85,316.0,0.37,10.87,0.15,100.0,0.99,1699.31,,,0.17,0.62,43.750732,1776183589000
1776183590.934,290.934,0.13,6.58,0.01,604.31,0.3,10.0,0.85,316.0,0.55,10.0,0.15,316.0,0.72,8.62,0.99,604.31,0.17,0.17,43.750732,1776183589000
1776183591.142,291.142,0.13,5.16,0.01,604.31,0.3,10.0,0.85,316.0,0.7,10.0,0.15,316.0,0.87,6.58,0.99,604.31,0.17,0.17,43.750732,1776183589000
1776183591.436,291.436,0.13,5.16,0.01,604.31,0.3,10.0,0.85,316.0,0.7,10.0,0.15,316.0,0.87,5.16,0.99,604.31,0.17,0.17,43.769458,1776183590000
1776183591.925,291.925,0.13,5.16,0.01,604.31,0.3,10.0,0.85,316.0,0.7,10.0,0.15,316.0,0.87,5.16,0.99,604.31,0.17,0.17,43.770319,1776183591000
1776183592.177,292.177,0.26,10.0,0.1,10.0,0.43,0.79,0.85,216.0,0.7,10.0,0.15,316.0,0.87,5.16,0.99,604.31,0.17,0.17,43.770319,1776183591000
1776183592.946,292.946,0.26,10.0,0.1,10.0,0.43,0.79,0.85,216.0,0.57,0.79,0.15,216.0,0.74,10.0,0.9,10.0,0.17,0.17,43.770591,1776183592000
1776183594.024,294.024,0.26,10.0,0.1,10.0,0.43,0.79,0.85,216.0,0.57,0.79,0.15,216.0,0.74,10.0,0.9,10.0,0.17,0.17,43.76843,1776183593000
1776183594.322,294.322,0.25,8.62,0.04,122.92,0.42,10.0,0.85,216.0,0.56,10.0,0.15,216.0,0.96,122.92,0.99,1110.0,0.17,0.4,43.76843,1776183593000
1776183595.182,295.182,0.25,8.62,0.04,122.92,0.42,10.0,0.85,216.0,0.58,10.0,0.15,216.0,0.75,8.62,0.96,122.92,0.17,0.17,43.767335,1776183594000
1776183596.11,296.11,0.25,8.62,0.04,122.92,0.42,10.0,0.85,216.0,0.58,10.0,0.15,216.0,0.75,8.62,0.96,122.92,0.17,0.17,43.768517,1776183595000
1776183597.212,297.212,0.25,8.62,0.04,122.92,0.42,10.0,0.85,216.0,0.58,10.0,0.15,216.0,0.75,8.62,0.96,122.92,0.17,0.17,43.766641,1776183596000
1776183597.521,297.521,0.04,21.92,0.03,166.0,0.39,10.0,0.84,5.0,0.58,10.0,0.15,216.0,0.75,8.62,0.96,122.92,0.35,0.17,43.766641,1776183596000
1776183598.15,298.15,0.04,21.92,0.03,166.0,0.39,10.0,0.84,5.0,0.61,10.0,0.16,5.0,0.96,21.92,0.97,166.0,0.35,0.35,43.766197,1776183597000
1776183598.664,298.664,,,,,0.01,476.45,0.34,15.0,0.99,484.08,0.64,10.0,,,,,,,43.766197,1776183597000
1776183599.267,299.267,,,,,0.01,476.45,0.34,15.0,0.99,476.45,0.66,15.0,,,,,,,43.766197,1776183598000
1776183600.343,300.343,,,,,0.01,476.45,0.34,15.0,0.99,476.45,0.66,15.0,,,,,,,43.766153,1776183599000
1776183601.918,301.918,,,,,0.01,476.45,0.34,15.0,0.99,476.45,0.66,15.0,,,,,,,43.766155,1776183600000
1776183602.464,302.464,,,,,0.01,476.45,0.34,15.0,0.99,476.45,0.66,15.0,,,,,,,43.765898,1776183601000
1776183602.998,302.998,,,,,0.01,476.45,0.34,15.0,0.99,476.45,0.66,15.0,,,,,,,43.765886,1776183602000

# RESULT,winner=Down,slug=hype-updown-5m-1776183300,ticks=320
