timestamp,elapsed_sec,up_bid_p1,up_bid_s1,up_bid_p2,up_bid_s2,up_bid_p3,up_bid_s3,up_bid_p4,up_bid_s4,up_bid_p5,up_bid_s5,up_ask_p1,up_ask_s1,up_ask_p2,up_ask_s2,up_ask_p3,up_ask_s3,up_ask_p4,up_ask_s4,up_ask_p5,up_ask_s5,down_bid_p1,down_bid_s1,down_bid_p2,down_bid_s2,down_bid_p3,down_bid_s3,down_bid_p4,down_bid_s4,down_bid_p5,down_bid_s5,down_ask_p1,down_ask_s1,down_ask_p2,down_ask_s2,down_ask_p3,down_ask_s3,down_ask_p4,down_ask_s4,down_ask_p5,down_ask_s5,up_spread,down_spread,hype_price,hype_oracle_ts
1776159900.754,0.754,0.41,13.0,0.4,8.0,0.39,8.0,0.38,8.0,0.37,9.0,0.53,21.0,0.54,21.0,0.55,5.0,0.59,13.0,0.6,8.0,0.41,13.0,0.4,8.0,0.39,8.0,0.38,8.0,0.37,9.0,0.59,13.0,0.6,8.0,0.61,8.0,0.62,8.0,0.63,9.0,0.12,0.18,44.828763,1776159899000
1776159901.401,1.401,0.41,13.0,0.4,8.0,0.39,8.0,0.38,8.0,0.37,9.0,0.53,21.0,0.54,21.0,0.55,5.0,0.59,13.0,0.6,8.0,0.41,13.0,0.4,8.0,0.39,8.0,0.38,8.0,0.37,9.0,0.59,13.0,0.6,8.0,0.61,8.0,0.62,8.0,0.63,9.0,0.12,0.18,44.82716,1776159900000
1776159902.678,2.678,0.41,13.0,0.4,8.0,0.39,8.0,0.38,8.0,0.37,9.0,0.53,21.0,0.54,21.0,0.55,5.0,0.59,13.0,0.6,8.0,0.41,13.0,0.4,8.0,0.39,8.0,0.38,8.0,0.37,9.0,0.59,13.0,0.6,8.0,0.61,8.0,0.62,8.0,0.63,9.0,0.12,0.18,44.827006,1776159901000
1776159903.45,3.45,0.41,13.0,0.4,8.0,0.39,8.0,0.38,8.0,0.37,9.0,0.53,21.0,0.54,21.0,0.55,5.0,0.59,13.0,0.6,8.0,0.41,13.0,0.4,8.0,0.39,8.0,0.38,8.0,0.37,9.0,0.59,13.0,0.6,8.0,0.61,8.0,0.62,8.0,0.63,9.0,0.12,0.18,44.826589,1776159902000
1776159904.802,4.802,0.41,13.0,0.4,8.0,0.39,8.0,0.38,8.0,0.37,9.0,0.53,21.0,0.54,21.0,0.55,5.0,0.59,13.0,0.6,8.0,0.41,13.0,0.4,8.0,0.39,8.0,0.38,8.0,0.37,9.0,0.59,13.0,0.6,8.0,0.61,8.0,0.62,8.0,0.63,9.0,0.12,0.18,44.826757,1776159903000
1776159905.373,5.373,0.41,13.0,0.4,8.0,0.39,8.0,0.38,8.0,0.37,9.0,0.53,21.0,0.54,21.0,0.55,5.0,0.59,13.0,0.6,8.0,0.41,13.0,0.4,8.0,0.39,8.0,0.38,8.0,0.37,9.0,0.59,13.0,0.6,8.0,0.61,8.0,0.62,8.0,0.63,9.0,0.12,0.18,44.826426,1776159904000
1776159906.057,6.057,0.41,13.0,0.4,8.0,0.39,8.0,0.38,8.0,0.37,9.0,0.53,21.0,0.54,21.0,0.55,5.0,0.59,13.0,0.6,8.0,0.41,13.0,0.4,8.0,0.39,8.0,0.38,8.0,0.37,9.0,0.59,13.0,0.6,8.0,0.61,8.0,0.62,8.0,0.63,9.0,0.12,0.18,44.826193,1776159905000
1776159908.393,8.393,0.41,13.0,0.4,8.0,0.39,8.0,0.38,8.0,0.37,9.0,0.53,21.0,0.54,21.0,0.55,5.0,0.59,13.0,0.6,8.0,0.41,13.0,0.4,8.0,0.39,8.0,0.38,8.0,0.37,9.0,0.59,13.0,0.6,8.0,0.61,8.0,0.62,8.0,0.63,9.0,0.12,0.18,44.830298,1776159907000
1776159909.367,9.367,0.41,13.0,0.4,8.0,0.39,8.0,0.38,8.0,0.37,9.0,0.53,21.0,0.54,21.0,0.55,5.0,0.59,13.0,0.6,8.0,0.41,13.0,0.4,8.0,0.39,8.0,0.38,8.0,0.37,9.0,0.59,13.0,0.6,8.0,0.61,8.0,0.62,8.0,0.63,9.0,0.12,0.18,44.830812,1776159908000
1776159909.904,9.904,0.41,13.0,0.4,8.0,0.39,8.0,0.38,8.0,0.37,9.0,0.53,21.0,0.54,21.0,0.55,5.0,0.59,13.0,0.6,8.0,0.41,13.0,0.4,8.0,0.39,8.0,0.38,8.0,0.37,9.0,0.59,13.0,0.6,8.0,0.61,8.0,0.62,8.0,0.63,9.0,0.12,0.18,44.830812,1776159909000
1776159911.171,11.171,0.41,13.0,0.4,8.0,0.39,8.0,0.38,8.0,0.37,9.0,0.53,21.0,0.54,21.0,0.55,5.0,0.59,13.0,0.6,8.0,0.41,13.0,0.4,8.0,0.39,8.0,0.38,8.0,0.37,9.0,0.59,13.0,0.6,8.0,0.61,8.0,0.62,8.0,0.63,9.0,0.12,0.18,44.830239,1776159910000
1776159912.428,12.428,0.41,13.0,0.4,8.0,0.39,8.0,0.38,8.0,0.37,9.0,0.53,21.0,0.54,21.0,0.55,5.0,0.59,13.0,0.6,8.0,0.41,13.0,0.4,8.0,0.39,8.0,0.38,8.0,0.37,9.0,0.59,13.0,0.6,8.0,0.61,8.0,0.62,8.0,0.63,9.0,0.12,0.18,44.830159,1776159911000
1776159913.451,13.451,0.41,13.0,0.4,8.0,0.39,8.0,0.38,8.0,0.37,9.0,0.53,21.0,0.54,21.0,0.55,5.0,0.59,13.0,0.6,8.0,0.41,13.0,0.4,8.0,0.39,8.0,0.38,8.0,0.37,9.0,0.59,13.0,0.6,8.0,0.61,8.0,0.62,8.0,0.63,9.0,0.12,0.18,44.828991,1776159912000
1776159913.984,13.984,0.41,13.0,0.4,8.0,0.39,8.0,0.38,8.0,0.37,9.0,0.53,21.0,0.54,21.0,0.55,5.0,0.59,13.0,0.6,8.0,0.41,13.0,0.4,8.0,0.39,8.0,0.38,8.0,0.37,9.0,0.59,13.0,0.6,8.0,0.61,8.0,0.62,8.0,0.63,9.0,0.12,0.18,44.828991,1776159913000
1776159915.105,15.105,0.41,13.0,0.4,8.0,0.39,8.0,0.38,8.0,0.37,9.0,0.53,21.0,0.54,21.0,0.55,5.0,0.59,13.0,0.6,8.0,0.41,13.0,0.4,8.0,0.39,8.0,0.38,8.0,0.37,9.0,0.59,13.0,0.6,8.0,0.61,8.0,0.62,8.0,0.63,9.0,0.12,0.18,44.832066,1776159914000
1776159916.214,16.214,0.41,13.0,0.4,8.0,0.39,8.0,0.38,8.0,0.37,9.0,0.53,21.0,0.54,21.0,0.55,5.0,0.59,13.0,0.6,8.0,0.41,13.0,0.4,8.0,0.39,8.0,0.38,8.0,0.37,9.0,0.59,13.0,0.6,8.0,0.61,8.0,0.62,8.0,0.63,9.0,0.12,0.18,44.840635,1776159915000
1776159917.359,17.359,0.41,13.0,0.4,8.0,0.39,8.0,0.38,8.0,0.37,9.0,0.53,21.0,0.54,21.0,0.55,5.0,0.59,13.0,0.6,8.0,0.41,13.0,0.4,8.0,0.39,8.0,0.38,8.0,0.37,9.0,0.59,13.0,0.6,8.0,0.61,8.0,0.62,8.0,0.63,9.0,0.12,0.18,44.844445,1776159916000
1776159918.478,18.478,0.41,13.0,0.4,8.0,0.39,8.0,0.38,8.0,0.37,9.0,0.53,21.0,0.54,21.0,0.55,5.0,0.59,13.0,0.6,8.0,0.41,13.0,0.4,8.0,0.39,8.0,0.38,8.0,0.37,9.0,0.59,13.0,0.6,8.0,0.61,8.0,0.62,8.0,0.63,9.0,0.12,0.18,44.839553,1776159917000
1776159918.937,18.937,0.41,13.0,0.4,8.0,0.39,8.0,0.38,8.0,0.37,9.0,0.53,21.0,0.54,21.0,0.55,5.0,0.59,13.0,0.6,8.0,0.41,13.0,0.4,8.0,0.39,8.0,0.38,8.0,0.37,9.0,0.59,13.0,0.6,8.0,0.61,8.0,0.62,8.0,0.63,9.0,0.12,0.18,44.837434,1776159918000
1776159920.024,20.024,0.41,13.0,0.4,8.0,0.39,8.0,0.38,8.0,0.37,9.0,0.53,21.0,0.54,21.0,0.55,5.0,0.59,13.0,0.6,8.0,0.41,13.0,0.4,8.0,0.39,8.0,0.38,8.0,0.37,9.0,0.59,13.0,0.6,8.0,0.61,8.0,0.62,8.0,0.63,9.0,0.12,0.18,44.831416,1776159919000
1776159921.091,21.091,0.41,13.0,0.4,8.0,0.39,8.0,0.38,8.0,0.37,9.0,0.53,21.0,0.54,21.0,0.55,5.0,0.59,13.0,0.6,8.0,0.41,13.0,0.4,8.0,0.39,8.0,0.38,8.0,0.37,9.0,0.59,13.0,0.6,8.0,0.61,8.0,0.62,8.0,0.63,9.0,0.12,0.18,44.831234,1776159920000
1776159922.725,22.725,0.41,13.0,0.4,8.0,0.39,8.0,0.38,8.0,0.37,9.0,0.53,21.0,0.54,21.0,0.55,5.0,0.59,13.0,0.6,8.0,0.41,13.0,0.4,8.0,0.39,8.0,0.38,8.0,0.37,9.0,0.59,13.0,0.6,8.0,0.61,8.0,0.62,8.0,0.63,9.0,0.12,0.18,44.831816,1776159921000
1776159923.331,23.331,0.41,13.0,0.4,8.0,0.39,8.0,0.38,8.0,0.37,9.0,0.53,21.0,0.54,21.0,0.55,5.0,0.59,13.0,0.6,8.0,0.41,13.0,0.4,8.0,0.39,8.0,0.38,8.0,0.37,9.0,0.59,13.0,0.6,8.0,0.61,8.0,0.62,8.0,0.63,9.0,0.12,0.18,44.832333,1776159922000
1776159924.369,24.369,0.41,13.0,0.4,8.0,0.39,8.0,0.38,8.0,0.37,9.0,0.53,21.0,0.54,21.0,0.55,5.0,0.59,13.0,0.6,8.0,0.41,13.0,0.4,8.0,0.39,8.0,0.38,8.0,0.37,9.0,0.59,13.0,0.6,8.0,0.61,8.0,0.62,8.0,0.63,9.0,0.12,0.18,44.83313,1776159923000
1776159925.316,25.316,0.41,13.0,0.4,8.0,0.39,8.0,0.38,8.0,0.37,9.0,0.53,21.0,0.54,21.0,0.55,5.0,0.59,13.0,0.6,8.0,0.41,13.0,0.4,8.0,0.39,8.0,0.38,8.0,0.37,9.0,0.59,13.0,0.6,8.0,0.61,8.0,0.62,8.0,0.63,9.0,0.12,0.18,44.841304,1776159924000
1776159926.39,26.39,0.41,13.0,0.4,8.0,0.39,8.0,0.38,8.0,0.37,9.0,0.53,21.0,0.54,21.0,0.55,5.0,0.59,13.0,0.6,8.0,0.41,13.0,0.4,8.0,0.39,8.0,0.38,8.0,0.37,9.0,0.59,13.0,0.6,8.0,0.61,8.0,0.62,8.0,0.63,9.0,0.12,0.18,44.843542,1776159925000
1776159927.372,27.372,0.41,13.0,0.4,8.0,0.39,8.0,0.38,8.0,0.37,9.0,0.53,21.0,0.54,21.0,0.55,5.0,0.59,13.0,0.6,8.0,0.41,13.0,0.4,8.0,0.39,8.0,0.38,8.0,0.37,9.0,0.59,13.0,0.6,8.0,0.61,8.0,0.62,8.0,0.63,9.0,0.12,0.18,44.844054,1776159926000
1776159927.973,27.973,0.41,13.0,0.4,8.0,0.39,8.0,0.38,8.0,0.37,9.0,0.53,21.0,0.54,21.0,0.55,5.0,0.59,13.0,0.6,8.0,0.41,13.0,0.4,8.0,0.39,8.0,0.38,8.0,0.37,9.0,0.59,13.0,0.6,8.0,0.61,8.0,0.62,8.0,0.63,9.0,0.12,0.18,44.845302,1776159927000
1776159928.866,28.866,0.41,13.0,0.4,8.0,0.39,8.0,0.38,8.0,0.37,9.0,0.53,21.0,0.54,21.0,0.55,5.0,0.59,13.0,0.6,8.0,0.41,13.0,0.4,8.0,0.39,8.0,0.38,8.0,0.37,9.0,0.59,13.0,0.6,8.0,0.61,8.0,0.62,8.0,0.63,9.0,0.12,0.18,44.843509,1776159928000
1776159930.348,30.348,0.41,13.0,0.4,8.0,0.39,8.0,0.38,8.0,0.37,9.0,0.53,21.0,0.54,21.0,0.55,5.0,0.59,13.0,0.6,8.0,0.41,13.0,0.4,8.0,0.39,8.0,0.38,8.0,0.37,9.0,0.59,13.0,0.6,8.0,0.61,8.0,0.62,8.0,0.63,9.0,0.12,0.18,44.843185,1776159929000
1776159931.216,31.216,0.41,13.0,0.4,8.0,0.39,8.0,0.38,8.0,0.37,9.0,0.53,21.0,0.54,21.0,0.55,5.0,0.59,13.0,0.6,8.0,0.41,13.0,0.4,8.0,0.39,8.0,0.38,8.0,0.37,9.0,0.59,13.0,0.6,8.0,0.61,8.0,0.62,8.0,0.63,9.0,0.12,0.18,44.84391,1776159930000
1776159932.21,32.21,0.41,13.0,0.4,8.0,0.39,8.0,0.38,8.0,0.37,9.0,0.53,21.0,0.54,21.0,0.55,5.0,0.59,13.0,0.6,8.0,0.41,13.0,0.4,8.0,0.39,8.0,0.38,8.0,0.37,9.0,0.59,13.0,0.6,8.0,0.61,8.0,0.62,8.0,0.63,9.0,0.12,0.18,44.843879,1776159931000
1776159933.213,33.213,0.41,13.0,0.4,8.0,0.39,8.0,0.38,8.0,0.37,9.0,0.53,21.0,0.54,21.0,0.55,5.0,0.59,13.0,0.6,8.0,0.41,13.0,0.4,8.0,0.39,8.0,0.38,8.0,0.37,9.0,0.59,13.0,0.6,8.0,0.61,8.0,0.62,8.0,0.63,9.0,0.12,0.18,44.843232,1776159932000
1776159934.181,34.181,0.41,13.0,0.4,8.0,0.39,8.0,0.38,8.0,0.37,9.0,0.53,21.0,0.54,21.0,0.55,5.0,0.59,13.0,0.6,8.0,0.41,13.0,0.4,8.0,0.39,8.0,0.38,8.0,0.37,9.0,0.59,13.0,0.6,8.0,0.61,8.0,0.62,8.0,0.63,9.0,0.12,0.18,44.843265,1776159933000
1776159935.978,35.978,0.41,13.0,0.4,8.0,0.39,8.0,0.38,8.0,0.37,9.0,0.53,21.0,0.54,21.0,0.55,5.0,0.59,13.0,0.6,8.0,0.41,13.0,0.4,8.0,0.39,8.0,0.38,8.0,0.37,9.0,0.59,13.0,0.6,8.0,0.61,8.0,0.62,8.0,0.63,9.0,0.12,0.18,44.849762,1776159934000
1776159936.76,36.76,0.41,13.0,0.4,8.0,0.39,8.0,0.38,8.0,0.37,9.0,0.53,21.0,0.54,21.0,0.55,5.0,0.59,13.0,0.6,8.0,0.41,13.0,0.4,8.0,0.39,8.0,0.38,8.0,0.37,9.0,0.59,13.0,0.6,8.0,0.61,8.0,0.62,8.0,0.63,9.0,0.12,0.18,44.850361,1776159935000
1776159937.47,37.47,0.41,13.0,0.4,8.0,0.39,8.0,0.38,8.0,0.37,9.0,0.53,21.0,0.54,21.0,0.55,5.0,0.59,13.0,0.6,8.0,0.41,13.0,0.4,8.0,0.39,8.0,0.38,8.0,0.37,9.0,0.59,13.0,0.6,8.0,0.61,8.0,0.62,8.0,0.63,9.0,0.12,0.18,44.853083,1776159936000
1776159938.13,38.13,0.41,13.0,0.4,8.0,0.39,8.0,0.38,8.0,0.37,9.0,0.53,21.0,0.54,21.0,0.55,5.0,0.59,13.0,0.6,8.0,0.41,13.0,0.4,8.0,0.39,8.0,0.38,8.0,0.37,9.0,0.59,13.0,0.6,8.0,0.61,8.0,0.62,8.0,0.63,9.0,0.12,0.18,44.852759,1776159937000
1776159939.564,39.564,0.41,13.0,0.4,8.0,0.39,8.0,0.38,8.0,0.37,9.0,0.53,21.0,0.54,21.0,0.55,5.0,0.59,13.0,0.6,8.0,0.41,13.0,0.4,8.0,0.39,8.0,0.38,8.0,0.37,9.0,0.59,13.0,0.6,8.0,0.61,8.0,0.62,8.0,0.63,9.0,0.12,0.18,44.850234,1776159938000
1776159940.524,40.524,0.41,13.0,0.4,8.0,0.39,8.0,0.38,8.0,0.37,9.0,0.53,21.0,0.54,21.0,0.55,5.0,0.59,13.0,0.6,8.0,0.41,13.0,0.4,8.0,0.39,8.0,0.38,8.0,0.37,9.0,0.59,13.0,0.6,8.0,0.61,8.0,0.62,8.0,0.63,9.0,0.12,0.18,44.844704,1776159939000
1776159941.337,41.337,0.41,13.0,0.4,8.0,0.39,8.0,0.38,8.0,0.37,9.0,0.53,21.0,0.54,21.0,0.55,5.0,0.59,13.0,0.6,8.0,0.41,13.0,0.4,8.0,0.39,8.0,0.38,8.0,0.37,9.0,0.59,13.0,0.6,8.0,0.61,8.0,0.62,8.0,0.63,9.0,0.12,0.18,44.843733,1776159940000
1776159942.603,42.603,0.41,13.0,0.4,8.0,0.39,8.0,0.38,8.0,0.37,9.0,0.53,21.0,0.54,21.0,0.55,5.0,0.59,13.0,0.6,8.0,0.41,13.0,0.4,8.0,0.39,8.0,0.38,8.0,0.37,9.0,0.59,13.0,0.6,8.0,0.61,8.0,0.62,8.0,0.63,9.0,0.12,0.18,44.835679,1776159941000
1776159943.334,43.334,0.41,13.0,0.4,8.0,0.39,8.0,0.38,8.0,0.37,9.0,0.53,21.0,0.54,21.0,0.55,5.0,0.59,13.0,0.6,8.0,0.41,13.0,0.4,8.0,0.39,8.0,0.38,8.0,0.37,9.0,0.59,13.0,0.6,8.0,0.61,8.0,0.62,8.0,0.63,9.0,0.12,0.18,44.835103,1776159942000
1776159944.052,44.052,0.41,13.0,0.4,8.0,0.39,8.0,0.38,8.0,0.37,9.0,0.53,21.0,0.54,21.0,0.55,5.0,0.59,13.0,0.6,8.0,0.41,13.0,0.4,8.0,0.39,8.0,0.38,8.0,0.37,9.0,0.59,13.0,0.6,8.0,0.61,8.0,0.62,8.0,0.63,9.0,0.12,0.18,44.835103,1776159943000
1776159945.476,45.476,0.41,13.0,0.4,8.0,0.39,8.0,0.38,8.0,0.37,9.0,0.53,21.0,0.54,21.0,0.55,5.0,0.59,13.0,0.6,8.0,0.41,13.0,0.4,8.0,0.39,8.0,0.38,8.0,0.37,9.0,0.59,13.0,0.6,8.0,0.61,8.0,0.62,8.0,0.63,9.0,0.12,0.18,44.838624,1776159944000
1776159946.201,46.201,0.41,13.0,0.4,8.0,0.39,8.0,0.38,8.0,0.37,9.0,0.53,21.0,0.54,21.0,0.55,5.0,0.59,13.0,0.6,8.0,0.41,13.0,0.4,8.0,0.39,8.0,0.38,8.0,0.37,9.0,0.59,13.0,0.6,8.0,0.61,8.0,0.62,8.0,0.63,9.0,0.12,0.18,44.838914,1776159945000
1776159947.627,47.627,0.41,13.0,0.4,8.0,0.39,8.0,0.38,8.0,0.37,9.0,0.53,21.0,0.54,21.0,0.55,5.0,0.59,13.0,0.6,8.0,0.41,13.0,0.4,8.0,0.39,8.0,0.38,8.0,0.37,9.0,0.59,13.0,0.6,8.0,0.61,8.0,0.62,8.0,0.63,9.0,0.12,0.18,44.840478,1776159946000
1776159948.34,48.34,0.41,13.0,0.4,8.0,0.39,8.0,0.38,8.0,0.37,9.0,0.53,21.0,0.54,21.0,0.55,5.0,0.59,13.0,0.6,8.0,0.41,13.0,0.4,8.0,0.39,8.0,0.38,8.0,0.37,9.0,0.59,13.0,0.6,8.0,0.61,8.0,0.62,8.0,0.63,9.0,0.12,0.18,44.840921,1776159947000
1776159949.716,49.716,0.41,13.0,0.4,8.0,0.39,8.0,0.38,8.0,0.37,9.0,0.53,21.0,0.54,21.0,0.55,5.0,0.59,13.0,0.6,8.0,0.41,13.0,0.4,8.0,0.39,8.0,0.38,8.0,0.37,9.0,0.59,13.0,0.6,8.0,0.61,8.0,0.62,8.0,0.63,9.0,0.12,0.18,44.840889,1776159948000
1776159950.566,50.566,0.41,13.0,0.4,8.0,0.39,8.0,0.38,8.0,0.37,9.0,0.53,21.0,0.54,21.0,0.55,5.0,0.59,13.0,0.6,8.0,0.41,13.0,0.4,8.0,0.39,8.0,0.38,8.0,0.37,9.0,0.59,13.0,0.6,8.0,0.61,8.0,0.62,8.0,0.63,9.0,0.12,0.18,44.840921,1776159949000
1776159951.23,51.23,0.41,13.0,0.4,8.0,0.39,8.0,0.38,8.0,0.37,9.0,0.53,21.0,0.54,21.0,0.55,5.0,0.59,13.0,0.6,8.0,0.41,13.0,0.4,8.0,0.39,8.0,0.38,8.0,0.37,9.0,0.59,13.0,0.6,8.0,0.61,8.0,0.62,8.0,0.63,9.0,0.12,0.18,44.842255,1776159950000
1776159952.629,52.629,0.41,13.0,0.4,8.0,0.39,8.0,0.38,8.0,0.37,9.0,0.53,21.0,0.54,21.0,0.55,5.0,0.59,13.0,0.6,8.0,0.41,13.0,0.4,8.0,0.39,8.0,0.38,8.0,0.37,9.0,0.59,13.0,0.6,8.0,0.61,8.0,0.62,8.0,0.63,9.0,0.12,0.18,44.840849,1776159951000
1776159953.254,53.254,0.41,13.0,0.4,8.0,0.39,8.0,0.38,8.0,0.37,9.0,0.53,21.0,0.54,21.0,0.55,5.0,0.59,13.0,0.6,8.0,0.41,13.0,0.4,8.0,0.39,8.0,0.38,8.0,0.37,9.0,0.59,13.0,0.6,8.0,0.61,8.0,0.62,8.0,0.63,9.0,0.12,0.18,44.842406,1776159952000
1776159954.448,54.448,0.41,13.0,0.4,8.0,0.39,8.0,0.38,8.0,0.37,9.0,0.53,21.0,0.54,21.0,0.55,5.0,0.59,13.0,0.6,8.0,0.41,13.0,0.4,8.0,0.39,8.0,0.38,8.0,0.37,9.0,0.59,13.0,0.6,8.0,0.61,8.0,0.62,8.0,0.63,9.0,0.12,0.18,44.8442,1776159953000
1776159955.403,55.403,0.41,13.0,0.4,8.0,0.39,8.0,0.38,8.0,0.37,9.0,0.53,21.0,0.54,21.0,0.55,5.0,0.59,13.0,0.6,8.0,0.41,13.0,0.4,8.0,0.39,8.0,0.38,8.0,0.37,9.0,0.59,13.0,0.6,8.0,0.61,8.0,0.62,8.0,0.63,9.0,0.12,0.18,44.844367,1776159954000
1776159956.058,56.058,0.41,13.0,0.4,8.0,0.39,8.0,0.38,8.0,0.37,9.0,0.53,21.0,0.54,21.0,0.55,5.0,0.59,13.0,0.6,8.0,0.41,13.0,0.4,8.0,0.39,8.0,0.38,8.0,0.37,9.0,0.59,13.0,0.6,8.0,0.61,8.0,0.62,8.0,0.63,9.0,0.12,0.18,44.844468,1776159955000
1776159957.624,57.624,0.41,13.0,0.4,8.0,0.39,8.0,0.38,8.0,0.37,9.0,0.53,21.0,0.54,21.0,0.55,5.0,0.59,13.0,0.6,8.0,0.41,13.0,0.4,8.0,0.39,8.0,0.38,8.0,0.37,9.0,0.59,13.0,0.6,8.0,0.61,8.0,0.62,8.0,0.63,9.0,0.12,0.18,44.84483,1776159956000
1776159958.353,58.353,0.41,13.0,0.4,8.0,0.39,8.0,0.38,8.0,0.37,9.0,0.53,21.0,0.54,21.0,0.55,5.0,0.59,13.0,0.6,8.0,0.41,13.0,0.4,8.0,0.39,8.0,0.38,8.0,0.37,9.0,0.59,13.0,0.6,8.0,0.61,8.0,0.62,8.0,0.63,9.0,0.12,0.18,44.844818,1776159957000
1776159959.752,59.752,0.41,13.0,0.4,8.0,0.39,8.0,0.38,8.0,0.37,9.0,0.53,21.0,0.54,21.0,0.55,5.0,0.59,13.0,0.6,8.0,0.41,13.0,0.4,8.0,0.39,8.0,0.38,8.0,0.37,9.0,0.59,13.0,0.6,8.0,0.61,8.0,0.62,8.0,0.63,9.0,0.12,0.18,44.847245,1776159958000
1776159960.466,60.466,0.41,13.0,0.4,8.0,0.39,8.0,0.38,8.0,0.37,9.0,0.53,21.0,0.54,21.0,0.55,5.0,0.59,13.0,0.6,8.0,0.41,13.0,0.4,8.0,0.39,8.0,0.38,8.0,0.37,9.0,0.59,13.0,0.6,8.0,0.61,8.0,0.62,8.0,0.63,9.0,0.12,0.18,44.847245,1776159959000
1776159961.162,61.162,0.41,13.0,0.4,8.0,0.39,8.0,0.38,8.0,0.37,9.0,0.53,21.0,0.54,21.0,0.55,5.0,0.59,13.0,0.6,8.0,0.41,13.0,0.4,8.0,0.39,8.0,0.38,8.0,0.37,9.0,0.59,13.0,0.6,8.0,0.61,8.0,0.62,8.0,0.63,9.0,0.12,0.18,44.847448,1776159960000
1776159961.794,61.794,0.53,5.0,0.52,5.0,0.51,5.0,0.5,5.0,0.49,5.0,0.63,13.88,0.64,15.0,0.65,25.0,0.66,15.0,0.67,15.0,0.41,13.0,0.4,8.0,0.39,8.0,0.38,8.0,0.37,9.0,0.59,13.0,0.6,8.0,0.61,8.0,0.62,8.0,0.63,9.0,0.1,0.18,44.847448,1776159960000
1776159962.982,62.982,0.53,5.0,0.52,5.0,0.51,5.0,0.5,5.0,0.49,5.0,0.63,13.88,0.64,15.0,0.65,25.0,0.66,15.0,0.67,15.0,0.37,13.88,0.36,15.0,0.35,25.0,0.34,15.0,0.33,15.0,0.47,5.0,0.48,5.0,0.49,5.0,0.5,5.0,0.51,5.0,0.1,0.1,44.846879,1776159961000
1776159963.389,63.389,0.53,5.0,0.52,5.0,0.51,5.0,0.5,5.0,0.49,5.0,0.63,13.88,0.64,15.0,0.65,25.0,0.66,15.0,0.67,15.0,0.37,13.88,0.36,15.0,0.35,25.0,0.34,15.0,0.33,15.0,0.47,5.0,0.48,5.0,0.49,5.0,0.5,5.0,0.51,5.0,0.1,0.1,44.846352,1776159962000
1776159964.152,64.152,0.53,5.0,0.52,5.0,0.51,5.0,0.5,5.0,0.49,5.0,0.63,13.88,0.64,15.0,0.65,25.0,0.66,15.0,0.67,15.0,0.37,13.88,0.36,15.0,0.35,25.0,0.34,15.0,0.33,15.0,0.47,5.0,0.48,5.0,0.49,5.0,0.5,5.0,0.51,5.0,0.1,0.1,44.844824,1776159963000
1776159965.712,65.712,0.53,5.0,0.52,5.0,0.51,5.0,0.5,5.0,0.49,5.0,0.63,13.88,0.64,15.0,0.65,25.0,0.66,15.0,0.67,15.0,0.37,13.88,0.36,15.0,0.35,25.0,0.34,15.0,0.33,15.0,0.47,5.0,0.48,5.0,0.49,5.0,0.5,5.0,0.51,5.0,0.1,0.1,44.844453,1776159964000
1776159966.566,66.566,0.53,5.0,0.52,5.0,0.51,5.0,0.5,5.0,0.49,5.0,0.63,13.88,0.64,15.0,0.65,25.0,0.66,15.0,0.67,15.0,0.37,13.88,0.36,15.0,0.35,25.0,0.34,15.0,0.33,15.0,0.47,5.0,0.48,5.0,0.49,5.0,0.5,5.0,0.51,5.0,0.1,0.1,44.844474,1776159965000
1776159967.327,67.327,0.53,5.0,0.52,5.0,0.51,5.0,0.5,5.0,0.49,5.0,0.63,13.88,0.64,15.0,0.65,25.0,0.66,15.0,0.67,15.0,0.37,13.88,0.36,15.0,0.35,25.0,0.34,15.0,0.33,15.0,0.47,5.0,0.48,5.0,0.49,5.0,0.5,5.0,0.51,5.0,0.1,0.1,44.844519,1776159966000
1776159968.19,68.19,0.53,5.0,0.52,5.0,0.51,5.0,0.5,5.0,0.49,5.0,0.63,13.88,0.64,15.0,0.65,25.0,0.66,15.0,0.67,15.0,0.37,13.88,0.36,15.0,0.35,25.0,0.34,15.0,0.33,15.0,0.47,5.0,0.48,5.0,0.49,5.0,0.5,5.0,0.51,5.0,0.1,0.1,44.844831,1776159967000
1776159969.719,69.719,0.53,5.0,0.52,5.0,0.51,5.0,0.5,5.0,0.49,5.0,0.63,13.88,0.64,15.0,0.65,25.0,0.66,15.0,0.67,15.0,0.37,13.88,0.36,15.0,0.35,25.0,0.34,15.0,0.33,15.0,0.47,5.0,0.48,5.0,0.49,5.0,0.5,5.0,0.51,5.0,0.1,0.1,44.844829,1776159968000
1776159970.401,70.401,0.53,5.0,0.52,5.0,0.51,5.0,0.5,5.0,0.49,5.0,0.63,13.88,0.64,15.0,0.65,25.0,0.66,15.0,0.67,15.0,0.37,13.88,0.36,15.0,0.35,25.0,0.34,15.0,0.33,15.0,0.47,5.0,0.48,5.0,0.49,5.0,0.5,5.0,0.51,5.0,0.1,0.1,44.842954,1776159969000
1776159971.194,71.194,0.53,5.0,0.52,5.0,0.51,5.0,0.5,5.0,0.49,5.0,0.63,13.88,0.64,15.0,0.65,25.0,0.66,15.0,0.67,15.0,0.37,13.88,0.36,15.0,0.35,25.0,0.34,15.0,0.33,15.0,0.47,5.0,0.48,5.0,0.49,5.0,0.5,5.0,0.51,5.0,0.1,0.1,44.837061,1776159970000
1776159972.799,72.799,0.53,5.0,0.52,5.0,0.51,5.0,0.5,5.0,0.49,5.0,0.63,13.88,0.64,15.0,0.65,25.0,0.66,15.0,0.67,15.0,0.37,13.88,0.36,15.0,0.35,25.0,0.34,15.0,0.33,15.0,0.47,5.0,0.48,5.0,0.49,5.0,0.5,5.0,0.51,5.0,0.1,0.1,44.834492,1776159971000
1776159973.778,73.778,0.53,5.0,0.52,5.0,0.51,5.0,0.5,5.0,0.49,5.0,0.63,13.88,0.64,15.0,0.65,25.0,0.66,15.0,0.67,15.0,0.37,13.88,0.36,15.0,0.35,25.0,0.34,15.0,0.33,15.0,0.47,5.0,0.48,5.0,0.49,5.0,0.5,5.0,0.51,5.0,0.1,0.1,44.83522,1776159972000
1776159974.349,74.349,0.53,5.0,0.52,5.0,0.51,5.0,0.5,5.0,0.49,5.0,0.63,13.88,0.64,15.0,0.65,25.0,0.66,15.0,0.67,15.0,0.37,13.88,0.36,15.0,0.35,25.0,0.34,15.0,0.33,15.0,0.47,5.0,0.48,5.0,0.49,5.0,0.5,5.0,0.51,5.0,0.1,0.1,44.834851,1776159973000
1776159975.343,75.343,0.53,5.0,0.52,5.0,0.51,5.0,0.5,5.0,0.49,5.0,0.63,13.88,0.64,15.0,0.65,25.0,0.66,15.0,0.67,15.0,0.37,13.88,0.36,15.0,0.35,25.0,0.34,15.0,0.33,15.0,0.47,5.0,0.48,5.0,0.49,5.0,0.5,5.0,0.51,5.0,0.1,0.1,44.835227,1776159974000
1776159976.387,76.387,0.53,5.0,0.52,5.0,0.51,5.0,0.5,5.0,0.49,5.0,0.63,13.88,0.64,15.0,0.65,25.0,0.66,15.0,0.67,15.0,0.37,13.88,0.36,15.0,0.35,25.0,0.34,15.0,0.33,15.0,0.47,5.0,0.48,5.0,0.49,5.0,0.5,5.0,0.51,5.0,0.1,0.1,44.835614,1776159975000
1776159976.968,76.968,0.53,5.0,0.52,5.0,0.51,5.0,0.5,5.0,0.49,5.0,0.63,13.88,0.64,15.0,0.65,25.0,0.66,15.0,0.67,15.0,0.37,13.88,0.36,15.0,0.35,25.0,0.34,15.0,0.33,15.0,0.47,5.0,0.48,5.0,0.49,5.0,0.5,5.0,0.51,5.0,0.1,0.1,44.835614,1776159976000
1776159977.991,77.991,0.53,5.0,0.52,5.0,0.51,5.0,0.5,5.0,0.49,5.0,0.63,13.88,0.64,15.0,0.65,25.0,0.66,15.0,0.67,15.0,0.37,13.88,0.36,15.0,0.35,25.0,0.34,15.0,0.33,15.0,0.47,5.0,0.48,5.0,0.49,5.0,0.5,5.0,0.51,5.0,0.1,0.1,44.836716,1776159977000
1776159979.663,79.663,0.53,5.0,0.52,5.0,0.51,5.0,0.5,5.0,0.49,5.0,0.63,13.88,0.64,15.0,0.65,25.0,0.66,15.0,0.67,15.0,0.37,13.88,0.36,15.0,0.35,25.0,0.34,15.0,0.33,15.0,0.47,5.0,0.48,5.0,0.49,5.0,0.5,5.0,0.51,5.0,0.1,0.1,44.836983,1776159978000
1776159980.135,80.135,0.53,5.0,0.52,5.0,0.51,5.0,0.5,5.0,0.49,5.0,0.63,13.88,0.64,15.0,0.65,25.0,0.66,15.0,0.67,15.0,0.37,13.88,0.36,15.0,0.35,25.0,0.34,15.0,0.33,15.0,0.47,5.0,0.48,5.0,0.49,5.0,0.5,5.0,0.51,5.0,0.1,0.1,44.837447,1776159979000
1776159981.095,81.095,0.53,5.0,0.52,5.0,0.51,5.0,0.5,5.0,0.49,5.0,0.63,13.88,0.64,15.0,0.65,25.0,0.66,15.0,0.67,15.0,0.37,13.88,0.36,15.0,0.35,25.0,0.34,15.0,0.33,15.0,0.47,5.0,0.48,5.0,0.49,5.0,0.5,5.0,0.51,5.0,0.1,0.1,44.838218,1776159980000
1776159982.079,82.079,0.53,5.0,0.52,5.0,0.51,5.0,0.5,5.0,0.49,5.0,0.63,13.88,0.64,15.0,0.65,25.0,0.66,15.0,0.67,15.0,0.37,13.88,0.36,15.0,0.35,25.0,0.34,15.0,0.33,15.0,0.47,5.0,0.48,5.0,0.49,5.0,0.5,5.0,0.51,5.0,0.1,0.1,44.838081,1776159981000
1776159983.331,83.331,0.53,5.0,0.52,5.0,0.51,5.0,0.5,5.0,0.49,5.0,0.63,13.88,0.64,15.0,0.65,25.0,0.66,15.0,0.67,15.0,0.37,13.88,0.36,15.0,0.35,25.0,0.34,15.0,0.33,15.0,0.47,5.0,0.48,5.0,0.49,5.0,0.5,5.0,0.51,5.0,0.1,0.1,44.838159,1776159982000
1776159984.252,84.252,0.53,5.0,0.52,5.0,0.51,5.0,0.5,5.0,0.49,5.0,0.63,13.88,0.64,15.0,0.65,25.0,0.66,15.0,0.67,15.0,0.37,13.88,0.36,15.0,0.35,25.0,0.34,15.0,0.33,15.0,0.47,5.0,0.48,5.0,0.49,5.0,0.5,5.0,0.51,5.0,0.1,0.1,44.837577,1776159983000
1776159984.953,84.953,0.53,5.0,0.52,5.0,0.51,5.0,0.5,5.0,0.49,5.0,0.63,13.88,0.64,15.0,0.65,25.0,0.66,15.0,0.67,15.0,0.37,13.88,0.36,15.0,0.35,25.0,0.34,15.0,0.33,15.0,0.47,5.0,0.48,5.0,0.49,5.0,0.5,5.0,0.51,5.0,0.1,0.1,44.837616,1776159984000
1776159986.108,86.108,0.53,5.0,0.52,5.0,0.51,5.0,0.5,5.0,0.49,5.0,0.63,13.88,0.64,15.0,0.65,25.0,0.66,15.0,0.67,15.0,0.37,13.88,0.36,15.0,0.35,25.0,0.34,15.0,0.33,15.0,0.47,5.0,0.48,5.0,0.49,5.0,0.5,5.0,0.51,5.0,0.1,0.1,44.838728,1776159985000
1776159987.251,87.251,0.53,5.0,0.52,5.0,0.51,5.0,0.5,5.0,0.49,5.0,0.63,13.88,0.64,15.0,0.65,25.0,0.66,15.0,0.67,15.0,0.37,13.88,0.36,15.0,0.35,25.0,0.34,15.0,0.33,15.0,0.47,5.0,0.48,5.0,0.49,5.0,0.5,5.0,0.51,5.0,0.1,0.1,44.838767,1776159986000
1776159988.007,88.007,0.53,5.0,0.52,5.0,0.51,5.0,0.5,5.0,0.49,5.0,0.63,13.88,0.64,15.0,0.65,25.0,0.66,15.0,0.67,15.0,0.37,13.88,0.36,15.0,0.35,25.0,0.34,15.0,0.33,15.0,0.47,5.0,0.48,5.0,0.49,5.0,0.5,5.0,0.51,5.0,0.1,0.1,44.83989,1776159987000
1776159989.07,89.07,0.53,5.0,0.52,5.0,0.51,5.0,0.5,5.0,0.49,5.0,0.63,13.88,0.64,15.0,0.65,25.0,0.66,15.0,0.67,15.0,0.37,13.88,0.36,15.0,0.35,25.0,0.34,15.0,0.33,15.0,0.47,5.0,0.48,5.0,0.49,5.0,0.5,5.0,0.51,5.0,0.1,0.1,44.839662,1776159988000
1776159990.338,90.338,0.53,5.0,0.52,5.0,0.51,5.0,0.5,5.0,0.49,5.0,0.63,13.88,0.64,15.0,0.65,25.0,0.66,15.0,0.67,15.0,0.37,13.88,0.36,15.0,0.35,25.0,0.34,15.0,0.33,15.0,0.47,5.0,0.48,5.0,0.49,5.0,0.5,5.0,0.51,5.0,0.1,0.1,44.841941,1776159989000
1776159991.34,91.34,0.53,5.0,0.52,5.0,0.51,5.0,0.5,5.0,0.49,5.0,0.63,13.88,0.64,15.0,0.65,25.0,0.66,15.0,0.67,15.0,0.37,13.88,0.36,15.0,0.35,25.0,0.34,15.0,0.33,15.0,0.47,5.0,0.48,5.0,0.49,5.0,0.5,5.0,0.51,5.0,0.1,0.1,44.843001,1776159990000
1776159992.468,92.468,0.53,5.0,0.52,5.0,0.51,5.0,0.5,5.0,0.49,5.0,0.63,13.88,0.64,15.0,0.65,25.0,0.66,15.0,0.67,15.0,0.37,13.88,0.36,15.0,0.35,25.0,0.34,15.0,0.33,15.0,0.47,5.0,0.48,5.0,0.49,5.0,0.5,5.0,0.51,5.0,0.1,0.1,44.845727,1776159991000
1776159993.089,93.089,0.53,5.0,0.52,5.0,0.51,5.0,0.5,5.0,0.49,5.0,0.63,13.88,0.64,15.0,0.65,25.0,0.66,15.0,0.67,15.0,0.37,13.88,0.36,15.0,0.35,25.0,0.34,15.0,0.33,15.0,0.47,5.0,0.48,5.0,0.49,5.0,0.5,5.0,0.51,5.0,0.1,0.1,44.846405,1776159992000
1776159994.142,94.142,0.53,5.0,0.52,5.0,0.51,5.0,0.5,5.0,0.49,5.0,0.63,13.88,0.64,15.0,0.65,25.0,0.66,15.0,0.67,15.0,0.37,13.88,0.36,15.0,0.35,25.0,0.34,15.0,0.33,15.0,0.47,5.0,0.48,5.0,0.49,5.0,0.5,5.0,0.51,5.0,0.1,0.1,44.846323,1776159993000
1776159995.227,95.227,0.53,5.0,0.52,5.0,0.51,5.0,0.5,5.0,0.49,5.0,0.63,13.88,0.64,15.0,0.65,25.0,0.66,15.0,0.67,15.0,0.37,13.88,0.36,15.0,0.35,25.0,0.34,15.0,0.33,15.0,0.47,5.0,0.48,5.0,0.49,5.0,0.5,5.0,0.51,5.0,0.1,0.1,44.848346,1776159994000
1776159996.34,96.34,0.53,5.0,0.52,5.0,0.51,5.0,0.5,5.0,0.49,5.0,0.63,13.88,0.64,15.0,0.65,25.0,0.66,15.0,0.67,15.0,0.37,13.88,0.36,15.0,0.35,25.0,0.34,15.0,0.33,15.0,0.47,5.0,0.48,5.0,0.49,5.0,0.5,5.0,0.51,5.0,0.1,0.1,44.851062,1776159995000
1776159997.379,97.379,0.53,5.0,0.52,5.0,0.51,5.0,0.5,5.0,0.49,5.0,0.63,13.88,0.64,15.0,0.65,25.0,0.66,15.0,0.67,15.0,0.37,13.88,0.36,15.0,0.35,25.0,0.34,15.0,0.33,15.0,0.47,5.0,0.48,5.0,0.49,5.0,0.5,5.0,0.51,5.0,0.1,0.1,44.85649,1776159996000
1776159997.935,97.935,0.53,5.0,0.52,5.0,0.51,5.0,0.5,5.0,0.49,5.0,0.63,13.88,0.64,15.0,0.65,25.0,0.66,15.0,0.67,15.0,0.37,13.88,0.36,15.0,0.35,25.0,0.34,15.0,0.33,15.0,0.47,5.0,0.48,5.0,0.49,5.0,0.5,5.0,0.51,5.0,0.1,0.1,44.856441,1776159997000
1776159999.082,99.082,0.53,5.0,0.52,5.0,0.51,5.0,0.5,5.0,0.49,5.0,0.63,13.88,0.64,15.0,0.65,25.0,0.66,15.0,0.67,15.0,0.37,13.88,0.36,15.0,0.35,25.0,0.34,15.0,0.33,15.0,0.47,5.0,0.48,5.0,0.49,5.0,0.5,5.0,0.51,5.0,0.1,0.1,44.856361,1776159998000
1776160000.024,100.024,0.53,5.0,0.52,5.0,0.51,5.0,0.5,5.0,0.49,5.0,0.63,13.88,0.64,15.0,0.65,25.0,0.66,15.0,0.67,15.0,0.37,13.88,0.36,15.0,0.35,25.0,0.34,15.0,0.33,15.0,0.47,5.0,0.48,5.0,0.49,5.0,0.5,5.0,0.51,5.0,0.1,0.1,44.858402,1776159999000
1776160001.125,101.125,0.53,5.0,0.52,5.0,0.51,5.0,0.5,5.0,0.49,5.0,0.63,13.88,0.64,15.0,0.65,25.0,0.66,15.0,0.67,15.0,0.37,13.88,0.36,15.0,0.35,25.0,0.34,15.0,0.33,15.0,0.47,5.0,0.48,5.0,0.49,5.0,0.5,5.0,0.51,5.0,0.1,0.1,44.858436,1776160000000
1776160002.282,102.282,0.53,5.0,0.52,5.0,0.51,5.0,0.5,5.0,0.49,5.0,0.63,13.88,0.64,15.0,0.65,25.0,0.66,15.0,0.67,15.0,0.37,13.88,0.36,15.0,0.35,25.0,0.34,15.0,0.33,15.0,0.47,5.0,0.48,5.0,0.49,5.0,0.5,5.0,0.51,5.0,0.1,0.1,44.858315,1776160001000
1776160003.933,103.933,0.53,5.0,0.52,5.0,0.51,5.0,0.5,5.0,0.49,5.0,0.63,13.88,0.64,15.0,0.65,25.0,0.66,15.0,0.67,15.0,0.37,13.88,0.36,15.0,0.35,25.0,0.34,15.0,0.33,15.0,0.47,5.0,0.48,5.0,0.49,5.0,0.5,5.0,0.51,5.0,0.1,0.1,44.858598,1776160002000
1776160004.482,104.482,0.53,5.0,0.52,5.0,0.51,5.0,0.5,5.0,0.49,5.0,0.63,13.88,0.64,15.0,0.65,25.0,0.66,15.0,0.67,15.0,0.37,13.88,0.36,15.0,0.35,25.0,0.34,15.0,0.33,15.0,0.47,5.0,0.48,5.0,0.49,5.0,0.5,5.0,0.51,5.0,0.1,0.1,44.858677,1776160003000
1776160005.266,105.266,0.53,5.0,0.52,5.0,0.51,5.0,0.5,5.0,0.49,5.0,0.63,13.88,0.64,15.0,0.65,25.0,0.66,15.0,0.67,15.0,0.37,13.88,0.36,15.0,0.35,25.0,0.34,15.0,0.33,15.0,0.47,5.0,0.48,5.0,0.49,5.0,0.5,5.0,0.51,5.0,0.1,0.1,44.861145,1776160004000
1776160006.487,106.487,0.53,5.0,0.52,5.0,0.51,5.0,0.5,5.0,0.49,5.0,0.63,13.88,0.64,15.0,0.65,25.0,0.66,15.0,0.67,15.0,0.37,13.88,0.36,15.0,0.35,25.0,0.34,15.0,0.33,15.0,0.47,5.0,0.48,5.0,0.49,5.0,0.5,5.0,0.51,5.0,0.1,0.1,44.865369,1776160005000
1776160007.328,107.328,0.53,5.0,0.52,5.0,0.51,5.0,0.5,5.0,0.49,5.0,0.63,13.88,0.64,15.0,0.65,25.0,0.66,15.0,0.67,15.0,0.37,13.88,0.36,15.0,0.35,25.0,0.34,15.0,0.33,15.0,0.47,5.0,0.48,5.0,0.49,5.0,0.5,5.0,0.51,5.0,0.1,0.1,44.865487,1776160006000
1776160008.555,108.555,0.53,5.0,0.52,5.0,0.51,5.0,0.5,5.0,0.49,5.0,0.63,13.88,0.64,15.0,0.65,25.0,0.66,15.0,0.67,15.0,0.37,13.88,0.36,15.0,0.35,25.0,0.34,15.0,0.33,15.0,0.47,5.0,0.48,5.0,0.49,5.0,0.5,5.0,0.51,5.0,0.1,0.1,44.866199,1776160007000
1776160009.377,109.377,0.53,5.0,0.52,5.0,0.51,5.0,0.5,5.0,0.49,5.0,0.63,13.88,0.64,15.0,0.65,25.0,0.66,15.0,0.67,15.0,0.37,13.88,0.36,15.0,0.35,25.0,0.34,15.0,0.33,15.0,0.47,5.0,0.48,5.0,0.49,5.0,0.5,5.0,0.51,5.0,0.1,0.1,44.86619,1776160008000
1776160010.523,110.523,0.7,1.33,0.69,5.0,0.68,5.0,0.67,5.0,0.66,5.0,0.74,15.0,0.75,15.0,0.76,15.0,0.77,15.0,0.78,15.0,0.37,13.88,0.36,15.0,0.35,25.0,0.34,15.0,0.33,15.0,0.47,5.0,0.48,5.0,0.49,5.0,0.5,5.0,0.51,5.0,0.04,0.1,44.86619,1776160008000
1776160011.444,111.444,0.7,1.33,0.69,5.0,0.68,5.0,0.67,5.0,0.66,5.0,0.74,15.0,0.75,15.0,0.76,15.0,0.77,15.0,0.78,15.0,0.26,15.0,0.25,15.0,0.24,15.0,0.23,15.0,0.22,15.0,0.3,1.33,0.31,5.0,0.32,5.0,0.33,5.0,0.34,5.0,0.04,0.04,44.866556,1776160010000
1776160011.939,111.939,0.7,1.33,0.69,5.0,0.68,5.0,0.67,5.0,0.66,5.0,0.74,15.0,0.75,15.0,0.76,15.0,0.77,15.0,0.78,15.0,0.26,15.0,0.25,15.0,0.24,15.0,0.23,15.0,0.22,15.0,0.3,1.33,0.31,5.0,0.32,5.0,0.33,5.0,0.34,5.0,0.04,0.04,44.866941,1776160011000
1776160013.228,113.228,0.7,1.33,0.69,5.0,0.68,5.0,0.67,5.0,0.66,5.0,0.74,15.0,0.75,15.0,0.76,15.0,0.77,15.0,0.78,15.0,0.26,15.0,0.25,15.0,0.24,15.0,0.23,15.0,0.22,15.0,0.3,1.33,0.31,5.0,0.32,5.0,0.33,5.0,0.34,5.0,0.04,0.04,44.866881,1776160012000
1776160014.51,114.51,0.7,1.33,0.69,5.0,0.68,5.0,0.67,5.0,0.66,5.0,0.74,15.0,0.75,15.0,0.76,15.0,0.77,15.0,0.78,15.0,0.26,15.0,0.25,15.0,0.24,15.0,0.23,15.0,0.22,15.0,0.3,1.33,0.31,5.0,0.32,5.0,0.33,5.0,0.34,5.0,0.04,0.04,44.869163,1776160013000
1776160015.166,115.166,0.7,1.33,0.69,5.0,0.68,5.0,0.67,5.0,0.66,5.0,0.74,15.0,0.75,15.0,0.76,15.0,0.77,15.0,0.78,15.0,0.26,15.0,0.25,15.0,0.24,15.0,0.23,15.0,0.22,15.0,0.3,1.33,0.31,5.0,0.32,5.0,0.33,5.0,0.34,5.0,0.04,0.04,44.869213,1776160014000
1776160016.577,116.577,0.7,1.33,0.69,5.0,0.68,5.0,0.67,5.0,0.66,5.0,0.74,15.0,0.75,15.0,0.76,15.0,0.77,15.0,0.78,15.0,0.26,15.0,0.25,15.0,0.24,15.0,0.23,15.0,0.22,15.0,0.3,1.33,0.31,5.0,0.32,5.0,0.33,5.0,0.34,5.0,0.04,0.04,44.870953,1776160015000
1776160017.306,117.306,0.7,1.33,0.69,5.0,0.68,5.0,0.67,5.0,0.66,5.0,0.74,15.0,0.75,15.0,0.76,15.0,0.77,15.0,0.78,15.0,0.26,15.0,0.25,15.0,0.24,15.0,0.23,15.0,0.22,15.0,0.3,1.33,0.31,5.0,0.32,5.0,0.33,5.0,0.34,5.0,0.04,0.04,44.870953,1776160016000
1776160018.48,118.48,0.7,1.33,0.69,5.0,0.68,5.0,0.67,5.0,0.66,5.0,0.74,15.0,0.75,15.0,0.76,15.0,0.77,15.0,0.78,15.0,0.26,15.0,0.25,15.0,0.24,15.0,0.23,15.0,0.22,15.0,0.3,1.33,0.31,5.0,0.32,5.0,0.33,5.0,0.34,5.0,0.04,0.04,44.870142,1776160017000
1776160019.62,119.62,0.7,1.33,0.69,5.0,0.68,5.0,0.67,5.0,0.66,5.0,0.74,15.0,0.75,15.0,0.76,15.0,0.77,15.0,0.78,15.0,0.26,15.0,0.25,15.0,0.24,15.0,0.23,15.0,0.22,15.0,0.3,1.33,0.31,5.0,0.32,5.0,0.33,5.0,0.34,5.0,0.04,0.04,44.870143,1776160018000
1776160020.075,120.075,0.7,1.33,0.69,5.0,0.68,5.0,0.67,5.0,0.66,5.0,0.74,15.0,0.75,15.0,0.76,15.0,0.77,15.0,0.78,15.0,0.26,15.0,0.25,15.0,0.24,15.0,0.23,15.0,0.22,15.0,0.3,1.33,0.31,5.0,0.32,5.0,0.33,5.0,0.34,5.0,0.04,0.04,44.870146,1776160019000
1776160021.187,121.187,0.7,1.33,0.69,5.0,0.68,5.0,0.67,5.0,0.66,5.0,0.74,15.0,0.75,15.0,0.76,15.0,0.77,15.0,0.78,15.0,0.26,15.0,0.25,15.0,0.24,15.0,0.23,15.0,0.22,15.0,0.3,1.33,0.31,5.0,0.32,5.0,0.33,5.0,0.34,5.0,0.04,0.04,44.869781,1776160020000
1776160022.133,122.133,0.7,1.33,0.69,5.0,0.68,5.0,0.67,5.0,0.66,5.0,0.74,15.0,0.75,15.0,0.76,15.0,0.77,15.0,0.78,15.0,0.26,15.0,0.25,15.0,0.24,15.0,0.23,15.0,0.22,15.0,0.3,1.33,0.31,5.0,0.32,5.0,0.33,5.0,0.34,5.0,0.04,0.04,44.864151,1776160021000
1776160023.172,123.172,0.7,1.33,0.69,5.0,0.68,5.0,0.67,5.0,0.66,5.0,0.74,15.0,0.75,15.0,0.76,15.0,0.77,15.0,0.78,15.0,0.26,15.0,0.25,15.0,0.24,15.0,0.23,15.0,0.22,15.0,0.3,1.33,0.31,5.0,0.32,5.0,0.33,5.0,0.34,5.0,0.04,0.04,44.85824,1776160022000
1776160024.403,124.403,0.7,1.33,0.69,5.0,0.68,5.0,0.67,5.0,0.66,5.0,0.74,15.0,0.75,15.0,0.76,15.0,0.77,15.0,0.78,15.0,0.26,15.0,0.25,15.0,0.24,15.0,0.23,15.0,0.22,15.0,0.3,1.33,0.31,5.0,0.32,5.0,0.33,5.0,0.34,5.0,0.04,0.04,44.84865,1776160023000
1776160025.387,125.387,0.7,1.33,0.69,5.0,0.68,5.0,0.67,5.0,0.66,5.0,0.74,15.0,0.75,15.0,0.76,15.0,0.77,15.0,0.78,15.0,0.26,15.0,0.25,15.0,0.24,15.0,0.23,15.0,0.22,15.0,0.3,1.33,0.31,5.0,0.32,5.0,0.33,5.0,0.34,5.0,0.04,0.04,44.846331,1776160024000
1776160026.037,126.037,0.7,1.33,0.69,5.0,0.68,5.0,0.67,5.0,0.66,5.0,0.74,15.0,0.75,15.0,0.76,15.0,0.77,15.0,0.78,15.0,0.26,15.0,0.25,15.0,0.24,15.0,0.23,15.0,0.22,15.0,0.3,1.33,0.31,5.0,0.32,5.0,0.33,5.0,0.34,5.0,0.04,0.04,44.846113,1776160025000
1776160027.183,127.183,0.7,1.33,0.69,5.0,0.68,5.0,0.67,5.0,0.66,5.0,0.74,15.0,0.75,15.0,0.76,15.0,0.77,15.0,0.78,15.0,0.26,15.0,0.25,15.0,0.24,15.0,0.23,15.0,0.22,15.0,0.3,1.33,0.31,5.0,0.32,5.0,0.33,5.0,0.34,5.0,0.04,0.04,44.847519,1776160026000
1776160028.348,128.348,0.7,1.33,0.69,5.0,0.68,5.0,0.67,5.0,0.66,5.0,0.74,15.0,0.75,15.0,0.76,15.0,0.77,15.0,0.78,15.0,0.26,15.0,0.25,15.0,0.24,15.0,0.23,15.0,0.22,15.0,0.3,1.33,0.31,5.0,0.32,5.0,0.33,5.0,0.34,5.0,0.04,0.04,44.85018,1776160027000
1776160029.373,129.373,0.7,1.33,0.69,5.0,0.68,5.0,0.67,5.0,0.66,5.0,0.74,15.0,0.75,15.0,0.76,15.0,0.77,15.0,0.78,15.0,0.26,15.0,0.25,15.0,0.24,15.0,0.23,15.0,0.22,15.0,0.3,1.33,0.31,5.0,0.32,5.0,0.33,5.0,0.34,5.0,0.04,0.04,44.849926,1776160028000
1776160029.953,129.953,0.7,1.33,0.69,5.0,0.68,5.0,0.67,5.0,0.66,5.0,0.74,15.0,0.75,15.0,0.76,15.0,0.77,15.0,0.78,15.0,0.26,15.0,0.25,15.0,0.24,15.0,0.23,15.0,0.22,15.0,0.3,1.33,0.31,5.0,0.32,5.0,0.33,5.0,0.34,5.0,0.04,0.04,44.849724,1776160029000
1776160030.952,130.952,0.7,1.33,0.69,5.0,0.68,5.0,0.67,5.0,0.66,5.0,0.74,15.0,0.75,15.0,0.76,15.0,0.77,15.0,0.78,15.0,0.26,15.0,0.25,15.0,0.24,15.0,0.23,15.0,0.22,15.0,0.3,1.33,0.31,5.0,0.32,5.0,0.33,5.0,0.34,5.0,0.04,0.04,44.849027,1776160030000
1776160031.982,131.982,0.7,1.33,0.69,5.0,0.68,5.0,0.67,5.0,0.66,5.0,0.74,15.0,0.75,15.0,0.76,15.0,0.77,15.0,0.78,15.0,0.26,15.0,0.25,15.0,0.24,15.0,0.23,15.0,0.22,15.0,0.3,1.33,0.31,5.0,0.32,5.0,0.33,5.0,0.34,5.0,0.04,0.04,44.84896,1776160031000
1776160033.932,133.932,0.7,1.33,0.69,5.0,0.68,5.0,0.67,5.0,0.66,5.0,0.74,15.0,0.75,15.0,0.76,15.0,0.77,15.0,0.78,15.0,0.26,15.0,0.25,15.0,0.24,15.0,0.23,15.0,0.22,15.0,0.3,1.33,0.31,5.0,0.32,5.0,0.33,5.0,0.34,5.0,0.04,0.04,44.84828,1776160032000
1776160034.54,134.54,0.7,1.33,0.69,5.0,0.68,5.0,0.67,5.0,0.66,5.0,0.74,15.0,0.75,15.0,0.76,15.0,0.77,15.0,0.78,15.0,0.26,15.0,0.25,15.0,0.24,15.0,0.23,15.0,0.22,15.0,0.3,1.33,0.31,5.0,0.32,5.0,0.33,5.0,0.34,5.0,0.04,0.04,44.846497,1776160033000
1776160034.97,134.97,0.7,1.33,0.69,5.0,0.68,5.0,0.67,5.0,0.66,5.0,0.74,15.0,0.75,15.0,0.76,15.0,0.77,15.0,0.78,15.0,0.26,15.0,0.25,15.0,0.24,15.0,0.23,15.0,0.22,15.0,0.3,1.33,0.31,5.0,0.32,5.0,0.33,5.0,0.34,5.0,0.04,0.04,44.846496,1776160034000
1776160036.147,136.147,0.7,1.33,0.69,5.0,0.68,5.0,0.67,5.0,0.66,5.0,0.74,15.0,0.75,15.0,0.76,15.0,0.77,15.0,0.78,15.0,0.26,15.0,0.25,15.0,0.24,15.0,0.23,15.0,0.22,15.0,0.3,1.33,0.31,5.0,0.32,5.0,0.33,5.0,0.34,5.0,0.04,0.04,44.848008,1776160035000
1776160037.262,137.262,0.7,1.33,0.69,5.0,0.68,5.0,0.67,5.0,0.66,5.0,0.74,15.0,0.75,15.0,0.76,15.0,0.77,15.0,0.78,15.0,0.26,15.0,0.25,15.0,0.24,15.0,0.23,15.0,0.22,15.0,0.3,1.33,0.31,5.0,0.32,5.0,0.33,5.0,0.34,5.0,0.04,0.04,44.848054,1776160036000
1776160038.291,138.291,0.7,1.33,0.69,5.0,0.68,5.0,0.67,5.0,0.66,5.0,0.74,15.0,0.75,15.0,0.76,15.0,0.77,15.0,0.78,15.0,0.26,15.0,0.25,15.0,0.24,15.0,0.23,15.0,0.22,15.0,0.3,1.33,0.31,5.0,0.32,5.0,0.33,5.0,0.34,5.0,0.04,0.04,44.848054,1776160037000
1776160039.369,139.369,0.7,1.33,0.69,5.0,0.68,5.0,0.67,5.0,0.66,5.0,0.74,15.0,0.75,15.0,0.76,15.0,0.77,15.0,0.78,15.0,0.26,15.0,0.25,15.0,0.24,15.0,0.23,15.0,0.22,15.0,0.3,1.33,0.31,5.0,0.32,5.0,0.33,5.0,0.34,5.0,0.04,0.04,44.851833,1776160038000
1776160040.514,140.514,0.7,1.33,0.69,5.0,0.68,5.0,0.67,5.0,0.66,5.0,0.74,15.0,0.75,15.0,0.76,15.0,0.77,15.0,0.78,15.0,0.26,15.0,0.25,15.0,0.24,15.0,0.23,15.0,0.22,15.0,0.3,1.33,0.31,5.0,0.32,5.0,0.33,5.0,0.34,5.0,0.04,0.04,44.851788,1776160039000
1776160040.963,140.963,0.7,1.33,0.69,5.0,0.68,5.0,0.67,5.0,0.66,5.0,0.74,15.0,0.75,15.0,0.76,15.0,0.77,15.0,0.78,15.0,0.26,15.0,0.25,15.0,0.24,15.0,0.23,15.0,0.22,15.0,0.3,1.33,0.31,5.0,0.32,5.0,0.33,5.0,0.34,5.0,0.04,0.04,44.851707,1776160040000
1776160042.185,142.185,0.7,1.33,0.69,5.0,0.68,5.0,0.67,5.0,0.66,5.0,0.74,15.0,0.75,15.0,0.76,15.0,0.77,15.0,0.78,15.0,0.26,15.0,0.25,15.0,0.24,15.0,0.23,15.0,0.22,15.0,0.3,1.33,0.31,5.0,0.32,5.0,0.33,5.0,0.34,5.0,0.04,0.04,44.851375,1776160041000
1776160043.369,143.369,0.7,1.33,0.69,5.0,0.68,5.0,0.67,5.0,0.66,5.0,0.74,15.0,0.75,15.0,0.76,15.0,0.77,15.0,0.78,15.0,0.26,15.0,0.25,15.0,0.24,15.0,0.23,15.0,0.22,15.0,0.3,1.33,0.31,5.0,0.32,5.0,0.33,5.0,0.34,5.0,0.04,0.04,44.851053,1776160042000
1776160044.123,144.123,0.7,1.33,0.69,5.0,0.68,5.0,0.67,5.0,0.66,5.0,0.74,15.0,0.75,15.0,0.76,15.0,0.77,15.0,0.78,15.0,0.26,15.0,0.25,15.0,0.24,15.0,0.23,15.0,0.22,15.0,0.3,1.33,0.31,5.0,0.32,5.0,0.33,5.0,0.34,5.0,0.04,0.04,44.851604,1776160043000
1776160045.411,145.411,0.7,1.33,0.69,5.0,0.68,5.0,0.67,5.0,0.66,5.0,0.74,15.0,0.75,15.0,0.76,15.0,0.77,15.0,0.78,15.0,0.26,15.0,0.25,15.0,0.24,15.0,0.23,15.0,0.22,15.0,0.3,1.33,0.31,5.0,0.32,5.0,0.33,5.0,0.34,5.0,0.04,0.04,44.850674,1776160044000
1776160046.099,146.099,0.7,1.33,0.69,5.0,0.68,5.0,0.67,5.0,0.66,5.0,0.74,15.0,0.75,15.0,0.76,15.0,0.77,15.0,0.78,15.0,0.26,15.0,0.25,15.0,0.24,15.0,0.23,15.0,0.22,15.0,0.3,1.33,0.31,5.0,0.32,5.0,0.33,5.0,0.34,5.0,0.04,0.04,44.850673,1776160045000
1776160047.233,147.233,0.7,1.33,0.69,5.0,0.68,5.0,0.67,5.0,0.66,5.0,0.74,15.0,0.75,15.0,0.76,15.0,0.77,15.0,0.78,15.0,0.26,15.0,0.25,15.0,0.24,15.0,0.23,15.0,0.22,15.0,0.3,1.33,0.31,5.0,0.32,5.0,0.33,5.0,0.34,5.0,0.04,0.04,44.85082,1776160046000
1776160047.896,147.896,0.7,1.33,0.69,5.0,0.68,5.0,0.67,5.0,0.66,5.0,0.74,15.0,0.75,15.0,0.76,15.0,0.77,15.0,0.78,15.0,0.26,15.0,0.25,15.0,0.24,15.0,0.23,15.0,0.22,15.0,0.3,1.33,0.31,5.0,0.32,5.0,0.33,5.0,0.34,5.0,0.04,0.04,44.85082,1776160047000
1776160049.206,149.206,0.7,1.33,0.69,5.0,0.68,5.0,0.67,5.0,0.66,5.0,0.74,15.0,0.75,15.0,0.76,15.0,0.77,15.0,0.78,15.0,0.26,15.0,0.25,15.0,0.24,15.0,0.23,15.0,0.22,15.0,0.3,1.33,0.31,5.0,0.32,5.0,0.33,5.0,0.34,5.0,0.04,0.04,44.850832,1776160048000
1776160050.217,150.217,0.7,1.33,0.69,5.0,0.68,5.0,0.67,5.0,0.66,5.0,0.74,15.0,0.75,15.0,0.76,15.0,0.77,15.0,0.78,15.0,0.26,15.0,0.25,15.0,0.24,15.0,0.23,15.0,0.22,15.0,0.3,1.33,0.31,5.0,0.32,5.0,0.33,5.0,0.34,5.0,0.04,0.04,44.849933,1776160049000
1776160051.181,151.181,0.7,1.33,0.69,5.0,0.68,5.0,0.67,5.0,0.66,5.0,0.74,15.0,0.75,15.0,0.76,15.0,0.77,15.0,0.78,15.0,0.26,15.0,0.25,15.0,0.24,15.0,0.23,15.0,0.22,15.0,0.3,1.33,0.31,5.0,0.32,5.0,0.33,5.0,0.34,5.0,0.04,0.04,44.846963,1776160050000
1776160052.205,152.205,0.7,1.33,0.69,5.0,0.68,5.0,0.67,5.0,0.66,5.0,0.74,15.0,0.75,15.0,0.76,15.0,0.77,15.0,0.78,15.0,0.26,15.0,0.25,15.0,0.24,15.0,0.23,15.0,0.22,15.0,0.3,1.33,0.31,5.0,0.32,5.0,0.33,5.0,0.34,5.0,0.04,0.04,44.848236,1776160051000
1776160053.11,153.11,0.7,1.33,0.69,5.0,0.68,5.0,0.67,5.0,0.66,5.0,0.74,15.0,0.75,15.0,0.76,15.0,0.77,15.0,0.78,15.0,0.26,15.0,0.25,15.0,0.24,15.0,0.23,15.0,0.22,15.0,0.3,1.33,0.31,5.0,0.32,5.0,0.33,5.0,0.34,5.0,0.04,0.04,44.848555,1776160052000
1776160054.044,154.044,0.7,1.33,0.69,5.0,0.68,5.0,0.67,5.0,0.66,5.0,0.74,15.0,0.75,15.0,0.76,15.0,0.77,15.0,0.78,15.0,0.26,15.0,0.25,15.0,0.24,15.0,0.23,15.0,0.22,15.0,0.3,1.33,0.31,5.0,0.32,5.0,0.33,5.0,0.34,5.0,0.04,0.04,44.856498,1776160053000
1776160055.017,155.017,0.7,1.33,0.69,5.0,0.68,5.0,0.67,5.0,0.66,5.0,0.74,15.0,0.75,15.0,0.76,15.0,0.77,15.0,0.78,15.0,0.26,15.0,0.25,15.0,0.24,15.0,0.23,15.0,0.22,15.0,0.3,1.33,0.31,5.0,0.32,5.0,0.33,5.0,0.34,5.0,0.04,0.04,44.863403,1776160054000
1776160055.967,155.967,0.7,1.33,0.69,5.0,0.68,5.0,0.67,5.0,0.66,5.0,0.74,15.0,0.75,15.0,0.76,15.0,0.77,15.0,0.78,15.0,0.26,15.0,0.25,15.0,0.24,15.0,0.23,15.0,0.22,15.0,0.3,1.33,0.31,5.0,0.32,5.0,0.33,5.0,0.34,5.0,0.04,0.04,44.860959,1776160055000
1776160056.915,156.915,0.7,1.33,0.69,5.0,0.68,5.0,0.67,5.0,0.66,5.0,0.74,15.0,0.75,15.0,0.76,15.0,0.77,15.0,0.78,15.0,0.26,15.0,0.25,15.0,0.24,15.0,0.23,15.0,0.22,15.0,0.3,1.33,0.31,5.0,0.32,5.0,0.33,5.0,0.34,5.0,0.04,0.04,44.85595,1776160056000
1776160057.886,157.886,0.7,1.33,0.69,5.0,0.68,5.0,0.67,5.0,0.66,5.0,0.74,15.0,0.75,15.0,0.76,15.0,0.77,15.0,0.78,15.0,0.26,15.0,0.25,15.0,0.24,15.0,0.23,15.0,0.22,15.0,0.3,1.33,0.31,5.0,0.32,5.0,0.33,5.0,0.34,5.0,0.04,0.04,44.861279,1776160057000
1776160058.891,158.891,0.7,1.33,0.69,5.0,0.68,5.0,0.67,5.0,0.66,5.0,0.74,15.0,0.75,15.0,0.76,15.0,0.77,15.0,0.78,15.0,0.26,15.0,0.25,15.0,0.24,15.0,0.23,15.0,0.22,15.0,0.3,1.33,0.31,5.0,0.32,5.0,0.33,5.0,0.34,5.0,0.04,0.04,44.866196,1776160058000
1776160059.861,159.861,0.7,1.33,0.69,5.0,0.68,5.0,0.67,5.0,0.66,5.0,0.74,15.0,0.75,15.0,0.76,15.0,0.77,15.0,0.78,15.0,0.26,15.0,0.25,15.0,0.24,15.0,0.23,15.0,0.22,15.0,0.3,1.33,0.31,5.0,0.32,5.0,0.33,5.0,0.34,5.0,0.04,0.04,44.874328,1776160059000
1776160061.31,161.31,0.7,1.33,0.69,5.0,0.68,5.0,0.67,5.0,0.66,5.0,0.74,15.0,0.75,15.0,0.76,15.0,0.77,15.0,0.78,15.0,0.26,15.0,0.25,15.0,0.24,15.0,0.23,15.0,0.22,15.0,0.3,1.33,0.31,5.0,0.32,5.0,0.33,5.0,0.34,5.0,0.04,0.04,44.875404,1776160060000
1776160062.237,162.237,0.7,1.33,0.69,5.0,0.68,5.0,0.67,5.0,0.66,5.0,0.74,15.0,0.75,15.0,0.76,15.0,0.77,15.0,0.78,15.0,0.26,15.0,0.25,15.0,0.24,15.0,0.23,15.0,0.22,15.0,0.3,1.33,0.31,5.0,0.32,5.0,0.33,5.0,0.34,5.0,0.04,0.04,44.876181,1776160061000
1776160063.248,163.248,0.7,1.33,0.69,5.0,0.68,5.0,0.67,5.0,0.66,5.0,0.74,15.0,0.75,15.0,0.76,15.0,0.77,15.0,0.78,15.0,0.26,15.0,0.25,15.0,0.24,15.0,0.23,15.0,0.22,15.0,0.3,1.33,0.31,5.0,0.32,5.0,0.33,5.0,0.34,5.0,0.04,0.04,44.876186,1776160062000
1776160064.228,164.228,0.7,1.33,0.69,5.0,0.68,5.0,0.67,5.0,0.66,5.0,0.74,15.0,0.75,15.0,0.76,15.0,0.77,15.0,0.78,15.0,0.26,15.0,0.25,15.0,0.24,15.0,0.23,15.0,0.22,15.0,0.3,1.33,0.31,5.0,0.32,5.0,0.33,5.0,0.34,5.0,0.04,0.04,44.876926,1776160063000
1776160065.122,165.122,0.7,1.33,0.69,5.0,0.68,5.0,0.67,5.0,0.66,5.0,0.74,15.0,0.75,15.0,0.76,15.0,0.77,15.0,0.78,15.0,0.26,15.0,0.25,15.0,0.24,15.0,0.23,15.0,0.22,15.0,0.3,1.33,0.31,5.0,0.32,5.0,0.33,5.0,0.34,5.0,0.04,0.04,44.877667,1776160064000
1776160066.272,166.272,0.7,1.33,0.69,5.0,0.68,5.0,0.67,5.0,0.66,5.0,0.74,15.0,0.75,15.0,0.76,15.0,0.77,15.0,0.78,15.0,0.26,15.0,0.25,15.0,0.24,15.0,0.23,15.0,0.22,15.0,0.3,1.33,0.31,5.0,0.32,5.0,0.33,5.0,0.34,5.0,0.04,0.04,44.877901,1776160065000
1776160067.06,167.06,0.7,1.33,0.69,5.0,0.68,5.0,0.67,5.0,0.66,5.0,0.74,15.0,0.75,15.0,0.76,15.0,0.77,15.0,0.78,15.0,0.26,15.0,0.25,15.0,0.24,15.0,0.23,15.0,0.22,15.0,0.3,1.33,0.31,5.0,0.32,5.0,0.33,5.0,0.34,5.0,0.04,0.04,44.878407,1776160066000
1776160068.085,168.085,0.7,1.33,0.69,5.0,0.68,5.0,0.67,5.0,0.66,5.0,0.74,15.0,0.75,15.0,0.76,15.0,0.77,15.0,0.78,15.0,0.26,15.0,0.25,15.0,0.24,15.0,0.23,15.0,0.22,15.0,0.3,1.33,0.31,5.0,0.32,5.0,0.33,5.0,0.34,5.0,0.04,0.04,44.880065,1776160067000
1776160068.905,168.905,0.7,1.33,0.69,5.0,0.68,5.0,0.67,5.0,0.66,5.0,0.74,15.0,0.75,15.0,0.76,15.0,0.77,15.0,0.78,15.0,0.26,15.0,0.25,15.0,0.24,15.0,0.23,15.0,0.22,15.0,0.3,1.33,0.31,5.0,0.32,5.0,0.33,5.0,0.34,5.0,0.04,0.04,44.880257,1776160068000
1776160069.964,169.964,0.7,1.33,0.69,5.0,0.68,5.0,0.67,5.0,0.66,5.0,0.74,15.0,0.75,15.0,0.76,15.0,0.77,15.0,0.78,15.0,0.26,15.0,0.25,15.0,0.24,15.0,0.23,15.0,0.22,15.0,0.3,1.33,0.31,5.0,0.32,5.0,0.33,5.0,0.34,5.0,0.04,0.04,44.882813,1776160069000
1776160070.995,170.995,0.7,1.33,0.69,5.0,0.68,5.0,0.67,5.0,0.66,5.0,0.74,15.0,0.75,15.0,0.76,15.0,0.77,15.0,0.78,15.0,0.26,15.0,0.25,15.0,0.24,15.0,0.23,15.0,0.22,15.0,0.3,1.33,0.31,5.0,0.32,5.0,0.33,5.0,0.34,5.0,0.04,0.04,44.871387,1776160070000
1776160071.936,171.936,0.7,1.33,0.69,5.0,0.68,5.0,0.67,5.0,0.66,5.0,0.74,15.0,0.75,15.0,0.76,15.0,0.77,15.0,0.78,15.0,0.26,15.0,0.25,15.0,0.24,15.0,0.23,15.0,0.22,15.0,0.3,1.33,0.31,5.0,0.32,5.0,0.33,5.0,0.34,5.0,0.04,0.04,44.861694,1776160071000
1776160072.852,172.852,0.7,1.33,0.69,5.0,0.68,5.0,0.67,5.0,0.66,5.0,0.74,15.0,0.75,15.0,0.76,15.0,0.77,15.0,0.78,15.0,0.26,15.0,0.25,15.0,0.24,15.0,0.23,15.0,0.22,15.0,0.3,1.33,0.31,5.0,0.32,5.0,0.33,5.0,0.34,5.0,0.04,0.04,44.860141,1776160072000
1776160075.115,175.115,0.7,1.33,0.69,5.0,0.68,5.0,0.67,5.0,0.66,5.0,0.74,15.0,0.75,15.0,0.76,15.0,0.77,15.0,0.78,15.0,0.26,15.0,0.25,15.0,0.24,15.0,0.23,15.0,0.22,15.0,0.3,1.33,0.31,5.0,0.32,5.0,0.33,5.0,0.34,5.0,0.04,0.04,44.861659,1776160073000
1776160075.668,175.668,0.7,1.33,0.69,5.0,0.68,5.0,0.67,5.0,0.66,5.0,0.74,15.0,0.75,15.0,0.76,15.0,0.77,15.0,0.78,15.0,0.26,15.0,0.25,15.0,0.24,15.0,0.23,15.0,0.22,15.0,0.3,1.33,0.31,5.0,0.32,5.0,0.33,5.0,0.34,5.0,0.04,0.04,44.860849,1776160074000
1776160076.294,176.294,0.7,1.33,0.69,5.0,0.68,5.0,0.67,5.0,0.66,5.0,0.74,15.0,0.75,15.0,0.76,15.0,0.77,15.0,0.78,15.0,0.26,15.0,0.25,15.0,0.24,15.0,0.23,15.0,0.22,15.0,0.3,1.33,0.31,5.0,0.32,5.0,0.33,5.0,0.34,5.0,0.04,0.04,44.86077,1776160075000
1776160077.59,177.59,0.7,1.33,0.69,5.0,0.68,5.0,0.67,5.0,0.66,5.0,0.74,15.0,0.75,15.0,0.76,15.0,0.77,15.0,0.78,15.0,0.26,15.0,0.25,15.0,0.24,15.0,0.23,15.0,0.22,15.0,0.3,1.33,0.31,5.0,0.32,5.0,0.33,5.0,0.34,5.0,0.04,0.04,44.865791,1776160076000
1776160078.466,178.466,0.7,1.33,0.69,5.0,0.68,5.0,0.67,5.0,0.66,5.0,0.74,15.0,0.75,15.0,0.76,15.0,0.77,15.0,0.78,15.0,0.26,15.0,0.25,15.0,0.24,15.0,0.23,15.0,0.22,15.0,0.3,1.33,0.31,5.0,0.32,5.0,0.33,5.0,0.34,5.0,0.04,0.04,44.866273,1776160077000
1776160079.011,179.011,0.7,1.33,0.69,5.0,0.68,5.0,0.67,5.0,0.66,5.0,0.74,15.0,0.75,15.0,0.76,15.0,0.77,15.0,0.78,15.0,0.26,15.0,0.25,15.0,0.24,15.0,0.23,15.0,0.22,15.0,0.3,1.33,0.31,5.0,0.32,5.0,0.33,5.0,0.34,5.0,0.04,0.04,44.866273,1776160078000
1776160080.366,180.366,0.7,1.33,0.69,5.0,0.68,5.0,0.67,5.0,0.66,5.0,0.74,15.0,0.75,15.0,0.76,15.0,0.77,15.0,0.78,15.0,0.26,15.0,0.25,15.0,0.24,15.0,0.23,15.0,0.22,15.0,0.3,1.33,0.31,5.0,0.32,5.0,0.33,5.0,0.34,5.0,0.04,0.04,44.866254,1776160079000
1776160081.538,181.538,0.7,1.33,0.69,5.0,0.68,5.0,0.67,5.0,0.66,5.0,0.74,15.0,0.75,15.0,0.76,15.0,0.77,15.0,0.78,15.0,0.26,15.0,0.25,15.0,0.24,15.0,0.23,15.0,0.22,15.0,0.3,1.33,0.31,5.0,0.32,5.0,0.33,5.0,0.34,5.0,0.04,0.04,44.865993,1776160080000
1776160082.226,182.226,0.7,1.33,0.69,5.0,0.68,5.0,0.67,5.0,0.66,5.0,0.74,15.0,0.75,15.0,0.76,15.0,0.77,15.0,0.78,15.0,0.26,15.0,0.25,15.0,0.24,15.0,0.23,15.0,0.22,15.0,0.3,1.33,0.31,5.0,0.32,5.0,0.33,5.0,0.34,5.0,0.04,0.04,44.86612,1776160081000
1776160083.43,183.43,0.7,1.33,0.69,5.0,0.68,5.0,0.67,5.0,0.66,5.0,0.74,15.0,0.75,15.0,0.76,15.0,0.77,15.0,0.78,15.0,0.26,15.0,0.25,15.0,0.24,15.0,0.23,15.0,0.22,15.0,0.3,1.33,0.31,5.0,0.32,5.0,0.33,5.0,0.34,5.0,0.04,0.04,44.866926,1776160082000
1776160083.939,183.939,0.7,1.33,0.69,5.0,0.68,5.0,0.67,5.0,0.66,5.0,0.74,15.0,0.75,15.0,0.76,15.0,0.77,15.0,0.78,15.0,0.26,15.0,0.25,15.0,0.24,15.0,0.23,15.0,0.22,15.0,0.3,1.33,0.31,5.0,0.32,5.0,0.33,5.0,0.34,5.0,0.04,0.04,44.866926,1776160083000
1776160085.16,185.16,0.7,1.33,0.69,5.0,0.68,5.0,0.67,5.0,0.66,5.0,0.74,15.0,0.75,15.0,0.76,15.0,0.77,15.0,0.78,15.0,0.26,15.0,0.25,15.0,0.24,15.0,0.23,15.0,0.22,15.0,0.3,1.33,0.31,5.0,0.32,5.0,0.33,5.0,0.34,5.0,0.04,0.04,44.863043,1776160084000
1776160086.58,186.58,0.7,1.33,0.69,5.0,0.68,5.0,0.67,5.0,0.66,5.0,0.74,15.0,0.75,15.0,0.76,15.0,0.77,15.0,0.78,15.0,0.26,15.0,0.25,15.0,0.24,15.0,0.23,15.0,0.22,15.0,0.3,1.33,0.31,5.0,0.32,5.0,0.33,5.0,0.34,5.0,0.04,0.04,44.863771,1776160085000
1776160086.988,186.988,0.7,1.33,0.69,5.0,0.68,5.0,0.67,5.0,0.66,5.0,0.74,15.0,0.75,15.0,0.76,15.0,0.77,15.0,0.78,15.0,0.26,15.0,0.25,15.0,0.24,15.0,0.23,15.0,0.22,15.0,0.3,1.33,0.31,5.0,0.32,5.0,0.33,5.0,0.34,5.0,0.04,0.04,44.863771,1776160086000
1776160088.292,188.292,0.7,1.33,0.69,5.0,0.68,5.0,0.67,5.0,0.66,5.0,0.74,15.0,0.75,15.0,0.76,15.0,0.77,15.0,0.78,15.0,0.26,15.0,0.25,15.0,0.24,15.0,0.23,15.0,0.22,15.0,0.3,1.33,0.31,5.0,0.32,5.0,0.33,5.0,0.34,5.0,0.04,0.04,44.869858,1776160087000
1776160089.522,189.522,0.7,1.33,0.69,5.0,0.68,5.0,0.67,5.0,0.66,5.0,0.74,15.0,0.75,15.0,0.76,15.0,0.77,15.0,0.78,15.0,0.26,15.0,0.25,15.0,0.24,15.0,0.23,15.0,0.22,15.0,0.3,1.33,0.31,5.0,0.32,5.0,0.33,5.0,0.34,5.0,0.04,0.04,44.869071,1776160088000
1776160090.517,190.517,0.7,1.33,0.69,5.0,0.68,5.0,0.67,5.0,0.66,5.0,0.74,15.0,0.75,15.0,0.76,15.0,0.77,15.0,0.78,15.0,0.26,15.0,0.25,15.0,0.24,15.0,0.23,15.0,0.22,15.0,0.3,1.33,0.31,5.0,0.32,5.0,0.33,5.0,0.34,5.0,0.04,0.04,44.868877,1776160089000
1776160091.474,191.474,0.7,1.33,0.69,5.0,0.68,5.0,0.67,5.0,0.66,5.0,0.74,15.0,0.75,15.0,0.76,15.0,0.77,15.0,0.78,15.0,0.26,15.0,0.25,15.0,0.24,15.0,0.23,15.0,0.22,15.0,0.3,1.33,0.31,5.0,0.32,5.0,0.33,5.0,0.34,5.0,0.04,0.04,44.868824,1776160090000
1776160091.957,191.957,0.7,1.33,0.69,5.0,0.68,5.0,0.67,5.0,0.66,5.0,0.74,15.0,0.75,15.0,0.76,15.0,0.77,15.0,0.78,15.0,0.26,15.0,0.25,15.0,0.24,15.0,0.23,15.0,0.22,15.0,0.3,1.33,0.31,5.0,0.32,5.0,0.33,5.0,0.34,5.0,0.04,0.04,44.868831,1776160091000
1776160093.301,193.301,0.7,1.33,0.69,5.0,0.68,5.0,0.67,5.0,0.66,5.0,0.74,15.0,0.75,15.0,0.76,15.0,0.77,15.0,0.78,15.0,0.26,15.0,0.25,15.0,0.24,15.0,0.23,15.0,0.22,15.0,0.3,1.33,0.31,5.0,0.32,5.0,0.33,5.0,0.34,5.0,0.04,0.04,44.873059,1776160092000
1776160094.41,194.41,0.7,1.33,0.69,5.0,0.68,5.0,0.67,5.0,0.66,5.0,0.74,15.0,0.75,15.0,0.76,15.0,0.77,15.0,0.78,15.0,0.26,15.0,0.25,15.0,0.24,15.0,0.23,15.0,0.22,15.0,0.3,1.33,0.31,5.0,0.32,5.0,0.33,5.0,0.34,5.0,0.04,0.04,44.866556,1776160093000
1776160094.995,194.995,0.7,1.33,0.69,5.0,0.68,5.0,0.67,5.0,0.66,5.0,0.74,15.0,0.75,15.0,0.76,15.0,0.77,15.0,0.78,15.0,0.26,15.0,0.25,15.0,0.24,15.0,0.23,15.0,0.22,15.0,0.3,1.33,0.31,5.0,0.32,5.0,0.33,5.0,0.34,5.0,0.04,0.04,44.873855,1776160094000
1776160096.258,196.258,0.7,1.33,0.69,5.0,0.68,5.0,0.67,5.0,0.66,5.0,0.74,15.0,0.75,15.0,0.76,15.0,0.77,15.0,0.78,15.0,0.26,15.0,0.25,15.0,0.24,15.0,0.23,15.0,0.22,15.0,0.3,1.33,0.31,5.0,0.32,5.0,0.33,5.0,0.34,5.0,0.04,0.04,44.873824,1776160095000
1776160097.334,197.334,0.7,1.33,0.69,5.0,0.68,5.0,0.67,5.0,0.66,5.0,0.74,15.0,0.75,15.0,0.76,15.0,0.77,15.0,0.78,15.0,0.26,15.0,0.25,15.0,0.24,15.0,0.23,15.0,0.22,15.0,0.3,1.33,0.31,5.0,0.32,5.0,0.33,5.0,0.34,5.0,0.04,0.04,44.873661,1776160096000
1776160098.453,198.453,0.7,1.33,0.69,5.0,0.68,5.0,0.67,5.0,0.66,5.0,0.74,15.0,0.75,15.0,0.76,15.0,0.77,15.0,0.78,15.0,0.26,15.0,0.25,15.0,0.24,15.0,0.23,15.0,0.22,15.0,0.3,1.33,0.31,5.0,0.32,5.0,0.33,5.0,0.34,5.0,0.04,0.04,44.862417,1776160097000
1776160099.09,199.09,0.7,1.33,0.69,5.0,0.68,5.0,0.67,5.0,0.66,5.0,0.74,15.0,0.75,15.0,0.76,15.0,0.77,15.0,0.78,15.0,0.26,15.0,0.25,15.0,0.24,15.0,0.23,15.0,0.22,15.0,0.3,1.33,0.31,5.0,0.32,5.0,0.33,5.0,0.34,5.0,0.04,0.04,44.861847,1776160098000
1776160100.158,200.158,0.64,10.0,0.63,15.0,0.62,23.0,0.61,15.0,0.6,15.0,0.76,12.36,0.77,15.0,0.78,15.0,0.79,15.0,0.8,30.0,0.24,12.36,0.23,15.0,0.22,15.0,0.21,15.0,0.2,30.0,0.36,10.0,0.37,15.0,0.38,23.0,0.39,15.0,0.4,15.0,0.12,0.12,44.85681,1776160099000
1776160101.548,201.548,0.64,10.0,0.63,15.0,0.62,23.0,0.61,15.0,0.6,15.0,0.76,12.36,0.77,15.0,0.78,15.0,0.79,15.0,0.8,30.0,0.24,12.36,0.23,15.0,0.22,15.0,0.21,15.0,0.2,30.0,0.36,10.0,0.37,15.0,0.38,23.0,0.39,15.0,0.4,15.0,0.12,0.12,44.855559,1776160100000
1776160102.19,202.19,0.64,10.0,0.63,15.0,0.62,23.0,0.61,15.0,0.6,15.0,0.76,12.36,0.77,15.0,0.78,15.0,0.79,15.0,0.8,30.0,0.24,12.36,0.23,15.0,0.22,15.0,0.21,15.0,0.2,30.0,0.36,10.0,0.37,15.0,0.38,23.0,0.39,15.0,0.4,15.0,0.12,0.12,44.854976,1776160101000
1776160103.339,203.339,0.64,10.0,0.63,15.0,0.62,23.0,0.61,15.0,0.6,15.0,0.76,12.36,0.77,15.0,0.78,15.0,0.79,15.0,0.8,30.0,0.24,12.36,0.23,15.0,0.22,15.0,0.21,15.0,0.2,30.0,0.36,10.0,0.37,15.0,0.38,23.0,0.39,15.0,0.4,15.0,0.12,0.12,44.855029,1776160102000
1776160104.377,204.377,0.64,10.0,0.63,15.0,0.62,23.0,0.61,15.0,0.6,15.0,0.76,12.36,0.77,15.0,0.78,15.0,0.79,15.0,0.8,30.0,0.24,12.36,0.23,15.0,0.22,15.0,0.21,15.0,0.2,30.0,0.36,10.0,0.37,15.0,0.38,23.0,0.39,15.0,0.4,15.0,0.12,0.12,44.854777,1776160103000
1776160104.895,204.895,0.64,10.0,0.63,15.0,0.62,23.0,0.61,15.0,0.6,15.0,0.76,12.36,0.77,15.0,0.78,15.0,0.79,15.0,0.8,30.0,0.24,12.36,0.23,15.0,0.22,15.0,0.21,15.0,0.2,30.0,0.36,10.0,0.37,15.0,0.38,23.0,0.39,15.0,0.4,15.0,0.12,0.12,44.854777,1776160104000
1776160106.167,206.167,0.64,10.0,0.63,15.0,0.62,23.0,0.61,15.0,0.6,15.0,0.76,12.36,0.77,15.0,0.78,15.0,0.79,15.0,0.8,30.0,0.24,12.36,0.23,15.0,0.22,15.0,0.21,15.0,0.2,30.0,0.36,10.0,0.37,15.0,0.38,23.0,0.39,15.0,0.4,15.0,0.12,0.12,44.854845,1776160105000
1776160107.261,207.261,0.64,10.0,0.63,15.0,0.62,23.0,0.61,15.0,0.6,15.0,0.76,12.36,0.77,15.0,0.78,15.0,0.79,15.0,0.8,30.0,0.24,12.36,0.23,15.0,0.22,15.0,0.21,15.0,0.2,30.0,0.36,10.0,0.37,15.0,0.38,23.0,0.39,15.0,0.4,15.0,0.12,0.12,44.852918,1776160106000
1776160107.857,207.857,0.64,10.0,0.63,15.0,0.62,23.0,0.61,15.0,0.6,15.0,0.76,12.36,0.77,15.0,0.78,15.0,0.79,15.0,0.8,30.0,0.24,12.36,0.23,15.0,0.22,15.0,0.21,15.0,0.2,30.0,0.36,10.0,0.37,15.0,0.38,23.0,0.39,15.0,0.4,15.0,0.12,0.12,44.852709,1776160107000
1776160108.931,208.931,0.64,10.0,0.63,15.0,0.62,23.0,0.61,15.0,0.6,15.0,0.76,12.36,0.77,15.0,0.78,15.0,0.79,15.0,0.8,30.0,0.24,12.36,0.23,15.0,0.22,15.0,0.21,15.0,0.2,30.0,0.36,10.0,0.37,15.0,0.38,23.0,0.39,15.0,0.4,15.0,0.12,0.12,44.848032,1776160108000
1776160110.021,210.021,0.64,10.0,0.63,15.0,0.62,23.0,0.61,15.0,0.6,15.0,0.76,12.36,0.77,15.0,0.78,15.0,0.79,15.0,0.8,30.0,0.24,12.36,0.23,15.0,0.22,15.0,0.21,15.0,0.2,30.0,0.36,10.0,0.37,15.0,0.38,23.0,0.39,15.0,0.4,15.0,0.12,0.12,44.84678,1776160109000
1776160110.687,210.687,0.64,7.0,0.62,25.0,0.61,15.0,0.6,15.0,0.59,15.0,0.74,9.95,0.75,15.0,0.76,15.0,0.77,15.0,0.78,15.0,0.24,12.36,0.23,15.0,0.22,15.0,0.21,15.0,0.2,30.0,0.36,10.0,0.37,15.0,0.38,23.0,0.39,15.0,0.4,15.0,0.1,0.12,44.84678,1776160109000
1776160111.177,211.177,0.64,7.0,0.62,25.0,0.61,15.0,0.6,15.0,0.59,15.0,0.74,4.9,0.75,15.0,0.76,15.0,0.77,15.0,0.78,15.0,0.26,4.9,0.25,15.0,0.24,15.0,0.23,15.0,0.22,15.0,0.36,7.0,0.38,25.0,0.39,15.0,0.4,15.0,0.41,15.0,0.1,0.1,44.846528,1776160110000
1776160112.194,212.194,0.64,7.0,0.62,25.0,0.61,15.0,0.6,15.0,0.59,15.0,0.74,4.9,0.75,15.0,0.76,15.0,0.77,15.0,0.78,15.0,0.26,4.9,0.25,15.0,0.24,15.0,0.23,15.0,0.22,15.0,0.36,7.0,0.38,25.0,0.39,15.0,0.4,15.0,0.41,15.0,0.1,0.1,44.844818,1776160111000
1776160113.305,213.305,0.64,7.0,0.62,25.0,0.61,15.0,0.6,15.0,0.59,15.0,0.74,4.9,0.75,15.0,0.76,15.0,0.77,15.0,0.78,15.0,0.26,4.9,0.25,15.0,0.24,15.0,0.23,15.0,0.22,15.0,0.36,7.0,0.38,25.0,0.39,15.0,0.4,15.0,0.41,15.0,0.1,0.1,44.845042,1776160112000
1776160114.333,214.333,0.64,7.0,0.62,25.0,0.61,15.0,0.6,15.0,0.59,15.0,0.74,4.9,0.75,15.0,0.76,15.0,0.77,15.0,0.78,15.0,0.26,4.9,0.25,15.0,0.24,15.0,0.23,15.0,0.22,15.0,0.36,7.0,0.38,25.0,0.39,15.0,0.4,15.0,0.41,15.0,0.1,0.1,44.845043,1776160113000
1776160114.953,214.953,0.64,7.0,0.62,25.0,0.61,15.0,0.6,15.0,0.59,15.0,0.74,4.9,0.75,15.0,0.76,15.0,0.77,15.0,0.78,15.0,0.26,4.9,0.25,15.0,0.24,15.0,0.23,15.0,0.22,15.0,0.36,7.0,0.38,25.0,0.39,15.0,0.4,15.0,0.41,15.0,0.1,0.1,44.850372,1776160114000
1776160116.034,216.034,0.64,7.0,0.62,25.0,0.61,15.0,0.6,15.0,0.59,15.0,0.74,4.9,0.75,15.0,0.76,15.0,0.77,15.0,0.78,15.0,0.26,4.9,0.25,15.0,0.24,15.0,0.23,15.0,0.22,15.0,0.36,7.0,0.38,25.0,0.39,15.0,0.4,15.0,0.41,15.0,0.1,0.1,44.850529,1776160115000
1776160117.161,217.161,0.64,7.0,0.62,25.0,0.61,15.0,0.6,15.0,0.59,15.0,0.74,4.9,0.75,15.0,0.76,15.0,0.77,15.0,0.78,15.0,0.26,4.9,0.25,15.0,0.24,15.0,0.23,15.0,0.22,15.0,0.36,7.0,0.38,25.0,0.39,15.0,0.4,15.0,0.41,15.0,0.1,0.1,44.845082,1776160116000
1776160118.427,218.427,0.64,7.0,0.62,25.0,0.61,15.0,0.6,15.0,0.59,15.0,0.74,4.9,0.75,15.0,0.76,15.0,0.77,15.0,0.78,15.0,0.26,4.9,0.25,15.0,0.24,15.0,0.23,15.0,0.22,15.0,0.36,7.0,0.38,25.0,0.39,15.0,0.4,15.0,0.41,15.0,0.1,0.1,44.850173,1776160117000
1776160119.387,219.387,0.64,7.0,0.62,25.0,0.61,15.0,0.6,15.0,0.59,15.0,0.74,4.9,0.75,15.0,0.76,15.0,0.77,15.0,0.78,15.0,0.26,4.9,0.25,15.0,0.24,15.0,0.23,15.0,0.22,15.0,0.36,7.0,0.38,25.0,0.39,15.0,0.4,15.0,0.41,15.0,0.1,0.1,44.853193,1776160118000
1776160120.683,220.683,0.64,7.0,0.62,25.0,0.61,15.0,0.6,15.0,0.59,15.0,0.74,4.9,0.75,15.0,0.76,15.0,0.77,15.0,0.78,15.0,0.26,4.9,0.25,15.0,0.24,15.0,0.23,15.0,0.22,15.0,0.36,7.0,0.38,25.0,0.39,15.0,0.4,15.0,0.41,15.0,0.1,0.1,44.854196,1776160119000
1776160121.157,221.157,0.64,7.0,0.62,25.0,0.61,15.0,0.6,15.0,0.59,15.0,0.74,4.9,0.75,15.0,0.76,15.0,0.77,15.0,0.78,15.0,0.26,4.9,0.25,15.0,0.24,15.0,0.23,15.0,0.22,15.0,0.36,7.0,0.38,25.0,0.39,15.0,0.4,15.0,0.41,15.0,0.1,0.1,44.854223,1776160120000
1776160122.179,222.179,0.64,7.0,0.62,25.0,0.61,15.0,0.6,15.0,0.59,15.0,0.74,4.9,0.75,15.0,0.76,15.0,0.77,15.0,0.78,15.0,0.26,4.9,0.25,15.0,0.24,15.0,0.23,15.0,0.22,15.0,0.36,7.0,0.38,25.0,0.39,15.0,0.4,15.0,0.41,15.0,0.1,0.1,44.851461,1776160121000
1776160123.149,223.149,0.64,7.0,0.62,25.0,0.61,15.0,0.6,15.0,0.59,15.0,0.74,4.9,0.75,15.0,0.76,15.0,0.77,15.0,0.78,15.0,0.26,4.9,0.25,15.0,0.24,15.0,0.23,15.0,0.22,15.0,0.36,7.0,0.38,25.0,0.39,15.0,0.4,15.0,0.41,15.0,0.1,0.1,44.851461,1776160122000
1776160124.221,224.221,0.64,7.0,0.62,25.0,0.61,15.0,0.6,15.0,0.59,15.0,0.74,4.9,0.75,15.0,0.76,15.0,0.77,15.0,0.78,15.0,0.26,4.9,0.25,15.0,0.24,15.0,0.23,15.0,0.22,15.0,0.36,7.0,0.38,25.0,0.39,15.0,0.4,15.0,0.41,15.0,0.1,0.1,44.854186,1776160123000
1776160125.327,225.327,0.64,7.0,0.62,25.0,0.61,15.0,0.6,15.0,0.59,15.0,0.74,4.9,0.75,15.0,0.76,15.0,0.77,15.0,0.78,15.0,0.26,4.9,0.25,15.0,0.24,15.0,0.23,15.0,0.22,15.0,0.36,7.0,0.38,25.0,0.39,15.0,0.4,15.0,0.41,15.0,0.1,0.1,44.853935,1776160124000
1776160126.255,226.255,0.64,7.0,0.62,25.0,0.61,15.0,0.6,15.0,0.59,15.0,0.74,4.9,0.75,15.0,0.76,15.0,0.77,15.0,0.78,15.0,0.26,4.9,0.25,15.0,0.24,15.0,0.23,15.0,0.22,15.0,0.36,7.0,0.38,25.0,0.39,15.0,0.4,15.0,0.41,15.0,0.1,0.1,44.853927,1776160125000
1776160127.236,227.236,0.64,7.0,0.62,25.0,0.61,15.0,0.6,15.0,0.59,15.0,0.74,4.9,0.75,15.0,0.76,15.0,0.77,15.0,0.78,15.0,0.26,4.9,0.25,15.0,0.24,15.0,0.23,15.0,0.22,15.0,0.36,7.0,0.38,25.0,0.39,15.0,0.4,15.0,0.41,15.0,0.1,0.1,44.85332,1776160126000
1776160128.255,228.255,0.64,7.0,0.62,25.0,0.61,15.0,0.6,15.0,0.59,15.0,0.74,4.9,0.75,15.0,0.76,15.0,0.77,15.0,0.78,15.0,0.26,4.9,0.25,15.0,0.24,15.0,0.23,15.0,0.22,15.0,0.36,7.0,0.38,25.0,0.39,15.0,0.4,15.0,0.41,15.0,0.1,0.1,44.852661,1776160127000
1776160129.191,229.191,0.64,7.0,0.62,25.0,0.61,15.0,0.6,15.0,0.59,15.0,0.74,4.9,0.75,15.0,0.76,15.0,0.77,15.0,0.78,15.0,0.26,4.9,0.25,15.0,0.24,15.0,0.23,15.0,0.22,15.0,0.36,7.0,0.38,25.0,0.39,15.0,0.4,15.0,0.41,15.0,0.1,0.1,44.85261,1776160128000
1776160130.251,230.251,0.64,7.0,0.62,25.0,0.61,15.0,0.6,15.0,0.59,15.0,0.74,4.9,0.75,15.0,0.76,15.0,0.77,15.0,0.78,15.0,0.26,4.9,0.25,15.0,0.24,15.0,0.23,15.0,0.22,15.0,0.36,7.0,0.38,25.0,0.39,15.0,0.4,15.0,0.41,15.0,0.1,0.1,44.852644,1776160129000
1776160131.302,231.302,0.64,7.0,0.62,25.0,0.61,15.0,0.6,15.0,0.59,15.0,0.74,4.9,0.75,15.0,0.76,15.0,0.77,15.0,0.78,15.0,0.26,4.9,0.25,15.0,0.24,15.0,0.23,15.0,0.22,15.0,0.36,7.0,0.38,25.0,0.39,15.0,0.4,15.0,0.41,15.0,0.1,0.1,44.852467,1776160130000
1776160132.191,232.191,0.73,6.0,0.71,15.0,0.7,15.0,0.69,15.0,0.68,15.0,0.8,9.0,0.81,15.0,0.82,15.0,0.83,15.0,0.84,25.0,0.2,9.0,0.19,15.0,0.18,15.0,0.17,15.0,0.16,25.0,0.27,6.0,0.29,15.0,0.3,15.0,0.31,15.0,0.32,15.0,0.07,0.07,44.852429,1776160131000
1776160133.931,233.931,0.73,6.0,0.71,15.0,0.7,15.0,0.69,15.0,0.68,15.0,0.8,9.0,0.81,15.0,0.82,15.0,0.83,15.0,0.84,25.0,0.2,9.0,0.19,15.0,0.18,15.0,0.17,15.0,0.16,25.0,0.27,6.0,0.29,15.0,0.3,15.0,0.31,15.0,0.32,15.0,0.07,0.07,44.852795,1776160132000
1776160134.42,234.42,0.73,6.0,0.71,15.0,0.7,15.0,0.69,15.0,0.68,15.0,0.8,9.0,0.81,15.0,0.82,15.0,0.83,15.0,0.84,25.0,0.2,9.0,0.19,15.0,0.18,15.0,0.17,15.0,0.16,25.0,0.27,6.0,0.29,15.0,0.3,15.0,0.31,15.0,0.32,15.0,0.07,0.07,44.852795,1776160133000
1776160134.875,234.875,0.73,6.0,0.71,15.0,0.7,15.0,0.69,15.0,0.68,15.0,0.8,9.0,0.81,15.0,0.82,15.0,0.83,15.0,0.84,25.0,0.2,9.0,0.19,15.0,0.18,15.0,0.17,15.0,0.16,25.0,0.27,6.0,0.29,15.0,0.3,15.0,0.31,15.0,0.32,15.0,0.07,0.07,44.852795,1776160134000
1776160135.927,235.927,0.73,6.0,0.71,15.0,0.7,15.0,0.69,15.0,0.68,15.0,0.8,9.0,0.81,15.0,0.82,15.0,0.83,15.0,0.84,25.0,0.2,9.0,0.19,15.0,0.18,15.0,0.17,15.0,0.16,25.0,0.27,6.0,0.29,15.0,0.3,15.0,0.31,15.0,0.32,15.0,0.07,0.07,44.852691,1776160135000
1776160136.809,236.809,0.73,6.0,0.71,15.0,0.7,15.0,0.69,15.0,0.68,15.0,0.8,9.0,0.81,15.0,0.82,15.0,0.83,15.0,0.84,25.0,0.2,9.0,0.19,15.0,0.18,15.0,0.17,15.0,0.16,25.0,0.27,6.0,0.29,15.0,0.3,15.0,0.31,15.0,0.32,15.0,0.07,0.07,44.84751,1776160136000
1776160138.297,238.297,0.73,6.0,0.71,15.0,0.7,15.0,0.69,15.0,0.68,15.0,0.8,9.0,0.81,15.0,0.82,15.0,0.83,15.0,0.84,25.0,0.2,9.0,0.19,15.0,0.18,15.0,0.17,15.0,0.16,25.0,0.27,6.0,0.29,15.0,0.3,15.0,0.31,15.0,0.32,15.0,0.07,0.07,44.847183,1776160137000
1776160139.314,239.314,0.73,6.0,0.71,15.0,0.7,15.0,0.69,15.0,0.68,15.0,0.8,9.0,0.81,15.0,0.82,15.0,0.83,15.0,0.84,25.0,0.2,9.0,0.19,15.0,0.18,15.0,0.17,15.0,0.16,25.0,0.27,6.0,0.29,15.0,0.3,15.0,0.31,15.0,0.32,15.0,0.07,0.07,44.84778,1776160138000
1776160140.275,240.275,0.73,6.0,0.71,15.0,0.7,15.0,0.69,15.0,0.68,15.0,0.8,9.0,0.81,15.0,0.82,15.0,0.83,15.0,0.84,25.0,0.2,9.0,0.19,15.0,0.18,15.0,0.17,15.0,0.16,25.0,0.27,6.0,0.29,15.0,0.3,15.0,0.31,15.0,0.32,15.0,0.07,0.07,44.848386,1776160139000
1776160141.257,241.257,0.73,6.0,0.71,15.0,0.7,15.0,0.69,15.0,0.68,15.0,0.8,9.0,0.81,15.0,0.82,15.0,0.83,15.0,0.84,25.0,0.2,9.0,0.19,15.0,0.18,15.0,0.17,15.0,0.16,25.0,0.27,6.0,0.29,15.0,0.3,15.0,0.31,15.0,0.32,15.0,0.07,0.07,44.849442,1776160140000
1776160142.173,242.173,0.73,6.0,0.72,15.0,0.71,15.0,0.7,15.0,0.69,15.0,0.8,2.92,0.83,15.0,0.84,15.0,0.85,25.0,0.86,15.0,0.2,2.92,0.17,15.0,0.16,15.0,0.15,25.0,0.14,15.0,0.27,6.0,0.28,15.0,0.29,15.0,0.3,15.0,0.31,15.0,0.07,0.07,44.851381,1776160141000
1776160143.136,243.136,0.73,6.0,0.72,15.0,0.71,15.0,0.7,15.0,0.69,15.0,0.8,2.92,0.83,15.0,0.84,15.0,0.85,25.0,0.86,15.0,0.2,2.92,0.17,15.0,0.16,15.0,0.15,25.0,0.14,15.0,0.27,6.0,0.28,15.0,0.29,15.0,0.3,15.0,0.31,15.0,0.07,0.07,44.851381,1776160142000
1776160144.166,244.166,0.73,6.0,0.72,15.0,0.71,15.0,0.7,15.0,0.69,15.0,0.8,2.92,0.83,15.0,0.84,15.0,0.85,25.0,0.86,15.0,0.2,2.92,0.17,15.0,0.16,15.0,0.15,25.0,0.14,15.0,0.27,6.0,0.28,15.0,0.29,15.0,0.3,15.0,0.31,15.0,0.07,0.07,44.851465,1776160143000
1776160145.18,245.18,0.73,6.0,0.72,15.0,0.71,15.0,0.7,15.0,0.69,15.0,0.8,2.92,0.83,15.0,0.84,15.0,0.85,25.0,0.86,15.0,0.2,2.92,0.17,15.0,0.16,15.0,0.15,25.0,0.14,15.0,0.27,6.0,0.28,15.0,0.29,15.0,0.3,15.0,0.31,15.0,0.07,0.07,44.854353,1776160144000
1776160146.569,246.569,0.73,6.0,0.72,15.0,0.71,15.0,0.7,15.0,0.69,15.0,0.8,2.92,0.83,15.0,0.84,15.0,0.85,25.0,0.86,15.0,0.2,2.92,0.17,15.0,0.16,15.0,0.15,25.0,0.14,15.0,0.27,6.0,0.28,15.0,0.29,15.0,0.3,15.0,0.31,15.0,0.07,0.07,44.851898,1776160145000
1776160147.098,247.098,0.73,6.0,0.72,15.0,0.71,15.0,0.7,15.0,0.69,15.0,0.8,2.92,0.83,15.0,0.84,15.0,0.85,25.0,0.86,15.0,0.2,2.92,0.17,15.0,0.16,15.0,0.15,25.0,0.14,15.0,0.27,6.0,0.28,15.0,0.29,15.0,0.3,15.0,0.31,15.0,0.07,0.07,44.843972,1776160146000
1776160148.114,248.114,0.73,6.0,0.72,15.0,0.71,15.0,0.7,15.0,0.69,15.0,0.8,2.92,0.83,15.0,0.84,15.0,0.85,25.0,0.86,15.0,0.2,2.92,0.17,15.0,0.16,15.0,0.15,25.0,0.14,15.0,0.27,6.0,0.28,15.0,0.29,15.0,0.3,15.0,0.31,15.0,0.07,0.07,44.842039,1776160147000
1776160149.098,249.098,0.73,6.0,0.72,15.0,0.71,15.0,0.7,15.0,0.69,15.0,0.8,2.92,0.83,15.0,0.84,15.0,0.85,25.0,0.86,15.0,0.2,2.92,0.17,15.0,0.16,15.0,0.15,25.0,0.14,15.0,0.27,6.0,0.28,15.0,0.29,15.0,0.3,15.0,0.31,15.0,0.07,0.07,44.840332,1776160148000
1776160150.017,250.017,0.73,6.0,0.72,15.0,0.71,15.0,0.7,15.0,0.69,15.0,0.8,2.92,0.83,15.0,0.84,15.0,0.85,25.0,0.86,15.0,0.2,2.92,0.17,15.0,0.16,15.0,0.15,25.0,0.14,15.0,0.27,6.0,0.28,15.0,0.29,15.0,0.3,15.0,0.31,15.0,0.07,0.07,44.841383,1776160149000
1776160150.975,250.975,0.73,6.0,0.72,15.0,0.71,15.0,0.7,15.0,0.69,15.0,0.8,2.92,0.83,15.0,0.84,15.0,0.85,25.0,0.86,15.0,0.2,2.92,0.17,15.0,0.16,15.0,0.15,25.0,0.14,15.0,0.27,6.0,0.28,15.0,0.29,15.0,0.3,15.0,0.31,15.0,0.07,0.07,44.845031,1776160150000
1776160151.996,251.996,0.73,6.0,0.72,15.0,0.71,15.0,0.7,15.0,0.69,15.0,0.8,2.92,0.83,15.0,0.84,15.0,0.85,25.0,0.86,15.0,0.2,2.92,0.17,15.0,0.16,15.0,0.15,25.0,0.14,15.0,0.27,6.0,0.28,15.0,0.29,15.0,0.3,15.0,0.31,15.0,0.07,0.07,44.845031,1776160151000
1776160153.094,253.094,0.73,6.0,0.72,15.0,0.71,15.0,0.7,15.0,0.69,15.0,0.8,2.92,0.83,15.0,0.84,15.0,0.85,25.0,0.86,15.0,0.2,2.92,0.17,15.0,0.16,15.0,0.15,25.0,0.14,15.0,0.27,6.0,0.28,15.0,0.29,15.0,0.3,15.0,0.31,15.0,0.07,0.07,44.844216,1776160152000
1776160154.018,254.018,0.73,6.0,0.72,15.0,0.71,15.0,0.7,15.0,0.69,15.0,0.8,2.92,0.83,15.0,0.84,15.0,0.85,25.0,0.86,15.0,0.2,2.92,0.17,15.0,0.16,15.0,0.15,25.0,0.14,15.0,0.27,6.0,0.28,15.0,0.29,15.0,0.3,15.0,0.31,15.0,0.07,0.07,44.844208,1776160153000
1776160154.946,254.946,0.73,6.0,0.72,15.0,0.71,15.0,0.7,15.0,0.69,15.0,0.8,2.92,0.83,15.0,0.84,15.0,0.85,25.0,0.86,15.0,0.2,2.92,0.17,15.0,0.16,15.0,0.15,25.0,0.14,15.0,0.27,6.0,0.28,15.0,0.29,15.0,0.3,15.0,0.31,15.0,0.07,0.07,44.844216,1776160154000
1776160155.977,255.977,0.73,6.0,0.72,15.0,0.71,15.0,0.7,15.0,0.69,15.0,0.8,2.92,0.83,15.0,0.84,15.0,0.85,25.0,0.86,15.0,0.2,2.92,0.17,15.0,0.16,15.0,0.15,25.0,0.14,15.0,0.27,6.0,0.28,15.0,0.29,15.0,0.3,15.0,0.31,15.0,0.07,0.07,44.843344,1776160155000
1776160156.473,256.473,0.68,39.0,0.65,15.0,0.64,15.0,0.63,15.0,0.62,15.0,0.71,2.81,0.8,2.92,0.86,15.0,0.87,15.0,0.88,25.0,0.2,2.92,0.17,15.0,0.16,15.0,0.15,25.0,0.14,15.0,0.27,6.0,0.28,15.0,0.29,15.0,0.3,15.0,0.31,15.0,0.03,0.07,44.843344,1776160155000
1776160157.101,257.101,0.68,39.0,0.65,15.0,0.64,15.0,0.63,15.0,0.62,15.0,0.8,2.92,0.86,15.0,0.87,15.0,0.88,25.0,0.89,15.0,0.2,2.92,0.14,15.0,0.13,15.0,0.12,25.0,0.11,15.0,0.32,39.0,0.35,15.0,0.36,15.0,0.37,15.0,0.38,15.0,0.12,0.12,44.843344,1776160156000
1776160158.105,258.105,0.68,39.0,0.65,15.0,0.64,15.0,0.63,15.0,0.62,15.0,0.8,2.92,0.86,15.0,0.87,15.0,0.88,25.0,0.89,15.0,0.2,2.92,0.14,15.0,0.13,15.0,0.12,25.0,0.11,15.0,0.32,39.0,0.35,15.0,0.36,15.0,0.37,15.0,0.38,15.0,0.12,0.12,44.848197,1776160157000
1776160159.573,259.573,0.68,39.0,0.65,15.0,0.64,15.0,0.63,15.0,0.62,15.0,0.8,2.92,0.86,15.0,0.87,15.0,0.88,25.0,0.89,15.0,0.2,2.92,0.14,15.0,0.13,15.0,0.12,25.0,0.11,15.0,0.32,39.0,0.35,15.0,0.36,15.0,0.37,15.0,0.38,15.0,0.12,0.12,44.843296,1776160158000
1776160160.171,260.171,0.68,39.0,0.65,15.0,0.64,15.0,0.63,15.0,0.62,15.0,0.8,2.92,0.86,15.0,0.87,15.0,0.88,25.0,0.89,15.0,0.2,2.92,0.14,15.0,0.13,15.0,0.12,25.0,0.11,15.0,0.32,39.0,0.35,15.0,0.36,15.0,0.37,15.0,0.38,15.0,0.12,0.12,44.8443,1776160159000
1776160161.204,261.204,0.68,39.0,0.65,15.0,0.64,15.0,0.63,15.0,0.62,15.0,0.8,2.92,0.86,15.0,0.87,15.0,0.88,25.0,0.89,15.0,0.2,2.92,0.14,15.0,0.13,15.0,0.12,25.0,0.11,15.0,0.32,39.0,0.35,15.0,0.36,15.0,0.37,15.0,0.38,15.0,0.12,0.12,44.844516,1776160160000
1776160161.721,261.721,0.68,32.0,0.53,10.0,0.5,15.0,0.49,15.0,0.48,15.0,0.7,4.64,0.8,2.92,0.84,15.0,0.85,15.0,0.86,15.0,0.2,2.92,0.14,15.0,0.13,15.0,0.12,25.0,0.11,15.0,0.32,39.0,0.35,15.0,0.36,15.0,0.37,15.0,0.38,15.0,0.02,0.12,44.844516,1776160160000
1776160162.029,262.029,0.53,10.0,0.51,15.0,0.5,7.08,0.49,15.0,0.48,15.0,0.7,2.87,0.8,2.92,0.84,15.0,0.85,15.0,0.86,15.0,0.2,2.92,0.16,15.0,0.15,15.0,0.14,15.0,0.13,15.0,0.5,7.08,0.51,15.0,0.52,15.0,0.53,15.0,0.54,15.0,0.17,0.3,44.844516,1776160160000
1776160162.247,262.247,0.53,10.0,0.51,15.0,0.5,7.08,0.49,15.0,0.48,15.0,0.7,2.87,0.8,2.92,0.84,15.0,0.85,15.0,0.86,15.0,0.3,2.87,0.2,2.92,0.16,15.0,0.15,15.0,0.14,15.0,0.47,10.0,0.49,15.0,0.5,7.08,0.51,15.0,0.52,15.0,0.17,0.17,44.843855,1776160161000
1776160163.339,263.339,0.53,10.0,0.51,15.0,0.5,7.08,0.49,15.0,0.48,15.0,0.7,2.87,0.8,2.92,0.84,15.0,0.85,15.0,0.86,15.0,0.3,2.87,0.2,2.92,0.16,15.0,0.15,15.0,0.14,15.0,0.47,10.0,0.49,15.0,0.5,7.08,0.51,15.0,0.52,15.0,0.17,0.17,44.843791,1776160162000
1776160163.997,263.997,0.53,10.0,0.51,15.0,0.5,7.08,0.49,15.0,0.48,15.0,0.7,2.87,0.8,2.92,0.84,15.0,0.85,15.0,0.86,15.0,0.3,2.87,0.2,2.92,0.16,15.0,0.15,15.0,0.14,15.0,0.47,10.0,0.49,15.0,0.5,7.08,0.51,15.0,0.52,15.0,0.17,0.17,44.843508,1776160163000
1776160165.122,265.122,0.53,10.0,0.51,15.0,0.5,7.08,0.49,15.0,0.48,15.0,0.7,2.87,0.8,2.92,0.84,15.0,0.85,15.0,0.86,15.0,0.3,2.87,0.2,2.92,0.16,15.0,0.15,15.0,0.14,15.0,0.47,10.0,0.49,15.0,0.5,7.08,0.51,15.0,0.52,15.0,0.17,0.17,44.833355,1776160164000
1776160166.207,266.207,0.53,10.0,0.51,15.0,0.5,7.08,0.49,15.0,0.48,15.0,0.7,2.87,0.8,2.92,0.84,15.0,0.85,15.0,0.86,15.0,0.3,2.87,0.2,2.92,0.16,15.0,0.15,15.0,0.14,15.0,0.47,10.0,0.49,15.0,0.5,7.08,0.51,15.0,0.52,15.0,0.17,0.17,44.834,1776160165000
1776160167.306,267.306,0.53,10.0,0.51,15.0,0.5,7.08,0.49,15.0,0.48,15.0,0.7,2.87,0.8,2.92,0.84,15.0,0.85,15.0,0.86,15.0,0.3,2.87,0.2,2.92,0.16,15.0,0.15,15.0,0.14,15.0,0.47,10.0,0.49,15.0,0.5,7.08,0.51,15.0,0.52,15.0,0.17,0.17,44.833768,1776160166000
1776160168.517,268.517,0.53,10.0,0.51,15.0,0.5,7.08,0.49,15.0,0.48,15.0,0.7,2.87,0.8,2.92,0.84,15.0,0.85,15.0,0.86,15.0,0.3,2.87,0.2,2.92,0.16,15.0,0.15,15.0,0.14,15.0,0.47,10.0,0.49,15.0,0.5,7.08,0.51,15.0,0.52,15.0,0.17,0.17,44.833001,1776160167000
1776160169.132,269.132,0.53,10.0,0.51,15.0,0.5,7.08,0.49,15.0,0.48,15.0,0.7,2.87,0.8,2.92,0.84,15.0,0.85,15.0,0.86,15.0,0.3,2.87,0.2,2.92,0.16,15.0,0.15,15.0,0.14,15.0,0.47,10.0,0.49,15.0,0.5,7.08,0.51,15.0,0.52,15.0,0.17,0.17,44.834459,1776160168000
1776160170.179,270.179,0.53,10.0,0.51,15.0,0.5,7.08,0.49,15.0,0.48,15.0,0.7,2.87,0.8,2.92,0.84,15.0,0.85,15.0,0.86,15.0,0.3,2.87,0.2,2.92,0.16,15.0,0.15,15.0,0.14,15.0,0.47,10.0,0.49,15.0,0.5,7.08,0.51,15.0,0.52,15.0,0.17,0.17,44.841007,1776160169000
1776160170.388,270.388,0.62,10.0,0.58,15.0,0.57,15.0,0.56,15.0,0.55,15.0,0.75,9.95,0.76,15.0,0.77,15.0,0.78,15.0,0.79,25.0,0.3,2.87,0.2,2.92,0.16,15.0,0.15,15.0,0.14,15.0,0.47,10.0,0.49,15.0,0.5,7.08,0.51,15.0,0.52,15.0,0.13,0.17,44.841007,1776160169000
1776160171.399,271.399,0.62,10.0,0.58,15.0,0.57,15.0,0.56,15.0,0.55,15.0,0.76,4.75,0.77,15.0,0.78,15.0,0.79,25.0,0.8,17.92,0.24,4.75,0.23,15.0,0.22,15.0,0.21,25.0,0.2,17.92,0.38,10.0,0.42,15.0,0.43,15.0,0.44,15.0,0.45,15.0,0.14,0.14,44.841339,1776160170000
1776160172.372,272.372,0.62,10.0,0.58,15.0,0.57,15.0,0.56,15.0,0.55,15.0,0.76,4.75,0.77,15.0,0.78,15.0,0.79,25.0,0.8,17.92,0.24,4.75,0.23,15.0,0.22,15.0,0.21,25.0,0.2,17.92,0.38,10.0,0.42,15.0,0.43,15.0,0.44,15.0,0.45,15.0,0.14,0.14,44.840092,1776160171000
1776160173.006,273.006,0.62,10.0,0.58,15.0,0.57,15.0,0.56,15.0,0.55,15.0,0.76,4.75,0.77,15.0,0.78,15.0,0.79,25.0,0.8,17.92,0.24,4.75,0.23,15.0,0.22,15.0,0.21,25.0,0.2,17.92,0.38,10.0,0.42,15.0,0.43,15.0,0.44,15.0,0.45,15.0,0.14,0.14,44.841788,1776160172000
1776160174.013,274.013,0.62,10.0,0.58,15.0,0.57,15.0,0.56,15.0,0.55,15.0,0.76,4.75,0.77,15.0,0.78,15.0,0.79,25.0,0.8,17.92,0.24,4.75,0.23,15.0,0.22,15.0,0.21,25.0,0.2,17.92,0.38,10.0,0.42,15.0,0.43,15.0,0.44,15.0,0.45,15.0,0.14,0.14,44.843234,1776160173000
1776160175.003,275.003,0.52,18.81,0.5,7.08,0.49,15.0,0.48,15.0,0.47,15.0,0.69,10.0,0.76,15.0,0.77,15.0,0.78,15.0,0.79,15.0,0.24,4.75,0.23,15.0,0.22,15.0,0.21,25.0,0.2,17.92,0.38,10.0,0.42,15.0,0.43,15.0,0.44,15.0,0.45,15.0,0.17,0.14,44.843234,1776160173000
1776160175.789,275.789,0.52,18.81,0.5,7.08,0.49,15.0,0.48,15.0,0.47,15.0,0.69,10.0,0.76,15.0,0.77,15.0,0.78,15.0,0.79,15.0,0.31,10.0,0.24,15.0,0.23,15.0,0.22,15.0,0.21,15.0,0.48,18.81,0.5,7.08,0.51,15.0,0.52,15.0,0.53,15.0,0.17,0.17,44.843438,1776160174000
1776160176.968,276.968,0.52,18.81,0.5,7.08,0.49,15.0,0.48,15.0,0.47,15.0,0.69,10.0,0.76,15.0,0.77,15.0,0.78,15.0,0.79,15.0,0.31,10.0,0.24,15.0,0.23,15.0,0.22,15.0,0.21,15.0,0.48,18.81,0.5,7.08,0.51,15.0,0.52,15.0,0.53,15.0,0.17,0.17,44.831607,1776160175000
1776160177.633,277.633,0.52,18.81,0.5,7.08,0.49,15.0,0.48,15.0,0.47,15.0,0.69,10.0,0.76,15.0,0.77,15.0,0.78,15.0,0.79,15.0,0.31,10.0,0.24,15.0,0.23,15.0,0.22,15.0,0.21,15.0,0.48,18.81,0.5,7.08,0.51,15.0,0.52,15.0,0.53,15.0,0.17,0.17,44.83008,1776160176000
1776160178.393,278.393,0.52,18.81,0.5,7.08,0.49,15.0,0.48,15.0,0.47,15.0,0.69,10.0,0.76,15.0,0.77,15.0,0.78,15.0,0.79,15.0,0.31,10.0,0.24,15.0,0.23,15.0,0.22,15.0,0.21,15.0,0.48,18.81,0.5,7.08,0.51,15.0,0.52,15.0,0.53,15.0,0.17,0.17,44.828402,1776160177000
1776160179.145,279.145,0.52,18.81,0.5,7.08,0.49,15.0,0.48,15.0,0.47,15.0,0.69,10.0,0.76,15.0,0.77,15.0,0.78,15.0,0.79,15.0,0.31,10.0,0.24,15.0,0.23,15.0,0.22,15.0,0.21,15.0,0.48,18.81,0.5,7.08,0.51,15.0,0.52,15.0,0.53,15.0,0.17,0.17,44.828402,1776160178000
1776160180.616,280.616,0.52,18.81,0.5,7.08,0.49,15.0,0.48,15.0,0.47,15.0,0.69,10.0,0.76,15.0,0.77,15.0,0.78,15.0,0.79,15.0,0.31,10.0,0.24,15.0,0.23,15.0,0.22,15.0,0.21,15.0,0.48,18.81,0.5,7.08,0.51,15.0,0.52,15.0,0.53,15.0,0.17,0.17,44.82726,1776160179000
1776160181.327,281.327,0.52,18.81,0.5,7.08,0.49,15.0,0.48,15.0,0.47,15.0,0.69,10.0,0.76,15.0,0.77,15.0,0.78,15.0,0.79,15.0,0.31,10.0,0.24,15.0,0.23,15.0,0.22,15.0,0.21,15.0,0.48,18.81,0.5,7.08,0.51,15.0,0.52,15.0,0.53,15.0,0.17,0.17,44.827259,1776160180000
1776160182.061,282.061,0.52,18.81,0.5,7.08,0.49,15.0,0.48,15.0,0.47,15.0,0.69,10.0,0.76,15.0,0.77,15.0,0.78,15.0,0.79,15.0,0.31,10.0,0.24,15.0,0.23,15.0,0.22,15.0,0.21,15.0,0.48,18.81,0.5,7.08,0.51,15.0,0.52,15.0,0.53,15.0,0.17,0.17,44.828012,1776160181000
1776160183.731,283.731,0.52,18.81,0.5,7.08,0.49,15.0,0.48,15.0,0.47,15.0,0.69,10.0,0.76,15.0,0.77,15.0,0.78,15.0,0.79,15.0,0.31,10.0,0.24,15.0,0.23,15.0,0.22,15.0,0.21,15.0,0.48,18.81,0.5,7.08,0.51,15.0,0.52,15.0,0.53,15.0,0.17,0.17,44.828399,1776160182000
1776160184.344,284.344,0.61,10.0,0.36,13.0,0.08,208.0,0.05,100.0,0.02,5.0,0.78,6.19,0.96,225.0,0.98,5.0,0.99,1221.0,,,0.31,10.0,0.24,15.0,0.23,15.0,0.22,15.0,0.21,15.0,0.48,18.81,0.5,7.08,0.51,15.0,0.52,15.0,0.53,15.0,0.17,0.17,44.828399,1776160182000
1776160185.168,285.168,0.61,10.0,0.36,13.0,0.08,208.0,0.05,100.0,0.02,5.0,0.78,6.19,0.96,225.0,0.98,5.0,0.99,1221.0,,,0.22,6.19,0.04,225.0,0.02,5.0,0.01,1221.0,,,0.39,10.0,0.64,13.0,0.92,208.0,0.95,100.0,0.98,5.0,0.17,0.17,44.827718,1776160184000
1776160185.959,285.959,0.48,2.38,0.05,100.0,0.02,5.0,0.01,1221.0,,,0.65,10.0,0.96,100.0,0.98,5.0,0.99,1221.0,,,0.22,6.19,0.04,225.0,0.02,5.0,0.01,1221.0,,,0.39,10.0,0.64,13.0,0.92,208.0,0.95,100.0,0.98,5.0,0.17,0.17,44.827718,1776160184000
1776160186.464,286.464,0.48,2.38,0.05,100.0,0.02,5.0,0.01,1221.0,,,0.65,10.0,0.96,100.0,0.98,5.0,0.99,1221.0,,,0.35,10.0,0.04,100.0,0.02,5.0,0.01,1221.0,,,0.52,2.38,0.95,100.0,0.98,5.0,0.99,1221.0,,,0.17,0.17,44.833346,1776160185000
1776160187.27,287.27,0.48,2.38,0.05,100.0,0.02,5.0,0.01,1221.0,,,0.65,10.0,0.96,100.0,0.98,5.0,0.99,1221.0,,,0.35,10.0,0.04,100.0,0.02,5.0,0.01,1221.0,,,0.52,2.38,0.95,100.0,0.98,5.0,0.99,1221.0,,,0.17,0.17,44.829599,1776160186000
1776160188.769,288.769,0.48,2.38,0.05,100.0,0.02,5.0,0.01,1221.0,,,0.65,10.0,0.96,100.0,0.98,5.0,0.99,1221.0,,,0.35,10.0,0.04,100.0,0.02,5.0,0.01,1221.0,,,0.52,2.38,0.95,100.0,0.98,5.0,0.99,1221.0,,,0.17,0.17,44.831246,1776160187000
1776160189.426,289.426,0.48,2.38,0.05,100.0,0.02,5.0,0.01,1221.0,,,0.65,10.0,0.96,100.0,0.98,5.0,0.99,1221.0,,,0.35,10.0,0.04,100.0,0.02,5.0,0.01,1221.0,,,0.52,2.38,0.95,100.0,0.98,5.0,0.99,1221.0,,,0.17,0.17,44.831246,1776160188000
1776160190.262,290.262,0.48,2.38,0.05,100.0,0.02,5.0,0.01,1221.0,,,0.65,10.0,0.96,100.0,0.98,5.0,0.99,1221.0,,,0.35,10.0,0.04,100.0,0.02,5.0,0.01,1221.0,,,0.52,2.38,0.95,100.0,0.98,5.0,0.99,1221.0,,,0.17,0.17,44.837554,1776160189000
1776160191.753,291.753,0.48,2.38,0.05,100.0,0.02,5.0,0.01,1221.0,,,0.65,10.0,0.96,100.0,0.98,5.0,0.99,1221.0,,,0.35,10.0,0.04,100.0,0.02,5.0,0.01,1221.0,,,0.52,2.38,0.95,100.0,0.98,5.0,0.99,1221.0,,,0.17,0.17,44.83759,1776160190000
1776160192.586,292.586,0.48,2.38,0.05,100.0,0.02,5.0,0.01,1221.0,,,0.65,10.0,0.96,100.0,0.98,5.0,0.99,1221.0,,,0.35,10.0,0.04,100.0,0.02,5.0,0.01,1221.0,,,0.52,2.38,0.95,100.0,0.98,5.0,0.99,1221.0,,,0.17,0.17,44.836884,1776160191000
1776160193.375,293.375,0.48,2.38,0.05,100.0,0.02,5.0,0.01,1221.0,,,0.65,10.0,0.96,100.0,0.98,5.0,0.99,1221.0,,,0.35,10.0,0.04,100.0,0.02,5.0,0.01,1221.0,,,0.52,2.38,0.95,100.0,0.98,5.0,0.99,1221.0,,,0.17,0.17,44.836725,1776160192000
1776160194.462,294.462,0.48,2.38,0.05,100.0,0.02,5.0,0.01,1221.0,,,0.65,10.0,0.96,100.0,0.98,5.0,0.99,1221.0,,,0.35,10.0,0.04,100.0,0.02,5.0,0.01,1221.0,,,0.52,2.38,0.95,100.0,0.98,5.0,0.99,1221.0,,,0.17,0.17,44.836682,1776160193000
1776160195.062,295.062,0.48,2.38,0.05,100.0,0.02,5.0,0.01,1221.0,,,0.65,10.0,0.96,100.0,0.98,5.0,0.99,1221.0,,,0.35,10.0,0.04,100.0,0.02,5.0,0.01,1221.0,,,0.52,2.38,0.95,100.0,0.98,5.0,0.99,1221.0,,,0.17,0.17,44.832468,1776160194000
1776160196.144,296.144,0.75,10.0,0.74,6.0,0.1,100.0,0.02,5.0,0.01,1209.0,0.98,105.0,0.99,209.0,,,,,,,0.35,10.0,0.04,100.0,0.02,5.0,0.01,1221.0,,,0.52,2.38,0.95,100.0,0.98,5.0,0.99,1221.0,,,0.23,0.17,44.832468,1776160194000
1776160197.303,297.303,0.75,10.0,0.74,6.0,0.1,100.0,0.02,5.0,0.01,1209.0,0.98,105.0,0.99,209.0,,,,,,,0.02,105.0,0.01,209.0,,,,,,,0.25,10.0,0.26,6.0,0.9,100.0,0.98,5.0,0.99,1209.0,0.23,0.23,44.835299,1776160196000
1776160197.532,297.532,0.81,10.0,0.74,6.0,0.02,5.0,0.01,109.0,,,0.99,101.84,,,,,,,,,0.01,103.84,,,,,,,,,0.19,10.0,0.26,6.0,0.98,5.0,0.99,109.0,,,0.18,0.18,44.835299,1776160196000
1776160197.786,297.786,0.81,10.0,0.74,6.0,0.02,5.0,0.01,109.0,,,0.99,95.84,,,,,,,,,0.01,101.84,,,,,,,,,0.19,10.0,0.26,6.0,0.98,5.0,0.99,109.0,,,0.18,0.18,44.835299,1776160196000
1776160198.238,298.238,0.82,10.0,0.74,6.0,0.61,6.0,0.51,7.0,0.41,8.0,0.99,85.84,,,,,,,,,0.01,95.84,,,,,,,,,0.19,10.0,0.26,6.0,0.98,5.0,0.99,109.0,,,0.17,0.18,44.835299,1776160196000
1776160198.46,298.46,0.82,10.0,0.74,6.0,0.61,6.0,0.51,7.0,0.41,8.0,0.99,69.84,,,,,,,,,0.01,69.84,,,,,,,,,0.18,10.0,0.26,6.0,0.39,6.0,0.49,7.0,0.59,8.0,0.17,0.17,44.835405,1776160197000
1776160198.996,298.996,0.83,10.0,0.77,15.0,0.74,6.0,0.61,6.0,0.51,7.0,0.99,44.78,,,,,,,,,0.01,54.78,,,,,,,,,0.22,10.0,0.26,6.0,0.39,6.0,0.49,7.0,0.59,8.0,0.16,0.21,44.835405,1776160197000
1776160200.178,300.178,0.99,761.3,0.83,10.0,0.77,15.0,0.74,6.0,0.61,6.0,,,,,,,,,,,,,,,,,,,,,0.01,761.3,0.17,10.0,0.23,15.0,0.26,6.0,0.39,6.0,,,44.838073,1776160199000
1776160201.434,301.434,0.99,761.3,0.83,10.0,0.77,15.0,0.74,6.0,0.61,6.0,,,,,,,,,,,,,,,,,,,,,0.01,761.3,0.17,10.0,0.23,15.0,0.26,6.0,0.39,6.0,,,44.837679,1776160200000
1776160202.563,302.563,0.99,761.3,0.83,10.0,0.77,15.0,0.74,6.0,0.61,6.0,,,,,,,,,,,,,,,,,,,,,0.01,761.3,0.17,10.0,0.23,15.0,0.26,6.0,0.39,6.0,,,44.837679,1776160201000

# RESULT,winner=Up,slug=hype-updown-5m-1776159900,ticks=313
