timestamp,elapsed_sec,up_bid_p1,up_bid_s1,up_bid_p2,up_bid_s2,up_ask_p1,up_ask_s1,up_ask_p2,up_ask_s2,down_bid_p1,down_bid_s1,down_bid_p2,down_bid_s2,down_ask_p1,down_ask_s1,down_ask_p2,down_ask_s2,up_spread,down_spread,hype_price,hype_oracle_ts
1776219901.252,1.252,,,,,,,,,,,,,,,,,,,44.384833,1776219900000
1776219901.491,1.491,0.11,100.0,0.08,50.0,0.89,100.0,0.92,50.0,0.11,100.0,0.08,50.0,0.89,100.0,0.92,50.0,0.78,0.78,44.384833,1776219900000
1776219901.813,1.813,0.11,100.0,0.08,50.0,0.89,100.0,0.92,50.0,0.11,100.0,0.08,50.0,0.89,100.0,0.92,50.0,0.78,0.78,44.384833,1776219900000
1776219902.516,2.516,0.11,100.0,0.08,50.0,0.89,100.0,0.92,50.0,0.11,100.0,0.08,50.0,0.89,100.0,0.92,50.0,0.78,0.78,44.384833,1776219901000
1776219903.07,3.07,0.11,100.0,0.08,50.0,0.89,100.0,0.92,50.0,0.11,100.0,0.08,50.0,0.89,100.0,0.92,50.0,0.78,0.78,44.384686,1776219902000
1776219904.254,4.254,0.11,100.0,0.08,50.0,0.89,100.0,0.92,50.0,0.11,100.0,0.08,50.0,0.89,100.0,0.92,50.0,0.78,0.78,44.384686,1776219903000
1776219905.305,5.305,0.11,100.0,0.08,50.0,0.89,100.0,0.92,50.0,0.11,100.0,0.08,50.0,0.89,100.0,0.92,50.0,0.78,0.78,44.374997,1776219904000
1776219905.867,5.867,0.11,100.0,0.08,50.0,0.89,100.0,0.92,50.0,0.11,100.0,0.08,50.0,0.89,100.0,0.92,50.0,0.78,0.78,44.372562,1776219905000
1776219907.015,7.015,0.11,100.0,0.08,50.0,0.89,100.0,0.92,50.0,0.11,100.0,0.08,50.0,0.89,100.0,0.92,50.0,0.78,0.78,44.369453,1776219906000
1776219908.568,8.568,0.11,100.0,0.08,50.0,0.89,100.0,0.92,50.0,0.11,100.0,0.08,50.0,0.89,100.0,0.92,50.0,0.78,0.78,44.370037,1776219907000
1776219909.181,9.181,0.11,100.0,0.08,50.0,0.89,100.0,0.92,50.0,0.11,100.0,0.08,50.0,0.89,100.0,0.92,50.0,0.78,0.78,44.369942,1776219908000
1776219910.445,10.445,0.11,100.0,0.08,50.0,0.89,100.0,0.92,50.0,0.11,100.0,0.08,50.0,0.89,100.0,0.92,50.0,0.78,0.78,44.370635,1776219909000
1776219911.423,11.423,0.11,100.0,0.08,50.0,0.89,100.0,0.92,50.0,0.11,100.0,0.08,50.0,0.89,100.0,0.92,50.0,0.78,0.78,44.369018,1776219910000
1776219912.095,12.095,0.11,100.0,0.08,50.0,0.89,100.0,0.92,50.0,0.11,100.0,0.08,50.0,0.89,100.0,0.92,50.0,0.78,0.78,44.367372,1776219911000
1776219913.26,13.26,0.11,100.0,0.08,50.0,0.89,100.0,0.92,50.0,0.11,100.0,0.08,50.0,0.89,100.0,0.92,50.0,0.78,0.78,44.36729,1776219912000
1776219914.636,14.636,0.11,100.0,0.08,50.0,0.89,100.0,0.92,50.0,0.11,100.0,0.08,50.0,0.89,100.0,0.92,50.0,0.78,0.78,44.36712,1776219913000
1776219915.146,15.146,0.11,100.0,0.08,50.0,0.89,100.0,0.92,50.0,0.11,100.0,0.08,50.0,0.89,100.0,0.92,50.0,0.78,0.78,44.366488,1776219914000
1776219916.815,16.815,0.11,100.0,0.08,50.0,0.89,100.0,0.92,50.0,0.11,100.0,0.08,50.0,0.89,100.0,0.92,50.0,0.78,0.78,44.367133,1776219915000
1776219917.36,17.36,0.11,100.0,0.08,50.0,0.89,100.0,0.92,50.0,0.11,100.0,0.08,50.0,0.89,100.0,0.92,50.0,0.78,0.78,44.366714,1776219916000
1776219918.491,18.491,0.11,100.0,0.08,50.0,0.89,100.0,0.92,50.0,0.11,100.0,0.08,50.0,0.89,100.0,0.92,50.0,0.78,0.78,44.366744,1776219917000
1776219919.007,19.007,0.11,100.0,0.08,50.0,0.89,100.0,0.92,50.0,0.11,100.0,0.08,50.0,0.89,100.0,0.92,50.0,0.78,0.78,44.366744,1776219918000
1776219920.204,20.204,0.11,100.0,0.08,50.0,0.89,100.0,0.92,50.0,0.11,100.0,0.08,50.0,0.89,100.0,0.92,50.0,0.78,0.78,44.366482,1776219919000
1776219921.311,21.311,0.11,100.0,0.08,50.0,0.89,100.0,0.92,50.0,0.11,100.0,0.08,50.0,0.89,100.0,0.92,50.0,0.78,0.78,44.366542,1776219920000
1776219922.386,22.386,0.11,100.0,0.08,50.0,0.89,100.0,0.92,50.0,0.11,100.0,0.08,50.0,0.89,100.0,0.92,50.0,0.78,0.78,44.368212,1776219921000
1776219922.943,22.943,0.11,100.0,0.08,50.0,0.89,100.0,0.92,50.0,0.11,100.0,0.08,50.0,0.89,100.0,0.92,50.0,0.78,0.78,44.368212,1776219922000
1776219924.078,24.078,0.11,100.0,0.08,50.0,0.89,100.0,0.92,50.0,0.11,100.0,0.08,50.0,0.89,100.0,0.92,50.0,0.78,0.78,44.368705,1776219923000
1776219925.135,25.135,0.11,100.0,0.08,50.0,0.89,100.0,0.92,50.0,0.11,100.0,0.08,50.0,0.89,100.0,0.92,50.0,0.78,0.78,44.368705,1776219924000
1776219926.173,26.173,0.11,100.0,0.08,50.0,0.89,100.0,0.92,50.0,0.11,100.0,0.08,50.0,0.89,100.0,0.92,50.0,0.78,0.78,44.367845,1776219925000
1776219927.212,27.212,0.11,100.0,0.08,50.0,0.89,100.0,0.92,50.0,0.11,100.0,0.08,50.0,0.89,100.0,0.92,50.0,0.78,0.78,44.374488,1776219926000
1776219928.309,28.309,0.11,100.0,0.08,50.0,0.89,100.0,0.92,50.0,0.11,100.0,0.08,50.0,0.89,100.0,0.92,50.0,0.78,0.78,44.385825,1776219927000
1776219929.521,29.521,0.11,100.0,0.08,50.0,0.89,100.0,0.92,50.0,0.11,100.0,0.08,50.0,0.89,100.0,0.92,50.0,0.78,0.78,44.389104,1776219928000
1776219930.067,30.067,0.11,100.0,0.08,50.0,0.89,100.0,0.92,50.0,0.11,100.0,0.08,50.0,0.89,100.0,0.92,50.0,0.78,0.78,44.390143,1776219929000
1776219930.423,30.423,0.41,10.0,0.39,5.0,0.58,4.0,0.63,5.0,0.11,100.0,0.08,50.0,0.89,100.0,0.92,50.0,0.17,0.78,44.390143,1776219929000
1776219931.13,31.13,0.41,10.0,0.39,5.0,0.58,4.0,0.63,5.0,0.42,4.0,0.37,5.0,0.59,10.0,0.61,5.0,0.17,0.17,44.38934,1776219930000
1776219932.293,32.293,0.41,10.0,0.39,5.0,0.58,4.0,0.63,5.0,0.42,4.0,0.37,5.0,0.59,10.0,0.61,5.0,0.17,0.17,44.390019,1776219931000
1776219933.439,33.439,0.41,10.0,0.39,5.0,0.58,4.0,0.63,5.0,0.42,4.0,0.37,5.0,0.59,10.0,0.61,5.0,0.17,0.17,44.387282,1776219932000
1776219934.056,34.056,0.41,10.0,0.39,5.0,0.58,4.0,0.63,5.0,0.42,4.0,0.37,5.0,0.59,10.0,0.61,5.0,0.17,0.17,44.387009,1776219933000
1776219935.229,35.229,0.41,10.0,0.39,5.0,0.58,4.0,0.63,5.0,0.42,4.0,0.37,5.0,0.59,10.0,0.61,5.0,0.17,0.17,44.385268,1776219934000
1776219936.365,36.365,0.41,10.0,0.39,5.0,0.58,4.0,0.63,5.0,0.42,4.0,0.37,5.0,0.59,10.0,0.61,5.0,0.17,0.17,44.383196,1776219935000
1776219936.939,36.939,0.41,10.0,0.39,5.0,0.58,4.0,0.63,5.0,0.42,4.0,0.37,5.0,0.59,10.0,0.61,5.0,0.17,0.17,44.383107,1776219936000
1776219938.121,38.121,0.41,10.0,0.39,5.0,0.58,4.0,0.63,5.0,0.42,4.0,0.37,5.0,0.59,10.0,0.61,5.0,0.17,0.17,44.383107,1776219937000
1776219939.407,39.407,0.41,10.0,0.39,5.0,0.58,4.0,0.63,5.0,0.42,4.0,0.37,5.0,0.59,10.0,0.61,5.0,0.17,0.17,44.383,1776219938000
1776219939.974,39.974,0.41,10.0,0.39,5.0,0.58,4.0,0.63,5.0,0.42,4.0,0.37,5.0,0.59,10.0,0.61,5.0,0.17,0.17,44.382702,1776219939000
1776219941.084,41.084,0.41,10.0,0.39,5.0,0.58,4.0,0.63,5.0,0.42,4.0,0.37,5.0,0.59,10.0,0.61,5.0,0.17,0.17,44.377363,1776219940000
1776219942.309,42.309,0.41,10.0,0.39,5.0,0.58,4.0,0.63,5.0,0.42,4.0,0.37,5.0,0.59,10.0,0.61,5.0,0.17,0.17,44.37146,1776219941000
1776219943.482,43.482,0.41,10.0,0.39,5.0,0.58,4.0,0.63,5.0,0.42,4.0,0.37,5.0,0.59,10.0,0.61,5.0,0.17,0.17,44.366375,1776219942000
1776219944.043,44.043,0.41,10.0,0.39,5.0,0.58,4.0,0.63,5.0,0.42,4.0,0.37,5.0,0.59,10.0,0.61,5.0,0.17,0.17,44.368764,1776219943000
1776219945.16,45.16,0.34,15.0,0.33,5.0,0.51,4.0,0.58,5.0,0.42,4.0,0.37,5.0,0.59,10.0,0.61,5.0,0.17,0.17,44.368764,1776219943000
1776219946.458,46.458,0.34,15.0,0.33,5.0,0.51,4.0,0.58,5.0,0.49,4.0,0.42,5.0,0.66,15.0,0.67,5.0,0.17,0.17,44.370214,1776219945000
1776219947.171,47.171,0.34,15.0,0.33,5.0,0.51,4.0,0.58,5.0,0.49,4.0,0.42,5.0,0.66,15.0,0.67,5.0,0.17,0.17,44.370301,1776219946000
1776219948.479,48.479,0.34,15.0,0.33,5.0,0.51,4.0,0.58,5.0,0.49,4.0,0.42,5.0,0.66,15.0,0.67,5.0,0.17,0.17,44.376466,1776219947000
1776219948.996,48.996,0.34,15.0,0.33,5.0,0.51,4.0,0.58,5.0,0.49,4.0,0.42,5.0,0.66,15.0,0.67,5.0,0.17,0.17,44.379637,1776219948000
1776219950.136,50.136,0.34,15.0,0.33,5.0,0.51,4.0,0.58,5.0,0.49,4.0,0.42,5.0,0.66,15.0,0.67,5.0,0.17,0.17,44.382955,1776219949000
1776219951.704,51.704,0.34,15.0,0.33,5.0,0.51,4.0,0.58,5.0,0.49,4.0,0.42,5.0,0.66,15.0,0.67,5.0,0.17,0.17,44.384209,1776219950000
1776219952.504,52.504,0.34,15.0,0.33,5.0,0.51,4.0,0.58,5.0,0.49,4.0,0.42,5.0,0.66,15.0,0.67,5.0,0.17,0.17,44.383484,1776219951000
1776219953.21,53.21,0.34,15.0,0.33,5.0,0.51,4.0,0.58,5.0,0.49,4.0,0.42,5.0,0.66,15.0,0.67,5.0,0.17,0.17,44.382434,1776219952000
1776219954.656,54.656,0.34,15.0,0.33,5.0,0.51,4.0,0.58,5.0,0.49,4.0,0.42,5.0,0.66,15.0,0.67,5.0,0.17,0.17,44.376822,1776219953000
1776219955.299,55.299,0.34,15.0,0.33,5.0,0.51,4.0,0.58,5.0,0.49,4.0,0.42,5.0,0.66,15.0,0.67,5.0,0.17,0.17,44.375253,1776219954000
1776219955.986,55.986,0.34,15.0,0.33,5.0,0.51,4.0,0.58,5.0,0.49,4.0,0.42,5.0,0.66,15.0,0.67,5.0,0.17,0.17,44.379773,1776219955000
1776219957.459,57.459,0.34,15.0,0.33,5.0,0.51,4.0,0.58,5.0,0.49,4.0,0.42,5.0,0.66,15.0,0.67,5.0,0.17,0.17,44.382248,1776219956000
1776219958.319,58.319,0.34,15.0,0.33,5.0,0.51,4.0,0.58,5.0,0.49,4.0,0.42,5.0,0.66,15.0,0.67,5.0,0.17,0.17,44.382248,1776219957000
1776219958.986,58.986,0.34,15.0,0.33,5.0,0.51,4.0,0.58,5.0,0.49,4.0,0.42,5.0,0.66,15.0,0.67,5.0,0.17,0.17,44.381982,1776219958000
1776219960.13,60.13,0.34,15.0,0.33,5.0,0.51,4.0,0.58,5.0,0.49,4.0,0.42,5.0,0.66,15.0,0.67,5.0,0.17,0.17,44.381969,1776219959000
1776219961.402,61.402,0.34,15.0,0.33,5.0,0.51,4.0,0.58,5.0,0.49,4.0,0.42,5.0,0.66,15.0,0.67,5.0,0.17,0.17,44.381867,1776219960000
1776219962.173,62.173,0.34,15.0,0.33,5.0,0.51,4.0,0.58,5.0,0.49,4.0,0.42,5.0,0.66,15.0,0.67,5.0,0.17,0.17,44.381867,1776219961000
1776219963.714,63.714,0.34,15.0,0.33,5.0,0.51,4.0,0.58,5.0,0.49,4.0,0.42,5.0,0.66,15.0,0.67,5.0,0.17,0.17,44.383202,1776219962000
1776219964.244,64.244,0.34,15.0,0.33,5.0,0.51,4.0,0.58,5.0,0.49,4.0,0.42,5.0,0.66,15.0,0.67,5.0,0.17,0.17,44.382194,1776219963000
1776219965.336,65.336,0.34,15.0,0.33,5.0,0.51,4.0,0.58,5.0,0.49,4.0,0.42,5.0,0.66,15.0,0.67,5.0,0.17,0.17,44.381371,1776219964000
1776219966.387,66.387,0.34,15.0,0.33,5.0,0.51,4.0,0.58,5.0,0.49,4.0,0.42,5.0,0.66,15.0,0.67,5.0,0.17,0.17,44.380663,1776219965000
1776219966.856,66.856,0.34,15.0,0.33,5.0,0.51,4.0,0.58,5.0,0.49,4.0,0.42,5.0,0.66,15.0,0.67,5.0,0.17,0.17,44.380663,1776219966000
1776219967.92,67.92,0.34,15.0,0.33,5.0,0.51,4.0,0.58,5.0,0.49,4.0,0.42,5.0,0.66,15.0,0.67,5.0,0.17,0.17,44.371733,1776219967000
1776219968.96,68.96,0.34,15.0,0.33,5.0,0.51,4.0,0.58,5.0,0.49,4.0,0.42,5.0,0.66,15.0,0.67,5.0,0.17,0.17,44.371733,1776219968000
1776219969.933,69.933,0.34,15.0,0.33,5.0,0.51,4.0,0.58,5.0,0.49,4.0,0.42,5.0,0.66,15.0,0.67,5.0,0.17,0.17,44.372241,1776219969000
1776219970.943,70.943,0.34,15.0,0.33,5.0,0.51,4.0,0.58,5.0,0.49,4.0,0.42,5.0,0.66,15.0,0.67,5.0,0.17,0.17,44.370218,1776219970000
1776219971.915,71.915,0.34,15.0,0.33,5.0,0.51,4.0,0.58,5.0,0.49,4.0,0.42,5.0,0.66,15.0,0.67,5.0,0.17,0.17,44.368697,1776219971000
1776219972.942,72.942,0.34,15.0,0.33,5.0,0.51,4.0,0.58,5.0,0.49,4.0,0.42,5.0,0.66,15.0,0.67,5.0,0.17,0.17,44.368069,1776219972000
1776219973.99,73.99,0.34,15.0,0.33,5.0,0.51,4.0,0.58,5.0,0.49,4.0,0.42,5.0,0.66,15.0,0.67,5.0,0.17,0.17,44.367314,1776219973000
1776219974.972,74.972,0.34,15.0,0.33,5.0,0.51,4.0,0.58,5.0,0.49,4.0,0.42,5.0,0.66,15.0,0.67,5.0,0.17,0.17,44.366838,1776219974000
1776219976.095,76.095,0.34,15.0,0.33,5.0,0.51,4.0,0.58,5.0,0.49,4.0,0.42,5.0,0.66,15.0,0.67,5.0,0.17,0.17,44.365491,1776219975000
1776219977.726,77.726,0.34,15.0,0.33,5.0,0.51,4.0,0.58,5.0,0.49,4.0,0.42,5.0,0.66,15.0,0.67,5.0,0.17,0.17,44.362223,1776219976000
1776219978.743,78.743,0.34,15.0,0.33,5.0,0.51,4.0,0.58,5.0,0.49,4.0,0.42,5.0,0.66,15.0,0.67,5.0,0.17,0.17,44.357921,1776219977000
1776219979.795,79.795,0.34,15.0,0.33,5.0,0.51,4.0,0.58,5.0,0.49,4.0,0.42,5.0,0.66,15.0,0.67,5.0,0.17,0.17,44.348009,1776219978000
1776219980.808,80.808,0.34,15.0,0.33,5.0,0.51,4.0,0.58,5.0,0.49,4.0,0.42,5.0,0.66,15.0,0.67,5.0,0.17,0.17,44.344189,1776219979000
1776219981.822,81.822,0.34,15.0,0.33,5.0,0.51,4.0,0.58,5.0,0.49,4.0,0.42,5.0,0.66,15.0,0.67,5.0,0.17,0.17,44.34396,1776219980000
1776219982.805,82.805,0.34,15.0,0.33,5.0,0.51,4.0,0.58,5.0,0.49,4.0,0.42,5.0,0.66,15.0,0.67,5.0,0.17,0.17,44.344661,1776219981000
1776219983.84,83.84,0.34,15.0,0.33,5.0,0.51,4.0,0.58,5.0,0.49,4.0,0.42,5.0,0.66,15.0,0.67,5.0,0.17,0.17,44.345976,1776219982000
1776219984.834,84.834,0.34,15.0,0.33,5.0,0.51,4.0,0.58,5.0,0.49,4.0,0.42,5.0,0.66,15.0,0.67,5.0,0.17,0.17,44.348315,1776219983000
1776219985.794,85.794,0.34,15.0,0.33,5.0,0.51,4.0,0.58,5.0,0.49,4.0,0.42,5.0,0.66,15.0,0.67,5.0,0.17,0.17,44.348313,1776219984000
1776219986.792,86.792,0.34,15.0,0.33,5.0,0.51,4.0,0.58,5.0,0.49,4.0,0.42,5.0,0.66,15.0,0.67,5.0,0.17,0.17,44.348722,1776219985000
1776219987.863,87.863,0.34,15.0,0.33,5.0,0.51,4.0,0.58,5.0,0.49,4.0,0.42,5.0,0.66,15.0,0.67,5.0,0.17,0.17,44.34919,1776219986000
1776219988.963,88.963,0.34,15.0,0.33,5.0,0.51,4.0,0.58,5.0,0.49,4.0,0.42,5.0,0.66,15.0,0.67,5.0,0.17,0.17,44.348825,1776219987000
1776219990.034,90.034,0.34,15.0,0.33,5.0,0.51,4.0,0.58,5.0,0.49,4.0,0.42,5.0,0.66,15.0,0.67,5.0,0.17,0.17,44.349225,1776219988000
1776219991.079,91.079,0.34,15.0,0.33,5.0,0.51,4.0,0.58,5.0,0.49,4.0,0.42,5.0,0.66,15.0,0.67,5.0,0.17,0.17,44.340655,1776219989000
1776219992.155,92.155,0.34,15.0,0.33,5.0,0.51,4.0,0.58,5.0,0.49,4.0,0.42,5.0,0.66,15.0,0.67,5.0,0.17,0.17,44.33903,1776219990000
1776219993.334,93.334,0.34,15.0,0.33,5.0,0.51,4.0,0.58,5.0,0.49,4.0,0.42,5.0,0.66,15.0,0.67,5.0,0.17,0.17,44.338482,1776219992000
1776219994.083,94.083,0.16,13.8,0.15,15.0,0.24,10.0,0.29,15.0,0.49,4.0,0.42,5.0,0.66,15.0,0.67,5.0,0.08,0.17,44.338482,1776219992000
1776219994.363,94.363,0.16,13.8,0.15,15.0,0.24,10.0,0.29,15.0,0.76,10.0,0.71,15.0,0.84,13.8,0.85,15.0,0.08,0.08,44.338516,1776219993000
1776219995.259,95.259,0.16,13.8,0.15,15.0,0.24,10.0,0.29,15.0,0.76,10.0,0.71,15.0,0.84,13.8,0.85,15.0,0.08,0.08,44.337681,1776219994000
1776219997.27,97.27,0.16,13.8,0.15,15.0,0.24,10.0,0.29,15.0,0.76,10.0,0.71,15.0,0.84,13.8,0.85,15.0,0.08,0.08,44.312981,1776219996000
1776219999.148,99.148,0.16,13.8,0.15,15.0,0.24,10.0,0.29,15.0,0.76,10.0,0.71,15.0,0.84,13.8,0.85,15.0,0.08,0.08,44.315474,1776219997000
1776219999.805,99.805,0.16,13.8,0.15,15.0,0.24,10.0,0.29,15.0,0.76,10.0,0.71,15.0,0.84,13.8,0.85,15.0,0.08,0.08,44.318394,1776219998000
1776220000.53,100.53,0.16,13.8,0.15,15.0,0.24,10.0,0.29,15.0,0.76,10.0,0.71,15.0,0.84,13.8,0.85,15.0,0.08,0.08,44.319773,1776219999000
1776220001.464,101.464,0.16,13.8,0.15,15.0,0.24,10.0,0.29,15.0,0.76,10.0,0.71,15.0,0.84,13.8,0.85,15.0,0.08,0.08,44.332222,1776220000000
1776220002.641,102.641,0.16,13.8,0.15,15.0,0.24,10.0,0.29,15.0,0.76,10.0,0.71,15.0,0.84,13.8,0.85,15.0,0.08,0.08,44.340887,1776220001000
1776220003.129,103.129,0.16,13.8,0.15,15.0,0.24,10.0,0.29,15.0,0.76,10.0,0.71,15.0,0.84,13.8,0.85,15.0,0.08,0.08,44.340887,1776220002000
1776220004.229,104.229,0.16,13.8,0.15,15.0,0.24,10.0,0.29,15.0,0.76,10.0,0.71,15.0,0.84,13.8,0.85,15.0,0.08,0.08,44.341294,1776220003000
1776220005.34,105.34,0.16,13.8,0.15,15.0,0.24,10.0,0.29,15.0,0.76,10.0,0.71,15.0,0.84,13.8,0.85,15.0,0.08,0.08,44.342745,1776220004000
1776220006.379,106.379,0.31,9.92,0.3,15.0,0.46,10.0,0.47,15.0,0.76,10.0,0.71,15.0,0.84,13.8,0.85,15.0,0.15,0.08,44.342745,1776220004000
1776220006.805,106.805,0.31,9.92,0.3,15.0,0.46,10.0,0.47,15.0,0.54,10.0,0.53,15.0,0.69,9.92,0.7,15.0,0.15,0.15,44.34701,1776220005000
1776220007.325,107.325,0.31,9.92,0.3,15.0,0.46,10.0,0.47,15.0,0.54,10.0,0.53,15.0,0.69,9.92,0.7,15.0,0.15,0.15,44.354429,1776220006000
1776220008.009,108.009,0.31,9.92,0.3,15.0,0.46,10.0,0.47,15.0,0.54,10.0,0.53,15.0,0.69,9.92,0.7,15.0,0.15,0.15,44.356433,1776220007000
1776220009.107,109.107,0.31,9.92,0.3,15.0,0.46,10.0,0.47,15.0,0.54,10.0,0.53,15.0,0.69,9.92,0.7,15.0,0.15,0.15,44.357797,1776220008000
1776220010.298,110.298,0.31,9.92,0.3,15.0,0.46,10.0,0.47,15.0,0.54,10.0,0.53,15.0,0.69,9.92,0.7,15.0,0.15,0.15,44.357398,1776220009000
1776220011.264,111.264,0.31,9.92,0.3,15.0,0.46,10.0,0.47,15.0,0.54,10.0,0.53,15.0,0.69,9.92,0.7,15.0,0.15,0.15,44.352959,1776220010000
1776220012.51,112.51,0.31,9.92,0.3,15.0,0.46,10.0,0.47,15.0,0.54,10.0,0.53,15.0,0.69,9.92,0.7,15.0,0.15,0.15,44.351185,1776220011000
1776220013.077,113.077,0.31,9.92,0.3,15.0,0.46,10.0,0.47,15.0,0.54,10.0,0.53,15.0,0.69,9.92,0.7,15.0,0.15,0.15,44.351185,1776220012000
1776220014.179,114.179,0.31,9.92,0.3,15.0,0.46,10.0,0.47,15.0,0.54,10.0,0.53,15.0,0.69,9.92,0.7,15.0,0.15,0.15,44.35769,1776220013000
1776220015.214,115.214,0.31,9.92,0.3,15.0,0.46,10.0,0.47,15.0,0.54,10.0,0.53,15.0,0.69,9.92,0.7,15.0,0.15,0.15,44.358368,1776220014000
1776220016.271,116.271,0.31,9.92,0.3,15.0,0.46,10.0,0.47,15.0,0.54,10.0,0.53,15.0,0.69,9.92,0.7,15.0,0.15,0.15,44.361967,1776220015000
1776220017.777,117.777,0.31,9.92,0.3,15.0,0.46,10.0,0.47,15.0,0.54,10.0,0.53,15.0,0.69,9.92,0.7,15.0,0.15,0.15,44.360909,1776220016000
1776220018.571,118.571,0.31,9.92,0.3,15.0,0.46,10.0,0.47,15.0,0.54,10.0,0.53,15.0,0.69,9.92,0.7,15.0,0.15,0.15,44.360798,1776220017000
1776220019.271,119.271,0.31,9.92,0.3,15.0,0.46,10.0,0.47,15.0,0.54,10.0,0.53,15.0,0.69,9.92,0.7,15.0,0.15,0.15,44.360707,1776220018000
1776220020.552,120.552,0.31,9.92,0.3,15.0,0.46,10.0,0.47,15.0,0.54,10.0,0.53,15.0,0.69,9.92,0.7,15.0,0.15,0.15,44.360153,1776220019000
1776220021.173,121.173,0.31,9.92,0.3,15.0,0.46,10.0,0.47,15.0,0.54,10.0,0.53,15.0,0.69,9.92,0.7,15.0,0.15,0.15,44.360483,1776220020000
1776220022.386,122.386,0.31,9.92,0.3,15.0,0.46,10.0,0.47,15.0,0.54,10.0,0.53,15.0,0.69,9.92,0.7,15.0,0.15,0.15,44.360385,1776220021000
1776220023.037,123.037,0.31,9.92,0.3,15.0,0.46,10.0,0.47,15.0,0.54,10.0,0.53,15.0,0.69,9.92,0.7,15.0,0.15,0.15,44.360385,1776220022000
1776220024.273,124.273,0.31,9.92,0.3,15.0,0.46,10.0,0.47,15.0,0.54,10.0,0.53,15.0,0.69,9.92,0.7,15.0,0.15,0.15,44.360266,1776220023000
1776220025.525,125.525,0.31,9.92,0.3,15.0,0.46,10.0,0.47,15.0,0.54,10.0,0.53,15.0,0.69,9.92,0.7,15.0,0.15,0.15,44.359549,1776220024000
1776220026.238,126.238,0.31,9.92,0.3,15.0,0.46,10.0,0.47,15.0,0.54,10.0,0.53,15.0,0.69,9.92,0.7,15.0,0.15,0.15,44.359551,1776220025000
1776220027.451,127.451,0.31,9.92,0.3,15.0,0.46,10.0,0.47,15.0,0.54,10.0,0.53,15.0,0.69,9.92,0.7,15.0,0.15,0.15,44.359551,1776220026000
1776220027.957,127.957,0.31,9.92,0.3,15.0,0.46,10.0,0.47,15.0,0.54,10.0,0.53,15.0,0.69,9.92,0.7,15.0,0.15,0.15,44.35889,1776220027000
1776220029.203,129.203,0.31,9.92,0.3,15.0,0.46,10.0,0.47,15.0,0.54,10.0,0.53,15.0,0.69,9.92,0.7,15.0,0.15,0.15,44.359393,1776220028000
1776220030.37,130.37,0.31,9.92,0.3,15.0,0.46,10.0,0.47,15.0,0.54,10.0,0.53,15.0,0.69,9.92,0.7,15.0,0.15,0.15,44.35864,1776220029000
1776220031.01,131.01,0.31,9.92,0.3,15.0,0.46,10.0,0.47,15.0,0.54,10.0,0.53,15.0,0.69,9.92,0.7,15.0,0.15,0.15,44.358829,1776220030000
1776220032.138,132.138,0.31,9.92,0.3,15.0,0.46,10.0,0.47,15.0,0.54,10.0,0.53,15.0,0.69,9.92,0.7,15.0,0.15,0.15,44.358757,1776220031000
1776220033.778,133.778,0.31,9.92,0.3,15.0,0.46,10.0,0.47,15.0,0.54,10.0,0.53,15.0,0.69,9.92,0.7,15.0,0.15,0.15,44.358839,1776220032000
1776220034.37,134.37,0.31,9.92,0.3,15.0,0.46,10.0,0.47,15.0,0.54,10.0,0.53,15.0,0.69,9.92,0.7,15.0,0.15,0.15,44.358749,1776220033000
1776220035.289,135.289,0.31,9.92,0.3,15.0,0.46,10.0,0.47,15.0,0.54,10.0,0.53,15.0,0.69,9.92,0.7,15.0,0.15,0.15,44.358658,1776220034000
1776220036.272,136.272,0.31,9.92,0.3,15.0,0.46,10.0,0.47,15.0,0.54,10.0,0.53,15.0,0.69,9.92,0.7,15.0,0.15,0.15,44.358706,1776220035000
1776220037.232,137.232,0.31,9.92,0.3,15.0,0.46,10.0,0.47,15.0,0.54,10.0,0.53,15.0,0.69,9.92,0.7,15.0,0.15,0.15,44.352458,1776220036000
1776220038.297,138.297,0.31,9.92,0.3,15.0,0.46,10.0,0.47,15.0,0.54,10.0,0.53,15.0,0.69,9.92,0.7,15.0,0.15,0.15,44.344367,1776220037000
1776220039.267,139.267,0.31,9.92,0.3,15.0,0.46,10.0,0.47,15.0,0.54,10.0,0.53,15.0,0.69,9.92,0.7,15.0,0.15,0.15,44.344416,1776220038000
1776220040.25,140.25,0.31,9.92,0.3,15.0,0.46,10.0,0.47,15.0,0.54,10.0,0.53,15.0,0.69,9.92,0.7,15.0,0.15,0.15,44.342875,1776220039000
1776220041.328,141.328,0.31,9.92,0.3,15.0,0.46,10.0,0.47,15.0,0.54,10.0,0.53,15.0,0.69,9.92,0.7,15.0,0.15,0.15,44.341437,1776220040000
1776220042.277,142.277,0.31,9.92,0.3,15.0,0.46,10.0,0.47,15.0,0.54,10.0,0.53,15.0,0.69,9.92,0.7,15.0,0.15,0.15,44.340422,1776220041000
1776220043.346,143.346,0.31,9.92,0.3,15.0,0.46,10.0,0.47,15.0,0.54,10.0,0.53,15.0,0.69,9.92,0.7,15.0,0.15,0.15,44.338624,1776220042000
1776220043.81,143.81,0.31,9.92,0.3,15.0,0.46,10.0,0.47,15.0,0.54,10.0,0.53,15.0,0.69,9.92,0.7,15.0,0.15,0.15,44.338624,1776220043000
1776220045.237,145.237,0.31,9.92,0.3,15.0,0.46,10.0,0.47,15.0,0.54,10.0,0.53,15.0,0.69,9.92,0.7,15.0,0.15,0.15,44.338263,1776220044000
1776220046.82,146.82,0.31,9.92,0.3,15.0,0.46,10.0,0.47,15.0,0.54,10.0,0.53,15.0,0.69,9.92,0.7,15.0,0.15,0.15,44.336731,1776220045000
1776220047.288,147.288,0.31,9.92,0.3,15.0,0.46,10.0,0.47,15.0,0.54,10.0,0.53,15.0,0.69,9.92,0.7,15.0,0.15,0.15,44.336639,1776220046000
1776220048.366,148.366,0.31,9.92,0.3,15.0,0.46,10.0,0.47,15.0,0.54,10.0,0.53,15.0,0.69,9.92,0.7,15.0,0.15,0.15,44.334223,1776220047000
1776220048.851,148.851,0.31,9.92,0.3,15.0,0.46,10.0,0.47,15.0,0.54,10.0,0.53,15.0,0.69,9.92,0.7,15.0,0.15,0.15,44.324097,1776220048000
1776220049.941,149.941,0.31,9.92,0.3,15.0,0.46,10.0,0.47,15.0,0.54,10.0,0.53,15.0,0.69,9.92,0.7,15.0,0.15,0.15,44.317655,1776220049000
1776220051.026,151.026,0.31,9.92,0.3,15.0,0.46,10.0,0.47,15.0,0.54,10.0,0.53,15.0,0.69,9.92,0.7,15.0,0.15,0.15,44.317327,1776220050000
1776220052.051,152.051,0.31,9.92,0.3,15.0,0.46,10.0,0.47,15.0,0.54,10.0,0.53,15.0,0.69,9.92,0.7,15.0,0.15,0.15,44.316023,1776220051000
1776220053.076,153.076,0.31,9.92,0.3,15.0,0.46,10.0,0.47,15.0,0.54,10.0,0.53,15.0,0.69,9.92,0.7,15.0,0.15,0.15,44.310019,1776220052000
1776220054.1,154.1,0.31,9.92,0.3,15.0,0.46,10.0,0.47,15.0,0.54,10.0,0.53,15.0,0.69,9.92,0.7,15.0,0.15,0.15,44.304522,1776220053000
1776220055.174,155.174,0.31,9.92,0.3,15.0,0.46,10.0,0.47,15.0,0.54,10.0,0.53,15.0,0.69,9.92,0.7,15.0,0.15,0.15,44.303565,1776220054000
1776220056.251,156.251,0.31,9.92,0.3,15.0,0.46,10.0,0.47,15.0,0.54,10.0,0.53,15.0,0.69,9.92,0.7,15.0,0.15,0.15,44.301882,1776220055000
1776220057.199,157.199,0.31,9.92,0.3,15.0,0.46,10.0,0.47,15.0,0.54,10.0,0.53,15.0,0.69,9.92,0.7,15.0,0.15,0.15,44.29465,1776220056000
1776220058.312,158.312,0.31,9.92,0.3,15.0,0.46,10.0,0.47,15.0,0.54,10.0,0.53,15.0,0.69,9.92,0.7,15.0,0.15,0.15,44.291306,1776220057000
1776220059.134,159.134,0.31,9.92,0.3,15.0,0.46,10.0,0.47,15.0,0.54,10.0,0.53,15.0,0.69,9.92,0.7,15.0,0.15,0.15,44.286508,1776220058000
1776220059.95,159.95,0.03,157.27,0.02,25.0,0.07,15.0,0.08,15.0,0.54,10.0,0.53,15.0,0.69,9.92,0.7,15.0,0.04,0.15,44.286508,1776220058000
1776220061.122,161.122,0.03,157.27,0.02,25.0,0.07,15.0,0.08,15.0,0.93,15.0,0.92,15.0,0.97,157.27,0.98,25.0,0.04,0.04,44.284053,1776220060000
1776220062.12,162.12,0.03,157.27,0.02,25.0,0.07,15.0,0.08,15.0,0.93,15.0,0.92,15.0,0.97,157.27,0.98,25.0,0.04,0.04,44.283136,1776220061000
1776220063.133,163.133,0.03,157.27,0.02,25.0,0.07,15.0,0.08,15.0,0.93,15.0,0.92,15.0,0.97,157.27,0.98,25.0,0.04,0.04,44.283136,1776220062000
1776220064.195,164.195,0.03,157.27,0.02,25.0,0.07,15.0,0.08,15.0,0.93,15.0,0.92,15.0,0.97,157.27,0.98,25.0,0.04,0.04,44.284717,1776220063000
1776220065.169,165.169,0.03,157.27,0.02,25.0,0.07,15.0,0.08,15.0,0.93,15.0,0.92,15.0,0.97,157.27,0.98,25.0,0.04,0.04,44.287393,1776220064000
1776220066.273,166.273,0.03,157.27,0.02,25.0,0.07,15.0,0.08,15.0,0.93,15.0,0.92,15.0,0.97,157.27,0.98,25.0,0.04,0.04,44.284117,1776220065000
1776220067.302,167.302,0.03,157.27,0.02,25.0,0.07,15.0,0.08,15.0,0.93,15.0,0.92,15.0,0.97,157.27,0.98,25.0,0.04,0.04,44.283672,1776220066000
1776220068.245,168.245,0.03,157.27,0.02,25.0,0.07,15.0,0.08,15.0,0.93,15.0,0.92,15.0,0.97,157.27,0.98,25.0,0.04,0.04,44.283371,1776220067000
1776220069.23,169.23,0.03,157.27,0.02,25.0,0.07,15.0,0.08,15.0,0.93,15.0,0.92,15.0,0.97,157.27,0.98,25.0,0.04,0.04,44.28335,1776220068000
1776220070.186,170.186,0.03,157.27,0.02,25.0,0.07,15.0,0.08,15.0,0.93,15.0,0.92,15.0,0.97,157.27,0.98,25.0,0.04,0.04,44.280208,1776220069000
1776220071.195,171.195,0.03,157.27,0.02,25.0,0.07,15.0,0.08,15.0,0.93,15.0,0.92,15.0,0.97,157.27,0.98,25.0,0.04,0.04,44.271557,1776220070000
1776220072.267,172.267,0.03,157.27,0.02,25.0,0.07,15.0,0.08,15.0,0.93,15.0,0.92,15.0,0.97,157.27,0.98,25.0,0.04,0.04,44.269132,1776220071000
1776220073.239,173.239,0.03,157.27,0.02,25.0,0.07,15.0,0.08,15.0,0.93,15.0,0.92,15.0,0.97,157.27,0.98,25.0,0.04,0.04,44.268696,1776220072000
1776220074.804,174.804,0.03,157.27,0.02,25.0,0.07,15.0,0.08,15.0,0.93,15.0,0.92,15.0,0.97,157.27,0.98,25.0,0.04,0.04,44.270206,1776220073000
1776220075.322,175.322,0.03,139.17,0.02,25.0,0.04,5.0,0.05,15.0,0.93,15.0,0.92,15.0,0.97,157.27,0.98,25.0,0.01,0.04,44.270206,1776220073000
1776220076.183,176.183,0.03,139.17,0.02,25.0,0.04,5.0,0.05,15.0,0.96,5.0,0.95,15.0,0.97,139.17,0.98,25.0,0.01,0.01,44.26952,1776220075000
1776220077.514,177.514,0.03,139.17,0.02,25.0,0.04,5.0,0.05,15.0,0.96,5.0,0.95,15.0,0.97,139.17,0.98,25.0,0.01,0.01,44.272735,1776220076000
1776220078.189,178.189,0.03,139.17,0.02,25.0,0.04,5.0,0.05,15.0,0.96,5.0,0.95,15.0,0.97,139.17,0.98,25.0,0.01,0.01,44.274356,1776220077000
1776220079.502,179.502,0.03,139.17,0.02,25.0,0.04,5.0,0.05,15.0,0.96,5.0,0.95,15.0,0.97,139.17,0.98,25.0,0.01,0.01,44.276445,1776220078000
1776220080.295,180.295,0.03,139.17,0.02,25.0,0.04,5.0,0.05,15.0,0.96,5.0,0.95,15.0,0.97,139.17,0.98,25.0,0.01,0.01,44.280394,1776220079000
1776220081.808,181.808,0.03,139.17,0.02,25.0,0.04,5.0,0.05,15.0,0.96,5.0,0.95,15.0,0.97,139.17,0.98,25.0,0.01,0.01,44.290669,1776220080000
1776220082.382,182.382,0.03,139.17,0.02,25.0,0.04,5.0,0.05,15.0,0.96,5.0,0.95,15.0,0.97,139.17,0.98,25.0,0.01,0.01,44.291575,1776220081000
1776220083.119,183.119,0.03,139.17,0.02,25.0,0.04,5.0,0.05,15.0,0.96,5.0,0.95,15.0,0.97,139.17,0.98,25.0,0.01,0.01,44.291247,1776220082000
1776220084.426,184.426,0.03,139.17,0.02,25.0,0.04,5.0,0.05,15.0,0.96,5.0,0.95,15.0,0.97,139.17,0.98,25.0,0.01,0.01,44.275318,1776220083000
1776220085.178,185.178,0.03,139.17,0.02,25.0,0.04,5.0,0.05,15.0,0.96,5.0,0.95,15.0,0.97,139.17,0.98,25.0,0.01,0.01,44.274293,1776220084000
1776220086.553,186.553,0.03,139.17,0.02,25.0,0.04,5.0,0.05,15.0,0.96,5.0,0.95,15.0,0.97,139.17,0.98,25.0,0.01,0.01,44.269189,1776220085000
1776220087.085,187.085,0.03,138.13,0.02,10.0,0.04,20.0,0.05,15.0,0.96,5.0,0.95,15.0,0.97,139.17,0.98,25.0,0.01,0.01,44.269189,1776220085000
1776220088.518,188.518,0.03,138.13,0.02,10.0,0.04,20.0,0.05,15.0,0.96,20.0,0.95,15.0,0.97,138.13,0.98,10.0,0.01,0.01,44.269445,1776220087000
1776220089.081,189.081,0.03,108.13,0.02,10.0,0.04,20.0,0.05,15.0,0.96,20.0,0.95,15.0,0.97,138.13,0.98,10.0,0.01,0.01,44.269445,1776220087000
1776220090.866,190.866,0.03,108.13,0.02,10.0,0.04,20.0,0.05,15.0,0.96,20.0,0.95,15.0,0.97,108.13,0.98,10.0,0.01,0.01,44.247741,1776220089000
1776220091.273,191.273,0.03,97.83,0.02,10.0,0.04,20.0,0.05,15.0,0.96,20.0,0.95,15.0,0.97,108.13,0.98,10.0,0.01,0.01,44.247741,1776220089000
1776220091.61,191.61,0.02,10.0,0.01,150.0,0.04,20.0,0.05,15.0,0.96,20.0,0.95,15.0,0.97,97.83,0.98,10.0,0.02,0.01,44.236986,1776220090000
1776220092.026,192.026,0.02,10.0,0.01,150.0,0.04,20.0,0.05,15.0,0.96,20.0,0.95,15.0,0.98,10.0,0.99,150.0,0.02,0.02,44.230672,1776220091000
1776220093.139,193.139,0.02,10.0,0.01,150.0,0.04,20.0,0.05,15.0,0.96,20.0,0.95,15.0,0.98,10.0,0.99,150.0,0.02,0.02,44.211848,1776220092000
1776220094.177,194.177,0.01,150.0,,,0.03,20.0,0.04,20.0,0.97,20.0,0.96,20.0,0.99,150.0,,,0.02,0.02,44.208969,1776220093000
1776220095.079,195.079,0.01,140.26,,,0.02,20.0,0.03,20.0,0.97,20.0,0.96,20.0,0.99,150.0,,,0.01,0.02,44.208969,1776220093000
1776220095.344,195.344,0.01,140.26,,,0.02,20.0,0.03,20.0,0.98,20.0,0.97,20.0,0.99,140.26,,,0.01,0.01,44.208937,1776220094000
1776220095.596,195.596,0.01,130.26,,,0.03,20.0,0.04,20.0,0.98,20.0,0.97,20.0,0.99,130.26,,,0.02,0.01,44.208937,1776220094000
1776220096.386,196.386,0.01,130.26,,,0.03,20.0,0.04,20.0,0.97,20.0,0.96,20.0,0.99,130.26,,,0.02,0.02,44.209279,1776220095000
1776220096.778,196.778,0.01,110.26,,,0.02,15.0,0.03,20.0,0.97,20.0,0.96,20.0,0.99,130.26,,,0.01,0.02,44.209279,1776220095000
1776220097.01,197.01,,,,,0.01,889.74,0.02,15.0,0.98,15.0,0.97,20.0,0.99,110.26,,,,0.01,44.209279,1776220095000
1776220098.084,198.084,,,,,0.01,889.74,0.02,15.0,0.99,889.74,0.98,15.0,,,,,,,44.200601,1776220097000
1776220099.187,199.187,,,,,0.01,822.14,0.02,15.0,0.99,822.14,0.98,15.0,,,,,,,44.159862,1776220098000
1776220100.201,200.201,,,,,0.01,822.14,0.02,15.0,0.99,822.14,0.98,15.0,,,,,,,44.152105,1776220099000
1776220101.295,201.295,,,,,0.01,822.14,0.02,15.0,0.99,822.14,0.98,15.0,,,,,,,44.15667,1776220100000
1776220102.46,202.46,,,,,0.01,822.14,0.02,15.0,0.99,822.14,0.98,15.0,,,,,,,44.174917,1776220101000
1776220103.059,203.059,,,,,0.01,822.14,0.02,15.0,0.99,822.14,0.98,15.0,,,,,,,44.175886,1776220102000
1776220104.115,204.115,,,,,0.01,822.14,0.02,15.0,0.99,822.14,0.98,15.0,,,,,,,44.17488,1776220103000
1776220105.491,205.491,,,,,0.01,822.14,0.02,15.0,0.99,822.14,0.98,15.0,,,,,,,44.176666,1776220104000
1776220106.388,206.388,,,,,0.01,822.14,0.02,15.0,0.99,822.14,0.98,15.0,,,,,,,44.177512,1776220105000
1776220106.993,206.993,,,,,0.01,822.14,0.02,15.0,0.99,822.14,0.98,15.0,,,,,,,44.179524,1776220106000
1776220108.84,208.84,,,,,0.01,822.14,0.02,15.0,0.99,822.14,0.98,15.0,,,,,,,44.181909,1776220107000
1776220109.626,209.626,,,,,0.01,822.14,0.02,15.0,0.99,822.14,0.98,15.0,,,,,,,44.184711,1776220108000
1776220110.305,210.305,,,,,0.01,822.14,0.02,15.0,0.99,822.14,0.98,15.0,,,,,,,44.18428,1776220109000
1776220111.896,211.896,,,,,0.01,822.14,0.02,15.0,0.99,822.14,0.98,15.0,,,,,,,44.172206,1776220110000
1776220112.612,212.612,,,,,0.01,822.14,0.02,15.0,0.99,822.14,0.98,15.0,,,,,,,44.172845,1776220111000
1776220113.305,213.305,,,,,0.01,822.14,0.02,15.0,0.99,822.14,0.98,15.0,,,,,,,44.17374,1776220112000
1776220114.074,214.074,,,,,0.01,822.14,0.02,15.0,0.99,822.14,0.98,15.0,,,,,,,44.173585,1776220113000
1776220115.712,215.712,,,,,0.01,822.14,0.02,15.0,0.99,822.14,0.98,15.0,,,,,,,44.173798,1776220114000
1776220116.697,216.697,,,,,0.01,822.14,0.02,15.0,0.99,822.14,0.98,15.0,,,,,,,44.172076,1776220115000
1776220117.348,217.348,,,,,0.01,822.14,0.02,15.0,0.99,822.14,0.98,15.0,,,,,,,44.17126,1776220116000
1776220118.141,218.141,,,,,0.01,822.14,0.02,15.0,0.99,822.14,0.98,15.0,,,,,,,44.163862,1776220117000
1776220119.811,219.811,,,,,0.01,822.14,0.02,15.0,0.99,822.14,0.98,15.0,,,,,,,44.169756,1776220118000
1776220120.524,220.524,,,,,0.01,822.14,0.02,15.0,0.99,822.14,0.98,15.0,,,,,,,44.17077,1776220119000
1776220121.32,221.32,,,,,0.01,822.14,0.02,15.0,0.99,822.14,0.98,15.0,,,,,,,44.17325,1776220120000
1776220122.859,222.859,,,,,0.01,822.14,0.02,15.0,0.99,822.14,0.98,15.0,,,,,,,44.17654,1776220121000
1776220123.524,223.524,,,,,0.01,822.14,0.02,15.0,0.99,822.14,0.98,15.0,,,,,,,44.17654,1776220122000
1776220124.305,224.305,,,,,0.01,822.14,0.02,15.0,0.99,822.14,0.98,15.0,,,,,,,44.171505,1776220123000
1776220125.693,225.693,,,,,0.01,822.14,0.02,15.0,0.99,822.14,0.98,15.0,,,,,,,44.168782,1776220124000
1776220126.21,226.21,,,,,0.01,822.14,0.02,15.0,0.99,822.14,0.98,15.0,,,,,,,44.167332,1776220125000
1776220126.948,226.948,,,,,0.01,822.14,0.02,15.0,0.99,822.14,0.98,15.0,,,,,,,44.168514,1776220126000
1776220128.037,228.037,,,,,0.01,822.14,0.02,15.0,0.99,822.14,0.98,15.0,,,,,,,44.167939,1776220127000
1776220129.303,229.303,,,,,0.01,822.14,0.02,15.0,0.99,822.14,0.98,15.0,,,,,,,44.169297,1776220128000
1776220130.048,230.048,,,,,0.01,822.14,0.02,15.0,0.99,822.14,0.98,15.0,,,,,,,44.170832,1776220129000
1776220131.062,231.062,,,,,0.01,822.14,0.02,15.0,0.99,822.14,0.98,15.0,,,,,,,44.177986,1776220130000
1776220132.117,232.117,,,,,0.01,822.14,0.02,15.0,0.99,822.14,0.98,15.0,,,,,,,44.174807,1776220131000
1776220133.367,233.367,,,,,0.01,822.14,0.02,15.0,0.99,822.14,0.98,15.0,,,,,,,44.172872,1776220132000
1776220134.44,234.44,,,,,0.01,822.14,0.02,15.0,0.99,822.14,0.98,15.0,,,,,,,44.171698,1776220133000
1776220135.042,235.042,,,,,0.01,822.14,0.02,15.0,0.99,822.14,0.98,15.0,,,,,,,44.170083,1776220134000
1776220136.143,236.143,,,,,0.01,822.14,0.02,15.0,0.99,822.14,0.98,15.0,,,,,,,44.169822,1776220135000
1776220137.389,237.389,,,,,0.01,822.14,0.02,15.0,0.99,822.14,0.98,15.0,,,,,,,44.170728,1776220136000
1776220138.472,238.472,,,,,0.01,822.14,0.02,15.0,0.99,822.14,0.98,15.0,,,,,,,44.169762,1776220137000
1776220139.105,239.105,,,,,0.01,822.14,0.02,15.0,0.99,822.14,0.98,15.0,,,,,,,44.169762,1776220138000
1776220140.141,240.141,,,,,0.01,822.14,0.02,15.0,0.99,822.14,0.98,15.0,,,,,,,44.170677,1776220139000
1776220141.066,241.066,,,,,0.01,822.14,0.02,15.0,0.99,822.14,0.98,15.0,,,,,,,44.1709,1776220140000
1776220142.182,242.182,,,,,0.01,822.14,0.02,15.0,0.99,822.14,0.98,15.0,,,,,,,44.177568,1776220141000
1776220143.163,243.163,,,,,0.01,822.14,0.02,15.0,0.99,822.14,0.98,15.0,,,,,,,44.177561,1776220142000
1776220144.252,244.252,,,,,0.01,822.14,0.02,15.0,0.99,822.14,0.98,15.0,,,,,,,44.178183,1776220143000
1776220145.323,245.323,,,,,0.01,822.14,0.02,15.0,0.99,822.14,0.98,15.0,,,,,,,44.17839,1776220144000
1776220146.395,246.395,,,,,0.01,822.14,0.02,15.0,0.99,822.14,0.98,15.0,,,,,,,44.180717,1776220145000
1776220146.99,246.99,,,,,0.01,822.14,0.02,15.0,0.99,822.14,0.98,15.0,,,,,,,44.181502,1776220146000
1776220148.11,248.11,,,,,0.01,822.14,0.02,15.0,0.99,822.14,0.98,15.0,,,,,,,44.182404,1776220147000
1776220149.282,249.282,,,,,0.01,822.14,0.02,15.0,0.99,822.14,0.98,15.0,,,,,,,44.182919,1776220148000
1776220150.381,250.381,,,,,0.01,822.14,0.02,15.0,0.99,822.14,0.98,15.0,,,,,,,44.185739,1776220149000
1776220151.401,251.401,,,,,0.01,822.14,0.02,15.0,0.99,822.14,0.98,15.0,,,,,,,44.185853,1776220150000
1776220151.951,251.951,,,,,0.01,822.14,0.02,15.0,0.99,822.14,0.98,15.0,,,,,,,44.185853,1776220151000
1776220152.901,252.901,,,,,0.01,822.14,0.02,15.0,0.99,822.14,0.98,15.0,,,,,,,44.185853,1776220152000
1776220153.898,253.898,,,,,0.01,822.14,0.02,15.0,0.99,822.14,0.98,15.0,,,,,,,44.185853,1776220153000
1776220162.627,262.627,,,,,0.01,822.14,0.02,15.0,0.99,822.14,0.98,15.0,,,,,,,44.206792,1776220161000
1776220163.369,263.369,,,,,0.01,822.14,0.02,15.0,0.99,822.14,0.98,15.0,,,,,,,44.206705,1776220162000
1776220164.011,264.011,,,,,0.01,822.14,0.02,15.0,0.99,822.14,0.98,15.0,,,,,,,44.206705,1776220163000
1776220165.511,265.511,,,,,0.01,822.14,0.02,15.0,0.99,822.14,0.98,15.0,,,,,,,44.206435,1776220164000
1776220166.168,266.168,,,,,0.01,822.14,0.02,15.0,0.99,822.14,0.98,15.0,,,,,,,44.205036,1776220165000
1776220167.6,267.6,,,,,0.01,822.14,0.02,15.0,0.99,822.14,0.98,15.0,,,,,,,44.194701,1776220166000
1776220168.265,268.265,,,,,0.01,822.14,0.02,15.0,0.99,822.14,0.98,15.0,,,,,,,44.194161,1776220167000
1776220169.679,269.679,,,,,0.01,822.14,0.02,15.0,0.99,822.14,0.98,15.0,,,,,,,44.199463,1776220168000
1776220170.405,270.405,,,,,0.01,822.14,0.02,15.0,0.99,822.14,0.98,15.0,,,,,,,44.198932,1776220169000
1776220171.239,271.239,,,,,0.01,822.14,0.02,15.0,0.99,822.14,0.98,15.0,,,,,,,44.199273,1776220170000
1776220172.515,272.515,,,,,0.01,822.14,0.02,15.0,0.99,822.14,0.98,15.0,,,,,,,44.201795,1776220171000
1776220173.41,273.41,,,,,0.01,822.14,0.02,15.0,0.99,822.14,0.98,15.0,,,,,,,44.20409,1776220172000
1776220173.921,273.921,,,,,0.01,822.14,0.02,15.0,0.99,822.14,0.98,15.0,,,,,,,44.205241,1776220173000
1776220174.95,274.95,,,,,0.01,822.14,0.02,15.0,0.99,822.14,0.98,15.0,,,,,,,44.214823,1776220174000
1776220176.021,276.021,,,,,0.01,822.14,0.02,15.0,0.99,822.14,0.98,15.0,,,,,,,44.216561,1776220175000
1776220177.01,277.01,,,,,0.01,822.14,0.02,15.0,0.99,822.14,0.98,15.0,,,,,,,44.216318,1776220176000
1776220178.07,278.07,,,,,0.01,822.14,0.02,15.0,0.99,822.14,0.98,15.0,,,,,,,44.216318,1776220177000
1776220179.23,279.23,,,,,0.01,822.14,0.02,15.0,0.99,822.14,0.98,15.0,,,,,,,44.215602,1776220178000
1776220180.31,280.31,,,,,0.01,822.14,0.02,15.0,0.99,822.14,0.98,15.0,,,,,,,44.215603,1776220179000
1776220182.064,282.064,,,,,0.01,822.14,0.02,15.0,0.99,822.14,0.98,15.0,,,,,,,44.215542,1776220181000
1776220183.239,283.239,,,,,0.01,822.14,0.02,15.0,0.99,822.14,0.98,15.0,,,,,,,44.215183,1776220182000
1776220184.34,284.34,,,,,0.01,822.14,0.02,15.0,0.99,822.14,0.98,15.0,,,,,,,44.213026,1776220183000
1776220185.331,285.331,,,,,0.01,822.14,0.02,15.0,0.99,822.14,0.98,15.0,,,,,,,44.212978,1776220184000
1776220185.9,285.9,,,,,0.01,822.14,0.02,15.0,0.99,822.14,0.98,15.0,,,,,,,44.212978,1776220185000
1776220186.97,286.97,,,,,0.01,822.14,0.02,15.0,0.99,822.14,0.98,15.0,,,,,,,44.213023,1776220186000
1776220188.444,288.444,,,,,0.01,822.14,0.02,15.0,0.99,822.14,0.98,15.0,,,,,,,44.212962,1776220187000
1776220188.968,288.968,,,,,0.01,822.14,0.02,15.0,0.99,822.14,0.98,15.0,,,,,,,44.213811,1776220188000
1776220190.069,290.069,,,,,0.01,822.14,0.02,15.0,0.99,822.14,0.98,15.0,,,,,,,44.216251,1776220189000
1776220191.242,291.242,,,,,0.01,822.14,0.02,15.0,0.99,822.14,0.98,15.0,,,,,,,44.217904,1776220190000
1776220192.489,292.489,,,,,0.01,822.14,0.02,15.0,0.99,822.14,0.98,15.0,,,,,,,44.217366,1776220191000
1776220193.032,293.032,,,,,0.01,822.14,0.02,15.0,0.99,822.14,0.98,15.0,,,,,,,44.216988,1776220192000
1776220194.325,294.325,,,,,0.01,822.14,0.02,15.0,0.99,822.14,0.98,15.0,,,,,,,44.214436,1776220193000
1776220194.961,294.961,,,,,0.01,822.14,0.02,15.0,0.99,822.14,0.98,15.0,,,,,,,44.217782,1776220194000
1776220196.249,296.249,,,,,0.01,822.14,0.02,15.0,0.99,822.14,0.98,15.0,,,,,,,44.225755,1776220195000
1776220197.295,297.295,,,,,0.01,822.14,0.02,15.0,0.99,822.14,0.98,15.0,,,,,,,44.227548,1776220196000
1776220197.892,297.892,,,,,0.01,822.14,0.02,15.0,0.99,822.14,0.98,15.0,,,,,,,44.227548,1776220197000
1776220199.123,299.123,,,,,0.01,822.14,0.02,15.0,0.99,822.14,0.98,15.0,,,,,,,44.228072,1776220198000
1776220200.232,300.232,,,,,0.01,822.14,0.02,15.0,0.99,822.14,0.98,15.0,,,,,,,44.227964,1776220199000

# RESULT,winner=Down,slug=hype-updown-5m-1776219900,ticks=299
