timestamp,elapsed_sec,up_bid_p1,up_bid_s1,up_bid_p2,up_bid_s2,up_ask_p1,up_ask_s1,up_ask_p2,up_ask_s2,down_bid_p1,down_bid_s1,down_bid_p2,down_bid_s2,down_ask_p1,down_ask_s1,down_ask_p2,down_ask_s2,up_spread,down_spread,hype_price,hype_oracle_ts
1776231901.366,1.366,,,,,,,,,,,,,,,,,,,43.454409,1776231900000
1776231901.773,1.773,0.47,21.0,0.46,21.0,0.53,21.0,0.54,21.0,0.47,21.0,0.46,21.0,0.53,21.0,0.54,21.0,0.06,0.06,43.454409,1776231900000
1776231903.104,3.104,0.47,21.0,0.46,21.0,0.53,21.0,0.54,21.0,0.47,21.0,0.46,21.0,0.53,21.0,0.54,21.0,0.06,0.06,43.464452,1776231902000
1776231903.915,3.915,0.47,21.0,0.46,21.0,0.53,11.0,0.54,21.0,0.47,21.0,0.46,21.0,0.53,21.0,0.54,21.0,0.06,0.06,43.464452,1776231902000
1776231904.291,4.291,0.47,21.0,0.46,21.0,0.53,11.0,0.54,21.0,0.47,11.0,0.46,21.0,0.53,21.0,0.54,21.0,0.06,0.06,43.474684,1776231903000
1776231905.222,5.222,0.47,21.0,0.46,21.0,0.53,1.0,0.54,21.0,0.47,11.0,0.46,21.0,0.53,21.0,0.54,21.0,0.06,0.06,43.474684,1776231903000
1776231905.789,5.789,0.53,9.0,0.47,21.0,0.54,21.0,0.55,5.0,0.47,1.0,0.46,21.0,0.53,21.0,0.54,21.0,0.01,0.06,43.47417,1776231904000
1776231906.961,6.961,0.53,9.0,0.47,21.0,0.54,21.0,0.55,5.0,0.46,21.0,0.45,5.0,0.47,9.0,0.53,21.0,0.01,0.01,43.467158,1776231906000
1776231908.011,8.011,0.53,9.0,0.47,21.0,0.54,21.0,0.55,5.0,0.46,21.0,0.45,5.0,0.47,9.0,0.53,21.0,0.01,0.01,43.46612,1776231907000
1776231908.991,8.991,0.53,9.0,0.47,21.0,0.54,21.0,0.55,5.0,0.46,21.0,0.45,5.0,0.47,9.0,0.53,21.0,0.01,0.01,43.466324,1776231908000
1776231910.19,10.19,0.53,9.0,0.47,21.0,0.54,21.0,0.55,5.0,0.46,21.0,0.45,5.0,0.47,9.0,0.53,21.0,0.01,0.01,43.466281,1776231909000
1776231911.164,11.164,0.53,9.0,0.47,21.0,0.54,21.0,0.55,5.0,0.46,21.0,0.45,5.0,0.47,9.0,0.53,21.0,0.01,0.01,43.463787,1776231910000
1776231912.181,12.181,0.53,9.0,0.47,21.0,0.54,21.0,0.55,5.0,0.46,21.0,0.45,5.0,0.47,9.0,0.53,21.0,0.01,0.01,43.463347,1776231911000
1776231912.923,12.923,0.47,11.0,0.46,21.0,0.54,21.0,0.55,5.0,0.46,21.0,0.45,5.0,0.47,9.0,0.53,21.0,0.07,0.01,43.463347,1776231911000
1776231914.099,14.099,0.47,11.0,0.46,21.0,0.54,21.0,0.55,5.0,0.46,21.0,0.45,5.0,0.53,11.0,0.54,21.0,0.07,0.07,43.46098,1776231913000
1776231915.064,15.064,0.47,11.0,0.46,21.0,0.54,21.0,0.55,5.0,0.46,21.0,0.45,5.0,0.53,11.0,0.54,21.0,0.07,0.07,43.457205,1776231914000
1776231916.091,16.091,0.47,11.0,0.46,21.0,0.54,21.0,0.55,5.0,0.46,21.0,0.45,5.0,0.53,11.0,0.54,21.0,0.07,0.07,43.4565,1776231915000
1776231917.095,17.095,0.47,11.0,0.46,21.0,0.54,21.0,0.55,5.0,0.46,21.0,0.45,5.0,0.53,11.0,0.54,21.0,0.07,0.07,43.455861,1776231916000
1776231918.012,18.012,0.47,11.0,0.46,21.0,0.54,21.0,0.55,5.0,0.46,21.0,0.45,5.0,0.53,11.0,0.54,21.0,0.07,0.07,43.455861,1776231917000
1776231919.076,19.076,0.47,11.0,0.46,21.0,0.54,21.0,0.55,5.0,0.46,21.0,0.45,5.0,0.53,11.0,0.54,21.0,0.07,0.07,43.460488,1776231918000
1776231920.116,20.116,0.47,11.0,0.46,21.0,0.54,21.0,0.55,5.0,0.46,21.0,0.45,5.0,0.53,11.0,0.54,21.0,0.07,0.07,43.461581,1776231919000
1776231921.053,21.053,0.47,11.0,0.46,21.0,0.54,21.0,0.55,5.0,0.46,21.0,0.45,5.0,0.53,11.0,0.54,21.0,0.07,0.07,43.461688,1776231920000
1776231922.057,22.057,0.47,11.0,0.46,21.0,0.54,21.0,0.55,5.0,0.46,21.0,0.45,5.0,0.53,11.0,0.54,21.0,0.07,0.07,43.461688,1776231921000
1776231923.247,23.247,0.47,11.0,0.46,21.0,0.54,21.0,0.55,5.0,0.46,21.0,0.45,5.0,0.53,11.0,0.54,21.0,0.07,0.07,43.461991,1776231922000
1776231924.364,24.364,0.47,11.0,0.46,21.0,0.54,21.0,0.55,5.0,0.46,21.0,0.45,5.0,0.53,11.0,0.54,21.0,0.07,0.07,43.461453,1776231923000
1776231925.463,25.463,0.47,11.0,0.46,21.0,0.54,21.0,0.55,5.0,0.46,21.0,0.45,5.0,0.53,11.0,0.54,21.0,0.07,0.07,43.461453,1776231924000
1776231925.825,25.825,0.5,5.0,0.49,5.0,0.54,11.0,0.55,5.0,0.46,21.0,0.45,5.0,0.53,11.0,0.54,21.0,0.04,0.07,43.461453,1776231924000
1776231926.074,26.074,0.5,5.0,0.49,5.0,0.54,11.0,0.55,5.0,0.46,11.0,0.45,5.0,0.5,5.0,0.51,5.0,0.04,0.04,43.461735,1776231925000
1776231926.358,26.358,0.52,15.0,0.51,5.0,0.54,11.0,0.55,5.0,0.46,11.0,0.45,5.0,0.5,5.0,0.51,5.0,0.02,0.04,43.461735,1776231925000
1776231927.592,27.592,0.52,15.0,0.51,5.0,0.54,6.0,0.55,5.0,0.46,6.0,0.45,5.0,0.48,15.0,0.49,5.0,0.02,0.02,43.463341,1776231926000
1776231928.198,28.198,0.52,15.0,0.51,5.0,0.54,6.0,0.55,5.0,0.46,6.0,0.45,5.0,0.48,15.0,0.49,5.0,0.02,0.02,43.465184,1776231927000
1776231929.652,29.652,0.52,15.0,0.51,5.0,0.54,6.0,0.55,5.0,0.46,6.0,0.45,5.0,0.48,15.0,0.49,5.0,0.02,0.02,43.470947,1776231928000
1776231930.256,30.256,0.52,15.0,0.51,5.0,0.54,6.0,0.55,5.0,0.46,6.0,0.45,5.0,0.48,15.0,0.49,5.0,0.02,0.02,43.471568,1776231929000
1776231931.634,31.634,0.52,15.0,0.51,5.0,0.54,6.0,0.55,5.0,0.46,6.0,0.45,5.0,0.48,15.0,0.49,5.0,0.02,0.02,43.471928,1776231930000
1776231932.171,32.171,0.52,15.0,0.51,5.0,0.54,6.0,0.55,5.0,0.46,6.0,0.45,5.0,0.48,15.0,0.49,5.0,0.02,0.02,43.476058,1776231931000
1776231932.484,32.484,0.52,15.0,0.47,11.0,0.55,5.0,0.73,10.0,0.46,6.0,0.45,5.0,0.48,15.0,0.49,5.0,0.03,0.02,43.476058,1776231931000
1776231933.532,33.532,0.52,15.0,0.47,11.0,0.55,5.0,0.73,10.0,0.45,5.0,0.27,10.0,0.48,15.0,0.53,11.0,0.03,0.03,43.477827,1776231932000
1776231934.159,34.159,0.52,15.0,0.47,11.0,0.55,5.0,0.73,10.0,0.45,5.0,0.27,10.0,0.48,15.0,0.53,11.0,0.03,0.03,43.47741,1776231933000
1776231935.6,35.6,0.52,15.0,0.47,11.0,0.55,5.0,0.73,10.0,0.45,5.0,0.27,10.0,0.48,15.0,0.53,11.0,0.03,0.03,43.477742,1776231934000
1776231936.106,36.106,0.52,15.0,0.47,11.0,0.55,5.0,0.73,10.0,0.45,5.0,0.27,10.0,0.48,15.0,0.53,11.0,0.03,0.03,43.477742,1776231935000
1776231936.423,36.423,0.52,15.0,0.47,11.0,0.7,10.0,0.81,5.0,0.45,5.0,0.27,10.0,0.48,15.0,0.53,11.0,0.18,0.03,43.477742,1776231935000
1776231937.559,37.559,0.52,15.0,0.47,11.0,0.7,10.0,0.81,5.0,0.3,10.0,0.19,5.0,0.48,15.0,0.53,11.0,0.18,0.18,43.477967,1776231936000
1776231938.636,38.636,0.52,15.0,0.47,11.0,0.7,10.0,0.81,5.0,0.3,10.0,0.19,5.0,0.48,15.0,0.53,11.0,0.18,0.18,43.477249,1776231937000
1776231939.21,39.21,0.52,15.0,0.47,11.0,0.7,10.0,0.81,5.0,0.3,10.0,0.19,5.0,0.48,15.0,0.53,11.0,0.18,0.18,43.477451,1776231938000
1776231940.22,40.22,0.52,15.0,0.47,11.0,0.7,10.0,0.81,5.0,0.3,10.0,0.19,5.0,0.48,15.0,0.53,11.0,0.18,0.18,43.477625,1776231939000
1776231941.185,41.185,0.52,15.0,0.47,11.0,0.7,10.0,0.81,5.0,0.3,10.0,0.19,5.0,0.48,15.0,0.53,11.0,0.18,0.18,43.478226,1776231940000
1776231942.32,42.32,0.52,15.0,0.47,11.0,0.7,10.0,0.81,5.0,0.3,10.0,0.19,5.0,0.48,15.0,0.53,11.0,0.18,0.18,43.478798,1776231941000
1776231943.287,43.287,0.52,15.0,0.47,11.0,0.7,10.0,0.81,5.0,0.3,10.0,0.19,5.0,0.48,15.0,0.53,11.0,0.18,0.18,43.480885,1776231942000
1776231944.292,44.292,0.52,15.0,0.47,11.0,0.7,10.0,0.81,5.0,0.3,10.0,0.19,5.0,0.48,15.0,0.53,11.0,0.18,0.18,43.481081,1776231943000
1776231945.267,45.267,0.52,15.0,0.47,11.0,0.7,10.0,0.81,5.0,0.3,10.0,0.19,5.0,0.48,15.0,0.53,11.0,0.18,0.18,43.480925,1776231944000
1776231946.252,46.252,0.52,15.0,0.47,11.0,0.7,10.0,0.81,5.0,0.3,10.0,0.19,5.0,0.48,15.0,0.53,11.0,0.18,0.18,43.479998,1776231945000
1776231947.415,47.415,0.52,15.0,0.47,11.0,0.7,10.0,0.81,5.0,0.3,10.0,0.19,5.0,0.48,15.0,0.53,11.0,0.18,0.18,43.478695,1776231946000
1776231948.314,48.314,0.52,15.0,0.47,11.0,0.7,10.0,0.81,5.0,0.3,10.0,0.19,5.0,0.48,15.0,0.53,11.0,0.18,0.18,43.478257,1776231947000
1776231949.308,49.308,0.52,15.0,0.47,11.0,0.7,10.0,0.81,5.0,0.3,10.0,0.19,5.0,0.48,15.0,0.53,11.0,0.18,0.18,43.477775,1776231948000
1776231950.296,50.296,0.52,15.0,0.47,11.0,0.7,10.0,0.81,5.0,0.3,10.0,0.19,5.0,0.48,15.0,0.53,11.0,0.18,0.18,43.470433,1776231949000
1776231951.659,51.659,0.52,15.0,0.47,11.0,0.7,10.0,0.81,5.0,0.3,10.0,0.19,5.0,0.48,15.0,0.53,11.0,0.18,0.18,43.471018,1776231950000
1776231952.198,52.198,0.52,15.0,0.47,11.0,0.7,10.0,0.81,5.0,0.3,10.0,0.19,5.0,0.48,15.0,0.53,11.0,0.18,0.18,43.471018,1776231951000
1776231952.658,52.658,0.47,5.39,0.46,21.0,0.63,124.0,0.66,15.0,0.3,10.0,0.19,5.0,0.48,15.0,0.53,11.0,0.16,0.18,43.471018,1776231951000
1776231953.087,53.087,0.46,12.43,0.45,5.0,0.63,124.0,0.66,15.0,0.37,124.0,0.34,15.0,0.54,14.29,0.55,5.0,0.17,0.17,43.471018,1776231951000
1776231953.357,53.357,0.46,6.93,0.45,5.0,0.63,124.0,0.65,15.0,0.37,124.0,0.35,15.0,0.54,6.93,0.55,5.0,0.17,0.17,43.469953,1776231952000
1776231954.375,54.375,0.46,6.93,0.45,5.0,0.63,124.0,0.65,15.0,0.37,124.0,0.35,15.0,0.54,6.93,0.55,5.0,0.17,0.17,43.467981,1776231953000
1776231955.468,55.468,0.46,6.93,0.45,5.0,0.63,124.0,0.65,15.0,0.37,124.0,0.35,15.0,0.54,6.93,0.55,5.0,0.17,0.17,43.360702,1776231954000
1776231955.914,55.914,0.2,10.0,0.19,15.0,0.46,6.93,0.62,122.0,0.54,6.93,0.38,122.0,0.8,10.0,0.81,15.0,0.26,0.26,43.367013,1776231955000
1776231956.306,56.306,0.2,5.0,0.19,15.0,0.62,122.0,0.63,15.0,0.38,122.0,0.37,15.0,0.79,5.0,0.8,10.0,0.42,0.41,43.367013,1776231955000
1776231956.623,56.623,0.19,10.0,0.18,15.0,0.23,5.0,0.24,48.0,0.38,122.0,0.37,15.0,0.8,5.0,0.81,15.0,0.04,0.42,43.367013,1776231955000
1776231956.989,56.989,0.19,10.0,0.18,15.0,0.23,5.0,0.24,48.0,0.77,5.0,0.76,48.0,0.81,10.0,0.82,15.0,0.04,0.04,43.366359,1776231956000
1776231957.923,57.923,0.19,10.0,0.18,15.0,0.23,5.0,0.24,48.0,0.77,5.0,0.76,48.0,0.81,10.0,0.82,15.0,0.04,0.04,43.363382,1776231957000
1776231958.945,58.945,0.19,10.0,0.18,15.0,0.23,5.0,0.24,48.0,0.77,5.0,0.76,48.0,0.81,10.0,0.82,15.0,0.04,0.04,43.360275,1776231958000
1776231960.029,60.029,0.19,10.0,0.18,15.0,0.23,5.0,0.24,48.0,0.77,5.0,0.76,48.0,0.81,10.0,0.82,15.0,0.04,0.04,43.365989,1776231959000
1776231961.126,61.126,0.19,10.0,0.18,15.0,0.23,5.0,0.24,48.0,0.77,5.0,0.76,48.0,0.81,10.0,0.82,15.0,0.04,0.04,43.365949,1776231960000
1776231961.816,61.816,0.23,7.0,0.22,15.0,0.24,58.0,0.25,5.0,0.77,5.0,0.76,48.0,0.81,10.0,0.82,15.0,0.01,0.04,43.365949,1776231960000
1776231962.187,62.187,0.23,7.0,0.22,15.0,0.24,58.0,0.25,5.0,0.76,58.0,0.75,5.0,0.77,7.0,0.78,15.0,0.01,0.01,43.36746,1776231961000
1776231963.358,63.358,0.23,7.0,0.22,15.0,0.24,58.0,0.25,5.0,0.76,58.0,0.75,5.0,0.77,7.0,0.78,15.0,0.01,0.01,43.367376,1776231962000
1776231964.354,64.354,0.23,7.0,0.22,15.0,0.24,58.0,0.25,5.0,0.76,58.0,0.75,5.0,0.77,7.0,0.78,15.0,0.01,0.01,43.367599,1776231963000
1776231965.334,65.334,0.23,7.0,0.22,15.0,0.24,58.0,0.25,5.0,0.76,58.0,0.75,5.0,0.77,7.0,0.78,15.0,0.01,0.01,43.3678,1776231964000
1776231966.433,66.433,0.23,7.0,0.22,15.0,0.24,58.0,0.25,5.0,0.76,58.0,0.75,5.0,0.77,7.0,0.78,15.0,0.01,0.01,43.372432,1776231965000
1776231967.304,67.304,0.23,7.0,0.22,15.0,0.24,58.0,0.25,5.0,0.76,58.0,0.75,5.0,0.77,7.0,0.78,15.0,0.01,0.01,43.372432,1776231966000
1776231968.501,68.501,0.23,7.0,0.22,15.0,0.24,58.0,0.25,5.0,0.76,58.0,0.75,5.0,0.77,7.0,0.78,15.0,0.01,0.01,43.358784,1776231967000
1776231969.249,69.249,0.23,7.0,0.22,15.0,0.24,58.0,0.25,5.0,0.76,58.0,0.75,5.0,0.77,7.0,0.78,15.0,0.01,0.01,43.358866,1776231968000
1776231970.504,70.504,0.22,13.71,0.21,30.0,0.24,43.0,0.25,5.0,0.76,43.0,0.75,5.0,0.78,13.71,0.79,30.0,0.02,0.02,43.359817,1776231969000
1776231971.182,71.182,0.22,13.71,0.21,30.0,0.24,43.0,0.25,5.0,0.76,43.0,0.75,5.0,0.78,13.71,0.79,30.0,0.02,0.02,43.358855,1776231970000
1776231972.445,72.445,0.22,13.71,0.21,30.0,0.24,43.0,0.25,5.0,0.76,43.0,0.75,5.0,0.78,13.71,0.79,30.0,0.02,0.02,43.358879,1776231971000
1776231973.068,73.068,0.22,13.71,0.21,30.0,0.24,43.0,0.25,5.0,0.76,43.0,0.75,5.0,0.78,13.71,0.79,30.0,0.02,0.02,43.357912,1776231972000
1776231974.374,74.374,0.22,13.71,0.21,30.0,0.24,43.0,0.25,5.0,0.76,43.0,0.75,5.0,0.78,13.71,0.79,30.0,0.02,0.02,43.358401,1776231973000
1776231974.642,74.642,0.22,4.37,0.21,45.0,0.23,42.0,0.25,15.0,0.76,43.0,0.75,5.0,0.78,13.71,0.79,30.0,0.01,0.02,43.358401,1776231973000
1776231974.985,74.985,0.22,4.37,0.21,45.0,0.23,42.0,0.25,15.0,0.77,42.0,0.75,15.0,0.78,4.37,0.79,45.0,0.01,0.01,43.358847,1776231974000
1776231976.349,76.349,0.22,4.37,0.21,45.0,0.23,42.0,0.25,15.0,0.77,42.0,0.75,15.0,0.78,4.37,0.79,45.0,0.01,0.01,43.359633,1776231975000
1776231977.07,77.07,0.22,4.37,0.21,45.0,0.23,42.0,0.25,15.0,0.77,42.0,0.75,15.0,0.78,4.37,0.79,45.0,0.01,0.01,43.359823,1776231976000
1776231978.272,78.272,0.22,4.37,0.21,45.0,0.23,42.0,0.25,15.0,0.77,42.0,0.75,15.0,0.78,4.37,0.79,45.0,0.01,0.01,43.361427,1776231977000
1776231978.81,78.81,0.22,4.37,0.21,45.0,0.23,36.95,0.26,5.0,0.77,42.0,0.75,15.0,0.78,4.37,0.79,45.0,0.01,0.01,43.361427,1776231977000
1776231979.481,79.481,0.22,4.37,0.21,45.0,0.23,36.95,0.26,5.0,0.77,36.95,0.74,5.0,0.78,4.37,0.79,45.0,0.01,0.01,43.364252,1776231978000
1776231980.142,80.142,0.22,4.37,0.21,45.0,0.23,36.95,0.26,5.0,0.77,36.95,0.74,5.0,0.78,4.37,0.79,45.0,0.01,0.01,43.365475,1776231979000
1776231981.802,81.802,0.22,4.37,0.21,45.0,0.23,36.95,0.26,5.0,0.77,36.95,0.74,5.0,0.78,4.37,0.79,45.0,0.01,0.01,43.377468,1776231980000
1776231982.39,82.39,0.22,4.37,0.21,45.0,0.23,36.95,0.26,5.0,0.77,36.95,0.74,5.0,0.78,4.37,0.79,45.0,0.01,0.01,43.381243,1776231981000
1776231983.503,83.503,0.22,4.37,0.21,45.0,0.23,36.95,0.26,5.0,0.77,36.95,0.74,5.0,0.78,4.37,0.79,45.0,0.01,0.01,43.384682,1776231982000
1776231984.354,84.354,0.22,4.37,0.21,45.0,0.23,36.95,0.26,5.0,0.77,36.95,0.74,5.0,0.78,4.37,0.79,45.0,0.01,0.01,43.385858,1776231983000
1776231985.601,85.601,0.22,4.37,0.21,45.0,0.23,36.95,0.26,5.0,0.77,36.95,0.74,5.0,0.78,4.37,0.79,45.0,0.01,0.01,43.391521,1776231984000
1776231986.256,86.256,0.22,4.37,0.21,45.0,0.23,36.95,0.26,5.0,0.77,36.95,0.74,5.0,0.78,4.37,0.79,45.0,0.01,0.01,43.392753,1776231985000
1776231986.526,86.526,0.22,4.37,0.21,45.0,0.23,19.88,0.33,10.0,0.77,26.58,0.67,10.0,0.78,4.37,0.79,45.0,0.01,0.01,43.392753,1776231985000
1776231987.292,87.292,0.22,4.37,0.21,45.0,0.23,19.88,0.33,10.0,0.77,19.88,0.67,10.0,0.78,4.37,0.79,45.0,0.01,0.01,43.394372,1776231986000
1776231988.223,88.223,0.22,4.37,0.21,45.0,0.23,19.88,0.33,10.0,0.77,19.88,0.67,10.0,0.78,4.37,0.79,45.0,0.01,0.01,43.396097,1776231987000
1776231989.346,89.346,0.22,4.37,0.21,45.0,0.23,19.88,0.33,10.0,0.77,19.88,0.67,10.0,0.78,4.37,0.79,45.0,0.01,0.01,43.396887,1776231988000
1776231990.239,90.239,0.22,4.37,0.21,45.0,0.23,19.88,0.33,10.0,0.77,19.88,0.67,10.0,0.78,4.37,0.79,45.0,0.01,0.01,43.397187,1776231989000
1776231991.333,91.333,0.22,4.37,0.21,45.0,0.23,19.88,0.33,10.0,0.77,19.88,0.67,10.0,0.78,4.37,0.79,45.0,0.01,0.01,43.398166,1776231990000
1776231992.243,92.243,0.22,4.37,0.21,45.0,0.23,19.88,0.33,10.0,0.77,19.88,0.67,10.0,0.78,4.37,0.79,45.0,0.01,0.01,43.398294,1776231991000
1776231993.221,93.221,0.22,4.37,0.21,45.0,0.23,19.88,0.33,10.0,0.77,19.88,0.67,10.0,0.78,4.37,0.79,45.0,0.01,0.01,43.398294,1776231992000
1776231994.748,94.748,0.22,4.37,0.21,45.0,0.23,19.88,0.33,10.0,0.77,19.88,0.67,10.0,0.78,4.37,0.79,45.0,0.01,0.01,43.399219,1776231993000
1776231995.155,95.155,0.22,4.37,0.21,45.0,0.23,19.88,0.33,10.0,0.77,19.88,0.67,10.0,0.78,4.37,0.79,45.0,0.01,0.01,43.399219,1776231994000
1776231996.154,96.154,0.22,4.37,0.21,45.0,0.23,19.88,0.33,10.0,0.77,19.88,0.67,10.0,0.78,4.37,0.79,45.0,0.01,0.01,43.399121,1776231995000
1776231997.081,97.081,0.22,4.37,0.21,45.0,0.23,19.88,0.33,10.0,0.77,19.88,0.67,10.0,0.78,4.37,0.79,45.0,0.01,0.01,43.397915,1776231996000
1776231998.057,98.057,0.22,4.37,0.21,45.0,0.23,19.88,0.33,10.0,0.77,19.88,0.67,10.0,0.78,4.37,0.79,45.0,0.01,0.01,43.397915,1776231997000
1776231999.02,99.02,0.22,4.37,0.21,45.0,0.23,19.88,0.33,10.0,0.77,19.88,0.67,10.0,0.78,4.37,0.79,45.0,0.01,0.01,43.398375,1776231998000
1776232000.014,100.014,0.22,4.37,0.21,45.0,0.23,19.88,0.33,10.0,0.77,19.88,0.67,10.0,0.78,4.37,0.79,45.0,0.01,0.01,43.398875,1776231999000
1776232000.987,100.987,0.22,4.37,0.21,45.0,0.23,19.88,0.33,10.0,0.77,19.88,0.67,10.0,0.78,4.37,0.79,45.0,0.01,0.01,43.399266,1776232000000
1776232001.955,101.955,0.22,4.37,0.21,45.0,0.23,19.88,0.33,10.0,0.77,19.88,0.67,10.0,0.78,4.37,0.79,45.0,0.01,0.01,43.399488,1776232001000
1776232002.888,102.888,0.22,4.37,0.21,45.0,0.23,19.88,0.33,10.0,0.77,19.88,0.67,10.0,0.78,4.37,0.79,45.0,0.01,0.01,43.400324,1776232002000
1776232003.913,103.913,0.22,4.37,0.21,45.0,0.23,19.88,0.33,10.0,0.77,19.88,0.67,10.0,0.78,4.37,0.79,45.0,0.01,0.01,43.399857,1776232003000
1776232004.919,104.919,0.22,4.37,0.21,45.0,0.23,19.88,0.33,10.0,0.77,19.88,0.67,10.0,0.78,4.37,0.79,45.0,0.01,0.01,43.400303,1776232004000
1776232005.174,105.174,0.26,5.23,0.25,15.0,0.28,10.0,0.29,10.0,0.77,19.88,0.67,10.0,0.78,4.37,0.79,45.0,0.02,0.01,43.400303,1776232004000
1776232005.865,105.865,0.26,5.23,0.25,15.0,0.28,10.0,0.29,10.0,0.72,10.0,0.71,10.0,0.74,5.23,0.75,15.0,0.02,0.02,43.400303,1776232005000
1776232007.537,107.537,0.26,5.23,0.25,15.0,0.28,10.0,0.29,10.0,0.72,10.0,0.71,10.0,0.74,5.23,0.75,15.0,0.02,0.02,43.399308,1776232006000
1776232007.935,107.935,0.26,5.23,0.25,15.0,0.28,10.0,0.29,10.0,0.72,10.0,0.71,10.0,0.74,5.23,0.75,15.0,0.02,0.02,43.399308,1776232007000
1776232009.008,109.008,0.26,5.23,0.25,15.0,0.28,10.0,0.29,10.0,0.72,10.0,0.71,10.0,0.74,5.23,0.75,15.0,0.02,0.02,43.397343,1776232008000
1776232010.024,110.024,0.26,5.23,0.25,15.0,0.28,10.0,0.29,10.0,0.72,10.0,0.71,10.0,0.74,5.23,0.75,15.0,0.02,0.02,43.397343,1776232009000
1776232011.049,111.049,0.26,5.23,0.25,15.0,0.28,10.0,0.29,10.0,0.72,10.0,0.71,10.0,0.74,5.23,0.75,15.0,0.02,0.02,43.394562,1776232010000
1776232012.111,112.111,0.26,5.23,0.25,15.0,0.28,10.0,0.29,10.0,0.72,10.0,0.71,10.0,0.74,5.23,0.75,15.0,0.02,0.02,43.394761,1776232011000
1776232013.107,113.107,0.26,5.23,0.25,15.0,0.28,10.0,0.29,10.0,0.72,10.0,0.71,10.0,0.74,5.23,0.75,15.0,0.02,0.02,43.396852,1776232012000
1776232014.199,114.199,0.26,5.23,0.25,15.0,0.28,10.0,0.29,10.0,0.72,10.0,0.71,10.0,0.74,5.23,0.75,15.0,0.02,0.02,43.397873,1776232013000
1776232015.225,115.225,0.26,5.23,0.25,15.0,0.28,10.0,0.29,10.0,0.72,10.0,0.71,10.0,0.74,5.23,0.75,15.0,0.02,0.02,43.398872,1776232014000
1776232016.222,116.222,0.26,5.23,0.25,15.0,0.28,10.0,0.29,10.0,0.72,10.0,0.71,10.0,0.74,5.23,0.75,15.0,0.02,0.02,43.399344,1776232015000
1776232017.24,117.24,0.26,5.23,0.25,15.0,0.28,10.0,0.29,10.0,0.72,10.0,0.71,10.0,0.74,5.23,0.75,15.0,0.02,0.02,43.400163,1776232016000
1776232018.241,118.241,0.26,5.23,0.25,15.0,0.28,10.0,0.29,10.0,0.72,10.0,0.71,10.0,0.74,5.23,0.75,15.0,0.02,0.02,43.400108,1776232017000
1776232019.502,119.502,0.26,5.23,0.25,15.0,0.28,10.0,0.29,10.0,0.72,10.0,0.71,10.0,0.74,5.23,0.75,15.0,0.02,0.02,43.399182,1776232018000
1776232019.959,119.959,0.26,5.23,0.25,15.0,0.28,10.0,0.29,10.0,0.72,10.0,0.71,10.0,0.74,5.23,0.75,15.0,0.02,0.02,43.398307,1776232019000
1776232021.133,121.133,0.26,5.23,0.25,15.0,0.28,10.0,0.29,10.0,0.72,10.0,0.71,10.0,0.74,5.23,0.75,15.0,0.02,0.02,43.398651,1776232020000
1776232022.298,122.298,0.26,5.23,0.25,15.0,0.28,10.0,0.29,10.0,0.72,10.0,0.71,10.0,0.74,5.23,0.75,15.0,0.02,0.02,43.399382,1776232021000
1776232023.679,123.679,0.26,5.23,0.25,15.0,0.28,10.0,0.29,10.0,0.72,10.0,0.71,10.0,0.74,5.23,0.75,15.0,0.02,0.02,43.405622,1776232022000
1776232024.355,124.355,0.26,5.23,0.25,15.0,0.28,10.0,0.29,10.0,0.72,10.0,0.71,10.0,0.74,5.23,0.75,15.0,0.02,0.02,43.40587,1776232023000
1776232025.015,125.015,0.26,5.23,0.25,15.0,0.28,10.0,0.29,10.0,0.72,10.0,0.71,10.0,0.74,5.23,0.75,15.0,0.02,0.02,43.408732,1776232024000
1776232026.283,126.283,0.26,5.23,0.25,15.0,0.28,10.0,0.29,10.0,0.72,10.0,0.71,10.0,0.74,5.23,0.75,15.0,0.02,0.02,43.409603,1776232025000
1776232027.493,127.493,0.26,5.23,0.25,15.0,0.28,10.0,0.29,10.0,0.72,10.0,0.71,10.0,0.74,5.23,0.75,15.0,0.02,0.02,43.414724,1776232026000
1776232028.125,128.125,0.26,5.23,0.25,15.0,0.28,10.0,0.29,10.0,0.72,10.0,0.71,10.0,0.74,5.23,0.75,15.0,0.02,0.02,43.414834,1776232027000
1776232029.158,129.158,0.26,5.23,0.25,15.0,0.28,10.0,0.29,10.0,0.72,10.0,0.71,10.0,0.74,5.23,0.75,15.0,0.02,0.02,43.415458,1776232028000
1776232030.329,130.329,0.26,5.23,0.25,15.0,0.28,10.0,0.29,10.0,0.72,10.0,0.71,10.0,0.74,5.23,0.75,15.0,0.02,0.02,43.415099,1776232029000
1776232031.435,131.435,0.26,5.23,0.25,15.0,0.28,10.0,0.29,10.0,0.72,10.0,0.71,10.0,0.74,5.23,0.75,15.0,0.02,0.02,43.41553,1776232030000
1776232032.059,132.059,0.26,5.23,0.25,15.0,0.28,10.0,0.29,10.0,0.72,10.0,0.71,10.0,0.74,5.23,0.75,15.0,0.02,0.02,43.41553,1776232031000
1776232033.091,133.091,0.26,5.23,0.25,15.0,0.28,10.0,0.29,10.0,0.72,10.0,0.71,10.0,0.74,5.23,0.75,15.0,0.02,0.02,43.415484,1776232032000
1776232034.342,134.342,0.26,5.23,0.25,15.0,0.28,10.0,0.29,10.0,0.72,10.0,0.71,10.0,0.74,5.23,0.75,15.0,0.02,0.02,43.417547,1776232033000
1776232035.474,135.474,0.26,5.23,0.25,15.0,0.28,10.0,0.29,10.0,0.72,10.0,0.71,10.0,0.74,5.23,0.75,15.0,0.02,0.02,43.418414,1776232034000
1776232036.981,136.981,0.26,5.23,0.25,15.0,0.28,10.0,0.29,10.0,0.72,10.0,0.71,10.0,0.74,5.23,0.75,15.0,0.02,0.02,43.420968,1776232035000
1776232037.434,137.434,0.26,5.23,0.25,15.0,0.28,10.0,0.29,10.0,0.72,10.0,0.71,10.0,0.74,5.23,0.75,15.0,0.02,0.02,43.420967,1776232036000
1776232038.066,138.066,0.26,5.23,0.25,15.0,0.28,10.0,0.29,10.0,0.72,10.0,0.71,10.0,0.74,5.23,0.75,15.0,0.02,0.02,43.42081,1776232037000
1776232039.278,139.278,0.26,5.23,0.25,15.0,0.28,10.0,0.29,10.0,0.72,10.0,0.71,10.0,0.74,5.23,0.75,15.0,0.02,0.02,43.420315,1776232038000
1776232040.796,140.796,0.26,5.23,0.25,15.0,0.28,10.0,0.29,10.0,0.72,10.0,0.71,10.0,0.74,5.23,0.75,15.0,0.02,0.02,43.424971,1776232039000
1776232041.398,141.398,0.26,5.23,0.25,15.0,0.28,10.0,0.29,10.0,0.72,10.0,0.71,10.0,0.74,5.23,0.75,15.0,0.02,0.02,43.42509,1776232040000
1776232042.228,142.228,0.26,5.23,0.25,15.0,0.28,10.0,0.29,10.0,0.72,10.0,0.71,10.0,0.74,5.23,0.75,15.0,0.02,0.02,43.425277,1776232041000
1776232043.366,143.366,0.26,5.23,0.25,15.0,0.28,10.0,0.29,10.0,0.72,10.0,0.71,10.0,0.74,5.23,0.75,15.0,0.02,0.02,43.427351,1776232042000
1776232043.922,143.922,0.26,5.23,0.25,15.0,0.28,10.0,0.29,10.0,0.72,10.0,0.71,10.0,0.74,5.23,0.75,15.0,0.02,0.02,43.427723,1776232043000
1776232045.191,145.191,0.26,5.23,0.25,15.0,0.28,10.0,0.29,10.0,0.72,10.0,0.71,10.0,0.74,5.23,0.75,15.0,0.02,0.02,43.428622,1776232044000
1776232046.36,146.36,0.26,5.23,0.25,15.0,0.28,10.0,0.29,10.0,0.72,10.0,0.71,10.0,0.74,5.23,0.75,15.0,0.02,0.02,43.428916,1776232045000
1776232046.939,146.939,0.26,5.23,0.25,15.0,0.28,10.0,0.29,10.0,0.72,10.0,0.71,10.0,0.74,5.23,0.75,15.0,0.02,0.02,43.429846,1776232046000
1776232048.063,148.063,0.26,5.23,0.25,15.0,0.28,10.0,0.29,10.0,0.72,10.0,0.71,10.0,0.74,5.23,0.75,15.0,0.02,0.02,43.430365,1776232047000
1776232049.278,149.278,0.26,5.23,0.25,15.0,0.28,10.0,0.29,10.0,0.72,10.0,0.71,10.0,0.74,5.23,0.75,15.0,0.02,0.02,43.430178,1776232048000
1776232049.829,149.829,0.26,5.23,0.25,15.0,0.28,10.0,0.29,10.0,0.72,10.0,0.71,10.0,0.74,5.23,0.75,15.0,0.02,0.02,43.430178,1776232049000
1776232051.019,151.019,0.26,5.23,0.25,15.0,0.28,10.0,0.29,10.0,0.72,10.0,0.71,10.0,0.74,5.23,0.75,15.0,0.02,0.02,43.430178,1776232050000
1776232052.808,152.808,0.26,5.23,0.25,15.0,0.28,10.0,0.29,10.0,0.72,10.0,0.71,10.0,0.74,5.23,0.75,15.0,0.02,0.02,43.43092,1776232051000
1776232053.593,153.593,0.26,5.23,0.25,15.0,0.28,10.0,0.29,10.0,0.72,10.0,0.71,10.0,0.74,5.23,0.75,15.0,0.02,0.02,43.430833,1776232052000
1776232054.93,154.93,0.26,5.23,0.25,15.0,0.28,10.0,0.29,10.0,0.72,10.0,0.71,10.0,0.74,5.23,0.75,15.0,0.02,0.02,43.430888,1776232053000
1776232055.545,155.545,0.26,5.23,0.25,15.0,0.28,10.0,0.29,10.0,0.72,10.0,0.71,10.0,0.74,5.23,0.75,15.0,0.02,0.02,43.4545,1776232054000
1776232056.402,156.402,0.26,5.23,0.25,15.0,0.28,10.0,0.29,10.0,0.72,10.0,0.71,10.0,0.74,5.23,0.75,15.0,0.02,0.02,43.4545,1776232055000
1776232057.134,157.134,0.26,5.23,0.25,15.0,0.28,10.0,0.29,10.0,0.72,10.0,0.71,10.0,0.74,5.23,0.75,15.0,0.02,0.02,43.452493,1776232056000
1776232058.449,158.449,0.26,5.23,0.25,15.0,0.28,10.0,0.29,10.0,0.72,10.0,0.71,10.0,0.74,5.23,0.75,15.0,0.02,0.02,43.456771,1776232057000
1776232059.241,159.241,0.26,5.23,0.25,15.0,0.28,10.0,0.29,10.0,0.72,10.0,0.71,10.0,0.74,5.23,0.75,15.0,0.02,0.02,43.456808,1776232058000
1776232060.727,160.727,0.26,5.23,0.25,15.0,0.28,10.0,0.29,10.0,0.72,10.0,0.71,10.0,0.74,5.23,0.75,15.0,0.02,0.02,43.460318,1776232059000
1776232061.401,161.401,0.26,5.23,0.25,15.0,0.28,10.0,0.29,10.0,0.72,10.0,0.71,10.0,0.74,5.23,0.75,15.0,0.02,0.02,43.460318,1776232060000
1776232062.147,162.147,0.26,5.23,0.25,15.0,0.28,10.0,0.29,10.0,0.72,10.0,0.71,10.0,0.74,5.23,0.75,15.0,0.02,0.02,43.461355,1776232061000
1776232063.633,163.633,0.26,5.23,0.25,15.0,0.28,10.0,0.29,10.0,0.72,10.0,0.71,10.0,0.74,5.23,0.75,15.0,0.02,0.02,43.459851,1776232062000
1776232064.295,164.295,0.26,5.23,0.25,15.0,0.28,10.0,0.29,10.0,0.72,10.0,0.71,10.0,0.74,5.23,0.75,15.0,0.02,0.02,43.458174,1776232063000
1776232065.016,165.016,0.26,5.23,0.25,15.0,0.28,10.0,0.29,10.0,0.72,10.0,0.71,10.0,0.74,5.23,0.75,15.0,0.02,0.02,43.457748,1776232064000
1776232066.346,166.346,0.26,5.23,0.25,15.0,0.28,10.0,0.29,10.0,0.72,10.0,0.71,10.0,0.74,5.23,0.75,15.0,0.02,0.02,43.452502,1776232065000
1776232067.156,167.156,0.26,5.23,0.25,15.0,0.28,10.0,0.29,10.0,0.72,10.0,0.71,10.0,0.74,5.23,0.75,15.0,0.02,0.02,43.452429,1776232066000
1776232068.623,168.623,0.26,5.23,0.25,15.0,0.28,10.0,0.29,10.0,0.72,10.0,0.71,10.0,0.74,5.23,0.75,15.0,0.02,0.02,43.450196,1776232067000
1776232069.296,169.296,0.26,5.23,0.25,15.0,0.28,10.0,0.29,10.0,0.72,10.0,0.71,10.0,0.74,5.23,0.75,15.0,0.02,0.02,43.449465,1776232068000
1776232070.034,170.034,0.26,5.23,0.25,15.0,0.28,10.0,0.29,10.0,0.72,10.0,0.71,10.0,0.74,5.23,0.75,15.0,0.02,0.02,43.449627,1776232069000
1776232071.839,171.839,0.26,5.23,0.25,15.0,0.28,10.0,0.29,10.0,0.72,10.0,0.71,10.0,0.74,5.23,0.75,15.0,0.02,0.02,43.450171,1776232070000
1776232072.495,172.495,0.26,5.23,0.25,15.0,0.28,10.0,0.29,10.0,0.72,10.0,0.71,10.0,0.74,5.23,0.75,15.0,0.02,0.02,43.45119,1776232071000
1776232074.053,174.053,0.26,5.23,0.25,15.0,0.28,10.0,0.29,10.0,0.72,10.0,0.71,10.0,0.74,5.23,0.75,15.0,0.02,0.02,43.448968,1776232072000
1776232074.649,174.649,0.26,5.23,0.25,15.0,0.28,10.0,0.29,10.0,0.72,10.0,0.71,10.0,0.74,5.23,0.75,15.0,0.02,0.02,43.451147,1776232073000
1776232075.286,175.286,0.26,5.23,0.25,15.0,0.28,10.0,0.29,10.0,0.72,10.0,0.71,10.0,0.74,5.23,0.75,15.0,0.02,0.02,43.452274,1776232074000
1776232076.617,176.617,0.26,5.23,0.25,15.0,0.28,10.0,0.29,10.0,0.72,10.0,0.71,10.0,0.74,5.23,0.75,15.0,0.02,0.02,43.467281,1776232075000
1776232077.558,177.558,0.26,5.23,0.25,15.0,0.28,10.0,0.29,10.0,0.72,10.0,0.71,10.0,0.74,5.23,0.75,15.0,0.02,0.02,43.46939,1776232076000
1776232078.204,178.204,0.26,5.23,0.25,15.0,0.28,10.0,0.29,10.0,0.72,10.0,0.71,10.0,0.74,5.23,0.75,15.0,0.02,0.02,43.467843,1776232077000
1776232079.557,179.557,0.26,5.23,0.25,15.0,0.28,10.0,0.29,10.0,0.72,10.0,0.71,10.0,0.74,5.23,0.75,15.0,0.02,0.02,43.468101,1776232078000
1776232080.199,180.199,0.26,5.23,0.25,15.0,0.28,10.0,0.29,10.0,0.72,10.0,0.71,10.0,0.74,5.23,0.75,15.0,0.02,0.02,43.468065,1776232079000
1776232081.76,181.76,0.26,5.23,0.25,15.0,0.28,10.0,0.29,10.0,0.72,10.0,0.71,10.0,0.74,5.23,0.75,15.0,0.02,0.02,43.467076,1776232080000
1776232082.27,182.27,0.26,5.23,0.25,15.0,0.28,10.0,0.29,10.0,0.72,10.0,0.71,10.0,0.74,5.23,0.75,15.0,0.02,0.02,43.464797,1776232081000
1776232083.453,183.453,0.26,5.23,0.25,15.0,0.28,10.0,0.29,10.0,0.72,10.0,0.71,10.0,0.74,5.23,0.75,15.0,0.02,0.02,43.464397,1776232082000
1776232084.253,184.253,0.26,5.23,0.25,15.0,0.28,10.0,0.29,10.0,0.72,10.0,0.71,10.0,0.74,5.23,0.75,15.0,0.02,0.02,43.463516,1776232083000
1776232085.542,185.542,0.26,5.23,0.25,15.0,0.28,10.0,0.29,10.0,0.72,10.0,0.71,10.0,0.74,5.23,0.75,15.0,0.02,0.02,43.46363,1776232084000
1776232086.218,186.218,0.26,5.23,0.25,15.0,0.28,10.0,0.29,10.0,0.72,10.0,0.71,10.0,0.74,5.23,0.75,15.0,0.02,0.02,43.462115,1776232085000
1776232087.561,187.561,0.26,5.23,0.25,15.0,0.28,10.0,0.29,10.0,0.72,10.0,0.71,10.0,0.74,5.23,0.75,15.0,0.02,0.02,43.462893,1776232086000
1776232088.202,188.202,0.26,5.23,0.25,15.0,0.28,10.0,0.29,10.0,0.72,10.0,0.71,10.0,0.74,5.23,0.75,15.0,0.02,0.02,43.462758,1776232087000
1776232089.977,189.977,0.26,5.23,0.25,15.0,0.28,10.0,0.29,10.0,0.72,10.0,0.71,10.0,0.74,5.23,0.75,15.0,0.02,0.02,43.460851,1776232088000
1776232090.558,190.558,0.26,5.23,0.25,15.0,0.28,10.0,0.29,10.0,0.72,10.0,0.71,10.0,0.74,5.23,0.75,15.0,0.02,0.02,43.460207,1776232089000
1776232091.494,191.494,0.26,5.23,0.25,15.0,0.28,10.0,0.29,10.0,0.72,10.0,0.71,10.0,0.74,5.23,0.75,15.0,0.02,0.02,43.461933,1776232090000
1776232092.081,192.081,0.26,5.23,0.25,15.0,0.28,10.0,0.29,10.0,0.72,10.0,0.71,10.0,0.74,5.23,0.75,15.0,0.02,0.02,43.461747,1776232091000
1776232093.249,193.249,0.26,5.23,0.25,15.0,0.28,10.0,0.29,10.0,0.72,10.0,0.71,10.0,0.74,5.23,0.75,15.0,0.02,0.02,43.460781,1776232092000
1776232094.5,194.5,0.26,5.23,0.25,15.0,0.28,10.0,0.29,10.0,0.72,10.0,0.71,10.0,0.74,5.23,0.75,15.0,0.02,0.02,43.459479,1776232093000
1776232095.106,195.106,0.26,5.23,0.25,15.0,0.28,10.0,0.29,10.0,0.72,10.0,0.71,10.0,0.74,5.23,0.75,15.0,0.02,0.02,43.459479,1776232094000
1776232096.331,196.331,0.26,5.23,0.25,15.0,0.28,10.0,0.29,10.0,0.72,10.0,0.71,10.0,0.74,5.23,0.75,15.0,0.02,0.02,43.458751,1776232095000
1776232097.503,197.503,0.26,5.23,0.25,15.0,0.28,10.0,0.29,10.0,0.72,10.0,0.71,10.0,0.74,5.23,0.75,15.0,0.02,0.02,43.458864,1776232096000
1776232098.057,198.057,0.26,5.23,0.25,15.0,0.28,10.0,0.29,10.0,0.72,10.0,0.71,10.0,0.74,5.23,0.75,15.0,0.02,0.02,43.458797,1776232097000
1776232099.168,199.168,0.26,5.23,0.25,15.0,0.28,10.0,0.29,10.0,0.72,10.0,0.71,10.0,0.74,5.23,0.75,15.0,0.02,0.02,43.457994,1776232098000
1776232100.406,200.406,0.26,5.23,0.25,15.0,0.28,10.0,0.29,10.0,0.72,10.0,0.71,10.0,0.74,5.23,0.75,15.0,0.02,0.02,43.457111,1776232099000
1776232101.002,201.002,0.26,5.23,0.25,15.0,0.28,10.0,0.29,10.0,0.72,10.0,0.71,10.0,0.74,5.23,0.75,15.0,0.02,0.02,43.457111,1776232100000
1776232102.202,202.202,0.26,5.23,0.25,15.0,0.28,10.0,0.29,10.0,0.72,10.0,0.71,10.0,0.74,5.23,0.75,15.0,0.02,0.02,43.452319,1776232101000
1776232103.371,203.371,0.26,5.23,0.25,15.0,0.28,10.0,0.29,10.0,0.72,10.0,0.71,10.0,0.74,5.23,0.75,15.0,0.02,0.02,43.455315,1776232102000
1776232103.931,203.931,0.26,5.23,0.25,15.0,0.28,10.0,0.29,10.0,0.72,10.0,0.71,10.0,0.74,5.23,0.75,15.0,0.02,0.02,43.455443,1776232103000
1776232105.546,205.546,0.26,5.23,0.25,15.0,0.28,10.0,0.29,10.0,0.72,10.0,0.71,10.0,0.74,5.23,0.75,15.0,0.02,0.02,43.459305,1776232104000
1776232106.021,206.021,0.26,5.23,0.25,15.0,0.28,10.0,0.29,10.0,0.72,10.0,0.71,10.0,0.74,5.23,0.75,15.0,0.02,0.02,43.464064,1776232105000
1776232107.09,207.09,0.26,5.23,0.25,15.0,0.28,10.0,0.29,10.0,0.72,10.0,0.71,10.0,0.74,5.23,0.75,15.0,0.02,0.02,43.470303,1776232106000
1776232108.082,208.082,0.26,5.23,0.25,15.0,0.28,10.0,0.29,10.0,0.72,10.0,0.71,10.0,0.74,5.23,0.75,15.0,0.02,0.02,43.47521,1776232107000
1776232108.573,208.573,0.75,33.0,0.53,15.0,0.8,15.0,0.81,15.0,0.72,10.0,0.71,10.0,0.74,5.23,0.75,15.0,0.05,0.02,43.47521,1776232107000
1776232109.172,209.172,0.75,33.0,0.53,15.0,0.8,15.0,0.81,15.0,0.2,15.0,0.19,15.0,0.25,33.0,0.47,15.0,0.05,0.05,43.475578,1776232108000
1776232110.067,210.067,0.75,33.0,0.53,15.0,0.8,15.0,0.81,15.0,0.2,15.0,0.19,15.0,0.25,33.0,0.47,15.0,0.05,0.05,43.478948,1776232109000
1776232111.144,211.144,0.75,33.0,0.53,15.0,0.8,15.0,0.81,15.0,0.2,15.0,0.19,15.0,0.25,33.0,0.47,15.0,0.05,0.05,43.483358,1776232110000
1776232112.126,212.126,0.75,33.0,0.53,15.0,0.8,15.0,0.81,15.0,0.2,15.0,0.19,15.0,0.25,33.0,0.47,15.0,0.05,0.05,43.485188,1776232111000
1776232113.151,213.151,0.75,33.0,0.53,15.0,0.8,15.0,0.81,15.0,0.2,15.0,0.19,15.0,0.25,33.0,0.47,15.0,0.05,0.05,43.486014,1776232112000
1776232114.316,214.316,0.75,33.0,0.53,15.0,0.8,15.0,0.81,15.0,0.2,15.0,0.19,15.0,0.25,33.0,0.47,15.0,0.05,0.05,43.487322,1776232113000
1776232115.321,215.321,0.75,33.0,0.53,15.0,0.8,15.0,0.81,15.0,0.2,15.0,0.19,15.0,0.25,33.0,0.47,15.0,0.05,0.05,43.487393,1776232114000
1776232116.32,216.32,0.75,33.0,0.53,15.0,0.8,15.0,0.81,15.0,0.2,15.0,0.19,15.0,0.25,33.0,0.47,15.0,0.05,0.05,43.487841,1776232115000
1776232116.734,216.734,0.6,10.0,0.55,15.0,0.74,10.94,0.75,15.0,0.2,15.0,0.19,15.0,0.25,33.0,0.47,15.0,0.14,0.05,43.487841,1776232115000
1776232117.312,217.312,0.6,10.0,0.55,15.0,0.74,10.94,0.75,15.0,0.26,10.94,0.25,15.0,0.4,10.0,0.45,15.0,0.14,0.14,43.487293,1776232116000
1776232118.847,218.847,0.6,10.0,0.55,15.0,0.74,10.94,0.75,15.0,0.26,10.94,0.25,15.0,0.4,10.0,0.45,15.0,0.14,0.14,43.479945,1776232117000
1776232119.412,219.412,0.6,10.0,0.55,15.0,0.74,10.94,0.75,15.0,0.26,10.94,0.25,15.0,0.4,10.0,0.45,15.0,0.14,0.14,43.47924,1776232118000
1776232120.443,220.443,0.6,10.0,0.55,15.0,0.74,10.94,0.75,15.0,0.26,10.94,0.25,15.0,0.4,10.0,0.45,15.0,0.14,0.14,43.47872,1776232119000
1776232121.112,221.112,0.6,10.0,0.55,15.0,0.74,10.94,0.75,15.0,0.26,10.94,0.25,15.0,0.4,10.0,0.45,15.0,0.14,0.14,43.478564,1776232120000
1776232122.035,222.035,0.6,10.0,0.55,15.0,0.74,10.94,0.75,15.0,0.26,10.94,0.25,15.0,0.4,10.0,0.45,15.0,0.14,0.14,43.477938,1776232121000
1776232123.077,223.077,0.6,10.0,0.55,15.0,0.74,10.94,0.75,15.0,0.26,10.94,0.25,15.0,0.4,10.0,0.45,15.0,0.14,0.14,43.479437,1776232122000
1776232124.103,224.103,0.6,10.0,0.55,15.0,0.74,10.94,0.75,15.0,0.26,10.94,0.25,15.0,0.4,10.0,0.45,15.0,0.14,0.14,43.479882,1776232123000
1776232125.259,225.259,0.6,10.0,0.55,15.0,0.74,10.94,0.75,15.0,0.26,10.94,0.25,15.0,0.4,10.0,0.45,15.0,0.14,0.14,43.479985,1776232124000
1776232126.268,226.268,0.6,10.0,0.55,15.0,0.74,10.94,0.75,15.0,0.26,10.94,0.25,15.0,0.4,10.0,0.45,15.0,0.14,0.14,43.480104,1776232125000
1776232127.273,227.273,0.6,10.0,0.55,15.0,0.74,10.94,0.75,15.0,0.26,10.94,0.25,15.0,0.4,10.0,0.45,15.0,0.14,0.14,43.483352,1776232126000
1776232128.337,228.337,0.6,10.0,0.55,15.0,0.74,10.94,0.75,15.0,0.26,10.94,0.25,15.0,0.4,10.0,0.45,15.0,0.14,0.14,43.482757,1776232127000
1776232129.402,229.402,0.6,10.0,0.55,15.0,0.74,10.94,0.75,15.0,0.26,10.94,0.25,15.0,0.4,10.0,0.45,15.0,0.14,0.14,43.482577,1776232128000
1776232129.885,229.885,0.6,10.0,0.55,15.0,0.74,10.94,0.75,15.0,0.26,10.94,0.25,15.0,0.4,10.0,0.45,15.0,0.14,0.14,43.482577,1776232129000
1776232131.027,231.027,0.6,10.0,0.55,15.0,0.74,10.94,0.75,15.0,0.26,10.94,0.25,15.0,0.4,10.0,0.45,15.0,0.14,0.14,43.481657,1776232130000
1776232132.733,232.733,0.6,10.0,0.55,15.0,0.74,10.94,0.75,15.0,0.26,10.94,0.25,15.0,0.4,10.0,0.45,15.0,0.14,0.14,43.468074,1776232131000
1776232133.392,233.392,0.6,10.0,0.55,15.0,0.74,10.94,0.75,15.0,0.26,10.94,0.25,15.0,0.4,10.0,0.45,15.0,0.14,0.14,43.465592,1776232132000
1776232134.426,234.426,0.6,10.0,0.55,15.0,0.74,10.94,0.75,15.0,0.26,10.94,0.25,15.0,0.4,10.0,0.45,15.0,0.14,0.14,43.464716,1776232133000
1776232135.006,235.006,0.6,10.0,0.55,15.0,0.74,10.94,0.75,15.0,0.26,10.94,0.25,15.0,0.4,10.0,0.45,15.0,0.14,0.14,43.464744,1776232134000
1776232136.088,236.088,0.6,10.0,0.55,15.0,0.74,10.94,0.75,15.0,0.26,10.94,0.25,15.0,0.4,10.0,0.45,15.0,0.14,0.14,43.464049,1776232135000
1776232137.288,237.288,0.6,10.0,0.55,15.0,0.74,10.94,0.75,15.0,0.26,10.94,0.25,15.0,0.4,10.0,0.45,15.0,0.14,0.14,43.461789,1776232136000
1776232138.308,238.308,0.6,10.0,0.55,15.0,0.74,10.94,0.75,15.0,0.26,10.94,0.25,15.0,0.4,10.0,0.45,15.0,0.14,0.14,43.462542,1776232137000
1776232139.042,239.042,0.6,10.0,0.55,15.0,0.74,10.94,0.75,15.0,0.26,10.94,0.25,15.0,0.4,10.0,0.45,15.0,0.14,0.14,43.464689,1776232138000
1776232140.13,240.13,0.6,10.0,0.55,15.0,0.74,10.94,0.75,15.0,0.26,10.94,0.25,15.0,0.4,10.0,0.45,15.0,0.14,0.14,43.468412,1776232139000
1776232141.212,241.212,0.6,10.0,0.55,15.0,0.74,10.94,0.75,15.0,0.26,10.94,0.25,15.0,0.4,10.0,0.45,15.0,0.14,0.14,43.464368,1776232140000
1776232142.396,242.396,0.6,10.0,0.55,15.0,0.74,10.94,0.75,15.0,0.26,10.94,0.25,15.0,0.4,10.0,0.45,15.0,0.14,0.14,43.463506,1776232141000
1776232143.34,243.34,0.6,10.0,0.55,15.0,0.74,10.94,0.75,15.0,0.26,10.94,0.25,15.0,0.4,10.0,0.45,15.0,0.14,0.14,43.461593,1776232142000
1776232144.057,244.057,0.6,10.0,0.55,15.0,0.74,10.94,0.75,15.0,0.26,10.94,0.25,15.0,0.4,10.0,0.45,15.0,0.14,0.14,43.461593,1776232143000
1776232145.006,245.006,0.6,10.0,0.55,15.0,0.74,10.94,0.75,15.0,0.26,10.94,0.25,15.0,0.4,10.0,0.45,15.0,0.14,0.14,43.461578,1776232144000
1776232146.087,246.087,0.6,10.0,0.55,15.0,0.74,10.94,0.75,15.0,0.26,10.94,0.25,15.0,0.4,10.0,0.45,15.0,0.14,0.14,43.467252,1776232145000
1776232147.097,247.097,0.6,10.0,0.55,15.0,0.74,10.94,0.75,15.0,0.26,10.94,0.25,15.0,0.4,10.0,0.45,15.0,0.14,0.14,43.472151,1776232146000
1776232148.554,248.554,0.6,10.0,0.55,15.0,0.74,10.94,0.75,15.0,0.26,10.94,0.25,15.0,0.4,10.0,0.45,15.0,0.14,0.14,43.474836,1776232147000
1776232149.03,249.03,0.6,10.0,0.55,15.0,0.74,10.94,0.75,15.0,0.26,10.94,0.25,15.0,0.4,10.0,0.45,15.0,0.14,0.14,43.474836,1776232148000
1776232150.497,250.497,0.6,10.0,0.55,15.0,0.74,10.94,0.75,15.0,0.26,10.94,0.25,15.0,0.4,10.0,0.45,15.0,0.14,0.14,43.475421,1776232149000
1776232151.037,251.037,0.6,10.0,0.55,15.0,0.74,10.94,0.75,15.0,0.26,10.94,0.25,15.0,0.4,10.0,0.45,15.0,0.14,0.14,43.475228,1776232150000
1776232152.287,252.287,0.6,10.0,0.55,15.0,0.74,10.94,0.75,15.0,0.26,10.94,0.25,15.0,0.4,10.0,0.45,15.0,0.14,0.14,43.472086,1776232151000
1776232153.389,253.389,0.6,10.0,0.55,15.0,0.74,10.94,0.75,15.0,0.26,10.94,0.25,15.0,0.4,10.0,0.45,15.0,0.14,0.14,43.469188,1776232152000
1776232153.928,253.928,0.6,10.0,0.55,15.0,0.74,10.94,0.75,15.0,0.26,10.94,0.25,15.0,0.4,10.0,0.45,15.0,0.14,0.14,43.469233,1776232153000
1776232155.155,255.155,0.6,10.0,0.55,15.0,0.74,10.94,0.75,15.0,0.26,10.94,0.25,15.0,0.4,10.0,0.45,15.0,0.14,0.14,43.465869,1776232154000
1776232156.222,256.222,0.6,10.0,0.55,15.0,0.74,10.94,0.75,15.0,0.26,10.94,0.25,15.0,0.4,10.0,0.45,15.0,0.14,0.14,43.464859,1776232155000
1776232157.506,257.506,0.6,10.0,0.55,15.0,0.74,10.94,0.75,15.0,0.26,10.94,0.25,15.0,0.4,10.0,0.45,15.0,0.14,0.14,43.464858,1776232156000
1776232158.013,258.013,0.6,10.0,0.55,15.0,0.74,10.94,0.75,15.0,0.26,10.94,0.25,15.0,0.4,10.0,0.45,15.0,0.14,0.14,43.4632,1776232157000
1776232159.199,259.199,0.6,10.0,0.55,15.0,0.74,10.94,0.75,15.0,0.26,10.94,0.25,15.0,0.4,10.0,0.45,15.0,0.14,0.14,43.461674,1776232158000
1776232160.428,260.428,0.6,10.0,0.55,15.0,0.74,10.94,0.75,15.0,0.26,10.94,0.25,15.0,0.4,10.0,0.45,15.0,0.14,0.14,43.461308,1776232159000
1776232161.526,261.526,0.6,10.0,0.55,15.0,0.74,10.94,0.75,15.0,0.26,10.94,0.25,15.0,0.4,10.0,0.45,15.0,0.14,0.14,43.459588,1776232160000
1776232162.636,262.636,0.6,10.0,0.55,15.0,0.74,10.94,0.75,15.0,0.26,10.94,0.25,15.0,0.4,10.0,0.45,15.0,0.14,0.14,43.459462,1776232161000
1776232163.119,263.119,0.6,10.0,0.55,15.0,0.74,10.94,0.75,15.0,0.26,10.94,0.25,15.0,0.4,10.0,0.45,15.0,0.14,0.14,43.460872,1776232162000
1776232164.111,264.111,0.68,10.0,0.52,15.0,0.83,11.42,0.84,15.0,0.17,11.42,0.16,15.0,0.32,10.0,0.48,15.0,0.15,0.15,43.461087,1776232163000
1776232165.124,265.124,0.68,10.0,0.52,15.0,0.83,11.42,0.84,15.0,0.17,11.42,0.16,15.0,0.32,10.0,0.48,15.0,0.15,0.15,43.46331,1776232164000
1776232166.191,266.191,0.68,10.0,0.52,15.0,0.83,11.42,0.84,15.0,0.17,11.42,0.16,15.0,0.32,10.0,0.48,15.0,0.15,0.15,43.469796,1776232165000
1776232167.164,267.164,0.68,10.0,0.52,15.0,0.83,11.42,0.84,15.0,0.17,11.42,0.16,15.0,0.32,10.0,0.48,15.0,0.15,0.15,43.46997,1776232166000
1776232168.302,268.302,0.68,10.0,0.52,15.0,0.83,11.42,0.84,15.0,0.17,11.42,0.16,15.0,0.32,10.0,0.48,15.0,0.15,0.15,43.470109,1776232167000
1776232169.328,269.328,0.68,10.0,0.52,15.0,0.83,11.42,0.84,15.0,0.17,11.42,0.16,15.0,0.32,10.0,0.48,15.0,0.15,0.15,43.471043,1776232168000
1776232170.332,270.332,0.68,10.0,0.52,15.0,0.83,11.42,0.84,15.0,0.17,11.42,0.16,15.0,0.32,10.0,0.48,15.0,0.15,0.15,43.470954,1776232169000
1776232170.865,270.865,0.68,10.0,0.52,15.0,0.83,11.42,0.84,15.0,0.17,11.42,0.16,15.0,0.32,10.0,0.48,15.0,0.15,0.15,43.470954,1776232170000
1776232171.932,271.932,0.68,10.0,0.52,15.0,0.83,11.42,0.84,15.0,0.17,11.42,0.16,15.0,0.32,10.0,0.48,15.0,0.15,0.15,43.471406,1776232171000
1776232173.034,273.034,0.68,10.0,0.52,15.0,0.83,11.42,0.84,15.0,0.17,11.42,0.16,15.0,0.32,10.0,0.48,15.0,0.15,0.15,43.470835,1776232172000
1776232173.994,273.994,0.68,10.0,0.52,15.0,0.83,11.42,0.84,15.0,0.17,11.42,0.16,15.0,0.32,10.0,0.48,15.0,0.15,0.15,43.473792,1776232173000
1776232175.175,275.175,0.68,10.0,0.52,15.0,0.83,11.42,0.84,15.0,0.17,11.42,0.16,15.0,0.32,10.0,0.48,15.0,0.15,0.15,43.475322,1776232174000
1776232176.111,276.111,0.68,10.0,0.52,15.0,0.83,11.42,0.84,15.0,0.17,11.42,0.16,15.0,0.32,10.0,0.48,15.0,0.15,0.15,43.476365,1776232175000
1776232177.405,277.405,0.68,10.0,0.52,15.0,0.83,11.42,0.84,15.0,0.17,11.42,0.16,15.0,0.32,10.0,0.48,15.0,0.15,0.15,43.476476,1776232176000
1776232178.078,278.078,0.68,10.0,0.52,15.0,0.83,11.42,0.84,15.0,0.17,11.42,0.16,15.0,0.32,10.0,0.48,15.0,0.15,0.15,43.476476,1776232177000
1776232179.294,279.294,0.68,10.0,0.52,15.0,0.83,11.42,0.84,15.0,0.17,11.42,0.16,15.0,0.32,10.0,0.48,15.0,0.15,0.15,43.475185,1776232178000
1776232180.673,280.673,0.68,10.0,0.52,15.0,0.83,11.42,0.84,15.0,0.17,11.42,0.16,15.0,0.32,10.0,0.48,15.0,0.15,0.15,43.473153,1776232179000
1776232181.202,281.202,0.68,10.0,0.52,15.0,0.83,11.42,0.84,15.0,0.17,11.42,0.16,15.0,0.32,10.0,0.48,15.0,0.15,0.15,43.473376,1776232180000
1776232181.996,281.996,0.77,9.48,0.59,10.0,0.96,269.0,0.98,10.0,0.17,11.42,0.16,15.0,0.32,10.0,0.48,15.0,0.19,0.15,43.473376,1776232180000
1776232182.583,282.583,0.77,9.48,0.59,10.0,0.96,269.0,0.98,10.0,0.04,269.0,0.02,10.0,0.23,9.48,0.41,10.0,0.19,0.19,43.475799,1776232181000
1776232183.194,283.194,0.77,9.48,0.59,10.0,0.96,269.0,0.98,10.0,0.04,269.0,0.02,10.0,0.23,9.48,0.41,10.0,0.19,0.19,43.475799,1776232182000
1776232183.836,283.836,0.59,10.0,0.15,100.0,0.96,269.0,0.98,10.0,0.04,269.0,0.02,10.0,0.23,9.48,0.41,10.0,0.37,0.19,43.475799,1776232182000
1776232184.614,284.614,0.59,10.0,0.15,100.0,0.96,269.0,0.98,10.0,0.04,269.0,0.02,10.0,0.41,10.0,0.85,100.0,0.37,0.37,43.469572,1776232183000
1776232185.287,285.287,0.59,10.0,0.15,100.0,0.96,269.0,0.98,10.0,0.04,269.0,0.02,10.0,0.41,10.0,0.85,100.0,0.37,0.37,43.468605,1776232184000
1776232186.414,286.414,0.59,10.0,0.15,100.0,0.96,269.0,0.98,10.0,0.04,269.0,0.02,10.0,0.41,10.0,0.85,100.0,0.37,0.37,43.46301,1776232185000
1776232187.046,287.046,0.59,10.0,0.15,100.0,0.96,269.0,0.98,10.0,0.04,269.0,0.02,10.0,0.41,10.0,0.85,100.0,0.37,0.37,43.462651,1776232186000
1776232188.357,288.357,0.59,10.0,0.15,100.0,0.96,269.0,0.98,10.0,0.04,269.0,0.02,10.0,0.41,10.0,0.85,100.0,0.37,0.37,43.464781,1776232187000
1776232189.031,289.031,0.59,10.0,0.15,100.0,0.96,269.0,0.98,10.0,0.04,269.0,0.02,10.0,0.41,10.0,0.85,100.0,0.37,0.37,43.464781,1776232188000
1776232190.296,290.296,0.59,10.0,0.15,100.0,0.96,269.0,0.98,10.0,0.04,269.0,0.02,10.0,0.41,10.0,0.85,100.0,0.37,0.37,43.462833,1776232189000
1776232191.377,291.377,0.8,10.0,0.1,100.0,0.96,1.9,0.98,110.0,0.04,269.0,0.02,10.0,0.41,10.0,0.85,100.0,0.16,0.37,43.462833,1776232189000
1776232192.654,292.654,0.8,10.0,0.1,100.0,0.96,1.9,0.98,110.0,0.04,1.9,0.02,110.0,0.2,10.0,0.9,100.0,0.16,0.16,43.462606,1776232191000
1776232193.235,293.235,0.8,10.0,0.1,100.0,0.96,1.9,0.98,110.0,0.04,1.9,0.02,110.0,0.2,10.0,0.9,100.0,0.16,0.16,43.462633,1776232192000
1776232193.739,293.739,0.91,17.0,0.1,100.0,0.98,108.83,0.99,1185.0,0.04,1.9,0.02,110.0,0.2,10.0,0.9,100.0,0.07,0.16,43.462633,1776232192000
1776232194.418,294.418,0.91,17.0,0.1,100.0,0.98,108.83,0.99,1185.0,0.02,108.83,0.01,1185.0,0.09,17.0,0.9,100.0,0.07,0.07,43.463585,1776232193000
1776232194.906,294.906,0.91,17.0,0.15,100.0,0.99,1273.53,,,0.02,108.83,0.01,1185.0,0.09,17.0,0.9,100.0,0.08,0.07,43.463585,1776232193000
1776232195.531,295.531,0.91,17.0,0.15,100.0,0.99,1273.53,,,0.01,1273.53,,,0.09,17.0,0.85,100.0,0.08,0.08,43.46747,1776232194000
1776232195.773,295.773,0.91,17.0,0.15,100.0,0.99,152.53,,,0.01,1273.53,,,0.09,17.0,0.85,100.0,0.08,0.08,43.46747,1776232194000
1776232196.126,296.126,0.91,17.0,0.15,100.0,0.99,152.53,,,0.01,152.53,,,0.09,17.0,0.85,100.0,0.08,0.08,43.480633,1776232195000
1776232196.458,296.458,0.91,17.0,0.04,5.0,0.99,19.37,,,0.01,34.53,,,0.09,17.0,0.96,5.0,0.08,0.08,43.480633,1776232195000
1776232196.882,296.882,0.91,17.0,0.04,5.0,0.99,16.23,,,0.01,18.26,,,0.09,17.0,0.96,5.0,0.08,0.08,43.480633,1776232195000
1776232197.14,297.14,0.91,17.0,0.04,5.0,0.99,11.23,,,0.01,16.23,,,0.09,17.0,0.96,5.0,0.08,0.08,43.480633,1776232195000
1776232197.383,297.383,0.91,17.0,0.04,5.0,0.99,1.67,,,0.01,11.23,,,0.09,17.0,0.96,5.0,0.08,0.08,43.480633,1776232196000
1776232198.4,298.4,0.91,17.0,0.04,5.0,,,,,,,,,0.09,17.0,0.96,5.0,,,43.481869,1776232197000
1776232199.368,299.368,0.91,17.0,0.04,5.0,,,,,,,,,0.09,17.0,0.96,5.0,,,43.481876,1776232198000
1776232199.862,299.862,0.99,179.3,0.91,17.0,,,,,,,,,0.01,179.3,0.09,17.0,,,43.486962,1776232199000
1776232201.041,301.041,0.99,179.3,0.91,17.0,,,,,,,,,0.01,179.3,0.09,17.0,,,43.487145,1776232200000
1776232202.209,302.209,0.99,179.3,0.91,17.0,,,,,,,,,0.01,179.3,0.09,17.0,,,43.487413,1776232201000

# RESULT,winner=Up,slug=hype-updown-5m-1776231900,ticks=326
