timestamp,elapsed_sec,up_bid_p1,up_bid_s1,up_bid_p2,up_bid_s2,up_ask_p1,up_ask_s1,up_ask_p2,up_ask_s2,down_bid_p1,down_bid_s1,down_bid_p2,down_bid_s2,down_ask_p1,down_ask_s1,down_ask_p2,down_ask_s2,up_spread,down_spread,hype_price,hype_oracle_ts
1776223811.348,11.348,0.5,5.0,0.43,10.0,0.6,10.0,0.75,5.0,0.4,10.0,0.25,5.0,0.5,5.0,0.57,10.0,0.1,0.1,44.038587,1776223810000
1776223811.688,11.688,0.5,5.0,0.43,10.0,0.6,10.0,0.75,5.0,0.4,10.0,0.38,5.0,0.5,5.0,0.57,10.0,0.1,0.1,44.038587,1776223810000
1776223812.124,12.124,0.5,5.0,0.43,10.0,0.6,10.0,0.62,5.0,0.4,10.0,0.38,5.0,0.5,5.0,0.57,10.0,0.1,0.1,44.03894,1776223811000
1776223813.264,13.264,0.5,5.0,0.43,10.0,0.6,10.0,0.62,5.0,0.4,10.0,0.38,5.0,0.5,5.0,0.57,10.0,0.1,0.1,44.039066,1776223812000
1776223814.418,14.418,0.5,5.0,0.43,10.0,0.6,10.0,0.62,5.0,0.4,10.0,0.38,5.0,0.5,5.0,0.57,10.0,0.1,0.1,44.034022,1776223813000
1776223815.117,15.117,0.5,5.0,0.43,10.0,0.6,10.0,0.62,5.0,0.4,10.0,0.38,5.0,0.5,5.0,0.57,10.0,0.1,0.1,44.032532,1776223814000
1776223816.329,16.329,0.5,5.0,0.43,10.0,0.6,10.0,0.62,5.0,0.4,10.0,0.38,5.0,0.5,5.0,0.57,10.0,0.1,0.1,44.032527,1776223815000
1776223817.371,17.371,0.5,5.0,0.43,10.0,0.6,10.0,0.62,5.0,0.4,10.0,0.38,5.0,0.5,5.0,0.57,10.0,0.1,0.1,44.032801,1776223816000
1776223817.917,17.917,0.5,5.0,0.43,10.0,0.6,10.0,0.62,5.0,0.4,10.0,0.38,5.0,0.5,5.0,0.57,10.0,0.1,0.1,44.03278,1776223817000
1776223818.881,18.881,0.5,5.0,0.43,10.0,0.6,10.0,0.62,5.0,0.4,10.0,0.38,5.0,0.5,5.0,0.57,10.0,0.1,0.1,44.03183,1776223818000
1776223819.912,19.912,0.5,5.0,0.43,10.0,0.6,10.0,0.62,5.0,0.4,10.0,0.38,5.0,0.5,5.0,0.57,10.0,0.1,0.1,44.031981,1776223819000
1776223820.905,20.905,0.5,5.0,0.43,10.0,0.6,10.0,0.62,5.0,0.4,10.0,0.38,5.0,0.5,5.0,0.57,10.0,0.1,0.1,44.031981,1776223820000
1776223821.87,21.87,0.5,5.0,0.43,10.0,0.6,10.0,0.62,5.0,0.4,10.0,0.38,5.0,0.5,5.0,0.57,10.0,0.1,0.1,44.031981,1776223821000
1776223822.928,22.928,0.5,5.0,0.43,10.0,0.6,10.0,0.62,5.0,0.4,10.0,0.38,5.0,0.5,5.0,0.57,10.0,0.1,0.1,44.032111,1776223822000
1776223823.933,23.933,0.5,5.0,0.43,10.0,0.6,10.0,0.62,5.0,0.4,10.0,0.38,5.0,0.5,5.0,0.57,10.0,0.1,0.1,44.03728,1776223823000
1776223824.89,24.89,0.5,5.0,0.43,10.0,0.6,10.0,0.62,5.0,0.4,10.0,0.38,5.0,0.5,5.0,0.57,10.0,0.1,0.1,44.040622,1776223824000
1776223825.917,25.917,0.5,5.0,0.43,10.0,0.6,10.0,0.62,5.0,0.4,10.0,0.38,5.0,0.5,5.0,0.57,10.0,0.1,0.1,44.042312,1776223825000
1776223826.754,26.754,0.4,4.21,0.39,5.0,0.51,10.0,0.64,5.0,0.4,10.0,0.38,5.0,0.5,5.0,0.57,10.0,0.11,0.1,44.042312,1776223825000
1776223827.924,27.924,0.4,4.21,0.39,5.0,0.51,10.0,0.64,5.0,0.49,10.0,0.36,5.0,0.6,4.21,0.61,5.0,0.11,0.11,44.043168,1776223827000
1776223828.571,28.571,0.25,1.04,0.18,10.0,0.35,10.0,0.75,5.0,0.49,10.0,0.36,5.0,0.6,4.21,0.61,5.0,0.1,0.11,44.043168,1776223827000
1776223828.901,28.901,0.25,1.04,0.18,10.0,0.35,10.0,0.75,5.0,0.65,10.0,0.25,5.0,0.75,1.04,0.82,10.0,0.1,0.1,44.040931,1776223828000
1776223829.252,29.252,0.25,1.04,0.19,10.0,0.36,5.0,0.4,5.0,0.65,10.0,0.25,5.0,0.75,1.04,0.82,10.0,0.11,0.1,44.040931,1776223828000
1776223830.402,30.402,0.25,1.04,0.19,10.0,0.36,5.0,0.4,5.0,0.64,5.0,0.6,5.0,0.75,1.04,0.81,10.0,0.11,0.11,44.020992,1776223829000
1776223830.88,30.88,0.25,1.04,0.19,10.0,0.36,5.0,0.4,5.0,0.64,5.0,0.6,5.0,0.75,1.04,0.81,10.0,0.11,0.11,44.010435,1776223830000
1776223831.849,31.849,0.25,1.04,0.19,10.0,0.36,5.0,0.4,5.0,0.64,5.0,0.6,5.0,0.75,1.04,0.81,10.0,0.11,0.11,44.005385,1776223831000
1776223832.889,32.889,0.25,1.04,0.19,10.0,0.36,5.0,0.4,5.0,0.64,5.0,0.6,5.0,0.75,1.04,0.81,10.0,0.11,0.11,44.004907,1776223832000
1776223833.883,33.883,0.25,1.04,0.19,10.0,0.36,5.0,0.4,5.0,0.64,5.0,0.6,5.0,0.75,1.04,0.81,10.0,0.11,0.11,44.004907,1776223833000
1776223834.905,34.905,0.25,1.04,0.19,10.0,0.36,5.0,0.4,5.0,0.64,5.0,0.6,5.0,0.75,1.04,0.81,10.0,0.11,0.11,44.002272,1776223834000
1776223835.936,35.936,0.25,1.04,0.19,10.0,0.36,5.0,0.4,5.0,0.64,5.0,0.6,5.0,0.75,1.04,0.81,10.0,0.11,0.11,44.003577,1776223835000
1776223836.847,36.847,0.25,1.04,0.19,10.0,0.36,5.0,0.4,5.0,0.64,5.0,0.6,5.0,0.75,1.04,0.81,10.0,0.11,0.11,44.002963,1776223836000
1776223838.852,38.852,0.25,1.04,0.19,10.0,0.36,5.0,0.4,5.0,0.64,5.0,0.6,5.0,0.75,1.04,0.81,10.0,0.11,0.11,44.001913,1776223837000
1776223839.374,39.374,0.25,1.04,0.19,10.0,0.36,5.0,0.4,5.0,0.64,5.0,0.6,5.0,0.75,1.04,0.81,10.0,0.11,0.11,44.001913,1776223838000
1776223839.939,39.939,0.25,1.04,0.19,10.0,0.36,5.0,0.4,5.0,0.64,5.0,0.6,5.0,0.75,1.04,0.81,10.0,0.11,0.11,44.001287,1776223839000
1776223841.04,41.04,0.25,1.04,0.19,10.0,0.36,5.0,0.4,5.0,0.64,5.0,0.6,5.0,0.75,1.04,0.81,10.0,0.11,0.11,44.001617,1776223840000
1776223842.183,42.183,0.25,1.04,0.19,10.0,0.36,5.0,0.4,5.0,0.64,5.0,0.6,5.0,0.75,1.04,0.81,10.0,0.11,0.11,44.006113,1776223841000
1776223843.222,43.222,0.25,1.04,0.19,10.0,0.36,5.0,0.4,5.0,0.64,5.0,0.6,5.0,0.75,1.04,0.81,10.0,0.11,0.11,44.004404,1776223842000
1776223844.285,44.285,0.25,1.04,0.19,10.0,0.36,5.0,0.4,5.0,0.64,5.0,0.6,5.0,0.75,1.04,0.81,10.0,0.11,0.11,44.00363,1776223843000
1776223845.375,45.375,0.25,1.04,0.19,10.0,0.36,5.0,0.4,5.0,0.64,5.0,0.6,5.0,0.75,1.04,0.81,10.0,0.11,0.11,44.007008,1776223844000
1776223845.877,45.877,0.25,1.04,0.19,10.0,0.36,5.0,0.4,5.0,0.64,5.0,0.6,5.0,0.75,1.04,0.81,10.0,0.11,0.11,44.007008,1776223845000
1776223846.919,46.919,0.25,1.04,0.19,10.0,0.36,5.0,0.4,5.0,0.64,5.0,0.6,5.0,0.75,1.04,0.81,10.0,0.11,0.11,44.004513,1776223846000
1776223848.044,48.044,0.25,1.04,0.19,10.0,0.36,5.0,0.4,5.0,0.64,5.0,0.6,5.0,0.75,1.04,0.81,10.0,0.11,0.11,44.006645,1776223847000
1776223849.163,49.163,0.25,1.04,0.19,10.0,0.36,5.0,0.4,5.0,0.64,5.0,0.6,5.0,0.75,1.04,0.81,10.0,0.11,0.11,44.009496,1776223848000
1776223850.269,50.269,0.25,1.04,0.19,10.0,0.36,5.0,0.4,5.0,0.64,5.0,0.6,5.0,0.75,1.04,0.81,10.0,0.11,0.11,44.006739,1776223849000
1776223851.202,51.202,0.25,1.04,0.19,10.0,0.36,5.0,0.4,5.0,0.64,5.0,0.6,5.0,0.75,1.04,0.81,10.0,0.11,0.11,44.004208,1776223850000
1776223852.309,52.309,0.25,1.04,0.19,10.0,0.36,5.0,0.4,5.0,0.64,5.0,0.6,5.0,0.75,1.04,0.81,10.0,0.11,0.11,44.00571,1776223851000
1776223853.365,53.365,0.25,1.04,0.19,10.0,0.36,5.0,0.4,5.0,0.64,5.0,0.6,5.0,0.75,1.04,0.81,10.0,0.11,0.11,44.006949,1776223852000
1776223853.856,53.856,0.25,1.04,0.19,10.0,0.36,5.0,0.4,5.0,0.64,5.0,0.6,5.0,0.75,1.04,0.81,10.0,0.11,0.11,44.006949,1776223853000
1776223855.021,55.021,0.25,1.04,0.19,10.0,0.36,5.0,0.4,5.0,0.64,5.0,0.6,5.0,0.75,1.04,0.81,10.0,0.11,0.11,44.001776,1776223854000
1776223856.047,56.047,0.25,1.04,0.19,10.0,0.36,5.0,0.4,5.0,0.64,5.0,0.6,5.0,0.75,1.04,0.81,10.0,0.11,0.11,43.995956,1776223855000
1776223857.14,57.14,0.25,1.04,0.19,10.0,0.36,5.0,0.4,5.0,0.64,5.0,0.6,5.0,0.75,1.04,0.81,10.0,0.11,0.11,43.994077,1776223856000
1776223858.078,58.078,0.25,1.04,0.19,10.0,0.36,5.0,0.4,5.0,0.64,5.0,0.6,5.0,0.75,1.04,0.81,10.0,0.11,0.11,43.994026,1776223857000
1776223859.132,59.132,0.25,1.04,0.19,10.0,0.36,5.0,0.4,5.0,0.64,5.0,0.6,5.0,0.75,1.04,0.81,10.0,0.11,0.11,43.995013,1776223858000
1776223860.088,60.088,0.25,1.04,0.19,10.0,0.36,5.0,0.4,5.0,0.64,5.0,0.6,5.0,0.75,1.04,0.81,10.0,0.11,0.11,43.99338,1776223859000
1776223861.049,61.049,0.25,1.04,0.19,10.0,0.36,5.0,0.4,5.0,0.64,5.0,0.6,5.0,0.75,1.04,0.81,10.0,0.11,0.11,43.993024,1776223860000
1776223862.021,62.021,0.25,1.04,0.19,10.0,0.36,5.0,0.4,5.0,0.64,5.0,0.6,5.0,0.75,1.04,0.81,10.0,0.11,0.11,43.992805,1776223861000
1776223863.16,63.16,0.25,1.04,0.19,10.0,0.36,5.0,0.4,5.0,0.64,5.0,0.6,5.0,0.75,1.04,0.81,10.0,0.11,0.11,43.993094,1776223862000
1776223864.08,64.08,0.25,1.04,0.19,10.0,0.36,5.0,0.4,5.0,0.64,5.0,0.6,5.0,0.75,1.04,0.81,10.0,0.11,0.11,43.992652,1776223863000
1776223865.028,65.028,0.25,1.04,0.19,10.0,0.36,5.0,0.4,5.0,0.64,5.0,0.6,5.0,0.75,1.04,0.81,10.0,0.11,0.11,43.995011,1776223864000
1776223866.027,66.027,0.25,1.04,0.19,10.0,0.36,5.0,0.4,5.0,0.64,5.0,0.6,5.0,0.75,1.04,0.81,10.0,0.11,0.11,43.991856,1776223865000
1776223867.069,67.069,0.25,1.04,0.19,10.0,0.36,5.0,0.4,5.0,0.64,5.0,0.6,5.0,0.75,1.04,0.81,10.0,0.11,0.11,43.991438,1776223866000
1776223868.014,68.014,0.25,1.04,0.19,10.0,0.36,5.0,0.4,5.0,0.64,5.0,0.6,5.0,0.75,1.04,0.81,10.0,0.11,0.11,43.991582,1776223867000
1776223868.992,68.992,0.25,1.04,0.19,10.0,0.36,5.0,0.4,5.0,0.64,5.0,0.6,5.0,0.75,1.04,0.81,10.0,0.11,0.11,43.991294,1776223868000
1776223869.995,69.995,0.25,1.04,0.19,10.0,0.36,5.0,0.4,5.0,0.64,5.0,0.6,5.0,0.75,1.04,0.81,10.0,0.11,0.11,43.991174,1776223869000
1776223870.952,70.952,0.25,1.04,0.19,10.0,0.36,5.0,0.4,5.0,0.64,5.0,0.6,5.0,0.75,1.04,0.81,10.0,0.11,0.11,43.991438,1776223870000
1776223872.315,72.315,0.25,1.04,0.19,10.0,0.36,5.0,0.4,5.0,0.64,5.0,0.6,5.0,0.75,1.04,0.81,10.0,0.11,0.11,43.99189,1776223871000
1776223873.494,73.494,0.25,1.04,0.19,10.0,0.36,5.0,0.4,5.0,0.64,5.0,0.6,5.0,0.75,1.04,0.81,10.0,0.11,0.11,43.99114,1776223872000
1776223874.162,74.162,0.25,1.04,0.19,10.0,0.36,5.0,0.4,5.0,0.64,5.0,0.6,5.0,0.75,1.04,0.81,10.0,0.11,0.11,43.991145,1776223873000
1776223875.301,75.301,0.25,1.04,0.19,10.0,0.36,5.0,0.4,5.0,0.64,5.0,0.6,5.0,0.75,1.04,0.81,10.0,0.11,0.11,43.992449,1776223874000
1776223876.348,76.348,0.25,1.04,0.19,10.0,0.36,5.0,0.4,5.0,0.64,5.0,0.6,5.0,0.75,1.04,0.81,10.0,0.11,0.11,43.992245,1776223875000
1776223876.97,76.97,0.25,1.04,0.19,10.0,0.36,5.0,0.4,5.0,0.64,5.0,0.6,5.0,0.75,1.04,0.81,10.0,0.11,0.11,43.992328,1776223876000
1776223878.168,78.168,0.25,1.04,0.19,10.0,0.36,5.0,0.4,5.0,0.64,5.0,0.6,5.0,0.75,1.04,0.81,10.0,0.11,0.11,43.992328,1776223877000
1776223879.962,79.962,0.25,1.04,0.19,10.0,0.36,5.0,0.4,5.0,0.64,5.0,0.6,5.0,0.75,1.04,0.81,10.0,0.11,0.11,43.992834,1776223878000
1776223880.431,80.431,0.25,1.04,0.19,10.0,0.36,5.0,0.4,5.0,0.64,5.0,0.6,5.0,0.75,1.04,0.81,10.0,0.11,0.11,43.992691,1776223879000
1776223880.991,80.991,0.25,1.04,0.19,10.0,0.36,5.0,0.4,5.0,0.64,5.0,0.6,5.0,0.75,1.04,0.81,10.0,0.11,0.11,43.999848,1776223880000
1776223882.198,82.198,0.25,1.04,0.19,10.0,0.36,5.0,0.4,5.0,0.64,5.0,0.6,5.0,0.75,1.04,0.81,10.0,0.11,0.11,44.005946,1776223881000
1776223883.418,83.418,0.25,1.04,0.19,10.0,0.36,5.0,0.4,5.0,0.64,5.0,0.6,5.0,0.75,1.04,0.81,10.0,0.11,0.11,44.006961,1776223882000
1776223884.02,84.02,0.25,1.04,0.19,10.0,0.36,5.0,0.4,5.0,0.64,5.0,0.6,5.0,0.75,1.04,0.81,10.0,0.11,0.11,44.00696,1776223883000
1776223885.203,85.203,0.25,1.04,0.19,10.0,0.36,5.0,0.4,5.0,0.64,5.0,0.6,5.0,0.75,1.04,0.81,10.0,0.11,0.11,44.006953,1776223884000
1776223887.443,87.443,0.25,1.04,0.19,10.0,0.36,5.0,0.4,5.0,0.64,5.0,0.6,5.0,0.75,1.04,0.81,10.0,0.11,0.11,44.006958,1776223885000
1776223888.388,88.388,0.25,1.04,0.19,10.0,0.36,5.0,0.4,5.0,0.64,5.0,0.6,5.0,0.75,1.04,0.81,10.0,0.11,0.11,44.006958,1776223887000
1776223889.276,89.276,0.25,1.04,0.19,10.0,0.36,5.0,0.4,5.0,0.64,5.0,0.6,5.0,0.75,1.04,0.81,10.0,0.11,0.11,44.006798,1776223888000
1776223890.924,90.924,0.33,15.0,0.32,15.0,0.38,10.0,0.4,5.0,0.62,10.0,0.6,5.0,0.67,15.0,0.68,15.0,0.05,0.05,44.006497,1776223889000
1776223891.926,91.926,0.33,15.0,0.32,15.0,0.38,10.0,0.4,5.0,0.62,10.0,0.6,5.0,0.67,15.0,0.68,15.0,0.05,0.05,44.006683,1776223890000
1776223892.898,92.898,0.33,15.0,0.32,15.0,0.38,10.0,0.4,5.0,0.62,10.0,0.6,5.0,0.67,15.0,0.68,15.0,0.05,0.05,44.009466,1776223891000
1776223893.645,93.645,0.33,15.0,0.32,15.0,0.38,10.0,0.4,5.0,0.62,10.0,0.6,5.0,0.67,15.0,0.68,15.0,0.05,0.05,44.009611,1776223892000
1776223894.278,94.278,0.33,15.0,0.32,15.0,0.38,10.0,0.4,5.0,0.62,10.0,0.6,5.0,0.67,15.0,0.68,15.0,0.05,0.05,44.010337,1776223893000
1776223895.571,95.571,0.33,15.0,0.32,15.0,0.38,10.0,0.4,5.0,0.62,10.0,0.6,5.0,0.67,15.0,0.68,15.0,0.05,0.05,44.012471,1776223894000
1776223896.304,96.304,0.33,15.0,0.32,15.0,0.38,10.0,0.4,5.0,0.62,10.0,0.6,5.0,0.67,15.0,0.68,15.0,0.05,0.05,44.012614,1776223895000
1776223897.097,97.097,0.33,15.0,0.32,15.0,0.38,10.0,0.4,5.0,0.62,10.0,0.6,5.0,0.67,15.0,0.68,15.0,0.05,0.05,44.012585,1776223896000
1776223898.784,98.784,0.33,15.0,0.32,15.0,0.38,10.0,0.4,5.0,0.62,10.0,0.6,5.0,0.67,15.0,0.68,15.0,0.05,0.05,44.01772,1776223897000
1776223899.634,99.634,0.33,15.0,0.32,15.0,0.38,10.0,0.4,5.0,0.62,10.0,0.6,5.0,0.67,15.0,0.68,15.0,0.05,0.05,44.017766,1776223898000
1776223900.525,100.525,0.33,15.0,0.32,15.0,0.38,10.0,0.4,5.0,0.62,10.0,0.6,5.0,0.67,15.0,0.68,15.0,0.05,0.05,44.017939,1776223899000
1776223901.116,101.116,0.33,15.0,0.32,15.0,0.38,10.0,0.4,5.0,0.62,10.0,0.6,5.0,0.67,15.0,0.68,15.0,0.05,0.05,44.017939,1776223900000
1776223902.832,102.832,0.33,15.0,0.32,15.0,0.38,10.0,0.4,5.0,0.62,10.0,0.6,5.0,0.67,15.0,0.68,15.0,0.05,0.05,44.017893,1776223901000
1776223903.786,103.786,0.33,15.0,0.32,15.0,0.38,10.0,0.4,5.0,0.62,10.0,0.6,5.0,0.67,15.0,0.68,15.0,0.05,0.05,44.017893,1776223902000
1776223904.79,104.79,0.33,15.0,0.32,15.0,0.38,10.0,0.4,5.0,0.62,10.0,0.6,5.0,0.67,15.0,0.68,15.0,0.05,0.05,44.017893,1776223903000
1776223905.384,105.384,0.33,15.0,0.32,15.0,0.38,10.0,0.4,5.0,0.62,10.0,0.6,5.0,0.67,15.0,0.68,15.0,0.05,0.05,44.017893,1776223904000
1776223906.124,106.124,0.33,15.0,0.32,15.0,0.38,10.0,0.4,5.0,0.62,10.0,0.6,5.0,0.67,15.0,0.68,15.0,0.05,0.05,44.017871,1776223905000
1776223908.094,108.094,0.33,15.0,0.32,15.0,0.38,10.0,0.4,5.0,0.62,10.0,0.6,5.0,0.67,15.0,0.68,15.0,0.05,0.05,44.018105,1776223906000
1776223908.678,108.678,0.33,15.0,0.32,15.0,0.38,10.0,0.4,5.0,0.62,10.0,0.6,5.0,0.67,15.0,0.68,15.0,0.05,0.05,44.01809,1776223907000
1776223909.319,109.319,0.33,15.0,0.32,15.0,0.38,10.0,0.4,5.0,0.62,10.0,0.6,5.0,0.67,15.0,0.68,15.0,0.05,0.05,44.019705,1776223908000
1776223910.799,110.799,0.33,15.0,0.32,15.0,0.38,10.0,0.4,5.0,0.62,10.0,0.6,5.0,0.67,15.0,0.68,15.0,0.05,0.05,44.01968,1776223909000
1776223911.242,111.242,0.33,15.0,0.32,15.0,0.38,10.0,0.4,5.0,0.62,10.0,0.6,5.0,0.67,15.0,0.68,15.0,0.05,0.05,44.019686,1776223910000
1776223912.543,112.543,0.33,15.0,0.32,15.0,0.38,10.0,0.4,5.0,0.62,10.0,0.6,5.0,0.67,15.0,0.68,15.0,0.05,0.05,44.020277,1776223911000
1776223913.097,113.097,0.33,15.0,0.32,15.0,0.38,10.0,0.4,5.0,0.62,10.0,0.6,5.0,0.67,15.0,0.68,15.0,0.05,0.05,44.020277,1776223912000
1776223914.397,114.397,0.33,15.0,0.32,15.0,0.38,10.0,0.4,5.0,0.62,10.0,0.6,5.0,0.67,15.0,0.68,15.0,0.05,0.05,44.022109,1776223913000
1776223914.988,114.988,0.33,15.0,0.32,15.0,0.38,10.0,0.4,5.0,0.62,10.0,0.6,5.0,0.67,15.0,0.68,15.0,0.05,0.05,44.020239,1776223914000
1776223916.284,116.284,0.33,15.0,0.32,15.0,0.38,10.0,0.4,5.0,0.62,10.0,0.6,5.0,0.67,15.0,0.68,15.0,0.05,0.05,44.020214,1776223915000
1776223917.35,117.35,0.33,15.0,0.32,15.0,0.38,10.0,0.4,5.0,0.62,10.0,0.6,5.0,0.67,15.0,0.68,15.0,0.05,0.05,44.020158,1776223916000
1776223917.843,117.843,0.33,15.0,0.32,15.0,0.38,10.0,0.4,5.0,0.62,10.0,0.6,5.0,0.67,15.0,0.68,15.0,0.05,0.05,44.02022,1776223917000
1776223919.048,119.048,0.33,15.0,0.32,15.0,0.38,10.0,0.4,5.0,0.62,10.0,0.6,5.0,0.67,15.0,0.68,15.0,0.05,0.05,44.02022,1776223918000
1776223920.205,120.205,0.33,15.0,0.32,15.0,0.38,10.0,0.4,5.0,0.62,10.0,0.6,5.0,0.67,15.0,0.68,15.0,0.05,0.05,44.020587,1776223919000
1776223920.888,120.888,0.38,15.0,0.37,15.0,0.48,3.54,0.52,15.0,0.62,10.0,0.6,5.0,0.67,15.0,0.68,15.0,0.1,0.05,44.020587,1776223919000
1776223921.407,121.407,0.38,15.0,0.37,15.0,0.48,3.54,0.52,15.0,0.52,3.54,0.48,15.0,0.62,15.0,0.63,15.0,0.1,0.1,44.019999,1776223920000
1776223921.906,121.906,0.38,15.0,0.37,15.0,0.48,3.54,0.52,15.0,0.52,3.54,0.48,15.0,0.62,15.0,0.63,15.0,0.1,0.1,44.020061,1776223921000
1776223923.47,123.47,0.38,15.0,0.37,15.0,0.48,3.54,0.52,15.0,0.52,3.54,0.48,15.0,0.62,15.0,0.63,15.0,0.1,0.1,44.019679,1776223922000
1776223924.291,124.291,0.38,15.0,0.37,15.0,0.48,3.54,0.52,15.0,0.52,3.54,0.48,15.0,0.62,15.0,0.63,15.0,0.1,0.1,44.02021,1776223923000
1776223924.659,124.659,0.26,10.98,0.25,16.04,0.38,10.0,0.5,15.0,0.52,3.54,0.48,15.0,0.62,15.0,0.63,15.0,0.12,0.1,44.02021,1776223923000
1776223925.999,125.999,0.26,10.98,0.25,16.04,0.38,10.0,0.5,15.0,0.62,10.0,0.5,15.0,0.74,10.98,0.75,16.04,0.12,0.12,44.012792,1776223925000
1776223927.225,127.225,0.26,10.98,0.25,16.04,0.38,10.0,0.5,15.0,0.62,10.0,0.5,15.0,0.74,10.98,0.75,16.04,0.12,0.12,44.011504,1776223926000
1776223928.341,128.341,0.26,10.98,0.25,16.04,0.38,10.0,0.5,15.0,0.62,10.0,0.5,15.0,0.74,10.98,0.75,16.04,0.12,0.12,44.010485,1776223927000
1776223928.912,128.912,0.26,10.98,0.25,16.04,0.38,10.0,0.5,15.0,0.62,10.0,0.5,15.0,0.74,10.98,0.75,16.04,0.12,0.12,44.011214,1776223928000
1776223930.073,130.073,0.26,10.98,0.25,16.04,0.38,10.0,0.5,15.0,0.62,10.0,0.5,15.0,0.74,10.98,0.75,16.04,0.12,0.12,44.010104,1776223929000
1776223931.142,131.142,0.26,10.98,0.25,16.04,0.38,10.0,0.5,15.0,0.62,10.0,0.5,15.0,0.74,10.98,0.75,16.04,0.12,0.12,44.010519,1776223930000
1776223932.457,132.457,0.26,10.98,0.25,16.04,0.38,10.0,0.5,15.0,0.62,10.0,0.5,15.0,0.74,10.98,0.75,16.04,0.12,0.12,44.010456,1776223931000
1776223933.123,133.123,0.26,10.98,0.25,16.04,0.38,10.0,0.5,15.0,0.62,10.0,0.5,15.0,0.74,10.98,0.75,16.04,0.12,0.12,44.012138,1776223932000
1776223934.168,134.168,0.26,10.98,0.25,16.04,0.38,10.0,0.5,15.0,0.62,10.0,0.5,15.0,0.74,10.98,0.75,16.04,0.12,0.12,44.01212,1776223933000
1776223935.584,135.584,0.26,10.98,0.25,16.04,0.38,10.0,0.5,15.0,0.62,10.0,0.5,15.0,0.74,10.98,0.75,16.04,0.12,0.12,44.012213,1776223934000
1776223936.072,136.072,0.26,10.98,0.25,16.04,0.38,10.0,0.5,15.0,0.62,10.0,0.5,15.0,0.74,10.98,0.75,16.04,0.12,0.12,44.01182,1776223935000
1776223937.148,137.148,0.26,10.98,0.25,16.04,0.38,10.0,0.5,15.0,0.62,10.0,0.5,15.0,0.74,10.98,0.75,16.04,0.12,0.12,44.011613,1776223936000
1776223937.956,137.956,0.28,8.79,0.27,15.0,0.38,10.0,0.41,15.0,0.62,10.0,0.5,15.0,0.74,10.98,0.75,16.04,0.1,0.12,44.011613,1776223936000
1776223938.745,138.745,0.28,8.79,0.27,15.0,0.38,10.0,0.41,15.0,0.62,10.0,0.59,15.0,0.72,8.79,0.73,15.0,0.1,0.1,44.011448,1776223937000
1776223939.287,139.287,0.28,8.79,0.27,15.0,0.38,10.0,0.41,15.0,0.62,10.0,0.59,15.0,0.72,8.79,0.73,15.0,0.1,0.1,44.011348,1776223938000
1776223940.199,140.199,0.28,8.79,0.27,15.0,0.38,10.0,0.41,15.0,0.62,10.0,0.59,15.0,0.72,8.79,0.73,15.0,0.1,0.1,44.011291,1776223939000
1776223941.254,141.254,0.28,8.79,0.27,15.0,0.38,10.0,0.41,15.0,0.62,10.0,0.59,15.0,0.72,8.79,0.73,15.0,0.1,0.1,44.011298,1776223940000
1776223942.209,142.209,0.28,8.79,0.27,15.0,0.38,10.0,0.41,15.0,0.62,10.0,0.59,15.0,0.72,8.79,0.73,15.0,0.1,0.1,44.011296,1776223941000
1776223943.182,143.182,0.28,8.79,0.27,15.0,0.38,10.0,0.41,15.0,0.62,10.0,0.59,15.0,0.72,8.79,0.73,15.0,0.1,0.1,44.010561,1776223942000
1776223944.296,144.296,0.28,8.79,0.27,15.0,0.38,10.0,0.41,15.0,0.62,10.0,0.59,15.0,0.72,8.79,0.73,15.0,0.1,0.1,44.010799,1776223943000
1776223945.416,145.416,0.28,8.79,0.27,15.0,0.38,10.0,0.41,15.0,0.62,10.0,0.59,15.0,0.72,8.79,0.73,15.0,0.1,0.1,44.010654,1776223944000
1776223946.043,146.043,0.28,8.79,0.27,15.0,0.38,10.0,0.41,15.0,0.62,10.0,0.59,15.0,0.72,8.79,0.73,15.0,0.1,0.1,44.010754,1776223945000
1776223946.902,146.902,0.28,8.79,0.27,15.0,0.38,10.0,0.41,15.0,0.62,10.0,0.59,15.0,0.72,8.79,0.73,15.0,0.1,0.1,44.010972,1776223946000
1776223948.003,148.003,0.28,8.79,0.27,15.0,0.38,10.0,0.41,15.0,0.62,10.0,0.59,15.0,0.72,8.79,0.73,15.0,0.1,0.1,44.012172,1776223947000
1776223948.984,148.984,0.28,8.79,0.27,15.0,0.38,10.0,0.41,15.0,0.62,10.0,0.59,15.0,0.72,8.79,0.73,15.0,0.1,0.1,44.012454,1776223948000
1776223950.002,150.002,0.28,8.79,0.27,15.0,0.38,10.0,0.41,15.0,0.62,10.0,0.59,15.0,0.72,8.79,0.73,15.0,0.1,0.1,44.012174,1776223949000
1776223950.975,150.975,0.28,8.79,0.27,15.0,0.38,10.0,0.41,15.0,0.62,10.0,0.59,15.0,0.72,8.79,0.73,15.0,0.1,0.1,44.01873,1776223950000
1776223952.473,152.473,0.28,8.79,0.27,15.0,0.38,10.0,0.41,15.0,0.62,10.0,0.59,15.0,0.72,8.79,0.73,15.0,0.1,0.1,44.03282,1776223951000
1776223953.529,153.529,0.28,8.79,0.27,15.0,0.38,10.0,0.41,15.0,0.62,10.0,0.59,15.0,0.72,8.79,0.73,15.0,0.1,0.1,44.03282,1776223952000
1776223954.231,154.231,0.28,8.79,0.27,15.0,0.38,10.0,0.41,15.0,0.62,10.0,0.59,15.0,0.72,8.79,0.73,15.0,0.1,0.1,44.031451,1776223953000
1776223955.77,155.77,0.28,8.79,0.27,15.0,0.38,10.0,0.41,15.0,0.62,10.0,0.59,15.0,0.72,8.79,0.73,15.0,0.1,0.1,44.039315,1776223954000
1776223956.48,156.48,0.28,8.79,0.27,15.0,0.38,10.0,0.41,15.0,0.62,10.0,0.59,15.0,0.72,8.79,0.73,15.0,0.1,0.1,44.040688,1776223955000
1776223957.145,157.145,0.28,8.79,0.27,15.0,0.38,10.0,0.41,15.0,0.62,10.0,0.59,15.0,0.72,8.79,0.73,15.0,0.1,0.1,44.040908,1776223956000
1776223958.341,158.341,0.28,8.79,0.27,15.0,0.38,10.0,0.41,15.0,0.62,10.0,0.59,15.0,0.72,8.79,0.73,15.0,0.1,0.1,44.040721,1776223957000
1776223958.99,158.99,0.28,8.79,0.27,15.0,0.38,10.0,0.41,15.0,0.62,10.0,0.59,15.0,0.72,8.79,0.73,15.0,0.1,0.1,44.040815,1776223958000
1776223960.259,160.259,0.28,8.79,0.27,15.0,0.38,10.0,0.41,15.0,0.62,10.0,0.59,15.0,0.72,8.79,0.73,15.0,0.1,0.1,44.040809,1776223959000
1776223961.554,161.554,0.28,8.79,0.27,15.0,0.38,10.0,0.41,15.0,0.62,10.0,0.59,15.0,0.72,8.79,0.73,15.0,0.1,0.1,44.040955,1776223960000
1776223962.238,162.238,0.28,8.79,0.27,15.0,0.38,10.0,0.41,15.0,0.62,10.0,0.59,15.0,0.72,8.79,0.73,15.0,0.1,0.1,44.040841,1776223961000
1776223963.511,163.511,0.28,8.79,0.27,15.0,0.38,10.0,0.41,15.0,0.62,10.0,0.59,15.0,0.72,8.79,0.73,15.0,0.1,0.1,44.041059,1776223962000
1776223964.163,164.163,0.28,8.79,0.27,15.0,0.38,10.0,0.41,15.0,0.62,10.0,0.59,15.0,0.72,8.79,0.73,15.0,0.1,0.1,44.042038,1776223963000
1776223965.467,165.467,0.28,8.79,0.27,15.0,0.38,10.0,0.41,15.0,0.62,10.0,0.59,15.0,0.72,8.79,0.73,15.0,0.1,0.1,44.042392,1776223964000
1776223966.107,166.107,0.28,8.79,0.27,15.0,0.38,10.0,0.41,15.0,0.62,10.0,0.59,15.0,0.72,8.79,0.73,15.0,0.1,0.1,44.043458,1776223965000
1776223967.379,167.379,0.28,8.79,0.27,15.0,0.38,10.0,0.41,15.0,0.62,10.0,0.59,15.0,0.72,8.79,0.73,15.0,0.1,0.1,44.043342,1776223966000
1776223968.001,168.001,0.28,8.79,0.27,15.0,0.38,10.0,0.41,15.0,0.62,10.0,0.59,15.0,0.72,8.79,0.73,15.0,0.1,0.1,44.043253,1776223967000
1776223969.168,169.168,0.28,8.79,0.27,15.0,0.38,10.0,0.41,15.0,0.62,10.0,0.59,15.0,0.72,8.79,0.73,15.0,0.1,0.1,44.042888,1776223968000
1776223970.362,170.362,0.28,8.79,0.27,15.0,0.38,10.0,0.41,15.0,0.62,10.0,0.59,15.0,0.72,8.79,0.73,15.0,0.1,0.1,44.042885,1776223969000
1776223971.595,171.595,0.28,8.79,0.27,15.0,0.38,10.0,0.41,15.0,0.62,10.0,0.59,15.0,0.72,8.79,0.73,15.0,0.1,0.1,44.043021,1776223970000
1776223972.428,172.428,0.28,8.79,0.27,15.0,0.38,10.0,0.41,15.0,0.62,10.0,0.59,15.0,0.72,8.79,0.73,15.0,0.1,0.1,44.042041,1776223971000
1776223973.276,173.276,0.28,8.79,0.27,15.0,0.38,10.0,0.41,15.0,0.62,10.0,0.59,15.0,0.72,8.79,0.73,15.0,0.1,0.1,44.042249,1776223972000
1776223974.013,174.013,0.28,8.79,0.27,15.0,0.38,10.0,0.41,15.0,0.62,10.0,0.59,15.0,0.72,8.79,0.73,15.0,0.1,0.1,44.042249,1776223973000
1776223975.18,175.18,0.28,8.79,0.27,15.0,0.38,10.0,0.41,15.0,0.62,10.0,0.59,15.0,0.72,8.79,0.73,15.0,0.1,0.1,44.04201,1776223974000
1776223976.794,176.794,0.28,8.79,0.27,15.0,0.38,10.0,0.41,15.0,0.62,10.0,0.59,15.0,0.72,8.79,0.73,15.0,0.1,0.1,44.042041,1776223975000
1776223977.389,177.389,0.28,8.79,0.27,15.0,0.38,10.0,0.41,15.0,0.62,10.0,0.59,15.0,0.72,8.79,0.73,15.0,0.1,0.1,44.042041,1776223976000
1776223977.969,177.969,0.28,8.79,0.27,15.0,0.38,10.0,0.41,15.0,0.62,10.0,0.59,15.0,0.72,8.79,0.73,15.0,0.1,0.1,44.042041,1776223977000
1776223979.096,179.096,0.28,8.79,0.27,15.0,0.38,10.0,0.41,15.0,0.62,10.0,0.59,15.0,0.72,8.79,0.73,15.0,0.1,0.1,44.041915,1776223978000
1776223980.78,180.78,0.28,8.79,0.27,15.0,0.38,10.0,0.41,15.0,0.62,10.0,0.59,15.0,0.72,8.79,0.73,15.0,0.1,0.1,44.04169,1776223979000
1776223981.643,181.643,0.52,15.0,0.51,60.0,0.75,1.04,0.85,15.0,0.62,10.0,0.59,15.0,0.72,8.79,0.73,15.0,0.23,0.1,44.04169,1776223979000
1776223981.844,181.844,0.77,8.96,0.52,15.0,0.85,15.0,0.86,15.0,0.25,1.04,0.15,15.0,0.48,15.0,0.49,60.0,0.08,0.23,44.041785,1776223980000
1776223982.164,182.164,0.77,8.96,0.52,15.0,0.85,15.0,0.86,15.0,0.15,15.0,0.14,15.0,0.23,8.96,0.48,15.0,0.08,0.08,44.047314,1776223981000
1776223983.476,183.476,0.77,8.96,0.52,15.0,0.85,15.0,0.86,15.0,0.15,15.0,0.14,15.0,0.23,8.96,0.48,15.0,0.08,0.08,44.057583,1776223982000
1776223984.125,184.125,0.77,8.96,0.52,15.0,0.85,15.0,0.86,15.0,0.15,15.0,0.14,15.0,0.23,8.96,0.48,15.0,0.08,0.08,44.061776,1776223983000
1776223985.462,185.462,0.77,8.96,0.52,15.0,0.85,15.0,0.86,15.0,0.15,15.0,0.14,15.0,0.23,8.96,0.48,15.0,0.08,0.08,44.061227,1776223984000
1776223986.38,186.38,0.77,8.96,0.52,15.0,0.85,15.0,0.86,15.0,0.15,15.0,0.14,15.0,0.23,8.96,0.48,15.0,0.08,0.08,44.057951,1776223985000
1776223986.987,186.987,0.77,8.96,0.52,15.0,0.85,15.0,0.86,15.0,0.15,15.0,0.14,15.0,0.23,8.96,0.48,15.0,0.08,0.08,44.059318,1776223986000
1776223988.154,188.154,0.77,8.96,0.52,15.0,0.85,15.0,0.86,15.0,0.15,15.0,0.14,15.0,0.23,8.96,0.48,15.0,0.08,0.08,44.059417,1776223987000
1776223989.382,189.382,0.77,8.96,0.52,15.0,0.85,15.0,0.86,15.0,0.15,15.0,0.14,15.0,0.23,8.96,0.48,15.0,0.08,0.08,44.058303,1776223988000
1776223990.452,190.452,0.77,8.96,0.52,15.0,0.85,15.0,0.86,15.0,0.15,15.0,0.14,15.0,0.23,8.96,0.48,15.0,0.08,0.08,44.058305,1776223989000
1776223990.956,190.956,0.77,8.96,0.52,15.0,0.85,15.0,0.86,15.0,0.15,15.0,0.14,15.0,0.23,8.96,0.48,15.0,0.08,0.08,44.059168,1776223990000
1776223992.159,192.159,0.77,8.96,0.52,15.0,0.85,15.0,0.86,15.0,0.15,15.0,0.14,15.0,0.23,8.96,0.48,15.0,0.08,0.08,44.060733,1776223991000
1776223993.202,193.202,0.77,8.96,0.52,15.0,0.85,15.0,0.86,15.0,0.15,15.0,0.14,15.0,0.23,8.96,0.48,15.0,0.08,0.08,44.061437,1776223992000
1776223994.285,194.285,0.77,8.96,0.52,15.0,0.85,15.0,0.86,15.0,0.15,15.0,0.14,15.0,0.23,8.96,0.48,15.0,0.08,0.08,44.068042,1776223993000
1776223995.359,195.359,0.77,8.96,0.52,15.0,0.85,15.0,0.86,15.0,0.15,15.0,0.14,15.0,0.23,8.96,0.48,15.0,0.08,0.08,44.06936,1776223994000
1776223995.912,195.912,0.77,8.96,0.52,15.0,0.85,15.0,0.86,15.0,0.15,15.0,0.14,15.0,0.23,8.96,0.48,15.0,0.08,0.08,44.071821,1776223995000
1776223997.015,197.015,0.77,8.96,0.52,15.0,0.85,15.0,0.86,15.0,0.15,15.0,0.14,15.0,0.23,8.96,0.48,15.0,0.08,0.08,44.072399,1776223996000
1776223998.101,198.101,0.77,8.96,0.52,15.0,0.85,15.0,0.86,15.0,0.15,15.0,0.14,15.0,0.23,8.96,0.48,15.0,0.08,0.08,44.07211,1776223997000
1776223999.182,199.182,0.77,8.96,0.52,15.0,0.85,15.0,0.86,15.0,0.15,15.0,0.14,15.0,0.23,8.96,0.48,15.0,0.08,0.08,44.072832,1776223998000
1776224000.73,200.73,0.77,8.96,0.52,15.0,0.85,15.0,0.86,15.0,0.15,15.0,0.14,15.0,0.23,8.96,0.48,15.0,0.08,0.08,44.069525,1776223999000
1776224001.171,201.171,0.77,8.96,0.52,15.0,0.85,15.0,0.86,15.0,0.15,15.0,0.14,15.0,0.23,8.96,0.48,15.0,0.08,0.08,44.061185,1776224000000
1776224002.195,202.195,0.77,8.96,0.52,15.0,0.85,15.0,0.86,15.0,0.15,15.0,0.14,15.0,0.23,8.96,0.48,15.0,0.08,0.08,44.061003,1776224001000
1776224003.234,203.234,0.77,8.96,0.52,15.0,0.85,15.0,0.86,15.0,0.15,15.0,0.14,15.0,0.23,8.96,0.48,15.0,0.08,0.08,44.061006,1776224002000
1776224004.015,204.015,0.61,10.0,0.55,15.0,0.78,6.92,0.8,15.0,0.15,15.0,0.14,15.0,0.23,8.96,0.48,15.0,0.17,0.08,44.061006,1776224002000
1776224005.116,205.116,0.61,10.0,0.55,15.0,0.78,6.92,0.8,15.0,0.22,6.92,0.2,15.0,0.39,10.0,0.45,15.0,0.17,0.17,44.053941,1776224004000
1776224006.201,206.201,0.61,10.0,0.55,15.0,0.78,6.92,0.8,15.0,0.22,6.92,0.2,15.0,0.39,10.0,0.45,15.0,0.17,0.17,44.050612,1776224005000
1776224007.091,207.091,0.61,10.0,0.55,15.0,0.78,6.92,0.8,15.0,0.22,6.92,0.2,15.0,0.39,10.0,0.45,15.0,0.17,0.17,44.050104,1776224006000
1776224008.104,208.104,0.61,10.0,0.55,15.0,0.78,6.92,0.8,15.0,0.22,6.92,0.2,15.0,0.39,10.0,0.45,15.0,0.17,0.17,44.050308,1776224007000
1776224009.159,209.159,0.61,10.0,0.55,15.0,0.78,6.92,0.8,15.0,0.22,6.92,0.2,15.0,0.39,10.0,0.45,15.0,0.17,0.17,44.050302,1776224008000
1776224010.197,210.197,0.61,10.0,0.55,15.0,0.78,6.92,0.8,15.0,0.22,6.92,0.2,15.0,0.39,10.0,0.45,15.0,0.17,0.17,44.050302,1776224009000
1776224011.189,211.189,0.61,10.0,0.55,15.0,0.78,6.92,0.8,15.0,0.22,6.92,0.2,15.0,0.39,10.0,0.45,15.0,0.17,0.17,44.050322,1776224010000
1776224012.165,212.165,0.61,10.0,0.55,15.0,0.78,6.92,0.8,15.0,0.22,6.92,0.2,15.0,0.39,10.0,0.45,15.0,0.17,0.17,44.050322,1776224011000
1776224013.951,213.951,0.61,10.0,0.55,15.0,0.78,6.92,0.8,15.0,0.22,6.92,0.2,15.0,0.39,10.0,0.45,15.0,0.17,0.17,44.050572,1776224012000
1776224014.526,214.526,0.61,10.0,0.55,15.0,0.78,6.92,0.8,15.0,0.22,6.92,0.2,15.0,0.39,10.0,0.45,15.0,0.17,0.17,44.050497,1776224013000
1776224015.266,215.266,0.61,10.0,0.55,15.0,0.78,6.92,0.8,15.0,0.22,6.92,0.2,15.0,0.39,10.0,0.45,15.0,0.17,0.17,44.050385,1776224014000
1776224016.854,216.854,0.61,10.0,0.55,15.0,0.78,6.92,0.8,15.0,0.22,6.92,0.2,15.0,0.39,10.0,0.45,15.0,0.17,0.17,44.051099,1776224015000
1776224017.616,217.616,0.61,10.0,0.55,15.0,0.78,6.92,0.8,15.0,0.22,6.92,0.2,15.0,0.39,10.0,0.45,15.0,0.17,0.17,44.050781,1776224016000
1776224018.305,218.305,0.61,10.0,0.55,15.0,0.78,6.92,0.8,15.0,0.22,6.92,0.2,15.0,0.39,10.0,0.45,15.0,0.17,0.17,44.050781,1776224017000
1776224018.907,218.907,0.61,10.0,0.55,15.0,0.78,6.92,0.8,15.0,0.22,6.92,0.2,15.0,0.39,10.0,0.45,15.0,0.17,0.17,44.051155,1776224018000
1776224020.356,220.356,0.61,10.0,0.55,15.0,0.78,6.92,0.8,15.0,0.22,6.92,0.2,15.0,0.39,10.0,0.45,15.0,0.17,0.17,44.051156,1776224019000
1776224020.932,220.932,0.61,10.0,0.55,15.0,0.78,6.92,0.8,15.0,0.22,6.92,0.2,15.0,0.39,10.0,0.45,15.0,0.17,0.17,44.051156,1776224020000
1776224022.236,222.236,0.61,10.0,0.55,15.0,0.78,6.92,0.8,15.0,0.22,6.92,0.2,15.0,0.39,10.0,0.45,15.0,0.17,0.17,44.044257,1776224021000
1776224023.519,223.519,0.61,10.0,0.55,15.0,0.78,6.92,0.8,15.0,0.22,6.92,0.2,15.0,0.39,10.0,0.45,15.0,0.17,0.17,44.042161,1776224022000
1776224024.038,224.038,0.61,10.0,0.55,15.0,0.78,6.92,0.8,15.0,0.22,6.92,0.2,15.0,0.39,10.0,0.45,15.0,0.17,0.17,44.042161,1776224023000
1776224024.969,224.969,0.61,10.0,0.55,15.0,0.78,6.92,0.8,15.0,0.22,6.92,0.2,15.0,0.39,10.0,0.45,15.0,0.17,0.17,44.042045,1776224024000
1776224026.084,226.084,0.61,10.0,0.55,15.0,0.78,6.92,0.8,15.0,0.22,6.92,0.2,15.0,0.39,10.0,0.45,15.0,0.17,0.17,44.041969,1776224025000
1776224027.336,227.336,0.61,10.0,0.55,15.0,0.78,6.92,0.8,15.0,0.22,6.92,0.2,15.0,0.39,10.0,0.45,15.0,0.17,0.17,44.041851,1776224026000
1776224027.877,227.877,0.61,10.0,0.55,15.0,0.78,6.92,0.8,15.0,0.22,6.92,0.2,15.0,0.39,10.0,0.45,15.0,0.17,0.17,44.041851,1776224027000
1776224029.044,229.044,0.61,10.0,0.55,15.0,0.78,6.92,0.8,15.0,0.22,6.92,0.2,15.0,0.39,10.0,0.45,15.0,0.17,0.17,44.041617,1776224028000
1776224030.17,230.17,0.61,10.0,0.55,15.0,0.78,6.92,0.8,15.0,0.22,6.92,0.2,15.0,0.39,10.0,0.45,15.0,0.17,0.17,44.041616,1776224029000
1776224031.56,231.56,0.61,10.0,0.55,15.0,0.78,6.92,0.8,15.0,0.22,6.92,0.2,15.0,0.39,10.0,0.45,15.0,0.17,0.17,44.040439,1776224030000
1776224032.151,232.151,0.61,10.0,0.55,15.0,0.78,6.92,0.8,15.0,0.22,6.92,0.2,15.0,0.39,10.0,0.45,15.0,0.17,0.17,44.040439,1776224031000
1776224033.565,233.565,0.61,10.0,0.55,15.0,0.78,6.92,0.8,15.0,0.22,6.92,0.2,15.0,0.39,10.0,0.45,15.0,0.17,0.17,44.040651,1776224032000
1776224034.216,234.216,0.61,10.0,0.55,15.0,0.78,6.92,0.8,15.0,0.22,6.92,0.2,15.0,0.39,10.0,0.45,15.0,0.17,0.17,44.041014,1776224033000
1776224035.501,235.501,0.61,10.0,0.55,15.0,0.78,6.92,0.8,15.0,0.22,6.92,0.2,15.0,0.39,10.0,0.45,15.0,0.17,0.17,44.041327,1776224034000
1776224036.196,236.196,0.61,10.0,0.55,15.0,0.78,6.92,0.8,15.0,0.22,6.92,0.2,15.0,0.39,10.0,0.45,15.0,0.17,0.17,44.041226,1776224035000
1776224037.37,237.37,0.61,10.0,0.55,15.0,0.78,6.92,0.8,15.0,0.22,6.92,0.2,15.0,0.39,10.0,0.45,15.0,0.17,0.17,44.041155,1776224036000
1776224038.1,238.1,0.61,10.0,0.55,15.0,0.78,6.92,0.8,15.0,0.22,6.92,0.2,15.0,0.39,10.0,0.45,15.0,0.17,0.17,44.041155,1776224037000
1776224039.373,239.373,0.61,10.0,0.55,15.0,0.78,6.92,0.8,15.0,0.22,6.92,0.2,15.0,0.39,10.0,0.45,15.0,0.17,0.17,44.040528,1776224038000
1776224039.982,239.982,0.61,10.0,0.55,15.0,0.78,6.92,0.8,15.0,0.22,6.92,0.2,15.0,0.39,10.0,0.45,15.0,0.17,0.17,44.040528,1776224039000
1776224041.178,241.178,0.61,10.0,0.55,15.0,0.78,6.92,0.8,15.0,0.22,6.92,0.2,15.0,0.39,10.0,0.45,15.0,0.17,0.17,44.04067,1776224040000
1776224042.337,242.337,0.61,10.0,0.55,15.0,0.78,6.92,0.8,15.0,0.22,6.92,0.2,15.0,0.39,10.0,0.45,15.0,0.17,0.17,44.040645,1776224041000
1776224042.91,242.91,0.61,10.0,0.55,15.0,0.78,6.92,0.8,15.0,0.22,6.92,0.2,15.0,0.39,10.0,0.45,15.0,0.17,0.17,44.040645,1776224042000
1776224043.981,243.981,0.61,10.0,0.55,15.0,0.78,6.92,0.8,15.0,0.22,6.92,0.2,15.0,0.39,10.0,0.45,15.0,0.17,0.17,44.040712,1776224043000
1776224045.152,245.152,0.61,10.0,0.55,15.0,0.78,6.92,0.8,15.0,0.22,6.92,0.2,15.0,0.39,10.0,0.45,15.0,0.17,0.17,44.040712,1776224044000
1776224046.187,246.187,0.61,10.0,0.55,15.0,0.78,6.92,0.8,15.0,0.22,6.92,0.2,15.0,0.39,10.0,0.45,15.0,0.17,0.17,44.040712,1776224045000
1776224047.283,247.283,0.61,10.0,0.55,15.0,0.78,6.92,0.8,15.0,0.22,6.92,0.2,15.0,0.39,10.0,0.45,15.0,0.17,0.17,44.041522,1776224046000
1776224048.463,248.463,0.61,10.0,0.55,15.0,0.78,6.92,0.8,15.0,0.22,6.92,0.2,15.0,0.39,10.0,0.45,15.0,0.17,0.17,44.042824,1776224047000
1776224049.032,249.032,0.61,10.0,0.55,15.0,0.78,6.92,0.8,15.0,0.22,6.92,0.2,15.0,0.39,10.0,0.45,15.0,0.17,0.17,44.043389,1776224048000
1776224050.366,250.366,0.61,10.0,0.55,15.0,0.78,6.92,0.8,15.0,0.22,6.92,0.2,15.0,0.39,10.0,0.45,15.0,0.17,0.17,44.042417,1776224049000
1776224051.354,251.354,0.61,10.0,0.55,15.0,0.78,6.92,0.8,15.0,0.22,6.92,0.2,15.0,0.39,10.0,0.45,15.0,0.17,0.17,44.04231,1776224050000
1776224052.44,252.44,0.61,10.0,0.55,15.0,0.78,6.92,0.8,15.0,0.22,6.92,0.2,15.0,0.39,10.0,0.45,15.0,0.17,0.17,44.042616,1776224051000
1776224052.991,252.991,0.61,10.0,0.55,15.0,0.78,6.92,0.8,15.0,0.22,6.92,0.2,15.0,0.39,10.0,0.45,15.0,0.17,0.17,44.042703,1776224052000
1776224054.125,254.125,0.61,10.0,0.55,15.0,0.78,6.92,0.8,15.0,0.22,6.92,0.2,15.0,0.39,10.0,0.45,15.0,0.17,0.17,44.042929,1776224053000
1776224055.304,255.304,0.61,10.0,0.55,15.0,0.78,6.92,0.8,15.0,0.22,6.92,0.2,15.0,0.39,10.0,0.45,15.0,0.17,0.17,44.043673,1776224054000
1776224056.341,256.341,0.61,10.0,0.55,15.0,0.78,6.92,0.8,15.0,0.22,6.92,0.2,15.0,0.39,10.0,0.45,15.0,0.17,0.17,44.043674,1776224055000
1776224056.862,256.862,0.61,10.0,0.55,15.0,0.78,6.92,0.8,15.0,0.22,6.92,0.2,15.0,0.39,10.0,0.45,15.0,0.17,0.17,44.044173,1776224056000
1776224057.96,257.96,0.77,10.0,0.68,15.0,0.88,11.62,0.89,15.0,0.22,6.92,0.2,15.0,0.39,10.0,0.45,15.0,0.11,0.17,44.044173,1776224056000
1776224059.133,259.133,0.77,10.0,0.68,15.0,0.88,11.62,0.89,15.0,0.12,11.62,0.11,15.0,0.23,10.0,0.32,15.0,0.11,0.11,44.044171,1776224058000
1776224060.641,260.641,0.77,10.0,0.68,15.0,0.88,11.62,0.89,15.0,0.12,11.62,0.11,15.0,0.23,10.0,0.32,15.0,0.11,0.11,44.049821,1776224059000
1776224061.066,261.066,0.77,10.0,0.68,15.0,0.88,11.62,0.89,15.0,0.12,11.62,0.11,15.0,0.23,10.0,0.32,15.0,0.11,0.11,44.050088,1776224060000
1776224062.139,262.139,0.77,10.0,0.68,15.0,0.88,11.62,0.89,15.0,0.12,11.62,0.11,15.0,0.23,10.0,0.32,15.0,0.11,0.11,44.050088,1776224061000
1776224063.189,263.189,0.77,10.0,0.68,15.0,0.88,11.62,0.89,15.0,0.12,11.62,0.11,15.0,0.23,10.0,0.32,15.0,0.11,0.11,44.049657,1776224062000
1776224064.2,264.2,0.77,10.0,0.68,15.0,0.88,11.62,0.89,15.0,0.12,11.62,0.11,15.0,0.23,10.0,0.32,15.0,0.11,0.11,44.04966,1776224063000
1776224064.755,264.755,0.56,1.0,0.5,15.0,0.73,10.0,0.87,15.0,0.12,11.62,0.11,15.0,0.23,10.0,0.32,15.0,0.17,0.11,44.04966,1776224063000
1776224065.165,265.165,0.54,10.0,0.5,15.0,0.87,6.17,0.88,132.0,0.27,10.0,0.13,15.0,0.44,1.0,0.5,15.0,0.33,0.17,44.04966,1776224063000
1776224066.25,266.25,0.54,10.0,0.5,15.0,0.87,6.17,0.88,132.0,0.13,6.17,0.12,132.0,0.46,10.0,0.5,15.0,0.33,0.33,44.045534,1776224065000
1776224067.243,267.243,0.54,10.0,0.5,15.0,0.87,6.17,0.88,132.0,0.13,6.17,0.12,132.0,0.46,10.0,0.5,15.0,0.33,0.33,44.04527,1776224066000
1776224068.374,268.374,0.54,10.0,0.5,15.0,0.87,6.17,0.88,132.0,0.13,6.17,0.12,132.0,0.46,10.0,0.5,15.0,0.33,0.33,44.041032,1776224067000
1776224068.909,268.909,0.54,10.0,0.5,15.0,0.87,6.17,0.88,132.0,0.13,6.17,0.12,132.0,0.46,10.0,0.5,15.0,0.33,0.33,44.041032,1776224068000
1776224069.913,269.913,0.54,10.0,0.5,15.0,0.87,6.17,0.88,132.0,0.13,6.17,0.12,132.0,0.46,10.0,0.5,15.0,0.33,0.33,44.038387,1776224069000
1776224070.906,270.906,0.54,10.0,0.5,15.0,0.87,6.17,0.88,132.0,0.13,6.17,0.12,132.0,0.46,10.0,0.5,15.0,0.33,0.33,44.03827,1776224070000
1776224071.896,271.896,0.32,20.63,0.31,15.0,0.49,10.0,0.78,75.0,0.13,6.17,0.12,132.0,0.46,10.0,0.5,15.0,0.17,0.33,44.03827,1776224070000
1776224072.935,272.935,0.32,20.63,0.31,15.0,0.49,10.0,0.78,75.0,0.51,10.0,0.22,75.0,0.68,20.63,0.69,15.0,0.17,0.17,44.038161,1776224072000
1776224073.589,273.589,0.64,10.0,0.31,15.0,0.77,11.14,0.78,15.0,0.51,10.0,0.22,75.0,0.68,20.63,0.69,15.0,0.13,0.17,44.038161,1776224072000
1776224073.968,273.968,0.64,10.0,0.31,15.0,0.77,11.14,0.78,15.0,0.23,11.14,0.22,15.0,0.36,10.0,0.69,15.0,0.13,0.13,44.035542,1776224073000
1776224075.239,275.239,0.64,10.0,0.31,15.0,0.77,11.14,0.78,15.0,0.23,11.14,0.22,15.0,0.36,10.0,0.69,15.0,0.13,0.13,44.038773,1776224074000
1776224076.366,276.366,0.64,10.0,0.31,15.0,0.77,11.14,0.78,15.0,0.23,11.14,0.22,15.0,0.36,10.0,0.69,15.0,0.13,0.13,44.039338,1776224075000
1776224077.294,277.294,0.64,10.0,0.31,15.0,0.77,11.14,0.78,15.0,0.23,11.14,0.22,15.0,0.36,10.0,0.69,15.0,0.13,0.13,44.039457,1776224076000
1776224077.935,277.935,0.64,10.0,0.31,15.0,0.77,11.14,0.78,15.0,0.23,11.14,0.22,15.0,0.36,10.0,0.69,15.0,0.13,0.13,44.040272,1776224077000
1776224078.977,278.977,0.64,10.0,0.31,15.0,0.77,11.14,0.78,15.0,0.23,11.14,0.22,15.0,0.36,10.0,0.69,15.0,0.13,0.13,44.040147,1776224078000
1776224080.108,280.108,0.64,10.0,0.31,15.0,0.77,11.14,0.78,15.0,0.23,11.14,0.22,15.0,0.36,10.0,0.69,15.0,0.13,0.13,44.040066,1776224079000
1776224081.05,281.05,0.64,10.0,0.31,15.0,0.77,11.14,0.78,15.0,0.23,11.14,0.22,15.0,0.36,10.0,0.69,15.0,0.13,0.13,44.039983,1776224080000
1776224082.181,282.181,0.64,10.0,0.31,15.0,0.77,11.14,0.78,15.0,0.23,11.14,0.22,15.0,0.36,10.0,0.69,15.0,0.13,0.13,44.040225,1776224081000
1776224083.156,283.156,0.64,10.0,0.31,15.0,0.77,11.14,0.78,15.0,0.23,11.14,0.22,15.0,0.36,10.0,0.69,15.0,0.13,0.13,44.040306,1776224082000
1776224084.166,284.166,0.64,10.0,0.31,15.0,0.77,11.14,0.78,15.0,0.23,11.14,0.22,15.0,0.36,10.0,0.69,15.0,0.13,0.13,44.04103,1776224083000
1776224085.284,285.284,0.64,10.0,0.31,15.0,0.77,11.14,0.78,15.0,0.23,11.14,0.22,15.0,0.36,10.0,0.69,15.0,0.13,0.13,44.041013,1776224084000
1776224086.27,286.27,0.64,10.0,0.31,15.0,0.77,11.14,0.78,15.0,0.23,11.14,0.22,15.0,0.36,10.0,0.69,15.0,0.13,0.13,44.041013,1776224085000
1776224086.508,286.508,0.25,55.76,0.1,100.0,0.87,10.0,0.96,5.0,0.23,11.14,0.22,15.0,0.36,10.0,0.69,15.0,0.62,0.13,44.041013,1776224085000
1776224087.814,287.814,0.25,55.76,0.1,100.0,0.87,10.0,0.96,5.0,0.13,10.0,0.04,5.0,0.75,55.76,0.9,100.0,0.62,0.62,44.040923,1776224086000
1776224088.328,288.328,0.25,55.76,0.1,100.0,0.87,10.0,0.96,5.0,0.13,10.0,0.04,5.0,0.75,55.76,0.9,100.0,0.62,0.62,44.040923,1776224087000
1776224089.353,289.353,0.25,55.76,0.1,100.0,0.87,10.0,0.96,5.0,0.13,10.0,0.04,5.0,0.75,55.76,0.9,100.0,0.62,0.62,44.03924,1776224088000
1776224090.388,290.388,0.25,55.76,0.1,100.0,0.87,10.0,0.96,5.0,0.13,10.0,0.04,5.0,0.75,55.76,0.9,100.0,0.62,0.62,44.03924,1776224089000
1776224090.659,290.659,0.67,10.0,0.1,100.0,0.84,8.8,0.96,5.0,0.13,10.0,0.04,5.0,0.75,55.76,0.9,100.0,0.17,0.62,44.03924,1776224089000
1776224090.867,290.867,0.67,10.0,0.1,100.0,0.84,8.8,0.96,5.0,0.16,8.8,0.04,5.0,0.33,10.0,0.9,100.0,0.17,0.17,44.03924,1776224090000
1776224091.859,291.859,0.67,10.0,0.1,100.0,0.84,8.8,0.96,5.0,0.16,8.8,0.04,5.0,0.33,10.0,0.9,100.0,0.17,0.17,44.039122,1776224091000
1776224092.907,292.907,0.67,10.0,0.1,100.0,0.84,8.8,0.96,5.0,0.16,8.8,0.04,5.0,0.33,10.0,0.9,100.0,0.17,0.17,44.039122,1776224092000
1776224093.881,293.881,0.67,10.0,0.1,100.0,0.84,8.8,0.96,5.0,0.16,8.8,0.04,5.0,0.33,10.0,0.9,100.0,0.17,0.17,44.03893,1776224093000
1776224094.89,294.89,0.67,10.0,0.1,100.0,0.84,8.8,0.96,5.0,0.16,8.8,0.04,5.0,0.33,10.0,0.9,100.0,0.17,0.17,44.038929,1776224094000
1776224095.872,295.872,0.67,10.0,0.1,100.0,0.84,8.8,0.96,5.0,0.16,8.8,0.04,5.0,0.33,10.0,0.9,100.0,0.17,0.17,44.038929,1776224095000
1776224096.461,296.461,0.76,10.0,0.04,5.0,0.93,13.1,0.96,5.0,0.16,8.8,0.04,5.0,0.33,10.0,0.9,100.0,0.17,0.17,44.038929,1776224095000
1776224096.979,296.979,0.76,10.0,0.04,5.0,0.93,13.1,0.96,5.0,0.07,13.1,0.04,5.0,0.24,10.0,0.96,5.0,0.17,0.17,44.039268,1776224096000
1776224097.494,297.494,0.78,10.0,0.04,5.0,0.95,18.85,0.96,5.0,0.07,13.1,0.04,5.0,0.24,10.0,0.96,5.0,0.17,0.17,44.039268,1776224096000
1776224097.938,297.938,0.78,10.0,0.04,5.0,0.95,18.85,0.96,5.0,0.05,18.85,0.04,5.0,0.22,10.0,0.96,5.0,0.17,0.17,44.039555,1776224097000
1776224098.206,298.206,0.88,10.0,0.61,6.0,0.95,2.85,0.96,5.0,0.05,7.85,0.04,5.0,0.15,10.0,0.95,130.94,0.07,0.1,44.039555,1776224097000
1776224098.516,298.516,0.89,10.0,0.61,6.0,0.96,3.85,0.98,10.0,0.04,5.0,0.02,10.0,0.11,10.0,0.39,6.0,0.07,0.07,44.039555,1776224097000
1776224098.945,298.945,0.89,10.0,0.61,6.0,0.96,3.85,0.98,10.0,0.04,3.85,0.02,10.0,0.11,10.0,0.39,6.0,0.07,0.07,44.039411,1776224098000
1776224099.175,299.175,0.61,5.74,0.51,7.0,0.96,3.85,0.98,10.0,0.04,3.85,0.02,10.0,0.11,10.0,0.39,6.0,0.35,0.07,44.039411,1776224098000
1776224099.412,299.412,0.61,5.74,0.51,7.0,0.98,5.98,0.99,85.0,0.04,0.85,0.02,10.0,0.39,5.74,0.49,7.0,0.37,0.35,44.039411,1776224098000
1776224100.006,300.006,0.61,5.74,0.51,7.0,0.99,84.98,,,0.01,84.98,,,0.39,5.74,0.49,7.0,0.38,0.38,44.039411,1776224099000
1776224101.139,301.139,0.99,448.05,0.8,5.0,,,,,,,,,0.01,448.05,0.2,5.0,,,44.039025,1776224100000
1776224102.871,302.871,0.99,448.05,0.8,5.0,,,,,,,,,0.01,448.05,0.2,5.0,,,44.038929,1776224101000

# RESULT,winner=Up,slug=hype-updown-5m-1776223800,ticks=307
