timestamp,elapsed_sec,up_bid_p1,up_bid_s1,up_bid_p2,up_bid_s2,up_bid_p3,up_bid_s3,up_bid_p4,up_bid_s4,up_bid_p5,up_bid_s5,up_ask_p1,up_ask_s1,up_ask_p2,up_ask_s2,up_ask_p3,up_ask_s3,up_ask_p4,up_ask_s4,up_ask_p5,up_ask_s5,down_bid_p1,down_bid_s1,down_bid_p2,down_bid_s2,down_bid_p3,down_bid_s3,down_bid_p4,down_bid_s4,down_bid_p5,down_bid_s5,down_ask_p1,down_ask_s1,down_ask_p2,down_ask_s2,down_ask_p3,down_ask_s3,down_ask_p4,down_ask_s4,down_ask_p5,down_ask_s5,up_spread,down_spread,hype_price,hype_oracle_ts
1776172811.307,11.307,0.37,5.0,0.36,5.0,0.35,5.0,0.34,19.0,0.33,15.0,0.5,10.0,0.55,11.0,0.61,5.0,0.62,5.0,0.63,5.0,0.5,10.0,0.45,11.0,0.39,5.0,0.38,5.0,0.37,5.0,0.63,5.0,0.64,5.0,0.65,5.0,0.66,19.0,0.67,15.0,0.13,0.13,45.031375,1776172809000
1776172811.619,11.619,0.37,5.0,0.36,5.0,0.35,5.0,0.34,19.0,0.33,15.0,0.5,10.0,0.55,11.0,0.61,5.0,0.62,5.0,0.63,5.0,0.5,10.0,0.45,11.0,0.39,5.0,0.38,5.0,0.37,5.0,0.63,5.0,0.64,5.0,0.65,5.0,0.66,19.0,0.67,15.0,0.13,0.13,45.031241,1776172810000
1776172812.028,12.028,0.37,5.0,0.36,5.0,0.35,5.0,0.34,19.0,0.33,15.0,0.5,10.0,0.55,11.0,0.61,5.0,0.62,5.0,0.63,5.0,0.5,10.0,0.45,11.0,0.39,5.0,0.38,5.0,0.37,5.0,0.63,5.0,0.64,5.0,0.65,5.0,0.66,19.0,0.67,15.0,0.13,0.13,45.031317,1776172811000
1776172813.419,13.419,0.37,5.0,0.36,5.0,0.35,5.0,0.34,19.0,0.33,15.0,0.5,10.0,0.55,11.0,0.61,5.0,0.62,5.0,0.63,5.0,0.5,10.0,0.45,11.0,0.39,5.0,0.38,5.0,0.37,5.0,0.63,5.0,0.64,5.0,0.65,5.0,0.66,19.0,0.67,15.0,0.13,0.13,45.031184,1776172812000
1776172814.218,14.218,0.37,5.0,0.36,5.0,0.35,5.0,0.34,19.0,0.33,15.0,0.5,10.0,0.55,11.0,0.61,5.0,0.62,5.0,0.63,5.0,0.5,10.0,0.45,11.0,0.39,5.0,0.38,5.0,0.37,5.0,0.63,5.0,0.64,5.0,0.65,5.0,0.66,19.0,0.67,15.0,0.13,0.13,45.031184,1776172813000
1776172815.493,15.493,0.37,5.0,0.36,5.0,0.35,5.0,0.34,19.0,0.33,15.0,0.5,10.0,0.55,11.0,0.61,5.0,0.62,5.0,0.63,5.0,0.5,10.0,0.45,11.0,0.39,5.0,0.38,5.0,0.37,5.0,0.63,5.0,0.64,5.0,0.65,5.0,0.66,19.0,0.67,15.0,0.13,0.13,45.03078,1776172814000
1776172816.146,16.146,0.37,5.0,0.36,5.0,0.35,5.0,0.34,19.0,0.33,15.0,0.5,10.0,0.55,11.0,0.61,5.0,0.62,5.0,0.63,5.0,0.5,10.0,0.45,11.0,0.39,5.0,0.38,5.0,0.37,5.0,0.63,5.0,0.64,5.0,0.65,5.0,0.66,19.0,0.67,15.0,0.13,0.13,45.029103,1776172815000
1776172817.354,17.354,0.37,5.0,0.36,5.0,0.35,5.0,0.34,19.0,0.33,15.0,0.5,10.0,0.55,11.0,0.61,5.0,0.62,5.0,0.63,5.0,0.5,10.0,0.45,11.0,0.39,5.0,0.38,5.0,0.37,5.0,0.63,5.0,0.64,5.0,0.65,5.0,0.66,19.0,0.67,15.0,0.13,0.13,45.028378,1776172816000
1776172818.099,18.099,0.37,5.0,0.36,5.0,0.35,5.0,0.34,19.0,0.33,15.0,0.5,10.0,0.55,11.0,0.61,5.0,0.62,5.0,0.63,5.0,0.5,10.0,0.45,11.0,0.39,5.0,0.38,5.0,0.37,5.0,0.63,5.0,0.64,5.0,0.65,5.0,0.66,19.0,0.67,15.0,0.13,0.13,45.030163,1776172817000
1776172819.528,19.528,0.37,5.0,0.36,5.0,0.35,5.0,0.34,19.0,0.33,15.0,0.5,10.0,0.55,11.0,0.61,5.0,0.62,5.0,0.63,5.0,0.5,10.0,0.45,11.0,0.39,5.0,0.38,5.0,0.37,5.0,0.63,5.0,0.64,5.0,0.65,5.0,0.66,19.0,0.67,15.0,0.13,0.13,45.0306,1776172818000
1776172820.258,20.258,0.37,5.0,0.36,5.0,0.35,5.0,0.34,19.0,0.33,15.0,0.5,10.0,0.55,11.0,0.61,5.0,0.62,5.0,0.63,5.0,0.5,10.0,0.45,11.0,0.39,5.0,0.38,5.0,0.37,5.0,0.63,5.0,0.64,5.0,0.65,5.0,0.66,19.0,0.67,15.0,0.13,0.13,45.030548,1776172819000
1776172820.575,20.575,0.29,5.0,0.28,5.0,0.27,5.0,0.26,5.0,0.25,5.0,0.4,5.0,0.43,8.0,0.53,5.0,0.54,5.0,0.55,5.0,0.5,10.0,0.45,11.0,0.39,5.0,0.38,5.0,0.37,5.0,0.63,5.0,0.64,5.0,0.65,5.0,0.66,19.0,0.67,15.0,0.11,0.13,45.030548,1776172819000
1776172821.529,21.529,0.29,5.0,0.28,5.0,0.27,5.0,0.26,5.0,0.25,5.0,0.4,5.0,0.43,8.0,0.53,5.0,0.54,5.0,0.55,5.0,0.6,5.0,0.57,8.0,0.47,5.0,0.46,5.0,0.45,5.0,0.71,5.0,0.72,5.0,0.73,5.0,0.74,5.0,0.75,5.0,0.11,0.11,45.024695,1776172820000
1776172822.173,22.173,0.29,5.0,0.28,5.0,0.27,5.0,0.26,5.0,0.25,5.0,0.4,5.0,0.43,8.0,0.53,5.0,0.54,5.0,0.55,5.0,0.6,5.0,0.57,8.0,0.47,5.0,0.46,5.0,0.45,5.0,0.71,5.0,0.72,5.0,0.73,5.0,0.74,5.0,0.75,5.0,0.11,0.11,45.024051,1776172821000
1776172823.526,23.526,0.29,5.0,0.28,5.0,0.27,5.0,0.26,5.0,0.25,5.0,0.4,5.0,0.43,8.0,0.53,5.0,0.54,5.0,0.55,5.0,0.6,5.0,0.57,8.0,0.47,5.0,0.46,5.0,0.45,5.0,0.71,5.0,0.72,5.0,0.73,5.0,0.74,5.0,0.75,5.0,0.11,0.11,45.022041,1776172822000
1776172824.261,24.261,0.29,5.0,0.28,5.0,0.27,5.0,0.26,5.0,0.25,5.0,0.4,5.0,0.43,8.0,0.53,5.0,0.54,5.0,0.55,5.0,0.6,5.0,0.57,8.0,0.47,5.0,0.46,5.0,0.45,5.0,0.71,5.0,0.72,5.0,0.73,5.0,0.74,5.0,0.75,5.0,0.11,0.11,45.020619,1776172823000
1776172825.041,25.041,0.29,5.0,0.28,5.0,0.27,5.0,0.26,5.0,0.25,5.0,0.4,5.0,0.43,8.0,0.53,5.0,0.54,5.0,0.55,5.0,0.6,5.0,0.57,8.0,0.47,5.0,0.46,5.0,0.45,5.0,0.71,5.0,0.72,5.0,0.73,5.0,0.74,5.0,0.75,5.0,0.11,0.11,45.020183,1776172824000
1776172826.112,26.112,0.29,5.0,0.28,5.0,0.27,5.0,0.26,5.0,0.25,5.0,0.4,5.0,0.43,8.0,0.53,5.0,0.54,5.0,0.55,5.0,0.6,5.0,0.57,8.0,0.47,5.0,0.46,5.0,0.45,5.0,0.71,5.0,0.72,5.0,0.73,5.0,0.74,5.0,0.75,5.0,0.11,0.11,45.02051,1776172825000
1776172827.2,27.2,0.29,5.0,0.28,5.0,0.27,5.0,0.26,5.0,0.25,5.0,0.4,5.0,0.43,8.0,0.53,5.0,0.54,5.0,0.55,5.0,0.6,5.0,0.57,8.0,0.47,5.0,0.46,5.0,0.45,5.0,0.71,5.0,0.72,5.0,0.73,5.0,0.74,5.0,0.75,5.0,0.11,0.11,45.02179,1776172826000
1776172828.244,28.244,0.29,5.0,0.28,5.0,0.27,5.0,0.26,5.0,0.25,5.0,0.4,5.0,0.43,8.0,0.53,5.0,0.54,5.0,0.55,5.0,0.6,5.0,0.57,8.0,0.47,5.0,0.46,5.0,0.45,5.0,0.71,5.0,0.72,5.0,0.73,5.0,0.74,5.0,0.75,5.0,0.11,0.11,45.022463,1776172827000
1776172829.329,29.329,0.29,5.0,0.28,5.0,0.27,5.0,0.26,5.0,0.25,5.0,0.4,5.0,0.43,8.0,0.53,5.0,0.54,5.0,0.55,5.0,0.6,5.0,0.57,8.0,0.47,5.0,0.46,5.0,0.45,5.0,0.71,5.0,0.72,5.0,0.73,5.0,0.74,5.0,0.75,5.0,0.11,0.11,45.022463,1776172828000
1776172829.951,29.951,0.29,5.0,0.28,5.0,0.27,5.0,0.26,5.0,0.25,5.0,0.4,5.0,0.43,8.0,0.53,5.0,0.54,5.0,0.55,5.0,0.6,5.0,0.57,8.0,0.47,5.0,0.46,5.0,0.45,5.0,0.71,5.0,0.72,5.0,0.73,5.0,0.74,5.0,0.75,5.0,0.11,0.11,45.022161,1776172829000
1776172830.982,30.982,0.29,5.0,0.28,5.0,0.27,5.0,0.26,5.0,0.25,5.0,0.4,5.0,0.43,8.0,0.53,5.0,0.54,5.0,0.55,5.0,0.6,5.0,0.57,8.0,0.47,5.0,0.46,5.0,0.45,5.0,0.71,5.0,0.72,5.0,0.73,5.0,0.74,5.0,0.75,5.0,0.11,0.11,45.02293,1776172830000
1776172831.928,31.928,0.29,5.0,0.28,5.0,0.27,5.0,0.26,5.0,0.25,5.0,0.4,5.0,0.43,8.0,0.53,5.0,0.54,5.0,0.55,5.0,0.6,5.0,0.57,8.0,0.47,5.0,0.46,5.0,0.45,5.0,0.71,5.0,0.72,5.0,0.73,5.0,0.74,5.0,0.75,5.0,0.11,0.11,45.022939,1776172831000
1776172833.038,33.038,0.29,5.0,0.28,5.0,0.27,5.0,0.26,5.0,0.25,5.0,0.4,5.0,0.43,8.0,0.53,5.0,0.54,5.0,0.55,5.0,0.6,5.0,0.57,8.0,0.47,5.0,0.46,5.0,0.45,5.0,0.71,5.0,0.72,5.0,0.73,5.0,0.74,5.0,0.75,5.0,0.11,0.11,45.022717,1776172832000
1776172834.118,34.118,0.29,5.0,0.28,5.0,0.27,5.0,0.26,5.0,0.25,5.0,0.4,5.0,0.43,8.0,0.53,5.0,0.54,5.0,0.55,5.0,0.6,5.0,0.57,8.0,0.47,5.0,0.46,5.0,0.45,5.0,0.71,5.0,0.72,5.0,0.73,5.0,0.74,5.0,0.75,5.0,0.11,0.11,45.022717,1776172833000
1776172835.154,35.154,0.29,5.0,0.28,5.0,0.27,5.0,0.26,5.0,0.25,5.0,0.4,5.0,0.43,8.0,0.53,5.0,0.54,5.0,0.55,5.0,0.6,5.0,0.57,8.0,0.47,5.0,0.46,5.0,0.45,5.0,0.71,5.0,0.72,5.0,0.73,5.0,0.74,5.0,0.75,5.0,0.11,0.11,45.022411,1776172834000
1776172836.374,36.374,0.29,5.0,0.28,5.0,0.27,5.0,0.26,5.0,0.25,5.0,0.4,5.0,0.43,8.0,0.53,5.0,0.54,5.0,0.55,5.0,0.6,5.0,0.57,8.0,0.47,5.0,0.46,5.0,0.45,5.0,0.71,5.0,0.72,5.0,0.73,5.0,0.74,5.0,0.75,5.0,0.11,0.11,45.022348,1776172835000
1776172837.463,37.463,0.29,5.0,0.28,5.0,0.27,5.0,0.26,5.0,0.25,5.0,0.4,5.0,0.43,8.0,0.53,5.0,0.54,5.0,0.55,5.0,0.6,5.0,0.57,8.0,0.47,5.0,0.46,5.0,0.45,5.0,0.71,5.0,0.72,5.0,0.73,5.0,0.74,5.0,0.75,5.0,0.11,0.11,45.022139,1776172836000
1776172837.907,37.907,0.29,5.0,0.28,5.0,0.27,5.0,0.26,5.0,0.25,5.0,0.4,5.0,0.43,8.0,0.53,5.0,0.54,5.0,0.55,5.0,0.6,5.0,0.57,8.0,0.47,5.0,0.46,5.0,0.45,5.0,0.71,5.0,0.72,5.0,0.73,5.0,0.74,5.0,0.75,5.0,0.11,0.11,45.022139,1776172837000
1776172839.552,39.552,0.29,5.0,0.28,5.0,0.27,5.0,0.26,5.0,0.25,5.0,0.4,5.0,0.43,8.0,0.53,5.0,0.54,5.0,0.55,5.0,0.6,5.0,0.57,8.0,0.47,5.0,0.46,5.0,0.45,5.0,0.71,5.0,0.72,5.0,0.73,5.0,0.74,5.0,0.75,5.0,0.11,0.11,45.024482,1776172838000
1776172840.002,40.002,0.29,5.0,0.28,5.0,0.27,5.0,0.26,5.0,0.25,5.0,0.4,5.0,0.43,8.0,0.53,5.0,0.54,5.0,0.55,5.0,0.6,5.0,0.57,8.0,0.47,5.0,0.46,5.0,0.45,5.0,0.71,5.0,0.72,5.0,0.73,5.0,0.74,5.0,0.75,5.0,0.11,0.11,45.023563,1776172839000
1776172840.948,40.948,0.29,5.0,0.28,5.0,0.27,5.0,0.26,5.0,0.25,5.0,0.4,5.0,0.43,8.0,0.53,5.0,0.54,5.0,0.55,5.0,0.6,5.0,0.57,8.0,0.47,5.0,0.46,5.0,0.45,5.0,0.71,5.0,0.72,5.0,0.73,5.0,0.74,5.0,0.75,5.0,0.11,0.11,45.022263,1776172840000
1776172842.043,42.043,0.29,5.0,0.28,5.0,0.27,5.0,0.26,5.0,0.25,5.0,0.4,5.0,0.43,8.0,0.53,5.0,0.54,5.0,0.55,5.0,0.6,5.0,0.57,8.0,0.47,5.0,0.46,5.0,0.45,5.0,0.71,5.0,0.72,5.0,0.73,5.0,0.74,5.0,0.75,5.0,0.11,0.11,45.023879,1776172841000
1776172842.955,42.955,0.29,5.0,0.28,5.0,0.27,5.0,0.26,5.0,0.25,5.0,0.4,5.0,0.43,8.0,0.53,5.0,0.54,5.0,0.55,5.0,0.6,5.0,0.57,8.0,0.47,5.0,0.46,5.0,0.45,5.0,0.71,5.0,0.72,5.0,0.73,5.0,0.74,5.0,0.75,5.0,0.11,0.11,45.020836,1776172842000
1776172843.871,43.871,0.29,5.0,0.28,5.0,0.27,5.0,0.26,5.0,0.25,5.0,0.4,5.0,0.43,8.0,0.53,5.0,0.54,5.0,0.55,5.0,0.6,5.0,0.57,8.0,0.47,5.0,0.46,5.0,0.45,5.0,0.71,5.0,0.72,5.0,0.73,5.0,0.74,5.0,0.75,5.0,0.11,0.11,45.018323,1776172843000
1776172844.8,44.8,0.29,5.0,0.28,5.0,0.27,5.0,0.26,5.0,0.25,5.0,0.4,5.0,0.43,8.0,0.53,5.0,0.54,5.0,0.55,5.0,0.6,5.0,0.57,8.0,0.47,5.0,0.46,5.0,0.45,5.0,0.71,5.0,0.72,5.0,0.73,5.0,0.74,5.0,0.75,5.0,0.11,0.11,45.01072,1776172844000
1776172846.263,46.263,0.29,5.0,0.28,5.0,0.27,5.0,0.26,5.0,0.25,5.0,0.4,5.0,0.43,8.0,0.53,5.0,0.54,5.0,0.55,5.0,0.6,5.0,0.57,8.0,0.47,5.0,0.46,5.0,0.45,5.0,0.71,5.0,0.72,5.0,0.73,5.0,0.74,5.0,0.75,5.0,0.11,0.11,45.009842,1776172845000
1776172847.221,47.221,0.29,5.0,0.28,5.0,0.27,5.0,0.26,5.0,0.25,5.0,0.4,5.0,0.43,8.0,0.53,5.0,0.54,5.0,0.55,5.0,0.6,5.0,0.57,8.0,0.47,5.0,0.46,5.0,0.45,5.0,0.71,5.0,0.72,5.0,0.73,5.0,0.74,5.0,0.75,5.0,0.11,0.11,45.009394,1776172846000
1776172848.267,48.267,0.29,5.0,0.28,5.0,0.27,5.0,0.26,5.0,0.25,5.0,0.4,5.0,0.43,8.0,0.53,5.0,0.54,5.0,0.55,5.0,0.6,5.0,0.57,8.0,0.47,5.0,0.46,5.0,0.45,5.0,0.71,5.0,0.72,5.0,0.73,5.0,0.74,5.0,0.75,5.0,0.11,0.11,45.008183,1776172847000
1776172849.223,49.223,0.29,5.0,0.28,5.0,0.27,5.0,0.26,5.0,0.25,5.0,0.4,5.0,0.43,8.0,0.53,5.0,0.54,5.0,0.55,5.0,0.6,5.0,0.57,8.0,0.47,5.0,0.46,5.0,0.45,5.0,0.71,5.0,0.72,5.0,0.73,5.0,0.74,5.0,0.75,5.0,0.11,0.11,45.007854,1776172848000
1776172850.07,50.07,0.29,13.33,0.28,15.0,0.27,15.0,0.26,15.0,0.25,15.0,0.37,10.0,0.39,8.0,0.43,19.0,0.48,5.0,0.49,5.0,0.63,10.0,0.61,8.0,0.57,19.0,0.52,5.0,0.51,5.0,0.71,13.33,0.72,15.0,0.73,15.0,0.74,15.0,0.75,15.0,0.08,0.08,45.007929,1776172849000
1776172851.561,51.561,0.29,13.33,0.28,15.0,0.27,15.0,0.26,15.0,0.25,15.0,0.37,10.0,0.39,8.0,0.43,19.0,0.48,5.0,0.49,5.0,0.63,10.0,0.61,8.0,0.57,19.0,0.52,5.0,0.51,5.0,0.71,13.33,0.72,15.0,0.73,15.0,0.74,15.0,0.75,15.0,0.08,0.08,45.008199,1776172850000
1776172852.004,52.004,0.29,13.33,0.28,15.0,0.27,15.0,0.26,15.0,0.25,15.0,0.37,10.0,0.39,8.0,0.43,19.0,0.48,5.0,0.49,5.0,0.63,10.0,0.61,8.0,0.57,19.0,0.52,5.0,0.51,5.0,0.71,13.33,0.72,15.0,0.73,15.0,0.74,15.0,0.75,15.0,0.08,0.08,45.008199,1776172851000
1776172853.068,53.068,0.29,13.33,0.28,15.0,0.27,15.0,0.26,15.0,0.25,15.0,0.37,10.0,0.39,8.0,0.43,19.0,0.48,5.0,0.49,5.0,0.63,10.0,0.61,8.0,0.57,19.0,0.52,5.0,0.51,5.0,0.71,13.33,0.72,15.0,0.73,15.0,0.74,15.0,0.75,15.0,0.08,0.08,45.008263,1776172852000
1776172853.441,53.441,0.29,13.33,0.28,15.0,0.27,15.0,0.26,15.0,0.25,15.0,0.36,2.0,0.39,8.0,0.43,19.0,0.48,5.0,0.49,5.0,0.63,10.0,0.61,8.0,0.57,19.0,0.52,5.0,0.51,5.0,0.71,13.33,0.72,15.0,0.73,15.0,0.74,15.0,0.75,15.0,0.07,0.08,45.008263,1776172852000
1776172854.004,54.004,0.29,13.33,0.28,15.0,0.27,15.0,0.26,15.0,0.25,15.0,0.36,2.0,0.39,8.0,0.43,19.0,0.48,5.0,0.49,5.0,0.64,2.0,0.61,8.0,0.57,19.0,0.52,5.0,0.51,5.0,0.71,13.33,0.72,15.0,0.73,15.0,0.74,15.0,0.75,15.0,0.07,0.07,45.008261,1776172853000
1776172854.95,54.95,0.29,13.33,0.28,15.0,0.27,15.0,0.26,15.0,0.25,15.0,0.36,2.0,0.39,8.0,0.43,19.0,0.48,5.0,0.49,5.0,0.64,2.0,0.61,8.0,0.57,19.0,0.52,5.0,0.51,5.0,0.71,13.33,0.72,15.0,0.73,15.0,0.74,15.0,0.75,15.0,0.07,0.07,45.009872,1776172854000
1776172855.876,55.876,0.29,13.33,0.28,15.0,0.27,15.0,0.26,15.0,0.25,15.0,0.36,2.0,0.39,8.0,0.43,19.0,0.48,5.0,0.49,5.0,0.64,2.0,0.61,8.0,0.57,19.0,0.52,5.0,0.51,5.0,0.71,13.33,0.72,15.0,0.73,15.0,0.74,15.0,0.75,15.0,0.07,0.07,45.009858,1776172855000
1776172856.833,56.833,0.29,13.33,0.28,15.0,0.27,15.0,0.26,15.0,0.25,15.0,0.36,2.0,0.39,8.0,0.43,19.0,0.48,5.0,0.49,5.0,0.64,2.0,0.61,8.0,0.57,19.0,0.52,5.0,0.51,5.0,0.71,13.33,0.72,15.0,0.73,15.0,0.74,15.0,0.75,15.0,0.07,0.07,45.008026,1776172856000
1776172857.841,57.841,0.29,13.33,0.28,15.0,0.27,15.0,0.26,15.0,0.25,15.0,0.36,2.0,0.39,8.0,0.43,19.0,0.48,5.0,0.49,5.0,0.64,2.0,0.61,8.0,0.57,19.0,0.52,5.0,0.51,5.0,0.71,13.33,0.72,15.0,0.73,15.0,0.74,15.0,0.75,15.0,0.07,0.07,45.008673,1776172857000
1776172859.246,59.246,0.29,13.33,0.28,15.0,0.27,15.0,0.26,15.0,0.25,15.0,0.36,2.0,0.39,8.0,0.43,19.0,0.48,5.0,0.49,5.0,0.64,2.0,0.61,8.0,0.57,19.0,0.52,5.0,0.51,5.0,0.71,13.33,0.72,15.0,0.73,15.0,0.74,15.0,0.75,15.0,0.07,0.07,45.008544,1776172858000
1776172860.243,60.243,0.29,13.33,0.28,15.0,0.27,15.0,0.26,15.0,0.25,15.0,0.36,2.0,0.39,8.0,0.43,19.0,0.48,5.0,0.49,5.0,0.64,2.0,0.61,8.0,0.57,19.0,0.52,5.0,0.51,5.0,0.71,13.33,0.72,15.0,0.73,15.0,0.74,15.0,0.75,15.0,0.07,0.07,45.00848,1776172859000
1776172861.28,61.28,0.29,13.33,0.28,15.0,0.27,15.0,0.26,15.0,0.25,15.0,0.36,2.0,0.39,8.0,0.43,19.0,0.48,5.0,0.49,5.0,0.64,2.0,0.61,8.0,0.57,19.0,0.52,5.0,0.51,5.0,0.71,13.33,0.72,15.0,0.73,15.0,0.74,15.0,0.75,15.0,0.07,0.07,45.008625,1776172860000
1776172862.298,62.298,0.29,13.33,0.28,15.0,0.27,15.0,0.26,15.0,0.25,15.0,0.36,2.0,0.39,8.0,0.43,19.0,0.48,5.0,0.49,5.0,0.64,2.0,0.61,8.0,0.57,19.0,0.52,5.0,0.51,5.0,0.71,13.33,0.72,15.0,0.73,15.0,0.74,15.0,0.75,15.0,0.07,0.07,45.00848,1776172861000
1776172862.936,62.936,0.29,13.33,0.28,15.0,0.27,15.0,0.26,15.0,0.25,15.0,0.36,2.0,0.39,8.0,0.43,19.0,0.48,5.0,0.49,5.0,0.64,2.0,0.61,8.0,0.57,19.0,0.52,5.0,0.51,5.0,0.71,13.33,0.72,15.0,0.73,15.0,0.74,15.0,0.75,15.0,0.07,0.07,45.009406,1776172862000
1776172864.861,64.861,0.29,13.33,0.28,15.0,0.27,15.0,0.26,15.0,0.25,15.0,0.36,2.0,0.39,8.0,0.43,19.0,0.48,5.0,0.49,5.0,0.64,2.0,0.61,8.0,0.57,19.0,0.52,5.0,0.51,5.0,0.71,13.33,0.72,15.0,0.73,15.0,0.74,15.0,0.75,15.0,0.07,0.07,45.009498,1776172863000
1776172865.23,65.23,0.29,13.33,0.28,15.0,0.27,15.0,0.26,15.0,0.25,15.0,0.36,2.0,0.39,8.0,0.43,19.0,0.48,5.0,0.49,5.0,0.64,2.0,0.61,8.0,0.57,19.0,0.52,5.0,0.51,5.0,0.71,13.33,0.72,15.0,0.73,15.0,0.74,15.0,0.75,15.0,0.07,0.07,45.009512,1776172864000
1776172866.518,66.518,0.29,13.33,0.28,15.0,0.27,15.0,0.26,15.0,0.25,15.0,0.36,2.0,0.39,8.0,0.43,19.0,0.48,5.0,0.49,5.0,0.64,2.0,0.61,8.0,0.57,19.0,0.52,5.0,0.51,5.0,0.71,13.33,0.72,15.0,0.73,15.0,0.74,15.0,0.75,15.0,0.07,0.07,45.009476,1776172865000
1776172866.983,66.983,0.29,13.33,0.28,15.0,0.27,15.0,0.26,15.0,0.25,15.0,0.36,2.0,0.39,8.0,0.43,19.0,0.48,5.0,0.49,5.0,0.64,2.0,0.61,8.0,0.57,19.0,0.52,5.0,0.51,5.0,0.71,13.33,0.72,15.0,0.73,15.0,0.74,15.0,0.75,15.0,0.07,0.07,45.009476,1776172866000
1776172868.165,68.165,0.29,13.33,0.28,15.0,0.27,15.0,0.26,15.0,0.25,15.0,0.36,2.0,0.39,8.0,0.43,19.0,0.48,5.0,0.49,5.0,0.64,2.0,0.61,8.0,0.57,19.0,0.52,5.0,0.51,5.0,0.71,13.33,0.72,15.0,0.73,15.0,0.74,15.0,0.75,15.0,0.07,0.07,45.009481,1776172867000
1776172869.333,69.333,0.29,13.33,0.28,15.0,0.27,15.0,0.26,15.0,0.25,15.0,0.36,2.0,0.39,8.0,0.43,19.0,0.48,5.0,0.49,5.0,0.64,2.0,0.61,8.0,0.57,19.0,0.52,5.0,0.51,5.0,0.71,13.33,0.72,15.0,0.73,15.0,0.74,15.0,0.75,15.0,0.07,0.07,45.009144,1776172868000
1776172870.372,70.372,0.29,13.33,0.28,15.0,0.27,15.0,0.26,15.0,0.25,15.0,0.36,2.0,0.39,8.0,0.43,19.0,0.48,5.0,0.49,5.0,0.64,2.0,0.61,8.0,0.57,19.0,0.52,5.0,0.51,5.0,0.71,13.33,0.72,15.0,0.73,15.0,0.74,15.0,0.75,15.0,0.07,0.07,45.009288,1776172869000
1776172871.019,71.019,0.29,13.33,0.28,15.0,0.27,15.0,0.26,15.0,0.25,15.0,0.36,2.0,0.39,8.0,0.43,19.0,0.48,5.0,0.49,5.0,0.64,2.0,0.61,8.0,0.57,19.0,0.52,5.0,0.51,5.0,0.71,13.33,0.72,15.0,0.73,15.0,0.74,15.0,0.75,15.0,0.07,0.07,45.00921,1776172870000
1776172872.083,72.083,0.29,13.33,0.28,15.0,0.27,15.0,0.26,15.0,0.25,15.0,0.36,2.0,0.39,8.0,0.43,19.0,0.48,5.0,0.49,5.0,0.64,2.0,0.61,8.0,0.57,19.0,0.52,5.0,0.51,5.0,0.71,13.33,0.72,15.0,0.73,15.0,0.74,15.0,0.75,15.0,0.07,0.07,45.008649,1776172871000
1776172873.289,73.289,0.29,13.33,0.28,15.0,0.27,15.0,0.26,15.0,0.25,15.0,0.36,2.0,0.39,8.0,0.43,19.0,0.48,5.0,0.49,5.0,0.64,2.0,0.61,8.0,0.57,19.0,0.52,5.0,0.51,5.0,0.71,13.33,0.72,15.0,0.73,15.0,0.74,15.0,0.75,15.0,0.07,0.07,45.008851,1776172872000
1776172874.294,74.294,0.29,13.33,0.28,15.0,0.27,15.0,0.26,15.0,0.25,15.0,0.36,2.0,0.39,8.0,0.43,19.0,0.48,5.0,0.49,5.0,0.64,2.0,0.61,8.0,0.57,19.0,0.52,5.0,0.51,5.0,0.71,13.33,0.72,15.0,0.73,15.0,0.74,15.0,0.75,15.0,0.07,0.07,45.01013,1776172873000
1776172875.348,75.348,0.29,13.33,0.28,15.0,0.27,15.0,0.26,15.0,0.25,15.0,0.36,2.0,0.39,8.0,0.43,19.0,0.48,5.0,0.49,5.0,0.64,2.0,0.61,8.0,0.57,19.0,0.52,5.0,0.51,5.0,0.71,13.33,0.72,15.0,0.73,15.0,0.74,15.0,0.75,15.0,0.07,0.07,45.010892,1776172874000
1776172876.06,76.06,0.29,13.33,0.28,15.0,0.27,15.0,0.26,15.0,0.25,15.0,0.36,2.0,0.39,8.0,0.43,19.0,0.48,5.0,0.49,5.0,0.64,2.0,0.61,8.0,0.57,19.0,0.52,5.0,0.51,5.0,0.71,13.33,0.72,15.0,0.73,15.0,0.74,15.0,0.75,15.0,0.07,0.07,45.010892,1776172875000
1776172877.044,77.044,0.29,13.33,0.28,15.0,0.27,15.0,0.26,15.0,0.25,15.0,0.36,2.0,0.39,8.0,0.43,19.0,0.48,5.0,0.49,5.0,0.64,2.0,0.61,8.0,0.57,19.0,0.52,5.0,0.51,5.0,0.71,13.33,0.72,15.0,0.73,15.0,0.74,15.0,0.75,15.0,0.07,0.07,45.010259,1776172876000
1776172878.143,78.143,0.29,13.33,0.28,15.0,0.27,15.0,0.26,15.0,0.25,15.0,0.36,2.0,0.39,8.0,0.43,19.0,0.48,5.0,0.49,5.0,0.64,2.0,0.61,8.0,0.57,19.0,0.52,5.0,0.51,5.0,0.71,13.33,0.72,15.0,0.73,15.0,0.74,15.0,0.75,15.0,0.07,0.07,45.009075,1776172877000
1776172878.96,78.96,0.29,13.33,0.28,15.0,0.27,15.0,0.26,15.0,0.25,15.0,0.36,2.0,0.39,8.0,0.43,19.0,0.48,5.0,0.49,5.0,0.64,2.0,0.61,8.0,0.57,19.0,0.52,5.0,0.51,5.0,0.71,13.33,0.72,15.0,0.73,15.0,0.74,15.0,0.75,15.0,0.07,0.07,45.006873,1776172878000
1776172880.005,80.005,0.29,13.33,0.28,15.0,0.27,15.0,0.26,15.0,0.25,15.0,0.36,2.0,0.39,8.0,0.43,19.0,0.48,5.0,0.49,5.0,0.64,2.0,0.61,8.0,0.57,19.0,0.52,5.0,0.51,5.0,0.71,13.33,0.72,15.0,0.73,15.0,0.74,15.0,0.75,15.0,0.07,0.07,45.003855,1776172879000
1776172880.814,80.814,0.29,13.33,0.28,15.0,0.27,15.0,0.26,15.0,0.25,15.0,0.36,2.0,0.39,8.0,0.43,19.0,0.48,5.0,0.49,5.0,0.64,2.0,0.61,8.0,0.57,19.0,0.52,5.0,0.51,5.0,0.71,13.33,0.72,15.0,0.73,15.0,0.74,15.0,0.75,15.0,0.07,0.07,44.999372,1776172880000
1776172882.369,82.369,0.29,13.33,0.28,15.0,0.27,15.0,0.26,15.0,0.25,15.0,0.36,2.0,0.39,8.0,0.43,19.0,0.48,5.0,0.49,5.0,0.64,2.0,0.61,8.0,0.57,19.0,0.52,5.0,0.51,5.0,0.71,13.33,0.72,15.0,0.73,15.0,0.74,15.0,0.75,15.0,0.07,0.07,44.998582,1776172881000
1776172883.341,83.341,0.25,15.0,0.24,15.0,0.23,15.0,0.22,15.0,0.21,15.0,0.32,7.0,0.33,10.0,0.38,15.0,0.39,15.0,0.4,15.0,0.68,7.0,0.67,10.0,0.62,15.0,0.61,15.0,0.6,15.0,0.75,15.0,0.76,15.0,0.77,15.0,0.78,15.0,0.79,15.0,0.07,0.07,44.999151,1776172882000
1776172884.162,84.162,0.25,15.0,0.24,15.0,0.23,15.0,0.22,15.0,0.21,15.0,0.32,7.0,0.33,10.0,0.38,15.0,0.39,15.0,0.4,15.0,0.68,7.0,0.67,10.0,0.62,15.0,0.61,15.0,0.6,15.0,0.75,15.0,0.76,15.0,0.77,15.0,0.78,15.0,0.79,15.0,0.07,0.07,45.00205,1776172883000
1776172885.12,85.12,0.25,15.0,0.24,15.0,0.23,15.0,0.22,15.0,0.21,15.0,0.32,7.0,0.33,10.0,0.38,15.0,0.39,15.0,0.4,15.0,0.68,7.0,0.67,10.0,0.62,15.0,0.61,15.0,0.6,15.0,0.75,15.0,0.76,15.0,0.77,15.0,0.78,15.0,0.79,15.0,0.07,0.07,45.00218,1776172884000
1776172886.004,86.004,0.25,15.0,0.24,15.0,0.23,15.0,0.22,15.0,0.21,15.0,0.32,7.0,0.33,10.0,0.38,15.0,0.39,15.0,0.4,15.0,0.68,7.0,0.67,10.0,0.62,15.0,0.61,15.0,0.6,15.0,0.75,15.0,0.76,15.0,0.77,15.0,0.78,15.0,0.79,15.0,0.07,0.07,45.002536,1776172885000
1776172887.046,87.046,0.25,15.0,0.24,15.0,0.23,15.0,0.22,15.0,0.21,15.0,0.32,7.0,0.33,10.0,0.38,15.0,0.39,15.0,0.4,15.0,0.68,7.0,0.67,10.0,0.62,15.0,0.61,15.0,0.6,15.0,0.75,15.0,0.76,15.0,0.77,15.0,0.78,15.0,0.79,15.0,0.07,0.07,45.003072,1776172886000
1776172887.968,87.968,0.25,15.0,0.24,15.0,0.23,15.0,0.22,15.0,0.21,15.0,0.32,7.0,0.33,10.0,0.38,15.0,0.39,15.0,0.4,15.0,0.68,7.0,0.67,10.0,0.62,15.0,0.61,15.0,0.6,15.0,0.75,15.0,0.76,15.0,0.77,15.0,0.78,15.0,0.79,15.0,0.07,0.07,45.004142,1776172887000
1776172888.896,88.896,0.25,15.0,0.24,15.0,0.23,15.0,0.22,15.0,0.21,15.0,0.32,7.0,0.33,10.0,0.38,15.0,0.39,15.0,0.4,15.0,0.68,7.0,0.67,10.0,0.62,15.0,0.61,15.0,0.6,15.0,0.75,15.0,0.76,15.0,0.77,15.0,0.78,15.0,0.79,15.0,0.07,0.07,45.00269,1776172888000
1776172889.988,89.988,0.25,15.0,0.24,15.0,0.23,15.0,0.22,15.0,0.21,15.0,0.32,7.0,0.33,10.0,0.38,15.0,0.39,15.0,0.4,15.0,0.68,7.0,0.67,10.0,0.62,15.0,0.61,15.0,0.6,15.0,0.75,15.0,0.76,15.0,0.77,15.0,0.78,15.0,0.79,15.0,0.07,0.07,45.004983,1776172889000
1776172891.375,91.375,0.25,15.0,0.24,15.0,0.23,15.0,0.22,15.0,0.21,15.0,0.32,7.0,0.33,10.0,0.38,15.0,0.39,15.0,0.4,15.0,0.68,7.0,0.67,10.0,0.62,15.0,0.61,15.0,0.6,15.0,0.75,15.0,0.76,15.0,0.77,15.0,0.78,15.0,0.79,15.0,0.07,0.07,45.001776,1776172890000
1776172891.952,91.952,0.25,15.0,0.24,15.0,0.23,15.0,0.22,15.0,0.21,15.0,0.32,7.0,0.33,10.0,0.38,15.0,0.39,15.0,0.4,15.0,0.68,7.0,0.67,10.0,0.62,15.0,0.61,15.0,0.6,15.0,0.75,15.0,0.76,15.0,0.77,15.0,0.78,15.0,0.79,15.0,0.07,0.07,45.00099,1776172891000
1776172892.96,92.96,0.25,15.0,0.24,15.0,0.23,15.0,0.22,15.0,0.21,15.0,0.32,7.0,0.33,10.0,0.38,15.0,0.39,15.0,0.4,15.0,0.68,7.0,0.67,10.0,0.62,15.0,0.61,15.0,0.6,15.0,0.75,15.0,0.76,15.0,0.77,15.0,0.78,15.0,0.79,15.0,0.07,0.07,45.000381,1776172892000
1776172894.103,94.103,0.25,15.0,0.24,15.0,0.23,15.0,0.22,15.0,0.21,15.0,0.32,7.0,0.33,10.0,0.38,15.0,0.39,15.0,0.4,15.0,0.68,7.0,0.67,10.0,0.62,15.0,0.61,15.0,0.6,15.0,0.75,15.0,0.76,15.0,0.77,15.0,0.78,15.0,0.79,15.0,0.07,0.07,44.997602,1776172893000
1776172895.356,95.356,0.25,15.0,0.24,15.0,0.23,15.0,0.22,15.0,0.21,15.0,0.32,7.0,0.33,10.0,0.38,15.0,0.39,15.0,0.4,15.0,0.68,7.0,0.67,10.0,0.62,15.0,0.61,15.0,0.6,15.0,0.75,15.0,0.76,15.0,0.77,15.0,0.78,15.0,0.79,15.0,0.07,0.07,44.999531,1776172894000
1776172895.609,95.609,0.25,4.76,0.24,15.0,0.23,15.0,0.22,15.0,0.21,15.0,0.31,7.0,0.32,10.0,0.36,15.0,0.37,15.0,0.38,15.0,0.68,7.0,0.67,10.0,0.62,15.0,0.61,15.0,0.6,15.0,0.75,15.0,0.76,15.0,0.77,15.0,0.78,15.0,0.79,15.0,0.06,0.07,44.999531,1776172894000
1776172896.386,96.386,0.25,4.76,0.24,15.0,0.23,15.0,0.22,15.0,0.21,15.0,0.31,7.0,0.32,10.0,0.36,15.0,0.37,15.0,0.38,15.0,0.69,7.0,0.68,10.0,0.64,15.0,0.63,15.0,0.62,15.0,0.75,4.76,0.76,15.0,0.77,15.0,0.78,15.0,0.79,15.0,0.06,0.06,45.000231,1776172895000
1776172896.886,96.886,0.25,4.76,0.24,15.0,0.23,15.0,0.22,15.0,0.21,15.0,0.31,7.0,0.32,10.0,0.36,15.0,0.37,15.0,0.38,15.0,0.69,7.0,0.68,10.0,0.64,15.0,0.63,15.0,0.62,15.0,0.75,4.76,0.76,15.0,0.77,15.0,0.78,15.0,0.79,15.0,0.06,0.06,45.000231,1776172896000
1776172898.018,98.018,0.25,4.76,0.24,15.0,0.23,15.0,0.22,15.0,0.21,15.0,0.31,7.0,0.32,10.0,0.36,15.0,0.37,15.0,0.38,15.0,0.69,7.0,0.68,10.0,0.64,15.0,0.63,15.0,0.62,15.0,0.75,4.76,0.76,15.0,0.77,15.0,0.78,15.0,0.79,15.0,0.06,0.06,45.000866,1776172897000
1776172899.119,99.119,0.25,4.76,0.24,15.0,0.23,15.0,0.22,15.0,0.21,15.0,0.31,7.0,0.32,10.0,0.36,15.0,0.37,15.0,0.38,15.0,0.69,7.0,0.68,10.0,0.64,15.0,0.63,15.0,0.62,15.0,0.75,4.76,0.76,15.0,0.77,15.0,0.78,15.0,0.79,15.0,0.06,0.06,45.001356,1776172898000
1776172900.089,100.089,0.25,4.76,0.24,15.0,0.23,15.0,0.22,15.0,0.21,15.0,0.31,7.0,0.32,10.0,0.36,15.0,0.37,15.0,0.38,15.0,0.69,7.0,0.68,10.0,0.64,15.0,0.63,15.0,0.62,15.0,0.75,4.76,0.76,15.0,0.77,15.0,0.78,15.0,0.79,15.0,0.06,0.06,45.002688,1776172899000
1776172901.181,101.181,0.25,4.76,0.24,15.0,0.23,15.0,0.22,15.0,0.21,15.0,0.31,7.0,0.32,10.0,0.36,15.0,0.37,15.0,0.38,15.0,0.69,7.0,0.68,10.0,0.64,15.0,0.63,15.0,0.62,15.0,0.75,4.76,0.76,15.0,0.77,15.0,0.78,15.0,0.79,15.0,0.06,0.06,44.998539,1776172900000
1776172902.294,102.294,0.25,4.76,0.24,15.0,0.23,15.0,0.22,15.0,0.21,15.0,0.31,7.0,0.32,10.0,0.36,15.0,0.37,15.0,0.38,15.0,0.69,7.0,0.68,10.0,0.64,15.0,0.63,15.0,0.62,15.0,0.75,4.76,0.76,15.0,0.77,15.0,0.78,15.0,0.79,15.0,0.06,0.06,44.996322,1776172901000
1776172903.565,103.565,0.25,4.76,0.24,15.0,0.23,15.0,0.22,15.0,0.21,15.0,0.31,7.0,0.32,10.0,0.36,15.0,0.37,15.0,0.38,15.0,0.69,7.0,0.68,10.0,0.64,15.0,0.63,15.0,0.62,15.0,0.75,4.76,0.76,15.0,0.77,15.0,0.78,15.0,0.79,15.0,0.06,0.06,44.995957,1776172902000
1776172904.173,104.173,0.25,4.76,0.24,15.0,0.23,15.0,0.22,15.0,0.21,15.0,0.31,7.0,0.32,10.0,0.36,15.0,0.37,15.0,0.38,15.0,0.69,7.0,0.68,10.0,0.64,15.0,0.63,15.0,0.62,15.0,0.75,4.76,0.76,15.0,0.77,15.0,0.78,15.0,0.79,15.0,0.06,0.06,44.995791,1776172903000
1776172905.819,105.819,0.25,4.76,0.24,15.0,0.23,15.0,0.22,15.0,0.21,15.0,0.31,7.0,0.32,10.0,0.36,15.0,0.37,15.0,0.38,15.0,0.69,7.0,0.68,10.0,0.64,15.0,0.63,15.0,0.62,15.0,0.75,4.76,0.76,15.0,0.77,15.0,0.78,15.0,0.79,15.0,0.06,0.06,44.99552,1776172904000
1776172906.494,106.494,0.25,4.76,0.24,15.0,0.23,15.0,0.22,15.0,0.21,15.0,0.31,7.0,0.32,10.0,0.36,15.0,0.37,15.0,0.38,15.0,0.69,7.0,0.68,10.0,0.64,15.0,0.63,15.0,0.62,15.0,0.75,4.76,0.76,15.0,0.77,15.0,0.78,15.0,0.79,15.0,0.06,0.06,44.998659,1776172905000
1776172907.089,107.089,0.25,4.76,0.24,15.0,0.23,15.0,0.22,15.0,0.21,15.0,0.31,7.0,0.32,10.0,0.36,15.0,0.37,15.0,0.38,15.0,0.69,7.0,0.68,10.0,0.64,15.0,0.63,15.0,0.62,15.0,0.75,4.76,0.76,15.0,0.77,15.0,0.78,15.0,0.79,15.0,0.06,0.06,44.995042,1776172906000
1776172908.273,108.273,0.25,4.76,0.24,15.0,0.23,15.0,0.22,15.0,0.21,15.0,0.31,7.0,0.32,10.0,0.36,15.0,0.37,15.0,0.38,15.0,0.69,7.0,0.68,10.0,0.64,15.0,0.63,15.0,0.62,15.0,0.75,4.76,0.76,15.0,0.77,15.0,0.78,15.0,0.79,15.0,0.06,0.06,44.996907,1776172907000
1776172909.499,109.499,0.25,4.76,0.24,15.0,0.23,15.0,0.22,15.0,0.21,15.0,0.31,7.0,0.32,10.0,0.36,15.0,0.37,15.0,0.38,15.0,0.69,7.0,0.68,10.0,0.64,15.0,0.63,15.0,0.62,15.0,0.75,4.76,0.76,15.0,0.77,15.0,0.78,15.0,0.79,15.0,0.06,0.06,44.998024,1776172908000
1776172910.011,110.011,0.25,4.76,0.24,15.0,0.23,15.0,0.22,15.0,0.21,15.0,0.31,7.0,0.32,10.0,0.36,15.0,0.37,15.0,0.38,15.0,0.69,7.0,0.68,10.0,0.64,15.0,0.63,15.0,0.62,15.0,0.75,4.76,0.76,15.0,0.77,15.0,0.78,15.0,0.79,15.0,0.06,0.06,44.998774,1776172909000
1776172911.151,111.151,0.25,4.76,0.24,15.0,0.23,15.0,0.22,15.0,0.21,15.0,0.31,7.0,0.32,10.0,0.36,15.0,0.37,15.0,0.38,15.0,0.69,7.0,0.68,10.0,0.64,15.0,0.63,15.0,0.62,15.0,0.75,4.76,0.76,15.0,0.77,15.0,0.78,15.0,0.79,15.0,0.06,0.06,44.998934,1776172910000
1776172912.107,112.107,0.25,4.76,0.24,15.0,0.23,15.0,0.22,15.0,0.21,15.0,0.31,7.0,0.32,10.0,0.36,15.0,0.37,15.0,0.38,15.0,0.69,7.0,0.68,10.0,0.64,15.0,0.63,15.0,0.62,15.0,0.75,4.76,0.76,15.0,0.77,15.0,0.78,15.0,0.79,15.0,0.06,0.06,44.99879,1776172911000
1776172913.298,113.298,0.25,4.76,0.24,15.0,0.23,15.0,0.22,15.0,0.21,15.0,0.31,7.0,0.32,10.0,0.36,15.0,0.37,15.0,0.38,15.0,0.69,7.0,0.68,10.0,0.64,15.0,0.63,15.0,0.62,15.0,0.75,4.76,0.76,15.0,0.77,15.0,0.78,15.0,0.79,15.0,0.06,0.06,44.999508,1776172912000
1776172913.958,113.958,0.25,4.76,0.24,15.0,0.23,15.0,0.22,15.0,0.21,15.0,0.31,7.0,0.32,10.0,0.36,15.0,0.37,15.0,0.38,15.0,0.69,7.0,0.68,10.0,0.64,15.0,0.63,15.0,0.62,15.0,0.75,4.76,0.76,15.0,0.77,15.0,0.78,15.0,0.79,15.0,0.06,0.06,44.999,1776172913000
1776172914.938,114.938,0.25,4.76,0.24,15.0,0.23,15.0,0.22,15.0,0.21,15.0,0.31,7.0,0.32,10.0,0.36,15.0,0.37,15.0,0.38,15.0,0.69,7.0,0.68,10.0,0.64,15.0,0.63,15.0,0.62,15.0,0.75,4.76,0.76,15.0,0.77,15.0,0.78,15.0,0.79,15.0,0.06,0.06,44.997897,1776172914000
1776172915.994,115.994,0.25,4.76,0.24,15.0,0.23,15.0,0.22,15.0,0.21,15.0,0.31,7.0,0.32,10.0,0.36,15.0,0.37,15.0,0.38,15.0,0.69,7.0,0.68,10.0,0.64,15.0,0.63,15.0,0.62,15.0,0.75,4.76,0.76,15.0,0.77,15.0,0.78,15.0,0.79,15.0,0.06,0.06,44.994947,1776172915000
1776172917.025,117.025,0.25,4.76,0.24,15.0,0.23,15.0,0.22,15.0,0.21,15.0,0.31,7.0,0.32,10.0,0.36,15.0,0.37,15.0,0.38,15.0,0.69,7.0,0.68,10.0,0.64,15.0,0.63,15.0,0.62,15.0,0.75,4.76,0.76,15.0,0.77,15.0,0.78,15.0,0.79,15.0,0.06,0.06,44.998401,1776172916000
1776172918.01,118.01,0.25,4.76,0.24,15.0,0.23,15.0,0.22,15.0,0.21,15.0,0.31,7.0,0.32,10.0,0.36,15.0,0.37,15.0,0.38,15.0,0.69,7.0,0.68,10.0,0.64,15.0,0.63,15.0,0.62,15.0,0.75,4.76,0.76,15.0,0.77,15.0,0.78,15.0,0.79,15.0,0.06,0.06,44.993138,1776172917000
1776172918.939,118.939,0.25,4.76,0.24,15.0,0.23,15.0,0.22,15.0,0.21,15.0,0.31,7.0,0.32,10.0,0.36,15.0,0.37,15.0,0.38,15.0,0.69,7.0,0.68,10.0,0.64,15.0,0.63,15.0,0.62,15.0,0.75,4.76,0.76,15.0,0.77,15.0,0.78,15.0,0.79,15.0,0.06,0.06,44.993131,1776172918000
1776172920.12,120.12,0.25,4.76,0.24,15.0,0.23,15.0,0.22,15.0,0.21,15.0,0.31,7.0,0.32,10.0,0.36,15.0,0.37,15.0,0.38,15.0,0.69,7.0,0.68,10.0,0.64,15.0,0.63,15.0,0.62,15.0,0.75,4.76,0.76,15.0,0.77,15.0,0.78,15.0,0.79,15.0,0.06,0.06,44.992467,1776172919000
1776172921.348,121.348,0.25,4.76,0.24,15.0,0.23,15.0,0.22,15.0,0.21,15.0,0.31,7.0,0.32,10.0,0.36,15.0,0.37,15.0,0.38,15.0,0.69,7.0,0.68,10.0,0.64,15.0,0.63,15.0,0.62,15.0,0.75,4.76,0.76,15.0,0.77,15.0,0.78,15.0,0.79,15.0,0.06,0.06,44.996201,1776172920000
1776172921.941,121.941,0.25,4.76,0.24,15.0,0.23,15.0,0.22,15.0,0.21,15.0,0.31,7.0,0.32,10.0,0.36,15.0,0.37,15.0,0.38,15.0,0.69,7.0,0.68,10.0,0.64,15.0,0.63,15.0,0.62,15.0,0.75,4.76,0.76,15.0,0.77,15.0,0.78,15.0,0.79,15.0,0.06,0.06,44.996201,1776172921000
1776172923.315,123.315,0.25,4.76,0.24,15.0,0.23,15.0,0.22,15.0,0.21,15.0,0.31,7.0,0.32,10.0,0.36,15.0,0.37,15.0,0.38,15.0,0.69,7.0,0.68,10.0,0.64,15.0,0.63,15.0,0.62,15.0,0.75,4.76,0.76,15.0,0.77,15.0,0.78,15.0,0.79,15.0,0.06,0.06,44.997943,1776172922000
1776172923.993,123.993,0.25,4.76,0.24,15.0,0.23,15.0,0.22,15.0,0.21,15.0,0.31,7.0,0.32,10.0,0.36,15.0,0.37,15.0,0.38,15.0,0.69,7.0,0.68,10.0,0.64,15.0,0.63,15.0,0.62,15.0,0.75,4.76,0.76,15.0,0.77,15.0,0.78,15.0,0.79,15.0,0.06,0.06,44.998175,1776172923000
1776172925.269,125.269,0.25,4.76,0.24,15.0,0.23,15.0,0.22,15.0,0.21,15.0,0.31,7.0,0.32,10.0,0.36,15.0,0.37,15.0,0.38,15.0,0.69,7.0,0.68,10.0,0.64,15.0,0.63,15.0,0.62,15.0,0.75,4.76,0.76,15.0,0.77,15.0,0.78,15.0,0.79,15.0,0.06,0.06,44.998005,1776172924000
1776172926.588,126.588,0.25,4.76,0.24,15.0,0.23,15.0,0.22,15.0,0.21,15.0,0.31,7.0,0.32,10.0,0.36,15.0,0.37,15.0,0.38,15.0,0.69,7.0,0.68,10.0,0.64,15.0,0.63,15.0,0.62,15.0,0.75,4.76,0.76,15.0,0.77,15.0,0.78,15.0,0.79,15.0,0.06,0.06,44.997733,1776172925000
1776172927.3,127.3,0.25,4.76,0.24,15.0,0.23,15.0,0.22,15.0,0.21,15.0,0.31,7.0,0.32,10.0,0.36,15.0,0.37,15.0,0.38,15.0,0.69,7.0,0.68,10.0,0.64,15.0,0.63,15.0,0.62,15.0,0.75,4.76,0.76,15.0,0.77,15.0,0.78,15.0,0.79,15.0,0.06,0.06,44.997192,1776172926000
1776172928.551,128.551,0.25,4.76,0.24,15.0,0.23,15.0,0.22,15.0,0.21,15.0,0.31,7.0,0.32,10.0,0.36,15.0,0.37,15.0,0.38,15.0,0.69,7.0,0.68,10.0,0.64,15.0,0.63,15.0,0.62,15.0,0.75,4.76,0.76,15.0,0.77,15.0,0.78,15.0,0.79,15.0,0.06,0.06,44.997064,1776172927000
1776172929.135,129.135,0.25,4.76,0.24,15.0,0.23,15.0,0.22,15.0,0.21,15.0,0.31,7.0,0.32,10.0,0.36,15.0,0.37,15.0,0.38,15.0,0.69,7.0,0.68,10.0,0.64,15.0,0.63,15.0,0.62,15.0,0.75,4.76,0.76,15.0,0.77,15.0,0.78,15.0,0.79,15.0,0.06,0.06,44.99707,1776172928000
1776172930.45,130.45,0.25,4.76,0.24,15.0,0.23,15.0,0.22,15.0,0.21,15.0,0.31,7.0,0.32,10.0,0.36,15.0,0.37,15.0,0.38,15.0,0.69,7.0,0.68,10.0,0.64,15.0,0.63,15.0,0.62,15.0,0.75,4.76,0.76,15.0,0.77,15.0,0.78,15.0,0.79,15.0,0.06,0.06,44.997324,1776172929000
1776172931.038,131.038,0.25,4.76,0.24,15.0,0.23,15.0,0.22,15.0,0.21,15.0,0.31,7.0,0.32,10.0,0.36,15.0,0.37,15.0,0.38,15.0,0.69,7.0,0.68,10.0,0.64,15.0,0.63,15.0,0.62,15.0,0.75,4.76,0.76,15.0,0.77,15.0,0.78,15.0,0.79,15.0,0.06,0.06,44.998884,1776172930000
1776172932.279,132.279,0.23,15.0,0.22,15.0,0.21,15.0,0.2,15.0,0.19,15.0,0.26,6.0,0.33,10.0,0.36,15.0,0.37,15.0,0.38,15.0,0.74,6.0,0.67,10.0,0.64,15.0,0.63,15.0,0.62,15.0,0.77,15.0,0.78,15.0,0.79,15.0,0.8,15.0,0.81,15.0,0.03,0.03,45.000526,1776172931000
1776172933.525,133.525,0.23,15.0,0.22,15.0,0.21,15.0,0.2,15.0,0.19,15.0,0.26,6.0,0.33,10.0,0.36,15.0,0.37,15.0,0.38,15.0,0.74,6.0,0.67,10.0,0.64,15.0,0.63,15.0,0.62,15.0,0.77,15.0,0.78,15.0,0.79,15.0,0.8,15.0,0.81,15.0,0.03,0.03,45.00276,1776172932000
1776172934.065,134.065,0.23,15.0,0.22,15.0,0.21,15.0,0.2,15.0,0.19,15.0,0.26,6.0,0.33,10.0,0.36,15.0,0.37,15.0,0.38,15.0,0.74,6.0,0.67,10.0,0.64,15.0,0.63,15.0,0.62,15.0,0.77,15.0,0.78,15.0,0.79,15.0,0.8,15.0,0.81,15.0,0.03,0.03,45.002981,1776172933000
1776172935.392,135.392,0.23,15.0,0.22,15.0,0.21,15.0,0.2,15.0,0.19,15.0,0.26,6.0,0.33,10.0,0.36,15.0,0.37,15.0,0.38,15.0,0.74,6.0,0.67,10.0,0.64,15.0,0.63,15.0,0.62,15.0,0.77,15.0,0.78,15.0,0.79,15.0,0.8,15.0,0.81,15.0,0.03,0.03,45.003145,1776172934000
1776172936.378,136.378,0.22,12.43,0.21,15.0,0.2,15.0,0.19,15.0,0.18,15.0,0.25,6.0,0.31,10.0,0.33,15.0,0.34,15.0,0.35,15.0,0.74,6.0,0.67,10.0,0.64,15.0,0.63,15.0,0.62,15.0,0.77,15.0,0.78,15.0,0.79,15.0,0.8,15.0,0.81,15.0,0.03,0.03,45.003145,1776172934000
1776172937.009,137.009,0.22,12.43,0.21,15.0,0.2,15.0,0.19,15.0,0.18,15.0,0.25,6.0,0.31,10.0,0.33,15.0,0.34,15.0,0.35,15.0,0.75,6.0,0.69,10.0,0.67,15.0,0.66,15.0,0.65,15.0,0.78,12.43,0.79,15.0,0.8,15.0,0.81,15.0,0.82,15.0,0.03,0.03,45.003198,1776172936000
1776172938.315,138.315,0.22,12.43,0.21,15.0,0.2,15.0,0.19,15.0,0.18,15.0,0.25,6.0,0.31,10.0,0.33,15.0,0.34,15.0,0.35,15.0,0.75,6.0,0.69,10.0,0.67,15.0,0.66,15.0,0.65,15.0,0.78,12.43,0.79,15.0,0.8,15.0,0.81,15.0,0.82,15.0,0.03,0.03,45.003198,1776172937000
1776172939.71,139.71,0.22,12.43,0.21,15.0,0.2,15.0,0.19,15.0,0.18,15.0,0.25,6.0,0.31,10.0,0.33,15.0,0.34,15.0,0.35,15.0,0.75,6.0,0.69,10.0,0.67,15.0,0.66,15.0,0.65,15.0,0.78,12.43,0.79,15.0,0.8,15.0,0.81,15.0,0.82,15.0,0.03,0.03,45.003275,1776172938000
1776172940.301,140.301,0.22,12.43,0.21,15.0,0.2,15.0,0.19,15.0,0.18,15.0,0.25,6.0,0.31,10.0,0.33,15.0,0.34,15.0,0.35,15.0,0.75,6.0,0.69,10.0,0.67,15.0,0.66,15.0,0.65,15.0,0.78,12.43,0.79,15.0,0.8,15.0,0.81,15.0,0.82,15.0,0.03,0.03,45.003275,1776172939000
1776172941.567,141.567,0.22,12.43,0.21,15.0,0.2,15.0,0.19,15.0,0.18,15.0,0.25,6.0,0.31,10.0,0.33,15.0,0.34,15.0,0.35,15.0,0.75,6.0,0.69,10.0,0.67,15.0,0.66,15.0,0.65,15.0,0.78,12.43,0.79,15.0,0.8,15.0,0.81,15.0,0.82,15.0,0.03,0.03,45.003267,1776172940000
1776172942.456,142.456,0.22,12.43,0.21,15.0,0.2,15.0,0.19,15.0,0.18,15.0,0.25,6.0,0.31,10.0,0.33,15.0,0.34,15.0,0.35,15.0,0.75,6.0,0.69,10.0,0.67,15.0,0.66,15.0,0.65,15.0,0.78,12.43,0.79,15.0,0.8,15.0,0.81,15.0,0.82,15.0,0.03,0.03,45.003267,1776172941000
1776172942.977,142.977,0.21,15.0,0.2,15.0,0.19,15.0,0.18,15.0,0.17,15.0,0.31,15.0,0.32,15.0,0.33,15.0,0.34,15.0,0.35,15.0,0.75,6.0,0.69,10.0,0.67,15.0,0.66,15.0,0.65,15.0,0.78,12.43,0.79,15.0,0.8,15.0,0.81,15.0,0.82,15.0,0.1,0.03,45.003267,1776172941000
1776172943.671,143.671,0.21,15.0,0.2,15.0,0.19,15.0,0.18,15.0,0.17,15.0,0.31,15.0,0.32,15.0,0.33,15.0,0.34,15.0,0.35,15.0,0.69,15.0,0.68,15.0,0.67,15.0,0.66,15.0,0.65,15.0,0.79,15.0,0.8,15.0,0.81,15.0,0.82,15.0,0.83,15.0,0.1,0.1,45.003675,1776172942000
1776172944.424,144.424,0.21,15.0,0.2,15.0,0.19,15.0,0.18,15.0,0.17,15.0,0.31,15.0,0.32,15.0,0.33,15.0,0.34,15.0,0.35,15.0,0.69,15.0,0.68,15.0,0.67,15.0,0.66,15.0,0.65,15.0,0.79,15.0,0.8,15.0,0.81,15.0,0.82,15.0,0.83,15.0,0.1,0.1,45.006936,1776172943000
1776172945.132,145.132,0.21,15.0,0.2,15.0,0.19,15.0,0.18,15.0,0.17,15.0,0.31,15.0,0.32,15.0,0.33,15.0,0.34,15.0,0.35,15.0,0.69,15.0,0.68,15.0,0.67,15.0,0.66,15.0,0.65,15.0,0.79,15.0,0.8,15.0,0.81,15.0,0.82,15.0,0.83,15.0,0.1,0.1,45.010617,1776172944000
1776172945.628,145.628,0.2,78.0,0.19,41.0,0.18,15.0,0.17,15.0,0.16,15.0,0.31,5.0,0.32,15.0,0.33,15.0,0.34,15.0,0.35,15.0,0.69,15.0,0.68,15.0,0.67,15.0,0.66,15.0,0.65,15.0,0.79,15.0,0.8,15.0,0.81,15.0,0.82,15.0,0.83,15.0,0.11,0.1,45.010617,1776172944000
1776172945.968,145.968,0.22,63.0,0.2,15.0,0.19,41.0,0.18,15.0,0.17,15.0,0.33,5.0,0.34,15.0,0.35,15.0,0.36,15.0,0.37,15.0,0.69,5.0,0.68,15.0,0.67,15.0,0.66,15.0,0.65,15.0,0.8,78.0,0.81,41.0,0.82,15.0,0.83,15.0,0.84,15.0,0.11,0.11,45.010617,1776172944000
1776172946.588,146.588,0.22,63.0,0.2,15.0,0.19,41.0,0.18,15.0,0.17,15.0,0.33,5.0,0.34,15.0,0.35,15.0,0.36,15.0,0.37,15.0,0.67,5.0,0.66,15.0,0.65,15.0,0.64,15.0,0.63,15.0,0.78,63.0,0.8,15.0,0.81,41.0,0.82,15.0,0.83,15.0,0.11,0.11,45.016504,1776172945000
1776172947.339,147.339,0.22,63.0,0.2,15.0,0.19,41.0,0.18,15.0,0.17,15.0,0.33,5.0,0.34,15.0,0.35,15.0,0.36,15.0,0.37,15.0,0.67,5.0,0.66,15.0,0.65,15.0,0.64,15.0,0.63,15.0,0.78,63.0,0.8,15.0,0.81,41.0,0.82,15.0,0.83,15.0,0.11,0.11,45.016504,1776172946000
1776172948.708,148.708,0.22,63.0,0.2,15.0,0.19,41.0,0.18,15.0,0.17,15.0,0.33,5.0,0.34,15.0,0.35,15.0,0.36,15.0,0.37,15.0,0.67,5.0,0.66,15.0,0.65,15.0,0.64,15.0,0.63,15.0,0.78,63.0,0.8,15.0,0.81,41.0,0.82,15.0,0.83,15.0,0.11,0.11,45.027393,1776172947000
1776172949.421,149.421,0.22,63.0,0.2,15.0,0.19,41.0,0.18,15.0,0.17,15.0,0.33,5.0,0.34,15.0,0.35,15.0,0.36,15.0,0.37,15.0,0.67,5.0,0.66,15.0,0.65,15.0,0.64,15.0,0.63,15.0,0.78,63.0,0.8,15.0,0.81,41.0,0.82,15.0,0.83,15.0,0.11,0.11,45.029059,1776172948000
1776172950.1,150.1,0.22,63.0,0.2,15.0,0.19,41.0,0.18,15.0,0.17,15.0,0.33,5.0,0.34,15.0,0.35,15.0,0.36,15.0,0.37,15.0,0.67,5.0,0.66,15.0,0.65,15.0,0.64,15.0,0.63,15.0,0.78,63.0,0.8,15.0,0.81,41.0,0.82,15.0,0.83,15.0,0.11,0.11,45.029059,1776172949000
1776172951.43,151.43,0.22,63.0,0.2,15.0,0.19,41.0,0.18,15.0,0.17,15.0,0.33,5.0,0.34,15.0,0.35,15.0,0.36,15.0,0.37,15.0,0.67,5.0,0.66,15.0,0.65,15.0,0.64,15.0,0.63,15.0,0.78,63.0,0.8,15.0,0.81,41.0,0.82,15.0,0.83,15.0,0.11,0.11,45.029527,1776172950000
1776172952.293,152.293,0.22,63.0,0.2,15.0,0.19,41.0,0.18,15.0,0.17,15.0,0.33,5.0,0.34,15.0,0.35,15.0,0.36,15.0,0.37,15.0,0.67,5.0,0.66,15.0,0.65,15.0,0.64,15.0,0.63,15.0,0.78,63.0,0.8,15.0,0.81,41.0,0.82,15.0,0.83,15.0,0.11,0.11,45.029541,1776172951000
1776172953.931,153.931,0.22,63.0,0.2,15.0,0.19,41.0,0.18,15.0,0.17,15.0,0.33,5.0,0.34,15.0,0.35,15.0,0.36,15.0,0.37,15.0,0.67,5.0,0.66,15.0,0.65,15.0,0.64,15.0,0.63,15.0,0.78,63.0,0.8,15.0,0.81,41.0,0.82,15.0,0.83,15.0,0.11,0.11,45.030305,1776172952000
1776172954.36,154.36,0.22,63.0,0.2,15.0,0.19,41.0,0.18,15.0,0.17,15.0,0.33,5.0,0.34,15.0,0.35,15.0,0.36,15.0,0.37,15.0,0.67,5.0,0.66,15.0,0.65,15.0,0.64,15.0,0.63,15.0,0.78,63.0,0.8,15.0,0.81,41.0,0.82,15.0,0.83,15.0,0.11,0.11,45.030103,1776172953000
1776172954.825,154.825,0.22,63.0,0.2,15.0,0.19,41.0,0.18,15.0,0.17,15.0,0.33,5.0,0.34,15.0,0.35,15.0,0.36,15.0,0.37,15.0,0.67,5.0,0.66,15.0,0.65,15.0,0.64,15.0,0.63,15.0,0.78,63.0,0.8,15.0,0.81,41.0,0.82,15.0,0.83,15.0,0.11,0.11,45.030103,1776172954000
1776172956.348,156.348,0.22,63.0,0.2,15.0,0.19,41.0,0.18,15.0,0.17,15.0,0.33,5.0,0.34,15.0,0.35,15.0,0.36,15.0,0.37,15.0,0.67,5.0,0.66,15.0,0.65,15.0,0.64,15.0,0.63,15.0,0.78,63.0,0.8,15.0,0.81,41.0,0.82,15.0,0.83,15.0,0.11,0.11,45.029266,1776172955000
1776172957.231,157.231,0.22,63.0,0.2,15.0,0.19,41.0,0.18,15.0,0.17,15.0,0.33,5.0,0.34,15.0,0.35,15.0,0.36,15.0,0.37,15.0,0.67,5.0,0.66,15.0,0.65,15.0,0.64,15.0,0.63,15.0,0.78,63.0,0.8,15.0,0.81,41.0,0.82,15.0,0.83,15.0,0.11,0.11,45.029471,1776172956000
1776172958.223,158.223,0.22,63.0,0.2,15.0,0.19,41.0,0.18,15.0,0.17,15.0,0.33,5.0,0.34,15.0,0.35,15.0,0.36,15.0,0.37,15.0,0.67,5.0,0.66,15.0,0.65,15.0,0.64,15.0,0.63,15.0,0.78,63.0,0.8,15.0,0.81,41.0,0.82,15.0,0.83,15.0,0.11,0.11,45.029212,1776172957000
1776172959.26,159.26,0.22,63.0,0.2,15.0,0.19,41.0,0.18,15.0,0.17,15.0,0.33,5.0,0.34,15.0,0.35,15.0,0.36,15.0,0.37,15.0,0.67,5.0,0.66,15.0,0.65,15.0,0.64,15.0,0.63,15.0,0.78,63.0,0.8,15.0,0.81,41.0,0.82,15.0,0.83,15.0,0.11,0.11,45.029773,1776172958000
1776172960.257,160.257,0.22,63.0,0.2,15.0,0.19,41.0,0.18,15.0,0.17,15.0,0.33,5.0,0.34,15.0,0.35,15.0,0.36,15.0,0.37,15.0,0.67,5.0,0.66,15.0,0.65,15.0,0.64,15.0,0.63,15.0,0.78,63.0,0.8,15.0,0.81,41.0,0.82,15.0,0.83,15.0,0.11,0.11,45.029748,1776172959000
1776172961.261,161.261,0.22,63.0,0.2,15.0,0.19,41.0,0.18,15.0,0.17,15.0,0.33,5.0,0.34,15.0,0.35,15.0,0.36,15.0,0.37,15.0,0.67,5.0,0.66,15.0,0.65,15.0,0.64,15.0,0.63,15.0,0.78,63.0,0.8,15.0,0.81,41.0,0.82,15.0,0.83,15.0,0.11,0.11,45.029748,1776172960000
1776172962.273,162.273,0.22,63.0,0.2,15.0,0.19,41.0,0.18,15.0,0.17,15.0,0.33,5.0,0.34,15.0,0.35,15.0,0.36,15.0,0.37,15.0,0.67,5.0,0.66,15.0,0.65,15.0,0.64,15.0,0.63,15.0,0.78,63.0,0.8,15.0,0.81,41.0,0.82,15.0,0.83,15.0,0.11,0.11,45.029389,1776172961000
1776172963.254,163.254,0.22,63.0,0.2,15.0,0.19,41.0,0.18,15.0,0.17,15.0,0.33,5.0,0.34,15.0,0.35,15.0,0.36,15.0,0.37,15.0,0.67,5.0,0.66,15.0,0.65,15.0,0.64,15.0,0.63,15.0,0.78,63.0,0.8,15.0,0.81,41.0,0.82,15.0,0.83,15.0,0.11,0.11,45.029424,1776172962000
1776172964.244,164.244,0.22,63.0,0.2,15.0,0.19,41.0,0.18,15.0,0.17,15.0,0.33,5.0,0.34,15.0,0.35,15.0,0.36,15.0,0.37,15.0,0.67,5.0,0.66,15.0,0.65,15.0,0.64,15.0,0.63,15.0,0.78,63.0,0.8,15.0,0.81,41.0,0.82,15.0,0.83,15.0,0.11,0.11,45.028425,1776172963000
1776172965.242,165.242,0.22,63.0,0.2,15.0,0.19,41.0,0.18,15.0,0.17,15.0,0.33,5.0,0.34,15.0,0.35,15.0,0.36,15.0,0.37,15.0,0.67,5.0,0.66,15.0,0.65,15.0,0.64,15.0,0.63,15.0,0.78,63.0,0.8,15.0,0.81,41.0,0.82,15.0,0.83,15.0,0.11,0.11,45.028316,1776172964000
1776172965.569,165.569,0.25,5.0,0.24,15.0,0.23,15.0,0.22,15.0,0.2,21.0,0.36,7.0,0.4,15.0,0.41,15.0,0.42,15.0,0.43,15.0,0.67,5.0,0.66,15.0,0.65,15.0,0.64,15.0,0.63,15.0,0.78,63.0,0.8,15.0,0.81,41.0,0.82,15.0,0.83,15.0,0.11,0.11,45.028316,1776172964000
1776172966.704,166.704,0.25,5.0,0.24,15.0,0.23,15.0,0.22,15.0,0.2,21.0,0.36,7.0,0.4,15.0,0.41,15.0,0.42,15.0,0.43,15.0,0.64,7.0,0.6,15.0,0.59,15.0,0.58,15.0,0.57,15.0,0.75,5.0,0.76,15.0,0.77,15.0,0.78,15.0,0.8,21.0,0.11,0.11,45.026922,1776172965000
1776172967.171,167.171,0.25,5.0,0.24,15.0,0.23,15.0,0.22,15.0,0.2,21.0,0.36,7.0,0.4,15.0,0.41,15.0,0.42,15.0,0.43,15.0,0.64,7.0,0.6,15.0,0.59,15.0,0.58,15.0,0.57,15.0,0.75,5.0,0.76,15.0,0.77,15.0,0.78,15.0,0.8,21.0,0.11,0.11,45.026366,1776172966000
1776172968.126,168.126,0.25,5.0,0.24,15.0,0.23,15.0,0.22,15.0,0.2,21.0,0.36,7.0,0.4,15.0,0.41,15.0,0.42,15.0,0.43,15.0,0.64,7.0,0.6,15.0,0.59,15.0,0.58,15.0,0.57,15.0,0.75,5.0,0.76,15.0,0.77,15.0,0.78,15.0,0.8,21.0,0.11,0.11,45.019609,1776172967000
1776172969.359,169.359,0.25,5.0,0.24,15.0,0.23,15.0,0.22,15.0,0.2,21.0,0.36,7.0,0.4,15.0,0.41,15.0,0.42,15.0,0.43,15.0,0.64,7.0,0.6,15.0,0.59,15.0,0.58,15.0,0.57,15.0,0.75,5.0,0.76,15.0,0.77,15.0,0.78,15.0,0.8,21.0,0.11,0.11,45.016414,1776172968000
1776172970.179,170.179,0.25,5.0,0.24,15.0,0.23,15.0,0.22,15.0,0.2,21.0,0.36,7.0,0.4,15.0,0.41,15.0,0.42,15.0,0.43,15.0,0.64,7.0,0.6,15.0,0.59,15.0,0.58,15.0,0.57,15.0,0.75,5.0,0.76,15.0,0.77,15.0,0.78,15.0,0.8,21.0,0.11,0.11,45.018412,1776172969000
1776172971.247,171.247,0.25,5.0,0.24,15.0,0.23,15.0,0.22,15.0,0.2,21.0,0.36,7.0,0.4,15.0,0.41,15.0,0.42,15.0,0.43,15.0,0.64,7.0,0.6,15.0,0.59,15.0,0.58,15.0,0.57,15.0,0.75,5.0,0.76,15.0,0.77,15.0,0.78,15.0,0.8,21.0,0.11,0.11,45.018496,1776172970000
1776172972.144,172.144,0.25,5.0,0.24,15.0,0.23,15.0,0.22,15.0,0.2,21.0,0.36,7.0,0.4,15.0,0.41,15.0,0.42,15.0,0.43,15.0,0.64,7.0,0.6,15.0,0.59,15.0,0.58,15.0,0.57,15.0,0.75,5.0,0.76,15.0,0.77,15.0,0.78,15.0,0.8,21.0,0.11,0.11,45.018916,1776172971000
1776172973.164,173.164,0.25,5.0,0.24,15.0,0.23,15.0,0.22,15.0,0.2,21.0,0.36,7.0,0.4,15.0,0.41,15.0,0.42,15.0,0.43,15.0,0.64,7.0,0.6,15.0,0.59,15.0,0.58,15.0,0.57,15.0,0.75,5.0,0.76,15.0,0.77,15.0,0.78,15.0,0.8,21.0,0.11,0.11,45.01934,1776172972000
1776172974.28,174.28,0.25,5.0,0.24,15.0,0.23,15.0,0.22,15.0,0.2,21.0,0.36,7.0,0.4,15.0,0.41,15.0,0.42,15.0,0.43,15.0,0.64,7.0,0.6,15.0,0.59,15.0,0.58,15.0,0.57,15.0,0.75,5.0,0.76,15.0,0.77,15.0,0.78,15.0,0.8,21.0,0.11,0.11,45.019819,1776172973000
1776172975.238,175.238,0.25,5.0,0.24,15.0,0.23,15.0,0.22,15.0,0.2,21.0,0.36,7.0,0.4,15.0,0.41,15.0,0.42,15.0,0.43,15.0,0.64,7.0,0.6,15.0,0.59,15.0,0.58,15.0,0.57,15.0,0.75,5.0,0.76,15.0,0.77,15.0,0.78,15.0,0.8,21.0,0.11,0.11,45.020298,1776172974000
1776172976.346,176.346,0.25,5.0,0.24,15.0,0.23,15.0,0.22,15.0,0.2,21.0,0.36,7.0,0.4,15.0,0.41,15.0,0.42,15.0,0.43,15.0,0.64,7.0,0.6,15.0,0.59,15.0,0.58,15.0,0.57,15.0,0.75,5.0,0.76,15.0,0.77,15.0,0.78,15.0,0.8,21.0,0.11,0.11,45.020499,1776172975000
1776172976.772,176.772,0.35,14.0,0.26,6.0,0.25,5.0,0.24,15.0,0.23,15.0,0.4,5.0,0.41,15.0,0.42,15.0,0.43,15.0,0.44,15.0,0.64,7.0,0.6,15.0,0.59,15.0,0.58,15.0,0.57,15.0,0.75,5.0,0.76,15.0,0.77,15.0,0.78,15.0,0.8,21.0,0.05,0.11,45.020499,1776172975000
1776172977.312,177.312,0.35,14.0,0.26,6.0,0.25,5.0,0.24,15.0,0.23,15.0,0.4,5.0,0.41,15.0,0.42,15.0,0.43,15.0,0.44,15.0,0.6,5.0,0.59,15.0,0.58,15.0,0.57,15.0,0.56,15.0,0.65,14.0,0.74,6.0,0.75,5.0,0.76,15.0,0.77,15.0,0.05,0.05,45.021032,1776172976000
1776172978.354,178.354,0.35,14.0,0.26,6.0,0.25,5.0,0.24,15.0,0.23,15.0,0.4,5.0,0.41,15.0,0.42,15.0,0.43,15.0,0.44,15.0,0.6,5.0,0.59,15.0,0.58,15.0,0.57,15.0,0.56,15.0,0.65,14.0,0.74,6.0,0.75,5.0,0.76,15.0,0.77,15.0,0.05,0.05,45.028741,1776172977000
1776172978.982,178.982,0.35,14.0,0.26,6.0,0.25,5.0,0.24,15.0,0.23,15.0,0.4,5.0,0.41,15.0,0.42,15.0,0.43,15.0,0.44,15.0,0.6,5.0,0.59,15.0,0.58,15.0,0.57,15.0,0.56,15.0,0.65,14.0,0.74,6.0,0.75,5.0,0.76,15.0,0.77,15.0,0.05,0.05,45.034753,1776172978000
1776172980.434,180.434,0.35,47.0,0.26,6.0,0.25,5.0,0.24,15.0,0.23,15.0,0.41,10.0,0.42,15.0,0.43,15.0,0.44,15.0,0.45,15.0,0.6,5.0,0.59,15.0,0.58,15.0,0.57,15.0,0.56,15.0,0.65,14.0,0.74,6.0,0.75,5.0,0.76,15.0,0.77,15.0,0.06,0.05,45.034753,1776172978000
1776172980.76,180.76,0.35,47.0,0.26,6.0,0.25,5.0,0.24,15.0,0.23,15.0,0.41,10.0,0.42,15.0,0.43,15.0,0.44,15.0,0.45,15.0,0.59,10.0,0.58,15.0,0.57,15.0,0.56,15.0,0.55,15.0,0.65,47.0,0.74,6.0,0.75,5.0,0.76,15.0,0.77,15.0,0.06,0.06,45.035331,1776172979000
1776172981.285,181.285,0.36,64.0,0.26,6.0,0.25,5.0,0.24,15.0,0.23,15.0,0.42,3.73,0.43,15.0,0.44,15.0,0.45,15.0,0.46,15.0,0.58,3.73,0.57,15.0,0.56,15.0,0.55,15.0,0.54,15.0,0.64,64.0,0.74,6.0,0.75,5.0,0.76,15.0,0.77,15.0,0.06,0.06,45.036994,1776172980000
1776172982.731,182.731,0.36,64.0,0.26,6.0,0.25,5.0,0.24,15.0,0.23,15.0,0.42,3.73,0.43,15.0,0.44,15.0,0.45,15.0,0.46,15.0,0.58,3.73,0.57,15.0,0.56,15.0,0.55,15.0,0.54,15.0,0.64,64.0,0.74,6.0,0.75,5.0,0.76,15.0,0.77,15.0,0.06,0.06,45.039883,1776172981000
1776172983.26,183.26,0.36,64.0,0.26,6.0,0.25,5.0,0.24,15.0,0.23,15.0,0.43,10.73,0.44,15.0,0.45,15.0,0.46,15.0,0.47,15.0,0.58,3.73,0.57,15.0,0.56,15.0,0.55,15.0,0.54,15.0,0.64,64.0,0.74,6.0,0.75,5.0,0.76,15.0,0.77,15.0,0.07,0.06,45.039883,1776172981000
1776172983.604,183.604,0.36,64.0,0.26,6.0,0.25,5.0,0.24,15.0,0.23,15.0,0.44,15.0,0.45,15.0,0.46,15.0,0.47,15.0,0.48,15.0,0.57,10.73,0.56,15.0,0.55,15.0,0.54,15.0,0.53,15.0,0.64,64.0,0.74,6.0,0.75,5.0,0.76,15.0,0.77,15.0,0.08,0.07,45.041514,1776172982000
1776172984.157,184.157,0.36,51.0,0.26,6.0,0.25,5.0,0.24,15.0,0.23,15.0,0.45,12.02,0.46,15.0,0.47,15.0,0.48,15.0,0.49,15.0,0.56,8.0,0.55,15.0,0.54,15.0,0.53,15.0,0.52,15.0,0.64,51.0,0.74,6.0,0.75,5.0,0.76,15.0,0.77,15.0,0.09,0.08,45.041514,1776172982000
1776172984.485,184.485,0.36,51.0,0.26,6.0,0.25,5.0,0.24,15.0,0.23,15.0,0.45,12.02,0.46,15.0,0.47,15.0,0.48,15.0,0.49,15.0,0.55,12.02,0.54,15.0,0.53,15.0,0.52,15.0,0.51,15.0,0.64,51.0,0.74,6.0,0.75,5.0,0.76,15.0,0.77,15.0,0.09,0.09,45.046385,1776172983000
1776172985.066,185.066,0.36,51.0,0.26,6.0,0.25,5.0,0.24,15.0,0.23,15.0,0.45,12.02,0.46,15.0,0.47,15.0,0.48,15.0,0.49,15.0,0.55,12.02,0.54,15.0,0.53,15.0,0.52,15.0,0.51,15.0,0.64,51.0,0.74,6.0,0.75,5.0,0.76,15.0,0.77,15.0,0.09,0.09,45.046591,1776172984000
1776172985.294,185.294,0.36,51.0,0.26,6.0,0.25,5.0,0.24,15.0,0.23,15.0,0.46,15.0,0.47,15.0,0.48,15.0,0.49,15.0,0.5,15.0,0.55,12.02,0.54,15.0,0.53,15.0,0.52,15.0,0.51,15.0,0.64,51.0,0.74,6.0,0.75,5.0,0.76,15.0,0.77,15.0,0.1,0.09,45.046591,1776172984000
1776172986.327,186.327,0.36,51.0,0.26,6.0,0.25,5.0,0.24,15.0,0.23,15.0,0.46,15.0,0.47,15.0,0.48,15.0,0.49,15.0,0.5,15.0,0.54,15.0,0.53,15.0,0.52,15.0,0.51,15.0,0.5,15.0,0.64,51.0,0.74,6.0,0.75,5.0,0.76,15.0,0.77,15.0,0.1,0.1,45.047734,1776172985000
1776172987.501,187.501,0.36,51.0,0.26,6.0,0.25,5.0,0.24,15.0,0.23,15.0,0.46,15.0,0.47,15.0,0.48,15.0,0.49,15.0,0.5,15.0,0.54,15.0,0.53,15.0,0.52,15.0,0.51,15.0,0.5,15.0,0.64,51.0,0.74,6.0,0.75,5.0,0.76,15.0,0.77,15.0,0.1,0.1,45.048777,1776172986000
1776172988.074,188.074,0.36,51.0,0.26,6.0,0.25,5.0,0.24,15.0,0.23,15.0,0.46,15.0,0.47,15.0,0.48,15.0,0.49,15.0,0.5,15.0,0.54,15.0,0.53,15.0,0.52,15.0,0.51,15.0,0.5,15.0,0.64,51.0,0.74,6.0,0.75,5.0,0.76,15.0,0.77,15.0,0.1,0.1,45.049186,1776172987000
1776172989.199,189.199,0.36,51.0,0.26,6.0,0.25,5.0,0.24,15.0,0.23,15.0,0.46,15.0,0.47,15.0,0.48,15.0,0.49,15.0,0.5,15.0,0.54,15.0,0.53,15.0,0.52,15.0,0.51,15.0,0.5,15.0,0.64,51.0,0.74,6.0,0.75,5.0,0.76,15.0,0.77,15.0,0.1,0.1,45.049718,1776172988000
1776172989.537,189.537,0.36,51.0,0.26,6.0,0.25,5.0,0.24,15.0,0.23,15.0,0.46,4.82,0.47,15.0,0.48,15.0,0.49,15.0,0.5,15.0,0.54,15.0,0.53,15.0,0.52,15.0,0.51,15.0,0.5,15.0,0.64,51.0,0.74,6.0,0.75,5.0,0.76,15.0,0.77,15.0,0.1,0.1,45.049718,1776172988000
1776172990.352,190.352,0.36,51.0,0.26,6.0,0.25,5.0,0.24,15.0,0.23,15.0,0.46,4.82,0.47,15.0,0.48,15.0,0.49,15.0,0.5,15.0,0.54,4.82,0.53,15.0,0.52,15.0,0.51,15.0,0.5,15.0,0.64,51.0,0.74,6.0,0.75,5.0,0.76,15.0,0.77,15.0,0.1,0.1,45.049718,1776172989000
1776172990.956,190.956,0.36,51.0,0.26,6.0,0.25,5.0,0.24,15.0,0.23,15.0,0.46,4.82,0.47,15.0,0.48,15.0,0.49,15.0,0.5,15.0,0.54,4.82,0.53,15.0,0.52,15.0,0.51,15.0,0.5,15.0,0.64,51.0,0.74,6.0,0.75,5.0,0.76,15.0,0.77,15.0,0.1,0.1,45.049004,1776172990000
1776172992.193,192.193,0.36,51.0,0.26,6.0,0.25,5.0,0.24,15.0,0.23,15.0,0.46,4.82,0.47,15.0,0.48,15.0,0.49,15.0,0.5,15.0,0.54,4.82,0.53,15.0,0.52,15.0,0.51,15.0,0.5,15.0,0.64,51.0,0.74,6.0,0.75,5.0,0.76,15.0,0.77,15.0,0.1,0.1,45.049753,1776172991000
1776172993.29,193.29,0.36,51.0,0.26,6.0,0.25,5.0,0.24,15.0,0.23,15.0,0.46,4.82,0.47,15.0,0.48,15.0,0.49,15.0,0.5,15.0,0.54,4.82,0.53,15.0,0.52,15.0,0.51,15.0,0.5,15.0,0.64,51.0,0.74,6.0,0.75,5.0,0.76,15.0,0.77,15.0,0.1,0.1,45.049132,1776172992000
1776172993.813,193.813,0.41,24.35,0.26,6.0,0.25,5.0,0.24,15.0,0.23,15.0,0.47,9.07,0.48,15.0,0.49,15.0,0.5,15.0,0.51,15.0,0.54,4.82,0.53,15.0,0.52,15.0,0.51,15.0,0.5,15.0,0.64,51.0,0.74,6.0,0.75,5.0,0.76,15.0,0.77,15.0,0.06,0.1,45.049132,1776172992000
1776172994.368,194.368,0.41,24.35,0.26,6.0,0.25,5.0,0.24,15.0,0.23,15.0,0.47,9.07,0.48,15.0,0.49,15.0,0.5,15.0,0.51,15.0,0.53,9.07,0.52,15.0,0.51,15.0,0.5,15.0,0.49,15.0,0.59,24.35,0.74,6.0,0.75,5.0,0.76,15.0,0.77,15.0,0.06,0.06,45.049533,1776172993000
1776172994.578,194.578,0.41,39.0,0.38,13.0,0.26,6.0,0.25,5.0,0.24,15.0,0.48,15.0,0.49,15.0,0.5,15.0,0.51,15.0,0.52,24.0,0.53,9.07,0.52,15.0,0.51,15.0,0.5,15.0,0.49,15.0,0.59,24.35,0.74,6.0,0.75,5.0,0.76,15.0,0.77,15.0,0.07,0.06,45.049533,1776172993000
1776172995.679,195.679,0.41,39.0,0.38,13.0,0.26,6.0,0.25,5.0,0.24,15.0,0.48,15.0,0.49,15.0,0.5,15.0,0.51,15.0,0.52,24.0,0.52,15.0,0.51,15.0,0.5,15.0,0.49,15.0,0.48,24.0,0.59,39.0,0.62,13.0,0.74,6.0,0.75,5.0,0.76,15.0,0.07,0.07,45.050521,1776172994000
1776172996.264,196.264,0.41,39.0,0.38,13.0,0.26,6.0,0.25,5.0,0.24,15.0,0.48,15.0,0.49,15.0,0.5,15.0,0.51,15.0,0.52,24.0,0.52,15.0,0.51,15.0,0.5,15.0,0.49,15.0,0.48,24.0,0.59,39.0,0.62,13.0,0.74,6.0,0.75,5.0,0.76,15.0,0.07,0.07,45.050521,1776172995000
1776172997.536,197.536,0.41,39.0,0.38,13.0,0.26,6.0,0.25,5.0,0.24,15.0,0.48,15.0,0.49,15.0,0.5,15.0,0.51,15.0,0.52,24.0,0.52,15.0,0.51,15.0,0.5,15.0,0.49,15.0,0.48,24.0,0.59,39.0,0.62,13.0,0.74,6.0,0.75,5.0,0.76,15.0,0.07,0.07,45.050521,1776172996000
1776172998.044,198.044,0.41,39.0,0.38,13.0,0.26,6.0,0.25,5.0,0.24,15.0,0.48,15.0,0.49,15.0,0.5,15.0,0.51,15.0,0.52,24.0,0.52,15.0,0.51,15.0,0.5,15.0,0.49,15.0,0.48,24.0,0.59,39.0,0.62,13.0,0.74,6.0,0.75,5.0,0.76,15.0,0.07,0.07,45.050395,1776172997000
1776172998.294,198.294,0.41,39.0,0.38,13.0,0.26,6.0,0.25,5.0,0.24,15.0,0.48,7.89,0.49,15.0,0.5,15.0,0.51,15.0,0.52,24.0,0.52,15.0,0.51,15.0,0.5,15.0,0.49,15.0,0.48,24.0,0.59,39.0,0.62,13.0,0.74,6.0,0.75,5.0,0.76,15.0,0.07,0.07,45.050395,1776172997000
1776172999.232,199.232,0.41,39.0,0.38,13.0,0.26,6.0,0.25,5.0,0.24,15.0,0.48,7.89,0.49,15.0,0.5,15.0,0.51,15.0,0.52,24.0,0.52,7.89,0.51,15.0,0.5,15.0,0.49,15.0,0.48,24.0,0.59,39.0,0.62,13.0,0.74,6.0,0.75,5.0,0.76,15.0,0.07,0.07,45.047419,1776172998000
1776173000.318,200.318,0.41,39.0,0.38,13.0,0.26,6.0,0.25,5.0,0.24,15.0,0.48,7.89,0.49,15.0,0.5,15.0,0.51,15.0,0.52,24.0,0.52,7.89,0.51,15.0,0.5,15.0,0.49,15.0,0.48,24.0,0.59,39.0,0.62,13.0,0.74,6.0,0.75,5.0,0.76,15.0,0.07,0.07,45.047432,1776172999000
1776173001.473,201.473,0.41,39.0,0.38,13.0,0.26,6.0,0.25,5.0,0.24,15.0,0.48,7.89,0.49,15.0,0.5,15.0,0.51,15.0,0.52,24.0,0.52,7.89,0.51,15.0,0.5,15.0,0.49,15.0,0.48,24.0,0.59,39.0,0.62,13.0,0.74,6.0,0.75,5.0,0.76,15.0,0.07,0.07,45.047638,1776173000000
1776173002.111,202.111,0.41,39.0,0.38,13.0,0.26,6.0,0.25,5.0,0.24,15.0,0.48,7.89,0.49,15.0,0.5,15.0,0.51,15.0,0.52,24.0,0.52,7.89,0.51,15.0,0.5,15.0,0.49,15.0,0.48,24.0,0.59,39.0,0.62,13.0,0.74,6.0,0.75,5.0,0.76,15.0,0.07,0.07,45.047638,1776173001000
1776173003.25,203.25,0.41,39.0,0.38,13.0,0.26,6.0,0.25,5.0,0.24,15.0,0.48,7.89,0.49,15.0,0.5,15.0,0.51,15.0,0.52,24.0,0.52,7.89,0.51,15.0,0.5,15.0,0.49,15.0,0.48,24.0,0.59,39.0,0.62,13.0,0.74,6.0,0.75,5.0,0.76,15.0,0.07,0.07,45.047706,1776173002000
1776173004.3,204.3,0.41,39.0,0.38,13.0,0.26,6.0,0.25,5.0,0.24,15.0,0.48,7.89,0.49,15.0,0.5,15.0,0.51,15.0,0.52,24.0,0.52,7.89,0.51,15.0,0.5,15.0,0.49,15.0,0.48,24.0,0.59,39.0,0.62,13.0,0.74,6.0,0.75,5.0,0.76,15.0,0.07,0.07,45.047725,1776173003000
1776173004.875,204.875,0.41,39.0,0.38,13.0,0.26,6.0,0.25,5.0,0.24,15.0,0.48,7.89,0.49,15.0,0.5,15.0,0.51,15.0,0.52,24.0,0.52,7.89,0.51,15.0,0.5,15.0,0.49,15.0,0.48,24.0,0.59,39.0,0.62,13.0,0.74,6.0,0.75,5.0,0.76,15.0,0.07,0.07,45.047322,1776173004000
1776173006.003,206.003,0.41,39.0,0.38,13.0,0.26,6.0,0.25,5.0,0.24,15.0,0.48,7.89,0.49,15.0,0.5,15.0,0.51,15.0,0.52,24.0,0.52,7.89,0.51,15.0,0.5,15.0,0.49,15.0,0.48,24.0,0.59,39.0,0.62,13.0,0.74,6.0,0.75,5.0,0.76,15.0,0.07,0.07,45.04626,1776173005000
1776173007.094,207.094,0.41,39.0,0.38,13.0,0.26,6.0,0.25,5.0,0.24,15.0,0.48,7.89,0.49,15.0,0.5,15.0,0.51,15.0,0.52,24.0,0.52,7.89,0.51,15.0,0.5,15.0,0.49,15.0,0.48,24.0,0.59,39.0,0.62,13.0,0.74,6.0,0.75,5.0,0.76,15.0,0.07,0.07,45.046784,1776173006000
1776173008.157,208.157,0.41,39.0,0.38,13.0,0.26,6.0,0.25,5.0,0.24,15.0,0.48,7.89,0.49,15.0,0.5,15.0,0.51,15.0,0.52,24.0,0.52,7.89,0.51,15.0,0.5,15.0,0.49,15.0,0.48,24.0,0.59,39.0,0.62,13.0,0.74,6.0,0.75,5.0,0.76,15.0,0.07,0.07,45.046898,1776173007000
1776173008.417,208.417,0.37,25.35,0.26,6.0,0.25,5.0,0.24,15.0,0.23,15.0,0.49,12.81,0.5,15.0,0.51,15.0,0.52,24.0,0.53,15.0,0.52,7.89,0.51,15.0,0.5,15.0,0.49,15.0,0.48,24.0,0.59,39.0,0.62,13.0,0.74,6.0,0.75,5.0,0.76,15.0,0.12,0.07,45.046898,1776173007000
1776173009.205,209.205,0.37,25.35,0.26,6.0,0.25,5.0,0.24,15.0,0.23,15.0,0.49,12.81,0.5,15.0,0.51,15.0,0.52,24.0,0.53,15.0,0.51,12.81,0.5,15.0,0.49,15.0,0.48,24.0,0.47,15.0,0.63,25.35,0.74,6.0,0.75,5.0,0.76,15.0,0.77,15.0,0.12,0.12,45.046898,1776173008000
1776173009.857,209.857,0.38,13.0,0.37,12.35,0.26,6.0,0.25,5.0,0.24,15.0,0.49,2.85,0.5,15.0,0.51,15.0,0.52,24.0,0.53,15.0,0.51,12.81,0.5,15.0,0.49,15.0,0.48,24.0,0.47,15.0,0.63,25.35,0.74,6.0,0.75,5.0,0.76,15.0,0.77,15.0,0.11,0.12,45.046898,1776173008000
1776173010.31,210.31,0.38,13.0,0.37,12.35,0.26,6.0,0.25,5.0,0.24,15.0,0.49,2.85,0.5,15.0,0.51,15.0,0.52,24.0,0.53,15.0,0.51,2.85,0.5,15.0,0.49,15.0,0.48,24.0,0.47,15.0,0.62,13.0,0.63,12.35,0.74,6.0,0.75,5.0,0.76,15.0,0.11,0.11,45.047655,1776173009000
1776173011.596,211.596,0.38,68.0,0.37,12.35,0.26,6.0,0.25,5.0,0.24,15.0,0.5,7.75,0.51,15.0,0.52,24.0,0.53,15.0,0.54,15.0,0.5,7.75,0.49,15.0,0.48,24.0,0.47,15.0,0.46,15.0,0.62,68.0,0.63,12.35,0.74,6.0,0.75,5.0,0.76,15.0,0.12,0.12,45.049408,1776173010000
1776173012.182,212.182,0.38,68.0,0.37,12.35,0.26,6.0,0.25,5.0,0.24,15.0,0.5,7.75,0.51,15.0,0.52,24.0,0.53,15.0,0.54,15.0,0.5,7.75,0.49,15.0,0.48,24.0,0.47,15.0,0.46,15.0,0.62,68.0,0.63,12.35,0.74,6.0,0.75,5.0,0.76,15.0,0.12,0.12,45.04953,1776173011000
1776173012.408,212.408,0.39,12.0,0.38,12.35,0.26,6.0,0.25,5.0,0.24,15.0,0.51,13.02,0.52,24.0,0.53,15.0,0.54,15.0,0.55,15.0,0.5,7.75,0.49,15.0,0.48,24.0,0.47,15.0,0.46,15.0,0.62,68.0,0.63,12.35,0.74,6.0,0.75,5.0,0.76,15.0,0.12,0.12,45.04953,1776173011000
1776173013.266,213.266,0.39,12.0,0.38,12.35,0.26,6.0,0.25,5.0,0.24,15.0,0.51,13.02,0.52,24.0,0.53,15.0,0.54,15.0,0.55,15.0,0.49,13.02,0.48,24.0,0.47,15.0,0.46,15.0,0.45,15.0,0.61,12.0,0.62,12.35,0.74,6.0,0.75,5.0,0.76,15.0,0.12,0.12,45.051394,1776173012000
1776173014.614,214.614,0.39,12.0,0.38,12.35,0.26,6.0,0.25,5.0,0.24,15.0,0.51,13.02,0.52,24.0,0.53,15.0,0.54,15.0,0.55,15.0,0.49,13.02,0.48,24.0,0.47,15.0,0.46,15.0,0.45,15.0,0.61,12.0,0.62,12.35,0.74,6.0,0.75,5.0,0.76,15.0,0.12,0.12,45.052099,1776173013000
1776173015.17,215.17,0.39,12.0,0.38,12.35,0.26,6.0,0.25,5.0,0.24,15.0,0.51,13.02,0.52,24.0,0.53,15.0,0.54,15.0,0.55,15.0,0.49,13.02,0.48,24.0,0.47,15.0,0.46,15.0,0.45,15.0,0.61,12.0,0.62,12.35,0.74,6.0,0.75,5.0,0.76,15.0,0.12,0.12,45.052099,1776173014000
1776173015.411,215.411,0.4,12.0,0.38,12.35,0.26,6.0,0.25,5.0,0.24,15.0,0.51,3.45,0.52,24.0,0.53,15.0,0.54,15.0,0.55,15.0,0.49,13.02,0.48,24.0,0.47,15.0,0.46,15.0,0.45,15.0,0.61,12.0,0.62,12.35,0.74,6.0,0.75,5.0,0.76,15.0,0.11,0.12,45.052099,1776173014000
1776173016.372,216.372,0.4,12.0,0.38,12.35,0.26,6.0,0.25,5.0,0.24,15.0,0.51,3.45,0.52,24.0,0.53,15.0,0.54,15.0,0.55,15.0,0.49,3.45,0.48,24.0,0.47,15.0,0.46,15.0,0.45,15.0,0.6,12.0,0.62,12.35,0.74,6.0,0.75,5.0,0.76,15.0,0.11,0.11,45.052812,1776173015000
1776173017.028,217.028,0.4,12.0,0.38,12.35,0.26,6.0,0.25,5.0,0.24,15.0,0.51,3.45,0.52,24.0,0.53,15.0,0.54,15.0,0.55,15.0,0.49,3.45,0.48,24.0,0.47,15.0,0.46,15.0,0.45,15.0,0.6,12.0,0.62,12.35,0.74,6.0,0.75,5.0,0.76,15.0,0.11,0.11,45.054091,1776173016000
1776173017.314,217.314,0.41,12.0,0.4,54.0,0.38,12.35,0.26,6.0,0.25,5.0,0.52,18.49,0.53,15.0,0.54,15.0,0.55,15.0,0.56,15.0,0.49,3.45,0.48,24.0,0.47,15.0,0.46,15.0,0.45,15.0,0.6,12.0,0.62,12.35,0.74,6.0,0.75,5.0,0.76,15.0,0.11,0.11,45.054091,1776173016000
1776173017.625,217.625,0.42,11.0,0.38,12.35,0.25,5.0,0.24,15.0,0.23,15.0,0.52,9.74,0.53,15.0,0.54,15.0,0.55,15.0,0.56,15.0,0.48,18.49,0.47,15.0,0.46,15.0,0.45,15.0,0.44,15.0,0.59,12.0,0.6,54.0,0.62,12.35,0.74,6.0,0.75,5.0,0.1,0.11,45.054091,1776173016000
1776173018.015,218.015,0.43,17.0,0.42,59.0,0.38,12.35,0.25,5.0,0.24,15.0,0.52,9.0,0.53,6.38,0.54,15.0,0.55,15.0,0.56,15.0,0.48,9.74,0.47,15.0,0.46,15.0,0.45,15.0,0.44,15.0,0.58,11.0,0.62,12.35,0.75,5.0,0.76,15.0,0.77,15.0,0.09,0.1,45.054091,1776173016000
1776173018.335,218.335,0.43,17.0,0.42,59.0,0.38,12.35,0.25,5.0,0.24,15.0,0.52,9.0,0.53,6.38,0.54,15.0,0.55,15.0,0.56,15.0,0.48,9.0,0.47,6.38,0.46,15.0,0.45,15.0,0.44,15.0,0.57,17.0,0.58,59.0,0.62,12.35,0.75,5.0,0.76,15.0,0.09,0.09,45.055106,1776173017000
1776173018.568,218.568,0.44,83.0,0.43,6.0,0.38,12.35,0.25,5.0,0.24,15.0,0.54,13.09,0.55,15.0,0.56,15.0,0.57,15.0,0.58,15.0,0.48,9.0,0.46,13.09,0.45,15.0,0.44,15.0,0.43,15.0,0.56,83.0,0.57,6.0,0.62,12.35,0.75,5.0,0.76,15.0,0.1,0.08,45.055106,1776173017000
1776173019.266,219.266,0.44,83.0,0.43,6.0,0.38,12.35,0.25,5.0,0.24,15.0,0.54,13.09,0.55,15.0,0.56,15.0,0.57,15.0,0.58,15.0,0.46,13.09,0.45,15.0,0.44,15.0,0.43,15.0,0.42,15.0,0.56,83.0,0.57,6.0,0.62,12.35,0.75,5.0,0.76,15.0,0.1,0.1,45.055106,1776173018000
1776173020.829,220.829,0.44,83.0,0.43,6.0,0.38,12.35,0.25,5.0,0.24,15.0,0.54,13.09,0.55,15.0,0.56,15.0,0.57,15.0,0.58,15.0,0.46,13.09,0.45,15.0,0.44,15.0,0.43,15.0,0.42,15.0,0.56,83.0,0.57,6.0,0.62,12.35,0.75,5.0,0.76,15.0,0.1,0.1,45.061563,1776173019000
1776173021.459,221.459,0.52,28.35,0.45,11.0,0.25,5.0,0.24,15.0,0.23,15.0,0.54,4.66,0.55,15.0,0.56,15.0,0.57,23.0,0.58,15.0,0.46,4.66,0.45,15.0,0.44,15.0,0.43,23.0,0.42,15.0,0.48,28.35,0.55,11.0,0.75,5.0,0.76,15.0,0.77,15.0,0.02,0.02,45.061579,1776173020000
1776173022.314,222.314,0.52,28.35,0.45,11.0,0.25,5.0,0.24,15.0,0.23,15.0,0.54,4.66,0.55,15.0,0.56,15.0,0.57,23.0,0.58,15.0,0.46,4.66,0.45,15.0,0.44,15.0,0.43,23.0,0.42,15.0,0.48,28.35,0.55,11.0,0.75,5.0,0.76,15.0,0.77,15.0,0.02,0.02,45.063151,1776173021000
1776173023.094,223.094,0.53,65.0,0.52,16.0,0.25,5.0,0.24,15.0,0.23,15.0,0.55,10.7,0.56,15.0,0.57,23.0,0.58,15.0,0.59,15.0,0.46,4.66,0.45,15.0,0.44,15.0,0.43,23.0,0.42,15.0,0.48,28.35,0.55,11.0,0.75,5.0,0.76,15.0,0.77,15.0,0.02,0.02,45.063151,1776173021000
1776173023.619,223.619,0.53,65.0,0.52,16.0,0.25,5.0,0.24,15.0,0.23,15.0,0.55,10.7,0.56,15.0,0.57,23.0,0.58,15.0,0.59,15.0,0.45,10.7,0.44,15.0,0.43,23.0,0.42,15.0,0.41,15.0,0.47,65.0,0.48,16.0,0.75,5.0,0.76,15.0,0.77,15.0,0.02,0.02,45.064789,1776173022000
1776173023.871,223.871,0.54,9.0,0.53,18.35,0.52,16.0,0.25,5.0,0.24,15.0,0.55,2.04,0.56,15.0,0.57,23.0,0.58,15.0,0.59,15.0,0.45,10.7,0.44,15.0,0.43,23.0,0.42,15.0,0.41,15.0,0.47,65.0,0.48,16.0,0.75,5.0,0.76,15.0,0.77,15.0,0.01,0.02,45.064789,1776173022000
1776173024.35,224.35,0.54,9.0,0.53,18.35,0.52,16.0,0.25,5.0,0.24,15.0,0.55,2.04,0.56,15.0,0.57,23.0,0.58,15.0,0.59,15.0,0.45,2.04,0.44,15.0,0.43,23.0,0.42,15.0,0.41,15.0,0.46,9.0,0.47,18.35,0.48,16.0,0.75,5.0,0.76,15.0,0.01,0.01,45.065259,1776173023000
1776173024.626,224.626,0.54,9.0,0.53,18.35,0.52,16.0,0.25,5.0,0.24,15.0,0.56,8.09,0.57,23.0,0.58,15.0,0.59,15.0,0.6,15.0,0.45,2.04,0.44,15.0,0.43,23.0,0.42,15.0,0.41,15.0,0.46,9.0,0.47,18.35,0.48,16.0,0.75,5.0,0.76,15.0,0.02,0.01,45.065259,1776173023000
1776173025.087,225.087,0.54,9.0,0.53,18.35,0.52,16.0,0.25,5.0,0.24,15.0,0.56,8.09,0.57,23.0,0.58,15.0,0.59,15.0,0.6,15.0,0.44,8.09,0.43,23.0,0.42,15.0,0.41,15.0,0.4,15.0,0.46,9.0,0.47,18.35,0.48,16.0,0.75,5.0,0.76,15.0,0.02,0.02,45.065604,1776173024000
1776173025.336,225.336,0.54,9.0,0.53,18.35,0.52,16.0,0.25,5.0,0.24,15.0,0.57,23.0,0.58,15.0,0.59,15.0,0.6,15.0,0.61,15.0,0.44,8.09,0.43,23.0,0.42,15.0,0.41,15.0,0.4,15.0,0.46,9.0,0.47,18.35,0.48,16.0,0.75,5.0,0.76,15.0,0.03,0.02,45.065604,1776173024000
1776173026.45,226.45,0.54,9.0,0.53,18.35,0.52,16.0,0.25,5.0,0.24,15.0,0.57,23.0,0.58,15.0,0.59,15.0,0.6,15.0,0.61,15.0,0.43,23.0,0.42,15.0,0.41,15.0,0.4,15.0,0.39,15.0,0.46,9.0,0.47,18.35,0.48,16.0,0.75,5.0,0.76,15.0,0.03,0.03,45.074019,1776173025000
1776173026.875,226.875,0.55,21.35,0.52,16.0,0.25,5.0,0.24,15.0,0.23,15.0,0.57,6.89,0.58,15.0,0.59,15.0,0.6,15.0,0.61,15.0,0.43,23.0,0.42,15.0,0.41,15.0,0.4,15.0,0.39,15.0,0.46,9.0,0.47,18.35,0.48,16.0,0.75,5.0,0.76,15.0,0.02,0.03,45.074019,1776173025000
1776173027.548,227.548,0.55,21.35,0.52,16.0,0.25,5.0,0.24,15.0,0.23,15.0,0.57,6.89,0.58,15.0,0.59,15.0,0.6,15.0,0.61,15.0,0.43,6.89,0.42,15.0,0.41,15.0,0.4,15.0,0.39,15.0,0.45,21.35,0.48,16.0,0.75,5.0,0.76,15.0,0.77,15.0,0.02,0.02,45.071814,1776173026000
1776173028.833,228.833,0.55,21.35,0.52,16.0,0.25,5.0,0.24,15.0,0.23,15.0,0.57,6.89,0.58,15.0,0.59,15.0,0.6,15.0,0.61,15.0,0.43,6.89,0.42,15.0,0.41,15.0,0.4,15.0,0.39,15.0,0.45,21.35,0.48,16.0,0.75,5.0,0.76,15.0,0.77,15.0,0.02,0.02,45.071814,1776173027000
1776173029.04,229.04,0.55,80.35,0.52,16.0,0.25,5.0,0.24,15.0,0.23,15.0,0.57,5.11,0.58,15.0,0.59,15.0,0.6,15.0,0.61,15.0,0.43,6.89,0.42,15.0,0.41,15.0,0.4,15.0,0.39,15.0,0.45,21.35,0.48,16.0,0.75,5.0,0.76,15.0,0.77,15.0,0.02,0.02,45.071814,1776173027000
1776173029.353,229.353,0.55,80.35,0.52,16.0,0.25,5.0,0.24,15.0,0.23,15.0,0.57,5.11,0.58,15.0,0.59,15.0,0.6,15.0,0.61,15.0,0.43,5.11,0.42,15.0,0.41,15.0,0.4,15.0,0.39,15.0,0.45,80.35,0.48,16.0,0.75,5.0,0.76,15.0,0.77,15.0,0.02,0.02,45.07512,1776173028000
1776173029.595,229.595,0.55,80.35,0.52,16.0,0.25,5.0,0.24,15.0,0.23,15.0,0.58,15.0,0.59,15.0,0.6,15.0,0.61,15.0,0.62,15.0,0.43,5.11,0.42,15.0,0.41,15.0,0.4,15.0,0.39,15.0,0.45,80.35,0.48,16.0,0.75,5.0,0.76,15.0,0.77,15.0,0.03,0.02,45.07512,1776173028000
1776173030.028,230.028,0.55,80.35,0.52,16.0,0.25,5.0,0.24,15.0,0.23,15.0,0.58,15.0,0.59,15.0,0.6,15.0,0.61,15.0,0.62,15.0,0.42,15.0,0.41,15.0,0.4,15.0,0.39,15.0,0.38,15.0,0.45,80.35,0.48,16.0,0.75,5.0,0.76,15.0,0.77,15.0,0.03,0.03,45.075184,1776173029000
1776173031.706,231.706,0.55,80.35,0.52,16.0,0.25,5.0,0.24,15.0,0.23,15.0,0.59,12.79,0.6,15.0,0.61,15.0,0.62,15.0,0.63,15.0,0.41,12.79,0.4,15.0,0.39,15.0,0.38,15.0,0.37,15.0,0.45,80.35,0.48,16.0,0.75,5.0,0.76,15.0,0.77,15.0,0.04,0.04,45.073581,1776173030000
1776173032.314,232.314,0.56,81.0,0.55,12.35,0.52,16.0,0.25,5.0,0.24,15.0,0.59,4.6,0.6,15.0,0.61,15.0,0.62,15.0,0.63,15.0,0.41,4.6,0.4,15.0,0.39,15.0,0.38,15.0,0.37,15.0,0.44,81.0,0.45,12.35,0.48,16.0,0.75,5.0,0.76,15.0,0.03,0.03,45.074123,1776173031000
1776173032.712,232.712,0.57,8.0,0.56,73.0,0.52,16.0,0.25,5.0,0.24,15.0,0.6,11.7,0.61,15.0,0.62,15.0,0.63,15.0,0.64,15.0,0.41,4.6,0.4,15.0,0.39,15.0,0.38,15.0,0.37,15.0,0.44,81.0,0.45,12.35,0.48,16.0,0.75,5.0,0.76,15.0,0.03,0.03,45.074123,1776173031000
1776173032.979,232.979,0.57,8.0,0.56,73.0,0.52,16.0,0.25,5.0,0.24,15.0,0.6,11.7,0.61,15.0,0.62,15.0,0.63,15.0,0.64,15.0,0.4,11.7,0.39,15.0,0.38,15.0,0.37,15.0,0.36,15.0,0.43,8.0,0.44,73.0,0.48,16.0,0.75,5.0,0.76,15.0,0.03,0.03,45.07658,1776173032000
1776173034.312,234.312,0.57,8.0,0.56,73.0,0.52,16.0,0.25,5.0,0.24,15.0,0.6,11.7,0.61,15.0,0.62,15.0,0.63,15.0,0.64,15.0,0.4,11.7,0.39,15.0,0.38,15.0,0.37,15.0,0.36,15.0,0.43,8.0,0.44,73.0,0.48,16.0,0.75,5.0,0.76,15.0,0.03,0.03,45.085867,1776173033000
1776173034.572,234.572,0.57,19.97,0.56,73.0,0.52,16.0,0.25,5.0,0.24,15.0,0.6,10.03,0.61,15.0,0.62,15.0,0.63,15.0,0.64,15.0,0.4,11.7,0.39,15.0,0.38,15.0,0.37,15.0,0.36,15.0,0.43,8.0,0.44,73.0,0.48,16.0,0.75,5.0,0.76,15.0,0.03,0.03,45.085867,1776173033000
1776173035.568,235.568,0.57,19.97,0.56,73.0,0.52,16.0,0.25,5.0,0.24,15.0,0.6,2.21,0.61,15.0,0.62,15.0,0.63,15.0,0.64,15.0,0.4,2.21,0.39,15.0,0.38,15.0,0.37,15.0,0.36,15.0,0.43,19.97,0.44,73.0,0.48,16.0,0.75,5.0,0.76,15.0,0.03,0.03,45.085208,1776173034000
1776173036.28,236.28,0.57,19.97,0.56,73.0,0.52,16.0,0.25,5.0,0.24,15.0,0.6,2.21,0.61,15.0,0.62,15.0,0.63,15.0,0.64,15.0,0.4,2.21,0.39,15.0,0.38,15.0,0.37,15.0,0.36,15.0,0.43,19.97,0.44,73.0,0.48,16.0,0.75,5.0,0.76,15.0,0.03,0.03,45.085208,1776173035000
1776173037.226,237.226,0.57,19.97,0.56,73.0,0.52,16.0,0.25,5.0,0.24,15.0,0.61,9.6,0.62,15.0,0.63,15.0,0.64,15.0,0.65,15.0,0.4,2.21,0.39,15.0,0.38,15.0,0.37,15.0,0.36,15.0,0.43,19.97,0.44,73.0,0.48,16.0,0.75,5.0,0.76,15.0,0.04,0.03,45.085208,1776173035000
1776173037.506,237.506,0.57,19.97,0.56,73.0,0.52,16.0,0.25,5.0,0.24,15.0,0.61,9.6,0.62,15.0,0.63,15.0,0.64,15.0,0.65,15.0,0.39,9.6,0.38,15.0,0.37,15.0,0.36,15.0,0.35,15.0,0.43,19.97,0.44,73.0,0.48,16.0,0.75,5.0,0.76,15.0,0.04,0.04,45.085989,1776173036000
1776173038.187,238.187,0.57,19.97,0.56,73.0,0.52,16.0,0.25,5.0,0.24,15.0,0.62,6.7,0.63,15.0,0.64,15.0,0.65,15.0,0.66,22.0,0.38,6.7,0.37,15.0,0.36,15.0,0.35,15.0,0.34,22.0,0.43,19.97,0.44,73.0,0.48,16.0,0.75,5.0,0.76,15.0,0.05,0.05,45.085989,1776173037000
1776173039.694,239.694,0.57,19.97,0.56,73.0,0.52,16.0,0.25,5.0,0.24,15.0,0.62,6.7,0.63,15.0,0.64,15.0,0.65,15.0,0.66,22.0,0.38,6.7,0.37,15.0,0.36,15.0,0.35,15.0,0.34,22.0,0.43,19.97,0.44,73.0,0.48,16.0,0.75,5.0,0.76,15.0,0.05,0.05,45.084271,1776173038000
1776173040.5,240.5,0.57,19.97,0.56,73.0,0.52,16.0,0.25,5.0,0.24,15.0,0.62,6.7,0.63,15.0,0.64,15.0,0.65,15.0,0.66,22.0,0.38,6.7,0.37,15.0,0.36,15.0,0.35,15.0,0.34,22.0,0.43,19.97,0.44,73.0,0.48,16.0,0.75,5.0,0.76,15.0,0.05,0.05,45.084179,1776173039000
1776173040.707,240.707,0.57,8.0,0.56,73.0,0.52,16.0,0.25,5.0,0.24,15.0,0.63,14.48,0.64,15.0,0.65,15.0,0.66,22.0,0.67,15.0,0.38,6.7,0.37,15.0,0.36,15.0,0.35,15.0,0.34,22.0,0.43,19.97,0.44,73.0,0.48,16.0,0.75,5.0,0.76,15.0,0.06,0.05,45.084179,1776173039000
1776173041.11,241.11,0.57,8.0,0.56,73.0,0.52,16.0,0.25,5.0,0.24,15.0,0.63,14.48,0.64,15.0,0.65,15.0,0.66,22.0,0.67,15.0,0.37,14.48,0.36,15.0,0.35,15.0,0.34,22.0,0.33,15.0,0.43,8.0,0.44,73.0,0.48,16.0,0.75,5.0,0.76,15.0,0.06,0.06,45.08626,1776173040000
1776173042.535,242.535,0.63,7.23,0.57,18.93,0.56,73.0,0.52,16.0,0.25,5.0,0.64,15.0,0.65,15.0,0.66,22.0,0.67,15.0,0.68,15.0,0.36,15.0,0.35,15.0,0.34,22.0,0.33,15.0,0.32,15.0,0.37,7.23,0.43,18.93,0.44,73.0,0.48,16.0,0.75,5.0,0.01,0.01,45.086776,1776173041000
1776173043.271,243.271,0.63,7.23,0.57,18.93,0.56,73.0,0.52,16.0,0.25,5.0,0.64,15.0,0.65,15.0,0.66,22.0,0.67,15.0,0.68,15.0,0.36,15.0,0.35,15.0,0.34,22.0,0.33,15.0,0.32,15.0,0.37,7.23,0.43,18.93,0.44,73.0,0.48,16.0,0.75,5.0,0.01,0.01,45.086776,1776173042000
1776173044.251,244.251,0.63,77.95,0.52,16.0,0.25,5.0,0.24,15.0,0.23,15.0,0.65,8.0,0.66,22.0,0.67,15.0,0.68,15.0,0.69,15.0,0.35,15.0,0.34,22.0,0.33,15.0,0.32,15.0,0.31,15.0,0.37,17.95,0.43,8.0,0.48,16.0,0.75,5.0,0.76,15.0,0.02,0.02,45.086776,1776173042000
1776173044.524,244.524,0.63,77.95,0.52,16.0,0.25,5.0,0.24,15.0,0.23,15.0,0.65,8.0,0.66,22.0,0.67,15.0,0.68,15.0,0.69,15.0,0.35,8.0,0.34,22.0,0.33,15.0,0.32,15.0,0.31,15.0,0.37,77.95,0.48,16.0,0.75,5.0,0.76,15.0,0.77,15.0,0.02,0.02,45.086373,1776173043000
1776173045.505,245.505,0.63,77.95,0.52,16.0,0.25,5.0,0.24,15.0,0.23,15.0,0.65,8.0,0.66,22.0,0.67,15.0,0.68,15.0,0.69,15.0,0.35,8.0,0.34,22.0,0.33,15.0,0.32,15.0,0.31,15.0,0.37,77.95,0.48,16.0,0.75,5.0,0.76,15.0,0.77,15.0,0.02,0.02,45.086583,1776173044000
1776173045.968,245.968,0.63,77.95,0.52,16.0,0.25,5.0,0.24,15.0,0.23,15.0,0.65,8.0,0.66,22.0,0.67,15.0,0.68,15.0,0.69,15.0,0.35,8.0,0.34,22.0,0.33,15.0,0.32,15.0,0.31,15.0,0.37,77.95,0.48,16.0,0.75,5.0,0.76,15.0,0.77,15.0,0.02,0.02,45.086586,1776173045000
1776173046.474,246.474,0.63,77.95,0.52,16.0,0.25,5.0,0.24,15.0,0.23,15.0,0.66,22.0,0.67,15.0,0.68,15.0,0.69,15.0,0.7,15.0,0.35,8.0,0.34,22.0,0.33,15.0,0.32,15.0,0.31,15.0,0.37,77.95,0.48,16.0,0.75,5.0,0.76,15.0,0.77,15.0,0.03,0.02,45.086586,1776173045000
1776173046.992,246.992,0.63,77.95,0.52,16.0,0.25,5.0,0.24,15.0,0.23,15.0,0.66,17.59,0.67,15.0,0.68,15.0,0.69,15.0,0.7,15.0,0.34,22.0,0.33,15.0,0.32,15.0,0.31,15.0,0.3,15.0,0.37,77.95,0.48,16.0,0.75,5.0,0.76,15.0,0.77,15.0,0.03,0.03,45.086586,1776173045000
1776173047.999,247.999,0.63,77.95,0.52,16.0,0.25,5.0,0.24,15.0,0.23,15.0,0.66,17.59,0.67,15.0,0.68,15.0,0.69,15.0,0.7,15.0,0.34,17.59,0.33,15.0,0.32,15.0,0.31,15.0,0.3,15.0,0.37,77.95,0.48,16.0,0.75,5.0,0.76,15.0,0.77,15.0,0.03,0.03,45.086076,1776173047000
1776173048.374,248.374,0.66,7.0,0.64,7.0,0.63,17.95,0.52,16.0,0.25,5.0,0.67,15.0,0.68,15.0,0.69,15.0,0.7,15.0,0.71,15.0,0.34,17.59,0.33,15.0,0.32,15.0,0.31,15.0,0.3,15.0,0.37,77.95,0.48,16.0,0.75,5.0,0.76,15.0,0.77,15.0,0.01,0.03,45.086076,1776173047000
1776173048.98,248.98,0.66,7.0,0.64,7.0,0.63,17.95,0.52,16.0,0.25,5.0,0.67,15.0,0.68,15.0,0.69,15.0,0.7,15.0,0.71,15.0,0.33,15.0,0.32,15.0,0.31,15.0,0.3,15.0,0.29,15.0,0.34,7.0,0.36,7.0,0.37,17.95,0.48,16.0,0.75,5.0,0.01,0.01,45.086181,1776173048000
1776173049.952,249.952,0.66,7.0,0.64,7.0,0.63,17.95,0.52,16.0,0.25,5.0,0.67,15.0,0.68,15.0,0.69,15.0,0.7,15.0,0.71,15.0,0.33,15.0,0.32,15.0,0.31,15.0,0.3,15.0,0.29,15.0,0.34,7.0,0.36,7.0,0.37,17.95,0.48,16.0,0.75,5.0,0.01,0.01,45.086297,1776173049000
1776173050.214,250.214,0.66,80.15,0.64,7.0,0.63,7.23,0.52,16.0,0.25,5.0,0.7,15.0,0.71,15.0,0.72,15.0,0.73,15.0,0.74,21.0,0.32,15.0,0.31,15.0,0.3,15.0,0.29,15.0,0.28,15.0,0.34,80.15,0.36,7.0,0.37,7.23,0.48,16.0,0.75,5.0,0.04,0.02,45.086297,1776173049000
1776173050.912,250.912,0.66,80.15,0.64,7.0,0.63,7.23,0.52,16.0,0.25,5.0,0.7,15.0,0.71,15.0,0.72,15.0,0.73,15.0,0.74,21.0,0.3,15.0,0.29,15.0,0.28,15.0,0.27,15.0,0.26,21.0,0.34,80.15,0.36,7.0,0.37,7.23,0.48,16.0,0.75,5.0,0.04,0.04,45.086131,1776173050000
1776173051.913,251.913,0.66,80.15,0.64,7.0,0.63,7.23,0.52,16.0,0.25,5.0,0.7,15.0,0.71,15.0,0.72,15.0,0.73,15.0,0.74,21.0,0.3,15.0,0.29,15.0,0.28,15.0,0.27,15.0,0.26,21.0,0.34,80.15,0.36,7.0,0.37,7.23,0.48,16.0,0.75,5.0,0.04,0.04,45.086105,1776173051000
1776173052.197,252.197,0.66,80.15,0.64,7.0,0.63,7.23,0.52,16.0,0.25,5.0,0.71,15.0,0.72,15.0,0.73,15.0,0.74,21.0,0.75,15.0,0.3,15.0,0.29,15.0,0.28,15.0,0.27,15.0,0.26,21.0,0.34,80.15,0.36,7.0,0.37,7.23,0.48,16.0,0.75,5.0,0.05,0.04,45.086105,1776173051000
1776173052.879,252.879,0.66,80.15,0.64,7.0,0.63,7.23,0.52,16.0,0.25,5.0,0.71,15.0,0.72,15.0,0.73,15.0,0.74,21.0,0.75,15.0,0.29,15.0,0.28,15.0,0.27,15.0,0.26,21.0,0.25,15.0,0.34,80.15,0.36,7.0,0.37,7.23,0.48,16.0,0.75,5.0,0.05,0.05,45.087094,1776173052000
1776173053.478,253.478,0.66,80.15,0.64,7.0,0.63,7.23,0.52,16.0,0.25,5.0,0.72,15.0,0.73,15.0,0.74,21.0,0.75,15.0,0.76,15.0,0.29,15.0,0.28,15.0,0.27,15.0,0.26,21.0,0.25,15.0,0.34,80.15,0.36,7.0,0.37,7.23,0.48,16.0,0.75,5.0,0.06,0.05,45.087094,1776173052000
1776173053.894,253.894,0.66,80.15,0.64,7.0,0.63,7.23,0.52,16.0,0.25,5.0,0.72,15.0,0.73,15.0,0.74,21.0,0.75,15.0,0.76,15.0,0.28,15.0,0.27,15.0,0.26,21.0,0.25,15.0,0.24,15.0,0.34,80.15,0.36,7.0,0.37,7.23,0.48,16.0,0.75,5.0,0.06,0.06,45.087434,1776173053000
1776173054.853,254.853,0.66,80.15,0.64,7.0,0.63,7.23,0.52,16.0,0.25,5.0,0.72,15.0,0.73,15.0,0.74,21.0,0.75,15.0,0.76,15.0,0.28,15.0,0.27,15.0,0.26,21.0,0.25,15.0,0.24,15.0,0.34,80.15,0.36,7.0,0.37,7.23,0.48,16.0,0.75,5.0,0.06,0.06,45.088949,1776173054000
1776173055.853,255.853,0.66,80.15,0.64,7.0,0.63,7.23,0.52,16.0,0.25,5.0,0.73,15.0,0.74,21.0,0.75,15.0,0.76,15.0,0.77,15.0,0.27,15.0,0.26,21.0,0.25,15.0,0.24,15.0,0.23,15.0,0.34,80.15,0.36,7.0,0.37,7.23,0.48,16.0,0.75,5.0,0.07,0.07,45.093684,1776173055000
1776173056.426,256.426,0.66,80.15,0.64,7.0,0.63,7.23,0.52,16.0,0.3,100.0,0.74,21.0,0.75,15.0,0.76,15.0,0.77,15.0,0.78,15.0,0.27,15.0,0.26,21.0,0.25,15.0,0.24,15.0,0.23,15.0,0.34,80.15,0.36,7.0,0.37,7.23,0.48,16.0,0.75,5.0,0.08,0.07,45.093684,1776173055000
1776173057.312,257.312,0.66,80.15,0.64,7.0,0.63,7.23,0.52,16.0,0.3,100.0,0.74,21.0,0.75,15.0,0.76,15.0,0.77,15.0,0.78,15.0,0.26,21.0,0.25,15.0,0.24,15.0,0.23,15.0,0.22,15.0,0.34,80.15,0.36,7.0,0.37,7.23,0.48,16.0,0.7,100.0,0.08,0.08,45.097387,1776173056000
1776173058.357,258.357,0.66,80.15,0.64,7.0,0.63,7.23,0.52,16.0,0.3,100.0,0.74,21.0,0.75,15.0,0.76,15.0,0.77,15.0,0.78,15.0,0.26,21.0,0.25,15.0,0.24,15.0,0.23,15.0,0.22,15.0,0.34,80.15,0.36,7.0,0.37,7.23,0.48,16.0,0.7,100.0,0.08,0.08,45.097245,1776173057000
1776173058.579,258.579,0.66,80.35,0.64,7.0,0.63,7.23,0.52,16.0,0.3,100.0,0.75,15.0,0.76,15.0,0.77,15.0,0.78,15.0,0.79,15.0,0.26,21.0,0.25,15.0,0.24,15.0,0.23,15.0,0.22,15.0,0.34,80.15,0.36,7.0,0.37,7.23,0.48,16.0,0.7,100.0,0.09,0.08,45.097245,1776173057000
1776173059.287,259.287,0.66,80.35,0.64,7.0,0.63,7.23,0.52,16.0,0.3,100.0,0.75,15.0,0.76,15.0,0.77,15.0,0.78,15.0,0.79,15.0,0.25,15.0,0.24,15.0,0.23,15.0,0.22,15.0,0.21,15.0,0.34,80.35,0.36,7.0,0.37,7.23,0.48,16.0,0.7,100.0,0.09,0.09,45.097002,1776173058000
1776173060.595,260.595,0.66,80.35,0.64,7.0,0.63,7.23,0.52,16.0,0.3,100.0,0.75,15.0,0.76,15.0,0.77,15.0,0.78,15.0,0.79,15.0,0.25,15.0,0.24,15.0,0.23,15.0,0.22,15.0,0.21,15.0,0.34,80.35,0.36,7.0,0.37,7.23,0.48,16.0,0.7,100.0,0.09,0.09,45.096184,1776173059000
1776173061.228,261.228,0.66,80.35,0.64,7.0,0.63,7.23,0.52,16.0,0.3,100.0,0.75,15.0,0.76,15.0,0.77,15.0,0.78,15.0,0.79,15.0,0.25,15.0,0.24,15.0,0.23,15.0,0.22,15.0,0.21,15.0,0.34,80.35,0.36,7.0,0.37,7.23,0.48,16.0,0.7,100.0,0.09,0.09,45.096184,1776173060000
1776173061.447,261.447,0.66,80.35,0.64,7.0,0.63,7.23,0.52,16.0,0.3,100.0,0.76,15.0,0.77,15.0,0.78,15.0,0.79,15.0,0.8,15.0,0.25,15.0,0.24,15.0,0.23,15.0,0.22,15.0,0.21,15.0,0.34,80.35,0.36,7.0,0.37,7.23,0.48,16.0,0.7,100.0,0.1,0.09,45.096184,1776173060000
1776173062.197,262.197,0.66,80.35,0.64,7.0,0.63,7.23,0.52,16.0,0.3,100.0,0.76,8.43,0.77,15.0,0.78,15.0,0.79,15.0,0.8,15.0,0.24,15.0,0.23,15.0,0.22,15.0,0.21,15.0,0.2,15.0,0.34,80.35,0.36,7.0,0.37,7.23,0.48,16.0,0.7,100.0,0.1,0.1,45.096184,1776173060000
1776173063.08,263.08,0.66,80.35,0.64,7.0,0.63,7.23,0.52,16.0,0.3,100.0,0.77,14.07,0.78,15.0,0.79,15.0,0.8,15.0,0.81,15.0,0.24,8.43,0.23,15.0,0.22,15.0,0.21,15.0,0.2,15.0,0.34,80.35,0.36,7.0,0.37,7.23,0.48,16.0,0.7,100.0,0.11,0.1,45.096322,1776173061000
1776173064.321,264.321,0.66,80.35,0.64,7.0,0.63,7.23,0.52,16.0,0.3,100.0,0.77,14.07,0.78,15.0,0.79,15.0,0.8,15.0,0.81,15.0,0.23,14.07,0.22,15.0,0.21,15.0,0.2,15.0,0.19,15.0,0.34,80.35,0.36,7.0,0.37,7.23,0.48,16.0,0.7,100.0,0.11,0.11,45.096562,1776173063000
1776173065.694,265.694,0.66,80.35,0.64,7.0,0.63,7.23,0.52,16.0,0.3,100.0,0.77,14.07,0.78,15.0,0.79,15.0,0.8,15.0,0.81,15.0,0.23,14.07,0.22,15.0,0.21,15.0,0.2,15.0,0.19,15.0,0.34,80.35,0.36,7.0,0.37,7.23,0.48,16.0,0.7,100.0,0.11,0.11,45.097366,1776173064000
1776173066.232,266.232,0.66,80.35,0.64,7.0,0.63,7.23,0.52,16.0,0.3,100.0,0.77,14.07,0.78,15.0,0.79,15.0,0.8,15.0,0.81,15.0,0.23,14.07,0.22,15.0,0.21,15.0,0.2,15.0,0.19,15.0,0.34,80.35,0.36,7.0,0.37,7.23,0.48,16.0,0.7,100.0,0.11,0.11,45.098098,1776173065000
1776173067.435,267.435,0.66,80.35,0.64,7.0,0.63,7.23,0.52,16.0,0.3,100.0,0.77,14.07,0.78,15.0,0.79,15.0,0.8,15.0,0.81,15.0,0.23,14.07,0.22,15.0,0.21,15.0,0.2,15.0,0.19,15.0,0.34,80.35,0.36,7.0,0.37,7.23,0.48,16.0,0.7,100.0,0.11,0.11,45.098393,1776173066000
1776173068.177,268.177,0.66,80.35,0.64,7.0,0.63,7.23,0.52,16.0,0.3,100.0,0.77,14.07,0.78,15.0,0.79,15.0,0.8,15.0,0.81,15.0,0.23,14.07,0.22,15.0,0.21,15.0,0.2,15.0,0.19,15.0,0.34,80.35,0.36,7.0,0.37,7.23,0.48,16.0,0.7,100.0,0.11,0.11,45.098311,1776173067000
1776173069.055,269.055,0.99,367.47,0.66,80.35,0.64,7.0,0.63,7.23,0.52,16.0,,,,,,,,,,,0.22,15.0,0.21,15.0,0.2,15.0,0.19,15.0,0.18,15.0,0.34,80.35,0.36,7.0,0.37,7.23,0.48,16.0,0.7,100.0,,0.12,45.098311,1776173067000
1776173069.376,269.376,0.99,367.47,0.66,80.35,0.64,7.0,0.63,7.23,0.52,16.0,,,,,,,,,,,,,,,,,,,,,0.01,367.47,0.34,80.35,0.36,7.0,0.37,7.23,0.48,16.0,,,45.098772,1776173068000
1776173070.036,270.036,0.99,367.47,0.66,80.35,0.64,7.0,0.63,7.23,0.52,16.0,,,,,,,,,,,,,,,,,,,,,0.01,367.47,0.34,80.35,0.36,7.0,0.37,7.23,0.48,16.0,,,45.098795,1776173069000
1776173070.365,270.365,0.99,249.25,0.93,10.58,0.66,68.0,0.64,7.0,0.63,7.23,,,,,,,,,,,,,,,,,,,,,0.01,367.47,0.34,80.35,0.36,7.0,0.37,7.23,0.48,16.0,,,45.098795,1776173069000
1776173071.256,271.256,0.99,249.25,0.93,10.58,0.66,68.0,0.64,7.0,0.63,7.23,,,,,,,,,,,,,,,,,,,,,0.01,249.25,0.07,10.58,0.34,68.0,0.36,7.0,0.37,7.23,,,45.108103,1776173070000
1776173072.546,272.546,0.99,249.25,0.93,10.58,0.66,68.0,0.64,7.0,0.63,7.23,,,,,,,,,,,,,,,,,,,,,0.01,249.25,0.07,10.58,0.34,68.0,0.36,7.0,0.37,7.23,,,45.114106,1776173071000
1776173073.197,273.197,0.99,249.25,0.93,10.58,0.66,68.0,0.64,7.0,0.63,7.23,,,,,,,,,,,,,,,,,,,,,0.01,249.25,0.07,10.58,0.34,68.0,0.36,7.0,0.37,7.23,,,45.118261,1776173072000
1776173074.86,274.86,0.99,249.25,0.93,10.58,0.66,68.0,0.64,7.0,0.63,7.23,,,,,,,,,,,,,,,,,,,,,0.01,249.25,0.07,10.58,0.34,68.0,0.36,7.0,0.37,7.23,,,45.11669,1776173073000
1776173075.805,275.805,0.99,249.25,0.93,10.58,0.66,68.0,0.64,7.0,0.63,7.23,,,,,,,,,,,,,,,,,,,,,0.01,249.25,0.07,10.58,0.34,68.0,0.36,7.0,0.37,7.23,,,45.116673,1776173074000
1776173076.424,276.424,0.99,249.25,0.93,10.58,0.66,68.0,0.64,7.0,0.63,7.23,,,,,,,,,,,,,,,,,,,,,0.01,249.25,0.07,10.58,0.34,68.0,0.36,7.0,0.37,7.23,,,45.116822,1776173075000
1776173076.963,276.963,0.99,249.25,0.93,10.58,0.66,68.0,0.64,7.0,0.63,7.23,,,,,,,,,,,,,,,,,,,,,0.01,249.25,0.07,10.58,0.34,68.0,0.36,7.0,0.37,7.23,,,45.116825,1776173076000
1776173078.433,278.433,0.99,249.25,0.93,10.58,0.66,68.0,0.64,7.0,0.63,7.23,,,,,,,,,,,,,,,,,,,,,0.01,249.25,0.07,10.58,0.34,68.0,0.36,7.0,0.37,7.23,,,45.12147,1776173077000
1776173079.355,279.355,0.99,249.25,0.93,10.58,0.66,68.0,0.64,7.0,0.63,7.23,,,,,,,,,,,,,,,,,,,,,0.01,249.25,0.07,10.58,0.34,68.0,0.36,7.0,0.37,7.23,,,45.124792,1776173078000
1776173080.231,280.231,0.99,249.25,0.93,10.58,0.66,68.0,0.64,7.0,0.63,7.23,,,,,,,,,,,,,,,,,,,,,0.01,249.25,0.07,10.58,0.34,68.0,0.36,7.0,0.37,7.23,,,45.126273,1776173079000
1776173081.574,281.574,0.99,249.25,0.93,10.58,0.66,68.0,0.64,7.0,0.63,7.23,,,,,,,,,,,,,,,,,,,,,0.01,249.25,0.07,10.58,0.34,68.0,0.36,7.0,0.37,7.23,,,45.125297,1776173080000
1776173082.414,282.414,0.99,249.25,0.93,10.58,0.66,68.0,0.64,7.0,0.63,7.23,,,,,,,,,,,,,,,,,,,,,0.01,249.25,0.07,10.58,0.34,68.0,0.36,7.0,0.37,7.23,,,45.126612,1776173081000
1776173083.047,283.047,0.99,249.25,0.93,10.58,0.66,68.0,0.64,7.0,0.63,7.23,,,,,,,,,,,,,,,,,,,,,0.01,249.25,0.07,10.58,0.34,68.0,0.36,7.0,0.37,7.23,,,45.130793,1776173082000
1776173084.579,284.579,0.99,249.25,0.93,10.58,0.66,68.0,0.64,7.0,0.63,7.23,,,,,,,,,,,,,,,,,,,,,0.01,249.25,0.07,10.58,0.34,68.0,0.36,7.0,0.37,7.23,,,45.134907,1776173083000
1776173085.357,285.357,0.99,249.25,0.93,10.58,0.66,68.0,0.64,7.0,0.63,7.23,,,,,,,,,,,,,,,,,,,,,0.01,249.25,0.07,10.58,0.34,68.0,0.36,7.0,0.37,7.23,,,45.136233,1776173084000
1776173086.495,286.495,0.99,249.25,0.93,10.58,0.66,68.0,0.64,7.0,0.63,7.23,,,,,,,,,,,,,,,,,,,,,0.01,249.25,0.07,10.58,0.34,68.0,0.36,7.0,0.37,7.23,,,45.133751,1776173085000
1776173087.153,287.153,0.99,249.25,0.93,10.58,0.66,68.0,0.64,7.0,0.63,7.23,,,,,,,,,,,,,,,,,,,,,0.01,249.25,0.07,10.58,0.34,68.0,0.36,7.0,0.37,7.23,,,45.135145,1776173086000
1776173088.368,288.368,0.99,249.25,0.93,10.58,0.66,68.0,0.64,7.0,0.63,7.23,,,,,,,,,,,,,,,,,,,,,0.01,249.25,0.07,10.58,0.34,68.0,0.36,7.0,0.37,7.23,,,45.134083,1776173087000
1776173089.002,289.002,0.99,249.25,0.93,10.58,0.66,68.0,0.64,7.0,0.63,7.23,,,,,,,,,,,,,,,,,,,,,0.01,249.25,0.07,10.58,0.34,68.0,0.36,7.0,0.37,7.23,,,45.134055,1776173088000
1776173090.289,290.289,0.99,249.25,0.93,10.58,0.66,68.0,0.64,7.0,0.63,7.23,,,,,,,,,,,,,,,,,,,,,0.01,249.25,0.07,10.58,0.34,68.0,0.36,7.0,0.37,7.23,,,45.133116,1776173089000
1776173091.677,291.677,0.99,249.25,0.93,10.58,0.66,68.0,0.64,7.0,0.63,7.23,,,,,,,,,,,,,,,,,,,,,0.01,249.25,0.07,10.58,0.34,68.0,0.36,7.0,0.37,7.23,,,45.135627,1776173090000
1776173092.743,292.743,0.99,249.25,0.93,10.58,0.66,68.0,0.64,7.0,0.63,7.23,,,,,,,,,,,,,,,,,,,,,0.01,249.25,0.07,10.58,0.34,68.0,0.36,7.0,0.37,7.23,,,45.135146,1776173091000
1776173093.208,293.208,0.99,249.25,0.93,10.58,0.66,68.0,0.64,7.0,0.63,7.23,,,,,,,,,,,,,,,,,,,,,0.01,249.25,0.07,10.58,0.34,68.0,0.36,7.0,0.37,7.23,,,45.134492,1776173092000
1776173094.348,294.348,0.99,249.25,0.93,10.58,0.66,68.0,0.64,7.0,0.63,7.23,,,,,,,,,,,,,,,,,,,,,0.01,249.25,0.07,10.58,0.34,68.0,0.36,7.0,0.37,7.23,,,45.133665,1776173093000
1776173094.992,294.992,0.99,249.25,0.93,10.58,0.66,68.0,0.64,7.0,0.63,7.23,,,,,,,,,,,,,,,,,,,,,0.01,249.25,0.07,10.58,0.34,68.0,0.36,7.0,0.37,7.23,,,45.132944,1776173094000
1776173096.121,296.121,0.99,249.25,0.93,10.58,0.66,68.0,0.64,7.0,0.63,7.23,,,,,,,,,,,,,,,,,,,,,0.01,249.25,0.07,10.58,0.34,68.0,0.36,7.0,0.37,7.23,,,45.132383,1776173095000
1776173097.327,297.327,0.99,249.25,0.93,10.58,0.66,68.0,0.64,7.0,0.63,7.23,,,,,,,,,,,,,,,,,,,,,0.01,249.25,0.07,10.58,0.34,68.0,0.36,7.0,0.37,7.23,,,45.132171,1776173096000
1776173098.546,298.546,0.99,249.25,0.93,10.58,0.66,68.0,0.64,7.0,0.63,7.23,,,,,,,,,,,,,,,,,,,,,0.01,249.25,0.07,10.58,0.34,68.0,0.36,7.0,0.37,7.23,,,45.130251,1776173097000
1776173099.172,299.172,0.99,249.25,0.93,10.58,0.66,68.0,0.64,7.0,0.63,7.23,,,,,,,,,,,,,,,,,,,,,0.01,249.25,0.07,10.58,0.34,68.0,0.36,7.0,0.37,7.23,,,45.130357,1776173098000
1776173100.306,300.306,0.99,249.25,0.93,10.58,0.66,68.0,0.64,7.0,0.63,7.23,,,,,,,,,,,,,,,,,,,,,0.01,249.25,0.07,10.58,0.34,68.0,0.36,7.0,0.37,7.23,,,45.132654,1776173099000

# RESULT,winner=Up,slug=hype-updown-5m-1776172800,ticks=337
