timestamp,elapsed_sec,up_bid_p1,up_bid_s1,up_bid_p2,up_bid_s2,up_bid_p3,up_bid_s3,up_bid_p4,up_bid_s4,up_bid_p5,up_bid_s5,up_ask_p1,up_ask_s1,up_ask_p2,up_ask_s2,up_ask_p3,up_ask_s3,up_ask_p4,up_ask_s4,up_ask_p5,up_ask_s5,down_bid_p1,down_bid_s1,down_bid_p2,down_bid_s2,down_bid_p3,down_bid_s3,down_bid_p4,down_bid_s4,down_bid_p5,down_bid_s5,down_ask_p1,down_ask_s1,down_ask_p2,down_ask_s2,down_ask_p3,down_ask_s3,down_ask_p4,down_ask_s4,down_ask_p5,down_ask_s5,up_spread,down_spread,hype_price,hype_oracle_ts
1776172501.475,1.475,0.41,13.0,0.4,8.0,0.39,8.0,0.38,8.0,0.37,9.0,0.59,13.0,0.6,8.0,0.61,8.0,0.62,8.0,0.63,9.0,0.41,13.0,0.4,8.0,0.39,8.0,0.38,8.0,0.37,9.0,0.59,13.0,0.6,8.0,0.61,8.0,0.62,8.0,0.63,9.0,0.18,0.18,44.970311,1776172500000
1776172502.186,2.186,0.41,13.0,0.4,8.0,0.39,8.0,0.38,8.0,0.37,9.0,0.59,13.0,0.6,8.0,0.61,8.0,0.62,8.0,0.63,9.0,0.41,13.0,0.4,8.0,0.39,8.0,0.38,8.0,0.37,9.0,0.59,13.0,0.6,8.0,0.61,8.0,0.62,8.0,0.63,9.0,0.18,0.18,44.970311,1776172501000
1776172503.824,3.824,0.41,13.0,0.4,8.0,0.39,8.0,0.38,8.0,0.37,9.0,0.59,13.0,0.6,8.0,0.61,8.0,0.62,8.0,0.63,9.0,0.41,13.0,0.4,8.0,0.39,8.0,0.38,8.0,0.37,9.0,0.59,13.0,0.6,8.0,0.61,8.0,0.62,8.0,0.63,9.0,0.18,0.18,44.969886,1776172502000
1776172504.488,4.488,0.41,13.0,0.4,8.0,0.39,8.0,0.38,8.0,0.37,9.0,0.59,13.0,0.6,8.0,0.61,8.0,0.62,8.0,0.63,9.0,0.41,13.0,0.4,8.0,0.39,8.0,0.38,8.0,0.37,9.0,0.59,13.0,0.6,8.0,0.61,8.0,0.62,8.0,0.63,9.0,0.18,0.18,44.969051,1776172503000
1776172505.275,5.275,0.41,13.0,0.4,8.0,0.39,8.0,0.38,8.0,0.37,9.0,0.59,13.0,0.6,8.0,0.61,8.0,0.62,8.0,0.63,9.0,0.41,13.0,0.4,8.0,0.39,8.0,0.38,8.0,0.37,9.0,0.59,13.0,0.6,8.0,0.61,8.0,0.62,8.0,0.63,9.0,0.18,0.18,44.969261,1776172504000
1776172506.646,6.646,0.41,13.0,0.4,8.0,0.39,8.0,0.38,8.0,0.37,9.0,0.59,13.0,0.6,8.0,0.61,8.0,0.62,8.0,0.63,9.0,0.41,13.0,0.4,8.0,0.39,8.0,0.38,8.0,0.37,9.0,0.59,13.0,0.6,8.0,0.61,8.0,0.62,8.0,0.63,9.0,0.18,0.18,44.968161,1776172505000
1776172507.348,7.348,0.41,13.0,0.4,8.0,0.39,8.0,0.38,8.0,0.37,9.0,0.59,13.0,0.6,8.0,0.61,8.0,0.62,8.0,0.63,9.0,0.41,13.0,0.4,8.0,0.39,8.0,0.38,8.0,0.37,9.0,0.59,13.0,0.6,8.0,0.61,8.0,0.62,8.0,0.63,9.0,0.18,0.18,44.966018,1776172506000
1776172508.347,8.347,0.41,13.0,0.4,8.0,0.39,8.0,0.38,8.0,0.37,9.0,0.59,13.0,0.6,8.0,0.61,8.0,0.62,8.0,0.63,9.0,0.41,13.0,0.4,8.0,0.39,8.0,0.38,8.0,0.37,9.0,0.59,13.0,0.6,8.0,0.61,8.0,0.62,8.0,0.63,9.0,0.18,0.18,44.965384,1776172507000
1776172509.107,9.107,0.41,13.0,0.4,8.0,0.39,8.0,0.38,8.0,0.37,9.0,0.59,13.0,0.6,8.0,0.61,8.0,0.62,8.0,0.63,9.0,0.41,13.0,0.4,8.0,0.39,8.0,0.38,8.0,0.37,9.0,0.59,13.0,0.6,8.0,0.61,8.0,0.62,8.0,0.63,9.0,0.18,0.18,44.965317,1776172508000
1776172509.993,9.993,0.41,13.0,0.4,8.0,0.39,8.0,0.38,8.0,0.37,9.0,0.59,13.0,0.6,8.0,0.61,8.0,0.62,8.0,0.63,9.0,0.41,13.0,0.4,8.0,0.39,8.0,0.38,8.0,0.37,9.0,0.59,13.0,0.6,8.0,0.61,8.0,0.62,8.0,0.63,9.0,0.18,0.18,44.961845,1776172509000
1776172511.052,11.052,0.41,13.0,0.4,8.0,0.39,8.0,0.38,8.0,0.37,9.0,0.59,13.0,0.6,8.0,0.61,8.0,0.62,8.0,0.63,9.0,0.41,13.0,0.4,8.0,0.39,8.0,0.38,8.0,0.37,9.0,0.59,13.0,0.6,8.0,0.61,8.0,0.62,8.0,0.63,9.0,0.18,0.18,44.961052,1776172510000
1776172512.048,12.048,0.41,13.0,0.4,8.0,0.39,8.0,0.38,8.0,0.37,9.0,0.59,13.0,0.6,8.0,0.61,8.0,0.62,8.0,0.63,9.0,0.41,13.0,0.4,8.0,0.39,8.0,0.38,8.0,0.37,9.0,0.59,13.0,0.6,8.0,0.61,8.0,0.62,8.0,0.63,9.0,0.18,0.18,44.960786,1776172511000
1776172513.712,13.712,0.41,13.0,0.4,8.0,0.39,8.0,0.38,8.0,0.37,9.0,0.59,13.0,0.6,8.0,0.61,8.0,0.62,8.0,0.63,9.0,0.41,13.0,0.4,8.0,0.39,8.0,0.38,8.0,0.37,9.0,0.59,13.0,0.6,8.0,0.61,8.0,0.62,8.0,0.63,9.0,0.18,0.18,44.958891,1776172512000
1776172514.393,14.393,0.41,13.0,0.4,8.0,0.39,8.0,0.38,8.0,0.37,9.0,0.59,13.0,0.6,8.0,0.61,8.0,0.62,8.0,0.63,9.0,0.41,13.0,0.4,8.0,0.39,8.0,0.38,8.0,0.37,9.0,0.59,13.0,0.6,8.0,0.61,8.0,0.62,8.0,0.63,9.0,0.18,0.18,44.956485,1776172513000
1776172515.514,15.514,0.41,13.0,0.4,8.0,0.39,8.0,0.38,8.0,0.37,9.0,0.59,13.0,0.6,8.0,0.61,8.0,0.62,8.0,0.63,9.0,0.41,13.0,0.4,8.0,0.39,8.0,0.38,8.0,0.37,9.0,0.59,13.0,0.6,8.0,0.61,8.0,0.62,8.0,0.63,9.0,0.18,0.18,44.956342,1776172514000
1776172516.472,16.472,0.41,13.0,0.4,8.0,0.39,8.0,0.38,8.0,0.37,9.0,0.59,13.0,0.6,8.0,0.61,8.0,0.62,8.0,0.63,9.0,0.41,13.0,0.4,8.0,0.39,8.0,0.38,8.0,0.37,9.0,0.59,13.0,0.6,8.0,0.61,8.0,0.62,8.0,0.63,9.0,0.18,0.18,44.956427,1776172515000
1776172517.08,17.08,0.41,13.0,0.4,8.0,0.39,8.0,0.38,8.0,0.37,9.0,0.59,13.0,0.6,8.0,0.61,8.0,0.62,8.0,0.63,9.0,0.41,13.0,0.4,8.0,0.39,8.0,0.38,8.0,0.37,9.0,0.59,13.0,0.6,8.0,0.61,8.0,0.62,8.0,0.63,9.0,0.18,0.18,44.95566,1776172516000
1776172518.368,18.368,0.41,13.0,0.4,8.0,0.39,8.0,0.38,8.0,0.37,9.0,0.59,13.0,0.6,8.0,0.61,8.0,0.62,8.0,0.63,9.0,0.41,13.0,0.4,8.0,0.39,8.0,0.38,8.0,0.37,9.0,0.59,13.0,0.6,8.0,0.61,8.0,0.62,8.0,0.63,9.0,0.18,0.18,44.955314,1776172517000
1776172519.777,19.777,0.26,8.64,0.23,5.0,0.22,5.0,0.21,5.0,0.2,5.0,0.43,10.0,0.45,9.0,0.47,5.0,0.48,5.0,0.49,5.0,0.41,13.0,0.4,8.0,0.39,8.0,0.38,8.0,0.37,9.0,0.59,13.0,0.6,8.0,0.61,8.0,0.62,8.0,0.63,9.0,0.17,0.18,44.955314,1776172517000
1776172520.417,20.417,0.26,8.64,0.23,5.0,0.22,5.0,0.21,5.0,0.2,5.0,0.43,10.0,0.45,9.0,0.47,5.0,0.48,5.0,0.49,5.0,0.57,10.0,0.55,9.0,0.53,5.0,0.52,5.0,0.51,5.0,0.74,8.64,0.77,5.0,0.78,5.0,0.79,5.0,0.8,5.0,0.17,0.17,44.955588,1776172519000
1776172521.554,21.554,0.26,8.64,0.23,5.0,0.22,5.0,0.21,5.0,0.2,5.0,0.43,10.0,0.45,9.0,0.47,5.0,0.48,5.0,0.49,5.0,0.57,10.0,0.55,9.0,0.53,5.0,0.52,5.0,0.51,5.0,0.74,8.64,0.77,5.0,0.78,5.0,0.79,5.0,0.8,5.0,0.17,0.17,44.955996,1776172520000
1776172522.204,22.204,0.26,8.64,0.23,5.0,0.22,5.0,0.21,5.0,0.2,5.0,0.43,10.0,0.45,9.0,0.47,5.0,0.48,5.0,0.49,5.0,0.57,10.0,0.55,9.0,0.53,5.0,0.52,5.0,0.51,5.0,0.74,8.64,0.77,5.0,0.78,5.0,0.79,5.0,0.8,5.0,0.17,0.17,44.956153,1776172521000
1776172522.452,22.452,0.41,10.0,0.36,5.0,0.35,5.0,0.34,19.0,0.33,5.0,0.55,5.6,0.58,10.0,0.6,5.0,0.61,5.0,0.62,5.0,0.57,10.0,0.55,9.0,0.53,5.0,0.52,5.0,0.51,5.0,0.74,8.64,0.77,5.0,0.78,5.0,0.79,5.0,0.8,5.0,0.14,0.17,44.956153,1776172521000
1776172523.321,23.321,0.41,10.0,0.36,5.0,0.35,5.0,0.34,19.0,0.33,5.0,0.55,5.6,0.58,10.0,0.6,5.0,0.61,5.0,0.62,5.0,0.45,5.6,0.42,10.0,0.4,5.0,0.39,5.0,0.38,5.0,0.59,10.0,0.64,5.0,0.65,5.0,0.66,19.0,0.67,5.0,0.14,0.14,44.954857,1776172522000
1776172524.259,24.259,0.41,10.0,0.36,5.0,0.35,5.0,0.34,19.0,0.33,5.0,0.55,5.6,0.58,10.0,0.6,5.0,0.61,5.0,0.62,5.0,0.45,5.6,0.42,10.0,0.4,5.0,0.39,5.0,0.38,5.0,0.59,10.0,0.64,5.0,0.65,5.0,0.66,19.0,0.67,5.0,0.14,0.14,44.95915,1776172523000
1776172525.205,25.205,0.41,10.0,0.36,5.0,0.35,5.0,0.34,19.0,0.33,5.0,0.55,5.6,0.58,10.0,0.6,5.0,0.61,5.0,0.62,5.0,0.45,5.6,0.42,10.0,0.4,5.0,0.39,5.0,0.38,5.0,0.59,10.0,0.64,5.0,0.65,5.0,0.66,19.0,0.67,5.0,0.14,0.14,44.966883,1776172524000
1776172526.183,26.183,0.41,10.0,0.36,5.0,0.35,5.0,0.34,19.0,0.33,5.0,0.55,5.6,0.58,10.0,0.6,5.0,0.61,5.0,0.62,5.0,0.45,5.6,0.42,10.0,0.4,5.0,0.39,5.0,0.38,5.0,0.59,10.0,0.64,5.0,0.65,5.0,0.66,19.0,0.67,5.0,0.14,0.14,44.967281,1776172525000
1776172527.235,27.235,0.41,10.0,0.36,5.0,0.35,5.0,0.34,19.0,0.33,5.0,0.55,5.6,0.58,10.0,0.6,5.0,0.61,5.0,0.62,5.0,0.45,5.6,0.42,10.0,0.4,5.0,0.39,5.0,0.38,5.0,0.59,10.0,0.64,5.0,0.65,5.0,0.66,19.0,0.67,5.0,0.14,0.14,44.969082,1776172526000
1776172528.158,28.158,0.41,10.0,0.36,5.0,0.35,5.0,0.34,19.0,0.33,5.0,0.55,5.6,0.58,10.0,0.6,5.0,0.61,5.0,0.62,5.0,0.45,5.6,0.42,10.0,0.4,5.0,0.39,5.0,0.38,5.0,0.59,10.0,0.64,5.0,0.65,5.0,0.66,19.0,0.67,5.0,0.14,0.14,44.969804,1776172527000
1776172529.084,29.084,0.41,10.0,0.36,5.0,0.35,5.0,0.34,19.0,0.33,5.0,0.55,5.6,0.58,10.0,0.6,5.0,0.61,5.0,0.62,5.0,0.45,5.6,0.42,10.0,0.4,5.0,0.39,5.0,0.38,5.0,0.59,10.0,0.64,5.0,0.65,5.0,0.66,19.0,0.67,5.0,0.14,0.14,44.97006,1776172528000
1776172530.189,30.189,0.41,10.0,0.36,5.0,0.35,5.0,0.34,19.0,0.33,5.0,0.55,5.6,0.58,10.0,0.6,5.0,0.61,5.0,0.62,5.0,0.45,5.6,0.42,10.0,0.4,5.0,0.39,5.0,0.38,5.0,0.59,10.0,0.64,5.0,0.65,5.0,0.66,19.0,0.67,5.0,0.14,0.14,44.972985,1776172529000
1776172531.06,31.06,0.41,10.0,0.36,5.0,0.35,5.0,0.34,19.0,0.33,5.0,0.55,5.6,0.58,10.0,0.6,5.0,0.61,5.0,0.62,5.0,0.45,5.6,0.42,10.0,0.4,5.0,0.39,5.0,0.38,5.0,0.59,10.0,0.64,5.0,0.65,5.0,0.66,19.0,0.67,5.0,0.14,0.14,44.975029,1776172530000
1776172532.06,32.06,0.41,10.0,0.36,5.0,0.35,5.0,0.34,19.0,0.33,5.0,0.55,5.6,0.58,10.0,0.6,5.0,0.61,5.0,0.62,5.0,0.45,5.6,0.42,10.0,0.4,5.0,0.39,5.0,0.38,5.0,0.59,10.0,0.64,5.0,0.65,5.0,0.66,19.0,0.67,5.0,0.14,0.14,44.971047,1776172531000
1776172533.037,33.037,0.41,10.0,0.36,5.0,0.35,5.0,0.34,19.0,0.33,5.0,0.55,5.6,0.58,10.0,0.6,5.0,0.61,5.0,0.62,5.0,0.45,5.6,0.42,10.0,0.4,5.0,0.39,5.0,0.38,5.0,0.59,10.0,0.64,5.0,0.65,5.0,0.66,19.0,0.67,5.0,0.14,0.14,44.971251,1776172532000
1776172534.05,34.05,0.41,10.0,0.36,5.0,0.35,5.0,0.34,19.0,0.33,5.0,0.55,5.6,0.58,10.0,0.6,5.0,0.61,5.0,0.62,5.0,0.45,5.6,0.42,10.0,0.4,5.0,0.39,5.0,0.38,5.0,0.59,10.0,0.64,5.0,0.65,5.0,0.66,19.0,0.67,5.0,0.14,0.14,44.976276,1776172533000
1776172535.145,35.145,0.41,10.0,0.36,5.0,0.35,5.0,0.34,19.0,0.33,5.0,0.55,5.6,0.58,10.0,0.6,5.0,0.61,5.0,0.62,5.0,0.45,5.6,0.42,10.0,0.4,5.0,0.39,5.0,0.38,5.0,0.59,10.0,0.64,5.0,0.65,5.0,0.66,19.0,0.67,5.0,0.14,0.14,44.980825,1776172534000
1776172535.593,35.593,0.54,5.65,0.46,5.0,0.45,5.0,0.44,5.0,0.43,5.0,0.62,13.0,0.7,5.0,0.71,15.0,0.72,5.0,0.73,5.0,0.45,5.6,0.42,10.0,0.4,5.0,0.39,5.0,0.38,5.0,0.59,10.0,0.64,5.0,0.65,5.0,0.66,19.0,0.67,5.0,0.08,0.14,44.980825,1776172534000
1776172536.082,36.082,0.54,5.65,0.46,5.0,0.45,5.0,0.44,5.0,0.43,5.0,0.62,13.0,0.7,5.0,0.71,15.0,0.72,5.0,0.73,5.0,0.38,13.0,0.3,5.0,0.29,15.0,0.28,5.0,0.27,5.0,0.46,5.65,0.54,5.0,0.55,5.0,0.56,5.0,0.57,5.0,0.08,0.08,44.981041,1776172535000
1776172537.388,37.388,0.54,5.65,0.46,5.0,0.45,5.0,0.44,5.0,0.43,5.0,0.62,13.0,0.7,5.0,0.71,15.0,0.72,5.0,0.73,5.0,0.38,13.0,0.3,5.0,0.29,15.0,0.28,5.0,0.27,5.0,0.46,5.65,0.54,5.0,0.55,5.0,0.56,5.0,0.57,5.0,0.08,0.08,44.981041,1776172536000
1776172538.957,38.957,0.54,5.65,0.46,5.0,0.45,5.0,0.44,5.0,0.43,5.0,0.62,13.0,0.7,5.0,0.71,15.0,0.72,5.0,0.73,5.0,0.38,13.0,0.3,5.0,0.29,15.0,0.28,5.0,0.27,5.0,0.46,5.65,0.54,5.0,0.55,5.0,0.56,5.0,0.57,5.0,0.08,0.08,44.981041,1776172537000
1776172539.257,39.257,0.54,5.65,0.46,5.0,0.45,5.0,0.44,5.0,0.43,5.0,0.62,13.0,0.7,5.0,0.71,15.0,0.72,5.0,0.73,5.0,0.38,13.0,0.3,5.0,0.29,15.0,0.28,5.0,0.27,5.0,0.46,5.65,0.54,5.0,0.55,5.0,0.56,5.0,0.57,5.0,0.08,0.08,44.981469,1776172538000
1776172540.881,40.881,0.54,5.65,0.46,5.0,0.45,5.0,0.44,5.0,0.43,5.0,0.62,13.0,0.7,5.0,0.71,15.0,0.72,5.0,0.73,5.0,0.38,13.0,0.3,5.0,0.29,15.0,0.28,5.0,0.27,5.0,0.46,5.65,0.54,5.0,0.55,5.0,0.56,5.0,0.57,5.0,0.08,0.08,44.981041,1776172539000
1776172541.413,41.413,0.54,5.65,0.46,5.0,0.45,5.0,0.44,5.0,0.43,5.0,0.62,13.0,0.7,5.0,0.71,15.0,0.72,5.0,0.73,5.0,0.38,13.0,0.3,5.0,0.29,15.0,0.28,5.0,0.27,5.0,0.46,5.65,0.54,5.0,0.55,5.0,0.56,5.0,0.57,5.0,0.08,0.08,44.978322,1776172540000
1776172542.155,42.155,0.54,5.65,0.46,5.0,0.45,5.0,0.44,5.0,0.43,5.0,0.62,13.0,0.7,5.0,0.71,15.0,0.72,5.0,0.73,5.0,0.38,13.0,0.3,5.0,0.29,15.0,0.28,5.0,0.27,5.0,0.46,5.65,0.54,5.0,0.55,5.0,0.56,5.0,0.57,5.0,0.08,0.08,44.975866,1776172541000
1776172542.702,42.702,0.31,16.0,0.26,15.0,0.25,15.0,0.24,30.0,0.23,20.0,0.41,5.12,0.48,5.0,0.49,5.0,0.5,5.0,0.51,5.0,0.38,13.0,0.3,5.0,0.29,15.0,0.28,5.0,0.27,5.0,0.46,5.65,0.54,5.0,0.55,5.0,0.56,5.0,0.57,5.0,0.1,0.08,44.975866,1776172541000
1776172543.296,43.296,0.31,16.0,0.26,15.0,0.25,15.0,0.24,30.0,0.23,20.0,0.41,5.12,0.48,5.0,0.49,5.0,0.5,5.0,0.51,5.0,0.59,5.12,0.52,5.0,0.51,5.0,0.5,5.0,0.49,5.0,0.69,16.0,0.74,15.0,0.75,15.0,0.76,30.0,0.77,20.0,0.1,0.1,44.962487,1776172542000
1776172544.008,44.008,0.31,16.0,0.26,15.0,0.25,15.0,0.24,30.0,0.23,20.0,0.41,5.12,0.48,5.0,0.49,5.0,0.5,5.0,0.51,5.0,0.59,5.12,0.52,5.0,0.51,5.0,0.5,5.0,0.49,5.0,0.69,16.0,0.74,15.0,0.75,15.0,0.76,30.0,0.77,20.0,0.1,0.1,44.960007,1776172543000
1776172545.52,45.52,0.31,16.0,0.26,15.0,0.25,15.0,0.24,30.0,0.23,20.0,0.41,5.12,0.48,5.0,0.49,5.0,0.5,5.0,0.51,5.0,0.59,5.12,0.52,5.0,0.51,5.0,0.5,5.0,0.49,5.0,0.69,16.0,0.74,15.0,0.75,15.0,0.76,30.0,0.77,20.0,0.1,0.1,44.953183,1776172544000
1776172546.266,46.266,0.31,16.0,0.26,15.0,0.25,15.0,0.24,30.0,0.23,20.0,0.41,5.12,0.48,5.0,0.49,5.0,0.5,5.0,0.51,5.0,0.59,5.12,0.52,5.0,0.51,5.0,0.5,5.0,0.49,5.0,0.69,16.0,0.74,15.0,0.75,15.0,0.76,30.0,0.77,20.0,0.1,0.1,44.953664,1776172545000
1776172547.823,47.823,0.31,16.0,0.26,15.0,0.25,15.0,0.24,30.0,0.23,20.0,0.41,5.12,0.48,5.0,0.49,5.0,0.5,5.0,0.51,5.0,0.59,5.12,0.52,5.0,0.51,5.0,0.5,5.0,0.49,5.0,0.69,16.0,0.74,15.0,0.75,15.0,0.76,30.0,0.77,20.0,0.1,0.1,44.953445,1776172546000
1776172548.575,48.575,0.31,16.0,0.26,15.0,0.25,15.0,0.24,30.0,0.23,20.0,0.41,5.12,0.48,5.0,0.49,5.0,0.5,5.0,0.51,5.0,0.59,5.12,0.52,5.0,0.51,5.0,0.5,5.0,0.49,5.0,0.69,16.0,0.74,15.0,0.75,15.0,0.76,30.0,0.77,20.0,0.1,0.1,44.953311,1776172547000
1776172549.257,49.257,0.31,16.0,0.26,15.0,0.25,15.0,0.24,30.0,0.23,20.0,0.41,5.12,0.48,5.0,0.49,5.0,0.5,5.0,0.51,5.0,0.59,5.12,0.52,5.0,0.51,5.0,0.5,5.0,0.49,5.0,0.69,16.0,0.74,15.0,0.75,15.0,0.76,30.0,0.77,20.0,0.1,0.1,44.952553,1776172548000
1776172550.749,50.749,0.31,16.0,0.26,15.0,0.25,15.0,0.24,30.0,0.23,20.0,0.41,5.12,0.48,5.0,0.49,5.0,0.5,5.0,0.51,5.0,0.59,5.12,0.52,5.0,0.51,5.0,0.5,5.0,0.49,5.0,0.69,16.0,0.74,15.0,0.75,15.0,0.76,30.0,0.77,20.0,0.1,0.1,44.945786,1776172549000
1776172551.312,51.312,0.31,16.0,0.26,15.0,0.25,15.0,0.24,30.0,0.23,20.0,0.41,5.12,0.48,5.0,0.49,5.0,0.5,5.0,0.51,5.0,0.59,5.12,0.52,5.0,0.51,5.0,0.5,5.0,0.49,5.0,0.69,16.0,0.74,15.0,0.75,15.0,0.76,30.0,0.77,20.0,0.1,0.1,44.945764,1776172550000
1776172552.087,52.087,0.31,16.0,0.26,15.0,0.25,15.0,0.24,30.0,0.23,20.0,0.41,5.12,0.48,5.0,0.49,5.0,0.5,5.0,0.51,5.0,0.59,5.12,0.52,5.0,0.51,5.0,0.5,5.0,0.49,5.0,0.69,16.0,0.74,15.0,0.75,15.0,0.76,30.0,0.77,20.0,0.1,0.1,44.944103,1776172551000
1776172553.685,53.685,0.31,16.0,0.26,15.0,0.25,15.0,0.24,30.0,0.23,20.0,0.41,5.12,0.48,5.0,0.49,5.0,0.5,5.0,0.51,5.0,0.59,5.12,0.52,5.0,0.51,5.0,0.5,5.0,0.49,5.0,0.69,16.0,0.74,15.0,0.75,15.0,0.76,30.0,0.77,20.0,0.1,0.1,44.941035,1776172552000
1776172553.902,53.902,0.33,10.0,0.31,15.0,0.3,15.0,0.29,15.0,0.28,15.0,0.52,52.47,0.55,11.0,0.64,15.0,0.65,15.0,0.66,15.0,0.59,5.12,0.52,5.0,0.51,5.0,0.5,5.0,0.49,5.0,0.69,16.0,0.74,15.0,0.75,15.0,0.76,30.0,0.77,20.0,0.19,0.1,44.941035,1776172552000
1776172554.25,54.25,0.31,15.0,0.3,15.0,0.29,15.0,0.28,15.0,0.27,15.0,0.4,5.0,0.41,5.0,0.42,5.0,0.43,5.0,0.44,5.0,0.48,52.47,0.45,11.0,0.36,15.0,0.35,15.0,0.34,15.0,0.67,10.0,0.69,15.0,0.7,15.0,0.71,15.0,0.72,15.0,0.09,0.19,44.941035,1776172552000
1776172555.068,55.068,0.31,15.0,0.3,15.0,0.29,15.0,0.28,15.0,0.27,15.0,0.4,5.0,0.41,5.0,0.42,5.0,0.43,5.0,0.44,5.0,0.6,5.0,0.59,5.0,0.58,5.0,0.57,5.0,0.56,5.0,0.69,15.0,0.7,15.0,0.71,15.0,0.72,15.0,0.73,15.0,0.09,0.09,44.948716,1776172554000
1776172556.14,56.14,0.31,15.0,0.3,15.0,0.29,15.0,0.28,15.0,0.27,15.0,0.4,5.0,0.41,5.0,0.42,5.0,0.43,5.0,0.44,5.0,0.6,5.0,0.59,5.0,0.58,5.0,0.57,5.0,0.56,5.0,0.69,15.0,0.7,15.0,0.71,15.0,0.72,15.0,0.73,15.0,0.09,0.09,44.944255,1776172555000
1776172557.591,57.591,0.31,15.0,0.3,15.0,0.29,15.0,0.28,15.0,0.27,15.0,0.4,5.0,0.41,5.0,0.42,5.0,0.43,5.0,0.44,5.0,0.6,5.0,0.59,5.0,0.58,5.0,0.57,5.0,0.56,5.0,0.69,15.0,0.7,15.0,0.71,15.0,0.72,15.0,0.73,15.0,0.09,0.09,44.943321,1776172556000
1776172558.151,58.151,0.31,15.0,0.3,15.0,0.29,15.0,0.28,15.0,0.27,15.0,0.4,5.0,0.41,5.0,0.42,5.0,0.43,5.0,0.44,5.0,0.6,5.0,0.59,5.0,0.58,5.0,0.57,5.0,0.56,5.0,0.69,15.0,0.7,15.0,0.71,15.0,0.72,15.0,0.73,15.0,0.09,0.09,44.9423,1776172557000
1776172559.574,59.574,0.31,15.0,0.3,15.0,0.29,15.0,0.28,15.0,0.27,15.0,0.4,5.0,0.41,5.0,0.42,5.0,0.43,5.0,0.44,5.0,0.6,5.0,0.59,5.0,0.58,5.0,0.57,5.0,0.56,5.0,0.69,15.0,0.7,15.0,0.71,15.0,0.72,15.0,0.73,15.0,0.09,0.09,44.942496,1776172558000
1776172560.372,60.372,0.31,15.0,0.3,15.0,0.29,15.0,0.28,15.0,0.27,15.0,0.4,5.0,0.41,5.0,0.42,5.0,0.43,5.0,0.44,5.0,0.6,5.0,0.59,5.0,0.58,5.0,0.57,5.0,0.56,5.0,0.69,15.0,0.7,15.0,0.71,15.0,0.72,15.0,0.73,15.0,0.09,0.09,44.942374,1776172559000
1776172561.59,61.59,0.31,15.0,0.3,15.0,0.29,15.0,0.28,15.0,0.27,15.0,0.4,5.0,0.41,5.0,0.42,5.0,0.43,5.0,0.44,5.0,0.6,5.0,0.59,5.0,0.58,5.0,0.57,5.0,0.56,5.0,0.69,15.0,0.7,15.0,0.71,15.0,0.72,15.0,0.73,15.0,0.09,0.09,44.936717,1776172560000
1776172562.146,62.146,0.31,15.0,0.3,15.0,0.29,15.0,0.28,15.0,0.27,15.0,0.4,5.0,0.41,5.0,0.42,5.0,0.43,5.0,0.44,5.0,0.6,5.0,0.59,5.0,0.58,5.0,0.57,5.0,0.56,5.0,0.69,15.0,0.7,15.0,0.71,15.0,0.72,15.0,0.73,15.0,0.09,0.09,44.937064,1776172561000
1776172562.854,62.854,0.31,15.0,0.3,15.0,0.29,15.0,0.28,15.0,0.27,15.0,0.38,20.68,0.39,5.0,0.4,15.0,0.41,5.0,0.42,13.0,0.6,5.0,0.59,5.0,0.58,5.0,0.57,5.0,0.56,5.0,0.69,15.0,0.7,15.0,0.71,15.0,0.72,15.0,0.73,15.0,0.07,0.09,44.937064,1776172561000
1776172563.381,63.381,0.31,15.0,0.3,15.0,0.29,15.0,0.28,15.0,0.27,15.0,0.38,20.68,0.39,5.0,0.4,15.0,0.41,5.0,0.42,13.0,0.62,20.68,0.61,5.0,0.6,15.0,0.59,5.0,0.58,13.0,0.69,15.0,0.7,15.0,0.71,15.0,0.72,15.0,0.73,15.0,0.07,0.07,44.936915,1776172562000
1776172564.036,64.036,0.31,15.0,0.3,15.0,0.29,15.0,0.28,15.0,0.27,15.0,0.38,20.68,0.39,5.0,0.4,15.0,0.41,5.0,0.42,13.0,0.62,20.68,0.61,5.0,0.6,15.0,0.59,5.0,0.58,13.0,0.69,15.0,0.7,15.0,0.71,15.0,0.72,15.0,0.73,15.0,0.07,0.07,44.936915,1776172563000
1776172565.38,65.38,0.31,15.0,0.3,15.0,0.29,15.0,0.28,15.0,0.27,15.0,0.38,20.68,0.39,5.0,0.4,15.0,0.41,5.0,0.42,13.0,0.62,20.68,0.61,5.0,0.6,15.0,0.59,5.0,0.58,13.0,0.69,15.0,0.7,15.0,0.71,15.0,0.72,15.0,0.73,15.0,0.07,0.07,44.936653,1776172564000
1776172566.591,66.591,0.31,15.0,0.3,15.0,0.29,15.0,0.28,15.0,0.27,15.0,0.38,20.68,0.39,5.0,0.4,15.0,0.41,5.0,0.42,13.0,0.62,20.68,0.61,5.0,0.6,15.0,0.59,5.0,0.58,13.0,0.69,15.0,0.7,15.0,0.71,15.0,0.72,15.0,0.73,15.0,0.07,0.07,44.935204,1776172565000
1776172567.271,67.271,0.31,15.0,0.3,15.0,0.29,15.0,0.28,15.0,0.27,15.0,0.38,20.68,0.39,5.0,0.4,15.0,0.41,5.0,0.42,13.0,0.62,20.68,0.61,5.0,0.6,15.0,0.59,5.0,0.58,13.0,0.69,15.0,0.7,15.0,0.71,15.0,0.72,15.0,0.73,15.0,0.07,0.07,44.934599,1776172566000
1776172568.52,68.52,0.31,15.0,0.3,15.0,0.29,15.0,0.28,15.0,0.27,15.0,0.38,20.68,0.39,5.0,0.4,15.0,0.41,5.0,0.42,13.0,0.62,20.68,0.61,5.0,0.6,15.0,0.59,5.0,0.58,13.0,0.69,15.0,0.7,15.0,0.71,15.0,0.72,15.0,0.73,15.0,0.07,0.07,44.932029,1776172567000
1776172569.21,69.21,0.31,15.0,0.3,15.0,0.29,15.0,0.28,15.0,0.27,15.0,0.38,20.68,0.39,5.0,0.4,15.0,0.41,5.0,0.42,13.0,0.62,20.68,0.61,5.0,0.6,15.0,0.59,5.0,0.58,13.0,0.69,15.0,0.7,15.0,0.71,15.0,0.72,15.0,0.73,15.0,0.07,0.07,44.931239,1776172568000
1776172570.45,70.45,0.31,15.0,0.3,15.0,0.29,15.0,0.28,15.0,0.27,15.0,0.38,20.68,0.39,5.0,0.4,15.0,0.41,5.0,0.42,13.0,0.62,20.68,0.61,5.0,0.6,15.0,0.59,5.0,0.58,13.0,0.69,15.0,0.7,15.0,0.71,15.0,0.72,15.0,0.73,15.0,0.07,0.07,44.928345,1776172569000
1776172571.108,71.108,0.31,15.0,0.3,15.0,0.29,15.0,0.28,15.0,0.27,15.0,0.38,20.68,0.39,5.0,0.4,15.0,0.41,5.0,0.42,13.0,0.62,20.68,0.61,5.0,0.6,15.0,0.59,5.0,0.58,13.0,0.69,15.0,0.7,15.0,0.71,15.0,0.72,15.0,0.73,15.0,0.07,0.07,44.923887,1776172570000
1776172572.837,72.837,0.31,15.0,0.3,15.0,0.29,15.0,0.28,15.0,0.27,15.0,0.38,20.68,0.39,5.0,0.4,15.0,0.41,5.0,0.42,13.0,0.62,20.68,0.61,5.0,0.6,15.0,0.59,5.0,0.58,13.0,0.69,15.0,0.7,15.0,0.71,15.0,0.72,15.0,0.73,15.0,0.07,0.07,44.922945,1776172571000
1776172573.394,73.394,0.31,15.0,0.3,15.0,0.29,15.0,0.28,15.0,0.27,15.0,0.38,20.68,0.39,5.0,0.4,15.0,0.41,5.0,0.42,13.0,0.62,20.68,0.61,5.0,0.6,15.0,0.59,5.0,0.58,13.0,0.69,15.0,0.7,15.0,0.71,15.0,0.72,15.0,0.73,15.0,0.07,0.07,44.922945,1776172572000
1776172573.924,73.924,0.31,15.0,0.3,15.0,0.29,15.0,0.28,15.0,0.27,15.0,0.38,20.68,0.39,5.0,0.4,15.0,0.41,5.0,0.42,13.0,0.62,20.68,0.61,5.0,0.6,15.0,0.59,5.0,0.58,13.0,0.69,15.0,0.7,15.0,0.71,15.0,0.72,15.0,0.73,15.0,0.07,0.07,44.919179,1776172573000
1776172574.954,74.954,0.31,15.0,0.3,15.0,0.29,15.0,0.28,15.0,0.27,15.0,0.38,20.68,0.39,5.0,0.4,15.0,0.41,5.0,0.42,13.0,0.62,20.68,0.61,5.0,0.6,15.0,0.59,5.0,0.58,13.0,0.69,15.0,0.7,15.0,0.71,15.0,0.72,15.0,0.73,15.0,0.07,0.07,44.919066,1776172574000
1776172575.957,75.957,0.31,15.0,0.3,15.0,0.29,15.0,0.28,15.0,0.27,15.0,0.38,20.68,0.39,5.0,0.4,15.0,0.41,5.0,0.42,13.0,0.62,20.68,0.61,5.0,0.6,15.0,0.59,5.0,0.58,13.0,0.69,15.0,0.7,15.0,0.71,15.0,0.72,15.0,0.73,15.0,0.07,0.07,44.919505,1776172575000
1776172576.989,76.989,0.31,15.0,0.3,15.0,0.29,15.0,0.28,15.0,0.27,15.0,0.38,20.68,0.39,5.0,0.4,15.0,0.41,5.0,0.42,13.0,0.62,20.68,0.61,5.0,0.6,15.0,0.59,5.0,0.58,13.0,0.69,15.0,0.7,15.0,0.71,15.0,0.72,15.0,0.73,15.0,0.07,0.07,44.919616,1776172576000
1776172577.993,77.993,0.31,15.0,0.3,15.0,0.29,15.0,0.28,15.0,0.27,15.0,0.38,20.68,0.39,5.0,0.4,15.0,0.41,5.0,0.42,13.0,0.62,20.68,0.61,5.0,0.6,15.0,0.59,5.0,0.58,13.0,0.69,15.0,0.7,15.0,0.71,15.0,0.72,15.0,0.73,15.0,0.07,0.07,44.919396,1776172577000
1776172578.97,78.97,0.31,15.0,0.3,15.0,0.29,15.0,0.28,15.0,0.27,15.0,0.38,20.68,0.39,5.0,0.4,15.0,0.41,5.0,0.42,13.0,0.62,20.68,0.61,5.0,0.6,15.0,0.59,5.0,0.58,13.0,0.69,15.0,0.7,15.0,0.71,15.0,0.72,15.0,0.73,15.0,0.07,0.07,44.919144,1776172578000
1776172579.984,79.984,0.31,15.0,0.3,15.0,0.29,15.0,0.28,15.0,0.27,15.0,0.38,20.68,0.39,5.0,0.4,15.0,0.41,5.0,0.42,13.0,0.62,20.68,0.61,5.0,0.6,15.0,0.59,5.0,0.58,13.0,0.69,15.0,0.7,15.0,0.71,15.0,0.72,15.0,0.73,15.0,0.07,0.07,44.919144,1776172579000
1776172580.88,80.88,0.31,15.0,0.3,15.0,0.29,15.0,0.28,15.0,0.27,15.0,0.38,20.68,0.39,5.0,0.4,15.0,0.41,5.0,0.42,13.0,0.62,20.68,0.61,5.0,0.6,15.0,0.59,5.0,0.58,13.0,0.69,15.0,0.7,15.0,0.71,15.0,0.72,15.0,0.73,15.0,0.07,0.07,44.919616,1776172580000
1776172581.871,81.871,0.31,15.0,0.3,15.0,0.29,15.0,0.28,15.0,0.27,15.0,0.38,20.68,0.39,5.0,0.4,15.0,0.41,5.0,0.42,13.0,0.62,20.68,0.61,5.0,0.6,15.0,0.59,5.0,0.58,13.0,0.69,15.0,0.7,15.0,0.71,15.0,0.72,15.0,0.73,15.0,0.07,0.07,44.918693,1776172581000
1776172582.985,82.985,0.31,15.0,0.3,15.0,0.29,15.0,0.28,15.0,0.27,15.0,0.38,20.68,0.39,5.0,0.4,15.0,0.41,5.0,0.42,13.0,0.62,20.68,0.61,5.0,0.6,15.0,0.59,5.0,0.58,13.0,0.69,15.0,0.7,15.0,0.71,15.0,0.72,15.0,0.73,15.0,0.07,0.07,44.918225,1776172582000
1776172583.88,83.88,0.31,15.0,0.3,15.0,0.29,15.0,0.28,15.0,0.27,15.0,0.38,20.68,0.39,5.0,0.4,15.0,0.41,5.0,0.42,13.0,0.62,20.68,0.61,5.0,0.6,15.0,0.59,5.0,0.58,13.0,0.69,15.0,0.7,15.0,0.71,15.0,0.72,15.0,0.73,15.0,0.07,0.07,44.918444,1776172583000
1776172584.913,84.913,0.31,15.0,0.3,15.0,0.29,15.0,0.28,15.0,0.27,15.0,0.38,20.68,0.39,5.0,0.4,15.0,0.41,5.0,0.42,13.0,0.62,20.68,0.61,5.0,0.6,15.0,0.59,5.0,0.58,13.0,0.69,15.0,0.7,15.0,0.71,15.0,0.72,15.0,0.73,15.0,0.07,0.07,44.918213,1776172584000
1776172586.493,86.493,0.31,15.0,0.3,15.0,0.29,15.0,0.28,15.0,0.27,15.0,0.38,20.68,0.39,5.0,0.4,15.0,0.41,5.0,0.42,13.0,0.62,20.68,0.61,5.0,0.6,15.0,0.59,5.0,0.58,13.0,0.69,15.0,0.7,15.0,0.71,15.0,0.72,15.0,0.73,15.0,0.07,0.07,44.91931,1776172585000
1776172586.964,86.964,0.31,15.0,0.3,15.0,0.29,15.0,0.28,15.0,0.27,15.0,0.38,20.68,0.39,5.0,0.4,15.0,0.41,5.0,0.42,13.0,0.62,20.68,0.61,5.0,0.6,15.0,0.59,5.0,0.58,13.0,0.69,15.0,0.7,15.0,0.71,15.0,0.72,15.0,0.73,15.0,0.07,0.07,44.919319,1776172586000
1776172588.045,88.045,0.31,15.0,0.3,15.0,0.29,15.0,0.28,15.0,0.27,15.0,0.38,20.68,0.39,5.0,0.4,15.0,0.41,5.0,0.42,13.0,0.62,20.68,0.61,5.0,0.6,15.0,0.59,5.0,0.58,13.0,0.69,15.0,0.7,15.0,0.71,15.0,0.72,15.0,0.73,15.0,0.07,0.07,44.919319,1776172587000
1776172589.066,89.066,0.31,15.0,0.3,15.0,0.29,15.0,0.28,15.0,0.27,15.0,0.38,20.68,0.39,5.0,0.4,15.0,0.41,5.0,0.42,13.0,0.62,20.68,0.61,5.0,0.6,15.0,0.59,5.0,0.58,13.0,0.69,15.0,0.7,15.0,0.71,15.0,0.72,15.0,0.73,15.0,0.07,0.07,44.919494,1776172588000
1776172590.018,90.018,0.31,15.0,0.3,15.0,0.29,15.0,0.28,15.0,0.27,15.0,0.38,20.68,0.39,5.0,0.4,15.0,0.41,5.0,0.42,13.0,0.62,20.68,0.61,5.0,0.6,15.0,0.59,5.0,0.58,13.0,0.69,15.0,0.7,15.0,0.71,15.0,0.72,15.0,0.73,15.0,0.07,0.07,44.920024,1776172589000
1776172591.027,91.027,0.31,15.0,0.3,15.0,0.29,15.0,0.28,15.0,0.27,15.0,0.38,20.68,0.39,5.0,0.4,15.0,0.41,5.0,0.42,13.0,0.62,20.68,0.61,5.0,0.6,15.0,0.59,5.0,0.58,13.0,0.69,15.0,0.7,15.0,0.71,15.0,0.72,15.0,0.73,15.0,0.07,0.07,44.919266,1776172590000
1776172592.112,92.112,0.31,15.0,0.3,15.0,0.29,15.0,0.28,15.0,0.27,15.0,0.38,20.68,0.39,5.0,0.4,15.0,0.41,5.0,0.42,13.0,0.62,20.68,0.61,5.0,0.6,15.0,0.59,5.0,0.58,13.0,0.69,15.0,0.7,15.0,0.71,15.0,0.72,15.0,0.73,15.0,0.07,0.07,44.920142,1776172591000
1776172593.084,93.084,0.31,15.0,0.3,15.0,0.29,15.0,0.28,15.0,0.27,15.0,0.38,20.68,0.39,5.0,0.4,15.0,0.41,5.0,0.42,13.0,0.62,20.68,0.61,5.0,0.6,15.0,0.59,5.0,0.58,13.0,0.69,15.0,0.7,15.0,0.71,15.0,0.72,15.0,0.73,15.0,0.07,0.07,44.92036,1776172592000
1776172594.058,94.058,0.31,15.0,0.3,15.0,0.29,15.0,0.28,15.0,0.27,15.0,0.38,20.68,0.39,5.0,0.4,15.0,0.41,5.0,0.42,13.0,0.62,20.68,0.61,5.0,0.6,15.0,0.59,5.0,0.58,13.0,0.69,15.0,0.7,15.0,0.71,15.0,0.72,15.0,0.73,15.0,0.07,0.07,44.922562,1776172593000
1776172595.062,95.062,0.31,15.0,0.3,15.0,0.29,15.0,0.28,15.0,0.27,15.0,0.38,20.68,0.39,5.0,0.4,15.0,0.41,5.0,0.42,13.0,0.62,20.68,0.61,5.0,0.6,15.0,0.59,5.0,0.58,13.0,0.69,15.0,0.7,15.0,0.71,15.0,0.72,15.0,0.73,15.0,0.07,0.07,44.923164,1776172594000
1776172596.01,96.01,0.31,15.0,0.3,15.0,0.29,15.0,0.28,15.0,0.27,15.0,0.38,20.68,0.39,5.0,0.4,15.0,0.41,5.0,0.42,13.0,0.62,20.68,0.61,5.0,0.6,15.0,0.59,5.0,0.58,13.0,0.69,15.0,0.7,15.0,0.71,15.0,0.72,15.0,0.73,15.0,0.07,0.07,44.92312,1776172595000
1776172597.005,97.005,0.31,15.0,0.3,15.0,0.29,15.0,0.28,15.0,0.27,15.0,0.38,20.68,0.39,5.0,0.4,15.0,0.41,5.0,0.42,13.0,0.62,20.68,0.61,5.0,0.6,15.0,0.59,5.0,0.58,13.0,0.69,15.0,0.7,15.0,0.71,15.0,0.72,15.0,0.73,15.0,0.07,0.07,44.921842,1776172596000
1776172598.001,98.001,0.31,15.0,0.3,15.0,0.29,15.0,0.28,15.0,0.27,15.0,0.38,20.68,0.39,5.0,0.4,15.0,0.41,5.0,0.42,13.0,0.62,20.68,0.61,5.0,0.6,15.0,0.59,5.0,0.58,13.0,0.69,15.0,0.7,15.0,0.71,15.0,0.72,15.0,0.73,15.0,0.07,0.07,44.919943,1776172597000
1776172599.294,99.294,0.31,15.0,0.3,15.0,0.29,15.0,0.28,15.0,0.27,15.0,0.38,20.68,0.39,5.0,0.4,15.0,0.41,5.0,0.42,13.0,0.62,20.68,0.61,5.0,0.6,15.0,0.59,5.0,0.58,13.0,0.69,15.0,0.7,15.0,0.71,15.0,0.72,15.0,0.73,15.0,0.07,0.07,44.917516,1776172598000
1776172600.333,100.333,0.31,15.0,0.3,15.0,0.29,15.0,0.28,15.0,0.27,15.0,0.38,20.68,0.39,5.0,0.4,15.0,0.41,5.0,0.42,13.0,0.62,20.68,0.61,5.0,0.6,15.0,0.59,5.0,0.58,13.0,0.69,15.0,0.7,15.0,0.71,15.0,0.72,15.0,0.73,15.0,0.07,0.07,44.917516,1776172599000
1776172601.18,101.18,0.31,15.0,0.3,15.0,0.29,15.0,0.28,15.0,0.27,15.0,0.38,20.68,0.39,5.0,0.4,15.0,0.41,5.0,0.42,13.0,0.62,20.68,0.61,5.0,0.6,15.0,0.59,5.0,0.58,13.0,0.69,15.0,0.7,15.0,0.71,15.0,0.72,15.0,0.73,15.0,0.07,0.07,44.917515,1776172600000
1776172601.576,101.576,0.2,0.53,0.19,15.0,0.18,15.0,0.17,15.0,0.16,15.0,0.22,27.0,0.26,5.0,0.27,5.0,0.28,11.0,0.29,5.0,0.62,20.68,0.61,5.0,0.6,15.0,0.59,5.0,0.58,13.0,0.69,15.0,0.7,15.0,0.71,15.0,0.72,15.0,0.73,15.0,0.02,0.07,44.917515,1776172600000
1776172602.248,102.248,0.2,0.53,0.19,15.0,0.18,15.0,0.17,15.0,0.16,15.0,0.22,27.0,0.26,5.0,0.27,5.0,0.28,11.0,0.29,5.0,0.78,27.0,0.74,5.0,0.73,5.0,0.72,11.0,0.71,5.0,0.8,0.53,0.81,15.0,0.82,15.0,0.83,15.0,0.84,15.0,0.02,0.02,44.919185,1776172601000
1776172603.26,103.26,0.2,0.53,0.19,15.0,0.18,15.0,0.17,15.0,0.16,15.0,0.22,27.0,0.26,5.0,0.27,5.0,0.28,11.0,0.29,5.0,0.78,27.0,0.74,5.0,0.73,5.0,0.72,11.0,0.71,5.0,0.8,0.53,0.81,15.0,0.82,15.0,0.83,15.0,0.84,15.0,0.02,0.02,44.917131,1776172602000
1776172604.135,104.135,0.2,0.53,0.19,15.0,0.18,15.0,0.17,15.0,0.16,15.0,0.22,27.0,0.26,5.0,0.27,5.0,0.28,11.0,0.29,5.0,0.78,27.0,0.74,5.0,0.73,5.0,0.72,11.0,0.71,5.0,0.8,0.53,0.81,15.0,0.82,15.0,0.83,15.0,0.84,15.0,0.02,0.02,44.91646,1776172603000
1776172605.176,105.176,0.2,0.53,0.19,15.0,0.18,15.0,0.17,15.0,0.16,15.0,0.22,27.0,0.26,5.0,0.27,5.0,0.28,11.0,0.29,5.0,0.78,27.0,0.74,5.0,0.73,5.0,0.72,11.0,0.71,5.0,0.8,0.53,0.81,15.0,0.82,15.0,0.83,15.0,0.84,15.0,0.02,0.02,44.914967,1776172604000
1776172606.206,106.206,0.2,0.53,0.19,15.0,0.18,15.0,0.17,15.0,0.16,15.0,0.22,27.0,0.26,5.0,0.27,5.0,0.28,11.0,0.29,5.0,0.78,27.0,0.74,5.0,0.73,5.0,0.72,11.0,0.71,5.0,0.8,0.53,0.81,15.0,0.82,15.0,0.83,15.0,0.84,15.0,0.02,0.02,44.915543,1776172605000
1776172607.013,107.013,0.2,0.53,0.19,15.0,0.18,15.0,0.17,15.0,0.16,15.0,0.22,27.0,0.26,5.0,0.27,5.0,0.28,11.0,0.29,5.0,0.78,27.0,0.74,5.0,0.73,5.0,0.72,11.0,0.71,5.0,0.8,0.53,0.81,15.0,0.82,15.0,0.83,15.0,0.84,15.0,0.02,0.02,44.914856,1776172606000
1776172608.033,108.033,0.2,0.53,0.19,15.0,0.18,15.0,0.17,15.0,0.16,15.0,0.22,27.0,0.26,5.0,0.27,5.0,0.28,11.0,0.29,5.0,0.78,27.0,0.74,5.0,0.73,5.0,0.72,11.0,0.71,5.0,0.8,0.53,0.81,15.0,0.82,15.0,0.83,15.0,0.84,15.0,0.02,0.02,44.91515,1776172607000
1776172608.616,108.616,0.21,15.0,0.2,15.0,0.19,15.0,0.18,15.0,0.17,15.0,0.26,6.0,0.28,10.0,0.31,5.0,0.32,5.0,0.33,5.0,0.78,27.0,0.74,5.0,0.73,5.0,0.72,11.0,0.71,5.0,0.8,0.53,0.81,15.0,0.82,15.0,0.83,15.0,0.84,15.0,0.05,0.02,44.91515,1776172607000
1776172608.991,108.991,0.21,15.0,0.2,15.0,0.19,15.0,0.18,15.0,0.17,15.0,0.26,6.0,0.28,10.0,0.31,5.0,0.32,5.0,0.33,5.0,0.74,6.0,0.72,10.0,0.69,5.0,0.68,5.0,0.67,5.0,0.79,15.0,0.8,15.0,0.81,15.0,0.82,15.0,0.83,15.0,0.05,0.05,44.915527,1776172608000
1776172609.899,109.899,0.21,15.0,0.2,15.0,0.19,15.0,0.18,15.0,0.17,15.0,0.26,6.0,0.28,10.0,0.31,5.0,0.32,5.0,0.33,5.0,0.74,6.0,0.72,10.0,0.69,5.0,0.68,5.0,0.67,5.0,0.79,15.0,0.8,15.0,0.81,15.0,0.82,15.0,0.83,15.0,0.05,0.05,44.917662,1776172609000
1776172610.163,110.163,0.22,15.0,0.21,15.0,0.2,15.0,0.19,15.0,0.18,15.0,0.26,6.0,0.28,10.0,0.31,5.0,0.32,5.0,0.33,5.0,0.74,6.0,0.72,10.0,0.69,5.0,0.68,5.0,0.67,5.0,0.79,15.0,0.8,15.0,0.81,15.0,0.82,15.0,0.83,15.0,0.04,0.05,44.917662,1776172609000
1776172610.904,110.904,0.22,9.0,0.21,15.0,0.2,15.0,0.19,15.0,0.18,15.0,0.24,21.0,0.27,22.0,0.31,5.0,0.32,5.0,0.33,5.0,0.74,6.0,0.72,10.0,0.69,5.0,0.68,5.0,0.67,5.0,0.78,15.0,0.79,15.0,0.8,15.0,0.81,15.0,0.82,15.0,0.02,0.04,44.917662,1776172609000
1776172611.265,111.265,0.22,9.0,0.21,15.0,0.2,15.0,0.19,15.0,0.18,15.0,0.24,21.0,0.27,22.0,0.31,5.0,0.32,5.0,0.33,5.0,0.76,21.0,0.73,22.0,0.69,5.0,0.68,5.0,0.67,5.0,0.78,9.0,0.79,15.0,0.8,15.0,0.81,15.0,0.82,15.0,0.02,0.02,44.919265,1776172610000
1776172611.472,111.472,0.21,15.0,0.2,15.0,0.19,15.0,0.18,15.0,0.17,15.0,0.24,21.0,0.27,22.0,0.3,5.0,0.31,5.0,0.32,20.0,0.76,21.0,0.73,22.0,0.69,5.0,0.68,5.0,0.67,5.0,0.78,9.0,0.79,15.0,0.8,15.0,0.81,15.0,0.82,15.0,0.03,0.02,44.919265,1776172610000
1776172612.201,112.201,0.21,15.0,0.2,15.0,0.19,15.0,0.18,15.0,0.17,15.0,0.24,21.0,0.27,22.0,0.3,5.0,0.31,5.0,0.32,20.0,0.76,21.0,0.73,22.0,0.7,5.0,0.69,5.0,0.68,20.0,0.79,15.0,0.8,15.0,0.81,15.0,0.82,15.0,0.83,15.0,0.03,0.03,44.920923,1776172611000
1776172613.217,113.217,0.21,15.0,0.2,15.0,0.19,15.0,0.18,15.0,0.17,15.0,0.24,21.0,0.27,22.0,0.3,5.0,0.31,5.0,0.32,20.0,0.76,21.0,0.73,22.0,0.7,5.0,0.69,5.0,0.68,20.0,0.79,15.0,0.8,15.0,0.81,15.0,0.82,15.0,0.83,15.0,0.03,0.03,44.921039,1776172612000
1776172614.121,114.121,0.21,15.0,0.2,15.0,0.19,15.0,0.18,15.0,0.17,15.0,0.24,21.0,0.27,22.0,0.3,5.0,0.31,5.0,0.32,20.0,0.76,21.0,0.73,22.0,0.7,5.0,0.69,5.0,0.68,20.0,0.79,15.0,0.8,15.0,0.81,15.0,0.82,15.0,0.83,15.0,0.03,0.03,44.921039,1776172613000
1776172615.043,115.043,0.21,15.0,0.2,15.0,0.19,15.0,0.18,15.0,0.17,15.0,0.24,21.0,0.27,22.0,0.3,5.0,0.31,5.0,0.32,20.0,0.76,21.0,0.73,22.0,0.7,5.0,0.69,5.0,0.68,20.0,0.79,15.0,0.8,15.0,0.81,15.0,0.82,15.0,0.83,15.0,0.03,0.03,44.92098,1776172614000
1776172616.013,116.013,0.21,15.0,0.2,15.0,0.19,15.0,0.18,15.0,0.17,15.0,0.24,21.0,0.27,22.0,0.3,5.0,0.31,5.0,0.32,20.0,0.76,21.0,0.73,22.0,0.7,5.0,0.69,5.0,0.68,20.0,0.79,15.0,0.8,15.0,0.81,15.0,0.82,15.0,0.83,15.0,0.03,0.03,44.92098,1776172615000
1776172617.004,117.004,0.21,15.0,0.2,15.0,0.19,15.0,0.18,15.0,0.17,15.0,0.24,21.0,0.27,22.0,0.3,5.0,0.31,5.0,0.32,20.0,0.76,21.0,0.73,22.0,0.7,5.0,0.69,5.0,0.68,20.0,0.79,15.0,0.8,15.0,0.81,15.0,0.82,15.0,0.83,15.0,0.03,0.03,44.920637,1776172616000
1776172617.938,117.938,0.21,15.0,0.2,15.0,0.19,15.0,0.18,15.0,0.17,15.0,0.24,21.0,0.27,22.0,0.3,5.0,0.31,5.0,0.32,20.0,0.76,21.0,0.73,22.0,0.7,5.0,0.69,5.0,0.68,20.0,0.79,15.0,0.8,15.0,0.81,15.0,0.82,15.0,0.83,15.0,0.03,0.03,44.920644,1776172617000
1776172619.148,119.148,0.21,15.0,0.2,15.0,0.19,15.0,0.18,15.0,0.17,15.0,0.24,21.0,0.27,22.0,0.3,5.0,0.31,5.0,0.32,20.0,0.76,21.0,0.73,22.0,0.7,5.0,0.69,5.0,0.68,20.0,0.79,15.0,0.8,15.0,0.81,15.0,0.82,15.0,0.83,15.0,0.03,0.03,44.920703,1776172618000
1776172619.847,119.847,0.21,15.0,0.2,15.0,0.19,15.0,0.18,15.0,0.17,15.0,0.24,21.0,0.27,22.0,0.3,5.0,0.31,5.0,0.32,20.0,0.76,21.0,0.73,22.0,0.7,5.0,0.69,5.0,0.68,20.0,0.79,15.0,0.8,15.0,0.81,15.0,0.82,15.0,0.83,15.0,0.03,0.03,44.920583,1776172619000
1776172620.824,120.824,0.21,15.0,0.2,15.0,0.19,15.0,0.18,15.0,0.17,15.0,0.24,21.0,0.27,22.0,0.3,5.0,0.31,5.0,0.32,20.0,0.76,21.0,0.73,22.0,0.7,5.0,0.69,5.0,0.68,20.0,0.79,15.0,0.8,15.0,0.81,15.0,0.82,15.0,0.83,15.0,0.03,0.03,44.920724,1776172620000
1776172622.321,122.321,0.21,15.0,0.2,15.0,0.19,15.0,0.18,15.0,0.17,15.0,0.24,21.0,0.27,22.0,0.3,5.0,0.31,5.0,0.32,20.0,0.76,21.0,0.73,22.0,0.7,5.0,0.69,5.0,0.68,20.0,0.79,15.0,0.8,15.0,0.81,15.0,0.82,15.0,0.83,15.0,0.03,0.03,44.92046,1776172621000
1776172623.706,123.706,0.21,15.0,0.2,15.0,0.19,15.0,0.18,15.0,0.17,15.0,0.24,21.0,0.27,22.0,0.3,5.0,0.31,5.0,0.32,20.0,0.76,21.0,0.73,22.0,0.7,5.0,0.69,5.0,0.68,20.0,0.79,15.0,0.8,15.0,0.81,15.0,0.82,15.0,0.83,15.0,0.03,0.03,44.919916,1776172622000
1776172624.186,124.186,0.21,15.0,0.2,15.0,0.19,15.0,0.18,15.0,0.17,15.0,0.24,21.0,0.27,22.0,0.3,5.0,0.31,5.0,0.32,20.0,0.76,21.0,0.73,22.0,0.7,5.0,0.69,5.0,0.68,20.0,0.79,15.0,0.8,15.0,0.81,15.0,0.82,15.0,0.83,15.0,0.03,0.03,44.918415,1776172623000
1776172625.268,125.268,0.21,15.0,0.2,15.0,0.19,15.0,0.18,15.0,0.17,15.0,0.24,21.0,0.27,22.0,0.3,5.0,0.31,5.0,0.32,20.0,0.76,21.0,0.73,22.0,0.7,5.0,0.69,5.0,0.68,20.0,0.79,15.0,0.8,15.0,0.81,15.0,0.82,15.0,0.83,15.0,0.03,0.03,44.920331,1776172624000
1776172626.326,126.326,0.21,15.0,0.2,15.0,0.19,15.0,0.18,15.0,0.17,15.0,0.24,21.0,0.27,22.0,0.3,5.0,0.31,5.0,0.32,20.0,0.76,21.0,0.73,22.0,0.7,5.0,0.69,5.0,0.68,20.0,0.79,15.0,0.8,15.0,0.81,15.0,0.82,15.0,0.83,15.0,0.03,0.03,44.920884,1776172625000
1776172627.369,127.369,0.21,15.0,0.2,15.0,0.19,15.0,0.18,15.0,0.17,15.0,0.24,21.0,0.27,22.0,0.3,5.0,0.31,5.0,0.32,20.0,0.76,21.0,0.73,22.0,0.7,5.0,0.69,5.0,0.68,20.0,0.79,15.0,0.8,15.0,0.81,15.0,0.82,15.0,0.83,15.0,0.03,0.03,44.920884,1776172626000
1776172627.854,127.854,0.21,15.0,0.2,15.0,0.19,15.0,0.18,15.0,0.17,15.0,0.24,21.0,0.27,22.0,0.3,5.0,0.31,5.0,0.32,20.0,0.76,21.0,0.73,22.0,0.7,5.0,0.69,5.0,0.68,20.0,0.79,15.0,0.8,15.0,0.81,15.0,0.82,15.0,0.83,15.0,0.03,0.03,44.919628,1776172627000
1776172628.923,128.923,0.21,15.0,0.2,15.0,0.19,15.0,0.18,15.0,0.17,15.0,0.24,21.0,0.27,22.0,0.3,5.0,0.31,5.0,0.32,20.0,0.76,21.0,0.73,22.0,0.7,5.0,0.69,5.0,0.68,20.0,0.79,15.0,0.8,15.0,0.81,15.0,0.82,15.0,0.83,15.0,0.03,0.03,44.918668,1776172628000
1776172630.029,130.029,0.21,15.0,0.2,15.0,0.19,15.0,0.18,15.0,0.17,15.0,0.24,21.0,0.27,22.0,0.3,5.0,0.31,5.0,0.32,20.0,0.76,21.0,0.73,22.0,0.7,5.0,0.69,5.0,0.68,20.0,0.79,15.0,0.8,15.0,0.81,15.0,0.82,15.0,0.83,15.0,0.03,0.03,44.920894,1776172629000
1776172631.023,131.023,0.21,15.0,0.2,15.0,0.19,15.0,0.18,15.0,0.17,15.0,0.24,21.0,0.27,22.0,0.3,5.0,0.31,5.0,0.32,20.0,0.76,21.0,0.73,22.0,0.7,5.0,0.69,5.0,0.68,20.0,0.79,15.0,0.8,15.0,0.81,15.0,0.82,15.0,0.83,15.0,0.03,0.03,44.917751,1776172630000
1776172632.1,132.1,0.21,15.0,0.2,15.0,0.19,15.0,0.18,15.0,0.17,15.0,0.24,21.0,0.27,22.0,0.3,5.0,0.31,5.0,0.32,20.0,0.76,21.0,0.73,22.0,0.7,5.0,0.69,5.0,0.68,20.0,0.79,15.0,0.8,15.0,0.81,15.0,0.82,15.0,0.83,15.0,0.03,0.03,44.912881,1776172631000
1776172633.211,133.211,0.21,15.0,0.2,15.0,0.19,15.0,0.18,15.0,0.17,15.0,0.24,21.0,0.27,22.0,0.3,5.0,0.31,5.0,0.32,20.0,0.76,21.0,0.73,22.0,0.7,5.0,0.69,5.0,0.68,20.0,0.79,15.0,0.8,15.0,0.81,15.0,0.82,15.0,0.83,15.0,0.03,0.03,44.910931,1776172632000
1776172634.321,134.321,0.21,15.0,0.2,15.0,0.19,15.0,0.18,15.0,0.17,15.0,0.24,21.0,0.27,22.0,0.3,5.0,0.31,5.0,0.32,20.0,0.76,21.0,0.73,22.0,0.7,5.0,0.69,5.0,0.68,20.0,0.79,15.0,0.8,15.0,0.81,15.0,0.82,15.0,0.83,15.0,0.03,0.03,44.910993,1776172633000
1776172635.292,135.292,0.21,15.0,0.2,15.0,0.19,15.0,0.18,15.0,0.17,15.0,0.24,21.0,0.27,22.0,0.3,5.0,0.31,5.0,0.32,20.0,0.76,21.0,0.73,22.0,0.7,5.0,0.69,5.0,0.68,20.0,0.79,15.0,0.8,15.0,0.81,15.0,0.82,15.0,0.83,15.0,0.03,0.03,44.910788,1776172634000
1776172636.422,136.422,0.21,15.0,0.2,15.0,0.19,15.0,0.18,15.0,0.17,15.0,0.24,21.0,0.27,22.0,0.3,5.0,0.31,5.0,0.32,20.0,0.76,21.0,0.73,22.0,0.7,5.0,0.69,5.0,0.68,20.0,0.79,15.0,0.8,15.0,0.81,15.0,0.82,15.0,0.83,15.0,0.03,0.03,44.910788,1776172635000
1776172637.441,137.441,0.21,15.0,0.2,15.0,0.19,15.0,0.18,15.0,0.17,15.0,0.24,21.0,0.27,22.0,0.3,5.0,0.31,5.0,0.32,20.0,0.76,21.0,0.73,22.0,0.7,5.0,0.69,5.0,0.68,20.0,0.79,15.0,0.8,15.0,0.81,15.0,0.82,15.0,0.83,15.0,0.03,0.03,44.910788,1776172636000
1776172638.703,138.703,0.21,15.0,0.2,15.0,0.19,15.0,0.18,15.0,0.17,15.0,0.24,21.0,0.27,22.0,0.3,5.0,0.31,5.0,0.32,20.0,0.76,21.0,0.73,22.0,0.7,5.0,0.69,5.0,0.68,20.0,0.79,15.0,0.8,15.0,0.81,15.0,0.82,15.0,0.83,15.0,0.03,0.03,44.910424,1776172637000
1776172639.336,139.336,0.21,15.0,0.2,15.0,0.19,15.0,0.18,15.0,0.17,15.0,0.24,21.0,0.27,22.0,0.3,5.0,0.31,5.0,0.32,20.0,0.76,21.0,0.73,22.0,0.7,5.0,0.69,5.0,0.68,20.0,0.79,15.0,0.8,15.0,0.81,15.0,0.82,15.0,0.83,15.0,0.03,0.03,44.910814,1776172638000
1776172639.917,139.917,0.21,15.0,0.2,15.0,0.19,15.0,0.18,15.0,0.17,15.0,0.24,21.0,0.27,22.0,0.3,5.0,0.31,5.0,0.32,20.0,0.76,21.0,0.73,22.0,0.7,5.0,0.69,5.0,0.68,20.0,0.79,15.0,0.8,15.0,0.81,15.0,0.82,15.0,0.83,15.0,0.03,0.03,44.910023,1776172639000
1776172640.997,140.997,0.21,15.0,0.2,15.0,0.19,15.0,0.18,15.0,0.17,15.0,0.24,21.0,0.27,22.0,0.3,5.0,0.31,5.0,0.32,20.0,0.76,21.0,0.73,22.0,0.7,5.0,0.69,5.0,0.68,20.0,0.79,15.0,0.8,15.0,0.81,15.0,0.82,15.0,0.83,15.0,0.03,0.03,44.909902,1776172640000
1776172642.22,142.22,0.21,15.0,0.2,15.0,0.19,15.0,0.18,15.0,0.17,15.0,0.24,21.0,0.27,22.0,0.3,5.0,0.31,5.0,0.32,20.0,0.76,21.0,0.73,22.0,0.7,5.0,0.69,5.0,0.68,20.0,0.79,15.0,0.8,15.0,0.81,15.0,0.82,15.0,0.83,15.0,0.03,0.03,44.909865,1776172641000
1776172643.443,143.443,0.21,15.0,0.2,15.0,0.19,15.0,0.18,15.0,0.17,15.0,0.24,21.0,0.27,22.0,0.3,5.0,0.31,5.0,0.32,20.0,0.76,21.0,0.73,22.0,0.7,5.0,0.69,5.0,0.68,20.0,0.79,15.0,0.8,15.0,0.81,15.0,0.82,15.0,0.83,15.0,0.03,0.03,44.909543,1776172642000
1776172644.105,144.105,0.21,15.0,0.2,15.0,0.19,15.0,0.18,15.0,0.17,15.0,0.24,21.0,0.27,22.0,0.3,5.0,0.31,5.0,0.32,20.0,0.76,21.0,0.73,22.0,0.7,5.0,0.69,5.0,0.68,20.0,0.79,15.0,0.8,15.0,0.81,15.0,0.82,15.0,0.83,15.0,0.03,0.03,44.90955,1776172643000
1776172645.17,145.17,0.21,15.0,0.2,15.0,0.19,15.0,0.18,15.0,0.17,15.0,0.24,21.0,0.27,22.0,0.3,5.0,0.31,5.0,0.32,20.0,0.76,21.0,0.73,22.0,0.7,5.0,0.69,5.0,0.68,20.0,0.79,15.0,0.8,15.0,0.81,15.0,0.82,15.0,0.83,15.0,0.03,0.03,44.90955,1776172644000
1776172646.291,146.291,0.21,15.0,0.2,15.0,0.19,15.0,0.18,15.0,0.17,15.0,0.24,21.0,0.27,22.0,0.3,5.0,0.31,5.0,0.32,20.0,0.76,21.0,0.73,22.0,0.7,5.0,0.69,5.0,0.68,20.0,0.79,15.0,0.8,15.0,0.81,15.0,0.82,15.0,0.83,15.0,0.03,0.03,44.909521,1776172645000
1776172647.631,147.631,0.21,15.0,0.2,15.0,0.19,15.0,0.18,15.0,0.17,15.0,0.24,21.0,0.27,22.0,0.3,5.0,0.31,5.0,0.32,20.0,0.76,21.0,0.73,22.0,0.7,5.0,0.69,5.0,0.68,20.0,0.79,15.0,0.8,15.0,0.81,15.0,0.82,15.0,0.83,15.0,0.03,0.03,44.911441,1776172646000
1776172648.175,148.175,0.21,15.0,0.2,15.0,0.19,15.0,0.18,15.0,0.17,15.0,0.24,21.0,0.27,22.0,0.3,5.0,0.31,5.0,0.32,20.0,0.76,21.0,0.73,22.0,0.7,5.0,0.69,5.0,0.68,20.0,0.79,15.0,0.8,15.0,0.81,15.0,0.82,15.0,0.83,15.0,0.03,0.03,44.912711,1776172647000
1776172649.311,149.311,0.21,15.0,0.2,15.0,0.19,15.0,0.18,15.0,0.17,15.0,0.24,21.0,0.27,22.0,0.3,5.0,0.31,5.0,0.32,20.0,0.76,21.0,0.73,22.0,0.7,5.0,0.69,5.0,0.68,20.0,0.79,15.0,0.8,15.0,0.81,15.0,0.82,15.0,0.83,15.0,0.03,0.03,44.913195,1776172648000
1776172650.549,150.549,0.21,15.0,0.2,15.0,0.19,15.0,0.18,15.0,0.17,15.0,0.24,21.0,0.27,22.0,0.3,5.0,0.31,5.0,0.32,20.0,0.76,21.0,0.73,22.0,0.7,5.0,0.69,5.0,0.68,20.0,0.79,15.0,0.8,15.0,0.81,15.0,0.82,15.0,0.83,15.0,0.03,0.03,44.913462,1776172649000
1776172651.047,151.047,0.21,15.0,0.2,15.0,0.19,15.0,0.18,15.0,0.17,15.0,0.24,21.0,0.27,22.0,0.3,5.0,0.31,5.0,0.32,20.0,0.76,21.0,0.73,22.0,0.7,5.0,0.69,5.0,0.68,20.0,0.79,15.0,0.8,15.0,0.81,15.0,0.82,15.0,0.83,15.0,0.03,0.03,44.913522,1776172650000
1776172652.178,152.178,0.21,15.0,0.2,15.0,0.19,15.0,0.18,15.0,0.17,15.0,0.24,21.0,0.27,22.0,0.3,5.0,0.31,5.0,0.32,20.0,0.76,21.0,0.73,22.0,0.7,5.0,0.69,5.0,0.68,20.0,0.79,15.0,0.8,15.0,0.81,15.0,0.82,15.0,0.83,15.0,0.03,0.03,44.914232,1776172651000
1776172653.206,153.206,0.21,15.0,0.2,15.0,0.19,15.0,0.18,15.0,0.17,15.0,0.24,21.0,0.27,22.0,0.3,5.0,0.31,5.0,0.32,20.0,0.76,21.0,0.73,22.0,0.7,5.0,0.69,5.0,0.68,20.0,0.79,15.0,0.8,15.0,0.81,15.0,0.82,15.0,0.83,15.0,0.03,0.03,44.918143,1776172652000
1776172654.212,154.212,0.21,15.0,0.2,15.0,0.19,15.0,0.18,15.0,0.17,15.0,0.24,21.0,0.27,22.0,0.3,5.0,0.31,5.0,0.32,20.0,0.76,21.0,0.73,22.0,0.7,5.0,0.69,5.0,0.68,20.0,0.79,15.0,0.8,15.0,0.81,15.0,0.82,15.0,0.83,15.0,0.03,0.03,44.919367,1776172653000
1776172655.294,155.294,0.21,15.0,0.2,15.0,0.19,15.0,0.18,15.0,0.17,15.0,0.24,21.0,0.27,22.0,0.3,5.0,0.31,5.0,0.32,20.0,0.76,21.0,0.73,22.0,0.7,5.0,0.69,5.0,0.68,20.0,0.79,15.0,0.8,15.0,0.81,15.0,0.82,15.0,0.83,15.0,0.03,0.03,44.91921,1776172654000
1776172656.278,156.278,0.21,15.0,0.2,15.0,0.19,15.0,0.18,15.0,0.17,15.0,0.24,21.0,0.27,22.0,0.3,5.0,0.31,5.0,0.32,20.0,0.76,21.0,0.73,22.0,0.7,5.0,0.69,5.0,0.68,20.0,0.79,15.0,0.8,15.0,0.81,15.0,0.82,15.0,0.83,15.0,0.03,0.03,44.91921,1776172655000
1776172657.221,157.221,0.18,15.0,0.17,15.0,0.16,15.0,0.15,15.0,0.14,15.0,0.37,10.0,0.44,15.0,0.45,15.0,0.46,15.0,0.47,15.0,0.63,10.0,0.56,15.0,0.55,15.0,0.54,15.0,0.53,15.0,0.82,15.0,0.83,15.0,0.84,15.0,0.85,15.0,0.86,15.0,0.19,0.19,44.921058,1776172656000
1776172658.344,158.344,0.18,15.0,0.17,15.0,0.16,15.0,0.15,15.0,0.14,15.0,0.37,10.0,0.44,15.0,0.45,15.0,0.46,15.0,0.47,15.0,0.63,10.0,0.56,15.0,0.55,15.0,0.54,15.0,0.53,15.0,0.82,15.0,0.83,15.0,0.84,15.0,0.85,15.0,0.86,15.0,0.19,0.19,44.931417,1776172657000
1776172659.275,159.275,0.18,15.0,0.17,15.0,0.16,15.0,0.15,15.0,0.14,15.0,0.37,10.0,0.44,15.0,0.45,15.0,0.46,15.0,0.47,15.0,0.63,10.0,0.56,15.0,0.55,15.0,0.54,15.0,0.53,15.0,0.82,15.0,0.83,15.0,0.84,15.0,0.85,15.0,0.86,15.0,0.19,0.19,44.939602,1776172658000
1776172660.229,160.229,0.18,15.0,0.17,15.0,0.16,15.0,0.15,15.0,0.14,15.0,0.37,10.0,0.44,15.0,0.45,15.0,0.46,15.0,0.47,15.0,0.63,10.0,0.56,15.0,0.55,15.0,0.54,15.0,0.53,15.0,0.82,15.0,0.83,15.0,0.84,15.0,0.85,15.0,0.86,15.0,0.19,0.19,44.941518,1776172659000
1776172661.283,161.283,0.18,15.0,0.17,15.0,0.16,15.0,0.15,15.0,0.14,15.0,0.37,10.0,0.44,15.0,0.45,15.0,0.46,15.0,0.47,15.0,0.63,10.0,0.56,15.0,0.55,15.0,0.54,15.0,0.53,15.0,0.82,15.0,0.83,15.0,0.84,15.0,0.85,15.0,0.86,15.0,0.19,0.19,44.941518,1776172660000
1776172662.287,162.287,0.18,15.0,0.17,15.0,0.16,15.0,0.15,15.0,0.14,15.0,0.37,10.0,0.44,15.0,0.45,15.0,0.46,15.0,0.47,15.0,0.63,10.0,0.56,15.0,0.55,15.0,0.54,15.0,0.53,15.0,0.82,15.0,0.83,15.0,0.84,15.0,0.85,15.0,0.86,15.0,0.19,0.19,44.941907,1776172661000
1776172663.277,163.277,0.18,15.0,0.17,15.0,0.16,15.0,0.15,15.0,0.14,15.0,0.37,10.0,0.44,15.0,0.45,15.0,0.46,15.0,0.47,15.0,0.63,10.0,0.56,15.0,0.55,15.0,0.54,15.0,0.53,15.0,0.82,15.0,0.83,15.0,0.84,15.0,0.85,15.0,0.86,15.0,0.19,0.19,44.942253,1776172662000
1776172663.492,163.492,0.28,15.0,0.27,15.0,0.26,15.0,0.25,15.0,0.24,15.0,0.29,1.82,0.36,10.0,0.43,15.0,0.44,15.0,0.45,15.0,0.63,10.0,0.56,15.0,0.55,15.0,0.54,15.0,0.53,15.0,0.82,15.0,0.83,15.0,0.84,15.0,0.85,15.0,0.86,15.0,0.01,0.19,44.942253,1776172662000
1776172664.249,164.249,0.28,15.0,0.27,15.0,0.26,15.0,0.25,15.0,0.24,15.0,0.29,1.82,0.36,10.0,0.43,15.0,0.44,15.0,0.45,15.0,0.71,1.82,0.64,10.0,0.57,15.0,0.56,15.0,0.55,15.0,0.72,15.0,0.73,15.0,0.74,15.0,0.75,15.0,0.76,15.0,0.01,0.01,44.944519,1776172663000
1776172665.311,165.311,0.28,15.0,0.27,15.0,0.26,15.0,0.25,15.0,0.24,15.0,0.29,1.82,0.36,10.0,0.43,15.0,0.44,15.0,0.45,15.0,0.71,1.82,0.64,10.0,0.57,15.0,0.56,15.0,0.55,15.0,0.72,15.0,0.73,15.0,0.74,15.0,0.75,15.0,0.76,15.0,0.01,0.01,44.944519,1776172664000
1776172666.447,166.447,0.28,15.0,0.27,15.0,0.26,15.0,0.25,15.0,0.24,15.0,0.29,1.82,0.36,10.0,0.43,15.0,0.44,15.0,0.45,15.0,0.71,1.82,0.64,10.0,0.57,15.0,0.56,15.0,0.55,15.0,0.72,15.0,0.73,15.0,0.74,15.0,0.75,15.0,0.76,15.0,0.01,0.01,44.94515,1776172665000
1776172666.984,166.984,0.28,15.0,0.27,15.0,0.26,15.0,0.25,15.0,0.24,15.0,0.29,1.82,0.36,10.0,0.43,15.0,0.44,15.0,0.45,15.0,0.71,1.82,0.64,10.0,0.57,15.0,0.56,15.0,0.55,15.0,0.72,15.0,0.73,15.0,0.74,15.0,0.75,15.0,0.76,15.0,0.01,0.01,44.94515,1776172666000
1776172668.049,168.049,0.28,15.0,0.27,15.0,0.26,15.0,0.25,15.0,0.24,15.0,0.29,1.82,0.36,10.0,0.43,15.0,0.44,15.0,0.45,15.0,0.71,1.82,0.64,10.0,0.57,15.0,0.56,15.0,0.55,15.0,0.72,15.0,0.73,15.0,0.74,15.0,0.75,15.0,0.76,15.0,0.01,0.01,44.946574,1776172667000
1776172669.145,169.145,0.28,15.0,0.27,15.0,0.26,15.0,0.25,15.0,0.24,15.0,0.29,1.82,0.36,10.0,0.43,15.0,0.44,15.0,0.45,15.0,0.71,1.82,0.64,10.0,0.57,15.0,0.56,15.0,0.55,15.0,0.72,15.0,0.73,15.0,0.74,15.0,0.75,15.0,0.76,15.0,0.01,0.01,44.946634,1776172668000
1776172670.247,170.247,0.28,15.0,0.27,15.0,0.26,15.0,0.25,15.0,0.24,15.0,0.29,1.82,0.36,10.0,0.43,15.0,0.44,15.0,0.45,15.0,0.71,1.82,0.64,10.0,0.57,15.0,0.56,15.0,0.55,15.0,0.72,15.0,0.73,15.0,0.74,15.0,0.75,15.0,0.76,15.0,0.01,0.01,44.957188,1776172669000
1776172671.059,171.059,0.28,15.0,0.27,15.0,0.26,15.0,0.25,15.0,0.24,15.0,0.29,1.82,0.36,10.0,0.43,15.0,0.44,15.0,0.45,15.0,0.71,1.82,0.64,10.0,0.57,15.0,0.56,15.0,0.55,15.0,0.72,15.0,0.73,15.0,0.74,15.0,0.75,15.0,0.76,15.0,0.01,0.01,44.960707,1776172670000
1776172671.951,171.951,0.28,15.0,0.27,15.0,0.26,15.0,0.25,15.0,0.24,15.0,0.29,1.82,0.36,10.0,0.43,15.0,0.44,15.0,0.45,15.0,0.71,1.82,0.64,10.0,0.57,15.0,0.56,15.0,0.55,15.0,0.72,15.0,0.73,15.0,0.74,15.0,0.75,15.0,0.76,15.0,0.01,0.01,44.961713,1776172671000
1776172672.993,172.993,0.28,15.0,0.27,15.0,0.26,15.0,0.25,15.0,0.24,15.0,0.29,1.82,0.36,10.0,0.43,15.0,0.44,15.0,0.45,15.0,0.71,1.82,0.64,10.0,0.57,15.0,0.56,15.0,0.55,15.0,0.72,15.0,0.73,15.0,0.74,15.0,0.75,15.0,0.76,15.0,0.01,0.01,44.962073,1776172672000
1776172674.288,174.288,0.28,15.0,0.27,15.0,0.26,15.0,0.25,15.0,0.24,15.0,0.29,1.82,0.36,10.0,0.43,15.0,0.44,15.0,0.45,15.0,0.71,1.82,0.64,10.0,0.57,15.0,0.56,15.0,0.55,15.0,0.72,15.0,0.73,15.0,0.74,15.0,0.75,15.0,0.76,15.0,0.01,0.01,44.961446,1776172673000
1776172675.413,175.413,0.28,15.0,0.27,15.0,0.26,15.0,0.25,15.0,0.24,15.0,0.29,1.82,0.36,10.0,0.43,15.0,0.44,15.0,0.45,15.0,0.71,1.82,0.64,10.0,0.57,15.0,0.56,15.0,0.55,15.0,0.72,15.0,0.73,15.0,0.74,15.0,0.75,15.0,0.76,15.0,0.01,0.01,44.960879,1776172674000
1776172675.857,175.857,0.28,15.0,0.27,15.0,0.26,15.0,0.25,15.0,0.24,15.0,0.29,1.82,0.36,10.0,0.43,15.0,0.44,15.0,0.45,15.0,0.71,1.82,0.64,10.0,0.57,15.0,0.56,15.0,0.55,15.0,0.72,15.0,0.73,15.0,0.74,15.0,0.75,15.0,0.76,15.0,0.01,0.01,44.960817,1776172675000
1776172676.985,176.985,0.28,15.0,0.27,15.0,0.26,15.0,0.25,15.0,0.24,15.0,0.29,1.82,0.36,10.0,0.43,15.0,0.44,15.0,0.45,15.0,0.71,1.82,0.64,10.0,0.57,15.0,0.56,15.0,0.55,15.0,0.72,15.0,0.73,15.0,0.74,15.0,0.75,15.0,0.76,15.0,0.01,0.01,44.959965,1776172676000
1776172678.12,178.12,0.28,15.0,0.27,15.0,0.26,15.0,0.25,15.0,0.24,15.0,0.29,1.82,0.36,10.0,0.43,15.0,0.44,15.0,0.45,15.0,0.71,1.82,0.64,10.0,0.57,15.0,0.56,15.0,0.55,15.0,0.72,15.0,0.73,15.0,0.74,15.0,0.75,15.0,0.76,15.0,0.01,0.01,44.961091,1776172677000
1776172678.393,178.393,0.48,10.0,0.4,12.0,0.38,15.0,0.37,53.0,0.36,15.0,0.65,20.43,0.66,15.0,0.67,15.0,0.68,15.0,0.69,15.0,0.71,1.82,0.64,10.0,0.57,15.0,0.56,15.0,0.55,15.0,0.72,15.0,0.73,15.0,0.74,15.0,0.75,15.0,0.76,15.0,0.17,0.01,44.961091,1776172677000
1776172679.222,179.222,0.48,10.0,0.4,12.0,0.38,15.0,0.37,53.0,0.36,15.0,0.65,20.43,0.66,15.0,0.67,15.0,0.68,15.0,0.69,15.0,0.35,20.43,0.34,15.0,0.33,15.0,0.32,15.0,0.31,15.0,0.52,10.0,0.6,12.0,0.62,15.0,0.63,53.0,0.64,15.0,0.17,0.17,44.96118,1776172678000
1776172680.857,180.857,0.48,10.0,0.4,12.0,0.38,15.0,0.37,53.0,0.36,15.0,0.65,20.43,0.66,15.0,0.67,15.0,0.68,15.0,0.69,15.0,0.35,20.43,0.34,15.0,0.33,15.0,0.32,15.0,0.31,15.0,0.52,10.0,0.6,12.0,0.62,15.0,0.63,53.0,0.64,15.0,0.17,0.17,44.971011,1776172679000
1776172681.946,181.946,0.48,10.0,0.4,12.0,0.38,15.0,0.37,53.0,0.36,15.0,0.65,20.43,0.66,15.0,0.67,15.0,0.68,15.0,0.69,15.0,0.35,20.43,0.34,15.0,0.33,15.0,0.32,15.0,0.31,15.0,0.52,10.0,0.6,12.0,0.62,15.0,0.63,53.0,0.64,15.0,0.17,0.17,44.972639,1776172680000
1776172682.432,182.432,0.48,10.0,0.4,12.0,0.38,15.0,0.37,53.0,0.36,15.0,0.65,20.43,0.66,15.0,0.67,15.0,0.68,15.0,0.69,15.0,0.35,20.43,0.34,15.0,0.33,15.0,0.32,15.0,0.31,15.0,0.52,10.0,0.6,12.0,0.62,15.0,0.63,53.0,0.64,15.0,0.17,0.17,44.975463,1776172681000
1776172683.037,183.037,0.48,10.0,0.4,12.0,0.38,15.0,0.37,53.0,0.36,15.0,0.65,20.43,0.66,15.0,0.67,15.0,0.68,15.0,0.69,15.0,0.35,20.43,0.34,15.0,0.33,15.0,0.32,15.0,0.31,15.0,0.52,10.0,0.6,12.0,0.62,15.0,0.63,53.0,0.64,15.0,0.17,0.17,44.97627,1776172682000
1776172684.45,184.45,0.48,10.0,0.4,12.0,0.38,15.0,0.37,53.0,0.36,15.0,0.65,20.43,0.66,15.0,0.67,15.0,0.68,15.0,0.69,15.0,0.35,20.43,0.34,15.0,0.33,15.0,0.32,15.0,0.31,15.0,0.52,10.0,0.6,12.0,0.62,15.0,0.63,53.0,0.64,15.0,0.17,0.17,44.978981,1776172683000
1776172685.234,185.234,0.48,10.0,0.4,12.0,0.38,15.0,0.37,53.0,0.36,15.0,0.65,20.43,0.66,15.0,0.67,15.0,0.68,15.0,0.69,15.0,0.35,20.43,0.34,15.0,0.33,15.0,0.32,15.0,0.31,15.0,0.52,10.0,0.6,12.0,0.62,15.0,0.63,53.0,0.64,15.0,0.17,0.17,44.981278,1776172684000
1776172686.574,186.574,0.48,10.0,0.4,12.0,0.38,15.0,0.37,53.0,0.36,15.0,0.65,20.43,0.66,15.0,0.67,15.0,0.68,15.0,0.69,15.0,0.35,20.43,0.34,15.0,0.33,15.0,0.32,15.0,0.31,15.0,0.52,10.0,0.6,12.0,0.62,15.0,0.63,53.0,0.64,15.0,0.17,0.17,44.981397,1776172685000
1776172687.215,187.215,0.48,10.0,0.4,12.0,0.38,15.0,0.37,53.0,0.36,15.0,0.65,20.43,0.66,15.0,0.67,15.0,0.68,15.0,0.69,15.0,0.35,20.43,0.34,15.0,0.33,15.0,0.32,15.0,0.31,15.0,0.52,10.0,0.6,12.0,0.62,15.0,0.63,53.0,0.64,15.0,0.17,0.17,44.980944,1776172686000
1776172688.404,188.404,0.48,10.0,0.4,12.0,0.38,15.0,0.37,53.0,0.36,15.0,0.65,20.43,0.66,15.0,0.67,15.0,0.68,15.0,0.69,15.0,0.35,20.43,0.34,15.0,0.33,15.0,0.32,15.0,0.31,15.0,0.52,10.0,0.6,12.0,0.62,15.0,0.63,53.0,0.64,15.0,0.17,0.17,44.980535,1776172687000
1776172689.137,189.137,0.48,10.0,0.4,12.0,0.38,15.0,0.37,53.0,0.36,15.0,0.65,20.43,0.66,15.0,0.67,15.0,0.68,15.0,0.69,15.0,0.35,20.43,0.34,15.0,0.33,15.0,0.32,15.0,0.31,15.0,0.52,10.0,0.6,12.0,0.62,15.0,0.63,53.0,0.64,15.0,0.17,0.17,44.979316,1776172688000
1776172690.548,190.548,0.48,10.0,0.4,12.0,0.38,15.0,0.37,53.0,0.36,15.0,0.65,20.43,0.66,15.0,0.67,15.0,0.68,15.0,0.69,15.0,0.35,20.43,0.34,15.0,0.33,15.0,0.32,15.0,0.31,15.0,0.52,10.0,0.6,12.0,0.62,15.0,0.63,53.0,0.64,15.0,0.17,0.17,44.980401,1776172689000
1776172691.002,191.002,0.48,10.0,0.4,12.0,0.38,15.0,0.37,53.0,0.36,15.0,0.65,20.43,0.66,15.0,0.67,15.0,0.68,15.0,0.69,15.0,0.35,20.43,0.34,15.0,0.33,15.0,0.32,15.0,0.31,15.0,0.52,10.0,0.6,12.0,0.62,15.0,0.63,53.0,0.64,15.0,0.17,0.17,44.982849,1776172690000
1776172692.222,192.222,0.48,10.0,0.4,12.0,0.38,15.0,0.37,53.0,0.36,15.0,0.65,20.43,0.66,15.0,0.67,15.0,0.68,15.0,0.69,15.0,0.35,20.43,0.34,15.0,0.33,15.0,0.32,15.0,0.31,15.0,0.52,10.0,0.6,12.0,0.62,15.0,0.63,53.0,0.64,15.0,0.17,0.17,44.984167,1776172691000
1776172693.502,193.502,0.48,10.0,0.4,12.0,0.38,15.0,0.37,53.0,0.36,15.0,0.65,20.43,0.66,15.0,0.67,15.0,0.68,15.0,0.69,15.0,0.35,20.43,0.34,15.0,0.33,15.0,0.32,15.0,0.31,15.0,0.52,10.0,0.6,12.0,0.62,15.0,0.63,53.0,0.64,15.0,0.17,0.17,44.987412,1776172692000
1776172694.043,194.043,0.48,10.0,0.4,12.0,0.38,15.0,0.37,53.0,0.36,15.0,0.65,20.43,0.66,15.0,0.67,15.0,0.68,15.0,0.69,15.0,0.35,20.43,0.34,15.0,0.33,15.0,0.32,15.0,0.31,15.0,0.52,10.0,0.6,12.0,0.62,15.0,0.63,53.0,0.64,15.0,0.17,0.17,44.987469,1776172693000
1776172695.349,195.349,0.48,10.0,0.4,12.0,0.38,15.0,0.37,53.0,0.36,15.0,0.65,20.43,0.66,15.0,0.67,15.0,0.68,15.0,0.69,15.0,0.35,20.43,0.34,15.0,0.33,15.0,0.32,15.0,0.31,15.0,0.52,10.0,0.6,12.0,0.62,15.0,0.63,53.0,0.64,15.0,0.17,0.17,44.986893,1776172694000
1776172695.984,195.984,0.48,10.0,0.4,12.0,0.38,15.0,0.37,53.0,0.36,15.0,0.65,20.43,0.66,15.0,0.67,15.0,0.68,15.0,0.69,15.0,0.35,20.43,0.34,15.0,0.33,15.0,0.32,15.0,0.31,15.0,0.52,10.0,0.6,12.0,0.62,15.0,0.63,53.0,0.64,15.0,0.17,0.17,44.986317,1776172695000
1776172697.855,197.855,0.48,10.0,0.4,12.0,0.38,15.0,0.37,53.0,0.36,15.0,0.65,20.43,0.66,15.0,0.67,15.0,0.68,15.0,0.69,15.0,0.35,20.43,0.34,15.0,0.33,15.0,0.32,15.0,0.31,15.0,0.52,10.0,0.6,12.0,0.62,15.0,0.63,53.0,0.64,15.0,0.17,0.17,44.981828,1776172696000
1776172698.784,198.784,0.48,10.0,0.4,12.0,0.38,15.0,0.37,53.0,0.36,15.0,0.65,20.43,0.66,15.0,0.67,15.0,0.68,15.0,0.69,15.0,0.35,20.43,0.34,15.0,0.33,15.0,0.32,15.0,0.31,15.0,0.52,10.0,0.6,12.0,0.62,15.0,0.63,53.0,0.64,15.0,0.17,0.17,44.980356,1776172697000
1776172699.688,199.688,0.6,10.0,0.53,9.0,0.45,15.0,0.44,15.0,0.43,15.0,0.67,12.01,0.68,15.0,0.69,15.0,0.7,15.0,0.71,15.0,0.35,20.43,0.34,15.0,0.33,15.0,0.32,15.0,0.31,15.0,0.52,10.0,0.6,12.0,0.62,15.0,0.63,53.0,0.64,15.0,0.07,0.17,44.980356,1776172697000
1776172700.436,200.436,0.6,10.0,0.53,9.0,0.45,15.0,0.44,15.0,0.43,15.0,0.67,12.01,0.68,15.0,0.69,15.0,0.7,15.0,0.71,15.0,0.33,12.01,0.32,15.0,0.31,15.0,0.3,15.0,0.29,15.0,0.4,10.0,0.47,9.0,0.55,15.0,0.56,15.0,0.57,15.0,0.07,0.07,44.982622,1776172699000
1776172701.069,201.069,0.6,10.0,0.53,9.0,0.45,15.0,0.44,15.0,0.43,15.0,0.67,12.01,0.68,15.0,0.69,15.0,0.7,15.0,0.71,15.0,0.33,12.01,0.32,15.0,0.31,15.0,0.3,15.0,0.29,15.0,0.4,10.0,0.47,9.0,0.55,15.0,0.56,15.0,0.57,15.0,0.07,0.07,44.982679,1776172700000
1776172702.808,202.808,0.6,10.0,0.53,9.0,0.45,15.0,0.44,15.0,0.43,15.0,0.67,12.01,0.68,15.0,0.69,15.0,0.7,15.0,0.71,15.0,0.33,12.01,0.32,15.0,0.31,15.0,0.3,15.0,0.29,15.0,0.4,10.0,0.47,9.0,0.55,15.0,0.56,15.0,0.57,15.0,0.07,0.07,44.984234,1776172701000
1776172703.103,203.103,0.53,10.59,0.52,15.0,0.51,15.0,0.5,15.0,0.49,15.0,0.68,7.0,0.69,15.0,0.7,15.0,0.71,15.0,0.72,15.0,0.33,12.01,0.32,15.0,0.31,15.0,0.3,15.0,0.29,15.0,0.4,10.0,0.47,9.0,0.55,15.0,0.56,15.0,0.57,15.0,0.15,0.07,44.984234,1776172701000
1776172703.361,203.361,0.53,10.59,0.52,15.0,0.51,15.0,0.5,15.0,0.49,15.0,0.68,7.0,0.69,15.0,0.7,15.0,0.71,15.0,0.72,15.0,0.32,7.0,0.31,15.0,0.3,15.0,0.29,15.0,0.28,15.0,0.47,10.59,0.48,15.0,0.49,15.0,0.5,15.0,0.51,15.0,0.15,0.15,44.984889,1776172702000
1776172704.068,204.068,0.53,10.59,0.52,15.0,0.51,15.0,0.5,15.0,0.49,15.0,0.68,7.0,0.69,15.0,0.7,15.0,0.71,15.0,0.72,15.0,0.32,7.0,0.31,15.0,0.3,15.0,0.29,15.0,0.28,15.0,0.47,10.59,0.48,15.0,0.49,15.0,0.5,15.0,0.51,15.0,0.15,0.15,44.984889,1776172703000
1776172705.63,205.63,0.53,10.59,0.52,15.0,0.51,15.0,0.5,15.0,0.49,15.0,0.68,7.0,0.69,15.0,0.7,15.0,0.71,15.0,0.72,15.0,0.32,7.0,0.31,15.0,0.3,15.0,0.29,15.0,0.28,15.0,0.47,10.59,0.48,15.0,0.49,15.0,0.5,15.0,0.51,15.0,0.15,0.15,44.984845,1776172704000
1776172706.364,206.364,0.53,10.59,0.52,15.0,0.51,15.0,0.5,15.0,0.49,15.0,0.68,7.0,0.69,15.0,0.7,15.0,0.71,15.0,0.72,15.0,0.32,7.0,0.31,15.0,0.3,15.0,0.29,15.0,0.28,15.0,0.47,10.59,0.48,15.0,0.49,15.0,0.5,15.0,0.51,15.0,0.15,0.15,44.984637,1776172705000
1776172706.982,206.982,0.57,15.0,0.56,15.0,0.55,15.0,0.54,15.0,0.53,10.59,0.81,15.0,0.82,15.0,0.83,15.0,0.84,15.0,0.85,15.0,0.32,7.0,0.31,15.0,0.3,15.0,0.29,15.0,0.28,15.0,0.47,10.59,0.48,15.0,0.49,15.0,0.5,15.0,0.51,15.0,0.24,0.15,44.984637,1776172705000
1776172707.976,207.976,0.7,0.9,0.59,15.0,0.58,15.0,0.57,15.0,0.56,15.0,0.81,15.0,0.82,15.0,0.83,15.0,0.84,15.0,0.85,15.0,0.19,15.0,0.18,15.0,0.17,15.0,0.16,15.0,0.15,15.0,0.43,15.0,0.44,15.0,0.45,15.0,0.46,15.0,0.47,10.59,0.11,0.24,44.984124,1776172706000
1776172708.956,208.956,0.7,0.9,0.59,15.0,0.58,15.0,0.57,15.0,0.56,15.0,0.81,15.0,0.82,15.0,0.83,15.0,0.84,15.0,0.85,15.0,0.19,15.0,0.18,15.0,0.17,15.0,0.16,15.0,0.15,15.0,0.3,0.9,0.41,15.0,0.42,15.0,0.43,15.0,0.44,15.0,0.11,0.11,44.991457,1776172707000
1776172709.502,209.502,0.7,0.9,0.59,15.0,0.58,15.0,0.57,15.0,0.56,15.0,0.81,15.0,0.82,15.0,0.83,15.0,0.84,15.0,0.85,15.0,0.19,15.0,0.18,15.0,0.17,15.0,0.16,15.0,0.15,15.0,0.3,0.9,0.41,15.0,0.42,15.0,0.43,15.0,0.44,15.0,0.11,0.11,44.995074,1776172708000
1776172710.403,210.403,0.7,0.9,0.59,15.0,0.58,15.0,0.57,15.0,0.56,15.0,0.81,15.0,0.82,15.0,0.83,15.0,0.84,15.0,0.85,15.0,0.19,15.0,0.18,15.0,0.17,15.0,0.16,15.0,0.15,15.0,0.3,0.9,0.41,15.0,0.42,15.0,0.43,15.0,0.44,15.0,0.11,0.11,44.995131,1776172709000
1776172710.622,210.622,0.86,10.0,0.85,28.0,0.63,15.0,0.62,15.0,0.61,15.0,0.91,9.95,0.92,15.0,0.93,15.0,0.94,15.0,0.95,15.0,0.19,15.0,0.18,15.0,0.17,15.0,0.16,15.0,0.15,15.0,0.3,0.9,0.41,15.0,0.42,15.0,0.43,15.0,0.44,15.0,0.05,0.11,44.995131,1776172709000
1776172711.194,211.194,0.86,10.0,0.85,28.0,0.63,15.0,0.62,15.0,0.61,15.0,0.91,4.9,0.92,15.0,0.93,15.0,0.94,15.0,0.95,15.0,0.09,4.9,0.08,15.0,0.07,15.0,0.06,15.0,0.05,15.0,0.14,10.0,0.15,28.0,0.37,15.0,0.38,15.0,0.39,15.0,0.05,0.05,45.009205,1776172710000
1776172712.876,212.876,0.86,10.0,0.85,28.0,0.63,15.0,0.62,15.0,0.61,15.0,0.91,4.9,0.92,15.0,0.93,15.0,0.94,15.0,0.95,15.0,0.09,4.9,0.08,15.0,0.07,15.0,0.06,15.0,0.05,15.0,0.14,10.0,0.15,28.0,0.37,15.0,0.38,15.0,0.39,15.0,0.05,0.05,45.021663,1776172711000
1776172713.561,213.561,0.86,10.0,0.85,28.0,0.63,15.0,0.62,15.0,0.61,15.0,0.91,4.9,0.92,15.0,0.93,15.0,0.94,15.0,0.95,15.0,0.09,4.9,0.08,15.0,0.07,15.0,0.06,15.0,0.05,15.0,0.14,10.0,0.15,28.0,0.37,15.0,0.38,15.0,0.39,15.0,0.05,0.05,45.021719,1776172712000
1776172714.357,214.357,0.9,15.0,0.86,10.0,0.85,23.0,0.82,6.0,0.69,15.0,0.91,4.9,0.92,15.0,0.93,15.0,0.94,15.0,0.95,15.0,0.09,4.9,0.08,15.0,0.07,15.0,0.06,15.0,0.05,15.0,0.1,15.0,0.14,10.0,0.15,23.0,0.18,6.0,0.31,15.0,0.01,0.01,45.023263,1776172713000
1776172715.15,215.15,0.9,15.0,0.86,10.0,0.85,23.0,0.82,6.0,0.69,15.0,0.91,4.9,0.92,15.0,0.93,15.0,0.94,15.0,0.95,15.0,0.09,4.9,0.08,15.0,0.07,15.0,0.06,15.0,0.05,15.0,0.1,15.0,0.14,10.0,0.15,23.0,0.18,6.0,0.31,15.0,0.01,0.01,45.023207,1776172714000
1776172716.72,216.72,0.9,15.0,0.86,10.0,0.85,23.0,0.82,6.0,0.69,15.0,0.91,4.9,0.92,15.0,0.93,15.0,0.94,15.0,0.95,15.0,0.09,4.9,0.08,15.0,0.07,15.0,0.06,15.0,0.05,15.0,0.1,15.0,0.14,10.0,0.15,23.0,0.18,6.0,0.31,15.0,0.01,0.01,45.023885,1776172715000
1776172717.829,217.829,0.9,15.0,0.86,10.0,0.85,23.0,0.82,6.0,0.69,15.0,0.91,4.9,0.92,15.0,0.93,15.0,0.94,15.0,0.95,15.0,0.09,4.9,0.08,15.0,0.07,15.0,0.06,15.0,0.05,15.0,0.1,15.0,0.14,10.0,0.15,23.0,0.18,6.0,0.31,15.0,0.01,0.01,45.024148,1776172716000
1776172718.347,218.347,0.9,15.0,0.86,10.0,0.85,23.0,0.82,6.0,0.69,15.0,0.91,4.9,0.92,15.0,0.93,15.0,0.94,15.0,0.95,15.0,0.09,4.9,0.08,15.0,0.07,15.0,0.06,15.0,0.05,15.0,0.1,15.0,0.14,10.0,0.15,23.0,0.18,6.0,0.31,15.0,0.01,0.01,45.024148,1776172717000
1776172719.139,219.139,0.9,15.0,0.86,10.0,0.85,23.0,0.82,6.0,0.69,15.0,0.91,4.9,0.92,15.0,0.93,15.0,0.94,15.0,0.95,15.0,0.09,4.9,0.08,15.0,0.07,15.0,0.06,15.0,0.05,15.0,0.1,15.0,0.14,10.0,0.15,23.0,0.18,6.0,0.31,15.0,0.01,0.01,45.024116,1776172718000
1776172720.218,220.218,0.9,15.0,0.86,10.0,0.85,23.0,0.82,6.0,0.69,15.0,0.91,4.9,0.92,15.0,0.93,15.0,0.94,15.0,0.95,15.0,0.09,4.9,0.08,15.0,0.07,15.0,0.06,15.0,0.05,15.0,0.1,15.0,0.14,10.0,0.15,23.0,0.18,6.0,0.31,15.0,0.01,0.01,45.025274,1776172719000
1776172721.306,221.306,0.9,15.0,0.86,10.0,0.85,23.0,0.82,6.0,0.69,15.0,0.91,4.9,0.92,15.0,0.93,15.0,0.94,15.0,0.95,15.0,0.09,4.9,0.08,15.0,0.07,15.0,0.06,15.0,0.05,15.0,0.1,15.0,0.14,10.0,0.15,23.0,0.18,6.0,0.31,15.0,0.01,0.01,45.023987,1776172720000
1776172721.965,221.965,0.9,15.0,0.86,10.0,0.85,23.0,0.82,6.0,0.69,15.0,0.91,4.9,0.92,15.0,0.93,15.0,0.94,15.0,0.95,15.0,0.09,4.9,0.08,15.0,0.07,15.0,0.06,15.0,0.05,15.0,0.1,15.0,0.14,10.0,0.15,23.0,0.18,6.0,0.31,15.0,0.01,0.01,45.02355,1776172721000
1776172723.294,223.294,0.9,15.0,0.86,10.0,0.85,23.0,0.82,6.0,0.69,15.0,0.91,4.9,0.92,15.0,0.93,15.0,0.94,15.0,0.95,15.0,0.09,4.9,0.08,15.0,0.07,15.0,0.06,15.0,0.05,15.0,0.1,15.0,0.14,10.0,0.15,23.0,0.18,6.0,0.31,15.0,0.01,0.01,45.0196,1776172722000
1776172723.95,223.95,0.9,5.0,0.84,17.0,0.73,10.0,0.69,7.0,0.63,15.0,0.91,15.0,0.92,15.0,0.93,15.0,0.94,15.0,0.95,15.0,0.09,15.0,0.08,15.0,0.07,15.0,0.06,15.0,0.05,15.0,0.1,5.0,0.23,6.0,0.26,10.0,0.36,15.0,0.37,15.0,0.01,0.01,45.0196,1776172722000
1776172724.405,224.405,0.9,5.0,0.84,17.0,0.73,10.0,0.69,7.0,0.63,15.0,0.91,15.0,0.92,15.0,0.93,15.0,0.94,15.0,0.95,15.0,0.09,15.0,0.08,15.0,0.07,15.0,0.06,15.0,0.05,15.0,0.1,5.0,0.16,17.0,0.27,10.0,0.31,7.0,0.37,15.0,0.01,0.01,45.015296,1776172723000
1776172725.056,225.056,0.9,5.0,0.84,17.0,0.73,10.0,0.69,7.0,0.63,15.0,0.91,15.0,0.92,15.0,0.93,15.0,0.94,15.0,0.95,15.0,0.09,15.0,0.08,15.0,0.07,15.0,0.06,15.0,0.05,15.0,0.1,5.0,0.16,17.0,0.27,10.0,0.31,7.0,0.37,15.0,0.01,0.01,45.014239,1776172724000
1776172726.157,226.157,0.9,5.0,0.84,17.0,0.73,10.0,0.69,7.0,0.63,15.0,0.91,15.0,0.92,15.0,0.93,15.0,0.94,15.0,0.95,15.0,0.09,15.0,0.08,15.0,0.07,15.0,0.06,15.0,0.05,15.0,0.1,5.0,0.16,17.0,0.27,10.0,0.31,7.0,0.37,15.0,0.01,0.01,45.011266,1776172725000
1776172727.395,227.395,0.9,5.0,0.84,17.0,0.73,10.0,0.69,7.0,0.63,15.0,0.91,15.0,0.92,15.0,0.93,15.0,0.94,15.0,0.95,15.0,0.09,15.0,0.08,15.0,0.07,15.0,0.06,15.0,0.05,15.0,0.1,5.0,0.16,17.0,0.27,10.0,0.31,7.0,0.37,15.0,0.01,0.01,45.022782,1776172726000
1776172728.013,228.013,0.9,5.0,0.84,17.0,0.73,10.0,0.69,7.0,0.63,15.0,0.91,15.0,0.92,15.0,0.93,15.0,0.94,15.0,0.95,15.0,0.09,15.0,0.08,15.0,0.07,15.0,0.06,15.0,0.05,15.0,0.1,5.0,0.16,17.0,0.27,10.0,0.31,7.0,0.37,15.0,0.01,0.01,45.025417,1776172727000
1776172729.112,229.112,0.9,5.0,0.84,17.0,0.73,10.0,0.69,7.0,0.63,15.0,0.91,15.0,0.92,15.0,0.93,15.0,0.94,15.0,0.95,15.0,0.09,15.0,0.08,15.0,0.07,15.0,0.06,15.0,0.05,15.0,0.1,5.0,0.16,17.0,0.27,10.0,0.31,7.0,0.37,15.0,0.01,0.01,45.02617,1776172728000
1776172730.264,230.264,0.9,5.0,0.84,17.0,0.73,10.0,0.69,7.0,0.63,15.0,0.91,15.0,0.92,15.0,0.93,15.0,0.94,15.0,0.95,15.0,0.09,15.0,0.08,15.0,0.07,15.0,0.06,15.0,0.05,15.0,0.1,5.0,0.16,17.0,0.27,10.0,0.31,7.0,0.37,15.0,0.01,0.01,45.02681,1776172729000
1776172731.415,231.415,0.9,5.0,0.84,17.0,0.73,10.0,0.69,7.0,0.63,15.0,0.91,15.0,0.92,15.0,0.93,15.0,0.94,15.0,0.95,15.0,0.09,15.0,0.08,15.0,0.07,15.0,0.06,15.0,0.05,15.0,0.1,5.0,0.16,17.0,0.27,10.0,0.31,7.0,0.37,15.0,0.01,0.01,45.026301,1776172730000
1776172731.993,231.993,0.9,5.0,0.84,17.0,0.73,10.0,0.69,7.0,0.63,15.0,0.91,15.0,0.92,15.0,0.93,15.0,0.94,15.0,0.95,15.0,0.09,15.0,0.08,15.0,0.07,15.0,0.06,15.0,0.05,15.0,0.1,5.0,0.16,17.0,0.27,10.0,0.31,7.0,0.37,15.0,0.01,0.01,45.025142,1776172731000
1776172733.194,233.194,0.9,5.0,0.84,17.0,0.73,10.0,0.69,7.0,0.63,15.0,0.91,15.0,0.92,15.0,0.93,15.0,0.94,15.0,0.95,15.0,0.09,15.0,0.08,15.0,0.07,15.0,0.06,15.0,0.05,15.0,0.1,5.0,0.16,17.0,0.27,10.0,0.31,7.0,0.37,15.0,0.01,0.01,45.020876,1776172732000
1776172734.251,234.251,0.9,5.0,0.84,17.0,0.73,10.0,0.69,7.0,0.63,15.0,0.91,15.0,0.92,15.0,0.93,15.0,0.94,15.0,0.95,15.0,0.09,15.0,0.08,15.0,0.07,15.0,0.06,15.0,0.05,15.0,0.1,5.0,0.16,17.0,0.27,10.0,0.31,7.0,0.37,15.0,0.01,0.01,45.019788,1776172733000
1776172735.079,235.079,0.9,5.0,0.89,17.0,0.81,10.0,0.75,6.0,0.7,15.0,0.91,15.0,0.92,15.0,0.93,15.0,0.94,15.0,0.95,15.0,0.09,15.0,0.08,15.0,0.07,15.0,0.06,15.0,0.05,15.0,0.1,5.0,0.16,17.0,0.27,10.0,0.31,7.0,0.37,15.0,0.01,0.01,45.019788,1776172733000
1776172736.274,236.274,0.9,5.0,0.89,17.0,0.81,10.0,0.75,6.0,0.7,15.0,0.91,15.0,0.92,15.0,0.93,15.0,0.94,15.0,0.95,15.0,0.09,15.0,0.08,15.0,0.07,15.0,0.06,15.0,0.05,15.0,0.1,5.0,0.11,17.0,0.19,10.0,0.25,6.0,0.3,15.0,0.01,0.01,45.013702,1776172735000
1776172737.164,237.164,0.9,5.0,0.89,17.0,0.81,10.0,0.75,6.0,0.7,15.0,0.91,15.0,0.92,15.0,0.93,15.0,0.94,15.0,0.95,15.0,0.09,15.0,0.08,15.0,0.07,15.0,0.06,15.0,0.05,15.0,0.1,5.0,0.11,17.0,0.19,10.0,0.25,6.0,0.3,15.0,0.01,0.01,45.009254,1776172736000
1776172738.11,238.11,0.9,5.0,0.89,17.0,0.81,10.0,0.75,6.0,0.7,15.0,0.91,15.0,0.92,15.0,0.93,15.0,0.94,15.0,0.95,15.0,0.09,15.0,0.08,15.0,0.07,15.0,0.06,15.0,0.05,15.0,0.1,5.0,0.11,17.0,0.19,10.0,0.25,6.0,0.3,15.0,0.01,0.01,45.007072,1776172737000
1776172739.215,239.215,0.9,5.0,0.89,17.0,0.81,10.0,0.75,6.0,0.7,15.0,0.91,15.0,0.92,15.0,0.93,15.0,0.94,15.0,0.95,15.0,0.09,15.0,0.08,15.0,0.07,15.0,0.06,15.0,0.05,15.0,0.1,5.0,0.11,17.0,0.19,10.0,0.25,6.0,0.3,15.0,0.01,0.01,45.00785,1776172738000
1776172740.919,240.919,0.9,5.0,0.89,17.0,0.81,10.0,0.75,6.0,0.7,15.0,0.91,15.0,0.92,15.0,0.93,15.0,0.94,15.0,0.95,15.0,0.09,15.0,0.08,15.0,0.07,15.0,0.06,15.0,0.05,15.0,0.1,5.0,0.11,17.0,0.19,10.0,0.25,6.0,0.3,15.0,0.01,0.01,45.008614,1776172739000
1776172741.688,241.688,0.9,5.0,0.89,17.0,0.81,10.0,0.75,6.0,0.7,15.0,0.91,15.0,0.92,15.0,0.93,15.0,0.94,15.0,0.95,15.0,0.09,15.0,0.08,15.0,0.07,15.0,0.06,15.0,0.05,15.0,0.1,5.0,0.11,17.0,0.19,10.0,0.25,6.0,0.3,15.0,0.01,0.01,45.008401,1776172740000
1776172742.23,242.23,0.9,5.0,0.89,17.0,0.81,10.0,0.75,6.0,0.7,15.0,0.91,15.0,0.92,15.0,0.93,15.0,0.94,15.0,0.95,15.0,0.09,15.0,0.08,15.0,0.07,15.0,0.06,15.0,0.05,15.0,0.1,5.0,0.11,17.0,0.19,10.0,0.25,6.0,0.3,15.0,0.01,0.01,45.007594,1776172741000
1776172743.241,243.241,0.9,5.0,0.89,17.0,0.81,10.0,0.75,6.0,0.7,15.0,0.91,15.0,0.92,15.0,0.93,15.0,0.94,15.0,0.95,15.0,0.09,15.0,0.08,15.0,0.07,15.0,0.06,15.0,0.05,15.0,0.1,5.0,0.11,17.0,0.19,10.0,0.25,6.0,0.3,15.0,0.01,0.01,45.007275,1776172742000
1776172744.27,244.27,0.9,5.0,0.89,17.0,0.81,10.0,0.75,6.0,0.7,15.0,0.91,15.0,0.92,15.0,0.93,15.0,0.94,15.0,0.95,15.0,0.09,15.0,0.08,15.0,0.07,15.0,0.06,15.0,0.05,15.0,0.1,5.0,0.11,17.0,0.19,10.0,0.25,6.0,0.3,15.0,0.01,0.01,45.003438,1776172743000
1776172745.353,245.353,0.9,5.0,0.89,17.0,0.81,10.0,0.75,6.0,0.7,15.0,0.91,15.0,0.92,15.0,0.93,15.0,0.94,15.0,0.95,15.0,0.09,15.0,0.08,15.0,0.07,15.0,0.06,15.0,0.05,15.0,0.1,5.0,0.11,17.0,0.19,10.0,0.25,6.0,0.3,15.0,0.01,0.01,45.003559,1776172744000
1776172746.479,246.479,0.9,5.0,0.89,17.0,0.81,10.0,0.75,6.0,0.7,15.0,0.91,15.0,0.92,15.0,0.93,15.0,0.94,15.0,0.95,15.0,0.09,15.0,0.08,15.0,0.07,15.0,0.06,15.0,0.05,15.0,0.1,5.0,0.11,17.0,0.19,10.0,0.25,6.0,0.3,15.0,0.01,0.01,45.000062,1776172745000
1776172747.463,247.463,0.9,5.0,0.89,17.0,0.81,10.0,0.75,6.0,0.7,15.0,0.91,15.0,0.92,15.0,0.93,15.0,0.94,15.0,0.95,15.0,0.09,15.0,0.08,15.0,0.07,15.0,0.06,15.0,0.05,15.0,0.1,5.0,0.11,17.0,0.19,10.0,0.25,6.0,0.3,15.0,0.01,0.01,44.999552,1776172746000
1776172748.202,248.202,0.9,5.0,0.89,17.0,0.81,10.0,0.75,6.0,0.7,15.0,0.91,15.0,0.92,15.0,0.93,15.0,0.94,15.0,0.95,15.0,0.09,15.0,0.08,15.0,0.07,15.0,0.06,15.0,0.05,15.0,0.1,5.0,0.11,17.0,0.19,10.0,0.25,6.0,0.3,15.0,0.01,0.01,44.999552,1776172747000
1776172749.499,249.499,0.9,5.0,0.89,17.0,0.81,10.0,0.75,6.0,0.7,15.0,0.91,15.0,0.92,15.0,0.93,15.0,0.94,15.0,0.95,15.0,0.09,15.0,0.08,15.0,0.07,15.0,0.06,15.0,0.05,15.0,0.1,5.0,0.11,17.0,0.19,10.0,0.25,6.0,0.3,15.0,0.01,0.01,44.998166,1776172748000
1776172750.157,250.157,0.9,5.0,0.89,17.0,0.81,10.0,0.75,6.0,0.7,15.0,0.91,15.0,0.92,15.0,0.93,15.0,0.94,15.0,0.95,15.0,0.09,15.0,0.08,15.0,0.07,15.0,0.06,15.0,0.05,15.0,0.1,5.0,0.11,17.0,0.19,10.0,0.25,6.0,0.3,15.0,0.01,0.01,44.994607,1776172749000
1776172751.459,251.459,0.9,5.0,0.89,17.0,0.81,10.0,0.75,6.0,0.7,15.0,0.91,15.0,0.92,15.0,0.93,15.0,0.94,15.0,0.95,15.0,0.09,15.0,0.08,15.0,0.07,15.0,0.06,15.0,0.05,15.0,0.1,5.0,0.11,17.0,0.19,10.0,0.25,6.0,0.3,15.0,0.01,0.01,44.9941,1776172750000
1776172751.991,251.991,0.9,5.0,0.89,17.0,0.81,10.0,0.75,6.0,0.7,15.0,0.91,15.0,0.92,15.0,0.93,15.0,0.94,15.0,0.95,15.0,0.09,15.0,0.08,15.0,0.07,15.0,0.06,15.0,0.05,15.0,0.1,5.0,0.11,17.0,0.19,10.0,0.25,6.0,0.3,15.0,0.01,0.01,45.000241,1776172751000
1776172753.195,253.195,0.9,5.0,0.89,17.0,0.81,10.0,0.75,6.0,0.7,15.0,0.91,15.0,0.92,15.0,0.93,15.0,0.94,15.0,0.95,15.0,0.09,15.0,0.08,15.0,0.07,15.0,0.06,15.0,0.05,15.0,0.1,5.0,0.11,17.0,0.19,10.0,0.25,6.0,0.3,15.0,0.01,0.01,45.002547,1776172752000
1776172754.3,254.3,0.9,5.0,0.89,17.0,0.81,10.0,0.75,6.0,0.7,15.0,0.91,15.0,0.92,15.0,0.93,15.0,0.94,15.0,0.95,15.0,0.09,15.0,0.08,15.0,0.07,15.0,0.06,15.0,0.05,15.0,0.1,5.0,0.11,17.0,0.19,10.0,0.25,6.0,0.3,15.0,0.01,0.01,45.002837,1776172753000
1776172755.47,255.47,0.9,5.0,0.89,17.0,0.81,10.0,0.75,6.0,0.7,15.0,0.91,15.0,0.92,15.0,0.93,15.0,0.94,15.0,0.95,15.0,0.09,15.0,0.08,15.0,0.07,15.0,0.06,15.0,0.05,15.0,0.1,5.0,0.11,17.0,0.19,10.0,0.25,6.0,0.3,15.0,0.01,0.01,45.003853,1776172754000
1776172755.995,255.995,0.9,5.0,0.89,17.0,0.81,10.0,0.75,6.0,0.7,15.0,0.91,15.0,0.92,15.0,0.93,15.0,0.94,15.0,0.95,15.0,0.09,15.0,0.08,15.0,0.07,15.0,0.06,15.0,0.05,15.0,0.1,5.0,0.11,17.0,0.19,10.0,0.25,6.0,0.3,15.0,0.01,0.01,45.003964,1776172755000
1776172757.171,257.171,0.9,5.0,0.89,17.0,0.81,10.0,0.75,6.0,0.7,15.0,0.91,15.0,0.92,15.0,0.93,15.0,0.94,15.0,0.95,15.0,0.09,15.0,0.08,15.0,0.07,15.0,0.06,15.0,0.05,15.0,0.1,5.0,0.11,17.0,0.19,10.0,0.25,6.0,0.3,15.0,0.01,0.01,45.003801,1776172756000
1776172758.357,258.357,0.9,5.0,0.89,17.0,0.81,10.0,0.75,6.0,0.7,15.0,0.91,15.0,0.92,15.0,0.93,15.0,0.94,15.0,0.95,15.0,0.09,15.0,0.08,15.0,0.07,15.0,0.06,15.0,0.05,15.0,0.1,5.0,0.11,17.0,0.19,10.0,0.25,6.0,0.3,15.0,0.01,0.01,45.004223,1776172757000
1776172759.505,259.505,0.9,5.0,0.89,17.0,0.81,10.0,0.75,6.0,0.7,15.0,0.91,15.0,0.92,15.0,0.93,15.0,0.94,15.0,0.95,15.0,0.09,15.0,0.08,15.0,0.07,15.0,0.06,15.0,0.05,15.0,0.1,5.0,0.11,17.0,0.19,10.0,0.25,6.0,0.3,15.0,0.01,0.01,45.004223,1776172758000
1776172760.027,260.027,0.9,5.0,0.89,17.0,0.81,10.0,0.75,6.0,0.7,15.0,0.91,15.0,0.92,15.0,0.93,15.0,0.94,15.0,0.95,15.0,0.09,15.0,0.08,15.0,0.07,15.0,0.06,15.0,0.05,15.0,0.1,5.0,0.11,17.0,0.19,10.0,0.25,6.0,0.3,15.0,0.01,0.01,45.004798,1776172759000
1776172761.122,261.122,0.9,5.0,0.89,17.0,0.81,10.0,0.75,6.0,0.7,15.0,0.91,15.0,0.92,15.0,0.93,15.0,0.94,15.0,0.95,15.0,0.09,15.0,0.08,15.0,0.07,15.0,0.06,15.0,0.05,15.0,0.1,5.0,0.11,17.0,0.19,10.0,0.25,6.0,0.3,15.0,0.01,0.01,45.00445,1776172760000
1776172763.139,263.139,0.9,5.0,0.89,17.0,0.81,10.0,0.75,6.0,0.7,15.0,0.91,15.0,0.92,15.0,0.93,15.0,0.94,15.0,0.95,15.0,0.09,15.0,0.08,15.0,0.07,15.0,0.06,15.0,0.05,15.0,0.1,5.0,0.11,17.0,0.19,10.0,0.25,6.0,0.3,15.0,0.01,0.01,45.004777,1776172762000
1776172763.382,263.382,0.9,10.0,0.86,10.0,0.78,6.0,0.76,15.0,0.75,15.0,0.92,15.0,0.93,15.0,0.94,15.0,0.95,15.0,0.96,20.0,0.09,15.0,0.08,15.0,0.07,15.0,0.06,15.0,0.05,15.0,0.1,5.0,0.11,17.0,0.19,10.0,0.25,6.0,0.3,15.0,0.02,0.01,45.004777,1776172762000
1776172764.451,264.451,0.9,10.0,0.86,10.0,0.78,6.0,0.76,15.0,0.75,15.0,0.92,15.0,0.93,15.0,0.94,15.0,0.95,15.0,0.96,20.0,0.08,15.0,0.07,15.0,0.06,15.0,0.05,15.0,0.04,20.0,0.1,10.0,0.14,10.0,0.22,6.0,0.24,15.0,0.25,15.0,0.02,0.02,45.004459,1776172763000
1776172765.069,265.069,0.9,10.0,0.86,10.0,0.78,6.0,0.76,15.0,0.75,15.0,0.92,15.0,0.93,15.0,0.94,15.0,0.95,15.0,0.96,20.0,0.08,15.0,0.07,15.0,0.06,15.0,0.05,15.0,0.04,20.0,0.1,10.0,0.14,10.0,0.22,6.0,0.24,15.0,0.25,15.0,0.02,0.02,45.003795,1776172764000
1776172766.867,266.867,0.9,10.0,0.86,10.0,0.78,6.0,0.76,15.0,0.75,15.0,0.92,15.0,0.93,15.0,0.94,15.0,0.95,15.0,0.96,20.0,0.08,15.0,0.07,15.0,0.06,15.0,0.05,15.0,0.04,20.0,0.1,10.0,0.14,10.0,0.22,6.0,0.24,15.0,0.25,15.0,0.02,0.02,45.003079,1776172765000
1776172767.631,267.631,0.9,10.0,0.86,10.0,0.78,6.0,0.76,15.0,0.75,15.0,0.92,15.0,0.93,15.0,0.94,15.0,0.95,15.0,0.96,20.0,0.08,15.0,0.07,15.0,0.06,15.0,0.05,15.0,0.04,20.0,0.1,10.0,0.14,10.0,0.22,6.0,0.24,15.0,0.25,15.0,0.02,0.02,45.00252,1776172766000
1776172768.806,268.806,0.9,10.0,0.86,10.0,0.78,6.0,0.76,15.0,0.75,15.0,0.92,15.0,0.93,15.0,0.94,15.0,0.95,15.0,0.96,20.0,0.08,15.0,0.07,15.0,0.06,15.0,0.05,15.0,0.04,20.0,0.1,10.0,0.14,10.0,0.22,6.0,0.24,15.0,0.25,15.0,0.02,0.02,45.00252,1776172767000
1776172769.335,269.335,0.9,10.0,0.86,10.0,0.78,6.0,0.76,15.0,0.75,15.0,0.92,15.0,0.93,15.0,0.94,15.0,0.95,15.0,0.96,20.0,0.08,15.0,0.07,15.0,0.06,15.0,0.05,15.0,0.04,20.0,0.1,10.0,0.14,10.0,0.22,6.0,0.24,15.0,0.25,15.0,0.02,0.02,45.002456,1776172768000
1776172770.604,270.604,0.9,10.0,0.86,10.0,0.78,6.0,0.76,15.0,0.75,15.0,0.92,15.0,0.93,15.0,0.94,15.0,0.95,15.0,0.96,20.0,0.08,15.0,0.07,15.0,0.06,15.0,0.05,15.0,0.04,20.0,0.1,10.0,0.14,10.0,0.22,6.0,0.24,15.0,0.25,15.0,0.02,0.02,45.003174,1776172769000
1776172770.821,270.821,0.9,40.0,0.88,5.0,0.85,15.0,0.84,15.0,0.83,15.0,0.96,14.8,0.97,15.0,0.98,25.0,0.99,346.0,,,0.04,14.8,0.03,15.0,0.02,25.0,0.01,346.0,,,0.1,40.0,0.12,5.0,0.15,15.0,0.16,15.0,0.17,15.0,0.06,0.06,45.003174,1776172769000
1776172771.248,271.248,0.9,40.0,0.88,5.0,0.85,15.0,0.84,15.0,0.83,15.0,0.96,9.75,0.97,15.0,0.98,25.0,0.99,346.0,,,0.04,9.75,0.03,15.0,0.02,25.0,0.01,346.0,,,0.1,40.0,0.12,5.0,0.15,15.0,0.16,15.0,0.17,15.0,0.06,0.06,45.004687,1776172770000
1776172772.673,272.673,0.9,40.0,0.88,5.0,0.85,15.0,0.84,15.0,0.83,15.0,0.96,9.75,0.97,15.0,0.98,25.0,0.99,346.0,,,0.04,9.75,0.03,15.0,0.02,25.0,0.01,346.0,,,0.1,40.0,0.12,5.0,0.15,15.0,0.16,15.0,0.17,15.0,0.06,0.06,45.004687,1776172771000
1776172773.265,273.265,0.91,36.0,0.9,25.0,0.89,15.0,0.88,20.0,0.87,15.0,0.98,22.95,0.99,341.0,,,,,,,0.04,9.75,0.03,15.0,0.02,25.0,0.01,346.0,,,0.1,40.0,0.12,5.0,0.15,15.0,0.16,15.0,0.17,15.0,0.07,0.06,45.004687,1776172771000
1776172774.578,274.578,0.91,36.0,0.9,25.0,0.89,15.0,0.88,20.0,0.87,15.0,0.98,22.95,0.99,341.0,,,,,,,0.02,22.95,0.01,341.0,,,,,,,0.09,36.0,0.1,25.0,0.11,15.0,0.12,20.0,0.13,15.0,0.07,0.07,45.011185,1776172773000
1776172775.259,275.259,0.91,36.0,0.9,25.0,0.89,15.0,0.88,20.0,0.87,15.0,0.98,22.95,0.99,341.0,,,,,,,0.02,22.95,0.01,341.0,,,,,,,0.09,36.0,0.1,25.0,0.11,15.0,0.12,20.0,0.13,15.0,0.07,0.07,45.011366,1776172774000
1776172775.514,275.514,0.91,40.0,0.9,5.0,0.88,5.0,0.3,100.0,0.04,5.0,0.98,6.92,0.99,226.0,,,,,,,0.02,22.95,0.01,341.0,,,,,,,0.09,36.0,0.1,25.0,0.11,15.0,0.12,20.0,0.13,15.0,0.07,0.07,45.011366,1776172774000
1776172776.218,276.218,0.91,40.0,0.9,5.0,0.88,5.0,0.3,100.0,0.04,5.0,0.98,4.86,0.99,226.0,,,,,,,0.02,5.89,0.01,226.0,,,,,,,0.09,40.0,0.1,5.0,0.12,5.0,0.7,100.0,0.96,5.0,0.07,0.07,45.011366,1776172774000
1776172776.506,276.506,0.91,40.0,0.9,5.0,0.88,5.0,0.3,100.0,0.04,5.0,0.98,3.83,0.99,226.0,,,,,,,0.02,4.86,0.01,226.0,,,,,,,0.09,40.0,0.1,5.0,0.12,5.0,0.7,100.0,0.96,5.0,0.07,0.07,45.011366,1776172774000
1776172776.727,276.727,0.91,40.0,0.9,5.0,0.88,5.0,0.3,100.0,0.04,5.0,0.98,2.8,0.99,226.0,,,,,,,0.02,2.8,0.01,226.0,,,,,,,0.09,40.0,0.1,5.0,0.12,5.0,0.7,100.0,0.96,5.0,0.07,0.07,45.011277,1776172775000
1776172777.385,277.385,0.91,40.0,0.9,5.0,0.88,5.0,0.3,100.0,0.04,5.0,0.98,0.74,0.99,226.0,,,,,,,0.02,0.74,0.01,226.0,,,,,,,0.09,40.0,0.1,5.0,0.12,5.0,0.7,100.0,0.96,5.0,0.07,0.07,45.01153,1776172776000
1776172778.154,278.154,0.91,40.0,0.9,5.0,0.88,5.0,0.3,100.0,0.04,5.0,0.98,0.74,0.99,226.0,,,,,,,0.02,0.74,0.01,226.0,,,,,,,0.09,40.0,0.1,5.0,0.12,5.0,0.7,100.0,0.96,5.0,0.07,0.07,45.011588,1776172777000
1776172779.469,279.469,0.91,40.0,0.9,5.0,0.88,5.0,0.3,100.0,0.04,5.0,0.98,0.74,0.99,226.0,,,,,,,0.02,0.74,0.01,226.0,,,,,,,0.09,40.0,0.1,5.0,0.12,5.0,0.7,100.0,0.96,5.0,0.07,0.07,45.011093,1776172778000
1776172780.231,280.231,0.91,40.0,0.9,5.0,0.88,5.0,0.3,100.0,0.04,5.0,0.98,0.74,0.99,226.0,,,,,,,0.02,0.74,0.01,226.0,,,,,,,0.09,40.0,0.1,5.0,0.12,5.0,0.7,100.0,0.96,5.0,0.07,0.07,45.011093,1776172779000
1776172781.232,281.232,0.91,40.0,0.9,5.0,0.88,5.0,0.3,100.0,0.04,5.0,0.98,0.74,0.99,226.0,,,,,,,0.02,0.74,0.01,226.0,,,,,,,0.09,40.0,0.1,5.0,0.12,5.0,0.7,100.0,0.96,5.0,0.07,0.07,45.011038,1776172780000
1776172782.25,282.25,0.91,28.88,0.9,5.0,0.88,5.0,0.3,100.0,0.04,5.0,0.98,0.74,0.99,226.0,,,,,,,0.02,0.74,0.01,226.0,,,,,,,0.09,28.88,0.1,5.0,0.12,5.0,0.7,100.0,0.96,5.0,0.07,0.07,45.016533,1776172781000
1776172783.422,283.422,0.91,28.88,0.9,5.0,0.88,5.0,0.3,100.0,0.04,5.0,0.98,0.74,0.99,226.0,,,,,,,0.02,0.74,0.01,226.0,,,,,,,0.09,28.88,0.1,5.0,0.12,5.0,0.7,100.0,0.96,5.0,0.07,0.07,45.015663,1776172782000
1776172784.384,284.384,0.91,28.88,0.9,5.0,0.88,5.0,0.3,100.0,0.04,5.0,0.98,0.74,0.99,226.0,,,,,,,0.02,0.74,0.01,226.0,,,,,,,0.09,28.88,0.1,5.0,0.12,5.0,0.7,100.0,0.96,5.0,0.07,0.07,45.010949,1776172783000
1776172784.881,284.881,0.91,28.88,0.9,5.0,0.88,5.0,0.3,100.0,0.04,5.0,0.98,0.74,0.99,226.0,,,,,,,0.02,0.74,0.01,226.0,,,,,,,0.09,28.88,0.1,5.0,0.12,5.0,0.7,100.0,0.96,5.0,0.07,0.07,45.016146,1776172784000
1776172785.613,285.613,0.91,28.88,0.9,5.0,0.88,5.0,0.3,100.0,0.04,5.0,0.99,196.74,,,,,,,,,0.02,0.74,0.01,226.0,,,,,,,0.09,28.88,0.1,5.0,0.12,5.0,0.7,100.0,0.96,5.0,0.08,0.07,45.016146,1776172784000
1776172785.973,285.973,0.91,28.88,0.9,5.0,0.88,5.0,0.3,100.0,0.04,5.0,0.99,196.74,,,,,,,,,0.01,196.74,,,,,,,,,0.09,28.88,0.1,5.0,0.12,5.0,0.7,100.0,0.96,5.0,0.08,0.08,45.010813,1776172785000
1776172786.893,286.893,0.91,28.88,0.9,5.0,0.88,5.0,0.3,100.0,0.04,5.0,0.99,196.74,,,,,,,,,0.01,196.74,,,,,,,,,0.09,28.88,0.1,5.0,0.12,5.0,0.7,100.0,0.96,5.0,0.08,0.08,45.011746,1776172786000
1776172787.931,287.931,0.91,41.0,0.9,5.0,0.88,5.0,0.3,100.0,0.04,5.0,0.99,188.65,,,,,,,,,0.01,188.65,,,,,,,,,0.09,41.0,0.1,5.0,0.12,5.0,0.7,100.0,0.96,5.0,0.08,0.08,45.016597,1776172787000
1776172788.935,288.935,0.91,41.0,0.9,5.0,0.88,5.0,0.3,100.0,0.04,5.0,0.99,188.65,,,,,,,,,0.01,188.65,,,,,,,,,0.09,41.0,0.1,5.0,0.12,5.0,0.7,100.0,0.96,5.0,0.08,0.08,45.016998,1776172788000
1776172789.998,289.998,0.91,41.0,0.9,5.0,0.88,5.0,0.3,100.0,0.04,5.0,0.99,188.65,,,,,,,,,0.01,188.65,,,,,,,,,0.09,41.0,0.1,5.0,0.12,5.0,0.7,100.0,0.96,5.0,0.08,0.08,45.017814,1776172789000
1776172790.974,290.974,0.91,41.0,0.9,5.0,0.88,5.0,0.3,100.0,0.04,5.0,0.99,188.65,,,,,,,,,0.01,188.65,,,,,,,,,0.09,41.0,0.1,5.0,0.12,5.0,0.7,100.0,0.96,5.0,0.08,0.08,45.018138,1776172790000
1776172792.019,292.019,0.91,41.0,0.9,5.0,0.88,5.0,0.3,100.0,0.04,5.0,0.99,188.65,,,,,,,,,0.01,188.65,,,,,,,,,0.09,41.0,0.1,5.0,0.12,5.0,0.7,100.0,0.96,5.0,0.08,0.08,45.015362,1776172791000
1776172793.02,293.02,0.91,41.0,0.9,5.0,0.88,5.0,0.3,100.0,0.04,5.0,0.99,188.65,,,,,,,,,0.01,188.65,,,,,,,,,0.09,41.0,0.1,5.0,0.12,5.0,0.7,100.0,0.96,5.0,0.08,0.08,45.01493,1776172792000
1776172793.87,293.87,0.99,811.35,0.91,18.39,0.9,5.0,0.88,5.0,0.3,100.0,,,,,,,,,,,0.01,188.65,,,,,,,,,0.09,41.0,0.1,5.0,0.12,5.0,0.7,100.0,0.96,5.0,,0.08,45.01493,1776172792000
1776172794.577,294.577,0.99,811.35,0.91,18.39,0.9,5.0,0.88,5.0,0.3,100.0,,,,,,,,,,,,,,,,,,,,,0.01,811.35,0.09,18.39,0.1,5.0,0.12,5.0,0.7,100.0,,,45.010862,1776172793000
1776172795.182,295.182,0.99,811.35,0.91,18.39,0.9,5.0,0.88,5.0,0.3,100.0,,,,,,,,,,,,,,,,,,,,,0.01,811.35,0.09,18.39,0.1,5.0,0.12,5.0,0.7,100.0,,,45.010862,1776172794000
1776172796.084,296.084,0.99,811.35,0.91,18.39,0.9,5.0,0.88,5.0,0.3,100.0,,,,,,,,,,,,,,,,,,,,,0.01,811.35,0.09,18.39,0.1,5.0,0.12,5.0,0.7,100.0,,,45.027832,1776172795000
1776172797.061,297.061,0.99,811.35,0.91,18.39,0.9,5.0,0.88,5.0,0.3,100.0,,,,,,,,,,,,,,,,,,,,,0.01,811.35,0.09,18.39,0.1,5.0,0.12,5.0,0.7,100.0,,,45.036508,1776172796000
1776172798.153,298.153,0.99,811.35,0.91,18.39,0.9,5.0,0.88,5.0,0.3,100.0,,,,,,,,,,,,,,,,,,,,,0.01,811.35,0.09,18.39,0.1,5.0,0.12,5.0,0.7,100.0,,,45.038981,1776172797000
1776172799.155,299.155,0.99,811.35,0.91,18.39,0.9,5.0,0.88,5.0,0.3,100.0,,,,,,,,,,,,,,,,,,,,,0.01,811.35,0.09,18.39,0.1,5.0,0.12,5.0,0.7,100.0,,,45.039139,1776172798000
1776172800.067,300.067,0.99,811.35,0.91,18.39,0.9,5.0,0.88,5.0,0.3,100.0,,,,,,,,,,,,,,,,,,,,,0.01,811.35,0.09,18.39,0.1,5.0,0.12,5.0,0.7,100.0,,,45.039157,1776172799000
1776172800.992,300.992,0.99,811.35,0.91,18.39,0.9,5.0,0.88,5.0,0.3,100.0,,,,,,,,,,,,,,,,,,,,,0.01,811.35,0.09,18.39,0.1,5.0,0.12,5.0,0.7,100.0,,,45.039272,1776172800000
1776172802.086,302.086,0.99,811.35,0.91,18.39,0.9,5.0,0.88,5.0,0.3,100.0,,,,,,,,,,,,,,,,,,,,,0.01,811.35,0.09,18.39,0.1,5.0,0.12,5.0,0.7,100.0,,,45.039961,1776172801000

# RESULT,winner=Up,slug=hype-updown-5m-1776172500,ticks=324
