timestamp,elapsed_sec,up_bid_p1,up_bid_s1,up_bid_p2,up_bid_s2,up_ask_p1,up_ask_s1,up_ask_p2,up_ask_s2,down_bid_p1,down_bid_s1,down_bid_p2,down_bid_s2,down_ask_p1,down_ask_s1,down_ask_p2,down_ask_s2,up_spread,down_spread,hype_price,hype_oracle_ts
1776221401.54,1.54,0.51,40.0,0.11,100.0,0.89,100.0,0.92,50.0,0.11,100.0,0.08,50.0,0.49,40.0,0.89,100.0,0.38,0.38,44.018318,1776221400000
1776221401.846,1.846,0.51,40.0,0.11,100.0,0.89,100.0,0.92,50.0,0.11,100.0,0.08,50.0,0.49,40.0,0.89,100.0,0.38,0.38,44.018318,1776221400000
1776221402.22,2.22,0.51,40.0,0.11,100.0,0.89,100.0,0.92,50.0,0.11,100.0,0.08,50.0,0.49,40.0,0.89,100.0,0.38,0.38,44.015035,1776221401000
1776221403.405,3.405,0.51,40.0,0.11,100.0,0.89,100.0,0.92,50.0,0.11,100.0,0.08,50.0,0.49,40.0,0.89,100.0,0.38,0.38,44.014991,1776221402000
1776221404.005,4.005,0.51,40.0,0.11,100.0,0.89,100.0,0.92,50.0,0.11,100.0,0.08,50.0,0.49,40.0,0.89,100.0,0.38,0.38,44.015295,1776221403000
1776221405.575,5.575,0.51,40.0,0.11,100.0,0.89,100.0,0.92,50.0,0.11,100.0,0.08,50.0,0.49,40.0,0.89,100.0,0.38,0.38,44.018066,1776221404000
1776221406.081,6.081,0.51,40.0,0.11,100.0,0.89,100.0,0.92,50.0,0.11,100.0,0.08,50.0,0.49,40.0,0.89,100.0,0.38,0.38,44.025884,1776221405000
1776221407.131,7.131,0.51,40.0,0.11,100.0,0.89,100.0,0.92,50.0,0.11,100.0,0.08,50.0,0.49,40.0,0.89,100.0,0.38,0.38,44.033582,1776221406000
1776221408.201,8.201,0.51,40.0,0.11,100.0,0.89,100.0,0.92,50.0,0.11,100.0,0.08,50.0,0.49,40.0,0.89,100.0,0.38,0.38,44.035567,1776221407000
1776221409.174,9.174,0.51,40.0,0.11,100.0,0.89,100.0,0.92,50.0,0.11,100.0,0.08,50.0,0.49,40.0,0.89,100.0,0.38,0.38,44.035891,1776221408000
1776221410.253,10.253,0.51,40.0,0.11,100.0,0.89,100.0,0.92,50.0,0.11,100.0,0.08,50.0,0.49,40.0,0.89,100.0,0.38,0.38,44.03616,1776221409000
1776221411.146,11.146,0.51,40.0,0.11,100.0,0.89,100.0,0.92,50.0,0.11,100.0,0.08,50.0,0.49,40.0,0.89,100.0,0.38,0.38,44.036083,1776221410000
1776221412.158,12.158,0.51,40.0,0.11,100.0,0.89,100.0,0.92,50.0,0.11,100.0,0.08,50.0,0.49,40.0,0.89,100.0,0.38,0.38,44.036686,1776221411000
1776221413.114,13.114,0.51,40.0,0.11,100.0,0.89,100.0,0.92,50.0,0.11,100.0,0.08,50.0,0.49,40.0,0.89,100.0,0.38,0.38,44.036893,1776221412000
1776221414.089,14.089,0.51,40.0,0.11,100.0,0.89,100.0,0.92,50.0,0.11,100.0,0.08,50.0,0.49,40.0,0.89,100.0,0.38,0.38,44.037109,1776221413000
1776221415.058,15.058,0.51,40.0,0.11,100.0,0.89,100.0,0.92,50.0,0.11,100.0,0.08,50.0,0.49,40.0,0.89,100.0,0.38,0.38,44.039041,1776221414000
1776221416.116,16.116,0.51,40.0,0.11,100.0,0.89,100.0,0.92,50.0,0.11,100.0,0.08,50.0,0.49,40.0,0.89,100.0,0.38,0.38,44.039041,1776221415000
1776221417.192,17.192,0.51,40.0,0.11,100.0,0.89,100.0,0.92,50.0,0.11,100.0,0.08,50.0,0.49,40.0,0.89,100.0,0.38,0.38,44.03921,1776221416000
1776221418.199,18.199,0.51,40.0,0.11,100.0,0.89,100.0,0.92,50.0,0.11,100.0,0.08,50.0,0.49,40.0,0.89,100.0,0.38,0.38,44.03921,1776221417000
1776221419.289,19.289,0.51,40.0,0.11,100.0,0.89,100.0,0.92,50.0,0.11,100.0,0.08,50.0,0.49,40.0,0.89,100.0,0.38,0.38,44.041011,1776221418000
1776221420.297,20.297,0.51,40.0,0.11,100.0,0.89,100.0,0.92,50.0,0.11,100.0,0.08,50.0,0.49,40.0,0.89,100.0,0.38,0.38,44.044914,1776221419000
1776221421.296,21.296,0.51,40.0,0.11,100.0,0.89,100.0,0.92,50.0,0.11,100.0,0.08,50.0,0.49,40.0,0.89,100.0,0.38,0.38,44.046642,1776221420000
1776221422.418,22.418,0.51,40.0,0.11,100.0,0.89,100.0,0.92,50.0,0.11,100.0,0.08,50.0,0.49,40.0,0.89,100.0,0.38,0.38,44.048951,1776221421000
1776221422.918,22.918,0.51,40.0,0.11,100.0,0.89,100.0,0.92,50.0,0.11,100.0,0.08,50.0,0.49,40.0,0.89,100.0,0.38,0.38,44.049846,1776221422000
1776221424.023,24.023,0.51,40.0,0.11,100.0,0.89,100.0,0.92,50.0,0.11,100.0,0.08,50.0,0.49,40.0,0.89,100.0,0.38,0.38,44.052784,1776221423000
1776221424.918,24.918,0.51,40.0,0.11,100.0,0.89,100.0,0.92,50.0,0.11,100.0,0.08,50.0,0.49,40.0,0.89,100.0,0.38,0.38,44.052909,1776221424000
1776221425.986,25.986,0.51,40.0,0.11,100.0,0.89,100.0,0.92,50.0,0.11,100.0,0.08,50.0,0.49,40.0,0.89,100.0,0.38,0.38,44.052909,1776221425000
1776221427.09,27.09,0.51,40.0,0.11,100.0,0.89,100.0,0.92,50.0,0.11,100.0,0.08,50.0,0.49,40.0,0.89,100.0,0.38,0.38,44.053485,1776221426000
1776221428.155,28.155,0.51,40.0,0.11,100.0,0.89,100.0,0.92,50.0,0.11,100.0,0.08,50.0,0.49,40.0,0.89,100.0,0.38,0.38,44.055184,1776221427000
1776221429.29,29.29,0.51,40.0,0.11,100.0,0.89,100.0,0.92,50.0,0.11,100.0,0.08,50.0,0.49,40.0,0.89,100.0,0.38,0.38,44.055714,1776221428000
1776221430.205,30.205,0.51,40.0,0.11,100.0,0.89,100.0,0.92,50.0,0.11,100.0,0.08,50.0,0.49,40.0,0.89,100.0,0.38,0.38,44.056323,1776221429000
1776221431.886,31.886,0.51,40.0,0.11,100.0,0.89,100.0,0.92,50.0,0.11,100.0,0.08,50.0,0.49,40.0,0.89,100.0,0.38,0.38,44.056296,1776221430000
1776221432.949,32.949,0.51,40.0,0.11,100.0,0.89,100.0,0.92,50.0,0.11,100.0,0.08,50.0,0.49,40.0,0.89,100.0,0.38,0.38,44.056741,1776221431000
1776221433.647,33.647,0.51,40.0,0.11,100.0,0.89,100.0,0.92,50.0,0.11,100.0,0.08,50.0,0.49,40.0,0.89,100.0,0.38,0.38,44.056827,1776221432000
1776221434.519,34.519,0.51,40.0,0.11,100.0,0.89,100.0,0.92,50.0,0.11,100.0,0.08,50.0,0.49,40.0,0.89,100.0,0.38,0.38,44.056827,1776221433000
1776221435.257,35.257,0.51,40.0,0.11,100.0,0.89,100.0,0.92,50.0,0.11,100.0,0.08,50.0,0.49,40.0,0.89,100.0,0.38,0.38,44.056572,1776221434000
1776221436.774,36.774,0.51,40.0,0.11,100.0,0.89,100.0,0.92,50.0,0.11,100.0,0.08,50.0,0.49,40.0,0.89,100.0,0.38,0.38,44.056536,1776221435000
1776221437.606,37.606,0.51,40.0,0.11,100.0,0.89,100.0,0.92,50.0,0.11,100.0,0.08,50.0,0.49,40.0,0.89,100.0,0.38,0.38,44.059149,1776221436000
1776221438.255,38.255,0.51,40.0,0.11,100.0,0.89,100.0,0.92,50.0,0.11,100.0,0.08,50.0,0.49,40.0,0.89,100.0,0.38,0.38,44.059192,1776221437000
1776221439.736,39.736,0.51,40.0,0.11,100.0,0.89,100.0,0.92,50.0,0.11,100.0,0.08,50.0,0.49,40.0,0.89,100.0,0.38,0.38,44.060625,1776221438000
1776221440.388,40.388,0.51,40.0,0.11,100.0,0.89,100.0,0.92,50.0,0.11,100.0,0.08,50.0,0.49,40.0,0.89,100.0,0.38,0.38,44.060908,1776221439000
1776221441.048,41.048,0.51,40.0,0.11,100.0,0.89,100.0,0.92,50.0,0.11,100.0,0.08,50.0,0.49,40.0,0.89,100.0,0.38,0.38,44.06139,1776221440000
1776221442.464,42.464,0.51,40.0,0.11,100.0,0.89,100.0,0.92,50.0,0.11,100.0,0.08,50.0,0.49,40.0,0.89,100.0,0.38,0.38,44.062655,1776221441000
1776221443.207,43.207,0.51,40.0,0.11,100.0,0.89,100.0,0.92,50.0,0.11,100.0,0.08,50.0,0.49,40.0,0.89,100.0,0.38,0.38,44.063243,1776221442000
1776221444.596,44.596,0.51,40.0,0.11,100.0,0.89,100.0,0.92,50.0,0.11,100.0,0.08,50.0,0.49,40.0,0.89,100.0,0.38,0.38,44.068698,1776221443000
1776221445.305,45.305,0.51,40.0,0.11,100.0,0.89,100.0,0.92,50.0,0.11,100.0,0.08,50.0,0.49,40.0,0.89,100.0,0.38,0.38,44.068785,1776221444000
1776221446.793,46.793,0.51,40.0,0.11,100.0,0.89,100.0,0.92,50.0,0.11,100.0,0.08,50.0,0.49,40.0,0.89,100.0,0.38,0.38,44.07553,1776221445000
1776221447.505,47.505,0.51,40.0,0.11,100.0,0.89,100.0,0.92,50.0,0.11,100.0,0.08,50.0,0.49,40.0,0.89,100.0,0.38,0.38,44.081484,1776221446000
1776221448.148,48.148,0.51,40.0,0.11,100.0,0.89,100.0,0.92,50.0,0.11,100.0,0.08,50.0,0.49,40.0,0.89,100.0,0.38,0.38,44.084967,1776221447000
1776221449.597,49.597,0.51,40.0,0.11,100.0,0.89,100.0,0.92,50.0,0.11,100.0,0.08,50.0,0.49,40.0,0.89,100.0,0.38,0.38,44.089571,1776221448000
1776221450.604,50.604,0.51,40.0,0.11,100.0,0.89,100.0,0.92,50.0,0.11,100.0,0.08,50.0,0.49,40.0,0.89,100.0,0.38,0.38,44.090146,1776221449000
1776221451.058,51.058,0.51,40.0,0.11,100.0,0.89,100.0,0.92,50.0,0.11,100.0,0.08,50.0,0.49,40.0,0.89,100.0,0.38,0.38,44.090363,1776221450000
1776221452.192,52.192,0.51,40.0,0.11,100.0,0.89,100.0,0.92,50.0,0.11,100.0,0.08,50.0,0.49,40.0,0.89,100.0,0.38,0.38,44.090432,1776221451000
1776221453.19,53.19,0.51,40.0,0.11,100.0,0.89,100.0,0.92,50.0,0.11,100.0,0.08,50.0,0.49,40.0,0.89,100.0,0.38,0.38,44.09022,1776221452000
1776221454.191,54.191,0.51,40.0,0.11,100.0,0.89,100.0,0.92,50.0,0.11,100.0,0.08,50.0,0.49,40.0,0.89,100.0,0.38,0.38,44.090037,1776221453000
1776221455.19,55.19,0.51,40.0,0.11,100.0,0.89,100.0,0.92,50.0,0.11,100.0,0.08,50.0,0.49,40.0,0.89,100.0,0.38,0.38,44.080931,1776221454000
1776221456.145,56.145,0.51,40.0,0.11,100.0,0.89,100.0,0.92,50.0,0.11,100.0,0.08,50.0,0.49,40.0,0.89,100.0,0.38,0.38,44.078089,1776221455000
1776221457.407,57.407,0.51,40.0,0.11,100.0,0.89,100.0,0.92,50.0,0.11,100.0,0.08,50.0,0.49,40.0,0.89,100.0,0.38,0.38,44.079151,1776221456000
1776221458.346,58.346,0.51,40.0,0.11,100.0,0.89,100.0,0.92,50.0,0.11,100.0,0.08,50.0,0.49,40.0,0.89,100.0,0.38,0.38,44.081703,1776221457000
1776221459.387,59.387,0.51,40.0,0.11,100.0,0.89,100.0,0.92,50.0,0.11,100.0,0.08,50.0,0.49,40.0,0.89,100.0,0.38,0.38,44.081703,1776221458000
1776221459.81,59.81,0.51,40.0,0.11,100.0,0.89,100.0,0.92,50.0,0.11,100.0,0.08,50.0,0.49,40.0,0.89,100.0,0.38,0.38,44.081874,1776221459000
1776221460.905,60.905,0.51,40.0,0.11,100.0,0.89,100.0,0.92,50.0,0.11,100.0,0.08,50.0,0.49,40.0,0.89,100.0,0.38,0.38,44.082378,1776221460000
1776221462.374,62.374,0.51,40.0,0.11,100.0,0.89,100.0,0.92,50.0,0.11,100.0,0.08,50.0,0.49,40.0,0.89,100.0,0.38,0.38,44.086434,1776221461000
1776221463.96,63.96,0.51,40.0,0.11,100.0,0.89,100.0,0.92,50.0,0.11,100.0,0.08,50.0,0.49,40.0,0.89,100.0,0.38,0.38,44.088278,1776221462000
1776221464.527,64.527,0.51,40.0,0.11,100.0,0.89,100.0,0.92,50.0,0.11,100.0,0.08,50.0,0.49,40.0,0.89,100.0,0.38,0.38,44.088938,1776221463000
1776221465.114,65.114,0.51,40.0,0.11,100.0,0.89,100.0,0.92,50.0,0.11,100.0,0.08,50.0,0.49,40.0,0.89,100.0,0.38,0.38,44.088866,1776221464000
1776221466.159,66.159,0.82,5.0,0.8,10.0,0.84,13.45,0.85,15.0,0.16,13.45,0.15,15.0,0.18,5.0,0.2,10.0,0.02,0.02,44.089522,1776221465000
1776221467.297,67.297,0.82,5.0,0.8,10.0,0.84,13.45,0.85,15.0,0.16,13.45,0.15,15.0,0.18,5.0,0.2,10.0,0.02,0.02,44.090997,1776221466000
1776221468.75,68.75,0.82,5.0,0.8,10.0,0.84,13.45,0.85,15.0,0.16,13.45,0.15,15.0,0.18,5.0,0.2,10.0,0.02,0.02,44.091523,1776221467000
1776221469.296,69.296,0.82,5.0,0.8,10.0,0.84,13.45,0.85,15.0,0.16,13.45,0.15,15.0,0.18,5.0,0.2,10.0,0.02,0.02,44.092596,1776221468000
1776221469.904,69.904,0.82,5.0,0.8,10.0,0.84,13.45,0.85,15.0,0.16,13.45,0.15,15.0,0.18,5.0,0.2,10.0,0.02,0.02,44.094384,1776221469000
1776221471.084,71.084,0.82,5.0,0.8,10.0,0.84,13.45,0.85,15.0,0.16,13.45,0.15,15.0,0.18,5.0,0.2,10.0,0.02,0.02,44.096599,1776221470000
1776221472.283,72.283,0.82,5.0,0.8,10.0,0.84,13.45,0.85,15.0,0.16,13.45,0.15,15.0,0.18,5.0,0.2,10.0,0.02,0.02,44.097861,1776221471000
1776221473.29,73.29,0.82,5.0,0.8,10.0,0.84,13.45,0.85,15.0,0.16,13.45,0.15,15.0,0.18,5.0,0.2,10.0,0.02,0.02,44.097815,1776221472000
1776221474.396,74.396,0.82,5.0,0.8,10.0,0.84,13.45,0.85,15.0,0.16,13.45,0.15,15.0,0.18,5.0,0.2,10.0,0.02,0.02,44.097728,1776221473000
1776221474.905,74.905,0.82,5.0,0.8,10.0,0.84,13.45,0.85,15.0,0.16,13.45,0.15,15.0,0.18,5.0,0.2,10.0,0.02,0.02,44.098181,1776221474000
1776221475.91,75.91,0.82,5.0,0.8,10.0,0.84,13.45,0.85,15.0,0.16,13.45,0.15,15.0,0.18,5.0,0.2,10.0,0.02,0.02,44.103134,1776221475000
1776221477.201,77.201,0.82,5.0,0.8,10.0,0.84,13.45,0.85,15.0,0.16,13.45,0.15,15.0,0.18,5.0,0.2,10.0,0.02,0.02,44.097395,1776221476000
1776221479.14,79.14,0.82,5.0,0.8,10.0,0.84,13.45,0.85,15.0,0.16,13.45,0.15,15.0,0.18,5.0,0.2,10.0,0.02,0.02,44.102026,1776221477000
1776221479.849,79.849,0.82,5.0,0.8,10.0,0.84,13.45,0.85,15.0,0.16,13.45,0.15,15.0,0.18,5.0,0.2,10.0,0.02,0.02,44.104207,1776221478000
1776221480.533,80.533,0.82,5.0,0.8,10.0,0.84,13.45,0.85,15.0,0.16,13.45,0.15,15.0,0.18,5.0,0.2,10.0,0.02,0.02,44.104229,1776221479000
1776221481.09,81.09,0.82,5.0,0.8,10.0,0.84,13.45,0.85,15.0,0.16,13.45,0.15,15.0,0.18,5.0,0.2,10.0,0.02,0.02,44.104281,1776221480000
1776221482.473,82.473,0.82,5.0,0.8,10.0,0.84,13.45,0.85,15.0,0.16,13.45,0.15,15.0,0.18,5.0,0.2,10.0,0.02,0.02,44.104151,1776221481000
1776221483.134,83.134,0.82,5.0,0.8,10.0,0.84,13.45,0.85,15.0,0.16,13.45,0.15,15.0,0.18,5.0,0.2,10.0,0.02,0.02,44.105121,1776221482000
1776221484.865,84.865,0.82,5.0,0.8,10.0,0.84,13.45,0.85,15.0,0.16,13.45,0.15,15.0,0.18,5.0,0.2,10.0,0.02,0.02,44.106397,1776221483000
1776221485.48,85.48,0.82,5.0,0.8,10.0,0.84,13.45,0.85,15.0,0.16,13.45,0.15,15.0,0.18,5.0,0.2,10.0,0.02,0.02,44.111006,1776221484000
1776221486.122,86.122,0.82,5.0,0.8,10.0,0.84,13.45,0.85,15.0,0.16,13.45,0.15,15.0,0.18,5.0,0.2,10.0,0.02,0.02,44.111006,1776221485000
1776221487.464,87.464,0.82,5.0,0.8,10.0,0.84,13.45,0.85,15.0,0.16,13.45,0.15,15.0,0.18,5.0,0.2,10.0,0.02,0.02,44.110975,1776221486000
1776221488.083,88.083,0.82,5.0,0.8,10.0,0.84,13.45,0.85,15.0,0.16,13.45,0.15,15.0,0.18,5.0,0.2,10.0,0.02,0.02,44.11023,1776221487000
1776221489.347,89.347,0.82,5.0,0.8,10.0,0.84,13.45,0.85,15.0,0.16,13.45,0.15,15.0,0.18,5.0,0.2,10.0,0.02,0.02,44.110325,1776221488000
1776221489.992,89.992,0.82,5.0,0.8,10.0,0.84,13.45,0.85,15.0,0.16,13.45,0.15,15.0,0.18,5.0,0.2,10.0,0.02,0.02,44.111129,1776221489000
1776221490.869,90.869,0.87,10.0,0.86,15.0,0.92,13.81,0.93,15.0,0.16,13.45,0.15,15.0,0.18,5.0,0.2,10.0,0.05,0.02,44.111129,1776221489000
1776221491.252,91.252,0.87,10.0,0.86,15.0,0.92,13.81,0.93,15.0,0.08,13.81,0.07,15.0,0.13,10.0,0.14,15.0,0.05,0.05,44.114047,1776221490000
1776221492.541,92.541,0.87,10.0,0.86,15.0,0.92,13.81,0.93,15.0,0.08,13.81,0.07,15.0,0.13,10.0,0.14,15.0,0.05,0.05,44.113987,1776221491000
1776221493.239,93.239,0.87,10.0,0.86,15.0,0.92,13.81,0.93,15.0,0.08,13.81,0.07,15.0,0.13,10.0,0.14,15.0,0.05,0.05,44.113987,1776221492000
1776221494.61,94.61,0.87,10.0,0.86,15.0,0.92,13.81,0.93,15.0,0.08,13.81,0.07,15.0,0.13,10.0,0.14,15.0,0.05,0.05,44.114016,1776221493000
1776221495.162,95.162,0.87,10.0,0.86,15.0,0.92,13.81,0.93,15.0,0.08,13.81,0.07,15.0,0.13,10.0,0.14,15.0,0.05,0.05,44.114016,1776221494000
1776221496.246,96.246,0.87,10.0,0.86,15.0,0.92,13.81,0.93,15.0,0.08,13.81,0.07,15.0,0.13,10.0,0.14,15.0,0.05,0.05,44.11345,1776221495000
1776221497.409,97.409,0.87,10.0,0.86,15.0,0.92,13.81,0.93,15.0,0.08,13.81,0.07,15.0,0.13,10.0,0.14,15.0,0.05,0.05,44.113581,1776221496000
1776221498.496,98.496,0.87,10.0,0.86,15.0,0.92,13.81,0.93,15.0,0.08,13.81,0.07,15.0,0.13,10.0,0.14,15.0,0.05,0.05,44.114516,1776221497000
1776221499.034,99.034,0.87,10.0,0.86,15.0,0.92,13.81,0.93,15.0,0.08,13.81,0.07,15.0,0.13,10.0,0.14,15.0,0.05,0.05,44.114552,1776221498000
1776221500.223,100.223,0.87,10.0,0.86,15.0,0.92,13.81,0.93,15.0,0.08,13.81,0.07,15.0,0.13,10.0,0.14,15.0,0.05,0.05,44.115254,1776221499000
1776221501.292,101.292,0.87,10.0,0.86,15.0,0.92,13.81,0.93,15.0,0.08,13.81,0.07,15.0,0.13,10.0,0.14,15.0,0.05,0.05,44.118362,1776221500000
1776221502.313,102.313,0.87,10.0,0.86,15.0,0.92,13.81,0.93,15.0,0.08,13.81,0.07,15.0,0.13,10.0,0.14,15.0,0.05,0.05,44.120433,1776221501000
1776221502.874,102.874,0.87,10.0,0.86,15.0,0.92,13.81,0.93,15.0,0.08,13.81,0.07,15.0,0.13,10.0,0.14,15.0,0.05,0.05,44.123266,1776221502000
1776221504.05,104.05,0.87,10.0,0.86,15.0,0.92,13.81,0.93,15.0,0.08,13.81,0.07,15.0,0.13,10.0,0.14,15.0,0.05,0.05,44.123421,1776221503000
1776221505.119,105.119,0.87,10.0,0.86,15.0,0.92,13.81,0.93,15.0,0.08,13.81,0.07,15.0,0.13,10.0,0.14,15.0,0.05,0.05,44.124567,1776221504000
1776221506.115,106.115,0.87,10.0,0.86,15.0,0.92,13.81,0.93,15.0,0.08,13.81,0.07,15.0,0.13,10.0,0.14,15.0,0.05,0.05,44.124654,1776221505000
1776221507.179,107.179,0.87,10.0,0.86,15.0,0.92,13.81,0.93,15.0,0.08,13.81,0.07,15.0,0.13,10.0,0.14,15.0,0.05,0.05,44.124654,1776221506000
1776221508.218,108.218,0.87,10.0,0.86,15.0,0.92,13.81,0.93,15.0,0.08,13.81,0.07,15.0,0.13,10.0,0.14,15.0,0.05,0.05,44.125061,1776221507000
1776221509.303,109.303,0.87,10.0,0.86,15.0,0.92,13.81,0.93,15.0,0.08,13.81,0.07,15.0,0.13,10.0,0.14,15.0,0.05,0.05,44.125941,1776221508000
1776221510.274,110.274,0.87,10.0,0.86,15.0,0.92,13.81,0.93,15.0,0.08,13.81,0.07,15.0,0.13,10.0,0.14,15.0,0.05,0.05,44.125949,1776221509000
1776221511.255,111.255,0.87,10.0,0.86,15.0,0.92,13.81,0.93,15.0,0.08,13.81,0.07,15.0,0.13,10.0,0.14,15.0,0.05,0.05,44.130525,1776221510000
1776221511.867,111.867,0.87,10.0,0.86,15.0,0.92,13.81,0.93,15.0,0.08,13.81,0.07,15.0,0.13,10.0,0.14,15.0,0.05,0.05,44.134451,1776221511000
1776221512.105,112.105,0.94,15.0,0.93,15.0,0.98,25.0,0.99,165.0,0.08,13.81,0.07,15.0,0.13,10.0,0.14,15.0,0.04,0.05,44.134451,1776221511000
1776221513.33,113.33,0.94,15.0,0.93,15.0,0.98,25.0,0.99,165.0,0.02,25.0,0.01,165.0,0.06,15.0,0.07,15.0,0.04,0.04,44.143539,1776221512000
1776221513.982,113.982,0.94,15.0,0.93,15.0,0.98,25.0,0.99,165.0,0.02,25.0,0.01,165.0,0.06,15.0,0.07,15.0,0.04,0.04,44.144335,1776221513000
1776221515.072,115.072,0.94,15.0,0.93,15.0,0.98,25.0,0.99,165.0,0.02,25.0,0.01,165.0,0.06,15.0,0.07,15.0,0.04,0.04,44.154049,1776221514000
1776221516.088,116.088,0.94,15.0,0.93,15.0,0.98,25.0,0.99,165.0,0.02,25.0,0.01,165.0,0.06,15.0,0.07,15.0,0.04,0.04,44.1633,1776221515000
1776221517.24,117.24,0.94,15.0,0.93,15.0,0.98,25.0,0.99,165.0,0.02,25.0,0.01,165.0,0.06,15.0,0.07,15.0,0.04,0.04,44.165412,1776221516000
1776221518.822,118.822,0.94,15.0,0.93,15.0,0.98,25.0,0.99,165.0,0.02,25.0,0.01,165.0,0.06,15.0,0.07,15.0,0.04,0.04,44.165726,1776221517000
1776221519.321,119.321,0.94,15.0,0.93,15.0,0.98,25.0,0.99,165.0,0.02,25.0,0.01,165.0,0.06,15.0,0.07,15.0,0.04,0.04,44.166129,1776221518000
1776221520.364,120.364,0.94,15.0,0.93,15.0,0.98,25.0,0.99,165.0,0.02,25.0,0.01,165.0,0.06,15.0,0.07,15.0,0.04,0.04,44.166428,1776221519000
1776221521.052,121.052,0.94,15.0,0.93,15.0,0.98,25.0,0.99,165.0,0.02,25.0,0.01,165.0,0.06,15.0,0.07,15.0,0.04,0.04,44.166428,1776221520000
1776221522.234,122.234,0.94,15.0,0.93,15.0,0.98,25.0,0.99,165.0,0.02,25.0,0.01,165.0,0.06,15.0,0.07,15.0,0.04,0.04,44.167769,1776221521000
1776221523.263,123.263,0.94,15.0,0.93,15.0,0.98,25.0,0.99,165.0,0.02,25.0,0.01,165.0,0.06,15.0,0.07,15.0,0.04,0.04,44.168122,1776221522000
1776221524.942,124.942,0.94,15.0,0.93,15.0,0.98,25.0,0.99,165.0,0.02,25.0,0.01,165.0,0.06,15.0,0.07,15.0,0.04,0.04,44.165561,1776221523000
1776221525.66,125.66,0.94,15.0,0.93,15.0,0.98,25.0,0.99,165.0,0.02,25.0,0.01,165.0,0.06,15.0,0.07,15.0,0.04,0.04,44.167287,1776221524000
1776221526.327,126.327,0.94,15.0,0.93,15.0,0.98,25.0,0.99,165.0,0.02,25.0,0.01,165.0,0.06,15.0,0.07,15.0,0.04,0.04,44.167287,1776221525000
1776221526.973,126.973,0.94,15.0,0.93,15.0,0.98,25.0,0.99,165.0,0.02,25.0,0.01,165.0,0.06,15.0,0.07,15.0,0.04,0.04,44.166767,1776221526000
1776221528.577,128.577,0.94,15.0,0.93,15.0,0.98,25.0,0.99,165.0,0.02,25.0,0.01,165.0,0.06,15.0,0.07,15.0,0.04,0.04,44.166369,1776221527000
1776221529.119,129.119,0.94,15.0,0.93,15.0,0.98,25.0,0.99,165.0,0.02,25.0,0.01,165.0,0.06,15.0,0.07,15.0,0.04,0.04,44.165507,1776221528000
1776221530.415,130.415,0.94,15.0,0.93,15.0,0.98,25.0,0.99,165.0,0.02,25.0,0.01,165.0,0.06,15.0,0.07,15.0,0.04,0.04,44.164312,1776221529000
1776221531.084,131.084,0.94,15.0,0.93,15.0,0.98,25.0,0.99,165.0,0.02,25.0,0.01,165.0,0.06,15.0,0.07,15.0,0.04,0.04,44.164054,1776221530000
1776221532.316,132.316,0.94,15.0,0.93,15.0,0.98,25.0,0.99,165.0,0.02,25.0,0.01,165.0,0.06,15.0,0.07,15.0,0.04,0.04,44.165452,1776221531000
1776221533.053,133.053,0.94,15.0,0.93,15.0,0.98,25.0,0.99,165.0,0.02,25.0,0.01,165.0,0.06,15.0,0.07,15.0,0.04,0.04,44.159397,1776221532000
1776221534.452,134.452,0.94,15.0,0.93,15.0,0.98,25.0,0.99,165.0,0.02,25.0,0.01,165.0,0.06,15.0,0.07,15.0,0.04,0.04,44.157937,1776221533000
1776221535.034,135.034,0.94,15.0,0.93,15.0,0.98,25.0,0.99,165.0,0.02,25.0,0.01,165.0,0.06,15.0,0.07,15.0,0.04,0.04,44.158946,1776221534000
1776221536.389,136.389,0.94,15.0,0.93,15.0,0.98,25.0,0.99,165.0,0.02,25.0,0.01,165.0,0.06,15.0,0.07,15.0,0.04,0.04,44.158814,1776221535000
1776221536.996,136.996,0.94,15.0,0.93,15.0,0.98,25.0,0.99,165.0,0.02,25.0,0.01,165.0,0.06,15.0,0.07,15.0,0.04,0.04,44.158251,1776221536000
1776221537.819,137.819,0.96,15.0,0.95,15.0,0.97,98.96,0.98,10.0,0.02,25.0,0.01,165.0,0.06,15.0,0.07,15.0,0.01,0.04,44.158251,1776221536000
1776221538.308,138.308,0.96,15.0,0.95,15.0,0.97,98.96,0.98,10.0,0.03,98.96,0.02,10.0,0.04,15.0,0.05,15.0,0.01,0.01,44.157942,1776221537000
1776221539.604,139.604,0.96,15.0,0.95,15.0,0.97,98.96,0.98,10.0,0.03,98.96,0.02,10.0,0.04,15.0,0.05,15.0,0.01,0.01,44.157602,1776221538000
1776221540.209,140.209,0.96,15.0,0.95,15.0,0.97,98.96,0.98,10.0,0.03,98.96,0.02,10.0,0.04,15.0,0.05,15.0,0.01,0.01,44.157602,1776221539000
1776221542.975,142.975,0.96,15.0,0.95,15.0,0.97,98.96,0.98,10.0,0.03,98.96,0.02,10.0,0.04,15.0,0.05,15.0,0.01,0.01,44.159085,1776221542000
1776221544.816,144.816,0.96,15.0,0.95,15.0,0.97,98.96,0.98,10.0,0.03,98.96,0.02,10.0,0.04,15.0,0.05,15.0,0.01,0.01,44.159829,1776221543000
1776221545.642,145.642,0.96,15.0,0.95,15.0,0.97,98.96,0.98,10.0,0.03,98.96,0.02,10.0,0.04,15.0,0.05,15.0,0.01,0.01,44.160649,1776221544000
1776221546.132,146.132,0.96,15.0,0.95,15.0,0.97,98.96,0.98,10.0,0.03,98.96,0.02,10.0,0.04,15.0,0.05,15.0,0.01,0.01,44.161793,1776221545000
1776221547.28,147.28,0.96,15.0,0.95,15.0,0.97,98.96,0.98,10.0,0.03,98.96,0.02,10.0,0.04,15.0,0.05,15.0,0.01,0.01,44.161836,1776221546000
1776221548.497,148.497,0.96,15.0,0.95,15.0,0.97,98.96,0.98,10.0,0.03,98.96,0.02,10.0,0.04,15.0,0.05,15.0,0.01,0.01,44.164894,1776221547000
1776221549.155,149.155,0.96,15.0,0.95,15.0,0.97,98.96,0.98,10.0,0.03,98.96,0.02,10.0,0.04,15.0,0.05,15.0,0.01,0.01,44.164894,1776221548000
1776221549.432,149.432,0.96,15.0,0.95,15.0,0.97,77.16,0.98,10.0,0.03,98.96,0.02,10.0,0.04,15.0,0.05,15.0,0.01,0.01,44.164894,1776221548000
1776221550.228,150.228,0.96,15.0,0.95,15.0,0.97,77.16,0.98,10.0,0.03,77.16,0.02,10.0,0.04,15.0,0.05,15.0,0.01,0.01,44.164946,1776221549000
1776221551.436,151.436,0.96,15.0,0.95,15.0,0.97,77.16,0.98,10.0,0.03,77.16,0.02,10.0,0.04,15.0,0.05,15.0,0.01,0.01,44.165888,1776221550000
1776221552.034,152.034,0.96,15.0,0.95,15.0,0.97,77.16,0.98,10.0,0.03,77.16,0.02,10.0,0.04,15.0,0.05,15.0,0.01,0.01,44.165888,1776221551000
1776221553.103,153.103,0.96,15.0,0.95,15.0,0.97,71.9,0.98,10.0,0.03,71.9,0.02,10.0,0.04,15.0,0.05,15.0,0.01,0.01,44.165888,1776221552000
1776221554.604,154.604,0.96,15.0,0.95,15.0,0.97,71.9,0.98,10.0,0.03,71.9,0.02,10.0,0.04,15.0,0.05,15.0,0.01,0.01,44.165799,1776221553000
1776221555.204,155.204,0.96,15.0,0.95,15.0,0.97,47.9,0.98,10.0,0.03,71.9,0.02,10.0,0.04,15.0,0.05,15.0,0.01,0.01,44.165799,1776221553000
1776221555.652,155.652,0.96,15.0,0.95,15.0,0.97,47.9,0.98,10.0,0.03,47.9,0.02,10.0,0.04,15.0,0.05,15.0,0.01,0.01,44.165429,1776221554000
1776221556.239,156.239,0.96,15.0,0.95,15.0,0.97,47.9,0.98,10.0,0.03,47.9,0.02,10.0,0.04,15.0,0.05,15.0,0.01,0.01,44.16516,1776221555000
1776221557.452,157.452,0.96,15.0,0.95,15.0,0.97,15.86,0.98,10.0,0.03,15.86,0.02,10.0,0.04,15.0,0.05,15.0,0.01,0.01,44.163781,1776221556000
1776221558.293,158.293,0.96,15.0,0.95,15.0,0.97,15.86,0.98,10.0,0.03,15.86,0.02,10.0,0.04,15.0,0.05,15.0,0.01,0.01,44.161011,1776221557000
1776221559.157,159.157,0.96,15.0,0.95,15.0,0.97,15.86,0.98,10.0,0.03,15.86,0.02,10.0,0.04,15.0,0.05,15.0,0.01,0.01,44.161011,1776221558000
1776221560.135,160.135,0.96,15.0,0.95,15.0,0.97,15.86,0.98,10.0,0.03,15.86,0.02,10.0,0.04,15.0,0.05,15.0,0.01,0.01,44.160743,1776221559000
1776221561.218,161.218,0.96,15.0,0.95,15.0,0.97,15.86,0.98,10.0,0.03,15.86,0.02,10.0,0.04,15.0,0.05,15.0,0.01,0.01,44.160743,1776221560000
1776221562.366,162.366,0.96,15.0,0.95,15.0,0.97,15.86,0.98,10.0,0.03,15.86,0.02,10.0,0.04,15.0,0.05,15.0,0.01,0.01,44.16061,1776221561000
1776221563.294,163.294,0.96,15.0,0.95,15.0,0.97,15.86,0.98,10.0,0.03,15.86,0.02,10.0,0.04,15.0,0.05,15.0,0.01,0.01,44.160807,1776221562000
1776221564.309,164.309,0.96,15.0,0.95,15.0,0.97,15.86,0.98,10.0,0.03,15.86,0.02,10.0,0.04,15.0,0.05,15.0,0.01,0.01,44.161662,1776221563000
1776221565.387,165.387,0.96,15.0,0.95,15.0,0.97,15.86,0.98,10.0,0.03,15.86,0.02,10.0,0.04,15.0,0.05,15.0,0.01,0.01,44.160552,1776221564000
1776221565.854,165.854,0.96,15.0,0.95,15.0,0.97,15.86,0.98,10.0,0.03,15.86,0.02,10.0,0.04,15.0,0.05,15.0,0.01,0.01,44.160552,1776221565000
1776221566.927,166.927,0.96,15.0,0.95,15.0,0.97,15.86,0.98,10.0,0.03,15.86,0.02,10.0,0.04,15.0,0.05,15.0,0.01,0.01,44.157464,1776221566000
1776221567.933,167.933,0.96,15.0,0.95,15.0,0.97,15.86,0.98,10.0,0.03,15.86,0.02,10.0,0.04,15.0,0.05,15.0,0.01,0.01,44.157773,1776221567000
1776221568.872,168.872,0.96,15.0,0.95,15.0,0.97,15.86,0.98,10.0,0.03,15.86,0.02,10.0,0.04,15.0,0.05,15.0,0.01,0.01,44.158829,1776221568000
1776221569.807,169.807,0.96,15.0,0.95,15.0,0.97,15.86,0.98,10.0,0.03,15.86,0.02,10.0,0.04,15.0,0.05,15.0,0.01,0.01,44.159705,1776221569000
1776221571.454,171.454,0.96,15.0,0.95,15.0,0.97,10.09,0.98,10.0,0.03,10.09,0.02,10.0,0.04,15.0,0.05,15.0,0.01,0.01,44.159744,1776221570000
1776221572.323,172.323,0.96,15.0,0.95,15.0,0.97,10.09,0.98,10.0,0.03,10.09,0.02,10.0,0.04,15.0,0.05,15.0,0.01,0.01,44.159647,1776221571000
1776221573.193,173.193,0.96,15.0,0.95,15.0,0.97,10.09,0.98,10.0,0.03,10.09,0.02,10.0,0.04,15.0,0.05,15.0,0.01,0.01,44.158333,1776221572000
1776221574.27,174.27,0.96,15.0,0.95,15.0,0.97,10.09,0.98,10.0,0.03,10.09,0.02,10.0,0.04,15.0,0.05,15.0,0.01,0.01,44.157703,1776221573000
1776221575.403,175.403,0.96,15.0,0.95,15.0,0.97,10.09,0.98,10.0,0.03,10.09,0.02,10.0,0.04,15.0,0.05,15.0,0.01,0.01,44.158454,1776221574000
1776221575.962,175.962,0.96,15.0,0.95,15.0,0.98,10.0,0.99,172.93,0.02,10.0,0.01,172.93,0.04,15.0,0.05,15.0,0.02,0.02,44.158454,1776221575000
1776221577.109,177.109,0.96,15.0,0.95,15.0,0.98,10.0,0.99,172.93,0.02,10.0,0.01,172.93,0.04,15.0,0.05,15.0,0.02,0.02,44.156427,1776221576000
1776221578.02,178.02,0.96,15.0,0.95,15.0,0.98,10.0,0.99,172.93,0.02,10.0,0.01,172.93,0.04,15.0,0.05,15.0,0.02,0.02,44.155296,1776221577000
1776221579.223,179.223,0.96,15.0,0.95,15.0,0.98,10.0,0.99,172.93,0.02,10.0,0.01,172.93,0.04,15.0,0.05,15.0,0.02,0.02,44.155345,1776221578000
1776221580.28,180.28,0.96,15.0,0.95,15.0,0.98,10.0,0.99,172.93,0.02,10.0,0.01,172.93,0.04,15.0,0.05,15.0,0.02,0.02,44.158601,1776221579000
1776221580.625,180.625,0.97,15.0,0.96,15.0,0.99,152.93,,,0.02,10.0,0.01,172.93,0.04,15.0,0.05,15.0,0.02,0.02,44.158601,1776221579000
1776221580.924,180.924,0.98,15.0,0.97,15.0,0.99,123.42,,,0.01,152.93,,,0.03,15.0,0.04,15.0,0.01,0.02,44.158601,1776221579000
1776221581.349,181.349,0.98,15.0,0.97,15.0,0.99,113.32,,,0.01,113.32,,,0.02,15.0,0.03,15.0,0.01,0.01,44.158481,1776221580000
1776221581.897,181.897,0.98,15.0,0.97,15.0,0.99,113.32,,,0.01,113.32,,,0.02,15.0,0.03,15.0,0.01,0.01,44.158481,1776221581000
1776221582.991,182.991,0.98,15.0,0.97,15.0,0.99,113.32,,,0.01,113.32,,,0.02,15.0,0.03,15.0,0.01,0.01,44.15879,1776221582000
1776221584.131,184.131,0.98,15.0,0.97,15.0,0.99,113.32,,,0.01,113.32,,,0.02,15.0,0.03,15.0,0.01,0.01,44.161455,1776221583000
1776221585.215,185.215,0.98,15.0,0.97,15.0,0.99,113.32,,,0.01,113.32,,,0.02,15.0,0.03,15.0,0.01,0.01,44.164669,1776221584000
1776221586.367,186.367,0.98,15.0,0.97,15.0,0.99,113.32,,,0.01,113.32,,,0.02,15.0,0.03,15.0,0.01,0.01,44.165498,1776221585000
1776221587.615,187.615,0.98,15.0,0.97,15.0,0.99,113.32,,,0.01,113.32,,,0.02,15.0,0.03,15.0,0.01,0.01,44.165712,1776221586000
1776221588.329,188.329,0.98,15.0,0.97,15.0,0.99,113.32,,,0.01,113.32,,,0.02,15.0,0.03,15.0,0.01,0.01,44.165712,1776221587000
1776221589.644,189.644,0.98,15.0,0.97,15.0,0.99,113.32,,,0.01,113.32,,,0.02,15.0,0.03,15.0,0.01,0.01,44.167567,1776221588000
1776221590.201,190.201,0.98,15.0,0.97,15.0,0.99,113.32,,,0.01,113.32,,,0.02,15.0,0.03,15.0,0.01,0.01,44.167567,1776221589000
1776221591.564,191.564,0.98,15.0,0.97,15.0,0.99,113.32,,,0.01,113.32,,,0.02,15.0,0.03,15.0,0.01,0.01,44.16734,1776221590000
1776221592.12,192.12,0.98,15.0,0.97,15.0,0.99,113.32,,,0.01,113.32,,,0.02,15.0,0.03,15.0,0.01,0.01,44.167341,1776221591000
1776221593.416,193.416,0.98,15.0,0.97,15.0,0.99,113.32,,,0.01,113.32,,,0.02,15.0,0.03,15.0,0.01,0.01,44.167341,1776221592000
1776221594.035,194.035,0.98,15.0,0.97,15.0,0.99,113.32,,,0.01,113.32,,,0.02,15.0,0.03,15.0,0.01,0.01,44.170297,1776221593000
1776221595.348,195.348,0.98,15.0,0.97,15.0,0.99,113.32,,,0.01,113.32,,,0.02,15.0,0.03,15.0,0.01,0.01,44.171209,1776221594000
1776221596.616,196.616,0.98,15.0,0.97,15.0,0.99,113.32,,,0.01,113.32,,,0.02,15.0,0.03,15.0,0.01,0.01,44.171356,1776221595000
1776221597.094,197.094,0.98,15.0,0.97,15.0,0.99,113.32,,,0.01,113.32,,,0.02,15.0,0.03,15.0,0.01,0.01,44.172318,1776221596000
1776221598.458,198.458,0.98,15.0,0.97,15.0,0.99,113.32,,,0.01,113.32,,,0.02,15.0,0.03,15.0,0.01,0.01,44.171927,1776221597000
1776221599.088,199.088,0.98,15.0,0.97,15.0,0.99,113.32,,,0.01,113.32,,,0.02,15.0,0.03,15.0,0.01,0.01,44.175444,1776221598000
1776221600.521,200.521,0.98,15.0,0.97,15.0,0.99,113.32,,,0.01,113.32,,,0.02,15.0,0.03,15.0,0.01,0.01,44.184866,1776221599000
1776221601.174,201.174,0.98,15.0,0.97,15.0,0.99,113.32,,,0.01,113.32,,,0.02,15.0,0.03,15.0,0.01,0.01,44.188987,1776221600000
1776221602.451,202.451,0.98,20.0,0.97,32.52,0.99,83.32,0.999,100.0,0.01,83.32,0.001,100.0,0.02,20.0,0.03,32.52,0.01,0.01,44.19324,1776221601000
1776221602.947,202.947,0.98,20.0,0.97,32.52,0.99,63.32,0.999,100.0,0.01,83.32,0.001,100.0,0.02,20.0,0.03,32.52,0.01,0.01,44.19324,1776221601000
1776221604.32,204.32,0.98,20.0,0.97,32.52,0.99,63.32,0.999,100.0,0.01,63.32,0.001,100.0,0.02,20.0,0.03,32.52,0.01,0.01,44.19341,1776221603000
1776221606.333,206.333,0.98,20.0,0.97,32.52,0.99,53.32,0.999,350.0,0.01,53.32,0.001,350.0,0.02,20.0,0.03,32.52,0.01,0.01,44.193647,1776221605000
1776221606.985,206.985,0.98,20.0,0.97,32.52,0.99,53.32,0.999,350.0,0.01,53.32,0.001,350.0,0.02,20.0,0.03,32.52,0.01,0.01,44.198523,1776221606000
1776221607.209,207.209,0.98,20.0,0.97,32.52,0.99,43.32,0.998,50.0,0.01,53.32,0.001,350.0,0.02,20.0,0.03,32.52,0.01,0.01,44.198523,1776221606000
1776221608.645,208.645,0.98,20.0,0.97,32.52,0.99,43.32,0.998,50.0,0.01,43.32,0.002,50.0,0.02,20.0,0.03,32.52,0.01,0.01,44.200963,1776221607000
1776221609.29,209.29,0.98,20.0,0.97,32.52,0.99,43.32,0.998,50.0,0.01,43.32,0.002,50.0,0.02,20.0,0.03,32.52,0.01,0.01,44.202121,1776221608000
1776221610.049,210.049,0.98,20.0,0.97,32.52,0.99,43.32,0.998,50.0,0.01,43.32,0.002,50.0,0.02,20.0,0.03,32.52,0.01,0.01,44.203454,1776221609000
1776221611.131,211.131,0.98,20.0,0.97,32.52,0.99,33.32,0.998,50.0,0.01,43.32,0.002,50.0,0.02,20.0,0.03,32.52,0.01,0.01,44.203454,1776221609000
1776221611.396,211.396,0.98,20.0,0.97,32.52,0.99,33.32,0.998,50.0,0.01,33.32,0.002,50.0,0.02,20.0,0.03,32.52,0.01,0.01,44.20885,1776221610000
1776221612.085,212.085,0.98,20.0,0.97,32.52,0.99,33.32,0.998,50.0,0.01,33.32,0.002,50.0,0.02,20.0,0.03,32.52,0.01,0.01,44.212546,1776221611000
1776221612.639,212.639,0.98,20.0,0.97,32.52,0.99,12.29,0.998,50.0,0.01,33.32,0.002,50.0,0.02,20.0,0.03,32.52,0.01,0.01,44.212546,1776221611000
1776221613.479,213.479,0.98,20.0,0.97,32.52,0.99,12.29,0.998,50.0,0.01,12.29,0.002,50.0,0.02,20.0,0.03,32.52,0.01,0.01,44.214728,1776221612000
1776221614.273,214.273,0.98,20.0,0.97,32.52,0.99,12.29,0.998,50.0,0.01,12.29,0.002,50.0,0.02,20.0,0.03,32.52,0.01,0.01,44.21535,1776221613000
1776221615.727,215.727,0.98,20.0,0.97,32.52,0.99,7.29,0.998,50.0,0.01,12.29,0.002,50.0,0.02,20.0,0.03,32.52,0.01,0.01,44.21535,1776221613000
1776221616.621,216.621,0.98,20.0,0.97,32.52,0.99,7.29,0.998,50.0,0.01,7.29,0.002,50.0,0.02,20.0,0.03,32.52,0.01,0.01,44.213516,1776221615000
1776221617.303,217.303,0.98,20.0,0.97,32.52,0.99,7.29,0.998,50.0,0.01,7.29,0.002,50.0,0.02,20.0,0.03,32.52,0.01,0.01,44.213151,1776221616000
1776221618.67,218.67,0.98,20.0,0.97,32.52,0.99,7.29,0.998,50.0,0.01,7.29,0.002,50.0,0.02,20.0,0.03,32.52,0.01,0.01,44.214248,1776221617000
1776221618.98,218.98,0.98,20.0,0.97,32.52,0.99,0.22,0.998,50.0,0.01,7.29,0.002,50.0,0.02,20.0,0.03,32.52,0.01,0.01,44.214248,1776221617000
1776221619.293,219.293,0.98,20.0,0.97,32.52,0.998,43.21,0.999,250.0,0.002,43.21,0.001,250.0,0.02,20.0,0.03,32.52,0.018,0.018,44.21528,1776221618000
1776221620.012,220.012,0.98,20.0,0.97,32.52,0.998,43.21,0.999,250.0,0.002,43.21,0.001,250.0,0.02,20.0,0.03,32.52,0.018,0.018,44.222605,1776221619000
1776221621.615,221.615,0.98,20.0,0.97,32.52,0.998,43.21,0.999,250.0,0.002,43.21,0.001,250.0,0.02,20.0,0.03,32.52,0.018,0.018,44.222718,1776221620000
1776221622.316,222.316,0.98,20.0,0.97,32.52,0.998,43.21,0.999,250.0,0.002,43.21,0.001,250.0,0.02,20.0,0.03,32.52,0.018,0.018,44.222631,1776221621000
1776221623.354,223.354,0.98,20.0,0.97,32.52,0.998,43.21,0.999,250.0,0.002,43.21,0.001,250.0,0.02,20.0,0.03,32.52,0.018,0.018,44.222631,1776221622000
1776221624.338,224.338,0.98,20.0,0.97,32.52,0.998,43.21,0.999,250.0,0.002,43.21,0.001,250.0,0.02,20.0,0.03,32.52,0.018,0.018,44.222583,1776221623000
1776221625.323,225.323,0.98,20.0,0.97,32.52,0.998,43.21,0.999,250.0,0.002,43.21,0.001,250.0,0.02,20.0,0.03,32.52,0.018,0.018,44.223822,1776221624000
1776221626.319,226.319,0.98,20.0,0.97,32.52,0.998,43.21,0.999,250.0,0.002,43.21,0.001,250.0,0.02,20.0,0.03,32.52,0.018,0.018,44.224306,1776221625000
1776221627.003,227.003,0.98,20.0,0.97,32.52,0.998,43.21,0.999,250.0,0.002,43.21,0.001,250.0,0.02,20.0,0.03,32.52,0.018,0.018,44.224306,1776221626000
1776221627.92,227.92,0.98,20.0,0.97,32.52,0.998,43.21,0.999,250.0,0.002,43.21,0.001,250.0,0.02,20.0,0.03,32.52,0.018,0.018,44.22128,1776221627000
1776221628.933,228.933,0.98,20.0,0.97,32.52,0.998,43.21,0.999,250.0,0.002,43.21,0.001,250.0,0.02,20.0,0.03,32.52,0.018,0.018,44.225006,1776221628000
1776221630.141,230.141,0.98,20.0,0.97,32.52,0.998,43.21,0.999,250.0,0.002,43.21,0.001,250.0,0.02,20.0,0.03,32.52,0.018,0.018,44.225514,1776221629000
1776221631.158,231.158,0.98,20.0,0.97,32.52,0.998,43.21,0.999,250.0,0.002,43.21,0.001,250.0,0.02,20.0,0.03,32.52,0.018,0.018,44.225322,1776221630000
1776221632.288,232.288,0.98,20.0,0.97,32.52,0.998,43.21,0.999,250.0,0.002,43.21,0.001,250.0,0.02,20.0,0.03,32.52,0.018,0.018,44.22448,1776221631000
1776221633.276,233.276,0.98,20.0,0.97,32.52,0.998,43.21,0.999,250.0,0.002,43.21,0.001,250.0,0.02,20.0,0.03,32.52,0.018,0.018,44.223628,1776221632000
1776221634.349,234.349,0.98,20.0,0.97,32.52,0.998,43.21,0.999,250.0,0.002,43.21,0.001,250.0,0.02,20.0,0.03,32.52,0.018,0.018,44.223625,1776221633000
1776221634.914,234.914,0.98,20.0,0.97,32.52,0.998,43.21,0.999,250.0,0.002,43.21,0.001,250.0,0.02,20.0,0.03,32.52,0.018,0.018,44.223625,1776221634000
1776221635.938,235.938,0.991,6.78,0.99,1020.0,0.998,10.15,0.999,250.0,0.002,10.15,0.001,250.0,0.009,6.78,0.01,1020.0,0.007,0.007,44.225716,1776221635000
1776221637.007,237.007,0.991,6.78,0.99,1020.0,0.998,10.15,0.999,250.0,0.002,10.15,0.001,250.0,0.009,6.78,0.01,1020.0,0.007,0.007,44.226245,1776221636000
1776221638.11,238.11,0.991,6.78,0.99,1020.0,0.998,10.15,0.999,250.0,0.002,10.15,0.001,250.0,0.009,6.78,0.01,1020.0,0.007,0.007,44.226702,1776221637000
1776221639.268,239.268,0.991,6.78,0.99,1020.0,0.998,10.15,0.999,250.0,0.002,10.15,0.001,250.0,0.009,6.78,0.01,1020.0,0.007,0.007,44.2258,1776221638000
1776221640.161,240.161,0.991,6.78,0.99,1020.0,0.998,10.15,0.999,250.0,0.002,10.15,0.001,250.0,0.009,6.78,0.01,1020.0,0.007,0.007,44.227678,1776221639000
1776221641.197,241.197,0.991,6.78,0.99,1020.0,0.998,10.15,0.999,250.0,0.002,10.15,0.001,250.0,0.009,6.78,0.01,1020.0,0.007,0.007,44.236288,1776221640000
1776221642.304,242.304,0.991,6.78,0.99,1020.0,0.998,10.15,0.999,250.0,0.002,10.15,0.001,250.0,0.009,6.78,0.01,1020.0,0.007,0.007,44.235763,1776221641000
1776221643.418,243.418,0.991,6.78,0.99,1020.0,0.998,10.15,0.999,250.0,0.002,10.15,0.001,250.0,0.009,6.78,0.01,1020.0,0.007,0.007,44.236797,1776221642000
1776221643.876,243.876,0.991,6.78,0.99,1020.0,0.998,10.15,0.999,250.0,0.002,10.15,0.001,250.0,0.009,6.78,0.01,1020.0,0.007,0.007,44.2383,1776221643000
1776221644.917,244.917,0.991,6.78,0.99,1020.0,0.998,10.15,0.999,250.0,0.002,10.15,0.001,250.0,0.009,6.78,0.01,1020.0,0.007,0.007,44.237878,1776221644000
1776221646.06,246.06,0.991,6.78,0.99,1020.0,0.998,10.15,0.999,250.0,0.002,10.15,0.001,250.0,0.009,6.78,0.01,1020.0,0.007,0.007,44.237694,1776221645000
1776221647.183,247.183,0.991,6.78,0.99,1020.0,0.998,10.15,0.999,250.0,0.002,10.15,0.001,250.0,0.009,6.78,0.01,1020.0,0.007,0.007,44.237693,1776221646000
1776221648.216,248.216,0.991,6.78,0.99,1020.0,0.998,10.15,0.999,250.0,0.002,10.15,0.001,250.0,0.009,6.78,0.01,1020.0,0.007,0.007,44.237908,1776221647000
1776221649.334,249.334,0.991,6.78,0.99,1020.0,0.998,10.15,0.999,250.0,0.002,10.15,0.001,250.0,0.009,6.78,0.01,1020.0,0.007,0.007,44.237113,1776221648000
1776221650.883,250.883,0.991,6.78,0.99,1020.0,0.998,10.15,0.999,250.0,0.002,10.15,0.001,250.0,0.009,6.78,0.01,1020.0,0.007,0.007,44.23718,1776221649000
1776221651.577,251.577,0.991,6.78,0.99,1020.0,0.998,10.15,0.999,250.0,0.002,10.15,0.001,250.0,0.009,6.78,0.01,1020.0,0.007,0.007,44.237528,1776221650000
1776221652.119,252.119,0.991,6.78,0.99,1020.0,0.998,10.15,0.999,250.0,0.002,10.15,0.001,250.0,0.009,6.78,0.01,1020.0,0.007,0.007,44.242867,1776221651000
1776221653.086,253.086,0.991,6.78,0.99,1020.0,0.998,10.15,0.999,250.0,0.002,10.15,0.001,250.0,0.009,6.78,0.01,1020.0,0.007,0.007,44.248373,1776221652000
1776221654.47,254.47,0.991,6.78,0.99,1020.0,0.998,10.15,0.999,250.0,0.002,10.15,0.001,250.0,0.009,6.78,0.01,1020.0,0.007,0.007,44.252947,1776221653000
1776221654.941,254.941,0.991,6.78,0.99,1020.0,0.998,10.15,0.999,250.0,0.002,10.15,0.001,250.0,0.009,6.78,0.01,1020.0,0.007,0.007,44.253279,1776221654000
1776221656.011,256.011,0.991,6.78,0.99,1020.0,0.998,10.15,0.999,250.0,0.002,10.15,0.001,250.0,0.009,6.78,0.01,1020.0,0.007,0.007,44.256988,1776221655000
1776221657.123,257.123,0.991,6.78,0.99,1020.0,0.998,10.15,0.999,250.0,0.002,10.15,0.001,250.0,0.009,6.78,0.01,1020.0,0.007,0.007,44.256988,1776221656000
1776221658.215,258.215,0.991,6.78,0.99,1020.0,0.998,10.15,0.999,250.0,0.002,10.15,0.001,250.0,0.009,6.78,0.01,1020.0,0.007,0.007,44.254775,1776221657000
1776221659.247,259.247,0.991,6.78,0.99,1020.0,0.998,10.15,0.999,250.0,0.002,10.15,0.001,250.0,0.009,6.78,0.01,1020.0,0.007,0.007,44.254751,1776221658000
1776221660.311,260.311,0.991,6.78,0.99,1020.0,0.998,10.15,0.999,250.0,0.002,10.15,0.001,250.0,0.009,6.78,0.01,1020.0,0.007,0.007,44.253729,1776221659000
1776221661.325,261.325,0.991,6.78,0.99,1020.0,0.998,10.15,0.999,250.0,0.002,10.15,0.001,250.0,0.009,6.78,0.01,1020.0,0.007,0.007,44.253983,1776221660000
1776221663.023,263.023,0.991,6.78,0.99,1020.0,0.998,10.15,0.999,250.0,0.002,10.15,0.001,250.0,0.009,6.78,0.01,1020.0,0.007,0.007,44.253626,1776221662000
1776221664.011,264.011,0.991,39.84,0.99,1035.05,0.999,250.0,,,0.001,250.0,,,0.009,39.84,0.01,1035.05,0.008,0.008,44.254225,1776221663000
1776221665.1,265.1,0.991,39.84,0.99,1035.05,0.999,250.0,,,0.001,250.0,,,0.009,39.84,0.01,1035.05,0.008,0.008,44.254251,1776221664000
1776221666.293,266.293,0.991,39.84,0.99,1035.05,0.999,250.0,,,0.001,250.0,,,0.009,39.84,0.01,1035.05,0.008,0.008,44.243446,1776221665000
1776221666.854,266.854,0.991,39.84,0.99,1035.05,0.999,250.0,,,0.001,250.0,,,0.009,39.84,0.01,1035.05,0.008,0.008,44.24284,1776221666000
1776221668.068,268.068,0.991,39.84,0.99,1035.05,0.999,250.0,,,0.001,250.0,,,0.009,39.84,0.01,1035.05,0.008,0.008,44.240126,1776221667000
1776221669.359,269.359,0.991,39.84,0.99,1035.05,0.999,250.0,,,0.001,250.0,,,0.009,39.84,0.01,1035.05,0.008,0.008,44.237338,1776221668000
1776221670.156,270.156,0.991,39.84,0.99,1035.05,0.999,250.0,,,0.001,250.0,,,0.009,39.84,0.01,1035.05,0.008,0.008,44.237338,1776221669000
1776221671.262,271.262,0.991,39.84,0.99,1035.05,0.999,250.0,,,0.001,250.0,,,0.009,39.84,0.01,1035.05,0.008,0.008,44.237488,1776221670000
1776221672.365,272.365,0.991,39.84,0.99,1035.05,0.999,250.0,,,0.001,250.0,,,0.009,39.84,0.01,1035.05,0.008,0.008,44.236818,1776221671000
1776221672.933,272.933,0.991,39.84,0.99,1035.05,0.999,250.0,,,0.001,250.0,,,0.009,39.84,0.01,1035.05,0.008,0.008,44.236818,1776221672000
1776221674.128,274.128,0.991,39.84,0.99,1035.05,0.999,250.0,,,0.001,250.0,,,0.009,39.84,0.01,1035.05,0.008,0.008,44.236208,1776221673000
1776221675.402,275.402,0.991,39.84,0.99,1035.05,0.999,250.0,,,0.001,250.0,,,0.009,39.84,0.01,1035.05,0.008,0.008,44.236208,1776221674000
1776221676.428,276.428,0.991,39.84,0.99,1035.05,0.999,250.0,,,0.001,250.0,,,0.009,39.84,0.01,1035.05,0.008,0.008,44.237528,1776221675000
1776221677.157,277.157,0.991,39.84,0.99,1035.05,0.999,250.0,,,0.001,250.0,,,0.009,39.84,0.01,1035.05,0.008,0.008,44.237528,1776221676000
1776221678.431,278.431,0.991,39.84,0.99,1035.05,0.999,250.0,,,0.001,250.0,,,0.009,39.84,0.01,1035.05,0.008,0.008,44.238874,1776221677000
1776221678.982,278.982,0.991,39.84,0.99,1035.05,0.999,250.0,,,0.001,250.0,,,0.009,39.84,0.01,1035.05,0.008,0.008,44.238874,1776221678000
1776221680.737,280.737,0.991,39.84,0.99,1035.05,0.999,250.0,,,0.001,250.0,,,0.009,39.84,0.01,1035.05,0.008,0.008,44.237704,1776221679000
1776221681.259,281.259,0.991,39.84,0.99,1035.05,0.999,250.0,,,0.001,250.0,,,0.009,39.84,0.01,1035.05,0.008,0.008,44.237615,1776221680000
1776221682.596,282.596,0.991,39.84,0.99,1035.05,0.999,250.0,,,0.001,250.0,,,0.009,39.84,0.01,1035.05,0.008,0.008,44.237116,1776221681000
1776221683.431,283.431,0.991,39.84,0.99,1035.05,0.999,250.0,,,0.001,250.0,,,0.009,39.84,0.01,1035.05,0.008,0.008,44.237034,1776221682000
1776221684.091,284.091,0.991,39.84,0.99,1035.05,0.999,250.0,,,0.001,250.0,,,0.009,39.84,0.01,1035.05,0.008,0.008,44.237122,1776221683000
1776221685.392,285.392,0.991,39.84,0.99,1035.05,0.999,250.0,,,0.001,250.0,,,0.009,39.84,0.01,1035.05,0.008,0.008,44.236516,1776221684000
1776221686.475,286.475,0.991,39.84,0.99,1035.05,0.999,250.0,,,0.001,250.0,,,0.009,39.84,0.01,1035.05,0.008,0.008,44.234027,1776221685000
1776221687.193,287.193,0.991,39.84,0.99,1035.05,0.999,250.0,,,0.001,250.0,,,0.009,39.84,0.01,1035.05,0.008,0.008,44.234027,1776221686000
1776221688.57,288.57,0.991,39.84,0.99,1035.05,0.999,250.0,,,0.001,250.0,,,0.009,39.84,0.01,1035.05,0.008,0.008,44.234171,1776221687000
1776221689.327,289.327,0.991,39.84,0.99,1035.05,0.999,250.0,,,0.001,250.0,,,0.009,39.84,0.01,1035.05,0.008,0.008,44.234169,1776221688000
1776221690.548,290.548,0.991,39.84,0.99,1035.05,0.999,250.0,,,0.001,250.0,,,0.009,39.84,0.01,1035.05,0.008,0.008,44.234654,1776221689000
1776221691.092,291.092,0.991,39.84,0.99,1035.05,0.999,250.0,,,0.001,250.0,,,0.009,39.84,0.01,1035.05,0.008,0.008,44.234383,1776221690000
1776221692.432,292.432,0.991,39.84,0.99,1035.05,0.999,250.0,,,0.001,250.0,,,0.009,39.84,0.01,1035.05,0.008,0.008,44.227346,1776221691000
1776221693.125,293.125,0.991,39.84,0.99,1035.05,0.999,250.0,,,0.001,250.0,,,0.009,39.84,0.01,1035.05,0.008,0.008,44.22346,1776221692000
1776221694.345,294.345,0.991,39.84,0.99,1035.05,0.999,250.0,,,0.001,250.0,,,0.009,39.84,0.01,1035.05,0.008,0.008,44.221726,1776221693000
1776221695.066,295.066,0.991,39.84,0.99,1035.05,0.999,250.0,,,0.001,250.0,,,0.009,39.84,0.01,1035.05,0.008,0.008,44.220437,1776221694000
1776221696.346,296.346,0.991,39.84,0.99,1035.05,0.999,250.0,,,0.001,250.0,,,0.009,39.84,0.01,1035.05,0.008,0.008,44.220171,1776221695000
1776221697.434,297.434,0.991,39.84,0.99,1035.05,0.999,250.0,,,0.001,250.0,,,0.009,39.84,0.01,1035.05,0.008,0.008,44.219853,1776221696000
1776221698.127,298.127,0.991,39.84,0.99,1035.05,0.999,250.0,,,0.001,250.0,,,0.009,39.84,0.01,1035.05,0.008,0.008,44.219454,1776221697000
1776221699.195,299.195,0.991,39.84,0.99,1035.05,0.999,250.0,,,0.001,250.0,,,0.009,39.84,0.01,1035.05,0.008,0.008,44.219454,1776221698000
1776221700.441,300.441,0.991,39.84,0.99,1035.05,0.999,250.0,,,0.001,250.0,,,0.009,39.84,0.01,1035.05,0.008,0.008,44.219188,1776221699000
1776221701.099,301.099,0.991,39.84,0.99,1035.05,0.999,250.0,,,0.001,250.0,,,0.009,39.84,0.01,1035.05,0.008,0.008,44.218424,1776221700000
1776221701.998,301.998,0.991,39.84,0.99,1035.05,0.999,250.0,,,0.001,250.0,,,0.009,39.84,0.01,1035.05,0.008,0.008,44.218938,1776221701000

# RESULT,winner=Up,slug=hype-updown-5m-1776221400,ticks=310
