timestamp,elapsed_sec,up_bid_p1,up_bid_s1,up_bid_p2,up_bid_s2,up_ask_p1,up_ask_s1,up_ask_p2,up_ask_s2,down_bid_p1,down_bid_s1,down_bid_p2,down_bid_s2,down_ask_p1,down_ask_s1,down_ask_p2,down_ask_s2,up_spread,down_spread,hype_price,hype_oracle_ts
1776188701.369,1.369,,,,,,,,,,,,,,,,,,,43.288113,1776188700000
1776188701.698,1.698,0.47,8.1,0.46,8.28,0.52,7.76,0.53,7.96,0.48,7.76,0.47,7.96,0.53,8.1,0.54,8.28,0.05,0.05,43.288113,1776188700000
1776188701.921,1.921,0.47,8.1,0.46,8.28,0.52,7.76,0.53,7.96,0.48,7.76,0.47,7.96,0.53,8.1,0.54,8.28,0.05,0.05,43.288045,1776188701000
1776188702.126,2.126,0.47,8.1,0.46,8.28,0.52,7.76,0.53,7.96,0.48,7.76,0.47,7.96,0.53,8.1,0.54,8.28,0.05,0.05,43.288045,1776188701000
1776188703.116,3.116,0.47,8.1,0.46,8.28,0.52,7.76,0.53,7.96,0.48,7.76,0.47,7.96,0.53,8.1,0.54,8.28,0.05,0.05,43.285728,1776188702000
1776188704.342,4.342,0.47,8.1,0.46,8.28,0.52,7.76,0.53,7.96,0.48,7.76,0.47,7.96,0.53,8.1,0.54,8.28,0.05,0.05,43.283932,1776188703000
1776188705.478,5.478,0.47,8.1,0.46,8.28,0.52,7.76,0.53,7.96,0.48,7.76,0.47,7.96,0.53,8.1,0.54,8.28,0.05,0.05,43.280909,1776188704000
1776188706.043,6.043,0.47,8.1,0.46,8.28,0.52,7.76,0.53,7.96,0.48,7.76,0.47,7.96,0.53,8.1,0.54,8.28,0.05,0.05,43.278592,1776188705000
1776188707.248,7.248,0.47,8.1,0.46,8.28,0.52,7.76,0.53,7.96,0.48,7.76,0.47,7.96,0.53,8.1,0.54,8.28,0.05,0.05,43.278057,1776188706000
1776188708.31,8.31,0.47,8.1,0.46,8.28,0.52,7.76,0.53,7.96,0.48,7.76,0.47,7.96,0.53,8.1,0.54,8.28,0.05,0.05,43.277852,1776188707000
1776188709.446,9.446,0.47,8.1,0.46,8.28,0.52,7.76,0.53,7.96,0.48,7.76,0.47,7.96,0.53,8.1,0.54,8.28,0.05,0.05,43.277708,1776188708000
1776188710.113,10.113,0.47,8.1,0.46,8.28,0.52,7.76,0.53,7.96,0.48,7.76,0.47,7.96,0.53,8.1,0.54,8.28,0.05,0.05,43.277529,1776188709000
1776188711.119,11.119,0.47,8.1,0.46,8.28,0.52,7.76,0.53,7.96,0.48,7.76,0.47,7.96,0.53,8.1,0.54,8.28,0.05,0.05,43.277521,1776188710000
1776188712.335,12.335,0.47,8.1,0.46,8.28,0.52,7.76,0.53,7.96,0.48,7.76,0.47,7.96,0.53,8.1,0.54,8.28,0.05,0.05,43.277459,1776188711000
1776188712.876,12.876,0.47,29.1,0.46,8.28,0.52,2.04,0.53,7.96,0.48,7.76,0.47,7.96,0.53,8.1,0.54,8.28,0.05,0.05,43.277459,1776188711000
1776188714.013,14.013,0.47,29.1,0.46,8.28,0.56,5.0,0.6,12.0,0.44,5.0,0.4,12.0,0.53,29.1,0.54,8.28,0.09,0.09,43.277459,1776188712000
1776188714.586,14.586,0.47,29.1,0.46,8.28,0.56,5.0,0.6,12.0,0.44,5.0,0.4,12.0,0.53,29.1,0.54,8.28,0.09,0.09,43.283051,1776188713000
1776188715.175,15.175,0.47,29.1,0.46,8.28,0.56,5.0,0.6,12.0,0.44,5.0,0.4,12.0,0.53,29.1,0.54,8.28,0.09,0.09,43.288063,1776188714000
1776188716.422,16.422,0.47,29.1,0.46,8.28,0.56,5.0,0.6,12.0,0.44,5.0,0.4,12.0,0.53,29.1,0.54,8.28,0.09,0.09,43.293677,1776188715000
1776188717.007,17.007,0.47,29.1,0.46,8.28,0.56,5.0,0.6,12.0,0.44,5.0,0.4,12.0,0.53,29.1,0.54,8.28,0.09,0.09,43.292441,1776188716000
1776188718.086,18.086,0.47,29.1,0.46,8.28,0.56,5.0,0.6,12.0,0.44,5.0,0.4,12.0,0.53,29.1,0.54,8.28,0.09,0.09,43.290686,1776188717000
1776188719.259,19.259,0.47,29.1,0.46,8.28,0.56,5.0,0.6,12.0,0.44,5.0,0.4,12.0,0.53,29.1,0.54,8.28,0.09,0.09,43.291044,1776188718000
1776188720.359,20.359,0.47,29.1,0.46,8.28,0.56,5.0,0.6,12.0,0.44,5.0,0.4,12.0,0.53,29.1,0.54,8.28,0.09,0.09,43.291024,1776188719000
1776188721.361,21.361,0.47,29.1,0.46,8.28,0.56,5.0,0.6,12.0,0.44,5.0,0.4,12.0,0.53,29.1,0.54,8.28,0.09,0.09,43.287792,1776188720000
1776188721.922,21.922,0.47,29.1,0.46,8.28,0.56,5.0,0.6,12.0,0.44,5.0,0.4,12.0,0.53,29.1,0.54,8.28,0.09,0.09,43.287084,1776188721000
1776188722.901,22.901,0.47,29.1,0.46,8.28,0.56,5.0,0.6,12.0,0.44,5.0,0.4,12.0,0.53,29.1,0.54,8.28,0.09,0.09,43.286001,1776188722000
1776188723.853,23.853,0.47,29.1,0.46,8.28,0.56,5.0,0.6,12.0,0.44,5.0,0.4,12.0,0.53,29.1,0.54,8.28,0.09,0.09,43.285424,1776188723000
1776188725.077,25.077,0.47,29.1,0.46,8.28,0.56,5.0,0.6,12.0,0.44,5.0,0.4,12.0,0.53,29.1,0.54,8.28,0.09,0.09,43.28267,1776188724000
1776188726.161,26.161,0.47,29.1,0.46,8.28,0.56,5.0,0.6,12.0,0.44,5.0,0.4,12.0,0.53,29.1,0.54,8.28,0.09,0.09,43.28267,1776188725000
1776188727.196,27.196,0.47,29.1,0.46,8.28,0.56,5.0,0.6,12.0,0.44,5.0,0.4,12.0,0.53,29.1,0.54,8.28,0.09,0.09,43.282028,1776188726000
1776188728.465,28.465,0.47,29.1,0.46,8.28,0.56,5.0,0.6,12.0,0.44,5.0,0.4,12.0,0.53,29.1,0.54,8.28,0.09,0.09,43.282028,1776188727000
1776188729.352,29.352,0.47,29.1,0.46,8.28,0.56,5.0,0.6,12.0,0.44,5.0,0.4,12.0,0.53,29.1,0.54,8.28,0.09,0.09,43.282296,1776188728000
1776188730.586,30.586,0.47,29.1,0.46,8.28,0.56,5.0,0.6,12.0,0.44,5.0,0.4,12.0,0.53,29.1,0.54,8.28,0.09,0.09,43.28213,1776188729000
1776188731.422,31.422,0.47,29.1,0.46,8.28,0.56,5.0,0.6,12.0,0.44,5.0,0.4,12.0,0.53,29.1,0.54,8.28,0.09,0.09,43.282118,1776188730000
1776188732.175,32.175,0.47,29.1,0.46,8.28,0.56,5.0,0.6,12.0,0.44,5.0,0.4,12.0,0.53,29.1,0.54,8.28,0.09,0.09,43.282289,1776188731000
1776188733.485,33.485,0.47,29.1,0.46,8.28,0.56,5.0,0.6,12.0,0.44,5.0,0.4,12.0,0.53,29.1,0.54,8.28,0.09,0.09,43.282259,1776188732000
1776188734.084,34.084,0.47,29.1,0.46,8.28,0.56,5.0,0.6,12.0,0.44,5.0,0.4,12.0,0.53,29.1,0.54,8.28,0.09,0.09,43.282259,1776188733000
1776188735.342,35.342,0.47,29.1,0.46,8.28,0.56,5.0,0.6,12.0,0.44,5.0,0.4,12.0,0.53,29.1,0.54,8.28,0.09,0.09,43.281905,1776188734000
1776188735.64,35.64,0.46,6.38,0.43,5.0,0.55,38.0,0.56,10.0,0.44,5.0,0.4,12.0,0.53,29.1,0.54,8.28,0.09,0.09,43.281905,1776188734000
1776188736.007,36.007,0.46,6.38,0.43,5.0,0.55,38.0,0.56,10.0,0.45,38.0,0.44,10.0,0.54,6.38,0.57,5.0,0.09,0.09,43.281364,1776188735000
1776188737.278,37.278,0.46,6.38,0.43,5.0,0.55,38.0,0.56,10.0,0.45,38.0,0.44,10.0,0.54,6.38,0.57,5.0,0.09,0.09,43.278257,1776188736000
1776188738.649,38.649,0.46,6.38,0.43,5.0,0.55,38.0,0.56,10.0,0.45,38.0,0.44,10.0,0.54,6.38,0.57,5.0,0.09,0.09,43.275505,1776188737000
1776188739.634,39.634,0.46,6.38,0.43,5.0,0.55,38.0,0.56,10.0,0.45,38.0,0.44,10.0,0.54,6.38,0.57,5.0,0.09,0.09,43.271889,1776188738000
1776188740.317,40.317,0.46,6.38,0.43,5.0,0.55,38.0,0.56,10.0,0.45,38.0,0.44,10.0,0.54,6.38,0.57,5.0,0.09,0.09,43.271889,1776188739000
1776188741.174,41.174,0.46,6.38,0.43,5.0,0.55,38.0,0.56,10.0,0.45,38.0,0.44,10.0,0.54,6.38,0.57,5.0,0.09,0.09,43.269516,1776188740000
1776188741.508,41.508,0.46,0.69,0.4,5.0,0.5,10.0,0.53,5.0,0.45,38.0,0.44,10.0,0.54,6.38,0.57,5.0,0.04,0.09,43.269516,1776188740000
1776188742.777,42.777,0.46,0.69,0.4,5.0,0.5,10.0,0.53,5.0,0.5,10.0,0.47,5.0,0.54,0.69,0.6,5.0,0.04,0.04,43.269377,1776188741000
1776188743.549,43.549,0.46,0.69,0.4,5.0,0.5,10.0,0.53,5.0,0.5,10.0,0.47,5.0,0.54,0.69,0.6,5.0,0.04,0.04,43.270583,1776188742000
1776188744.223,44.223,0.46,0.69,0.4,5.0,0.5,10.0,0.53,5.0,0.5,10.0,0.47,5.0,0.54,0.69,0.6,5.0,0.04,0.04,43.271139,1776188743000
1776188745.784,45.784,0.46,0.69,0.4,5.0,0.5,10.0,0.53,5.0,0.5,10.0,0.47,5.0,0.54,0.69,0.6,5.0,0.04,0.04,43.271305,1776188744000
1776188746.435,46.435,0.26,15.0,0.25,15.0,0.47,26.0,0.52,10.0,0.5,10.0,0.47,5.0,0.54,0.69,0.6,5.0,0.21,0.04,43.271305,1776188744000
1776188746.926,46.926,0.26,15.0,0.25,15.0,0.47,26.0,0.52,10.0,0.53,26.0,0.48,10.0,0.74,15.0,0.75,15.0,0.21,0.21,43.271527,1776188745000
1776188747.397,47.397,0.26,15.0,0.25,15.0,0.47,26.0,0.52,10.0,0.53,26.0,0.48,10.0,0.74,15.0,0.75,15.0,0.21,0.21,43.271527,1776188746000
1776188748.026,48.026,0.26,15.0,0.25,15.0,0.47,26.0,0.52,10.0,0.53,26.0,0.48,10.0,0.74,15.0,0.75,15.0,0.21,0.21,43.263171,1776188747000
1776188749.232,49.232,0.26,15.0,0.25,15.0,0.47,26.0,0.52,10.0,0.53,26.0,0.48,10.0,0.74,15.0,0.75,15.0,0.21,0.21,43.257106,1776188748000
1776188750.288,50.288,0.26,15.0,0.25,15.0,0.47,26.0,0.52,10.0,0.53,26.0,0.48,10.0,0.74,15.0,0.75,15.0,0.21,0.21,43.249833,1776188749000
1776188751.475,51.475,0.26,15.0,0.25,15.0,0.47,26.0,0.52,10.0,0.53,26.0,0.48,10.0,0.74,15.0,0.75,15.0,0.21,0.21,43.247115,1776188750000
1776188751.947,51.947,0.26,15.0,0.25,15.0,0.47,26.0,0.52,10.0,0.53,26.0,0.48,10.0,0.74,15.0,0.75,15.0,0.21,0.21,43.247115,1776188751000
1776188753.132,53.132,0.26,15.0,0.25,15.0,0.47,26.0,0.52,10.0,0.53,26.0,0.48,10.0,0.74,15.0,0.75,15.0,0.21,0.21,43.245459,1776188752000
1776188754.264,54.264,0.26,15.0,0.25,15.0,0.47,26.0,0.52,10.0,0.53,26.0,0.48,10.0,0.74,15.0,0.75,15.0,0.21,0.21,43.245459,1776188753000
1776188755.405,55.405,0.26,15.0,0.25,15.0,0.47,26.0,0.52,10.0,0.53,26.0,0.48,10.0,0.74,15.0,0.75,15.0,0.21,0.21,43.246076,1776188754000
1776188756.044,56.044,0.26,15.0,0.25,15.0,0.47,26.0,0.52,10.0,0.53,26.0,0.48,10.0,0.74,15.0,0.75,15.0,0.21,0.21,43.247084,1776188755000
1776188757.066,57.066,0.26,15.0,0.25,15.0,0.47,26.0,0.52,10.0,0.53,26.0,0.48,10.0,0.74,15.0,0.75,15.0,0.21,0.21,43.247437,1776188756000
1776188758.202,58.202,0.26,15.0,0.25,15.0,0.47,26.0,0.52,10.0,0.53,26.0,0.48,10.0,0.74,15.0,0.75,15.0,0.21,0.21,43.253728,1776188757000
1776188759.335,59.335,0.26,15.0,0.25,15.0,0.47,26.0,0.52,10.0,0.53,26.0,0.48,10.0,0.74,15.0,0.75,15.0,0.21,0.21,43.262764,1776188758000
1776188760.008,60.008,0.26,15.0,0.25,15.0,0.47,26.0,0.52,10.0,0.53,26.0,0.48,10.0,0.74,15.0,0.75,15.0,0.21,0.21,43.262534,1776188759000
1776188761.756,61.756,0.26,15.0,0.25,15.0,0.47,26.0,0.52,10.0,0.53,26.0,0.48,10.0,0.74,15.0,0.75,15.0,0.21,0.21,43.258619,1776188760000
1776188762.193,62.193,0.26,15.0,0.25,15.0,0.47,26.0,0.52,10.0,0.53,26.0,0.48,10.0,0.74,15.0,0.75,15.0,0.21,0.21,43.258619,1776188761000
1776188763.195,63.195,0.26,15.0,0.25,15.0,0.47,26.0,0.52,10.0,0.53,26.0,0.48,10.0,0.74,15.0,0.75,15.0,0.21,0.21,43.257847,1776188762000
1776188764.312,64.312,0.26,15.0,0.25,15.0,0.47,26.0,0.52,10.0,0.53,26.0,0.48,10.0,0.74,15.0,0.75,15.0,0.21,0.21,43.257732,1776188763000
1776188765.273,65.273,0.26,15.0,0.25,15.0,0.47,26.0,0.52,10.0,0.53,26.0,0.48,10.0,0.74,15.0,0.75,15.0,0.21,0.21,43.258622,1776188764000
1776188766.353,66.353,0.26,15.0,0.25,15.0,0.47,26.0,0.52,10.0,0.53,26.0,0.48,10.0,0.74,15.0,0.75,15.0,0.21,0.21,43.259947,1776188765000
1776188767.394,67.394,0.26,15.0,0.25,15.0,0.47,26.0,0.52,10.0,0.53,26.0,0.48,10.0,0.74,15.0,0.75,15.0,0.21,0.21,43.262551,1776188766000
1776188767.956,67.956,0.26,15.0,0.25,15.0,0.47,26.0,0.52,10.0,0.53,26.0,0.48,10.0,0.74,15.0,0.75,15.0,0.21,0.21,43.265387,1776188767000
1776188768.968,68.968,0.26,15.0,0.25,15.0,0.47,26.0,0.52,10.0,0.53,26.0,0.48,10.0,0.74,15.0,0.75,15.0,0.21,0.21,43.266019,1776188768000
1776188770.029,70.029,0.26,15.0,0.25,15.0,0.47,26.0,0.52,10.0,0.53,26.0,0.48,10.0,0.74,15.0,0.75,15.0,0.21,0.21,43.26848,1776188769000
1776188770.394,70.394,0.43,5.0,0.42,5.0,0.65,14.5,0.66,15.0,0.53,26.0,0.48,10.0,0.74,15.0,0.75,15.0,0.22,0.21,43.26848,1776188769000
1776188771.064,71.064,0.43,5.0,0.42,5.0,0.65,14.5,0.66,15.0,0.35,14.5,0.34,15.0,0.57,5.0,0.58,5.0,0.22,0.22,43.26848,1776188770000
1776188772.178,72.178,0.43,5.0,0.42,5.0,0.65,14.5,0.66,15.0,0.35,14.5,0.34,15.0,0.57,5.0,0.58,5.0,0.22,0.22,43.279422,1776188771000
1776188773.183,73.183,0.43,5.0,0.42,5.0,0.65,14.5,0.66,15.0,0.35,14.5,0.34,15.0,0.57,5.0,0.58,5.0,0.22,0.22,43.290697,1776188772000
1776188774.222,74.222,0.43,5.0,0.42,5.0,0.65,14.5,0.66,15.0,0.35,14.5,0.34,15.0,0.57,5.0,0.58,5.0,0.22,0.22,43.292585,1776188773000
1776188775.182,75.182,0.43,5.0,0.42,5.0,0.65,14.5,0.66,15.0,0.35,14.5,0.34,15.0,0.57,5.0,0.58,5.0,0.22,0.22,43.293118,1776188774000
1776188776.275,76.275,0.43,5.0,0.42,5.0,0.65,14.5,0.66,15.0,0.35,14.5,0.34,15.0,0.57,5.0,0.58,5.0,0.22,0.22,43.292441,1776188775000
1776188777.255,77.255,0.43,5.0,0.42,5.0,0.65,14.5,0.66,15.0,0.35,14.5,0.34,15.0,0.57,5.0,0.58,5.0,0.22,0.22,43.292208,1776188776000
1776188778.41,78.41,0.43,5.0,0.42,5.0,0.65,14.5,0.66,15.0,0.35,14.5,0.34,15.0,0.57,5.0,0.58,5.0,0.22,0.22,43.291966,1776188777000
1776188779.279,79.279,0.43,5.0,0.42,5.0,0.65,14.5,0.66,15.0,0.35,14.5,0.34,15.0,0.57,5.0,0.58,5.0,0.22,0.22,43.291968,1776188778000
1776188780.316,80.316,0.43,5.0,0.42,5.0,0.65,14.5,0.66,15.0,0.35,14.5,0.34,15.0,0.57,5.0,0.58,5.0,0.22,0.22,43.291968,1776188779000
1776188781.282,81.282,0.43,5.0,0.42,5.0,0.65,14.5,0.66,15.0,0.35,14.5,0.34,15.0,0.57,5.0,0.58,5.0,0.22,0.22,43.291723,1776188780000
1776188782.312,82.312,0.43,5.0,0.42,5.0,0.65,14.5,0.66,15.0,0.35,14.5,0.34,15.0,0.57,5.0,0.58,5.0,0.22,0.22,43.291723,1776188781000
1776188783.371,83.371,0.43,5.0,0.42,5.0,0.65,14.5,0.66,15.0,0.35,14.5,0.34,15.0,0.57,5.0,0.58,5.0,0.22,0.22,43.291584,1776188782000
1776188784.281,84.281,0.43,5.0,0.42,5.0,0.65,14.5,0.66,15.0,0.35,14.5,0.34,15.0,0.57,5.0,0.58,5.0,0.22,0.22,43.289219,1776188783000
1776188785.322,85.322,0.43,5.0,0.42,5.0,0.65,14.5,0.66,15.0,0.35,14.5,0.34,15.0,0.57,5.0,0.58,5.0,0.22,0.22,43.289184,1776188784000
1776188786.378,86.378,0.43,5.0,0.42,5.0,0.65,14.5,0.66,15.0,0.35,14.5,0.34,15.0,0.57,5.0,0.58,5.0,0.22,0.22,43.28812,1776188785000
1776188787.419,87.419,0.43,5.0,0.42,5.0,0.65,14.5,0.66,15.0,0.35,14.5,0.34,15.0,0.57,5.0,0.58,5.0,0.22,0.22,43.287673,1776188786000
1776188788.673,88.673,0.63,10.0,0.46,15.0,0.69,0.69,0.7,5.0,0.31,0.69,0.3,5.0,0.37,10.0,0.54,15.0,0.06,0.06,43.287662,1776188787000
1776188789.538,89.538,0.63,10.0,0.46,15.0,0.69,0.69,0.7,5.0,0.31,0.69,0.3,5.0,0.37,10.0,0.54,15.0,0.06,0.06,43.293,1776188788000
1776188790.103,90.103,0.63,10.0,0.46,15.0,0.69,0.69,0.7,5.0,0.31,0.69,0.3,5.0,0.37,10.0,0.54,15.0,0.06,0.06,43.315772,1776188789000
1776188791.696,91.696,0.63,10.0,0.46,15.0,0.69,0.69,0.7,5.0,0.31,0.69,0.3,5.0,0.37,10.0,0.54,15.0,0.06,0.06,43.320995,1776188790000
1776188792.381,92.381,0.63,10.0,0.46,15.0,0.69,0.69,0.7,5.0,0.31,0.69,0.3,5.0,0.37,10.0,0.54,15.0,0.06,0.06,43.318694,1776188791000
1776188793.656,93.656,0.63,10.0,0.46,15.0,0.69,0.69,0.7,5.0,0.31,0.69,0.3,5.0,0.37,10.0,0.54,15.0,0.06,0.06,43.317528,1776188792000
1776188794.367,94.367,0.63,10.0,0.46,15.0,0.69,0.69,0.7,5.0,0.31,0.69,0.3,5.0,0.37,10.0,0.54,15.0,0.06,0.06,43.317528,1776188793000
1776188795.521,95.521,0.63,10.0,0.46,15.0,0.69,0.69,0.7,5.0,0.31,0.69,0.3,5.0,0.37,10.0,0.54,15.0,0.06,0.06,43.316865,1776188794000
1776188796.176,96.176,0.63,10.0,0.46,15.0,0.69,0.69,0.7,5.0,0.31,0.69,0.3,5.0,0.37,10.0,0.54,15.0,0.06,0.06,43.316865,1776188795000
1776188797.445,97.445,0.63,10.0,0.46,15.0,0.69,0.69,0.7,5.0,0.31,0.69,0.3,5.0,0.37,10.0,0.54,15.0,0.06,0.06,43.315531,1776188796000
1776188798.062,98.062,0.63,10.0,0.46,15.0,0.69,0.69,0.7,5.0,0.31,0.69,0.3,5.0,0.37,10.0,0.54,15.0,0.06,0.06,43.31532,1776188797000
1776188799.458,99.458,0.63,10.0,0.46,15.0,0.69,0.69,0.7,5.0,0.31,0.69,0.3,5.0,0.37,10.0,0.54,15.0,0.06,0.06,43.309143,1776188798000
1776188800.064,100.064,0.63,10.0,0.46,15.0,0.69,0.69,0.7,5.0,0.31,0.69,0.3,5.0,0.37,10.0,0.54,15.0,0.06,0.06,43.309143,1776188799000
1776188801.259,101.259,0.63,10.0,0.46,15.0,0.69,0.69,0.7,5.0,0.31,0.69,0.3,5.0,0.37,10.0,0.54,15.0,0.06,0.06,43.309827,1776188800000
1776188802.532,102.532,0.63,10.0,0.46,15.0,0.69,0.69,0.7,5.0,0.31,0.69,0.3,5.0,0.37,10.0,0.54,15.0,0.06,0.06,43.310936,1776188801000
1776188803.112,103.112,0.63,10.0,0.46,15.0,0.69,0.69,0.7,5.0,0.31,0.69,0.3,5.0,0.37,10.0,0.54,15.0,0.06,0.06,43.310916,1776188802000
1776188804.512,104.512,0.63,10.0,0.46,15.0,0.69,0.69,0.7,5.0,0.31,0.69,0.3,5.0,0.37,10.0,0.54,15.0,0.06,0.06,43.310618,1776188803000
1776188805.519,105.519,0.63,10.0,0.46,15.0,0.69,0.69,0.7,5.0,0.31,0.69,0.3,5.0,0.37,10.0,0.54,15.0,0.06,0.06,43.310618,1776188804000
1776188806.033,106.033,0.63,10.0,0.46,15.0,0.69,0.69,0.7,5.0,0.31,0.69,0.3,5.0,0.37,10.0,0.54,15.0,0.06,0.06,43.310641,1776188805000
1776188807.639,107.639,0.63,10.0,0.46,15.0,0.69,0.69,0.7,5.0,0.31,0.69,0.3,5.0,0.37,10.0,0.54,15.0,0.06,0.06,43.310642,1776188806000
1776188808.279,108.279,0.63,10.0,0.46,15.0,0.69,0.69,0.7,5.0,0.31,0.69,0.3,5.0,0.37,10.0,0.54,15.0,0.06,0.06,43.310475,1776188807000
1776188809.45,109.45,0.63,10.0,0.46,15.0,0.69,0.69,0.7,5.0,0.31,0.69,0.3,5.0,0.37,10.0,0.54,15.0,0.06,0.06,43.310613,1776188808000
1776188809.965,109.965,0.63,10.0,0.46,15.0,0.69,0.69,0.7,5.0,0.31,0.69,0.3,5.0,0.37,10.0,0.54,15.0,0.06,0.06,43.310602,1776188809000
1776188811.046,111.046,0.63,10.0,0.46,15.0,0.69,0.69,0.7,5.0,0.31,0.69,0.3,5.0,0.37,10.0,0.54,15.0,0.06,0.06,43.310796,1776188810000
1776188812.133,112.133,0.63,10.0,0.46,15.0,0.69,0.69,0.7,5.0,0.31,0.69,0.3,5.0,0.37,10.0,0.54,15.0,0.06,0.06,43.310936,1776188811000
1776188813.177,113.177,0.63,10.0,0.46,15.0,0.69,0.69,0.7,5.0,0.31,0.69,0.3,5.0,0.37,10.0,0.54,15.0,0.06,0.06,43.310987,1776188812000
1776188814.277,114.277,0.63,10.0,0.46,15.0,0.69,0.69,0.7,5.0,0.31,0.69,0.3,5.0,0.37,10.0,0.54,15.0,0.06,0.06,43.311,1776188813000
1776188815.535,115.535,0.63,10.0,0.46,15.0,0.69,0.69,0.7,5.0,0.31,0.69,0.3,5.0,0.37,10.0,0.54,15.0,0.06,0.06,43.311,1776188814000
1776188816.073,116.073,0.63,10.0,0.46,15.0,0.69,0.69,0.7,5.0,0.31,0.69,0.3,5.0,0.37,10.0,0.54,15.0,0.06,0.06,43.310946,1776188815000
1776188817.177,117.177,0.63,10.0,0.46,15.0,0.69,0.69,0.7,5.0,0.31,0.69,0.3,5.0,0.37,10.0,0.54,15.0,0.06,0.06,43.310955,1776188816000
1776188818.384,118.384,0.63,10.0,0.46,15.0,0.69,0.69,0.7,5.0,0.31,0.69,0.3,5.0,0.37,10.0,0.54,15.0,0.06,0.06,43.308907,1776188817000
1776188819.0,119.0,0.63,10.0,0.46,15.0,0.69,0.69,0.7,5.0,0.31,0.69,0.3,5.0,0.37,10.0,0.54,15.0,0.06,0.06,43.306732,1776188818000
1776188820.515,120.515,0.63,10.0,0.46,15.0,0.69,0.69,0.7,5.0,0.31,0.69,0.3,5.0,0.37,10.0,0.54,15.0,0.06,0.06,43.316493,1776188819000
1776188821.043,121.043,0.63,10.0,0.46,15.0,0.69,0.69,0.7,5.0,0.31,0.69,0.3,5.0,0.37,10.0,0.54,15.0,0.06,0.06,43.322278,1776188820000
1776188822.27,122.27,0.63,10.0,0.46,15.0,0.69,0.69,0.7,5.0,0.31,0.69,0.3,5.0,0.37,10.0,0.54,15.0,0.06,0.06,43.322568,1776188821000
1776188823.341,123.341,0.63,10.0,0.46,15.0,0.69,0.69,0.7,5.0,0.31,0.69,0.3,5.0,0.37,10.0,0.54,15.0,0.06,0.06,43.323797,1776188822000
1776188823.944,123.944,0.63,10.0,0.46,15.0,0.69,0.69,0.7,5.0,0.31,0.69,0.3,5.0,0.37,10.0,0.54,15.0,0.06,0.06,43.32222,1776188823000
1776188825.177,125.177,0.63,10.0,0.46,15.0,0.69,0.69,0.7,5.0,0.31,0.69,0.3,5.0,0.37,10.0,0.54,15.0,0.06,0.06,43.317192,1776188824000
1776188826.448,126.448,0.63,10.0,0.46,15.0,0.69,0.69,0.7,5.0,0.31,0.69,0.3,5.0,0.37,10.0,0.54,15.0,0.06,0.06,43.315951,1776188825000
1776188827.316,127.316,0.63,10.0,0.46,15.0,0.69,0.69,0.7,5.0,0.31,0.69,0.3,5.0,0.37,10.0,0.54,15.0,0.06,0.06,43.313327,1776188826000
1776188828.458,128.458,0.63,10.0,0.46,15.0,0.69,0.69,0.7,5.0,0.31,0.69,0.3,5.0,0.37,10.0,0.54,15.0,0.06,0.06,43.307626,1776188827000
1776188828.954,128.954,0.63,10.0,0.46,15.0,0.69,0.69,0.7,5.0,0.31,0.69,0.3,5.0,0.37,10.0,0.54,15.0,0.06,0.06,43.306931,1776188828000
1776188830.02,130.02,0.63,10.0,0.46,15.0,0.69,0.69,0.7,5.0,0.31,0.69,0.3,5.0,0.37,10.0,0.54,15.0,0.06,0.06,43.304758,1776188829000
1776188831.022,131.022,0.54,9.0,0.51,15.0,0.68,15.0,0.69,15.0,0.31,0.69,0.3,5.0,0.37,10.0,0.54,15.0,0.14,0.06,43.304758,1776188829000
1776188832.179,132.179,0.54,9.0,0.51,15.0,0.68,15.0,0.69,15.0,0.32,15.0,0.31,15.0,0.46,9.0,0.49,15.0,0.14,0.14,43.303693,1776188831000
1776188833.322,133.322,0.54,9.0,0.51,15.0,0.68,15.0,0.69,15.0,0.32,15.0,0.31,15.0,0.46,9.0,0.49,15.0,0.14,0.14,43.308064,1776188832000
1776188834.917,134.917,0.54,9.0,0.51,15.0,0.68,15.0,0.69,15.0,0.32,15.0,0.31,15.0,0.46,9.0,0.49,15.0,0.14,0.14,43.305917,1776188833000
1776188835.438,135.438,0.54,9.0,0.51,15.0,0.68,15.0,0.69,15.0,0.32,15.0,0.31,15.0,0.46,9.0,0.49,15.0,0.14,0.14,43.305917,1776188834000
1776188836.043,136.043,0.54,9.0,0.51,15.0,0.68,15.0,0.69,15.0,0.32,15.0,0.31,15.0,0.46,9.0,0.49,15.0,0.14,0.14,43.306554,1776188835000
1776188837.156,137.156,0.54,9.0,0.51,15.0,0.68,15.0,0.69,15.0,0.32,15.0,0.31,15.0,0.46,9.0,0.49,15.0,0.14,0.14,43.303897,1776188836000
1776188838.288,138.288,0.54,9.0,0.51,15.0,0.68,15.0,0.69,15.0,0.32,15.0,0.31,15.0,0.46,9.0,0.49,15.0,0.14,0.14,43.30387,1776188837000
1776188839.518,139.518,0.54,9.0,0.51,15.0,0.68,15.0,0.69,15.0,0.32,15.0,0.31,15.0,0.46,9.0,0.49,15.0,0.14,0.14,43.303297,1776188838000
1776188840.126,140.126,0.54,9.0,0.51,15.0,0.68,15.0,0.69,15.0,0.32,15.0,0.31,15.0,0.46,9.0,0.49,15.0,0.14,0.14,43.303275,1776188839000
1776188841.122,141.122,0.54,9.0,0.51,15.0,0.68,15.0,0.69,15.0,0.32,15.0,0.31,15.0,0.46,9.0,0.49,15.0,0.14,0.14,43.303275,1776188840000
1776188842.264,142.264,0.54,9.0,0.51,15.0,0.68,15.0,0.69,15.0,0.32,15.0,0.31,15.0,0.46,9.0,0.49,15.0,0.14,0.14,43.303248,1776188841000
1776188843.455,143.455,0.54,9.0,0.51,15.0,0.68,15.0,0.69,15.0,0.32,15.0,0.31,15.0,0.46,9.0,0.49,15.0,0.14,0.14,43.303284,1776188842000
1776188844.097,144.097,0.54,9.0,0.51,15.0,0.68,15.0,0.69,15.0,0.32,15.0,0.31,15.0,0.46,9.0,0.49,15.0,0.14,0.14,43.303284,1776188843000
1776188845.188,145.188,0.54,9.0,0.51,15.0,0.68,15.0,0.69,15.0,0.32,15.0,0.31,15.0,0.46,9.0,0.49,15.0,0.14,0.14,43.30314,1776188844000
1776188846.267,146.267,0.54,9.0,0.51,15.0,0.68,15.0,0.69,15.0,0.32,15.0,0.31,15.0,0.46,9.0,0.49,15.0,0.14,0.14,43.30618,1776188845000
1776188847.403,147.403,0.54,9.0,0.51,15.0,0.68,15.0,0.69,15.0,0.32,15.0,0.31,15.0,0.46,9.0,0.49,15.0,0.14,0.14,43.314471,1776188846000
1776188847.998,147.998,0.54,9.0,0.51,15.0,0.68,15.0,0.69,15.0,0.32,15.0,0.31,15.0,0.46,9.0,0.49,15.0,0.14,0.14,43.320217,1776188847000
1776188849.665,149.665,0.54,9.0,0.51,15.0,0.68,15.0,0.69,15.0,0.32,15.0,0.31,15.0,0.46,9.0,0.49,15.0,0.14,0.14,43.322262,1776188848000
1776188850.147,150.147,0.54,9.0,0.51,15.0,0.68,15.0,0.69,15.0,0.32,15.0,0.31,15.0,0.46,9.0,0.49,15.0,0.14,0.14,43.323377,1776188849000
1776188851.264,151.264,0.54,9.0,0.51,15.0,0.68,15.0,0.69,15.0,0.32,15.0,0.31,15.0,0.46,9.0,0.49,15.0,0.14,0.14,43.32368,1776188850000
1776188852.205,152.205,0.54,9.0,0.51,15.0,0.68,15.0,0.69,15.0,0.32,15.0,0.31,15.0,0.46,9.0,0.49,15.0,0.14,0.14,43.325687,1776188851000
1776188853.274,153.274,0.54,9.0,0.51,15.0,0.68,15.0,0.69,15.0,0.32,15.0,0.31,15.0,0.46,9.0,0.49,15.0,0.14,0.14,43.322703,1776188852000
1776188854.296,154.296,0.54,9.0,0.51,15.0,0.68,15.0,0.69,15.0,0.32,15.0,0.31,15.0,0.46,9.0,0.49,15.0,0.14,0.14,43.322899,1776188853000
1776188855.323,155.323,0.54,9.0,0.51,15.0,0.68,15.0,0.69,15.0,0.32,15.0,0.31,15.0,0.46,9.0,0.49,15.0,0.14,0.14,43.3229,1776188854000
1776188856.503,156.503,0.54,9.0,0.51,15.0,0.68,15.0,0.69,15.0,0.32,15.0,0.31,15.0,0.46,9.0,0.49,15.0,0.14,0.14,43.322623,1776188855000
1776188856.951,156.951,0.54,9.0,0.51,15.0,0.68,15.0,0.69,15.0,0.32,15.0,0.31,15.0,0.46,9.0,0.49,15.0,0.14,0.14,43.322224,1776188856000
1776188857.959,157.959,0.54,9.0,0.51,15.0,0.68,15.0,0.69,15.0,0.32,15.0,0.31,15.0,0.46,9.0,0.49,15.0,0.14,0.14,43.321268,1776188857000
1776188859.116,159.116,0.54,9.0,0.51,15.0,0.68,15.0,0.69,15.0,0.32,15.0,0.31,15.0,0.46,9.0,0.49,15.0,0.14,0.14,43.32112,1776188858000
1776188860.089,160.089,0.54,9.0,0.51,15.0,0.68,15.0,0.69,15.0,0.32,15.0,0.31,15.0,0.46,9.0,0.49,15.0,0.14,0.14,43.322233,1776188859000
1776188861.114,161.114,0.54,9.0,0.51,15.0,0.68,15.0,0.69,15.0,0.32,15.0,0.31,15.0,0.46,9.0,0.49,15.0,0.14,0.14,43.320726,1776188860000
1776188862.146,162.146,0.54,9.0,0.51,15.0,0.68,15.0,0.69,15.0,0.32,15.0,0.31,15.0,0.46,9.0,0.49,15.0,0.14,0.14,43.324316,1776188861000
1776188862.988,162.988,0.54,9.0,0.51,15.0,0.68,15.0,0.69,15.0,0.32,15.0,0.31,15.0,0.46,9.0,0.49,15.0,0.14,0.14,43.323533,1776188862000
1776188864.043,164.043,0.54,9.0,0.51,15.0,0.68,15.0,0.69,15.0,0.32,15.0,0.31,15.0,0.46,9.0,0.49,15.0,0.14,0.14,43.323533,1776188863000
1776188865.174,165.174,0.54,9.0,0.51,15.0,0.68,15.0,0.69,15.0,0.32,15.0,0.31,15.0,0.46,9.0,0.49,15.0,0.14,0.14,43.322716,1776188864000
1776188866.156,166.156,0.54,9.0,0.51,15.0,0.68,15.0,0.69,15.0,0.32,15.0,0.31,15.0,0.46,9.0,0.49,15.0,0.14,0.14,43.322706,1776188865000
1776188867.212,167.212,0.54,9.0,0.51,15.0,0.68,15.0,0.69,15.0,0.32,15.0,0.31,15.0,0.46,9.0,0.49,15.0,0.14,0.14,43.322228,1776188866000
1776188868.202,168.202,0.54,9.0,0.51,15.0,0.68,15.0,0.69,15.0,0.32,15.0,0.31,15.0,0.46,9.0,0.49,15.0,0.14,0.14,43.32246,1776188867000
1776188869.176,169.176,0.54,9.0,0.51,15.0,0.68,15.0,0.69,15.0,0.32,15.0,0.31,15.0,0.46,9.0,0.49,15.0,0.14,0.14,43.321348,1776188868000
1776188869.613,169.613,0.65,17.0,0.61,15.0,0.73,12.26,0.74,15.0,0.32,15.0,0.31,15.0,0.46,9.0,0.49,15.0,0.08,0.14,43.321348,1776188868000
1776188870.266,170.266,0.65,17.0,0.61,15.0,0.73,12.26,0.74,15.0,0.27,12.26,0.26,15.0,0.35,17.0,0.39,15.0,0.08,0.08,43.321293,1776188869000
1776188871.276,171.276,0.65,17.0,0.61,15.0,0.73,12.26,0.74,15.0,0.27,12.26,0.26,15.0,0.35,17.0,0.39,15.0,0.08,0.08,43.321218,1776188870000
1776188872.372,172.372,0.65,17.0,0.61,15.0,0.73,12.26,0.74,15.0,0.27,12.26,0.26,15.0,0.35,17.0,0.39,15.0,0.08,0.08,43.32118,1776188871000
1776188873.481,173.481,0.65,17.0,0.61,15.0,0.73,12.26,0.74,15.0,0.27,12.26,0.26,15.0,0.35,17.0,0.39,15.0,0.08,0.08,43.318531,1776188872000
1776188873.978,173.978,0.65,17.0,0.61,15.0,0.73,12.26,0.74,15.0,0.27,12.26,0.26,15.0,0.35,17.0,0.39,15.0,0.08,0.08,43.318395,1776188873000
1776188875.01,175.01,0.65,17.0,0.61,15.0,0.73,12.26,0.74,15.0,0.27,12.26,0.26,15.0,0.35,17.0,0.39,15.0,0.08,0.08,43.318232,1776188874000
1776188876.788,176.788,0.65,17.0,0.61,15.0,0.73,12.26,0.74,15.0,0.27,12.26,0.26,15.0,0.35,17.0,0.39,15.0,0.08,0.08,43.318551,1776188875000
1776188877.497,177.497,0.65,17.0,0.61,15.0,0.73,12.26,0.74,15.0,0.27,12.26,0.26,15.0,0.35,17.0,0.39,15.0,0.08,0.08,43.318568,1776188876000
1776188877.999,177.999,0.65,17.0,0.61,15.0,0.73,12.26,0.74,15.0,0.27,12.26,0.26,15.0,0.35,17.0,0.39,15.0,0.08,0.08,43.318677,1776188877000
1776188879.103,179.103,0.65,17.0,0.61,15.0,0.73,12.26,0.74,15.0,0.27,12.26,0.26,15.0,0.35,17.0,0.39,15.0,0.08,0.08,43.320663,1776188878000
1776188880.174,180.174,0.65,17.0,0.61,15.0,0.73,12.26,0.74,15.0,0.27,12.26,0.26,15.0,0.35,17.0,0.39,15.0,0.08,0.08,43.32389,1776188879000
1776188881.814,181.814,0.65,17.0,0.61,15.0,0.73,12.26,0.74,15.0,0.27,12.26,0.26,15.0,0.35,17.0,0.39,15.0,0.08,0.08,43.333016,1776188880000
1776188882.222,182.222,0.65,17.0,0.61,15.0,0.73,12.26,0.74,15.0,0.27,12.26,0.26,15.0,0.35,17.0,0.39,15.0,0.08,0.08,43.330817,1776188881000
1776188883.255,183.255,0.65,17.0,0.61,15.0,0.73,12.26,0.74,15.0,0.27,12.26,0.26,15.0,0.35,17.0,0.39,15.0,0.08,0.08,43.330817,1776188882000
1776188884.507,184.507,0.65,17.0,0.61,15.0,0.73,12.26,0.74,15.0,0.27,12.26,0.26,15.0,0.35,17.0,0.39,15.0,0.08,0.08,43.330964,1776188883000
1776188884.989,184.989,0.65,17.0,0.61,15.0,0.73,12.26,0.74,15.0,0.27,12.26,0.26,15.0,0.35,17.0,0.39,15.0,0.08,0.08,43.330963,1776188884000
1776188885.982,185.982,0.78,11.0,0.75,15.0,0.84,15.0,0.85,15.0,0.27,12.26,0.26,15.0,0.35,17.0,0.39,15.0,0.06,0.08,43.330963,1776188884000
1776188886.364,186.364,0.78,11.0,0.75,15.0,0.84,15.0,0.85,15.0,0.16,15.0,0.15,15.0,0.22,11.0,0.25,15.0,0.06,0.06,43.332821,1776188885000
1776188887.157,187.157,0.78,11.0,0.75,15.0,0.84,15.0,0.85,15.0,0.16,15.0,0.15,15.0,0.22,11.0,0.25,15.0,0.06,0.06,43.332904,1776188886000
1776188888.31,188.31,0.78,11.0,0.75,15.0,0.84,15.0,0.85,15.0,0.16,15.0,0.15,15.0,0.22,11.0,0.25,15.0,0.06,0.06,43.333441,1776188887000
1776188888.972,188.972,0.78,11.0,0.75,15.0,0.84,15.0,0.85,15.0,0.16,15.0,0.15,15.0,0.22,11.0,0.25,15.0,0.06,0.06,43.333139,1776188888000
1776188890.117,190.117,0.78,11.0,0.75,15.0,0.84,15.0,0.85,15.0,0.16,15.0,0.15,15.0,0.22,11.0,0.25,15.0,0.06,0.06,43.333139,1776188889000
1776188891.233,191.233,0.78,11.0,0.75,15.0,0.84,15.0,0.85,15.0,0.16,15.0,0.15,15.0,0.22,11.0,0.25,15.0,0.06,0.06,43.333116,1776188890000
1776188892.266,192.266,0.78,11.0,0.75,15.0,0.84,15.0,0.85,15.0,0.16,15.0,0.15,15.0,0.22,11.0,0.25,15.0,0.06,0.06,43.336487,1776188891000
1776188893.364,193.364,0.78,11.0,0.75,15.0,0.84,15.0,0.85,15.0,0.16,15.0,0.15,15.0,0.22,11.0,0.25,15.0,0.06,0.06,43.335021,1776188892000
1776188893.889,193.889,0.78,11.0,0.75,15.0,0.84,15.0,0.85,15.0,0.16,15.0,0.15,15.0,0.22,11.0,0.25,15.0,0.06,0.06,43.335152,1776188893000
1776188894.904,194.904,0.78,11.0,0.75,15.0,0.84,15.0,0.85,15.0,0.16,15.0,0.15,15.0,0.22,11.0,0.25,15.0,0.06,0.06,43.336285,1776188894000
1776188895.939,195.939,0.78,11.0,0.75,15.0,0.84,15.0,0.85,15.0,0.16,15.0,0.15,15.0,0.22,11.0,0.25,15.0,0.06,0.06,43.335176,1776188895000
1776188897.09,197.09,0.78,11.0,0.75,15.0,0.84,15.0,0.85,15.0,0.16,15.0,0.15,15.0,0.22,11.0,0.25,15.0,0.06,0.06,43.335176,1776188896000
1776188897.958,197.958,0.78,11.0,0.75,15.0,0.84,15.0,0.85,15.0,0.16,15.0,0.15,15.0,0.22,11.0,0.25,15.0,0.06,0.06,43.336327,1776188897000
1776188899.0,199.0,0.78,11.0,0.75,15.0,0.84,15.0,0.85,15.0,0.16,15.0,0.15,15.0,0.22,11.0,0.25,15.0,0.06,0.06,43.335081,1776188898000
1776188900.018,200.018,0.78,11.0,0.75,15.0,0.84,15.0,0.85,15.0,0.16,15.0,0.15,15.0,0.22,11.0,0.25,15.0,0.06,0.06,43.335081,1776188899000
1776188900.952,200.952,0.78,11.0,0.75,15.0,0.84,15.0,0.85,15.0,0.16,15.0,0.15,15.0,0.22,11.0,0.25,15.0,0.06,0.06,43.335081,1776188900000
1776188902.034,202.034,0.78,11.0,0.75,15.0,0.84,15.0,0.85,15.0,0.16,15.0,0.15,15.0,0.22,11.0,0.25,15.0,0.06,0.06,43.334975,1776188901000
1776188903.071,203.071,0.78,11.0,0.75,15.0,0.84,15.0,0.85,15.0,0.16,15.0,0.15,15.0,0.22,11.0,0.25,15.0,0.06,0.06,43.335144,1776188902000
1776188904.024,204.024,0.78,11.0,0.75,15.0,0.84,15.0,0.85,15.0,0.16,15.0,0.15,15.0,0.22,11.0,0.25,15.0,0.06,0.06,43.335244,1776188903000
1776188905.559,205.559,0.78,11.0,0.75,15.0,0.84,15.0,0.85,15.0,0.16,15.0,0.15,15.0,0.22,11.0,0.25,15.0,0.06,0.06,43.335076,1776188904000
1776188906.319,206.319,0.78,11.0,0.75,15.0,0.84,15.0,0.85,15.0,0.16,15.0,0.15,15.0,0.22,11.0,0.25,15.0,0.06,0.06,43.334672,1776188905000
1776188907.3,207.3,0.78,11.0,0.75,15.0,0.84,15.0,0.85,15.0,0.16,15.0,0.15,15.0,0.22,11.0,0.25,15.0,0.06,0.06,43.334451,1776188906000
1776188908.323,208.323,0.78,11.0,0.75,15.0,0.84,15.0,0.85,15.0,0.16,15.0,0.15,15.0,0.22,11.0,0.25,15.0,0.06,0.06,43.334208,1776188907000
1776188909.435,209.435,0.78,11.0,0.75,15.0,0.84,15.0,0.85,15.0,0.16,15.0,0.15,15.0,0.22,11.0,0.25,15.0,0.06,0.06,43.335457,1776188908000
1776188909.89,209.89,0.78,11.0,0.75,15.0,0.84,15.0,0.85,15.0,0.16,15.0,0.15,15.0,0.22,11.0,0.25,15.0,0.06,0.06,43.335862,1776188909000
1776188910.736,210.736,0.8,16.0,0.78,15.0,0.87,9.95,0.88,15.0,0.16,15.0,0.15,15.0,0.22,11.0,0.25,15.0,0.07,0.06,43.335862,1776188909000
1776188910.942,210.942,0.8,16.0,0.78,15.0,0.87,4.9,0.88,15.0,0.13,4.9,0.12,15.0,0.2,16.0,0.22,15.0,0.07,0.07,43.336178,1776188910000
1776188912.006,212.006,0.8,16.0,0.78,15.0,0.87,4.9,0.88,15.0,0.13,4.9,0.12,15.0,0.2,16.0,0.22,15.0,0.07,0.07,43.336308,1776188911000
1776188913.202,213.202,0.8,16.0,0.78,15.0,0.87,4.9,0.88,15.0,0.13,4.9,0.12,15.0,0.2,16.0,0.22,15.0,0.07,0.07,43.336476,1776188912000
1776188914.173,214.173,0.8,16.0,0.78,15.0,0.87,4.9,0.88,15.0,0.13,4.9,0.12,15.0,0.2,16.0,0.22,15.0,0.07,0.07,43.336476,1776188913000
1776188915.187,215.187,0.8,16.0,0.78,15.0,0.87,4.9,0.88,15.0,0.13,4.9,0.12,15.0,0.2,16.0,0.22,15.0,0.07,0.07,43.336472,1776188914000
1776188916.291,216.291,0.8,16.0,0.78,15.0,0.87,4.9,0.88,15.0,0.13,4.9,0.12,15.0,0.2,16.0,0.22,15.0,0.07,0.07,43.336529,1776188915000
1776188917.354,217.354,0.8,16.0,0.78,15.0,0.87,4.9,0.88,15.0,0.13,4.9,0.12,15.0,0.2,16.0,0.22,15.0,0.07,0.07,43.335837,1776188916000
1776188918.41,218.41,0.8,16.0,0.78,15.0,0.87,4.9,0.88,15.0,0.13,4.9,0.12,15.0,0.2,16.0,0.22,15.0,0.07,0.07,43.335809,1776188917000
1776188919.763,219.763,0.8,16.0,0.78,15.0,0.87,4.9,0.88,15.0,0.13,4.9,0.12,15.0,0.2,16.0,0.22,15.0,0.07,0.07,43.336106,1776188918000
1776188920.363,220.363,0.8,16.0,0.78,15.0,0.87,4.9,0.88,15.0,0.13,4.9,0.12,15.0,0.2,16.0,0.22,15.0,0.07,0.07,43.336106,1776188919000
1776188921.292,221.292,0.8,16.0,0.78,15.0,0.87,4.9,0.88,15.0,0.13,4.9,0.12,15.0,0.2,16.0,0.22,15.0,0.07,0.07,43.336273,1776188920000
1776188922.619,222.619,0.8,16.0,0.78,15.0,0.87,4.9,0.88,15.0,0.13,4.9,0.12,15.0,0.2,16.0,0.22,15.0,0.07,0.07,43.336044,1776188921000
1776188923.367,223.367,0.8,16.0,0.78,15.0,0.87,4.9,0.88,15.0,0.13,4.9,0.12,15.0,0.2,16.0,0.22,15.0,0.07,0.07,43.336044,1776188922000
1776188924.678,224.678,0.8,16.0,0.78,15.0,0.87,4.9,0.88,15.0,0.13,4.9,0.12,15.0,0.2,16.0,0.22,15.0,0.07,0.07,43.338707,1776188923000
1776188925.333,225.333,0.8,16.0,0.78,15.0,0.87,4.9,0.88,15.0,0.13,4.9,0.12,15.0,0.2,16.0,0.22,15.0,0.07,0.07,43.33894,1776188924000
1776188926.629,226.629,0.8,16.0,0.78,15.0,0.87,4.9,0.88,15.0,0.13,4.9,0.12,15.0,0.2,16.0,0.22,15.0,0.07,0.07,43.33894,1776188925000
1776188927.552,227.552,0.8,16.0,0.78,15.0,0.87,4.9,0.88,15.0,0.13,4.9,0.12,15.0,0.2,16.0,0.22,15.0,0.07,0.07,43.33886,1776188926000
1776188928.16,228.16,0.8,16.0,0.78,15.0,0.87,4.9,0.88,15.0,0.13,4.9,0.12,15.0,0.2,16.0,0.22,15.0,0.07,0.07,43.33886,1776188927000
1776188929.68,229.68,0.8,16.0,0.78,15.0,0.87,4.9,0.88,15.0,0.13,4.9,0.12,15.0,0.2,16.0,0.22,15.0,0.07,0.07,43.338833,1776188928000
1776188930.423,230.423,0.8,16.0,0.78,15.0,0.87,4.9,0.88,15.0,0.13,4.9,0.12,15.0,0.2,16.0,0.22,15.0,0.07,0.07,43.338715,1776188929000
1776188931.157,231.157,0.8,16.0,0.78,15.0,0.87,4.9,0.88,15.0,0.13,4.9,0.12,15.0,0.2,16.0,0.22,15.0,0.07,0.07,43.338715,1776188930000
1776188932.887,232.887,0.8,16.0,0.78,15.0,0.87,4.9,0.88,15.0,0.13,4.9,0.12,15.0,0.2,16.0,0.22,15.0,0.07,0.07,43.338723,1776188931000
1776188933.833,233.833,0.8,16.0,0.78,15.0,0.87,4.9,0.88,15.0,0.13,4.9,0.12,15.0,0.2,16.0,0.22,15.0,0.07,0.07,43.338698,1776188932000
1776188934.692,234.692,0.8,16.0,0.78,15.0,0.87,4.9,0.88,15.0,0.13,4.9,0.12,15.0,0.2,16.0,0.22,15.0,0.07,0.07,43.338566,1776188933000
1776188935.416,235.416,0.8,16.0,0.78,15.0,0.87,4.9,0.88,15.0,0.13,4.9,0.12,15.0,0.2,16.0,0.22,15.0,0.07,0.07,43.338646,1776188934000
1776188936.057,236.057,0.8,16.0,0.78,15.0,0.87,4.9,0.88,15.0,0.13,4.9,0.12,15.0,0.2,16.0,0.22,15.0,0.07,0.07,43.338646,1776188935000
1776188936.328,236.328,0.86,10.0,0.85,15.0,0.92,15.0,0.93,15.0,0.13,4.9,0.12,15.0,0.2,16.0,0.22,15.0,0.06,0.07,43.338646,1776188935000
1776188937.715,237.715,0.86,10.0,0.85,15.0,0.92,15.0,0.93,15.0,0.08,15.0,0.07,15.0,0.14,10.0,0.15,15.0,0.06,0.06,43.338646,1776188936000
1776188938.811,238.811,0.86,10.0,0.85,15.0,0.92,15.0,0.93,15.0,0.08,15.0,0.07,15.0,0.14,10.0,0.15,15.0,0.06,0.06,43.339147,1776188937000
1776188939.261,239.261,0.86,10.0,0.85,15.0,0.92,15.0,0.93,15.0,0.08,15.0,0.07,15.0,0.14,10.0,0.15,15.0,0.06,0.06,43.339147,1776188938000
1776188940.352,240.352,0.86,10.0,0.85,15.0,0.92,15.0,0.93,15.0,0.08,15.0,0.07,15.0,0.14,10.0,0.15,15.0,0.06,0.06,43.339132,1776188939000
1776188940.617,240.617,0.87,25.0,0.86,15.0,0.94,15.0,0.95,15.0,0.08,15.0,0.07,15.0,0.14,10.0,0.15,15.0,0.07,0.06,43.339132,1776188939000
1776188941.399,241.399,0.87,25.0,0.86,15.0,0.94,15.0,0.95,15.0,0.06,15.0,0.05,15.0,0.13,25.0,0.14,15.0,0.07,0.07,43.33935,1776188940000
1776188942.323,242.323,0.87,25.0,0.86,15.0,0.94,15.0,0.95,15.0,0.06,15.0,0.05,15.0,0.13,25.0,0.14,15.0,0.07,0.07,43.339226,1776188941000
1776188942.885,242.885,0.89,15.0,0.88,15.0,0.94,5.47,0.95,15.0,0.06,7.6,0.05,15.0,0.11,15.0,0.12,15.0,0.05,0.05,43.339226,1776188941000
1776188943.975,243.975,0.89,15.0,0.88,15.0,0.94,5.47,0.95,15.0,0.06,5.47,0.05,15.0,0.11,15.0,0.12,15.0,0.05,0.05,43.339226,1776188943000
1776188944.963,244.963,0.89,15.0,0.88,15.0,0.94,5.47,0.95,15.0,0.06,5.47,0.05,15.0,0.11,15.0,0.12,15.0,0.05,0.05,43.339247,1776188944000
1776188945.982,245.982,0.89,15.0,0.88,15.0,0.94,5.47,0.95,15.0,0.06,5.47,0.05,15.0,0.11,15.0,0.12,15.0,0.05,0.05,43.340847,1776188945000
1776188947.031,247.031,0.89,15.0,0.88,15.0,0.94,5.47,0.95,15.0,0.06,5.47,0.05,15.0,0.11,15.0,0.12,15.0,0.05,0.05,43.339804,1776188946000
1776188948.033,248.033,0.89,15.0,0.88,15.0,0.94,5.47,0.95,15.0,0.06,5.47,0.05,15.0,0.11,15.0,0.12,15.0,0.05,0.05,43.339089,1776188947000
1776188949.066,249.066,0.89,15.0,0.88,15.0,0.94,5.47,0.95,15.0,0.06,5.47,0.05,15.0,0.11,15.0,0.12,15.0,0.05,0.05,43.339087,1776188948000
1776188950.107,250.107,0.89,15.0,0.88,15.0,0.94,5.47,0.95,15.0,0.06,5.47,0.05,15.0,0.11,15.0,0.12,15.0,0.05,0.05,43.337096,1776188949000
1776188951.183,251.183,0.89,15.0,0.88,15.0,0.94,5.47,0.95,15.0,0.06,5.47,0.05,15.0,0.11,15.0,0.12,15.0,0.05,0.05,43.337096,1776188950000
1776188952.117,252.117,0.89,15.0,0.88,15.0,0.94,5.47,0.95,15.0,0.06,5.47,0.05,15.0,0.11,15.0,0.12,15.0,0.05,0.05,43.33704,1776188951000
1776188953.434,253.434,0.89,15.0,0.88,15.0,0.94,5.47,0.95,15.0,0.06,5.47,0.05,15.0,0.11,15.0,0.12,15.0,0.05,0.05,43.337048,1776188952000
1776188953.813,253.813,0.89,15.0,0.88,15.0,0.96,15.0,0.97,15.0,0.06,5.47,0.05,15.0,0.11,15.0,0.12,15.0,0.07,0.05,43.337048,1776188952000
1776188955.119,255.119,0.89,15.0,0.88,15.0,0.96,15.0,0.97,15.0,0.04,15.0,0.03,15.0,0.11,15.0,0.12,15.0,0.07,0.07,43.336949,1776188954000
1776188956.132,256.132,0.89,15.0,0.88,15.0,0.96,15.0,0.97,15.0,0.04,15.0,0.03,15.0,0.11,15.0,0.12,15.0,0.07,0.07,43.336949,1776188955000
1776188957.349,257.349,0.89,15.0,0.88,15.0,0.96,15.0,0.97,15.0,0.04,15.0,0.03,15.0,0.11,15.0,0.12,15.0,0.07,0.07,43.337017,1776188956000
1776188957.931,257.931,0.89,15.0,0.88,15.0,0.96,15.0,0.97,15.0,0.04,15.0,0.03,15.0,0.11,15.0,0.12,15.0,0.07,0.07,43.336932,1776188957000
1776188958.969,258.969,0.89,15.0,0.88,15.0,0.96,15.0,0.97,15.0,0.04,15.0,0.03,15.0,0.11,15.0,0.12,15.0,0.07,0.07,43.337026,1776188958000
1776188960.118,260.118,0.89,15.0,0.88,15.0,0.96,15.0,0.97,15.0,0.04,15.0,0.03,15.0,0.11,15.0,0.12,15.0,0.07,0.07,43.337025,1776188959000
1776188960.569,260.569,0.93,5.4,0.9,15.0,0.95,15.0,0.96,15.0,0.04,15.0,0.03,15.0,0.11,15.0,0.12,15.0,0.02,0.07,43.337025,1776188959000
1776188961.298,261.298,0.93,5.4,0.9,15.0,0.95,15.0,0.96,15.0,0.05,15.0,0.04,15.0,0.07,5.4,0.1,15.0,0.02,0.02,43.337037,1776188960000
1776188962.476,262.476,0.93,5.4,0.9,15.0,0.95,15.0,0.96,15.0,0.05,15.0,0.04,15.0,0.07,5.4,0.1,15.0,0.02,0.02,43.33702,1776188961000
1776188962.962,262.962,0.93,5.4,0.9,15.0,0.95,15.0,0.96,15.0,0.05,15.0,0.04,15.0,0.07,5.4,0.1,15.0,0.02,0.02,43.34027,1776188962000
1776188963.42,263.42,0.93,5.4,0.92,15.0,0.96,8.12,0.97,15.0,0.05,15.0,0.04,15.0,0.07,5.4,0.1,15.0,0.03,0.02,43.34027,1776188962000
1776188964.293,264.293,0.93,5.4,0.92,15.0,0.96,8.12,0.97,15.0,0.04,8.12,0.03,15.0,0.07,5.4,0.08,15.0,0.03,0.03,43.340778,1776188963000
1776188965.447,265.447,0.93,5.4,0.92,15.0,0.96,8.12,0.97,15.0,0.04,8.12,0.03,15.0,0.07,5.4,0.08,15.0,0.03,0.03,43.341013,1776188964000
1776188965.974,265.974,0.93,5.4,0.92,15.0,0.96,8.12,0.97,15.0,0.04,8.12,0.03,15.0,0.07,5.4,0.08,15.0,0.03,0.03,43.341053,1776188965000
1776188967.294,267.294,0.95,20.0,0.94,15.0,0.98,18.97,0.99,255.0,0.03,13.96,0.02,20.0,0.06,15.0,0.07,20.4,0.03,0.03,43.341053,1776188965000
1776188967.507,267.507,0.95,20.0,0.94,15.0,0.98,15.88,0.99,255.0,0.02,15.88,0.01,255.0,0.05,20.0,0.06,15.0,0.03,0.03,43.341053,1776188965000
1776188967.853,267.853,0.95,14.76,0.94,15.0,0.98,11.76,0.99,255.0,0.02,11.76,0.01,255.0,0.05,20.0,0.06,15.0,0.03,0.03,43.340868,1776188966000
1776188968.285,268.285,0.95,14.76,0.94,15.0,0.98,11.76,0.99,255.0,0.02,11.76,0.01,255.0,0.05,14.76,0.06,15.0,0.03,0.03,43.344832,1776188967000
1776188969.134,269.134,0.96,15.0,0.95,14.76,0.98,9.72,0.99,255.0,0.02,11.76,0.01,255.0,0.05,14.76,0.06,15.0,0.02,0.03,43.344832,1776188967000
1776188969.523,269.523,0.96,15.0,0.95,14.76,0.98,4.62,0.99,255.0,0.02,4.62,0.01,255.0,0.04,15.0,0.05,14.76,0.02,0.02,43.341177,1776188968000
1776188970.267,270.267,0.96,15.0,0.95,14.76,0.98,4.62,0.99,255.0,0.02,4.62,0.01,255.0,0.04,15.0,0.05,14.76,0.02,0.02,43.342024,1776188969000
1776188970.567,270.567,0.96,20.0,0.95,14.76,0.99,234.8,,,0.01,234.8,,,0.04,20.0,0.05,14.76,0.03,0.03,43.342024,1776188969000
1776188970.904,270.904,0.96,20.0,0.95,14.76,0.99,222.72,,,0.01,224.75,,,0.04,20.0,0.05,14.76,0.03,0.03,43.342024,1776188969000
1776188971.327,271.327,0.96,20.0,0.95,14.76,0.99,222.72,,,0.01,222.72,,,0.04,20.0,0.05,14.76,0.03,0.03,43.340179,1776188970000
1776188971.768,271.768,0.96,20.0,0.95,14.76,0.99,217.66,,,0.01,222.72,,,0.04,20.0,0.05,14.76,0.03,0.03,43.340179,1776188970000
1776188971.98,271.98,0.96,20.0,0.95,14.76,0.99,217.66,,,0.01,217.66,,,0.04,20.0,0.05,14.76,0.03,0.03,43.340162,1776188971000
1776188973.298,273.298,0.97,15.0,0.96,20.0,0.99,221.71,,,0.01,217.66,,,0.04,20.0,0.05,14.76,0.02,0.03,43.340162,1776188971000
1776188974.063,274.063,0.97,15.0,0.96,20.0,0.99,221.71,,,0.01,221.71,,,0.03,15.0,0.04,20.0,0.02,0.02,43.340096,1776188973000
1776188975.432,275.432,0.97,15.0,0.96,20.0,0.99,221.71,,,0.01,221.71,,,0.03,15.0,0.04,20.0,0.02,0.02,43.341086,1776188974000
1776188976.127,276.127,0.97,15.0,0.96,20.0,0.99,221.71,,,0.01,221.71,,,0.03,15.0,0.04,20.0,0.02,0.02,43.341086,1776188975000
1776188977.459,277.459,0.97,15.0,0.96,20.0,0.99,221.71,,,0.01,221.71,,,0.03,15.0,0.04,20.0,0.02,0.02,43.339802,1776188976000
1776188978.115,278.115,0.97,15.0,0.96,20.0,0.99,221.71,,,0.01,221.71,,,0.03,15.0,0.04,20.0,0.02,0.02,43.339795,1776188977000
1776188978.346,278.346,0.97,5.0,0.96,5.0,0.99,200.04,,,0.01,221.71,,,0.03,15.0,0.04,20.0,0.02,0.02,43.339795,1776188977000
1776188979.01,279.01,0.97,5.0,0.96,5.0,0.99,195.04,,,0.01,200.04,,,0.03,5.0,0.04,5.0,0.02,0.02,43.339795,1776188977000
1776188979.605,279.605,0.97,5.0,0.96,5.0,0.99,195.04,,,0.01,195.04,,,0.03,5.0,0.04,5.0,0.02,0.02,43.339793,1776188978000
1776188980.117,280.117,0.97,5.0,0.96,5.0,0.99,195.04,,,0.01,195.04,,,0.03,5.0,0.04,5.0,0.02,0.02,43.339783,1776188979000
1776188981.507,281.507,0.97,5.0,0.96,5.0,0.99,195.04,,,0.01,195.04,,,0.03,5.0,0.04,5.0,0.02,0.02,43.341607,1776188980000
1776188982.203,282.203,0.97,5.0,0.96,5.0,0.99,195.04,,,0.01,195.04,,,0.03,5.0,0.04,5.0,0.02,0.02,43.340863,1776188981000
1776188984.108,284.108,0.93,5.4,0.91,10.0,0.99,184.94,,,0.01,195.04,,,0.03,5.0,0.04,5.0,0.06,0.02,43.340863,1776188981000
1776188986.374,286.374,0.93,5.4,0.91,10.0,0.99,184.94,,,0.01,184.94,,,0.07,5.4,0.09,10.0,0.06,0.06,43.33925,1776188984000
1776188987.041,287.041,0.93,5.4,0.91,10.0,0.99,184.94,,,0.01,184.94,,,0.07,5.4,0.09,10.0,0.06,0.06,43.341252,1776188986000
1776188988.147,288.147,0.93,5.4,0.91,10.0,0.99,174.02,,,0.01,184.94,,,0.07,5.4,0.09,10.0,0.06,0.06,43.341252,1776188986000
1776188988.444,288.444,0.93,5.4,0.91,10.0,0.99,174.02,,,0.01,174.02,,,0.07,5.4,0.09,10.0,0.06,0.06,43.341135,1776188987000
1776188989.36,289.36,0.93,5.4,0.91,10.0,0.99,174.02,,,0.01,174.02,,,0.07,5.4,0.09,10.0,0.06,0.06,43.340535,1776188988000
1776188990.157,290.157,0.93,5.4,0.91,10.0,0.99,174.02,,,0.01,174.02,,,0.07,5.4,0.09,10.0,0.06,0.06,43.341047,1776188989000
1776188991.198,291.198,0.93,5.4,0.91,10.0,0.99,163.91,,,0.01,174.02,,,0.07,5.4,0.09,10.0,0.06,0.06,43.341047,1776188989000
1776188991.577,291.577,0.93,5.4,0.91,10.0,0.99,163.91,,,0.01,163.91,,,0.07,5.4,0.09,10.0,0.06,0.06,43.340346,1776188990000
1776188992.388,292.388,0.93,5.4,0.91,10.0,0.99,163.91,,,0.01,163.91,,,0.07,5.4,0.09,10.0,0.06,0.06,43.340346,1776188991000
1776188993.092,293.092,0.93,5.4,0.91,10.0,0.99,152.91,,,0.01,158.91,,,0.07,5.4,0.09,10.0,0.06,0.06,43.340346,1776188991000
1776188994.243,294.243,0.93,5.4,0.91,10.0,0.99,77.15,,,0.01,132.7,,,0.07,5.4,0.09,10.0,0.06,0.06,43.34035,1776188992000
1776188994.576,294.576,0.93,5.4,0.91,10.0,0.99,77.15,,,0.01,77.15,,,0.07,5.4,0.09,10.0,0.06,0.06,43.340333,1776188993000
1776188995.242,295.242,0.93,5.4,0.91,10.0,0.99,77.15,,,0.01,77.15,,,0.07,5.4,0.09,10.0,0.06,0.06,43.340843,1776188994000
1776188995.875,295.875,0.93,5.4,0.91,10.0,0.99,56.99,,,0.01,61.99,,,0.07,5.4,0.09,10.0,0.06,0.06,43.340843,1776188994000
1776188996.327,296.327,0.93,5.4,0.91,10.0,0.99,39.43,,,0.01,42.43,,,0.07,5.4,0.09,10.0,0.06,0.06,43.340843,1776188994000
1776188997.435,297.435,0.93,5.4,0.91,10.0,0.99,28.43,,,0.01,39.43,,,0.07,5.4,0.09,10.0,0.06,0.06,43.340843,1776188994000
1776188997.693,297.693,0.93,5.4,0.91,10.0,,,,,0.01,9.33,,,0.07,5.4,0.09,10.0,,0.06,43.340843,1776188994000
1776188999.035,299.035,0.93,5.4,0.91,10.0,,,,,,,,,0.07,5.4,0.09,10.0,,,43.341055,1776188995000
1776189000.592,300.592,0.93,5.4,0.91,10.0,,,,,,,,,0.07,5.4,0.09,10.0,,,43.339638,1776188999000

# RESULT,winner=Up,slug=hype-updown-5m-1776188700,ticks=324
