timestamp,elapsed_sec,up_bid_p1,up_bid_s1,up_bid_p2,up_bid_s2,up_bid_p3,up_bid_s3,up_bid_p4,up_bid_s4,up_bid_p5,up_bid_s5,up_ask_p1,up_ask_s1,up_ask_p2,up_ask_s2,up_ask_p3,up_ask_s3,up_ask_p4,up_ask_s4,up_ask_p5,up_ask_s5,down_bid_p1,down_bid_s1,down_bid_p2,down_bid_s2,down_bid_p3,down_bid_s3,down_bid_p4,down_bid_s4,down_bid_p5,down_bid_s5,down_ask_p1,down_ask_s1,down_ask_p2,down_ask_s2,down_ask_p3,down_ask_s3,down_ask_p4,down_ask_s4,down_ask_p5,down_ask_s5,up_spread,down_spread,hype_price,hype_oracle_ts
1776170101.455,1.455,0.11,100.0,0.08,150.0,0.07,150.0,0.06,150.0,0.05,175.0,0.89,100.0,0.92,150.0,0.93,150.0,0.94,150.0,0.95,175.0,0.11,100.0,0.08,150.0,0.07,150.0,0.06,150.0,0.05,175.0,0.89,100.0,0.92,150.0,0.93,150.0,0.94,150.0,0.95,175.0,0.78,0.78,45.064135,1776170099000
1776170101.945,1.945,0.11,100.0,0.08,150.0,0.07,150.0,0.06,150.0,0.05,175.0,0.89,100.0,0.92,150.0,0.93,150.0,0.94,150.0,0.95,175.0,0.27,5.0,0.26,5.0,0.25,5.0,0.24,5.0,0.23,5.0,0.51,5.0,0.52,5.0,0.53,5.0,0.54,15.0,0.55,5.0,0.78,0.24,45.064135,1776170099000
1776170102.541,2.541,0.49,5.0,0.48,5.0,0.47,5.0,0.46,15.0,0.45,5.0,0.73,5.0,0.74,5.0,0.75,5.0,0.76,5.0,0.77,5.0,0.27,5.0,0.26,5.0,0.25,5.0,0.24,5.0,0.23,5.0,0.51,5.0,0.52,5.0,0.53,5.0,0.54,15.0,0.55,5.0,0.24,0.24,45.064374,1776170101000
1776170103.265,3.265,0.49,5.0,0.48,5.0,0.47,5.0,0.46,15.0,0.45,5.0,0.73,5.0,0.74,5.0,0.75,5.0,0.76,5.0,0.77,5.0,0.27,5.0,0.26,5.0,0.25,5.0,0.24,5.0,0.23,5.0,0.51,5.0,0.52,5.0,0.53,5.0,0.54,15.0,0.55,5.0,0.24,0.24,45.064472,1776170102000
1776170104.717,4.717,0.49,5.0,0.48,5.0,0.47,5.0,0.46,15.0,0.45,5.0,0.73,5.0,0.74,5.0,0.75,5.0,0.76,5.0,0.77,5.0,0.27,5.0,0.26,5.0,0.25,5.0,0.24,5.0,0.23,5.0,0.51,5.0,0.52,5.0,0.53,5.0,0.54,15.0,0.55,5.0,0.24,0.24,45.067369,1776170103000
1776170105.364,5.364,0.49,5.0,0.48,5.0,0.47,5.0,0.46,15.0,0.45,5.0,0.73,5.0,0.74,5.0,0.75,5.0,0.76,5.0,0.77,5.0,0.27,5.0,0.26,5.0,0.25,5.0,0.24,5.0,0.23,5.0,0.51,5.0,0.52,5.0,0.53,5.0,0.54,15.0,0.55,5.0,0.24,0.24,45.067369,1776170104000
1776170106.084,6.084,0.49,5.0,0.48,5.0,0.47,5.0,0.46,15.0,0.45,5.0,0.73,5.0,0.74,5.0,0.75,5.0,0.76,5.0,0.77,5.0,0.27,5.0,0.26,5.0,0.25,5.0,0.24,5.0,0.23,5.0,0.51,5.0,0.52,5.0,0.53,5.0,0.54,15.0,0.55,5.0,0.24,0.24,45.068543,1776170105000
1776170107.411,7.411,0.49,5.0,0.48,5.0,0.47,5.0,0.46,15.0,0.45,5.0,0.73,5.0,0.74,5.0,0.75,5.0,0.76,5.0,0.77,5.0,0.27,5.0,0.26,5.0,0.25,5.0,0.24,5.0,0.23,5.0,0.51,5.0,0.52,5.0,0.53,5.0,0.54,15.0,0.55,5.0,0.24,0.24,45.06902,1776170106000
1776170108.06,8.06,0.49,5.0,0.48,5.0,0.47,5.0,0.46,15.0,0.45,5.0,0.73,5.0,0.74,5.0,0.75,5.0,0.76,5.0,0.77,5.0,0.27,5.0,0.26,5.0,0.25,5.0,0.24,5.0,0.23,5.0,0.51,5.0,0.52,5.0,0.53,5.0,0.54,15.0,0.55,5.0,0.24,0.24,45.070956,1776170107000
1776170109.616,9.616,0.49,5.0,0.48,5.0,0.47,5.0,0.46,15.0,0.45,5.0,0.73,5.0,0.74,5.0,0.75,5.0,0.76,5.0,0.77,5.0,0.27,5.0,0.26,5.0,0.25,5.0,0.24,5.0,0.23,5.0,0.51,5.0,0.52,5.0,0.53,5.0,0.54,15.0,0.55,5.0,0.24,0.24,45.070002,1776170108000
1776170110.32,10.32,0.49,5.0,0.48,5.0,0.47,5.0,0.46,15.0,0.45,5.0,0.73,5.0,0.74,5.0,0.75,5.0,0.76,5.0,0.77,5.0,0.27,5.0,0.26,5.0,0.25,5.0,0.24,5.0,0.23,5.0,0.51,5.0,0.52,5.0,0.53,5.0,0.54,15.0,0.55,5.0,0.24,0.24,45.069957,1776170109000
1776170111.092,11.092,0.49,5.0,0.48,5.0,0.47,5.0,0.46,15.0,0.45,5.0,0.73,5.0,0.74,5.0,0.75,5.0,0.76,5.0,0.77,5.0,0.27,5.0,0.26,5.0,0.25,5.0,0.24,5.0,0.23,5.0,0.51,5.0,0.52,5.0,0.53,5.0,0.54,15.0,0.55,5.0,0.24,0.24,45.070909,1776170110000
1776170112.341,12.341,0.49,5.0,0.48,5.0,0.47,5.0,0.46,15.0,0.45,5.0,0.73,5.0,0.74,5.0,0.75,5.0,0.76,5.0,0.77,5.0,0.27,5.0,0.26,5.0,0.25,5.0,0.24,5.0,0.23,5.0,0.51,5.0,0.52,5.0,0.53,5.0,0.54,15.0,0.55,5.0,0.24,0.24,45.069872,1776170111000
1776170113.096,13.096,0.49,5.0,0.48,5.0,0.47,5.0,0.46,15.0,0.45,5.0,0.73,5.0,0.74,5.0,0.75,5.0,0.76,5.0,0.77,5.0,0.27,5.0,0.26,5.0,0.25,5.0,0.24,5.0,0.23,5.0,0.51,5.0,0.52,5.0,0.53,5.0,0.54,15.0,0.55,5.0,0.24,0.24,45.070319,1776170112000
1776170114.464,14.464,0.49,5.0,0.48,5.0,0.47,5.0,0.46,15.0,0.45,5.0,0.73,5.0,0.74,5.0,0.75,5.0,0.76,5.0,0.77,5.0,0.27,5.0,0.26,5.0,0.25,5.0,0.24,5.0,0.23,5.0,0.51,5.0,0.52,5.0,0.53,5.0,0.54,15.0,0.55,5.0,0.24,0.24,45.070543,1776170113000
1776170115.203,15.203,0.49,5.0,0.48,5.0,0.47,5.0,0.46,15.0,0.45,5.0,0.73,5.0,0.74,5.0,0.75,5.0,0.76,5.0,0.77,5.0,0.27,5.0,0.26,5.0,0.25,5.0,0.24,5.0,0.23,5.0,0.51,5.0,0.52,5.0,0.53,5.0,0.54,15.0,0.55,5.0,0.24,0.24,45.068968,1776170114000
1776170116.702,16.702,0.49,5.0,0.48,5.0,0.47,5.0,0.46,15.0,0.45,5.0,0.73,5.0,0.74,5.0,0.75,5.0,0.76,5.0,0.77,5.0,0.27,5.0,0.26,5.0,0.25,5.0,0.24,5.0,0.23,5.0,0.51,5.0,0.52,5.0,0.53,5.0,0.54,15.0,0.55,5.0,0.24,0.24,45.066752,1776170115000
1776170117.389,17.389,0.49,5.0,0.48,5.0,0.47,5.0,0.46,15.0,0.45,5.0,0.73,5.0,0.74,5.0,0.75,5.0,0.76,5.0,0.77,5.0,0.27,5.0,0.26,5.0,0.25,5.0,0.24,5.0,0.23,5.0,0.51,5.0,0.52,5.0,0.53,5.0,0.54,15.0,0.55,5.0,0.24,0.24,45.066255,1776170116000
1776170118.121,18.121,0.49,5.0,0.48,5.0,0.47,5.0,0.46,15.0,0.45,5.0,0.73,5.0,0.74,5.0,0.75,5.0,0.76,5.0,0.77,5.0,0.27,5.0,0.26,5.0,0.25,5.0,0.24,5.0,0.23,5.0,0.51,5.0,0.52,5.0,0.53,5.0,0.54,15.0,0.55,5.0,0.24,0.24,45.065083,1776170117000
1776170119.002,19.002,0.49,5.0,0.48,5.0,0.47,5.0,0.46,15.0,0.45,5.0,0.73,5.0,0.74,5.0,0.75,5.0,0.76,5.0,0.77,5.0,0.27,5.0,0.26,5.0,0.25,5.0,0.24,5.0,0.23,5.0,0.51,5.0,0.52,5.0,0.53,5.0,0.54,15.0,0.55,5.0,0.24,0.24,45.065253,1776170118000
1776170120.06,20.06,0.49,5.0,0.48,5.0,0.47,5.0,0.46,15.0,0.45,5.0,0.73,5.0,0.74,5.0,0.75,5.0,0.76,5.0,0.77,5.0,0.27,5.0,0.26,5.0,0.25,5.0,0.24,5.0,0.23,5.0,0.51,5.0,0.52,5.0,0.53,5.0,0.54,15.0,0.55,5.0,0.24,0.24,45.065201,1776170119000
1776170121.102,21.102,0.49,5.0,0.48,5.0,0.47,5.0,0.46,15.0,0.45,5.0,0.73,5.0,0.74,5.0,0.75,5.0,0.76,5.0,0.77,5.0,0.27,5.0,0.26,5.0,0.25,5.0,0.24,5.0,0.23,5.0,0.51,5.0,0.52,5.0,0.53,5.0,0.54,15.0,0.55,5.0,0.24,0.24,45.067487,1776170120000
1776170122.158,22.158,0.49,5.0,0.48,5.0,0.47,5.0,0.46,15.0,0.45,5.0,0.73,5.0,0.74,5.0,0.75,5.0,0.76,5.0,0.77,5.0,0.27,5.0,0.26,5.0,0.25,5.0,0.24,5.0,0.23,5.0,0.51,5.0,0.52,5.0,0.53,5.0,0.54,15.0,0.55,5.0,0.24,0.24,45.067963,1776170121000
1776170123.255,23.255,0.49,5.0,0.48,5.0,0.47,5.0,0.46,15.0,0.45,5.0,0.73,5.0,0.74,5.0,0.75,5.0,0.76,5.0,0.77,5.0,0.27,5.0,0.26,5.0,0.25,5.0,0.24,5.0,0.23,5.0,0.51,5.0,0.52,5.0,0.53,5.0,0.54,15.0,0.55,5.0,0.24,0.24,45.067254,1776170122000
1776170124.341,24.341,0.49,5.0,0.48,5.0,0.47,5.0,0.46,15.0,0.45,5.0,0.73,5.0,0.74,5.0,0.75,5.0,0.76,5.0,0.77,5.0,0.27,5.0,0.26,5.0,0.25,5.0,0.24,5.0,0.23,5.0,0.51,5.0,0.52,5.0,0.53,5.0,0.54,15.0,0.55,5.0,0.24,0.24,45.067711,1776170123000
1776170125.404,25.404,0.49,5.0,0.48,5.0,0.47,5.0,0.46,15.0,0.45,5.0,0.73,5.0,0.74,5.0,0.75,5.0,0.76,5.0,0.77,5.0,0.27,5.0,0.26,5.0,0.25,5.0,0.24,5.0,0.23,5.0,0.51,5.0,0.52,5.0,0.53,5.0,0.54,15.0,0.55,5.0,0.24,0.24,45.067718,1776170124000
1776170125.946,25.946,0.49,5.0,0.48,5.0,0.47,5.0,0.46,15.0,0.45,5.0,0.73,5.0,0.74,5.0,0.75,5.0,0.76,5.0,0.77,5.0,0.27,5.0,0.26,5.0,0.25,5.0,0.24,5.0,0.23,5.0,0.51,5.0,0.52,5.0,0.53,5.0,0.54,15.0,0.55,5.0,0.24,0.24,45.067848,1776170125000
1776170127.015,27.015,0.49,5.0,0.48,5.0,0.47,5.0,0.46,15.0,0.45,5.0,0.73,5.0,0.74,5.0,0.75,5.0,0.76,5.0,0.77,5.0,0.27,5.0,0.26,5.0,0.25,5.0,0.24,5.0,0.23,5.0,0.51,5.0,0.52,5.0,0.53,5.0,0.54,15.0,0.55,5.0,0.24,0.24,45.067848,1776170126000
1776170128.038,28.038,0.49,5.0,0.48,5.0,0.47,5.0,0.46,15.0,0.45,5.0,0.73,5.0,0.74,5.0,0.75,5.0,0.76,5.0,0.77,5.0,0.27,5.0,0.26,5.0,0.25,5.0,0.24,5.0,0.23,5.0,0.51,5.0,0.52,5.0,0.53,5.0,0.54,15.0,0.55,5.0,0.24,0.24,45.068623,1776170127000
1776170129.11,29.11,0.49,5.0,0.48,5.0,0.47,5.0,0.46,15.0,0.45,5.0,0.73,5.0,0.74,5.0,0.75,5.0,0.76,5.0,0.77,5.0,0.27,5.0,0.26,5.0,0.25,5.0,0.24,5.0,0.23,5.0,0.51,5.0,0.52,5.0,0.53,5.0,0.54,15.0,0.55,5.0,0.24,0.24,45.067888,1776170128000
1776170130.212,30.212,0.49,5.0,0.48,5.0,0.47,5.0,0.46,15.0,0.45,5.0,0.73,5.0,0.74,5.0,0.75,5.0,0.76,5.0,0.77,5.0,0.27,5.0,0.26,5.0,0.25,5.0,0.24,5.0,0.23,5.0,0.51,5.0,0.52,5.0,0.53,5.0,0.54,15.0,0.55,5.0,0.24,0.24,45.067888,1776170129000
1776170131.228,31.228,0.49,5.0,0.48,5.0,0.47,5.0,0.46,15.0,0.45,5.0,0.73,5.0,0.74,5.0,0.75,5.0,0.76,5.0,0.77,5.0,0.27,5.0,0.26,5.0,0.25,5.0,0.24,5.0,0.23,5.0,0.51,5.0,0.52,5.0,0.53,5.0,0.54,15.0,0.55,5.0,0.24,0.24,45.067156,1776170130000
1776170133.065,33.065,0.49,5.0,0.48,5.0,0.47,5.0,0.46,15.0,0.45,5.0,0.73,5.0,0.74,5.0,0.75,5.0,0.76,5.0,0.77,5.0,0.27,5.0,0.26,5.0,0.25,5.0,0.24,5.0,0.23,5.0,0.51,5.0,0.52,5.0,0.53,5.0,0.54,15.0,0.55,5.0,0.24,0.24,45.065565,1776170131000
1776170133.464,33.464,0.49,5.0,0.48,5.0,0.47,5.0,0.46,15.0,0.45,5.0,0.73,5.0,0.74,5.0,0.75,5.0,0.76,5.0,0.77,5.0,0.27,5.0,0.26,5.0,0.25,5.0,0.24,5.0,0.23,5.0,0.51,5.0,0.52,5.0,0.53,5.0,0.54,15.0,0.55,5.0,0.24,0.24,45.065871,1776170132000
1776170134.038,34.038,0.49,5.0,0.48,5.0,0.47,5.0,0.46,15.0,0.45,5.0,0.73,5.0,0.74,5.0,0.75,5.0,0.76,5.0,0.77,5.0,0.27,5.0,0.26,5.0,0.25,5.0,0.24,5.0,0.23,5.0,0.51,5.0,0.52,5.0,0.53,5.0,0.54,15.0,0.55,5.0,0.24,0.24,45.066208,1776170133000
1776170135.304,35.304,0.49,5.0,0.48,5.0,0.47,5.0,0.46,15.0,0.45,5.0,0.73,5.0,0.74,5.0,0.75,5.0,0.76,5.0,0.77,5.0,0.27,5.0,0.26,5.0,0.25,5.0,0.24,5.0,0.23,5.0,0.51,5.0,0.52,5.0,0.53,5.0,0.54,15.0,0.55,5.0,0.24,0.24,45.067793,1776170134000
1776170136.292,36.292,0.49,5.0,0.48,5.0,0.47,5.0,0.46,15.0,0.45,5.0,0.73,5.0,0.74,5.0,0.75,5.0,0.76,5.0,0.77,5.0,0.27,5.0,0.26,5.0,0.25,5.0,0.24,5.0,0.23,5.0,0.51,5.0,0.52,5.0,0.53,5.0,0.54,15.0,0.55,5.0,0.24,0.24,45.068392,1776170135000
1776170137.89,37.89,0.49,5.0,0.48,5.0,0.47,5.0,0.46,15.0,0.45,5.0,0.73,5.0,0.74,5.0,0.75,5.0,0.76,5.0,0.77,5.0,0.27,5.0,0.26,5.0,0.25,5.0,0.24,5.0,0.23,5.0,0.51,5.0,0.52,5.0,0.53,5.0,0.54,15.0,0.55,5.0,0.24,0.24,45.067274,1776170136000
1776170138.434,38.434,0.49,5.0,0.48,5.0,0.47,5.0,0.46,15.0,0.45,5.0,0.73,5.0,0.74,5.0,0.75,5.0,0.76,5.0,0.77,5.0,0.27,5.0,0.26,5.0,0.25,5.0,0.24,5.0,0.23,5.0,0.51,5.0,0.52,5.0,0.53,5.0,0.54,15.0,0.55,5.0,0.24,0.24,45.068367,1776170137000
1776170139.076,39.076,0.49,5.0,0.48,5.0,0.47,5.0,0.46,15.0,0.45,5.0,0.73,5.0,0.74,5.0,0.75,5.0,0.76,5.0,0.77,5.0,0.27,5.0,0.26,5.0,0.25,5.0,0.24,5.0,0.23,5.0,0.51,5.0,0.52,5.0,0.53,5.0,0.54,15.0,0.55,5.0,0.24,0.24,45.069285,1776170138000
1776170140.19,40.19,0.49,5.0,0.48,5.0,0.47,5.0,0.46,15.0,0.45,5.0,0.73,5.0,0.74,5.0,0.75,5.0,0.76,5.0,0.77,5.0,0.27,5.0,0.26,5.0,0.25,5.0,0.24,5.0,0.23,5.0,0.51,5.0,0.52,5.0,0.53,5.0,0.54,15.0,0.55,5.0,0.24,0.24,45.069783,1776170139000
1776170141.35,41.35,0.49,5.0,0.48,5.0,0.47,5.0,0.46,15.0,0.45,5.0,0.73,5.0,0.74,5.0,0.75,5.0,0.76,5.0,0.77,5.0,0.27,5.0,0.26,5.0,0.25,5.0,0.24,5.0,0.23,5.0,0.51,5.0,0.52,5.0,0.53,5.0,0.54,15.0,0.55,5.0,0.24,0.24,45.06945,1776170140000
1776170141.979,41.979,0.49,5.0,0.48,5.0,0.47,5.0,0.46,15.0,0.45,5.0,0.73,5.0,0.74,5.0,0.75,5.0,0.76,5.0,0.77,5.0,0.27,5.0,0.26,5.0,0.25,5.0,0.24,5.0,0.23,5.0,0.51,5.0,0.52,5.0,0.53,5.0,0.54,15.0,0.55,5.0,0.24,0.24,45.069469,1776170141000
1776170143.12,43.12,0.49,5.0,0.48,5.0,0.47,5.0,0.46,15.0,0.45,5.0,0.73,5.0,0.74,5.0,0.75,5.0,0.76,5.0,0.77,5.0,0.27,5.0,0.26,5.0,0.25,5.0,0.24,5.0,0.23,5.0,0.51,5.0,0.52,5.0,0.53,5.0,0.54,15.0,0.55,5.0,0.24,0.24,45.069856,1776170142000
1776170144.215,44.215,0.49,5.0,0.48,5.0,0.47,5.0,0.46,15.0,0.45,5.0,0.73,5.0,0.74,5.0,0.75,5.0,0.76,5.0,0.77,5.0,0.27,5.0,0.26,5.0,0.25,5.0,0.24,5.0,0.23,5.0,0.51,5.0,0.52,5.0,0.53,5.0,0.54,15.0,0.55,5.0,0.24,0.24,45.069838,1776170143000
1776170145.347,45.347,0.49,5.0,0.48,5.0,0.47,5.0,0.46,15.0,0.45,5.0,0.73,5.0,0.74,5.0,0.75,5.0,0.76,5.0,0.77,5.0,0.27,5.0,0.26,5.0,0.25,5.0,0.24,5.0,0.23,5.0,0.51,5.0,0.52,5.0,0.53,5.0,0.54,15.0,0.55,5.0,0.24,0.24,45.069819,1776170144000
1776170145.965,45.965,0.49,5.0,0.48,5.0,0.47,5.0,0.46,15.0,0.45,5.0,0.73,5.0,0.74,5.0,0.75,5.0,0.76,5.0,0.77,5.0,0.27,5.0,0.26,5.0,0.25,5.0,0.24,5.0,0.23,5.0,0.51,5.0,0.52,5.0,0.53,5.0,0.54,15.0,0.55,5.0,0.24,0.24,45.069385,1776170145000
1776170147.121,47.121,0.49,5.0,0.48,5.0,0.47,5.0,0.46,15.0,0.45,5.0,0.73,5.0,0.74,5.0,0.75,5.0,0.76,5.0,0.77,5.0,0.27,5.0,0.26,5.0,0.25,5.0,0.24,5.0,0.23,5.0,0.51,5.0,0.52,5.0,0.53,5.0,0.54,15.0,0.55,5.0,0.24,0.24,45.069534,1776170146000
1776170147.992,47.992,0.49,5.0,0.48,5.0,0.47,5.0,0.46,15.0,0.45,5.0,0.73,5.0,0.74,5.0,0.75,5.0,0.76,5.0,0.77,5.0,0.27,5.0,0.26,5.0,0.25,5.0,0.24,5.0,0.23,5.0,0.51,5.0,0.52,5.0,0.53,5.0,0.54,15.0,0.55,5.0,0.24,0.24,45.070242,1776170147000
1776170149.055,49.055,0.49,5.0,0.48,5.0,0.47,5.0,0.46,15.0,0.45,5.0,0.73,5.0,0.74,5.0,0.75,5.0,0.76,5.0,0.77,5.0,0.27,5.0,0.26,5.0,0.25,5.0,0.24,5.0,0.23,5.0,0.51,5.0,0.52,5.0,0.53,5.0,0.54,15.0,0.55,5.0,0.24,0.24,45.070103,1776170148000
1776170149.979,49.979,0.49,5.0,0.48,5.0,0.47,5.0,0.46,15.0,0.45,5.0,0.73,5.0,0.74,5.0,0.75,5.0,0.76,5.0,0.77,5.0,0.27,5.0,0.26,5.0,0.25,5.0,0.24,5.0,0.23,5.0,0.51,5.0,0.52,5.0,0.53,5.0,0.54,15.0,0.55,5.0,0.24,0.24,45.070103,1776170149000
1776170150.957,50.957,0.49,5.0,0.48,5.0,0.47,5.0,0.46,15.0,0.45,5.0,0.73,5.0,0.74,5.0,0.75,5.0,0.76,5.0,0.77,5.0,0.27,5.0,0.26,5.0,0.25,5.0,0.24,5.0,0.23,5.0,0.51,5.0,0.52,5.0,0.53,5.0,0.54,15.0,0.55,5.0,0.24,0.24,45.069338,1776170150000
1776170151.922,51.922,0.49,5.0,0.48,5.0,0.47,5.0,0.46,15.0,0.45,5.0,0.73,5.0,0.74,5.0,0.75,5.0,0.76,5.0,0.77,5.0,0.27,5.0,0.26,5.0,0.25,5.0,0.24,5.0,0.23,5.0,0.51,5.0,0.52,5.0,0.53,5.0,0.54,15.0,0.55,5.0,0.24,0.24,45.069338,1776170151000
1776170152.917,52.917,0.49,5.0,0.48,5.0,0.47,5.0,0.46,15.0,0.45,5.0,0.73,5.0,0.74,5.0,0.75,5.0,0.76,5.0,0.77,5.0,0.27,5.0,0.26,5.0,0.25,5.0,0.24,5.0,0.23,5.0,0.51,5.0,0.52,5.0,0.53,5.0,0.54,15.0,0.55,5.0,0.24,0.24,45.06367,1776170152000
1776170153.893,53.893,0.49,5.0,0.48,5.0,0.47,5.0,0.46,15.0,0.45,5.0,0.73,5.0,0.74,5.0,0.75,5.0,0.76,5.0,0.77,5.0,0.27,5.0,0.26,5.0,0.25,5.0,0.24,5.0,0.23,5.0,0.51,5.0,0.52,5.0,0.53,5.0,0.54,15.0,0.55,5.0,0.24,0.24,45.061744,1776170153000
1776170154.87,54.87,0.49,5.0,0.48,5.0,0.47,5.0,0.46,15.0,0.45,5.0,0.73,5.0,0.74,5.0,0.75,5.0,0.76,5.0,0.77,5.0,0.27,5.0,0.26,5.0,0.25,5.0,0.24,5.0,0.23,5.0,0.51,5.0,0.52,5.0,0.53,5.0,0.54,15.0,0.55,5.0,0.24,0.24,45.061073,1776170154000
1776170156.273,56.273,0.49,5.0,0.48,5.0,0.47,5.0,0.46,15.0,0.45,5.0,0.73,5.0,0.74,5.0,0.75,5.0,0.76,5.0,0.77,5.0,0.27,5.0,0.26,5.0,0.25,5.0,0.24,5.0,0.23,5.0,0.51,5.0,0.52,5.0,0.53,5.0,0.54,15.0,0.55,5.0,0.24,0.24,45.059073,1776170155000
1776170157.25,57.25,0.49,5.0,0.48,5.0,0.47,5.0,0.46,15.0,0.45,5.0,0.73,5.0,0.74,5.0,0.75,5.0,0.76,5.0,0.77,5.0,0.27,5.0,0.26,5.0,0.25,5.0,0.24,5.0,0.23,5.0,0.51,5.0,0.52,5.0,0.53,5.0,0.54,15.0,0.55,5.0,0.24,0.24,45.058182,1776170156000
1776170158.186,58.186,0.49,5.0,0.48,5.0,0.47,5.0,0.46,15.0,0.45,5.0,0.73,5.0,0.74,5.0,0.75,5.0,0.76,5.0,0.77,5.0,0.27,5.0,0.26,5.0,0.25,5.0,0.24,5.0,0.23,5.0,0.51,5.0,0.52,5.0,0.53,5.0,0.54,15.0,0.55,5.0,0.24,0.24,45.058183,1776170157000
1776170159.194,59.194,0.49,5.0,0.48,5.0,0.47,5.0,0.46,15.0,0.45,5.0,0.73,5.0,0.74,5.0,0.75,5.0,0.76,5.0,0.77,5.0,0.27,5.0,0.26,5.0,0.25,5.0,0.24,5.0,0.23,5.0,0.51,5.0,0.52,5.0,0.53,5.0,0.54,15.0,0.55,5.0,0.24,0.24,45.058446,1776170158000
1776170160.796,60.796,0.49,5.0,0.48,5.0,0.47,5.0,0.46,15.0,0.45,5.0,0.73,5.0,0.74,5.0,0.75,5.0,0.76,5.0,0.77,5.0,0.27,5.0,0.26,5.0,0.25,5.0,0.24,5.0,0.23,5.0,0.51,5.0,0.52,5.0,0.53,5.0,0.54,15.0,0.55,5.0,0.24,0.24,45.057996,1776170159000
1776170161.441,61.441,0.49,5.0,0.48,5.0,0.47,5.0,0.46,15.0,0.45,5.0,0.73,5.0,0.74,5.0,0.75,5.0,0.76,5.0,0.77,5.0,0.27,5.0,0.26,5.0,0.25,5.0,0.24,5.0,0.23,5.0,0.51,5.0,0.52,5.0,0.53,5.0,0.54,15.0,0.55,5.0,0.24,0.24,45.052017,1776170160000
1776170162.254,62.254,0.49,5.0,0.48,5.0,0.47,5.0,0.46,15.0,0.45,5.0,0.73,5.0,0.74,5.0,0.75,5.0,0.76,5.0,0.77,5.0,0.27,5.0,0.26,5.0,0.25,5.0,0.24,5.0,0.23,5.0,0.51,5.0,0.52,5.0,0.53,5.0,0.54,15.0,0.55,5.0,0.24,0.24,45.056121,1776170161000
1776170163.398,63.398,0.49,5.0,0.48,5.0,0.47,5.0,0.46,15.0,0.45,5.0,0.73,5.0,0.74,5.0,0.75,5.0,0.76,5.0,0.77,5.0,0.27,5.0,0.26,5.0,0.25,5.0,0.24,5.0,0.23,5.0,0.51,5.0,0.52,5.0,0.53,5.0,0.54,15.0,0.55,5.0,0.24,0.24,45.050371,1776170162000
1776170163.921,63.921,0.49,5.0,0.48,5.0,0.47,5.0,0.46,15.0,0.45,5.0,0.73,5.0,0.74,5.0,0.75,5.0,0.76,5.0,0.77,5.0,0.27,5.0,0.26,5.0,0.25,5.0,0.24,5.0,0.23,5.0,0.51,5.0,0.52,5.0,0.53,5.0,0.54,15.0,0.55,5.0,0.24,0.24,45.053349,1776170163000
1776170165.156,65.156,0.49,5.0,0.48,5.0,0.47,5.0,0.46,15.0,0.45,5.0,0.73,5.0,0.74,5.0,0.75,5.0,0.76,5.0,0.77,5.0,0.27,5.0,0.26,5.0,0.25,5.0,0.24,5.0,0.23,5.0,0.51,5.0,0.52,5.0,0.53,5.0,0.54,15.0,0.55,5.0,0.24,0.24,45.051626,1776170164000
1776170166.365,66.365,0.49,5.0,0.48,5.0,0.47,5.0,0.46,15.0,0.45,5.0,0.73,5.0,0.74,5.0,0.75,5.0,0.76,5.0,0.77,5.0,0.27,5.0,0.26,5.0,0.25,5.0,0.24,5.0,0.23,5.0,0.51,5.0,0.52,5.0,0.53,5.0,0.54,15.0,0.55,5.0,0.24,0.24,45.049632,1776170165000
1776170167.4,67.4,0.49,5.0,0.48,5.0,0.47,5.0,0.46,15.0,0.45,5.0,0.73,5.0,0.74,5.0,0.75,5.0,0.76,5.0,0.77,5.0,0.27,5.0,0.26,5.0,0.25,5.0,0.24,5.0,0.23,5.0,0.51,5.0,0.52,5.0,0.53,5.0,0.54,15.0,0.55,5.0,0.24,0.24,45.044361,1776170166000
1776170167.932,67.932,0.49,5.0,0.48,5.0,0.47,5.0,0.46,15.0,0.45,5.0,0.73,5.0,0.74,5.0,0.75,5.0,0.76,5.0,0.77,5.0,0.27,5.0,0.26,5.0,0.25,5.0,0.24,5.0,0.23,5.0,0.51,5.0,0.52,5.0,0.53,5.0,0.54,15.0,0.55,5.0,0.24,0.24,45.039192,1776170167000
1776170168.452,68.452,0.26,13.64,0.25,15.0,0.24,15.0,0.23,15.0,0.22,15.0,0.36,10.0,0.38,15.0,0.39,15.0,0.4,15.0,0.41,15.0,0.27,5.0,0.26,5.0,0.25,5.0,0.24,5.0,0.23,5.0,0.51,5.0,0.52,5.0,0.53,5.0,0.54,15.0,0.55,5.0,0.1,0.24,45.039192,1776170167000
1776170169.092,69.092,0.26,13.64,0.25,15.0,0.24,15.0,0.23,15.0,0.22,15.0,0.36,10.0,0.38,15.0,0.39,15.0,0.4,15.0,0.41,15.0,0.64,10.0,0.62,15.0,0.61,15.0,0.6,15.0,0.59,15.0,0.74,13.64,0.75,15.0,0.76,15.0,0.77,15.0,0.78,15.0,0.1,0.1,45.036524,1776170168000
1776170170.358,70.358,0.26,13.64,0.25,15.0,0.24,15.0,0.23,15.0,0.22,15.0,0.36,10.0,0.38,15.0,0.39,15.0,0.4,15.0,0.41,15.0,0.64,10.0,0.62,15.0,0.61,15.0,0.6,15.0,0.59,15.0,0.74,13.64,0.75,15.0,0.76,15.0,0.77,15.0,0.78,15.0,0.1,0.1,45.03605,1776170169000
1776170170.908,70.908,0.26,13.64,0.25,15.0,0.24,15.0,0.23,15.0,0.22,15.0,0.36,10.0,0.38,15.0,0.39,15.0,0.4,15.0,0.41,15.0,0.64,10.0,0.62,15.0,0.61,15.0,0.6,15.0,0.59,15.0,0.74,13.64,0.75,15.0,0.76,15.0,0.77,15.0,0.78,15.0,0.1,0.1,45.035537,1776170170000
1776170172.029,72.029,0.26,13.64,0.25,15.0,0.24,15.0,0.23,15.0,0.22,15.0,0.36,10.0,0.38,15.0,0.39,15.0,0.4,15.0,0.41,15.0,0.64,10.0,0.62,15.0,0.61,15.0,0.6,15.0,0.59,15.0,0.74,13.64,0.75,15.0,0.76,15.0,0.77,15.0,0.78,15.0,0.1,0.1,45.036646,1776170171000
1776170173.191,73.191,0.26,13.64,0.25,15.0,0.24,15.0,0.23,15.0,0.22,15.0,0.36,10.0,0.38,15.0,0.39,15.0,0.4,15.0,0.41,15.0,0.64,10.0,0.62,15.0,0.61,15.0,0.6,15.0,0.59,15.0,0.74,13.64,0.75,15.0,0.76,15.0,0.77,15.0,0.78,15.0,0.1,0.1,45.036595,1776170172000
1776170174.324,74.324,0.26,13.64,0.25,15.0,0.24,15.0,0.23,15.0,0.22,15.0,0.36,10.0,0.38,15.0,0.39,15.0,0.4,15.0,0.41,15.0,0.64,10.0,0.62,15.0,0.61,15.0,0.6,15.0,0.59,15.0,0.74,13.64,0.75,15.0,0.76,15.0,0.77,15.0,0.78,15.0,0.1,0.1,45.035995,1776170173000
1776170175.913,75.913,0.26,13.64,0.25,15.0,0.24,15.0,0.23,15.0,0.22,15.0,0.36,10.0,0.38,15.0,0.39,15.0,0.4,15.0,0.41,15.0,0.64,10.0,0.62,15.0,0.61,15.0,0.6,15.0,0.59,15.0,0.74,13.64,0.75,15.0,0.76,15.0,0.77,15.0,0.78,15.0,0.1,0.1,45.025821,1776170174000
1776170176.883,76.883,0.26,13.64,0.25,15.0,0.24,15.0,0.23,15.0,0.22,15.0,0.36,10.0,0.38,15.0,0.39,15.0,0.4,15.0,0.41,15.0,0.64,10.0,0.62,15.0,0.61,15.0,0.6,15.0,0.59,15.0,0.74,13.64,0.75,15.0,0.76,15.0,0.77,15.0,0.78,15.0,0.1,0.1,45.022488,1776170175000
1776170177.717,77.717,0.26,13.64,0.25,15.0,0.24,15.0,0.23,15.0,0.22,15.0,0.36,10.0,0.38,15.0,0.39,15.0,0.4,15.0,0.41,15.0,0.64,10.0,0.62,15.0,0.61,15.0,0.6,15.0,0.59,15.0,0.74,13.64,0.75,15.0,0.76,15.0,0.77,15.0,0.78,15.0,0.1,0.1,45.022005,1776170176000
1776170178.507,78.507,0.26,13.64,0.25,15.0,0.24,15.0,0.23,15.0,0.22,15.0,0.36,10.0,0.38,15.0,0.39,15.0,0.4,15.0,0.41,15.0,0.64,10.0,0.62,15.0,0.61,15.0,0.6,15.0,0.59,15.0,0.74,13.64,0.75,15.0,0.76,15.0,0.77,15.0,0.78,15.0,0.1,0.1,45.019627,1776170177000
1776170179.258,79.258,0.26,13.64,0.25,15.0,0.24,15.0,0.23,15.0,0.22,15.0,0.36,10.0,0.38,15.0,0.39,15.0,0.4,15.0,0.41,15.0,0.64,10.0,0.62,15.0,0.61,15.0,0.6,15.0,0.59,15.0,0.74,13.64,0.75,15.0,0.76,15.0,0.77,15.0,0.78,15.0,0.1,0.1,45.018715,1776170178000
1776170180.479,80.479,0.26,13.64,0.25,15.0,0.24,15.0,0.23,15.0,0.22,15.0,0.36,10.0,0.38,15.0,0.39,15.0,0.4,15.0,0.41,15.0,0.64,10.0,0.62,15.0,0.61,15.0,0.6,15.0,0.59,15.0,0.74,13.64,0.75,15.0,0.76,15.0,0.77,15.0,0.78,15.0,0.1,0.1,45.017413,1776170179000
1776170181.116,81.116,0.26,13.64,0.25,15.0,0.24,15.0,0.23,15.0,0.22,15.0,0.36,10.0,0.38,15.0,0.39,15.0,0.4,15.0,0.41,15.0,0.64,10.0,0.62,15.0,0.61,15.0,0.6,15.0,0.59,15.0,0.74,13.64,0.75,15.0,0.76,15.0,0.77,15.0,0.78,15.0,0.1,0.1,45.015754,1776170180000
1776170182.57,82.57,0.26,13.64,0.25,15.0,0.24,15.0,0.23,15.0,0.22,15.0,0.36,10.0,0.38,15.0,0.39,15.0,0.4,15.0,0.41,15.0,0.64,10.0,0.62,15.0,0.61,15.0,0.6,15.0,0.59,15.0,0.74,13.64,0.75,15.0,0.76,15.0,0.77,15.0,0.78,15.0,0.1,0.1,45.01475,1776170181000
1776170183.355,83.355,0.26,13.64,0.25,15.0,0.24,15.0,0.23,15.0,0.22,15.0,0.36,10.0,0.38,15.0,0.39,15.0,0.4,15.0,0.41,15.0,0.64,10.0,0.62,15.0,0.61,15.0,0.6,15.0,0.59,15.0,0.74,13.64,0.75,15.0,0.76,15.0,0.77,15.0,0.78,15.0,0.1,0.1,45.01475,1776170182000
1776170183.967,83.967,0.26,13.64,0.25,15.0,0.24,15.0,0.23,15.0,0.22,15.0,0.36,10.0,0.38,15.0,0.39,15.0,0.4,15.0,0.41,15.0,0.64,10.0,0.62,15.0,0.61,15.0,0.6,15.0,0.59,15.0,0.74,13.64,0.75,15.0,0.76,15.0,0.77,15.0,0.78,15.0,0.1,0.1,45.015409,1776170183000
1776170185.372,85.372,0.26,13.64,0.25,15.0,0.24,15.0,0.23,15.0,0.22,15.0,0.36,10.0,0.38,15.0,0.39,15.0,0.4,15.0,0.41,15.0,0.64,10.0,0.62,15.0,0.61,15.0,0.6,15.0,0.59,15.0,0.74,13.64,0.75,15.0,0.76,15.0,0.77,15.0,0.78,15.0,0.1,0.1,45.015121,1776170184000
1776170186.205,86.205,0.26,13.64,0.25,15.0,0.24,15.0,0.23,15.0,0.22,15.0,0.36,10.0,0.38,15.0,0.39,15.0,0.4,15.0,0.41,15.0,0.64,10.0,0.62,15.0,0.61,15.0,0.6,15.0,0.59,15.0,0.74,13.64,0.75,15.0,0.76,15.0,0.77,15.0,0.78,15.0,0.1,0.1,45.016396,1776170185000
1776170187.457,87.457,0.26,13.64,0.25,15.0,0.24,15.0,0.23,15.0,0.22,15.0,0.36,10.0,0.38,15.0,0.39,15.0,0.4,15.0,0.41,15.0,0.64,10.0,0.62,15.0,0.61,15.0,0.6,15.0,0.59,15.0,0.74,13.64,0.75,15.0,0.76,15.0,0.77,15.0,0.78,15.0,0.1,0.1,45.01518,1776170186000
1776170188.227,88.227,0.26,13.64,0.25,15.0,0.24,15.0,0.23,15.0,0.22,15.0,0.36,10.0,0.38,15.0,0.39,15.0,0.4,15.0,0.41,15.0,0.64,10.0,0.62,15.0,0.61,15.0,0.6,15.0,0.59,15.0,0.74,13.64,0.75,15.0,0.76,15.0,0.77,15.0,0.78,15.0,0.1,0.1,45.014991,1776170187000
1776170189.677,89.677,0.26,13.64,0.25,15.0,0.24,15.0,0.23,15.0,0.22,15.0,0.36,10.0,0.38,15.0,0.39,15.0,0.4,15.0,0.41,15.0,0.64,10.0,0.62,15.0,0.61,15.0,0.6,15.0,0.59,15.0,0.74,13.64,0.75,15.0,0.76,15.0,0.77,15.0,0.78,15.0,0.1,0.1,45.013934,1776170188000
1776170190.325,90.325,0.26,13.64,0.25,15.0,0.24,15.0,0.23,15.0,0.22,15.0,0.36,10.0,0.38,15.0,0.39,15.0,0.4,15.0,0.41,15.0,0.64,10.0,0.62,15.0,0.61,15.0,0.6,15.0,0.59,15.0,0.74,13.64,0.75,15.0,0.76,15.0,0.77,15.0,0.78,15.0,0.1,0.1,45.013745,1776170189000
1776170190.984,90.984,0.26,13.64,0.25,15.0,0.24,15.0,0.23,15.0,0.22,15.0,0.36,10.0,0.38,15.0,0.39,15.0,0.4,15.0,0.41,15.0,0.64,10.0,0.62,15.0,0.61,15.0,0.6,15.0,0.59,15.0,0.74,13.64,0.75,15.0,0.76,15.0,0.77,15.0,0.78,15.0,0.1,0.1,45.010947,1776170190000
1776170192.304,92.304,0.26,13.64,0.25,15.0,0.24,15.0,0.23,15.0,0.22,15.0,0.36,10.0,0.38,15.0,0.39,15.0,0.4,15.0,0.41,15.0,0.64,10.0,0.62,15.0,0.61,15.0,0.6,15.0,0.59,15.0,0.74,13.64,0.75,15.0,0.76,15.0,0.77,15.0,0.78,15.0,0.1,0.1,45.012108,1776170191000
1776170192.943,92.943,0.26,13.64,0.25,15.0,0.24,15.0,0.23,15.0,0.22,15.0,0.36,10.0,0.38,15.0,0.39,15.0,0.4,15.0,0.41,15.0,0.64,10.0,0.62,15.0,0.61,15.0,0.6,15.0,0.59,15.0,0.74,13.64,0.75,15.0,0.76,15.0,0.77,15.0,0.78,15.0,0.1,0.1,45.011167,1776170192000
1776170194.594,94.594,0.26,13.64,0.25,15.0,0.24,15.0,0.23,15.0,0.22,15.0,0.36,10.0,0.38,15.0,0.39,15.0,0.4,15.0,0.41,15.0,0.64,10.0,0.62,15.0,0.61,15.0,0.6,15.0,0.59,15.0,0.74,13.64,0.75,15.0,0.76,15.0,0.77,15.0,0.78,15.0,0.1,0.1,45.011405,1776170193000
1776170195.012,95.012,0.26,13.64,0.25,15.0,0.24,15.0,0.23,15.0,0.22,15.0,0.36,10.0,0.38,15.0,0.39,15.0,0.4,15.0,0.41,15.0,0.64,10.0,0.62,15.0,0.61,15.0,0.6,15.0,0.59,15.0,0.74,13.64,0.75,15.0,0.76,15.0,0.77,15.0,0.78,15.0,0.1,0.1,45.011405,1776170194000
1776170196.021,96.021,0.26,13.64,0.25,15.0,0.24,15.0,0.23,15.0,0.22,15.0,0.36,10.0,0.38,15.0,0.39,15.0,0.4,15.0,0.41,15.0,0.64,10.0,0.62,15.0,0.61,15.0,0.6,15.0,0.59,15.0,0.74,13.64,0.75,15.0,0.76,15.0,0.77,15.0,0.78,15.0,0.1,0.1,45.011651,1776170195000
1776170196.959,96.959,0.26,13.64,0.25,15.0,0.24,15.0,0.23,15.0,0.22,15.0,0.36,10.0,0.38,15.0,0.39,15.0,0.4,15.0,0.41,15.0,0.64,10.0,0.62,15.0,0.61,15.0,0.6,15.0,0.59,15.0,0.74,13.64,0.75,15.0,0.76,15.0,0.77,15.0,0.78,15.0,0.1,0.1,45.011523,1776170196000
1776170197.911,97.911,0.26,13.64,0.25,15.0,0.24,15.0,0.23,15.0,0.22,15.0,0.36,10.0,0.38,15.0,0.39,15.0,0.4,15.0,0.41,15.0,0.64,10.0,0.62,15.0,0.61,15.0,0.6,15.0,0.59,15.0,0.74,13.64,0.75,15.0,0.76,15.0,0.77,15.0,0.78,15.0,0.1,0.1,45.012351,1776170197000
1776170198.959,98.959,0.26,13.64,0.25,15.0,0.24,15.0,0.23,15.0,0.22,15.0,0.36,10.0,0.38,15.0,0.39,15.0,0.4,15.0,0.41,15.0,0.64,10.0,0.62,15.0,0.61,15.0,0.6,15.0,0.59,15.0,0.74,13.64,0.75,15.0,0.76,15.0,0.77,15.0,0.78,15.0,0.1,0.1,45.012289,1776170198000
1776170199.901,99.901,0.26,13.64,0.25,15.0,0.24,15.0,0.23,15.0,0.22,15.0,0.36,10.0,0.38,15.0,0.39,15.0,0.4,15.0,0.41,15.0,0.64,10.0,0.62,15.0,0.61,15.0,0.6,15.0,0.59,15.0,0.74,13.64,0.75,15.0,0.76,15.0,0.77,15.0,0.78,15.0,0.1,0.1,45.012369,1776170199000
1776170201.017,101.017,0.26,13.64,0.25,15.0,0.24,15.0,0.23,15.0,0.22,15.0,0.36,10.0,0.38,15.0,0.39,15.0,0.4,15.0,0.41,15.0,0.64,10.0,0.62,15.0,0.61,15.0,0.6,15.0,0.59,15.0,0.74,13.64,0.75,15.0,0.76,15.0,0.77,15.0,0.78,15.0,0.1,0.1,45.013986,1776170200000
1776170201.922,101.922,0.26,13.64,0.25,15.0,0.24,15.0,0.23,15.0,0.22,15.0,0.36,10.0,0.38,15.0,0.39,15.0,0.4,15.0,0.41,15.0,0.64,10.0,0.62,15.0,0.61,15.0,0.6,15.0,0.59,15.0,0.74,13.64,0.75,15.0,0.76,15.0,0.77,15.0,0.78,15.0,0.1,0.1,45.019518,1776170201000
1776170202.902,102.902,0.26,13.64,0.25,15.0,0.24,15.0,0.23,15.0,0.22,15.0,0.36,10.0,0.38,15.0,0.39,15.0,0.4,15.0,0.41,15.0,0.64,10.0,0.62,15.0,0.61,15.0,0.6,15.0,0.59,15.0,0.74,13.64,0.75,15.0,0.76,15.0,0.77,15.0,0.78,15.0,0.1,0.1,45.023076,1776170202000
1776170203.933,103.933,0.26,13.64,0.25,15.0,0.24,15.0,0.23,15.0,0.22,15.0,0.36,10.0,0.38,15.0,0.39,15.0,0.4,15.0,0.41,15.0,0.64,10.0,0.62,15.0,0.61,15.0,0.6,15.0,0.59,15.0,0.74,13.64,0.75,15.0,0.76,15.0,0.77,15.0,0.78,15.0,0.1,0.1,45.023317,1776170203000
1776170204.919,104.919,0.26,13.64,0.25,15.0,0.24,15.0,0.23,15.0,0.22,15.0,0.36,10.0,0.38,15.0,0.39,15.0,0.4,15.0,0.41,15.0,0.64,10.0,0.62,15.0,0.61,15.0,0.6,15.0,0.59,15.0,0.74,13.64,0.75,15.0,0.76,15.0,0.77,15.0,0.78,15.0,0.1,0.1,45.022982,1776170204000
1776170205.874,105.874,0.26,13.64,0.25,15.0,0.24,15.0,0.23,15.0,0.22,15.0,0.36,10.0,0.38,15.0,0.39,15.0,0.4,15.0,0.41,15.0,0.64,10.0,0.62,15.0,0.61,15.0,0.6,15.0,0.59,15.0,0.74,13.64,0.75,15.0,0.76,15.0,0.77,15.0,0.78,15.0,0.1,0.1,45.023059,1776170205000
1776170206.256,106.256,0.35,225.68,0.24,15.0,0.23,20.0,0.22,20.0,0.21,20.0,0.37,5.0,0.47,15.0,0.48,20.0,0.49,20.0,0.5,20.0,0.64,10.0,0.62,15.0,0.61,15.0,0.6,15.0,0.59,15.0,0.74,13.64,0.75,15.0,0.76,15.0,0.77,15.0,0.78,15.0,0.02,0.1,45.023059,1776170205000
1776170206.507,106.507,0.35,207.6,0.25,15.0,0.24,15.0,0.23,20.0,0.22,20.0,0.38,10.0,0.47,39.0,0.48,20.0,0.49,20.0,0.5,20.0,0.63,5.0,0.53,15.0,0.52,20.0,0.51,20.0,0.5,20.0,0.65,225.68,0.76,15.0,0.77,20.0,0.78,20.0,0.79,20.0,0.03,0.02,45.023059,1776170205000
1776170207.117,107.117,0.35,197.6,0.25,15.0,0.24,15.0,0.23,15.0,0.22,15.0,0.44,5.0,0.45,5.0,0.46,29.0,0.47,15.0,0.48,15.0,0.62,10.0,0.53,39.0,0.52,20.0,0.51,20.0,0.5,20.0,0.65,207.6,0.75,15.0,0.76,15.0,0.77,20.0,0.78,20.0,0.09,0.03,45.023059,1776170205000
1776170207.465,107.465,0.35,187.6,0.25,15.0,0.24,15.0,0.23,15.0,0.22,15.0,0.36,7.0,0.42,25.0,0.45,15.0,0.46,20.0,0.47,15.0,0.56,5.0,0.55,5.0,0.54,29.0,0.53,15.0,0.52,15.0,0.65,197.6,0.75,15.0,0.76,15.0,0.77,15.0,0.78,15.0,0.01,0.09,45.023059,1776170205000
1776170207.988,107.988,0.35,187.6,0.25,15.0,0.24,15.0,0.23,15.0,0.22,15.0,0.36,7.0,0.42,25.0,0.45,15.0,0.46,20.0,0.47,15.0,0.64,7.0,0.58,25.0,0.55,15.0,0.54,20.0,0.53,15.0,0.65,187.6,0.75,15.0,0.76,15.0,0.77,15.0,0.78,15.0,0.01,0.01,45.040607,1776170207000
1776170209.042,109.042,0.35,187.6,0.25,15.0,0.24,15.0,0.23,15.0,0.22,15.0,0.36,7.0,0.42,25.0,0.45,15.0,0.46,20.0,0.47,15.0,0.64,7.0,0.58,25.0,0.55,15.0,0.54,20.0,0.53,15.0,0.65,187.6,0.75,15.0,0.76,15.0,0.77,15.0,0.78,15.0,0.01,0.01,45.035664,1776170208000
1776170210.112,110.112,0.35,187.6,0.25,15.0,0.24,15.0,0.23,15.0,0.22,15.0,0.36,7.0,0.42,25.0,0.45,15.0,0.46,20.0,0.47,15.0,0.64,7.0,0.58,25.0,0.55,15.0,0.54,20.0,0.53,15.0,0.65,187.6,0.75,15.0,0.76,15.0,0.77,15.0,0.78,15.0,0.01,0.01,45.035951,1776170209000
1776170211.192,111.192,0.35,187.6,0.25,15.0,0.24,15.0,0.23,15.0,0.22,15.0,0.36,7.0,0.42,25.0,0.45,15.0,0.46,20.0,0.47,15.0,0.64,7.0,0.58,25.0,0.55,15.0,0.54,20.0,0.53,15.0,0.65,187.6,0.75,15.0,0.76,15.0,0.77,15.0,0.78,15.0,0.01,0.01,45.046206,1776170210000
1776170212.15,112.15,0.35,187.6,0.25,15.0,0.24,15.0,0.23,15.0,0.22,15.0,0.36,7.0,0.42,25.0,0.45,15.0,0.46,20.0,0.47,15.0,0.64,7.0,0.58,25.0,0.55,15.0,0.54,20.0,0.53,15.0,0.65,187.6,0.75,15.0,0.76,15.0,0.77,15.0,0.78,15.0,0.01,0.01,45.056056,1776170211000
1776170213.222,113.222,0.35,187.6,0.25,15.0,0.24,15.0,0.23,15.0,0.22,15.0,0.36,7.0,0.42,25.0,0.45,15.0,0.46,20.0,0.47,15.0,0.64,7.0,0.58,25.0,0.55,15.0,0.54,20.0,0.53,15.0,0.65,187.6,0.75,15.0,0.76,15.0,0.77,15.0,0.78,15.0,0.01,0.01,45.060617,1776170212000
1776170214.176,114.176,0.35,187.6,0.25,15.0,0.24,15.0,0.23,15.0,0.22,15.0,0.36,7.0,0.42,25.0,0.45,15.0,0.46,20.0,0.47,15.0,0.64,7.0,0.58,25.0,0.55,15.0,0.54,20.0,0.53,15.0,0.65,187.6,0.75,15.0,0.76,15.0,0.77,15.0,0.78,15.0,0.01,0.01,45.065881,1776170213000
1776170215.268,115.268,0.35,187.6,0.25,15.0,0.24,15.0,0.23,15.0,0.22,15.0,0.36,7.0,0.42,25.0,0.45,15.0,0.46,20.0,0.47,15.0,0.64,7.0,0.58,25.0,0.55,15.0,0.54,20.0,0.53,15.0,0.65,187.6,0.75,15.0,0.76,15.0,0.77,15.0,0.78,15.0,0.01,0.01,45.063798,1776170214000
1776170216.276,116.276,0.35,187.6,0.25,15.0,0.24,15.0,0.23,15.0,0.22,15.0,0.36,7.0,0.42,25.0,0.45,15.0,0.46,20.0,0.47,15.0,0.64,7.0,0.58,25.0,0.55,15.0,0.54,20.0,0.53,15.0,0.65,187.6,0.75,15.0,0.76,15.0,0.77,15.0,0.78,15.0,0.01,0.01,45.059861,1776170215000
1776170217.312,117.312,0.35,187.6,0.25,15.0,0.24,15.0,0.23,15.0,0.22,15.0,0.36,7.0,0.42,25.0,0.45,15.0,0.46,20.0,0.47,15.0,0.64,7.0,0.58,25.0,0.55,15.0,0.54,20.0,0.53,15.0,0.65,187.6,0.75,15.0,0.76,15.0,0.77,15.0,0.78,15.0,0.01,0.01,45.059438,1776170216000
1776170218.355,118.355,0.35,187.6,0.25,15.0,0.24,15.0,0.23,15.0,0.22,15.0,0.36,7.0,0.42,25.0,0.45,15.0,0.46,20.0,0.47,15.0,0.64,7.0,0.58,25.0,0.55,15.0,0.54,20.0,0.53,15.0,0.65,187.6,0.75,15.0,0.76,15.0,0.77,15.0,0.78,15.0,0.01,0.01,45.059668,1776170217000
1776170218.856,118.856,0.35,187.6,0.25,15.0,0.24,15.0,0.23,15.0,0.22,15.0,0.36,7.0,0.42,25.0,0.45,15.0,0.46,20.0,0.47,15.0,0.64,7.0,0.58,25.0,0.55,15.0,0.54,20.0,0.53,15.0,0.65,187.6,0.75,15.0,0.76,15.0,0.77,15.0,0.78,15.0,0.01,0.01,45.059668,1776170218000
1776170220.286,120.286,0.35,187.6,0.25,15.0,0.24,15.0,0.23,15.0,0.22,15.0,0.36,7.0,0.42,25.0,0.45,15.0,0.46,20.0,0.47,15.0,0.64,7.0,0.58,25.0,0.55,15.0,0.54,20.0,0.53,15.0,0.65,187.6,0.75,15.0,0.76,15.0,0.77,15.0,0.78,15.0,0.01,0.01,45.064271,1776170219000
1776170221.234,121.234,0.35,187.6,0.25,15.0,0.24,15.0,0.23,15.0,0.22,15.0,0.36,7.0,0.42,25.0,0.45,15.0,0.46,20.0,0.47,15.0,0.64,7.0,0.58,25.0,0.55,15.0,0.54,20.0,0.53,15.0,0.65,187.6,0.75,15.0,0.76,15.0,0.77,15.0,0.78,15.0,0.01,0.01,45.064893,1776170220000
1776170222.145,122.145,0.35,187.6,0.25,15.0,0.24,15.0,0.23,15.0,0.22,15.0,0.36,7.0,0.42,25.0,0.45,15.0,0.46,20.0,0.47,15.0,0.64,7.0,0.58,25.0,0.55,15.0,0.54,20.0,0.53,15.0,0.65,187.6,0.75,15.0,0.76,15.0,0.77,15.0,0.78,15.0,0.01,0.01,45.064146,1776170221000
1776170223.042,123.042,0.35,187.6,0.25,15.0,0.24,15.0,0.23,15.0,0.22,15.0,0.36,7.0,0.42,25.0,0.45,15.0,0.46,20.0,0.47,15.0,0.64,7.0,0.58,25.0,0.55,15.0,0.54,20.0,0.53,15.0,0.65,187.6,0.75,15.0,0.76,15.0,0.77,15.0,0.78,15.0,0.01,0.01,45.061607,1776170222000
1776170224.117,124.117,0.35,187.6,0.25,15.0,0.24,15.0,0.23,15.0,0.22,15.0,0.36,7.0,0.42,25.0,0.45,15.0,0.46,20.0,0.47,15.0,0.64,7.0,0.58,25.0,0.55,15.0,0.54,20.0,0.53,15.0,0.65,187.6,0.75,15.0,0.76,15.0,0.77,15.0,0.78,15.0,0.01,0.01,45.060293,1776170223000
1776170224.931,124.931,0.35,187.6,0.25,15.0,0.24,15.0,0.23,15.0,0.22,15.0,0.36,7.0,0.42,25.0,0.45,15.0,0.46,20.0,0.47,15.0,0.64,7.0,0.58,25.0,0.55,15.0,0.54,20.0,0.53,15.0,0.65,187.6,0.75,15.0,0.76,15.0,0.77,15.0,0.78,15.0,0.01,0.01,45.060293,1776170224000
1776170225.913,125.913,0.35,187.6,0.25,15.0,0.24,15.0,0.23,15.0,0.22,15.0,0.36,7.0,0.42,25.0,0.45,15.0,0.46,20.0,0.47,15.0,0.64,7.0,0.58,25.0,0.55,15.0,0.54,20.0,0.53,15.0,0.65,187.6,0.75,15.0,0.76,15.0,0.77,15.0,0.78,15.0,0.01,0.01,45.055306,1776170225000
1776170226.753,126.753,0.35,187.6,0.25,15.0,0.24,15.0,0.23,15.0,0.22,15.0,0.36,7.0,0.42,25.0,0.45,15.0,0.46,20.0,0.47,15.0,0.64,7.0,0.58,25.0,0.55,15.0,0.54,20.0,0.53,15.0,0.65,187.6,0.75,15.0,0.76,15.0,0.77,15.0,0.78,15.0,0.01,0.01,45.053996,1776170226000
1776170228.154,128.154,0.35,187.6,0.25,15.0,0.24,15.0,0.23,15.0,0.22,15.0,0.36,7.0,0.42,25.0,0.45,15.0,0.46,20.0,0.47,15.0,0.64,7.0,0.58,25.0,0.55,15.0,0.54,20.0,0.53,15.0,0.65,187.6,0.75,15.0,0.76,15.0,0.77,15.0,0.78,15.0,0.01,0.01,45.052969,1776170227000
1776170229.098,129.098,0.35,187.6,0.25,15.0,0.24,15.0,0.23,15.0,0.22,15.0,0.36,7.0,0.42,25.0,0.45,15.0,0.46,20.0,0.47,15.0,0.64,7.0,0.58,25.0,0.55,15.0,0.54,20.0,0.53,15.0,0.65,187.6,0.75,15.0,0.76,15.0,0.77,15.0,0.78,15.0,0.01,0.01,45.052303,1776170228000
1776170230.021,130.021,0.35,187.6,0.25,15.0,0.24,15.0,0.23,15.0,0.22,15.0,0.36,7.0,0.42,25.0,0.45,15.0,0.46,20.0,0.47,15.0,0.64,7.0,0.58,25.0,0.55,15.0,0.54,20.0,0.53,15.0,0.65,187.6,0.75,15.0,0.76,15.0,0.77,15.0,0.78,15.0,0.01,0.01,45.052011,1776170229000
1776170231.105,131.105,0.35,187.6,0.25,15.0,0.24,15.0,0.23,15.0,0.22,15.0,0.36,7.0,0.42,25.0,0.45,15.0,0.46,20.0,0.47,15.0,0.64,7.0,0.58,25.0,0.55,15.0,0.54,20.0,0.53,15.0,0.65,187.6,0.75,15.0,0.76,15.0,0.77,15.0,0.78,15.0,0.01,0.01,45.051961,1776170230000
1776170232.617,132.617,0.35,187.6,0.25,15.0,0.24,15.0,0.23,15.0,0.22,15.0,0.36,7.0,0.42,25.0,0.45,15.0,0.46,20.0,0.47,15.0,0.64,7.0,0.58,25.0,0.55,15.0,0.54,20.0,0.53,15.0,0.65,187.6,0.75,15.0,0.76,15.0,0.77,15.0,0.78,15.0,0.01,0.01,45.050791,1776170231000
1776170233.371,133.371,0.35,187.6,0.25,15.0,0.24,15.0,0.23,15.0,0.22,15.0,0.36,7.0,0.42,25.0,0.45,15.0,0.46,20.0,0.47,15.0,0.64,7.0,0.58,25.0,0.55,15.0,0.54,20.0,0.53,15.0,0.65,187.6,0.75,15.0,0.76,15.0,0.77,15.0,0.78,15.0,0.01,0.01,45.050791,1776170232000
1776170234.043,134.043,0.35,182.6,0.24,15.0,0.23,15.0,0.22,15.0,0.21,15.0,0.42,57.22,0.43,15.0,0.44,15.0,0.45,15.0,0.46,15.0,0.64,7.0,0.58,25.0,0.55,15.0,0.54,20.0,0.53,15.0,0.65,187.6,0.75,15.0,0.76,15.0,0.77,15.0,0.78,15.0,0.07,0.01,45.050791,1776170232000
1776170234.417,134.417,0.35,182.6,0.24,15.0,0.23,15.0,0.22,15.0,0.21,15.0,0.42,57.22,0.43,15.0,0.44,15.0,0.45,15.0,0.46,15.0,0.58,57.22,0.57,15.0,0.56,15.0,0.55,15.0,0.54,15.0,0.65,182.6,0.76,15.0,0.77,15.0,0.78,15.0,0.79,15.0,0.07,0.07,45.046058,1776170233000
1776170234.955,134.955,0.35,182.6,0.24,15.0,0.23,15.0,0.22,15.0,0.21,15.0,0.42,57.22,0.43,15.0,0.44,15.0,0.45,15.0,0.46,15.0,0.58,57.22,0.57,15.0,0.56,15.0,0.55,15.0,0.54,15.0,0.65,182.6,0.76,15.0,0.77,15.0,0.78,15.0,0.79,15.0,0.07,0.07,45.046058,1776170234000
1776170236.195,136.195,0.35,182.6,0.24,15.0,0.23,15.0,0.22,15.0,0.21,15.0,0.42,57.22,0.43,15.0,0.44,15.0,0.45,15.0,0.46,15.0,0.58,57.22,0.57,15.0,0.56,15.0,0.55,15.0,0.54,15.0,0.65,182.6,0.76,15.0,0.77,15.0,0.78,15.0,0.79,15.0,0.07,0.07,45.040258,1776170235000
1776170237.309,137.309,0.35,182.6,0.24,15.0,0.23,15.0,0.22,15.0,0.21,15.0,0.42,57.22,0.43,15.0,0.44,15.0,0.45,15.0,0.46,15.0,0.58,57.22,0.57,15.0,0.56,15.0,0.55,15.0,0.54,15.0,0.65,182.6,0.76,15.0,0.77,15.0,0.78,15.0,0.79,15.0,0.07,0.07,45.037539,1776170236000
1776170238.319,138.319,0.35,182.6,0.24,15.0,0.23,15.0,0.22,15.0,0.21,15.0,0.42,57.22,0.43,15.0,0.44,15.0,0.45,15.0,0.46,15.0,0.58,57.22,0.57,15.0,0.56,15.0,0.55,15.0,0.54,15.0,0.65,182.6,0.76,15.0,0.77,15.0,0.78,15.0,0.79,15.0,0.07,0.07,45.039966,1776170237000
1776170239.375,139.375,0.35,182.6,0.24,15.0,0.23,15.0,0.22,15.0,0.21,15.0,0.42,57.22,0.43,15.0,0.44,15.0,0.45,15.0,0.46,15.0,0.58,57.22,0.57,15.0,0.56,15.0,0.55,15.0,0.54,15.0,0.65,182.6,0.76,15.0,0.77,15.0,0.78,15.0,0.79,15.0,0.07,0.07,45.043971,1776170238000
1776170240.084,140.084,0.35,182.6,0.24,15.0,0.23,15.0,0.22,15.0,0.21,15.0,0.42,57.22,0.43,15.0,0.44,15.0,0.45,15.0,0.46,15.0,0.58,57.22,0.57,15.0,0.56,15.0,0.55,15.0,0.54,15.0,0.65,182.6,0.76,15.0,0.77,15.0,0.78,15.0,0.79,15.0,0.07,0.07,45.043971,1776170239000
1776170241.067,141.067,0.35,182.6,0.24,15.0,0.23,15.0,0.22,15.0,0.21,15.0,0.42,57.22,0.43,15.0,0.44,15.0,0.45,15.0,0.46,15.0,0.58,57.22,0.57,15.0,0.56,15.0,0.55,15.0,0.54,15.0,0.65,182.6,0.76,15.0,0.77,15.0,0.78,15.0,0.79,15.0,0.07,0.07,45.043548,1776170240000
1776170241.485,141.485,0.35,182.6,0.28,15.0,0.27,15.0,0.26,25.0,0.25,15.0,0.39,3.97,0.4,32.0,0.41,15.0,0.42,15.0,0.43,15.0,0.58,57.22,0.57,15.0,0.56,15.0,0.55,15.0,0.54,15.0,0.65,182.6,0.76,15.0,0.77,15.0,0.78,15.0,0.79,15.0,0.04,0.07,45.043548,1776170240000
1776170242.098,142.098,0.35,182.6,0.28,15.0,0.27,15.0,0.26,25.0,0.25,15.0,0.39,3.97,0.4,32.0,0.41,15.0,0.42,15.0,0.43,15.0,0.61,3.97,0.6,32.0,0.59,15.0,0.58,15.0,0.57,15.0,0.65,182.6,0.72,15.0,0.73,15.0,0.74,25.0,0.75,15.0,0.04,0.04,45.042327,1776170241000
1776170243.242,143.242,0.35,182.6,0.28,15.0,0.27,15.0,0.26,25.0,0.25,15.0,0.39,3.97,0.4,32.0,0.41,15.0,0.42,15.0,0.43,15.0,0.61,3.97,0.6,32.0,0.59,15.0,0.58,15.0,0.57,15.0,0.65,182.6,0.72,15.0,0.73,15.0,0.74,25.0,0.75,15.0,0.04,0.04,45.042329,1776170242000
1776170244.383,144.383,0.35,182.6,0.28,15.0,0.27,15.0,0.26,25.0,0.25,15.0,0.39,3.97,0.4,32.0,0.41,15.0,0.42,15.0,0.43,15.0,0.61,3.97,0.6,32.0,0.59,15.0,0.58,15.0,0.57,15.0,0.65,182.6,0.72,15.0,0.73,15.0,0.74,25.0,0.75,15.0,0.04,0.04,45.042356,1776170243000
1776170245.099,145.099,0.35,182.6,0.28,15.0,0.27,15.0,0.26,25.0,0.25,15.0,0.39,3.97,0.4,32.0,0.41,15.0,0.42,15.0,0.43,15.0,0.61,3.97,0.6,32.0,0.59,15.0,0.58,15.0,0.57,15.0,0.65,182.6,0.72,15.0,0.73,15.0,0.74,25.0,0.75,15.0,0.04,0.04,45.041879,1776170244000
1776170246.144,146.144,0.35,182.6,0.28,15.0,0.27,15.0,0.26,25.0,0.25,15.0,0.39,3.97,0.4,32.0,0.41,15.0,0.42,15.0,0.43,15.0,0.61,3.97,0.6,32.0,0.59,15.0,0.58,15.0,0.57,15.0,0.65,182.6,0.72,15.0,0.73,15.0,0.74,25.0,0.75,15.0,0.04,0.04,45.040929,1776170245000
1776170247.298,147.298,0.35,182.6,0.28,15.0,0.27,15.0,0.26,25.0,0.25,15.0,0.39,3.97,0.4,32.0,0.41,15.0,0.42,15.0,0.43,15.0,0.61,3.97,0.6,32.0,0.59,15.0,0.58,15.0,0.57,15.0,0.65,182.6,0.72,15.0,0.73,15.0,0.74,25.0,0.75,15.0,0.04,0.04,45.04118,1776170246000
1776170248.324,148.324,0.35,182.6,0.28,15.0,0.27,15.0,0.26,25.0,0.25,15.0,0.39,3.97,0.4,32.0,0.41,15.0,0.42,15.0,0.43,15.0,0.61,3.97,0.6,32.0,0.59,15.0,0.58,15.0,0.57,15.0,0.65,182.6,0.72,15.0,0.73,15.0,0.74,25.0,0.75,15.0,0.04,0.04,45.041329,1776170247000
1776170249.362,149.362,0.35,182.6,0.28,15.0,0.27,15.0,0.26,25.0,0.25,15.0,0.39,3.97,0.4,32.0,0.41,15.0,0.42,15.0,0.43,15.0,0.61,3.97,0.6,32.0,0.59,15.0,0.58,15.0,0.57,15.0,0.65,182.6,0.72,15.0,0.73,15.0,0.74,25.0,0.75,15.0,0.04,0.04,45.041157,1776170248000
1776170250.314,150.314,0.35,182.6,0.28,15.0,0.27,15.0,0.26,25.0,0.25,15.0,0.39,3.97,0.4,32.0,0.41,15.0,0.42,15.0,0.43,15.0,0.61,3.97,0.6,32.0,0.59,15.0,0.58,15.0,0.57,15.0,0.65,182.6,0.72,15.0,0.73,15.0,0.74,25.0,0.75,15.0,0.04,0.04,45.041699,1776170249000
1776170251.352,151.352,0.35,182.6,0.28,15.0,0.27,15.0,0.26,25.0,0.25,15.0,0.39,3.97,0.4,32.0,0.41,15.0,0.42,15.0,0.43,15.0,0.61,3.97,0.6,32.0,0.59,15.0,0.58,15.0,0.57,15.0,0.65,182.6,0.72,15.0,0.73,15.0,0.74,25.0,0.75,15.0,0.04,0.04,45.041882,1776170250000
1776170252.324,152.324,0.35,182.6,0.28,15.0,0.27,15.0,0.26,25.0,0.25,15.0,0.39,3.97,0.4,32.0,0.41,15.0,0.42,15.0,0.43,15.0,0.61,3.97,0.6,32.0,0.59,15.0,0.58,15.0,0.57,15.0,0.65,182.6,0.72,15.0,0.73,15.0,0.74,25.0,0.75,15.0,0.04,0.04,45.041882,1776170251000
1776170253.323,153.323,0.35,182.6,0.28,15.0,0.27,15.0,0.26,25.0,0.25,15.0,0.39,3.97,0.4,32.0,0.41,15.0,0.42,15.0,0.43,15.0,0.61,3.97,0.6,32.0,0.59,15.0,0.58,15.0,0.57,15.0,0.65,182.6,0.72,15.0,0.73,15.0,0.74,25.0,0.75,15.0,0.04,0.04,45.041881,1776170252000
1776170254.356,154.356,0.35,182.6,0.28,15.0,0.27,15.0,0.26,25.0,0.25,15.0,0.39,3.97,0.4,32.0,0.41,15.0,0.42,15.0,0.43,15.0,0.61,3.97,0.6,32.0,0.59,15.0,0.58,15.0,0.57,15.0,0.65,182.6,0.72,15.0,0.73,15.0,0.74,25.0,0.75,15.0,0.04,0.04,45.042982,1776170253000
1776170255.493,155.493,0.35,182.6,0.28,15.0,0.27,15.0,0.26,25.0,0.25,15.0,0.39,3.97,0.4,32.0,0.41,15.0,0.42,15.0,0.43,15.0,0.61,3.97,0.6,32.0,0.59,15.0,0.58,15.0,0.57,15.0,0.65,182.6,0.72,15.0,0.73,15.0,0.74,25.0,0.75,15.0,0.04,0.04,45.04322,1776170254000
1776170256.0,156.0,0.35,182.6,0.28,15.0,0.27,15.0,0.26,25.0,0.25,15.0,0.39,3.97,0.4,32.0,0.41,15.0,0.42,15.0,0.43,15.0,0.61,3.97,0.6,32.0,0.59,15.0,0.58,15.0,0.57,15.0,0.65,182.6,0.72,15.0,0.73,15.0,0.74,25.0,0.75,15.0,0.04,0.04,45.043083,1776170255000
1776170257.012,157.012,0.35,182.6,0.28,15.0,0.27,15.0,0.26,25.0,0.25,15.0,0.39,3.97,0.4,32.0,0.41,15.0,0.42,15.0,0.43,15.0,0.61,3.97,0.6,32.0,0.59,15.0,0.58,15.0,0.57,15.0,0.65,182.6,0.72,15.0,0.73,15.0,0.74,25.0,0.75,15.0,0.04,0.04,45.04322,1776170256000
1776170257.923,157.923,0.35,182.6,0.28,15.0,0.27,15.0,0.26,25.0,0.25,15.0,0.39,3.97,0.4,32.0,0.41,15.0,0.42,15.0,0.43,15.0,0.61,3.97,0.6,32.0,0.59,15.0,0.58,15.0,0.57,15.0,0.65,182.6,0.72,15.0,0.73,15.0,0.74,25.0,0.75,15.0,0.04,0.04,45.044147,1776170257000
1776170258.992,158.992,0.35,182.6,0.28,15.0,0.27,15.0,0.26,25.0,0.25,15.0,0.39,3.97,0.4,32.0,0.41,15.0,0.42,15.0,0.43,15.0,0.61,3.97,0.6,32.0,0.59,15.0,0.58,15.0,0.57,15.0,0.65,182.6,0.72,15.0,0.73,15.0,0.74,25.0,0.75,15.0,0.04,0.04,45.049375,1776170258000
1776170260.47,160.47,0.35,182.6,0.28,15.0,0.27,15.0,0.26,25.0,0.25,15.0,0.39,3.97,0.4,32.0,0.41,15.0,0.42,15.0,0.43,15.0,0.61,3.97,0.6,32.0,0.59,15.0,0.58,15.0,0.57,15.0,0.65,182.6,0.72,15.0,0.73,15.0,0.74,25.0,0.75,15.0,0.04,0.04,45.052237,1776170259000
1776170261.165,161.165,0.35,182.6,0.28,15.0,0.27,15.0,0.26,25.0,0.25,15.0,0.39,3.97,0.4,32.0,0.41,15.0,0.42,15.0,0.43,15.0,0.61,3.97,0.6,32.0,0.59,15.0,0.58,15.0,0.57,15.0,0.65,182.6,0.72,15.0,0.73,15.0,0.74,25.0,0.75,15.0,0.04,0.04,45.052186,1776170260000
1776170262.131,162.131,0.35,182.6,0.28,15.0,0.27,15.0,0.26,25.0,0.25,15.0,0.39,3.97,0.4,32.0,0.41,15.0,0.42,15.0,0.43,15.0,0.61,3.97,0.6,32.0,0.59,15.0,0.58,15.0,0.57,15.0,0.65,182.6,0.72,15.0,0.73,15.0,0.74,25.0,0.75,15.0,0.04,0.04,45.052825,1776170261000
1776170263.135,163.135,0.35,182.6,0.28,15.0,0.27,15.0,0.26,25.0,0.25,15.0,0.39,3.97,0.4,32.0,0.41,15.0,0.42,15.0,0.43,15.0,0.61,3.97,0.6,32.0,0.59,15.0,0.58,15.0,0.57,15.0,0.65,182.6,0.72,15.0,0.73,15.0,0.74,25.0,0.75,15.0,0.04,0.04,45.052825,1776170262000
1776170264.194,164.194,0.35,182.6,0.28,15.0,0.27,15.0,0.26,25.0,0.25,15.0,0.39,3.97,0.4,32.0,0.41,15.0,0.42,15.0,0.43,15.0,0.61,3.97,0.6,32.0,0.59,15.0,0.58,15.0,0.57,15.0,0.65,182.6,0.72,15.0,0.73,15.0,0.74,25.0,0.75,15.0,0.04,0.04,45.0528,1776170263000
1776170265.114,165.114,0.35,182.6,0.28,15.0,0.27,15.0,0.26,25.0,0.25,15.0,0.39,3.97,0.4,32.0,0.41,15.0,0.42,15.0,0.43,15.0,0.61,3.97,0.6,32.0,0.59,15.0,0.58,15.0,0.57,15.0,0.65,182.6,0.72,15.0,0.73,15.0,0.74,25.0,0.75,15.0,0.04,0.04,45.052606,1776170264000
1776170266.041,166.041,0.35,182.6,0.28,15.0,0.27,15.0,0.26,25.0,0.25,15.0,0.39,3.97,0.4,32.0,0.41,15.0,0.42,15.0,0.43,15.0,0.61,3.97,0.6,32.0,0.59,15.0,0.58,15.0,0.57,15.0,0.65,182.6,0.72,15.0,0.73,15.0,0.74,25.0,0.75,15.0,0.04,0.04,45.052897,1776170265000
1776170266.994,166.994,0.35,182.6,0.28,15.0,0.27,15.0,0.26,25.0,0.25,15.0,0.39,3.97,0.4,32.0,0.41,15.0,0.42,15.0,0.43,15.0,0.61,3.97,0.6,32.0,0.59,15.0,0.58,15.0,0.57,15.0,0.65,182.6,0.72,15.0,0.73,15.0,0.74,25.0,0.75,15.0,0.04,0.04,45.053664,1776170266000
1776170267.983,167.983,0.35,182.6,0.28,15.0,0.27,15.0,0.26,25.0,0.25,15.0,0.39,3.97,0.4,32.0,0.41,15.0,0.42,15.0,0.43,15.0,0.61,3.97,0.6,32.0,0.59,15.0,0.58,15.0,0.57,15.0,0.65,182.6,0.72,15.0,0.73,15.0,0.74,25.0,0.75,15.0,0.04,0.04,45.05384,1776170267000
1776170268.959,168.959,0.35,182.6,0.28,15.0,0.27,15.0,0.26,25.0,0.25,15.0,0.39,3.97,0.4,32.0,0.41,15.0,0.42,15.0,0.43,15.0,0.61,3.97,0.6,32.0,0.59,15.0,0.58,15.0,0.57,15.0,0.65,182.6,0.72,15.0,0.73,15.0,0.74,25.0,0.75,15.0,0.04,0.04,45.054252,1776170268000
1776170269.33,169.33,0.35,175.49,0.28,30.0,0.27,15.0,0.26,25.0,0.25,15.0,0.45,9.0,0.47,38.0,0.48,15.0,0.49,15.0,0.5,15.0,0.61,3.97,0.6,32.0,0.59,15.0,0.58,15.0,0.57,15.0,0.65,182.6,0.72,15.0,0.73,15.0,0.74,25.0,0.75,15.0,0.1,0.04,45.054252,1776170268000
1776170269.958,169.958,0.35,175.49,0.28,30.0,0.27,15.0,0.26,25.0,0.25,15.0,0.45,9.0,0.47,38.0,0.48,15.0,0.49,15.0,0.5,15.0,0.55,9.0,0.53,38.0,0.52,15.0,0.51,15.0,0.5,15.0,0.65,175.49,0.72,30.0,0.73,15.0,0.74,25.0,0.75,15.0,0.1,0.1,45.054251,1776170269000
1776170270.873,170.873,0.35,168.49,0.28,15.0,0.23,15.0,0.22,15.0,0.21,15.0,0.45,32.0,0.46,15.0,0.47,15.0,0.48,15.0,0.49,15.0,0.55,32.0,0.54,15.0,0.53,15.0,0.52,15.0,0.51,15.0,0.65,168.49,0.72,15.0,0.77,15.0,0.78,15.0,0.79,15.0,0.1,0.1,45.05214,1776170270000
1776170271.888,171.888,0.35,168.49,0.28,15.0,0.23,15.0,0.22,15.0,0.21,15.0,0.45,32.0,0.46,15.0,0.47,15.0,0.48,15.0,0.49,15.0,0.55,32.0,0.54,15.0,0.53,15.0,0.52,15.0,0.51,15.0,0.65,168.49,0.72,15.0,0.77,15.0,0.78,15.0,0.79,15.0,0.1,0.1,45.043088,1776170271000
1776170272.524,172.524,0.35,160.95,0.28,15.0,0.19,15.0,0.18,15.0,0.17,15.0,0.4,72.47,0.41,15.0,0.42,15.0,0.43,15.0,0.44,15.0,0.55,32.0,0.54,15.0,0.53,15.0,0.52,15.0,0.51,15.0,0.65,168.49,0.72,15.0,0.77,15.0,0.78,15.0,0.79,15.0,0.05,0.1,45.043088,1776170271000
1776170272.972,172.972,0.35,154.02,0.28,15.0,0.16,15.0,0.15,15.0,0.14,15.0,0.39,81.49,0.4,15.0,0.41,15.0,0.42,15.0,0.43,15.0,0.6,72.47,0.59,15.0,0.58,15.0,0.57,15.0,0.56,15.0,0.65,160.95,0.72,15.0,0.81,15.0,0.82,15.0,0.83,15.0,0.04,0.05,45.043088,1776170271000
1776170273.389,173.389,0.35,154.02,0.28,15.0,0.16,15.0,0.15,15.0,0.14,15.0,0.39,81.49,0.4,15.0,0.41,15.0,0.42,15.0,0.43,15.0,0.61,81.49,0.6,15.0,0.59,15.0,0.58,15.0,0.57,15.0,0.65,154.02,0.72,15.0,0.84,15.0,0.85,15.0,0.86,15.0,0.04,0.04,45.038055,1776170272000
1776170274.167,174.167,0.35,145.72,0.28,15.0,0.26,6.0,0.13,15.0,0.12,15.0,0.37,81.8,0.38,15.0,0.39,15.0,0.4,15.0,0.41,15.0,0.63,7.0,0.62,73.23,0.61,15.0,0.6,15.0,0.59,15.0,0.65,152.46,0.72,15.0,0.84,15.0,0.85,15.0,0.86,15.0,0.02,0.02,45.038055,1776170272000
1776170274.809,174.809,0.35,138.04,0.28,15.0,0.26,6.0,0.13,15.0,0.12,15.0,0.36,77.26,0.37,15.0,0.38,15.0,0.39,15.0,0.4,15.0,0.63,81.8,0.62,15.0,0.61,15.0,0.6,15.0,0.59,15.0,0.65,145.72,0.72,15.0,0.74,6.0,0.87,15.0,0.88,15.0,0.01,0.02,45.037998,1776170273000
1776170275.523,175.523,0.35,130.6,0.28,15.0,0.26,6.0,0.13,15.0,0.12,15.0,0.36,77.26,0.37,15.0,0.38,15.0,0.39,15.0,0.4,15.0,0.64,77.26,0.63,15.0,0.62,15.0,0.61,15.0,0.6,15.0,0.65,130.6,0.72,15.0,0.74,6.0,0.87,15.0,0.88,15.0,0.01,0.01,45.023056,1776170274000
1776170276.063,176.063,0.35,130.6,0.28,15.0,0.26,6.0,0.13,15.0,0.12,15.0,0.36,77.26,0.37,15.0,0.38,15.0,0.39,15.0,0.4,15.0,0.64,77.26,0.63,15.0,0.62,15.0,0.61,15.0,0.6,15.0,0.65,130.6,0.72,15.0,0.74,6.0,0.87,15.0,0.88,15.0,0.01,0.01,45.019767,1776170275000
1776170277.432,177.432,0.35,130.6,0.28,15.0,0.26,6.0,0.13,15.0,0.12,15.0,0.36,77.26,0.37,15.0,0.38,15.0,0.39,15.0,0.4,15.0,0.64,77.26,0.63,15.0,0.62,15.0,0.61,15.0,0.6,15.0,0.65,130.6,0.72,15.0,0.74,6.0,0.87,15.0,0.88,15.0,0.01,0.01,45.02015,1776170276000
1776170278.024,178.024,0.35,130.6,0.28,15.0,0.26,6.0,0.13,15.0,0.12,15.0,0.36,77.26,0.37,15.0,0.38,15.0,0.39,15.0,0.4,15.0,0.64,77.26,0.63,15.0,0.62,15.0,0.61,15.0,0.6,15.0,0.65,130.6,0.72,15.0,0.74,6.0,0.87,15.0,0.88,15.0,0.01,0.01,45.020717,1776170277000
1776170278.701,178.701,0.35,123.38,0.31,7.0,0.28,15.0,0.15,15.0,0.14,15.0,0.36,75.21,0.37,15.0,0.38,15.0,0.39,15.0,0.4,15.0,0.64,77.26,0.63,15.0,0.62,15.0,0.61,15.0,0.6,15.0,0.65,130.6,0.72,15.0,0.74,6.0,0.87,15.0,0.88,15.0,0.01,0.01,45.020717,1776170277000
1776170279.233,179.233,0.35,123.38,0.31,7.0,0.28,15.0,0.15,15.0,0.14,15.0,0.36,75.21,0.37,15.0,0.38,15.0,0.39,15.0,0.4,15.0,0.64,75.21,0.63,15.0,0.62,15.0,0.61,15.0,0.6,15.0,0.65,123.38,0.69,7.0,0.72,15.0,0.85,15.0,0.86,15.0,0.01,0.01,45.02724,1776170278000
1776170280.496,180.496,0.35,123.38,0.31,7.0,0.28,15.0,0.15,15.0,0.14,15.0,0.36,75.21,0.37,15.0,0.38,15.0,0.39,15.0,0.4,15.0,0.64,75.21,0.63,15.0,0.62,15.0,0.61,15.0,0.6,15.0,0.65,123.38,0.69,7.0,0.72,15.0,0.85,15.0,0.86,15.0,0.01,0.01,45.025515,1776170279000
1776170281.016,181.016,0.35,123.38,0.31,7.0,0.28,15.0,0.15,15.0,0.14,15.0,0.36,75.21,0.37,15.0,0.38,15.0,0.39,15.0,0.4,15.0,0.64,75.21,0.63,15.0,0.62,15.0,0.61,15.0,0.6,15.0,0.65,123.38,0.69,7.0,0.72,15.0,0.85,15.0,0.86,15.0,0.01,0.01,45.02548,1776170280000
1776170282.269,182.269,0.35,123.38,0.31,7.0,0.28,15.0,0.15,15.0,0.14,15.0,0.36,75.21,0.37,15.0,0.38,15.0,0.39,15.0,0.4,15.0,0.64,75.21,0.63,15.0,0.62,15.0,0.61,15.0,0.6,15.0,0.65,123.38,0.69,7.0,0.72,15.0,0.85,15.0,0.86,15.0,0.01,0.01,45.02612,1776170281000
1776170283.486,183.486,0.35,123.38,0.31,7.0,0.28,15.0,0.15,15.0,0.14,15.0,0.36,75.21,0.37,15.0,0.38,15.0,0.39,15.0,0.4,15.0,0.64,75.21,0.63,15.0,0.62,15.0,0.61,15.0,0.6,15.0,0.65,123.38,0.69,7.0,0.72,15.0,0.85,15.0,0.86,15.0,0.01,0.01,45.033932,1776170282000
1776170284.17,184.17,0.35,123.38,0.31,7.0,0.28,15.0,0.15,15.0,0.14,15.0,0.36,75.21,0.37,15.0,0.38,15.0,0.39,15.0,0.4,15.0,0.64,75.21,0.63,15.0,0.62,15.0,0.61,15.0,0.6,15.0,0.65,123.38,0.69,7.0,0.72,15.0,0.85,15.0,0.86,15.0,0.01,0.01,45.034848,1776170283000
1776170285.308,185.308,0.35,123.38,0.31,7.0,0.28,15.0,0.15,15.0,0.14,15.0,0.36,75.21,0.37,15.0,0.38,15.0,0.39,15.0,0.4,15.0,0.64,75.21,0.63,15.0,0.62,15.0,0.61,15.0,0.6,15.0,0.65,123.38,0.69,7.0,0.72,15.0,0.85,15.0,0.86,15.0,0.01,0.01,45.037556,1776170284000
1776170286.674,186.674,0.35,123.38,0.31,7.0,0.28,15.0,0.15,15.0,0.14,15.0,0.36,75.21,0.37,15.0,0.38,15.0,0.39,15.0,0.4,15.0,0.64,75.21,0.63,15.0,0.62,15.0,0.61,15.0,0.6,15.0,0.65,123.38,0.69,7.0,0.72,15.0,0.85,15.0,0.86,15.0,0.01,0.01,45.040532,1776170285000
1776170287.218,187.218,0.35,123.38,0.31,7.0,0.28,15.0,0.15,15.0,0.14,15.0,0.36,75.21,0.37,15.0,0.38,15.0,0.39,15.0,0.4,15.0,0.64,75.21,0.63,15.0,0.62,15.0,0.61,15.0,0.6,15.0,0.65,123.38,0.69,7.0,0.72,15.0,0.85,15.0,0.86,15.0,0.01,0.01,45.043012,1776170286000
1776170288.427,188.427,0.35,123.38,0.31,7.0,0.28,15.0,0.15,15.0,0.14,15.0,0.36,75.21,0.37,15.0,0.38,15.0,0.39,15.0,0.4,15.0,0.64,75.21,0.63,15.0,0.62,15.0,0.61,15.0,0.6,15.0,0.65,123.38,0.69,7.0,0.72,15.0,0.85,15.0,0.86,15.0,0.01,0.01,45.042391,1776170287000
1776170289.352,189.352,0.35,123.38,0.31,7.0,0.28,15.0,0.15,15.0,0.14,15.0,0.36,75.21,0.37,15.0,0.38,15.0,0.39,15.0,0.4,15.0,0.64,75.21,0.63,15.0,0.62,15.0,0.61,15.0,0.6,15.0,0.65,123.38,0.69,7.0,0.72,15.0,0.85,15.0,0.86,15.0,0.01,0.01,45.043527,1776170288000
1776170290.259,190.259,0.35,123.38,0.31,7.0,0.28,15.0,0.15,15.0,0.14,15.0,0.36,75.21,0.37,15.0,0.38,15.0,0.39,15.0,0.4,15.0,0.64,75.21,0.63,15.0,0.62,15.0,0.61,15.0,0.6,15.0,0.65,123.38,0.69,7.0,0.72,15.0,0.85,15.0,0.86,15.0,0.01,0.01,45.043606,1776170289000
1776170291.387,191.387,0.35,123.38,0.31,7.0,0.28,15.0,0.15,15.0,0.14,15.0,0.36,75.21,0.37,15.0,0.38,15.0,0.39,15.0,0.4,15.0,0.64,75.21,0.63,15.0,0.62,15.0,0.61,15.0,0.6,15.0,0.65,123.38,0.69,7.0,0.72,15.0,0.85,15.0,0.86,15.0,0.01,0.01,45.0444,1776170290000
1776170292.097,192.097,0.35,123.38,0.31,7.0,0.28,15.0,0.15,15.0,0.14,15.0,0.36,75.21,0.37,15.0,0.38,15.0,0.39,15.0,0.4,15.0,0.64,75.21,0.63,15.0,0.62,15.0,0.61,15.0,0.6,15.0,0.65,123.38,0.69,7.0,0.72,15.0,0.85,15.0,0.86,15.0,0.01,0.01,45.0444,1776170291000
1776170293.039,193.039,0.35,123.38,0.31,7.0,0.28,15.0,0.15,15.0,0.14,15.0,0.36,75.21,0.37,15.0,0.38,15.0,0.39,15.0,0.4,15.0,0.64,75.21,0.63,15.0,0.62,15.0,0.61,15.0,0.6,15.0,0.65,123.38,0.69,7.0,0.72,15.0,0.85,15.0,0.86,15.0,0.01,0.01,45.044563,1776170292000
1776170294.032,194.032,0.35,116.05,0.28,15.0,0.27,6.0,0.13,15.0,0.12,15.0,0.36,74.63,0.37,15.0,0.38,15.0,0.39,15.0,0.4,15.0,0.64,75.21,0.63,15.0,0.62,15.0,0.61,15.0,0.6,15.0,0.65,123.38,0.69,7.0,0.72,15.0,0.85,15.0,0.86,15.0,0.01,0.01,45.044563,1776170292000
1776170295.239,195.239,0.35,116.05,0.28,15.0,0.27,6.0,0.13,15.0,0.12,15.0,0.36,74.63,0.37,15.0,0.38,15.0,0.39,15.0,0.4,15.0,0.64,74.63,0.63,15.0,0.62,15.0,0.61,15.0,0.6,15.0,0.65,116.05,0.72,15.0,0.73,6.0,0.87,15.0,0.88,15.0,0.01,0.01,45.03499,1776170294000
1776170296.289,196.289,0.35,116.05,0.28,15.0,0.27,6.0,0.13,15.0,0.12,15.0,0.36,74.63,0.37,15.0,0.38,15.0,0.39,15.0,0.4,15.0,0.64,74.63,0.63,15.0,0.62,15.0,0.61,15.0,0.6,15.0,0.65,116.05,0.72,15.0,0.73,6.0,0.87,15.0,0.88,15.0,0.01,0.01,45.033867,1776170295000
1776170297.316,197.316,0.35,116.05,0.28,15.0,0.27,6.0,0.13,15.0,0.12,15.0,0.36,74.63,0.37,15.0,0.38,15.0,0.39,15.0,0.4,15.0,0.64,74.63,0.63,15.0,0.62,15.0,0.61,15.0,0.6,15.0,0.65,116.05,0.72,15.0,0.73,6.0,0.87,15.0,0.88,15.0,0.01,0.01,45.032553,1776170296000
1776170298.321,198.321,0.35,116.05,0.28,15.0,0.27,6.0,0.13,15.0,0.12,15.0,0.36,74.63,0.37,15.0,0.38,15.0,0.39,15.0,0.4,15.0,0.64,74.63,0.63,15.0,0.62,15.0,0.61,15.0,0.6,15.0,0.65,116.05,0.72,15.0,0.73,6.0,0.87,15.0,0.88,15.0,0.01,0.01,45.033213,1776170297000
1776170299.36,199.36,0.35,112.97,0.28,15.0,0.26,6.0,0.16,15.0,0.15,15.0,0.36,83.26,0.37,15.0,0.38,15.0,0.39,15.0,0.4,15.0,0.64,74.63,0.63,15.0,0.62,15.0,0.61,15.0,0.6,15.0,0.65,116.05,0.72,15.0,0.73,6.0,0.87,15.0,0.88,15.0,0.01,0.01,45.033213,1776170297000
1776170299.577,199.577,0.35,112.97,0.28,15.0,0.26,6.0,0.16,15.0,0.15,15.0,0.36,83.26,0.37,15.0,0.38,15.0,0.39,15.0,0.4,15.0,0.64,83.26,0.63,15.0,0.62,15.0,0.61,15.0,0.6,15.0,0.65,112.97,0.72,15.0,0.74,6.0,0.84,15.0,0.85,15.0,0.01,0.01,45.032884,1776170298000
1776170299.988,199.988,0.35,112.97,0.28,15.0,0.26,6.0,0.16,15.0,0.15,15.0,0.36,83.26,0.37,15.0,0.38,15.0,0.39,15.0,0.4,15.0,0.64,83.26,0.63,15.0,0.62,15.0,0.61,15.0,0.6,15.0,0.65,112.97,0.72,15.0,0.74,6.0,0.84,15.0,0.85,15.0,0.01,0.01,45.031011,1776170299000
1776170301.115,201.115,0.35,112.97,0.28,15.0,0.26,6.0,0.16,15.0,0.15,15.0,0.36,83.26,0.37,15.0,0.38,15.0,0.39,15.0,0.4,15.0,0.64,83.26,0.63,15.0,0.62,15.0,0.61,15.0,0.6,15.0,0.65,112.97,0.72,15.0,0.74,6.0,0.84,15.0,0.85,15.0,0.01,0.01,45.031785,1776170300000
1776170302.13,202.13,0.35,112.97,0.28,15.0,0.26,6.0,0.16,15.0,0.15,15.0,0.36,83.26,0.37,15.0,0.38,15.0,0.39,15.0,0.4,15.0,0.64,83.26,0.63,15.0,0.62,15.0,0.61,15.0,0.6,15.0,0.65,112.97,0.72,15.0,0.74,6.0,0.84,15.0,0.85,15.0,0.01,0.01,45.030946,1776170301000
1776170303.017,203.017,0.35,112.97,0.28,15.0,0.26,6.0,0.16,15.0,0.15,15.0,0.36,83.26,0.37,15.0,0.38,15.0,0.39,15.0,0.4,15.0,0.64,83.26,0.63,15.0,0.62,15.0,0.61,15.0,0.6,15.0,0.65,112.97,0.72,15.0,0.74,6.0,0.84,15.0,0.85,15.0,0.01,0.01,45.031142,1776170302000
1776170304.082,204.082,0.35,112.97,0.28,15.0,0.26,6.0,0.16,15.0,0.15,15.0,0.36,83.26,0.37,15.0,0.38,15.0,0.39,15.0,0.4,15.0,0.64,83.26,0.63,15.0,0.62,15.0,0.61,15.0,0.6,15.0,0.65,112.97,0.72,15.0,0.74,6.0,0.84,15.0,0.85,15.0,0.01,0.01,45.031962,1776170303000
1776170305.149,205.149,0.35,112.97,0.28,15.0,0.26,6.0,0.16,15.0,0.15,15.0,0.36,83.26,0.37,15.0,0.38,15.0,0.39,15.0,0.4,15.0,0.64,83.26,0.63,15.0,0.62,15.0,0.61,15.0,0.6,15.0,0.65,112.97,0.72,15.0,0.74,6.0,0.84,15.0,0.85,15.0,0.01,0.01,45.030812,1776170304000
1776170306.207,206.207,0.35,112.97,0.28,15.0,0.26,6.0,0.16,15.0,0.15,15.0,0.36,83.26,0.37,15.0,0.38,15.0,0.39,15.0,0.4,15.0,0.64,83.26,0.63,15.0,0.62,15.0,0.61,15.0,0.6,15.0,0.65,112.97,0.72,15.0,0.74,6.0,0.84,15.0,0.85,15.0,0.01,0.01,45.029812,1776170305000
1776170307.221,207.221,0.35,112.97,0.28,15.0,0.26,6.0,0.16,15.0,0.15,15.0,0.36,83.26,0.37,15.0,0.38,15.0,0.39,15.0,0.4,15.0,0.64,83.26,0.63,15.0,0.62,15.0,0.61,15.0,0.6,15.0,0.65,112.97,0.72,15.0,0.74,6.0,0.84,15.0,0.85,15.0,0.01,0.01,45.031007,1776170306000
1776170308.319,208.319,0.35,112.97,0.28,15.0,0.26,6.0,0.16,15.0,0.15,15.0,0.36,83.26,0.37,15.0,0.38,15.0,0.39,15.0,0.4,15.0,0.64,83.26,0.63,15.0,0.62,15.0,0.61,15.0,0.6,15.0,0.65,112.97,0.72,15.0,0.74,6.0,0.84,15.0,0.85,15.0,0.01,0.01,45.031389,1776170307000
1776170309.29,209.29,0.35,112.97,0.28,15.0,0.26,6.0,0.16,15.0,0.15,15.0,0.36,83.26,0.37,15.0,0.38,15.0,0.39,15.0,0.4,15.0,0.64,83.26,0.63,15.0,0.62,15.0,0.61,15.0,0.6,15.0,0.65,112.97,0.72,15.0,0.74,6.0,0.84,15.0,0.85,15.0,0.01,0.01,45.031389,1776170308000
1776170309.744,209.744,0.35,105.97,0.28,15.0,0.27,6.0,0.19,15.0,0.18,15.0,0.36,76.29,0.37,15.0,0.38,15.0,0.39,15.0,0.4,15.0,0.64,83.26,0.63,15.0,0.62,15.0,0.61,15.0,0.6,15.0,0.65,112.97,0.72,15.0,0.74,6.0,0.84,15.0,0.85,15.0,0.01,0.01,45.031389,1776170308000
1776170310.229,210.229,0.35,105.97,0.28,15.0,0.27,6.0,0.19,15.0,0.18,15.0,0.36,76.29,0.37,15.0,0.38,15.0,0.39,15.0,0.4,15.0,0.64,76.29,0.63,15.0,0.62,15.0,0.61,15.0,0.6,15.0,0.65,105.97,0.72,15.0,0.73,6.0,0.81,15.0,0.82,15.0,0.01,0.01,45.032248,1776170309000
1776170310.433,210.433,0.35,100.92,0.28,15.0,0.27,6.0,0.19,15.0,0.18,15.0,0.36,76.29,0.37,22.0,0.38,15.0,0.39,15.0,0.4,15.0,0.64,76.29,0.63,15.0,0.62,15.0,0.61,15.0,0.6,15.0,0.65,105.97,0.72,15.0,0.73,6.0,0.81,15.0,0.82,15.0,0.01,0.01,45.032248,1776170309000
1776170311.276,211.276,0.35,95.87,0.28,15.0,0.27,6.0,0.19,15.0,0.18,15.0,0.36,76.29,0.37,22.0,0.38,15.0,0.39,15.0,0.4,15.0,0.64,76.29,0.63,22.0,0.62,15.0,0.61,15.0,0.6,15.0,0.65,95.87,0.72,15.0,0.73,6.0,0.81,15.0,0.82,15.0,0.01,0.01,45.032234,1776170310000
1776170311.637,211.637,0.35,88.76,0.28,15.0,0.27,6.0,0.11,15.0,0.1,15.0,0.36,76.29,0.37,15.0,0.38,15.0,0.39,15.0,0.4,15.0,0.64,76.29,0.63,22.0,0.62,15.0,0.61,15.0,0.6,15.0,0.65,95.87,0.72,15.0,0.73,6.0,0.81,15.0,0.82,15.0,0.01,0.01,45.032234,1776170310000
1776170311.914,211.914,0.35,87.22,0.28,15.0,0.27,6.0,0.11,15.0,0.1,15.0,0.36,76.29,0.37,15.0,0.38,15.0,0.39,15.0,0.4,15.0,0.64,76.29,0.63,15.0,0.62,15.0,0.61,15.0,0.6,15.0,0.65,88.76,0.72,15.0,0.73,6.0,0.89,15.0,0.9,15.0,0.01,0.01,45.032234,1776170310000
1776170312.314,212.314,0.35,80.57,0.28,15.0,0.27,6.0,0.08,15.0,0.07,15.0,0.36,76.29,0.37,15.0,0.38,15.0,0.39,15.0,0.4,15.0,0.64,76.29,0.63,15.0,0.62,15.0,0.61,15.0,0.6,15.0,0.65,87.22,0.72,15.0,0.73,6.0,0.89,15.0,0.9,15.0,0.01,0.01,45.032234,1776170310000
1776170313.388,213.388,0.35,80.57,0.28,15.0,0.27,6.0,0.08,15.0,0.07,15.0,0.36,76.29,0.37,15.0,0.38,15.0,0.39,15.0,0.4,15.0,0.64,76.29,0.63,15.0,0.62,15.0,0.61,15.0,0.6,15.0,0.65,80.57,0.72,15.0,0.73,6.0,0.92,15.0,0.93,15.0,0.01,0.01,45.033402,1776170312000
1776170314.116,214.116,0.35,73.03,0.28,15.0,0.27,6.0,0.08,15.0,0.07,15.0,0.36,78.43,0.37,15.0,0.38,15.0,0.39,15.0,0.4,15.0,0.64,78.43,0.63,15.0,0.62,15.0,0.61,15.0,0.6,15.0,0.65,73.03,0.72,15.0,0.73,6.0,0.92,15.0,0.93,15.0,0.01,0.01,45.025422,1776170313000
1776170314.95,214.95,0.35,62.66,0.28,15.0,0.27,6.0,0.1,10.0,0.09,15.0,0.36,67.0,0.37,15.0,0.38,15.0,0.39,15.0,0.4,15.0,0.64,67.0,0.63,15.0,0.62,15.0,0.61,15.0,0.6,15.0,0.65,62.66,0.72,15.0,0.73,6.0,0.9,10.0,0.91,15.0,0.01,0.01,45.022068,1776170314000
1776170315.339,215.339,0.35,55.55,0.28,15.0,0.25,6.0,0.11,25.0,0.1,15.0,0.36,78.43,0.37,15.0,0.38,15.0,0.39,15.0,0.4,23.0,0.64,67.0,0.63,15.0,0.62,15.0,0.61,15.0,0.6,15.0,0.65,62.66,0.72,15.0,0.73,6.0,0.9,10.0,0.91,15.0,0.01,0.01,45.022068,1776170314000
1776170315.565,215.565,0.35,34.85,0.28,15.0,0.25,6.0,0.12,15.0,0.11,25.0,0.36,78.43,0.37,15.0,0.38,15.0,0.39,15.0,0.4,23.0,0.64,78.43,0.63,15.0,0.62,15.0,0.61,15.0,0.6,23.0,0.65,55.55,0.72,15.0,0.75,6.0,0.89,25.0,0.9,15.0,0.01,0.01,45.022068,1776170314000
1776170316.514,216.514,0.35,34.85,0.28,15.0,0.25,6.0,0.12,15.0,0.11,25.0,0.36,78.43,0.37,15.0,0.38,15.0,0.39,15.0,0.4,23.0,0.64,78.43,0.63,15.0,0.62,15.0,0.61,15.0,0.6,23.0,0.65,34.85,0.72,15.0,0.75,6.0,0.88,15.0,0.89,25.0,0.01,0.01,45.025013,1776170315000
1776170317.157,217.157,0.35,34.85,0.28,15.0,0.25,6.0,0.12,15.0,0.11,25.0,0.36,78.43,0.37,15.0,0.38,15.0,0.39,15.0,0.4,23.0,0.64,78.43,0.63,15.0,0.62,15.0,0.61,15.0,0.6,23.0,0.65,34.85,0.72,15.0,0.75,6.0,0.88,15.0,0.89,25.0,0.01,0.01,45.02704,1776170316000
1776170318.122,218.122,0.35,27.52,0.28,15.0,0.25,6.0,0.13,15.0,0.12,15.0,0.36,78.43,0.37,15.0,0.38,15.0,0.39,15.0,0.4,23.0,0.64,78.43,0.63,15.0,0.62,15.0,0.61,15.0,0.6,23.0,0.65,34.85,0.72,15.0,0.75,6.0,0.88,15.0,0.89,25.0,0.01,0.01,45.02704,1776170316000
1776170318.913,218.913,0.35,27.52,0.28,15.0,0.25,6.0,0.13,15.0,0.12,15.0,0.36,78.43,0.37,15.0,0.38,15.0,0.39,15.0,0.4,23.0,0.64,78.43,0.63,15.0,0.62,15.0,0.61,15.0,0.6,23.0,0.65,27.52,0.72,15.0,0.75,6.0,0.87,15.0,0.88,15.0,0.01,0.01,45.028485,1776170317000
1776170319.753,219.753,0.35,27.52,0.28,15.0,0.25,6.0,0.13,15.0,0.12,15.0,0.36,78.43,0.37,15.0,0.38,15.0,0.39,15.0,0.4,23.0,0.64,78.43,0.63,15.0,0.62,15.0,0.61,15.0,0.6,23.0,0.65,27.52,0.72,15.0,0.75,6.0,0.87,15.0,0.88,15.0,0.01,0.01,45.029677,1776170318000
1776170320.385,220.385,0.35,27.52,0.28,15.0,0.25,6.0,0.13,15.0,0.12,15.0,0.36,78.43,0.37,15.0,0.38,15.0,0.39,15.0,0.4,23.0,0.64,78.43,0.63,15.0,0.62,15.0,0.61,15.0,0.6,23.0,0.65,27.52,0.72,15.0,0.75,6.0,0.87,15.0,0.88,15.0,0.01,0.01,45.030239,1776170319000
1776170321.059,221.059,0.35,27.52,0.28,15.0,0.25,6.0,0.13,15.0,0.12,15.0,0.36,78.43,0.37,15.0,0.38,15.0,0.39,15.0,0.4,23.0,0.64,78.43,0.63,15.0,0.62,15.0,0.61,15.0,0.6,23.0,0.65,27.52,0.72,15.0,0.75,6.0,0.87,15.0,0.88,15.0,0.01,0.01,45.030239,1776170320000
1776170322.42,222.42,0.35,27.52,0.28,15.0,0.25,6.0,0.13,15.0,0.12,15.0,0.36,78.43,0.37,15.0,0.38,15.0,0.39,15.0,0.4,23.0,0.64,78.43,0.63,15.0,0.62,15.0,0.61,15.0,0.6,23.0,0.65,27.52,0.72,15.0,0.75,6.0,0.87,15.0,0.88,15.0,0.01,0.01,45.032517,1776170321000
1776170323.051,223.051,0.35,27.52,0.28,15.0,0.25,6.0,0.13,15.0,0.12,15.0,0.36,78.43,0.37,15.0,0.38,15.0,0.39,15.0,0.4,23.0,0.64,78.43,0.63,15.0,0.62,15.0,0.61,15.0,0.6,23.0,0.65,27.52,0.72,15.0,0.75,6.0,0.87,15.0,0.88,15.0,0.01,0.01,45.032517,1776170322000
1776170324.69,224.69,0.35,27.52,0.28,15.0,0.25,6.0,0.13,15.0,0.12,15.0,0.36,78.43,0.37,15.0,0.38,15.0,0.39,15.0,0.4,23.0,0.64,78.43,0.63,15.0,0.62,15.0,0.61,15.0,0.6,23.0,0.65,27.52,0.72,15.0,0.75,6.0,0.87,15.0,0.88,15.0,0.01,0.01,45.035582,1776170323000
1776170325.587,225.587,0.35,27.52,0.28,15.0,0.25,6.0,0.13,15.0,0.12,15.0,0.36,78.43,0.37,15.0,0.38,15.0,0.39,15.0,0.4,23.0,0.64,78.43,0.63,15.0,0.62,15.0,0.61,15.0,0.6,23.0,0.65,27.52,0.72,15.0,0.75,6.0,0.87,15.0,0.88,15.0,0.01,0.01,45.035657,1776170324000
1776170326.305,226.305,0.35,27.52,0.28,15.0,0.25,6.0,0.13,15.0,0.12,15.0,0.36,78.43,0.37,15.0,0.38,15.0,0.39,15.0,0.4,23.0,0.64,78.43,0.63,15.0,0.62,15.0,0.61,15.0,0.6,23.0,0.65,27.52,0.72,15.0,0.75,6.0,0.87,15.0,0.88,15.0,0.01,0.01,45.037823,1776170325000
1776170327.097,227.097,0.35,27.52,0.28,15.0,0.25,6.0,0.13,15.0,0.12,15.0,0.36,78.43,0.37,15.0,0.38,15.0,0.39,15.0,0.4,23.0,0.64,78.43,0.63,15.0,0.62,15.0,0.61,15.0,0.6,23.0,0.65,27.52,0.72,15.0,0.75,6.0,0.87,15.0,0.88,15.0,0.01,0.01,45.038292,1776170326000
1776170327.882,227.882,0.35,20.52,0.28,15.0,0.25,6.0,0.15,15.0,0.14,15.0,0.36,76.26,0.37,15.0,0.38,15.0,0.39,15.0,0.4,15.0,0.64,78.43,0.63,15.0,0.62,15.0,0.61,15.0,0.6,23.0,0.65,27.52,0.72,15.0,0.75,6.0,0.87,15.0,0.88,15.0,0.01,0.01,45.038292,1776170326000
1776170328.169,228.169,0.35,15.44,0.28,15.0,0.25,6.0,0.13,15.0,0.12,15.0,0.36,76.26,0.37,15.0,0.38,15.0,0.39,15.0,0.4,15.0,0.64,76.26,0.63,15.0,0.62,15.0,0.61,15.0,0.6,15.0,0.65,20.52,0.72,15.0,0.75,6.0,0.85,15.0,0.86,15.0,0.01,0.01,45.038292,1776170326000
1776170328.385,228.385,0.35,8.0,0.28,15.0,0.25,6.0,0.13,15.0,0.12,15.0,0.36,76.26,0.37,15.0,0.38,15.0,0.39,15.0,0.4,15.0,0.64,76.26,0.63,15.0,0.62,15.0,0.61,15.0,0.6,15.0,0.65,15.44,0.72,15.0,0.75,6.0,0.87,15.0,0.88,15.0,0.01,0.01,45.038292,1776170326000
1776170328.616,228.616,0.35,8.0,0.28,15.0,0.25,6.0,0.13,15.0,0.12,15.0,0.36,76.26,0.37,15.0,0.38,15.0,0.39,15.0,0.4,15.0,0.64,76.26,0.63,15.0,0.62,15.0,0.61,15.0,0.6,15.0,0.65,8.0,0.72,15.0,0.75,6.0,0.87,15.0,0.88,15.0,0.01,0.01,45.039382,1776170327000
1776170329.284,229.284,0.28,15.0,0.25,6.0,0.13,15.0,0.12,15.0,0.11,15.0,0.36,76.26,0.37,15.0,0.38,15.0,0.39,15.0,0.4,15.0,0.64,76.26,0.63,15.0,0.62,15.0,0.61,15.0,0.6,15.0,0.72,15.0,0.75,6.0,0.87,15.0,0.88,15.0,0.89,15.0,0.08,0.08,45.038347,1776170328000
1776170330.165,230.165,0.28,10.0,0.2,6.0,0.1,15.0,0.09,15.0,0.08,15.0,0.3,64.26,0.32,15.0,0.33,15.0,0.34,15.0,0.35,15.0,0.64,76.26,0.63,15.0,0.62,15.0,0.61,15.0,0.6,15.0,0.72,15.0,0.75,6.0,0.87,15.0,0.88,15.0,0.89,15.0,0.02,0.08,45.038347,1776170328000
1776170331.014,231.014,0.28,10.0,0.2,6.0,0.1,15.0,0.09,15.0,0.08,15.0,0.3,64.26,0.32,15.0,0.33,15.0,0.34,15.0,0.35,15.0,0.7,64.26,0.68,15.0,0.67,15.0,0.66,15.0,0.65,15.0,0.72,10.0,0.8,6.0,0.9,15.0,0.91,15.0,0.92,15.0,0.02,0.02,45.032116,1776170329000
1776170331.734,231.734,0.28,10.0,0.2,6.0,0.1,15.0,0.09,15.0,0.08,15.0,0.3,64.26,0.32,15.0,0.33,15.0,0.34,15.0,0.35,15.0,0.7,64.26,0.68,15.0,0.67,15.0,0.66,15.0,0.65,15.0,0.72,10.0,0.8,6.0,0.9,15.0,0.91,15.0,0.92,15.0,0.02,0.02,45.031841,1776170330000
1776170332.409,232.409,0.2,6.0,0.09,15.0,0.08,15.0,0.07,15.0,0.06,15.0,0.3,64.26,0.31,30.0,0.32,15.0,0.33,15.0,0.34,15.0,0.7,64.26,0.69,30.0,0.68,15.0,0.67,15.0,0.66,15.0,0.8,6.0,0.91,15.0,0.92,15.0,0.93,15.0,0.94,15.0,0.1,0.1,45.029222,1776170331000
1776170333.207,233.207,0.2,6.0,0.09,15.0,0.08,15.0,0.07,15.0,0.06,15.0,0.3,64.26,0.31,30.0,0.32,15.0,0.33,15.0,0.34,15.0,0.7,64.26,0.69,30.0,0.68,15.0,0.67,15.0,0.66,15.0,0.8,6.0,0.91,15.0,0.92,15.0,0.93,15.0,0.94,15.0,0.1,0.1,45.029223,1776170332000
1776170334.632,234.632,0.2,6.0,0.09,15.0,0.08,15.0,0.07,15.0,0.06,15.0,0.3,64.26,0.31,30.0,0.32,15.0,0.33,15.0,0.34,15.0,0.7,64.26,0.69,30.0,0.68,15.0,0.67,15.0,0.66,15.0,0.8,6.0,0.91,15.0,0.92,15.0,0.93,15.0,0.94,15.0,0.1,0.1,45.02714,1776170333000
1776170335.699,235.699,0.2,6.0,0.09,15.0,0.08,15.0,0.07,15.0,0.06,15.0,0.3,64.26,0.31,30.0,0.32,15.0,0.33,15.0,0.34,15.0,0.7,64.26,0.69,30.0,0.68,15.0,0.67,15.0,0.66,15.0,0.8,6.0,0.91,15.0,0.92,15.0,0.93,15.0,0.94,15.0,0.1,0.1,45.026488,1776170334000
1776170336.114,236.114,0.2,6.0,0.09,15.0,0.08,15.0,0.07,15.0,0.06,15.0,0.3,64.26,0.31,30.0,0.32,15.0,0.33,15.0,0.34,15.0,0.7,64.26,0.69,30.0,0.68,15.0,0.67,15.0,0.66,15.0,0.8,6.0,0.91,15.0,0.92,15.0,0.93,15.0,0.94,15.0,0.1,0.1,45.025155,1776170335000
1776170337.06,237.06,0.11,14.77,0.1,15.0,0.09,15.0,0.08,15.0,0.07,15.0,0.23,23.21,0.24,15.0,0.25,15.0,0.26,15.0,0.27,15.0,0.77,23.21,0.76,15.0,0.75,15.0,0.74,15.0,0.73,15.0,0.89,14.77,0.9,15.0,0.91,15.0,0.92,15.0,0.93,15.0,0.12,0.12,45.02516,1776170336000
1776170338.021,238.021,0.11,14.77,0.1,15.0,0.09,15.0,0.08,15.0,0.07,15.0,0.23,23.21,0.24,15.0,0.25,15.0,0.26,15.0,0.27,15.0,0.77,23.21,0.76,15.0,0.75,15.0,0.74,15.0,0.73,15.0,0.89,14.77,0.9,15.0,0.91,15.0,0.92,15.0,0.93,15.0,0.12,0.12,45.024981,1776170337000
1776170339.178,239.178,0.11,14.77,0.1,15.0,0.09,15.0,0.08,15.0,0.07,15.0,0.23,23.21,0.24,15.0,0.25,15.0,0.26,15.0,0.27,15.0,0.77,23.21,0.76,15.0,0.75,15.0,0.74,15.0,0.73,15.0,0.89,14.77,0.9,15.0,0.91,15.0,0.92,15.0,0.93,15.0,0.12,0.12,45.024909,1776170338000
1776170340.059,240.059,0.11,14.77,0.1,15.0,0.09,15.0,0.08,15.0,0.07,15.0,0.23,23.21,0.24,15.0,0.25,15.0,0.26,15.0,0.27,15.0,0.77,23.21,0.76,15.0,0.75,15.0,0.74,15.0,0.73,15.0,0.89,14.77,0.9,15.0,0.91,15.0,0.92,15.0,0.93,15.0,0.12,0.12,45.024909,1776170339000
1776170340.972,240.972,0.11,14.77,0.1,15.0,0.09,15.0,0.08,15.0,0.07,15.0,0.23,23.21,0.24,15.0,0.25,15.0,0.26,15.0,0.27,15.0,0.77,23.21,0.76,15.0,0.75,15.0,0.74,15.0,0.73,15.0,0.89,14.77,0.9,15.0,0.91,15.0,0.92,15.0,0.93,15.0,0.12,0.12,45.022117,1776170340000
1776170341.971,241.971,0.11,14.77,0.1,15.0,0.09,15.0,0.08,15.0,0.07,15.0,0.23,23.21,0.24,15.0,0.25,15.0,0.26,15.0,0.27,15.0,0.77,23.21,0.76,15.0,0.75,15.0,0.74,15.0,0.73,15.0,0.89,14.77,0.9,15.0,0.91,15.0,0.92,15.0,0.93,15.0,0.12,0.12,45.018743,1776170341000
1776170343.086,243.086,0.05,11.84,0.04,20.0,0.03,15.0,0.02,25.0,0.01,399.09,0.1,19.26,0.11,21.74,0.12,15.0,0.13,15.0,0.14,15.0,0.9,5.26,0.89,21.74,0.88,15.0,0.87,15.0,0.86,15.0,0.94,15.0,0.95,15.0,0.96,20.0,0.97,15.0,0.98,25.0,0.05,0.04,45.018743,1776170341000
1776170344.04,244.04,0.05,11.84,0.04,20.0,0.03,15.0,0.02,25.0,0.01,399.09,0.1,19.26,0.11,21.74,0.12,15.0,0.13,15.0,0.14,15.0,0.9,19.26,0.89,21.74,0.88,15.0,0.87,15.0,0.86,15.0,0.95,11.84,0.96,20.0,0.97,15.0,0.98,25.0,0.99,399.09,0.05,0.05,45.017411,1776170343000
1776170345.078,245.078,0.05,11.84,0.04,20.0,0.03,15.0,0.02,25.0,0.01,399.09,0.1,19.26,0.11,21.74,0.12,15.0,0.13,15.0,0.14,15.0,0.9,19.26,0.89,21.74,0.88,15.0,0.87,15.0,0.86,15.0,0.95,11.84,0.96,20.0,0.97,15.0,0.98,25.0,0.99,399.09,0.05,0.05,45.016606,1776170344000
1776170346.076,246.076,0.05,11.84,0.04,20.0,0.03,15.0,0.02,25.0,0.01,399.09,0.1,19.26,0.11,21.74,0.12,15.0,0.13,15.0,0.14,15.0,0.9,19.26,0.89,21.74,0.88,15.0,0.87,15.0,0.86,15.0,0.95,11.84,0.96,20.0,0.97,15.0,0.98,25.0,0.99,399.09,0.05,0.05,45.017198,1776170345000
1776170347.157,247.157,0.05,11.84,0.04,20.0,0.03,15.0,0.02,25.0,0.01,399.09,0.1,19.26,0.11,21.74,0.12,15.0,0.13,15.0,0.14,15.0,0.9,19.26,0.89,21.74,0.88,15.0,0.87,15.0,0.86,15.0,0.95,11.84,0.96,20.0,0.97,15.0,0.98,25.0,0.99,399.09,0.05,0.05,45.016452,1776170346000
1776170347.729,247.729,0.04,18.95,0.03,15.0,0.02,25.0,0.01,399.09,,,0.07,15.0,0.08,15.0,0.09,27.0,0.1,5.26,0.11,21.74,0.9,19.26,0.89,21.74,0.88,15.0,0.87,15.0,0.86,15.0,0.95,11.84,0.96,20.0,0.97,15.0,0.98,25.0,0.99,399.09,0.03,0.05,45.016452,1776170346000
1776170348.731,248.731,0.04,18.95,0.03,15.0,0.02,25.0,0.01,399.09,,,0.07,15.0,0.08,15.0,0.09,27.0,0.1,5.26,0.11,21.74,0.93,15.0,0.92,15.0,0.91,27.0,0.9,5.26,0.89,21.74,0.96,18.95,0.97,15.0,0.98,25.0,0.99,399.09,,,0.03,0.03,45.015717,1776170347000
1776170349.273,249.273,0.04,18.95,0.03,15.0,0.02,25.0,0.01,399.09,,,0.07,15.0,0.08,15.0,0.09,27.0,0.1,5.26,0.11,21.74,0.93,15.0,0.92,15.0,0.91,27.0,0.9,5.26,0.89,21.74,0.96,18.95,0.97,15.0,0.98,25.0,0.99,399.09,,,0.03,0.03,45.015717,1776170348000
1776170350.258,250.258,0.04,18.95,0.03,15.0,0.02,25.0,0.01,399.09,,,0.07,15.0,0.08,15.0,0.09,27.0,0.1,5.26,0.11,21.74,0.93,15.0,0.92,15.0,0.91,27.0,0.9,5.26,0.89,21.74,0.96,18.95,0.97,15.0,0.98,25.0,0.99,399.09,,,0.03,0.03,45.015215,1776170349000
1776170351.326,251.326,0.04,18.95,0.03,15.0,0.02,25.0,0.01,399.09,,,0.07,15.0,0.08,15.0,0.09,27.0,0.1,5.26,0.11,21.74,0.93,15.0,0.92,15.0,0.91,27.0,0.9,5.26,0.89,21.74,0.96,18.95,0.97,15.0,0.98,25.0,0.99,399.09,,,0.03,0.03,45.014973,1776170350000
1776170351.938,251.938,0.04,18.95,0.03,15.0,0.02,25.0,0.01,399.09,,,0.07,15.0,0.08,15.0,0.09,27.0,0.1,5.26,0.11,21.74,0.93,15.0,0.92,15.0,0.91,27.0,0.9,5.26,0.89,21.74,0.96,18.95,0.97,15.0,0.98,25.0,0.99,399.09,,,0.03,0.03,45.014696,1776170351000
1776170353.096,253.096,0.04,18.95,0.03,15.0,0.02,25.0,0.01,399.09,,,0.07,15.0,0.08,15.0,0.09,27.0,0.1,5.26,0.11,21.74,0.93,15.0,0.92,15.0,0.91,27.0,0.9,5.26,0.89,21.74,0.96,18.95,0.97,15.0,0.98,25.0,0.99,399.09,,,0.03,0.03,45.01864,1776170352000
1776170354.136,254.136,0.04,18.95,0.03,15.0,0.02,25.0,0.01,399.09,,,0.07,15.0,0.08,15.0,0.09,27.0,0.1,5.26,0.11,21.74,0.93,15.0,0.92,15.0,0.91,27.0,0.9,5.26,0.89,21.74,0.96,18.95,0.97,15.0,0.98,25.0,0.99,399.09,,,0.03,0.03,45.018614,1776170353000
1776170355.162,255.162,0.04,18.95,0.03,15.0,0.02,25.0,0.01,399.09,,,0.07,15.0,0.08,15.0,0.09,27.0,0.1,5.26,0.11,21.74,0.93,15.0,0.92,15.0,0.91,27.0,0.9,5.26,0.89,21.74,0.96,18.95,0.97,15.0,0.98,25.0,0.99,399.09,,,0.03,0.03,45.019125,1776170354000
1776170356.256,256.256,0.04,18.95,0.03,15.0,0.02,25.0,0.01,399.09,,,0.07,15.0,0.08,15.0,0.09,27.0,0.1,5.26,0.11,21.74,0.93,15.0,0.92,15.0,0.91,27.0,0.9,5.26,0.89,21.74,0.96,18.95,0.97,15.0,0.98,25.0,0.99,399.09,,,0.03,0.03,45.019125,1776170355000
1776170357.285,257.285,0.04,18.95,0.03,15.0,0.02,25.0,0.01,399.09,,,0.07,15.0,0.08,15.0,0.09,27.0,0.1,5.26,0.11,21.74,0.93,15.0,0.92,15.0,0.91,27.0,0.9,5.26,0.89,21.74,0.96,18.95,0.97,15.0,0.98,25.0,0.99,399.09,,,0.03,0.03,45.019106,1776170356000
1776170358.399,258.399,0.04,18.95,0.03,15.0,0.02,25.0,0.01,399.09,,,0.07,15.0,0.08,15.0,0.09,27.0,0.1,5.26,0.11,21.74,0.93,15.0,0.92,15.0,0.91,27.0,0.9,5.26,0.89,21.74,0.96,18.95,0.97,15.0,0.98,25.0,0.99,399.09,,,0.03,0.03,45.019219,1776170357000
1776170358.972,258.972,0.04,18.95,0.03,15.0,0.02,25.0,0.01,399.09,,,0.07,15.0,0.08,15.0,0.09,27.0,0.1,5.26,0.11,21.74,0.93,15.0,0.92,15.0,0.91,27.0,0.9,5.26,0.89,21.74,0.96,18.95,0.97,15.0,0.98,25.0,0.99,399.09,,,0.03,0.03,45.018406,1776170358000
1776170360.004,260.004,0.04,18.95,0.03,15.0,0.02,25.0,0.01,399.09,,,0.07,15.0,0.08,15.0,0.09,27.0,0.1,5.26,0.11,21.74,0.93,15.0,0.92,15.0,0.91,27.0,0.9,5.26,0.89,21.74,0.96,18.95,0.97,15.0,0.98,25.0,0.99,399.09,,,0.03,0.03,45.015978,1776170359000
1776170361.055,261.055,0.04,18.95,0.03,15.0,0.02,25.0,0.01,399.09,,,0.07,15.0,0.08,15.0,0.09,27.0,0.1,5.26,0.11,21.74,0.93,15.0,0.92,15.0,0.91,27.0,0.9,5.26,0.89,21.74,0.96,18.95,0.97,15.0,0.98,25.0,0.99,399.09,,,0.03,0.03,45.019572,1776170360000
1776170362.703,262.703,0.04,17.34,0.03,15.0,0.02,25.0,0.01,399.09,,,0.07,26.43,0.08,15.0,0.09,15.0,0.1,15.0,0.11,21.74,0.93,15.0,0.92,15.0,0.91,27.0,0.9,5.26,0.89,21.74,0.96,18.95,0.97,15.0,0.98,25.0,0.99,399.09,,,0.03,0.03,45.019572,1776170360000
1776170363.548,263.548,0.04,17.34,0.03,15.0,0.02,25.0,0.01,399.09,,,0.07,26.43,0.08,15.0,0.09,15.0,0.1,15.0,0.11,21.74,0.93,26.43,0.92,15.0,0.91,15.0,0.9,15.0,0.89,21.74,0.96,17.34,0.97,15.0,0.98,25.0,0.99,399.09,,,0.03,0.03,45.018827,1776170362000
1776170363.948,263.948,0.04,17.34,0.03,15.0,0.02,25.0,0.01,399.09,,,0.07,26.43,0.08,15.0,0.09,15.0,0.1,15.0,0.11,21.74,0.93,26.43,0.92,15.0,0.91,15.0,0.9,15.0,0.89,21.74,0.96,17.34,0.97,15.0,0.98,25.0,0.99,399.09,,,0.03,0.03,45.018827,1776170363000
1776170365.177,265.177,0.04,17.34,0.03,15.0,0.02,25.0,0.01,399.09,,,0.07,26.43,0.08,15.0,0.09,15.0,0.1,15.0,0.11,21.74,0.93,26.43,0.92,15.0,0.91,15.0,0.9,15.0,0.89,21.74,0.96,17.34,0.97,15.0,0.98,25.0,0.99,399.09,,,0.03,0.03,45.018997,1776170364000
1776170366.367,266.367,0.04,17.34,0.03,15.0,0.02,25.0,0.01,399.09,,,0.07,26.43,0.08,15.0,0.09,15.0,0.1,15.0,0.11,21.74,0.93,26.43,0.92,15.0,0.91,15.0,0.9,15.0,0.89,21.74,0.96,17.34,0.97,15.0,0.98,25.0,0.99,399.09,,,0.03,0.03,45.018531,1776170365000
1776170367.475,267.475,0.04,17.34,0.03,15.0,0.02,25.0,0.01,399.09,,,0.07,26.43,0.08,15.0,0.09,15.0,0.1,15.0,0.11,21.74,0.93,26.43,0.92,15.0,0.91,15.0,0.9,15.0,0.89,21.74,0.96,17.34,0.97,15.0,0.98,25.0,0.99,399.09,,,0.03,0.03,45.018305,1776170366000
1776170368.064,268.064,0.04,17.34,0.03,15.0,0.02,25.0,0.01,399.09,,,0.07,26.43,0.08,15.0,0.09,15.0,0.1,15.0,0.11,21.74,0.93,26.43,0.92,15.0,0.91,15.0,0.9,15.0,0.89,21.74,0.96,17.34,0.97,15.0,0.98,25.0,0.99,399.09,,,0.03,0.03,45.017967,1776170367000
1776170369.165,269.165,0.04,17.34,0.03,15.0,0.02,25.0,0.01,399.09,,,0.07,26.43,0.08,15.0,0.09,15.0,0.1,15.0,0.11,21.74,0.93,26.43,0.92,15.0,0.91,15.0,0.9,15.0,0.89,21.74,0.96,17.34,0.97,15.0,0.98,25.0,0.99,399.09,,,0.03,0.03,45.018365,1776170368000
1776170370.316,270.316,0.04,17.34,0.03,15.0,0.02,25.0,0.01,399.09,,,0.07,26.43,0.08,15.0,0.09,15.0,0.1,15.0,0.11,21.74,0.93,26.43,0.92,15.0,0.91,15.0,0.9,15.0,0.89,21.74,0.96,17.34,0.97,15.0,0.98,25.0,0.99,399.09,,,0.03,0.03,45.018321,1776170369000
1776170370.529,270.529,0.02,22.14,0.01,299.09,,,,,,,0.06,15.0,0.07,15.0,0.08,15.0,0.09,15.0,0.1,15.0,0.94,15.0,0.93,15.0,0.92,15.0,0.91,15.0,0.9,15.0,0.97,12.29,0.98,25.0,0.99,299.09,,,,,0.04,0.03,45.018321,1776170369000
1776170370.967,270.967,0.03,12.93,0.02,17.09,0.01,299.09,,,,,0.06,15.0,0.07,15.0,0.08,15.0,0.09,15.0,0.1,15.0,0.94,15.0,0.93,15.0,0.92,15.0,0.91,15.0,0.9,15.0,0.98,17.09,0.99,299.09,,,,,,,0.03,0.04,45.018321,1776170369000
1776170372.291,272.291,0.03,12.93,0.02,17.09,0.01,299.09,,,,,0.06,15.0,0.07,15.0,0.08,15.0,0.09,15.0,0.1,15.0,0.94,15.0,0.93,15.0,0.92,15.0,0.91,15.0,0.9,15.0,0.97,12.93,0.98,17.09,0.99,299.09,,,,,0.03,0.03,45.017723,1776170371000
1776170373.538,273.538,0.03,12.93,0.02,17.09,0.01,299.09,,,,,0.06,15.0,0.07,15.0,0.08,15.0,0.09,15.0,0.1,15.0,0.94,15.0,0.93,15.0,0.92,15.0,0.91,15.0,0.9,15.0,0.97,12.93,0.98,17.09,0.99,299.09,,,,,0.03,0.03,45.021095,1776170372000
1776170373.989,273.989,0.02,16.06,0.01,299.09,,,,,,,0.03,5.18,0.11,21.74,0.12,15.0,0.13,15.0,0.14,15.0,0.97,5.18,0.89,21.74,0.88,15.0,0.87,15.0,0.86,15.0,0.98,16.06,0.99,299.09,,,,,,,0.01,0.01,45.022103,1776170373000
1776170375.246,275.246,0.02,16.06,0.01,299.09,,,,,,,0.03,5.18,0.11,21.74,0.12,15.0,0.13,15.0,0.14,15.0,0.97,5.18,0.89,21.74,0.88,15.0,0.87,15.0,0.86,15.0,0.98,16.06,0.99,299.09,,,,,,,0.01,0.01,45.027633,1776170374000
1776170375.526,275.526,0.02,1.06,0.01,384.09,,,,,,,0.11,6.74,0.26,6.0,0.85,100.0,0.96,5.0,0.98,10.0,0.97,5.18,0.89,21.74,0.88,15.0,0.87,15.0,0.86,15.0,0.98,16.06,0.99,299.09,,,,,,,0.09,0.01,45.027633,1776170374000
1776170376.426,276.426,0.02,1.06,0.01,384.09,,,,,,,0.11,6.74,0.26,6.0,0.85,100.0,0.96,5.0,0.98,10.0,0.89,6.74,0.74,6.0,0.15,100.0,0.04,5.0,0.02,10.0,0.98,1.06,0.99,384.09,,,,,,,0.09,0.09,45.030355,1776170375000
1776170377.126,277.126,0.02,1.06,0.01,384.09,,,,,,,0.11,6.74,0.26,6.0,0.85,100.0,0.96,5.0,0.98,10.0,0.89,6.74,0.74,6.0,0.15,100.0,0.04,5.0,0.02,10.0,0.98,1.06,0.99,384.09,,,,,,,0.09,0.09,45.030355,1776170376000
1776170378.194,278.194,0.02,1.06,0.01,384.09,,,,,,,0.11,6.74,0.26,6.0,0.85,100.0,0.96,5.0,0.98,10.0,0.89,6.74,0.74,6.0,0.15,100.0,0.04,5.0,0.02,10.0,0.98,1.06,0.99,384.09,,,,,,,0.09,0.09,45.03004,1776170377000
1776170379.236,279.236,0.02,1.06,0.01,384.09,,,,,,,0.11,6.74,0.26,6.0,0.85,100.0,0.96,5.0,0.98,10.0,0.89,6.74,0.74,6.0,0.15,100.0,0.04,5.0,0.02,10.0,0.98,1.06,0.99,384.09,,,,,,,0.09,0.09,45.026958,1776170378000
1776170380.32,280.32,0.02,1.06,0.01,384.09,,,,,,,0.11,6.74,0.26,6.0,0.85,100.0,0.96,5.0,0.98,10.0,0.89,6.74,0.74,6.0,0.15,100.0,0.04,5.0,0.02,10.0,0.98,1.06,0.99,384.09,,,,,,,0.09,0.09,45.024878,1776170379000
1776170381.484,281.484,0.02,1.06,0.01,384.09,,,,,,,0.11,6.74,0.26,6.0,0.85,100.0,0.96,5.0,0.98,10.0,0.89,6.74,0.74,6.0,0.15,100.0,0.04,5.0,0.02,10.0,0.98,1.06,0.99,384.09,,,,,,,0.09,0.09,45.023523,1776170380000
1776170382.05,282.05,0.02,1.06,0.01,384.09,,,,,,,0.11,6.74,0.26,6.0,0.85,100.0,0.96,5.0,0.98,10.0,0.89,6.74,0.74,6.0,0.15,100.0,0.04,5.0,0.02,10.0,0.98,1.06,0.99,384.09,,,,,,,0.09,0.09,45.023523,1776170381000
1776170383.188,283.188,0.02,1.06,0.01,384.09,,,,,,,0.11,6.74,0.26,6.0,0.85,100.0,0.96,5.0,0.98,10.0,0.89,6.74,0.74,6.0,0.15,100.0,0.04,5.0,0.02,10.0,0.98,1.06,0.99,384.09,,,,,,,0.09,0.09,45.023482,1776170382000
1776170384.239,284.239,0.02,1.06,0.01,384.09,,,,,,,0.11,6.74,0.26,6.0,0.85,100.0,0.96,5.0,0.98,10.0,0.89,6.74,0.74,6.0,0.15,100.0,0.04,5.0,0.02,10.0,0.98,1.06,0.99,384.09,,,,,,,0.09,0.09,45.021161,1776170383000
1776170384.632,284.632,,,,,,,,,,,0.01,714.85,0.11,58.4,0.26,6.0,0.7,100.0,0.96,5.0,0.89,6.74,0.74,6.0,0.15,100.0,0.04,5.0,0.02,10.0,0.98,1.06,0.99,384.09,,,,,,,,0.09,45.021161,1776170383000
1776170385.359,285.359,,,,,,,,,,,0.01,714.85,0.11,58.4,0.26,6.0,0.7,100.0,0.96,5.0,0.99,714.85,0.89,58.4,0.74,6.0,0.3,100.0,0.04,5.0,,,,,,,,,,,,,45.020844,1776170384000
1776170385.621,285.621,,,,,,,,,,,0.01,745.99,0.11,58.4,0.26,6.0,0.7,100.0,0.96,5.0,0.99,714.85,0.89,58.4,0.74,6.0,0.3,100.0,0.04,5.0,,,,,,,,,,,,,45.020844,1776170384000
1776170386.135,286.135,,,,,,,,,,,0.01,745.99,0.11,58.4,0.26,6.0,0.7,100.0,0.96,5.0,0.99,745.99,0.89,58.4,0.74,6.0,0.3,100.0,0.04,5.0,,,,,,,,,,,,,45.018493,1776170385000
1776170387.188,287.188,,,,,,,,,,,0.01,745.99,0.11,58.4,0.26,6.0,0.7,100.0,0.96,5.0,0.99,745.99,0.89,58.4,0.74,6.0,0.3,100.0,0.04,5.0,,,,,,,,,,,,,45.013369,1776170386000
1776170388.618,288.618,,,,,,,,,,,0.01,745.99,0.11,58.4,0.26,6.0,0.7,100.0,0.96,5.0,0.99,745.99,0.89,58.4,0.74,6.0,0.3,100.0,0.04,5.0,,,,,,,,,,,,,45.017825,1776170387000
1776170389.241,289.241,,,,,,,,,,,0.01,745.99,0.11,58.4,0.26,6.0,0.7,100.0,0.96,5.0,0.99,745.99,0.89,58.4,0.74,6.0,0.3,100.0,0.04,5.0,,,,,,,,,,,,,45.020542,1776170388000
1776170390.521,290.521,,,,,,,,,,,0.01,745.99,0.11,58.4,0.26,6.0,0.7,100.0,0.96,5.0,0.99,745.99,0.89,58.4,0.74,6.0,0.3,100.0,0.04,5.0,,,,,,,,,,,,,45.019129,1776170389000
1776170391.065,291.065,,,,,,,,,,,0.01,745.99,0.11,58.4,0.26,6.0,0.7,100.0,0.96,5.0,0.99,745.99,0.89,58.4,0.74,6.0,0.3,100.0,0.04,5.0,,,,,,,,,,,,,45.019866,1776170390000
1776170392.206,292.206,,,,,,,,,,,0.01,745.99,0.11,58.4,0.26,6.0,0.7,100.0,0.96,5.0,0.99,745.99,0.89,58.4,0.74,6.0,0.3,100.0,0.04,5.0,,,,,,,,,,,,,45.019949,1776170391000
1776170393.264,293.264,,,,,,,,,,,0.01,745.99,0.11,58.4,0.26,6.0,0.7,100.0,0.96,5.0,0.99,745.99,0.89,58.4,0.74,6.0,0.3,100.0,0.04,5.0,,,,,,,,,,,,,45.023513,1776170392000
1776170394.82,294.82,,,,,,,,,,,0.01,745.99,0.11,58.4,0.26,6.0,0.7,100.0,0.96,5.0,0.99,745.99,0.89,58.4,0.74,6.0,0.3,100.0,0.04,5.0,,,,,,,,,,,,,45.023615,1776170393000
1776170395.585,295.585,,,,,,,,,,,0.01,745.99,0.11,58.4,0.26,6.0,0.7,100.0,0.96,5.0,0.99,745.99,0.89,58.4,0.74,6.0,0.3,100.0,0.04,5.0,,,,,,,,,,,,,45.023468,1776170394000
1776170396.243,296.243,,,,,,,,,,,0.01,745.99,0.11,58.4,0.26,6.0,0.7,100.0,0.96,5.0,0.99,745.99,0.89,58.4,0.74,6.0,0.3,100.0,0.04,5.0,,,,,,,,,,,,,45.023425,1776170395000
1776170397.636,297.636,,,,,,,,,,,0.01,745.99,0.11,58.4,0.26,6.0,0.7,100.0,0.96,5.0,0.99,745.99,0.89,58.4,0.74,6.0,0.3,100.0,0.04,5.0,,,,,,,,,,,,,45.022048,1776170396000
1776170398.163,298.163,,,,,,,,,,,0.01,745.99,0.11,58.4,0.26,6.0,0.7,100.0,0.96,5.0,0.99,745.99,0.89,58.4,0.74,6.0,0.3,100.0,0.04,5.0,,,,,,,,,,,,,45.022124,1776170397000
1776170399.712,299.712,,,,,,,,,,,0.01,745.99,0.11,58.4,0.26,6.0,0.7,100.0,0.96,5.0,0.99,745.99,0.89,58.4,0.74,6.0,0.3,100.0,0.04,5.0,,,,,,,,,,,,,45.021483,1776170398000
1776170400.333,300.333,,,,,,,,,,,0.01,745.99,0.11,58.4,0.26,6.0,0.7,100.0,0.96,5.0,0.99,745.99,0.89,58.4,0.74,6.0,0.3,100.0,0.04,5.0,,,,,,,,,,,,,45.018438,1776170399000
1776170401.103,301.103,,,,,,,,,,,0.01,745.99,0.11,58.4,0.26,6.0,0.7,100.0,0.96,5.0,0.99,745.99,0.89,58.4,0.74,6.0,0.3,100.0,0.04,5.0,,,,,,,,,,,,,45.017584,1776170400000
1776170402.534,302.534,,,,,,,,,,,0.01,745.99,0.11,58.4,0.26,6.0,0.7,100.0,0.96,5.0,0.99,745.99,0.89,58.4,0.74,6.0,0.3,100.0,0.04,5.0,,,,,,,,,,,,,45.018803,1776170401000

# RESULT,winner=Down,slug=hype-updown-5m-1776170100,ticks=331
