timestamp,elapsed_sec,up_bid_p1,up_bid_s1,up_bid_p2,up_bid_s2,up_ask_p1,up_ask_s1,up_ask_p2,up_ask_s2,down_bid_p1,down_bid_s1,down_bid_p2,down_bid_s2,down_ask_p1,down_ask_s1,down_ask_p2,down_ask_s2,up_spread,down_spread,hype_price,hype_oracle_ts
1776194701.415,1.415,,,,,,,,,,,,,,,,,,,43.241023,1776194700000
1776194701.632,1.632,0.11,100.0,0.08,57.5,0.89,100.0,0.92,50.0,0.11,100.0,0.08,50.0,0.89,100.0,0.92,57.5,0.78,0.78,43.241023,1776194700000
1776194702.216,2.216,0.44,11.0,0.11,100.0,0.65,14.0,0.89,100.0,0.11,100.0,0.08,50.0,0.89,100.0,0.92,57.5,0.21,0.78,43.241023,1776194700000
1776194702.446,2.446,0.44,11.0,0.11,100.0,0.65,14.0,0.89,100.0,0.35,14.0,0.11,100.0,0.56,11.0,0.89,100.0,0.21,0.21,43.241363,1776194701000
1776194703.292,3.292,0.44,11.0,0.11,100.0,0.65,14.0,0.89,100.0,0.35,14.0,0.11,100.0,0.56,11.0,0.89,100.0,0.21,0.21,43.243488,1776194702000
1776194704.717,4.717,0.44,11.0,0.11,100.0,0.65,14.0,0.89,100.0,0.35,14.0,0.11,100.0,0.56,11.0,0.89,100.0,0.21,0.21,43.246562,1776194703000
1776194705.587,5.587,0.44,11.0,0.11,100.0,0.65,14.0,0.89,100.0,0.35,14.0,0.11,100.0,0.56,11.0,0.89,100.0,0.21,0.21,43.246562,1776194704000
1776194706.366,6.366,0.44,11.0,0.11,100.0,0.65,14.0,0.89,100.0,0.35,14.0,0.11,100.0,0.56,11.0,0.89,100.0,0.21,0.21,43.242539,1776194705000
1776194707.526,7.526,0.44,11.0,0.11,100.0,0.65,14.0,0.89,100.0,0.35,14.0,0.11,100.0,0.56,11.0,0.89,100.0,0.21,0.21,43.241516,1776194706000
1776194708.061,8.061,0.44,11.0,0.11,100.0,0.65,14.0,0.89,100.0,0.35,14.0,0.11,100.0,0.56,11.0,0.89,100.0,0.21,0.21,43.241947,1776194707000
1776194709.062,9.062,0.44,11.0,0.11,100.0,0.65,14.0,0.89,100.0,0.35,14.0,0.11,100.0,0.56,11.0,0.89,100.0,0.21,0.21,43.242025,1776194708000
1776194710.16,10.16,0.44,11.0,0.11,100.0,0.65,14.0,0.89,100.0,0.35,14.0,0.11,100.0,0.56,11.0,0.89,100.0,0.21,0.21,43.247568,1776194709000
1776194711.071,11.071,0.44,11.0,0.11,100.0,0.65,14.0,0.89,100.0,0.35,14.0,0.11,100.0,0.56,11.0,0.89,100.0,0.21,0.21,43.250283,1776194710000
1776194712.143,12.143,0.44,11.0,0.11,100.0,0.65,14.0,0.89,100.0,0.35,14.0,0.11,100.0,0.56,11.0,0.89,100.0,0.21,0.21,43.25039,1776194711000
1776194713.12,13.12,0.44,11.0,0.11,100.0,0.65,14.0,0.89,100.0,0.35,14.0,0.11,100.0,0.56,11.0,0.89,100.0,0.21,0.21,43.250173,1776194712000
1776194714.197,14.197,0.44,11.0,0.11,100.0,0.65,14.0,0.89,100.0,0.35,14.0,0.11,100.0,0.56,11.0,0.89,100.0,0.21,0.21,43.24731,1776194713000
1776194715.302,15.302,0.44,11.0,0.11,100.0,0.65,14.0,0.89,100.0,0.35,14.0,0.11,100.0,0.56,11.0,0.89,100.0,0.21,0.21,43.24656,1776194714000
1776194716.245,16.245,0.44,11.0,0.11,100.0,0.65,14.0,0.89,100.0,0.35,14.0,0.11,100.0,0.56,11.0,0.89,100.0,0.21,0.21,43.246728,1776194715000
1776194717.297,17.297,0.44,11.0,0.11,100.0,0.65,14.0,0.89,100.0,0.35,14.0,0.11,100.0,0.56,11.0,0.89,100.0,0.21,0.21,43.247796,1776194716000
1776194718.336,18.336,0.44,11.0,0.11,100.0,0.65,14.0,0.89,100.0,0.35,14.0,0.11,100.0,0.56,11.0,0.89,100.0,0.21,0.21,43.247092,1776194717000
1776194719.319,19.319,0.44,11.0,0.11,100.0,0.65,14.0,0.89,100.0,0.35,14.0,0.11,100.0,0.56,11.0,0.89,100.0,0.21,0.21,43.246324,1776194718000
1776194720.812,20.812,0.44,11.0,0.11,100.0,0.65,14.0,0.89,100.0,0.35,14.0,0.11,100.0,0.56,11.0,0.89,100.0,0.21,0.21,43.24653,1776194719000
1776194721.288,21.288,0.44,11.0,0.11,100.0,0.65,14.0,0.89,100.0,0.35,14.0,0.11,100.0,0.56,11.0,0.89,100.0,0.21,0.21,43.246457,1776194720000
1776194722.376,22.376,0.44,11.0,0.11,100.0,0.65,14.0,0.89,100.0,0.35,14.0,0.11,100.0,0.56,11.0,0.89,100.0,0.21,0.21,43.245887,1776194721000
1776194722.869,22.869,0.44,11.0,0.11,100.0,0.65,14.0,0.89,100.0,0.35,14.0,0.11,100.0,0.56,11.0,0.89,100.0,0.21,0.21,43.243137,1776194722000
1776194723.934,23.934,0.44,11.0,0.11,100.0,0.65,14.0,0.89,100.0,0.35,14.0,0.11,100.0,0.56,11.0,0.89,100.0,0.21,0.21,43.233566,1776194723000
1776194724.971,24.971,0.44,11.0,0.11,100.0,0.65,14.0,0.89,100.0,0.35,14.0,0.11,100.0,0.56,11.0,0.89,100.0,0.21,0.21,43.23425,1776194724000
1776194726.084,26.084,0.44,11.0,0.11,100.0,0.65,14.0,0.89,100.0,0.35,14.0,0.11,100.0,0.56,11.0,0.89,100.0,0.21,0.21,43.236071,1776194725000
1776194727.103,27.103,0.44,11.0,0.11,100.0,0.65,14.0,0.89,100.0,0.35,14.0,0.11,100.0,0.56,11.0,0.89,100.0,0.21,0.21,43.238568,1776194726000
1776194728.17,28.17,0.44,11.0,0.11,100.0,0.65,14.0,0.89,100.0,0.35,14.0,0.11,100.0,0.56,11.0,0.89,100.0,0.21,0.21,43.234303,1776194727000
1776194729.389,29.389,0.44,11.0,0.11,100.0,0.65,14.0,0.89,100.0,0.35,14.0,0.11,100.0,0.56,11.0,0.89,100.0,0.21,0.21,43.230841,1776194728000
1776194730.343,30.343,0.44,11.0,0.11,100.0,0.65,14.0,0.89,100.0,0.35,14.0,0.11,100.0,0.56,11.0,0.89,100.0,0.21,0.21,43.230896,1776194729000
1776194731.337,31.337,0.44,11.0,0.11,100.0,0.65,14.0,0.89,100.0,0.35,14.0,0.11,100.0,0.56,11.0,0.89,100.0,0.21,0.21,43.230898,1776194730000
1776194731.946,31.946,0.44,11.0,0.11,100.0,0.65,14.0,0.89,100.0,0.35,14.0,0.11,100.0,0.56,11.0,0.89,100.0,0.21,0.21,43.232287,1776194731000
1776194733.002,33.002,0.44,11.0,0.11,100.0,0.65,14.0,0.89,100.0,0.35,14.0,0.11,100.0,0.56,11.0,0.89,100.0,0.21,0.21,43.231459,1776194732000
1776194734.548,34.548,0.44,11.0,0.11,100.0,0.65,14.0,0.89,100.0,0.35,14.0,0.11,100.0,0.56,11.0,0.89,100.0,0.21,0.21,43.231449,1776194733000
1776194735.174,35.174,0.44,11.0,0.11,100.0,0.65,14.0,0.89,100.0,0.35,14.0,0.11,100.0,0.56,11.0,0.89,100.0,0.21,0.21,43.231449,1776194734000
1776194736.331,36.331,0.44,11.0,0.11,100.0,0.65,14.0,0.89,100.0,0.35,14.0,0.11,100.0,0.56,11.0,0.89,100.0,0.21,0.21,43.23168,1776194735000
1776194737.479,37.479,0.44,11.0,0.11,100.0,0.65,14.0,0.89,100.0,0.35,14.0,0.11,100.0,0.56,11.0,0.89,100.0,0.21,0.21,43.233788,1776194736000
1776194738.062,38.062,0.44,11.0,0.11,100.0,0.65,14.0,0.89,100.0,0.35,14.0,0.11,100.0,0.56,11.0,0.89,100.0,0.21,0.21,43.236958,1776194737000
1776194739.308,39.308,0.44,11.0,0.11,100.0,0.65,14.0,0.89,100.0,0.35,14.0,0.11,100.0,0.56,11.0,0.89,100.0,0.21,0.21,43.24007,1776194738000
1776194740.154,40.154,0.44,11.0,0.11,100.0,0.65,14.0,0.89,100.0,0.35,14.0,0.11,100.0,0.56,11.0,0.89,100.0,0.21,0.21,43.242265,1776194739000
1776194741.282,41.282,0.44,11.0,0.11,100.0,0.65,14.0,0.89,100.0,0.35,14.0,0.11,100.0,0.56,11.0,0.89,100.0,0.21,0.21,43.242194,1776194740000
1776194742.457,42.457,0.44,11.0,0.11,100.0,0.65,14.0,0.89,100.0,0.35,14.0,0.11,100.0,0.56,11.0,0.89,100.0,0.21,0.21,43.242194,1776194741000
1776194743.039,43.039,0.44,11.0,0.11,100.0,0.65,14.0,0.89,100.0,0.35,14.0,0.11,100.0,0.56,11.0,0.89,100.0,0.21,0.21,43.242194,1776194742000
1776194744.443,44.443,0.44,11.0,0.11,100.0,0.65,14.0,0.89,100.0,0.35,14.0,0.11,100.0,0.56,11.0,0.89,100.0,0.21,0.21,43.240933,1776194743000
1776194745.168,45.168,0.44,11.0,0.11,100.0,0.65,14.0,0.89,100.0,0.35,14.0,0.11,100.0,0.56,11.0,0.89,100.0,0.21,0.21,43.236135,1776194744000
1776194746.34,46.34,0.44,11.0,0.11,100.0,0.65,14.0,0.89,100.0,0.35,14.0,0.11,100.0,0.56,11.0,0.89,100.0,0.21,0.21,43.241396,1776194745000
1776194747.447,47.447,0.44,11.0,0.11,100.0,0.65,14.0,0.89,100.0,0.35,14.0,0.11,100.0,0.56,11.0,0.89,100.0,0.21,0.21,43.240558,1776194746000
1776194748.151,48.151,0.44,11.0,0.11,100.0,0.65,14.0,0.89,100.0,0.35,14.0,0.11,100.0,0.56,11.0,0.89,100.0,0.21,0.21,43.240558,1776194747000
1776194749.4,49.4,0.44,11.0,0.11,100.0,0.65,14.0,0.89,100.0,0.35,14.0,0.11,100.0,0.56,11.0,0.89,100.0,0.21,0.21,43.241786,1776194748000
1776194750.776,50.776,0.44,11.0,0.11,100.0,0.65,14.0,0.89,100.0,0.35,14.0,0.11,100.0,0.56,11.0,0.89,100.0,0.21,0.21,43.245655,1776194749000
1776194751.237,51.237,0.44,11.0,0.11,100.0,0.65,14.0,0.89,100.0,0.35,14.0,0.11,100.0,0.56,11.0,0.89,100.0,0.21,0.21,43.246657,1776194750000
1776194752.451,52.451,0.44,11.0,0.11,100.0,0.65,14.0,0.89,100.0,0.35,14.0,0.11,100.0,0.56,11.0,0.89,100.0,0.21,0.21,43.251271,1776194751000
1776194753.027,53.027,0.44,11.0,0.11,100.0,0.65,14.0,0.89,100.0,0.35,14.0,0.11,100.0,0.56,11.0,0.89,100.0,0.21,0.21,43.248909,1776194752000
1776194754.346,54.346,0.44,11.0,0.11,100.0,0.65,14.0,0.89,100.0,0.35,14.0,0.11,100.0,0.56,11.0,0.89,100.0,0.21,0.21,43.246046,1776194753000
1776194755.469,55.469,0.44,11.0,0.11,100.0,0.65,14.0,0.89,100.0,0.35,14.0,0.11,100.0,0.56,11.0,0.89,100.0,0.21,0.21,43.237874,1776194754000
1776194756.058,56.058,0.44,11.0,0.11,100.0,0.65,14.0,0.89,100.0,0.35,14.0,0.11,100.0,0.56,11.0,0.89,100.0,0.21,0.21,43.236036,1776194755000
1776194757.304,57.304,0.44,11.0,0.11,100.0,0.65,14.0,0.89,100.0,0.35,14.0,0.11,100.0,0.56,11.0,0.89,100.0,0.21,0.21,43.228932,1776194756000
1776194758.506,58.506,0.44,11.0,0.11,100.0,0.65,14.0,0.89,100.0,0.35,14.0,0.11,100.0,0.56,11.0,0.89,100.0,0.21,0.21,43.228913,1776194757000
1776194759.1,59.1,0.44,11.0,0.11,100.0,0.65,14.0,0.89,100.0,0.35,14.0,0.11,100.0,0.56,11.0,0.89,100.0,0.21,0.21,43.229682,1776194758000
1776194760.369,60.369,0.44,11.0,0.11,100.0,0.65,14.0,0.89,100.0,0.35,14.0,0.11,100.0,0.56,11.0,0.89,100.0,0.21,0.21,43.229993,1776194759000
1776194761.405,61.405,0.44,11.0,0.11,100.0,0.65,14.0,0.89,100.0,0.35,14.0,0.11,100.0,0.56,11.0,0.89,100.0,0.21,0.21,43.23019,1776194760000
1776194762.028,62.028,0.44,11.0,0.11,100.0,0.65,14.0,0.89,100.0,0.35,14.0,0.11,100.0,0.56,11.0,0.89,100.0,0.21,0.21,43.230191,1776194761000
1776194763.056,63.056,0.44,11.0,0.11,100.0,0.65,14.0,0.89,100.0,0.35,14.0,0.11,100.0,0.56,11.0,0.89,100.0,0.21,0.21,43.231045,1776194762000
1776194764.282,64.282,0.44,11.0,0.11,100.0,0.65,14.0,0.89,100.0,0.35,14.0,0.11,100.0,0.56,11.0,0.89,100.0,0.21,0.21,43.227724,1776194763000
1776194766.155,66.155,0.44,11.0,0.11,100.0,0.65,14.0,0.89,100.0,0.35,14.0,0.11,100.0,0.56,11.0,0.89,100.0,0.21,0.21,43.224799,1776194764000
1776194766.95,66.95,0.44,11.0,0.11,100.0,0.65,14.0,0.89,100.0,0.35,14.0,0.11,100.0,0.56,11.0,0.89,100.0,0.21,0.21,43.224799,1776194765000
1776194767.585,67.585,0.44,11.0,0.11,100.0,0.65,14.0,0.89,100.0,0.35,14.0,0.11,100.0,0.56,11.0,0.89,100.0,0.21,0.21,43.225699,1776194766000
1776194768.323,68.323,0.44,11.0,0.11,100.0,0.65,14.0,0.89,100.0,0.35,14.0,0.11,100.0,0.56,11.0,0.89,100.0,0.21,0.21,43.224934,1776194767000
1776194769.666,69.666,0.44,11.0,0.11,100.0,0.65,14.0,0.89,100.0,0.35,14.0,0.11,100.0,0.56,11.0,0.89,100.0,0.21,0.21,43.224934,1776194768000
1776194770.341,70.341,0.44,11.0,0.11,100.0,0.65,14.0,0.89,100.0,0.35,14.0,0.11,100.0,0.56,11.0,0.89,100.0,0.21,0.21,43.22536,1776194769000
1776194771.105,71.105,0.44,11.0,0.11,100.0,0.65,14.0,0.89,100.0,0.35,14.0,0.11,100.0,0.56,11.0,0.89,100.0,0.21,0.21,43.224492,1776194770000
1776194772.323,72.323,0.44,11.0,0.11,100.0,0.65,14.0,0.89,100.0,0.35,14.0,0.11,100.0,0.56,11.0,0.89,100.0,0.21,0.21,43.22193,1776194771000
1776194773.665,73.665,0.44,11.0,0.11,100.0,0.65,14.0,0.89,100.0,0.35,14.0,0.11,100.0,0.56,11.0,0.89,100.0,0.21,0.21,43.221185,1776194772000
1776194774.604,74.604,0.44,11.0,0.11,100.0,0.65,14.0,0.89,100.0,0.35,14.0,0.11,100.0,0.56,11.0,0.89,100.0,0.21,0.21,43.219983,1776194773000
1776194775.343,75.343,0.44,11.0,0.11,100.0,0.65,14.0,0.89,100.0,0.35,14.0,0.11,100.0,0.56,11.0,0.89,100.0,0.21,0.21,43.220467,1776194774000
1776194776.654,76.654,0.44,11.0,0.11,100.0,0.65,14.0,0.89,100.0,0.35,14.0,0.11,100.0,0.56,11.0,0.89,100.0,0.21,0.21,43.225798,1776194775000
1776194777.279,77.279,0.44,11.0,0.11,100.0,0.65,14.0,0.89,100.0,0.35,14.0,0.11,100.0,0.56,11.0,0.89,100.0,0.21,0.21,43.224717,1776194776000
1776194778.64,78.64,0.44,11.0,0.11,100.0,0.65,14.0,0.89,100.0,0.35,14.0,0.11,100.0,0.56,11.0,0.89,100.0,0.21,0.21,43.224151,1776194777000
1776194779.373,79.373,0.44,11.0,0.11,100.0,0.65,14.0,0.89,100.0,0.35,14.0,0.11,100.0,0.56,11.0,0.89,100.0,0.21,0.21,43.221957,1776194778000
1776194780.184,80.184,0.44,11.0,0.11,100.0,0.65,14.0,0.89,100.0,0.35,14.0,0.11,100.0,0.56,11.0,0.89,100.0,0.21,0.21,43.220178,1776194779000
1776194781.631,81.631,0.44,11.0,0.11,100.0,0.65,14.0,0.89,100.0,0.35,14.0,0.11,100.0,0.56,11.0,0.89,100.0,0.21,0.21,43.217309,1776194780000
1776194782.365,82.365,0.44,11.0,0.11,100.0,0.65,14.0,0.89,100.0,0.35,14.0,0.11,100.0,0.56,11.0,0.89,100.0,0.21,0.21,43.21738,1776194781000
1776194783.108,83.108,0.44,11.0,0.11,100.0,0.65,14.0,0.89,100.0,0.35,14.0,0.11,100.0,0.56,11.0,0.89,100.0,0.21,0.21,43.217931,1776194782000
1776194784.216,84.216,0.44,11.0,0.11,100.0,0.65,14.0,0.89,100.0,0.35,14.0,0.11,100.0,0.56,11.0,0.89,100.0,0.21,0.21,43.2189,1776194783000
1776194785.361,85.361,0.44,11.0,0.11,100.0,0.65,14.0,0.89,100.0,0.35,14.0,0.11,100.0,0.56,11.0,0.89,100.0,0.21,0.21,43.218657,1776194784000
1776194786.334,86.334,0.44,11.0,0.11,100.0,0.65,14.0,0.89,100.0,0.35,14.0,0.11,100.0,0.56,11.0,0.89,100.0,0.21,0.21,43.218052,1776194785000
1776194786.917,86.917,0.44,11.0,0.11,100.0,0.65,14.0,0.89,100.0,0.35,14.0,0.11,100.0,0.56,11.0,0.89,100.0,0.21,0.21,43.218052,1776194786000
1776194787.942,87.942,0.44,11.0,0.11,100.0,0.65,14.0,0.89,100.0,0.35,14.0,0.11,100.0,0.56,11.0,0.89,100.0,0.21,0.21,43.216572,1776194787000
1776194788.993,88.993,0.44,11.0,0.11,100.0,0.65,14.0,0.89,100.0,0.35,14.0,0.11,100.0,0.56,11.0,0.89,100.0,0.21,0.21,43.21732,1776194788000
1776194790.171,90.171,0.44,11.0,0.11,100.0,0.65,14.0,0.89,100.0,0.35,14.0,0.11,100.0,0.56,11.0,0.89,100.0,0.21,0.21,43.219523,1776194789000
1776194791.064,91.064,0.44,11.0,0.11,100.0,0.65,14.0,0.89,100.0,0.35,14.0,0.11,100.0,0.56,11.0,0.89,100.0,0.21,0.21,43.221055,1776194790000
1776194792.134,92.134,0.44,11.0,0.11,100.0,0.65,14.0,0.89,100.0,0.35,14.0,0.11,100.0,0.56,11.0,0.89,100.0,0.21,0.21,43.221043,1776194791000
1776194793.246,93.246,0.44,11.0,0.11,100.0,0.65,14.0,0.89,100.0,0.35,14.0,0.11,100.0,0.56,11.0,0.89,100.0,0.21,0.21,43.221156,1776194792000
1776194794.2,94.2,0.44,11.0,0.11,100.0,0.65,14.0,0.89,100.0,0.35,14.0,0.11,100.0,0.56,11.0,0.89,100.0,0.21,0.21,43.220249,1776194793000
1776194795.223,95.223,0.44,11.0,0.11,100.0,0.65,14.0,0.89,100.0,0.35,14.0,0.11,100.0,0.56,11.0,0.89,100.0,0.21,0.21,43.220221,1776194794000
1776194796.251,96.251,0.44,11.0,0.11,100.0,0.65,14.0,0.89,100.0,0.35,14.0,0.11,100.0,0.56,11.0,0.89,100.0,0.21,0.21,43.218849,1776194795000
1776194798.053,98.053,0.44,11.0,0.11,100.0,0.65,14.0,0.89,100.0,0.35,14.0,0.11,100.0,0.56,11.0,0.89,100.0,0.21,0.21,43.219293,1776194796000
1776194798.475,98.475,0.44,11.0,0.11,100.0,0.65,14.0,0.89,100.0,0.35,14.0,0.11,100.0,0.56,11.0,0.89,100.0,0.21,0.21,43.219009,1776194797000
1776194799.075,99.075,0.44,11.0,0.11,100.0,0.65,14.0,0.89,100.0,0.35,14.0,0.11,100.0,0.56,11.0,0.89,100.0,0.21,0.21,43.219009,1776194798000
1776194800.164,100.164,0.44,11.0,0.11,100.0,0.65,14.0,0.89,100.0,0.35,14.0,0.11,100.0,0.56,11.0,0.89,100.0,0.21,0.21,43.217138,1776194799000
1776194801.26,101.26,0.44,11.0,0.11,100.0,0.65,14.0,0.89,100.0,0.35,14.0,0.11,100.0,0.56,11.0,0.89,100.0,0.21,0.21,43.217716,1776194800000
1776194802.232,102.232,0.32,15.0,0.31,15.0,0.42,5.23,0.43,6.0,0.35,14.0,0.11,100.0,0.56,11.0,0.89,100.0,0.1,0.21,43.217716,1776194800000
1776194802.864,102.864,0.32,15.0,0.31,15.0,0.42,5.23,0.43,6.0,0.58,5.23,0.57,6.0,0.68,15.0,0.69,15.0,0.1,0.1,43.217343,1776194802000
1776194803.875,103.875,0.32,15.0,0.31,15.0,0.42,5.23,0.43,6.0,0.58,5.23,0.57,6.0,0.68,15.0,0.69,15.0,0.1,0.1,43.217085,1776194803000
1776194804.902,104.902,0.32,15.0,0.31,15.0,0.42,5.23,0.43,6.0,0.58,5.23,0.57,6.0,0.68,15.0,0.69,15.0,0.1,0.1,43.216016,1776194804000
1776194805.989,105.989,0.32,15.0,0.31,15.0,0.42,5.23,0.43,6.0,0.58,5.23,0.57,6.0,0.68,15.0,0.69,15.0,0.1,0.1,43.221411,1776194805000
1776194806.986,106.986,0.32,15.0,0.31,15.0,0.42,5.23,0.43,6.0,0.58,5.23,0.57,6.0,0.68,15.0,0.69,15.0,0.1,0.1,43.217624,1776194806000
1776194808.054,108.054,0.32,15.0,0.31,15.0,0.42,5.23,0.43,6.0,0.58,5.23,0.57,6.0,0.68,15.0,0.69,15.0,0.1,0.1,43.213729,1776194807000
1776194809.08,109.08,0.32,15.0,0.31,15.0,0.42,5.23,0.43,6.0,0.58,5.23,0.57,6.0,0.68,15.0,0.69,15.0,0.1,0.1,43.210906,1776194808000
1776194810.025,110.025,0.32,15.0,0.31,15.0,0.42,5.23,0.43,6.0,0.58,5.23,0.57,6.0,0.68,15.0,0.69,15.0,0.1,0.1,43.207147,1776194809000
1776194811.519,111.519,0.32,15.0,0.31,15.0,0.42,5.23,0.43,6.0,0.58,5.23,0.57,6.0,0.68,15.0,0.69,15.0,0.1,0.1,43.204014,1776194810000
1776194812.502,112.502,0.32,15.0,0.31,15.0,0.42,5.23,0.43,6.0,0.58,5.23,0.57,6.0,0.68,15.0,0.69,15.0,0.1,0.1,43.203232,1776194811000
1776194813.089,113.089,0.32,15.0,0.31,15.0,0.42,5.23,0.43,6.0,0.58,5.23,0.57,6.0,0.68,15.0,0.69,15.0,0.1,0.1,43.200665,1776194812000
1776194814.312,114.312,0.32,15.0,0.31,15.0,0.42,5.23,0.43,6.0,0.58,5.23,0.57,6.0,0.68,15.0,0.69,15.0,0.1,0.1,43.197089,1776194813000
1776194815.478,115.478,0.32,15.0,0.31,15.0,0.42,5.23,0.43,6.0,0.58,5.23,0.57,6.0,0.68,15.0,0.69,15.0,0.1,0.1,43.195665,1776194814000
1776194816.142,116.142,0.32,15.0,0.31,15.0,0.42,5.23,0.43,6.0,0.58,5.23,0.57,6.0,0.68,15.0,0.69,15.0,0.1,0.1,43.198177,1776194815000
1776194817.244,117.244,0.32,15.0,0.31,15.0,0.42,5.23,0.43,6.0,0.58,5.23,0.57,6.0,0.68,15.0,0.69,15.0,0.1,0.1,43.197824,1776194816000
1776194818.355,118.355,0.32,15.0,0.31,15.0,0.42,5.23,0.43,6.0,0.58,5.23,0.57,6.0,0.68,15.0,0.69,15.0,0.1,0.1,43.197146,1776194817000
1776194819.06,119.06,0.32,15.0,0.31,15.0,0.42,5.23,0.43,6.0,0.58,5.23,0.57,6.0,0.68,15.0,0.69,15.0,0.1,0.1,43.197146,1776194818000
1776194820.136,120.136,0.32,15.0,0.31,15.0,0.42,5.23,0.43,6.0,0.58,5.23,0.57,6.0,0.68,15.0,0.69,15.0,0.1,0.1,43.197681,1776194819000
1776194821.342,121.342,0.32,15.0,0.31,15.0,0.42,5.23,0.43,6.0,0.58,5.23,0.57,6.0,0.68,15.0,0.69,15.0,0.1,0.1,43.19966,1776194820000
1776194822.558,122.558,0.32,15.0,0.31,15.0,0.42,5.23,0.43,6.0,0.58,5.23,0.57,6.0,0.68,15.0,0.69,15.0,0.1,0.1,43.207163,1776194821000
1776194823.187,123.187,0.32,15.0,0.31,15.0,0.42,5.23,0.43,6.0,0.58,5.23,0.57,6.0,0.68,15.0,0.69,15.0,0.1,0.1,43.207349,1776194822000
1776194824.345,124.345,0.32,15.0,0.31,15.0,0.42,5.23,0.43,6.0,0.58,5.23,0.57,6.0,0.68,15.0,0.69,15.0,0.1,0.1,43.205256,1776194823000
1776194825.003,125.003,0.32,15.0,0.31,15.0,0.42,5.23,0.43,6.0,0.58,5.23,0.57,6.0,0.68,15.0,0.69,15.0,0.1,0.1,43.207147,1776194824000
1776194826.224,126.224,0.32,15.0,0.31,15.0,0.42,5.23,0.43,6.0,0.58,5.23,0.57,6.0,0.68,15.0,0.69,15.0,0.1,0.1,43.208073,1776194825000
1776194827.363,127.363,0.32,15.0,0.31,15.0,0.42,5.23,0.43,6.0,0.58,5.23,0.57,6.0,0.68,15.0,0.69,15.0,0.1,0.1,43.208309,1776194826000
1776194828.484,128.484,0.32,15.0,0.31,15.0,0.42,5.23,0.43,6.0,0.58,5.23,0.57,6.0,0.68,15.0,0.69,15.0,0.1,0.1,43.208309,1776194827000
1776194829.04,129.04,0.32,15.0,0.31,15.0,0.42,5.23,0.43,6.0,0.58,5.23,0.57,6.0,0.68,15.0,0.69,15.0,0.1,0.1,43.208376,1776194828000
1776194830.332,130.332,0.32,15.0,0.31,15.0,0.42,5.23,0.43,6.0,0.58,5.23,0.57,6.0,0.68,15.0,0.69,15.0,0.1,0.1,43.208376,1776194829000
1776194830.809,130.809,0.32,15.0,0.31,15.0,0.34,2.0,0.43,6.0,0.58,5.23,0.57,6.0,0.68,15.0,0.69,15.0,0.02,0.1,43.208376,1776194829000
1776194831.401,131.401,0.32,15.0,0.31,15.0,0.34,2.0,0.43,6.0,0.66,2.0,0.57,6.0,0.68,15.0,0.69,15.0,0.02,0.02,43.210448,1776194830000
1776194832.502,132.502,0.32,15.0,0.31,15.0,0.34,2.0,0.43,6.0,0.66,2.0,0.57,6.0,0.68,15.0,0.69,15.0,0.02,0.02,43.211485,1776194831000
1776194833.131,133.131,0.32,15.0,0.31,15.0,0.34,2.0,0.43,6.0,0.66,2.0,0.57,6.0,0.68,15.0,0.69,15.0,0.02,0.02,43.214408,1776194832000
1776194834.209,134.209,0.32,15.0,0.31,15.0,0.34,2.0,0.43,6.0,0.66,2.0,0.57,6.0,0.68,15.0,0.69,15.0,0.02,0.02,43.218713,1776194833000
1776194835.054,135.054,0.38,15.0,0.37,15.0,0.39,2.87,0.43,6.0,0.66,2.0,0.57,6.0,0.68,15.0,0.69,15.0,0.01,0.02,43.218713,1776194833000
1776194835.306,135.306,0.38,15.0,0.37,15.0,0.39,2.87,0.43,6.0,0.61,2.87,0.57,6.0,0.62,15.0,0.63,15.0,0.01,0.01,43.218602,1776194834000
1776194836.385,136.385,0.38,15.0,0.37,15.0,0.39,2.87,0.43,6.0,0.61,2.87,0.57,6.0,0.62,15.0,0.63,15.0,0.01,0.01,43.222352,1776194835000
1776194837.066,137.066,0.38,15.0,0.37,15.0,0.39,2.87,0.43,6.0,0.61,2.87,0.57,6.0,0.62,15.0,0.63,15.0,0.01,0.01,43.223398,1776194836000
1776194838.194,138.194,0.38,15.0,0.37,15.0,0.39,2.87,0.43,6.0,0.61,2.87,0.57,6.0,0.62,15.0,0.63,15.0,0.01,0.01,43.22687,1776194837000
1776194839.403,139.403,0.38,2.5,0.37,15.0,0.43,6.0,0.5,20.0,0.57,6.0,0.5,20.0,0.62,2.5,0.63,15.0,0.05,0.05,43.231992,1776194838000
1776194839.977,139.977,0.38,2.5,0.37,15.0,0.43,6.0,0.5,20.0,0.57,6.0,0.5,20.0,0.62,2.5,0.63,15.0,0.05,0.05,43.232859,1776194839000
1776194841.093,141.093,0.38,2.5,0.37,15.0,0.43,6.0,0.5,20.0,0.57,6.0,0.5,20.0,0.62,2.5,0.63,15.0,0.05,0.05,43.227565,1776194840000
1776194842.416,142.416,0.38,2.5,0.37,15.0,0.43,6.0,0.5,20.0,0.57,6.0,0.5,20.0,0.62,2.5,0.63,15.0,0.05,0.05,43.231919,1776194841000
1776194843.865,143.865,0.35,15.0,0.34,22.0,0.54,10.0,0.56,15.0,0.57,6.0,0.5,20.0,0.62,2.5,0.63,15.0,0.19,0.05,43.231919,1776194841000
1776194844.221,144.221,0.35,15.0,0.34,22.0,0.54,10.0,0.56,15.0,0.46,10.0,0.44,15.0,0.65,15.0,0.66,22.0,0.19,0.19,43.234357,1776194842000
1776194844.99,144.99,0.35,15.0,0.34,22.0,0.54,10.0,0.56,15.0,0.46,10.0,0.44,15.0,0.65,15.0,0.66,22.0,0.19,0.19,43.231859,1776194843000
1776194845.636,145.636,0.35,15.0,0.34,22.0,0.54,10.0,0.56,15.0,0.46,10.0,0.44,15.0,0.65,15.0,0.66,22.0,0.19,0.19,43.231854,1776194844000
1776194846.565,146.565,0.35,15.0,0.34,22.0,0.54,10.0,0.56,15.0,0.46,10.0,0.44,15.0,0.65,15.0,0.66,22.0,0.19,0.19,43.23223,1776194845000
1776194847.312,147.312,0.35,15.0,0.34,22.0,0.54,10.0,0.56,15.0,0.46,10.0,0.44,15.0,0.65,15.0,0.66,22.0,0.19,0.19,43.23292,1776194846000
1776194848.055,148.055,0.35,15.0,0.34,22.0,0.54,10.0,0.56,15.0,0.46,10.0,0.44,15.0,0.65,15.0,0.66,22.0,0.19,0.19,43.232921,1776194847000
1776194849.452,149.452,0.35,15.0,0.34,22.0,0.54,10.0,0.56,15.0,0.46,10.0,0.44,15.0,0.65,15.0,0.66,22.0,0.19,0.19,43.235675,1776194848000
1776194850.096,150.096,0.35,15.0,0.34,22.0,0.54,10.0,0.56,15.0,0.46,10.0,0.44,15.0,0.65,15.0,0.66,22.0,0.19,0.19,43.235305,1776194849000
1776194851.461,151.461,0.35,15.0,0.34,22.0,0.54,10.0,0.56,15.0,0.46,10.0,0.44,15.0,0.65,15.0,0.66,22.0,0.19,0.19,43.238876,1776194850000
1776194852.257,152.257,0.35,15.0,0.34,22.0,0.54,10.0,0.56,15.0,0.46,10.0,0.44,15.0,0.65,15.0,0.66,22.0,0.19,0.19,43.235571,1776194851000
1776194853.513,153.513,0.35,15.0,0.34,22.0,0.54,10.0,0.56,15.0,0.46,10.0,0.44,15.0,0.65,15.0,0.66,22.0,0.19,0.19,43.242516,1776194852000
1776194854.164,154.164,0.35,15.0,0.34,22.0,0.54,10.0,0.56,15.0,0.46,10.0,0.44,15.0,0.65,15.0,0.66,22.0,0.19,0.19,43.247049,1776194853000
1776194855.475,155.475,0.35,15.0,0.34,22.0,0.54,10.0,0.56,15.0,0.46,10.0,0.44,15.0,0.65,15.0,0.66,22.0,0.19,0.19,43.25065,1776194854000
1776194856.165,156.165,0.35,15.0,0.34,22.0,0.54,10.0,0.56,15.0,0.46,10.0,0.44,15.0,0.65,15.0,0.66,22.0,0.19,0.19,43.25065,1776194855000
1776194857.413,157.413,0.35,15.0,0.34,22.0,0.54,10.0,0.56,15.0,0.46,10.0,0.44,15.0,0.65,15.0,0.66,22.0,0.19,0.19,43.249591,1776194856000
1776194858.134,158.134,0.35,15.0,0.34,22.0,0.54,10.0,0.56,15.0,0.46,10.0,0.44,15.0,0.65,15.0,0.66,22.0,0.19,0.19,43.249844,1776194857000
1776194859.395,159.395,0.35,15.0,0.34,22.0,0.54,10.0,0.56,15.0,0.46,10.0,0.44,15.0,0.65,15.0,0.66,22.0,0.19,0.19,43.249918,1776194858000
1776194860.044,160.044,0.35,15.0,0.34,22.0,0.54,10.0,0.56,15.0,0.46,10.0,0.44,15.0,0.65,15.0,0.66,22.0,0.19,0.19,43.2494,1776194859000
1776194861.132,161.132,0.35,15.0,0.34,22.0,0.54,10.0,0.56,15.0,0.46,10.0,0.44,15.0,0.65,15.0,0.66,22.0,0.19,0.19,43.249507,1776194860000
1776194863.254,163.254,0.35,15.0,0.34,22.0,0.54,10.0,0.56,15.0,0.46,10.0,0.44,15.0,0.65,15.0,0.66,22.0,0.19,0.19,43.250054,1776194861000
1776194863.867,163.867,0.35,15.0,0.34,22.0,0.54,10.0,0.56,15.0,0.46,10.0,0.44,15.0,0.65,15.0,0.66,22.0,0.19,0.19,43.252457,1776194862000
1776194864.563,164.563,0.35,15.0,0.34,22.0,0.54,10.0,0.56,15.0,0.46,10.0,0.44,15.0,0.65,15.0,0.66,22.0,0.19,0.19,43.253406,1776194863000
1776194865.317,165.317,0.35,15.0,0.34,22.0,0.54,10.0,0.56,15.0,0.46,10.0,0.44,15.0,0.65,15.0,0.66,22.0,0.19,0.19,43.253923,1776194864000
1776194866.69,166.69,0.35,15.0,0.34,22.0,0.54,10.0,0.56,15.0,0.46,10.0,0.44,15.0,0.65,15.0,0.66,22.0,0.19,0.19,43.256564,1776194865000
1776194867.485,167.485,0.35,15.0,0.34,22.0,0.54,10.0,0.56,15.0,0.46,10.0,0.44,15.0,0.65,15.0,0.66,22.0,0.19,0.19,43.256868,1776194866000
1776194868.261,168.261,0.35,15.0,0.34,22.0,0.54,10.0,0.56,15.0,0.46,10.0,0.44,15.0,0.65,15.0,0.66,22.0,0.19,0.19,43.257138,1776194867000
1776194869.643,169.643,0.35,15.0,0.34,22.0,0.54,10.0,0.56,15.0,0.46,10.0,0.44,15.0,0.65,15.0,0.66,22.0,0.19,0.19,43.25098,1776194868000
1776194870.353,170.353,0.35,15.0,0.34,22.0,0.54,10.0,0.56,15.0,0.46,10.0,0.44,15.0,0.65,15.0,0.66,22.0,0.19,0.19,43.248161,1776194869000
1776194871.114,171.114,0.35,15.0,0.34,22.0,0.54,10.0,0.56,15.0,0.46,10.0,0.44,15.0,0.65,15.0,0.66,22.0,0.19,0.19,43.245851,1776194870000
1776194872.641,172.641,0.35,15.0,0.34,22.0,0.54,10.0,0.56,15.0,0.46,10.0,0.44,15.0,0.65,15.0,0.66,22.0,0.19,0.19,43.240655,1776194871000
1776194873.262,173.262,0.35,15.0,0.34,22.0,0.54,10.0,0.56,15.0,0.46,10.0,0.44,15.0,0.65,15.0,0.66,22.0,0.19,0.19,43.237084,1776194872000
1776194874.772,174.772,0.35,15.0,0.34,22.0,0.54,10.0,0.56,15.0,0.46,10.0,0.44,15.0,0.65,15.0,0.66,22.0,0.19,0.19,43.22922,1776194873000
1776194875.351,175.351,0.35,15.0,0.34,22.0,0.54,10.0,0.56,15.0,0.46,10.0,0.44,15.0,0.65,15.0,0.66,22.0,0.19,0.19,43.22922,1776194874000
1776194876.13,176.13,0.35,15.0,0.34,22.0,0.54,10.0,0.56,15.0,0.46,10.0,0.44,15.0,0.65,15.0,0.66,22.0,0.19,0.19,43.227189,1776194875000
1776194877.505,177.505,0.35,15.0,0.34,22.0,0.54,10.0,0.56,15.0,0.46,10.0,0.44,15.0,0.65,15.0,0.66,22.0,0.19,0.19,43.226312,1776194876000
1776194878.177,178.177,0.35,15.0,0.34,22.0,0.54,10.0,0.56,15.0,0.46,10.0,0.44,15.0,0.65,15.0,0.66,22.0,0.19,0.19,43.226312,1776194877000
1776194880.062,180.062,0.35,15.0,0.34,22.0,0.54,10.0,0.56,15.0,0.46,10.0,0.44,15.0,0.65,15.0,0.66,22.0,0.19,0.19,43.227005,1776194879000
1776194881.007,181.007,0.35,15.0,0.34,22.0,0.54,10.0,0.56,15.0,0.46,10.0,0.44,15.0,0.65,15.0,0.66,22.0,0.19,0.19,43.227189,1776194880000
1776194882.082,182.082,0.35,15.0,0.34,22.0,0.54,10.0,0.56,15.0,0.46,10.0,0.44,15.0,0.65,15.0,0.66,22.0,0.19,0.19,43.227389,1776194881000
1776194883.057,183.057,0.35,15.0,0.34,22.0,0.54,10.0,0.56,15.0,0.46,10.0,0.44,15.0,0.65,15.0,0.66,22.0,0.19,0.19,43.230014,1776194882000
1776194884.076,184.076,0.35,15.0,0.34,22.0,0.54,10.0,0.56,15.0,0.46,10.0,0.44,15.0,0.65,15.0,0.66,22.0,0.19,0.19,43.230971,1776194883000
1776194885.084,185.084,0.35,15.0,0.34,22.0,0.54,10.0,0.56,15.0,0.46,10.0,0.44,15.0,0.65,15.0,0.66,22.0,0.19,0.19,43.230772,1776194884000
1776194886.061,186.061,0.35,15.0,0.34,22.0,0.54,10.0,0.56,15.0,0.46,10.0,0.44,15.0,0.65,15.0,0.66,22.0,0.19,0.19,43.233169,1776194885000
1776194887.132,187.132,0.35,15.0,0.34,22.0,0.54,10.0,0.56,15.0,0.46,10.0,0.44,15.0,0.65,15.0,0.66,22.0,0.19,0.19,43.235758,1776194886000
1776194889.744,189.744,0.35,15.0,0.34,22.0,0.54,10.0,0.56,15.0,0.46,10.0,0.44,15.0,0.65,15.0,0.66,22.0,0.19,0.19,43.236957,1776194887000
1776194890.164,190.164,0.35,15.0,0.34,22.0,0.54,10.0,0.56,15.0,0.46,10.0,0.44,15.0,0.65,15.0,0.66,22.0,0.19,0.19,43.237841,1776194889000
1776194891.191,191.191,0.35,15.0,0.34,22.0,0.54,10.0,0.56,15.0,0.46,10.0,0.44,15.0,0.65,15.0,0.66,22.0,0.19,0.19,43.240915,1776194890000
1776194892.215,192.215,0.35,15.0,0.34,22.0,0.54,10.0,0.56,15.0,0.46,10.0,0.44,15.0,0.65,15.0,0.66,22.0,0.19,0.19,43.245754,1776194891000
1776194893.387,193.387,0.35,15.0,0.34,22.0,0.54,10.0,0.56,15.0,0.46,10.0,0.44,15.0,0.65,15.0,0.66,22.0,0.19,0.19,43.247063,1776194892000
1776194894.058,194.058,0.35,15.0,0.34,22.0,0.54,10.0,0.56,15.0,0.46,10.0,0.44,15.0,0.65,15.0,0.66,22.0,0.19,0.19,43.247063,1776194893000
1776194895.259,195.259,0.35,15.0,0.34,22.0,0.54,10.0,0.56,15.0,0.46,10.0,0.44,15.0,0.65,15.0,0.66,22.0,0.19,0.19,43.247062,1776194894000
1776194895.945,195.945,0.35,15.0,0.34,22.0,0.54,10.0,0.56,15.0,0.46,10.0,0.44,15.0,0.65,15.0,0.66,22.0,0.19,0.19,43.250453,1776194895000
1776194897.138,197.138,0.35,15.0,0.34,22.0,0.54,10.0,0.56,15.0,0.46,10.0,0.44,15.0,0.65,15.0,0.66,22.0,0.19,0.19,43.250594,1776194896000
1776194898.339,198.339,0.35,15.0,0.34,22.0,0.54,10.0,0.56,15.0,0.46,10.0,0.44,15.0,0.65,15.0,0.66,22.0,0.19,0.19,43.250501,1776194897000
1776194898.923,198.923,0.35,15.0,0.34,22.0,0.54,10.0,0.56,15.0,0.46,10.0,0.44,15.0,0.65,15.0,0.66,22.0,0.19,0.19,43.250501,1776194898000
1776194899.201,199.201,0.43,10.0,0.42,15.0,0.6,7.0,0.67,15.0,0.46,10.0,0.44,15.0,0.65,15.0,0.66,22.0,0.17,0.19,43.250501,1776194898000
1776194900.259,200.259,0.43,10.0,0.42,15.0,0.6,7.0,0.67,15.0,0.4,7.0,0.33,15.0,0.57,10.0,0.58,15.0,0.17,0.17,43.250093,1776194899000
1776194901.347,201.347,0.43,10.0,0.42,15.0,0.6,7.0,0.67,15.0,0.4,7.0,0.33,15.0,0.57,10.0,0.58,15.0,0.17,0.17,43.248865,1776194900000
1776194901.968,201.968,0.43,10.0,0.42,15.0,0.6,7.0,0.67,15.0,0.4,7.0,0.33,15.0,0.57,10.0,0.58,15.0,0.17,0.17,43.244906,1776194901000
1776194902.559,202.559,0.37,1.82,0.34,7.0,0.43,7.67,0.55,35.0,0.45,35.0,0.39,15.0,0.63,1.82,0.66,7.0,0.06,0.18,43.244906,1776194901000
1776194903.2,203.2,0.37,1.82,0.34,7.0,0.43,7.67,0.55,35.0,0.57,7.67,0.45,35.0,0.63,1.82,0.66,7.0,0.06,0.06,43.236274,1776194902000
1776194903.432,203.432,0.39,8.0,0.28,15.0,0.43,8.0,0.44,9.91,0.57,7.67,0.45,35.0,0.63,1.82,0.66,7.0,0.04,0.06,43.236274,1776194902000
1776194904.506,204.506,0.39,8.0,0.28,15.0,0.43,8.0,0.44,9.91,0.57,8.0,0.56,9.91,0.61,8.0,0.72,15.0,0.04,0.04,43.225802,1776194903000
1776194905.025,205.025,0.39,8.0,0.28,15.0,0.43,8.0,0.44,9.91,0.57,8.0,0.56,9.91,0.61,8.0,0.72,15.0,0.04,0.04,43.225229,1776194904000
1776194906.237,206.237,0.39,8.0,0.28,15.0,0.43,8.0,0.44,9.91,0.57,8.0,0.56,9.91,0.61,8.0,0.72,15.0,0.04,0.04,43.224209,1776194905000
1776194907.383,207.383,0.39,8.0,0.28,15.0,0.43,8.0,0.44,9.91,0.57,8.0,0.56,9.91,0.61,8.0,0.72,15.0,0.04,0.04,43.224343,1776194906000
1776194908.008,208.008,0.39,8.0,0.28,15.0,0.43,8.0,0.44,9.91,0.57,8.0,0.56,9.91,0.61,8.0,0.72,15.0,0.04,0.04,43.224336,1776194907000
1776194909.31,209.31,0.39,8.0,0.28,15.0,0.43,8.0,0.44,9.91,0.57,8.0,0.56,9.91,0.61,8.0,0.72,15.0,0.04,0.04,43.224187,1776194908000
1776194910.269,210.269,0.39,8.0,0.28,15.0,0.43,8.0,0.44,9.91,0.57,8.0,0.56,9.91,0.61,8.0,0.72,15.0,0.04,0.04,43.224496,1776194909000
1776194910.476,210.476,0.39,9.36,0.31,15.0,0.46,9.91,0.49,9.0,0.57,8.0,0.56,9.91,0.61,8.0,0.72,15.0,0.07,0.04,43.224496,1776194909000
1776194911.35,211.35,0.39,4.31,0.31,15.0,0.46,9.91,0.49,9.0,0.54,9.91,0.51,9.0,0.61,4.31,0.69,15.0,0.07,0.07,43.227876,1776194910000
1776194912.629,212.629,0.39,4.31,0.31,15.0,0.46,9.91,0.49,9.0,0.54,9.91,0.51,9.0,0.61,4.31,0.69,15.0,0.07,0.07,43.228069,1776194911000
1776194913.267,213.267,0.39,4.31,0.31,15.0,0.46,9.91,0.49,9.0,0.54,9.91,0.51,9.0,0.61,4.31,0.69,15.0,0.07,0.07,43.226888,1776194912000
1776194914.855,214.855,0.39,4.31,0.31,15.0,0.46,9.91,0.49,9.0,0.54,9.91,0.51,9.0,0.61,4.31,0.69,15.0,0.07,0.07,43.227706,1776194913000
1776194915.637,215.637,0.39,4.31,0.31,15.0,0.46,9.91,0.49,9.0,0.54,9.91,0.51,9.0,0.61,4.31,0.69,15.0,0.07,0.07,43.228299,1776194914000
1776194916.268,216.268,0.39,4.31,0.31,15.0,0.46,9.91,0.49,9.0,0.54,9.91,0.51,9.0,0.61,4.31,0.69,15.0,0.07,0.07,43.229354,1776194915000
1776194917.744,217.744,0.39,4.31,0.31,15.0,0.46,9.91,0.49,9.0,0.54,9.91,0.51,9.0,0.61,4.31,0.69,15.0,0.07,0.07,43.233632,1776194916000
1776194918.531,218.531,0.39,4.31,0.31,15.0,0.46,9.91,0.49,9.0,0.54,9.91,0.51,9.0,0.61,4.31,0.69,15.0,0.07,0.07,43.235926,1776194917000
1776194919.314,219.314,0.39,4.31,0.31,15.0,0.46,9.91,0.49,9.0,0.54,9.91,0.51,9.0,0.61,4.31,0.69,15.0,0.07,0.07,43.235929,1776194918000
1776194920.837,220.837,0.39,4.31,0.31,15.0,0.46,9.91,0.49,9.0,0.54,9.91,0.51,9.0,0.61,4.31,0.69,15.0,0.07,0.07,43.236443,1776194919000
1776194921.415,221.415,0.39,4.31,0.31,15.0,0.46,9.91,0.49,9.0,0.54,9.91,0.51,9.0,0.61,4.31,0.69,15.0,0.07,0.07,43.236445,1776194920000
1776194922.177,222.177,0.39,4.31,0.31,15.0,0.46,9.91,0.49,9.0,0.54,9.91,0.51,9.0,0.61,4.31,0.69,15.0,0.07,0.07,43.235808,1776194921000
1776194923.612,223.612,0.39,4.31,0.31,15.0,0.46,9.91,0.49,9.0,0.54,9.91,0.51,9.0,0.61,4.31,0.69,15.0,0.07,0.07,43.235933,1776194922000
1776194924.366,224.366,0.39,4.31,0.31,15.0,0.46,9.91,0.49,9.0,0.54,9.91,0.51,9.0,0.61,4.31,0.69,15.0,0.07,0.07,43.235934,1776194923000
1776194925.078,225.078,0.39,4.31,0.31,15.0,0.46,9.91,0.49,9.0,0.54,9.91,0.51,9.0,0.61,4.31,0.69,15.0,0.07,0.07,43.235934,1776194924000
1776194926.39,226.39,0.39,4.31,0.31,15.0,0.46,9.91,0.49,9.0,0.54,9.91,0.51,9.0,0.61,4.31,0.69,15.0,0.07,0.07,43.236959,1776194925000
1776194927.066,227.066,0.39,4.31,0.31,15.0,0.46,9.91,0.49,9.0,0.54,9.91,0.51,9.0,0.61,4.31,0.69,15.0,0.07,0.07,43.237393,1776194926000
1776194928.082,228.082,0.39,4.31,0.31,15.0,0.46,9.91,0.49,9.0,0.54,9.91,0.51,9.0,0.61,4.31,0.69,15.0,0.07,0.07,43.235362,1776194927000
1776194929.184,229.184,0.39,4.31,0.31,15.0,0.46,9.91,0.49,9.0,0.54,9.91,0.51,9.0,0.61,4.31,0.69,15.0,0.07,0.07,43.235601,1776194928000
1776194930.121,230.121,0.39,4.31,0.31,15.0,0.46,9.91,0.49,9.0,0.54,9.91,0.51,9.0,0.61,4.31,0.69,15.0,0.07,0.07,43.237367,1776194929000
1776194931.16,231.16,0.39,4.31,0.31,15.0,0.46,9.91,0.49,9.0,0.54,9.91,0.51,9.0,0.61,4.31,0.69,15.0,0.07,0.07,43.237772,1776194930000
1776194932.266,232.266,0.39,4.31,0.31,15.0,0.46,9.91,0.49,9.0,0.54,9.91,0.51,9.0,0.61,4.31,0.69,15.0,0.07,0.07,43.237933,1776194931000
1776194933.326,233.326,0.39,4.31,0.31,15.0,0.46,9.91,0.49,9.0,0.54,9.91,0.51,9.0,0.61,4.31,0.69,15.0,0.07,0.07,43.238301,1776194932000
1776194933.863,233.863,0.39,4.31,0.31,15.0,0.46,9.91,0.49,9.0,0.54,9.91,0.51,9.0,0.61,4.31,0.69,15.0,0.07,0.07,43.238177,1776194933000
1776194935.063,235.063,0.39,4.31,0.31,15.0,0.46,9.91,0.49,9.0,0.54,9.91,0.51,9.0,0.61,4.31,0.69,15.0,0.07,0.07,43.238803,1776194934000
1776194936.007,236.007,0.39,4.31,0.31,15.0,0.46,9.91,0.49,9.0,0.54,9.91,0.51,9.0,0.61,4.31,0.69,15.0,0.07,0.07,43.236514,1776194935000
1776194937.028,237.028,0.39,4.31,0.31,15.0,0.46,9.91,0.49,9.0,0.54,9.91,0.51,9.0,0.61,4.31,0.69,15.0,0.07,0.07,43.232151,1776194936000
1776194938.07,238.07,0.39,4.31,0.31,15.0,0.46,9.91,0.49,9.0,0.54,9.91,0.51,9.0,0.61,4.31,0.69,15.0,0.07,0.07,43.232576,1776194937000
1776194939.106,239.106,0.39,4.31,0.31,15.0,0.46,9.91,0.49,9.0,0.54,9.91,0.51,9.0,0.61,4.31,0.69,15.0,0.07,0.07,43.232729,1776194938000
1776194939.779,239.779,0.4,53.0,0.39,4.31,0.76,15.0,0.77,15.0,0.54,9.91,0.51,9.0,0.61,4.31,0.69,15.0,0.36,0.07,43.232729,1776194938000
1776194940.09,240.09,0.4,53.0,0.39,4.31,0.76,15.0,0.77,15.0,0.24,15.0,0.23,15.0,0.6,53.0,0.61,4.31,0.36,0.36,43.232752,1776194939000
1776194941.73,241.73,0.4,53.0,0.39,4.31,0.76,15.0,0.77,15.0,0.24,15.0,0.23,15.0,0.6,53.0,0.61,4.31,0.36,0.36,43.239133,1776194940000
1776194943.009,243.009,0.4,53.0,0.39,4.31,0.76,15.0,0.77,15.0,0.24,15.0,0.23,15.0,0.6,53.0,0.61,4.31,0.36,0.36,43.244592,1776194941000
1776194944.489,244.489,0.7,21.0,0.66,10.0,0.83,6.42,0.89,15.0,0.24,15.0,0.23,15.0,0.6,53.0,0.61,4.31,0.13,0.36,43.244592,1776194941000
1776194945.113,245.113,0.7,21.0,0.66,10.0,0.83,6.42,0.89,15.0,0.17,6.42,0.11,15.0,0.3,21.0,0.34,10.0,0.13,0.13,43.24637,1776194944000
1776194945.377,245.377,0.71,30.19,0.44,15.0,0.83,2.84,0.93,15.0,0.17,2.84,0.08,15.0,0.29,40.0,0.56,15.0,0.12,0.12,43.24637,1776194944000
1776194946.544,246.544,0.71,30.19,0.44,15.0,0.83,2.84,0.93,15.0,0.17,2.84,0.07,15.0,0.29,30.19,0.56,15.0,0.12,0.12,43.261337,1776194945000
1776194947.344,247.344,0.71,30.19,0.44,15.0,0.83,2.84,0.93,15.0,0.17,2.84,0.07,15.0,0.29,30.19,0.56,15.0,0.12,0.12,43.271815,1776194946000
1776194949.078,249.078,0.71,30.19,0.44,15.0,0.83,2.84,0.93,15.0,0.17,2.84,0.07,15.0,0.29,30.19,0.56,15.0,0.12,0.12,43.284695,1776194947000
1776194949.888,249.888,0.71,30.19,0.44,15.0,0.83,2.84,0.93,15.0,0.17,2.84,0.07,15.0,0.29,30.19,0.56,15.0,0.12,0.12,43.285262,1776194948000
1776194950.541,250.541,0.71,30.19,0.44,15.0,0.83,2.84,0.93,15.0,0.17,2.84,0.07,15.0,0.29,30.19,0.56,15.0,0.12,0.12,43.283346,1776194949000
1776194951.365,251.365,0.71,30.19,0.44,15.0,0.83,2.84,0.93,15.0,0.17,2.84,0.07,15.0,0.29,30.19,0.56,15.0,0.12,0.12,43.279864,1776194950000
1776194951.666,251.666,0.79,4.13,0.72,6.0,0.83,2.84,0.88,15.0,0.17,2.84,0.07,15.0,0.29,30.19,0.56,15.0,0.04,0.12,43.279864,1776194950000
1776194952.639,252.639,0.79,4.13,0.72,6.0,0.83,2.84,0.88,15.0,0.17,2.84,0.12,15.0,0.21,4.13,0.28,6.0,0.04,0.04,43.279673,1776194951000
1776194953.263,253.263,0.79,4.13,0.72,6.0,0.83,2.84,0.88,15.0,0.17,2.84,0.12,15.0,0.21,4.13,0.28,6.0,0.04,0.04,43.279673,1776194952000
1776194954.813,254.813,0.79,4.13,0.72,6.0,0.83,2.84,0.88,15.0,0.17,2.84,0.12,15.0,0.21,4.13,0.28,6.0,0.04,0.04,43.279863,1776194953000
1776194955.891,255.891,0.79,10.13,0.62,15.0,0.91,15.0,0.92,15.0,0.17,2.84,0.12,15.0,0.21,4.13,0.28,6.0,0.12,0.04,43.279863,1776194953000
1776194956.729,256.729,0.89,10.0,0.79,10.13,0.91,13.9,0.92,15.0,0.09,13.9,0.08,15.0,0.11,10.0,0.21,10.13,0.02,0.02,43.280543,1776194955000
1776194957.474,257.474,0.89,10.0,0.79,10.13,0.91,13.9,0.92,15.0,0.09,13.9,0.08,15.0,0.11,10.0,0.21,10.13,0.02,0.02,43.277407,1776194956000
1776194958.202,258.202,0.89,10.0,0.79,10.13,0.91,13.9,0.92,15.0,0.09,13.9,0.08,15.0,0.11,10.0,0.21,10.13,0.02,0.02,43.277407,1776194957000
1776194960.059,260.059,0.89,10.0,0.79,10.13,0.91,13.9,0.92,15.0,0.09,13.9,0.08,15.0,0.11,10.0,0.21,10.13,0.02,0.02,43.28391,1776194958000
1776194960.304,260.304,0.91,21.0,0.87,5.0,0.98,20.0,0.99,235.0,0.09,13.9,0.08,15.0,0.11,10.0,0.21,10.13,0.07,0.02,43.28391,1776194958000
1776194960.893,260.893,0.91,21.0,0.87,5.0,0.98,20.0,0.99,235.0,0.02,20.0,0.01,235.0,0.09,21.0,0.13,5.0,0.07,0.07,43.293574,1776194959000
1776194961.645,261.645,0.91,21.0,0.87,5.0,0.99,126.86,,,0.02,20.0,0.01,235.0,0.09,21.0,0.13,5.0,0.08,0.07,43.293574,1776194959000
1776194962.716,262.716,0.91,21.0,0.87,5.0,0.99,126.86,,,0.01,126.86,,,0.09,21.0,0.13,5.0,0.08,0.08,43.297126,1776194961000
1776194963.277,263.277,0.91,24.0,0.88,5.0,0.99,103.77,,,0.01,103.77,,,0.09,24.0,0.12,5.0,0.08,0.08,43.303429,1776194962000
1776194963.75,263.75,0.91,24.0,0.88,5.0,0.99,66.25,,,0.01,73.77,,,0.09,24.0,0.12,5.0,0.08,0.08,43.303429,1776194962000
1776194964.31,264.31,0.91,24.0,0.88,5.0,0.99,66.25,,,0.01,66.25,,,0.09,24.0,0.12,5.0,0.08,0.08,43.31238,1776194963000
1776194964.633,264.633,0.91,19.44,0.88,5.0,0.99,66.25,,,0.01,66.25,,,0.09,24.0,0.12,5.0,0.08,0.08,43.31238,1776194963000
1776194965.151,265.151,0.91,19.44,0.88,5.0,0.99,56.15,,,0.01,66.25,,,0.09,19.44,0.12,5.0,0.08,0.08,43.31238,1776194963000
1776194965.359,265.359,0.91,19.44,0.88,5.0,0.99,56.15,,,0.01,56.15,,,0.09,19.44,0.12,5.0,0.08,0.08,43.328428,1776194964000
1776194966.307,266.307,0.91,19.44,0.88,5.0,0.99,56.15,,,0.01,56.15,,,0.09,19.44,0.12,5.0,0.08,0.08,43.336416,1776194965000
1776194967.413,267.413,0.91,5.44,0.86,5.0,0.98,1.74,0.99,71.15,0.01,56.15,,,0.09,19.44,0.12,5.0,0.07,0.08,43.336416,1776194965000
1776194967.803,267.803,0.91,5.44,0.86,20.0,0.99,48.75,,,0.01,62.89,,,0.09,5.44,0.14,5.0,0.08,0.08,43.328013,1776194966000
1776194968.339,268.339,0.91,5.44,0.86,20.0,0.99,48.75,,,0.01,48.75,,,0.09,5.44,0.14,20.0,0.08,0.08,43.30484,1776194967000
1776194968.545,268.545,0.98,7.06,0.91,15.44,0.99,48.75,,,0.02,12.94,0.01,48.75,0.09,15.44,0.13,15.0,0.01,0.07,43.30484,1776194967000
1776194968.856,268.856,0.98,7.06,0.91,15.44,0.99,48.75,,,0.01,48.75,,,0.02,7.06,0.09,15.44,0.01,0.01,43.30351,1776194968000
1776194969.451,269.451,0.91,20.44,0.89,20.0,0.99,26.69,,,0.01,48.75,,,0.02,7.06,0.09,15.44,0.08,0.01,43.30351,1776194968000
1776194969.875,269.875,0.91,20.44,0.9,15.0,0.99,17.69,,,0.01,26.69,,,0.09,20.44,0.11,20.0,0.08,0.08,43.30351,1776194968000
1776194970.362,270.362,0.91,35.44,0.9,15.0,0.99,2.54,,,0.01,17.69,,,0.09,20.44,0.1,15.0,0.08,0.08,43.30123,1776194969000
1776194970.935,270.935,0.91,35.44,0.9,15.0,,,,,,,,,0.09,35.44,0.1,15.0,,,43.3145,1776194970000
1776194971.412,271.412,0.93,15.0,0.92,15.0,0.99,8.17,,,,,,,0.09,35.44,0.1,15.0,0.06,,43.3145,1776194970000
1776194971.871,271.871,0.93,15.0,0.92,15.0,0.99,8.17,,,0.01,8.17,,,0.07,15.0,0.08,15.0,0.06,0.06,43.343239,1776194971000
1776194972.379,272.379,0.99,11.83,0.95,15.0,,,,,0.01,8.17,,,0.07,15.0,0.08,15.0,,0.06,43.343239,1776194971000
1776194972.9,272.9,0.99,11.83,0.95,15.0,,,,,,,,,0.01,11.83,0.05,15.0,,,43.349073,1776194972000
1776194973.989,273.989,0.99,11.83,0.95,15.0,,,,,,,,,0.01,11.83,0.05,15.0,,,43.3552,1776194973000
1776194974.993,274.993,0.99,11.83,0.95,15.0,,,,,,,,,0.01,11.83,0.05,15.0,,,43.356378,1776194974000
1776194975.907,275.907,0.99,11.83,0.95,15.0,,,,,,,,,0.01,11.83,0.05,15.0,,,43.356294,1776194975000
1776194976.907,276.907,0.99,11.83,0.95,15.0,,,,,,,,,0.01,11.83,0.05,15.0,,,43.354045,1776194976000
1776194977.941,277.941,0.99,11.83,0.95,15.0,,,,,,,,,0.01,11.83,0.05,15.0,,,43.354464,1776194977000
1776194978.239,278.239,0.99,911.83,0.91,20.44,,,,,,,,,0.01,11.83,0.05,15.0,,,43.354464,1776194977000
1776194978.926,278.926,0.99,911.83,0.91,20.44,,,,,,,,,0.01,911.83,0.09,20.44,,,43.354485,1776194978000
1776194980.009,280.009,0.99,911.83,0.91,20.44,,,,,,,,,0.01,911.83,0.09,20.44,,,43.35395,1776194979000
1776194981.011,281.011,0.99,911.83,0.91,20.44,,,,,,,,,0.01,911.83,0.09,20.44,,,43.352612,1776194980000
1776194982.106,282.106,0.99,911.83,0.91,20.44,,,,,,,,,0.01,911.83,0.09,20.44,,,43.347386,1776194981000
1776194983.071,283.071,0.99,911.83,0.91,20.44,,,,,,,,,0.01,911.83,0.09,20.44,,,43.349836,1776194982000
1776194984.123,284.123,0.99,911.83,0.91,20.44,,,,,,,,,0.01,911.83,0.09,20.44,,,43.353538,1776194983000
1776194985.175,285.175,0.99,911.83,0.91,20.44,,,,,,,,,0.01,911.83,0.09,20.44,,,43.354313,1776194984000
1776194986.212,286.212,0.99,911.83,0.91,20.44,,,,,,,,,0.01,911.83,0.09,20.44,,,43.35114,1776194985000
1776194987.178,287.178,0.99,911.83,0.91,20.44,,,,,,,,,0.01,911.83,0.09,20.44,,,43.351036,1776194986000
1776194988.296,288.296,0.99,911.83,0.91,20.44,,,,,,,,,0.01,911.83,0.09,20.44,,,43.347549,1776194987000
1776194989.402,289.402,0.99,911.83,0.91,20.44,,,,,,,,,0.01,911.83,0.09,20.44,,,43.345573,1776194988000
1776194989.941,289.941,0.99,911.83,0.91,20.44,,,,,,,,,0.01,911.83,0.09,20.44,,,43.345545,1776194989000
1776194991.112,291.112,0.99,911.83,0.91,20.44,,,,,,,,,0.01,911.83,0.09,20.44,,,43.344783,1776194990000
1776194992.239,292.239,0.99,911.83,0.91,20.44,,,,,,,,,0.01,911.83,0.09,20.44,,,43.344779,1776194991000
1776194993.297,293.297,0.99,911.83,0.91,20.44,,,,,,,,,0.01,911.83,0.09,20.44,,,43.344772,1776194992000
1776194994.405,294.405,0.99,911.83,0.91,20.44,,,,,,,,,0.01,911.83,0.09,20.44,,,43.342908,1776194993000
1776194994.996,294.996,0.99,911.83,0.91,20.44,,,,,,,,,0.01,911.83,0.09,20.44,,,43.342835,1776194994000
1776194995.963,295.963,0.99,911.83,0.91,20.44,,,,,,,,,0.01,911.83,0.09,20.44,,,43.345187,1776194995000
1776194997.094,297.094,0.99,911.83,0.91,20.44,,,,,,,,,0.01,911.83,0.09,20.44,,,43.345394,1776194996000
1776194998.048,298.048,0.99,911.83,0.91,20.44,,,,,,,,,0.01,911.83,0.09,20.44,,,43.345091,1776194997000
1776194999.146,299.146,0.99,911.83,0.91,20.44,,,,,,,,,0.01,911.83,0.09,20.44,,,43.345129,1776194998000
1776195000.279,300.279,0.99,911.83,0.91,20.44,,,,,,,,,0.01,911.83,0.09,20.44,,,43.345216,1776194999000

# RESULT,winner=Up,slug=hype-updown-5m-1776194700,ticks=320
