timestamp,elapsed_sec,up_bid_p1,up_bid_s1,up_bid_p2,up_bid_s2,up_ask_p1,up_ask_s1,up_ask_p2,up_ask_s2,down_bid_p1,down_bid_s1,down_bid_p2,down_bid_s2,down_ask_p1,down_ask_s1,down_ask_p2,down_ask_s2,up_spread,down_spread,hype_price,hype_oracle_ts
1776218401.601,1.601,0.11,100.0,0.09,50.0,0.51,5.0,0.89,100.0,0.49,5.0,0.11,100.0,0.89,100.0,0.91,50.0,0.4,0.4,44.268083,1776218400000
1776218401.939,1.939,0.11,100.0,0.09,50.0,0.51,5.0,0.89,100.0,0.49,5.0,0.11,100.0,0.89,100.0,0.91,50.0,0.4,0.4,44.268083,1776218400000
1776218402.381,2.381,0.11,100.0,0.09,50.0,0.51,5.0,0.89,100.0,0.49,5.0,0.11,100.0,0.89,100.0,0.91,50.0,0.4,0.4,44.269192,1776218401000
1776218403.486,3.486,0.11,100.0,0.09,50.0,0.51,5.0,0.89,100.0,0.49,5.0,0.11,100.0,0.89,100.0,0.91,50.0,0.4,0.4,44.282029,1776218402000
1776218403.952,3.952,0.54,5.0,0.11,100.0,0.71,10.0,0.89,100.0,0.49,5.0,0.11,100.0,0.89,100.0,0.91,50.0,0.17,0.4,44.282029,1776218402000
1776218405.07,5.07,0.54,5.0,0.11,100.0,0.71,10.0,0.89,100.0,0.29,10.0,0.11,100.0,0.46,5.0,0.89,100.0,0.17,0.17,44.287953,1776218404000
1776218406.214,6.214,0.54,5.0,0.11,100.0,0.71,10.0,0.89,100.0,0.29,10.0,0.11,100.0,0.46,5.0,0.89,100.0,0.17,0.17,44.288247,1776218405000
1776218407.323,7.323,0.54,5.0,0.11,100.0,0.71,10.0,0.89,100.0,0.29,10.0,0.11,100.0,0.46,5.0,0.89,100.0,0.17,0.17,44.288782,1776218406000
1776218408.382,8.382,0.54,5.0,0.11,100.0,0.71,10.0,0.89,100.0,0.29,10.0,0.11,100.0,0.46,5.0,0.89,100.0,0.17,0.17,44.28826,1776218407000
1776218409.007,9.007,0.54,5.0,0.11,100.0,0.71,10.0,0.89,100.0,0.29,10.0,0.11,100.0,0.46,5.0,0.89,100.0,0.17,0.17,44.288627,1776218408000
1776218410.276,10.276,0.54,5.0,0.11,100.0,0.71,10.0,0.89,100.0,0.29,10.0,0.11,100.0,0.46,5.0,0.89,100.0,0.17,0.17,44.288627,1776218409000
1776218411.323,11.323,0.54,5.0,0.11,100.0,0.71,10.0,0.89,100.0,0.29,10.0,0.11,100.0,0.46,5.0,0.89,100.0,0.17,0.17,44.288689,1776218410000
1776218411.913,11.913,0.54,5.0,0.11,100.0,0.71,10.0,0.89,100.0,0.29,10.0,0.11,100.0,0.46,5.0,0.89,100.0,0.17,0.17,44.288624,1776218411000
1776218413.385,13.385,0.54,5.0,0.11,100.0,0.71,10.0,0.89,100.0,0.29,10.0,0.11,100.0,0.46,5.0,0.89,100.0,0.17,0.17,44.28795,1776218412000
1776218413.958,13.958,0.54,5.0,0.11,100.0,0.71,10.0,0.89,100.0,0.29,10.0,0.11,100.0,0.46,5.0,0.89,100.0,0.17,0.17,44.28795,1776218413000
1776218415.159,15.159,0.54,5.0,0.11,100.0,0.71,10.0,0.89,100.0,0.29,10.0,0.11,100.0,0.46,5.0,0.89,100.0,0.17,0.17,44.289184,1776218414000
1776218416.268,16.268,0.54,5.0,0.11,100.0,0.71,10.0,0.89,100.0,0.29,10.0,0.11,100.0,0.46,5.0,0.89,100.0,0.17,0.17,44.290538,1776218415000
1776218417.375,17.375,0.54,5.0,0.11,100.0,0.71,10.0,0.89,100.0,0.29,10.0,0.11,100.0,0.46,5.0,0.89,100.0,0.17,0.17,44.291729,1776218416000
1776218417.967,17.967,0.54,5.0,0.11,100.0,0.71,10.0,0.89,100.0,0.29,10.0,0.11,100.0,0.46,5.0,0.89,100.0,0.17,0.17,44.292571,1776218417000
1776218419.048,19.048,0.54,5.0,0.11,100.0,0.71,10.0,0.89,100.0,0.29,10.0,0.11,100.0,0.46,5.0,0.89,100.0,0.17,0.17,44.29248,1776218418000
1776218420.202,20.202,0.54,5.0,0.11,100.0,0.71,10.0,0.89,100.0,0.29,10.0,0.11,100.0,0.46,5.0,0.89,100.0,0.17,0.17,44.292708,1776218419000
1776218421.302,21.302,0.54,5.0,0.11,100.0,0.71,10.0,0.89,100.0,0.29,10.0,0.11,100.0,0.46,5.0,0.89,100.0,0.17,0.17,44.293523,1776218420000
1776218422.451,22.451,0.54,5.0,0.11,100.0,0.71,10.0,0.89,100.0,0.29,10.0,0.11,100.0,0.46,5.0,0.89,100.0,0.17,0.17,44.293527,1776218421000
1776218422.968,22.968,0.54,5.0,0.11,100.0,0.71,10.0,0.89,100.0,0.29,10.0,0.11,100.0,0.46,5.0,0.89,100.0,0.17,0.17,44.293527,1776218422000
1776218424.1,24.1,0.54,5.0,0.11,100.0,0.71,10.0,0.89,100.0,0.29,10.0,0.11,100.0,0.46,5.0,0.89,100.0,0.17,0.17,44.294198,1776218423000
1776218425.252,25.252,0.54,5.0,0.11,100.0,0.71,10.0,0.89,100.0,0.29,10.0,0.11,100.0,0.46,5.0,0.89,100.0,0.17,0.17,44.287509,1776218424000
1776218426.331,26.331,0.54,5.0,0.11,100.0,0.71,10.0,0.89,100.0,0.29,10.0,0.11,100.0,0.46,5.0,0.89,100.0,0.17,0.17,44.282574,1776218425000
1776218427.696,27.696,0.54,5.0,0.11,100.0,0.71,10.0,0.89,100.0,0.29,10.0,0.11,100.0,0.46,5.0,0.89,100.0,0.17,0.17,44.281116,1776218426000
1776218428.559,28.559,0.54,5.0,0.11,100.0,0.71,10.0,0.89,100.0,0.29,10.0,0.11,100.0,0.46,5.0,0.89,100.0,0.17,0.17,44.280493,1776218427000
1776218429.444,29.444,0.54,5.0,0.11,100.0,0.71,10.0,0.89,100.0,0.29,10.0,0.11,100.0,0.46,5.0,0.89,100.0,0.17,0.17,44.280154,1776218428000
1776218430.187,30.187,0.54,5.0,0.11,100.0,0.71,10.0,0.89,100.0,0.29,10.0,0.11,100.0,0.46,5.0,0.89,100.0,0.17,0.17,44.280364,1776218429000
1776218431.968,31.968,0.54,5.0,0.11,100.0,0.71,10.0,0.89,100.0,0.29,10.0,0.11,100.0,0.46,5.0,0.89,100.0,0.17,0.17,44.279642,1776218430000
1776218432.706,32.706,0.54,5.0,0.11,100.0,0.71,10.0,0.89,100.0,0.29,10.0,0.11,100.0,0.46,5.0,0.89,100.0,0.17,0.17,44.279309,1776218431000
1776218433.756,33.756,0.54,5.0,0.11,100.0,0.71,10.0,0.89,100.0,0.29,10.0,0.11,100.0,0.46,5.0,0.89,100.0,0.17,0.17,44.279545,1776218432000
1776218434.711,34.711,0.54,5.0,0.11,100.0,0.71,10.0,0.89,100.0,0.29,10.0,0.11,100.0,0.46,5.0,0.89,100.0,0.17,0.17,44.275553,1776218433000
1776218435.516,35.516,0.54,5.0,0.11,100.0,0.71,10.0,0.89,100.0,0.29,10.0,0.11,100.0,0.46,5.0,0.89,100.0,0.17,0.17,44.277138,1776218434000
1776218436.532,36.532,0.54,5.0,0.11,100.0,0.71,10.0,0.89,100.0,0.29,10.0,0.11,100.0,0.46,5.0,0.89,100.0,0.17,0.17,44.28469,1776218435000
1776218437.427,37.427,0.54,5.0,0.11,100.0,0.71,10.0,0.89,100.0,0.29,10.0,0.11,100.0,0.46,5.0,0.89,100.0,0.17,0.17,44.294165,1776218436000
1776218438.399,38.399,0.54,5.0,0.11,100.0,0.71,10.0,0.89,100.0,0.29,10.0,0.11,100.0,0.46,5.0,0.89,100.0,0.17,0.17,44.291585,1776218437000
1776218439.646,39.646,0.54,5.0,0.11,100.0,0.71,10.0,0.89,100.0,0.29,10.0,0.11,100.0,0.46,5.0,0.89,100.0,0.17,0.17,44.290684,1776218438000
1776218440.751,40.751,0.54,5.0,0.11,100.0,0.71,10.0,0.89,100.0,0.29,10.0,0.11,100.0,0.46,5.0,0.89,100.0,0.17,0.17,44.290997,1776218439000
1776218442.098,42.098,0.54,5.0,0.11,100.0,0.71,10.0,0.89,100.0,0.29,10.0,0.11,100.0,0.46,5.0,0.89,100.0,0.17,0.17,44.291243,1776218440000
1776218443.072,43.072,0.54,5.0,0.11,100.0,0.71,10.0,0.89,100.0,0.29,10.0,0.11,100.0,0.46,5.0,0.89,100.0,0.17,0.17,44.291478,1776218441000
1776218444.279,44.279,0.54,5.0,0.11,100.0,0.71,10.0,0.89,100.0,0.29,10.0,0.11,100.0,0.46,5.0,0.89,100.0,0.17,0.17,44.291483,1776218442000
1776218445.547,45.547,0.54,5.0,0.11,100.0,0.71,10.0,0.89,100.0,0.29,10.0,0.11,100.0,0.46,5.0,0.89,100.0,0.17,0.17,44.292286,1776218443000
1776218446.553,46.553,0.54,5.0,0.11,100.0,0.71,10.0,0.89,100.0,0.29,10.0,0.11,100.0,0.46,5.0,0.89,100.0,0.17,0.17,44.298223,1776218445000
1776218447.5,47.5,0.54,5.0,0.11,100.0,0.71,10.0,0.89,100.0,0.29,10.0,0.11,100.0,0.46,5.0,0.89,100.0,0.17,0.17,44.298651,1776218446000
1776218448.57,48.57,0.54,5.0,0.11,100.0,0.71,10.0,0.89,100.0,0.29,10.0,0.11,100.0,0.46,5.0,0.89,100.0,0.17,0.17,44.299241,1776218447000
1776218449.365,49.365,0.54,5.0,0.11,100.0,0.71,10.0,0.89,100.0,0.29,10.0,0.11,100.0,0.46,5.0,0.89,100.0,0.17,0.17,44.298317,1776218448000
1776218450.397,50.397,0.54,5.0,0.11,100.0,0.71,10.0,0.89,100.0,0.29,10.0,0.11,100.0,0.46,5.0,0.89,100.0,0.17,0.17,44.298329,1776218449000
1776218452.458,52.458,0.54,5.0,0.11,100.0,0.71,10.0,0.89,100.0,0.29,10.0,0.11,100.0,0.46,5.0,0.89,100.0,0.17,0.17,44.298486,1776218451000
1776218453.631,53.631,0.54,5.0,0.11,100.0,0.71,10.0,0.89,100.0,0.29,10.0,0.11,100.0,0.46,5.0,0.89,100.0,0.17,0.17,44.30249,1776218452000
1776218454.304,54.304,0.54,5.0,0.11,100.0,0.71,10.0,0.89,100.0,0.29,10.0,0.11,100.0,0.46,5.0,0.89,100.0,0.17,0.17,44.30249,1776218453000
1776218455.089,55.089,0.54,5.0,0.11,100.0,0.71,10.0,0.89,100.0,0.29,10.0,0.11,100.0,0.46,5.0,0.89,100.0,0.17,0.17,44.302492,1776218454000
1776218456.347,56.347,0.54,5.0,0.11,100.0,0.71,10.0,0.89,100.0,0.29,10.0,0.11,100.0,0.46,5.0,0.89,100.0,0.17,0.17,44.300407,1776218455000
1776218457.028,57.028,0.54,5.0,0.11,100.0,0.71,10.0,0.89,100.0,0.29,10.0,0.11,100.0,0.46,5.0,0.89,100.0,0.17,0.17,44.299739,1776218456000
1776218458.308,58.308,0.54,5.0,0.11,100.0,0.71,10.0,0.89,100.0,0.29,10.0,0.11,100.0,0.46,5.0,0.89,100.0,0.17,0.17,44.299216,1776218457000
1776218459.483,59.483,0.54,5.0,0.11,100.0,0.71,10.0,0.89,100.0,0.29,10.0,0.11,100.0,0.46,5.0,0.89,100.0,0.17,0.17,44.299108,1776218458000
1776218460.14,60.14,0.54,5.0,0.11,100.0,0.71,10.0,0.89,100.0,0.29,10.0,0.11,100.0,0.46,5.0,0.89,100.0,0.17,0.17,44.299098,1776218459000
1776218460.759,60.759,0.68,4.53,0.56,5.0,0.71,15.0,0.72,15.0,0.29,10.0,0.11,100.0,0.46,5.0,0.89,100.0,0.03,0.17,44.299098,1776218459000
1776218461.309,61.309,0.68,4.53,0.56,5.0,0.71,15.0,0.72,15.0,0.29,15.0,0.28,15.0,0.32,4.53,0.44,5.0,0.03,0.03,44.29902,1776218460000
1776218462.467,62.467,0.68,4.53,0.56,5.0,0.71,15.0,0.72,15.0,0.29,15.0,0.28,15.0,0.32,4.53,0.44,5.0,0.03,0.03,44.2996,1776218461000
1776218463.038,63.038,0.68,4.53,0.56,5.0,0.71,15.0,0.72,15.0,0.29,15.0,0.28,15.0,0.32,4.53,0.44,5.0,0.03,0.03,44.301891,1776218462000
1776218464.209,64.209,0.68,4.53,0.56,5.0,0.71,15.0,0.72,15.0,0.29,15.0,0.28,15.0,0.32,4.53,0.44,5.0,0.03,0.03,44.299409,1776218463000
1776218465.496,65.496,0.68,4.53,0.56,5.0,0.71,15.0,0.72,15.0,0.29,15.0,0.28,15.0,0.32,4.53,0.44,5.0,0.03,0.03,44.302076,1776218464000
1776218466.148,66.148,0.68,4.53,0.56,5.0,0.71,15.0,0.72,15.0,0.29,15.0,0.28,15.0,0.32,4.53,0.44,5.0,0.03,0.03,44.302219,1776218465000
1776218467.226,67.226,0.68,4.53,0.56,5.0,0.71,15.0,0.72,15.0,0.29,15.0,0.28,15.0,0.32,4.53,0.44,5.0,0.03,0.03,44.302219,1776218466000
1776218468.198,68.198,0.68,4.53,0.56,5.0,0.71,15.0,0.72,15.0,0.29,15.0,0.28,15.0,0.32,4.53,0.44,5.0,0.03,0.03,44.300877,1776218467000
1776218469.248,69.248,0.68,4.53,0.56,5.0,0.71,15.0,0.72,15.0,0.29,15.0,0.28,15.0,0.32,4.53,0.44,5.0,0.03,0.03,44.300702,1776218468000
1776218470.734,70.734,0.68,4.53,0.56,5.0,0.71,15.0,0.72,15.0,0.29,15.0,0.28,15.0,0.32,4.53,0.44,5.0,0.03,0.03,44.302602,1776218469000
1776218471.416,71.416,0.68,4.53,0.56,5.0,0.71,15.0,0.72,15.0,0.29,15.0,0.28,15.0,0.32,4.53,0.44,5.0,0.03,0.03,44.302602,1776218470000
1776218471.953,71.953,0.68,4.53,0.56,5.0,0.71,15.0,0.72,15.0,0.29,15.0,0.28,15.0,0.32,4.53,0.44,5.0,0.03,0.03,44.303065,1776218471000
1776218473.228,73.228,0.68,4.53,0.56,5.0,0.71,15.0,0.72,15.0,0.29,15.0,0.28,15.0,0.32,4.53,0.44,5.0,0.03,0.03,44.302871,1776218472000
1776218474.344,74.344,0.68,4.53,0.56,5.0,0.71,15.0,0.72,15.0,0.29,15.0,0.28,15.0,0.32,4.53,0.44,5.0,0.03,0.03,44.303838,1776218473000
1776218475.509,75.509,0.68,4.53,0.56,5.0,0.71,15.0,0.72,15.0,0.29,15.0,0.28,15.0,0.32,4.53,0.44,5.0,0.03,0.03,44.307489,1776218474000
1776218476.094,76.094,0.68,4.53,0.56,5.0,0.71,15.0,0.72,15.0,0.29,15.0,0.28,15.0,0.32,4.53,0.44,5.0,0.03,0.03,44.308641,1776218475000
1776218476.352,76.352,0.65,10.0,0.6,5.0,0.73,15.0,0.74,15.0,0.29,15.0,0.28,15.0,0.32,4.53,0.44,5.0,0.08,0.03,44.308641,1776218475000
1776218476.998,76.998,0.56,15.0,0.55,15.0,0.78,11.19,0.79,15.0,0.27,15.0,0.26,15.0,0.35,10.0,0.4,5.0,0.22,0.08,44.308641,1776218475000
1776218477.206,77.206,0.61,26.0,0.56,15.0,0.78,1.19,0.79,15.0,0.22,1.19,0.21,15.0,0.39,26.0,0.44,15.0,0.17,0.17,44.306527,1776218476000
1776218478.465,78.465,0.61,26.0,0.56,15.0,0.78,1.19,0.79,15.0,0.22,1.19,0.21,15.0,0.39,26.0,0.44,15.0,0.17,0.17,44.306158,1776218477000
1776218478.802,78.802,0.82,9.53,0.57,15.0,0.85,11.5,0.86,15.0,0.22,1.19,0.21,15.0,0.39,26.0,0.44,15.0,0.03,0.17,44.306158,1776218477000
1776218479.496,79.496,0.82,9.53,0.57,15.0,0.85,11.5,0.86,15.0,0.15,11.5,0.14,15.0,0.18,9.53,0.43,15.0,0.03,0.03,44.319977,1776218478000
1776218480.008,80.008,0.82,9.53,0.57,15.0,0.85,11.5,0.86,15.0,0.15,11.5,0.14,15.0,0.18,9.53,0.43,15.0,0.03,0.03,44.325706,1776218479000
1776218481.102,81.102,0.82,9.53,0.57,15.0,0.85,11.5,0.86,15.0,0.15,11.5,0.14,15.0,0.18,9.53,0.43,15.0,0.03,0.03,44.344517,1776218480000
1776218481.363,81.363,0.85,27.53,0.78,5.0,0.87,3.63,0.88,15.0,0.15,11.5,0.14,15.0,0.18,9.53,0.43,15.0,0.02,0.03,44.344517,1776218480000
1776218482.497,82.497,0.85,27.53,0.78,5.0,0.87,3.63,0.88,15.0,0.13,3.63,0.12,15.0,0.15,27.53,0.22,5.0,0.02,0.02,44.345264,1776218481000
1776218483.546,83.546,0.85,27.53,0.78,5.0,0.87,3.63,0.88,15.0,0.13,3.63,0.12,15.0,0.15,27.53,0.22,5.0,0.02,0.02,44.374351,1776218482000
1776218484.06,84.06,0.85,27.53,0.78,5.0,0.87,3.63,0.88,15.0,0.13,3.63,0.12,15.0,0.15,27.53,0.22,5.0,0.02,0.02,44.377056,1776218483000
1776218484.483,84.483,0.82,5.0,0.81,5.0,0.95,15.0,0.96,20.0,0.13,3.63,0.12,15.0,0.15,27.53,0.22,5.0,0.13,0.02,44.377056,1776218483000
1776218485.053,85.053,0.82,13.0,0.81,5.0,0.96,15.0,0.97,60.75,0.05,15.0,0.04,20.0,0.18,5.0,0.19,5.0,0.14,0.13,44.377056,1776218483000
1776218486.04,86.04,0.82,13.0,0.81,5.0,0.96,15.0,0.97,60.75,0.04,15.0,0.03,60.75,0.18,13.0,0.19,5.0,0.14,0.14,44.408247,1776218485000
1776218487.137,87.137,0.82,13.0,0.81,5.0,0.96,15.0,0.97,60.75,0.04,15.0,0.03,60.75,0.18,13.0,0.19,5.0,0.14,0.14,44.435702,1776218486000
1776218488.143,88.143,0.82,13.0,0.81,5.0,0.96,15.0,0.97,60.75,0.04,15.0,0.03,60.75,0.18,13.0,0.19,5.0,0.14,0.14,44.448432,1776218487000
1776218489.131,89.131,0.82,13.0,0.81,5.0,0.96,15.0,0.97,60.75,0.04,15.0,0.03,60.75,0.18,13.0,0.19,5.0,0.14,0.14,44.457903,1776218488000
1776218490.052,90.052,0.82,13.0,0.81,5.0,0.96,15.0,0.97,60.75,0.04,15.0,0.03,60.75,0.18,13.0,0.19,5.0,0.14,0.14,44.457637,1776218489000
1776218490.854,90.854,0.84,17.0,0.83,5.0,0.97,41.47,0.98,25.0,0.04,15.0,0.03,60.75,0.18,13.0,0.19,5.0,0.13,0.14,44.457637,1776218489000
1776218491.086,91.086,0.84,17.0,0.83,5.0,0.97,41.47,0.98,25.0,0.03,41.47,0.02,25.0,0.16,17.0,0.17,5.0,0.13,0.13,44.46009,1776218490000
1776218492.185,92.185,0.84,17.0,0.83,5.0,0.97,41.47,0.98,25.0,0.03,41.47,0.02,25.0,0.16,17.0,0.17,5.0,0.13,0.13,44.458843,1776218491000
1776218493.087,93.087,0.84,17.0,0.83,5.0,0.97,41.47,0.98,25.0,0.03,41.47,0.02,25.0,0.16,17.0,0.17,5.0,0.13,0.13,44.458705,1776218492000
1776218494.037,94.037,0.84,17.0,0.83,5.0,0.97,41.47,0.98,25.0,0.03,41.47,0.02,25.0,0.16,17.0,0.17,5.0,0.13,0.13,44.4722,1776218493000
1776218495.026,95.026,0.84,17.0,0.83,5.0,0.97,41.47,0.98,25.0,0.03,41.47,0.02,25.0,0.16,17.0,0.17,5.0,0.13,0.13,44.488066,1776218494000
1776218496.496,96.496,0.84,17.0,0.83,5.0,0.97,41.47,0.98,25.0,0.03,41.47,0.02,25.0,0.16,17.0,0.17,5.0,0.13,0.13,44.489566,1776218495000
1776218497.012,97.012,0.84,17.0,0.83,5.0,0.97,41.47,0.98,25.0,0.03,41.47,0.02,25.0,0.16,17.0,0.17,5.0,0.13,0.13,44.489566,1776218496000
1776218498.178,98.178,0.84,17.0,0.83,5.0,0.97,41.47,0.98,25.0,0.03,41.47,0.02,25.0,0.16,17.0,0.17,5.0,0.13,0.13,44.459763,1776218497000
1776218499.411,99.411,0.84,17.0,0.83,5.0,0.97,41.47,0.98,25.0,0.03,41.47,0.02,25.0,0.16,17.0,0.17,5.0,0.13,0.13,44.446314,1776218498000
1776218499.931,99.931,0.84,17.0,0.83,5.0,0.97,41.47,0.98,25.0,0.03,41.47,0.02,25.0,0.16,17.0,0.17,5.0,0.13,0.13,44.436822,1776218499000
1776218500.401,100.401,0.91,15.0,0.9,15.0,0.96,15.0,0.97,41.47,0.03,41.47,0.02,25.0,0.16,17.0,0.17,5.0,0.05,0.13,44.436822,1776218499000
1776218501.054,101.054,0.91,15.0,0.9,15.0,0.96,15.0,0.97,41.47,0.04,15.0,0.03,41.47,0.09,15.0,0.1,15.0,0.05,0.05,44.443186,1776218500000
1776218502.135,102.135,0.91,15.0,0.9,15.0,0.96,15.0,0.97,41.47,0.04,15.0,0.03,41.47,0.09,15.0,0.1,15.0,0.05,0.05,44.443342,1776218501000
1776218503.15,103.15,0.91,15.0,0.9,15.0,0.96,15.0,0.97,41.47,0.04,15.0,0.03,41.47,0.09,15.0,0.1,15.0,0.05,0.05,44.436528,1776218502000
1776218504.332,104.332,0.91,15.0,0.9,15.0,0.96,15.0,0.97,41.47,0.04,15.0,0.03,41.47,0.09,15.0,0.1,15.0,0.05,0.05,44.427208,1776218503000
1776218505.344,105.344,0.91,15.0,0.9,15.0,0.96,15.0,0.97,41.47,0.04,15.0,0.03,41.47,0.09,15.0,0.1,15.0,0.05,0.05,44.425098,1776218504000
1776218505.898,105.898,0.91,15.0,0.9,15.0,0.96,15.0,0.97,41.47,0.04,15.0,0.03,41.47,0.09,15.0,0.1,15.0,0.05,0.05,44.423164,1776218505000
1776218506.346,106.346,0.87,15.0,0.86,15.0,0.94,15.0,0.95,15.0,0.04,15.0,0.03,41.47,0.09,15.0,0.1,15.0,0.07,0.05,44.423164,1776218505000
1776218506.991,106.991,0.87,15.0,0.86,15.0,0.94,15.0,0.95,15.0,0.06,15.0,0.05,15.0,0.13,15.0,0.14,15.0,0.07,0.07,44.415738,1776218506000
1776218508.169,108.169,0.87,15.0,0.86,15.0,0.94,15.0,0.95,15.0,0.06,15.0,0.05,15.0,0.13,15.0,0.14,15.0,0.07,0.07,44.413952,1776218507000
1776218509.321,109.321,0.87,15.0,0.86,15.0,0.94,15.0,0.95,15.0,0.06,15.0,0.05,15.0,0.13,15.0,0.14,15.0,0.07,0.07,44.41074,1776218508000
1776218510.908,110.908,0.87,15.0,0.86,15.0,0.94,15.0,0.95,15.0,0.06,15.0,0.05,15.0,0.13,15.0,0.14,15.0,0.07,0.07,44.396929,1776218509000
1776218511.656,111.656,0.87,15.0,0.86,15.0,0.94,15.0,0.95,15.0,0.06,15.0,0.05,15.0,0.13,15.0,0.14,15.0,0.07,0.07,44.393122,1776218510000
1776218512.73,112.73,0.87,15.0,0.86,15.0,0.94,15.0,0.95,15.0,0.06,15.0,0.05,15.0,0.13,15.0,0.14,15.0,0.07,0.07,44.389629,1776218511000
1776218513.586,113.586,0.87,15.0,0.86,15.0,0.94,15.0,0.95,15.0,0.06,15.0,0.05,15.0,0.13,15.0,0.14,15.0,0.07,0.07,44.380112,1776218512000
1776218514.564,114.564,0.87,15.0,0.86,15.0,0.94,15.0,0.95,15.0,0.06,15.0,0.05,15.0,0.13,15.0,0.14,15.0,0.07,0.07,44.365712,1776218513000
1776218515.207,115.207,0.87,15.0,0.86,15.0,0.94,15.0,0.95,15.0,0.06,15.0,0.05,15.0,0.13,15.0,0.14,15.0,0.07,0.07,44.370394,1776218514000
1776218515.467,115.467,0.81,14.04,0.8,20.0,0.92,15.0,0.93,15.0,0.06,15.0,0.05,15.0,0.13,15.0,0.14,15.0,0.11,0.07,44.370394,1776218514000
1776218517.092,117.092,0.81,14.04,0.8,20.0,0.92,15.0,0.93,15.0,0.08,15.0,0.07,15.0,0.19,14.04,0.2,20.0,0.11,0.11,44.383271,1776218516000
1776218518.254,118.254,0.81,14.04,0.8,20.0,0.92,15.0,0.93,15.0,0.08,15.0,0.07,15.0,0.19,14.04,0.2,20.0,0.11,0.11,44.396399,1776218517000
1776218518.524,118.524,0.87,15.0,0.86,15.0,0.95,15.0,0.96,15.0,0.08,15.0,0.07,15.0,0.19,14.04,0.2,20.0,0.08,0.11,44.396399,1776218517000
1776218519.527,119.527,0.87,15.0,0.86,15.0,0.95,15.0,0.96,15.0,0.05,15.0,0.04,15.0,0.13,15.0,0.14,15.0,0.08,0.08,44.407174,1776218518000
1776218520.082,120.082,0.87,15.0,0.86,15.0,0.95,15.0,0.96,15.0,0.05,15.0,0.04,15.0,0.13,15.0,0.14,15.0,0.08,0.08,44.408074,1776218519000
1776218520.363,120.363,0.9,15.0,0.89,15.0,0.95,15.0,0.96,15.0,0.05,15.0,0.04,15.0,0.13,15.0,0.14,15.0,0.05,0.08,44.408074,1776218519000
1776218521.078,121.078,0.9,15.0,0.89,15.0,0.95,15.0,0.96,15.0,0.05,15.0,0.04,15.0,0.1,15.0,0.11,15.0,0.05,0.05,44.40696,1776218520000
1776218522.303,122.303,0.9,15.0,0.89,15.0,0.95,15.0,0.96,15.0,0.05,15.0,0.04,15.0,0.1,15.0,0.11,15.0,0.05,0.05,44.409093,1776218521000
1776218522.543,122.543,0.89,15.0,0.88,15.0,0.94,15.0,0.95,15.0,0.05,15.0,0.04,15.0,0.1,15.0,0.11,15.0,0.05,0.05,44.409093,1776218521000
1776218523.533,123.533,0.89,15.0,0.88,15.0,0.94,15.0,0.95,15.0,0.06,15.0,0.05,15.0,0.11,15.0,0.12,15.0,0.05,0.05,44.409988,1776218522000
1776218524.269,124.269,0.89,15.0,0.88,15.0,0.94,15.0,0.95,15.0,0.06,15.0,0.05,15.0,0.11,15.0,0.12,15.0,0.05,0.05,44.409988,1776218523000
1776218524.889,124.889,0.86,15.0,0.85,15.0,0.92,13.91,0.93,15.0,0.06,15.0,0.05,15.0,0.11,15.0,0.12,15.0,0.06,0.05,44.409988,1776218523000
1776218525.339,125.339,0.86,15.0,0.85,15.0,0.92,13.91,0.93,15.0,0.08,13.91,0.07,15.0,0.14,15.0,0.15,15.0,0.06,0.06,44.4068,1776218524000
1776218526.653,126.653,0.86,15.0,0.85,15.0,0.92,13.91,0.93,15.0,0.08,13.91,0.07,15.0,0.14,15.0,0.15,15.0,0.06,0.06,44.403671,1776218525000
1776218527.366,127.366,0.86,15.0,0.85,15.0,0.92,13.91,0.93,15.0,0.08,13.91,0.07,15.0,0.14,15.0,0.15,15.0,0.06,0.06,44.403532,1776218526000
1776218528.579,128.579,0.86,15.0,0.85,15.0,0.92,13.91,0.93,15.0,0.08,13.91,0.07,15.0,0.14,15.0,0.15,15.0,0.06,0.06,44.400653,1776218527000
1776218529.173,129.173,0.86,15.0,0.85,15.0,0.92,13.91,0.93,15.0,0.08,13.91,0.07,15.0,0.14,15.0,0.15,15.0,0.06,0.06,44.399745,1776218528000
1776218530.263,130.263,0.86,15.0,0.85,15.0,0.92,13.91,0.93,15.0,0.08,13.91,0.07,15.0,0.14,15.0,0.15,15.0,0.06,0.06,44.401565,1776218529000
1776218531.304,131.304,0.86,15.0,0.85,15.0,0.92,13.91,0.93,15.0,0.08,13.91,0.07,15.0,0.14,15.0,0.15,15.0,0.06,0.06,44.400909,1776218530000
1776218532.328,132.328,0.86,15.0,0.85,15.0,0.92,13.91,0.93,15.0,0.08,13.91,0.07,15.0,0.14,15.0,0.15,15.0,0.06,0.06,44.392845,1776218531000
1776218533.264,133.264,0.86,15.0,0.85,15.0,0.92,13.91,0.93,15.0,0.08,13.91,0.07,15.0,0.14,15.0,0.15,15.0,0.06,0.06,44.392755,1776218532000
1776218534.353,134.353,0.86,15.0,0.85,15.0,0.92,13.91,0.93,15.0,0.08,13.91,0.07,15.0,0.14,15.0,0.15,15.0,0.06,0.06,44.394668,1776218533000
1776218535.348,135.348,0.86,15.0,0.85,15.0,0.92,13.91,0.93,15.0,0.08,13.91,0.07,15.0,0.14,15.0,0.15,15.0,0.06,0.06,44.395384,1776218534000
1776218535.869,135.869,0.86,15.0,0.85,15.0,0.92,13.91,0.93,15.0,0.08,13.91,0.07,15.0,0.14,15.0,0.15,15.0,0.06,0.06,44.399079,1776218535000
1776218536.943,136.943,0.86,15.0,0.85,15.0,0.92,13.91,0.93,15.0,0.08,13.91,0.07,15.0,0.14,15.0,0.15,15.0,0.06,0.06,44.386584,1776218536000
1776218538.189,138.189,0.86,15.0,0.85,15.0,0.92,13.91,0.93,15.0,0.08,13.91,0.07,15.0,0.14,15.0,0.15,15.0,0.06,0.06,44.368773,1776218537000
1776218539.169,139.169,0.86,15.0,0.85,15.0,0.92,13.91,0.93,15.0,0.08,13.91,0.07,15.0,0.14,15.0,0.15,15.0,0.06,0.06,44.363154,1776218538000
1776218540.266,140.266,0.86,15.0,0.85,15.0,0.92,13.91,0.93,15.0,0.08,13.91,0.07,15.0,0.14,15.0,0.15,15.0,0.06,0.06,44.362198,1776218539000
1776218541.323,141.323,0.86,15.0,0.85,15.0,0.92,13.91,0.93,15.0,0.08,13.91,0.07,15.0,0.14,15.0,0.15,15.0,0.06,0.06,44.366584,1776218540000
1776218542.583,142.583,0.86,15.0,0.85,15.0,0.92,13.91,0.93,15.0,0.08,13.91,0.07,15.0,0.14,15.0,0.15,15.0,0.06,0.06,44.368688,1776218541000
1776218543.137,143.137,0.86,15.0,0.85,15.0,0.92,13.91,0.93,15.0,0.08,13.91,0.07,15.0,0.14,15.0,0.15,15.0,0.06,0.06,44.368779,1776218542000
1776218544.356,144.356,0.86,15.0,0.85,15.0,0.92,13.91,0.93,15.0,0.08,13.91,0.07,15.0,0.14,15.0,0.15,15.0,0.06,0.06,44.375736,1776218543000
1776218545.088,145.088,0.86,15.0,0.85,15.0,0.92,13.91,0.93,15.0,0.08,13.91,0.07,15.0,0.14,15.0,0.15,15.0,0.06,0.06,44.384135,1776218544000
1776218546.323,146.323,0.86,15.0,0.85,15.0,0.92,13.91,0.93,15.0,0.08,13.91,0.07,15.0,0.14,15.0,0.15,15.0,0.06,0.06,44.39489,1776218545000
1776218547.856,147.856,0.86,15.0,0.85,15.0,0.92,13.91,0.93,15.0,0.08,13.91,0.07,15.0,0.14,15.0,0.15,15.0,0.06,0.06,44.398629,1776218546000
1776218548.377,148.377,0.86,15.0,0.85,15.0,0.92,13.91,0.93,15.0,0.08,13.91,0.07,15.0,0.14,15.0,0.15,15.0,0.06,0.06,44.397792,1776218547000
1776218548.991,148.991,0.86,15.0,0.85,15.0,0.92,13.91,0.93,15.0,0.08,13.91,0.07,15.0,0.14,15.0,0.15,15.0,0.06,0.06,44.39711,1776218548000
1776218550.581,150.581,0.86,15.0,0.85,15.0,0.92,13.91,0.93,15.0,0.08,13.91,0.07,15.0,0.14,15.0,0.15,15.0,0.06,0.06,44.39782,1776218549000
1776218551.284,151.284,0.86,15.0,0.85,15.0,0.92,13.91,0.93,15.0,0.08,13.91,0.07,15.0,0.14,15.0,0.15,15.0,0.06,0.06,44.398968,1776218550000
1776218552.491,152.491,0.86,15.0,0.85,15.0,0.92,13.91,0.93,15.0,0.08,13.91,0.07,15.0,0.14,15.0,0.15,15.0,0.06,0.06,44.399988,1776218551000
1776218553.23,153.23,0.86,15.0,0.85,15.0,0.92,13.91,0.93,15.0,0.08,13.91,0.07,15.0,0.14,15.0,0.15,15.0,0.06,0.06,44.400115,1776218552000
1776218554.545,154.545,0.86,15.0,0.85,15.0,0.92,13.91,0.93,15.0,0.08,13.91,0.07,15.0,0.14,15.0,0.15,15.0,0.06,0.06,44.400068,1776218553000
1776218555.257,155.257,0.86,15.0,0.85,15.0,0.92,13.91,0.93,15.0,0.08,13.91,0.07,15.0,0.14,15.0,0.15,15.0,0.06,0.06,44.397318,1776218554000
1776218556.643,156.643,0.86,15.0,0.85,15.0,0.92,13.91,0.93,15.0,0.08,13.91,0.07,15.0,0.14,15.0,0.15,15.0,0.06,0.06,44.396779,1776218555000
1776218557.471,157.471,0.86,15.0,0.85,15.0,0.92,13.91,0.93,15.0,0.08,13.91,0.07,15.0,0.14,15.0,0.15,15.0,0.06,0.06,44.395535,1776218556000
1776218558.676,158.676,0.86,15.0,0.85,15.0,0.92,13.91,0.93,15.0,0.08,13.91,0.07,15.0,0.14,15.0,0.15,15.0,0.06,0.06,44.3971,1776218557000
1776218559.785,159.785,0.86,15.0,0.85,15.0,0.92,13.91,0.93,15.0,0.08,13.91,0.07,15.0,0.14,15.0,0.15,15.0,0.06,0.06,44.391518,1776218558000
1776218560.848,160.848,0.86,15.0,0.85,15.0,0.92,13.91,0.93,15.0,0.08,13.91,0.07,15.0,0.14,15.0,0.15,15.0,0.06,0.06,44.391021,1776218559000
1776218561.645,161.645,0.86,15.0,0.85,15.0,0.92,13.91,0.93,15.0,0.08,13.91,0.07,15.0,0.14,15.0,0.15,15.0,0.06,0.06,44.390521,1776218560000
1776218562.454,162.454,0.86,15.0,0.85,15.0,0.92,13.91,0.93,15.0,0.08,13.91,0.07,15.0,0.14,15.0,0.15,15.0,0.06,0.06,44.390964,1776218561000
1776218563.323,163.323,0.86,15.0,0.85,15.0,0.92,13.91,0.93,15.0,0.08,13.91,0.07,15.0,0.14,15.0,0.15,15.0,0.06,0.06,44.390964,1776218562000
1776218564.513,164.513,0.9,20.0,0.89,15.0,0.95,15.0,0.96,15.0,0.08,13.91,0.07,15.0,0.14,15.0,0.15,15.0,0.05,0.06,44.390964,1776218562000
1776218564.792,164.792,0.9,20.0,0.89,15.0,0.95,15.0,0.96,15.0,0.05,15.0,0.04,15.0,0.1,20.0,0.11,15.0,0.05,0.05,44.394943,1776218563000
1776218565.542,165.542,0.9,20.0,0.89,15.0,0.95,15.0,0.96,15.0,0.05,15.0,0.04,15.0,0.1,20.0,0.11,15.0,0.05,0.05,44.395152,1776218564000
1776218566.227,166.227,0.9,20.0,0.89,15.0,0.95,15.0,0.96,15.0,0.05,15.0,0.04,15.0,0.1,20.0,0.11,15.0,0.05,0.05,44.395152,1776218565000
1776218567.734,167.734,0.9,20.0,0.89,15.0,0.95,15.0,0.96,15.0,0.05,15.0,0.04,15.0,0.1,20.0,0.11,15.0,0.05,0.05,44.394688,1776218566000
1776218568.566,168.566,0.9,20.0,0.89,15.0,0.95,15.0,0.96,15.0,0.05,15.0,0.04,15.0,0.1,20.0,0.11,15.0,0.05,0.05,44.394098,1776218567000
1776218569.371,169.371,0.9,20.0,0.89,15.0,0.95,15.0,0.96,15.0,0.05,15.0,0.04,15.0,0.1,20.0,0.11,15.0,0.05,0.05,44.394172,1776218568000
1776218570.069,170.069,0.9,20.0,0.89,15.0,0.95,15.0,0.96,15.0,0.05,15.0,0.04,15.0,0.1,20.0,0.11,15.0,0.05,0.05,44.393171,1776218569000
1776218571.673,171.673,0.9,20.0,0.89,15.0,0.95,15.0,0.96,15.0,0.05,15.0,0.04,15.0,0.1,20.0,0.11,15.0,0.05,0.05,44.391622,1776218570000
1776218572.5,172.5,0.9,20.0,0.89,15.0,0.95,15.0,0.96,15.0,0.05,15.0,0.04,15.0,0.1,20.0,0.11,15.0,0.05,0.05,44.390215,1776218571000
1776218573.186,173.186,0.9,20.0,0.89,15.0,0.95,15.0,0.96,15.0,0.05,15.0,0.04,15.0,0.1,20.0,0.11,15.0,0.05,0.05,44.3881,1776218572000
1776218574.683,174.683,0.9,20.0,0.89,15.0,0.95,15.0,0.96,15.0,0.05,15.0,0.04,15.0,0.1,20.0,0.11,15.0,0.05,0.05,44.384354,1776218573000
1776218575.36,175.36,0.9,20.0,0.89,15.0,0.95,15.0,0.96,15.0,0.05,15.0,0.04,15.0,0.1,20.0,0.11,15.0,0.05,0.05,44.381814,1776218574000
1776218575.999,175.999,0.9,20.0,0.89,15.0,0.95,15.0,0.96,15.0,0.05,15.0,0.04,15.0,0.1,20.0,0.11,15.0,0.05,0.05,44.381711,1776218575000
1776218577.441,177.441,0.9,20.0,0.89,15.0,0.95,15.0,0.96,15.0,0.05,15.0,0.04,15.0,0.1,20.0,0.11,15.0,0.05,0.05,44.381875,1776218576000
1776218578.032,178.032,0.9,20.0,0.89,15.0,0.95,15.0,0.96,15.0,0.05,15.0,0.04,15.0,0.1,20.0,0.11,15.0,0.05,0.05,44.381704,1776218577000
1776218579.101,179.101,0.9,20.0,0.89,15.0,0.95,15.0,0.96,15.0,0.05,15.0,0.04,15.0,0.1,20.0,0.11,15.0,0.05,0.05,44.381931,1776218578000
1776218580.195,180.195,0.9,20.0,0.89,15.0,0.95,15.0,0.96,15.0,0.05,15.0,0.04,15.0,0.1,20.0,0.11,15.0,0.05,0.05,44.381243,1776218579000
1776218581.463,181.463,0.9,20.0,0.89,15.0,0.95,15.0,0.96,15.0,0.05,15.0,0.04,15.0,0.1,20.0,0.11,15.0,0.05,0.05,44.38016,1776218580000
1776218582.43,182.43,0.9,20.0,0.89,15.0,0.95,15.0,0.96,15.0,0.05,15.0,0.04,15.0,0.1,20.0,0.11,15.0,0.05,0.05,44.379917,1776218581000
1776218582.947,182.947,0.9,20.0,0.89,15.0,0.95,15.0,0.96,15.0,0.05,15.0,0.04,15.0,0.1,20.0,0.11,15.0,0.05,0.05,44.380083,1776218582000
1776218584.103,184.103,0.9,20.0,0.89,15.0,0.95,15.0,0.96,15.0,0.05,15.0,0.04,15.0,0.1,20.0,0.11,15.0,0.05,0.05,44.379812,1776218583000
1776218584.672,184.672,0.9,5.0,0.86,15.0,0.92,13.9,0.93,15.0,0.05,15.0,0.04,15.0,0.1,20.0,0.11,15.0,0.02,0.05,44.379812,1776218583000
1776218585.195,185.195,0.9,5.0,0.86,15.0,0.92,13.9,0.93,15.0,0.08,13.9,0.07,15.0,0.1,5.0,0.14,15.0,0.02,0.02,44.363881,1776218584000
1776218586.113,186.113,0.9,5.0,0.79,15.0,0.91,5.78,0.92,13.9,0.08,13.9,0.07,15.0,0.1,5.0,0.14,15.0,0.01,0.02,44.363881,1776218584000
1776218586.316,186.316,0.9,5.0,0.79,15.0,0.91,5.78,0.92,13.9,0.09,5.78,0.08,13.9,0.1,5.0,0.21,15.0,0.01,0.01,44.360995,1776218585000
1776218587.244,187.244,0.9,5.0,0.79,15.0,0.91,5.78,0.92,13.9,0.09,5.78,0.08,13.9,0.1,5.0,0.21,15.0,0.01,0.01,44.359179,1776218586000
1776218588.322,188.322,0.9,5.0,0.79,15.0,0.91,5.78,0.92,13.9,0.09,5.78,0.08,13.9,0.1,5.0,0.21,15.0,0.01,0.01,44.348957,1776218587000
1776218589.3,189.3,0.9,5.0,0.79,15.0,0.91,5.78,0.92,13.9,0.09,5.78,0.08,13.9,0.1,5.0,0.21,15.0,0.01,0.01,44.347408,1776218588000
1776218590.281,190.281,0.9,5.0,0.79,15.0,0.91,5.78,0.92,13.9,0.09,5.78,0.08,13.9,0.1,5.0,0.21,15.0,0.01,0.01,44.348141,1776218589000
1776218591.301,191.301,0.9,5.0,0.79,15.0,0.91,5.78,0.92,13.9,0.09,5.78,0.08,13.9,0.1,5.0,0.21,15.0,0.01,0.01,44.350924,1776218590000
1776218592.86,192.86,0.9,5.0,0.79,15.0,0.91,5.78,0.92,13.9,0.09,5.78,0.08,13.9,0.1,5.0,0.21,15.0,0.01,0.01,44.35227,1776218591000
1776218593.346,193.346,0.9,5.0,0.79,15.0,0.91,5.78,0.92,13.9,0.09,5.78,0.08,13.9,0.1,5.0,0.21,15.0,0.01,0.01,44.353215,1776218592000
1776218593.899,193.899,0.9,5.0,0.79,15.0,0.91,5.78,0.92,13.9,0.09,5.78,0.08,13.9,0.1,5.0,0.21,15.0,0.01,0.01,44.353934,1776218593000
1776218594.823,194.823,0.9,5.0,0.86,15.0,0.92,14.88,0.93,15.0,0.08,14.88,0.07,15.0,0.1,5.0,0.14,15.0,0.02,0.02,44.361024,1776218594000
1776218595.817,195.817,0.9,5.0,0.86,15.0,0.92,14.88,0.93,15.0,0.08,14.88,0.07,15.0,0.1,5.0,0.14,15.0,0.02,0.02,44.357629,1776218595000
1776218596.65,196.65,0.9,5.0,0.84,15.0,0.91,8.4,0.92,14.88,0.08,14.88,0.07,15.0,0.1,5.0,0.14,15.0,0.01,0.02,44.357629,1776218595000
1776218598.234,198.234,0.9,5.0,0.84,15.0,0.91,8.4,0.92,14.88,0.09,8.4,0.08,14.88,0.1,5.0,0.16,15.0,0.01,0.01,44.355148,1776218597000
1776218599.316,199.316,0.9,5.0,0.84,15.0,0.91,8.4,0.92,14.88,0.09,8.4,0.08,14.88,0.1,5.0,0.16,15.0,0.01,0.01,44.355148,1776218598000
1776218600.214,200.214,0.9,5.0,0.84,15.0,0.91,8.4,0.92,14.88,0.09,8.4,0.08,14.88,0.1,5.0,0.16,15.0,0.01,0.01,44.357523,1776218599000
1776218601.287,201.287,0.9,5.0,0.84,15.0,0.91,8.4,0.92,14.88,0.09,8.4,0.08,14.88,0.1,5.0,0.16,15.0,0.01,0.01,44.361035,1776218600000
1776218602.248,202.248,0.9,5.0,0.84,15.0,0.91,8.4,0.92,14.88,0.09,8.4,0.08,14.88,0.1,5.0,0.16,15.0,0.01,0.01,44.363407,1776218601000
1776218602.753,202.753,0.93,15.0,0.92,15.0,0.97,39.4,0.98,25.0,0.09,8.4,0.08,14.88,0.1,5.0,0.16,15.0,0.04,0.01,44.363407,1776218601000
1776218603.2,203.2,0.93,15.0,0.92,15.0,0.97,39.4,0.98,25.0,0.03,39.4,0.02,25.0,0.07,15.0,0.08,15.0,0.04,0.04,44.371237,1776218602000
1776218604.271,204.271,0.93,15.0,0.92,15.0,0.97,39.4,0.98,25.0,0.03,39.4,0.02,25.0,0.07,15.0,0.08,15.0,0.04,0.04,44.373729,1776218603000
1776218604.988,204.988,0.93,15.0,0.92,15.0,0.97,37.33,0.98,25.0,0.03,39.4,0.02,25.0,0.07,15.0,0.08,15.0,0.04,0.04,44.373729,1776218603000
1776218605.744,205.744,0.93,15.0,0.92,15.0,0.97,37.33,0.98,25.0,0.03,37.33,0.02,25.0,0.07,15.0,0.08,15.0,0.04,0.04,44.378077,1776218604000
1776218606.386,206.386,0.93,15.0,0.92,15.0,0.97,37.33,0.98,25.0,0.03,37.33,0.02,25.0,0.07,15.0,0.08,15.0,0.04,0.04,44.378077,1776218605000
1776218607.249,207.249,0.93,15.0,0.92,15.0,0.97,37.33,0.98,25.0,0.03,37.33,0.02,25.0,0.07,15.0,0.08,15.0,0.04,0.04,44.378076,1776218606000
1776218608.609,208.609,0.93,15.0,0.92,15.0,0.97,37.33,0.98,25.0,0.03,37.33,0.02,25.0,0.07,15.0,0.08,15.0,0.04,0.04,44.379309,1776218607000
1776218608.996,208.996,0.94,15.0,0.93,15.0,0.97,36.29,0.98,25.0,0.03,37.33,0.02,25.0,0.07,15.0,0.08,15.0,0.03,0.04,44.379309,1776218607000
1776218609.277,209.277,0.94,15.0,0.93,15.0,0.97,25.99,0.98,25.0,0.03,36.29,0.02,25.0,0.06,15.0,0.07,15.0,0.03,0.03,44.376833,1776218608000
1776218610.051,210.051,0.94,15.0,0.93,15.0,0.97,25.99,0.98,25.0,0.03,25.99,0.02,25.0,0.06,15.0,0.07,15.0,0.03,0.03,44.377328,1776218609000
1776218611.126,211.126,0.94,15.0,0.93,15.0,0.97,25.99,0.98,25.0,0.03,25.99,0.02,25.0,0.06,15.0,0.07,15.0,0.03,0.03,44.379606,1776218610000
1776218612.425,212.425,0.94,15.0,0.93,15.0,0.97,25.99,0.98,25.0,0.03,25.99,0.02,25.0,0.06,15.0,0.07,15.0,0.03,0.03,44.385572,1776218611000
1776218613.157,213.157,0.96,15.0,0.95,15.0,0.97,1.72,0.98,10.0,0.03,25.99,0.02,25.0,0.06,15.0,0.07,15.0,0.01,0.03,44.385572,1776218611000
1776218614.529,214.529,0.96,15.0,0.95,15.0,0.97,1.72,0.98,10.0,0.03,1.72,0.02,10.0,0.04,15.0,0.05,15.0,0.01,0.01,44.388732,1776218613000
1776218615.075,215.075,0.96,15.0,0.95,15.0,0.97,1.72,0.98,10.0,0.03,1.72,0.02,10.0,0.04,15.0,0.05,15.0,0.01,0.01,44.388732,1776218614000
1776218616.226,216.226,0.96,15.0,0.95,15.0,0.97,1.72,0.98,10.0,0.03,1.72,0.02,10.0,0.04,15.0,0.05,15.0,0.01,0.01,44.392457,1776218615000
1776218617.453,217.453,0.96,15.0,0.95,15.0,0.97,1.72,0.98,10.0,0.03,1.72,0.02,10.0,0.04,15.0,0.05,15.0,0.01,0.01,44.392955,1776218616000
1776218618.207,218.207,0.96,15.0,0.95,15.0,0.97,1.72,0.98,10.0,0.03,1.72,0.02,10.0,0.04,15.0,0.05,15.0,0.01,0.01,44.3917,1776218617000
1776218618.765,218.765,0.96,15.0,0.95,15.0,0.98,9.66,0.99,184.5,0.03,1.72,0.02,10.0,0.04,15.0,0.05,15.0,0.02,0.01,44.3917,1776218617000
1776218619.549,219.549,0.96,15.0,0.95,15.0,0.99,184.5,,,0.01,184.5,,,0.04,15.0,0.05,15.0,0.03,0.03,44.391462,1776218618000
1776218620.143,220.143,0.96,15.0,0.95,15.0,0.99,184.5,,,0.01,184.5,,,0.04,15.0,0.05,15.0,0.03,0.03,44.39181,1776218619000
1776218621.542,221.542,0.96,15.0,0.95,15.0,0.99,184.5,,,0.01,184.5,,,0.04,15.0,0.05,15.0,0.03,0.03,44.397059,1776218620000
1776218622.711,222.711,0.96,15.0,0.95,15.0,0.99,184.5,,,0.01,184.5,,,0.04,15.0,0.05,15.0,0.03,0.03,44.400907,1776218621000
1776218623.174,223.174,0.96,15.0,0.95,15.0,0.99,184.5,,,0.01,184.5,,,0.04,15.0,0.05,15.0,0.03,0.03,44.402169,1776218622000
1776218624.351,224.351,0.96,15.0,0.95,15.0,0.99,184.5,,,0.01,184.5,,,0.04,15.0,0.05,15.0,0.03,0.03,44.402806,1776218623000
1776218625.328,225.328,0.96,15.0,0.95,15.0,0.99,184.5,,,0.01,184.5,,,0.04,15.0,0.05,15.0,0.03,0.03,44.402542,1776218624000
1776218625.939,225.939,0.96,15.0,0.95,15.0,0.99,184.5,,,0.01,184.5,,,0.04,15.0,0.05,15.0,0.03,0.03,44.402272,1776218625000
1776218627.075,227.075,0.96,15.0,0.95,15.0,0.99,184.5,,,0.01,184.5,,,0.04,15.0,0.05,15.0,0.03,0.03,44.402533,1776218626000
1776218628.228,228.228,0.96,15.0,0.95,15.0,0.99,184.5,,,0.01,184.5,,,0.04,15.0,0.05,15.0,0.03,0.03,44.401946,1776218627000
1776218629.484,229.484,0.96,15.0,0.95,15.0,0.99,184.5,,,0.01,184.5,,,0.04,15.0,0.05,15.0,0.03,0.03,44.399362,1776218628000
1776218629.926,229.926,0.96,15.0,0.95,15.0,0.99,184.5,,,0.01,184.5,,,0.04,15.0,0.05,15.0,0.03,0.03,44.395983,1776218629000
1776218631.339,231.339,0.96,15.0,0.95,15.0,0.99,184.5,,,0.01,184.5,,,0.04,15.0,0.05,15.0,0.03,0.03,44.398158,1776218630000
1776218632.542,232.542,0.96,15.0,0.95,15.0,0.99,184.5,,,0.01,184.5,,,0.04,15.0,0.05,15.0,0.03,0.03,44.397514,1776218631000
1776218633.006,233.006,0.98,15.0,0.97,15.0,0.99,139.5,,,0.01,184.5,,,0.04,15.0,0.05,15.0,0.01,0.03,44.397514,1776218631000
1776218633.642,233.642,0.98,15.0,0.97,15.0,0.99,106.17,,,0.01,139.5,,,0.02,15.0,0.03,15.0,0.01,0.01,44.397001,1776218632000
1776218634.427,234.427,0.98,15.0,0.97,15.0,0.99,106.17,,,0.01,106.17,,,0.02,15.0,0.03,15.0,0.01,0.01,44.397418,1776218633000
1776218634.994,234.994,0.98,15.0,0.97,15.0,0.99,106.17,,,0.01,106.17,,,0.02,15.0,0.03,15.0,0.01,0.01,44.398004,1776218634000
1776218636.233,236.233,0.98,15.0,0.97,15.0,0.99,106.17,,,0.01,106.17,,,0.02,15.0,0.03,15.0,0.01,0.01,44.403761,1776218635000
1776218637.425,237.425,0.98,15.0,0.97,15.0,0.99,106.17,,,0.01,106.17,,,0.02,15.0,0.03,15.0,0.01,0.01,44.404488,1776218636000
1776218638.016,238.016,0.98,15.0,0.97,15.0,0.99,106.17,,,0.01,106.17,,,0.02,15.0,0.03,15.0,0.01,0.01,44.400133,1776218637000
1776218638.265,238.265,0.98,15.0,0.97,15.0,0.99,86.17,,,0.01,106.17,,,0.02,15.0,0.03,15.0,0.01,0.01,44.400133,1776218637000
1776218640.102,240.102,0.98,15.0,0.97,15.0,0.99,86.17,,,0.01,86.17,,,0.02,15.0,0.03,15.0,0.01,0.01,44.400257,1776218638000
1776218640.475,240.475,0.98,15.0,0.97,15.0,0.99,86.17,,,0.01,86.17,,,0.02,15.0,0.03,15.0,0.01,0.01,44.399867,1776218639000
1776218641.08,241.08,0.98,15.0,0.97,15.0,0.99,86.17,,,0.01,86.17,,,0.02,15.0,0.03,15.0,0.01,0.01,44.399938,1776218640000
1776218642.111,242.111,0.98,15.0,0.97,15.0,0.99,86.17,,,0.01,86.17,,,0.02,15.0,0.03,15.0,0.01,0.01,44.397863,1776218641000
1776218643.2,243.2,0.98,15.0,0.97,15.0,0.99,86.17,,,0.01,86.17,,,0.02,15.0,0.03,15.0,0.01,0.01,44.397408,1776218642000
1776218644.187,244.187,0.98,15.0,0.97,15.0,0.99,86.17,,,0.01,86.17,,,0.02,15.0,0.03,15.0,0.01,0.01,44.39918,1776218643000
1776218644.46,244.46,0.98,15.0,0.97,15.0,0.99,66.17,,,0.01,86.17,,,0.02,15.0,0.03,15.0,0.01,0.01,44.39918,1776218643000
1776218645.297,245.297,0.98,15.0,0.97,15.0,0.99,66.17,,,0.01,66.17,,,0.02,15.0,0.03,15.0,0.01,0.01,44.401206,1776218644000
1776218645.657,245.657,0.98,15.0,0.97,15.0,0.99,61.17,,,0.01,66.17,,,0.02,15.0,0.03,15.0,0.01,0.01,44.401206,1776218644000
1776218646.296,246.296,0.98,15.0,0.97,15.0,0.99,61.17,,,0.01,61.17,,,0.02,15.0,0.03,15.0,0.01,0.01,44.405699,1776218645000
1776218647.393,247.393,0.98,15.0,0.97,15.0,0.99,61.17,,,0.01,61.17,,,0.02,15.0,0.03,15.0,0.01,0.01,44.405826,1776218646000
1776218647.971,247.971,0.98,15.0,0.97,15.0,0.99,61.17,,,0.01,61.17,,,0.02,15.0,0.03,15.0,0.01,0.01,44.404513,1776218647000
1776218649.113,249.113,0.98,15.0,0.97,15.0,0.99,61.17,,,0.01,61.17,,,0.02,15.0,0.03,15.0,0.01,0.01,44.404477,1776218648000
1776218650.104,250.104,0.98,15.0,0.97,15.0,0.99,51.17,,,0.01,61.17,,,0.02,15.0,0.03,15.0,0.01,0.01,44.404477,1776218648000
1776218651.215,251.215,0.98,15.0,0.97,15.0,0.99,51.17,,,0.01,51.17,,,0.02,15.0,0.03,15.0,0.01,0.01,44.4048,1776218650000
1776218651.593,251.593,0.98,15.0,0.97,15.0,0.99,24.84,,,0.01,51.17,,,0.02,15.0,0.03,15.0,0.01,0.01,44.4048,1776218650000
1776218652.416,252.416,0.98,15.0,0.97,15.0,0.99,24.84,,,0.01,24.84,,,0.02,15.0,0.03,15.0,0.01,0.01,44.4051,1776218651000
1776218652.917,252.917,0.98,15.0,0.97,15.0,0.99,24.84,,,0.01,24.84,,,0.02,15.0,0.03,15.0,0.01,0.01,44.405135,1776218652000
1776218654.487,254.487,0.98,15.0,0.97,15.0,0.99,24.84,,,0.01,24.84,,,0.02,15.0,0.03,15.0,0.01,0.01,44.40641,1776218653000
1776218655.096,255.096,0.98,15.0,0.97,15.0,0.99,24.84,,,0.01,24.84,,,0.02,15.0,0.03,15.0,0.01,0.01,44.406471,1776218654000
1776218655.976,255.976,0.98,15.0,0.97,15.0,0.99,4.63,,,0.01,24.84,,,0.02,15.0,0.03,15.0,0.01,0.01,44.406471,1776218654000
1776218657.179,257.179,0.98,15.0,0.97,15.0,0.99,4.63,,,0.01,4.63,,,0.02,15.0,0.03,15.0,0.01,0.01,44.406946,1776218656000
1776218658.174,258.174,0.98,15.0,0.97,15.0,0.99,4.63,,,0.01,4.63,,,0.02,15.0,0.03,15.0,0.01,0.01,44.406944,1776218657000
1776218659.165,259.165,0.98,15.0,0.97,15.0,0.99,4.63,,,0.01,4.63,,,0.02,15.0,0.03,15.0,0.01,0.01,44.406637,1776218658000
1776218660.188,260.188,0.98,15.0,0.97,15.0,0.99,4.63,,,0.01,4.63,,,0.02,15.0,0.03,15.0,0.01,0.01,44.406637,1776218659000
1776218661.205,261.205,0.98,15.0,0.97,15.0,0.99,4.63,,,0.01,4.63,,,0.02,15.0,0.03,15.0,0.01,0.01,44.406706,1776218660000
1776218662.246,262.246,0.98,15.0,0.97,15.0,0.99,4.63,,,0.01,4.63,,,0.02,15.0,0.03,15.0,0.01,0.01,44.406706,1776218661000
1776218662.45,262.45,0.98,15.0,0.97,15.0,,,,,0.01,4.63,,,0.02,15.0,0.03,15.0,,0.01,44.406706,1776218661000
1776218663.287,263.287,0.98,15.0,0.97,15.0,,,,,,,,,0.02,15.0,0.03,15.0,,,44.4062,1776218662000
1776218664.333,264.333,0.98,15.0,0.97,15.0,,,,,,,,,0.02,15.0,0.03,15.0,,,44.406896,1776218663000
1776218664.909,264.909,0.98,15.0,0.97,15.0,,,,,,,,,0.02,15.0,0.03,15.0,,,44.406896,1776218664000
1776218665.928,265.928,0.98,15.0,0.97,15.0,,,,,,,,,0.02,15.0,0.03,15.0,,,44.407519,1776218665000
1776218667.635,267.635,0.98,15.0,0.97,15.0,,,,,,,,,0.02,15.0,0.03,15.0,,,44.40759,1776218666000
1776218668.318,268.318,0.98,15.0,0.97,15.0,,,,,,,,,0.02,15.0,0.03,15.0,,,44.407577,1776218667000
1776218669.063,269.063,0.98,15.0,0.97,15.0,,,,,,,,,0.02,15.0,0.03,15.0,,,44.407364,1776218668000
1776218670.54,270.54,0.98,15.0,0.97,15.0,,,,,,,,,0.02,15.0,0.03,15.0,,,44.406955,1776218669000
1776218671.136,271.136,0.98,15.0,0.97,15.0,,,,,,,,,0.02,15.0,0.03,15.0,,,44.407254,1776218670000
1776218672.428,272.428,0.98,15.0,0.97,15.0,,,,,,,,,0.02,15.0,0.03,15.0,,,44.40885,1776218671000
1776218673.094,273.094,0.98,15.0,0.97,15.0,,,,,,,,,0.02,15.0,0.03,15.0,,,44.409059,1776218672000
1776218674.275,274.275,0.98,15.0,0.97,15.0,,,,,,,,,0.02,15.0,0.03,15.0,,,44.407386,1776218673000
1776218675.499,275.499,0.98,15.0,0.97,15.0,,,,,,,,,0.02,15.0,0.03,15.0,,,44.403011,1776218674000
1776218676.243,276.243,0.98,15.0,0.97,15.0,,,,,,,,,0.02,15.0,0.03,15.0,,,44.403011,1776218675000
1776218677.369,277.369,0.98,15.0,0.97,15.0,,,,,,,,,0.02,15.0,0.03,15.0,,,44.403878,1776218676000
1776218678.483,278.483,0.98,15.0,0.97,15.0,,,,,,,,,0.02,15.0,0.03,15.0,,,44.407723,1776218677000
1776218679.03,279.03,0.98,15.0,0.97,15.0,,,,,,,,,0.02,15.0,0.03,15.0,,,44.407723,1776218678000
1776218680.266,280.266,0.98,15.0,0.97,15.0,,,,,,,,,0.02,15.0,0.03,15.0,,,44.407248,1776218679000
1776218681.431,281.431,0.98,15.0,0.97,15.0,,,,,,,,,0.02,15.0,0.03,15.0,,,44.407018,1776218680000
1776218682.177,282.177,0.98,15.0,0.97,15.0,,,,,,,,,0.02,15.0,0.03,15.0,,,44.407018,1776218681000
1776218684.006,284.006,0.98,15.0,0.97,15.0,,,,,,,,,0.02,15.0,0.03,15.0,,,44.405797,1776218682000
1776218684.655,284.655,0.98,15.0,0.97,15.0,,,,,,,,,0.02,15.0,0.03,15.0,,,44.404231,1776218683000
1776218685.321,285.321,0.98,15.0,0.97,15.0,,,,,,,,,0.02,15.0,0.03,15.0,,,44.404231,1776218684000
1776218686.258,286.258,0.98,15.0,0.97,15.0,,,,,,,,,0.02,15.0,0.03,15.0,,,44.402001,1776218685000
1776218687.47,287.47,0.98,15.0,0.97,15.0,,,,,,,,,0.02,15.0,0.03,15.0,,,44.382489,1776218686000
1776218687.873,287.873,0.98,15.0,0.97,15.0,,,,,,,,,0.02,15.0,0.03,15.0,,,44.373407,1776218687000
1776218688.95,288.95,0.98,15.0,0.97,15.0,,,,,,,,,0.02,15.0,0.03,15.0,,,44.366447,1776218688000
1776218690.052,290.052,0.98,15.0,0.97,15.0,,,,,,,,,0.02,15.0,0.03,15.0,,,44.363867,1776218689000
1776218691.176,291.176,0.98,15.0,0.97,15.0,,,,,,,,,0.02,15.0,0.03,15.0,,,44.362994,1776218690000
1776218692.409,292.409,0.98,15.0,0.97,15.0,,,,,,,,,0.02,15.0,0.03,15.0,,,44.362419,1776218691000
1776218693.505,293.505,0.98,15.0,0.97,15.0,,,,,,,,,0.02,15.0,0.03,15.0,,,44.347038,1776218692000
1776218694.196,294.196,0.98,15.0,0.97,15.0,,,,,,,,,0.02,15.0,0.03,15.0,,,44.332784,1776218693000
1776218695.169,295.169,0.98,15.0,0.97,15.0,,,,,,,,,0.02,15.0,0.03,15.0,,,44.331265,1776218694000
1776218696.192,296.192,0.98,15.0,0.97,15.0,,,,,,,,,0.02,15.0,0.03,15.0,,,44.332587,1776218695000
1776218697.278,297.278,0.98,15.0,0.97,15.0,,,,,,,,,0.02,15.0,0.03,15.0,,,44.340242,1776218696000
1776218698.202,298.202,0.98,15.0,0.97,15.0,,,,,,,,,0.02,15.0,0.03,15.0,,,44.348722,1776218697000
1776218699.664,299.664,0.98,15.0,0.97,15.0,,,,,,,,,0.02,15.0,0.03,15.0,,,44.334494,1776218698000
1776218700.131,300.131,0.98,15.0,0.97,15.0,,,,,,,,,0.02,15.0,0.03,15.0,,,44.333119,1776218699000

# RESULT,winner=Up,slug=hype-updown-5m-1776218400,ticks=325
