timestamp,elapsed_sec,up_bid_p1,up_bid_s1,up_bid_p2,up_bid_s2,up_ask_p1,up_ask_s1,up_ask_p2,up_ask_s2,down_bid_p1,down_bid_s1,down_bid_p2,down_bid_s2,down_ask_p1,down_ask_s1,down_ask_p2,down_ask_s2,up_spread,down_spread,hype_price,hype_oracle_ts
1776181211.154,11.154,,,,,,,,,,,,,,,,,,,43.531815,1776181210000
1776181211.486,11.486,0.4,5.0,0.39,27.0,0.51,10.0,0.56,10.0,0.49,10.0,0.44,10.0,0.6,5.0,0.61,27.0,0.11,0.11,43.531815,1776181210000
1776181211.944,11.944,0.4,5.0,0.39,27.0,0.51,10.0,0.56,10.0,0.49,10.0,0.44,10.0,0.6,5.0,0.61,27.0,0.11,0.11,43.531815,1776181210000
1776181212.27,12.27,0.4,5.0,0.39,27.0,0.51,10.0,0.56,10.0,0.49,10.0,0.44,10.0,0.6,5.0,0.61,27.0,0.11,0.11,43.532425,1776181211000
1776181213.33,13.33,0.4,5.0,0.39,27.0,0.51,10.0,0.56,10.0,0.49,10.0,0.44,10.0,0.6,5.0,0.61,27.0,0.11,0.11,43.532425,1776181212000
1776181214.533,14.533,0.4,5.0,0.39,27.0,0.51,10.0,0.56,10.0,0.49,10.0,0.44,10.0,0.6,5.0,0.61,27.0,0.11,0.11,43.529354,1776181213000
1776181215.1,15.1,0.4,5.0,0.39,27.0,0.51,10.0,0.56,10.0,0.49,10.0,0.44,10.0,0.6,5.0,0.61,27.0,0.11,0.11,43.534688,1776181214000
1776181216.08,16.08,0.4,5.0,0.39,27.0,0.51,10.0,0.56,10.0,0.49,10.0,0.44,10.0,0.6,5.0,0.61,27.0,0.11,0.11,43.544614,1776181215000
1776181217.67,17.67,0.5,29.0,0.44,11.0,0.65,14.0,0.69,10.0,0.35,14.0,0.31,10.0,0.5,29.0,0.56,11.0,0.15,0.15,43.556783,1776181216000
1776181218.25,18.25,0.5,29.0,0.44,11.0,0.65,14.0,0.69,10.0,0.35,14.0,0.31,10.0,0.5,29.0,0.56,11.0,0.15,0.15,43.556786,1776181217000
1776181219.528,19.528,0.5,29.0,0.44,11.0,0.65,14.0,0.69,10.0,0.35,14.0,0.31,10.0,0.5,29.0,0.56,11.0,0.15,0.15,43.557831,1776181218000
1776181220.165,20.165,0.5,29.0,0.44,11.0,0.65,14.0,0.69,10.0,0.35,14.0,0.31,10.0,0.5,29.0,0.56,11.0,0.15,0.15,43.55081,1776181219000
1776181221.354,21.354,0.5,29.0,0.44,11.0,0.65,14.0,0.69,10.0,0.35,14.0,0.31,10.0,0.5,29.0,0.56,11.0,0.15,0.15,43.55564,1776181220000
1776181222.816,22.816,0.5,29.0,0.44,11.0,0.65,14.0,0.69,10.0,0.35,14.0,0.31,10.0,0.5,29.0,0.56,11.0,0.15,0.15,43.555288,1776181221000
1776181223.304,23.304,0.5,29.0,0.44,11.0,0.65,14.0,0.69,10.0,0.35,14.0,0.31,10.0,0.5,29.0,0.56,11.0,0.15,0.15,43.552073,1776181222000
1776181225.009,25.009,0.5,29.0,0.44,11.0,0.65,14.0,0.69,10.0,0.35,14.0,0.31,10.0,0.5,29.0,0.56,11.0,0.15,0.15,43.550841,1776181223000
1776181225.563,25.563,0.5,29.0,0.44,11.0,0.65,14.0,0.69,10.0,0.35,14.0,0.31,10.0,0.5,29.0,0.56,11.0,0.15,0.15,43.550841,1776181224000
1776181226.2,26.2,0.5,29.0,0.44,11.0,0.65,14.0,0.69,10.0,0.35,14.0,0.31,10.0,0.5,29.0,0.56,11.0,0.15,0.15,43.548174,1776181225000
1776181227.914,27.914,0.5,29.0,0.44,11.0,0.65,14.0,0.69,10.0,0.35,14.0,0.31,10.0,0.5,29.0,0.56,11.0,0.15,0.15,43.542036,1776181226000
1776181228.505,28.505,0.5,29.0,0.44,11.0,0.65,14.0,0.69,10.0,0.35,14.0,0.31,10.0,0.5,29.0,0.56,11.0,0.15,0.15,43.544975,1776181227000
1776181229.208,29.208,0.5,29.0,0.44,11.0,0.65,14.0,0.69,10.0,0.35,14.0,0.31,10.0,0.5,29.0,0.56,11.0,0.15,0.15,43.545466,1776181228000
1776181230.459,30.459,0.5,29.0,0.44,11.0,0.65,14.0,0.69,10.0,0.35,14.0,0.31,10.0,0.5,29.0,0.56,11.0,0.15,0.15,43.545671,1776181229000
1776181230.964,30.964,0.5,29.0,0.44,11.0,0.65,14.0,0.69,10.0,0.35,14.0,0.31,10.0,0.5,29.0,0.56,11.0,0.15,0.15,43.546833,1776181230000
1776181232.3,32.3,0.5,29.0,0.44,11.0,0.65,14.0,0.69,10.0,0.35,14.0,0.31,10.0,0.5,29.0,0.56,11.0,0.15,0.15,43.547037,1776181231000
1776181233.55,33.55,0.5,29.0,0.44,11.0,0.65,14.0,0.69,10.0,0.35,14.0,0.31,10.0,0.5,29.0,0.56,11.0,0.15,0.15,43.548541,1776181232000
1776181234.65,34.65,0.5,29.0,0.44,11.0,0.65,14.0,0.69,10.0,0.35,14.0,0.31,10.0,0.5,29.0,0.56,11.0,0.15,0.15,43.548541,1776181233000
1776181235.218,35.218,0.5,29.0,0.44,11.0,0.65,14.0,0.69,10.0,0.35,14.0,0.31,10.0,0.5,29.0,0.56,11.0,0.15,0.15,43.54834,1776181234000
1776181236.497,36.497,0.5,29.0,0.44,11.0,0.65,14.0,0.69,10.0,0.35,14.0,0.31,10.0,0.5,29.0,0.56,11.0,0.15,0.15,43.545153,1776181235000
1776181237.556,37.556,0.5,29.0,0.44,11.0,0.65,14.0,0.69,10.0,0.35,14.0,0.31,10.0,0.5,29.0,0.56,11.0,0.15,0.15,43.54484,1776181236000
1776181238.034,38.034,0.5,29.0,0.44,11.0,0.65,14.0,0.69,10.0,0.35,14.0,0.31,10.0,0.5,29.0,0.56,11.0,0.15,0.15,43.54484,1776181237000
1776181238.779,38.779,0.58,5.0,0.57,5.0,0.71,5.81,0.72,17.0,0.35,14.0,0.31,10.0,0.5,29.0,0.56,11.0,0.13,0.15,43.54484,1776181237000
1776181239.111,39.111,0.58,5.0,0.57,5.0,0.71,5.81,0.72,17.0,0.29,5.81,0.28,17.0,0.42,5.0,0.43,5.0,0.13,0.13,43.540042,1776181238000
1776181240.244,40.244,0.58,5.0,0.57,5.0,0.71,5.81,0.72,17.0,0.29,5.81,0.28,17.0,0.42,5.0,0.43,5.0,0.13,0.13,43.537474,1776181239000
1776181241.422,41.422,0.58,5.0,0.57,5.0,0.71,5.81,0.72,17.0,0.29,5.81,0.28,17.0,0.42,5.0,0.43,5.0,0.13,0.13,43.562837,1776181240000
1776181241.933,41.933,0.58,5.0,0.57,5.0,0.71,5.81,0.72,17.0,0.29,5.81,0.28,17.0,0.42,5.0,0.43,5.0,0.13,0.13,43.56284,1776181241000
1776181243.167,43.167,0.58,5.0,0.57,5.0,0.71,5.81,0.72,17.0,0.29,5.81,0.28,17.0,0.42,5.0,0.43,5.0,0.13,0.13,43.558725,1776181242000
1776181244.352,44.352,0.58,5.0,0.57,5.0,0.71,5.81,0.72,17.0,0.29,5.81,0.28,17.0,0.42,5.0,0.43,5.0,0.13,0.13,43.554474,1776181243000
1776181245.374,45.374,0.58,5.0,0.57,5.0,0.71,5.81,0.72,17.0,0.29,5.81,0.28,17.0,0.42,5.0,0.43,5.0,0.13,0.13,43.550528,1776181244000
1776181246.55,46.55,0.58,5.0,0.57,5.0,0.71,5.81,0.72,17.0,0.29,5.81,0.28,17.0,0.42,5.0,0.43,5.0,0.13,0.13,43.550927,1776181245000
1776181248.328,48.328,0.58,5.0,0.57,5.0,0.71,5.81,0.72,17.0,0.29,5.81,0.28,17.0,0.42,5.0,0.43,5.0,0.13,0.13,43.552473,1776181247000
1776181249.672,49.672,0.58,5.0,0.57,5.0,0.71,5.81,0.72,17.0,0.29,5.81,0.28,17.0,0.42,5.0,0.43,5.0,0.13,0.13,43.552012,1776181248000
1776181250.66,50.66,0.58,5.0,0.57,5.0,0.71,5.81,0.72,17.0,0.29,5.81,0.28,17.0,0.42,5.0,0.43,5.0,0.13,0.13,43.552686,1776181249000
1776181251.644,51.644,0.58,5.0,0.57,5.0,0.71,5.81,0.72,17.0,0.29,5.81,0.28,17.0,0.42,5.0,0.43,5.0,0.13,0.13,43.552473,1776181250000
1776181252.201,52.201,0.58,5.0,0.57,5.0,0.71,5.81,0.72,17.0,0.29,5.81,0.28,17.0,0.42,5.0,0.43,5.0,0.13,0.13,43.551854,1776181251000
1776181253.69,53.69,0.58,5.0,0.57,5.0,0.71,5.81,0.72,17.0,0.29,5.81,0.28,17.0,0.42,5.0,0.43,5.0,0.13,0.13,43.549707,1776181252000
1776181254.443,54.443,0.58,5.0,0.57,5.0,0.71,5.81,0.72,17.0,0.29,5.81,0.28,17.0,0.42,5.0,0.43,5.0,0.13,0.13,43.547746,1776181253000
1776181255.016,55.016,0.58,5.0,0.57,5.0,0.71,5.81,0.72,17.0,0.29,5.81,0.28,17.0,0.42,5.0,0.43,5.0,0.13,0.13,43.547543,1776181254000
1776181256.577,56.577,0.58,5.0,0.57,5.0,0.71,5.81,0.72,17.0,0.29,5.81,0.28,17.0,0.42,5.0,0.43,5.0,0.13,0.13,43.546045,1776181255000
1776181257.222,57.222,0.58,5.0,0.57,5.0,0.71,5.81,0.72,17.0,0.29,5.81,0.28,17.0,0.42,5.0,0.43,5.0,0.13,0.13,43.545795,1776181256000
1776181258.829,58.829,0.58,5.0,0.57,5.0,0.71,5.81,0.72,17.0,0.29,5.81,0.28,17.0,0.42,5.0,0.43,5.0,0.13,0.13,43.545509,1776181257000
1776181259.477,59.477,0.58,5.0,0.57,5.0,0.71,5.81,0.72,17.0,0.29,5.81,0.28,17.0,0.42,5.0,0.43,5.0,0.13,0.13,43.54532,1776181258000
1776181260.348,60.348,0.58,5.0,0.57,5.0,0.71,5.81,0.72,17.0,0.29,5.81,0.28,17.0,0.42,5.0,0.43,5.0,0.13,0.13,43.54532,1776181259000
1776181261.796,61.796,0.58,5.0,0.57,5.0,0.71,5.81,0.72,17.0,0.29,5.81,0.28,17.0,0.42,5.0,0.43,5.0,0.13,0.13,43.546438,1776181260000
1776181262.579,62.579,0.58,5.0,0.57,5.0,0.71,5.81,0.72,17.0,0.29,5.81,0.28,17.0,0.42,5.0,0.43,5.0,0.13,0.13,43.548394,1776181261000
1776181263.276,63.276,0.58,5.0,0.57,5.0,0.71,5.81,0.72,17.0,0.29,5.81,0.28,17.0,0.42,5.0,0.43,5.0,0.13,0.13,43.549324,1776181262000
1776181264.782,64.782,0.58,5.0,0.57,5.0,0.71,5.81,0.72,17.0,0.29,5.81,0.28,17.0,0.42,5.0,0.43,5.0,0.13,0.13,43.555787,1776181263000
1776181265.576,65.576,0.58,5.0,0.57,5.0,0.71,5.81,0.72,17.0,0.29,5.81,0.28,17.0,0.42,5.0,0.43,5.0,0.13,0.13,43.554971,1776181264000
1776181266.293,66.293,0.58,5.0,0.57,5.0,0.71,5.81,0.72,17.0,0.29,5.81,0.28,17.0,0.42,5.0,0.43,5.0,0.13,0.13,43.552117,1776181265000
1776181267.893,67.893,0.58,5.0,0.57,5.0,0.71,5.81,0.72,17.0,0.29,5.81,0.28,17.0,0.42,5.0,0.43,5.0,0.13,0.13,43.553041,1776181266000
1776181268.588,68.588,0.58,5.0,0.57,5.0,0.71,5.81,0.72,17.0,0.29,5.81,0.28,17.0,0.42,5.0,0.43,5.0,0.13,0.13,43.552947,1776181267000
1776181269.71,69.71,0.58,5.0,0.57,5.0,0.71,5.81,0.72,17.0,0.29,5.81,0.28,17.0,0.42,5.0,0.43,5.0,0.13,0.13,43.551246,1776181268000
1776181270.187,70.187,0.58,5.0,0.57,5.0,0.71,5.81,0.72,17.0,0.29,5.81,0.28,17.0,0.42,5.0,0.43,5.0,0.13,0.13,43.550767,1776181269000
1776181271.277,71.277,0.58,5.0,0.57,5.0,0.71,5.81,0.72,17.0,0.29,5.81,0.28,17.0,0.42,5.0,0.43,5.0,0.13,0.13,43.548263,1776181270000
1776181272.35,72.35,0.58,5.0,0.57,5.0,0.71,5.81,0.72,17.0,0.29,5.81,0.28,17.0,0.42,5.0,0.43,5.0,0.13,0.13,43.546278,1776181271000
1776181273.339,73.339,0.58,5.0,0.57,5.0,0.71,5.81,0.72,17.0,0.29,5.81,0.28,17.0,0.42,5.0,0.43,5.0,0.13,0.13,43.542597,1776181272000
1776181273.942,73.942,0.58,5.0,0.57,5.0,0.71,5.81,0.72,17.0,0.29,5.81,0.28,17.0,0.42,5.0,0.43,5.0,0.13,0.13,43.542597,1776181273000
1776181274.935,74.935,0.58,5.0,0.57,5.0,0.71,5.81,0.72,17.0,0.29,5.81,0.28,17.0,0.42,5.0,0.43,5.0,0.13,0.13,43.544141,1776181274000
1776181276.103,76.103,0.58,5.0,0.57,5.0,0.71,5.81,0.72,17.0,0.29,5.81,0.28,17.0,0.42,5.0,0.43,5.0,0.13,0.13,43.544142,1776181275000
1776181277.146,77.146,0.58,5.0,0.57,5.0,0.71,5.81,0.72,17.0,0.29,5.81,0.28,17.0,0.42,5.0,0.43,5.0,0.13,0.13,43.544232,1776181276000
1776181278.293,78.293,0.58,5.0,0.57,5.0,0.71,5.81,0.72,17.0,0.29,5.81,0.28,17.0,0.42,5.0,0.43,5.0,0.13,0.13,43.544286,1776181277000
1776181279.393,79.393,0.58,5.0,0.57,5.0,0.71,5.81,0.72,17.0,0.29,5.81,0.28,17.0,0.42,5.0,0.43,5.0,0.13,0.13,43.544286,1776181278000
1776181279.973,79.973,0.58,5.0,0.57,5.0,0.71,5.81,0.72,17.0,0.29,5.81,0.28,17.0,0.42,5.0,0.43,5.0,0.13,0.13,43.544361,1776181279000
1776181281.045,81.045,0.58,5.0,0.57,5.0,0.71,5.81,0.72,17.0,0.29,5.81,0.28,17.0,0.42,5.0,0.43,5.0,0.13,0.13,43.542694,1776181280000
1776181282.063,82.063,0.58,5.0,0.57,5.0,0.71,5.81,0.72,17.0,0.29,5.81,0.28,17.0,0.42,5.0,0.43,5.0,0.13,0.13,43.542694,1776181281000
1776181283.654,83.654,0.58,5.0,0.57,5.0,0.71,5.81,0.72,17.0,0.29,5.81,0.28,17.0,0.42,5.0,0.43,5.0,0.13,0.13,43.537764,1776181282000
1776181284.131,84.131,0.58,5.0,0.57,5.0,0.71,5.81,0.72,17.0,0.29,5.81,0.28,17.0,0.42,5.0,0.43,5.0,0.13,0.13,43.537214,1776181283000
1776181285.231,85.231,0.58,5.0,0.57,5.0,0.71,5.81,0.72,17.0,0.29,5.81,0.28,17.0,0.42,5.0,0.43,5.0,0.13,0.13,43.536173,1776181284000
1776181286.247,86.247,0.58,5.0,0.57,5.0,0.71,5.81,0.72,17.0,0.29,5.81,0.28,17.0,0.42,5.0,0.43,5.0,0.13,0.13,43.535637,1776181285000
1776181287.309,87.309,0.58,5.0,0.57,5.0,0.71,5.81,0.72,17.0,0.29,5.81,0.28,17.0,0.42,5.0,0.43,5.0,0.13,0.13,43.535637,1776181286000
1776181288.301,88.301,0.58,5.0,0.57,5.0,0.71,5.81,0.72,17.0,0.29,5.81,0.28,17.0,0.42,5.0,0.43,5.0,0.13,0.13,43.534424,1776181287000
1776181289.319,89.319,0.58,5.0,0.57,5.0,0.71,5.81,0.72,17.0,0.29,5.81,0.28,17.0,0.42,5.0,0.43,5.0,0.13,0.13,43.53441,1776181288000
1776181290.312,90.312,0.58,5.0,0.57,5.0,0.71,5.81,0.72,17.0,0.29,5.81,0.28,17.0,0.42,5.0,0.43,5.0,0.13,0.13,43.535084,1776181289000
1776181291.383,91.383,0.58,5.0,0.57,5.0,0.71,5.81,0.72,17.0,0.29,5.81,0.28,17.0,0.42,5.0,0.43,5.0,0.13,0.13,43.544685,1776181290000
1776181291.944,91.944,0.58,5.0,0.57,5.0,0.71,5.81,0.72,17.0,0.29,5.81,0.28,17.0,0.42,5.0,0.43,5.0,0.13,0.13,43.550354,1776181291000
1776181292.977,92.977,0.58,5.0,0.57,5.0,0.71,5.81,0.72,17.0,0.29,5.81,0.28,17.0,0.42,5.0,0.43,5.0,0.13,0.13,43.560232,1776181292000
1776181293.944,93.944,0.58,5.0,0.57,5.0,0.71,5.81,0.72,17.0,0.29,5.81,0.28,17.0,0.42,5.0,0.43,5.0,0.13,0.13,43.558857,1776181293000
1776181295.128,95.128,0.58,5.0,0.57,5.0,0.71,5.81,0.72,17.0,0.29,5.81,0.28,17.0,0.42,5.0,0.43,5.0,0.13,0.13,43.557474,1776181294000
1776181296.27,96.27,0.58,5.0,0.57,5.0,0.71,5.81,0.72,17.0,0.29,5.81,0.28,17.0,0.42,5.0,0.43,5.0,0.13,0.13,43.543805,1776181295000
1776181297.078,97.078,0.58,5.0,0.57,5.0,0.71,5.81,0.72,17.0,0.29,5.81,0.28,17.0,0.42,5.0,0.43,5.0,0.13,0.13,43.544006,1776181296000
1776181298.563,98.563,0.58,5.0,0.57,5.0,0.71,5.81,0.72,17.0,0.29,5.81,0.28,17.0,0.42,5.0,0.43,5.0,0.13,0.13,43.543774,1776181297000
1776181299.149,99.149,0.58,5.0,0.57,5.0,0.71,5.81,0.72,17.0,0.29,5.81,0.28,17.0,0.42,5.0,0.43,5.0,0.13,0.13,43.539418,1776181298000
1776181300.291,100.291,0.58,5.0,0.57,5.0,0.71,5.81,0.72,17.0,0.29,5.81,0.28,17.0,0.42,5.0,0.43,5.0,0.13,0.13,43.542869,1776181299000
1776181301.458,101.458,0.58,5.0,0.57,5.0,0.71,5.81,0.72,17.0,0.29,5.81,0.28,17.0,0.42,5.0,0.43,5.0,0.13,0.13,43.543279,1776181300000
1776181302.869,102.869,0.58,5.0,0.57,5.0,0.71,5.81,0.72,17.0,0.29,5.81,0.28,17.0,0.42,5.0,0.43,5.0,0.13,0.13,43.544022,1776181301000
1776181303.495,103.495,0.58,5.0,0.57,5.0,0.71,5.81,0.72,17.0,0.29,5.81,0.28,17.0,0.42,5.0,0.43,5.0,0.13,0.13,43.544022,1776181302000
1776181304.462,104.462,0.58,5.0,0.57,5.0,0.71,5.81,0.72,17.0,0.29,5.81,0.28,17.0,0.42,5.0,0.43,5.0,0.13,0.13,43.535279,1776181303000
1776181305.058,105.058,0.58,5.0,0.57,5.0,0.71,5.81,0.72,17.0,0.29,5.81,0.28,17.0,0.42,5.0,0.43,5.0,0.13,0.13,43.533023,1776181304000
1776181306.176,106.176,0.58,5.0,0.57,5.0,0.71,5.81,0.72,17.0,0.29,5.81,0.28,17.0,0.42,5.0,0.43,5.0,0.13,0.13,43.533604,1776181305000
1776181307.269,107.269,0.58,5.0,0.57,5.0,0.71,5.81,0.72,17.0,0.29,5.81,0.28,17.0,0.42,5.0,0.43,5.0,0.13,0.13,43.53279,1776181306000
1776181308.432,108.432,0.58,5.0,0.57,5.0,0.71,5.81,0.72,17.0,0.29,5.81,0.28,17.0,0.42,5.0,0.43,5.0,0.13,0.13,43.532733,1776181307000
1776181308.957,108.957,0.58,5.0,0.57,5.0,0.71,5.81,0.72,17.0,0.29,5.81,0.28,17.0,0.42,5.0,0.43,5.0,0.13,0.13,43.533698,1776181308000
1776181310.101,110.101,0.58,5.0,0.57,5.0,0.71,5.81,0.72,17.0,0.29,5.81,0.28,17.0,0.42,5.0,0.43,5.0,0.13,0.13,43.538807,1776181309000
1776181311.455,111.455,0.58,5.0,0.57,5.0,0.71,5.81,0.72,17.0,0.29,5.81,0.28,17.0,0.42,5.0,0.43,5.0,0.13,0.13,43.556804,1776181310000
1776181312.547,112.547,0.58,5.0,0.57,5.0,0.71,5.81,0.72,17.0,0.29,5.81,0.28,17.0,0.42,5.0,0.43,5.0,0.13,0.13,43.561827,1776181311000
1776181312.98,112.98,0.58,5.0,0.57,5.0,0.71,5.81,0.72,17.0,0.29,5.81,0.28,17.0,0.42,5.0,0.43,5.0,0.13,0.13,43.561827,1776181312000
1776181314.253,114.253,0.58,5.0,0.57,5.0,0.71,5.81,0.72,17.0,0.29,5.81,0.28,17.0,0.42,5.0,0.43,5.0,0.13,0.13,43.564672,1776181313000
1776181315.238,115.238,0.58,5.0,0.57,5.0,0.71,5.81,0.72,17.0,0.29,5.81,0.28,17.0,0.42,5.0,0.43,5.0,0.13,0.13,43.558017,1776181314000
1776181316.467,116.467,0.58,5.0,0.57,5.0,0.71,5.81,0.72,17.0,0.29,5.81,0.28,17.0,0.42,5.0,0.43,5.0,0.13,0.13,43.549631,1776181315000
1776181317.283,117.283,0.58,5.0,0.57,5.0,0.71,5.81,0.72,17.0,0.29,5.81,0.28,17.0,0.42,5.0,0.43,5.0,0.13,0.13,43.549314,1776181316000
1776181318.397,118.397,0.58,5.0,0.57,5.0,0.71,5.81,0.72,17.0,0.29,5.81,0.28,17.0,0.42,5.0,0.43,5.0,0.13,0.13,43.552195,1776181317000
1776181319.267,119.267,0.58,5.0,0.57,5.0,0.71,5.81,0.72,17.0,0.29,5.81,0.28,17.0,0.42,5.0,0.43,5.0,0.13,0.13,43.552107,1776181318000
1776181320.228,120.228,0.58,5.0,0.57,5.0,0.71,5.81,0.72,17.0,0.29,5.81,0.28,17.0,0.42,5.0,0.43,5.0,0.13,0.13,43.552731,1776181319000
1776181321.323,121.323,0.58,5.0,0.57,5.0,0.71,5.81,0.72,17.0,0.29,5.81,0.28,17.0,0.42,5.0,0.43,5.0,0.13,0.13,43.557505,1776181320000
1776181322.473,122.473,0.58,5.0,0.57,5.0,0.71,5.81,0.72,17.0,0.29,5.81,0.28,17.0,0.42,5.0,0.43,5.0,0.13,0.13,43.557505,1776181321000
1776181323.049,123.049,0.58,5.0,0.57,5.0,0.71,5.81,0.72,17.0,0.29,5.81,0.28,17.0,0.42,5.0,0.43,5.0,0.13,0.13,43.554067,1776181322000
1776181324.11,124.11,0.58,5.0,0.57,5.0,0.71,5.81,0.72,17.0,0.29,5.81,0.28,17.0,0.42,5.0,0.43,5.0,0.13,0.13,43.549369,1776181323000
1776181325.326,125.326,0.58,5.0,0.57,5.0,0.71,5.81,0.72,17.0,0.29,5.81,0.28,17.0,0.42,5.0,0.43,5.0,0.13,0.13,43.549705,1776181324000
1776181326.248,126.248,0.58,5.0,0.57,5.0,0.71,5.81,0.72,17.0,0.29,5.81,0.28,17.0,0.42,5.0,0.43,5.0,0.13,0.13,43.549705,1776181325000
1776181327.151,127.151,0.58,5.0,0.57,5.0,0.71,5.81,0.72,17.0,0.29,5.81,0.28,17.0,0.42,5.0,0.43,5.0,0.13,0.13,43.553894,1776181326000
1776181328.179,128.179,0.58,5.0,0.57,5.0,0.71,5.81,0.72,17.0,0.29,5.81,0.28,17.0,0.42,5.0,0.43,5.0,0.13,0.13,43.55256,1776181327000
1776181329.234,129.234,0.58,5.0,0.57,5.0,0.71,5.81,0.72,17.0,0.29,5.81,0.28,17.0,0.42,5.0,0.43,5.0,0.13,0.13,43.553335,1776181328000
1776181330.425,130.425,0.58,5.0,0.57,5.0,0.71,5.81,0.72,17.0,0.29,5.81,0.28,17.0,0.42,5.0,0.43,5.0,0.13,0.13,43.559978,1776181329000
1776181331.266,131.266,0.58,5.0,0.57,5.0,0.71,5.81,0.72,17.0,0.29,5.81,0.28,17.0,0.42,5.0,0.43,5.0,0.13,0.13,43.555207,1776181330000
1776181332.332,132.332,0.58,5.0,0.57,5.0,0.71,5.81,0.72,17.0,0.29,5.81,0.28,17.0,0.42,5.0,0.43,5.0,0.13,0.13,43.554297,1776181331000
1776181333.362,133.362,0.58,5.0,0.57,5.0,0.71,5.81,0.72,17.0,0.29,5.81,0.28,17.0,0.42,5.0,0.43,5.0,0.13,0.13,43.554316,1776181332000
1776181334.336,134.336,0.58,5.0,0.57,5.0,0.71,5.81,0.72,17.0,0.29,5.81,0.28,17.0,0.42,5.0,0.43,5.0,0.13,0.13,43.552399,1776181333000
1776181335.31,135.31,0.58,5.0,0.57,5.0,0.71,5.81,0.72,17.0,0.29,5.81,0.28,17.0,0.42,5.0,0.43,5.0,0.13,0.13,43.547453,1776181334000
1776181336.272,136.272,0.58,5.0,0.57,5.0,0.71,5.81,0.72,17.0,0.29,5.81,0.28,17.0,0.42,5.0,0.43,5.0,0.13,0.13,43.544717,1776181335000
1776181337.334,137.334,0.58,5.0,0.57,5.0,0.71,5.81,0.72,17.0,0.29,5.81,0.28,17.0,0.42,5.0,0.43,5.0,0.13,0.13,43.54403,1776181336000
1776181338.319,138.319,0.58,5.0,0.57,5.0,0.71,5.81,0.72,17.0,0.29,5.81,0.28,17.0,0.42,5.0,0.43,5.0,0.13,0.13,43.553912,1776181337000
1776181339.186,139.186,0.58,5.0,0.57,5.0,0.71,5.81,0.72,17.0,0.29,5.81,0.28,17.0,0.42,5.0,0.43,5.0,0.13,0.13,43.553438,1776181338000
1776181340.274,140.274,0.58,5.0,0.57,5.0,0.71,5.81,0.72,17.0,0.29,5.81,0.28,17.0,0.42,5.0,0.43,5.0,0.13,0.13,43.55101,1776181339000
1776181341.247,141.247,0.58,5.0,0.57,5.0,0.71,5.81,0.72,17.0,0.29,5.81,0.28,17.0,0.42,5.0,0.43,5.0,0.13,0.13,43.550632,1776181340000
1776181342.411,142.411,0.58,5.0,0.57,5.0,0.71,5.81,0.72,17.0,0.29,5.81,0.28,17.0,0.42,5.0,0.43,5.0,0.13,0.13,43.550633,1776181341000
1776181343.32,143.32,0.58,5.0,0.57,5.0,0.71,5.81,0.72,17.0,0.29,5.81,0.28,17.0,0.42,5.0,0.43,5.0,0.13,0.13,43.550511,1776181342000
1776181344.394,144.394,0.58,5.0,0.57,5.0,0.71,5.81,0.72,17.0,0.29,5.81,0.28,17.0,0.42,5.0,0.43,5.0,0.13,0.13,43.550168,1776181343000
1776181345.429,145.429,0.58,5.0,0.57,5.0,0.71,5.81,0.72,17.0,0.29,5.81,0.28,17.0,0.42,5.0,0.43,5.0,0.13,0.13,43.564409,1776181344000
1776181346.036,146.036,0.58,5.0,0.57,5.0,0.71,5.81,0.72,17.0,0.29,5.81,0.28,17.0,0.42,5.0,0.43,5.0,0.13,0.13,43.573549,1776181345000
1776181346.948,146.948,0.58,5.0,0.57,5.0,0.71,5.81,0.72,17.0,0.29,5.81,0.28,17.0,0.42,5.0,0.43,5.0,0.13,0.13,43.58948,1776181346000
1776181348.027,148.027,0.58,5.0,0.57,5.0,0.71,5.81,0.72,17.0,0.29,5.81,0.28,17.0,0.42,5.0,0.43,5.0,0.13,0.13,43.584345,1776181347000
1776181349.032,149.032,0.58,5.0,0.57,5.0,0.71,5.81,0.72,17.0,0.29,5.81,0.28,17.0,0.42,5.0,0.43,5.0,0.13,0.13,43.584472,1776181348000
1776181350.083,150.083,0.58,5.0,0.57,5.0,0.71,5.81,0.72,17.0,0.29,5.81,0.28,17.0,0.42,5.0,0.43,5.0,0.13,0.13,43.588361,1776181349000
1776181351.195,151.195,0.58,5.0,0.57,5.0,0.71,5.81,0.72,17.0,0.29,5.81,0.28,17.0,0.42,5.0,0.43,5.0,0.13,0.13,43.576015,1776181350000
1776181352.86,152.86,0.58,5.0,0.57,5.0,0.71,5.81,0.72,17.0,0.29,5.81,0.28,17.0,0.42,5.0,0.43,5.0,0.13,0.13,43.56402,1776181351000
1776181353.447,153.447,0.58,5.0,0.57,5.0,0.71,5.81,0.72,17.0,0.29,5.81,0.28,17.0,0.42,5.0,0.43,5.0,0.13,0.13,43.563999,1776181352000
1776181354.096,154.096,0.58,5.0,0.57,5.0,0.71,5.81,0.72,17.0,0.29,5.81,0.28,17.0,0.42,5.0,0.43,5.0,0.13,0.13,43.563118,1776181353000
1776181355.576,155.576,0.58,5.0,0.57,5.0,0.71,5.81,0.72,17.0,0.29,5.81,0.28,17.0,0.42,5.0,0.43,5.0,0.13,0.13,43.557367,1776181354000
1776181356.188,156.188,0.58,5.0,0.57,5.0,0.71,5.81,0.72,17.0,0.29,5.81,0.28,17.0,0.42,5.0,0.43,5.0,0.13,0.13,43.557367,1776181355000
1776181357.554,157.554,0.58,5.0,0.57,5.0,0.71,5.81,0.72,17.0,0.29,5.81,0.28,17.0,0.42,5.0,0.43,5.0,0.13,0.13,43.557164,1776181356000
1776181358.266,158.266,0.58,5.0,0.57,5.0,0.71,5.81,0.72,17.0,0.29,5.81,0.28,17.0,0.42,5.0,0.43,5.0,0.13,0.13,43.557164,1776181357000
1776181359.724,159.724,0.58,5.0,0.57,5.0,0.71,5.81,0.72,17.0,0.29,5.81,0.28,17.0,0.42,5.0,0.43,5.0,0.13,0.13,43.56163,1776181358000
1776181360.393,160.393,0.58,5.0,0.57,5.0,0.71,5.81,0.72,17.0,0.29,5.81,0.28,17.0,0.42,5.0,0.43,5.0,0.13,0.13,43.560639,1776181359000
1776181361.127,161.127,0.58,5.0,0.57,5.0,0.71,5.81,0.72,17.0,0.29,5.81,0.28,17.0,0.42,5.0,0.43,5.0,0.13,0.13,43.560639,1776181360000
1776181362.37,162.37,0.58,5.0,0.57,5.0,0.71,5.81,0.72,17.0,0.29,5.81,0.28,17.0,0.42,5.0,0.43,5.0,0.13,0.13,43.563044,1776181361000
1776181363.109,163.109,0.58,5.0,0.57,5.0,0.71,5.81,0.72,17.0,0.29,5.81,0.28,17.0,0.42,5.0,0.43,5.0,0.13,0.13,43.563743,1776181362000
1776181364.393,164.393,0.58,5.0,0.57,5.0,0.71,5.81,0.72,17.0,0.29,5.81,0.28,17.0,0.42,5.0,0.43,5.0,0.13,0.13,43.560923,1776181363000
1776181365.17,165.17,0.58,5.0,0.57,5.0,0.71,5.81,0.72,17.0,0.29,5.81,0.28,17.0,0.42,5.0,0.43,5.0,0.13,0.13,43.560923,1776181364000
1776181366.436,166.436,0.58,5.0,0.57,5.0,0.71,5.81,0.72,17.0,0.29,5.81,0.28,17.0,0.42,5.0,0.43,5.0,0.13,0.13,43.552871,1776181365000
1776181367.216,167.216,0.58,5.0,0.57,5.0,0.71,5.81,0.72,17.0,0.29,5.81,0.28,17.0,0.42,5.0,0.43,5.0,0.13,0.13,43.550718,1776181366000
1776181368.492,168.492,0.58,5.0,0.57,5.0,0.71,5.81,0.72,17.0,0.29,5.81,0.28,17.0,0.42,5.0,0.43,5.0,0.13,0.13,43.549895,1776181367000
1776181369.316,169.316,0.58,5.0,0.57,5.0,0.71,5.81,0.72,17.0,0.29,5.81,0.28,17.0,0.42,5.0,0.43,5.0,0.13,0.13,43.543249,1776181368000
1776181370.181,170.181,0.58,5.0,0.57,5.0,0.71,5.81,0.72,17.0,0.29,5.81,0.28,17.0,0.42,5.0,0.43,5.0,0.13,0.13,43.539568,1776181369000
1776181371.224,171.224,0.58,5.0,0.57,5.0,0.71,5.81,0.72,17.0,0.29,5.81,0.28,17.0,0.42,5.0,0.43,5.0,0.13,0.13,43.53604,1776181370000
1776181372.241,172.241,0.58,5.0,0.57,5.0,0.71,5.81,0.72,17.0,0.29,5.81,0.28,17.0,0.42,5.0,0.43,5.0,0.13,0.13,43.53667,1776181371000
1776181373.115,173.115,0.58,5.0,0.57,5.0,0.71,5.81,0.72,17.0,0.29,5.81,0.28,17.0,0.42,5.0,0.43,5.0,0.13,0.13,43.537448,1776181372000
1776181374.11,174.11,0.58,5.0,0.57,5.0,0.71,5.81,0.72,17.0,0.29,5.81,0.28,17.0,0.42,5.0,0.43,5.0,0.13,0.13,43.542274,1776181373000
1776181375.033,175.033,0.58,5.0,0.57,5.0,0.71,5.81,0.72,17.0,0.29,5.81,0.28,17.0,0.42,5.0,0.43,5.0,0.13,0.13,43.5488,1776181374000
1776181375.994,175.994,0.58,5.0,0.57,5.0,0.71,5.81,0.72,17.0,0.29,5.81,0.28,17.0,0.42,5.0,0.43,5.0,0.13,0.13,43.562758,1776181375000
1776181376.962,176.962,0.58,5.0,0.57,5.0,0.71,5.81,0.72,17.0,0.29,5.81,0.28,17.0,0.42,5.0,0.43,5.0,0.13,0.13,43.565835,1776181376000
1776181377.922,177.922,0.58,5.0,0.57,5.0,0.71,5.81,0.72,17.0,0.29,5.81,0.28,17.0,0.42,5.0,0.43,5.0,0.13,0.13,43.566711,1776181377000
1776181378.876,178.876,0.58,5.0,0.57,5.0,0.71,5.81,0.72,17.0,0.29,5.81,0.28,17.0,0.42,5.0,0.43,5.0,0.13,0.13,43.566711,1776181378000
1776181380.396,180.396,0.58,5.0,0.57,5.0,0.71,5.81,0.72,17.0,0.29,5.81,0.28,17.0,0.42,5.0,0.43,5.0,0.13,0.13,43.560295,1776181379000
1776181381.275,181.275,0.58,5.0,0.57,5.0,0.71,5.81,0.72,17.0,0.29,5.81,0.28,17.0,0.42,5.0,0.43,5.0,0.13,0.13,43.555432,1776181380000
1776181382.734,182.734,0.58,5.0,0.57,5.0,0.71,5.81,0.72,17.0,0.29,5.81,0.28,17.0,0.42,5.0,0.43,5.0,0.13,0.13,43.555908,1776181381000
1776181383.295,183.295,0.58,5.0,0.57,5.0,0.71,5.81,0.72,17.0,0.29,5.81,0.28,17.0,0.42,5.0,0.43,5.0,0.13,0.13,43.549166,1776181382000
1776181384.093,184.093,0.58,5.0,0.57,5.0,0.71,5.81,0.72,17.0,0.29,5.81,0.28,17.0,0.42,5.0,0.43,5.0,0.13,0.13,43.548444,1776181383000
1776181385.209,185.209,0.58,5.0,0.57,5.0,0.71,5.81,0.72,17.0,0.29,5.81,0.28,17.0,0.42,5.0,0.43,5.0,0.13,0.13,43.543018,1776181384000
1776181386.403,186.403,0.58,5.0,0.57,5.0,0.71,5.81,0.72,17.0,0.29,5.81,0.28,17.0,0.42,5.0,0.43,5.0,0.13,0.13,43.547769,1776181385000
1776181387.536,187.536,0.58,5.0,0.57,5.0,0.71,5.81,0.72,17.0,0.29,5.81,0.28,17.0,0.42,5.0,0.43,5.0,0.13,0.13,43.552598,1776181386000
1776181388.177,188.177,0.58,5.0,0.57,5.0,0.71,5.81,0.72,17.0,0.29,5.81,0.28,17.0,0.42,5.0,0.43,5.0,0.13,0.13,43.553453,1776181387000
1776181389.2,189.2,0.58,5.0,0.57,5.0,0.71,5.81,0.72,17.0,0.29,5.81,0.28,17.0,0.42,5.0,0.43,5.0,0.13,0.13,43.553528,1776181388000
1776181390.249,190.249,0.58,5.0,0.57,5.0,0.71,5.81,0.72,17.0,0.29,5.81,0.28,17.0,0.42,5.0,0.43,5.0,0.13,0.13,43.54925,1776181389000
1776181391.29,191.29,0.58,5.0,0.57,5.0,0.71,5.81,0.72,17.0,0.29,5.81,0.28,17.0,0.42,5.0,0.43,5.0,0.13,0.13,43.550123,1776181390000
1776181392.483,192.483,0.58,5.0,0.57,5.0,0.71,5.81,0.72,17.0,0.29,5.81,0.28,17.0,0.42,5.0,0.43,5.0,0.13,0.13,43.55673,1776181391000
1776181393.004,193.004,0.58,5.0,0.57,5.0,0.71,5.81,0.72,17.0,0.29,5.81,0.28,17.0,0.42,5.0,0.43,5.0,0.13,0.13,43.556951,1776181392000
1776181394.09,194.09,0.58,5.0,0.57,5.0,0.71,5.81,0.72,17.0,0.29,5.81,0.28,17.0,0.42,5.0,0.43,5.0,0.13,0.13,43.554943,1776181393000
1776181395.265,195.265,0.58,5.0,0.57,5.0,0.71,5.81,0.72,17.0,0.29,5.81,0.28,17.0,0.42,5.0,0.43,5.0,0.13,0.13,43.553759,1776181394000
1776181396.278,196.278,0.58,5.0,0.57,5.0,0.71,5.81,0.72,17.0,0.29,5.81,0.28,17.0,0.42,5.0,0.43,5.0,0.13,0.13,43.553759,1776181395000
1776181397.551,197.551,0.58,5.0,0.57,5.0,0.71,5.81,0.72,17.0,0.29,5.81,0.28,17.0,0.42,5.0,0.43,5.0,0.13,0.13,43.550188,1776181396000
1776181398.117,198.117,0.58,5.0,0.57,5.0,0.71,5.81,0.72,17.0,0.29,5.81,0.28,17.0,0.42,5.0,0.43,5.0,0.13,0.13,43.552888,1776181397000
1776181399.333,199.333,0.59,10.0,0.58,8.0,0.76,7.36,0.79,15.0,0.29,5.81,0.28,17.0,0.42,5.0,0.43,5.0,0.17,0.13,43.552888,1776181397000
1776181400.008,200.008,0.59,10.0,0.58,8.0,0.76,7.36,0.79,15.0,0.24,7.36,0.21,15.0,0.41,10.0,0.42,8.0,0.17,0.17,43.569756,1776181399000
1776181400.978,200.978,0.59,10.0,0.58,8.0,0.76,7.36,0.79,15.0,0.24,7.36,0.21,15.0,0.41,10.0,0.42,8.0,0.17,0.17,43.566469,1776181400000
1776181402.1,202.1,0.59,10.0,0.58,8.0,0.76,7.36,0.79,15.0,0.24,7.36,0.21,15.0,0.41,10.0,0.42,8.0,0.17,0.17,43.564312,1776181401000
1776181403.228,203.228,0.59,10.0,0.58,8.0,0.76,7.36,0.79,15.0,0.24,7.36,0.21,15.0,0.41,10.0,0.42,8.0,0.17,0.17,43.544153,1776181402000
1776181404.348,204.348,0.59,10.0,0.58,8.0,0.76,7.36,0.79,15.0,0.24,7.36,0.21,15.0,0.41,10.0,0.42,8.0,0.17,0.17,43.55156,1776181403000
1776181405.456,205.456,0.59,10.0,0.58,8.0,0.76,7.36,0.79,15.0,0.24,7.36,0.21,15.0,0.41,10.0,0.42,8.0,0.17,0.17,43.551325,1776181404000
1776181405.98,205.98,0.59,10.0,0.58,8.0,0.76,7.36,0.79,15.0,0.24,7.36,0.21,15.0,0.41,10.0,0.42,8.0,0.17,0.17,43.551517,1776181405000
1776181407.096,207.096,0.59,10.0,0.58,8.0,0.76,7.36,0.79,15.0,0.24,7.36,0.21,15.0,0.41,10.0,0.42,8.0,0.17,0.17,43.554915,1776181406000
1776181408.347,208.347,0.59,10.0,0.58,8.0,0.76,7.36,0.79,15.0,0.24,7.36,0.21,15.0,0.41,10.0,0.42,8.0,0.17,0.17,43.56374,1776181407000
1776181409.431,209.431,0.59,10.0,0.58,8.0,0.76,7.36,0.79,15.0,0.24,7.36,0.21,15.0,0.41,10.0,0.42,8.0,0.17,0.17,43.570196,1776181408000
1776181410.078,210.078,0.59,10.0,0.58,8.0,0.76,7.36,0.79,15.0,0.24,7.36,0.21,15.0,0.41,10.0,0.42,8.0,0.17,0.17,43.579926,1776181409000
1776181411.264,211.264,0.59,10.0,0.58,8.0,0.76,7.36,0.79,15.0,0.24,7.36,0.21,15.0,0.41,10.0,0.42,8.0,0.17,0.17,43.575407,1776181410000
1776181411.473,211.473,0.68,10.0,0.65,15.0,0.78,4.9,0.79,15.0,0.22,9.95,0.21,15.0,0.35,15.0,0.36,15.0,0.1,0.13,43.575407,1776181410000
1776181412.407,212.407,0.68,10.0,0.65,15.0,0.78,4.9,0.79,15.0,0.22,4.9,0.21,15.0,0.32,10.0,0.35,15.0,0.1,0.1,43.57503,1776181411000
1776181413.08,213.08,0.68,10.0,0.65,15.0,0.78,4.9,0.79,15.0,0.22,4.9,0.21,15.0,0.32,10.0,0.35,15.0,0.1,0.1,43.573589,1776181412000
1776181414.151,214.151,0.68,10.0,0.65,15.0,0.78,4.9,0.79,15.0,0.22,4.9,0.21,15.0,0.32,10.0,0.35,15.0,0.1,0.1,43.573154,1776181413000
1776181415.169,215.169,0.68,10.0,0.65,15.0,0.78,4.9,0.79,15.0,0.22,4.9,0.21,15.0,0.32,10.0,0.35,15.0,0.1,0.1,43.57357,1776181414000
1776181416.197,216.197,0.68,10.0,0.65,15.0,0.78,4.9,0.79,15.0,0.22,4.9,0.21,15.0,0.32,10.0,0.35,15.0,0.1,0.1,43.579138,1776181415000
1776181417.392,217.392,0.68,10.0,0.65,15.0,0.78,4.9,0.79,15.0,0.22,4.9,0.21,15.0,0.32,10.0,0.35,15.0,0.1,0.1,43.583713,1776181416000
1776181417.941,217.941,0.68,10.0,0.65,15.0,0.78,4.9,0.79,15.0,0.22,4.9,0.21,15.0,0.32,10.0,0.35,15.0,0.1,0.1,43.583975,1776181417000
1776181419.096,219.096,0.68,10.0,0.65,15.0,0.78,4.9,0.79,15.0,0.22,4.9,0.21,15.0,0.32,10.0,0.35,15.0,0.1,0.1,43.584007,1776181418000
1776181420.368,220.368,0.68,10.0,0.65,15.0,0.78,4.9,0.79,15.0,0.22,4.9,0.21,15.0,0.32,10.0,0.35,15.0,0.1,0.1,43.584007,1776181419000
1776181421.276,221.276,0.68,10.0,0.65,15.0,0.78,4.9,0.79,15.0,0.22,4.9,0.21,15.0,0.32,10.0,0.35,15.0,0.1,0.1,43.583727,1776181420000
1776181422.224,222.224,0.68,10.0,0.65,15.0,0.78,4.9,0.79,15.0,0.22,4.9,0.21,15.0,0.32,10.0,0.35,15.0,0.1,0.1,43.585297,1776181421000
1776181423.232,223.232,0.68,10.0,0.65,15.0,0.78,4.9,0.79,15.0,0.22,4.9,0.21,15.0,0.32,10.0,0.35,15.0,0.1,0.1,43.584373,1776181422000
1776181424.394,224.394,0.68,10.0,0.65,15.0,0.78,4.9,0.79,15.0,0.22,4.9,0.21,15.0,0.32,10.0,0.35,15.0,0.1,0.1,43.584383,1776181423000
1776181425.509,225.509,0.68,10.0,0.65,15.0,0.78,4.9,0.79,15.0,0.22,4.9,0.21,15.0,0.32,10.0,0.35,15.0,0.1,0.1,43.59,1776181424000
1776181426.444,226.444,0.68,10.0,0.65,15.0,0.78,4.9,0.79,15.0,0.22,4.9,0.21,15.0,0.32,10.0,0.35,15.0,0.1,0.1,43.596251,1776181425000
1776181427.047,227.047,0.68,10.0,0.65,15.0,0.78,4.9,0.79,15.0,0.22,4.9,0.21,15.0,0.32,10.0,0.35,15.0,0.1,0.1,43.597178,1776181426000
1776181427.963,227.963,0.68,10.0,0.65,15.0,0.78,4.9,0.79,15.0,0.22,4.9,0.21,15.0,0.32,10.0,0.35,15.0,0.1,0.1,43.597404,1776181427000
1776181429.013,229.013,0.68,10.0,0.65,15.0,0.78,4.9,0.79,15.0,0.22,4.9,0.21,15.0,0.32,10.0,0.35,15.0,0.1,0.1,43.597677,1776181428000
1776181430.058,230.058,0.68,10.0,0.65,15.0,0.78,4.9,0.79,15.0,0.22,4.9,0.21,15.0,0.32,10.0,0.35,15.0,0.1,0.1,43.596642,1776181429000
1776181431.133,231.133,0.68,10.0,0.65,15.0,0.78,4.9,0.79,15.0,0.22,4.9,0.21,15.0,0.32,10.0,0.35,15.0,0.1,0.1,43.596184,1776181430000
1776181432.215,232.215,0.68,10.0,0.65,15.0,0.78,4.9,0.79,15.0,0.22,4.9,0.21,15.0,0.32,10.0,0.35,15.0,0.1,0.1,43.596481,1776181431000
1776181433.163,233.163,0.68,10.0,0.65,15.0,0.78,4.9,0.79,15.0,0.22,4.9,0.21,15.0,0.32,10.0,0.35,15.0,0.1,0.1,43.59534,1776181432000
1776181434.201,234.201,0.68,10.0,0.65,15.0,0.78,4.9,0.79,15.0,0.22,4.9,0.21,15.0,0.32,10.0,0.35,15.0,0.1,0.1,43.596217,1776181433000
1776181435.168,235.168,0.68,10.0,0.65,15.0,0.78,4.9,0.79,15.0,0.22,4.9,0.21,15.0,0.32,10.0,0.35,15.0,0.1,0.1,43.596126,1776181434000
1776181436.138,236.138,0.68,10.0,0.65,15.0,0.78,4.9,0.79,15.0,0.22,4.9,0.21,15.0,0.32,10.0,0.35,15.0,0.1,0.1,43.600107,1776181435000
1776181437.222,237.222,0.68,10.0,0.65,15.0,0.78,4.9,0.79,15.0,0.22,4.9,0.21,15.0,0.32,10.0,0.35,15.0,0.1,0.1,43.60429,1776181436000
1776181438.228,238.228,0.68,10.0,0.65,15.0,0.78,4.9,0.79,15.0,0.22,4.9,0.21,15.0,0.32,10.0,0.35,15.0,0.1,0.1,43.6042,1776181437000
1776181439.674,239.674,0.68,10.0,0.65,15.0,0.78,4.9,0.79,15.0,0.22,4.9,0.21,15.0,0.32,10.0,0.35,15.0,0.1,0.1,43.608735,1776181438000
1776181440.306,240.306,0.68,10.0,0.65,15.0,0.78,4.9,0.79,15.0,0.22,4.9,0.21,15.0,0.32,10.0,0.35,15.0,0.1,0.1,43.609485,1776181439000
1776181441.029,241.029,0.94,15.0,0.93,15.0,0.96,3.95,0.98,25.0,0.22,4.9,0.21,15.0,0.32,10.0,0.35,15.0,0.02,0.1,43.609485,1776181439000
1776181442.334,242.334,0.94,27.0,0.93,15.0,0.96,0.82,0.98,25.0,0.04,0.82,0.02,25.0,0.06,27.0,0.07,15.0,0.02,0.02,43.628356,1776181441000
1776181442.819,242.819,0.95,20.0,0.94,27.0,0.98,9.78,0.99,240.0,0.04,0.82,0.02,25.0,0.06,27.0,0.07,15.0,0.03,0.02,43.628356,1776181441000
1776181443.076,243.076,0.95,20.0,0.94,27.0,0.98,9.78,0.99,240.0,0.02,9.78,0.01,240.0,0.05,20.0,0.06,27.0,0.03,0.03,43.631315,1776181442000
1776181443.912,243.912,0.95,20.0,0.94,27.0,0.98,8.75,0.99,240.0,0.02,8.75,0.01,240.0,0.05,20.0,0.06,27.0,0.03,0.03,43.63548,1776181443000
1776181444.239,244.239,0.95,5.0,0.94,27.0,0.98,22.72,0.99,240.0,0.02,8.75,0.01,240.0,0.05,20.0,0.06,27.0,0.03,0.03,43.63548,1776181443000
1776181444.558,244.558,0.95,5.0,0.94,15.0,0.97,12.92,0.98,19.63,0.03,13.96,0.02,19.63,0.05,5.0,0.06,15.0,0.02,0.02,43.63548,1776181443000
1776181444.833,244.833,0.95,5.0,0.94,15.0,0.97,0.55,0.98,19.63,0.03,12.92,0.02,19.63,0.05,5.0,0.06,15.0,0.02,0.02,43.63548,1776181443000
1776181445.208,245.208,0.95,5.0,0.94,15.0,0.98,13.02,0.99,240.0,0.02,18.12,0.01,240.0,0.05,5.0,0.06,15.0,0.03,0.03,43.641438,1776181444000
1776181445.511,245.511,0.95,5.0,0.94,15.0,0.98,6.44,0.99,240.0,0.03,9.84,0.02,13.02,0.05,5.0,0.06,15.0,0.03,0.02,43.641438,1776181444000
1776181445.72,245.72,0.95,5.0,0.94,15.0,0.97,13.96,0.98,6.44,0.02,6.44,0.01,240.0,0.05,5.0,0.06,15.0,0.02,0.03,43.641438,1776181444000
1776181445.944,245.944,0.95,5.0,0.94,15.0,0.97,13.96,0.98,6.44,0.03,13.96,0.02,6.44,0.05,5.0,0.06,15.0,0.02,0.02,43.6396,1776181445000
1776181447.046,247.046,0.95,5.0,0.94,15.0,0.97,13.96,0.98,6.44,0.03,13.96,0.02,6.44,0.05,5.0,0.06,15.0,0.02,0.02,43.637747,1776181446000
1776181447.904,247.904,0.96,15.0,0.95,20.0,0.98,12.96,0.99,240.0,0.03,13.96,0.02,6.44,0.05,5.0,0.06,15.0,0.02,0.02,43.637747,1776181446000
1776181449.131,249.131,0.96,15.0,0.95,20.0,0.98,12.96,0.99,240.0,0.02,12.96,0.01,240.0,0.04,15.0,0.05,20.0,0.02,0.02,43.637317,1776181448000
1776181450.139,250.139,0.96,15.0,0.95,20.0,0.98,12.96,0.99,240.0,0.02,12.96,0.01,240.0,0.04,15.0,0.05,20.0,0.02,0.02,43.638837,1776181449000
1776181451.161,251.161,0.96,15.0,0.95,20.0,0.98,12.96,0.99,240.0,0.02,12.96,0.01,240.0,0.04,15.0,0.05,20.0,0.02,0.02,43.636444,1776181450000
1776181452.191,252.191,0.96,15.0,0.95,20.0,0.98,12.96,0.99,240.0,0.02,12.96,0.01,240.0,0.04,15.0,0.05,20.0,0.02,0.02,43.635855,1776181451000
1776181453.069,253.069,0.95,20.0,0.94,15.0,0.98,4.79,0.99,273.76,0.02,12.96,0.01,240.0,0.04,15.0,0.05,20.0,0.03,0.02,43.635855,1776181451000
1776181453.35,253.35,0.95,20.0,0.94,15.0,0.98,4.79,0.99,273.76,0.02,4.79,0.01,273.76,0.05,20.0,0.06,15.0,0.03,0.03,43.634906,1776181452000
1776181454.23,254.23,0.95,5.0,0.91,15.0,0.96,13.95,0.97,15.0,0.02,4.79,0.01,273.76,0.05,20.0,0.06,15.0,0.01,0.03,43.634906,1776181452000
1776181454.582,254.582,0.95,5.0,0.91,15.0,0.96,12.9,0.97,15.0,0.04,12.9,0.03,15.0,0.05,5.0,0.09,15.0,0.01,0.01,43.63088,1776181453000
1776181455.179,255.179,0.95,5.0,0.91,15.0,0.96,12.9,0.97,15.0,0.04,12.9,0.03,15.0,0.05,5.0,0.09,15.0,0.01,0.01,43.63088,1776181454000
1776181456.349,256.349,0.95,5.0,0.91,15.0,0.96,12.9,0.97,15.0,0.04,12.9,0.03,15.0,0.05,5.0,0.09,15.0,0.01,0.01,43.620345,1776181455000
1776181456.956,256.956,0.95,5.0,0.91,15.0,0.96,12.9,0.97,15.0,0.04,12.9,0.03,15.0,0.05,5.0,0.09,15.0,0.01,0.01,43.619003,1776181456000
1776181458.289,258.289,0.95,5.0,0.91,15.0,0.96,12.9,0.97,15.0,0.04,12.9,0.03,15.0,0.05,5.0,0.09,15.0,0.01,0.01,43.59825,1776181457000
1776181459.046,259.046,0.95,5.0,0.91,15.0,0.96,12.9,0.97,15.0,0.04,12.9,0.03,15.0,0.05,5.0,0.09,15.0,0.01,0.01,43.597854,1776181458000
1776181460.022,260.022,0.95,5.0,0.91,15.0,0.96,12.9,0.97,15.0,0.04,12.9,0.03,15.0,0.05,5.0,0.09,15.0,0.01,0.01,43.597481,1776181459000
1776181461.109,261.109,0.95,5.0,0.91,15.0,0.96,12.9,0.97,15.0,0.04,12.9,0.03,15.0,0.05,5.0,0.09,15.0,0.01,0.01,43.599343,1776181460000
1776181462.112,262.112,0.95,5.0,0.88,15.0,0.96,7.8,0.97,15.0,0.04,12.9,0.03,15.0,0.05,5.0,0.09,15.0,0.01,0.01,43.599343,1776181460000
1776181463.426,263.426,0.95,5.0,0.88,15.0,0.96,7.8,0.97,15.0,0.04,7.8,0.03,15.0,0.05,5.0,0.12,15.0,0.01,0.01,43.598897,1776181462000
1776181464.153,264.153,0.95,5.0,0.88,15.0,0.96,7.8,0.97,15.0,0.04,7.8,0.03,15.0,0.05,5.0,0.12,15.0,0.01,0.01,43.601325,1776181463000
1776181464.396,264.396,0.95,5.0,0.9,15.0,0.97,14.32,0.98,4.79,0.04,7.8,0.03,15.0,0.05,5.0,0.12,15.0,0.02,0.01,43.601325,1776181463000
1776181465.225,265.225,0.95,5.0,0.9,15.0,0.97,14.32,0.98,4.79,0.03,14.32,0.02,4.79,0.05,5.0,0.1,15.0,0.02,0.02,43.602782,1776181464000
1776181466.283,266.283,0.95,5.0,0.9,15.0,0.97,14.32,0.98,4.79,0.03,14.32,0.02,4.79,0.05,5.0,0.1,15.0,0.02,0.02,43.602637,1776181465000
1776181467.44,267.44,0.95,5.0,0.9,15.0,0.97,14.32,0.98,4.79,0.03,14.32,0.02,4.79,0.05,5.0,0.1,15.0,0.02,0.02,43.602637,1776181466000
1776181468.427,268.427,0.95,5.0,0.9,15.0,0.97,14.32,0.98,4.79,0.03,14.32,0.02,4.79,0.05,5.0,0.1,15.0,0.02,0.02,43.60335,1776181467000
1776181469.429,269.429,0.95,5.0,0.9,15.0,0.97,14.32,0.98,4.79,0.03,14.32,0.02,4.79,0.05,5.0,0.1,15.0,0.02,0.02,43.605791,1776181468000
1776181469.913,269.913,0.95,5.0,0.9,15.0,0.97,14.32,0.98,4.79,0.03,14.32,0.02,4.79,0.05,5.0,0.1,15.0,0.02,0.02,43.607737,1776181469000
1776181470.623,270.623,0.97,20.0,0.96,15.0,0.99,258.61,,,0.03,14.32,0.02,4.79,0.05,5.0,0.1,15.0,0.02,0.02,43.607737,1776181469000
1776181470.894,270.894,0.97,20.0,0.96,15.0,0.99,243.51,,,0.01,248.51,,,0.03,20.0,0.04,15.0,0.02,0.02,43.607737,1776181469000
1776181471.988,271.988,0.97,20.0,0.96,15.0,0.99,243.51,,,0.01,243.51,,,0.03,20.0,0.04,15.0,0.02,0.02,43.610551,1776181471000
1776181473.097,273.097,0.97,20.0,0.96,15.0,0.99,243.51,,,0.01,243.51,,,0.03,20.0,0.04,15.0,0.02,0.02,43.61903,1776181472000
1776181473.727,273.727,0.98,5.0,0.97,20.0,0.99,210.18,,,0.01,243.51,,,0.03,20.0,0.04,15.0,0.01,0.02,43.61903,1776181472000
1776181474.232,274.232,0.98,5.0,0.97,20.0,0.99,208.15,,,0.01,208.15,,,0.02,5.0,0.03,20.0,0.01,0.01,43.619126,1776181473000
1776181474.7,274.7,0.98,5.0,0.97,20.0,0.99,207.13,,,0.01,208.15,,,0.02,5.0,0.03,20.0,0.01,0.01,43.619126,1776181473000
1776181475.278,275.278,0.98,5.0,0.97,20.0,0.99,207.13,,,0.01,207.13,,,0.02,5.0,0.03,20.0,0.01,0.01,43.617444,1776181474000
1776181476.335,276.335,0.98,5.0,0.97,20.0,0.99,207.13,,,0.01,207.13,,,0.02,5.0,0.03,20.0,0.01,0.01,43.616889,1776181475000
1776181477.328,277.328,0.98,5.0,0.97,20.0,0.99,207.13,,,0.01,207.13,,,0.02,5.0,0.03,20.0,0.01,0.01,43.617102,1776181476000
1776181478.215,278.215,0.98,5.0,0.97,5.0,0.99,162.13,,,0.01,207.13,,,0.02,5.0,0.03,20.0,0.01,0.01,43.617102,1776181476000
1776181478.939,278.939,0.98,5.0,0.97,5.0,0.99,162.13,,,0.01,162.13,,,0.02,5.0,0.03,5.0,0.01,0.01,43.616765,1776181478000
1776181480.035,280.035,0.98,5.0,0.97,5.0,0.99,162.13,,,0.01,162.13,,,0.02,5.0,0.03,5.0,0.01,0.01,43.616765,1776181479000
1776181480.984,280.984,0.98,5.0,0.97,5.0,0.99,162.13,,,0.01,162.13,,,0.02,5.0,0.03,5.0,0.01,0.01,43.618591,1776181480000
1776181482.359,282.359,0.98,5.0,0.97,5.0,0.99,146.27,,,0.01,146.27,,,0.02,5.0,0.03,5.0,0.01,0.01,43.625688,1776181481000
1776181482.935,282.935,0.98,5.0,0.97,5.0,0.99,146.27,,,0.01,146.27,,,0.02,5.0,0.03,5.0,0.01,0.01,43.635402,1776181482000
1776181483.242,283.242,0.98,5.0,0.97,5.0,0.99,141.27,,,0.01,146.27,,,0.02,5.0,0.03,5.0,0.01,0.01,43.635402,1776181482000
1776181483.909,283.909,0.98,5.0,0.97,5.0,0.99,141.27,,,0.01,141.27,,,0.02,5.0,0.03,5.0,0.01,0.01,43.634291,1776181483000
1776181484.672,284.672,0.98,5.0,0.97,5.0,0.99,131.17,,,0.01,141.27,,,0.02,5.0,0.03,5.0,0.01,0.01,43.634291,1776181483000
1776181484.874,284.874,0.98,5.0,0.97,5.0,0.99,131.17,,,0.01,131.17,,,0.02,5.0,0.03,5.0,0.01,0.01,43.635601,1776181484000
1776181485.479,285.479,0.98,5.0,0.97,5.0,0.99,126.17,,,0.01,131.17,,,0.02,5.0,0.03,5.0,0.01,0.01,43.635601,1776181484000
1776181485.905,285.905,0.98,5.0,0.97,5.0,0.99,121.17,,,0.01,121.17,,,0.02,5.0,0.03,5.0,0.01,0.01,43.635601,1776181485000
1776181486.927,286.927,0.98,5.0,0.97,5.0,0.99,121.17,,,0.01,121.17,,,0.02,5.0,0.03,5.0,0.01,0.01,43.636814,1776181486000
1776181487.788,287.788,0.99,878.83,0.98,5.0,,,,,0.01,121.17,,,0.02,5.0,0.03,5.0,,0.01,43.636814,1776181486000
1776181488.103,288.103,0.99,878.83,0.98,5.0,,,,,,,,,0.01,878.83,0.02,5.0,,,43.636767,1776181487000
1776181489.024,289.024,0.99,878.83,0.98,5.0,,,,,,,,,0.01,878.83,0.02,5.0,,,43.636793,1776181488000
1776181489.942,289.942,0.99,878.83,0.98,5.0,,,,,,,,,0.01,878.83,0.02,5.0,,,43.640473,1776181489000
1776181490.973,290.973,0.99,878.83,0.98,5.0,,,,,,,,,0.01,878.83,0.02,5.0,,,43.644697,1776181490000
1776181491.842,291.842,0.99,878.83,0.98,5.0,,,,,,,,,0.01,878.83,0.02,5.0,,,43.648399,1776181491000
1776181492.873,292.873,0.99,878.83,0.98,5.0,,,,,,,,,0.01,878.83,0.02,5.0,,,43.649513,1776181492000
1776181493.401,293.401,0.99,70.7,0.98,5.0,,,,,,,,,0.01,878.83,0.02,5.0,,,43.649513,1776181492000
1776181493.846,293.846,0.99,70.7,0.98,5.0,,,,,,,,,0.01,70.7,0.02,5.0,,,43.649513,1776181493000
1776181495.523,295.523,0.99,70.7,0.98,5.0,,,,,,,,,0.01,70.7,0.02,5.0,,,43.651274,1776181494000
1776181496.804,296.804,0.99,70.7,0.98,5.0,,,,,,,,,0.01,70.7,0.02,5.0,,,43.651274,1776181495000
1776181497.152,297.152,0.99,70.7,0.98,5.0,,,,,,,,,0.01,70.7,0.02,5.0,,,43.651395,1776181496000
1776181498.228,298.228,0.99,70.7,0.98,5.0,,,,,,,,,0.01,70.7,0.02,5.0,,,43.648037,1776181497000
1776181499.435,299.435,0.99,70.7,0.98,5.0,,,,,,,,,0.01,70.7,0.02,5.0,,,43.647514,1776181498000
1776181500.813,300.813,0.99,70.7,0.98,5.0,,,,,,,,,0.01,70.7,0.02,5.0,,,43.650008,1776181499000

# RESULT,winner=Up,slug=hype-updown-5m-1776181200,ticks=310
