timestamp,elapsed_sec,up_bid_p1,up_bid_s1,up_bid_p2,up_bid_s2,up_ask_p1,up_ask_s1,up_ask_p2,up_ask_s2,down_bid_p1,down_bid_s1,down_bid_p2,down_bid_s2,down_ask_p1,down_ask_s1,down_ask_p2,down_ask_s2,up_spread,down_spread,hype_price,hype_oracle_ts
1776244211.271,11.271,0.5,5.0,0.49,5.0,0.51,10.0,0.52,5.0,0.49,10.0,0.48,5.0,0.5,5.0,0.51,5.0,0.01,0.01,43.616733,1776244210000
1776244211.593,11.593,0.5,5.0,0.49,5.0,0.51,10.0,0.52,5.0,0.49,10.0,0.48,5.0,0.5,5.0,0.51,5.0,0.01,0.01,43.616733,1776244210000
1776244212.446,12.446,0.5,5.0,0.49,5.0,0.51,10.0,0.52,5.0,0.49,10.0,0.48,5.0,0.5,5.0,0.51,5.0,0.01,0.01,43.616622,1776244211000
1776244212.897,12.897,0.5,5.0,0.49,5.0,0.51,10.0,0.52,5.0,0.49,10.0,0.48,5.0,0.5,5.0,0.51,5.0,0.01,0.01,43.616622,1776244212000
1776244214.074,14.074,0.5,5.0,0.49,5.0,0.51,10.0,0.52,5.0,0.49,10.0,0.48,5.0,0.5,5.0,0.51,5.0,0.01,0.01,43.616622,1776244213000
1776244215.155,15.155,0.5,5.0,0.49,5.0,0.51,10.0,0.52,5.0,0.49,10.0,0.48,5.0,0.5,5.0,0.51,5.0,0.01,0.01,43.616631,1776244214000
1776244215.858,15.858,0.5,5.0,0.49,5.0,0.51,10.0,0.52,5.0,0.49,10.0,0.48,5.0,0.5,5.0,0.51,5.0,0.01,0.01,43.616631,1776244215000
1776244217.037,17.037,0.5,5.0,0.49,5.0,0.51,10.0,0.52,5.0,0.49,10.0,0.48,5.0,0.5,5.0,0.51,5.0,0.01,0.01,43.616533,1776244216000
1776244218.154,18.154,0.5,5.0,0.49,5.0,0.51,10.0,0.52,5.0,0.49,10.0,0.48,5.0,0.5,5.0,0.51,5.0,0.01,0.01,43.616533,1776244217000
1776244219.256,19.256,0.5,5.0,0.49,5.0,0.51,10.0,0.52,5.0,0.49,10.0,0.48,5.0,0.5,5.0,0.51,5.0,0.01,0.01,43.616534,1776244218000
1776244220.306,20.306,0.5,5.0,0.49,5.0,0.51,10.0,0.52,5.0,0.49,10.0,0.48,5.0,0.5,5.0,0.51,5.0,0.01,0.01,43.616534,1776244219000
1776244221.423,21.423,0.5,5.0,0.49,5.0,0.51,10.0,0.52,5.0,0.49,10.0,0.48,5.0,0.5,5.0,0.51,5.0,0.01,0.01,43.616534,1776244220000
1776244222.339,22.339,0.5,5.0,0.49,5.0,0.51,10.0,0.52,5.0,0.49,10.0,0.48,5.0,0.5,5.0,0.51,5.0,0.01,0.01,43.616588,1776244221000
1776244223.4,23.4,0.5,5.0,0.49,5.0,0.51,10.0,0.52,5.0,0.49,10.0,0.48,5.0,0.5,5.0,0.51,5.0,0.01,0.01,43.616569,1776244222000
1776244224.042,24.042,0.5,5.0,0.49,5.0,0.51,10.0,0.52,5.0,0.49,10.0,0.48,5.0,0.5,5.0,0.51,5.0,0.01,0.01,43.616569,1776244223000
1776244225.329,25.329,0.5,5.0,0.49,5.0,0.51,10.0,0.52,5.0,0.49,10.0,0.48,5.0,0.5,5.0,0.51,5.0,0.01,0.01,43.616068,1776244224000
1776244226.382,26.382,0.5,5.0,0.49,5.0,0.51,10.0,0.52,5.0,0.49,10.0,0.48,5.0,0.5,5.0,0.51,5.0,0.01,0.01,43.615986,1776244225000
1776244226.947,26.947,0.5,5.0,0.49,5.0,0.51,10.0,0.52,5.0,0.49,10.0,0.48,5.0,0.5,5.0,0.51,5.0,0.01,0.01,43.615856,1776244226000
1776244227.887,27.887,0.5,5.0,0.49,5.0,0.51,10.0,0.52,5.0,0.49,10.0,0.48,5.0,0.5,5.0,0.51,5.0,0.01,0.01,43.615892,1776244227000
1776244228.971,28.971,0.5,5.0,0.49,5.0,0.51,10.0,0.52,5.0,0.49,10.0,0.48,5.0,0.5,5.0,0.51,5.0,0.01,0.01,43.615892,1776244228000
1776244230.09,30.09,0.5,5.0,0.49,5.0,0.51,10.0,0.52,5.0,0.49,10.0,0.48,5.0,0.5,5.0,0.51,5.0,0.01,0.01,43.615725,1776244229000
1776244231.031,31.031,0.5,5.0,0.49,5.0,0.51,10.0,0.52,5.0,0.49,10.0,0.48,5.0,0.5,5.0,0.51,5.0,0.01,0.01,43.615476,1776244230000
1776244231.99,31.99,0.5,5.0,0.49,5.0,0.51,10.0,0.52,5.0,0.49,10.0,0.48,5.0,0.5,5.0,0.51,5.0,0.01,0.01,43.615411,1776244231000
1776244232.972,32.972,0.5,5.0,0.49,5.0,0.51,10.0,0.52,5.0,0.49,10.0,0.48,5.0,0.5,5.0,0.51,5.0,0.01,0.01,43.615244,1776244232000
1776244234.022,34.022,0.5,5.0,0.49,5.0,0.51,10.0,0.52,5.0,0.49,10.0,0.48,5.0,0.5,5.0,0.51,5.0,0.01,0.01,43.615244,1776244233000
1776244234.369,34.369,0.33,5.0,0.32,5.0,0.36,5.0,0.37,5.0,0.49,10.0,0.48,5.0,0.5,5.0,0.51,5.0,0.03,0.01,43.615244,1776244233000
1776244234.97,34.97,0.33,5.0,0.32,5.0,0.36,5.0,0.37,5.0,0.64,5.0,0.63,5.0,0.67,5.0,0.68,5.0,0.03,0.03,43.615325,1776244234000
1776244235.985,35.985,0.33,5.0,0.32,5.0,0.36,5.0,0.37,5.0,0.64,5.0,0.63,5.0,0.67,5.0,0.68,5.0,0.03,0.03,43.615918,1776244235000
1776244236.405,36.405,0.25,6.0,0.2,5.0,0.28,5.0,0.29,5.0,0.64,5.0,0.63,5.0,0.67,5.0,0.68,5.0,0.03,0.03,43.615918,1776244235000
1776244236.944,36.944,0.25,6.0,0.2,5.0,0.28,5.0,0.29,5.0,0.72,5.0,0.71,5.0,0.75,6.0,0.8,5.0,0.03,0.03,43.61349,1776244236000
1776244237.424,37.424,0.25,5.0,0.24,10.0,0.28,5.0,0.29,5.0,0.72,5.0,0.71,5.0,0.75,6.0,0.8,5.0,0.03,0.03,43.61349,1776244236000
1776244237.919,37.919,0.25,5.0,0.24,10.0,0.28,5.0,0.29,5.0,0.72,5.0,0.71,5.0,0.75,5.0,0.76,10.0,0.03,0.03,43.608511,1776244237000
1776244239.462,39.462,0.25,5.0,0.24,10.0,0.28,5.0,0.29,5.0,0.72,5.0,0.71,5.0,0.75,5.0,0.76,10.0,0.03,0.03,43.594107,1776244238000
1776244240.431,40.431,0.25,5.0,0.24,10.0,0.28,5.0,0.29,5.0,0.72,5.0,0.71,5.0,0.75,5.0,0.76,10.0,0.03,0.03,43.594103,1776244239000
1776244241.486,41.486,0.25,5.0,0.24,10.0,0.28,5.0,0.29,5.0,0.72,5.0,0.71,5.0,0.75,5.0,0.76,10.0,0.03,0.03,43.593769,1776244240000
1776244242.034,42.034,0.25,5.0,0.24,10.0,0.28,5.0,0.29,5.0,0.72,5.0,0.71,5.0,0.75,5.0,0.76,10.0,0.03,0.03,43.593769,1776244241000
1776244243.079,43.079,0.25,5.0,0.24,10.0,0.28,5.0,0.29,5.0,0.72,5.0,0.71,5.0,0.75,5.0,0.76,10.0,0.03,0.03,43.593328,1776244242000
1776244244.241,44.241,0.25,5.0,0.24,10.0,0.28,5.0,0.29,5.0,0.72,5.0,0.71,5.0,0.75,5.0,0.76,10.0,0.03,0.03,43.592956,1776244243000
1776244245.382,45.382,0.25,5.0,0.24,10.0,0.28,5.0,0.29,5.0,0.72,5.0,0.71,5.0,0.75,5.0,0.76,10.0,0.03,0.03,43.592054,1776244244000
1776244245.903,45.903,0.25,5.0,0.24,10.0,0.28,5.0,0.29,5.0,0.72,5.0,0.71,5.0,0.75,5.0,0.76,10.0,0.03,0.03,43.592014,1776244245000
1776244247.106,47.106,0.25,5.0,0.24,10.0,0.28,5.0,0.29,5.0,0.72,5.0,0.71,5.0,0.75,5.0,0.76,10.0,0.03,0.03,43.591396,1776244246000
1776244248.339,48.339,0.25,5.0,0.24,10.0,0.28,5.0,0.29,5.0,0.72,5.0,0.71,5.0,0.75,5.0,0.76,10.0,0.03,0.03,43.591784,1776244247000
1776244249.513,49.513,0.24,15.0,0.23,20.0,0.26,5.0,0.27,5.0,0.74,5.0,0.73,5.0,0.76,15.0,0.77,20.0,0.02,0.02,43.591508,1776244248000
1776244250.15,50.15,0.24,15.0,0.23,20.0,0.26,5.0,0.27,5.0,0.74,5.0,0.73,5.0,0.76,15.0,0.77,20.0,0.02,0.02,43.591479,1776244249000
1776244251.47,51.47,0.24,15.0,0.23,20.0,0.26,5.0,0.27,5.0,0.74,5.0,0.73,5.0,0.76,15.0,0.77,20.0,0.02,0.02,43.591072,1776244250000
1776244252.153,52.153,0.24,15.0,0.23,20.0,0.26,5.0,0.27,5.0,0.74,5.0,0.73,5.0,0.76,15.0,0.77,20.0,0.02,0.02,43.591079,1776244251000
1776244253.253,53.253,0.24,15.0,0.23,20.0,0.26,5.0,0.27,5.0,0.74,5.0,0.73,5.0,0.76,15.0,0.77,20.0,0.02,0.02,43.590939,1776244252000
1776244254.995,54.995,0.24,15.0,0.23,20.0,0.26,5.0,0.27,5.0,0.74,5.0,0.73,5.0,0.76,15.0,0.77,20.0,0.02,0.02,43.590961,1776244253000
1776244255.912,55.912,0.24,15.0,0.23,20.0,0.26,5.0,0.27,5.0,0.74,5.0,0.73,5.0,0.76,15.0,0.77,20.0,0.02,0.02,43.590668,1776244254000
1776244256.81,56.81,0.24,15.0,0.23,20.0,0.26,5.0,0.27,5.0,0.74,5.0,0.73,5.0,0.76,15.0,0.77,20.0,0.02,0.02,43.590386,1776244255000
1776244257.45,57.45,0.24,15.0,0.23,20.0,0.26,5.0,0.27,5.0,0.74,5.0,0.73,5.0,0.76,15.0,0.77,20.0,0.02,0.02,43.590386,1776244256000
1776244258.136,58.136,0.24,15.0,0.23,20.0,0.26,5.0,0.27,5.0,0.74,5.0,0.73,5.0,0.76,15.0,0.77,20.0,0.02,0.02,43.590328,1776244257000
1776244258.37,58.37,0.26,20.0,0.25,20.0,0.29,5.0,0.3,5.0,0.74,5.0,0.73,5.0,0.76,15.0,0.77,20.0,0.03,0.02,43.590328,1776244257000
1776244259.604,59.604,0.26,20.0,0.25,20.0,0.29,5.0,0.3,5.0,0.71,5.0,0.7,5.0,0.74,20.0,0.75,20.0,0.03,0.03,43.590313,1776244258000
1776244260.335,60.335,0.26,20.0,0.25,20.0,0.29,5.0,0.3,5.0,0.71,5.0,0.7,5.0,0.74,20.0,0.75,20.0,0.03,0.03,43.590001,1776244259000
1776244261.758,61.758,0.26,20.0,0.25,20.0,0.29,5.0,0.3,5.0,0.71,5.0,0.7,5.0,0.74,20.0,0.75,20.0,0.03,0.03,43.59001,1776244260000
1776244262.531,62.531,0.26,20.0,0.25,20.0,0.29,5.0,0.3,5.0,0.71,5.0,0.7,5.0,0.74,20.0,0.75,20.0,0.03,0.03,43.59001,1776244261000
1776244263.204,63.204,0.26,20.0,0.25,20.0,0.29,5.0,0.3,5.0,0.71,5.0,0.7,5.0,0.74,20.0,0.75,20.0,0.03,0.03,43.588989,1776244262000
1776244264.564,64.564,0.26,20.0,0.25,20.0,0.29,5.0,0.3,5.0,0.71,5.0,0.7,5.0,0.74,20.0,0.75,20.0,0.03,0.03,43.587218,1776244263000
1776244265.355,65.355,0.26,20.0,0.25,20.0,0.29,5.0,0.3,5.0,0.71,5.0,0.7,5.0,0.74,20.0,0.75,20.0,0.03,0.03,43.587218,1776244264000
1776244266.073,66.073,0.26,20.0,0.25,20.0,0.29,5.0,0.3,5.0,0.71,5.0,0.7,5.0,0.74,20.0,0.75,20.0,0.03,0.03,43.586309,1776244265000
1776244267.499,67.499,0.26,20.0,0.25,20.0,0.29,5.0,0.3,5.0,0.71,5.0,0.7,5.0,0.74,20.0,0.75,20.0,0.03,0.03,43.585838,1776244266000
1776244268.12,68.12,0.26,20.0,0.25,20.0,0.29,5.0,0.3,5.0,0.71,5.0,0.7,5.0,0.74,20.0,0.75,20.0,0.03,0.03,43.585838,1776244267000
1776244268.389,68.389,0.23,6.18,0.22,15.0,0.24,5.0,0.25,5.0,0.71,5.0,0.7,5.0,0.74,20.0,0.75,20.0,0.01,0.03,43.585838,1776244267000
1776244269.65,69.65,0.23,6.18,0.22,15.0,0.24,5.0,0.25,5.0,0.76,5.0,0.75,5.0,0.77,6.18,0.78,15.0,0.01,0.01,43.585778,1776244268000
1776244270.469,70.469,0.23,6.18,0.22,15.0,0.24,5.0,0.25,5.0,0.76,5.0,0.75,5.0,0.77,6.18,0.78,15.0,0.01,0.01,43.585778,1776244269000
1776244271.124,71.124,0.23,6.18,0.22,15.0,0.24,5.0,0.25,5.0,0.76,5.0,0.75,5.0,0.77,6.18,0.78,15.0,0.01,0.01,43.585751,1776244270000
1776244272.704,72.704,0.23,6.18,0.22,15.0,0.24,5.0,0.25,5.0,0.76,5.0,0.75,5.0,0.77,6.18,0.78,15.0,0.01,0.01,43.585475,1776244271000
1776244273.825,73.825,0.23,6.18,0.22,15.0,0.24,5.0,0.25,5.0,0.76,5.0,0.75,5.0,0.77,6.18,0.78,15.0,0.01,0.01,43.58551,1776244272000
1776244274.328,74.328,0.23,6.18,0.22,15.0,0.24,5.0,0.25,5.0,0.76,5.0,0.75,5.0,0.77,6.18,0.78,15.0,0.01,0.01,43.58506,1776244273000
1776244274.541,74.541,0.22,9.64,0.21,20.0,0.23,5.0,0.24,5.0,0.76,5.0,0.75,5.0,0.77,6.18,0.78,15.0,0.01,0.01,43.58506,1776244273000
1776244275.316,75.316,0.22,9.64,0.21,20.0,0.23,5.0,0.24,5.0,0.77,5.0,0.76,5.0,0.78,9.64,0.79,20.0,0.01,0.01,43.585032,1776244274000
1776244275.966,75.966,0.22,9.64,0.21,20.0,0.23,5.0,0.24,5.0,0.77,5.0,0.76,5.0,0.78,9.64,0.79,20.0,0.01,0.01,43.585046,1776244275000
1776244276.868,76.868,0.24,4.64,0.23,20.0,0.25,5.0,0.26,5.0,0.75,5.0,0.74,5.0,0.76,4.64,0.77,20.0,0.01,0.01,43.583082,1776244276000
1776244277.855,77.855,0.24,4.64,0.23,20.0,0.25,5.0,0.26,5.0,0.75,5.0,0.74,5.0,0.76,4.64,0.77,20.0,0.01,0.01,43.585909,1776244277000
1776244278.832,78.832,0.24,4.64,0.23,20.0,0.25,5.0,0.26,5.0,0.75,5.0,0.74,5.0,0.76,4.64,0.77,20.0,0.01,0.01,43.585908,1776244278000
1776244280.348,80.348,0.24,4.64,0.23,20.0,0.25,5.0,0.26,5.0,0.75,5.0,0.74,5.0,0.76,4.64,0.77,20.0,0.01,0.01,43.584748,1776244279000
1776244281.238,81.238,0.24,4.64,0.23,20.0,0.25,5.0,0.26,5.0,0.75,5.0,0.74,5.0,0.76,4.64,0.77,20.0,0.01,0.01,43.584546,1776244280000
1776244282.31,82.31,0.24,4.64,0.23,20.0,0.25,5.0,0.26,5.0,0.75,5.0,0.74,5.0,0.76,4.64,0.77,20.0,0.01,0.01,43.583897,1776244281000
1776244283.238,83.238,0.24,4.64,0.23,20.0,0.25,5.0,0.26,5.0,0.75,5.0,0.74,5.0,0.76,4.64,0.77,20.0,0.01,0.01,43.583218,1776244282000
1776244284.23,84.23,0.24,4.64,0.23,20.0,0.25,5.0,0.26,5.0,0.75,5.0,0.74,5.0,0.76,4.64,0.77,20.0,0.01,0.01,43.583388,1776244283000
1776244285.207,85.207,0.24,4.64,0.23,20.0,0.25,5.0,0.26,5.0,0.75,5.0,0.74,5.0,0.76,4.64,0.77,20.0,0.01,0.01,43.583456,1776244284000
1776244286.783,86.783,0.2,15.0,0.19,15.0,0.22,5.0,0.23,5.0,0.78,5.0,0.77,5.0,0.8,15.0,0.81,15.0,0.02,0.02,43.583499,1776244285000
1776244287.156,87.156,0.2,15.0,0.19,15.0,0.22,5.0,0.23,5.0,0.78,5.0,0.77,5.0,0.8,15.0,0.81,15.0,0.02,0.02,43.583396,1776244286000
1776244288.262,88.262,0.2,15.0,0.19,15.0,0.22,5.0,0.23,5.0,0.78,5.0,0.77,5.0,0.8,15.0,0.81,15.0,0.02,0.02,43.584394,1776244287000
1776244289.249,89.249,0.2,15.0,0.19,15.0,0.22,5.0,0.23,5.0,0.78,5.0,0.77,5.0,0.8,15.0,0.81,15.0,0.02,0.02,43.584394,1776244288000
1776244290.341,90.341,0.2,15.0,0.19,15.0,0.22,5.0,0.23,5.0,0.78,5.0,0.77,5.0,0.8,15.0,0.81,15.0,0.02,0.02,43.584406,1776244289000
1776244290.995,90.995,0.2,15.0,0.19,15.0,0.22,5.0,0.23,5.0,0.78,5.0,0.77,5.0,0.8,15.0,0.81,15.0,0.02,0.02,43.584406,1776244290000
1776244292.012,92.012,0.2,15.0,0.19,15.0,0.22,5.0,0.23,5.0,0.78,5.0,0.77,5.0,0.8,15.0,0.81,15.0,0.02,0.02,43.584457,1776244291000
1776244293.093,93.093,0.2,15.0,0.19,15.0,0.22,5.0,0.23,5.0,0.78,5.0,0.77,5.0,0.8,15.0,0.81,15.0,0.02,0.02,43.584291,1776244292000
1776244294.069,94.069,0.2,15.0,0.19,15.0,0.22,5.0,0.23,5.0,0.78,5.0,0.77,5.0,0.8,15.0,0.81,15.0,0.02,0.02,43.58445,1776244293000
1776244295.165,95.165,0.2,15.0,0.19,15.0,0.22,5.0,0.23,5.0,0.78,5.0,0.77,5.0,0.8,15.0,0.81,15.0,0.02,0.02,43.584641,1776244294000
1776244296.224,96.224,0.2,15.0,0.19,15.0,0.22,5.0,0.23,5.0,0.78,5.0,0.77,5.0,0.8,15.0,0.81,15.0,0.02,0.02,43.58461,1776244295000
1776244296.481,96.481,0.21,5.0,0.2,20.0,0.22,5.0,0.23,5.0,0.78,5.0,0.77,5.0,0.8,15.0,0.81,15.0,0.01,0.02,43.58461,1776244295000
1776244297.247,97.247,0.21,5.0,0.2,20.0,0.22,5.0,0.23,5.0,0.78,5.0,0.77,5.0,0.79,5.0,0.8,20.0,0.01,0.01,43.58461,1776244296000
1776244298.352,98.352,0.21,5.0,0.2,20.0,0.22,5.0,0.23,5.0,0.78,5.0,0.77,5.0,0.79,5.0,0.8,20.0,0.01,0.01,43.583589,1776244297000
1776244298.572,98.572,0.17,20.0,0.16,20.0,0.19,5.0,0.2,5.0,0.78,5.0,0.77,5.0,0.79,5.0,0.8,20.0,0.02,0.01,43.583589,1776244297000
1776244298.953,98.953,0.17,20.0,0.16,20.0,0.19,5.0,0.2,5.0,0.81,5.0,0.8,5.0,0.83,20.0,0.84,20.0,0.02,0.02,43.583589,1776244298000
1776244300.583,100.583,0.17,20.0,0.16,20.0,0.19,5.0,0.2,5.0,0.81,5.0,0.8,5.0,0.83,20.0,0.84,20.0,0.02,0.02,43.58346,1776244299000
1776244301.131,101.131,0.17,20.0,0.16,20.0,0.19,5.0,0.2,5.0,0.81,5.0,0.8,5.0,0.83,20.0,0.84,20.0,0.02,0.02,43.582926,1776244300000
1776244301.413,101.413,0.17,20.0,0.16,20.0,0.19,5.0,0.2,5.0,0.81,5.0,0.8,5.0,0.83,20.0,0.84,20.0,0.02,0.02,43.582926,1776244300000
1776244302.17,102.17,0.17,20.0,0.16,20.0,0.19,5.0,0.2,5.0,0.81,5.0,0.8,5.0,0.83,20.0,0.84,20.0,0.02,0.02,43.582233,1776244301000
1776244303.292,103.292,0.17,20.0,0.16,20.0,0.19,5.0,0.2,5.0,0.81,5.0,0.8,5.0,0.83,20.0,0.84,20.0,0.02,0.02,43.582233,1776244302000
1776244304.355,104.355,0.17,20.0,0.16,20.0,0.19,5.0,0.2,5.0,0.81,5.0,0.8,5.0,0.83,20.0,0.84,20.0,0.02,0.02,43.582502,1776244303000
1776244305.406,105.406,0.17,20.0,0.16,20.0,0.19,5.0,0.2,5.0,0.81,5.0,0.8,5.0,0.83,20.0,0.84,20.0,0.02,0.02,43.582694,1776244304000
1776244306.005,106.005,0.17,20.0,0.16,20.0,0.19,5.0,0.2,5.0,0.81,5.0,0.8,5.0,0.83,20.0,0.84,20.0,0.02,0.02,43.58288,1776244305000
1776244306.988,106.988,0.17,20.0,0.16,20.0,0.19,5.0,0.2,5.0,0.81,5.0,0.8,5.0,0.83,20.0,0.84,20.0,0.02,0.02,43.583213,1776244306000
1776244307.356,107.356,0.17,15.0,0.16,15.0,0.19,5.0,0.2,5.0,0.81,5.0,0.8,5.0,0.83,20.0,0.84,20.0,0.02,0.02,43.583213,1776244306000
1776244308.176,108.176,0.17,15.0,0.16,15.0,0.19,5.0,0.2,5.0,0.81,5.0,0.8,5.0,0.83,15.0,0.84,15.0,0.02,0.02,43.582903,1776244307000
1776244309.206,109.206,0.17,15.0,0.16,15.0,0.19,5.0,0.2,5.0,0.81,5.0,0.8,5.0,0.83,15.0,0.84,15.0,0.02,0.02,43.582773,1776244308000
1776244310.299,110.299,0.17,15.0,0.16,15.0,0.19,5.0,0.2,5.0,0.81,5.0,0.8,5.0,0.83,15.0,0.84,15.0,0.02,0.02,43.580799,1776244309000
1776244311.257,111.257,0.17,15.0,0.16,15.0,0.19,5.0,0.2,5.0,0.81,5.0,0.8,5.0,0.83,15.0,0.84,15.0,0.02,0.02,43.577453,1776244310000
1776244312.378,112.378,0.17,15.0,0.16,15.0,0.19,5.0,0.2,5.0,0.81,5.0,0.8,5.0,0.83,15.0,0.84,15.0,0.02,0.02,43.577519,1776244311000
1776244313.353,113.353,0.17,15.0,0.16,15.0,0.19,5.0,0.2,5.0,0.81,5.0,0.8,5.0,0.83,15.0,0.84,15.0,0.02,0.02,43.577074,1776244312000
1776244314.557,114.557,0.17,15.0,0.16,15.0,0.19,5.0,0.2,5.0,0.81,5.0,0.8,5.0,0.83,15.0,0.84,15.0,0.02,0.02,43.577032,1776244313000
1776244315.167,115.167,0.17,15.0,0.16,15.0,0.19,5.0,0.2,5.0,0.81,5.0,0.8,5.0,0.83,15.0,0.84,15.0,0.02,0.02,43.577038,1776244314000
1776244316.412,116.412,0.16,7.5,0.15,15.0,0.17,5.0,0.18,5.0,0.81,5.0,0.8,5.0,0.83,15.0,0.84,15.0,0.01,0.02,43.577038,1776244314000
1776244319.354,119.354,0.14,20.0,0.13,20.0,0.16,5.0,0.17,5.0,0.83,5.0,0.82,5.0,0.84,7.5,0.85,15.0,0.02,0.01,43.577038,1776244314000
1776244321.533,121.533,0.14,10.0,0.13,20.0,0.16,5.0,0.17,5.0,0.84,5.0,0.83,5.0,0.86,20.0,0.87,20.0,0.02,0.02,43.577038,1776244314000
1776244323.091,123.091,0.14,5.0,0.13,20.0,0.16,5.0,0.17,5.0,0.84,5.0,0.83,5.0,0.86,10.0,0.87,20.0,0.02,0.02,43.577038,1776244314000
1776244323.338,123.338,0.14,5.0,0.13,20.0,0.16,5.0,0.17,5.0,0.84,5.0,0.83,5.0,0.86,5.0,0.87,20.0,0.02,0.02,43.575239,1776244322000
1776244324.032,124.032,0.14,5.0,0.13,20.0,0.16,5.0,0.17,5.0,0.84,5.0,0.83,5.0,0.86,5.0,0.87,20.0,0.02,0.02,43.575236,1776244323000
1776244325.076,125.076,0.14,5.0,0.13,20.0,0.16,5.0,0.17,5.0,0.84,5.0,0.83,5.0,0.86,5.0,0.87,20.0,0.02,0.02,43.575652,1776244324000
1776244325.28,125.28,0.15,20.0,0.14,10.0,0.16,5.0,0.17,5.0,0.84,5.0,0.83,5.0,0.86,5.0,0.87,20.0,0.01,0.02,43.575652,1776244324000
1776244326.186,126.186,0.15,20.0,0.14,10.0,0.16,5.0,0.17,5.0,0.84,5.0,0.83,5.0,0.85,20.0,0.86,10.0,0.01,0.01,43.575616,1776244325000
1776244327.36,127.36,0.15,20.0,0.14,10.0,0.16,5.0,0.17,5.0,0.84,5.0,0.83,5.0,0.85,20.0,0.86,10.0,0.01,0.01,43.577001,1776244326000
1776244327.997,127.997,0.13,10.0,0.12,20.0,0.16,10.0,0.17,5.0,0.84,10.0,0.83,5.0,0.87,10.0,0.88,20.0,0.03,0.03,43.577108,1776244327000
1776244329.583,129.583,0.13,10.0,0.12,20.0,0.16,10.0,0.17,5.0,0.84,10.0,0.83,5.0,0.87,10.0,0.88,20.0,0.03,0.03,43.576724,1776244328000
1776244330.3,130.3,0.14,15.0,0.13,5.0,0.16,7.0,0.17,5.0,0.84,10.0,0.83,5.0,0.87,10.0,0.88,20.0,0.02,0.03,43.576724,1776244328000
1776244330.921,130.921,0.14,15.0,0.13,5.0,0.16,7.0,0.17,5.0,0.84,7.0,0.83,5.0,0.86,15.0,0.87,5.0,0.02,0.02,43.576436,1776244330000
1776244331.564,131.564,0.13,10.0,0.12,20.0,0.14,5.0,0.15,5.0,0.84,7.0,0.83,5.0,0.86,15.0,0.87,5.0,0.01,0.02,43.576436,1776244330000
1776244332.396,132.396,0.13,10.0,0.12,20.0,0.14,5.0,0.15,5.0,0.86,5.0,0.85,5.0,0.87,10.0,0.88,20.0,0.01,0.01,43.580876,1776244331000
1776244333.08,133.08,0.13,10.0,0.12,20.0,0.14,5.0,0.15,5.0,0.86,5.0,0.85,5.0,0.87,10.0,0.88,20.0,0.01,0.01,43.580876,1776244332000
1776244334.353,134.353,0.13,10.0,0.12,20.0,0.14,5.0,0.15,5.0,0.86,5.0,0.85,5.0,0.87,10.0,0.88,20.0,0.01,0.01,43.58039,1776244333000
1776244335.177,135.177,0.13,10.0,0.12,20.0,0.14,5.0,0.15,5.0,0.86,5.0,0.85,5.0,0.87,10.0,0.88,20.0,0.01,0.01,43.580089,1776244334000
1776244336.495,136.495,0.12,15.0,0.11,20.0,0.14,10.0,0.15,5.0,0.86,10.0,0.85,5.0,0.88,15.0,0.89,20.0,0.02,0.02,43.579919,1776244335000
1776244337.137,137.137,0.12,15.0,0.11,20.0,0.14,10.0,0.15,5.0,0.86,10.0,0.85,5.0,0.88,15.0,0.89,20.0,0.02,0.02,43.579866,1776244336000
1776244337.418,137.418,0.13,7.6,0.12,20.0,0.14,10.0,0.15,5.0,0.86,10.0,0.85,5.0,0.88,15.0,0.89,20.0,0.01,0.02,43.579866,1776244336000
1776244338.654,138.654,0.13,7.6,0.12,20.0,0.14,10.0,0.15,5.0,0.86,10.0,0.85,5.0,0.87,7.6,0.88,20.0,0.01,0.01,43.579528,1776244337000
1776244339.223,139.223,0.13,7.6,0.12,20.0,0.14,10.0,0.15,5.0,0.86,10.0,0.85,5.0,0.87,7.6,0.88,20.0,0.01,0.01,43.579488,1776244338000
1776244340.694,140.694,0.13,7.6,0.12,20.0,0.14,10.0,0.15,5.0,0.86,10.0,0.85,5.0,0.87,7.6,0.88,20.0,0.01,0.01,43.579272,1776244339000
1776244341.383,141.383,0.13,7.6,0.12,20.0,0.14,10.0,0.15,5.0,0.86,10.0,0.85,5.0,0.87,7.6,0.88,20.0,0.01,0.01,43.579272,1776244340000
1776244342.037,142.037,0.13,7.6,0.12,20.0,0.14,10.0,0.15,5.0,0.86,10.0,0.85,5.0,0.87,7.6,0.88,20.0,0.01,0.01,43.575826,1776244341000
1776244343.42,143.42,0.13,7.6,0.12,20.0,0.14,10.0,0.15,5.0,0.86,10.0,0.85,5.0,0.87,7.6,0.88,20.0,0.01,0.01,43.559032,1776244342000
1776244344.07,144.07,0.13,7.6,0.12,20.0,0.14,10.0,0.15,5.0,0.86,10.0,0.85,5.0,0.87,7.6,0.88,20.0,0.01,0.01,43.556065,1776244343000
1776244344.651,144.651,0.05,35.0,0.04,15.0,0.07,5.0,0.08,5.0,0.86,10.0,0.85,5.0,0.87,7.6,0.88,20.0,0.02,0.01,43.556065,1776244343000
1776244345.566,145.566,0.05,35.0,0.04,15.0,0.07,5.0,0.08,5.0,0.93,5.0,0.92,5.0,0.95,35.0,0.96,15.0,0.02,0.02,43.547475,1776244344000
1776244346.695,146.695,0.05,35.0,0.04,15.0,0.07,5.0,0.08,5.0,0.93,5.0,0.92,5.0,0.95,35.0,0.96,15.0,0.02,0.02,43.547134,1776244345000
1776244347.139,147.139,0.05,35.0,0.04,15.0,0.07,5.0,0.08,5.0,0.93,5.0,0.92,5.0,0.95,35.0,0.96,15.0,0.02,0.02,43.548356,1776244346000
1776244347.421,147.421,0.05,35.0,0.04,15.0,0.07,5.0,0.08,5.0,0.93,5.0,0.92,5.0,0.95,35.0,0.96,15.0,0.02,0.02,43.548356,1776244346000
1776244348.347,148.347,0.05,35.0,0.04,15.0,0.07,5.0,0.08,5.0,0.93,5.0,0.92,5.0,0.95,35.0,0.96,15.0,0.02,0.02,43.54863,1776244347000
1776244349.431,149.431,0.05,35.0,0.04,15.0,0.07,5.0,0.08,5.0,0.93,5.0,0.92,5.0,0.95,35.0,0.96,15.0,0.02,0.02,43.548255,1776244348000
1776244350.442,150.442,0.05,35.0,0.04,15.0,0.07,5.0,0.08,5.0,0.93,5.0,0.92,5.0,0.95,35.0,0.96,15.0,0.02,0.02,43.548224,1776244349000
1776244351.066,151.066,0.05,35.0,0.04,15.0,0.07,5.0,0.08,5.0,0.93,5.0,0.92,5.0,0.95,35.0,0.96,15.0,0.02,0.02,43.547718,1776244350000
1776244352.016,152.016,0.05,35.0,0.04,20.0,0.07,5.0,0.08,5.0,0.93,5.0,0.92,5.0,0.95,35.0,0.96,20.0,0.02,0.02,43.546793,1776244351000
1776244353.057,153.057,0.05,35.0,0.04,20.0,0.07,5.0,0.08,5.0,0.93,5.0,0.92,5.0,0.95,35.0,0.96,20.0,0.02,0.02,43.546583,1776244352000
1776244353.268,153.268,0.05,40.0,0.04,20.0,0.08,20.0,0.09,30.0,0.93,5.0,0.92,5.0,0.95,35.0,0.96,20.0,0.03,0.02,43.546583,1776244352000
1776244354.233,154.233,0.05,40.0,0.04,20.0,0.08,20.0,0.09,30.0,0.92,20.0,0.91,30.0,0.95,40.0,0.96,20.0,0.03,0.03,43.538786,1776244353000
1776244355.152,155.152,0.05,40.0,0.04,20.0,0.08,20.0,0.09,30.0,0.92,20.0,0.91,30.0,0.95,40.0,0.96,20.0,0.03,0.03,43.53917,1776244354000
1776244356.281,156.281,0.05,40.0,0.04,20.0,0.08,20.0,0.09,30.0,0.92,20.0,0.91,30.0,0.95,40.0,0.96,20.0,0.03,0.03,43.539188,1776244355000
1776244357.233,157.233,0.05,40.0,0.04,20.0,0.08,20.0,0.09,30.0,0.92,20.0,0.91,30.0,0.95,40.0,0.96,20.0,0.03,0.03,43.538581,1776244356000
1776244358.277,158.277,0.05,40.0,0.04,20.0,0.08,20.0,0.09,30.0,0.92,20.0,0.91,30.0,0.95,40.0,0.96,20.0,0.03,0.03,43.539417,1776244357000
1776244359.247,159.247,0.05,40.0,0.04,20.0,0.08,20.0,0.09,30.0,0.92,20.0,0.91,30.0,0.95,40.0,0.96,20.0,0.03,0.03,43.542756,1776244358000
1776244360.155,160.155,0.05,40.0,0.04,20.0,0.08,20.0,0.09,30.0,0.92,20.0,0.91,30.0,0.95,40.0,0.96,20.0,0.03,0.03,43.542726,1776244359000
1776244361.211,161.211,0.05,40.0,0.04,20.0,0.08,20.0,0.09,30.0,0.92,20.0,0.91,30.0,0.95,40.0,0.96,20.0,0.03,0.03,43.546271,1776244360000
1776244362.275,162.275,0.05,40.0,0.04,20.0,0.08,20.0,0.09,30.0,0.92,20.0,0.91,30.0,0.95,40.0,0.96,20.0,0.03,0.03,43.546354,1776244361000
1776244363.461,163.461,0.05,40.0,0.04,20.0,0.08,20.0,0.09,30.0,0.92,20.0,0.91,30.0,0.95,40.0,0.96,20.0,0.03,0.03,43.55249,1776244362000
1776244364.401,164.401,0.05,40.0,0.04,20.0,0.08,20.0,0.09,30.0,0.92,20.0,0.91,30.0,0.95,40.0,0.96,20.0,0.03,0.03,43.556474,1776244363000
1776244364.896,164.896,0.05,40.0,0.04,20.0,0.08,20.0,0.09,30.0,0.92,20.0,0.91,30.0,0.95,40.0,0.96,20.0,0.03,0.03,43.56074,1776244364000
1776244365.154,165.154,0.11,20.0,0.1,20.0,0.13,5.0,0.14,10.0,0.92,20.0,0.91,30.0,0.95,40.0,0.96,20.0,0.02,0.03,43.56074,1776244364000
1776244365.897,165.897,0.11,20.0,0.1,20.0,0.13,5.0,0.14,10.0,0.87,5.0,0.86,10.0,0.89,20.0,0.9,20.0,0.02,0.02,43.561604,1776244365000
1776244366.93,166.93,0.11,20.0,0.1,20.0,0.13,5.0,0.14,10.0,0.87,5.0,0.86,10.0,0.89,20.0,0.9,20.0,0.02,0.02,43.561558,1776244366000
1776244367.253,167.253,0.12,5.0,0.11,20.0,0.14,10.0,0.15,5.0,0.87,5.0,0.86,10.0,0.89,20.0,0.9,20.0,0.02,0.02,43.561558,1776244366000
1776244368.05,168.05,0.12,5.0,0.11,20.0,0.14,10.0,0.15,5.0,0.86,10.0,0.85,5.0,0.88,5.0,0.89,20.0,0.02,0.02,43.562861,1776244367000
1776244369.072,169.072,0.12,5.0,0.11,20.0,0.14,10.0,0.15,5.0,0.86,10.0,0.85,5.0,0.88,5.0,0.89,20.0,0.02,0.02,43.562862,1776244368000
1776244370.066,170.066,0.12,5.0,0.11,20.0,0.14,10.0,0.15,5.0,0.86,10.0,0.85,5.0,0.88,5.0,0.89,20.0,0.02,0.02,43.562511,1776244369000
1776244371.047,171.047,0.12,5.0,0.11,20.0,0.14,10.0,0.15,5.0,0.86,10.0,0.85,5.0,0.88,5.0,0.89,20.0,0.02,0.02,43.562732,1776244370000
1776244371.954,171.954,0.13,5.0,0.12,20.0,0.16,2.0,0.27,10.0,0.86,10.0,0.85,5.0,0.88,5.0,0.89,20.0,0.03,0.02,43.562732,1776244370000
1776244372.375,172.375,0.15,5.0,0.14,5.0,0.35,5.0,0.36,5.0,0.84,2.0,0.73,10.0,0.87,5.0,0.88,20.0,0.2,0.03,43.562817,1776244371000
1776244373.599,173.599,0.15,5.0,0.14,5.0,0.35,5.0,0.36,5.0,0.65,5.0,0.64,5.0,0.85,5.0,0.86,5.0,0.2,0.2,43.577625,1776244372000
1776244373.869,173.869,0.3,5.0,0.29,5.0,0.31,5.0,0.32,5.0,0.65,5.0,0.64,5.0,0.85,5.0,0.86,5.0,0.01,0.2,43.577625,1776244372000
1776244374.161,174.161,0.29,5.0,0.28,5.0,0.32,5.0,0.33,15.0,0.69,5.0,0.68,5.0,0.7,5.0,0.71,5.0,0.03,0.01,43.577625,1776244372000
1776244375.216,175.216,0.29,5.0,0.28,5.0,0.32,5.0,0.33,15.0,0.68,5.0,0.67,15.0,0.71,5.0,0.72,5.0,0.03,0.03,43.595422,1776244374000
1776244375.484,175.484,0.28,0.87,0.27,5.0,0.33,5.0,0.34,5.0,0.68,5.0,0.67,15.0,0.71,5.0,0.72,5.0,0.05,0.03,43.595422,1776244374000
1776244376.36,176.36,0.28,0.87,0.27,5.0,0.33,5.0,0.34,5.0,0.67,5.0,0.66,5.0,0.72,0.87,0.73,5.0,0.05,0.05,43.596046,1776244375000
1776244377.329,177.329,0.28,0.87,0.27,5.0,0.33,5.0,0.34,5.0,0.67,5.0,0.66,5.0,0.72,0.87,0.73,5.0,0.05,0.05,43.595792,1776244376000
1776244378.372,178.372,0.28,0.87,0.27,5.0,0.33,5.0,0.34,5.0,0.67,5.0,0.66,5.0,0.72,0.87,0.73,5.0,0.05,0.05,43.596883,1776244377000
1776244378.873,178.873,0.28,0.87,0.27,5.0,0.33,5.0,0.34,5.0,0.67,5.0,0.66,5.0,0.72,0.87,0.73,5.0,0.05,0.05,43.596883,1776244378000
1776244379.97,179.97,0.28,0.87,0.27,5.0,0.33,5.0,0.34,5.0,0.67,5.0,0.66,5.0,0.72,0.87,0.73,5.0,0.05,0.05,43.60544,1776244379000
1776244381.066,181.066,0.28,0.87,0.27,5.0,0.33,5.0,0.34,5.0,0.67,5.0,0.66,5.0,0.72,0.87,0.73,5.0,0.05,0.05,43.60633,1776244380000
1776244382.214,182.214,0.28,0.87,0.27,5.0,0.33,5.0,0.34,5.0,0.67,5.0,0.66,5.0,0.72,0.87,0.73,5.0,0.05,0.05,43.60743,1776244381000
1776244383.308,183.308,0.48,5.0,0.47,5.0,0.51,5.0,0.58,5.0,0.49,5.0,0.42,5.0,0.52,5.0,0.53,5.0,0.03,0.03,43.608188,1776244382000
1776244384.0,184.0,0.59,5.0,0.58,5.0,0.62,15.0,0.63,15.0,0.44,4.25,0.43,5.0,0.5,5.0,0.51,5.0,0.03,0.06,43.608188,1776244382000
1776244384.511,184.511,0.59,5.0,0.58,5.0,0.62,15.0,0.63,15.0,0.38,15.0,0.37,15.0,0.41,5.0,0.42,5.0,0.03,0.03,43.621088,1776244383000
1776244384.916,184.916,0.6,5.0,0.59,5.0,0.61,5.0,0.62,15.0,0.39,5.0,0.38,15.0,0.4,5.0,0.41,5.0,0.01,0.01,43.624935,1776244384000
1776244386.012,186.012,0.6,5.0,0.59,5.0,0.61,5.0,0.62,15.0,0.39,5.0,0.38,15.0,0.4,5.0,0.41,5.0,0.01,0.01,43.624835,1776244385000
1776244387.568,187.568,0.6,5.0,0.59,5.0,0.61,5.0,0.62,15.0,0.39,5.0,0.38,15.0,0.4,5.0,0.41,5.0,0.01,0.01,43.629573,1776244386000
1776244388.067,188.067,0.6,5.0,0.59,5.0,0.61,5.0,0.62,15.0,0.39,5.0,0.38,15.0,0.4,5.0,0.41,5.0,0.01,0.01,43.635147,1776244387000
1776244388.998,188.998,0.6,5.0,0.59,5.0,0.61,5.0,0.62,15.0,0.39,5.0,0.38,15.0,0.4,5.0,0.41,5.0,0.01,0.01,43.63508,1776244388000
1776244389.598,189.598,0.22,11.19,0.21,15.0,0.23,5.0,0.24,5.0,0.39,5.0,0.38,15.0,0.4,5.0,0.41,5.0,0.01,0.01,43.63508,1776244388000
1776244389.939,189.939,0.22,11.19,0.21,15.0,0.23,5.0,0.24,5.0,0.77,5.0,0.76,5.0,0.78,11.19,0.79,15.0,0.01,0.01,43.637026,1776244389000
1776244390.2,190.2,0.19,11.33,0.18,15.0,0.2,5.0,0.21,5.0,0.77,5.0,0.76,5.0,0.78,11.19,0.79,15.0,0.01,0.01,43.637026,1776244389000
1776244390.795,190.795,0.19,11.33,0.18,15.0,0.21,5.0,0.22,5.0,0.79,5.0,0.78,5.0,0.81,11.33,0.82,15.0,0.02,0.02,43.633557,1776244390000
1776244391.714,191.714,0.17,15.0,0.16,15.0,0.19,5.0,0.2,5.0,0.79,5.0,0.78,5.0,0.81,11.33,0.82,15.0,0.02,0.02,43.633557,1776244390000
1776244392.286,192.286,0.17,15.0,0.16,15.0,0.19,5.0,0.2,5.0,0.81,5.0,0.8,5.0,0.83,15.0,0.84,15.0,0.02,0.02,43.593606,1776244391000
1776244393.164,193.164,0.17,15.0,0.16,15.0,0.19,5.0,0.2,5.0,0.81,5.0,0.8,5.0,0.83,15.0,0.84,15.0,0.02,0.02,43.591246,1776244392000
1776244394.066,194.066,0.17,15.0,0.16,15.0,0.19,5.0,0.2,5.0,0.81,5.0,0.8,5.0,0.83,15.0,0.84,15.0,0.02,0.02,43.586199,1776244393000
1776244394.405,194.405,0.17,15.0,0.16,15.0,0.19,5.0,0.2,5.0,0.81,5.0,0.8,5.0,0.83,15.0,0.84,15.0,0.02,0.02,43.586199,1776244393000
1776244395.139,195.139,0.17,15.0,0.16,15.0,0.19,5.0,0.2,5.0,0.81,5.0,0.8,5.0,0.83,15.0,0.84,15.0,0.02,0.02,43.585889,1776244394000
1776244396.063,196.063,0.17,15.0,0.16,15.0,0.19,5.0,0.2,5.0,0.81,5.0,0.8,5.0,0.83,15.0,0.84,15.0,0.02,0.02,43.585826,1776244395000
1776244397.031,197.031,0.17,15.0,0.16,15.0,0.19,5.0,0.2,5.0,0.81,5.0,0.8,5.0,0.83,15.0,0.84,15.0,0.02,0.02,43.59117,1776244396000
1776244397.542,197.542,0.17,15.0,0.16,15.0,0.19,5.0,0.2,5.0,0.81,5.0,0.8,5.0,0.83,15.0,0.84,15.0,0.02,0.02,43.59117,1776244396000
1776244397.971,197.971,0.17,15.0,0.16,15.0,0.19,5.0,0.2,5.0,0.81,5.0,0.8,5.0,0.83,15.0,0.84,15.0,0.02,0.02,43.591045,1776244397000
1776244398.911,198.911,0.17,15.0,0.16,15.0,0.19,5.0,0.2,5.0,0.81,5.0,0.8,5.0,0.83,15.0,0.84,15.0,0.02,0.02,43.592121,1776244398000
1776244400.715,200.715,0.17,15.0,0.16,15.0,0.19,5.0,0.2,5.0,0.81,5.0,0.8,5.0,0.83,15.0,0.84,15.0,0.02,0.02,43.592181,1776244399000
1776244401.119,201.119,0.17,15.0,0.16,15.0,0.19,5.0,0.2,5.0,0.81,5.0,0.8,5.0,0.83,15.0,0.84,15.0,0.02,0.02,43.59218,1776244400000
1776244401.533,201.533,0.18,15.0,0.17,20.0,0.2,5.0,0.21,5.0,0.81,5.0,0.8,5.0,0.83,15.0,0.84,15.0,0.02,0.02,43.59218,1776244400000
1776244402.204,202.204,0.18,15.0,0.17,20.0,0.2,5.0,0.21,5.0,0.8,5.0,0.79,5.0,0.82,15.0,0.83,20.0,0.02,0.02,43.591846,1776244401000
1776244403.33,203.33,0.18,15.0,0.17,20.0,0.2,5.0,0.21,5.0,0.8,5.0,0.79,5.0,0.82,15.0,0.83,20.0,0.02,0.02,43.59183,1776244402000
1776244403.863,203.863,0.2,15.0,0.19,15.0,0.22,5.0,0.23,5.0,0.78,5.0,0.77,5.0,0.8,15.0,0.81,15.0,0.02,0.02,43.591552,1776244403000
1776244404.941,204.941,0.2,15.0,0.19,15.0,0.22,5.0,0.23,5.0,0.78,5.0,0.77,5.0,0.8,15.0,0.81,15.0,0.02,0.02,43.591215,1776244404000
1776244405.178,205.178,0.2,13.75,0.19,20.0,0.22,5.0,0.23,5.0,0.79,5.0,0.78,5.0,0.8,13.75,0.81,20.0,0.02,0.01,43.591215,1776244404000
1776244406.004,206.004,0.2,13.75,0.19,20.0,0.22,5.0,0.23,5.0,0.78,5.0,0.77,5.0,0.8,13.75,0.81,20.0,0.02,0.02,43.590911,1776244405000
1776244407.047,207.047,0.2,13.75,0.19,20.0,0.22,5.0,0.23,5.0,0.78,5.0,0.77,5.0,0.8,13.75,0.81,20.0,0.02,0.02,43.590882,1776244406000
1776244407.293,207.293,0.21,5.0,0.2,18.75,0.24,5.0,0.25,5.0,0.78,5.0,0.77,5.0,0.8,13.75,0.81,20.0,0.03,0.02,43.590882,1776244406000
1776244408.177,208.177,0.21,5.0,0.2,18.75,0.24,5.0,0.25,5.0,0.76,5.0,0.75,5.0,0.79,5.0,0.8,18.75,0.03,0.03,43.586096,1776244407000
1776244409.352,209.352,0.21,5.0,0.2,18.75,0.24,5.0,0.25,5.0,0.76,5.0,0.75,5.0,0.79,5.0,0.8,18.75,0.03,0.03,43.585715,1776244408000
1776244410.291,210.291,0.21,5.0,0.2,18.75,0.24,5.0,0.25,5.0,0.76,5.0,0.75,5.0,0.79,5.0,0.8,18.75,0.03,0.03,43.585728,1776244409000
1776244410.55,210.55,0.21,5.0,0.2,5.0,0.24,5.0,0.25,5.0,0.76,5.0,0.75,5.0,0.79,5.0,0.8,18.75,0.03,0.03,43.585728,1776244409000
1776244411.374,211.374,0.21,5.0,0.2,5.0,0.24,5.0,0.25,5.0,0.76,5.0,0.75,5.0,0.79,5.0,0.8,5.0,0.03,0.03,43.585728,1776244410000
1776244412.481,212.481,0.21,5.0,0.2,5.0,0.24,5.0,0.25,5.0,0.76,5.0,0.75,5.0,0.79,5.0,0.8,5.0,0.03,0.03,43.585688,1776244411000
1776244413.013,213.013,0.21,5.0,0.2,5.0,0.24,5.0,0.25,5.0,0.76,5.0,0.75,5.0,0.79,5.0,0.8,5.0,0.03,0.03,43.585625,1776244412000
1776244413.371,213.371,0.22,5.0,0.21,5.0,0.24,5.0,0.25,5.0,0.76,5.0,0.75,5.0,0.79,5.0,0.8,5.0,0.02,0.03,43.585625,1776244412000
1776244414.023,214.023,0.22,5.0,0.21,5.0,0.24,5.0,0.25,5.0,0.76,5.0,0.75,5.0,0.78,5.0,0.79,5.0,0.02,0.02,43.585607,1776244413000
1776244415.055,215.055,0.22,5.0,0.21,5.0,0.24,5.0,0.25,5.0,0.76,5.0,0.75,5.0,0.78,5.0,0.79,5.0,0.02,0.02,43.585688,1776244414000
1776244416.52,216.52,0.22,5.0,0.21,5.0,0.24,5.0,0.25,5.0,0.76,5.0,0.75,5.0,0.78,5.0,0.79,5.0,0.02,0.02,43.585688,1776244415000
1776244417.064,217.064,0.22,5.0,0.21,5.0,0.24,5.0,0.25,5.0,0.76,5.0,0.75,5.0,0.78,5.0,0.79,5.0,0.02,0.02,43.585688,1776244416000
1776244418.148,218.148,0.22,5.0,0.21,5.0,0.24,5.0,0.25,5.0,0.76,5.0,0.75,5.0,0.78,5.0,0.79,5.0,0.02,0.02,43.585677,1776244417000
1776244419.679,219.679,0.22,5.0,0.21,5.0,0.24,5.0,0.25,5.0,0.76,5.0,0.75,5.0,0.78,5.0,0.79,5.0,0.02,0.02,43.585681,1776244418000
1776244420.373,220.373,0.22,5.0,0.21,5.0,0.24,5.0,0.25,5.0,0.76,5.0,0.75,5.0,0.78,5.0,0.79,5.0,0.02,0.02,43.585627,1776244419000
1776244421.675,221.675,0.22,5.0,0.21,5.0,0.24,5.0,0.25,5.0,0.76,5.0,0.75,5.0,0.78,5.0,0.79,5.0,0.02,0.02,43.592359,1776244420000
1776244422.333,222.333,0.22,5.0,0.21,5.0,0.24,5.0,0.25,5.0,0.76,5.0,0.75,5.0,0.78,5.0,0.79,5.0,0.02,0.02,43.591962,1776244421000
1776244423.402,223.402,0.22,5.0,0.21,5.0,0.24,5.0,0.25,5.0,0.76,5.0,0.75,5.0,0.78,5.0,0.79,5.0,0.02,0.02,43.591225,1776244422000
1776244424.52,224.52,0.22,5.0,0.21,5.0,0.24,5.0,0.25,5.0,0.76,5.0,0.75,5.0,0.78,5.0,0.79,5.0,0.02,0.02,43.590282,1776244423000
1776244425.083,225.083,0.22,5.0,0.21,5.0,0.24,5.0,0.25,5.0,0.76,5.0,0.75,5.0,0.78,5.0,0.79,5.0,0.02,0.02,43.590682,1776244424000
1776244425.487,225.487,0.15,5.0,0.14,20.0,0.18,5.0,0.19,5.0,0.76,5.0,0.75,5.0,0.78,5.0,0.79,5.0,0.03,0.02,43.590682,1776244424000
1776244426.33,226.33,0.15,5.0,0.14,20.0,0.18,5.0,0.19,5.0,0.82,5.0,0.81,5.0,0.85,5.0,0.86,20.0,0.03,0.03,43.588455,1776244425000
1776244427.472,227.472,0.15,5.0,0.14,20.0,0.18,5.0,0.19,5.0,0.82,5.0,0.81,5.0,0.85,5.0,0.86,20.0,0.03,0.03,43.584872,1776244426000
1776244428.019,228.019,0.15,5.0,0.14,20.0,0.18,5.0,0.19,5.0,0.82,5.0,0.81,5.0,0.85,5.0,0.86,20.0,0.03,0.03,43.584544,1776244427000
1776244429.934,229.934,0.15,5.0,0.14,20.0,0.18,5.0,0.19,5.0,0.82,5.0,0.81,5.0,0.85,5.0,0.86,20.0,0.03,0.03,43.584836,1776244428000
1776244430.606,230.606,0.15,5.0,0.14,20.0,0.18,5.0,0.19,5.0,0.82,5.0,0.81,5.0,0.85,5.0,0.86,20.0,0.03,0.03,43.584917,1776244429000
1776244431.467,231.467,0.15,5.0,0.14,20.0,0.18,5.0,0.19,5.0,0.82,5.0,0.81,5.0,0.85,5.0,0.86,20.0,0.03,0.03,43.585256,1776244430000
1776244432.705,232.705,0.15,5.0,0.14,20.0,0.18,5.0,0.19,5.0,0.82,5.0,0.81,5.0,0.85,5.0,0.86,20.0,0.03,0.03,43.585355,1776244431000
1776244433.241,233.241,0.15,5.0,0.14,20.0,0.18,5.0,0.19,5.0,0.82,5.0,0.81,5.0,0.85,5.0,0.86,20.0,0.03,0.03,43.585683,1776244432000
1776244434.434,234.434,0.15,5.0,0.14,20.0,0.18,5.0,0.19,5.0,0.82,5.0,0.81,5.0,0.85,5.0,0.86,20.0,0.03,0.03,43.585535,1776244433000
1776244435.006,235.006,0.15,5.0,0.14,20.0,0.18,5.0,0.19,5.0,0.82,5.0,0.81,5.0,0.85,5.0,0.86,20.0,0.03,0.03,43.585998,1776244434000
1776244435.217,235.217,0.19,5.0,0.18,5.0,0.22,5.0,0.23,5.0,0.82,5.0,0.81,5.0,0.85,5.0,0.86,20.0,0.03,0.03,43.585998,1776244434000
1776244436.364,236.364,0.19,5.0,0.18,5.0,0.22,5.0,0.23,5.0,0.78,5.0,0.77,5.0,0.81,5.0,0.82,5.0,0.03,0.03,43.588048,1776244435000
1776244436.911,236.911,0.19,5.0,0.18,5.0,0.22,5.0,0.23,5.0,0.78,5.0,0.77,5.0,0.81,5.0,0.82,5.0,0.03,0.03,43.588048,1776244436000
1776244438.024,238.024,0.19,5.0,0.18,5.0,0.22,5.0,0.23,5.0,0.78,5.0,0.77,5.0,0.81,5.0,0.82,5.0,0.03,0.03,43.58591,1776244437000
1776244439.142,239.142,0.19,5.0,0.18,5.0,0.22,5.0,0.23,5.0,0.78,5.0,0.77,5.0,0.81,5.0,0.82,5.0,0.03,0.03,43.585911,1776244438000
1776244440.398,240.398,0.19,5.0,0.18,5.0,0.22,5.0,0.23,5.0,0.78,5.0,0.77,5.0,0.81,5.0,0.82,5.0,0.03,0.03,43.585915,1776244439000
1776244440.957,240.957,0.19,5.0,0.18,5.0,0.22,5.0,0.23,5.0,0.78,5.0,0.77,5.0,0.81,5.0,0.82,5.0,0.03,0.03,43.585915,1776244440000
1776244441.607,241.607,0.12,5.0,0.11,5.0,0.15,5.0,0.16,5.0,0.85,5.0,0.84,5.0,0.86,3.25,0.87,5.0,0.03,0.01,43.585915,1776244440000
1776244442.304,242.304,0.12,5.0,0.11,5.0,0.15,5.0,0.16,5.0,0.85,5.0,0.84,5.0,0.88,5.0,0.89,5.0,0.03,0.03,43.585915,1776244441000
1776244443.572,243.572,0.12,5.0,0.11,5.0,0.15,5.0,0.16,5.0,0.85,5.0,0.84,5.0,0.88,5.0,0.89,5.0,0.03,0.03,43.586028,1776244442000
1776244444.183,244.183,0.12,5.0,0.11,5.0,0.15,5.0,0.16,5.0,0.85,5.0,0.84,5.0,0.88,5.0,0.89,5.0,0.03,0.03,43.585661,1776244443000
1776244445.932,245.932,0.12,5.0,0.11,5.0,0.15,5.0,0.16,5.0,0.85,5.0,0.84,5.0,0.88,5.0,0.89,5.0,0.03,0.03,43.584682,1776244444000
1776244446.339,246.339,0.1,5.0,0.09,5.0,0.12,15.0,0.13,39.0,0.85,5.0,0.84,5.0,0.88,5.0,0.89,5.0,0.02,0.03,43.584682,1776244444000
1776244446.75,246.75,0.1,3.88,0.09,5.0,0.11,15.0,0.12,37.0,0.88,15.0,0.87,39.0,0.9,5.0,0.91,5.0,0.01,0.02,43.583741,1776244445000
1776244447.259,247.259,0.1,3.88,0.09,5.0,0.11,15.0,0.12,37.0,0.89,15.0,0.88,37.0,0.9,3.88,0.91,5.0,0.01,0.01,43.583359,1776244446000
1776244448.306,248.306,0.1,3.88,0.09,5.0,0.11,15.0,0.12,37.0,0.89,15.0,0.88,37.0,0.9,3.88,0.91,5.0,0.01,0.01,43.578514,1776244447000
1776244449.365,249.365,0.1,3.88,0.09,5.0,0.11,15.0,0.12,37.0,0.89,15.0,0.88,37.0,0.9,3.88,0.91,5.0,0.01,0.01,43.577364,1776244448000
1776244450.302,250.302,0.1,3.88,0.09,5.0,0.11,15.0,0.12,37.0,0.89,15.0,0.88,37.0,0.9,3.88,0.91,5.0,0.01,0.01,43.577313,1776244449000
1776244450.723,250.723,0.09,3.88,0.08,5.0,0.11,20.0,0.12,37.0,0.89,15.0,0.88,37.0,0.9,3.88,0.91,5.0,0.02,0.01,43.577313,1776244449000
1776244451.271,251.271,0.09,3.88,0.08,5.0,0.11,20.0,0.12,37.0,0.89,20.0,0.88,37.0,0.91,3.88,0.92,5.0,0.02,0.02,43.575581,1776244450000
1776244452.316,252.316,0.09,3.88,0.08,5.0,0.11,20.0,0.12,37.0,0.89,20.0,0.88,37.0,0.91,3.88,0.92,5.0,0.02,0.02,43.575417,1776244451000
1776244452.869,252.869,0.09,3.88,0.08,5.0,0.11,20.0,0.12,37.0,0.89,20.0,0.88,37.0,0.91,3.88,0.92,5.0,0.02,0.02,43.575375,1776244452000
1776244453.95,253.95,0.09,3.88,0.08,5.0,0.11,20.0,0.12,37.0,0.89,20.0,0.88,37.0,0.91,3.88,0.92,5.0,0.02,0.02,43.575332,1776244453000
1776244454.928,254.928,0.09,3.88,0.08,5.0,0.11,20.0,0.12,37.0,0.89,20.0,0.88,37.0,0.91,3.88,0.92,5.0,0.02,0.02,43.575153,1776244454000
1776244455.877,255.877,0.09,3.88,0.08,5.0,0.1,20.0,0.11,20.0,0.9,20.0,0.89,20.0,0.91,3.88,0.92,5.0,0.01,0.01,43.57514,1776244455000
1776244456.899,256.899,0.09,3.88,0.08,5.0,0.1,20.0,0.11,20.0,0.9,20.0,0.89,20.0,0.91,3.88,0.92,5.0,0.01,0.01,43.575182,1776244456000
1776244458.026,258.026,0.09,3.88,0.08,5.0,0.1,20.0,0.11,20.0,0.9,20.0,0.89,20.0,0.91,3.88,0.92,5.0,0.01,0.01,43.575233,1776244457000
1776244459.2,259.2,0.09,3.88,0.08,5.0,0.1,20.0,0.11,20.0,0.9,20.0,0.89,20.0,0.91,3.88,0.92,5.0,0.01,0.01,43.575232,1776244458000
1776244460.484,260.484,0.09,3.88,0.08,5.0,0.1,20.0,0.11,20.0,0.9,20.0,0.89,20.0,0.91,3.88,0.92,5.0,0.01,0.01,43.575231,1776244459000
1776244460.868,260.868,0.09,3.88,0.08,5.0,0.1,20.0,0.11,20.0,0.9,20.0,0.89,20.0,0.91,3.88,0.92,5.0,0.01,0.01,43.5755,1776244460000
1776244462.035,262.035,0.05,3.88,0.04,5.0,0.1,37.0,0.11,20.0,0.9,37.0,0.89,20.0,0.95,3.88,0.96,5.0,0.05,0.05,43.575729,1776244461000
1776244462.532,262.532,0.04,5.0,0.03,5.0,0.06,5.0,0.07,5.0,0.9,37.0,0.89,20.0,0.95,3.88,0.96,5.0,0.02,0.05,43.575729,1776244461000
1776244462.916,262.916,0.04,5.0,0.03,5.0,0.05,3.77,0.06,5.0,0.94,5.0,0.93,5.0,0.96,5.0,0.97,5.0,0.01,0.02,43.575729,1776244461000
1776244463.535,263.535,0.04,5.0,0.03,5.0,0.05,3.77,0.06,5.0,0.95,3.77,0.94,5.0,0.96,5.0,0.97,5.0,0.01,0.01,43.575729,1776244462000
1776244464.139,264.139,0.04,5.0,0.03,5.0,0.05,3.77,0.06,5.0,0.95,3.77,0.94,5.0,0.96,5.0,0.97,5.0,0.01,0.01,43.575729,1776244463000
1776244465.019,265.019,0.04,5.0,0.03,5.0,0.05,3.77,0.06,5.0,0.95,3.77,0.94,5.0,0.96,5.0,0.97,5.0,0.01,0.01,43.575729,1776244464000
1776244466.174,266.174,0.04,5.0,0.03,5.0,0.05,3.77,0.06,5.0,0.95,3.77,0.94,5.0,0.96,5.0,0.97,5.0,0.01,0.01,43.5758,1776244465000
1776244466.767,266.767,0.04,1.87,0.03,5.0,0.05,18.77,0.06,20.0,0.95,3.77,0.94,5.0,0.96,5.0,0.97,5.0,0.01,0.01,43.5758,1776244465000
1776244467.239,267.239,0.04,1.87,0.03,5.0,0.05,18.77,0.06,20.0,0.95,18.77,0.94,20.0,0.96,1.87,0.97,5.0,0.01,0.01,43.5758,1776244466000
1776244467.917,267.917,0.04,1.87,0.03,5.0,0.05,18.77,0.06,20.0,0.95,18.77,0.94,20.0,0.96,1.87,0.97,5.0,0.01,0.01,43.575471,1776244467000
1776244469.093,269.093,0.03,4.78,0.02,10.0,0.05,18.77,0.06,20.0,0.95,18.77,0.94,20.0,0.97,4.78,0.98,10.0,0.02,0.02,43.575471,1776244468000
1776244469.723,269.723,0.02,10.0,0.01,170.0,0.03,10.76,0.04,15.0,0.95,18.77,0.94,20.0,0.97,4.78,0.98,10.0,0.01,0.02,43.575471,1776244468000
1776244472.737,272.737,0.02,10.0,0.01,170.0,0.03,10.76,0.04,15.0,0.97,10.76,0.96,15.0,0.98,10.0,0.99,170.0,0.01,0.01,43.576819,1776244470000
1776244473.329,273.329,0.02,8.97,0.01,170.0,0.03,25.76,0.04,20.0,0.97,25.76,0.96,20.0,0.98,8.97,0.99,170.0,0.01,0.01,43.574579,1776244472000
1776244474.359,274.359,0.02,8.97,0.01,170.0,0.03,25.76,0.04,20.0,0.97,25.76,0.96,20.0,0.98,8.97,0.99,170.0,0.01,0.01,43.57446,1776244473000
1776244475.376,275.376,0.02,8.97,0.01,170.0,0.03,25.76,0.04,20.0,0.97,25.76,0.96,20.0,0.98,8.97,0.99,170.0,0.01,0.01,43.573415,1776244474000
1776244476.783,276.783,0.02,8.97,0.01,170.0,0.03,25.76,0.04,20.0,0.97,25.76,0.96,20.0,0.98,8.97,0.99,170.0,0.01,0.01,43.573339,1776244475000
1776244477.164,277.164,0.02,2.38,0.01,155.0,0.03,10.76,0.04,5.0,0.97,25.76,0.96,20.0,0.98,8.97,0.99,170.0,0.01,0.01,43.573339,1776244475000
1776244477.491,277.491,0.02,2.38,0.01,155.0,0.03,10.76,0.04,5.0,0.97,10.76,0.96,5.0,0.98,2.38,0.99,155.0,0.01,0.01,43.57277,1776244476000
1776244478.211,278.211,0.02,2.38,0.01,155.0,0.03,10.76,0.04,5.0,0.97,10.76,0.96,5.0,0.98,2.38,0.99,155.0,0.01,0.01,43.569146,1776244477000
1776244479.479,279.479,0.02,2.38,0.01,155.0,0.03,10.76,0.04,5.0,0.97,10.76,0.96,5.0,0.98,2.38,0.99,155.0,0.01,0.01,43.563465,1776244478000
1776244479.818,279.818,0.01,152.38,,,0.03,10.76,0.04,5.0,0.97,10.76,0.96,5.0,0.98,2.38,0.99,155.0,0.02,0.01,43.563465,1776244478000
1776244480.264,280.264,0.01,152.38,,,0.03,10.76,0.04,5.0,0.97,10.76,0.96,5.0,0.99,152.38,,,0.02,0.02,43.562558,1776244479000
1776244480.508,280.508,0.01,122.38,,,0.03,15.76,0.04,5.0,0.97,10.76,0.96,5.0,0.99,152.38,,,0.02,0.02,43.562558,1776244479000
1776244480.984,280.984,0.01,112.28,,,0.03,15.76,0.04,5.0,0.97,15.76,0.96,5.0,0.99,122.38,,,0.02,0.02,43.562558,1776244479000
1776244481.547,281.547,0.01,112.28,,,0.03,15.76,0.04,5.0,0.97,15.76,0.96,5.0,0.99,112.28,,,0.02,0.02,43.561182,1776244480000
1776244482.233,282.233,0.01,112.28,,,0.03,15.76,0.04,5.0,0.97,15.76,0.96,5.0,0.99,112.28,,,0.02,0.02,43.560028,1776244481000
1776244483.628,283.628,0.01,112.28,,,0.03,15.76,0.04,5.0,0.97,15.76,0.96,5.0,0.99,112.28,,,0.02,0.02,43.558674,1776244482000
1776244483.832,283.832,,,,,0.01,887.72,0.03,15.76,0.97,15.76,0.96,5.0,0.99,112.28,,,,0.02,43.558674,1776244482000
1776244484.31,284.31,,,,,0.01,887.72,0.03,15.76,0.99,887.72,0.97,15.76,,,,,,,43.555387,1776244483000
1776244485.007,285.007,,,,,0.01,8.39,0.02,5.0,0.99,887.72,0.97,15.76,,,,,,,43.555387,1776244483000
1776244485.592,285.592,,,,,0.01,8.39,0.02,5.0,0.99,8.39,0.98,5.0,,,,,,,43.5541,1776244484000
1776244486.438,286.438,,,,,0.01,8.39,0.02,5.0,0.99,8.39,0.98,5.0,,,,,,,43.553827,1776244485000
1776244487.089,287.089,,,,,0.01,8.39,0.02,5.0,0.99,8.39,0.98,5.0,,,,,,,43.554693,1776244486000
1776244488.686,288.686,,,,,0.01,8.39,0.02,5.0,0.99,8.39,0.98,5.0,,,,,,,43.557209,1776244487000
1776244489.374,289.374,,,,,0.01,8.39,0.02,5.0,0.99,8.39,0.98,5.0,,,,,,,43.557179,1776244488000
1776244490.009,290.009,,,,,0.01,8.39,0.02,5.0,0.99,8.39,0.98,5.0,,,,,,,43.55628,1776244489000
1776244491.875,291.875,,,,,0.01,8.39,0.02,5.0,0.99,8.39,0.98,5.0,,,,,,,43.5561,1776244490000
1776244492.442,292.442,,,,,0.01,8.39,0.02,5.0,0.99,8.39,0.98,5.0,,,,,,,43.556031,1776244491000
1776244493.019,293.019,,,,,0.01,8.39,0.02,5.0,0.99,8.39,0.98,5.0,,,,,,,43.555824,1776244492000
1776244493.997,293.997,,,,,0.01,8.39,0.02,5.0,0.99,8.39,0.98,5.0,,,,,,,43.555926,1776244493000
1776244494.916,294.916,,,,,0.01,8.39,0.02,5.0,0.99,8.39,0.98,5.0,,,,,,,43.555752,1776244494000
1776244495.928,295.928,,,,,0.01,8.39,0.02,5.0,0.99,8.39,0.98,5.0,,,,,,,43.556123,1776244495000
1776244496.937,296.937,,,,,0.01,8.39,0.02,5.0,0.99,8.39,0.98,5.0,,,,,,,43.556399,1776244496000
1776244497.893,297.893,,,,,0.01,8.39,0.02,5.0,0.99,8.39,0.98,5.0,,,,,,,43.556231,1776244497000
1776244498.913,298.913,,,,,0.01,8.39,0.02,5.0,0.99,8.39,0.98,5.0,,,,,,,43.556267,1776244498000
1776244500.075,300.075,,,,,0.01,176.84,0.02,5.0,0.99,176.84,0.98,5.0,,,,,,,43.556137,1776244499000
1776244500.977,300.977,,,,,0.01,176.84,0.02,5.0,0.99,176.84,0.98,5.0,,,,,,,43.556399,1776244500000
