timestamp,elapsed_sec,up_bid_p1,up_bid_s1,up_bid_p2,up_bid_s2,up_ask_p1,up_ask_s1,up_ask_p2,up_ask_s2,down_bid_p1,down_bid_s1,down_bid_p2,down_bid_s2,down_ask_p1,down_ask_s1,down_ask_p2,down_ask_s2,up_spread,down_spread,hype_price,hype_oracle_ts
1776186001.334,1.334,,,,,,,,,,,,,,,,,,,43.329555,1776186000000
1776186001.666,1.666,0.11,100.0,0.1,5.0,0.89,100.0,0.9,5.0,0.11,100.0,0.1,5.0,0.89,100.0,0.9,5.0,0.78,0.78,43.329555,1776186000000
1776186002.106,2.106,0.33,15.0,0.11,100.0,0.56,11.0,0.89,100.0,0.11,100.0,0.1,5.0,0.89,100.0,0.9,5.0,0.23,0.78,43.329555,1776186000000
1776186002.434,2.434,0.33,15.0,0.11,100.0,0.56,11.0,0.89,100.0,0.44,11.0,0.11,100.0,0.67,15.0,0.89,100.0,0.23,0.23,43.322538,1776186001000
1776186003.034,3.034,0.33,15.0,0.11,100.0,0.56,11.0,0.89,100.0,0.44,11.0,0.11,100.0,0.67,15.0,0.89,100.0,0.23,0.23,43.318699,1776186002000
1776186006.567,6.567,0.33,15.0,0.11,100.0,0.56,11.0,0.89,100.0,0.44,11.0,0.11,100.0,0.67,15.0,0.89,100.0,0.23,0.23,43.316493,1776186005000
1776186007.208,7.208,0.33,15.0,0.11,100.0,0.56,11.0,0.89,100.0,0.44,11.0,0.11,100.0,0.67,15.0,0.89,100.0,0.23,0.23,43.321974,1776186006000
1776186008.321,8.321,0.33,15.0,0.11,100.0,0.56,11.0,0.89,100.0,0.44,11.0,0.11,100.0,0.67,15.0,0.89,100.0,0.23,0.23,43.318914,1776186007000
1776186009.393,9.393,0.33,15.0,0.11,100.0,0.56,11.0,0.89,100.0,0.44,11.0,0.11,100.0,0.67,15.0,0.89,100.0,0.23,0.23,43.317588,1776186008000
1776186009.95,9.95,0.33,15.0,0.11,100.0,0.56,11.0,0.89,100.0,0.44,11.0,0.11,100.0,0.67,15.0,0.89,100.0,0.23,0.23,43.317957,1776186009000
1776186011.021,11.021,0.33,15.0,0.11,100.0,0.56,11.0,0.89,100.0,0.44,11.0,0.11,100.0,0.67,15.0,0.89,100.0,0.23,0.23,43.317762,1776186010000
1776186012.267,12.267,0.33,15.0,0.11,100.0,0.56,11.0,0.89,100.0,0.44,11.0,0.11,100.0,0.67,15.0,0.89,100.0,0.23,0.23,43.312037,1776186011000
1776186013.282,13.282,0.33,15.0,0.11,100.0,0.56,11.0,0.89,100.0,0.44,11.0,0.11,100.0,0.67,15.0,0.89,100.0,0.23,0.23,43.308987,1776186012000
1776186014.446,14.446,0.33,15.0,0.11,100.0,0.56,11.0,0.89,100.0,0.44,11.0,0.11,100.0,0.67,15.0,0.89,100.0,0.23,0.23,43.303031,1776186013000
1776186015.027,15.027,0.33,15.0,0.11,100.0,0.56,11.0,0.89,100.0,0.44,11.0,0.11,100.0,0.67,15.0,0.89,100.0,0.23,0.23,43.301202,1776186014000
1776186016.112,16.112,0.33,15.0,0.11,100.0,0.56,11.0,0.89,100.0,0.44,11.0,0.11,100.0,0.67,15.0,0.89,100.0,0.23,0.23,43.298749,1776186015000
1776186017.299,17.299,0.33,15.0,0.11,100.0,0.56,11.0,0.89,100.0,0.44,11.0,0.11,100.0,0.67,15.0,0.89,100.0,0.23,0.23,43.294295,1776186016000
1776186018.333,18.333,0.33,15.0,0.11,100.0,0.56,11.0,0.89,100.0,0.44,11.0,0.11,100.0,0.67,15.0,0.89,100.0,0.23,0.23,43.289345,1776186017000
1776186019.42,19.42,0.33,15.0,0.11,100.0,0.56,11.0,0.89,100.0,0.44,11.0,0.11,100.0,0.67,15.0,0.89,100.0,0.23,0.23,43.288356,1776186018000
1776186019.888,19.888,0.33,15.0,0.11,100.0,0.56,11.0,0.89,100.0,0.44,11.0,0.11,100.0,0.67,15.0,0.89,100.0,0.23,0.23,43.28809,1776186019000
1776186021.107,21.107,0.33,15.0,0.11,100.0,0.56,11.0,0.89,100.0,0.44,11.0,0.11,100.0,0.67,15.0,0.89,100.0,0.23,0.23,43.288685,1776186020000
1776186022.821,22.821,0.33,15.0,0.11,100.0,0.56,11.0,0.89,100.0,0.44,11.0,0.11,100.0,0.67,15.0,0.89,100.0,0.23,0.23,43.28943,1776186021000
1776186023.38,23.38,0.33,15.0,0.11,100.0,0.56,11.0,0.89,100.0,0.44,11.0,0.11,100.0,0.67,15.0,0.89,100.0,0.23,0.23,43.276829,1776186022000
1776186024.441,24.441,0.33,15.0,0.11,100.0,0.56,11.0,0.89,100.0,0.44,11.0,0.11,100.0,0.67,15.0,0.89,100.0,0.23,0.23,43.271116,1776186023000
1776186024.982,24.982,0.33,15.0,0.11,100.0,0.56,11.0,0.89,100.0,0.44,11.0,0.11,100.0,0.67,15.0,0.89,100.0,0.23,0.23,43.271116,1776186024000
1776186026.238,26.238,0.33,15.0,0.11,100.0,0.56,11.0,0.89,100.0,0.44,11.0,0.11,100.0,0.67,15.0,0.89,100.0,0.23,0.23,43.2718,1776186025000
1776186027.388,27.388,0.33,15.0,0.11,100.0,0.56,11.0,0.89,100.0,0.44,11.0,0.11,100.0,0.67,15.0,0.89,100.0,0.23,0.23,43.271243,1776186026000
1776186028.443,28.443,0.33,15.0,0.11,100.0,0.56,11.0,0.89,100.0,0.44,11.0,0.11,100.0,0.67,15.0,0.89,100.0,0.23,0.23,43.270316,1776186027000
1776186029.011,29.011,0.33,15.0,0.11,100.0,0.56,11.0,0.89,100.0,0.44,11.0,0.11,100.0,0.67,15.0,0.89,100.0,0.23,0.23,43.270316,1776186028000
1776186030.181,30.181,0.33,15.0,0.11,100.0,0.56,11.0,0.89,100.0,0.44,11.0,0.11,100.0,0.67,15.0,0.89,100.0,0.23,0.23,43.276253,1776186029000
1776186031.386,31.386,0.33,15.0,0.11,100.0,0.56,11.0,0.89,100.0,0.44,11.0,0.11,100.0,0.67,15.0,0.89,100.0,0.23,0.23,43.272519,1776186030000
1776186032.493,32.493,0.33,15.0,0.11,100.0,0.56,11.0,0.89,100.0,0.44,11.0,0.11,100.0,0.67,15.0,0.89,100.0,0.23,0.23,43.269379,1776186031000
1776186033.175,33.175,0.33,15.0,0.11,100.0,0.56,11.0,0.89,100.0,0.44,11.0,0.11,100.0,0.67,15.0,0.89,100.0,0.23,0.23,43.268291,1776186032000
1776186034.215,34.215,0.33,15.0,0.11,100.0,0.56,11.0,0.89,100.0,0.44,11.0,0.11,100.0,0.67,15.0,0.89,100.0,0.23,0.23,43.266955,1776186033000
1776186035.374,35.374,0.33,15.0,0.11,100.0,0.56,11.0,0.89,100.0,0.44,11.0,0.11,100.0,0.67,15.0,0.89,100.0,0.23,0.23,43.266721,1776186034000
1776186036.507,36.507,0.33,15.0,0.11,100.0,0.56,11.0,0.89,100.0,0.44,11.0,0.11,100.0,0.67,15.0,0.89,100.0,0.23,0.23,43.265731,1776186035000
1776186037.036,37.036,0.33,15.0,0.11,100.0,0.56,11.0,0.89,100.0,0.44,11.0,0.11,100.0,0.67,15.0,0.89,100.0,0.23,0.23,43.266531,1776186036000
1776186038.072,38.072,0.33,15.0,0.11,100.0,0.56,11.0,0.89,100.0,0.44,11.0,0.11,100.0,0.67,15.0,0.89,100.0,0.23,0.23,43.281294,1776186037000
1776186039.208,39.208,0.33,15.0,0.11,100.0,0.56,11.0,0.89,100.0,0.44,11.0,0.11,100.0,0.67,15.0,0.89,100.0,0.23,0.23,43.287618,1776186038000
1776186040.175,40.175,0.33,15.0,0.11,100.0,0.56,11.0,0.89,100.0,0.44,11.0,0.11,100.0,0.67,15.0,0.89,100.0,0.23,0.23,43.290766,1776186039000
1776186041.253,41.253,0.33,15.0,0.11,100.0,0.56,11.0,0.89,100.0,0.44,11.0,0.11,100.0,0.67,15.0,0.89,100.0,0.23,0.23,43.291298,1776186040000
1776186042.306,42.306,0.33,15.0,0.11,100.0,0.56,11.0,0.89,100.0,0.44,11.0,0.11,100.0,0.67,15.0,0.89,100.0,0.23,0.23,43.276807,1776186041000
1776186043.4,43.4,0.33,15.0,0.11,100.0,0.56,11.0,0.89,100.0,0.44,11.0,0.11,100.0,0.67,15.0,0.89,100.0,0.23,0.23,43.262503,1776186042000
1776186044.386,44.386,0.33,15.0,0.11,100.0,0.56,11.0,0.89,100.0,0.44,11.0,0.11,100.0,0.67,15.0,0.89,100.0,0.23,0.23,43.267655,1776186043000
1776186045.296,45.296,0.33,15.0,0.11,100.0,0.56,11.0,0.89,100.0,0.44,11.0,0.11,100.0,0.67,15.0,0.89,100.0,0.23,0.23,43.270191,1776186044000
1776186046.405,46.405,0.33,15.0,0.11,100.0,0.56,11.0,0.89,100.0,0.44,11.0,0.11,100.0,0.67,15.0,0.89,100.0,0.23,0.23,43.270898,1776186045000
1776186047.304,47.304,0.33,15.0,0.11,100.0,0.56,11.0,0.89,100.0,0.44,11.0,0.11,100.0,0.67,15.0,0.89,100.0,0.23,0.23,43.272134,1776186046000
1776186048.277,48.277,0.33,15.0,0.11,100.0,0.56,11.0,0.89,100.0,0.44,11.0,0.11,100.0,0.67,15.0,0.89,100.0,0.23,0.23,43.271636,1776186047000
1776186049.944,49.944,0.33,15.0,0.11,100.0,0.56,11.0,0.89,100.0,0.44,11.0,0.11,100.0,0.67,15.0,0.89,100.0,0.23,0.23,43.271521,1776186048000
1776186050.532,50.532,0.33,15.0,0.11,100.0,0.56,11.0,0.89,100.0,0.44,11.0,0.11,100.0,0.67,15.0,0.89,100.0,0.23,0.23,43.272033,1776186049000
1776186051.108,51.108,0.33,15.0,0.11,100.0,0.56,11.0,0.89,100.0,0.44,11.0,0.11,100.0,0.67,15.0,0.89,100.0,0.23,0.23,43.27079,1776186050000
1776186052.307,52.307,0.33,15.0,0.11,100.0,0.56,11.0,0.89,100.0,0.44,11.0,0.11,100.0,0.67,15.0,0.89,100.0,0.23,0.23,43.2709,1776186051000
1776186053.45,53.45,0.33,15.0,0.11,100.0,0.56,11.0,0.89,100.0,0.44,11.0,0.11,100.0,0.67,15.0,0.89,100.0,0.23,0.23,43.275328,1776186052000
1776186054.064,54.064,0.33,15.0,0.11,100.0,0.56,11.0,0.89,100.0,0.44,11.0,0.11,100.0,0.67,15.0,0.89,100.0,0.23,0.23,43.274697,1776186053000
1776186055.262,55.262,0.33,15.0,0.11,100.0,0.56,11.0,0.89,100.0,0.44,11.0,0.11,100.0,0.67,15.0,0.89,100.0,0.23,0.23,43.273009,1776186054000
1776186056.52,56.52,0.33,15.0,0.11,100.0,0.56,11.0,0.89,100.0,0.44,11.0,0.11,100.0,0.67,15.0,0.89,100.0,0.23,0.23,43.272999,1776186055000
1776186057.114,57.114,0.33,15.0,0.11,100.0,0.56,11.0,0.89,100.0,0.44,11.0,0.11,100.0,0.67,15.0,0.89,100.0,0.23,0.23,43.273003,1776186056000
1776186058.33,58.33,0.33,15.0,0.11,100.0,0.56,11.0,0.89,100.0,0.44,11.0,0.11,100.0,0.67,15.0,0.89,100.0,0.23,0.23,43.272065,1776186057000
1776186059.461,59.461,0.33,15.0,0.11,100.0,0.56,11.0,0.89,100.0,0.44,11.0,0.11,100.0,0.67,15.0,0.89,100.0,0.23,0.23,43.272561,1776186058000
1776186059.965,59.965,0.33,15.0,0.11,100.0,0.56,11.0,0.89,100.0,0.44,11.0,0.11,100.0,0.67,15.0,0.89,100.0,0.23,0.23,43.272564,1776186059000
1776186061.24,61.24,0.33,15.0,0.11,100.0,0.56,11.0,0.89,100.0,0.44,11.0,0.11,100.0,0.67,15.0,0.89,100.0,0.23,0.23,43.27289,1776186060000
1776186062.394,62.394,0.33,15.0,0.11,100.0,0.56,11.0,0.89,100.0,0.44,11.0,0.11,100.0,0.67,15.0,0.89,100.0,0.23,0.23,43.272252,1776186061000
1776186063.06,63.06,0.33,15.0,0.11,100.0,0.56,11.0,0.89,100.0,0.44,11.0,0.11,100.0,0.67,15.0,0.89,100.0,0.23,0.23,43.272252,1776186062000
1776186063.279,63.279,0.39,5.0,0.38,5.0,0.46,9.0,0.63,5.0,0.44,11.0,0.11,100.0,0.67,15.0,0.89,100.0,0.07,0.23,43.272252,1776186062000
1776186064.352,64.352,0.39,5.0,0.38,5.0,0.46,9.0,0.63,5.0,0.54,9.0,0.37,5.0,0.61,5.0,0.62,5.0,0.07,0.07,43.272487,1776186063000
1776186065.419,65.419,0.39,5.0,0.38,5.0,0.46,9.0,0.63,5.0,0.54,9.0,0.37,5.0,0.61,5.0,0.62,5.0,0.07,0.07,43.307459,1776186064000
1776186066.489,66.489,0.39,5.0,0.38,5.0,0.46,9.0,0.63,5.0,0.54,9.0,0.37,5.0,0.61,5.0,0.62,5.0,0.07,0.07,43.329097,1776186065000
1776186067.019,67.019,0.39,5.0,0.38,5.0,0.46,9.0,0.63,5.0,0.54,9.0,0.37,5.0,0.61,5.0,0.62,5.0,0.07,0.07,43.334509,1776186066000
1776186068.18,68.18,0.39,5.0,0.38,5.0,0.46,9.0,0.63,5.0,0.54,9.0,0.37,5.0,0.61,5.0,0.62,5.0,0.07,0.07,43.339346,1776186067000
1776186069.3,69.3,0.39,5.0,0.38,5.0,0.46,9.0,0.63,5.0,0.54,9.0,0.37,5.0,0.61,5.0,0.62,5.0,0.07,0.07,43.340432,1776186068000
1776186070.495,70.495,0.39,5.0,0.38,5.0,0.46,9.0,0.63,5.0,0.54,9.0,0.37,5.0,0.61,5.0,0.62,5.0,0.07,0.07,43.339504,1776186069000
1776186070.72,70.72,0.43,119.67,0.3,15.0,0.44,5.0,0.47,9.0,0.53,9.0,0.36,15.0,0.57,129.67,0.7,15.0,0.01,0.04,43.339504,1776186069000
1776186070.94,70.94,0.43,109.57,0.28,15.0,0.44,50.0,0.63,15.0,0.56,5.0,0.53,9.0,0.57,119.67,0.7,15.0,0.01,0.01,43.339504,1776186069000
1776186071.247,71.247,0.43,91.28,0.28,15.0,0.44,34.43,0.62,15.0,0.56,45.0,0.37,15.0,0.57,91.28,0.72,15.0,0.01,0.01,43.34078,1776186070000
1776186072.166,72.166,0.43,73.42,0.27,15.0,0.44,28.62,0.6,15.0,0.56,28.62,0.38,15.0,0.57,81.28,0.72,15.0,0.01,0.01,43.34078,1776186070000
1776186073.37,73.37,0.43,66.42,0.27,15.0,0.44,28.62,0.6,15.0,0.56,28.62,0.4,15.0,0.57,66.42,0.73,15.0,0.01,0.01,43.285783,1776186072000
1776186074.331,74.331,0.43,32.46,0.25,15.0,0.44,28.62,0.58,15.0,0.56,28.62,0.42,15.0,0.57,32.46,0.75,15.0,0.01,0.01,43.247145,1776186073000
1776186075.603,75.603,0.43,32.46,0.25,15.0,0.44,28.62,0.58,15.0,0.56,28.62,0.42,15.0,0.57,32.46,0.75,15.0,0.01,0.01,43.24063,1776186074000
1776186076.023,76.023,0.43,32.46,0.25,15.0,0.44,28.62,0.58,15.0,0.56,28.62,0.42,15.0,0.57,32.46,0.75,15.0,0.01,0.01,43.2407,1776186075000
1776186076.344,76.344,0.43,27.37,0.29,15.0,0.44,36.62,0.55,15.0,0.56,28.62,0.42,15.0,0.57,32.46,0.75,15.0,0.01,0.01,43.2407,1776186075000
1776186077.183,77.183,0.43,27.37,0.29,15.0,0.44,36.62,0.55,15.0,0.56,36.62,0.45,15.0,0.57,27.37,0.71,15.0,0.01,0.01,43.243324,1776186076000
1776186077.451,77.451,0.43,13.94,0.29,15.0,0.44,36.62,0.53,15.0,0.56,36.62,0.45,15.0,0.57,27.37,0.71,15.0,0.01,0.01,43.243324,1776186076000
1776186078.375,78.375,0.43,13.94,0.29,15.0,0.44,36.62,0.53,15.0,0.56,36.62,0.47,15.0,0.57,13.94,0.71,15.0,0.01,0.01,43.246592,1776186077000
1776186079.962,79.962,0.43,13.94,0.29,15.0,0.44,36.62,0.53,15.0,0.56,36.62,0.47,15.0,0.57,13.94,0.71,15.0,0.01,0.01,43.244233,1776186078000
1776186080.502,80.502,0.43,13.94,0.29,15.0,0.44,36.62,0.53,15.0,0.56,36.62,0.47,15.0,0.57,13.94,0.71,15.0,0.01,0.01,43.243809,1776186079000
1776186081.517,81.517,0.43,13.94,0.29,15.0,0.44,36.62,0.53,15.0,0.56,36.62,0.47,15.0,0.57,13.94,0.71,15.0,0.01,0.01,43.240366,1776186080000
1776186082.298,82.298,0.43,13.94,0.29,15.0,0.44,36.62,0.53,15.0,0.56,36.62,0.47,15.0,0.57,13.94,0.71,15.0,0.01,0.01,43.236338,1776186081000
1776186083.758,83.758,0.43,13.94,0.29,15.0,0.44,36.62,0.53,15.0,0.56,36.62,0.47,15.0,0.57,13.94,0.71,15.0,0.01,0.01,43.234996,1776186082000
1776186084.487,84.487,0.43,13.94,0.29,15.0,0.44,36.62,0.53,15.0,0.56,36.62,0.47,15.0,0.57,13.94,0.71,15.0,0.01,0.01,43.234093,1776186083000
1776186085.097,85.097,0.43,0.09,0.22,15.0,0.44,64.0,0.45,15.0,0.56,64.0,0.55,15.0,0.57,0.09,0.78,15.0,0.01,0.01,43.232314,1776186084000
1776186086.551,86.551,0.43,0.09,0.22,15.0,0.44,64.0,0.45,15.0,0.56,64.0,0.55,15.0,0.57,0.09,0.78,15.0,0.01,0.01,43.227271,1776186085000
1776186087.359,87.359,0.43,0.09,0.22,15.0,0.44,64.0,0.45,15.0,0.56,64.0,0.55,15.0,0.57,0.09,0.78,15.0,0.01,0.01,43.227243,1776186086000
1776186088.142,88.142,0.43,0.09,0.22,15.0,0.44,64.0,0.45,15.0,0.56,64.0,0.55,15.0,0.57,0.09,0.78,15.0,0.01,0.01,43.227265,1776186087000
1776186089.827,89.827,0.43,0.09,0.22,15.0,0.44,64.0,0.45,15.0,0.56,64.0,0.55,15.0,0.57,0.09,0.78,15.0,0.01,0.01,43.2275,1776186088000
1776186090.584,90.584,0.43,0.09,0.22,15.0,0.44,64.0,0.45,15.0,0.56,64.0,0.55,15.0,0.57,0.09,0.78,15.0,0.01,0.01,43.22682,1776186089000
1776186091.343,91.343,0.43,0.09,0.22,15.0,0.44,64.0,0.45,15.0,0.56,64.0,0.55,15.0,0.57,0.09,0.78,15.0,0.01,0.01,43.226892,1776186090000
1776186092.231,92.231,0.22,15.0,0.21,15.0,0.44,64.0,0.45,15.0,0.56,64.0,0.55,15.0,0.78,15.0,0.79,15.0,0.22,0.22,43.227093,1776186091000
1776186093.775,93.775,0.22,15.0,0.21,15.0,0.44,64.0,0.45,15.0,0.56,64.0,0.55,15.0,0.78,15.0,0.79,15.0,0.22,0.22,43.227187,1776186092000
1776186094.513,94.513,0.22,15.0,0.21,15.0,0.44,64.0,0.45,15.0,0.56,64.0,0.55,15.0,0.78,15.0,0.79,15.0,0.22,0.22,43.226076,1776186093000
1776186095.3,95.3,0.22,15.0,0.21,15.0,0.44,64.0,0.45,15.0,0.56,64.0,0.55,15.0,0.78,15.0,0.79,15.0,0.22,0.22,43.226479,1776186094000
1776186096.187,96.187,0.22,15.0,0.21,15.0,0.44,64.0,0.45,15.0,0.56,64.0,0.55,15.0,0.78,15.0,0.79,15.0,0.22,0.22,43.225081,1776186095000
1776186097.844,97.844,0.22,15.0,0.21,15.0,0.44,64.0,0.45,15.0,0.56,64.0,0.55,15.0,0.78,15.0,0.79,15.0,0.22,0.22,43.222772,1776186096000
1776186098.47,98.47,0.22,15.0,0.21,15.0,0.44,64.0,0.45,15.0,0.56,64.0,0.55,15.0,0.78,15.0,0.79,15.0,0.22,0.22,43.221096,1776186097000
1776186099.695,99.695,0.22,15.0,0.21,15.0,0.44,64.0,0.45,15.0,0.56,64.0,0.55,15.0,0.78,15.0,0.79,15.0,0.22,0.22,43.221944,1776186098000
1776186100.375,100.375,0.22,15.0,0.21,15.0,0.44,64.0,0.45,15.0,0.56,64.0,0.55,15.0,0.78,15.0,0.79,15.0,0.22,0.22,43.223073,1776186099000
1776186100.962,100.962,0.22,15.0,0.21,15.0,0.44,64.0,0.45,15.0,0.56,64.0,0.55,15.0,0.78,15.0,0.79,15.0,0.22,0.22,43.223569,1776186100000
1776186102.234,102.234,0.22,15.0,0.21,15.0,0.44,64.0,0.45,15.0,0.56,64.0,0.55,15.0,0.78,15.0,0.79,15.0,0.22,0.22,43.222596,1776186101000
1776186103.343,103.343,0.22,15.0,0.21,15.0,0.44,64.0,0.45,15.0,0.56,64.0,0.55,15.0,0.78,15.0,0.79,15.0,0.22,0.22,43.221309,1776186102000
1776186104.541,104.541,0.22,15.0,0.21,15.0,0.44,64.0,0.45,15.0,0.56,64.0,0.55,15.0,0.78,15.0,0.79,15.0,0.22,0.22,43.217898,1776186103000
1776186105.168,105.168,0.22,15.0,0.21,15.0,0.44,64.0,0.45,15.0,0.56,64.0,0.55,15.0,0.78,15.0,0.79,15.0,0.22,0.22,43.217933,1776186104000
1776186106.312,106.312,0.22,15.0,0.21,15.0,0.44,64.0,0.45,15.0,0.56,64.0,0.55,15.0,0.78,15.0,0.79,15.0,0.22,0.22,43.218908,1776186105000
1776186107.493,107.493,0.22,15.0,0.21,15.0,0.44,64.0,0.45,15.0,0.56,64.0,0.55,15.0,0.78,15.0,0.79,15.0,0.22,0.22,43.208596,1776186106000
1776186107.963,107.963,0.22,15.0,0.21,15.0,0.44,64.0,0.45,15.0,0.56,64.0,0.55,15.0,0.78,15.0,0.79,15.0,0.22,0.22,43.206543,1776186107000
1776186109.126,109.126,0.22,15.0,0.21,15.0,0.44,64.0,0.45,15.0,0.56,64.0,0.55,15.0,0.78,15.0,0.79,15.0,0.22,0.22,43.20782,1776186108000
1776186110.312,110.312,0.22,15.0,0.21,15.0,0.44,64.0,0.45,15.0,0.56,64.0,0.55,15.0,0.78,15.0,0.79,15.0,0.22,0.22,43.20683,1776186109000
1776186111.323,111.323,0.22,15.0,0.21,15.0,0.44,64.0,0.45,15.0,0.56,64.0,0.55,15.0,0.78,15.0,0.79,15.0,0.22,0.22,43.20704,1776186110000
1776186112.047,112.047,0.22,15.0,0.21,15.0,0.44,64.0,0.45,15.0,0.56,64.0,0.55,15.0,0.78,15.0,0.79,15.0,0.22,0.22,43.207037,1776186111000
1776186113.15,113.15,0.22,15.0,0.21,15.0,0.44,64.0,0.45,15.0,0.56,64.0,0.55,15.0,0.78,15.0,0.79,15.0,0.22,0.22,43.206099,1776186112000
1776186116.825,116.825,0.22,15.0,0.21,15.0,0.44,64.0,0.45,15.0,0.56,64.0,0.55,15.0,0.78,15.0,0.79,15.0,0.22,0.22,43.197411,1776186115000
1776186117.354,117.354,0.22,15.0,0.21,15.0,0.44,64.0,0.45,15.0,0.56,64.0,0.55,15.0,0.78,15.0,0.79,15.0,0.22,0.22,43.197418,1776186116000
1776186117.987,117.987,0.22,15.0,0.21,15.0,0.44,64.0,0.45,15.0,0.56,64.0,0.55,15.0,0.78,15.0,0.79,15.0,0.22,0.22,43.198259,1776186117000
1776186119.048,119.048,0.22,15.0,0.21,15.0,0.44,64.0,0.45,15.0,0.56,64.0,0.55,15.0,0.78,15.0,0.79,15.0,0.22,0.22,43.197263,1776186118000
1776186120.117,120.117,0.22,15.0,0.21,15.0,0.44,64.0,0.45,15.0,0.56,64.0,0.55,15.0,0.78,15.0,0.79,15.0,0.22,0.22,43.197514,1776186119000
1776186121.241,121.241,0.22,15.0,0.21,15.0,0.44,64.0,0.45,15.0,0.56,64.0,0.55,15.0,0.78,15.0,0.79,15.0,0.22,0.22,43.196967,1776186120000
1776186122.338,122.338,0.22,15.0,0.21,15.0,0.44,64.0,0.45,15.0,0.56,64.0,0.55,15.0,0.78,15.0,0.79,15.0,0.22,0.22,43.197601,1776186121000
1776186123.446,123.446,0.22,15.0,0.21,15.0,0.44,64.0,0.45,15.0,0.56,64.0,0.55,15.0,0.78,15.0,0.79,15.0,0.22,0.22,43.198319,1776186122000
1776186124.015,124.015,0.22,15.0,0.21,15.0,0.44,64.0,0.45,15.0,0.56,64.0,0.55,15.0,0.78,15.0,0.79,15.0,0.22,0.22,43.198525,1776186123000
1776186125.094,125.094,0.22,15.0,0.21,15.0,0.44,64.0,0.45,15.0,0.56,64.0,0.55,15.0,0.78,15.0,0.79,15.0,0.22,0.22,43.203006,1776186124000
1776186126.189,126.189,0.22,15.0,0.21,15.0,0.44,64.0,0.45,15.0,0.56,64.0,0.55,15.0,0.78,15.0,0.79,15.0,0.22,0.22,43.20424,1776186125000
1776186127.333,127.333,0.22,15.0,0.21,15.0,0.44,64.0,0.45,15.0,0.56,64.0,0.55,15.0,0.78,15.0,0.79,15.0,0.22,0.22,43.211085,1776186126000
1776186127.954,127.954,0.22,15.0,0.21,15.0,0.44,64.0,0.45,15.0,0.56,64.0,0.55,15.0,0.78,15.0,0.79,15.0,0.22,0.22,43.21192,1776186127000
1776186129.046,129.046,0.22,15.0,0.21,15.0,0.44,64.0,0.45,15.0,0.56,64.0,0.55,15.0,0.78,15.0,0.79,15.0,0.22,0.22,43.215162,1776186128000
1776186130.198,130.198,0.22,15.0,0.21,15.0,0.44,64.0,0.45,15.0,0.56,64.0,0.55,15.0,0.78,15.0,0.79,15.0,0.22,0.22,43.220729,1776186129000
1776186131.014,131.014,0.22,15.0,0.21,15.0,0.44,64.0,0.45,15.0,0.56,64.0,0.55,15.0,0.78,15.0,0.79,15.0,0.22,0.22,43.223193,1776186130000
1776186132.166,132.166,0.22,15.0,0.21,15.0,0.44,64.0,0.45,15.0,0.56,64.0,0.55,15.0,0.78,15.0,0.79,15.0,0.22,0.22,43.226364,1776186131000
1776186133.218,133.218,0.22,15.0,0.21,15.0,0.44,64.0,0.45,15.0,0.56,64.0,0.55,15.0,0.78,15.0,0.79,15.0,0.22,0.22,43.223943,1776186132000
1776186134.272,134.272,0.22,15.0,0.21,15.0,0.44,64.0,0.45,15.0,0.56,64.0,0.55,15.0,0.78,15.0,0.79,15.0,0.22,0.22,43.229238,1776186133000
1776186135.403,135.403,0.22,15.0,0.21,15.0,0.44,64.0,0.45,15.0,0.56,64.0,0.55,15.0,0.78,15.0,0.79,15.0,0.22,0.22,43.231453,1776186134000
1776186136.418,136.418,0.22,15.0,0.21,15.0,0.44,64.0,0.45,15.0,0.56,64.0,0.55,15.0,0.78,15.0,0.79,15.0,0.22,0.22,43.234317,1776186135000
1776186137.002,137.002,0.22,15.0,0.21,15.0,0.44,64.0,0.45,15.0,0.56,64.0,0.55,15.0,0.78,15.0,0.79,15.0,0.22,0.22,43.234776,1776186136000
1776186137.995,137.995,0.22,15.0,0.21,15.0,0.44,64.0,0.45,15.0,0.56,64.0,0.55,15.0,0.78,15.0,0.79,15.0,0.22,0.22,43.241202,1776186137000
1776186139.066,139.066,0.22,15.0,0.21,15.0,0.44,64.0,0.45,15.0,0.56,64.0,0.55,15.0,0.78,15.0,0.79,15.0,0.22,0.22,43.243121,1776186138000
1776186140.139,140.139,0.22,15.0,0.21,15.0,0.44,64.0,0.45,15.0,0.56,64.0,0.55,15.0,0.78,15.0,0.79,15.0,0.22,0.22,43.242573,1776186139000
1776186141.191,141.191,0.22,15.0,0.21,15.0,0.44,64.0,0.45,15.0,0.56,64.0,0.55,15.0,0.78,15.0,0.79,15.0,0.22,0.22,43.242489,1776186140000
1776186142.325,142.325,0.22,15.0,0.21,15.0,0.44,64.0,0.45,15.0,0.56,64.0,0.55,15.0,0.78,15.0,0.79,15.0,0.22,0.22,43.244996,1776186141000
1776186143.529,143.529,0.22,15.0,0.21,15.0,0.44,64.0,0.45,15.0,0.56,64.0,0.55,15.0,0.78,15.0,0.79,15.0,0.22,0.22,43.272259,1776186142000
1776186143.944,143.944,0.22,15.0,0.21,15.0,0.44,64.0,0.45,15.0,0.56,64.0,0.55,15.0,0.78,15.0,0.79,15.0,0.22,0.22,43.271273,1776186143000
1776186144.624,144.624,0.4,7.0,0.31,7.0,0.43,13.32,0.46,15.0,0.56,64.0,0.55,15.0,0.78,15.0,0.79,15.0,0.03,0.22,43.271273,1776186143000
1776186145.602,145.602,0.4,7.0,0.31,7.0,0.43,13.32,0.46,15.0,0.57,13.32,0.54,15.0,0.6,7.0,0.69,7.0,0.03,0.03,43.263934,1776186144000
1776186146.177,146.177,0.4,7.0,0.31,7.0,0.43,13.32,0.46,15.0,0.57,13.32,0.54,15.0,0.6,7.0,0.69,7.0,0.03,0.03,43.263934,1776186145000
1776186147.343,147.343,0.4,7.0,0.31,7.0,0.43,13.32,0.46,15.0,0.57,13.32,0.54,15.0,0.6,7.0,0.69,7.0,0.03,0.03,43.264328,1776186146000
1776186148.411,148.411,0.4,7.0,0.31,7.0,0.43,13.32,0.46,15.0,0.57,13.32,0.54,15.0,0.6,7.0,0.69,7.0,0.03,0.03,43.264498,1776186147000
1776186149.054,149.054,0.4,7.0,0.31,7.0,0.43,13.32,0.46,15.0,0.57,13.32,0.54,15.0,0.6,7.0,0.69,7.0,0.03,0.03,43.264571,1776186148000
1776186150.084,150.084,0.4,7.0,0.31,7.0,0.43,13.32,0.46,15.0,0.57,13.32,0.54,15.0,0.6,7.0,0.69,7.0,0.03,0.03,43.264118,1776186149000
1776186150.721,150.721,0.4,5.31,0.31,7.0,0.41,37.0,0.42,15.0,0.57,13.32,0.54,15.0,0.6,7.0,0.69,7.0,0.01,0.03,43.264118,1776186149000
1776186151.053,151.053,0.4,3.64,0.31,7.0,0.41,37.0,0.42,15.0,0.59,37.0,0.58,15.0,0.6,5.31,0.69,7.0,0.01,0.01,43.264118,1776186149000
1776186151.309,151.309,0.4,3.64,0.31,7.0,0.41,37.0,0.42,15.0,0.59,37.0,0.58,15.0,0.6,3.64,0.69,7.0,0.01,0.01,43.263594,1776186150000
1776186152.222,152.222,0.4,3.64,0.31,7.0,0.41,37.0,0.42,15.0,0.59,37.0,0.58,15.0,0.6,3.64,0.69,7.0,0.01,0.01,43.26425,1776186151000
1776186153.267,153.267,0.4,3.64,0.31,7.0,0.41,37.0,0.42,15.0,0.59,37.0,0.58,15.0,0.6,3.64,0.69,7.0,0.01,0.01,43.264358,1776186152000
1776186154.37,154.37,0.4,3.64,0.31,7.0,0.41,37.0,0.42,15.0,0.59,37.0,0.58,15.0,0.6,3.64,0.69,7.0,0.01,0.01,43.263804,1776186153000
1776186155.399,155.399,0.4,3.64,0.31,7.0,0.41,37.0,0.42,15.0,0.59,37.0,0.58,15.0,0.6,3.64,0.69,7.0,0.01,0.01,43.263634,1776186154000
1776186156.082,156.082,0.4,3.64,0.31,7.0,0.41,37.0,0.42,15.0,0.59,37.0,0.58,15.0,0.6,3.64,0.69,7.0,0.01,0.01,43.263617,1776186155000
1776186157.078,157.078,0.4,3.64,0.31,7.0,0.41,37.0,0.42,15.0,0.59,37.0,0.58,15.0,0.6,3.64,0.69,7.0,0.01,0.01,43.263213,1776186156000
1776186158.075,158.075,0.4,3.64,0.31,7.0,0.41,37.0,0.42,15.0,0.59,37.0,0.58,15.0,0.6,3.64,0.69,7.0,0.01,0.01,43.263352,1776186157000
1776186158.676,158.676,0.33,2.0,0.16,15.0,0.35,44.0,0.36,15.0,0.59,37.0,0.58,15.0,0.6,3.64,0.69,7.0,0.02,0.01,43.263352,1776186157000
1776186159.198,159.198,0.33,2.0,0.16,15.0,0.35,44.0,0.36,15.0,0.65,44.0,0.64,15.0,0.67,2.0,0.84,15.0,0.02,0.02,43.262391,1776186158000
1776186160.208,160.208,0.33,2.0,0.16,15.0,0.35,44.0,0.36,15.0,0.65,44.0,0.64,15.0,0.67,2.0,0.84,15.0,0.02,0.02,43.255795,1776186159000
1776186161.15,161.15,0.33,2.0,0.16,15.0,0.35,44.0,0.36,15.0,0.65,44.0,0.64,15.0,0.67,2.0,0.84,15.0,0.02,0.02,43.244116,1776186160000
1776186162.181,162.181,0.33,2.0,0.16,15.0,0.35,44.0,0.36,15.0,0.65,44.0,0.64,15.0,0.67,2.0,0.84,15.0,0.02,0.02,43.235928,1776186161000
1776186163.109,163.109,0.33,2.0,0.16,15.0,0.35,44.0,0.36,15.0,0.65,44.0,0.64,15.0,0.67,2.0,0.84,15.0,0.02,0.02,43.235742,1776186162000
1776186164.117,164.117,0.33,2.0,0.16,15.0,0.35,44.0,0.36,15.0,0.65,44.0,0.64,15.0,0.67,2.0,0.84,15.0,0.02,0.02,43.234699,1776186163000
1776186165.106,165.106,0.33,2.0,0.16,15.0,0.35,44.0,0.36,15.0,0.65,44.0,0.64,15.0,0.67,2.0,0.84,15.0,0.02,0.02,43.234378,1776186164000
1776186166.164,166.164,0.33,2.0,0.16,15.0,0.35,44.0,0.36,15.0,0.65,44.0,0.64,15.0,0.67,2.0,0.84,15.0,0.02,0.02,43.234935,1776186165000
1776186167.123,167.123,0.33,2.0,0.16,15.0,0.35,44.0,0.36,15.0,0.65,44.0,0.64,15.0,0.67,2.0,0.84,15.0,0.02,0.02,43.234935,1776186166000
1776186168.103,168.103,0.33,2.0,0.16,15.0,0.35,44.0,0.36,15.0,0.65,44.0,0.64,15.0,0.67,2.0,0.84,15.0,0.02,0.02,43.235749,1776186167000
1776186169.169,169.169,0.33,2.0,0.16,15.0,0.35,44.0,0.36,15.0,0.65,44.0,0.64,15.0,0.67,2.0,0.84,15.0,0.02,0.02,43.235566,1776186168000
1776186170.111,170.111,0.33,2.0,0.16,15.0,0.35,44.0,0.36,15.0,0.65,44.0,0.64,15.0,0.67,2.0,0.84,15.0,0.02,0.02,43.235706,1776186169000
1776186171.066,171.066,0.33,2.0,0.16,15.0,0.35,44.0,0.36,15.0,0.65,44.0,0.64,15.0,0.67,2.0,0.84,15.0,0.02,0.02,43.231776,1776186170000
1776186171.347,171.347,0.11,15.0,0.1,20.0,0.34,56.0,0.35,15.0,0.65,44.0,0.64,15.0,0.67,2.0,0.84,15.0,0.23,0.02,43.231776,1776186170000
1776186172.191,172.191,0.11,15.0,0.1,20.0,0.34,56.0,0.35,15.0,0.66,56.0,0.65,15.0,0.89,15.0,0.9,20.0,0.23,0.23,43.228085,1776186171000
1776186173.448,173.448,0.11,15.0,0.1,20.0,0.34,56.0,0.35,15.0,0.66,56.0,0.65,15.0,0.89,15.0,0.9,20.0,0.23,0.23,43.209621,1776186172000
1776186174.155,174.155,0.11,15.0,0.1,20.0,0.34,56.0,0.35,15.0,0.66,56.0,0.65,15.0,0.89,15.0,0.9,20.0,0.23,0.23,43.200756,1776186173000
1776186175.39,175.39,0.11,15.0,0.1,20.0,0.34,56.0,0.35,15.0,0.66,56.0,0.65,15.0,0.89,15.0,0.9,20.0,0.23,0.23,43.18683,1776186174000
1776186176.599,176.599,0.11,15.0,0.1,20.0,0.34,56.0,0.35,15.0,0.66,56.0,0.65,15.0,0.89,15.0,0.9,20.0,0.23,0.23,43.189759,1776186175000
1776186177.116,177.116,0.11,15.0,0.1,20.0,0.34,56.0,0.35,15.0,0.66,56.0,0.65,15.0,0.89,15.0,0.9,20.0,0.23,0.23,43.189759,1776186176000
1776186178.298,178.298,0.11,15.0,0.1,20.0,0.34,56.0,0.35,15.0,0.66,56.0,0.65,15.0,0.89,15.0,0.9,20.0,0.23,0.23,43.191999,1776186177000
1776186179.017,179.017,0.08,20.0,0.07,15.0,0.2,49.0,0.21,15.0,0.66,56.0,0.65,15.0,0.89,15.0,0.9,20.0,0.12,0.23,43.191999,1776186177000
1776186179.463,179.463,0.08,20.0,0.07,15.0,0.2,49.0,0.21,15.0,0.8,49.0,0.79,15.0,0.92,20.0,0.93,15.0,0.12,0.12,43.189969,1776186178000
1776186179.996,179.996,0.08,20.0,0.07,15.0,0.2,49.0,0.21,15.0,0.8,49.0,0.79,15.0,0.92,20.0,0.93,15.0,0.12,0.12,43.190495,1776186179000
1776186181.001,181.001,0.07,9.2,0.06,15.0,0.16,15.0,0.17,15.0,0.8,49.0,0.79,15.0,0.92,20.0,0.93,15.0,0.09,0.12,43.190495,1776186179000
1776186181.239,181.239,0.04,31.31,0.03,20.0,0.16,34.0,0.17,15.0,0.84,15.0,0.83,15.0,0.93,9.2,0.94,15.0,0.12,0.09,43.191126,1776186180000
1776186182.313,182.313,0.04,31.31,0.03,20.0,0.16,34.0,0.17,15.0,0.84,34.0,0.83,15.0,0.96,31.31,0.97,20.0,0.12,0.12,43.189344,1776186181000
1776186183.451,183.451,0.04,31.31,0.03,20.0,0.16,34.0,0.17,15.0,0.84,34.0,0.83,15.0,0.96,31.31,0.97,20.0,0.12,0.12,43.190081,1776186182000
1776186183.997,183.997,0.04,31.31,0.03,20.0,0.16,34.0,0.17,15.0,0.84,34.0,0.83,15.0,0.96,31.31,0.97,20.0,0.12,0.12,43.190081,1776186183000
1776186185.192,185.192,0.04,31.31,0.03,20.0,0.16,34.0,0.17,15.0,0.84,34.0,0.83,15.0,0.96,31.31,0.97,20.0,0.12,0.12,43.189674,1776186184000
1776186186.331,186.331,0.04,31.31,0.03,20.0,0.16,34.0,0.17,15.0,0.84,34.0,0.83,15.0,0.96,31.31,0.97,20.0,0.12,0.12,43.200203,1776186185000
1776186187.708,187.708,0.04,31.31,0.03,20.0,0.16,34.0,0.17,15.0,0.84,34.0,0.83,15.0,0.96,31.31,0.97,20.0,0.12,0.12,43.205035,1776186186000
1776186188.299,188.299,0.04,31.31,0.03,20.0,0.16,34.0,0.17,15.0,0.84,34.0,0.83,15.0,0.96,31.31,0.97,20.0,0.12,0.12,43.208534,1776186187000
1776186189.407,189.407,0.04,31.31,0.03,20.0,0.16,34.0,0.17,15.0,0.84,34.0,0.83,15.0,0.96,31.31,0.97,20.0,0.12,0.12,43.207113,1776186188000
1776186189.971,189.971,0.04,31.31,0.03,20.0,0.16,34.0,0.17,15.0,0.84,34.0,0.83,15.0,0.96,31.31,0.97,20.0,0.12,0.12,43.204412,1776186189000
1776186191.149,191.149,0.04,31.31,0.03,20.0,0.16,34.0,0.17,15.0,0.84,34.0,0.83,15.0,0.96,31.31,0.97,20.0,0.12,0.12,43.202299,1776186190000
1776186192.341,192.341,0.04,31.31,0.03,20.0,0.16,34.0,0.17,15.0,0.84,34.0,0.83,15.0,0.96,31.31,0.97,20.0,0.12,0.12,43.203582,1776186191000
1776186193.486,193.486,0.04,31.31,0.03,20.0,0.16,34.0,0.17,15.0,0.84,34.0,0.83,15.0,0.96,31.31,0.97,20.0,0.12,0.12,43.205264,1776186192000
1776186194.023,194.023,0.04,31.31,0.03,20.0,0.16,34.0,0.17,15.0,0.84,34.0,0.83,15.0,0.96,31.31,0.97,20.0,0.12,0.12,43.205042,1776186193000
1776186195.208,195.208,0.04,31.31,0.03,20.0,0.16,34.0,0.17,15.0,0.84,34.0,0.83,15.0,0.96,31.31,0.97,20.0,0.12,0.12,43.209422,1776186194000
1776186196.752,196.752,0.04,31.31,0.03,20.0,0.16,34.0,0.17,15.0,0.84,34.0,0.83,15.0,0.96,31.31,0.97,20.0,0.12,0.12,43.213618,1776186195000
1776186197.136,197.136,0.04,31.31,0.03,20.0,0.16,34.0,0.17,15.0,0.84,34.0,0.83,15.0,0.96,31.31,0.97,20.0,0.12,0.12,43.214041,1776186196000
1776186198.239,198.239,0.04,31.31,0.03,20.0,0.16,34.0,0.17,15.0,0.84,34.0,0.83,15.0,0.96,31.31,0.97,20.0,0.12,0.12,43.212589,1776186197000
1776186199.477,199.477,0.04,31.31,0.03,20.0,0.16,34.0,0.17,15.0,0.84,34.0,0.83,15.0,0.96,31.31,0.97,20.0,0.12,0.12,43.212171,1776186198000
1776186200.059,200.059,0.04,31.31,0.03,20.0,0.16,34.0,0.17,15.0,0.84,34.0,0.83,15.0,0.96,31.31,0.97,20.0,0.12,0.12,43.212002,1776186199000
1776186201.115,201.115,0.04,31.31,0.03,20.0,0.16,34.0,0.17,15.0,0.84,34.0,0.83,15.0,0.96,31.31,0.97,20.0,0.12,0.12,43.213386,1776186200000
1776186202.802,202.802,0.04,31.31,0.03,20.0,0.16,34.0,0.17,15.0,0.84,34.0,0.83,15.0,0.96,31.31,0.97,20.0,0.12,0.12,43.218061,1776186201000
1776186203.681,203.681,0.04,31.31,0.03,20.0,0.16,34.0,0.17,15.0,0.84,34.0,0.83,15.0,0.96,31.31,0.97,20.0,0.12,0.12,43.226482,1776186202000
1776186204.422,204.422,0.04,31.31,0.03,20.0,0.16,34.0,0.17,15.0,0.84,34.0,0.83,15.0,0.96,31.31,0.97,20.0,0.12,0.12,43.220514,1776186203000
1776186205.138,205.138,0.04,31.31,0.03,20.0,0.16,34.0,0.17,15.0,0.84,34.0,0.83,15.0,0.96,31.31,0.97,20.0,0.12,0.12,43.220088,1776186204000
1776186206.685,206.685,0.04,31.31,0.03,20.0,0.16,34.0,0.17,15.0,0.84,34.0,0.83,15.0,0.96,31.31,0.97,20.0,0.12,0.12,43.21326,1776186205000
1776186207.38,207.38,0.04,31.31,0.03,20.0,0.16,34.0,0.17,15.0,0.84,34.0,0.83,15.0,0.96,31.31,0.97,20.0,0.12,0.12,43.219207,1776186206000
1776186208.083,208.083,0.04,31.31,0.03,20.0,0.16,34.0,0.17,15.0,0.84,34.0,0.83,15.0,0.96,31.31,0.97,20.0,0.12,0.12,43.216675,1776186207000
1776186209.468,209.468,0.04,31.31,0.03,20.0,0.16,34.0,0.17,15.0,0.84,34.0,0.83,15.0,0.96,31.31,0.97,20.0,0.12,0.12,43.217109,1776186208000
1776186210.212,210.212,0.04,31.31,0.03,20.0,0.16,34.0,0.17,15.0,0.84,34.0,0.83,15.0,0.96,31.31,0.97,20.0,0.12,0.12,43.217251,1776186209000
1776186210.442,210.442,0.06,14.95,0.05,35.0,0.11,15.0,0.12,15.0,0.84,34.0,0.83,15.0,0.96,31.31,0.97,20.0,0.05,0.12,43.217251,1776186209000
1776186211.963,211.963,0.06,9.9,0.05,35.0,0.11,15.0,0.12,15.0,0.89,15.0,0.88,15.0,0.94,9.9,0.95,35.0,0.05,0.05,43.218603,1776186210000
1776186212.614,212.614,0.06,9.9,0.05,35.0,0.11,15.0,0.12,15.0,0.89,15.0,0.88,15.0,0.94,9.9,0.95,35.0,0.05,0.05,43.218971,1776186211000
1776186213.163,213.163,0.05,4.0,0.04,31.31,0.09,15.0,0.1,15.0,0.91,15.0,0.9,15.0,0.95,9.0,0.96,31.31,0.04,0.04,43.218971,1776186211000
1776186213.503,213.503,0.05,4.0,0.04,31.31,0.09,15.0,0.1,15.0,0.91,15.0,0.9,15.0,0.95,4.0,0.96,31.31,0.04,0.04,43.217633,1776186212000
1776186214.153,214.153,0.05,4.0,0.04,31.31,0.09,15.0,0.1,15.0,0.91,15.0,0.9,15.0,0.95,4.0,0.96,31.31,0.04,0.04,43.217482,1776186213000
1776186214.993,214.993,0.05,0.84,0.04,31.31,0.09,15.0,0.1,15.0,0.91,15.0,0.9,15.0,0.95,4.0,0.96,31.31,0.04,0.04,43.217482,1776186213000
1776186215.619,215.619,0.05,0.84,0.04,31.31,0.09,15.0,0.1,15.0,0.91,15.0,0.9,15.0,0.95,0.84,0.96,31.31,0.04,0.04,43.217126,1776186214000
1776186216.238,216.238,0.05,0.84,0.04,31.31,0.09,15.0,0.1,15.0,0.91,15.0,0.9,15.0,0.95,0.84,0.96,31.31,0.04,0.04,43.21566,1776186215000
1776186217.696,217.696,0.05,0.84,0.04,31.31,0.09,15.0,0.1,15.0,0.91,15.0,0.9,15.0,0.95,0.84,0.96,31.31,0.04,0.04,43.216678,1776186216000
1776186218.397,218.397,0.05,0.84,0.04,31.31,0.09,15.0,0.1,15.0,0.91,15.0,0.9,15.0,0.95,0.84,0.96,31.31,0.04,0.04,43.216678,1776186217000
1776186219.296,219.296,0.05,0.84,0.04,31.31,0.09,15.0,0.1,15.0,0.91,15.0,0.9,15.0,0.95,0.84,0.96,31.31,0.04,0.04,43.218215,1776186218000
1776186220.704,220.704,0.05,0.84,0.04,31.31,0.09,15.0,0.1,15.0,0.91,15.0,0.9,15.0,0.95,0.84,0.96,31.31,0.04,0.04,43.218279,1776186219000
1776186222.028,222.028,0.05,0.84,0.04,31.31,0.09,15.0,0.1,15.0,0.91,15.0,0.9,15.0,0.95,0.84,0.96,31.31,0.04,0.04,43.218316,1776186220000
1776186222.58,222.58,0.05,0.84,0.04,31.31,0.09,15.0,0.1,15.0,0.91,15.0,0.9,15.0,0.95,0.84,0.96,31.31,0.04,0.04,43.21783,1776186221000
1776186223.193,223.193,0.05,0.84,0.04,31.31,0.09,15.0,0.1,15.0,0.91,15.0,0.9,15.0,0.95,0.84,0.96,31.31,0.04,0.04,43.217814,1776186222000
1776186224.334,224.334,0.05,0.84,0.04,31.31,0.09,15.0,0.1,15.0,0.91,15.0,0.9,15.0,0.95,0.84,0.96,31.31,0.04,0.04,43.21746,1776186223000
1776186225.467,225.467,0.05,0.84,0.04,31.31,0.09,15.0,0.1,15.0,0.91,15.0,0.9,15.0,0.95,0.84,0.96,31.31,0.04,0.04,43.216205,1776186224000
1776186226.094,226.094,0.05,0.84,0.04,31.31,0.09,15.0,0.1,15.0,0.91,15.0,0.9,15.0,0.95,0.84,0.96,31.31,0.04,0.04,43.216358,1776186225000
1776186227.108,227.108,0.05,0.84,0.04,31.31,0.09,15.0,0.1,15.0,0.91,15.0,0.9,15.0,0.95,0.84,0.96,31.31,0.04,0.04,43.216358,1776186226000
1776186228.278,228.278,0.05,0.84,0.04,31.31,0.09,15.0,0.1,15.0,0.91,15.0,0.9,15.0,0.95,0.84,0.96,31.31,0.04,0.04,43.216162,1776186227000
1776186229.313,229.313,0.05,0.84,0.04,31.31,0.09,15.0,0.1,15.0,0.91,15.0,0.9,15.0,0.95,0.84,0.96,31.31,0.04,0.04,43.216162,1776186228000
1776186230.457,230.457,0.05,0.84,0.04,31.31,0.09,15.0,0.1,15.0,0.91,15.0,0.9,15.0,0.95,0.84,0.96,31.31,0.04,0.04,43.216162,1776186229000
1776186230.836,230.836,0.01,268.38,,,0.05,15.0,0.06,15.0,0.91,15.0,0.9,15.0,0.95,0.84,0.96,31.31,0.04,0.04,43.216162,1776186229000
1776186231.044,231.044,0.01,268.38,,,0.05,15.0,0.06,15.0,0.95,15.0,0.94,15.0,0.99,268.38,,,0.04,0.04,43.21616,1776186230000
1776186231.314,231.314,0.01,263.38,,,0.05,15.0,0.06,15.0,0.95,15.0,0.94,15.0,0.99,268.38,,,0.04,0.04,43.21616,1776186230000
1776186232.262,232.262,0.01,263.38,,,0.05,15.0,0.06,15.0,0.95,15.0,0.94,15.0,0.99,263.38,,,0.04,0.04,43.20976,1776186231000
1776186233.059,233.059,0.01,263.38,,,0.05,15.0,0.06,15.0,0.95,15.0,0.94,15.0,0.99,263.38,,,0.04,0.04,43.200074,1776186232000
1776186233.53,233.53,0.01,230.05,,,0.03,15.0,0.04,15.0,0.95,15.0,0.94,15.0,0.99,263.38,,,0.02,0.04,43.200074,1776186232000
1776186234.096,234.096,0.01,230.05,,,0.03,15.0,0.04,15.0,0.97,15.0,0.96,15.0,0.99,230.05,,,0.02,0.02,43.188274,1776186233000
1776186235.199,235.199,0.01,230.05,,,0.03,15.0,0.04,15.0,0.97,15.0,0.96,15.0,0.99,230.05,,,0.02,0.02,43.187655,1776186234000
1776186235.615,235.615,0.01,227.01,,,0.02,15.0,0.03,15.0,0.97,15.0,0.96,15.0,0.99,230.05,,,0.01,0.02,43.187655,1776186234000
1776186236.119,236.119,0.01,227.01,,,0.02,15.0,0.03,15.0,0.98,15.0,0.97,15.0,0.99,227.01,,,0.01,0.01,43.186615,1776186235000
1776186237.269,237.269,0.01,227.01,,,0.02,15.0,0.03,15.0,0.98,15.0,0.97,15.0,0.99,227.01,,,0.01,0.01,43.185582,1776186236000
1776186238.383,238.383,0.01,227.01,,,0.02,15.0,0.03,15.0,0.98,15.0,0.97,15.0,0.99,227.01,,,0.01,0.01,43.184645,1776186237000
1776186238.962,238.962,0.01,227.01,,,0.02,15.0,0.03,15.0,0.98,15.0,0.97,15.0,0.99,227.01,,,0.01,0.01,43.184645,1776186238000
1776186240.029,240.029,0.01,227.01,,,0.02,15.0,0.03,15.0,0.98,15.0,0.97,15.0,0.99,227.01,,,0.01,0.01,43.183148,1776186239000
1776186241.053,241.053,0.01,227.01,,,0.02,15.0,0.03,15.0,0.98,15.0,0.97,15.0,0.99,227.01,,,0.01,0.01,43.182155,1776186240000
1776186241.823,241.823,0.01,206.95,,,0.02,15.0,0.03,15.0,0.98,15.0,0.97,15.0,0.99,227.01,,,0.01,0.01,43.182155,1776186240000
1776186242.119,242.119,0.01,206.95,,,0.02,15.0,0.03,15.0,0.98,15.0,0.97,15.0,0.99,206.95,,,0.01,0.01,43.182662,1776186241000
1776186243.162,243.162,0.01,206.95,,,0.02,15.0,0.03,15.0,0.98,15.0,0.97,15.0,0.99,206.95,,,0.01,0.01,43.182598,1776186242000
1776186244.464,244.464,0.01,206.95,,,0.02,15.0,0.03,15.0,0.98,15.0,0.97,15.0,0.99,206.95,,,0.01,0.01,43.1827,1776186243000
1776186245.342,245.342,0.01,206.95,,,0.02,15.0,0.03,15.0,0.98,15.0,0.97,15.0,0.99,206.95,,,0.01,0.01,43.182889,1776186244000
1776186245.867,245.867,0.01,206.95,,,0.02,15.0,0.03,15.0,0.98,15.0,0.97,15.0,0.99,206.95,,,0.01,0.01,43.183329,1776186245000
1776186246.964,246.964,0.01,206.95,,,0.02,15.0,0.03,15.0,0.98,15.0,0.97,15.0,0.99,206.95,,,0.01,0.01,43.183476,1776186246000
1776186247.984,247.984,0.01,206.95,,,0.02,15.0,0.03,15.0,0.98,15.0,0.97,15.0,0.99,206.95,,,0.01,0.01,43.183568,1776186247000
1776186249.045,249.045,0.01,206.95,,,0.02,15.0,0.03,15.0,0.98,15.0,0.97,15.0,0.99,206.95,,,0.01,0.01,43.19507,1776186248000
1776186250.266,250.266,0.01,206.95,,,0.02,15.0,0.03,15.0,0.98,15.0,0.97,15.0,0.99,206.95,,,0.01,0.01,43.197018,1776186249000
1776186251.926,251.926,0.01,206.95,,,0.02,15.0,0.03,15.0,0.98,15.0,0.97,15.0,0.99,206.95,,,0.01,0.01,43.194539,1776186250000
1776186252.775,252.775,0.01,206.95,,,0.02,15.0,0.03,15.0,0.98,15.0,0.97,15.0,0.99,206.95,,,0.01,0.01,43.19031,1776186251000
1776186253.471,253.471,0.01,206.95,,,0.02,15.0,0.03,15.0,0.98,15.0,0.97,15.0,0.99,206.95,,,0.01,0.01,43.185962,1776186252000
1776186254.2,254.2,0.01,206.95,,,0.02,15.0,0.03,15.0,0.98,15.0,0.97,15.0,0.99,206.95,,,0.01,0.01,43.185959,1776186253000
1776186254.574,254.574,0.01,176.91,,,0.02,15.0,0.03,15.0,0.98,15.0,0.97,15.0,0.99,206.95,,,0.01,0.01,43.185959,1776186253000
1776186255.022,255.022,0.01,166.81,,,0.02,15.0,0.03,15.0,0.98,15.0,0.97,15.0,0.99,176.91,,,0.01,0.01,43.185959,1776186253000
1776186255.846,255.846,0.01,156.71,,,0.02,15.0,0.03,15.0,0.98,15.0,0.97,15.0,0.99,156.71,,,0.01,0.01,43.185505,1776186254000
1776186256.444,256.444,0.01,156.71,,,0.02,15.0,0.03,15.0,0.98,15.0,0.97,15.0,0.99,156.71,,,0.01,0.01,43.185505,1776186255000
1776186257.22,257.22,0.01,156.71,,,0.02,15.0,0.03,15.0,0.98,15.0,0.97,15.0,0.99,156.71,,,0.01,0.01,43.184919,1776186256000
1776186258.572,258.572,0.01,156.71,,,0.02,15.0,0.03,15.0,0.98,15.0,0.97,15.0,0.99,156.71,,,0.01,0.01,43.185014,1776186257000
1776186259.355,259.355,0.01,156.71,,,0.02,15.0,0.03,15.0,0.98,15.0,0.97,15.0,0.99,156.71,,,0.01,0.01,43.18472,1776186258000
1776186260.703,260.703,0.01,156.71,,,0.02,15.0,0.03,15.0,0.98,15.0,0.97,15.0,0.99,156.71,,,0.01,0.01,43.185255,1776186259000
1776186261.39,261.39,0.01,156.71,,,0.02,15.0,0.03,15.0,0.98,15.0,0.97,15.0,0.99,156.71,,,0.01,0.01,43.185329,1776186260000
1776186262.135,262.135,0.01,156.71,,,0.02,15.0,0.03,15.0,0.98,15.0,0.97,15.0,0.99,156.71,,,0.01,0.01,43.185329,1776186261000
1776186263.019,263.019,0.01,144.65,,,0.02,15.0,0.03,15.0,0.98,15.0,0.97,15.0,0.99,156.71,,,0.01,0.01,43.185329,1776186261000
1776186263.579,263.579,0.01,144.65,,,0.02,15.0,0.03,15.0,0.98,15.0,0.97,15.0,0.99,144.65,,,0.01,0.01,43.192472,1776186262000
1776186264.318,264.318,0.01,144.65,,,0.02,15.0,0.03,15.0,0.98,15.0,0.97,15.0,0.99,144.65,,,0.01,0.01,43.192756,1776186263000
1776186265.832,265.832,0.01,144.65,,,0.02,15.0,0.03,15.0,0.98,15.0,0.97,15.0,0.99,144.65,,,0.01,0.01,43.194273,1776186264000
1776186266.885,266.885,0.01,144.65,,,0.02,15.0,0.03,15.0,0.98,15.0,0.97,15.0,0.99,144.65,,,0.01,0.01,43.194566,1776186265000
1776186267.293,267.293,0.01,144.65,,,0.02,15.0,0.03,15.0,0.98,15.0,0.97,15.0,0.99,144.65,,,0.01,0.01,43.194092,1776186266000
1776186268.998,268.998,0.01,144.65,,,0.02,15.0,0.03,15.0,0.98,15.0,0.97,15.0,0.99,144.65,,,0.01,0.01,43.194272,1776186268000
1776186269.279,269.279,0.01,124.65,,,0.02,15.0,0.03,15.0,0.98,15.0,0.97,15.0,0.99,144.65,,,0.01,0.01,43.194272,1776186268000
1776186269.992,269.992,0.01,124.65,,,0.02,15.0,0.03,15.0,0.98,15.0,0.97,15.0,0.99,124.65,,,0.01,0.01,43.194008,1776186269000
1776186270.713,270.713,0.01,109.5,,,0.02,15.0,0.03,15.0,0.98,15.0,0.97,15.0,0.99,124.65,,,0.01,0.01,43.194008,1776186269000
1776186271.106,271.106,0.01,99.4,,,0.02,15.0,0.03,15.0,0.98,15.0,0.97,15.0,0.99,99.4,,,0.01,0.01,43.194006,1776186270000
1776186271.974,271.974,0.01,87.37,,,0.02,15.0,0.03,15.0,0.98,15.0,0.97,15.0,0.99,89.4,,,0.01,0.01,43.194006,1776186270000
1776186272.221,272.221,0.01,67.37,,,0.02,15.0,0.03,15.0,0.98,15.0,0.97,15.0,0.99,67.37,,,0.01,0.01,43.191323,1776186271000
1776186273.279,273.279,0.01,57.37,,,0.02,15.0,0.03,15.0,0.98,15.0,0.97,15.0,0.99,67.37,,,0.01,0.01,43.191323,1776186271000
1776186273.507,273.507,0.01,56.35,,,0.02,15.0,0.03,15.0,0.98,15.0,0.97,15.0,0.99,57.37,,,0.01,0.01,43.188211,1776186272000
1776186274.146,274.146,0.01,46.35,,,0.02,15.0,0.03,15.0,0.98,15.0,0.97,15.0,0.99,56.35,,,0.01,0.01,43.188211,1776186272000
1776186274.379,274.379,0.01,46.35,,,0.02,15.0,0.03,15.0,0.98,15.0,0.97,15.0,0.99,46.35,,,0.01,0.01,43.187474,1776186273000
1776186274.9,274.9,0.01,46.35,,,0.02,15.0,0.03,15.0,0.98,15.0,0.97,15.0,0.99,46.35,,,0.01,0.01,43.187474,1776186274000
1776186276.029,276.029,0.01,46.35,,,0.02,15.0,0.03,15.0,0.98,15.0,0.97,15.0,0.99,46.35,,,0.01,0.01,43.184189,1776186275000
1776186276.706,276.706,,,,,0.01,953.65,0.13,48.0,0.98,15.0,0.97,15.0,0.99,46.35,,,,0.01,43.184189,1776186275000
1776186277.082,277.082,,,,,0.01,953.65,0.13,48.0,0.99,953.65,0.87,48.0,,,,,,,43.184267,1776186276000
1776186278.206,278.206,,,,,0.01,953.65,0.13,48.0,0.99,953.65,0.87,48.0,,,,,,,43.184929,1776186277000
1776186279.242,279.242,,,,,0.01,953.65,0.13,48.0,0.99,953.65,0.87,48.0,,,,,,,43.184273,1776186278000
1776186280.37,280.37,,,,,0.01,953.65,0.13,48.0,0.99,953.65,0.87,48.0,,,,,,,43.184145,1776186279000
1776186281.362,281.362,,,,,0.01,953.65,0.13,48.0,0.99,953.65,0.87,48.0,,,,,,,43.184485,1776186280000
1776186285.222,285.222,,,,,0.01,953.65,0.13,48.0,0.99,953.65,0.87,48.0,,,,,,,43.184081,1776186281000
1776186285.455,285.455,,,,,0.01,953.65,0.13,48.0,0.99,953.65,0.87,48.0,,,,,,,43.18402,1776186284000
1776186286.625,286.625,,,,,0.01,953.65,0.13,48.0,0.99,953.65,0.87,48.0,,,,,,,43.183384,1776186285000
1776186286.987,286.987,,,,,0.01,953.65,0.13,48.0,0.99,953.65,0.87,48.0,,,,,,,43.18354,1776186286000
1776186287.98,287.98,,,,,0.01,953.65,0.13,48.0,0.99,953.65,0.87,48.0,,,,,,,43.181787,1776186287000
1776186289.101,289.101,,,,,0.01,953.65,0.13,48.0,0.99,953.65,0.87,48.0,,,,,,,43.181776,1776186288000
1776186290.175,290.175,,,,,0.01,953.65,0.13,48.0,0.99,953.65,0.87,48.0,,,,,,,43.18146,1776186289000
1776186291.282,291.282,,,,,0.01,953.65,0.13,48.0,0.99,953.65,0.87,48.0,,,,,,,43.177591,1776186290000
1776186292.375,292.375,,,,,0.01,953.65,0.13,48.0,0.99,953.65,0.87,48.0,,,,,,,43.172281,1776186291000
1776186293.305,293.305,,,,,0.01,953.65,0.13,48.0,0.99,953.65,0.87,48.0,,,,,,,43.164586,1776186292000
1776186294.558,294.558,,,,,0.01,953.65,0.13,48.0,0.99,953.65,0.87,48.0,,,,,,,43.164171,1776186293000
1776186295.097,295.097,,,,,0.01,953.65,0.13,48.0,0.99,953.65,0.87,48.0,,,,,,,43.165101,1776186294000
1776186296.221,296.221,,,,,0.01,953.65,0.13,48.0,0.99,953.65,0.87,48.0,,,,,,,43.164386,1776186295000
1776186297.35,297.35,,,,,0.01,953.65,0.13,48.0,0.99,953.65,0.87,48.0,,,,,,,43.169719,1776186296000
1776186298.594,298.594,,,,,0.01,953.65,0.13,48.0,0.99,953.65,0.87,48.0,,,,,,,43.17035,1776186297000
1776186299.119,299.119,,,,,0.01,953.65,0.13,48.0,0.99,953.65,0.87,48.0,,,,,,,43.170114,1776186298000
1776186300.109,300.109,,,,,0.01,953.65,0.13,48.0,0.99,953.65,0.87,48.0,,,,,,,43.170401,1776186299000

# RESULT,winner=Down,slug=hype-updown-5m-1776186000,ticks=324
