timestamp,elapsed_sec,up_bid_p1,up_bid_s1,up_bid_p2,up_bid_s2,up_bid_p3,up_bid_s3,up_bid_p4,up_bid_s4,up_bid_p5,up_bid_s5,up_ask_p1,up_ask_s1,up_ask_p2,up_ask_s2,up_ask_p3,up_ask_s3,up_ask_p4,up_ask_s4,up_ask_p5,up_ask_s5,down_bid_p1,down_bid_s1,down_bid_p2,down_bid_s2,down_bid_p3,down_bid_s3,down_bid_p4,down_bid_s4,down_bid_p5,down_bid_s5,down_ask_p1,down_ask_s1,down_ask_p2,down_ask_s2,down_ask_p3,down_ask_s3,down_ask_p4,down_ask_s4,down_ask_p5,down_ask_s5,up_spread,down_spread,hype_price,hype_oracle_ts
1776161700.543,0.543,0.41,13.0,0.4,8.0,0.39,8.0,0.38,8.0,0.37,9.0,0.59,13.0,0.6,8.0,0.61,8.0,0.62,8.0,0.63,9.0,0.48,10.0,0.47,41.0,0.46,41.0,0.45,45.0,0.44,80.0,0.52,5.0,0.53,31.0,0.54,41.0,0.55,45.0,0.56,80.0,0.18,0.04,44.934595,1776161699000
1776161701.328,1.328,0.41,13.0,0.4,8.0,0.39,8.0,0.38,8.0,0.37,9.0,0.59,13.0,0.6,8.0,0.61,8.0,0.62,8.0,0.63,9.0,0.41,13.0,0.4,8.0,0.39,8.0,0.38,8.0,0.37,9.0,0.59,13.0,0.6,8.0,0.61,8.0,0.62,8.0,0.63,9.0,0.18,0.18,44.934638,1776161700000
1776161701.919,1.919,0.41,13.0,0.4,8.0,0.39,8.0,0.38,8.0,0.37,9.0,0.59,13.0,0.6,8.0,0.61,8.0,0.62,8.0,0.63,9.0,0.41,13.0,0.4,8.0,0.39,8.0,0.38,8.0,0.37,9.0,0.59,13.0,0.6,8.0,0.61,8.0,0.62,8.0,0.63,9.0,0.18,0.18,44.934618,1776161701000
1776161703.09,3.09,0.41,13.0,0.4,8.0,0.39,8.0,0.38,8.0,0.37,9.0,0.59,13.0,0.6,8.0,0.61,8.0,0.62,8.0,0.63,9.0,0.41,13.0,0.4,8.0,0.39,8.0,0.38,8.0,0.37,9.0,0.59,13.0,0.6,8.0,0.61,8.0,0.62,8.0,0.63,9.0,0.18,0.18,44.934276,1776161702000
1776161704.332,4.332,0.41,13.0,0.4,8.0,0.39,8.0,0.38,8.0,0.37,9.0,0.59,13.0,0.6,8.0,0.61,8.0,0.62,8.0,0.63,9.0,0.41,13.0,0.4,8.0,0.39,8.0,0.38,8.0,0.37,9.0,0.59,13.0,0.6,8.0,0.61,8.0,0.62,8.0,0.63,9.0,0.18,0.18,44.934269,1776161703000
1776161705.366,5.366,0.41,13.0,0.4,8.0,0.39,8.0,0.38,8.0,0.37,9.0,0.59,13.0,0.6,8.0,0.61,8.0,0.62,8.0,0.63,9.0,0.41,13.0,0.4,8.0,0.39,8.0,0.38,8.0,0.37,9.0,0.59,13.0,0.6,8.0,0.61,8.0,0.62,8.0,0.63,9.0,0.18,0.18,44.934182,1776161704000
1776161705.973,5.973,0.41,13.0,0.4,8.0,0.39,8.0,0.38,8.0,0.37,9.0,0.59,13.0,0.6,8.0,0.61,8.0,0.62,8.0,0.63,9.0,0.41,13.0,0.4,8.0,0.39,8.0,0.38,8.0,0.37,9.0,0.59,13.0,0.6,8.0,0.61,8.0,0.62,8.0,0.63,9.0,0.18,0.18,44.93725,1776161705000
1776161707.129,7.129,0.41,13.0,0.4,8.0,0.39,8.0,0.38,8.0,0.37,9.0,0.59,13.0,0.6,8.0,0.61,8.0,0.62,8.0,0.63,9.0,0.41,13.0,0.4,8.0,0.39,8.0,0.38,8.0,0.37,9.0,0.59,13.0,0.6,8.0,0.61,8.0,0.62,8.0,0.63,9.0,0.18,0.18,44.92739,1776161706000
1776161708.398,8.398,0.41,13.0,0.4,8.0,0.39,8.0,0.38,8.0,0.37,9.0,0.59,13.0,0.6,8.0,0.61,8.0,0.62,8.0,0.63,9.0,0.41,13.0,0.4,8.0,0.39,8.0,0.38,8.0,0.37,9.0,0.59,13.0,0.6,8.0,0.61,8.0,0.62,8.0,0.63,9.0,0.18,0.18,44.922867,1776161707000
1776161709.353,9.353,0.41,13.0,0.4,8.0,0.39,8.0,0.38,8.0,0.37,9.0,0.59,13.0,0.6,8.0,0.61,8.0,0.62,8.0,0.63,9.0,0.41,13.0,0.4,8.0,0.39,8.0,0.38,8.0,0.37,9.0,0.59,13.0,0.6,8.0,0.61,8.0,0.62,8.0,0.63,9.0,0.18,0.18,44.923083,1776161708000
1776161710.284,10.284,0.41,13.0,0.4,8.0,0.39,8.0,0.38,8.0,0.37,9.0,0.59,13.0,0.6,8.0,0.61,8.0,0.62,8.0,0.63,9.0,0.41,13.0,0.4,8.0,0.39,8.0,0.38,8.0,0.37,9.0,0.59,13.0,0.6,8.0,0.61,8.0,0.62,8.0,0.63,9.0,0.18,0.18,44.923865,1776161709000
1776161711.251,11.251,0.41,13.0,0.4,8.0,0.39,8.0,0.38,8.0,0.37,9.0,0.59,13.0,0.6,8.0,0.61,8.0,0.62,8.0,0.63,9.0,0.41,13.0,0.4,8.0,0.39,8.0,0.38,8.0,0.37,9.0,0.59,13.0,0.6,8.0,0.61,8.0,0.62,8.0,0.63,9.0,0.18,0.18,44.924194,1776161710000
1776161712.143,12.143,0.41,13.0,0.4,8.0,0.39,8.0,0.38,8.0,0.37,9.0,0.59,13.0,0.6,8.0,0.61,8.0,0.62,8.0,0.63,9.0,0.41,13.0,0.4,8.0,0.39,8.0,0.38,8.0,0.37,9.0,0.59,13.0,0.6,8.0,0.61,8.0,0.62,8.0,0.63,9.0,0.18,0.18,44.924648,1776161711000
1776161713.107,13.107,0.41,13.0,0.4,8.0,0.39,8.0,0.38,8.0,0.37,9.0,0.59,13.0,0.6,8.0,0.61,8.0,0.62,8.0,0.63,9.0,0.41,13.0,0.4,8.0,0.39,8.0,0.38,8.0,0.37,9.0,0.59,13.0,0.6,8.0,0.61,8.0,0.62,8.0,0.63,9.0,0.18,0.18,44.925039,1776161712000
1776161714.131,14.131,0.41,13.0,0.4,8.0,0.39,8.0,0.38,8.0,0.37,9.0,0.59,13.0,0.6,8.0,0.61,8.0,0.62,8.0,0.63,9.0,0.41,13.0,0.4,8.0,0.39,8.0,0.38,8.0,0.37,9.0,0.59,13.0,0.6,8.0,0.61,8.0,0.62,8.0,0.63,9.0,0.18,0.18,44.925314,1776161713000
1776161715.075,15.075,0.41,13.0,0.4,8.0,0.39,8.0,0.38,8.0,0.37,9.0,0.59,13.0,0.6,8.0,0.61,8.0,0.62,8.0,0.63,9.0,0.41,13.0,0.4,8.0,0.39,8.0,0.38,8.0,0.37,9.0,0.59,13.0,0.6,8.0,0.61,8.0,0.62,8.0,0.63,9.0,0.18,0.18,44.926133,1776161714000
1776161716.05,16.05,0.41,13.0,0.4,8.0,0.39,8.0,0.38,8.0,0.37,9.0,0.59,13.0,0.6,8.0,0.61,8.0,0.62,8.0,0.63,9.0,0.41,13.0,0.4,8.0,0.39,8.0,0.38,8.0,0.37,9.0,0.59,13.0,0.6,8.0,0.61,8.0,0.62,8.0,0.63,9.0,0.18,0.18,44.925482,1776161715000
1776161717.0,17.0,0.41,13.0,0.4,8.0,0.39,8.0,0.38,8.0,0.37,9.0,0.59,13.0,0.6,8.0,0.61,8.0,0.62,8.0,0.63,9.0,0.41,13.0,0.4,8.0,0.39,8.0,0.38,8.0,0.37,9.0,0.59,13.0,0.6,8.0,0.61,8.0,0.62,8.0,0.63,9.0,0.18,0.18,44.925706,1776161716000
1776161717.96,17.96,0.41,13.0,0.4,8.0,0.39,8.0,0.38,8.0,0.37,9.0,0.59,13.0,0.6,8.0,0.61,8.0,0.62,8.0,0.63,9.0,0.41,13.0,0.4,8.0,0.39,8.0,0.38,8.0,0.37,9.0,0.59,13.0,0.6,8.0,0.61,8.0,0.62,8.0,0.63,9.0,0.18,0.18,44.924943,1776161717000
1776161718.942,18.942,0.41,13.0,0.4,8.0,0.39,8.0,0.38,8.0,0.37,9.0,0.59,13.0,0.6,8.0,0.61,8.0,0.62,8.0,0.63,9.0,0.41,13.0,0.4,8.0,0.39,8.0,0.38,8.0,0.37,9.0,0.59,13.0,0.6,8.0,0.61,8.0,0.62,8.0,0.63,9.0,0.18,0.18,44.922575,1776161718000
1776161720.02,20.02,0.41,13.0,0.4,8.0,0.39,8.0,0.38,8.0,0.37,9.0,0.59,13.0,0.6,8.0,0.61,8.0,0.62,8.0,0.63,9.0,0.41,13.0,0.4,8.0,0.39,8.0,0.38,8.0,0.37,9.0,0.59,13.0,0.6,8.0,0.61,8.0,0.62,8.0,0.63,9.0,0.18,0.18,44.922106,1776161719000
1776161720.983,20.983,0.41,13.0,0.4,8.0,0.39,8.0,0.38,8.0,0.37,9.0,0.59,13.0,0.6,8.0,0.61,8.0,0.62,8.0,0.63,9.0,0.41,13.0,0.4,8.0,0.39,8.0,0.38,8.0,0.37,9.0,0.59,13.0,0.6,8.0,0.61,8.0,0.62,8.0,0.63,9.0,0.18,0.18,44.922011,1776161720000
1776161722.055,22.055,0.41,13.0,0.4,8.0,0.39,8.0,0.38,8.0,0.37,9.0,0.59,13.0,0.6,8.0,0.61,8.0,0.62,8.0,0.63,9.0,0.41,13.0,0.4,8.0,0.39,8.0,0.38,8.0,0.37,9.0,0.59,13.0,0.6,8.0,0.61,8.0,0.62,8.0,0.63,9.0,0.18,0.18,44.920511,1776161721000
1776161723.114,23.114,0.41,13.0,0.4,8.0,0.39,8.0,0.38,8.0,0.37,9.0,0.59,13.0,0.6,8.0,0.61,8.0,0.62,8.0,0.63,9.0,0.41,13.0,0.4,8.0,0.39,8.0,0.38,8.0,0.37,9.0,0.59,13.0,0.6,8.0,0.61,8.0,0.62,8.0,0.63,9.0,0.18,0.18,44.921261,1776161722000
1776161724.01,24.01,0.41,13.0,0.4,8.0,0.39,8.0,0.38,8.0,0.37,9.0,0.59,13.0,0.6,8.0,0.61,8.0,0.62,8.0,0.63,9.0,0.41,13.0,0.4,8.0,0.39,8.0,0.38,8.0,0.37,9.0,0.59,13.0,0.6,8.0,0.61,8.0,0.62,8.0,0.63,9.0,0.18,0.18,44.921261,1776161723000
1776161725.039,25.039,0.41,13.0,0.4,8.0,0.39,8.0,0.38,8.0,0.37,9.0,0.59,13.0,0.6,8.0,0.61,8.0,0.62,8.0,0.63,9.0,0.41,13.0,0.4,8.0,0.39,8.0,0.38,8.0,0.37,9.0,0.59,13.0,0.6,8.0,0.61,8.0,0.62,8.0,0.63,9.0,0.18,0.18,44.92159,1776161724000
1776161726.169,26.169,0.41,13.0,0.4,8.0,0.39,8.0,0.38,8.0,0.37,9.0,0.59,13.0,0.6,8.0,0.61,8.0,0.62,8.0,0.63,9.0,0.41,13.0,0.4,8.0,0.39,8.0,0.38,8.0,0.37,9.0,0.59,13.0,0.6,8.0,0.61,8.0,0.62,8.0,0.63,9.0,0.18,0.18,44.92159,1776161725000
1776161727.005,27.005,0.41,13.0,0.4,8.0,0.39,8.0,0.38,8.0,0.37,9.0,0.59,13.0,0.6,8.0,0.61,8.0,0.62,8.0,0.63,9.0,0.41,13.0,0.4,8.0,0.39,8.0,0.38,8.0,0.37,9.0,0.59,13.0,0.6,8.0,0.61,8.0,0.62,8.0,0.63,9.0,0.18,0.18,44.921771,1776161726000
1776161728.031,28.031,0.41,13.0,0.4,8.0,0.39,8.0,0.38,8.0,0.37,9.0,0.59,13.0,0.6,8.0,0.61,8.0,0.62,8.0,0.63,9.0,0.41,13.0,0.4,8.0,0.39,8.0,0.38,8.0,0.37,9.0,0.59,13.0,0.6,8.0,0.61,8.0,0.62,8.0,0.63,9.0,0.18,0.18,44.921771,1776161727000
1776161728.999,28.999,0.41,13.0,0.4,8.0,0.39,8.0,0.38,8.0,0.37,9.0,0.59,13.0,0.6,8.0,0.61,8.0,0.62,8.0,0.63,9.0,0.41,13.0,0.4,8.0,0.39,8.0,0.38,8.0,0.37,9.0,0.59,13.0,0.6,8.0,0.61,8.0,0.62,8.0,0.63,9.0,0.18,0.18,44.921872,1776161728000
1776161730.196,30.196,0.41,13.0,0.4,8.0,0.39,8.0,0.38,8.0,0.37,9.0,0.59,13.0,0.6,8.0,0.61,8.0,0.62,8.0,0.63,9.0,0.41,13.0,0.4,8.0,0.39,8.0,0.38,8.0,0.37,9.0,0.59,13.0,0.6,8.0,0.61,8.0,0.62,8.0,0.63,9.0,0.18,0.18,44.922338,1776161729000
1776161731.099,31.099,0.41,13.0,0.4,8.0,0.39,8.0,0.38,8.0,0.37,9.0,0.59,13.0,0.6,8.0,0.61,8.0,0.62,8.0,0.63,9.0,0.41,13.0,0.4,8.0,0.39,8.0,0.38,8.0,0.37,9.0,0.59,13.0,0.6,8.0,0.61,8.0,0.62,8.0,0.63,9.0,0.18,0.18,44.922292,1776161730000
1776161732.023,32.023,0.41,13.0,0.4,8.0,0.39,8.0,0.38,8.0,0.37,9.0,0.59,13.0,0.6,8.0,0.61,8.0,0.62,8.0,0.63,9.0,0.41,13.0,0.4,8.0,0.39,8.0,0.38,8.0,0.37,9.0,0.59,13.0,0.6,8.0,0.61,8.0,0.62,8.0,0.63,9.0,0.18,0.18,44.92335,1776161731000
1776161733.088,33.088,0.41,13.0,0.4,8.0,0.39,8.0,0.38,8.0,0.37,9.0,0.59,13.0,0.6,8.0,0.61,8.0,0.62,8.0,0.63,9.0,0.41,13.0,0.4,8.0,0.39,8.0,0.38,8.0,0.37,9.0,0.59,13.0,0.6,8.0,0.61,8.0,0.62,8.0,0.63,9.0,0.18,0.18,44.924133,1776161732000
1776161734.16,34.16,0.41,13.0,0.4,8.0,0.39,8.0,0.38,8.0,0.37,9.0,0.59,13.0,0.6,8.0,0.61,8.0,0.62,8.0,0.63,9.0,0.41,13.0,0.4,8.0,0.39,8.0,0.38,8.0,0.37,9.0,0.59,13.0,0.6,8.0,0.61,8.0,0.62,8.0,0.63,9.0,0.18,0.18,44.923354,1776161733000
1776161735.301,35.301,0.41,13.0,0.4,8.0,0.39,8.0,0.38,8.0,0.37,9.0,0.59,13.0,0.6,8.0,0.61,8.0,0.62,8.0,0.63,9.0,0.41,13.0,0.4,8.0,0.39,8.0,0.38,8.0,0.37,9.0,0.59,13.0,0.6,8.0,0.61,8.0,0.62,8.0,0.63,9.0,0.18,0.18,44.924365,1776161734000
1776161736.396,36.396,0.41,13.0,0.4,8.0,0.39,8.0,0.38,8.0,0.37,9.0,0.59,13.0,0.6,8.0,0.61,8.0,0.62,8.0,0.63,9.0,0.41,13.0,0.4,8.0,0.39,8.0,0.38,8.0,0.37,9.0,0.59,13.0,0.6,8.0,0.61,8.0,0.62,8.0,0.63,9.0,0.18,0.18,44.924365,1776161735000
1776161736.93,36.93,0.41,13.0,0.4,8.0,0.39,8.0,0.38,8.0,0.37,9.0,0.59,13.0,0.6,8.0,0.61,8.0,0.62,8.0,0.63,9.0,0.41,13.0,0.4,8.0,0.39,8.0,0.38,8.0,0.37,9.0,0.59,13.0,0.6,8.0,0.61,8.0,0.62,8.0,0.63,9.0,0.18,0.18,44.924156,1776161736000
1776161738.058,38.058,0.41,13.0,0.4,8.0,0.39,8.0,0.38,8.0,0.37,9.0,0.59,13.0,0.6,8.0,0.61,8.0,0.62,8.0,0.63,9.0,0.41,13.0,0.4,8.0,0.39,8.0,0.38,8.0,0.37,9.0,0.59,13.0,0.6,8.0,0.61,8.0,0.62,8.0,0.63,9.0,0.18,0.18,44.923052,1776161737000
1776161739.209,39.209,0.41,13.0,0.4,8.0,0.39,8.0,0.38,8.0,0.37,9.0,0.59,13.0,0.6,8.0,0.61,8.0,0.62,8.0,0.63,9.0,0.41,13.0,0.4,8.0,0.39,8.0,0.38,8.0,0.37,9.0,0.59,13.0,0.6,8.0,0.61,8.0,0.62,8.0,0.63,9.0,0.18,0.18,44.921965,1776161738000
1776161740.312,40.312,0.41,13.0,0.4,8.0,0.39,8.0,0.38,8.0,0.37,9.0,0.59,13.0,0.6,8.0,0.61,8.0,0.62,8.0,0.63,9.0,0.41,13.0,0.4,8.0,0.39,8.0,0.38,8.0,0.37,9.0,0.59,13.0,0.6,8.0,0.61,8.0,0.62,8.0,0.63,9.0,0.18,0.18,44.925793,1776161739000
1776161741.491,41.491,0.41,13.0,0.4,8.0,0.39,8.0,0.38,8.0,0.37,9.0,0.59,13.0,0.6,8.0,0.61,8.0,0.62,8.0,0.63,9.0,0.41,13.0,0.4,8.0,0.39,8.0,0.38,8.0,0.37,9.0,0.59,13.0,0.6,8.0,0.61,8.0,0.62,8.0,0.63,9.0,0.18,0.18,44.92592,1776161740000
1776161741.934,41.934,0.41,13.0,0.4,8.0,0.39,8.0,0.38,8.0,0.37,9.0,0.59,13.0,0.6,8.0,0.61,8.0,0.62,8.0,0.63,9.0,0.41,13.0,0.4,8.0,0.39,8.0,0.38,8.0,0.37,9.0,0.59,13.0,0.6,8.0,0.61,8.0,0.62,8.0,0.63,9.0,0.18,0.18,44.925897,1776161741000
1776161743.074,43.074,0.41,13.0,0.4,8.0,0.39,8.0,0.38,8.0,0.37,9.0,0.59,13.0,0.6,8.0,0.61,8.0,0.62,8.0,0.63,9.0,0.41,13.0,0.4,8.0,0.39,8.0,0.38,8.0,0.37,9.0,0.59,13.0,0.6,8.0,0.61,8.0,0.62,8.0,0.63,9.0,0.18,0.18,44.927002,1776161742000
1776161744.141,44.141,0.41,13.0,0.4,8.0,0.39,8.0,0.38,8.0,0.37,9.0,0.59,13.0,0.6,8.0,0.61,8.0,0.62,8.0,0.63,9.0,0.41,13.0,0.4,8.0,0.39,8.0,0.38,8.0,0.37,9.0,0.59,13.0,0.6,8.0,0.61,8.0,0.62,8.0,0.63,9.0,0.18,0.18,44.924123,1776161743000
1776161745.22,45.22,0.41,13.0,0.4,8.0,0.39,8.0,0.38,8.0,0.37,9.0,0.59,13.0,0.6,8.0,0.61,8.0,0.62,8.0,0.63,9.0,0.41,13.0,0.4,8.0,0.39,8.0,0.38,8.0,0.37,9.0,0.59,13.0,0.6,8.0,0.61,8.0,0.62,8.0,0.63,9.0,0.18,0.18,44.924123,1776161744000
1776161746.249,46.249,0.41,13.0,0.4,8.0,0.39,8.0,0.38,8.0,0.37,9.0,0.59,13.0,0.6,8.0,0.61,8.0,0.62,8.0,0.63,9.0,0.41,13.0,0.4,8.0,0.39,8.0,0.38,8.0,0.37,9.0,0.59,13.0,0.6,8.0,0.61,8.0,0.62,8.0,0.63,9.0,0.18,0.18,44.924123,1776161745000
1776161747.361,47.361,0.41,13.0,0.4,8.0,0.39,8.0,0.38,8.0,0.37,9.0,0.59,13.0,0.6,8.0,0.61,8.0,0.62,8.0,0.63,9.0,0.41,13.0,0.4,8.0,0.39,8.0,0.38,8.0,0.37,9.0,0.59,13.0,0.6,8.0,0.61,8.0,0.62,8.0,0.63,9.0,0.18,0.18,44.924123,1776161746000
1776161747.907,47.907,0.41,13.0,0.4,8.0,0.39,8.0,0.38,8.0,0.37,9.0,0.59,13.0,0.6,8.0,0.61,8.0,0.62,8.0,0.63,9.0,0.41,13.0,0.4,8.0,0.39,8.0,0.38,8.0,0.37,9.0,0.59,13.0,0.6,8.0,0.61,8.0,0.62,8.0,0.63,9.0,0.18,0.18,44.923732,1776161747000
1776161749.434,49.434,0.41,13.0,0.4,8.0,0.39,8.0,0.38,8.0,0.37,9.0,0.59,13.0,0.6,8.0,0.61,8.0,0.62,8.0,0.63,9.0,0.41,13.0,0.4,8.0,0.39,8.0,0.38,8.0,0.37,9.0,0.59,13.0,0.6,8.0,0.61,8.0,0.62,8.0,0.63,9.0,0.18,0.18,44.924515,1776161748000
1776161749.956,49.956,0.41,13.0,0.4,8.0,0.39,8.0,0.38,8.0,0.37,9.0,0.59,13.0,0.6,8.0,0.61,8.0,0.62,8.0,0.63,9.0,0.41,13.0,0.4,8.0,0.39,8.0,0.38,8.0,0.37,9.0,0.59,13.0,0.6,8.0,0.61,8.0,0.62,8.0,0.63,9.0,0.18,0.18,44.924515,1776161749000
1776161751.012,51.012,0.41,13.0,0.4,8.0,0.39,8.0,0.38,8.0,0.37,9.0,0.59,13.0,0.6,8.0,0.61,8.0,0.62,8.0,0.63,9.0,0.41,13.0,0.4,8.0,0.39,8.0,0.38,8.0,0.37,9.0,0.59,13.0,0.6,8.0,0.61,8.0,0.62,8.0,0.63,9.0,0.18,0.18,44.92497,1776161750000
1776161751.942,51.942,0.41,13.0,0.4,8.0,0.39,8.0,0.38,8.0,0.37,9.0,0.59,13.0,0.6,8.0,0.61,8.0,0.62,8.0,0.63,9.0,0.41,13.0,0.4,8.0,0.39,8.0,0.38,8.0,0.37,9.0,0.59,13.0,0.6,8.0,0.61,8.0,0.62,8.0,0.63,9.0,0.18,0.18,44.92497,1776161751000
1776161752.955,52.955,0.41,13.0,0.4,8.0,0.39,8.0,0.38,8.0,0.37,9.0,0.59,13.0,0.6,8.0,0.61,8.0,0.62,8.0,0.63,9.0,0.41,13.0,0.4,8.0,0.39,8.0,0.38,8.0,0.37,9.0,0.59,13.0,0.6,8.0,0.61,8.0,0.62,8.0,0.63,9.0,0.18,0.18,44.923796,1776161752000
1776161753.925,53.925,0.41,13.0,0.4,8.0,0.39,8.0,0.38,8.0,0.37,9.0,0.59,13.0,0.6,8.0,0.61,8.0,0.62,8.0,0.63,9.0,0.41,13.0,0.4,8.0,0.39,8.0,0.38,8.0,0.37,9.0,0.59,13.0,0.6,8.0,0.61,8.0,0.62,8.0,0.63,9.0,0.18,0.18,44.923405,1776161753000
1776161754.892,54.892,0.41,13.0,0.4,8.0,0.39,8.0,0.38,8.0,0.37,9.0,0.59,13.0,0.6,8.0,0.61,8.0,0.62,8.0,0.63,9.0,0.41,13.0,0.4,8.0,0.39,8.0,0.38,8.0,0.37,9.0,0.59,13.0,0.6,8.0,0.61,8.0,0.62,8.0,0.63,9.0,0.18,0.18,44.923861,1776161754000
1776161755.925,55.925,0.41,13.0,0.4,8.0,0.39,8.0,0.38,8.0,0.37,9.0,0.59,13.0,0.6,8.0,0.61,8.0,0.62,8.0,0.63,9.0,0.41,13.0,0.4,8.0,0.39,8.0,0.38,8.0,0.37,9.0,0.59,13.0,0.6,8.0,0.61,8.0,0.62,8.0,0.63,9.0,0.18,0.18,44.924462,1776161755000
1776161757.391,57.391,0.41,13.0,0.4,8.0,0.39,8.0,0.38,8.0,0.37,9.0,0.59,13.0,0.6,8.0,0.61,8.0,0.62,8.0,0.63,9.0,0.41,13.0,0.4,8.0,0.39,8.0,0.38,8.0,0.37,9.0,0.59,13.0,0.6,8.0,0.61,8.0,0.62,8.0,0.63,9.0,0.18,0.18,44.926349,1776161756000
1776161758.306,58.306,0.41,13.0,0.4,8.0,0.39,8.0,0.38,8.0,0.37,9.0,0.59,13.0,0.6,8.0,0.61,8.0,0.62,8.0,0.63,9.0,0.41,13.0,0.4,8.0,0.39,8.0,0.38,8.0,0.37,9.0,0.59,13.0,0.6,8.0,0.61,8.0,0.62,8.0,0.63,9.0,0.18,0.18,44.927543,1776161757000
1776161759.408,59.408,0.41,13.0,0.4,8.0,0.39,8.0,0.38,8.0,0.37,9.0,0.59,13.0,0.6,8.0,0.61,8.0,0.62,8.0,0.63,9.0,0.41,13.0,0.4,8.0,0.39,8.0,0.38,8.0,0.37,9.0,0.59,13.0,0.6,8.0,0.61,8.0,0.62,8.0,0.63,9.0,0.18,0.18,44.928405,1776161758000
1776161760.434,60.434,0.41,13.0,0.4,8.0,0.39,8.0,0.38,8.0,0.37,9.0,0.59,13.0,0.6,8.0,0.61,8.0,0.62,8.0,0.63,9.0,0.41,13.0,0.4,8.0,0.39,8.0,0.38,8.0,0.37,9.0,0.59,13.0,0.6,8.0,0.61,8.0,0.62,8.0,0.63,9.0,0.18,0.18,44.928276,1776161759000
1776161760.926,60.926,0.41,13.0,0.4,8.0,0.39,8.0,0.38,8.0,0.37,9.0,0.59,13.0,0.6,8.0,0.61,8.0,0.62,8.0,0.63,9.0,0.41,13.0,0.4,8.0,0.39,8.0,0.38,8.0,0.37,9.0,0.59,13.0,0.6,8.0,0.61,8.0,0.62,8.0,0.63,9.0,0.18,0.18,44.928369,1776161760000
1776161762.41,62.41,0.41,13.0,0.4,8.0,0.39,8.0,0.38,8.0,0.37,9.0,0.59,13.0,0.6,8.0,0.61,8.0,0.62,8.0,0.63,9.0,0.41,13.0,0.4,8.0,0.39,8.0,0.38,8.0,0.37,9.0,0.59,13.0,0.6,8.0,0.61,8.0,0.62,8.0,0.63,9.0,0.18,0.18,44.936361,1776161761000
1776161763.375,63.375,0.41,13.0,0.4,8.0,0.39,8.0,0.38,8.0,0.37,9.0,0.59,13.0,0.6,8.0,0.61,8.0,0.62,8.0,0.63,9.0,0.41,13.0,0.4,8.0,0.39,8.0,0.38,8.0,0.37,9.0,0.59,13.0,0.6,8.0,0.61,8.0,0.62,8.0,0.63,9.0,0.18,0.18,44.930383,1776161762000
1776161764.879,64.879,0.41,13.0,0.4,8.0,0.39,8.0,0.38,8.0,0.37,9.0,0.59,13.0,0.6,8.0,0.61,8.0,0.62,8.0,0.63,9.0,0.41,13.0,0.4,8.0,0.39,8.0,0.38,8.0,0.37,9.0,0.59,13.0,0.6,8.0,0.61,8.0,0.62,8.0,0.63,9.0,0.18,0.18,44.929871,1776161763000
1776161765.561,65.561,0.41,13.0,0.4,8.0,0.39,8.0,0.38,8.0,0.37,9.0,0.59,13.0,0.6,8.0,0.61,8.0,0.62,8.0,0.63,9.0,0.41,13.0,0.4,8.0,0.39,8.0,0.38,8.0,0.37,9.0,0.59,13.0,0.6,8.0,0.61,8.0,0.62,8.0,0.63,9.0,0.18,0.18,44.930048,1776161764000
1776161766.209,66.209,0.41,13.0,0.4,8.0,0.39,8.0,0.38,8.0,0.37,9.0,0.59,13.0,0.6,8.0,0.61,8.0,0.62,8.0,0.63,9.0,0.41,13.0,0.4,8.0,0.39,8.0,0.38,8.0,0.37,9.0,0.59,13.0,0.6,8.0,0.61,8.0,0.62,8.0,0.63,9.0,0.18,0.18,44.929878,1776161765000
1776161767.399,67.399,0.41,13.0,0.4,8.0,0.39,8.0,0.38,8.0,0.37,9.0,0.59,13.0,0.6,8.0,0.61,8.0,0.62,8.0,0.63,9.0,0.41,13.0,0.4,8.0,0.39,8.0,0.38,8.0,0.37,9.0,0.59,13.0,0.6,8.0,0.61,8.0,0.62,8.0,0.63,9.0,0.18,0.18,44.926476,1776161766000
1776161767.952,67.952,0.41,13.0,0.4,8.0,0.39,8.0,0.38,8.0,0.37,9.0,0.59,13.0,0.6,8.0,0.61,8.0,0.62,8.0,0.63,9.0,0.41,13.0,0.4,8.0,0.39,8.0,0.38,8.0,0.37,9.0,0.59,13.0,0.6,8.0,0.61,8.0,0.62,8.0,0.63,9.0,0.18,0.18,44.926498,1776161767000
1776161769.195,69.195,0.41,13.0,0.4,8.0,0.39,8.0,0.38,8.0,0.37,9.0,0.59,13.0,0.6,8.0,0.61,8.0,0.62,8.0,0.63,9.0,0.41,13.0,0.4,8.0,0.39,8.0,0.38,8.0,0.37,9.0,0.59,13.0,0.6,8.0,0.61,8.0,0.62,8.0,0.63,9.0,0.18,0.18,44.927212,1776161768000
1776161770.407,70.407,0.41,13.0,0.4,8.0,0.39,8.0,0.38,8.0,0.37,9.0,0.59,13.0,0.6,8.0,0.61,8.0,0.62,8.0,0.63,9.0,0.41,13.0,0.4,8.0,0.39,8.0,0.38,8.0,0.37,9.0,0.59,13.0,0.6,8.0,0.61,8.0,0.62,8.0,0.63,9.0,0.18,0.18,44.924514,1776161769000
1776161770.999,70.999,0.41,13.0,0.4,8.0,0.39,8.0,0.38,8.0,0.37,9.0,0.59,13.0,0.6,8.0,0.61,8.0,0.62,8.0,0.63,9.0,0.41,13.0,0.4,8.0,0.39,8.0,0.38,8.0,0.37,9.0,0.59,13.0,0.6,8.0,0.61,8.0,0.62,8.0,0.63,9.0,0.18,0.18,44.924028,1776161770000
1776161772.319,72.319,0.41,13.0,0.4,8.0,0.39,8.0,0.38,8.0,0.37,9.0,0.59,13.0,0.6,8.0,0.61,8.0,0.62,8.0,0.63,9.0,0.41,13.0,0.4,8.0,0.39,8.0,0.38,8.0,0.37,9.0,0.59,13.0,0.6,8.0,0.61,8.0,0.62,8.0,0.63,9.0,0.18,0.18,44.924428,1776161771000
1776161773.64,73.64,0.41,13.0,0.4,8.0,0.39,8.0,0.38,8.0,0.37,9.0,0.59,13.0,0.6,8.0,0.61,8.0,0.62,8.0,0.63,9.0,0.41,13.0,0.4,8.0,0.39,8.0,0.38,8.0,0.37,9.0,0.59,13.0,0.6,8.0,0.61,8.0,0.62,8.0,0.63,9.0,0.18,0.18,44.924362,1776161772000
1776161774.402,74.402,0.41,13.0,0.4,8.0,0.39,8.0,0.38,8.0,0.37,9.0,0.59,13.0,0.6,8.0,0.61,8.0,0.62,8.0,0.63,9.0,0.41,13.0,0.4,8.0,0.39,8.0,0.38,8.0,0.37,9.0,0.59,13.0,0.6,8.0,0.61,8.0,0.62,8.0,0.63,9.0,0.18,0.18,44.924362,1776161773000
1776161775.736,75.736,0.41,13.0,0.4,8.0,0.39,8.0,0.38,8.0,0.37,9.0,0.59,13.0,0.6,8.0,0.61,8.0,0.62,8.0,0.63,9.0,0.41,13.0,0.4,8.0,0.39,8.0,0.38,8.0,0.37,9.0,0.59,13.0,0.6,8.0,0.61,8.0,0.62,8.0,0.63,9.0,0.18,0.18,44.925163,1776161774000
1776161776.369,76.369,0.41,13.0,0.4,8.0,0.39,8.0,0.38,8.0,0.37,9.0,0.59,13.0,0.6,8.0,0.61,8.0,0.62,8.0,0.63,9.0,0.41,13.0,0.4,8.0,0.39,8.0,0.38,8.0,0.37,9.0,0.59,13.0,0.6,8.0,0.61,8.0,0.62,8.0,0.63,9.0,0.18,0.18,44.924411,1776161775000
1776161777.025,77.025,0.41,13.0,0.4,8.0,0.39,8.0,0.38,8.0,0.37,9.0,0.59,13.0,0.6,8.0,0.61,8.0,0.62,8.0,0.63,9.0,0.41,13.0,0.4,8.0,0.39,8.0,0.38,8.0,0.37,9.0,0.59,13.0,0.6,8.0,0.61,8.0,0.62,8.0,0.63,9.0,0.18,0.18,44.92401,1776161776000
1776161778.452,78.452,0.41,13.0,0.4,8.0,0.39,8.0,0.38,8.0,0.37,9.0,0.59,13.0,0.6,8.0,0.61,8.0,0.62,8.0,0.63,9.0,0.41,13.0,0.4,8.0,0.39,8.0,0.38,8.0,0.37,9.0,0.59,13.0,0.6,8.0,0.61,8.0,0.62,8.0,0.63,9.0,0.18,0.18,44.924428,1776161777000
1776161779.448,79.448,0.41,13.0,0.4,8.0,0.39,8.0,0.38,8.0,0.37,9.0,0.59,13.0,0.6,8.0,0.61,8.0,0.62,8.0,0.63,9.0,0.41,13.0,0.4,8.0,0.39,8.0,0.38,8.0,0.37,9.0,0.59,13.0,0.6,8.0,0.61,8.0,0.62,8.0,0.63,9.0,0.18,0.18,44.924428,1776161778000
1776161779.966,79.966,0.41,13.0,0.4,8.0,0.39,8.0,0.38,8.0,0.37,9.0,0.59,13.0,0.6,8.0,0.61,8.0,0.62,8.0,0.63,9.0,0.41,13.0,0.4,8.0,0.39,8.0,0.38,8.0,0.37,9.0,0.59,13.0,0.6,8.0,0.61,8.0,0.62,8.0,0.63,9.0,0.18,0.18,44.924428,1776161779000
1776161780.985,80.985,0.41,13.0,0.4,8.0,0.39,8.0,0.38,8.0,0.37,9.0,0.59,13.0,0.6,8.0,0.61,8.0,0.62,8.0,0.63,9.0,0.41,13.0,0.4,8.0,0.39,8.0,0.38,8.0,0.37,9.0,0.59,13.0,0.6,8.0,0.61,8.0,0.62,8.0,0.63,9.0,0.18,0.18,44.925264,1776161780000
1776161781.982,81.982,0.41,13.0,0.4,8.0,0.39,8.0,0.38,8.0,0.37,9.0,0.59,13.0,0.6,8.0,0.61,8.0,0.62,8.0,0.63,9.0,0.41,13.0,0.4,8.0,0.39,8.0,0.38,8.0,0.37,9.0,0.59,13.0,0.6,8.0,0.61,8.0,0.62,8.0,0.63,9.0,0.18,0.18,44.924842,1776161781000
1776161782.942,82.942,0.41,13.0,0.4,8.0,0.39,8.0,0.38,8.0,0.37,9.0,0.59,13.0,0.6,8.0,0.61,8.0,0.62,8.0,0.63,9.0,0.41,13.0,0.4,8.0,0.39,8.0,0.38,8.0,0.37,9.0,0.59,13.0,0.6,8.0,0.61,8.0,0.62,8.0,0.63,9.0,0.18,0.18,44.925643,1776161782000
1776161783.883,83.883,0.41,13.0,0.4,8.0,0.39,8.0,0.38,8.0,0.37,9.0,0.59,13.0,0.6,8.0,0.61,8.0,0.62,8.0,0.63,9.0,0.41,13.0,0.4,8.0,0.39,8.0,0.38,8.0,0.37,9.0,0.59,13.0,0.6,8.0,0.61,8.0,0.62,8.0,0.63,9.0,0.18,0.18,44.926087,1776161783000
1776161784.881,84.881,0.41,13.0,0.4,8.0,0.39,8.0,0.38,8.0,0.37,9.0,0.59,13.0,0.6,8.0,0.61,8.0,0.62,8.0,0.63,9.0,0.41,13.0,0.4,8.0,0.39,8.0,0.38,8.0,0.37,9.0,0.59,13.0,0.6,8.0,0.61,8.0,0.62,8.0,0.63,9.0,0.18,0.18,44.925242,1776161784000
1776161786.32,86.32,0.41,13.0,0.4,8.0,0.39,8.0,0.38,8.0,0.37,9.0,0.59,13.0,0.6,8.0,0.61,8.0,0.62,8.0,0.63,9.0,0.41,13.0,0.4,8.0,0.39,8.0,0.38,8.0,0.37,9.0,0.59,13.0,0.6,8.0,0.61,8.0,0.62,8.0,0.63,9.0,0.18,0.18,44.925247,1776161785000
1776161786.917,86.917,0.41,13.0,0.4,8.0,0.39,8.0,0.38,8.0,0.37,9.0,0.59,13.0,0.6,8.0,0.61,8.0,0.62,8.0,0.63,9.0,0.41,13.0,0.4,8.0,0.39,8.0,0.38,8.0,0.37,9.0,0.59,13.0,0.6,8.0,0.61,8.0,0.62,8.0,0.63,9.0,0.18,0.18,44.925225,1776161786000
1776161787.987,87.987,0.41,13.0,0.4,8.0,0.39,8.0,0.38,8.0,0.37,9.0,0.59,13.0,0.6,8.0,0.61,8.0,0.62,8.0,0.63,9.0,0.41,13.0,0.4,8.0,0.39,8.0,0.38,8.0,0.37,9.0,0.59,13.0,0.6,8.0,0.61,8.0,0.62,8.0,0.63,9.0,0.18,0.18,44.923979,1776161787000
1776161788.968,88.968,0.41,13.0,0.4,8.0,0.39,8.0,0.38,8.0,0.37,9.0,0.59,13.0,0.6,8.0,0.61,8.0,0.62,8.0,0.63,9.0,0.41,13.0,0.4,8.0,0.39,8.0,0.38,8.0,0.37,9.0,0.59,13.0,0.6,8.0,0.61,8.0,0.62,8.0,0.63,9.0,0.18,0.18,44.923979,1776161788000
1776161789.989,89.989,0.41,13.0,0.4,8.0,0.39,8.0,0.38,8.0,0.37,9.0,0.59,13.0,0.6,8.0,0.61,8.0,0.62,8.0,0.63,9.0,0.41,13.0,0.4,8.0,0.39,8.0,0.38,8.0,0.37,9.0,0.59,13.0,0.6,8.0,0.61,8.0,0.62,8.0,0.63,9.0,0.18,0.18,44.924611,1776161789000
1776161790.951,90.951,0.41,13.0,0.4,8.0,0.39,8.0,0.38,8.0,0.37,9.0,0.59,13.0,0.6,8.0,0.61,8.0,0.62,8.0,0.63,9.0,0.41,13.0,0.4,8.0,0.39,8.0,0.38,8.0,0.37,9.0,0.59,13.0,0.6,8.0,0.61,8.0,0.62,8.0,0.63,9.0,0.18,0.18,44.926435,1776161790000
1776161793.615,93.615,0.41,13.0,0.4,8.0,0.39,8.0,0.38,8.0,0.37,9.0,0.59,13.0,0.6,8.0,0.61,8.0,0.62,8.0,0.63,9.0,0.41,13.0,0.4,8.0,0.39,8.0,0.38,8.0,0.37,9.0,0.59,13.0,0.6,8.0,0.61,8.0,0.62,8.0,0.63,9.0,0.18,0.18,44.924763,1776161791000
1776161794.762,94.762,0.41,13.0,0.4,8.0,0.39,8.0,0.38,8.0,0.37,9.0,0.59,13.0,0.6,8.0,0.61,8.0,0.62,8.0,0.63,9.0,0.41,13.0,0.4,8.0,0.39,8.0,0.38,8.0,0.37,9.0,0.59,13.0,0.6,8.0,0.61,8.0,0.62,8.0,0.63,9.0,0.18,0.18,44.923966,1776161793000
1776161796.023,96.023,0.41,13.0,0.4,8.0,0.39,8.0,0.38,8.0,0.37,9.0,0.59,13.0,0.6,8.0,0.61,8.0,0.62,8.0,0.63,9.0,0.41,13.0,0.4,8.0,0.39,8.0,0.38,8.0,0.37,9.0,0.59,13.0,0.6,8.0,0.61,8.0,0.62,8.0,0.63,9.0,0.18,0.18,44.923769,1776161794000
1776161797.351,97.351,0.41,13.0,0.4,8.0,0.39,8.0,0.38,8.0,0.37,9.0,0.59,13.0,0.6,8.0,0.61,8.0,0.62,8.0,0.63,9.0,0.41,13.0,0.4,8.0,0.39,8.0,0.38,8.0,0.37,9.0,0.59,13.0,0.6,8.0,0.61,8.0,0.62,8.0,0.63,9.0,0.18,0.18,44.924658,1776161795000
1776161798.842,98.842,0.41,13.0,0.4,8.0,0.39,8.0,0.38,8.0,0.37,9.0,0.59,13.0,0.6,8.0,0.61,8.0,0.62,8.0,0.63,9.0,0.41,13.0,0.4,8.0,0.39,8.0,0.38,8.0,0.37,9.0,0.59,13.0,0.6,8.0,0.61,8.0,0.62,8.0,0.63,9.0,0.18,0.18,44.924277,1776161796000
1776161800.147,100.147,0.41,13.0,0.4,8.0,0.39,8.0,0.38,8.0,0.37,9.0,0.59,13.0,0.6,8.0,0.61,8.0,0.62,8.0,0.63,9.0,0.41,13.0,0.4,8.0,0.39,8.0,0.38,8.0,0.37,9.0,0.59,13.0,0.6,8.0,0.61,8.0,0.62,8.0,0.63,9.0,0.18,0.18,44.925041,1776161798000
1776161801.228,101.228,0.41,13.0,0.4,8.0,0.39,8.0,0.38,8.0,0.37,9.0,0.59,13.0,0.6,8.0,0.61,8.0,0.62,8.0,0.63,9.0,0.41,13.0,0.4,8.0,0.39,8.0,0.38,8.0,0.37,9.0,0.59,13.0,0.6,8.0,0.61,8.0,0.62,8.0,0.63,9.0,0.18,0.18,44.92424,1776161799000
1776161802.282,102.282,0.41,13.0,0.4,8.0,0.39,8.0,0.38,8.0,0.37,9.0,0.59,13.0,0.6,8.0,0.61,8.0,0.62,8.0,0.63,9.0,0.41,13.0,0.4,8.0,0.39,8.0,0.38,8.0,0.37,9.0,0.59,13.0,0.6,8.0,0.61,8.0,0.62,8.0,0.63,9.0,0.18,0.18,44.924228,1776161800000
1776161803.359,103.359,0.41,13.0,0.4,8.0,0.39,8.0,0.38,8.0,0.37,9.0,0.59,13.0,0.6,8.0,0.61,8.0,0.62,8.0,0.63,9.0,0.41,13.0,0.4,8.0,0.39,8.0,0.38,8.0,0.37,9.0,0.59,13.0,0.6,8.0,0.61,8.0,0.62,8.0,0.63,9.0,0.18,0.18,44.92445,1776161801000
1776161804.359,104.359,0.41,13.0,0.4,8.0,0.39,8.0,0.38,8.0,0.37,9.0,0.59,13.0,0.6,8.0,0.61,8.0,0.62,8.0,0.63,9.0,0.41,13.0,0.4,8.0,0.39,8.0,0.38,8.0,0.37,9.0,0.59,13.0,0.6,8.0,0.61,8.0,0.62,8.0,0.63,9.0,0.18,0.18,44.925842,1776161802000
1776161805.278,105.278,0.41,13.0,0.4,8.0,0.39,8.0,0.38,8.0,0.37,9.0,0.59,13.0,0.6,8.0,0.61,8.0,0.62,8.0,0.63,9.0,0.41,13.0,0.4,8.0,0.39,8.0,0.38,8.0,0.37,9.0,0.59,13.0,0.6,8.0,0.61,8.0,0.62,8.0,0.63,9.0,0.18,0.18,44.925842,1776161803000
1776161806.23,106.23,0.41,13.0,0.4,8.0,0.39,8.0,0.38,8.0,0.37,9.0,0.59,13.0,0.6,8.0,0.61,8.0,0.62,8.0,0.63,9.0,0.41,13.0,0.4,8.0,0.39,8.0,0.38,8.0,0.37,9.0,0.59,13.0,0.6,8.0,0.61,8.0,0.62,8.0,0.63,9.0,0.18,0.18,44.925842,1776161804000
1776161807.203,107.203,0.41,13.0,0.4,8.0,0.39,8.0,0.38,8.0,0.37,9.0,0.59,13.0,0.6,8.0,0.61,8.0,0.62,8.0,0.63,9.0,0.41,13.0,0.4,8.0,0.39,8.0,0.38,8.0,0.37,9.0,0.59,13.0,0.6,8.0,0.61,8.0,0.62,8.0,0.63,9.0,0.18,0.18,44.924335,1776161805000
1776161808.146,108.146,0.41,13.0,0.4,8.0,0.39,8.0,0.38,8.0,0.37,9.0,0.59,13.0,0.6,8.0,0.61,8.0,0.62,8.0,0.63,9.0,0.41,13.0,0.4,8.0,0.39,8.0,0.38,8.0,0.37,9.0,0.59,13.0,0.6,8.0,0.61,8.0,0.62,8.0,0.63,9.0,0.18,0.18,44.924931,1776161806000
1776161809.077,109.077,0.41,13.0,0.4,8.0,0.39,8.0,0.38,8.0,0.37,9.0,0.59,13.0,0.6,8.0,0.61,8.0,0.62,8.0,0.63,9.0,0.41,13.0,0.4,8.0,0.39,8.0,0.38,8.0,0.37,9.0,0.59,13.0,0.6,8.0,0.61,8.0,0.62,8.0,0.63,9.0,0.18,0.18,44.924265,1776161807000
1776161810.038,110.038,0.41,13.0,0.4,8.0,0.39,8.0,0.38,8.0,0.37,9.0,0.59,13.0,0.6,8.0,0.61,8.0,0.62,8.0,0.63,9.0,0.41,13.0,0.4,8.0,0.39,8.0,0.38,8.0,0.37,9.0,0.59,13.0,0.6,8.0,0.61,8.0,0.62,8.0,0.63,9.0,0.18,0.18,44.92408,1776161808000
1776161810.973,110.973,0.41,13.0,0.4,8.0,0.39,8.0,0.38,8.0,0.37,9.0,0.59,13.0,0.6,8.0,0.61,8.0,0.62,8.0,0.63,9.0,0.41,13.0,0.4,8.0,0.39,8.0,0.38,8.0,0.37,9.0,0.59,13.0,0.6,8.0,0.61,8.0,0.62,8.0,0.63,9.0,0.18,0.18,44.923968,1776161809000
1776161811.925,111.925,0.41,13.0,0.4,8.0,0.39,8.0,0.38,8.0,0.37,9.0,0.59,13.0,0.6,8.0,0.61,8.0,0.62,8.0,0.63,9.0,0.41,13.0,0.4,8.0,0.39,8.0,0.38,8.0,0.37,9.0,0.59,13.0,0.6,8.0,0.61,8.0,0.62,8.0,0.63,9.0,0.18,0.18,44.923638,1776161810000
1776161812.736,112.736,0.41,13.0,0.4,8.0,0.39,8.0,0.38,8.0,0.37,9.0,0.59,13.0,0.6,8.0,0.61,8.0,0.62,8.0,0.63,9.0,0.41,13.0,0.4,8.0,0.39,8.0,0.38,8.0,0.37,9.0,0.59,13.0,0.6,8.0,0.61,8.0,0.62,8.0,0.63,9.0,0.18,0.18,44.923464,1776161811000
1776161813.509,113.509,0.41,13.0,0.4,8.0,0.39,8.0,0.38,8.0,0.37,9.0,0.59,13.0,0.6,8.0,0.61,8.0,0.62,8.0,0.63,9.0,0.41,13.0,0.4,8.0,0.39,8.0,0.38,8.0,0.37,9.0,0.59,13.0,0.6,8.0,0.61,8.0,0.62,8.0,0.63,9.0,0.18,0.18,44.924276,1776161812000
1776161814.349,114.349,0.41,13.0,0.4,8.0,0.39,8.0,0.38,8.0,0.37,9.0,0.59,13.0,0.6,8.0,0.61,8.0,0.62,8.0,0.63,9.0,0.41,13.0,0.4,8.0,0.39,8.0,0.38,8.0,0.37,9.0,0.59,13.0,0.6,8.0,0.61,8.0,0.62,8.0,0.63,9.0,0.18,0.18,44.924787,1776161813000
1776161815.403,115.403,0.41,13.0,0.4,8.0,0.39,8.0,0.38,8.0,0.37,9.0,0.59,13.0,0.6,8.0,0.61,8.0,0.62,8.0,0.63,9.0,0.41,13.0,0.4,8.0,0.39,8.0,0.38,8.0,0.37,9.0,0.59,13.0,0.6,8.0,0.61,8.0,0.62,8.0,0.63,9.0,0.18,0.18,44.926072,1776161814000
1776161816.258,116.258,0.41,13.0,0.4,8.0,0.39,8.0,0.38,8.0,0.37,9.0,0.59,13.0,0.6,8.0,0.61,8.0,0.62,8.0,0.63,9.0,0.41,13.0,0.4,8.0,0.39,8.0,0.38,8.0,0.37,9.0,0.59,13.0,0.6,8.0,0.61,8.0,0.62,8.0,0.63,9.0,0.18,0.18,44.926188,1776161815000
1776161817.746,117.746,0.41,13.0,0.4,8.0,0.39,8.0,0.38,8.0,0.37,9.0,0.59,13.0,0.6,8.0,0.61,8.0,0.62,8.0,0.63,9.0,0.41,13.0,0.4,8.0,0.39,8.0,0.38,8.0,0.37,9.0,0.59,13.0,0.6,8.0,0.61,8.0,0.62,8.0,0.63,9.0,0.18,0.18,44.927192,1776161816000
1776161818.828,118.828,0.41,13.0,0.4,8.0,0.39,8.0,0.38,8.0,0.37,9.0,0.59,13.0,0.6,8.0,0.61,8.0,0.62,8.0,0.63,9.0,0.41,13.0,0.4,8.0,0.39,8.0,0.38,8.0,0.37,9.0,0.59,13.0,0.6,8.0,0.61,8.0,0.62,8.0,0.63,9.0,0.18,0.18,44.927192,1776161817000
1776161819.237,119.237,0.41,13.0,0.4,8.0,0.39,8.0,0.38,8.0,0.37,9.0,0.59,13.0,0.6,8.0,0.61,8.0,0.62,8.0,0.63,9.0,0.41,13.0,0.4,8.0,0.39,8.0,0.38,8.0,0.37,9.0,0.59,13.0,0.6,8.0,0.61,8.0,0.62,8.0,0.63,9.0,0.18,0.18,44.927117,1776161818000
1776161820.236,120.236,0.41,13.0,0.4,8.0,0.39,8.0,0.38,8.0,0.37,9.0,0.59,13.0,0.6,8.0,0.61,8.0,0.62,8.0,0.63,9.0,0.41,13.0,0.4,8.0,0.39,8.0,0.38,8.0,0.37,9.0,0.59,13.0,0.6,8.0,0.61,8.0,0.62,8.0,0.63,9.0,0.18,0.18,44.927521,1776161819000
1776161821.418,121.418,0.41,13.0,0.4,8.0,0.39,8.0,0.38,8.0,0.37,9.0,0.59,13.0,0.6,8.0,0.61,8.0,0.62,8.0,0.63,9.0,0.41,13.0,0.4,8.0,0.39,8.0,0.38,8.0,0.37,9.0,0.59,13.0,0.6,8.0,0.61,8.0,0.62,8.0,0.63,9.0,0.18,0.18,44.927521,1776161820000
1776161822.286,122.286,0.41,13.0,0.4,8.0,0.39,8.0,0.38,8.0,0.37,9.0,0.59,13.0,0.6,8.0,0.61,8.0,0.62,8.0,0.63,9.0,0.41,13.0,0.4,8.0,0.39,8.0,0.38,8.0,0.37,9.0,0.59,13.0,0.6,8.0,0.61,8.0,0.62,8.0,0.63,9.0,0.18,0.18,44.928614,1776161821000
1776161823.412,123.412,0.41,13.0,0.4,8.0,0.39,8.0,0.38,8.0,0.37,9.0,0.59,13.0,0.6,8.0,0.61,8.0,0.62,8.0,0.63,9.0,0.41,13.0,0.4,8.0,0.39,8.0,0.38,8.0,0.37,9.0,0.59,13.0,0.6,8.0,0.61,8.0,0.62,8.0,0.63,9.0,0.18,0.18,44.928614,1776161822000
1776161824.296,124.296,0.41,13.0,0.4,8.0,0.39,8.0,0.38,8.0,0.37,9.0,0.59,13.0,0.6,8.0,0.61,8.0,0.62,8.0,0.63,9.0,0.41,13.0,0.4,8.0,0.39,8.0,0.38,8.0,0.37,9.0,0.59,13.0,0.6,8.0,0.61,8.0,0.62,8.0,0.63,9.0,0.18,0.18,44.92862,1776161823000
1776161825.244,125.244,0.41,13.0,0.4,8.0,0.39,8.0,0.38,8.0,0.37,9.0,0.59,13.0,0.6,8.0,0.61,8.0,0.62,8.0,0.63,9.0,0.41,13.0,0.4,8.0,0.39,8.0,0.38,8.0,0.37,9.0,0.59,13.0,0.6,8.0,0.61,8.0,0.62,8.0,0.63,9.0,0.18,0.18,44.928624,1776161824000
1776161826.247,126.247,0.41,13.0,0.4,8.0,0.39,8.0,0.38,8.0,0.37,9.0,0.59,13.0,0.6,8.0,0.61,8.0,0.62,8.0,0.63,9.0,0.41,13.0,0.4,8.0,0.39,8.0,0.38,8.0,0.37,9.0,0.59,13.0,0.6,8.0,0.61,8.0,0.62,8.0,0.63,9.0,0.18,0.18,44.928755,1776161825000
1776161827.191,127.191,0.41,13.0,0.4,8.0,0.39,8.0,0.38,8.0,0.37,9.0,0.59,13.0,0.6,8.0,0.61,8.0,0.62,8.0,0.63,9.0,0.41,13.0,0.4,8.0,0.39,8.0,0.38,8.0,0.37,9.0,0.59,13.0,0.6,8.0,0.61,8.0,0.62,8.0,0.63,9.0,0.18,0.18,44.927886,1776161826000
1776161828.193,128.193,0.41,13.0,0.4,8.0,0.39,8.0,0.38,8.0,0.37,9.0,0.59,13.0,0.6,8.0,0.61,8.0,0.62,8.0,0.63,9.0,0.41,13.0,0.4,8.0,0.39,8.0,0.38,8.0,0.37,9.0,0.59,13.0,0.6,8.0,0.61,8.0,0.62,8.0,0.63,9.0,0.18,0.18,44.927352,1776161827000
1776161829.116,129.116,0.41,13.0,0.4,8.0,0.39,8.0,0.38,8.0,0.37,9.0,0.59,13.0,0.6,8.0,0.61,8.0,0.62,8.0,0.63,9.0,0.41,13.0,0.4,8.0,0.39,8.0,0.38,8.0,0.37,9.0,0.59,13.0,0.6,8.0,0.61,8.0,0.62,8.0,0.63,9.0,0.18,0.18,44.926345,1776161828000
1776161830.079,130.079,0.41,13.0,0.4,8.0,0.39,8.0,0.38,8.0,0.37,9.0,0.59,13.0,0.6,8.0,0.61,8.0,0.62,8.0,0.63,9.0,0.41,13.0,0.4,8.0,0.39,8.0,0.38,8.0,0.37,9.0,0.59,13.0,0.6,8.0,0.61,8.0,0.62,8.0,0.63,9.0,0.18,0.18,44.925776,1776161829000
1776161831.808,131.808,0.41,13.0,0.4,8.0,0.39,8.0,0.38,8.0,0.37,9.0,0.59,13.0,0.6,8.0,0.61,8.0,0.62,8.0,0.63,9.0,0.41,13.0,0.4,8.0,0.39,8.0,0.38,8.0,0.37,9.0,0.59,13.0,0.6,8.0,0.61,8.0,0.62,8.0,0.63,9.0,0.18,0.18,44.926101,1776161830000
1776161832.292,132.292,0.41,13.0,0.4,8.0,0.39,8.0,0.38,8.0,0.37,9.0,0.59,13.0,0.6,8.0,0.61,8.0,0.62,8.0,0.63,9.0,0.41,13.0,0.4,8.0,0.39,8.0,0.38,8.0,0.37,9.0,0.59,13.0,0.6,8.0,0.61,8.0,0.62,8.0,0.63,9.0,0.18,0.18,44.926431,1776161831000
1776161833.349,133.349,0.41,13.0,0.4,8.0,0.39,8.0,0.38,8.0,0.37,9.0,0.59,13.0,0.6,8.0,0.61,8.0,0.62,8.0,0.63,9.0,0.41,13.0,0.4,8.0,0.39,8.0,0.38,8.0,0.37,9.0,0.59,13.0,0.6,8.0,0.61,8.0,0.62,8.0,0.63,9.0,0.18,0.18,44.926439,1776161832000
1776161833.959,133.959,0.41,13.0,0.4,8.0,0.39,8.0,0.38,8.0,0.37,9.0,0.59,13.0,0.6,8.0,0.61,8.0,0.62,8.0,0.63,9.0,0.41,13.0,0.4,8.0,0.39,8.0,0.38,8.0,0.37,9.0,0.59,13.0,0.6,8.0,0.61,8.0,0.62,8.0,0.63,9.0,0.18,0.18,44.926439,1776161833000
1776161835.098,135.098,0.41,13.0,0.4,8.0,0.39,8.0,0.38,8.0,0.37,9.0,0.59,13.0,0.6,8.0,0.61,8.0,0.62,8.0,0.63,9.0,0.41,13.0,0.4,8.0,0.39,8.0,0.38,8.0,0.37,9.0,0.59,13.0,0.6,8.0,0.61,8.0,0.62,8.0,0.63,9.0,0.18,0.18,44.926165,1776161834000
1776161836.235,136.235,0.41,13.0,0.4,8.0,0.39,8.0,0.38,8.0,0.37,9.0,0.59,13.0,0.6,8.0,0.61,8.0,0.62,8.0,0.63,9.0,0.41,13.0,0.4,8.0,0.39,8.0,0.38,8.0,0.37,9.0,0.59,13.0,0.6,8.0,0.61,8.0,0.62,8.0,0.63,9.0,0.18,0.18,44.924302,1776161835000
1776161837.383,137.383,0.41,13.0,0.4,8.0,0.39,8.0,0.38,8.0,0.37,9.0,0.59,13.0,0.6,8.0,0.61,8.0,0.62,8.0,0.63,9.0,0.41,13.0,0.4,8.0,0.39,8.0,0.38,8.0,0.37,9.0,0.59,13.0,0.6,8.0,0.61,8.0,0.62,8.0,0.63,9.0,0.18,0.18,44.923954,1776161836000
1776161837.939,137.939,0.41,13.0,0.4,8.0,0.39,8.0,0.38,8.0,0.37,9.0,0.59,13.0,0.6,8.0,0.61,8.0,0.62,8.0,0.63,9.0,0.41,13.0,0.4,8.0,0.39,8.0,0.38,8.0,0.37,9.0,0.59,13.0,0.6,8.0,0.61,8.0,0.62,8.0,0.63,9.0,0.18,0.18,44.923954,1776161837000
1776161839.056,139.056,0.41,13.0,0.4,8.0,0.39,8.0,0.38,8.0,0.37,9.0,0.59,13.0,0.6,8.0,0.61,8.0,0.62,8.0,0.63,9.0,0.41,13.0,0.4,8.0,0.39,8.0,0.38,8.0,0.37,9.0,0.59,13.0,0.6,8.0,0.61,8.0,0.62,8.0,0.63,9.0,0.18,0.18,44.923932,1776161838000
1776161840.348,140.348,0.41,13.0,0.4,8.0,0.39,8.0,0.38,8.0,0.37,9.0,0.59,13.0,0.6,8.0,0.61,8.0,0.62,8.0,0.63,9.0,0.41,13.0,0.4,8.0,0.39,8.0,0.38,8.0,0.37,9.0,0.59,13.0,0.6,8.0,0.61,8.0,0.62,8.0,0.63,9.0,0.18,0.18,44.924217,1776161839000
1776161841.47,141.47,0.41,13.0,0.4,8.0,0.39,8.0,0.38,8.0,0.37,9.0,0.59,13.0,0.6,8.0,0.61,8.0,0.62,8.0,0.63,9.0,0.41,13.0,0.4,8.0,0.39,8.0,0.38,8.0,0.37,9.0,0.59,13.0,0.6,8.0,0.61,8.0,0.62,8.0,0.63,9.0,0.18,0.18,44.924219,1776161840000
1776161842.025,142.025,0.41,13.0,0.4,8.0,0.39,8.0,0.38,8.0,0.37,9.0,0.59,13.0,0.6,8.0,0.61,8.0,0.62,8.0,0.63,9.0,0.41,13.0,0.4,8.0,0.39,8.0,0.38,8.0,0.37,9.0,0.59,13.0,0.6,8.0,0.61,8.0,0.62,8.0,0.63,9.0,0.18,0.18,44.924265,1776161841000
1776161843.125,143.125,0.41,13.0,0.4,8.0,0.39,8.0,0.38,8.0,0.37,9.0,0.59,13.0,0.6,8.0,0.61,8.0,0.62,8.0,0.63,9.0,0.41,13.0,0.4,8.0,0.39,8.0,0.38,8.0,0.37,9.0,0.59,13.0,0.6,8.0,0.61,8.0,0.62,8.0,0.63,9.0,0.18,0.18,44.924265,1776161842000
1776161844.324,144.324,0.41,13.0,0.4,8.0,0.39,8.0,0.38,8.0,0.37,9.0,0.59,13.0,0.6,8.0,0.61,8.0,0.62,8.0,0.63,9.0,0.41,13.0,0.4,8.0,0.39,8.0,0.38,8.0,0.37,9.0,0.59,13.0,0.6,8.0,0.61,8.0,0.62,8.0,0.63,9.0,0.18,0.18,44.926079,1776161843000
1776161845.368,145.368,0.41,13.0,0.4,8.0,0.39,8.0,0.38,8.0,0.37,9.0,0.59,13.0,0.6,8.0,0.61,8.0,0.62,8.0,0.63,9.0,0.41,13.0,0.4,8.0,0.39,8.0,0.38,8.0,0.37,9.0,0.59,13.0,0.6,8.0,0.61,8.0,0.62,8.0,0.63,9.0,0.18,0.18,44.928319,1776161844000
1776161846.496,146.496,0.41,13.0,0.4,8.0,0.39,8.0,0.38,8.0,0.37,9.0,0.59,13.0,0.6,8.0,0.61,8.0,0.62,8.0,0.63,9.0,0.41,13.0,0.4,8.0,0.39,8.0,0.38,8.0,0.37,9.0,0.59,13.0,0.6,8.0,0.61,8.0,0.62,8.0,0.63,9.0,0.18,0.18,44.928683,1776161845000
1776161847.324,147.324,0.41,13.0,0.4,8.0,0.39,8.0,0.38,8.0,0.37,9.0,0.59,13.0,0.6,8.0,0.61,8.0,0.62,8.0,0.63,9.0,0.41,13.0,0.4,8.0,0.39,8.0,0.38,8.0,0.37,9.0,0.59,13.0,0.6,8.0,0.61,8.0,0.62,8.0,0.63,9.0,0.18,0.18,44.928704,1776161846000
1776161848.176,148.176,0.41,13.0,0.4,8.0,0.39,8.0,0.38,8.0,0.37,9.0,0.59,13.0,0.6,8.0,0.61,8.0,0.62,8.0,0.63,9.0,0.41,13.0,0.4,8.0,0.39,8.0,0.38,8.0,0.37,9.0,0.59,13.0,0.6,8.0,0.61,8.0,0.62,8.0,0.63,9.0,0.18,0.18,44.928798,1776161847000
1776161849.682,149.682,0.41,13.0,0.4,8.0,0.39,8.0,0.38,8.0,0.37,9.0,0.59,13.0,0.6,8.0,0.61,8.0,0.62,8.0,0.63,9.0,0.41,13.0,0.4,8.0,0.39,8.0,0.38,8.0,0.37,9.0,0.59,13.0,0.6,8.0,0.61,8.0,0.62,8.0,0.63,9.0,0.18,0.18,44.928683,1776161848000
1776161850.21,150.21,0.41,13.0,0.4,8.0,0.39,8.0,0.38,8.0,0.37,9.0,0.59,13.0,0.6,8.0,0.61,8.0,0.62,8.0,0.63,9.0,0.41,13.0,0.4,8.0,0.39,8.0,0.38,8.0,0.37,9.0,0.59,13.0,0.6,8.0,0.61,8.0,0.62,8.0,0.63,9.0,0.18,0.18,44.927438,1776161849000
1776161851.929,151.929,0.41,13.0,0.4,8.0,0.39,8.0,0.38,8.0,0.37,9.0,0.59,13.0,0.6,8.0,0.61,8.0,0.62,8.0,0.63,9.0,0.41,13.0,0.4,8.0,0.39,8.0,0.38,8.0,0.37,9.0,0.59,13.0,0.6,8.0,0.61,8.0,0.62,8.0,0.63,9.0,0.18,0.18,44.926176,1776161850000
1776161852.606,152.606,0.41,13.0,0.4,8.0,0.39,8.0,0.38,8.0,0.37,9.0,0.59,13.0,0.6,8.0,0.61,8.0,0.62,8.0,0.63,9.0,0.41,13.0,0.4,8.0,0.39,8.0,0.38,8.0,0.37,9.0,0.59,13.0,0.6,8.0,0.61,8.0,0.62,8.0,0.63,9.0,0.18,0.18,44.926415,1776161851000
1776161853.27,153.27,0.41,13.0,0.4,8.0,0.39,8.0,0.38,8.0,0.37,9.0,0.59,13.0,0.6,8.0,0.61,8.0,0.62,8.0,0.63,9.0,0.41,13.0,0.4,8.0,0.39,8.0,0.38,8.0,0.37,9.0,0.59,13.0,0.6,8.0,0.61,8.0,0.62,8.0,0.63,9.0,0.18,0.18,44.929035,1776161852000
1776161854.868,154.868,0.41,13.0,0.4,8.0,0.39,8.0,0.38,8.0,0.37,9.0,0.59,13.0,0.6,8.0,0.61,8.0,0.62,8.0,0.63,9.0,0.41,13.0,0.4,8.0,0.39,8.0,0.38,8.0,0.37,9.0,0.59,13.0,0.6,8.0,0.61,8.0,0.62,8.0,0.63,9.0,0.18,0.18,44.929046,1776161853000
1776161855.543,155.543,0.41,13.0,0.4,8.0,0.39,8.0,0.38,8.0,0.37,9.0,0.59,13.0,0.6,8.0,0.61,8.0,0.62,8.0,0.63,9.0,0.41,13.0,0.4,8.0,0.39,8.0,0.38,8.0,0.37,9.0,0.59,13.0,0.6,8.0,0.61,8.0,0.62,8.0,0.63,9.0,0.18,0.18,44.931569,1776161854000
1776161856.361,156.361,0.41,13.0,0.4,8.0,0.39,8.0,0.38,8.0,0.37,9.0,0.59,13.0,0.6,8.0,0.61,8.0,0.62,8.0,0.63,9.0,0.41,13.0,0.4,8.0,0.39,8.0,0.38,8.0,0.37,9.0,0.59,13.0,0.6,8.0,0.61,8.0,0.62,8.0,0.63,9.0,0.18,0.18,44.933266,1776161855000
1776161857.778,157.778,0.41,13.0,0.4,8.0,0.39,8.0,0.38,8.0,0.37,9.0,0.59,13.0,0.6,8.0,0.61,8.0,0.62,8.0,0.63,9.0,0.41,13.0,0.4,8.0,0.39,8.0,0.38,8.0,0.37,9.0,0.59,13.0,0.6,8.0,0.61,8.0,0.62,8.0,0.63,9.0,0.18,0.18,44.933775,1776161856000
1776161858.564,158.564,0.41,13.0,0.4,8.0,0.39,8.0,0.38,8.0,0.37,9.0,0.59,13.0,0.6,8.0,0.61,8.0,0.62,8.0,0.63,9.0,0.41,13.0,0.4,8.0,0.39,8.0,0.38,8.0,0.37,9.0,0.59,13.0,0.6,8.0,0.61,8.0,0.62,8.0,0.63,9.0,0.18,0.18,44.933775,1776161857000
1776161859.351,159.351,0.41,13.0,0.4,8.0,0.39,8.0,0.38,8.0,0.37,9.0,0.59,13.0,0.6,8.0,0.61,8.0,0.62,8.0,0.63,9.0,0.41,13.0,0.4,8.0,0.39,8.0,0.38,8.0,0.37,9.0,0.59,13.0,0.6,8.0,0.61,8.0,0.62,8.0,0.63,9.0,0.18,0.18,44.93331,1776161858000
1776161860.786,160.786,0.41,13.0,0.4,8.0,0.39,8.0,0.38,8.0,0.37,9.0,0.59,13.0,0.6,8.0,0.61,8.0,0.62,8.0,0.63,9.0,0.41,13.0,0.4,8.0,0.39,8.0,0.38,8.0,0.37,9.0,0.59,13.0,0.6,8.0,0.61,8.0,0.62,8.0,0.63,9.0,0.18,0.18,44.934182,1776161859000
1776161861.573,161.573,0.41,13.0,0.4,8.0,0.39,8.0,0.38,8.0,0.37,9.0,0.59,13.0,0.6,8.0,0.61,8.0,0.62,8.0,0.63,9.0,0.41,13.0,0.4,8.0,0.39,8.0,0.38,8.0,0.37,9.0,0.59,13.0,0.6,8.0,0.61,8.0,0.62,8.0,0.63,9.0,0.18,0.18,44.934182,1776161860000
1776161862.398,162.398,0.41,13.0,0.4,8.0,0.39,8.0,0.38,8.0,0.37,9.0,0.59,13.0,0.6,8.0,0.61,8.0,0.62,8.0,0.63,9.0,0.41,13.0,0.4,8.0,0.39,8.0,0.38,8.0,0.37,9.0,0.59,13.0,0.6,8.0,0.61,8.0,0.62,8.0,0.63,9.0,0.18,0.18,44.934564,1776161861000
1776161863.151,163.151,0.41,13.0,0.4,8.0,0.39,8.0,0.38,8.0,0.37,9.0,0.59,13.0,0.6,8.0,0.61,8.0,0.62,8.0,0.63,9.0,0.41,13.0,0.4,8.0,0.39,8.0,0.38,8.0,0.37,9.0,0.59,13.0,0.6,8.0,0.61,8.0,0.62,8.0,0.63,9.0,0.18,0.18,44.934704,1776161862000
1776161864.6,164.6,0.41,13.0,0.4,8.0,0.39,8.0,0.38,8.0,0.37,9.0,0.59,13.0,0.6,8.0,0.61,8.0,0.62,8.0,0.63,9.0,0.41,13.0,0.4,8.0,0.39,8.0,0.38,8.0,0.37,9.0,0.59,13.0,0.6,8.0,0.61,8.0,0.62,8.0,0.63,9.0,0.18,0.18,44.933581,1776161863000
1776161865.832,165.832,0.41,13.0,0.4,8.0,0.39,8.0,0.38,8.0,0.37,9.0,0.59,13.0,0.6,8.0,0.61,8.0,0.62,8.0,0.63,9.0,0.41,13.0,0.4,8.0,0.39,8.0,0.38,8.0,0.37,9.0,0.59,13.0,0.6,8.0,0.61,8.0,0.62,8.0,0.63,9.0,0.18,0.18,44.93441,1776161864000
1776161866.345,166.345,0.41,13.0,0.4,8.0,0.39,8.0,0.38,8.0,0.37,9.0,0.59,13.0,0.6,8.0,0.61,8.0,0.62,8.0,0.63,9.0,0.41,13.0,0.4,8.0,0.39,8.0,0.38,8.0,0.37,9.0,0.59,13.0,0.6,8.0,0.61,8.0,0.62,8.0,0.63,9.0,0.18,0.18,44.934792,1776161865000
1776161866.931,166.931,0.41,13.0,0.4,8.0,0.39,8.0,0.38,8.0,0.37,9.0,0.59,13.0,0.6,8.0,0.61,8.0,0.62,8.0,0.63,9.0,0.41,13.0,0.4,8.0,0.39,8.0,0.38,8.0,0.37,9.0,0.59,13.0,0.6,8.0,0.61,8.0,0.62,8.0,0.63,9.0,0.18,0.18,44.934792,1776161866000
1776161867.976,167.976,0.41,13.0,0.4,8.0,0.39,8.0,0.38,8.0,0.37,9.0,0.59,13.0,0.6,8.0,0.61,8.0,0.62,8.0,0.63,9.0,0.41,13.0,0.4,8.0,0.39,8.0,0.38,8.0,0.37,9.0,0.59,13.0,0.6,8.0,0.61,8.0,0.62,8.0,0.63,9.0,0.18,0.18,44.933823,1776161867000
1776161869.324,169.324,0.41,13.0,0.4,8.0,0.39,8.0,0.38,8.0,0.37,9.0,0.59,13.0,0.6,8.0,0.61,8.0,0.62,8.0,0.63,9.0,0.41,13.0,0.4,8.0,0.39,8.0,0.38,8.0,0.37,9.0,0.59,13.0,0.6,8.0,0.61,8.0,0.62,8.0,0.63,9.0,0.18,0.18,44.93416,1776161868000
1776161869.996,169.996,0.41,13.0,0.4,8.0,0.39,8.0,0.38,8.0,0.37,9.0,0.59,13.0,0.6,8.0,0.61,8.0,0.62,8.0,0.63,9.0,0.41,13.0,0.4,8.0,0.39,8.0,0.38,8.0,0.37,9.0,0.59,13.0,0.6,8.0,0.61,8.0,0.62,8.0,0.63,9.0,0.18,0.18,44.934182,1776161869000
1776161870.983,170.983,0.41,13.0,0.4,8.0,0.39,8.0,0.38,8.0,0.37,9.0,0.59,13.0,0.6,8.0,0.61,8.0,0.62,8.0,0.63,9.0,0.41,13.0,0.4,8.0,0.39,8.0,0.38,8.0,0.37,9.0,0.59,13.0,0.6,8.0,0.61,8.0,0.62,8.0,0.63,9.0,0.18,0.18,44.93499,1776161870000
1776161872.141,172.141,0.41,13.0,0.4,8.0,0.39,8.0,0.38,8.0,0.37,9.0,0.59,13.0,0.6,8.0,0.61,8.0,0.62,8.0,0.63,9.0,0.41,13.0,0.4,8.0,0.39,8.0,0.38,8.0,0.37,9.0,0.59,13.0,0.6,8.0,0.61,8.0,0.62,8.0,0.63,9.0,0.18,0.18,44.936825,1776161871000
1776161873.265,173.265,0.41,13.0,0.4,8.0,0.39,8.0,0.38,8.0,0.37,9.0,0.59,13.0,0.6,8.0,0.61,8.0,0.62,8.0,0.63,9.0,0.41,13.0,0.4,8.0,0.39,8.0,0.38,8.0,0.37,9.0,0.59,13.0,0.6,8.0,0.61,8.0,0.62,8.0,0.63,9.0,0.18,0.18,44.938241,1776161872000
1776161873.94,173.94,0.41,13.0,0.4,8.0,0.39,8.0,0.38,8.0,0.37,9.0,0.59,13.0,0.6,8.0,0.61,8.0,0.62,8.0,0.63,9.0,0.41,13.0,0.4,8.0,0.39,8.0,0.38,8.0,0.37,9.0,0.59,13.0,0.6,8.0,0.61,8.0,0.62,8.0,0.63,9.0,0.18,0.18,44.938241,1776161873000
1776161874.978,174.978,0.41,13.0,0.4,8.0,0.39,8.0,0.38,8.0,0.37,9.0,0.59,13.0,0.6,8.0,0.61,8.0,0.62,8.0,0.63,9.0,0.41,13.0,0.4,8.0,0.39,8.0,0.38,8.0,0.37,9.0,0.59,13.0,0.6,8.0,0.61,8.0,0.62,8.0,0.63,9.0,0.18,0.18,44.937771,1776161874000
1776161876.134,176.134,0.41,13.0,0.4,8.0,0.39,8.0,0.38,8.0,0.37,9.0,0.59,13.0,0.6,8.0,0.61,8.0,0.62,8.0,0.63,9.0,0.41,13.0,0.4,8.0,0.39,8.0,0.38,8.0,0.37,9.0,0.59,13.0,0.6,8.0,0.61,8.0,0.62,8.0,0.63,9.0,0.18,0.18,44.937368,1776161875000
1776161877.362,177.362,0.41,13.0,0.4,8.0,0.39,8.0,0.38,8.0,0.37,9.0,0.59,13.0,0.6,8.0,0.61,8.0,0.62,8.0,0.63,9.0,0.41,13.0,0.4,8.0,0.39,8.0,0.38,8.0,0.37,9.0,0.59,13.0,0.6,8.0,0.61,8.0,0.62,8.0,0.63,9.0,0.18,0.18,44.937368,1776161876000
1776161877.916,177.916,0.41,13.0,0.4,8.0,0.39,8.0,0.38,8.0,0.37,9.0,0.59,13.0,0.6,8.0,0.61,8.0,0.62,8.0,0.63,9.0,0.41,13.0,0.4,8.0,0.39,8.0,0.38,8.0,0.37,9.0,0.59,13.0,0.6,8.0,0.61,8.0,0.62,8.0,0.63,9.0,0.18,0.18,44.937368,1776161877000
1776161879.363,179.363,0.41,13.0,0.4,8.0,0.39,8.0,0.38,8.0,0.37,9.0,0.59,13.0,0.6,8.0,0.61,8.0,0.62,8.0,0.63,9.0,0.41,13.0,0.4,8.0,0.39,8.0,0.38,8.0,0.37,9.0,0.59,13.0,0.6,8.0,0.61,8.0,0.62,8.0,0.63,9.0,0.18,0.18,44.936986,1776161878000
1776161880.126,180.126,0.41,13.0,0.4,8.0,0.39,8.0,0.38,8.0,0.37,9.0,0.59,13.0,0.6,8.0,0.61,8.0,0.62,8.0,0.63,9.0,0.41,13.0,0.4,8.0,0.39,8.0,0.38,8.0,0.37,9.0,0.59,13.0,0.6,8.0,0.61,8.0,0.62,8.0,0.63,9.0,0.18,0.18,44.937283,1776161879000
1776161881.228,181.228,0.41,13.0,0.4,8.0,0.39,8.0,0.38,8.0,0.37,9.0,0.59,13.0,0.6,8.0,0.61,8.0,0.62,8.0,0.63,9.0,0.41,13.0,0.4,8.0,0.39,8.0,0.38,8.0,0.37,9.0,0.59,13.0,0.6,8.0,0.61,8.0,0.62,8.0,0.63,9.0,0.18,0.18,44.939315,1776161880000
1776161882.437,182.437,0.41,13.0,0.4,8.0,0.39,8.0,0.38,8.0,0.37,9.0,0.59,13.0,0.6,8.0,0.61,8.0,0.62,8.0,0.63,9.0,0.41,13.0,0.4,8.0,0.39,8.0,0.38,8.0,0.37,9.0,0.59,13.0,0.6,8.0,0.61,8.0,0.62,8.0,0.63,9.0,0.18,0.18,44.937368,1776161881000
1776161884.303,184.303,0.41,13.0,0.4,8.0,0.39,8.0,0.38,8.0,0.37,9.0,0.59,13.0,0.6,8.0,0.61,8.0,0.62,8.0,0.63,9.0,0.41,13.0,0.4,8.0,0.39,8.0,0.38,8.0,0.37,9.0,0.59,13.0,0.6,8.0,0.61,8.0,0.62,8.0,0.63,9.0,0.18,0.18,44.936589,1776161882000
1776161884.911,184.911,0.41,13.0,0.4,8.0,0.39,8.0,0.38,8.0,0.37,9.0,0.59,13.0,0.6,8.0,0.61,8.0,0.62,8.0,0.63,9.0,0.41,13.0,0.4,8.0,0.39,8.0,0.38,8.0,0.37,9.0,0.59,13.0,0.6,8.0,0.61,8.0,0.62,8.0,0.63,9.0,0.18,0.18,44.933422,1776161883000
1776161885.59,185.59,0.41,13.0,0.4,8.0,0.39,8.0,0.38,8.0,0.37,9.0,0.59,13.0,0.6,8.0,0.61,8.0,0.62,8.0,0.63,9.0,0.41,13.0,0.4,8.0,0.39,8.0,0.38,8.0,0.37,9.0,0.59,13.0,0.6,8.0,0.61,8.0,0.62,8.0,0.63,9.0,0.18,0.18,44.934688,1776161884000
1776161886.14,186.14,0.41,13.0,0.4,8.0,0.39,8.0,0.38,8.0,0.37,9.0,0.59,13.0,0.6,8.0,0.61,8.0,0.62,8.0,0.63,9.0,0.41,13.0,0.4,8.0,0.39,8.0,0.38,8.0,0.37,9.0,0.59,13.0,0.6,8.0,0.61,8.0,0.62,8.0,0.63,9.0,0.18,0.18,44.937888,1776161885000
1776161887.366,187.366,0.41,13.0,0.4,8.0,0.39,8.0,0.38,8.0,0.37,9.0,0.59,13.0,0.6,8.0,0.61,8.0,0.62,8.0,0.63,9.0,0.41,13.0,0.4,8.0,0.39,8.0,0.38,8.0,0.37,9.0,0.59,13.0,0.6,8.0,0.61,8.0,0.62,8.0,0.63,9.0,0.18,0.18,44.93785,1776161886000
1776161887.992,187.992,0.41,13.0,0.4,8.0,0.39,8.0,0.38,8.0,0.37,9.0,0.59,13.0,0.6,8.0,0.61,8.0,0.62,8.0,0.63,9.0,0.41,13.0,0.4,8.0,0.39,8.0,0.38,8.0,0.37,9.0,0.59,13.0,0.6,8.0,0.61,8.0,0.62,8.0,0.63,9.0,0.18,0.18,44.937689,1776161887000
1776161889.195,189.195,0.41,13.0,0.4,8.0,0.39,8.0,0.38,8.0,0.37,9.0,0.59,13.0,0.6,8.0,0.61,8.0,0.62,8.0,0.63,9.0,0.41,13.0,0.4,8.0,0.39,8.0,0.38,8.0,0.37,9.0,0.59,13.0,0.6,8.0,0.61,8.0,0.62,8.0,0.63,9.0,0.18,0.18,44.937281,1776161888000
1776161890.483,190.483,0.41,13.0,0.4,8.0,0.39,8.0,0.38,8.0,0.37,9.0,0.59,13.0,0.6,8.0,0.61,8.0,0.62,8.0,0.63,9.0,0.41,13.0,0.4,8.0,0.39,8.0,0.38,8.0,0.37,9.0,0.59,13.0,0.6,8.0,0.61,8.0,0.62,8.0,0.63,9.0,0.18,0.18,44.937281,1776161889000
1776161890.999,190.999,0.41,13.0,0.4,8.0,0.39,8.0,0.38,8.0,0.37,9.0,0.59,13.0,0.6,8.0,0.61,8.0,0.62,8.0,0.63,9.0,0.41,13.0,0.4,8.0,0.39,8.0,0.38,8.0,0.37,9.0,0.59,13.0,0.6,8.0,0.61,8.0,0.62,8.0,0.63,9.0,0.18,0.18,44.937667,1776161890000
1776161892.387,192.387,0.41,13.0,0.4,8.0,0.39,8.0,0.38,8.0,0.37,9.0,0.59,13.0,0.6,8.0,0.61,8.0,0.62,8.0,0.63,9.0,0.41,13.0,0.4,8.0,0.39,8.0,0.38,8.0,0.37,9.0,0.59,13.0,0.6,8.0,0.61,8.0,0.62,8.0,0.63,9.0,0.18,0.18,44.937259,1776161891000
1776161893.027,193.027,0.41,13.0,0.4,8.0,0.39,8.0,0.38,8.0,0.37,9.0,0.59,13.0,0.6,8.0,0.61,8.0,0.62,8.0,0.63,9.0,0.41,13.0,0.4,8.0,0.39,8.0,0.38,8.0,0.37,9.0,0.59,13.0,0.6,8.0,0.61,8.0,0.62,8.0,0.63,9.0,0.18,0.18,44.937075,1776161892000
1776161894.351,194.351,0.41,13.0,0.4,8.0,0.39,8.0,0.38,8.0,0.37,9.0,0.59,13.0,0.6,8.0,0.61,8.0,0.62,8.0,0.63,9.0,0.41,13.0,0.4,8.0,0.39,8.0,0.38,8.0,0.37,9.0,0.59,13.0,0.6,8.0,0.61,8.0,0.62,8.0,0.63,9.0,0.18,0.18,44.937028,1776161893000
1776161894.968,194.968,0.41,13.0,0.4,8.0,0.39,8.0,0.38,8.0,0.37,9.0,0.59,13.0,0.6,8.0,0.61,8.0,0.62,8.0,0.63,9.0,0.41,13.0,0.4,8.0,0.39,8.0,0.38,8.0,0.37,9.0,0.59,13.0,0.6,8.0,0.61,8.0,0.62,8.0,0.63,9.0,0.18,0.18,44.937007,1776161894000
1776161896.237,196.237,0.41,13.0,0.4,8.0,0.39,8.0,0.38,8.0,0.37,9.0,0.59,13.0,0.6,8.0,0.61,8.0,0.62,8.0,0.63,9.0,0.41,13.0,0.4,8.0,0.39,8.0,0.38,8.0,0.37,9.0,0.59,13.0,0.6,8.0,0.61,8.0,0.62,8.0,0.63,9.0,0.18,0.18,44.932951,1776161895000
1776161897.471,197.471,0.41,13.0,0.4,8.0,0.39,8.0,0.38,8.0,0.37,9.0,0.59,13.0,0.6,8.0,0.61,8.0,0.62,8.0,0.63,9.0,0.41,13.0,0.4,8.0,0.39,8.0,0.38,8.0,0.37,9.0,0.59,13.0,0.6,8.0,0.61,8.0,0.62,8.0,0.63,9.0,0.18,0.18,44.932543,1776161896000
1776161899.769,199.769,0.41,13.0,0.4,8.0,0.39,8.0,0.38,8.0,0.37,9.0,0.59,13.0,0.6,8.0,0.61,8.0,0.62,8.0,0.63,9.0,0.41,13.0,0.4,8.0,0.39,8.0,0.38,8.0,0.37,9.0,0.59,13.0,0.6,8.0,0.61,8.0,0.62,8.0,0.63,9.0,0.18,0.18,44.933325,1776161898000
1776161900.122,200.122,0.41,13.0,0.4,8.0,0.39,8.0,0.38,8.0,0.37,9.0,0.59,13.0,0.6,8.0,0.61,8.0,0.62,8.0,0.63,9.0,0.41,13.0,0.4,8.0,0.39,8.0,0.38,8.0,0.37,9.0,0.59,13.0,0.6,8.0,0.61,8.0,0.62,8.0,0.63,9.0,0.18,0.18,44.933325,1776161899000
1776161901.088,201.088,0.41,13.0,0.4,8.0,0.39,8.0,0.38,8.0,0.37,9.0,0.59,13.0,0.6,8.0,0.61,8.0,0.62,8.0,0.63,9.0,0.41,13.0,0.4,8.0,0.39,8.0,0.38,8.0,0.37,9.0,0.59,13.0,0.6,8.0,0.61,8.0,0.62,8.0,0.63,9.0,0.18,0.18,44.932469,1776161900000
1776161902.121,202.121,0.41,13.0,0.4,8.0,0.39,8.0,0.38,8.0,0.37,9.0,0.59,13.0,0.6,8.0,0.61,8.0,0.62,8.0,0.63,9.0,0.41,13.0,0.4,8.0,0.39,8.0,0.38,8.0,0.37,9.0,0.59,13.0,0.6,8.0,0.61,8.0,0.62,8.0,0.63,9.0,0.18,0.18,44.931808,1776161901000
1776161903.147,203.147,0.41,13.0,0.4,8.0,0.39,8.0,0.38,8.0,0.37,9.0,0.59,13.0,0.6,8.0,0.61,8.0,0.62,8.0,0.63,9.0,0.41,13.0,0.4,8.0,0.39,8.0,0.38,8.0,0.37,9.0,0.59,13.0,0.6,8.0,0.61,8.0,0.62,8.0,0.63,9.0,0.18,0.18,44.931092,1776161902000
1776161904.066,204.066,0.41,13.0,0.4,8.0,0.39,8.0,0.38,8.0,0.37,9.0,0.59,13.0,0.6,8.0,0.61,8.0,0.62,8.0,0.63,9.0,0.41,13.0,0.4,8.0,0.39,8.0,0.38,8.0,0.37,9.0,0.59,13.0,0.6,8.0,0.61,8.0,0.62,8.0,0.63,9.0,0.18,0.18,44.931093,1776161903000
1776161905.019,205.019,0.41,13.0,0.4,8.0,0.39,8.0,0.38,8.0,0.37,9.0,0.59,13.0,0.6,8.0,0.61,8.0,0.62,8.0,0.63,9.0,0.41,13.0,0.4,8.0,0.39,8.0,0.38,8.0,0.37,9.0,0.59,13.0,0.6,8.0,0.61,8.0,0.62,8.0,0.63,9.0,0.18,0.18,44.93213,1776161904000
1776161906.119,206.119,0.41,13.0,0.4,8.0,0.39,8.0,0.38,8.0,0.37,9.0,0.59,13.0,0.6,8.0,0.61,8.0,0.62,8.0,0.63,9.0,0.41,13.0,0.4,8.0,0.39,8.0,0.38,8.0,0.37,9.0,0.59,13.0,0.6,8.0,0.61,8.0,0.62,8.0,0.63,9.0,0.18,0.18,44.931228,1776161905000
1776161907.034,207.034,0.41,13.0,0.4,8.0,0.39,8.0,0.38,8.0,0.37,9.0,0.59,13.0,0.6,8.0,0.61,8.0,0.62,8.0,0.63,9.0,0.41,13.0,0.4,8.0,0.39,8.0,0.38,8.0,0.37,9.0,0.59,13.0,0.6,8.0,0.61,8.0,0.62,8.0,0.63,9.0,0.18,0.18,44.928586,1776161906000
1776161908.045,208.045,0.41,13.0,0.4,8.0,0.39,8.0,0.38,8.0,0.37,9.0,0.59,13.0,0.6,8.0,0.61,8.0,0.62,8.0,0.63,9.0,0.41,13.0,0.4,8.0,0.39,8.0,0.38,8.0,0.37,9.0,0.59,13.0,0.6,8.0,0.61,8.0,0.62,8.0,0.63,9.0,0.18,0.18,44.927347,1776161907000
1776161908.904,208.904,0.41,13.0,0.4,8.0,0.39,8.0,0.38,8.0,0.37,9.0,0.59,13.0,0.6,8.0,0.61,8.0,0.62,8.0,0.63,9.0,0.41,13.0,0.4,8.0,0.39,8.0,0.38,8.0,0.37,9.0,0.59,13.0,0.6,8.0,0.61,8.0,0.62,8.0,0.63,9.0,0.18,0.18,44.926271,1776161908000
1776161909.88,209.88,0.41,13.0,0.4,8.0,0.39,8.0,0.38,8.0,0.37,9.0,0.59,13.0,0.6,8.0,0.61,8.0,0.62,8.0,0.63,9.0,0.41,13.0,0.4,8.0,0.39,8.0,0.38,8.0,0.37,9.0,0.59,13.0,0.6,8.0,0.61,8.0,0.62,8.0,0.63,9.0,0.18,0.18,44.926591,1776161909000
1776161910.9,210.9,0.41,13.0,0.4,8.0,0.39,8.0,0.38,8.0,0.37,9.0,0.59,13.0,0.6,8.0,0.61,8.0,0.62,8.0,0.63,9.0,0.41,13.0,0.4,8.0,0.39,8.0,0.38,8.0,0.37,9.0,0.59,13.0,0.6,8.0,0.61,8.0,0.62,8.0,0.63,9.0,0.18,0.18,44.926591,1776161910000
1776161912.351,212.351,0.16,30.9,0.04,100.0,0.02,5.0,0.01,1371.09,,,0.48,9.88,0.49,15.1,0.5,10.0,0.71,17.0,0.95,100.0,0.52,9.88,0.51,15.1,0.5,10.0,0.29,17.0,0.05,100.0,0.84,30.9,0.96,100.0,0.98,5.0,0.99,1371.09,,,0.32,0.32,44.927251,1776161911000
1776161913.283,213.283,0.16,30.9,0.04,100.0,0.02,5.0,0.01,1371.09,,,0.48,9.88,0.49,15.1,0.5,10.0,0.71,17.0,0.95,100.0,0.52,9.88,0.51,15.1,0.5,10.0,0.29,17.0,0.05,100.0,0.84,30.9,0.96,100.0,0.98,5.0,0.99,1371.09,,,0.32,0.32,44.927228,1776161912000
1776161914.264,214.264,0.16,30.9,0.04,100.0,0.02,5.0,0.01,1371.09,,,0.48,9.88,0.49,15.1,0.5,10.0,0.71,17.0,0.95,100.0,0.52,9.88,0.51,15.1,0.5,10.0,0.29,17.0,0.05,100.0,0.84,30.9,0.96,100.0,0.98,5.0,0.99,1371.09,,,0.32,0.32,44.926865,1776161913000
1776161915.23,215.23,0.16,30.9,0.04,100.0,0.02,5.0,0.01,1371.09,,,0.48,9.88,0.49,15.1,0.5,10.0,0.71,17.0,0.95,100.0,0.52,9.88,0.51,15.1,0.5,10.0,0.29,17.0,0.05,100.0,0.84,30.9,0.96,100.0,0.98,5.0,0.99,1371.09,,,0.32,0.32,44.927136,1776161914000
1776161916.078,216.078,0.16,30.9,0.04,100.0,0.02,5.0,0.01,1371.09,,,0.48,9.88,0.49,15.1,0.5,10.0,0.71,17.0,0.95,100.0,0.52,9.88,0.51,15.1,0.5,10.0,0.29,17.0,0.05,100.0,0.84,30.9,0.96,100.0,0.98,5.0,0.99,1371.09,,,0.32,0.32,44.927576,1776161915000
1776161917.096,217.096,0.16,30.9,0.04,100.0,0.02,5.0,0.01,1371.09,,,0.48,9.88,0.49,15.1,0.5,10.0,0.71,17.0,0.95,100.0,0.52,9.88,0.51,15.1,0.5,10.0,0.29,17.0,0.05,100.0,0.84,30.9,0.96,100.0,0.98,5.0,0.99,1371.09,,,0.32,0.32,44.927812,1776161916000
1776161918.087,218.087,0.16,30.9,0.04,100.0,0.02,5.0,0.01,1371.09,,,0.48,9.88,0.49,15.1,0.5,10.0,0.71,17.0,0.95,100.0,0.52,9.88,0.51,15.1,0.5,10.0,0.29,17.0,0.05,100.0,0.84,30.9,0.96,100.0,0.98,5.0,0.99,1371.09,,,0.32,0.32,44.927962,1776161917000
1776161918.991,218.991,0.16,30.9,0.04,100.0,0.02,5.0,0.01,1371.09,,,0.48,9.88,0.49,15.1,0.5,10.0,0.71,17.0,0.95,100.0,0.52,9.88,0.51,15.1,0.5,10.0,0.29,17.0,0.05,100.0,0.84,30.9,0.96,100.0,0.98,5.0,0.99,1371.09,,,0.32,0.32,44.929184,1776161918000
1776161920.075,220.075,0.16,30.9,0.04,100.0,0.02,5.0,0.01,1371.09,,,0.48,9.88,0.49,15.1,0.5,10.0,0.71,17.0,0.95,100.0,0.52,9.88,0.51,15.1,0.5,10.0,0.29,17.0,0.05,100.0,0.84,30.9,0.96,100.0,0.98,5.0,0.99,1371.09,,,0.32,0.32,44.931121,1776161919000
1776161921.043,221.043,0.16,30.9,0.04,100.0,0.02,5.0,0.01,1371.09,,,0.48,9.88,0.49,15.1,0.5,10.0,0.71,17.0,0.95,100.0,0.52,9.88,0.51,15.1,0.5,10.0,0.29,17.0,0.05,100.0,0.84,30.9,0.96,100.0,0.98,5.0,0.99,1371.09,,,0.32,0.32,44.931693,1776161920000
1776161921.937,221.937,0.16,30.9,0.04,100.0,0.02,5.0,0.01,1371.09,,,0.48,9.88,0.49,15.1,0.5,10.0,0.71,17.0,0.95,100.0,0.52,9.88,0.51,15.1,0.5,10.0,0.29,17.0,0.05,100.0,0.84,30.9,0.96,100.0,0.98,5.0,0.99,1371.09,,,0.32,0.32,44.93206,1776161921000
1776161922.894,222.894,0.16,30.9,0.04,100.0,0.02,5.0,0.01,1371.09,,,0.48,9.88,0.49,15.1,0.5,10.0,0.71,17.0,0.95,100.0,0.52,9.88,0.51,15.1,0.5,10.0,0.29,17.0,0.05,100.0,0.84,30.9,0.96,100.0,0.98,5.0,0.99,1371.09,,,0.32,0.32,44.932423,1776161922000
1776161923.99,223.99,0.16,30.9,0.04,100.0,0.02,5.0,0.01,1371.09,,,0.48,9.88,0.49,15.1,0.5,10.0,0.71,17.0,0.95,100.0,0.52,9.88,0.51,15.1,0.5,10.0,0.29,17.0,0.05,100.0,0.84,30.9,0.96,100.0,0.98,5.0,0.99,1371.09,,,0.32,0.32,44.932643,1776161923000
1776161925.276,225.276,0.16,30.9,0.04,100.0,0.02,5.0,0.01,1371.09,,,0.48,9.88,0.49,15.1,0.5,10.0,0.71,17.0,0.95,100.0,0.52,9.88,0.51,15.1,0.5,10.0,0.29,17.0,0.05,100.0,0.84,30.9,0.96,100.0,0.98,5.0,0.99,1371.09,,,0.32,0.32,44.932633,1776161924000
1776161926.273,226.273,0.16,30.9,0.04,100.0,0.02,5.0,0.01,1371.09,,,0.48,9.88,0.49,15.1,0.5,10.0,0.71,17.0,0.95,100.0,0.52,9.88,0.51,15.1,0.5,10.0,0.29,17.0,0.05,100.0,0.84,30.9,0.96,100.0,0.98,5.0,0.99,1371.09,,,0.32,0.32,44.934177,1776161925000
1776161927.375,227.375,0.16,30.9,0.04,100.0,0.02,5.0,0.01,1371.09,,,0.48,9.88,0.49,15.1,0.5,10.0,0.71,17.0,0.95,100.0,0.52,9.88,0.51,15.1,0.5,10.0,0.29,17.0,0.05,100.0,0.84,30.9,0.96,100.0,0.98,5.0,0.99,1371.09,,,0.32,0.32,44.934734,1776161926000
1776161927.959,227.959,0.16,30.9,0.04,100.0,0.02,5.0,0.01,1371.09,,,0.48,9.88,0.49,15.1,0.5,10.0,0.71,17.0,0.95,100.0,0.52,9.88,0.51,15.1,0.5,10.0,0.29,17.0,0.05,100.0,0.84,30.9,0.96,100.0,0.98,5.0,0.99,1371.09,,,0.32,0.32,44.934907,1776161927000
1776161928.986,228.986,0.16,30.9,0.04,100.0,0.02,5.0,0.01,1371.09,,,0.48,9.88,0.49,15.1,0.5,10.0,0.71,17.0,0.95,100.0,0.52,9.88,0.51,15.1,0.5,10.0,0.29,17.0,0.05,100.0,0.84,30.9,0.96,100.0,0.98,5.0,0.99,1371.09,,,0.32,0.32,44.934759,1776161928000
1776161929.756,229.756,0.34,5.5,0.09,55.0,0.04,100.0,0.02,5.0,0.01,1371.09,0.49,5.1,0.5,10.0,0.51,10.0,0.69,16.0,0.95,100.0,0.52,9.88,0.51,15.1,0.5,10.0,0.29,17.0,0.05,100.0,0.84,30.9,0.96,100.0,0.98,5.0,0.99,1371.09,,,0.15,0.32,44.934759,1776161928000
1776161930.082,230.082,0.34,5.5,0.09,55.0,0.04,100.0,0.02,5.0,0.01,1371.09,0.49,5.1,0.5,10.0,0.51,10.0,0.69,16.0,0.95,100.0,0.51,5.1,0.5,10.0,0.49,10.0,0.31,16.0,0.05,100.0,0.66,5.5,0.91,55.0,0.96,100.0,0.98,5.0,0.99,1371.09,0.15,0.15,44.935228,1776161929000
1776161931.214,231.214,0.34,5.5,0.09,55.0,0.04,100.0,0.02,5.0,0.01,1371.09,0.49,5.1,0.5,10.0,0.51,10.0,0.69,16.0,0.95,100.0,0.51,5.1,0.5,10.0,0.49,10.0,0.31,16.0,0.05,100.0,0.66,5.5,0.91,55.0,0.96,100.0,0.98,5.0,0.99,1371.09,0.15,0.15,44.93544,1776161930000
1776161932.225,232.225,0.34,5.5,0.09,55.0,0.04,100.0,0.02,5.0,0.01,1371.09,0.49,5.1,0.5,10.0,0.51,10.0,0.69,16.0,0.95,100.0,0.51,5.1,0.5,10.0,0.49,10.0,0.31,16.0,0.05,100.0,0.66,5.5,0.91,55.0,0.96,100.0,0.98,5.0,0.99,1371.09,0.15,0.15,44.930932,1776161931000
1776161933.303,233.303,0.34,5.5,0.09,55.0,0.04,100.0,0.02,5.0,0.01,1371.09,0.49,5.1,0.5,10.0,0.51,10.0,0.69,16.0,0.95,100.0,0.51,5.1,0.5,10.0,0.49,10.0,0.31,16.0,0.05,100.0,0.66,5.5,0.91,55.0,0.96,100.0,0.98,5.0,0.99,1371.09,0.15,0.15,44.926823,1776161932000
1776161934.47,234.47,0.34,5.5,0.09,55.0,0.04,100.0,0.02,5.0,0.01,1371.09,0.49,5.1,0.5,10.0,0.51,10.0,0.69,16.0,0.95,100.0,0.51,5.1,0.5,10.0,0.49,10.0,0.31,16.0,0.05,100.0,0.66,5.5,0.91,55.0,0.96,100.0,0.98,5.0,0.99,1371.09,0.15,0.15,44.927053,1776161933000
1776161934.992,234.992,0.34,5.5,0.09,55.0,0.04,100.0,0.02,5.0,0.01,1371.09,0.49,5.1,0.5,10.0,0.51,10.0,0.69,16.0,0.95,100.0,0.51,5.1,0.5,10.0,0.49,10.0,0.31,16.0,0.05,100.0,0.66,5.5,0.91,55.0,0.96,100.0,0.98,5.0,0.99,1371.09,0.15,0.15,44.92613,1776161934000
1776161936.029,236.029,0.34,5.5,0.09,55.0,0.04,100.0,0.02,5.0,0.01,1371.09,0.49,5.1,0.5,10.0,0.51,10.0,0.69,16.0,0.95,100.0,0.51,5.1,0.5,10.0,0.49,10.0,0.31,16.0,0.05,100.0,0.66,5.5,0.91,55.0,0.96,100.0,0.98,5.0,0.99,1371.09,0.15,0.15,44.925915,1776161935000
1776161937.072,237.072,0.34,5.5,0.09,55.0,0.04,100.0,0.02,5.0,0.01,1371.09,0.49,5.1,0.5,10.0,0.51,10.0,0.69,16.0,0.95,100.0,0.51,5.1,0.5,10.0,0.49,10.0,0.31,16.0,0.05,100.0,0.66,5.5,0.91,55.0,0.96,100.0,0.98,5.0,0.99,1371.09,0.15,0.15,44.926323,1776161936000
1776161938.569,238.569,0.34,5.5,0.09,55.0,0.04,100.0,0.02,5.0,0.01,1371.09,0.49,5.1,0.5,10.0,0.51,10.0,0.69,16.0,0.95,100.0,0.51,5.1,0.5,10.0,0.49,10.0,0.31,16.0,0.05,100.0,0.66,5.5,0.91,55.0,0.96,100.0,0.98,5.0,0.99,1371.09,0.15,0.15,44.926731,1776161937000
1776161939.118,239.118,0.34,5.5,0.09,55.0,0.04,100.0,0.02,5.0,0.01,1371.09,0.49,5.1,0.5,10.0,0.51,10.0,0.69,16.0,0.95,100.0,0.51,5.1,0.5,10.0,0.49,10.0,0.31,16.0,0.05,100.0,0.66,5.5,0.91,55.0,0.96,100.0,0.98,5.0,0.99,1371.09,0.15,0.15,44.926731,1776161938000
1776161940.204,240.204,0.34,5.5,0.09,55.0,0.04,100.0,0.02,5.0,0.01,1371.09,0.49,5.1,0.5,10.0,0.51,10.0,0.69,16.0,0.95,100.0,0.51,5.1,0.5,10.0,0.49,10.0,0.31,16.0,0.05,100.0,0.66,5.5,0.91,55.0,0.96,100.0,0.98,5.0,0.99,1371.09,0.15,0.15,44.926345,1776161939000
1776161941.254,241.254,0.34,5.5,0.09,55.0,0.04,100.0,0.02,5.0,0.01,1371.09,0.49,5.1,0.5,10.0,0.51,10.0,0.69,16.0,0.95,100.0,0.51,5.1,0.5,10.0,0.49,10.0,0.31,16.0,0.05,100.0,0.66,5.5,0.91,55.0,0.96,100.0,0.98,5.0,0.99,1371.09,0.15,0.15,44.926688,1776161940000
1776161942.142,242.142,0.34,5.5,0.09,55.0,0.04,100.0,0.02,5.0,0.01,1371.09,0.49,5.1,0.5,10.0,0.51,10.0,0.69,16.0,0.95,100.0,0.51,5.1,0.5,10.0,0.49,10.0,0.31,16.0,0.05,100.0,0.66,5.5,0.91,55.0,0.96,100.0,0.98,5.0,0.99,1371.09,0.15,0.15,44.927657,1776161941000
1776161943.162,243.162,0.34,5.5,0.09,55.0,0.04,100.0,0.02,5.0,0.01,1371.09,0.49,5.1,0.5,10.0,0.51,10.0,0.69,16.0,0.95,100.0,0.51,5.1,0.5,10.0,0.49,10.0,0.31,16.0,0.05,100.0,0.66,5.5,0.91,55.0,0.96,100.0,0.98,5.0,0.99,1371.09,0.15,0.15,44.927656,1776161942000
1776161944.139,244.139,0.34,5.5,0.09,55.0,0.04,100.0,0.02,5.0,0.01,1371.09,0.49,5.1,0.5,10.0,0.51,10.0,0.69,16.0,0.95,100.0,0.51,5.1,0.5,10.0,0.49,10.0,0.31,16.0,0.05,100.0,0.66,5.5,0.91,55.0,0.96,100.0,0.98,5.0,0.99,1371.09,0.15,0.15,44.922059,1776161943000
1776161945.166,245.166,0.34,5.5,0.09,55.0,0.04,100.0,0.02,5.0,0.01,1371.09,0.49,5.1,0.5,10.0,0.51,10.0,0.69,16.0,0.95,100.0,0.51,5.1,0.5,10.0,0.49,10.0,0.31,16.0,0.05,100.0,0.66,5.5,0.91,55.0,0.96,100.0,0.98,5.0,0.99,1371.09,0.15,0.15,44.922766,1776161944000
1776161945.948,245.948,0.34,5.5,0.09,55.0,0.04,100.0,0.02,5.0,0.01,1371.09,0.49,5.1,0.5,10.0,0.51,10.0,0.69,16.0,0.95,100.0,0.51,5.1,0.5,10.0,0.49,10.0,0.31,16.0,0.05,100.0,0.66,5.5,0.91,55.0,0.96,100.0,0.98,5.0,0.99,1371.09,0.15,0.15,44.922741,1776161945000
1776161946.87,246.87,0.34,5.5,0.09,55.0,0.04,100.0,0.02,5.0,0.01,1371.09,0.49,5.1,0.5,10.0,0.51,10.0,0.69,16.0,0.95,100.0,0.51,5.1,0.5,10.0,0.49,10.0,0.31,16.0,0.05,100.0,0.66,5.5,0.91,55.0,0.96,100.0,0.98,5.0,0.99,1371.09,0.15,0.15,44.922408,1776161946000
1776161948.435,248.435,0.34,5.5,0.09,55.0,0.04,100.0,0.02,5.0,0.01,1371.09,0.49,5.1,0.5,10.0,0.51,10.0,0.69,16.0,0.95,100.0,0.51,5.1,0.5,10.0,0.49,10.0,0.31,16.0,0.05,100.0,0.66,5.5,0.91,55.0,0.96,100.0,0.98,5.0,0.99,1371.09,0.15,0.15,44.921655,1776161947000
1776161949.314,249.314,0.34,5.5,0.09,55.0,0.04,100.0,0.02,5.0,0.01,1371.09,0.49,5.1,0.5,10.0,0.51,10.0,0.69,16.0,0.95,100.0,0.51,5.1,0.5,10.0,0.49,10.0,0.31,16.0,0.05,100.0,0.66,5.5,0.91,55.0,0.96,100.0,0.98,5.0,0.99,1371.09,0.15,0.15,44.922992,1776161948000
1776161950.233,250.233,0.34,5.5,0.09,55.0,0.04,100.0,0.02,5.0,0.01,1371.09,0.49,5.1,0.5,10.0,0.51,10.0,0.69,16.0,0.95,100.0,0.51,5.1,0.5,10.0,0.49,10.0,0.31,16.0,0.05,100.0,0.66,5.5,0.91,55.0,0.96,100.0,0.98,5.0,0.99,1371.09,0.15,0.15,44.922694,1776161949000
1776161951.116,251.116,0.34,5.5,0.09,55.0,0.04,100.0,0.02,5.0,0.01,1371.09,0.49,5.1,0.5,10.0,0.51,10.0,0.69,16.0,0.95,100.0,0.51,5.1,0.5,10.0,0.49,10.0,0.31,16.0,0.05,100.0,0.66,5.5,0.91,55.0,0.96,100.0,0.98,5.0,0.99,1371.09,0.15,0.15,44.921992,1776161950000
1776161952.305,252.305,0.34,5.5,0.09,55.0,0.04,100.0,0.02,5.0,0.01,1371.09,0.49,5.1,0.5,10.0,0.51,10.0,0.69,16.0,0.95,100.0,0.51,5.1,0.5,10.0,0.49,10.0,0.31,16.0,0.05,100.0,0.66,5.5,0.91,55.0,0.96,100.0,0.98,5.0,0.99,1371.09,0.15,0.15,44.922206,1776161951000
1776161953.231,253.231,0.34,5.5,0.09,55.0,0.04,100.0,0.02,5.0,0.01,1371.09,0.49,5.1,0.5,10.0,0.51,10.0,0.69,16.0,0.95,100.0,0.51,5.1,0.5,10.0,0.49,10.0,0.31,16.0,0.05,100.0,0.66,5.5,0.91,55.0,0.96,100.0,0.98,5.0,0.99,1371.09,0.15,0.15,44.9198,1776161952000
1776161954.457,254.457,0.34,5.5,0.09,55.0,0.04,100.0,0.02,5.0,0.01,1371.09,0.49,5.1,0.5,10.0,0.51,10.0,0.69,16.0,0.95,100.0,0.51,5.1,0.5,10.0,0.49,10.0,0.31,16.0,0.05,100.0,0.66,5.5,0.91,55.0,0.96,100.0,0.98,5.0,0.99,1371.09,0.15,0.15,44.919598,1776161953000
1776161955.283,255.283,0.34,5.5,0.09,55.0,0.04,100.0,0.02,5.0,0.01,1371.09,0.49,5.1,0.5,10.0,0.51,10.0,0.69,16.0,0.95,100.0,0.51,5.1,0.5,10.0,0.49,10.0,0.31,16.0,0.05,100.0,0.66,5.5,0.91,55.0,0.96,100.0,0.98,5.0,0.99,1371.09,0.15,0.15,44.919598,1776161954000
1776161956.325,256.325,0.34,5.5,0.09,55.0,0.04,100.0,0.02,5.0,0.01,1371.09,0.49,5.1,0.5,10.0,0.51,10.0,0.69,16.0,0.95,100.0,0.51,5.1,0.5,10.0,0.49,10.0,0.31,16.0,0.05,100.0,0.66,5.5,0.91,55.0,0.96,100.0,0.98,5.0,0.99,1371.09,0.15,0.15,44.918805,1776161955000
1776161957.835,257.835,0.34,5.5,0.09,55.0,0.04,100.0,0.02,5.0,0.01,1371.09,0.49,5.1,0.5,10.0,0.51,10.0,0.69,16.0,0.95,100.0,0.51,5.1,0.5,10.0,0.49,10.0,0.31,16.0,0.05,100.0,0.66,5.5,0.91,55.0,0.96,100.0,0.98,5.0,0.99,1371.09,0.15,0.15,44.922386,1776161956000
1776161958.482,258.482,0.34,5.5,0.09,55.0,0.04,100.0,0.02,5.0,0.01,1371.09,0.49,5.1,0.5,10.0,0.51,10.0,0.69,16.0,0.95,100.0,0.51,5.1,0.5,10.0,0.49,10.0,0.31,16.0,0.05,100.0,0.66,5.5,0.91,55.0,0.96,100.0,0.98,5.0,0.99,1371.09,0.15,0.15,44.921429,1776161957000
1776161958.893,258.893,0.34,5.5,0.09,55.0,0.04,100.0,0.02,5.0,0.01,1371.09,0.49,5.1,0.5,10.0,0.51,10.0,0.69,16.0,0.95,100.0,0.51,5.1,0.5,10.0,0.49,10.0,0.31,16.0,0.05,100.0,0.66,5.5,0.91,55.0,0.96,100.0,0.98,5.0,0.99,1371.09,0.15,0.15,44.920099,1776161958000
1776161960.085,260.085,0.34,5.5,0.09,55.0,0.04,100.0,0.02,5.0,0.01,1371.09,0.49,5.1,0.5,10.0,0.51,10.0,0.69,16.0,0.95,100.0,0.51,5.1,0.5,10.0,0.49,10.0,0.31,16.0,0.05,100.0,0.66,5.5,0.91,55.0,0.96,100.0,0.98,5.0,0.99,1371.09,0.15,0.15,44.919566,1776161959000
1776161961.086,261.086,0.34,5.5,0.09,55.0,0.04,100.0,0.02,5.0,0.01,1371.09,0.49,5.1,0.5,10.0,0.51,10.0,0.69,16.0,0.95,100.0,0.51,5.1,0.5,10.0,0.49,10.0,0.31,16.0,0.05,100.0,0.66,5.5,0.91,55.0,0.96,100.0,0.98,5.0,0.99,1371.09,0.15,0.15,44.920242,1776161960000
1776161962.048,262.048,0.34,5.5,0.09,55.0,0.04,100.0,0.02,5.0,0.01,1371.09,0.49,5.1,0.5,10.0,0.51,10.0,0.69,16.0,0.95,100.0,0.51,5.1,0.5,10.0,0.49,10.0,0.31,16.0,0.05,100.0,0.66,5.5,0.91,55.0,0.96,100.0,0.98,5.0,0.99,1371.09,0.15,0.15,44.920168,1776161961000
1776161962.997,262.997,0.34,5.5,0.09,55.0,0.04,100.0,0.02,5.0,0.01,1371.09,0.49,5.1,0.5,10.0,0.51,10.0,0.69,16.0,0.95,100.0,0.51,5.1,0.5,10.0,0.49,10.0,0.31,16.0,0.05,100.0,0.66,5.5,0.91,55.0,0.96,100.0,0.98,5.0,0.99,1371.09,0.15,0.15,44.920192,1776161962000
1776161964.023,264.023,0.34,5.5,0.09,55.0,0.04,100.0,0.02,5.0,0.01,1371.09,0.49,5.1,0.5,10.0,0.51,10.0,0.69,16.0,0.95,100.0,0.51,5.1,0.5,10.0,0.49,10.0,0.31,16.0,0.05,100.0,0.66,5.5,0.91,55.0,0.96,100.0,0.98,5.0,0.99,1371.09,0.15,0.15,44.920324,1776161963000
1776161965.46,265.46,0.34,5.5,0.09,55.0,0.04,100.0,0.02,5.0,0.01,1371.09,0.49,5.1,0.5,10.0,0.51,10.0,0.69,16.0,0.95,100.0,0.51,5.1,0.5,10.0,0.49,10.0,0.31,16.0,0.05,100.0,0.66,5.5,0.91,55.0,0.96,100.0,0.98,5.0,0.99,1371.09,0.15,0.15,44.92021,1776161964000
1776161966.059,266.059,0.34,5.5,0.09,55.0,0.04,100.0,0.02,5.0,0.01,1371.09,0.49,5.1,0.5,10.0,0.51,10.0,0.69,16.0,0.95,100.0,0.51,5.1,0.5,10.0,0.49,10.0,0.31,16.0,0.05,100.0,0.66,5.5,0.91,55.0,0.96,100.0,0.98,5.0,0.99,1371.09,0.15,0.15,44.92021,1776161965000
1776161967.1,267.1,0.34,5.5,0.09,55.0,0.04,100.0,0.02,5.0,0.01,1371.09,0.49,5.1,0.5,10.0,0.51,10.0,0.69,16.0,0.95,100.0,0.51,5.1,0.5,10.0,0.49,10.0,0.31,16.0,0.05,100.0,0.66,5.5,0.91,55.0,0.96,100.0,0.98,5.0,0.99,1371.09,0.15,0.15,44.919893,1776161966000
1776161967.939,267.939,0.33,10.0,0.02,105.0,0.01,1871.09,,,,,0.48,2.51,0.5,20.0,0.58,11.0,0.9,100.0,0.98,5.0,0.51,5.1,0.5,10.0,0.49,10.0,0.31,16.0,0.05,100.0,0.66,5.5,0.91,55.0,0.96,100.0,0.98,5.0,0.99,1371.09,0.15,0.15,44.919893,1776161966000
1776161968.513,268.513,0.33,10.0,0.02,105.0,0.01,1871.09,,,,,0.48,2.51,0.5,20.0,0.58,11.0,0.9,100.0,0.98,5.0,0.52,2.51,0.5,20.0,0.42,11.0,0.1,100.0,0.02,5.0,0.67,10.0,0.98,105.0,0.99,1871.09,,,,,0.15,0.15,44.919897,1776161967000
1776161969.263,269.263,0.33,10.0,0.02,105.0,0.01,1871.09,,,,,0.48,2.51,0.5,20.0,0.58,11.0,0.9,100.0,0.98,5.0,0.52,2.51,0.5,20.0,0.42,11.0,0.1,100.0,0.02,5.0,0.67,10.0,0.98,105.0,0.99,1871.09,,,,,0.15,0.15,44.919897,1776161968000
1776161970.26,270.26,0.33,10.0,0.02,105.0,0.01,1871.09,,,,,0.48,2.51,0.5,20.0,0.58,11.0,0.9,100.0,0.98,5.0,0.52,2.51,0.5,20.0,0.42,11.0,0.1,100.0,0.02,5.0,0.67,10.0,0.98,105.0,0.99,1871.09,,,,,0.15,0.15,44.922778,1776161969000
1776161970.493,270.493,0.4,4.95,0.05,79.8,0.02,105.0,0.01,1371.09,,,0.48,2.51,0.5,10.0,0.57,10.0,0.9,100.0,0.98,5.0,0.52,2.51,0.5,10.0,0.1,100.0,0.02,5.0,0.01,1366.09,0.95,79.8,0.98,105.0,0.99,1371.09,,,,,0.08,0.43,44.922778,1776161969000
1776161971.413,271.413,0.4,4.95,0.05,79.8,0.02,105.0,0.01,1371.09,,,0.48,2.51,0.5,10.0,0.57,10.0,0.9,100.0,0.98,5.0,0.52,2.51,0.5,10.0,0.43,10.0,0.1,100.0,0.02,5.0,0.6,4.95,0.95,79.8,0.98,105.0,0.99,1371.09,,,0.08,0.08,44.925763,1776161970000
1776161971.967,271.967,0.4,4.95,0.05,79.8,0.02,105.0,0.01,1371.09,,,0.48,2.51,0.5,10.0,0.57,10.0,0.9,100.0,0.98,5.0,0.52,2.51,0.5,10.0,0.43,10.0,0.1,100.0,0.02,5.0,0.6,4.95,0.95,79.8,0.98,105.0,0.99,1371.09,,,0.08,0.08,44.926017,1776161971000
1776161972.493,272.493,0.49,7.49,0.4,12.0,0.02,105.0,0.01,1371.09,,,0.5,10.0,0.66,10.0,0.9,100.0,0.94,83.0,0.95,22.0,0.52,2.51,0.5,10.0,0.43,10.0,0.1,100.0,0.02,5.0,0.6,4.95,0.95,79.8,0.98,105.0,0.99,1371.09,,,0.01,0.08,44.926017,1776161971000
1776161972.747,272.747,0.4,64.0,0.14,35.0,0.02,105.0,0.01,1371.09,,,0.5,4.06,0.8,10.0,0.9,100.0,0.95,22.0,0.98,5.0,0.5,10.0,0.34,10.0,0.1,100.0,0.06,83.0,0.05,22.0,0.51,7.49,0.6,12.0,0.98,105.0,0.99,1371.09,,,0.1,0.01,44.926017,1776161971000
1776161973.133,273.133,0.4,64.0,0.14,35.0,0.02,105.0,0.01,1371.09,,,0.8,10.0,0.9,100.0,0.95,22.0,0.98,5.0,0.99,1366.09,0.2,10.0,0.1,100.0,0.05,22.0,0.02,5.0,0.01,1366.09,0.6,64.0,0.86,35.0,0.98,105.0,0.99,1371.09,,,0.4,0.4,44.926271,1776161972000
1776161973.817,273.817,0.39,12.0,0.05,22.0,0.02,105.0,0.01,1371.09,,,0.79,6.24,0.9,100.0,0.98,5.0,0.99,1366.09,,,0.2,10.0,0.1,100.0,0.05,22.0,0.02,5.0,0.01,1366.09,0.6,64.0,0.86,35.0,0.98,105.0,0.99,1371.09,,,0.4,0.4,44.926271,1776161972000
1776161974.246,274.246,0.63,7.63,0.39,61.0,0.02,105.0,0.01,1371.09,,,0.8,4.68,0.9,100.0,0.98,5.0,0.99,1366.09,,,0.2,4.68,0.1,100.0,0.02,5.0,0.01,1366.09,,,0.37,7.63,0.61,61.0,0.98,105.0,0.99,1371.09,,,0.17,0.17,44.930708,1776161973000
1776161975.371,275.371,0.63,7.63,0.39,61.0,0.02,105.0,0.01,1371.09,,,0.8,4.68,0.9,100.0,0.98,5.0,0.99,1366.09,,,0.2,4.68,0.1,100.0,0.02,5.0,0.01,1366.09,,,0.37,7.63,0.61,61.0,0.98,105.0,0.99,1371.09,,,0.17,0.17,44.941458,1776161974000
1776161976.492,276.492,0.63,7.63,0.39,61.0,0.02,105.0,0.01,1371.09,,,0.8,4.68,0.9,100.0,0.98,5.0,0.99,1366.09,,,0.2,4.68,0.1,100.0,0.02,5.0,0.01,1366.09,,,0.37,7.63,0.61,61.0,0.98,105.0,0.99,1371.09,,,0.17,0.17,44.941899,1776161975000
1776161976.996,276.996,0.63,7.63,0.39,61.0,0.02,105.0,0.01,1371.09,,,0.8,4.68,0.9,100.0,0.98,5.0,0.99,1366.09,,,0.2,4.68,0.1,100.0,0.02,5.0,0.01,1366.09,,,0.37,7.63,0.61,61.0,0.98,105.0,0.99,1371.09,,,0.17,0.17,44.942968,1776161976000
1776161978.711,278.711,0.63,7.63,0.39,61.0,0.02,105.0,0.01,1371.09,,,0.8,4.68,0.9,100.0,0.98,5.0,0.99,1366.09,,,0.2,4.68,0.1,100.0,0.02,5.0,0.01,1366.09,,,0.37,7.63,0.61,61.0,0.98,105.0,0.99,1371.09,,,0.17,0.17,44.943345,1776161977000
1776161979.213,279.213,0.63,7.63,0.39,61.0,0.02,105.0,0.01,1371.09,,,0.8,4.68,0.9,100.0,0.98,5.0,0.99,1366.09,,,0.2,4.68,0.1,100.0,0.02,5.0,0.01,1366.09,,,0.37,7.63,0.61,61.0,0.98,105.0,0.99,1371.09,,,0.17,0.17,44.94441,1776161978000
1776161980.327,280.327,0.63,7.63,0.39,61.0,0.02,105.0,0.01,1371.09,,,0.8,4.68,0.9,100.0,0.98,5.0,0.99,1366.09,,,0.2,4.68,0.1,100.0,0.02,5.0,0.01,1366.09,,,0.37,7.63,0.61,61.0,0.98,105.0,0.99,1371.09,,,0.17,0.17,44.943975,1776161979000
1776161980.716,280.716,0.87,5.0,0.77,10.0,0.1,100.0,0.05,22.0,0.02,5.0,0.94,13.5,0.98,105.0,0.99,1366.09,,,,,0.2,4.68,0.1,100.0,0.02,5.0,0.01,1366.09,,,0.37,7.63,0.61,61.0,0.98,105.0,0.99,1371.09,,,0.07,0.17,44.943975,1776161979000
1776161981.313,281.313,0.87,5.0,0.77,10.0,0.1,100.0,0.05,22.0,0.02,5.0,0.94,13.5,0.98,105.0,0.99,1366.09,,,,,0.06,13.5,0.02,105.0,0.01,1366.09,,,,,0.13,5.0,0.23,10.0,0.9,100.0,0.95,22.0,0.98,5.0,0.07,0.07,44.944845,1776161980000
1776161981.879,281.879,0.87,5.0,0.77,10.0,0.1,100.0,0.05,22.0,0.02,5.0,0.94,13.5,0.98,105.0,0.99,1366.09,,,,,0.06,13.5,0.02,105.0,0.01,1366.09,,,,,0.13,5.0,0.23,10.0,0.9,100.0,0.95,22.0,0.98,5.0,0.07,0.07,44.947158,1776161981000
1776161982.879,282.879,0.87,5.0,0.77,10.0,0.1,100.0,0.05,22.0,0.02,5.0,0.94,13.5,0.98,105.0,0.99,1366.09,,,,,0.06,13.5,0.02,105.0,0.01,1366.09,,,,,0.13,5.0,0.23,10.0,0.9,100.0,0.95,22.0,0.98,5.0,0.07,0.07,44.953336,1776161982000
1776161983.804,283.804,0.87,5.0,0.77,10.0,0.1,100.0,0.05,22.0,0.02,5.0,0.94,13.5,0.98,105.0,0.99,1366.09,,,,,0.06,13.5,0.02,105.0,0.01,1366.09,,,,,0.13,5.0,0.23,10.0,0.9,100.0,0.95,22.0,0.98,5.0,0.07,0.07,44.955085,1776161983000
1776161984.86,284.86,0.87,5.0,0.77,10.0,0.1,100.0,0.05,22.0,0.02,5.0,0.94,13.5,0.98,105.0,0.99,1366.09,,,,,0.06,13.5,0.02,105.0,0.01,1366.09,,,,,0.13,5.0,0.23,10.0,0.9,100.0,0.95,22.0,0.98,5.0,0.07,0.07,44.955334,1776161984000
1776161986.245,286.245,0.87,5.0,0.77,10.0,0.1,100.0,0.05,22.0,0.02,5.0,0.94,13.5,0.98,105.0,0.99,1366.09,,,,,0.06,13.5,0.02,105.0,0.01,1366.09,,,,,0.13,5.0,0.23,10.0,0.9,100.0,0.95,22.0,0.98,5.0,0.07,0.07,44.957579,1776161985000
1776161987.439,287.439,0.87,5.0,0.77,10.0,0.1,100.0,0.05,22.0,0.02,5.0,0.94,13.5,0.98,105.0,0.99,1366.09,,,,,0.06,13.5,0.02,105.0,0.01,1366.09,,,,,0.13,5.0,0.23,10.0,0.9,100.0,0.95,22.0,0.98,5.0,0.07,0.07,44.958086,1776161986000
1776161988.327,288.327,0.87,5.0,0.77,10.0,0.1,100.0,0.05,22.0,0.02,5.0,0.94,13.5,0.98,105.0,0.99,1366.09,,,,,0.06,13.5,0.02,105.0,0.01,1366.09,,,,,0.13,5.0,0.23,10.0,0.9,100.0,0.95,22.0,0.98,5.0,0.07,0.07,44.958901,1776161987000
1776161989.305,289.305,0.87,5.0,0.77,10.0,0.1,100.0,0.05,22.0,0.02,5.0,0.94,13.5,0.98,105.0,0.99,1366.09,,,,,0.06,13.5,0.02,105.0,0.01,1366.09,,,,,0.13,5.0,0.23,10.0,0.9,100.0,0.95,22.0,0.98,5.0,0.07,0.07,44.958901,1776161988000
1776161990.403,290.403,0.87,5.0,0.77,10.0,0.1,100.0,0.05,22.0,0.02,5.0,0.94,13.5,0.98,105.0,0.99,1366.09,,,,,0.06,13.5,0.02,105.0,0.01,1366.09,,,,,0.13,5.0,0.23,10.0,0.9,100.0,0.95,22.0,0.98,5.0,0.07,0.07,44.960342,1776161989000
1776161991.008,291.008,0.87,5.0,0.77,10.0,0.1,100.0,0.05,22.0,0.02,5.0,0.94,13.5,0.98,105.0,0.99,1366.09,,,,,0.06,13.5,0.02,105.0,0.01,1366.09,,,,,0.13,5.0,0.23,10.0,0.9,100.0,0.95,22.0,0.98,5.0,0.07,0.07,44.960532,1776161990000
1776161992.073,292.073,0.87,5.0,0.77,10.0,0.1,100.0,0.05,22.0,0.02,5.0,0.94,13.5,0.98,105.0,0.99,1366.09,,,,,0.06,13.5,0.02,105.0,0.01,1366.09,,,,,0.13,5.0,0.23,10.0,0.9,100.0,0.95,22.0,0.98,5.0,0.07,0.07,44.969257,1776161991000
1776161992.408,292.408,0.88,5.0,0.87,10.0,0.3,100.0,0.05,22.0,0.02,5.0,0.99,265.09,,,,,,,,,0.06,13.5,0.02,105.0,0.01,1366.09,,,,,0.13,5.0,0.23,10.0,0.9,100.0,0.95,22.0,0.98,5.0,0.11,0.07,44.969257,1776161991000
1776161993.231,293.231,0.84,5.0,0.82,10.0,0.3,100.0,0.05,22.0,0.02,5.0,0.99,239.88,,,,,,,,,0.01,260.09,,,,,,,,,0.12,5.0,0.13,10.0,0.7,100.0,0.95,22.0,0.98,5.0,0.15,0.11,44.969257,1776161991000
1776161993.73,293.73,0.84,5.0,0.82,10.0,0.3,100.0,0.05,22.0,0.02,5.0,0.99,239.88,,,,,,,,,0.01,239.88,,,,,,,,,0.16,5.0,0.18,10.0,0.7,100.0,0.95,22.0,0.98,5.0,0.15,0.15,44.967413,1776161992000
1776161994.132,294.132,0.84,5.0,0.82,10.0,0.3,100.0,0.05,22.0,0.02,5.0,0.99,239.88,,,,,,,,,0.01,239.88,,,,,,,,,0.16,5.0,0.18,10.0,0.7,100.0,0.95,22.0,0.98,5.0,0.15,0.15,44.966396,1776161993000
1776161994.645,294.645,0.87,5.0,0.84,10.0,0.3,100.0,0.05,22.0,0.02,5.0,0.99,234.82,,,,,,,,,0.01,239.88,,,,,,,,,0.16,5.0,0.18,10.0,0.7,100.0,0.95,22.0,0.98,5.0,0.12,0.15,44.966396,1776161993000
1776161995.195,295.195,0.87,5.0,0.84,10.0,0.3,100.0,0.05,22.0,0.02,5.0,0.99,234.82,,,,,,,,,0.01,234.82,,,,,,,,,0.13,5.0,0.16,10.0,0.7,100.0,0.95,22.0,0.98,5.0,0.12,0.12,44.965801,1776161994000
1776161995.571,295.571,0.88,5.0,0.83,10.0,0.3,100.0,0.05,22.0,0.02,5.0,0.99,225.99,,,,,,,,,0.01,234.82,,,,,,,,,0.13,5.0,0.16,10.0,0.7,100.0,0.95,22.0,0.98,5.0,0.11,0.12,44.965801,1776161994000
1776161996.197,296.197,0.88,5.0,0.83,10.0,0.3,100.0,0.05,22.0,0.02,5.0,0.99,225.99,,,,,,,,,0.01,225.99,,,,,,,,,0.12,5.0,0.17,10.0,0.7,100.0,0.95,22.0,0.98,5.0,0.11,0.11,44.958859,1776161995000
1776161996.774,296.774,0.88,5.0,0.84,10.0,0.05,22.0,0.02,5.0,0.01,1341.09,0.99,185.88,,,,,,,,,0.01,225.99,,,,,,,,,0.12,5.0,0.17,10.0,0.7,100.0,0.95,22.0,0.98,5.0,0.11,0.11,44.958859,1776161995000
1776161997.137,297.137,0.88,5.0,0.84,10.0,0.05,22.0,0.02,5.0,0.01,1341.09,0.99,185.88,,,,,,,,,0.01,185.88,,,,,,,,,0.12,5.0,0.16,10.0,0.95,22.0,0.98,5.0,0.99,1341.09,0.11,0.11,44.958097,1776161996000
1776161997.648,297.648,0.88,5.0,0.86,10.0,0.05,22.0,0.02,5.0,0.01,241.09,0.99,174.86,,,,,,,,,0.01,184.86,,,,,,,,,0.12,5.0,0.14,10.0,0.95,22.0,0.98,5.0,0.99,241.09,0.11,0.11,44.958097,1776161996000
1776161998.067,298.067,0.88,5.0,0.86,10.0,0.05,22.0,0.02,5.0,0.01,241.09,0.99,129.86,,,,,,,,,0.01,129.86,,,,,,,,,0.12,5.0,0.14,10.0,0.95,22.0,0.98,5.0,0.99,241.09,0.11,0.11,44.957095,1776161997000
1776161998.641,298.641,0.88,15.0,0.61,6.0,0.51,7.0,0.41,8.0,0.31,9.0,0.99,114.86,,,,,,,,,0.01,124.86,,,,,,,,,0.12,15.0,0.39,6.0,0.49,7.0,0.59,8.0,0.69,9.0,0.11,0.11,44.957095,1776161997000
1776161999.039,299.039,0.88,15.0,0.61,6.0,0.51,7.0,0.41,8.0,0.31,9.0,0.99,114.86,,,,,,,,,0.01,114.86,,,,,,,,,0.12,15.0,0.39,6.0,0.49,7.0,0.59,8.0,0.69,9.0,0.11,0.11,44.957158,1776161998000
1776161999.516,299.516,0.88,15.0,0.77,15.0,0.61,6.0,0.51,7.0,0.5,94.74,0.99,103.84,,,,,,,,,0.01,104.86,,,,,,,,,0.12,15.0,0.23,15.0,0.39,6.0,0.49,7.0,0.5,94.74,0.11,0.11,44.957158,1776161998000
1776162000.014,300.014,0.88,15.0,0.77,15.0,0.61,6.0,0.51,7.0,0.5,94.74,0.99,103.84,,,,,,,,,0.01,103.84,,,,,,,,,0.12,15.0,0.23,15.0,0.39,6.0,0.49,7.0,0.5,94.74,0.11,0.11,44.957539,1776161999000
1776162000.264,300.264,0.88,10.0,0.85,8.0,0.78,12.0,0.77,20.0,0.7,25.0,0.99,64.84,,,,,,,,,0.01,103.84,,,,,,,,,0.12,15.0,0.23,15.0,0.39,6.0,0.49,7.0,0.5,94.74,0.11,0.11,44.957539,1776161999000
1776162000.965,300.965,0.88,10.0,0.85,8.0,0.78,12.0,0.77,20.0,0.7,25.0,0.99,59.84,,,,,,,,,0.01,59.84,,,,,,,,,0.12,10.0,0.15,8.0,0.22,12.0,0.23,20.0,0.3,25.0,0.11,0.11,44.957665,1776162000000
1776162001.923,301.923,0.88,10.0,0.85,8.0,0.78,12.0,0.77,20.0,0.7,25.0,0.99,59.84,,,,,,,,,0.01,59.84,,,,,,,,,0.12,10.0,0.15,8.0,0.22,12.0,0.23,20.0,0.3,25.0,0.11,0.11,44.956775,1776162001000
1776162002.974,302.974,0.88,10.0,0.85,8.0,0.78,12.0,0.77,20.0,0.7,25.0,0.99,59.84,,,,,,,,,0.01,59.84,,,,,,,,,0.12,10.0,0.15,8.0,0.22,12.0,0.23,20.0,0.3,25.0,0.11,0.11,44.956254,1776162002000

# RESULT,winner=Up,slug=hype-updown-5m-1776161700,ticks=317
