timestamp,elapsed_sec,up_bid_p1,up_bid_s1,up_bid_p2,up_bid_s2,up_ask_p1,up_ask_s1,up_ask_p2,up_ask_s2,down_bid_p1,down_bid_s1,down_bid_p2,down_bid_s2,down_ask_p1,down_ask_s1,down_ask_p2,down_ask_s2,up_spread,down_spread,hype_price,hype_oracle_ts
1776206401.456,1.456,0.11,100.0,0.08,10.0,0.5,20.0,0.89,100.0,0.5,20.0,0.11,100.0,0.89,100.0,0.92,10.0,0.39,0.39,43.326609,1776206399000
1776206401.76,1.76,0.11,100.0,0.08,10.0,0.5,20.0,0.89,100.0,0.5,20.0,0.11,100.0,0.89,100.0,0.92,10.0,0.39,0.39,43.326609,1776206399000
1776206402.45,2.45,0.11,100.0,0.08,10.0,0.5,20.0,0.89,100.0,0.5,20.0,0.11,100.0,0.89,100.0,0.92,10.0,0.39,0.39,43.330413,1776206401000
1776206402.975,2.975,0.11,100.0,0.08,10.0,0.5,20.0,0.89,100.0,0.5,20.0,0.11,100.0,0.89,100.0,0.92,10.0,0.39,0.39,43.332724,1776206402000
1776206403.975,3.975,0.11,100.0,0.08,10.0,0.5,20.0,0.89,100.0,0.5,20.0,0.11,100.0,0.89,100.0,0.92,10.0,0.39,0.39,43.336028,1776206403000
1776206404.962,4.962,0.11,100.0,0.08,10.0,0.5,20.0,0.89,100.0,0.5,20.0,0.11,100.0,0.89,100.0,0.92,10.0,0.39,0.39,43.336549,1776206404000
1776206405.985,5.985,0.11,100.0,0.08,10.0,0.5,20.0,0.89,100.0,0.5,20.0,0.11,100.0,0.89,100.0,0.92,10.0,0.39,0.39,43.336617,1776206405000
1776206406.333,6.333,0.44,5.0,0.43,5.0,0.5,10.0,0.67,10.0,0.5,20.0,0.11,100.0,0.89,100.0,0.92,10.0,0.06,0.39,43.336617,1776206405000
1776206406.978,6.978,0.44,5.0,0.43,5.0,0.5,10.0,0.67,10.0,0.5,10.0,0.33,10.0,0.56,5.0,0.57,5.0,0.06,0.06,43.336617,1776206406000
1776206407.962,7.962,0.44,5.0,0.43,5.0,0.5,10.0,0.67,10.0,0.5,10.0,0.33,10.0,0.56,5.0,0.57,5.0,0.06,0.06,43.336905,1776206407000
1776206408.935,8.935,0.44,5.0,0.43,5.0,0.5,10.0,0.67,10.0,0.5,10.0,0.33,10.0,0.56,5.0,0.57,5.0,0.06,0.06,43.336944,1776206408000
1776206409.897,9.897,0.44,5.0,0.43,5.0,0.5,10.0,0.67,10.0,0.5,10.0,0.33,10.0,0.56,5.0,0.57,5.0,0.06,0.06,43.336824,1776206409000
1776206410.932,10.932,0.44,5.0,0.43,5.0,0.5,10.0,0.67,10.0,0.5,10.0,0.33,10.0,0.56,5.0,0.57,5.0,0.06,0.06,43.336824,1776206410000
1776206411.167,11.167,0.47,10.0,0.44,5.0,0.64,10.0,0.68,5.0,0.5,10.0,0.33,10.0,0.56,5.0,0.57,5.0,0.17,0.06,43.336824,1776206410000
1776206411.879,11.879,0.47,10.0,0.44,5.0,0.64,10.0,0.68,5.0,0.36,10.0,0.32,5.0,0.53,10.0,0.56,5.0,0.17,0.17,43.336875,1776206411000
1776206412.855,12.855,0.47,10.0,0.44,5.0,0.64,10.0,0.68,5.0,0.36,10.0,0.32,5.0,0.53,10.0,0.56,5.0,0.17,0.17,43.337469,1776206412000
1776206413.808,13.808,0.47,10.0,0.44,5.0,0.64,10.0,0.68,5.0,0.36,10.0,0.32,5.0,0.53,10.0,0.56,5.0,0.17,0.17,43.337745,1776206413000
1776206415.532,15.532,0.47,10.0,0.44,5.0,0.64,10.0,0.68,5.0,0.36,10.0,0.32,5.0,0.53,10.0,0.56,5.0,0.17,0.17,43.337681,1776206414000
1776206416.29,16.29,0.47,10.0,0.44,5.0,0.64,10.0,0.68,5.0,0.36,10.0,0.32,5.0,0.53,10.0,0.56,5.0,0.17,0.17,43.337681,1776206415000
1776206417.505,17.505,0.47,10.0,0.44,5.0,0.64,10.0,0.68,5.0,0.36,10.0,0.32,5.0,0.53,10.0,0.56,5.0,0.17,0.17,43.337308,1776206416000
1776206418.53,18.53,0.47,10.0,0.44,5.0,0.64,10.0,0.68,5.0,0.36,10.0,0.32,5.0,0.53,10.0,0.56,5.0,0.17,0.17,43.337308,1776206417000
1776206419.296,19.296,0.47,10.0,0.44,5.0,0.64,10.0,0.68,5.0,0.36,10.0,0.32,5.0,0.53,10.0,0.56,5.0,0.17,0.17,43.338049,1776206418000
1776206420.398,20.398,0.47,10.0,0.44,5.0,0.64,10.0,0.68,5.0,0.36,10.0,0.32,5.0,0.53,10.0,0.56,5.0,0.17,0.17,43.349572,1776206419000
1776206420.874,20.874,0.47,10.0,0.44,5.0,0.64,10.0,0.68,5.0,0.36,10.0,0.32,5.0,0.53,10.0,0.56,5.0,0.17,0.17,43.349777,1776206420000
1776206422.356,22.356,0.47,10.0,0.44,5.0,0.64,10.0,0.68,5.0,0.36,10.0,0.32,5.0,0.53,10.0,0.56,5.0,0.17,0.17,43.359959,1776206421000
1776206422.971,22.971,0.47,10.0,0.44,5.0,0.64,10.0,0.68,5.0,0.36,10.0,0.32,5.0,0.53,10.0,0.56,5.0,0.17,0.17,43.362111,1776206422000
1776206424.25,24.25,0.47,10.0,0.44,5.0,0.64,10.0,0.68,5.0,0.36,10.0,0.32,5.0,0.53,10.0,0.56,5.0,0.17,0.17,43.363499,1776206423000
1776206425.491,25.491,0.47,10.0,0.44,5.0,0.64,10.0,0.68,5.0,0.36,10.0,0.32,5.0,0.53,10.0,0.56,5.0,0.17,0.17,43.363821,1776206424000
1776206426.136,26.136,0.47,10.0,0.44,5.0,0.64,10.0,0.68,5.0,0.36,10.0,0.32,5.0,0.53,10.0,0.56,5.0,0.17,0.17,43.363821,1776206425000
1776206427.307,27.307,0.47,10.0,0.44,5.0,0.64,10.0,0.68,5.0,0.36,10.0,0.32,5.0,0.53,10.0,0.56,5.0,0.17,0.17,43.364311,1776206426000
1776206427.999,27.999,0.47,10.0,0.44,5.0,0.64,10.0,0.68,5.0,0.36,10.0,0.32,5.0,0.53,10.0,0.56,5.0,0.17,0.17,43.364311,1776206427000
1776206429.29,29.29,0.47,10.0,0.44,5.0,0.64,10.0,0.68,5.0,0.36,10.0,0.32,5.0,0.53,10.0,0.56,5.0,0.17,0.17,43.364319,1776206428000
1776206430.055,30.055,0.47,10.0,0.44,5.0,0.64,10.0,0.68,5.0,0.36,10.0,0.32,5.0,0.53,10.0,0.56,5.0,0.17,0.17,43.368295,1776206429000
1776206431.872,31.872,0.47,10.0,0.44,5.0,0.64,10.0,0.68,5.0,0.36,10.0,0.32,5.0,0.53,10.0,0.56,5.0,0.17,0.17,43.382101,1776206430000
1776206432.38,32.38,0.47,10.0,0.44,5.0,0.64,10.0,0.68,5.0,0.36,10.0,0.32,5.0,0.53,10.0,0.56,5.0,0.17,0.17,43.388381,1776206431000
1776206432.945,32.945,0.47,10.0,0.44,5.0,0.64,10.0,0.68,5.0,0.36,10.0,0.32,5.0,0.53,10.0,0.56,5.0,0.17,0.17,43.387296,1776206432000
1776206434.019,34.019,0.47,10.0,0.44,5.0,0.64,10.0,0.68,5.0,0.36,10.0,0.32,5.0,0.53,10.0,0.56,5.0,0.17,0.17,43.38665,1776206433000
1776206435.121,35.121,0.47,10.0,0.44,5.0,0.64,10.0,0.68,5.0,0.36,10.0,0.32,5.0,0.53,10.0,0.56,5.0,0.17,0.17,43.38656,1776206434000
1776206436.133,36.133,0.47,10.0,0.44,5.0,0.64,10.0,0.68,5.0,0.36,10.0,0.32,5.0,0.53,10.0,0.56,5.0,0.17,0.17,43.386439,1776206435000
1776206437.129,37.129,0.47,10.0,0.44,5.0,0.64,10.0,0.68,5.0,0.36,10.0,0.32,5.0,0.53,10.0,0.56,5.0,0.17,0.17,43.384944,1776206436000
1776206438.237,38.237,0.47,10.0,0.44,5.0,0.64,10.0,0.68,5.0,0.36,10.0,0.32,5.0,0.53,10.0,0.56,5.0,0.17,0.17,43.381261,1776206437000
1776206439.222,39.222,0.47,10.0,0.44,5.0,0.64,10.0,0.68,5.0,0.36,10.0,0.32,5.0,0.53,10.0,0.56,5.0,0.17,0.17,43.379163,1776206438000
1776206440.305,40.305,0.47,10.0,0.44,5.0,0.64,10.0,0.68,5.0,0.36,10.0,0.32,5.0,0.53,10.0,0.56,5.0,0.17,0.17,43.377464,1776206439000
1776206441.413,41.413,0.47,10.0,0.44,5.0,0.64,10.0,0.68,5.0,0.36,10.0,0.32,5.0,0.53,10.0,0.56,5.0,0.17,0.17,43.373067,1776206440000
1776206441.91,41.91,0.47,10.0,0.44,5.0,0.64,10.0,0.68,5.0,0.36,10.0,0.32,5.0,0.53,10.0,0.56,5.0,0.17,0.17,43.373067,1776206441000
1776206442.995,42.995,0.47,10.0,0.44,5.0,0.64,10.0,0.68,5.0,0.36,10.0,0.32,5.0,0.53,10.0,0.56,5.0,0.17,0.17,43.373475,1776206442000
1776206443.835,43.835,0.47,10.0,0.44,5.0,0.64,10.0,0.68,5.0,0.36,10.0,0.32,5.0,0.53,10.0,0.56,5.0,0.17,0.17,43.373892,1776206443000
1776206445.331,45.331,0.47,10.0,0.44,5.0,0.64,10.0,0.68,5.0,0.36,10.0,0.32,5.0,0.53,10.0,0.56,5.0,0.17,0.17,43.373995,1776206444000
1776206446.345,46.345,0.47,10.0,0.44,5.0,0.64,10.0,0.68,5.0,0.36,10.0,0.32,5.0,0.53,10.0,0.56,5.0,0.17,0.17,43.372936,1776206445000
1776206446.968,46.968,0.47,10.0,0.44,5.0,0.64,10.0,0.68,5.0,0.36,10.0,0.32,5.0,0.53,10.0,0.56,5.0,0.17,0.17,43.372686,1776206446000
1776206448.041,48.041,0.47,10.0,0.44,5.0,0.64,10.0,0.68,5.0,0.36,10.0,0.32,5.0,0.53,10.0,0.56,5.0,0.17,0.17,43.372416,1776206447000
1776206450.102,50.102,0.47,10.0,0.44,5.0,0.64,10.0,0.68,5.0,0.36,10.0,0.32,5.0,0.53,10.0,0.56,5.0,0.17,0.17,43.359583,1776206449000
1776206451.111,51.111,0.47,10.0,0.44,5.0,0.64,10.0,0.68,5.0,0.36,10.0,0.32,5.0,0.53,10.0,0.56,5.0,0.17,0.17,43.359236,1776206450000
1776206452.105,52.105,0.47,10.0,0.44,5.0,0.64,10.0,0.68,5.0,0.36,10.0,0.32,5.0,0.53,10.0,0.56,5.0,0.17,0.17,43.362629,1776206451000
1776206453.073,53.073,0.47,10.0,0.44,5.0,0.64,10.0,0.68,5.0,0.36,10.0,0.32,5.0,0.53,10.0,0.56,5.0,0.17,0.17,43.360515,1776206452000
1776206454.18,54.18,0.47,10.0,0.44,5.0,0.64,10.0,0.68,5.0,0.36,10.0,0.32,5.0,0.53,10.0,0.56,5.0,0.17,0.17,43.358085,1776206453000
1776206455.115,55.115,0.47,10.0,0.44,5.0,0.64,10.0,0.68,5.0,0.36,10.0,0.32,5.0,0.53,10.0,0.56,5.0,0.17,0.17,43.356443,1776206454000
1776206456.203,56.203,0.47,10.0,0.44,5.0,0.64,10.0,0.68,5.0,0.36,10.0,0.32,5.0,0.53,10.0,0.56,5.0,0.17,0.17,43.355669,1776206455000
1776206457.234,57.234,0.47,10.0,0.44,5.0,0.64,10.0,0.68,5.0,0.36,10.0,0.32,5.0,0.53,10.0,0.56,5.0,0.17,0.17,43.355359,1776206456000
1776206458.766,58.766,0.47,10.0,0.44,5.0,0.64,10.0,0.68,5.0,0.36,10.0,0.32,5.0,0.53,10.0,0.56,5.0,0.17,0.17,43.356889,1776206457000
1776206459.316,59.316,0.47,10.0,0.44,5.0,0.64,10.0,0.68,5.0,0.36,10.0,0.32,5.0,0.53,10.0,0.56,5.0,0.17,0.17,43.356889,1776206458000
1776206460.431,60.431,0.47,10.0,0.44,5.0,0.64,10.0,0.68,5.0,0.36,10.0,0.32,5.0,0.53,10.0,0.56,5.0,0.17,0.17,43.355904,1776206459000
1776206460.929,60.929,0.47,10.0,0.44,5.0,0.64,10.0,0.68,5.0,0.36,10.0,0.32,5.0,0.53,10.0,0.56,5.0,0.17,0.17,43.355904,1776206460000
1776206462.052,62.052,0.47,10.0,0.44,5.0,0.64,10.0,0.68,5.0,0.36,10.0,0.32,5.0,0.53,10.0,0.56,5.0,0.17,0.17,43.354967,1776206461000
1776206463.092,63.092,0.47,10.0,0.44,5.0,0.64,10.0,0.68,5.0,0.36,10.0,0.32,5.0,0.53,10.0,0.56,5.0,0.17,0.17,43.353904,1776206462000
1776206464.293,64.293,0.47,10.0,0.44,5.0,0.64,10.0,0.68,5.0,0.36,10.0,0.32,5.0,0.53,10.0,0.56,5.0,0.17,0.17,43.353506,1776206463000
1776206465.319,65.319,0.47,10.0,0.44,5.0,0.64,10.0,0.68,5.0,0.36,10.0,0.32,5.0,0.53,10.0,0.56,5.0,0.17,0.17,43.353354,1776206464000
1776206465.912,65.912,0.47,10.0,0.44,5.0,0.64,10.0,0.68,5.0,0.36,10.0,0.32,5.0,0.53,10.0,0.56,5.0,0.17,0.17,43.352998,1776206465000
1776206466.97,66.97,0.47,10.0,0.44,5.0,0.64,10.0,0.68,5.0,0.36,10.0,0.32,5.0,0.53,10.0,0.56,5.0,0.17,0.17,43.352995,1776206466000
1776206467.953,67.953,0.47,10.0,0.44,5.0,0.64,10.0,0.68,5.0,0.36,10.0,0.32,5.0,0.53,10.0,0.56,5.0,0.17,0.17,43.352995,1776206467000
1776206469.075,69.075,0.47,10.0,0.44,5.0,0.64,10.0,0.68,5.0,0.36,10.0,0.32,5.0,0.53,10.0,0.56,5.0,0.17,0.17,43.354241,1776206468000
1776206470.197,70.197,0.47,10.0,0.44,5.0,0.64,10.0,0.68,5.0,0.36,10.0,0.32,5.0,0.53,10.0,0.56,5.0,0.17,0.17,43.357371,1776206469000
1776206471.137,71.137,0.47,10.0,0.44,5.0,0.64,10.0,0.68,5.0,0.36,10.0,0.32,5.0,0.53,10.0,0.56,5.0,0.17,0.17,43.357751,1776206470000
1776206472.853,72.853,0.47,10.0,0.44,5.0,0.64,10.0,0.68,5.0,0.36,10.0,0.32,5.0,0.53,10.0,0.56,5.0,0.17,0.17,43.35956,1776206471000
1776206473.437,73.437,0.47,10.0,0.44,5.0,0.64,10.0,0.68,5.0,0.36,10.0,0.32,5.0,0.53,10.0,0.56,5.0,0.17,0.17,43.359577,1776206472000
1776206473.997,73.997,0.47,10.0,0.44,5.0,0.64,10.0,0.68,5.0,0.36,10.0,0.32,5.0,0.53,10.0,0.56,5.0,0.17,0.17,43.359534,1776206473000
1776206475.201,75.201,0.47,10.0,0.44,5.0,0.64,10.0,0.68,5.0,0.36,10.0,0.32,5.0,0.53,10.0,0.56,5.0,0.17,0.17,43.356041,1776206474000
1776206476.466,76.466,0.47,10.0,0.44,5.0,0.64,10.0,0.68,5.0,0.36,10.0,0.32,5.0,0.53,10.0,0.56,5.0,0.17,0.17,43.355972,1776206475000
1776206477.571,77.571,0.47,10.0,0.44,5.0,0.64,10.0,0.68,5.0,0.36,10.0,0.32,5.0,0.53,10.0,0.56,5.0,0.17,0.17,43.355115,1776206476000
1776206478.154,78.154,0.47,10.0,0.44,5.0,0.64,10.0,0.68,5.0,0.36,10.0,0.32,5.0,0.53,10.0,0.56,5.0,0.17,0.17,43.354839,1776206477000
1776206479.867,79.867,0.47,10.0,0.44,5.0,0.64,10.0,0.68,5.0,0.36,10.0,0.32,5.0,0.53,10.0,0.56,5.0,0.17,0.17,43.347521,1776206478000
1776206480.57,80.57,0.47,10.0,0.44,5.0,0.64,10.0,0.68,5.0,0.36,10.0,0.32,5.0,0.53,10.0,0.56,5.0,0.17,0.17,43.343109,1776206479000
1776206481.187,81.187,0.47,10.0,0.44,5.0,0.64,10.0,0.68,5.0,0.36,10.0,0.32,5.0,0.53,10.0,0.56,5.0,0.17,0.17,43.336596,1776206480000
1776206482.546,82.546,0.47,10.0,0.44,5.0,0.64,10.0,0.68,5.0,0.36,10.0,0.32,5.0,0.53,10.0,0.56,5.0,0.17,0.17,43.331522,1776206481000
1776206483.165,83.165,0.47,10.0,0.44,5.0,0.64,10.0,0.68,5.0,0.36,10.0,0.32,5.0,0.53,10.0,0.56,5.0,0.17,0.17,43.330827,1776206482000
1776206484.496,84.496,0.47,10.0,0.44,5.0,0.64,10.0,0.68,5.0,0.36,10.0,0.32,5.0,0.53,10.0,0.56,5.0,0.17,0.17,43.330806,1776206483000
1776206485.139,85.139,0.47,10.0,0.44,5.0,0.64,10.0,0.68,5.0,0.36,10.0,0.32,5.0,0.53,10.0,0.56,5.0,0.17,0.17,43.32735,1776206484000
1776206486.579,86.579,0.47,10.0,0.44,5.0,0.64,10.0,0.68,5.0,0.36,10.0,0.32,5.0,0.53,10.0,0.56,5.0,0.17,0.17,43.328407,1776206485000
1776206487.339,87.339,0.47,10.0,0.44,5.0,0.64,10.0,0.68,5.0,0.36,10.0,0.32,5.0,0.53,10.0,0.56,5.0,0.17,0.17,43.3291,1776206486000
1776206488.007,88.007,0.47,10.0,0.44,5.0,0.64,10.0,0.68,5.0,0.36,10.0,0.32,5.0,0.53,10.0,0.56,5.0,0.17,0.17,43.32971,1776206487000
1776206489.374,89.374,0.47,10.0,0.44,5.0,0.64,10.0,0.68,5.0,0.36,10.0,0.32,5.0,0.53,10.0,0.56,5.0,0.17,0.17,43.329706,1776206488000
1776206490.635,90.635,0.47,10.0,0.44,5.0,0.64,10.0,0.68,5.0,0.36,10.0,0.32,5.0,0.53,10.0,0.56,5.0,0.17,0.17,43.328899,1776206489000
1776206491.084,91.084,0.47,10.0,0.44,5.0,0.64,10.0,0.68,5.0,0.36,10.0,0.32,5.0,0.53,10.0,0.56,5.0,0.17,0.17,43.328827,1776206490000
1776206492.274,92.274,0.47,10.0,0.44,5.0,0.64,10.0,0.68,5.0,0.36,10.0,0.32,5.0,0.53,10.0,0.56,5.0,0.17,0.17,43.326293,1776206491000
1776206493.377,93.377,0.47,10.0,0.44,5.0,0.64,10.0,0.68,5.0,0.36,10.0,0.32,5.0,0.53,10.0,0.56,5.0,0.17,0.17,43.325691,1776206492000
1776206494.054,94.054,0.47,10.0,0.44,5.0,0.64,10.0,0.68,5.0,0.36,10.0,0.32,5.0,0.53,10.0,0.56,5.0,0.17,0.17,43.325691,1776206493000
1776206495.326,95.326,0.47,10.0,0.44,5.0,0.64,10.0,0.68,5.0,0.36,10.0,0.32,5.0,0.53,10.0,0.56,5.0,0.17,0.17,43.324846,1776206494000
1776206496.428,96.428,0.47,10.0,0.44,5.0,0.64,10.0,0.68,5.0,0.36,10.0,0.32,5.0,0.53,10.0,0.56,5.0,0.17,0.17,43.324319,1776206495000
1776206497.156,97.156,0.47,10.0,0.44,5.0,0.64,10.0,0.68,5.0,0.36,10.0,0.32,5.0,0.53,10.0,0.56,5.0,0.17,0.17,43.324319,1776206496000
1776206498.34,98.34,0.47,10.0,0.44,5.0,0.64,10.0,0.68,5.0,0.36,10.0,0.32,5.0,0.53,10.0,0.56,5.0,0.17,0.17,43.324618,1776206497000
1776206498.944,98.944,0.47,10.0,0.44,5.0,0.64,10.0,0.68,5.0,0.36,10.0,0.32,5.0,0.53,10.0,0.56,5.0,0.17,0.17,43.324618,1776206498000
1776206500.043,100.043,0.47,10.0,0.44,5.0,0.64,10.0,0.68,5.0,0.36,10.0,0.32,5.0,0.53,10.0,0.56,5.0,0.17,0.17,43.324834,1776206499000
1776206501.167,101.167,0.47,10.0,0.44,5.0,0.64,10.0,0.68,5.0,0.36,10.0,0.32,5.0,0.53,10.0,0.56,5.0,0.17,0.17,43.324839,1776206500000
1776206502.219,102.219,0.47,10.0,0.44,5.0,0.64,10.0,0.68,5.0,0.36,10.0,0.32,5.0,0.53,10.0,0.56,5.0,0.17,0.17,43.324822,1776206501000
1776206503.333,103.333,0.47,10.0,0.44,5.0,0.64,10.0,0.68,5.0,0.36,10.0,0.32,5.0,0.53,10.0,0.56,5.0,0.17,0.17,43.330975,1776206502000
1776206503.818,103.818,0.47,10.0,0.44,5.0,0.64,10.0,0.68,5.0,0.36,10.0,0.32,5.0,0.53,10.0,0.56,5.0,0.17,0.17,43.330975,1776206503000
1776206505.584,105.584,0.47,10.0,0.44,5.0,0.64,10.0,0.68,5.0,0.36,10.0,0.32,5.0,0.53,10.0,0.56,5.0,0.17,0.17,43.333555,1776206504000
1776206506.642,106.642,0.47,10.0,0.44,5.0,0.64,10.0,0.68,5.0,0.36,10.0,0.32,5.0,0.53,10.0,0.56,5.0,0.17,0.17,43.333555,1776206505000
1776206507.272,107.272,0.47,10.0,0.44,5.0,0.64,10.0,0.68,5.0,0.36,10.0,0.32,5.0,0.53,10.0,0.56,5.0,0.17,0.17,43.334186,1776206506000
1776206508.769,108.769,0.47,10.0,0.44,5.0,0.64,10.0,0.68,5.0,0.36,10.0,0.32,5.0,0.53,10.0,0.56,5.0,0.17,0.17,43.334412,1776206507000
1776206509.431,109.431,0.47,10.0,0.44,5.0,0.64,10.0,0.68,5.0,0.36,10.0,0.32,5.0,0.53,10.0,0.56,5.0,0.17,0.17,43.334592,1776206508000
1776206510.126,110.126,0.47,10.0,0.44,5.0,0.64,10.0,0.68,5.0,0.36,10.0,0.32,5.0,0.53,10.0,0.56,5.0,0.17,0.17,43.334454,1776206509000
1776206511.44,111.44,0.47,10.0,0.44,5.0,0.64,10.0,0.68,5.0,0.36,10.0,0.32,5.0,0.53,10.0,0.56,5.0,0.17,0.17,43.334369,1776206510000
1776206512.166,112.166,0.47,10.0,0.44,5.0,0.64,10.0,0.68,5.0,0.36,10.0,0.32,5.0,0.53,10.0,0.56,5.0,0.17,0.17,43.334494,1776206511000
1776206513.358,113.358,0.47,10.0,0.44,5.0,0.64,10.0,0.68,5.0,0.36,10.0,0.32,5.0,0.53,10.0,0.56,5.0,0.17,0.17,43.334194,1776206512000
1776206514.012,114.012,0.47,10.0,0.44,5.0,0.64,10.0,0.68,5.0,0.36,10.0,0.32,5.0,0.53,10.0,0.56,5.0,0.17,0.17,43.334055,1776206513000
1776206515.197,115.197,0.47,10.0,0.44,5.0,0.64,10.0,0.68,5.0,0.36,10.0,0.32,5.0,0.53,10.0,0.56,5.0,0.17,0.17,43.334054,1776206514000
1776206516.66,116.66,0.47,10.0,0.44,5.0,0.64,10.0,0.68,5.0,0.36,10.0,0.32,5.0,0.53,10.0,0.56,5.0,0.17,0.17,43.334564,1776206515000
1776206517.334,117.334,0.47,10.0,0.44,5.0,0.64,10.0,0.68,5.0,0.36,10.0,0.32,5.0,0.53,10.0,0.56,5.0,0.17,0.17,43.334596,1776206516000
1776206518.542,118.542,0.47,10.0,0.44,5.0,0.64,10.0,0.68,5.0,0.36,10.0,0.32,5.0,0.53,10.0,0.56,5.0,0.17,0.17,43.334759,1776206517000
1776206519.163,119.163,0.47,10.0,0.44,5.0,0.64,10.0,0.68,5.0,0.36,10.0,0.32,5.0,0.53,10.0,0.56,5.0,0.17,0.17,43.334759,1776206518000
1776206520.39,120.39,0.47,10.0,0.44,5.0,0.64,10.0,0.68,5.0,0.36,10.0,0.32,5.0,0.53,10.0,0.56,5.0,0.17,0.17,43.347588,1776206519000
1776206520.967,120.967,0.47,10.0,0.44,5.0,0.64,10.0,0.68,5.0,0.36,10.0,0.32,5.0,0.53,10.0,0.56,5.0,0.17,0.17,43.351422,1776206520000
1776206522.677,122.677,0.47,10.0,0.44,5.0,0.64,10.0,0.68,5.0,0.36,10.0,0.32,5.0,0.53,10.0,0.56,5.0,0.17,0.17,43.353088,1776206521000
1776206523.209,123.209,0.47,10.0,0.44,5.0,0.64,10.0,0.68,5.0,0.36,10.0,0.32,5.0,0.53,10.0,0.56,5.0,0.17,0.17,43.353784,1776206522000
1776206524.839,124.839,0.47,10.0,0.44,5.0,0.64,10.0,0.68,5.0,0.36,10.0,0.32,5.0,0.53,10.0,0.56,5.0,0.17,0.17,43.354777,1776206523000
1776206525.485,125.485,0.47,10.0,0.44,5.0,0.64,10.0,0.68,5.0,0.36,10.0,0.32,5.0,0.53,10.0,0.56,5.0,0.17,0.17,43.354749,1776206524000
1776206526.1,126.1,0.47,10.0,0.44,5.0,0.64,10.0,0.68,5.0,0.36,10.0,0.32,5.0,0.53,10.0,0.56,5.0,0.17,0.17,43.354473,1776206525000
1776206527.428,127.428,0.47,10.0,0.44,5.0,0.64,10.0,0.68,5.0,0.36,10.0,0.32,5.0,0.53,10.0,0.56,5.0,0.17,0.17,43.350973,1776206526000
1776206528.552,128.552,0.47,10.0,0.44,5.0,0.64,10.0,0.68,5.0,0.36,10.0,0.32,5.0,0.53,10.0,0.56,5.0,0.17,0.17,43.346285,1776206527000
1776206529.076,129.076,0.47,10.0,0.44,5.0,0.64,10.0,0.68,5.0,0.36,10.0,0.32,5.0,0.53,10.0,0.56,5.0,0.17,0.17,43.345485,1776206528000
1776206530.358,130.358,0.47,10.0,0.44,5.0,0.64,10.0,0.68,5.0,0.36,10.0,0.32,5.0,0.53,10.0,0.56,5.0,0.17,0.17,43.345171,1776206529000
1776206531.427,131.427,0.47,10.0,0.44,5.0,0.64,10.0,0.68,5.0,0.36,10.0,0.32,5.0,0.53,10.0,0.56,5.0,0.17,0.17,43.345713,1776206530000
1776206532.014,132.014,0.47,10.0,0.44,5.0,0.64,10.0,0.68,5.0,0.36,10.0,0.32,5.0,0.53,10.0,0.56,5.0,0.17,0.17,43.346162,1776206531000
1776206533.167,133.167,0.47,10.0,0.44,5.0,0.64,10.0,0.68,5.0,0.36,10.0,0.32,5.0,0.53,10.0,0.56,5.0,0.17,0.17,43.346114,1776206532000
1776206534.359,134.359,0.47,10.0,0.44,5.0,0.64,10.0,0.68,5.0,0.36,10.0,0.32,5.0,0.53,10.0,0.56,5.0,0.17,0.17,43.345859,1776206533000
1776206535.466,135.466,0.47,10.0,0.44,5.0,0.64,10.0,0.68,5.0,0.36,10.0,0.32,5.0,0.53,10.0,0.56,5.0,0.17,0.17,43.345995,1776206534000
1776206536.072,136.072,0.47,10.0,0.44,5.0,0.64,10.0,0.68,5.0,0.36,10.0,0.32,5.0,0.53,10.0,0.56,5.0,0.17,0.17,43.348192,1776206535000
1776206537.227,137.227,0.47,10.0,0.44,5.0,0.64,10.0,0.68,5.0,0.36,10.0,0.32,5.0,0.53,10.0,0.56,5.0,0.17,0.17,43.350018,1776206536000
1776206538.246,138.246,0.47,10.0,0.44,5.0,0.64,10.0,0.68,5.0,0.36,10.0,0.32,5.0,0.53,10.0,0.56,5.0,0.17,0.17,43.352028,1776206537000
1776206539.226,139.226,0.47,10.0,0.44,5.0,0.64,10.0,0.68,5.0,0.36,10.0,0.32,5.0,0.53,10.0,0.56,5.0,0.17,0.17,43.35425,1776206538000
1776206540.371,140.371,0.47,10.0,0.44,5.0,0.64,10.0,0.68,5.0,0.36,10.0,0.32,5.0,0.53,10.0,0.56,5.0,0.17,0.17,43.355269,1776206539000
1776206540.862,140.862,0.47,10.0,0.44,5.0,0.64,10.0,0.68,5.0,0.36,10.0,0.32,5.0,0.53,10.0,0.56,5.0,0.17,0.17,43.355269,1776206540000
1776206542.037,142.037,0.47,10.0,0.44,5.0,0.64,10.0,0.68,5.0,0.36,10.0,0.32,5.0,0.53,10.0,0.56,5.0,0.17,0.17,43.357064,1776206541000
1776206543.028,143.028,0.47,10.0,0.44,5.0,0.64,10.0,0.68,5.0,0.36,10.0,0.32,5.0,0.53,10.0,0.56,5.0,0.17,0.17,43.356924,1776206542000
1776206544.063,144.063,0.47,10.0,0.44,5.0,0.64,10.0,0.68,5.0,0.36,10.0,0.32,5.0,0.53,10.0,0.56,5.0,0.17,0.17,43.355784,1776206543000
1776206545.017,145.017,0.47,10.0,0.44,5.0,0.64,10.0,0.68,5.0,0.36,10.0,0.32,5.0,0.53,10.0,0.56,5.0,0.17,0.17,43.355784,1776206544000
1776206546.095,146.095,0.47,10.0,0.44,5.0,0.64,10.0,0.68,5.0,0.36,10.0,0.32,5.0,0.53,10.0,0.56,5.0,0.17,0.17,43.35537,1776206545000
1776206547.0,147.0,0.47,10.0,0.44,5.0,0.64,10.0,0.68,5.0,0.36,10.0,0.32,5.0,0.53,10.0,0.56,5.0,0.17,0.17,43.356337,1776206546000
1776206548.028,148.028,0.47,10.0,0.44,5.0,0.64,10.0,0.68,5.0,0.36,10.0,0.32,5.0,0.53,10.0,0.56,5.0,0.17,0.17,43.355618,1776206547000
1776206548.998,148.998,0.47,10.0,0.44,5.0,0.64,10.0,0.68,5.0,0.36,10.0,0.32,5.0,0.53,10.0,0.56,5.0,0.17,0.17,43.355616,1776206548000
1776206549.933,149.933,0.47,10.0,0.44,5.0,0.64,10.0,0.68,5.0,0.36,10.0,0.32,5.0,0.53,10.0,0.56,5.0,0.17,0.17,43.355616,1776206549000
1776206551.436,151.436,0.47,10.0,0.44,5.0,0.64,10.0,0.68,5.0,0.36,10.0,0.32,5.0,0.53,10.0,0.56,5.0,0.17,0.17,43.354955,1776206550000
1776206551.964,151.964,0.47,10.0,0.44,5.0,0.64,10.0,0.68,5.0,0.36,10.0,0.32,5.0,0.53,10.0,0.56,5.0,0.17,0.17,43.354955,1776206551000
1776206552.944,152.944,0.47,10.0,0.44,5.0,0.64,10.0,0.68,5.0,0.36,10.0,0.32,5.0,0.53,10.0,0.56,5.0,0.17,0.17,43.354955,1776206552000
1776206554.057,154.057,0.47,10.0,0.44,5.0,0.64,10.0,0.68,5.0,0.36,10.0,0.32,5.0,0.53,10.0,0.56,5.0,0.17,0.17,43.354831,1776206553000
1776206554.977,154.977,0.47,10.0,0.44,5.0,0.64,10.0,0.68,5.0,0.36,10.0,0.32,5.0,0.53,10.0,0.56,5.0,0.17,0.17,43.353642,1776206554000
1776206556.006,156.006,0.47,10.0,0.44,5.0,0.64,10.0,0.68,5.0,0.36,10.0,0.32,5.0,0.53,10.0,0.56,5.0,0.17,0.17,43.349874,1776206555000
1776206557.093,157.093,0.47,10.0,0.44,5.0,0.64,10.0,0.68,5.0,0.36,10.0,0.32,5.0,0.53,10.0,0.56,5.0,0.17,0.17,43.340142,1776206556000
1776206558.037,158.037,0.47,10.0,0.44,5.0,0.64,10.0,0.68,5.0,0.36,10.0,0.32,5.0,0.53,10.0,0.56,5.0,0.17,0.17,43.340129,1776206557000
1776206559.071,159.071,0.47,10.0,0.44,5.0,0.64,10.0,0.68,5.0,0.36,10.0,0.32,5.0,0.53,10.0,0.56,5.0,0.17,0.17,43.338471,1776206558000
1776206560.113,160.113,0.47,10.0,0.44,5.0,0.64,10.0,0.68,5.0,0.36,10.0,0.32,5.0,0.53,10.0,0.56,5.0,0.17,0.17,43.337905,1776206559000
1776206561.128,161.128,0.47,10.0,0.44,5.0,0.64,10.0,0.68,5.0,0.36,10.0,0.32,5.0,0.53,10.0,0.56,5.0,0.17,0.17,43.337368,1776206560000
1776206562.161,162.161,0.47,10.0,0.44,5.0,0.64,10.0,0.68,5.0,0.36,10.0,0.32,5.0,0.53,10.0,0.56,5.0,0.17,0.17,43.337116,1776206561000
1776206563.222,163.222,0.47,10.0,0.44,5.0,0.64,10.0,0.68,5.0,0.36,10.0,0.32,5.0,0.53,10.0,0.56,5.0,0.17,0.17,43.335976,1776206562000
1776206564.877,164.877,0.47,10.0,0.44,5.0,0.64,10.0,0.68,5.0,0.36,10.0,0.32,5.0,0.53,10.0,0.56,5.0,0.17,0.17,43.328706,1776206563000
1776206565.43,165.43,0.47,10.0,0.44,5.0,0.64,10.0,0.68,5.0,0.36,10.0,0.32,5.0,0.53,10.0,0.56,5.0,0.17,0.17,43.328684,1776206564000
1776206565.923,165.923,0.47,10.0,0.44,5.0,0.64,10.0,0.68,5.0,0.36,10.0,0.32,5.0,0.53,10.0,0.56,5.0,0.17,0.17,43.328684,1776206565000
1776206566.999,166.999,0.47,10.0,0.44,5.0,0.64,10.0,0.68,5.0,0.36,10.0,0.32,5.0,0.53,10.0,0.56,5.0,0.17,0.17,43.328133,1776206566000
1776206568.094,168.094,0.47,10.0,0.44,5.0,0.64,10.0,0.68,5.0,0.36,10.0,0.32,5.0,0.53,10.0,0.56,5.0,0.17,0.17,43.327851,1776206567000
1776206568.481,168.481,0.46,15.0,0.45,41.0,0.74,25.0,0.75,15.0,0.36,10.0,0.32,5.0,0.53,10.0,0.56,5.0,0.28,0.17,43.327851,1776206567000
1776206569.191,169.191,0.46,15.0,0.45,41.0,0.74,25.0,0.75,15.0,0.26,25.0,0.25,15.0,0.54,15.0,0.55,41.0,0.28,0.28,43.328706,1776206568000
1776206570.31,170.31,0.46,15.0,0.45,41.0,0.74,25.0,0.75,15.0,0.26,25.0,0.25,15.0,0.54,15.0,0.55,41.0,0.28,0.28,43.335648,1776206569000
1776206570.888,170.888,0.46,15.0,0.45,41.0,0.74,25.0,0.75,15.0,0.26,25.0,0.25,15.0,0.54,15.0,0.55,41.0,0.28,0.28,43.34019,1776206570000
1776206572.027,172.027,0.46,15.0,0.45,41.0,0.74,25.0,0.75,15.0,0.26,25.0,0.25,15.0,0.54,15.0,0.55,41.0,0.28,0.28,43.343996,1776206571000
1776206573.145,173.145,0.46,15.0,0.45,41.0,0.74,25.0,0.75,15.0,0.26,25.0,0.25,15.0,0.54,15.0,0.55,41.0,0.28,0.28,43.344193,1776206572000
1776206574.341,174.341,0.46,15.0,0.45,41.0,0.74,25.0,0.75,15.0,0.26,25.0,0.25,15.0,0.54,15.0,0.55,41.0,0.28,0.28,43.344082,1776206573000
1776206575.327,175.327,0.46,15.0,0.45,41.0,0.74,25.0,0.75,15.0,0.26,25.0,0.25,15.0,0.54,15.0,0.55,41.0,0.28,0.28,43.344181,1776206574000
1776206575.956,175.956,0.46,15.0,0.45,41.0,0.74,25.0,0.75,15.0,0.26,25.0,0.25,15.0,0.54,15.0,0.55,41.0,0.28,0.28,43.344181,1776206575000
1776206577.222,177.222,0.46,15.0,0.45,41.0,0.74,25.0,0.75,15.0,0.26,25.0,0.25,15.0,0.54,15.0,0.55,41.0,0.28,0.28,43.344128,1776206576000
1776206578.335,178.335,0.46,15.0,0.45,41.0,0.74,25.0,0.75,15.0,0.26,25.0,0.25,15.0,0.54,15.0,0.55,41.0,0.28,0.28,43.344384,1776206577000
1776206579.311,179.311,0.46,15.0,0.45,41.0,0.74,25.0,0.75,15.0,0.26,25.0,0.25,15.0,0.54,15.0,0.55,41.0,0.28,0.28,43.344384,1776206578000
1776206580.699,180.699,0.46,15.0,0.45,41.0,0.74,25.0,0.75,15.0,0.26,25.0,0.25,15.0,0.54,15.0,0.55,41.0,0.28,0.28,43.344815,1776206579000
1776206581.426,181.426,0.46,15.0,0.45,41.0,0.74,25.0,0.75,15.0,0.26,25.0,0.25,15.0,0.54,15.0,0.55,41.0,0.28,0.28,43.344541,1776206580000
1776206582.41,182.41,0.46,15.0,0.45,41.0,0.74,25.0,0.75,15.0,0.26,25.0,0.25,15.0,0.54,15.0,0.55,41.0,0.28,0.28,43.344474,1776206581000
1776206583.11,183.11,0.46,15.0,0.45,41.0,0.74,25.0,0.75,15.0,0.26,25.0,0.25,15.0,0.54,15.0,0.55,41.0,0.28,0.28,43.345505,1776206582000
1776206584.293,184.293,0.46,15.0,0.45,41.0,0.74,25.0,0.75,15.0,0.26,25.0,0.25,15.0,0.54,15.0,0.55,41.0,0.28,0.28,43.353894,1776206583000
1776206585.623,185.623,0.46,15.0,0.45,41.0,0.74,25.0,0.75,15.0,0.26,25.0,0.25,15.0,0.54,15.0,0.55,41.0,0.28,0.28,43.356207,1776206584000
1776206586.17,186.17,0.46,15.0,0.45,41.0,0.74,25.0,0.75,15.0,0.26,25.0,0.25,15.0,0.54,15.0,0.55,41.0,0.28,0.28,43.359357,1776206585000
1776206587.434,187.434,0.46,15.0,0.45,41.0,0.74,25.0,0.75,15.0,0.26,25.0,0.25,15.0,0.54,15.0,0.55,41.0,0.28,0.28,43.35922,1776206586000
1776206587.982,187.982,0.46,15.0,0.45,41.0,0.74,25.0,0.75,15.0,0.26,25.0,0.25,15.0,0.54,15.0,0.55,41.0,0.28,0.28,43.35922,1776206587000
1776206589.183,189.183,0.46,15.0,0.45,41.0,0.74,25.0,0.75,15.0,0.26,25.0,0.25,15.0,0.54,15.0,0.55,41.0,0.28,0.28,43.358285,1776206588000
1776206590.495,190.495,0.46,15.0,0.45,41.0,0.74,25.0,0.75,15.0,0.26,25.0,0.25,15.0,0.54,15.0,0.55,41.0,0.28,0.28,43.354813,1776206589000
1776206591.144,191.144,0.46,15.0,0.45,41.0,0.74,25.0,0.75,15.0,0.26,25.0,0.25,15.0,0.54,15.0,0.55,41.0,0.28,0.28,43.354703,1776206590000
1776206592.314,192.314,0.46,15.0,0.45,41.0,0.74,25.0,0.75,15.0,0.26,25.0,0.25,15.0,0.54,15.0,0.55,41.0,0.28,0.28,43.353959,1776206591000
1776206593.418,193.418,0.46,15.0,0.45,41.0,0.74,25.0,0.75,15.0,0.26,25.0,0.25,15.0,0.54,15.0,0.55,41.0,0.28,0.28,43.353959,1776206592000
1776206594.009,194.009,0.46,15.0,0.45,41.0,0.74,25.0,0.75,15.0,0.26,25.0,0.25,15.0,0.54,15.0,0.55,41.0,0.28,0.28,43.352801,1776206593000
1776206595.114,195.114,0.46,15.0,0.45,41.0,0.74,25.0,0.75,15.0,0.26,25.0,0.25,15.0,0.54,15.0,0.55,41.0,0.28,0.28,43.352107,1776206594000
1776206596.543,196.543,0.46,15.0,0.45,41.0,0.74,25.0,0.75,15.0,0.26,25.0,0.25,15.0,0.54,15.0,0.55,41.0,0.28,0.28,43.349543,1776206595000
1776206597.302,197.302,0.46,15.0,0.45,41.0,0.74,25.0,0.75,15.0,0.26,25.0,0.25,15.0,0.54,15.0,0.55,41.0,0.28,0.28,43.349543,1776206596000
1776206598.439,198.439,0.46,15.0,0.45,41.0,0.74,25.0,0.75,15.0,0.26,25.0,0.25,15.0,0.54,15.0,0.55,41.0,0.28,0.28,43.349269,1776206597000
1776206599.146,199.146,0.46,15.0,0.45,41.0,0.74,25.0,0.75,15.0,0.26,25.0,0.25,15.0,0.54,15.0,0.55,41.0,0.28,0.28,43.350669,1776206598000
1776206600.263,200.263,0.69,13.38,0.68,15.0,0.82,10.0,0.83,15.0,0.26,25.0,0.25,15.0,0.54,15.0,0.55,41.0,0.13,0.28,43.350669,1776206598000
1776206601.066,201.066,0.69,13.38,0.68,15.0,0.82,10.0,0.83,15.0,0.18,10.0,0.17,15.0,0.31,13.38,0.32,15.0,0.13,0.13,43.351658,1776206600000
1776206602.332,202.332,0.69,13.38,0.68,15.0,0.82,10.0,0.83,15.0,0.18,10.0,0.17,15.0,0.31,13.38,0.32,15.0,0.13,0.13,43.354622,1776206601000
1776206603.598,203.598,0.69,13.38,0.68,15.0,0.82,10.0,0.83,15.0,0.18,10.0,0.17,15.0,0.31,13.38,0.32,15.0,0.13,0.13,43.354749,1776206602000
1776206604.32,204.32,0.69,13.38,0.68,15.0,0.82,10.0,0.83,15.0,0.18,10.0,0.17,15.0,0.31,13.38,0.32,15.0,0.13,0.13,43.356036,1776206603000
1776206605.575,205.575,0.69,13.38,0.68,15.0,0.82,10.0,0.83,15.0,0.18,10.0,0.17,15.0,0.31,13.38,0.32,15.0,0.13,0.13,43.355939,1776206604000
1776206606.259,206.259,0.69,13.38,0.68,15.0,0.82,10.0,0.83,15.0,0.18,10.0,0.17,15.0,0.31,13.38,0.32,15.0,0.13,0.13,43.355876,1776206605000
1776206607.472,207.472,0.69,13.38,0.68,15.0,0.82,10.0,0.83,15.0,0.18,10.0,0.17,15.0,0.31,13.38,0.32,15.0,0.13,0.13,43.355889,1776206606000
1776206608.112,208.112,0.69,13.38,0.68,15.0,0.82,10.0,0.83,15.0,0.18,10.0,0.17,15.0,0.31,13.38,0.32,15.0,0.13,0.13,43.35931,1776206607000
1776206609.414,209.414,0.69,13.38,0.68,15.0,0.82,10.0,0.83,15.0,0.18,10.0,0.17,15.0,0.31,13.38,0.32,15.0,0.13,0.13,43.36179,1776206608000
1776206610.086,210.086,0.69,13.38,0.68,15.0,0.82,10.0,0.83,15.0,0.18,10.0,0.17,15.0,0.31,13.38,0.32,15.0,0.13,0.13,43.362793,1776206609000
1776206611.842,211.842,0.69,13.38,0.68,15.0,0.82,10.0,0.83,15.0,0.18,10.0,0.17,15.0,0.31,13.38,0.32,15.0,0.13,0.13,43.365838,1776206610000
1776206612.587,212.587,0.69,13.38,0.68,15.0,0.82,10.0,0.83,15.0,0.18,10.0,0.17,15.0,0.31,13.38,0.32,15.0,0.13,0.13,43.365838,1776206611000
1776206613.132,213.132,0.69,13.38,0.68,15.0,0.82,10.0,0.83,15.0,0.18,10.0,0.17,15.0,0.31,13.38,0.32,15.0,0.13,0.13,43.36607,1776206612000
1776206614.275,214.275,0.69,13.38,0.68,15.0,0.82,10.0,0.83,15.0,0.18,10.0,0.17,15.0,0.31,13.38,0.32,15.0,0.13,0.13,43.365028,1776206613000
1776206615.443,215.443,0.69,13.38,0.68,15.0,0.82,10.0,0.83,15.0,0.18,10.0,0.17,15.0,0.31,13.38,0.32,15.0,0.13,0.13,43.362075,1776206614000
1776206615.971,215.971,0.69,13.38,0.68,15.0,0.82,10.0,0.83,15.0,0.18,10.0,0.17,15.0,0.31,13.38,0.32,15.0,0.13,0.13,43.362075,1776206615000
1776206617.105,217.105,0.69,13.38,0.68,15.0,0.82,10.0,0.83,15.0,0.18,10.0,0.17,15.0,0.31,13.38,0.32,15.0,0.13,0.13,43.36201,1776206616000
1776206618.244,218.244,0.69,13.38,0.68,15.0,0.82,10.0,0.83,15.0,0.18,10.0,0.17,15.0,0.31,13.38,0.32,15.0,0.13,0.13,43.360992,1776206617000
1776206619.334,219.334,0.69,13.38,0.68,15.0,0.82,10.0,0.83,15.0,0.18,10.0,0.17,15.0,0.31,13.38,0.32,15.0,0.13,0.13,43.360781,1776206618000
1776206620.491,220.491,0.69,13.38,0.68,15.0,0.82,10.0,0.83,15.0,0.18,10.0,0.17,15.0,0.31,13.38,0.32,15.0,0.13,0.13,43.356977,1776206619000
1776206621.045,221.045,0.69,13.38,0.68,15.0,0.82,10.0,0.83,15.0,0.18,10.0,0.17,15.0,0.31,13.38,0.32,15.0,0.13,0.13,43.355031,1776206620000
1776206622.153,222.153,0.69,13.38,0.68,15.0,0.82,10.0,0.83,15.0,0.18,10.0,0.17,15.0,0.31,13.38,0.32,15.0,0.13,0.13,43.355988,1776206621000
1776206623.253,223.253,0.69,13.38,0.68,15.0,0.82,10.0,0.83,15.0,0.18,10.0,0.17,15.0,0.31,13.38,0.32,15.0,0.13,0.13,43.355865,1776206622000
1776206624.376,224.376,0.69,13.38,0.68,15.0,0.82,10.0,0.83,15.0,0.18,10.0,0.17,15.0,0.31,13.38,0.32,15.0,0.13,0.13,43.355694,1776206623000
1776206624.938,224.938,0.69,13.38,0.68,15.0,0.82,10.0,0.83,15.0,0.18,10.0,0.17,15.0,0.31,13.38,0.32,15.0,0.13,0.13,43.349393,1776206624000
1776206626.673,226.673,0.69,13.38,0.68,15.0,0.82,10.0,0.83,15.0,0.18,10.0,0.17,15.0,0.31,13.38,0.32,15.0,0.13,0.13,43.344504,1776206625000
1776206627.225,227.225,0.69,13.38,0.68,15.0,0.82,10.0,0.83,15.0,0.18,10.0,0.17,15.0,0.31,13.38,0.32,15.0,0.13,0.13,43.344998,1776206626000
1776206628.266,228.266,0.69,13.38,0.68,15.0,0.82,10.0,0.83,15.0,0.18,10.0,0.17,15.0,0.31,13.38,0.32,15.0,0.13,0.13,43.344636,1776206627000
1776206629.28,229.28,0.69,13.38,0.68,15.0,0.82,10.0,0.83,15.0,0.18,10.0,0.17,15.0,0.31,13.38,0.32,15.0,0.13,0.13,43.34463,1776206628000
1776206630.324,230.324,0.69,13.38,0.68,15.0,0.82,10.0,0.83,15.0,0.18,10.0,0.17,15.0,0.31,13.38,0.32,15.0,0.13,0.13,43.3432,1776206629000
1776206630.829,230.829,0.69,13.38,0.68,15.0,0.82,10.0,0.83,15.0,0.18,10.0,0.17,15.0,0.31,13.38,0.32,15.0,0.13,0.13,43.3432,1776206630000
1776206632.413,232.413,0.69,13.38,0.68,15.0,0.82,10.0,0.83,15.0,0.18,10.0,0.17,15.0,0.31,13.38,0.32,15.0,0.13,0.13,43.341786,1776206631000
1776206633.353,233.353,0.69,13.38,0.68,15.0,0.82,10.0,0.83,15.0,0.18,10.0,0.17,15.0,0.31,13.38,0.32,15.0,0.13,0.13,43.336352,1776206632000
1776206634.335,234.335,0.69,13.38,0.68,15.0,0.82,10.0,0.83,15.0,0.18,10.0,0.17,15.0,0.31,13.38,0.32,15.0,0.13,0.13,43.328629,1776206633000
1776206635.427,235.427,0.69,13.38,0.68,15.0,0.82,10.0,0.83,15.0,0.18,10.0,0.17,15.0,0.31,13.38,0.32,15.0,0.13,0.13,43.330176,1776206634000
1776206636.382,236.382,0.69,13.38,0.68,15.0,0.82,10.0,0.83,15.0,0.18,10.0,0.17,15.0,0.31,13.38,0.32,15.0,0.13,0.13,43.33889,1776206635000
1776206637.401,237.401,0.69,13.38,0.68,15.0,0.82,10.0,0.83,15.0,0.18,10.0,0.17,15.0,0.31,13.38,0.32,15.0,0.13,0.13,43.336401,1776206636000
1776206637.93,237.93,0.69,13.38,0.68,15.0,0.82,10.0,0.83,15.0,0.18,10.0,0.17,15.0,0.31,13.38,0.32,15.0,0.13,0.13,43.337886,1776206637000
1776206638.939,238.939,0.69,13.38,0.68,15.0,0.82,10.0,0.83,15.0,0.18,10.0,0.17,15.0,0.31,13.38,0.32,15.0,0.13,0.13,43.338639,1776206638000
1776206640.011,240.011,0.69,13.38,0.68,15.0,0.82,10.0,0.83,15.0,0.18,10.0,0.17,15.0,0.31,13.38,0.32,15.0,0.13,0.13,43.338101,1776206639000
1776206641.783,241.783,0.69,13.38,0.68,15.0,0.82,10.0,0.83,15.0,0.18,10.0,0.17,15.0,0.31,13.38,0.32,15.0,0.13,0.13,43.335145,1776206640000
1776206642.483,242.483,0.69,13.38,0.68,15.0,0.82,10.0,0.83,15.0,0.18,10.0,0.17,15.0,0.31,13.38,0.32,15.0,0.13,0.13,43.333502,1776206641000
1776206643.116,243.116,0.69,13.38,0.68,15.0,0.82,10.0,0.83,15.0,0.18,10.0,0.17,15.0,0.31,13.38,0.32,15.0,0.13,0.13,43.331376,1776206642000
1776206644.61,244.61,0.69,13.38,0.68,15.0,0.82,10.0,0.83,15.0,0.18,10.0,0.17,15.0,0.31,13.38,0.32,15.0,0.13,0.13,43.33137,1776206643000
1776206645.409,245.409,0.69,13.38,0.68,15.0,0.82,10.0,0.83,15.0,0.18,10.0,0.17,15.0,0.31,13.38,0.32,15.0,0.13,0.13,43.331168,1776206644000
1776206646.154,246.154,0.69,13.38,0.68,15.0,0.82,10.0,0.83,15.0,0.18,10.0,0.17,15.0,0.31,13.38,0.32,15.0,0.13,0.13,43.330894,1776206645000
1776206647.538,247.538,0.69,13.38,0.68,15.0,0.82,10.0,0.83,15.0,0.18,10.0,0.17,15.0,0.31,13.38,0.32,15.0,0.13,0.13,43.330876,1776206646000
1776206648.152,248.152,0.69,13.38,0.68,15.0,0.82,10.0,0.83,15.0,0.18,10.0,0.17,15.0,0.31,13.38,0.32,15.0,0.13,0.13,43.330608,1776206647000
1776206649.58,249.58,0.69,13.38,0.68,15.0,0.82,10.0,0.83,15.0,0.18,10.0,0.17,15.0,0.31,13.38,0.32,15.0,0.13,0.13,43.330876,1776206648000
1776206650.004,250.004,0.37,10.28,0.36,25.0,0.53,10.0,0.64,15.0,0.18,10.0,0.17,15.0,0.31,13.38,0.32,15.0,0.16,0.13,43.330876,1776206648000
1776206650.296,250.296,0.37,10.28,0.36,25.0,0.53,10.0,0.64,15.0,0.47,10.0,0.36,15.0,0.63,10.28,0.64,25.0,0.16,0.16,43.331485,1776206649000
1776206651.567,251.567,0.37,10.28,0.36,25.0,0.53,10.0,0.64,15.0,0.47,10.0,0.36,15.0,0.63,10.28,0.64,25.0,0.16,0.16,43.331979,1776206650000
1776206652.292,252.292,0.37,10.28,0.36,25.0,0.53,10.0,0.64,15.0,0.47,10.0,0.36,15.0,0.63,10.28,0.64,25.0,0.16,0.16,43.329861,1776206651000
1776206653.627,253.627,0.37,10.28,0.36,25.0,0.53,10.0,0.64,15.0,0.47,10.0,0.36,15.0,0.63,10.28,0.64,25.0,0.16,0.16,43.32987,1776206652000
1776206654.209,254.209,0.37,10.28,0.36,25.0,0.53,10.0,0.64,15.0,0.47,10.0,0.36,15.0,0.63,10.28,0.64,25.0,0.16,0.16,43.329935,1776206653000
1776206655.71,255.71,0.37,10.28,0.36,25.0,0.53,10.0,0.64,15.0,0.47,10.0,0.36,15.0,0.63,10.28,0.64,25.0,0.16,0.16,43.328918,1776206654000
1776206656.329,256.329,0.37,10.28,0.36,25.0,0.53,10.0,0.64,15.0,0.47,10.0,0.36,15.0,0.63,10.28,0.64,25.0,0.16,0.16,43.328918,1776206655000
1776206657.049,257.049,0.37,10.28,0.36,25.0,0.53,10.0,0.64,15.0,0.47,10.0,0.36,15.0,0.63,10.28,0.64,25.0,0.16,0.16,43.328918,1776206656000
1776206658.238,258.238,0.37,10.28,0.36,25.0,0.53,10.0,0.64,15.0,0.47,10.0,0.36,15.0,0.63,10.28,0.64,25.0,0.16,0.16,43.32978,1776206657000
1776206659.325,259.325,0.37,10.28,0.36,25.0,0.53,10.0,0.64,15.0,0.47,10.0,0.36,15.0,0.63,10.28,0.64,25.0,0.16,0.16,43.330749,1776206658000
1776206660.43,260.43,0.37,10.28,0.36,25.0,0.53,10.0,0.64,15.0,0.47,10.0,0.36,15.0,0.63,10.28,0.64,25.0,0.16,0.16,43.330208,1776206659000
1776206660.748,260.748,0.5,10.0,0.49,15.0,0.67,5.56,0.73,15.0,0.47,10.0,0.36,15.0,0.63,10.28,0.64,25.0,0.17,0.16,43.330208,1776206659000
1776206662.021,262.021,0.5,10.0,0.49,15.0,0.67,5.56,0.73,15.0,0.33,5.56,0.27,15.0,0.5,10.0,0.51,15.0,0.17,0.17,43.330548,1776206661000
1776206663.138,263.138,0.5,10.0,0.49,15.0,0.67,5.56,0.73,15.0,0.33,5.56,0.27,15.0,0.5,10.0,0.51,15.0,0.17,0.17,43.334346,1776206662000
1776206664.229,264.229,0.5,10.0,0.49,15.0,0.67,5.56,0.73,15.0,0.33,5.56,0.27,15.0,0.5,10.0,0.51,15.0,0.17,0.17,43.33395,1776206663000
1776206665.251,265.251,0.5,10.0,0.49,15.0,0.67,5.56,0.73,15.0,0.33,5.56,0.27,15.0,0.5,10.0,0.51,15.0,0.17,0.17,43.334014,1776206664000
1776206665.893,265.893,0.5,10.0,0.49,15.0,0.67,5.56,0.73,15.0,0.33,5.56,0.27,15.0,0.5,10.0,0.51,15.0,0.17,0.17,43.334247,1776206665000
1776206667.784,267.784,0.5,10.0,0.49,15.0,0.67,5.56,0.73,15.0,0.33,5.56,0.27,15.0,0.5,10.0,0.51,15.0,0.17,0.17,43.334367,1776206666000
1776206668.194,268.194,0.5,10.0,0.49,15.0,0.67,5.56,0.73,15.0,0.33,5.56,0.27,15.0,0.5,10.0,0.51,15.0,0.17,0.17,43.334368,1776206667000
1776206669.463,269.463,0.5,10.0,0.49,15.0,0.67,5.56,0.73,15.0,0.33,5.56,0.27,15.0,0.5,10.0,0.51,15.0,0.17,0.17,43.334368,1776206668000
1776206669.908,269.908,0.5,10.0,0.49,15.0,0.67,5.56,0.73,15.0,0.33,5.56,0.27,15.0,0.5,10.0,0.51,15.0,0.17,0.17,43.334299,1776206669000
1776206670.97,270.97,0.5,10.0,0.49,15.0,0.67,5.56,0.73,15.0,0.33,5.56,0.27,15.0,0.5,10.0,0.51,15.0,0.17,0.17,43.3343,1776206670000
1776206672.123,272.123,0.5,10.0,0.49,15.0,0.67,5.56,0.73,15.0,0.33,5.56,0.27,15.0,0.5,10.0,0.51,15.0,0.17,0.17,43.331879,1776206671000
1776206672.972,272.972,0.5,10.0,0.49,15.0,0.67,5.56,0.73,15.0,0.33,5.56,0.27,15.0,0.5,10.0,0.51,15.0,0.17,0.17,43.331821,1776206672000
1776206674.029,274.029,0.5,10.0,0.49,15.0,0.67,5.56,0.73,15.0,0.33,5.56,0.27,15.0,0.5,10.0,0.51,15.0,0.17,0.17,43.331821,1776206673000
1776206675.183,275.183,0.5,10.0,0.49,15.0,0.67,5.56,0.73,15.0,0.33,5.56,0.27,15.0,0.5,10.0,0.51,15.0,0.17,0.17,43.331147,1776206674000
1776206676.27,276.27,0.5,10.0,0.49,15.0,0.67,5.56,0.73,15.0,0.33,5.56,0.27,15.0,0.5,10.0,0.51,15.0,0.17,0.17,43.328277,1776206675000
1776206677.319,277.319,0.5,10.0,0.49,15.0,0.67,5.56,0.73,15.0,0.33,5.56,0.27,15.0,0.5,10.0,0.51,15.0,0.17,0.17,43.327018,1776206676000
1776206678.432,278.432,0.5,10.0,0.49,15.0,0.67,5.56,0.73,15.0,0.33,5.56,0.27,15.0,0.5,10.0,0.51,15.0,0.17,0.17,43.327775,1776206677000
1776206678.942,278.942,0.5,10.0,0.49,15.0,0.67,5.56,0.73,15.0,0.33,5.56,0.27,15.0,0.5,10.0,0.51,15.0,0.17,0.17,43.327775,1776206678000
1776206679.443,279.443,0.1,307.0,0.05,100.0,0.55,6.66,0.7,10.0,0.33,5.56,0.27,15.0,0.5,10.0,0.51,15.0,0.45,0.17,43.327775,1776206678000
1776206680.043,280.043,0.1,307.0,0.05,100.0,0.55,6.66,0.7,10.0,0.45,6.66,0.3,10.0,0.9,307.0,0.95,100.0,0.45,0.45,43.328018,1776206679000
1776206681.109,281.109,0.1,307.0,0.05,100.0,0.55,6.66,0.7,10.0,0.45,6.66,0.3,10.0,0.9,307.0,0.95,100.0,0.45,0.45,43.327733,1776206680000
1776206682.126,282.126,0.1,307.0,0.05,100.0,0.55,6.66,0.7,10.0,0.45,6.66,0.3,10.0,0.9,307.0,0.95,100.0,0.45,0.45,43.327411,1776206681000
1776206683.168,283.168,0.1,307.0,0.05,100.0,0.55,6.66,0.7,10.0,0.45,6.66,0.3,10.0,0.9,307.0,0.95,100.0,0.45,0.45,43.328987,1776206682000
1776206684.262,284.262,0.1,307.0,0.05,100.0,0.55,6.66,0.7,10.0,0.45,6.66,0.3,10.0,0.9,307.0,0.95,100.0,0.45,0.45,43.328987,1776206683000
1776206685.369,285.369,0.1,307.0,0.05,100.0,0.55,6.66,0.7,10.0,0.45,6.66,0.3,10.0,0.9,307.0,0.95,100.0,0.45,0.45,43.329383,1776206684000
1776206685.956,285.956,0.1,307.0,0.05,100.0,0.55,6.66,0.7,10.0,0.45,6.66,0.3,10.0,0.9,307.0,0.95,100.0,0.45,0.45,43.329413,1776206685000
1776206687.396,287.396,0.1,307.0,0.05,100.0,0.55,6.66,0.7,10.0,0.45,6.66,0.3,10.0,0.9,307.0,0.95,100.0,0.45,0.45,43.329533,1776206686000
1776206687.916,287.916,0.1,27.11,0.05,120.0,0.13,10.0,0.55,6.66,0.86,10.0,0.45,6.66,0.9,79.43,0.95,100.0,0.03,0.04,43.329533,1776206686000
1776206688.408,288.408,0.1,23.81,0.05,120.0,0.13,10.0,0.55,6.66,0.87,10.0,0.45,6.66,0.9,27.11,0.95,120.0,0.03,0.03,43.32918,1776206687000
1776206688.632,288.632,0.1,13.58,0.05,120.0,0.13,10.0,0.55,6.66,0.87,10.0,0.45,6.66,0.9,23.81,0.95,120.0,0.03,0.03,43.32918,1776206687000
1776206689.118,289.118,0.1,13.58,0.05,120.0,0.13,10.0,0.55,6.66,0.87,10.0,0.45,6.66,0.9,13.58,0.95,120.0,0.03,0.03,43.327579,1776206688000
1776206689.926,289.926,0.1,8.58,0.05,120.0,0.13,10.0,0.55,6.66,0.87,10.0,0.45,6.66,0.9,13.58,0.95,120.0,0.03,0.03,43.327579,1776206688000
1776206690.301,290.301,0.14,18.0,0.1,8.58,0.55,6.66,0.9,100.0,0.87,10.0,0.45,6.66,0.9,8.58,0.95,120.0,0.41,0.03,43.317941,1776206689000
1776206691.082,291.082,0.14,18.0,0.1,8.58,0.55,6.66,0.9,100.0,0.45,6.66,0.1,100.0,0.86,18.0,0.9,8.58,0.41,0.41,43.310696,1776206690000
1776206691.522,291.522,0.14,18.0,0.1,8.58,0.55,6.52,0.85,100.0,0.45,6.66,0.1,100.0,0.86,18.0,0.9,8.58,0.41,0.41,43.310696,1776206690000
1776206692.069,292.069,0.14,18.0,0.1,8.58,0.55,6.52,0.85,100.0,0.45,6.52,0.15,100.0,0.86,18.0,0.9,8.58,0.41,0.41,43.309948,1776206691000
1776206692.559,292.559,0.14,9.0,0.07,14.28,0.24,10.0,0.55,6.52,0.45,6.52,0.15,100.0,0.86,18.0,0.9,8.58,0.1,0.41,43.309948,1776206691000
1776206693.084,293.084,0.07,14.28,0.05,20.0,0.24,10.0,0.55,6.52,0.76,10.0,0.45,6.52,0.93,14.28,0.95,20.0,0.17,0.17,43.310358,1776206692000
1776206693.375,293.375,0.18,8.81,0.05,20.0,0.35,10.0,0.55,6.52,0.66,10.0,0.45,6.52,0.83,8.81,0.95,20.0,0.17,0.17,43.310358,1776206692000
1776206694.077,294.077,0.18,8.81,0.05,20.0,0.35,10.0,0.55,6.52,0.65,10.0,0.45,6.52,0.82,8.81,0.95,20.0,0.17,0.17,43.310197,1776206693000
1776206695.049,295.049,0.18,8.81,0.05,20.0,0.35,10.0,0.55,6.52,0.65,10.0,0.45,6.52,0.82,8.81,0.95,20.0,0.17,0.17,43.311077,1776206694000
1776206695.538,295.538,0.05,20.0,0.02,10.0,0.55,1.12,0.85,100.0,0.65,10.0,0.45,6.52,0.82,8.81,0.95,20.0,0.5,0.17,43.311077,1776206694000
1776206696.084,296.084,0.71,8.88,0.05,20.0,0.85,100.0,0.88,10.0,0.15,100.0,0.12,10.0,0.29,8.88,0.95,20.0,0.14,0.14,43.312861,1776206695000
1776206696.471,296.471,0.54,7.61,0.05,87.0,0.71,10.0,0.98,10.0,0.15,100.0,0.12,10.0,0.29,8.88,0.95,20.0,0.17,0.14,43.312861,1776206695000
1776206697.079,297.079,0.54,7.61,0.05,87.0,0.71,10.0,0.98,10.0,0.29,10.0,0.02,10.0,0.46,7.61,0.95,87.0,0.17,0.17,43.317289,1776206696000
1776206697.416,297.416,0.05,15.72,0.02,10.0,0.98,10.0,0.99,308.0,0.02,10.0,0.01,308.0,0.95,16.87,0.98,10.0,0.93,0.93,43.317289,1776206696000
1776206698.076,298.076,0.05,5.72,0.02,10.0,0.14,10.0,0.98,10.0,0.86,10.0,0.02,10.0,0.95,5.72,0.98,10.0,0.09,0.09,43.322203,1776206697000
1776206698.453,298.453,,,,,0.01,298.28,0.26,10.0,0.86,10.0,0.02,10.0,0.95,5.72,0.98,10.0,,0.09,43.322203,1776206697000
1776206699.286,299.286,,,,,0.01,298.28,0.26,10.0,0.99,298.28,0.74,10.0,,,,,,,43.324163,1776206698000
1776206699.492,299.492,,,,,0.01,584.28,0.23,20.0,0.99,298.28,0.74,10.0,,,,,,,43.324163,1776206698000
1776206700.182,300.182,,,,,0.01,584.28,0.23,20.0,0.99,584.28,0.77,20.0,,,,,,,43.317969,1776206699000

# RESULT,winner=Down,slug=hype-updown-5m-1776206400,ticks=316
