timestamp,elapsed_sec,up_bid_p1,up_bid_s1,up_bid_p2,up_bid_s2,up_ask_p1,up_ask_s1,up_ask_p2,up_ask_s2,down_bid_p1,down_bid_s1,down_bid_p2,down_bid_s2,down_ask_p1,down_ask_s1,down_ask_p2,down_ask_s2,up_spread,down_spread,hype_price,hype_oracle_ts
1776192601.541,1.541,0.47,8.1,0.38,13.0,0.51,5.0,0.53,7.96,0.49,5.0,0.47,7.96,0.53,8.1,0.62,13.0,0.04,0.04,43.157215,1776192600000
1776192601.898,1.898,0.47,8.1,0.38,13.0,0.51,5.0,0.53,7.96,0.49,5.0,0.47,7.96,0.53,8.1,0.62,13.0,0.04,0.04,43.15934,1776192601000
1776192603.323,3.323,0.47,8.1,0.38,13.0,0.51,5.0,0.53,7.96,0.49,5.0,0.47,7.96,0.53,8.1,0.62,13.0,0.04,0.04,43.159224,1776192602000
1776192604.364,4.364,0.47,8.1,0.38,13.0,0.51,5.0,0.53,7.96,0.49,5.0,0.47,7.96,0.53,8.1,0.62,13.0,0.04,0.04,43.157185,1776192603000
1776192605.331,5.331,0.47,8.1,0.38,13.0,0.51,5.0,0.53,7.96,0.49,5.0,0.47,7.96,0.53,8.1,0.62,13.0,0.04,0.04,43.156697,1776192604000
1776192606.484,6.484,0.47,8.1,0.38,13.0,0.51,5.0,0.53,7.96,0.49,5.0,0.47,7.96,0.53,8.1,0.62,13.0,0.04,0.04,43.156173,1776192605000
1776192606.969,6.969,0.47,8.1,0.38,13.0,0.51,5.0,0.53,7.96,0.49,5.0,0.47,7.96,0.53,8.1,0.62,13.0,0.04,0.04,43.153061,1776192606000
1776192607.975,7.975,0.47,8.1,0.38,13.0,0.51,5.0,0.53,7.96,0.49,5.0,0.47,7.96,0.53,8.1,0.62,13.0,0.04,0.04,43.152757,1776192607000
1776192609.189,9.189,0.47,8.1,0.38,13.0,0.51,5.0,0.53,7.96,0.49,5.0,0.47,7.96,0.53,8.1,0.62,13.0,0.04,0.04,43.151274,1776192608000
1776192610.33,10.33,0.47,8.1,0.38,13.0,0.51,5.0,0.53,7.96,0.49,5.0,0.47,7.96,0.53,8.1,0.62,13.0,0.04,0.04,43.155665,1776192609000
1776192612.027,12.027,0.47,8.1,0.38,13.0,0.51,5.0,0.53,7.96,0.49,5.0,0.47,7.96,0.53,8.1,0.62,13.0,0.04,0.04,43.154374,1776192611000
1776192613.894,13.894,0.47,8.1,0.38,13.0,0.51,5.0,0.53,7.96,0.49,5.0,0.47,7.96,0.53,8.1,0.62,13.0,0.04,0.04,43.159345,1776192612000
1776192614.466,14.466,0.47,8.1,0.38,13.0,0.51,5.0,0.53,7.96,0.49,5.0,0.47,7.96,0.53,8.1,0.62,13.0,0.04,0.04,43.159549,1776192613000
1776192615.096,15.096,0.47,8.1,0.38,13.0,0.51,5.0,0.53,7.96,0.49,5.0,0.47,7.96,0.53,8.1,0.62,13.0,0.04,0.04,43.159703,1776192614000
1776192615.571,15.571,0.47,29.1,0.44,5.0,0.53,2.96,0.68,5.0,0.49,5.0,0.47,7.96,0.53,8.1,0.62,13.0,0.06,0.04,43.159703,1776192614000
1776192615.988,15.988,0.55,7.04,0.47,29.1,0.66,14.0,0.72,15.0,0.47,2.96,0.32,5.0,0.53,29.1,0.56,5.0,0.11,0.06,43.159703,1776192614000
1776192616.765,16.765,0.55,7.04,0.47,29.1,0.66,14.0,0.72,15.0,0.34,14.0,0.28,15.0,0.45,7.04,0.53,29.1,0.11,0.11,43.1678,1776192615000
1776192617.41,17.41,0.55,7.04,0.47,29.1,0.66,14.0,0.72,15.0,0.34,14.0,0.28,15.0,0.45,7.04,0.53,29.1,0.11,0.11,43.169396,1776192616000
1776192618.227,18.227,0.53,5.0,0.52,5.0,0.8,5.0,0.81,5.0,0.34,14.0,0.28,15.0,0.45,7.04,0.53,29.1,0.27,0.11,43.169396,1776192616000
1776192618.648,18.648,0.53,70.0,0.52,5.0,0.89,100.0,0.95,25.0,0.2,5.0,0.19,5.0,0.47,5.0,0.48,5.0,0.36,0.27,43.1723,1776192617000
1776192619.123,19.123,0.53,70.0,0.52,5.0,0.89,100.0,0.95,25.0,0.11,100.0,0.05,25.0,0.47,70.0,0.48,5.0,0.36,0.36,43.1911,1776192618000
1776192620.455,20.455,0.53,70.0,0.52,5.0,0.89,100.0,0.95,25.0,0.11,100.0,0.05,25.0,0.47,70.0,0.48,5.0,0.36,0.36,43.2216,1776192619000
1776192621.052,21.052,0.53,70.0,0.52,5.0,0.89,100.0,0.95,25.0,0.11,100.0,0.05,25.0,0.47,70.0,0.48,5.0,0.36,0.36,43.239859,1776192620000
1776192622.31,22.31,0.53,70.0,0.52,5.0,0.89,100.0,0.95,25.0,0.11,100.0,0.05,25.0,0.47,70.0,0.48,5.0,0.36,0.36,43.272902,1776192621000
1776192623.618,23.618,0.53,70.0,0.52,5.0,0.89,100.0,0.95,25.0,0.11,100.0,0.05,25.0,0.47,70.0,0.48,5.0,0.36,0.36,43.269468,1776192622000
1776192624.236,24.236,0.53,70.0,0.52,5.0,0.89,100.0,0.95,25.0,0.11,100.0,0.05,25.0,0.47,70.0,0.48,5.0,0.36,0.36,43.25977,1776192623000
1776192625.623,25.623,0.53,70.0,0.52,5.0,0.89,100.0,0.95,25.0,0.11,100.0,0.05,25.0,0.47,70.0,0.48,5.0,0.36,0.36,43.246658,1776192624000
1776192626.234,26.234,0.53,70.0,0.52,5.0,0.89,100.0,0.95,25.0,0.11,100.0,0.05,25.0,0.47,70.0,0.48,5.0,0.36,0.36,43.242388,1776192625000
1776192627.616,27.616,0.53,70.0,0.52,5.0,0.89,100.0,0.95,25.0,0.11,100.0,0.05,25.0,0.47,70.0,0.48,5.0,0.36,0.36,43.240433,1776192626000
1776192628.659,28.659,0.53,70.0,0.52,5.0,0.89,100.0,0.95,25.0,0.11,100.0,0.05,25.0,0.47,70.0,0.48,5.0,0.36,0.36,43.246526,1776192627000
1776192629.276,29.276,0.53,70.0,0.52,5.0,0.89,100.0,0.95,25.0,0.11,100.0,0.05,25.0,0.47,70.0,0.48,5.0,0.36,0.36,43.246545,1776192628000
1776192629.535,29.535,0.81,12.18,0.79,10.0,0.86,35.0,0.89,100.0,0.11,100.0,0.05,25.0,0.47,70.0,0.48,5.0,0.05,0.36,43.246545,1776192628000
1776192630.191,30.191,0.81,12.18,0.79,10.0,0.86,35.0,0.89,100.0,0.14,35.0,0.11,100.0,0.19,12.18,0.21,10.0,0.05,0.05,43.258309,1776192629000
1776192631.211,31.211,0.81,12.18,0.79,10.0,0.86,35.0,0.89,100.0,0.14,35.0,0.11,100.0,0.19,12.18,0.21,10.0,0.05,0.05,43.2661,1776192630000
1776192632.342,32.342,0.81,12.18,0.79,10.0,0.86,35.0,0.89,100.0,0.14,35.0,0.11,100.0,0.19,12.18,0.21,10.0,0.05,0.05,43.267137,1776192631000
1776192633.208,33.208,0.81,12.18,0.79,10.0,0.86,35.0,0.89,100.0,0.14,35.0,0.11,100.0,0.19,12.18,0.21,10.0,0.05,0.05,43.247424,1776192632000
1776192634.262,34.262,0.81,12.18,0.79,10.0,0.86,35.0,0.89,100.0,0.14,35.0,0.11,100.0,0.19,12.18,0.21,10.0,0.05,0.05,43.246304,1776192633000
1776192635.254,35.254,0.81,12.18,0.79,10.0,0.86,35.0,0.89,100.0,0.14,35.0,0.11,100.0,0.19,12.18,0.21,10.0,0.05,0.05,43.247234,1776192634000
1776192636.278,36.278,0.81,12.18,0.79,10.0,0.86,35.0,0.89,100.0,0.14,35.0,0.11,100.0,0.19,12.18,0.21,10.0,0.05,0.05,43.246259,1776192635000
1776192637.212,37.212,0.81,12.18,0.79,10.0,0.86,35.0,0.89,100.0,0.14,35.0,0.11,100.0,0.19,12.18,0.21,10.0,0.05,0.05,43.241953,1776192636000
1776192638.332,38.332,0.81,12.18,0.79,10.0,0.86,35.0,0.89,100.0,0.14,35.0,0.11,100.0,0.19,12.18,0.21,10.0,0.05,0.05,43.241132,1776192637000
1776192639.308,39.308,0.81,12.18,0.79,10.0,0.86,35.0,0.89,100.0,0.14,35.0,0.11,100.0,0.19,12.18,0.21,10.0,0.05,0.05,43.236421,1776192638000
1776192640.215,40.215,0.81,12.18,0.79,10.0,0.86,35.0,0.89,100.0,0.14,35.0,0.11,100.0,0.19,12.18,0.21,10.0,0.05,0.05,43.236278,1776192639000
1776192641.973,41.973,0.81,12.18,0.79,10.0,0.86,35.0,0.89,100.0,0.14,35.0,0.11,100.0,0.19,12.18,0.21,10.0,0.05,0.05,43.23345,1776192641000
1776192643.674,43.674,0.81,12.18,0.79,10.0,0.86,35.0,0.89,100.0,0.14,35.0,0.11,100.0,0.19,12.18,0.21,10.0,0.05,0.05,43.233228,1776192642000
1776192644.348,44.348,0.81,12.18,0.79,10.0,0.86,35.0,0.89,100.0,0.14,35.0,0.11,100.0,0.19,12.18,0.21,10.0,0.05,0.05,43.232185,1776192643000
1776192645.695,45.695,0.81,12.18,0.79,10.0,0.86,35.0,0.89,100.0,0.14,35.0,0.11,100.0,0.19,12.18,0.21,10.0,0.05,0.05,43.231709,1776192644000
1776192646.381,46.381,0.81,12.18,0.79,10.0,0.86,35.0,0.89,100.0,0.14,35.0,0.11,100.0,0.19,12.18,0.21,10.0,0.05,0.05,43.232564,1776192645000
1776192647.386,47.386,0.81,12.18,0.79,10.0,0.86,35.0,0.89,100.0,0.14,35.0,0.11,100.0,0.19,12.18,0.21,10.0,0.05,0.05,43.232973,1776192646000
1776192647.985,47.985,0.81,12.18,0.79,10.0,0.86,35.0,0.89,100.0,0.14,35.0,0.11,100.0,0.19,12.18,0.21,10.0,0.05,0.05,43.236984,1776192647000
1776192649.329,49.329,0.81,12.18,0.79,10.0,0.86,35.0,0.89,100.0,0.14,35.0,0.11,100.0,0.19,12.18,0.21,10.0,0.05,0.05,43.239112,1776192648000
1776192650.185,50.185,0.81,12.18,0.79,10.0,0.86,35.0,0.89,100.0,0.14,35.0,0.11,100.0,0.19,12.18,0.21,10.0,0.05,0.05,43.239112,1776192649000
1776192651.107,51.107,0.81,12.18,0.79,10.0,0.86,35.0,0.89,100.0,0.14,35.0,0.11,100.0,0.19,12.18,0.21,10.0,0.05,0.05,43.225696,1776192650000
1776192652.209,52.209,0.81,12.18,0.79,10.0,0.86,35.0,0.89,100.0,0.14,35.0,0.11,100.0,0.19,12.18,0.21,10.0,0.05,0.05,43.212584,1776192651000
1776192653.437,53.437,0.81,12.18,0.79,10.0,0.86,35.0,0.89,100.0,0.14,35.0,0.11,100.0,0.19,12.18,0.21,10.0,0.05,0.05,43.212878,1776192652000
1776192654.352,54.352,0.81,12.18,0.79,10.0,0.86,35.0,0.89,100.0,0.14,35.0,0.11,100.0,0.19,12.18,0.21,10.0,0.05,0.05,43.212878,1776192653000
1776192655.399,55.399,0.81,12.18,0.79,10.0,0.86,35.0,0.89,100.0,0.14,35.0,0.11,100.0,0.19,12.18,0.21,10.0,0.05,0.05,43.213499,1776192654000
1776192655.947,55.947,0.81,12.18,0.79,10.0,0.86,35.0,0.89,100.0,0.14,35.0,0.11,100.0,0.19,12.18,0.21,10.0,0.05,0.05,43.21382,1776192655000
1776192657.25,57.25,0.81,12.18,0.79,10.0,0.86,35.0,0.89,100.0,0.14,35.0,0.11,100.0,0.19,12.18,0.21,10.0,0.05,0.05,43.214123,1776192656000
1776192658.816,58.816,0.81,12.18,0.79,10.0,0.86,35.0,0.89,100.0,0.14,35.0,0.11,100.0,0.19,12.18,0.21,10.0,0.05,0.05,43.213582,1776192657000
1776192659.663,59.663,0.81,12.18,0.79,10.0,0.86,35.0,0.89,100.0,0.14,35.0,0.11,100.0,0.19,12.18,0.21,10.0,0.05,0.05,43.212171,1776192658000
1776192660.329,60.329,0.81,12.18,0.79,10.0,0.86,35.0,0.89,100.0,0.14,35.0,0.11,100.0,0.19,12.18,0.21,10.0,0.05,0.05,43.214722,1776192659000
1776192661.608,61.608,0.81,12.18,0.79,10.0,0.86,35.0,0.89,100.0,0.14,35.0,0.11,100.0,0.19,12.18,0.21,10.0,0.05,0.05,43.220411,1776192660000
1776192662.195,62.195,0.81,12.18,0.79,10.0,0.86,35.0,0.89,100.0,0.14,35.0,0.11,100.0,0.19,12.18,0.21,10.0,0.05,0.05,43.210375,1776192661000
1776192662.715,62.715,0.59,15.0,0.58,22.0,0.78,12.0,0.82,15.0,0.14,35.0,0.11,100.0,0.19,12.18,0.21,10.0,0.19,0.05,43.210375,1776192661000
1776192663.576,63.576,0.59,15.0,0.58,22.0,0.78,12.0,0.82,15.0,0.22,12.0,0.18,15.0,0.41,15.0,0.42,22.0,0.19,0.19,43.204068,1776192662000
1776192664.196,64.196,0.59,15.0,0.58,22.0,0.78,12.0,0.82,15.0,0.22,12.0,0.18,15.0,0.41,15.0,0.42,22.0,0.19,0.19,43.217926,1776192663000
1776192665.569,65.569,0.59,15.0,0.58,22.0,0.78,12.0,0.82,15.0,0.22,12.0,0.18,15.0,0.41,15.0,0.42,22.0,0.19,0.19,43.239858,1776192664000
1776192666.213,66.213,0.59,15.0,0.58,22.0,0.78,12.0,0.82,15.0,0.22,12.0,0.18,15.0,0.41,15.0,0.42,22.0,0.19,0.19,43.2475,1776192665000
1776192667.686,67.686,0.59,15.0,0.58,22.0,0.78,12.0,0.82,15.0,0.22,12.0,0.18,15.0,0.41,15.0,0.42,22.0,0.19,0.19,43.249202,1776192666000
1776192668.158,68.158,0.59,15.0,0.58,22.0,0.78,12.0,0.82,15.0,0.22,12.0,0.18,15.0,0.41,15.0,0.42,22.0,0.19,0.19,43.250006,1776192667000
1776192669.507,69.507,0.59,15.0,0.58,22.0,0.78,12.0,0.82,15.0,0.22,12.0,0.18,15.0,0.41,15.0,0.42,22.0,0.19,0.19,43.251948,1776192668000
1776192670.182,70.182,0.59,15.0,0.58,22.0,0.78,12.0,0.82,15.0,0.22,12.0,0.18,15.0,0.41,15.0,0.42,22.0,0.19,0.19,43.250389,1776192669000
1776192671.443,71.443,0.59,15.0,0.58,22.0,0.78,12.0,0.82,15.0,0.22,12.0,0.18,15.0,0.41,15.0,0.42,22.0,0.19,0.19,43.248637,1776192670000
1776192672.228,72.228,0.59,15.0,0.58,22.0,0.78,12.0,0.82,15.0,0.22,12.0,0.18,15.0,0.41,15.0,0.42,22.0,0.19,0.19,43.246962,1776192671000
1776192673.398,73.398,0.59,15.0,0.58,22.0,0.78,12.0,0.82,15.0,0.22,12.0,0.18,15.0,0.41,15.0,0.42,22.0,0.19,0.19,43.231489,1776192672000
1776192674.129,74.129,0.59,15.0,0.58,22.0,0.78,12.0,0.82,15.0,0.22,12.0,0.18,15.0,0.41,15.0,0.42,22.0,0.19,0.19,43.230105,1776192673000
1776192675.694,75.694,0.59,15.0,0.58,22.0,0.78,12.0,0.82,15.0,0.22,12.0,0.18,15.0,0.41,15.0,0.42,22.0,0.19,0.19,43.230343,1776192674000
1776192676.375,76.375,0.59,15.0,0.58,22.0,0.78,12.0,0.82,15.0,0.22,12.0,0.18,15.0,0.41,15.0,0.42,22.0,0.19,0.19,43.230883,1776192675000
1776192677.317,77.317,0.59,15.0,0.58,22.0,0.78,12.0,0.82,15.0,0.22,12.0,0.18,15.0,0.41,15.0,0.42,22.0,0.19,0.19,43.230663,1776192676000
1776192678.487,78.487,0.59,15.0,0.58,22.0,0.78,12.0,0.82,15.0,0.22,12.0,0.18,15.0,0.41,15.0,0.42,22.0,0.19,0.19,43.231529,1776192677000
1776192679.133,79.133,0.59,15.0,0.58,22.0,0.78,12.0,0.82,15.0,0.22,12.0,0.18,15.0,0.41,15.0,0.42,22.0,0.19,0.19,43.231421,1776192678000
1776192680.233,80.233,0.59,15.0,0.58,22.0,0.78,12.0,0.82,15.0,0.22,12.0,0.18,15.0,0.41,15.0,0.42,22.0,0.19,0.19,43.230051,1776192679000
1776192681.283,81.283,0.59,15.0,0.58,22.0,0.78,12.0,0.82,15.0,0.22,12.0,0.18,15.0,0.41,15.0,0.42,22.0,0.19,0.19,43.226214,1776192680000
1776192682.497,82.497,0.59,15.0,0.58,22.0,0.78,12.0,0.82,15.0,0.22,12.0,0.18,15.0,0.41,15.0,0.42,22.0,0.19,0.19,43.225131,1776192681000
1776192683.099,83.099,0.59,15.0,0.58,22.0,0.78,12.0,0.82,15.0,0.22,12.0,0.18,15.0,0.41,15.0,0.42,22.0,0.19,0.19,43.221267,1776192682000
1776192684.158,84.158,0.59,15.0,0.58,22.0,0.78,12.0,0.82,15.0,0.22,12.0,0.18,15.0,0.41,15.0,0.42,22.0,0.19,0.19,43.217202,1776192683000
1776192685.26,85.26,0.59,15.0,0.58,22.0,0.78,12.0,0.82,15.0,0.22,12.0,0.18,15.0,0.41,15.0,0.42,22.0,0.19,0.19,43.218952,1776192684000
1776192686.382,86.382,0.59,15.0,0.58,22.0,0.78,12.0,0.82,15.0,0.22,12.0,0.18,15.0,0.41,15.0,0.42,22.0,0.19,0.19,43.222696,1776192685000
1776192686.934,86.934,0.59,15.0,0.58,22.0,0.78,12.0,0.82,15.0,0.22,12.0,0.18,15.0,0.41,15.0,0.42,22.0,0.19,0.19,43.231351,1776192686000
1776192688.027,88.027,0.59,15.0,0.58,22.0,0.78,12.0,0.82,15.0,0.22,12.0,0.18,15.0,0.41,15.0,0.42,22.0,0.19,0.19,43.233014,1776192687000
1776192689.096,89.096,0.59,15.0,0.58,22.0,0.78,12.0,0.82,15.0,0.22,12.0,0.18,15.0,0.41,15.0,0.42,22.0,0.19,0.19,43.2339,1776192688000
1776192690.125,90.125,0.59,15.0,0.58,22.0,0.78,12.0,0.82,15.0,0.22,12.0,0.18,15.0,0.41,15.0,0.42,22.0,0.19,0.19,43.2339,1776192689000
1776192690.907,90.907,0.73,10.0,0.72,15.0,0.83,13.68,0.84,15.0,0.22,12.0,0.18,15.0,0.41,15.0,0.42,22.0,0.1,0.19,43.2339,1776192689000
1776192691.51,91.51,0.73,10.0,0.72,15.0,0.83,13.68,0.84,15.0,0.17,13.68,0.16,15.0,0.27,10.0,0.28,15.0,0.1,0.1,43.2348,1776192690000
1776192692.038,92.038,0.73,10.0,0.72,15.0,0.83,13.68,0.84,15.0,0.17,13.68,0.16,15.0,0.27,10.0,0.28,15.0,0.1,0.1,43.2348,1776192691000
1776192693.208,93.208,0.73,10.0,0.72,15.0,0.83,13.68,0.84,15.0,0.17,13.68,0.16,15.0,0.27,10.0,0.28,15.0,0.1,0.1,43.233648,1776192692000
1776192694.419,94.419,0.73,10.0,0.72,15.0,0.83,13.68,0.84,15.0,0.17,13.68,0.16,15.0,0.27,10.0,0.28,15.0,0.1,0.1,43.238405,1776192693000
1776192695.089,95.089,0.73,10.0,0.72,15.0,0.83,13.68,0.84,15.0,0.17,13.68,0.16,15.0,0.27,10.0,0.28,15.0,0.1,0.1,43.240355,1776192694000
1776192696.1,96.1,0.73,10.0,0.72,15.0,0.83,13.68,0.84,15.0,0.17,13.68,0.16,15.0,0.27,10.0,0.28,15.0,0.1,0.1,43.249417,1776192695000
1776192697.154,97.154,0.73,10.0,0.72,15.0,0.83,13.68,0.84,15.0,0.17,13.68,0.16,15.0,0.27,10.0,0.28,15.0,0.1,0.1,43.250914,1776192696000
1776192698.262,98.262,0.73,10.0,0.72,15.0,0.83,13.68,0.84,15.0,0.17,13.68,0.16,15.0,0.27,10.0,0.28,15.0,0.1,0.1,43.2523,1776192697000
1776192699.527,99.527,0.73,10.0,0.72,15.0,0.83,13.68,0.84,15.0,0.17,13.68,0.16,15.0,0.27,10.0,0.28,15.0,0.1,0.1,43.262097,1776192698000
1776192700.003,100.003,0.73,10.0,0.72,15.0,0.83,13.68,0.84,15.0,0.17,13.68,0.16,15.0,0.27,10.0,0.28,15.0,0.1,0.1,43.262701,1776192699000
1776192701.199,101.199,0.73,10.0,0.72,15.0,0.83,13.68,0.84,15.0,0.17,13.68,0.16,15.0,0.27,10.0,0.28,15.0,0.1,0.1,43.262621,1776192700000
1776192702.353,102.353,0.73,10.0,0.72,15.0,0.83,13.68,0.84,15.0,0.17,13.68,0.16,15.0,0.27,10.0,0.28,15.0,0.1,0.1,43.265342,1776192701000
1776192703.684,103.684,0.73,10.0,0.72,15.0,0.83,13.68,0.84,15.0,0.17,13.68,0.16,15.0,0.27,10.0,0.28,15.0,0.1,0.1,43.260157,1776192702000
1776192704.224,104.224,0.73,10.0,0.72,15.0,0.83,13.68,0.84,15.0,0.17,13.68,0.16,15.0,0.27,10.0,0.28,15.0,0.1,0.1,43.255681,1776192703000
1776192705.187,105.187,0.73,10.0,0.72,15.0,0.83,13.68,0.84,15.0,0.17,13.68,0.16,15.0,0.27,10.0,0.28,15.0,0.1,0.1,43.256008,1776192704000
1776192706.214,106.214,0.73,10.0,0.72,15.0,0.83,13.68,0.84,15.0,0.17,13.68,0.16,15.0,0.27,10.0,0.28,15.0,0.1,0.1,43.254724,1776192705000
1776192707.217,107.217,0.73,10.0,0.72,15.0,0.83,13.68,0.84,15.0,0.17,13.68,0.16,15.0,0.27,10.0,0.28,15.0,0.1,0.1,43.253928,1776192706000
1776192708.318,108.318,0.73,10.0,0.72,15.0,0.83,13.68,0.84,15.0,0.17,13.68,0.16,15.0,0.27,10.0,0.28,15.0,0.1,0.1,43.25473,1776192707000
1776192709.478,109.478,0.73,10.0,0.72,15.0,0.83,13.68,0.84,15.0,0.17,13.68,0.16,15.0,0.27,10.0,0.28,15.0,0.1,0.1,43.251907,1776192708000
1776192710.018,110.018,0.73,10.0,0.72,15.0,0.83,13.68,0.84,15.0,0.17,13.68,0.16,15.0,0.27,10.0,0.28,15.0,0.1,0.1,43.251907,1776192709000
1776192710.992,110.992,0.73,10.0,0.72,15.0,0.83,13.68,0.84,15.0,0.17,13.68,0.16,15.0,0.27,10.0,0.28,15.0,0.1,0.1,43.2587,1776192710000
1776192712.113,112.113,0.73,10.0,0.72,15.0,0.83,13.68,0.84,15.0,0.17,13.68,0.16,15.0,0.27,10.0,0.28,15.0,0.1,0.1,43.262031,1776192711000
1776192713.146,113.146,0.73,10.0,0.72,15.0,0.83,13.68,0.84,15.0,0.17,13.68,0.16,15.0,0.27,10.0,0.28,15.0,0.1,0.1,43.263147,1776192712000
1776192714.181,114.181,0.73,10.0,0.72,15.0,0.83,13.68,0.84,15.0,0.17,13.68,0.16,15.0,0.27,10.0,0.28,15.0,0.1,0.1,43.272074,1776192713000
1776192715.215,115.215,0.73,10.0,0.72,15.0,0.83,13.68,0.84,15.0,0.17,13.68,0.16,15.0,0.27,10.0,0.28,15.0,0.1,0.1,43.276932,1776192714000
1776192716.234,116.234,0.73,10.0,0.72,15.0,0.83,13.68,0.84,15.0,0.17,13.68,0.16,15.0,0.27,10.0,0.28,15.0,0.1,0.1,43.285425,1776192715000
1776192717.238,117.238,0.73,10.0,0.72,15.0,0.83,13.68,0.84,15.0,0.17,13.68,0.16,15.0,0.27,10.0,0.28,15.0,0.1,0.1,43.287373,1776192716000
1776192718.819,118.819,0.73,10.0,0.72,15.0,0.83,13.68,0.84,15.0,0.17,13.68,0.16,15.0,0.27,10.0,0.28,15.0,0.1,0.1,43.287327,1776192717000
1776192719.414,119.414,0.73,10.0,0.72,15.0,0.83,13.68,0.84,15.0,0.17,13.68,0.16,15.0,0.27,10.0,0.28,15.0,0.1,0.1,43.287327,1776192718000
1776192720.004,120.004,0.73,10.0,0.72,15.0,0.83,13.68,0.84,15.0,0.17,13.68,0.16,15.0,0.27,10.0,0.28,15.0,0.1,0.1,43.287033,1776192719000
1776192720.932,120.932,0.73,10.0,0.72,15.0,0.83,13.68,0.84,15.0,0.17,13.68,0.16,15.0,0.27,10.0,0.28,15.0,0.1,0.1,43.290035,1776192720000
1776192721.53,121.53,0.91,15.0,0.9,20.0,0.95,10.0,0.96,15.0,0.17,13.68,0.16,15.0,0.27,10.0,0.28,15.0,0.04,0.1,43.290035,1776192720000
1776192722.093,122.093,0.91,15.0,0.9,20.0,0.95,10.0,0.96,15.0,0.05,10.0,0.04,15.0,0.09,15.0,0.1,20.0,0.04,0.04,43.289607,1776192721000
1776192723.127,123.127,0.91,15.0,0.9,20.0,0.95,10.0,0.96,15.0,0.05,10.0,0.04,15.0,0.09,15.0,0.1,20.0,0.04,0.04,43.290041,1776192722000
1776192724.312,124.312,0.91,15.0,0.9,20.0,0.95,10.0,0.96,15.0,0.05,10.0,0.04,15.0,0.09,15.0,0.1,20.0,0.04,0.04,43.290187,1776192723000
1776192725.251,125.251,0.91,15.0,0.9,20.0,0.95,10.0,0.96,15.0,0.05,10.0,0.04,15.0,0.09,15.0,0.1,20.0,0.04,0.04,43.289951,1776192724000
1776192726.252,126.252,0.91,15.0,0.9,20.0,0.95,10.0,0.96,15.0,0.05,10.0,0.04,15.0,0.09,15.0,0.1,20.0,0.04,0.04,43.287852,1776192725000
1776192727.285,127.285,0.91,15.0,0.9,20.0,0.95,10.0,0.96,15.0,0.05,10.0,0.04,15.0,0.09,15.0,0.1,20.0,0.04,0.04,43.28365,1776192726000
1776192728.423,128.423,0.91,15.0,0.9,20.0,0.95,10.0,0.96,15.0,0.05,10.0,0.04,15.0,0.09,15.0,0.1,20.0,0.04,0.04,43.279184,1776192727000
1776192728.905,128.905,0.91,15.0,0.9,20.0,0.95,10.0,0.96,15.0,0.05,10.0,0.04,15.0,0.09,15.0,0.1,20.0,0.04,0.04,43.276166,1776192728000
1776192729.977,129.977,0.91,15.0,0.9,20.0,0.95,10.0,0.96,15.0,0.05,10.0,0.04,15.0,0.09,15.0,0.1,20.0,0.04,0.04,43.274089,1776192729000
1776192730.888,130.888,0.91,15.0,0.9,20.0,0.95,10.0,0.96,15.0,0.05,10.0,0.04,15.0,0.09,15.0,0.1,20.0,0.04,0.04,43.2746,1776192730000
1776192732.368,132.368,0.91,15.0,0.9,20.0,0.95,10.0,0.96,15.0,0.05,10.0,0.04,15.0,0.09,15.0,0.1,20.0,0.04,0.04,43.276981,1776192731000
1776192732.895,132.895,0.91,15.0,0.9,20.0,0.95,10.0,0.96,15.0,0.05,10.0,0.04,15.0,0.09,15.0,0.1,20.0,0.04,0.04,43.279122,1776192732000
1776192733.882,133.882,0.91,15.0,0.9,20.0,0.95,10.0,0.96,15.0,0.05,10.0,0.04,15.0,0.09,15.0,0.1,20.0,0.04,0.04,43.280439,1776192733000
1776192735.025,135.025,0.91,15.0,0.9,20.0,0.95,10.0,0.96,15.0,0.05,10.0,0.04,15.0,0.09,15.0,0.1,20.0,0.04,0.04,43.28182,1776192734000
1776192736.087,136.087,0.91,15.0,0.9,20.0,0.95,10.0,0.96,15.0,0.05,10.0,0.04,15.0,0.09,15.0,0.1,20.0,0.04,0.04,43.2852,1776192735000
1776192737.028,137.028,0.91,15.0,0.9,20.0,0.95,10.0,0.96,15.0,0.05,10.0,0.04,15.0,0.09,15.0,0.1,20.0,0.04,0.04,43.290153,1776192736000
1776192737.927,137.927,0.91,15.0,0.9,20.0,0.95,10.0,0.96,15.0,0.05,10.0,0.04,15.0,0.09,15.0,0.1,20.0,0.04,0.04,43.2908,1776192737000
1776192738.947,138.947,0.91,15.0,0.9,20.0,0.95,10.0,0.96,15.0,0.05,10.0,0.04,15.0,0.09,15.0,0.1,20.0,0.04,0.04,43.289449,1776192738000
1776192739.971,139.971,0.91,15.0,0.9,20.0,0.95,10.0,0.96,15.0,0.05,10.0,0.04,15.0,0.09,15.0,0.1,20.0,0.04,0.04,43.287919,1776192739000
1776192740.986,140.986,0.91,15.0,0.9,20.0,0.95,10.0,0.96,15.0,0.05,10.0,0.04,15.0,0.09,15.0,0.1,20.0,0.04,0.04,43.288577,1776192740000
1776192742.033,142.033,0.91,15.0,0.9,20.0,0.95,10.0,0.96,15.0,0.05,10.0,0.04,15.0,0.09,15.0,0.1,20.0,0.04,0.04,43.288489,1776192741000
1776192743.124,143.124,0.91,15.0,0.9,20.0,0.95,10.0,0.96,15.0,0.05,10.0,0.04,15.0,0.09,15.0,0.1,20.0,0.04,0.04,43.288032,1776192742000
1776192744.048,144.048,0.91,15.0,0.9,20.0,0.95,10.0,0.96,15.0,0.05,10.0,0.04,15.0,0.09,15.0,0.1,20.0,0.04,0.04,43.286706,1776192743000
1776192745.708,145.708,0.91,15.0,0.9,20.0,0.95,10.0,0.96,15.0,0.05,10.0,0.04,15.0,0.09,15.0,0.1,20.0,0.04,0.04,43.286994,1776192744000
1776192746.313,146.313,0.91,15.0,0.9,20.0,0.95,10.0,0.96,15.0,0.05,10.0,0.04,15.0,0.09,15.0,0.1,20.0,0.04,0.04,43.286219,1776192745000
1776192747.199,147.199,0.91,15.0,0.9,20.0,0.95,10.0,0.96,15.0,0.05,10.0,0.04,15.0,0.09,15.0,0.1,20.0,0.04,0.04,43.283015,1776192746000
1776192748.294,148.294,0.91,15.0,0.9,20.0,0.95,10.0,0.96,15.0,0.05,10.0,0.04,15.0,0.09,15.0,0.1,20.0,0.04,0.04,43.281,1776192747000
1776192749.273,149.273,0.91,15.0,0.9,20.0,0.95,10.0,0.96,15.0,0.05,10.0,0.04,15.0,0.09,15.0,0.1,20.0,0.04,0.04,43.2812,1776192748000
1776192750.226,150.226,0.91,15.0,0.9,20.0,0.95,10.0,0.96,15.0,0.05,10.0,0.04,15.0,0.09,15.0,0.1,20.0,0.04,0.04,43.284394,1776192749000
1776192751.204,151.204,0.91,15.0,0.9,20.0,0.95,10.0,0.96,15.0,0.05,10.0,0.04,15.0,0.09,15.0,0.1,20.0,0.04,0.04,43.286123,1776192750000
1776192752.332,152.332,0.91,15.0,0.9,20.0,0.95,10.0,0.96,15.0,0.05,10.0,0.04,15.0,0.09,15.0,0.1,20.0,0.04,0.04,43.289175,1776192751000
1776192753.364,153.364,0.91,15.0,0.9,20.0,0.95,10.0,0.96,15.0,0.05,10.0,0.04,15.0,0.09,15.0,0.1,20.0,0.04,0.04,43.29773,1776192752000
1776192754.017,154.017,0.91,15.0,0.9,20.0,0.95,10.0,0.96,15.0,0.05,10.0,0.04,15.0,0.09,15.0,0.1,20.0,0.04,0.04,43.298905,1776192753000
1776192754.979,154.979,0.91,15.0,0.9,20.0,0.95,10.0,0.96,15.0,0.05,10.0,0.04,15.0,0.09,15.0,0.1,20.0,0.04,0.04,43.3011,1776192754000
1776192755.997,155.997,0.91,15.0,0.9,20.0,0.95,10.0,0.96,15.0,0.05,10.0,0.04,15.0,0.09,15.0,0.1,20.0,0.04,0.04,43.303137,1776192755000
1776192757.012,157.012,0.91,15.0,0.9,20.0,0.95,10.0,0.96,15.0,0.05,10.0,0.04,15.0,0.09,15.0,0.1,20.0,0.04,0.04,43.303086,1776192756000
1776192757.445,157.445,0.96,15.0,0.95,15.0,0.97,9.33,0.98,5.0,0.05,10.0,0.04,15.0,0.09,15.0,0.1,20.0,0.01,0.04,43.303086,1776192756000
1776192758.119,158.119,0.96,15.0,0.95,15.0,0.97,9.33,0.98,5.0,0.03,9.33,0.02,5.0,0.04,15.0,0.05,15.0,0.01,0.01,43.30601,1776192757000
1776192759.11,159.11,0.96,15.0,0.95,15.0,0.97,9.33,0.98,5.0,0.03,9.33,0.02,5.0,0.04,15.0,0.05,15.0,0.01,0.01,43.311794,1776192758000
1776192759.588,159.588,0.97,10.67,0.96,15.0,0.98,5.0,0.99,235.0,0.03,9.33,0.02,5.0,0.04,15.0,0.05,15.0,0.01,0.01,43.311794,1776192758000
1776192760.261,160.261,0.97,10.67,0.96,15.0,0.98,5.0,0.99,235.0,0.02,5.0,0.01,235.0,0.03,10.67,0.04,15.0,0.01,0.01,43.316459,1776192759000
1776192760.493,160.493,0.98,5.67,0.97,15.0,0.99,235.0,,,0.02,5.0,0.01,235.0,0.03,10.67,0.04,15.0,0.01,0.01,43.316459,1776192759000
1776192761.281,161.281,0.98,5.67,0.97,15.0,0.99,235.0,,,0.01,235.0,,,0.02,5.67,0.03,15.0,0.01,0.01,43.316499,1776192760000
1776192762.33,162.33,0.96,15.0,0.95,15.0,0.99,219.33,,,0.01,219.33,,,0.04,15.0,0.05,15.0,0.03,0.03,43.314475,1776192761000
1776192763.486,163.486,0.96,15.0,0.95,15.0,0.99,219.33,,,0.01,219.33,,,0.04,15.0,0.05,15.0,0.03,0.03,43.307479,1776192762000
1776192764.045,164.045,0.96,15.0,0.95,15.0,0.99,219.33,,,0.01,219.33,,,0.04,15.0,0.05,15.0,0.03,0.03,43.305953,1776192763000
1776192765.093,165.093,0.95,15.0,0.94,15.0,0.98,5.0,0.99,219.33,0.02,5.0,0.01,219.33,0.05,15.0,0.06,15.0,0.03,0.03,43.301262,1776192764000
1776192766.077,166.077,0.95,15.0,0.94,15.0,0.98,5.0,0.99,219.33,0.02,5.0,0.01,219.33,0.05,15.0,0.06,15.0,0.03,0.03,43.298783,1776192765000
1776192767.043,167.043,0.95,15.0,0.94,15.0,0.98,5.0,0.99,219.33,0.02,5.0,0.01,219.33,0.05,15.0,0.06,15.0,0.03,0.03,43.292715,1776192766000
1776192768.127,168.127,0.94,15.0,0.93,15.0,0.97,13.96,0.98,5.0,0.03,13.96,0.02,5.0,0.06,15.0,0.07,15.0,0.03,0.03,43.289778,1776192767000
1776192769.098,169.098,0.94,15.0,0.93,15.0,0.97,13.96,0.98,5.0,0.03,13.96,0.02,5.0,0.06,15.0,0.07,15.0,0.03,0.03,43.288698,1776192768000
1776192770.19,170.19,0.94,15.0,0.93,15.0,0.97,13.96,0.98,5.0,0.03,13.96,0.02,5.0,0.06,15.0,0.07,15.0,0.03,0.03,43.288851,1776192769000
1776192771.174,171.174,0.94,15.0,0.93,15.0,0.97,13.96,0.98,5.0,0.03,13.96,0.02,5.0,0.06,15.0,0.07,15.0,0.03,0.03,43.288444,1776192770000
1776192773.228,173.228,0.94,15.0,0.93,15.0,0.97,13.96,0.98,5.0,0.03,13.96,0.02,5.0,0.06,15.0,0.07,15.0,0.03,0.03,43.288445,1776192771000
1776192773.577,173.577,0.94,15.0,0.93,15.0,0.97,13.96,0.98,5.0,0.03,13.96,0.02,5.0,0.06,15.0,0.07,15.0,0.03,0.03,43.287274,1776192772000
1776192774.309,174.309,0.94,15.0,0.93,15.0,0.97,13.96,0.98,5.0,0.03,13.96,0.02,5.0,0.06,15.0,0.07,15.0,0.03,0.03,43.28656,1776192773000
1776192775.502,175.502,0.94,15.0,0.93,15.0,0.97,13.96,0.98,5.0,0.03,13.96,0.02,5.0,0.06,15.0,0.07,15.0,0.03,0.03,43.282333,1776192774000
1776192776.276,176.276,0.94,15.0,0.93,15.0,0.97,13.96,0.98,5.0,0.03,13.96,0.02,5.0,0.06,15.0,0.07,15.0,0.03,0.03,43.281247,1776192775000
1776192777.089,177.089,0.94,15.0,0.93,15.0,0.97,13.96,0.98,5.0,0.03,13.96,0.02,5.0,0.06,15.0,0.07,15.0,0.03,0.03,43.279086,1776192776000
1776192778.286,178.286,0.94,15.0,0.93,15.0,0.97,13.96,0.98,5.0,0.03,13.96,0.02,5.0,0.06,15.0,0.07,15.0,0.03,0.03,43.278429,1776192777000
1776192779.654,179.654,0.94,15.0,0.93,15.0,0.97,13.96,0.98,5.0,0.03,13.96,0.02,5.0,0.06,15.0,0.07,15.0,0.03,0.03,43.277786,1776192778000
1776192780.37,180.37,0.94,15.0,0.93,15.0,0.97,13.96,0.98,5.0,0.03,13.96,0.02,5.0,0.06,15.0,0.07,15.0,0.03,0.03,43.279552,1776192779000
1776192780.976,180.976,0.94,15.0,0.93,15.0,0.97,13.96,0.98,5.0,0.03,13.96,0.02,5.0,0.06,15.0,0.07,15.0,0.03,0.03,43.279552,1776192780000
1776192782.422,182.422,0.94,15.0,0.93,15.0,0.97,13.96,0.98,5.0,0.03,13.96,0.02,5.0,0.06,15.0,0.07,15.0,0.03,0.03,43.2838,1776192781000
1776192783.09,183.09,0.94,15.0,0.93,15.0,0.97,13.96,0.98,5.0,0.03,13.96,0.02,5.0,0.06,15.0,0.07,15.0,0.03,0.03,43.286671,1776192782000
1776192783.873,183.873,0.96,15.0,0.95,15.0,0.99,232.16,,,0.03,13.96,0.02,5.0,0.06,15.0,0.07,15.0,0.03,0.03,43.286671,1776192782000
1776192784.535,184.535,0.96,15.0,0.95,15.0,0.99,232.16,,,0.01,232.16,,,0.04,15.0,0.05,15.0,0.03,0.03,43.2894,1776192783000
1776192785.241,185.241,0.96,15.0,0.95,15.0,0.99,232.16,,,0.01,232.16,,,0.04,15.0,0.05,15.0,0.03,0.03,43.2894,1776192784000
1776192786.944,186.944,0.96,15.0,0.95,15.0,0.99,232.16,,,0.01,232.16,,,0.04,15.0,0.05,15.0,0.03,0.03,43.2881,1776192785000
1776192787.628,187.628,0.97,15.0,0.96,15.0,0.99,202.16,,,0.01,232.16,,,0.04,15.0,0.05,15.0,0.02,0.03,43.2881,1776192785000
1776192788.418,188.418,0.97,15.0,0.96,15.0,0.99,202.16,,,0.01,202.16,,,0.03,15.0,0.04,15.0,0.02,0.02,43.287319,1776192787000
1776192788.978,188.978,0.97,15.0,0.96,15.0,0.99,202.16,,,0.01,202.16,,,0.03,15.0,0.04,15.0,0.02,0.02,43.286744,1776192788000
1776192790.933,190.933,0.97,15.0,0.96,15.0,0.99,202.16,,,0.01,202.16,,,0.03,15.0,0.04,15.0,0.02,0.02,43.285307,1776192789000
1776192791.411,191.411,0.97,15.0,0.96,15.0,0.99,202.16,,,0.01,202.16,,,0.03,15.0,0.04,15.0,0.02,0.02,43.285307,1776192790000
1776192791.902,191.902,0.97,15.0,0.96,15.0,0.99,202.16,,,0.01,202.16,,,0.03,15.0,0.04,15.0,0.02,0.02,43.285788,1776192791000
1776192793.05,193.05,0.97,15.0,0.96,15.0,0.99,202.16,,,0.01,202.16,,,0.03,15.0,0.04,15.0,0.02,0.02,43.28816,1776192792000
1776192794.135,194.135,0.97,15.0,0.96,15.0,0.99,202.16,,,0.01,202.16,,,0.03,15.0,0.04,15.0,0.02,0.02,43.2893,1776192793000
1776192795.157,195.157,0.97,15.0,0.96,15.0,0.99,202.16,,,0.01,202.16,,,0.03,15.0,0.04,15.0,0.02,0.02,43.289414,1776192794000
1776192796.189,196.189,0.97,15.0,0.96,15.0,0.99,202.16,,,0.01,202.16,,,0.03,15.0,0.04,15.0,0.02,0.02,43.288706,1776192795000
1776192797.362,197.362,0.97,15.0,0.96,15.0,0.99,202.16,,,0.01,202.16,,,0.03,15.0,0.04,15.0,0.02,0.02,43.286962,1776192796000
1776192798.475,198.475,0.97,15.0,0.96,15.0,0.99,202.16,,,0.01,202.16,,,0.03,15.0,0.04,15.0,0.02,0.02,43.286511,1776192797000
1776192798.891,198.891,0.97,15.0,0.96,15.0,0.99,202.16,,,0.01,202.16,,,0.03,15.0,0.04,15.0,0.02,0.02,43.286511,1776192798000
1776192800.009,200.009,0.97,15.0,0.96,15.0,0.99,202.16,,,0.01,202.16,,,0.03,15.0,0.04,15.0,0.02,0.02,43.286191,1776192799000
1776192800.92,200.92,0.97,15.0,0.96,15.0,0.99,202.16,,,0.01,202.16,,,0.03,15.0,0.04,15.0,0.02,0.02,43.285911,1776192800000
1776192802.002,202.002,0.97,15.0,0.96,15.0,0.99,202.16,,,0.01,202.16,,,0.03,15.0,0.04,15.0,0.02,0.02,43.284301,1776192801000
1776192803.022,203.022,0.97,15.0,0.96,15.0,0.99,202.16,,,0.01,202.16,,,0.03,15.0,0.04,15.0,0.02,0.02,43.284263,1776192802000
1776192804.652,204.652,0.97,15.0,0.96,15.0,0.99,202.16,,,0.01,202.16,,,0.03,15.0,0.04,15.0,0.02,0.02,43.28078,1776192803000
1776192805.148,205.148,0.97,15.0,0.96,15.0,0.99,202.16,,,0.01,202.16,,,0.03,15.0,0.04,15.0,0.02,0.02,43.276001,1776192804000
1776192806.291,206.291,0.97,15.0,0.96,15.0,0.99,202.16,,,0.01,202.16,,,0.03,15.0,0.04,15.0,0.02,0.02,43.273161,1776192805000
1776192806.941,206.941,0.97,15.0,0.96,15.0,0.99,202.16,,,0.01,202.16,,,0.03,15.0,0.04,15.0,0.02,0.02,43.271714,1776192806000
1776192808.053,208.053,0.97,15.0,0.96,15.0,0.99,202.16,,,0.01,202.16,,,0.03,15.0,0.04,15.0,0.02,0.02,43.2755,1776192807000
1776192809.135,209.135,0.97,15.0,0.96,15.0,0.99,202.16,,,0.01,202.16,,,0.03,15.0,0.04,15.0,0.02,0.02,43.294583,1776192808000
1776192810.43,210.43,0.97,15.0,0.96,15.0,0.99,202.16,,,0.01,202.16,,,0.03,15.0,0.04,15.0,0.02,0.02,43.3136,1776192809000
1776192811.049,211.049,0.97,15.0,0.96,15.0,0.99,202.16,,,0.01,202.16,,,0.03,15.0,0.04,15.0,0.02,0.02,43.3136,1776192810000
1776192811.393,211.393,0.98,15.0,0.97,15.0,0.99,177.06,,,0.01,182.11,,,0.02,15.0,0.03,15.0,0.01,0.01,43.3136,1776192810000
1776192812.111,212.111,0.98,15.0,0.97,15.0,0.99,177.06,,,0.01,177.06,,,0.02,15.0,0.03,15.0,0.01,0.01,43.315319,1776192811000
1776192812.895,212.895,0.98,15.0,0.97,15.0,0.99,169.52,,,0.01,177.06,,,0.02,15.0,0.03,15.0,0.01,0.01,43.315319,1776192811000
1776192813.242,213.242,0.98,15.0,0.97,15.0,0.99,169.52,,,0.01,169.52,,,0.02,15.0,0.03,15.0,0.01,0.01,43.309527,1776192812000
1776192814.62,214.62,0.98,15.0,0.97,15.0,0.99,169.52,,,0.01,169.52,,,0.02,15.0,0.03,15.0,0.01,0.01,43.304472,1776192813000
1776192815.29,215.29,0.98,15.0,0.97,15.0,0.99,169.52,,,0.01,169.52,,,0.02,15.0,0.03,15.0,0.01,0.01,43.304494,1776192814000
1776192816.304,216.304,0.98,15.0,0.97,15.0,0.99,169.52,,,0.01,169.52,,,0.02,15.0,0.03,15.0,0.01,0.01,43.304894,1776192815000
1776192817.422,217.422,0.98,15.0,0.97,15.0,0.99,169.52,,,0.01,169.52,,,0.02,15.0,0.03,15.0,0.01,0.01,43.307651,1776192816000
1776192817.944,217.944,0.98,15.0,0.97,15.0,0.99,169.52,,,0.01,169.52,,,0.02,15.0,0.03,15.0,0.01,0.01,43.308037,1776192817000
1776192819.727,219.727,0.98,15.0,0.97,15.0,0.99,169.52,,,0.01,169.52,,,0.02,15.0,0.03,15.0,0.01,0.01,43.312292,1776192818000
1776192820.285,220.285,0.98,15.0,0.97,15.0,0.99,169.52,,,0.01,169.52,,,0.02,15.0,0.03,15.0,0.01,0.01,43.312272,1776192819000
1776192821.397,221.397,0.98,15.0,0.97,15.0,0.99,169.52,,,0.01,169.52,,,0.02,15.0,0.03,15.0,0.01,0.01,43.315896,1776192820000
1776192821.986,221.986,0.98,15.0,0.97,15.0,0.99,169.52,,,0.01,169.52,,,0.02,15.0,0.03,15.0,0.01,0.01,43.315896,1776192821000
1776192823.054,223.054,0.98,15.0,0.97,15.0,0.99,169.52,,,0.01,169.52,,,0.02,15.0,0.03,15.0,0.01,0.01,43.318953,1776192822000
1776192824.163,224.163,0.98,15.0,0.97,15.0,0.99,169.52,,,0.01,169.52,,,0.02,15.0,0.03,15.0,0.01,0.01,43.319209,1776192823000
1776192825.301,225.301,0.98,15.0,0.97,15.0,0.99,169.52,,,0.01,169.52,,,0.02,15.0,0.03,15.0,0.01,0.01,43.31053,1776192824000
1776192826.373,226.373,0.98,15.0,0.97,15.0,0.99,169.52,,,0.01,169.52,,,0.02,15.0,0.03,15.0,0.01,0.01,43.309148,1776192825000
1776192827.419,227.419,0.98,15.0,0.97,15.0,0.99,169.52,,,0.01,169.52,,,0.02,15.0,0.03,15.0,0.01,0.01,43.307729,1776192826000
1776192828.04,228.04,0.98,15.0,0.97,15.0,0.99,169.52,,,0.01,169.52,,,0.02,15.0,0.03,15.0,0.01,0.01,43.305071,1776192827000
1776192829.135,229.135,0.98,15.0,0.97,15.0,0.99,169.52,,,0.01,169.52,,,0.02,15.0,0.03,15.0,0.01,0.01,43.304952,1776192828000
1776192830.233,230.233,0.98,15.0,0.97,15.0,0.99,169.52,,,0.01,169.52,,,0.02,15.0,0.03,15.0,0.01,0.01,43.305767,1776192829000
1776192831.434,231.434,0.98,15.0,0.97,15.0,0.99,169.52,,,0.01,169.52,,,0.02,15.0,0.03,15.0,0.01,0.01,43.307438,1776192830000
1776192832.137,232.137,0.98,15.0,0.97,15.0,0.99,169.52,,,0.01,169.52,,,0.02,15.0,0.03,15.0,0.01,0.01,43.308035,1776192831000
1776192833.133,233.133,0.98,15.0,0.97,15.0,0.99,169.52,,,0.01,169.52,,,0.02,15.0,0.03,15.0,0.01,0.01,43.307914,1776192832000
1776192834.392,234.392,0.98,15.0,0.97,15.0,0.99,169.52,,,0.01,169.52,,,0.02,15.0,0.03,15.0,0.01,0.01,43.307532,1776192833000
1776192835.152,235.152,0.98,15.0,0.97,15.0,0.99,169.52,,,0.01,169.52,,,0.02,15.0,0.03,15.0,0.01,0.01,43.30622,1776192834000
1776192836.938,236.938,0.98,15.0,0.97,15.0,0.99,169.52,,,0.01,169.52,,,0.02,15.0,0.03,15.0,0.01,0.01,43.305756,1776192835000
1776192837.597,237.597,0.98,15.0,0.97,15.0,0.99,169.52,,,0.01,169.52,,,0.02,15.0,0.03,15.0,0.01,0.01,43.307149,1776192836000
1776192838.588,238.588,0.98,15.0,0.97,15.0,0.99,169.52,,,0.01,169.52,,,0.02,15.0,0.03,15.0,0.01,0.01,43.307285,1776192837000
1776192838.9,238.9,0.98,15.0,0.97,15.0,0.99,136.19,,,0.01,169.52,,,0.02,15.0,0.03,15.0,0.01,0.01,43.307285,1776192837000
1776192839.449,239.449,0.98,15.0,0.97,15.0,0.99,136.19,,,0.01,136.19,,,0.02,15.0,0.03,15.0,0.01,0.01,43.307379,1776192838000
1776192840.155,240.155,0.98,15.0,0.97,15.0,0.99,136.19,,,0.01,136.19,,,0.02,15.0,0.03,15.0,0.01,0.01,43.307252,1776192839000
1776192841.495,241.495,0.98,15.0,0.97,15.0,0.99,136.19,,,0.01,136.19,,,0.02,15.0,0.03,15.0,0.01,0.01,43.30755,1776192840000
1776192842.215,242.215,0.98,15.0,0.97,15.0,0.99,136.19,,,0.01,136.19,,,0.02,15.0,0.03,15.0,0.01,0.01,43.307617,1776192841000
1776192844.118,244.118,0.98,15.0,0.97,15.0,0.99,136.19,,,0.01,136.19,,,0.02,15.0,0.03,15.0,0.01,0.01,43.307412,1776192842000
1776192844.693,244.693,0.98,15.0,0.97,15.0,0.99,129.11,,,0.01,136.19,,,0.02,15.0,0.03,15.0,0.01,0.01,43.307412,1776192842000
1776192845.182,245.182,0.98,15.0,0.97,15.0,0.99,129.11,,,0.01,129.11,,,0.02,15.0,0.03,15.0,0.01,0.01,43.30707,1776192843000
1776192845.986,245.986,0.98,15.0,0.97,15.0,0.99,129.11,,,0.01,129.11,,,0.02,15.0,0.03,15.0,0.01,0.01,43.307165,1776192844000
1776192847.052,247.052,0.98,15.0,0.97,15.0,0.99,129.11,,,0.01,129.11,,,0.02,15.0,0.03,15.0,0.01,0.01,43.307092,1776192845000
1776192848.075,248.075,0.98,15.0,0.97,15.0,0.99,129.11,,,0.01,129.11,,,0.02,15.0,0.03,15.0,0.01,0.01,43.301534,1776192846000
1776192849.07,249.07,0.98,15.0,0.97,15.0,0.99,129.11,,,0.01,129.11,,,0.02,15.0,0.03,15.0,0.01,0.01,43.298451,1776192847000
1776192850.031,250.031,0.98,15.0,0.97,15.0,0.99,129.11,,,0.01,129.11,,,0.02,15.0,0.03,15.0,0.01,0.01,43.298067,1776192848000
1776192850.841,250.841,0.98,15.0,0.97,15.0,0.99,129.11,,,0.01,129.11,,,0.02,15.0,0.03,15.0,0.01,0.01,43.298294,1776192849000
1776192851.547,251.547,0.98,15.0,0.97,15.0,0.99,129.11,,,0.01,129.11,,,0.02,15.0,0.03,15.0,0.01,0.01,43.294202,1776192850000
1776192852.338,252.338,0.98,15.0,0.97,15.0,0.99,129.11,,,0.01,129.11,,,0.02,15.0,0.03,15.0,0.01,0.01,43.291786,1776192851000
1776192853.159,253.159,0.98,15.0,0.97,15.0,0.99,129.11,,,0.01,129.11,,,0.02,15.0,0.03,15.0,0.01,0.01,43.291783,1776192852000
1776192854.676,254.676,0.98,15.0,0.97,15.0,0.99,126.07,,,0.01,126.07,,,0.02,15.0,0.03,15.0,0.01,0.01,43.292155,1776192853000
1776192855.771,255.771,0.98,15.0,0.97,15.0,0.99,121.07,,,0.01,121.07,,,0.02,15.0,0.03,15.0,0.01,0.01,43.292659,1776192854000
1776192856.545,256.545,0.98,15.0,0.97,15.0,0.99,121.07,,,0.01,121.07,,,0.02,15.0,0.03,15.0,0.01,0.01,43.292504,1776192855000
1776192857.329,257.329,0.98,15.0,0.97,15.0,0.99,121.07,,,0.01,121.07,,,0.02,15.0,0.03,15.0,0.01,0.01,43.292341,1776192856000
1776192858.822,258.822,0.98,15.0,0.97,15.0,0.99,121.07,,,0.01,121.07,,,0.02,15.0,0.03,15.0,0.01,0.01,43.288536,1776192857000
1776192859.585,259.585,0.98,15.0,0.97,15.0,0.99,121.07,,,0.01,121.07,,,0.02,15.0,0.03,15.0,0.01,0.01,43.280629,1776192858000
1776192860.334,260.334,0.98,15.0,0.97,15.0,0.99,121.07,,,0.01,121.07,,,0.02,15.0,0.03,15.0,0.01,0.01,43.280555,1776192859000
1776192861.56,261.56,0.98,15.0,0.97,15.0,0.99,121.07,,,0.01,121.07,,,0.02,15.0,0.03,15.0,0.01,0.01,43.280487,1776192860000
1776192862.147,262.147,0.98,15.0,0.97,15.0,0.99,121.07,,,0.01,121.07,,,0.02,15.0,0.03,15.0,0.01,0.01,43.280408,1776192861000
1776192863.465,263.465,0.98,15.0,0.97,15.0,0.99,121.07,,,0.01,121.07,,,0.02,15.0,0.03,15.0,0.01,0.01,43.287226,1776192862000
1776192864.159,264.159,0.98,15.0,0.97,15.0,0.99,121.07,,,0.01,121.07,,,0.02,15.0,0.03,15.0,0.01,0.01,43.290956,1776192863000
1776192864.842,264.842,0.98,15.0,0.97,15.0,0.99,109.0,,,0.01,121.07,,,0.02,15.0,0.03,15.0,0.01,0.01,43.290956,1776192863000
1776192865.376,265.376,0.98,15.0,0.97,15.0,0.99,98.9,,,0.01,109.0,,,0.02,15.0,0.03,15.0,0.01,0.01,43.290956,1776192863000
1776192866.146,266.146,0.98,15.0,0.97,15.0,0.99,98.9,,,0.01,98.9,,,0.02,15.0,0.03,15.0,0.01,0.01,43.294796,1776192865000
1776192867.042,267.042,0.98,15.0,0.97,15.0,0.99,98.9,,,0.01,98.9,,,0.02,15.0,0.03,15.0,0.01,0.01,43.295598,1776192866000
1776192868.585,268.585,0.98,15.0,0.97,15.0,0.99,98.9,,,0.01,98.9,,,0.02,15.0,0.03,15.0,0.01,0.01,43.293903,1776192867000
1776192869.411,269.411,0.98,15.0,0.97,15.0,0.99,98.9,,,0.01,98.9,,,0.02,15.0,0.03,15.0,0.01,0.01,43.291781,1776192868000
1776192870.077,270.077,0.98,15.0,0.97,15.0,0.99,98.9,,,0.01,98.9,,,0.02,15.0,0.03,15.0,0.01,0.01,43.28896,1776192869000
1776192870.537,270.537,0.98,15.0,0.97,15.0,0.99,78.46,,,0.01,83.51,,,0.02,15.0,0.03,15.0,0.01,0.01,43.28896,1776192869000
1776192871.498,271.498,0.99,941.74,0.98,15.0,,,,,0.01,58.26,,,0.02,15.0,0.03,15.0,,0.01,43.28896,1776192869000
1776192872.187,272.187,0.99,941.74,0.98,15.0,,,,,,,,,0.01,941.74,0.02,15.0,,,43.289157,1776192871000
1776192873.904,273.904,0.99,941.74,0.98,15.0,,,,,,,,,0.01,941.74,0.02,15.0,,,43.288306,1776192872000
1776192874.711,274.711,0.99,941.74,0.98,15.0,,,,,,,,,0.01,941.74,0.02,15.0,,,43.286791,1776192873000
1776192875.287,275.287,0.99,941.74,0.98,15.0,,,,,,,,,0.01,941.74,0.02,15.0,,,43.286791,1776192874000
1776192876.714,276.714,0.99,941.74,0.98,15.0,,,,,,,,,0.01,941.74,0.02,15.0,,,43.289411,1776192875000
1776192877.272,277.272,0.99,941.74,0.98,15.0,,,,,,,,,0.01,941.74,0.02,15.0,,,43.28925,1776192876000
1776192878.674,278.674,0.99,941.74,0.98,15.0,,,,,,,,,0.01,941.74,0.02,15.0,,,43.287564,1776192877000
1776192879.726,279.726,0.99,941.74,0.98,15.0,,,,,,,,,0.01,941.74,0.02,15.0,,,43.288168,1776192878000
1776192880.488,280.488,0.99,941.74,0.98,15.0,,,,,,,,,0.01,941.74,0.02,15.0,,,43.275024,1776192879000
1776192881.241,281.241,0.99,941.74,0.98,15.0,,,,,,,,,0.01,941.74,0.02,15.0,,,43.274031,1776192880000
1776192882.6,282.6,0.99,941.74,0.98,15.0,,,,,,,,,0.01,941.74,0.02,15.0,,,43.259516,1776192881000
1776192883.272,283.272,0.99,941.74,0.98,15.0,,,,,,,,,0.01,941.74,0.02,15.0,,,43.259483,1776192882000
1776192884.546,284.546,0.99,941.74,0.98,15.0,,,,,,,,,0.01,941.74,0.02,15.0,,,43.26,1776192883000
1776192885.373,285.373,0.99,941.74,0.98,15.0,,,,,,,,,0.01,941.74,0.02,15.0,,,43.26,1776192884000
1776192886.067,286.067,0.99,941.74,0.98,15.0,,,,,,,,,0.01,941.74,0.02,15.0,,,43.257265,1776192885000
1776192887.483,287.483,0.99,941.74,0.98,15.0,,,,,,,,,0.01,941.74,0.02,15.0,,,43.249522,1776192886000
1776192888.137,288.137,0.99,941.74,0.98,15.0,,,,,,,,,0.01,941.74,0.02,15.0,,,43.237836,1776192887000
1776192889.497,289.497,0.99,941.74,0.98,15.0,,,,,,,,,0.01,941.74,0.02,15.0,,,43.23353,1776192888000
1776192890.184,290.184,0.99,941.74,0.98,15.0,,,,,,,,,0.01,941.74,0.02,15.0,,,43.223069,1776192889000
1776192891.949,291.949,0.99,941.74,0.98,15.0,,,,,,,,,0.01,941.74,0.02,15.0,,,43.220857,1776192890000
1776192892.328,292.328,0.99,941.74,0.98,15.0,,,,,,,,,0.01,941.74,0.02,15.0,,,43.220857,1776192891000
1776192893.331,293.331,0.99,941.74,0.98,15.0,,,,,,,,,0.01,941.74,0.02,15.0,,,43.221464,1776192892000
1776192894.339,294.339,0.99,941.74,0.98,15.0,,,,,,,,,0.01,941.74,0.02,15.0,,,43.217302,1776192893000
1776192895.232,295.232,0.99,941.74,0.98,15.0,,,,,,,,,0.01,941.74,0.02,15.0,,,43.212212,1776192894000
1776192896.213,296.213,0.99,1044.3,0.89,5.0,,,,,,,,,0.01,1044.3,0.11,5.0,,,43.2166,1776192895000
1776192897.127,297.127,0.99,1044.3,0.89,5.0,,,,,,,,,0.01,1044.3,0.11,5.0,,,43.2211,1776192896000
1776192898.228,298.228,0.99,1044.3,0.89,5.0,,,,,,,,,0.01,1044.3,0.11,5.0,,,43.231386,1776192897000
1776192899.186,299.186,0.99,1044.3,0.89,5.0,,,,,,,,,0.01,1044.3,0.11,5.0,,,43.23146,1776192898000
1776192900.201,300.201,0.99,1044.3,0.89,5.0,,,,,,,,,0.01,1044.3,0.11,5.0,,,43.2294,1776192899000

# RESULT,winner=Up,slug=hype-updown-5m-1776192600,ticks=315
