timestamp,elapsed_sec,up_bid_p1,up_bid_s1,up_bid_p2,up_bid_s2,up_bid_p3,up_bid_s3,up_bid_p4,up_bid_s4,up_bid_p5,up_bid_s5,up_ask_p1,up_ask_s1,up_ask_p2,up_ask_s2,up_ask_p3,up_ask_s3,up_ask_p4,up_ask_s4,up_ask_p5,up_ask_s5,down_bid_p1,down_bid_s1,down_bid_p2,down_bid_s2,down_bid_p3,down_bid_s3,down_bid_p4,down_bid_s4,down_bid_p5,down_bid_s5,down_ask_p1,down_ask_s1,down_ask_p2,down_ask_s2,down_ask_p3,down_ask_s3,down_ask_p4,down_ask_s4,down_ask_p5,down_ask_s5,up_spread,down_spread,hype_price,hype_oracle_ts
1776163500.513,0.513,0.51,9.8,0.41,13.0,0.4,8.0,0.39,8.0,0.38,8.0,0.59,13.0,0.6,8.0,0.61,8.0,0.62,8.0,0.63,9.0,0.48,5.0,0.47,31.0,0.46,41.0,0.45,45.0,0.44,80.0,0.49,9.8,0.52,5.0,0.53,31.0,0.54,41.0,0.55,45.0,0.08,0.01,44.867934,1776163499000
1776163501.485,1.485,0.51,9.8,0.41,13.0,0.4,8.0,0.39,8.0,0.38,8.0,0.59,13.0,0.6,8.0,0.61,8.0,0.62,8.0,0.63,9.0,0.41,13.0,0.4,8.0,0.39,8.0,0.38,8.0,0.37,9.0,0.49,9.8,0.59,13.0,0.6,8.0,0.61,8.0,0.62,8.0,0.08,0.08,44.867476,1776163500000
1776163502.062,2.062,0.51,9.8,0.41,13.0,0.4,8.0,0.39,8.0,0.38,8.0,0.59,13.0,0.6,8.0,0.61,8.0,0.62,8.0,0.63,9.0,0.41,13.0,0.4,8.0,0.39,8.0,0.38,8.0,0.37,9.0,0.49,9.8,0.59,13.0,0.6,8.0,0.61,8.0,0.62,8.0,0.08,0.08,44.868076,1776163501000
1776163503.223,3.223,0.51,9.8,0.41,13.0,0.4,8.0,0.39,8.0,0.38,8.0,0.59,13.0,0.6,8.0,0.61,8.0,0.62,8.0,0.63,9.0,0.41,13.0,0.4,8.0,0.39,8.0,0.38,8.0,0.37,9.0,0.49,9.8,0.59,13.0,0.6,8.0,0.61,8.0,0.62,8.0,0.08,0.08,44.868374,1776163502000
1776163504.232,4.232,0.51,9.8,0.41,13.0,0.4,8.0,0.39,8.0,0.38,8.0,0.59,13.0,0.6,8.0,0.61,8.0,0.62,8.0,0.63,9.0,0.41,13.0,0.4,8.0,0.39,8.0,0.38,8.0,0.37,9.0,0.49,9.8,0.59,13.0,0.6,8.0,0.61,8.0,0.62,8.0,0.08,0.08,44.869644,1776163503000
1776163505.82,5.82,0.51,9.8,0.41,13.0,0.4,8.0,0.39,8.0,0.38,8.0,0.59,13.0,0.6,8.0,0.61,8.0,0.62,8.0,0.63,9.0,0.41,13.0,0.4,8.0,0.39,8.0,0.38,8.0,0.37,9.0,0.49,9.8,0.59,13.0,0.6,8.0,0.61,8.0,0.62,8.0,0.08,0.08,44.872824,1776163504000
1776163506.351,6.351,0.51,9.8,0.41,13.0,0.4,8.0,0.39,8.0,0.38,8.0,0.59,13.0,0.6,8.0,0.61,8.0,0.62,8.0,0.63,9.0,0.41,13.0,0.4,8.0,0.39,8.0,0.38,8.0,0.37,9.0,0.49,9.8,0.59,13.0,0.6,8.0,0.61,8.0,0.62,8.0,0.08,0.08,44.873028,1776163505000
1776163507.526,7.526,0.51,9.8,0.41,13.0,0.4,8.0,0.39,8.0,0.38,8.0,0.59,13.0,0.6,8.0,0.61,8.0,0.62,8.0,0.63,9.0,0.41,13.0,0.4,8.0,0.39,8.0,0.38,8.0,0.37,9.0,0.49,9.8,0.59,13.0,0.6,8.0,0.61,8.0,0.62,8.0,0.08,0.08,44.872931,1776163506000
1776163508.127,8.127,0.51,9.8,0.41,13.0,0.4,8.0,0.39,8.0,0.38,8.0,0.59,13.0,0.6,8.0,0.61,8.0,0.62,8.0,0.63,9.0,0.41,13.0,0.4,8.0,0.39,8.0,0.38,8.0,0.37,9.0,0.49,9.8,0.59,13.0,0.6,8.0,0.61,8.0,0.62,8.0,0.08,0.08,44.872931,1776163507000
1776163509.284,9.284,0.51,9.8,0.41,13.0,0.4,8.0,0.39,8.0,0.38,8.0,0.59,13.0,0.6,8.0,0.61,8.0,0.62,8.0,0.63,9.0,0.41,13.0,0.4,8.0,0.39,8.0,0.38,8.0,0.37,9.0,0.49,9.8,0.59,13.0,0.6,8.0,0.61,8.0,0.62,8.0,0.08,0.08,44.874612,1776163508000
1776163510.098,10.098,0.51,9.8,0.41,13.0,0.4,8.0,0.39,8.0,0.38,8.0,0.59,13.0,0.6,8.0,0.61,8.0,0.62,8.0,0.63,9.0,0.41,13.0,0.4,8.0,0.39,8.0,0.38,8.0,0.37,9.0,0.49,9.8,0.59,13.0,0.6,8.0,0.61,8.0,0.62,8.0,0.08,0.08,44.877339,1776163509000
1776163511.17,11.17,0.51,9.8,0.41,13.0,0.4,8.0,0.39,8.0,0.38,8.0,0.59,13.0,0.6,8.0,0.61,8.0,0.62,8.0,0.63,9.0,0.41,13.0,0.4,8.0,0.39,8.0,0.38,8.0,0.37,9.0,0.49,9.8,0.59,13.0,0.6,8.0,0.61,8.0,0.62,8.0,0.08,0.08,44.876741,1776163510000
1776163512.332,12.332,0.51,9.8,0.41,13.0,0.4,8.0,0.39,8.0,0.38,8.0,0.59,13.0,0.6,8.0,0.61,8.0,0.62,8.0,0.63,9.0,0.41,13.0,0.4,8.0,0.39,8.0,0.38,8.0,0.37,9.0,0.49,9.8,0.59,13.0,0.6,8.0,0.61,8.0,0.62,8.0,0.08,0.08,44.876862,1776163511000
1776163513.538,13.538,0.51,9.8,0.41,13.0,0.4,8.0,0.39,8.0,0.38,8.0,0.59,13.0,0.6,8.0,0.61,8.0,0.62,8.0,0.63,9.0,0.41,13.0,0.4,8.0,0.39,8.0,0.38,8.0,0.37,9.0,0.49,9.8,0.59,13.0,0.6,8.0,0.61,8.0,0.62,8.0,0.08,0.08,44.876783,1776163512000
1776163514.085,14.085,0.51,9.8,0.41,13.0,0.4,8.0,0.39,8.0,0.38,8.0,0.59,13.0,0.6,8.0,0.61,8.0,0.62,8.0,0.63,9.0,0.41,13.0,0.4,8.0,0.39,8.0,0.38,8.0,0.37,9.0,0.49,9.8,0.59,13.0,0.6,8.0,0.61,8.0,0.62,8.0,0.08,0.08,44.877082,1776163513000
1776163515.147,15.147,0.51,9.8,0.41,13.0,0.4,8.0,0.39,8.0,0.38,8.0,0.59,13.0,0.6,8.0,0.61,8.0,0.62,8.0,0.63,9.0,0.41,13.0,0.4,8.0,0.39,8.0,0.38,8.0,0.37,9.0,0.49,9.8,0.59,13.0,0.6,8.0,0.61,8.0,0.62,8.0,0.08,0.08,44.876739,1776163514000
1776163516.433,16.433,0.51,9.8,0.41,13.0,0.4,8.0,0.39,8.0,0.38,8.0,0.59,13.0,0.6,8.0,0.61,8.0,0.62,8.0,0.63,9.0,0.41,13.0,0.4,8.0,0.39,8.0,0.38,8.0,0.37,9.0,0.49,9.8,0.59,13.0,0.6,8.0,0.61,8.0,0.62,8.0,0.08,0.08,44.87644,1776163515000
1776163517.38,17.38,0.51,9.8,0.41,13.0,0.4,8.0,0.39,8.0,0.38,8.0,0.59,13.0,0.6,8.0,0.61,8.0,0.62,8.0,0.63,9.0,0.41,13.0,0.4,8.0,0.39,8.0,0.38,8.0,0.37,9.0,0.49,9.8,0.59,13.0,0.6,8.0,0.61,8.0,0.62,8.0,0.08,0.08,44.876436,1776163516000
1776163517.969,17.969,0.51,9.8,0.41,13.0,0.4,8.0,0.39,8.0,0.38,8.0,0.59,13.0,0.6,8.0,0.61,8.0,0.62,8.0,0.63,9.0,0.41,13.0,0.4,8.0,0.39,8.0,0.38,8.0,0.37,9.0,0.49,9.8,0.59,13.0,0.6,8.0,0.61,8.0,0.62,8.0,0.08,0.08,44.876438,1776163517000
1776163519.084,19.084,0.51,9.8,0.41,13.0,0.4,8.0,0.39,8.0,0.38,8.0,0.59,13.0,0.6,8.0,0.61,8.0,0.62,8.0,0.63,9.0,0.41,13.0,0.4,8.0,0.39,8.0,0.38,8.0,0.37,9.0,0.49,9.8,0.59,13.0,0.6,8.0,0.61,8.0,0.62,8.0,0.08,0.08,44.877252,1776163518000
1776163520.23,20.23,0.51,9.8,0.41,13.0,0.4,8.0,0.39,8.0,0.38,8.0,0.59,13.0,0.6,8.0,0.61,8.0,0.62,8.0,0.63,9.0,0.41,13.0,0.4,8.0,0.39,8.0,0.38,8.0,0.37,9.0,0.49,9.8,0.59,13.0,0.6,8.0,0.61,8.0,0.62,8.0,0.08,0.08,44.877683,1776163519000
1776163521.285,21.285,0.51,9.8,0.41,13.0,0.4,8.0,0.39,8.0,0.38,8.0,0.59,13.0,0.6,8.0,0.61,8.0,0.62,8.0,0.63,9.0,0.41,13.0,0.4,8.0,0.39,8.0,0.38,8.0,0.37,9.0,0.49,9.8,0.59,13.0,0.6,8.0,0.61,8.0,0.62,8.0,0.08,0.08,44.879899,1776163520000
1776163522.45,22.45,0.51,9.8,0.41,13.0,0.4,8.0,0.39,8.0,0.38,8.0,0.59,13.0,0.6,8.0,0.61,8.0,0.62,8.0,0.63,9.0,0.41,13.0,0.4,8.0,0.39,8.0,0.38,8.0,0.37,9.0,0.49,9.8,0.59,13.0,0.6,8.0,0.61,8.0,0.62,8.0,0.08,0.08,44.882589,1776163521000
1776163523.068,23.068,0.51,9.8,0.41,13.0,0.4,8.0,0.39,8.0,0.38,8.0,0.59,13.0,0.6,8.0,0.61,8.0,0.62,8.0,0.63,9.0,0.41,13.0,0.4,8.0,0.39,8.0,0.38,8.0,0.37,9.0,0.49,9.8,0.59,13.0,0.6,8.0,0.61,8.0,0.62,8.0,0.08,0.08,44.886807,1776163522000
1776163524.506,24.506,0.51,9.8,0.41,13.0,0.4,8.0,0.39,8.0,0.38,8.0,0.59,13.0,0.6,8.0,0.61,8.0,0.62,8.0,0.63,9.0,0.41,13.0,0.4,8.0,0.39,8.0,0.38,8.0,0.37,9.0,0.49,9.8,0.59,13.0,0.6,8.0,0.61,8.0,0.62,8.0,0.08,0.08,44.893297,1776163523000
1776163525.094,25.094,0.51,9.8,0.41,13.0,0.4,8.0,0.39,8.0,0.38,8.0,0.59,13.0,0.6,8.0,0.61,8.0,0.62,8.0,0.63,9.0,0.41,13.0,0.4,8.0,0.39,8.0,0.38,8.0,0.37,9.0,0.49,9.8,0.59,13.0,0.6,8.0,0.61,8.0,0.62,8.0,0.08,0.08,44.888135,1776163524000
1776163526.058,26.058,0.51,9.8,0.41,13.0,0.4,8.0,0.39,8.0,0.38,8.0,0.59,13.0,0.6,8.0,0.61,8.0,0.62,8.0,0.63,9.0,0.41,13.0,0.4,8.0,0.39,8.0,0.38,8.0,0.37,9.0,0.49,9.8,0.59,13.0,0.6,8.0,0.61,8.0,0.62,8.0,0.08,0.08,44.884009,1776163525000
1776163527.042,27.042,0.51,9.8,0.41,13.0,0.4,8.0,0.39,8.0,0.38,8.0,0.59,13.0,0.6,8.0,0.61,8.0,0.62,8.0,0.63,9.0,0.41,13.0,0.4,8.0,0.39,8.0,0.38,8.0,0.37,9.0,0.49,9.8,0.59,13.0,0.6,8.0,0.61,8.0,0.62,8.0,0.08,0.08,44.884557,1776163526000
1776163527.987,27.987,0.51,9.8,0.41,13.0,0.4,8.0,0.39,8.0,0.38,8.0,0.59,13.0,0.6,8.0,0.61,8.0,0.62,8.0,0.63,9.0,0.41,13.0,0.4,8.0,0.39,8.0,0.38,8.0,0.37,9.0,0.49,9.8,0.59,13.0,0.6,8.0,0.61,8.0,0.62,8.0,0.08,0.08,44.884857,1776163527000
1776163529.075,29.075,0.51,9.8,0.41,13.0,0.4,8.0,0.39,8.0,0.38,8.0,0.59,13.0,0.6,8.0,0.61,8.0,0.62,8.0,0.63,9.0,0.41,13.0,0.4,8.0,0.39,8.0,0.38,8.0,0.37,9.0,0.49,9.8,0.59,13.0,0.6,8.0,0.61,8.0,0.62,8.0,0.08,0.08,44.884857,1776163528000
1776163529.981,29.981,0.51,9.8,0.41,13.0,0.4,8.0,0.39,8.0,0.38,8.0,0.59,13.0,0.6,8.0,0.61,8.0,0.62,8.0,0.63,9.0,0.41,13.0,0.4,8.0,0.39,8.0,0.38,8.0,0.37,9.0,0.49,9.8,0.59,13.0,0.6,8.0,0.61,8.0,0.62,8.0,0.08,0.08,44.884858,1776163529000
1776163531.004,31.004,0.51,9.8,0.41,13.0,0.4,8.0,0.39,8.0,0.38,8.0,0.59,13.0,0.6,8.0,0.61,8.0,0.62,8.0,0.63,9.0,0.41,13.0,0.4,8.0,0.39,8.0,0.38,8.0,0.37,9.0,0.49,9.8,0.59,13.0,0.6,8.0,0.61,8.0,0.62,8.0,0.08,0.08,44.884858,1776163530000
1776163531.924,31.924,0.51,9.8,0.41,13.0,0.4,8.0,0.39,8.0,0.38,8.0,0.59,13.0,0.6,8.0,0.61,8.0,0.62,8.0,0.63,9.0,0.41,13.0,0.4,8.0,0.39,8.0,0.38,8.0,0.37,9.0,0.49,9.8,0.59,13.0,0.6,8.0,0.61,8.0,0.62,8.0,0.08,0.08,44.887471,1776163531000
1776163532.937,32.937,0.51,9.8,0.41,13.0,0.4,8.0,0.39,8.0,0.38,8.0,0.59,13.0,0.6,8.0,0.61,8.0,0.62,8.0,0.63,9.0,0.41,13.0,0.4,8.0,0.39,8.0,0.38,8.0,0.37,9.0,0.49,9.8,0.59,13.0,0.6,8.0,0.61,8.0,0.62,8.0,0.08,0.08,44.887038,1776163532000
1776163533.939,33.939,0.51,9.8,0.41,13.0,0.4,8.0,0.39,8.0,0.38,8.0,0.59,13.0,0.6,8.0,0.61,8.0,0.62,8.0,0.63,9.0,0.41,13.0,0.4,8.0,0.39,8.0,0.38,8.0,0.37,9.0,0.49,9.8,0.59,13.0,0.6,8.0,0.61,8.0,0.62,8.0,0.08,0.08,44.894986,1776163533000
1776163535.047,35.047,0.51,9.8,0.41,13.0,0.4,8.0,0.39,8.0,0.38,8.0,0.59,13.0,0.6,8.0,0.61,8.0,0.62,8.0,0.63,9.0,0.41,13.0,0.4,8.0,0.39,8.0,0.38,8.0,0.37,9.0,0.49,9.8,0.59,13.0,0.6,8.0,0.61,8.0,0.62,8.0,0.08,0.08,44.897207,1776163534000
1776163536.012,36.012,0.51,9.8,0.41,13.0,0.4,8.0,0.39,8.0,0.38,8.0,0.59,13.0,0.6,8.0,0.61,8.0,0.62,8.0,0.63,9.0,0.41,13.0,0.4,8.0,0.39,8.0,0.38,8.0,0.37,9.0,0.49,9.8,0.59,13.0,0.6,8.0,0.61,8.0,0.62,8.0,0.08,0.08,44.896643,1776163535000
1776163537.484,37.484,0.51,9.8,0.41,13.0,0.4,8.0,0.39,8.0,0.38,8.0,0.59,13.0,0.6,8.0,0.61,8.0,0.62,8.0,0.63,9.0,0.41,13.0,0.4,8.0,0.39,8.0,0.38,8.0,0.37,9.0,0.49,9.8,0.59,13.0,0.6,8.0,0.61,8.0,0.62,8.0,0.08,0.08,44.899303,1776163536000
1776163538.077,38.077,0.51,9.8,0.41,13.0,0.4,8.0,0.39,8.0,0.38,8.0,0.59,13.0,0.6,8.0,0.61,8.0,0.62,8.0,0.63,9.0,0.41,13.0,0.4,8.0,0.39,8.0,0.38,8.0,0.37,9.0,0.49,9.8,0.59,13.0,0.6,8.0,0.61,8.0,0.62,8.0,0.08,0.08,44.899356,1776163537000
1776163538.907,38.907,0.51,9.8,0.41,13.0,0.4,8.0,0.39,8.0,0.38,8.0,0.59,13.0,0.6,8.0,0.61,8.0,0.62,8.0,0.63,9.0,0.41,13.0,0.4,8.0,0.39,8.0,0.38,8.0,0.37,9.0,0.49,9.8,0.59,13.0,0.6,8.0,0.61,8.0,0.62,8.0,0.08,0.08,44.899356,1776163538000
1776163539.877,39.877,0.51,9.8,0.41,13.0,0.4,8.0,0.39,8.0,0.38,8.0,0.59,13.0,0.6,8.0,0.61,8.0,0.62,8.0,0.63,9.0,0.41,13.0,0.4,8.0,0.39,8.0,0.38,8.0,0.37,9.0,0.49,9.8,0.59,13.0,0.6,8.0,0.61,8.0,0.62,8.0,0.08,0.08,44.89876,1776163539000
1776163540.841,40.841,0.51,9.8,0.41,13.0,0.4,8.0,0.39,8.0,0.38,8.0,0.59,13.0,0.6,8.0,0.61,8.0,0.62,8.0,0.63,9.0,0.41,13.0,0.4,8.0,0.39,8.0,0.38,8.0,0.37,9.0,0.49,9.8,0.59,13.0,0.6,8.0,0.61,8.0,0.62,8.0,0.08,0.08,44.894582,1776163540000
1776163541.846,41.846,0.51,9.8,0.41,13.0,0.4,8.0,0.39,8.0,0.38,8.0,0.59,13.0,0.6,8.0,0.61,8.0,0.62,8.0,0.63,9.0,0.41,13.0,0.4,8.0,0.39,8.0,0.38,8.0,0.37,9.0,0.49,9.8,0.59,13.0,0.6,8.0,0.61,8.0,0.62,8.0,0.08,0.08,44.894622,1776163541000
1776163542.909,42.909,0.51,9.8,0.41,13.0,0.4,8.0,0.39,8.0,0.38,8.0,0.59,13.0,0.6,8.0,0.61,8.0,0.62,8.0,0.63,9.0,0.41,13.0,0.4,8.0,0.39,8.0,0.38,8.0,0.37,9.0,0.49,9.8,0.59,13.0,0.6,8.0,0.61,8.0,0.62,8.0,0.08,0.08,44.894693,1776163542000
1776163543.964,43.964,0.51,9.8,0.41,13.0,0.4,8.0,0.39,8.0,0.38,8.0,0.59,13.0,0.6,8.0,0.61,8.0,0.62,8.0,0.63,9.0,0.41,13.0,0.4,8.0,0.39,8.0,0.38,8.0,0.37,9.0,0.49,9.8,0.59,13.0,0.6,8.0,0.61,8.0,0.62,8.0,0.08,0.08,44.898784,1776163543000
1776163544.923,44.923,0.51,9.8,0.41,13.0,0.4,8.0,0.39,8.0,0.38,8.0,0.59,13.0,0.6,8.0,0.61,8.0,0.62,8.0,0.63,9.0,0.41,13.0,0.4,8.0,0.39,8.0,0.38,8.0,0.37,9.0,0.49,9.8,0.59,13.0,0.6,8.0,0.61,8.0,0.62,8.0,0.08,0.08,44.899261,1776163544000
1776163546.038,46.038,0.51,9.8,0.41,13.0,0.4,8.0,0.39,8.0,0.38,8.0,0.59,13.0,0.6,8.0,0.61,8.0,0.62,8.0,0.63,9.0,0.41,13.0,0.4,8.0,0.39,8.0,0.38,8.0,0.37,9.0,0.49,9.8,0.59,13.0,0.6,8.0,0.61,8.0,0.62,8.0,0.08,0.08,44.899294,1776163545000
1776163546.945,46.945,0.51,9.8,0.41,13.0,0.4,8.0,0.39,8.0,0.38,8.0,0.59,13.0,0.6,8.0,0.61,8.0,0.62,8.0,0.63,9.0,0.41,13.0,0.4,8.0,0.39,8.0,0.38,8.0,0.37,9.0,0.49,9.8,0.59,13.0,0.6,8.0,0.61,8.0,0.62,8.0,0.08,0.08,44.899282,1776163546000
1776163548.086,48.086,0.51,9.8,0.41,13.0,0.4,8.0,0.39,8.0,0.38,8.0,0.59,13.0,0.6,8.0,0.61,8.0,0.62,8.0,0.63,9.0,0.41,13.0,0.4,8.0,0.39,8.0,0.38,8.0,0.37,9.0,0.49,9.8,0.59,13.0,0.6,8.0,0.61,8.0,0.62,8.0,0.08,0.08,44.899282,1776163547000
1776163549.03,49.03,0.51,9.8,0.41,13.0,0.4,8.0,0.39,8.0,0.38,8.0,0.59,13.0,0.6,8.0,0.61,8.0,0.62,8.0,0.63,9.0,0.41,13.0,0.4,8.0,0.39,8.0,0.38,8.0,0.37,9.0,0.49,9.8,0.59,13.0,0.6,8.0,0.61,8.0,0.62,8.0,0.08,0.08,44.899184,1776163548000
1776163550.851,50.851,0.51,9.8,0.41,13.0,0.4,8.0,0.39,8.0,0.38,8.0,0.59,13.0,0.6,8.0,0.61,8.0,0.62,8.0,0.63,9.0,0.41,13.0,0.4,8.0,0.39,8.0,0.38,8.0,0.37,9.0,0.49,9.8,0.59,13.0,0.6,8.0,0.61,8.0,0.62,8.0,0.08,0.08,44.899274,1776163549000
1776163551.77,51.77,0.51,9.8,0.41,13.0,0.4,8.0,0.39,8.0,0.38,8.0,0.59,13.0,0.6,8.0,0.61,8.0,0.62,8.0,0.63,9.0,0.41,13.0,0.4,8.0,0.39,8.0,0.38,8.0,0.37,9.0,0.49,9.8,0.59,13.0,0.6,8.0,0.61,8.0,0.62,8.0,0.08,0.08,44.899277,1776163550000
1776163552.404,52.404,0.51,9.8,0.41,13.0,0.4,8.0,0.39,8.0,0.38,8.0,0.59,13.0,0.6,8.0,0.61,8.0,0.62,8.0,0.63,9.0,0.41,13.0,0.4,8.0,0.39,8.0,0.38,8.0,0.37,9.0,0.49,9.8,0.59,13.0,0.6,8.0,0.61,8.0,0.62,8.0,0.08,0.08,44.899277,1776163551000
1776163553.098,53.098,0.51,9.8,0.41,13.0,0.4,8.0,0.39,8.0,0.38,8.0,0.59,13.0,0.6,8.0,0.61,8.0,0.62,8.0,0.63,9.0,0.41,13.0,0.4,8.0,0.39,8.0,0.38,8.0,0.37,9.0,0.49,9.8,0.59,13.0,0.6,8.0,0.61,8.0,0.62,8.0,0.08,0.08,44.899273,1776163552000
1776163554.759,54.759,0.51,9.8,0.41,13.0,0.4,8.0,0.39,8.0,0.38,8.0,0.59,13.0,0.6,8.0,0.61,8.0,0.62,8.0,0.63,9.0,0.41,13.0,0.4,8.0,0.39,8.0,0.38,8.0,0.37,9.0,0.49,9.8,0.59,13.0,0.6,8.0,0.61,8.0,0.62,8.0,0.08,0.08,44.899275,1776163553000
1776163555.369,55.369,0.51,9.8,0.41,13.0,0.4,8.0,0.39,8.0,0.38,8.0,0.59,13.0,0.6,8.0,0.61,8.0,0.62,8.0,0.63,9.0,0.41,13.0,0.4,8.0,0.39,8.0,0.38,8.0,0.37,9.0,0.49,9.8,0.59,13.0,0.6,8.0,0.61,8.0,0.62,8.0,0.08,0.08,44.899197,1776163554000
1776163556.015,56.015,0.51,9.8,0.41,13.0,0.4,8.0,0.39,8.0,0.38,8.0,0.59,13.0,0.6,8.0,0.61,8.0,0.62,8.0,0.63,9.0,0.41,13.0,0.4,8.0,0.39,8.0,0.38,8.0,0.37,9.0,0.49,9.8,0.59,13.0,0.6,8.0,0.61,8.0,0.62,8.0,0.08,0.08,44.899199,1776163555000
1776163557.572,57.572,0.51,9.8,0.41,13.0,0.4,8.0,0.39,8.0,0.38,8.0,0.59,13.0,0.6,8.0,0.61,8.0,0.62,8.0,0.63,9.0,0.41,13.0,0.4,8.0,0.39,8.0,0.38,8.0,0.37,9.0,0.49,9.8,0.59,13.0,0.6,8.0,0.61,8.0,0.62,8.0,0.08,0.08,44.898142,1776163556000
1776163558.203,58.203,0.51,9.8,0.41,13.0,0.4,8.0,0.39,8.0,0.38,8.0,0.59,13.0,0.6,8.0,0.61,8.0,0.62,8.0,0.63,9.0,0.41,13.0,0.4,8.0,0.39,8.0,0.38,8.0,0.37,9.0,0.49,9.8,0.59,13.0,0.6,8.0,0.61,8.0,0.62,8.0,0.08,0.08,44.897655,1776163557000
1776163559.531,59.531,0.51,9.8,0.41,13.0,0.4,8.0,0.39,8.0,0.38,8.0,0.59,13.0,0.6,8.0,0.61,8.0,0.62,8.0,0.63,9.0,0.41,13.0,0.4,8.0,0.39,8.0,0.38,8.0,0.37,9.0,0.49,9.8,0.59,13.0,0.6,8.0,0.61,8.0,0.62,8.0,0.08,0.08,44.897605,1776163558000
1776163560.177,60.177,0.51,9.8,0.41,13.0,0.4,8.0,0.39,8.0,0.38,8.0,0.59,13.0,0.6,8.0,0.61,8.0,0.62,8.0,0.63,9.0,0.41,13.0,0.4,8.0,0.39,8.0,0.38,8.0,0.37,9.0,0.49,9.8,0.59,13.0,0.6,8.0,0.61,8.0,0.62,8.0,0.08,0.08,44.897605,1776163559000
1776163561.641,61.641,0.51,9.8,0.41,13.0,0.4,8.0,0.39,8.0,0.38,8.0,0.59,13.0,0.6,8.0,0.61,8.0,0.62,8.0,0.63,9.0,0.41,13.0,0.4,8.0,0.39,8.0,0.38,8.0,0.37,9.0,0.49,9.8,0.59,13.0,0.6,8.0,0.61,8.0,0.62,8.0,0.08,0.08,44.895636,1776163560000
1776163562.186,62.186,0.51,9.8,0.41,13.0,0.4,8.0,0.39,8.0,0.38,8.0,0.59,13.0,0.6,8.0,0.61,8.0,0.62,8.0,0.63,9.0,0.41,13.0,0.4,8.0,0.39,8.0,0.38,8.0,0.37,9.0,0.49,9.8,0.59,13.0,0.6,8.0,0.61,8.0,0.62,8.0,0.08,0.08,44.894704,1776163561000
1776163563.593,63.593,0.51,9.8,0.41,13.0,0.4,8.0,0.39,8.0,0.38,8.0,0.59,13.0,0.6,8.0,0.61,8.0,0.62,8.0,0.63,9.0,0.41,13.0,0.4,8.0,0.39,8.0,0.38,8.0,0.37,9.0,0.49,9.8,0.59,13.0,0.6,8.0,0.61,8.0,0.62,8.0,0.08,0.08,44.888022,1776163562000
1776163564.214,64.214,0.51,9.8,0.41,13.0,0.4,8.0,0.39,8.0,0.38,8.0,0.59,13.0,0.6,8.0,0.61,8.0,0.62,8.0,0.63,9.0,0.41,13.0,0.4,8.0,0.39,8.0,0.38,8.0,0.37,9.0,0.49,9.8,0.59,13.0,0.6,8.0,0.61,8.0,0.62,8.0,0.08,0.08,44.887009,1776163563000
1776163565.63,65.63,0.51,9.8,0.41,13.0,0.4,8.0,0.39,8.0,0.38,8.0,0.59,13.0,0.6,8.0,0.61,8.0,0.62,8.0,0.63,9.0,0.41,13.0,0.4,8.0,0.39,8.0,0.38,8.0,0.37,9.0,0.49,9.8,0.59,13.0,0.6,8.0,0.61,8.0,0.62,8.0,0.08,0.08,44.887009,1776163564000
1776163566.382,66.382,0.51,9.8,0.41,13.0,0.4,8.0,0.39,8.0,0.38,8.0,0.59,13.0,0.6,8.0,0.61,8.0,0.62,8.0,0.63,9.0,0.41,13.0,0.4,8.0,0.39,8.0,0.38,8.0,0.37,9.0,0.49,9.8,0.59,13.0,0.6,8.0,0.61,8.0,0.62,8.0,0.08,0.08,44.886834,1776163565000
1776163567.003,67.003,0.51,9.8,0.41,13.0,0.4,8.0,0.39,8.0,0.38,8.0,0.59,13.0,0.6,8.0,0.61,8.0,0.62,8.0,0.63,9.0,0.41,13.0,0.4,8.0,0.39,8.0,0.38,8.0,0.37,9.0,0.49,9.8,0.59,13.0,0.6,8.0,0.61,8.0,0.62,8.0,0.08,0.08,44.885454,1776163566000
1776163568.747,68.747,0.51,9.8,0.41,13.0,0.4,8.0,0.39,8.0,0.38,8.0,0.59,13.0,0.6,8.0,0.61,8.0,0.62,8.0,0.63,9.0,0.41,13.0,0.4,8.0,0.39,8.0,0.38,8.0,0.37,9.0,0.49,9.8,0.59,13.0,0.6,8.0,0.61,8.0,0.62,8.0,0.08,0.08,44.885297,1776163567000
1776163569.239,69.239,0.51,9.8,0.41,13.0,0.4,8.0,0.39,8.0,0.38,8.0,0.59,13.0,0.6,8.0,0.61,8.0,0.62,8.0,0.63,9.0,0.41,13.0,0.4,8.0,0.39,8.0,0.38,8.0,0.37,9.0,0.49,9.8,0.59,13.0,0.6,8.0,0.61,8.0,0.62,8.0,0.08,0.08,44.885297,1776163568000
1776163570.201,70.201,0.51,9.8,0.41,13.0,0.4,8.0,0.39,8.0,0.38,8.0,0.59,13.0,0.6,8.0,0.61,8.0,0.62,8.0,0.63,9.0,0.41,13.0,0.4,8.0,0.39,8.0,0.38,8.0,0.37,9.0,0.49,9.8,0.59,13.0,0.6,8.0,0.61,8.0,0.62,8.0,0.08,0.08,44.885895,1776163569000
1776163571.195,71.195,0.51,9.8,0.41,13.0,0.4,8.0,0.39,8.0,0.38,8.0,0.59,13.0,0.6,8.0,0.61,8.0,0.62,8.0,0.63,9.0,0.41,13.0,0.4,8.0,0.39,8.0,0.38,8.0,0.37,9.0,0.49,9.8,0.59,13.0,0.6,8.0,0.61,8.0,0.62,8.0,0.08,0.08,44.885554,1776163570000
1776163572.275,72.275,0.51,9.8,0.41,13.0,0.4,8.0,0.39,8.0,0.38,8.0,0.59,13.0,0.6,8.0,0.61,8.0,0.62,8.0,0.63,9.0,0.41,13.0,0.4,8.0,0.39,8.0,0.38,8.0,0.37,9.0,0.49,9.8,0.59,13.0,0.6,8.0,0.61,8.0,0.62,8.0,0.08,0.08,44.885853,1776163571000
1776163573.171,73.171,0.51,9.8,0.41,13.0,0.4,8.0,0.39,8.0,0.38,8.0,0.59,13.0,0.6,8.0,0.61,8.0,0.62,8.0,0.63,9.0,0.41,13.0,0.4,8.0,0.39,8.0,0.38,8.0,0.37,9.0,0.49,9.8,0.59,13.0,0.6,8.0,0.61,8.0,0.62,8.0,0.08,0.08,44.885896,1776163572000
1776163574.215,74.215,0.51,9.8,0.41,13.0,0.4,8.0,0.39,8.0,0.38,8.0,0.59,13.0,0.6,8.0,0.61,8.0,0.62,8.0,0.63,9.0,0.41,13.0,0.4,8.0,0.39,8.0,0.38,8.0,0.37,9.0,0.49,9.8,0.59,13.0,0.6,8.0,0.61,8.0,0.62,8.0,0.08,0.08,44.885896,1776163573000
1776163575.2,75.2,0.51,9.8,0.41,13.0,0.4,8.0,0.39,8.0,0.38,8.0,0.59,13.0,0.6,8.0,0.61,8.0,0.62,8.0,0.63,9.0,0.41,13.0,0.4,8.0,0.39,8.0,0.38,8.0,0.37,9.0,0.49,9.8,0.59,13.0,0.6,8.0,0.61,8.0,0.62,8.0,0.08,0.08,44.887299,1776163574000
1776163576.133,76.133,0.51,9.8,0.41,13.0,0.4,8.0,0.39,8.0,0.38,8.0,0.59,13.0,0.6,8.0,0.61,8.0,0.62,8.0,0.63,9.0,0.41,13.0,0.4,8.0,0.39,8.0,0.38,8.0,0.37,9.0,0.49,9.8,0.59,13.0,0.6,8.0,0.61,8.0,0.62,8.0,0.08,0.08,44.888528,1776163575000
1776163577.073,77.073,0.51,9.8,0.41,13.0,0.4,8.0,0.39,8.0,0.38,8.0,0.59,13.0,0.6,8.0,0.61,8.0,0.62,8.0,0.63,9.0,0.41,13.0,0.4,8.0,0.39,8.0,0.38,8.0,0.37,9.0,0.49,9.8,0.59,13.0,0.6,8.0,0.61,8.0,0.62,8.0,0.08,0.08,44.888451,1776163576000
1776163578.06,78.06,0.51,9.8,0.41,13.0,0.4,8.0,0.39,8.0,0.38,8.0,0.59,13.0,0.6,8.0,0.61,8.0,0.62,8.0,0.63,9.0,0.41,13.0,0.4,8.0,0.39,8.0,0.38,8.0,0.37,9.0,0.49,9.8,0.59,13.0,0.6,8.0,0.61,8.0,0.62,8.0,0.08,0.08,44.888326,1776163577000
1776163579.03,79.03,0.51,9.8,0.41,13.0,0.4,8.0,0.39,8.0,0.38,8.0,0.59,13.0,0.6,8.0,0.61,8.0,0.62,8.0,0.63,9.0,0.41,13.0,0.4,8.0,0.39,8.0,0.38,8.0,0.37,9.0,0.49,9.8,0.59,13.0,0.6,8.0,0.61,8.0,0.62,8.0,0.08,0.08,44.888326,1776163578000
1776163579.944,79.944,0.51,9.8,0.41,13.0,0.4,8.0,0.39,8.0,0.38,8.0,0.59,13.0,0.6,8.0,0.61,8.0,0.62,8.0,0.63,9.0,0.41,13.0,0.4,8.0,0.39,8.0,0.38,8.0,0.37,9.0,0.49,9.8,0.59,13.0,0.6,8.0,0.61,8.0,0.62,8.0,0.08,0.08,44.889452,1776163579000
1776163581.497,81.497,0.51,9.8,0.41,13.0,0.4,8.0,0.39,8.0,0.38,8.0,0.59,13.0,0.6,8.0,0.61,8.0,0.62,8.0,0.63,9.0,0.41,13.0,0.4,8.0,0.39,8.0,0.38,8.0,0.37,9.0,0.49,9.8,0.59,13.0,0.6,8.0,0.61,8.0,0.62,8.0,0.08,0.08,44.891366,1776163580000
1776163582.022,82.022,0.51,9.8,0.41,13.0,0.4,8.0,0.39,8.0,0.38,8.0,0.59,13.0,0.6,8.0,0.61,8.0,0.62,8.0,0.63,9.0,0.41,13.0,0.4,8.0,0.39,8.0,0.38,8.0,0.37,9.0,0.49,9.8,0.59,13.0,0.6,8.0,0.61,8.0,0.62,8.0,0.08,0.08,44.892079,1776163581000
1776163583.333,83.333,0.51,9.8,0.41,13.0,0.4,8.0,0.39,8.0,0.38,8.0,0.59,13.0,0.6,8.0,0.61,8.0,0.62,8.0,0.63,9.0,0.41,13.0,0.4,8.0,0.39,8.0,0.38,8.0,0.37,9.0,0.49,9.8,0.59,13.0,0.6,8.0,0.61,8.0,0.62,8.0,0.08,0.08,44.892035,1776163582000
1776163584.611,84.611,0.51,9.8,0.41,13.0,0.4,8.0,0.39,8.0,0.38,8.0,0.59,13.0,0.6,8.0,0.61,8.0,0.62,8.0,0.63,9.0,0.41,13.0,0.4,8.0,0.39,8.0,0.38,8.0,0.37,9.0,0.49,9.8,0.59,13.0,0.6,8.0,0.61,8.0,0.62,8.0,0.08,0.08,44.892182,1776163583000
1776163585.368,85.368,0.51,9.8,0.41,13.0,0.4,8.0,0.39,8.0,0.38,8.0,0.59,13.0,0.6,8.0,0.61,8.0,0.62,8.0,0.63,9.0,0.41,13.0,0.4,8.0,0.39,8.0,0.38,8.0,0.37,9.0,0.49,9.8,0.59,13.0,0.6,8.0,0.61,8.0,0.62,8.0,0.08,0.08,44.891657,1776163584000
1776163586.51,86.51,0.51,9.8,0.41,13.0,0.4,8.0,0.39,8.0,0.38,8.0,0.59,13.0,0.6,8.0,0.61,8.0,0.62,8.0,0.63,9.0,0.41,13.0,0.4,8.0,0.39,8.0,0.38,8.0,0.37,9.0,0.49,9.8,0.59,13.0,0.6,8.0,0.61,8.0,0.62,8.0,0.08,0.08,44.891683,1776163585000
1776163587.113,87.113,0.51,9.8,0.41,13.0,0.4,8.0,0.39,8.0,0.38,8.0,0.59,13.0,0.6,8.0,0.61,8.0,0.62,8.0,0.63,9.0,0.41,13.0,0.4,8.0,0.39,8.0,0.38,8.0,0.37,9.0,0.49,9.8,0.59,13.0,0.6,8.0,0.61,8.0,0.62,8.0,0.08,0.08,44.889928,1776163586000
1776163588.285,88.285,0.51,9.8,0.41,13.0,0.4,8.0,0.39,8.0,0.38,8.0,0.59,13.0,0.6,8.0,0.61,8.0,0.62,8.0,0.63,9.0,0.41,13.0,0.4,8.0,0.39,8.0,0.38,8.0,0.37,9.0,0.49,9.8,0.59,13.0,0.6,8.0,0.61,8.0,0.62,8.0,0.08,0.08,44.890117,1776163587000
1776163589.733,89.733,0.51,9.8,0.41,13.0,0.4,8.0,0.39,8.0,0.38,8.0,0.59,13.0,0.6,8.0,0.61,8.0,0.62,8.0,0.63,9.0,0.41,13.0,0.4,8.0,0.39,8.0,0.38,8.0,0.37,9.0,0.49,9.8,0.59,13.0,0.6,8.0,0.61,8.0,0.62,8.0,0.08,0.08,44.890412,1776163588000
1776163590.343,90.343,0.51,9.8,0.41,13.0,0.4,8.0,0.39,8.0,0.38,8.0,0.59,13.0,0.6,8.0,0.61,8.0,0.62,8.0,0.63,9.0,0.41,13.0,0.4,8.0,0.39,8.0,0.38,8.0,0.37,9.0,0.49,9.8,0.59,13.0,0.6,8.0,0.61,8.0,0.62,8.0,0.08,0.08,44.890412,1776163589000
1776163590.914,90.914,0.63,10.0,0.61,8.0,0.57,15.0,0.56,15.0,0.55,15.0,0.69,13.43,0.7,15.0,0.71,15.0,0.72,15.0,0.73,15.0,0.41,13.0,0.4,8.0,0.39,8.0,0.38,8.0,0.37,9.0,0.49,9.8,0.59,13.0,0.6,8.0,0.61,8.0,0.62,8.0,0.06,0.08,44.890412,1776163589000
1776163591.625,91.625,0.63,10.0,0.61,8.0,0.57,15.0,0.56,15.0,0.55,15.0,0.69,13.43,0.7,15.0,0.71,15.0,0.72,15.0,0.73,15.0,0.31,13.43,0.3,15.0,0.29,15.0,0.28,15.0,0.27,15.0,0.37,10.0,0.39,8.0,0.43,15.0,0.44,15.0,0.45,15.0,0.06,0.06,44.889386,1776163590000
1776163592.329,92.329,0.63,10.0,0.61,8.0,0.57,15.0,0.56,15.0,0.55,15.0,0.69,13.43,0.7,15.0,0.71,15.0,0.72,15.0,0.73,15.0,0.31,13.43,0.3,15.0,0.29,15.0,0.28,15.0,0.27,15.0,0.37,10.0,0.39,8.0,0.43,15.0,0.44,15.0,0.45,15.0,0.06,0.06,44.890064,1776163591000
1776163593.815,93.815,0.63,10.0,0.61,8.0,0.57,15.0,0.56,15.0,0.55,15.0,0.69,13.43,0.7,15.0,0.71,15.0,0.72,15.0,0.73,15.0,0.31,13.43,0.3,15.0,0.29,15.0,0.28,15.0,0.27,15.0,0.37,10.0,0.39,8.0,0.43,15.0,0.44,15.0,0.45,15.0,0.06,0.06,44.890927,1776163592000
1776163594.46,94.46,0.63,10.0,0.61,8.0,0.57,15.0,0.56,15.0,0.55,15.0,0.69,13.43,0.7,15.0,0.71,15.0,0.72,15.0,0.73,15.0,0.31,13.43,0.3,15.0,0.29,15.0,0.28,15.0,0.27,15.0,0.37,10.0,0.39,8.0,0.43,15.0,0.44,15.0,0.45,15.0,0.06,0.06,44.890835,1776163593000
1776163595.105,95.105,0.63,10.0,0.61,8.0,0.57,15.0,0.56,15.0,0.55,15.0,0.69,13.43,0.7,15.0,0.71,15.0,0.72,15.0,0.73,15.0,0.31,13.43,0.3,15.0,0.29,15.0,0.28,15.0,0.27,15.0,0.37,10.0,0.39,8.0,0.43,15.0,0.44,15.0,0.45,15.0,0.06,0.06,44.89051,1776163594000
1776163596.39,96.39,0.63,10.0,0.61,8.0,0.57,15.0,0.56,15.0,0.55,15.0,0.69,13.43,0.7,15.0,0.71,15.0,0.72,15.0,0.73,15.0,0.31,13.43,0.3,15.0,0.29,15.0,0.28,15.0,0.27,15.0,0.37,10.0,0.39,8.0,0.43,15.0,0.44,15.0,0.45,15.0,0.06,0.06,44.890174,1776163595000
1776163597.069,97.069,0.63,10.0,0.61,8.0,0.57,15.0,0.56,15.0,0.55,15.0,0.69,13.43,0.7,15.0,0.71,15.0,0.72,15.0,0.73,15.0,0.31,13.43,0.3,15.0,0.29,15.0,0.28,15.0,0.27,15.0,0.37,10.0,0.39,8.0,0.43,15.0,0.44,15.0,0.45,15.0,0.06,0.06,44.889238,1776163596000
1776163598.046,98.046,0.63,10.0,0.61,8.0,0.57,15.0,0.56,15.0,0.55,15.0,0.69,13.43,0.7,15.0,0.71,15.0,0.72,15.0,0.73,15.0,0.31,13.43,0.3,15.0,0.29,15.0,0.28,15.0,0.27,15.0,0.37,10.0,0.39,8.0,0.43,15.0,0.44,15.0,0.45,15.0,0.06,0.06,44.887985,1776163597000
1776163599.284,99.284,0.63,10.0,0.61,8.0,0.57,15.0,0.56,15.0,0.55,15.0,0.69,13.43,0.7,15.0,0.71,15.0,0.72,15.0,0.73,15.0,0.31,13.43,0.3,15.0,0.29,15.0,0.28,15.0,0.27,15.0,0.37,10.0,0.39,8.0,0.43,15.0,0.44,15.0,0.45,15.0,0.06,0.06,44.889113,1776163598000
1776163600.313,100.313,0.63,10.0,0.61,8.0,0.57,15.0,0.56,15.0,0.55,15.0,0.69,13.43,0.7,15.0,0.71,15.0,0.72,15.0,0.73,15.0,0.31,13.43,0.3,15.0,0.29,15.0,0.28,15.0,0.27,15.0,0.37,10.0,0.39,8.0,0.43,15.0,0.44,15.0,0.45,15.0,0.06,0.06,44.889736,1776163599000
1776163600.86,100.86,0.63,10.0,0.61,8.0,0.57,15.0,0.56,15.0,0.55,15.0,0.69,13.43,0.7,15.0,0.71,15.0,0.72,15.0,0.73,15.0,0.31,13.43,0.3,15.0,0.29,15.0,0.28,15.0,0.27,15.0,0.37,10.0,0.39,8.0,0.43,15.0,0.44,15.0,0.45,15.0,0.06,0.06,44.891818,1776163600000
1776163602.08,102.08,0.63,10.0,0.61,8.0,0.57,15.0,0.56,15.0,0.55,15.0,0.69,13.43,0.7,15.0,0.71,15.0,0.72,15.0,0.73,15.0,0.31,13.43,0.3,15.0,0.29,15.0,0.28,15.0,0.27,15.0,0.37,10.0,0.39,8.0,0.43,15.0,0.44,15.0,0.45,15.0,0.06,0.06,44.894527,1776163601000
1776163603.311,103.311,0.63,10.0,0.61,8.0,0.57,15.0,0.56,15.0,0.55,15.0,0.69,13.43,0.7,15.0,0.71,15.0,0.72,15.0,0.73,15.0,0.31,13.43,0.3,15.0,0.29,15.0,0.28,15.0,0.27,15.0,0.37,10.0,0.39,8.0,0.43,15.0,0.44,15.0,0.45,15.0,0.06,0.06,44.894674,1776163602000
1776163604.608,104.608,0.63,10.0,0.61,8.0,0.57,15.0,0.56,15.0,0.55,15.0,0.69,13.43,0.7,15.0,0.71,15.0,0.72,15.0,0.73,15.0,0.31,13.43,0.3,15.0,0.29,15.0,0.28,15.0,0.27,15.0,0.37,10.0,0.39,8.0,0.43,15.0,0.44,15.0,0.45,15.0,0.06,0.06,44.892973,1776163603000
1776163605.098,105.098,0.63,10.0,0.61,8.0,0.57,15.0,0.56,15.0,0.55,15.0,0.69,13.43,0.7,15.0,0.71,15.0,0.72,15.0,0.73,15.0,0.31,13.43,0.3,15.0,0.29,15.0,0.28,15.0,0.27,15.0,0.37,10.0,0.39,8.0,0.43,15.0,0.44,15.0,0.45,15.0,0.06,0.06,44.892973,1776163604000
1776163606.262,106.262,0.63,10.0,0.61,8.0,0.57,15.0,0.56,15.0,0.55,15.0,0.69,13.43,0.7,15.0,0.71,15.0,0.72,15.0,0.73,15.0,0.31,13.43,0.3,15.0,0.29,15.0,0.28,15.0,0.27,15.0,0.37,10.0,0.39,8.0,0.43,15.0,0.44,15.0,0.45,15.0,0.06,0.06,44.893058,1776163605000
1776163607.456,107.456,0.63,10.0,0.61,8.0,0.57,15.0,0.56,15.0,0.55,15.0,0.69,13.43,0.7,15.0,0.71,15.0,0.72,15.0,0.73,15.0,0.31,13.43,0.3,15.0,0.29,15.0,0.28,15.0,0.27,15.0,0.37,10.0,0.39,8.0,0.43,15.0,0.44,15.0,0.45,15.0,0.06,0.06,44.89428,1776163606000
1776163608.501,108.501,0.63,10.0,0.61,8.0,0.57,15.0,0.56,15.0,0.55,15.0,0.69,13.43,0.7,15.0,0.71,15.0,0.72,15.0,0.73,15.0,0.31,13.43,0.3,15.0,0.29,15.0,0.28,15.0,0.27,15.0,0.37,10.0,0.39,8.0,0.43,15.0,0.44,15.0,0.45,15.0,0.06,0.06,44.894161,1776163607000
1776163609.151,109.151,0.63,10.0,0.61,8.0,0.57,15.0,0.56,15.0,0.55,15.0,0.69,13.43,0.7,15.0,0.71,15.0,0.72,15.0,0.73,15.0,0.31,13.43,0.3,15.0,0.29,15.0,0.28,15.0,0.27,15.0,0.37,10.0,0.39,8.0,0.43,15.0,0.44,15.0,0.45,15.0,0.06,0.06,44.89416,1776163608000
1776163610.375,110.375,0.63,10.0,0.61,8.0,0.57,15.0,0.56,15.0,0.55,15.0,0.69,13.43,0.7,15.0,0.71,15.0,0.72,15.0,0.73,15.0,0.31,13.43,0.3,15.0,0.29,15.0,0.28,15.0,0.27,15.0,0.37,10.0,0.39,8.0,0.43,15.0,0.44,15.0,0.45,15.0,0.06,0.06,44.894544,1776163609000
1776163610.993,110.993,0.63,10.0,0.61,8.0,0.57,15.0,0.56,15.0,0.55,15.0,0.69,13.43,0.7,15.0,0.71,15.0,0.72,15.0,0.73,15.0,0.31,13.43,0.3,15.0,0.29,15.0,0.28,15.0,0.27,15.0,0.37,10.0,0.39,8.0,0.43,15.0,0.44,15.0,0.45,15.0,0.06,0.06,44.895077,1776163610000
1776163612.207,112.207,0.63,10.0,0.61,8.0,0.57,15.0,0.56,15.0,0.55,15.0,0.69,13.43,0.7,15.0,0.71,15.0,0.72,15.0,0.73,15.0,0.31,13.43,0.3,15.0,0.29,15.0,0.28,15.0,0.27,15.0,0.37,10.0,0.39,8.0,0.43,15.0,0.44,15.0,0.45,15.0,0.06,0.06,44.895268,1776163611000
1776163613.545,113.545,0.63,10.0,0.61,8.0,0.57,15.0,0.56,15.0,0.55,15.0,0.69,13.43,0.7,15.0,0.71,15.0,0.72,15.0,0.73,15.0,0.31,13.43,0.3,15.0,0.29,15.0,0.28,15.0,0.27,15.0,0.37,10.0,0.39,8.0,0.43,15.0,0.44,15.0,0.45,15.0,0.06,0.06,44.896812,1776163612000
1776163614.046,114.046,0.63,10.0,0.61,8.0,0.57,15.0,0.56,15.0,0.55,15.0,0.69,13.43,0.7,15.0,0.71,15.0,0.72,15.0,0.73,15.0,0.31,13.43,0.3,15.0,0.29,15.0,0.28,15.0,0.27,15.0,0.37,10.0,0.39,8.0,0.43,15.0,0.44,15.0,0.45,15.0,0.06,0.06,44.896752,1776163613000
1776163615.22,115.22,0.63,10.0,0.61,8.0,0.57,15.0,0.56,15.0,0.55,15.0,0.69,13.43,0.7,15.0,0.71,15.0,0.72,15.0,0.73,15.0,0.31,13.43,0.3,15.0,0.29,15.0,0.28,15.0,0.27,15.0,0.37,10.0,0.39,8.0,0.43,15.0,0.44,15.0,0.45,15.0,0.06,0.06,44.896972,1776163614000
1776163616.262,116.262,0.63,10.0,0.61,8.0,0.57,15.0,0.56,15.0,0.55,15.0,0.69,13.43,0.7,15.0,0.71,15.0,0.72,15.0,0.73,15.0,0.31,13.43,0.3,15.0,0.29,15.0,0.28,15.0,0.27,15.0,0.37,10.0,0.39,8.0,0.43,15.0,0.44,15.0,0.45,15.0,0.06,0.06,44.896151,1776163615000
1776163617.359,117.359,0.63,10.0,0.61,8.0,0.57,15.0,0.56,15.0,0.55,15.0,0.69,13.43,0.7,15.0,0.71,15.0,0.72,15.0,0.73,15.0,0.31,13.43,0.3,15.0,0.29,15.0,0.28,15.0,0.27,15.0,0.37,10.0,0.39,8.0,0.43,15.0,0.44,15.0,0.45,15.0,0.06,0.06,44.896113,1776163616000
1776163617.889,117.889,0.63,10.0,0.61,8.0,0.57,15.0,0.56,15.0,0.55,15.0,0.69,13.43,0.7,15.0,0.71,15.0,0.72,15.0,0.73,15.0,0.31,13.43,0.3,15.0,0.29,15.0,0.28,15.0,0.27,15.0,0.37,10.0,0.39,8.0,0.43,15.0,0.44,15.0,0.45,15.0,0.06,0.06,44.894141,1776163617000
1776163619.024,119.024,0.63,10.0,0.61,8.0,0.57,15.0,0.56,15.0,0.55,15.0,0.69,13.43,0.7,15.0,0.71,15.0,0.72,15.0,0.73,15.0,0.31,13.43,0.3,15.0,0.29,15.0,0.28,15.0,0.27,15.0,0.37,10.0,0.39,8.0,0.43,15.0,0.44,15.0,0.45,15.0,0.06,0.06,44.894088,1776163618000
1776163620.082,120.082,0.63,10.0,0.61,8.0,0.57,15.0,0.56,15.0,0.55,15.0,0.69,13.43,0.7,15.0,0.71,15.0,0.72,15.0,0.73,15.0,0.31,13.43,0.3,15.0,0.29,15.0,0.28,15.0,0.27,15.0,0.37,10.0,0.39,8.0,0.43,15.0,0.44,15.0,0.45,15.0,0.06,0.06,44.894093,1776163619000
1776163621.092,121.092,0.63,10.0,0.61,8.0,0.57,15.0,0.56,15.0,0.55,15.0,0.69,13.43,0.7,15.0,0.71,15.0,0.72,15.0,0.73,15.0,0.31,13.43,0.3,15.0,0.29,15.0,0.28,15.0,0.27,15.0,0.37,10.0,0.39,8.0,0.43,15.0,0.44,15.0,0.45,15.0,0.06,0.06,44.894464,1776163620000
1776163622.235,122.235,0.63,10.0,0.61,8.0,0.57,15.0,0.56,15.0,0.55,15.0,0.69,13.43,0.7,15.0,0.71,15.0,0.72,15.0,0.73,15.0,0.31,13.43,0.3,15.0,0.29,15.0,0.28,15.0,0.27,15.0,0.37,10.0,0.39,8.0,0.43,15.0,0.44,15.0,0.45,15.0,0.06,0.06,44.894104,1776163621000
1776163623.294,123.294,0.63,10.0,0.61,8.0,0.57,15.0,0.56,15.0,0.55,15.0,0.69,13.43,0.7,15.0,0.71,15.0,0.72,15.0,0.73,15.0,0.31,13.43,0.3,15.0,0.29,15.0,0.28,15.0,0.27,15.0,0.37,10.0,0.39,8.0,0.43,15.0,0.44,15.0,0.45,15.0,0.06,0.06,44.887443,1776163622000
1776163624.39,124.39,0.63,10.0,0.61,8.0,0.57,15.0,0.56,15.0,0.55,15.0,0.69,13.43,0.7,15.0,0.71,15.0,0.72,15.0,0.73,15.0,0.31,13.43,0.3,15.0,0.29,15.0,0.28,15.0,0.27,15.0,0.37,10.0,0.39,8.0,0.43,15.0,0.44,15.0,0.45,15.0,0.06,0.06,44.886491,1776163623000
1776163624.975,124.975,0.63,10.0,0.61,8.0,0.57,15.0,0.56,15.0,0.55,15.0,0.69,13.43,0.7,15.0,0.71,15.0,0.72,15.0,0.73,15.0,0.31,13.43,0.3,15.0,0.29,15.0,0.28,15.0,0.27,15.0,0.37,10.0,0.39,8.0,0.43,15.0,0.44,15.0,0.45,15.0,0.06,0.06,44.885247,1776163624000
1776163626.095,126.095,0.63,10.0,0.61,8.0,0.57,15.0,0.56,15.0,0.55,15.0,0.69,13.43,0.7,15.0,0.71,15.0,0.72,15.0,0.73,15.0,0.31,13.43,0.3,15.0,0.29,15.0,0.28,15.0,0.27,15.0,0.37,10.0,0.39,8.0,0.43,15.0,0.44,15.0,0.45,15.0,0.06,0.06,44.884518,1776163625000
1776163628.263,128.263,0.63,10.0,0.61,8.0,0.57,15.0,0.56,15.0,0.55,15.0,0.69,13.43,0.7,15.0,0.71,15.0,0.72,15.0,0.73,15.0,0.31,13.43,0.3,15.0,0.29,15.0,0.28,15.0,0.27,15.0,0.37,10.0,0.39,8.0,0.43,15.0,0.44,15.0,0.45,15.0,0.06,0.06,44.885651,1776163626000
1776163629.235,129.235,0.63,10.0,0.61,8.0,0.57,15.0,0.56,15.0,0.55,15.0,0.69,13.43,0.7,15.0,0.71,15.0,0.72,15.0,0.73,15.0,0.31,13.43,0.3,15.0,0.29,15.0,0.28,15.0,0.27,15.0,0.37,10.0,0.39,8.0,0.43,15.0,0.44,15.0,0.45,15.0,0.06,0.06,44.885849,1776163628000
1776163630.897,130.897,0.63,10.0,0.61,8.0,0.57,15.0,0.56,15.0,0.55,15.0,0.69,13.43,0.7,15.0,0.71,15.0,0.72,15.0,0.73,15.0,0.31,13.43,0.3,15.0,0.29,15.0,0.28,15.0,0.27,15.0,0.37,10.0,0.39,8.0,0.43,15.0,0.44,15.0,0.45,15.0,0.06,0.06,44.886457,1776163629000
1776163631.625,131.625,0.63,10.0,0.61,8.0,0.57,15.0,0.56,15.0,0.55,15.0,0.69,13.43,0.7,15.0,0.71,15.0,0.72,15.0,0.73,15.0,0.31,13.43,0.3,15.0,0.29,15.0,0.28,15.0,0.27,15.0,0.37,10.0,0.39,8.0,0.43,15.0,0.44,15.0,0.45,15.0,0.06,0.06,44.889131,1776163630000
1776163632.338,132.338,0.63,10.0,0.61,8.0,0.57,15.0,0.56,15.0,0.55,15.0,0.69,13.43,0.7,15.0,0.71,15.0,0.72,15.0,0.73,15.0,0.31,13.43,0.3,15.0,0.29,15.0,0.28,15.0,0.27,15.0,0.37,10.0,0.39,8.0,0.43,15.0,0.44,15.0,0.45,15.0,0.06,0.06,44.886378,1776163631000
1776163633.254,133.254,0.63,10.0,0.61,8.0,0.57,15.0,0.56,15.0,0.55,15.0,0.69,13.43,0.7,15.0,0.71,15.0,0.72,15.0,0.73,15.0,0.31,13.43,0.3,15.0,0.29,15.0,0.28,15.0,0.27,15.0,0.37,10.0,0.39,8.0,0.43,15.0,0.44,15.0,0.45,15.0,0.06,0.06,44.8839,1776163632000
1776163634.866,134.866,0.63,10.0,0.61,8.0,0.57,15.0,0.56,15.0,0.55,15.0,0.69,13.43,0.7,15.0,0.71,15.0,0.72,15.0,0.73,15.0,0.31,13.43,0.3,15.0,0.29,15.0,0.28,15.0,0.27,15.0,0.37,10.0,0.39,8.0,0.43,15.0,0.44,15.0,0.45,15.0,0.06,0.06,44.881042,1776163633000
1776163635.776,135.776,0.63,10.0,0.61,8.0,0.57,15.0,0.56,15.0,0.55,15.0,0.69,13.43,0.7,15.0,0.71,15.0,0.72,15.0,0.73,15.0,0.31,13.43,0.3,15.0,0.29,15.0,0.28,15.0,0.27,15.0,0.37,10.0,0.39,8.0,0.43,15.0,0.44,15.0,0.45,15.0,0.06,0.06,44.883126,1776163634000
1776163636.538,136.538,0.63,10.0,0.61,8.0,0.57,15.0,0.56,15.0,0.55,15.0,0.69,13.43,0.7,15.0,0.71,15.0,0.72,15.0,0.73,15.0,0.31,13.43,0.3,15.0,0.29,15.0,0.28,15.0,0.27,15.0,0.37,10.0,0.39,8.0,0.43,15.0,0.44,15.0,0.45,15.0,0.06,0.06,44.88346,1776163635000
1776163637.454,137.454,0.63,10.0,0.61,8.0,0.57,15.0,0.56,15.0,0.55,15.0,0.69,13.43,0.7,15.0,0.71,15.0,0.72,15.0,0.73,15.0,0.31,13.43,0.3,15.0,0.29,15.0,0.28,15.0,0.27,15.0,0.37,10.0,0.39,8.0,0.43,15.0,0.44,15.0,0.45,15.0,0.06,0.06,44.884406,1776163636000
1776163638.165,138.165,0.63,10.0,0.61,8.0,0.57,15.0,0.56,15.0,0.55,15.0,0.69,13.43,0.7,15.0,0.71,15.0,0.72,15.0,0.73,15.0,0.31,13.43,0.3,15.0,0.29,15.0,0.28,15.0,0.27,15.0,0.37,10.0,0.39,8.0,0.43,15.0,0.44,15.0,0.45,15.0,0.06,0.06,44.887461,1776163637000
1776163639.7,139.7,0.64,7.0,0.63,10.0,0.58,15.0,0.57,15.0,0.56,15.0,0.71,8.0,0.72,15.0,0.73,15.0,0.74,15.0,0.75,15.0,0.29,8.0,0.28,15.0,0.27,15.0,0.26,15.0,0.25,15.0,0.36,7.0,0.37,10.0,0.42,15.0,0.43,15.0,0.44,15.0,0.07,0.07,44.889438,1776163638000
1776163640.589,140.589,0.64,7.0,0.63,10.0,0.58,15.0,0.57,15.0,0.56,15.0,0.71,8.0,0.72,15.0,0.73,15.0,0.74,15.0,0.75,15.0,0.29,8.0,0.28,15.0,0.27,15.0,0.26,15.0,0.25,15.0,0.36,7.0,0.37,10.0,0.42,15.0,0.43,15.0,0.44,15.0,0.07,0.07,44.888965,1776163639000
1776163641.309,141.309,0.64,7.0,0.63,10.0,0.58,15.0,0.57,15.0,0.56,15.0,0.71,8.0,0.72,15.0,0.73,15.0,0.74,15.0,0.75,15.0,0.29,8.0,0.28,15.0,0.27,15.0,0.26,15.0,0.25,15.0,0.36,7.0,0.37,10.0,0.42,15.0,0.43,15.0,0.44,15.0,0.07,0.07,44.887228,1776163640000
1776163642.739,142.739,0.64,7.0,0.63,10.0,0.58,15.0,0.57,15.0,0.56,15.0,0.71,8.0,0.72,15.0,0.73,15.0,0.74,15.0,0.75,15.0,0.29,8.0,0.28,15.0,0.27,15.0,0.26,15.0,0.25,15.0,0.36,7.0,0.37,10.0,0.42,15.0,0.43,15.0,0.44,15.0,0.07,0.07,44.884128,1776163641000
1776163643.377,143.377,0.64,7.0,0.63,10.0,0.58,15.0,0.57,15.0,0.56,15.0,0.71,8.0,0.72,15.0,0.73,15.0,0.74,15.0,0.75,15.0,0.29,8.0,0.28,15.0,0.27,15.0,0.26,15.0,0.25,15.0,0.36,7.0,0.37,10.0,0.42,15.0,0.43,15.0,0.44,15.0,0.07,0.07,44.884128,1776163642000
1776163644.04,144.04,0.64,7.0,0.63,10.0,0.58,15.0,0.57,15.0,0.56,15.0,0.71,8.0,0.72,15.0,0.73,15.0,0.74,15.0,0.75,15.0,0.29,8.0,0.28,15.0,0.27,15.0,0.26,15.0,0.25,15.0,0.36,7.0,0.37,10.0,0.42,15.0,0.43,15.0,0.44,15.0,0.07,0.07,44.884128,1776163643000
1776163645.344,145.344,0.64,7.0,0.63,10.0,0.58,15.0,0.57,15.0,0.56,15.0,0.71,8.0,0.72,15.0,0.73,15.0,0.74,15.0,0.75,15.0,0.29,8.0,0.28,15.0,0.27,15.0,0.26,15.0,0.25,15.0,0.36,7.0,0.37,10.0,0.42,15.0,0.43,15.0,0.44,15.0,0.07,0.07,44.884063,1776163644000
1776163646.28,146.28,0.64,7.0,0.63,10.0,0.58,15.0,0.57,15.0,0.56,15.0,0.71,8.0,0.72,15.0,0.73,15.0,0.74,15.0,0.75,15.0,0.29,8.0,0.28,15.0,0.27,15.0,0.26,15.0,0.25,15.0,0.36,7.0,0.37,10.0,0.42,15.0,0.43,15.0,0.44,15.0,0.07,0.07,44.884063,1776163645000
1776163648.458,148.458,0.64,7.0,0.63,10.0,0.58,15.0,0.57,15.0,0.56,15.0,0.71,8.0,0.72,15.0,0.73,15.0,0.74,15.0,0.75,15.0,0.29,8.0,0.28,15.0,0.27,15.0,0.26,15.0,0.25,15.0,0.36,7.0,0.37,10.0,0.42,15.0,0.43,15.0,0.44,15.0,0.07,0.07,44.88406,1776163647000
1776163648.891,148.891,0.64,7.0,0.63,10.0,0.58,15.0,0.57,15.0,0.56,15.0,0.71,8.0,0.72,15.0,0.73,15.0,0.74,15.0,0.75,15.0,0.29,8.0,0.28,15.0,0.27,15.0,0.26,15.0,0.25,15.0,0.36,7.0,0.37,10.0,0.42,15.0,0.43,15.0,0.44,15.0,0.07,0.07,44.88412,1776163648000
1776163649.341,149.341,0.65,7.0,0.62,10.0,0.58,15.0,0.57,15.0,0.56,15.0,0.7,7.9,0.71,15.0,0.72,15.0,0.73,15.0,0.74,15.0,0.29,8.0,0.28,15.0,0.27,15.0,0.26,15.0,0.25,15.0,0.36,7.0,0.37,10.0,0.42,15.0,0.43,15.0,0.44,15.0,0.05,0.07,44.88412,1776163648000
1776163649.916,149.916,0.65,7.0,0.62,10.0,0.58,15.0,0.57,15.0,0.56,15.0,0.7,7.9,0.71,15.0,0.72,15.0,0.73,15.0,0.74,15.0,0.3,7.9,0.29,15.0,0.28,15.0,0.27,15.0,0.26,15.0,0.35,7.0,0.38,10.0,0.42,15.0,0.43,15.0,0.44,15.0,0.05,0.05,44.883642,1776163649000
1776163650.944,150.944,0.65,7.0,0.62,10.0,0.58,15.0,0.57,15.0,0.56,15.0,0.7,7.9,0.71,15.0,0.72,15.0,0.73,15.0,0.74,15.0,0.3,7.9,0.29,15.0,0.28,15.0,0.27,15.0,0.26,15.0,0.35,7.0,0.38,10.0,0.42,15.0,0.43,15.0,0.44,15.0,0.05,0.05,44.883642,1776163650000
1776163651.831,151.831,0.65,7.0,0.62,10.0,0.58,15.0,0.57,15.0,0.56,15.0,0.7,7.9,0.71,15.0,0.72,15.0,0.73,15.0,0.74,15.0,0.3,7.9,0.29,15.0,0.28,15.0,0.27,15.0,0.26,15.0,0.35,7.0,0.38,10.0,0.42,15.0,0.43,15.0,0.44,15.0,0.05,0.05,44.883642,1776163651000
1776163653.252,153.252,0.65,7.0,0.62,10.0,0.58,15.0,0.57,15.0,0.56,15.0,0.7,7.9,0.71,15.0,0.72,15.0,0.73,15.0,0.74,15.0,0.3,7.9,0.29,15.0,0.28,15.0,0.27,15.0,0.26,15.0,0.35,7.0,0.38,10.0,0.42,15.0,0.43,15.0,0.44,15.0,0.05,0.05,44.883227,1776163652000
1776163654.295,154.295,0.65,7.0,0.62,10.0,0.58,15.0,0.57,15.0,0.56,15.0,0.7,7.9,0.71,15.0,0.72,15.0,0.73,15.0,0.74,15.0,0.3,7.9,0.29,15.0,0.28,15.0,0.27,15.0,0.26,15.0,0.35,7.0,0.38,10.0,0.42,15.0,0.43,15.0,0.44,15.0,0.05,0.05,44.887001,1776163653000
1776163655.212,155.212,0.65,7.0,0.62,10.0,0.58,15.0,0.57,15.0,0.56,15.0,0.7,7.9,0.71,15.0,0.72,15.0,0.73,15.0,0.74,15.0,0.3,7.9,0.29,15.0,0.28,15.0,0.27,15.0,0.26,15.0,0.35,7.0,0.38,10.0,0.42,15.0,0.43,15.0,0.44,15.0,0.05,0.05,44.891007,1776163654000
1776163656.159,156.159,0.65,7.0,0.62,10.0,0.58,15.0,0.57,15.0,0.56,15.0,0.7,7.9,0.71,15.0,0.72,15.0,0.73,15.0,0.74,15.0,0.3,7.9,0.29,15.0,0.28,15.0,0.27,15.0,0.26,15.0,0.35,7.0,0.38,10.0,0.42,15.0,0.43,15.0,0.44,15.0,0.05,0.05,44.886585,1776163655000
1776163657.202,157.202,0.65,7.0,0.62,10.0,0.58,15.0,0.57,15.0,0.56,15.0,0.7,7.9,0.71,15.0,0.72,15.0,0.73,15.0,0.74,15.0,0.3,7.9,0.29,15.0,0.28,15.0,0.27,15.0,0.26,15.0,0.35,7.0,0.38,10.0,0.42,15.0,0.43,15.0,0.44,15.0,0.05,0.05,44.886703,1776163656000
1776163658.248,158.248,0.65,7.0,0.62,10.0,0.58,15.0,0.57,15.0,0.56,15.0,0.7,7.9,0.71,15.0,0.72,15.0,0.73,15.0,0.74,15.0,0.3,7.9,0.29,15.0,0.28,15.0,0.27,15.0,0.26,15.0,0.35,7.0,0.38,10.0,0.42,15.0,0.43,15.0,0.44,15.0,0.05,0.05,44.890766,1776163657000
1776163659.297,159.297,0.65,7.0,0.62,10.0,0.58,15.0,0.57,15.0,0.56,15.0,0.7,7.9,0.71,15.0,0.72,15.0,0.73,15.0,0.74,15.0,0.3,7.9,0.29,15.0,0.28,15.0,0.27,15.0,0.26,15.0,0.35,7.0,0.38,10.0,0.42,15.0,0.43,15.0,0.44,15.0,0.05,0.05,44.89079,1776163658000
1776163660.277,160.277,0.65,7.0,0.62,10.0,0.58,15.0,0.57,15.0,0.56,15.0,0.7,7.9,0.71,15.0,0.72,15.0,0.73,15.0,0.74,15.0,0.3,7.9,0.29,15.0,0.28,15.0,0.27,15.0,0.26,15.0,0.35,7.0,0.38,10.0,0.42,15.0,0.43,15.0,0.44,15.0,0.05,0.05,44.891517,1776163659000
1776163661.322,161.322,0.65,7.0,0.62,10.0,0.58,15.0,0.57,15.0,0.56,15.0,0.7,7.9,0.71,15.0,0.72,15.0,0.73,15.0,0.74,15.0,0.3,7.9,0.29,15.0,0.28,15.0,0.27,15.0,0.26,15.0,0.35,7.0,0.38,10.0,0.42,15.0,0.43,15.0,0.44,15.0,0.05,0.05,44.891641,1776163660000
1776163662.504,162.504,0.65,7.0,0.62,10.0,0.58,15.0,0.57,15.0,0.56,15.0,0.7,7.9,0.71,15.0,0.72,15.0,0.73,15.0,0.74,15.0,0.3,7.9,0.29,15.0,0.28,15.0,0.27,15.0,0.26,15.0,0.35,7.0,0.38,10.0,0.42,15.0,0.43,15.0,0.44,15.0,0.05,0.05,44.891344,1776163661000
1776163663.441,163.441,0.65,7.0,0.62,10.0,0.58,15.0,0.57,15.0,0.56,15.0,0.7,7.9,0.71,15.0,0.72,15.0,0.73,15.0,0.74,15.0,0.3,7.9,0.29,15.0,0.28,15.0,0.27,15.0,0.26,15.0,0.35,7.0,0.38,10.0,0.42,15.0,0.43,15.0,0.44,15.0,0.05,0.05,44.891731,1776163662000
1776163664.074,164.074,0.65,7.0,0.62,10.0,0.58,15.0,0.57,15.0,0.56,15.0,0.7,7.9,0.71,15.0,0.72,15.0,0.73,15.0,0.74,15.0,0.3,7.9,0.29,15.0,0.28,15.0,0.27,15.0,0.26,15.0,0.35,7.0,0.38,10.0,0.42,15.0,0.43,15.0,0.44,15.0,0.05,0.05,44.89187,1776163663000
1776163666.253,166.253,0.65,7.0,0.62,10.0,0.58,15.0,0.57,15.0,0.56,15.0,0.7,7.9,0.71,15.0,0.72,15.0,0.73,15.0,0.74,15.0,0.3,7.9,0.29,15.0,0.28,15.0,0.27,15.0,0.26,15.0,0.35,7.0,0.38,10.0,0.42,15.0,0.43,15.0,0.44,15.0,0.05,0.05,44.892202,1776163664000
1776163666.848,166.848,0.65,7.0,0.62,10.0,0.58,15.0,0.57,15.0,0.56,15.0,0.7,7.9,0.71,15.0,0.72,15.0,0.73,15.0,0.74,15.0,0.3,7.9,0.29,15.0,0.28,15.0,0.27,15.0,0.26,15.0,0.35,7.0,0.38,10.0,0.42,15.0,0.43,15.0,0.44,15.0,0.05,0.05,44.892342,1776163665000
1776163667.698,167.698,0.65,7.0,0.62,10.0,0.58,15.0,0.57,15.0,0.56,15.0,0.7,7.9,0.71,15.0,0.72,15.0,0.73,15.0,0.74,15.0,0.3,7.9,0.29,15.0,0.28,15.0,0.27,15.0,0.26,15.0,0.35,7.0,0.38,10.0,0.42,15.0,0.43,15.0,0.44,15.0,0.05,0.05,44.892645,1776163666000
1776163668.42,168.42,0.65,7.0,0.62,10.0,0.58,15.0,0.57,15.0,0.56,15.0,0.7,7.9,0.71,15.0,0.72,15.0,0.73,15.0,0.74,15.0,0.3,7.9,0.29,15.0,0.28,15.0,0.27,15.0,0.26,15.0,0.35,7.0,0.38,10.0,0.42,15.0,0.43,15.0,0.44,15.0,0.05,0.05,44.890401,1776163667000
1776163669.017,169.017,0.65,7.0,0.62,10.0,0.58,15.0,0.57,15.0,0.56,15.0,0.7,7.9,0.71,15.0,0.72,15.0,0.73,15.0,0.74,15.0,0.3,7.9,0.29,15.0,0.28,15.0,0.27,15.0,0.26,15.0,0.35,7.0,0.38,10.0,0.42,15.0,0.43,15.0,0.44,15.0,0.05,0.05,44.890402,1776163668000
1776163670.548,170.548,0.65,7.0,0.62,10.0,0.58,15.0,0.57,15.0,0.56,15.0,0.7,7.9,0.71,15.0,0.72,15.0,0.73,15.0,0.74,15.0,0.3,7.9,0.29,15.0,0.28,15.0,0.27,15.0,0.26,15.0,0.35,7.0,0.38,10.0,0.42,15.0,0.43,15.0,0.44,15.0,0.05,0.05,44.894733,1776163669000
1776163671.318,171.318,0.65,7.0,0.62,10.0,0.58,15.0,0.57,15.0,0.56,15.0,0.7,7.9,0.71,15.0,0.72,15.0,0.73,15.0,0.74,15.0,0.3,7.9,0.29,15.0,0.28,15.0,0.27,15.0,0.26,15.0,0.35,7.0,0.38,10.0,0.42,15.0,0.43,15.0,0.44,15.0,0.05,0.05,44.89488,1776163670000
1776163672.71,172.71,0.65,7.0,0.62,10.0,0.58,15.0,0.57,15.0,0.56,15.0,0.7,7.9,0.71,15.0,0.72,15.0,0.73,15.0,0.74,15.0,0.3,7.9,0.29,15.0,0.28,15.0,0.27,15.0,0.26,15.0,0.35,7.0,0.38,10.0,0.42,15.0,0.43,15.0,0.44,15.0,0.05,0.05,44.895566,1776163671000
1776163673.344,173.344,0.65,7.0,0.62,10.0,0.58,15.0,0.57,15.0,0.56,15.0,0.7,7.9,0.71,15.0,0.72,15.0,0.73,15.0,0.74,15.0,0.3,7.9,0.29,15.0,0.28,15.0,0.27,15.0,0.26,15.0,0.35,7.0,0.38,10.0,0.42,15.0,0.43,15.0,0.44,15.0,0.05,0.05,44.895938,1776163672000
1776163674.158,174.158,0.65,7.0,0.62,10.0,0.58,15.0,0.57,15.0,0.56,15.0,0.7,7.9,0.71,15.0,0.72,15.0,0.73,15.0,0.74,15.0,0.3,7.9,0.29,15.0,0.28,15.0,0.27,15.0,0.26,15.0,0.35,7.0,0.38,10.0,0.42,15.0,0.43,15.0,0.44,15.0,0.05,0.05,44.895616,1776163673000
1776163675.709,175.709,0.65,7.0,0.62,10.0,0.58,15.0,0.57,15.0,0.56,15.0,0.7,7.9,0.71,15.0,0.72,15.0,0.73,15.0,0.74,15.0,0.3,7.9,0.29,15.0,0.28,15.0,0.27,15.0,0.26,15.0,0.35,7.0,0.38,10.0,0.42,15.0,0.43,15.0,0.44,15.0,0.05,0.05,44.897936,1776163674000
1776163676.327,176.327,0.65,7.0,0.62,10.0,0.58,15.0,0.57,15.0,0.56,15.0,0.7,7.9,0.71,15.0,0.72,15.0,0.73,15.0,0.74,15.0,0.3,7.9,0.29,15.0,0.28,15.0,0.27,15.0,0.26,15.0,0.35,7.0,0.38,10.0,0.42,15.0,0.43,15.0,0.44,15.0,0.05,0.05,44.897999,1776163675000
1776163677.653,177.653,0.65,7.0,0.62,10.0,0.58,15.0,0.57,15.0,0.56,15.0,0.7,7.9,0.71,15.0,0.72,15.0,0.73,15.0,0.74,15.0,0.3,7.9,0.29,15.0,0.28,15.0,0.27,15.0,0.26,15.0,0.35,7.0,0.38,10.0,0.42,15.0,0.43,15.0,0.44,15.0,0.05,0.05,44.898149,1776163676000
1776163678.44,178.44,0.65,7.0,0.62,10.0,0.58,15.0,0.57,15.0,0.56,15.0,0.7,7.9,0.71,15.0,0.72,15.0,0.73,15.0,0.74,15.0,0.3,7.9,0.29,15.0,0.28,15.0,0.27,15.0,0.26,15.0,0.35,7.0,0.38,10.0,0.42,15.0,0.43,15.0,0.44,15.0,0.05,0.05,44.898828,1776163677000
1776163679.168,179.168,0.65,7.0,0.62,10.0,0.58,15.0,0.57,15.0,0.56,15.0,0.7,7.9,0.71,15.0,0.72,15.0,0.73,15.0,0.74,15.0,0.3,7.9,0.29,15.0,0.28,15.0,0.27,15.0,0.26,15.0,0.35,7.0,0.38,10.0,0.42,15.0,0.43,15.0,0.44,15.0,0.05,0.05,44.898906,1776163678000
1776163680.026,180.026,0.65,7.0,0.62,10.0,0.58,15.0,0.57,15.0,0.56,15.0,0.7,7.9,0.71,15.0,0.72,15.0,0.73,15.0,0.74,15.0,0.3,7.9,0.29,15.0,0.28,15.0,0.27,15.0,0.26,15.0,0.35,7.0,0.38,10.0,0.42,15.0,0.43,15.0,0.44,15.0,0.05,0.05,44.898846,1776163679000
1776163681.028,181.028,0.65,7.0,0.62,10.0,0.58,15.0,0.57,15.0,0.56,15.0,0.7,7.9,0.71,15.0,0.72,15.0,0.73,15.0,0.74,15.0,0.3,7.9,0.29,15.0,0.28,15.0,0.27,15.0,0.26,15.0,0.35,7.0,0.38,10.0,0.42,15.0,0.43,15.0,0.44,15.0,0.05,0.05,44.898801,1776163680000
1776163682.072,182.072,0.65,7.0,0.62,10.0,0.58,15.0,0.57,15.0,0.56,15.0,0.7,7.9,0.71,15.0,0.72,15.0,0.73,15.0,0.74,15.0,0.3,7.9,0.29,15.0,0.28,15.0,0.27,15.0,0.26,15.0,0.35,7.0,0.38,10.0,0.42,15.0,0.43,15.0,0.44,15.0,0.05,0.05,44.89882,1776163681000
1776163682.396,182.396,0.54,4.23,0.53,24.0,0.52,15.0,0.51,24.8,0.5,15.0,0.86,15.0,0.87,15.0,0.88,56.0,0.89,15.0,0.9,15.0,0.3,7.9,0.29,15.0,0.28,15.0,0.27,15.0,0.26,15.0,0.35,7.0,0.38,10.0,0.42,15.0,0.43,15.0,0.44,15.0,0.32,0.05,44.89882,1776163681000
1776163683.167,183.167,0.54,4.23,0.53,24.0,0.52,15.0,0.51,24.8,0.5,15.0,0.86,15.0,0.87,15.0,0.88,56.0,0.89,15.0,0.9,15.0,0.14,15.0,0.13,15.0,0.12,56.0,0.11,15.0,0.1,15.0,0.46,4.23,0.47,24.0,0.48,15.0,0.49,24.8,0.5,15.0,0.32,0.32,44.898811,1776163682000
1776163684.275,184.275,0.54,4.23,0.53,24.0,0.52,15.0,0.51,24.8,0.5,15.0,0.86,15.0,0.87,15.0,0.88,56.0,0.89,15.0,0.9,15.0,0.14,15.0,0.13,15.0,0.12,56.0,0.11,15.0,0.1,15.0,0.46,4.23,0.47,24.0,0.48,15.0,0.49,24.8,0.5,15.0,0.32,0.32,44.893458,1776163683000
1776163685.32,185.32,0.54,4.23,0.53,24.0,0.52,15.0,0.51,24.8,0.5,15.0,0.86,15.0,0.87,15.0,0.88,56.0,0.89,15.0,0.9,15.0,0.14,15.0,0.13,15.0,0.12,56.0,0.11,15.0,0.1,15.0,0.46,4.23,0.47,24.0,0.48,15.0,0.49,24.8,0.5,15.0,0.32,0.32,44.888973,1776163684000
1776163685.909,185.909,0.54,4.23,0.53,24.0,0.52,15.0,0.51,24.8,0.5,15.0,0.86,15.0,0.87,15.0,0.88,56.0,0.89,15.0,0.9,15.0,0.14,15.0,0.13,15.0,0.12,56.0,0.11,15.0,0.1,15.0,0.46,4.23,0.47,24.0,0.48,15.0,0.49,24.8,0.5,15.0,0.32,0.32,44.888542,1776163685000
1776163687.021,187.021,0.54,4.23,0.53,24.0,0.52,15.0,0.51,24.8,0.5,15.0,0.86,15.0,0.87,15.0,0.88,56.0,0.89,15.0,0.9,15.0,0.14,15.0,0.13,15.0,0.12,56.0,0.11,15.0,0.1,15.0,0.46,4.23,0.47,24.0,0.48,15.0,0.49,24.8,0.5,15.0,0.32,0.32,44.886159,1776163686000
1776163688.101,188.101,0.54,4.23,0.53,24.0,0.52,15.0,0.51,24.8,0.5,15.0,0.86,15.0,0.87,15.0,0.88,56.0,0.89,15.0,0.9,15.0,0.14,15.0,0.13,15.0,0.12,56.0,0.11,15.0,0.1,15.0,0.46,4.23,0.47,24.0,0.48,15.0,0.49,24.8,0.5,15.0,0.32,0.32,44.884778,1776163687000
1776163688.598,188.598,0.51,3.73,0.27,10.0,0.26,15.0,0.25,15.0,0.24,15.0,0.62,71.0,0.63,7.0,0.75,15.0,0.76,15.0,0.77,15.0,0.14,15.0,0.13,15.0,0.12,56.0,0.11,15.0,0.1,15.0,0.46,4.23,0.47,24.0,0.48,15.0,0.49,24.8,0.5,15.0,0.11,0.32,44.884778,1776163687000
1776163689.248,189.248,0.27,10.0,0.19,15.0,0.18,15.0,0.17,15.0,0.16,15.0,0.44,6.27,0.62,83.81,0.63,7.0,0.75,15.0,0.76,15.0,0.56,6.27,0.38,83.81,0.37,7.0,0.25,15.0,0.24,15.0,0.73,10.0,0.81,15.0,0.82,15.0,0.83,15.0,0.84,15.0,0.17,0.17,44.883168,1776163688000
1776163690.268,190.268,0.27,10.0,0.19,15.0,0.18,15.0,0.17,15.0,0.16,15.0,0.44,6.27,0.62,83.81,0.63,7.0,0.75,15.0,0.76,15.0,0.56,6.27,0.38,83.81,0.37,7.0,0.25,15.0,0.24,15.0,0.73,10.0,0.81,15.0,0.82,15.0,0.83,15.0,0.84,15.0,0.17,0.17,44.881337,1776163689000
1776163691.25,191.25,0.18,15.0,0.17,15.0,0.16,15.0,0.15,15.0,0.14,15.0,0.24,10.0,0.62,74.0,0.72,15.0,0.73,15.0,0.74,15.0,0.76,10.0,0.38,74.0,0.28,15.0,0.27,15.0,0.26,15.0,0.82,15.0,0.83,15.0,0.84,15.0,0.85,15.0,0.86,15.0,0.06,0.06,44.851535,1776163690000
1776163692.233,192.233,0.18,15.0,0.17,15.0,0.16,15.0,0.15,15.0,0.14,15.0,0.24,10.0,0.62,74.0,0.72,15.0,0.73,15.0,0.74,15.0,0.76,10.0,0.38,74.0,0.28,15.0,0.27,15.0,0.26,15.0,0.82,15.0,0.83,15.0,0.84,15.0,0.85,15.0,0.86,15.0,0.06,0.06,44.83565,1776163691000
1776163692.862,192.862,0.18,15.0,0.17,15.0,0.16,15.0,0.15,15.0,0.14,15.0,0.24,10.0,0.62,74.0,0.72,15.0,0.73,15.0,0.74,15.0,0.76,10.0,0.38,74.0,0.28,15.0,0.27,15.0,0.26,15.0,0.82,15.0,0.83,15.0,0.84,15.0,0.85,15.0,0.86,15.0,0.06,0.06,44.834901,1776163692000
1776163694.679,194.679,0.18,15.0,0.17,15.0,0.16,15.0,0.15,15.0,0.14,15.0,0.24,10.0,0.62,74.0,0.72,15.0,0.73,15.0,0.74,15.0,0.76,10.0,0.38,74.0,0.28,15.0,0.27,15.0,0.26,15.0,0.82,15.0,0.83,15.0,0.84,15.0,0.85,15.0,0.86,15.0,0.06,0.06,44.831428,1776163693000
1776163695.336,195.336,0.18,15.0,0.17,15.0,0.16,15.0,0.15,15.0,0.14,15.0,0.24,10.0,0.62,74.0,0.72,15.0,0.73,15.0,0.74,15.0,0.76,10.0,0.38,74.0,0.28,15.0,0.27,15.0,0.26,15.0,0.82,15.0,0.83,15.0,0.84,15.0,0.85,15.0,0.86,15.0,0.06,0.06,44.830974,1776163694000
1776163695.908,195.908,0.18,15.0,0.17,15.0,0.16,15.0,0.15,15.0,0.14,15.0,0.24,10.0,0.62,74.0,0.72,15.0,0.73,15.0,0.74,15.0,0.76,10.0,0.38,74.0,0.28,15.0,0.27,15.0,0.26,15.0,0.82,15.0,0.83,15.0,0.84,15.0,0.85,15.0,0.86,15.0,0.06,0.06,44.826822,1776163695000
1776163697.119,197.119,0.18,15.0,0.17,15.0,0.16,15.0,0.15,15.0,0.14,15.0,0.24,10.0,0.62,74.0,0.72,15.0,0.73,15.0,0.74,15.0,0.76,10.0,0.38,74.0,0.28,15.0,0.27,15.0,0.26,15.0,0.82,15.0,0.83,15.0,0.84,15.0,0.85,15.0,0.86,15.0,0.06,0.06,44.824464,1776163696000
1776163698.227,198.227,0.18,15.0,0.17,15.0,0.16,15.0,0.15,15.0,0.14,15.0,0.24,10.0,0.62,74.0,0.72,15.0,0.73,15.0,0.74,15.0,0.76,10.0,0.38,74.0,0.28,15.0,0.27,15.0,0.26,15.0,0.82,15.0,0.83,15.0,0.84,15.0,0.85,15.0,0.86,15.0,0.06,0.06,44.82289,1776163697000
1776163699.251,199.251,0.18,15.0,0.17,15.0,0.16,15.0,0.15,15.0,0.14,15.0,0.24,10.0,0.62,74.0,0.72,15.0,0.73,15.0,0.74,15.0,0.76,10.0,0.38,74.0,0.28,15.0,0.27,15.0,0.26,15.0,0.82,15.0,0.83,15.0,0.84,15.0,0.85,15.0,0.86,15.0,0.06,0.06,44.820446,1776163698000
1776163700.418,200.418,0.18,15.0,0.17,15.0,0.16,15.0,0.15,15.0,0.14,15.0,0.24,10.0,0.62,74.0,0.72,15.0,0.73,15.0,0.74,15.0,0.76,10.0,0.38,74.0,0.28,15.0,0.27,15.0,0.26,15.0,0.82,15.0,0.83,15.0,0.84,15.0,0.85,15.0,0.86,15.0,0.06,0.06,44.819777,1776163699000
1776163701.324,201.324,0.18,15.0,0.17,15.0,0.16,15.0,0.15,15.0,0.14,15.0,0.24,10.0,0.62,74.0,0.72,15.0,0.73,15.0,0.74,15.0,0.76,10.0,0.38,74.0,0.28,15.0,0.27,15.0,0.26,15.0,0.82,15.0,0.83,15.0,0.84,15.0,0.85,15.0,0.86,15.0,0.06,0.06,44.826609,1776163700000
1776163701.9,201.9,0.18,15.0,0.17,15.0,0.16,15.0,0.15,15.0,0.14,15.0,0.24,10.0,0.62,74.0,0.72,15.0,0.73,15.0,0.74,15.0,0.76,10.0,0.38,74.0,0.28,15.0,0.27,15.0,0.26,15.0,0.82,15.0,0.83,15.0,0.84,15.0,0.85,15.0,0.86,15.0,0.06,0.06,44.827107,1776163701000
1776163703.045,203.045,0.18,15.0,0.17,15.0,0.16,15.0,0.15,15.0,0.14,15.0,0.24,10.0,0.62,74.0,0.72,15.0,0.73,15.0,0.74,15.0,0.76,10.0,0.38,74.0,0.28,15.0,0.27,15.0,0.26,15.0,0.82,15.0,0.83,15.0,0.84,15.0,0.85,15.0,0.86,15.0,0.06,0.06,44.829203,1776163702000
1776163704.223,204.223,0.18,15.0,0.17,15.0,0.16,15.0,0.15,15.0,0.14,15.0,0.24,10.0,0.62,74.0,0.72,15.0,0.73,15.0,0.74,15.0,0.76,10.0,0.38,74.0,0.28,15.0,0.27,15.0,0.26,15.0,0.82,15.0,0.83,15.0,0.84,15.0,0.85,15.0,0.86,15.0,0.06,0.06,44.831361,1776163703000
1776163704.595,204.595,0.21,20.46,0.18,15.0,0.17,15.0,0.16,15.0,0.15,25.0,0.32,10.0,0.4,38.0,0.45,9.0,0.5,15.0,0.51,15.0,0.76,10.0,0.38,74.0,0.28,15.0,0.27,15.0,0.26,15.0,0.82,15.0,0.83,15.0,0.84,15.0,0.85,15.0,0.86,15.0,0.11,0.06,44.831361,1776163703000
1776163705.271,205.271,0.21,20.46,0.18,15.0,0.17,15.0,0.16,15.0,0.15,25.0,0.32,10.0,0.4,38.0,0.45,9.0,0.5,15.0,0.51,15.0,0.68,10.0,0.6,38.0,0.55,9.0,0.5,15.0,0.49,15.0,0.79,20.46,0.82,15.0,0.83,15.0,0.84,15.0,0.85,25.0,0.11,0.11,44.834226,1776163704000
1776163706.492,206.492,0.21,20.46,0.18,15.0,0.17,15.0,0.16,15.0,0.15,25.0,0.32,10.0,0.4,38.0,0.45,9.0,0.5,15.0,0.51,15.0,0.68,10.0,0.6,38.0,0.55,9.0,0.5,15.0,0.49,15.0,0.79,20.46,0.82,15.0,0.83,15.0,0.84,15.0,0.85,25.0,0.11,0.11,44.831658,1776163705000
1776163707.094,207.094,0.21,20.46,0.18,15.0,0.17,15.0,0.16,15.0,0.15,25.0,0.32,10.0,0.4,38.0,0.45,9.0,0.5,15.0,0.51,15.0,0.68,10.0,0.6,38.0,0.55,9.0,0.5,15.0,0.49,15.0,0.79,20.46,0.82,15.0,0.83,15.0,0.84,15.0,0.85,25.0,0.11,0.11,44.831623,1776163706000
1776163708.766,208.766,0.21,20.46,0.18,15.0,0.17,15.0,0.16,15.0,0.15,25.0,0.32,10.0,0.4,38.0,0.45,9.0,0.5,15.0,0.51,15.0,0.68,10.0,0.6,38.0,0.55,9.0,0.5,15.0,0.49,15.0,0.79,20.46,0.82,15.0,0.83,15.0,0.84,15.0,0.85,25.0,0.11,0.11,44.838318,1776163707000
1776163709.139,209.139,0.21,20.46,0.18,15.0,0.17,15.0,0.16,15.0,0.15,25.0,0.32,10.0,0.4,38.0,0.45,9.0,0.5,15.0,0.51,15.0,0.68,10.0,0.6,38.0,0.55,9.0,0.5,15.0,0.49,15.0,0.79,20.46,0.82,15.0,0.83,15.0,0.84,15.0,0.85,25.0,0.11,0.11,44.838318,1776163708000
1776163710.117,210.117,0.21,20.46,0.18,15.0,0.17,15.0,0.16,15.0,0.15,25.0,0.32,10.0,0.4,38.0,0.45,9.0,0.5,15.0,0.51,15.0,0.68,10.0,0.6,38.0,0.55,9.0,0.5,15.0,0.49,15.0,0.79,20.46,0.82,15.0,0.83,15.0,0.84,15.0,0.85,25.0,0.11,0.11,44.837683,1776163709000
1776163710.387,210.387,0.23,9.95,0.22,15.0,0.21,15.0,0.2,40.0,0.19,15.0,0.31,10.0,0.4,38.0,0.41,15.0,0.42,15.0,0.43,15.0,0.68,10.0,0.6,38.0,0.55,9.0,0.5,15.0,0.49,15.0,0.79,20.46,0.82,15.0,0.83,15.0,0.84,15.0,0.85,25.0,0.08,0.11,44.837683,1776163709000
1776163711.059,211.059,0.23,4.9,0.22,15.0,0.21,15.0,0.2,40.0,0.19,15.0,0.31,10.0,0.4,38.0,0.41,15.0,0.42,15.0,0.43,15.0,0.69,10.0,0.6,38.0,0.59,15.0,0.58,15.0,0.57,15.0,0.77,4.9,0.78,15.0,0.79,15.0,0.8,40.0,0.81,15.0,0.08,0.08,44.837682,1776163710000
1776163712.172,212.172,0.23,4.9,0.22,15.0,0.21,15.0,0.2,40.0,0.19,15.0,0.31,10.0,0.4,38.0,0.41,15.0,0.42,15.0,0.43,15.0,0.69,10.0,0.6,38.0,0.59,15.0,0.58,15.0,0.57,15.0,0.77,4.9,0.78,15.0,0.79,15.0,0.8,40.0,0.81,15.0,0.08,0.08,44.837475,1776163711000
1776163713.066,213.066,0.23,4.9,0.22,15.0,0.21,15.0,0.2,40.0,0.19,15.0,0.31,10.0,0.4,38.0,0.41,15.0,0.42,15.0,0.43,15.0,0.69,10.0,0.6,38.0,0.59,15.0,0.58,15.0,0.57,15.0,0.77,4.9,0.78,15.0,0.79,15.0,0.8,40.0,0.81,15.0,0.08,0.08,44.837485,1776163712000
1776163713.994,213.994,0.23,4.9,0.22,15.0,0.21,15.0,0.2,40.0,0.19,15.0,0.31,10.0,0.4,38.0,0.41,15.0,0.42,15.0,0.43,15.0,0.69,10.0,0.6,38.0,0.59,15.0,0.58,15.0,0.57,15.0,0.77,4.9,0.78,15.0,0.79,15.0,0.8,40.0,0.81,15.0,0.08,0.08,44.837331,1776163713000
1776163714.942,214.942,0.23,4.9,0.22,15.0,0.21,15.0,0.2,40.0,0.19,15.0,0.31,10.0,0.4,38.0,0.41,15.0,0.42,15.0,0.43,15.0,0.69,10.0,0.6,38.0,0.59,15.0,0.58,15.0,0.57,15.0,0.77,4.9,0.78,15.0,0.79,15.0,0.8,40.0,0.81,15.0,0.08,0.08,44.837331,1776163714000
1776163715.889,215.889,0.23,4.9,0.22,15.0,0.21,15.0,0.2,40.0,0.19,15.0,0.31,10.0,0.4,38.0,0.41,15.0,0.42,15.0,0.43,15.0,0.69,10.0,0.6,38.0,0.59,15.0,0.58,15.0,0.57,15.0,0.77,4.9,0.78,15.0,0.79,15.0,0.8,40.0,0.81,15.0,0.08,0.08,44.837331,1776163715000
1776163716.964,216.964,0.23,4.9,0.22,15.0,0.21,15.0,0.2,40.0,0.19,15.0,0.31,10.0,0.4,38.0,0.41,15.0,0.42,15.0,0.43,15.0,0.69,10.0,0.6,38.0,0.59,15.0,0.58,15.0,0.57,15.0,0.77,4.9,0.78,15.0,0.79,15.0,0.8,40.0,0.81,15.0,0.08,0.08,44.838902,1776163716000
1776163718.324,218.324,0.23,4.9,0.22,15.0,0.21,15.0,0.2,40.0,0.19,15.0,0.31,10.0,0.4,38.0,0.41,15.0,0.42,15.0,0.43,15.0,0.69,10.0,0.6,38.0,0.59,15.0,0.58,15.0,0.57,15.0,0.77,4.9,0.78,15.0,0.79,15.0,0.8,40.0,0.81,15.0,0.08,0.08,44.838939,1776163717000
1776163719.249,219.249,0.23,4.9,0.22,15.0,0.21,15.0,0.2,40.0,0.19,15.0,0.31,10.0,0.4,38.0,0.41,15.0,0.42,15.0,0.43,15.0,0.69,10.0,0.6,38.0,0.59,15.0,0.58,15.0,0.57,15.0,0.77,4.9,0.78,15.0,0.79,15.0,0.8,40.0,0.81,15.0,0.08,0.08,44.832255,1776163718000
1776163720.283,220.283,0.23,4.9,0.22,15.0,0.21,15.0,0.2,40.0,0.19,15.0,0.31,10.0,0.4,38.0,0.41,15.0,0.42,15.0,0.43,15.0,0.69,10.0,0.6,38.0,0.59,15.0,0.58,15.0,0.57,15.0,0.77,4.9,0.78,15.0,0.79,15.0,0.8,40.0,0.81,15.0,0.08,0.08,44.829548,1776163719000
1776163721.31,221.31,0.23,4.9,0.22,15.0,0.21,15.0,0.2,40.0,0.19,15.0,0.31,10.0,0.4,38.0,0.41,15.0,0.42,15.0,0.43,15.0,0.69,10.0,0.6,38.0,0.59,15.0,0.58,15.0,0.57,15.0,0.77,4.9,0.78,15.0,0.79,15.0,0.8,40.0,0.81,15.0,0.08,0.08,44.829548,1776163720000
1776163722.255,222.255,0.23,4.9,0.22,15.0,0.21,15.0,0.2,40.0,0.19,15.0,0.31,10.0,0.4,38.0,0.41,15.0,0.42,15.0,0.43,15.0,0.69,10.0,0.6,38.0,0.59,15.0,0.58,15.0,0.57,15.0,0.77,4.9,0.78,15.0,0.79,15.0,0.8,40.0,0.81,15.0,0.08,0.08,44.830532,1776163721000
1776163723.293,223.293,0.23,4.9,0.22,15.0,0.21,15.0,0.2,40.0,0.19,15.0,0.31,10.0,0.4,38.0,0.41,15.0,0.42,15.0,0.43,15.0,0.69,10.0,0.6,38.0,0.59,15.0,0.58,15.0,0.57,15.0,0.77,4.9,0.78,15.0,0.79,15.0,0.8,40.0,0.81,15.0,0.08,0.08,44.832174,1776163722000
1776163724.176,224.176,0.23,4.9,0.22,15.0,0.21,15.0,0.2,40.0,0.19,15.0,0.31,10.0,0.4,38.0,0.41,15.0,0.42,15.0,0.43,15.0,0.69,10.0,0.6,38.0,0.59,15.0,0.58,15.0,0.57,15.0,0.77,4.9,0.78,15.0,0.79,15.0,0.8,40.0,0.81,15.0,0.08,0.08,44.825891,1776163723000
1776163725.17,225.17,0.23,4.9,0.22,15.0,0.21,15.0,0.2,40.0,0.19,15.0,0.31,10.0,0.4,38.0,0.41,15.0,0.42,15.0,0.43,15.0,0.69,10.0,0.6,38.0,0.59,15.0,0.58,15.0,0.57,15.0,0.77,4.9,0.78,15.0,0.79,15.0,0.8,40.0,0.81,15.0,0.08,0.08,44.83444,1776163724000
1776163726.145,226.145,0.23,4.9,0.22,15.0,0.21,15.0,0.2,40.0,0.19,15.0,0.31,10.0,0.4,38.0,0.41,15.0,0.42,15.0,0.43,15.0,0.69,10.0,0.6,38.0,0.59,15.0,0.58,15.0,0.57,15.0,0.77,4.9,0.78,15.0,0.79,15.0,0.8,40.0,0.81,15.0,0.08,0.08,44.834308,1776163725000
1776163727.094,227.094,0.23,4.9,0.22,15.0,0.21,15.0,0.2,40.0,0.19,15.0,0.31,10.0,0.4,38.0,0.41,15.0,0.42,15.0,0.43,15.0,0.69,10.0,0.6,38.0,0.59,15.0,0.58,15.0,0.57,15.0,0.77,4.9,0.78,15.0,0.79,15.0,0.8,40.0,0.81,15.0,0.08,0.08,44.833445,1776163726000
1776163728.15,228.15,0.23,4.9,0.22,15.0,0.21,15.0,0.2,40.0,0.19,15.0,0.31,10.0,0.4,38.0,0.41,15.0,0.42,15.0,0.43,15.0,0.69,10.0,0.6,38.0,0.59,15.0,0.58,15.0,0.57,15.0,0.77,4.9,0.78,15.0,0.79,15.0,0.8,40.0,0.81,15.0,0.08,0.08,44.834325,1776163727000
1776163729.28,229.28,0.23,4.9,0.22,15.0,0.21,15.0,0.2,40.0,0.19,15.0,0.31,10.0,0.4,38.0,0.41,15.0,0.42,15.0,0.43,15.0,0.69,10.0,0.6,38.0,0.59,15.0,0.58,15.0,0.57,15.0,0.77,4.9,0.78,15.0,0.79,15.0,0.8,40.0,0.81,15.0,0.08,0.08,44.830442,1776163728000
1776163730.244,230.244,0.23,4.9,0.22,15.0,0.21,15.0,0.2,40.0,0.19,15.0,0.31,10.0,0.4,38.0,0.41,15.0,0.42,15.0,0.43,15.0,0.69,10.0,0.6,38.0,0.59,15.0,0.58,15.0,0.57,15.0,0.77,4.9,0.78,15.0,0.79,15.0,0.8,40.0,0.81,15.0,0.08,0.08,44.832236,1776163729000
1776163731.198,231.198,0.23,4.9,0.22,15.0,0.21,15.0,0.2,40.0,0.19,15.0,0.31,10.0,0.4,38.0,0.41,15.0,0.42,15.0,0.43,15.0,0.69,10.0,0.6,38.0,0.59,15.0,0.58,15.0,0.57,15.0,0.77,4.9,0.78,15.0,0.79,15.0,0.8,40.0,0.81,15.0,0.08,0.08,44.832665,1776163730000
1776163732.21,232.21,0.23,4.9,0.22,15.0,0.21,15.0,0.2,40.0,0.19,15.0,0.31,10.0,0.4,38.0,0.41,15.0,0.42,15.0,0.43,15.0,0.69,10.0,0.6,38.0,0.59,15.0,0.58,15.0,0.57,15.0,0.77,4.9,0.78,15.0,0.79,15.0,0.8,40.0,0.81,15.0,0.08,0.08,44.83485,1776163731000
1776163733.138,233.138,0.23,4.9,0.22,15.0,0.21,15.0,0.2,40.0,0.19,15.0,0.31,10.0,0.4,38.0,0.41,15.0,0.42,15.0,0.43,15.0,0.69,10.0,0.6,38.0,0.59,15.0,0.58,15.0,0.57,15.0,0.77,4.9,0.78,15.0,0.79,15.0,0.8,40.0,0.81,15.0,0.08,0.08,44.835004,1776163732000
1776163734.091,234.091,0.23,4.9,0.22,15.0,0.21,15.0,0.2,40.0,0.19,15.0,0.31,10.0,0.4,38.0,0.41,15.0,0.42,15.0,0.43,15.0,0.69,10.0,0.6,38.0,0.59,15.0,0.58,15.0,0.57,15.0,0.77,4.9,0.78,15.0,0.79,15.0,0.8,40.0,0.81,15.0,0.08,0.08,44.835297,1776163733000
1776163735.08,235.08,0.23,4.9,0.22,15.0,0.21,15.0,0.2,40.0,0.19,15.0,0.31,10.0,0.4,38.0,0.41,15.0,0.42,15.0,0.43,15.0,0.69,10.0,0.6,38.0,0.59,15.0,0.58,15.0,0.57,15.0,0.77,4.9,0.78,15.0,0.79,15.0,0.8,40.0,0.81,15.0,0.08,0.08,44.835699,1776163734000
1776163736.124,236.124,0.23,4.9,0.22,15.0,0.21,15.0,0.2,40.0,0.19,15.0,0.31,10.0,0.4,38.0,0.41,15.0,0.42,15.0,0.43,15.0,0.69,10.0,0.6,38.0,0.59,15.0,0.58,15.0,0.57,15.0,0.77,4.9,0.78,15.0,0.79,15.0,0.8,40.0,0.81,15.0,0.08,0.08,44.835699,1776163735000
1776163737.114,237.114,0.23,4.9,0.22,15.0,0.21,15.0,0.2,40.0,0.19,15.0,0.31,10.0,0.4,38.0,0.41,15.0,0.42,15.0,0.43,15.0,0.69,10.0,0.6,38.0,0.59,15.0,0.58,15.0,0.57,15.0,0.77,4.9,0.78,15.0,0.79,15.0,0.8,40.0,0.81,15.0,0.08,0.08,44.835572,1776163736000
1776163738.011,238.011,0.23,4.9,0.22,15.0,0.21,15.0,0.2,40.0,0.19,15.0,0.31,10.0,0.4,38.0,0.41,15.0,0.42,15.0,0.43,15.0,0.69,10.0,0.6,38.0,0.59,15.0,0.58,15.0,0.57,15.0,0.77,4.9,0.78,15.0,0.79,15.0,0.8,40.0,0.81,15.0,0.08,0.08,44.834642,1776163737000
1776163739.011,239.011,0.23,4.9,0.22,15.0,0.21,15.0,0.2,40.0,0.19,15.0,0.31,10.0,0.4,38.0,0.41,15.0,0.42,15.0,0.43,15.0,0.69,10.0,0.6,38.0,0.59,15.0,0.58,15.0,0.57,15.0,0.77,4.9,0.78,15.0,0.79,15.0,0.8,40.0,0.81,15.0,0.08,0.08,44.834642,1776163738000
1776163739.889,239.889,0.23,4.9,0.22,15.0,0.21,15.0,0.2,40.0,0.19,15.0,0.31,10.0,0.4,38.0,0.41,15.0,0.42,15.0,0.43,15.0,0.69,10.0,0.6,38.0,0.59,15.0,0.58,15.0,0.57,15.0,0.77,4.9,0.78,15.0,0.79,15.0,0.8,40.0,0.81,15.0,0.08,0.08,44.836279,1776163739000
1776163740.887,240.887,0.23,4.9,0.22,15.0,0.21,15.0,0.2,40.0,0.19,15.0,0.31,10.0,0.4,38.0,0.41,15.0,0.42,15.0,0.43,15.0,0.69,10.0,0.6,38.0,0.59,15.0,0.58,15.0,0.57,15.0,0.77,4.9,0.78,15.0,0.79,15.0,0.8,40.0,0.81,15.0,0.08,0.08,44.840319,1776163740000
1776163742.375,242.375,0.23,4.9,0.22,15.0,0.21,15.0,0.2,40.0,0.19,15.0,0.31,10.0,0.4,38.0,0.41,15.0,0.42,15.0,0.43,15.0,0.69,10.0,0.6,38.0,0.59,15.0,0.58,15.0,0.57,15.0,0.77,4.9,0.78,15.0,0.79,15.0,0.8,40.0,0.81,15.0,0.08,0.08,44.843014,1776163741000
1776163743.418,243.418,0.23,4.9,0.22,15.0,0.21,15.0,0.2,40.0,0.19,15.0,0.31,10.0,0.4,38.0,0.41,15.0,0.42,15.0,0.43,15.0,0.69,10.0,0.6,38.0,0.59,15.0,0.58,15.0,0.57,15.0,0.77,4.9,0.78,15.0,0.79,15.0,0.8,40.0,0.81,15.0,0.08,0.08,44.845712,1776163742000
1776163744.324,244.324,0.23,4.9,0.22,15.0,0.21,15.0,0.2,40.0,0.19,15.0,0.31,10.0,0.4,38.0,0.41,15.0,0.42,15.0,0.43,15.0,0.69,10.0,0.6,38.0,0.59,15.0,0.58,15.0,0.57,15.0,0.77,4.9,0.78,15.0,0.79,15.0,0.8,40.0,0.81,15.0,0.08,0.08,44.847225,1776163743000
1776163745.194,245.194,0.3,9.35,0.29,15.0,0.28,15.0,0.27,15.0,0.26,15.0,0.31,7.0,0.42,10.0,0.49,15.0,0.5,15.0,0.51,15.0,0.69,7.0,0.58,10.0,0.51,15.0,0.5,15.0,0.49,15.0,0.7,9.35,0.71,15.0,0.72,15.0,0.73,15.0,0.74,15.0,0.01,0.01,44.846918,1776163744000
1776163746.673,246.673,0.3,9.35,0.29,15.0,0.28,15.0,0.27,15.0,0.26,15.0,0.31,7.0,0.42,10.0,0.49,15.0,0.5,15.0,0.51,15.0,0.69,7.0,0.58,10.0,0.51,15.0,0.5,15.0,0.49,15.0,0.7,9.35,0.71,15.0,0.72,15.0,0.73,15.0,0.74,15.0,0.01,0.01,44.847472,1776163745000
1776163747.17,247.17,0.3,9.35,0.29,15.0,0.28,15.0,0.27,15.0,0.26,15.0,0.31,7.0,0.42,10.0,0.49,15.0,0.5,15.0,0.51,15.0,0.69,7.0,0.58,10.0,0.51,15.0,0.5,15.0,0.49,15.0,0.7,9.35,0.71,15.0,0.72,15.0,0.73,15.0,0.74,15.0,0.01,0.01,44.847632,1776163746000
1776163748.236,248.236,0.3,9.35,0.29,15.0,0.28,15.0,0.27,15.0,0.26,15.0,0.31,7.0,0.42,10.0,0.49,15.0,0.5,15.0,0.51,15.0,0.69,7.0,0.58,10.0,0.51,15.0,0.5,15.0,0.49,15.0,0.7,9.35,0.71,15.0,0.72,15.0,0.73,15.0,0.74,15.0,0.01,0.01,44.847676,1776163747000
1776163749.377,249.377,0.3,9.35,0.29,15.0,0.28,15.0,0.27,15.0,0.26,15.0,0.31,7.0,0.42,10.0,0.49,15.0,0.5,15.0,0.51,15.0,0.69,7.0,0.58,10.0,0.51,15.0,0.5,15.0,0.49,15.0,0.7,9.35,0.71,15.0,0.72,15.0,0.73,15.0,0.74,15.0,0.01,0.01,44.847455,1776163748000
1776163750.397,250.397,0.3,9.35,0.29,15.0,0.28,15.0,0.27,15.0,0.26,15.0,0.31,7.0,0.42,10.0,0.49,15.0,0.5,15.0,0.51,15.0,0.69,7.0,0.58,10.0,0.51,15.0,0.5,15.0,0.49,15.0,0.7,9.35,0.71,15.0,0.72,15.0,0.73,15.0,0.74,15.0,0.01,0.01,44.848558,1776163749000
1776163751.379,251.379,0.3,9.35,0.29,15.0,0.28,15.0,0.27,15.0,0.26,15.0,0.31,7.0,0.42,10.0,0.49,15.0,0.5,15.0,0.51,15.0,0.69,7.0,0.58,10.0,0.51,15.0,0.5,15.0,0.49,15.0,0.7,9.35,0.71,15.0,0.72,15.0,0.73,15.0,0.74,15.0,0.01,0.01,44.849997,1776163750000
1776163752.034,252.034,0.3,9.35,0.29,15.0,0.28,15.0,0.27,15.0,0.26,15.0,0.31,7.0,0.42,10.0,0.49,15.0,0.5,15.0,0.51,15.0,0.69,7.0,0.58,10.0,0.51,15.0,0.5,15.0,0.49,15.0,0.7,9.35,0.71,15.0,0.72,15.0,0.73,15.0,0.74,15.0,0.01,0.01,44.850031,1776163751000
1776163753.203,253.203,0.3,9.35,0.29,15.0,0.28,15.0,0.27,15.0,0.26,15.0,0.31,7.0,0.42,10.0,0.49,15.0,0.5,15.0,0.51,15.0,0.69,7.0,0.58,10.0,0.51,15.0,0.5,15.0,0.49,15.0,0.7,9.35,0.71,15.0,0.72,15.0,0.73,15.0,0.74,15.0,0.01,0.01,44.851375,1776163752000
1776163754.307,254.307,0.3,9.35,0.29,15.0,0.28,15.0,0.27,15.0,0.26,15.0,0.31,7.0,0.42,10.0,0.49,15.0,0.5,15.0,0.51,15.0,0.69,7.0,0.58,10.0,0.51,15.0,0.5,15.0,0.49,15.0,0.7,9.35,0.71,15.0,0.72,15.0,0.73,15.0,0.74,15.0,0.01,0.01,44.851226,1776163753000
1776163755.447,255.447,0.3,9.35,0.29,15.0,0.28,15.0,0.27,15.0,0.26,15.0,0.31,7.0,0.42,10.0,0.49,15.0,0.5,15.0,0.51,15.0,0.69,7.0,0.58,10.0,0.51,15.0,0.5,15.0,0.49,15.0,0.7,9.35,0.71,15.0,0.72,15.0,0.73,15.0,0.74,15.0,0.01,0.01,44.851184,1776163754000
1776163755.89,255.89,0.28,6.0,0.27,9.0,0.26,15.0,0.25,15.0,0.24,15.0,0.31,7.0,0.35,10.0,0.37,13.0,0.4,15.0,0.41,15.0,0.69,7.0,0.65,10.0,0.63,13.0,0.6,15.0,0.59,15.0,0.72,6.0,0.73,9.0,0.74,15.0,0.75,15.0,0.76,15.0,0.03,0.03,44.850934,1776163755000
1776163757.045,257.045,0.28,6.0,0.27,9.0,0.26,15.0,0.25,15.0,0.24,15.0,0.31,7.0,0.35,10.0,0.37,13.0,0.4,15.0,0.41,15.0,0.69,7.0,0.65,10.0,0.63,13.0,0.6,15.0,0.59,15.0,0.72,6.0,0.73,9.0,0.74,15.0,0.75,15.0,0.76,15.0,0.03,0.03,44.851431,1776163756000
1776163758.083,258.083,0.28,6.0,0.27,9.0,0.26,15.0,0.25,15.0,0.24,15.0,0.31,7.0,0.35,10.0,0.37,13.0,0.4,15.0,0.41,15.0,0.69,7.0,0.65,10.0,0.63,13.0,0.6,15.0,0.59,15.0,0.72,6.0,0.73,9.0,0.74,15.0,0.75,15.0,0.76,15.0,0.03,0.03,44.85174,1776163757000
1776163759.103,259.103,0.28,6.0,0.27,9.0,0.26,15.0,0.25,15.0,0.24,15.0,0.31,7.0,0.35,10.0,0.37,13.0,0.4,15.0,0.41,15.0,0.69,7.0,0.65,10.0,0.63,13.0,0.6,15.0,0.59,15.0,0.72,6.0,0.73,9.0,0.74,15.0,0.75,15.0,0.76,15.0,0.03,0.03,44.854919,1776163758000
1776163759.343,259.343,0.28,6.0,0.25,9.0,0.24,15.0,0.23,15.0,0.22,15.0,0.29,7.0,0.33,10.0,0.37,15.0,0.38,15.0,0.39,15.0,0.69,7.0,0.65,10.0,0.63,13.0,0.6,15.0,0.59,15.0,0.72,6.0,0.73,9.0,0.74,15.0,0.75,15.0,0.76,15.0,0.01,0.03,44.854919,1776163758000
1776163761.82,261.82,0.28,6.0,0.25,9.0,0.24,15.0,0.23,15.0,0.22,15.0,0.29,7.0,0.33,10.0,0.37,15.0,0.38,15.0,0.39,15.0,0.71,7.0,0.67,10.0,0.63,15.0,0.62,15.0,0.61,15.0,0.72,6.0,0.75,9.0,0.76,15.0,0.77,15.0,0.78,15.0,0.01,0.01,44.8558,1776163760000
1776163762.462,262.462,0.28,6.0,0.25,9.0,0.24,15.0,0.23,15.0,0.22,15.0,0.29,7.0,0.33,10.0,0.37,15.0,0.38,15.0,0.39,15.0,0.71,7.0,0.67,10.0,0.63,15.0,0.62,15.0,0.61,15.0,0.72,6.0,0.75,9.0,0.76,15.0,0.77,15.0,0.78,15.0,0.01,0.01,44.855809,1776163761000
1776163763.316,263.316,0.28,6.0,0.25,9.0,0.24,15.0,0.23,15.0,0.22,15.0,0.29,7.0,0.33,10.0,0.37,15.0,0.38,15.0,0.39,15.0,0.71,7.0,0.67,10.0,0.63,15.0,0.62,15.0,0.61,15.0,0.72,6.0,0.75,9.0,0.76,15.0,0.77,15.0,0.78,15.0,0.01,0.01,44.855632,1776163762000
1776163764.131,264.131,0.34,7.0,0.27,15.0,0.26,15.0,0.25,15.0,0.24,15.0,0.36,3.0,0.44,8.0,0.57,10.0,0.67,15.0,0.68,15.0,0.71,7.0,0.67,10.0,0.63,15.0,0.62,15.0,0.61,15.0,0.72,6.0,0.75,9.0,0.76,15.0,0.77,15.0,0.78,15.0,0.02,0.01,44.855632,1776163762000
1776163764.465,264.465,0.39,7.0,0.34,7.0,0.28,15.0,0.27,15.0,0.26,15.0,0.44,8.0,0.56,10.0,0.67,15.0,0.68,15.0,0.69,15.0,0.64,3.0,0.56,8.0,0.43,10.0,0.33,15.0,0.32,15.0,0.66,7.0,0.73,15.0,0.74,15.0,0.75,15.0,0.76,15.0,0.05,0.02,44.855054,1776163763000
1776163765.251,265.251,0.39,7.0,0.34,7.0,0.28,15.0,0.27,15.0,0.26,15.0,0.44,8.0,0.56,10.0,0.67,15.0,0.68,15.0,0.69,15.0,0.56,8.0,0.44,10.0,0.33,15.0,0.32,15.0,0.31,15.0,0.61,7.0,0.66,7.0,0.72,15.0,0.73,15.0,0.74,15.0,0.05,0.05,44.856617,1776163764000
1776163765.582,265.582,0.34,5.48,0.32,10.0,0.28,15.0,0.27,15.0,0.26,15.0,0.43,8.0,0.49,10.0,0.65,15.0,0.66,15.0,0.67,15.0,0.56,8.0,0.44,10.0,0.33,15.0,0.32,15.0,0.31,15.0,0.61,7.0,0.66,7.0,0.72,15.0,0.73,15.0,0.74,15.0,0.09,0.05,44.856617,1776163764000
1776163766.144,266.144,0.32,4.48,0.28,15.0,0.27,15.0,0.26,15.0,0.25,15.0,0.43,8.0,0.49,10.0,0.65,15.0,0.66,15.0,0.67,15.0,0.57,8.0,0.51,10.0,0.35,15.0,0.34,15.0,0.33,15.0,0.68,4.48,0.72,15.0,0.73,15.0,0.74,15.0,0.75,15.0,0.11,0.11,44.864538,1776163765000
1776163766.425,266.425,0.29,9.38,0.28,15.0,0.27,15.0,0.26,15.0,0.25,15.0,0.31,10.0,0.43,8.0,0.64,15.0,0.65,15.0,0.66,15.0,0.69,10.0,0.57,8.0,0.36,15.0,0.35,15.0,0.34,15.0,0.71,10.81,0.72,15.0,0.73,15.0,0.74,15.0,0.75,15.0,0.02,0.02,44.864538,1776163765000
1776163767.156,267.156,0.29,9.38,0.28,15.0,0.27,15.0,0.26,15.0,0.25,15.0,0.31,10.0,0.43,8.0,0.64,15.0,0.65,15.0,0.66,15.0,0.69,10.0,0.57,8.0,0.36,15.0,0.35,15.0,0.34,15.0,0.71,9.38,0.72,15.0,0.73,15.0,0.74,15.0,0.75,15.0,0.02,0.02,44.864899,1776163766000
1776163768.07,268.07,0.29,9.38,0.28,15.0,0.27,15.0,0.26,15.0,0.25,15.0,0.31,10.0,0.43,8.0,0.64,15.0,0.65,15.0,0.66,15.0,0.69,10.0,0.57,8.0,0.36,15.0,0.35,15.0,0.34,15.0,0.71,9.38,0.72,15.0,0.73,15.0,0.74,15.0,0.75,15.0,0.02,0.02,44.866052,1776163767000
1776163769.042,269.042,0.29,9.38,0.28,15.0,0.27,15.0,0.26,15.0,0.25,15.0,0.31,10.0,0.43,8.0,0.64,15.0,0.65,15.0,0.66,15.0,0.69,10.0,0.57,8.0,0.36,15.0,0.35,15.0,0.34,15.0,0.71,9.38,0.72,15.0,0.73,15.0,0.74,15.0,0.75,15.0,0.02,0.02,44.865066,1776163768000
1776163770.059,270.059,0.3,15.0,0.29,9.38,0.28,15.0,0.27,15.0,0.26,15.0,0.42,13.42,0.59,15.0,0.6,15.0,0.61,15.0,0.62,15.0,0.58,13.42,0.41,15.0,0.4,15.0,0.39,15.0,0.38,15.0,0.7,15.0,0.71,9.38,0.72,15.0,0.73,15.0,0.74,15.0,0.12,0.12,44.864712,1776163769000
1776163771.069,271.069,0.3,15.0,0.29,9.38,0.28,15.0,0.27,15.0,0.26,15.0,0.42,13.42,0.59,15.0,0.6,15.0,0.61,15.0,0.62,15.0,0.58,13.42,0.41,15.0,0.4,15.0,0.39,15.0,0.38,15.0,0.7,15.0,0.71,9.38,0.72,15.0,0.73,15.0,0.74,15.0,0.12,0.12,44.864841,1776163770000
1776163771.295,271.295,0.34,25.0,0.33,15.0,0.32,15.0,0.31,15.0,0.3,15.0,0.66,12.8,0.67,15.0,0.68,15.0,0.69,15.0,0.7,15.0,0.34,12.8,0.33,15.0,0.32,15.0,0.31,15.0,0.3,15.0,0.66,25.0,0.67,15.0,0.68,15.0,0.69,15.0,0.7,15.0,0.32,0.32,44.864841,1776163770000
1776163772.015,272.015,0.34,25.0,0.33,15.0,0.32,15.0,0.31,15.0,0.3,15.0,0.66,7.75,0.67,15.0,0.68,15.0,0.69,15.0,0.7,15.0,0.34,7.75,0.33,15.0,0.32,15.0,0.31,15.0,0.3,15.0,0.66,25.0,0.67,15.0,0.68,15.0,0.69,15.0,0.7,15.0,0.32,0.32,44.864841,1776163771000
1776163773.085,273.085,0.34,25.0,0.33,15.0,0.32,15.0,0.31,15.0,0.3,15.0,0.66,7.75,0.67,15.0,0.68,15.0,0.69,15.0,0.7,15.0,0.34,7.75,0.33,15.0,0.32,15.0,0.31,15.0,0.3,15.0,0.66,25.0,0.67,15.0,0.68,15.0,0.69,15.0,0.7,15.0,0.32,0.32,44.867238,1776163772000
1776163774.569,274.569,0.34,25.0,0.33,15.0,0.32,15.0,0.31,15.0,0.3,15.0,0.66,7.75,0.67,15.0,0.68,15.0,0.69,15.0,0.7,15.0,0.34,7.75,0.33,15.0,0.32,15.0,0.31,15.0,0.3,15.0,0.66,25.0,0.67,15.0,0.68,15.0,0.69,15.0,0.7,15.0,0.32,0.32,44.867907,1776163773000
1776163775.173,275.173,0.34,25.0,0.33,15.0,0.32,15.0,0.31,15.0,0.3,15.0,0.66,7.75,0.67,15.0,0.68,15.0,0.69,15.0,0.7,15.0,0.34,7.75,0.33,15.0,0.32,15.0,0.31,15.0,0.3,15.0,0.66,25.0,0.67,15.0,0.68,15.0,0.69,15.0,0.7,15.0,0.32,0.32,44.8687,1776163774000
1776163776.35,276.35,0.34,25.0,0.33,15.0,0.32,15.0,0.31,15.0,0.3,15.0,0.66,7.75,0.67,15.0,0.68,15.0,0.69,15.0,0.7,15.0,0.34,7.75,0.33,15.0,0.32,15.0,0.31,15.0,0.3,15.0,0.66,25.0,0.67,15.0,0.68,15.0,0.69,15.0,0.7,15.0,0.32,0.32,44.869948,1776163775000
1776163777.223,277.223,0.34,25.0,0.33,15.0,0.32,15.0,0.31,15.0,0.3,15.0,0.66,7.75,0.67,15.0,0.68,15.0,0.69,15.0,0.7,15.0,0.34,7.75,0.33,15.0,0.32,15.0,0.31,15.0,0.3,15.0,0.66,25.0,0.67,15.0,0.68,15.0,0.69,15.0,0.7,15.0,0.32,0.32,44.870566,1776163776000
1776163778.146,278.146,0.34,25.0,0.33,15.0,0.32,15.0,0.31,15.0,0.3,15.0,0.66,7.75,0.67,15.0,0.68,15.0,0.69,15.0,0.7,15.0,0.34,7.75,0.33,15.0,0.32,15.0,0.31,15.0,0.3,15.0,0.66,25.0,0.67,15.0,0.68,15.0,0.69,15.0,0.7,15.0,0.32,0.32,44.872619,1776163777000
1776163779.201,279.201,0.34,25.0,0.33,15.0,0.32,15.0,0.31,15.0,0.3,15.0,0.66,7.75,0.67,15.0,0.68,15.0,0.69,15.0,0.7,15.0,0.34,7.75,0.33,15.0,0.32,15.0,0.31,15.0,0.3,15.0,0.66,25.0,0.67,15.0,0.68,15.0,0.69,15.0,0.7,15.0,0.32,0.32,44.872756,1776163778000
1776163780.131,280.131,0.34,25.0,0.33,15.0,0.32,15.0,0.31,15.0,0.3,15.0,0.66,7.75,0.67,15.0,0.68,15.0,0.69,15.0,0.7,15.0,0.34,7.75,0.33,15.0,0.32,15.0,0.31,15.0,0.3,15.0,0.66,25.0,0.67,15.0,0.68,15.0,0.69,15.0,0.7,15.0,0.32,0.32,44.872756,1776163779000
1776163781.107,281.107,0.34,25.0,0.33,15.0,0.32,15.0,0.31,15.0,0.3,15.0,0.66,7.75,0.67,15.0,0.68,15.0,0.69,15.0,0.7,15.0,0.34,7.75,0.33,15.0,0.32,15.0,0.31,15.0,0.3,15.0,0.66,25.0,0.67,15.0,0.68,15.0,0.69,15.0,0.7,15.0,0.32,0.32,44.872657,1776163780000
1776163782.113,282.113,0.34,25.0,0.33,15.0,0.32,15.0,0.31,15.0,0.3,15.0,0.66,7.75,0.67,15.0,0.68,15.0,0.69,15.0,0.7,15.0,0.34,7.75,0.33,15.0,0.32,15.0,0.31,15.0,0.3,15.0,0.66,25.0,0.67,15.0,0.68,15.0,0.69,15.0,0.7,15.0,0.32,0.32,44.872717,1776163781000
1776163783.108,283.108,0.34,25.0,0.33,15.0,0.32,15.0,0.31,15.0,0.3,15.0,0.66,7.75,0.67,15.0,0.68,15.0,0.69,15.0,0.7,15.0,0.34,7.75,0.33,15.0,0.32,15.0,0.31,15.0,0.3,15.0,0.66,25.0,0.67,15.0,0.68,15.0,0.69,15.0,0.7,15.0,0.32,0.32,44.872714,1776163782000
1776163785.003,285.003,0.34,25.0,0.33,15.0,0.32,15.0,0.31,15.0,0.3,15.0,0.66,7.75,0.67,15.0,0.68,15.0,0.69,15.0,0.7,15.0,0.34,7.75,0.33,15.0,0.32,15.0,0.31,15.0,0.3,15.0,0.66,25.0,0.67,15.0,0.68,15.0,0.69,15.0,0.7,15.0,0.32,0.32,44.872714,1776163783000
1776163785.635,285.635,0.34,25.0,0.33,15.0,0.32,15.0,0.31,15.0,0.3,15.0,0.66,7.75,0.67,15.0,0.68,15.0,0.69,15.0,0.7,15.0,0.34,7.75,0.33,15.0,0.32,15.0,0.31,15.0,0.3,15.0,0.66,25.0,0.67,15.0,0.68,15.0,0.69,15.0,0.7,15.0,0.32,0.32,44.872404,1776163784000
1776163786.164,286.164,0.34,25.0,0.33,15.0,0.32,15.0,0.31,15.0,0.3,15.0,0.66,7.75,0.67,15.0,0.68,15.0,0.69,15.0,0.7,15.0,0.34,7.75,0.33,15.0,0.32,15.0,0.31,15.0,0.3,15.0,0.66,25.0,0.67,15.0,0.68,15.0,0.69,15.0,0.7,15.0,0.32,0.32,44.872404,1776163785000
1776163787.115,287.115,0.34,25.0,0.33,15.0,0.32,15.0,0.31,15.0,0.3,15.0,0.66,7.75,0.67,15.0,0.68,15.0,0.69,15.0,0.7,15.0,0.34,7.75,0.33,15.0,0.32,15.0,0.31,15.0,0.3,15.0,0.66,25.0,0.67,15.0,0.68,15.0,0.69,15.0,0.7,15.0,0.32,0.32,44.871978,1776163786000
1776163787.656,287.656,0.61,8.0,0.47,10.0,0.05,122.0,0.02,5.0,0.01,1351.0,0.64,2.2,0.96,100.0,0.98,5.0,0.99,1351.0,,,0.34,7.75,0.33,15.0,0.32,15.0,0.31,15.0,0.3,15.0,0.66,25.0,0.67,15.0,0.68,15.0,0.69,15.0,0.7,15.0,0.03,0.32,44.871978,1776163786000
1776163788.349,288.349,0.62,8.0,0.48,10.0,0.05,122.0,0.02,5.0,0.01,1351.0,0.65,3.0,0.96,100.0,0.98,5.0,0.99,1351.0,,,0.36,2.2,0.04,100.0,0.02,5.0,0.01,1351.0,,,0.39,8.0,0.53,10.0,0.95,122.0,0.98,5.0,0.99,1351.0,0.03,0.03,44.871978,1776163786000
1776163788.735,288.735,0.62,8.0,0.48,10.0,0.05,122.0,0.02,5.0,0.01,1351.0,0.65,3.0,0.96,100.0,0.98,5.0,0.99,1351.0,,,0.35,3.0,0.04,100.0,0.02,5.0,0.01,1351.0,,,0.38,8.0,0.52,10.0,0.95,122.0,0.98,5.0,0.99,1351.0,0.03,0.03,44.871669,1776163787000
1776163789.39,289.39,0.62,8.0,0.48,10.0,0.05,122.0,0.02,5.0,0.01,1351.0,0.65,3.0,0.96,100.0,0.98,5.0,0.99,1351.0,,,0.35,3.0,0.04,100.0,0.02,5.0,0.01,1351.0,,,0.38,8.0,0.52,10.0,0.95,122.0,0.98,5.0,0.99,1351.0,0.03,0.03,44.872729,1776163788000
1776163790.15,290.15,0.62,8.0,0.48,10.0,0.05,122.0,0.02,5.0,0.01,1351.0,0.65,3.0,0.96,100.0,0.98,5.0,0.99,1351.0,,,0.35,3.0,0.04,100.0,0.02,5.0,0.01,1351.0,,,0.38,8.0,0.52,10.0,0.95,122.0,0.98,5.0,0.99,1351.0,0.03,0.03,44.872729,1776163789000
1776163791.824,291.824,0.62,8.0,0.48,10.0,0.05,122.0,0.02,5.0,0.01,1351.0,0.65,3.0,0.96,100.0,0.98,5.0,0.99,1351.0,,,0.35,3.0,0.04,100.0,0.02,5.0,0.01,1351.0,,,0.38,8.0,0.52,10.0,0.95,122.0,0.98,5.0,0.99,1351.0,0.03,0.03,44.872722,1776163790000
1776163792.263,292.263,0.62,8.0,0.48,10.0,0.05,122.0,0.02,5.0,0.01,1351.0,0.65,3.0,0.96,100.0,0.98,5.0,0.99,1351.0,,,0.35,3.0,0.04,100.0,0.02,5.0,0.01,1351.0,,,0.38,8.0,0.52,10.0,0.95,122.0,0.98,5.0,0.99,1351.0,0.03,0.03,44.871786,1776163791000
1776163793.844,293.844,0.62,8.0,0.48,10.0,0.05,122.0,0.02,5.0,0.01,1351.0,0.65,3.0,0.96,100.0,0.98,5.0,0.99,1351.0,,,0.35,3.0,0.04,100.0,0.02,5.0,0.01,1351.0,,,0.38,8.0,0.52,10.0,0.95,122.0,0.98,5.0,0.99,1351.0,0.03,0.03,44.871786,1776163792000
1776163794.617,294.617,0.62,8.0,0.48,10.0,0.05,122.0,0.02,5.0,0.01,1351.0,0.65,3.0,0.96,100.0,0.98,5.0,0.99,1351.0,,,0.35,3.0,0.04,100.0,0.02,5.0,0.01,1351.0,,,0.38,8.0,0.52,10.0,0.95,122.0,0.98,5.0,0.99,1351.0,0.03,0.03,44.871786,1776163793000
1776163795.204,295.204,0.62,8.0,0.48,10.0,0.05,122.0,0.02,5.0,0.01,1351.0,0.65,3.0,0.96,100.0,0.98,5.0,0.99,1351.0,,,0.35,3.0,0.04,100.0,0.02,5.0,0.01,1351.0,,,0.38,8.0,0.52,10.0,0.95,122.0,0.98,5.0,0.99,1351.0,0.03,0.03,44.871785,1776163794000
1776163795.503,295.503,0.63,10.0,0.1,100.0,0.05,22.0,0.02,5.0,0.01,1351.0,0.8,8.71,0.98,105.0,0.99,1351.0,,,,,0.35,3.0,0.04,100.0,0.02,5.0,0.01,1351.0,,,0.38,8.0,0.52,10.0,0.95,122.0,0.98,5.0,0.99,1351.0,0.17,0.03,44.871785,1776163794000
1776163796.795,296.795,0.63,10.0,0.1,100.0,0.05,22.0,0.02,5.0,0.01,1351.0,0.8,8.71,0.98,105.0,0.99,1351.0,,,,,0.2,8.71,0.02,105.0,0.01,1351.0,,,,,0.37,10.0,0.9,100.0,0.95,22.0,0.98,5.0,0.99,1351.0,0.17,0.17,44.872146,1776163795000
1776163797.055,297.055,0.65,10.0,0.05,22.0,0.02,5.0,0.01,1291.0,,,0.99,1281.31,,,,,,,,,0.2,8.71,0.02,105.0,0.01,1351.0,,,,,0.37,10.0,0.9,100.0,0.95,22.0,0.98,5.0,0.99,1351.0,0.34,0.17,44.872146,1776163795000
1776163797.478,297.478,0.65,10.0,0.05,22.0,0.02,5.0,0.01,1291.0,,,0.99,1281.31,,,,,,,,,0.01,1281.31,,,,,,,,,0.35,10.0,0.95,22.0,0.98,5.0,0.99,1291.0,,,0.34,0.34,44.874638,1776163796000
1776163797.762,297.762,0.69,10.0,0.05,22.0,0.02,5.0,0.01,191.0,,,0.99,136.31,,,,,,,,,0.01,1281.31,,,,,,,,,0.35,10.0,0.95,22.0,0.98,5.0,0.99,1291.0,,,0.3,0.34,44.874638,1776163796000
1776163798.258,298.258,0.69,10.0,0.61,6.0,0.51,7.0,0.41,8.0,0.31,9.0,0.99,131.31,,,,,,,,,0.01,136.31,,,,,,,,,0.31,10.0,0.95,22.0,0.98,5.0,0.99,191.0,,,0.3,0.3,44.874638,1776163796000
1776163798.462,298.462,0.88,10.0,0.61,6.0,0.51,7.0,0.41,8.0,0.31,9.0,0.99,123.27,,,,,,,,,0.01,131.31,,,,,,,,,0.31,10.0,0.39,6.0,0.49,7.0,0.59,8.0,0.69,9.0,0.11,0.3,44.874607,1776163797000
1776163798.673,298.673,0.88,10.0,0.61,6.0,0.51,7.0,0.41,8.0,0.31,9.0,0.99,115.28,,,,,,,,,0.01,123.27,,,,,,,,,0.12,10.0,0.39,6.0,0.49,7.0,0.59,8.0,0.69,9.0,0.11,0.11,44.874607,1776163797000
1776163798.953,298.953,0.88,10.0,0.61,6.0,0.51,7.0,0.41,8.0,0.31,9.0,0.99,89.77,,,,,,,,,0.01,90.79,,,,,,,,,0.12,10.0,0.39,6.0,0.49,7.0,0.59,8.0,0.69,9.0,0.11,0.11,44.874607,1776163797000
1776163799.201,299.201,0.88,10.0,0.61,6.0,0.51,7.0,0.41,8.0,0.31,9.0,0.99,66.35,,,,,,,,,0.01,74.71,,,,,,,,,0.12,10.0,0.39,6.0,0.49,7.0,0.59,8.0,0.69,9.0,0.11,0.11,44.874607,1776163797000
1776163799.417,299.417,0.88,10.0,0.77,15.0,0.61,6.0,0.51,7.0,0.41,8.0,0.99,45.03,,,,,,,,,0.01,46.5,,,,,,,,,0.12,10.0,0.23,15.0,0.39,6.0,0.49,7.0,0.59,8.0,0.11,0.11,44.874607,1776163797000
1776163800.132,300.132,0.91,10.0,0.77,15.0,0.61,6.0,0.51,7.0,0.45,5.55,0.99,29.97,,,,,,,,,0.01,29.97,,,,,,,,,0.09,10.0,0.23,15.0,0.39,6.0,0.49,7.0,0.55,5.55,0.08,0.08,44.875629,1776163799000
1776163801.571,301.571,0.99,40.03,0.91,10.0,0.77,20.0,0.75,6.0,0.65,20.0,,,,,,,,,,,,,,,,,,,,,0.01,40.03,0.09,10.0,0.23,20.0,0.25,6.0,0.35,20.0,,,44.874836,1776163800000
1776163802.268,302.268,0.99,40.03,0.91,10.0,0.77,20.0,0.75,6.0,0.65,20.0,,,,,,,,,,,,,,,,,,,,,0.01,40.03,0.09,10.0,0.23,20.0,0.25,6.0,0.35,20.0,,,44.874871,1776163801000

# RESULT,winner=Up,slug=hype-updown-5m-1776163500,ticks=320
