timestamp,elapsed_sec,up_bid_p1,up_bid_s1,up_bid_p2,up_bid_s2,up_ask_p1,up_ask_s1,up_ask_p2,up_ask_s2,down_bid_p1,down_bid_s1,down_bid_p2,down_bid_s2,down_ask_p1,down_ask_s1,down_ask_p2,down_ask_s2,up_spread,down_spread,hype_price,hype_oracle_ts
1776225611.551,11.551,0.32,10.0,0.25,5.0,0.49,10.0,0.5,10.0,0.51,10.0,0.5,10.0,0.68,10.0,0.75,5.0,0.17,0.17,43.998861,1776225610000
1776225611.864,11.864,0.32,10.0,0.25,5.0,0.49,10.0,0.5,10.0,0.51,10.0,0.5,10.0,0.68,10.0,0.75,5.0,0.17,0.17,43.998861,1776225610000
1776225612.343,12.343,0.32,10.0,0.25,5.0,0.49,10.0,0.5,10.0,0.51,10.0,0.5,10.0,0.68,10.0,0.75,5.0,0.17,0.17,43.998718,1776225611000
1776225613.328,13.328,0.32,10.0,0.25,5.0,0.49,10.0,0.5,10.0,0.51,10.0,0.5,10.0,0.68,10.0,0.75,5.0,0.17,0.17,43.998577,1776225612000
1776225613.88,13.88,0.32,10.0,0.25,5.0,0.49,10.0,0.5,10.0,0.51,10.0,0.5,10.0,0.68,10.0,0.75,5.0,0.17,0.17,43.998577,1776225613000
1776225615.076,15.076,0.32,10.0,0.25,5.0,0.49,10.0,0.5,10.0,0.51,10.0,0.5,10.0,0.68,10.0,0.75,5.0,0.17,0.17,43.997341,1776225614000
1776225616.175,16.175,0.32,10.0,0.25,5.0,0.49,10.0,0.5,10.0,0.51,10.0,0.5,10.0,0.68,10.0,0.75,5.0,0.17,0.17,43.992668,1776225615000
1776225617.176,17.176,0.32,10.0,0.25,5.0,0.49,10.0,0.5,10.0,0.51,10.0,0.5,10.0,0.68,10.0,0.75,5.0,0.17,0.17,43.988176,1776225616000
1776225618.51,18.51,0.32,10.0,0.25,5.0,0.49,10.0,0.5,10.0,0.51,10.0,0.5,10.0,0.68,10.0,0.75,5.0,0.17,0.17,43.989493,1776225617000
1776225619.42,19.42,0.32,10.0,0.25,5.0,0.49,10.0,0.5,10.0,0.51,10.0,0.5,10.0,0.68,10.0,0.75,5.0,0.17,0.17,43.986555,1776225618000
1776225620.111,20.111,0.32,10.0,0.25,5.0,0.49,10.0,0.5,10.0,0.51,10.0,0.5,10.0,0.68,10.0,0.75,5.0,0.17,0.17,43.990157,1776225619000
1776225621.137,21.137,0.32,10.0,0.25,5.0,0.49,10.0,0.5,10.0,0.51,10.0,0.5,10.0,0.68,10.0,0.75,5.0,0.17,0.17,43.990276,1776225620000
1776225622.157,22.157,0.32,10.0,0.25,5.0,0.49,10.0,0.5,10.0,0.51,10.0,0.5,10.0,0.68,10.0,0.75,5.0,0.17,0.17,43.990056,1776225621000
1776225623.216,23.216,0.32,10.0,0.25,5.0,0.49,10.0,0.5,10.0,0.51,10.0,0.5,10.0,0.68,10.0,0.75,5.0,0.17,0.17,43.990056,1776225622000
1776225624.333,24.333,0.32,10.0,0.25,5.0,0.49,10.0,0.5,10.0,0.51,10.0,0.5,10.0,0.68,10.0,0.75,5.0,0.17,0.17,43.990056,1776225623000
1776225625.482,25.482,0.32,10.0,0.25,5.0,0.49,10.0,0.5,10.0,0.51,10.0,0.5,10.0,0.68,10.0,0.75,5.0,0.17,0.17,43.990231,1776225624000
1776225626.073,26.073,0.32,10.0,0.25,5.0,0.49,10.0,0.5,10.0,0.51,10.0,0.5,10.0,0.68,10.0,0.75,5.0,0.17,0.17,43.990396,1776225625000
1776225627.466,27.466,0.32,10.0,0.25,5.0,0.49,10.0,0.5,10.0,0.51,10.0,0.5,10.0,0.68,10.0,0.75,5.0,0.17,0.17,43.990276,1776225626000
1776225628.131,28.131,0.32,10.0,0.25,5.0,0.49,10.0,0.5,10.0,0.51,10.0,0.5,10.0,0.68,10.0,0.75,5.0,0.17,0.17,43.997029,1776225627000
1776225629.198,29.198,0.32,10.0,0.25,5.0,0.49,10.0,0.5,10.0,0.51,10.0,0.5,10.0,0.68,10.0,0.75,5.0,0.17,0.17,43.998734,1776225628000
1776225630.351,30.351,0.32,10.0,0.25,5.0,0.49,10.0,0.5,10.0,0.51,10.0,0.5,10.0,0.68,10.0,0.75,5.0,0.17,0.17,43.99968,1776225629000
1776225630.872,30.872,0.32,10.0,0.25,5.0,0.49,10.0,0.5,10.0,0.51,10.0,0.5,10.0,0.68,10.0,0.75,5.0,0.17,0.17,43.999459,1776225630000
1776225632.135,32.135,0.32,10.0,0.25,5.0,0.49,10.0,0.5,10.0,0.51,10.0,0.5,10.0,0.68,10.0,0.75,5.0,0.17,0.17,44.001178,1776225631000
1776225633.319,33.319,0.32,10.0,0.25,5.0,0.49,10.0,0.5,10.0,0.51,10.0,0.5,10.0,0.68,10.0,0.75,5.0,0.17,0.17,44.002287,1776225632000
1776225633.986,33.986,0.32,10.0,0.25,5.0,0.49,10.0,0.5,10.0,0.51,10.0,0.5,10.0,0.68,10.0,0.75,5.0,0.17,0.17,44.00305,1776225633000
1776225635.092,35.092,0.32,10.0,0.25,5.0,0.49,10.0,0.5,10.0,0.51,10.0,0.5,10.0,0.68,10.0,0.75,5.0,0.17,0.17,44.002682,1776225634000
1776225636.258,36.258,0.32,10.0,0.25,5.0,0.49,10.0,0.5,10.0,0.51,10.0,0.5,10.0,0.68,10.0,0.75,5.0,0.17,0.17,44.002254,1776225635000
1776225637.46,37.46,0.32,10.0,0.25,5.0,0.49,10.0,0.5,10.0,0.51,10.0,0.5,10.0,0.68,10.0,0.75,5.0,0.17,0.17,44.001249,1776225636000
1776225638.076,38.076,0.32,10.0,0.25,5.0,0.49,10.0,0.5,10.0,0.51,10.0,0.5,10.0,0.68,10.0,0.75,5.0,0.17,0.17,43.999788,1776225637000
1776225639.351,39.351,0.32,10.0,0.25,5.0,0.49,10.0,0.5,10.0,0.51,10.0,0.5,10.0,0.68,10.0,0.75,5.0,0.17,0.17,44.000276,1776225638000
1776225640.06,40.06,0.32,10.0,0.25,5.0,0.49,10.0,0.5,10.0,0.51,10.0,0.5,10.0,0.68,10.0,0.75,5.0,0.17,0.17,44.000265,1776225639000
1776225641.278,41.278,0.32,10.0,0.25,5.0,0.49,10.0,0.5,10.0,0.51,10.0,0.5,10.0,0.68,10.0,0.75,5.0,0.17,0.17,43.999071,1776225640000
1776225642.377,42.377,0.32,10.0,0.25,5.0,0.49,10.0,0.5,10.0,0.51,10.0,0.5,10.0,0.68,10.0,0.75,5.0,0.17,0.17,44.000305,1776225641000
1776225642.974,42.974,0.39,28.0,0.26,15.0,0.5,4.06,0.68,10.0,0.51,10.0,0.5,10.0,0.68,10.0,0.75,5.0,0.11,0.17,44.000305,1776225641000
1776225644.302,44.302,0.51,5.94,0.49,5.0,0.68,10.0,0.75,5.0,0.32,10.0,0.25,5.0,0.49,5.94,0.51,5.0,0.17,0.17,44.000379,1776225643000
1776225645.412,45.412,0.51,5.94,0.49,5.0,0.68,10.0,0.75,5.0,0.32,10.0,0.25,5.0,0.49,5.94,0.51,5.0,0.17,0.17,44.017256,1776225644000
1776225646.063,46.063,0.51,5.94,0.49,5.0,0.68,10.0,0.75,5.0,0.32,10.0,0.25,5.0,0.49,5.94,0.51,5.0,0.17,0.17,44.017669,1776225645000
1776225647.232,47.232,0.51,5.94,0.49,5.0,0.68,10.0,0.75,5.0,0.32,10.0,0.25,5.0,0.49,5.94,0.51,5.0,0.17,0.17,44.017688,1776225646000
1776225648.389,48.389,0.51,5.94,0.49,5.0,0.68,10.0,0.75,5.0,0.32,10.0,0.25,5.0,0.49,5.94,0.51,5.0,0.17,0.17,44.020434,1776225647000
1776225649.011,49.011,0.51,5.94,0.49,5.0,0.68,10.0,0.75,5.0,0.32,10.0,0.25,5.0,0.49,5.94,0.51,5.0,0.17,0.17,44.022566,1776225648000
1776225650.121,50.121,0.51,5.94,0.49,5.0,0.68,10.0,0.75,5.0,0.32,10.0,0.25,5.0,0.49,5.94,0.51,5.0,0.17,0.17,44.02272,1776225649000
1776225651.266,51.266,0.51,5.94,0.49,5.0,0.68,10.0,0.75,5.0,0.32,10.0,0.25,5.0,0.49,5.94,0.51,5.0,0.17,0.17,44.023022,1776225650000
1776225652.459,52.459,0.51,5.94,0.49,5.0,0.68,10.0,0.75,5.0,0.32,10.0,0.25,5.0,0.49,5.94,0.51,5.0,0.17,0.17,44.02263,1776225651000
1776225652.981,52.981,0.51,5.94,0.49,5.0,0.68,10.0,0.75,5.0,0.32,10.0,0.25,5.0,0.49,5.94,0.51,5.0,0.17,0.17,44.02263,1776225652000
1776225654.111,54.111,0.51,5.94,0.49,5.0,0.68,10.0,0.75,5.0,0.32,10.0,0.25,5.0,0.49,5.94,0.51,5.0,0.17,0.17,44.016209,1776225653000
1776225655.276,55.276,0.51,5.94,0.49,5.0,0.68,10.0,0.75,5.0,0.32,10.0,0.25,5.0,0.49,5.94,0.51,5.0,0.17,0.17,44.010187,1776225654000
1776225656.156,56.156,0.51,5.94,0.49,5.0,0.68,10.0,0.75,5.0,0.32,10.0,0.25,5.0,0.49,5.94,0.51,5.0,0.17,0.17,44.005593,1776225655000
1776225657.279,57.279,0.51,5.94,0.49,5.0,0.68,10.0,0.75,5.0,0.32,10.0,0.25,5.0,0.49,5.94,0.51,5.0,0.17,0.17,44.005501,1776225656000
1776225658.398,58.398,0.51,5.94,0.49,5.0,0.68,10.0,0.75,5.0,0.32,10.0,0.25,5.0,0.49,5.94,0.51,5.0,0.17,0.17,44.005501,1776225657000
1776225658.935,58.935,0.51,5.94,0.49,5.0,0.68,10.0,0.75,5.0,0.32,10.0,0.25,5.0,0.49,5.94,0.51,5.0,0.17,0.17,44.005501,1776225658000
1776225660.02,60.02,0.51,5.94,0.49,5.0,0.68,10.0,0.75,5.0,0.32,10.0,0.25,5.0,0.49,5.94,0.51,5.0,0.17,0.17,44.005501,1776225659000
1776225661.289,61.289,0.51,5.94,0.49,5.0,0.68,10.0,0.75,5.0,0.32,10.0,0.25,5.0,0.49,5.94,0.51,5.0,0.17,0.17,44.005501,1776225660000
1776225662.389,62.389,0.51,5.94,0.49,5.0,0.68,10.0,0.75,5.0,0.32,10.0,0.25,5.0,0.49,5.94,0.51,5.0,0.17,0.17,44.001032,1776225661000
1776225663.483,63.483,0.51,5.94,0.49,5.0,0.68,10.0,0.75,5.0,0.32,10.0,0.25,5.0,0.49,5.94,0.51,5.0,0.17,0.17,43.995821,1776225662000
1776225664.042,64.042,0.51,5.94,0.49,5.0,0.68,10.0,0.75,5.0,0.32,10.0,0.25,5.0,0.49,5.94,0.51,5.0,0.17,0.17,43.995821,1776225663000
1776225664.603,64.603,0.45,10.0,0.37,15.0,0.59,9.96,0.6,15.0,0.32,10.0,0.25,5.0,0.49,5.94,0.51,5.0,0.14,0.17,43.995821,1776225663000
1776225665.178,65.178,0.45,10.0,0.37,15.0,0.59,9.96,0.6,15.0,0.41,9.96,0.4,15.0,0.55,10.0,0.63,15.0,0.14,0.14,43.996013,1776225664000
1776225666.375,66.375,0.45,10.0,0.37,15.0,0.59,9.96,0.6,15.0,0.41,9.96,0.4,15.0,0.55,10.0,0.63,15.0,0.14,0.14,44.004816,1776225665000
1776225666.925,66.925,0.45,10.0,0.37,15.0,0.59,9.96,0.6,15.0,0.41,9.96,0.4,15.0,0.55,10.0,0.63,15.0,0.14,0.14,44.004307,1776225666000
1776225668.038,68.038,0.45,10.0,0.37,15.0,0.59,9.96,0.6,15.0,0.41,9.96,0.4,15.0,0.55,10.0,0.63,15.0,0.14,0.14,44.004972,1776225667000
1776225669.164,69.164,0.45,10.0,0.37,15.0,0.59,9.96,0.6,15.0,0.41,9.96,0.4,15.0,0.55,10.0,0.63,15.0,0.14,0.14,44.004185,1776225668000
1776225670.935,70.935,0.45,10.0,0.37,15.0,0.59,9.96,0.6,15.0,0.41,9.96,0.4,15.0,0.55,10.0,0.63,15.0,0.14,0.14,44.004081,1776225669000
1776225671.759,71.759,0.45,10.0,0.37,15.0,0.59,9.96,0.6,15.0,0.41,9.96,0.4,15.0,0.55,10.0,0.63,15.0,0.14,0.14,44.004081,1776225670000
1776225672.405,72.405,0.45,10.0,0.37,15.0,0.59,9.96,0.6,15.0,0.41,9.96,0.4,15.0,0.55,10.0,0.63,15.0,0.14,0.14,44.004565,1776225671000
1776225673.077,73.077,0.45,10.0,0.37,15.0,0.59,9.96,0.6,15.0,0.41,9.96,0.4,15.0,0.55,10.0,0.63,15.0,0.14,0.14,44.012023,1776225672000
1776225674.442,74.442,0.45,10.0,0.37,15.0,0.59,9.96,0.6,15.0,0.41,9.96,0.4,15.0,0.55,10.0,0.63,15.0,0.14,0.14,44.021648,1776225673000
1776225674.95,74.95,0.45,10.0,0.37,15.0,0.59,9.96,0.6,15.0,0.41,9.96,0.4,15.0,0.55,10.0,0.63,15.0,0.14,0.14,44.021648,1776225674000
1776225676.294,76.294,0.45,10.0,0.37,15.0,0.59,9.96,0.6,15.0,0.41,9.96,0.4,15.0,0.55,10.0,0.63,15.0,0.14,0.14,44.022014,1776225675000
1776225676.603,76.603,0.65,5.0,0.64,5.0,0.74,15.0,0.75,20.0,0.41,9.96,0.4,15.0,0.55,10.0,0.63,15.0,0.09,0.14,44.022014,1776225675000
1776225677.018,77.018,0.65,5.0,0.64,5.0,0.74,15.0,0.75,20.0,0.26,15.0,0.25,20.0,0.35,5.0,0.36,5.0,0.09,0.09,44.022773,1776225676000
1776225678.182,78.182,0.65,5.0,0.64,5.0,0.74,15.0,0.75,20.0,0.26,15.0,0.25,20.0,0.35,5.0,0.36,5.0,0.09,0.09,44.04031,1776225677000
1776225679.436,79.436,0.65,5.0,0.64,5.0,0.74,15.0,0.75,20.0,0.26,15.0,0.25,20.0,0.35,5.0,0.36,5.0,0.09,0.09,44.041167,1776225678000
1776225680.067,80.067,0.65,5.0,0.64,5.0,0.74,15.0,0.75,20.0,0.26,15.0,0.25,20.0,0.35,5.0,0.36,5.0,0.09,0.09,44.041413,1776225679000
1776225681.334,81.334,0.65,5.0,0.64,5.0,0.74,15.0,0.75,20.0,0.26,15.0,0.25,20.0,0.35,5.0,0.36,5.0,0.09,0.09,44.039585,1776225680000
1776225682.046,82.046,0.65,5.0,0.64,5.0,0.74,15.0,0.75,20.0,0.26,15.0,0.25,20.0,0.35,5.0,0.36,5.0,0.09,0.09,44.040636,1776225681000
1776225683.182,83.182,0.65,5.0,0.64,5.0,0.74,15.0,0.75,20.0,0.26,15.0,0.25,20.0,0.35,5.0,0.36,5.0,0.09,0.09,44.040453,1776225682000
1776225683.566,83.566,0.64,5.0,0.63,15.0,0.72,15.0,0.73,15.0,0.26,15.0,0.25,20.0,0.35,5.0,0.36,5.0,0.08,0.09,44.040453,1776225682000
1776225684.416,84.416,0.64,5.0,0.63,15.0,0.72,15.0,0.73,15.0,0.28,15.0,0.27,15.0,0.36,5.0,0.37,15.0,0.08,0.08,44.041141,1776225683000
1776225685.05,85.05,0.64,5.0,0.63,15.0,0.72,15.0,0.73,15.0,0.28,15.0,0.27,15.0,0.36,5.0,0.37,15.0,0.08,0.08,44.041141,1776225684000
1776225686.391,86.391,0.64,5.0,0.63,15.0,0.72,15.0,0.73,15.0,0.28,15.0,0.27,15.0,0.36,5.0,0.37,15.0,0.08,0.08,44.041202,1776225685000
1776225687.361,87.361,0.64,5.0,0.63,15.0,0.72,15.0,0.73,15.0,0.28,15.0,0.27,15.0,0.36,5.0,0.37,15.0,0.08,0.08,44.041202,1776225686000
1776225688.466,88.466,0.64,5.0,0.63,15.0,0.72,15.0,0.73,15.0,0.28,15.0,0.27,15.0,0.36,5.0,0.37,15.0,0.08,0.08,44.041444,1776225687000
1776225689.39,89.39,0.64,5.0,0.63,15.0,0.72,15.0,0.73,15.0,0.28,15.0,0.27,15.0,0.36,5.0,0.37,15.0,0.08,0.08,44.041625,1776225688000
1776225690.032,90.032,0.64,5.0,0.63,15.0,0.72,15.0,0.73,15.0,0.28,15.0,0.27,15.0,0.36,5.0,0.37,15.0,0.08,0.08,44.041625,1776225689000
1776225691.008,91.008,0.64,5.0,0.63,15.0,0.72,15.0,0.73,15.0,0.28,15.0,0.27,15.0,0.36,5.0,0.37,15.0,0.08,0.08,44.041444,1776225690000
1776225692.122,92.122,0.64,5.0,0.63,15.0,0.72,15.0,0.73,15.0,0.28,15.0,0.27,15.0,0.36,5.0,0.37,15.0,0.08,0.08,44.041504,1776225691000
1776225693.091,93.091,0.64,5.0,0.63,15.0,0.72,15.0,0.73,15.0,0.28,15.0,0.27,15.0,0.36,5.0,0.37,15.0,0.08,0.08,44.03872,1776225692000
1776225694.157,94.157,0.64,5.0,0.63,15.0,0.72,15.0,0.73,15.0,0.28,15.0,0.27,15.0,0.36,5.0,0.37,15.0,0.08,0.08,44.04286,1776225693000
1776225695.224,95.224,0.64,5.0,0.63,15.0,0.72,15.0,0.73,15.0,0.28,15.0,0.27,15.0,0.36,5.0,0.37,15.0,0.08,0.08,44.042941,1776225694000
1776225696.313,96.313,0.64,5.0,0.63,15.0,0.72,15.0,0.73,15.0,0.28,15.0,0.27,15.0,0.36,5.0,0.37,15.0,0.08,0.08,44.036777,1776225695000
1776225697.366,97.366,0.64,5.0,0.63,15.0,0.72,15.0,0.73,15.0,0.28,15.0,0.27,15.0,0.36,5.0,0.37,15.0,0.08,0.08,44.032274,1776225696000
1776225698.294,98.294,0.64,5.0,0.63,15.0,0.72,15.0,0.73,15.0,0.28,15.0,0.27,15.0,0.36,5.0,0.37,15.0,0.08,0.08,44.028549,1776225697000
1776225699.374,99.374,0.64,5.0,0.63,15.0,0.72,15.0,0.73,15.0,0.28,15.0,0.27,15.0,0.36,5.0,0.37,15.0,0.08,0.08,44.022181,1776225698000
1776225699.923,99.923,0.64,5.0,0.63,15.0,0.72,15.0,0.73,15.0,0.28,15.0,0.27,15.0,0.36,5.0,0.37,15.0,0.08,0.08,44.017107,1776225699000
1776225701.48,101.48,0.64,5.0,0.63,15.0,0.72,15.0,0.73,15.0,0.28,15.0,0.27,15.0,0.36,5.0,0.37,15.0,0.08,0.08,44.016959,1776225700000
1776225702.008,102.008,0.64,5.0,0.63,15.0,0.72,15.0,0.73,15.0,0.28,15.0,0.27,15.0,0.36,5.0,0.37,15.0,0.08,0.08,44.016854,1776225701000
1776225703.121,103.121,0.64,5.0,0.63,15.0,0.72,15.0,0.73,15.0,0.28,15.0,0.27,15.0,0.36,5.0,0.37,15.0,0.08,0.08,44.016854,1776225702000
1776225704.281,104.281,0.64,5.0,0.63,15.0,0.72,15.0,0.73,15.0,0.28,15.0,0.27,15.0,0.36,5.0,0.37,15.0,0.08,0.08,44.016854,1776225703000
1776225705.457,105.457,0.64,5.0,0.63,15.0,0.72,15.0,0.73,15.0,0.28,15.0,0.27,15.0,0.36,5.0,0.37,15.0,0.08,0.08,44.016854,1776225704000
1776225706.05,106.05,0.64,5.0,0.63,15.0,0.72,15.0,0.73,15.0,0.28,15.0,0.27,15.0,0.36,5.0,0.37,15.0,0.08,0.08,44.016854,1776225705000
1776225707.158,107.158,0.64,5.0,0.63,15.0,0.72,15.0,0.73,15.0,0.28,15.0,0.27,15.0,0.36,5.0,0.37,15.0,0.08,0.08,44.025265,1776225706000
1776225708.279,108.279,0.64,5.0,0.63,15.0,0.72,15.0,0.73,15.0,0.28,15.0,0.27,15.0,0.36,5.0,0.37,15.0,0.08,0.08,44.025483,1776225707000
1776225709.385,109.385,0.64,5.0,0.63,15.0,0.72,15.0,0.73,15.0,0.28,15.0,0.27,15.0,0.36,5.0,0.37,15.0,0.08,0.08,44.025832,1776225708000
1776225709.968,109.968,0.64,5.0,0.63,15.0,0.72,15.0,0.73,15.0,0.28,15.0,0.27,15.0,0.36,5.0,0.37,15.0,0.08,0.08,44.025926,1776225709000
1776225711.05,111.05,0.64,5.0,0.63,15.0,0.72,15.0,0.73,15.0,0.28,15.0,0.27,15.0,0.36,5.0,0.37,15.0,0.08,0.08,44.025429,1776225710000
1776225712.121,112.121,0.64,5.0,0.63,15.0,0.72,15.0,0.73,15.0,0.28,15.0,0.27,15.0,0.36,5.0,0.37,15.0,0.08,0.08,44.02543,1776225711000
1776225713.139,113.139,0.64,5.0,0.63,15.0,0.72,15.0,0.73,15.0,0.28,15.0,0.27,15.0,0.36,5.0,0.37,15.0,0.08,0.08,44.025626,1776225712000
1776225714.289,114.289,0.64,5.0,0.63,15.0,0.72,15.0,0.73,15.0,0.28,15.0,0.27,15.0,0.36,5.0,0.37,15.0,0.08,0.08,44.026239,1776225713000
1776225715.356,115.356,0.64,5.0,0.63,15.0,0.72,15.0,0.73,15.0,0.28,15.0,0.27,15.0,0.36,5.0,0.37,15.0,0.08,0.08,44.026052,1776225714000
1776225715.851,115.851,0.64,5.0,0.63,15.0,0.72,15.0,0.73,15.0,0.28,15.0,0.27,15.0,0.36,5.0,0.37,15.0,0.08,0.08,44.026052,1776225715000
1776225716.875,116.875,0.64,5.0,0.63,15.0,0.72,15.0,0.73,15.0,0.28,15.0,0.27,15.0,0.36,5.0,0.37,15.0,0.08,0.08,44.025057,1776225716000
1776225717.859,117.859,0.64,5.0,0.63,15.0,0.72,15.0,0.73,15.0,0.28,15.0,0.27,15.0,0.36,5.0,0.37,15.0,0.08,0.08,44.025057,1776225717000
1776225718.841,118.841,0.64,5.0,0.63,15.0,0.72,15.0,0.73,15.0,0.28,15.0,0.27,15.0,0.36,5.0,0.37,15.0,0.08,0.08,44.025057,1776225718000
1776225719.921,119.921,0.64,5.0,0.63,15.0,0.72,15.0,0.73,15.0,0.28,15.0,0.27,15.0,0.36,5.0,0.37,15.0,0.08,0.08,44.025057,1776225719000
1776225720.858,120.858,0.64,5.0,0.63,15.0,0.72,15.0,0.73,15.0,0.28,15.0,0.27,15.0,0.36,5.0,0.37,15.0,0.08,0.08,44.022541,1776225720000
1776225722.078,122.078,0.64,5.0,0.63,15.0,0.72,15.0,0.73,15.0,0.28,15.0,0.27,15.0,0.36,5.0,0.37,15.0,0.08,0.08,44.022073,1776225721000
1776225722.984,122.984,0.64,5.0,0.63,15.0,0.72,15.0,0.73,15.0,0.28,15.0,0.27,15.0,0.36,5.0,0.37,15.0,0.08,0.08,44.025646,1776225722000
1776225724.019,124.019,0.64,5.0,0.63,15.0,0.72,15.0,0.73,15.0,0.28,15.0,0.27,15.0,0.36,5.0,0.37,15.0,0.08,0.08,44.024858,1776225723000
1776225725.021,125.021,0.64,5.0,0.63,15.0,0.72,15.0,0.73,15.0,0.28,15.0,0.27,15.0,0.36,5.0,0.37,15.0,0.08,0.08,44.024858,1776225724000
1776225726.067,126.067,0.64,5.0,0.63,15.0,0.72,15.0,0.73,15.0,0.28,15.0,0.27,15.0,0.36,5.0,0.37,15.0,0.08,0.08,44.025046,1776225725000
1776225727.237,127.237,0.64,5.0,0.63,15.0,0.72,15.0,0.73,15.0,0.28,15.0,0.27,15.0,0.36,5.0,0.37,15.0,0.08,0.08,44.025494,1776225726000
1776225728.682,128.682,0.64,5.0,0.63,15.0,0.72,15.0,0.73,15.0,0.28,15.0,0.27,15.0,0.36,5.0,0.37,15.0,0.08,0.08,44.032753,1776225727000
1776225729.162,129.162,0.66,15.0,0.6,15.0,0.67,5.0,0.75,5.0,0.28,15.0,0.27,15.0,0.36,5.0,0.37,15.0,0.01,0.08,44.032753,1776225727000
1776225729.952,129.952,0.66,15.0,0.65,5.94,0.75,5.0,0.76,15.0,0.33,5.0,0.25,5.0,0.34,15.0,0.4,15.0,0.09,0.01,44.034866,1776225728000
1776225730.424,130.424,0.66,15.0,0.65,5.94,0.75,5.0,0.76,15.0,0.25,5.0,0.24,15.0,0.34,15.0,0.35,5.94,0.09,0.09,44.035522,1776225729000
1776225730.924,130.924,0.66,15.0,0.65,5.94,0.75,5.0,0.76,15.0,0.25,5.0,0.24,15.0,0.34,15.0,0.35,5.94,0.09,0.09,44.041663,1776225730000
1776225732.228,132.228,0.66,15.0,0.65,5.94,0.75,5.0,0.76,15.0,0.25,5.0,0.24,15.0,0.34,15.0,0.35,5.94,0.09,0.09,44.042189,1776225731000
1776225733.541,133.541,0.66,15.0,0.65,5.94,0.75,5.0,0.76,15.0,0.25,5.0,0.24,15.0,0.34,15.0,0.35,5.94,0.09,0.09,44.042625,1776225732000
1776225733.96,133.96,0.66,15.0,0.65,5.94,0.75,5.0,0.76,15.0,0.25,5.0,0.24,15.0,0.34,15.0,0.35,5.94,0.09,0.09,44.043092,1776225733000
1776225735.198,135.198,0.66,15.0,0.65,5.94,0.75,5.0,0.76,15.0,0.25,5.0,0.24,15.0,0.34,15.0,0.35,5.94,0.09,0.09,44.050135,1776225734000
1776225736.417,136.417,0.66,15.0,0.65,5.94,0.75,5.0,0.76,15.0,0.25,5.0,0.24,15.0,0.34,15.0,0.35,5.94,0.09,0.09,44.04998,1776225735000
1776225736.953,136.953,0.66,15.0,0.65,5.94,0.75,5.0,0.76,15.0,0.25,5.0,0.24,15.0,0.34,15.0,0.35,5.94,0.09,0.09,44.046232,1776225736000
1776225738.215,138.215,0.66,15.0,0.65,5.94,0.75,5.0,0.76,15.0,0.25,5.0,0.24,15.0,0.34,15.0,0.35,5.94,0.09,0.09,44.045428,1776225737000
1776225739.41,139.41,0.66,15.0,0.65,5.94,0.75,5.0,0.76,15.0,0.25,5.0,0.24,15.0,0.34,15.0,0.35,5.94,0.09,0.09,44.045335,1776225738000
1776225739.998,139.998,0.66,15.0,0.65,5.94,0.75,5.0,0.76,15.0,0.25,5.0,0.24,15.0,0.34,15.0,0.35,5.94,0.09,0.09,44.045708,1776225739000
1776225741.247,141.247,0.66,15.0,0.65,5.94,0.75,5.0,0.76,15.0,0.25,5.0,0.24,15.0,0.34,15.0,0.35,5.94,0.09,0.09,44.045801,1776225740000
1776225742.398,142.398,0.66,15.0,0.65,5.94,0.75,5.0,0.76,15.0,0.25,5.0,0.24,15.0,0.34,15.0,0.35,5.94,0.09,0.09,44.045802,1776225741000
1776225743.029,143.029,0.73,21.0,0.72,5.94,0.82,15.0,0.83,15.0,0.18,15.0,0.17,15.0,0.27,21.0,0.28,5.94,0.09,0.09,44.045926,1776225742000
1776225744.502,144.502,0.73,21.0,0.72,5.94,0.82,15.0,0.83,15.0,0.18,15.0,0.17,15.0,0.27,21.0,0.28,5.94,0.09,0.09,44.045366,1776225743000
1776225745.156,145.156,0.73,21.0,0.72,5.94,0.82,15.0,0.83,15.0,0.18,15.0,0.17,15.0,0.27,21.0,0.28,5.94,0.09,0.09,44.044933,1776225744000
1776225746.468,146.468,0.73,21.0,0.72,5.94,0.82,15.0,0.83,15.0,0.18,15.0,0.17,15.0,0.27,21.0,0.28,5.94,0.09,0.09,44.043767,1776225745000
1776225747.02,147.02,0.73,21.0,0.72,5.94,0.82,15.0,0.83,15.0,0.18,15.0,0.17,15.0,0.27,21.0,0.28,5.94,0.09,0.09,44.043767,1776225746000
1776225748.742,148.742,0.73,21.0,0.72,5.94,0.82,15.0,0.83,15.0,0.18,15.0,0.17,15.0,0.27,21.0,0.28,5.94,0.09,0.09,44.045056,1776225747000
1776225749.628,149.628,0.73,21.0,0.72,5.94,0.82,15.0,0.83,15.0,0.18,15.0,0.17,15.0,0.27,21.0,0.28,5.94,0.09,0.09,44.045007,1776225748000
1776225750.229,150.229,0.73,21.0,0.72,5.94,0.82,15.0,0.83,15.0,0.18,15.0,0.17,15.0,0.27,21.0,0.28,5.94,0.09,0.09,44.045007,1776225749000
1776225751.378,151.378,0.73,21.0,0.72,5.94,0.82,15.0,0.83,15.0,0.18,15.0,0.17,15.0,0.27,21.0,0.28,5.94,0.09,0.09,44.045006,1776225750000
1776225752.007,152.007,0.73,21.0,0.72,5.94,0.82,15.0,0.83,15.0,0.18,15.0,0.17,15.0,0.27,21.0,0.28,5.94,0.09,0.09,44.045006,1776225751000
1776225753.131,153.131,0.73,21.0,0.72,5.94,0.82,15.0,0.83,15.0,0.18,15.0,0.17,15.0,0.27,21.0,0.28,5.94,0.09,0.09,44.045381,1776225752000
1776225754.21,154.21,0.73,21.0,0.72,5.94,0.82,15.0,0.83,15.0,0.18,15.0,0.17,15.0,0.27,21.0,0.28,5.94,0.09,0.09,44.045479,1776225753000
1776225756.087,156.087,0.73,21.0,0.72,5.94,0.82,15.0,0.83,15.0,0.18,15.0,0.17,15.0,0.27,21.0,0.28,5.94,0.09,0.09,44.0475,1776225755000
1776225757.334,157.334,0.73,21.0,0.72,5.94,0.82,15.0,0.83,15.0,0.18,15.0,0.17,15.0,0.27,21.0,0.28,5.94,0.09,0.09,44.045166,1776225756000
1776225758.049,158.049,0.73,21.0,0.72,5.94,0.82,15.0,0.83,15.0,0.18,15.0,0.17,15.0,0.27,21.0,0.28,5.94,0.09,0.09,44.045166,1776225757000
1776225759.626,159.626,0.73,21.0,0.72,5.94,0.82,15.0,0.83,15.0,0.18,15.0,0.17,15.0,0.27,21.0,0.28,5.94,0.09,0.09,44.045634,1776225758000
1776225760.245,160.245,0.73,21.0,0.72,5.94,0.82,15.0,0.83,15.0,0.18,15.0,0.17,15.0,0.27,21.0,0.28,5.94,0.09,0.09,44.045634,1776225759000
1776225762.191,162.191,0.73,21.0,0.72,5.94,0.82,15.0,0.83,15.0,0.18,15.0,0.17,15.0,0.27,21.0,0.28,5.94,0.09,0.09,44.044426,1776225761000
1776225763.301,163.301,0.73,21.0,0.72,5.94,0.82,15.0,0.83,15.0,0.18,15.0,0.17,15.0,0.27,21.0,0.28,5.94,0.09,0.09,44.044146,1776225762000
1776225763.882,163.882,0.73,21.0,0.72,5.94,0.82,15.0,0.83,15.0,0.18,15.0,0.17,15.0,0.27,21.0,0.28,5.94,0.09,0.09,44.044457,1776225763000
1776225765.05,165.05,0.73,21.0,0.72,5.94,0.82,15.0,0.83,15.0,0.18,15.0,0.17,15.0,0.27,21.0,0.28,5.94,0.09,0.09,44.044705,1776225764000
1776225766.115,166.115,0.73,21.0,0.72,5.94,0.82,15.0,0.83,15.0,0.18,15.0,0.17,15.0,0.27,21.0,0.28,5.94,0.09,0.09,44.043839,1776225765000
1776225767.234,167.234,0.73,21.0,0.72,5.94,0.82,15.0,0.83,15.0,0.18,15.0,0.17,15.0,0.27,21.0,0.28,5.94,0.09,0.09,44.044523,1776225766000
1776225768.32,168.32,0.73,21.0,0.72,5.94,0.82,15.0,0.83,15.0,0.18,15.0,0.17,15.0,0.27,21.0,0.28,5.94,0.09,0.09,44.044487,1776225767000
1776225768.862,168.862,0.73,21.0,0.72,5.94,0.82,15.0,0.83,15.0,0.18,15.0,0.17,15.0,0.27,21.0,0.28,5.94,0.09,0.09,44.044622,1776225768000
1776225769.999,169.999,0.73,21.0,0.72,5.94,0.82,15.0,0.83,15.0,0.18,15.0,0.17,15.0,0.27,21.0,0.28,5.94,0.09,0.09,44.044622,1776225769000
1776225771.066,171.066,0.73,21.0,0.72,5.94,0.82,15.0,0.83,15.0,0.18,15.0,0.17,15.0,0.27,21.0,0.28,5.94,0.09,0.09,44.044667,1776225770000
1776225772.721,172.721,0.73,21.0,0.72,5.94,0.82,15.0,0.83,15.0,0.18,15.0,0.17,15.0,0.27,21.0,0.28,5.94,0.09,0.09,44.044241,1776225771000
1776225773.443,173.443,0.73,21.0,0.72,5.94,0.82,15.0,0.83,15.0,0.18,15.0,0.17,15.0,0.27,21.0,0.28,5.94,0.09,0.09,44.044924,1776225772000
1776225774.15,174.15,0.73,21.0,0.72,5.94,0.82,15.0,0.83,15.0,0.18,15.0,0.17,15.0,0.27,21.0,0.28,5.94,0.09,0.09,44.045056,1776225773000
1776225775.529,175.529,0.73,21.0,0.72,5.94,0.82,15.0,0.83,15.0,0.18,15.0,0.17,15.0,0.27,21.0,0.28,5.94,0.09,0.09,44.046253,1776225774000
1776225776.208,176.208,0.73,21.0,0.72,5.94,0.82,15.0,0.83,15.0,0.18,15.0,0.17,15.0,0.27,21.0,0.28,5.94,0.09,0.09,44.045874,1776225775000
1776225778.08,178.08,0.73,21.0,0.72,5.94,0.82,15.0,0.83,15.0,0.18,15.0,0.17,15.0,0.27,21.0,0.28,5.94,0.09,0.09,44.04578,1776225777000
1776225779.06,179.06,0.73,21.0,0.72,5.94,0.82,15.0,0.83,15.0,0.18,15.0,0.17,15.0,0.27,21.0,0.28,5.94,0.09,0.09,44.04596,1776225778000
1776225780.167,180.167,0.73,21.0,0.72,5.94,0.82,15.0,0.83,15.0,0.18,15.0,0.17,15.0,0.27,21.0,0.28,5.94,0.09,0.09,44.046045,1776225779000
1776225781.092,181.092,0.73,21.0,0.72,5.94,0.82,15.0,0.83,15.0,0.18,15.0,0.17,15.0,0.27,21.0,0.28,5.94,0.09,0.09,44.046236,1776225780000
1776225782.198,182.198,0.73,21.0,0.72,5.94,0.82,15.0,0.83,15.0,0.18,15.0,0.17,15.0,0.27,21.0,0.28,5.94,0.09,0.09,44.045615,1776225781000
1776225783.136,183.136,0.73,21.0,0.72,5.94,0.82,15.0,0.83,15.0,0.18,15.0,0.17,15.0,0.27,21.0,0.28,5.94,0.09,0.09,44.045923,1776225782000
1776225784.224,184.224,0.73,21.0,0.72,5.94,0.82,15.0,0.83,15.0,0.18,15.0,0.17,15.0,0.27,21.0,0.28,5.94,0.09,0.09,44.052404,1776225783000
1776225785.267,185.267,0.73,21.0,0.72,5.94,0.82,15.0,0.83,15.0,0.18,15.0,0.17,15.0,0.27,21.0,0.28,5.94,0.09,0.09,44.052963,1776225784000
1776225786.312,186.312,0.73,21.0,0.72,5.94,0.82,15.0,0.83,15.0,0.18,15.0,0.17,15.0,0.27,21.0,0.28,5.94,0.09,0.09,44.052159,1776225785000
1776225787.262,187.262,0.73,21.0,0.72,5.94,0.82,15.0,0.83,15.0,0.18,15.0,0.17,15.0,0.27,21.0,0.28,5.94,0.09,0.09,44.053271,1776225786000
1776225788.522,188.522,0.73,21.0,0.72,5.94,0.82,15.0,0.83,15.0,0.18,15.0,0.17,15.0,0.27,21.0,0.28,5.94,0.09,0.09,44.053185,1776225787000
1776225788.969,188.969,0.73,21.0,0.72,5.94,0.82,15.0,0.83,15.0,0.18,15.0,0.17,15.0,0.27,21.0,0.28,5.94,0.09,0.09,44.0531,1776225788000
1776225789.966,189.966,0.73,21.0,0.72,5.94,0.82,15.0,0.83,15.0,0.18,15.0,0.17,15.0,0.27,21.0,0.28,5.94,0.09,0.09,44.0531,1776225789000
1776225791.788,191.788,0.73,21.0,0.72,5.94,0.82,15.0,0.83,15.0,0.18,15.0,0.17,15.0,0.27,21.0,0.28,5.94,0.09,0.09,44.052938,1776225790000
1776225792.304,192.304,0.73,21.0,0.72,5.94,0.82,15.0,0.83,15.0,0.18,15.0,0.17,15.0,0.27,21.0,0.28,5.94,0.09,0.09,44.053032,1776225791000
1776225793.808,193.808,0.73,21.0,0.72,5.94,0.82,15.0,0.83,15.0,0.18,15.0,0.17,15.0,0.27,21.0,0.28,5.94,0.09,0.09,44.053513,1776225792000
1776225794.278,194.278,0.73,21.0,0.72,5.94,0.82,15.0,0.83,15.0,0.18,15.0,0.17,15.0,0.27,21.0,0.28,5.94,0.09,0.09,44.053427,1776225793000
1776225795.586,195.586,0.73,21.0,0.72,5.94,0.82,15.0,0.83,15.0,0.18,15.0,0.17,15.0,0.27,21.0,0.28,5.94,0.09,0.09,44.053427,1776225794000
1776225796.217,196.217,0.73,21.0,0.72,5.94,0.82,15.0,0.83,15.0,0.18,15.0,0.17,15.0,0.27,21.0,0.28,5.94,0.09,0.09,44.053334,1776225795000
1776225797.397,197.397,0.73,21.0,0.72,5.94,0.82,15.0,0.83,15.0,0.18,15.0,0.17,15.0,0.27,21.0,0.28,5.94,0.09,0.09,44.052908,1776225796000
1776225798.014,198.014,0.73,21.0,0.72,5.94,0.82,15.0,0.83,15.0,0.18,15.0,0.17,15.0,0.27,21.0,0.28,5.94,0.09,0.09,44.052766,1776225797000
1776225799.231,199.231,0.73,21.0,0.72,5.94,0.82,15.0,0.83,15.0,0.18,15.0,0.17,15.0,0.27,21.0,0.28,5.94,0.09,0.09,44.053097,1776225798000
1776225800.408,200.408,0.73,21.0,0.72,5.94,0.82,15.0,0.83,15.0,0.18,15.0,0.17,15.0,0.27,21.0,0.28,5.94,0.09,0.09,44.053097,1776225799000
1776225800.917,200.917,0.73,21.0,0.72,5.94,0.82,15.0,0.83,15.0,0.18,15.0,0.17,15.0,0.27,21.0,0.28,5.94,0.09,0.09,44.053192,1776225800000
1776225802.127,202.127,0.73,21.0,0.72,5.94,0.82,15.0,0.83,15.0,0.18,15.0,0.17,15.0,0.27,21.0,0.28,5.94,0.09,0.09,44.055371,1776225801000
1776225803.381,203.381,0.73,21.0,0.72,5.94,0.82,15.0,0.83,15.0,0.18,15.0,0.17,15.0,0.27,21.0,0.28,5.94,0.09,0.09,44.055352,1776225802000
1776225804.286,204.286,0.9,15.0,0.89,30.0,0.94,9.68,0.95,15.0,0.18,15.0,0.17,15.0,0.27,21.0,0.28,5.94,0.04,0.09,44.055352,1776225802000
1776225805.109,205.109,0.9,15.0,0.89,30.0,0.94,9.68,0.95,15.0,0.06,9.68,0.05,15.0,0.1,15.0,0.11,30.0,0.04,0.04,44.059878,1776225804000
1776225806.247,206.247,0.9,15.0,0.89,30.0,0.94,9.68,0.95,15.0,0.06,9.68,0.05,15.0,0.1,15.0,0.11,30.0,0.04,0.04,44.062279,1776225805000
1776225807.354,207.354,0.9,15.0,0.89,30.0,0.94,9.68,0.95,15.0,0.06,9.68,0.05,15.0,0.1,15.0,0.11,30.0,0.04,0.04,44.062508,1776225806000
1776225808.038,208.038,0.9,15.0,0.89,30.0,0.94,9.68,0.95,15.0,0.06,9.68,0.05,15.0,0.1,15.0,0.11,30.0,0.04,0.04,44.062707,1776225807000
1776225808.995,208.995,0.9,15.0,0.89,30.0,0.96,5.0,0.97,15.0,0.06,9.68,0.05,15.0,0.1,15.0,0.11,30.0,0.06,0.04,44.062707,1776225807000
1776225810.229,210.229,0.9,15.0,0.89,30.0,0.96,5.0,0.97,15.0,0.04,5.0,0.03,15.0,0.1,15.0,0.11,30.0,0.06,0.06,44.062706,1776225809000
1776225811.239,211.239,0.9,15.0,0.89,30.0,0.96,5.0,0.97,15.0,0.04,5.0,0.03,15.0,0.1,15.0,0.11,30.0,0.06,0.06,44.062697,1776225810000
1776225812.377,212.377,0.9,15.0,0.89,30.0,0.96,5.0,0.97,15.0,0.04,5.0,0.03,15.0,0.1,15.0,0.11,30.0,0.06,0.06,44.062697,1776225811000
1776225812.621,212.621,0.92,15.0,0.91,15.0,0.96,3.9,0.97,15.0,0.04,5.0,0.03,15.0,0.1,15.0,0.11,30.0,0.04,0.06,44.062697,1776225811000
1776225813.046,213.046,0.92,15.0,0.91,15.0,0.96,3.9,0.97,15.0,0.04,3.9,0.03,15.0,0.08,15.0,0.09,15.0,0.04,0.04,44.062697,1776225812000
1776225813.986,213.986,0.92,15.0,0.91,15.0,0.96,3.9,0.97,15.0,0.04,3.9,0.03,15.0,0.08,15.0,0.09,15.0,0.04,0.04,44.062697,1776225813000
1776225815.155,215.155,0.92,15.0,0.91,15.0,0.96,3.9,0.97,15.0,0.04,3.9,0.03,15.0,0.08,15.0,0.09,15.0,0.04,0.04,44.062697,1776225814000
1776225816.214,216.214,0.92,15.0,0.91,15.0,0.96,3.9,0.97,15.0,0.04,3.9,0.03,15.0,0.08,15.0,0.09,15.0,0.04,0.04,44.062697,1776225815000
1776225817.345,217.345,0.92,15.0,0.91,15.0,0.96,3.9,0.97,15.0,0.04,3.9,0.03,15.0,0.08,15.0,0.09,15.0,0.04,0.04,44.062697,1776225816000
1776225818.308,218.308,0.92,15.0,0.91,15.0,0.96,3.9,0.97,15.0,0.04,3.9,0.03,15.0,0.08,15.0,0.09,15.0,0.04,0.04,44.062697,1776225817000
1776225818.856,218.856,0.92,15.0,0.91,15.0,0.96,3.9,0.97,15.0,0.04,3.9,0.03,15.0,0.08,15.0,0.09,15.0,0.04,0.04,44.064588,1776225818000
1776225820.332,220.332,0.92,15.0,0.91,15.0,0.96,3.9,0.97,15.0,0.04,3.9,0.03,15.0,0.08,15.0,0.09,15.0,0.04,0.04,44.073252,1776225819000
1776225820.917,220.917,0.95,15.0,0.94,15.0,0.98,5.0,0.99,205.0,0.02,5.0,0.01,205.0,0.05,15.0,0.06,15.0,0.03,0.03,44.07421,1776225820000
1776225822.41,222.41,0.95,15.0,0.94,15.0,0.98,5.0,0.99,205.0,0.02,5.0,0.01,205.0,0.05,15.0,0.06,15.0,0.03,0.03,44.074552,1776225821000
1776225823.011,223.011,0.95,15.0,0.94,15.0,0.98,5.0,0.99,205.0,0.02,5.0,0.01,205.0,0.05,15.0,0.06,15.0,0.03,0.03,44.074846,1776225822000
1776225823.945,223.945,0.95,15.0,0.94,15.0,0.98,5.0,0.99,205.0,0.02,5.0,0.01,205.0,0.05,15.0,0.06,15.0,0.03,0.03,44.074796,1776225823000
1776225824.931,224.931,0.95,15.0,0.94,15.0,0.98,5.0,0.99,205.0,0.02,5.0,0.01,205.0,0.05,15.0,0.06,15.0,0.03,0.03,44.074796,1776225824000
1776225825.922,225.922,0.95,15.0,0.94,15.0,0.98,5.0,0.99,205.0,0.02,5.0,0.01,205.0,0.05,15.0,0.06,15.0,0.03,0.03,44.074796,1776225825000
1776225827.009,227.009,0.95,15.0,0.94,15.0,0.98,5.0,0.99,205.0,0.02,5.0,0.01,205.0,0.05,15.0,0.06,15.0,0.03,0.03,44.074748,1776225826000
1776225828.012,228.012,0.95,15.0,0.94,15.0,0.98,5.0,0.99,205.0,0.02,5.0,0.01,205.0,0.05,15.0,0.06,15.0,0.03,0.03,44.07723,1776225827000
1776225828.997,228.997,0.98,15.0,0.97,15.0,0.99,84.95,,,0.01,84.95,,,0.02,15.0,0.03,15.0,0.01,0.01,44.084705,1776225828000
1776225830.057,230.057,0.98,15.0,0.97,15.0,0.99,84.95,,,0.01,84.95,,,0.02,15.0,0.03,15.0,0.01,0.01,44.1022,1776225829000
1776225830.541,230.541,0.95,15.0,0.94,15.0,0.98,4.8,0.99,99.95,0.01,84.95,,,0.02,15.0,0.03,15.0,0.03,0.01,44.1022,1776225829000
1776225830.767,230.767,0.95,15.0,0.94,15.0,0.98,3.77,0.99,99.95,0.02,4.8,0.01,99.95,0.05,15.0,0.06,15.0,0.03,0.03,44.1022,1776225829000
1776225831.135,231.135,0.95,15.0,0.94,15.0,0.98,0.68,0.99,99.95,0.02,0.68,0.01,99.95,0.05,15.0,0.06,15.0,0.03,0.03,44.097991,1776225830000
1776225832.075,232.075,0.95,15.0,0.94,15.0,0.98,0.68,0.99,99.95,0.02,0.68,0.01,99.95,0.05,15.0,0.06,15.0,0.03,0.03,44.090775,1776225831000
1776225833.08,233.08,0.95,15.0,0.94,15.0,0.98,0.68,0.99,99.95,0.02,0.68,0.01,99.95,0.05,15.0,0.06,15.0,0.03,0.03,44.089723,1776225832000
1776225834.023,234.023,0.95,15.0,0.94,15.0,0.98,0.68,0.99,99.95,0.02,0.68,0.01,99.95,0.05,15.0,0.06,15.0,0.03,0.03,44.087585,1776225833000
1776225835.162,235.162,0.95,15.0,0.94,15.0,0.98,0.68,0.99,99.95,0.02,0.68,0.01,99.95,0.05,15.0,0.06,15.0,0.03,0.03,44.085672,1776225834000
1776225836.301,236.301,0.95,15.0,0.94,15.0,0.98,0.68,0.99,99.95,0.02,0.68,0.01,99.95,0.05,15.0,0.06,15.0,0.03,0.03,44.08669,1776225835000
1776225836.989,236.989,0.95,15.0,0.94,15.0,0.98,0.68,0.99,99.95,0.02,0.68,0.01,99.95,0.05,15.0,0.06,15.0,0.03,0.03,44.086357,1776225836000
1776225837.981,237.981,0.95,15.0,0.94,15.0,0.98,0.68,0.99,99.95,0.02,0.68,0.01,99.95,0.05,15.0,0.06,15.0,0.03,0.03,44.085179,1776225837000
1776225839.112,239.112,0.95,15.0,0.94,15.0,0.98,0.68,0.99,99.95,0.02,0.68,0.01,99.95,0.05,15.0,0.06,15.0,0.03,0.03,44.087231,1776225838000
1776225840.235,240.235,0.95,15.0,0.94,15.0,0.98,0.68,0.99,99.95,0.02,0.68,0.01,99.95,0.05,15.0,0.06,15.0,0.03,0.03,44.087058,1776225839000
1776225841.4,241.4,0.97,5.0,0.96,20.0,0.98,9.9,0.99,110.11,0.02,0.68,0.01,99.95,0.05,15.0,0.06,15.0,0.01,0.03,44.087058,1776225839000
1776225841.612,241.612,0.98,8.81,0.97,5.0,0.99,110.11,,,0.02,3.77,0.01,110.11,0.03,5.0,0.04,20.0,0.01,0.01,44.087058,1776225840000
1776225841.967,241.967,0.98,8.81,0.97,5.0,0.99,110.11,,,0.01,110.11,,,0.02,8.81,0.03,5.0,0.01,0.01,44.086466,1776225841000
1776225843.08,243.08,0.98,8.81,0.97,5.0,0.99,110.11,,,0.01,110.11,,,0.02,8.81,0.03,5.0,0.01,0.01,44.085147,1776225842000
1776225844.161,244.161,0.98,8.81,0.97,5.0,0.99,110.11,,,0.01,110.11,,,0.02,8.81,0.03,5.0,0.01,0.01,44.084765,1776225843000
1776225844.472,244.472,0.98,13.81,0.97,5.0,0.99,90.11,,,0.01,110.11,,,0.02,8.81,0.03,5.0,0.01,0.01,44.084765,1776225843000
1776225845.293,245.293,0.98,13.81,0.97,5.0,0.99,87.07,,,0.01,87.07,,,0.02,13.81,0.03,5.0,0.01,0.01,44.08467,1776225844000
1776225846.432,246.432,0.98,13.81,0.97,5.0,0.99,87.07,,,0.01,87.07,,,0.02,13.81,0.03,5.0,0.01,0.01,44.083906,1776225845000
1776225847.21,247.21,0.98,13.81,0.97,5.0,0.99,87.07,,,0.01,87.07,,,0.02,13.81,0.03,5.0,0.01,0.01,44.083906,1776225846000
1776225848.119,248.119,0.98,13.81,0.97,5.0,0.99,87.07,,,0.01,87.07,,,0.02,13.81,0.03,5.0,0.01,0.01,44.084002,1776225847000
1776225848.755,248.755,0.98,28.81,0.97,20.0,0.99,67.21,,,0.01,87.21,,,0.02,28.81,0.03,20.0,0.01,0.01,44.084002,1776225847000
1776225849.568,249.568,0.98,28.81,0.97,20.0,0.99,42.21,,,0.01,67.21,,,0.02,28.81,0.03,20.0,0.01,0.01,44.084002,1776225847000
1776225849.811,249.811,0.98,28.81,0.97,20.0,0.99,42.21,,,0.01,42.21,,,0.02,28.81,0.03,20.0,0.01,0.01,44.085732,1776225848000
1776225850.443,250.443,0.98,28.81,0.97,20.0,0.99,42.21,,,0.01,42.21,,,0.02,28.81,0.03,20.0,0.01,0.01,44.085732,1776225849000
1776225850.819,250.819,0.98,28.81,0.97,20.0,0.99,42.21,,,0.01,42.21,,,0.02,28.81,0.03,20.0,0.01,0.01,44.085732,1776225849000
1776225852.171,252.171,0.98,28.81,0.97,20.0,0.99,42.21,,,0.01,42.21,,,0.02,28.81,0.03,20.0,0.01,0.01,44.083833,1776225851000
1776225853.008,253.008,0.98,13.81,0.97,5.0,0.99,32.21,,,0.01,42.21,,,0.02,28.81,0.03,20.0,0.01,0.01,44.083833,1776225851000
1776225853.5,253.5,0.98,13.81,0.97,5.0,0.99,32.21,,,0.01,32.21,,,0.02,13.81,0.03,5.0,0.01,0.01,44.083927,1776225852000
1776225854.235,254.235,0.98,13.81,0.97,5.0,0.99,6.31,,,0.01,32.21,,,0.02,13.81,0.03,5.0,0.01,0.01,44.083927,1776225852000
1776225854.565,254.565,0.98,13.81,0.97,5.0,0.99,6.31,,,0.01,6.31,,,0.02,13.81,0.03,5.0,0.01,0.01,44.077012,1776225853000
1776225855.317,255.317,0.98,13.81,0.97,5.0,0.99,6.31,,,0.01,6.31,,,0.02,13.81,0.03,5.0,0.01,0.01,44.069062,1776225854000
1776225855.831,255.831,0.98,13.81,0.97,5.0,,,,,0.01,6.31,,,0.02,13.81,0.03,5.0,,0.01,44.069062,1776225854000
1776225856.036,256.036,0.98,13.81,0.97,5.0,,,,,,,,,0.02,13.81,0.03,5.0,,,44.068708,1776225855000
1776225857.507,257.507,0.98,13.81,0.97,5.0,,,,,,,,,0.02,13.81,0.03,5.0,,,44.067754,1776225856000
1776225858.183,258.183,0.98,13.81,0.97,5.0,,,,,,,,,0.02,13.81,0.03,5.0,,,44.065467,1776225857000
1776225859.618,259.618,0.98,13.81,0.97,5.0,,,,,,,,,0.02,13.81,0.03,5.0,,,44.064242,1776225858000
1776225860.231,260.231,0.98,13.81,0.97,5.0,,,,,,,,,0.02,13.81,0.03,5.0,,,44.064242,1776225859000
1776225861.739,261.739,0.98,13.81,0.97,5.0,,,,,,,,,0.02,13.81,0.03,5.0,,,44.063056,1776225860000
1776225862.442,262.442,0.98,13.81,0.97,5.0,,,,,,,,,0.02,13.81,0.03,5.0,,,44.051215,1776225861000
1776225863.198,263.198,0.98,13.81,0.97,5.0,,,,,,,,,0.02,13.81,0.03,5.0,,,44.053097,1776225862000
1776225864.578,264.578,0.98,13.81,0.97,5.0,,,,,,,,,0.02,13.81,0.03,5.0,,,44.057411,1776225863000
1776225865.294,265.294,0.98,13.81,0.97,5.0,,,,,,,,,0.02,13.81,0.03,5.0,,,44.057411,1776225864000
1776225866.09,266.09,0.98,13.81,0.97,5.0,,,,,,,,,0.02,13.81,0.03,5.0,,,44.057411,1776225865000
1776225868.326,268.326,0.98,13.81,0.97,5.0,,,,,,,,,0.02,13.81,0.03,5.0,,,44.056115,1776225867000
1776225869.52,269.52,0.98,13.81,0.97,5.0,,,,,,,,,0.02,13.81,0.03,5.0,,,44.05592,1776225868000
1776225870.201,270.201,0.98,13.81,0.97,5.0,,,,,,,,,0.02,13.81,0.03,5.0,,,44.055875,1776225869000
1776225871.461,271.461,0.98,13.81,0.97,5.0,,,,,,,,,0.02,13.81,0.03,5.0,,,44.056901,1776225870000
1776225872.309,272.309,0.98,13.81,0.97,5.0,,,,,,,,,0.02,13.81,0.03,5.0,,,44.056901,1776225871000
1776225873.361,273.361,0.98,13.81,0.97,5.0,,,,,,,,,0.02,13.81,0.03,5.0,,,44.055967,1776225872000
1776225874.013,274.013,0.98,13.81,0.97,5.0,,,,,,,,,0.02,13.81,0.03,5.0,,,44.055964,1776225873000
1776225874.929,274.929,0.98,18.92,0.96,15.0,0.99,13.98,,,,,,,0.02,13.81,0.03,5.0,0.01,,44.055964,1776225873000
1776225875.15,275.15,0.98,18.92,0.96,15.0,0.99,13.98,,,0.01,13.98,,,0.02,18.92,0.04,15.0,0.01,0.01,44.054998,1776225874000
1776225876.55,276.55,0.98,18.92,0.96,15.0,0.99,13.98,,,0.01,13.98,,,0.02,18.92,0.04,15.0,0.01,0.01,44.054806,1776225875000
1776225877.128,277.128,0.98,18.92,0.96,15.0,0.99,13.98,,,0.01,13.98,,,0.02,18.92,0.04,15.0,0.01,0.01,44.05452,1776225876000
1776225878.185,278.185,0.99,0.85,0.98,18.92,,,,,0.01,13.98,,,0.02,18.92,0.04,15.0,,0.01,44.05452,1776225876000
1776225879.307,279.307,0.99,0.85,0.98,18.92,,,,,,,,,0.01,0.85,0.02,18.92,,,44.054515,1776225878000
1776225880.092,280.092,0.99,0.85,0.98,18.92,,,,,,,,,0.01,0.85,0.02,18.92,,,44.054515,1776225879000
1776225881.119,281.119,0.99,0.85,0.98,18.92,,,,,,,,,0.01,0.85,0.02,18.92,,,44.056451,1776225880000
1776225882.446,282.446,0.99,0.85,0.98,18.92,,,,,,,,,0.01,0.85,0.02,18.92,,,44.056449,1776225881000
1776225882.955,282.955,0.99,0.85,0.98,18.92,,,,,,,,,0.01,0.85,0.02,18.92,,,44.056354,1776225882000
1776225884.672,284.672,0.99,0.85,0.98,18.92,,,,,,,,,0.01,0.85,0.02,18.92,,,44.056207,1776225883000
1776225885.167,285.167,0.99,0.85,0.98,18.92,,,,,,,,,0.01,0.85,0.02,18.92,,,44.056207,1776225884000
1776225886.2,286.2,0.99,0.85,0.98,18.92,,,,,,,,,0.01,0.85,0.02,18.92,,,44.056256,1776225885000
1776225887.212,287.212,0.99,0.85,0.98,18.92,,,,,,,,,0.01,0.85,0.02,18.92,,,44.055387,1776225886000
1776225888.171,288.171,0.99,0.85,0.98,18.92,,,,,,,,,0.01,0.85,0.02,18.92,,,44.054247,1776225887000
1776225889.141,289.141,0.99,0.85,0.98,18.92,,,,,,,,,0.01,0.85,0.02,18.92,,,44.054276,1776225888000
1776225890.184,290.184,0.99,0.85,0.98,18.92,,,,,,,,,0.01,0.85,0.02,18.92,,,44.054473,1776225889000
1776225891.187,291.187,0.99,0.85,0.98,18.92,,,,,,,,,0.01,0.85,0.02,18.92,,,44.05417,1776225890000
1776225892.231,292.231,0.99,0.85,0.98,18.92,,,,,,,,,0.01,0.85,0.02,18.92,,,44.054121,1776225891000
1776225893.254,293.254,0.99,0.85,0.98,18.92,,,,,,,,,0.01,0.85,0.02,18.92,,,44.054121,1776225892000
1776225894.211,294.211,0.99,0.85,0.98,18.92,,,,,,,,,0.01,0.85,0.02,18.92,,,44.054121,1776225893000
1776225895.242,295.242,0.99,0.85,0.98,18.92,,,,,,,,,0.01,0.85,0.02,18.92,,,44.054296,1776225894000
1776225896.263,296.263,0.99,0.85,0.98,18.92,,,,,,,,,0.01,0.85,0.02,18.92,,,44.054227,1776225895000
1776225897.868,297.868,0.99,0.85,0.98,18.92,,,,,,,,,0.01,0.85,0.02,18.92,,,44.054227,1776225896000
1776225898.367,298.367,0.99,0.85,0.98,18.92,,,,,,,,,0.01,0.85,0.02,18.92,,,44.054227,1776225897000
1776225898.865,298.865,0.99,0.85,0.98,18.92,,,,,,,,,0.01,0.85,0.02,18.92,,,44.054027,1776225898000
1776225899.904,299.904,0.99,1158.3,0.98,18.92,,,,,,,,,0.01,1158.3,0.02,18.92,,,44.053594,1776225899000
1776225900.86,300.86,0.99,1158.3,0.98,18.92,,,,,,,,,0.01,1158.3,0.02,18.92,,,44.053024,1776225900000
1776225901.921,301.921,0.99,1158.3,0.98,18.92,,,,,,,,,0.01,1158.3,0.02,18.92,,,44.05298,1776225901000
1776225902.916,302.916,0.99,1158.3,0.98,18.92,,,,,,,,,0.01,1158.3,0.02,18.92,,,44.048335,1776225902000

# RESULT,winner=Up,slug=hype-updown-5m-1776225600,ticks=305
