timestamp,elapsed_sec,up_bid_p1,up_bid_s1,up_bid_p2,up_bid_s2,up_bid_p3,up_bid_s3,up_bid_p4,up_bid_s4,up_bid_p5,up_bid_s5,up_ask_p1,up_ask_s1,up_ask_p2,up_ask_s2,up_ask_p3,up_ask_s3,up_ask_p4,up_ask_s4,up_ask_p5,up_ask_s5,down_bid_p1,down_bid_s1,down_bid_p2,down_bid_s2,down_bid_p3,down_bid_s3,down_bid_p4,down_bid_s4,down_bid_p5,down_bid_s5,down_ask_p1,down_ask_s1,down_ask_p2,down_ask_s2,down_ask_p3,down_ask_s3,down_ask_p4,down_ask_s4,down_ask_p5,down_ask_s5,up_spread,down_spread,hype_price,hype_oracle_ts
1776171901.385,1.385,0.38,13.0,0.11,100.0,0.08,57.5,0.07,50.0,0.06,50.0,0.59,12.0,0.89,100.0,0.92,57.5,0.93,50.0,0.94,50.0,0.41,12.0,0.11,100.0,0.08,57.5,0.07,50.0,0.06,50.0,0.62,13.0,0.89,100.0,0.92,57.5,0.93,50.0,0.94,50.0,0.21,0.21,45.032914,1776171900000
1776171901.786,1.786,0.38,6.0,0.11,100.0,0.08,57.5,0.07,50.0,0.06,50.0,0.59,12.0,0.89,100.0,0.92,57.5,0.93,50.0,0.94,50.0,0.41,12.0,0.11,100.0,0.08,57.5,0.07,50.0,0.06,50.0,0.62,13.0,0.89,100.0,0.92,57.5,0.93,50.0,0.94,50.0,0.21,0.21,45.032914,1776171900000
1776171902.832,2.832,0.38,6.0,0.11,100.0,0.08,57.5,0.07,50.0,0.06,50.0,0.59,12.0,0.89,100.0,0.92,57.5,0.93,50.0,0.94,50.0,0.41,12.0,0.11,100.0,0.08,57.5,0.07,50.0,0.06,50.0,0.62,6.0,0.89,100.0,0.92,57.5,0.93,50.0,0.94,50.0,0.21,0.21,45.031873,1776171902000
1776171903.896,3.896,0.38,6.0,0.11,100.0,0.08,57.5,0.07,50.0,0.06,50.0,0.59,12.0,0.89,100.0,0.92,57.5,0.93,50.0,0.94,50.0,0.41,12.0,0.11,100.0,0.08,57.5,0.07,50.0,0.06,50.0,0.62,6.0,0.89,100.0,0.92,57.5,0.93,50.0,0.94,50.0,0.21,0.21,45.032955,1776171903000
1776171904.852,4.852,0.38,6.0,0.11,100.0,0.08,57.5,0.07,50.0,0.06,50.0,0.59,12.0,0.89,100.0,0.92,57.5,0.93,50.0,0.94,50.0,0.41,12.0,0.11,100.0,0.08,57.5,0.07,50.0,0.06,50.0,0.62,6.0,0.89,100.0,0.92,57.5,0.93,50.0,0.94,50.0,0.21,0.21,45.030986,1776171904000
1776171906.374,6.374,0.38,6.0,0.11,100.0,0.08,57.5,0.07,50.0,0.06,50.0,0.59,12.0,0.89,100.0,0.92,57.5,0.93,50.0,0.94,50.0,0.41,12.0,0.11,100.0,0.08,57.5,0.07,50.0,0.06,50.0,0.62,6.0,0.89,100.0,0.92,57.5,0.93,50.0,0.94,50.0,0.21,0.21,45.031164,1776171905000
1776171906.934,6.934,0.38,6.0,0.11,100.0,0.08,57.5,0.07,50.0,0.06,50.0,0.59,12.0,0.89,100.0,0.92,57.5,0.93,50.0,0.94,50.0,0.41,12.0,0.11,100.0,0.08,57.5,0.07,50.0,0.06,50.0,0.62,6.0,0.89,100.0,0.92,57.5,0.93,50.0,0.94,50.0,0.21,0.21,45.03127,1776171906000
1776171908.334,8.334,0.38,6.0,0.11,100.0,0.08,57.5,0.07,50.0,0.06,50.0,0.59,12.0,0.89,100.0,0.92,57.5,0.93,50.0,0.94,50.0,0.41,12.0,0.11,100.0,0.08,57.5,0.07,50.0,0.06,50.0,0.62,6.0,0.89,100.0,0.92,57.5,0.93,50.0,0.94,50.0,0.21,0.21,45.03196,1776171907000
1776171909.848,9.848,0.38,6.0,0.11,100.0,0.08,57.5,0.07,50.0,0.06,50.0,0.59,12.0,0.89,100.0,0.92,57.5,0.93,50.0,0.94,50.0,0.41,12.0,0.11,100.0,0.08,57.5,0.07,50.0,0.06,50.0,0.62,6.0,0.89,100.0,0.92,57.5,0.93,50.0,0.94,50.0,0.21,0.21,45.032787,1776171908000
1776171910.443,10.443,0.38,6.0,0.11,100.0,0.08,57.5,0.07,50.0,0.06,50.0,0.59,12.0,0.89,100.0,0.92,57.5,0.93,50.0,0.94,50.0,0.41,12.0,0.11,100.0,0.08,57.5,0.07,50.0,0.06,50.0,0.62,6.0,0.89,100.0,0.92,57.5,0.93,50.0,0.94,50.0,0.21,0.21,45.033226,1776171909000
1776171910.874,10.874,0.45,10.0,0.39,5.0,0.38,5.0,0.37,18.0,0.36,5.0,0.59,10.3,0.62,10.0,0.63,5.0,0.64,5.0,0.65,5.0,0.41,12.0,0.11,100.0,0.08,57.5,0.07,50.0,0.06,50.0,0.62,6.0,0.89,100.0,0.92,57.5,0.93,50.0,0.94,50.0,0.14,0.21,45.033226,1776171909000
1776171911.134,11.134,0.45,10.0,0.39,5.0,0.38,5.0,0.37,18.0,0.36,5.0,0.59,10.3,0.62,10.0,0.63,5.0,0.64,5.0,0.65,5.0,0.41,10.3,0.38,10.0,0.37,5.0,0.36,5.0,0.35,5.0,0.55,10.0,0.61,5.0,0.62,5.0,0.63,18.0,0.64,5.0,0.14,0.14,45.033344,1776171910000
1776171911.341,11.341,0.45,8.18,0.39,5.0,0.38,5.0,0.37,18.0,0.36,5.0,0.59,10.3,0.62,10.0,0.63,5.0,0.64,5.0,0.65,5.0,0.41,10.3,0.38,10.0,0.37,5.0,0.36,5.0,0.35,5.0,0.55,10.0,0.61,5.0,0.62,5.0,0.63,18.0,0.64,5.0,0.14,0.14,45.033344,1776171910000
1776171912.409,12.409,0.45,8.18,0.39,5.0,0.38,5.0,0.37,18.0,0.36,5.0,0.59,10.3,0.62,10.0,0.63,5.0,0.64,5.0,0.65,5.0,0.41,10.3,0.38,10.0,0.37,5.0,0.36,5.0,0.35,5.0,0.55,8.18,0.61,5.0,0.62,5.0,0.63,18.0,0.64,5.0,0.14,0.14,45.036501,1776171911000
1776171912.991,12.991,0.45,8.18,0.39,5.0,0.38,5.0,0.37,18.0,0.36,5.0,0.59,10.3,0.62,10.0,0.63,5.0,0.64,5.0,0.65,5.0,0.41,10.3,0.38,10.0,0.37,5.0,0.36,5.0,0.35,5.0,0.55,8.18,0.61,5.0,0.62,5.0,0.63,18.0,0.64,5.0,0.14,0.14,45.035177,1776171912000
1776171914.252,14.252,0.45,8.18,0.39,5.0,0.38,5.0,0.37,18.0,0.36,5.0,0.59,10.3,0.62,10.0,0.63,5.0,0.64,5.0,0.65,5.0,0.41,10.3,0.38,10.0,0.37,5.0,0.36,5.0,0.35,5.0,0.55,8.18,0.61,5.0,0.62,5.0,0.63,18.0,0.64,5.0,0.14,0.14,45.033184,1776171913000
1776171915.326,15.326,0.45,8.18,0.39,5.0,0.38,5.0,0.37,18.0,0.36,5.0,0.59,10.3,0.62,10.0,0.63,5.0,0.64,5.0,0.65,5.0,0.41,10.3,0.38,10.0,0.37,5.0,0.36,5.0,0.35,5.0,0.55,8.18,0.61,5.0,0.62,5.0,0.63,18.0,0.64,5.0,0.14,0.14,45.03322,1776171914000
1776171915.956,15.956,0.45,8.18,0.39,5.0,0.38,5.0,0.37,18.0,0.36,5.0,0.59,10.3,0.62,10.0,0.63,5.0,0.64,5.0,0.65,5.0,0.41,10.3,0.38,10.0,0.37,5.0,0.36,5.0,0.35,5.0,0.55,8.18,0.61,5.0,0.62,5.0,0.63,18.0,0.64,5.0,0.14,0.14,45.03322,1776171915000
1776171917.073,17.073,0.45,8.18,0.39,5.0,0.38,5.0,0.37,18.0,0.36,5.0,0.59,10.3,0.62,10.0,0.63,5.0,0.64,5.0,0.65,5.0,0.41,10.3,0.38,10.0,0.37,5.0,0.36,5.0,0.35,5.0,0.55,8.18,0.61,5.0,0.62,5.0,0.63,18.0,0.64,5.0,0.14,0.14,45.032605,1776171916000
1776171918.148,18.148,0.45,8.18,0.39,5.0,0.38,5.0,0.37,18.0,0.36,5.0,0.59,10.3,0.62,10.0,0.63,5.0,0.64,5.0,0.65,5.0,0.41,10.3,0.38,10.0,0.37,5.0,0.36,5.0,0.35,5.0,0.55,8.18,0.61,5.0,0.62,5.0,0.63,18.0,0.64,5.0,0.14,0.14,45.032605,1776171917000
1776171919.231,19.231,0.45,8.18,0.39,5.0,0.38,5.0,0.37,18.0,0.36,5.0,0.59,10.3,0.62,10.0,0.63,5.0,0.64,5.0,0.65,5.0,0.41,10.3,0.38,10.0,0.37,5.0,0.36,5.0,0.35,5.0,0.55,8.18,0.61,5.0,0.62,5.0,0.63,18.0,0.64,5.0,0.14,0.14,45.032504,1776171918000
1776171920.388,20.388,0.45,8.18,0.39,5.0,0.38,5.0,0.37,18.0,0.36,5.0,0.59,10.3,0.62,10.0,0.63,5.0,0.64,5.0,0.65,5.0,0.41,10.3,0.38,10.0,0.37,5.0,0.36,5.0,0.35,5.0,0.55,8.18,0.61,5.0,0.62,5.0,0.63,18.0,0.64,5.0,0.14,0.14,45.032561,1776171919000
1776171920.899,20.899,0.45,8.18,0.39,5.0,0.38,5.0,0.37,18.0,0.36,5.0,0.59,10.3,0.62,10.0,0.63,5.0,0.64,5.0,0.65,5.0,0.41,10.3,0.38,10.0,0.37,5.0,0.36,5.0,0.35,5.0,0.55,8.18,0.61,5.0,0.62,5.0,0.63,18.0,0.64,5.0,0.14,0.14,45.032561,1776171920000
1776171922.018,22.018,0.45,8.18,0.39,5.0,0.38,5.0,0.37,18.0,0.36,5.0,0.59,10.3,0.62,10.0,0.63,5.0,0.64,5.0,0.65,5.0,0.41,10.3,0.38,10.0,0.37,5.0,0.36,5.0,0.35,5.0,0.55,8.18,0.61,5.0,0.62,5.0,0.63,18.0,0.64,5.0,0.14,0.14,45.035576,1776171921000
1776171923.079,23.079,0.45,8.18,0.39,5.0,0.38,5.0,0.37,18.0,0.36,5.0,0.59,10.3,0.62,10.0,0.63,5.0,0.64,5.0,0.65,5.0,0.41,10.3,0.38,10.0,0.37,5.0,0.36,5.0,0.35,5.0,0.55,8.18,0.61,5.0,0.62,5.0,0.63,18.0,0.64,5.0,0.14,0.14,45.035212,1776171922000
1776171924.853,24.853,0.45,8.18,0.39,5.0,0.38,5.0,0.37,18.0,0.36,5.0,0.59,10.3,0.62,10.0,0.63,5.0,0.64,5.0,0.65,5.0,0.41,10.3,0.38,10.0,0.37,5.0,0.36,5.0,0.35,5.0,0.55,8.18,0.61,5.0,0.62,5.0,0.63,18.0,0.64,5.0,0.14,0.14,45.035515,1776171923000
1776171925.987,25.987,0.45,8.18,0.39,5.0,0.38,5.0,0.37,18.0,0.36,5.0,0.59,10.3,0.62,10.0,0.63,5.0,0.64,5.0,0.65,5.0,0.41,10.3,0.38,10.0,0.37,5.0,0.36,5.0,0.35,5.0,0.55,8.18,0.61,5.0,0.62,5.0,0.63,18.0,0.64,5.0,0.14,0.14,45.035515,1776171924000
1776171926.635,26.635,0.45,8.18,0.39,5.0,0.38,5.0,0.37,18.0,0.36,5.0,0.59,10.3,0.62,10.0,0.63,5.0,0.64,5.0,0.65,5.0,0.41,10.3,0.38,10.0,0.37,5.0,0.36,5.0,0.35,5.0,0.55,8.18,0.61,5.0,0.62,5.0,0.63,18.0,0.64,5.0,0.14,0.14,45.041334,1776171925000
1776171927.468,27.468,0.45,8.18,0.39,5.0,0.38,5.0,0.37,18.0,0.36,5.0,0.59,10.3,0.62,10.0,0.63,5.0,0.64,5.0,0.65,5.0,0.41,10.3,0.38,10.0,0.37,5.0,0.36,5.0,0.35,5.0,0.55,8.18,0.61,5.0,0.62,5.0,0.63,18.0,0.64,5.0,0.14,0.14,45.043314,1776171926000
1776171928.16,28.16,0.59,5.12,0.55,9.0,0.52,5.0,0.51,5.0,0.5,5.0,0.76,35.0,0.77,5.0,0.78,5.0,0.79,5.0,0.8,5.0,0.24,35.0,0.23,5.0,0.22,5.0,0.21,5.0,0.2,5.0,0.41,5.12,0.45,9.0,0.48,5.0,0.49,5.0,0.5,5.0,0.17,0.17,45.046493,1776171927000
1776171929.509,29.509,0.59,5.12,0.55,9.0,0.52,5.0,0.51,5.0,0.5,5.0,0.76,35.0,0.77,5.0,0.78,5.0,0.79,5.0,0.8,5.0,0.24,35.0,0.23,5.0,0.22,5.0,0.21,5.0,0.2,5.0,0.41,5.12,0.45,9.0,0.48,5.0,0.49,5.0,0.5,5.0,0.17,0.17,45.051287,1776171928000
1776171930.26,30.26,0.59,5.12,0.55,9.0,0.52,5.0,0.51,5.0,0.5,5.0,0.76,35.0,0.77,5.0,0.78,5.0,0.79,5.0,0.8,5.0,0.24,35.0,0.23,5.0,0.22,5.0,0.21,5.0,0.2,5.0,0.41,5.12,0.45,9.0,0.48,5.0,0.49,5.0,0.5,5.0,0.17,0.17,45.051507,1776171929000
1776171931.068,31.068,0.59,5.12,0.55,9.0,0.52,5.0,0.51,5.0,0.5,5.0,0.76,35.0,0.77,5.0,0.78,5.0,0.79,5.0,0.8,5.0,0.24,35.0,0.23,5.0,0.22,5.0,0.21,5.0,0.2,5.0,0.41,5.12,0.45,9.0,0.48,5.0,0.49,5.0,0.5,5.0,0.17,0.17,45.053609,1776171930000
1776171932.735,32.735,0.59,5.12,0.55,9.0,0.52,5.0,0.51,5.0,0.5,5.0,0.76,35.0,0.77,5.0,0.78,5.0,0.79,5.0,0.8,5.0,0.24,35.0,0.23,5.0,0.22,5.0,0.21,5.0,0.2,5.0,0.41,5.12,0.45,9.0,0.48,5.0,0.49,5.0,0.5,5.0,0.17,0.17,45.054157,1776171931000
1776171933.385,33.385,0.59,5.12,0.55,9.0,0.52,5.0,0.51,5.0,0.5,5.0,0.76,35.0,0.77,5.0,0.78,5.0,0.79,5.0,0.8,5.0,0.24,35.0,0.23,5.0,0.22,5.0,0.21,5.0,0.2,5.0,0.41,5.12,0.45,9.0,0.48,5.0,0.49,5.0,0.5,5.0,0.17,0.17,45.054862,1776171932000
1776171934.051,34.051,0.59,5.12,0.55,9.0,0.52,5.0,0.51,5.0,0.5,5.0,0.76,35.0,0.77,5.0,0.78,5.0,0.79,5.0,0.8,5.0,0.24,35.0,0.23,5.0,0.22,5.0,0.21,5.0,0.2,5.0,0.41,5.12,0.45,9.0,0.48,5.0,0.49,5.0,0.5,5.0,0.17,0.17,45.057684,1776171933000
1776171935.614,35.614,0.59,5.12,0.55,9.0,0.52,5.0,0.51,5.0,0.5,5.0,0.76,35.0,0.77,5.0,0.78,5.0,0.79,5.0,0.8,5.0,0.24,35.0,0.23,5.0,0.22,5.0,0.21,5.0,0.2,5.0,0.41,5.12,0.45,9.0,0.48,5.0,0.49,5.0,0.5,5.0,0.17,0.17,45.057904,1776171934000
1776171936.383,36.383,0.59,5.12,0.55,9.0,0.52,5.0,0.51,5.0,0.5,5.0,0.76,35.0,0.77,5.0,0.78,5.0,0.79,5.0,0.8,5.0,0.24,35.0,0.23,5.0,0.22,5.0,0.21,5.0,0.2,5.0,0.41,5.12,0.45,9.0,0.48,5.0,0.49,5.0,0.5,5.0,0.17,0.17,45.058025,1776171935000
1776171936.699,36.699,0.64,10.0,0.63,7.0,0.62,16.0,0.57,5.0,0.56,5.0,0.65,2.0,0.81,15.0,0.82,5.0,0.83,20.0,0.84,20.0,0.24,35.0,0.23,5.0,0.22,5.0,0.21,5.0,0.2,5.0,0.41,5.12,0.45,9.0,0.48,5.0,0.49,5.0,0.5,5.0,0.01,0.17,45.058025,1776171935000
1776171937.183,37.183,0.64,10.0,0.63,7.0,0.62,16.0,0.57,5.0,0.56,5.0,0.65,2.0,0.81,15.0,0.82,5.0,0.83,20.0,0.84,20.0,0.35,2.0,0.19,15.0,0.18,5.0,0.17,20.0,0.16,20.0,0.36,10.0,0.37,7.0,0.38,16.0,0.43,5.0,0.44,5.0,0.01,0.01,45.057419,1776171936000
1776171937.665,37.665,0.65,8.0,0.63,23.0,0.57,5.0,0.56,5.0,0.55,5.0,0.81,5.0,0.82,30.0,0.83,20.0,0.84,20.0,0.85,20.0,0.35,2.0,0.19,15.0,0.18,5.0,0.17,20.0,0.16,20.0,0.36,10.0,0.37,7.0,0.38,16.0,0.43,5.0,0.44,5.0,0.16,0.01,45.057419,1776171936000
1776171938.69,38.69,0.65,8.0,0.63,23.0,0.57,5.0,0.56,5.0,0.55,5.0,0.81,5.0,0.82,30.0,0.83,20.0,0.84,20.0,0.85,20.0,0.19,5.0,0.18,30.0,0.17,20.0,0.16,20.0,0.15,20.0,0.35,8.0,0.37,23.0,0.43,5.0,0.44,5.0,0.45,5.0,0.16,0.16,45.058411,1776171937000
1776171939.564,39.564,0.65,8.0,0.63,23.0,0.57,5.0,0.56,5.0,0.55,5.0,0.81,5.0,0.82,30.0,0.83,20.0,0.84,20.0,0.85,20.0,0.19,5.0,0.18,30.0,0.17,20.0,0.16,20.0,0.15,20.0,0.35,8.0,0.37,23.0,0.43,5.0,0.44,5.0,0.45,5.0,0.16,0.16,45.061557,1776171938000
1776171940.316,40.316,0.65,8.0,0.63,23.0,0.57,5.0,0.56,5.0,0.55,5.0,0.81,5.0,0.82,30.0,0.83,20.0,0.84,20.0,0.85,20.0,0.19,5.0,0.18,30.0,0.17,20.0,0.16,20.0,0.15,20.0,0.35,8.0,0.37,23.0,0.43,5.0,0.44,5.0,0.45,5.0,0.16,0.16,45.062216,1776171939000
1776171940.866,40.866,0.64,8.36,0.63,7.0,0.58,5.0,0.57,5.0,0.56,5.0,0.78,15.0,0.79,15.0,0.8,15.0,0.81,25.0,0.82,20.0,0.19,5.0,0.18,30.0,0.17,20.0,0.16,20.0,0.15,20.0,0.35,8.0,0.37,23.0,0.43,5.0,0.44,5.0,0.45,5.0,0.14,0.16,45.062216,1776171939000
1776171942.762,42.762,0.64,8.36,0.63,7.0,0.58,5.0,0.57,5.0,0.56,5.0,0.78,15.0,0.79,15.0,0.8,15.0,0.81,25.0,0.82,20.0,0.22,15.0,0.21,15.0,0.2,15.0,0.19,25.0,0.18,20.0,0.36,8.36,0.37,7.0,0.42,5.0,0.43,5.0,0.44,5.0,0.14,0.14,45.066064,1776171941000
1776171943.46,43.46,0.64,8.36,0.63,7.0,0.58,5.0,0.57,5.0,0.56,5.0,0.78,15.0,0.79,15.0,0.8,15.0,0.81,25.0,0.82,20.0,0.22,15.0,0.21,15.0,0.2,15.0,0.19,25.0,0.18,20.0,0.36,8.36,0.37,7.0,0.42,5.0,0.43,5.0,0.44,5.0,0.14,0.14,45.065072,1776171942000
1776171944.514,44.514,0.64,8.36,0.63,7.0,0.58,5.0,0.57,5.0,0.56,5.0,0.78,15.0,0.79,15.0,0.8,15.0,0.81,25.0,0.82,20.0,0.22,15.0,0.21,15.0,0.2,15.0,0.19,25.0,0.18,20.0,0.36,8.36,0.37,7.0,0.42,5.0,0.43,5.0,0.44,5.0,0.14,0.14,45.065139,1776171943000
1776171944.93,44.93,0.64,8.36,0.63,7.0,0.58,5.0,0.57,5.0,0.56,5.0,0.78,15.0,0.79,15.0,0.8,15.0,0.81,25.0,0.82,20.0,0.22,15.0,0.21,15.0,0.2,15.0,0.19,25.0,0.18,20.0,0.36,8.36,0.37,7.0,0.42,5.0,0.43,5.0,0.44,5.0,0.14,0.14,45.065082,1776171944000
1776171946.014,46.014,0.64,8.36,0.63,7.0,0.58,5.0,0.57,5.0,0.56,5.0,0.78,15.0,0.79,15.0,0.8,15.0,0.81,25.0,0.82,20.0,0.22,15.0,0.21,15.0,0.2,15.0,0.19,25.0,0.18,20.0,0.36,8.36,0.37,7.0,0.42,5.0,0.43,5.0,0.44,5.0,0.14,0.14,45.06418,1776171945000
1776171946.997,46.997,0.64,8.36,0.63,7.0,0.58,5.0,0.57,5.0,0.56,5.0,0.78,15.0,0.79,15.0,0.8,15.0,0.81,25.0,0.82,20.0,0.22,15.0,0.21,15.0,0.2,15.0,0.19,25.0,0.18,20.0,0.36,8.36,0.37,7.0,0.42,5.0,0.43,5.0,0.44,5.0,0.14,0.14,45.063533,1776171946000
1776171947.991,47.991,0.64,8.36,0.63,7.0,0.58,5.0,0.57,5.0,0.56,5.0,0.78,15.0,0.79,15.0,0.8,15.0,0.81,25.0,0.82,20.0,0.22,15.0,0.21,15.0,0.2,15.0,0.19,25.0,0.18,20.0,0.36,8.36,0.37,7.0,0.42,5.0,0.43,5.0,0.44,5.0,0.14,0.14,45.063533,1776171947000
1776171948.941,48.941,0.64,8.36,0.63,7.0,0.58,5.0,0.57,5.0,0.56,5.0,0.78,15.0,0.79,15.0,0.8,15.0,0.81,25.0,0.82,20.0,0.22,15.0,0.21,15.0,0.2,15.0,0.19,25.0,0.18,20.0,0.36,8.36,0.37,7.0,0.42,5.0,0.43,5.0,0.44,5.0,0.14,0.14,45.063533,1776171948000
1776171949.873,49.873,0.64,8.36,0.63,7.0,0.58,5.0,0.57,5.0,0.56,5.0,0.78,15.0,0.79,15.0,0.8,15.0,0.81,25.0,0.82,20.0,0.22,15.0,0.21,15.0,0.2,15.0,0.19,25.0,0.18,20.0,0.36,8.36,0.37,7.0,0.42,5.0,0.43,5.0,0.44,5.0,0.14,0.14,45.063322,1776171949000
1776171950.84,50.84,0.67,5.0,0.66,5.0,0.65,5.0,0.64,5.0,0.63,5.0,0.83,11.42,0.84,15.0,0.85,15.0,0.86,15.0,0.87,15.0,0.22,15.0,0.21,15.0,0.2,15.0,0.19,25.0,0.18,20.0,0.36,8.36,0.37,7.0,0.42,5.0,0.43,5.0,0.44,5.0,0.16,0.14,45.063322,1776171949000
1776171951.528,51.528,0.73,43.0,0.72,5.0,0.71,5.0,0.7,5.0,0.69,5.0,0.83,1.42,0.84,15.0,0.85,15.0,0.86,15.0,0.87,15.0,0.17,11.42,0.16,15.0,0.15,15.0,0.14,15.0,0.13,15.0,0.33,5.0,0.34,5.0,0.35,5.0,0.36,5.0,0.37,5.0,0.1,0.16,45.063462,1776171950000
1776171951.854,51.854,0.73,43.0,0.72,5.0,0.71,5.0,0.7,5.0,0.69,5.0,0.83,1.42,0.84,15.0,0.85,15.0,0.86,15.0,0.87,15.0,0.17,1.42,0.16,15.0,0.15,15.0,0.14,15.0,0.13,15.0,0.27,43.0,0.28,5.0,0.29,5.0,0.3,5.0,0.31,5.0,0.1,0.1,45.063672,1776171951000
1776171952.88,52.88,0.74,6.0,0.73,5.0,0.72,5.0,0.71,5.0,0.7,5.0,0.84,6.76,0.85,15.0,0.86,15.0,0.87,15.0,0.88,25.0,0.16,6.76,0.15,15.0,0.14,15.0,0.13,15.0,0.12,25.0,0.26,6.0,0.27,5.0,0.28,5.0,0.29,5.0,0.3,5.0,0.1,0.1,45.0801,1776171952000
1776171953.809,53.809,0.74,6.0,0.73,5.0,0.72,5.0,0.71,5.0,0.7,5.0,0.84,6.76,0.85,15.0,0.86,15.0,0.87,15.0,0.88,25.0,0.16,6.76,0.15,15.0,0.14,15.0,0.13,15.0,0.12,25.0,0.26,6.0,0.27,5.0,0.28,5.0,0.29,5.0,0.3,5.0,0.1,0.1,45.095841,1776171953000
1776171954.92,54.92,0.74,6.0,0.73,5.0,0.72,5.0,0.71,5.0,0.7,5.0,0.84,6.76,0.85,15.0,0.86,15.0,0.87,15.0,0.88,25.0,0.16,6.76,0.15,15.0,0.14,15.0,0.13,15.0,0.12,25.0,0.26,6.0,0.27,5.0,0.28,5.0,0.29,5.0,0.3,5.0,0.1,0.1,45.098442,1776171954000
1776171956.252,56.252,0.74,6.0,0.73,5.0,0.72,5.0,0.71,5.0,0.7,5.0,0.84,6.76,0.85,15.0,0.86,15.0,0.87,15.0,0.88,25.0,0.16,6.76,0.15,15.0,0.14,15.0,0.13,15.0,0.12,25.0,0.26,6.0,0.27,5.0,0.28,5.0,0.29,5.0,0.3,5.0,0.1,0.1,45.097092,1776171955000
1776171957.264,57.264,0.74,6.0,0.73,5.0,0.72,5.0,0.71,5.0,0.7,5.0,0.84,6.76,0.85,15.0,0.86,15.0,0.87,15.0,0.88,25.0,0.16,6.76,0.15,15.0,0.14,15.0,0.13,15.0,0.12,25.0,0.26,6.0,0.27,5.0,0.28,5.0,0.29,5.0,0.3,5.0,0.1,0.1,45.096299,1776171956000
1776171958.16,58.16,0.74,6.0,0.73,5.0,0.72,5.0,0.71,5.0,0.7,5.0,0.84,6.76,0.85,15.0,0.86,15.0,0.87,15.0,0.88,25.0,0.16,6.76,0.15,15.0,0.14,15.0,0.13,15.0,0.12,25.0,0.26,6.0,0.27,5.0,0.28,5.0,0.29,5.0,0.3,5.0,0.1,0.1,45.094275,1776171957000
1776171959.145,59.145,0.74,6.0,0.73,5.0,0.72,5.0,0.71,5.0,0.7,5.0,0.84,6.76,0.85,15.0,0.86,15.0,0.87,15.0,0.88,25.0,0.16,6.76,0.15,15.0,0.14,15.0,0.13,15.0,0.12,25.0,0.26,6.0,0.27,5.0,0.28,5.0,0.29,5.0,0.3,5.0,0.1,0.1,45.094801,1776171958000
1776171960.112,60.112,0.74,6.0,0.73,5.0,0.72,5.0,0.71,5.0,0.7,5.0,0.84,6.76,0.85,15.0,0.86,15.0,0.87,15.0,0.88,25.0,0.16,6.76,0.15,15.0,0.14,15.0,0.13,15.0,0.12,25.0,0.26,6.0,0.27,5.0,0.28,5.0,0.29,5.0,0.3,5.0,0.1,0.1,45.09251,1776171959000
1776171961.095,61.095,0.74,6.0,0.73,5.0,0.72,5.0,0.71,5.0,0.7,5.0,0.84,6.76,0.85,15.0,0.86,15.0,0.87,15.0,0.88,25.0,0.16,6.76,0.15,15.0,0.14,15.0,0.13,15.0,0.12,25.0,0.26,6.0,0.27,5.0,0.28,5.0,0.29,5.0,0.3,5.0,0.1,0.1,45.083327,1776171960000
1776171962.106,62.106,0.74,6.0,0.73,5.0,0.72,5.0,0.71,5.0,0.7,5.0,0.84,6.76,0.85,15.0,0.86,15.0,0.87,15.0,0.88,25.0,0.16,6.76,0.15,15.0,0.14,15.0,0.13,15.0,0.12,25.0,0.26,6.0,0.27,5.0,0.28,5.0,0.29,5.0,0.3,5.0,0.1,0.1,45.081591,1776171961000
1776171963.0,63.0,0.74,6.0,0.73,5.0,0.72,5.0,0.71,5.0,0.7,5.0,0.84,6.76,0.85,15.0,0.86,15.0,0.87,15.0,0.88,25.0,0.16,6.76,0.15,15.0,0.14,15.0,0.13,15.0,0.12,25.0,0.26,6.0,0.27,5.0,0.28,5.0,0.29,5.0,0.3,5.0,0.1,0.1,45.081487,1776171962000
1776171964.067,64.067,0.74,6.0,0.73,5.0,0.72,5.0,0.71,5.0,0.7,5.0,0.84,6.76,0.85,15.0,0.86,15.0,0.87,15.0,0.88,25.0,0.16,6.76,0.15,15.0,0.14,15.0,0.13,15.0,0.12,25.0,0.26,6.0,0.27,5.0,0.28,5.0,0.29,5.0,0.3,5.0,0.1,0.1,45.081663,1776171963000
1776171964.96,64.96,0.74,6.0,0.73,5.0,0.72,5.0,0.71,5.0,0.7,5.0,0.84,6.76,0.85,15.0,0.86,15.0,0.87,15.0,0.88,25.0,0.16,6.76,0.15,15.0,0.14,15.0,0.13,15.0,0.12,25.0,0.26,6.0,0.27,5.0,0.28,5.0,0.29,5.0,0.3,5.0,0.1,0.1,45.082103,1776171964000
1776171965.982,65.982,0.74,6.0,0.73,5.0,0.72,5.0,0.71,5.0,0.7,5.0,0.84,6.76,0.85,15.0,0.86,15.0,0.87,15.0,0.88,25.0,0.16,6.76,0.15,15.0,0.14,15.0,0.13,15.0,0.12,25.0,0.26,6.0,0.27,5.0,0.28,5.0,0.29,5.0,0.3,5.0,0.1,0.1,45.084232,1776171965000
1776171966.199,66.199,0.72,10.0,0.71,7.0,0.64,5.0,0.63,5.0,0.62,5.0,0.74,15.0,0.75,15.0,0.76,15.0,0.77,15.0,0.78,15.0,0.16,6.76,0.15,15.0,0.14,15.0,0.13,15.0,0.12,25.0,0.26,6.0,0.27,5.0,0.28,5.0,0.29,5.0,0.3,5.0,0.02,0.1,45.084232,1776171965000
1776171966.992,66.992,0.72,10.0,0.71,7.0,0.64,5.0,0.63,5.0,0.62,5.0,0.74,15.0,0.75,15.0,0.76,15.0,0.77,15.0,0.78,15.0,0.26,15.0,0.25,15.0,0.24,15.0,0.23,15.0,0.22,15.0,0.28,10.0,0.29,7.0,0.36,5.0,0.37,5.0,0.38,5.0,0.02,0.02,45.082377,1776171966000
1776171967.62,67.62,0.72,5.0,0.68,7.0,0.61,5.0,0.6,5.0,0.59,5.0,0.73,15.0,0.74,15.0,0.75,15.0,0.76,15.0,0.77,15.0,0.26,15.0,0.25,15.0,0.24,15.0,0.23,15.0,0.22,15.0,0.28,10.0,0.29,7.0,0.36,5.0,0.37,5.0,0.38,5.0,0.01,0.02,45.082377,1776171966000
1776171968.02,68.02,0.72,5.0,0.68,7.0,0.61,5.0,0.6,5.0,0.59,5.0,0.73,15.0,0.74,15.0,0.75,15.0,0.76,15.0,0.77,15.0,0.27,15.0,0.26,15.0,0.25,15.0,0.24,15.0,0.23,15.0,0.28,5.0,0.32,7.0,0.39,5.0,0.4,5.0,0.41,5.0,0.01,0.01,45.081849,1776171967000
1776171970.489,70.489,0.72,5.0,0.68,7.0,0.61,5.0,0.6,5.0,0.59,5.0,0.73,15.0,0.74,15.0,0.75,15.0,0.76,15.0,0.77,15.0,0.27,15.0,0.26,15.0,0.25,15.0,0.24,15.0,0.23,15.0,0.28,5.0,0.32,7.0,0.39,5.0,0.4,5.0,0.41,5.0,0.01,0.01,45.077278,1776171969000
1776171971.715,71.715,0.72,5.0,0.68,7.0,0.61,5.0,0.6,5.0,0.59,5.0,0.73,15.0,0.74,15.0,0.75,15.0,0.76,15.0,0.77,15.0,0.27,15.0,0.26,15.0,0.25,15.0,0.24,15.0,0.23,15.0,0.28,5.0,0.32,7.0,0.39,5.0,0.4,5.0,0.41,5.0,0.01,0.01,45.072887,1776171970000
1776171972.524,72.524,0.72,5.0,0.68,7.0,0.61,5.0,0.6,5.0,0.59,5.0,0.73,15.0,0.74,15.0,0.75,15.0,0.76,15.0,0.77,15.0,0.27,15.0,0.26,15.0,0.25,15.0,0.24,15.0,0.23,15.0,0.28,5.0,0.32,7.0,0.39,5.0,0.4,5.0,0.41,5.0,0.01,0.01,45.065262,1776171971000
1776171973.711,73.711,0.72,5.0,0.68,7.0,0.61,5.0,0.6,5.0,0.59,5.0,0.73,15.0,0.74,15.0,0.75,15.0,0.76,15.0,0.77,15.0,0.27,15.0,0.26,15.0,0.25,15.0,0.24,15.0,0.23,15.0,0.28,5.0,0.32,7.0,0.39,5.0,0.4,5.0,0.41,5.0,0.01,0.01,45.066584,1776171972000
1776171974.835,74.835,0.72,5.0,0.68,7.0,0.61,5.0,0.6,5.0,0.59,5.0,0.73,15.0,0.74,15.0,0.75,15.0,0.76,15.0,0.77,15.0,0.27,15.0,0.26,15.0,0.25,15.0,0.24,15.0,0.23,15.0,0.28,5.0,0.32,7.0,0.39,5.0,0.4,5.0,0.41,5.0,0.01,0.01,45.065818,1776171973000
1776171975.928,75.928,0.72,5.0,0.68,7.0,0.61,5.0,0.6,5.0,0.59,5.0,0.73,15.0,0.74,15.0,0.75,15.0,0.76,15.0,0.77,15.0,0.27,15.0,0.26,15.0,0.25,15.0,0.24,15.0,0.23,15.0,0.28,5.0,0.32,7.0,0.39,5.0,0.4,5.0,0.41,5.0,0.01,0.01,45.065716,1776171974000
1776171976.858,76.858,0.72,5.0,0.68,7.0,0.61,5.0,0.6,5.0,0.59,5.0,0.73,15.0,0.74,15.0,0.75,15.0,0.76,15.0,0.77,15.0,0.27,15.0,0.26,15.0,0.25,15.0,0.24,15.0,0.23,15.0,0.28,5.0,0.32,7.0,0.39,5.0,0.4,5.0,0.41,5.0,0.01,0.01,45.066366,1776171975000
1776171977.817,77.817,0.72,5.0,0.68,7.0,0.61,5.0,0.6,5.0,0.59,5.0,0.73,15.0,0.74,15.0,0.75,15.0,0.76,15.0,0.77,15.0,0.27,15.0,0.26,15.0,0.25,15.0,0.24,15.0,0.23,15.0,0.28,5.0,0.32,7.0,0.39,5.0,0.4,5.0,0.41,5.0,0.01,0.01,45.065305,1776171976000
1776171978.951,78.951,0.72,5.0,0.68,7.0,0.61,5.0,0.6,5.0,0.59,5.0,0.73,15.0,0.74,15.0,0.75,15.0,0.76,15.0,0.77,15.0,0.27,15.0,0.26,15.0,0.25,15.0,0.24,15.0,0.23,15.0,0.28,5.0,0.32,7.0,0.39,5.0,0.4,5.0,0.41,5.0,0.01,0.01,45.063693,1776171977000
1776171979.768,79.768,0.72,5.0,0.68,7.0,0.61,5.0,0.6,5.0,0.59,5.0,0.73,15.0,0.74,15.0,0.75,15.0,0.76,15.0,0.77,15.0,0.27,15.0,0.26,15.0,0.25,15.0,0.24,15.0,0.23,15.0,0.28,5.0,0.32,7.0,0.39,5.0,0.4,5.0,0.41,5.0,0.01,0.01,45.063008,1776171978000
1776171980.531,80.531,0.72,5.0,0.68,7.0,0.61,5.0,0.6,5.0,0.59,5.0,0.73,15.0,0.74,15.0,0.75,15.0,0.76,15.0,0.77,15.0,0.27,15.0,0.26,15.0,0.25,15.0,0.24,15.0,0.23,15.0,0.28,5.0,0.32,7.0,0.39,5.0,0.4,5.0,0.41,5.0,0.01,0.01,45.062007,1776171979000
1776171981.177,81.177,0.72,5.0,0.68,7.0,0.61,5.0,0.6,5.0,0.59,5.0,0.73,15.0,0.74,15.0,0.75,15.0,0.76,15.0,0.77,15.0,0.27,15.0,0.26,15.0,0.25,15.0,0.24,15.0,0.23,15.0,0.28,5.0,0.32,7.0,0.39,5.0,0.4,5.0,0.41,5.0,0.01,0.01,45.062007,1776171980000
1776171982.513,82.513,0.72,5.0,0.68,7.0,0.61,5.0,0.6,5.0,0.59,5.0,0.73,15.0,0.74,15.0,0.75,15.0,0.76,15.0,0.77,15.0,0.27,15.0,0.26,15.0,0.25,15.0,0.24,15.0,0.23,15.0,0.28,5.0,0.32,7.0,0.39,5.0,0.4,5.0,0.41,5.0,0.01,0.01,45.061862,1776171981000
1776171983.197,83.197,0.72,5.0,0.68,7.0,0.61,5.0,0.6,5.0,0.59,5.0,0.73,15.0,0.74,15.0,0.75,15.0,0.76,15.0,0.77,15.0,0.27,15.0,0.26,15.0,0.25,15.0,0.24,15.0,0.23,15.0,0.28,5.0,0.32,7.0,0.39,5.0,0.4,5.0,0.41,5.0,0.01,0.01,45.061883,1776171982000
1776171984.546,84.546,0.72,5.0,0.68,7.0,0.61,5.0,0.6,5.0,0.59,5.0,0.73,15.0,0.74,15.0,0.75,15.0,0.76,15.0,0.77,15.0,0.27,15.0,0.26,15.0,0.25,15.0,0.24,15.0,0.23,15.0,0.28,5.0,0.32,7.0,0.39,5.0,0.4,5.0,0.41,5.0,0.01,0.01,45.061441,1776171983000
1776171985.134,85.134,0.72,5.0,0.68,7.0,0.61,5.0,0.6,5.0,0.59,5.0,0.73,15.0,0.74,15.0,0.75,15.0,0.76,15.0,0.77,15.0,0.27,15.0,0.26,15.0,0.25,15.0,0.24,15.0,0.23,15.0,0.28,5.0,0.32,7.0,0.39,5.0,0.4,5.0,0.41,5.0,0.01,0.01,45.061442,1776171984000
1776171986.895,86.895,0.72,5.0,0.68,7.0,0.61,5.0,0.6,5.0,0.59,5.0,0.73,15.0,0.74,15.0,0.75,15.0,0.76,15.0,0.77,15.0,0.27,15.0,0.26,15.0,0.25,15.0,0.24,15.0,0.23,15.0,0.28,5.0,0.32,7.0,0.39,5.0,0.4,5.0,0.41,5.0,0.01,0.01,45.061549,1776171985000
1776171987.461,87.461,0.72,5.0,0.68,7.0,0.61,5.0,0.6,5.0,0.59,5.0,0.73,15.0,0.74,15.0,0.75,15.0,0.76,15.0,0.77,15.0,0.27,15.0,0.26,15.0,0.25,15.0,0.24,15.0,0.23,15.0,0.28,5.0,0.32,7.0,0.39,5.0,0.4,5.0,0.41,5.0,0.01,0.01,45.061503,1776171986000
1776171988.244,88.244,0.72,5.0,0.68,7.0,0.61,5.0,0.6,5.0,0.59,5.0,0.73,15.0,0.74,15.0,0.75,15.0,0.76,15.0,0.77,15.0,0.27,15.0,0.26,15.0,0.25,15.0,0.24,15.0,0.23,15.0,0.28,5.0,0.32,7.0,0.39,5.0,0.4,5.0,0.41,5.0,0.01,0.01,45.062542,1776171987000
1776171990.037,90.037,0.72,5.0,0.68,7.0,0.61,5.0,0.6,5.0,0.59,5.0,0.73,15.0,0.74,15.0,0.75,15.0,0.76,15.0,0.77,15.0,0.27,15.0,0.26,15.0,0.25,15.0,0.24,15.0,0.23,15.0,0.28,5.0,0.32,7.0,0.39,5.0,0.4,5.0,0.41,5.0,0.01,0.01,45.064469,1776171988000
1776171990.746,90.746,0.72,5.0,0.68,7.0,0.61,5.0,0.6,5.0,0.59,5.0,0.73,15.0,0.74,15.0,0.75,15.0,0.76,15.0,0.77,15.0,0.27,15.0,0.26,15.0,0.25,15.0,0.24,15.0,0.23,15.0,0.28,5.0,0.32,7.0,0.39,5.0,0.4,5.0,0.41,5.0,0.01,0.01,45.064469,1776171989000
1776171991.772,91.772,0.72,5.0,0.68,7.0,0.61,5.0,0.6,5.0,0.59,5.0,0.73,15.0,0.74,15.0,0.75,15.0,0.76,15.0,0.77,15.0,0.27,15.0,0.26,15.0,0.25,15.0,0.24,15.0,0.23,15.0,0.28,5.0,0.32,7.0,0.39,5.0,0.4,5.0,0.41,5.0,0.01,0.01,45.064557,1776171990000
1776171992.187,92.187,0.72,5.0,0.68,7.0,0.61,5.0,0.6,5.0,0.59,5.0,0.73,15.0,0.74,15.0,0.75,15.0,0.76,15.0,0.77,15.0,0.27,15.0,0.26,15.0,0.25,15.0,0.24,15.0,0.23,15.0,0.28,5.0,0.32,7.0,0.39,5.0,0.4,5.0,0.41,5.0,0.01,0.01,45.064557,1776171991000
1776171993.227,93.227,0.72,5.0,0.68,7.0,0.61,5.0,0.6,5.0,0.59,5.0,0.73,15.0,0.74,15.0,0.75,15.0,0.76,15.0,0.77,15.0,0.27,15.0,0.26,15.0,0.25,15.0,0.24,15.0,0.23,15.0,0.28,5.0,0.32,7.0,0.39,5.0,0.4,5.0,0.41,5.0,0.01,0.01,45.064782,1776171992000
1776171994.119,94.119,0.72,5.0,0.68,7.0,0.61,5.0,0.6,5.0,0.59,5.0,0.73,15.0,0.74,15.0,0.75,15.0,0.76,15.0,0.77,15.0,0.27,15.0,0.26,15.0,0.25,15.0,0.24,15.0,0.23,15.0,0.28,5.0,0.32,7.0,0.39,5.0,0.4,5.0,0.41,5.0,0.01,0.01,45.065537,1776171993000
1776171995.016,95.016,0.72,5.0,0.68,7.0,0.61,5.0,0.6,5.0,0.59,5.0,0.73,15.0,0.74,15.0,0.75,15.0,0.76,15.0,0.77,15.0,0.27,15.0,0.26,15.0,0.25,15.0,0.24,15.0,0.23,15.0,0.28,5.0,0.32,7.0,0.39,5.0,0.4,5.0,0.41,5.0,0.01,0.01,45.065219,1776171994000
1776171996.128,96.128,0.72,5.0,0.68,7.0,0.61,5.0,0.6,5.0,0.59,5.0,0.73,15.0,0.74,15.0,0.75,15.0,0.76,15.0,0.77,15.0,0.27,15.0,0.26,15.0,0.25,15.0,0.24,15.0,0.23,15.0,0.28,5.0,0.32,7.0,0.39,5.0,0.4,5.0,0.41,5.0,0.01,0.01,45.065031,1776171995000
1776171996.964,96.964,0.72,5.0,0.68,7.0,0.61,5.0,0.6,5.0,0.59,5.0,0.73,15.0,0.74,15.0,0.75,15.0,0.76,15.0,0.77,15.0,0.27,15.0,0.26,15.0,0.25,15.0,0.24,15.0,0.23,15.0,0.28,5.0,0.32,7.0,0.39,5.0,0.4,5.0,0.41,5.0,0.01,0.01,45.064989,1776171996000
1776171998.019,98.019,0.72,5.0,0.68,7.0,0.61,5.0,0.6,5.0,0.59,5.0,0.73,15.0,0.74,15.0,0.75,15.0,0.76,15.0,0.77,15.0,0.27,15.0,0.26,15.0,0.25,15.0,0.24,15.0,0.23,15.0,0.28,5.0,0.32,7.0,0.39,5.0,0.4,5.0,0.41,5.0,0.01,0.01,45.064989,1776171997000
1776171998.971,98.971,0.72,5.0,0.68,7.0,0.61,5.0,0.6,5.0,0.59,5.0,0.73,15.0,0.74,15.0,0.75,15.0,0.76,15.0,0.77,15.0,0.27,15.0,0.26,15.0,0.25,15.0,0.24,15.0,0.23,15.0,0.28,5.0,0.32,7.0,0.39,5.0,0.4,5.0,0.41,5.0,0.01,0.01,45.065004,1776171998000
1776172000.072,100.072,0.72,5.0,0.68,7.0,0.61,5.0,0.6,5.0,0.59,5.0,0.73,15.0,0.74,15.0,0.75,15.0,0.76,15.0,0.77,15.0,0.27,15.0,0.26,15.0,0.25,15.0,0.24,15.0,0.23,15.0,0.28,5.0,0.32,7.0,0.39,5.0,0.4,5.0,0.41,5.0,0.01,0.01,45.064619,1776171999000
1776172000.956,100.956,0.72,5.0,0.68,7.0,0.61,5.0,0.6,5.0,0.59,5.0,0.73,15.0,0.74,15.0,0.75,15.0,0.76,15.0,0.77,15.0,0.27,15.0,0.26,15.0,0.25,15.0,0.24,15.0,0.23,15.0,0.28,5.0,0.32,7.0,0.39,5.0,0.4,5.0,0.41,5.0,0.01,0.01,45.064557,1776172000000
1776172002.005,102.005,0.72,5.0,0.68,7.0,0.61,5.0,0.6,5.0,0.59,5.0,0.73,15.0,0.74,15.0,0.75,15.0,0.76,15.0,0.77,15.0,0.27,15.0,0.26,15.0,0.25,15.0,0.24,15.0,0.23,15.0,0.28,5.0,0.32,7.0,0.39,5.0,0.4,5.0,0.41,5.0,0.01,0.01,45.067782,1776172001000
1776172003.449,103.449,0.72,5.0,0.68,7.0,0.61,5.0,0.6,5.0,0.59,5.0,0.73,15.0,0.74,15.0,0.75,15.0,0.76,15.0,0.77,15.0,0.27,15.0,0.26,15.0,0.25,15.0,0.24,15.0,0.23,15.0,0.28,5.0,0.32,7.0,0.39,5.0,0.4,5.0,0.41,5.0,0.01,0.01,45.072268,1776172002000
1776172003.989,103.989,0.72,5.0,0.68,7.0,0.61,5.0,0.6,5.0,0.59,5.0,0.73,15.0,0.74,15.0,0.75,15.0,0.76,15.0,0.77,15.0,0.27,15.0,0.26,15.0,0.25,15.0,0.24,15.0,0.23,15.0,0.28,5.0,0.32,7.0,0.39,5.0,0.4,5.0,0.41,5.0,0.01,0.01,45.072027,1776172003000
1776172005.21,105.21,0.72,5.0,0.68,7.0,0.61,5.0,0.6,5.0,0.59,5.0,0.73,15.0,0.74,15.0,0.75,15.0,0.76,15.0,0.77,15.0,0.27,15.0,0.26,15.0,0.25,15.0,0.24,15.0,0.23,15.0,0.28,5.0,0.32,7.0,0.39,5.0,0.4,5.0,0.41,5.0,0.01,0.01,45.072182,1776172004000
1776172006.28,106.28,0.72,5.0,0.68,7.0,0.61,5.0,0.6,5.0,0.59,5.0,0.73,15.0,0.74,15.0,0.75,15.0,0.76,15.0,0.77,15.0,0.27,15.0,0.26,15.0,0.25,15.0,0.24,15.0,0.23,15.0,0.28,5.0,0.32,7.0,0.39,5.0,0.4,5.0,0.41,5.0,0.01,0.01,45.072355,1776172005000
1776172007.809,107.809,0.72,5.0,0.68,7.0,0.61,5.0,0.6,5.0,0.59,5.0,0.73,15.0,0.74,15.0,0.75,15.0,0.76,15.0,0.77,15.0,0.27,15.0,0.26,15.0,0.25,15.0,0.24,15.0,0.23,15.0,0.28,5.0,0.32,7.0,0.39,5.0,0.4,5.0,0.41,5.0,0.01,0.01,45.072295,1776172006000
1776172008.683,108.683,0.72,5.0,0.68,7.0,0.61,5.0,0.6,5.0,0.59,5.0,0.73,15.0,0.74,15.0,0.75,15.0,0.76,15.0,0.77,15.0,0.27,15.0,0.26,15.0,0.25,15.0,0.24,15.0,0.23,15.0,0.28,5.0,0.32,7.0,0.39,5.0,0.4,5.0,0.41,5.0,0.01,0.01,45.072272,1776172007000
1776172009.294,109.294,0.72,5.0,0.68,7.0,0.61,5.0,0.6,5.0,0.59,5.0,0.73,15.0,0.74,15.0,0.75,15.0,0.76,15.0,0.77,15.0,0.27,15.0,0.26,15.0,0.25,15.0,0.24,15.0,0.23,15.0,0.28,5.0,0.32,7.0,0.39,5.0,0.4,5.0,0.41,5.0,0.01,0.01,45.072409,1776172008000
1776172010.187,110.187,0.72,5.0,0.68,7.0,0.61,5.0,0.6,5.0,0.59,5.0,0.73,15.0,0.74,15.0,0.75,15.0,0.76,15.0,0.77,15.0,0.27,15.0,0.26,15.0,0.25,15.0,0.24,15.0,0.23,15.0,0.28,5.0,0.32,7.0,0.39,5.0,0.4,5.0,0.41,5.0,0.01,0.01,45.071158,1776172009000
1776172011.758,111.758,0.72,5.0,0.68,7.0,0.61,5.0,0.6,5.0,0.59,5.0,0.73,15.0,0.74,15.0,0.75,15.0,0.76,15.0,0.77,15.0,0.27,15.0,0.26,15.0,0.25,15.0,0.24,15.0,0.23,15.0,0.28,5.0,0.32,7.0,0.39,5.0,0.4,5.0,0.41,5.0,0.01,0.01,45.071414,1776172010000
1776172012.512,112.512,0.72,5.0,0.68,7.0,0.61,5.0,0.6,5.0,0.59,5.0,0.73,15.0,0.74,15.0,0.75,15.0,0.76,15.0,0.77,15.0,0.27,15.0,0.26,15.0,0.25,15.0,0.24,15.0,0.23,15.0,0.28,5.0,0.32,7.0,0.39,5.0,0.4,5.0,0.41,5.0,0.01,0.01,45.071488,1776172011000
1776172013.456,113.456,0.72,5.0,0.68,7.0,0.61,5.0,0.6,5.0,0.59,5.0,0.73,15.0,0.74,15.0,0.75,15.0,0.76,15.0,0.77,15.0,0.27,15.0,0.26,15.0,0.25,15.0,0.24,15.0,0.23,15.0,0.28,5.0,0.32,7.0,0.39,5.0,0.4,5.0,0.41,5.0,0.01,0.01,45.071509,1776172012000
1776172014.089,114.089,0.72,5.0,0.68,7.0,0.61,5.0,0.6,5.0,0.59,5.0,0.73,15.0,0.74,15.0,0.75,15.0,0.76,15.0,0.77,15.0,0.27,15.0,0.26,15.0,0.25,15.0,0.24,15.0,0.23,15.0,0.28,5.0,0.32,7.0,0.39,5.0,0.4,5.0,0.41,5.0,0.01,0.01,45.071562,1776172013000
1776172015.668,115.668,0.72,5.0,0.68,7.0,0.61,5.0,0.6,5.0,0.59,5.0,0.73,15.0,0.74,15.0,0.75,15.0,0.76,15.0,0.77,15.0,0.27,15.0,0.26,15.0,0.25,15.0,0.24,15.0,0.23,15.0,0.28,5.0,0.32,7.0,0.39,5.0,0.4,5.0,0.41,5.0,0.01,0.01,45.071562,1776172014000
1776172016.385,116.385,0.72,5.0,0.68,7.0,0.61,5.0,0.6,5.0,0.59,5.0,0.73,15.0,0.74,15.0,0.75,15.0,0.76,15.0,0.77,15.0,0.27,15.0,0.26,15.0,0.25,15.0,0.24,15.0,0.23,15.0,0.28,5.0,0.32,7.0,0.39,5.0,0.4,5.0,0.41,5.0,0.01,0.01,45.070883,1776172015000
1776172017.092,117.092,0.72,5.0,0.68,7.0,0.61,5.0,0.6,5.0,0.59,5.0,0.73,15.0,0.74,15.0,0.75,15.0,0.76,15.0,0.77,15.0,0.27,15.0,0.26,15.0,0.25,15.0,0.24,15.0,0.23,15.0,0.28,5.0,0.32,7.0,0.39,5.0,0.4,5.0,0.41,5.0,0.01,0.01,45.066743,1776172016000
1776172018.61,118.61,0.72,5.0,0.68,7.0,0.61,5.0,0.6,5.0,0.59,5.0,0.73,15.0,0.74,15.0,0.75,15.0,0.76,15.0,0.77,15.0,0.27,15.0,0.26,15.0,0.25,15.0,0.24,15.0,0.23,15.0,0.28,5.0,0.32,7.0,0.39,5.0,0.4,5.0,0.41,5.0,0.01,0.01,45.066642,1776172017000
1776172019.36,119.36,0.72,5.0,0.68,7.0,0.61,5.0,0.6,5.0,0.59,5.0,0.73,15.0,0.74,15.0,0.75,15.0,0.76,15.0,0.77,15.0,0.27,15.0,0.26,15.0,0.25,15.0,0.24,15.0,0.23,15.0,0.28,5.0,0.32,7.0,0.39,5.0,0.4,5.0,0.41,5.0,0.01,0.01,45.069917,1776172018000
1776172020.062,120.062,0.72,5.0,0.68,7.0,0.61,5.0,0.6,5.0,0.59,5.0,0.73,15.0,0.74,15.0,0.75,15.0,0.76,15.0,0.77,15.0,0.27,15.0,0.26,15.0,0.25,15.0,0.24,15.0,0.23,15.0,0.28,5.0,0.32,7.0,0.39,5.0,0.4,5.0,0.41,5.0,0.01,0.01,45.070372,1776172019000
1776172021.478,121.478,0.72,5.0,0.68,7.0,0.61,5.0,0.6,5.0,0.59,5.0,0.73,15.0,0.74,15.0,0.75,15.0,0.76,15.0,0.77,15.0,0.27,15.0,0.26,15.0,0.25,15.0,0.24,15.0,0.23,15.0,0.28,5.0,0.32,7.0,0.39,5.0,0.4,5.0,0.41,5.0,0.01,0.01,45.072018,1776172020000
1776172022.277,122.277,0.72,5.0,0.68,7.0,0.61,5.0,0.6,5.0,0.59,5.0,0.73,15.0,0.74,15.0,0.75,15.0,0.76,15.0,0.77,15.0,0.27,15.0,0.26,15.0,0.25,15.0,0.24,15.0,0.23,15.0,0.28,5.0,0.32,7.0,0.39,5.0,0.4,5.0,0.41,5.0,0.01,0.01,45.072018,1776172021000
1776172024.097,124.097,0.72,5.0,0.68,7.0,0.61,5.0,0.6,5.0,0.59,5.0,0.73,15.0,0.74,15.0,0.75,15.0,0.76,15.0,0.77,15.0,0.27,15.0,0.26,15.0,0.25,15.0,0.24,15.0,0.23,15.0,0.28,5.0,0.32,7.0,0.39,5.0,0.4,5.0,0.41,5.0,0.01,0.01,45.072476,1776172023000
1776172025.583,125.583,0.72,5.0,0.68,7.0,0.61,5.0,0.6,5.0,0.59,5.0,0.73,15.0,0.74,15.0,0.75,15.0,0.76,15.0,0.77,15.0,0.27,15.0,0.26,15.0,0.25,15.0,0.24,15.0,0.23,15.0,0.28,5.0,0.32,7.0,0.39,5.0,0.4,5.0,0.41,5.0,0.01,0.01,45.072543,1776172024000
1776172026.143,126.143,0.72,5.0,0.68,7.0,0.61,5.0,0.6,5.0,0.59,5.0,0.73,15.0,0.74,15.0,0.75,15.0,0.76,15.0,0.77,15.0,0.27,15.0,0.26,15.0,0.25,15.0,0.24,15.0,0.23,15.0,0.28,5.0,0.32,7.0,0.39,5.0,0.4,5.0,0.41,5.0,0.01,0.01,45.072906,1776172025000
1776172027.293,127.293,0.72,5.0,0.68,7.0,0.61,5.0,0.6,5.0,0.59,5.0,0.73,15.0,0.74,15.0,0.75,15.0,0.76,15.0,0.77,15.0,0.27,15.0,0.26,15.0,0.25,15.0,0.24,15.0,0.23,15.0,0.28,5.0,0.32,7.0,0.39,5.0,0.4,5.0,0.41,5.0,0.01,0.01,45.073648,1776172026000
1776172028.464,128.464,0.72,5.0,0.68,7.0,0.61,5.0,0.6,5.0,0.59,5.0,0.73,15.0,0.74,15.0,0.75,15.0,0.76,15.0,0.77,15.0,0.27,15.0,0.26,15.0,0.25,15.0,0.24,15.0,0.23,15.0,0.28,5.0,0.32,7.0,0.39,5.0,0.4,5.0,0.41,5.0,0.01,0.01,45.073473,1776172027000
1776172029.027,129.027,0.72,5.0,0.68,7.0,0.61,5.0,0.6,5.0,0.59,5.0,0.73,15.0,0.74,15.0,0.75,15.0,0.76,15.0,0.77,15.0,0.27,15.0,0.26,15.0,0.25,15.0,0.24,15.0,0.23,15.0,0.28,5.0,0.32,7.0,0.39,5.0,0.4,5.0,0.41,5.0,0.01,0.01,45.073473,1776172028000
1776172030.161,130.161,0.72,5.0,0.68,7.0,0.61,5.0,0.6,5.0,0.59,5.0,0.73,15.0,0.74,15.0,0.75,15.0,0.76,15.0,0.77,15.0,0.27,15.0,0.26,15.0,0.25,15.0,0.24,15.0,0.23,15.0,0.28,5.0,0.32,7.0,0.39,5.0,0.4,5.0,0.41,5.0,0.01,0.01,45.070562,1776172029000
1776172031.335,131.335,0.72,5.0,0.68,7.0,0.61,5.0,0.6,5.0,0.59,5.0,0.73,15.0,0.74,15.0,0.75,15.0,0.76,15.0,0.77,15.0,0.27,15.0,0.26,15.0,0.25,15.0,0.24,15.0,0.23,15.0,0.28,5.0,0.32,7.0,0.39,5.0,0.4,5.0,0.41,5.0,0.01,0.01,45.067252,1776172030000
1776172031.879,131.879,0.72,5.0,0.68,7.0,0.61,5.0,0.6,5.0,0.59,5.0,0.73,15.0,0.74,15.0,0.75,15.0,0.76,15.0,0.77,15.0,0.27,15.0,0.26,15.0,0.25,15.0,0.24,15.0,0.23,15.0,0.28,5.0,0.32,7.0,0.39,5.0,0.4,5.0,0.41,5.0,0.01,0.01,45.067252,1776172031000
1776172033.019,133.019,0.72,5.0,0.68,7.0,0.61,5.0,0.6,5.0,0.59,5.0,0.73,15.0,0.74,15.0,0.75,15.0,0.76,15.0,0.77,15.0,0.27,15.0,0.26,15.0,0.25,15.0,0.24,15.0,0.23,15.0,0.28,5.0,0.32,7.0,0.39,5.0,0.4,5.0,0.41,5.0,0.01,0.01,45.059153,1776172032000
1776172034.038,134.038,0.72,5.0,0.68,7.0,0.61,5.0,0.6,5.0,0.59,5.0,0.73,15.0,0.74,15.0,0.75,15.0,0.76,15.0,0.77,15.0,0.27,15.0,0.26,15.0,0.25,15.0,0.24,15.0,0.23,15.0,0.28,5.0,0.32,7.0,0.39,5.0,0.4,5.0,0.41,5.0,0.01,0.01,45.059599,1776172033000
1776172035.075,135.075,0.72,5.0,0.68,7.0,0.61,5.0,0.6,5.0,0.59,5.0,0.73,15.0,0.74,15.0,0.75,15.0,0.76,15.0,0.77,15.0,0.27,15.0,0.26,15.0,0.25,15.0,0.24,15.0,0.23,15.0,0.28,5.0,0.32,7.0,0.39,5.0,0.4,5.0,0.41,5.0,0.01,0.01,45.059561,1776172034000
1776172036.538,136.538,0.72,5.0,0.68,7.0,0.61,5.0,0.6,5.0,0.59,5.0,0.73,15.0,0.74,15.0,0.75,15.0,0.76,15.0,0.77,15.0,0.27,15.0,0.26,15.0,0.25,15.0,0.24,15.0,0.23,15.0,0.28,5.0,0.32,7.0,0.39,5.0,0.4,5.0,0.41,5.0,0.01,0.01,45.05658,1776172035000
1776172037.013,137.013,0.72,5.0,0.68,7.0,0.61,5.0,0.6,5.0,0.59,5.0,0.73,15.0,0.74,15.0,0.75,15.0,0.76,15.0,0.77,15.0,0.27,15.0,0.26,15.0,0.25,15.0,0.24,15.0,0.23,15.0,0.28,5.0,0.32,7.0,0.39,5.0,0.4,5.0,0.41,5.0,0.01,0.01,45.053711,1776172036000
1776172038.36,138.36,0.72,5.0,0.68,7.0,0.61,5.0,0.6,5.0,0.59,5.0,0.73,15.0,0.74,15.0,0.75,15.0,0.76,15.0,0.77,15.0,0.27,15.0,0.26,15.0,0.25,15.0,0.24,15.0,0.23,15.0,0.28,5.0,0.32,7.0,0.39,5.0,0.4,5.0,0.41,5.0,0.01,0.01,45.053837,1776172037000
1776172039.326,139.326,0.72,5.0,0.68,7.0,0.61,5.0,0.6,5.0,0.59,5.0,0.73,15.0,0.74,15.0,0.75,15.0,0.76,15.0,0.77,15.0,0.27,15.0,0.26,15.0,0.25,15.0,0.24,15.0,0.23,15.0,0.28,5.0,0.32,7.0,0.39,5.0,0.4,5.0,0.41,5.0,0.01,0.01,45.053614,1776172038000
1776172039.86,139.86,0.72,5.0,0.68,7.0,0.61,5.0,0.6,5.0,0.59,5.0,0.73,15.0,0.74,15.0,0.75,15.0,0.76,15.0,0.77,15.0,0.27,15.0,0.26,15.0,0.25,15.0,0.24,15.0,0.23,15.0,0.28,5.0,0.32,7.0,0.39,5.0,0.4,5.0,0.41,5.0,0.01,0.01,45.053614,1776172039000
1776172040.912,140.912,0.72,5.0,0.68,7.0,0.61,5.0,0.6,5.0,0.59,5.0,0.73,15.0,0.74,15.0,0.75,15.0,0.76,15.0,0.77,15.0,0.27,15.0,0.26,15.0,0.25,15.0,0.24,15.0,0.23,15.0,0.28,5.0,0.32,7.0,0.39,5.0,0.4,5.0,0.41,5.0,0.01,0.01,45.052872,1776172040000
1776172042.019,142.019,0.72,5.0,0.68,7.0,0.61,5.0,0.6,5.0,0.59,5.0,0.73,15.0,0.74,15.0,0.75,15.0,0.76,15.0,0.77,15.0,0.27,15.0,0.26,15.0,0.25,15.0,0.24,15.0,0.23,15.0,0.28,5.0,0.32,7.0,0.39,5.0,0.4,5.0,0.41,5.0,0.01,0.01,45.052761,1776172041000
1776172043.241,143.241,0.72,5.0,0.68,7.0,0.61,5.0,0.6,5.0,0.59,5.0,0.73,15.0,0.74,15.0,0.75,15.0,0.76,15.0,0.77,15.0,0.27,15.0,0.26,15.0,0.25,15.0,0.24,15.0,0.23,15.0,0.28,5.0,0.32,7.0,0.39,5.0,0.4,5.0,0.41,5.0,0.01,0.01,45.05258,1776172042000
1776172044.507,144.507,0.72,5.0,0.68,7.0,0.61,5.0,0.6,5.0,0.59,5.0,0.73,15.0,0.74,15.0,0.75,15.0,0.76,15.0,0.77,15.0,0.27,15.0,0.26,15.0,0.25,15.0,0.24,15.0,0.23,15.0,0.28,5.0,0.32,7.0,0.39,5.0,0.4,5.0,0.41,5.0,0.01,0.01,45.053216,1776172043000
1776172045.01,145.01,0.72,5.0,0.68,7.0,0.61,5.0,0.6,5.0,0.59,5.0,0.73,15.0,0.74,15.0,0.75,15.0,0.76,15.0,0.77,15.0,0.27,15.0,0.26,15.0,0.25,15.0,0.24,15.0,0.23,15.0,0.28,5.0,0.32,7.0,0.39,5.0,0.4,5.0,0.41,5.0,0.01,0.01,45.053884,1776172044000
1776172045.973,145.973,0.72,5.0,0.68,7.0,0.61,5.0,0.6,5.0,0.59,5.0,0.73,15.0,0.74,15.0,0.75,15.0,0.76,15.0,0.77,15.0,0.27,15.0,0.26,15.0,0.25,15.0,0.24,15.0,0.23,15.0,0.28,5.0,0.32,7.0,0.39,5.0,0.4,5.0,0.41,5.0,0.01,0.01,45.051654,1776172045000
1776172047.071,147.071,0.72,5.0,0.68,7.0,0.61,5.0,0.6,5.0,0.59,5.0,0.73,15.0,0.74,15.0,0.75,15.0,0.76,15.0,0.77,15.0,0.27,15.0,0.26,15.0,0.25,15.0,0.24,15.0,0.23,15.0,0.28,5.0,0.32,7.0,0.39,5.0,0.4,5.0,0.41,5.0,0.01,0.01,45.045473,1776172046000
1776172048.134,148.134,0.59,3.0,0.48,15.0,0.47,15.0,0.46,15.0,0.45,15.0,0.65,15.0,0.66,25.0,0.67,15.0,0.68,15.0,0.69,15.0,0.27,15.0,0.26,15.0,0.25,15.0,0.24,15.0,0.23,15.0,0.28,5.0,0.32,7.0,0.39,5.0,0.4,5.0,0.41,5.0,0.06,0.01,45.045473,1776172046000
1776172048.35,148.35,0.59,3.0,0.48,15.0,0.47,15.0,0.46,15.0,0.45,15.0,0.65,15.0,0.66,25.0,0.67,15.0,0.68,15.0,0.69,15.0,0.35,15.0,0.34,25.0,0.33,15.0,0.32,15.0,0.31,15.0,0.41,3.0,0.52,15.0,0.53,15.0,0.54,15.0,0.55,15.0,0.06,0.06,45.040788,1776172047000
1776172048.921,148.921,0.59,3.0,0.48,15.0,0.47,15.0,0.46,15.0,0.45,15.0,0.65,15.0,0.66,25.0,0.67,15.0,0.68,15.0,0.69,15.0,0.35,15.0,0.34,25.0,0.33,15.0,0.32,15.0,0.31,15.0,0.41,3.0,0.52,15.0,0.53,15.0,0.54,15.0,0.55,15.0,0.06,0.06,45.040788,1776172048000
1776172050.196,150.196,0.59,3.0,0.48,15.0,0.47,15.0,0.46,15.0,0.45,15.0,0.65,15.0,0.66,25.0,0.67,15.0,0.68,15.0,0.69,15.0,0.35,15.0,0.34,25.0,0.33,15.0,0.32,15.0,0.31,15.0,0.41,3.0,0.52,15.0,0.53,15.0,0.54,15.0,0.55,15.0,0.06,0.06,45.052336,1776172049000
1776172050.891,150.891,0.59,3.0,0.48,15.0,0.47,15.0,0.46,15.0,0.45,15.0,0.65,15.0,0.66,25.0,0.67,15.0,0.68,15.0,0.69,15.0,0.35,15.0,0.34,25.0,0.33,15.0,0.32,15.0,0.31,15.0,0.41,3.0,0.52,15.0,0.53,15.0,0.54,15.0,0.55,15.0,0.06,0.06,45.052754,1776172050000
1776172052.104,152.104,0.59,3.0,0.48,15.0,0.47,15.0,0.46,15.0,0.45,15.0,0.65,15.0,0.66,25.0,0.67,15.0,0.68,15.0,0.69,15.0,0.35,15.0,0.34,25.0,0.33,15.0,0.32,15.0,0.31,15.0,0.41,3.0,0.52,15.0,0.53,15.0,0.54,15.0,0.55,15.0,0.06,0.06,45.052987,1776172051000
1776172053.025,153.025,0.59,3.0,0.48,15.0,0.47,15.0,0.46,15.0,0.45,15.0,0.65,15.0,0.66,25.0,0.67,15.0,0.68,15.0,0.69,15.0,0.35,15.0,0.34,25.0,0.33,15.0,0.32,15.0,0.31,15.0,0.41,3.0,0.52,15.0,0.53,15.0,0.54,15.0,0.55,15.0,0.06,0.06,45.053396,1776172052000
1776172054.001,154.001,0.59,3.0,0.48,15.0,0.47,15.0,0.46,15.0,0.45,15.0,0.65,15.0,0.66,25.0,0.67,15.0,0.68,15.0,0.69,15.0,0.35,15.0,0.34,25.0,0.33,15.0,0.32,15.0,0.31,15.0,0.41,3.0,0.52,15.0,0.53,15.0,0.54,15.0,0.55,15.0,0.06,0.06,45.06022,1776172053000
1776172055.031,155.031,0.59,3.0,0.48,15.0,0.47,15.0,0.46,15.0,0.45,15.0,0.65,15.0,0.66,25.0,0.67,15.0,0.68,15.0,0.69,15.0,0.35,15.0,0.34,25.0,0.33,15.0,0.32,15.0,0.31,15.0,0.41,3.0,0.52,15.0,0.53,15.0,0.54,15.0,0.55,15.0,0.06,0.06,45.062749,1776172054000
1776172056.067,156.067,0.59,3.0,0.48,15.0,0.47,15.0,0.46,15.0,0.45,15.0,0.65,15.0,0.66,25.0,0.67,15.0,0.68,15.0,0.69,15.0,0.35,15.0,0.34,25.0,0.33,15.0,0.32,15.0,0.31,15.0,0.41,3.0,0.52,15.0,0.53,15.0,0.54,15.0,0.55,15.0,0.06,0.06,45.065563,1776172055000
1776172057.124,157.124,0.59,3.0,0.48,15.0,0.47,15.0,0.46,15.0,0.45,15.0,0.65,15.0,0.66,25.0,0.67,15.0,0.68,15.0,0.69,15.0,0.35,15.0,0.34,25.0,0.33,15.0,0.32,15.0,0.31,15.0,0.41,3.0,0.52,15.0,0.53,15.0,0.54,15.0,0.55,15.0,0.06,0.06,45.066024,1776172056000
1776172057.748,157.748,0.69,15.0,0.68,34.0,0.67,15.0,0.66,15.0,0.65,15.0,0.81,15.0,0.82,15.0,0.83,15.0,0.84,6.76,0.85,15.0,0.35,15.0,0.34,25.0,0.33,15.0,0.32,15.0,0.31,15.0,0.41,3.0,0.52,15.0,0.53,15.0,0.54,15.0,0.55,15.0,0.12,0.06,45.066024,1776172056000
1776172058.088,158.088,0.69,15.0,0.68,34.0,0.67,15.0,0.66,15.0,0.65,15.0,0.81,15.0,0.82,15.0,0.83,15.0,0.84,6.76,0.85,15.0,0.19,15.0,0.18,15.0,0.17,15.0,0.16,6.76,0.15,15.0,0.31,15.0,0.32,34.0,0.33,15.0,0.34,15.0,0.35,15.0,0.12,0.12,45.066024,1776172057000
1776172059.091,159.091,0.69,15.0,0.68,34.0,0.67,15.0,0.66,15.0,0.65,15.0,0.81,15.0,0.82,15.0,0.83,15.0,0.84,6.76,0.85,15.0,0.19,15.0,0.18,15.0,0.17,15.0,0.16,6.76,0.15,15.0,0.31,15.0,0.32,34.0,0.33,15.0,0.34,15.0,0.35,15.0,0.12,0.12,45.065852,1776172058000
1776172060.187,160.187,0.69,15.0,0.68,34.0,0.67,15.0,0.66,15.0,0.65,15.0,0.81,15.0,0.82,15.0,0.83,15.0,0.84,6.76,0.85,15.0,0.19,15.0,0.18,15.0,0.17,15.0,0.16,6.76,0.15,15.0,0.31,15.0,0.32,34.0,0.33,15.0,0.34,15.0,0.35,15.0,0.12,0.12,45.065675,1776172059000
1776172061.219,161.219,0.69,15.0,0.68,34.0,0.67,15.0,0.66,15.0,0.65,15.0,0.81,15.0,0.82,15.0,0.83,15.0,0.84,6.76,0.85,15.0,0.19,15.0,0.18,15.0,0.17,15.0,0.16,6.76,0.15,15.0,0.31,15.0,0.32,34.0,0.33,15.0,0.34,15.0,0.35,15.0,0.12,0.12,45.065675,1776172060000
1776172062.186,162.186,0.69,15.0,0.68,34.0,0.67,15.0,0.66,15.0,0.65,15.0,0.81,15.0,0.82,15.0,0.83,15.0,0.84,6.76,0.85,15.0,0.19,15.0,0.18,15.0,0.17,15.0,0.16,6.76,0.15,15.0,0.31,15.0,0.32,34.0,0.33,15.0,0.34,15.0,0.35,15.0,0.12,0.12,45.065292,1776172061000
1776172063.244,163.244,0.69,15.0,0.68,34.0,0.67,15.0,0.66,15.0,0.65,15.0,0.81,15.0,0.82,15.0,0.83,15.0,0.84,6.76,0.85,15.0,0.19,15.0,0.18,15.0,0.17,15.0,0.16,6.76,0.15,15.0,0.31,15.0,0.32,34.0,0.33,15.0,0.34,15.0,0.35,15.0,0.12,0.12,45.069533,1776172062000
1776172064.156,164.156,0.69,15.0,0.68,34.0,0.67,15.0,0.66,15.0,0.65,15.0,0.81,15.0,0.82,15.0,0.83,15.0,0.84,6.76,0.85,15.0,0.19,15.0,0.18,15.0,0.17,15.0,0.16,6.76,0.15,15.0,0.31,15.0,0.32,34.0,0.33,15.0,0.34,15.0,0.35,15.0,0.12,0.12,45.066917,1776172063000
1776172065.276,165.276,0.69,15.0,0.68,34.0,0.67,15.0,0.66,15.0,0.65,15.0,0.81,15.0,0.82,15.0,0.83,15.0,0.84,6.76,0.85,15.0,0.19,15.0,0.18,15.0,0.17,15.0,0.16,6.76,0.15,15.0,0.31,15.0,0.32,34.0,0.33,15.0,0.34,15.0,0.35,15.0,0.12,0.12,45.067948,1776172064000
1776172066.244,166.244,0.69,15.0,0.68,34.0,0.67,15.0,0.66,15.0,0.65,15.0,0.81,15.0,0.82,15.0,0.83,15.0,0.84,6.76,0.85,15.0,0.19,15.0,0.18,15.0,0.17,15.0,0.16,6.76,0.15,15.0,0.31,15.0,0.32,34.0,0.33,15.0,0.34,15.0,0.35,15.0,0.12,0.12,45.067812,1776172065000
1776172067.203,167.203,0.69,15.0,0.68,34.0,0.67,15.0,0.66,15.0,0.65,15.0,0.81,15.0,0.82,15.0,0.83,15.0,0.84,6.76,0.85,15.0,0.19,15.0,0.18,15.0,0.17,15.0,0.16,6.76,0.15,15.0,0.31,15.0,0.32,34.0,0.33,15.0,0.34,15.0,0.35,15.0,0.12,0.12,45.067812,1776172066000
1776172068.595,168.595,0.69,15.0,0.68,34.0,0.67,15.0,0.66,15.0,0.65,15.0,0.81,15.0,0.82,15.0,0.83,15.0,0.84,6.76,0.85,15.0,0.19,15.0,0.18,15.0,0.17,15.0,0.16,6.76,0.15,15.0,0.31,15.0,0.32,34.0,0.33,15.0,0.34,15.0,0.35,15.0,0.12,0.12,45.065712,1776172067000
1776172069.158,169.158,0.5,13.32,0.49,15.0,0.48,15.0,0.47,15.0,0.46,15.0,0.82,112.0,0.83,15.0,0.84,6.76,0.85,15.0,0.86,15.0,0.19,15.0,0.18,15.0,0.17,15.0,0.16,6.76,0.15,15.0,0.31,15.0,0.32,34.0,0.33,15.0,0.34,15.0,0.35,15.0,0.32,0.12,45.065712,1776172067000
1776172069.96,169.96,0.5,13.32,0.49,15.0,0.48,15.0,0.47,15.0,0.46,15.0,0.82,112.0,0.83,15.0,0.84,6.76,0.85,15.0,0.86,15.0,0.18,112.0,0.17,15.0,0.16,6.76,0.15,15.0,0.14,15.0,0.5,13.32,0.51,15.0,0.52,15.0,0.53,15.0,0.54,15.0,0.32,0.32,45.065991,1776172069000
1776172071.195,171.195,0.5,13.32,0.49,15.0,0.48,15.0,0.47,15.0,0.46,15.0,0.82,112.0,0.83,15.0,0.84,6.76,0.85,15.0,0.86,15.0,0.18,112.0,0.17,15.0,0.16,6.76,0.15,15.0,0.14,15.0,0.5,13.32,0.51,15.0,0.52,15.0,0.53,15.0,0.54,15.0,0.32,0.32,45.061601,1776172070000
1776172072.339,172.339,0.62,8.0,0.53,15.0,0.52,15.0,0.51,15.0,0.5,13.32,0.68,7.05,0.78,15.0,0.79,15.0,0.8,15.0,0.81,15.0,0.18,112.0,0.17,15.0,0.16,6.76,0.15,15.0,0.14,15.0,0.5,13.32,0.51,15.0,0.52,15.0,0.53,15.0,0.54,15.0,0.06,0.32,45.061601,1776172070000
1776172072.943,172.943,0.62,8.0,0.53,15.0,0.52,15.0,0.51,15.0,0.5,13.32,0.68,7.05,0.78,15.0,0.79,15.0,0.8,15.0,0.81,15.0,0.32,7.05,0.22,15.0,0.21,15.0,0.2,15.0,0.19,15.0,0.38,8.0,0.47,15.0,0.48,15.0,0.49,15.0,0.5,13.32,0.06,0.06,45.051002,1776172072000
1776172074.231,174.231,0.62,8.0,0.53,15.0,0.52,15.0,0.51,15.0,0.5,13.32,0.68,7.05,0.78,15.0,0.79,15.0,0.8,15.0,0.81,15.0,0.32,7.05,0.22,15.0,0.21,15.0,0.2,15.0,0.19,15.0,0.38,8.0,0.47,15.0,0.48,15.0,0.49,15.0,0.5,13.32,0.06,0.06,45.049851,1776172073000
1776172075.655,175.655,0.62,8.0,0.53,15.0,0.52,15.0,0.51,15.0,0.5,13.32,0.68,7.05,0.78,15.0,0.79,15.0,0.8,15.0,0.81,15.0,0.32,7.05,0.22,15.0,0.21,15.0,0.2,15.0,0.19,15.0,0.38,8.0,0.47,15.0,0.48,15.0,0.49,15.0,0.5,13.32,0.06,0.06,45.048297,1776172074000
1776172076.148,176.148,0.62,8.0,0.53,15.0,0.52,15.0,0.51,15.0,0.5,13.32,0.68,7.05,0.78,15.0,0.79,15.0,0.8,15.0,0.81,15.0,0.32,7.05,0.22,15.0,0.21,15.0,0.2,15.0,0.19,15.0,0.38,8.0,0.47,15.0,0.48,15.0,0.49,15.0,0.5,13.32,0.06,0.06,45.048006,1776172075000
1776172077.299,177.299,0.62,8.0,0.53,15.0,0.52,15.0,0.51,15.0,0.5,13.32,0.68,7.05,0.78,15.0,0.79,15.0,0.8,15.0,0.81,15.0,0.32,7.05,0.22,15.0,0.21,15.0,0.2,15.0,0.19,15.0,0.38,8.0,0.47,15.0,0.48,15.0,0.49,15.0,0.5,13.32,0.06,0.06,45.05124,1776172076000
1776172077.973,177.973,0.62,8.0,0.53,15.0,0.52,15.0,0.51,15.0,0.5,13.32,0.68,7.05,0.78,15.0,0.79,15.0,0.8,15.0,0.81,15.0,0.32,7.05,0.22,15.0,0.21,15.0,0.2,15.0,0.19,15.0,0.38,8.0,0.47,15.0,0.48,15.0,0.49,15.0,0.5,13.32,0.06,0.06,45.050652,1776172077000
1776172079.337,179.337,0.62,8.0,0.53,15.0,0.52,15.0,0.51,15.0,0.5,13.32,0.68,7.05,0.78,15.0,0.79,15.0,0.8,15.0,0.81,15.0,0.32,7.05,0.22,15.0,0.21,15.0,0.2,15.0,0.19,15.0,0.38,8.0,0.47,15.0,0.48,15.0,0.49,15.0,0.5,13.32,0.06,0.06,45.049329,1776172078000
1776172079.998,179.998,0.62,8.0,0.53,15.0,0.52,15.0,0.51,15.0,0.5,13.32,0.68,7.05,0.78,15.0,0.79,15.0,0.8,15.0,0.81,15.0,0.32,7.05,0.22,15.0,0.21,15.0,0.2,15.0,0.19,15.0,0.38,8.0,0.47,15.0,0.48,15.0,0.49,15.0,0.5,13.32,0.06,0.06,45.048258,1776172079000
1776172081.435,181.435,0.62,8.0,0.53,15.0,0.52,15.0,0.51,15.0,0.5,13.32,0.68,7.05,0.78,15.0,0.79,15.0,0.8,15.0,0.81,15.0,0.32,7.05,0.22,15.0,0.21,15.0,0.2,15.0,0.19,15.0,0.38,8.0,0.47,15.0,0.48,15.0,0.49,15.0,0.5,13.32,0.06,0.06,45.045257,1776172080000
1776172082.083,182.083,0.62,8.0,0.53,15.0,0.52,15.0,0.51,15.0,0.5,13.32,0.68,7.05,0.78,15.0,0.79,15.0,0.8,15.0,0.81,15.0,0.32,7.05,0.22,15.0,0.21,15.0,0.2,15.0,0.19,15.0,0.38,8.0,0.47,15.0,0.48,15.0,0.49,15.0,0.5,13.32,0.06,0.06,45.043385,1776172081000
1776172083.691,183.691,0.62,8.0,0.53,15.0,0.52,15.0,0.51,15.0,0.5,13.32,0.68,7.05,0.78,15.0,0.79,15.0,0.8,15.0,0.81,15.0,0.32,7.05,0.22,15.0,0.21,15.0,0.2,15.0,0.19,15.0,0.38,8.0,0.47,15.0,0.48,15.0,0.49,15.0,0.5,13.32,0.06,0.06,45.034831,1776172082000
1776172084.131,184.131,0.62,8.0,0.53,15.0,0.52,15.0,0.51,15.0,0.5,13.32,0.68,7.05,0.78,15.0,0.79,15.0,0.8,15.0,0.81,15.0,0.32,7.05,0.22,15.0,0.21,15.0,0.2,15.0,0.19,15.0,0.38,8.0,0.47,15.0,0.48,15.0,0.49,15.0,0.5,13.32,0.06,0.06,45.036038,1776172083000
1776172085.288,185.288,0.62,8.0,0.53,15.0,0.52,15.0,0.51,15.0,0.5,13.32,0.68,7.05,0.78,15.0,0.79,15.0,0.8,15.0,0.81,15.0,0.32,7.05,0.22,15.0,0.21,15.0,0.2,15.0,0.19,15.0,0.38,8.0,0.47,15.0,0.48,15.0,0.49,15.0,0.5,13.32,0.06,0.06,45.036608,1776172084000
1776172086.129,186.129,0.62,8.0,0.53,15.0,0.52,15.0,0.51,15.0,0.5,13.32,0.68,7.05,0.78,15.0,0.79,15.0,0.8,15.0,0.81,15.0,0.32,7.05,0.22,15.0,0.21,15.0,0.2,15.0,0.19,15.0,0.38,8.0,0.47,15.0,0.48,15.0,0.49,15.0,0.5,13.32,0.06,0.06,45.036608,1776172085000
1776172087.05,187.05,0.62,8.0,0.53,15.0,0.52,15.0,0.51,15.0,0.5,13.32,0.68,7.05,0.78,15.0,0.79,15.0,0.8,15.0,0.81,15.0,0.32,7.05,0.22,15.0,0.21,15.0,0.2,15.0,0.19,15.0,0.38,8.0,0.47,15.0,0.48,15.0,0.49,15.0,0.5,13.32,0.06,0.06,45.03573,1776172086000
1776172088.042,188.042,0.62,8.0,0.53,15.0,0.52,15.0,0.51,15.0,0.5,13.32,0.68,7.05,0.78,15.0,0.79,15.0,0.8,15.0,0.81,15.0,0.32,7.05,0.22,15.0,0.21,15.0,0.2,15.0,0.19,15.0,0.38,8.0,0.47,15.0,0.48,15.0,0.49,15.0,0.5,13.32,0.06,0.06,45.035893,1776172087000
1776172089.01,189.01,0.62,8.0,0.53,15.0,0.52,15.0,0.51,15.0,0.5,13.32,0.68,7.05,0.78,15.0,0.79,15.0,0.8,15.0,0.81,15.0,0.32,7.05,0.22,15.0,0.21,15.0,0.2,15.0,0.19,15.0,0.38,8.0,0.47,15.0,0.48,15.0,0.49,15.0,0.5,13.32,0.06,0.06,45.036039,1776172088000
1776172089.923,189.923,0.62,8.0,0.53,15.0,0.52,15.0,0.51,15.0,0.5,13.32,0.68,7.05,0.78,15.0,0.79,15.0,0.8,15.0,0.81,15.0,0.32,7.05,0.22,15.0,0.21,15.0,0.2,15.0,0.19,15.0,0.38,8.0,0.47,15.0,0.48,15.0,0.49,15.0,0.5,13.32,0.06,0.06,45.035332,1776172089000
1776172091.001,191.001,0.62,8.0,0.53,15.0,0.52,15.0,0.51,15.0,0.5,13.32,0.68,7.05,0.78,15.0,0.79,15.0,0.8,15.0,0.81,15.0,0.32,7.05,0.22,15.0,0.21,15.0,0.2,15.0,0.19,15.0,0.38,8.0,0.47,15.0,0.48,15.0,0.49,15.0,0.5,13.32,0.06,0.06,45.032527,1776172090000
1776172091.896,191.896,0.62,8.0,0.53,15.0,0.52,15.0,0.51,15.0,0.5,13.32,0.68,7.05,0.78,15.0,0.79,15.0,0.8,15.0,0.81,15.0,0.32,7.05,0.22,15.0,0.21,15.0,0.2,15.0,0.19,15.0,0.38,8.0,0.47,15.0,0.48,15.0,0.49,15.0,0.5,13.32,0.06,0.06,45.0324,1776172091000
1776172092.911,192.911,0.62,8.0,0.53,15.0,0.52,15.0,0.51,15.0,0.5,13.32,0.68,7.05,0.78,15.0,0.79,15.0,0.8,15.0,0.81,15.0,0.32,7.05,0.22,15.0,0.21,15.0,0.2,15.0,0.19,15.0,0.38,8.0,0.47,15.0,0.48,15.0,0.49,15.0,0.5,13.32,0.06,0.06,45.031221,1776172092000
1776172093.908,193.908,0.62,8.0,0.53,15.0,0.52,15.0,0.51,15.0,0.5,13.32,0.68,7.05,0.78,15.0,0.79,15.0,0.8,15.0,0.81,15.0,0.32,7.05,0.22,15.0,0.21,15.0,0.2,15.0,0.19,15.0,0.38,8.0,0.47,15.0,0.48,15.0,0.49,15.0,0.5,13.32,0.06,0.06,45.032255,1776172093000
1776172094.843,194.843,0.62,8.0,0.53,15.0,0.52,15.0,0.51,15.0,0.5,13.32,0.68,7.05,0.78,15.0,0.79,15.0,0.8,15.0,0.81,15.0,0.32,7.05,0.22,15.0,0.21,15.0,0.2,15.0,0.19,15.0,0.38,8.0,0.47,15.0,0.48,15.0,0.49,15.0,0.5,13.32,0.06,0.06,45.031548,1776172094000
1776172096.511,196.511,0.62,8.0,0.53,15.0,0.52,15.0,0.51,15.0,0.5,13.32,0.68,7.05,0.78,15.0,0.79,15.0,0.8,15.0,0.81,15.0,0.32,7.05,0.22,15.0,0.21,15.0,0.2,15.0,0.19,15.0,0.38,8.0,0.47,15.0,0.48,15.0,0.49,15.0,0.5,13.32,0.06,0.06,45.031305,1776172095000
1776172097.066,197.066,0.62,8.0,0.53,15.0,0.52,15.0,0.51,15.0,0.5,13.32,0.68,7.05,0.78,15.0,0.79,15.0,0.8,15.0,0.81,15.0,0.32,7.05,0.22,15.0,0.21,15.0,0.2,15.0,0.19,15.0,0.38,8.0,0.47,15.0,0.48,15.0,0.49,15.0,0.5,13.32,0.06,0.06,45.023461,1776172096000
1776172098.137,198.137,0.62,8.0,0.53,15.0,0.52,15.0,0.51,15.0,0.5,13.32,0.68,7.05,0.78,15.0,0.79,15.0,0.8,15.0,0.81,15.0,0.32,7.05,0.22,15.0,0.21,15.0,0.2,15.0,0.19,15.0,0.38,8.0,0.47,15.0,0.48,15.0,0.49,15.0,0.5,13.32,0.06,0.06,45.020649,1776172097000
1776172099.281,199.281,0.62,8.0,0.53,15.0,0.52,15.0,0.51,15.0,0.5,13.32,0.68,7.05,0.78,15.0,0.79,15.0,0.8,15.0,0.81,15.0,0.32,7.05,0.22,15.0,0.21,15.0,0.2,15.0,0.19,15.0,0.38,8.0,0.47,15.0,0.48,15.0,0.49,15.0,0.5,13.32,0.06,0.06,45.02071,1776172098000
1776172100.283,200.283,0.31,12.1,0.3,15.0,0.29,15.0,0.28,15.0,0.27,15.0,0.37,15.0,0.43,15.0,0.44,15.0,0.45,15.0,0.46,15.0,0.32,7.05,0.22,15.0,0.21,15.0,0.2,15.0,0.19,15.0,0.38,8.0,0.47,15.0,0.48,15.0,0.49,15.0,0.5,13.32,0.06,0.06,45.02071,1776172098000
1776172101.197,201.197,0.31,12.1,0.3,15.0,0.29,15.0,0.28,15.0,0.27,15.0,0.37,15.0,0.43,15.0,0.44,15.0,0.45,15.0,0.46,15.0,0.63,15.0,0.57,15.0,0.56,15.0,0.55,15.0,0.54,15.0,0.69,12.1,0.7,15.0,0.71,15.0,0.72,15.0,0.73,15.0,0.06,0.06,45.023778,1776172100000
1776172102.259,202.259,0.31,12.1,0.3,15.0,0.29,15.0,0.28,15.0,0.27,15.0,0.37,15.0,0.43,15.0,0.44,15.0,0.45,15.0,0.46,15.0,0.63,15.0,0.57,15.0,0.56,15.0,0.55,15.0,0.54,15.0,0.69,12.1,0.7,15.0,0.71,15.0,0.72,15.0,0.73,15.0,0.06,0.06,45.02258,1776172101000
1776172103.432,203.432,0.31,12.1,0.3,15.0,0.29,15.0,0.28,15.0,0.27,15.0,0.37,15.0,0.43,15.0,0.44,15.0,0.45,15.0,0.46,15.0,0.63,15.0,0.57,15.0,0.56,15.0,0.55,15.0,0.54,15.0,0.69,12.1,0.7,15.0,0.71,15.0,0.72,15.0,0.73,15.0,0.06,0.06,45.022573,1776172102000
1776172103.881,203.881,0.31,12.1,0.3,15.0,0.29,15.0,0.28,15.0,0.27,15.0,0.37,15.0,0.43,15.0,0.44,15.0,0.45,15.0,0.46,15.0,0.63,15.0,0.57,15.0,0.56,15.0,0.55,15.0,0.54,15.0,0.69,12.1,0.7,15.0,0.71,15.0,0.72,15.0,0.73,15.0,0.06,0.06,45.018964,1776172103000
1776172105.075,205.075,0.31,12.1,0.3,15.0,0.29,15.0,0.28,15.0,0.27,15.0,0.37,15.0,0.43,15.0,0.44,15.0,0.45,15.0,0.46,15.0,0.63,15.0,0.57,15.0,0.56,15.0,0.55,15.0,0.54,15.0,0.69,12.1,0.7,15.0,0.71,15.0,0.72,15.0,0.73,15.0,0.06,0.06,45.019407,1776172104000
1776172106.14,206.14,0.31,12.1,0.3,15.0,0.29,15.0,0.28,15.0,0.27,15.0,0.37,15.0,0.43,15.0,0.44,15.0,0.45,15.0,0.46,15.0,0.63,15.0,0.57,15.0,0.56,15.0,0.55,15.0,0.54,15.0,0.69,12.1,0.7,15.0,0.71,15.0,0.72,15.0,0.73,15.0,0.06,0.06,45.019408,1776172105000
1776172107.215,207.215,0.31,12.1,0.3,15.0,0.29,15.0,0.28,15.0,0.27,15.0,0.37,15.0,0.43,15.0,0.44,15.0,0.45,15.0,0.46,15.0,0.63,15.0,0.57,15.0,0.56,15.0,0.55,15.0,0.54,15.0,0.69,12.1,0.7,15.0,0.71,15.0,0.72,15.0,0.73,15.0,0.06,0.06,45.019751,1776172106000
1776172108.324,208.324,0.31,12.1,0.3,15.0,0.29,15.0,0.28,15.0,0.27,15.0,0.37,15.0,0.43,15.0,0.44,15.0,0.45,15.0,0.46,15.0,0.63,15.0,0.57,15.0,0.56,15.0,0.55,15.0,0.54,15.0,0.69,12.1,0.7,15.0,0.71,15.0,0.72,15.0,0.73,15.0,0.06,0.06,45.019771,1776172107000
1776172109.433,209.433,0.31,12.1,0.3,15.0,0.29,15.0,0.28,15.0,0.27,15.0,0.37,15.0,0.43,15.0,0.44,15.0,0.45,15.0,0.46,15.0,0.63,15.0,0.57,15.0,0.56,15.0,0.55,15.0,0.54,15.0,0.69,12.1,0.7,15.0,0.71,15.0,0.72,15.0,0.73,15.0,0.06,0.06,45.0198,1776172108000
1776172110.133,210.133,0.31,12.1,0.3,15.0,0.29,15.0,0.28,15.0,0.27,15.0,0.37,15.0,0.43,15.0,0.44,15.0,0.45,15.0,0.46,15.0,0.63,15.0,0.57,15.0,0.56,15.0,0.55,15.0,0.54,15.0,0.69,12.1,0.7,15.0,0.71,15.0,0.72,15.0,0.73,15.0,0.06,0.06,45.019779,1776172109000
1776172111.049,211.049,0.31,12.1,0.3,15.0,0.29,15.0,0.28,15.0,0.27,15.0,0.37,15.0,0.43,15.0,0.44,15.0,0.45,15.0,0.46,15.0,0.63,15.0,0.57,15.0,0.56,15.0,0.55,15.0,0.54,15.0,0.69,12.1,0.7,15.0,0.71,15.0,0.72,15.0,0.73,15.0,0.06,0.06,45.020216,1776172110000
1776172111.25,211.25,0.32,4.9,0.31,12.1,0.3,15.0,0.29,15.0,0.28,15.0,0.36,5.0,0.44,15.0,0.45,15.0,0.46,15.0,0.47,15.0,0.64,5.0,0.56,15.0,0.55,15.0,0.54,15.0,0.53,15.0,0.68,9.95,0.69,12.1,0.7,15.0,0.71,15.0,0.72,15.0,0.04,0.04,45.020216,1776172110000
1776172112.067,212.067,0.32,4.9,0.31,12.1,0.3,15.0,0.29,15.0,0.28,15.0,0.36,5.0,0.44,15.0,0.45,15.0,0.46,15.0,0.47,15.0,0.64,5.0,0.56,15.0,0.55,15.0,0.54,15.0,0.53,15.0,0.68,4.9,0.69,12.1,0.7,15.0,0.71,15.0,0.72,15.0,0.04,0.04,45.020216,1776172111000
1776172113.126,213.126,0.32,4.9,0.31,12.1,0.3,15.0,0.29,15.0,0.28,15.0,0.36,5.0,0.44,15.0,0.45,15.0,0.46,15.0,0.47,15.0,0.64,5.0,0.56,15.0,0.55,15.0,0.54,15.0,0.53,15.0,0.68,4.9,0.69,12.1,0.7,15.0,0.71,15.0,0.72,15.0,0.04,0.04,45.020477,1776172112000
1776172114.206,214.206,0.32,4.9,0.31,12.1,0.3,15.0,0.29,15.0,0.28,15.0,0.36,5.0,0.44,15.0,0.45,15.0,0.46,15.0,0.47,15.0,0.64,5.0,0.56,15.0,0.55,15.0,0.54,15.0,0.53,15.0,0.68,4.9,0.69,12.1,0.7,15.0,0.71,15.0,0.72,15.0,0.04,0.04,45.028015,1776172113000
1776172115.296,215.296,0.32,4.9,0.31,12.1,0.3,15.0,0.29,15.0,0.28,15.0,0.36,5.0,0.44,15.0,0.45,15.0,0.46,15.0,0.47,15.0,0.64,5.0,0.56,15.0,0.55,15.0,0.54,15.0,0.53,15.0,0.68,4.9,0.69,12.1,0.7,15.0,0.71,15.0,0.72,15.0,0.04,0.04,45.030693,1776172114000
1776172116.398,216.398,0.32,4.9,0.31,12.1,0.3,15.0,0.29,15.0,0.28,15.0,0.36,5.0,0.44,15.0,0.45,15.0,0.46,15.0,0.47,15.0,0.64,5.0,0.56,15.0,0.55,15.0,0.54,15.0,0.53,15.0,0.68,4.9,0.69,12.1,0.7,15.0,0.71,15.0,0.72,15.0,0.04,0.04,45.029707,1776172115000
1776172116.964,216.964,0.32,4.9,0.31,12.1,0.3,15.0,0.29,15.0,0.28,15.0,0.36,5.0,0.44,15.0,0.45,15.0,0.46,15.0,0.47,15.0,0.64,5.0,0.56,15.0,0.55,15.0,0.54,15.0,0.53,15.0,0.68,4.9,0.69,12.1,0.7,15.0,0.71,15.0,0.72,15.0,0.04,0.04,45.028863,1776172116000
1776172118.065,218.065,0.32,4.9,0.31,12.1,0.3,15.0,0.29,15.0,0.28,15.0,0.36,5.0,0.44,15.0,0.45,15.0,0.46,15.0,0.47,15.0,0.64,5.0,0.56,15.0,0.55,15.0,0.54,15.0,0.53,15.0,0.68,4.9,0.69,12.1,0.7,15.0,0.71,15.0,0.72,15.0,0.04,0.04,45.028863,1776172117000
1776172118.842,218.842,0.35,15.0,0.34,15.0,0.33,15.0,0.32,15.0,0.31,12.1,0.48,5.93,0.49,15.0,0.5,15.0,0.51,15.0,0.52,15.0,0.64,5.0,0.56,15.0,0.55,15.0,0.54,15.0,0.53,15.0,0.68,4.9,0.69,12.1,0.7,15.0,0.71,15.0,0.72,15.0,0.13,0.04,45.028863,1776172117000
1776172120.097,220.097,0.35,15.0,0.34,15.0,0.33,15.0,0.32,15.0,0.31,12.1,0.48,5.93,0.49,15.0,0.5,15.0,0.51,15.0,0.52,15.0,0.52,5.93,0.51,15.0,0.5,15.0,0.49,15.0,0.48,15.0,0.65,15.0,0.66,15.0,0.67,15.0,0.68,15.0,0.69,12.1,0.13,0.13,45.027354,1776172119000
1776172121.17,221.17,0.35,15.0,0.34,15.0,0.33,15.0,0.32,15.0,0.31,12.1,0.48,5.93,0.49,15.0,0.5,15.0,0.51,15.0,0.52,15.0,0.52,5.93,0.51,15.0,0.5,15.0,0.49,15.0,0.48,15.0,0.65,15.0,0.66,15.0,0.67,15.0,0.68,15.0,0.69,12.1,0.13,0.13,45.028138,1776172120000
1776172122.152,222.152,0.35,15.0,0.34,15.0,0.33,15.0,0.32,15.0,0.31,12.1,0.48,5.93,0.49,15.0,0.5,15.0,0.51,15.0,0.52,15.0,0.52,5.93,0.51,15.0,0.5,15.0,0.49,15.0,0.48,15.0,0.65,15.0,0.66,15.0,0.67,15.0,0.68,15.0,0.69,12.1,0.13,0.13,45.029174,1776172121000
1776172123.152,223.152,0.35,15.0,0.34,15.0,0.33,15.0,0.32,15.0,0.31,12.1,0.48,5.93,0.49,15.0,0.5,15.0,0.51,15.0,0.52,15.0,0.52,5.93,0.51,15.0,0.5,15.0,0.49,15.0,0.48,15.0,0.65,15.0,0.66,15.0,0.67,15.0,0.68,15.0,0.69,12.1,0.13,0.13,45.029561,1776172122000
1776172124.582,224.582,0.35,15.0,0.34,15.0,0.33,15.0,0.32,15.0,0.31,12.1,0.48,5.93,0.49,15.0,0.5,15.0,0.51,15.0,0.52,15.0,0.52,5.93,0.51,15.0,0.5,15.0,0.49,15.0,0.48,15.0,0.65,15.0,0.66,15.0,0.67,15.0,0.68,15.0,0.69,12.1,0.13,0.13,45.027861,1776172123000
1776172125.206,225.206,0.35,15.0,0.34,15.0,0.33,15.0,0.32,15.0,0.31,12.1,0.48,5.93,0.49,15.0,0.5,15.0,0.51,15.0,0.52,15.0,0.52,5.93,0.51,15.0,0.5,15.0,0.49,15.0,0.48,15.0,0.65,15.0,0.66,15.0,0.67,15.0,0.68,15.0,0.69,12.1,0.13,0.13,45.026565,1776172124000
1776172126.02,226.02,0.35,15.0,0.34,15.0,0.33,15.0,0.32,15.0,0.31,12.1,0.48,5.93,0.49,15.0,0.5,15.0,0.51,15.0,0.52,15.0,0.52,5.93,0.51,15.0,0.5,15.0,0.49,15.0,0.48,15.0,0.65,15.0,0.66,15.0,0.67,15.0,0.68,15.0,0.69,12.1,0.13,0.13,45.028374,1776172125000
1776172126.963,226.963,0.35,15.0,0.34,15.0,0.33,15.0,0.32,15.0,0.31,12.1,0.48,5.93,0.49,15.0,0.5,15.0,0.51,15.0,0.52,15.0,0.52,5.93,0.51,15.0,0.5,15.0,0.49,15.0,0.48,15.0,0.65,15.0,0.66,15.0,0.67,15.0,0.68,15.0,0.69,12.1,0.13,0.13,45.027394,1776172126000
1776172127.981,227.981,0.35,15.0,0.34,15.0,0.33,15.0,0.32,15.0,0.31,12.1,0.48,5.93,0.49,15.0,0.5,15.0,0.51,15.0,0.52,15.0,0.52,5.93,0.51,15.0,0.5,15.0,0.49,15.0,0.48,15.0,0.65,15.0,0.66,15.0,0.67,15.0,0.68,15.0,0.69,12.1,0.13,0.13,45.026319,1776172127000
1776172128.978,228.978,0.35,15.0,0.34,15.0,0.33,15.0,0.32,15.0,0.31,12.1,0.48,5.93,0.49,15.0,0.5,15.0,0.51,15.0,0.52,15.0,0.52,5.93,0.51,15.0,0.5,15.0,0.49,15.0,0.48,15.0,0.65,15.0,0.66,15.0,0.67,15.0,0.68,15.0,0.69,12.1,0.13,0.13,45.02422,1776172128000
1776172129.934,229.934,0.35,15.0,0.34,15.0,0.33,15.0,0.32,15.0,0.31,12.1,0.48,5.93,0.49,15.0,0.5,15.0,0.51,15.0,0.52,15.0,0.52,5.93,0.51,15.0,0.5,15.0,0.49,15.0,0.48,15.0,0.65,15.0,0.66,15.0,0.67,15.0,0.68,15.0,0.69,12.1,0.13,0.13,45.024122,1776172129000
1776172130.854,230.854,0.35,15.0,0.34,15.0,0.33,15.0,0.32,15.0,0.31,12.1,0.48,5.93,0.49,15.0,0.5,15.0,0.51,15.0,0.52,15.0,0.52,5.93,0.51,15.0,0.5,15.0,0.49,15.0,0.48,15.0,0.65,15.0,0.66,15.0,0.67,15.0,0.68,15.0,0.69,12.1,0.13,0.13,45.024188,1776172130000
1776172131.889,231.889,0.35,15.0,0.34,15.0,0.33,15.0,0.32,15.0,0.31,12.1,0.48,5.93,0.49,15.0,0.5,15.0,0.51,15.0,0.52,15.0,0.52,5.93,0.51,15.0,0.5,15.0,0.49,15.0,0.48,15.0,0.65,15.0,0.66,15.0,0.67,15.0,0.68,15.0,0.69,12.1,0.13,0.13,45.023264,1776172131000
1776172132.818,232.818,0.35,15.0,0.34,15.0,0.33,15.0,0.32,15.0,0.31,12.1,0.48,5.93,0.49,15.0,0.5,15.0,0.51,15.0,0.52,15.0,0.52,5.93,0.51,15.0,0.5,15.0,0.49,15.0,0.48,15.0,0.65,15.0,0.66,15.0,0.67,15.0,0.68,15.0,0.69,12.1,0.13,0.13,45.01857,1776172132000
1776172134.207,234.207,0.35,15.0,0.34,15.0,0.33,15.0,0.32,15.0,0.31,12.1,0.48,5.93,0.49,15.0,0.5,15.0,0.51,15.0,0.52,15.0,0.52,5.93,0.51,15.0,0.5,15.0,0.49,15.0,0.48,15.0,0.65,15.0,0.66,15.0,0.67,15.0,0.68,15.0,0.69,12.1,0.13,0.13,45.016761,1776172133000
1776172135.303,235.303,0.35,15.0,0.34,15.0,0.33,15.0,0.32,15.0,0.31,12.1,0.48,5.93,0.49,15.0,0.5,15.0,0.51,15.0,0.52,15.0,0.52,5.93,0.51,15.0,0.5,15.0,0.49,15.0,0.48,15.0,0.65,15.0,0.66,15.0,0.67,15.0,0.68,15.0,0.69,12.1,0.13,0.13,45.01703,1776172134000
1776172136.133,236.133,0.35,15.0,0.34,15.0,0.33,15.0,0.32,15.0,0.31,12.1,0.48,5.93,0.49,15.0,0.5,15.0,0.51,15.0,0.52,15.0,0.52,5.93,0.51,15.0,0.5,15.0,0.49,15.0,0.48,15.0,0.65,15.0,0.66,15.0,0.67,15.0,0.68,15.0,0.69,12.1,0.13,0.13,45.01701,1776172135000
1776172137.105,237.105,0.35,15.0,0.34,15.0,0.33,15.0,0.32,15.0,0.31,12.1,0.48,5.93,0.49,15.0,0.5,15.0,0.51,15.0,0.52,15.0,0.52,5.93,0.51,15.0,0.5,15.0,0.49,15.0,0.48,15.0,0.65,15.0,0.66,15.0,0.67,15.0,0.68,15.0,0.69,12.1,0.13,0.13,45.016987,1776172136000
1776172138.131,238.131,0.35,15.0,0.34,15.0,0.33,15.0,0.32,15.0,0.31,12.1,0.48,5.93,0.49,15.0,0.5,15.0,0.51,15.0,0.52,15.0,0.52,5.93,0.51,15.0,0.5,15.0,0.49,15.0,0.48,15.0,0.65,15.0,0.66,15.0,0.67,15.0,0.68,15.0,0.69,12.1,0.13,0.13,45.016901,1776172137000
1776172139.271,239.271,0.35,15.0,0.34,15.0,0.33,15.0,0.32,15.0,0.31,12.1,0.48,5.93,0.49,15.0,0.5,15.0,0.51,15.0,0.52,15.0,0.52,5.93,0.51,15.0,0.5,15.0,0.49,15.0,0.48,15.0,0.65,15.0,0.66,15.0,0.67,15.0,0.68,15.0,0.69,12.1,0.13,0.13,45.01659,1776172138000
1776172140.209,240.209,0.35,15.0,0.34,15.0,0.33,15.0,0.32,15.0,0.31,12.1,0.48,5.93,0.49,15.0,0.5,15.0,0.51,15.0,0.52,15.0,0.52,5.93,0.51,15.0,0.5,15.0,0.49,15.0,0.48,15.0,0.65,15.0,0.66,15.0,0.67,15.0,0.68,15.0,0.69,12.1,0.13,0.13,45.016568,1776172139000
1776172141.241,241.241,0.35,15.0,0.34,15.0,0.33,15.0,0.32,15.0,0.31,12.1,0.48,5.93,0.49,15.0,0.5,15.0,0.51,15.0,0.52,15.0,0.52,5.93,0.51,15.0,0.5,15.0,0.49,15.0,0.48,15.0,0.65,15.0,0.66,15.0,0.67,15.0,0.68,15.0,0.69,12.1,0.13,0.13,45.016231,1776172140000
1776172142.356,242.356,0.35,15.0,0.34,15.0,0.33,15.0,0.32,15.0,0.31,12.1,0.48,5.93,0.49,15.0,0.5,15.0,0.51,15.0,0.52,15.0,0.52,5.93,0.51,15.0,0.5,15.0,0.49,15.0,0.48,15.0,0.65,15.0,0.66,15.0,0.67,15.0,0.68,15.0,0.69,12.1,0.13,0.13,45.01651,1776172141000
1776172143.295,243.295,0.35,15.0,0.34,15.0,0.33,15.0,0.32,15.0,0.31,12.1,0.48,5.93,0.49,15.0,0.5,15.0,0.51,15.0,0.52,15.0,0.52,5.93,0.51,15.0,0.5,15.0,0.49,15.0,0.48,15.0,0.65,15.0,0.66,15.0,0.67,15.0,0.68,15.0,0.69,12.1,0.13,0.13,45.010787,1776172142000
1776172144.329,244.329,0.35,15.0,0.34,15.0,0.33,15.0,0.32,15.0,0.31,12.1,0.48,5.93,0.49,15.0,0.5,15.0,0.51,15.0,0.52,15.0,0.52,5.93,0.51,15.0,0.5,15.0,0.49,15.0,0.48,15.0,0.65,15.0,0.66,15.0,0.67,15.0,0.68,15.0,0.69,12.1,0.13,0.13,44.999474,1776172143000
1776172145.302,245.302,0.35,15.0,0.34,15.0,0.33,15.0,0.32,15.0,0.31,12.1,0.48,5.93,0.49,15.0,0.5,15.0,0.51,15.0,0.52,15.0,0.52,5.93,0.51,15.0,0.5,15.0,0.49,15.0,0.48,15.0,0.65,15.0,0.66,15.0,0.67,15.0,0.68,15.0,0.69,12.1,0.13,0.13,44.99487,1776172144000
1776172145.859,245.859,0.35,15.0,0.34,15.0,0.33,15.0,0.32,15.0,0.31,12.1,0.48,5.93,0.49,15.0,0.5,15.0,0.51,15.0,0.52,15.0,0.52,5.93,0.51,15.0,0.5,15.0,0.49,15.0,0.48,15.0,0.65,15.0,0.66,15.0,0.67,15.0,0.68,15.0,0.69,12.1,0.13,0.13,44.990245,1776172145000
1776172146.871,246.871,0.35,15.0,0.34,15.0,0.33,15.0,0.32,15.0,0.31,12.1,0.48,5.93,0.49,15.0,0.5,15.0,0.51,15.0,0.52,15.0,0.52,5.93,0.51,15.0,0.5,15.0,0.49,15.0,0.48,15.0,0.65,15.0,0.66,15.0,0.67,15.0,0.68,15.0,0.69,12.1,0.13,0.13,44.990245,1776172146000
1776172147.894,247.894,0.35,15.0,0.34,15.0,0.33,15.0,0.32,15.0,0.31,12.1,0.48,5.93,0.49,15.0,0.5,15.0,0.51,15.0,0.52,15.0,0.52,5.93,0.51,15.0,0.5,15.0,0.49,15.0,0.48,15.0,0.65,15.0,0.66,15.0,0.67,15.0,0.68,15.0,0.69,12.1,0.13,0.13,44.994664,1776172147000
1776172148.971,248.971,0.35,15.0,0.34,15.0,0.33,15.0,0.32,15.0,0.31,12.1,0.48,5.93,0.49,15.0,0.5,15.0,0.51,15.0,0.52,15.0,0.52,5.93,0.51,15.0,0.5,15.0,0.49,15.0,0.48,15.0,0.65,15.0,0.66,15.0,0.67,15.0,0.68,15.0,0.69,12.1,0.13,0.13,45.003324,1776172148000
1776172150.417,250.417,0.35,15.0,0.34,15.0,0.33,15.0,0.32,15.0,0.31,12.1,0.48,5.93,0.49,15.0,0.5,15.0,0.51,15.0,0.52,15.0,0.52,5.93,0.51,15.0,0.5,15.0,0.49,15.0,0.48,15.0,0.65,15.0,0.66,15.0,0.67,15.0,0.68,15.0,0.69,12.1,0.13,0.13,45.000641,1776172149000
1776172150.833,250.833,0.35,15.0,0.34,15.0,0.33,15.0,0.32,15.0,0.31,12.1,0.48,5.93,0.49,15.0,0.5,15.0,0.51,15.0,0.52,15.0,0.52,5.93,0.51,15.0,0.5,15.0,0.49,15.0,0.48,15.0,0.65,15.0,0.66,15.0,0.67,15.0,0.68,15.0,0.69,12.1,0.13,0.13,45.000641,1776172150000
1776172152.027,252.027,0.35,15.0,0.34,15.0,0.33,15.0,0.32,15.0,0.31,12.1,0.48,5.93,0.49,15.0,0.5,15.0,0.51,15.0,0.52,15.0,0.52,5.93,0.51,15.0,0.5,15.0,0.49,15.0,0.48,15.0,0.65,15.0,0.66,15.0,0.67,15.0,0.68,15.0,0.69,12.1,0.13,0.13,45.002096,1776172151000
1776172153.015,253.015,0.35,15.0,0.34,15.0,0.33,15.0,0.32,15.0,0.31,12.1,0.48,5.93,0.49,15.0,0.5,15.0,0.51,15.0,0.52,15.0,0.52,5.93,0.51,15.0,0.5,15.0,0.49,15.0,0.48,15.0,0.65,15.0,0.66,15.0,0.67,15.0,0.68,15.0,0.69,12.1,0.13,0.13,45.002096,1776172152000
1776172154.033,254.033,0.35,15.0,0.34,15.0,0.33,15.0,0.32,15.0,0.31,12.1,0.48,5.93,0.49,15.0,0.5,15.0,0.51,15.0,0.52,15.0,0.52,5.93,0.51,15.0,0.5,15.0,0.49,15.0,0.48,15.0,0.65,15.0,0.66,15.0,0.67,15.0,0.68,15.0,0.69,12.1,0.13,0.13,45.001438,1776172153000
1776172155.161,255.161,0.35,15.0,0.34,15.0,0.33,15.0,0.32,15.0,0.31,12.1,0.48,5.93,0.49,15.0,0.5,15.0,0.51,15.0,0.52,15.0,0.52,5.93,0.51,15.0,0.5,15.0,0.49,15.0,0.48,15.0,0.65,15.0,0.66,15.0,0.67,15.0,0.68,15.0,0.69,12.1,0.13,0.13,44.991371,1776172154000
1776172156.189,256.189,0.35,15.0,0.34,15.0,0.33,15.0,0.32,15.0,0.31,12.1,0.48,5.93,0.49,15.0,0.5,15.0,0.51,15.0,0.52,15.0,0.52,5.93,0.51,15.0,0.5,15.0,0.49,15.0,0.48,15.0,0.65,15.0,0.66,15.0,0.67,15.0,0.68,15.0,0.69,12.1,0.13,0.13,44.990976,1776172155000
1776172157.266,257.266,0.35,15.0,0.34,15.0,0.33,15.0,0.32,15.0,0.31,12.1,0.48,5.93,0.49,15.0,0.5,15.0,0.51,15.0,0.52,15.0,0.52,5.93,0.51,15.0,0.5,15.0,0.49,15.0,0.48,15.0,0.65,15.0,0.66,15.0,0.67,15.0,0.68,15.0,0.69,12.1,0.13,0.13,45.001555,1776172156000
1776172158.224,258.224,0.35,15.0,0.34,15.0,0.33,15.0,0.32,15.0,0.31,12.1,0.48,5.93,0.49,15.0,0.5,15.0,0.51,15.0,0.52,15.0,0.52,5.93,0.51,15.0,0.5,15.0,0.49,15.0,0.48,15.0,0.65,15.0,0.66,15.0,0.67,15.0,0.68,15.0,0.69,12.1,0.13,0.13,45.001515,1776172157000
1776172159.312,259.312,0.35,15.0,0.34,15.0,0.33,15.0,0.32,15.0,0.31,12.1,0.48,5.93,0.49,15.0,0.5,15.0,0.51,15.0,0.52,15.0,0.52,5.93,0.51,15.0,0.5,15.0,0.49,15.0,0.48,15.0,0.65,15.0,0.66,15.0,0.67,15.0,0.68,15.0,0.69,12.1,0.13,0.13,45.00147,1776172158000
1776172160.349,260.349,0.35,15.0,0.34,15.0,0.33,15.0,0.32,15.0,0.31,12.1,0.48,5.93,0.49,15.0,0.5,15.0,0.51,15.0,0.52,15.0,0.52,5.93,0.51,15.0,0.5,15.0,0.49,15.0,0.48,15.0,0.65,15.0,0.66,15.0,0.67,15.0,0.68,15.0,0.69,12.1,0.13,0.13,45.001412,1776172159000
1776172160.878,260.878,0.35,15.0,0.34,15.0,0.33,15.0,0.32,15.0,0.31,12.1,0.48,5.93,0.49,15.0,0.5,15.0,0.51,15.0,0.52,15.0,0.52,5.93,0.51,15.0,0.5,15.0,0.49,15.0,0.48,15.0,0.65,15.0,0.66,15.0,0.67,15.0,0.68,15.0,0.69,12.1,0.13,0.13,45.001409,1776172160000
1776172161.965,261.965,0.35,15.0,0.34,15.0,0.33,15.0,0.32,15.0,0.31,12.1,0.48,5.93,0.49,15.0,0.5,15.0,0.51,15.0,0.52,15.0,0.52,5.93,0.51,15.0,0.5,15.0,0.49,15.0,0.48,15.0,0.65,15.0,0.66,15.0,0.67,15.0,0.68,15.0,0.69,12.1,0.13,0.13,44.998053,1776172161000
1776172163.032,263.032,0.35,15.0,0.34,15.0,0.33,15.0,0.32,15.0,0.31,12.1,0.48,5.93,0.49,15.0,0.5,15.0,0.51,15.0,0.52,15.0,0.52,5.93,0.51,15.0,0.5,15.0,0.49,15.0,0.48,15.0,0.65,15.0,0.66,15.0,0.67,15.0,0.68,15.0,0.69,12.1,0.13,0.13,44.996602,1776172162000
1776172164.128,264.128,0.35,15.0,0.34,15.0,0.33,15.0,0.32,15.0,0.31,12.1,0.48,5.93,0.49,15.0,0.5,15.0,0.51,15.0,0.52,15.0,0.52,5.93,0.51,15.0,0.5,15.0,0.49,15.0,0.48,15.0,0.65,15.0,0.66,15.0,0.67,15.0,0.68,15.0,0.69,12.1,0.13,0.13,44.993185,1776172163000
1776172165.812,265.812,0.35,15.0,0.34,15.0,0.33,15.0,0.32,15.0,0.31,12.1,0.48,5.93,0.49,15.0,0.5,15.0,0.51,15.0,0.52,15.0,0.52,5.93,0.51,15.0,0.5,15.0,0.49,15.0,0.48,15.0,0.65,15.0,0.66,15.0,0.67,15.0,0.68,15.0,0.69,12.1,0.13,0.13,44.9966,1776172164000
1776172166.319,266.319,0.35,15.0,0.34,15.0,0.33,15.0,0.32,15.0,0.31,12.1,0.48,5.93,0.49,15.0,0.5,15.0,0.51,15.0,0.52,15.0,0.52,5.93,0.51,15.0,0.5,15.0,0.49,15.0,0.48,15.0,0.65,15.0,0.66,15.0,0.67,15.0,0.68,15.0,0.69,12.1,0.13,0.13,44.998856,1776172165000
1776172166.915,266.915,0.35,15.0,0.34,15.0,0.33,15.0,0.32,15.0,0.31,12.1,0.48,5.93,0.49,15.0,0.5,15.0,0.51,15.0,0.52,15.0,0.52,5.93,0.51,15.0,0.5,15.0,0.49,15.0,0.48,15.0,0.65,15.0,0.66,15.0,0.67,15.0,0.68,15.0,0.69,12.1,0.13,0.13,44.998572,1776172166000
1776172167.441,267.441,0.04,3.48,0.03,15.0,0.02,25.0,0.01,391.09,,,0.07,15.0,0.08,15.0,0.09,25.0,0.1,15.0,0.11,15.0,0.52,5.93,0.51,15.0,0.5,15.0,0.49,15.0,0.48,15.0,0.65,15.0,0.66,15.0,0.67,15.0,0.68,15.0,0.69,12.1,0.03,0.13,44.998572,1776172166000
1776172168.748,268.748,0.04,3.48,0.03,15.0,0.02,25.0,0.01,391.09,,,0.07,15.0,0.08,15.0,0.09,25.0,0.1,15.0,0.11,15.0,0.93,15.0,0.92,15.0,0.91,25.0,0.9,15.0,0.89,15.0,0.96,3.48,0.97,15.0,0.98,25.0,0.99,391.09,,,0.03,0.03,44.996028,1776172167000
1776172169.396,269.396,0.04,3.48,0.03,15.0,0.02,25.0,0.01,391.09,,,0.07,15.0,0.08,15.0,0.09,25.0,0.1,15.0,0.11,15.0,0.93,15.0,0.92,15.0,0.91,25.0,0.9,15.0,0.89,15.0,0.96,3.48,0.97,15.0,0.98,25.0,0.99,391.09,,,0.03,0.03,44.99603,1776172168000
1776172170.102,270.102,0.04,3.48,0.03,15.0,0.02,25.0,0.01,391.09,,,0.07,15.0,0.08,15.0,0.09,25.0,0.1,15.0,0.11,15.0,0.93,15.0,0.92,15.0,0.91,25.0,0.9,15.0,0.89,15.0,0.96,3.48,0.97,15.0,0.98,25.0,0.99,391.09,,,0.03,0.03,44.996046,1776172169000
1776172170.789,270.789,0.01,389.42,,,,,,,,,0.05,15.0,0.06,25.0,0.07,15.0,0.08,15.0,0.09,25.0,0.93,15.0,0.92,15.0,0.91,25.0,0.9,15.0,0.89,15.0,0.96,3.48,0.97,15.0,0.98,25.0,0.99,391.09,,,0.04,0.03,44.996046,1776172169000
1776172171.386,271.386,0.01,379.32,,,,,,,,,0.05,15.0,0.06,25.0,0.07,15.0,0.08,15.0,0.09,25.0,0.95,15.0,0.94,25.0,0.93,15.0,0.92,15.0,0.91,25.0,0.99,379.32,,,,,,,,,0.04,0.04,44.995066,1776172170000
1776172171.761,271.761,0.01,377.29,,,,,,,,,0.04,20.0,0.05,20.0,0.06,15.0,0.07,15.0,0.08,15.0,0.95,15.0,0.94,25.0,0.93,15.0,0.92,15.0,0.91,25.0,0.99,379.32,,,,,,,,,0.03,0.04,44.995066,1776172170000
1776172172.065,272.065,0.01,377.29,,,,,,,,,0.04,20.0,0.05,20.0,0.06,15.0,0.07,15.0,0.08,15.0,0.96,20.0,0.95,20.0,0.94,15.0,0.93,15.0,0.92,15.0,0.99,377.29,,,,,,,,,0.03,0.03,44.990201,1776172171000
1776172173.323,273.323,0.01,276.27,,,,,,,,,0.03,15.0,0.04,20.0,0.05,20.0,0.06,15.0,0.07,15.0,0.96,20.0,0.95,20.0,0.94,15.0,0.93,15.0,0.92,15.0,0.99,377.29,,,,,,,,,0.02,0.03,44.990201,1776172171000
1776172174.361,274.361,0.01,276.27,,,,,,,,,0.03,15.0,0.04,20.0,0.05,20.0,0.06,15.0,0.07,15.0,0.97,15.0,0.96,20.0,0.95,20.0,0.94,15.0,0.93,15.0,0.99,276.27,,,,,,,,,0.02,0.02,44.984998,1776172173000
1776172175.028,275.028,0.01,246.27,,,,,,,,,0.03,5.0,0.04,20.0,0.05,20.0,0.06,15.0,0.07,15.0,0.97,15.0,0.96,20.0,0.95,20.0,0.94,15.0,0.93,15.0,0.99,276.27,,,,,,,,,0.02,0.02,44.984998,1776172173000
1776172175.551,275.551,0.01,246.27,,,,,,,,,0.03,5.0,0.04,20.0,0.05,20.0,0.06,15.0,0.07,15.0,0.97,5.0,0.96,20.0,0.95,20.0,0.94,15.0,0.93,15.0,0.99,246.27,,,,,,,,,0.02,0.02,44.989803,1776172174000
1776172176.292,276.292,0.01,246.27,,,,,,,,,0.03,5.0,0.04,20.0,0.05,20.0,0.06,15.0,0.07,15.0,0.97,5.0,0.96,20.0,0.95,20.0,0.94,15.0,0.93,15.0,0.99,246.27,,,,,,,,,0.02,0.02,44.989836,1776172175000
1776172177.225,277.225,0.01,246.27,,,,,,,,,0.03,5.0,0.04,20.0,0.05,20.0,0.06,15.0,0.07,15.0,0.97,5.0,0.96,20.0,0.95,20.0,0.94,15.0,0.93,15.0,0.99,246.27,,,,,,,,,0.02,0.02,44.989374,1776172176000
1776172178.787,278.787,0.01,246.27,,,,,,,,,0.03,5.0,0.04,20.0,0.05,20.0,0.06,15.0,0.07,15.0,0.97,5.0,0.96,20.0,0.95,20.0,0.94,15.0,0.93,15.0,0.99,246.27,,,,,,,,,0.02,0.02,44.992196,1776172177000
1776172179.392,279.392,0.01,246.27,,,,,,,,,0.03,5.0,0.04,20.0,0.05,20.0,0.06,15.0,0.07,15.0,0.97,5.0,0.96,20.0,0.95,20.0,0.94,15.0,0.93,15.0,0.99,246.27,,,,,,,,,0.02,0.02,44.991557,1776172178000
1776172180.183,280.183,0.01,246.27,,,,,,,,,0.03,5.0,0.04,20.0,0.05,20.0,0.06,15.0,0.07,15.0,0.97,5.0,0.96,20.0,0.95,20.0,0.94,15.0,0.93,15.0,0.99,246.27,,,,,,,,,0.02,0.02,44.991506,1776172179000
1776172181.587,281.587,0.01,246.27,,,,,,,,,0.03,5.0,0.04,20.0,0.05,20.0,0.06,15.0,0.07,15.0,0.97,5.0,0.96,20.0,0.95,20.0,0.94,15.0,0.93,15.0,0.99,246.27,,,,,,,,,0.02,0.02,44.984089,1776172180000
1776172182.76,282.76,0.01,231.27,,,,,,,,,0.09,18.25,0.13,5.0,0.34,9.09,0.7,100.0,0.96,5.0,0.91,18.25,0.87,5.0,0.66,9.09,0.3,100.0,0.04,5.0,0.99,231.27,,,,,,,,,0.08,0.08,44.985228,1776172181000
1776172183.17,283.17,0.01,231.27,,,,,,,,,0.09,18.25,0.13,5.0,0.34,9.09,0.7,100.0,0.96,5.0,0.91,18.25,0.87,5.0,0.66,9.09,0.3,100.0,0.04,5.0,0.99,231.27,,,,,,,,,0.08,0.08,44.985297,1776172182000
1776172184.433,284.433,0.01,231.27,,,,,,,,,0.09,18.25,0.13,5.0,0.34,9.09,0.7,100.0,0.96,5.0,0.91,18.25,0.87,5.0,0.66,9.09,0.3,100.0,0.04,5.0,0.99,231.27,,,,,,,,,0.08,0.08,44.987194,1776172183000
1776172185.145,285.145,0.01,211.06,,,,,,,,,0.09,8.25,0.12,5.0,0.34,9.09,0.7,100.0,0.96,5.0,0.91,18.25,0.87,5.0,0.66,9.09,0.3,100.0,0.04,5.0,0.99,231.27,,,,,,,,,0.08,0.08,44.987194,1776172183000
1776172185.864,285.864,0.01,206.0,,,,,,,,,0.1,10.0,0.16,5.0,0.34,9.09,0.7,100.0,0.96,5.0,0.91,8.25,0.88,5.0,0.66,9.09,0.3,100.0,0.04,5.0,0.99,211.06,,,,,,,,,0.09,0.08,44.989976,1776172184000
1776172186.429,286.429,0.01,206.0,,,,,,,,,0.1,10.0,0.16,5.0,0.34,9.09,0.7,100.0,0.96,5.0,0.9,10.0,0.84,5.0,0.66,9.09,0.3,100.0,0.04,5.0,0.99,206.0,,,,,,,,,0.09,0.09,44.991149,1776172185000
1776172187.041,287.041,0.01,197.88,,,,,,,,,0.09,10.0,0.11,5.0,0.34,9.09,0.7,100.0,0.96,5.0,0.91,10.0,0.89,5.0,0.66,9.09,0.3,100.0,0.04,5.0,0.99,197.88,,,,,,,,,0.08,0.08,44.995852,1776172186000
1776172187.93,287.93,0.01,177.67,,,,,,,,,0.11,10.0,0.12,5.0,0.34,9.09,0.7,100.0,0.96,5.0,0.91,10.0,0.89,5.0,0.66,9.09,0.3,100.0,0.04,5.0,0.99,197.88,,,,,,,,,0.1,0.08,44.995852,1776172186000
1776172188.958,288.958,0.01,177.67,,,,,,,,,0.11,10.0,0.12,5.0,0.34,9.09,0.7,100.0,0.96,5.0,0.89,10.0,0.88,5.0,0.66,9.09,0.3,100.0,0.04,5.0,0.99,177.67,,,,,,,,,0.1,0.1,45.007393,1776172188000
1776172190.067,290.067,0.01,177.67,,,,,,,,,0.11,10.0,0.12,5.0,0.34,9.09,0.7,100.0,0.96,5.0,0.89,10.0,0.88,5.0,0.66,9.09,0.3,100.0,0.04,5.0,0.99,177.67,,,,,,,,,0.1,0.1,45.009696,1776172189000
1776172191.025,291.025,0.01,177.67,,,,,,,,,0.11,10.0,0.12,5.0,0.34,9.09,0.7,100.0,0.96,5.0,0.89,10.0,0.88,5.0,0.66,9.09,0.3,100.0,0.04,5.0,0.99,177.67,,,,,,,,,0.1,0.1,45.010493,1776172190000
1776172191.509,291.509,0.01,272.61,,,,,,,,,0.09,10.0,0.11,5.0,0.34,9.09,0.85,100.0,0.96,5.0,0.89,10.0,0.88,5.0,0.66,9.09,0.3,100.0,0.04,5.0,0.99,177.67,,,,,,,,,0.08,0.1,45.010493,1776172190000
1776172192.033,292.033,0.01,272.61,,,,,,,,,0.09,10.0,0.11,5.0,0.34,9.09,0.85,100.0,0.96,5.0,0.91,10.0,0.89,5.0,0.66,9.09,0.15,100.0,0.04,5.0,0.99,272.61,,,,,,,,,0.08,0.08,45.011382,1776172191000
1776172193.136,293.136,0.01,272.61,,,,,,,,,0.09,10.0,0.11,5.0,0.34,9.09,0.85,100.0,0.96,5.0,0.91,10.0,0.89,5.0,0.66,9.09,0.15,100.0,0.04,5.0,0.99,272.61,,,,,,,,,0.08,0.08,45.013209,1776172192000
1776172193.731,293.731,0.01,252.4,,,,,,,,,0.09,10.0,0.11,5.0,0.34,9.09,0.85,100.0,0.96,5.0,0.91,10.0,0.89,5.0,0.66,9.09,0.15,100.0,0.04,5.0,0.99,272.61,,,,,,,,,0.08,0.08,45.013209,1776172192000
1776172194.002,294.002,0.01,252.4,,,,,,,,,0.09,10.0,0.11,5.0,0.34,9.09,0.85,100.0,0.96,5.0,0.91,10.0,0.89,5.0,0.66,9.09,0.15,100.0,0.04,5.0,0.99,252.4,,,,,,,,,0.08,0.08,45.013266,1776172193000
1776172195.036,295.036,0.01,252.4,,,,,,,,,0.09,10.0,0.11,5.0,0.34,9.09,0.85,100.0,0.96,5.0,0.91,10.0,0.89,5.0,0.66,9.09,0.15,100.0,0.04,5.0,0.99,252.4,,,,,,,,,0.08,0.08,45.013043,1776172194000
1776172196.129,296.129,0.01,252.4,,,,,,,,,0.09,10.0,0.11,5.0,0.34,9.09,0.85,100.0,0.96,5.0,0.91,10.0,0.89,5.0,0.66,9.09,0.15,100.0,0.04,5.0,0.99,252.4,,,,,,,,,0.08,0.08,45.011735,1776172195000
1776172196.446,296.446,0.01,107.24,,,,,,,,,0.09,20.0,0.11,5.0,0.34,9.09,0.96,5.0,0.98,10.0,0.91,10.0,0.89,5.0,0.66,9.09,0.15,100.0,0.04,5.0,0.99,252.4,,,,,,,,,0.08,0.08,45.011735,1776172195000
1776172196.751,296.751,0.01,104.24,,,,,,,,,0.09,20.0,0.11,5.0,0.34,9.09,0.96,5.0,0.98,10.0,0.91,20.0,0.89,5.0,0.66,9.09,0.04,5.0,0.02,10.0,0.99,107.24,,,,,,,,,0.08,0.08,45.011735,1776172195000
1776172197.477,297.477,,,,,,,,,,,0.09,20.0,0.11,5.0,0.34,9.09,0.96,5.0,0.97,35.0,0.91,20.0,0.89,5.0,0.66,9.09,0.04,5.0,0.02,10.0,0.99,104.24,,,,,,,,,,0.08,45.011735,1776172195000
1776172197.679,297.679,,,,,,,,,,,0.09,20.0,0.11,5.0,0.34,9.09,0.96,5.0,0.97,35.0,0.91,20.0,0.89,5.0,0.66,9.09,0.04,5.0,0.03,35.0,,,,,,,,,,,,,45.0119,1776172196000
1776172198.275,298.275,,,,,,,,,,,0.09,20.0,0.11,5.0,0.34,9.09,0.96,5.0,0.97,35.0,0.91,20.0,0.89,5.0,0.66,9.09,0.04,5.0,0.03,35.0,,,,,,,,,,,,,45.012349,1776172197000
1776172199.341,299.341,,,,,,,,,,,0.09,20.0,0.11,5.0,0.34,9.09,0.96,5.0,0.97,35.0,0.91,20.0,0.89,5.0,0.66,9.09,0.04,5.0,0.03,35.0,,,,,,,,,,,,,45.012462,1776172198000
1776172199.955,299.955,,,,,,,,,,,0.09,20.0,0.11,5.0,0.34,9.09,0.96,5.0,0.97,35.0,0.91,20.0,0.89,5.0,0.66,9.09,0.04,5.0,0.03,35.0,,,,,,,,,,,,,45.012466,1776172199000

# RESULT,winner=Down,slug=hype-updown-5m-1776171900,ticks=318
