timestamp,elapsed_sec,up_bid_p1,up_bid_s1,up_bid_p2,up_bid_s2,up_ask_p1,up_ask_s1,up_ask_p2,up_ask_s2,down_bid_p1,down_bid_s1,down_bid_p2,down_bid_s2,down_ask_p1,down_ask_s1,down_ask_p2,down_ask_s2,up_spread,down_spread,hype_price,hype_oracle_ts
1776381900.519,0.519,0.41,5.0,0.4,65.0,0.48,40.83,0.59,5.0,0.52,40.83,0.41,5.0,0.59,5.0,0.6,65.0,0.07,0.07,43.898417,1776381899000
1776381901.104,1.104,0.41,5.0,0.4,65.0,0.48,40.83,0.59,5.0,0.52,40.83,0.41,5.0,0.59,5.0,0.6,65.0,0.07,0.07,43.898417,1776381900000
1776381901.524,1.524,0.11,100.0,0.1,10.0,0.48,35.83,0.89,100.0,0.52,40.83,0.41,5.0,0.59,5.0,0.6,65.0,0.37,0.07,43.898417,1776381900000
1776381906.061,6.061,0.46,1.29,0.45,5.0,0.47,5.0,0.48,40.83,0.52,35.83,0.11,100.0,0.89,100.0,0.9,10.0,0.01,0.37,43.893227,1776381904000
1776381925.016,25.016,0.47,2.75,0.46,5.0,0.48,35.83,0.49,5.0,0.53,5.0,0.52,40.83,0.54,1.29,0.55,5.0,0.01,0.01,43.890642,1776381923000
1776381947.205,47.205,0.37,5.0,0.36,5.0,0.4,4.8,0.41,5.0,0.52,35.83,0.51,5.0,0.53,2.75,0.54,5.0,0.03,0.01,43.881386,1776381946000
1776381955.411,55.411,0.4,5.0,0.39,5.0,0.42,5.0,0.43,5.0,0.6,4.8,0.59,5.0,0.63,5.0,0.64,5.0,0.02,0.03,43.88225,1776381954000
1776381963.427,63.427,0.34,5.0,0.33,5.0,0.36,1.66,0.37,5.0,0.58,5.0,0.57,5.0,0.6,5.0,0.61,5.0,0.02,0.02,43.881345,1776381962000
1776382024.235,124.235,0.46,2.77,0.45,5.0,0.47,15.0,0.48,35.83,0.64,1.66,0.63,5.0,0.66,5.0,0.67,5.0,0.01,0.02,43.872549,1776382022000
1776382025.045,125.045,0.47,5.0,0.46,2.77,0.48,31.66,0.5,5.0,0.53,15.0,0.52,35.83,0.54,2.77,0.55,5.0,0.01,0.01,43.874701,1776382024000
1776382049.906,149.906,0.51,18.34,0.47,146.0,0.74,5.0,0.75,5.0,0.52,31.66,0.5,5.0,0.53,5.0,0.54,2.77,0.23,0.01,43.902869,1776382048000
1776382054.898,154.898,0.74,33.0,0.72,5.0,0.76,5.0,0.77,5.0,0.26,5.0,0.25,5.0,0.49,18.34,0.53,146.0,0.02,0.23,43.952109,1776382053000
1776382059.863,159.863,0.7,5.0,0.69,5.0,0.76,5.0,0.77,5.0,0.24,5.0,0.23,5.0,0.26,33.0,0.28,5.0,0.06,0.02,43.9561,1776382058000
1776382060.51,160.51,0.7,5.0,0.69,20.0,0.72,5.0,0.73,5.0,0.24,5.0,0.23,5.0,0.3,5.0,0.31,5.0,0.02,0.06,43.9561,1776382059000
1776382071.426,171.426,0.78,15.0,0.77,20.0,0.8,3.68,0.81,55.0,0.28,5.0,0.27,5.0,0.3,5.0,0.31,20.0,0.02,0.02,43.955956,1776382069000
1776382083.27,183.27,0.86,5.0,0.85,5.0,0.87,10.0,0.89,5.0,0.2,3.68,0.19,55.0,0.22,15.0,0.23,20.0,0.01,0.02,43.9508,1776382082000
1776382094.432,194.432,0.88,20.0,0.87,20.0,0.9,15.0,0.91,66.0,0.13,10.0,0.11,5.0,0.14,5.0,0.15,5.0,0.02,0.01,43.9571,1776382093000
1776382097.415,197.415,0.88,5.0,0.87,20.0,0.9,15.0,0.91,66.0,0.1,15.0,0.09,66.0,0.12,20.0,0.13,20.0,0.02,0.02,43.9583,1776382096000
1776382105.381,205.381,0.89,20.0,0.88,20.0,0.9,5.0,0.91,61.0,0.1,15.0,0.09,66.0,0.12,5.0,0.13,20.0,0.01,0.02,43.958,1776382104000
1776382107.44,207.44,0.89,20.0,0.88,20.0,0.91,61.0,0.92,12.0,0.1,5.0,0.09,61.0,0.11,20.0,0.12,20.0,0.02,0.01,43.958879,1776382106000
1776382113.543,213.543,0.9,20.0,0.89,20.0,0.92,12.0,0.93,14.0,0.09,61.0,0.08,12.0,0.11,20.0,0.12,20.0,0.02,0.02,43.961922,1776382112000
1776382114.31,214.31,0.91,20.0,0.9,20.0,0.92,10.0,0.93,14.0,0.08,12.0,0.07,14.0,0.1,20.0,0.11,20.0,0.01,0.02,43.961922,1776382112000
1776382115.569,215.569,0.91,20.0,0.9,20.0,0.93,14.0,0.94,16.0,0.08,10.0,0.07,14.0,0.09,20.0,0.1,20.0,0.02,0.01,43.961923,1776382114000
1776382119.054,219.054,0.92,20.0,0.91,20.0,0.95,16.2,0.96,30.0,0.07,14.0,0.06,16.0,0.09,20.0,0.1,20.0,0.03,0.02,43.9617,1776382117000
1776382130.485,230.485,0.92,2.5,0.91,20.0,0.95,11.2,0.96,30.0,0.05,16.2,0.04,30.0,0.08,20.0,0.09,20.0,0.03,0.03,43.961844,1776382128000
1776382131.606,231.606,0.93,20.0,0.92,2.5,0.95,16.2,0.96,30.0,0.05,11.2,0.04,30.0,0.08,2.5,0.09,20.0,0.02,0.03,43.961797,1776382130000
1776382139.587,239.587,0.94,20.0,0.93,20.0,0.95,5.12,0.96,30.0,0.05,16.2,0.04,30.0,0.07,20.0,0.08,2.5,0.01,0.02,43.9589,1776382138000
1776382141.643,241.643,0.94,20.0,0.93,20.0,0.96,30.0,0.97,38.0,0.05,5.12,0.04,30.0,0.06,20.0,0.07,20.0,0.02,0.01,43.9592,1776382140000
1776382144.601,244.601,0.95,20.0,0.94,20.0,0.96,15.72,0.97,38.0,0.04,30.0,0.03,38.0,0.06,20.0,0.07,20.0,0.01,0.02,43.959411,1776382143000
1776382145.003,245.003,0.94,18.33,0.93,20.0,0.96,15.72,0.97,38.0,0.04,15.72,0.03,38.0,0.05,20.0,0.06,20.0,0.02,0.01,43.9589,1776382144000
1776382152.504,252.504,0.95,20.0,0.94,18.33,0.96,9.72,0.97,38.0,0.04,15.72,0.03,38.0,0.06,18.33,0.07,20.0,0.01,0.02,43.9585,1776382151000
1776382152.911,252.911,0.95,30.0,0.94,18.33,0.96,8.47,0.97,38.0,0.04,9.72,0.03,38.0,0.05,20.0,0.06,18.33,0.01,0.01,43.9585,1776382151000
1776382153.122,253.122,0.95,30.0,0.94,18.33,0.97,16.47,0.98,70.0,0.04,8.47,0.03,38.0,0.05,30.0,0.06,18.33,0.02,0.01,43.9585,1776382151000
1776382154.383,254.383,0.96,50.0,0.95,20.0,0.97,1.16,0.98,70.0,0.03,16.47,0.02,70.0,0.05,30.0,0.06,18.33,0.01,0.02,43.962046,1776382153000
1776382155.987,255.987,0.97,25.0,0.96,36.0,0.98,68.97,0.99,195.0,0.03,1.16,0.02,70.0,0.04,50.0,0.05,20.0,0.01,0.01,43.965038,1776382154000
1776382160.985,260.985,0.97,25.0,0.96,36.0,0.98,62.85,0.99,195.0,0.02,68.97,0.01,195.0,0.03,25.0,0.04,36.0,0.01,0.01,43.972255,1776382159000
1776382161.68,261.68,0.97,25.0,0.96,36.0,0.98,61.82,0.99,195.0,0.02,62.85,0.01,195.0,0.03,25.0,0.04,36.0,0.01,0.01,43.972189,1776382160000
1776382163.306,263.306,0.97,25.0,0.96,36.0,0.98,50.45,0.99,195.0,0.02,61.82,0.01,195.0,0.03,25.0,0.04,36.0,0.01,0.01,43.972745,1776382162000
1776382164.579,264.579,0.97,25.0,0.96,36.0,0.98,31.42,0.99,195.0,0.02,49.42,0.01,195.0,0.03,25.0,0.04,36.0,0.01,0.01,43.972744,1776382163000
1776382165.633,265.633,0.97,25.0,0.96,36.0,0.98,26.27,0.99,195.0,0.02,31.42,0.01,195.0,0.03,25.0,0.04,36.0,0.01,0.01,43.973734,1776382164000
1776382168.272,268.272,0.97,25.0,0.96,36.0,0.98,10.89,0.99,195.0,0.02,26.27,0.01,195.0,0.03,25.0,0.04,36.0,0.01,0.01,43.973734,1776382167000
1776382172.107,272.107,0.97,25.0,0.96,36.0,0.98,8.84,0.99,195.0,0.02,10.89,0.01,195.0,0.03,25.0,0.04,36.0,0.01,0.01,43.974455,1776382171000
1776382172.832,272.832,0.97,25.0,0.96,36.0,0.98,7.81,0.99,195.0,0.02,8.84,0.01,195.0,0.03,25.0,0.04,36.0,0.01,0.01,43.974455,1776382171000
1776382173.074,273.074,0.97,25.0,0.96,36.0,0.98,2.66,0.99,195.0,0.02,3.69,0.01,195.0,0.03,25.0,0.04,36.0,0.01,0.01,43.974453,1776382172000
1776382177.085,277.085,0.97,10.0,0.96,21.0,0.99,161.67,,,0.02,0.6,0.01,195.0,0.03,25.0,0.04,36.0,0.02,0.01,43.978348,1776382176000
1776382178.163,278.163,0.97,10.0,0.96,21.0,0.99,149.0,,,0.01,161.67,,,0.03,10.0,0.04,21.0,0.02,0.02,43.977792,1776382177000
1776382182.871,282.871,0.99,861.0,0.97,10.0,,,,,0.01,149.0,,,0.03,10.0,0.04,21.0,,0.02,43.977103,1776382181000

# RESULT,winner=Up,slug=hype-updown-5m-1776381900,ticks=47
