timestamp,elapsed_sec,up_bid_p1,up_bid_s1,up_bid_p2,up_bid_s2,up_ask_p1,up_ask_s1,up_ask_p2,up_ask_s2,down_bid_p1,down_bid_s1,down_bid_p2,down_bid_s2,down_ask_p1,down_ask_s1,down_ask_p2,down_ask_s2,up_spread,down_spread,hype_price,hype_oracle_ts
1776209401.288,1.288,,,,,,,,,,,,,,,,,,,43.419082,1776209400000
1776209401.502,1.502,0.51,5.0,0.11,100.0,0.89,100.0,0.92,100.0,0.11,100.0,0.08,100.0,0.49,5.0,0.89,100.0,0.38,0.38,43.419082,1776209400000
1776209401.844,1.844,0.51,5.0,0.11,100.0,0.89,100.0,0.92,100.0,0.11,100.0,0.08,100.0,0.49,5.0,0.89,100.0,0.38,0.38,43.419082,1776209400000
1776209402.38,2.38,0.51,5.0,0.11,100.0,0.89,100.0,0.92,100.0,0.11,100.0,0.08,100.0,0.49,5.0,0.89,100.0,0.38,0.38,43.419366,1776209401000
1776209402.947,2.947,0.51,5.0,0.11,100.0,0.89,100.0,0.92,100.0,0.11,100.0,0.08,100.0,0.49,5.0,0.89,100.0,0.38,0.38,43.423424,1776209402000
1776209404.065,4.065,0.51,5.0,0.11,100.0,0.89,100.0,0.92,100.0,0.11,100.0,0.08,100.0,0.49,5.0,0.89,100.0,0.38,0.38,43.423747,1776209403000
1776209405.233,5.233,0.51,5.0,0.11,100.0,0.89,100.0,0.92,100.0,0.11,100.0,0.08,100.0,0.49,5.0,0.89,100.0,0.38,0.38,43.423721,1776209404000
1776209406.881,6.881,0.51,5.0,0.11,100.0,0.89,100.0,0.92,100.0,0.11,100.0,0.08,100.0,0.49,5.0,0.89,100.0,0.38,0.38,43.425399,1776209405000
1776209407.496,7.496,0.51,5.0,0.11,100.0,0.89,100.0,0.92,100.0,0.11,100.0,0.08,100.0,0.49,5.0,0.89,100.0,0.38,0.38,43.425032,1776209406000
1776209408.323,8.323,0.51,5.0,0.11,100.0,0.89,100.0,0.92,100.0,0.11,100.0,0.08,100.0,0.49,5.0,0.89,100.0,0.38,0.38,43.425032,1776209407000
1776209409.584,9.584,0.51,5.0,0.11,100.0,0.89,100.0,0.92,100.0,0.11,100.0,0.08,100.0,0.49,5.0,0.89,100.0,0.38,0.38,43.42516,1776209408000
1776209410.221,10.221,0.51,5.0,0.11,100.0,0.89,100.0,0.92,100.0,0.11,100.0,0.08,100.0,0.49,5.0,0.89,100.0,0.38,0.38,43.425265,1776209409000
1776209411.332,11.332,0.51,5.0,0.11,100.0,0.89,100.0,0.92,100.0,0.11,100.0,0.08,100.0,0.49,5.0,0.89,100.0,0.38,0.38,43.424439,1776209410000
1776209412.021,12.021,0.51,5.0,0.11,100.0,0.89,100.0,0.92,100.0,0.11,100.0,0.08,100.0,0.49,5.0,0.89,100.0,0.38,0.38,43.424439,1776209411000
1776209413.198,13.198,0.51,5.0,0.11,100.0,0.89,100.0,0.92,100.0,0.11,100.0,0.08,100.0,0.49,5.0,0.89,100.0,0.38,0.38,43.424374,1776209412000
1776209414.561,14.561,0.51,5.0,0.11,100.0,0.89,100.0,0.92,100.0,0.11,100.0,0.08,100.0,0.49,5.0,0.89,100.0,0.38,0.38,43.424309,1776209413000
1776209415.147,15.147,0.51,5.0,0.11,100.0,0.89,100.0,0.92,100.0,0.11,100.0,0.08,100.0,0.49,5.0,0.89,100.0,0.38,0.38,43.426063,1776209414000
1776209416.393,16.393,0.51,5.0,0.11,100.0,0.89,100.0,0.92,100.0,0.11,100.0,0.08,100.0,0.49,5.0,0.89,100.0,0.38,0.38,43.430283,1776209415000
1776209416.965,16.965,0.51,5.0,0.11,100.0,0.89,100.0,0.92,100.0,0.11,100.0,0.08,100.0,0.49,5.0,0.89,100.0,0.38,0.38,43.431126,1776209416000
1776209418.272,18.272,0.51,5.0,0.11,100.0,0.89,100.0,0.92,100.0,0.11,100.0,0.08,100.0,0.49,5.0,0.89,100.0,0.38,0.38,43.433706,1776209417000
1776209419.48,19.48,0.51,5.0,0.11,100.0,0.89,100.0,0.92,100.0,0.11,100.0,0.08,100.0,0.49,5.0,0.89,100.0,0.38,0.38,43.441344,1776209418000
1776209420.186,20.186,0.51,5.0,0.11,100.0,0.89,100.0,0.92,100.0,0.11,100.0,0.08,100.0,0.49,5.0,0.89,100.0,0.38,0.38,43.441,1776209419000
1776209421.867,21.867,0.51,5.0,0.11,100.0,0.89,100.0,0.92,100.0,0.11,100.0,0.08,100.0,0.49,5.0,0.89,100.0,0.38,0.38,43.440917,1776209420000
1776209422.498,22.498,0.51,5.0,0.11,100.0,0.89,100.0,0.92,100.0,0.11,100.0,0.08,100.0,0.49,5.0,0.89,100.0,0.38,0.38,43.440906,1776209421000
1776209423.051,23.051,0.51,5.0,0.11,100.0,0.89,100.0,0.92,100.0,0.11,100.0,0.08,100.0,0.49,5.0,0.89,100.0,0.38,0.38,43.440421,1776209422000
1776209424.065,24.065,0.51,5.0,0.11,100.0,0.89,100.0,0.92,100.0,0.11,100.0,0.08,100.0,0.49,5.0,0.89,100.0,0.38,0.38,43.438213,1776209423000
1776209425.107,25.107,0.51,5.0,0.11,100.0,0.89,100.0,0.92,100.0,0.11,100.0,0.08,100.0,0.49,5.0,0.89,100.0,0.38,0.38,43.430697,1776209424000
1776209426.107,26.107,0.51,5.0,0.11,100.0,0.89,100.0,0.92,100.0,0.11,100.0,0.08,100.0,0.49,5.0,0.89,100.0,0.38,0.38,43.430622,1776209425000
1776209427.152,27.152,0.51,5.0,0.11,100.0,0.89,100.0,0.92,100.0,0.11,100.0,0.08,100.0,0.49,5.0,0.89,100.0,0.38,0.38,43.432341,1776209426000
1776209428.264,28.264,0.51,5.0,0.11,100.0,0.89,100.0,0.92,100.0,0.11,100.0,0.08,100.0,0.49,5.0,0.89,100.0,0.38,0.38,43.434323,1776209427000
1776209429.196,29.196,0.51,5.0,0.11,100.0,0.89,100.0,0.92,100.0,0.11,100.0,0.08,100.0,0.49,5.0,0.89,100.0,0.38,0.38,43.435708,1776209428000
1776209430.316,30.316,0.51,5.0,0.11,100.0,0.89,100.0,0.92,100.0,0.11,100.0,0.08,100.0,0.49,5.0,0.89,100.0,0.38,0.38,43.435623,1776209429000
1776209431.329,31.329,0.51,5.0,0.11,100.0,0.89,100.0,0.92,100.0,0.11,100.0,0.08,100.0,0.49,5.0,0.89,100.0,0.38,0.38,43.435935,1776209430000
1776209432.362,32.362,0.51,5.0,0.11,100.0,0.89,100.0,0.92,100.0,0.11,100.0,0.08,100.0,0.49,5.0,0.89,100.0,0.38,0.38,43.43596,1776209431000
1776209432.837,32.837,0.51,5.0,0.11,100.0,0.89,100.0,0.92,100.0,0.11,100.0,0.08,100.0,0.49,5.0,0.89,100.0,0.38,0.38,43.436132,1776209432000
1776209433.883,33.883,0.51,5.0,0.11,100.0,0.89,100.0,0.92,100.0,0.11,100.0,0.08,100.0,0.49,5.0,0.89,100.0,0.38,0.38,43.431963,1776209433000
1776209435.528,35.528,0.51,5.0,0.11,100.0,0.89,100.0,0.92,100.0,0.11,100.0,0.08,100.0,0.49,5.0,0.89,100.0,0.38,0.38,43.430033,1776209434000
1776209437.141,37.141,0.51,5.0,0.11,100.0,0.89,100.0,0.92,100.0,0.11,100.0,0.08,100.0,0.49,5.0,0.89,100.0,0.38,0.38,43.430033,1776209435000
1776209437.616,37.616,0.51,5.0,0.11,100.0,0.89,100.0,0.92,100.0,0.11,100.0,0.08,100.0,0.49,5.0,0.89,100.0,0.38,0.38,43.431179,1776209436000
1776209438.253,38.253,0.51,5.0,0.11,100.0,0.89,100.0,0.92,100.0,0.11,100.0,0.08,100.0,0.49,5.0,0.89,100.0,0.38,0.38,43.431179,1776209437000
1776209439.817,39.817,0.51,5.0,0.11,100.0,0.89,100.0,0.92,100.0,0.11,100.0,0.08,100.0,0.49,5.0,0.89,100.0,0.38,0.38,43.431162,1776209438000
1776209440.425,40.425,0.51,5.0,0.11,100.0,0.89,100.0,0.92,100.0,0.11,100.0,0.08,100.0,0.49,5.0,0.89,100.0,0.38,0.38,43.431162,1776209439000
1776209441.151,41.151,0.51,5.0,0.11,100.0,0.89,100.0,0.92,100.0,0.11,100.0,0.08,100.0,0.49,5.0,0.89,100.0,0.38,0.38,43.431162,1776209440000
1776209442.441,42.441,0.51,5.0,0.11,100.0,0.89,100.0,0.92,100.0,0.11,100.0,0.08,100.0,0.49,5.0,0.89,100.0,0.38,0.38,43.431162,1776209441000
1776209443.14,43.14,0.51,5.0,0.11,100.0,0.89,100.0,0.92,100.0,0.11,100.0,0.08,100.0,0.49,5.0,0.89,100.0,0.38,0.38,43.431162,1776209442000
1776209444.295,44.295,0.51,5.0,0.11,100.0,0.89,100.0,0.92,100.0,0.11,100.0,0.08,100.0,0.49,5.0,0.89,100.0,0.38,0.38,43.431265,1776209443000
1776209444.965,44.965,0.51,5.0,0.11,100.0,0.89,100.0,0.92,100.0,0.11,100.0,0.08,100.0,0.49,5.0,0.89,100.0,0.38,0.38,43.431265,1776209444000
1776209446.32,46.32,0.51,5.0,0.11,100.0,0.89,100.0,0.92,100.0,0.11,100.0,0.08,100.0,0.49,5.0,0.89,100.0,0.38,0.38,43.431226,1776209445000
1776209447.553,47.553,0.51,5.0,0.11,100.0,0.89,100.0,0.92,100.0,0.11,100.0,0.08,100.0,0.49,5.0,0.89,100.0,0.38,0.38,43.431239,1776209446000
1776209448.174,48.174,0.51,5.0,0.11,100.0,0.89,100.0,0.92,100.0,0.11,100.0,0.08,100.0,0.49,5.0,0.89,100.0,0.38,0.38,43.431072,1776209447000
1776209449.618,49.618,0.51,5.0,0.11,100.0,0.89,100.0,0.92,100.0,0.11,100.0,0.08,100.0,0.49,5.0,0.89,100.0,0.38,0.38,43.430282,1776209448000
1776209450.151,50.151,0.51,5.0,0.11,100.0,0.89,100.0,0.92,100.0,0.11,100.0,0.08,100.0,0.49,5.0,0.89,100.0,0.38,0.38,43.430282,1776209449000
1776209451.625,51.625,0.51,5.0,0.11,100.0,0.89,100.0,0.92,100.0,0.11,100.0,0.08,100.0,0.49,5.0,0.89,100.0,0.38,0.38,43.430229,1776209450000
1776209452.322,52.322,0.51,5.0,0.11,100.0,0.89,100.0,0.92,100.0,0.11,100.0,0.08,100.0,0.49,5.0,0.89,100.0,0.38,0.38,43.430229,1776209451000
1776209453.596,53.596,0.51,5.0,0.11,100.0,0.89,100.0,0.92,100.0,0.11,100.0,0.08,100.0,0.49,5.0,0.89,100.0,0.38,0.38,43.429103,1776209452000
1776209454.033,54.033,0.51,5.0,0.11,100.0,0.89,100.0,0.92,100.0,0.11,100.0,0.08,100.0,0.49,5.0,0.89,100.0,0.38,0.38,43.429103,1776209453000
1776209455.031,55.031,0.51,5.0,0.11,100.0,0.89,100.0,0.92,100.0,0.11,100.0,0.08,100.0,0.49,5.0,0.89,100.0,0.38,0.38,43.429103,1776209454000
1776209456.078,56.078,0.51,5.0,0.11,100.0,0.89,100.0,0.92,100.0,0.11,100.0,0.08,100.0,0.49,5.0,0.89,100.0,0.38,0.38,43.429169,1776209455000
1776209457.062,57.062,0.51,5.0,0.11,100.0,0.89,100.0,0.92,100.0,0.11,100.0,0.08,100.0,0.49,5.0,0.89,100.0,0.38,0.38,43.430122,1776209456000
1776209458.075,58.075,0.51,5.0,0.11,100.0,0.89,100.0,0.92,100.0,0.11,100.0,0.08,100.0,0.49,5.0,0.89,100.0,0.38,0.38,43.430114,1776209457000
1776209459.055,59.055,0.51,5.0,0.11,100.0,0.89,100.0,0.92,100.0,0.11,100.0,0.08,100.0,0.49,5.0,0.89,100.0,0.38,0.38,43.430035,1776209458000
1776209460.071,60.071,0.51,5.0,0.11,100.0,0.89,100.0,0.92,100.0,0.11,100.0,0.08,100.0,0.49,5.0,0.89,100.0,0.38,0.38,43.430034,1776209459000
1776209460.632,60.632,0.52,15.0,0.51,20.0,0.7,5.0,0.71,20.0,0.11,100.0,0.08,100.0,0.49,5.0,0.89,100.0,0.18,0.38,43.430034,1776209459000
1776209461.072,61.072,0.52,15.0,0.51,20.0,0.7,5.0,0.71,20.0,0.3,5.0,0.29,20.0,0.48,15.0,0.49,20.0,0.18,0.18,43.430247,1776209460000
1776209462.16,62.16,0.52,15.0,0.51,20.0,0.7,5.0,0.71,20.0,0.3,5.0,0.29,20.0,0.48,15.0,0.49,20.0,0.18,0.18,43.438199,1776209461000
1776209463.098,63.098,0.52,15.0,0.51,20.0,0.7,5.0,0.71,20.0,0.3,5.0,0.29,20.0,0.48,15.0,0.49,20.0,0.18,0.18,43.442986,1776209462000
1776209464.159,64.159,0.52,15.0,0.51,20.0,0.7,5.0,0.71,20.0,0.3,5.0,0.29,20.0,0.48,15.0,0.49,20.0,0.18,0.18,43.448844,1776209463000
1776209465.185,65.185,0.52,15.0,0.51,20.0,0.7,5.0,0.71,20.0,0.3,5.0,0.29,20.0,0.48,15.0,0.49,20.0,0.18,0.18,43.44883,1776209464000
1776209466.665,66.665,0.52,15.0,0.51,20.0,0.7,5.0,0.71,20.0,0.3,5.0,0.29,20.0,0.48,15.0,0.49,20.0,0.18,0.18,43.448938,1776209465000
1776209467.181,67.181,0.52,15.0,0.51,20.0,0.7,5.0,0.71,20.0,0.3,5.0,0.29,20.0,0.48,15.0,0.49,20.0,0.18,0.18,43.450484,1776209466000
1776209468.282,68.282,0.69,5.0,0.68,20.0,0.84,15.0,0.85,15.0,0.16,15.0,0.15,15.0,0.31,5.0,0.32,20.0,0.15,0.15,43.453393,1776209467000
1776209469.315,69.315,0.69,5.0,0.68,20.0,0.84,15.0,0.85,15.0,0.16,15.0,0.15,15.0,0.31,5.0,0.32,20.0,0.15,0.15,43.462227,1776209468000
1776209469.871,69.871,0.69,5.0,0.68,20.0,0.84,15.0,0.85,15.0,0.16,15.0,0.15,15.0,0.31,5.0,0.32,20.0,0.15,0.15,43.462269,1776209469000
1776209470.605,70.605,0.75,15.0,0.74,15.0,0.85,15.0,0.86,15.0,0.16,15.0,0.15,15.0,0.31,5.0,0.32,20.0,0.1,0.15,43.462269,1776209469000
1776209470.914,70.914,0.75,15.0,0.74,15.0,0.85,15.0,0.86,15.0,0.15,15.0,0.14,15.0,0.25,15.0,0.26,15.0,0.1,0.1,43.467168,1776209470000
1776209472.022,72.022,0.75,15.0,0.74,15.0,0.85,15.0,0.86,15.0,0.15,15.0,0.14,15.0,0.25,15.0,0.26,15.0,0.1,0.1,43.467793,1776209471000
1776209473.012,73.012,0.75,15.0,0.74,15.0,0.85,15.0,0.86,15.0,0.15,15.0,0.14,15.0,0.25,15.0,0.26,15.0,0.1,0.1,43.46818,1776209472000
1776209474.124,74.124,0.75,15.0,0.74,15.0,0.85,15.0,0.86,15.0,0.15,15.0,0.14,15.0,0.25,15.0,0.26,15.0,0.1,0.1,43.468795,1776209473000
1776209475.173,75.173,0.75,15.0,0.74,15.0,0.85,15.0,0.86,15.0,0.15,15.0,0.14,15.0,0.25,15.0,0.26,15.0,0.1,0.1,43.468759,1776209474000
1776209476.192,76.192,0.75,15.0,0.74,15.0,0.85,15.0,0.86,15.0,0.15,15.0,0.14,15.0,0.25,15.0,0.26,15.0,0.1,0.1,43.468799,1776209475000
1776209477.142,77.142,0.75,15.0,0.74,15.0,0.85,15.0,0.86,15.0,0.15,15.0,0.14,15.0,0.25,15.0,0.26,15.0,0.1,0.1,43.466833,1776209476000
1776209478.246,78.246,0.75,15.0,0.74,15.0,0.85,15.0,0.86,15.0,0.15,15.0,0.14,15.0,0.25,15.0,0.26,15.0,0.1,0.1,43.466104,1776209477000
1776209478.478,78.478,0.69,8.0,0.67,15.0,0.78,10.0,0.79,15.0,0.15,15.0,0.14,15.0,0.25,15.0,0.26,15.0,0.09,0.1,43.466104,1776209477000
1776209479.379,79.379,0.69,8.0,0.67,15.0,0.78,10.0,0.79,15.0,0.22,10.0,0.21,15.0,0.31,8.0,0.33,15.0,0.09,0.09,43.466558,1776209478000
1776209480.464,80.464,0.69,8.0,0.67,15.0,0.78,10.0,0.79,15.0,0.22,10.0,0.21,15.0,0.31,8.0,0.33,15.0,0.09,0.09,43.467054,1776209479000
1776209480.971,80.971,0.69,8.0,0.67,15.0,0.78,10.0,0.79,15.0,0.22,10.0,0.21,15.0,0.31,8.0,0.33,15.0,0.09,0.09,43.466947,1776209480000
1776209482.162,82.162,0.69,8.0,0.67,15.0,0.78,10.0,0.79,15.0,0.22,10.0,0.21,15.0,0.31,8.0,0.33,15.0,0.09,0.09,43.466947,1776209481000
1776209483.293,83.293,0.69,8.0,0.67,15.0,0.78,10.0,0.79,15.0,0.22,10.0,0.21,15.0,0.31,8.0,0.33,15.0,0.09,0.09,43.466947,1776209482000
1776209484.36,84.36,0.69,8.0,0.67,15.0,0.78,10.0,0.79,15.0,0.22,10.0,0.21,15.0,0.31,8.0,0.33,15.0,0.09,0.09,43.466695,1776209483000
1776209485.072,85.072,0.69,8.0,0.67,15.0,0.78,10.0,0.79,15.0,0.22,10.0,0.21,15.0,0.31,8.0,0.33,15.0,0.09,0.09,43.466695,1776209484000
1776209486.062,86.062,0.69,8.0,0.67,15.0,0.78,10.0,0.79,15.0,0.22,10.0,0.21,15.0,0.31,8.0,0.33,15.0,0.09,0.09,43.465728,1776209485000
1776209487.143,87.143,0.69,8.0,0.67,15.0,0.78,10.0,0.79,15.0,0.22,10.0,0.21,15.0,0.31,8.0,0.33,15.0,0.09,0.09,43.454744,1776209486000
1776209488.261,88.261,0.69,8.0,0.67,15.0,0.78,10.0,0.79,15.0,0.22,10.0,0.21,15.0,0.31,8.0,0.33,15.0,0.09,0.09,43.452248,1776209487000
1776209489.392,89.392,0.69,8.0,0.67,15.0,0.78,10.0,0.79,15.0,0.22,10.0,0.21,15.0,0.31,8.0,0.33,15.0,0.09,0.09,43.450701,1776209488000
1776209490.019,90.019,0.69,8.0,0.67,15.0,0.78,10.0,0.79,15.0,0.22,10.0,0.21,15.0,0.31,8.0,0.33,15.0,0.09,0.09,43.450701,1776209489000
1776209490.926,90.926,0.69,8.0,0.67,15.0,0.78,10.0,0.79,15.0,0.22,10.0,0.21,15.0,0.31,8.0,0.33,15.0,0.09,0.09,43.451376,1776209490000
1776209492.071,92.071,0.69,8.0,0.67,15.0,0.78,10.0,0.79,15.0,0.22,10.0,0.21,15.0,0.31,8.0,0.33,15.0,0.09,0.09,43.451988,1776209491000
1776209493.214,93.214,0.69,8.0,0.67,15.0,0.78,10.0,0.79,15.0,0.22,10.0,0.21,15.0,0.31,8.0,0.33,15.0,0.09,0.09,43.45242,1776209492000
1776209494.893,94.893,0.69,8.0,0.67,15.0,0.78,10.0,0.79,15.0,0.22,10.0,0.21,15.0,0.31,8.0,0.33,15.0,0.09,0.09,43.452487,1776209493000
1776209495.405,95.405,0.69,8.0,0.67,15.0,0.78,10.0,0.79,15.0,0.22,10.0,0.21,15.0,0.31,8.0,0.33,15.0,0.09,0.09,43.452434,1776209494000
1776209496.02,96.02,0.69,8.0,0.67,15.0,0.78,10.0,0.79,15.0,0.22,10.0,0.21,15.0,0.31,8.0,0.33,15.0,0.09,0.09,43.45226,1776209495000
1776209497.29,97.29,0.69,8.0,0.67,15.0,0.78,10.0,0.79,15.0,0.22,10.0,0.21,15.0,0.31,8.0,0.33,15.0,0.09,0.09,43.452428,1776209496000
1776209498.459,98.459,0.69,8.0,0.67,15.0,0.78,10.0,0.79,15.0,0.22,10.0,0.21,15.0,0.31,8.0,0.33,15.0,0.09,0.09,43.453075,1776209497000
1776209499.028,99.028,0.69,8.0,0.67,15.0,0.78,10.0,0.79,15.0,0.22,10.0,0.21,15.0,0.31,8.0,0.33,15.0,0.09,0.09,43.453102,1776209498000
1776209500.227,100.227,0.69,8.0,0.67,15.0,0.78,10.0,0.79,15.0,0.22,10.0,0.21,15.0,0.31,8.0,0.33,15.0,0.09,0.09,43.453461,1776209499000
1776209501.304,101.304,0.69,8.0,0.67,15.0,0.78,10.0,0.79,15.0,0.22,10.0,0.21,15.0,0.31,8.0,0.33,15.0,0.09,0.09,43.459698,1776209500000
1776209509.914,109.914,0.69,8.0,0.67,15.0,0.78,10.0,0.79,15.0,0.22,10.0,0.21,15.0,0.31,8.0,0.33,15.0,0.09,0.09,43.458967,1776209508000
1776209510.547,110.547,0.69,8.0,0.67,15.0,0.78,10.0,0.79,15.0,0.22,10.0,0.21,15.0,0.31,8.0,0.33,15.0,0.09,0.09,43.456633,1776209509000
1776209511.079,111.079,0.69,8.0,0.67,15.0,0.78,10.0,0.79,15.0,0.22,10.0,0.21,15.0,0.31,8.0,0.33,15.0,0.09,0.09,43.456633,1776209510000
1776209512.125,112.125,0.69,8.0,0.67,15.0,0.78,10.0,0.79,15.0,0.22,10.0,0.21,15.0,0.31,8.0,0.33,15.0,0.09,0.09,43.456633,1776209511000
1776209513.2,113.2,0.69,8.0,0.67,15.0,0.78,10.0,0.79,15.0,0.22,10.0,0.21,15.0,0.31,8.0,0.33,15.0,0.09,0.09,43.456376,1776209512000
1776209514.196,114.196,0.69,8.0,0.67,15.0,0.78,10.0,0.79,15.0,0.22,10.0,0.21,15.0,0.31,8.0,0.33,15.0,0.09,0.09,43.456374,1776209513000
1776209515.253,115.253,0.69,8.0,0.67,15.0,0.78,10.0,0.79,15.0,0.22,10.0,0.21,15.0,0.31,8.0,0.33,15.0,0.09,0.09,43.463111,1776209514000
1776209516.412,116.412,0.69,8.0,0.67,15.0,0.78,10.0,0.79,15.0,0.22,10.0,0.21,15.0,0.31,8.0,0.33,15.0,0.09,0.09,43.470647,1776209515000
1776209516.887,116.887,0.69,8.0,0.67,15.0,0.78,10.0,0.79,15.0,0.22,10.0,0.21,15.0,0.31,8.0,0.33,15.0,0.09,0.09,43.471829,1776209516000
1776209517.893,117.893,0.69,8.0,0.67,15.0,0.78,10.0,0.79,15.0,0.22,10.0,0.21,15.0,0.31,8.0,0.33,15.0,0.09,0.09,43.471403,1776209517000
1776209518.903,118.903,0.69,8.0,0.67,15.0,0.78,10.0,0.79,15.0,0.22,10.0,0.21,15.0,0.31,8.0,0.33,15.0,0.09,0.09,43.472174,1776209518000
1776209519.932,119.932,0.69,8.0,0.67,15.0,0.78,10.0,0.79,15.0,0.22,10.0,0.21,15.0,0.31,8.0,0.33,15.0,0.09,0.09,43.472843,1776209519000
1776209520.993,120.993,0.69,8.0,0.67,15.0,0.78,10.0,0.79,15.0,0.22,10.0,0.21,15.0,0.31,8.0,0.33,15.0,0.09,0.09,43.472924,1776209520000
1776209522.207,122.207,0.69,8.0,0.67,15.0,0.78,10.0,0.79,15.0,0.22,10.0,0.21,15.0,0.31,8.0,0.33,15.0,0.09,0.09,43.472843,1776209521000
1776209523.723,123.723,0.69,8.0,0.67,15.0,0.78,10.0,0.79,15.0,0.22,10.0,0.21,15.0,0.31,8.0,0.33,15.0,0.09,0.09,43.472113,1776209522000
1776209524.363,124.363,0.69,8.0,0.67,15.0,0.78,10.0,0.79,15.0,0.22,10.0,0.21,15.0,0.31,8.0,0.33,15.0,0.09,0.09,43.472113,1776209523000
1776209524.922,124.922,0.69,8.0,0.67,15.0,0.78,10.0,0.79,15.0,0.22,10.0,0.21,15.0,0.31,8.0,0.33,15.0,0.09,0.09,43.472032,1776209524000
1776209526.167,126.167,0.69,8.0,0.67,15.0,0.78,10.0,0.79,15.0,0.22,10.0,0.21,15.0,0.31,8.0,0.33,15.0,0.09,0.09,43.472032,1776209525000
1776209527.214,127.214,0.69,8.0,0.67,15.0,0.78,10.0,0.79,15.0,0.22,10.0,0.21,15.0,0.31,8.0,0.33,15.0,0.09,0.09,43.472145,1776209526000
1776209528.506,128.506,0.69,8.0,0.67,15.0,0.78,10.0,0.79,15.0,0.22,10.0,0.21,15.0,0.31,8.0,0.33,15.0,0.09,0.09,43.471283,1776209527000
1776209528.925,128.925,0.69,8.0,0.67,15.0,0.78,10.0,0.79,15.0,0.22,10.0,0.21,15.0,0.31,8.0,0.33,15.0,0.09,0.09,43.471283,1776209528000
1776209530.101,130.101,0.69,8.0,0.67,15.0,0.78,10.0,0.79,15.0,0.22,10.0,0.21,15.0,0.31,8.0,0.33,15.0,0.09,0.09,43.472054,1776209529000
1776209531.214,131.214,0.69,8.0,0.67,15.0,0.78,10.0,0.79,15.0,0.22,10.0,0.21,15.0,0.31,8.0,0.33,15.0,0.09,0.09,43.471517,1776209530000
1776209532.306,132.306,0.69,8.0,0.67,15.0,0.78,10.0,0.79,15.0,0.22,10.0,0.21,15.0,0.31,8.0,0.33,15.0,0.09,0.09,43.471439,1776209531000
1776209533.414,133.414,0.69,8.0,0.67,15.0,0.78,10.0,0.79,15.0,0.22,10.0,0.21,15.0,0.31,8.0,0.33,15.0,0.09,0.09,43.471417,1776209532000
1776209533.971,133.971,0.69,8.0,0.67,15.0,0.78,10.0,0.79,15.0,0.22,10.0,0.21,15.0,0.31,8.0,0.33,15.0,0.09,0.09,43.470334,1776209533000
1776209535.067,135.067,0.69,8.0,0.67,15.0,0.78,10.0,0.79,15.0,0.22,10.0,0.21,15.0,0.31,8.0,0.33,15.0,0.09,0.09,43.470334,1776209534000
1776209536.082,136.082,0.69,8.0,0.67,15.0,0.78,10.0,0.79,15.0,0.22,10.0,0.21,15.0,0.31,8.0,0.33,15.0,0.09,0.09,43.470464,1776209535000
1776209537.333,137.333,0.69,8.0,0.67,15.0,0.78,10.0,0.79,15.0,0.22,10.0,0.21,15.0,0.31,8.0,0.33,15.0,0.09,0.09,43.470446,1776209536000
1776209538.308,138.308,0.69,8.0,0.67,15.0,0.78,10.0,0.79,15.0,0.22,10.0,0.21,15.0,0.31,8.0,0.33,15.0,0.09,0.09,43.471199,1776209537000
1776209538.551,138.551,0.72,15.0,0.71,15.0,0.83,2.28,0.84,15.0,0.22,10.0,0.21,15.0,0.31,8.0,0.33,15.0,0.11,0.09,43.471199,1776209537000
1776209538.939,138.939,0.72,15.0,0.71,15.0,0.83,2.28,0.84,15.0,0.17,2.28,0.16,15.0,0.28,15.0,0.29,15.0,0.11,0.11,43.470692,1776209538000
1776209539.905,139.905,0.72,15.0,0.71,15.0,0.83,2.28,0.84,15.0,0.17,2.28,0.16,15.0,0.28,15.0,0.29,15.0,0.11,0.11,43.466596,1776209539000
1776209540.965,140.965,0.72,15.0,0.71,15.0,0.83,2.28,0.84,15.0,0.17,2.28,0.16,15.0,0.28,15.0,0.29,15.0,0.11,0.11,43.460876,1776209540000
1776209541.94,141.94,0.72,15.0,0.71,15.0,0.83,2.28,0.84,15.0,0.17,2.28,0.16,15.0,0.28,15.0,0.29,15.0,0.11,0.11,43.458559,1776209541000
1776209542.928,142.928,0.72,15.0,0.71,15.0,0.83,2.28,0.84,15.0,0.17,2.28,0.16,15.0,0.28,15.0,0.29,15.0,0.11,0.11,43.454665,1776209542000
1776209543.905,143.905,0.72,15.0,0.71,15.0,0.83,2.28,0.84,15.0,0.17,2.28,0.16,15.0,0.28,15.0,0.29,15.0,0.11,0.11,43.454664,1776209543000
1776209544.806,144.806,0.72,15.0,0.71,15.0,0.83,2.28,0.84,15.0,0.17,2.28,0.16,15.0,0.28,15.0,0.29,15.0,0.11,0.11,43.454665,1776209544000
1776209545.823,145.823,0.72,15.0,0.71,15.0,0.83,2.28,0.84,15.0,0.17,2.28,0.16,15.0,0.28,15.0,0.29,15.0,0.11,0.11,43.455682,1776209545000
1776209546.787,146.787,0.72,15.0,0.71,15.0,0.83,2.28,0.84,15.0,0.17,2.28,0.16,15.0,0.28,15.0,0.29,15.0,0.11,0.11,43.456562,1776209546000
1776209548.308,148.308,0.72,15.0,0.71,15.0,0.83,2.28,0.84,15.0,0.17,2.28,0.16,15.0,0.28,15.0,0.29,15.0,0.11,0.11,43.456203,1776209547000
1776209549.193,149.193,0.72,15.0,0.71,15.0,0.83,2.28,0.84,15.0,0.17,2.28,0.16,15.0,0.28,15.0,0.29,15.0,0.11,0.11,43.456203,1776209548000
1776209550.234,150.234,0.72,15.0,0.71,15.0,0.83,2.28,0.84,15.0,0.17,2.28,0.16,15.0,0.28,15.0,0.29,15.0,0.11,0.11,43.455347,1776209549000
1776209551.163,151.163,0.72,15.0,0.71,15.0,0.83,2.28,0.84,15.0,0.17,2.28,0.16,15.0,0.28,15.0,0.29,15.0,0.11,0.11,43.457108,1776209550000
1776209552.057,152.057,0.72,15.0,0.71,15.0,0.83,2.28,0.84,15.0,0.17,2.28,0.16,15.0,0.28,15.0,0.29,15.0,0.11,0.11,43.457108,1776209551000
1776209553.05,153.05,0.72,15.0,0.71,15.0,0.83,2.28,0.84,15.0,0.17,2.28,0.16,15.0,0.28,15.0,0.29,15.0,0.11,0.11,43.456724,1776209552000
1776209554.034,154.034,0.72,15.0,0.71,15.0,0.83,2.28,0.84,15.0,0.17,2.28,0.16,15.0,0.28,15.0,0.29,15.0,0.11,0.11,43.456778,1776209553000
1776209555.003,155.003,0.72,15.0,0.71,15.0,0.83,2.28,0.84,15.0,0.17,2.28,0.16,15.0,0.28,15.0,0.29,15.0,0.11,0.11,43.457141,1776209554000
1776209556.005,156.005,0.72,15.0,0.71,15.0,0.83,2.28,0.84,15.0,0.17,2.28,0.16,15.0,0.28,15.0,0.29,15.0,0.11,0.11,43.457035,1776209555000
1776209556.907,156.907,0.72,15.0,0.71,15.0,0.83,2.28,0.84,15.0,0.17,2.28,0.16,15.0,0.28,15.0,0.29,15.0,0.11,0.11,43.456651,1776209556000
1776209557.819,157.819,0.72,15.0,0.71,15.0,0.83,2.28,0.84,15.0,0.17,2.28,0.16,15.0,0.28,15.0,0.29,15.0,0.11,0.11,43.456651,1776209557000
1776209558.825,158.825,0.72,15.0,0.71,15.0,0.83,2.28,0.84,15.0,0.17,2.28,0.16,15.0,0.28,15.0,0.29,15.0,0.11,0.11,43.457305,1776209558000
1776209560.29,160.29,0.72,15.0,0.71,15.0,0.83,2.28,0.84,15.0,0.17,2.28,0.16,15.0,0.28,15.0,0.29,15.0,0.11,0.11,43.456921,1776209559000
1776209561.183,161.183,0.72,15.0,0.71,15.0,0.83,2.28,0.84,15.0,0.17,2.28,0.16,15.0,0.28,15.0,0.29,15.0,0.11,0.11,43.457004,1776209560000
1776209562.156,162.156,0.72,15.0,0.71,15.0,0.83,2.28,0.84,15.0,0.17,2.28,0.16,15.0,0.28,15.0,0.29,15.0,0.11,0.11,43.452743,1776209561000
1776209562.608,162.608,0.6,15.0,0.59,15.0,0.78,15.0,0.79,15.0,0.17,2.28,0.16,15.0,0.28,15.0,0.29,15.0,0.18,0.11,43.452743,1776209561000
1776209563.995,163.995,0.6,15.0,0.59,15.0,0.78,15.0,0.79,15.0,0.22,15.0,0.21,15.0,0.4,15.0,0.41,15.0,0.18,0.18,43.445511,1776209562000
1776209565.081,165.081,0.6,15.0,0.59,15.0,0.78,15.0,0.79,15.0,0.22,15.0,0.21,15.0,0.4,15.0,0.41,15.0,0.18,0.18,43.445983,1776209564000
1776209566.104,166.104,0.6,15.0,0.59,15.0,0.78,15.0,0.79,15.0,0.22,15.0,0.21,15.0,0.4,15.0,0.41,15.0,0.18,0.18,43.445969,1776209565000
1776209567.143,167.143,0.6,15.0,0.59,15.0,0.78,15.0,0.79,15.0,0.22,15.0,0.21,15.0,0.4,15.0,0.41,15.0,0.18,0.18,43.445585,1776209566000
1776209568.27,168.27,0.6,15.0,0.59,15.0,0.78,15.0,0.79,15.0,0.22,15.0,0.21,15.0,0.4,15.0,0.41,15.0,0.18,0.18,43.445348,1776209567000
1776209570.136,170.136,0.6,15.0,0.59,15.0,0.78,15.0,0.79,15.0,0.22,15.0,0.21,15.0,0.4,15.0,0.41,15.0,0.18,0.18,43.444041,1776209569000
1776209571.402,171.402,0.6,15.0,0.59,15.0,0.78,15.0,0.79,15.0,0.22,15.0,0.21,15.0,0.4,15.0,0.41,15.0,0.18,0.18,43.445959,1776209570000
1776209572.003,172.003,0.6,15.0,0.59,15.0,0.78,15.0,0.79,15.0,0.22,15.0,0.21,15.0,0.4,15.0,0.41,15.0,0.18,0.18,43.445959,1776209571000
1776209573.222,173.222,0.6,15.0,0.59,15.0,0.78,15.0,0.79,15.0,0.22,15.0,0.21,15.0,0.4,15.0,0.41,15.0,0.18,0.18,43.446008,1776209572000
1776209574.391,174.391,0.6,15.0,0.59,15.0,0.78,15.0,0.79,15.0,0.22,15.0,0.21,15.0,0.4,15.0,0.41,15.0,0.18,0.18,43.445679,1776209573000
1776209574.97,174.97,0.6,15.0,0.59,15.0,0.78,15.0,0.79,15.0,0.22,15.0,0.21,15.0,0.4,15.0,0.41,15.0,0.18,0.18,43.445679,1776209574000
1776209576.118,176.118,0.6,15.0,0.59,15.0,0.78,15.0,0.79,15.0,0.22,15.0,0.21,15.0,0.4,15.0,0.41,15.0,0.18,0.18,43.443645,1776209575000
1776209577.318,177.318,0.6,15.0,0.59,15.0,0.78,15.0,0.79,15.0,0.22,15.0,0.21,15.0,0.4,15.0,0.41,15.0,0.18,0.18,43.443018,1776209576000
1776209578.332,178.332,0.6,15.0,0.59,15.0,0.78,15.0,0.79,15.0,0.22,15.0,0.21,15.0,0.4,15.0,0.41,15.0,0.18,0.18,43.441833,1776209577000
1776209579.529,179.529,0.6,15.0,0.59,15.0,0.78,15.0,0.79,15.0,0.22,15.0,0.21,15.0,0.4,15.0,0.41,15.0,0.18,0.18,43.441892,1776209578000
1776209580.505,180.505,0.6,15.0,0.59,15.0,0.78,15.0,0.79,15.0,0.22,15.0,0.21,15.0,0.4,15.0,0.41,15.0,0.18,0.18,43.44138,1776209579000
1776209581.252,181.252,0.6,15.0,0.59,15.0,0.78,15.0,0.79,15.0,0.22,15.0,0.21,15.0,0.4,15.0,0.41,15.0,0.18,0.18,43.440538,1776209580000
1776209581.471,181.471,0.51,5.0,0.47,15.0,0.7,15.0,0.71,15.0,0.22,15.0,0.21,15.0,0.4,15.0,0.41,15.0,0.19,0.18,43.440538,1776209580000
1776209582.294,182.294,0.51,5.0,0.47,15.0,0.7,15.0,0.71,15.0,0.3,15.0,0.29,15.0,0.49,5.0,0.53,15.0,0.19,0.19,43.431088,1776209581000
1776209583.327,183.327,0.51,5.0,0.47,15.0,0.7,15.0,0.71,15.0,0.3,15.0,0.29,15.0,0.49,5.0,0.53,15.0,0.19,0.19,43.428102,1776209582000
1776209584.338,184.338,0.51,5.0,0.47,15.0,0.7,15.0,0.71,15.0,0.3,15.0,0.29,15.0,0.49,5.0,0.53,15.0,0.19,0.19,43.424918,1776209583000
1776209585.016,185.016,0.34,15.0,0.33,15.0,0.46,5.0,0.6,41.0,0.3,15.0,0.29,15.0,0.49,5.0,0.53,15.0,0.12,0.19,43.424918,1776209583000
1776209585.653,185.653,0.34,15.0,0.33,15.0,0.46,5.0,0.6,41.0,0.54,5.0,0.4,41.0,0.66,15.0,0.67,15.0,0.12,0.12,43.420404,1776209584000
1776209586.201,186.201,0.34,15.0,0.33,15.0,0.46,5.0,0.6,41.0,0.54,5.0,0.4,41.0,0.66,15.0,0.67,15.0,0.12,0.12,43.413326,1776209585000
1776209587.481,187.481,0.34,15.0,0.33,15.0,0.46,5.0,0.6,41.0,0.54,5.0,0.4,41.0,0.66,15.0,0.67,15.0,0.12,0.12,43.411882,1776209586000
1776209587.969,187.969,0.34,15.0,0.33,15.0,0.46,5.0,0.6,41.0,0.54,5.0,0.4,41.0,0.66,15.0,0.67,15.0,0.12,0.12,43.409181,1776209587000
1776209589.063,189.063,0.34,15.0,0.33,15.0,0.46,5.0,0.6,41.0,0.54,5.0,0.4,41.0,0.66,15.0,0.67,15.0,0.12,0.12,43.409132,1776209588000
1776209590.249,190.249,0.34,15.0,0.33,15.0,0.46,5.0,0.6,41.0,0.54,5.0,0.4,41.0,0.66,15.0,0.67,15.0,0.12,0.12,43.40955,1776209589000
1776209591.402,191.402,0.34,15.0,0.33,15.0,0.46,5.0,0.6,41.0,0.54,5.0,0.4,41.0,0.66,15.0,0.67,15.0,0.12,0.12,43.409135,1776209590000
1776209592.047,192.047,0.34,15.0,0.33,15.0,0.46,5.0,0.6,41.0,0.54,5.0,0.4,41.0,0.66,15.0,0.67,15.0,0.12,0.12,43.409017,1776209591000
1776209593.101,193.101,0.34,15.0,0.33,15.0,0.46,5.0,0.6,41.0,0.54,5.0,0.4,41.0,0.66,15.0,0.67,15.0,0.12,0.12,43.408246,1776209592000
1776209594.324,194.324,0.34,15.0,0.33,15.0,0.46,5.0,0.6,41.0,0.54,5.0,0.4,41.0,0.66,15.0,0.67,15.0,0.12,0.12,43.406607,1776209593000
1776209594.591,194.591,0.22,15.0,0.21,15.0,0.4,15.0,0.41,52.0,0.54,5.0,0.4,41.0,0.66,15.0,0.67,15.0,0.18,0.12,43.406607,1776209593000
1776209595.495,195.495,0.22,15.0,0.21,15.0,0.4,15.0,0.41,52.0,0.6,15.0,0.59,52.0,0.78,15.0,0.79,15.0,0.18,0.18,43.404704,1776209594000
1776209596.603,196.603,0.22,15.0,0.21,15.0,0.4,15.0,0.41,52.0,0.6,15.0,0.59,52.0,0.78,15.0,0.79,15.0,0.18,0.18,43.404704,1776209595000
1776209597.2,197.2,0.22,15.0,0.21,15.0,0.4,15.0,0.41,52.0,0.6,15.0,0.59,52.0,0.78,15.0,0.79,15.0,0.18,0.18,43.403198,1776209596000
1776209597.546,197.546,0.19,15.0,0.18,15.0,0.33,15.0,0.34,48.0,0.6,15.0,0.59,52.0,0.78,15.0,0.79,15.0,0.14,0.18,43.403198,1776209596000
1776209598.746,198.746,0.19,15.0,0.18,15.0,0.33,15.0,0.34,48.0,0.67,15.0,0.66,48.0,0.81,15.0,0.82,15.0,0.14,0.14,43.397355,1776209597000
1776209599.432,199.432,0.19,15.0,0.18,15.0,0.33,15.0,0.34,48.0,0.67,15.0,0.66,48.0,0.81,15.0,0.82,15.0,0.14,0.14,43.38987,1776209598000
1776209600.101,200.101,0.19,15.0,0.18,15.0,0.33,15.0,0.34,48.0,0.67,15.0,0.66,48.0,0.81,15.0,0.82,15.0,0.14,0.14,43.389834,1776209599000
1776209601.617,201.617,0.19,15.0,0.18,15.0,0.33,15.0,0.34,48.0,0.67,15.0,0.66,48.0,0.81,15.0,0.82,15.0,0.14,0.14,43.389492,1776209600000
1776209602.365,202.365,0.19,15.0,0.18,15.0,0.33,15.0,0.34,48.0,0.67,15.0,0.66,48.0,0.81,15.0,0.82,15.0,0.14,0.14,43.389808,1776209601000
1776209603.213,203.213,0.19,15.0,0.18,15.0,0.33,15.0,0.34,48.0,0.67,15.0,0.66,48.0,0.81,15.0,0.82,15.0,0.14,0.14,43.39097,1776209602000
1776209604.799,204.799,0.19,15.0,0.18,15.0,0.33,15.0,0.34,48.0,0.67,15.0,0.66,48.0,0.81,15.0,0.82,15.0,0.14,0.14,43.399918,1776209603000
1776209605.603,205.603,0.19,15.0,0.18,15.0,0.33,15.0,0.34,48.0,0.67,15.0,0.66,48.0,0.81,15.0,0.82,15.0,0.14,0.14,43.399918,1776209604000
1776209606.389,206.389,0.19,15.0,0.18,15.0,0.33,15.0,0.34,48.0,0.67,15.0,0.66,48.0,0.81,15.0,0.82,15.0,0.14,0.14,43.400436,1776209605000
1776209607.245,207.245,0.19,15.0,0.18,15.0,0.33,15.0,0.34,48.0,0.67,15.0,0.66,48.0,0.81,15.0,0.82,15.0,0.14,0.14,43.402322,1776209606000
1776209608.803,208.803,0.19,15.0,0.18,15.0,0.33,15.0,0.34,48.0,0.67,15.0,0.66,48.0,0.81,15.0,0.82,15.0,0.14,0.14,43.403497,1776209607000
1776209609.586,209.586,0.19,15.0,0.18,15.0,0.33,15.0,0.34,48.0,0.67,15.0,0.66,48.0,0.81,15.0,0.82,15.0,0.14,0.14,43.403691,1776209608000
1776209610.437,210.437,0.19,15.0,0.18,15.0,0.33,15.0,0.34,48.0,0.67,15.0,0.66,48.0,0.81,15.0,0.82,15.0,0.14,0.14,43.40373,1776209609000
1776209611.23,211.23,0.19,15.0,0.18,15.0,0.33,15.0,0.34,48.0,0.67,15.0,0.66,48.0,0.81,15.0,0.82,15.0,0.14,0.14,43.403172,1776209610000
1776209612.805,212.805,0.19,15.0,0.18,15.0,0.33,15.0,0.34,48.0,0.67,15.0,0.66,48.0,0.81,15.0,0.82,15.0,0.14,0.14,43.404064,1776209611000
1776209613.565,213.565,0.19,15.0,0.18,15.0,0.33,15.0,0.34,48.0,0.67,15.0,0.66,48.0,0.81,15.0,0.82,15.0,0.14,0.14,43.402908,1776209612000
1776209614.495,214.495,0.19,15.0,0.18,15.0,0.33,15.0,0.34,48.0,0.67,15.0,0.66,48.0,0.81,15.0,0.82,15.0,0.14,0.14,43.402237,1776209613000
1776209615.461,215.461,0.19,15.0,0.18,15.0,0.33,15.0,0.34,48.0,0.67,15.0,0.66,48.0,0.81,15.0,0.82,15.0,0.14,0.14,43.400047,1776209614000
1776209615.986,215.986,0.19,15.0,0.18,15.0,0.33,15.0,0.34,48.0,0.67,15.0,0.66,48.0,0.81,15.0,0.82,15.0,0.14,0.14,43.399997,1776209615000
1776209617.112,217.112,0.19,15.0,0.18,15.0,0.33,15.0,0.34,48.0,0.67,15.0,0.66,48.0,0.81,15.0,0.82,15.0,0.14,0.14,43.393885,1776209616000
1776209618.149,218.149,0.19,15.0,0.18,15.0,0.33,15.0,0.34,48.0,0.67,15.0,0.66,48.0,0.81,15.0,0.82,15.0,0.14,0.14,43.392755,1776209617000
1776209619.313,219.313,0.19,15.0,0.18,15.0,0.33,15.0,0.34,48.0,0.67,15.0,0.66,48.0,0.81,15.0,0.82,15.0,0.14,0.14,43.391876,1776209618000
1776209620.409,220.409,0.19,15.0,0.18,15.0,0.33,15.0,0.34,48.0,0.67,15.0,0.66,48.0,0.81,15.0,0.82,15.0,0.14,0.14,43.387154,1776209619000
1776209621.257,221.257,0.19,15.0,0.18,15.0,0.33,15.0,0.34,48.0,0.67,15.0,0.66,48.0,0.81,15.0,0.82,15.0,0.14,0.14,43.383839,1776209620000
1776209622.11,222.11,0.1,10.0,0.09,15.0,0.14,10.0,0.18,24.0,0.67,15.0,0.66,48.0,0.81,15.0,0.82,15.0,0.04,0.14,43.383839,1776209620000
1776209622.324,222.324,0.1,10.0,0.09,15.0,0.14,10.0,0.18,24.0,0.86,10.0,0.82,24.0,0.9,10.0,0.91,15.0,0.04,0.04,43.384217,1776209621000
1776209623.252,223.252,0.1,10.0,0.09,15.0,0.14,10.0,0.18,24.0,0.86,10.0,0.82,24.0,0.9,10.0,0.91,15.0,0.04,0.04,43.384768,1776209622000
1776209624.226,224.226,0.1,10.0,0.09,15.0,0.14,10.0,0.18,24.0,0.86,10.0,0.82,24.0,0.9,10.0,0.91,15.0,0.04,0.04,43.381808,1776209623000
1776209624.426,224.426,0.1,10.0,0.09,15.0,0.14,10.0,0.18,24.0,0.86,10.0,0.82,24.0,0.9,10.0,0.91,15.0,0.04,0.04,43.381808,1776209623000
1776209625.172,225.172,0.1,10.0,0.09,15.0,0.14,10.0,0.18,24.0,0.86,10.0,0.82,24.0,0.9,10.0,0.91,15.0,0.04,0.04,43.382382,1776209624000
1776209626.151,226.151,0.1,10.0,0.09,15.0,0.14,10.0,0.18,24.0,0.86,10.0,0.82,24.0,0.9,10.0,0.91,15.0,0.04,0.04,43.382017,1776209625000
1776209627.105,227.105,0.1,10.0,0.09,15.0,0.14,10.0,0.18,24.0,0.86,10.0,0.82,24.0,0.9,10.0,0.91,15.0,0.04,0.04,43.382464,1776209626000
1776209627.466,227.466,0.15,15.0,0.14,15.0,0.19,10.0,0.28,15.0,0.86,10.0,0.82,24.0,0.9,10.0,0.91,15.0,0.04,0.04,43.382464,1776209626000
1776209628.75,228.75,0.15,15.0,0.14,15.0,0.19,10.0,0.28,15.0,0.81,10.0,0.72,15.0,0.85,15.0,0.86,15.0,0.04,0.04,43.383367,1776209627000
1776209629.377,229.377,0.15,15.0,0.14,15.0,0.19,10.0,0.28,15.0,0.81,10.0,0.72,15.0,0.85,15.0,0.86,15.0,0.04,0.04,43.384987,1776209628000
1776209630.581,230.581,0.15,15.0,0.14,15.0,0.19,10.0,0.28,15.0,0.81,10.0,0.72,15.0,0.85,15.0,0.86,15.0,0.04,0.04,43.385083,1776209629000
1776209631.245,231.245,0.15,15.0,0.14,15.0,0.19,10.0,0.28,15.0,0.81,10.0,0.72,15.0,0.85,15.0,0.86,15.0,0.04,0.04,43.384262,1776209630000
1776209632.433,232.433,0.15,15.0,0.14,15.0,0.19,10.0,0.28,15.0,0.81,10.0,0.72,15.0,0.85,15.0,0.86,15.0,0.04,0.04,43.393169,1776209631000
1776209633.078,233.078,0.15,15.0,0.14,15.0,0.19,10.0,0.28,15.0,0.81,10.0,0.72,15.0,0.85,15.0,0.86,15.0,0.04,0.04,43.398167,1776209632000
1776209634.352,234.352,0.15,15.0,0.14,15.0,0.19,10.0,0.28,15.0,0.81,10.0,0.72,15.0,0.85,15.0,0.86,15.0,0.04,0.04,43.398409,1776209633000
1776209635.457,235.457,0.15,15.0,0.14,15.0,0.19,10.0,0.28,15.0,0.81,10.0,0.72,15.0,0.85,15.0,0.86,15.0,0.04,0.04,43.400312,1776209634000
1776209636.024,236.024,0.15,15.0,0.14,15.0,0.19,10.0,0.28,15.0,0.81,10.0,0.72,15.0,0.85,15.0,0.86,15.0,0.04,0.04,43.401071,1776209635000
1776209637.201,237.201,0.15,15.0,0.14,15.0,0.19,10.0,0.28,15.0,0.81,10.0,0.72,15.0,0.85,15.0,0.86,15.0,0.04,0.04,43.402432,1776209636000
1776209638.256,238.256,0.15,15.0,0.14,15.0,0.19,10.0,0.28,15.0,0.81,10.0,0.72,15.0,0.85,15.0,0.86,15.0,0.04,0.04,43.402648,1776209637000
1776209639.398,239.398,0.15,15.0,0.14,15.0,0.19,10.0,0.28,15.0,0.81,10.0,0.72,15.0,0.85,15.0,0.86,15.0,0.04,0.04,43.402618,1776209638000
1776209639.999,239.999,0.15,15.0,0.14,15.0,0.19,10.0,0.28,15.0,0.81,10.0,0.72,15.0,0.85,15.0,0.86,15.0,0.04,0.04,43.402647,1776209639000
1776209641.034,241.034,0.15,15.0,0.14,15.0,0.19,10.0,0.28,15.0,0.81,10.0,0.72,15.0,0.85,15.0,0.86,15.0,0.04,0.04,43.402881,1776209640000
1776209641.423,241.423,0.31,15.0,0.3,15.0,0.45,3.4,0.62,15.0,0.81,10.0,0.72,15.0,0.85,15.0,0.86,15.0,0.14,0.04,43.402881,1776209640000
1776209642.142,242.142,0.31,15.0,0.3,15.0,0.45,3.4,0.62,15.0,0.55,3.4,0.38,15.0,0.69,15.0,0.7,15.0,0.14,0.14,43.413106,1776209641000
1776209642.507,242.507,0.47,5.0,0.33,15.0,0.64,10.0,0.65,15.0,0.55,3.4,0.38,15.0,0.69,15.0,0.7,15.0,0.17,0.14,43.413106,1776209641000
1776209643.6,243.6,0.47,5.0,0.33,15.0,0.64,10.0,0.65,15.0,0.36,10.0,0.35,15.0,0.53,5.0,0.67,15.0,0.17,0.17,43.419957,1776209642000
1776209644.198,244.198,0.47,5.0,0.33,15.0,0.64,10.0,0.65,15.0,0.36,10.0,0.35,15.0,0.53,5.0,0.67,15.0,0.17,0.17,43.419957,1776209643000
1776209645.319,245.319,0.47,5.0,0.33,15.0,0.64,10.0,0.65,15.0,0.36,10.0,0.35,15.0,0.53,5.0,0.67,15.0,0.17,0.17,43.419287,1776209644000
1776209646.207,246.207,0.47,5.0,0.33,15.0,0.64,10.0,0.65,15.0,0.36,10.0,0.35,15.0,0.53,5.0,0.67,15.0,0.17,0.17,43.419022,1776209645000
1776209647.243,247.243,0.47,5.0,0.33,15.0,0.64,10.0,0.65,15.0,0.36,10.0,0.35,15.0,0.53,5.0,0.67,15.0,0.17,0.17,43.419022,1776209646000
1776209648.335,248.335,0.47,5.0,0.33,15.0,0.64,10.0,0.65,15.0,0.36,10.0,0.35,15.0,0.53,5.0,0.67,15.0,0.17,0.17,43.416112,1776209647000
1776209649.29,249.29,0.47,5.0,0.33,15.0,0.64,10.0,0.65,15.0,0.36,10.0,0.35,15.0,0.53,5.0,0.67,15.0,0.17,0.17,43.416515,1776209648000
1776209649.946,249.946,0.47,5.0,0.33,15.0,0.64,10.0,0.65,15.0,0.36,10.0,0.35,15.0,0.53,5.0,0.67,15.0,0.17,0.17,43.416515,1776209649000
1776209650.991,250.991,0.47,5.0,0.33,15.0,0.64,10.0,0.65,15.0,0.36,10.0,0.35,15.0,0.53,5.0,0.67,15.0,0.17,0.17,43.415768,1776209650000
1776209651.99,251.99,0.47,5.0,0.33,15.0,0.64,10.0,0.65,15.0,0.36,10.0,0.35,15.0,0.53,5.0,0.67,15.0,0.17,0.17,43.415157,1776209651000
1776209653.187,253.187,0.47,5.0,0.33,15.0,0.64,10.0,0.65,15.0,0.36,10.0,0.35,15.0,0.53,5.0,0.67,15.0,0.17,0.17,43.417313,1776209652000
1776209654.257,254.257,0.47,5.0,0.33,15.0,0.64,10.0,0.65,15.0,0.36,10.0,0.35,15.0,0.53,5.0,0.67,15.0,0.17,0.17,43.411598,1776209653000
1776209655.195,255.195,0.47,5.0,0.33,15.0,0.64,10.0,0.65,15.0,0.36,10.0,0.35,15.0,0.53,5.0,0.67,15.0,0.17,0.17,43.411598,1776209654000
1776209656.263,256.263,0.47,5.0,0.33,15.0,0.64,10.0,0.65,15.0,0.36,10.0,0.35,15.0,0.53,5.0,0.67,15.0,0.17,0.17,43.411316,1776209655000
1776209657.317,257.317,0.47,5.0,0.33,15.0,0.64,10.0,0.65,15.0,0.36,10.0,0.35,15.0,0.53,5.0,0.67,15.0,0.17,0.17,43.411209,1776209656000
1776209657.991,257.991,0.47,5.0,0.33,15.0,0.64,10.0,0.65,15.0,0.36,10.0,0.35,15.0,0.53,5.0,0.67,15.0,0.17,0.17,43.412863,1776209657000
1776209659.092,259.092,0.47,5.0,0.33,15.0,0.64,10.0,0.65,15.0,0.36,10.0,0.35,15.0,0.53,5.0,0.67,15.0,0.17,0.17,43.414046,1776209658000
1776209659.838,259.838,0.44,10.0,0.3,15.0,0.61,5.13,0.68,15.0,0.36,10.0,0.35,15.0,0.53,5.0,0.67,15.0,0.17,0.17,43.414046,1776209658000
1776209660.129,260.129,0.44,10.0,0.3,15.0,0.61,5.13,0.68,15.0,0.39,5.13,0.32,15.0,0.56,10.0,0.7,15.0,0.17,0.17,43.414883,1776209659000
1776209661.122,261.122,0.44,10.0,0.3,15.0,0.61,5.13,0.68,15.0,0.39,5.13,0.32,15.0,0.56,10.0,0.7,15.0,0.17,0.17,43.417135,1776209660000
1776209662.251,262.251,0.44,10.0,0.3,15.0,0.61,5.13,0.68,15.0,0.39,5.13,0.32,15.0,0.56,10.0,0.7,15.0,0.17,0.17,43.417833,1776209661000
1776209663.317,263.317,0.44,10.0,0.3,15.0,0.61,5.13,0.68,15.0,0.39,5.13,0.32,15.0,0.56,10.0,0.7,15.0,0.17,0.17,43.417913,1776209662000
1776209663.885,263.885,0.44,10.0,0.3,15.0,0.61,5.13,0.68,15.0,0.39,5.13,0.32,15.0,0.56,10.0,0.7,15.0,0.17,0.17,43.417913,1776209663000
1776209664.916,264.916,0.44,10.0,0.3,15.0,0.61,5.13,0.68,15.0,0.39,5.13,0.32,15.0,0.56,10.0,0.7,15.0,0.17,0.17,43.418898,1776209664000
1776209665.885,265.885,0.44,10.0,0.3,15.0,0.61,5.13,0.68,15.0,0.39,5.13,0.32,15.0,0.56,10.0,0.7,15.0,0.17,0.17,43.418826,1776209665000
1776209666.97,266.97,0.44,10.0,0.3,15.0,0.61,5.13,0.68,15.0,0.39,5.13,0.32,15.0,0.56,10.0,0.7,15.0,0.17,0.17,43.418894,1776209666000
1776209667.801,267.801,0.44,10.0,0.3,15.0,0.61,5.13,0.68,15.0,0.39,5.13,0.32,15.0,0.56,10.0,0.7,15.0,0.17,0.17,43.41927,1776209667000
1776209668.894,268.894,0.44,10.0,0.3,15.0,0.61,5.13,0.68,15.0,0.39,5.13,0.32,15.0,0.56,10.0,0.7,15.0,0.17,0.17,43.419037,1776209668000
1776209670.067,270.067,0.44,10.0,0.3,15.0,0.61,5.13,0.68,15.0,0.39,5.13,0.32,15.0,0.56,10.0,0.7,15.0,0.17,0.17,43.419037,1776209669000
1776209671.285,271.285,0.44,10.0,0.3,15.0,0.61,5.13,0.68,15.0,0.39,5.13,0.32,15.0,0.56,10.0,0.7,15.0,0.17,0.17,43.420445,1776209670000
1776209672.81,272.81,0.44,10.0,0.3,15.0,0.61,5.13,0.68,15.0,0.39,5.13,0.32,15.0,0.56,10.0,0.7,15.0,0.17,0.17,43.420032,1776209671000
1776209673.528,273.528,0.44,10.0,0.3,15.0,0.61,5.13,0.68,15.0,0.39,5.13,0.32,15.0,0.56,10.0,0.7,15.0,0.17,0.17,43.42342,1776209672000
1776209674.207,274.207,0.44,10.0,0.3,15.0,0.61,5.13,0.68,15.0,0.39,5.13,0.32,15.0,0.56,10.0,0.7,15.0,0.17,0.17,43.423122,1776209673000
1776209675.52,275.52,0.44,10.0,0.3,15.0,0.61,5.13,0.68,15.0,0.39,5.13,0.32,15.0,0.56,10.0,0.7,15.0,0.17,0.17,43.423063,1776209674000
1776209676.237,276.237,0.44,10.0,0.3,15.0,0.61,5.13,0.68,15.0,0.39,5.13,0.32,15.0,0.56,10.0,0.7,15.0,0.17,0.17,43.424059,1776209675000
1776209676.513,276.513,0.29,10.0,0.05,100.0,0.55,6.66,0.96,105.0,0.39,5.13,0.32,15.0,0.56,10.0,0.7,15.0,0.26,0.17,43.424059,1776209675000
1776209677.475,277.475,0.05,96.87,0.04,30.0,0.21,8.53,0.55,46.66,0.45,6.66,0.04,105.0,0.71,10.0,0.95,100.0,0.16,0.26,43.424059,1776209675000
1776209678.141,278.141,0.05,96.87,0.04,30.0,0.21,8.53,0.55,46.66,0.79,8.53,0.45,46.66,0.95,96.87,0.96,30.0,0.16,0.16,43.42228,1776209677000
1776209678.477,278.477,0.05,113.74,0.04,5.0,0.19,8.53,0.55,6.66,0.79,8.53,0.45,46.66,0.95,96.87,0.96,30.0,0.14,0.16,43.42228,1776209677000
1776209679.402,279.402,0.05,113.74,0.04,5.0,0.19,8.53,0.55,6.66,0.81,8.53,0.45,6.66,0.95,113.74,0.96,5.0,0.14,0.14,43.418946,1776209678000
1776209680.16,280.16,0.05,113.74,0.04,5.0,0.19,8.53,0.55,6.66,0.81,8.53,0.45,6.66,0.95,113.74,0.96,5.0,0.14,0.14,43.411094,1776209679000
1776209681.398,281.398,0.05,113.74,0.04,5.0,0.19,8.53,0.55,6.66,0.81,8.53,0.45,6.66,0.95,113.74,0.96,5.0,0.14,0.14,43.398552,1776209680000
1776209682.058,282.058,0.05,113.74,0.04,5.0,0.19,8.53,0.55,6.66,0.81,8.53,0.45,6.66,0.95,113.74,0.96,5.0,0.14,0.14,43.397376,1776209681000
1776209682.96,282.96,0.04,3.95,0.02,10.0,0.19,43.53,0.55,6.66,0.81,8.53,0.45,6.66,0.95,113.74,0.96,5.0,0.15,0.14,43.397376,1776209681000
1776209683.306,283.306,0.04,3.95,0.02,10.0,0.19,43.53,0.55,6.66,0.81,43.53,0.45,6.66,0.96,3.95,0.98,10.0,0.15,0.15,43.397416,1776209682000
1776209684.03,284.03,0.04,3.95,0.02,10.0,0.19,43.53,0.55,6.66,0.81,43.53,0.45,6.66,0.96,3.95,0.98,10.0,0.15,0.15,43.397416,1776209683000
1776209685.259,285.259,0.04,3.95,0.02,10.0,0.19,43.53,0.55,6.66,0.81,43.53,0.45,6.66,0.96,3.95,0.98,10.0,0.15,0.15,43.39684,1776209684000
1776209685.972,285.972,0.04,3.95,0.02,10.0,0.19,43.53,0.55,6.66,0.81,43.53,0.45,6.66,0.96,3.95,0.98,10.0,0.15,0.15,43.39684,1776209685000
1776209686.309,286.309,0.04,3.95,0.02,10.0,0.05,7.73,0.14,8.53,0.81,43.53,0.45,6.66,0.96,3.95,0.98,10.0,0.01,0.15,43.39684,1776209685000
1776209686.831,286.831,0.04,0.82,0.02,10.0,0.05,7.73,0.14,8.53,0.95,7.73,0.86,8.53,0.96,3.95,0.98,10.0,0.01,0.01,43.39684,1776209685000
1776209687.135,287.135,0.04,0.82,0.02,10.0,0.05,7.73,0.14,8.53,0.95,7.73,0.86,8.53,0.96,0.82,0.98,10.0,0.01,0.01,43.396382,1776209686000
1776209688.403,288.403,0.04,0.82,0.02,10.0,0.05,7.73,0.14,8.53,0.95,7.73,0.86,8.53,0.96,0.82,0.98,10.0,0.01,0.01,43.395257,1776209687000
1776209688.961,288.961,0.04,0.82,0.02,10.0,0.05,7.73,0.14,8.53,0.95,7.73,0.86,8.53,0.96,0.82,0.98,10.0,0.01,0.01,43.39516,1776209688000
1776209689.247,289.247,0.02,6.69,0.01,290.0,0.05,7.73,0.14,8.53,0.95,7.73,0.86,8.53,0.98,7.72,0.99,290.0,0.03,0.03,43.39516,1776209688000
1776209689.787,289.787,0.02,2.57,0.01,290.0,0.05,7.73,0.14,8.53,0.95,7.73,0.86,8.53,0.98,3.6,0.99,290.0,0.03,0.03,43.39516,1776209688000
1776209690.066,290.066,0.02,2.57,0.01,290.0,0.05,7.73,0.14,8.53,0.95,7.73,0.86,8.53,0.98,2.57,0.99,290.0,0.03,0.03,43.395494,1776209689000
1776209690.816,290.816,0.01,290.0,,,0.05,7.73,0.14,8.53,0.95,7.73,0.86,8.53,0.98,2.57,0.99,290.0,0.04,0.03,43.395494,1776209689000
1776209691.231,291.231,0.01,290.0,,,0.05,7.73,0.14,8.53,0.95,7.73,0.86,8.53,0.99,290.0,,,0.04,0.04,43.396244,1776209690000
1776209692.528,292.528,0.01,290.0,,,0.05,7.73,0.14,8.53,0.95,7.73,0.86,8.53,0.99,290.0,,,0.04,0.04,43.397205,1776209691000
1776209693.034,293.034,0.01,290.0,,,0.05,7.73,0.14,8.53,0.95,7.73,0.86,8.53,0.99,290.0,,,0.04,0.04,43.397275,1776209692000
1776209693.422,293.422,0.01,169.79,,,0.05,7.73,0.14,8.53,0.95,7.73,0.86,8.53,0.99,290.0,,,0.04,0.04,43.397275,1776209692000
1776209694.333,294.333,0.01,169.79,,,0.05,7.73,0.14,8.53,0.95,7.73,0.86,8.53,0.99,169.79,,,0.04,0.04,43.397453,1776209693000
1776209694.872,294.872,0.12,5.0,0.01,169.79,0.29,8.53,0.55,6.66,0.95,7.73,0.86,8.53,0.99,169.79,,,0.17,0.04,43.397453,1776209693000
1776209695.244,295.244,0.11,10.0,0.01,169.79,0.55,6.66,0.7,100.0,0.71,8.53,0.45,6.66,0.88,5.0,0.99,169.79,0.44,0.17,43.397453,1776209693000
1776209695.989,295.989,0.11,10.0,0.01,169.79,0.55,6.66,0.7,100.0,0.45,6.66,0.3,100.0,0.89,10.0,0.99,169.79,0.44,0.44,43.400001,1776209695000
1776209696.428,296.428,0.38,8.89,0.01,169.79,0.55,13.53,0.95,67.0,0.45,6.66,0.3,100.0,0.89,10.0,0.99,169.79,0.17,0.44,43.400001,1776209695000
1776209697.113,297.113,0.38,3.89,0.01,169.79,0.55,13.53,0.95,67.0,0.45,13.53,0.05,67.0,0.62,3.89,0.99,169.79,0.17,0.17,43.405659,1776209696000
1776209697.337,297.337,0.01,138.05,,,0.16,35.56,0.29,21.02,0.45,6.66,0.41,10.0,0.58,8.42,0.99,169.79,0.15,0.13,43.405659,1776209696000
1776209697.555,297.555,0.01,134.89,,,0.16,6.99,0.29,21.02,0.84,16.99,0.71,21.02,0.99,134.89,,,0.15,0.15,43.405659,1776209696000
1776209697.786,297.786,0.01,122.23,,,0.16,6.99,0.55,6.66,0.84,6.99,0.45,6.66,0.99,123.89,,,0.15,0.15,43.405659,1776209696000
1776209698.026,298.026,0.01,122.23,,,0.59,5.01,0.95,67.0,0.45,3.65,0.41,10.0,0.99,122.23,,,0.58,0.54,43.405659,1776209696000
1776209698.304,298.304,0.01,112.23,,,0.59,5.01,0.95,67.0,0.41,5.01,0.05,67.0,0.99,112.23,,,0.58,0.58,43.407789,1776209697000
1776209698.517,298.517,0.05,62.76,0.01,112.23,0.09,10.0,0.96,5.0,0.91,10.0,0.04,5.0,0.95,65.89,0.99,112.23,0.04,0.04,43.407789,1776209697000
1776209699.297,299.297,0.05,62.76,0.01,112.23,0.09,10.0,0.96,5.0,0.91,10.0,0.04,5.0,0.95,62.76,0.99,112.23,0.04,0.04,43.4174,1776209698000
1776209699.676,299.676,0.5,87.06,0.29,30.0,0.56,14.29,0.57,5.0,0.05,173.0,0.04,5.0,0.5,97.06,0.76,10.0,0.06,0.45,43.4174,1776209698000
1776209699.965,299.965,0.5,62.06,0.29,30.0,0.56,14.29,0.57,5.0,0.44,14.29,0.43,5.0,0.5,62.06,0.71,30.0,0.06,0.06,43.424515,1776209699000
1776209700.362,300.362,0.55,35.43,0.5,62.06,0.56,9.2,0.57,5.0,0.44,14.29,0.43,5.0,0.45,35.43,0.5,62.06,0.01,0.01,43.424515,1776209699000
1776209701.157,301.157,0.55,33.2,0.5,62.06,0.89,4.24,0.95,50.0,0.11,4.24,0.05,50.0,0.45,33.2,0.5,62.06,0.34,0.34,43.431529,1776209700000
1776209702.193,302.193,0.55,33.2,0.5,62.06,0.89,4.24,0.95,50.0,0.11,4.24,0.05,50.0,0.45,33.2,0.5,62.06,0.34,0.34,43.437034,1776209701000

# RESULT,winner=Up,slug=hype-updown-5m-1776209400,ticks=328
