timestamp,elapsed_sec,up_bid_p1,up_bid_s1,up_bid_p2,up_bid_s2,up_ask_p1,up_ask_s1,up_ask_p2,up_ask_s2,down_bid_p1,down_bid_s1,down_bid_p2,down_bid_s2,down_ask_p1,down_ask_s1,down_ask_p2,down_ask_s2,up_spread,down_spread,hype_price,hype_oracle_ts
1776216911.358,11.358,0.39,10.0,0.35,5.0,0.5,40.0,0.56,10.0,0.5,40.0,0.44,10.0,0.61,10.0,0.65,5.0,0.11,0.11,44.170251,1776216909000
1776216911.686,11.686,0.39,10.0,0.35,5.0,0.5,40.0,0.56,10.0,0.5,40.0,0.44,10.0,0.61,10.0,0.65,5.0,0.11,0.11,44.170251,1776216909000
1776216912.617,12.617,0.39,10.0,0.35,5.0,0.5,40.0,0.56,10.0,0.5,40.0,0.44,10.0,0.61,10.0,0.65,5.0,0.11,0.11,44.170187,1776216911000
1776216913.34,13.34,0.39,10.0,0.35,5.0,0.5,40.0,0.56,10.0,0.5,40.0,0.44,10.0,0.61,10.0,0.65,5.0,0.11,0.11,44.170187,1776216912000
1776216913.953,13.953,0.39,10.0,0.35,5.0,0.5,40.0,0.56,10.0,0.5,40.0,0.44,10.0,0.61,10.0,0.65,5.0,0.11,0.11,44.170191,1776216913000
1776216915.511,15.511,0.39,10.0,0.35,5.0,0.5,40.0,0.56,10.0,0.5,40.0,0.44,10.0,0.61,10.0,0.65,5.0,0.11,0.11,44.170208,1776216914000
1776216916.172,16.172,0.39,10.0,0.35,5.0,0.5,40.0,0.56,10.0,0.5,40.0,0.44,10.0,0.61,10.0,0.65,5.0,0.11,0.11,44.169541,1776216915000
1776216917.641,17.641,0.39,10.0,0.35,5.0,0.5,40.0,0.56,10.0,0.5,40.0,0.44,10.0,0.61,10.0,0.65,5.0,0.11,0.11,44.168004,1776216916000
1776216918.312,18.312,0.39,10.0,0.35,5.0,0.5,40.0,0.56,10.0,0.5,40.0,0.44,10.0,0.61,10.0,0.65,5.0,0.11,0.11,44.162769,1776216917000
1776216919.737,19.737,0.39,10.0,0.35,5.0,0.5,40.0,0.56,10.0,0.5,40.0,0.44,10.0,0.61,10.0,0.65,5.0,0.11,0.11,44.160226,1776216918000
1776216920.383,20.383,0.39,10.0,0.35,5.0,0.5,40.0,0.56,10.0,0.5,40.0,0.44,10.0,0.61,10.0,0.65,5.0,0.11,0.11,44.159619,1776216919000
1776216921.202,21.202,0.39,10.0,0.35,5.0,0.5,40.0,0.56,10.0,0.5,40.0,0.44,10.0,0.61,10.0,0.65,5.0,0.11,0.11,44.158993,1776216920000
1776216922.537,22.537,0.39,10.0,0.35,5.0,0.5,40.0,0.56,10.0,0.5,40.0,0.44,10.0,0.61,10.0,0.65,5.0,0.11,0.11,44.15899,1776216921000
1776216923.327,23.327,0.39,10.0,0.35,5.0,0.5,40.0,0.56,10.0,0.5,40.0,0.44,10.0,0.61,10.0,0.65,5.0,0.11,0.11,44.158718,1776216922000
1776216924.63,24.63,0.39,10.0,0.35,5.0,0.5,40.0,0.56,10.0,0.5,40.0,0.44,10.0,0.61,10.0,0.65,5.0,0.11,0.11,44.157562,1776216923000
1776216925.493,25.493,0.39,10.0,0.35,5.0,0.5,40.0,0.56,10.0,0.5,40.0,0.44,10.0,0.61,10.0,0.65,5.0,0.11,0.11,44.156677,1776216924000
1776216926.16,26.16,0.39,10.0,0.35,5.0,0.5,40.0,0.56,10.0,0.5,40.0,0.44,10.0,0.61,10.0,0.65,5.0,0.11,0.11,44.156227,1776216925000
1776216927.363,27.363,0.39,10.0,0.35,5.0,0.5,40.0,0.56,10.0,0.5,40.0,0.44,10.0,0.61,10.0,0.65,5.0,0.11,0.11,44.156665,1776216926000
1776216927.922,27.922,0.39,10.0,0.35,5.0,0.5,40.0,0.56,10.0,0.5,40.0,0.44,10.0,0.61,10.0,0.65,5.0,0.11,0.11,44.156729,1776216927000
1776216929.29,29.29,0.39,10.0,0.35,5.0,0.5,40.0,0.56,10.0,0.5,40.0,0.44,10.0,0.61,10.0,0.65,5.0,0.11,0.11,44.159846,1776216928000
1776216930.654,30.654,0.39,10.0,0.35,5.0,0.5,40.0,0.56,10.0,0.5,40.0,0.44,10.0,0.61,10.0,0.65,5.0,0.11,0.11,44.16277,1776216929000
1776216931.222,31.222,0.31,38.0,0.11,100.0,0.42,71.29,0.5,40.0,0.5,40.0,0.44,10.0,0.61,10.0,0.65,5.0,0.11,0.11,44.16277,1776216929000
1776216931.628,31.628,0.31,38.0,0.11,100.0,0.42,51.29,0.5,40.0,0.58,61.29,0.5,40.0,0.69,38.0,0.89,100.0,0.11,0.11,44.162867,1776216930000
1776216932.01,32.01,0.41,5.0,0.4,5.0,0.42,41.29,0.5,40.0,0.58,51.29,0.5,40.0,0.69,38.0,0.89,100.0,0.01,0.11,44.162867,1776216930000
1776216932.568,32.568,0.41,5.0,0.4,5.0,0.42,41.29,0.5,40.0,0.58,41.29,0.5,40.0,0.59,5.0,0.6,5.0,0.01,0.01,44.161225,1776216931000
1776216933.215,33.215,0.41,5.0,0.4,5.0,0.42,41.29,0.5,40.0,0.58,41.29,0.5,40.0,0.59,5.0,0.6,5.0,0.01,0.01,44.1657,1776216932000
1776216934.508,34.508,0.41,5.0,0.4,5.0,0.42,41.29,0.5,40.0,0.58,41.29,0.5,40.0,0.59,5.0,0.6,5.0,0.01,0.01,44.168142,1776216933000
1776216935.093,35.093,0.41,5.0,0.4,5.0,0.42,41.29,0.5,40.0,0.58,41.29,0.5,40.0,0.59,5.0,0.6,5.0,0.01,0.01,44.165224,1776216934000
1776216936.427,36.427,0.41,5.0,0.4,5.0,0.42,41.29,0.5,40.0,0.58,41.29,0.5,40.0,0.59,5.0,0.6,5.0,0.01,0.01,44.165998,1776216935000
1776216937.177,37.177,0.41,5.0,0.4,5.0,0.42,41.29,0.5,40.0,0.58,41.29,0.5,40.0,0.59,5.0,0.6,5.0,0.01,0.01,44.166032,1776216936000
1776216938.38,38.38,0.41,5.0,0.4,5.0,0.42,41.29,0.5,40.0,0.58,41.29,0.5,40.0,0.59,5.0,0.6,5.0,0.01,0.01,44.167051,1776216937000
1776216938.841,38.841,0.3,5.0,0.29,5.0,0.5,61.0,0.57,5.0,0.58,41.29,0.5,40.0,0.59,5.0,0.6,5.0,0.2,0.01,44.167051,1776216937000
1776216939.154,39.154,0.3,5.0,0.29,5.0,0.5,61.0,0.57,5.0,0.5,61.0,0.43,5.0,0.7,5.0,0.71,5.0,0.2,0.2,44.153768,1776216938000
1776216940.478,40.478,0.3,5.0,0.29,5.0,0.5,61.0,0.57,5.0,0.5,61.0,0.43,5.0,0.7,5.0,0.71,5.0,0.2,0.2,44.138138,1776216939000
1776216941.13,41.13,0.3,5.0,0.29,5.0,0.5,61.0,0.57,5.0,0.5,61.0,0.43,5.0,0.7,5.0,0.71,5.0,0.2,0.2,44.126061,1776216940000
1776216942.599,42.599,0.3,5.0,0.29,5.0,0.5,61.0,0.57,5.0,0.5,61.0,0.43,5.0,0.7,5.0,0.71,5.0,0.2,0.2,44.125308,1776216941000
1776216943.173,43.173,0.3,5.0,0.29,5.0,0.5,61.0,0.57,5.0,0.5,61.0,0.43,5.0,0.7,5.0,0.71,5.0,0.2,0.2,44.125632,1776216942000
1776216944.358,44.358,0.3,5.0,0.29,5.0,0.5,61.0,0.57,5.0,0.5,61.0,0.43,5.0,0.7,5.0,0.71,5.0,0.2,0.2,44.132073,1776216943000
1776216944.914,44.914,0.3,5.0,0.29,5.0,0.5,61.0,0.57,5.0,0.5,61.0,0.43,5.0,0.7,5.0,0.71,5.0,0.2,0.2,44.128805,1776216944000
1776216945.883,45.883,0.3,5.0,0.29,5.0,0.5,61.0,0.57,5.0,0.5,61.0,0.43,5.0,0.7,5.0,0.71,5.0,0.2,0.2,44.130144,1776216945000
1776216947.016,47.016,0.3,5.0,0.29,5.0,0.5,61.0,0.57,5.0,0.5,61.0,0.43,5.0,0.7,5.0,0.71,5.0,0.2,0.2,44.1284,1776216946000
1776216948.006,48.006,0.3,5.0,0.29,5.0,0.5,61.0,0.57,5.0,0.5,61.0,0.43,5.0,0.7,5.0,0.71,5.0,0.2,0.2,44.130982,1776216947000
1776216949.069,49.069,0.3,5.0,0.29,5.0,0.5,61.0,0.57,5.0,0.5,61.0,0.43,5.0,0.7,5.0,0.71,5.0,0.2,0.2,44.130224,1776216948000
1776216950.127,50.127,0.3,5.0,0.29,5.0,0.5,61.0,0.57,5.0,0.5,61.0,0.43,5.0,0.7,5.0,0.71,5.0,0.2,0.2,44.133389,1776216949000
1776216951.199,51.199,0.3,5.0,0.29,5.0,0.5,61.0,0.57,5.0,0.5,61.0,0.43,5.0,0.7,5.0,0.71,5.0,0.2,0.2,44.13157,1776216950000
1776216952.229,52.229,0.3,5.0,0.29,5.0,0.5,61.0,0.57,5.0,0.5,61.0,0.43,5.0,0.7,5.0,0.71,5.0,0.2,0.2,44.131516,1776216951000
1776216953.332,53.332,0.3,5.0,0.29,5.0,0.5,61.0,0.57,5.0,0.5,61.0,0.43,5.0,0.7,5.0,0.71,5.0,0.2,0.2,44.131279,1776216952000
1776216954.314,54.314,0.3,5.0,0.29,5.0,0.5,61.0,0.57,5.0,0.5,61.0,0.43,5.0,0.7,5.0,0.71,5.0,0.2,0.2,44.131165,1776216953000
1776216954.881,54.881,0.3,5.0,0.29,5.0,0.5,61.0,0.57,5.0,0.5,61.0,0.43,5.0,0.7,5.0,0.71,5.0,0.2,0.2,44.131131,1776216954000
1776216955.895,55.895,0.3,5.0,0.29,5.0,0.5,61.0,0.57,5.0,0.5,61.0,0.43,5.0,0.7,5.0,0.71,5.0,0.2,0.2,44.132441,1776216955000
1776216956.968,56.968,0.3,5.0,0.29,5.0,0.5,61.0,0.57,5.0,0.5,61.0,0.43,5.0,0.7,5.0,0.71,5.0,0.2,0.2,44.138424,1776216956000
1776216958.291,58.291,0.3,5.0,0.29,5.0,0.5,61.0,0.57,5.0,0.5,61.0,0.43,5.0,0.7,5.0,0.71,5.0,0.2,0.2,44.139329,1776216957000
1776216959.419,59.419,0.3,5.0,0.29,5.0,0.5,61.0,0.57,5.0,0.5,61.0,0.43,5.0,0.7,5.0,0.71,5.0,0.2,0.2,44.142784,1776216958000
1776216959.971,59.971,0.3,5.0,0.29,5.0,0.5,61.0,0.57,5.0,0.5,61.0,0.43,5.0,0.7,5.0,0.71,5.0,0.2,0.2,44.143227,1776216959000
1776216961.092,61.092,0.3,5.0,0.29,5.0,0.5,61.0,0.57,5.0,0.5,61.0,0.43,5.0,0.7,5.0,0.71,5.0,0.2,0.2,44.144208,1776216960000
1776216962.284,62.284,0.3,5.0,0.29,5.0,0.5,61.0,0.57,5.0,0.5,61.0,0.43,5.0,0.7,5.0,0.71,5.0,0.2,0.2,44.143552,1776216961000
1776216963.491,63.491,0.3,5.0,0.29,5.0,0.5,61.0,0.57,5.0,0.5,61.0,0.43,5.0,0.7,5.0,0.71,5.0,0.2,0.2,44.144695,1776216962000
1776216964.048,64.048,0.3,5.0,0.29,5.0,0.5,61.0,0.57,5.0,0.5,61.0,0.43,5.0,0.7,5.0,0.71,5.0,0.2,0.2,44.144716,1776216963000
1776216965.323,65.323,0.23,15.0,0.22,15.0,0.37,5.0,0.38,5.0,0.63,5.0,0.62,5.0,0.77,15.0,0.78,15.0,0.14,0.14,44.142512,1776216964000
1776216966.404,66.404,0.23,15.0,0.22,15.0,0.37,5.0,0.38,5.0,0.63,5.0,0.62,5.0,0.77,15.0,0.78,15.0,0.14,0.14,44.1253,1776216965000
1776216967.086,67.086,0.23,15.0,0.22,15.0,0.37,5.0,0.38,5.0,0.63,5.0,0.62,5.0,0.77,15.0,0.78,15.0,0.14,0.14,44.124006,1776216966000
1776216968.156,68.156,0.23,15.0,0.22,15.0,0.37,5.0,0.38,5.0,0.63,5.0,0.62,5.0,0.77,15.0,0.78,15.0,0.14,0.14,44.119517,1776216967000
1776216969.268,69.268,0.23,15.0,0.22,15.0,0.37,5.0,0.38,5.0,0.63,5.0,0.62,5.0,0.77,15.0,0.78,15.0,0.14,0.14,44.120524,1776216968000
1776216970.413,70.413,0.2,7.0,0.19,15.0,0.22,10.0,0.33,5.0,0.78,10.0,0.67,5.0,0.8,7.0,0.81,15.0,0.02,0.02,44.115041,1776216969000
1776216971.047,71.047,0.2,7.0,0.19,15.0,0.22,10.0,0.33,5.0,0.78,10.0,0.67,5.0,0.8,7.0,0.81,15.0,0.02,0.02,44.11368,1776216970000
1776216972.117,72.117,0.2,7.0,0.19,15.0,0.22,10.0,0.33,5.0,0.78,10.0,0.67,5.0,0.8,7.0,0.81,15.0,0.02,0.02,44.112244,1776216971000
1776216973.132,73.132,0.2,7.0,0.19,15.0,0.22,10.0,0.33,5.0,0.78,10.0,0.67,5.0,0.8,7.0,0.81,15.0,0.02,0.02,44.113006,1776216972000
1776216974.23,74.23,0.2,7.0,0.19,15.0,0.22,10.0,0.33,5.0,0.78,10.0,0.67,5.0,0.8,7.0,0.81,15.0,0.02,0.02,44.113693,1776216973000
1776216975.206,75.206,0.2,7.0,0.19,15.0,0.22,10.0,0.33,5.0,0.78,10.0,0.67,5.0,0.8,7.0,0.81,15.0,0.02,0.02,44.113483,1776216974000
1776216976.969,76.969,0.19,13.27,0.18,15.0,0.22,10.0,0.29,15.0,0.78,10.0,0.71,15.0,0.81,13.27,0.82,15.0,0.03,0.03,44.112546,1776216976000
1776216978.033,78.033,0.19,13.27,0.18,15.0,0.22,10.0,0.29,15.0,0.78,10.0,0.71,15.0,0.81,13.27,0.82,15.0,0.03,0.03,44.112533,1776216977000
1776216979.151,79.151,0.19,13.27,0.18,15.0,0.22,10.0,0.29,15.0,0.78,10.0,0.71,15.0,0.81,13.27,0.82,15.0,0.03,0.03,44.112171,1776216978000
1776216980.174,80.174,0.19,13.27,0.18,15.0,0.22,10.0,0.29,15.0,0.78,10.0,0.71,15.0,0.81,13.27,0.82,15.0,0.03,0.03,44.110358,1776216979000
1776216981.179,81.179,0.19,13.27,0.18,15.0,0.22,10.0,0.29,15.0,0.78,10.0,0.71,15.0,0.81,13.27,0.82,15.0,0.03,0.03,44.105751,1776216980000
1776216982.185,82.185,0.19,13.27,0.18,15.0,0.22,10.0,0.29,15.0,0.78,10.0,0.71,15.0,0.81,13.27,0.82,15.0,0.03,0.03,44.105681,1776216981000
1776216983.124,83.124,0.19,13.27,0.18,15.0,0.22,10.0,0.29,15.0,0.78,10.0,0.71,15.0,0.81,13.27,0.82,15.0,0.03,0.03,44.105117,1776216982000
1776216984.079,84.079,0.19,13.27,0.18,15.0,0.22,10.0,0.29,15.0,0.78,10.0,0.71,15.0,0.81,13.27,0.82,15.0,0.03,0.03,44.100076,1776216983000
1776216985.107,85.107,0.19,13.27,0.18,15.0,0.22,10.0,0.29,15.0,0.78,10.0,0.71,15.0,0.81,13.27,0.82,15.0,0.03,0.03,44.095687,1776216984000
1776216986.365,86.365,0.19,13.27,0.18,15.0,0.22,10.0,0.29,15.0,0.78,10.0,0.71,15.0,0.81,13.27,0.82,15.0,0.03,0.03,44.094348,1776216985000
1776216987.321,87.321,0.19,13.27,0.18,15.0,0.22,10.0,0.29,15.0,0.78,10.0,0.71,15.0,0.81,13.27,0.82,15.0,0.03,0.03,44.090052,1776216986000
1776216987.88,87.88,0.19,13.27,0.18,15.0,0.22,10.0,0.29,15.0,0.78,10.0,0.71,15.0,0.81,13.27,0.82,15.0,0.03,0.03,44.087729,1776216987000
1776216989.326,89.326,0.19,13.27,0.18,15.0,0.22,10.0,0.29,15.0,0.78,10.0,0.71,15.0,0.81,13.27,0.82,15.0,0.03,0.03,44.079891,1776216988000
1776216990.597,90.597,0.19,13.27,0.18,15.0,0.22,10.0,0.29,15.0,0.78,10.0,0.71,15.0,0.81,13.27,0.82,15.0,0.03,0.03,44.074435,1776216989000
1776216991.059,91.059,0.19,13.27,0.18,15.0,0.22,10.0,0.29,15.0,0.78,10.0,0.71,15.0,0.81,13.27,0.82,15.0,0.03,0.03,44.072645,1776216990000
1776216992.173,92.173,0.19,13.27,0.18,15.0,0.22,10.0,0.29,15.0,0.78,10.0,0.71,15.0,0.81,13.27,0.82,15.0,0.03,0.03,44.074891,1776216991000
1776216993.483,93.483,0.19,13.27,0.18,15.0,0.22,10.0,0.29,15.0,0.78,10.0,0.71,15.0,0.81,13.27,0.82,15.0,0.03,0.03,44.070556,1776216992000
1776216994.24,94.24,0.19,13.27,0.18,15.0,0.22,10.0,0.29,15.0,0.78,10.0,0.71,15.0,0.81,13.27,0.82,15.0,0.03,0.03,44.069624,1776216993000
1776216995.31,95.31,0.19,13.27,0.18,15.0,0.22,10.0,0.29,15.0,0.78,10.0,0.71,15.0,0.81,13.27,0.82,15.0,0.03,0.03,44.063664,1776216994000
1776216996.527,96.527,0.19,13.27,0.18,15.0,0.22,10.0,0.29,15.0,0.78,10.0,0.71,15.0,0.81,13.27,0.82,15.0,0.03,0.03,44.06599,1776216995000
1776216997.148,97.148,0.19,13.27,0.18,15.0,0.22,10.0,0.29,15.0,0.78,10.0,0.71,15.0,0.81,13.27,0.82,15.0,0.03,0.03,44.065873,1776216996000
1776216998.27,98.27,0.19,13.27,0.18,15.0,0.22,10.0,0.29,15.0,0.78,10.0,0.71,15.0,0.81,13.27,0.82,15.0,0.03,0.03,44.065044,1776216997000
1776216999.337,99.337,0.19,13.27,0.18,15.0,0.22,10.0,0.29,15.0,0.78,10.0,0.71,15.0,0.81,13.27,0.82,15.0,0.03,0.03,44.0648,1776216998000
1776216999.928,99.928,0.19,13.27,0.18,15.0,0.22,10.0,0.29,15.0,0.78,10.0,0.71,15.0,0.81,13.27,0.82,15.0,0.03,0.03,44.065343,1776216999000
1776217001.524,101.524,0.19,13.27,0.18,15.0,0.22,10.0,0.29,15.0,0.78,10.0,0.71,15.0,0.81,13.27,0.82,15.0,0.03,0.03,44.074217,1776217000000
1776217002.256,102.256,0.19,13.27,0.18,15.0,0.22,10.0,0.29,15.0,0.78,10.0,0.71,15.0,0.81,13.27,0.82,15.0,0.03,0.03,44.078599,1776217001000
1776217003.456,103.456,0.19,13.27,0.18,15.0,0.22,10.0,0.29,15.0,0.78,10.0,0.71,15.0,0.81,13.27,0.82,15.0,0.03,0.03,44.082138,1776217002000
1776217004.129,104.129,0.19,13.27,0.18,15.0,0.22,10.0,0.29,15.0,0.78,10.0,0.71,15.0,0.81,13.27,0.82,15.0,0.03,0.03,44.079507,1776217003000
1776217005.358,105.358,0.19,13.27,0.18,15.0,0.22,10.0,0.29,15.0,0.78,10.0,0.71,15.0,0.81,13.27,0.82,15.0,0.03,0.03,44.079641,1776217004000
1776217006.139,106.139,0.19,13.27,0.18,15.0,0.22,10.0,0.29,15.0,0.78,10.0,0.71,15.0,0.81,13.27,0.82,15.0,0.03,0.03,44.082247,1776217005000
1776217007.328,107.328,0.19,13.27,0.18,15.0,0.22,10.0,0.29,15.0,0.78,10.0,0.71,15.0,0.81,13.27,0.82,15.0,0.03,0.03,44.085876,1776217006000
1776217008.547,108.547,0.19,13.27,0.18,15.0,0.22,10.0,0.29,15.0,0.78,10.0,0.71,15.0,0.81,13.27,0.82,15.0,0.03,0.03,44.086485,1776217007000
1776217009.641,109.641,0.19,13.27,0.18,15.0,0.22,10.0,0.29,15.0,0.78,10.0,0.71,15.0,0.81,13.27,0.82,15.0,0.03,0.03,44.08568,1776217008000
1776217010.429,110.429,0.19,13.27,0.18,15.0,0.22,10.0,0.29,15.0,0.78,10.0,0.71,15.0,0.81,13.27,0.82,15.0,0.03,0.03,44.085114,1776217009000
1776217011.124,111.124,0.19,13.27,0.18,15.0,0.22,10.0,0.29,15.0,0.78,10.0,0.71,15.0,0.81,13.27,0.82,15.0,0.03,0.03,44.084793,1776217010000
1776217012.536,112.536,0.19,13.27,0.18,15.0,0.22,10.0,0.29,15.0,0.78,10.0,0.71,15.0,0.81,13.27,0.82,15.0,0.03,0.03,44.084439,1776217011000
1776217013.254,113.254,0.19,13.27,0.18,15.0,0.22,10.0,0.29,15.0,0.78,10.0,0.71,15.0,0.81,13.27,0.82,15.0,0.03,0.03,44.07708,1776217012000
1776217014.525,114.525,0.19,13.27,0.18,15.0,0.22,10.0,0.29,15.0,0.78,10.0,0.71,15.0,0.81,13.27,0.82,15.0,0.03,0.03,44.074064,1776217013000
1776217015.159,115.159,0.19,13.27,0.18,15.0,0.22,10.0,0.29,15.0,0.78,10.0,0.71,15.0,0.81,13.27,0.82,15.0,0.03,0.03,44.077518,1776217014000
1776217016.753,116.753,0.19,13.27,0.18,15.0,0.22,10.0,0.29,15.0,0.78,10.0,0.71,15.0,0.81,13.27,0.82,15.0,0.03,0.03,44.080845,1776217015000
1776217017.242,117.242,0.19,13.27,0.18,15.0,0.22,10.0,0.29,15.0,0.78,10.0,0.71,15.0,0.81,13.27,0.82,15.0,0.03,0.03,44.081442,1776217016000
1776217018.481,118.481,0.19,13.27,0.18,15.0,0.22,10.0,0.29,15.0,0.78,10.0,0.71,15.0,0.81,13.27,0.82,15.0,0.03,0.03,44.084519,1776217017000
1776217019.06,119.06,0.19,13.27,0.18,15.0,0.22,10.0,0.29,15.0,0.78,10.0,0.71,15.0,0.81,13.27,0.82,15.0,0.03,0.03,44.085122,1776217018000
1776217020.875,120.875,0.19,13.27,0.18,15.0,0.22,10.0,0.29,15.0,0.78,10.0,0.71,15.0,0.81,13.27,0.82,15.0,0.03,0.03,44.083223,1776217019000
1776217021.395,121.395,0.19,13.27,0.18,15.0,0.22,10.0,0.29,15.0,0.78,10.0,0.71,15.0,0.81,13.27,0.82,15.0,0.03,0.03,44.083218,1776217020000
1776217022.282,122.282,0.19,13.27,0.18,15.0,0.22,10.0,0.29,15.0,0.78,10.0,0.71,15.0,0.81,13.27,0.82,15.0,0.03,0.03,44.084888,1776217021000
1776217023.504,123.504,0.19,13.27,0.18,15.0,0.22,10.0,0.29,15.0,0.78,10.0,0.71,15.0,0.81,13.27,0.82,15.0,0.03,0.03,44.079543,1776217022000
1776217024.279,124.279,0.19,13.27,0.18,15.0,0.22,10.0,0.29,15.0,0.78,10.0,0.71,15.0,0.81,13.27,0.82,15.0,0.03,0.03,44.078941,1776217023000
1776217025.404,125.404,0.19,13.27,0.18,15.0,0.22,10.0,0.29,15.0,0.78,10.0,0.71,15.0,0.81,13.27,0.82,15.0,0.03,0.03,44.08048,1776217024000
1776217026.139,126.139,0.19,13.27,0.18,15.0,0.22,10.0,0.29,15.0,0.78,10.0,0.71,15.0,0.81,13.27,0.82,15.0,0.03,0.03,44.080152,1776217025000
1776217027.32,127.32,0.19,13.27,0.18,15.0,0.22,10.0,0.29,15.0,0.78,10.0,0.71,15.0,0.81,13.27,0.82,15.0,0.03,0.03,44.079162,1776217026000
1776217028.798,128.798,0.19,13.27,0.18,15.0,0.22,10.0,0.29,15.0,0.78,10.0,0.71,15.0,0.81,13.27,0.82,15.0,0.03,0.03,44.079691,1776217027000
1776217029.226,129.226,0.19,13.27,0.18,15.0,0.22,10.0,0.29,15.0,0.78,10.0,0.71,15.0,0.81,13.27,0.82,15.0,0.03,0.03,44.079692,1776217028000
1776217030.353,130.353,0.19,13.27,0.18,15.0,0.22,10.0,0.29,15.0,0.78,10.0,0.71,15.0,0.81,13.27,0.82,15.0,0.03,0.03,44.079669,1776217029000
1776217031.001,131.001,0.19,13.27,0.18,15.0,0.22,10.0,0.29,15.0,0.78,10.0,0.71,15.0,0.81,13.27,0.82,15.0,0.03,0.03,44.079098,1776217030000
1776217032.223,132.223,0.19,13.27,0.18,15.0,0.22,10.0,0.29,15.0,0.78,10.0,0.71,15.0,0.81,13.27,0.82,15.0,0.03,0.03,44.080495,1776217031000
1776217034.09,134.09,0.19,13.27,0.18,15.0,0.22,10.0,0.29,15.0,0.78,10.0,0.71,15.0,0.81,13.27,0.82,15.0,0.03,0.03,44.079466,1776217032000
1776217034.91,134.91,0.19,13.27,0.18,15.0,0.22,10.0,0.29,15.0,0.78,10.0,0.71,15.0,0.81,13.27,0.82,15.0,0.03,0.03,44.078449,1776217033000
1776217035.598,135.598,0.19,13.27,0.18,15.0,0.22,10.0,0.29,15.0,0.78,10.0,0.71,15.0,0.81,13.27,0.82,15.0,0.03,0.03,44.076997,1776217034000
1776217036.301,136.301,0.19,13.27,0.18,15.0,0.22,10.0,0.29,15.0,0.78,10.0,0.71,15.0,0.81,13.27,0.82,15.0,0.03,0.03,44.077002,1776217035000
1776217038.123,138.123,0.19,13.27,0.18,15.0,0.22,10.0,0.29,15.0,0.78,10.0,0.71,15.0,0.81,13.27,0.82,15.0,0.03,0.03,44.077103,1776217037000
1776217039.03,139.03,0.19,13.27,0.18,15.0,0.22,10.0,0.29,15.0,0.78,10.0,0.71,15.0,0.81,13.27,0.82,15.0,0.03,0.03,44.077128,1776217038000
1776217039.458,139.458,0.03,156.44,0.02,25.0,0.08,15.0,0.09,25.0,0.78,10.0,0.71,15.0,0.81,13.27,0.82,15.0,0.05,0.03,44.077128,1776217038000
1776217040.002,140.002,0.03,156.44,0.02,25.0,0.08,15.0,0.09,25.0,0.92,15.0,0.91,25.0,0.97,156.44,0.98,25.0,0.05,0.05,44.077159,1776217039000
1776217041.019,141.019,0.03,156.44,0.02,25.0,0.08,15.0,0.09,25.0,0.92,15.0,0.91,25.0,0.97,156.44,0.98,25.0,0.05,0.05,44.073996,1776217040000
1776217042.037,142.037,0.03,156.44,0.02,25.0,0.08,15.0,0.09,25.0,0.92,15.0,0.91,25.0,0.97,156.44,0.98,25.0,0.05,0.05,44.072746,1776217041000
1776217043.007,143.007,0.03,156.44,0.02,25.0,0.08,15.0,0.09,25.0,0.92,15.0,0.91,25.0,0.97,156.44,0.98,25.0,0.05,0.05,44.07236,1776217042000
1776217044.042,144.042,0.03,156.44,0.02,25.0,0.08,15.0,0.09,25.0,0.92,15.0,0.91,25.0,0.97,156.44,0.98,25.0,0.05,0.05,44.071921,1776217043000
1776217045.142,145.142,0.03,156.44,0.02,25.0,0.08,15.0,0.09,25.0,0.92,15.0,0.91,25.0,0.97,156.44,0.98,25.0,0.05,0.05,44.071975,1776217044000
1776217046.109,146.109,0.03,156.44,0.02,25.0,0.08,15.0,0.09,25.0,0.92,15.0,0.91,25.0,0.97,156.44,0.98,25.0,0.05,0.05,44.072295,1776217045000
1776217047.114,147.114,0.03,156.44,0.02,25.0,0.08,15.0,0.09,25.0,0.92,15.0,0.91,25.0,0.97,156.44,0.98,25.0,0.05,0.05,44.0722,1776217046000
1776217048.083,148.083,0.03,156.44,0.02,25.0,0.08,15.0,0.09,25.0,0.92,15.0,0.91,25.0,0.97,156.44,0.98,25.0,0.05,0.05,44.072107,1776217047000
1776217049.1,149.1,0.03,156.44,0.02,25.0,0.08,15.0,0.09,25.0,0.92,15.0,0.91,25.0,0.97,156.44,0.98,25.0,0.05,0.05,44.071682,1776217048000
1776217050.054,150.054,0.03,156.44,0.02,25.0,0.08,15.0,0.09,25.0,0.92,15.0,0.91,25.0,0.97,156.44,0.98,25.0,0.05,0.05,44.063421,1776217049000
1776217051.17,151.17,0.03,156.44,0.02,25.0,0.08,15.0,0.09,25.0,0.92,15.0,0.91,25.0,0.97,156.44,0.98,25.0,0.05,0.05,44.06136,1776217050000
1776217052.191,152.191,0.03,156.44,0.02,25.0,0.08,15.0,0.09,25.0,0.92,15.0,0.91,25.0,0.97,156.44,0.98,25.0,0.05,0.05,44.060107,1776217051000
1776217053.205,153.205,0.03,156.44,0.02,25.0,0.08,15.0,0.09,25.0,0.92,15.0,0.91,25.0,0.97,156.44,0.98,25.0,0.05,0.05,44.060186,1776217052000
1776217054.27,154.27,0.03,156.44,0.02,25.0,0.08,15.0,0.09,25.0,0.92,15.0,0.91,25.0,0.97,156.44,0.98,25.0,0.05,0.05,44.04859,1776217053000
1776217055.352,155.352,0.03,156.44,0.02,25.0,0.08,15.0,0.09,25.0,0.92,15.0,0.91,25.0,0.97,156.44,0.98,25.0,0.05,0.05,44.044412,1776217054000
1776217056.299,156.299,0.03,138.34,0.02,10.0,0.04,20.0,0.05,20.0,0.96,20.0,0.95,20.0,0.97,138.34,0.98,10.0,0.01,0.01,44.044307,1776217055000
1776217057.374,157.374,0.03,138.34,0.02,10.0,0.04,20.0,0.05,20.0,0.96,20.0,0.95,20.0,0.97,138.34,0.98,10.0,0.01,0.01,44.044176,1776217056000
1776217058.312,158.312,0.03,138.34,0.02,10.0,0.04,20.0,0.05,20.0,0.96,20.0,0.95,20.0,0.97,138.34,0.98,10.0,0.01,0.01,44.04314,1776217057000
1776217058.805,158.805,0.03,138.34,0.02,10.0,0.04,20.0,0.05,20.0,0.96,20.0,0.95,20.0,0.97,138.34,0.98,10.0,0.01,0.01,44.042387,1776217058000
1776217059.508,159.508,0.03,110.28,0.02,10.0,0.04,20.0,0.05,15.0,0.96,20.0,0.95,20.0,0.97,138.34,0.98,10.0,0.01,0.01,44.042387,1776217058000
1776217059.796,159.796,0.03,110.28,0.02,10.0,0.04,20.0,0.05,15.0,0.96,20.0,0.95,15.0,0.97,110.28,0.98,10.0,0.01,0.01,44.042045,1776217059000
1776217060.837,160.837,0.03,110.28,0.02,10.0,0.04,20.0,0.05,15.0,0.96,20.0,0.95,15.0,0.97,110.28,0.98,10.0,0.01,0.01,44.042045,1776217060000
1776217061.446,161.446,0.03,80.92,0.02,10.0,0.04,20.0,0.05,15.0,0.96,20.0,0.95,15.0,0.97,110.28,0.98,10.0,0.01,0.01,44.042045,1776217060000
1776217061.91,161.91,0.03,80.92,0.02,10.0,0.04,20.0,0.05,15.0,0.96,20.0,0.95,15.0,0.97,80.92,0.98,10.0,0.01,0.01,44.042522,1776217061000
1776217062.825,162.825,0.03,80.92,0.02,10.0,0.04,20.0,0.05,15.0,0.96,20.0,0.95,15.0,0.97,80.92,0.98,10.0,0.01,0.01,44.043985,1776217062000
1776217064.449,164.449,0.03,80.92,0.02,10.0,0.04,20.0,0.05,15.0,0.96,20.0,0.95,15.0,0.97,80.92,0.98,10.0,0.01,0.01,44.043736,1776217063000
1776217065.03,165.03,0.03,80.92,0.02,10.0,0.04,20.0,0.05,15.0,0.96,20.0,0.95,15.0,0.97,80.92,0.98,10.0,0.01,0.01,44.043889,1776217064000
1776217065.373,165.373,0.02,10.0,0.01,205.0,0.04,15.0,0.05,15.0,0.96,20.0,0.95,15.0,0.97,80.92,0.98,10.0,0.02,0.01,44.043889,1776217064000
1776217066.135,166.135,0.02,10.0,0.01,205.0,0.04,15.0,0.05,15.0,0.96,15.0,0.95,15.0,0.98,10.0,0.99,205.0,0.02,0.02,44.04602,1776217065000
1776217067.452,167.452,0.02,10.0,0.01,205.0,0.04,15.0,0.05,15.0,0.96,15.0,0.95,15.0,0.98,10.0,0.99,205.0,0.02,0.02,44.042861,1776217066000
1776217067.861,167.861,0.02,10.0,0.01,205.0,0.04,15.0,0.05,15.0,0.96,15.0,0.95,15.0,0.98,10.0,0.99,205.0,0.02,0.02,44.042477,1776217067000
1776217068.992,168.992,0.02,10.0,0.01,205.0,0.04,15.0,0.05,15.0,0.96,15.0,0.95,15.0,0.98,10.0,0.99,205.0,0.02,0.02,44.044084,1776217068000
1776217070.081,170.081,0.02,10.0,0.01,205.0,0.04,15.0,0.05,15.0,0.96,15.0,0.95,15.0,0.98,10.0,0.99,205.0,0.02,0.02,44.047967,1776217069000
1776217071.103,171.103,0.02,10.0,0.01,205.0,0.04,15.0,0.05,15.0,0.96,15.0,0.95,15.0,0.98,10.0,0.99,205.0,0.02,0.02,44.04993,1776217070000
1776217072.321,172.321,0.02,10.0,0.01,205.0,0.04,15.0,0.05,15.0,0.96,15.0,0.95,15.0,0.98,10.0,0.99,205.0,0.02,0.02,44.049923,1776217071000
1776217073.0,173.0,0.02,10.0,0.01,205.0,0.04,15.0,0.05,15.0,0.96,15.0,0.95,15.0,0.98,10.0,0.99,205.0,0.02,0.02,44.049772,1776217072000
1776217074.161,174.161,0.02,10.0,0.01,205.0,0.04,15.0,0.05,15.0,0.96,15.0,0.95,15.0,0.98,10.0,0.99,205.0,0.02,0.02,44.050272,1776217073000
1776217075.309,175.309,0.02,10.0,0.01,205.0,0.04,15.0,0.05,15.0,0.96,15.0,0.95,15.0,0.98,10.0,0.99,205.0,0.02,0.02,44.049689,1776217074000
1776217075.53,175.53,0.02,5.0,0.01,205.0,0.03,20.0,0.04,15.0,0.96,15.0,0.95,15.0,0.98,10.0,0.99,205.0,0.01,0.02,44.049689,1776217074000
1776217075.946,175.946,0.02,5.0,0.01,205.0,0.03,20.0,0.04,15.0,0.97,20.0,0.96,15.0,0.98,5.0,0.99,205.0,0.01,0.01,44.050868,1776217075000
1776217077.042,177.042,0.01,190.0,,,0.03,20.0,0.04,15.0,0.97,20.0,0.96,15.0,0.98,5.0,0.99,205.0,0.02,0.01,44.050868,1776217075000
1776217077.286,177.286,0.01,190.0,,,0.03,20.0,0.04,15.0,0.97,20.0,0.96,15.0,0.99,190.0,,,0.02,0.02,44.050952,1776217076000
1776217077.981,177.981,0.01,190.0,,,0.03,20.0,0.04,15.0,0.97,20.0,0.96,15.0,0.99,190.0,,,0.02,0.02,44.048532,1776217077000
1776217079.704,179.704,0.01,190.0,,,0.03,20.0,0.04,15.0,0.97,20.0,0.96,15.0,0.99,190.0,,,0.02,0.02,44.040124,1776217078000
1776217080.408,180.408,0.01,190.0,,,0.03,20.0,0.04,15.0,0.97,20.0,0.96,15.0,0.99,190.0,,,0.02,0.02,44.040124,1776217079000
1776217080.613,180.613,0.01,160.0,,,0.02,20.0,0.03,15.0,0.97,20.0,0.96,15.0,0.99,190.0,,,0.01,0.02,44.040124,1776217079000
1776217081.502,181.502,0.01,160.0,,,0.02,20.0,0.03,15.0,0.98,20.0,0.97,15.0,0.99,160.0,,,0.01,0.01,44.040457,1776217080000
1776217082.15,182.15,0.01,160.0,,,0.02,20.0,0.03,15.0,0.98,20.0,0.97,15.0,0.99,160.0,,,0.01,0.01,44.040457,1776217081000
1776217082.538,182.538,0.01,125.55,,,0.02,20.0,0.03,15.0,0.98,20.0,0.97,15.0,0.99,160.0,,,0.01,0.01,44.040457,1776217081000
1776217083.279,183.279,0.01,125.55,,,0.02,20.0,0.03,15.0,0.98,20.0,0.97,15.0,0.99,125.55,,,0.01,0.01,44.043113,1776217082000
1776217083.606,183.606,0.01,115.45,,,0.02,37.34,0.03,15.0,0.98,20.0,0.97,15.0,0.99,125.55,,,0.01,0.01,44.043113,1776217082000
1776217084.466,184.466,0.01,115.45,,,0.02,37.34,0.03,15.0,0.98,37.34,0.97,15.0,0.99,115.45,,,0.01,0.01,44.042962,1776217083000
1776217085.08,185.08,0.01,115.45,,,0.02,37.34,0.03,15.0,0.98,37.34,0.97,15.0,0.99,115.45,,,0.01,0.01,44.042962,1776217084000
1776217086.289,186.289,0.01,115.45,,,0.02,37.34,0.03,15.0,0.98,37.34,0.97,15.0,0.99,115.45,,,0.01,0.01,44.042859,1776217085000
1776217087.549,187.549,0.01,115.45,,,0.02,37.34,0.03,15.0,0.98,37.34,0.97,15.0,0.99,115.45,,,0.01,0.01,44.043203,1776217086000
1776217088.017,188.017,0.01,115.45,,,0.02,37.34,0.03,15.0,0.98,37.34,0.97,15.0,0.99,115.45,,,0.01,0.01,44.043203,1776217087000
1776217089.012,189.012,0.01,115.45,,,0.02,37.34,0.03,15.0,0.98,37.34,0.97,15.0,0.99,115.45,,,0.01,0.01,44.04314,1776217088000
1776217090.247,190.247,0.01,115.45,,,0.02,37.34,0.03,15.0,0.98,37.34,0.97,15.0,0.99,115.45,,,0.01,0.01,44.042907,1776217089000
1776217091.392,191.392,0.01,115.45,,,0.02,37.34,0.03,15.0,0.98,37.34,0.97,15.0,0.99,115.45,,,0.01,0.01,44.042589,1776217090000
1776217092.363,192.363,0.01,115.45,,,0.02,37.34,0.03,15.0,0.98,37.34,0.97,15.0,0.99,115.45,,,0.01,0.01,44.040327,1776217091000
1776217092.939,192.939,0.01,115.45,,,0.02,37.34,0.03,15.0,0.98,37.34,0.97,15.0,0.99,115.45,,,0.01,0.01,44.040773,1776217092000
1776217095.344,195.344,0.01,115.45,,,0.02,37.34,0.03,15.0,0.98,37.34,0.97,15.0,0.99,115.45,,,0.01,0.01,44.044812,1776217093000
1776217096.293,196.293,0.01,115.45,,,0.02,37.34,0.03,15.0,0.98,37.34,0.97,15.0,0.99,115.45,,,0.01,0.01,44.034796,1776217094000
1776217097.102,197.102,0.01,115.45,,,0.02,37.34,0.03,15.0,0.98,37.34,0.97,15.0,0.99,115.45,,,0.01,0.01,44.034621,1776217095000
1776217097.963,197.963,0.01,115.45,,,0.02,37.34,0.03,15.0,0.98,37.34,0.97,15.0,0.99,115.45,,,0.01,0.01,44.033612,1776217096000
1776217098.794,198.794,0.01,115.45,,,0.02,37.34,0.03,15.0,0.98,37.34,0.97,15.0,0.99,115.45,,,0.01,0.01,44.033239,1776217097000
1776217099.473,199.473,0.01,115.45,,,0.02,37.34,0.03,15.0,0.98,37.34,0.97,15.0,0.99,115.45,,,0.01,0.01,44.031935,1776217098000
1776217100.204,200.204,0.01,115.45,,,0.02,37.34,0.03,15.0,0.98,37.34,0.97,15.0,0.99,115.45,,,0.01,0.01,44.032075,1776217099000
1776217101.494,201.494,0.01,115.45,,,0.02,37.34,0.03,15.0,0.98,37.34,0.97,15.0,0.99,115.45,,,0.01,0.01,44.032428,1776217100000
1776217102.103,202.103,0.01,115.45,,,0.02,37.34,0.03,15.0,0.98,37.34,0.97,15.0,0.99,115.45,,,0.01,0.01,44.032452,1776217101000
1776217103.398,203.398,0.01,115.45,,,0.02,37.34,0.03,15.0,0.98,37.34,0.97,15.0,0.99,115.45,,,0.01,0.01,44.031776,1776217102000
1776217104.019,204.019,0.01,115.45,,,0.02,37.34,0.03,15.0,0.98,37.34,0.97,15.0,0.99,115.45,,,0.01,0.01,44.031124,1776217103000
1776217105.339,205.339,0.01,115.45,,,0.02,37.34,0.03,15.0,0.98,37.34,0.97,15.0,0.99,115.45,,,0.01,0.01,44.030317,1776217104000
1776217105.989,205.989,0.01,115.45,,,0.02,37.34,0.03,15.0,0.98,37.34,0.97,15.0,0.99,115.45,,,0.01,0.01,44.031449,1776217105000
1776217107.236,207.236,0.01,115.45,,,0.02,37.34,0.03,15.0,0.98,37.34,0.97,15.0,0.99,115.45,,,0.01,0.01,44.031353,1776217106000
1776217108.087,208.087,0.01,115.45,,,0.02,37.34,0.03,15.0,0.98,37.34,0.97,15.0,0.99,115.45,,,0.01,0.01,44.03111,1776217107000
1776217109.124,209.124,0.01,115.45,,,0.02,37.34,0.03,15.0,0.98,37.34,0.97,15.0,0.99,115.45,,,0.01,0.01,44.032984,1776217108000
1776217110.412,210.412,0.01,97.45,,,0.02,37.34,0.03,15.0,0.98,37.34,0.97,15.0,0.99,115.45,,,0.01,0.01,44.032984,1776217108000
1776217111.186,211.186,0.01,97.45,,,0.02,37.34,0.03,15.0,0.98,37.34,0.97,15.0,0.99,97.45,,,0.01,0.01,44.034464,1776217110000
1776217112.926,212.926,0.01,97.45,,,0.02,37.34,0.03,15.0,0.98,37.34,0.97,15.0,0.99,97.45,,,0.01,0.01,44.02593,1776217111000
1776217113.212,213.212,0.01,90.9,,,0.02,37.34,0.03,15.0,0.98,37.34,0.97,15.0,0.99,97.45,,,0.01,0.01,44.02593,1776217111000
1776217114.074,214.074,0.01,90.9,,,0.02,37.34,0.03,15.0,0.98,37.34,0.97,15.0,0.99,90.9,,,0.01,0.01,44.022123,1776217112000
1776217114.853,214.853,0.01,90.9,,,0.02,37.34,0.03,15.0,0.98,37.34,0.97,15.0,0.99,90.9,,,0.01,0.01,44.021981,1776217113000
1776217115.498,215.498,0.01,90.9,,,0.02,37.34,0.03,15.0,0.98,37.34,0.97,15.0,0.99,90.9,,,0.01,0.01,44.014178,1776217114000
1776217116.125,216.125,0.01,90.9,,,0.02,37.34,0.03,15.0,0.98,37.34,0.97,15.0,0.99,90.9,,,0.01,0.01,44.012903,1776217115000
1776217117.737,217.737,0.01,90.9,,,0.02,37.34,0.03,15.0,0.98,37.34,0.97,15.0,0.99,90.9,,,0.01,0.01,44.012128,1776217116000
1776217118.098,218.098,0.01,70.9,,,0.02,37.34,0.03,15.0,0.98,37.34,0.97,15.0,0.99,90.9,,,0.01,0.01,44.012128,1776217116000
1776217118.382,218.382,0.01,70.9,,,0.02,37.34,0.03,15.0,0.98,37.34,0.97,15.0,0.99,70.9,,,0.01,0.01,44.012427,1776217117000
1776217119.064,219.064,0.01,70.9,,,0.02,37.34,0.03,15.0,0.98,37.34,0.97,15.0,0.99,70.9,,,0.01,0.01,44.012342,1776217118000
1776217119.803,219.803,0.01,50.9,,,0.02,37.34,0.03,15.0,0.98,37.34,0.97,15.0,0.99,70.9,,,0.01,0.01,44.012342,1776217118000
1776217120.19,220.19,0.01,40.9,,,0.02,37.34,0.03,15.0,0.98,37.34,0.97,15.0,0.99,50.9,,,0.01,0.01,44.012342,1776217118000
1776217120.976,220.976,0.01,40.9,,,0.02,37.34,0.03,15.0,0.98,37.34,0.97,15.0,0.99,40.9,,,0.01,0.01,44.01405,1776217120000
1776217122.245,222.245,0.01,35.9,,,0.02,37.34,0.03,15.0,0.98,37.34,0.97,15.0,0.99,40.9,,,0.01,0.01,44.01405,1776217120000
1776217122.655,222.655,0.01,35.9,,,0.02,37.34,0.03,15.0,0.98,37.34,0.97,15.0,0.99,35.9,,,0.01,0.01,44.015176,1776217121000
1776217123.064,223.064,0.01,25.9,,,0.02,37.34,0.03,15.0,0.98,37.34,0.97,15.0,0.99,35.9,,,0.01,0.01,44.015176,1776217121000
1776217123.316,223.316,0.01,25.9,,,0.02,37.34,0.03,15.0,0.98,37.34,0.97,15.0,0.99,25.9,,,0.01,0.01,44.014612,1776217122000
1776217124.141,224.141,0.01,25.9,,,0.02,37.34,0.03,15.0,0.98,37.34,0.97,15.0,0.99,25.9,,,0.01,0.01,44.014674,1776217123000
1776217125.413,225.413,0.01,25.9,,,0.02,37.34,0.03,15.0,0.98,37.34,0.97,15.0,0.99,25.9,,,0.01,0.01,44.014224,1776217124000
1776217125.896,225.896,0.01,15.9,,,0.02,32.34,0.03,15.0,0.98,37.34,0.97,15.0,0.99,25.9,,,0.01,0.01,44.014224,1776217124000
1776217127.544,227.544,0.01,15.9,,,0.02,32.34,0.03,15.0,0.98,32.34,0.97,15.0,0.99,15.9,,,0.01,0.01,44.016015,1776217126000
1776217128.129,228.129,0.01,15.9,,,0.02,32.34,0.03,15.0,0.98,32.34,0.97,15.0,0.99,15.9,,,0.01,0.01,44.022042,1776217127000
1776217129.36,229.36,,,,,0.02,37.34,0.03,15.0,0.98,32.34,0.97,15.0,0.99,15.9,,,,0.01,44.022042,1776217127000
1776217130.189,230.189,,,,,0.02,37.34,0.03,15.0,0.98,37.34,0.97,15.0,,,,,,,44.021533,1776217129000
1776217131.229,231.229,,,,,0.02,37.34,0.03,15.0,0.98,37.34,0.97,15.0,,,,,,,44.02149,1776217130000
1776217132.77,232.77,,,,,0.02,37.34,0.03,15.0,0.98,37.34,0.97,15.0,,,,,,,44.023332,1776217131000
1776217133.398,233.398,,,,,0.02,37.34,0.03,15.0,0.98,37.34,0.97,15.0,,,,,,,44.023332,1776217132000
1776217134.048,234.048,,,,,0.02,37.34,0.03,15.0,0.98,37.34,0.97,15.0,,,,,,,44.023492,1776217133000
1776217135.764,235.764,,,,,0.02,37.34,0.03,15.0,0.98,37.34,0.97,15.0,,,,,,,44.026182,1776217134000
1776217136.402,236.402,,,,,0.02,37.34,0.03,15.0,0.98,37.34,0.97,15.0,,,,,,,44.029389,1776217135000
1776217137.091,237.091,,,,,0.02,37.34,0.03,15.0,0.98,37.34,0.97,15.0,,,,,,,44.029389,1776217136000
1776217138.418,238.418,,,,,0.02,37.34,0.03,15.0,0.98,37.34,0.97,15.0,,,,,,,44.029558,1776217137000
1776217139.1,239.1,,,,,0.02,37.34,0.03,15.0,0.98,37.34,0.97,15.0,,,,,,,44.029555,1776217138000
1776217140.425,240.425,,,,,0.02,37.34,0.03,15.0,0.98,37.34,0.97,15.0,,,,,,,44.029554,1776217139000
1776217141.732,241.732,,,,,0.02,37.34,0.03,15.0,0.98,37.34,0.97,15.0,,,,,,,44.029578,1776217140000
1776217142.405,242.405,,,,,0.02,37.34,0.03,15.0,0.98,37.34,0.97,15.0,,,,,,,44.029643,1776217141000
1776217143.18,243.18,,,,,0.02,37.34,0.03,15.0,0.98,37.34,0.97,15.0,,,,,,,44.031,1776217142000
1776217144.434,244.434,,,,,0.02,37.34,0.03,15.0,0.98,37.34,0.97,15.0,,,,,,,44.041124,1776217143000
1776217145.08,245.08,,,,,0.02,37.34,0.03,15.0,0.98,37.34,0.97,15.0,,,,,,,44.044933,1776217144000
1776217146.462,246.462,,,,,0.02,37.34,0.03,15.0,0.98,37.34,0.97,15.0,,,,,,,44.044749,1776217145000
1776217147.122,247.122,,,,,0.02,37.34,0.03,15.0,0.98,37.34,0.97,15.0,,,,,,,44.045349,1776217146000
1776217149.046,249.046,,,,,0.02,37.34,0.03,15.0,0.98,37.34,0.97,15.0,,,,,,,44.052777,1776217147000
1776217149.557,249.557,,,,,0.02,37.34,0.03,15.0,0.98,37.34,0.97,15.0,,,,,,,44.052989,1776217148000
1776217150.226,250.226,,,,,0.02,37.34,0.03,15.0,0.98,37.34,0.97,15.0,,,,,,,44.056851,1776217149000
1776217151.156,251.156,,,,,0.02,37.34,0.03,15.0,0.98,37.34,0.97,15.0,,,,,,,44.057622,1776217150000
1776217152.118,252.118,,,,,0.02,37.34,0.03,15.0,0.98,37.34,0.97,15.0,,,,,,,44.057591,1776217151000
1776217153.146,253.146,,,,,0.02,37.34,0.03,15.0,0.98,37.34,0.97,15.0,,,,,,,44.058125,1776217152000
1776217154.617,254.617,,,,,0.02,37.34,0.03,15.0,0.98,37.34,0.97,15.0,,,,,,,44.055569,1776217153000
1776217155.131,255.131,,,,,0.02,37.34,0.03,15.0,0.98,37.34,0.97,15.0,,,,,,,44.054761,1776217154000
1776217156.167,256.167,,,,,0.02,37.34,0.03,15.0,0.98,37.34,0.97,15.0,,,,,,,44.05698,1776217155000
1776217157.328,257.328,,,,,0.02,37.34,0.03,15.0,0.98,37.34,0.97,15.0,,,,,,,44.055165,1776217156000
1776217158.042,258.042,,,,,0.02,37.34,0.03,15.0,0.98,37.34,0.97,15.0,,,,,,,44.055583,1776217157000
1776217158.945,258.945,,,,,0.02,37.34,0.03,15.0,0.98,37.34,0.97,15.0,,,,,,,44.054197,1776217158000
1776217159.936,259.936,,,,,0.02,37.34,0.03,15.0,0.98,37.34,0.97,15.0,,,,,,,44.054222,1776217159000
1776217160.898,260.898,,,,,0.02,37.34,0.03,15.0,0.98,37.34,0.97,15.0,,,,,,,44.054222,1776217160000
1776217162.079,262.079,,,,,0.01,15.01,0.02,15.0,0.98,37.34,0.97,15.0,,,,,,,44.054222,1776217160000
1776217163.409,263.409,,,,,0.01,15.01,0.02,15.0,0.99,15.01,0.98,15.0,,,,,,,44.055145,1776217162000
1776217164.156,264.156,,,,,0.01,15.01,0.02,15.0,0.99,15.01,0.98,15.0,,,,,,,44.05539,1776217163000
1776217165.324,265.324,,,,,0.01,15.01,0.02,15.0,0.99,15.01,0.98,15.0,,,,,,,44.062037,1776217164000
1776217166.011,266.011,,,,,0.01,15.01,0.02,15.0,0.99,15.01,0.98,15.0,,,,,,,44.064427,1776217165000
1776217167.452,267.452,,,,,0.01,15.01,0.02,15.0,0.99,15.01,0.98,15.0,,,,,,,44.067838,1776217166000
1776217170.959,270.959,,,,,0.01,15.01,0.02,15.0,0.99,15.01,0.98,15.0,,,,,,,44.073837,1776217169000
1776217171.438,271.438,,,,,0.01,15.01,0.02,15.0,0.99,15.01,0.98,15.0,,,,,,,44.074507,1776217170000
1776217172.149,272.149,,,,,0.01,15.01,0.02,15.0,0.99,15.01,0.98,15.0,,,,,,,44.078499,1776217171000
1776217173.114,273.114,,,,,0.01,15.01,0.02,15.0,0.99,15.01,0.98,15.0,,,,,,,44.084693,1776217172000
1776217174.23,274.23,,,,,0.01,15.01,0.02,15.0,0.99,15.01,0.98,15.0,,,,,,,44.084881,1776217173000
1776217175.341,275.341,,,,,0.01,15.01,0.02,15.0,0.99,15.01,0.98,15.0,,,,,,,44.085727,1776217174000
1776217175.85,275.85,,,,,0.01,15.01,0.02,15.0,0.99,15.01,0.98,15.0,,,,,,,44.084114,1776217175000
1776217176.921,276.921,,,,,0.01,15.01,0.02,15.0,0.99,15.01,0.98,15.0,,,,,,,44.082651,1776217176000
1776217178.076,278.076,,,,,0.01,15.01,0.02,15.0,0.99,15.01,0.98,15.0,,,,,,,44.082765,1776217177000
1776217179.164,279.164,,,,,0.01,15.01,0.02,15.0,0.99,15.01,0.98,15.0,,,,,,,44.082604,1776217178000
1776217180.193,280.193,,,,,0.01,15.01,0.02,15.0,0.99,15.01,0.98,15.0,,,,,,,44.094373,1776217179000
1776217181.38,281.38,,,,,0.01,15.01,0.02,15.0,0.99,15.01,0.98,15.0,,,,,,,44.097881,1776217180000
1776217181.917,281.917,,,,,0.01,15.01,0.02,15.0,0.99,15.01,0.98,15.0,,,,,,,44.099097,1776217181000
1776217183.1,283.1,,,,,0.01,15.01,0.02,15.0,0.99,15.01,0.98,15.0,,,,,,,44.106913,1776217182000
1776217184.221,284.221,,,,,0.01,15.01,0.02,15.0,0.99,15.01,0.98,15.0,,,,,,,44.098769,1776217183000
1776217185.45,285.45,,,,,0.01,15.01,0.02,15.0,0.99,15.01,0.98,15.0,,,,,,,44.102769,1776217184000
1776217185.954,285.954,,,,,0.01,15.01,0.02,15.0,0.99,15.01,0.98,15.0,,,,,,,44.107407,1776217185000
1776217187.189,287.189,,,,,0.01,15.01,0.02,15.0,0.99,15.01,0.98,15.0,,,,,,,44.121938,1776217186000
1776217188.395,288.395,,,,,0.01,15.01,0.02,15.0,0.99,15.01,0.98,15.0,,,,,,,44.125056,1776217187000
1776217188.994,288.994,,,,,0.01,15.01,0.02,15.0,0.99,15.01,0.98,15.0,,,,,,,44.124883,1776217188000
1776217190.363,290.363,,,,,0.01,15.01,0.02,15.0,0.99,15.01,0.98,15.0,,,,,,,44.123624,1776217189000
1776217191.429,291.429,,,,,0.01,15.01,0.02,15.0,0.99,15.01,0.98,15.0,,,,,,,44.126911,1776217190000
1776217192.077,292.077,,,,,0.09,10.0,0.5,40.0,0.91,10.0,0.5,40.0,,,,,,,44.127233,1776217191000
1776217193.27,293.27,,,,,0.09,10.0,0.5,40.0,0.91,10.0,0.5,40.0,,,,,,,44.125798,1776217192000
1776217194.37,294.37,,,,,0.09,10.0,0.5,40.0,0.91,10.0,0.5,40.0,,,,,,,44.132764,1776217193000
1776217194.954,294.954,,,,,0.09,10.0,0.5,40.0,0.91,10.0,0.5,40.0,,,,,,,44.137263,1776217194000
1776217196.043,296.043,,,,,0.09,10.0,0.5,40.0,0.91,10.0,0.5,40.0,,,,,,,44.142904,1776217195000
1776217197.287,297.287,,,,,0.09,10.0,0.5,40.0,0.91,10.0,0.5,40.0,,,,,,,44.140722,1776217196000
1776217198.376,298.376,,,,,0.09,10.0,0.5,40.0,0.91,10.0,0.5,40.0,,,,,,,44.140619,1776217197000
1776217199.34,299.34,,,,,0.09,10.0,0.5,40.0,0.91,10.0,0.5,40.0,,,,,,,44.140484,1776217198000
1776217200.733,300.733,,,,,0.09,10.0,0.5,40.0,0.91,10.0,0.5,40.0,,,,,,,44.140354,1776217199000

# RESULT,winner=Down,slug=hype-updown-5m-1776216900,ticks=304
