timestamp,elapsed_sec,up_bid_p1,up_bid_s1,up_bid_p2,up_bid_s2,up_ask_p1,up_ask_s1,up_ask_p2,up_ask_s2,down_bid_p1,down_bid_s1,down_bid_p2,down_bid_s2,down_ask_p1,down_ask_s1,down_ask_p2,down_ask_s2,up_spread,down_spread,hype_price,hype_oracle_ts
1776357001.325,1.325,0.41,37.0,0.4,33.0,0.59,37.0,0.6,33.0,0.41,37.0,0.4,33.0,0.59,37.0,0.6,33.0,0.18,0.18,44.517818,1776357000000
1776357012.52,12.52,0.63,5.0,0.62,5.0,0.65,5.0,0.66,5.0,0.41,37.0,0.4,33.0,0.59,37.0,0.6,33.0,0.02,0.18,44.523096,1776357011000
1776357045.077,45.077,0.73,15.0,0.64,49.0,0.77,7.0,0.78,15.0,0.35,5.0,0.34,5.0,0.37,5.0,0.38,5.0,0.04,0.02,44.576366,1776357043000
1776357053.368,53.368,0.67,30.0,0.66,15.0,0.69,5.0,0.7,5.0,0.23,7.0,0.22,15.0,0.27,15.0,0.36,49.0,0.02,0.04,44.563451,1776357052000
1776357057.048,57.048,0.55,8.0,0.54,8.0,0.59,5.0,0.6,5.0,0.31,5.0,0.3,5.0,0.33,30.0,0.34,15.0,0.04,0.02,44.563071,1776357055000
1776357059.189,59.189,0.6,5.0,0.59,5.0,0.62,5.0,0.63,5.0,0.41,5.0,0.4,5.0,0.45,8.0,0.46,8.0,0.02,0.04,44.552685,1776357058000
1776357062.493,62.493,0.72,18.99,0.7,5.0,0.73,5.0,0.74,20.0,0.38,5.0,0.37,5.0,0.4,5.0,0.41,5.0,0.01,0.02,44.545787,1776357061000
1776357084.171,84.171,0.67,4.54,0.66,5.0,0.7,15.0,0.71,20.0,0.27,5.0,0.26,20.0,0.28,18.99,0.3,5.0,0.03,0.01,44.556105,1776357083000
1776357084.547,84.547,0.67,4.54,0.66,5.0,0.69,5.0,0.7,20.0,0.3,15.0,0.29,20.0,0.33,4.54,0.34,5.0,0.02,0.03,44.556105,1776357083000
1776357086.377,86.377,0.61,5.0,0.6,5.0,0.67,10.0,0.68,20.0,0.31,5.0,0.3,20.0,0.33,4.54,0.34,5.0,0.06,0.02,44.555385,1776357085000
1776357092.559,92.559,0.67,5.0,0.66,5.0,0.69,15.0,0.7,23.0,0.33,10.0,0.32,20.0,0.39,5.0,0.4,5.0,0.02,0.06,44.540948,1776357091000
1776357099.615,99.615,0.72,4.89,0.71,5.0,0.74,15.0,0.75,20.0,0.31,15.0,0.3,23.0,0.33,5.0,0.34,5.0,0.02,0.02,44.555786,1776357098000
1776357187.511,187.511,0.54,5.0,0.53,5.0,0.57,1.15,0.58,5.0,0.26,15.0,0.25,20.0,0.28,4.89,0.29,5.0,0.03,0.02,44.568971,1776357186000
1776357189.086,189.086,0.69,5.0,0.68,5.0,0.7,10.0,0.71,5.0,0.43,1.15,0.42,5.0,0.46,5.0,0.47,5.0,0.01,0.03,44.567706,1776357187000
1776357227.06,227.06,0.59,5.0,0.58,5.0,0.71,44.0,0.73,5.0,0.3,10.0,0.29,5.0,0.31,5.0,0.32,5.0,0.12,0.01,44.539691,1776357225000
1776357227.894,227.894,0.55,2.77,0.5,6.0,0.56,5.0,0.57,5.0,0.29,44.0,0.27,5.0,0.41,5.0,0.42,5.0,0.01,0.12,44.53582,1776357226000
1776357228.139,228.139,0.5,6.0,0.49,5.11,0.53,12.23,0.56,5.0,0.44,5.0,0.43,5.0,0.45,2.77,0.5,6.0,0.03,0.01,44.53582,1776357226000
1776357228.456,228.456,0.5,0.9,0.49,5.11,0.51,55.0,0.52,5.0,0.47,12.23,0.44,5.0,0.5,6.0,0.51,5.11,0.01,0.03,44.532044,1776357227000
1776357233.058,233.058,0.14,5.58,0.13,15.0,0.15,40.0,0.16,5.0,0.59,8.99,0.49,171.0,0.72,5.0,0.73,20.0,0.01,0.13,44.505533,1776357231000
1776357234.248,234.248,0.13,14.3,0.12,15.0,0.15,40.0,0.16,5.0,0.85,40.0,0.84,5.0,0.86,5.58,0.87,15.0,0.02,0.01,44.493608,1776357232000
1776357235.127,235.127,0.24,5.0,0.23,5.0,0.26,15.0,0.3,5.0,0.85,40.0,0.84,5.0,0.87,14.3,0.88,15.0,0.02,0.02,44.475477,1776357234000
1776357235.878,235.878,0.17,4.0,0.16,5.0,0.19,5.0,0.2,5.0,0.74,15.0,0.7,5.0,0.76,5.0,0.77,5.0,0.02,0.02,44.475477,1776357234000
1776357238.536,238.536,0.14,14.4,0.13,14.3,0.15,5.0,0.16,5.0,0.81,5.0,0.8,5.0,0.83,4.0,0.84,5.0,0.01,0.02,44.480732,1776357237000
1776357241.182,241.182,0.14,27.4,0.13,19.3,0.15,5.0,0.16,5.0,0.85,5.0,0.84,5.0,0.86,14.4,0.87,14.3,0.01,0.01,44.475231,1776357239000
1776357242.075,242.075,0.1,32.4,0.09,26.0,0.15,44.0,0.16,5.0,0.85,5.0,0.84,5.0,0.86,27.4,0.87,19.3,0.05,0.01,44.475231,1776357239000
1776357242.355,242.355,0.1,26.4,0.09,26.0,0.11,5.0,0.12,5.0,0.85,44.0,0.84,5.0,0.9,32.4,0.91,26.0,0.01,0.05,44.475231,1776357239000
1776357243.222,243.222,0.1,21.4,0.09,26.0,0.11,5.0,0.12,5.0,0.89,5.0,0.88,5.0,0.9,26.4,0.91,26.0,0.01,0.01,44.477638,1776357242000
1776357248.209,248.209,0.09,11.0,0.08,12.0,0.1,10.35,0.11,96.0,0.89,5.0,0.88,5.0,0.9,21.4,0.91,26.0,0.01,0.01,44.456179,1776357246000
1776357249.633,249.633,0.09,5.95,0.08,12.0,0.1,30.35,0.11,46.0,0.9,10.35,0.89,96.0,0.91,11.0,0.92,12.0,0.01,0.01,44.452977,1776357248000
1776357251.208,251.208,0.08,5.92,0.07,14.0,0.1,15.35,0.11,61.0,0.9,30.35,0.89,46.0,0.91,5.95,0.92,12.0,0.02,0.01,44.414193,1776357250000
1776357251.712,251.712,0.08,4.83,0.07,14.0,0.09,68.0,0.1,15.35,0.9,15.35,0.89,61.0,0.92,5.92,0.93,14.0,0.01,0.02,44.414193,1776357250000
1776357251.94,251.94,0.05,14.83,0.04,25.0,0.09,68.0,0.1,15.35,0.91,68.0,0.9,15.35,0.92,4.83,0.93,14.0,0.04,0.01,44.414193,1776357250000
1776357252.251,252.251,0.03,48.0,0.02,130.0,0.06,5.0,0.07,5.0,0.94,5.0,0.93,5.0,0.95,6.39,0.96,25.0,0.03,0.01,44.414193,1776357250000
1776357252.744,252.744,0.03,46.96,0.02,130.0,0.04,5.0,0.05,37.05,0.94,5.0,0.93,5.0,0.97,48.0,0.98,130.0,0.01,0.03,44.412294,1776357251000
1776357253.161,253.161,0.03,35.61,0.02,130.0,0.04,5.0,0.05,37.05,0.96,5.0,0.95,37.05,0.97,46.96,0.98,130.0,0.01,0.01,44.412294,1776357251000
1776357253.397,253.397,0.03,5.61,0.02,130.0,0.04,5.0,0.05,37.05,0.96,5.0,0.95,37.05,0.97,35.61,0.98,130.0,0.01,0.01,44.413067,1776357252000
1776357254.007,254.007,0.02,53.92,0.01,315.0,0.04,5.0,0.05,37.05,0.96,5.0,0.95,37.05,0.97,5.61,0.98,130.0,0.02,0.01,44.413067,1776357252000
1776357255.037,255.037,0.02,47.64,0.01,315.0,0.05,37.05,0.06,5.0,0.96,5.0,0.95,37.05,0.98,53.92,0.99,315.0,0.03,0.02,44.427979,1776357253000
1776357256.025,256.025,0.02,36.41,0.01,320.22,0.04,5.0,0.05,37.05,0.95,37.05,0.94,5.0,0.98,47.64,0.99,315.0,0.02,0.03,44.430271,1776357254000
1776357256.31,256.31,0.02,16.41,0.01,320.22,0.03,5.0,0.04,5.0,0.96,5.0,0.95,37.05,0.98,36.41,0.99,320.22,0.01,0.02,44.43381,1776357255000
1776357257.204,257.204,0.02,0.18,0.01,320.22,0.03,5.0,0.04,5.0,0.97,5.0,0.96,5.0,0.98,16.41,0.99,320.22,0.01,0.01,44.43381,1776357255000
1776357257.637,257.637,0.01,320.22,,,0.03,5.0,0.04,5.0,0.97,5.0,0.96,5.0,0.98,0.18,0.99,320.22,0.02,0.01,44.440729,1776357256000
1776357258.967,258.967,0.01,314.05,,,0.03,5.0,0.04,5.0,0.97,5.0,0.96,5.0,0.99,320.22,,,0.02,0.02,44.440771,1776357257000
1776357259.826,259.826,0.02,18.97,0.01,314.05,0.03,5.0,0.04,5.0,0.97,5.0,0.96,5.0,0.99,314.05,,,0.01,0.02,44.431129,1776357258000
1776357261.728,261.728,0.01,300.65,,,0.03,5.0,0.04,5.0,0.97,5.0,0.96,5.0,0.98,7.74,0.99,314.05,0.02,0.01,44.433859,1776357260000
1776357262.172,262.172,0.01,287.96,,,0.02,5.0,0.03,5.0,0.97,5.0,0.96,5.0,0.99,300.65,,,0.01,0.02,44.437504,1776357261000
1776357263.155,263.155,0.01,281.84,,,0.02,5.0,0.03,5.0,0.98,5.0,0.97,5.0,0.99,287.96,,,0.01,0.01,44.437504,1776357261000
1776357265.191,265.191,0.04,5.0,0.03,5.0,0.11,17.4,0.12,5.0,0.98,5.0,0.97,5.0,0.99,281.84,,,0.07,0.01,44.439287,1776357263000
1776357265.628,265.628,0.08,3.91,0.07,5.0,0.1,5.0,0.11,5.0,0.89,17.4,0.88,5.0,0.92,2.88,0.93,5.0,0.02,0.03,44.438419,1776357264000
1776357270.281,270.281,0.07,5.0,0.06,15.0,0.08,5.0,0.09,20.0,0.9,5.0,0.89,5.0,0.92,3.91,0.93,5.0,0.01,0.02,44.476638,1776357268000
1776357270.733,270.733,0.06,15.0,0.05,15.0,0.08,5.0,0.09,20.0,0.92,5.0,0.91,20.0,0.93,5.0,0.94,15.0,0.02,0.01,44.473354,1776357269000
1776357274.273,274.273,0.03,3.65,0.02,15.0,0.04,5.0,0.05,5.0,0.92,5.0,0.91,20.0,0.94,15.0,0.95,15.0,0.01,0.02,44.471143,1776357272000
1776357277.448,277.448,0.01,287.65,,,0.02,5.0,0.03,5.0,0.96,5.0,0.95,5.0,0.97,3.65,0.98,15.0,0.01,0.01,44.461311,1776357275000
1776357278.522,278.522,0.01,274.9,,,0.02,5.0,0.03,5.0,0.98,5.0,0.97,5.0,0.99,287.65,,,0.01,0.01,44.464548,1776357277000
1776357281.977,281.977,0.01,265.39,,,0.02,5.0,0.03,5.0,0.98,5.0,0.97,5.0,0.99,274.9,,,0.01,0.01,44.463827,1776357280000
1776357282.285,282.285,0.01,255.28,,,0.02,5.0,0.03,5.0,0.98,5.0,0.97,5.0,0.99,265.39,,,0.01,0.01,44.463743,1776357281000
1776357283.319,283.319,0.01,244.16,,,0.02,5.0,0.03,5.0,0.98,5.0,0.97,5.0,0.99,255.28,,,0.01,0.01,44.463743,1776357281000
1776357285.472,285.472,0.01,239.16,,,0.02,5.0,0.03,5.0,0.98,5.0,0.97,5.0,0.99,244.16,,,0.01,0.01,44.467469,1776357284000
1776357286.695,286.695,0.01,228.04,,,0.02,5.0,0.03,5.0,0.98,5.0,0.97,5.0,0.99,239.16,,,0.01,0.01,44.470332,1776357285000
1776357288.766,288.766,0.01,214.29,,,0.02,5.0,0.03,5.0,0.98,5.0,0.97,5.0,0.99,228.04,,,0.01,0.01,44.459605,1776357287000
1776357289.607,289.607,0.01,203.17,,,0.02,5.0,0.03,5.0,0.98,5.0,0.97,5.0,0.99,214.29,,,0.01,0.01,44.459365,1776357288000
1776357291.311,291.311,0.01,153.17,,,0.02,5.0,0.03,5.0,0.98,5.0,0.97,5.0,0.99,203.17,,,0.01,0.01,44.459778,1776357289000
1776357292.207,292.207,0.01,142.05,,,0.02,5.0,0.03,5.0,0.98,5.0,0.97,5.0,0.99,153.17,,,0.01,0.01,44.457126,1776357290000

# RESULT,winner=Down,slug=hype-updown-5m-1776357000,ticks=63
