timestamp,elapsed_sec,up_bid_p1,up_bid_s1,up_bid_p2,up_bid_s2,up_ask_p1,up_ask_s1,up_ask_p2,up_ask_s2,down_bid_p1,down_bid_s1,down_bid_p2,down_bid_s2,down_ask_p1,down_ask_s1,down_ask_p2,down_ask_s2,up_spread,down_spread,hype_price,hype_oracle_ts
1776364201.039,1.039,0.41,37.0,0.4,33.0,0.59,37.0,0.6,33.0,0.41,37.0,0.4,33.0,0.59,37.0,0.6,33.0,0.18,0.18,43.56338,1776364200000
1776364205.053,5.053,0.52,5.0,0.51,55.0,0.53,3.11,0.54,5.0,0.41,37.0,0.4,33.0,0.59,37.0,0.6,33.0,0.01,0.18,43.569884,1776364203000
1776364205.31,5.31,0.53,2.87,0.52,5.0,0.55,5.0,0.56,5.0,0.47,3.11,0.46,5.0,0.48,5.0,0.49,55.0,0.02,0.01,43.569898,1776364204000
1776364206.184,6.184,0.53,2.87,0.52,5.0,0.55,2.03,0.56,5.0,0.45,5.0,0.44,5.0,0.47,2.87,0.48,5.0,0.02,0.02,43.569898,1776364204000
1776364226.949,26.949,0.48,1.13,0.47,5.0,0.51,5.0,0.52,5.0,0.45,2.03,0.44,5.0,0.47,2.87,0.48,5.0,0.03,0.02,43.567708,1776364225000
1776364237.337,37.337,0.48,5.0,0.47,5.0,0.51,5.0,0.52,5.0,0.49,5.0,0.48,5.0,0.52,1.13,0.53,5.0,0.03,0.03,43.574381,1776364236000
1776364254.802,54.802,0.52,5.0,0.51,5.0,0.53,3.11,0.54,5.0,0.49,5.0,0.48,5.0,0.52,5.0,0.53,5.0,0.01,0.03,43.56687,1776364253000
1776364257.333,57.333,0.43,5.0,0.42,5.0,0.45,2.33,0.46,5.0,0.47,3.11,0.46,5.0,0.48,5.0,0.49,5.0,0.02,0.01,43.566353,1776364256000
1776364263.977,63.977,0.38,3.08,0.37,5.0,0.39,8.0,0.4,8.0,0.55,2.33,0.54,5.0,0.57,5.0,0.58,5.0,0.01,0.02,43.53071,1776364262000
1776364270.427,70.427,0.42,2.93,0.41,5.0,0.44,5.0,0.45,5.0,0.61,8.0,0.6,8.0,0.62,3.08,0.63,5.0,0.02,0.01,43.530845,1776364268000
1776364273.966,73.966,0.43,2.91,0.42,5.0,0.45,5.0,0.46,5.0,0.56,5.0,0.55,5.0,0.58,2.93,0.59,5.0,0.02,0.02,43.539258,1776364272000
1776364274.563,74.563,0.44,5.0,0.43,2.91,0.46,5.0,0.47,5.0,0.55,5.0,0.54,5.0,0.57,2.91,0.58,5.0,0.02,0.02,43.538895,1776364273000
1776364303.563,103.563,0.65,5.0,0.64,5.0,0.67,3.22,0.68,5.0,0.54,5.0,0.53,5.0,0.56,5.0,0.57,2.91,0.02,0.02,43.579754,1776364302000
1776364313.035,113.035,0.75,1.0,0.74,5.0,0.76,15.0,0.77,15.0,0.33,3.22,0.32,5.0,0.35,5.0,0.36,5.0,0.01,0.02,43.591008,1776364312000
1776364313.875,113.875,0.75,1.0,0.74,5.0,0.76,9.92,0.77,15.0,0.24,15.0,0.23,15.0,0.25,1.0,0.26,5.0,0.01,0.01,43.591008,1776364312000
1776364317.846,117.846,0.54,2.39,0.53,5.0,0.56,5.0,0.57,5.0,0.24,9.92,0.23,15.0,0.25,1.0,0.26,5.0,0.02,0.01,43.604065,1776364316000
1776364343.066,143.066,0.83,5.0,0.82,5.0,0.85,15.0,0.86,15.0,0.44,5.0,0.43,5.0,0.46,2.39,0.47,5.0,0.02,0.02,43.593337,1776364341000
1776364343.827,143.827,0.83,2.64,0.82,5.0,0.85,15.0,0.86,15.0,0.15,15.0,0.14,15.0,0.17,3.82,0.18,5.0,0.02,0.02,43.603885,1776364342000
1776364346.305,146.305,0.85,3.0,0.84,5.0,0.87,15.0,0.88,15.0,0.15,15.0,0.14,15.0,0.17,2.64,0.18,5.0,0.02,0.02,43.617816,1776364345000
1776364346.879,146.879,0.85,1.0,0.84,5.0,0.87,15.0,0.88,20.0,0.13,15.0,0.12,15.0,0.15,3.0,0.16,5.0,0.02,0.02,43.617816,1776364345000
1776364360.796,160.796,0.89,20.0,0.88,20.0,0.9,8.67,0.91,11.0,0.13,15.0,0.12,20.0,0.15,1.0,0.16,5.0,0.01,0.02,43.651935,1776364359000
1776364376.489,176.489,0.89,5.0,0.88,5.0,0.9,7.34,0.91,11.0,0.1,8.67,0.09,11.0,0.11,20.0,0.12,20.0,0.01,0.01,43.654298,1776364375000
1776364385.543,185.543,0.89,20.0,0.88,20.0,0.9,6.23,0.91,16.0,0.1,7.34,0.09,11.0,0.11,5.0,0.12,5.0,0.01,0.01,43.662469,1776364384000
1776364390.403,190.403,0.89,44.0,0.88,20.0,0.9,4.9,0.91,16.0,0.1,6.23,0.09,16.0,0.11,20.0,0.12,20.0,0.01,0.01,43.660237,1776364389000
1776364394.494,194.494,0.89,46.0,0.88,20.0,0.9,3.57,0.91,16.0,0.1,4.9,0.09,16.0,0.11,44.0,0.12,20.0,0.01,0.01,43.662655,1776364393000
1776364397.746,197.746,0.89,46.0,0.88,20.0,0.9,2.24,0.91,11.0,0.1,3.57,0.09,16.0,0.11,46.0,0.12,20.0,0.01,0.01,43.661662,1776364396000
1776364403.18,203.18,0.89,46.0,0.88,20.0,0.94,20.24,0.95,25.0,0.1,2.24,0.09,11.0,0.11,46.0,0.12,20.0,0.05,0.01,43.675817,1776364401000
1776364405.83,205.83,0.93,15.0,0.92,42.0,0.94,0.03,0.95,25.0,0.06,20.24,0.05,25.0,0.11,46.0,0.12,20.0,0.01,0.05,43.680659,1776364404000
1776364406.236,206.236,0.94,15.0,0.93,20.0,0.95,23.94,0.96,30.0,0.06,0.03,0.05,25.0,0.07,15.0,0.08,42.0,0.01,0.01,43.680659,1776364405000
1776364406.632,206.632,0.94,15.0,0.93,20.0,0.95,22.88,0.96,30.0,0.05,23.94,0.04,30.0,0.06,15.0,0.07,20.0,0.01,0.01,43.680659,1776364405000
1776364407.124,207.124,0.94,15.0,0.93,20.0,0.95,21.82,0.96,30.0,0.05,22.88,0.04,30.0,0.06,15.0,0.07,20.0,0.01,0.01,43.680659,1776364405000
1776364427.391,227.391,0.95,8.18,0.94,45.0,0.96,30.0,0.97,38.0,0.05,21.82,0.04,30.0,0.06,15.0,0.07,20.0,0.01,0.01,43.690685,1776364426000
1776364428.298,228.298,0.95,20.0,0.94,45.0,0.96,21.82,0.97,38.0,0.04,30.0,0.03,38.0,0.05,8.18,0.06,45.0,0.01,0.01,43.690685,1776364426000
1776364428.972,228.972,0.96,15.0,0.95,20.0,0.97,27.79,0.98,60.0,0.04,1.82,0.03,38.0,0.05,20.0,0.06,45.0,0.01,0.01,43.691268,1776364428000
1776364430.785,230.785,0.96,15.0,0.95,20.0,0.97,26.75,0.98,60.0,0.03,27.79,0.02,60.0,0.04,15.0,0.05,20.0,0.01,0.01,43.691667,1776364429000
1776364431.164,231.164,0.96,15.0,0.95,20.0,0.97,6.75,0.98,60.0,0.03,26.75,0.02,60.0,0.04,15.0,0.05,20.0,0.01,0.01,43.691667,1776364429000
1776364431.381,231.381,0.97,23.25,0.96,15.0,0.98,60.0,0.99,170.1,0.03,6.75,0.02,60.0,0.04,15.0,0.05,20.0,0.01,0.01,43.693786,1776364430000
1776364432.29,232.29,0.97,15.0,0.96,20.0,0.98,36.75,0.99,170.1,0.02,60.0,0.01,170.1,0.03,23.25,0.04,15.0,0.01,0.01,43.693786,1776364430000
1776364433.554,233.554,0.97,15.0,0.96,20.0,0.98,3.08,0.99,170.1,0.02,36.75,0.01,170.1,0.03,15.0,0.04,20.0,0.01,0.01,43.692464,1776364432000
1776364441.883,241.883,0.97,20.0,0.96,20.0,0.99,140.1,,,0.02,3.08,0.01,170.1,0.03,15.0,0.04,20.0,0.02,0.01,43.682873,1776364440000
1776364443.499,243.499,0.98,15.0,0.97,20.0,0.99,139.08,,,0.01,140.1,,,0.03,20.0,0.04,20.0,0.01,0.02,43.682611,1776364442000
1776364453.842,253.842,0.98,15.0,0.97,20.0,0.99,137.06,,,0.01,139.08,,,0.02,15.0,0.03,20.0,0.01,0.01,43.6823,1776364452000
1776364457.649,257.649,0.99,862.94,0.98,15.0,,,,,0.01,137.06,,,0.02,15.0,0.03,20.0,,0.01,43.671388,1776364456000

# RESULT,winner=Up,slug=hype-updown-5m-1776364200,ticks=43
