timestamp,elapsed_sec,up_bid_p1,up_bid_s1,up_bid_p2,up_bid_s2,up_ask_p1,up_ask_s1,up_ask_p2,up_ask_s2,down_bid_p1,down_bid_s1,down_bid_p2,down_bid_s2,down_ask_p1,down_ask_s1,down_ask_p2,down_ask_s2,up_spread,down_spread,hype_price,hype_oracle_ts
1776222901.636,1.636,0.25,5.0,0.11,100.0,0.75,5.0,0.89,100.0,0.25,5.0,0.11,100.0,0.75,5.0,0.89,100.0,0.5,0.5,44.067587,1776222900000
1776222902.012,2.012,0.25,5.0,0.11,100.0,0.75,5.0,0.89,100.0,0.25,5.0,0.11,100.0,0.75,5.0,0.89,100.0,0.5,0.5,44.067587,1776222900000
1776222903.167,3.167,0.25,5.0,0.11,100.0,0.75,5.0,0.89,100.0,0.25,5.0,0.11,100.0,0.75,5.0,0.89,100.0,0.5,0.5,44.060034,1776222902000
1776222904.168,4.168,0.25,5.0,0.11,100.0,0.75,5.0,0.89,100.0,0.25,5.0,0.11,100.0,0.75,5.0,0.89,100.0,0.5,0.5,44.056628,1776222903000
1776222905.18,5.18,0.25,5.0,0.11,100.0,0.75,5.0,0.89,100.0,0.25,5.0,0.11,100.0,0.75,5.0,0.89,100.0,0.5,0.5,44.057279,1776222904000
1776222906.331,6.331,0.25,5.0,0.11,100.0,0.75,5.0,0.89,100.0,0.25,5.0,0.11,100.0,0.75,5.0,0.89,100.0,0.5,0.5,44.057143,1776222905000
1776222907.732,7.732,0.25,5.0,0.11,100.0,0.75,5.0,0.89,100.0,0.25,5.0,0.11,100.0,0.75,5.0,0.89,100.0,0.5,0.5,44.057012,1776222906000
1776222908.356,8.356,0.25,5.0,0.11,100.0,0.75,5.0,0.89,100.0,0.25,5.0,0.11,100.0,0.75,5.0,0.89,100.0,0.5,0.5,44.05675,1776222907000
1776222909.137,9.137,0.25,5.0,0.11,100.0,0.75,5.0,0.89,100.0,0.25,5.0,0.11,100.0,0.75,5.0,0.89,100.0,0.5,0.5,44.05675,1776222908000
1776222910.522,10.522,0.25,5.0,0.11,100.0,0.75,5.0,0.89,100.0,0.25,5.0,0.11,100.0,0.75,5.0,0.89,100.0,0.5,0.5,44.057205,1776222909000
1776222911.194,11.194,0.25,5.0,0.11,100.0,0.75,5.0,0.89,100.0,0.25,5.0,0.11,100.0,0.75,5.0,0.89,100.0,0.5,0.5,44.062256,1776222910000
1776222912.477,12.477,0.25,5.0,0.11,100.0,0.75,5.0,0.89,100.0,0.25,5.0,0.11,100.0,0.75,5.0,0.89,100.0,0.5,0.5,44.061065,1776222911000
1776222913.088,13.088,0.25,5.0,0.11,100.0,0.75,5.0,0.89,100.0,0.25,5.0,0.11,100.0,0.75,5.0,0.89,100.0,0.5,0.5,44.061662,1776222912000
1776222914.27,14.27,0.25,5.0,0.11,100.0,0.75,5.0,0.89,100.0,0.25,5.0,0.11,100.0,0.75,5.0,0.89,100.0,0.5,0.5,44.061784,1776222913000
1776222915.456,15.456,0.25,5.0,0.11,100.0,0.75,5.0,0.89,100.0,0.25,5.0,0.11,100.0,0.75,5.0,0.89,100.0,0.5,0.5,44.061691,1776222914000
1776222916.058,16.058,0.25,5.0,0.11,100.0,0.75,5.0,0.89,100.0,0.25,5.0,0.11,100.0,0.75,5.0,0.89,100.0,0.5,0.5,44.061606,1776222915000
1776222917.268,17.268,0.25,5.0,0.11,100.0,0.75,5.0,0.89,100.0,0.25,5.0,0.11,100.0,0.75,5.0,0.89,100.0,0.5,0.5,44.060786,1776222916000
1776222918.507,18.507,0.25,5.0,0.11,100.0,0.75,5.0,0.89,100.0,0.25,5.0,0.11,100.0,0.75,5.0,0.89,100.0,0.5,0.5,44.055002,1776222917000
1776222919.017,19.017,0.25,5.0,0.11,100.0,0.75,5.0,0.89,100.0,0.25,5.0,0.11,100.0,0.75,5.0,0.89,100.0,0.5,0.5,44.055002,1776222918000
1776222920.186,20.186,0.25,5.0,0.11,100.0,0.75,5.0,0.89,100.0,0.25,5.0,0.11,100.0,0.75,5.0,0.89,100.0,0.5,0.5,44.054319,1776222919000
1776222921.376,21.376,0.25,5.0,0.11,100.0,0.75,5.0,0.89,100.0,0.25,5.0,0.11,100.0,0.75,5.0,0.89,100.0,0.5,0.5,44.05326,1776222920000
1776222922.358,22.358,0.25,5.0,0.11,100.0,0.75,5.0,0.89,100.0,0.25,5.0,0.11,100.0,0.75,5.0,0.89,100.0,0.5,0.5,44.05326,1776222921000
1776222922.903,22.903,0.25,5.0,0.11,100.0,0.75,5.0,0.89,100.0,0.25,5.0,0.11,100.0,0.75,5.0,0.89,100.0,0.5,0.5,44.053127,1776222922000
1776222924.082,24.082,0.25,5.0,0.11,100.0,0.75,5.0,0.89,100.0,0.25,5.0,0.11,100.0,0.75,5.0,0.89,100.0,0.5,0.5,44.053127,1776222923000
1776222925.198,25.198,0.25,5.0,0.11,100.0,0.75,5.0,0.89,100.0,0.25,5.0,0.11,100.0,0.75,5.0,0.89,100.0,0.5,0.5,44.05316,1776222924000
1776222926.296,26.296,0.25,5.0,0.11,100.0,0.75,5.0,0.89,100.0,0.25,5.0,0.11,100.0,0.75,5.0,0.89,100.0,0.5,0.5,44.052755,1776222925000
1776222927.371,27.371,0.25,5.0,0.11,100.0,0.75,5.0,0.89,100.0,0.25,5.0,0.11,100.0,0.75,5.0,0.89,100.0,0.5,0.5,44.052499,1776222926000
1776222927.946,27.946,0.25,5.0,0.11,100.0,0.75,5.0,0.89,100.0,0.25,5.0,0.11,100.0,0.75,5.0,0.89,100.0,0.5,0.5,44.052499,1776222927000
1776222928.996,28.996,0.25,5.0,0.11,100.0,0.75,5.0,0.89,100.0,0.25,5.0,0.11,100.0,0.75,5.0,0.89,100.0,0.5,0.5,44.051852,1776222928000
1776222930.104,30.104,0.25,5.0,0.11,100.0,0.75,5.0,0.89,100.0,0.25,5.0,0.11,100.0,0.75,5.0,0.89,100.0,0.5,0.5,44.049966,1776222929000
1776222931.2,31.2,0.25,5.0,0.11,100.0,0.75,5.0,0.89,100.0,0.25,5.0,0.11,100.0,0.75,5.0,0.89,100.0,0.5,0.5,44.048973,1776222930000
1776222932.353,32.353,0.25,5.0,0.11,100.0,0.75,5.0,0.89,100.0,0.25,5.0,0.11,100.0,0.75,5.0,0.89,100.0,0.5,0.5,44.049507,1776222931000
1776222933.281,33.281,0.25,5.0,0.11,100.0,0.75,5.0,0.89,100.0,0.25,5.0,0.11,100.0,0.75,5.0,0.89,100.0,0.5,0.5,44.047802,1776222932000
1776222934.482,34.482,0.25,5.0,0.11,100.0,0.75,5.0,0.89,100.0,0.25,5.0,0.11,100.0,0.75,5.0,0.89,100.0,0.5,0.5,44.048454,1776222933000
1776222934.984,34.984,0.25,5.0,0.11,100.0,0.75,5.0,0.89,100.0,0.25,5.0,0.11,100.0,0.75,5.0,0.89,100.0,0.5,0.5,44.048425,1776222934000
1776222936.564,36.564,0.25,5.0,0.11,100.0,0.75,5.0,0.89,100.0,0.25,5.0,0.11,100.0,0.75,5.0,0.89,100.0,0.5,0.5,44.048029,1776222935000
1776222937.58,37.58,0.25,5.0,0.11,100.0,0.75,5.0,0.89,100.0,0.25,5.0,0.11,100.0,0.75,5.0,0.89,100.0,0.5,0.5,44.046674,1776222936000
1776222938.382,38.382,0.25,5.0,0.11,100.0,0.75,5.0,0.89,100.0,0.25,5.0,0.11,100.0,0.75,5.0,0.89,100.0,0.5,0.5,44.046072,1776222937000
1776222939.099,39.099,0.25,5.0,0.11,100.0,0.75,5.0,0.89,100.0,0.25,5.0,0.11,100.0,0.75,5.0,0.89,100.0,0.5,0.5,44.046025,1776222938000
1776222940.652,40.652,0.25,5.0,0.11,100.0,0.75,5.0,0.89,100.0,0.25,5.0,0.11,100.0,0.75,5.0,0.89,100.0,0.5,0.5,44.045526,1776222939000
1776222941.393,41.393,0.25,5.0,0.11,100.0,0.75,5.0,0.89,100.0,0.25,5.0,0.11,100.0,0.75,5.0,0.89,100.0,0.5,0.5,44.045525,1776222940000
1776222942.545,42.545,0.25,5.0,0.11,100.0,0.75,5.0,0.89,100.0,0.25,5.0,0.11,100.0,0.75,5.0,0.89,100.0,0.5,0.5,44.045018,1776222941000
1776222943.255,43.255,0.25,5.0,0.11,100.0,0.75,5.0,0.89,100.0,0.25,5.0,0.11,100.0,0.75,5.0,0.89,100.0,0.5,0.5,44.045017,1776222942000
1776222944.584,44.584,0.25,5.0,0.11,100.0,0.75,5.0,0.89,100.0,0.25,5.0,0.11,100.0,0.75,5.0,0.89,100.0,0.5,0.5,44.043013,1776222943000
1776222945.394,45.394,0.25,5.0,0.11,100.0,0.75,5.0,0.89,100.0,0.25,5.0,0.11,100.0,0.75,5.0,0.89,100.0,0.5,0.5,44.040667,1776222944000
1776222946.027,46.027,0.25,5.0,0.11,100.0,0.75,5.0,0.89,100.0,0.25,5.0,0.11,100.0,0.75,5.0,0.89,100.0,0.5,0.5,44.040405,1776222945000
1776222947.457,47.457,0.25,5.0,0.11,100.0,0.75,5.0,0.89,100.0,0.25,5.0,0.11,100.0,0.75,5.0,0.89,100.0,0.5,0.5,44.038727,1776222946000
1776222948.294,48.294,0.25,5.0,0.11,100.0,0.75,5.0,0.89,100.0,0.25,5.0,0.11,100.0,0.75,5.0,0.89,100.0,0.5,0.5,44.036877,1776222947000
1776222949.351,49.351,0.27,15.0,0.26,15.0,0.3,4.66,0.42,5.0,0.25,5.0,0.11,100.0,0.75,5.0,0.89,100.0,0.03,0.5,44.036877,1776222947000
1776222949.592,49.592,0.27,15.0,0.26,15.0,0.3,4.66,0.42,5.0,0.7,4.66,0.58,5.0,0.73,15.0,0.74,15.0,0.03,0.03,44.036797,1776222948000
1776222950.202,50.202,0.27,15.0,0.26,15.0,0.3,4.66,0.42,5.0,0.7,4.66,0.58,5.0,0.73,15.0,0.74,15.0,0.03,0.03,44.036891,1776222949000
1776222951.637,51.637,0.27,15.0,0.26,15.0,0.3,4.66,0.42,5.0,0.7,4.66,0.58,5.0,0.73,15.0,0.74,15.0,0.03,0.03,44.036687,1776222950000
1776222952.28,52.28,0.27,15.0,0.26,15.0,0.3,4.66,0.42,5.0,0.7,4.66,0.58,5.0,0.73,15.0,0.74,15.0,0.03,0.03,44.036312,1776222951000
1776222953.601,53.601,0.27,15.0,0.26,15.0,0.3,4.66,0.42,5.0,0.7,4.66,0.58,5.0,0.73,15.0,0.74,15.0,0.03,0.03,44.035808,1776222952000
1776222954.687,54.687,0.27,15.0,0.26,15.0,0.3,4.66,0.42,5.0,0.7,4.66,0.58,5.0,0.73,15.0,0.74,15.0,0.03,0.03,44.03582,1776222953000
1776222955.214,55.214,0.27,15.0,0.26,15.0,0.3,4.66,0.42,5.0,0.7,4.66,0.58,5.0,0.73,15.0,0.74,15.0,0.03,0.03,44.03582,1776222954000
1776222956.234,56.234,0.27,15.0,0.26,15.0,0.3,4.66,0.42,5.0,0.7,4.66,0.58,5.0,0.73,15.0,0.74,15.0,0.03,0.03,44.035866,1776222955000
1776222957.982,57.982,0.27,15.0,0.26,15.0,0.3,4.66,0.42,5.0,0.7,4.66,0.58,5.0,0.73,15.0,0.74,15.0,0.03,0.03,44.036687,1776222957000
1776222958.476,58.476,0.31,7.13,0.3,15.0,0.39,10.0,0.48,5.0,0.7,4.66,0.58,5.0,0.73,15.0,0.74,15.0,0.08,0.03,44.036687,1776222957000
1776222959.216,59.216,0.31,7.13,0.3,15.0,0.39,10.0,0.48,5.0,0.61,10.0,0.52,5.0,0.69,7.13,0.7,15.0,0.08,0.08,44.035811,1776222958000
1776222960.227,60.227,0.31,7.13,0.3,15.0,0.39,10.0,0.48,5.0,0.61,10.0,0.52,5.0,0.69,7.13,0.7,15.0,0.08,0.08,44.03581,1776222959000
1776222961.218,61.218,0.33,0.83,0.32,15.0,0.39,10.0,0.48,5.0,0.61,10.0,0.52,5.0,0.67,0.83,0.68,15.0,0.06,0.06,44.03519,1776222960000
1776222962.484,62.484,0.33,0.83,0.32,15.0,0.39,10.0,0.48,5.0,0.61,10.0,0.52,5.0,0.67,0.83,0.68,15.0,0.06,0.06,44.035077,1776222961000
1776222963.132,63.132,0.33,0.83,0.32,15.0,0.39,10.0,0.48,5.0,0.61,10.0,0.52,5.0,0.67,0.83,0.68,15.0,0.06,0.06,44.035097,1776222962000
1776222964.133,64.133,0.33,0.83,0.32,15.0,0.39,10.0,0.48,5.0,0.61,10.0,0.52,5.0,0.67,0.83,0.68,15.0,0.06,0.06,44.035204,1776222963000
1776222965.024,65.024,0.33,0.83,0.32,15.0,0.39,10.0,0.48,5.0,0.61,10.0,0.52,5.0,0.67,0.83,0.68,15.0,0.06,0.06,44.035897,1776222964000
1776222965.969,65.969,0.33,0.83,0.32,15.0,0.39,10.0,0.48,5.0,0.61,10.0,0.52,5.0,0.67,0.83,0.68,15.0,0.06,0.06,44.035898,1776222965000
1776222967.508,67.508,0.33,0.83,0.32,15.0,0.39,10.0,0.48,5.0,0.61,10.0,0.52,5.0,0.67,0.83,0.68,15.0,0.06,0.06,44.036071,1776222966000
1776222968.044,68.044,0.33,0.83,0.32,15.0,0.39,10.0,0.48,5.0,0.61,10.0,0.52,5.0,0.67,0.83,0.68,15.0,0.06,0.06,44.036072,1776222967000
1776222968.395,68.395,0.3,15.0,0.29,15.0,0.38,10.0,0.44,15.0,0.61,10.0,0.52,5.0,0.67,0.83,0.68,15.0,0.08,0.06,44.036072,1776222967000
1776222969.716,69.716,0.3,15.0,0.29,15.0,0.38,10.0,0.44,15.0,0.62,10.0,0.56,15.0,0.7,15.0,0.71,15.0,0.08,0.08,44.036466,1776222968000
1776222970.116,70.116,0.3,15.0,0.29,15.0,0.38,10.0,0.44,15.0,0.62,10.0,0.56,15.0,0.7,15.0,0.71,15.0,0.08,0.08,44.036204,1776222969000
1776222971.19,71.19,0.3,15.0,0.29,15.0,0.38,10.0,0.44,15.0,0.62,10.0,0.56,15.0,0.7,15.0,0.71,15.0,0.08,0.08,44.036407,1776222970000
1776222972.311,72.311,0.3,15.0,0.29,15.0,0.38,10.0,0.44,15.0,0.62,10.0,0.56,15.0,0.7,15.0,0.71,15.0,0.08,0.08,44.042343,1776222971000
1776222973.292,73.292,0.3,15.0,0.29,15.0,0.38,10.0,0.44,15.0,0.62,10.0,0.56,15.0,0.7,15.0,0.71,15.0,0.08,0.08,44.051581,1776222972000
1776222974.41,74.41,0.3,15.0,0.29,15.0,0.38,10.0,0.44,15.0,0.62,10.0,0.56,15.0,0.7,15.0,0.71,15.0,0.08,0.08,44.052197,1776222973000
1776222974.836,74.836,0.3,15.0,0.29,15.0,0.38,10.0,0.44,15.0,0.62,10.0,0.56,15.0,0.7,15.0,0.71,15.0,0.08,0.08,44.052235,1776222974000
1776222975.852,75.852,0.3,15.0,0.29,15.0,0.38,10.0,0.44,15.0,0.62,10.0,0.56,15.0,0.7,15.0,0.71,15.0,0.08,0.08,44.055016,1776222975000
1776222976.894,76.894,0.3,15.0,0.29,15.0,0.38,10.0,0.44,15.0,0.62,10.0,0.56,15.0,0.7,15.0,0.71,15.0,0.08,0.08,44.056267,1776222976000
1776222977.961,77.961,0.3,15.0,0.29,15.0,0.38,10.0,0.44,15.0,0.62,10.0,0.56,15.0,0.7,15.0,0.71,15.0,0.08,0.08,44.056096,1776222977000
1776222979.117,79.117,0.3,15.0,0.29,15.0,0.38,10.0,0.44,15.0,0.62,10.0,0.56,15.0,0.7,15.0,0.71,15.0,0.08,0.08,44.056375,1776222978000
1776222980.197,80.197,0.3,15.0,0.29,15.0,0.38,10.0,0.44,15.0,0.62,10.0,0.56,15.0,0.7,15.0,0.71,15.0,0.08,0.08,44.055863,1776222979000
1776222981.165,81.165,0.3,15.0,0.29,15.0,0.38,10.0,0.44,15.0,0.62,10.0,0.56,15.0,0.7,15.0,0.71,15.0,0.08,0.08,44.056116,1776222980000
1776222982.055,82.055,0.3,15.0,0.29,15.0,0.38,10.0,0.44,15.0,0.62,10.0,0.56,15.0,0.7,15.0,0.71,15.0,0.08,0.08,44.0561,1776222981000
1776222983.586,83.586,0.3,15.0,0.29,15.0,0.38,10.0,0.44,15.0,0.62,10.0,0.56,15.0,0.7,15.0,0.71,15.0,0.08,0.08,44.055785,1776222982000
1776222984.261,84.261,0.3,15.0,0.29,15.0,0.38,10.0,0.44,15.0,0.62,10.0,0.56,15.0,0.7,15.0,0.71,15.0,0.08,0.08,44.056475,1776222983000
1776222985.396,85.396,0.3,15.0,0.29,15.0,0.38,10.0,0.44,15.0,0.62,10.0,0.56,15.0,0.7,15.0,0.71,15.0,0.08,0.08,44.056197,1776222984000
1776222986.063,86.063,0.3,15.0,0.29,15.0,0.38,10.0,0.44,15.0,0.62,10.0,0.56,15.0,0.7,15.0,0.71,15.0,0.08,0.08,44.056464,1776222985000
1776222987.323,87.323,0.3,15.0,0.29,15.0,0.38,10.0,0.44,15.0,0.62,10.0,0.56,15.0,0.7,15.0,0.71,15.0,0.08,0.08,44.056451,1776222986000
1776222987.897,87.897,0.3,15.0,0.29,15.0,0.38,10.0,0.44,15.0,0.62,10.0,0.56,15.0,0.7,15.0,0.71,15.0,0.08,0.08,44.05517,1776222987000
1776222989.002,89.002,0.3,15.0,0.29,15.0,0.38,10.0,0.44,15.0,0.62,10.0,0.56,15.0,0.7,15.0,0.71,15.0,0.08,0.08,44.055033,1776222988000
1776222990.416,90.416,0.3,15.0,0.29,15.0,0.38,10.0,0.44,15.0,0.62,10.0,0.56,15.0,0.7,15.0,0.71,15.0,0.08,0.08,44.054917,1776222989000
1776222990.943,90.943,0.3,15.0,0.29,15.0,0.38,10.0,0.44,15.0,0.62,10.0,0.56,15.0,0.7,15.0,0.71,15.0,0.08,0.08,44.054178,1776222990000
1776222991.977,91.977,0.3,15.0,0.29,15.0,0.38,10.0,0.44,15.0,0.62,10.0,0.56,15.0,0.7,15.0,0.71,15.0,0.08,0.08,44.052362,1776222991000
1776222993.011,93.011,0.3,15.0,0.29,15.0,0.38,10.0,0.44,15.0,0.62,10.0,0.56,15.0,0.7,15.0,0.71,15.0,0.08,0.08,44.051509,1776222992000
1776222994.441,94.441,0.3,15.0,0.29,15.0,0.38,10.0,0.44,15.0,0.62,10.0,0.56,15.0,0.7,15.0,0.71,15.0,0.08,0.08,44.050982,1776222993000
1776222995.213,95.213,0.3,15.0,0.29,15.0,0.38,10.0,0.44,15.0,0.62,10.0,0.56,15.0,0.7,15.0,0.71,15.0,0.08,0.08,44.050982,1776222994000
1776222996.374,96.374,0.3,15.0,0.29,15.0,0.38,10.0,0.44,15.0,0.62,10.0,0.56,15.0,0.7,15.0,0.71,15.0,0.08,0.08,44.050808,1776222995000
1776222997.054,97.054,0.3,15.0,0.29,15.0,0.38,10.0,0.44,15.0,0.62,10.0,0.56,15.0,0.7,15.0,0.71,15.0,0.08,0.08,44.050808,1776222996000
1776222998.878,98.878,0.3,15.0,0.29,15.0,0.38,10.0,0.44,15.0,0.62,10.0,0.56,15.0,0.7,15.0,0.71,15.0,0.08,0.08,44.049668,1776222997000
1776222999.874,99.874,0.3,15.0,0.29,15.0,0.38,10.0,0.44,15.0,0.62,10.0,0.56,15.0,0.7,15.0,0.71,15.0,0.08,0.08,44.047275,1776222998000
1776223000.437,100.437,0.3,15.0,0.29,15.0,0.38,10.0,0.44,15.0,0.62,10.0,0.56,15.0,0.7,15.0,0.71,15.0,0.08,0.08,44.044899,1776222999000
1776223000.987,100.987,0.3,15.0,0.29,15.0,0.38,10.0,0.44,15.0,0.62,10.0,0.56,15.0,0.7,15.0,0.71,15.0,0.08,0.08,44.044899,1776223000000
1776223002.246,102.246,0.3,15.0,0.29,15.0,0.38,10.0,0.44,15.0,0.62,10.0,0.56,15.0,0.7,15.0,0.71,15.0,0.08,0.08,44.041847,1776223001000
1776223003.401,103.401,0.3,15.0,0.29,15.0,0.38,10.0,0.44,15.0,0.62,10.0,0.56,15.0,0.7,15.0,0.71,15.0,0.08,0.08,44.04262,1776223002000
1776223003.941,103.941,0.3,15.0,0.29,15.0,0.38,10.0,0.44,15.0,0.62,10.0,0.56,15.0,0.7,15.0,0.71,15.0,0.08,0.08,44.043831,1776223003000
1776223005.079,105.079,0.3,15.0,0.29,15.0,0.38,10.0,0.44,15.0,0.62,10.0,0.56,15.0,0.7,15.0,0.71,15.0,0.08,0.08,44.049889,1776223004000
1776223006.222,106.222,0.3,15.0,0.29,15.0,0.38,10.0,0.44,15.0,0.62,10.0,0.56,15.0,0.7,15.0,0.71,15.0,0.08,0.08,44.05042,1776223005000
1776223007.303,107.303,0.3,15.0,0.29,15.0,0.38,10.0,0.44,15.0,0.62,10.0,0.56,15.0,0.7,15.0,0.71,15.0,0.08,0.08,44.05042,1776223006000
1776223007.519,107.519,0.4,15.0,0.39,15.0,0.41,2.87,0.48,10.0,0.62,10.0,0.56,15.0,0.7,15.0,0.71,15.0,0.01,0.08,44.05042,1776223006000
1776223007.896,107.896,0.4,15.0,0.39,15.0,0.41,2.87,0.48,10.0,0.59,2.87,0.52,10.0,0.6,15.0,0.61,15.0,0.01,0.01,44.050447,1776223007000
1776223009.126,109.126,0.4,15.0,0.39,15.0,0.41,2.87,0.48,10.0,0.59,2.87,0.52,10.0,0.6,15.0,0.61,15.0,0.01,0.01,44.05092,1776223008000
1776223010.232,110.232,0.4,15.0,0.39,15.0,0.41,2.87,0.48,10.0,0.59,2.87,0.52,10.0,0.6,15.0,0.61,15.0,0.01,0.01,44.050863,1776223009000
1776223011.434,111.434,0.4,15.0,0.39,15.0,0.41,2.87,0.48,10.0,0.59,2.87,0.52,10.0,0.6,15.0,0.61,15.0,0.01,0.01,44.050832,1776223010000
1776223012.02,112.02,0.4,15.0,0.39,15.0,0.41,2.87,0.48,10.0,0.59,2.87,0.52,10.0,0.6,15.0,0.61,15.0,0.01,0.01,44.050832,1776223011000
1776223013.215,113.215,0.4,15.0,0.39,15.0,0.41,2.87,0.48,10.0,0.59,2.87,0.52,10.0,0.6,15.0,0.61,15.0,0.01,0.01,44.050818,1776223012000
1776223015.176,115.176,0.4,15.0,0.39,15.0,0.41,2.87,0.48,10.0,0.59,2.87,0.52,10.0,0.6,15.0,0.61,15.0,0.01,0.01,44.050544,1776223014000
1776223015.652,115.652,0.25,20.0,0.24,15.0,0.41,5.0,0.42,5.0,0.59,2.87,0.52,10.0,0.6,15.0,0.61,15.0,0.16,0.01,44.050544,1776223014000
1776223016.824,116.824,0.25,20.0,0.24,15.0,0.41,5.0,0.42,5.0,0.59,5.0,0.58,5.0,0.75,20.0,0.76,15.0,0.16,0.16,44.050607,1776223015000
1776223017.659,117.659,0.25,20.0,0.24,15.0,0.41,5.0,0.42,5.0,0.59,5.0,0.58,5.0,0.75,20.0,0.76,15.0,0.16,0.16,44.038267,1776223016000
1776223018.351,118.351,0.25,20.0,0.24,15.0,0.41,5.0,0.42,5.0,0.59,5.0,0.58,5.0,0.75,20.0,0.76,15.0,0.16,0.16,44.03745,1776223017000
1776223019.029,119.029,0.25,20.0,0.24,15.0,0.41,5.0,0.42,5.0,0.59,5.0,0.58,5.0,0.75,20.0,0.76,15.0,0.16,0.16,44.035989,1776223018000
1776223020.532,120.532,0.25,20.0,0.24,15.0,0.41,5.0,0.42,5.0,0.59,5.0,0.58,5.0,0.75,20.0,0.76,15.0,0.16,0.16,44.032804,1776223019000
1776223020.946,120.946,0.28,10.18,0.27,15.0,0.38,10.0,0.41,15.0,0.59,5.0,0.58,5.0,0.75,20.0,0.76,15.0,0.1,0.16,44.032804,1776223019000
1776223021.231,121.231,0.28,10.18,0.27,15.0,0.38,10.0,0.41,15.0,0.62,10.0,0.59,15.0,0.72,10.18,0.73,15.0,0.1,0.1,44.032849,1776223020000
1776223022.884,122.884,0.28,10.18,0.27,15.0,0.38,10.0,0.41,15.0,0.62,10.0,0.59,15.0,0.72,10.18,0.73,15.0,0.1,0.1,44.03346,1776223021000
1776223023.585,123.585,0.28,10.18,0.27,15.0,0.38,10.0,0.41,15.0,0.62,10.0,0.59,15.0,0.72,10.18,0.73,15.0,0.1,0.1,44.033766,1776223022000
1776223024.334,124.334,0.28,10.18,0.27,15.0,0.38,10.0,0.41,15.0,0.62,10.0,0.59,15.0,0.72,10.18,0.73,15.0,0.1,0.1,44.033766,1776223023000
1776223025.615,125.615,0.28,10.18,0.27,15.0,0.38,10.0,0.41,15.0,0.62,10.0,0.59,15.0,0.72,10.18,0.73,15.0,0.1,0.1,44.03905,1776223024000
1776223026.335,126.335,0.28,10.18,0.27,15.0,0.38,10.0,0.41,15.0,0.62,10.0,0.59,15.0,0.72,10.18,0.73,15.0,0.1,0.1,44.039552,1776223025000
1776223027.105,127.105,0.28,10.18,0.27,15.0,0.38,10.0,0.41,15.0,0.62,10.0,0.59,15.0,0.72,10.18,0.73,15.0,0.1,0.1,44.039934,1776223026000
1776223028.618,128.618,0.28,10.18,0.27,15.0,0.38,10.0,0.41,15.0,0.62,10.0,0.59,15.0,0.72,10.18,0.73,15.0,0.1,0.1,44.040402,1776223027000
1776223029.343,129.343,0.28,10.18,0.27,15.0,0.38,10.0,0.41,15.0,0.62,10.0,0.59,15.0,0.72,10.18,0.73,15.0,0.1,0.1,44.040827,1776223028000
1776223030.136,130.136,0.28,10.18,0.27,15.0,0.38,10.0,0.41,15.0,0.62,10.0,0.59,15.0,0.72,10.18,0.73,15.0,0.1,0.1,44.040772,1776223029000
1776223031.608,131.608,0.28,10.18,0.27,15.0,0.38,10.0,0.41,15.0,0.62,10.0,0.59,15.0,0.72,10.18,0.73,15.0,0.1,0.1,44.041158,1776223030000
1776223032.41,132.41,0.28,10.18,0.27,15.0,0.38,10.0,0.41,15.0,0.62,10.0,0.59,15.0,0.72,10.18,0.73,15.0,0.1,0.1,44.041158,1776223031000
1776223033.104,133.104,0.28,10.18,0.27,15.0,0.38,10.0,0.41,15.0,0.62,10.0,0.59,15.0,0.72,10.18,0.73,15.0,0.1,0.1,44.041043,1776223032000
1776223034.407,134.407,0.28,10.18,0.27,15.0,0.38,10.0,0.41,15.0,0.62,10.0,0.59,15.0,0.72,10.18,0.73,15.0,0.1,0.1,44.040905,1776223033000
1776223034.975,134.975,0.28,10.18,0.27,15.0,0.38,10.0,0.41,15.0,0.62,10.0,0.59,15.0,0.72,10.18,0.73,15.0,0.1,0.1,44.040949,1776223034000
1776223036.087,136.087,0.28,10.18,0.27,15.0,0.38,10.0,0.41,15.0,0.62,10.0,0.59,15.0,0.72,10.18,0.73,15.0,0.1,0.1,44.040909,1776223035000
1776223037.243,137.243,0.28,10.18,0.27,15.0,0.38,10.0,0.41,15.0,0.62,10.0,0.59,15.0,0.72,10.18,0.73,15.0,0.1,0.1,44.040909,1776223036000
1776223038.33,138.33,0.28,10.18,0.27,15.0,0.38,10.0,0.41,15.0,0.62,10.0,0.59,15.0,0.72,10.18,0.73,15.0,0.1,0.1,44.04201,1776223037000
1776223038.924,138.924,0.28,10.18,0.27,15.0,0.38,10.0,0.41,15.0,0.62,10.0,0.59,15.0,0.72,10.18,0.73,15.0,0.1,0.1,44.040963,1776223038000
1776223039.877,139.877,0.28,10.18,0.27,15.0,0.38,10.0,0.41,15.0,0.62,10.0,0.59,15.0,0.72,10.18,0.73,15.0,0.1,0.1,44.040963,1776223039000
1776223040.97,140.97,0.28,10.18,0.27,15.0,0.38,10.0,0.41,15.0,0.62,10.0,0.59,15.0,0.72,10.18,0.73,15.0,0.1,0.1,44.040925,1776223040000
1776223041.949,141.949,0.28,10.18,0.27,15.0,0.38,10.0,0.41,15.0,0.62,10.0,0.59,15.0,0.72,10.18,0.73,15.0,0.1,0.1,44.040925,1776223041000
1776223043.095,143.095,0.28,10.18,0.27,15.0,0.38,10.0,0.41,15.0,0.62,10.0,0.59,15.0,0.72,10.18,0.73,15.0,0.1,0.1,44.040923,1776223042000
1776223044.026,144.026,0.28,10.18,0.27,15.0,0.38,10.0,0.41,15.0,0.62,10.0,0.59,15.0,0.72,10.18,0.73,15.0,0.1,0.1,44.040413,1776223043000
1776223045.161,145.161,0.28,10.18,0.27,15.0,0.38,10.0,0.41,15.0,0.62,10.0,0.59,15.0,0.72,10.18,0.73,15.0,0.1,0.1,44.035123,1776223044000
1776223046.137,146.137,0.28,10.18,0.27,15.0,0.38,10.0,0.41,15.0,0.62,10.0,0.59,15.0,0.72,10.18,0.73,15.0,0.1,0.1,44.033017,1776223045000
1776223047.14,147.14,0.28,10.18,0.27,15.0,0.38,10.0,0.41,15.0,0.62,10.0,0.59,15.0,0.72,10.18,0.73,15.0,0.1,0.1,44.033009,1776223046000
1776223048.235,148.235,0.28,10.18,0.27,15.0,0.38,10.0,0.41,15.0,0.62,10.0,0.59,15.0,0.72,10.18,0.73,15.0,0.1,0.1,44.03301,1776223047000
1776223049.905,149.905,0.28,10.18,0.27,15.0,0.38,10.0,0.41,15.0,0.62,10.0,0.59,15.0,0.72,10.18,0.73,15.0,0.1,0.1,44.032673,1776223048000
1776223050.442,150.442,0.28,10.18,0.27,15.0,0.38,10.0,0.41,15.0,0.62,10.0,0.59,15.0,0.72,10.18,0.73,15.0,0.1,0.1,44.031947,1776223049000
1776223051.126,151.126,0.28,10.18,0.27,15.0,0.38,10.0,0.41,15.0,0.62,10.0,0.59,15.0,0.72,10.18,0.73,15.0,0.1,0.1,44.031645,1776223050000
1776223052.529,152.529,0.28,10.18,0.27,15.0,0.38,10.0,0.41,15.0,0.62,10.0,0.59,15.0,0.72,10.18,0.73,15.0,0.1,0.1,44.031645,1776223051000
1776223053.271,153.271,0.28,10.18,0.27,15.0,0.38,10.0,0.41,15.0,0.62,10.0,0.59,15.0,0.72,10.18,0.73,15.0,0.1,0.1,44.031584,1776223052000
1776223054.713,154.713,0.28,10.18,0.27,15.0,0.38,10.0,0.41,15.0,0.62,10.0,0.59,15.0,0.72,10.18,0.73,15.0,0.1,0.1,44.031804,1776223053000
1776223055.48,155.48,0.28,10.18,0.27,15.0,0.38,10.0,0.41,15.0,0.62,10.0,0.59,15.0,0.72,10.18,0.73,15.0,0.1,0.1,44.031786,1776223054000
1776223056.175,156.175,0.23,15.0,0.22,15.0,0.27,10.0,0.34,15.0,0.73,10.0,0.66,15.0,0.77,15.0,0.78,15.0,0.04,0.04,44.031786,1776223055000
1776223057.624,157.624,0.23,15.0,0.22,15.0,0.27,10.0,0.34,15.0,0.73,10.0,0.66,15.0,0.77,15.0,0.78,15.0,0.04,0.04,44.03156,1776223056000
1776223058.356,158.356,0.23,15.0,0.22,15.0,0.27,10.0,0.34,15.0,0.73,10.0,0.66,15.0,0.77,15.0,0.78,15.0,0.04,0.04,44.031552,1776223057000
1776223059.133,159.133,0.23,15.0,0.22,15.0,0.27,10.0,0.34,15.0,0.73,10.0,0.66,15.0,0.77,15.0,0.78,15.0,0.04,0.04,44.031552,1776223058000
1776223060.645,160.645,0.23,15.0,0.22,15.0,0.27,10.0,0.34,15.0,0.73,10.0,0.66,15.0,0.77,15.0,0.78,15.0,0.04,0.04,44.031597,1776223059000
1776223061.388,161.388,0.23,15.0,0.22,15.0,0.27,10.0,0.34,15.0,0.73,10.0,0.66,15.0,0.77,15.0,0.78,15.0,0.04,0.04,44.031597,1776223060000
1776223062.004,162.004,0.23,15.0,0.22,15.0,0.27,10.0,0.34,15.0,0.73,10.0,0.66,15.0,0.77,15.0,0.78,15.0,0.04,0.04,44.031639,1776223061000
1776223063.384,163.384,0.23,15.0,0.22,15.0,0.27,10.0,0.34,15.0,0.73,10.0,0.66,15.0,0.77,15.0,0.78,15.0,0.04,0.04,44.031638,1776223062000
1776223064.092,164.092,0.23,15.0,0.22,15.0,0.27,10.0,0.34,15.0,0.73,10.0,0.66,15.0,0.77,15.0,0.78,15.0,0.04,0.04,44.031651,1776223063000
1776223065.472,165.472,0.23,15.0,0.22,15.0,0.27,10.0,0.34,15.0,0.73,10.0,0.66,15.0,0.77,15.0,0.78,15.0,0.04,0.04,44.031566,1776223064000
1776223066.507,166.507,0.23,15.0,0.22,15.0,0.27,10.0,0.34,15.0,0.73,10.0,0.66,15.0,0.77,15.0,0.78,15.0,0.04,0.04,44.03214,1776223065000
1776223067.016,167.016,0.23,15.0,0.22,15.0,0.27,10.0,0.34,15.0,0.73,10.0,0.66,15.0,0.77,15.0,0.78,15.0,0.04,0.04,44.03214,1776223066000
1776223068.127,168.127,0.23,15.0,0.22,15.0,0.27,10.0,0.34,15.0,0.73,10.0,0.66,15.0,0.77,15.0,0.78,15.0,0.04,0.04,44.032194,1776223067000
1776223069.085,169.085,0.23,15.0,0.22,15.0,0.27,10.0,0.34,15.0,0.73,10.0,0.66,15.0,0.77,15.0,0.78,15.0,0.04,0.04,44.033483,1776223068000
1776223070.142,170.142,0.23,15.0,0.22,15.0,0.27,10.0,0.34,15.0,0.73,10.0,0.66,15.0,0.77,15.0,0.78,15.0,0.04,0.04,44.034016,1776223069000
1776223071.115,171.115,0.23,15.0,0.22,15.0,0.27,10.0,0.34,15.0,0.73,10.0,0.66,15.0,0.77,15.0,0.78,15.0,0.04,0.04,44.033044,1776223070000
1776223072.132,172.132,0.23,15.0,0.22,15.0,0.27,10.0,0.34,15.0,0.73,10.0,0.66,15.0,0.77,15.0,0.78,15.0,0.04,0.04,44.027969,1776223071000
1776223073.11,173.11,0.23,15.0,0.22,15.0,0.27,10.0,0.34,15.0,0.73,10.0,0.66,15.0,0.77,15.0,0.78,15.0,0.04,0.04,44.018414,1776223072000
1776223074.17,174.17,0.23,15.0,0.22,15.0,0.27,10.0,0.34,15.0,0.73,10.0,0.66,15.0,0.77,15.0,0.78,15.0,0.04,0.04,44.017481,1776223073000
1776223075.187,175.187,0.23,15.0,0.22,15.0,0.27,10.0,0.34,15.0,0.73,10.0,0.66,15.0,0.77,15.0,0.78,15.0,0.04,0.04,44.018869,1776223074000
1776223075.396,175.396,0.19,4.81,0.18,15.0,0.26,10.0,0.35,15.0,0.73,10.0,0.66,15.0,0.77,15.0,0.78,15.0,0.07,0.04,44.018869,1776223074000
1776223076.147,176.147,0.19,4.81,0.18,15.0,0.26,10.0,0.35,15.0,0.74,10.0,0.65,15.0,0.81,4.81,0.82,15.0,0.07,0.07,44.021388,1776223075000
1776223077.094,177.094,0.19,4.81,0.18,15.0,0.26,10.0,0.35,15.0,0.74,10.0,0.65,15.0,0.81,4.81,0.82,15.0,0.07,0.07,44.02385,1776223076000
1776223078.102,178.102,0.19,4.81,0.18,15.0,0.26,10.0,0.35,15.0,0.74,10.0,0.65,15.0,0.81,4.81,0.82,15.0,0.07,0.07,44.021885,1776223077000
1776223079.313,179.313,0.15,15.0,0.14,15.0,0.23,5.28,0.29,15.0,0.74,10.0,0.65,15.0,0.81,4.81,0.82,15.0,0.08,0.07,44.021885,1776223077000
1776223079.62,179.62,0.15,15.0,0.14,15.0,0.23,5.28,0.29,15.0,0.77,5.28,0.71,15.0,0.85,15.0,0.86,15.0,0.08,0.08,44.021497,1776223078000
1776223080.163,180.163,0.15,15.0,0.14,15.0,0.23,5.28,0.29,15.0,0.77,5.28,0.71,15.0,0.85,15.0,0.86,15.0,0.08,0.08,44.019171,1776223079000
1776223081.432,181.432,0.15,15.0,0.14,15.0,0.23,5.28,0.29,15.0,0.77,5.28,0.71,15.0,0.85,15.0,0.86,15.0,0.08,0.08,44.020637,1776223080000
1776223081.969,181.969,0.15,15.0,0.14,15.0,0.23,5.28,0.29,15.0,0.77,5.28,0.71,15.0,0.85,15.0,0.86,15.0,0.08,0.08,44.022867,1776223081000
1776223083.288,183.288,0.15,15.0,0.14,15.0,0.23,5.28,0.29,15.0,0.77,5.28,0.71,15.0,0.85,15.0,0.86,15.0,0.08,0.08,44.026358,1776223082000
1776223084.472,184.472,0.15,15.0,0.14,15.0,0.23,5.28,0.29,15.0,0.77,5.28,0.71,15.0,0.85,15.0,0.86,15.0,0.08,0.08,44.027064,1776223083000
1776223085.067,185.067,0.15,15.0,0.14,15.0,0.23,5.28,0.29,15.0,0.77,5.28,0.71,15.0,0.85,15.0,0.86,15.0,0.08,0.08,44.029007,1776223084000
1776223085.511,185.511,0.21,7.5,0.2,15.0,0.27,9.94,0.32,15.0,0.77,5.28,0.71,15.0,0.85,15.0,0.86,15.0,0.06,0.08,44.029007,1776223084000
1776223086.324,186.324,0.21,7.5,0.2,15.0,0.27,9.94,0.32,15.0,0.73,9.94,0.68,15.0,0.79,7.5,0.8,15.0,0.06,0.06,44.029236,1776223085000
1776223086.981,186.981,0.21,7.5,0.2,15.0,0.27,9.94,0.32,15.0,0.73,9.94,0.68,15.0,0.79,7.5,0.8,15.0,0.06,0.06,44.029333,1776223086000
1776223087.379,187.379,0.2,15.0,0.19,15.0,0.27,9.94,0.31,15.0,0.73,9.94,0.68,15.0,0.79,7.5,0.8,15.0,0.07,0.06,44.029333,1776223086000
1776223088.15,188.15,0.2,15.0,0.19,15.0,0.27,9.94,0.31,15.0,0.73,9.94,0.69,15.0,0.8,15.0,0.81,15.0,0.07,0.07,44.029318,1776223087000
1776223089.466,189.466,0.2,15.0,0.19,15.0,0.27,9.94,0.31,15.0,0.73,9.94,0.69,15.0,0.8,15.0,0.81,15.0,0.07,0.07,44.028756,1776223088000
1776223090.081,190.081,0.2,15.0,0.19,15.0,0.27,9.94,0.31,15.0,0.73,9.94,0.69,15.0,0.8,15.0,0.81,15.0,0.07,0.07,44.02833,1776223089000
1776223091.281,191.281,0.2,15.0,0.19,15.0,0.27,9.94,0.31,15.0,0.73,9.94,0.69,15.0,0.8,15.0,0.81,15.0,0.07,0.07,44.02819,1776223090000
1776223092.55,192.55,0.2,15.0,0.19,15.0,0.27,9.94,0.31,15.0,0.73,9.94,0.69,15.0,0.8,15.0,0.81,15.0,0.07,0.07,44.027104,1776223091000
1776223093.289,193.289,0.2,15.0,0.19,15.0,0.27,9.94,0.31,15.0,0.73,9.94,0.69,15.0,0.8,15.0,0.81,15.0,0.07,0.07,44.026929,1776223092000
1776223093.613,193.613,0.17,9.57,0.15,15.0,0.22,9.94,0.23,15.0,0.73,9.94,0.69,15.0,0.8,15.0,0.81,15.0,0.05,0.07,44.026929,1776223092000
1776223094.491,194.491,0.17,9.57,0.15,15.0,0.22,9.94,0.23,15.0,0.78,9.94,0.77,15.0,0.83,9.57,0.85,15.0,0.05,0.05,44.02655,1776223093000
1776223095.559,195.559,0.17,9.57,0.15,15.0,0.22,9.94,0.23,15.0,0.78,9.94,0.77,15.0,0.83,9.57,0.85,15.0,0.05,0.05,44.02643,1776223094000
1776223096.167,196.167,0.17,9.57,0.15,15.0,0.22,9.94,0.23,15.0,0.78,9.94,0.77,15.0,0.83,9.57,0.85,15.0,0.05,0.05,44.029288,1776223095000
1776223097.113,197.113,0.17,9.57,0.15,15.0,0.22,9.94,0.23,15.0,0.78,9.94,0.77,15.0,0.83,9.57,0.85,15.0,0.05,0.05,44.029231,1776223096000
1776223097.329,197.329,0.17,24.57,0.16,15.0,0.24,9.94,0.28,15.0,0.78,9.94,0.77,15.0,0.83,9.57,0.85,15.0,0.07,0.05,44.029231,1776223096000
1776223098.176,198.176,0.17,24.57,0.16,15.0,0.24,9.94,0.28,15.0,0.76,9.94,0.72,15.0,0.83,24.57,0.84,15.0,0.07,0.07,44.029413,1776223097000
1776223099.16,199.16,0.17,24.57,0.16,15.0,0.24,9.94,0.28,15.0,0.76,9.94,0.72,15.0,0.83,24.57,0.84,15.0,0.07,0.07,44.030631,1776223098000
1776223100.211,200.211,0.17,24.57,0.16,15.0,0.24,9.94,0.28,15.0,0.76,9.94,0.72,15.0,0.83,24.57,0.84,15.0,0.07,0.07,44.030631,1776223099000
1776223100.616,200.616,0.2,12.95,0.19,15.0,0.28,9.94,0.34,15.0,0.72,9.94,0.66,15.0,0.8,15.0,0.81,15.0,0.08,0.08,44.030631,1776223099000
1776223101.191,201.191,0.2,12.95,0.19,15.0,0.28,9.94,0.34,15.0,0.72,9.94,0.66,15.0,0.8,12.95,0.81,15.0,0.08,0.08,44.030425,1776223100000
1776223102.323,202.323,0.2,12.95,0.19,15.0,0.28,9.94,0.34,15.0,0.72,9.94,0.66,15.0,0.8,12.95,0.81,15.0,0.08,0.08,44.030552,1776223101000
1776223103.355,203.355,0.18,15.0,0.17,24.57,0.24,9.94,0.29,15.0,0.76,9.94,0.71,15.0,0.82,15.0,0.83,24.57,0.06,0.06,44.030818,1776223102000
1776223104.284,204.284,0.18,15.0,0.17,24.57,0.24,9.94,0.29,15.0,0.76,9.94,0.71,15.0,0.82,15.0,0.83,24.57,0.06,0.06,44.031388,1776223103000
1776223105.295,205.295,0.18,15.0,0.17,24.57,0.24,9.94,0.29,15.0,0.76,9.94,0.71,15.0,0.82,15.0,0.83,24.57,0.06,0.06,44.03151,1776223104000
1776223106.14,206.14,0.18,15.0,0.17,24.57,0.24,9.94,0.29,15.0,0.76,9.94,0.71,15.0,0.82,15.0,0.83,24.57,0.06,0.06,44.03151,1776223105000
1776223107.209,207.209,0.18,15.0,0.17,24.57,0.24,9.94,0.29,15.0,0.76,9.94,0.71,15.0,0.82,15.0,0.83,24.57,0.06,0.06,44.032066,1776223106000
1776223107.518,207.518,0.19,15.0,0.18,15.0,0.26,9.94,0.3,15.0,0.76,9.94,0.71,15.0,0.82,15.0,0.83,24.57,0.07,0.06,44.032066,1776223106000
1776223108.333,208.333,0.19,15.0,0.18,15.0,0.26,9.94,0.3,15.0,0.74,9.94,0.7,15.0,0.81,15.0,0.82,15.0,0.07,0.07,44.032307,1776223107000
1776223108.864,208.864,0.19,15.0,0.18,15.0,0.26,9.94,0.3,15.0,0.74,9.94,0.7,15.0,0.81,15.0,0.82,15.0,0.07,0.07,44.032395,1776223108000
1776223109.19,209.19,0.18,15.0,0.17,24.57,0.25,9.94,0.29,15.0,0.74,9.94,0.7,15.0,0.81,15.0,0.82,15.0,0.07,0.07,44.032395,1776223108000
1776223110.362,210.362,0.18,15.0,0.17,24.57,0.25,9.94,0.29,15.0,0.75,9.94,0.71,15.0,0.82,15.0,0.83,24.57,0.07,0.07,44.032627,1776223109000
1776223111.38,211.38,0.18,15.0,0.17,24.57,0.25,9.94,0.29,15.0,0.75,9.94,0.71,15.0,0.82,15.0,0.83,24.57,0.07,0.07,44.031646,1776223110000
1776223111.912,211.912,0.18,15.0,0.17,24.57,0.25,9.94,0.29,15.0,0.75,9.94,0.71,15.0,0.82,15.0,0.83,24.57,0.07,0.07,44.031646,1776223111000
1776223112.23,212.23,0.11,15.0,0.1,15.0,0.19,9.94,0.25,15.0,0.75,9.94,0.71,15.0,0.82,15.0,0.83,24.57,0.08,0.07,44.031646,1776223111000
1776223112.962,212.962,0.11,15.0,0.1,15.0,0.19,9.94,0.25,15.0,0.81,9.94,0.75,15.0,0.89,15.0,0.9,15.0,0.08,0.08,44.03233,1776223112000
1776223114.027,214.027,0.11,15.0,0.1,15.0,0.19,9.94,0.25,15.0,0.81,9.94,0.75,15.0,0.89,15.0,0.9,15.0,0.08,0.08,44.030462,1776223113000
1776223115.054,215.054,0.11,15.0,0.1,15.0,0.19,9.94,0.25,15.0,0.81,9.94,0.75,15.0,0.89,15.0,0.9,15.0,0.08,0.08,44.029776,1776223114000
1776223116.144,216.144,0.11,15.0,0.1,15.0,0.19,9.94,0.25,15.0,0.81,9.94,0.75,15.0,0.89,15.0,0.9,15.0,0.08,0.08,44.029776,1776223115000
1776223117.296,217.296,0.11,15.0,0.1,15.0,0.19,9.94,0.25,15.0,0.81,9.94,0.75,15.0,0.89,15.0,0.9,15.0,0.08,0.08,44.029632,1776223116000
1776223118.461,218.461,0.11,15.0,0.1,15.0,0.19,9.94,0.25,15.0,0.81,9.94,0.75,15.0,0.89,15.0,0.9,15.0,0.08,0.08,44.029841,1776223117000
1776223118.982,218.982,0.11,15.0,0.1,15.0,0.19,9.94,0.25,15.0,0.81,9.94,0.75,15.0,0.89,15.0,0.9,15.0,0.08,0.08,44.030177,1776223118000
1776223120.088,220.088,0.11,15.0,0.1,15.0,0.19,9.94,0.25,15.0,0.81,9.94,0.75,15.0,0.89,15.0,0.9,15.0,0.08,0.08,44.029683,1776223119000
1776223121.093,221.093,0.11,15.0,0.1,15.0,0.19,9.94,0.25,15.0,0.81,9.94,0.75,15.0,0.89,15.0,0.9,15.0,0.08,0.08,44.030092,1776223120000
1776223122.146,222.146,0.11,15.0,0.1,15.0,0.19,9.94,0.25,15.0,0.81,9.94,0.75,15.0,0.89,15.0,0.9,15.0,0.08,0.08,44.030092,1776223121000
1776223123.532,223.532,0.11,15.0,0.1,15.0,0.19,9.94,0.25,15.0,0.81,9.94,0.75,15.0,0.89,15.0,0.9,15.0,0.08,0.08,44.029506,1776223122000
1776223124.224,224.224,0.11,15.0,0.1,15.0,0.19,9.94,0.25,15.0,0.81,9.94,0.75,15.0,0.89,15.0,0.9,15.0,0.08,0.08,44.028532,1776223123000
1776223125.105,225.105,0.11,15.0,0.1,15.0,0.19,9.94,0.25,15.0,0.81,9.94,0.75,15.0,0.89,15.0,0.9,15.0,0.08,0.08,44.028276,1776223124000
1776223126.105,226.105,0.11,15.0,0.1,15.0,0.19,9.94,0.25,15.0,0.81,9.94,0.75,15.0,0.89,15.0,0.9,15.0,0.08,0.08,44.028276,1776223125000
1776223127.186,227.186,0.11,15.0,0.1,15.0,0.19,9.94,0.25,15.0,0.81,9.94,0.75,15.0,0.89,15.0,0.9,15.0,0.08,0.08,44.027998,1776223126000
1776223128.136,228.136,0.11,15.0,0.1,15.0,0.19,9.94,0.25,15.0,0.81,9.94,0.75,15.0,0.89,15.0,0.9,15.0,0.08,0.08,44.027985,1776223127000
1776223129.1,229.1,0.11,15.0,0.1,15.0,0.19,9.94,0.25,15.0,0.81,9.94,0.75,15.0,0.89,15.0,0.9,15.0,0.08,0.08,44.027971,1776223128000
1776223130.14,230.14,0.11,15.0,0.1,15.0,0.19,9.94,0.25,15.0,0.81,9.94,0.75,15.0,0.89,15.0,0.9,15.0,0.08,0.08,44.027971,1776223129000
1776223131.203,231.203,0.11,15.0,0.1,15.0,0.19,9.94,0.25,15.0,0.81,9.94,0.75,15.0,0.89,15.0,0.9,15.0,0.08,0.08,44.023654,1776223130000
1776223132.231,232.231,0.11,15.0,0.1,15.0,0.19,9.94,0.25,15.0,0.81,9.94,0.75,15.0,0.89,15.0,0.9,15.0,0.08,0.08,44.018365,1776223131000
1776223133.218,233.218,0.11,15.0,0.1,15.0,0.19,9.94,0.25,15.0,0.81,9.94,0.75,15.0,0.89,15.0,0.9,15.0,0.08,0.08,44.018156,1776223132000
1776223134.361,234.361,0.11,15.0,0.1,15.0,0.19,9.94,0.25,15.0,0.81,9.94,0.75,15.0,0.89,15.0,0.9,15.0,0.08,0.08,44.018511,1776223133000
1776223135.293,235.293,0.09,7.5,0.08,15.0,0.16,15.0,0.17,24.94,0.84,15.0,0.83,24.94,0.91,7.5,0.92,15.0,0.07,0.07,44.021374,1776223134000
1776223136.658,236.658,0.09,7.5,0.08,15.0,0.16,15.0,0.17,24.94,0.84,15.0,0.83,24.94,0.91,7.5,0.92,15.0,0.07,0.07,44.024598,1776223135000
1776223137.19,237.19,0.09,7.5,0.08,15.0,0.16,15.0,0.17,24.94,0.84,15.0,0.83,24.94,0.91,7.5,0.92,15.0,0.07,0.07,44.0279,1776223136000
1776223138.212,238.212,0.11,15.0,0.1,15.0,0.19,9.94,0.2,15.0,0.81,9.94,0.8,15.0,0.89,15.0,0.9,15.0,0.08,0.08,44.028767,1776223137000
1776223139.182,239.182,0.11,15.0,0.1,15.0,0.19,9.94,0.2,15.0,0.81,9.94,0.8,15.0,0.89,15.0,0.9,15.0,0.08,0.08,44.028411,1776223138000
1776223140.194,240.194,0.11,15.0,0.1,15.0,0.19,9.94,0.2,15.0,0.81,9.94,0.8,15.0,0.89,15.0,0.9,15.0,0.08,0.08,44.028411,1776223139000
1776223141.301,241.301,0.11,15.0,0.1,15.0,0.19,9.94,0.2,15.0,0.81,9.94,0.8,15.0,0.89,15.0,0.9,15.0,0.08,0.08,44.015418,1776223140000
1776223142.376,242.376,0.11,15.0,0.1,15.0,0.19,9.94,0.2,15.0,0.81,9.94,0.8,15.0,0.89,15.0,0.9,15.0,0.08,0.08,44.010753,1776223141000
1776223142.878,242.878,0.05,10.0,0.04,20.0,0.11,15.0,0.12,15.0,0.81,9.94,0.8,15.0,0.89,15.0,0.9,15.0,0.06,0.08,44.010753,1776223141000
1776223143.325,243.325,0.05,10.0,0.04,20.0,0.11,15.0,0.12,15.0,0.89,15.0,0.88,15.0,0.95,10.0,0.96,20.0,0.06,0.06,44.011831,1776223142000
1776223143.826,243.826,0.04,20.0,0.03,15.0,0.09,15.0,0.1,15.0,0.9,15.0,0.89,15.0,0.95,4.0,0.96,20.0,0.05,0.05,44.011831,1776223142000
1776223144.398,244.398,0.04,20.0,0.03,15.0,0.09,15.0,0.1,15.0,0.91,15.0,0.9,15.0,0.96,20.0,0.97,15.0,0.05,0.05,44.012991,1776223143000
1776223145.367,245.367,0.04,20.0,0.03,15.0,0.09,15.0,0.1,15.0,0.91,15.0,0.9,15.0,0.96,20.0,0.97,15.0,0.05,0.05,44.012991,1776223144000
1776223145.853,245.853,0.04,20.0,0.03,15.0,0.09,15.0,0.1,15.0,0.91,15.0,0.9,15.0,0.96,20.0,0.97,15.0,0.05,0.05,44.013302,1776223145000
1776223147.078,247.078,0.04,20.0,0.03,15.0,0.09,15.0,0.1,15.0,0.91,15.0,0.9,15.0,0.96,20.0,0.97,15.0,0.05,0.05,44.013483,1776223146000
1776223148.014,248.014,0.04,20.0,0.03,15.0,0.09,15.0,0.1,15.0,0.91,15.0,0.9,15.0,0.96,20.0,0.97,15.0,0.05,0.05,44.013114,1776223147000
1776223149.064,249.064,0.04,20.0,0.03,15.0,0.09,15.0,0.1,15.0,0.91,15.0,0.9,15.0,0.96,20.0,0.97,15.0,0.05,0.05,44.013402,1776223148000
1776223150.05,250.05,0.04,20.0,0.03,15.0,0.09,15.0,0.1,15.0,0.91,15.0,0.9,15.0,0.96,20.0,0.97,15.0,0.05,0.05,44.013397,1776223149000
1776223151.114,251.114,0.04,20.0,0.03,15.0,0.09,15.0,0.1,15.0,0.91,15.0,0.9,15.0,0.96,20.0,0.97,15.0,0.05,0.05,44.013398,1776223150000
1776223151.996,251.996,0.03,15.0,0.02,25.0,0.06,15.0,0.07,15.0,0.91,15.0,0.9,15.0,0.96,20.0,0.97,15.0,0.03,0.05,44.013398,1776223150000
1776223152.74,252.74,0.03,11.61,0.02,25.0,0.06,15.0,0.07,15.0,0.94,15.0,0.93,15.0,0.97,15.0,0.98,25.0,0.03,0.03,44.013843,1776223151000
1776223153.094,253.094,0.03,11.61,0.02,25.0,0.06,15.0,0.07,15.0,0.94,15.0,0.93,15.0,0.97,11.61,0.98,25.0,0.03,0.03,44.014258,1776223152000
1776223154.053,254.053,0.03,11.61,0.02,25.0,0.06,15.0,0.07,15.0,0.94,15.0,0.93,15.0,0.97,11.61,0.98,25.0,0.03,0.03,44.014286,1776223153000
1776223154.993,254.993,0.03,11.61,0.02,25.0,0.06,15.0,0.07,15.0,0.94,15.0,0.93,15.0,0.97,11.61,0.98,25.0,0.03,0.03,44.015218,1776223154000
1776223155.977,255.977,0.03,11.61,0.02,25.0,0.06,15.0,0.07,15.0,0.94,15.0,0.93,15.0,0.97,11.61,0.98,25.0,0.03,0.03,44.015278,1776223155000
1776223156.989,256.989,0.03,11.61,0.02,25.0,0.06,15.0,0.07,15.0,0.94,15.0,0.93,15.0,0.97,11.61,0.98,25.0,0.03,0.03,44.014224,1776223156000
1776223157.975,257.975,0.03,11.61,0.02,25.0,0.06,15.0,0.07,15.0,0.94,15.0,0.93,15.0,0.97,11.61,0.98,25.0,0.03,0.03,44.012892,1776223157000
1776223158.202,258.202,0.01,85.0,,,0.04,15.0,0.05,15.0,0.94,15.0,0.93,15.0,0.97,11.61,0.98,25.0,0.03,0.03,44.012892,1776223157000
1776223158.968,258.968,0.01,85.0,,,0.04,15.0,0.05,15.0,0.96,15.0,0.95,15.0,0.99,85.0,,,0.03,0.03,44.012892,1776223158000
1776223159.924,259.924,0.01,85.0,,,0.04,15.0,0.05,15.0,0.96,15.0,0.95,15.0,0.99,85.0,,,0.03,0.03,44.0124,1776223159000
1776223160.936,260.936,0.01,85.0,,,0.04,15.0,0.05,15.0,0.96,15.0,0.95,15.0,0.99,85.0,,,0.03,0.03,44.012915,1776223160000
1776223161.947,261.947,0.01,85.0,,,0.04,15.0,0.05,15.0,0.96,15.0,0.95,15.0,0.99,85.0,,,0.03,0.03,44.01293,1776223161000
1776223163.039,263.039,0.01,77.15,,,0.03,15.0,0.04,15.0,0.96,15.0,0.95,15.0,0.99,85.0,,,0.02,0.03,44.01293,1776223161000
1776223163.309,263.309,0.01,77.15,,,0.03,15.0,0.04,15.0,0.97,15.0,0.96,15.0,0.99,77.15,,,0.02,0.02,44.01274,1776223162000
1776223164.204,264.204,0.01,77.15,,,0.03,15.0,0.04,15.0,0.97,15.0,0.96,15.0,0.99,77.15,,,0.02,0.02,44.01274,1776223163000
1776223166.377,266.377,0.01,77.15,,,0.03,15.0,0.04,15.0,0.97,15.0,0.96,15.0,0.99,77.15,,,0.02,0.02,44.012754,1776223164000
1776223167.11,267.11,0.01,77.15,,,0.03,15.0,0.04,15.0,0.97,15.0,0.96,15.0,0.99,77.15,,,0.02,0.02,44.01264,1776223166000
1776223168.937,268.937,0.01,77.15,,,0.03,15.0,0.04,15.0,0.97,15.0,0.96,15.0,0.99,77.15,,,0.02,0.02,44.012608,1776223167000
1776223169.823,269.823,0.01,77.15,,,0.03,15.0,0.04,15.0,0.97,15.0,0.96,15.0,0.99,77.15,,,0.02,0.02,44.012365,1776223168000
1776223170.528,270.528,0.01,77.15,,,0.03,15.0,0.04,15.0,0.97,15.0,0.96,15.0,0.99,77.15,,,0.02,0.02,44.011373,1776223169000
1776223171.246,271.246,0.01,60.12,,,0.02,15.0,0.03,15.0,0.97,15.0,0.96,15.0,0.99,77.15,,,0.01,0.02,44.011373,1776223169000
1776223171.515,271.515,0.01,55.07,,,0.02,15.0,0.03,15.0,0.98,15.0,0.97,15.0,0.99,60.12,,,0.01,0.01,44.011372,1776223170000
1776223172.848,272.848,0.01,35.07,,,0.02,15.0,0.03,15.0,0.98,15.0,0.97,15.0,0.99,55.07,,,0.01,0.01,44.011372,1776223170000
1776223173.439,273.439,0.01,34.05,,,0.02,15.0,0.03,15.0,0.98,15.0,0.97,15.0,0.99,35.07,,,0.01,0.01,44.011438,1776223171000
1776223173.655,273.655,0.01,29.0,,,0.02,15.0,0.03,15.0,0.98,15.0,0.97,15.0,0.99,34.05,,,0.01,0.01,44.011438,1776223171000
1776223174.502,274.502,0.01,29.0,,,0.02,15.0,0.03,15.0,0.98,15.0,0.97,15.0,0.99,29.0,,,0.01,0.01,44.012129,1776223173000
1776223175.321,275.321,0.01,29.0,,,0.02,15.0,0.03,15.0,0.98,15.0,0.97,15.0,0.99,29.0,,,0.01,0.01,44.012129,1776223174000
1776223177.032,277.032,0.01,29.0,,,0.02,15.0,0.03,15.0,0.98,15.0,0.97,15.0,0.99,29.0,,,0.01,0.01,44.012242,1776223175000
1776223177.443,277.443,0.01,21.15,,,0.13,46.94,0.7,100.0,0.98,15.0,0.97,15.0,0.99,29.0,,,0.12,0.01,44.012242,1776223175000
1776223177.765,277.765,0.01,21.15,,,0.13,46.94,0.7,100.0,0.87,46.94,0.3,100.0,0.99,21.15,,,0.12,0.12,44.011453,1776223176000
1776223178.516,278.516,0.01,21.15,,,0.13,46.94,0.7,100.0,0.87,46.94,0.3,100.0,0.99,21.15,,,0.12,0.12,44.011453,1776223177000
1776223179.324,279.324,0.01,11.05,,,0.13,46.94,0.7,100.0,0.87,46.94,0.3,100.0,0.99,21.15,,,0.12,0.12,44.011453,1776223177000
1776223180.761,280.761,0.01,11.05,,,0.13,46.94,0.7,100.0,0.87,46.94,0.3,100.0,0.99,11.05,,,0.12,0.12,44.011341,1776223179000
1776223181.56,281.56,0.01,11.05,,,0.13,46.94,0.7,100.0,0.87,46.94,0.3,100.0,0.99,11.05,,,0.12,0.12,44.011672,1776223180000
1776223182.538,282.538,0.01,11.05,,,0.13,46.94,0.7,100.0,0.87,46.94,0.3,100.0,0.99,11.05,,,0.12,0.12,44.011672,1776223181000
1776223183.534,283.534,0.01,11.05,,,0.13,46.94,0.7,100.0,0.87,46.94,0.3,100.0,0.99,11.05,,,0.12,0.12,44.012284,1776223182000
1776223184.352,284.352,0.01,11.05,,,0.13,46.94,0.7,100.0,0.87,46.94,0.3,100.0,0.99,11.05,,,0.12,0.12,44.012132,1776223183000
1776223185.459,285.459,0.01,6.05,,,0.13,46.94,0.7,100.0,0.87,46.94,0.3,100.0,0.99,11.05,,,0.12,0.12,44.012132,1776223183000
1776223185.848,285.848,,,,,0.13,46.94,0.7,100.0,0.87,46.94,0.3,100.0,0.99,6.05,,,,0.12,44.012106,1776223184000
1776223187.069,287.069,,,,,0.13,46.94,0.7,100.0,0.87,46.94,0.3,100.0,,,,,,,44.008332,1776223186000
1776223188.161,288.161,,,,,0.13,46.94,0.7,100.0,0.87,46.94,0.3,100.0,,,,,,,44.007271,1776223187000
1776223189.176,289.176,,,,,0.13,46.94,0.7,100.0,0.87,46.94,0.3,100.0,,,,,,,44.007029,1776223188000
1776223189.582,289.582,,,,,0.01,996.08,0.13,46.94,0.87,46.94,0.3,100.0,,,,,,,44.007029,1776223188000
1776223190.328,290.328,,,,,0.01,996.08,0.13,46.94,0.99,996.08,0.87,46.94,,,,,,,44.007227,1776223189000
1776223191.335,291.335,,,,,0.01,996.08,0.13,46.94,0.99,996.08,0.87,46.94,,,,,,,44.003177,1776223190000
1776223192.358,292.358,,,,,0.01,996.08,0.13,46.94,0.99,996.08,0.87,46.94,,,,,,,44.00283,1776223191000
1776223192.862,292.862,,,,,0.01,996.08,0.13,46.94,0.99,996.08,0.87,46.94,,,,,,,44.0023,1776223192000
1776223193.873,293.873,,,,,0.01,996.08,0.13,46.94,0.99,996.08,0.87,46.94,,,,,,,44.001868,1776223193000
1776223194.97,294.97,,,,,0.01,996.08,0.13,46.94,0.99,996.08,0.87,46.94,,,,,,,44.001911,1776223194000
1776223196.016,296.016,,,,,0.01,996.08,0.13,46.94,0.99,996.08,0.87,46.94,,,,,,,43.994731,1776223195000
1776223197.056,297.056,,,,,0.01,996.08,0.13,46.94,0.99,996.08,0.87,46.94,,,,,,,43.993286,1776223196000
1776223198.031,298.031,,,,,0.01,996.08,0.13,46.94,0.99,996.08,0.87,46.94,,,,,,,43.993161,1776223197000
1776223199.133,299.133,,,,,0.01,996.08,0.13,46.94,0.99,996.08,0.87,46.94,,,,,,,43.993186,1776223198000
1776223200.49,300.49,,,,,0.01,996.08,0.13,46.94,0.99,996.08,0.87,46.94,,,,,,,43.993351,1776223199000

# RESULT,winner=Down,slug=hype-updown-5m-1776222900,ticks=322
