timestamp,elapsed_sec,up_bid_p1,up_bid_s1,up_bid_p2,up_bid_s2,up_ask_p1,up_ask_s1,up_ask_p2,up_ask_s2,down_bid_p1,down_bid_s1,down_bid_p2,down_bid_s2,down_ask_p1,down_ask_s1,down_ask_p2,down_ask_s2,up_spread,down_spread,hype_price,hype_oracle_ts
1776199200.003,0.003,0.48,5.0,0.47,31.0,0.52,5.0,0.53,31.0,0.48,5.0,0.47,31.0,0.52,5.0,0.53,31.0,0.04,0.04,43.226037,1776199198000
1776199200.352,0.352,0.41,37.0,0.4,33.0,0.59,37.0,0.6,33.0,0.48,5.0,0.47,31.0,0.52,5.0,0.53,31.0,0.18,0.04,43.226037,1776199198000
1776199201.42,1.42,0.41,37.0,0.4,33.0,0.59,37.0,0.6,33.0,0.41,37.0,0.4,33.0,0.59,37.0,0.6,33.0,0.18,0.18,43.231029,1776199200000
1776199202.643,2.643,0.41,37.0,0.4,33.0,0.59,37.0,0.6,33.0,0.41,37.0,0.4,33.0,0.59,37.0,0.6,33.0,0.18,0.18,43.233406,1776199201000
1776199203.405,3.405,0.41,37.0,0.4,33.0,0.59,37.0,0.6,33.0,0.41,37.0,0.4,33.0,0.59,37.0,0.6,33.0,0.18,0.18,43.233671,1776199202000
1776199203.994,3.994,0.41,37.0,0.4,33.0,0.59,37.0,0.6,33.0,0.41,37.0,0.4,33.0,0.59,37.0,0.6,33.0,0.18,0.18,43.234202,1776199203000
1776199205.416,5.416,0.41,37.0,0.4,33.0,0.59,37.0,0.6,33.0,0.41,37.0,0.4,33.0,0.59,37.0,0.6,33.0,0.18,0.18,43.241809,1776199204000
1776199206.076,6.076,0.41,37.0,0.4,33.0,0.59,37.0,0.6,33.0,0.41,37.0,0.4,33.0,0.59,37.0,0.6,33.0,0.18,0.18,43.242786,1776199205000
1776199207.317,7.317,0.41,37.0,0.4,33.0,0.59,37.0,0.6,33.0,0.41,37.0,0.4,33.0,0.59,37.0,0.6,33.0,0.18,0.18,43.24446,1776199206000
1776199208.646,8.646,0.41,37.0,0.4,33.0,0.59,37.0,0.6,33.0,0.41,37.0,0.4,33.0,0.59,37.0,0.6,33.0,0.18,0.18,43.248877,1776199207000
1776199209.219,9.219,0.41,37.0,0.4,33.0,0.59,37.0,0.6,33.0,0.41,37.0,0.4,33.0,0.59,37.0,0.6,33.0,0.18,0.18,43.248877,1776199208000
1776199210.583,10.583,0.41,37.0,0.4,33.0,0.59,37.0,0.6,33.0,0.41,37.0,0.4,33.0,0.59,37.0,0.6,33.0,0.18,0.18,43.248057,1776199209000
1776199210.804,10.804,0.29,10.0,0.13,50.01,0.46,5.94,0.89,315.0,0.11,100.0,0.08,50.0,0.5,4.06,0.71,10.0,0.17,0.39,43.248057,1776199209000
1776199211.145,11.145,0.29,10.0,0.13,50.01,0.46,5.94,0.89,315.0,0.54,5.94,0.11,315.0,0.71,10.0,0.87,50.01,0.17,0.17,43.248577,1776199210000
1776199212.255,12.255,0.29,10.0,0.13,50.01,0.46,5.94,0.89,315.0,0.54,5.94,0.11,315.0,0.71,10.0,0.87,50.01,0.17,0.17,43.245385,1776199211000
1776199213.477,13.477,0.29,10.0,0.13,50.01,0.46,5.94,0.89,315.0,0.54,5.94,0.11,315.0,0.71,10.0,0.87,50.01,0.17,0.17,43.21627,1776199212000
1776199214.069,14.069,0.29,10.0,0.13,50.01,0.46,5.94,0.89,315.0,0.54,5.94,0.11,315.0,0.71,10.0,0.87,50.01,0.17,0.17,43.217507,1776199213000
1776199215.275,15.275,0.29,10.0,0.13,50.01,0.46,5.94,0.89,315.0,0.54,5.94,0.11,315.0,0.71,10.0,0.87,50.01,0.17,0.17,43.218783,1776199214000
1776199216.985,16.985,0.29,10.0,0.13,50.01,0.46,5.94,0.89,315.0,0.54,5.94,0.11,315.0,0.71,10.0,0.87,50.01,0.17,0.17,43.218346,1776199215000
1776199217.454,17.454,0.29,10.0,0.13,50.01,0.46,5.94,0.89,315.0,0.54,5.94,0.11,315.0,0.71,10.0,0.87,50.01,0.17,0.17,43.218381,1776199216000
1776199218.854,18.854,0.29,10.0,0.13,50.01,0.46,5.94,0.89,315.0,0.54,5.94,0.11,315.0,0.71,10.0,0.87,50.01,0.17,0.17,43.220608,1776199217000
1776199219.467,19.467,0.29,10.0,0.13,50.01,0.46,5.94,0.89,315.0,0.54,5.94,0.11,315.0,0.71,10.0,0.87,50.01,0.17,0.17,43.227105,1776199218000
1776199219.918,19.918,0.41,5.0,0.4,15.0,0.67,4.62,0.68,5.0,0.54,5.94,0.11,315.0,0.71,10.0,0.87,50.01,0.26,0.17,43.227105,1776199218000
1776199220.249,20.249,0.41,5.0,0.4,15.0,0.67,4.62,0.68,5.0,0.33,4.62,0.32,5.0,0.59,5.0,0.6,15.0,0.26,0.26,43.229595,1776199219000
1776199221.566,21.566,0.41,5.0,0.4,15.0,0.67,4.62,0.68,5.0,0.33,4.62,0.32,5.0,0.59,5.0,0.6,15.0,0.26,0.26,43.23108,1776199220000
1776199222.197,22.197,0.41,5.0,0.4,15.0,0.67,4.62,0.68,5.0,0.33,4.62,0.32,5.0,0.59,5.0,0.6,15.0,0.26,0.26,43.23108,1776199221000
1776199223.417,23.417,0.41,5.0,0.4,15.0,0.67,4.62,0.68,5.0,0.33,4.62,0.32,5.0,0.59,5.0,0.6,15.0,0.26,0.26,43.215595,1776199222000
1776199224.164,24.164,0.41,5.0,0.4,15.0,0.67,4.62,0.68,5.0,0.33,4.62,0.32,5.0,0.59,5.0,0.6,15.0,0.26,0.26,43.2138,1776199223000
1776199225.455,25.455,0.41,5.0,0.4,15.0,0.67,4.62,0.68,5.0,0.33,4.62,0.32,5.0,0.59,5.0,0.6,15.0,0.26,0.26,43.212988,1776199224000
1776199226.123,26.123,0.41,5.0,0.4,15.0,0.67,4.62,0.68,5.0,0.33,4.62,0.32,5.0,0.59,5.0,0.6,15.0,0.26,0.26,43.212971,1776199225000
1776199227.426,27.426,0.41,5.0,0.4,15.0,0.67,4.62,0.68,5.0,0.33,4.62,0.32,5.0,0.59,5.0,0.6,15.0,0.26,0.26,43.210929,1776199226000
1776199228.148,28.148,0.41,5.0,0.4,15.0,0.67,4.62,0.68,5.0,0.33,4.62,0.32,5.0,0.59,5.0,0.6,15.0,0.26,0.26,43.210929,1776199227000
1776199229.289,29.289,0.41,5.0,0.4,15.0,0.67,4.62,0.68,5.0,0.33,4.62,0.32,5.0,0.59,5.0,0.6,15.0,0.26,0.26,43.210956,1776199228000
1776199230.479,30.479,0.41,5.0,0.4,15.0,0.67,4.62,0.68,5.0,0.33,4.62,0.32,5.0,0.59,5.0,0.6,15.0,0.26,0.26,43.210406,1776199229000
1776199231.103,31.103,0.41,5.0,0.4,15.0,0.67,4.62,0.68,5.0,0.33,4.62,0.32,5.0,0.59,5.0,0.6,15.0,0.26,0.26,43.210665,1776199230000
1776199232.35,32.35,0.41,5.0,0.4,15.0,0.67,4.62,0.68,5.0,0.33,4.62,0.32,5.0,0.59,5.0,0.6,15.0,0.26,0.26,43.213372,1776199231000
1776199232.946,32.946,0.41,5.0,0.4,15.0,0.67,4.62,0.68,5.0,0.33,4.62,0.32,5.0,0.59,5.0,0.6,15.0,0.26,0.26,43.213372,1776199232000
1776199234.147,34.147,0.41,5.0,0.4,15.0,0.67,4.62,0.68,5.0,0.33,4.62,0.32,5.0,0.59,5.0,0.6,15.0,0.26,0.26,43.205826,1776199233000
1776199235.571,35.571,0.41,5.0,0.4,15.0,0.67,4.62,0.68,5.0,0.33,4.62,0.32,5.0,0.59,5.0,0.6,15.0,0.26,0.26,43.202668,1776199234000
1776199236.248,36.248,0.41,5.0,0.4,15.0,0.67,4.62,0.68,5.0,0.33,4.62,0.32,5.0,0.59,5.0,0.6,15.0,0.26,0.26,43.208491,1776199235000
1776199237.653,37.653,0.41,5.0,0.4,15.0,0.67,4.62,0.68,5.0,0.33,4.62,0.32,5.0,0.59,5.0,0.6,15.0,0.26,0.26,43.21196,1776199236000
1776199238.268,38.268,0.41,5.0,0.4,15.0,0.67,4.62,0.68,5.0,0.33,4.62,0.32,5.0,0.59,5.0,0.6,15.0,0.26,0.26,43.21196,1776199237000
1776199239.964,39.964,0.41,5.0,0.4,15.0,0.67,4.62,0.68,5.0,0.33,4.62,0.32,5.0,0.59,5.0,0.6,15.0,0.26,0.26,43.209757,1776199238000
1776199240.624,40.624,0.41,5.0,0.4,15.0,0.67,4.62,0.68,5.0,0.33,4.62,0.32,5.0,0.59,5.0,0.6,15.0,0.26,0.26,43.206615,1776199239000
1776199241.402,41.402,0.41,5.0,0.4,15.0,0.67,4.62,0.68,5.0,0.33,4.62,0.32,5.0,0.59,5.0,0.6,15.0,0.26,0.26,43.205526,1776199240000
1776199242.844,42.844,0.41,5.0,0.4,15.0,0.67,4.62,0.68,5.0,0.33,4.62,0.32,5.0,0.59,5.0,0.6,15.0,0.26,0.26,43.20951,1776199241000
1776199243.493,43.493,0.41,5.0,0.4,15.0,0.67,4.62,0.68,5.0,0.33,4.62,0.32,5.0,0.59,5.0,0.6,15.0,0.26,0.26,43.210304,1776199242000
1776199244.301,44.301,0.41,5.0,0.4,15.0,0.67,4.62,0.68,5.0,0.33,4.62,0.32,5.0,0.59,5.0,0.6,15.0,0.26,0.26,43.210304,1776199243000
1776199245.664,45.664,0.41,5.0,0.4,15.0,0.67,4.62,0.68,5.0,0.33,4.62,0.32,5.0,0.59,5.0,0.6,15.0,0.26,0.26,43.211645,1776199244000
1776199246.325,46.325,0.41,5.0,0.4,15.0,0.67,4.62,0.68,5.0,0.33,4.62,0.32,5.0,0.59,5.0,0.6,15.0,0.26,0.26,43.212462,1776199245000
1776199247.752,47.752,0.41,5.0,0.4,15.0,0.67,4.62,0.68,5.0,0.33,4.62,0.32,5.0,0.59,5.0,0.6,15.0,0.26,0.26,43.212569,1776199246000
1776199248.583,48.583,0.41,5.0,0.4,15.0,0.67,4.62,0.68,5.0,0.33,4.62,0.32,5.0,0.59,5.0,0.6,15.0,0.26,0.26,43.212569,1776199247000
1776199249.274,49.274,0.41,5.0,0.4,15.0,0.67,4.62,0.68,5.0,0.33,4.62,0.32,5.0,0.59,5.0,0.6,15.0,0.26,0.26,43.212578,1776199248000
1776199250.967,50.967,0.41,5.0,0.4,15.0,0.67,4.62,0.68,5.0,0.33,4.62,0.32,5.0,0.59,5.0,0.6,15.0,0.26,0.26,43.211539,1776199249000
1776199251.743,51.743,0.41,5.0,0.4,15.0,0.67,4.62,0.68,5.0,0.33,4.62,0.32,5.0,0.59,5.0,0.6,15.0,0.26,0.26,43.211616,1776199250000
1776199253.188,53.188,0.41,5.0,0.4,15.0,0.67,4.62,0.68,5.0,0.33,4.62,0.32,5.0,0.59,5.0,0.6,15.0,0.26,0.26,43.211372,1776199252000
1776199254.293,54.293,0.41,5.0,0.4,15.0,0.67,4.62,0.68,5.0,0.33,4.62,0.32,5.0,0.59,5.0,0.6,15.0,0.26,0.26,43.208254,1776199253000
1776199255.362,55.362,0.41,5.0,0.4,15.0,0.67,4.62,0.68,5.0,0.33,4.62,0.32,5.0,0.59,5.0,0.6,15.0,0.26,0.26,43.208311,1776199254000
1776199256.068,56.068,0.41,5.0,0.4,15.0,0.67,4.62,0.68,5.0,0.33,4.62,0.32,5.0,0.59,5.0,0.6,15.0,0.26,0.26,43.208311,1776199255000
1776199257.202,57.202,0.41,5.0,0.4,15.0,0.67,4.62,0.68,5.0,0.33,4.62,0.32,5.0,0.59,5.0,0.6,15.0,0.26,0.26,43.208453,1776199256000
1776199258.367,58.367,0.41,5.0,0.4,15.0,0.67,4.62,0.68,5.0,0.33,4.62,0.32,5.0,0.59,5.0,0.6,15.0,0.26,0.26,43.20977,1776199257000
1776199258.88,58.88,0.41,5.0,0.4,15.0,0.67,4.62,0.68,5.0,0.33,4.62,0.32,5.0,0.59,5.0,0.6,15.0,0.26,0.26,43.20977,1776199258000
1776199259.983,59.983,0.41,5.0,0.4,15.0,0.67,4.62,0.68,5.0,0.33,4.62,0.32,5.0,0.59,5.0,0.6,15.0,0.26,0.26,43.214464,1776199259000
1776199261.066,61.066,0.41,5.0,0.4,15.0,0.67,4.62,0.68,5.0,0.33,4.62,0.32,5.0,0.59,5.0,0.6,15.0,0.26,0.26,43.215593,1776199260000
1776199262.221,62.221,0.41,5.0,0.4,15.0,0.67,4.62,0.68,5.0,0.33,4.62,0.32,5.0,0.59,5.0,0.6,15.0,0.26,0.26,43.214901,1776199261000
1776199263.378,63.378,0.41,5.0,0.4,15.0,0.67,4.62,0.68,5.0,0.33,4.62,0.32,5.0,0.59,5.0,0.6,15.0,0.26,0.26,43.215075,1776199262000
1776199263.843,63.843,0.41,5.0,0.4,15.0,0.67,4.62,0.68,5.0,0.33,4.62,0.32,5.0,0.59,5.0,0.6,15.0,0.26,0.26,43.215577,1776199263000
1776199265.242,65.242,0.41,5.0,0.4,15.0,0.67,4.62,0.68,5.0,0.33,4.62,0.32,5.0,0.59,5.0,0.6,15.0,0.26,0.26,43.215842,1776199264000
1776199266.333,66.333,0.41,5.0,0.4,15.0,0.67,4.62,0.68,5.0,0.33,4.62,0.32,5.0,0.59,5.0,0.6,15.0,0.26,0.26,43.214803,1776199265000
1776199266.858,66.858,0.41,5.0,0.4,15.0,0.67,4.62,0.68,5.0,0.33,4.62,0.32,5.0,0.59,5.0,0.6,15.0,0.26,0.26,43.21347,1776199266000
1776199268.644,68.644,0.41,5.0,0.4,15.0,0.67,4.62,0.68,5.0,0.33,4.62,0.32,5.0,0.59,5.0,0.6,15.0,0.26,0.26,43.213936,1776199267000
1776199269.152,69.152,0.41,5.0,0.4,15.0,0.67,4.62,0.68,5.0,0.33,4.62,0.32,5.0,0.59,5.0,0.6,15.0,0.26,0.26,43.215446,1776199268000
1776199270.25,70.25,0.41,5.0,0.4,15.0,0.67,4.62,0.68,5.0,0.33,4.62,0.32,5.0,0.59,5.0,0.6,15.0,0.26,0.26,43.216344,1776199269000
1776199271.354,71.354,0.41,5.0,0.4,15.0,0.67,4.62,0.68,5.0,0.33,4.62,0.32,5.0,0.59,5.0,0.6,15.0,0.26,0.26,43.217054,1776199270000
1776199271.926,71.926,0.41,5.0,0.4,15.0,0.67,4.62,0.68,5.0,0.33,4.62,0.32,5.0,0.59,5.0,0.6,15.0,0.26,0.26,43.217054,1776199271000
1776199272.923,72.923,0.41,5.0,0.4,15.0,0.67,4.62,0.68,5.0,0.33,4.62,0.32,5.0,0.59,5.0,0.6,15.0,0.26,0.26,43.220066,1776199272000
1776199274.039,74.039,0.41,5.0,0.4,15.0,0.67,4.62,0.68,5.0,0.33,4.62,0.32,5.0,0.59,5.0,0.6,15.0,0.26,0.26,43.222043,1776199273000
1776199274.992,74.992,0.41,5.0,0.4,15.0,0.67,4.62,0.68,5.0,0.33,4.62,0.32,5.0,0.59,5.0,0.6,15.0,0.26,0.26,43.223213,1776199274000
1776199276.066,76.066,0.41,5.0,0.4,15.0,0.67,4.62,0.68,5.0,0.33,4.62,0.32,5.0,0.59,5.0,0.6,15.0,0.26,0.26,43.227719,1776199275000
1776199277.283,77.283,0.41,5.0,0.4,15.0,0.67,4.62,0.68,5.0,0.33,4.62,0.32,5.0,0.59,5.0,0.6,15.0,0.26,0.26,43.230064,1776199276000
1776199278.333,78.333,0.41,5.0,0.4,15.0,0.67,4.62,0.68,5.0,0.33,4.62,0.32,5.0,0.59,5.0,0.6,15.0,0.26,0.26,43.230383,1776199277000
1776199279.315,79.315,0.41,5.0,0.4,15.0,0.67,4.62,0.68,5.0,0.33,4.62,0.32,5.0,0.59,5.0,0.6,15.0,0.26,0.26,43.230082,1776199278000
1776199280.368,80.368,0.41,5.0,0.4,15.0,0.67,4.62,0.68,5.0,0.33,4.62,0.32,5.0,0.59,5.0,0.6,15.0,0.26,0.26,43.23025,1776199279000
1776199280.941,80.941,0.41,5.0,0.4,15.0,0.67,4.62,0.68,5.0,0.33,4.62,0.32,5.0,0.59,5.0,0.6,15.0,0.26,0.26,43.23025,1776199280000
1776199282.586,82.586,0.41,5.0,0.4,15.0,0.67,4.62,0.68,5.0,0.33,4.62,0.32,5.0,0.59,5.0,0.6,15.0,0.26,0.26,43.230366,1776199281000
1776199283.344,83.344,0.41,5.0,0.4,15.0,0.67,4.62,0.68,5.0,0.33,4.62,0.32,5.0,0.59,5.0,0.6,15.0,0.26,0.26,43.23118,1776199282000
1776199284.484,84.484,0.41,5.0,0.4,15.0,0.67,4.62,0.68,5.0,0.33,4.62,0.32,5.0,0.59,5.0,0.6,15.0,0.26,0.26,43.23118,1776199283000
1776199285.062,85.062,0.41,5.0,0.4,15.0,0.67,4.62,0.68,5.0,0.33,4.62,0.32,5.0,0.59,5.0,0.6,15.0,0.26,0.26,43.23118,1776199284000
1776199286.204,86.204,0.41,5.0,0.4,15.0,0.67,4.62,0.68,5.0,0.33,4.62,0.32,5.0,0.59,5.0,0.6,15.0,0.26,0.26,43.231175,1776199285000
1776199287.297,87.297,0.41,5.0,0.4,15.0,0.67,4.62,0.68,5.0,0.33,4.62,0.32,5.0,0.59,5.0,0.6,15.0,0.26,0.26,43.231171,1776199286000
1776199288.477,88.477,0.41,5.0,0.4,15.0,0.67,4.62,0.68,5.0,0.33,4.62,0.32,5.0,0.59,5.0,0.6,15.0,0.26,0.26,43.231171,1776199287000
1776199288.978,88.978,0.41,5.0,0.4,15.0,0.67,4.62,0.68,5.0,0.33,4.62,0.32,5.0,0.59,5.0,0.6,15.0,0.26,0.26,43.229931,1776199288000
1776199290.119,90.119,0.41,5.0,0.4,15.0,0.67,4.62,0.68,5.0,0.33,4.62,0.32,5.0,0.59,5.0,0.6,15.0,0.26,0.26,43.229931,1776199289000
1776199291.222,91.222,0.41,5.0,0.4,15.0,0.67,4.62,0.68,5.0,0.33,4.62,0.32,5.0,0.59,5.0,0.6,15.0,0.26,0.26,43.230711,1776199290000
1776199292.404,92.404,0.41,5.0,0.4,15.0,0.67,4.62,0.68,5.0,0.33,4.62,0.32,5.0,0.59,5.0,0.6,15.0,0.26,0.26,43.234894,1776199291000
1776199292.842,92.842,0.41,5.0,0.4,15.0,0.67,4.62,0.68,5.0,0.33,4.62,0.32,5.0,0.59,5.0,0.6,15.0,0.26,0.26,43.234894,1776199292000
1776199294.027,94.027,0.41,5.0,0.4,15.0,0.67,4.62,0.68,5.0,0.33,4.62,0.32,5.0,0.59,5.0,0.6,15.0,0.26,0.26,43.234827,1776199293000
1776199295.094,95.094,0.41,5.0,0.4,15.0,0.67,4.62,0.68,5.0,0.33,4.62,0.32,5.0,0.59,5.0,0.6,15.0,0.26,0.26,43.234516,1776199294000
1776199296.243,96.243,0.41,5.0,0.4,15.0,0.67,4.62,0.68,5.0,0.33,4.62,0.32,5.0,0.59,5.0,0.6,15.0,0.26,0.26,43.234516,1776199295000
1776199297.08,97.08,0.41,5.0,0.4,15.0,0.67,4.62,0.68,5.0,0.33,4.62,0.32,5.0,0.59,5.0,0.6,15.0,0.26,0.26,43.234221,1776199296000
1776199298.126,98.126,0.41,5.0,0.4,15.0,0.67,4.62,0.68,5.0,0.33,4.62,0.32,5.0,0.59,5.0,0.6,15.0,0.26,0.26,43.234182,1776199297000
1776199299.195,99.195,0.41,5.0,0.4,15.0,0.67,4.62,0.68,5.0,0.33,4.62,0.32,5.0,0.59,5.0,0.6,15.0,0.26,0.26,43.226783,1776199298000
1776199300.226,100.226,0.41,5.0,0.4,15.0,0.67,4.62,0.68,5.0,0.33,4.62,0.32,5.0,0.59,5.0,0.6,15.0,0.26,0.26,43.225813,1776199299000
1776199301.297,101.297,0.41,5.0,0.4,15.0,0.67,4.62,0.68,5.0,0.33,4.62,0.32,5.0,0.59,5.0,0.6,15.0,0.26,0.26,43.220668,1776199300000
1776199302.357,102.357,0.41,5.0,0.4,15.0,0.67,4.62,0.68,5.0,0.33,4.62,0.32,5.0,0.59,5.0,0.6,15.0,0.26,0.26,43.220673,1776199301000
1776199302.971,102.971,0.41,5.0,0.4,15.0,0.67,4.62,0.68,5.0,0.33,4.62,0.32,5.0,0.59,5.0,0.6,15.0,0.26,0.26,43.220972,1776199302000
1776199303.962,103.962,0.41,5.0,0.4,15.0,0.67,4.62,0.68,5.0,0.33,4.62,0.32,5.0,0.59,5.0,0.6,15.0,0.26,0.26,43.222646,1776199303000
1776199304.968,104.968,0.41,5.0,0.4,15.0,0.67,4.62,0.68,5.0,0.33,4.62,0.32,5.0,0.59,5.0,0.6,15.0,0.26,0.26,43.225289,1776199304000
1776199306.026,106.026,0.41,5.0,0.4,15.0,0.67,4.62,0.68,5.0,0.33,4.62,0.32,5.0,0.59,5.0,0.6,15.0,0.26,0.26,43.227032,1776199305000
1776199307.268,107.268,0.41,5.0,0.4,15.0,0.67,4.62,0.68,5.0,0.33,4.62,0.32,5.0,0.59,5.0,0.6,15.0,0.26,0.26,43.230949,1776199306000
1776199308.169,108.169,0.41,5.0,0.4,15.0,0.67,4.62,0.68,5.0,0.33,4.62,0.32,5.0,0.59,5.0,0.6,15.0,0.26,0.26,43.23119,1776199307000
1776199309.131,109.131,0.41,5.0,0.4,15.0,0.67,4.62,0.68,5.0,0.33,4.62,0.32,5.0,0.59,5.0,0.6,15.0,0.26,0.26,43.236685,1776199308000
1776199310.824,110.824,0.41,5.0,0.4,15.0,0.67,4.62,0.68,5.0,0.33,4.62,0.32,5.0,0.59,5.0,0.6,15.0,0.26,0.26,43.236691,1776199309000
1776199311.328,111.328,0.41,5.0,0.4,15.0,0.67,4.62,0.68,5.0,0.33,4.62,0.32,5.0,0.59,5.0,0.6,15.0,0.26,0.26,43.236923,1776199310000
1776199311.864,111.864,0.41,5.0,0.4,15.0,0.67,4.62,0.68,5.0,0.33,4.62,0.32,5.0,0.59,5.0,0.6,15.0,0.26,0.26,43.236959,1776199311000
1776199312.94,112.94,0.41,5.0,0.4,15.0,0.67,4.62,0.68,5.0,0.33,4.62,0.32,5.0,0.59,5.0,0.6,15.0,0.26,0.26,43.239459,1776199312000
1776199313.453,113.453,0.42,4.87,0.39,15.0,0.59,10.0,0.65,51.0,0.33,4.62,0.32,5.0,0.59,5.0,0.6,15.0,0.17,0.26,43.239459,1776199312000
1776199314.036,114.036,0.42,4.87,0.39,15.0,0.59,10.0,0.65,51.0,0.41,10.0,0.35,51.0,0.58,4.87,0.61,15.0,0.17,0.17,43.239452,1776199313000
1776199315.241,115.241,0.42,4.87,0.39,15.0,0.59,10.0,0.65,51.0,0.41,10.0,0.35,51.0,0.58,4.87,0.61,15.0,0.17,0.17,43.240496,1776199314000
1776199316.311,116.311,0.42,4.87,0.39,15.0,0.59,10.0,0.65,51.0,0.41,10.0,0.35,51.0,0.58,4.87,0.61,15.0,0.17,0.17,43.233972,1776199315000
1776199317.373,117.373,0.42,4.87,0.39,15.0,0.59,10.0,0.65,51.0,0.41,10.0,0.35,51.0,0.58,4.87,0.61,15.0,0.17,0.17,43.237501,1776199316000
1776199318.339,118.339,0.42,4.87,0.39,15.0,0.59,10.0,0.65,51.0,0.41,10.0,0.35,51.0,0.58,4.87,0.61,15.0,0.17,0.17,43.237501,1776199317000
1776199318.86,118.86,0.42,4.87,0.39,15.0,0.59,10.0,0.65,51.0,0.41,10.0,0.35,51.0,0.58,4.87,0.61,15.0,0.17,0.17,43.235729,1776199318000
1776199319.942,119.942,0.42,4.87,0.39,15.0,0.59,10.0,0.65,51.0,0.41,10.0,0.35,51.0,0.58,4.87,0.61,15.0,0.17,0.17,43.238298,1776199319000
1776199321.175,121.175,0.42,4.87,0.39,15.0,0.59,10.0,0.65,51.0,0.41,10.0,0.35,51.0,0.58,4.87,0.61,15.0,0.17,0.17,43.237763,1776199320000
1776199321.981,121.981,0.42,4.87,0.39,15.0,0.59,10.0,0.65,51.0,0.41,10.0,0.35,51.0,0.58,4.87,0.61,15.0,0.17,0.17,43.246701,1776199321000
1776199323.034,123.034,0.42,4.87,0.39,15.0,0.59,10.0,0.65,51.0,0.41,10.0,0.35,51.0,0.58,4.87,0.61,15.0,0.17,0.17,43.24748,1776199322000
1776199324.732,124.732,0.42,4.87,0.39,15.0,0.59,10.0,0.65,51.0,0.41,10.0,0.35,51.0,0.58,4.87,0.61,15.0,0.17,0.17,43.253153,1776199323000
1776199326.135,126.135,0.42,4.87,0.39,15.0,0.59,10.0,0.65,51.0,0.41,10.0,0.35,51.0,0.58,4.87,0.61,15.0,0.17,0.17,43.253153,1776199324000
1776199326.853,126.853,0.42,4.87,0.39,15.0,0.59,10.0,0.65,51.0,0.41,10.0,0.35,51.0,0.58,4.87,0.61,15.0,0.17,0.17,43.252919,1776199325000
1776199327.772,127.772,0.42,4.87,0.39,15.0,0.59,10.0,0.65,51.0,0.41,10.0,0.35,51.0,0.58,4.87,0.61,15.0,0.17,0.17,43.252406,1776199326000
1776199328.47,128.47,0.42,4.87,0.39,15.0,0.59,10.0,0.65,51.0,0.41,10.0,0.35,51.0,0.58,4.87,0.61,15.0,0.17,0.17,43.251123,1776199327000
1776199329.1,129.1,0.42,4.87,0.39,15.0,0.59,10.0,0.65,51.0,0.41,10.0,0.35,51.0,0.58,4.87,0.61,15.0,0.17,0.17,43.250327,1776199328000
1776199330.828,130.828,0.42,4.87,0.39,15.0,0.59,10.0,0.65,51.0,0.41,10.0,0.35,51.0,0.58,4.87,0.61,15.0,0.17,0.17,43.250319,1776199329000
1776199331.503,131.503,0.42,4.87,0.39,15.0,0.59,10.0,0.65,51.0,0.41,10.0,0.35,51.0,0.58,4.87,0.61,15.0,0.17,0.17,43.250321,1776199330000
1776199332.181,132.181,0.42,4.87,0.39,15.0,0.59,10.0,0.65,51.0,0.41,10.0,0.35,51.0,0.58,4.87,0.61,15.0,0.17,0.17,43.250321,1776199331000
1776199333.543,133.543,0.42,4.87,0.39,15.0,0.59,10.0,0.65,51.0,0.41,10.0,0.35,51.0,0.58,4.87,0.61,15.0,0.17,0.17,43.250321,1776199332000
1776199334.237,134.237,0.42,4.87,0.39,15.0,0.59,10.0,0.65,51.0,0.41,10.0,0.35,51.0,0.58,4.87,0.61,15.0,0.17,0.17,43.25032,1776199333000
1776199335.618,135.618,0.42,4.87,0.39,15.0,0.59,10.0,0.65,51.0,0.41,10.0,0.35,51.0,0.58,4.87,0.61,15.0,0.17,0.17,43.250317,1776199334000
1776199336.301,136.301,0.42,4.87,0.39,15.0,0.59,10.0,0.65,51.0,0.41,10.0,0.35,51.0,0.58,4.87,0.61,15.0,0.17,0.17,43.249513,1776199335000
1776199337.013,137.013,0.42,4.87,0.39,15.0,0.59,10.0,0.65,51.0,0.41,10.0,0.35,51.0,0.58,4.87,0.61,15.0,0.17,0.17,43.25055,1776199336000
1776199338.529,138.529,0.42,4.87,0.39,15.0,0.59,10.0,0.65,51.0,0.41,10.0,0.35,51.0,0.58,4.87,0.61,15.0,0.17,0.17,43.255795,1776199337000
1776199339.328,139.328,0.42,4.87,0.39,15.0,0.59,10.0,0.65,51.0,0.41,10.0,0.35,51.0,0.58,4.87,0.61,15.0,0.17,0.17,43.264007,1776199338000
1776199340.175,140.175,0.42,4.87,0.39,15.0,0.59,10.0,0.65,51.0,0.41,10.0,0.35,51.0,0.58,4.87,0.61,15.0,0.17,0.17,43.272897,1776199339000
1776199341.594,141.594,0.42,4.87,0.39,15.0,0.59,10.0,0.65,51.0,0.41,10.0,0.35,51.0,0.58,4.87,0.61,15.0,0.17,0.17,43.276525,1776199340000
1776199342.407,142.407,0.42,4.87,0.39,15.0,0.59,10.0,0.65,51.0,0.41,10.0,0.35,51.0,0.58,4.87,0.61,15.0,0.17,0.17,43.279364,1776199341000
1776199343.047,143.047,0.42,4.87,0.39,15.0,0.59,10.0,0.65,51.0,0.41,10.0,0.35,51.0,0.58,4.87,0.61,15.0,0.17,0.17,43.283282,1776199342000
1776199344.048,144.048,0.42,4.87,0.39,15.0,0.59,10.0,0.65,51.0,0.41,10.0,0.35,51.0,0.58,4.87,0.61,15.0,0.17,0.17,43.290876,1776199343000
1776199345.177,145.177,0.42,4.87,0.39,15.0,0.59,10.0,0.65,51.0,0.41,10.0,0.35,51.0,0.58,4.87,0.61,15.0,0.17,0.17,43.286313,1776199344000
1776199345.677,145.677,0.8,10.0,0.75,15.0,0.84,13.8,0.85,15.0,0.41,10.0,0.35,51.0,0.58,4.87,0.61,15.0,0.04,0.17,43.286313,1776199344000
1776199346.194,146.194,0.8,10.0,0.75,15.0,0.84,13.8,0.85,15.0,0.16,13.8,0.15,15.0,0.2,10.0,0.25,15.0,0.04,0.04,43.285436,1776199345000
1776199347.199,147.199,0.8,10.0,0.75,15.0,0.84,13.8,0.85,15.0,0.16,13.8,0.15,15.0,0.2,10.0,0.25,15.0,0.04,0.04,43.283044,1776199346000
1776199348.235,148.235,0.8,10.0,0.75,15.0,0.84,13.8,0.85,15.0,0.16,13.8,0.15,15.0,0.2,10.0,0.25,15.0,0.04,0.04,43.282735,1776199347000
1776199349.153,149.153,0.8,10.0,0.75,15.0,0.84,13.8,0.85,15.0,0.16,13.8,0.15,15.0,0.2,10.0,0.25,15.0,0.04,0.04,43.282721,1776199348000
1776199350.25,150.25,0.8,10.0,0.75,15.0,0.84,13.8,0.85,15.0,0.16,13.8,0.15,15.0,0.2,10.0,0.25,15.0,0.04,0.04,43.283346,1776199349000
1776199351.235,151.235,0.8,10.0,0.75,15.0,0.84,13.8,0.85,15.0,0.16,13.8,0.15,15.0,0.2,10.0,0.25,15.0,0.04,0.04,43.284821,1776199350000
1776199352.219,152.219,0.8,10.0,0.75,15.0,0.84,13.8,0.85,15.0,0.16,13.8,0.15,15.0,0.2,10.0,0.25,15.0,0.04,0.04,43.285733,1776199351000
1776199353.24,153.24,0.8,10.0,0.75,15.0,0.84,13.8,0.85,15.0,0.16,13.8,0.15,15.0,0.2,10.0,0.25,15.0,0.04,0.04,43.288396,1776199352000
1776199354.182,154.182,0.8,10.0,0.75,15.0,0.84,13.8,0.85,15.0,0.16,13.8,0.15,15.0,0.2,10.0,0.25,15.0,0.04,0.04,43.288402,1776199353000
1776199355.221,155.221,0.8,10.0,0.75,15.0,0.84,13.8,0.85,15.0,0.16,13.8,0.15,15.0,0.2,10.0,0.25,15.0,0.04,0.04,43.292072,1776199354000
1776199356.195,156.195,0.8,10.0,0.75,15.0,0.84,13.8,0.85,15.0,0.16,13.8,0.15,15.0,0.2,10.0,0.25,15.0,0.04,0.04,43.309014,1776199355000
1776199357.256,157.256,0.8,10.0,0.75,15.0,0.84,13.8,0.85,15.0,0.16,13.8,0.15,15.0,0.2,10.0,0.25,15.0,0.04,0.04,43.315779,1776199356000
1776199358.465,158.465,0.8,10.0,0.75,15.0,0.84,13.8,0.85,15.0,0.16,13.8,0.15,15.0,0.2,10.0,0.25,15.0,0.04,0.04,43.316988,1776199357000
1776199359.095,159.095,0.8,10.0,0.75,15.0,0.84,13.8,0.85,15.0,0.16,13.8,0.15,15.0,0.2,10.0,0.25,15.0,0.04,0.04,43.316402,1776199358000
1776199360.346,160.346,0.8,10.0,0.75,15.0,0.84,13.8,0.85,15.0,0.16,13.8,0.15,15.0,0.2,10.0,0.25,15.0,0.04,0.04,43.316299,1776199359000
1776199361.452,161.452,0.8,10.0,0.75,15.0,0.84,13.8,0.85,15.0,0.16,13.8,0.15,15.0,0.2,10.0,0.25,15.0,0.04,0.04,43.3163,1776199360000
1776199362.044,162.044,0.8,10.0,0.75,15.0,0.84,13.8,0.85,15.0,0.16,13.8,0.15,15.0,0.2,10.0,0.25,15.0,0.04,0.04,43.315056,1776199361000
1776199363.271,163.271,0.8,10.0,0.75,15.0,0.84,13.8,0.85,15.0,0.16,13.8,0.15,15.0,0.2,10.0,0.25,15.0,0.04,0.04,43.315056,1776199362000
1776199364.503,164.503,0.8,10.0,0.75,15.0,0.84,13.8,0.85,15.0,0.16,13.8,0.15,15.0,0.2,10.0,0.25,15.0,0.04,0.04,43.314542,1776199363000
1776199365.061,165.061,0.8,10.0,0.75,15.0,0.84,13.8,0.85,15.0,0.16,13.8,0.15,15.0,0.2,10.0,0.25,15.0,0.04,0.04,43.314542,1776199364000
1776199366.171,166.171,0.8,10.0,0.75,15.0,0.84,13.8,0.85,15.0,0.16,13.8,0.15,15.0,0.2,10.0,0.25,15.0,0.04,0.04,43.314851,1776199365000
1776199367.483,167.483,0.8,10.0,0.75,15.0,0.84,13.8,0.85,15.0,0.16,13.8,0.15,15.0,0.2,10.0,0.25,15.0,0.04,0.04,43.314857,1776199366000
1776199367.894,167.894,0.8,10.0,0.75,15.0,0.84,13.8,0.85,15.0,0.16,13.8,0.15,15.0,0.2,10.0,0.25,15.0,0.04,0.04,43.314857,1776199367000
1776199368.976,168.976,0.8,10.0,0.75,15.0,0.84,13.8,0.85,15.0,0.16,13.8,0.15,15.0,0.2,10.0,0.25,15.0,0.04,0.04,43.314545,1776199368000
1776199369.948,169.948,0.8,10.0,0.75,15.0,0.84,13.8,0.85,15.0,0.16,13.8,0.15,15.0,0.2,10.0,0.25,15.0,0.04,0.04,43.314549,1776199369000
1776199371.279,171.279,0.8,10.0,0.75,15.0,0.84,13.8,0.85,15.0,0.16,13.8,0.15,15.0,0.2,10.0,0.25,15.0,0.04,0.04,43.314604,1776199370000
1776199372.233,172.233,0.8,10.0,0.75,15.0,0.84,13.8,0.85,15.0,0.16,13.8,0.15,15.0,0.2,10.0,0.25,15.0,0.04,0.04,43.314604,1776199371000
1776199373.41,173.41,0.8,10.0,0.75,15.0,0.84,13.8,0.85,15.0,0.16,13.8,0.15,15.0,0.2,10.0,0.25,15.0,0.04,0.04,43.314604,1776199372000
1776199373.93,173.93,0.8,10.0,0.75,15.0,0.84,13.8,0.85,15.0,0.16,13.8,0.15,15.0,0.2,10.0,0.25,15.0,0.04,0.04,43.315359,1776199373000
1776199374.981,174.981,0.8,10.0,0.75,15.0,0.84,13.8,0.85,15.0,0.16,13.8,0.15,15.0,0.2,10.0,0.25,15.0,0.04,0.04,43.314587,1776199374000
1776199376.01,176.01,0.8,10.0,0.75,15.0,0.84,13.8,0.85,15.0,0.16,13.8,0.15,15.0,0.2,10.0,0.25,15.0,0.04,0.04,43.314589,1776199375000
1776199377.124,177.124,0.8,10.0,0.75,15.0,0.84,13.8,0.85,15.0,0.16,13.8,0.15,15.0,0.2,10.0,0.25,15.0,0.04,0.04,43.314589,1776199376000
1776199378.378,178.378,0.8,10.0,0.75,15.0,0.84,13.8,0.85,15.0,0.16,13.8,0.15,15.0,0.2,10.0,0.25,15.0,0.04,0.04,43.314589,1776199377000
1776199379.036,179.036,0.8,10.0,0.75,15.0,0.84,13.8,0.85,15.0,0.16,13.8,0.15,15.0,0.2,10.0,0.25,15.0,0.04,0.04,43.31573,1776199378000
1776199380.017,180.017,0.95,5.0,0.94,15.0,0.97,50.37,0.98,25.0,0.16,13.8,0.15,15.0,0.2,10.0,0.25,15.0,0.02,0.04,43.31573,1776199378000
1776199381.072,181.072,0.95,5.0,0.94,15.0,0.97,50.37,0.98,25.0,0.03,50.37,0.02,25.0,0.05,5.0,0.06,15.0,0.02,0.02,43.326028,1776199380000
1776199382.174,182.174,0.95,5.0,0.94,15.0,0.97,50.37,0.98,25.0,0.03,50.37,0.02,25.0,0.05,5.0,0.06,15.0,0.02,0.02,43.325489,1776199381000
1776199383.228,183.228,0.95,5.0,0.94,15.0,0.97,50.37,0.98,25.0,0.03,50.37,0.02,25.0,0.05,5.0,0.06,15.0,0.02,0.02,43.324207,1776199382000
1776199384.309,184.309,0.95,5.0,0.94,15.0,0.97,50.37,0.98,25.0,0.03,50.37,0.02,25.0,0.05,5.0,0.06,15.0,0.02,0.02,43.323135,1776199383000
1776199385.403,185.403,0.95,5.0,0.94,15.0,0.97,50.37,0.98,25.0,0.03,50.37,0.02,25.0,0.05,5.0,0.06,15.0,0.02,0.02,43.321666,1776199384000
1776199386.487,186.487,0.95,5.0,0.94,15.0,0.97,50.37,0.98,25.0,0.03,50.37,0.02,25.0,0.05,5.0,0.06,15.0,0.02,0.02,43.320139,1776199385000
1776199386.985,186.985,0.95,5.0,0.94,15.0,0.97,50.37,0.98,25.0,0.03,50.37,0.02,25.0,0.05,5.0,0.06,15.0,0.02,0.02,43.319795,1776199386000
1776199388.051,188.051,0.95,5.0,0.94,15.0,0.97,50.37,0.98,25.0,0.03,50.37,0.02,25.0,0.05,5.0,0.06,15.0,0.02,0.02,43.319025,1776199387000
1776199389.217,189.217,0.95,5.0,0.94,15.0,0.97,50.37,0.98,25.0,0.03,50.37,0.02,25.0,0.05,5.0,0.06,15.0,0.02,0.02,43.318954,1776199388000
1776199390.263,190.263,0.95,5.0,0.94,15.0,0.97,50.37,0.98,25.0,0.03,50.37,0.02,25.0,0.05,5.0,0.06,15.0,0.02,0.02,43.318954,1776199389000
1776199391.356,191.356,0.95,5.0,0.94,15.0,0.97,50.37,0.98,25.0,0.03,50.37,0.02,25.0,0.05,5.0,0.06,15.0,0.02,0.02,43.318967,1776199390000
1776199391.948,191.948,0.95,5.0,0.94,15.0,0.97,50.37,0.98,25.0,0.03,50.37,0.02,25.0,0.05,5.0,0.06,15.0,0.02,0.02,43.318967,1776199391000
1776199392.968,192.968,0.95,5.0,0.94,15.0,0.97,50.37,0.98,25.0,0.03,50.37,0.02,25.0,0.05,5.0,0.06,15.0,0.02,0.02,43.317023,1776199392000
1776199394.013,194.013,0.95,5.0,0.94,15.0,0.97,50.37,0.98,25.0,0.03,50.37,0.02,25.0,0.05,5.0,0.06,15.0,0.02,0.02,43.317023,1776199393000
1776199394.536,194.536,0.96,20.0,0.95,20.0,0.97,28.15,0.98,25.0,0.03,50.37,0.02,25.0,0.05,5.0,0.06,15.0,0.01,0.02,43.317023,1776199393000
1776199395.027,195.027,0.96,20.0,0.95,20.0,0.97,28.15,0.98,25.0,0.03,28.15,0.02,25.0,0.04,20.0,0.05,20.0,0.01,0.01,43.316629,1776199394000
1776199395.447,195.447,0.96,20.0,0.95,20.0,0.97,13.71,0.98,25.0,0.03,20.93,0.02,25.0,0.04,20.0,0.05,20.0,0.01,0.01,43.316629,1776199394000
1776199395.863,195.863,0.96,20.0,0.95,20.0,0.97,6.49,0.98,25.0,0.03,13.71,0.02,25.0,0.04,20.0,0.05,20.0,0.01,0.01,43.316629,1776199394000
1776199397.016,197.016,0.96,20.0,0.95,20.0,0.97,6.49,0.98,25.0,0.03,6.49,0.02,25.0,0.04,20.0,0.05,20.0,0.01,0.01,43.314717,1776199396000
1776199397.98,197.98,0.96,20.0,0.95,20.0,0.97,6.49,0.98,25.0,0.03,6.49,0.02,25.0,0.04,20.0,0.05,20.0,0.01,0.01,43.315138,1776199397000
1776199398.993,198.993,0.96,20.0,0.95,20.0,0.97,6.49,0.98,25.0,0.03,6.49,0.02,25.0,0.04,20.0,0.05,20.0,0.01,0.01,43.315901,1776199398000
1776199400.473,200.473,0.96,20.0,0.95,20.0,0.97,6.49,0.98,25.0,0.03,6.49,0.02,25.0,0.04,20.0,0.05,20.0,0.01,0.01,43.315901,1776199399000
1776199401.265,201.265,0.96,20.0,0.95,20.0,0.97,6.49,0.98,25.0,0.03,6.49,0.02,25.0,0.04,20.0,0.05,20.0,0.01,0.01,43.315901,1776199400000
1776199402.267,202.267,0.96,20.0,0.95,20.0,0.97,6.49,0.98,25.0,0.03,6.49,0.02,25.0,0.04,20.0,0.05,20.0,0.01,0.01,43.316184,1776199401000
1776199403.32,203.32,0.96,20.0,0.95,20.0,0.97,6.49,0.98,25.0,0.03,6.49,0.02,25.0,0.04,20.0,0.05,20.0,0.01,0.01,43.316184,1776199402000
1776199404.277,204.277,0.96,20.0,0.95,20.0,0.97,6.49,0.98,25.0,0.03,6.49,0.02,25.0,0.04,20.0,0.05,20.0,0.01,0.01,43.316333,1776199403000
1776199406.062,206.062,0.96,20.0,0.95,20.0,0.97,6.49,0.98,25.0,0.03,6.49,0.02,25.0,0.04,20.0,0.05,20.0,0.01,0.01,43.316531,1776199404000
1776199406.682,206.682,0.96,20.0,0.95,20.0,0.97,6.49,0.98,25.0,0.03,6.49,0.02,25.0,0.04,20.0,0.05,20.0,0.01,0.01,43.316531,1776199405000
1776199407.36,207.36,0.96,20.0,0.95,20.0,0.97,6.49,0.98,25.0,0.03,6.49,0.02,25.0,0.04,20.0,0.05,20.0,0.01,0.01,43.318056,1776199406000
1776199408.557,208.557,0.96,20.0,0.95,20.0,0.97,6.49,0.98,25.0,0.03,6.49,0.02,25.0,0.04,20.0,0.05,20.0,0.01,0.01,43.315393,1776199407000
1776199409.437,209.437,0.96,20.0,0.95,20.0,0.97,6.49,0.98,25.0,0.03,6.49,0.02,25.0,0.04,20.0,0.05,20.0,0.01,0.01,43.315623,1776199408000
1776199410.033,210.033,0.96,20.0,0.95,20.0,0.97,6.49,0.98,25.0,0.03,6.49,0.02,25.0,0.04,20.0,0.05,20.0,0.01,0.01,43.316286,1776199409000
1776199411.431,211.431,0.96,20.0,0.95,20.0,0.97,6.49,0.98,25.0,0.03,6.49,0.02,25.0,0.04,20.0,0.05,20.0,0.01,0.01,43.316489,1776199410000
1776199412.077,212.077,0.96,20.0,0.95,20.0,0.97,6.49,0.98,25.0,0.03,6.49,0.02,25.0,0.04,20.0,0.05,20.0,0.01,0.01,43.316743,1776199411000
1776199413.65,213.65,0.96,20.0,0.95,20.0,0.97,6.49,0.98,25.0,0.03,6.49,0.02,25.0,0.04,20.0,0.05,20.0,0.01,0.01,43.316865,1776199412000
1776199414.515,214.515,0.96,20.0,0.95,20.0,0.97,6.49,0.98,25.0,0.03,6.49,0.02,25.0,0.04,20.0,0.05,20.0,0.01,0.01,43.317217,1776199413000
1776199415.215,215.215,0.96,20.0,0.95,20.0,0.97,6.49,0.98,25.0,0.03,6.49,0.02,25.0,0.04,20.0,0.05,20.0,0.01,0.01,43.317218,1776199414000
1776199415.594,215.594,0.96,20.0,0.95,15.0,0.98,10.0,0.99,195.0,0.03,6.49,0.02,25.0,0.04,20.0,0.05,20.0,0.02,0.01,43.317218,1776199414000
1776199416.609,216.609,0.96,20.0,0.95,15.0,0.98,10.0,0.99,195.0,0.02,10.0,0.01,195.0,0.04,20.0,0.05,15.0,0.02,0.02,43.317246,1776199415000
1776199417.301,217.301,0.96,20.0,0.95,15.0,0.98,10.0,0.99,195.0,0.02,10.0,0.01,195.0,0.04,20.0,0.05,15.0,0.02,0.02,43.317246,1776199416000
1776199418.206,218.206,0.96,20.0,0.95,15.0,0.98,10.0,0.99,195.0,0.02,10.0,0.01,195.0,0.04,20.0,0.05,15.0,0.02,0.02,43.316975,1776199417000
1776199418.629,218.629,0.97,20.0,0.96,20.0,0.99,175.0,,,0.02,10.0,0.01,195.0,0.04,20.0,0.05,15.0,0.02,0.02,43.316975,1776199417000
1776199420.164,220.164,0.97,20.0,0.96,20.0,0.99,175.0,,,0.01,175.0,,,0.03,20.0,0.04,20.0,0.02,0.02,43.316969,1776199418000
1776199421.45,221.45,0.97,20.0,0.96,20.0,0.99,175.0,,,0.01,175.0,,,0.03,20.0,0.04,20.0,0.02,0.02,43.309335,1776199420000
1776199422.164,222.164,0.97,20.0,0.96,20.0,0.99,175.0,,,0.01,175.0,,,0.03,20.0,0.04,20.0,0.02,0.02,43.298454,1776199421000
1776199423.685,223.685,0.97,20.0,0.96,20.0,0.99,175.0,,,0.01,175.0,,,0.03,20.0,0.04,20.0,0.02,0.02,43.296404,1776199422000
1776199424.46,224.46,0.97,20.0,0.96,20.0,0.99,175.0,,,0.01,175.0,,,0.03,20.0,0.04,20.0,0.02,0.02,43.296404,1776199423000
1776199424.95,224.95,0.97,20.0,0.96,20.0,0.99,175.0,,,0.01,175.0,,,0.03,20.0,0.04,20.0,0.02,0.02,43.296403,1776199424000
1776199426.287,226.287,0.97,20.0,0.96,20.0,0.99,175.0,,,0.01,175.0,,,0.03,20.0,0.04,20.0,0.02,0.02,43.296375,1776199425000
1776199427.648,227.648,0.97,20.0,0.96,20.0,0.99,175.0,,,0.01,175.0,,,0.03,20.0,0.04,20.0,0.02,0.02,43.295655,1776199426000
1776199428.297,228.297,0.97,20.0,0.96,20.0,0.99,175.0,,,0.01,175.0,,,0.03,20.0,0.04,20.0,0.02,0.02,43.294112,1776199427000
1776199429.468,229.468,0.97,20.0,0.96,20.0,0.99,175.0,,,0.01,175.0,,,0.03,20.0,0.04,20.0,0.02,0.02,43.29368,1776199428000
1776199430.242,230.242,0.97,20.0,0.96,20.0,0.99,175.0,,,0.01,175.0,,,0.03,20.0,0.04,20.0,0.02,0.02,43.292667,1776199429000
1776199431.373,231.373,0.92,15.0,0.91,25.0,0.96,12.91,0.97,15.0,0.01,175.0,,,0.03,20.0,0.04,20.0,0.04,0.02,43.292667,1776199429000
1776199431.582,231.582,0.92,15.0,0.91,25.0,0.96,12.91,0.97,15.0,0.04,12.91,0.03,15.0,0.08,15.0,0.09,25.0,0.04,0.04,43.292304,1776199430000
1776199432.26,232.26,0.92,15.0,0.91,25.0,0.96,12.91,0.97,15.0,0.04,12.91,0.03,15.0,0.08,15.0,0.09,25.0,0.04,0.04,43.292051,1776199431000
1776199433.665,233.665,0.92,15.0,0.91,25.0,0.96,12.91,0.97,15.0,0.04,12.91,0.03,15.0,0.08,15.0,0.09,25.0,0.04,0.04,43.292304,1776199432000
1776199434.049,234.049,0.93,15.0,0.92,15.0,0.97,12.93,0.98,15.0,0.04,12.91,0.03,15.0,0.08,15.0,0.09,25.0,0.04,0.04,43.292304,1776199432000
1776199434.348,234.348,0.93,15.0,0.92,15.0,0.97,12.93,0.98,15.0,0.03,12.93,0.02,15.0,0.07,15.0,0.08,15.0,0.04,0.04,43.292304,1776199433000
1776199435.053,235.053,0.93,15.0,0.92,15.0,0.97,12.93,0.98,15.0,0.03,12.93,0.02,15.0,0.07,15.0,0.08,15.0,0.04,0.04,43.291485,1776199434000
1776199436.382,236.382,0.93,15.0,0.92,15.0,0.97,12.93,0.98,15.0,0.03,12.93,0.02,15.0,0.07,15.0,0.08,15.0,0.04,0.04,43.291602,1776199435000
1776199437.07,237.07,0.93,15.0,0.92,15.0,0.97,12.93,0.98,15.0,0.03,12.93,0.02,15.0,0.07,15.0,0.08,15.0,0.04,0.04,43.291602,1776199436000
1776199438.857,238.857,0.93,15.0,0.92,15.0,0.97,12.93,0.98,15.0,0.03,12.93,0.02,15.0,0.07,15.0,0.08,15.0,0.04,0.04,43.29104,1776199437000
1776199439.267,239.267,0.93,15.0,0.92,15.0,0.97,12.93,0.98,15.0,0.03,12.93,0.02,15.0,0.07,15.0,0.08,15.0,0.04,0.04,43.291645,1776199438000
1776199440.456,240.456,0.93,15.0,0.92,15.0,0.97,12.93,0.98,15.0,0.03,12.93,0.02,15.0,0.07,15.0,0.08,15.0,0.04,0.04,43.291713,1776199439000
1776199440.995,240.995,0.93,15.0,0.92,15.0,0.97,12.93,0.98,15.0,0.03,12.93,0.02,15.0,0.07,15.0,0.08,15.0,0.04,0.04,43.292025,1776199440000
1776199442.089,242.089,0.93,15.0,0.92,15.0,0.97,12.93,0.98,15.0,0.03,12.93,0.02,15.0,0.07,15.0,0.08,15.0,0.04,0.04,43.293154,1776199441000
1776199443.196,243.196,0.93,15.0,0.92,15.0,0.97,12.93,0.98,15.0,0.03,12.93,0.02,15.0,0.07,15.0,0.08,15.0,0.04,0.04,43.29317,1776199442000
1776199444.308,244.308,0.93,15.0,0.92,15.0,0.97,12.93,0.98,15.0,0.03,12.93,0.02,15.0,0.07,15.0,0.08,15.0,0.04,0.04,43.292755,1776199443000
1776199445.317,245.317,0.93,15.0,0.92,15.0,0.97,12.93,0.98,15.0,0.03,12.93,0.02,15.0,0.07,15.0,0.08,15.0,0.04,0.04,43.292176,1776199444000
1776199446.347,246.347,0.93,15.0,0.92,15.0,0.97,12.93,0.98,15.0,0.03,12.93,0.02,15.0,0.07,15.0,0.08,15.0,0.04,0.04,43.292724,1776199445000
1776199446.893,246.893,0.93,15.0,0.92,15.0,0.97,12.93,0.98,15.0,0.03,12.93,0.02,15.0,0.07,15.0,0.08,15.0,0.04,0.04,43.292724,1776199446000
1776199448.093,248.093,0.93,15.0,0.92,15.0,0.97,12.93,0.98,15.0,0.03,12.93,0.02,15.0,0.07,15.0,0.08,15.0,0.04,0.04,43.292094,1776199447000
1776199449.048,249.048,0.93,15.0,0.92,15.0,0.97,12.93,0.98,15.0,0.03,12.93,0.02,15.0,0.07,15.0,0.08,15.0,0.04,0.04,43.292905,1776199448000
1776199450.089,250.089,0.93,15.0,0.92,15.0,0.97,12.93,0.98,15.0,0.03,12.93,0.02,15.0,0.07,15.0,0.08,15.0,0.04,0.04,43.293214,1776199449000
1776199451.098,251.098,0.93,15.0,0.92,15.0,0.97,12.93,0.98,15.0,0.03,12.93,0.02,15.0,0.07,15.0,0.08,15.0,0.04,0.04,43.293814,1776199450000
1776199452.78,252.78,0.93,15.0,0.92,15.0,0.97,12.93,0.98,15.0,0.03,12.93,0.02,15.0,0.07,15.0,0.08,15.0,0.04,0.04,43.293345,1776199451000
1776199453.641,253.641,0.93,15.0,0.92,15.0,0.97,12.93,0.98,15.0,0.03,12.93,0.02,15.0,0.07,15.0,0.08,15.0,0.04,0.04,43.293345,1776199452000
1776199454.399,254.399,0.93,15.0,0.92,15.0,0.97,12.93,0.98,15.0,0.03,12.93,0.02,15.0,0.07,15.0,0.08,15.0,0.04,0.04,43.294586,1776199453000
1776199455.103,255.103,0.93,15.0,0.92,15.0,0.97,12.93,0.98,15.0,0.03,12.93,0.02,15.0,0.07,15.0,0.08,15.0,0.04,0.04,43.294586,1776199454000
1776199456.585,256.585,0.93,15.0,0.92,15.0,0.97,12.93,0.98,15.0,0.03,12.93,0.02,15.0,0.07,15.0,0.08,15.0,0.04,0.04,43.294723,1776199455000
1776199457.215,257.215,0.93,15.0,0.92,15.0,0.97,12.93,0.98,15.0,0.03,12.93,0.02,15.0,0.07,15.0,0.08,15.0,0.04,0.04,43.294722,1776199456000
1776199458.694,258.694,0.93,15.0,0.92,15.0,0.97,12.93,0.98,15.0,0.03,12.93,0.02,15.0,0.07,15.0,0.08,15.0,0.04,0.04,43.294974,1776199457000
1776199459.536,259.536,0.93,15.0,0.92,15.0,0.97,12.93,0.98,15.0,0.03,12.93,0.02,15.0,0.07,15.0,0.08,15.0,0.04,0.04,43.294974,1776199458000
1776199460.395,260.395,0.93,15.0,0.92,15.0,0.97,12.93,0.98,15.0,0.03,12.93,0.02,15.0,0.07,15.0,0.08,15.0,0.04,0.04,43.292691,1776199459000
1776199461.056,261.056,0.93,15.0,0.92,15.0,0.97,12.93,0.98,15.0,0.03,12.93,0.02,15.0,0.07,15.0,0.08,15.0,0.04,0.04,43.291879,1776199460000
1776199462.452,262.452,0.93,15.0,0.92,15.0,0.97,12.93,0.98,15.0,0.03,12.93,0.02,15.0,0.07,15.0,0.08,15.0,0.04,0.04,43.288448,1776199461000
1776199463.171,263.171,0.93,15.0,0.92,15.0,0.97,12.93,0.98,15.0,0.03,12.93,0.02,15.0,0.07,15.0,0.08,15.0,0.04,0.04,43.287647,1776199462000
1776199463.666,263.666,0.98,5.0,0.97,20.0,0.99,166.75,,,0.03,12.93,0.02,15.0,0.07,15.0,0.08,15.0,0.01,0.04,43.287647,1776199462000
1776199464.493,264.493,0.98,5.0,0.97,20.0,0.99,166.75,,,0.01,166.75,,,0.02,5.0,0.03,20.0,0.01,0.01,43.286198,1776199463000
1776199465.153,265.153,0.98,5.0,0.97,20.0,0.99,166.75,,,0.01,166.75,,,0.02,5.0,0.03,20.0,0.01,0.01,43.285892,1776199464000
1776199466.42,266.42,0.98,5.0,0.97,20.0,0.99,166.75,,,0.01,166.75,,,0.02,5.0,0.03,20.0,0.01,0.01,43.285909,1776199465000
1776199467.105,267.105,0.98,5.0,0.97,20.0,0.99,166.75,,,0.01,166.75,,,0.02,5.0,0.03,20.0,0.01,0.01,43.285657,1776199466000
1776199468.609,268.609,0.98,5.0,0.97,20.0,0.99,166.75,,,0.01,166.75,,,0.02,5.0,0.03,20.0,0.01,0.01,43.284595,1776199467000
1776199469.326,269.326,0.98,5.0,0.97,20.0,0.99,166.75,,,0.01,166.75,,,0.02,5.0,0.03,20.0,0.01,0.01,43.284091,1776199468000
1776199470.797,270.797,0.98,5.0,0.97,20.0,0.99,166.75,,,0.01,166.75,,,0.02,5.0,0.03,20.0,0.01,0.01,43.284114,1776199469000
1776199471.334,271.334,0.98,5.0,0.97,20.0,0.99,166.75,,,0.01,166.75,,,0.02,5.0,0.03,20.0,0.01,0.01,43.284114,1776199470000
1776199472.008,272.008,0.98,20.0,0.97,15.0,0.99,132.75,,,0.01,166.75,,,0.02,5.0,0.03,20.0,0.01,0.01,43.284114,1776199470000
1776199472.355,272.355,0.98,20.0,0.97,15.0,0.99,118.75,,,0.01,118.75,,,0.02,20.0,0.03,15.0,0.01,0.01,43.283504,1776199471000
1776199472.644,272.644,0.98,20.0,0.97,15.0,0.99,106.75,,,0.01,118.75,,,0.02,20.0,0.03,15.0,0.01,0.01,43.283504,1776199471000
1776199473.385,273.385,0.98,20.0,0.97,15.0,0.99,92.75,,,0.01,92.75,,,0.02,20.0,0.03,15.0,0.01,0.01,43.283504,1776199472000
1776199473.838,273.838,0.98,20.0,0.97,15.0,0.99,91.73,,,0.01,92.75,,,0.02,20.0,0.03,15.0,0.01,0.01,43.283504,1776199472000
1776199475.002,275.002,0.98,20.0,0.97,15.0,0.99,91.73,,,0.01,91.73,,,0.02,20.0,0.03,15.0,0.01,0.01,43.283495,1776199474000
1776199476.028,276.028,0.98,20.0,0.97,15.0,0.99,91.73,,,0.01,91.73,,,0.02,20.0,0.03,15.0,0.01,0.01,43.28411,1776199475000
1776199477.185,277.185,0.98,20.0,0.97,15.0,0.99,91.73,,,0.01,91.73,,,0.02,20.0,0.03,15.0,0.01,0.01,43.28411,1776199476000
1776199478.13,278.13,0.98,20.0,0.97,15.0,0.99,91.73,,,0.01,91.73,,,0.02,20.0,0.03,15.0,0.01,0.01,43.289026,1776199477000
1776199478.977,278.977,0.98,5.0,0.91,10.0,0.99,83.48,,,0.01,91.73,,,0.02,20.0,0.03,15.0,0.01,0.01,43.289026,1776199477000
1776199479.178,279.178,0.98,5.0,0.91,10.0,0.99,83.48,,,0.01,83.48,,,0.02,5.0,0.09,10.0,0.01,0.01,43.289066,1776199478000
1776199479.956,279.956,0.98,5.0,0.91,10.0,0.99,63.48,,,0.01,83.48,,,0.02,5.0,0.09,10.0,0.01,0.01,43.289066,1776199478000
1776199480.208,280.208,0.98,5.0,0.91,10.0,0.99,63.48,,,0.01,63.48,,,0.02,5.0,0.09,10.0,0.01,0.01,43.288895,1776199479000
1776199480.461,280.461,0.98,5.0,0.91,10.0,0.99,53.48,,,0.01,63.48,,,0.02,5.0,0.09,10.0,0.01,0.01,43.288895,1776199479000
1776199481.179,281.179,0.98,5.0,0.91,10.0,0.99,53.48,,,0.01,53.48,,,0.02,5.0,0.09,10.0,0.01,0.01,43.287675,1776199480000
1776199482.256,282.256,0.98,5.0,0.91,10.0,0.99,53.48,,,0.01,53.48,,,0.02,5.0,0.09,10.0,0.01,0.01,43.286974,1776199481000
1776199483.247,283.247,0.98,5.0,0.91,10.0,0.99,43.48,,,0.01,43.48,,,0.02,5.0,0.09,10.0,0.01,0.01,43.285946,1776199482000
1776199484.274,284.274,0.98,5.0,0.91,10.0,0.99,43.48,,,0.01,43.48,,,0.02,5.0,0.09,10.0,0.01,0.01,43.285946,1776199483000
1776199485.436,285.436,0.98,5.0,0.91,10.0,0.99,38.48,,,0.01,43.48,,,0.02,5.0,0.09,10.0,0.01,0.01,43.285946,1776199483000
1776199485.858,285.858,0.98,5.0,0.91,10.0,0.99,38.48,,,0.01,38.48,,,0.02,5.0,0.09,10.0,0.01,0.01,43.286224,1776199484000
1776199486.431,286.431,0.98,5.0,0.91,10.0,0.99,38.48,,,0.01,38.48,,,0.02,5.0,0.09,10.0,0.01,0.01,43.286233,1776199485000
1776199487.031,287.031,0.99,961.52,0.91,57.0,,,,,,,,,0.01,961.52,0.09,57.0,,,43.287572,1776199486000
1776199488.173,288.173,0.99,961.52,0.91,57.0,,,,,,,,,0.01,961.52,0.09,57.0,,,43.288097,1776199487000
1776199489.286,289.286,0.99,961.52,0.91,57.0,,,,,,,,,0.01,961.52,0.09,57.0,,,43.288089,1776199488000
1776199490.323,290.323,0.99,961.52,0.91,57.0,,,,,,,,,0.01,961.52,0.09,57.0,,,43.288592,1776199489000
1776199491.291,291.291,0.99,961.52,0.91,57.0,,,,,,,,,0.01,961.52,0.09,57.0,,,43.288647,1776199490000
1776199492.47,292.47,0.99,961.52,0.91,57.0,,,,,,,,,0.01,961.52,0.09,57.0,,,43.28638,1776199491000
1776199493.065,293.065,0.99,961.52,0.91,57.0,,,,,,,,,0.01,961.52,0.09,57.0,,,43.287409,1776199492000
1776199494.303,294.303,0.99,961.52,0.91,57.0,,,,,,,,,0.01,961.52,0.09,57.0,,,43.286666,1776199493000
1776199495.529,295.529,0.99,961.52,0.91,57.0,,,,,,,,,0.01,961.52,0.09,57.0,,,43.286653,1776199494000
1776199496.12,296.12,0.99,961.52,0.91,57.0,,,,,,,,,0.01,961.52,0.09,57.0,,,43.286852,1776199495000
1776199497.272,297.272,0.99,961.52,0.91,57.0,,,,,,,,,0.01,961.52,0.09,57.0,,,43.287163,1776199496000
1776199498.415,298.415,0.99,961.52,0.91,57.0,,,,,,,,,0.01,961.52,0.09,57.0,,,43.286753,1776199497000
1776199499.251,299.251,0.99,961.52,0.91,57.0,,,,,,,,,0.01,961.52,0.09,57.0,,,43.287059,1776199498000
1776199500.111,300.111,0.99,961.52,0.91,57.0,,,,,,,,,0.01,961.52,0.09,57.0,,,43.288915,1776199499000

# RESULT,winner=Up,slug=hype-updown-5m-1776199200,ticks=317
