timestamp,elapsed_sec,up_bid_p1,up_bid_s1,up_bid_p2,up_bid_s2,up_ask_p1,up_ask_s1,up_ask_p2,up_ask_s2,down_bid_p1,down_bid_s1,down_bid_p2,down_bid_s2,down_ask_p1,down_ask_s1,down_ask_p2,down_ask_s2,up_spread,down_spread,hype_price,hype_oracle_ts
1776188101.479,1.479,,,,,,,,,,,,,,,,,,,43.230596,1776188100000
1776188101.685,1.685,0.4,12.0,0.32,6.24,0.54,6.52,0.61,12.0,0.46,6.52,0.39,12.0,0.6,12.0,0.68,6.24,0.14,0.14,43.230596,1776188100000
1776188102.212,2.212,0.4,12.0,0.38,5.0,0.54,6.52,0.61,12.0,0.46,6.52,0.39,12.0,0.6,12.0,0.68,6.24,0.14,0.14,43.230596,1776188100000
1776188102.546,2.546,0.4,12.0,0.38,5.0,0.54,6.52,0.61,12.0,0.46,6.52,0.39,12.0,0.6,12.0,0.62,5.0,0.14,0.14,43.230365,1776188101000
1776188103.194,3.194,0.4,12.0,0.38,5.0,0.54,6.52,0.61,12.0,0.46,6.52,0.39,12.0,0.6,12.0,0.62,5.0,0.14,0.14,43.229281,1776188102000
1776188104.098,4.098,0.4,12.0,0.38,5.0,0.54,6.52,0.61,12.0,0.46,6.52,0.39,12.0,0.6,12.0,0.62,5.0,0.14,0.14,43.228625,1776188103000
1776188105.132,5.132,0.4,12.0,0.38,5.0,0.54,6.52,0.61,12.0,0.46,6.52,0.39,12.0,0.6,12.0,0.62,5.0,0.14,0.14,43.229238,1776188104000
1776188106.215,6.215,0.4,12.0,0.38,5.0,0.54,6.52,0.61,12.0,0.46,6.52,0.39,12.0,0.6,12.0,0.62,5.0,0.14,0.14,43.228469,1776188105000
1776188107.289,7.289,0.4,12.0,0.38,5.0,0.54,6.52,0.61,12.0,0.46,6.52,0.39,12.0,0.6,12.0,0.62,5.0,0.14,0.14,43.219011,1776188106000
1776188108.446,8.446,0.4,12.0,0.38,5.0,0.54,6.52,0.61,12.0,0.46,6.52,0.39,12.0,0.6,12.0,0.62,5.0,0.14,0.14,43.218407,1776188107000
1776188109.027,9.027,0.4,12.0,0.38,5.0,0.54,6.52,0.61,12.0,0.46,6.52,0.39,12.0,0.6,12.0,0.62,5.0,0.14,0.14,43.217751,1776188108000
1776188110.036,10.036,0.4,12.0,0.38,5.0,0.54,6.52,0.61,12.0,0.46,6.52,0.39,12.0,0.6,12.0,0.62,5.0,0.14,0.14,43.215649,1776188109000
1776188111.115,11.115,0.4,12.0,0.38,5.0,0.54,6.52,0.61,12.0,0.46,6.52,0.39,12.0,0.6,12.0,0.62,5.0,0.14,0.14,43.21536,1776188110000
1776188112.15,12.15,0.4,12.0,0.38,5.0,0.54,6.52,0.61,12.0,0.46,6.52,0.39,12.0,0.6,12.0,0.62,5.0,0.14,0.14,43.212218,1776188111000
1776188113.173,13.173,0.4,12.0,0.38,5.0,0.54,6.52,0.61,12.0,0.46,6.52,0.39,12.0,0.6,12.0,0.62,5.0,0.14,0.14,43.210609,1776188112000
1776188114.216,14.216,0.4,12.0,0.38,5.0,0.54,6.52,0.61,12.0,0.46,6.52,0.39,12.0,0.6,12.0,0.62,5.0,0.14,0.14,43.209735,1776188113000
1776188115.277,15.277,0.4,12.0,0.38,5.0,0.54,6.52,0.61,12.0,0.46,6.52,0.39,12.0,0.6,12.0,0.62,5.0,0.14,0.14,43.209518,1776188114000
1776188116.348,16.348,0.4,12.0,0.38,5.0,0.54,6.52,0.61,12.0,0.46,6.52,0.39,12.0,0.6,12.0,0.62,5.0,0.14,0.14,43.208667,1776188115000
1776188117.935,17.935,0.35,12.46,0.32,6.24,0.47,10.0,0.51,5.0,0.46,6.52,0.39,12.0,0.6,12.0,0.62,5.0,0.12,0.14,43.208667,1776188115000
1776188118.187,18.187,0.35,12.46,0.32,6.24,0.47,10.0,0.51,5.0,0.53,10.0,0.49,5.0,0.65,12.46,0.68,6.24,0.12,0.12,43.212982,1776188116000
1776188118.617,18.617,0.35,12.46,0.32,6.24,0.47,10.0,0.51,5.0,0.53,10.0,0.49,5.0,0.65,12.46,0.68,6.24,0.12,0.12,43.212757,1776188117000
1776188119.139,19.139,0.35,12.46,0.32,6.24,0.47,10.0,0.51,5.0,0.53,10.0,0.49,5.0,0.65,12.46,0.68,6.24,0.12,0.12,43.207625,1776188118000
1776188120.298,20.298,0.35,12.46,0.32,6.24,0.47,10.0,0.51,5.0,0.53,10.0,0.49,5.0,0.65,12.46,0.68,6.24,0.12,0.12,43.209116,1776188119000
1776188121.537,21.537,0.35,12.46,0.32,6.24,0.47,10.0,0.51,5.0,0.53,10.0,0.49,5.0,0.65,12.46,0.68,6.24,0.12,0.12,43.209503,1776188120000
1776188122.18,22.18,0.35,12.46,0.32,6.24,0.47,10.0,0.51,5.0,0.53,10.0,0.49,5.0,0.65,12.46,0.68,6.24,0.12,0.12,43.209664,1776188121000
1776188123.419,23.419,0.35,12.46,0.32,6.24,0.47,10.0,0.51,5.0,0.53,10.0,0.49,5.0,0.65,12.46,0.68,6.24,0.12,0.12,43.208848,1776188122000
1776188124.511,24.511,0.35,12.46,0.32,6.24,0.47,10.0,0.51,5.0,0.53,10.0,0.49,5.0,0.65,12.46,0.68,6.24,0.12,0.12,43.211321,1776188123000
1776188125.212,25.212,0.35,12.46,0.32,6.24,0.47,10.0,0.51,5.0,0.53,10.0,0.49,5.0,0.65,12.46,0.68,6.24,0.12,0.12,43.211321,1776188124000
1776188126.363,26.363,0.35,12.46,0.32,6.24,0.47,10.0,0.51,5.0,0.53,10.0,0.49,5.0,0.65,12.46,0.68,6.24,0.12,0.12,43.21277,1776188125000
1776188126.879,26.879,0.35,12.46,0.32,6.24,0.47,10.0,0.51,5.0,0.53,10.0,0.49,5.0,0.65,12.46,0.68,6.24,0.12,0.12,43.21277,1776188126000
1776188127.991,27.991,0.35,12.46,0.32,6.24,0.47,10.0,0.51,5.0,0.53,10.0,0.49,5.0,0.65,12.46,0.68,6.24,0.12,0.12,43.21309,1776188127000
1776188129.123,29.123,0.35,12.46,0.32,6.24,0.47,10.0,0.51,5.0,0.53,10.0,0.49,5.0,0.65,12.46,0.68,6.24,0.12,0.12,43.212612,1776188128000
1776188130.249,30.249,0.35,12.46,0.32,6.24,0.47,10.0,0.51,5.0,0.53,10.0,0.49,5.0,0.65,12.46,0.68,6.24,0.12,0.12,43.212612,1776188129000
1776188131.254,31.254,0.35,12.46,0.32,6.24,0.47,10.0,0.51,5.0,0.53,10.0,0.49,5.0,0.65,12.46,0.68,6.24,0.12,0.12,43.212611,1776188130000
1776188132.937,32.937,0.35,12.46,0.32,6.24,0.47,10.0,0.51,5.0,0.53,10.0,0.49,5.0,0.65,12.46,0.68,6.24,0.12,0.12,43.212635,1776188131000
1776188133.444,33.444,0.35,12.46,0.32,6.24,0.47,10.0,0.51,5.0,0.53,10.0,0.49,5.0,0.65,12.46,0.68,6.24,0.12,0.12,43.212635,1776188132000
1776188133.937,33.937,0.35,12.46,0.32,6.24,0.47,10.0,0.51,5.0,0.53,10.0,0.49,5.0,0.65,12.46,0.68,6.24,0.12,0.12,43.212583,1776188133000
1776188134.913,34.913,0.35,12.46,0.32,6.24,0.47,10.0,0.51,5.0,0.53,10.0,0.49,5.0,0.65,12.46,0.68,6.24,0.12,0.12,43.212671,1776188134000
1776188135.948,35.948,0.35,12.46,0.32,6.24,0.47,10.0,0.51,5.0,0.53,10.0,0.49,5.0,0.65,12.46,0.68,6.24,0.12,0.12,43.212813,1776188135000
1776188136.977,36.977,0.35,12.46,0.32,6.24,0.47,10.0,0.51,5.0,0.53,10.0,0.49,5.0,0.65,12.46,0.68,6.24,0.12,0.12,43.212779,1776188136000
1776188137.95,37.95,0.35,12.46,0.32,6.24,0.47,10.0,0.51,5.0,0.53,10.0,0.49,5.0,0.65,12.46,0.68,6.24,0.12,0.12,43.212779,1776188137000
1776188138.88,38.88,0.35,12.46,0.32,6.24,0.47,10.0,0.51,5.0,0.53,10.0,0.49,5.0,0.65,12.46,0.68,6.24,0.12,0.12,43.212779,1776188138000
1776188139.946,39.946,0.35,12.46,0.32,6.24,0.47,10.0,0.51,5.0,0.53,10.0,0.49,5.0,0.65,12.46,0.68,6.24,0.12,0.12,43.213479,1776188139000
1776188141.332,41.332,0.35,12.46,0.32,6.24,0.47,10.0,0.51,5.0,0.53,10.0,0.49,5.0,0.65,12.46,0.68,6.24,0.12,0.12,43.212644,1776188140000
1776188142.261,42.261,0.35,12.46,0.32,6.24,0.47,10.0,0.51,5.0,0.53,10.0,0.49,5.0,0.65,12.46,0.68,6.24,0.12,0.12,43.212222,1776188141000
1776188143.29,43.29,0.35,12.46,0.32,6.24,0.47,10.0,0.51,5.0,0.53,10.0,0.49,5.0,0.65,12.46,0.68,6.24,0.12,0.12,43.212367,1776188142000
1776188144.592,44.592,0.35,12.46,0.32,6.24,0.47,10.0,0.51,5.0,0.53,10.0,0.49,5.0,0.65,12.46,0.68,6.24,0.12,0.12,43.212116,1776188143000
1776188144.846,44.846,0.35,12.46,0.32,6.24,0.47,10.0,0.51,5.0,0.53,10.0,0.49,5.0,0.65,12.46,0.68,6.24,0.12,0.12,43.212116,1776188144000
1776188146.404,46.404,0.35,12.46,0.32,6.24,0.47,10.0,0.51,5.0,0.53,10.0,0.49,5.0,0.65,12.46,0.68,6.24,0.12,0.12,43.214288,1776188145000
1776188146.969,46.969,0.35,12.46,0.32,6.24,0.47,10.0,0.51,5.0,0.53,10.0,0.49,5.0,0.65,12.46,0.68,6.24,0.12,0.12,43.214288,1776188146000
1776188148.053,48.053,0.35,12.46,0.32,6.24,0.47,10.0,0.51,5.0,0.53,10.0,0.49,5.0,0.65,12.46,0.68,6.24,0.12,0.12,43.213071,1776188147000
1776188149.003,49.003,0.35,12.46,0.32,6.24,0.47,10.0,0.51,5.0,0.53,10.0,0.49,5.0,0.65,12.46,0.68,6.24,0.12,0.12,43.207274,1776188148000
1776188150.054,50.054,0.35,12.46,0.32,6.24,0.47,10.0,0.51,5.0,0.53,10.0,0.49,5.0,0.65,12.46,0.68,6.24,0.12,0.12,43.207031,1776188149000
1776188151.065,51.065,0.35,12.46,0.32,6.24,0.47,10.0,0.51,5.0,0.53,10.0,0.49,5.0,0.65,12.46,0.68,6.24,0.12,0.12,43.206598,1776188150000
1776188152.022,52.022,0.35,12.46,0.32,6.24,0.47,10.0,0.51,5.0,0.53,10.0,0.49,5.0,0.65,12.46,0.68,6.24,0.12,0.12,43.206443,1776188151000
1776188153.043,53.043,0.35,12.46,0.32,6.24,0.47,10.0,0.51,5.0,0.53,10.0,0.49,5.0,0.65,12.46,0.68,6.24,0.12,0.12,43.206002,1776188152000
1776188154.161,54.161,0.35,12.46,0.32,6.24,0.47,10.0,0.51,5.0,0.53,10.0,0.49,5.0,0.65,12.46,0.68,6.24,0.12,0.12,43.204312,1776188153000
1776188155.133,55.133,0.35,12.46,0.32,6.24,0.47,10.0,0.51,5.0,0.53,10.0,0.49,5.0,0.65,12.46,0.68,6.24,0.12,0.12,43.204044,1776188154000
1776188156.124,56.124,0.35,12.46,0.32,6.24,0.47,10.0,0.51,5.0,0.53,10.0,0.49,5.0,0.65,12.46,0.68,6.24,0.12,0.12,43.203736,1776188155000
1776188157.268,57.268,0.35,12.46,0.32,6.24,0.47,10.0,0.51,5.0,0.53,10.0,0.49,5.0,0.65,12.46,0.68,6.24,0.12,0.12,43.203279,1776188156000
1776188158.345,58.345,0.35,12.46,0.32,6.24,0.47,10.0,0.51,5.0,0.53,10.0,0.49,5.0,0.65,12.46,0.68,6.24,0.12,0.12,43.205375,1776188157000
1776188159.392,59.392,0.35,12.46,0.32,6.24,0.47,10.0,0.51,5.0,0.53,10.0,0.49,5.0,0.65,12.46,0.68,6.24,0.12,0.12,43.20514,1776188158000
1776188160.908,60.908,0.35,12.46,0.32,6.24,0.47,10.0,0.51,5.0,0.53,10.0,0.49,5.0,0.65,12.46,0.68,6.24,0.12,0.12,43.203782,1776188159000
1776188161.348,61.348,0.35,12.46,0.32,6.24,0.47,10.0,0.51,5.0,0.53,10.0,0.49,5.0,0.65,12.46,0.68,6.24,0.12,0.12,43.203681,1776188160000
1776188162.645,62.645,0.35,12.46,0.32,6.24,0.47,10.0,0.51,5.0,0.53,10.0,0.49,5.0,0.65,12.46,0.68,6.24,0.12,0.12,43.203173,1776188161000
1776188163.369,63.369,0.35,12.46,0.32,6.24,0.47,10.0,0.51,5.0,0.53,10.0,0.49,5.0,0.65,12.46,0.68,6.24,0.12,0.12,43.203098,1776188162000
1776188164.622,64.622,0.35,12.46,0.32,6.24,0.47,10.0,0.51,5.0,0.53,10.0,0.49,5.0,0.65,12.46,0.68,6.24,0.12,0.12,43.202988,1776188163000
1776188165.359,65.359,0.35,12.46,0.32,6.24,0.47,10.0,0.51,5.0,0.53,10.0,0.49,5.0,0.65,12.46,0.68,6.24,0.12,0.12,43.203542,1776188164000
1776188166.69,66.69,0.35,12.46,0.32,6.24,0.47,10.0,0.51,5.0,0.53,10.0,0.49,5.0,0.65,12.46,0.68,6.24,0.12,0.12,43.204276,1776188165000
1776188167.288,67.288,0.35,12.46,0.32,6.24,0.47,10.0,0.51,5.0,0.53,10.0,0.49,5.0,0.65,12.46,0.68,6.24,0.12,0.12,43.209956,1776188166000
1776188168.793,68.793,0.35,12.46,0.32,6.24,0.47,10.0,0.51,5.0,0.53,10.0,0.49,5.0,0.65,12.46,0.68,6.24,0.12,0.12,43.216906,1776188167000
1776188169.356,69.356,0.35,12.46,0.32,6.24,0.47,10.0,0.51,5.0,0.53,10.0,0.49,5.0,0.65,12.46,0.68,6.24,0.12,0.12,43.218825,1776188168000
1776188170.024,70.024,0.35,12.46,0.32,6.24,0.47,10.0,0.51,5.0,0.53,10.0,0.49,5.0,0.65,12.46,0.68,6.24,0.12,0.12,43.218871,1776188169000
1776188171.371,71.371,0.35,12.46,0.32,6.24,0.47,10.0,0.51,5.0,0.53,10.0,0.49,5.0,0.65,12.46,0.68,6.24,0.12,0.12,43.216413,1776188170000
1776188172.093,72.093,0.35,12.46,0.32,6.24,0.47,10.0,0.51,5.0,0.53,10.0,0.49,5.0,0.65,12.46,0.68,6.24,0.12,0.12,43.21154,1776188171000
1776188173.482,73.482,0.35,12.46,0.32,6.24,0.47,10.0,0.51,5.0,0.53,10.0,0.49,5.0,0.65,12.46,0.68,6.24,0.12,0.12,43.206071,1776188172000
1776188174.254,74.254,0.35,12.46,0.32,6.24,0.47,10.0,0.51,5.0,0.53,10.0,0.49,5.0,0.65,12.46,0.68,6.24,0.12,0.12,43.209018,1776188173000
1776188175.726,75.726,0.35,12.46,0.32,6.24,0.47,10.0,0.51,5.0,0.53,10.0,0.49,5.0,0.65,12.46,0.68,6.24,0.12,0.12,43.214331,1776188174000
1776188176.586,76.586,0.35,12.46,0.32,6.24,0.47,10.0,0.51,5.0,0.53,10.0,0.49,5.0,0.65,12.46,0.68,6.24,0.12,0.12,43.21463,1776188175000
1776188177.154,77.154,0.35,12.46,0.32,6.24,0.47,10.0,0.51,5.0,0.53,10.0,0.49,5.0,0.65,12.46,0.68,6.24,0.12,0.12,43.214568,1776188176000
1776188178.313,78.313,0.35,12.46,0.32,6.24,0.47,10.0,0.51,5.0,0.53,10.0,0.49,5.0,0.65,12.46,0.68,6.24,0.12,0.12,43.21651,1776188177000
1776188179.264,79.264,0.35,12.46,0.32,6.24,0.47,10.0,0.51,5.0,0.53,10.0,0.49,5.0,0.65,12.46,0.68,6.24,0.12,0.12,43.215048,1776188178000
1776188180.344,80.344,0.35,12.46,0.32,6.24,0.47,10.0,0.51,5.0,0.53,10.0,0.49,5.0,0.65,12.46,0.68,6.24,0.12,0.12,43.217798,1776188179000
1776188181.232,81.232,0.35,12.46,0.32,6.24,0.47,10.0,0.51,5.0,0.53,10.0,0.49,5.0,0.65,12.46,0.68,6.24,0.12,0.12,43.216997,1776188180000
1776188182.199,82.199,0.35,12.46,0.32,6.24,0.47,10.0,0.51,5.0,0.53,10.0,0.49,5.0,0.65,12.46,0.68,6.24,0.12,0.12,43.217464,1776188181000
1776188183.252,83.252,0.35,12.46,0.32,6.24,0.47,10.0,0.51,5.0,0.53,10.0,0.49,5.0,0.65,12.46,0.68,6.24,0.12,0.12,43.215654,1776188182000
1776188184.146,84.146,0.35,12.46,0.32,6.24,0.47,10.0,0.51,5.0,0.53,10.0,0.49,5.0,0.65,12.46,0.68,6.24,0.12,0.12,43.217732,1776188183000
1776188185.126,85.126,0.35,12.46,0.32,6.24,0.47,10.0,0.51,5.0,0.53,10.0,0.49,5.0,0.65,12.46,0.68,6.24,0.12,0.12,43.217483,1776188184000
1776188186.211,86.211,0.35,12.46,0.32,6.24,0.47,10.0,0.51,5.0,0.53,10.0,0.49,5.0,0.65,12.46,0.68,6.24,0.12,0.12,43.217095,1776188185000
1776188187.13,87.13,0.35,12.46,0.32,6.24,0.47,10.0,0.51,5.0,0.53,10.0,0.49,5.0,0.65,12.46,0.68,6.24,0.12,0.12,43.212379,1776188186000
1776188188.199,88.199,0.35,12.46,0.32,6.24,0.47,10.0,0.51,5.0,0.53,10.0,0.49,5.0,0.65,12.46,0.68,6.24,0.12,0.12,43.217904,1776188187000
1776188189.751,89.751,0.35,12.46,0.32,6.24,0.47,10.0,0.51,5.0,0.53,10.0,0.49,5.0,0.65,12.46,0.68,6.24,0.12,0.12,43.219725,1776188188000
1776188190.775,90.775,0.35,12.46,0.32,6.24,0.47,10.0,0.51,5.0,0.53,10.0,0.49,5.0,0.65,12.46,0.68,6.24,0.12,0.12,43.219353,1776188189000
1776188191.409,91.409,0.35,12.46,0.32,6.24,0.47,10.0,0.51,5.0,0.53,10.0,0.49,5.0,0.65,12.46,0.68,6.24,0.12,0.12,43.218803,1776188190000
1776188191.96,91.96,0.35,12.46,0.32,6.24,0.47,10.0,0.51,5.0,0.53,10.0,0.49,5.0,0.65,12.46,0.68,6.24,0.12,0.12,43.218803,1776188191000
1776188193.301,93.301,0.35,12.46,0.32,6.24,0.47,10.0,0.51,5.0,0.53,10.0,0.49,5.0,0.65,12.46,0.68,6.24,0.12,0.12,43.216706,1776188192000
1776188194.891,94.891,0.35,12.46,0.32,6.24,0.47,10.0,0.51,5.0,0.53,10.0,0.49,5.0,0.65,12.46,0.68,6.24,0.12,0.12,43.218981,1776188193000
1776188195.474,95.474,0.35,12.46,0.32,6.24,0.47,10.0,0.51,5.0,0.53,10.0,0.49,5.0,0.65,12.46,0.68,6.24,0.12,0.12,43.219534,1776188194000
1776188196.02,96.02,0.35,12.46,0.32,6.24,0.47,10.0,0.51,5.0,0.53,10.0,0.49,5.0,0.65,12.46,0.68,6.24,0.12,0.12,43.220685,1776188195000
1776188197.213,97.213,0.35,12.46,0.32,6.24,0.47,10.0,0.51,5.0,0.53,10.0,0.49,5.0,0.65,12.46,0.68,6.24,0.12,0.12,43.222366,1776188196000
1776188198.312,98.312,0.35,12.46,0.32,6.24,0.47,10.0,0.51,5.0,0.53,10.0,0.49,5.0,0.65,12.46,0.68,6.24,0.12,0.12,43.228555,1776188197000
1776188199.647,99.647,0.35,12.46,0.32,6.24,0.47,10.0,0.51,5.0,0.53,10.0,0.49,5.0,0.65,12.46,0.68,6.24,0.12,0.12,43.23057,1776188198000
1776188200.272,100.272,0.35,12.46,0.32,6.24,0.47,10.0,0.51,5.0,0.53,10.0,0.49,5.0,0.65,12.46,0.68,6.24,0.12,0.12,43.230476,1776188199000
1776188201.313,101.313,0.35,12.46,0.32,6.24,0.47,10.0,0.51,5.0,0.53,10.0,0.49,5.0,0.65,12.46,0.68,6.24,0.12,0.12,43.230898,1776188200000
1776188202.454,102.454,0.35,12.46,0.32,6.24,0.47,10.0,0.51,5.0,0.53,10.0,0.49,5.0,0.65,12.46,0.68,6.24,0.12,0.12,43.231943,1776188201000
1776188203.08,103.08,0.35,12.46,0.32,6.24,0.47,10.0,0.51,5.0,0.53,10.0,0.49,5.0,0.65,12.46,0.68,6.24,0.12,0.12,43.23004,1776188202000
1776188204.267,104.267,0.35,12.46,0.32,6.24,0.47,10.0,0.51,5.0,0.53,10.0,0.49,5.0,0.65,12.46,0.68,6.24,0.12,0.12,43.229735,1776188203000
1776188205.926,105.926,0.35,12.46,0.32,6.24,0.47,10.0,0.51,5.0,0.53,10.0,0.49,5.0,0.65,12.46,0.68,6.24,0.12,0.12,43.229546,1776188204000
1776188206.489,106.489,0.35,12.46,0.32,6.24,0.47,10.0,0.51,5.0,0.53,10.0,0.49,5.0,0.65,12.46,0.68,6.24,0.12,0.12,43.229724,1776188205000
1776188207.017,107.017,0.35,12.46,0.32,6.24,0.47,10.0,0.51,5.0,0.53,10.0,0.49,5.0,0.65,12.46,0.68,6.24,0.12,0.12,43.230491,1776188206000
1776188208.172,108.172,0.35,12.46,0.32,6.24,0.47,10.0,0.51,5.0,0.53,10.0,0.49,5.0,0.65,12.46,0.68,6.24,0.12,0.12,43.230491,1776188207000
1776188209.232,109.232,0.35,12.46,0.32,6.24,0.47,10.0,0.51,5.0,0.53,10.0,0.49,5.0,0.65,12.46,0.68,6.24,0.12,0.12,43.230332,1776188208000
1776188210.266,110.266,0.35,12.46,0.32,6.24,0.47,10.0,0.51,5.0,0.53,10.0,0.49,5.0,0.65,12.46,0.68,6.24,0.12,0.12,43.227301,1776188209000
1776188211.342,111.342,0.35,12.46,0.32,6.24,0.47,10.0,0.51,5.0,0.53,10.0,0.49,5.0,0.65,12.46,0.68,6.24,0.12,0.12,43.227557,1776188210000
1776188211.913,111.913,0.35,12.46,0.32,6.24,0.47,10.0,0.51,5.0,0.53,10.0,0.49,5.0,0.65,12.46,0.68,6.24,0.12,0.12,43.229069,1776188211000
1776188212.994,112.994,0.35,12.46,0.32,6.24,0.47,10.0,0.51,5.0,0.53,10.0,0.49,5.0,0.65,12.46,0.68,6.24,0.12,0.12,43.23339,1776188212000
1776188214.062,114.062,0.35,12.46,0.32,6.24,0.47,10.0,0.51,5.0,0.53,10.0,0.49,5.0,0.65,12.46,0.68,6.24,0.12,0.12,43.233816,1776188213000
1776188214.738,114.738,0.61,5.0,0.57,28.0,0.73,18.0,0.74,15.0,0.41,5.0,0.29,15.0,0.47,15.0,0.48,36.0,0.12,0.06,43.233816,1776188213000
1776188215.179,115.179,0.61,5.0,0.57,28.0,0.73,18.0,0.74,15.0,0.27,18.0,0.26,15.0,0.39,5.0,0.43,28.0,0.12,0.12,43.241426,1776188214000
1776188216.272,116.272,0.61,5.0,0.57,28.0,0.73,18.0,0.74,15.0,0.27,18.0,0.26,15.0,0.39,5.0,0.43,28.0,0.12,0.12,43.255177,1776188215000
1776188217.188,117.188,0.61,5.0,0.57,28.0,0.73,18.0,0.74,15.0,0.27,18.0,0.26,15.0,0.39,5.0,0.43,28.0,0.12,0.12,43.258827,1776188216000
1776188217.881,117.881,0.61,5.0,0.57,28.0,0.73,18.0,0.74,15.0,0.27,18.0,0.26,15.0,0.39,5.0,0.43,28.0,0.12,0.12,43.260614,1776188217000
1776188218.914,118.914,0.61,5.0,0.57,28.0,0.73,18.0,0.74,15.0,0.27,18.0,0.26,15.0,0.39,5.0,0.43,28.0,0.12,0.12,43.260776,1776188218000
1776188220.357,120.357,0.61,5.0,0.57,28.0,0.73,18.0,0.74,15.0,0.27,18.0,0.26,15.0,0.39,5.0,0.43,28.0,0.12,0.12,43.260798,1776188219000
1776188221.121,121.121,0.61,5.0,0.57,28.0,0.73,18.0,0.74,15.0,0.27,18.0,0.26,15.0,0.39,5.0,0.43,28.0,0.12,0.12,43.261043,1776188220000
1776188222.644,122.644,0.61,5.0,0.57,28.0,0.73,18.0,0.74,15.0,0.27,18.0,0.26,15.0,0.39,5.0,0.43,28.0,0.12,0.12,43.25335,1776188221000
1776188223.516,123.516,0.61,5.0,0.57,28.0,0.73,18.0,0.74,15.0,0.27,18.0,0.26,15.0,0.39,5.0,0.43,28.0,0.12,0.12,43.244386,1776188222000
1776188224.19,124.19,0.61,5.0,0.57,28.0,0.73,18.0,0.74,15.0,0.27,18.0,0.26,15.0,0.39,5.0,0.43,28.0,0.12,0.12,43.230938,1776188223000
1776188225.788,125.788,0.61,5.0,0.57,28.0,0.73,18.0,0.74,15.0,0.27,18.0,0.26,15.0,0.39,5.0,0.43,28.0,0.12,0.12,43.230312,1776188224000
1776188226.418,126.418,0.61,5.0,0.57,28.0,0.73,18.0,0.74,15.0,0.27,18.0,0.26,15.0,0.39,5.0,0.43,28.0,0.12,0.12,43.230152,1776188225000
1776188227.261,127.261,0.61,5.0,0.57,28.0,0.73,18.0,0.74,15.0,0.27,18.0,0.26,15.0,0.39,5.0,0.43,28.0,0.12,0.12,43.231747,1776188226000
1776188228.633,128.633,0.61,5.0,0.57,28.0,0.73,18.0,0.74,15.0,0.27,18.0,0.26,15.0,0.39,5.0,0.43,28.0,0.12,0.12,43.242266,1776188227000
1776188229.391,129.391,0.61,5.0,0.57,28.0,0.73,18.0,0.74,15.0,0.27,18.0,0.26,15.0,0.39,5.0,0.43,28.0,0.12,0.12,43.242934,1776188228000
1776188230.198,130.198,0.61,5.0,0.57,28.0,0.73,18.0,0.74,15.0,0.27,18.0,0.26,15.0,0.39,5.0,0.43,28.0,0.12,0.12,43.25524,1776188229000
1776188231.669,131.669,0.61,5.0,0.57,28.0,0.73,18.0,0.74,15.0,0.27,18.0,0.26,15.0,0.39,5.0,0.43,28.0,0.12,0.12,43.26804,1776188230000
1776188232.515,132.515,0.61,5.0,0.57,28.0,0.73,18.0,0.74,15.0,0.27,18.0,0.26,15.0,0.39,5.0,0.43,28.0,0.12,0.12,43.274482,1776188231000
1776188233.174,133.174,0.61,5.0,0.57,28.0,0.73,18.0,0.74,15.0,0.27,18.0,0.26,15.0,0.39,5.0,0.43,28.0,0.12,0.12,43.28275,1776188232000
1776188234.759,134.759,0.61,5.0,0.57,28.0,0.73,18.0,0.74,15.0,0.27,18.0,0.26,15.0,0.39,5.0,0.43,28.0,0.12,0.12,43.285941,1776188233000
1776188235.669,135.669,0.61,5.0,0.57,28.0,0.73,18.0,0.74,15.0,0.27,18.0,0.26,15.0,0.39,5.0,0.43,28.0,0.12,0.12,43.28765,1776188234000
1776188236.494,136.494,0.61,5.0,0.57,28.0,0.73,18.0,0.74,15.0,0.27,18.0,0.26,15.0,0.39,5.0,0.43,28.0,0.12,0.12,43.290595,1776188235000
1776188237.153,137.153,0.61,5.0,0.57,28.0,0.73,18.0,0.74,15.0,0.27,18.0,0.26,15.0,0.39,5.0,0.43,28.0,0.12,0.12,43.296128,1776188236000
1776188238.333,138.333,0.74,10.0,0.71,7.0,0.83,13.79,0.84,15.0,0.27,18.0,0.26,15.0,0.39,5.0,0.43,28.0,0.09,0.12,43.296128,1776188236000
1776188238.682,138.682,0.74,10.0,0.71,7.0,0.83,13.79,0.84,15.0,0.17,13.79,0.16,15.0,0.26,10.0,0.29,7.0,0.09,0.09,43.292575,1776188237000
1776188239.753,139.753,0.74,10.0,0.71,7.0,0.83,13.79,0.84,15.0,0.17,13.79,0.16,15.0,0.26,10.0,0.29,7.0,0.09,0.09,43.292445,1776188238000
1776188240.334,140.334,0.74,10.0,0.71,7.0,0.83,13.79,0.84,15.0,0.17,13.79,0.16,15.0,0.26,10.0,0.29,7.0,0.09,0.09,43.293549,1776188239000
1776188240.947,140.947,0.74,10.0,0.71,7.0,0.83,13.79,0.84,15.0,0.17,13.79,0.16,15.0,0.26,10.0,0.29,7.0,0.09,0.09,43.293775,1776188240000
1776188242.066,142.066,0.74,10.0,0.71,7.0,0.83,13.79,0.84,15.0,0.17,13.79,0.16,15.0,0.26,10.0,0.29,7.0,0.09,0.09,43.294418,1776188241000
1776188243.15,143.15,0.74,10.0,0.71,7.0,0.83,13.79,0.84,15.0,0.17,13.79,0.16,15.0,0.26,10.0,0.29,7.0,0.09,0.09,43.287248,1776188242000
1776188244.168,144.168,0.74,10.0,0.71,7.0,0.83,13.79,0.84,15.0,0.17,13.79,0.16,15.0,0.26,10.0,0.29,7.0,0.09,0.09,43.282543,1776188243000
1776188245.303,145.303,0.74,10.0,0.71,7.0,0.83,13.79,0.84,15.0,0.17,13.79,0.16,15.0,0.26,10.0,0.29,7.0,0.09,0.09,43.27589,1776188244000
1776188246.536,146.536,0.74,10.0,0.71,7.0,0.83,13.79,0.84,15.0,0.17,13.79,0.16,15.0,0.26,10.0,0.29,7.0,0.09,0.09,43.275135,1776188245000
1776188247.098,147.098,0.74,10.0,0.71,7.0,0.83,13.79,0.84,15.0,0.17,13.79,0.16,15.0,0.26,10.0,0.29,7.0,0.09,0.09,43.2747,1776188246000
1776188248.228,148.228,0.74,10.0,0.71,7.0,0.83,13.79,0.84,15.0,0.17,13.79,0.16,15.0,0.26,10.0,0.29,7.0,0.09,0.09,43.274879,1776188247000
1776188249.332,149.332,0.74,10.0,0.71,7.0,0.83,13.79,0.84,15.0,0.17,13.79,0.16,15.0,0.26,10.0,0.29,7.0,0.09,0.09,43.268821,1776188248000
1776188249.921,149.921,0.74,10.0,0.71,7.0,0.83,13.79,0.84,15.0,0.17,13.79,0.16,15.0,0.26,10.0,0.29,7.0,0.09,0.09,43.268086,1776188249000
1776188250.98,150.98,0.74,10.0,0.71,7.0,0.83,13.79,0.84,15.0,0.17,13.79,0.16,15.0,0.26,10.0,0.29,7.0,0.09,0.09,43.267228,1776188250000
1776188251.95,151.95,0.74,10.0,0.71,7.0,0.83,13.79,0.84,15.0,0.17,13.79,0.16,15.0,0.26,10.0,0.29,7.0,0.09,0.09,43.274802,1776188251000
1776188253.109,153.109,0.74,10.0,0.71,7.0,0.83,13.79,0.84,15.0,0.17,13.79,0.16,15.0,0.26,10.0,0.29,7.0,0.09,0.09,43.276779,1776188252000
1776188254.423,154.423,0.74,10.0,0.71,7.0,0.83,13.79,0.84,15.0,0.17,13.79,0.16,15.0,0.26,10.0,0.29,7.0,0.09,0.09,43.284113,1776188253000
1776188255.508,155.508,0.74,10.0,0.71,7.0,0.83,13.79,0.84,15.0,0.17,13.79,0.16,15.0,0.26,10.0,0.29,7.0,0.09,0.09,43.285299,1776188254000
1776188256.14,156.14,0.74,10.0,0.71,7.0,0.83,13.79,0.84,15.0,0.17,13.79,0.16,15.0,0.26,10.0,0.29,7.0,0.09,0.09,43.286284,1776188255000
1776188257.753,157.753,0.74,10.0,0.71,7.0,0.83,13.79,0.84,15.0,0.17,13.79,0.16,15.0,0.26,10.0,0.29,7.0,0.09,0.09,43.282197,1776188256000
1776188258.752,158.752,0.74,10.0,0.71,7.0,0.83,13.79,0.84,15.0,0.17,13.79,0.16,15.0,0.26,10.0,0.29,7.0,0.09,0.09,43.278235,1776188257000
1776188259.497,159.497,0.74,10.0,0.71,7.0,0.83,13.79,0.84,15.0,0.17,13.79,0.16,15.0,0.26,10.0,0.29,7.0,0.09,0.09,43.277484,1776188258000
1776188260.23,160.23,0.74,10.0,0.71,7.0,0.83,13.79,0.84,15.0,0.17,13.79,0.16,15.0,0.26,10.0,0.29,7.0,0.09,0.09,43.276105,1776188259000
1776188261.721,161.721,0.74,10.0,0.71,7.0,0.83,13.79,0.84,15.0,0.17,13.79,0.16,15.0,0.26,10.0,0.29,7.0,0.09,0.09,43.279295,1776188260000
1776188262.427,162.427,0.74,10.0,0.71,7.0,0.83,13.79,0.84,15.0,0.17,13.79,0.16,15.0,0.26,10.0,0.29,7.0,0.09,0.09,43.282387,1776188261000
1776188263.253,163.253,0.74,10.0,0.71,7.0,0.83,13.79,0.84,15.0,0.17,13.79,0.16,15.0,0.26,10.0,0.29,7.0,0.09,0.09,43.284284,1776188262000
1776188264.58,164.58,0.74,10.0,0.71,7.0,0.83,13.79,0.84,15.0,0.17,13.79,0.16,15.0,0.26,10.0,0.29,7.0,0.09,0.09,43.294615,1776188263000
1776188265.247,165.247,0.74,10.0,0.71,7.0,0.83,13.79,0.84,15.0,0.17,13.79,0.16,15.0,0.26,10.0,0.29,7.0,0.09,0.09,43.292566,1776188264000
1776188266.868,166.868,0.74,10.0,0.71,7.0,0.83,13.79,0.84,15.0,0.17,13.79,0.16,15.0,0.26,10.0,0.29,7.0,0.09,0.09,43.295401,1776188265000
1776188267.604,167.604,0.74,10.0,0.71,7.0,0.83,13.79,0.84,15.0,0.17,13.79,0.16,15.0,0.26,10.0,0.29,7.0,0.09,0.09,43.298415,1776188266000
1776188268.286,168.286,0.74,10.0,0.71,7.0,0.83,13.79,0.84,15.0,0.17,13.79,0.16,15.0,0.26,10.0,0.29,7.0,0.09,0.09,43.302325,1776188267000
1776188269.738,169.738,0.74,10.0,0.71,7.0,0.83,13.79,0.84,15.0,0.17,13.79,0.16,15.0,0.26,10.0,0.29,7.0,0.09,0.09,43.304795,1776188268000
1776188270.488,170.488,0.74,10.0,0.71,7.0,0.83,13.79,0.84,15.0,0.17,13.79,0.16,15.0,0.26,10.0,0.29,7.0,0.09,0.09,43.305522,1776188269000
1776188271.232,171.232,0.74,10.0,0.71,7.0,0.83,13.79,0.84,15.0,0.17,13.79,0.16,15.0,0.26,10.0,0.29,7.0,0.09,0.09,43.305309,1776188270000
1776188272.795,172.795,0.74,10.0,0.71,7.0,0.83,13.79,0.84,15.0,0.17,13.79,0.16,15.0,0.26,10.0,0.29,7.0,0.09,0.09,43.305,1776188271000
1776188273.822,173.822,0.74,10.0,0.71,7.0,0.83,13.79,0.84,15.0,0.17,13.79,0.16,15.0,0.26,10.0,0.29,7.0,0.09,0.09,43.305251,1776188272000
1776188275.164,175.164,0.74,10.0,0.71,7.0,0.83,13.79,0.84,15.0,0.17,13.79,0.16,15.0,0.26,10.0,0.29,7.0,0.09,0.09,43.305592,1776188273000
1776188275.937,175.937,0.74,10.0,0.71,7.0,0.83,13.79,0.84,15.0,0.17,13.79,0.16,15.0,0.26,10.0,0.29,7.0,0.09,0.09,43.306866,1776188274000
1776188276.795,176.795,0.74,10.0,0.71,7.0,0.83,13.79,0.84,15.0,0.17,13.79,0.16,15.0,0.26,10.0,0.29,7.0,0.09,0.09,43.306848,1776188275000
1776188277.434,177.434,0.74,10.0,0.71,7.0,0.83,13.79,0.84,15.0,0.17,13.79,0.16,15.0,0.26,10.0,0.29,7.0,0.09,0.09,43.30685,1776188276000
1776188278.05,178.05,0.74,10.0,0.71,7.0,0.83,13.79,0.84,15.0,0.17,13.79,0.16,15.0,0.26,10.0,0.29,7.0,0.09,0.09,43.305593,1776188277000
1776188279.633,179.633,0.74,10.0,0.71,7.0,0.83,13.79,0.84,15.0,0.17,13.79,0.16,15.0,0.26,10.0,0.29,7.0,0.09,0.09,43.30571,1776188278000
1776188280.279,180.279,0.74,10.0,0.71,7.0,0.83,13.79,0.84,15.0,0.17,13.79,0.16,15.0,0.26,10.0,0.29,7.0,0.09,0.09,43.30571,1776188279000
1776188281.63,181.63,0.74,10.0,0.71,7.0,0.83,13.79,0.84,15.0,0.17,13.79,0.16,15.0,0.26,10.0,0.29,7.0,0.09,0.09,43.305886,1776188280000
1776188282.433,182.433,0.74,10.0,0.71,7.0,0.83,13.79,0.84,15.0,0.17,13.79,0.16,15.0,0.26,10.0,0.29,7.0,0.09,0.09,43.306765,1776188281000
1776188283.07,183.07,0.74,10.0,0.71,7.0,0.83,13.79,0.84,15.0,0.17,13.79,0.16,15.0,0.26,10.0,0.29,7.0,0.09,0.09,43.318129,1776188282000
1776188284.555,184.555,0.74,10.0,0.71,7.0,0.83,13.79,0.84,15.0,0.17,13.79,0.16,15.0,0.26,10.0,0.29,7.0,0.09,0.09,43.332096,1776188283000
1776188285.34,185.34,0.74,10.0,0.71,7.0,0.83,13.79,0.84,15.0,0.17,13.79,0.16,15.0,0.26,10.0,0.29,7.0,0.09,0.09,43.329331,1776188284000
1776188286.137,186.137,0.87,27.0,0.86,15.0,0.94,13.93,0.95,15.0,0.17,13.79,0.16,15.0,0.26,10.0,0.29,7.0,0.07,0.09,43.329331,1776188284000
1776188286.596,186.596,0.87,27.0,0.86,15.0,0.94,13.93,0.95,15.0,0.06,13.93,0.05,15.0,0.13,27.0,0.14,15.0,0.07,0.07,43.327266,1776188285000
1776188286.936,186.936,0.89,15.0,0.88,15.0,0.97,13.96,0.98,20.0,0.06,13.93,0.05,15.0,0.13,27.0,0.14,15.0,0.08,0.07,43.327266,1776188285000
1776188287.309,187.309,0.89,15.0,0.88,15.0,0.97,13.96,0.98,20.0,0.03,13.96,0.02,20.0,0.11,15.0,0.12,15.0,0.08,0.08,43.327137,1776188286000
1776188288.75,188.75,0.89,15.0,0.88,15.0,0.97,13.96,0.98,20.0,0.03,13.96,0.02,20.0,0.11,15.0,0.12,15.0,0.08,0.08,43.336027,1776188287000
1776188289.367,189.367,0.89,15.0,0.88,15.0,0.97,13.96,0.98,20.0,0.03,13.96,0.02,20.0,0.11,15.0,0.12,15.0,0.08,0.08,43.331808,1776188288000
1776188290.619,190.619,0.89,15.0,0.88,15.0,0.97,13.96,0.98,20.0,0.03,13.96,0.02,20.0,0.11,15.0,0.12,15.0,0.08,0.08,43.319391,1776188289000
1776188291.385,191.385,0.89,15.0,0.88,15.0,0.97,13.96,0.98,20.0,0.03,13.96,0.02,20.0,0.11,15.0,0.12,15.0,0.08,0.08,43.319401,1776188290000
1776188292.386,192.386,0.89,15.0,0.88,15.0,0.97,13.96,0.98,20.0,0.03,13.96,0.02,20.0,0.11,15.0,0.12,15.0,0.08,0.08,43.320894,1776188291000
1776188292.715,192.715,0.87,15.0,0.86,15.0,0.93,13.92,0.94,15.0,0.03,13.96,0.02,20.0,0.11,15.0,0.12,15.0,0.06,0.08,43.320894,1776188291000
1776188293.451,193.451,0.87,15.0,0.86,15.0,0.93,13.92,0.94,15.0,0.07,13.92,0.06,15.0,0.13,15.0,0.14,15.0,0.06,0.06,43.318286,1776188292000
1776188293.963,193.963,0.87,15.0,0.86,15.0,0.93,13.92,0.94,15.0,0.07,13.92,0.06,15.0,0.13,15.0,0.14,15.0,0.06,0.06,43.317795,1776188293000
1776188295.247,195.247,0.87,15.0,0.86,15.0,0.93,13.92,0.94,15.0,0.07,13.92,0.06,15.0,0.13,15.0,0.14,15.0,0.06,0.06,43.314663,1776188294000
1776188296.435,196.435,0.87,15.0,0.86,15.0,0.93,13.92,0.94,15.0,0.07,13.92,0.06,15.0,0.13,15.0,0.14,15.0,0.06,0.06,43.303646,1776188295000
1776188296.932,196.932,0.87,15.0,0.86,15.0,0.93,13.92,0.94,15.0,0.07,13.92,0.06,15.0,0.13,15.0,0.14,15.0,0.06,0.06,43.29165,1776188296000
1776188298.1,198.1,0.87,15.0,0.86,15.0,0.93,13.92,0.94,15.0,0.07,13.92,0.06,15.0,0.13,15.0,0.14,15.0,0.06,0.06,43.285515,1776188297000
1776188299.186,199.186,0.87,15.0,0.86,15.0,0.93,13.92,0.94,15.0,0.07,13.92,0.06,15.0,0.13,15.0,0.14,15.0,0.06,0.06,43.298852,1776188298000
1776188300.483,200.483,0.87,15.0,0.86,15.0,0.93,13.92,0.94,15.0,0.07,13.92,0.06,15.0,0.13,15.0,0.14,15.0,0.06,0.06,43.303255,1776188299000
1776188301.091,201.091,0.87,15.0,0.86,15.0,0.93,13.92,0.94,15.0,0.07,13.92,0.06,15.0,0.13,15.0,0.14,15.0,0.06,0.06,43.303256,1776188300000
1776188302.167,202.167,0.87,15.0,0.86,15.0,0.93,13.92,0.94,15.0,0.07,13.92,0.06,15.0,0.13,15.0,0.14,15.0,0.06,0.06,43.303338,1776188301000
1776188303.273,203.273,0.87,15.0,0.86,15.0,0.93,13.92,0.94,15.0,0.07,13.92,0.06,15.0,0.13,15.0,0.14,15.0,0.06,0.06,43.301541,1776188302000
1776188304.305,204.305,0.87,15.0,0.86,15.0,0.93,13.92,0.94,15.0,0.07,13.92,0.06,15.0,0.13,15.0,0.14,15.0,0.06,0.06,43.301607,1776188303000
1776188305.431,205.431,0.87,15.0,0.86,15.0,0.93,13.92,0.94,15.0,0.07,13.92,0.06,15.0,0.13,15.0,0.14,15.0,0.06,0.06,43.301354,1776188304000
1776188305.946,205.946,0.87,15.0,0.86,15.0,0.93,13.92,0.94,15.0,0.07,13.92,0.06,15.0,0.13,15.0,0.14,15.0,0.06,0.06,43.300974,1776188305000
1776188307.154,207.154,0.87,15.0,0.86,15.0,0.93,13.92,0.94,15.0,0.07,13.92,0.06,15.0,0.13,15.0,0.14,15.0,0.06,0.06,43.300807,1776188306000
1776188308.405,208.405,0.87,15.0,0.86,15.0,0.93,13.92,0.94,15.0,0.07,13.92,0.06,15.0,0.13,15.0,0.14,15.0,0.06,0.06,43.292452,1776188307000
1776188309.147,209.147,0.87,15.0,0.86,15.0,0.93,13.92,0.94,15.0,0.07,13.92,0.06,15.0,0.13,15.0,0.14,15.0,0.06,0.06,43.292717,1776188308000
1776188310.055,210.055,0.87,15.0,0.86,15.0,0.93,13.92,0.94,15.0,0.07,13.92,0.06,15.0,0.13,15.0,0.14,15.0,0.06,0.06,43.290471,1776188309000
1776188310.546,210.546,0.78,10.0,0.77,21.0,0.85,9.95,0.86,15.0,0.07,13.92,0.06,15.0,0.13,15.0,0.14,15.0,0.07,0.06,43.290471,1776188309000
1776188311.086,211.086,0.78,10.0,0.77,21.0,0.85,4.9,0.86,15.0,0.15,4.9,0.14,15.0,0.22,10.0,0.23,21.0,0.07,0.07,43.287232,1776188310000
1776188312.272,212.272,0.78,10.0,0.77,21.0,0.85,4.9,0.86,15.0,0.15,4.9,0.14,15.0,0.22,10.0,0.23,21.0,0.07,0.07,43.286884,1776188311000
1776188313.392,213.392,0.78,10.0,0.77,21.0,0.85,4.9,0.86,15.0,0.15,4.9,0.14,15.0,0.22,10.0,0.23,21.0,0.07,0.07,43.281316,1776188312000
1776188313.81,213.81,0.78,10.0,0.77,21.0,0.85,4.9,0.86,15.0,0.15,4.9,0.14,15.0,0.22,10.0,0.23,21.0,0.07,0.07,43.280992,1776188313000
1776188314.967,214.967,0.78,10.0,0.77,21.0,0.85,4.9,0.86,15.0,0.15,4.9,0.14,15.0,0.22,10.0,0.23,21.0,0.07,0.07,43.275274,1776188314000
1776188316.141,216.141,0.78,10.0,0.77,21.0,0.85,4.9,0.86,15.0,0.15,4.9,0.14,15.0,0.22,10.0,0.23,21.0,0.07,0.07,43.265745,1776188315000
1776188319.77,219.77,0.78,10.0,0.77,21.0,0.85,4.9,0.86,15.0,0.15,4.9,0.14,15.0,0.22,10.0,0.23,21.0,0.07,0.07,43.260188,1776188316000
1776188320.299,220.299,0.78,10.0,0.77,21.0,0.85,4.9,0.86,15.0,0.15,4.9,0.14,15.0,0.22,10.0,0.23,21.0,0.07,0.07,43.257614,1776188317000
1776188321.368,221.368,0.78,10.0,0.77,21.0,0.85,4.9,0.86,15.0,0.15,4.9,0.14,15.0,0.22,10.0,0.23,21.0,0.07,0.07,43.239981,1776188320000
1776188322.466,222.466,0.78,10.0,0.77,21.0,0.85,4.9,0.86,15.0,0.15,4.9,0.14,15.0,0.22,10.0,0.23,21.0,0.07,0.07,43.23926,1776188321000
1776188323.349,223.349,0.78,10.0,0.77,21.0,0.85,4.9,0.86,15.0,0.15,4.9,0.14,15.0,0.22,10.0,0.23,21.0,0.07,0.07,43.239537,1776188322000
1776188324.197,224.197,0.78,10.0,0.77,21.0,0.85,4.9,0.86,15.0,0.15,4.9,0.14,15.0,0.22,10.0,0.23,21.0,0.07,0.07,43.239742,1776188323000
1776188325.51,225.51,0.78,10.0,0.77,21.0,0.85,4.9,0.86,15.0,0.15,4.9,0.14,15.0,0.22,10.0,0.23,21.0,0.07,0.07,43.240217,1776188324000
1776188326.272,226.272,0.78,10.0,0.77,21.0,0.85,4.9,0.86,15.0,0.15,4.9,0.14,15.0,0.22,10.0,0.23,21.0,0.07,0.07,43.240311,1776188325000
1776188327.747,227.747,0.78,10.0,0.77,21.0,0.85,4.9,0.86,15.0,0.15,4.9,0.14,15.0,0.22,10.0,0.23,21.0,0.07,0.07,43.248002,1776188326000
1776188328.377,228.377,0.78,10.0,0.77,21.0,0.85,4.9,0.86,15.0,0.15,4.9,0.14,15.0,0.22,10.0,0.23,21.0,0.07,0.07,43.248055,1776188327000
1776188329.136,229.136,0.38,15.0,0.37,15.0,0.49,7.46,0.72,15.0,0.51,7.46,0.28,15.0,0.62,15.0,0.63,15.0,0.11,0.11,43.246989,1776188328000
1776188329.821,229.821,0.33,25.0,0.32,15.0,0.69,73.0,0.7,15.0,0.51,7.46,0.28,15.0,0.62,15.0,0.63,15.0,0.36,0.11,43.246989,1776188328000
1776188330.5,230.5,0.33,25.0,0.32,15.0,0.69,73.0,0.7,15.0,0.31,73.0,0.3,15.0,0.67,25.0,0.68,15.0,0.36,0.36,43.238903,1776188329000
1776188331.287,231.287,0.33,25.0,0.32,15.0,0.69,73.0,0.7,15.0,0.31,73.0,0.3,15.0,0.67,25.0,0.68,15.0,0.36,0.36,43.232062,1776188330000
1776188332.373,232.373,0.33,25.0,0.32,15.0,0.69,73.0,0.7,15.0,0.31,73.0,0.3,15.0,0.67,25.0,0.68,15.0,0.36,0.36,43.219257,1776188331000
1776188333.237,233.237,0.33,25.0,0.32,15.0,0.69,73.0,0.7,15.0,0.31,73.0,0.3,15.0,0.67,25.0,0.68,15.0,0.36,0.36,43.217881,1776188332000
1776188333.705,233.705,0.28,15.0,0.27,15.0,0.41,2.0,0.58,10.0,0.31,73.0,0.3,15.0,0.67,25.0,0.68,15.0,0.13,0.36,43.217881,1776188332000
1776188334.572,234.572,0.28,15.0,0.27,15.0,0.41,2.0,0.58,10.0,0.59,2.0,0.42,10.0,0.72,15.0,0.73,15.0,0.13,0.13,43.216895,1776188333000
1776188335.218,235.218,0.28,15.0,0.27,15.0,0.41,2.0,0.58,10.0,0.59,2.0,0.42,10.0,0.72,15.0,0.73,15.0,0.13,0.13,43.216715,1776188334000
1776188336.434,236.434,0.28,15.0,0.27,15.0,0.41,2.0,0.58,10.0,0.59,2.0,0.42,10.0,0.72,15.0,0.73,15.0,0.13,0.13,43.216688,1776188335000
1776188337.114,237.114,0.28,15.0,0.27,15.0,0.41,2.0,0.58,10.0,0.59,2.0,0.42,10.0,0.72,15.0,0.73,15.0,0.13,0.13,43.216543,1776188336000
1776188338.435,238.435,0.28,15.0,0.27,15.0,0.41,2.0,0.58,10.0,0.59,2.0,0.42,10.0,0.72,15.0,0.73,15.0,0.13,0.13,43.216447,1776188337000
1776188339.005,239.005,0.28,15.0,0.27,15.0,0.41,2.0,0.58,10.0,0.59,2.0,0.42,10.0,0.72,15.0,0.73,15.0,0.13,0.13,43.216664,1776188338000
1776188340.135,240.135,0.28,15.0,0.27,15.0,0.41,2.0,0.58,10.0,0.59,2.0,0.42,10.0,0.72,15.0,0.73,15.0,0.13,0.13,43.214042,1776188339000
1776188340.768,240.768,0.27,8.16,0.26,34.0,0.41,2.0,0.54,15.0,0.59,2.0,0.42,10.0,0.72,15.0,0.73,15.0,0.14,0.13,43.214042,1776188339000
1776188341.706,241.706,0.27,8.16,0.26,34.0,0.41,2.0,0.54,15.0,0.59,2.0,0.46,15.0,0.73,8.16,0.74,34.0,0.14,0.14,43.21229,1776188340000
1776188342.279,242.279,0.27,8.16,0.26,34.0,0.41,2.0,0.54,15.0,0.59,2.0,0.46,15.0,0.73,8.16,0.74,34.0,0.14,0.14,43.21229,1776188341000
1776188343.713,243.713,0.27,8.16,0.26,34.0,0.41,2.0,0.54,15.0,0.59,2.0,0.46,15.0,0.73,8.16,0.74,34.0,0.14,0.14,43.215669,1776188342000
1776188344.43,244.43,0.27,8.16,0.26,34.0,0.41,2.0,0.54,15.0,0.59,2.0,0.46,15.0,0.73,8.16,0.74,34.0,0.14,0.14,43.215861,1776188343000
1776188345.55,245.55,0.27,8.16,0.26,34.0,0.41,2.0,0.54,15.0,0.59,2.0,0.46,15.0,0.73,8.16,0.74,34.0,0.14,0.14,43.215517,1776188344000
1776188346.145,246.145,0.27,8.16,0.26,34.0,0.41,2.0,0.54,15.0,0.59,2.0,0.46,15.0,0.73,8.16,0.74,34.0,0.14,0.14,43.215517,1776188345000
1776188347.56,247.56,0.27,8.16,0.26,34.0,0.41,2.0,0.54,15.0,0.59,2.0,0.46,15.0,0.73,8.16,0.74,34.0,0.14,0.14,43.216106,1776188346000
1776188348.168,248.168,0.27,8.16,0.26,34.0,0.41,2.0,0.54,15.0,0.59,2.0,0.46,15.0,0.73,8.16,0.74,34.0,0.14,0.14,43.219002,1776188347000
1776188349.476,249.476,0.27,8.16,0.26,34.0,0.41,2.0,0.54,15.0,0.59,2.0,0.46,15.0,0.73,8.16,0.74,34.0,0.14,0.14,43.218969,1776188348000
1776188350.213,250.213,0.27,8.16,0.26,34.0,0.41,2.0,0.54,15.0,0.59,2.0,0.46,15.0,0.73,8.16,0.74,34.0,0.14,0.14,43.21907,1776188349000
1776188351.491,251.491,0.27,8.16,0.26,34.0,0.41,2.0,0.54,15.0,0.59,2.0,0.46,15.0,0.73,8.16,0.74,34.0,0.14,0.14,43.221179,1776188350000
1776188352.193,252.193,0.27,8.16,0.26,34.0,0.41,2.0,0.54,15.0,0.59,2.0,0.46,15.0,0.73,8.16,0.74,34.0,0.14,0.14,43.221179,1776188351000
1776188353.466,253.466,0.27,8.16,0.26,34.0,0.41,2.0,0.54,15.0,0.59,2.0,0.46,15.0,0.73,8.16,0.74,34.0,0.14,0.14,43.218198,1776188352000
1776188354.078,254.078,0.27,8.16,0.26,34.0,0.41,2.0,0.54,15.0,0.59,2.0,0.46,15.0,0.73,8.16,0.74,34.0,0.14,0.14,43.217911,1776188353000
1776188355.409,255.409,0.27,8.16,0.26,34.0,0.41,2.0,0.54,15.0,0.59,2.0,0.46,15.0,0.73,8.16,0.74,34.0,0.14,0.14,43.217682,1776188354000
1776188356.09,256.09,0.27,8.16,0.26,34.0,0.41,2.0,0.54,15.0,0.59,2.0,0.46,15.0,0.73,8.16,0.74,34.0,0.14,0.14,43.218895,1776188355000
1776188357.196,257.196,0.27,8.16,0.26,34.0,0.41,2.0,0.54,15.0,0.59,2.0,0.46,15.0,0.73,8.16,0.74,34.0,0.14,0.14,43.218448,1776188356000
1776188358.223,258.223,0.27,8.16,0.26,34.0,0.41,2.0,0.54,15.0,0.59,2.0,0.46,15.0,0.73,8.16,0.74,34.0,0.14,0.14,43.218477,1776188357000
1776188359.28,259.28,0.27,8.16,0.26,34.0,0.41,2.0,0.54,15.0,0.59,2.0,0.46,15.0,0.73,8.16,0.74,34.0,0.14,0.14,43.218509,1776188358000
1776188360.354,260.354,0.27,8.16,0.26,34.0,0.41,2.0,0.54,15.0,0.59,2.0,0.46,15.0,0.73,8.16,0.74,34.0,0.14,0.14,43.218592,1776188359000
1776188360.95,260.95,0.3,5.0,0.2,15.0,0.41,26.0,0.43,15.0,0.59,2.0,0.46,15.0,0.73,8.16,0.74,34.0,0.11,0.14,43.218592,1776188359000
1776188361.404,261.404,0.3,5.0,0.2,15.0,0.41,26.0,0.43,15.0,0.59,26.0,0.57,15.0,0.7,5.0,0.8,15.0,0.11,0.11,43.217165,1776188360000
1776188361.694,261.694,0.16,15.0,0.15,15.0,0.27,5.0,0.41,26.0,0.59,26.0,0.57,15.0,0.7,5.0,0.8,15.0,0.11,0.11,43.217165,1776188360000
1776188361.978,261.978,0.16,15.0,0.15,15.0,0.27,5.0,0.41,26.0,0.73,5.0,0.59,26.0,0.84,15.0,0.85,15.0,0.11,0.11,43.217165,1776188361000
1776188363.078,263.078,0.16,15.0,0.15,15.0,0.27,5.0,0.41,26.0,0.73,5.0,0.59,26.0,0.84,15.0,0.85,15.0,0.11,0.11,43.214885,1776188362000
1776188363.987,263.987,0.16,15.0,0.15,15.0,0.27,5.0,0.41,26.0,0.73,5.0,0.59,26.0,0.84,15.0,0.85,15.0,0.11,0.11,43.214404,1776188363000
1776188364.967,264.967,0.16,15.0,0.15,15.0,0.27,5.0,0.41,26.0,0.73,5.0,0.59,26.0,0.84,15.0,0.85,15.0,0.11,0.11,43.2141,1776188364000
1776188365.978,265.978,0.16,15.0,0.15,15.0,0.27,5.0,0.41,26.0,0.73,5.0,0.59,26.0,0.84,15.0,0.85,15.0,0.11,0.11,43.213053,1776188365000
1776188367.013,267.013,0.16,15.0,0.15,15.0,0.27,5.0,0.41,26.0,0.73,5.0,0.59,26.0,0.84,15.0,0.85,15.0,0.11,0.11,43.213053,1776188366000
1776188368.143,268.143,0.16,15.0,0.15,15.0,0.27,5.0,0.41,26.0,0.73,5.0,0.59,26.0,0.84,15.0,0.85,15.0,0.11,0.11,43.213145,1776188367000
1776188368.987,268.987,0.16,15.0,0.15,15.0,0.27,5.0,0.41,26.0,0.73,5.0,0.59,26.0,0.84,15.0,0.85,15.0,0.11,0.11,43.213145,1776188368000
1776188369.259,269.259,0.38,5.38,0.25,15.0,0.41,2.0,0.55,10.0,0.73,5.0,0.59,26.0,0.84,15.0,0.85,15.0,0.03,0.11,43.213145,1776188368000
1776188370.691,270.691,0.27,9.95,0.26,15.0,0.41,2.0,0.56,15.0,0.59,2.0,0.45,10.0,0.62,3.62,0.75,15.0,0.14,0.03,43.213145,1776188368000
1776188371.846,271.846,0.28,9.95,0.26,9.8,0.41,2.0,0.56,15.0,0.59,2.0,0.44,15.0,0.72,9.95,0.74,9.8,0.13,0.13,43.219545,1776188370000
1776188372.422,272.422,0.28,9.95,0.26,9.8,0.41,2.0,0.56,15.0,0.59,2.0,0.44,15.0,0.72,9.95,0.74,9.8,0.13,0.13,43.219868,1776188371000
1776188373.448,273.448,0.28,9.95,0.26,9.8,0.41,2.0,0.56,15.0,0.59,2.0,0.44,15.0,0.72,9.95,0.74,9.8,0.13,0.13,43.218924,1776188372000
1776188374.16,274.16,0.28,9.95,0.26,9.8,0.41,2.0,0.56,15.0,0.59,2.0,0.44,15.0,0.72,9.95,0.74,9.8,0.13,0.13,43.218514,1776188373000
1776188375.546,275.546,0.28,9.95,0.26,9.8,0.41,2.0,0.56,15.0,0.59,2.0,0.44,15.0,0.72,9.95,0.74,9.8,0.13,0.13,43.219668,1776188374000
1776188376.366,276.366,0.28,9.95,0.26,9.8,0.41,2.0,0.56,15.0,0.59,2.0,0.44,15.0,0.72,9.95,0.74,9.8,0.13,0.13,43.219668,1776188375000
1776188377.0,277.0,0.28,9.95,0.26,9.8,0.41,2.0,0.56,15.0,0.59,2.0,0.44,15.0,0.72,9.95,0.74,9.8,0.13,0.13,43.219689,1776188376000
1776188377.898,277.898,0.02,1286.0,0.01,1295.0,0.56,10.0,0.6,7.0,0.59,2.0,0.44,15.0,0.72,9.95,0.74,9.8,0.54,0.13,43.219689,1776188376000
1776188378.501,278.501,0.02,1286.0,0.01,1295.0,0.56,10.0,0.6,7.0,0.44,10.0,0.4,7.0,0.98,1286.0,0.99,1295.0,0.54,0.54,43.219681,1776188377000
1776188379.133,279.133,0.02,1286.0,0.01,1295.0,0.56,10.0,0.6,7.0,0.44,10.0,0.4,7.0,0.98,1286.0,0.99,1295.0,0.54,0.54,43.217993,1776188378000
1776188380.757,280.757,0.02,1286.0,0.01,1295.0,0.56,10.0,0.6,7.0,0.44,10.0,0.4,7.0,0.98,1286.0,0.99,1295.0,0.54,0.54,43.222316,1776188379000
1776188381.455,281.455,0.02,1286.0,0.01,1295.0,0.56,10.0,0.6,7.0,0.44,10.0,0.4,7.0,0.98,1286.0,0.99,1295.0,0.54,0.54,43.222316,1776188380000
1776188382.312,282.312,0.02,1286.0,0.01,1295.0,0.56,10.0,0.6,7.0,0.44,10.0,0.4,7.0,0.98,1286.0,0.99,1295.0,0.54,0.54,43.222126,1776188381000
1776188383.693,283.693,0.02,1286.0,0.01,1295.0,0.56,10.0,0.6,7.0,0.44,10.0,0.4,7.0,0.98,1286.0,0.99,1295.0,0.54,0.54,43.22049,1776188382000
1776188384.339,284.339,0.02,1286.0,0.01,1295.0,0.56,10.0,0.6,7.0,0.44,10.0,0.4,7.0,0.98,1286.0,0.99,1295.0,0.54,0.54,43.220295,1776188383000
1776188385.103,285.103,0.02,1286.0,0.01,1295.0,0.56,10.0,0.6,7.0,0.44,10.0,0.4,7.0,0.98,1286.0,0.99,1295.0,0.54,0.54,43.220274,1776188384000
1776188386.495,286.495,0.02,1286.0,0.01,1295.0,0.56,10.0,0.6,7.0,0.44,10.0,0.4,7.0,0.98,1286.0,0.99,1295.0,0.54,0.54,43.220307,1776188385000
1776188387.156,287.156,0.02,1286.0,0.01,1295.0,0.56,10.0,0.6,7.0,0.44,10.0,0.4,7.0,0.98,1286.0,0.99,1295.0,0.54,0.54,43.220307,1776188386000
1776188388.61,288.61,0.02,1286.0,0.01,1295.0,0.56,10.0,0.6,7.0,0.44,10.0,0.4,7.0,0.98,1286.0,0.99,1295.0,0.54,0.54,43.219888,1776188387000
1776188389.851,289.851,0.02,1286.0,0.01,1295.0,0.56,10.0,0.6,7.0,0.44,10.0,0.4,7.0,0.98,1286.0,0.99,1295.0,0.54,0.54,43.218963,1776188388000
1776188390.722,290.722,0.02,1286.0,0.01,1295.0,0.56,10.0,0.6,7.0,0.44,10.0,0.4,7.0,0.98,1286.0,0.99,1295.0,0.54,0.54,43.218963,1776188389000
1776188391.516,291.516,0.02,1286.0,0.01,1295.0,0.56,10.0,0.6,7.0,0.44,10.0,0.4,7.0,0.98,1286.0,0.99,1295.0,0.54,0.54,43.219311,1776188390000
1776188392.4,292.4,0.02,1286.0,0.01,1295.0,0.56,10.0,0.6,7.0,0.44,10.0,0.4,7.0,0.98,1286.0,0.99,1295.0,0.54,0.54,43.219721,1776188391000
1776188393.103,293.103,0.02,1286.0,0.01,1295.0,0.56,10.0,0.6,7.0,0.44,10.0,0.4,7.0,0.98,1286.0,0.99,1295.0,0.54,0.54,43.219936,1776188392000
1776188393.671,293.671,0.01,1395.0,,,0.12,10.0,0.24,6.0,0.44,10.0,0.4,7.0,0.98,1286.0,0.99,1295.0,0.11,0.54,43.219936,1776188392000
1776188394.577,294.577,0.01,1395.0,,,0.12,10.0,0.24,6.0,0.88,10.0,0.76,6.0,0.99,1395.0,,,0.11,0.11,43.219666,1776188393000
1776188395.097,295.097,0.01,1369.79,,,0.11,15.0,0.24,6.0,0.88,10.0,0.76,6.0,0.99,1395.0,,,0.1,0.11,43.219666,1776188393000
1776188395.703,295.703,0.01,254.63,,,0.11,5.0,0.6,7.0,0.89,15.0,0.76,6.0,0.99,1369.79,,,0.1,0.1,43.218584,1776188394000
1776188396.596,296.596,0.01,254.63,,,0.11,5.0,0.6,7.0,0.89,5.0,0.4,7.0,0.99,254.63,,,0.1,0.1,43.216168,1776188395000
1776188396.842,296.842,0.01,121.63,,,0.11,15.0,0.6,7.0,0.89,5.0,0.4,7.0,0.99,254.63,,,0.1,0.1,43.216168,1776188395000
1776188397.159,297.159,0.01,121.63,,,0.11,15.0,0.6,7.0,0.89,15.0,0.4,7.0,0.99,121.63,,,0.1,0.1,43.215892,1776188396000
1776188397.661,297.661,0.01,121.63,,,0.09,5.52,0.11,5.0,0.89,15.0,0.4,7.0,0.99,121.63,,,0.08,0.1,43.215892,1776188396000
1776188397.972,297.972,0.01,111.63,,,0.1,10.0,0.11,3.3,0.89,3.3,0.4,7.0,0.99,121.63,,,0.09,0.1,43.215892,1776188396000
1776188398.278,298.278,0.01,101.63,,,0.1,10.0,0.11,3.3,0.9,10.0,0.89,3.3,0.99,111.63,,,0.09,0.09,43.215892,1776188396000
1776188398.631,298.631,0.01,100.61,,,0.1,10.0,0.11,3.3,0.9,10.0,0.89,3.3,0.99,101.63,,,0.09,0.09,43.215892,1776188396000
1776188399.145,299.145,0.01,28.38,,,0.09,10.0,0.39,6.0,0.91,10.0,0.89,3.3,0.99,48.38,,,0.08,0.08,43.216803,1776188397000
1776188399.359,299.359,0.01,13.27,,,0.23,11.0,0.39,6.0,0.77,11.0,0.61,6.0,0.99,23.38,,,0.22,0.22,43.216496,1776188398000
1776188399.904,299.904,0.01,2.05,,,0.1,10.0,0.23,11.0,0.9,10.0,0.77,11.0,0.99,12.16,,,0.09,0.09,43.216496,1776188398000
1776188400.112,300.112,0.01,0.94,,,0.1,10.0,0.23,11.0,0.9,10.0,0.77,11.0,0.99,0.94,,,0.09,0.09,43.216509,1776188399000
1776188401.478,301.478,,,,,0.01,17.06,0.1,10.0,0.99,17.06,0.9,10.0,,,,,,,43.221158,1776188400000
1776188402.053,302.053,,,,,0.01,17.06,0.1,10.0,0.99,17.06,0.9,10.0,,,,,,,43.220694,1776188401000

# RESULT,winner=Down,slug=hype-updown-5m-1776188100,ticks=324
