timestamp,elapsed_sec,up_bid_p1,up_bid_s1,up_bid_p2,up_bid_s2,up_ask_p1,up_ask_s1,up_ask_p2,up_ask_s2,down_bid_p1,down_bid_s1,down_bid_p2,down_bid_s2,down_ask_p1,down_ask_s1,down_ask_p2,down_ask_s2,up_spread,down_spread,hype_price,hype_oracle_ts
1776187501.246,1.246,,,,,,,,,,,,,,,,,,,43.338049,1776187500000
1776187501.575,1.575,0.32,6.24,0.11,100.0,0.89,100.0,0.92,50.0,0.34,8.0,0.11,100.0,0.47,5.0,0.68,6.24,0.57,0.13,43.338049,1776187500000
1776187502.09,2.09,0.53,5.0,0.39,12.0,0.6,12.0,0.66,8.0,0.34,8.0,0.11,100.0,0.47,5.0,0.68,6.24,0.07,0.13,43.338049,1776187500000
1776187503.249,3.249,0.53,5.0,0.39,12.0,0.6,12.0,0.66,8.0,0.4,12.0,0.34,8.0,0.47,5.0,0.61,12.0,0.07,0.07,43.335859,1776187502000
1776187504.529,4.529,0.53,5.0,0.39,12.0,0.6,12.0,0.66,8.0,0.4,12.0,0.34,8.0,0.47,5.0,0.61,12.0,0.07,0.07,43.336385,1776187503000
1776187505.175,5.175,0.53,5.0,0.39,12.0,0.6,12.0,0.66,8.0,0.4,12.0,0.34,8.0,0.47,5.0,0.61,12.0,0.07,0.07,43.338944,1776187504000
1776187506.303,6.303,0.53,5.0,0.39,12.0,0.6,12.0,0.66,8.0,0.4,12.0,0.34,8.0,0.47,5.0,0.61,12.0,0.07,0.07,43.339339,1776187505000
1776187507.49,7.49,0.53,5.0,0.39,12.0,0.6,12.0,0.66,8.0,0.4,12.0,0.34,8.0,0.47,5.0,0.61,12.0,0.07,0.07,43.33974,1776187506000
1776187508.677,8.677,0.53,5.0,0.39,12.0,0.6,12.0,0.66,8.0,0.4,12.0,0.34,8.0,0.47,5.0,0.61,12.0,0.07,0.07,43.339958,1776187507000
1776187509.187,9.187,0.53,5.0,0.39,12.0,0.6,12.0,0.66,8.0,0.4,12.0,0.34,8.0,0.47,5.0,0.61,12.0,0.07,0.07,43.339958,1776187508000
1776187510.325,10.325,0.53,5.0,0.39,12.0,0.6,12.0,0.66,8.0,0.4,12.0,0.34,8.0,0.47,5.0,0.61,12.0,0.07,0.07,43.337667,1776187509000
1776187511.557,11.557,0.53,5.0,0.39,12.0,0.6,12.0,0.66,8.0,0.4,12.0,0.34,8.0,0.47,5.0,0.61,12.0,0.07,0.07,43.337568,1776187510000
1776187512.204,12.204,0.53,5.0,0.39,12.0,0.6,12.0,0.66,8.0,0.4,12.0,0.34,8.0,0.47,5.0,0.61,12.0,0.07,0.07,43.337568,1776187511000
1776187513.491,13.491,0.53,5.0,0.39,12.0,0.6,12.0,0.66,8.0,0.4,12.0,0.34,8.0,0.47,5.0,0.61,12.0,0.07,0.07,43.338793,1776187512000
1776187514.041,14.041,0.53,5.0,0.39,12.0,0.6,12.0,0.66,8.0,0.4,12.0,0.34,8.0,0.47,5.0,0.61,12.0,0.07,0.07,43.339047,1776187513000
1776187515.159,15.159,0.53,5.0,0.39,12.0,0.6,12.0,0.66,8.0,0.4,12.0,0.34,8.0,0.47,5.0,0.61,12.0,0.07,0.07,43.339709,1776187514000
1776187516.257,16.257,0.53,5.0,0.39,12.0,0.6,12.0,0.66,8.0,0.4,12.0,0.34,8.0,0.47,5.0,0.61,12.0,0.07,0.07,43.33745,1776187515000
1776187517.036,17.036,0.33,15.0,0.32,6.24,0.45,5.0,0.48,5.0,0.4,12.0,0.34,8.0,0.47,5.0,0.61,12.0,0.12,0.07,43.33745,1776187515000
1776187517.29,17.29,0.33,15.0,0.32,6.24,0.45,5.0,0.48,5.0,0.55,5.0,0.52,5.0,0.67,15.0,0.68,6.24,0.12,0.12,43.337432,1776187516000
1776187518.426,18.426,0.33,15.0,0.32,6.24,0.45,5.0,0.48,5.0,0.55,5.0,0.52,5.0,0.67,15.0,0.68,6.24,0.12,0.12,43.324468,1776187517000
1776187518.976,18.976,0.33,15.0,0.32,6.24,0.45,5.0,0.48,5.0,0.55,5.0,0.52,5.0,0.67,15.0,0.68,6.24,0.12,0.12,43.319758,1776187518000
1776187520.561,20.561,0.33,15.0,0.32,6.24,0.45,5.0,0.48,5.0,0.55,5.0,0.52,5.0,0.67,15.0,0.68,6.24,0.12,0.12,43.313391,1776187519000
1776187521.248,21.248,0.33,15.0,0.32,6.24,0.45,5.0,0.48,5.0,0.55,5.0,0.52,5.0,0.67,15.0,0.68,6.24,0.12,0.12,43.312037,1776187520000
1776187522.419,22.419,0.33,15.0,0.32,6.24,0.45,5.0,0.48,5.0,0.55,5.0,0.52,5.0,0.67,15.0,0.68,6.24,0.12,0.12,43.311813,1776187521000
1776187523.057,23.057,0.33,15.0,0.32,6.24,0.45,5.0,0.48,5.0,0.55,5.0,0.52,5.0,0.67,15.0,0.68,6.24,0.12,0.12,43.312655,1776187522000
1776187524.365,24.365,0.33,15.0,0.32,6.24,0.45,5.0,0.48,5.0,0.55,5.0,0.52,5.0,0.67,15.0,0.68,6.24,0.12,0.12,43.316883,1776187523000
1776187525.66,25.66,0.33,15.0,0.32,6.24,0.45,5.0,0.48,5.0,0.55,5.0,0.52,5.0,0.67,15.0,0.68,6.24,0.12,0.12,43.316984,1776187524000
1776187526.274,26.274,0.33,15.0,0.32,6.24,0.45,5.0,0.48,5.0,0.55,5.0,0.52,5.0,0.67,15.0,0.68,6.24,0.12,0.12,43.317616,1776187525000
1776187527.554,27.554,0.33,15.0,0.32,6.24,0.45,5.0,0.48,5.0,0.55,5.0,0.52,5.0,0.67,15.0,0.68,6.24,0.12,0.12,43.318395,1776187526000
1776187528.362,28.362,0.33,15.0,0.32,6.24,0.45,5.0,0.48,5.0,0.55,5.0,0.52,5.0,0.67,15.0,0.68,6.24,0.12,0.12,43.321848,1776187527000
1776187529.66,29.66,0.33,15.0,0.32,6.24,0.45,5.0,0.48,5.0,0.55,5.0,0.52,5.0,0.67,15.0,0.68,6.24,0.12,0.12,43.32863,1776187528000
1776187530.441,30.441,0.33,15.0,0.32,6.24,0.45,5.0,0.48,5.0,0.55,5.0,0.52,5.0,0.67,15.0,0.68,6.24,0.12,0.12,43.325966,1776187529000
1776187531.123,31.123,0.33,15.0,0.32,6.24,0.45,5.0,0.48,5.0,0.55,5.0,0.52,5.0,0.67,15.0,0.68,6.24,0.12,0.12,43.325966,1776187530000
1776187532.483,32.483,0.33,15.0,0.32,6.24,0.45,5.0,0.48,5.0,0.55,5.0,0.52,5.0,0.67,15.0,0.68,6.24,0.12,0.12,43.326185,1776187531000
1776187533.186,33.186,0.33,15.0,0.32,6.24,0.45,5.0,0.48,5.0,0.55,5.0,0.52,5.0,0.67,15.0,0.68,6.24,0.12,0.12,43.326185,1776187532000
1776187534.56,34.56,0.33,15.0,0.32,6.24,0.45,5.0,0.48,5.0,0.55,5.0,0.52,5.0,0.67,15.0,0.68,6.24,0.12,0.12,43.330419,1776187533000
1776187535.289,35.289,0.33,15.0,0.32,6.24,0.45,5.0,0.48,5.0,0.55,5.0,0.52,5.0,0.67,15.0,0.68,6.24,0.12,0.12,43.33194,1776187534000
1776187537.016,37.016,0.33,15.0,0.32,6.24,0.45,5.0,0.48,5.0,0.55,5.0,0.52,5.0,0.67,15.0,0.68,6.24,0.12,0.12,43.337247,1776187536000
1776187538.007,38.007,0.33,15.0,0.32,6.24,0.45,5.0,0.48,5.0,0.55,5.0,0.52,5.0,0.67,15.0,0.68,6.24,0.12,0.12,43.336755,1776187537000
1776187539.086,39.086,0.33,15.0,0.32,6.24,0.45,5.0,0.48,5.0,0.55,5.0,0.52,5.0,0.67,15.0,0.68,6.24,0.12,0.12,43.336133,1776187538000
1776187540.059,40.059,0.33,15.0,0.32,6.24,0.45,5.0,0.48,5.0,0.55,5.0,0.52,5.0,0.67,15.0,0.68,6.24,0.12,0.12,43.335118,1776187539000
1776187541.05,41.05,0.33,15.0,0.32,6.24,0.45,5.0,0.48,5.0,0.55,5.0,0.52,5.0,0.67,15.0,0.68,6.24,0.12,0.12,43.335118,1776187540000
1776187542.081,42.081,0.33,15.0,0.32,6.24,0.45,5.0,0.48,5.0,0.55,5.0,0.52,5.0,0.67,15.0,0.68,6.24,0.12,0.12,43.334763,1776187541000
1776187543.089,43.089,0.33,15.0,0.32,6.24,0.45,5.0,0.48,5.0,0.55,5.0,0.52,5.0,0.67,15.0,0.68,6.24,0.12,0.12,43.334612,1776187542000
1776187544.049,44.049,0.33,15.0,0.32,6.24,0.45,5.0,0.48,5.0,0.55,5.0,0.52,5.0,0.67,15.0,0.68,6.24,0.12,0.12,43.335318,1776187543000
1776187545.189,45.189,0.33,15.0,0.32,6.24,0.45,5.0,0.48,5.0,0.55,5.0,0.52,5.0,0.67,15.0,0.68,6.24,0.12,0.12,43.336003,1776187544000
1776187546.1,46.1,0.33,15.0,0.32,6.24,0.45,5.0,0.48,5.0,0.55,5.0,0.52,5.0,0.67,15.0,0.68,6.24,0.12,0.12,43.335645,1776187545000
1776187547.058,47.058,0.33,15.0,0.32,6.24,0.45,5.0,0.48,5.0,0.55,5.0,0.52,5.0,0.67,15.0,0.68,6.24,0.12,0.12,43.336246,1776187546000
1776187548.068,48.068,0.33,15.0,0.32,6.24,0.45,5.0,0.48,5.0,0.55,5.0,0.52,5.0,0.67,15.0,0.68,6.24,0.12,0.12,43.3359,1776187547000
1776187549.039,49.039,0.33,15.0,0.32,6.24,0.45,5.0,0.48,5.0,0.55,5.0,0.52,5.0,0.67,15.0,0.68,6.24,0.12,0.12,43.337109,1776187548000
1776187549.956,49.956,0.33,15.0,0.32,6.24,0.45,5.0,0.48,5.0,0.55,5.0,0.52,5.0,0.67,15.0,0.68,6.24,0.12,0.12,43.337411,1776187549000
1776187550.991,50.991,0.33,15.0,0.32,6.24,0.45,5.0,0.48,5.0,0.55,5.0,0.52,5.0,0.67,15.0,0.68,6.24,0.12,0.12,43.335045,1776187550000
1776187552.109,52.109,0.33,15.0,0.32,6.24,0.45,5.0,0.48,5.0,0.55,5.0,0.52,5.0,0.67,15.0,0.68,6.24,0.12,0.12,43.328898,1776187551000
1776187553.084,53.084,0.33,15.0,0.32,6.24,0.45,5.0,0.48,5.0,0.55,5.0,0.52,5.0,0.67,15.0,0.68,6.24,0.12,0.12,43.325904,1776187552000
1776187554.196,54.196,0.33,15.0,0.32,6.24,0.45,5.0,0.48,5.0,0.55,5.0,0.52,5.0,0.67,15.0,0.68,6.24,0.12,0.12,43.326368,1776187553000
1776187555.338,55.338,0.33,15.0,0.32,6.24,0.45,5.0,0.48,5.0,0.55,5.0,0.52,5.0,0.67,15.0,0.68,6.24,0.12,0.12,43.325834,1776187554000
1776187556.368,56.368,0.33,15.0,0.32,6.24,0.45,5.0,0.48,5.0,0.55,5.0,0.52,5.0,0.67,15.0,0.68,6.24,0.12,0.12,43.326377,1776187555000
1776187557.417,57.417,0.33,15.0,0.32,6.24,0.45,5.0,0.48,5.0,0.55,5.0,0.52,5.0,0.67,15.0,0.68,6.24,0.12,0.12,43.326192,1776187556000
1776187557.738,57.738,0.39,15.0,0.38,15.0,0.51,8.03,0.53,5.0,0.55,5.0,0.52,5.0,0.67,15.0,0.68,6.24,0.12,0.12,43.326192,1776187556000
1776187559.07,59.07,0.39,15.0,0.38,15.0,0.51,8.03,0.53,5.0,0.49,8.03,0.47,5.0,0.61,15.0,0.62,15.0,0.12,0.12,43.325904,1776187558000
1776187560.068,60.068,0.39,15.0,0.38,15.0,0.51,8.03,0.53,5.0,0.49,8.03,0.47,5.0,0.61,15.0,0.62,15.0,0.12,0.12,43.325696,1776187559000
1776187560.333,60.333,0.38,13.38,0.37,15.0,0.5,10.0,0.51,30.0,0.49,8.03,0.47,5.0,0.61,15.0,0.62,15.0,0.12,0.12,43.325696,1776187559000
1776187560.994,60.994,0.31,4.45,0.3,31.0,0.46,5.0,0.47,5.0,0.5,10.0,0.49,30.0,0.62,13.38,0.63,15.0,0.15,0.12,43.325696,1776187559000
1776187561.203,61.203,0.31,4.45,0.3,31.0,0.46,5.0,0.47,5.0,0.54,5.0,0.53,5.0,0.69,4.45,0.7,31.0,0.15,0.15,43.325517,1776187560000
1776187562.179,62.179,0.31,4.45,0.3,31.0,0.46,5.0,0.47,5.0,0.54,5.0,0.53,5.0,0.69,4.45,0.7,31.0,0.15,0.15,43.325517,1776187561000
1776187563.665,63.665,0.31,4.45,0.3,31.0,0.46,5.0,0.47,5.0,0.54,5.0,0.53,5.0,0.69,4.45,0.7,31.0,0.15,0.15,43.310604,1776187562000
1776187564.137,64.137,0.31,4.45,0.3,31.0,0.46,5.0,0.47,5.0,0.54,5.0,0.53,5.0,0.69,4.45,0.7,31.0,0.15,0.15,43.30979,1776187563000
1776187565.211,65.211,0.31,4.45,0.3,31.0,0.46,5.0,0.47,5.0,0.54,5.0,0.53,5.0,0.69,4.45,0.7,31.0,0.15,0.15,43.30979,1776187564000
1776187566.469,66.469,0.31,4.45,0.3,31.0,0.46,5.0,0.47,5.0,0.54,5.0,0.53,5.0,0.69,4.45,0.7,31.0,0.15,0.15,43.306337,1776187565000
1776187566.93,66.93,0.31,4.45,0.3,31.0,0.46,5.0,0.47,5.0,0.54,5.0,0.53,5.0,0.69,4.45,0.7,31.0,0.15,0.15,43.306337,1776187566000
1776187567.461,67.461,0.42,12.0,0.33,15.0,0.51,19.17,0.54,10.0,0.54,5.0,0.53,5.0,0.69,4.45,0.7,31.0,0.09,0.15,43.306337,1776187566000
1776187567.967,67.967,0.42,12.0,0.33,15.0,0.51,19.17,0.54,10.0,0.49,19.17,0.46,10.0,0.58,12.0,0.67,15.0,0.09,0.09,43.307337,1776187567000
1776187569.178,69.178,0.42,12.0,0.33,15.0,0.51,19.17,0.54,10.0,0.49,19.17,0.46,10.0,0.58,12.0,0.67,15.0,0.09,0.09,43.316802,1776187568000
1776187570.299,70.299,0.42,12.0,0.33,15.0,0.51,19.17,0.54,10.0,0.49,19.17,0.46,10.0,0.58,12.0,0.67,15.0,0.09,0.09,43.324891,1776187569000
1776187571.285,71.285,0.42,12.0,0.33,15.0,0.51,19.17,0.54,10.0,0.49,19.17,0.46,10.0,0.58,12.0,0.67,15.0,0.09,0.09,43.325486,1776187570000
1776187572.617,72.617,0.42,12.0,0.33,15.0,0.51,19.17,0.54,10.0,0.49,19.17,0.46,10.0,0.58,12.0,0.67,15.0,0.09,0.09,43.326708,1776187571000
1776187573.324,73.324,0.42,12.0,0.33,15.0,0.51,19.17,0.54,10.0,0.49,19.17,0.46,10.0,0.58,12.0,0.67,15.0,0.09,0.09,43.328135,1776187572000
1776187574.687,74.687,0.42,12.0,0.33,15.0,0.51,19.17,0.54,10.0,0.49,19.17,0.46,10.0,0.58,12.0,0.67,15.0,0.09,0.09,43.327097,1776187573000
1776187575.277,75.277,0.42,12.0,0.33,15.0,0.51,19.17,0.54,10.0,0.49,19.17,0.46,10.0,0.58,12.0,0.67,15.0,0.09,0.09,43.328701,1776187574000
1776187576.48,76.48,0.42,12.0,0.33,15.0,0.51,19.17,0.54,10.0,0.49,19.17,0.46,10.0,0.58,12.0,0.67,15.0,0.09,0.09,43.328869,1776187575000
1776187577.439,77.439,0.42,12.0,0.33,15.0,0.51,19.17,0.54,10.0,0.49,19.17,0.46,10.0,0.58,12.0,0.67,15.0,0.09,0.09,43.328245,1776187576000
1776187578.436,78.436,0.42,12.0,0.33,15.0,0.51,19.17,0.54,10.0,0.49,19.17,0.46,10.0,0.58,12.0,0.67,15.0,0.09,0.09,43.33186,1776187577000
1776187578.989,78.989,0.47,15.0,0.46,25.0,0.51,14.17,0.54,10.0,0.49,19.17,0.46,10.0,0.58,12.0,0.67,15.0,0.04,0.09,43.33186,1776187577000
1776187579.638,79.638,0.47,15.0,0.46,25.0,0.51,14.17,0.54,10.0,0.49,14.17,0.46,10.0,0.53,15.0,0.54,25.0,0.04,0.04,43.334756,1776187578000
1776187580.345,80.345,0.47,15.0,0.46,25.0,0.51,14.17,0.54,10.0,0.49,14.17,0.46,10.0,0.53,15.0,0.54,25.0,0.04,0.04,43.334756,1776187579000
1776187581.665,81.665,0.47,15.0,0.46,25.0,0.51,14.17,0.54,10.0,0.49,14.17,0.46,10.0,0.53,15.0,0.54,25.0,0.04,0.04,43.335981,1776187580000
1776187582.277,82.277,0.47,15.0,0.46,25.0,0.51,14.17,0.54,10.0,0.49,14.17,0.46,10.0,0.53,15.0,0.54,25.0,0.04,0.04,43.335461,1776187581000
1776187583.593,83.593,0.47,15.0,0.46,25.0,0.51,14.17,0.54,10.0,0.49,14.17,0.46,10.0,0.53,15.0,0.54,25.0,0.04,0.04,43.334764,1776187582000
1776187584.418,84.418,0.47,15.0,0.46,25.0,0.51,14.17,0.54,10.0,0.49,14.17,0.46,10.0,0.53,15.0,0.54,25.0,0.04,0.04,43.33476,1776187583000
1776187585.649,85.649,0.47,15.0,0.46,25.0,0.51,14.17,0.54,10.0,0.49,14.17,0.46,10.0,0.53,15.0,0.54,25.0,0.04,0.04,43.334872,1776187584000
1776187586.281,86.281,0.47,15.0,0.46,25.0,0.51,14.17,0.54,10.0,0.49,14.17,0.46,10.0,0.53,15.0,0.54,25.0,0.04,0.04,43.331988,1776187585000
1776187587.648,87.648,0.47,15.0,0.46,25.0,0.51,14.17,0.54,10.0,0.49,14.17,0.46,10.0,0.53,15.0,0.54,25.0,0.04,0.04,43.330044,1776187586000
1776187588.507,88.507,0.47,15.0,0.46,25.0,0.51,14.17,0.54,10.0,0.49,14.17,0.46,10.0,0.53,15.0,0.54,25.0,0.04,0.04,43.330044,1776187587000
1776187589.011,89.011,0.47,15.0,0.46,25.0,0.51,14.17,0.54,10.0,0.49,14.17,0.46,10.0,0.53,15.0,0.54,25.0,0.04,0.04,43.331024,1776187588000
1776187590.405,90.405,0.47,15.0,0.46,25.0,0.51,14.17,0.54,10.0,0.49,14.17,0.46,10.0,0.53,15.0,0.54,25.0,0.04,0.04,43.332002,1776187589000
1776187591.056,91.056,0.47,15.0,0.46,25.0,0.51,14.17,0.54,10.0,0.49,14.17,0.46,10.0,0.53,15.0,0.54,25.0,0.04,0.04,43.332002,1776187590000
1776187592.479,92.479,0.47,15.0,0.46,25.0,0.51,14.17,0.54,10.0,0.49,14.17,0.46,10.0,0.53,15.0,0.54,25.0,0.04,0.04,43.331035,1776187591000
1776187593.281,93.281,0.47,15.0,0.46,25.0,0.51,14.17,0.54,10.0,0.49,14.17,0.46,10.0,0.53,15.0,0.54,25.0,0.04,0.04,43.329851,1776187592000
1776187594.553,94.553,0.47,15.0,0.46,25.0,0.51,14.17,0.54,10.0,0.49,14.17,0.46,10.0,0.53,15.0,0.54,25.0,0.04,0.04,43.327892,1776187593000
1776187595.441,95.441,0.47,15.0,0.46,25.0,0.51,14.17,0.54,10.0,0.49,14.17,0.46,10.0,0.53,15.0,0.54,25.0,0.04,0.04,43.327892,1776187594000
1776187596.012,96.012,0.47,15.0,0.46,25.0,0.51,14.17,0.54,10.0,0.49,14.17,0.46,10.0,0.53,15.0,0.54,25.0,0.04,0.04,43.327892,1776187595000
1776187597.264,97.264,0.47,15.0,0.46,25.0,0.51,14.17,0.54,10.0,0.49,14.17,0.46,10.0,0.53,15.0,0.54,25.0,0.04,0.04,43.328473,1776187596000
1776187598.187,98.187,0.47,15.0,0.46,25.0,0.51,14.17,0.54,10.0,0.49,14.17,0.46,10.0,0.53,15.0,0.54,25.0,0.04,0.04,43.328766,1776187597000
1776187599.293,99.293,0.47,15.0,0.46,25.0,0.51,14.17,0.54,10.0,0.49,14.17,0.46,10.0,0.53,15.0,0.54,25.0,0.04,0.04,43.328766,1776187598000
1776187600.38,100.38,0.47,15.0,0.46,25.0,0.51,14.17,0.54,10.0,0.49,14.17,0.46,10.0,0.53,15.0,0.54,25.0,0.04,0.04,43.328398,1776187599000
1776187601.336,101.336,0.47,15.0,0.46,25.0,0.51,14.17,0.54,10.0,0.49,14.17,0.46,10.0,0.53,15.0,0.54,25.0,0.04,0.04,43.328262,1776187600000
1776187602.372,102.372,0.47,15.0,0.46,25.0,0.51,14.17,0.54,10.0,0.49,14.17,0.46,10.0,0.53,15.0,0.54,25.0,0.04,0.04,43.328263,1776187601000
1776187603.007,103.007,0.47,15.0,0.46,25.0,0.51,14.17,0.54,10.0,0.49,14.17,0.46,10.0,0.53,15.0,0.54,25.0,0.04,0.04,43.328263,1776187602000
1776187603.942,103.942,0.47,15.0,0.46,25.0,0.51,14.17,0.54,10.0,0.49,14.17,0.46,10.0,0.53,15.0,0.54,25.0,0.04,0.04,43.328263,1776187603000
1776187605.038,105.038,0.47,15.0,0.46,25.0,0.51,14.17,0.54,10.0,0.49,14.17,0.46,10.0,0.53,15.0,0.54,25.0,0.04,0.04,43.328569,1776187604000
1776187605.618,105.618,0.42,2.0,0.28,20.0,0.49,31.0,0.51,29.17,0.49,14.17,0.46,10.0,0.53,15.0,0.54,25.0,0.07,0.04,43.328569,1776187604000
1776187606.083,106.083,0.42,2.0,0.28,20.0,0.49,31.0,0.51,29.17,0.51,31.0,0.49,29.17,0.58,2.0,0.72,20.0,0.07,0.07,43.328696,1776187605000
1776187606.55,106.55,0.27,15.0,0.26,15.0,0.43,23.0,0.44,5.0,0.51,31.0,0.49,29.17,0.58,2.0,0.72,20.0,0.16,0.07,43.328696,1776187605000
1776187607.089,107.089,0.27,15.0,0.26,15.0,0.43,23.0,0.44,5.0,0.57,23.0,0.56,5.0,0.73,15.0,0.74,15.0,0.16,0.16,43.327688,1776187606000
1776187608.065,108.065,0.27,15.0,0.26,15.0,0.43,23.0,0.44,5.0,0.57,23.0,0.56,5.0,0.73,15.0,0.74,15.0,0.16,0.16,43.317974,1776187607000
1776187609.192,109.192,0.27,15.0,0.26,15.0,0.43,23.0,0.44,5.0,0.57,23.0,0.56,5.0,0.73,15.0,0.74,15.0,0.16,0.16,43.31176,1776187608000
1776187610.349,110.349,0.27,15.0,0.26,15.0,0.43,23.0,0.44,5.0,0.57,23.0,0.56,5.0,0.73,15.0,0.74,15.0,0.16,0.16,43.308715,1776187609000
1776187611.478,111.478,0.27,15.0,0.26,15.0,0.43,23.0,0.44,5.0,0.57,23.0,0.56,5.0,0.73,15.0,0.74,15.0,0.16,0.16,43.305859,1776187610000
1776187612.141,112.141,0.27,15.0,0.26,15.0,0.43,23.0,0.44,5.0,0.57,23.0,0.56,5.0,0.73,15.0,0.74,15.0,0.16,0.16,43.303567,1776187611000
1776187613.081,113.081,0.27,15.0,0.26,15.0,0.43,23.0,0.44,5.0,0.57,23.0,0.56,5.0,0.73,15.0,0.74,15.0,0.16,0.16,43.301587,1776187612000
1776187614.25,114.25,0.27,15.0,0.26,15.0,0.43,23.0,0.44,5.0,0.57,23.0,0.56,5.0,0.73,15.0,0.74,15.0,0.16,0.16,43.299673,1776187613000
1776187615.351,115.351,0.27,15.0,0.26,15.0,0.43,23.0,0.44,5.0,0.57,23.0,0.56,5.0,0.73,15.0,0.74,15.0,0.16,0.16,43.299673,1776187614000
1776187615.929,115.929,0.27,15.0,0.26,15.0,0.43,23.0,0.44,5.0,0.57,23.0,0.56,5.0,0.73,15.0,0.74,15.0,0.16,0.16,43.299251,1776187615000
1776187617.068,117.068,0.27,15.0,0.26,15.0,0.43,23.0,0.44,5.0,0.57,23.0,0.56,5.0,0.73,15.0,0.74,15.0,0.16,0.16,43.299339,1776187616000
1776187618.235,118.235,0.27,15.0,0.26,15.0,0.43,23.0,0.44,5.0,0.57,23.0,0.56,5.0,0.73,15.0,0.74,15.0,0.16,0.16,43.299321,1776187617000
1776187619.404,119.404,0.27,15.0,0.26,15.0,0.43,23.0,0.44,5.0,0.57,23.0,0.56,5.0,0.73,15.0,0.74,15.0,0.16,0.16,43.299684,1776187618000
1776187619.917,119.917,0.27,15.0,0.26,15.0,0.43,23.0,0.44,5.0,0.57,23.0,0.56,5.0,0.73,15.0,0.74,15.0,0.16,0.16,43.299684,1776187619000
1776187621.124,121.124,0.27,15.0,0.26,15.0,0.43,23.0,0.44,5.0,0.57,23.0,0.56,5.0,0.73,15.0,0.74,15.0,0.16,0.16,43.299653,1776187620000
1776187622.168,122.168,0.27,15.0,0.26,15.0,0.43,23.0,0.44,5.0,0.57,23.0,0.56,5.0,0.73,15.0,0.74,15.0,0.16,0.16,43.299373,1776187621000
1776187623.674,123.674,0.27,15.0,0.26,15.0,0.43,23.0,0.44,5.0,0.57,23.0,0.56,5.0,0.73,15.0,0.74,15.0,0.16,0.16,43.299144,1776187622000
1776187624.19,124.19,0.27,15.0,0.26,15.0,0.43,23.0,0.44,5.0,0.57,23.0,0.56,5.0,0.73,15.0,0.74,15.0,0.16,0.16,43.297663,1776187623000
1776187625.162,125.162,0.27,15.0,0.26,15.0,0.43,23.0,0.44,5.0,0.57,23.0,0.56,5.0,0.73,15.0,0.74,15.0,0.16,0.16,43.297964,1776187624000
1776187626.096,126.096,0.27,15.0,0.26,15.0,0.43,23.0,0.44,5.0,0.57,23.0,0.56,5.0,0.73,15.0,0.74,15.0,0.16,0.16,43.298236,1776187625000
1776187630.978,130.978,0.27,15.0,0.26,15.0,0.43,23.0,0.44,5.0,0.57,23.0,0.56,5.0,0.73,15.0,0.74,15.0,0.16,0.16,43.298537,1776187626000
1776187632.119,132.119,0.27,15.0,0.26,15.0,0.43,23.0,0.44,5.0,0.57,23.0,0.56,5.0,0.73,15.0,0.74,15.0,0.16,0.16,43.30012,1776187631000
1776187632.975,132.975,0.27,15.0,0.26,15.0,0.43,23.0,0.44,5.0,0.57,23.0,0.56,5.0,0.73,15.0,0.74,15.0,0.16,0.16,43.305648,1776187632000
1776187633.945,133.945,0.27,15.0,0.26,15.0,0.43,23.0,0.44,5.0,0.57,23.0,0.56,5.0,0.73,15.0,0.74,15.0,0.16,0.16,43.306421,1776187633000
1776187634.896,134.896,0.27,15.0,0.26,15.0,0.43,23.0,0.44,5.0,0.57,23.0,0.56,5.0,0.73,15.0,0.74,15.0,0.16,0.16,43.307484,1776187634000
1776187636.452,136.452,0.27,15.0,0.26,15.0,0.43,23.0,0.44,5.0,0.57,23.0,0.56,5.0,0.73,15.0,0.74,15.0,0.16,0.16,43.306536,1776187635000
1776187636.955,136.955,0.27,15.0,0.26,15.0,0.43,23.0,0.44,5.0,0.57,23.0,0.56,5.0,0.73,15.0,0.74,15.0,0.16,0.16,43.308685,1776187636000
1776187638.308,138.308,0.27,15.0,0.26,15.0,0.43,23.0,0.44,5.0,0.57,23.0,0.56,5.0,0.73,15.0,0.74,15.0,0.16,0.16,43.30854,1776187637000
1776187639.299,139.299,0.27,15.0,0.26,15.0,0.43,23.0,0.44,5.0,0.57,23.0,0.56,5.0,0.73,15.0,0.74,15.0,0.16,0.16,43.308541,1776187638000
1776187640.362,140.362,0.27,15.0,0.26,15.0,0.43,23.0,0.44,5.0,0.57,23.0,0.56,5.0,0.73,15.0,0.74,15.0,0.16,0.16,43.30884,1776187639000
1776187641.29,141.29,0.27,15.0,0.26,15.0,0.43,23.0,0.44,5.0,0.57,23.0,0.56,5.0,0.73,15.0,0.74,15.0,0.16,0.16,43.308924,1776187640000
1776187642.324,142.324,0.27,15.0,0.26,15.0,0.43,23.0,0.44,5.0,0.57,23.0,0.56,5.0,0.73,15.0,0.74,15.0,0.16,0.16,43.3083,1776187641000
1776187643.391,143.391,0.27,15.0,0.26,15.0,0.43,23.0,0.44,5.0,0.57,23.0,0.56,5.0,0.73,15.0,0.74,15.0,0.16,0.16,43.308542,1776187642000
1776187644.318,144.318,0.27,15.0,0.26,15.0,0.43,23.0,0.44,5.0,0.57,23.0,0.56,5.0,0.73,15.0,0.74,15.0,0.16,0.16,43.309331,1776187643000
1776187645.252,145.252,0.27,15.0,0.26,15.0,0.43,23.0,0.44,5.0,0.57,23.0,0.56,5.0,0.73,15.0,0.74,15.0,0.16,0.16,43.308412,1776187644000
1776187646.237,146.237,0.27,15.0,0.26,15.0,0.43,23.0,0.44,5.0,0.57,23.0,0.56,5.0,0.73,15.0,0.74,15.0,0.16,0.16,43.307656,1776187645000
1776187647.15,147.15,0.27,15.0,0.26,15.0,0.43,23.0,0.44,5.0,0.57,23.0,0.56,5.0,0.73,15.0,0.74,15.0,0.16,0.16,43.308413,1776187646000
1776187648.211,148.211,0.27,15.0,0.26,15.0,0.43,23.0,0.44,5.0,0.57,23.0,0.56,5.0,0.73,15.0,0.74,15.0,0.16,0.16,43.308627,1776187647000
1776187649.041,149.041,0.27,15.0,0.26,15.0,0.43,23.0,0.44,5.0,0.57,23.0,0.56,5.0,0.73,15.0,0.74,15.0,0.16,0.16,43.308603,1776187648000
1776187650.204,150.204,0.27,15.0,0.26,15.0,0.43,23.0,0.44,5.0,0.57,23.0,0.56,5.0,0.73,15.0,0.74,15.0,0.16,0.16,43.308116,1776187649000
1776187651.246,151.246,0.27,15.0,0.26,15.0,0.43,23.0,0.44,5.0,0.57,23.0,0.56,5.0,0.73,15.0,0.74,15.0,0.16,0.16,43.307988,1776187650000
1776187652.406,152.406,0.27,15.0,0.26,15.0,0.43,23.0,0.44,5.0,0.57,23.0,0.56,5.0,0.73,15.0,0.74,15.0,0.16,0.16,43.297557,1776187651000
1776187653.384,153.384,0.27,15.0,0.26,15.0,0.43,23.0,0.44,5.0,0.57,23.0,0.56,5.0,0.73,15.0,0.74,15.0,0.16,0.16,43.280499,1776187652000
1776187654.003,154.003,0.27,15.0,0.26,15.0,0.43,23.0,0.44,5.0,0.57,23.0,0.56,5.0,0.73,15.0,0.74,15.0,0.16,0.16,43.278527,1776187653000
1776187655.118,155.118,0.27,15.0,0.26,15.0,0.43,23.0,0.44,5.0,0.57,23.0,0.56,5.0,0.73,15.0,0.74,15.0,0.16,0.16,43.2726,1776187654000
1776187656.141,156.141,0.27,15.0,0.26,15.0,0.43,23.0,0.44,5.0,0.57,23.0,0.56,5.0,0.73,15.0,0.74,15.0,0.16,0.16,43.274353,1776187655000
1776187657.113,157.113,0.27,15.0,0.26,15.0,0.43,23.0,0.44,5.0,0.57,23.0,0.56,5.0,0.73,15.0,0.74,15.0,0.16,0.16,43.273215,1776187656000
1776187658.17,158.17,0.27,15.0,0.26,15.0,0.43,23.0,0.44,5.0,0.57,23.0,0.56,5.0,0.73,15.0,0.74,15.0,0.16,0.16,43.274017,1776187657000
1776187659.223,159.223,0.27,15.0,0.26,15.0,0.43,23.0,0.44,5.0,0.57,23.0,0.56,5.0,0.73,15.0,0.74,15.0,0.16,0.16,43.274022,1776187658000
1776187660.378,160.378,0.27,15.0,0.26,15.0,0.43,23.0,0.44,5.0,0.57,23.0,0.56,5.0,0.73,15.0,0.74,15.0,0.16,0.16,43.278951,1776187659000
1776187660.949,160.949,0.27,15.0,0.26,15.0,0.43,23.0,0.44,5.0,0.57,23.0,0.56,5.0,0.73,15.0,0.74,15.0,0.16,0.16,43.281295,1776187660000
1776187661.899,161.899,0.27,15.0,0.26,15.0,0.43,23.0,0.44,5.0,0.57,23.0,0.56,5.0,0.73,15.0,0.74,15.0,0.16,0.16,43.278725,1776187661000
1776187663.408,163.408,0.27,15.0,0.26,15.0,0.43,23.0,0.44,5.0,0.57,23.0,0.56,5.0,0.73,15.0,0.74,15.0,0.16,0.16,43.280673,1776187662000
1776187663.946,163.946,0.27,15.0,0.26,15.0,0.43,23.0,0.44,5.0,0.57,23.0,0.56,5.0,0.73,15.0,0.74,15.0,0.16,0.16,43.280422,1776187663000
1776187665.181,165.181,0.27,15.0,0.26,15.0,0.43,23.0,0.44,5.0,0.57,23.0,0.56,5.0,0.73,15.0,0.74,15.0,0.16,0.16,43.280415,1776187664000
1776187666.309,166.309,0.21,15.0,0.2,15.0,0.24,5.0,0.36,7.0,0.57,23.0,0.56,5.0,0.73,15.0,0.74,15.0,0.03,0.16,43.280415,1776187664000
1776187666.644,166.644,0.24,5.0,0.21,15.0,0.32,7.0,0.39,15.0,0.76,5.0,0.64,7.0,0.79,15.0,0.8,15.0,0.08,0.03,43.282353,1776187665000
1776187667.451,167.451,0.24,5.0,0.21,15.0,0.32,7.0,0.39,15.0,0.68,7.0,0.61,15.0,0.76,5.0,0.79,15.0,0.08,0.08,43.293102,1776187666000
1776187668.022,168.022,0.24,5.0,0.21,15.0,0.32,7.0,0.39,15.0,0.68,7.0,0.61,15.0,0.76,5.0,0.79,15.0,0.08,0.08,43.295846,1776187667000
1776187669.081,169.081,0.24,5.0,0.21,15.0,0.32,7.0,0.39,15.0,0.68,7.0,0.61,15.0,0.76,5.0,0.79,15.0,0.08,0.08,43.298773,1776187668000
1776187670.277,170.277,0.24,5.0,0.21,15.0,0.32,7.0,0.39,15.0,0.68,7.0,0.61,15.0,0.76,5.0,0.79,15.0,0.08,0.08,43.299554,1776187669000
1776187671.608,171.608,0.24,5.0,0.21,15.0,0.32,7.0,0.39,15.0,0.68,7.0,0.61,15.0,0.76,5.0,0.79,15.0,0.08,0.08,43.299661,1776187670000
1776187672.02,172.02,0.24,5.0,0.21,15.0,0.32,7.0,0.39,15.0,0.68,7.0,0.61,15.0,0.76,5.0,0.79,15.0,0.08,0.08,43.299696,1776187671000
1776187672.603,172.603,0.24,10.0,0.19,41.0,0.41,23.34,0.42,15.0,0.68,7.0,0.61,15.0,0.76,5.0,0.79,15.0,0.17,0.08,43.299696,1776187671000
1776187673.146,173.146,0.24,10.0,0.19,41.0,0.41,23.34,0.42,15.0,0.59,23.34,0.58,15.0,0.76,10.0,0.81,41.0,0.17,0.17,43.299539,1776187672000
1776187674.299,174.299,0.24,10.0,0.19,41.0,0.41,23.34,0.42,15.0,0.59,23.34,0.58,15.0,0.76,10.0,0.81,41.0,0.17,0.17,43.301813,1776187673000
1776187675.356,175.356,0.24,10.0,0.19,41.0,0.41,23.34,0.42,15.0,0.59,23.34,0.58,15.0,0.76,10.0,0.81,41.0,0.17,0.17,43.307105,1776187674000
1776187676.525,176.525,0.24,10.0,0.19,41.0,0.41,23.34,0.42,15.0,0.59,23.34,0.58,15.0,0.76,10.0,0.81,41.0,0.17,0.17,43.310836,1776187675000
1776187677.783,177.783,0.24,10.0,0.19,41.0,0.41,23.34,0.42,15.0,0.59,23.34,0.58,15.0,0.76,10.0,0.81,41.0,0.17,0.17,43.310838,1776187676000
1776187678.488,178.488,0.24,10.0,0.19,41.0,0.41,23.34,0.42,15.0,0.59,23.34,0.58,15.0,0.76,10.0,0.81,41.0,0.17,0.17,43.31222,1776187677000
1776187678.981,178.981,0.24,10.0,0.19,41.0,0.41,23.34,0.42,15.0,0.59,23.34,0.58,15.0,0.76,10.0,0.81,41.0,0.17,0.17,43.310771,1776187678000
1776187680.106,180.106,0.24,10.0,0.19,41.0,0.41,23.34,0.42,15.0,0.59,23.34,0.58,15.0,0.76,10.0,0.81,41.0,0.17,0.17,43.307591,1776187679000
1776187681.241,181.241,0.24,10.0,0.19,41.0,0.41,23.34,0.42,15.0,0.59,23.34,0.58,15.0,0.76,10.0,0.81,41.0,0.17,0.17,43.302058,1776187680000
1776187682.282,182.282,0.24,6.0,0.15,15.0,0.32,36.0,0.33,15.0,0.59,23.34,0.58,15.0,0.76,10.0,0.81,41.0,0.08,0.17,43.302058,1776187680000
1776187683.854,183.854,0.24,6.0,0.15,15.0,0.32,36.0,0.33,15.0,0.68,36.0,0.67,15.0,0.76,6.0,0.85,15.0,0.08,0.08,43.298575,1776187682000
1776187684.371,184.371,0.24,6.0,0.15,15.0,0.32,36.0,0.33,15.0,0.68,36.0,0.67,15.0,0.76,6.0,0.85,15.0,0.08,0.08,43.298013,1776187683000
1776187684.64,184.64,0.15,15.0,0.14,15.0,0.26,10.0,0.28,15.0,0.74,10.0,0.72,15.0,0.76,1.0,0.85,15.0,0.11,0.02,43.298013,1776187683000
1776187685.093,185.093,0.15,15.0,0.14,15.0,0.26,10.0,0.28,15.0,0.74,10.0,0.72,15.0,0.85,15.0,0.86,15.0,0.11,0.11,43.298013,1776187684000
1776187685.998,185.998,0.15,15.0,0.14,15.0,0.26,10.0,0.28,15.0,0.74,10.0,0.72,15.0,0.85,15.0,0.86,15.0,0.11,0.11,43.295371,1776187685000
1776187687.1,187.1,0.15,15.0,0.14,15.0,0.26,10.0,0.28,15.0,0.74,10.0,0.72,15.0,0.85,15.0,0.86,15.0,0.11,0.11,43.294711,1776187686000
1776187688.193,188.193,0.15,15.0,0.14,15.0,0.26,10.0,0.28,15.0,0.74,10.0,0.72,15.0,0.85,15.0,0.86,15.0,0.11,0.11,43.287975,1776187687000
1776187689.401,189.401,0.15,15.0,0.14,15.0,0.26,10.0,0.28,15.0,0.74,10.0,0.72,15.0,0.85,15.0,0.86,15.0,0.11,0.11,43.282802,1776187688000
1776187690.46,190.46,0.15,15.0,0.14,15.0,0.26,10.0,0.28,15.0,0.74,10.0,0.72,15.0,0.85,15.0,0.86,15.0,0.11,0.11,43.282076,1776187689000
1776187690.931,190.931,0.15,15.0,0.14,15.0,0.26,10.0,0.28,15.0,0.74,10.0,0.72,15.0,0.85,15.0,0.86,15.0,0.11,0.11,43.280136,1776187690000
1776187692.066,192.066,0.15,15.0,0.14,15.0,0.26,10.0,0.28,15.0,0.74,10.0,0.72,15.0,0.85,15.0,0.86,15.0,0.11,0.11,43.279603,1776187691000
1776187693.631,193.631,0.15,15.0,0.14,15.0,0.26,10.0,0.28,15.0,0.74,10.0,0.72,15.0,0.85,15.0,0.86,15.0,0.11,0.11,43.280514,1776187692000
1776187694.441,194.441,0.15,15.0,0.14,15.0,0.26,10.0,0.28,15.0,0.74,10.0,0.72,15.0,0.85,15.0,0.86,15.0,0.11,0.11,43.280041,1776187693000
1776187694.946,194.946,0.15,15.0,0.14,15.0,0.26,10.0,0.28,15.0,0.74,10.0,0.72,15.0,0.85,15.0,0.86,15.0,0.11,0.11,43.280069,1776187694000
1776187696.187,196.187,0.15,15.0,0.14,15.0,0.26,10.0,0.28,15.0,0.74,10.0,0.72,15.0,0.85,15.0,0.86,15.0,0.11,0.11,43.280589,1776187695000
1776187697.218,197.218,0.15,15.0,0.14,15.0,0.26,10.0,0.28,15.0,0.74,10.0,0.72,15.0,0.85,15.0,0.86,15.0,0.11,0.11,43.28041,1776187696000
1776187698.346,198.346,0.15,15.0,0.14,15.0,0.26,10.0,0.28,15.0,0.74,10.0,0.72,15.0,0.85,15.0,0.86,15.0,0.11,0.11,43.280125,1776187697000
1776187699.603,199.603,0.15,15.0,0.14,15.0,0.26,10.0,0.28,15.0,0.74,10.0,0.72,15.0,0.85,15.0,0.86,15.0,0.11,0.11,43.280166,1776187698000
1776187700.045,200.045,0.15,15.0,0.14,15.0,0.26,10.0,0.28,15.0,0.74,10.0,0.72,15.0,0.85,15.0,0.86,15.0,0.11,0.11,43.280286,1776187699000
1776187701.599,201.599,0.15,15.0,0.14,15.0,0.26,10.0,0.28,15.0,0.74,10.0,0.72,15.0,0.85,15.0,0.86,15.0,0.11,0.11,43.279521,1776187700000
1776187701.891,201.891,0.15,15.0,0.14,15.0,0.26,10.0,0.28,15.0,0.74,10.0,0.72,15.0,0.85,15.0,0.86,15.0,0.11,0.11,43.277626,1776187701000
1776187703.195,203.195,0.15,15.0,0.14,15.0,0.26,10.0,0.28,15.0,0.74,10.0,0.72,15.0,0.85,15.0,0.86,15.0,0.11,0.11,43.275557,1776187702000
1776187704.352,204.352,0.15,15.0,0.14,15.0,0.26,10.0,0.28,15.0,0.74,10.0,0.72,15.0,0.85,15.0,0.86,15.0,0.11,0.11,43.273886,1776187703000
1776187705.407,205.407,0.15,15.0,0.14,15.0,0.26,10.0,0.28,15.0,0.74,10.0,0.72,15.0,0.85,15.0,0.86,15.0,0.11,0.11,43.282391,1776187704000
1776187705.94,205.94,0.15,15.0,0.14,15.0,0.26,10.0,0.28,15.0,0.74,10.0,0.72,15.0,0.85,15.0,0.86,15.0,0.11,0.11,43.285361,1776187705000
1776187707.135,207.135,0.15,15.0,0.14,15.0,0.26,10.0,0.28,15.0,0.74,10.0,0.72,15.0,0.85,15.0,0.86,15.0,0.11,0.11,43.290111,1776187706000
1776187708.894,208.894,0.15,15.0,0.14,15.0,0.26,10.0,0.28,15.0,0.74,10.0,0.72,15.0,0.85,15.0,0.86,15.0,0.11,0.11,43.290721,1776187707000
1776187709.566,209.566,0.15,15.0,0.14,15.0,0.26,10.0,0.28,15.0,0.74,10.0,0.72,15.0,0.85,15.0,0.86,15.0,0.11,0.11,43.29087,1776187708000
1776187710.044,210.044,0.15,15.0,0.14,15.0,0.26,10.0,0.28,15.0,0.74,10.0,0.72,15.0,0.85,15.0,0.86,15.0,0.11,0.11,43.29087,1776187709000
1776187710.736,210.736,0.15,9.95,0.14,15.0,0.2,6.0,0.23,15.0,0.74,10.0,0.72,15.0,0.85,15.0,0.86,15.0,0.05,0.11,43.29087,1776187709000
1776187711.0,211.0,0.15,4.9,0.14,15.0,0.2,6.0,0.23,15.0,0.8,6.0,0.77,15.0,0.85,4.9,0.86,15.0,0.05,0.05,43.291558,1776187710000
1776187712.145,212.145,0.15,4.9,0.14,15.0,0.2,6.0,0.23,15.0,0.8,6.0,0.77,15.0,0.85,4.9,0.86,15.0,0.05,0.05,43.29156,1776187711000
1776187713.241,213.241,0.15,4.9,0.14,15.0,0.2,6.0,0.23,15.0,0.8,6.0,0.77,15.0,0.85,4.9,0.86,15.0,0.05,0.05,43.29131,1776187712000
1776187714.255,214.255,0.15,4.9,0.14,15.0,0.2,6.0,0.23,15.0,0.8,6.0,0.77,15.0,0.85,4.9,0.86,15.0,0.05,0.05,43.290082,1776187713000
1776187715.347,215.347,0.15,4.9,0.14,15.0,0.2,6.0,0.23,15.0,0.8,6.0,0.77,15.0,0.85,4.9,0.86,15.0,0.05,0.05,43.28955,1776187714000
1776187716.334,216.334,0.15,4.9,0.14,15.0,0.2,6.0,0.23,15.0,0.8,6.0,0.77,15.0,0.85,4.9,0.86,15.0,0.05,0.05,43.284618,1776187715000
1776187716.843,216.843,0.15,4.9,0.14,15.0,0.2,6.0,0.23,15.0,0.8,6.0,0.77,15.0,0.85,4.9,0.86,15.0,0.05,0.05,43.284618,1776187716000
1776187717.912,217.912,0.15,4.9,0.14,15.0,0.2,6.0,0.23,15.0,0.8,6.0,0.77,15.0,0.85,4.9,0.86,15.0,0.05,0.05,43.282247,1776187717000
1776187718.961,218.961,0.15,4.9,0.14,15.0,0.2,6.0,0.23,15.0,0.8,6.0,0.77,15.0,0.85,4.9,0.86,15.0,0.05,0.05,43.28113,1776187718000
1776187719.889,219.889,0.07,12.84,0.06,15.0,0.12,20.0,0.13,15.0,0.8,6.0,0.77,15.0,0.85,4.9,0.86,15.0,0.05,0.05,43.28113,1776187718000
1776187721.059,221.059,0.07,12.84,0.06,15.0,0.12,20.0,0.13,15.0,0.88,20.0,0.87,15.0,0.93,12.84,0.94,15.0,0.05,0.05,43.278812,1776187720000
1776187722.316,222.316,0.06,12.87,0.05,15.0,0.12,20.0,0.13,15.0,0.88,20.0,0.87,15.0,0.93,12.84,0.94,15.0,0.06,0.05,43.278812,1776187720000
1776187723.025,223.025,0.06,12.87,0.05,15.0,0.12,20.0,0.13,15.0,0.88,20.0,0.87,15.0,0.94,12.87,0.95,15.0,0.06,0.06,43.278167,1776187721000
1776187724.017,224.017,0.06,12.87,0.05,15.0,0.12,20.0,0.13,15.0,0.88,20.0,0.87,15.0,0.94,12.87,0.95,15.0,0.06,0.06,43.278089,1776187722000
1776187724.698,224.698,0.06,12.87,0.05,15.0,0.12,20.0,0.13,15.0,0.88,20.0,0.87,15.0,0.94,12.87,0.95,15.0,0.06,0.06,43.278087,1776187723000
1776187725.48,225.48,0.06,12.87,0.05,15.0,0.12,20.0,0.13,15.0,0.88,20.0,0.87,15.0,0.94,12.87,0.95,15.0,0.06,0.06,43.278087,1776187724000
1776187726.176,226.176,0.06,12.87,0.05,15.0,0.12,20.0,0.13,15.0,0.88,20.0,0.87,15.0,0.94,12.87,0.95,15.0,0.06,0.06,43.278547,1776187725000
1776187727.747,227.747,0.06,12.87,0.05,15.0,0.12,20.0,0.13,15.0,0.88,20.0,0.87,15.0,0.94,12.87,0.95,15.0,0.06,0.06,43.28475,1776187726000
1776187728.416,228.416,0.06,12.87,0.05,15.0,0.12,20.0,0.13,15.0,0.88,20.0,0.87,15.0,0.94,12.87,0.95,15.0,0.06,0.06,43.285181,1776187727000
1776187729.199,229.199,0.06,12.87,0.05,15.0,0.12,20.0,0.13,15.0,0.88,20.0,0.87,15.0,0.94,12.87,0.95,15.0,0.06,0.06,43.281345,1776187728000
1776187730.557,230.557,0.06,12.87,0.05,15.0,0.12,20.0,0.13,15.0,0.88,20.0,0.87,15.0,0.94,12.87,0.95,15.0,0.06,0.06,43.280469,1776187729000
1776187731.147,231.147,0.06,12.87,0.05,15.0,0.12,20.0,0.13,15.0,0.88,20.0,0.87,15.0,0.94,12.87,0.95,15.0,0.06,0.06,43.279884,1776187730000
1776187732.404,232.404,0.06,12.87,0.05,15.0,0.12,20.0,0.13,15.0,0.88,20.0,0.87,15.0,0.94,12.87,0.95,15.0,0.06,0.06,43.277892,1776187731000
1776187733.287,233.287,0.06,12.87,0.05,15.0,0.12,20.0,0.13,15.0,0.88,20.0,0.87,15.0,0.94,12.87,0.95,15.0,0.06,0.06,43.277892,1776187732000
1776187734.432,234.432,0.06,12.87,0.05,15.0,0.12,20.0,0.13,15.0,0.88,20.0,0.87,15.0,0.94,12.87,0.95,15.0,0.06,0.06,43.278126,1776187733000
1776187735.167,235.167,0.06,12.87,0.05,15.0,0.12,20.0,0.13,15.0,0.88,20.0,0.87,15.0,0.94,12.87,0.95,15.0,0.06,0.06,43.278427,1776187734000
1776187736.752,236.752,0.06,12.87,0.05,15.0,0.12,20.0,0.13,15.0,0.88,20.0,0.87,15.0,0.94,12.87,0.95,15.0,0.06,0.06,43.278564,1776187735000
1776187737.628,237.628,0.06,12.87,0.05,15.0,0.12,20.0,0.13,15.0,0.88,20.0,0.87,15.0,0.94,12.87,0.95,15.0,0.06,0.06,43.278503,1776187736000
1776187738.318,238.318,0.06,12.87,0.05,15.0,0.12,20.0,0.13,15.0,0.88,20.0,0.87,15.0,0.94,12.87,0.95,15.0,0.06,0.06,43.278443,1776187737000
1776187739.442,239.442,0.06,12.87,0.05,15.0,0.12,20.0,0.13,15.0,0.88,20.0,0.87,15.0,0.94,12.87,0.95,15.0,0.06,0.06,43.278439,1776187738000
1776187740.119,240.119,0.06,12.87,0.05,15.0,0.12,20.0,0.13,15.0,0.88,20.0,0.87,15.0,0.94,12.87,0.95,15.0,0.06,0.06,43.278424,1776187739000
1776187741.407,241.407,0.06,12.87,0.05,15.0,0.12,20.0,0.13,15.0,0.88,20.0,0.87,15.0,0.94,12.87,0.95,15.0,0.06,0.06,43.278424,1776187740000
1776187741.858,241.858,0.04,6.66,0.03,15.0,0.08,15.0,0.09,15.0,0.88,20.0,0.87,15.0,0.94,12.87,0.95,15.0,0.04,0.06,43.278424,1776187740000
1776187742.538,242.538,0.04,1.5,0.03,15.0,0.08,15.0,0.09,15.0,0.92,15.0,0.91,15.0,0.96,6.66,0.97,15.0,0.04,0.04,43.278424,1776187740000
1776187743.288,243.288,0.04,1.5,0.03,15.0,0.08,15.0,0.09,15.0,0.92,15.0,0.91,15.0,0.96,1.5,0.97,15.0,0.04,0.04,43.278312,1776187742000
1776187744.937,244.937,0.04,1.5,0.03,15.0,0.08,15.0,0.09,15.0,0.92,15.0,0.91,15.0,0.96,1.5,0.97,15.0,0.04,0.04,43.275315,1776187743000
1776187745.667,245.667,0.04,1.5,0.03,15.0,0.08,15.0,0.09,15.0,0.92,15.0,0.91,15.0,0.96,1.5,0.97,15.0,0.04,0.04,43.275315,1776187744000
1776187746.473,246.473,0.04,1.5,0.03,15.0,0.08,15.0,0.09,15.0,0.92,15.0,0.91,15.0,0.96,1.5,0.97,15.0,0.04,0.04,43.275284,1776187745000
1776187747.225,247.225,0.04,1.5,0.03,15.0,0.08,15.0,0.09,15.0,0.92,15.0,0.91,15.0,0.96,1.5,0.97,15.0,0.04,0.04,43.275259,1776187746000
1776187748.591,248.591,0.04,1.5,0.03,15.0,0.08,15.0,0.09,15.0,0.92,15.0,0.91,15.0,0.96,1.5,0.97,15.0,0.04,0.04,43.274116,1776187747000
1776187749.292,249.292,0.04,1.5,0.03,15.0,0.08,15.0,0.09,15.0,0.92,15.0,0.91,15.0,0.96,1.5,0.97,15.0,0.04,0.04,43.274205,1776187748000
1776187750.674,250.674,0.04,1.5,0.03,15.0,0.08,15.0,0.09,15.0,0.92,15.0,0.91,15.0,0.96,1.5,0.97,15.0,0.04,0.04,43.273331,1776187749000
1776187751.234,251.234,0.03,13.96,0.02,20.0,0.04,5.0,0.05,5.0,0.92,15.0,0.91,15.0,0.96,1.5,0.97,15.0,0.01,0.04,43.273331,1776187749000
1776187752.185,252.185,0.03,13.96,0.02,20.0,0.04,5.0,0.05,5.0,0.96,5.0,0.95,5.0,0.97,13.96,0.98,20.0,0.01,0.01,43.273066,1776187751000
1776187752.495,252.495,0.03,8.78,0.02,20.0,0.04,5.0,0.05,5.0,0.96,5.0,0.95,5.0,0.97,13.96,0.98,20.0,0.01,0.01,43.273066,1776187751000
1776187753.644,253.644,0.03,8.78,0.02,20.0,0.04,5.0,0.05,5.0,0.96,5.0,0.95,5.0,0.97,8.78,0.98,20.0,0.01,0.01,43.272672,1776187752000
1776187754.377,254.377,0.03,8.78,0.02,20.0,0.04,5.0,0.05,5.0,0.96,5.0,0.95,5.0,0.97,8.78,0.98,20.0,0.01,0.01,43.273992,1776187753000
1776187755.16,255.16,0.03,8.78,0.02,20.0,0.04,5.0,0.05,5.0,0.96,5.0,0.95,5.0,0.97,8.78,0.98,20.0,0.01,0.01,43.269848,1776187754000
1776187756.586,256.586,0.03,8.78,0.02,20.0,0.04,5.0,0.05,5.0,0.96,5.0,0.95,5.0,0.97,8.78,0.98,20.0,0.01,0.01,43.268197,1776187755000
1776187756.93,256.93,0.01,200.0,,,0.02,6.89,0.03,20.0,0.97,20.0,0.96,20.0,0.98,3.11,0.99,200.0,0.01,0.01,43.268197,1776187755000
1776187757.237,257.237,0.01,195.0,,,0.02,6.89,0.03,20.0,0.98,6.89,0.97,20.0,0.99,200.0,,,0.01,0.01,43.268197,1776187755000
1776187757.543,257.543,0.01,195.0,,,0.02,1.75,0.03,20.0,0.98,6.89,0.97,20.0,0.99,195.0,,,0.01,0.01,43.266983,1776187756000
1776187758.138,258.138,0.01,195.0,,,0.02,1.75,0.03,20.0,0.98,1.75,0.97,20.0,0.99,195.0,,,0.01,0.01,43.266983,1776187757000
1776187758.383,258.383,0.01,184.9,,,0.02,1.75,0.03,5.0,0.98,1.75,0.97,20.0,0.99,195.0,,,0.01,0.01,43.266983,1776187757000
1776187759.426,259.426,0.01,184.9,,,0.02,1.75,0.03,5.0,0.98,1.75,0.97,5.0,0.99,184.9,,,0.01,0.01,43.266424,1776187758000
1776187760.175,260.175,0.01,179.9,,,0.02,1.75,0.03,20.0,0.98,1.75,0.97,5.0,0.99,184.9,,,0.01,0.01,43.266424,1776187758000
1776187760.656,260.656,0.01,179.9,,,0.02,1.75,0.03,20.0,0.98,1.75,0.97,20.0,0.99,179.9,,,0.01,0.01,43.268702,1776187759000
1776187761.194,261.194,0.01,179.9,,,0.02,1.75,0.03,20.0,0.98,1.75,0.97,20.0,0.99,179.9,,,0.01,0.01,43.268702,1776187760000
1776187762.271,262.271,0.01,179.9,,,0.02,1.75,0.03,20.0,0.98,1.75,0.97,20.0,0.99,179.9,,,0.01,0.01,43.269198,1776187761000
1776187763.088,263.088,0.01,178.81,,,0.02,6.75,0.03,20.0,0.98,1.75,0.97,20.0,0.99,179.9,,,0.01,0.01,43.269198,1776187761000
1776187764.166,264.166,0.01,178.81,,,0.02,6.75,0.03,20.0,0.98,6.75,0.97,20.0,0.99,178.81,,,0.01,0.01,43.268941,1776187763000
1776187765.172,265.172,0.01,178.81,,,0.02,6.75,0.03,20.0,0.98,6.75,0.97,20.0,0.99,178.81,,,0.01,0.01,43.268712,1776187764000
1776187766.087,266.087,0.01,178.81,,,0.02,6.75,0.03,20.0,0.98,6.75,0.97,20.0,0.99,178.81,,,0.01,0.01,43.26813,1776187765000
1776187766.623,266.623,0.01,148.81,,,0.02,16.75,0.03,15.0,0.98,6.75,0.97,20.0,0.99,178.81,,,0.01,0.01,43.26813,1776187765000
1776187767.053,267.053,0.01,148.81,,,0.02,16.75,0.03,15.0,0.98,16.75,0.97,15.0,0.99,148.81,,,0.01,0.01,43.268165,1776187766000
1776187767.861,267.861,0.01,132.79,,,0.02,16.75,0.03,15.0,0.98,16.75,0.97,15.0,0.99,148.81,,,0.01,0.01,43.268165,1776187766000
1776187769.024,269.024,0.01,132.79,,,0.02,16.75,0.03,15.0,0.98,16.75,0.97,15.0,0.99,132.79,,,0.01,0.01,43.269032,1776187768000
1776187770.05,270.05,0.01,132.79,,,0.02,16.75,0.03,15.0,0.98,16.75,0.97,15.0,0.99,132.79,,,0.01,0.01,43.268558,1776187769000
1776187770.714,270.714,0.01,117.64,,,0.02,21.75,0.03,15.0,0.98,16.75,0.97,15.0,0.99,132.79,,,0.01,0.01,43.268558,1776187769000
1776187771.02,271.02,0.01,105.51,,,0.02,21.75,0.03,15.0,0.98,21.75,0.97,15.0,0.99,105.51,,,0.01,0.01,43.268662,1776187770000
1776187771.985,271.985,0.01,105.51,,,0.02,21.75,0.03,15.0,0.98,21.75,0.97,15.0,0.99,105.51,,,0.01,0.01,43.26856,1776187771000
1776187772.31,272.31,0.01,92.51,,,0.02,21.75,0.03,15.0,0.98,21.75,0.97,15.0,0.99,105.51,,,0.01,0.01,43.26856,1776187771000
1776187772.598,272.598,0.01,69.51,,,0.02,21.75,0.03,15.0,0.98,21.75,0.97,15.0,0.99,80.51,,,0.01,0.01,43.26856,1776187771000
1776187772.831,272.831,0.01,56.51,,,0.02,21.75,0.03,15.0,0.98,21.75,0.97,15.0,0.99,69.51,,,0.01,0.01,43.26856,1776187771000
1776187773.407,273.407,0.01,56.51,,,0.02,21.75,0.03,15.0,0.98,21.75,0.97,15.0,0.99,56.51,,,0.01,0.01,43.26857,1776187772000
1776187773.942,273.942,0.01,56.51,,,0.02,21.75,0.03,15.0,0.98,21.75,0.97,15.0,0.99,56.51,,,0.01,0.01,43.268596,1776187773000
1776187775.022,275.022,0.01,56.51,,,0.02,21.75,0.03,15.0,0.98,21.75,0.97,15.0,0.99,56.51,,,0.01,0.01,43.268596,1776187774000
1776187775.339,275.339,0.01,55.49,,,0.02,6.75,0.11,10.0,0.98,21.75,0.97,15.0,0.99,56.51,,,0.01,0.01,43.268596,1776187774000
1776187776.031,276.031,0.01,55.49,,,0.02,6.75,0.11,10.0,0.98,6.75,0.89,10.0,0.99,55.49,,,0.01,0.01,43.268423,1776187775000
1776187777.039,277.039,0.01,55.49,,,0.02,6.75,0.11,10.0,0.98,6.75,0.89,10.0,0.99,55.49,,,0.01,0.01,43.267977,1776187776000
1776187778.14,278.14,0.01,55.49,,,0.02,6.75,0.11,10.0,0.98,6.75,0.89,10.0,0.99,55.49,,,0.01,0.01,43.267995,1776187777000
1776187778.407,278.407,0.01,32.49,,,0.02,6.75,0.11,10.0,0.98,6.75,0.89,10.0,0.99,44.49,,,0.01,0.01,43.267995,1776187777000
1776187779.126,279.126,0.01,32.49,,,0.02,6.75,0.11,10.0,0.98,6.75,0.89,10.0,0.99,32.49,,,0.01,0.01,43.267648,1776187778000
1776187779.492,279.492,0.01,17.96,,,0.02,6.75,0.11,10.0,0.98,6.75,0.89,10.0,0.99,32.49,,,0.01,0.01,43.267648,1776187778000
1776187780.078,280.078,0.01,17.96,,,0.02,6.75,0.11,10.0,0.98,6.75,0.89,10.0,0.99,17.96,,,0.01,0.01,43.267499,1776187779000
1776187781.16,281.16,0.01,17.96,,,0.02,6.75,0.11,10.0,0.98,6.75,0.89,10.0,0.99,17.96,,,0.01,0.01,43.267334,1776187780000
1776187782.224,282.224,0.01,17.96,,,0.02,6.75,0.11,10.0,0.98,6.75,0.89,10.0,0.99,17.96,,,0.01,0.01,43.264211,1776187781000
1776187782.868,282.868,0.01,1.8,,,0.02,6.75,0.11,10.0,0.98,6.75,0.89,10.0,0.99,17.96,,,0.01,0.01,43.264211,1776187781000
1776187783.116,283.116,0.01,1.8,,,0.02,6.75,0.11,10.0,0.98,6.75,0.89,10.0,0.99,1.8,,,0.01,0.01,43.259278,1776187782000
1776187784.205,284.205,0.01,1.8,,,0.02,6.75,0.11,10.0,0.98,6.75,0.89,10.0,0.99,1.8,,,0.01,0.01,43.25413,1776187783000
1776187785.194,285.194,0.01,1.8,,,0.02,6.75,0.11,10.0,0.98,6.75,0.89,10.0,0.99,1.8,,,0.01,0.01,43.253328,1776187784000
1776187785.494,285.494,,,,,0.02,6.75,0.11,10.0,0.98,6.75,0.89,10.0,0.99,1.8,,,,0.01,43.253328,1776187784000
1776187787.531,287.531,,,,,0.02,6.75,0.11,10.0,0.98,6.75,0.89,10.0,,,,,,,43.252764,1776187785000
1776187788.438,288.438,,,,,0.02,6.75,0.11,10.0,0.98,6.75,0.89,10.0,,,,,,,43.255617,1776187787000
1776187789.43,289.43,,,,,0.02,6.75,0.11,10.0,0.98,6.75,0.89,10.0,,,,,,,43.242724,1776187788000
1776187790.37,290.37,,,,,0.02,6.75,0.11,10.0,0.98,6.75,0.89,10.0,,,,,,,43.241096,1776187789000
1776187791.291,291.291,,,,,0.02,6.75,0.11,10.0,0.98,6.75,0.89,10.0,,,,,,,43.240021,1776187790000
1776187793.122,293.122,,,,,0.02,6.75,0.11,10.0,0.98,6.75,0.89,10.0,,,,,,,43.240111,1776187791000
1776187794.114,294.114,,,,,0.02,6.75,0.11,10.0,0.98,6.75,0.89,10.0,,,,,,,43.240613,1776187792000
1776187795.062,295.062,,,,,0.02,6.75,0.11,10.0,0.98,6.75,0.89,10.0,,,,,,,43.240613,1776187793000
1776187795.977,295.977,,,,,0.02,6.75,0.11,10.0,0.98,6.75,0.89,10.0,,,,,,,43.23615,1776187794000
1776187796.753,296.753,,,,,0.02,6.75,0.11,10.0,0.98,6.75,0.89,10.0,,,,,,,43.234887,1776187795000
1776187797.471,297.471,,,,,0.02,6.75,0.11,10.0,0.98,6.75,0.89,10.0,,,,,,,43.232437,1776187796000
1776187798.191,298.191,,,,,0.02,6.75,0.11,10.0,0.98,6.75,0.89,10.0,,,,,,,43.232454,1776187797000
1776187799.566,299.566,,,,,0.02,6.75,0.11,10.0,0.98,6.75,0.89,10.0,,,,,,,43.229581,1776187798000
1776187800.296,300.296,,,,,0.02,6.75,0.11,10.0,0.98,6.75,0.89,10.0,,,,,,,43.22889,1776187799000
1776187801.028,301.028,,,,,0.02,6.75,0.11,10.0,0.98,6.75,0.89,10.0,,,,,,,43.228801,1776187800000
1776187802.611,302.611,,,,,0.02,6.75,0.11,10.0,0.98,6.75,0.89,10.0,,,,,,,43.229241,1776187801000

# RESULT,winner=Down,slug=hype-updown-5m-1776187500,ticks=325
