timestamp,elapsed_sec,up_bid_p1,up_bid_s1,up_bid_p2,up_bid_s2,up_bid_p3,up_bid_s3,up_bid_p4,up_bid_s4,up_bid_p5,up_bid_s5,up_ask_p1,up_ask_s1,up_ask_p2,up_ask_s2,up_ask_p3,up_ask_s3,up_ask_p4,up_ask_s4,up_ask_p5,up_ask_s5,down_bid_p1,down_bid_s1,down_bid_p2,down_bid_s2,down_bid_p3,down_bid_s3,down_bid_p4,down_bid_s4,down_bid_p5,down_bid_s5,down_ask_p1,down_ask_s1,down_ask_p2,down_ask_s2,down_ask_p3,down_ask_s3,down_ask_p4,down_ask_s4,down_ask_p5,down_ask_s5,up_spread,down_spread,hype_price,hype_oracle_ts
1776162601.639,1.639,0.41,13.0,0.4,8.0,0.39,8.0,0.38,8.0,0.37,9.0,0.59,13.0,0.6,8.0,0.61,8.0,0.62,8.0,0.63,9.0,0.41,13.0,0.4,8.0,0.39,8.0,0.38,8.0,0.37,9.0,0.59,13.0,0.6,8.0,0.61,8.0,0.62,8.0,0.63,9.0,0.18,0.18,44.854868,1776162600000
1776162602.282,2.282,0.41,13.0,0.4,8.0,0.39,8.0,0.38,8.0,0.37,9.0,0.59,13.0,0.6,8.0,0.61,8.0,0.62,8.0,0.63,9.0,0.41,13.0,0.4,8.0,0.39,8.0,0.38,8.0,0.37,9.0,0.59,13.0,0.6,8.0,0.61,8.0,0.62,8.0,0.63,9.0,0.18,0.18,44.854644,1776162601000
1776162603.22,3.22,0.41,13.0,0.4,8.0,0.39,8.0,0.38,8.0,0.37,9.0,0.59,13.0,0.6,8.0,0.61,8.0,0.62,8.0,0.63,9.0,0.41,13.0,0.4,8.0,0.39,8.0,0.38,8.0,0.37,9.0,0.59,13.0,0.6,8.0,0.61,8.0,0.62,8.0,0.63,9.0,0.18,0.18,44.854498,1776162602000
1776162604.987,4.987,0.41,13.0,0.4,8.0,0.39,8.0,0.38,8.0,0.37,9.0,0.59,13.0,0.6,8.0,0.61,8.0,0.62,8.0,0.63,9.0,0.41,13.0,0.4,8.0,0.39,8.0,0.38,8.0,0.37,9.0,0.59,13.0,0.6,8.0,0.61,8.0,0.62,8.0,0.63,9.0,0.18,0.18,44.854488,1776162603000
1776162605.766,5.766,0.41,13.0,0.4,8.0,0.39,8.0,0.38,8.0,0.37,9.0,0.59,13.0,0.6,8.0,0.61,8.0,0.62,8.0,0.63,9.0,0.41,13.0,0.4,8.0,0.39,8.0,0.38,8.0,0.37,9.0,0.59,13.0,0.6,8.0,0.61,8.0,0.62,8.0,0.63,9.0,0.18,0.18,44.854174,1776162604000
1776162606.253,6.253,0.41,13.0,0.4,8.0,0.39,8.0,0.38,8.0,0.37,9.0,0.59,13.0,0.6,8.0,0.61,8.0,0.62,8.0,0.63,9.0,0.41,13.0,0.4,8.0,0.39,8.0,0.38,8.0,0.37,9.0,0.59,13.0,0.6,8.0,0.61,8.0,0.62,8.0,0.63,9.0,0.18,0.18,44.854284,1776162605000
1776162607.407,7.407,0.41,13.0,0.4,8.0,0.39,8.0,0.38,8.0,0.37,9.0,0.59,13.0,0.6,8.0,0.61,8.0,0.62,8.0,0.63,9.0,0.41,13.0,0.4,8.0,0.39,8.0,0.38,8.0,0.37,9.0,0.59,13.0,0.6,8.0,0.61,8.0,0.62,8.0,0.63,9.0,0.18,0.18,44.854495,1776162606000
1776162607.882,7.882,0.41,13.0,0.4,8.0,0.39,8.0,0.38,8.0,0.37,9.0,0.59,13.0,0.6,8.0,0.61,8.0,0.62,8.0,0.63,9.0,0.41,13.0,0.4,8.0,0.39,8.0,0.38,8.0,0.37,9.0,0.59,13.0,0.6,8.0,0.61,8.0,0.62,8.0,0.63,9.0,0.18,0.18,44.854426,1776162607000
1776162609.145,9.145,0.41,13.0,0.4,8.0,0.39,8.0,0.38,8.0,0.37,9.0,0.59,13.0,0.6,8.0,0.61,8.0,0.62,8.0,0.63,9.0,0.41,13.0,0.4,8.0,0.39,8.0,0.38,8.0,0.37,9.0,0.59,13.0,0.6,8.0,0.61,8.0,0.62,8.0,0.63,9.0,0.18,0.18,44.854527,1776162608000
1776162610.403,10.403,0.41,13.0,0.4,8.0,0.39,8.0,0.38,8.0,0.37,9.0,0.59,13.0,0.6,8.0,0.61,8.0,0.62,8.0,0.63,9.0,0.41,13.0,0.4,8.0,0.39,8.0,0.38,8.0,0.37,9.0,0.59,13.0,0.6,8.0,0.61,8.0,0.62,8.0,0.63,9.0,0.18,0.18,44.854193,1776162609000
1776162610.958,10.958,0.41,13.0,0.4,8.0,0.39,8.0,0.38,8.0,0.37,9.0,0.59,13.0,0.6,8.0,0.61,8.0,0.62,8.0,0.63,9.0,0.41,13.0,0.4,8.0,0.39,8.0,0.38,8.0,0.37,9.0,0.59,13.0,0.6,8.0,0.61,8.0,0.62,8.0,0.63,9.0,0.18,0.18,44.85433,1776162610000
1776162612.168,12.168,0.41,13.0,0.4,8.0,0.39,8.0,0.38,8.0,0.37,9.0,0.59,13.0,0.6,8.0,0.61,8.0,0.62,8.0,0.63,9.0,0.41,13.0,0.4,8.0,0.39,8.0,0.38,8.0,0.37,9.0,0.59,13.0,0.6,8.0,0.61,8.0,0.62,8.0,0.63,9.0,0.18,0.18,44.854448,1776162611000
1776162614.15,14.15,0.41,13.0,0.4,8.0,0.39,8.0,0.38,8.0,0.37,9.0,0.59,13.0,0.6,8.0,0.61,8.0,0.62,8.0,0.63,9.0,0.41,13.0,0.4,8.0,0.39,8.0,0.38,8.0,0.37,9.0,0.59,13.0,0.6,8.0,0.61,8.0,0.62,8.0,0.63,9.0,0.18,0.18,44.851682,1776162613000
1776162615.298,15.298,0.41,13.0,0.4,8.0,0.39,8.0,0.38,8.0,0.37,9.0,0.59,13.0,0.6,8.0,0.61,8.0,0.62,8.0,0.63,9.0,0.41,13.0,0.4,8.0,0.39,8.0,0.38,8.0,0.37,9.0,0.59,13.0,0.6,8.0,0.61,8.0,0.62,8.0,0.63,9.0,0.18,0.18,44.852734,1776162614000
1776162616.209,16.209,0.41,13.0,0.4,8.0,0.39,8.0,0.38,8.0,0.37,9.0,0.59,13.0,0.6,8.0,0.61,8.0,0.62,8.0,0.63,9.0,0.41,13.0,0.4,8.0,0.39,8.0,0.38,8.0,0.37,9.0,0.59,13.0,0.6,8.0,0.61,8.0,0.62,8.0,0.63,9.0,0.18,0.18,44.852012,1776162615000
1776162617.222,17.222,0.41,13.0,0.4,8.0,0.39,8.0,0.38,8.0,0.37,9.0,0.59,13.0,0.6,8.0,0.61,8.0,0.62,8.0,0.63,9.0,0.41,13.0,0.4,8.0,0.39,8.0,0.38,8.0,0.37,9.0,0.59,13.0,0.6,8.0,0.61,8.0,0.62,8.0,0.63,9.0,0.18,0.18,44.85168,1776162616000
1776162618.275,18.275,0.41,13.0,0.4,8.0,0.39,8.0,0.38,8.0,0.37,9.0,0.59,13.0,0.6,8.0,0.61,8.0,0.62,8.0,0.63,9.0,0.41,13.0,0.4,8.0,0.39,8.0,0.38,8.0,0.37,9.0,0.59,13.0,0.6,8.0,0.61,8.0,0.62,8.0,0.63,9.0,0.18,0.18,44.852167,1776162617000
1776162619.377,19.377,0.41,13.0,0.4,8.0,0.39,8.0,0.38,8.0,0.37,9.0,0.59,13.0,0.6,8.0,0.61,8.0,0.62,8.0,0.63,9.0,0.41,13.0,0.4,8.0,0.39,8.0,0.38,8.0,0.37,9.0,0.59,13.0,0.6,8.0,0.61,8.0,0.62,8.0,0.63,9.0,0.18,0.18,44.851552,1776162618000
1776162620.282,20.282,0.41,13.0,0.4,8.0,0.39,8.0,0.38,8.0,0.37,9.0,0.59,13.0,0.6,8.0,0.61,8.0,0.62,8.0,0.63,9.0,0.41,13.0,0.4,8.0,0.39,8.0,0.38,8.0,0.37,9.0,0.59,13.0,0.6,8.0,0.61,8.0,0.62,8.0,0.63,9.0,0.18,0.18,44.851552,1776162619000
1776162621.398,21.398,0.41,13.0,0.4,8.0,0.39,8.0,0.38,8.0,0.37,9.0,0.59,13.0,0.6,8.0,0.61,8.0,0.62,8.0,0.63,9.0,0.41,13.0,0.4,8.0,0.39,8.0,0.38,8.0,0.37,9.0,0.59,13.0,0.6,8.0,0.61,8.0,0.62,8.0,0.63,9.0,0.18,0.18,44.851179,1776162620000
1776162621.876,21.876,0.41,13.0,0.4,8.0,0.39,8.0,0.38,8.0,0.37,9.0,0.59,13.0,0.6,8.0,0.61,8.0,0.62,8.0,0.63,9.0,0.41,13.0,0.4,8.0,0.39,8.0,0.38,8.0,0.37,9.0,0.59,13.0,0.6,8.0,0.61,8.0,0.62,8.0,0.63,9.0,0.18,0.18,44.850851,1776162621000
1776162622.778,22.778,0.41,13.0,0.4,8.0,0.39,8.0,0.38,8.0,0.37,9.0,0.59,13.0,0.6,8.0,0.61,8.0,0.62,8.0,0.63,9.0,0.41,13.0,0.4,8.0,0.39,8.0,0.38,8.0,0.37,9.0,0.59,13.0,0.6,8.0,0.61,8.0,0.62,8.0,0.63,9.0,0.18,0.18,44.850851,1776162622000
1776162624.378,24.378,0.41,13.0,0.4,8.0,0.39,8.0,0.38,8.0,0.37,9.0,0.59,13.0,0.6,8.0,0.61,8.0,0.62,8.0,0.63,9.0,0.41,13.0,0.4,8.0,0.39,8.0,0.38,8.0,0.37,9.0,0.59,13.0,0.6,8.0,0.61,8.0,0.62,8.0,0.63,9.0,0.18,0.18,44.849342,1776162623000
1776162625.345,25.345,0.41,13.0,0.4,8.0,0.39,8.0,0.38,8.0,0.37,9.0,0.59,13.0,0.6,8.0,0.61,8.0,0.62,8.0,0.63,9.0,0.41,13.0,0.4,8.0,0.39,8.0,0.38,8.0,0.37,9.0,0.59,13.0,0.6,8.0,0.61,8.0,0.62,8.0,0.63,9.0,0.18,0.18,44.849671,1776162624000
1776162626.318,26.318,0.41,13.0,0.4,8.0,0.39,8.0,0.38,8.0,0.37,9.0,0.59,13.0,0.6,8.0,0.61,8.0,0.62,8.0,0.63,9.0,0.41,13.0,0.4,8.0,0.39,8.0,0.38,8.0,0.37,9.0,0.59,13.0,0.6,8.0,0.61,8.0,0.62,8.0,0.63,9.0,0.18,0.18,44.850366,1776162625000
1776162627.267,27.267,0.41,13.0,0.4,8.0,0.39,8.0,0.38,8.0,0.37,9.0,0.59,13.0,0.6,8.0,0.61,8.0,0.62,8.0,0.63,9.0,0.41,13.0,0.4,8.0,0.39,8.0,0.38,8.0,0.37,9.0,0.59,13.0,0.6,8.0,0.61,8.0,0.62,8.0,0.63,9.0,0.18,0.18,44.850396,1776162626000
1776162628.304,28.304,0.41,13.0,0.4,8.0,0.39,8.0,0.38,8.0,0.37,9.0,0.59,13.0,0.6,8.0,0.61,8.0,0.62,8.0,0.63,9.0,0.41,13.0,0.4,8.0,0.39,8.0,0.38,8.0,0.37,9.0,0.59,13.0,0.6,8.0,0.61,8.0,0.62,8.0,0.63,9.0,0.18,0.18,44.847866,1776162627000
1776162629.224,29.224,0.41,13.0,0.4,8.0,0.39,8.0,0.38,8.0,0.37,9.0,0.59,13.0,0.6,8.0,0.61,8.0,0.62,8.0,0.63,9.0,0.41,13.0,0.4,8.0,0.39,8.0,0.38,8.0,0.37,9.0,0.59,13.0,0.6,8.0,0.61,8.0,0.62,8.0,0.63,9.0,0.18,0.18,44.850396,1776162628000
1776162630.313,30.313,0.41,13.0,0.4,8.0,0.39,8.0,0.38,8.0,0.37,9.0,0.59,13.0,0.6,8.0,0.61,8.0,0.62,8.0,0.63,9.0,0.41,13.0,0.4,8.0,0.39,8.0,0.38,8.0,0.37,9.0,0.59,13.0,0.6,8.0,0.61,8.0,0.62,8.0,0.63,9.0,0.18,0.18,44.850366,1776162629000
1776162630.833,30.833,0.41,13.0,0.4,8.0,0.39,8.0,0.38,8.0,0.37,9.0,0.59,13.0,0.6,8.0,0.61,8.0,0.62,8.0,0.63,9.0,0.41,13.0,0.4,8.0,0.39,8.0,0.38,8.0,0.37,9.0,0.59,13.0,0.6,8.0,0.61,8.0,0.62,8.0,0.63,9.0,0.18,0.18,44.850366,1776162630000
1776162632.335,32.335,0.41,13.0,0.4,8.0,0.39,8.0,0.38,8.0,0.37,9.0,0.59,13.0,0.6,8.0,0.61,8.0,0.62,8.0,0.63,9.0,0.41,13.0,0.4,8.0,0.39,8.0,0.38,8.0,0.37,9.0,0.59,13.0,0.6,8.0,0.61,8.0,0.62,8.0,0.63,9.0,0.18,0.18,44.850796,1776162631000
1776162633.17,33.17,0.41,13.0,0.4,8.0,0.39,8.0,0.38,8.0,0.37,9.0,0.59,13.0,0.6,8.0,0.61,8.0,0.62,8.0,0.63,9.0,0.41,13.0,0.4,8.0,0.39,8.0,0.38,8.0,0.37,9.0,0.59,13.0,0.6,8.0,0.61,8.0,0.62,8.0,0.63,9.0,0.18,0.18,44.850796,1776162632000
1776162634.112,34.112,0.41,13.0,0.4,8.0,0.39,8.0,0.38,8.0,0.37,9.0,0.59,13.0,0.6,8.0,0.61,8.0,0.62,8.0,0.63,9.0,0.41,13.0,0.4,8.0,0.39,8.0,0.38,8.0,0.37,9.0,0.59,13.0,0.6,8.0,0.61,8.0,0.62,8.0,0.63,9.0,0.18,0.18,44.842989,1776162633000
1776162635.146,35.146,0.41,13.0,0.4,8.0,0.39,8.0,0.38,8.0,0.37,9.0,0.59,13.0,0.6,8.0,0.61,8.0,0.62,8.0,0.63,9.0,0.41,13.0,0.4,8.0,0.39,8.0,0.38,8.0,0.37,9.0,0.59,13.0,0.6,8.0,0.61,8.0,0.62,8.0,0.63,9.0,0.18,0.18,44.842989,1776162634000
1776162636.102,36.102,0.41,13.0,0.4,8.0,0.39,8.0,0.38,8.0,0.37,9.0,0.59,13.0,0.6,8.0,0.61,8.0,0.62,8.0,0.63,9.0,0.41,13.0,0.4,8.0,0.39,8.0,0.38,8.0,0.37,9.0,0.59,13.0,0.6,8.0,0.61,8.0,0.62,8.0,0.63,9.0,0.18,0.18,44.842989,1776162635000
1776162637.08,37.08,0.41,13.0,0.4,8.0,0.39,8.0,0.38,8.0,0.37,9.0,0.59,13.0,0.6,8.0,0.61,8.0,0.62,8.0,0.63,9.0,0.41,13.0,0.4,8.0,0.39,8.0,0.38,8.0,0.37,9.0,0.59,13.0,0.6,8.0,0.61,8.0,0.62,8.0,0.63,9.0,0.18,0.18,44.85416,1776162636000
1776162638.066,38.066,0.41,13.0,0.4,8.0,0.39,8.0,0.38,8.0,0.37,9.0,0.59,13.0,0.6,8.0,0.61,8.0,0.62,8.0,0.63,9.0,0.41,13.0,0.4,8.0,0.39,8.0,0.38,8.0,0.37,9.0,0.59,13.0,0.6,8.0,0.61,8.0,0.62,8.0,0.63,9.0,0.18,0.18,44.855246,1776162637000
1776162639.046,39.046,0.41,13.0,0.4,8.0,0.39,8.0,0.38,8.0,0.37,9.0,0.59,13.0,0.6,8.0,0.61,8.0,0.62,8.0,0.63,9.0,0.41,13.0,0.4,8.0,0.39,8.0,0.38,8.0,0.37,9.0,0.59,13.0,0.6,8.0,0.61,8.0,0.62,8.0,0.63,9.0,0.18,0.18,44.856931,1776162638000
1776162639.963,39.963,0.41,13.0,0.4,8.0,0.39,8.0,0.38,8.0,0.37,9.0,0.59,13.0,0.6,8.0,0.61,8.0,0.62,8.0,0.63,9.0,0.41,13.0,0.4,8.0,0.39,8.0,0.38,8.0,0.37,9.0,0.59,13.0,0.6,8.0,0.61,8.0,0.62,8.0,0.63,9.0,0.18,0.18,44.85698,1776162639000
1776162640.899,40.899,0.41,13.0,0.4,8.0,0.39,8.0,0.38,8.0,0.37,9.0,0.59,13.0,0.6,8.0,0.61,8.0,0.62,8.0,0.63,9.0,0.41,13.0,0.4,8.0,0.39,8.0,0.38,8.0,0.37,9.0,0.59,13.0,0.6,8.0,0.61,8.0,0.62,8.0,0.63,9.0,0.18,0.18,44.858685,1776162640000
1776162642.528,42.528,0.41,13.0,0.4,8.0,0.39,8.0,0.38,8.0,0.37,9.0,0.59,13.0,0.6,8.0,0.61,8.0,0.62,8.0,0.63,9.0,0.41,13.0,0.4,8.0,0.39,8.0,0.38,8.0,0.37,9.0,0.59,13.0,0.6,8.0,0.61,8.0,0.62,8.0,0.63,9.0,0.18,0.18,44.859549,1776162641000
1776162643.063,43.063,0.41,13.0,0.4,8.0,0.39,8.0,0.38,8.0,0.37,9.0,0.59,13.0,0.6,8.0,0.61,8.0,0.62,8.0,0.63,9.0,0.41,13.0,0.4,8.0,0.39,8.0,0.38,8.0,0.37,9.0,0.59,13.0,0.6,8.0,0.61,8.0,0.62,8.0,0.63,9.0,0.18,0.18,44.859549,1776162642000
1776162643.99,43.99,0.41,13.0,0.4,8.0,0.39,8.0,0.38,8.0,0.37,9.0,0.59,13.0,0.6,8.0,0.61,8.0,0.62,8.0,0.63,9.0,0.41,13.0,0.4,8.0,0.39,8.0,0.38,8.0,0.37,9.0,0.59,13.0,0.6,8.0,0.61,8.0,0.62,8.0,0.63,9.0,0.18,0.18,44.85953,1776162643000
1776162645.035,45.035,0.41,13.0,0.4,8.0,0.39,8.0,0.38,8.0,0.37,9.0,0.59,13.0,0.6,8.0,0.61,8.0,0.62,8.0,0.63,9.0,0.41,13.0,0.4,8.0,0.39,8.0,0.38,8.0,0.37,9.0,0.59,13.0,0.6,8.0,0.61,8.0,0.62,8.0,0.63,9.0,0.18,0.18,44.859562,1776162644000
1776162646.124,46.124,0.41,13.0,0.4,8.0,0.39,8.0,0.38,8.0,0.37,9.0,0.59,13.0,0.6,8.0,0.61,8.0,0.62,8.0,0.63,9.0,0.41,13.0,0.4,8.0,0.39,8.0,0.38,8.0,0.37,9.0,0.59,13.0,0.6,8.0,0.61,8.0,0.62,8.0,0.63,9.0,0.18,0.18,44.859567,1776162645000
1776162647.103,47.103,0.41,13.0,0.4,8.0,0.39,8.0,0.38,8.0,0.37,9.0,0.59,13.0,0.6,8.0,0.61,8.0,0.62,8.0,0.63,9.0,0.41,13.0,0.4,8.0,0.39,8.0,0.38,8.0,0.37,9.0,0.59,13.0,0.6,8.0,0.61,8.0,0.62,8.0,0.63,9.0,0.18,0.18,44.859568,1776162646000
1776162648.144,48.144,0.41,13.0,0.4,8.0,0.39,8.0,0.38,8.0,0.37,9.0,0.59,13.0,0.6,8.0,0.61,8.0,0.62,8.0,0.63,9.0,0.41,13.0,0.4,8.0,0.39,8.0,0.38,8.0,0.37,9.0,0.59,13.0,0.6,8.0,0.61,8.0,0.62,8.0,0.63,9.0,0.18,0.18,44.859498,1776162647000
1776162649.042,49.042,0.41,13.0,0.4,8.0,0.39,8.0,0.38,8.0,0.37,9.0,0.59,13.0,0.6,8.0,0.61,8.0,0.62,8.0,0.63,9.0,0.41,13.0,0.4,8.0,0.39,8.0,0.38,8.0,0.37,9.0,0.59,13.0,0.6,8.0,0.61,8.0,0.62,8.0,0.63,9.0,0.18,0.18,44.859495,1776162648000
1776162650.075,50.075,0.41,13.0,0.4,8.0,0.39,8.0,0.38,8.0,0.37,9.0,0.59,13.0,0.6,8.0,0.61,8.0,0.62,8.0,0.63,9.0,0.41,13.0,0.4,8.0,0.39,8.0,0.38,8.0,0.37,9.0,0.59,13.0,0.6,8.0,0.61,8.0,0.62,8.0,0.63,9.0,0.18,0.18,44.859463,1776162649000
1776162651.16,51.16,0.41,13.0,0.4,8.0,0.39,8.0,0.38,8.0,0.37,9.0,0.59,13.0,0.6,8.0,0.61,8.0,0.62,8.0,0.63,9.0,0.41,13.0,0.4,8.0,0.39,8.0,0.38,8.0,0.37,9.0,0.59,13.0,0.6,8.0,0.61,8.0,0.62,8.0,0.63,9.0,0.18,0.18,44.859533,1776162650000
1776162652.261,52.261,0.41,13.0,0.4,8.0,0.39,8.0,0.38,8.0,0.37,9.0,0.59,13.0,0.6,8.0,0.61,8.0,0.62,8.0,0.63,9.0,0.41,13.0,0.4,8.0,0.39,8.0,0.38,8.0,0.37,9.0,0.59,13.0,0.6,8.0,0.61,8.0,0.62,8.0,0.63,9.0,0.18,0.18,44.859535,1776162651000
1776162653.223,53.223,0.41,13.0,0.4,8.0,0.39,8.0,0.38,8.0,0.37,9.0,0.59,13.0,0.6,8.0,0.61,8.0,0.62,8.0,0.63,9.0,0.41,13.0,0.4,8.0,0.39,8.0,0.38,8.0,0.37,9.0,0.59,13.0,0.6,8.0,0.61,8.0,0.62,8.0,0.63,9.0,0.18,0.18,44.859245,1776162652000
1776162654.626,54.626,0.41,13.0,0.4,8.0,0.39,8.0,0.38,8.0,0.37,9.0,0.59,13.0,0.6,8.0,0.61,8.0,0.62,8.0,0.63,9.0,0.41,13.0,0.4,8.0,0.39,8.0,0.38,8.0,0.37,9.0,0.59,13.0,0.6,8.0,0.61,8.0,0.62,8.0,0.63,9.0,0.18,0.18,44.858923,1776162653000
1776162655.611,55.611,0.41,13.0,0.4,8.0,0.39,8.0,0.38,8.0,0.37,9.0,0.59,13.0,0.6,8.0,0.61,8.0,0.62,8.0,0.63,9.0,0.41,13.0,0.4,8.0,0.39,8.0,0.38,8.0,0.37,9.0,0.59,13.0,0.6,8.0,0.61,8.0,0.62,8.0,0.63,9.0,0.18,0.18,44.859073,1776162654000
1776162656.19,56.19,0.41,13.0,0.4,8.0,0.39,8.0,0.38,8.0,0.37,9.0,0.59,13.0,0.6,8.0,0.61,8.0,0.62,8.0,0.63,9.0,0.41,13.0,0.4,8.0,0.39,8.0,0.38,8.0,0.37,9.0,0.59,13.0,0.6,8.0,0.61,8.0,0.62,8.0,0.63,9.0,0.18,0.18,44.859073,1776162655000
1776162657.344,57.344,0.41,13.0,0.4,8.0,0.39,8.0,0.38,8.0,0.37,9.0,0.59,13.0,0.6,8.0,0.61,8.0,0.62,8.0,0.63,9.0,0.41,13.0,0.4,8.0,0.39,8.0,0.38,8.0,0.37,9.0,0.59,13.0,0.6,8.0,0.61,8.0,0.62,8.0,0.63,9.0,0.18,0.18,44.860574,1776162656000
1776162658.256,58.256,0.41,13.0,0.4,8.0,0.39,8.0,0.38,8.0,0.37,9.0,0.59,13.0,0.6,8.0,0.61,8.0,0.62,8.0,0.63,9.0,0.41,13.0,0.4,8.0,0.39,8.0,0.38,8.0,0.37,9.0,0.59,13.0,0.6,8.0,0.61,8.0,0.62,8.0,0.63,9.0,0.18,0.18,44.859525,1776162657000
1776162659.429,59.429,0.41,13.0,0.4,8.0,0.39,8.0,0.38,8.0,0.37,9.0,0.59,13.0,0.6,8.0,0.61,8.0,0.62,8.0,0.63,9.0,0.41,13.0,0.4,8.0,0.39,8.0,0.38,8.0,0.37,9.0,0.59,13.0,0.6,8.0,0.61,8.0,0.62,8.0,0.63,9.0,0.18,0.18,44.859373,1776162658000
1776162660.121,60.121,0.41,13.0,0.4,8.0,0.39,8.0,0.38,8.0,0.37,9.0,0.59,13.0,0.6,8.0,0.61,8.0,0.62,8.0,0.63,9.0,0.41,13.0,0.4,8.0,0.39,8.0,0.38,8.0,0.37,9.0,0.59,13.0,0.6,8.0,0.61,8.0,0.62,8.0,0.63,9.0,0.18,0.18,44.859514,1776162659000
1776162661.245,61.245,0.41,13.0,0.4,8.0,0.39,8.0,0.38,8.0,0.37,9.0,0.59,13.0,0.6,8.0,0.61,8.0,0.62,8.0,0.63,9.0,0.41,13.0,0.4,8.0,0.39,8.0,0.38,8.0,0.37,9.0,0.59,13.0,0.6,8.0,0.61,8.0,0.62,8.0,0.63,9.0,0.18,0.18,44.858664,1776162660000
1776162661.776,61.776,0.53,5.1,0.5,10.0,0.48,15.0,0.47,15.0,0.46,20.0,0.72,15.0,0.73,15.0,0.74,15.0,0.75,15.0,0.76,15.0,0.41,13.0,0.4,8.0,0.39,8.0,0.38,8.0,0.37,9.0,0.59,13.0,0.6,8.0,0.61,8.0,0.62,8.0,0.63,9.0,0.19,0.18,44.858664,1776162660000
1776162661.994,61.994,0.53,5.1,0.5,10.0,0.48,15.0,0.47,15.0,0.46,20.0,0.72,15.0,0.73,15.0,0.74,15.0,0.75,15.0,0.76,15.0,0.28,15.0,0.27,15.0,0.26,15.0,0.25,15.0,0.24,15.0,0.47,5.1,0.5,10.0,0.52,15.0,0.53,15.0,0.54,20.0,0.19,0.19,44.859447,1776162661000
1776162663.132,63.132,0.53,5.1,0.5,10.0,0.48,15.0,0.47,15.0,0.46,20.0,0.72,15.0,0.73,15.0,0.74,15.0,0.75,15.0,0.76,15.0,0.28,15.0,0.27,15.0,0.26,15.0,0.25,15.0,0.24,15.0,0.47,5.1,0.5,10.0,0.52,15.0,0.53,15.0,0.54,20.0,0.19,0.19,44.860268,1776162662000
1776162664.307,64.307,0.53,5.1,0.5,10.0,0.48,15.0,0.47,15.0,0.46,20.0,0.72,15.0,0.73,15.0,0.74,15.0,0.75,15.0,0.76,15.0,0.28,15.0,0.27,15.0,0.26,15.0,0.25,15.0,0.24,15.0,0.47,5.1,0.5,10.0,0.52,15.0,0.53,15.0,0.54,20.0,0.19,0.19,44.866756,1776162663000
1776162664.97,64.97,0.53,5.1,0.5,10.0,0.48,15.0,0.47,15.0,0.46,20.0,0.72,15.0,0.73,15.0,0.74,15.0,0.75,15.0,0.76,15.0,0.28,15.0,0.27,15.0,0.26,15.0,0.25,15.0,0.24,15.0,0.47,5.1,0.5,10.0,0.52,15.0,0.53,15.0,0.54,20.0,0.19,0.19,44.870532,1776162664000
1776162666.523,66.523,0.53,5.1,0.5,10.0,0.48,15.0,0.47,15.0,0.46,20.0,0.72,15.0,0.73,15.0,0.74,15.0,0.75,15.0,0.76,15.0,0.28,15.0,0.27,15.0,0.26,15.0,0.25,15.0,0.24,15.0,0.47,5.1,0.5,10.0,0.52,15.0,0.53,15.0,0.54,20.0,0.19,0.19,44.870504,1776162665000
1776162667.004,67.004,0.53,5.1,0.5,10.0,0.48,15.0,0.47,15.0,0.46,20.0,0.72,15.0,0.73,15.0,0.74,15.0,0.75,15.0,0.76,15.0,0.28,15.0,0.27,15.0,0.26,15.0,0.25,15.0,0.24,15.0,0.47,5.1,0.5,10.0,0.52,15.0,0.53,15.0,0.54,20.0,0.19,0.19,44.868707,1776162666000
1776162668.293,68.293,0.53,5.1,0.5,10.0,0.48,15.0,0.47,15.0,0.46,20.0,0.72,15.0,0.73,15.0,0.74,15.0,0.75,15.0,0.76,15.0,0.28,15.0,0.27,15.0,0.26,15.0,0.25,15.0,0.24,15.0,0.47,5.1,0.5,10.0,0.52,15.0,0.53,15.0,0.54,20.0,0.19,0.19,44.869027,1776162667000
1776162669.033,69.033,0.53,5.1,0.5,10.0,0.48,15.0,0.47,15.0,0.46,20.0,0.72,15.0,0.73,15.0,0.74,15.0,0.75,15.0,0.76,15.0,0.28,15.0,0.27,15.0,0.26,15.0,0.25,15.0,0.24,15.0,0.47,5.1,0.5,10.0,0.52,15.0,0.53,15.0,0.54,20.0,0.19,0.19,44.869115,1776162668000
1776162670.154,70.154,0.53,5.1,0.5,10.0,0.48,15.0,0.47,15.0,0.46,20.0,0.72,15.0,0.73,15.0,0.74,15.0,0.75,15.0,0.76,15.0,0.28,15.0,0.27,15.0,0.26,15.0,0.25,15.0,0.24,15.0,0.47,5.1,0.5,10.0,0.52,15.0,0.53,15.0,0.54,20.0,0.19,0.19,44.869098,1776162669000
1776162671.789,71.789,0.53,5.1,0.5,10.0,0.48,15.0,0.47,15.0,0.46,20.0,0.72,15.0,0.73,15.0,0.74,15.0,0.75,15.0,0.76,15.0,0.28,15.0,0.27,15.0,0.26,15.0,0.25,15.0,0.24,15.0,0.47,5.1,0.5,10.0,0.52,15.0,0.53,15.0,0.54,20.0,0.19,0.19,44.869098,1776162670000
1776162672.408,72.408,0.53,5.1,0.5,10.0,0.48,15.0,0.47,15.0,0.46,20.0,0.72,15.0,0.73,15.0,0.74,15.0,0.75,15.0,0.76,15.0,0.28,15.0,0.27,15.0,0.26,15.0,0.25,15.0,0.24,15.0,0.47,5.1,0.5,10.0,0.52,15.0,0.53,15.0,0.54,20.0,0.19,0.19,44.86892,1776162671000
1776162673.254,73.254,0.53,5.1,0.5,10.0,0.48,15.0,0.47,15.0,0.46,20.0,0.72,15.0,0.73,15.0,0.74,15.0,0.75,15.0,0.76,15.0,0.28,15.0,0.27,15.0,0.26,15.0,0.25,15.0,0.24,15.0,0.47,5.1,0.5,10.0,0.52,15.0,0.53,15.0,0.54,20.0,0.19,0.19,44.868951,1776162672000
1776162674.184,74.184,0.53,5.1,0.5,10.0,0.48,15.0,0.47,15.0,0.46,20.0,0.72,15.0,0.73,15.0,0.74,15.0,0.75,15.0,0.76,15.0,0.28,15.0,0.27,15.0,0.26,15.0,0.25,15.0,0.24,15.0,0.47,5.1,0.5,10.0,0.52,15.0,0.53,15.0,0.54,20.0,0.19,0.19,44.869076,1776162673000
1776162675.091,75.091,0.53,5.1,0.5,10.0,0.48,15.0,0.47,15.0,0.46,20.0,0.72,15.0,0.73,15.0,0.74,15.0,0.75,15.0,0.76,15.0,0.28,15.0,0.27,15.0,0.26,15.0,0.25,15.0,0.24,15.0,0.47,5.1,0.5,10.0,0.52,15.0,0.53,15.0,0.54,20.0,0.19,0.19,44.869076,1776162674000
1776162676.198,76.198,0.53,5.1,0.5,10.0,0.48,15.0,0.47,15.0,0.46,20.0,0.72,15.0,0.73,15.0,0.74,15.0,0.75,15.0,0.76,15.0,0.28,15.0,0.27,15.0,0.26,15.0,0.25,15.0,0.24,15.0,0.47,5.1,0.5,10.0,0.52,15.0,0.53,15.0,0.54,20.0,0.19,0.19,44.869147,1776162675000
1776162677.168,77.168,0.53,5.1,0.5,10.0,0.48,15.0,0.47,15.0,0.46,20.0,0.72,15.0,0.73,15.0,0.74,15.0,0.75,15.0,0.76,15.0,0.28,15.0,0.27,15.0,0.26,15.0,0.25,15.0,0.24,15.0,0.47,5.1,0.5,10.0,0.52,15.0,0.53,15.0,0.54,20.0,0.19,0.19,44.869284,1776162676000
1776162678.043,78.043,0.53,5.1,0.5,10.0,0.48,15.0,0.47,15.0,0.46,20.0,0.72,15.0,0.73,15.0,0.74,15.0,0.75,15.0,0.76,15.0,0.28,15.0,0.27,15.0,0.26,15.0,0.25,15.0,0.24,15.0,0.47,5.1,0.5,10.0,0.52,15.0,0.53,15.0,0.54,20.0,0.19,0.19,44.869315,1776162677000
1776162679.098,79.098,0.53,5.1,0.5,10.0,0.48,15.0,0.47,15.0,0.46,20.0,0.72,15.0,0.73,15.0,0.74,15.0,0.75,15.0,0.76,15.0,0.28,15.0,0.27,15.0,0.26,15.0,0.25,15.0,0.24,15.0,0.47,5.1,0.5,10.0,0.52,15.0,0.53,15.0,0.54,20.0,0.19,0.19,44.869347,1776162678000
1776162679.994,79.994,0.53,5.1,0.5,10.0,0.48,15.0,0.47,15.0,0.46,20.0,0.72,15.0,0.73,15.0,0.74,15.0,0.75,15.0,0.76,15.0,0.28,15.0,0.27,15.0,0.26,15.0,0.25,15.0,0.24,15.0,0.47,5.1,0.5,10.0,0.52,15.0,0.53,15.0,0.54,20.0,0.19,0.19,44.869138,1776162679000
1776162681.033,81.033,0.53,5.1,0.5,10.0,0.48,15.0,0.47,15.0,0.46,20.0,0.72,15.0,0.73,15.0,0.74,15.0,0.75,15.0,0.76,15.0,0.28,15.0,0.27,15.0,0.26,15.0,0.25,15.0,0.24,15.0,0.47,5.1,0.5,10.0,0.52,15.0,0.53,15.0,0.54,20.0,0.19,0.19,44.869138,1776162680000
1776162681.931,81.931,0.53,5.1,0.5,10.0,0.48,15.0,0.47,15.0,0.46,20.0,0.72,15.0,0.73,15.0,0.74,15.0,0.75,15.0,0.76,15.0,0.28,15.0,0.27,15.0,0.26,15.0,0.25,15.0,0.24,15.0,0.47,5.1,0.5,10.0,0.52,15.0,0.53,15.0,0.54,20.0,0.19,0.19,44.869138,1776162681000
1776162682.991,82.991,0.53,5.1,0.5,10.0,0.48,15.0,0.47,15.0,0.46,20.0,0.72,15.0,0.73,15.0,0.74,15.0,0.75,15.0,0.76,15.0,0.28,15.0,0.27,15.0,0.26,15.0,0.25,15.0,0.24,15.0,0.47,5.1,0.5,10.0,0.52,15.0,0.53,15.0,0.54,20.0,0.19,0.19,44.869169,1776162682000
1776162684.727,84.727,0.53,5.1,0.5,10.0,0.48,15.0,0.47,15.0,0.46,20.0,0.72,15.0,0.73,15.0,0.74,15.0,0.75,15.0,0.76,15.0,0.28,15.0,0.27,15.0,0.26,15.0,0.25,15.0,0.24,15.0,0.47,5.1,0.5,10.0,0.52,15.0,0.53,15.0,0.54,20.0,0.19,0.19,44.869049,1776162683000
1776162685.297,85.297,0.53,5.1,0.5,10.0,0.48,15.0,0.47,15.0,0.46,20.0,0.72,15.0,0.73,15.0,0.74,15.0,0.75,15.0,0.76,15.0,0.28,15.0,0.27,15.0,0.26,15.0,0.25,15.0,0.24,15.0,0.47,5.1,0.5,10.0,0.52,15.0,0.53,15.0,0.54,20.0,0.19,0.19,44.869097,1776162684000
1776162686.348,86.348,0.53,5.1,0.5,10.0,0.48,15.0,0.47,15.0,0.46,20.0,0.72,15.0,0.73,15.0,0.74,15.0,0.75,15.0,0.76,15.0,0.28,15.0,0.27,15.0,0.26,15.0,0.25,15.0,0.24,15.0,0.47,5.1,0.5,10.0,0.52,15.0,0.53,15.0,0.54,20.0,0.19,0.19,44.866905,1776162685000
1776162687.148,87.148,0.53,5.1,0.5,10.0,0.48,15.0,0.47,15.0,0.46,20.0,0.72,15.0,0.73,15.0,0.74,15.0,0.75,15.0,0.76,15.0,0.28,15.0,0.27,15.0,0.26,15.0,0.25,15.0,0.24,15.0,0.47,5.1,0.5,10.0,0.52,15.0,0.53,15.0,0.54,20.0,0.19,0.19,44.866937,1776162686000
1776162688.393,88.393,0.53,5.1,0.5,10.0,0.48,15.0,0.47,15.0,0.46,20.0,0.72,15.0,0.73,15.0,0.74,15.0,0.75,15.0,0.76,15.0,0.28,15.0,0.27,15.0,0.26,15.0,0.25,15.0,0.24,15.0,0.47,5.1,0.5,10.0,0.52,15.0,0.53,15.0,0.54,20.0,0.19,0.19,44.86879,1776162687000
1776162689.081,89.081,0.53,5.1,0.5,10.0,0.48,15.0,0.47,15.0,0.46,20.0,0.72,15.0,0.73,15.0,0.74,15.0,0.75,15.0,0.76,15.0,0.28,15.0,0.27,15.0,0.26,15.0,0.25,15.0,0.24,15.0,0.47,5.1,0.5,10.0,0.52,15.0,0.53,15.0,0.54,20.0,0.19,0.19,44.868729,1776162688000
1776162690.325,90.325,0.53,5.1,0.5,10.0,0.48,15.0,0.47,15.0,0.46,20.0,0.72,15.0,0.73,15.0,0.74,15.0,0.75,15.0,0.76,15.0,0.28,15.0,0.27,15.0,0.26,15.0,0.25,15.0,0.24,15.0,0.47,5.1,0.5,10.0,0.52,15.0,0.53,15.0,0.54,20.0,0.19,0.19,44.873879,1776162689000
1776162691.105,91.105,0.53,5.1,0.5,10.0,0.48,15.0,0.47,15.0,0.46,20.0,0.72,15.0,0.73,15.0,0.74,15.0,0.75,15.0,0.76,15.0,0.28,15.0,0.27,15.0,0.26,15.0,0.25,15.0,0.24,15.0,0.47,5.1,0.5,10.0,0.52,15.0,0.53,15.0,0.54,20.0,0.19,0.19,44.876222,1776162690000
1776162692.435,92.435,0.5,21.18,0.49,25.0,0.48,15.0,0.47,15.0,0.46,15.0,0.74,15.0,0.75,15.0,0.76,15.0,0.77,15.0,0.78,15.0,0.26,15.0,0.25,15.0,0.24,15.0,0.23,15.0,0.22,15.0,0.5,21.18,0.51,25.0,0.52,15.0,0.53,15.0,0.54,15.0,0.24,0.24,44.876661,1776162691000
1776162693.212,93.212,0.5,21.18,0.49,25.0,0.48,15.0,0.47,15.0,0.46,15.0,0.74,15.0,0.75,15.0,0.76,15.0,0.77,15.0,0.78,15.0,0.26,15.0,0.25,15.0,0.24,15.0,0.23,15.0,0.22,15.0,0.5,21.18,0.51,25.0,0.52,15.0,0.53,15.0,0.54,15.0,0.24,0.24,44.875249,1776162692000
1776162694.344,94.344,0.5,21.18,0.49,25.0,0.48,15.0,0.47,15.0,0.46,15.0,0.74,15.0,0.75,15.0,0.76,15.0,0.77,15.0,0.78,15.0,0.26,15.0,0.25,15.0,0.24,15.0,0.23,15.0,0.22,15.0,0.5,21.18,0.51,25.0,0.52,15.0,0.53,15.0,0.54,15.0,0.24,0.24,44.866555,1776162693000
1776162695.146,95.146,0.5,21.18,0.49,25.0,0.48,15.0,0.47,15.0,0.46,15.0,0.74,15.0,0.75,15.0,0.76,15.0,0.77,15.0,0.78,15.0,0.26,15.0,0.25,15.0,0.24,15.0,0.23,15.0,0.22,15.0,0.5,21.18,0.51,25.0,0.52,15.0,0.53,15.0,0.54,15.0,0.24,0.24,44.866555,1776162694000
1776162696.285,96.285,0.5,21.18,0.49,25.0,0.48,15.0,0.47,15.0,0.46,15.0,0.74,15.0,0.75,15.0,0.76,15.0,0.77,15.0,0.78,15.0,0.26,15.0,0.25,15.0,0.24,15.0,0.23,15.0,0.22,15.0,0.5,21.18,0.51,25.0,0.52,15.0,0.53,15.0,0.54,15.0,0.24,0.24,44.86319,1776162695000
1776162697.116,97.116,0.5,21.18,0.49,25.0,0.48,15.0,0.47,15.0,0.46,15.0,0.74,15.0,0.75,15.0,0.76,15.0,0.77,15.0,0.78,15.0,0.26,15.0,0.25,15.0,0.24,15.0,0.23,15.0,0.22,15.0,0.5,21.18,0.51,25.0,0.52,15.0,0.53,15.0,0.54,15.0,0.24,0.24,44.863159,1776162696000
1776162698.509,98.509,0.5,21.18,0.49,25.0,0.48,15.0,0.47,15.0,0.46,15.0,0.74,15.0,0.75,15.0,0.76,15.0,0.77,15.0,0.78,15.0,0.26,15.0,0.25,15.0,0.24,15.0,0.23,15.0,0.22,15.0,0.5,21.18,0.51,25.0,0.52,15.0,0.53,15.0,0.54,15.0,0.24,0.24,44.862408,1776162697000
1776162699.17,99.17,0.5,21.18,0.49,25.0,0.48,15.0,0.47,15.0,0.46,15.0,0.74,15.0,0.75,15.0,0.76,15.0,0.77,15.0,0.78,15.0,0.26,15.0,0.25,15.0,0.24,15.0,0.23,15.0,0.22,15.0,0.5,21.18,0.51,25.0,0.52,15.0,0.53,15.0,0.54,15.0,0.24,0.24,44.862814,1776162698000
1776162700.395,100.395,0.5,21.18,0.49,25.0,0.48,15.0,0.47,15.0,0.46,15.0,0.74,15.0,0.75,15.0,0.76,15.0,0.77,15.0,0.78,15.0,0.26,15.0,0.25,15.0,0.24,15.0,0.23,15.0,0.22,15.0,0.5,21.18,0.51,25.0,0.52,15.0,0.53,15.0,0.54,15.0,0.24,0.24,44.86284,1776162699000
1776162701.312,101.312,0.5,21.18,0.49,25.0,0.48,15.0,0.47,15.0,0.46,15.0,0.74,15.0,0.75,15.0,0.76,15.0,0.77,15.0,0.78,15.0,0.26,15.0,0.25,15.0,0.24,15.0,0.23,15.0,0.22,15.0,0.5,21.18,0.51,25.0,0.52,15.0,0.53,15.0,0.54,15.0,0.24,0.24,44.862822,1776162700000
1776162701.839,101.839,0.5,21.18,0.49,25.0,0.48,15.0,0.47,15.0,0.46,15.0,0.74,15.0,0.75,15.0,0.76,15.0,0.77,15.0,0.78,15.0,0.26,15.0,0.25,15.0,0.24,15.0,0.23,15.0,0.22,15.0,0.5,21.18,0.51,25.0,0.52,15.0,0.53,15.0,0.54,15.0,0.24,0.24,44.862445,1776162701000
1776162702.904,102.904,0.5,21.18,0.49,25.0,0.48,15.0,0.47,15.0,0.46,15.0,0.74,15.0,0.75,15.0,0.76,15.0,0.77,15.0,0.78,15.0,0.26,15.0,0.25,15.0,0.24,15.0,0.23,15.0,0.22,15.0,0.5,21.18,0.51,25.0,0.52,15.0,0.53,15.0,0.54,15.0,0.24,0.24,44.862445,1776162702000
1776162704.303,104.303,0.5,21.18,0.49,25.0,0.48,15.0,0.47,15.0,0.46,15.0,0.74,15.0,0.75,15.0,0.76,15.0,0.77,15.0,0.78,15.0,0.26,15.0,0.25,15.0,0.24,15.0,0.23,15.0,0.22,15.0,0.5,21.18,0.51,25.0,0.52,15.0,0.53,15.0,0.54,15.0,0.24,0.24,44.862267,1776162703000
1776162705.294,105.294,0.5,21.18,0.49,25.0,0.48,15.0,0.47,15.0,0.46,15.0,0.74,15.0,0.75,15.0,0.76,15.0,0.77,15.0,0.78,15.0,0.26,15.0,0.25,15.0,0.24,15.0,0.23,15.0,0.22,15.0,0.5,21.18,0.51,25.0,0.52,15.0,0.53,15.0,0.54,15.0,0.24,0.24,44.862392,1776162704000
1776162706.127,106.127,0.5,21.18,0.49,25.0,0.48,15.0,0.47,15.0,0.46,15.0,0.74,15.0,0.75,15.0,0.76,15.0,0.77,15.0,0.78,15.0,0.26,15.0,0.25,15.0,0.24,15.0,0.23,15.0,0.22,15.0,0.5,21.18,0.51,25.0,0.52,15.0,0.53,15.0,0.54,15.0,0.24,0.24,44.864119,1776162705000
1776162707.274,107.274,0.5,21.18,0.49,25.0,0.48,15.0,0.47,15.0,0.46,15.0,0.74,15.0,0.75,15.0,0.76,15.0,0.77,15.0,0.78,15.0,0.26,15.0,0.25,15.0,0.24,15.0,0.23,15.0,0.22,15.0,0.5,21.18,0.51,25.0,0.52,15.0,0.53,15.0,0.54,15.0,0.24,0.24,44.864151,1776162706000
1776162708.226,108.226,0.5,21.18,0.49,25.0,0.48,15.0,0.47,15.0,0.46,15.0,0.74,15.0,0.75,15.0,0.76,15.0,0.77,15.0,0.78,15.0,0.26,15.0,0.25,15.0,0.24,15.0,0.23,15.0,0.22,15.0,0.5,21.18,0.51,25.0,0.52,15.0,0.53,15.0,0.54,15.0,0.24,0.24,44.866605,1776162707000
1776162709.172,109.172,0.5,21.18,0.49,25.0,0.48,15.0,0.47,15.0,0.46,15.0,0.74,15.0,0.75,15.0,0.76,15.0,0.77,15.0,0.78,15.0,0.26,15.0,0.25,15.0,0.24,15.0,0.23,15.0,0.22,15.0,0.5,21.18,0.51,25.0,0.52,15.0,0.53,15.0,0.54,15.0,0.24,0.24,44.866542,1776162708000
1776162710.163,110.163,0.5,21.18,0.49,25.0,0.48,15.0,0.47,15.0,0.46,15.0,0.74,15.0,0.75,15.0,0.76,15.0,0.77,15.0,0.78,15.0,0.26,15.0,0.25,15.0,0.24,15.0,0.23,15.0,0.22,15.0,0.5,21.18,0.51,25.0,0.52,15.0,0.53,15.0,0.54,15.0,0.24,0.24,44.866591,1776162709000
1776162711.155,111.155,0.5,21.18,0.49,25.0,0.48,15.0,0.47,15.0,0.46,15.0,0.74,15.0,0.75,15.0,0.76,15.0,0.77,15.0,0.78,15.0,0.26,15.0,0.25,15.0,0.24,15.0,0.23,15.0,0.22,15.0,0.5,21.18,0.51,25.0,0.52,15.0,0.53,15.0,0.54,15.0,0.24,0.24,44.866591,1776162710000
1776162712.291,112.291,0.5,21.18,0.49,25.0,0.48,15.0,0.47,15.0,0.46,15.0,0.74,15.0,0.75,15.0,0.76,15.0,0.77,15.0,0.78,15.0,0.26,15.0,0.25,15.0,0.24,15.0,0.23,15.0,0.22,15.0,0.5,21.18,0.51,25.0,0.52,15.0,0.53,15.0,0.54,15.0,0.24,0.24,44.870103,1776162711000
1776162713.216,113.216,0.5,21.18,0.49,25.0,0.48,15.0,0.47,15.0,0.46,15.0,0.74,15.0,0.75,15.0,0.76,15.0,0.77,15.0,0.78,15.0,0.26,15.0,0.25,15.0,0.24,15.0,0.23,15.0,0.22,15.0,0.5,21.18,0.51,25.0,0.52,15.0,0.53,15.0,0.54,15.0,0.24,0.24,44.868412,1776162712000
1776162714.331,114.331,0.5,21.18,0.49,25.0,0.48,15.0,0.47,15.0,0.46,15.0,0.74,15.0,0.75,15.0,0.76,15.0,0.77,15.0,0.78,15.0,0.26,15.0,0.25,15.0,0.24,15.0,0.23,15.0,0.22,15.0,0.5,21.18,0.51,25.0,0.52,15.0,0.53,15.0,0.54,15.0,0.24,0.24,44.86434,1776162713000
1776162715.337,115.337,0.5,21.18,0.49,25.0,0.48,15.0,0.47,15.0,0.46,15.0,0.74,15.0,0.75,15.0,0.76,15.0,0.77,15.0,0.78,15.0,0.26,15.0,0.25,15.0,0.24,15.0,0.23,15.0,0.22,15.0,0.5,21.18,0.51,25.0,0.52,15.0,0.53,15.0,0.54,15.0,0.24,0.24,44.86545,1776162714000
1776162715.963,115.963,0.5,21.18,0.49,25.0,0.48,15.0,0.47,15.0,0.46,15.0,0.74,15.0,0.75,15.0,0.76,15.0,0.77,15.0,0.78,15.0,0.26,15.0,0.25,15.0,0.24,15.0,0.23,15.0,0.22,15.0,0.5,21.18,0.51,25.0,0.52,15.0,0.53,15.0,0.54,15.0,0.24,0.24,44.865747,1776162715000
1776162716.977,116.977,0.6,5.0,0.59,5.0,0.58,5.0,0.57,5.0,0.48,25.0,0.63,15.0,0.64,15.0,0.65,25.0,0.66,15.0,0.67,15.0,0.37,15.0,0.36,15.0,0.35,25.0,0.34,15.0,0.33,15.0,0.4,5.0,0.41,5.0,0.42,5.0,0.43,5.0,0.52,25.0,0.03,0.03,44.866075,1776162716000
1776162718.085,118.085,0.6,5.0,0.59,5.0,0.58,5.0,0.57,5.0,0.48,25.0,0.63,15.0,0.64,15.0,0.65,25.0,0.66,15.0,0.67,15.0,0.37,15.0,0.36,15.0,0.35,25.0,0.34,15.0,0.33,15.0,0.4,5.0,0.41,5.0,0.42,5.0,0.43,5.0,0.52,25.0,0.03,0.03,44.865668,1776162717000
1776162719.083,119.083,0.6,5.0,0.59,5.0,0.58,5.0,0.57,5.0,0.48,25.0,0.63,15.0,0.64,15.0,0.65,25.0,0.66,15.0,0.67,15.0,0.37,15.0,0.36,15.0,0.35,25.0,0.34,15.0,0.33,15.0,0.4,5.0,0.41,5.0,0.42,5.0,0.43,5.0,0.52,25.0,0.03,0.03,44.865574,1776162718000
1776162720.255,120.255,0.6,5.0,0.59,5.0,0.58,5.0,0.57,5.0,0.48,25.0,0.63,15.0,0.64,15.0,0.65,25.0,0.66,15.0,0.67,15.0,0.37,15.0,0.36,15.0,0.35,25.0,0.34,15.0,0.33,15.0,0.4,5.0,0.41,5.0,0.42,5.0,0.43,5.0,0.52,25.0,0.03,0.03,44.86545,1776162719000
1776162721.334,121.334,0.6,5.0,0.59,5.0,0.58,5.0,0.57,5.0,0.48,25.0,0.63,15.0,0.64,15.0,0.65,25.0,0.66,15.0,0.67,15.0,0.37,15.0,0.36,15.0,0.35,25.0,0.34,15.0,0.33,15.0,0.4,5.0,0.41,5.0,0.42,5.0,0.43,5.0,0.52,25.0,0.03,0.03,44.863757,1776162720000
1776162721.917,121.917,0.6,5.0,0.59,5.0,0.58,5.0,0.57,5.0,0.48,25.0,0.63,15.0,0.64,15.0,0.65,25.0,0.66,15.0,0.67,15.0,0.37,15.0,0.36,15.0,0.35,25.0,0.34,15.0,0.33,15.0,0.4,5.0,0.41,5.0,0.42,5.0,0.43,5.0,0.52,25.0,0.03,0.03,44.863757,1776162721000
1776162723.088,123.088,0.6,5.0,0.59,5.0,0.58,5.0,0.57,5.0,0.48,25.0,0.63,15.0,0.64,15.0,0.65,25.0,0.66,15.0,0.67,15.0,0.37,15.0,0.36,15.0,0.35,25.0,0.34,15.0,0.33,15.0,0.4,5.0,0.41,5.0,0.42,5.0,0.43,5.0,0.52,25.0,0.03,0.03,44.856076,1776162722000
1776162723.773,123.773,0.53,19.0,0.46,5.1,0.42,11.0,0.41,15.0,0.4,15.0,0.69,10.69,0.7,25.0,0.71,15.0,0.72,15.0,0.73,15.0,0.37,15.0,0.36,15.0,0.35,25.0,0.34,15.0,0.33,15.0,0.4,5.0,0.41,5.0,0.42,5.0,0.43,5.0,0.52,25.0,0.16,0.03,44.856076,1776162722000
1776162724.123,124.123,0.53,19.0,0.46,5.1,0.42,11.0,0.41,15.0,0.4,15.0,0.69,10.69,0.7,25.0,0.71,15.0,0.72,15.0,0.73,15.0,0.31,10.69,0.3,25.0,0.29,15.0,0.28,15.0,0.27,15.0,0.47,19.0,0.54,5.1,0.58,11.0,0.59,15.0,0.6,15.0,0.16,0.16,44.855243,1776162723000
1776162725.191,125.191,0.53,19.0,0.46,5.1,0.42,11.0,0.41,15.0,0.4,15.0,0.69,10.69,0.7,25.0,0.71,15.0,0.72,15.0,0.73,15.0,0.31,10.69,0.3,25.0,0.29,15.0,0.28,15.0,0.27,15.0,0.47,19.0,0.54,5.1,0.58,11.0,0.59,15.0,0.6,15.0,0.16,0.16,44.857499,1776162724000
1776162726.253,126.253,0.53,19.0,0.46,5.1,0.42,11.0,0.41,15.0,0.4,15.0,0.69,10.69,0.7,25.0,0.71,15.0,0.72,15.0,0.73,15.0,0.31,10.69,0.3,25.0,0.29,15.0,0.28,15.0,0.27,15.0,0.47,19.0,0.54,5.1,0.58,11.0,0.59,15.0,0.6,15.0,0.16,0.16,44.857575,1776162725000
1776162727.284,127.284,0.53,19.0,0.46,5.1,0.42,11.0,0.41,15.0,0.4,15.0,0.69,10.69,0.7,25.0,0.71,15.0,0.72,15.0,0.73,15.0,0.31,10.69,0.3,25.0,0.29,15.0,0.28,15.0,0.27,15.0,0.47,19.0,0.54,5.1,0.58,11.0,0.59,15.0,0.6,15.0,0.16,0.16,44.85722,1776162726000
1776162728.299,128.299,0.53,19.0,0.46,5.1,0.42,11.0,0.41,15.0,0.4,15.0,0.69,10.69,0.7,25.0,0.71,15.0,0.72,15.0,0.73,15.0,0.31,10.69,0.3,25.0,0.29,15.0,0.28,15.0,0.27,15.0,0.47,19.0,0.54,5.1,0.58,11.0,0.59,15.0,0.6,15.0,0.16,0.16,44.855109,1776162727000
1776162729.339,129.339,0.53,19.0,0.46,5.1,0.42,11.0,0.41,15.0,0.4,15.0,0.69,10.69,0.7,25.0,0.71,15.0,0.72,15.0,0.73,15.0,0.31,10.69,0.3,25.0,0.29,15.0,0.28,15.0,0.27,15.0,0.47,19.0,0.54,5.1,0.58,11.0,0.59,15.0,0.6,15.0,0.16,0.16,44.855108,1776162728000
1776162730.019,130.019,0.53,19.0,0.46,5.1,0.42,11.0,0.41,15.0,0.4,15.0,0.69,10.69,0.7,25.0,0.71,15.0,0.72,15.0,0.73,15.0,0.31,10.69,0.3,25.0,0.29,15.0,0.28,15.0,0.27,15.0,0.47,19.0,0.54,5.1,0.58,11.0,0.59,15.0,0.6,15.0,0.16,0.16,44.855687,1776162729000
1776162731.077,131.077,0.53,19.0,0.46,5.1,0.42,11.0,0.41,15.0,0.4,15.0,0.69,10.69,0.7,25.0,0.71,15.0,0.72,15.0,0.73,15.0,0.31,10.69,0.3,25.0,0.29,15.0,0.28,15.0,0.27,15.0,0.47,19.0,0.54,5.1,0.58,11.0,0.59,15.0,0.6,15.0,0.16,0.16,44.85781,1776162730000
1776162732.266,132.266,0.53,19.0,0.46,5.1,0.42,11.0,0.41,15.0,0.4,15.0,0.69,10.69,0.7,25.0,0.71,15.0,0.72,15.0,0.73,15.0,0.31,10.69,0.3,25.0,0.29,15.0,0.28,15.0,0.27,15.0,0.47,19.0,0.54,5.1,0.58,11.0,0.59,15.0,0.6,15.0,0.16,0.16,44.858225,1776162731000
1776162733.599,133.599,0.53,19.0,0.46,5.1,0.42,11.0,0.41,15.0,0.4,15.0,0.69,10.69,0.7,25.0,0.71,15.0,0.72,15.0,0.73,15.0,0.31,10.69,0.3,25.0,0.29,15.0,0.28,15.0,0.27,15.0,0.47,19.0,0.54,5.1,0.58,11.0,0.59,15.0,0.6,15.0,0.16,0.16,44.858487,1776162732000
1776162734.153,134.153,0.53,19.0,0.46,5.1,0.42,11.0,0.41,15.0,0.4,15.0,0.69,10.69,0.7,25.0,0.71,15.0,0.72,15.0,0.73,15.0,0.31,10.69,0.3,25.0,0.29,15.0,0.28,15.0,0.27,15.0,0.47,19.0,0.54,5.1,0.58,11.0,0.59,15.0,0.6,15.0,0.16,0.16,44.858579,1776162733000
1776162735.284,135.284,0.53,19.0,0.46,5.1,0.42,11.0,0.41,15.0,0.4,15.0,0.69,10.69,0.7,25.0,0.71,15.0,0.72,15.0,0.73,15.0,0.31,10.69,0.3,25.0,0.29,15.0,0.28,15.0,0.27,15.0,0.47,19.0,0.54,5.1,0.58,11.0,0.59,15.0,0.6,15.0,0.16,0.16,44.859256,1776162734000
1776162736.638,136.638,0.53,19.0,0.46,5.1,0.42,11.0,0.41,15.0,0.4,15.0,0.69,10.69,0.7,25.0,0.71,15.0,0.72,15.0,0.73,15.0,0.31,10.69,0.3,25.0,0.29,15.0,0.28,15.0,0.27,15.0,0.47,19.0,0.54,5.1,0.58,11.0,0.59,15.0,0.6,15.0,0.16,0.16,44.857045,1776162735000
1776162737.274,137.274,0.53,19.0,0.46,5.1,0.42,11.0,0.41,15.0,0.4,15.0,0.69,10.69,0.7,25.0,0.71,15.0,0.72,15.0,0.73,15.0,0.31,10.69,0.3,25.0,0.29,15.0,0.28,15.0,0.27,15.0,0.47,19.0,0.54,5.1,0.58,11.0,0.59,15.0,0.6,15.0,0.16,0.16,44.857007,1776162736000
1776162738.397,138.397,0.53,19.0,0.46,5.1,0.42,11.0,0.41,15.0,0.4,15.0,0.69,10.69,0.7,25.0,0.71,15.0,0.72,15.0,0.73,15.0,0.31,10.69,0.3,25.0,0.29,15.0,0.28,15.0,0.27,15.0,0.47,19.0,0.54,5.1,0.58,11.0,0.59,15.0,0.6,15.0,0.16,0.16,44.854989,1776162737000
1776162739.055,139.055,0.53,19.0,0.46,5.1,0.42,11.0,0.41,15.0,0.4,15.0,0.69,10.69,0.7,25.0,0.71,15.0,0.72,15.0,0.73,15.0,0.31,10.69,0.3,25.0,0.29,15.0,0.28,15.0,0.27,15.0,0.47,19.0,0.54,5.1,0.58,11.0,0.59,15.0,0.6,15.0,0.16,0.16,44.857871,1776162738000
1776162740.239,140.239,0.53,19.0,0.46,5.1,0.42,11.0,0.41,15.0,0.4,15.0,0.69,10.69,0.7,25.0,0.71,15.0,0.72,15.0,0.73,15.0,0.31,10.69,0.3,25.0,0.29,15.0,0.28,15.0,0.27,15.0,0.47,19.0,0.54,5.1,0.58,11.0,0.59,15.0,0.6,15.0,0.16,0.16,44.858915,1776162739000
1776162741.386,141.386,0.53,19.0,0.46,5.1,0.42,11.0,0.41,15.0,0.4,15.0,0.69,10.69,0.7,25.0,0.71,15.0,0.72,15.0,0.73,15.0,0.31,10.69,0.3,25.0,0.29,15.0,0.28,15.0,0.27,15.0,0.47,19.0,0.54,5.1,0.58,11.0,0.59,15.0,0.6,15.0,0.16,0.16,44.86024,1776162740000
1776162741.92,141.92,0.53,19.0,0.46,5.1,0.42,11.0,0.41,15.0,0.4,15.0,0.69,10.69,0.7,25.0,0.71,15.0,0.72,15.0,0.73,15.0,0.31,10.69,0.3,25.0,0.29,15.0,0.28,15.0,0.27,15.0,0.47,19.0,0.54,5.1,0.58,11.0,0.59,15.0,0.6,15.0,0.16,0.16,44.861271,1776162741000
1776162743.431,143.431,0.53,19.0,0.46,5.1,0.42,11.0,0.41,15.0,0.4,15.0,0.69,10.69,0.7,25.0,0.71,15.0,0.72,15.0,0.73,15.0,0.31,10.69,0.3,25.0,0.29,15.0,0.28,15.0,0.27,15.0,0.47,19.0,0.54,5.1,0.58,11.0,0.59,15.0,0.6,15.0,0.16,0.16,44.861887,1776162742000
1776162743.864,143.864,0.53,19.0,0.46,5.1,0.42,11.0,0.41,15.0,0.4,15.0,0.69,10.69,0.7,25.0,0.71,15.0,0.72,15.0,0.73,15.0,0.31,10.69,0.3,25.0,0.29,15.0,0.28,15.0,0.27,15.0,0.47,19.0,0.54,5.1,0.58,11.0,0.59,15.0,0.6,15.0,0.16,0.16,44.862009,1776162743000
1776162744.934,144.934,0.53,19.0,0.46,5.1,0.42,11.0,0.41,15.0,0.4,15.0,0.69,10.69,0.7,25.0,0.71,15.0,0.72,15.0,0.73,15.0,0.31,10.69,0.3,25.0,0.29,15.0,0.28,15.0,0.27,15.0,0.47,19.0,0.54,5.1,0.58,11.0,0.59,15.0,0.6,15.0,0.16,0.16,44.863283,1776162744000
1776162745.825,145.825,0.53,19.0,0.46,5.1,0.42,11.0,0.41,15.0,0.4,15.0,0.69,10.69,0.7,25.0,0.71,15.0,0.72,15.0,0.73,15.0,0.31,10.69,0.3,25.0,0.29,15.0,0.28,15.0,0.27,15.0,0.47,19.0,0.54,5.1,0.58,11.0,0.59,15.0,0.6,15.0,0.16,0.16,44.870794,1776162745000
1776162747.367,147.367,0.53,19.0,0.46,5.1,0.42,11.0,0.41,15.0,0.4,15.0,0.69,10.69,0.7,25.0,0.71,15.0,0.72,15.0,0.73,15.0,0.31,10.69,0.3,25.0,0.29,15.0,0.28,15.0,0.27,15.0,0.47,19.0,0.54,5.1,0.58,11.0,0.59,15.0,0.6,15.0,0.16,0.16,44.872425,1776162746000
1776162748.248,148.248,0.53,19.0,0.46,5.1,0.42,11.0,0.41,15.0,0.4,15.0,0.69,10.69,0.7,25.0,0.71,15.0,0.72,15.0,0.73,15.0,0.31,10.69,0.3,25.0,0.29,15.0,0.28,15.0,0.27,15.0,0.47,19.0,0.54,5.1,0.58,11.0,0.59,15.0,0.6,15.0,0.16,0.16,44.873995,1776162747000
1776162749.244,149.244,0.53,19.0,0.46,5.1,0.42,11.0,0.41,15.0,0.4,15.0,0.69,10.69,0.7,25.0,0.71,15.0,0.72,15.0,0.73,15.0,0.31,10.69,0.3,25.0,0.29,15.0,0.28,15.0,0.27,15.0,0.47,19.0,0.54,5.1,0.58,11.0,0.59,15.0,0.6,15.0,0.16,0.16,44.875534,1776162748000
1776162750.339,150.339,0.53,19.0,0.46,5.1,0.42,11.0,0.41,15.0,0.4,15.0,0.69,10.69,0.7,25.0,0.71,15.0,0.72,15.0,0.73,15.0,0.31,10.69,0.3,25.0,0.29,15.0,0.28,15.0,0.27,15.0,0.47,19.0,0.54,5.1,0.58,11.0,0.59,15.0,0.6,15.0,0.16,0.16,44.874637,1776162749000
1776162751.328,151.328,0.53,19.0,0.46,5.1,0.42,11.0,0.41,15.0,0.4,15.0,0.69,10.69,0.7,25.0,0.71,15.0,0.72,15.0,0.73,15.0,0.31,10.69,0.3,25.0,0.29,15.0,0.28,15.0,0.27,15.0,0.47,19.0,0.54,5.1,0.58,11.0,0.59,15.0,0.6,15.0,0.16,0.16,44.871471,1776162750000
1776162752.032,152.032,0.53,19.0,0.46,5.1,0.42,11.0,0.41,15.0,0.4,15.0,0.69,10.69,0.7,25.0,0.71,15.0,0.72,15.0,0.73,15.0,0.31,10.69,0.3,25.0,0.29,15.0,0.28,15.0,0.27,15.0,0.47,19.0,0.54,5.1,0.58,11.0,0.59,15.0,0.6,15.0,0.16,0.16,44.871488,1776162751000
1776162752.933,152.933,0.53,19.0,0.46,5.1,0.42,11.0,0.41,15.0,0.4,15.0,0.69,10.69,0.7,25.0,0.71,15.0,0.72,15.0,0.73,15.0,0.31,10.69,0.3,25.0,0.29,15.0,0.28,15.0,0.27,15.0,0.47,19.0,0.54,5.1,0.58,11.0,0.59,15.0,0.6,15.0,0.16,0.16,44.871458,1776162752000
1776162756.144,156.144,0.53,19.0,0.46,5.1,0.42,11.0,0.41,15.0,0.4,15.0,0.69,10.69,0.7,25.0,0.71,15.0,0.72,15.0,0.73,15.0,0.31,10.69,0.3,25.0,0.29,15.0,0.28,15.0,0.27,15.0,0.47,19.0,0.54,5.1,0.58,11.0,0.59,15.0,0.6,15.0,0.16,0.16,44.870742,1776162755000
1776162757.278,157.278,0.53,19.0,0.46,5.1,0.42,11.0,0.41,15.0,0.4,15.0,0.69,10.69,0.7,25.0,0.71,15.0,0.72,15.0,0.73,15.0,0.31,10.69,0.3,25.0,0.29,15.0,0.28,15.0,0.27,15.0,0.47,19.0,0.54,5.1,0.58,11.0,0.59,15.0,0.6,15.0,0.16,0.16,44.869112,1776162756000
1776162758.449,158.449,0.53,19.0,0.46,5.1,0.42,11.0,0.41,15.0,0.4,15.0,0.69,10.69,0.7,25.0,0.71,15.0,0.72,15.0,0.73,15.0,0.31,10.69,0.3,25.0,0.29,15.0,0.28,15.0,0.27,15.0,0.47,19.0,0.54,5.1,0.58,11.0,0.59,15.0,0.6,15.0,0.16,0.16,44.868255,1776162757000
1776162758.995,158.995,0.53,19.0,0.46,5.1,0.42,11.0,0.41,15.0,0.4,15.0,0.69,10.69,0.7,25.0,0.71,15.0,0.72,15.0,0.73,15.0,0.31,10.69,0.3,25.0,0.29,15.0,0.28,15.0,0.27,15.0,0.47,19.0,0.54,5.1,0.58,11.0,0.59,15.0,0.6,15.0,0.16,0.16,44.868795,1776162758000
1776162760.25,160.25,0.53,19.0,0.46,5.1,0.42,11.0,0.41,15.0,0.4,15.0,0.69,10.69,0.7,25.0,0.71,15.0,0.72,15.0,0.73,15.0,0.31,10.69,0.3,25.0,0.29,15.0,0.28,15.0,0.27,15.0,0.47,19.0,0.54,5.1,0.58,11.0,0.59,15.0,0.6,15.0,0.16,0.16,44.868704,1776162759000
1776162761.336,161.336,0.53,19.0,0.46,5.1,0.42,11.0,0.41,15.0,0.4,15.0,0.69,10.69,0.7,25.0,0.71,15.0,0.72,15.0,0.73,15.0,0.31,10.69,0.3,25.0,0.29,15.0,0.28,15.0,0.27,15.0,0.47,19.0,0.54,5.1,0.58,11.0,0.59,15.0,0.6,15.0,0.16,0.16,44.868707,1776162760000
1776162761.92,161.92,0.53,19.0,0.46,5.1,0.42,11.0,0.41,15.0,0.4,15.0,0.69,10.69,0.7,25.0,0.71,15.0,0.72,15.0,0.73,15.0,0.31,10.69,0.3,25.0,0.29,15.0,0.28,15.0,0.27,15.0,0.47,19.0,0.54,5.1,0.58,11.0,0.59,15.0,0.6,15.0,0.16,0.16,44.868707,1776162761000
1776162763.174,163.174,0.53,19.0,0.46,5.1,0.42,11.0,0.41,15.0,0.4,15.0,0.69,10.69,0.7,25.0,0.71,15.0,0.72,15.0,0.73,15.0,0.31,10.69,0.3,25.0,0.29,15.0,0.28,15.0,0.27,15.0,0.47,19.0,0.54,5.1,0.58,11.0,0.59,15.0,0.6,15.0,0.16,0.16,44.868653,1776162762000
1776162764.697,164.697,0.53,19.0,0.46,5.1,0.42,11.0,0.41,15.0,0.4,15.0,0.69,10.69,0.7,25.0,0.71,15.0,0.72,15.0,0.73,15.0,0.31,10.69,0.3,25.0,0.29,15.0,0.28,15.0,0.27,15.0,0.47,19.0,0.54,5.1,0.58,11.0,0.59,15.0,0.6,15.0,0.16,0.16,44.868299,1776162763000
1776162765.506,165.506,0.53,19.0,0.46,5.1,0.42,11.0,0.41,15.0,0.4,15.0,0.69,10.69,0.7,25.0,0.71,15.0,0.72,15.0,0.73,15.0,0.31,10.69,0.3,25.0,0.29,15.0,0.28,15.0,0.27,15.0,0.47,19.0,0.54,5.1,0.58,11.0,0.59,15.0,0.6,15.0,0.16,0.16,44.867037,1776162764000
1776162766.069,166.069,0.53,19.0,0.46,5.1,0.42,11.0,0.41,15.0,0.4,15.0,0.69,10.69,0.7,25.0,0.71,15.0,0.72,15.0,0.73,15.0,0.31,10.69,0.3,25.0,0.29,15.0,0.28,15.0,0.27,15.0,0.47,19.0,0.54,5.1,0.58,11.0,0.59,15.0,0.6,15.0,0.16,0.16,44.867037,1776162765000
1776162767.191,167.191,0.53,19.0,0.46,5.1,0.42,11.0,0.41,15.0,0.4,15.0,0.69,10.69,0.7,25.0,0.71,15.0,0.72,15.0,0.73,15.0,0.31,10.69,0.3,25.0,0.29,15.0,0.28,15.0,0.27,15.0,0.47,19.0,0.54,5.1,0.58,11.0,0.59,15.0,0.6,15.0,0.16,0.16,44.86459,1776162766000
1776162768.476,168.476,0.53,19.0,0.46,5.1,0.42,11.0,0.41,15.0,0.4,15.0,0.69,10.69,0.7,25.0,0.71,15.0,0.72,15.0,0.73,15.0,0.31,10.69,0.3,25.0,0.29,15.0,0.28,15.0,0.27,15.0,0.47,19.0,0.54,5.1,0.58,11.0,0.59,15.0,0.6,15.0,0.16,0.16,44.857112,1776162767000
1776162769.135,169.135,0.53,19.0,0.46,5.1,0.42,11.0,0.41,15.0,0.4,15.0,0.69,10.69,0.7,25.0,0.71,15.0,0.72,15.0,0.73,15.0,0.31,10.69,0.3,25.0,0.29,15.0,0.28,15.0,0.27,15.0,0.47,19.0,0.54,5.1,0.58,11.0,0.59,15.0,0.6,15.0,0.16,0.16,44.854471,1776162768000
1776162769.877,169.877,0.53,19.0,0.46,5.1,0.42,11.0,0.41,15.0,0.4,15.0,0.69,10.69,0.7,25.0,0.71,15.0,0.72,15.0,0.73,15.0,0.31,10.69,0.3,25.0,0.29,15.0,0.28,15.0,0.27,15.0,0.47,19.0,0.54,5.1,0.58,11.0,0.59,15.0,0.6,15.0,0.16,0.16,44.852687,1776162769000
1776162771.216,171.216,0.53,19.0,0.46,5.1,0.42,11.0,0.41,15.0,0.4,15.0,0.69,10.69,0.7,25.0,0.71,15.0,0.72,15.0,0.73,15.0,0.31,10.69,0.3,25.0,0.29,15.0,0.28,15.0,0.27,15.0,0.47,19.0,0.54,5.1,0.58,11.0,0.59,15.0,0.6,15.0,0.16,0.16,44.851096,1776162770000
1776162772.777,172.777,0.53,19.0,0.46,5.1,0.42,11.0,0.41,15.0,0.4,15.0,0.69,10.69,0.7,25.0,0.71,15.0,0.72,15.0,0.73,15.0,0.31,10.69,0.3,25.0,0.29,15.0,0.28,15.0,0.27,15.0,0.47,19.0,0.54,5.1,0.58,11.0,0.59,15.0,0.6,15.0,0.16,0.16,44.850515,1776162771000
1776162773.434,173.434,0.53,19.0,0.46,5.1,0.42,11.0,0.41,15.0,0.4,15.0,0.69,10.69,0.7,25.0,0.71,15.0,0.72,15.0,0.73,15.0,0.31,10.69,0.3,25.0,0.29,15.0,0.28,15.0,0.27,15.0,0.47,19.0,0.54,5.1,0.58,11.0,0.59,15.0,0.6,15.0,0.16,0.16,44.850515,1776162772000
1776162773.865,173.865,0.53,19.0,0.46,5.1,0.42,11.0,0.41,15.0,0.4,15.0,0.69,10.69,0.7,25.0,0.71,15.0,0.72,15.0,0.73,15.0,0.31,10.69,0.3,25.0,0.29,15.0,0.28,15.0,0.27,15.0,0.47,19.0,0.54,5.1,0.58,11.0,0.59,15.0,0.6,15.0,0.16,0.16,44.850567,1776162773000
1776162774.928,174.928,0.53,19.0,0.46,5.1,0.42,11.0,0.41,15.0,0.4,15.0,0.69,10.69,0.7,25.0,0.71,15.0,0.72,15.0,0.73,15.0,0.31,10.69,0.3,25.0,0.29,15.0,0.28,15.0,0.27,15.0,0.47,19.0,0.54,5.1,0.58,11.0,0.59,15.0,0.6,15.0,0.16,0.16,44.850146,1776162774000
1776162775.979,175.979,0.53,19.0,0.46,5.1,0.42,11.0,0.41,15.0,0.4,15.0,0.69,10.69,0.7,25.0,0.71,15.0,0.72,15.0,0.73,15.0,0.31,10.69,0.3,25.0,0.29,15.0,0.28,15.0,0.27,15.0,0.47,19.0,0.54,5.1,0.58,11.0,0.59,15.0,0.6,15.0,0.16,0.16,44.850146,1776162775000
1776162777.114,177.114,0.53,19.0,0.46,5.1,0.42,11.0,0.41,15.0,0.4,15.0,0.69,10.69,0.7,25.0,0.71,15.0,0.72,15.0,0.73,15.0,0.31,10.69,0.3,25.0,0.29,15.0,0.28,15.0,0.27,15.0,0.47,19.0,0.54,5.1,0.58,11.0,0.59,15.0,0.6,15.0,0.16,0.16,44.850947,1776162776000
1776162778.168,178.168,0.53,19.0,0.46,5.1,0.42,11.0,0.41,15.0,0.4,15.0,0.69,10.69,0.7,25.0,0.71,15.0,0.72,15.0,0.73,15.0,0.31,10.69,0.3,25.0,0.29,15.0,0.28,15.0,0.27,15.0,0.47,19.0,0.54,5.1,0.58,11.0,0.59,15.0,0.6,15.0,0.16,0.16,44.849296,1776162777000
1776162779.176,179.176,0.53,19.0,0.46,5.1,0.42,11.0,0.41,15.0,0.4,15.0,0.69,10.69,0.7,25.0,0.71,15.0,0.72,15.0,0.73,15.0,0.31,10.69,0.3,25.0,0.29,15.0,0.28,15.0,0.27,15.0,0.47,19.0,0.54,5.1,0.58,11.0,0.59,15.0,0.6,15.0,0.16,0.16,44.848704,1776162778000
1776162780.034,180.034,0.25,15.0,0.24,15.0,0.23,15.0,0.22,15.0,0.21,25.0,0.38,3.0,0.39,5.1,0.51,15.0,0.52,15.0,0.53,15.0,0.31,10.69,0.3,25.0,0.29,15.0,0.28,15.0,0.27,15.0,0.47,19.0,0.54,5.1,0.58,11.0,0.59,15.0,0.6,15.0,0.13,0.16,44.848704,1776162778000
1776162780.257,180.257,0.25,15.0,0.24,15.0,0.23,15.0,0.22,15.0,0.21,25.0,0.38,3.0,0.39,5.1,0.51,15.0,0.52,15.0,0.53,15.0,0.62,3.0,0.61,5.1,0.49,15.0,0.48,15.0,0.47,15.0,0.75,15.0,0.76,15.0,0.77,15.0,0.78,15.0,0.79,25.0,0.13,0.13,44.848704,1776162779000
1776162781.412,181.412,0.25,15.0,0.24,15.0,0.23,15.0,0.22,15.0,0.21,25.0,0.38,3.0,0.39,5.1,0.51,15.0,0.52,15.0,0.53,15.0,0.62,3.0,0.61,5.1,0.49,15.0,0.48,15.0,0.47,15.0,0.75,15.0,0.76,15.0,0.77,15.0,0.78,15.0,0.79,25.0,0.13,0.13,44.84819,1776162780000
1776162782.373,182.373,0.25,15.0,0.24,15.0,0.23,15.0,0.22,15.0,0.21,25.0,0.38,3.0,0.39,5.1,0.51,15.0,0.52,15.0,0.53,15.0,0.62,3.0,0.61,5.1,0.49,15.0,0.48,15.0,0.47,15.0,0.75,15.0,0.76,15.0,0.77,15.0,0.78,15.0,0.79,25.0,0.13,0.13,44.846291,1776162781000
1776162783.522,183.522,0.25,15.0,0.24,15.0,0.23,15.0,0.22,15.0,0.21,25.0,0.38,3.0,0.39,5.1,0.51,15.0,0.52,15.0,0.53,15.0,0.62,3.0,0.61,5.1,0.49,15.0,0.48,15.0,0.47,15.0,0.75,15.0,0.76,15.0,0.77,15.0,0.78,15.0,0.79,25.0,0.13,0.13,44.828194,1776162782000
1776162784.058,184.058,0.25,15.0,0.24,15.0,0.23,15.0,0.22,15.0,0.21,25.0,0.38,3.0,0.39,5.1,0.51,15.0,0.52,15.0,0.53,15.0,0.62,3.0,0.61,5.1,0.49,15.0,0.48,15.0,0.47,15.0,0.75,15.0,0.76,15.0,0.77,15.0,0.78,15.0,0.79,25.0,0.13,0.13,44.827785,1776162783000
1776162785.104,185.104,0.25,15.0,0.24,15.0,0.23,15.0,0.22,15.0,0.21,25.0,0.38,3.0,0.39,5.1,0.51,15.0,0.52,15.0,0.53,15.0,0.62,3.0,0.61,5.1,0.49,15.0,0.48,15.0,0.47,15.0,0.75,15.0,0.76,15.0,0.77,15.0,0.78,15.0,0.79,25.0,0.13,0.13,44.828034,1776162784000
1776162786.204,186.204,0.2,23.73,0.19,15.0,0.18,15.0,0.17,15.0,0.16,15.0,0.34,5.1,0.37,10.0,0.4,8.0,0.42,15.0,0.43,15.0,0.62,3.0,0.61,5.1,0.49,15.0,0.48,15.0,0.47,15.0,0.75,15.0,0.76,15.0,0.77,15.0,0.78,15.0,0.79,25.0,0.14,0.13,44.828034,1776162784000
1776162786.817,186.817,0.2,23.73,0.19,15.0,0.18,15.0,0.17,15.0,0.16,15.0,0.34,5.1,0.37,10.0,0.4,8.0,0.42,15.0,0.43,15.0,0.66,5.1,0.63,10.0,0.6,8.0,0.58,15.0,0.57,15.0,0.8,23.73,0.81,15.0,0.82,15.0,0.83,15.0,0.84,15.0,0.14,0.14,44.82905,1776162785000
1776162787.409,187.409,0.2,23.73,0.19,15.0,0.18,15.0,0.17,15.0,0.16,15.0,0.34,5.1,0.37,10.0,0.4,8.0,0.42,15.0,0.43,15.0,0.66,5.1,0.63,10.0,0.6,8.0,0.58,15.0,0.57,15.0,0.8,23.73,0.81,15.0,0.82,15.0,0.83,15.0,0.84,15.0,0.14,0.14,44.827317,1776162786000
1776162788.038,188.038,0.2,23.73,0.19,15.0,0.18,15.0,0.17,15.0,0.16,15.0,0.34,5.1,0.37,10.0,0.4,8.0,0.42,15.0,0.43,15.0,0.66,5.1,0.63,10.0,0.6,8.0,0.58,15.0,0.57,15.0,0.8,23.73,0.81,15.0,0.82,15.0,0.83,15.0,0.84,15.0,0.14,0.14,44.827317,1776162787000
1776162789.174,189.174,0.2,23.73,0.19,15.0,0.18,15.0,0.17,15.0,0.16,15.0,0.34,5.1,0.37,10.0,0.4,8.0,0.42,15.0,0.43,15.0,0.66,5.1,0.63,10.0,0.6,8.0,0.58,15.0,0.57,15.0,0.8,23.73,0.81,15.0,0.82,15.0,0.83,15.0,0.84,15.0,0.14,0.14,44.827149,1776162788000
1776162790.337,190.337,0.2,23.73,0.19,15.0,0.18,15.0,0.17,15.0,0.16,15.0,0.34,5.1,0.37,10.0,0.4,8.0,0.42,15.0,0.43,15.0,0.66,5.1,0.63,10.0,0.6,8.0,0.58,15.0,0.57,15.0,0.8,23.73,0.81,15.0,0.82,15.0,0.83,15.0,0.84,15.0,0.14,0.14,44.824486,1776162789000
1776162790.97,190.97,0.2,23.73,0.19,15.0,0.18,15.0,0.17,15.0,0.16,15.0,0.34,5.1,0.37,10.0,0.4,8.0,0.42,15.0,0.43,15.0,0.66,5.1,0.63,10.0,0.6,8.0,0.58,15.0,0.57,15.0,0.8,23.73,0.81,15.0,0.82,15.0,0.83,15.0,0.84,15.0,0.14,0.14,44.824754,1776162790000
1776162792.208,192.208,0.2,23.73,0.19,15.0,0.18,15.0,0.17,15.0,0.16,15.0,0.34,5.1,0.37,10.0,0.4,8.0,0.42,15.0,0.43,15.0,0.66,5.1,0.63,10.0,0.6,8.0,0.58,15.0,0.57,15.0,0.8,23.73,0.81,15.0,0.82,15.0,0.83,15.0,0.84,15.0,0.14,0.14,44.821333,1776162791000
1776162793.408,193.408,0.2,23.73,0.19,15.0,0.18,15.0,0.17,15.0,0.16,15.0,0.34,5.1,0.37,10.0,0.4,8.0,0.42,15.0,0.43,15.0,0.66,5.1,0.63,10.0,0.6,8.0,0.58,15.0,0.57,15.0,0.8,23.73,0.81,15.0,0.82,15.0,0.83,15.0,0.84,15.0,0.14,0.14,44.819987,1776162792000
1776162794.082,194.082,0.2,23.73,0.19,15.0,0.18,15.0,0.17,15.0,0.16,15.0,0.34,5.1,0.37,10.0,0.4,8.0,0.42,15.0,0.43,15.0,0.66,5.1,0.63,10.0,0.6,8.0,0.58,15.0,0.57,15.0,0.8,23.73,0.81,15.0,0.82,15.0,0.83,15.0,0.84,15.0,0.14,0.14,44.813905,1776162793000
1776162794.312,194.312,0.15,15.0,0.14,15.0,0.13,15.0,0.12,15.0,0.11,15.0,0.23,0.1,0.24,6.0,0.26,10.0,0.29,15.0,0.3,15.0,0.66,5.1,0.63,10.0,0.6,8.0,0.58,15.0,0.57,15.0,0.8,23.73,0.81,15.0,0.82,15.0,0.83,15.0,0.84,15.0,0.08,0.14,44.813905,1776162793000
1776162795.274,195.274,0.15,15.0,0.14,15.0,0.13,15.0,0.12,15.0,0.11,15.0,0.23,0.1,0.24,6.0,0.26,10.0,0.29,15.0,0.3,15.0,0.77,0.1,0.76,6.0,0.74,10.0,0.71,15.0,0.7,15.0,0.85,15.0,0.86,15.0,0.87,15.0,0.88,15.0,0.89,15.0,0.08,0.08,44.822856,1776162794000
1776162796.377,196.377,0.15,15.0,0.14,15.0,0.13,15.0,0.12,15.0,0.11,15.0,0.23,0.1,0.24,6.0,0.26,10.0,0.29,15.0,0.3,15.0,0.77,0.1,0.76,6.0,0.74,10.0,0.71,15.0,0.7,15.0,0.85,15.0,0.86,15.0,0.87,15.0,0.88,15.0,0.89,15.0,0.08,0.08,44.819949,1776162795000
1776162797.0,197.0,0.15,15.0,0.14,15.0,0.13,15.0,0.12,15.0,0.11,15.0,0.23,0.1,0.24,6.0,0.26,10.0,0.29,15.0,0.3,15.0,0.77,0.1,0.76,6.0,0.74,10.0,0.71,15.0,0.7,15.0,0.85,15.0,0.86,15.0,0.87,15.0,0.88,15.0,0.89,15.0,0.08,0.08,44.819364,1776162796000
1776162798.071,198.071,0.15,15.0,0.14,15.0,0.13,15.0,0.12,15.0,0.11,15.0,0.23,0.1,0.24,6.0,0.26,10.0,0.29,15.0,0.3,15.0,0.77,0.1,0.76,6.0,0.74,10.0,0.71,15.0,0.7,15.0,0.85,15.0,0.86,15.0,0.87,15.0,0.88,15.0,0.89,15.0,0.08,0.08,44.814925,1776162797000
1776162799.204,199.204,0.15,15.0,0.14,15.0,0.13,15.0,0.12,15.0,0.11,15.0,0.23,0.1,0.24,6.0,0.26,10.0,0.29,15.0,0.3,15.0,0.77,0.1,0.76,6.0,0.74,10.0,0.71,15.0,0.7,15.0,0.85,15.0,0.86,15.0,0.87,15.0,0.88,15.0,0.89,15.0,0.08,0.08,44.815279,1776162798000
1776162800.405,200.405,0.15,15.0,0.14,15.0,0.13,15.0,0.12,15.0,0.11,15.0,0.23,0.1,0.24,6.0,0.26,10.0,0.29,15.0,0.3,15.0,0.77,0.1,0.76,6.0,0.74,10.0,0.71,15.0,0.7,15.0,0.85,15.0,0.86,15.0,0.87,15.0,0.88,15.0,0.89,15.0,0.08,0.08,44.814633,1776162799000
1776162800.889,200.889,0.15,15.0,0.14,15.0,0.13,15.0,0.12,15.0,0.11,15.0,0.23,0.1,0.24,6.0,0.26,10.0,0.29,15.0,0.3,15.0,0.77,0.1,0.76,6.0,0.74,10.0,0.71,15.0,0.7,15.0,0.85,15.0,0.86,15.0,0.87,15.0,0.88,15.0,0.89,15.0,0.08,0.08,44.814633,1776162800000
1776162803.172,203.172,0.15,15.0,0.14,15.0,0.13,15.0,0.12,15.0,0.11,15.0,0.23,0.1,0.24,6.0,0.26,10.0,0.29,15.0,0.3,15.0,0.77,0.1,0.76,6.0,0.74,10.0,0.71,15.0,0.7,15.0,0.85,15.0,0.86,15.0,0.87,15.0,0.88,15.0,0.89,15.0,0.08,0.08,44.814528,1776162801000
1776162804.084,204.084,0.15,15.0,0.14,15.0,0.13,15.0,0.12,15.0,0.11,15.0,0.23,0.1,0.24,6.0,0.26,10.0,0.29,15.0,0.3,15.0,0.77,0.1,0.76,6.0,0.74,10.0,0.71,15.0,0.7,15.0,0.85,15.0,0.86,15.0,0.87,15.0,0.88,15.0,0.89,15.0,0.08,0.08,44.814528,1776162802000
1776162804.369,204.369,0.23,12.4,0.22,15.0,0.21,15.0,0.2,15.0,0.19,25.0,0.36,10.0,0.38,15.0,0.39,15.0,0.4,15.0,0.41,15.0,0.77,0.1,0.76,6.0,0.74,10.0,0.71,15.0,0.7,15.0,0.85,15.0,0.86,15.0,0.87,15.0,0.88,15.0,0.89,15.0,0.13,0.08,44.814528,1776162802000
1776162805.231,205.231,0.23,12.4,0.22,15.0,0.21,15.0,0.2,15.0,0.19,25.0,0.36,10.0,0.38,15.0,0.39,15.0,0.4,15.0,0.41,15.0,0.64,10.0,0.62,15.0,0.61,15.0,0.6,15.0,0.59,15.0,0.77,12.4,0.78,15.0,0.79,15.0,0.8,15.0,0.81,25.0,0.13,0.13,44.820424,1776162803000
1776162806.158,206.158,0.23,12.4,0.22,15.0,0.21,15.0,0.2,15.0,0.19,25.0,0.36,10.0,0.38,15.0,0.39,15.0,0.4,15.0,0.41,15.0,0.64,10.0,0.62,15.0,0.61,15.0,0.6,15.0,0.59,15.0,0.77,12.4,0.78,15.0,0.79,15.0,0.8,15.0,0.81,25.0,0.13,0.13,44.821164,1776162804000
1776162807.044,207.044,0.23,12.4,0.22,15.0,0.21,15.0,0.2,15.0,0.19,25.0,0.36,10.0,0.38,15.0,0.39,15.0,0.4,15.0,0.41,15.0,0.64,10.0,0.62,15.0,0.61,15.0,0.6,15.0,0.59,15.0,0.77,12.4,0.78,15.0,0.79,15.0,0.8,15.0,0.81,25.0,0.13,0.13,44.826537,1776162805000
1776162808.039,208.039,0.23,12.4,0.22,15.0,0.21,15.0,0.2,15.0,0.19,25.0,0.36,10.0,0.38,15.0,0.39,15.0,0.4,15.0,0.41,15.0,0.64,10.0,0.62,15.0,0.61,15.0,0.6,15.0,0.59,15.0,0.77,12.4,0.78,15.0,0.79,15.0,0.8,15.0,0.81,25.0,0.13,0.13,44.830807,1776162806000
1776162808.99,208.99,0.23,12.4,0.22,15.0,0.21,15.0,0.2,15.0,0.19,25.0,0.36,10.0,0.38,15.0,0.39,15.0,0.4,15.0,0.41,15.0,0.64,10.0,0.62,15.0,0.61,15.0,0.6,15.0,0.59,15.0,0.77,12.4,0.78,15.0,0.79,15.0,0.8,15.0,0.81,25.0,0.13,0.13,44.8325,1776162807000
1776162809.779,209.779,0.23,12.4,0.22,15.0,0.21,15.0,0.2,15.0,0.19,25.0,0.36,10.0,0.38,15.0,0.39,15.0,0.4,15.0,0.41,15.0,0.64,10.0,0.62,15.0,0.61,15.0,0.6,15.0,0.59,15.0,0.77,12.4,0.78,15.0,0.79,15.0,0.8,15.0,0.81,25.0,0.13,0.13,44.83201,1776162808000
1776162810.521,210.521,0.23,12.4,0.22,15.0,0.21,15.0,0.2,15.0,0.19,25.0,0.36,10.0,0.38,15.0,0.39,15.0,0.4,15.0,0.41,15.0,0.64,10.0,0.62,15.0,0.61,15.0,0.6,15.0,0.59,15.0,0.77,12.4,0.78,15.0,0.79,15.0,0.8,15.0,0.81,25.0,0.13,0.13,44.826478,1776162809000
1776162810.721,210.721,0.19,4.9,0.18,15.0,0.17,15.0,0.16,15.0,0.15,15.0,0.3,17.0,0.4,15.0,0.41,15.0,0.42,15.0,0.43,15.0,0.7,17.0,0.6,15.0,0.59,15.0,0.58,15.0,0.57,15.0,0.81,9.95,0.82,15.0,0.83,15.0,0.84,15.0,0.85,15.0,0.11,0.11,44.826478,1776162809000
1776162811.192,211.192,0.19,4.9,0.18,15.0,0.17,15.0,0.16,15.0,0.15,15.0,0.3,17.0,0.4,15.0,0.41,15.0,0.42,15.0,0.43,15.0,0.7,17.0,0.6,15.0,0.59,15.0,0.58,15.0,0.57,15.0,0.81,4.9,0.82,15.0,0.83,15.0,0.84,15.0,0.85,15.0,0.11,0.11,44.824808,1776162810000
1776162812.486,212.486,0.19,4.9,0.18,15.0,0.17,15.0,0.16,15.0,0.15,15.0,0.3,17.0,0.4,15.0,0.41,15.0,0.42,15.0,0.43,15.0,0.7,17.0,0.6,15.0,0.59,15.0,0.58,15.0,0.57,15.0,0.81,4.9,0.82,15.0,0.83,15.0,0.84,15.0,0.85,15.0,0.11,0.11,44.826256,1776162811000
1776162813.248,213.248,0.19,4.9,0.18,15.0,0.17,15.0,0.16,15.0,0.15,15.0,0.3,17.0,0.4,15.0,0.41,15.0,0.42,15.0,0.43,15.0,0.7,17.0,0.6,15.0,0.59,15.0,0.58,15.0,0.57,15.0,0.81,4.9,0.82,15.0,0.83,15.0,0.84,15.0,0.85,15.0,0.11,0.11,44.826256,1776162812000
1776162814.522,214.522,0.19,4.9,0.18,15.0,0.17,15.0,0.16,15.0,0.15,15.0,0.3,17.0,0.4,15.0,0.41,15.0,0.42,15.0,0.43,15.0,0.7,17.0,0.6,15.0,0.59,15.0,0.58,15.0,0.57,15.0,0.81,4.9,0.82,15.0,0.83,15.0,0.84,15.0,0.85,15.0,0.11,0.11,44.823102,1776162813000
1776162815.066,215.066,0.19,4.9,0.18,15.0,0.17,15.0,0.16,15.0,0.15,15.0,0.3,17.0,0.4,15.0,0.41,15.0,0.42,15.0,0.43,15.0,0.7,17.0,0.6,15.0,0.59,15.0,0.58,15.0,0.57,15.0,0.81,4.9,0.82,15.0,0.83,15.0,0.84,15.0,0.85,15.0,0.11,0.11,44.823737,1776162814000
1776162816.553,216.553,0.19,4.9,0.18,15.0,0.17,15.0,0.16,15.0,0.15,15.0,0.3,17.0,0.4,15.0,0.41,15.0,0.42,15.0,0.43,15.0,0.7,17.0,0.6,15.0,0.59,15.0,0.58,15.0,0.57,15.0,0.81,4.9,0.82,15.0,0.83,15.0,0.84,15.0,0.85,15.0,0.11,0.11,44.825679,1776162815000
1776162817.352,217.352,0.19,4.9,0.18,15.0,0.17,15.0,0.16,15.0,0.15,15.0,0.3,17.0,0.4,15.0,0.41,15.0,0.42,15.0,0.43,15.0,0.7,17.0,0.6,15.0,0.59,15.0,0.58,15.0,0.57,15.0,0.81,4.9,0.82,15.0,0.83,15.0,0.84,15.0,0.85,15.0,0.11,0.11,44.826652,1776162816000
1776162817.999,217.999,0.19,4.9,0.18,15.0,0.17,15.0,0.16,15.0,0.15,15.0,0.3,17.0,0.4,15.0,0.41,15.0,0.42,15.0,0.43,15.0,0.7,17.0,0.6,15.0,0.59,15.0,0.58,15.0,0.57,15.0,0.81,4.9,0.82,15.0,0.83,15.0,0.84,15.0,0.85,15.0,0.11,0.11,44.827586,1776162817000
1776162819.209,219.209,0.19,4.9,0.18,15.0,0.17,15.0,0.16,15.0,0.15,15.0,0.3,17.0,0.4,15.0,0.41,15.0,0.42,15.0,0.43,15.0,0.7,17.0,0.6,15.0,0.59,15.0,0.58,15.0,0.57,15.0,0.81,4.9,0.82,15.0,0.83,15.0,0.84,15.0,0.85,15.0,0.11,0.11,44.828118,1776162818000
1776162820.889,220.889,0.19,4.9,0.18,15.0,0.17,15.0,0.16,15.0,0.15,15.0,0.3,17.0,0.4,15.0,0.41,15.0,0.42,15.0,0.43,15.0,0.7,17.0,0.6,15.0,0.59,15.0,0.58,15.0,0.57,15.0,0.81,4.9,0.82,15.0,0.83,15.0,0.84,15.0,0.85,15.0,0.11,0.11,44.82818,1776162819000
1776162821.437,221.437,0.19,4.9,0.18,15.0,0.17,15.0,0.16,15.0,0.15,15.0,0.3,17.0,0.4,15.0,0.41,15.0,0.42,15.0,0.43,15.0,0.7,17.0,0.6,15.0,0.59,15.0,0.58,15.0,0.57,15.0,0.81,4.9,0.82,15.0,0.83,15.0,0.84,15.0,0.85,15.0,0.11,0.11,44.828498,1776162820000
1776162822.413,222.413,0.19,4.9,0.18,15.0,0.17,15.0,0.16,15.0,0.15,15.0,0.3,17.0,0.4,15.0,0.41,15.0,0.42,15.0,0.43,15.0,0.7,17.0,0.6,15.0,0.59,15.0,0.58,15.0,0.57,15.0,0.81,4.9,0.82,15.0,0.83,15.0,0.84,15.0,0.85,15.0,0.11,0.11,44.828498,1776162821000
1776162822.876,222.876,0.19,4.9,0.18,15.0,0.17,15.0,0.16,15.0,0.15,15.0,0.3,17.0,0.4,15.0,0.41,15.0,0.42,15.0,0.43,15.0,0.7,17.0,0.6,15.0,0.59,15.0,0.58,15.0,0.57,15.0,0.81,4.9,0.82,15.0,0.83,15.0,0.84,15.0,0.85,15.0,0.11,0.11,44.828498,1776162822000
1776162823.851,223.851,0.19,4.9,0.18,15.0,0.17,15.0,0.16,15.0,0.15,15.0,0.3,17.0,0.4,15.0,0.41,15.0,0.42,15.0,0.43,15.0,0.7,17.0,0.6,15.0,0.59,15.0,0.58,15.0,0.57,15.0,0.81,4.9,0.82,15.0,0.83,15.0,0.84,15.0,0.85,15.0,0.11,0.11,44.828816,1776162823000
1776162825.26,225.26,0.19,4.9,0.18,15.0,0.17,15.0,0.16,15.0,0.15,15.0,0.3,17.0,0.4,15.0,0.41,15.0,0.42,15.0,0.43,15.0,0.7,17.0,0.6,15.0,0.59,15.0,0.58,15.0,0.57,15.0,0.81,4.9,0.82,15.0,0.83,15.0,0.84,15.0,0.85,15.0,0.11,0.11,44.825638,1776162824000
1776162826.074,226.074,0.19,4.9,0.18,15.0,0.17,15.0,0.16,15.0,0.15,15.0,0.3,17.0,0.4,15.0,0.41,15.0,0.42,15.0,0.43,15.0,0.7,17.0,0.6,15.0,0.59,15.0,0.58,15.0,0.57,15.0,0.81,4.9,0.82,15.0,0.83,15.0,0.84,15.0,0.85,15.0,0.11,0.11,44.825638,1776162825000
1776162827.078,227.078,0.19,4.9,0.18,15.0,0.17,15.0,0.16,15.0,0.15,15.0,0.3,17.0,0.4,15.0,0.41,15.0,0.42,15.0,0.43,15.0,0.7,17.0,0.6,15.0,0.59,15.0,0.58,15.0,0.57,15.0,0.81,4.9,0.82,15.0,0.83,15.0,0.84,15.0,0.85,15.0,0.11,0.11,44.825638,1776162826000
1776162828.027,228.027,0.19,4.9,0.18,15.0,0.17,15.0,0.16,15.0,0.15,15.0,0.3,17.0,0.4,15.0,0.41,15.0,0.42,15.0,0.43,15.0,0.7,17.0,0.6,15.0,0.59,15.0,0.58,15.0,0.57,15.0,0.81,4.9,0.82,15.0,0.83,15.0,0.84,15.0,0.85,15.0,0.11,0.11,44.826755,1776162827000
1776162828.575,228.575,0.2,15.0,0.19,4.9,0.18,15.0,0.17,15.0,0.16,15.0,0.22,6.0,0.38,10.0,0.44,15.0,0.45,15.0,0.46,15.0,0.7,17.0,0.6,15.0,0.59,15.0,0.58,15.0,0.57,15.0,0.81,4.9,0.82,15.0,0.83,15.0,0.84,15.0,0.85,15.0,0.02,0.11,44.826755,1776162827000
1776162829.077,229.077,0.2,15.0,0.19,4.9,0.18,15.0,0.17,15.0,0.16,15.0,0.22,6.0,0.38,10.0,0.44,15.0,0.45,15.0,0.46,15.0,0.78,6.0,0.62,10.0,0.56,15.0,0.55,15.0,0.54,15.0,0.8,15.0,0.81,4.9,0.82,15.0,0.83,15.0,0.84,15.0,0.02,0.02,44.826755,1776162828000
1776162830.004,230.004,0.2,15.0,0.19,4.9,0.18,15.0,0.17,15.0,0.16,15.0,0.22,6.0,0.38,10.0,0.44,15.0,0.45,15.0,0.46,15.0,0.78,6.0,0.62,10.0,0.56,15.0,0.55,15.0,0.54,15.0,0.8,15.0,0.81,4.9,0.82,15.0,0.83,15.0,0.84,15.0,0.02,0.02,44.829174,1776162829000
1776162831.09,231.09,0.2,15.0,0.19,4.9,0.18,15.0,0.17,15.0,0.16,15.0,0.22,6.0,0.38,10.0,0.44,15.0,0.45,15.0,0.46,15.0,0.78,6.0,0.62,10.0,0.56,15.0,0.55,15.0,0.54,15.0,0.8,15.0,0.81,4.9,0.82,15.0,0.83,15.0,0.84,15.0,0.02,0.02,44.831601,1776162830000
1776162831.925,231.925,0.2,15.0,0.19,4.9,0.18,15.0,0.17,15.0,0.16,15.0,0.22,6.0,0.38,10.0,0.44,15.0,0.45,15.0,0.46,15.0,0.78,6.0,0.62,10.0,0.56,15.0,0.55,15.0,0.54,15.0,0.8,15.0,0.81,4.9,0.82,15.0,0.83,15.0,0.84,15.0,0.02,0.02,44.838065,1776162831000
1776162832.799,232.799,0.2,15.0,0.19,4.9,0.18,15.0,0.17,15.0,0.16,15.0,0.22,6.0,0.38,10.0,0.44,15.0,0.45,15.0,0.46,15.0,0.78,6.0,0.62,10.0,0.56,15.0,0.55,15.0,0.54,15.0,0.8,15.0,0.81,4.9,0.82,15.0,0.83,15.0,0.84,15.0,0.02,0.02,44.8381,1776162832000
1776162833.85,233.85,0.2,15.0,0.19,4.9,0.18,15.0,0.17,15.0,0.16,15.0,0.22,6.0,0.38,10.0,0.44,15.0,0.45,15.0,0.46,15.0,0.78,6.0,0.62,10.0,0.56,15.0,0.55,15.0,0.54,15.0,0.8,15.0,0.81,4.9,0.82,15.0,0.83,15.0,0.84,15.0,0.02,0.02,44.839529,1776162833000
1776162835.883,235.883,0.2,15.0,0.19,4.9,0.18,15.0,0.17,15.0,0.16,15.0,0.22,6.0,0.38,10.0,0.44,15.0,0.45,15.0,0.46,15.0,0.78,6.0,0.62,10.0,0.56,15.0,0.55,15.0,0.54,15.0,0.8,15.0,0.81,4.9,0.82,15.0,0.83,15.0,0.84,15.0,0.02,0.02,44.843496,1776162834000
1776162836.399,236.399,0.2,15.0,0.19,4.9,0.18,15.0,0.17,15.0,0.16,15.0,0.22,6.0,0.38,10.0,0.44,15.0,0.45,15.0,0.46,15.0,0.78,6.0,0.62,10.0,0.56,15.0,0.55,15.0,0.54,15.0,0.8,15.0,0.81,4.9,0.82,15.0,0.83,15.0,0.84,15.0,0.02,0.02,44.843478,1776162835000
1776162837.145,237.145,0.2,15.0,0.19,4.9,0.18,15.0,0.17,15.0,0.16,15.0,0.22,6.0,0.38,10.0,0.44,15.0,0.45,15.0,0.46,15.0,0.78,6.0,0.62,10.0,0.56,15.0,0.55,15.0,0.54,15.0,0.8,15.0,0.81,4.9,0.82,15.0,0.83,15.0,0.84,15.0,0.02,0.02,44.843478,1776162836000
1776162838.757,238.757,0.2,15.0,0.19,4.9,0.18,15.0,0.17,15.0,0.16,15.0,0.22,6.0,0.38,10.0,0.44,15.0,0.45,15.0,0.46,15.0,0.78,6.0,0.62,10.0,0.56,15.0,0.55,15.0,0.54,15.0,0.8,15.0,0.81,4.9,0.82,15.0,0.83,15.0,0.84,15.0,0.02,0.02,44.844121,1776162837000
1776162839.366,239.366,0.2,15.0,0.19,4.9,0.18,15.0,0.17,15.0,0.16,15.0,0.22,6.0,0.38,10.0,0.44,15.0,0.45,15.0,0.46,15.0,0.78,6.0,0.62,10.0,0.56,15.0,0.55,15.0,0.54,15.0,0.8,15.0,0.81,4.9,0.82,15.0,0.83,15.0,0.84,15.0,0.02,0.02,44.839728,1776162838000
1776162840.243,240.243,0.2,15.0,0.19,4.9,0.18,15.0,0.17,15.0,0.16,15.0,0.22,6.0,0.38,10.0,0.44,15.0,0.45,15.0,0.46,15.0,0.78,6.0,0.62,10.0,0.56,15.0,0.55,15.0,0.54,15.0,0.8,15.0,0.81,4.9,0.82,15.0,0.83,15.0,0.84,15.0,0.02,0.02,44.837611,1776162839000
1776162841.646,241.646,0.2,15.0,0.19,4.9,0.18,15.0,0.17,15.0,0.16,15.0,0.22,6.0,0.38,10.0,0.44,15.0,0.45,15.0,0.46,15.0,0.78,6.0,0.62,10.0,0.56,15.0,0.55,15.0,0.54,15.0,0.8,15.0,0.81,4.9,0.82,15.0,0.83,15.0,0.84,15.0,0.02,0.02,44.833076,1776162840000
1776162842.413,242.413,0.2,15.0,0.19,4.9,0.18,15.0,0.17,15.0,0.16,15.0,0.22,6.0,0.38,10.0,0.44,15.0,0.45,15.0,0.46,15.0,0.78,6.0,0.62,10.0,0.56,15.0,0.55,15.0,0.54,15.0,0.8,15.0,0.81,4.9,0.82,15.0,0.83,15.0,0.84,15.0,0.02,0.02,44.833398,1776162841000
1776162843.196,243.196,0.2,15.0,0.19,4.9,0.18,15.0,0.17,15.0,0.16,15.0,0.22,6.0,0.38,10.0,0.44,15.0,0.45,15.0,0.46,15.0,0.78,6.0,0.62,10.0,0.56,15.0,0.55,15.0,0.54,15.0,0.8,15.0,0.81,4.9,0.82,15.0,0.83,15.0,0.84,15.0,0.02,0.02,44.833959,1776162842000
1776162844.815,244.815,0.2,15.0,0.19,4.9,0.18,15.0,0.17,15.0,0.16,15.0,0.22,6.0,0.38,10.0,0.44,15.0,0.45,15.0,0.46,15.0,0.78,6.0,0.62,10.0,0.56,15.0,0.55,15.0,0.54,15.0,0.8,15.0,0.81,4.9,0.82,15.0,0.83,15.0,0.84,15.0,0.02,0.02,44.839079,1776162843000
1776162845.6,245.6,0.2,15.0,0.19,4.9,0.18,15.0,0.17,15.0,0.16,15.0,0.22,6.0,0.38,10.0,0.44,15.0,0.45,15.0,0.46,15.0,0.78,6.0,0.62,10.0,0.56,15.0,0.55,15.0,0.54,15.0,0.8,15.0,0.81,4.9,0.82,15.0,0.83,15.0,0.84,15.0,0.02,0.02,44.840983,1776162844000
1776162846.262,246.262,0.2,15.0,0.19,4.9,0.18,15.0,0.17,15.0,0.16,15.0,0.22,6.0,0.38,10.0,0.44,15.0,0.45,15.0,0.46,15.0,0.78,6.0,0.62,10.0,0.56,15.0,0.55,15.0,0.54,15.0,0.8,15.0,0.81,4.9,0.82,15.0,0.83,15.0,0.84,15.0,0.02,0.02,44.842869,1776162845000
1776162847.846,247.846,0.2,15.0,0.19,4.9,0.18,15.0,0.17,15.0,0.16,15.0,0.22,6.0,0.38,10.0,0.44,15.0,0.45,15.0,0.46,15.0,0.78,6.0,0.62,10.0,0.56,15.0,0.55,15.0,0.54,15.0,0.8,15.0,0.81,4.9,0.82,15.0,0.83,15.0,0.84,15.0,0.02,0.02,44.842867,1776162846000
1776162848.679,248.679,0.2,15.0,0.19,4.9,0.18,15.0,0.17,15.0,0.16,15.0,0.22,6.0,0.38,10.0,0.44,15.0,0.45,15.0,0.46,15.0,0.78,6.0,0.62,10.0,0.56,15.0,0.55,15.0,0.54,15.0,0.8,15.0,0.81,4.9,0.82,15.0,0.83,15.0,0.84,15.0,0.02,0.02,44.843017,1776162847000
1776162849.238,249.238,0.2,15.0,0.19,4.9,0.18,15.0,0.17,15.0,0.16,15.0,0.22,6.0,0.38,10.0,0.44,15.0,0.45,15.0,0.46,15.0,0.78,6.0,0.62,10.0,0.56,15.0,0.55,15.0,0.54,15.0,0.8,15.0,0.81,4.9,0.82,15.0,0.83,15.0,0.84,15.0,0.02,0.02,44.846883,1776162848000
1776162850.719,250.719,0.2,15.0,0.19,4.9,0.18,15.0,0.17,15.0,0.16,15.0,0.22,6.0,0.38,10.0,0.44,15.0,0.45,15.0,0.46,15.0,0.78,6.0,0.62,10.0,0.56,15.0,0.55,15.0,0.54,15.0,0.8,15.0,0.81,4.9,0.82,15.0,0.83,15.0,0.84,15.0,0.02,0.02,44.848664,1776162849000
1776162851.581,251.581,0.2,15.0,0.19,4.9,0.18,15.0,0.17,15.0,0.16,15.0,0.22,6.0,0.38,10.0,0.44,15.0,0.45,15.0,0.46,15.0,0.78,6.0,0.62,10.0,0.56,15.0,0.55,15.0,0.54,15.0,0.8,15.0,0.81,4.9,0.82,15.0,0.83,15.0,0.84,15.0,0.02,0.02,44.848664,1776162850000
1776162852.281,252.281,0.2,15.0,0.19,4.9,0.18,15.0,0.17,15.0,0.16,15.0,0.22,6.0,0.38,10.0,0.44,15.0,0.45,15.0,0.46,15.0,0.78,6.0,0.62,10.0,0.56,15.0,0.55,15.0,0.54,15.0,0.8,15.0,0.81,4.9,0.82,15.0,0.83,15.0,0.84,15.0,0.02,0.02,44.850117,1776162851000
1776162853.997,253.997,0.2,15.0,0.19,4.9,0.18,15.0,0.17,15.0,0.16,15.0,0.22,6.0,0.38,10.0,0.44,15.0,0.45,15.0,0.46,15.0,0.78,6.0,0.62,10.0,0.56,15.0,0.55,15.0,0.54,15.0,0.8,15.0,0.81,4.9,0.82,15.0,0.83,15.0,0.84,15.0,0.02,0.02,44.850491,1776162853000
1776162854.934,254.934,0.2,15.0,0.19,4.9,0.18,15.0,0.17,15.0,0.16,15.0,0.22,6.0,0.38,10.0,0.44,15.0,0.45,15.0,0.46,15.0,0.78,6.0,0.62,10.0,0.56,15.0,0.55,15.0,0.54,15.0,0.8,15.0,0.81,4.9,0.82,15.0,0.83,15.0,0.84,15.0,0.02,0.02,44.853037,1776162854000
1776162855.977,255.977,0.2,15.0,0.19,4.9,0.18,15.0,0.17,15.0,0.16,15.0,0.22,6.0,0.38,10.0,0.44,15.0,0.45,15.0,0.46,15.0,0.78,6.0,0.62,10.0,0.56,15.0,0.55,15.0,0.54,15.0,0.8,15.0,0.81,4.9,0.82,15.0,0.83,15.0,0.84,15.0,0.02,0.02,44.846817,1776162855000
1776162856.979,256.979,0.2,15.0,0.19,4.9,0.18,15.0,0.17,15.0,0.16,15.0,0.22,6.0,0.38,10.0,0.44,15.0,0.45,15.0,0.46,15.0,0.78,6.0,0.62,10.0,0.56,15.0,0.55,15.0,0.54,15.0,0.8,15.0,0.81,4.9,0.82,15.0,0.83,15.0,0.84,15.0,0.02,0.02,44.845793,1776162856000
1776162857.95,257.95,0.2,15.0,0.19,4.9,0.18,15.0,0.17,15.0,0.16,15.0,0.22,6.0,0.38,10.0,0.44,15.0,0.45,15.0,0.46,15.0,0.78,6.0,0.62,10.0,0.56,15.0,0.55,15.0,0.54,15.0,0.8,15.0,0.81,4.9,0.82,15.0,0.83,15.0,0.84,15.0,0.02,0.02,44.845124,1776162857000
1776162859.122,259.122,0.2,15.0,0.19,4.9,0.18,15.0,0.17,15.0,0.16,15.0,0.22,6.0,0.38,10.0,0.44,15.0,0.45,15.0,0.46,15.0,0.78,6.0,0.62,10.0,0.56,15.0,0.55,15.0,0.54,15.0,0.8,15.0,0.81,4.9,0.82,15.0,0.83,15.0,0.84,15.0,0.02,0.02,44.844902,1776162858000
1776162860.019,260.019,0.2,15.0,0.19,4.9,0.18,15.0,0.17,15.0,0.16,15.0,0.22,6.0,0.38,10.0,0.44,15.0,0.45,15.0,0.46,15.0,0.78,6.0,0.62,10.0,0.56,15.0,0.55,15.0,0.54,15.0,0.8,15.0,0.81,4.9,0.82,15.0,0.83,15.0,0.84,15.0,0.02,0.02,44.844238,1776162859000
1776162861.006,261.006,0.2,15.0,0.19,4.9,0.18,15.0,0.17,15.0,0.16,15.0,0.22,6.0,0.38,10.0,0.44,15.0,0.45,15.0,0.46,15.0,0.78,6.0,0.62,10.0,0.56,15.0,0.55,15.0,0.54,15.0,0.8,15.0,0.81,4.9,0.82,15.0,0.83,15.0,0.84,15.0,0.02,0.02,44.842298,1776162860000
1776162862.005,262.005,0.2,15.0,0.19,4.9,0.18,15.0,0.17,15.0,0.16,15.0,0.22,6.0,0.38,10.0,0.44,15.0,0.45,15.0,0.46,15.0,0.78,6.0,0.62,10.0,0.56,15.0,0.55,15.0,0.54,15.0,0.8,15.0,0.81,4.9,0.82,15.0,0.83,15.0,0.84,15.0,0.02,0.02,44.842128,1776162861000
1776162862.913,262.913,0.2,15.0,0.19,4.9,0.18,15.0,0.17,15.0,0.16,15.0,0.22,6.0,0.38,10.0,0.44,15.0,0.45,15.0,0.46,15.0,0.78,6.0,0.62,10.0,0.56,15.0,0.55,15.0,0.54,15.0,0.8,15.0,0.81,4.9,0.82,15.0,0.83,15.0,0.84,15.0,0.02,0.02,44.844329,1776162862000
1776162863.967,263.967,0.2,15.0,0.19,4.9,0.18,15.0,0.17,15.0,0.16,15.0,0.22,6.0,0.38,10.0,0.44,15.0,0.45,15.0,0.46,15.0,0.78,6.0,0.62,10.0,0.56,15.0,0.55,15.0,0.54,15.0,0.8,15.0,0.81,4.9,0.82,15.0,0.83,15.0,0.84,15.0,0.02,0.02,44.848173,1776162863000
1776162864.925,264.925,0.2,15.0,0.19,4.9,0.18,15.0,0.17,15.0,0.16,15.0,0.22,6.0,0.38,10.0,0.44,15.0,0.45,15.0,0.46,15.0,0.78,6.0,0.62,10.0,0.56,15.0,0.55,15.0,0.54,15.0,0.8,15.0,0.81,4.9,0.82,15.0,0.83,15.0,0.84,15.0,0.02,0.02,44.848716,1776162864000
1776162865.881,265.881,0.2,15.0,0.19,4.9,0.18,15.0,0.17,15.0,0.16,15.0,0.22,6.0,0.38,10.0,0.44,15.0,0.45,15.0,0.46,15.0,0.78,6.0,0.62,10.0,0.56,15.0,0.55,15.0,0.54,15.0,0.8,15.0,0.81,4.9,0.82,15.0,0.83,15.0,0.84,15.0,0.02,0.02,44.848662,1776162865000
1776162867.544,267.544,0.2,15.0,0.19,4.9,0.18,15.0,0.17,15.0,0.16,15.0,0.22,6.0,0.38,10.0,0.44,15.0,0.45,15.0,0.46,15.0,0.78,6.0,0.62,10.0,0.56,15.0,0.55,15.0,0.54,15.0,0.8,15.0,0.81,4.9,0.82,15.0,0.83,15.0,0.84,15.0,0.02,0.02,44.845954,1776162866000
1776162868.075,268.075,0.2,15.0,0.19,4.9,0.18,15.0,0.17,15.0,0.16,15.0,0.22,6.0,0.38,10.0,0.44,15.0,0.45,15.0,0.46,15.0,0.78,6.0,0.62,10.0,0.56,15.0,0.55,15.0,0.54,15.0,0.8,15.0,0.81,4.9,0.82,15.0,0.83,15.0,0.84,15.0,0.02,0.02,44.846119,1776162867000
1776162869.009,269.009,0.2,15.0,0.19,4.9,0.18,15.0,0.17,15.0,0.16,15.0,0.22,6.0,0.38,10.0,0.44,15.0,0.45,15.0,0.46,15.0,0.78,6.0,0.62,10.0,0.56,15.0,0.55,15.0,0.54,15.0,0.8,15.0,0.81,4.9,0.82,15.0,0.83,15.0,0.84,15.0,0.02,0.02,44.848087,1776162868000
1776162870.093,270.093,0.2,15.0,0.19,4.9,0.18,15.0,0.17,15.0,0.16,15.0,0.22,6.0,0.38,10.0,0.44,15.0,0.45,15.0,0.46,15.0,0.78,6.0,0.62,10.0,0.56,15.0,0.55,15.0,0.54,15.0,0.8,15.0,0.81,4.9,0.82,15.0,0.83,15.0,0.84,15.0,0.02,0.02,44.848029,1776162869000
1776162871.012,271.012,0.2,15.0,0.19,4.9,0.18,15.0,0.17,15.0,0.16,15.0,0.22,6.0,0.38,10.0,0.44,15.0,0.45,15.0,0.46,15.0,0.78,6.0,0.62,10.0,0.56,15.0,0.55,15.0,0.54,15.0,0.8,15.0,0.81,4.9,0.82,15.0,0.83,15.0,0.84,15.0,0.02,0.02,44.848029,1776162870000
1776162871.23,271.23,0.2,1.03,0.19,15.0,0.18,15.0,0.17,15.0,0.16,15.0,0.4,8.0,0.7,15.0,0.71,15.0,0.72,15.0,0.73,15.0,0.6,8.0,0.3,96.81,0.29,15.0,0.28,15.0,0.27,15.0,0.8,4.75,0.81,15.0,0.82,15.0,0.83,15.0,0.84,15.0,0.2,0.2,44.848029,1776162870000
1776162871.97,271.97,0.2,1.03,0.19,15.0,0.18,15.0,0.17,15.0,0.16,15.0,0.4,8.0,0.7,15.0,0.71,15.0,0.72,15.0,0.73,15.0,0.6,8.0,0.3,15.0,0.29,15.0,0.28,15.0,0.27,15.0,0.8,1.03,0.81,15.0,0.82,15.0,0.83,15.0,0.84,15.0,0.2,0.2,44.852181,1776162871000
1776162872.93,272.93,0.2,1.03,0.19,15.0,0.18,15.0,0.17,15.0,0.16,15.0,0.4,8.0,0.7,15.0,0.71,15.0,0.72,15.0,0.73,15.0,0.6,8.0,0.3,15.0,0.29,15.0,0.28,15.0,0.27,15.0,0.8,1.03,0.81,15.0,0.82,15.0,0.83,15.0,0.84,15.0,0.2,0.2,44.852719,1776162872000
1776162873.898,273.898,0.2,1.03,0.19,15.0,0.18,15.0,0.17,15.0,0.16,15.0,0.4,8.0,0.7,15.0,0.71,15.0,0.72,15.0,0.73,15.0,0.6,8.0,0.3,15.0,0.29,15.0,0.28,15.0,0.27,15.0,0.8,1.03,0.81,15.0,0.82,15.0,0.83,15.0,0.84,15.0,0.2,0.2,44.851337,1776162873000
1776162874.988,274.988,0.2,1.03,0.19,15.0,0.18,15.0,0.17,15.0,0.16,15.0,0.4,8.0,0.7,15.0,0.71,15.0,0.72,15.0,0.73,15.0,0.6,8.0,0.3,15.0,0.29,15.0,0.28,15.0,0.27,15.0,0.8,1.03,0.81,15.0,0.82,15.0,0.83,15.0,0.84,15.0,0.2,0.2,44.85357,1776162874000
1776162875.984,275.984,0.2,1.03,0.19,15.0,0.18,15.0,0.17,15.0,0.16,15.0,0.4,8.0,0.7,15.0,0.71,15.0,0.72,15.0,0.73,15.0,0.6,8.0,0.3,15.0,0.29,15.0,0.28,15.0,0.27,15.0,0.8,1.03,0.81,15.0,0.82,15.0,0.83,15.0,0.84,15.0,0.2,0.2,44.85288,1776162875000
1776162876.881,276.881,0.2,1.03,0.19,15.0,0.18,15.0,0.17,15.0,0.16,15.0,0.4,8.0,0.7,15.0,0.71,15.0,0.72,15.0,0.73,15.0,0.6,8.0,0.3,15.0,0.29,15.0,0.28,15.0,0.27,15.0,0.8,1.03,0.81,15.0,0.82,15.0,0.83,15.0,0.84,15.0,0.2,0.2,44.846944,1776162876000
1776162877.858,277.858,0.2,1.03,0.19,15.0,0.18,15.0,0.17,15.0,0.16,15.0,0.4,8.0,0.7,15.0,0.71,15.0,0.72,15.0,0.73,15.0,0.6,8.0,0.3,15.0,0.29,15.0,0.28,15.0,0.27,15.0,0.8,1.03,0.81,15.0,0.82,15.0,0.83,15.0,0.84,15.0,0.2,0.2,44.847204,1776162877000
1776162879.002,279.002,0.21,10.0,0.02,105.0,0.01,1321.0,,,,,0.38,10.0,0.9,100.0,0.98,5.0,0.99,1321.0,,,0.62,10.0,0.1,100.0,0.02,5.0,0.01,1321.0,,,0.79,10.0,0.98,105.0,0.99,1321.0,,,,,0.17,0.17,44.845572,1776162878000
1776162880.501,280.501,0.21,10.0,0.02,105.0,0.01,1321.0,,,,,0.38,10.0,0.9,100.0,0.98,5.0,0.99,1321.0,,,0.62,10.0,0.1,100.0,0.02,5.0,0.01,1321.0,,,0.79,10.0,0.98,105.0,0.99,1321.0,,,,,0.17,0.17,44.844394,1776162879000
1776162880.932,280.932,0.21,10.0,0.02,105.0,0.01,1321.0,,,,,0.38,10.0,0.9,100.0,0.98,5.0,0.99,1321.0,,,0.62,10.0,0.1,100.0,0.02,5.0,0.01,1321.0,,,0.79,10.0,0.98,105.0,0.99,1321.0,,,,,0.17,0.17,44.844164,1776162880000
1776162882.131,282.131,0.21,10.0,0.02,105.0,0.01,1321.0,,,,,0.38,10.0,0.9,100.0,0.98,5.0,0.99,1321.0,,,0.62,10.0,0.1,100.0,0.02,5.0,0.01,1321.0,,,0.79,10.0,0.98,105.0,0.99,1321.0,,,,,0.17,0.17,44.843825,1776162881000
1776162883.179,283.179,0.21,10.0,0.02,105.0,0.01,1321.0,,,,,0.38,10.0,0.9,100.0,0.98,5.0,0.99,1321.0,,,0.62,10.0,0.1,100.0,0.02,5.0,0.01,1321.0,,,0.79,10.0,0.98,105.0,0.99,1321.0,,,,,0.17,0.17,44.844022,1776162882000
1776162884.362,284.362,0.21,10.0,0.02,105.0,0.01,1321.0,,,,,0.38,10.0,0.9,100.0,0.98,5.0,0.99,1321.0,,,0.62,10.0,0.1,100.0,0.02,5.0,0.01,1321.0,,,0.79,10.0,0.98,105.0,0.99,1321.0,,,,,0.17,0.17,44.849214,1776162883000
1776162884.944,284.944,0.21,10.0,0.02,105.0,0.01,1321.0,,,,,0.38,10.0,0.9,100.0,0.98,5.0,0.99,1321.0,,,0.62,10.0,0.1,100.0,0.02,5.0,0.01,1321.0,,,0.79,10.0,0.98,105.0,0.99,1321.0,,,,,0.17,0.17,44.848694,1776162884000
1776162885.968,285.968,0.21,10.0,0.02,105.0,0.01,1321.0,,,,,0.38,10.0,0.9,100.0,0.98,5.0,0.99,1321.0,,,0.62,10.0,0.1,100.0,0.02,5.0,0.01,1321.0,,,0.79,10.0,0.98,105.0,0.99,1321.0,,,,,0.17,0.17,44.849844,1776162885000
1776162887.147,287.147,0.21,10.0,0.02,105.0,0.01,1321.0,,,,,0.38,10.0,0.9,100.0,0.98,5.0,0.99,1321.0,,,0.62,10.0,0.1,100.0,0.02,5.0,0.01,1321.0,,,0.79,10.0,0.98,105.0,0.99,1321.0,,,,,0.17,0.17,44.848616,1776162886000
1776162888.268,288.268,0.21,10.0,0.02,105.0,0.01,1321.0,,,,,0.38,10.0,0.9,100.0,0.98,5.0,0.99,1321.0,,,0.62,10.0,0.1,100.0,0.02,5.0,0.01,1321.0,,,0.79,10.0,0.98,105.0,0.99,1321.0,,,,,0.17,0.17,44.848932,1776162887000
1776162889.407,289.407,0.21,10.0,0.02,105.0,0.01,1321.0,,,,,0.38,10.0,0.9,100.0,0.98,5.0,0.99,1321.0,,,0.62,10.0,0.1,100.0,0.02,5.0,0.01,1321.0,,,0.79,10.0,0.98,105.0,0.99,1321.0,,,,,0.17,0.17,44.848339,1776162888000
1776162889.864,289.864,0.21,10.0,0.02,105.0,0.01,1321.0,,,,,0.38,10.0,0.9,100.0,0.98,5.0,0.99,1321.0,,,0.62,10.0,0.1,100.0,0.02,5.0,0.01,1321.0,,,0.79,10.0,0.98,105.0,0.99,1321.0,,,,,0.17,0.17,44.84861,1776162889000
1776162891.084,291.084,0.21,10.0,0.02,105.0,0.01,1321.0,,,,,0.38,10.0,0.9,100.0,0.98,5.0,0.99,1321.0,,,0.62,10.0,0.1,100.0,0.02,5.0,0.01,1321.0,,,0.79,10.0,0.98,105.0,0.99,1321.0,,,,,0.17,0.17,44.845455,1776162890000
1776162892.063,292.063,0.21,10.0,0.02,105.0,0.01,1321.0,,,,,0.38,10.0,0.9,100.0,0.98,5.0,0.99,1321.0,,,0.62,10.0,0.1,100.0,0.02,5.0,0.01,1321.0,,,0.79,10.0,0.98,105.0,0.99,1321.0,,,,,0.17,0.17,44.846263,1776162891000
1776162893.254,293.254,0.08,12.5,0.02,105.0,0.01,1321.0,,,,,0.25,6.0,0.9,100.0,0.98,5.0,0.99,1321.0,,,0.75,6.0,0.1,100.0,0.02,5.0,0.01,1321.0,,,0.92,12.5,0.98,105.0,0.99,1321.0,,,,,0.17,0.17,44.846147,1776162892000
1776162894.338,294.338,0.08,12.5,0.02,105.0,0.01,1321.0,,,,,0.25,6.0,0.9,100.0,0.98,5.0,0.99,1321.0,,,0.75,6.0,0.1,100.0,0.02,5.0,0.01,1321.0,,,0.92,12.5,0.98,105.0,0.99,1321.0,,,,,0.17,0.17,44.843165,1776162893000
1776162895.329,295.329,0.01,303.94,,,,,,,,,0.12,5.0,0.13,10.0,0.85,100.0,0.98,5.0,0.99,1321.0,0.75,6.0,0.1,100.0,0.02,5.0,0.01,1321.0,,,0.92,12.5,0.98,105.0,0.99,1321.0,,,,,0.11,0.17,44.843165,1776162893000
1776162896.021,296.021,0.01,303.94,,,,,,,,,0.12,5.0,0.13,10.0,0.85,100.0,0.98,5.0,0.99,1321.0,0.88,5.0,0.87,10.0,0.15,100.0,0.02,5.0,0.01,1321.0,0.99,303.94,,,,,,,,,0.11,0.11,44.837283,1776162895000
1776162896.515,296.515,0.01,163.83,,,,,,,,,0.12,15.0,0.98,5.0,0.99,1291.0,,,,,0.88,5.0,0.87,10.0,0.15,100.0,0.02,5.0,0.01,1321.0,0.99,303.94,,,,,,,,,0.11,0.11,44.837283,1776162895000
1776162896.771,296.771,0.01,160.79,,,,,,,,,0.12,15.0,0.98,5.0,0.99,1291.0,,,,,0.88,15.0,0.02,5.0,0.01,1291.0,,,,,0.99,163.83,,,,,,,,,0.11,0.11,44.837283,1776162895000
1776162897.385,297.385,0.01,135.79,,,,,,,,,0.12,15.0,0.98,5.0,0.99,191.0,,,,,0.88,15.0,0.02,5.0,0.01,1291.0,,,,,0.99,138.79,,,,,,,,,0.11,0.11,44.837283,1776162895000
1776162897.699,297.699,0.01,125.79,,,,,,,,,0.12,15.0,0.98,5.0,0.99,191.0,,,,,0.88,15.0,0.02,5.0,0.01,191.0,,,,,0.99,125.79,,,,,,,,,0.11,0.11,44.835039,1776162896000
1776162898.253,298.253,0.01,79.77,,,,,,,,,0.12,5.0,0.39,6.0,0.49,7.0,0.59,8.0,0.69,9.0,0.89,10.0,0.88,5.0,0.02,5.0,0.01,191.0,,,0.99,80.79,,,,,,,,,0.11,0.1,44.835039,1776162896000
1776162898.646,298.646,0.01,29.77,,,,,,,,,0.09,10.0,0.12,5.0,0.39,6.0,0.49,7.0,0.59,8.0,0.91,10.0,0.88,5.0,0.61,6.0,0.51,7.0,0.41,8.0,0.99,64.77,,,,,,,,,0.08,0.08,44.836188,1776162897000
1776162898.953,298.953,0.01,29.77,,,,,,,,,0.09,10.0,0.12,5.0,0.39,6.0,0.49,7.0,0.59,8.0,0.91,10.0,0.88,5.0,0.61,6.0,0.51,7.0,0.41,8.0,0.99,29.77,,,,,,,,,0.08,0.08,44.836057,1776162898000
1776162899.961,299.961,0.01,28.75,,,,,,,,,0.09,18.81,0.12,5.0,0.23,15.0,0.25,6.0,0.35,10.0,0.91,10.0,0.88,5.0,0.61,6.0,0.51,7.0,0.41,8.0,0.99,29.77,,,,,,,,,0.08,0.08,44.836057,1776162898000
1776162900.218,300.218,,,,,,,,,,,0.01,66.25,0.09,10.0,0.23,20.0,0.25,6.0,0.35,20.0,0.91,18.81,0.88,5.0,0.77,15.0,0.75,6.0,0.65,10.0,0.99,3.75,,,,,,,,,,0.08,44.835729,1776162899000
1776162901.175,301.175,,,,,,,,,,,0.01,66.25,0.09,10.0,0.23,20.0,0.25,6.0,0.35,20.0,0.99,66.25,0.91,10.0,0.77,20.0,0.75,6.0,0.65,20.0,,,,,,,,,,,,,44.835683,1776162900000
1776162902.123,302.123,,,,,,,,,,,0.01,66.25,0.09,10.0,0.23,20.0,0.25,6.0,0.35,20.0,0.99,66.25,0.91,10.0,0.77,20.0,0.75,6.0,0.65,20.0,,,,,,,,,,,,,44.835683,1776162901000

# RESULT,winner=Down,slug=hype-updown-5m-1776162600,ticks=312
