timestamp,elapsed_sec,up_bid_p1,up_bid_s1,up_bid_p2,up_bid_s2,up_ask_p1,up_ask_s1,up_ask_p2,up_ask_s2,down_bid_p1,down_bid_s1,down_bid_p2,down_bid_s2,down_ask_p1,down_ask_s1,down_ask_p2,down_ask_s2,up_spread,down_spread,hype_price,hype_oracle_ts
1776183901.737,1.737,0.11,100.0,0.09,50.0,0.89,100.0,0.91,50.0,0.4,12.0,0.11,100.0,0.61,12.0,0.89,100.0,0.78,0.21,43.630602,1776183899000
1776183902.236,2.236,0.36,13.0,0.11,100.0,0.57,11.0,0.89,100.0,0.4,12.0,0.11,100.0,0.61,12.0,0.89,100.0,0.21,0.21,43.631693,1776183900000
1776183903.116,3.116,0.36,13.0,0.11,100.0,0.57,11.0,0.89,100.0,0.43,11.0,0.11,100.0,0.64,13.0,0.89,100.0,0.21,0.21,43.631785,1776183902000
1776183904.498,4.498,0.36,13.0,0.11,100.0,0.57,11.0,0.89,100.0,0.43,11.0,0.11,100.0,0.64,13.0,0.89,100.0,0.21,0.21,43.631014,1776183903000
1776183905.347,5.347,0.36,13.0,0.11,100.0,0.57,11.0,0.89,100.0,0.43,11.0,0.11,100.0,0.64,13.0,0.89,100.0,0.21,0.21,43.630677,1776183904000
1776183906.118,6.118,0.36,13.0,0.11,100.0,0.57,11.0,0.89,100.0,0.43,11.0,0.11,100.0,0.64,13.0,0.89,100.0,0.21,0.21,43.630153,1776183905000
1776183907.015,7.015,0.36,13.0,0.11,100.0,0.57,11.0,0.89,100.0,0.43,11.0,0.11,100.0,0.64,13.0,0.89,100.0,0.21,0.21,43.628245,1776183906000
1776183908.1,8.1,0.36,13.0,0.11,100.0,0.57,11.0,0.89,100.0,0.43,11.0,0.11,100.0,0.64,13.0,0.89,100.0,0.21,0.21,43.630235,1776183907000
1776183909.182,9.182,0.36,13.0,0.11,100.0,0.57,11.0,0.89,100.0,0.43,11.0,0.11,100.0,0.64,13.0,0.89,100.0,0.21,0.21,43.629731,1776183908000
1776183910.145,10.145,0.36,13.0,0.11,100.0,0.57,11.0,0.89,100.0,0.43,11.0,0.11,100.0,0.64,13.0,0.89,100.0,0.21,0.21,43.630597,1776183909000
1776183911.258,11.258,0.36,13.0,0.11,100.0,0.57,11.0,0.89,100.0,0.43,11.0,0.11,100.0,0.64,13.0,0.89,100.0,0.21,0.21,43.631325,1776183910000
1776183912.232,12.232,0.36,13.0,0.11,100.0,0.57,11.0,0.89,100.0,0.43,11.0,0.11,100.0,0.64,13.0,0.89,100.0,0.21,0.21,43.631648,1776183911000
1776183913.414,13.414,0.36,13.0,0.11,100.0,0.57,11.0,0.89,100.0,0.43,11.0,0.11,100.0,0.64,13.0,0.89,100.0,0.21,0.21,43.63287,1776183912000
1776183913.924,13.924,0.36,13.0,0.11,100.0,0.57,11.0,0.89,100.0,0.43,11.0,0.11,100.0,0.64,13.0,0.89,100.0,0.21,0.21,43.63287,1776183913000
1776183914.99,14.99,0.36,13.0,0.11,100.0,0.57,11.0,0.89,100.0,0.43,11.0,0.11,100.0,0.64,13.0,0.89,100.0,0.21,0.21,43.634331,1776183914000
1776183916.156,16.156,0.36,13.0,0.11,100.0,0.57,11.0,0.89,100.0,0.43,11.0,0.11,100.0,0.64,13.0,0.89,100.0,0.21,0.21,43.63278,1776183915000
1776183917.281,17.281,0.36,13.0,0.11,100.0,0.57,11.0,0.89,100.0,0.43,11.0,0.11,100.0,0.64,13.0,0.89,100.0,0.21,0.21,43.63201,1776183916000
1776183918.114,18.114,0.36,13.0,0.11,100.0,0.57,11.0,0.89,100.0,0.43,11.0,0.11,100.0,0.64,13.0,0.89,100.0,0.21,0.21,43.635572,1776183917000
1776183919.388,19.388,0.36,13.0,0.11,100.0,0.57,11.0,0.89,100.0,0.43,11.0,0.11,100.0,0.64,13.0,0.89,100.0,0.21,0.21,43.636251,1776183918000
1776183919.88,19.88,0.36,13.0,0.11,100.0,0.57,11.0,0.89,100.0,0.43,11.0,0.11,100.0,0.64,13.0,0.89,100.0,0.21,0.21,43.634178,1776183919000
1776183921.343,21.343,0.36,13.0,0.11,100.0,0.57,11.0,0.89,100.0,0.43,11.0,0.11,100.0,0.64,13.0,0.89,100.0,0.21,0.21,43.631857,1776183920000
1776183922.276,22.276,0.36,13.0,0.11,100.0,0.57,11.0,0.89,100.0,0.43,11.0,0.11,100.0,0.64,13.0,0.89,100.0,0.21,0.21,43.630712,1776183921000
1776183923.439,23.439,0.36,13.0,0.11,100.0,0.57,11.0,0.89,100.0,0.43,11.0,0.11,100.0,0.64,13.0,0.89,100.0,0.21,0.21,43.630394,1776183922000
1776183923.965,23.965,0.36,13.0,0.11,100.0,0.57,11.0,0.89,100.0,0.43,11.0,0.11,100.0,0.64,13.0,0.89,100.0,0.21,0.21,43.629357,1776183923000
1776183925.126,25.126,0.36,13.0,0.11,100.0,0.57,11.0,0.89,100.0,0.43,11.0,0.11,100.0,0.64,13.0,0.89,100.0,0.21,0.21,43.628245,1776183924000
1776183926.12,26.12,0.36,13.0,0.11,100.0,0.57,11.0,0.89,100.0,0.43,11.0,0.11,100.0,0.64,13.0,0.89,100.0,0.21,0.21,43.627178,1776183925000
1776183927.296,27.296,0.36,13.0,0.11,100.0,0.57,11.0,0.89,100.0,0.43,11.0,0.11,100.0,0.64,13.0,0.89,100.0,0.21,0.21,43.627394,1776183926000
1776183928.362,28.362,0.36,13.0,0.11,100.0,0.57,11.0,0.89,100.0,0.43,11.0,0.11,100.0,0.64,13.0,0.89,100.0,0.21,0.21,43.627358,1776183927000
1776183929.516,29.516,0.36,13.0,0.11,100.0,0.57,11.0,0.89,100.0,0.43,11.0,0.11,100.0,0.64,13.0,0.89,100.0,0.21,0.21,43.623107,1776183928000
1776183930.181,30.181,0.36,13.0,0.11,100.0,0.57,11.0,0.89,100.0,0.43,11.0,0.11,100.0,0.64,13.0,0.89,100.0,0.21,0.21,43.621002,1776183929000
1776183931.345,31.345,0.36,13.0,0.11,100.0,0.57,11.0,0.89,100.0,0.43,11.0,0.11,100.0,0.64,13.0,0.89,100.0,0.21,0.21,43.618436,1776183930000
1776183931.853,31.853,0.36,13.0,0.11,100.0,0.57,11.0,0.89,100.0,0.43,11.0,0.11,100.0,0.64,13.0,0.89,100.0,0.21,0.21,43.618155,1776183931000
1776183933.14,33.14,0.36,13.0,0.11,100.0,0.57,11.0,0.89,100.0,0.43,11.0,0.11,100.0,0.64,13.0,0.89,100.0,0.21,0.21,43.617978,1776183932000
1776183934.956,34.956,0.36,13.0,0.11,100.0,0.57,11.0,0.89,100.0,0.43,11.0,0.11,100.0,0.64,13.0,0.89,100.0,0.21,0.21,43.617713,1776183933000
1776183935.406,35.406,0.36,13.0,0.11,100.0,0.57,11.0,0.89,100.0,0.43,11.0,0.11,100.0,0.64,13.0,0.89,100.0,0.21,0.21,43.615692,1776183934000
1776183935.902,35.902,0.36,13.0,0.11,100.0,0.57,11.0,0.89,100.0,0.43,11.0,0.11,100.0,0.64,13.0,0.89,100.0,0.21,0.21,43.611945,1776183935000
1776183937.101,37.101,0.36,13.0,0.11,100.0,0.57,11.0,0.89,100.0,0.43,11.0,0.11,100.0,0.64,13.0,0.89,100.0,0.21,0.21,43.613707,1776183936000
1776183938.112,38.112,0.36,13.0,0.11,100.0,0.57,11.0,0.89,100.0,0.43,11.0,0.11,100.0,0.64,13.0,0.89,100.0,0.21,0.21,43.612305,1776183937000
1776183939.391,39.391,0.36,13.0,0.11,100.0,0.57,11.0,0.89,100.0,0.43,11.0,0.11,100.0,0.64,13.0,0.89,100.0,0.21,0.21,43.611731,1776183938000
1776183940.124,40.124,0.36,13.0,0.11,100.0,0.57,11.0,0.89,100.0,0.43,11.0,0.11,100.0,0.64,13.0,0.89,100.0,0.21,0.21,43.611731,1776183939000
1776183941.02,41.02,0.36,13.0,0.11,100.0,0.57,11.0,0.89,100.0,0.43,11.0,0.11,100.0,0.64,13.0,0.89,100.0,0.21,0.21,43.611776,1776183940000
1776183942.209,42.209,0.36,13.0,0.11,100.0,0.57,11.0,0.89,100.0,0.43,11.0,0.11,100.0,0.64,13.0,0.89,100.0,0.21,0.21,43.613329,1776183941000
1776183943.367,43.367,0.36,13.0,0.11,100.0,0.57,11.0,0.89,100.0,0.43,11.0,0.11,100.0,0.64,13.0,0.89,100.0,0.21,0.21,43.61558,1776183942000
1776183943.992,43.992,0.36,13.0,0.11,100.0,0.57,11.0,0.89,100.0,0.43,11.0,0.11,100.0,0.64,13.0,0.89,100.0,0.21,0.21,43.617722,1776183943000
1776183945.058,45.058,0.36,13.0,0.11,100.0,0.57,11.0,0.89,100.0,0.43,11.0,0.11,100.0,0.64,13.0,0.89,100.0,0.21,0.21,43.620287,1776183944000
1776183946.115,46.115,0.36,13.0,0.11,100.0,0.57,11.0,0.89,100.0,0.43,11.0,0.11,100.0,0.64,13.0,0.89,100.0,0.21,0.21,43.62045,1776183945000
1776183947.231,47.231,0.36,13.0,0.11,100.0,0.57,11.0,0.89,100.0,0.43,11.0,0.11,100.0,0.64,13.0,0.89,100.0,0.21,0.21,43.623799,1776183946000
1776183948.333,48.333,0.36,13.0,0.11,100.0,0.57,11.0,0.89,100.0,0.43,11.0,0.11,100.0,0.64,13.0,0.89,100.0,0.21,0.21,43.623937,1776183947000
1776183949.342,49.342,0.36,13.0,0.11,100.0,0.57,11.0,0.89,100.0,0.43,11.0,0.11,100.0,0.64,13.0,0.89,100.0,0.21,0.21,43.622529,1776183948000
1776183950.364,50.364,0.36,13.0,0.11,100.0,0.57,11.0,0.89,100.0,0.43,11.0,0.11,100.0,0.64,13.0,0.89,100.0,0.21,0.21,43.624132,1776183949000
1776183951.377,51.377,0.36,13.0,0.11,100.0,0.57,11.0,0.89,100.0,0.43,11.0,0.11,100.0,0.64,13.0,0.89,100.0,0.21,0.21,43.623892,1776183950000
1776183952.29,52.29,0.36,13.0,0.11,100.0,0.57,11.0,0.89,100.0,0.43,11.0,0.11,100.0,0.64,13.0,0.89,100.0,0.21,0.21,43.625335,1776183951000
1776183953.316,53.316,0.36,13.0,0.11,100.0,0.57,11.0,0.89,100.0,0.43,11.0,0.11,100.0,0.64,13.0,0.89,100.0,0.21,0.21,43.625853,1776183952000
1776183954.303,54.303,0.36,13.0,0.11,100.0,0.57,11.0,0.89,100.0,0.43,11.0,0.11,100.0,0.64,13.0,0.89,100.0,0.21,0.21,43.625854,1776183953000
1776183955.372,55.372,0.36,13.0,0.11,100.0,0.57,11.0,0.89,100.0,0.43,11.0,0.11,100.0,0.64,13.0,0.89,100.0,0.21,0.21,43.625854,1776183954000
1776183956.277,56.277,0.36,13.0,0.11,100.0,0.57,11.0,0.89,100.0,0.43,11.0,0.11,100.0,0.64,13.0,0.89,100.0,0.21,0.21,43.62588,1776183955000
1776183957.323,57.323,0.36,13.0,0.11,100.0,0.57,11.0,0.89,100.0,0.43,11.0,0.11,100.0,0.64,13.0,0.89,100.0,0.21,0.21,43.626202,1776183956000
1776183958.492,58.492,0.36,13.0,0.11,100.0,0.57,11.0,0.89,100.0,0.43,11.0,0.11,100.0,0.64,13.0,0.89,100.0,0.21,0.21,43.626203,1776183957000
1776183958.934,58.934,0.36,13.0,0.11,100.0,0.57,11.0,0.89,100.0,0.43,11.0,0.11,100.0,0.64,13.0,0.89,100.0,0.21,0.21,43.625869,1776183958000
1776183959.923,59.923,0.36,13.0,0.11,100.0,0.57,11.0,0.89,100.0,0.43,11.0,0.11,100.0,0.64,13.0,0.89,100.0,0.21,0.21,43.625827,1776183959000
1776183961.234,61.234,0.36,13.0,0.11,100.0,0.57,11.0,0.89,100.0,0.43,11.0,0.11,100.0,0.64,13.0,0.89,100.0,0.21,0.21,43.625437,1776183960000
1776183962.761,62.761,0.36,13.0,0.11,100.0,0.57,11.0,0.89,100.0,0.43,11.0,0.11,100.0,0.64,13.0,0.89,100.0,0.21,0.21,43.626851,1776183961000
1776183963.16,63.16,0.36,13.0,0.11,100.0,0.57,11.0,0.89,100.0,0.43,11.0,0.11,100.0,0.64,13.0,0.89,100.0,0.21,0.21,43.626892,1776183962000
1776183964.158,64.158,0.36,13.0,0.11,100.0,0.57,11.0,0.89,100.0,0.43,11.0,0.11,100.0,0.64,13.0,0.89,100.0,0.21,0.21,43.626892,1776183963000
1776183965.117,65.117,0.36,13.0,0.11,100.0,0.57,11.0,0.89,100.0,0.43,11.0,0.11,100.0,0.64,13.0,0.89,100.0,0.21,0.21,43.62627,1776183964000
1776183966.151,66.151,0.36,13.0,0.11,100.0,0.57,11.0,0.89,100.0,0.43,11.0,0.11,100.0,0.64,13.0,0.89,100.0,0.21,0.21,43.625168,1776183965000
1776183967.126,67.126,0.36,13.0,0.11,100.0,0.57,11.0,0.89,100.0,0.43,11.0,0.11,100.0,0.64,13.0,0.89,100.0,0.21,0.21,43.625286,1776183966000
1776183968.145,68.145,0.47,10.0,0.46,15.0,0.64,19.43,0.65,15.0,0.36,19.43,0.35,15.0,0.53,10.0,0.54,15.0,0.17,0.17,43.63087,1776183967000
1776183969.071,69.071,0.47,10.0,0.46,15.0,0.64,19.43,0.65,15.0,0.36,19.43,0.35,15.0,0.53,10.0,0.54,15.0,0.17,0.17,43.637604,1776183968000
1776183970.11,70.11,0.47,10.0,0.46,15.0,0.64,19.43,0.65,15.0,0.36,19.43,0.35,15.0,0.53,10.0,0.54,15.0,0.17,0.17,43.640219,1776183969000
1776183971.007,71.007,0.47,10.0,0.46,15.0,0.64,19.43,0.65,15.0,0.36,19.43,0.35,15.0,0.53,10.0,0.54,15.0,0.17,0.17,43.64412,1776183970000
1776183972.082,72.082,0.47,10.0,0.46,15.0,0.64,19.43,0.65,15.0,0.36,19.43,0.35,15.0,0.53,10.0,0.54,15.0,0.17,0.17,43.641037,1776183971000
1776183972.981,72.981,0.47,10.0,0.46,15.0,0.64,19.43,0.65,15.0,0.36,19.43,0.35,15.0,0.53,10.0,0.54,15.0,0.17,0.17,43.641106,1776183972000
1776183973.935,73.935,0.47,10.0,0.46,15.0,0.64,19.43,0.65,15.0,0.36,19.43,0.35,15.0,0.53,10.0,0.54,15.0,0.17,0.17,43.637151,1776183973000
1776183975.399,75.399,0.47,10.0,0.46,15.0,0.64,19.43,0.65,15.0,0.36,19.43,0.35,15.0,0.53,10.0,0.54,15.0,0.17,0.17,43.636928,1776183974000
1776183975.966,75.966,0.47,10.0,0.46,15.0,0.64,19.43,0.65,15.0,0.36,19.43,0.35,15.0,0.53,10.0,0.54,15.0,0.17,0.17,43.636948,1776183975000
1776183977.223,77.223,0.47,10.0,0.46,15.0,0.64,19.43,0.65,15.0,0.36,19.43,0.35,15.0,0.53,10.0,0.54,15.0,0.17,0.17,43.63713,1776183976000
1776183978.46,78.46,0.47,10.0,0.46,15.0,0.64,19.43,0.65,15.0,0.36,19.43,0.35,15.0,0.53,10.0,0.54,15.0,0.17,0.17,43.637064,1776183977000
1776183978.972,78.972,0.47,10.0,0.46,15.0,0.64,19.43,0.65,15.0,0.36,19.43,0.35,15.0,0.53,10.0,0.54,15.0,0.17,0.17,43.639658,1776183978000
1776183980.146,80.146,0.47,10.0,0.46,15.0,0.64,19.43,0.65,15.0,0.36,19.43,0.35,15.0,0.53,10.0,0.54,15.0,0.17,0.17,43.641639,1776183979000
1776183981.247,81.247,0.47,10.0,0.46,15.0,0.64,19.43,0.65,15.0,0.36,19.43,0.35,15.0,0.53,10.0,0.54,15.0,0.17,0.17,43.643998,1776183980000
1776183982.348,82.348,0.47,10.0,0.46,15.0,0.64,19.43,0.65,15.0,0.36,19.43,0.35,15.0,0.53,10.0,0.54,15.0,0.17,0.17,43.640605,1776183981000
1776183983.391,83.391,0.47,10.0,0.46,15.0,0.64,19.43,0.65,15.0,0.36,19.43,0.35,15.0,0.53,10.0,0.54,15.0,0.17,0.17,43.6403,1776183982000
1776183983.893,83.893,0.47,10.0,0.46,15.0,0.64,19.43,0.65,15.0,0.36,19.43,0.35,15.0,0.53,10.0,0.54,15.0,0.17,0.17,43.64005,1776183983000
1776183984.984,84.984,0.47,10.0,0.46,15.0,0.64,19.43,0.65,15.0,0.36,19.43,0.35,15.0,0.53,10.0,0.54,15.0,0.17,0.17,43.637782,1776183984000
1776183986.37,86.37,0.47,10.0,0.46,15.0,0.64,19.43,0.65,15.0,0.36,19.43,0.35,15.0,0.53,10.0,0.54,15.0,0.17,0.17,43.634505,1776183985000
1776183987.536,87.536,0.47,10.0,0.46,15.0,0.64,19.43,0.65,15.0,0.36,19.43,0.35,15.0,0.53,10.0,0.54,15.0,0.17,0.17,43.636112,1776183986000
1776183988.009,88.009,0.47,10.0,0.46,15.0,0.64,19.43,0.65,15.0,0.36,19.43,0.35,15.0,0.53,10.0,0.54,15.0,0.17,0.17,43.636112,1776183987000
1776183989.324,89.324,0.47,10.0,0.46,15.0,0.64,19.43,0.65,15.0,0.36,19.43,0.35,15.0,0.53,10.0,0.54,15.0,0.17,0.17,43.635985,1776183988000
1776183990.092,90.092,0.47,10.0,0.46,15.0,0.64,19.43,0.65,15.0,0.36,19.43,0.35,15.0,0.53,10.0,0.54,15.0,0.17,0.17,43.635984,1776183989000
1776183991.142,91.142,0.47,10.0,0.46,15.0,0.64,19.43,0.65,15.0,0.36,19.43,0.35,15.0,0.53,10.0,0.54,15.0,0.17,0.17,43.635962,1776183990000
1776183992.183,92.183,0.47,10.0,0.46,15.0,0.64,19.43,0.65,15.0,0.36,19.43,0.35,15.0,0.53,10.0,0.54,15.0,0.17,0.17,43.635793,1776183991000
1776183993.187,93.187,0.47,10.0,0.46,15.0,0.64,19.43,0.65,15.0,0.36,19.43,0.35,15.0,0.53,10.0,0.54,15.0,0.17,0.17,43.635794,1776183992000
1776183994.259,94.259,0.47,10.0,0.46,15.0,0.64,19.43,0.65,15.0,0.36,19.43,0.35,15.0,0.53,10.0,0.54,15.0,0.17,0.17,43.636329,1776183993000
1776183995.355,95.355,0.47,10.0,0.46,15.0,0.64,19.43,0.65,15.0,0.36,19.43,0.35,15.0,0.53,10.0,0.54,15.0,0.17,0.17,43.63627,1776183994000
1776183996.39,96.39,0.47,10.0,0.46,15.0,0.64,19.43,0.65,15.0,0.36,19.43,0.35,15.0,0.53,10.0,0.54,15.0,0.17,0.17,43.635479,1776183995000
1776183996.955,96.955,0.47,10.0,0.46,15.0,0.64,19.43,0.65,15.0,0.36,19.43,0.35,15.0,0.53,10.0,0.54,15.0,0.17,0.17,43.628971,1776183996000
1776183998.074,98.074,0.47,10.0,0.46,15.0,0.64,19.43,0.65,15.0,0.36,19.43,0.35,15.0,0.53,10.0,0.54,15.0,0.17,0.17,43.615496,1776183997000
1776183999.079,99.079,0.47,10.0,0.46,15.0,0.64,19.43,0.65,15.0,0.36,19.43,0.35,15.0,0.53,10.0,0.54,15.0,0.17,0.17,43.614643,1776183998000
1776184000.191,100.191,0.47,10.0,0.46,15.0,0.64,19.43,0.65,15.0,0.36,19.43,0.35,15.0,0.53,10.0,0.54,15.0,0.17,0.17,43.614841,1776183999000
1776184001.228,101.228,0.47,10.0,0.46,15.0,0.64,19.43,0.65,15.0,0.36,19.43,0.35,15.0,0.53,10.0,0.54,15.0,0.17,0.17,43.615311,1776184000000
1776184002.299,102.299,0.47,10.0,0.46,15.0,0.64,19.43,0.65,15.0,0.36,19.43,0.35,15.0,0.53,10.0,0.54,15.0,0.17,0.17,43.614954,1776184001000
1776184003.998,103.998,0.47,10.0,0.46,15.0,0.64,19.43,0.65,15.0,0.36,19.43,0.35,15.0,0.53,10.0,0.54,15.0,0.17,0.17,43.615407,1776184002000
1776184004.85,104.85,0.47,10.0,0.46,15.0,0.64,19.43,0.65,15.0,0.36,19.43,0.35,15.0,0.53,10.0,0.54,15.0,0.17,0.17,43.614248,1776184003000
1776184005.589,105.589,0.47,10.0,0.46,15.0,0.64,19.43,0.65,15.0,0.36,19.43,0.35,15.0,0.53,10.0,0.54,15.0,0.17,0.17,43.615959,1776184004000
1776184006.273,106.273,0.47,10.0,0.46,15.0,0.64,19.43,0.65,15.0,0.36,19.43,0.35,15.0,0.53,10.0,0.54,15.0,0.17,0.17,43.621963,1776184005000
1776184007.658,107.658,0.47,10.0,0.46,15.0,0.64,19.43,0.65,15.0,0.36,19.43,0.35,15.0,0.53,10.0,0.54,15.0,0.17,0.17,43.623267,1776184006000
1776184008.189,108.189,0.47,10.0,0.46,15.0,0.64,19.43,0.65,15.0,0.36,19.43,0.35,15.0,0.53,10.0,0.54,15.0,0.17,0.17,43.624226,1776184007000
1776184009.832,109.832,0.47,10.0,0.46,15.0,0.64,19.43,0.65,15.0,0.36,19.43,0.35,15.0,0.53,10.0,0.54,15.0,0.17,0.17,43.626945,1776184008000
1776184010.512,110.512,0.47,10.0,0.46,15.0,0.64,19.43,0.65,15.0,0.36,19.43,0.35,15.0,0.53,10.0,0.54,15.0,0.17,0.17,43.626919,1776184009000
1776184011.131,111.131,0.47,10.0,0.46,15.0,0.64,19.43,0.65,15.0,0.36,19.43,0.35,15.0,0.53,10.0,0.54,15.0,0.17,0.17,43.627112,1776184010000
1776184012.95,112.95,0.47,10.0,0.46,15.0,0.64,19.43,0.65,15.0,0.36,19.43,0.35,15.0,0.53,10.0,0.54,15.0,0.17,0.17,43.629475,1776184011000
1776184013.605,113.605,0.47,10.0,0.46,15.0,0.64,19.43,0.65,15.0,0.36,19.43,0.35,15.0,0.53,10.0,0.54,15.0,0.17,0.17,43.628097,1776184012000
1776184014.747,114.747,0.47,10.0,0.46,15.0,0.64,19.43,0.65,15.0,0.36,19.43,0.35,15.0,0.53,10.0,0.54,15.0,0.17,0.17,43.617243,1776184013000
1776184015.339,115.339,0.47,10.0,0.46,15.0,0.64,19.43,0.65,15.0,0.36,19.43,0.35,15.0,0.53,10.0,0.54,15.0,0.17,0.17,43.618376,1776184014000
1776184016.091,116.091,0.47,10.0,0.46,15.0,0.64,19.43,0.65,15.0,0.36,19.43,0.35,15.0,0.53,10.0,0.54,15.0,0.17,0.17,43.618376,1776184015000
1776184016.489,116.489,0.42,9.87,0.24,5.0,0.44,39.0,0.48,5.0,0.36,19.43,0.35,15.0,0.53,10.0,0.54,15.0,0.02,0.17,43.618376,1776184015000
1776184017.621,117.621,0.23,15.0,0.22,15.0,0.31,8.34,0.44,39.0,0.69,8.34,0.56,39.0,0.77,15.0,0.78,15.0,0.08,0.08,43.614274,1776184016000
1776184018.298,118.298,0.23,15.0,0.22,15.0,0.31,8.34,0.44,39.0,0.69,8.34,0.56,39.0,0.77,15.0,0.78,15.0,0.08,0.08,43.608823,1776184017000
1776184018.783,118.783,0.23,13.7,0.22,15.0,0.28,6.0,0.35,10.0,0.69,8.34,0.56,39.0,0.77,15.0,0.78,15.0,0.05,0.08,43.608823,1776184017000
1776184019.901,119.901,0.23,13.7,0.22,15.0,0.28,6.0,0.35,10.0,0.72,6.0,0.65,10.0,0.77,13.7,0.78,15.0,0.05,0.05,43.587325,1776184018000
1776184020.508,120.508,0.23,13.7,0.22,15.0,0.28,6.0,0.35,10.0,0.72,6.0,0.65,10.0,0.77,13.7,0.78,15.0,0.05,0.05,43.586227,1776184019000
1776184021.241,121.241,0.23,13.7,0.22,15.0,0.28,6.0,0.35,10.0,0.72,6.0,0.65,10.0,0.77,13.7,0.78,15.0,0.05,0.05,43.587005,1776184020000
1776184023.058,123.058,0.23,13.7,0.22,15.0,0.28,6.0,0.35,10.0,0.72,6.0,0.65,10.0,0.77,13.7,0.78,15.0,0.05,0.05,43.59062,1776184022000
1776184024.093,124.093,0.23,13.7,0.22,15.0,0.28,6.0,0.35,10.0,0.72,6.0,0.65,10.0,0.77,13.7,0.78,15.0,0.05,0.05,43.609741,1776184023000
1776184024.999,124.999,0.23,13.7,0.22,15.0,0.28,6.0,0.35,10.0,0.72,6.0,0.65,10.0,0.77,13.7,0.78,15.0,0.05,0.05,43.608839,1776184024000
1776184025.966,125.966,0.23,13.7,0.22,15.0,0.28,6.0,0.35,10.0,0.72,6.0,0.65,10.0,0.77,13.7,0.78,15.0,0.05,0.05,43.614157,1776184025000
1776184026.929,126.929,0.23,13.7,0.22,15.0,0.28,6.0,0.35,10.0,0.72,6.0,0.65,10.0,0.77,13.7,0.78,15.0,0.05,0.05,43.61459,1776184026000
1776184028.01,128.01,0.23,13.7,0.22,15.0,0.28,6.0,0.35,10.0,0.72,6.0,0.65,10.0,0.77,13.7,0.78,15.0,0.05,0.05,43.612299,1776184027000
1776184028.887,128.887,0.23,13.7,0.22,15.0,0.28,6.0,0.35,10.0,0.72,6.0,0.65,10.0,0.77,13.7,0.78,15.0,0.05,0.05,43.612418,1776184028000
1776184029.984,129.984,0.23,13.7,0.22,15.0,0.28,6.0,0.35,10.0,0.72,6.0,0.65,10.0,0.77,13.7,0.78,15.0,0.05,0.05,43.613709,1776184029000
1776184030.802,130.802,0.23,13.7,0.22,15.0,0.28,6.0,0.35,10.0,0.72,6.0,0.65,10.0,0.77,13.7,0.78,15.0,0.05,0.05,43.613709,1776184030000
1776184031.817,131.817,0.23,13.7,0.22,15.0,0.28,6.0,0.35,10.0,0.72,6.0,0.65,10.0,0.77,13.7,0.78,15.0,0.05,0.05,43.616717,1776184031000
1776184033.374,133.374,0.23,13.7,0.22,15.0,0.28,6.0,0.35,10.0,0.72,6.0,0.65,10.0,0.77,13.7,0.78,15.0,0.05,0.05,43.616151,1776184032000
1776184034.24,134.24,0.23,13.7,0.22,15.0,0.28,6.0,0.35,10.0,0.72,6.0,0.65,10.0,0.77,13.7,0.78,15.0,0.05,0.05,43.605842,1776184033000
1776184035.81,135.81,0.23,13.7,0.22,15.0,0.28,6.0,0.35,10.0,0.72,6.0,0.65,10.0,0.77,13.7,0.78,15.0,0.05,0.05,43.602573,1776184034000
1776184036.32,136.32,0.23,13.7,0.22,15.0,0.28,6.0,0.35,10.0,0.72,6.0,0.65,10.0,0.77,13.7,0.78,15.0,0.05,0.05,43.603706,1776184035000
1776184037.432,137.432,0.23,13.7,0.22,15.0,0.28,6.0,0.35,10.0,0.72,6.0,0.65,10.0,0.77,13.7,0.78,15.0,0.05,0.05,43.60859,1776184036000
1776184037.995,137.995,0.23,13.7,0.22,15.0,0.28,6.0,0.35,10.0,0.72,6.0,0.65,10.0,0.77,13.7,0.78,15.0,0.05,0.05,43.609963,1776184037000
1776184039.09,139.09,0.23,13.7,0.22,15.0,0.28,6.0,0.35,10.0,0.72,6.0,0.65,10.0,0.77,13.7,0.78,15.0,0.05,0.05,43.622503,1776184038000
1776184040.116,140.116,0.23,13.7,0.22,15.0,0.28,6.0,0.35,10.0,0.72,6.0,0.65,10.0,0.77,13.7,0.78,15.0,0.05,0.05,43.618949,1776184039000
1776184041.214,141.214,0.23,13.7,0.22,15.0,0.28,6.0,0.35,10.0,0.72,6.0,0.65,10.0,0.77,13.7,0.78,15.0,0.05,0.05,43.624916,1776184040000
1776184042.292,142.292,0.23,13.7,0.22,15.0,0.28,6.0,0.35,10.0,0.72,6.0,0.65,10.0,0.77,13.7,0.78,15.0,0.05,0.05,43.625061,1776184041000
1776184043.351,143.351,0.23,13.7,0.22,15.0,0.28,6.0,0.35,10.0,0.72,6.0,0.65,10.0,0.77,13.7,0.78,15.0,0.05,0.05,43.623993,1776184042000
1776184044.466,144.466,0.23,13.7,0.22,15.0,0.28,6.0,0.35,10.0,0.72,6.0,0.65,10.0,0.77,13.7,0.78,15.0,0.05,0.05,43.61871,1776184043000
1776184044.919,144.919,0.23,13.7,0.22,15.0,0.28,6.0,0.35,10.0,0.72,6.0,0.65,10.0,0.77,13.7,0.78,15.0,0.05,0.05,43.617711,1776184044000
1776184045.921,145.921,0.23,13.7,0.22,15.0,0.28,6.0,0.35,10.0,0.72,6.0,0.65,10.0,0.77,13.7,0.78,15.0,0.05,0.05,43.621428,1776184045000
1776184046.951,146.951,0.23,13.7,0.22,15.0,0.28,6.0,0.35,10.0,0.72,6.0,0.65,10.0,0.77,13.7,0.78,15.0,0.05,0.05,43.621464,1776184046000
1776184048.051,148.051,0.23,13.7,0.22,15.0,0.28,6.0,0.35,10.0,0.72,6.0,0.65,10.0,0.77,13.7,0.78,15.0,0.05,0.05,43.617573,1776184047000
1776184049.852,149.852,0.23,13.7,0.22,15.0,0.28,6.0,0.35,10.0,0.72,6.0,0.65,10.0,0.77,13.7,0.78,15.0,0.05,0.05,43.622278,1776184048000
1776184050.969,150.969,0.23,13.7,0.22,15.0,0.28,6.0,0.35,10.0,0.72,6.0,0.65,10.0,0.77,13.7,0.78,15.0,0.05,0.05,43.622278,1776184049000
1776184052.037,152.037,0.23,13.7,0.22,15.0,0.28,6.0,0.35,10.0,0.72,6.0,0.65,10.0,0.77,13.7,0.78,15.0,0.05,0.05,43.622383,1776184050000
1776184052.777,152.777,0.23,13.7,0.22,15.0,0.28,6.0,0.35,10.0,0.72,6.0,0.65,10.0,0.77,13.7,0.78,15.0,0.05,0.05,43.622315,1776184051000
1776184053.545,153.545,0.23,13.7,0.22,15.0,0.28,6.0,0.35,10.0,0.72,6.0,0.65,10.0,0.77,13.7,0.78,15.0,0.05,0.05,43.622213,1776184052000
1776184054.131,154.131,0.23,13.7,0.22,15.0,0.28,6.0,0.35,10.0,0.72,6.0,0.65,10.0,0.77,13.7,0.78,15.0,0.05,0.05,43.622077,1776184053000
1776184055.507,155.507,0.23,13.7,0.22,15.0,0.28,6.0,0.35,10.0,0.72,6.0,0.65,10.0,0.77,13.7,0.78,15.0,0.05,0.05,43.622083,1776184054000
1776184056.197,156.197,0.23,13.7,0.22,15.0,0.28,6.0,0.35,10.0,0.72,6.0,0.65,10.0,0.77,13.7,0.78,15.0,0.05,0.05,43.622089,1776184055000
1776184058.21,158.21,0.23,13.7,0.22,15.0,0.28,6.0,0.35,10.0,0.72,6.0,0.65,10.0,0.77,13.7,0.78,15.0,0.05,0.05,43.621901,1776184056000
1776184058.973,158.973,0.23,13.7,0.22,15.0,0.28,6.0,0.35,10.0,0.72,6.0,0.65,10.0,0.77,13.7,0.78,15.0,0.05,0.05,43.621868,1776184057000
1776184059.61,159.61,0.23,13.7,0.22,15.0,0.28,6.0,0.35,10.0,0.72,6.0,0.65,10.0,0.77,13.7,0.78,15.0,0.05,0.05,43.621756,1776184058000
1776184060.284,160.284,0.23,13.7,0.22,15.0,0.28,6.0,0.35,10.0,0.72,6.0,0.65,10.0,0.77,13.7,0.78,15.0,0.05,0.05,43.621746,1776184059000
1776184061.119,161.119,0.23,13.7,0.22,15.0,0.28,6.0,0.35,10.0,0.72,6.0,0.65,10.0,0.77,13.7,0.78,15.0,0.05,0.05,43.620789,1776184060000
1776184062.56,162.56,0.23,13.7,0.22,15.0,0.28,6.0,0.35,10.0,0.72,6.0,0.65,10.0,0.77,13.7,0.78,15.0,0.05,0.05,43.616393,1776184061000
1776184063.317,163.317,0.23,13.7,0.22,15.0,0.28,6.0,0.35,10.0,0.72,6.0,0.65,10.0,0.77,13.7,0.78,15.0,0.05,0.05,43.617514,1776184062000
1776184064.365,164.365,0.23,13.7,0.22,15.0,0.28,6.0,0.35,10.0,0.72,6.0,0.65,10.0,0.77,13.7,0.78,15.0,0.05,0.05,43.616546,1776184063000
1776184065.304,165.304,0.23,13.7,0.22,15.0,0.28,6.0,0.35,10.0,0.72,6.0,0.65,10.0,0.77,13.7,0.78,15.0,0.05,0.05,43.618022,1776184064000
1776184066.465,166.465,0.23,13.7,0.22,15.0,0.28,6.0,0.35,10.0,0.72,6.0,0.65,10.0,0.77,13.7,0.78,15.0,0.05,0.05,43.618066,1776184065000
1776184067.218,167.218,0.23,13.7,0.22,15.0,0.28,6.0,0.35,10.0,0.72,6.0,0.65,10.0,0.77,13.7,0.78,15.0,0.05,0.05,43.618066,1776184066000
1776184069.394,169.394,0.23,13.7,0.22,15.0,0.28,6.0,0.35,10.0,0.72,6.0,0.65,10.0,0.77,13.7,0.78,15.0,0.05,0.05,43.617661,1776184068000
1776184070.477,170.477,0.23,13.7,0.22,15.0,0.28,6.0,0.35,10.0,0.72,6.0,0.65,10.0,0.77,13.7,0.78,15.0,0.05,0.05,43.61696,1776184069000
1776184071.015,171.015,0.23,13.7,0.22,15.0,0.28,6.0,0.35,10.0,0.72,6.0,0.65,10.0,0.77,13.7,0.78,15.0,0.05,0.05,43.613509,1776184070000
1776184072.208,172.208,0.23,13.7,0.22,15.0,0.28,6.0,0.35,10.0,0.72,6.0,0.65,10.0,0.77,13.7,0.78,15.0,0.05,0.05,43.613394,1776184071000
1776184073.28,173.28,0.23,13.7,0.22,15.0,0.28,6.0,0.35,10.0,0.72,6.0,0.65,10.0,0.77,13.7,0.78,15.0,0.05,0.05,43.615148,1776184072000
1776184074.513,174.513,0.23,13.7,0.22,15.0,0.28,6.0,0.35,10.0,0.72,6.0,0.65,10.0,0.77,13.7,0.78,15.0,0.05,0.05,43.615121,1776184073000
1776184075.212,175.212,0.23,13.7,0.22,15.0,0.28,6.0,0.35,10.0,0.72,6.0,0.65,10.0,0.77,13.7,0.78,15.0,0.05,0.05,43.615466,1776184074000
1776184076.19,176.19,0.23,13.7,0.22,15.0,0.28,6.0,0.35,10.0,0.72,6.0,0.65,10.0,0.77,13.7,0.78,15.0,0.05,0.05,43.616205,1776184075000
1776184077.31,177.31,0.23,13.7,0.22,15.0,0.28,6.0,0.35,10.0,0.72,6.0,0.65,10.0,0.77,13.7,0.78,15.0,0.05,0.05,43.615855,1776184076000
1776184078.379,178.379,0.23,13.7,0.22,15.0,0.28,6.0,0.35,10.0,0.72,6.0,0.65,10.0,0.77,13.7,0.78,15.0,0.05,0.05,43.609406,1776184077000
1776184079.479,179.479,0.23,13.7,0.22,15.0,0.28,6.0,0.35,10.0,0.72,6.0,0.65,10.0,0.77,13.7,0.78,15.0,0.05,0.05,43.605065,1776184078000
1776184080.028,180.028,0.23,13.7,0.22,15.0,0.28,6.0,0.35,10.0,0.72,6.0,0.65,10.0,0.77,13.7,0.78,15.0,0.05,0.05,43.605065,1776184079000
1776184081.355,181.355,0.23,13.7,0.22,15.0,0.28,6.0,0.35,10.0,0.72,6.0,0.65,10.0,0.77,13.7,0.78,15.0,0.05,0.05,43.617489,1776184080000
1776184082.426,182.426,0.23,13.7,0.22,15.0,0.28,6.0,0.35,10.0,0.72,6.0,0.65,10.0,0.77,13.7,0.78,15.0,0.05,0.05,43.61992,1776184081000
1776184083.037,183.037,0.23,13.7,0.22,15.0,0.28,6.0,0.35,10.0,0.72,6.0,0.65,10.0,0.77,13.7,0.78,15.0,0.05,0.05,43.618387,1776184082000
1776184084.036,184.036,0.33,13.5,0.32,15.0,0.43,10.0,0.44,8.0,0.72,6.0,0.65,10.0,0.77,13.7,0.78,15.0,0.1,0.05,43.618387,1776184082000
1776184084.343,184.343,0.33,13.5,0.32,15.0,0.43,10.0,0.44,8.0,0.57,10.0,0.56,8.0,0.67,13.5,0.68,15.0,0.1,0.1,43.615142,1776184083000
1776184084.995,184.995,0.33,13.5,0.32,15.0,0.43,10.0,0.44,8.0,0.57,10.0,0.56,8.0,0.67,13.5,0.68,15.0,0.1,0.1,43.615649,1776184084000
1776184086.034,186.034,0.33,13.5,0.32,15.0,0.43,10.0,0.44,8.0,0.57,10.0,0.56,8.0,0.67,13.5,0.68,15.0,0.1,0.1,43.615649,1776184085000
1776184087.119,187.119,0.33,13.5,0.32,15.0,0.43,10.0,0.44,8.0,0.57,10.0,0.56,8.0,0.67,13.5,0.68,15.0,0.1,0.1,43.612587,1776184086000
1776184088.277,188.277,0.33,13.5,0.32,15.0,0.43,10.0,0.44,8.0,0.57,10.0,0.56,8.0,0.67,13.5,0.68,15.0,0.1,0.1,43.612356,1776184087000
1776184089.239,189.239,0.33,13.5,0.32,15.0,0.43,10.0,0.44,8.0,0.57,10.0,0.56,8.0,0.67,13.5,0.68,15.0,0.1,0.1,43.612889,1776184088000
1776184090.332,190.332,0.33,13.5,0.32,15.0,0.43,10.0,0.44,8.0,0.57,10.0,0.56,8.0,0.67,13.5,0.68,15.0,0.1,0.1,43.614621,1776184089000
1776184091.258,191.258,0.33,13.5,0.32,15.0,0.43,10.0,0.44,8.0,0.57,10.0,0.56,8.0,0.67,13.5,0.68,15.0,0.1,0.1,43.61653,1776184090000
1776184092.225,192.225,0.33,13.5,0.32,15.0,0.43,10.0,0.44,8.0,0.57,10.0,0.56,8.0,0.67,13.5,0.68,15.0,0.1,0.1,43.613574,1776184091000
1776184093.208,193.208,0.33,13.5,0.32,15.0,0.43,10.0,0.44,8.0,0.57,10.0,0.56,8.0,0.67,13.5,0.68,15.0,0.1,0.1,43.617554,1776184092000
1776184094.38,194.38,0.33,13.5,0.32,15.0,0.43,10.0,0.44,8.0,0.57,10.0,0.56,8.0,0.67,13.5,0.68,15.0,0.1,0.1,43.612735,1776184093000
1776184095.002,195.002,0.33,13.5,0.32,15.0,0.43,10.0,0.44,8.0,0.57,10.0,0.56,8.0,0.67,13.5,0.68,15.0,0.1,0.1,43.624773,1776184094000
1776184095.92,195.92,0.33,13.5,0.32,15.0,0.43,10.0,0.44,8.0,0.57,10.0,0.56,8.0,0.67,13.5,0.68,15.0,0.1,0.1,43.618559,1776184095000
1776184097.478,197.478,0.33,13.5,0.32,15.0,0.43,10.0,0.44,8.0,0.57,10.0,0.56,8.0,0.67,13.5,0.68,15.0,0.1,0.1,43.615041,1776184096000
1776184097.987,197.987,0.33,13.5,0.32,15.0,0.43,10.0,0.44,8.0,0.57,10.0,0.56,8.0,0.67,13.5,0.68,15.0,0.1,0.1,43.613377,1776184097000
1776184099.193,199.193,0.33,13.5,0.32,15.0,0.43,10.0,0.44,8.0,0.57,10.0,0.56,8.0,0.67,13.5,0.68,15.0,0.1,0.1,43.613377,1776184098000
1776184100.095,200.095,0.33,13.5,0.32,15.0,0.43,10.0,0.44,8.0,0.57,10.0,0.56,8.0,0.67,13.5,0.68,15.0,0.1,0.1,43.612466,1776184099000
1776184101.203,201.203,0.26,7.29,0.21,15.0,0.43,25.0,0.44,15.0,0.57,25.0,0.56,15.0,0.74,7.29,0.79,15.0,0.17,0.17,43.605598,1776184100000
1776184102.156,202.156,0.26,7.29,0.21,15.0,0.43,25.0,0.44,15.0,0.57,25.0,0.56,15.0,0.74,7.29,0.79,15.0,0.17,0.17,43.606479,1776184101000
1776184103.143,203.143,0.26,7.29,0.21,15.0,0.43,25.0,0.44,15.0,0.57,25.0,0.56,15.0,0.74,7.29,0.79,15.0,0.17,0.17,43.603423,1776184102000
1776184104.317,204.317,0.26,7.29,0.21,15.0,0.43,25.0,0.44,15.0,0.57,25.0,0.56,15.0,0.74,7.29,0.79,15.0,0.17,0.17,43.603407,1776184103000
1776184105.365,205.365,0.26,7.29,0.21,15.0,0.43,25.0,0.44,15.0,0.57,25.0,0.56,15.0,0.74,7.29,0.79,15.0,0.17,0.17,43.605174,1776184104000
1776184105.927,205.927,0.26,7.29,0.21,15.0,0.43,25.0,0.44,15.0,0.57,25.0,0.56,15.0,0.74,7.29,0.79,15.0,0.17,0.17,43.609144,1776184105000
1776184106.927,206.927,0.26,7.29,0.21,15.0,0.43,25.0,0.44,15.0,0.57,25.0,0.56,15.0,0.74,7.29,0.79,15.0,0.17,0.17,43.614922,1776184106000
1776184108.058,208.058,0.26,7.29,0.21,15.0,0.43,25.0,0.44,15.0,0.57,25.0,0.56,15.0,0.74,7.29,0.79,15.0,0.17,0.17,43.615165,1776184107000
1776184109.058,209.058,0.38,15.0,0.37,15.0,0.6,12.0,0.66,15.0,0.4,12.0,0.34,15.0,0.62,15.0,0.63,15.0,0.22,0.22,43.620378,1776184108000
1776184110.193,210.193,0.38,15.0,0.37,15.0,0.6,12.0,0.66,15.0,0.4,12.0,0.34,15.0,0.62,15.0,0.63,15.0,0.22,0.22,43.636039,1776184109000
1776184111.505,211.505,0.45,10.0,0.42,15.0,0.6,6.95,0.62,10.0,0.4,12.0,0.34,15.0,0.62,15.0,0.63,15.0,0.15,0.22,43.636039,1776184109000
1776184112.628,212.628,0.45,10.0,0.42,15.0,0.6,1.9,0.62,10.0,0.4,1.9,0.38,10.0,0.55,10.0,0.58,15.0,0.15,0.15,43.638553,1776184111000
1776184113.412,213.412,0.45,10.0,0.42,15.0,0.6,1.9,0.62,10.0,0.4,1.9,0.38,10.0,0.55,10.0,0.58,15.0,0.15,0.15,43.638114,1776184112000
1776184113.996,213.996,0.45,10.0,0.42,15.0,0.6,1.9,0.62,10.0,0.4,1.9,0.38,10.0,0.55,10.0,0.58,15.0,0.15,0.15,43.638113,1776184113000
1776184115.636,215.636,0.45,10.0,0.42,15.0,0.6,1.9,0.62,10.0,0.4,1.9,0.38,10.0,0.55,10.0,0.58,15.0,0.15,0.15,43.636312,1776184114000
1776184116.377,216.377,0.45,10.0,0.42,15.0,0.6,1.9,0.62,10.0,0.4,1.9,0.38,10.0,0.55,10.0,0.58,15.0,0.15,0.15,43.636312,1776184115000
1776184117.213,217.213,0.45,10.0,0.42,15.0,0.6,1.9,0.62,10.0,0.4,1.9,0.38,10.0,0.55,10.0,0.58,15.0,0.15,0.15,43.636989,1776184116000
1776184118.831,218.831,0.45,10.0,0.42,15.0,0.6,1.9,0.62,10.0,0.4,1.9,0.38,10.0,0.55,10.0,0.58,15.0,0.15,0.15,43.645334,1776184117000
1776184119.507,219.507,0.45,10.0,0.42,15.0,0.6,1.9,0.62,10.0,0.4,1.9,0.38,10.0,0.55,10.0,0.58,15.0,0.15,0.15,43.648599,1776184118000
1776184120.251,220.251,0.45,10.0,0.42,15.0,0.6,1.9,0.62,10.0,0.4,1.9,0.38,10.0,0.55,10.0,0.58,15.0,0.15,0.15,43.647828,1776184119000
1776184121.784,221.784,0.45,10.0,0.42,15.0,0.6,1.9,0.62,10.0,0.4,1.9,0.38,10.0,0.55,10.0,0.58,15.0,0.15,0.15,43.646116,1776184120000
1776184121.985,221.985,0.49,10.09,0.48,15.0,0.63,10.0,0.64,15.0,0.4,1.9,0.38,10.0,0.55,10.0,0.58,15.0,0.14,0.15,43.646116,1776184120000
1776184122.424,222.424,0.49,10.09,0.48,15.0,0.63,10.0,0.64,15.0,0.37,10.0,0.36,15.0,0.51,10.09,0.52,15.0,0.14,0.14,43.646124,1776184121000
1776184123.264,223.264,0.49,10.09,0.48,15.0,0.63,10.0,0.64,15.0,0.37,10.0,0.36,15.0,0.51,10.09,0.52,15.0,0.14,0.14,43.64531,1776184122000
1776184124.73,224.73,0.49,10.09,0.48,15.0,0.63,10.0,0.64,15.0,0.37,10.0,0.36,15.0,0.51,10.09,0.52,15.0,0.14,0.14,43.644257,1776184123000
1776184125.394,225.394,0.49,10.09,0.48,15.0,0.63,10.0,0.64,15.0,0.37,10.0,0.36,15.0,0.51,10.09,0.52,15.0,0.14,0.14,43.64072,1776184124000
1776184126.181,226.181,0.49,10.09,0.48,15.0,0.63,10.0,0.64,15.0,0.37,10.0,0.36,15.0,0.51,10.09,0.52,15.0,0.14,0.14,43.635048,1776184125000
1776184127.823,227.823,0.49,10.09,0.48,15.0,0.63,10.0,0.64,15.0,0.37,10.0,0.36,15.0,0.51,10.09,0.52,15.0,0.14,0.14,43.629818,1776184126000
1776184128.526,228.526,0.49,10.09,0.48,15.0,0.63,10.0,0.64,15.0,0.37,10.0,0.36,15.0,0.51,10.09,0.52,15.0,0.14,0.14,43.629818,1776184127000
1776184128.994,228.994,0.49,10.09,0.48,15.0,0.63,10.0,0.64,15.0,0.37,10.0,0.36,15.0,0.51,10.09,0.52,15.0,0.14,0.14,43.62933,1776184128000
1776184130.647,230.647,0.49,10.09,0.48,15.0,0.63,10.0,0.64,15.0,0.37,10.0,0.36,15.0,0.51,10.09,0.52,15.0,0.14,0.14,43.629349,1776184129000
1776184131.289,231.289,0.49,10.09,0.48,15.0,0.63,10.0,0.64,15.0,0.37,10.0,0.36,15.0,0.51,10.09,0.52,15.0,0.14,0.14,43.629349,1776184130000
1776184132.294,232.294,0.49,10.09,0.48,15.0,0.63,10.0,0.64,15.0,0.37,10.0,0.36,15.0,0.51,10.09,0.52,15.0,0.14,0.14,43.628041,1776184131000
1776184133.568,233.568,0.49,10.09,0.48,15.0,0.63,10.0,0.64,15.0,0.37,10.0,0.36,15.0,0.51,10.09,0.52,15.0,0.14,0.14,43.62741,1776184132000
1776184134.138,234.138,0.49,10.09,0.48,15.0,0.63,10.0,0.64,15.0,0.37,10.0,0.36,15.0,0.51,10.09,0.52,15.0,0.14,0.14,43.627403,1776184133000
1776184135.211,235.211,0.49,10.09,0.48,15.0,0.63,10.0,0.64,15.0,0.37,10.0,0.36,15.0,0.51,10.09,0.52,15.0,0.14,0.14,43.625866,1776184134000
1776184136.268,236.268,0.49,10.09,0.48,15.0,0.63,10.0,0.64,15.0,0.37,10.0,0.36,15.0,0.51,10.09,0.52,15.0,0.14,0.14,43.623385,1776184135000
1776184137.363,237.363,0.49,10.09,0.48,15.0,0.63,10.0,0.64,15.0,0.37,10.0,0.36,15.0,0.51,10.09,0.52,15.0,0.14,0.14,43.622319,1776184136000
1776184137.933,237.933,0.49,10.09,0.48,15.0,0.63,10.0,0.64,15.0,0.37,10.0,0.36,15.0,0.51,10.09,0.52,15.0,0.14,0.14,43.621091,1776184137000
1776184139.014,239.014,0.49,10.09,0.48,15.0,0.63,10.0,0.64,15.0,0.37,10.0,0.36,15.0,0.51,10.09,0.52,15.0,0.14,0.14,43.62103,1776184138000
1776184140.177,240.177,0.22,11.19,0.21,15.0,0.32,10.0,0.51,10.0,0.68,10.0,0.49,10.0,0.78,11.19,0.79,15.0,0.1,0.1,43.62092,1776184139000
1776184141.46,241.46,0.22,11.19,0.21,15.0,0.32,10.0,0.51,10.0,0.68,10.0,0.49,10.0,0.78,11.19,0.79,15.0,0.1,0.1,43.615034,1776184140000
1776184142.687,242.687,0.22,11.19,0.21,15.0,0.32,10.0,0.51,10.0,0.68,10.0,0.49,10.0,0.78,11.19,0.79,15.0,0.1,0.1,43.612821,1776184141000
1776184143.164,243.164,0.22,11.19,0.21,15.0,0.32,10.0,0.51,10.0,0.68,10.0,0.49,10.0,0.78,11.19,0.79,15.0,0.1,0.1,43.608202,1776184142000
1776184144.31,244.31,0.22,11.19,0.21,15.0,0.32,10.0,0.51,10.0,0.68,10.0,0.49,10.0,0.78,11.19,0.79,15.0,0.1,0.1,43.60771,1776184143000
1776184145.171,245.171,0.22,11.19,0.21,15.0,0.32,10.0,0.51,10.0,0.68,10.0,0.49,10.0,0.78,11.19,0.79,15.0,0.1,0.1,43.605098,1776184144000
1776184146.362,246.362,0.22,11.19,0.21,15.0,0.32,10.0,0.51,10.0,0.68,10.0,0.49,10.0,0.78,11.19,0.79,15.0,0.1,0.1,43.605351,1776184145000
1776184147.354,247.354,0.22,11.19,0.21,15.0,0.32,10.0,0.51,10.0,0.68,10.0,0.49,10.0,0.78,11.19,0.79,15.0,0.1,0.1,43.6079,1776184146000
1776184147.931,247.931,0.22,11.19,0.21,15.0,0.32,10.0,0.51,10.0,0.68,10.0,0.49,10.0,0.78,11.19,0.79,15.0,0.1,0.1,43.613618,1776184147000
1776184149.025,249.025,0.22,11.19,0.21,15.0,0.32,10.0,0.51,10.0,0.68,10.0,0.49,10.0,0.78,11.19,0.79,15.0,0.1,0.1,43.613432,1776184148000
1776184150.032,250.032,0.22,11.19,0.21,15.0,0.32,10.0,0.51,10.0,0.68,10.0,0.49,10.0,0.78,11.19,0.79,15.0,0.1,0.1,43.613228,1776184149000
1776184151.066,251.066,0.22,11.19,0.21,15.0,0.32,10.0,0.51,10.0,0.68,10.0,0.49,10.0,0.78,11.19,0.79,15.0,0.1,0.1,43.613488,1776184150000
1776184152.103,252.103,0.22,11.19,0.21,15.0,0.32,10.0,0.51,10.0,0.68,10.0,0.49,10.0,0.78,11.19,0.79,15.0,0.1,0.1,43.615058,1776184151000
1776184153.162,253.162,0.22,11.19,0.21,15.0,0.32,10.0,0.51,10.0,0.68,10.0,0.49,10.0,0.78,11.19,0.79,15.0,0.1,0.1,43.614875,1776184152000
1776184154.224,254.224,0.22,11.19,0.21,15.0,0.32,10.0,0.51,10.0,0.68,10.0,0.49,10.0,0.78,11.19,0.79,15.0,0.1,0.1,43.614875,1776184153000
1776184155.205,255.205,0.22,11.19,0.21,15.0,0.32,10.0,0.51,10.0,0.68,10.0,0.49,10.0,0.78,11.19,0.79,15.0,0.1,0.1,43.612368,1776184154000
1776184155.603,255.603,0.3,5.55,0.27,15.0,0.35,18.0,0.39,25.0,0.68,10.0,0.49,10.0,0.78,11.19,0.79,15.0,0.05,0.1,43.612368,1776184154000
1776184156.24,256.24,0.3,5.55,0.27,15.0,0.35,18.0,0.39,25.0,0.65,18.0,0.61,25.0,0.7,5.55,0.73,15.0,0.05,0.05,43.614796,1776184155000
1776184157.281,257.281,0.3,5.55,0.27,15.0,0.35,18.0,0.39,25.0,0.65,18.0,0.61,25.0,0.7,5.55,0.73,15.0,0.05,0.05,43.612615,1776184156000
1776184158.796,258.796,0.3,5.55,0.27,15.0,0.35,18.0,0.39,25.0,0.65,18.0,0.61,25.0,0.7,5.55,0.73,15.0,0.05,0.05,43.612085,1776184157000
1776184159.282,259.282,0.26,13.5,0.25,15.0,0.35,18.0,0.37,10.0,0.65,18.0,0.63,10.0,0.74,13.5,0.75,15.0,0.09,0.09,43.612218,1776184158000
1776184160.258,260.258,0.26,13.5,0.25,15.0,0.35,18.0,0.37,10.0,0.65,18.0,0.63,10.0,0.74,13.5,0.75,15.0,0.09,0.09,43.616329,1776184159000
1776184161.354,261.354,0.26,13.5,0.25,15.0,0.35,18.0,0.37,10.0,0.65,18.0,0.63,10.0,0.74,13.5,0.75,15.0,0.09,0.09,43.617853,1776184160000
1776184161.777,261.777,0.34,10.0,0.26,15.0,0.35,6.68,0.51,10.0,0.65,18.0,0.63,10.0,0.74,13.5,0.75,15.0,0.01,0.09,43.617853,1776184160000
1776184162.007,262.007,0.34,10.0,0.26,15.0,0.51,10.0,0.53,15.0,0.65,6.68,0.49,10.0,0.66,10.0,0.74,15.0,0.17,0.01,43.617853,1776184160000
1776184162.254,262.254,0.34,10.0,0.26,15.0,0.51,10.0,0.53,15.0,0.49,10.0,0.47,15.0,0.66,10.0,0.74,15.0,0.17,0.17,43.617908,1776184161000
1776184163.249,263.249,0.34,10.0,0.26,15.0,0.51,10.0,0.53,15.0,0.49,10.0,0.47,15.0,0.66,10.0,0.74,15.0,0.17,0.17,43.619254,1776184162000
1776184164.144,264.144,0.34,10.0,0.26,15.0,0.51,10.0,0.53,15.0,0.49,10.0,0.47,15.0,0.66,10.0,0.74,15.0,0.17,0.17,43.622945,1776184163000
1776184165.097,265.097,0.34,10.0,0.26,15.0,0.51,10.0,0.53,15.0,0.49,10.0,0.47,15.0,0.66,10.0,0.74,15.0,0.17,0.17,43.625941,1776184164000
1776184165.987,265.987,0.24,15.0,0.23,15.0,0.34,8.03,0.5,25.0,0.49,10.0,0.47,15.0,0.66,10.0,0.74,15.0,0.1,0.17,43.625941,1776184164000
1776184167.08,267.08,0.24,15.0,0.23,15.0,0.34,8.03,0.5,25.0,0.66,8.03,0.5,25.0,0.76,15.0,0.77,15.0,0.1,0.1,43.625919,1776184166000
1776184168.002,268.002,0.24,15.0,0.23,15.0,0.34,8.03,0.5,25.0,0.66,8.03,0.5,25.0,0.76,15.0,0.77,15.0,0.1,0.1,43.623726,1776184167000
1776184168.896,268.896,0.24,15.0,0.23,15.0,0.34,8.03,0.5,25.0,0.66,8.03,0.5,25.0,0.76,15.0,0.77,15.0,0.1,0.1,43.622926,1776184168000
1776184169.909,269.909,0.24,15.0,0.23,15.0,0.34,8.03,0.5,25.0,0.66,8.03,0.5,25.0,0.76,15.0,0.77,15.0,0.1,0.1,43.623542,1776184169000
1776184171.368,271.368,0.24,15.0,0.23,15.0,0.34,8.03,0.5,25.0,0.66,8.03,0.5,25.0,0.76,15.0,0.77,15.0,0.1,0.1,43.622388,1776184170000
1776184171.607,271.607,0.27,4.75,0.26,21.0,0.49,15.0,0.5,15.0,0.58,10.0,0.51,15.0,0.73,9.8,0.74,21.0,0.22,0.15,43.622388,1776184170000
1776184172.465,272.465,0.27,4.75,0.26,21.0,0.49,15.0,0.5,15.0,0.51,15.0,0.5,15.0,0.73,4.75,0.74,21.0,0.22,0.22,43.623951,1776184171000
1776184172.943,272.943,0.27,4.75,0.26,21.0,0.49,15.0,0.5,15.0,0.51,15.0,0.5,15.0,0.73,4.75,0.74,21.0,0.22,0.22,43.625459,1776184172000
1776184174.08,274.08,0.27,4.75,0.26,21.0,0.49,15.0,0.5,15.0,0.51,15.0,0.5,15.0,0.73,4.75,0.74,21.0,0.22,0.22,43.622276,1776184173000
1776184175.1,275.1,0.27,4.75,0.26,21.0,0.49,15.0,0.5,15.0,0.51,15.0,0.5,15.0,0.73,4.75,0.74,21.0,0.22,0.22,43.622277,1776184174000
1776184176.205,276.205,0.27,4.75,0.26,21.0,0.49,15.0,0.5,15.0,0.51,15.0,0.5,15.0,0.73,4.75,0.74,21.0,0.22,0.22,43.623497,1776184175000
1776184177.196,277.196,0.27,4.75,0.26,21.0,0.49,15.0,0.5,15.0,0.51,15.0,0.5,15.0,0.73,4.75,0.74,21.0,0.22,0.22,43.623459,1776184176000
1776184178.341,278.341,0.82,10.0,0.31,16.0,0.9,96.7,0.95,45.0,0.51,15.0,0.5,15.0,0.73,4.75,0.74,21.0,0.08,0.22,43.623459,1776184176000
1776184178.99,278.99,0.79,16.0,0.31,16.0,0.9,93.4,0.96,5.0,0.1,96.7,0.05,45.0,0.18,10.0,0.69,16.0,0.11,0.08,43.623559,1776184177000
1776184179.391,279.391,0.79,16.0,0.31,16.0,0.9,93.4,0.96,5.0,0.1,93.4,0.04,5.0,0.21,16.0,0.69,16.0,0.11,0.11,43.62346,1776184178000
1776184179.907,279.907,0.82,10.0,0.79,16.0,0.9,90.1,0.96,5.0,0.1,90.1,0.04,5.0,0.18,10.0,0.21,16.0,0.08,0.08,43.633355,1776184179000
1776184181.081,281.081,0.82,10.0,0.79,16.0,0.9,90.1,0.96,5.0,0.1,90.1,0.04,5.0,0.18,10.0,0.21,16.0,0.08,0.08,43.653108,1776184180000
1776184182.112,282.112,0.82,10.0,0.79,16.0,0.9,90.1,0.96,5.0,0.1,90.1,0.04,5.0,0.18,10.0,0.21,16.0,0.08,0.08,43.659013,1776184181000
1776184183.182,283.182,0.82,10.0,0.79,16.0,0.9,90.1,0.96,5.0,0.1,90.1,0.04,5.0,0.18,10.0,0.21,16.0,0.08,0.08,43.660201,1776184182000
1776184184.242,284.242,0.82,10.0,0.79,16.0,0.9,90.1,0.96,5.0,0.1,90.1,0.04,5.0,0.18,10.0,0.21,16.0,0.08,0.08,43.663593,1776184183000
1776184185.309,285.309,0.82,10.0,0.79,16.0,0.9,90.1,0.96,5.0,0.1,90.1,0.04,5.0,0.18,10.0,0.21,16.0,0.08,0.08,43.663753,1776184184000
1776184186.367,286.367,0.82,10.0,0.79,16.0,0.9,90.1,0.96,5.0,0.1,90.1,0.04,5.0,0.18,10.0,0.21,16.0,0.08,0.08,43.662617,1776184185000
1776184187.38,287.38,0.82,10.0,0.79,16.0,0.9,90.1,0.96,5.0,0.1,90.1,0.04,5.0,0.18,10.0,0.21,16.0,0.08,0.08,43.662128,1776184186000
1776184187.851,287.851,0.99,760.0,0.91,27.0,,,,,,,,,0.01,760.0,0.09,27.0,,,43.662128,1776184187000
1776184188.91,288.91,0.99,760.0,0.91,27.0,,,,,,,,,0.01,760.0,0.09,27.0,,,43.667372,1776184188000
1776184189.923,289.923,0.99,760.0,0.91,27.0,,,,,,,,,0.01,760.0,0.09,27.0,,,43.6889,1776184189000
1776184191.036,291.036,0.99,760.0,0.91,27.0,,,,,,,,,0.01,760.0,0.09,27.0,,,43.708955,1776184190000
1776184192.116,292.116,0.99,760.0,0.91,27.0,,,,,,,,,0.01,760.0,0.09,27.0,,,43.709587,1776184191000
1776184193.092,293.092,0.99,760.0,0.91,27.0,,,,,,,,,0.01,760.0,0.09,27.0,,,43.710103,1776184192000
1776184194.169,294.169,0.99,760.0,0.91,27.0,,,,,,,,,0.01,760.0,0.09,27.0,,,43.710873,1776184193000
1776184195.167,295.167,0.99,760.0,0.91,27.0,,,,,,,,,0.01,760.0,0.09,27.0,,,43.710814,1776184194000
1776184196.16,296.16,0.99,760.0,0.91,27.0,,,,,,,,,0.01,760.0,0.09,27.0,,,43.711649,1776184195000
1776184197.136,297.136,0.99,760.0,0.91,27.0,,,,,,,,,0.01,760.0,0.09,27.0,,,43.711654,1776184196000
1776184198.746,298.746,0.99,760.0,0.91,27.0,,,,,,,,,0.01,760.0,0.09,27.0,,,43.711587,1776184197000
1776184199.369,299.369,0.99,760.0,0.91,27.0,,,,,,,,,0.01,760.0,0.09,27.0,,,43.711587,1776184198000
1776184200.454,300.454,0.99,760.0,0.91,27.0,,,,,,,,,0.01,760.0,0.09,27.0,,,43.71172,1776184199000
1776184201.077,301.077,0.99,760.0,0.91,27.0,,,,,,,,,0.01,760.0,0.09,27.0,,,43.710554,1776184200000
1776184202.164,302.164,0.99,760.0,0.91,27.0,,,,,,,,,0.01,760.0,0.09,27.0,,,43.720596,1776184201000

# RESULT,winner=Up,slug=hype-updown-5m-1776183900,ticks=309
