timestamp,elapsed_sec,up_bid_p1,up_bid_s1,up_bid_p2,up_bid_s2,up_ask_p1,up_ask_s1,up_ask_p2,up_ask_s2,down_bid_p1,down_bid_s1,down_bid_p2,down_bid_s2,down_ask_p1,down_ask_s1,down_ask_p2,down_ask_s2,up_spread,down_spread,hype_price,hype_oracle_ts
1776185111.566,11.566,0.44,5.0,0.32,5.0,0.54,10.0,0.56,10.0,0.46,10.0,0.44,10.0,0.56,5.0,0.68,5.0,0.1,0.1,43.711088,1776185110000
1776185112.042,12.042,0.44,5.0,0.32,5.0,0.54,10.0,0.56,10.0,0.46,10.0,0.44,10.0,0.56,5.0,0.68,5.0,0.1,0.1,43.711088,1776185110000
1776185113.563,13.563,0.44,5.0,0.32,5.0,0.54,10.0,0.56,10.0,0.46,10.0,0.44,10.0,0.56,5.0,0.68,5.0,0.1,0.1,43.708035,1776185112000
1776185114.166,14.166,0.44,5.0,0.32,5.0,0.54,10.0,0.56,10.0,0.46,10.0,0.44,10.0,0.56,5.0,0.68,5.0,0.1,0.1,43.708048,1776185113000
1776185115.32,15.32,0.44,5.0,0.32,5.0,0.54,10.0,0.56,10.0,0.46,10.0,0.44,10.0,0.56,5.0,0.68,5.0,0.1,0.1,43.704683,1776185114000
1776185116.879,16.879,0.44,5.0,0.32,5.0,0.54,10.0,0.56,10.0,0.46,10.0,0.44,10.0,0.56,5.0,0.68,5.0,0.1,0.1,43.704068,1776185115000
1776185117.389,17.389,0.44,5.0,0.32,5.0,0.54,10.0,0.56,10.0,0.46,10.0,0.44,10.0,0.56,5.0,0.68,5.0,0.1,0.1,43.70404,1776185116000
1776185118.031,18.031,0.44,5.0,0.32,5.0,0.54,10.0,0.56,10.0,0.46,10.0,0.44,10.0,0.56,5.0,0.68,5.0,0.1,0.1,43.702409,1776185117000
1776185119.124,19.124,0.44,5.0,0.32,5.0,0.54,10.0,0.56,10.0,0.46,10.0,0.44,10.0,0.56,5.0,0.68,5.0,0.1,0.1,43.703367,1776185118000
1776185120.399,20.399,0.44,5.0,0.32,5.0,0.54,10.0,0.56,10.0,0.46,10.0,0.44,10.0,0.56,5.0,0.68,5.0,0.1,0.1,43.704614,1776185119000
1776185120.935,20.935,0.44,5.0,0.32,5.0,0.54,10.0,0.56,10.0,0.46,10.0,0.44,10.0,0.56,5.0,0.68,5.0,0.1,0.1,43.704866,1776185120000
1776185122.062,22.062,0.44,5.0,0.32,5.0,0.54,10.0,0.56,10.0,0.46,10.0,0.44,10.0,0.56,5.0,0.68,5.0,0.1,0.1,43.704442,1776185121000
1776185123.128,23.128,0.44,5.0,0.32,5.0,0.54,10.0,0.56,10.0,0.46,10.0,0.44,10.0,0.56,5.0,0.68,5.0,0.1,0.1,43.701361,1776185122000
1776185124.254,24.254,0.44,5.0,0.32,5.0,0.54,10.0,0.56,10.0,0.46,10.0,0.44,10.0,0.56,5.0,0.68,5.0,0.1,0.1,43.70136,1776185123000
1776185125.832,25.832,0.44,5.0,0.32,5.0,0.54,10.0,0.56,10.0,0.46,10.0,0.44,10.0,0.56,5.0,0.68,5.0,0.1,0.1,43.702321,1776185124000
1776185126.333,26.333,0.44,5.0,0.32,5.0,0.54,10.0,0.56,10.0,0.46,10.0,0.44,10.0,0.56,5.0,0.68,5.0,0.1,0.1,43.702905,1776185125000
1776185126.816,26.816,0.21,5.0,0.2,5.0,0.47,5.0,0.48,5.0,0.46,10.0,0.44,10.0,0.56,5.0,0.68,5.0,0.26,0.1,43.702905,1776185125000
1776185127.452,27.452,0.21,5.0,0.2,5.0,0.47,5.0,0.48,5.0,0.53,5.0,0.52,5.0,0.79,5.0,0.8,5.0,0.26,0.26,43.703238,1776185126000
1776185127.968,27.968,0.21,5.0,0.2,5.0,0.47,5.0,0.48,5.0,0.53,5.0,0.52,5.0,0.79,5.0,0.8,5.0,0.26,0.26,43.703116,1776185127000
1776185128.994,28.994,0.21,5.0,0.2,5.0,0.47,5.0,0.48,5.0,0.53,5.0,0.52,5.0,0.79,5.0,0.8,5.0,0.26,0.26,43.698752,1776185128000
1776185129.957,29.957,0.21,5.0,0.2,5.0,0.47,5.0,0.48,5.0,0.53,5.0,0.52,5.0,0.79,5.0,0.8,5.0,0.26,0.26,43.696009,1776185129000
1776185130.895,30.895,0.21,5.0,0.2,5.0,0.47,5.0,0.48,5.0,0.53,5.0,0.52,5.0,0.79,5.0,0.8,5.0,0.26,0.26,43.69008,1776185130000
1776185131.92,31.92,0.21,5.0,0.2,5.0,0.47,5.0,0.48,5.0,0.53,5.0,0.52,5.0,0.79,5.0,0.8,5.0,0.26,0.26,43.683427,1776185131000
1776185133.411,33.411,0.21,5.0,0.2,5.0,0.47,5.0,0.48,5.0,0.53,5.0,0.52,5.0,0.79,5.0,0.8,5.0,0.26,0.26,43.674404,1776185132000
1776185133.909,33.909,0.21,5.0,0.2,5.0,0.47,5.0,0.48,5.0,0.53,5.0,0.52,5.0,0.79,5.0,0.8,5.0,0.26,0.26,43.672661,1776185133000
1776185135.005,35.005,0.21,5.0,0.2,5.0,0.47,5.0,0.48,5.0,0.53,5.0,0.52,5.0,0.79,5.0,0.8,5.0,0.26,0.26,43.671433,1776185134000
1776185136.101,36.101,0.21,5.0,0.2,5.0,0.47,5.0,0.48,5.0,0.53,5.0,0.52,5.0,0.79,5.0,0.8,5.0,0.26,0.26,43.67071,1776185135000
1776185137.143,37.143,0.21,5.0,0.2,5.0,0.47,5.0,0.48,5.0,0.53,5.0,0.52,5.0,0.79,5.0,0.8,5.0,0.26,0.26,43.678025,1776185136000
1776185138.273,38.273,0.21,5.0,0.2,5.0,0.47,5.0,0.48,5.0,0.53,5.0,0.52,5.0,0.79,5.0,0.8,5.0,0.26,0.26,43.699667,1776185137000
1776185139.424,39.424,0.21,5.0,0.2,5.0,0.47,5.0,0.48,5.0,0.53,5.0,0.52,5.0,0.79,5.0,0.8,5.0,0.26,0.26,43.700852,1776185138000
1776185140.0,40.0,0.21,5.0,0.2,5.0,0.47,5.0,0.48,5.0,0.53,5.0,0.52,5.0,0.79,5.0,0.8,5.0,0.26,0.26,43.699892,1776185139000
1776185141.108,41.108,0.21,5.0,0.2,5.0,0.47,5.0,0.48,5.0,0.53,5.0,0.52,5.0,0.79,5.0,0.8,5.0,0.26,0.26,43.697971,1776185140000
1776185142.149,42.149,0.21,5.0,0.2,5.0,0.47,5.0,0.48,5.0,0.53,5.0,0.52,5.0,0.79,5.0,0.8,5.0,0.26,0.26,43.689063,1776185141000
1776185143.276,43.276,0.21,5.0,0.2,5.0,0.47,5.0,0.48,5.0,0.53,5.0,0.52,5.0,0.79,5.0,0.8,5.0,0.26,0.26,43.688006,1776185142000
1776185144.337,44.337,0.21,5.0,0.2,5.0,0.47,5.0,0.48,5.0,0.53,5.0,0.52,5.0,0.79,5.0,0.8,5.0,0.26,0.26,43.687657,1776185143000
1776185144.875,44.875,0.21,5.0,0.2,5.0,0.47,5.0,0.48,5.0,0.53,5.0,0.52,5.0,0.79,5.0,0.8,5.0,0.26,0.26,43.68526,1776185144000
1776185145.996,45.996,0.21,5.0,0.2,5.0,0.47,5.0,0.48,5.0,0.53,5.0,0.52,5.0,0.79,5.0,0.8,5.0,0.26,0.26,43.6923,1776185145000
1776185147.034,47.034,0.21,5.0,0.2,5.0,0.47,5.0,0.48,5.0,0.53,5.0,0.52,5.0,0.79,5.0,0.8,5.0,0.26,0.26,43.700769,1776185146000
1776185148.064,48.064,0.21,5.0,0.2,5.0,0.47,5.0,0.48,5.0,0.53,5.0,0.52,5.0,0.79,5.0,0.8,5.0,0.26,0.26,43.702142,1776185147000
1776185149.106,49.106,0.21,5.0,0.2,5.0,0.47,5.0,0.48,5.0,0.53,5.0,0.52,5.0,0.79,5.0,0.8,5.0,0.26,0.26,43.701345,1776185148000
1776185150.183,50.183,0.21,5.0,0.2,5.0,0.47,5.0,0.48,5.0,0.53,5.0,0.52,5.0,0.79,5.0,0.8,5.0,0.26,0.26,43.714955,1776185149000
1776185151.337,51.337,0.21,5.0,0.2,5.0,0.47,5.0,0.48,5.0,0.53,5.0,0.52,5.0,0.79,5.0,0.8,5.0,0.26,0.26,43.72256,1776185150000
1776185152.292,52.292,0.21,5.0,0.2,5.0,0.47,5.0,0.48,5.0,0.53,5.0,0.52,5.0,0.79,5.0,0.8,5.0,0.26,0.26,43.72256,1776185151000
1776185153.145,53.145,0.21,5.0,0.2,5.0,0.47,5.0,0.48,5.0,0.53,5.0,0.52,5.0,0.79,5.0,0.8,5.0,0.26,0.26,43.723941,1776185152000
1776185154.279,54.279,0.21,5.0,0.2,5.0,0.47,5.0,0.48,5.0,0.53,5.0,0.52,5.0,0.79,5.0,0.8,5.0,0.26,0.26,43.723941,1776185153000
1776185155.334,55.334,0.21,5.0,0.2,5.0,0.47,5.0,0.48,5.0,0.53,5.0,0.52,5.0,0.79,5.0,0.8,5.0,0.26,0.26,43.725005,1776185154000
1776185156.31,56.31,0.21,5.0,0.2,5.0,0.47,5.0,0.48,5.0,0.53,5.0,0.52,5.0,0.79,5.0,0.8,5.0,0.26,0.26,43.730627,1776185155000
1776185157.356,57.356,0.21,5.0,0.2,5.0,0.47,5.0,0.48,5.0,0.53,5.0,0.52,5.0,0.79,5.0,0.8,5.0,0.26,0.26,43.732417,1776185156000
1776185158.281,58.281,0.21,5.0,0.2,5.0,0.47,5.0,0.48,5.0,0.53,5.0,0.52,5.0,0.79,5.0,0.8,5.0,0.26,0.26,43.72166,1776185157000
1776185159.248,59.248,0.21,5.0,0.2,5.0,0.47,5.0,0.48,5.0,0.53,5.0,0.52,5.0,0.79,5.0,0.8,5.0,0.26,0.26,43.721415,1776185158000
1776185160.328,60.328,0.21,5.0,0.2,5.0,0.47,5.0,0.48,5.0,0.53,5.0,0.52,5.0,0.79,5.0,0.8,5.0,0.26,0.26,43.718865,1776185159000
1776185161.233,61.233,0.21,5.0,0.2,5.0,0.47,5.0,0.48,5.0,0.53,5.0,0.52,5.0,0.79,5.0,0.8,5.0,0.26,0.26,43.716085,1776185160000
1776185162.251,62.251,0.21,5.0,0.2,5.0,0.47,5.0,0.48,5.0,0.53,5.0,0.52,5.0,0.79,5.0,0.8,5.0,0.26,0.26,43.715778,1776185161000
1776185163.217,63.217,0.21,5.0,0.2,5.0,0.47,5.0,0.48,5.0,0.53,5.0,0.52,5.0,0.79,5.0,0.8,5.0,0.26,0.26,43.711594,1776185162000
1776185164.212,64.212,0.21,5.0,0.2,5.0,0.47,5.0,0.48,5.0,0.53,5.0,0.52,5.0,0.79,5.0,0.8,5.0,0.26,0.26,43.710449,1776185163000
1776185165.304,65.304,0.21,5.0,0.2,5.0,0.47,5.0,0.48,5.0,0.53,5.0,0.52,5.0,0.79,5.0,0.8,5.0,0.26,0.26,43.706018,1776185164000
1776185166.714,66.714,0.21,5.0,0.2,5.0,0.47,5.0,0.48,5.0,0.53,5.0,0.52,5.0,0.79,5.0,0.8,5.0,0.26,0.26,43.702695,1776185165000
1776185167.305,67.305,0.21,5.0,0.2,5.0,0.47,5.0,0.48,5.0,0.53,5.0,0.52,5.0,0.79,5.0,0.8,5.0,0.26,0.26,43.700616,1776185166000
1776185168.484,68.484,0.21,5.0,0.2,5.0,0.47,5.0,0.48,5.0,0.53,5.0,0.52,5.0,0.79,5.0,0.8,5.0,0.26,0.26,43.697533,1776185167000
1776185169.134,69.134,0.21,5.0,0.2,5.0,0.47,5.0,0.48,5.0,0.53,5.0,0.52,5.0,0.79,5.0,0.8,5.0,0.26,0.26,43.698318,1776185168000
1776185170.246,70.246,0.21,5.0,0.2,5.0,0.47,5.0,0.48,5.0,0.53,5.0,0.52,5.0,0.79,5.0,0.8,5.0,0.26,0.26,43.697262,1776185169000
1776185171.381,71.381,0.21,5.0,0.2,5.0,0.47,5.0,0.48,5.0,0.53,5.0,0.52,5.0,0.79,5.0,0.8,5.0,0.26,0.26,43.693704,1776185170000
1776185172.0,72.0,0.21,5.0,0.2,5.0,0.47,5.0,0.48,5.0,0.53,5.0,0.52,5.0,0.79,5.0,0.8,5.0,0.26,0.26,43.693704,1776185171000
1776185173.2,73.2,0.21,5.0,0.2,5.0,0.47,5.0,0.48,5.0,0.53,5.0,0.52,5.0,0.79,5.0,0.8,5.0,0.26,0.26,43.692266,1776185172000
1776185174.42,74.42,0.21,5.0,0.2,5.0,0.47,5.0,0.48,5.0,0.53,5.0,0.52,5.0,0.79,5.0,0.8,5.0,0.26,0.26,43.692266,1776185173000
1776185175.027,75.027,0.21,5.0,0.2,5.0,0.47,5.0,0.48,5.0,0.53,5.0,0.52,5.0,0.79,5.0,0.8,5.0,0.26,0.26,43.692266,1776185174000
1776185176.304,76.304,0.21,5.0,0.2,5.0,0.47,5.0,0.48,5.0,0.53,5.0,0.52,5.0,0.79,5.0,0.8,5.0,0.26,0.26,43.691538,1776185175000
1776185177.549,77.549,0.21,5.0,0.2,5.0,0.47,5.0,0.48,5.0,0.53,5.0,0.52,5.0,0.79,5.0,0.8,5.0,0.26,0.26,43.691922,1776185176000
1776185178.303,78.303,0.21,5.0,0.2,5.0,0.47,5.0,0.48,5.0,0.53,5.0,0.52,5.0,0.79,5.0,0.8,5.0,0.26,0.26,43.692227,1776185177000
1776185179.521,79.521,0.21,5.0,0.2,5.0,0.47,5.0,0.48,5.0,0.53,5.0,0.52,5.0,0.79,5.0,0.8,5.0,0.26,0.26,43.692015,1776185178000
1776185180.067,80.067,0.21,5.0,0.2,5.0,0.47,5.0,0.48,5.0,0.53,5.0,0.52,5.0,0.79,5.0,0.8,5.0,0.26,0.26,43.692132,1776185179000
1776185181.541,81.541,0.21,5.0,0.2,5.0,0.47,5.0,0.48,5.0,0.53,5.0,0.52,5.0,0.79,5.0,0.8,5.0,0.26,0.26,43.693907,1776185180000
1776185181.938,81.938,0.11,15.0,0.1,15.0,0.28,3.92,0.29,5.0,0.53,5.0,0.52,5.0,0.79,5.0,0.8,5.0,0.17,0.26,43.693907,1776185180000
1776185182.871,82.871,0.11,15.0,0.1,15.0,0.28,3.92,0.29,5.0,0.72,3.92,0.71,5.0,0.89,15.0,0.9,15.0,0.17,0.17,43.693907,1776185181000
1776185183.52,83.52,0.11,15.0,0.1,15.0,0.28,3.92,0.29,5.0,0.72,3.92,0.71,5.0,0.89,15.0,0.9,15.0,0.17,0.17,43.669076,1776185182000
1776185184.21,84.21,0.11,15.0,0.1,15.0,0.28,3.92,0.29,5.0,0.72,3.92,0.71,5.0,0.89,15.0,0.9,15.0,0.17,0.17,43.651399,1776185183000
1776185185.288,85.288,0.11,15.0,0.1,15.0,0.28,3.92,0.29,5.0,0.72,3.92,0.71,5.0,0.89,15.0,0.9,15.0,0.17,0.17,43.596117,1776185184000
1776185186.478,86.478,0.11,15.0,0.1,15.0,0.28,3.92,0.29,5.0,0.72,3.92,0.71,5.0,0.89,15.0,0.9,15.0,0.17,0.17,43.572922,1776185185000
1776185187.062,87.062,0.11,15.0,0.1,15.0,0.28,3.92,0.29,5.0,0.72,3.92,0.71,5.0,0.89,15.0,0.9,15.0,0.17,0.17,43.569722,1776185186000
1776185188.211,88.211,0.11,15.0,0.1,15.0,0.28,3.92,0.29,5.0,0.72,3.92,0.71,5.0,0.89,15.0,0.9,15.0,0.17,0.17,43.56059,1776185187000
1776185189.401,89.401,0.11,15.0,0.1,15.0,0.28,3.92,0.29,5.0,0.72,3.92,0.71,5.0,0.89,15.0,0.9,15.0,0.17,0.17,43.562062,1776185188000
1776185190.047,90.047,0.11,15.0,0.1,15.0,0.28,3.92,0.29,5.0,0.72,3.92,0.71,5.0,0.89,15.0,0.9,15.0,0.17,0.17,43.562049,1776185189000
1776185191.021,91.021,0.11,15.0,0.1,15.0,0.28,3.92,0.29,5.0,0.72,3.92,0.71,5.0,0.89,15.0,0.9,15.0,0.17,0.17,43.570149,1776185190000
1776185192.233,92.233,0.11,15.0,0.1,15.0,0.28,3.92,0.29,5.0,0.72,3.92,0.71,5.0,0.89,15.0,0.9,15.0,0.17,0.17,43.579158,1776185191000
1776185193.34,93.34,0.11,15.0,0.1,15.0,0.28,3.92,0.29,5.0,0.72,3.92,0.71,5.0,0.89,15.0,0.9,15.0,0.17,0.17,43.579099,1776185192000
1776185193.934,93.934,0.11,15.0,0.1,15.0,0.28,3.92,0.29,5.0,0.72,3.92,0.71,5.0,0.89,15.0,0.9,15.0,0.17,0.17,43.567029,1776185193000
1776185195.047,95.047,0.11,15.0,0.1,15.0,0.28,3.92,0.29,5.0,0.72,3.92,0.71,5.0,0.89,15.0,0.9,15.0,0.17,0.17,43.576247,1776185194000
1776185196.14,96.14,0.09,18.9,0.08,77.0,0.22,15.0,0.23,15.0,0.72,3.92,0.71,5.0,0.89,15.0,0.9,15.0,0.13,0.17,43.576247,1776185194000
1776185196.877,96.877,0.09,18.9,0.08,77.0,0.22,15.0,0.23,15.0,0.78,15.0,0.77,15.0,0.91,18.9,0.92,77.0,0.13,0.13,43.597482,1776185196000
1776185197.97,97.97,0.09,18.9,0.08,77.0,0.22,15.0,0.23,15.0,0.78,15.0,0.77,15.0,0.91,18.9,0.92,77.0,0.13,0.13,43.590963,1776185197000
1776185199.385,99.385,0.09,18.9,0.08,77.0,0.22,15.0,0.23,15.0,0.78,15.0,0.77,15.0,0.91,18.9,0.92,77.0,0.13,0.13,43.588836,1776185198000
1776185200.674,100.674,0.09,18.9,0.08,77.0,0.22,15.0,0.23,15.0,0.78,15.0,0.77,15.0,0.91,18.9,0.92,77.0,0.13,0.13,43.579291,1776185199000
1776185201.24,101.24,0.09,18.9,0.08,77.0,0.22,15.0,0.23,15.0,0.78,15.0,0.77,15.0,0.91,18.9,0.92,77.0,0.13,0.13,43.572501,1776185200000
1776185202.536,102.536,0.09,18.9,0.08,77.0,0.22,15.0,0.23,15.0,0.78,15.0,0.77,15.0,0.91,18.9,0.92,77.0,0.13,0.13,43.559786,1776185201000
1776185203.203,103.203,0.09,18.9,0.08,77.0,0.22,15.0,0.23,15.0,0.78,15.0,0.77,15.0,0.91,18.9,0.92,77.0,0.13,0.13,43.558194,1776185202000
1776185203.63,103.63,0.09,3.9,0.05,15.0,0.1,36.41,0.11,15.0,0.78,15.0,0.77,15.0,0.91,18.9,0.92,77.0,0.01,0.13,43.558194,1776185202000
1776185204.547,104.547,0.09,3.9,0.05,15.0,0.1,36.41,0.11,15.0,0.9,36.41,0.89,15.0,0.91,3.9,0.95,15.0,0.01,0.01,43.553147,1776185203000
1776185205.173,105.173,0.09,3.9,0.05,15.0,0.1,36.41,0.11,15.0,0.9,36.41,0.89,15.0,0.91,3.9,0.95,15.0,0.01,0.01,43.552425,1776185204000
1776185205.697,105.697,0.04,20.0,0.03,15.0,0.1,36.41,0.11,15.0,0.9,36.41,0.89,15.0,0.91,3.9,0.95,15.0,0.06,0.01,43.552425,1776185204000
1776185206.424,106.424,0.04,20.0,0.03,15.0,0.1,36.41,0.11,15.0,0.9,36.41,0.89,15.0,0.96,20.0,0.97,15.0,0.06,0.06,43.539258,1776185205000
1776185206.926,106.926,0.04,3.02,0.03,15.0,0.08,15.0,0.09,34.0,0.9,36.41,0.89,15.0,0.96,20.0,0.97,15.0,0.04,0.06,43.539258,1776185205000
1776185207.472,107.472,0.03,9.58,0.02,25.0,0.07,13.0,0.08,15.0,0.92,15.0,0.91,34.0,0.96,3.02,0.97,15.0,0.04,0.04,43.536573,1776185206000
1776185208.48,108.48,0.03,9.58,0.02,25.0,0.07,13.0,0.08,15.0,0.93,13.0,0.92,15.0,0.97,9.58,0.98,25.0,0.04,0.04,43.524362,1776185207000
1776185209.139,109.139,0.03,9.58,0.02,25.0,0.07,13.0,0.08,15.0,0.93,13.0,0.92,15.0,0.97,9.58,0.98,25.0,0.04,0.04,43.524362,1776185208000
1776185210.284,110.284,0.03,9.58,0.02,25.0,0.07,13.0,0.08,15.0,0.93,13.0,0.92,15.0,0.97,9.58,0.98,25.0,0.04,0.04,43.518645,1776185209000
1776185210.568,110.568,0.03,8.54,0.02,25.0,0.07,27.0,0.08,15.0,0.93,13.0,0.92,15.0,0.97,9.58,0.98,25.0,0.04,0.04,43.518645,1776185209000
1776185211.029,111.029,0.03,4.33,0.02,25.0,0.07,27.0,0.08,15.0,0.93,27.0,0.92,15.0,0.97,8.54,0.98,25.0,0.04,0.04,43.518645,1776185209000
1776185211.533,111.533,0.03,4.33,0.02,25.0,0.07,27.0,0.08,15.0,0.93,27.0,0.92,15.0,0.97,4.33,0.98,25.0,0.04,0.04,43.507053,1776185210000
1776185212.249,112.249,0.03,4.33,0.02,25.0,0.07,27.0,0.08,15.0,0.93,27.0,0.92,15.0,0.97,4.33,0.98,25.0,0.04,0.04,43.49804,1776185211000
1776185213.985,113.985,0.03,2.22,0.02,25.0,0.06,15.0,0.07,27.0,0.93,27.0,0.92,15.0,0.97,4.33,0.98,25.0,0.03,0.04,43.49804,1776185211000
1776185214.243,114.243,0.03,2.22,0.02,25.0,0.06,15.0,0.07,27.0,0.94,15.0,0.93,27.0,0.97,2.22,0.98,25.0,0.03,0.03,43.499361,1776185212000
1776185214.46,114.46,0.03,1.16,0.02,25.0,0.06,15.0,0.07,27.0,0.94,15.0,0.93,27.0,0.97,2.22,0.98,25.0,0.03,0.03,43.499361,1776185212000
1776185215.862,115.862,0.03,1.16,0.02,25.0,0.06,15.0,0.07,27.0,0.94,15.0,0.93,27.0,0.97,1.16,0.98,25.0,0.03,0.03,43.492255,1776185214000
1776185216.359,116.359,0.03,0.12,0.02,25.0,0.06,15.0,0.07,27.0,0.94,15.0,0.93,27.0,0.97,1.16,0.98,25.0,0.03,0.03,43.492255,1776185214000
1776185216.658,116.658,0.03,0.12,0.02,25.0,0.06,15.0,0.07,27.0,0.94,15.0,0.93,27.0,0.97,0.12,0.98,25.0,0.03,0.03,43.492886,1776185215000
1776185217.296,117.296,0.03,0.12,0.02,25.0,0.06,15.0,0.07,27.0,0.94,15.0,0.93,27.0,0.97,0.12,0.98,25.0,0.03,0.03,43.493981,1776185216000
1776185218.753,118.753,0.03,0.12,0.02,25.0,0.06,15.0,0.07,27.0,0.94,15.0,0.93,27.0,0.97,0.12,0.98,25.0,0.03,0.03,43.494967,1776185217000
1776185219.477,119.477,0.03,0.12,0.02,25.0,0.06,15.0,0.07,27.0,0.94,15.0,0.93,27.0,0.97,0.12,0.98,25.0,0.03,0.03,43.497059,1776185218000
1776185220.276,120.276,0.03,0.12,0.02,25.0,0.06,15.0,0.07,27.0,0.94,15.0,0.93,27.0,0.97,0.12,0.98,25.0,0.03,0.03,43.497233,1776185219000
1776185221.241,121.241,0.03,0.12,0.02,25.0,0.06,15.0,0.07,27.0,0.94,15.0,0.93,27.0,0.97,0.12,0.98,25.0,0.03,0.03,43.506905,1776185220000
1776185222.631,122.631,0.03,0.12,0.02,25.0,0.06,15.0,0.07,27.0,0.94,15.0,0.93,27.0,0.97,0.12,0.98,25.0,0.03,0.03,43.506498,1776185221000
1776185223.36,123.36,0.03,0.12,0.02,25.0,0.06,15.0,0.07,27.0,0.94,15.0,0.93,27.0,0.97,0.12,0.98,25.0,0.03,0.03,43.506735,1776185222000
1776185224.178,124.178,0.03,0.12,0.02,25.0,0.06,15.0,0.07,27.0,0.94,15.0,0.93,27.0,0.97,0.12,0.98,25.0,0.03,0.03,43.507525,1776185223000
1776185225.554,125.554,0.03,0.12,0.02,25.0,0.06,15.0,0.07,27.0,0.94,15.0,0.93,27.0,0.97,0.12,0.98,25.0,0.03,0.03,43.495972,1776185224000
1776185226.331,126.331,0.03,0.12,0.02,25.0,0.06,15.0,0.07,27.0,0.94,15.0,0.93,27.0,0.97,0.12,0.98,25.0,0.03,0.03,43.495972,1776185225000
1776185227.713,127.713,0.03,0.12,0.02,25.0,0.06,15.0,0.07,27.0,0.94,15.0,0.93,27.0,0.97,0.12,0.98,25.0,0.03,0.03,43.495401,1776185226000
1776185228.349,128.349,0.03,0.12,0.02,25.0,0.06,15.0,0.07,27.0,0.94,15.0,0.93,27.0,0.97,0.12,0.98,25.0,0.03,0.03,43.49421,1776185227000
1776185229.694,129.694,0.03,0.12,0.02,25.0,0.06,15.0,0.07,27.0,0.94,15.0,0.93,27.0,0.97,0.12,0.98,25.0,0.03,0.03,43.493827,1776185228000
1776185230.4,130.4,0.03,0.12,0.02,25.0,0.06,15.0,0.07,27.0,0.94,15.0,0.93,27.0,0.97,0.12,0.98,25.0,0.03,0.03,43.493827,1776185229000
1776185231.653,131.653,0.03,0.12,0.02,25.0,0.06,15.0,0.07,27.0,0.94,15.0,0.93,27.0,0.97,0.12,0.98,25.0,0.03,0.03,43.493701,1776185230000
1776185232.538,132.538,0.03,0.12,0.02,25.0,0.06,15.0,0.07,27.0,0.94,15.0,0.93,27.0,0.97,0.12,0.98,25.0,0.03,0.03,43.493701,1776185231000
1776185233.36,133.36,0.03,0.12,0.02,25.0,0.06,15.0,0.07,27.0,0.94,15.0,0.93,27.0,0.97,0.12,0.98,25.0,0.03,0.03,43.493788,1776185232000
1776185234.404,134.404,0.03,0.12,0.02,25.0,0.06,15.0,0.07,27.0,0.94,15.0,0.93,27.0,0.97,0.12,0.98,25.0,0.03,0.03,43.491856,1776185233000
1776185234.939,134.939,0.03,0.12,0.02,25.0,0.06,15.0,0.07,27.0,0.94,15.0,0.93,27.0,0.97,0.12,0.98,25.0,0.03,0.03,43.501987,1776185234000
1776185236.105,136.105,0.03,0.12,0.02,25.0,0.06,15.0,0.07,27.0,0.94,15.0,0.93,27.0,0.97,0.12,0.98,25.0,0.03,0.03,43.514008,1776185235000
1776185237.181,137.181,0.03,0.12,0.02,25.0,0.06,15.0,0.07,27.0,0.94,15.0,0.93,27.0,0.97,0.12,0.98,25.0,0.03,0.03,43.515314,1776185236000
1776185238.259,138.259,0.03,0.12,0.02,25.0,0.06,15.0,0.07,27.0,0.94,15.0,0.93,27.0,0.97,0.12,0.98,25.0,0.03,0.03,43.515699,1776185237000
1776185239.243,139.243,0.03,0.12,0.02,25.0,0.06,15.0,0.07,27.0,0.94,15.0,0.93,27.0,0.97,0.12,0.98,25.0,0.03,0.03,43.515102,1776185238000
1776185240.361,140.361,0.03,0.12,0.02,25.0,0.06,15.0,0.07,27.0,0.94,15.0,0.93,27.0,0.97,0.12,0.98,25.0,0.03,0.03,43.527189,1776185239000
1776185241.409,141.409,0.03,0.12,0.02,25.0,0.06,15.0,0.07,27.0,0.94,15.0,0.93,27.0,0.97,0.12,0.98,25.0,0.03,0.03,43.521496,1776185240000
1776185241.903,141.903,0.03,0.12,0.02,25.0,0.06,15.0,0.07,27.0,0.94,15.0,0.93,27.0,0.97,0.12,0.98,25.0,0.03,0.03,43.521486,1776185241000
1776185242.975,142.975,0.03,0.12,0.02,25.0,0.06,15.0,0.07,27.0,0.94,15.0,0.93,27.0,0.97,0.12,0.98,25.0,0.03,0.03,43.517542,1776185242000
1776185243.974,143.974,0.03,0.12,0.02,25.0,0.06,15.0,0.07,27.0,0.94,15.0,0.93,27.0,0.97,0.12,0.98,25.0,0.03,0.03,43.504722,1776185243000
1776185244.964,144.964,0.03,0.12,0.02,25.0,0.06,15.0,0.07,27.0,0.94,15.0,0.93,27.0,0.97,0.12,0.98,25.0,0.03,0.03,43.491539,1776185244000
1776185246.15,146.15,0.03,0.12,0.02,25.0,0.06,15.0,0.07,27.0,0.94,15.0,0.93,27.0,0.97,0.12,0.98,25.0,0.03,0.03,43.490189,1776185245000
1776185247.227,147.227,0.03,0.12,0.02,25.0,0.06,15.0,0.07,27.0,0.94,15.0,0.93,27.0,0.97,0.12,0.98,25.0,0.03,0.03,43.487931,1776185246000
1776185247.607,147.607,0.01,250.0,,,0.02,10.0,0.03,15.0,0.94,15.0,0.93,27.0,0.97,0.12,0.98,25.0,0.01,0.03,43.487931,1776185246000
1776185247.9,147.9,0.01,245.0,,,0.03,15.0,0.04,15.0,0.98,10.0,0.97,15.0,0.99,250.0,,,0.02,0.01,43.487931,1776185246000
1776185248.317,148.317,0.01,245.0,,,0.03,15.0,0.04,15.0,0.97,15.0,0.96,15.0,0.99,245.0,,,0.02,0.02,43.488367,1776185247000
1776185248.543,148.543,0.01,235.0,,,0.03,15.0,0.04,15.0,0.97,15.0,0.96,15.0,0.99,245.0,,,0.02,0.02,43.488367,1776185247000
1776185249.277,149.277,0.01,235.0,,,0.03,15.0,0.04,15.0,0.97,15.0,0.96,15.0,0.99,235.0,,,0.02,0.02,43.488427,1776185248000
1776185250.298,150.298,0.01,225.0,,,0.03,15.0,0.04,15.0,0.97,15.0,0.96,15.0,0.99,225.0,,,0.02,0.02,43.488183,1776185249000
1776185250.999,150.999,0.01,190.0,,,0.02,15.0,0.03,15.0,0.97,15.0,0.96,15.0,0.99,225.0,,,0.01,0.02,43.488183,1776185249000
1776185251.293,151.293,0.01,190.0,,,0.02,15.0,0.03,15.0,0.98,15.0,0.97,15.0,0.99,190.0,,,0.01,0.01,43.487412,1776185250000
1776185252.127,152.127,0.01,180.0,,,0.02,15.0,0.03,15.0,0.98,15.0,0.97,15.0,0.99,190.0,,,0.01,0.01,43.487412,1776185250000
1776185253.343,153.343,0.01,180.0,,,0.02,15.0,0.03,15.0,0.98,15.0,0.97,15.0,0.99,180.0,,,0.01,0.01,43.481085,1776185252000
1776185254.342,154.342,0.01,180.0,,,0.02,15.0,0.03,15.0,0.98,15.0,0.97,15.0,0.99,180.0,,,0.01,0.01,43.474536,1776185253000
1776185254.973,154.973,0.01,170.0,,,0.02,15.0,0.03,15.0,0.98,15.0,0.97,15.0,0.99,180.0,,,0.01,0.01,43.474536,1776185253000
1776185255.403,155.403,0.01,170.0,,,0.02,15.0,0.03,15.0,0.98,15.0,0.97,15.0,0.99,170.0,,,0.01,0.01,43.459154,1776185254000
1776185256.319,156.319,0.01,170.0,,,0.02,15.0,0.03,15.0,0.98,15.0,0.97,15.0,0.99,170.0,,,0.01,0.01,43.44234,1776185255000
1776185257.264,157.264,0.01,170.0,,,0.02,15.0,0.03,15.0,0.98,15.0,0.97,15.0,0.99,170.0,,,0.01,0.01,43.434013,1776185256000
1776185257.793,157.793,0.01,160.0,,,0.02,15.0,0.03,15.0,0.98,15.0,0.97,15.0,0.99,170.0,,,0.01,0.01,43.434013,1776185256000
1776185258.355,158.355,0.01,160.0,,,0.02,15.0,0.03,15.0,0.98,15.0,0.97,15.0,0.99,160.0,,,0.01,0.01,43.431521,1776185257000
1776185259.369,159.369,0.01,160.0,,,0.02,15.0,0.03,15.0,0.98,15.0,0.97,15.0,0.99,160.0,,,0.01,0.01,43.42964,1776185258000
1776185260.534,160.534,0.01,160.0,,,0.02,15.0,0.03,15.0,0.98,15.0,0.97,15.0,0.99,160.0,,,0.01,0.01,43.430271,1776185259000
1776185261.112,161.112,0.01,160.0,,,0.02,15.0,0.03,15.0,0.98,15.0,0.97,15.0,0.99,160.0,,,0.01,0.01,43.430412,1776185260000
1776185262.146,162.146,0.01,160.0,,,0.02,15.0,0.03,15.0,0.98,15.0,0.97,15.0,0.99,160.0,,,0.01,0.01,43.430049,1776185261000
1776185263.091,163.091,0.01,160.0,,,0.02,15.0,0.03,15.0,0.98,15.0,0.97,15.0,0.99,160.0,,,0.01,0.01,43.418289,1776185262000
1776185264.076,164.076,0.01,160.0,,,0.02,15.0,0.03,15.0,0.98,15.0,0.97,15.0,0.99,160.0,,,0.01,0.01,43.404979,1776185263000
1776185264.73,164.73,0.01,156.96,,,0.02,15.0,0.03,15.0,0.98,15.0,0.97,15.0,0.99,160.0,,,0.01,0.01,43.404979,1776185263000
1776185265.373,165.373,0.01,156.96,,,0.02,15.0,0.03,15.0,0.98,15.0,0.97,15.0,0.99,156.96,,,0.01,0.01,43.405969,1776185264000
1776185266.572,166.572,0.01,156.96,,,0.02,15.0,0.03,15.0,0.98,15.0,0.97,15.0,0.99,156.96,,,0.01,0.01,43.410656,1776185265000
1776185266.975,166.975,0.01,156.96,,,0.02,15.0,0.03,15.0,0.98,15.0,0.97,15.0,0.99,156.96,,,0.01,0.01,43.410593,1776185266000
1776185268.082,168.082,0.01,156.96,,,0.02,15.0,0.03,15.0,0.98,15.0,0.97,15.0,0.99,156.96,,,0.01,0.01,43.407267,1776185267000
1776185269.231,169.231,0.01,156.96,,,0.02,15.0,0.03,15.0,0.98,15.0,0.97,15.0,0.99,156.96,,,0.01,0.01,43.40054,1776185268000
1776185270.316,170.316,0.01,156.96,,,0.02,15.0,0.03,15.0,0.98,15.0,0.97,15.0,0.99,156.96,,,0.01,0.01,43.401614,1776185269000
1776185271.002,171.002,0.01,156.96,,,0.02,15.0,0.03,15.0,0.98,15.0,0.97,15.0,0.99,156.96,,,0.01,0.01,43.401534,1776185270000
1776185272.212,172.212,0.01,156.96,,,0.02,15.0,0.03,15.0,0.98,15.0,0.97,15.0,0.99,156.96,,,0.01,0.01,43.398784,1776185271000
1776185273.337,173.337,0.01,156.96,,,0.02,15.0,0.03,15.0,0.98,15.0,0.97,15.0,0.99,156.96,,,0.01,0.01,43.384788,1776185272000
1776185273.887,173.887,0.01,156.96,,,0.02,15.0,0.03,15.0,0.98,15.0,0.97,15.0,0.99,156.96,,,0.01,0.01,43.384625,1776185273000
1776185275.486,175.486,0.01,156.96,,,0.02,15.0,0.03,15.0,0.98,15.0,0.97,15.0,0.99,156.96,,,0.01,0.01,43.382458,1776185274000
1776185276.083,176.083,0.01,156.96,,,0.02,15.0,0.03,15.0,0.98,15.0,0.97,15.0,0.99,156.96,,,0.01,0.01,43.382883,1776185275000
1776185277.255,177.255,0.01,156.96,,,0.02,15.0,0.03,15.0,0.98,15.0,0.97,15.0,0.99,156.96,,,0.01,0.01,43.383385,1776185276000
1776185278.397,178.397,0.01,156.96,,,0.02,15.0,0.03,15.0,0.98,15.0,0.97,15.0,0.99,156.96,,,0.01,0.01,43.38937,1776185277000
1776185279.434,179.434,0.01,156.96,,,0.02,15.0,0.03,15.0,0.98,15.0,0.97,15.0,0.99,156.96,,,0.01,0.01,43.399559,1776185278000
1776185280.047,180.047,0.01,156.96,,,0.02,15.0,0.03,15.0,0.98,15.0,0.97,15.0,0.99,156.96,,,0.01,0.01,43.406791,1776185279000
1776185280.371,180.371,0.01,149.96,,,0.02,15.0,0.03,15.0,0.98,15.0,0.97,15.0,0.99,156.96,,,0.01,0.01,43.406791,1776185279000
1776185280.708,180.708,0.01,119.96,,,0.02,15.0,0.03,15.0,0.98,15.0,0.97,15.0,0.99,149.96,,,0.01,0.01,43.406791,1776185279000
1776185281.097,181.097,0.01,99.86,,,0.02,15.0,0.03,15.0,0.98,15.0,0.97,15.0,0.99,119.96,,,0.01,0.01,43.406791,1776185279000
1776185282.09,182.09,0.01,94.8,,,0.02,15.0,0.03,15.0,0.98,15.0,0.97,15.0,0.99,99.86,,,0.01,0.01,43.410634,1776185280000
1776185282.337,182.337,0.01,94.8,,,0.02,15.0,0.03,15.0,0.98,15.0,0.97,15.0,0.99,94.8,,,0.01,0.01,43.413087,1776185281000
1776185283.506,183.506,0.01,94.8,,,0.02,15.0,0.03,15.0,0.98,15.0,0.97,15.0,0.99,94.8,,,0.01,0.01,43.425763,1776185282000
1776185284.039,184.039,0.01,84.69,,,0.02,15.0,0.03,15.0,0.98,15.0,0.97,15.0,0.99,84.69,,,0.01,0.01,43.41515,1776185283000
1776185285.073,185.073,0.01,84.69,,,0.02,15.0,0.03,15.0,0.98,15.0,0.97,15.0,0.99,84.69,,,0.01,0.01,43.392813,1776185284000
1776185286.218,186.218,0.01,84.69,,,0.02,15.0,0.03,15.0,0.98,15.0,0.97,15.0,0.99,84.69,,,0.01,0.01,43.382393,1776185285000
1776185287.284,187.284,0.01,84.69,,,0.02,15.0,0.03,15.0,0.98,15.0,0.97,15.0,0.99,84.69,,,0.01,0.01,43.383833,1776185286000
1776185288.375,188.375,0.01,84.69,,,0.02,15.0,0.03,15.0,0.98,15.0,0.97,15.0,0.99,84.69,,,0.01,0.01,43.387373,1776185287000
1776185289.534,189.534,0.01,84.69,,,0.02,15.0,0.03,15.0,0.98,15.0,0.97,15.0,0.99,84.69,,,0.01,0.01,43.38758,1776185288000
1776185290.022,190.022,0.01,84.69,,,0.02,15.0,0.03,15.0,0.98,15.0,0.97,15.0,0.99,84.69,,,0.01,0.01,43.383298,1776185289000
1776185291.029,191.029,0.01,84.69,,,0.02,15.0,0.03,15.0,0.98,15.0,0.97,15.0,0.99,84.69,,,0.01,0.01,43.380225,1776185290000
1776185292.088,192.088,0.01,84.69,,,0.02,15.0,0.03,15.0,0.98,15.0,0.97,15.0,0.99,84.69,,,0.01,0.01,43.382931,1776185291000
1776185293.137,193.137,0.01,84.69,,,0.02,15.0,0.03,15.0,0.98,15.0,0.97,15.0,0.99,84.69,,,0.01,0.01,43.383052,1776185292000
1776185294.138,194.138,0.01,84.69,,,0.02,15.0,0.03,15.0,0.98,15.0,0.97,15.0,0.99,84.69,,,0.01,0.01,43.382612,1776185293000
1776185295.288,195.288,0.01,84.69,,,0.02,15.0,0.03,15.0,0.98,15.0,0.97,15.0,0.99,84.69,,,0.01,0.01,43.388021,1776185294000
1776185296.303,196.303,0.01,84.69,,,0.02,15.0,0.03,15.0,0.98,15.0,0.97,15.0,0.99,84.69,,,0.01,0.01,43.390011,1776185295000
1776185297.453,197.453,0.01,84.69,,,0.02,15.0,0.03,15.0,0.98,15.0,0.97,15.0,0.99,84.69,,,0.01,0.01,43.385648,1776185296000
1776185298.335,198.335,0.01,84.69,,,0.02,15.0,0.03,15.0,0.98,15.0,0.97,15.0,0.99,84.69,,,0.01,0.01,43.388786,1776185297000
1776185299.397,199.397,0.01,84.69,,,0.02,15.0,0.03,15.0,0.98,15.0,0.97,15.0,0.99,84.69,,,0.01,0.01,43.389463,1776185298000
1776185300.037,200.037,0.01,84.69,,,0.02,15.0,0.03,15.0,0.98,15.0,0.97,15.0,0.99,84.69,,,0.01,0.01,43.388747,1776185299000
1776185301.004,201.004,0.01,84.69,,,0.02,15.0,0.03,15.0,0.98,15.0,0.97,15.0,0.99,84.69,,,0.01,0.01,43.388784,1776185300000
1776185302.063,202.063,0.01,64.49,,,0.02,15.0,0.03,15.0,0.98,15.0,0.97,15.0,0.99,64.49,,,0.01,0.01,43.389601,1776185301000
1776185303.21,203.21,0.01,64.49,,,0.02,15.0,0.03,15.0,0.98,15.0,0.97,15.0,0.99,64.49,,,0.01,0.01,43.390498,1776185302000
1776185305.05,205.05,0.01,64.49,,,0.02,15.0,0.03,15.0,0.98,15.0,0.97,15.0,0.99,64.49,,,0.01,0.01,43.371861,1776185303000
1776185305.946,205.946,0.01,64.49,,,0.02,15.0,0.03,15.0,0.98,15.0,0.97,15.0,0.99,64.49,,,0.01,0.01,43.370087,1776185304000
1776185306.587,206.587,0.01,64.49,,,0.02,15.0,0.03,15.0,0.98,15.0,0.97,15.0,0.99,64.49,,,0.01,0.01,43.36528,1776185305000
1776185307.337,207.337,0.01,64.49,,,0.02,15.0,0.03,15.0,0.98,15.0,0.97,15.0,0.99,64.49,,,0.01,0.01,43.365541,1776185306000
1776185308.41,208.41,0.01,59.49,,,0.02,15.0,0.03,15.0,0.98,15.0,0.97,15.0,0.99,64.49,,,0.01,0.01,43.365541,1776185306000
1776185308.732,208.732,0.01,59.49,,,0.02,15.0,0.03,15.0,0.98,15.0,0.97,15.0,0.99,59.49,,,0.01,0.01,43.364571,1776185307000
1776185309.336,209.336,0.01,59.49,,,0.02,15.0,0.03,15.0,0.98,15.0,0.97,15.0,0.99,59.49,,,0.01,0.01,43.364332,1776185308000
1776185310.073,210.073,0.01,59.49,,,0.02,15.0,0.03,15.0,0.98,15.0,0.97,15.0,0.99,59.49,,,0.01,0.01,43.36397,1776185309000
1776185310.666,210.666,0.01,41.49,,,0.02,15.0,0.03,15.0,0.98,15.0,0.97,15.0,0.99,59.49,,,0.01,0.01,43.36397,1776185309000
1776185310.985,210.985,0.01,36.44,,,0.02,15.0,0.03,15.0,0.98,15.0,0.97,15.0,0.99,41.49,,,0.01,0.01,43.36397,1776185309000
1776185311.431,211.431,0.01,31.39,,,0.02,15.0,0.03,15.0,0.98,15.0,0.97,15.0,0.99,31.39,,,0.01,0.01,43.364821,1776185310000
1776185312.13,212.13,0.01,31.39,,,0.02,15.0,0.03,15.0,0.98,15.0,0.97,15.0,0.99,31.39,,,0.01,0.01,43.364795,1776185311000
1776185312.835,212.835,,,,,0.01,968.61,0.02,15.0,0.98,15.0,0.97,15.0,0.99,31.39,,,,0.01,43.364795,1776185311000
1776185313.55,213.55,,,,,0.01,968.61,0.02,15.0,0.99,968.61,0.98,15.0,,,,,,,43.369949,1776185312000
1776185314.119,214.119,,,,,0.01,968.61,0.02,15.0,0.99,968.61,0.98,15.0,,,,,,,43.370429,1776185313000
1776185315.5,215.5,,,,,0.01,968.61,0.02,15.0,0.99,968.61,0.98,15.0,,,,,,,43.365533,1776185314000
1776185316.159,216.159,,,,,0.01,968.61,0.02,15.0,0.99,968.61,0.98,15.0,,,,,,,43.36418,1776185315000
1776185317.492,217.492,,,,,0.01,968.61,0.02,15.0,0.99,968.61,0.98,15.0,,,,,,,43.363434,1776185316000
1776185318.326,218.326,,,,,0.01,968.61,0.02,15.0,0.99,968.61,0.98,15.0,,,,,,,43.363602,1776185317000
1776185319.519,219.519,,,,,0.01,968.61,0.02,15.0,0.99,968.61,0.98,15.0,,,,,,,43.363266,1776185318000
1776185320.216,220.216,,,,,0.01,968.61,0.02,15.0,0.99,968.61,0.98,15.0,,,,,,,43.363892,1776185319000
1776185321.404,221.404,,,,,0.01,968.61,0.02,15.0,0.99,968.61,0.98,15.0,,,,,,,43.363916,1776185320000
1776185322.125,222.125,,,,,0.01,968.61,0.02,15.0,0.99,968.61,0.98,15.0,,,,,,,43.363883,1776185321000
1776185324.165,224.165,,,,,0.01,968.61,0.02,15.0,0.99,968.61,0.98,15.0,,,,,,,43.364419,1776185322000
1776185324.806,224.806,,,,,0.01,968.61,0.02,15.0,0.99,968.61,0.98,15.0,,,,,,,43.363635,1776185323000
1776185325.543,225.543,,,,,0.01,968.61,0.02,15.0,0.99,968.61,0.98,15.0,,,,,,,43.363248,1776185324000
1776185325.98,225.98,,,,,0.01,968.61,0.02,15.0,0.99,968.61,0.98,15.0,,,,,,,43.363196,1776185325000
1776185327.297,227.297,,,,,0.01,968.61,0.02,15.0,0.99,968.61,0.98,15.0,,,,,,,43.349262,1776185326000
1776185328.062,228.062,,,,,0.01,968.61,0.02,15.0,0.99,968.61,0.98,15.0,,,,,,,43.349262,1776185327000
1776185329.151,229.151,,,,,0.01,968.61,0.02,15.0,0.99,968.61,0.98,15.0,,,,,,,43.348385,1776185328000
1776185330.668,230.668,,,,,0.01,968.61,0.02,15.0,0.99,968.61,0.98,15.0,,,,,,,43.34872,1776185329000
1776185331.713,231.713,,,,,0.01,968.61,0.02,15.0,0.99,968.61,0.98,15.0,,,,,,,43.34677,1776185330000
1776185332.453,232.453,,,,,0.01,968.61,0.02,15.0,0.99,968.61,0.98,15.0,,,,,,,43.344223,1776185331000
1776185333.569,233.569,,,,,0.01,968.61,0.02,15.0,0.99,968.61,0.98,15.0,,,,,,,43.330275,1776185332000
1776185334.302,234.302,,,,,0.01,968.61,0.02,15.0,0.99,968.61,0.98,15.0,,,,,,,43.319065,1776185333000
1776185335.635,235.635,,,,,0.01,968.61,0.02,15.0,0.99,968.61,0.98,15.0,,,,,,,43.315588,1776185334000
1776185336.335,236.335,,,,,0.01,968.61,0.02,15.0,0.99,968.61,0.98,15.0,,,,,,,43.314718,1776185335000
1776185336.915,236.915,,,,,0.01,968.61,0.02,15.0,0.99,968.61,0.98,15.0,,,,,,,43.327441,1776185336000
1776185338.106,238.106,,,,,0.01,968.61,0.02,15.0,0.99,968.61,0.98,15.0,,,,,,,43.328172,1776185337000
1776185339.877,239.877,,,,,0.01,968.61,0.02,15.0,0.99,968.61,0.98,15.0,,,,,,,43.333879,1776185338000
1776185340.328,240.328,,,,,0.01,968.61,0.02,15.0,0.99,968.61,0.98,15.0,,,,,,,43.339031,1776185339000
1776185341.42,241.42,,,,,0.01,968.61,0.02,15.0,0.99,968.61,0.98,15.0,,,,,,,43.340846,1776185340000
1776185342.304,242.304,,,,,0.01,968.61,0.02,15.0,0.99,968.61,0.98,15.0,,,,,,,43.335475,1776185341000
1776185343.289,243.289,,,,,0.01,968.61,0.02,15.0,0.99,968.61,0.98,15.0,,,,,,,43.334178,1776185342000
1776185344.314,244.314,,,,,0.01,968.61,0.02,15.0,0.99,968.61,0.98,15.0,,,,,,,43.334911,1776185343000
1776185345.264,245.264,,,,,0.01,968.61,0.02,15.0,0.99,968.61,0.98,15.0,,,,,,,43.342154,1776185344000
1776185346.264,246.264,,,,,0.01,968.61,0.02,15.0,0.99,968.61,0.98,15.0,,,,,,,43.346342,1776185345000
1776185347.229,247.229,,,,,0.01,968.61,0.02,15.0,0.99,968.61,0.98,15.0,,,,,,,43.346498,1776185346000
1776185348.25,248.25,,,,,0.01,968.61,0.02,15.0,0.99,968.61,0.98,15.0,,,,,,,43.347445,1776185347000
1776185349.172,249.172,,,,,0.01,968.61,0.02,15.0,0.99,968.61,0.98,15.0,,,,,,,43.34472,1776185348000
1776185350.137,250.137,,,,,0.01,968.61,0.02,15.0,0.99,968.61,0.98,15.0,,,,,,,43.344173,1776185349000
1776185351.151,251.151,,,,,0.01,968.61,0.02,15.0,0.99,968.61,0.98,15.0,,,,,,,43.345415,1776185350000
1776185352.717,252.717,,,,,0.01,968.61,0.02,15.0,0.99,968.61,0.98,15.0,,,,,,,43.344702,1776185351000
1776185353.212,253.212,,,,,0.01,968.61,0.02,15.0,0.99,968.61,0.98,15.0,,,,,,,43.344741,1776185352000
1776185354.363,254.363,,,,,0.01,968.61,0.02,15.0,0.99,968.61,0.98,15.0,,,,,,,43.344407,1776185353000
1776185355.104,255.104,,,,,0.01,968.61,0.02,15.0,0.99,968.61,0.98,15.0,,,,,,,43.35113,1776185354000
1776185356.392,256.392,,,,,0.01,968.61,0.02,15.0,0.99,968.61,0.98,15.0,,,,,,,43.351324,1776185355000
1776185357.469,257.469,,,,,0.01,968.61,0.02,15.0,0.99,968.61,0.98,15.0,,,,,,,43.363792,1776185356000
1776185358.186,258.186,,,,,0.01,968.61,0.02,15.0,0.99,968.61,0.98,15.0,,,,,,,43.412774,1776185357000
1776185359.269,259.269,,,,,0.01,968.61,0.02,15.0,0.99,968.61,0.98,15.0,,,,,,,43.410582,1776185358000
1776185360.417,260.417,,,,,0.01,968.61,0.02,15.0,0.99,968.61,0.98,15.0,,,,,,,43.404286,1776185359000
1776185361.007,261.007,,,,,0.01,968.61,0.02,15.0,0.99,968.61,0.98,15.0,,,,,,,43.404286,1776185360000
1776185362.101,262.101,,,,,0.01,968.61,0.02,15.0,0.99,968.61,0.98,15.0,,,,,,,43.404382,1776185361000
1776185363.228,263.228,,,,,0.01,968.61,0.02,15.0,0.99,968.61,0.98,15.0,,,,,,,43.39323,1776185362000
1776185364.143,264.143,,,,,0.01,715.71,0.02,20.0,0.99,968.61,0.98,15.0,,,,,,,43.39323,1776185362000
1776185365.496,265.496,,,,,0.01,715.71,0.02,20.0,0.99,715.71,0.98,20.0,,,,,,,43.406357,1776185364000
1776185366.069,266.069,,,,,0.01,715.71,0.02,20.0,0.99,715.71,0.98,20.0,,,,,,,43.4369,1776185365000
1776185367.564,267.564,,,,,0.01,715.71,0.02,20.0,0.99,715.71,0.98,20.0,,,,,,,43.512937,1776185366000
1776185368.121,268.121,,,,,0.01,715.71,0.02,20.0,0.99,715.71,0.98,20.0,,,,,,,43.520841,1776185367000
1776185368.962,268.962,,,,,0.01,15.11,0.02,5.0,0.99,715.71,0.98,20.0,,,,,,,43.520841,1776185367000
1776185370.084,270.084,,,,,0.01,15.11,0.02,5.0,0.99,15.11,0.98,5.0,,,,,,,43.530242,1776185369000
1776185371.103,271.103,,,,,0.01,15.11,0.02,5.0,0.99,15.11,0.98,5.0,,,,,,,43.53556,1776185370000
1776185372.146,272.146,,,,,0.01,15.11,0.02,5.0,0.99,15.11,0.98,5.0,,,,,,,43.535657,1776185371000
1776185373.103,273.103,,,,,0.01,15.11,0.02,5.0,0.99,15.11,0.98,5.0,,,,,,,43.528884,1776185372000
1776185374.053,274.053,,,,,0.01,15.11,0.02,5.0,0.99,15.11,0.98,5.0,,,,,,,43.507483,1776185373000
1776185375.088,275.088,,,,,0.01,15.11,0.02,5.0,0.99,15.11,0.98,5.0,,,,,,,43.506108,1776185374000
1776185376.048,276.048,,,,,0.01,15.11,0.02,5.0,0.99,15.11,0.98,5.0,,,,,,,43.499709,1776185375000
1776185376.949,276.949,,,,,0.01,15.11,0.02,5.0,0.99,15.11,0.98,5.0,,,,,,,43.497415,1776185376000
1776185378.014,278.014,,,,,0.01,15.11,0.02,5.0,0.99,15.11,0.98,5.0,,,,,,,43.496467,1776185377000
1776185378.95,278.95,,,,,0.01,15.11,0.02,5.0,0.99,15.11,0.98,5.0,,,,,,,43.496151,1776185378000
1776185380.496,280.496,,,,,0.01,15.11,0.02,5.0,0.99,15.11,0.98,5.0,,,,,,,43.495434,1776185379000
1776185381.022,281.022,,,,,0.01,15.11,0.02,5.0,0.99,15.11,0.98,5.0,,,,,,,43.49646,1776185380000
1776185382.041,282.041,,,,,0.01,15.11,0.02,5.0,0.99,15.11,0.98,5.0,,,,,,,43.493155,1776185381000
1776185383.049,283.049,,,,,0.01,15.11,0.02,5.0,0.99,15.11,0.98,5.0,,,,,,,43.490502,1776185382000
1776185383.992,283.992,,,,,0.01,15.11,0.02,5.0,0.99,15.11,0.98,5.0,,,,,,,43.492985,1776185383000
1776185385.054,285.054,,,,,0.01,15.11,0.02,5.0,0.99,15.11,0.98,5.0,,,,,,,43.492508,1776185384000
1776185386.138,286.138,,,,,0.01,15.11,0.02,5.0,0.99,15.11,0.98,5.0,,,,,,,43.492639,1776185385000
1776185387.135,287.135,,,,,0.01,15.11,0.02,5.0,0.99,15.11,0.98,5.0,,,,,,,43.491362,1776185386000
1776185388.222,288.222,,,,,0.01,15.11,0.02,5.0,0.99,15.11,0.98,5.0,,,,,,,43.488707,1776185387000
1776185389.153,289.153,,,,,0.01,15.11,0.02,5.0,0.99,15.11,0.98,5.0,,,,,,,43.488708,1776185388000
1776185390.186,290.186,,,,,0.01,15.11,0.02,5.0,0.99,15.11,0.98,5.0,,,,,,,43.488662,1776185389000
1776185391.193,291.193,,,,,0.01,15.11,0.02,5.0,0.99,15.11,0.98,5.0,,,,,,,43.492848,1776185390000
1776185392.185,292.185,,,,,0.01,15.11,0.02,5.0,0.99,15.11,0.98,5.0,,,,,,,43.488136,1776185391000
1776185393.658,293.658,,,,,0.01,15.11,0.02,5.0,0.99,15.11,0.98,5.0,,,,,,,43.492508,1776185392000
1776185394.178,294.178,,,,,0.01,15.11,0.02,5.0,0.99,15.11,0.98,5.0,,,,,,,43.497994,1776185393000
1776185395.588,295.588,,,,,0.01,15.11,0.02,5.0,0.99,15.11,0.98,5.0,,,,,,,43.50342,1776185394000
1776185396.138,296.138,,,,,0.01,15.11,0.02,5.0,0.99,15.11,0.98,5.0,,,,,,,43.50411,1776185395000
1776185397.383,297.383,,,,,0.01,15.11,0.02,5.0,0.99,15.11,0.98,5.0,,,,,,,43.504211,1776185396000
1776185397.916,297.916,,,,,0.01,15.11,0.02,5.0,0.99,15.11,0.98,5.0,,,,,,,43.503348,1776185397000
1776185399.089,299.089,,,,,0.01,15.11,0.02,5.0,0.99,15.11,0.98,5.0,,,,,,,43.503348,1776185398000
1776185400.203,300.203,,,,,0.01,15.11,0.02,5.0,0.99,15.11,0.98,5.0,,,,,,,43.503348,1776185399000

# RESULT,winner=Down,slug=hype-updown-5m-1776185100,ticks=313
