timestamp,elapsed_sec,up_bid_p1,up_bid_s1,up_bid_p2,up_bid_s2,up_ask_p1,up_ask_s1,up_ask_p2,up_ask_s2,down_bid_p1,down_bid_s1,down_bid_p2,down_bid_s2,down_ask_p1,down_ask_s1,down_ask_p2,down_ask_s2,up_spread,down_spread,hype_price,hype_oracle_ts
1776204601.336,1.336,0.25,5.33,0.11,100.0,0.51,5.0,0.89,100.0,0.49,5.0,0.11,100.0,0.75,5.33,0.89,100.0,0.26,0.26,43.41359,1776204600000
1776204601.72,1.72,0.25,5.33,0.11,100.0,0.51,5.0,0.89,100.0,0.49,5.0,0.11,100.0,0.75,5.33,0.89,100.0,0.26,0.26,43.41359,1776204600000
1776204602.043,2.043,0.25,5.33,0.11,100.0,0.51,5.0,0.89,100.0,0.49,5.0,0.11,100.0,0.75,5.33,0.89,100.0,0.26,0.26,43.412349,1776204601000
1776204603.33,3.33,0.25,5.33,0.11,100.0,0.51,5.0,0.89,100.0,0.49,5.0,0.11,100.0,0.75,5.33,0.89,100.0,0.26,0.26,43.408388,1776204602000
1776204604.486,4.486,0.25,5.33,0.11,100.0,0.51,5.0,0.89,100.0,0.49,5.0,0.11,100.0,0.75,5.33,0.89,100.0,0.26,0.26,43.404376,1776204603000
1776204605.11,5.11,0.25,5.33,0.11,100.0,0.51,5.0,0.89,100.0,0.49,5.0,0.11,100.0,0.75,5.33,0.89,100.0,0.26,0.26,43.404848,1776204604000
1776204606.513,6.513,0.25,5.33,0.11,100.0,0.51,5.0,0.89,100.0,0.49,5.0,0.11,100.0,0.75,5.33,0.89,100.0,0.26,0.26,43.403896,1776204605000
1776204607.17,7.17,0.25,5.33,0.11,100.0,0.51,5.0,0.89,100.0,0.49,5.0,0.11,100.0,0.75,5.33,0.89,100.0,0.26,0.26,43.403741,1776204606000
1776204608.059,8.059,0.25,5.33,0.11,100.0,0.51,5.0,0.89,100.0,0.49,5.0,0.11,100.0,0.75,5.33,0.89,100.0,0.26,0.26,43.403741,1776204607000
1776204609.128,9.128,0.25,5.33,0.11,100.0,0.51,5.0,0.89,100.0,0.49,5.0,0.11,100.0,0.75,5.33,0.89,100.0,0.26,0.26,43.398376,1776204608000
1776204610.101,10.101,0.25,5.33,0.11,100.0,0.51,5.0,0.89,100.0,0.49,5.0,0.11,100.0,0.75,5.33,0.89,100.0,0.26,0.26,43.394636,1776204609000
1776204611.138,11.138,0.32,5.0,0.31,5.0,0.43,5.0,0.51,5.0,0.57,5.0,0.49,5.0,0.68,5.0,0.69,5.0,0.11,0.11,43.398013,1776204610000
1776204612.148,12.148,0.32,5.0,0.31,5.0,0.43,5.0,0.51,5.0,0.57,5.0,0.49,5.0,0.68,5.0,0.69,5.0,0.11,0.11,43.397662,1776204611000
1776204613.734,13.734,0.32,5.0,0.31,5.0,0.43,5.0,0.51,5.0,0.57,5.0,0.49,5.0,0.68,5.0,0.69,5.0,0.11,0.11,43.397066,1776204612000
1776204614.34,14.34,0.32,5.0,0.31,5.0,0.43,5.0,0.51,5.0,0.57,5.0,0.49,5.0,0.68,5.0,0.69,5.0,0.11,0.11,43.396051,1776204613000
1776204615.433,15.433,0.32,5.0,0.31,5.0,0.43,5.0,0.51,5.0,0.57,5.0,0.49,5.0,0.68,5.0,0.69,5.0,0.11,0.11,43.396006,1776204614000
1776204616.114,16.114,0.32,5.0,0.31,5.0,0.43,5.0,0.51,5.0,0.57,5.0,0.49,5.0,0.68,5.0,0.69,5.0,0.11,0.11,43.396001,1776204615000
1776204617.228,17.228,0.32,5.0,0.31,5.0,0.43,5.0,0.51,5.0,0.57,5.0,0.49,5.0,0.68,5.0,0.69,5.0,0.11,0.11,43.39489,1776204616000
1776204618.349,18.349,0.32,5.0,0.31,5.0,0.43,5.0,0.51,5.0,0.57,5.0,0.49,5.0,0.68,5.0,0.69,5.0,0.11,0.11,43.39489,1776204617000
1776204618.925,18.925,0.32,5.0,0.31,5.0,0.43,5.0,0.51,5.0,0.57,5.0,0.49,5.0,0.68,5.0,0.69,5.0,0.11,0.11,43.394383,1776204618000
1776204619.72,19.72,0.28,116.0,0.25,5.33,0.89,99.52,0.95,145.0,0.57,5.0,0.49,5.0,0.68,5.0,0.69,5.0,0.61,0.11,43.394383,1776204618000
1776204619.955,19.955,0.79,5.0,0.78,5.0,0.89,89.42,0.95,125.0,0.11,99.52,0.05,145.0,0.72,116.0,0.75,5.33,0.1,0.61,43.394383,1776204618000
1776204621.489,21.489,0.79,5.0,0.78,5.0,0.89,89.42,0.95,125.0,0.11,89.42,0.05,125.0,0.21,5.0,0.22,5.0,0.1,0.1,43.415556,1776204620000
1776204622.084,22.084,0.79,5.0,0.78,5.0,0.89,89.42,0.95,125.0,0.11,89.42,0.05,125.0,0.21,5.0,0.22,5.0,0.1,0.1,43.430291,1776204621000
1776204623.142,23.142,0.79,5.0,0.78,5.0,0.89,89.42,0.95,125.0,0.11,89.42,0.05,125.0,0.21,5.0,0.22,5.0,0.1,0.1,43.444,1776204622000
1776204624.152,24.152,0.79,5.0,0.78,5.0,0.89,89.42,0.95,125.0,0.11,89.42,0.05,125.0,0.21,5.0,0.22,5.0,0.1,0.1,43.434096,1776204623000
1776204625.31,25.31,0.79,5.0,0.78,5.0,0.89,89.42,0.95,125.0,0.11,89.42,0.05,125.0,0.21,5.0,0.22,5.0,0.1,0.1,43.437394,1776204624000
1776204626.232,26.232,0.79,5.0,0.78,5.0,0.89,89.42,0.95,125.0,0.11,89.42,0.05,125.0,0.21,5.0,0.22,5.0,0.1,0.1,43.436468,1776204625000
1776204627.335,27.335,0.79,5.0,0.78,5.0,0.89,89.42,0.95,125.0,0.11,89.42,0.05,125.0,0.21,5.0,0.22,5.0,0.1,0.1,43.436031,1776204626000
1776204628.311,28.311,0.79,5.0,0.78,5.0,0.89,89.42,0.95,125.0,0.11,89.42,0.05,125.0,0.21,5.0,0.22,5.0,0.1,0.1,43.434772,1776204627000
1776204628.889,28.889,0.79,5.0,0.78,5.0,0.89,89.42,0.95,125.0,0.11,89.42,0.05,125.0,0.21,5.0,0.22,5.0,0.1,0.1,43.432765,1776204628000
1776204629.943,29.943,0.79,5.0,0.78,5.0,0.89,89.42,0.95,125.0,0.11,89.42,0.05,125.0,0.21,5.0,0.22,5.0,0.1,0.1,43.430817,1776204629000
1776204631.028,31.028,0.79,5.0,0.78,5.0,0.89,89.42,0.95,125.0,0.11,89.42,0.05,125.0,0.21,5.0,0.22,5.0,0.1,0.1,43.430935,1776204630000
1776204632.207,32.207,0.79,5.0,0.78,5.0,0.89,89.42,0.95,125.0,0.11,89.42,0.05,125.0,0.21,5.0,0.22,5.0,0.1,0.1,43.430464,1776204631000
1776204633.18,33.18,0.79,5.0,0.78,5.0,0.89,89.42,0.95,125.0,0.11,89.42,0.05,125.0,0.21,5.0,0.22,5.0,0.1,0.1,43.433526,1776204632000
1776204634.759,34.759,0.79,5.0,0.78,5.0,0.89,89.42,0.95,125.0,0.11,89.42,0.05,125.0,0.21,5.0,0.22,5.0,0.1,0.1,43.435528,1776204633000
1776204635.257,35.257,0.79,5.0,0.78,5.0,0.89,89.42,0.95,125.0,0.11,89.42,0.05,125.0,0.21,5.0,0.22,5.0,0.1,0.1,43.43243,1776204634000
1776204636.513,36.513,0.79,5.0,0.78,5.0,0.89,89.42,0.95,125.0,0.11,89.42,0.05,125.0,0.21,5.0,0.22,5.0,0.1,0.1,43.421311,1776204635000
1776204637.048,37.048,0.79,5.0,0.78,5.0,0.89,89.42,0.95,125.0,0.11,89.42,0.05,125.0,0.21,5.0,0.22,5.0,0.1,0.1,43.417443,1776204636000
1776204638.0,38.0,0.34,15.0,0.33,5.0,0.51,4.0,0.58,5.0,0.11,89.42,0.05,125.0,0.21,5.0,0.22,5.0,0.17,0.1,43.417443,1776204636000
1776204639.264,39.264,0.34,15.0,0.33,5.0,0.51,4.0,0.58,5.0,0.49,4.0,0.42,5.0,0.66,15.0,0.67,5.0,0.17,0.17,43.410803,1776204638000
1776204640.443,40.443,0.34,15.0,0.33,5.0,0.51,4.0,0.58,5.0,0.49,4.0,0.42,5.0,0.66,15.0,0.67,5.0,0.17,0.17,43.411714,1776204639000
1776204641.028,41.028,0.34,15.0,0.33,5.0,0.51,4.0,0.58,5.0,0.49,4.0,0.42,5.0,0.66,15.0,0.67,5.0,0.17,0.17,43.411791,1776204640000
1776204642.228,42.228,0.34,15.0,0.33,5.0,0.51,4.0,0.58,5.0,0.49,4.0,0.42,5.0,0.66,15.0,0.67,5.0,0.17,0.17,43.407513,1776204641000
1776204643.239,43.239,0.34,15.0,0.33,5.0,0.51,4.0,0.58,5.0,0.49,4.0,0.42,5.0,0.66,15.0,0.67,5.0,0.17,0.17,43.40155,1776204642000
1776204644.483,44.483,0.34,15.0,0.33,5.0,0.51,4.0,0.58,5.0,0.49,4.0,0.42,5.0,0.66,15.0,0.67,5.0,0.17,0.17,43.396161,1776204643000
1776204644.966,44.966,0.34,15.0,0.33,5.0,0.51,4.0,0.58,5.0,0.49,4.0,0.42,5.0,0.66,15.0,0.67,5.0,0.17,0.17,43.390688,1776204644000
1776204646.203,46.203,0.34,15.0,0.33,5.0,0.51,4.0,0.58,5.0,0.49,4.0,0.42,5.0,0.66,15.0,0.67,5.0,0.17,0.17,43.390229,1776204645000
1776204647.318,47.318,0.34,15.0,0.33,5.0,0.51,4.0,0.58,5.0,0.49,4.0,0.42,5.0,0.66,15.0,0.67,5.0,0.17,0.17,43.390003,1776204646000
1776204647.839,47.839,0.34,15.0,0.33,5.0,0.51,4.0,0.58,5.0,0.49,4.0,0.42,5.0,0.66,15.0,0.67,5.0,0.17,0.17,43.390003,1776204647000
1776204649.81,49.81,0.34,15.0,0.33,5.0,0.51,4.0,0.58,5.0,0.49,4.0,0.42,5.0,0.66,15.0,0.67,5.0,0.17,0.17,43.39327,1776204648000
1776204650.342,50.342,0.34,15.0,0.33,5.0,0.51,4.0,0.58,5.0,0.49,4.0,0.42,5.0,0.66,15.0,0.67,5.0,0.17,0.17,43.391022,1776204649000
1776204650.9,50.9,0.34,15.0,0.33,5.0,0.51,4.0,0.58,5.0,0.49,4.0,0.42,5.0,0.66,15.0,0.67,5.0,0.17,0.17,43.391022,1776204650000
1776204652.874,52.874,0.34,15.0,0.33,5.0,0.51,4.0,0.58,5.0,0.49,4.0,0.42,5.0,0.66,15.0,0.67,5.0,0.17,0.17,43.390689,1776204651000
1776204653.448,53.448,0.34,15.0,0.33,5.0,0.51,4.0,0.58,5.0,0.49,4.0,0.42,5.0,0.66,15.0,0.67,5.0,0.17,0.17,43.390684,1776204652000
1776204654.065,54.065,0.34,15.0,0.33,5.0,0.51,4.0,0.58,5.0,0.49,4.0,0.42,5.0,0.66,15.0,0.67,5.0,0.17,0.17,43.390684,1776204653000
1776204655.6,55.6,0.34,15.0,0.33,5.0,0.51,4.0,0.58,5.0,0.49,4.0,0.42,5.0,0.66,15.0,0.67,5.0,0.17,0.17,43.390684,1776204654000
1776204656.549,56.549,0.34,15.0,0.33,5.0,0.51,4.0,0.58,5.0,0.49,4.0,0.42,5.0,0.66,15.0,0.67,5.0,0.17,0.17,43.390222,1776204655000
1776204657.311,57.311,0.34,15.0,0.33,5.0,0.51,4.0,0.58,5.0,0.49,4.0,0.42,5.0,0.66,15.0,0.67,5.0,0.17,0.17,43.390069,1776204656000
1776204658.748,58.748,0.34,15.0,0.33,5.0,0.51,4.0,0.58,5.0,0.49,4.0,0.42,5.0,0.66,15.0,0.67,5.0,0.17,0.17,43.388751,1776204657000
1776204659.413,59.413,0.34,15.0,0.33,5.0,0.51,4.0,0.58,5.0,0.49,4.0,0.42,5.0,0.66,15.0,0.67,5.0,0.17,0.17,43.388752,1776204658000
1776204660.207,60.207,0.34,15.0,0.33,5.0,0.51,4.0,0.58,5.0,0.49,4.0,0.42,5.0,0.66,15.0,0.67,5.0,0.17,0.17,43.388787,1776204659000
1776204661.555,61.555,0.34,15.0,0.33,5.0,0.51,4.0,0.58,5.0,0.49,4.0,0.42,5.0,0.66,15.0,0.67,5.0,0.17,0.17,43.3885,1776204660000
1776204662.386,62.386,0.34,15.0,0.33,5.0,0.51,4.0,0.58,5.0,0.49,4.0,0.42,5.0,0.66,15.0,0.67,5.0,0.17,0.17,43.388422,1776204661000
1776204663.135,63.135,0.34,15.0,0.33,5.0,0.51,4.0,0.58,5.0,0.49,4.0,0.42,5.0,0.66,15.0,0.67,5.0,0.17,0.17,43.388422,1776204662000
1776204664.547,64.547,0.34,15.0,0.33,5.0,0.51,4.0,0.58,5.0,0.49,4.0,0.42,5.0,0.66,15.0,0.67,5.0,0.17,0.17,43.389453,1776204663000
1776204665.383,65.383,0.34,15.0,0.33,5.0,0.51,4.0,0.58,5.0,0.49,4.0,0.42,5.0,0.66,15.0,0.67,5.0,0.17,0.17,43.390393,1776204664000
1776204666.747,66.747,0.34,15.0,0.33,5.0,0.51,4.0,0.58,5.0,0.49,4.0,0.42,5.0,0.66,15.0,0.67,5.0,0.17,0.17,43.397849,1776204665000
1776204667.386,67.386,0.34,15.0,0.33,5.0,0.51,4.0,0.58,5.0,0.49,4.0,0.42,5.0,0.66,15.0,0.67,5.0,0.17,0.17,43.404145,1776204666000
1776204668.287,68.287,0.34,15.0,0.33,5.0,0.51,4.0,0.58,5.0,0.49,4.0,0.42,5.0,0.66,15.0,0.67,5.0,0.17,0.17,43.403598,1776204667000
1776204669.538,69.538,0.34,15.0,0.33,5.0,0.51,4.0,0.58,5.0,0.49,4.0,0.42,5.0,0.66,15.0,0.67,5.0,0.17,0.17,43.404852,1776204668000
1776204669.988,69.988,0.34,15.0,0.33,5.0,0.51,4.0,0.58,5.0,0.49,4.0,0.42,5.0,0.66,15.0,0.67,5.0,0.17,0.17,43.404859,1776204669000
1776204671.122,71.122,0.34,15.0,0.33,5.0,0.51,4.0,0.58,5.0,0.49,4.0,0.42,5.0,0.66,15.0,0.67,5.0,0.17,0.17,43.402531,1776204670000
1776204672.208,72.208,0.34,15.0,0.33,5.0,0.51,4.0,0.58,5.0,0.49,4.0,0.42,5.0,0.66,15.0,0.67,5.0,0.17,0.17,43.400017,1776204671000
1776204673.337,73.337,0.34,15.0,0.33,5.0,0.51,4.0,0.58,5.0,0.49,4.0,0.42,5.0,0.66,15.0,0.67,5.0,0.17,0.17,43.399864,1776204672000
1776204674.47,74.47,0.34,15.0,0.33,5.0,0.51,4.0,0.58,5.0,0.49,4.0,0.42,5.0,0.66,15.0,0.67,5.0,0.17,0.17,43.404218,1776204673000
1776204675.008,75.008,0.34,15.0,0.33,5.0,0.51,4.0,0.58,5.0,0.49,4.0,0.42,5.0,0.66,15.0,0.67,5.0,0.17,0.17,43.404391,1776204674000
1776204676.074,76.074,0.34,15.0,0.33,5.0,0.51,4.0,0.58,5.0,0.49,4.0,0.42,5.0,0.66,15.0,0.67,5.0,0.17,0.17,43.410799,1776204675000
1776204677.227,77.227,0.34,15.0,0.33,5.0,0.51,4.0,0.58,5.0,0.49,4.0,0.42,5.0,0.66,15.0,0.67,5.0,0.17,0.17,43.408365,1776204676000
1776204678.242,78.242,0.34,15.0,0.33,5.0,0.51,4.0,0.58,5.0,0.49,4.0,0.42,5.0,0.66,15.0,0.67,5.0,0.17,0.17,43.410791,1776204677000
1776204679.329,79.329,0.34,15.0,0.33,5.0,0.51,4.0,0.58,5.0,0.49,4.0,0.42,5.0,0.66,15.0,0.67,5.0,0.17,0.17,43.409085,1776204678000
1776204679.936,79.936,0.34,15.0,0.33,5.0,0.51,4.0,0.58,5.0,0.49,4.0,0.42,5.0,0.66,15.0,0.67,5.0,0.17,0.17,43.408734,1776204679000
1776204680.929,80.929,0.34,15.0,0.33,5.0,0.51,4.0,0.58,5.0,0.49,4.0,0.42,5.0,0.66,15.0,0.67,5.0,0.17,0.17,43.408815,1776204680000
1776204682.616,82.616,0.34,15.0,0.33,5.0,0.51,4.0,0.58,5.0,0.49,4.0,0.42,5.0,0.66,15.0,0.67,5.0,0.17,0.17,43.408694,1776204681000
1776204683.246,83.246,0.34,15.0,0.33,5.0,0.51,4.0,0.58,5.0,0.49,4.0,0.42,5.0,0.66,15.0,0.67,5.0,0.17,0.17,43.408693,1776204682000
1776204684.211,84.211,0.34,15.0,0.33,5.0,0.51,4.0,0.58,5.0,0.49,4.0,0.42,5.0,0.66,15.0,0.67,5.0,0.17,0.17,43.408052,1776204683000
1776204684.848,84.848,0.34,15.0,0.33,5.0,0.51,4.0,0.58,5.0,0.49,4.0,0.42,5.0,0.66,15.0,0.67,5.0,0.17,0.17,43.406919,1776204684000
1776204685.937,85.937,0.34,15.0,0.33,5.0,0.51,4.0,0.58,5.0,0.49,4.0,0.42,5.0,0.66,15.0,0.67,5.0,0.17,0.17,43.405708,1776204685000
1776204687.114,87.114,0.34,15.0,0.33,5.0,0.51,4.0,0.58,5.0,0.49,4.0,0.42,5.0,0.66,15.0,0.67,5.0,0.17,0.17,43.406477,1776204686000
1776204688.132,88.132,0.34,15.0,0.33,5.0,0.51,4.0,0.58,5.0,0.49,4.0,0.42,5.0,0.66,15.0,0.67,5.0,0.17,0.17,43.406683,1776204687000
1776204689.209,89.209,0.34,15.0,0.33,5.0,0.51,4.0,0.58,5.0,0.49,4.0,0.42,5.0,0.66,15.0,0.67,5.0,0.17,0.17,43.407124,1776204688000
1776204690.298,90.298,0.34,15.0,0.33,5.0,0.51,4.0,0.58,5.0,0.49,4.0,0.42,5.0,0.66,15.0,0.67,5.0,0.17,0.17,43.407125,1776204689000
1776204691.475,91.475,0.34,15.0,0.33,5.0,0.51,4.0,0.58,5.0,0.49,4.0,0.42,5.0,0.66,15.0,0.67,5.0,0.17,0.17,43.4071,1776204690000
1776204692.114,92.114,0.34,15.0,0.33,5.0,0.51,4.0,0.58,5.0,0.49,4.0,0.42,5.0,0.66,15.0,0.67,5.0,0.17,0.17,43.4071,1776204691000
1776204693.202,93.202,0.34,15.0,0.33,5.0,0.51,4.0,0.58,5.0,0.49,4.0,0.42,5.0,0.66,15.0,0.67,5.0,0.17,0.17,43.407095,1776204692000
1776204694.329,94.329,0.34,15.0,0.33,5.0,0.51,4.0,0.58,5.0,0.49,4.0,0.42,5.0,0.66,15.0,0.67,5.0,0.17,0.17,43.406741,1776204693000
1776204696.158,96.158,0.34,15.0,0.33,5.0,0.51,4.0,0.58,5.0,0.49,4.0,0.42,5.0,0.66,15.0,0.67,5.0,0.17,0.17,43.407075,1776204695000
1776204697.724,97.724,0.34,15.0,0.33,5.0,0.51,4.0,0.58,5.0,0.49,4.0,0.42,5.0,0.66,15.0,0.67,5.0,0.17,0.17,43.416703,1776204696000
1776204698.275,98.275,0.34,15.0,0.33,5.0,0.51,4.0,0.58,5.0,0.49,4.0,0.42,5.0,0.66,15.0,0.67,5.0,0.17,0.17,43.414758,1776204697000
1776204699.347,99.347,0.34,15.0,0.33,5.0,0.51,4.0,0.58,5.0,0.49,4.0,0.42,5.0,0.66,15.0,0.67,5.0,0.17,0.17,43.417544,1776204698000
1776204699.91,99.91,0.34,15.0,0.33,5.0,0.51,4.0,0.58,5.0,0.49,4.0,0.42,5.0,0.66,15.0,0.67,5.0,0.17,0.17,43.416977,1776204699000
1776204700.929,100.929,0.34,15.0,0.33,5.0,0.51,4.0,0.58,5.0,0.49,4.0,0.42,5.0,0.66,15.0,0.67,5.0,0.17,0.17,43.416854,1776204700000
1776204702.052,102.052,0.34,15.0,0.33,5.0,0.51,4.0,0.58,5.0,0.49,4.0,0.42,5.0,0.66,15.0,0.67,5.0,0.17,0.17,43.413478,1776204701000
1776204703.149,103.149,0.34,15.0,0.33,5.0,0.51,4.0,0.58,5.0,0.49,4.0,0.42,5.0,0.66,15.0,0.67,5.0,0.17,0.17,43.408964,1776204702000
1776204704.25,104.25,0.34,15.0,0.33,5.0,0.51,4.0,0.58,5.0,0.49,4.0,0.42,5.0,0.66,15.0,0.67,5.0,0.17,0.17,43.40908,1776204703000
1776204705.288,105.288,0.34,15.0,0.33,5.0,0.51,4.0,0.58,5.0,0.49,4.0,0.42,5.0,0.66,15.0,0.67,5.0,0.17,0.17,43.40787,1776204704000
1776204706.443,106.443,0.34,15.0,0.33,5.0,0.51,4.0,0.58,5.0,0.49,4.0,0.42,5.0,0.66,15.0,0.67,5.0,0.17,0.17,43.407996,1776204705000
1776204707.045,107.045,0.34,15.0,0.33,5.0,0.51,4.0,0.58,5.0,0.49,4.0,0.42,5.0,0.66,15.0,0.67,5.0,0.17,0.17,43.406995,1776204706000
1776204708.045,108.045,0.34,15.0,0.33,5.0,0.51,4.0,0.58,5.0,0.49,4.0,0.42,5.0,0.66,15.0,0.67,5.0,0.17,0.17,43.40783,1776204707000
1776204709.17,109.17,0.34,15.0,0.33,5.0,0.51,4.0,0.58,5.0,0.49,4.0,0.42,5.0,0.66,15.0,0.67,5.0,0.17,0.17,43.408231,1776204708000
1776204710.269,110.269,0.34,15.0,0.33,5.0,0.51,4.0,0.58,5.0,0.49,4.0,0.42,5.0,0.66,15.0,0.67,5.0,0.17,0.17,43.407459,1776204709000
1776204711.829,111.829,0.34,15.0,0.33,5.0,0.51,4.0,0.58,5.0,0.49,4.0,0.42,5.0,0.66,15.0,0.67,5.0,0.17,0.17,43.407822,1776204710000
1776204712.311,112.311,0.34,15.0,0.33,5.0,0.51,4.0,0.58,5.0,0.49,4.0,0.42,5.0,0.66,15.0,0.67,5.0,0.17,0.17,43.407831,1776204711000
1776204713.485,113.485,0.34,15.0,0.33,5.0,0.51,4.0,0.58,5.0,0.49,4.0,0.42,5.0,0.66,15.0,0.67,5.0,0.17,0.17,43.40779,1776204712000
1776204713.943,113.943,0.34,15.0,0.33,5.0,0.51,4.0,0.58,5.0,0.49,4.0,0.42,5.0,0.66,15.0,0.67,5.0,0.17,0.17,43.40779,1776204713000
1776204715.064,115.064,0.34,15.0,0.33,5.0,0.51,4.0,0.58,5.0,0.49,4.0,0.42,5.0,0.66,15.0,0.67,5.0,0.17,0.17,43.408254,1776204714000
1776204717.209,117.209,0.34,15.0,0.33,5.0,0.51,4.0,0.58,5.0,0.49,4.0,0.42,5.0,0.66,15.0,0.67,5.0,0.17,0.17,43.408285,1776204716000
1776204718.569,118.569,0.34,15.0,0.33,5.0,0.51,4.0,0.58,5.0,0.49,4.0,0.42,5.0,0.66,15.0,0.67,5.0,0.17,0.17,43.408121,1776204717000
1776204719.246,119.246,0.34,15.0,0.33,5.0,0.51,4.0,0.58,5.0,0.49,4.0,0.42,5.0,0.66,15.0,0.67,5.0,0.17,0.17,43.408574,1776204718000
1776204720.45,120.45,0.34,15.0,0.33,5.0,0.51,4.0,0.58,5.0,0.49,4.0,0.42,5.0,0.66,15.0,0.67,5.0,0.17,0.17,43.407956,1776204719000
1776204721.192,121.192,0.34,15.0,0.33,5.0,0.51,4.0,0.58,5.0,0.49,4.0,0.42,5.0,0.66,15.0,0.67,5.0,0.17,0.17,43.408103,1776204720000
1776204722.455,122.455,0.34,15.0,0.33,5.0,0.51,4.0,0.58,5.0,0.49,4.0,0.42,5.0,0.66,15.0,0.67,5.0,0.17,0.17,43.407042,1776204721000
1776204723.189,123.189,0.34,15.0,0.33,5.0,0.51,4.0,0.58,5.0,0.49,4.0,0.42,5.0,0.66,15.0,0.67,5.0,0.17,0.17,43.406741,1776204722000
1776204724.487,124.487,0.34,15.0,0.33,5.0,0.51,4.0,0.58,5.0,0.49,4.0,0.42,5.0,0.66,15.0,0.67,5.0,0.17,0.17,43.405719,1776204723000
1776204725.099,125.099,0.34,15.0,0.33,5.0,0.51,4.0,0.58,5.0,0.49,4.0,0.42,5.0,0.66,15.0,0.67,5.0,0.17,0.17,43.405062,1776204724000
1776204726.331,126.331,0.34,15.0,0.33,5.0,0.51,4.0,0.58,5.0,0.49,4.0,0.42,5.0,0.66,15.0,0.67,5.0,0.17,0.17,43.403478,1776204725000
1776204726.916,126.916,0.34,15.0,0.33,5.0,0.51,4.0,0.58,5.0,0.49,4.0,0.42,5.0,0.66,15.0,0.67,5.0,0.17,0.17,43.403609,1776204726000
1776204729.063,129.063,0.34,15.0,0.33,5.0,0.51,4.0,0.58,5.0,0.49,4.0,0.42,5.0,0.66,15.0,0.67,5.0,0.17,0.17,43.402864,1776204727000
1776204729.958,129.958,0.34,15.0,0.33,5.0,0.51,4.0,0.58,5.0,0.49,4.0,0.42,5.0,0.66,15.0,0.67,5.0,0.17,0.17,43.40253,1776204728000
1776204730.705,130.705,0.34,15.0,0.33,5.0,0.51,4.0,0.58,5.0,0.49,4.0,0.42,5.0,0.66,15.0,0.67,5.0,0.17,0.17,43.402859,1776204729000
1776204731.62,131.62,0.34,15.0,0.33,5.0,0.51,4.0,0.58,5.0,0.49,4.0,0.42,5.0,0.66,15.0,0.67,5.0,0.17,0.17,43.402865,1776204730000
1776204732.104,132.104,0.34,15.0,0.33,5.0,0.51,4.0,0.58,5.0,0.49,4.0,0.42,5.0,0.66,15.0,0.67,5.0,0.17,0.17,43.403616,1776204731000
1776204733.485,133.485,0.34,15.0,0.33,5.0,0.51,4.0,0.58,5.0,0.49,4.0,0.42,5.0,0.66,15.0,0.67,5.0,0.17,0.17,43.403645,1776204732000
1776204734.476,134.476,0.34,15.0,0.33,5.0,0.51,4.0,0.58,5.0,0.49,4.0,0.42,5.0,0.66,15.0,0.67,5.0,0.17,0.17,43.403198,1776204733000
1776204735.628,135.628,0.34,15.0,0.33,5.0,0.51,4.0,0.58,5.0,0.49,4.0,0.42,5.0,0.66,15.0,0.67,5.0,0.17,0.17,43.403259,1776204734000
1776204736.758,136.758,0.34,15.0,0.33,5.0,0.51,4.0,0.58,5.0,0.49,4.0,0.42,5.0,0.66,15.0,0.67,5.0,0.17,0.17,43.402984,1776204735000
1776204737.65,137.65,0.34,15.0,0.33,5.0,0.51,4.0,0.58,5.0,0.49,4.0,0.42,5.0,0.66,15.0,0.67,5.0,0.17,0.17,43.403407,1776204736000
1776204738.73,138.73,0.34,15.0,0.33,5.0,0.51,4.0,0.58,5.0,0.49,4.0,0.42,5.0,0.66,15.0,0.67,5.0,0.17,0.17,43.402954,1776204737000
1776204739.787,139.787,0.34,15.0,0.33,5.0,0.51,4.0,0.58,5.0,0.49,4.0,0.42,5.0,0.66,15.0,0.67,5.0,0.17,0.17,43.402975,1776204738000
1776204740.892,140.892,0.34,15.0,0.33,5.0,0.51,4.0,0.58,5.0,0.49,4.0,0.42,5.0,0.66,15.0,0.67,5.0,0.17,0.17,43.40282,1776204739000
1776204741.847,141.847,0.34,15.0,0.33,5.0,0.51,4.0,0.58,5.0,0.49,4.0,0.42,5.0,0.66,15.0,0.67,5.0,0.17,0.17,43.401077,1776204740000
1776204742.799,142.799,0.34,15.0,0.33,5.0,0.51,4.0,0.58,5.0,0.49,4.0,0.42,5.0,0.66,15.0,0.67,5.0,0.17,0.17,43.401067,1776204741000
1776204743.851,143.851,0.34,15.0,0.33,5.0,0.51,4.0,0.58,5.0,0.49,4.0,0.42,5.0,0.66,15.0,0.67,5.0,0.17,0.17,43.401605,1776204742000
1776204744.949,144.949,0.34,15.0,0.33,5.0,0.51,4.0,0.58,5.0,0.49,4.0,0.42,5.0,0.66,15.0,0.67,5.0,0.17,0.17,43.401549,1776204743000
1776204746.004,146.004,0.34,15.0,0.33,5.0,0.51,4.0,0.58,5.0,0.49,4.0,0.42,5.0,0.66,15.0,0.67,5.0,0.17,0.17,43.401458,1776204744000
1776204746.785,146.785,0.34,15.0,0.33,5.0,0.51,4.0,0.58,5.0,0.49,4.0,0.42,5.0,0.66,15.0,0.67,5.0,0.17,0.17,43.400195,1776204745000
1776204747.559,147.559,0.34,15.0,0.33,5.0,0.51,4.0,0.58,5.0,0.49,4.0,0.42,5.0,0.66,15.0,0.67,5.0,0.17,0.17,43.390204,1776204746000
1776204748.4,148.4,0.34,15.0,0.33,5.0,0.51,4.0,0.58,5.0,0.49,4.0,0.42,5.0,0.66,15.0,0.67,5.0,0.17,0.17,43.38825,1776204747000
1776204749.383,149.383,0.34,15.0,0.33,5.0,0.51,4.0,0.58,5.0,0.49,4.0,0.42,5.0,0.66,15.0,0.67,5.0,0.17,0.17,43.387065,1776204748000
1776204750.854,150.854,0.34,15.0,0.33,5.0,0.51,4.0,0.58,5.0,0.49,4.0,0.42,5.0,0.66,15.0,0.67,5.0,0.17,0.17,43.382826,1776204749000
1776204753.445,153.445,0.34,15.0,0.33,5.0,0.51,4.0,0.58,5.0,0.49,4.0,0.42,5.0,0.66,15.0,0.67,5.0,0.17,0.17,43.38111,1776204752000
1776204753.943,153.943,0.34,15.0,0.33,5.0,0.51,4.0,0.58,5.0,0.49,4.0,0.42,5.0,0.66,15.0,0.67,5.0,0.17,0.17,43.380614,1776204753000
1776204755.558,155.558,0.34,15.0,0.33,5.0,0.51,4.0,0.58,5.0,0.49,4.0,0.42,5.0,0.66,15.0,0.67,5.0,0.17,0.17,43.380694,1776204754000
1776204756.237,156.237,0.34,15.0,0.33,5.0,0.51,4.0,0.58,5.0,0.49,4.0,0.42,5.0,0.66,15.0,0.67,5.0,0.17,0.17,43.380554,1776204755000
1776204757.34,157.34,0.25,5.33,0.22,15.0,0.29,4.0,0.33,15.0,0.49,4.0,0.42,5.0,0.66,15.0,0.67,5.0,0.04,0.17,43.380554,1776204755000
1776204757.778,157.778,0.25,5.33,0.22,15.0,0.29,4.0,0.33,15.0,0.71,4.0,0.67,15.0,0.75,5.33,0.78,15.0,0.04,0.04,43.378856,1776204756000
1776204758.35,158.35,0.25,5.33,0.22,15.0,0.29,4.0,0.33,15.0,0.71,4.0,0.67,15.0,0.75,5.33,0.78,15.0,0.04,0.04,43.378852,1776204757000
1776204759.212,159.212,0.25,5.33,0.22,15.0,0.29,4.0,0.33,15.0,0.71,4.0,0.67,15.0,0.75,5.33,0.78,15.0,0.04,0.04,43.378641,1776204758000
1776204759.576,159.576,0.25,0.33,0.18,15.0,0.26,10.0,0.3,15.0,0.71,4.0,0.67,15.0,0.75,5.33,0.78,15.0,0.01,0.04,43.378641,1776204758000
1776204760.089,160.089,0.25,0.33,0.18,15.0,0.26,10.0,0.3,15.0,0.74,10.0,0.7,15.0,0.75,0.33,0.82,15.0,0.01,0.01,43.376758,1776204759000
1776204761.477,161.477,0.25,0.33,0.18,15.0,0.26,10.0,0.3,15.0,0.74,10.0,0.7,15.0,0.75,0.33,0.82,15.0,0.01,0.01,43.372745,1776204760000
1776204762.469,162.469,0.25,0.33,0.18,15.0,0.26,10.0,0.3,15.0,0.74,10.0,0.7,15.0,0.75,0.33,0.82,15.0,0.01,0.01,43.378945,1776204761000
1776204763.234,163.234,0.25,0.33,0.18,15.0,0.26,10.0,0.3,15.0,0.74,10.0,0.7,15.0,0.75,0.33,0.82,15.0,0.01,0.01,43.381905,1776204762000
1776204764.794,164.794,0.25,0.33,0.18,15.0,0.26,10.0,0.3,15.0,0.74,10.0,0.7,15.0,0.75,0.33,0.82,15.0,0.01,0.01,43.382875,1776204763000
1776204765.622,165.622,0.25,0.33,0.18,15.0,0.26,10.0,0.3,15.0,0.74,10.0,0.7,15.0,0.75,0.33,0.82,15.0,0.01,0.01,43.382357,1776204764000
1776204766.328,166.328,0.25,0.33,0.18,15.0,0.26,10.0,0.3,15.0,0.74,10.0,0.7,15.0,0.75,0.33,0.82,15.0,0.01,0.01,43.38265,1776204765000
1776204767.061,167.061,0.25,0.33,0.18,15.0,0.26,10.0,0.3,15.0,0.74,10.0,0.7,15.0,0.75,0.33,0.82,15.0,0.01,0.01,43.383125,1776204766000
1776204768.481,168.481,0.25,0.33,0.18,15.0,0.26,10.0,0.3,15.0,0.74,10.0,0.7,15.0,0.75,0.33,0.82,15.0,0.01,0.01,43.383424,1776204767000
1776204769.165,169.165,0.25,0.33,0.18,15.0,0.26,10.0,0.3,15.0,0.74,10.0,0.7,15.0,0.75,0.33,0.82,15.0,0.01,0.01,43.383332,1776204768000
1776204770.68,170.68,0.25,0.33,0.18,15.0,0.26,10.0,0.3,15.0,0.74,10.0,0.7,15.0,0.75,0.33,0.82,15.0,0.01,0.01,43.383376,1776204769000
1776204771.515,171.515,0.25,0.33,0.18,15.0,0.26,10.0,0.3,15.0,0.74,10.0,0.7,15.0,0.75,0.33,0.82,15.0,0.01,0.01,43.383378,1776204770000
1776204772.865,172.865,0.25,0.33,0.18,15.0,0.26,10.0,0.3,15.0,0.74,10.0,0.7,15.0,0.75,0.33,0.82,15.0,0.01,0.01,43.383704,1776204771000
1776204773.517,173.517,0.25,0.33,0.18,15.0,0.26,10.0,0.3,15.0,0.74,10.0,0.7,15.0,0.75,0.33,0.82,15.0,0.01,0.01,43.383704,1776204772000
1776204774.027,174.027,0.25,0.33,0.18,15.0,0.26,10.0,0.3,15.0,0.74,10.0,0.7,15.0,0.75,0.33,0.82,15.0,0.01,0.01,43.383701,1776204773000
1776204775.301,175.301,0.25,0.33,0.18,15.0,0.26,10.0,0.3,15.0,0.74,10.0,0.7,15.0,0.75,0.33,0.82,15.0,0.01,0.01,43.382634,1776204774000
1776204776.321,176.321,0.25,0.33,0.18,15.0,0.26,10.0,0.3,15.0,0.74,10.0,0.7,15.0,0.75,0.33,0.82,15.0,0.01,0.01,43.383423,1776204775000
1776204776.871,176.871,0.25,0.33,0.18,15.0,0.26,10.0,0.3,15.0,0.74,10.0,0.7,15.0,0.75,0.33,0.82,15.0,0.01,0.01,43.383504,1776204776000
1776204778.021,178.021,0.25,0.33,0.18,15.0,0.26,10.0,0.3,15.0,0.74,10.0,0.7,15.0,0.75,0.33,0.82,15.0,0.01,0.01,43.382756,1776204777000
1776204779.146,179.146,0.25,0.33,0.18,15.0,0.26,10.0,0.3,15.0,0.74,10.0,0.7,15.0,0.75,0.33,0.82,15.0,0.01,0.01,43.382709,1776204778000
1776204780.279,180.279,0.25,0.33,0.18,15.0,0.26,10.0,0.3,15.0,0.74,10.0,0.7,15.0,0.75,0.33,0.82,15.0,0.01,0.01,43.382628,1776204779000
1776204781.387,181.387,0.25,0.33,0.18,15.0,0.26,10.0,0.3,15.0,0.74,10.0,0.7,15.0,0.75,0.33,0.82,15.0,0.01,0.01,43.38262,1776204780000
1776204781.986,181.986,0.25,0.33,0.18,15.0,0.26,10.0,0.3,15.0,0.74,10.0,0.7,15.0,0.75,0.33,0.82,15.0,0.01,0.01,43.38262,1776204781000
1776204783.207,183.207,0.25,0.33,0.18,15.0,0.26,10.0,0.3,15.0,0.74,10.0,0.7,15.0,0.75,0.33,0.82,15.0,0.01,0.01,43.382634,1776204782000
1776204784.533,184.533,0.25,0.33,0.18,15.0,0.26,10.0,0.3,15.0,0.74,10.0,0.7,15.0,0.75,0.33,0.82,15.0,0.01,0.01,43.382783,1776204783000
1776204784.93,184.93,0.25,0.33,0.18,15.0,0.26,10.0,0.3,15.0,0.74,10.0,0.7,15.0,0.75,0.33,0.82,15.0,0.01,0.01,43.382783,1776204784000
1776204786.154,186.154,0.25,0.33,0.18,15.0,0.26,10.0,0.3,15.0,0.74,10.0,0.7,15.0,0.75,0.33,0.82,15.0,0.01,0.01,43.382783,1776204785000
1776204787.843,187.843,0.25,0.33,0.18,15.0,0.26,10.0,0.3,15.0,0.74,10.0,0.7,15.0,0.75,0.33,0.82,15.0,0.01,0.01,43.380537,1776204786000
1776204788.524,188.524,0.25,0.33,0.18,15.0,0.26,10.0,0.3,15.0,0.74,10.0,0.7,15.0,0.75,0.33,0.82,15.0,0.01,0.01,43.380535,1776204787000
1776204789.095,189.095,0.25,0.33,0.18,15.0,0.26,10.0,0.3,15.0,0.74,10.0,0.7,15.0,0.75,0.33,0.82,15.0,0.01,0.01,43.380386,1776204788000
1776204789.666,189.666,0.17,15.0,0.16,15.0,0.23,9.67,0.29,37.0,0.74,10.0,0.7,15.0,0.75,0.33,0.82,15.0,0.06,0.01,43.380386,1776204788000
1776204790.887,190.887,0.17,15.0,0.16,15.0,0.23,9.67,0.29,37.0,0.77,9.67,0.71,37.0,0.83,15.0,0.84,15.0,0.06,0.06,43.379728,1776204789000
1776204791.47,191.47,0.17,15.0,0.16,15.0,0.23,9.67,0.29,37.0,0.77,9.67,0.71,37.0,0.83,15.0,0.84,15.0,0.06,0.06,43.379348,1776204790000
1776204792.273,192.273,0.17,15.0,0.16,15.0,0.23,9.67,0.29,37.0,0.77,9.67,0.71,37.0,0.83,15.0,0.84,15.0,0.06,0.06,43.379348,1776204791000
1776204793.591,193.591,0.17,15.0,0.16,15.0,0.23,9.67,0.29,37.0,0.77,9.67,0.71,37.0,0.83,15.0,0.84,15.0,0.06,0.06,43.378599,1776204792000
1776204794.245,194.245,0.17,15.0,0.16,15.0,0.23,9.67,0.29,37.0,0.77,9.67,0.71,37.0,0.83,15.0,0.84,15.0,0.06,0.06,43.378599,1776204793000
1776204795.062,195.062,0.17,15.0,0.16,15.0,0.23,9.67,0.29,37.0,0.77,9.67,0.71,37.0,0.83,15.0,0.84,15.0,0.06,0.06,43.3786,1776204794000
1776204796.497,196.497,0.17,15.0,0.16,15.0,0.23,9.67,0.29,37.0,0.77,9.67,0.71,37.0,0.83,15.0,0.84,15.0,0.06,0.06,43.378204,1776204795000
1776204797.118,197.118,0.17,15.0,0.16,15.0,0.23,9.67,0.29,37.0,0.77,9.67,0.71,37.0,0.83,15.0,0.84,15.0,0.06,0.06,43.378153,1776204796000
1776204798.53,198.53,0.17,15.0,0.16,15.0,0.23,9.67,0.29,37.0,0.77,9.67,0.71,37.0,0.83,15.0,0.84,15.0,0.06,0.06,43.377947,1776204797000
1776204799.23,199.23,0.17,15.0,0.16,15.0,0.23,9.67,0.29,37.0,0.77,9.67,0.71,37.0,0.83,15.0,0.84,15.0,0.06,0.06,43.377349,1776204798000
1776204799.949,199.949,0.17,15.0,0.16,15.0,0.23,9.67,0.29,37.0,0.77,9.67,0.71,37.0,0.83,15.0,0.84,15.0,0.06,0.06,43.374579,1776204799000
1776204801.251,201.251,0.17,15.0,0.16,15.0,0.23,9.67,0.29,37.0,0.77,9.67,0.71,37.0,0.83,15.0,0.84,15.0,0.06,0.06,43.365588,1776204800000
1776204802.057,202.057,0.06,8.56,0.05,15.0,0.14,31.0,0.15,25.0,0.86,31.0,0.85,25.0,0.94,8.56,0.95,15.0,0.08,0.08,43.36255,1776204801000
1776204803.256,203.256,0.06,8.56,0.05,15.0,0.14,31.0,0.15,25.0,0.86,31.0,0.85,25.0,0.94,8.56,0.95,15.0,0.08,0.08,43.359233,1776204802000
1776204804.131,204.131,0.06,8.56,0.05,15.0,0.14,31.0,0.15,25.0,0.86,31.0,0.85,25.0,0.94,8.56,0.95,15.0,0.08,0.08,43.358039,1776204803000
1776204806.451,206.451,0.06,8.56,0.05,15.0,0.14,31.0,0.15,25.0,0.86,31.0,0.85,25.0,0.94,8.56,0.95,15.0,0.08,0.08,43.357259,1776204805000
1776204807.179,207.179,0.06,8.56,0.05,15.0,0.14,31.0,0.15,25.0,0.86,31.0,0.85,25.0,0.94,8.56,0.95,15.0,0.08,0.08,43.357259,1776204806000
1776204808.269,208.269,0.06,8.56,0.05,15.0,0.14,31.0,0.15,25.0,0.86,31.0,0.85,25.0,0.94,8.56,0.95,15.0,0.08,0.08,43.357409,1776204807000
1776204808.822,208.822,0.1,5.0,0.09,15.0,0.22,10.0,0.28,15.0,0.86,31.0,0.85,25.0,0.94,8.56,0.95,15.0,0.12,0.08,43.357409,1776204807000
1776204809.529,209.529,0.1,5.0,0.09,15.0,0.22,10.0,0.28,15.0,0.78,10.0,0.72,15.0,0.9,5.0,0.91,15.0,0.12,0.12,43.35825,1776204808000
1776204809.916,209.916,0.12,5.0,0.11,15.0,0.22,10.0,0.28,15.0,0.78,10.0,0.72,15.0,0.9,5.0,0.91,15.0,0.1,0.12,43.35825,1776204808000
1776204811.434,211.434,0.12,5.0,0.11,15.0,0.22,10.0,0.28,15.0,0.78,10.0,0.72,15.0,0.88,5.0,0.89,15.0,0.1,0.1,43.367528,1776204810000
1776204811.966,211.966,0.12,5.0,0.11,15.0,0.22,10.0,0.28,15.0,0.78,10.0,0.72,15.0,0.88,5.0,0.89,15.0,0.1,0.1,43.369429,1776204811000
1776204813.119,213.119,0.12,5.0,0.11,15.0,0.22,10.0,0.28,15.0,0.78,10.0,0.72,15.0,0.88,5.0,0.89,15.0,0.1,0.1,43.370611,1776204812000
1776204814.27,214.27,0.12,5.0,0.11,15.0,0.22,10.0,0.28,15.0,0.78,10.0,0.72,15.0,0.88,5.0,0.89,15.0,0.1,0.1,43.371289,1776204813000
1776204815.251,215.251,0.12,5.0,0.11,15.0,0.22,10.0,0.28,15.0,0.78,10.0,0.72,15.0,0.88,5.0,0.89,15.0,0.1,0.1,43.371292,1776204814000
1776204816.456,216.456,0.12,5.0,0.11,15.0,0.22,10.0,0.28,15.0,0.78,10.0,0.72,15.0,0.88,5.0,0.89,15.0,0.1,0.1,43.371823,1776204815000
1776204817.002,217.002,0.12,5.0,0.11,15.0,0.22,10.0,0.28,15.0,0.78,10.0,0.72,15.0,0.88,5.0,0.89,15.0,0.1,0.1,43.371823,1776204816000
1776204818.306,218.306,0.12,5.0,0.11,15.0,0.22,10.0,0.28,15.0,0.78,10.0,0.72,15.0,0.88,5.0,0.89,15.0,0.1,0.1,43.371071,1776204817000
1776204819.15,219.15,0.12,5.0,0.11,15.0,0.22,10.0,0.28,15.0,0.78,10.0,0.72,15.0,0.88,5.0,0.89,15.0,0.1,0.1,43.371071,1776204818000
1776204820.021,220.021,0.17,169.0,0.16,15.0,0.8,5.0,0.81,15.0,0.78,10.0,0.72,15.0,0.88,5.0,0.89,15.0,0.63,0.1,43.371071,1776204818000
1776204820.321,220.321,0.17,169.0,0.16,15.0,0.8,5.0,0.81,15.0,0.2,5.0,0.19,15.0,0.83,169.0,0.84,15.0,0.63,0.63,43.391535,1776204819000
1776204820.682,220.682,0.18,214.0,0.17,15.0,0.9,105.0,0.91,15.0,0.2,5.0,0.19,15.0,0.83,169.0,0.84,15.0,0.72,0.63,43.391535,1776204819000
1776204820.901,220.901,0.18,214.0,0.17,15.0,0.9,105.0,0.91,15.0,0.1,105.0,0.09,15.0,0.82,214.0,0.83,15.0,0.72,0.72,43.399846,1776204820000
1776204821.958,221.958,0.89,25.0,0.2,15.0,0.9,90.0,0.92,15.0,0.1,105.0,0.09,15.0,0.82,214.0,0.83,15.0,0.01,0.72,43.399846,1776204820000
1776204823.663,223.663,0.89,15.9,0.86,10.0,0.9,90.0,0.92,15.0,0.1,90.0,0.08,15.0,0.11,15.9,0.14,10.0,0.01,0.01,43.4606,1776204822000
1776204824.132,224.132,0.89,15.9,0.86,10.0,0.9,90.0,0.92,15.0,0.1,90.0,0.08,15.0,0.11,15.9,0.14,10.0,0.01,0.01,43.4606,1776204823000
1776204825.264,225.264,0.89,15.9,0.86,10.0,0.9,90.0,0.92,15.0,0.1,90.0,0.08,15.0,0.11,15.9,0.14,10.0,0.01,0.01,43.455892,1776204824000
1776204825.723,225.723,0.89,34.0,0.77,10.0,0.9,15.0,0.91,15.0,0.1,90.0,0.08,15.0,0.11,15.9,0.14,10.0,0.01,0.01,43.455892,1776204824000
1776204826.008,226.008,0.89,34.0,0.77,10.0,0.9,9.72,0.91,15.0,0.1,15.0,0.09,15.0,0.11,34.0,0.23,10.0,0.01,0.01,43.455892,1776204824000
1776204826.359,226.359,0.89,34.0,0.77,10.0,0.9,9.72,0.91,15.0,0.1,9.72,0.09,15.0,0.11,34.0,0.23,10.0,0.01,0.01,43.455308,1776204825000
1776204826.944,226.944,0.89,34.0,0.77,10.0,0.9,9.72,0.91,15.0,0.1,9.72,0.09,15.0,0.11,34.0,0.23,10.0,0.01,0.01,43.4538,1776204826000
1776204827.239,227.239,0.78,10.0,0.28,15.0,0.9,9.72,0.91,15.0,0.1,9.72,0.09,15.0,0.11,34.0,0.23,10.0,0.12,0.01,43.4538,1776204826000
1776204827.992,227.992,0.78,10.0,0.28,15.0,0.9,9.72,0.91,15.0,0.1,9.72,0.09,15.0,0.22,10.0,0.72,15.0,0.12,0.12,43.448183,1776204827000
1776204829.066,229.066,0.78,10.0,0.28,15.0,0.9,9.72,0.91,15.0,0.1,9.72,0.09,15.0,0.22,10.0,0.72,15.0,0.12,0.12,43.452253,1776204828000
1776204830.233,230.233,0.78,10.0,0.28,15.0,0.9,9.72,0.91,15.0,0.1,9.72,0.09,15.0,0.22,10.0,0.72,15.0,0.12,0.12,43.459946,1776204829000
1776204830.67,230.67,0.85,19.0,0.84,10.0,0.92,10.0,0.93,15.0,0.1,9.72,0.09,15.0,0.22,10.0,0.72,15.0,0.07,0.12,43.459946,1776204829000
1776204831.25,231.25,0.85,19.0,0.84,10.0,0.92,10.0,0.93,15.0,0.08,10.0,0.07,15.0,0.15,19.0,0.16,10.0,0.07,0.07,43.460141,1776204830000
1776204832.325,232.325,0.85,19.0,0.84,10.0,0.92,10.0,0.93,15.0,0.08,10.0,0.07,15.0,0.15,19.0,0.16,10.0,0.07,0.07,43.46014,1776204831000
1776204833.5,233.5,0.85,19.0,0.84,10.0,0.92,10.0,0.93,15.0,0.08,10.0,0.07,15.0,0.15,19.0,0.16,10.0,0.07,0.07,43.459401,1776204832000
1776204833.822,233.822,0.9,5.0,0.75,21.0,0.91,15.0,0.92,22.5,0.08,10.0,0.07,15.0,0.15,19.0,0.16,10.0,0.01,0.07,43.459401,1776204832000
1776204834.499,234.499,0.84,10.0,0.38,15.0,0.92,10.0,0.93,15.0,0.09,15.0,0.08,22.5,0.1,5.0,0.25,21.0,0.08,0.01,43.458977,1776204833000
1776204835.01,235.01,0.84,10.0,0.38,15.0,0.92,10.0,0.93,15.0,0.08,10.0,0.07,15.0,0.16,10.0,0.62,15.0,0.08,0.08,43.457945,1776204834000
1776204836.226,236.226,0.84,10.0,0.38,15.0,0.92,10.0,0.93,15.0,0.08,10.0,0.07,15.0,0.16,10.0,0.62,15.0,0.08,0.08,43.461431,1776204835000
1776204841.063,241.063,0.84,10.0,0.38,15.0,0.92,10.0,0.93,15.0,0.08,10.0,0.07,15.0,0.16,10.0,0.62,15.0,0.08,0.08,43.45859,1776204839000
1776204841.641,241.641,0.84,10.0,0.38,15.0,0.92,10.0,0.93,15.0,0.08,10.0,0.07,15.0,0.16,10.0,0.62,15.0,0.08,0.08,43.465341,1776204840000
1776204842.194,242.194,0.84,10.0,0.38,15.0,0.92,10.0,0.93,15.0,0.08,10.0,0.07,15.0,0.16,10.0,0.62,15.0,0.08,0.08,43.465341,1776204841000
1776204843.298,243.298,0.84,10.0,0.38,15.0,0.92,10.0,0.93,15.0,0.08,10.0,0.07,15.0,0.16,10.0,0.62,15.0,0.08,0.08,43.467997,1776204842000
1776204844.496,244.496,0.84,10.0,0.38,15.0,0.92,10.0,0.93,15.0,0.08,10.0,0.07,15.0,0.16,10.0,0.62,15.0,0.08,0.08,43.471162,1776204843000
1776204844.97,244.97,0.84,10.0,0.38,15.0,0.92,10.0,0.93,15.0,0.08,10.0,0.07,15.0,0.16,10.0,0.62,15.0,0.08,0.08,43.471162,1776204844000
1776204846.143,246.143,0.84,10.0,0.38,15.0,0.92,10.0,0.93,15.0,0.08,10.0,0.07,15.0,0.16,10.0,0.62,15.0,0.08,0.08,43.469362,1776204845000
1776204847.164,247.164,0.84,10.0,0.38,15.0,0.92,10.0,0.93,15.0,0.08,10.0,0.07,15.0,0.16,10.0,0.62,15.0,0.08,0.08,43.46656,1776204846000
1776204848.488,248.488,0.84,10.0,0.38,15.0,0.92,10.0,0.93,15.0,0.08,10.0,0.07,15.0,0.16,10.0,0.62,15.0,0.08,0.08,43.459411,1776204847000
1776204849.111,249.111,0.84,10.0,0.38,15.0,0.92,10.0,0.93,15.0,0.08,10.0,0.07,15.0,0.16,10.0,0.62,15.0,0.08,0.08,43.459411,1776204848000
1776204849.485,249.485,0.69,10.0,0.59,15.0,0.89,15.0,0.9,15.0,0.08,10.0,0.07,15.0,0.16,10.0,0.62,15.0,0.2,0.08,43.459411,1776204848000
1776204850.194,250.194,0.69,10.0,0.59,15.0,0.89,15.0,0.9,15.0,0.11,15.0,0.1,15.0,0.31,10.0,0.41,15.0,0.2,0.2,43.45848,1776204849000
1776204851.328,251.328,0.69,10.0,0.59,15.0,0.89,15.0,0.9,15.0,0.11,15.0,0.1,15.0,0.31,10.0,0.41,15.0,0.2,0.2,43.436076,1776204850000
1776204852.574,252.574,0.69,10.0,0.59,15.0,0.89,15.0,0.9,15.0,0.11,15.0,0.1,15.0,0.31,10.0,0.41,15.0,0.2,0.2,43.432035,1776204851000
1776204853.032,253.032,0.69,10.0,0.59,15.0,0.89,15.0,0.9,15.0,0.11,15.0,0.1,15.0,0.31,10.0,0.41,15.0,0.2,0.2,43.432286,1776204852000
1776204854.199,254.199,0.69,10.0,0.59,15.0,0.89,15.0,0.9,15.0,0.11,15.0,0.1,15.0,0.31,10.0,0.41,15.0,0.2,0.2,43.431114,1776204853000
1776204855.707,255.707,0.69,10.0,0.59,15.0,0.89,15.0,0.9,15.0,0.11,15.0,0.1,15.0,0.31,10.0,0.41,15.0,0.2,0.2,43.429778,1776204854000
1776204856.141,256.141,0.69,10.0,0.59,15.0,0.89,15.0,0.9,15.0,0.11,15.0,0.1,15.0,0.31,10.0,0.41,15.0,0.2,0.2,43.430431,1776204855000
1776204857.166,257.166,0.69,10.0,0.59,15.0,0.89,15.0,0.9,15.0,0.11,15.0,0.1,15.0,0.31,10.0,0.41,15.0,0.2,0.2,43.438221,1776204856000
1776204857.59,257.59,0.32,5.63,0.15,115.0,0.49,96.0,0.84,15.0,0.11,15.0,0.1,15.0,0.31,10.0,0.41,15.0,0.17,0.2,43.438221,1776204856000
1776204857.927,257.927,0.32,5.63,0.15,90.0,0.49,86.0,0.83,15.0,0.51,96.0,0.16,15.0,0.68,5.63,0.85,115.0,0.17,0.17,43.438221,1776204856000
1776204858.153,258.153,0.32,5.63,0.15,90.0,0.49,86.0,0.83,15.0,0.51,86.0,0.17,15.0,0.68,5.63,0.85,90.0,0.17,0.17,43.438221,1776204857000
1776204858.444,258.444,0.15,90.0,0.13,15.0,0.18,41.0,0.83,15.0,0.51,86.0,0.17,15.0,0.68,5.63,0.85,90.0,0.03,0.17,43.438221,1776204857000
1776204859.204,259.204,0.15,90.0,0.13,15.0,0.18,31.0,0.83,15.0,0.82,31.0,0.17,15.0,0.85,90.0,0.87,15.0,0.03,0.03,43.416211,1776204858000
1776204860.134,260.134,0.15,90.0,0.13,15.0,0.18,31.0,0.83,15.0,0.82,31.0,0.17,15.0,0.85,90.0,0.87,15.0,0.03,0.03,43.393114,1776204859000
1776204860.431,260.431,0.22,9.44,0.15,15.0,0.8,15.0,0.81,15.0,0.82,31.0,0.17,15.0,0.85,90.0,0.87,15.0,0.58,0.03,43.393114,1776204859000
1776204860.808,260.808,0.22,8.15,0.15,15.0,0.79,15.0,0.8,15.0,0.2,15.0,0.19,15.0,0.78,9.44,0.85,15.0,0.57,0.58,43.393114,1776204859000
1776204861.029,261.029,0.22,6.85,0.15,15.0,0.79,15.0,0.8,15.0,0.21,15.0,0.2,15.0,0.78,8.15,0.85,15.0,0.57,0.57,43.393114,1776204859000
1776204862.111,262.111,0.22,6.85,0.15,15.0,0.79,15.0,0.8,15.0,0.21,15.0,0.2,15.0,0.78,6.85,0.85,15.0,0.57,0.57,43.389417,1776204861000
1776204863.081,263.081,0.22,6.85,0.15,15.0,0.79,15.0,0.8,15.0,0.21,15.0,0.2,15.0,0.78,6.85,0.85,15.0,0.57,0.57,43.393596,1776204862000
1776204864.074,264.074,0.22,6.85,0.15,15.0,0.79,15.0,0.8,15.0,0.21,15.0,0.2,15.0,0.78,6.85,0.85,15.0,0.57,0.57,43.39782,1776204863000
1776204864.932,264.932,0.22,6.85,0.18,15.0,0.23,39.0,0.4,10.0,0.21,15.0,0.2,15.0,0.78,6.85,0.85,15.0,0.01,0.57,43.39782,1776204863000
1776204865.339,265.339,0.22,6.85,0.21,10.0,0.23,28.08,0.38,10.0,0.77,39.0,0.6,10.0,0.78,6.85,0.82,15.0,0.01,0.01,43.398581,1776204864000
1776204866.108,266.108,0.22,6.85,0.21,10.0,0.23,14.62,0.38,10.0,0.77,14.62,0.62,10.0,0.78,6.85,0.79,10.0,0.01,0.01,43.398495,1776204865000
1776204867.14,267.14,0.22,6.85,0.21,10.0,0.23,14.62,0.38,10.0,0.77,14.62,0.62,10.0,0.78,6.85,0.79,10.0,0.01,0.01,43.398495,1776204866000
1776204868.879,268.879,0.22,6.85,0.21,10.0,0.23,14.62,0.38,10.0,0.77,14.62,0.62,10.0,0.78,6.85,0.79,10.0,0.01,0.01,43.398497,1776204867000
1776204869.675,269.675,0.22,6.85,0.21,10.0,0.23,14.62,0.38,10.0,0.77,14.62,0.62,10.0,0.78,6.85,0.79,10.0,0.01,0.01,43.398497,1776204868000
1776204870.191,270.191,0.22,6.85,0.21,10.0,0.23,14.62,0.38,10.0,0.77,14.62,0.62,10.0,0.78,6.85,0.79,10.0,0.01,0.01,43.398584,1776204869000
1776204871.394,271.394,0.22,6.85,0.21,10.0,0.23,14.62,0.38,10.0,0.77,14.62,0.62,10.0,0.78,6.85,0.79,10.0,0.01,0.01,43.398584,1776204870000
1776204872.295,272.295,0.22,6.85,0.21,10.0,0.23,14.62,0.38,10.0,0.77,14.62,0.62,10.0,0.78,6.85,0.79,10.0,0.01,0.01,43.398584,1776204871000
1776204873.317,273.317,0.22,6.85,0.21,10.0,0.23,14.62,0.38,10.0,0.77,14.62,0.62,10.0,0.78,6.85,0.79,10.0,0.01,0.01,43.398584,1776204872000
1776204874.497,274.497,0.22,6.85,0.21,10.0,0.23,14.62,0.38,10.0,0.77,14.62,0.62,10.0,0.78,6.85,0.79,10.0,0.01,0.01,43.398584,1776204873000
1776204875.389,275.389,0.22,6.85,0.21,10.0,0.23,14.62,0.38,10.0,0.77,14.62,0.62,10.0,0.78,6.85,0.79,10.0,0.01,0.01,43.398584,1776204874000
1776204876.237,276.237,0.22,6.85,0.21,10.0,0.23,14.62,0.38,10.0,0.77,14.62,0.62,10.0,0.78,6.85,0.79,10.0,0.01,0.01,43.398584,1776204875000
1776204877.587,277.587,0.22,6.85,0.21,10.0,0.23,14.62,0.38,10.0,0.77,14.62,0.62,10.0,0.78,6.85,0.79,10.0,0.01,0.01,43.398584,1776204876000
1776204878.179,278.179,0.22,6.85,0.21,10.0,0.23,14.62,0.38,10.0,0.77,14.62,0.62,10.0,0.78,6.85,0.79,10.0,0.01,0.01,43.398546,1776204877000
1776204879.454,279.454,0.22,6.85,0.21,10.0,0.23,14.62,0.38,10.0,0.77,14.62,0.62,10.0,0.78,6.85,0.79,10.0,0.01,0.01,43.398546,1776204878000
1776204879.89,279.89,0.22,6.85,0.21,10.0,0.23,14.62,0.38,10.0,0.77,14.62,0.62,10.0,0.78,6.85,0.79,10.0,0.01,0.01,43.399199,1776204879000
1776204881.176,281.176,0.22,6.85,0.21,10.0,0.23,14.62,0.38,10.0,0.77,14.62,0.62,10.0,0.78,6.85,0.79,10.0,0.01,0.01,43.399208,1776204880000
1776204882.293,282.293,0.22,6.85,0.21,10.0,0.23,14.62,0.38,10.0,0.77,14.62,0.62,10.0,0.78,6.85,0.79,10.0,0.01,0.01,43.399208,1776204881000
1776204883.479,283.479,0.22,6.85,0.21,10.0,0.23,14.62,0.38,10.0,0.77,14.62,0.62,10.0,0.78,6.85,0.79,10.0,0.01,0.01,43.399208,1776204882000
1776204884.571,284.571,0.22,6.85,0.21,10.0,0.23,14.62,0.38,10.0,0.77,14.62,0.62,10.0,0.78,6.85,0.79,10.0,0.01,0.01,43.40198,1776204883000
1776204885.087,285.087,0.22,6.85,0.21,10.0,0.23,14.62,0.38,10.0,0.77,14.62,0.62,10.0,0.78,6.85,0.79,10.0,0.01,0.01,43.40198,1776204884000
1776204886.4,286.4,0.22,6.85,0.21,10.0,0.23,14.62,0.38,10.0,0.77,14.62,0.62,10.0,0.78,6.85,0.79,10.0,0.01,0.01,43.402003,1776204885000
1776204886.995,286.995,0.22,6.85,0.21,10.0,0.23,14.62,0.38,10.0,0.77,14.62,0.62,10.0,0.78,6.85,0.79,10.0,0.01,0.01,43.401707,1776204886000
1776204888.234,288.234,0.22,6.85,0.21,10.0,0.23,14.62,0.38,10.0,0.77,14.62,0.62,10.0,0.78,6.85,0.79,10.0,0.01,0.01,43.397753,1776204887000
1776204890.066,290.066,0.22,6.85,0.21,10.0,0.23,14.62,0.38,10.0,0.77,14.62,0.62,10.0,0.78,6.85,0.79,10.0,0.01,0.01,43.397753,1776204889000
1776204891.287,291.287,0.22,6.85,0.21,10.0,0.23,14.62,0.38,10.0,0.77,14.62,0.62,10.0,0.78,6.85,0.79,10.0,0.01,0.01,43.397748,1776204890000
1776204892.534,292.534,0.22,6.85,0.21,10.0,0.23,14.62,0.38,10.0,0.77,14.62,0.62,10.0,0.78,6.85,0.79,10.0,0.01,0.01,43.399577,1776204891000
1776204893.152,293.152,0.22,6.85,0.21,10.0,0.23,14.62,0.38,10.0,0.77,14.62,0.62,10.0,0.78,6.85,0.79,10.0,0.01,0.01,43.400855,1776204892000
1776204894.316,294.316,0.45,6.66,0.02,10.0,0.85,96.5,0.98,10.0,0.36,9.06,0.15,100.0,0.98,26.0,0.99,320.0,0.4,0.62,43.400855,1776204892000
1776204894.779,294.779,0.64,8.19,0.45,6.66,0.81,10.0,0.85,96.5,0.15,96.5,0.02,10.0,0.55,6.66,0.98,10.0,0.17,0.4,43.402271,1776204893000
1776204895.167,295.167,0.64,6.38,0.45,6.66,0.81,10.0,0.85,96.5,0.19,10.0,0.15,96.5,0.36,6.38,0.55,6.66,0.17,0.17,43.412851,1776204894000
1776204896.521,296.521,0.75,6.95,0.45,6.66,0.92,12.5,0.95,100.0,0.19,10.0,0.15,96.5,0.36,6.38,0.55,6.66,0.17,0.17,43.412851,1776204894000
1776204896.733,296.733,0.75,6.95,0.45,6.66,0.92,12.5,0.95,100.0,0.08,12.5,0.05,100.0,0.25,6.95,0.55,6.66,0.17,0.17,43.416826,1776204895000
1776204897.195,297.195,0.75,6.95,0.45,6.66,0.92,12.5,0.95,100.0,0.08,12.5,0.05,100.0,0.25,6.95,0.55,6.66,0.17,0.17,43.417399,1776204896000
1776204897.406,297.406,0.78,26.0,0.45,6.66,0.95,18.88,0.98,10.0,0.08,12.5,0.05,100.0,0.25,6.95,0.55,6.66,0.17,0.17,43.417399,1776204896000
1776204897.618,297.618,0.78,20.88,0.45,6.66,0.95,18.88,0.98,10.0,0.05,18.88,0.02,10.0,0.22,26.0,0.55,6.66,0.17,0.17,43.417399,1776204896000
1776204898.45,298.45,0.78,16.0,0.77,10.0,0.94,15.49,0.98,10.0,0.05,18.88,0.02,10.0,0.22,20.88,0.55,6.66,0.16,0.17,43.417399,1776204896000
1776204898.922,298.922,0.78,16.0,0.7,10.0,0.99,183.68,,,0.06,15.49,0.02,10.0,0.22,16.0,0.23,10.0,0.21,0.16,43.41998,1776204897000
1776204899.396,299.396,0.99,606.32,0.78,16.0,,,,,,,,,0.01,606.32,0.22,16.0,,,43.420051,1776204898000
1776204900.095,300.095,0.99,929.17,0.8,10.0,,,,,,,,,0.01,929.17,0.2,10.0,,,43.420067,1776204899000
1776204901.746,301.746,0.99,929.17,0.8,10.0,,,,,,,,,0.01,929.17,0.2,10.0,,,43.420806,1776204900000
1776204902.24,302.24,0.99,929.17,0.8,10.0,,,,,,,,,0.01,929.17,0.2,10.0,,,43.421102,1776204901000

# RESULT,winner=Up,slug=hype-updown-5m-1776204600,ticks=318
