timestamp,elapsed_sec,up_bid_p1,up_bid_s1,up_bid_p2,up_bid_s2,up_ask_p1,up_ask_s1,up_ask_p2,up_ask_s2,down_bid_p1,down_bid_s1,down_bid_p2,down_bid_s2,down_ask_p1,down_ask_s1,down_ask_p2,down_ask_s2,up_spread,down_spread,hype_price,hype_oracle_ts
1776214201.293,1.293,,,,,,,,,,,,,,,,,,,43.62313,1776214200000
1776214201.522,1.522,0.11,100.0,0.08,50.0,0.5,40.0,0.89,100.0,0.5,40.0,0.11,100.0,0.89,100.0,0.92,50.0,0.39,0.39,43.62313,1776214200000
1776214201.838,1.838,0.11,100.0,0.08,50.0,0.5,40.0,0.89,100.0,0.5,40.0,0.11,100.0,0.89,100.0,0.92,50.0,0.39,0.39,43.62313,1776214200000
1776214202.52,2.52,0.11,100.0,0.08,50.0,0.5,40.0,0.89,100.0,0.5,40.0,0.11,100.0,0.89,100.0,0.92,50.0,0.39,0.39,43.622647,1776214201000
1776214203.201,3.201,0.11,100.0,0.08,50.0,0.5,40.0,0.89,100.0,0.5,40.0,0.11,100.0,0.89,100.0,0.92,50.0,0.39,0.39,43.623014,1776214202000
1776214204.591,4.591,0.11,100.0,0.08,50.0,0.5,40.0,0.89,100.0,0.5,40.0,0.11,100.0,0.89,100.0,0.92,50.0,0.39,0.39,43.617572,1776214203000
1776214205.261,5.261,0.11,100.0,0.08,50.0,0.5,40.0,0.89,100.0,0.5,40.0,0.11,100.0,0.89,100.0,0.92,50.0,0.39,0.39,43.617253,1776214204000
1776214206.728,6.728,0.11,100.0,0.08,50.0,0.5,40.0,0.89,100.0,0.5,40.0,0.11,100.0,0.89,100.0,0.92,50.0,0.39,0.39,43.61582,1776214205000
1776214207.276,7.276,0.11,100.0,0.08,50.0,0.5,40.0,0.89,100.0,0.5,40.0,0.11,100.0,0.89,100.0,0.92,50.0,0.39,0.39,43.616133,1776214206000
1776214208.689,8.689,0.11,100.0,0.08,50.0,0.5,40.0,0.89,100.0,0.5,40.0,0.11,100.0,0.89,100.0,0.92,50.0,0.39,0.39,43.615624,1776214207000
1776214209.238,9.238,0.11,100.0,0.08,50.0,0.5,40.0,0.89,100.0,0.5,40.0,0.11,100.0,0.89,100.0,0.92,50.0,0.39,0.39,43.615624,1776214208000
1776214210.472,10.472,0.11,100.0,0.08,50.0,0.5,40.0,0.89,100.0,0.5,40.0,0.11,100.0,0.89,100.0,0.92,50.0,0.39,0.39,43.619756,1776214209000
1776214211.147,11.147,0.11,100.0,0.08,50.0,0.5,40.0,0.89,100.0,0.5,40.0,0.11,100.0,0.89,100.0,0.92,50.0,0.39,0.39,43.623267,1776214210000
1776214212.153,12.153,0.11,100.0,0.08,50.0,0.5,40.0,0.89,100.0,0.5,40.0,0.11,100.0,0.89,100.0,0.92,50.0,0.39,0.39,43.623301,1776214211000
1776214212.924,12.924,0.47,5.0,0.46,5.0,0.5,30.0,0.7,10.0,0.5,40.0,0.11,100.0,0.89,100.0,0.92,50.0,0.03,0.39,43.623301,1776214211000
1776214213.172,13.172,0.47,5.0,0.46,5.0,0.5,30.0,0.7,10.0,0.5,30.0,0.3,10.0,0.53,5.0,0.54,5.0,0.03,0.03,43.625169,1776214212000
1776214214.169,14.169,0.47,5.0,0.46,5.0,0.5,30.0,0.7,10.0,0.5,30.0,0.3,10.0,0.53,5.0,0.54,5.0,0.03,0.03,43.628084,1776214213000
1776214215.273,15.273,0.47,5.0,0.46,5.0,0.5,30.0,0.7,10.0,0.5,30.0,0.3,10.0,0.53,5.0,0.54,5.0,0.03,0.03,43.629395,1776214214000
1776214216.406,16.406,0.47,5.0,0.46,5.0,0.5,30.0,0.7,10.0,0.5,30.0,0.3,10.0,0.53,5.0,0.54,5.0,0.03,0.03,43.634343,1776214215000
1776214216.61,16.61,0.48,5.0,0.47,5.0,0.5,5.04,0.63,10.0,0.5,30.0,0.3,10.0,0.53,5.0,0.54,5.0,0.02,0.03,43.634343,1776214215000
1776214217.42,17.42,0.48,5.0,0.47,5.0,0.5,5.04,0.63,10.0,0.5,5.04,0.37,10.0,0.52,5.0,0.53,5.0,0.02,0.02,43.634343,1776214216000
1776214217.931,17.931,0.49,31.0,0.11,100.0,0.7,10.0,0.77,5.0,0.5,5.04,0.37,10.0,0.52,5.0,0.53,5.0,0.21,0.02,43.634343,1776214216000
1776214219.084,19.084,0.49,31.0,0.11,100.0,0.7,10.0,0.77,5.0,0.3,10.0,0.23,5.0,0.51,31.0,0.89,100.0,0.21,0.21,43.634227,1776214218000
1776214220.28,20.28,0.49,31.0,0.11,100.0,0.7,10.0,0.77,5.0,0.3,10.0,0.23,5.0,0.51,31.0,0.89,100.0,0.21,0.21,43.63916,1776214219000
1776214221.378,21.378,0.49,31.0,0.11,100.0,0.7,10.0,0.77,5.0,0.3,10.0,0.23,5.0,0.51,31.0,0.89,100.0,0.21,0.21,43.643209,1776214220000
1776214221.951,21.951,0.49,31.0,0.11,100.0,0.7,10.0,0.77,5.0,0.3,10.0,0.23,5.0,0.51,31.0,0.89,100.0,0.21,0.21,43.644492,1776214221000
1776214223.045,23.045,0.49,31.0,0.11,100.0,0.7,10.0,0.77,5.0,0.3,10.0,0.23,5.0,0.51,31.0,0.89,100.0,0.21,0.21,43.650086,1776214222000
1776214224.871,24.871,0.49,31.0,0.11,100.0,0.7,10.0,0.77,5.0,0.3,10.0,0.23,5.0,0.51,31.0,0.89,100.0,0.21,0.21,43.650974,1776214223000
1776214225.74,25.74,0.49,31.0,0.11,100.0,0.7,10.0,0.77,5.0,0.3,10.0,0.23,5.0,0.51,31.0,0.89,100.0,0.21,0.21,43.650994,1776214224000
1776214226.495,26.495,0.49,31.0,0.11,100.0,0.7,10.0,0.77,5.0,0.3,10.0,0.23,5.0,0.51,31.0,0.89,100.0,0.21,0.21,43.651339,1776214225000
1776214227.38,27.38,0.49,31.0,0.11,100.0,0.7,10.0,0.77,5.0,0.3,10.0,0.23,5.0,0.51,31.0,0.89,100.0,0.21,0.21,43.651312,1776214226000
1776214228.153,28.153,0.49,31.0,0.11,100.0,0.7,10.0,0.77,5.0,0.3,10.0,0.23,5.0,0.51,31.0,0.89,100.0,0.21,0.21,43.651762,1776214227000
1776214229.775,29.775,0.49,31.0,0.11,100.0,0.7,10.0,0.77,5.0,0.3,10.0,0.23,5.0,0.51,31.0,0.89,100.0,0.21,0.21,43.651731,1776214228000
1776214230.572,30.572,0.49,31.0,0.11,100.0,0.7,10.0,0.77,5.0,0.3,10.0,0.23,5.0,0.51,31.0,0.89,100.0,0.21,0.21,43.651551,1776214229000
1776214231.309,31.309,0.49,31.0,0.11,100.0,0.7,10.0,0.77,5.0,0.3,10.0,0.23,5.0,0.51,31.0,0.89,100.0,0.21,0.21,43.651154,1776214230000
1776214232.111,32.111,0.49,31.0,0.11,100.0,0.7,10.0,0.77,5.0,0.3,10.0,0.23,5.0,0.51,31.0,0.89,100.0,0.21,0.21,43.650327,1776214231000
1776214233.549,33.549,0.49,31.0,0.11,100.0,0.7,10.0,0.77,5.0,0.3,10.0,0.23,5.0,0.51,31.0,0.89,100.0,0.21,0.21,43.650591,1776214232000
1776214234.297,34.297,0.49,31.0,0.11,100.0,0.7,10.0,0.77,5.0,0.3,10.0,0.23,5.0,0.51,31.0,0.89,100.0,0.21,0.21,43.650558,1776214233000
1776214234.97,34.97,0.49,31.0,0.11,100.0,0.7,10.0,0.77,5.0,0.3,10.0,0.23,5.0,0.51,31.0,0.89,100.0,0.21,0.21,43.650553,1776214234000
1776214236.393,36.393,0.49,31.0,0.11,100.0,0.7,10.0,0.77,5.0,0.3,10.0,0.23,5.0,0.51,31.0,0.89,100.0,0.21,0.21,43.651273,1776214235000
1776214237.078,37.078,0.49,31.0,0.11,100.0,0.7,10.0,0.77,5.0,0.3,10.0,0.23,5.0,0.51,31.0,0.89,100.0,0.21,0.21,43.651725,1776214236000
1776214238.557,38.557,0.49,31.0,0.11,100.0,0.7,10.0,0.77,5.0,0.3,10.0,0.23,5.0,0.51,31.0,0.89,100.0,0.21,0.21,43.65143,1776214237000
1776214239.229,39.229,0.49,31.0,0.11,100.0,0.7,10.0,0.77,5.0,0.3,10.0,0.23,5.0,0.51,31.0,0.89,100.0,0.21,0.21,43.651372,1776214238000
1776214240.77,40.77,0.49,31.0,0.11,100.0,0.7,10.0,0.77,5.0,0.3,10.0,0.23,5.0,0.51,31.0,0.89,100.0,0.21,0.21,43.645287,1776214239000
1776214241.382,41.382,0.49,31.0,0.11,100.0,0.7,10.0,0.77,5.0,0.3,10.0,0.23,5.0,0.51,31.0,0.89,100.0,0.21,0.21,43.64461,1776214240000
1776214242.142,42.142,0.49,31.0,0.11,100.0,0.7,10.0,0.77,5.0,0.3,10.0,0.23,5.0,0.51,31.0,0.89,100.0,0.21,0.21,43.643999,1776214241000
1776214243.948,43.948,0.49,31.0,0.11,100.0,0.7,10.0,0.77,5.0,0.3,10.0,0.23,5.0,0.51,31.0,0.89,100.0,0.21,0.21,43.641014,1776214242000
1776214244.619,44.619,0.49,31.0,0.11,100.0,0.7,10.0,0.77,5.0,0.3,10.0,0.23,5.0,0.51,31.0,0.89,100.0,0.21,0.21,43.636433,1776214243000
1776214245.415,45.415,0.49,31.0,0.11,100.0,0.7,10.0,0.77,5.0,0.3,10.0,0.23,5.0,0.51,31.0,0.89,100.0,0.21,0.21,43.637888,1776214244000
1776214245.968,45.968,0.49,31.0,0.11,100.0,0.7,10.0,0.77,5.0,0.3,10.0,0.23,5.0,0.51,31.0,0.89,100.0,0.21,0.21,43.639591,1776214245000
1776214247.381,47.381,0.49,31.0,0.11,100.0,0.7,10.0,0.77,5.0,0.3,10.0,0.23,5.0,0.51,31.0,0.89,100.0,0.21,0.21,43.641488,1776214246000
1776214247.958,47.958,0.49,31.0,0.11,100.0,0.7,10.0,0.77,5.0,0.3,10.0,0.23,5.0,0.51,31.0,0.89,100.0,0.21,0.21,43.641714,1776214247000
1776214248.238,48.238,0.57,28.0,0.56,5.0,0.76,15.0,0.77,15.0,0.3,10.0,0.23,5.0,0.51,31.0,0.89,100.0,0.19,0.21,43.641714,1776214247000
1776214249.262,49.262,0.57,28.0,0.56,5.0,0.76,15.0,0.77,15.0,0.24,15.0,0.23,15.0,0.43,28.0,0.44,5.0,0.19,0.19,43.655359,1776214248000
1776214250.443,50.443,0.57,28.0,0.56,5.0,0.76,15.0,0.77,15.0,0.24,15.0,0.23,15.0,0.43,28.0,0.44,5.0,0.19,0.19,43.658627,1776214249000
1776214251.064,51.064,0.57,28.0,0.56,5.0,0.76,15.0,0.77,15.0,0.24,15.0,0.23,15.0,0.43,28.0,0.44,5.0,0.19,0.19,43.659732,1776214250000
1776214252.099,52.099,0.61,5.0,0.6,5.0,0.74,12.29,0.75,15.0,0.24,15.0,0.23,15.0,0.43,28.0,0.44,5.0,0.13,0.19,43.659732,1776214250000
1776214253.472,53.472,0.61,5.0,0.6,5.0,0.74,12.29,0.75,15.0,0.26,12.29,0.25,15.0,0.39,5.0,0.4,5.0,0.13,0.13,43.661631,1776214252000
1776214254.092,54.092,0.61,5.0,0.6,5.0,0.74,12.29,0.75,15.0,0.26,12.29,0.25,15.0,0.39,5.0,0.4,5.0,0.13,0.13,43.661631,1776214253000
1776214255.27,55.27,0.61,5.0,0.6,5.0,0.74,12.29,0.75,15.0,0.26,12.29,0.25,15.0,0.39,5.0,0.4,5.0,0.13,0.13,43.661743,1776214254000
1776214256.411,56.411,0.61,5.0,0.6,5.0,0.74,12.29,0.75,15.0,0.26,12.29,0.25,15.0,0.39,5.0,0.4,5.0,0.13,0.13,43.661798,1776214255000
1776214257.0,57.0,0.61,5.0,0.6,5.0,0.74,12.29,0.75,15.0,0.26,12.29,0.25,15.0,0.39,5.0,0.4,5.0,0.13,0.13,43.661838,1776214256000
1776214258.146,58.146,0.61,5.0,0.6,5.0,0.74,12.29,0.75,15.0,0.26,12.29,0.25,15.0,0.39,5.0,0.4,5.0,0.13,0.13,43.661833,1776214257000
1776214260.072,60.072,0.61,5.0,0.6,5.0,0.74,12.29,0.75,15.0,0.26,12.29,0.25,15.0,0.39,5.0,0.4,5.0,0.13,0.13,43.661438,1776214258000
1776214260.616,60.616,0.61,5.0,0.6,5.0,0.74,12.29,0.75,15.0,0.26,12.29,0.25,15.0,0.39,5.0,0.4,5.0,0.13,0.13,43.663083,1776214259000
1776214261.369,61.369,0.61,5.0,0.6,5.0,0.74,12.29,0.75,15.0,0.26,12.29,0.25,15.0,0.39,5.0,0.4,5.0,0.13,0.13,43.66338,1776214260000
1776214262.942,62.942,0.61,5.0,0.6,5.0,0.74,12.29,0.75,15.0,0.26,12.29,0.25,15.0,0.39,5.0,0.4,5.0,0.13,0.13,43.663637,1776214261000
1776214263.69,63.69,0.61,5.0,0.6,5.0,0.74,12.29,0.75,15.0,0.26,12.29,0.25,15.0,0.39,5.0,0.4,5.0,0.13,0.13,43.66338,1776214262000
1776214264.298,64.298,0.61,5.0,0.6,5.0,0.74,12.29,0.75,15.0,0.26,12.29,0.25,15.0,0.39,5.0,0.4,5.0,0.13,0.13,43.6632,1776214263000
1776214265.75,65.75,0.61,5.0,0.6,5.0,0.74,12.29,0.75,15.0,0.26,12.29,0.25,15.0,0.39,5.0,0.4,5.0,0.13,0.13,43.659831,1776214264000
1776214266.467,66.467,0.61,5.0,0.6,5.0,0.74,12.29,0.75,15.0,0.26,12.29,0.25,15.0,0.39,5.0,0.4,5.0,0.13,0.13,43.659586,1776214265000
1776214267.171,67.171,0.61,5.0,0.6,5.0,0.74,12.29,0.75,15.0,0.26,12.29,0.25,15.0,0.39,5.0,0.4,5.0,0.13,0.13,43.660209,1776214266000
1776214268.648,68.648,0.61,5.0,0.6,5.0,0.74,12.29,0.75,15.0,0.26,12.29,0.25,15.0,0.39,5.0,0.4,5.0,0.13,0.13,43.661578,1776214267000
1776214269.246,69.246,0.61,5.0,0.6,5.0,0.74,12.29,0.75,15.0,0.26,12.29,0.25,15.0,0.39,5.0,0.4,5.0,0.13,0.13,43.662612,1776214268000
1776214269.916,69.916,0.61,5.0,0.6,5.0,0.74,12.29,0.75,15.0,0.26,12.29,0.25,15.0,0.39,5.0,0.4,5.0,0.13,0.13,43.662612,1776214269000
1776214271.221,71.221,0.61,5.0,0.6,5.0,0.74,12.29,0.75,15.0,0.26,12.29,0.25,15.0,0.39,5.0,0.4,5.0,0.13,0.13,43.664544,1776214270000
1776214272.057,72.057,0.61,5.0,0.6,5.0,0.74,12.29,0.75,15.0,0.26,12.29,0.25,15.0,0.39,5.0,0.4,5.0,0.13,0.13,43.664805,1776214271000
1776214273.453,73.453,0.61,5.0,0.6,5.0,0.74,12.29,0.75,15.0,0.26,12.29,0.25,15.0,0.39,5.0,0.4,5.0,0.13,0.13,43.6711,1776214272000
1776214274.311,74.311,0.63,4.29,0.62,20.0,0.83,15.0,0.84,15.0,0.17,15.0,0.16,15.0,0.37,4.29,0.38,20.0,0.2,0.2,43.6711,1776214273000
1776214276.102,76.102,0.63,4.29,0.62,20.0,0.83,15.0,0.84,15.0,0.17,15.0,0.16,15.0,0.37,4.29,0.38,20.0,0.2,0.2,43.673939,1776214274000
1776214276.829,76.829,0.63,4.29,0.62,20.0,0.83,15.0,0.84,15.0,0.17,15.0,0.16,15.0,0.37,4.29,0.38,20.0,0.2,0.2,43.677212,1776214275000
1776214277.596,77.596,0.63,4.29,0.62,20.0,0.83,15.0,0.84,15.0,0.17,15.0,0.16,15.0,0.37,4.29,0.38,20.0,0.2,0.2,43.678826,1776214276000
1776214278.801,78.801,0.63,4.29,0.62,20.0,0.83,15.0,0.84,15.0,0.17,15.0,0.16,15.0,0.37,4.29,0.38,20.0,0.2,0.2,43.680469,1776214277000
1776214279.485,79.485,0.63,4.29,0.62,20.0,0.83,15.0,0.84,15.0,0.17,15.0,0.16,15.0,0.37,4.29,0.38,20.0,0.2,0.2,43.68139,1776214278000
1776214280.284,80.284,0.63,4.29,0.62,20.0,0.83,15.0,0.84,15.0,0.17,15.0,0.16,15.0,0.37,4.29,0.38,20.0,0.2,0.2,43.681363,1776214279000
1776214281.529,81.529,0.63,4.29,0.62,20.0,0.83,15.0,0.84,15.0,0.17,15.0,0.16,15.0,0.37,4.29,0.38,20.0,0.2,0.2,43.680633,1776214280000
1776214282.209,82.209,0.63,4.29,0.62,20.0,0.83,15.0,0.84,15.0,0.17,15.0,0.16,15.0,0.37,4.29,0.38,20.0,0.2,0.2,43.676364,1776214281000
1776214283.279,83.279,0.63,4.29,0.62,20.0,0.83,15.0,0.84,15.0,0.17,15.0,0.16,15.0,0.37,4.29,0.38,20.0,0.2,0.2,43.675232,1776214282000
1776214284.432,84.432,0.63,4.29,0.62,20.0,0.83,15.0,0.84,15.0,0.17,15.0,0.16,15.0,0.37,4.29,0.38,20.0,0.2,0.2,43.675234,1776214283000
1776214284.954,84.954,0.63,4.29,0.62,20.0,0.83,15.0,0.84,15.0,0.17,15.0,0.16,15.0,0.37,4.29,0.38,20.0,0.2,0.2,43.675954,1776214284000
1776214286.146,86.146,0.63,4.29,0.62,20.0,0.83,15.0,0.84,15.0,0.17,15.0,0.16,15.0,0.37,4.29,0.38,20.0,0.2,0.2,43.675918,1776214285000
1776214287.17,87.17,0.63,4.29,0.62,20.0,0.83,15.0,0.84,15.0,0.17,15.0,0.16,15.0,0.37,4.29,0.38,20.0,0.2,0.2,43.675464,1776214286000
1776214288.336,88.336,0.63,4.29,0.62,20.0,0.83,15.0,0.84,15.0,0.17,15.0,0.16,15.0,0.37,4.29,0.38,20.0,0.2,0.2,43.674463,1776214287000
1776214289.407,89.407,0.63,4.29,0.62,20.0,0.83,15.0,0.84,15.0,0.17,15.0,0.16,15.0,0.37,4.29,0.38,20.0,0.2,0.2,43.673902,1776214288000
1776214290.007,90.007,0.63,4.29,0.62,20.0,0.83,15.0,0.84,15.0,0.17,15.0,0.16,15.0,0.37,4.29,0.38,20.0,0.2,0.2,43.672431,1776214289000
1776214291.023,91.023,0.63,4.29,0.62,20.0,0.83,15.0,0.84,15.0,0.17,15.0,0.16,15.0,0.37,4.29,0.38,20.0,0.2,0.2,43.672208,1776214290000
1776214292.156,92.156,0.63,4.29,0.62,20.0,0.83,15.0,0.84,15.0,0.17,15.0,0.16,15.0,0.37,4.29,0.38,20.0,0.2,0.2,43.671429,1776214291000
1776214294.296,94.296,0.63,4.29,0.62,20.0,0.83,15.0,0.84,15.0,0.17,15.0,0.16,15.0,0.37,4.29,0.38,20.0,0.2,0.2,43.671865,1776214293000
1776214295.249,95.249,0.63,4.29,0.62,20.0,0.83,15.0,0.84,15.0,0.17,15.0,0.16,15.0,0.37,4.29,0.38,20.0,0.2,0.2,43.672312,1776214294000
1776214296.264,96.264,0.63,4.29,0.62,20.0,0.83,15.0,0.84,15.0,0.17,15.0,0.16,15.0,0.37,4.29,0.38,20.0,0.2,0.2,43.672312,1776214295000
1776214297.356,97.356,0.63,4.29,0.62,20.0,0.83,15.0,0.84,15.0,0.17,15.0,0.16,15.0,0.37,4.29,0.38,20.0,0.2,0.2,43.672335,1776214296000
1776214297.822,97.822,0.63,4.29,0.62,20.0,0.83,15.0,0.84,15.0,0.17,15.0,0.16,15.0,0.37,4.29,0.38,20.0,0.2,0.2,43.672263,1776214297000
1776214298.825,98.825,0.63,4.29,0.62,20.0,0.83,15.0,0.84,15.0,0.17,15.0,0.16,15.0,0.37,4.29,0.38,20.0,0.2,0.2,43.673131,1776214298000
1776214299.935,99.935,0.63,4.29,0.62,20.0,0.83,15.0,0.84,15.0,0.17,15.0,0.16,15.0,0.37,4.29,0.38,20.0,0.2,0.2,43.674977,1776214299000
1776214300.932,100.932,0.63,4.29,0.62,20.0,0.83,15.0,0.84,15.0,0.17,15.0,0.16,15.0,0.37,4.29,0.38,20.0,0.2,0.2,43.674174,1776214300000
1776214301.919,101.919,0.63,4.29,0.62,20.0,0.83,15.0,0.84,15.0,0.17,15.0,0.16,15.0,0.37,4.29,0.38,20.0,0.2,0.2,43.674174,1776214301000
1776214302.93,102.93,0.63,4.29,0.62,20.0,0.83,15.0,0.84,15.0,0.17,15.0,0.16,15.0,0.37,4.29,0.38,20.0,0.2,0.2,43.673205,1776214302000
1776214303.903,103.903,0.68,15.0,0.67,15.0,0.79,5.49,0.8,15.0,0.21,5.49,0.2,15.0,0.32,15.0,0.33,15.0,0.11,0.11,43.672745,1776214303000
1776214304.822,104.822,0.68,15.0,0.67,15.0,0.79,5.49,0.8,15.0,0.21,5.49,0.2,15.0,0.32,15.0,0.33,15.0,0.11,0.11,43.672459,1776214304000
1776214306.905,106.905,0.68,15.0,0.67,15.0,0.79,5.49,0.8,15.0,0.21,5.49,0.2,15.0,0.32,15.0,0.33,15.0,0.11,0.11,43.671453,1776214305000
1776214307.546,107.546,0.68,15.0,0.67,15.0,0.79,5.49,0.8,15.0,0.21,5.49,0.2,15.0,0.32,15.0,0.33,15.0,0.11,0.11,43.667508,1776214306000
1776214308.385,108.385,0.68,15.0,0.67,15.0,0.79,5.49,0.8,15.0,0.21,5.49,0.2,15.0,0.32,15.0,0.33,15.0,0.11,0.11,43.66519,1776214307000
1776214308.894,108.894,0.68,15.0,0.67,15.0,0.79,5.49,0.8,15.0,0.21,5.49,0.2,15.0,0.32,15.0,0.33,15.0,0.11,0.11,43.669544,1776214308000
1776214310.762,110.762,0.68,15.0,0.67,15.0,0.79,5.49,0.8,15.0,0.21,5.49,0.2,15.0,0.32,15.0,0.33,15.0,0.11,0.11,43.6815,1776214309000
1776214311.417,111.417,0.68,15.0,0.67,15.0,0.79,5.49,0.8,15.0,0.21,5.49,0.2,15.0,0.32,15.0,0.33,15.0,0.11,0.11,43.682685,1776214310000
1776214312.181,112.181,0.68,15.0,0.67,15.0,0.79,5.49,0.8,15.0,0.21,5.49,0.2,15.0,0.32,15.0,0.33,15.0,0.11,0.11,43.683264,1776214311000
1776214313.439,113.439,0.68,15.0,0.67,15.0,0.79,5.49,0.8,15.0,0.21,5.49,0.2,15.0,0.32,15.0,0.33,15.0,0.11,0.11,43.683305,1776214312000
1776214314.214,114.214,0.68,15.0,0.67,15.0,0.79,5.49,0.8,15.0,0.21,5.49,0.2,15.0,0.32,15.0,0.33,15.0,0.11,0.11,43.683305,1776214313000
1776214315.63,115.63,0.68,15.0,0.67,15.0,0.79,5.49,0.8,15.0,0.21,5.49,0.2,15.0,0.32,15.0,0.33,15.0,0.11,0.11,43.684509,1776214314000
1776214316.172,116.172,0.68,15.0,0.67,15.0,0.79,5.49,0.8,15.0,0.21,5.49,0.2,15.0,0.32,15.0,0.33,15.0,0.11,0.11,43.684509,1776214315000
1776214317.354,117.354,0.68,15.0,0.67,15.0,0.79,5.49,0.8,15.0,0.21,5.49,0.2,15.0,0.32,15.0,0.33,15.0,0.11,0.11,43.6845,1776214316000
1776214318.184,118.184,0.68,15.0,0.67,15.0,0.79,5.49,0.8,15.0,0.21,5.49,0.2,15.0,0.32,15.0,0.33,15.0,0.11,0.11,43.6845,1776214317000
1776214319.458,119.458,0.68,15.0,0.67,15.0,0.79,5.49,0.8,15.0,0.21,5.49,0.2,15.0,0.32,15.0,0.33,15.0,0.11,0.11,43.684187,1776214318000
1776214320.157,120.157,0.68,15.0,0.67,15.0,0.79,5.49,0.8,15.0,0.21,5.49,0.2,15.0,0.32,15.0,0.33,15.0,0.11,0.11,43.684214,1776214319000
1776214321.259,121.259,0.68,15.0,0.67,15.0,0.79,5.49,0.8,15.0,0.21,5.49,0.2,15.0,0.32,15.0,0.33,15.0,0.11,0.11,43.684214,1776214320000
1776214322.668,122.668,0.68,15.0,0.67,15.0,0.79,5.49,0.8,15.0,0.21,5.49,0.2,15.0,0.32,15.0,0.33,15.0,0.11,0.11,43.684018,1776214321000
1776214323.122,123.122,0.68,15.0,0.67,15.0,0.79,5.49,0.8,15.0,0.21,5.49,0.2,15.0,0.32,15.0,0.33,15.0,0.11,0.11,43.684155,1776214322000
1776214324.129,124.129,0.68,15.0,0.67,15.0,0.79,5.49,0.8,15.0,0.21,5.49,0.2,15.0,0.32,15.0,0.33,15.0,0.11,0.11,43.684527,1776214323000
1776214325.117,125.117,0.68,15.0,0.67,15.0,0.79,5.49,0.8,15.0,0.21,5.49,0.2,15.0,0.32,15.0,0.33,15.0,0.11,0.11,43.683743,1776214324000
1776214326.09,126.09,0.68,15.0,0.67,15.0,0.79,5.49,0.8,15.0,0.21,5.49,0.2,15.0,0.32,15.0,0.33,15.0,0.11,0.11,43.682586,1776214325000
1776214327.122,127.122,0.68,15.0,0.67,15.0,0.79,5.49,0.8,15.0,0.21,5.49,0.2,15.0,0.32,15.0,0.33,15.0,0.11,0.11,43.681599,1776214326000
1776214328.12,128.12,0.68,15.0,0.67,15.0,0.79,5.49,0.8,15.0,0.21,5.49,0.2,15.0,0.32,15.0,0.33,15.0,0.11,0.11,43.682685,1776214327000
1776214329.074,129.074,0.68,15.0,0.67,15.0,0.79,5.49,0.8,15.0,0.21,5.49,0.2,15.0,0.32,15.0,0.33,15.0,0.11,0.11,43.676827,1776214328000
1776214330.071,130.071,0.68,15.0,0.67,15.0,0.79,5.49,0.8,15.0,0.21,5.49,0.2,15.0,0.32,15.0,0.33,15.0,0.11,0.11,43.673731,1776214329000
1776214331.043,131.043,0.68,15.0,0.67,15.0,0.79,5.49,0.8,15.0,0.21,5.49,0.2,15.0,0.32,15.0,0.33,15.0,0.11,0.11,43.667142,1776214330000
1776214332.081,132.081,0.68,15.0,0.67,15.0,0.79,5.49,0.8,15.0,0.21,5.49,0.2,15.0,0.32,15.0,0.33,15.0,0.11,0.11,43.665366,1776214331000
1776214333.252,133.252,0.68,15.0,0.67,15.0,0.79,5.49,0.8,15.0,0.21,5.49,0.2,15.0,0.32,15.0,0.33,15.0,0.11,0.11,43.664962,1776214332000
1776214333.719,133.719,0.67,15.0,0.66,15.0,0.78,9.48,0.79,15.0,0.21,5.49,0.2,15.0,0.32,15.0,0.33,15.0,0.11,0.11,43.664962,1776214332000
1776214334.087,134.087,0.67,15.0,0.66,15.0,0.78,9.48,0.79,15.0,0.22,9.48,0.21,15.0,0.33,15.0,0.34,15.0,0.11,0.11,43.663883,1776214333000
1776214335.18,135.18,0.67,15.0,0.66,15.0,0.78,9.48,0.79,15.0,0.22,9.48,0.21,15.0,0.33,15.0,0.34,15.0,0.11,0.11,43.663379,1776214334000
1776214336.289,136.289,0.67,15.0,0.66,15.0,0.78,9.48,0.79,15.0,0.22,9.48,0.21,15.0,0.33,15.0,0.34,15.0,0.11,0.11,43.663145,1776214335000
1776214337.327,137.327,0.67,15.0,0.66,15.0,0.78,9.48,0.79,15.0,0.22,9.48,0.21,15.0,0.33,15.0,0.34,15.0,0.11,0.11,43.663139,1776214336000
1776214337.88,137.88,0.67,15.0,0.66,15.0,0.78,9.48,0.79,15.0,0.22,9.48,0.21,15.0,0.33,15.0,0.34,15.0,0.11,0.11,43.659379,1776214337000
1776214338.855,138.855,0.67,15.0,0.66,15.0,0.78,9.48,0.79,15.0,0.22,9.48,0.21,15.0,0.33,15.0,0.34,15.0,0.11,0.11,43.659174,1776214338000
1776214339.867,139.867,0.67,15.0,0.66,15.0,0.78,9.48,0.79,15.0,0.22,9.48,0.21,15.0,0.33,15.0,0.34,15.0,0.11,0.11,43.657849,1776214339000
1776214341.28,141.28,0.67,15.0,0.66,15.0,0.78,9.48,0.79,15.0,0.22,9.48,0.21,15.0,0.33,15.0,0.34,15.0,0.11,0.11,43.657011,1776214340000
1776214342.301,142.301,0.67,15.0,0.66,15.0,0.78,9.48,0.79,15.0,0.22,9.48,0.21,15.0,0.33,15.0,0.34,15.0,0.11,0.11,43.657166,1776214341000
1776214343.337,143.337,0.67,15.0,0.66,15.0,0.78,9.48,0.79,15.0,0.22,9.48,0.21,15.0,0.33,15.0,0.34,15.0,0.11,0.11,43.657224,1776214342000
1776214344.262,144.262,0.67,15.0,0.66,15.0,0.78,9.48,0.79,15.0,0.22,9.48,0.21,15.0,0.33,15.0,0.34,15.0,0.11,0.11,43.65477,1776214343000
1776214345.298,145.298,0.67,15.0,0.66,15.0,0.78,9.48,0.79,15.0,0.22,9.48,0.21,15.0,0.33,15.0,0.34,15.0,0.11,0.11,43.652916,1776214344000
1776214346.28,146.28,0.67,15.0,0.66,15.0,0.78,9.48,0.79,15.0,0.22,9.48,0.21,15.0,0.33,15.0,0.34,15.0,0.11,0.11,43.652763,1776214345000
1776214347.187,147.187,0.67,15.0,0.66,15.0,0.78,9.48,0.79,15.0,0.22,9.48,0.21,15.0,0.33,15.0,0.34,15.0,0.11,0.11,43.653006,1776214346000
1776214348.187,148.187,0.67,15.0,0.66,15.0,0.78,9.48,0.79,15.0,0.22,9.48,0.21,15.0,0.33,15.0,0.34,15.0,0.11,0.11,43.651793,1776214347000
1776214349.175,149.175,0.67,15.0,0.66,15.0,0.78,9.48,0.79,15.0,0.22,9.48,0.21,15.0,0.33,15.0,0.34,15.0,0.11,0.11,43.65193,1776214348000
1776214350.252,150.252,0.67,15.0,0.66,15.0,0.78,9.48,0.79,15.0,0.22,9.48,0.21,15.0,0.33,15.0,0.34,15.0,0.11,0.11,43.651875,1776214349000
1776214351.551,151.551,0.67,15.0,0.66,15.0,0.78,9.48,0.79,15.0,0.22,9.48,0.21,15.0,0.33,15.0,0.34,15.0,0.11,0.11,43.651875,1776214350000
1776214352.097,152.097,0.67,15.0,0.66,15.0,0.78,9.48,0.79,15.0,0.22,9.48,0.21,15.0,0.33,15.0,0.34,15.0,0.11,0.11,43.651118,1776214351000
1776214353.193,153.193,0.67,15.0,0.66,15.0,0.78,9.48,0.79,15.0,0.22,9.48,0.21,15.0,0.33,15.0,0.34,15.0,0.11,0.11,43.647421,1776214352000
1776214354.35,154.35,0.67,15.0,0.66,15.0,0.78,9.48,0.79,15.0,0.22,9.48,0.21,15.0,0.33,15.0,0.34,15.0,0.11,0.11,43.647073,1776214353000
1776214354.926,154.926,0.67,15.0,0.66,15.0,0.78,9.48,0.79,15.0,0.22,9.48,0.21,15.0,0.33,15.0,0.34,15.0,0.11,0.11,43.647073,1776214354000
1776214355.982,155.982,0.67,15.0,0.66,15.0,0.78,9.48,0.79,15.0,0.22,9.48,0.21,15.0,0.33,15.0,0.34,15.0,0.11,0.11,43.649577,1776214355000
1776214357.061,157.061,0.67,15.0,0.66,15.0,0.78,9.48,0.79,15.0,0.22,9.48,0.21,15.0,0.33,15.0,0.34,15.0,0.11,0.11,43.654492,1776214356000
1776214358.209,158.209,0.67,15.0,0.66,15.0,0.78,9.48,0.79,15.0,0.22,9.48,0.21,15.0,0.33,15.0,0.34,15.0,0.11,0.11,43.654937,1776214357000
1776214359.324,159.324,0.67,15.0,0.66,15.0,0.78,9.48,0.79,15.0,0.22,9.48,0.21,15.0,0.33,15.0,0.34,15.0,0.11,0.11,43.655228,1776214358000
1776214359.897,159.897,0.67,15.0,0.66,15.0,0.78,9.48,0.79,15.0,0.22,9.48,0.21,15.0,0.33,15.0,0.34,15.0,0.11,0.11,43.654434,1776214359000
1776214361.073,161.073,0.67,15.0,0.66,15.0,0.78,9.48,0.79,15.0,0.22,9.48,0.21,15.0,0.33,15.0,0.34,15.0,0.11,0.11,43.644888,1776214360000
1776214362.122,162.122,0.67,15.0,0.66,15.0,0.78,9.48,0.79,15.0,0.22,9.48,0.21,15.0,0.33,15.0,0.34,15.0,0.11,0.11,43.645329,1776214361000
1776214363.175,163.175,0.67,15.0,0.66,15.0,0.78,9.48,0.79,15.0,0.22,9.48,0.21,15.0,0.33,15.0,0.34,15.0,0.11,0.11,43.649023,1776214362000
1776214364.78,164.78,0.67,15.0,0.66,15.0,0.78,9.48,0.79,15.0,0.22,9.48,0.21,15.0,0.33,15.0,0.34,15.0,0.11,0.11,43.662188,1776214363000
1776214365.392,165.392,0.67,15.0,0.66,15.0,0.78,9.48,0.79,15.0,0.22,9.48,0.21,15.0,0.33,15.0,0.34,15.0,0.11,0.11,43.664934,1776214364000
1776214366.624,166.624,0.67,15.0,0.66,15.0,0.78,9.48,0.79,15.0,0.22,9.48,0.21,15.0,0.33,15.0,0.34,15.0,0.11,0.11,43.666899,1776214365000
1776214367.113,167.113,0.67,15.0,0.66,15.0,0.78,9.48,0.79,15.0,0.22,9.48,0.21,15.0,0.33,15.0,0.34,15.0,0.11,0.11,43.666899,1776214366000
1776214368.144,168.144,0.67,15.0,0.66,15.0,0.78,9.48,0.79,15.0,0.22,9.48,0.21,15.0,0.33,15.0,0.34,15.0,0.11,0.11,43.669084,1776214367000
1776214369.511,169.511,0.67,15.0,0.66,15.0,0.78,9.48,0.79,15.0,0.22,9.48,0.21,15.0,0.33,15.0,0.34,15.0,0.11,0.11,43.668826,1776214368000
1776214370.197,170.197,0.67,15.0,0.66,15.0,0.78,9.48,0.79,15.0,0.22,9.48,0.21,15.0,0.33,15.0,0.34,15.0,0.11,0.11,43.668826,1776214369000
1776214371.316,171.316,0.67,15.0,0.66,15.0,0.78,9.48,0.79,15.0,0.22,9.48,0.21,15.0,0.33,15.0,0.34,15.0,0.11,0.11,43.667845,1776214370000
1776214372.49,172.49,0.67,15.0,0.66,15.0,0.78,9.48,0.79,15.0,0.22,9.48,0.21,15.0,0.33,15.0,0.34,15.0,0.11,0.11,43.668059,1776214371000
1776214373.16,173.16,0.67,15.0,0.66,15.0,0.78,9.48,0.79,15.0,0.22,9.48,0.21,15.0,0.33,15.0,0.34,15.0,0.11,0.11,43.666829,1776214372000
1776214374.29,174.29,0.67,15.0,0.66,15.0,0.78,9.48,0.79,15.0,0.22,9.48,0.21,15.0,0.33,15.0,0.34,15.0,0.11,0.11,43.667358,1776214373000
1776214375.415,175.415,0.67,15.0,0.66,15.0,0.78,9.48,0.79,15.0,0.22,9.48,0.21,15.0,0.33,15.0,0.34,15.0,0.11,0.11,43.66593,1776214374000
1776214376.074,176.074,0.67,15.0,0.66,15.0,0.78,9.48,0.79,15.0,0.22,9.48,0.21,15.0,0.33,15.0,0.34,15.0,0.11,0.11,43.665931,1776214375000
1776214377.259,177.259,0.67,15.0,0.66,15.0,0.78,9.48,0.79,15.0,0.22,9.48,0.21,15.0,0.33,15.0,0.34,15.0,0.11,0.11,43.666718,1776214376000
1776214378.341,178.341,0.67,15.0,0.66,15.0,0.78,9.48,0.79,15.0,0.22,9.48,0.21,15.0,0.33,15.0,0.34,15.0,0.11,0.11,43.667398,1776214377000
1776214379.074,179.074,0.67,15.0,0.66,15.0,0.78,9.48,0.79,15.0,0.22,9.48,0.21,15.0,0.33,15.0,0.34,15.0,0.11,0.11,43.667519,1776214378000
1776214380.024,180.024,0.67,15.0,0.66,15.0,0.78,9.48,0.79,15.0,0.22,9.48,0.21,15.0,0.33,15.0,0.34,15.0,0.11,0.11,43.667319,1776214379000
1776214381.241,181.241,0.67,15.0,0.66,15.0,0.78,9.48,0.79,15.0,0.22,9.48,0.21,15.0,0.33,15.0,0.34,15.0,0.11,0.11,43.667834,1776214380000
1776214382.365,182.365,0.67,15.0,0.66,15.0,0.78,9.48,0.79,15.0,0.22,9.48,0.21,15.0,0.33,15.0,0.34,15.0,0.11,0.11,43.667189,1776214381000
1776214382.943,182.943,0.67,15.0,0.66,15.0,0.78,9.48,0.79,15.0,0.22,9.48,0.21,15.0,0.33,15.0,0.34,15.0,0.11,0.11,43.665564,1776214382000
1776214383.992,183.992,0.67,15.0,0.66,15.0,0.78,9.48,0.79,15.0,0.22,9.48,0.21,15.0,0.33,15.0,0.34,15.0,0.11,0.11,43.665229,1776214383000
1776214384.867,184.867,0.76,15.0,0.75,15.0,0.85,10.0,0.86,15.0,0.22,9.48,0.21,15.0,0.33,15.0,0.34,15.0,0.09,0.11,43.665229,1776214383000
1776214385.127,185.127,0.76,15.0,0.75,15.0,0.85,10.0,0.86,15.0,0.15,10.0,0.14,15.0,0.24,15.0,0.25,15.0,0.09,0.09,43.66504,1776214384000
1776214386.23,186.23,0.76,15.0,0.75,15.0,0.85,10.0,0.86,15.0,0.15,10.0,0.14,15.0,0.24,15.0,0.25,15.0,0.09,0.09,43.664815,1776214385000
1776214387.274,187.274,0.76,15.0,0.75,15.0,0.85,10.0,0.86,15.0,0.15,10.0,0.14,15.0,0.24,15.0,0.25,15.0,0.09,0.09,43.665114,1776214386000
1776214388.461,188.461,0.76,15.0,0.75,15.0,0.85,10.0,0.86,15.0,0.15,10.0,0.14,15.0,0.24,15.0,0.25,15.0,0.09,0.09,43.677762,1776214387000
1776214389.098,189.098,0.76,15.0,0.75,15.0,0.85,10.0,0.86,15.0,0.15,10.0,0.14,15.0,0.24,15.0,0.25,15.0,0.09,0.09,43.679674,1776214388000
1776214390.259,190.259,0.76,15.0,0.75,15.0,0.85,10.0,0.86,15.0,0.15,10.0,0.14,15.0,0.24,15.0,0.25,15.0,0.09,0.09,43.681401,1776214389000
1776214391.421,191.421,0.76,15.0,0.75,15.0,0.85,10.0,0.86,15.0,0.15,10.0,0.14,15.0,0.24,15.0,0.25,15.0,0.09,0.09,43.68395,1776214390000
1776214391.91,191.91,0.76,15.0,0.75,15.0,0.85,10.0,0.86,15.0,0.15,10.0,0.14,15.0,0.24,15.0,0.25,15.0,0.09,0.09,43.68395,1776214391000
1776214393.023,193.023,0.76,15.0,0.75,15.0,0.85,10.0,0.86,15.0,0.15,10.0,0.14,15.0,0.24,15.0,0.25,15.0,0.09,0.09,43.684939,1776214392000
1776214394.834,194.834,0.76,15.0,0.75,15.0,0.85,10.0,0.86,15.0,0.15,10.0,0.14,15.0,0.24,15.0,0.25,15.0,0.09,0.09,43.685873,1776214393000
1776214395.349,195.349,0.76,15.0,0.75,15.0,0.85,10.0,0.86,15.0,0.15,10.0,0.14,15.0,0.24,15.0,0.25,15.0,0.09,0.09,43.68579,1776214394000
1776214395.893,195.893,0.89,12.35,0.88,15.0,0.94,15.0,0.95,15.0,0.06,15.0,0.05,15.0,0.11,12.35,0.12,15.0,0.05,0.05,43.68579,1776214395000
1776214397.043,197.043,0.89,12.35,0.88,15.0,0.94,15.0,0.95,15.0,0.06,15.0,0.05,15.0,0.11,12.35,0.12,15.0,0.05,0.05,43.686078,1776214396000
1776214397.447,197.447,0.92,1.87,0.91,15.0,0.96,15.0,0.97,115.0,0.06,15.0,0.05,15.0,0.11,12.35,0.12,15.0,0.04,0.05,43.686078,1776214396000
1776214398.292,198.292,0.91,15.0,0.9,15.0,0.92,11.26,0.96,15.0,0.08,11.26,0.04,15.0,0.09,15.0,0.1,15.0,0.01,0.01,43.691677,1776214397000
1776214398.902,198.902,0.91,15.0,0.9,15.0,0.92,11.26,0.96,15.0,0.08,11.26,0.04,15.0,0.09,15.0,0.1,15.0,0.01,0.01,43.693578,1776214398000
1776214399.748,199.748,0.91,15.0,0.9,15.0,0.92,10.17,0.96,15.0,0.08,11.26,0.04,15.0,0.09,15.0,0.1,15.0,0.01,0.01,43.693578,1776214398000
1776214400.126,200.126,0.91,15.0,0.9,15.0,0.92,10.17,0.96,15.0,0.08,10.17,0.04,15.0,0.09,15.0,0.1,15.0,0.01,0.01,43.694258,1776214399000
1776214401.374,201.374,0.91,15.0,0.9,15.0,0.92,10.17,0.96,15.0,0.08,10.17,0.04,15.0,0.09,15.0,0.1,15.0,0.01,0.01,43.694275,1776214400000
1776214402.402,202.402,0.91,15.0,0.9,15.0,0.96,5.17,0.97,115.0,0.04,5.17,0.03,115.0,0.09,15.0,0.1,15.0,0.05,0.05,43.694605,1776214401000
1776214403.07,203.07,0.91,15.0,0.9,15.0,0.96,5.17,0.97,115.0,0.04,5.17,0.03,115.0,0.09,15.0,0.1,15.0,0.05,0.05,43.694683,1776214402000
1776214404.265,204.265,0.91,15.0,0.9,15.0,0.96,5.17,0.97,115.0,0.04,5.17,0.03,115.0,0.09,15.0,0.1,15.0,0.05,0.05,43.694762,1776214403000
1776214405.431,205.431,0.91,15.0,0.9,15.0,0.96,5.17,0.97,115.0,0.04,5.17,0.03,115.0,0.09,15.0,0.1,15.0,0.05,0.05,43.694469,1776214404000
1776214405.995,205.995,0.91,15.0,0.9,15.0,0.96,5.17,0.97,115.0,0.04,5.17,0.03,115.0,0.09,15.0,0.1,15.0,0.05,0.05,43.694469,1776214405000
1776214407.131,207.131,0.91,15.0,0.9,15.0,0.96,5.17,0.97,115.0,0.04,5.17,0.03,115.0,0.09,15.0,0.1,15.0,0.05,0.05,43.694612,1776214406000
1776214408.541,208.541,0.91,15.0,0.9,15.0,0.96,5.17,0.97,115.0,0.04,5.17,0.03,115.0,0.09,15.0,0.1,15.0,0.05,0.05,43.694386,1776214407000
1776214409.693,209.693,0.91,15.0,0.9,15.0,0.96,5.17,0.97,115.0,0.04,5.17,0.03,115.0,0.09,15.0,0.1,15.0,0.05,0.05,43.694223,1776214408000
1776214410.726,210.726,0.91,15.0,0.9,15.0,0.96,5.17,0.97,115.0,0.04,5.17,0.03,115.0,0.09,15.0,0.1,15.0,0.05,0.05,43.694011,1776214409000
1776214411.271,211.271,0.91,15.0,0.9,15.0,0.96,5.17,0.97,115.0,0.04,5.17,0.03,115.0,0.09,15.0,0.1,15.0,0.05,0.05,43.692844,1776214410000
1776214412.419,212.419,0.91,15.0,0.9,15.0,0.96,5.17,0.97,115.0,0.04,5.17,0.03,115.0,0.09,15.0,0.1,15.0,0.05,0.05,43.691701,1776214411000
1776214412.892,212.892,0.91,15.0,0.9,15.0,0.96,5.17,0.97,115.0,0.04,5.17,0.03,115.0,0.09,15.0,0.1,15.0,0.05,0.05,43.687087,1776214412000
1776214413.906,213.906,0.91,15.0,0.9,15.0,0.96,5.17,0.97,115.0,0.04,5.17,0.03,115.0,0.09,15.0,0.1,15.0,0.05,0.05,43.685711,1776214413000
1776214415.022,215.022,0.91,15.0,0.9,15.0,0.96,5.17,0.97,115.0,0.04,5.17,0.03,115.0,0.09,15.0,0.1,15.0,0.05,0.05,43.685252,1776214414000
1776214416.014,216.014,0.91,15.0,0.9,15.0,0.96,5.17,0.97,115.0,0.04,5.17,0.03,115.0,0.09,15.0,0.1,15.0,0.05,0.05,43.685896,1776214415000
1776214417.028,217.028,0.91,15.0,0.9,15.0,0.96,5.17,0.97,115.0,0.04,5.17,0.03,115.0,0.09,15.0,0.1,15.0,0.05,0.05,43.685766,1776214416000
1776214418.109,218.109,0.91,15.0,0.9,15.0,0.96,5.17,0.97,115.0,0.04,5.17,0.03,115.0,0.09,15.0,0.1,15.0,0.05,0.05,43.685659,1776214417000
1776214419.05,219.05,0.91,15.0,0.9,15.0,0.96,5.17,0.97,115.0,0.04,5.17,0.03,115.0,0.09,15.0,0.1,15.0,0.05,0.05,43.685354,1776214418000
1776214420.04,220.04,0.91,15.0,0.9,15.0,0.96,5.17,0.97,115.0,0.04,5.17,0.03,115.0,0.09,15.0,0.1,15.0,0.05,0.05,43.685244,1776214419000
1776214421.094,221.094,0.91,15.0,0.9,15.0,0.96,5.17,0.97,115.0,0.04,5.17,0.03,115.0,0.09,15.0,0.1,15.0,0.05,0.05,43.684788,1776214420000
1776214422.025,222.025,0.91,15.0,0.9,15.0,0.96,5.17,0.97,115.0,0.04,5.17,0.03,115.0,0.09,15.0,0.1,15.0,0.05,0.05,43.684842,1776214421000
1776214423.047,223.047,0.91,15.0,0.9,15.0,0.96,5.17,0.97,115.0,0.04,5.17,0.03,115.0,0.09,15.0,0.1,15.0,0.05,0.05,43.683523,1776214422000
1776214424.065,224.065,0.91,15.0,0.9,15.0,0.96,5.17,0.97,115.0,0.04,5.17,0.03,115.0,0.09,15.0,0.1,15.0,0.05,0.05,43.684364,1776214423000
1776214425.298,225.298,0.91,15.0,0.9,15.0,0.96,5.17,0.97,115.0,0.04,5.17,0.03,115.0,0.09,15.0,0.1,15.0,0.05,0.05,43.683661,1776214424000
1776214426.582,226.582,0.91,15.0,0.9,15.0,0.96,5.17,0.97,115.0,0.04,5.17,0.03,115.0,0.09,15.0,0.1,15.0,0.05,0.05,43.683357,1776214425000
1776214427.246,227.246,0.91,15.0,0.9,15.0,0.96,5.17,0.97,115.0,0.04,5.17,0.03,115.0,0.09,15.0,0.1,15.0,0.05,0.05,43.68317,1776214426000
1776214428.615,228.615,0.91,15.0,0.9,15.0,0.96,5.17,0.97,115.0,0.04,5.17,0.03,115.0,0.09,15.0,0.1,15.0,0.05,0.05,43.683044,1776214427000
1776214429.202,229.202,0.91,15.0,0.9,15.0,0.96,5.17,0.97,115.0,0.04,5.17,0.03,115.0,0.09,15.0,0.1,15.0,0.05,0.05,43.683448,1776214428000
1776214430.455,230.455,0.91,15.0,0.9,15.0,0.96,5.17,0.97,115.0,0.04,5.17,0.03,115.0,0.09,15.0,0.1,15.0,0.05,0.05,43.68356,1776214429000
1776214431.142,231.142,0.91,15.0,0.9,15.0,0.96,5.17,0.97,115.0,0.04,5.17,0.03,115.0,0.09,15.0,0.1,15.0,0.05,0.05,43.68356,1776214430000
1776214432.278,232.278,0.91,15.0,0.9,15.0,0.96,5.17,0.97,115.0,0.04,5.17,0.03,115.0,0.09,15.0,0.1,15.0,0.05,0.05,43.68364,1776214431000
1776214433.384,233.384,0.91,15.0,0.9,15.0,0.96,5.17,0.97,115.0,0.04,5.17,0.03,115.0,0.09,15.0,0.1,15.0,0.05,0.05,43.68364,1776214432000
1776214434.07,234.07,0.91,15.0,0.9,15.0,0.96,5.17,0.97,115.0,0.04,5.17,0.03,115.0,0.09,15.0,0.1,15.0,0.05,0.05,43.683349,1776214433000
1776214435.279,235.279,0.91,15.0,0.9,15.0,0.96,5.17,0.97,115.0,0.04,5.17,0.03,115.0,0.09,15.0,0.1,15.0,0.05,0.05,43.682744,1776214434000
1776214436.49,236.49,0.91,15.0,0.9,15.0,0.96,5.17,0.97,115.0,0.04,5.17,0.03,115.0,0.09,15.0,0.1,15.0,0.05,0.05,43.682232,1776214435000
1776214437.016,237.016,0.91,15.0,0.9,15.0,0.96,5.17,0.97,115.0,0.04,5.17,0.03,115.0,0.09,15.0,0.1,15.0,0.05,0.05,43.68223,1776214436000
1776214438.223,238.223,0.91,15.0,0.9,15.0,0.96,5.17,0.97,115.0,0.04,5.17,0.03,115.0,0.09,15.0,0.1,15.0,0.05,0.05,43.682352,1776214437000
1776214439.096,239.096,0.94,15.0,0.93,15.0,0.97,113.96,0.98,25.0,0.04,5.17,0.03,115.0,0.09,15.0,0.1,15.0,0.03,0.05,43.682352,1776214437000
1776214439.956,239.956,0.94,15.0,0.93,15.0,0.97,113.96,0.98,25.0,0.03,113.96,0.02,25.0,0.06,15.0,0.07,15.0,0.03,0.03,43.681727,1776214438000
1776214440.798,240.798,0.94,15.0,0.93,15.0,0.97,113.96,0.98,25.0,0.03,113.96,0.02,25.0,0.06,15.0,0.07,15.0,0.03,0.03,43.682091,1776214439000
1776214441.544,241.544,0.94,15.0,0.93,15.0,0.97,113.96,0.98,25.0,0.03,113.96,0.02,25.0,0.06,15.0,0.07,15.0,0.03,0.03,43.683628,1776214440000
1776214442.301,242.301,0.94,15.0,0.93,15.0,0.97,113.96,0.98,25.0,0.03,113.96,0.02,25.0,0.06,15.0,0.07,15.0,0.03,0.03,43.683626,1776214441000
1776214442.997,242.997,0.96,15.0,0.95,15.0,0.97,70.0,0.98,10.0,0.03,113.96,0.02,25.0,0.06,15.0,0.07,15.0,0.01,0.03,43.683626,1776214441000
1776214443.635,243.635,0.96,15.0,0.95,15.0,0.97,70.0,0.98,10.0,0.03,70.0,0.02,10.0,0.04,15.0,0.05,15.0,0.01,0.01,43.683892,1776214442000
1776214444.243,244.243,0.96,15.0,0.95,15.0,0.97,70.0,0.98,10.0,0.03,70.0,0.02,10.0,0.04,15.0,0.05,15.0,0.01,0.01,43.684063,1776214443000
1776214444.589,244.589,0.96,15.0,0.95,15.0,0.97,41.59,0.98,10.0,0.03,70.0,0.02,10.0,0.04,15.0,0.05,15.0,0.01,0.01,43.684063,1776214443000
1776214445.566,245.566,0.96,15.0,0.95,15.0,0.97,41.59,0.98,10.0,0.03,41.59,0.02,10.0,0.04,15.0,0.05,15.0,0.01,0.01,43.685554,1776214444000
1776214446.315,246.315,0.96,15.0,0.95,15.0,0.97,41.59,0.98,10.0,0.03,41.59,0.02,10.0,0.04,15.0,0.05,15.0,0.01,0.01,43.685959,1776214445000
1776214447.626,247.626,0.97,20.72,0.96,15.0,0.98,10.0,0.99,205.0,0.02,10.0,0.01,205.0,0.03,20.72,0.04,15.0,0.01,0.01,43.685959,1776214446000
1776214448.405,248.405,0.97,20.72,0.96,15.0,0.98,10.0,0.99,205.0,0.02,10.0,0.01,205.0,0.03,20.72,0.04,15.0,0.01,0.01,43.687119,1776214447000
1776214449.599,249.599,0.97,20.72,0.96,15.0,0.98,10.0,0.99,205.0,0.02,10.0,0.01,205.0,0.03,20.72,0.04,15.0,0.01,0.01,43.690936,1776214448000
1776214450.278,250.278,0.97,20.72,0.96,15.0,0.98,10.0,0.99,205.0,0.02,10.0,0.01,205.0,0.03,20.72,0.04,15.0,0.01,0.01,43.692068,1776214449000
1776214451.667,251.667,0.97,40.72,0.96,20.0,0.99,190.0,,,0.01,190.0,,,0.03,40.72,0.04,20.0,0.02,0.02,43.70572,1776214450000
1776214452.194,252.194,0.98,15.0,0.97,40.72,0.99,179.9,,,0.01,190.0,,,0.03,40.72,0.04,20.0,0.01,0.02,43.70572,1776214450000
1776214452.43,252.43,0.98,15.0,0.97,40.72,0.99,179.9,,,0.01,179.9,,,0.02,15.0,0.03,40.72,0.01,0.01,43.705869,1776214451000
1776214452.729,252.729,0.98,15.0,0.97,40.72,0.99,159.9,,,0.01,179.9,,,0.02,15.0,0.03,40.72,0.01,0.01,43.705869,1776214451000
1776214453.126,253.126,0.98,15.0,0.97,40.72,0.99,159.9,,,0.01,159.9,,,0.02,15.0,0.03,40.72,0.01,0.01,43.712178,1776214452000
1776214453.336,253.336,0.98,20.0,0.97,40.72,0.99,149.9,,,0.01,159.9,,,0.02,15.0,0.03,40.72,0.01,0.01,43.712178,1776214452000
1776214454.468,254.468,0.98,20.0,0.97,40.72,0.99,91.76,,,0.01,91.76,,,0.02,20.0,0.03,40.72,0.01,0.01,43.71396,1776214453000
1776214455.139,255.139,0.99,908.24,0.98,20.0,,,,,,,,,0.01,908.24,0.02,20.0,,,43.71396,1776214454000
1776214456.54,256.54,0.99,908.24,0.98,20.0,,,,,,,,,0.01,908.24,0.02,20.0,,,43.7331,1776214455000
1776214457.758,257.758,0.99,908.24,0.98,20.0,,,,,,,,,0.01,908.24,0.02,20.0,,,43.737335,1776214456000
1776214458.299,258.299,0.99,908.24,0.98,20.0,,,,,,,,,0.01,908.24,0.02,20.0,,,43.737856,1776214457000
1776214459.521,259.521,0.99,908.24,0.98,20.0,,,,,,,,,0.01,908.24,0.02,20.0,,,43.738116,1776214458000
1776214460.102,260.102,0.99,908.24,0.98,20.0,,,,,,,,,0.01,908.24,0.02,20.0,,,43.738178,1776214459000
1776214461.343,261.343,0.99,908.24,0.98,20.0,,,,,,,,,0.01,908.24,0.02,20.0,,,43.738452,1776214460000
1776214461.946,261.946,0.99,908.24,0.98,20.0,,,,,,,,,0.01,908.24,0.02,20.0,,,43.737905,1776214461000
1776214463.03,263.03,0.99,908.24,0.98,20.0,,,,,,,,,0.01,908.24,0.02,20.0,,,43.737838,1776214462000
1776214464.305,264.305,0.99,908.24,0.98,20.0,,,,,,,,,0.01,908.24,0.02,20.0,,,43.734543,1776214463000
1776214465.664,265.664,0.99,908.24,0.98,20.0,,,,,,,,,0.01,908.24,0.02,20.0,,,43.727759,1776214464000
1776214466.206,266.206,0.99,908.24,0.98,20.0,,,,,,,,,0.01,908.24,0.02,20.0,,,43.726989,1776214465000
1776214467.34,267.34,0.99,908.24,0.98,20.0,,,,,,,,,0.01,908.24,0.02,20.0,,,43.726753,1776214466000
1776214467.875,267.875,0.99,908.24,0.98,20.0,,,,,,,,,0.01,908.24,0.02,20.0,,,43.726753,1776214467000
1776214469.23,269.23,0.99,908.24,0.98,20.0,,,,,,,,,0.01,908.24,0.02,20.0,,,43.725166,1776214468000
1776214470.342,270.342,0.99,908.24,0.98,20.0,,,,,,,,,0.01,908.24,0.02,20.0,,,43.724077,1776214469000
1776214470.861,270.861,0.99,908.24,0.98,20.0,,,,,,,,,0.01,908.24,0.02,20.0,,,43.720744,1776214470000
1776214472.185,272.185,0.99,908.24,0.98,20.0,,,,,,,,,0.01,908.24,0.02,20.0,,,43.718079,1776214471000
1776214473.764,273.764,0.99,908.24,0.98,20.0,,,,,,,,,0.01,908.24,0.02,20.0,,,43.71773,1776214472000
1776214474.251,274.251,0.99,908.24,0.98,20.0,,,,,,,,,0.01,908.24,0.02,20.0,,,43.720717,1776214473000
1776214475.169,275.169,0.99,908.24,0.98,20.0,,,,,,,,,0.01,908.24,0.02,20.0,,,43.731565,1776214474000
1776214476.155,276.155,0.99,908.24,0.98,20.0,,,,,,,,,0.01,908.24,0.02,20.0,,,43.734323,1776214475000
1776214477.207,277.207,0.99,908.24,0.98,20.0,,,,,,,,,0.01,908.24,0.02,20.0,,,43.734249,1776214476000
1776214478.216,278.216,0.99,908.24,0.98,20.0,,,,,,,,,0.01,908.24,0.02,20.0,,,43.734617,1776214477000
1776214479.252,279.252,0.99,908.24,0.98,20.0,,,,,,,,,0.01,908.24,0.02,20.0,,,43.734617,1776214478000
1776214480.182,280.182,0.99,908.24,0.98,20.0,,,,,,,,,0.01,908.24,0.02,20.0,,,43.734727,1776214479000
1776214481.109,281.109,0.99,908.24,0.98,20.0,,,,,,,,,0.01,908.24,0.02,20.0,,,43.734744,1776214480000
1776214482.114,282.114,0.99,908.24,0.98,20.0,,,,,,,,,0.01,908.24,0.02,20.0,,,43.734613,1776214481000
1776214483.09,283.09,0.99,908.24,0.98,20.0,,,,,,,,,0.01,908.24,0.02,20.0,,,43.734778,1776214482000
1776214484.07,284.07,0.99,908.24,0.98,20.0,,,,,,,,,0.01,908.24,0.02,20.0,,,43.734608,1776214483000
1776214485.067,285.067,0.99,908.24,0.98,20.0,,,,,,,,,0.01,908.24,0.02,20.0,,,43.733865,1776214484000
1776214486.498,286.498,0.99,908.24,0.98,20.0,,,,,,,,,0.01,908.24,0.02,20.0,,,43.733647,1776214485000
1776214487.232,287.232,0.99,908.24,0.98,20.0,,,,,,,,,0.01,908.24,0.02,20.0,,,43.731651,1776214486000
1776214488.156,288.156,0.99,908.24,0.98,20.0,,,,,,,,,0.01,908.24,0.02,20.0,,,43.726406,1776214487000
1776214489.046,289.046,0.99,908.24,0.98,20.0,,,,,,,,,0.01,908.24,0.02,20.0,,,43.724635,1776214488000
1776214490.155,290.155,0.99,908.24,0.98,20.0,,,,,,,,,0.01,908.24,0.02,20.0,,,43.723998,1776214489000
1776214491.117,291.117,0.99,908.24,0.98,20.0,,,,,,,,,0.01,908.24,0.02,20.0,,,43.722947,1776214490000
1776214492.366,292.366,0.99,908.24,0.98,20.0,,,,,,,,,0.01,908.24,0.02,20.0,,,43.723157,1776214491000
1776214493.138,293.138,0.99,908.24,0.98,20.0,,,,,,,,,0.01,908.24,0.02,20.0,,,43.723157,1776214492000
1776214494.194,294.194,0.99,908.24,0.98,20.0,,,,,,,,,0.01,908.24,0.02,20.0,,,43.723496,1776214493000
1776214495.119,295.119,0.99,908.24,0.98,20.0,,,,,,,,,0.01,908.24,0.02,20.0,,,43.723494,1776214494000
1776214496.266,296.266,0.99,908.24,0.98,20.0,,,,,,,,,0.01,908.24,0.02,20.0,,,43.723281,1776214495000
1776214497.136,297.136,0.99,908.24,0.98,20.0,,,,,,,,,0.01,908.24,0.02,20.0,,,43.723409,1776214496000
1776214498.21,298.21,0.99,908.24,0.98,20.0,,,,,,,,,0.01,908.24,0.02,20.0,,,43.720751,1776214497000
1776214499.714,299.714,0.99,908.24,0.98,20.0,,,,,,,,,0.01,908.24,0.02,20.0,,,43.705546,1776214498000
1776214500.172,300.172,0.99,908.24,0.98,20.0,,,,,,,,,0.01,908.24,0.02,20.0,,,43.705546,1776214499000

# RESULT,winner=Up,slug=hype-updown-5m-1776214200,ticks=314
