timestamp,elapsed_sec,up_bid_p1,up_bid_s1,up_bid_p2,up_bid_s2,up_ask_p1,up_ask_s1,up_ask_p2,up_ask_s2,down_bid_p1,down_bid_s1,down_bid_p2,down_bid_s2,down_ask_p1,down_ask_s1,down_ask_p2,down_ask_s2,up_spread,down_spread,hype_price,hype_oracle_ts
1776208201.454,1.454,,,,,,,,,,,,,,,,,,,43.491177,1776208200000
1776208201.83,1.83,0.11,100.0,0.08,50.0,0.51,10.0,0.89,100.0,0.49,10.0,0.11,100.0,0.89,100.0,0.92,50.0,0.4,0.4,43.491177,1776208200000
1776208203.046,3.046,0.11,100.0,0.08,50.0,0.51,10.0,0.89,100.0,0.49,10.0,0.11,100.0,0.89,100.0,0.92,50.0,0.4,0.4,43.488625,1776208202000
1776208204.044,4.044,0.11,100.0,0.08,50.0,0.51,10.0,0.89,100.0,0.49,10.0,0.11,100.0,0.89,100.0,0.92,50.0,0.4,0.4,43.4882,1776208203000
1776208204.905,4.905,0.11,100.0,0.08,50.0,0.51,10.0,0.89,100.0,0.49,10.0,0.11,100.0,0.89,100.0,0.92,50.0,0.4,0.4,43.486582,1776208204000
1776208206.752,6.752,0.11,100.0,0.08,50.0,0.51,10.0,0.89,100.0,0.49,10.0,0.11,100.0,0.89,100.0,0.92,50.0,0.4,0.4,43.485432,1776208205000
1776208207.358,7.358,0.11,100.0,0.08,50.0,0.51,10.0,0.89,100.0,0.49,10.0,0.11,100.0,0.89,100.0,0.92,50.0,0.4,0.4,43.485695,1776208206000
1776208208.42,8.42,0.11,100.0,0.08,50.0,0.51,10.0,0.89,100.0,0.49,10.0,0.11,100.0,0.89,100.0,0.92,50.0,0.4,0.4,43.486409,1776208207000
1776208208.937,8.937,0.11,100.0,0.08,50.0,0.51,10.0,0.89,100.0,0.49,10.0,0.11,100.0,0.89,100.0,0.92,50.0,0.4,0.4,43.486409,1776208208000
1776208210.181,10.181,0.11,100.0,0.08,50.0,0.51,10.0,0.89,100.0,0.49,10.0,0.11,100.0,0.89,100.0,0.92,50.0,0.4,0.4,43.486717,1776208209000
1776208211.212,11.212,0.11,100.0,0.08,50.0,0.51,10.0,0.89,100.0,0.49,10.0,0.11,100.0,0.89,100.0,0.92,50.0,0.4,0.4,43.485805,1776208210000
1776208212.649,12.649,0.11,100.0,0.08,50.0,0.51,10.0,0.89,100.0,0.49,10.0,0.11,100.0,0.89,100.0,0.92,50.0,0.4,0.4,43.484107,1776208211000
1776208213.148,13.148,0.11,100.0,0.08,50.0,0.51,10.0,0.89,100.0,0.49,10.0,0.11,100.0,0.89,100.0,0.92,50.0,0.4,0.4,43.484107,1776208212000
1776208214.097,14.097,0.11,100.0,0.08,50.0,0.51,10.0,0.89,100.0,0.49,10.0,0.11,100.0,0.89,100.0,0.92,50.0,0.4,0.4,43.485638,1776208213000
1776208215.104,15.104,0.11,100.0,0.08,50.0,0.51,10.0,0.89,100.0,0.49,10.0,0.11,100.0,0.89,100.0,0.92,50.0,0.4,0.4,43.48448,1776208214000
1776208216.103,16.103,0.11,100.0,0.08,50.0,0.51,10.0,0.89,100.0,0.49,10.0,0.11,100.0,0.89,100.0,0.92,50.0,0.4,0.4,43.485044,1776208215000
1776208217.092,17.092,0.11,100.0,0.08,50.0,0.51,10.0,0.89,100.0,0.49,10.0,0.11,100.0,0.89,100.0,0.92,50.0,0.4,0.4,43.481728,1776208216000
1776208218.222,18.222,0.11,100.0,0.08,50.0,0.51,10.0,0.89,100.0,0.49,10.0,0.11,100.0,0.89,100.0,0.92,50.0,0.4,0.4,43.482706,1776208217000
1776208219.249,19.249,0.11,100.0,0.08,50.0,0.51,10.0,0.89,100.0,0.49,10.0,0.11,100.0,0.89,100.0,0.92,50.0,0.4,0.4,43.483798,1776208218000
1776208220.1,20.1,0.11,100.0,0.08,50.0,0.51,10.0,0.89,100.0,0.49,10.0,0.11,100.0,0.89,100.0,0.92,50.0,0.4,0.4,43.483903,1776208219000
1776208221.026,21.026,0.11,100.0,0.08,50.0,0.51,10.0,0.89,100.0,0.49,10.0,0.11,100.0,0.89,100.0,0.92,50.0,0.4,0.4,43.48378,1776208220000
1776208221.992,21.992,0.11,100.0,0.08,50.0,0.51,10.0,0.89,100.0,0.49,10.0,0.11,100.0,0.89,100.0,0.92,50.0,0.4,0.4,43.483154,1776208221000
1776208222.974,22.974,0.11,100.0,0.08,50.0,0.51,10.0,0.89,100.0,0.49,10.0,0.11,100.0,0.89,100.0,0.92,50.0,0.4,0.4,43.483013,1776208222000
1776208223.984,23.984,0.11,100.0,0.08,50.0,0.51,10.0,0.89,100.0,0.49,10.0,0.11,100.0,0.89,100.0,0.92,50.0,0.4,0.4,43.482945,1776208223000
1776208225.361,25.361,0.11,100.0,0.08,50.0,0.51,10.0,0.89,100.0,0.49,10.0,0.11,100.0,0.89,100.0,0.92,50.0,0.4,0.4,43.482877,1776208224000
1776208225.96,25.96,0.11,100.0,0.08,50.0,0.51,10.0,0.89,100.0,0.49,10.0,0.11,100.0,0.89,100.0,0.92,50.0,0.4,0.4,43.476533,1776208225000
1776208227.254,27.254,0.11,100.0,0.08,50.0,0.51,10.0,0.89,100.0,0.49,10.0,0.11,100.0,0.89,100.0,0.92,50.0,0.4,0.4,43.472805,1776208226000
1776208228.049,28.049,0.34,5.45,0.3,5.0,0.51,20.0,0.57,5.0,0.49,10.0,0.11,100.0,0.89,100.0,0.92,50.0,0.17,0.4,43.472805,1776208226000
1776208228.416,28.416,0.34,5.45,0.3,5.0,0.51,20.0,0.57,5.0,0.49,20.0,0.43,5.0,0.66,5.45,0.7,5.0,0.17,0.17,43.482806,1776208227000
1776208229.007,29.007,0.34,5.45,0.3,5.0,0.51,20.0,0.57,5.0,0.49,20.0,0.43,5.0,0.66,5.45,0.7,5.0,0.17,0.17,43.483842,1776208228000
1776208230.249,30.249,0.34,5.45,0.3,5.0,0.51,20.0,0.57,5.0,0.49,20.0,0.43,5.0,0.66,5.45,0.7,5.0,0.17,0.17,43.483068,1776208229000
1776208231.275,31.275,0.32,10.0,0.3,5.0,0.49,4.0,0.51,10.0,0.51,4.0,0.49,10.0,0.68,10.0,0.7,5.0,0.17,0.17,43.480307,1776208230000
1776208232.415,32.415,0.32,10.0,0.3,5.0,0.49,4.0,0.51,10.0,0.51,4.0,0.49,10.0,0.68,10.0,0.7,5.0,0.17,0.17,43.480307,1776208231000
1776208232.875,32.875,0.24,15.0,0.23,5.0,0.41,4.0,0.48,5.0,0.51,4.0,0.49,10.0,0.68,10.0,0.7,5.0,0.17,0.17,43.480307,1776208231000
1776208233.986,33.986,0.24,15.0,0.23,5.0,0.41,4.0,0.48,5.0,0.59,4.0,0.52,5.0,0.76,15.0,0.77,5.0,0.17,0.17,43.477125,1776208233000
1776208235.091,35.091,0.24,15.0,0.23,5.0,0.41,4.0,0.48,5.0,0.59,4.0,0.52,5.0,0.76,15.0,0.77,5.0,0.17,0.17,43.473064,1776208234000
1776208243.363,43.363,0.24,15.0,0.23,5.0,0.41,4.0,0.48,5.0,0.59,4.0,0.52,5.0,0.76,15.0,0.77,5.0,0.17,0.17,43.469819,1776208242000
1776208244.425,44.425,0.24,15.0,0.23,5.0,0.41,4.0,0.48,5.0,0.59,4.0,0.52,5.0,0.76,15.0,0.77,5.0,0.17,0.17,43.469819,1776208243000
1776208245.01,45.01,0.24,15.0,0.23,5.0,0.41,4.0,0.48,5.0,0.59,4.0,0.52,5.0,0.76,15.0,0.77,5.0,0.17,0.17,43.469819,1776208244000
1776208245.94,45.94,0.24,15.0,0.23,5.0,0.41,4.0,0.48,5.0,0.59,4.0,0.52,5.0,0.76,15.0,0.77,5.0,0.17,0.17,43.469983,1776208245000
1776208247.139,47.139,0.24,15.0,0.23,5.0,0.41,4.0,0.48,5.0,0.59,4.0,0.52,5.0,0.76,15.0,0.77,5.0,0.17,0.17,43.474873,1776208246000
1776208248.16,48.16,0.24,15.0,0.23,5.0,0.41,4.0,0.48,5.0,0.59,4.0,0.52,5.0,0.76,15.0,0.77,5.0,0.17,0.17,43.475503,1776208247000
1776208249.269,49.269,0.24,15.0,0.23,5.0,0.41,4.0,0.48,5.0,0.59,4.0,0.52,5.0,0.76,15.0,0.77,5.0,0.17,0.17,43.472321,1776208248000
1776208250.326,50.326,0.24,15.0,0.23,5.0,0.41,4.0,0.48,5.0,0.59,4.0,0.52,5.0,0.76,15.0,0.77,5.0,0.17,0.17,43.472341,1776208249000
1776208251.353,51.353,0.24,15.0,0.23,5.0,0.41,4.0,0.48,5.0,0.59,4.0,0.52,5.0,0.76,15.0,0.77,5.0,0.17,0.17,43.471264,1776208250000
1776208251.955,51.955,0.24,15.0,0.23,5.0,0.41,4.0,0.48,5.0,0.59,4.0,0.52,5.0,0.76,15.0,0.77,5.0,0.17,0.17,43.471264,1776208251000
1776208253.132,53.132,0.24,15.0,0.23,5.0,0.41,4.0,0.48,5.0,0.59,4.0,0.52,5.0,0.76,15.0,0.77,5.0,0.17,0.17,43.469955,1776208252000
1776208253.864,53.864,0.22,11.19,0.21,15.0,0.28,10.0,0.44,5.0,0.59,4.0,0.52,5.0,0.76,15.0,0.77,5.0,0.06,0.17,43.469955,1776208252000
1776208254.176,54.176,0.22,11.19,0.21,15.0,0.28,10.0,0.44,5.0,0.72,10.0,0.56,5.0,0.78,11.19,0.79,15.0,0.06,0.06,43.469938,1776208253000
1776208255.76,55.76,0.22,11.19,0.21,15.0,0.28,10.0,0.44,5.0,0.72,10.0,0.56,5.0,0.78,11.19,0.79,15.0,0.06,0.06,43.469938,1776208254000
1776208256.408,56.408,0.22,11.19,0.21,15.0,0.28,10.0,0.44,5.0,0.72,10.0,0.56,5.0,0.78,11.19,0.79,15.0,0.06,0.06,43.464127,1776208255000
1776208257.346,57.346,0.22,11.19,0.21,15.0,0.28,10.0,0.44,5.0,0.72,10.0,0.56,5.0,0.78,11.19,0.79,15.0,0.06,0.06,43.451039,1776208256000
1776208258.221,58.221,0.22,11.19,0.21,15.0,0.28,10.0,0.44,5.0,0.72,10.0,0.56,5.0,0.78,11.19,0.79,15.0,0.06,0.06,43.449413,1776208257000
1776208259.492,59.492,0.22,11.19,0.21,15.0,0.28,10.0,0.44,5.0,0.72,10.0,0.56,5.0,0.78,11.19,0.79,15.0,0.06,0.06,43.450498,1776208258000
1776208260.214,60.214,0.22,11.19,0.21,15.0,0.28,10.0,0.44,5.0,0.72,10.0,0.56,5.0,0.78,11.19,0.79,15.0,0.06,0.06,43.453441,1776208259000
1776208261.624,61.624,0.22,11.19,0.21,15.0,0.28,10.0,0.44,5.0,0.72,10.0,0.56,5.0,0.78,11.19,0.79,15.0,0.06,0.06,43.454542,1776208260000
1776208262.392,62.392,0.22,11.19,0.21,15.0,0.28,10.0,0.44,5.0,0.72,10.0,0.56,5.0,0.78,11.19,0.79,15.0,0.06,0.06,43.456779,1776208261000
1776208263.868,63.868,0.22,11.19,0.21,15.0,0.28,10.0,0.44,5.0,0.72,10.0,0.56,5.0,0.78,11.19,0.79,15.0,0.06,0.06,43.459518,1776208262000
1776208264.424,64.424,0.22,11.19,0.21,15.0,0.28,10.0,0.44,5.0,0.72,10.0,0.56,5.0,0.78,11.19,0.79,15.0,0.06,0.06,43.459539,1776208263000
1776208265.14,65.14,0.22,11.19,0.21,15.0,0.28,10.0,0.44,5.0,0.72,10.0,0.56,5.0,0.78,11.19,0.79,15.0,0.06,0.06,43.459539,1776208264000
1776208266.626,66.626,0.22,11.19,0.21,15.0,0.28,10.0,0.44,5.0,0.72,10.0,0.56,5.0,0.78,11.19,0.79,15.0,0.06,0.06,43.459539,1776208265000
1776208267.344,67.344,0.22,11.19,0.21,15.0,0.28,10.0,0.44,5.0,0.72,10.0,0.56,5.0,0.78,11.19,0.79,15.0,0.06,0.06,43.459008,1776208266000
1776208268.836,68.836,0.22,11.19,0.21,15.0,0.28,10.0,0.44,5.0,0.72,10.0,0.56,5.0,0.78,11.19,0.79,15.0,0.06,0.06,43.458784,1776208267000
1776208269.604,69.604,0.22,11.19,0.21,15.0,0.28,10.0,0.44,5.0,0.72,10.0,0.56,5.0,0.78,11.19,0.79,15.0,0.06,0.06,43.458784,1776208268000
1776208270.171,70.171,0.22,11.19,0.21,15.0,0.28,10.0,0.44,5.0,0.72,10.0,0.56,5.0,0.78,11.19,0.79,15.0,0.06,0.06,43.458922,1776208269000
1776208271.55,71.55,0.22,11.19,0.21,15.0,0.28,10.0,0.44,5.0,0.72,10.0,0.56,5.0,0.78,11.19,0.79,15.0,0.06,0.06,43.458993,1776208270000
1776208272.674,72.674,0.22,11.19,0.21,15.0,0.28,10.0,0.44,5.0,0.72,10.0,0.56,5.0,0.78,11.19,0.79,15.0,0.06,0.06,43.458997,1776208271000
1776208273.259,73.259,0.22,11.19,0.21,15.0,0.28,10.0,0.44,5.0,0.72,10.0,0.56,5.0,0.78,11.19,0.79,15.0,0.06,0.06,43.460269,1776208272000
1776208275.077,75.077,0.22,11.19,0.21,15.0,0.28,10.0,0.44,5.0,0.72,10.0,0.56,5.0,0.78,11.19,0.79,15.0,0.06,0.06,43.461227,1776208274000
1776208276.537,76.537,0.22,11.19,0.21,15.0,0.28,10.0,0.44,5.0,0.72,10.0,0.56,5.0,0.78,11.19,0.79,15.0,0.06,0.06,43.459889,1776208275000
1776208277.232,77.232,0.22,11.19,0.21,15.0,0.28,10.0,0.44,5.0,0.72,10.0,0.56,5.0,0.78,11.19,0.79,15.0,0.06,0.06,43.459902,1776208276000
1776208278.81,78.81,0.22,11.19,0.21,15.0,0.28,10.0,0.44,5.0,0.72,10.0,0.56,5.0,0.78,11.19,0.79,15.0,0.06,0.06,43.460903,1776208277000
1776208279.363,79.363,0.22,11.19,0.21,15.0,0.28,10.0,0.44,5.0,0.72,10.0,0.56,5.0,0.78,11.19,0.79,15.0,0.06,0.06,43.460882,1776208278000
1776208280.595,80.595,0.22,11.19,0.21,15.0,0.28,10.0,0.44,5.0,0.72,10.0,0.56,5.0,0.78,11.19,0.79,15.0,0.06,0.06,43.461211,1776208279000
1776208281.381,81.381,0.22,11.19,0.21,15.0,0.28,10.0,0.44,5.0,0.72,10.0,0.56,5.0,0.78,11.19,0.79,15.0,0.06,0.06,43.461189,1776208280000
1776208282.507,82.507,0.22,11.19,0.21,15.0,0.28,10.0,0.44,5.0,0.72,10.0,0.56,5.0,0.78,11.19,0.79,15.0,0.06,0.06,43.461236,1776208281000
1776208283.201,83.201,0.22,11.19,0.21,15.0,0.28,10.0,0.44,5.0,0.72,10.0,0.56,5.0,0.78,11.19,0.79,15.0,0.06,0.06,43.46126,1776208282000
1776208284.497,84.497,0.22,11.19,0.21,15.0,0.28,10.0,0.44,5.0,0.72,10.0,0.56,5.0,0.78,11.19,0.79,15.0,0.06,0.06,43.460495,1776208283000
1776208285.072,85.072,0.22,11.19,0.21,15.0,0.28,10.0,0.44,5.0,0.72,10.0,0.56,5.0,0.78,11.19,0.79,15.0,0.06,0.06,43.465582,1776208284000
1776208286.449,86.449,0.22,11.19,0.21,15.0,0.28,10.0,0.44,5.0,0.72,10.0,0.56,5.0,0.78,11.19,0.79,15.0,0.06,0.06,43.464094,1776208285000
1776208286.988,86.988,0.22,11.19,0.21,15.0,0.28,10.0,0.44,5.0,0.72,10.0,0.56,5.0,0.78,11.19,0.79,15.0,0.06,0.06,43.464924,1776208286000
1776208288.355,88.355,0.22,11.19,0.21,15.0,0.28,10.0,0.44,5.0,0.72,10.0,0.56,5.0,0.78,11.19,0.79,15.0,0.06,0.06,43.464877,1776208287000
1776208288.912,88.912,0.22,11.19,0.21,15.0,0.28,10.0,0.44,5.0,0.72,10.0,0.56,5.0,0.78,11.19,0.79,15.0,0.06,0.06,43.463917,1776208288000
1776208290.179,90.179,0.22,11.19,0.21,15.0,0.28,10.0,0.44,5.0,0.72,10.0,0.56,5.0,0.78,11.19,0.79,15.0,0.06,0.06,43.463789,1776208289000
1776208290.903,90.903,0.31,13.43,0.3,15.0,0.36,20.0,0.38,10.0,0.72,10.0,0.56,5.0,0.78,11.19,0.79,15.0,0.05,0.06,43.463789,1776208289000
1776208291.367,91.367,0.31,13.43,0.3,15.0,0.36,20.0,0.38,10.0,0.64,20.0,0.62,10.0,0.69,13.43,0.7,15.0,0.05,0.05,43.463755,1776208290000
1776208292.172,92.172,0.31,13.43,0.3,15.0,0.36,20.0,0.38,10.0,0.64,20.0,0.62,10.0,0.69,13.43,0.7,15.0,0.05,0.05,43.463755,1776208291000
1776208293.306,93.306,0.31,13.43,0.3,15.0,0.36,20.0,0.38,10.0,0.64,20.0,0.62,10.0,0.69,13.43,0.7,15.0,0.05,0.05,43.465267,1776208292000
1776208293.926,93.926,0.31,13.43,0.3,15.0,0.36,20.0,0.38,10.0,0.64,20.0,0.62,10.0,0.69,13.43,0.7,15.0,0.05,0.05,43.465267,1776208293000
1776208294.405,94.405,0.3,15.0,0.29,15.0,0.36,20.0,0.39,10.0,0.64,20.0,0.62,10.0,0.69,13.43,0.7,15.0,0.06,0.05,43.465267,1776208293000
1776208295.097,95.097,0.3,15.0,0.29,15.0,0.36,20.0,0.39,10.0,0.64,20.0,0.61,10.0,0.7,15.0,0.71,15.0,0.06,0.06,43.463818,1776208294000
1776208296.243,96.243,0.3,15.0,0.29,15.0,0.36,20.0,0.39,10.0,0.64,20.0,0.61,10.0,0.7,15.0,0.71,15.0,0.06,0.06,43.463731,1776208295000
1776208297.447,97.447,0.3,15.0,0.29,15.0,0.36,20.0,0.39,10.0,0.64,20.0,0.61,10.0,0.7,15.0,0.71,15.0,0.06,0.06,43.468178,1776208296000
1776208297.952,97.952,0.3,15.0,0.29,15.0,0.36,20.0,0.39,10.0,0.64,20.0,0.61,10.0,0.7,15.0,0.71,15.0,0.06,0.06,43.468333,1776208297000
1776208299.066,99.066,0.3,15.0,0.29,15.0,0.36,20.0,0.39,10.0,0.64,20.0,0.61,10.0,0.7,15.0,0.71,15.0,0.06,0.06,43.469281,1776208298000
1776208300.286,100.286,0.3,15.0,0.29,15.0,0.36,20.0,0.39,10.0,0.64,20.0,0.61,10.0,0.7,15.0,0.71,15.0,0.06,0.06,43.470701,1776208299000
1776208301.141,101.141,0.3,15.0,0.29,15.0,0.36,20.0,0.39,10.0,0.64,20.0,0.61,10.0,0.7,15.0,0.71,15.0,0.06,0.06,43.471963,1776208300000
1776208302.32,102.32,0.3,15.0,0.29,15.0,0.36,20.0,0.39,10.0,0.64,20.0,0.61,10.0,0.7,15.0,0.71,15.0,0.06,0.06,43.472597,1776208301000
1776208302.887,102.887,0.3,15.0,0.29,15.0,0.36,20.0,0.39,10.0,0.64,20.0,0.61,10.0,0.7,15.0,0.71,15.0,0.06,0.06,43.472597,1776208302000
1776208304.075,104.075,0.3,15.0,0.29,15.0,0.36,20.0,0.39,10.0,0.64,20.0,0.61,10.0,0.7,15.0,0.71,15.0,0.06,0.06,43.473893,1776208303000
1776208305.707,105.707,0.3,15.0,0.29,15.0,0.36,20.0,0.39,10.0,0.64,20.0,0.61,10.0,0.7,15.0,0.71,15.0,0.06,0.06,43.473133,1776208304000
1776208306.111,106.111,0.3,15.0,0.29,15.0,0.36,20.0,0.39,10.0,0.64,20.0,0.61,10.0,0.7,15.0,0.71,15.0,0.06,0.06,43.473133,1776208305000
1776208307.272,107.272,0.3,15.0,0.29,15.0,0.36,20.0,0.39,10.0,0.64,20.0,0.61,10.0,0.7,15.0,0.71,15.0,0.06,0.06,43.471404,1776208306000
1776208308.307,108.307,0.3,15.0,0.29,15.0,0.36,20.0,0.39,10.0,0.64,20.0,0.61,10.0,0.7,15.0,0.71,15.0,0.06,0.06,43.47036,1776208307000
1776208309.457,109.457,0.3,15.0,0.29,15.0,0.36,20.0,0.39,10.0,0.64,20.0,0.61,10.0,0.7,15.0,0.71,15.0,0.06,0.06,43.472113,1776208308000
1776208310.066,110.066,0.3,15.0,0.29,15.0,0.36,20.0,0.39,10.0,0.64,20.0,0.61,10.0,0.7,15.0,0.71,15.0,0.06,0.06,43.472164,1776208309000
1776208311.056,111.056,0.3,15.0,0.29,15.0,0.36,20.0,0.39,10.0,0.64,20.0,0.61,10.0,0.7,15.0,0.71,15.0,0.06,0.06,43.470391,1776208310000
1776208312.097,112.097,0.3,15.0,0.29,15.0,0.36,20.0,0.39,10.0,0.64,20.0,0.61,10.0,0.7,15.0,0.71,15.0,0.06,0.06,43.468585,1776208311000
1776208313.138,113.138,0.3,15.0,0.29,15.0,0.36,20.0,0.39,10.0,0.64,20.0,0.61,10.0,0.7,15.0,0.71,15.0,0.06,0.06,43.464791,1776208312000
1776208314.229,114.229,0.3,15.0,0.29,15.0,0.36,20.0,0.39,10.0,0.64,20.0,0.61,10.0,0.7,15.0,0.71,15.0,0.06,0.06,43.464518,1776208313000
1776208315.431,115.431,0.3,15.0,0.29,15.0,0.36,20.0,0.39,10.0,0.64,20.0,0.61,10.0,0.7,15.0,0.71,15.0,0.06,0.06,43.463831,1776208314000
1776208315.991,115.991,0.3,15.0,0.29,15.0,0.36,20.0,0.39,10.0,0.64,20.0,0.61,10.0,0.7,15.0,0.71,15.0,0.06,0.06,43.463594,1776208315000
1776208316.888,116.888,0.3,15.0,0.29,15.0,0.36,20.0,0.39,10.0,0.64,20.0,0.61,10.0,0.7,15.0,0.71,15.0,0.06,0.06,43.46348,1776208316000
1776208317.834,117.834,0.3,15.0,0.29,15.0,0.36,20.0,0.39,10.0,0.64,20.0,0.61,10.0,0.7,15.0,0.71,15.0,0.06,0.06,43.46348,1776208317000
1776208319.303,119.303,0.3,15.0,0.29,15.0,0.36,20.0,0.39,10.0,0.64,20.0,0.61,10.0,0.7,15.0,0.71,15.0,0.06,0.06,43.46136,1776208318000
1776208320.3,120.3,0.3,15.0,0.29,15.0,0.36,20.0,0.39,10.0,0.64,20.0,0.61,10.0,0.7,15.0,0.71,15.0,0.06,0.06,43.459196,1776208319000
1776208321.472,121.472,0.3,15.0,0.29,15.0,0.36,20.0,0.39,10.0,0.64,20.0,0.61,10.0,0.7,15.0,0.71,15.0,0.06,0.06,43.460228,1776208320000
1776208321.991,121.991,0.3,15.0,0.29,15.0,0.36,20.0,0.39,10.0,0.64,20.0,0.61,10.0,0.7,15.0,0.71,15.0,0.06,0.06,43.460228,1776208321000
1776208323.055,123.055,0.3,15.0,0.29,15.0,0.36,20.0,0.39,10.0,0.64,20.0,0.61,10.0,0.7,15.0,0.71,15.0,0.06,0.06,43.458145,1776208322000
1776208324.209,124.209,0.18,5.42,0.17,15.0,0.26,10.0,0.29,15.0,0.74,10.0,0.71,15.0,0.82,5.42,0.83,15.0,0.08,0.08,43.456072,1776208323000
1776208325.451,125.451,0.18,5.42,0.17,15.0,0.26,10.0,0.29,15.0,0.74,10.0,0.71,15.0,0.82,5.42,0.83,15.0,0.08,0.08,43.45611,1776208324000
1776208326.373,126.373,0.18,5.42,0.17,15.0,0.26,10.0,0.29,15.0,0.74,10.0,0.71,15.0,0.82,5.42,0.83,15.0,0.08,0.08,43.456964,1776208325000
1776208326.991,126.991,0.18,5.42,0.17,15.0,0.26,10.0,0.29,15.0,0.74,10.0,0.71,15.0,0.82,5.42,0.83,15.0,0.08,0.08,43.461522,1776208326000
1776208328.015,128.015,0.18,5.42,0.17,15.0,0.26,10.0,0.29,15.0,0.74,10.0,0.71,15.0,0.82,5.42,0.83,15.0,0.08,0.08,43.454862,1776208327000
1776208329.001,129.001,0.18,5.42,0.17,15.0,0.26,10.0,0.29,15.0,0.74,10.0,0.71,15.0,0.82,5.42,0.83,15.0,0.08,0.08,43.455037,1776208328000
1776208330.093,130.093,0.18,5.42,0.17,15.0,0.26,10.0,0.29,15.0,0.74,10.0,0.71,15.0,0.82,5.42,0.83,15.0,0.08,0.08,43.461195,1776208329000
1776208331.157,131.157,0.18,5.42,0.17,15.0,0.26,10.0,0.29,15.0,0.74,10.0,0.71,15.0,0.82,5.42,0.83,15.0,0.08,0.08,43.460812,1776208330000
1776208332.063,132.063,0.2,13.37,0.19,15.0,0.28,10.0,0.3,15.0,0.74,10.0,0.71,15.0,0.82,5.42,0.83,15.0,0.08,0.08,43.460812,1776208330000
1776208332.302,132.302,0.2,13.37,0.19,15.0,0.28,10.0,0.3,15.0,0.72,10.0,0.7,15.0,0.8,13.37,0.81,15.0,0.08,0.08,43.462098,1776208331000
1776208333.403,133.403,0.2,13.37,0.19,15.0,0.28,10.0,0.3,15.0,0.72,10.0,0.7,15.0,0.8,13.37,0.81,15.0,0.08,0.08,43.461174,1776208332000
1776208333.987,133.987,0.2,13.37,0.19,15.0,0.28,10.0,0.3,15.0,0.72,10.0,0.7,15.0,0.8,13.37,0.81,15.0,0.08,0.08,43.460946,1776208333000
1776208334.922,134.922,0.2,13.37,0.19,15.0,0.28,10.0,0.3,15.0,0.72,10.0,0.7,15.0,0.8,13.37,0.81,15.0,0.08,0.08,43.460893,1776208334000
1776208335.929,135.929,0.2,13.37,0.19,15.0,0.28,10.0,0.3,15.0,0.72,10.0,0.7,15.0,0.8,13.37,0.81,15.0,0.08,0.08,43.455808,1776208335000
1776208336.41,136.41,0.2,13.37,0.19,15.0,0.28,10.0,0.31,15.0,0.72,10.0,0.7,15.0,0.8,13.37,0.81,15.0,0.08,0.08,43.455808,1776208335000
1776208336.952,136.952,0.2,13.37,0.19,15.0,0.28,10.0,0.31,15.0,0.72,10.0,0.69,15.0,0.8,13.37,0.81,15.0,0.08,0.08,43.455808,1776208336000
1776208337.991,137.991,0.2,13.37,0.19,15.0,0.28,10.0,0.31,15.0,0.72,10.0,0.69,15.0,0.8,13.37,0.81,15.0,0.08,0.08,43.461264,1776208337000
1776208338.934,138.934,0.2,13.37,0.19,15.0,0.28,10.0,0.31,15.0,0.72,10.0,0.69,15.0,0.8,13.37,0.81,15.0,0.08,0.08,43.461264,1776208338000
1776208339.889,139.889,0.2,13.37,0.19,15.0,0.28,10.0,0.31,15.0,0.72,10.0,0.69,15.0,0.8,13.37,0.81,15.0,0.08,0.08,43.460809,1776208339000
1776208340.851,140.851,0.2,13.37,0.19,15.0,0.28,10.0,0.31,15.0,0.72,10.0,0.69,15.0,0.8,13.37,0.81,15.0,0.08,0.08,43.458391,1776208340000
1776208341.908,141.908,0.2,13.37,0.19,15.0,0.28,10.0,0.31,15.0,0.72,10.0,0.69,15.0,0.8,13.37,0.81,15.0,0.08,0.08,43.458441,1776208341000
1776208343.023,143.023,0.2,13.37,0.19,15.0,0.28,10.0,0.31,15.0,0.72,10.0,0.69,15.0,0.8,13.37,0.81,15.0,0.08,0.08,43.457985,1776208342000
1776208344.02,144.02,0.2,13.37,0.19,15.0,0.28,10.0,0.31,15.0,0.72,10.0,0.69,15.0,0.8,13.37,0.81,15.0,0.08,0.08,43.458086,1776208343000
1776208344.926,144.926,0.2,13.37,0.19,15.0,0.28,10.0,0.31,15.0,0.72,10.0,0.69,15.0,0.8,13.37,0.81,15.0,0.08,0.08,43.458068,1776208344000
1776208345.179,145.179,0.2,7.5,0.19,15.0,0.27,10.0,0.3,15.0,0.72,10.0,0.69,15.0,0.8,13.37,0.81,15.0,0.07,0.08,43.458068,1776208344000
1776208346.452,146.452,0.2,7.5,0.19,15.0,0.27,10.0,0.3,15.0,0.73,10.0,0.7,15.0,0.8,7.5,0.81,15.0,0.07,0.07,43.457581,1776208345000
1776208347.03,147.03,0.2,7.5,0.19,15.0,0.27,10.0,0.3,15.0,0.73,10.0,0.7,15.0,0.8,7.5,0.81,15.0,0.07,0.07,43.457883,1776208346000
1776208347.513,147.513,0.18,5.42,0.17,15.0,0.27,10.0,0.38,15.0,0.73,10.0,0.7,15.0,0.8,7.5,0.81,15.0,0.09,0.07,43.457883,1776208346000
1776208348.236,148.236,0.18,5.42,0.17,15.0,0.27,10.0,0.38,15.0,0.73,10.0,0.62,15.0,0.82,5.42,0.83,15.0,0.09,0.09,43.456077,1776208347000
1776208349.442,149.442,0.18,5.42,0.17,15.0,0.27,10.0,0.38,15.0,0.73,10.0,0.62,15.0,0.82,5.42,0.83,15.0,0.09,0.09,43.457869,1776208348000
1776208349.961,149.961,0.18,5.42,0.17,15.0,0.27,10.0,0.38,15.0,0.73,10.0,0.62,15.0,0.82,5.42,0.83,15.0,0.09,0.09,43.462189,1776208349000
1776208351.159,151.159,0.18,5.42,0.17,15.0,0.27,10.0,0.38,15.0,0.73,10.0,0.62,15.0,0.82,5.42,0.83,15.0,0.09,0.09,43.461045,1776208350000
1776208352.326,152.326,0.18,5.42,0.17,15.0,0.27,10.0,0.38,15.0,0.73,10.0,0.62,15.0,0.82,5.42,0.83,15.0,0.09,0.09,43.45924,1776208351000
1776208353.419,153.419,0.18,5.42,0.17,15.0,0.27,10.0,0.38,15.0,0.73,10.0,0.62,15.0,0.82,5.42,0.83,15.0,0.09,0.09,43.457382,1776208352000
1776208353.957,153.957,0.18,5.42,0.17,15.0,0.27,10.0,0.38,15.0,0.73,10.0,0.62,15.0,0.82,5.42,0.83,15.0,0.09,0.09,43.457479,1776208353000
1776208354.571,154.571,0.17,15.0,0.16,15.0,0.28,10.0,0.29,15.0,0.73,10.0,0.62,15.0,0.82,5.42,0.83,15.0,0.11,0.09,43.457479,1776208353000
1776208355.107,155.107,0.17,15.0,0.16,15.0,0.28,10.0,0.29,15.0,0.72,10.0,0.71,15.0,0.83,15.0,0.84,15.0,0.11,0.11,43.456503,1776208354000
1776208356.299,156.299,0.17,15.0,0.16,15.0,0.28,10.0,0.29,15.0,0.72,10.0,0.71,15.0,0.83,15.0,0.84,15.0,0.11,0.11,43.461337,1776208355000
1776208357.334,157.334,0.17,15.0,0.16,15.0,0.28,10.0,0.29,15.0,0.72,10.0,0.71,15.0,0.83,15.0,0.84,15.0,0.11,0.11,43.465277,1776208356000
1776208357.947,157.947,0.17,15.0,0.16,15.0,0.28,10.0,0.29,15.0,0.72,10.0,0.71,15.0,0.83,15.0,0.84,15.0,0.11,0.11,43.463531,1776208357000
1776208359.198,159.198,0.17,15.0,0.16,15.0,0.28,10.0,0.29,15.0,0.72,10.0,0.71,15.0,0.83,15.0,0.84,15.0,0.11,0.11,43.464105,1776208358000
1776208360.295,160.295,0.17,15.0,0.16,15.0,0.28,10.0,0.29,15.0,0.72,10.0,0.71,15.0,0.83,15.0,0.84,15.0,0.11,0.11,43.464614,1776208359000
1776208363.103,163.103,0.18,2.65,0.17,15.0,0.25,10.0,0.29,15.0,0.72,10.0,0.71,15.0,0.83,15.0,0.84,15.0,0.07,0.11,43.464614,1776208359000
1776208363.527,163.527,0.18,2.65,0.17,15.0,0.25,10.0,0.29,15.0,0.75,10.0,0.71,15.0,0.82,2.65,0.83,15.0,0.07,0.07,43.459637,1776208362000
1776208364.078,164.078,0.18,2.65,0.17,15.0,0.25,10.0,0.29,15.0,0.75,10.0,0.71,15.0,0.82,2.65,0.83,15.0,0.07,0.07,43.4604,1776208363000
1776208366.202,166.202,0.19,7.5,0.18,2.65,0.25,10.0,0.28,15.0,0.75,10.0,0.72,15.0,0.81,7.5,0.82,2.65,0.06,0.06,43.463753,1776208365000
1776208366.479,166.479,0.18,2.65,0.17,15.0,0.25,10.0,0.28,15.0,0.75,10.0,0.72,15.0,0.81,7.5,0.82,2.65,0.07,0.06,43.463753,1776208365000
1776208367.378,167.378,0.18,2.65,0.17,15.0,0.25,10.0,0.28,15.0,0.75,10.0,0.72,15.0,0.82,2.65,0.83,15.0,0.07,0.07,43.463632,1776208366000
1776208368.239,168.239,0.18,2.65,0.17,15.0,0.25,10.0,0.28,15.0,0.75,10.0,0.72,15.0,0.82,2.65,0.83,15.0,0.07,0.07,43.463433,1776208367000
1776208368.451,168.451,0.16,15.0,0.15,15.0,0.23,10.0,0.26,15.0,0.75,10.0,0.72,15.0,0.82,2.65,0.83,15.0,0.07,0.07,43.463433,1776208367000
1776208369.632,169.632,0.16,15.0,0.15,15.0,0.23,10.0,0.26,15.0,0.77,10.0,0.74,15.0,0.84,15.0,0.85,15.0,0.07,0.07,43.462421,1776208368000
1776208370.333,170.333,0.16,15.0,0.15,15.0,0.23,10.0,0.26,15.0,0.77,10.0,0.74,15.0,0.84,15.0,0.85,15.0,0.07,0.07,43.463472,1776208369000
1776208370.609,170.609,0.16,15.0,0.15,15.0,0.24,10.0,0.26,15.0,0.77,10.0,0.74,15.0,0.84,15.0,0.85,15.0,0.08,0.07,43.463472,1776208369000
1776208371.068,171.068,0.16,15.0,0.15,15.0,0.24,10.0,0.26,15.0,0.76,10.0,0.74,15.0,0.84,15.0,0.85,15.0,0.08,0.08,43.459991,1776208370000
1776208372.526,172.526,0.16,15.0,0.15,15.0,0.24,10.0,0.26,15.0,0.76,10.0,0.74,15.0,0.84,15.0,0.85,15.0,0.08,0.08,43.460817,1776208371000
1776208373.253,173.253,0.16,15.0,0.15,15.0,0.24,10.0,0.26,15.0,0.76,10.0,0.74,15.0,0.84,15.0,0.85,15.0,0.08,0.08,43.461918,1776208372000
1776208373.548,173.548,0.16,15.0,0.15,15.0,0.23,10.0,0.26,15.0,0.76,10.0,0.74,15.0,0.84,15.0,0.85,15.0,0.07,0.08,43.461918,1776208372000
1776208374.063,174.063,0.16,15.0,0.15,15.0,0.23,10.0,0.26,15.0,0.77,10.0,0.74,15.0,0.84,15.0,0.85,15.0,0.07,0.07,43.46226,1776208373000
1776208375.524,175.524,0.16,15.0,0.15,15.0,0.23,10.0,0.26,15.0,0.77,10.0,0.74,15.0,0.84,15.0,0.85,15.0,0.07,0.07,43.46321,1776208374000
1776208376.347,176.347,0.16,15.0,0.15,15.0,0.23,10.0,0.26,15.0,0.77,10.0,0.74,15.0,0.84,15.0,0.85,15.0,0.07,0.07,43.463488,1776208375000
1776208377.037,177.037,0.16,15.0,0.15,15.0,0.23,10.0,0.26,15.0,0.77,10.0,0.74,15.0,0.84,15.0,0.85,15.0,0.07,0.07,43.470277,1776208376000
1776208378.56,178.56,0.16,15.0,0.15,15.0,0.23,10.0,0.26,15.0,0.77,10.0,0.74,15.0,0.84,15.0,0.85,15.0,0.07,0.07,43.466989,1776208377000
1776208379.237,179.237,0.16,15.0,0.15,15.0,0.23,10.0,0.26,15.0,0.77,10.0,0.74,15.0,0.84,15.0,0.85,15.0,0.07,0.07,43.466209,1776208378000
1776208380.74,180.74,0.16,15.0,0.15,15.0,0.23,10.0,0.26,15.0,0.77,10.0,0.74,15.0,0.84,15.0,0.85,15.0,0.07,0.07,43.464712,1776208379000
1776208381.626,181.626,0.16,15.0,0.15,15.0,0.23,10.0,0.26,15.0,0.77,10.0,0.74,15.0,0.84,15.0,0.85,15.0,0.07,0.07,43.465019,1776208380000
1776208382.766,182.766,0.16,15.0,0.15,15.0,0.23,10.0,0.26,15.0,0.77,10.0,0.74,15.0,0.84,15.0,0.85,15.0,0.07,0.07,43.465761,1776208381000
1776208383.299,183.299,0.16,15.0,0.15,15.0,0.23,10.0,0.26,15.0,0.77,10.0,0.74,15.0,0.84,15.0,0.85,15.0,0.07,0.07,43.46563,1776208382000
1776208384.363,184.363,0.16,15.0,0.15,15.0,0.23,10.0,0.26,15.0,0.77,10.0,0.74,15.0,0.84,15.0,0.85,15.0,0.07,0.07,43.465148,1776208383000
1776208385.367,185.367,0.16,15.0,0.15,15.0,0.23,10.0,0.26,15.0,0.77,10.0,0.74,15.0,0.84,15.0,0.85,15.0,0.07,0.07,43.465102,1776208384000
1776208385.586,185.586,0.19,7.5,0.18,15.0,0.28,15.0,0.29,25.0,0.77,10.0,0.74,15.0,0.84,15.0,0.85,15.0,0.09,0.07,43.465102,1776208384000
1776208385.881,185.881,0.19,7.5,0.18,15.0,0.28,15.0,0.29,25.0,0.72,15.0,0.71,25.0,0.81,7.5,0.82,15.0,0.09,0.09,43.465102,1776208385000
1776208386.976,186.976,0.19,7.5,0.18,15.0,0.28,15.0,0.29,25.0,0.72,15.0,0.71,25.0,0.81,7.5,0.82,15.0,0.09,0.09,43.46522,1776208386000
1776208387.233,187.233,0.18,15.0,0.17,15.0,0.28,15.0,0.29,25.0,0.72,15.0,0.71,25.0,0.81,7.5,0.82,15.0,0.1,0.09,43.46522,1776208386000
1776208388.049,188.049,0.18,15.0,0.17,15.0,0.28,15.0,0.29,25.0,0.72,15.0,0.71,25.0,0.82,15.0,0.83,15.0,0.1,0.1,43.465103,1776208387000
1776208389.143,189.143,0.18,15.0,0.17,15.0,0.28,15.0,0.29,25.0,0.72,15.0,0.71,25.0,0.82,15.0,0.83,15.0,0.1,0.1,43.468561,1776208388000
1776208390.301,190.301,0.18,15.0,0.17,15.0,0.28,15.0,0.29,25.0,0.72,15.0,0.71,25.0,0.82,15.0,0.83,15.0,0.1,0.1,43.470331,1776208389000
1776208391.408,191.408,0.23,15.0,0.22,15.0,0.35,15.0,0.36,25.0,0.65,15.0,0.64,25.0,0.77,15.0,0.78,15.0,0.12,0.12,43.470333,1776208390000
1776208392.034,192.034,0.23,15.0,0.22,15.0,0.35,15.0,0.36,25.0,0.65,15.0,0.64,25.0,0.77,15.0,0.78,15.0,0.12,0.12,43.470333,1776208391000
1776208392.978,192.978,0.23,15.0,0.22,15.0,0.35,15.0,0.36,25.0,0.65,15.0,0.64,25.0,0.77,15.0,0.78,15.0,0.12,0.12,43.470342,1776208392000
1776208393.947,193.947,0.23,15.0,0.22,15.0,0.35,15.0,0.36,25.0,0.65,15.0,0.64,25.0,0.77,15.0,0.78,15.0,0.12,0.12,43.4701,1776208393000
1776208394.907,194.907,0.19,15.0,0.18,15.0,0.29,15.0,0.3,15.0,0.71,15.0,0.7,15.0,0.81,15.0,0.82,15.0,0.1,0.1,43.470148,1776208394000
1776208396.324,196.324,0.19,15.0,0.18,15.0,0.29,15.0,0.3,15.0,0.71,15.0,0.7,15.0,0.81,15.0,0.82,15.0,0.1,0.1,43.470327,1776208395000
1776208397.001,197.001,0.19,15.0,0.18,15.0,0.29,15.0,0.3,15.0,0.71,15.0,0.7,15.0,0.81,15.0,0.82,15.0,0.1,0.1,43.470317,1776208396000
1776208398.093,198.093,0.19,15.0,0.18,15.0,0.29,15.0,0.3,15.0,0.71,15.0,0.7,15.0,0.81,15.0,0.82,15.0,0.1,0.1,43.470364,1776208397000
1776208399.249,199.249,0.19,15.0,0.18,15.0,0.29,15.0,0.3,15.0,0.71,15.0,0.7,15.0,0.81,15.0,0.82,15.0,0.1,0.1,43.470384,1776208398000
1776208400.32,200.32,0.19,15.0,0.18,15.0,0.29,15.0,0.3,15.0,0.71,15.0,0.7,15.0,0.81,15.0,0.82,15.0,0.1,0.1,43.469499,1776208399000
1776208401.471,201.471,0.19,15.0,0.18,15.0,0.29,15.0,0.3,15.0,0.71,15.0,0.7,15.0,0.81,15.0,0.82,15.0,0.1,0.1,43.470305,1776208400000
1776208401.983,201.983,0.19,15.0,0.18,15.0,0.29,15.0,0.3,15.0,0.71,15.0,0.7,15.0,0.81,15.0,0.82,15.0,0.1,0.1,43.470295,1776208401000
1776208402.446,202.446,0.21,15.0,0.2,15.0,0.42,15.0,0.43,15.0,0.71,15.0,0.7,15.0,0.81,15.0,0.82,15.0,0.21,0.1,43.470295,1776208401000
1776208403.262,203.262,0.21,15.0,0.2,15.0,0.42,15.0,0.43,15.0,0.58,15.0,0.57,15.0,0.79,15.0,0.8,15.0,0.21,0.21,43.470307,1776208402000
1776208404.236,204.236,0.21,15.0,0.2,15.0,0.42,15.0,0.43,15.0,0.58,15.0,0.57,15.0,0.79,15.0,0.8,15.0,0.21,0.21,43.470404,1776208403000
1776208405.343,205.343,0.21,15.0,0.2,15.0,0.42,15.0,0.43,15.0,0.58,15.0,0.57,15.0,0.79,15.0,0.8,15.0,0.21,0.21,43.470394,1776208404000
1776208405.948,205.948,0.21,15.0,0.2,15.0,0.42,15.0,0.43,15.0,0.58,15.0,0.57,15.0,0.79,15.0,0.8,15.0,0.21,0.21,43.470229,1776208405000
1776208407.117,207.117,0.21,15.0,0.2,15.0,0.42,15.0,0.43,15.0,0.58,15.0,0.57,15.0,0.79,15.0,0.8,15.0,0.21,0.21,43.470351,1776208406000
1776208408.239,208.239,0.21,15.0,0.2,15.0,0.42,15.0,0.43,15.0,0.58,15.0,0.57,15.0,0.79,15.0,0.8,15.0,0.21,0.21,43.470205,1776208407000
1776208409.31,209.31,0.21,15.0,0.2,15.0,0.42,15.0,0.43,15.0,0.58,15.0,0.57,15.0,0.79,15.0,0.8,15.0,0.21,0.21,43.47021,1776208408000
1776208410.098,210.098,0.21,15.0,0.2,15.0,0.42,15.0,0.43,15.0,0.58,15.0,0.57,15.0,0.79,15.0,0.8,15.0,0.21,0.21,43.47021,1776208409000
1776208411.145,211.145,0.21,15.0,0.2,15.0,0.42,15.0,0.43,15.0,0.58,15.0,0.57,15.0,0.79,15.0,0.8,15.0,0.21,0.21,43.470154,1776208410000
1776208412.328,212.328,0.21,15.0,0.2,15.0,0.42,15.0,0.43,15.0,0.58,15.0,0.57,15.0,0.79,15.0,0.8,15.0,0.21,0.21,43.470142,1776208411000
1776208412.883,212.883,0.21,15.0,0.2,15.0,0.42,15.0,0.43,15.0,0.58,15.0,0.57,15.0,0.79,15.0,0.8,15.0,0.21,0.21,43.470142,1776208412000
1776208413.959,213.959,0.21,15.0,0.2,15.0,0.42,15.0,0.43,15.0,0.58,15.0,0.57,15.0,0.79,15.0,0.8,15.0,0.21,0.21,43.470304,1776208413000
1776208414.93,214.93,0.21,15.0,0.2,15.0,0.42,15.0,0.43,15.0,0.58,15.0,0.57,15.0,0.79,15.0,0.8,15.0,0.21,0.21,43.470025,1776208414000
1776208416.005,216.005,0.21,15.0,0.2,15.0,0.42,15.0,0.43,15.0,0.58,15.0,0.57,15.0,0.79,15.0,0.8,15.0,0.21,0.21,43.470294,1776208415000
1776208417.011,217.011,0.21,15.0,0.2,15.0,0.42,15.0,0.43,15.0,0.58,15.0,0.57,15.0,0.79,15.0,0.8,15.0,0.21,0.21,43.470335,1776208416000
1776208418.094,218.094,0.21,15.0,0.2,15.0,0.42,15.0,0.43,15.0,0.58,15.0,0.57,15.0,0.79,15.0,0.8,15.0,0.21,0.21,43.470334,1776208417000
1776208419.132,219.132,0.21,15.0,0.2,15.0,0.42,15.0,0.43,15.0,0.58,15.0,0.57,15.0,0.79,15.0,0.8,15.0,0.21,0.21,43.470347,1776208418000
1776208420.123,220.123,0.21,15.0,0.2,15.0,0.42,15.0,0.43,15.0,0.58,15.0,0.57,15.0,0.79,15.0,0.8,15.0,0.21,0.21,43.470353,1776208419000
1776208421.201,221.201,0.21,15.0,0.2,15.0,0.42,15.0,0.43,15.0,0.58,15.0,0.57,15.0,0.79,15.0,0.8,15.0,0.21,0.21,43.470353,1776208420000
1776208422.304,222.304,0.21,15.0,0.2,15.0,0.42,15.0,0.43,15.0,0.58,15.0,0.57,15.0,0.79,15.0,0.8,15.0,0.21,0.21,43.470249,1776208421000
1776208422.941,222.941,0.21,15.0,0.2,15.0,0.42,15.0,0.43,15.0,0.58,15.0,0.57,15.0,0.79,15.0,0.8,15.0,0.21,0.21,43.470249,1776208422000
1776208423.919,223.919,0.21,15.0,0.2,15.0,0.42,15.0,0.43,15.0,0.58,15.0,0.57,15.0,0.79,15.0,0.8,15.0,0.21,0.21,43.470081,1776208423000
1776208425.541,225.541,0.21,15.0,0.2,15.0,0.42,15.0,0.43,15.0,0.58,15.0,0.57,15.0,0.79,15.0,0.8,15.0,0.21,0.21,43.47025,1776208424000
1776208426.143,226.143,0.21,15.0,0.2,15.0,0.42,15.0,0.43,15.0,0.58,15.0,0.57,15.0,0.79,15.0,0.8,15.0,0.21,0.21,43.470249,1776208425000
1776208427.093,227.093,0.21,15.0,0.2,15.0,0.42,15.0,0.43,15.0,0.58,15.0,0.57,15.0,0.79,15.0,0.8,15.0,0.21,0.21,43.470249,1776208426000
1776208427.577,227.577,0.19,10.0,0.16,89.0,0.39,14.07,0.4,15.0,0.58,15.0,0.57,15.0,0.79,15.0,0.8,15.0,0.2,0.21,43.470249,1776208426000
1776208428.096,228.096,0.19,10.0,0.16,89.0,0.39,14.07,0.4,15.0,0.61,14.07,0.6,15.0,0.81,10.0,0.84,89.0,0.2,0.2,43.470082,1776208427000
1776208429.046,229.046,0.19,10.0,0.16,89.0,0.39,14.07,0.4,15.0,0.61,14.07,0.6,15.0,0.81,10.0,0.84,89.0,0.2,0.2,43.470069,1776208428000
1776208430.161,230.161,0.19,10.0,0.16,89.0,0.39,14.07,0.4,15.0,0.61,14.07,0.6,15.0,0.81,10.0,0.84,89.0,0.2,0.2,43.470538,1776208429000
1776208431.155,231.155,0.19,10.0,0.16,89.0,0.39,14.07,0.4,15.0,0.61,14.07,0.6,15.0,0.81,10.0,0.84,89.0,0.2,0.2,43.470242,1776208430000
1776208432.152,232.152,0.19,10.0,0.16,89.0,0.39,14.07,0.4,15.0,0.61,14.07,0.6,15.0,0.81,10.0,0.84,89.0,0.2,0.2,43.470371,1776208431000
1776208433.187,233.187,0.19,10.0,0.16,89.0,0.39,14.07,0.4,15.0,0.61,14.07,0.6,15.0,0.81,10.0,0.84,89.0,0.2,0.2,43.470369,1776208432000
1776208434.149,234.149,0.19,10.0,0.16,89.0,0.39,14.07,0.4,15.0,0.61,14.07,0.6,15.0,0.81,10.0,0.84,89.0,0.2,0.2,43.470219,1776208433000
1776208435.304,235.304,0.19,10.0,0.16,89.0,0.39,14.07,0.4,15.0,0.61,14.07,0.6,15.0,0.81,10.0,0.84,89.0,0.2,0.2,43.470269,1776208434000
1776208436.234,236.234,0.19,10.0,0.16,89.0,0.39,14.07,0.4,15.0,0.61,14.07,0.6,15.0,0.81,10.0,0.84,89.0,0.2,0.2,43.470516,1776208435000
1776208437.31,237.31,0.19,10.0,0.16,89.0,0.39,14.07,0.4,15.0,0.61,14.07,0.6,15.0,0.81,10.0,0.84,89.0,0.2,0.2,43.470483,1776208436000
1776208438.282,238.282,0.19,10.0,0.16,89.0,0.39,14.07,0.4,15.0,0.61,14.07,0.6,15.0,0.81,10.0,0.84,89.0,0.2,0.2,43.470354,1776208437000
1776208438.567,238.567,0.18,7.5,0.17,15.0,0.29,15.0,0.3,15.0,0.61,14.07,0.6,15.0,0.81,10.0,0.84,89.0,0.11,0.2,43.470354,1776208437000
1776208439.434,239.434,0.18,7.5,0.17,15.0,0.29,15.0,0.3,15.0,0.71,15.0,0.7,15.0,0.82,7.5,0.83,15.0,0.11,0.11,43.470433,1776208438000
1776208440.002,240.002,0.18,7.5,0.17,15.0,0.29,15.0,0.3,15.0,0.71,15.0,0.7,15.0,0.82,7.5,0.83,15.0,0.11,0.11,43.470537,1776208439000
1776208441.172,241.172,0.18,7.5,0.17,15.0,0.29,15.0,0.3,15.0,0.71,15.0,0.7,15.0,0.82,7.5,0.83,15.0,0.11,0.11,43.470536,1776208440000
1776208442.317,242.317,0.18,7.5,0.17,15.0,0.29,15.0,0.3,15.0,0.71,15.0,0.7,15.0,0.82,7.5,0.83,15.0,0.11,0.11,43.470508,1776208441000
1776208442.854,242.854,0.18,7.5,0.17,15.0,0.29,15.0,0.3,15.0,0.71,15.0,0.7,15.0,0.82,7.5,0.83,15.0,0.11,0.11,43.470831,1776208442000
1776208443.994,243.994,0.18,7.5,0.17,15.0,0.29,15.0,0.3,15.0,0.71,15.0,0.7,15.0,0.82,7.5,0.83,15.0,0.11,0.11,43.470831,1776208443000
1776208445.142,245.142,0.18,7.5,0.17,15.0,0.29,15.0,0.3,15.0,0.71,15.0,0.7,15.0,0.82,7.5,0.83,15.0,0.11,0.11,43.470093,1776208444000
1776208446.292,246.292,0.18,7.5,0.17,15.0,0.29,15.0,0.3,15.0,0.71,15.0,0.7,15.0,0.82,7.5,0.83,15.0,0.11,0.11,43.470257,1776208445000
1776208446.893,246.893,0.18,7.5,0.17,15.0,0.29,15.0,0.3,15.0,0.71,15.0,0.7,15.0,0.82,7.5,0.83,15.0,0.11,0.11,43.470214,1776208446000
1776208447.981,247.981,0.18,7.5,0.17,15.0,0.29,15.0,0.3,15.0,0.71,15.0,0.7,15.0,0.82,7.5,0.83,15.0,0.11,0.11,43.470199,1776208447000
1776208449.142,249.142,0.18,7.5,0.17,15.0,0.29,15.0,0.3,15.0,0.71,15.0,0.7,15.0,0.82,7.5,0.83,15.0,0.11,0.11,43.470503,1776208448000
1776208449.684,249.684,0.11,15.0,0.1,15.0,0.25,19.6,0.26,15.0,0.71,15.0,0.7,15.0,0.82,7.5,0.83,15.0,0.14,0.11,43.470503,1776208448000
1776208450.283,250.283,0.11,15.0,0.1,15.0,0.25,19.6,0.26,15.0,0.75,19.6,0.74,15.0,0.89,15.0,0.9,15.0,0.14,0.14,43.470449,1776208449000
1776208451.34,251.34,0.11,15.0,0.1,15.0,0.25,19.6,0.26,15.0,0.75,19.6,0.74,15.0,0.89,15.0,0.9,15.0,0.14,0.14,43.470449,1776208450000
1776208451.864,251.864,0.11,15.0,0.1,15.0,0.25,19.6,0.26,15.0,0.75,19.6,0.74,15.0,0.89,15.0,0.9,15.0,0.14,0.14,43.470255,1776208451000
1776208453.174,253.174,0.11,15.0,0.1,15.0,0.25,19.6,0.26,15.0,0.75,19.6,0.74,15.0,0.89,15.0,0.9,15.0,0.14,0.14,43.466536,1776208452000
1776208454.893,254.893,0.11,15.0,0.1,15.0,0.25,19.6,0.26,15.0,0.75,19.6,0.74,15.0,0.89,15.0,0.9,15.0,0.14,0.14,43.452611,1776208453000
1776208455.344,255.344,0.04,2.91,0.02,10.0,0.1,10.0,0.12,13.0,0.75,19.6,0.74,15.0,0.89,15.0,0.9,15.0,0.06,0.14,43.452611,1776208453000
1776208455.819,255.819,0.04,0.82,0.02,10.0,0.1,10.0,0.13,15.0,0.9,10.0,0.87,15.0,0.96,0.82,0.98,10.0,0.06,0.06,43.45131,1776208454000
1776208456.404,256.404,0.04,0.82,0.02,10.0,0.1,10.0,0.13,15.0,0.9,10.0,0.87,15.0,0.96,0.82,0.98,10.0,0.06,0.06,43.454579,1776208455000
1776208457.152,257.152,0.04,0.82,0.02,10.0,0.1,10.0,0.13,15.0,0.9,10.0,0.87,15.0,0.96,0.82,0.98,10.0,0.06,0.06,43.44631,1776208456000
1776208458.623,258.623,0.04,0.82,0.02,10.0,0.1,10.0,0.13,15.0,0.9,10.0,0.87,15.0,0.96,0.82,0.98,10.0,0.06,0.06,43.446103,1776208457000
1776208459.289,259.289,0.04,0.82,0.02,10.0,0.1,10.0,0.13,15.0,0.9,10.0,0.87,15.0,0.96,0.82,0.98,10.0,0.06,0.06,43.452677,1776208458000
1776208460.046,260.046,0.04,0.82,0.02,10.0,0.1,10.0,0.13,15.0,0.9,10.0,0.87,15.0,0.96,0.82,0.98,10.0,0.06,0.06,43.453231,1776208459000
1776208461.174,261.174,0.01,295.82,,,0.05,15.0,0.06,40.0,0.94,15.0,0.93,15.0,0.96,0.82,0.98,10.0,0.04,0.02,43.453231,1776208459000
1776208461.389,261.389,0.01,295.82,,,0.05,15.0,0.06,40.0,0.95,15.0,0.94,40.0,0.99,295.82,,,0.04,0.04,43.453257,1776208460000
1776208461.627,261.627,0.01,295.82,,,0.05,15.0,0.06,40.0,0.95,15.0,0.94,40.0,0.99,295.82,,,0.04,0.04,43.453257,1776208460000
1776208462.159,262.159,0.01,295.82,,,0.05,15.0,0.06,40.0,0.95,15.0,0.94,40.0,0.99,295.82,,,0.04,0.04,43.453253,1776208461000
1776208463.649,263.649,0.01,295.82,,,0.05,15.0,0.06,40.0,0.95,15.0,0.94,40.0,0.99,295.82,,,0.04,0.04,43.453267,1776208462000
1776208464.329,264.329,0.01,295.82,,,0.05,15.0,0.06,40.0,0.95,15.0,0.94,40.0,0.99,295.82,,,0.04,0.04,43.453428,1776208463000
1776208464.973,264.973,0.01,295.82,,,0.05,15.0,0.06,40.0,0.95,15.0,0.94,40.0,0.99,295.82,,,0.04,0.04,43.454431,1776208464000
1776208466.488,266.488,0.01,295.82,,,0.05,15.0,0.06,40.0,0.95,15.0,0.94,40.0,0.99,295.82,,,0.04,0.04,43.455413,1776208465000
1776208467.224,267.224,0.01,295.82,,,0.05,15.0,0.06,40.0,0.95,15.0,0.94,40.0,0.99,295.82,,,0.04,0.04,43.455403,1776208466000
1776208467.64,267.64,0.02,15.0,0.01,295.82,0.06,15.0,0.07,27.0,0.95,15.0,0.94,40.0,0.99,295.82,,,0.04,0.04,43.455403,1776208466000
1776208468.745,268.745,0.02,15.0,0.01,295.82,0.06,15.0,0.07,27.0,0.94,15.0,0.93,27.0,0.98,15.0,0.99,295.82,0.04,0.04,43.455413,1776208467000
1776208469.474,269.474,0.02,15.0,0.01,295.82,0.06,15.0,0.07,27.0,0.94,15.0,0.93,27.0,0.98,15.0,0.99,295.82,0.04,0.04,43.45541,1776208468000
1776208470.193,270.193,0.02,15.0,0.01,295.82,0.06,15.0,0.07,27.0,0.94,15.0,0.93,27.0,0.98,15.0,0.99,295.82,0.04,0.04,43.455409,1776208469000
1776208470.639,270.639,0.02,15.0,0.01,295.82,0.05,15.0,0.06,15.0,0.94,15.0,0.93,27.0,0.98,15.0,0.99,295.82,0.03,0.04,43.455409,1776208469000
1776208471.994,271.994,0.02,15.0,0.01,295.82,0.05,15.0,0.06,15.0,0.95,15.0,0.94,15.0,0.98,15.0,0.99,295.82,0.03,0.03,43.455391,1776208471000
1776208473.443,273.443,0.02,15.0,0.01,295.82,0.05,15.0,0.06,15.0,0.95,15.0,0.94,15.0,0.98,15.0,0.99,295.82,0.03,0.03,43.455385,1776208472000
1776208473.779,273.779,0.05,13.94,0.04,15.0,0.1,27.0,0.11,15.0,0.95,15.0,0.94,15.0,0.98,15.0,0.99,295.82,0.05,0.03,43.455385,1776208472000
1776208474.114,274.114,0.05,13.94,0.04,15.0,0.1,27.0,0.11,15.0,0.9,27.0,0.89,15.0,0.95,13.94,0.96,15.0,0.05,0.05,43.455385,1776208473000
1776208475.257,275.257,0.05,13.94,0.04,15.0,0.1,27.0,0.11,15.0,0.9,27.0,0.89,15.0,0.95,13.94,0.96,15.0,0.05,0.05,43.45543,1776208474000
1776208476.44,276.44,0.05,13.94,0.04,15.0,0.1,27.0,0.11,15.0,0.9,27.0,0.89,15.0,0.95,13.94,0.96,15.0,0.05,0.05,43.455177,1776208475000
1776208477.034,277.034,0.05,13.94,0.04,15.0,0.1,27.0,0.11,15.0,0.9,27.0,0.89,15.0,0.95,13.94,0.96,15.0,0.05,0.05,43.455177,1776208476000
1776208478.036,278.036,0.05,13.94,0.04,15.0,0.1,27.0,0.11,15.0,0.9,27.0,0.89,15.0,0.95,13.94,0.96,15.0,0.05,0.05,43.455148,1776208477000
1776208478.416,278.416,0.01,150.82,,,0.1,49.0,0.51,10.0,0.9,27.0,0.89,15.0,0.95,13.94,0.96,15.0,0.09,0.05,43.455148,1776208477000
1776208479.495,279.495,0.01,150.82,,,0.1,49.0,0.51,10.0,0.9,49.0,0.49,10.0,0.99,150.82,,,0.09,0.09,43.455148,1776208478000
1776208480.147,280.147,0.01,150.82,,,0.1,49.0,0.51,10.0,0.9,49.0,0.49,10.0,0.99,150.82,,,0.09,0.09,43.455334,1776208479000
1776208481.297,281.297,0.01,150.82,,,0.1,49.0,0.51,10.0,0.9,49.0,0.49,10.0,0.99,150.82,,,0.09,0.09,43.455329,1776208480000
1776208482.406,282.406,0.01,150.82,,,0.1,49.0,0.51,10.0,0.9,49.0,0.49,10.0,0.99,150.82,,,0.09,0.09,43.455277,1776208481000
1776208482.915,282.915,0.01,150.82,,,0.1,49.0,0.51,10.0,0.9,49.0,0.49,10.0,0.99,150.82,,,0.09,0.09,43.455276,1776208482000
1776208484.082,284.082,0.01,150.82,,,0.1,49.0,0.51,10.0,0.9,49.0,0.49,10.0,0.99,150.82,,,0.09,0.09,43.452291,1776208483000
1776208485.187,285.187,0.01,150.82,,,0.1,49.0,0.51,10.0,0.9,49.0,0.49,10.0,0.99,150.82,,,0.09,0.09,43.451922,1776208484000
1776208485.46,285.46,0.01,145.82,,,0.1,49.0,0.51,10.0,0.9,49.0,0.49,10.0,0.99,150.82,,,0.09,0.09,43.451922,1776208484000
1776208486.122,286.122,0.01,145.82,,,0.51,9.6,0.7,100.0,0.9,49.0,0.49,10.0,0.99,145.82,,,0.5,0.09,43.451922,1776208484000
1776208486.418,286.418,0.01,140.77,,,0.13,10.0,0.51,9.6,0.49,9.6,0.3,100.0,0.99,145.82,,,0.12,0.5,43.451922,1776208484000
1776208486.796,286.796,0.01,127.04,,,0.13,10.0,0.51,9.6,0.87,10.0,0.49,9.6,0.99,135.72,,,0.12,0.12,43.452047,1776208485000
1776208487.795,287.795,0.01,127.04,,,0.13,10.0,0.51,9.6,0.87,10.0,0.49,9.6,0.99,127.04,,,0.12,0.12,43.449847,1776208486000
1776208488.327,288.327,0.01,127.04,,,0.13,10.0,0.51,9.6,0.87,10.0,0.49,9.6,0.99,127.04,,,0.12,0.12,43.454102,1776208487000
1776208489.0,289.0,0.01,127.04,,,0.13,10.0,0.51,9.6,0.87,10.0,0.49,9.6,0.99,127.04,,,0.12,0.12,43.451197,1776208488000
1776208490.257,290.257,,,,,0.01,872.96,0.13,10.0,0.87,10.0,0.49,9.6,0.99,127.04,,,,0.12,43.451197,1776208488000
1776208490.735,290.735,,,,,0.01,872.96,0.13,10.0,0.99,872.96,0.87,10.0,,,,,,,43.451679,1776208489000
1776208491.437,291.437,,,,,0.01,872.96,0.13,10.0,0.99,872.96,0.87,10.0,,,,,,,43.451679,1776208490000
1776208492.619,292.619,,,,,0.01,872.96,0.13,10.0,0.99,872.96,0.87,10.0,,,,,,,43.452083,1776208491000
1776208493.302,293.302,,,,,0.01,872.96,0.13,10.0,0.99,872.96,0.87,10.0,,,,,,,43.451944,1776208492000
1776208494.517,294.517,,,,,0.01,872.96,0.13,10.0,0.99,872.96,0.87,10.0,,,,,,,43.453302,1776208493000
1776208495.105,295.105,,,,,0.01,872.96,0.13,10.0,0.99,872.96,0.87,10.0,,,,,,,43.453318,1776208494000
1776208496.306,296.306,,,,,0.01,872.96,0.13,10.0,0.99,872.96,0.87,10.0,,,,,,,43.453318,1776208495000
1776208496.964,296.964,,,,,0.01,872.96,0.13,10.0,0.99,872.96,0.87,10.0,,,,,,,43.453206,1776208496000
1776208498.466,298.466,,,,,0.01,872.96,0.13,10.0,0.99,872.96,0.87,10.0,,,,,,,43.453044,1776208497000
1776208499.151,299.151,,,,,0.01,872.96,0.13,10.0,0.99,872.96,0.87,10.0,,,,,,,43.453044,1776208498000
1776208500.449,300.449,,,,,0.01,872.96,0.13,10.0,0.99,872.96,0.87,10.0,,,,,,,43.453042,1776208499000
1776208501.039,301.039,,,,,0.01,872.96,0.13,10.0,0.99,872.96,0.87,10.0,,,,,,,43.453048,1776208500000

# RESULT,winner=Down,slug=hype-updown-5m-1776208200,ticks=320
