timestamp,elapsed_sec,up_bid_p1,up_bid_s1,up_bid_p2,up_bid_s2,up_ask_p1,up_ask_s1,up_ask_p2,up_ask_s2,down_bid_p1,down_bid_s1,down_bid_p2,down_bid_s2,down_ask_p1,down_ask_s1,down_ask_p2,down_ask_s2,up_spread,down_spread,hype_price,hype_oracle_ts
1776380401.205,1.205,0.41,5.0,0.4,65.0,0.5,44.0,0.59,5.0,0.5,44.0,0.41,5.0,0.59,5.0,0.6,65.0,0.09,0.09,43.60758,1776380400000
1776380402.344,2.344,0.41,5.0,0.4,65.0,0.5,44.0,0.59,5.0,0.5,44.0,0.41,5.0,0.59,5.0,0.6,65.0,0.09,0.09,43.607682,1776380401000
1776380404.069,4.069,0.41,5.0,0.4,65.0,0.5,44.0,0.59,5.0,0.5,44.0,0.41,5.0,0.59,5.0,0.6,65.0,0.09,0.09,43.610661,1776380403000
1776380405.361,5.361,0.41,5.0,0.4,65.0,0.5,44.0,0.59,5.0,0.5,44.0,0.41,5.0,0.59,5.0,0.6,65.0,0.09,0.09,43.608351,1776380404000
1776380406.369,6.369,0.41,5.0,0.4,65.0,0.5,44.0,0.59,5.0,0.5,44.0,0.41,5.0,0.59,5.0,0.6,65.0,0.09,0.09,43.609885,1776380405000
1776380407.106,7.106,0.41,5.0,0.4,65.0,0.5,44.0,0.59,5.0,0.5,44.0,0.41,5.0,0.59,5.0,0.6,65.0,0.09,0.09,43.609171,1776380406000
1776380408.309,8.309,0.41,5.0,0.4,65.0,0.5,44.0,0.59,5.0,0.5,44.0,0.41,5.0,0.59,5.0,0.6,65.0,0.09,0.09,43.603158,1776380407000
1776380409.402,9.402,0.41,5.0,0.4,65.0,0.5,44.0,0.59,5.0,0.5,44.0,0.41,5.0,0.59,5.0,0.6,65.0,0.09,0.09,43.600618,1776380408000
1776380410.012,10.012,0.41,5.0,0.4,65.0,0.5,44.0,0.59,5.0,0.5,44.0,0.41,5.0,0.59,5.0,0.6,65.0,0.09,0.09,43.596786,1776380409000
1776380411.271,11.271,0.41,5.0,0.4,65.0,0.5,44.0,0.59,5.0,0.5,44.0,0.41,5.0,0.59,5.0,0.6,65.0,0.09,0.09,43.597687,1776380410000
1776380412.528,12.528,0.41,5.0,0.4,65.0,0.5,44.0,0.59,5.0,0.5,44.0,0.41,5.0,0.59,5.0,0.6,65.0,0.09,0.09,43.59468,1776380411000
1776380413.039,13.039,0.41,5.0,0.4,65.0,0.5,44.0,0.59,5.0,0.5,44.0,0.41,5.0,0.59,5.0,0.6,65.0,0.09,0.09,43.59468,1776380412000
1776380414.247,14.247,0.41,5.0,0.4,65.0,0.5,44.0,0.59,5.0,0.5,44.0,0.41,5.0,0.59,5.0,0.6,65.0,0.09,0.09,43.595017,1776380413000
1776380415.487,15.487,0.41,5.0,0.4,65.0,0.5,44.0,0.59,5.0,0.5,44.0,0.41,5.0,0.59,5.0,0.6,65.0,0.09,0.09,43.595268,1776380414000
1776380416.123,16.123,0.41,5.0,0.4,65.0,0.5,44.0,0.59,5.0,0.5,44.0,0.41,5.0,0.59,5.0,0.6,65.0,0.09,0.09,43.594847,1776380415000
1776380417.279,17.279,0.41,5.0,0.4,65.0,0.5,44.0,0.59,5.0,0.5,44.0,0.41,5.0,0.59,5.0,0.6,65.0,0.09,0.09,43.594863,1776380416000
1776380417.976,17.976,0.41,5.0,0.4,65.0,0.5,44.0,0.59,5.0,0.5,44.0,0.41,5.0,0.59,5.0,0.6,65.0,0.09,0.09,43.594898,1776380417000
1776380420.131,20.131,0.41,5.0,0.4,65.0,0.5,44.0,0.59,5.0,0.5,44.0,0.41,5.0,0.59,5.0,0.6,65.0,0.09,0.09,43.594822,1776380418000
1776380420.641,20.641,0.41,5.0,0.4,65.0,0.5,44.0,0.59,5.0,0.5,44.0,0.41,5.0,0.59,5.0,0.6,65.0,0.09,0.09,43.594822,1776380419000
1776380421.332,21.332,0.41,5.0,0.4,65.0,0.5,44.0,0.59,5.0,0.5,44.0,0.41,5.0,0.59,5.0,0.6,65.0,0.09,0.09,43.594822,1776380420000
1776380422.255,22.255,0.41,5.0,0.4,65.0,0.5,44.0,0.59,5.0,0.5,44.0,0.41,5.0,0.59,5.0,0.6,65.0,0.09,0.09,43.594822,1776380421000
1776380423.465,23.465,0.41,5.0,0.4,65.0,0.5,44.0,0.59,5.0,0.5,44.0,0.41,5.0,0.59,5.0,0.6,65.0,0.09,0.09,43.592704,1776380422000
1776380424.146,24.146,0.41,5.0,0.4,65.0,0.5,44.0,0.59,5.0,0.5,44.0,0.41,5.0,0.59,5.0,0.6,65.0,0.09,0.09,43.589814,1776380423000
1776380425.427,25.427,0.41,5.0,0.4,65.0,0.5,44.0,0.59,5.0,0.5,44.0,0.41,5.0,0.59,5.0,0.6,65.0,0.09,0.09,43.582803,1776380424000
1776380426.018,26.018,0.41,5.0,0.4,65.0,0.5,44.0,0.59,5.0,0.5,44.0,0.41,5.0,0.59,5.0,0.6,65.0,0.09,0.09,43.582855,1776380425000
1776380427.121,27.121,0.41,5.0,0.4,65.0,0.5,44.0,0.59,5.0,0.5,44.0,0.41,5.0,0.59,5.0,0.6,65.0,0.09,0.09,43.582336,1776380426000
1776380428.16,28.16,0.41,5.0,0.4,65.0,0.5,44.0,0.59,5.0,0.5,44.0,0.41,5.0,0.59,5.0,0.6,65.0,0.09,0.09,43.582472,1776380427000
1776380429.713,29.713,0.41,5.0,0.4,65.0,0.5,44.0,0.59,5.0,0.5,44.0,0.41,5.0,0.59,5.0,0.6,65.0,0.09,0.09,43.582465,1776380428000
1776380430.286,30.286,0.28,15.33,0.14,8.0,0.38,8.0,0.39,8.0,0.5,44.0,0.41,5.0,0.59,5.0,0.6,65.0,0.1,0.09,43.582465,1776380428000
1776380431.465,31.465,0.28,15.33,0.14,8.0,0.38,8.0,0.39,8.0,0.62,8.0,0.61,8.0,0.72,15.33,0.86,8.0,0.1,0.1,43.582891,1776380430000
1776380432.097,32.097,0.28,15.33,0.14,8.0,0.38,8.0,0.39,8.0,0.62,8.0,0.61,8.0,0.72,15.33,0.86,8.0,0.1,0.1,43.582891,1776380431000
1776380433.041,33.041,0.28,13.94,0.21,50.0,0.42,8.0,0.43,8.0,0.62,8.0,0.61,8.0,0.72,15.33,0.86,8.0,0.14,0.1,43.582891,1776380431000
1776380434.103,34.103,0.28,13.94,0.21,50.0,0.42,8.0,0.43,8.0,0.58,8.0,0.57,8.0,0.72,13.94,0.79,50.0,0.14,0.14,43.589374,1776380433000
1776380435.265,35.265,0.28,13.94,0.21,50.0,0.42,8.0,0.43,8.0,0.58,8.0,0.57,8.0,0.72,13.94,0.79,50.0,0.14,0.14,43.589155,1776380434000
1776380436.87,36.87,0.28,13.94,0.21,50.0,0.42,8.0,0.43,8.0,0.58,8.0,0.57,8.0,0.72,13.94,0.79,50.0,0.14,0.14,43.589497,1776380435000
1776380437.703,37.703,0.28,13.94,0.21,50.0,0.42,8.0,0.43,8.0,0.58,8.0,0.57,8.0,0.72,13.94,0.79,50.0,0.14,0.14,43.589621,1776380436000
1776380438.359,38.359,0.28,13.94,0.21,50.0,0.42,8.0,0.43,8.0,0.58,8.0,0.57,8.0,0.72,13.94,0.79,50.0,0.14,0.14,43.590237,1776380437000
1776380439.224,39.224,0.28,13.94,0.21,50.0,0.42,8.0,0.43,8.0,0.58,8.0,0.57,8.0,0.72,13.94,0.79,50.0,0.14,0.14,43.590675,1776380438000
1776380439.537,39.537,0.43,8.89,0.4,8.0,0.5,44.0,0.61,50.0,0.58,8.0,0.57,8.0,0.72,13.94,0.79,50.0,0.07,0.14,43.590675,1776380438000
1776380440.776,40.776,0.43,8.89,0.4,8.0,0.5,44.0,0.61,50.0,0.5,44.0,0.39,50.0,0.57,8.89,0.6,8.0,0.07,0.07,43.595937,1776380439000
1776380441.484,41.484,0.43,8.89,0.4,8.0,0.5,44.0,0.61,50.0,0.5,44.0,0.39,50.0,0.57,8.89,0.6,8.0,0.07,0.07,43.599734,1776380440000
1776380442.04,42.04,0.46,81.0,0.45,8.0,0.5,24.82,0.7,8.0,0.5,34.82,0.3,8.0,0.54,73.0,0.57,8.0,0.04,0.04,43.599734,1776380440000
1776380442.332,42.332,0.46,81.0,0.45,8.0,0.5,14.82,0.7,8.0,0.5,24.82,0.3,8.0,0.54,81.0,0.55,8.0,0.04,0.04,43.61074,1776380441000
1776380442.883,42.883,0.49,71.0,0.48,8.0,0.5,10.82,0.71,50.0,0.5,14.82,0.3,8.0,0.54,81.0,0.55,8.0,0.01,0.04,43.61074,1776380441000
1776380443.66,43.66,0.49,71.0,0.48,8.0,0.5,5.72,0.71,50.0,0.5,5.72,0.29,50.0,0.51,71.0,0.52,8.0,0.01,0.01,43.612492,1776380442000
1776380444.429,44.429,0.49,71.0,0.48,8.0,0.5,5.72,0.71,50.0,0.5,5.72,0.29,50.0,0.51,71.0,0.52,8.0,0.01,0.01,43.618646,1776380443000
1776380445.171,45.171,0.49,71.0,0.48,8.0,0.5,5.72,0.71,50.0,0.5,5.72,0.29,50.0,0.51,71.0,0.52,8.0,0.01,0.01,43.624721,1776380444000
1776380446.546,46.546,0.49,71.0,0.48,8.0,0.5,5.72,0.71,50.0,0.5,5.72,0.29,50.0,0.51,71.0,0.52,8.0,0.01,0.01,43.625957,1776380445000
1776380447.3,47.3,0.49,71.0,0.48,8.0,0.5,5.72,0.71,50.0,0.5,5.72,0.29,50.0,0.51,71.0,0.52,8.0,0.01,0.01,43.626149,1776380446000
1776380448.604,48.604,0.51,44.28,0.49,63.0,0.77,15.0,0.78,21.0,0.5,5.72,0.29,50.0,0.51,71.0,0.52,8.0,0.26,0.01,43.626149,1776380446000
1776380448.857,48.857,0.51,44.28,0.49,63.0,0.77,15.0,0.78,21.0,0.23,15.0,0.22,21.0,0.49,44.28,0.51,63.0,0.26,0.26,43.626193,1776380447000
1776380449.75,49.75,0.61,8.0,0.57,8.0,0.76,13.42,0.77,15.0,0.24,13.42,0.23,15.0,0.39,8.0,0.43,8.0,0.15,0.15,43.626355,1776380448000
1776380450.54,50.54,0.61,8.0,0.57,8.0,0.76,13.42,0.77,15.0,0.24,13.42,0.23,15.0,0.39,8.0,0.43,8.0,0.15,0.15,43.628527,1776380449000
1776380451.377,51.377,0.61,8.0,0.57,8.0,0.76,13.42,0.77,15.0,0.24,13.42,0.23,15.0,0.39,8.0,0.43,8.0,0.15,0.15,43.630991,1776380450000
1776380452.804,52.804,0.61,8.0,0.57,8.0,0.76,13.42,0.77,15.0,0.24,13.42,0.23,15.0,0.39,8.0,0.43,8.0,0.15,0.15,43.634728,1776380451000
1776380453.577,53.577,0.61,8.0,0.57,8.0,0.76,13.42,0.77,15.0,0.24,13.42,0.23,15.0,0.39,8.0,0.43,8.0,0.15,0.15,43.636779,1776380452000
1776380455.048,55.048,0.61,8.0,0.57,8.0,0.76,13.42,0.77,15.0,0.24,13.42,0.23,15.0,0.39,8.0,0.43,8.0,0.15,0.15,43.637982,1776380453000
1776380455.893,55.893,0.61,8.0,0.57,8.0,0.76,13.42,0.77,15.0,0.24,13.42,0.23,15.0,0.39,8.0,0.43,8.0,0.15,0.15,43.637065,1776380454000
1776380456.753,56.753,0.61,8.0,0.57,8.0,0.76,13.42,0.77,15.0,0.24,13.42,0.23,15.0,0.39,8.0,0.43,8.0,0.15,0.15,43.636975,1776380455000
1776380457.484,57.484,0.61,8.0,0.57,8.0,0.76,13.42,0.77,15.0,0.24,13.42,0.23,15.0,0.39,8.0,0.43,8.0,0.15,0.15,43.636934,1776380456000
1776380458.135,58.135,0.61,8.0,0.57,8.0,0.76,13.42,0.77,15.0,0.24,13.42,0.23,15.0,0.39,8.0,0.43,8.0,0.15,0.15,43.636934,1776380457000
1776380459.492,59.492,0.61,8.0,0.57,8.0,0.76,13.42,0.77,15.0,0.24,13.42,0.23,15.0,0.39,8.0,0.43,8.0,0.15,0.15,43.637931,1776380458000
1776380460.075,60.075,0.61,8.0,0.57,8.0,0.76,13.42,0.77,15.0,0.24,13.42,0.23,15.0,0.39,8.0,0.43,8.0,0.15,0.15,43.637931,1776380459000
1776380461.282,61.282,0.61,8.0,0.57,8.0,0.76,13.42,0.77,15.0,0.24,13.42,0.23,15.0,0.39,8.0,0.43,8.0,0.15,0.15,43.638071,1776380460000
1776380462.479,62.479,0.61,8.0,0.57,8.0,0.76,13.42,0.77,15.0,0.24,13.42,0.23,15.0,0.39,8.0,0.43,8.0,0.15,0.15,43.636544,1776380461000
1776380463.045,63.045,0.61,8.0,0.57,8.0,0.76,13.42,0.77,15.0,0.24,13.42,0.23,15.0,0.39,8.0,0.43,8.0,0.15,0.15,43.634447,1776380462000
1776380464.198,64.198,0.61,8.0,0.57,8.0,0.76,13.42,0.77,15.0,0.24,13.42,0.23,15.0,0.39,8.0,0.43,8.0,0.15,0.15,43.634777,1776380463000
1776380465.401,65.401,0.61,8.0,0.57,8.0,0.76,13.42,0.77,15.0,0.24,13.42,0.23,15.0,0.39,8.0,0.43,8.0,0.15,0.15,43.634486,1776380464000
1776380465.993,65.993,0.61,8.0,0.57,8.0,0.76,13.42,0.77,15.0,0.24,13.42,0.23,15.0,0.39,8.0,0.43,8.0,0.15,0.15,43.634777,1776380465000
1776380467.228,67.228,0.61,8.0,0.57,8.0,0.76,13.42,0.77,15.0,0.24,13.42,0.23,15.0,0.39,8.0,0.43,8.0,0.15,0.15,43.635214,1776380466000
1776380468.3,68.3,0.61,8.0,0.57,8.0,0.76,13.42,0.77,15.0,0.24,13.42,0.23,15.0,0.39,8.0,0.43,8.0,0.15,0.15,43.634626,1776380467000
1776380469.562,69.562,0.61,8.0,0.57,8.0,0.76,13.42,0.77,15.0,0.24,13.42,0.23,15.0,0.39,8.0,0.43,8.0,0.15,0.15,43.635049,1776380468000
1776380470.15,70.15,0.61,8.0,0.57,8.0,0.76,13.42,0.77,15.0,0.24,13.42,0.23,15.0,0.39,8.0,0.43,8.0,0.15,0.15,43.635049,1776380469000
1776380471.618,71.618,0.61,8.0,0.57,8.0,0.76,13.42,0.77,15.0,0.24,13.42,0.23,15.0,0.39,8.0,0.43,8.0,0.15,0.15,43.635353,1776380470000
1776380472.064,72.064,0.61,8.0,0.57,8.0,0.76,13.42,0.77,15.0,0.24,13.42,0.23,15.0,0.39,8.0,0.43,8.0,0.15,0.15,43.635332,1776380471000
1776380473.329,73.329,0.61,8.0,0.57,8.0,0.76,13.42,0.77,15.0,0.24,13.42,0.23,15.0,0.39,8.0,0.43,8.0,0.15,0.15,43.635332,1776380472000
1776380473.85,73.85,0.61,8.0,0.57,8.0,0.76,13.42,0.77,15.0,0.24,13.42,0.23,15.0,0.39,8.0,0.43,8.0,0.15,0.15,43.635332,1776380473000
1776380475.074,75.074,0.61,8.0,0.57,8.0,0.76,13.42,0.77,15.0,0.24,13.42,0.23,15.0,0.39,8.0,0.43,8.0,0.15,0.15,43.636966,1776380474000
1776380476.275,76.275,0.61,8.0,0.57,8.0,0.76,13.42,0.77,15.0,0.24,13.42,0.23,15.0,0.39,8.0,0.43,8.0,0.15,0.15,43.642746,1776380475000
1776380477.51,77.51,0.61,8.0,0.57,8.0,0.76,13.42,0.77,15.0,0.24,13.42,0.23,15.0,0.39,8.0,0.43,8.0,0.15,0.15,43.64458,1776380476000
1776380478.288,78.288,0.61,8.0,0.57,8.0,0.76,13.42,0.77,15.0,0.24,13.42,0.23,15.0,0.39,8.0,0.43,8.0,0.15,0.15,43.644603,1776380477000
1776380479.218,79.218,0.61,8.0,0.57,8.0,0.76,13.42,0.77,15.0,0.24,13.42,0.23,15.0,0.39,8.0,0.43,8.0,0.15,0.15,43.645849,1776380478000
1776380480.477,80.477,0.61,8.0,0.57,8.0,0.76,13.42,0.77,15.0,0.24,13.42,0.23,15.0,0.39,8.0,0.43,8.0,0.15,0.15,43.646179,1776380479000
1776380481.203,81.203,0.61,8.0,0.57,8.0,0.76,13.42,0.77,15.0,0.24,13.42,0.23,15.0,0.39,8.0,0.43,8.0,0.15,0.15,43.6462,1776380480000
1776380482.385,82.385,0.61,8.0,0.57,8.0,0.76,13.42,0.77,15.0,0.24,13.42,0.23,15.0,0.39,8.0,0.43,8.0,0.15,0.15,43.647002,1776380481000
1776380483.063,83.063,0.61,8.0,0.57,8.0,0.76,13.42,0.77,15.0,0.24,13.42,0.23,15.0,0.39,8.0,0.43,8.0,0.15,0.15,43.647002,1776380482000
1776380483.585,83.585,0.79,37.72,0.78,23.0,0.8,15.0,0.81,15.0,0.24,13.42,0.23,15.0,0.39,8.0,0.43,8.0,0.01,0.15,43.647002,1776380482000
1776380484.335,84.335,0.79,37.72,0.78,23.0,0.8,15.0,0.81,15.0,0.2,15.0,0.19,15.0,0.21,37.72,0.22,23.0,0.01,0.01,43.653521,1776380483000
1776380484.824,84.824,0.79,37.72,0.78,8.0,0.8,10.0,0.81,15.0,0.2,15.0,0.19,15.0,0.21,37.72,0.22,23.0,0.01,0.01,43.653521,1776380483000
1776380485.222,85.222,0.79,37.72,0.78,8.0,0.8,10.0,0.81,15.0,0.2,10.0,0.19,15.0,0.21,37.72,0.22,8.0,0.01,0.01,43.660463,1776380484000
1776380486.426,86.426,0.79,37.72,0.78,8.0,0.8,10.0,0.81,15.0,0.2,10.0,0.19,15.0,0.21,37.72,0.22,8.0,0.01,0.01,43.665539,1776380485000
1776380488.534,88.534,0.78,0.77,0.69,8.0,0.79,15.0,0.8,10.0,0.21,15.0,0.2,10.0,0.22,0.77,0.31,8.0,0.01,0.01,43.665351,1776380486000
1776380489.493,89.493,0.78,0.77,0.69,8.0,0.79,15.0,0.8,10.0,0.21,15.0,0.2,10.0,0.22,0.77,0.31,8.0,0.01,0.01,43.660291,1776380488000
1776380490.593,90.593,0.78,0.77,0.69,8.0,0.79,15.0,0.8,10.0,0.21,15.0,0.2,10.0,0.22,0.77,0.31,8.0,0.01,0.01,43.649823,1776380489000
1776380491.641,91.641,0.78,0.77,0.69,8.0,0.79,15.0,0.8,10.0,0.21,15.0,0.2,10.0,0.22,0.77,0.31,8.0,0.01,0.01,43.648828,1776380490000
1776380492.593,92.593,0.78,0.77,0.69,8.0,0.79,15.0,0.8,10.0,0.21,15.0,0.2,10.0,0.22,0.77,0.31,8.0,0.01,0.01,43.64746,1776380491000
1776380493.684,93.684,0.78,0.77,0.69,8.0,0.79,15.0,0.8,10.0,0.21,15.0,0.2,10.0,0.22,0.77,0.31,8.0,0.01,0.01,43.645265,1776380492000
1776380494.525,94.525,0.78,0.77,0.69,8.0,0.79,15.0,0.8,10.0,0.21,15.0,0.2,10.0,0.22,0.77,0.31,8.0,0.01,0.01,43.646094,1776380493000
1776380495.249,95.249,0.78,0.77,0.69,8.0,0.79,15.0,0.8,10.0,0.21,15.0,0.2,10.0,0.22,0.77,0.31,8.0,0.01,0.01,43.648814,1776380494000
1776380497.177,97.177,0.78,0.77,0.69,8.0,0.79,15.0,0.8,10.0,0.21,15.0,0.2,10.0,0.22,0.77,0.31,8.0,0.01,0.01,43.64813,1776380495000
1776380498.186,98.186,0.78,0.77,0.69,8.0,0.79,15.0,0.8,10.0,0.21,15.0,0.2,10.0,0.22,0.77,0.31,8.0,0.01,0.01,43.64706,1776380496000
1776380499.33,99.33,0.78,0.77,0.69,8.0,0.79,15.0,0.8,10.0,0.21,15.0,0.2,10.0,0.22,0.77,0.31,8.0,0.01,0.01,43.647801,1776380497000
1776380500.156,100.156,0.78,0.77,0.69,8.0,0.79,15.0,0.8,10.0,0.21,15.0,0.2,10.0,0.22,0.77,0.31,8.0,0.01,0.01,43.646708,1776380499000
1776380502.156,102.156,0.78,0.77,0.69,8.0,0.79,15.0,0.8,10.0,0.21,15.0,0.2,10.0,0.22,0.77,0.31,8.0,0.01,0.01,43.649088,1776380501000
1776380504.138,104.138,0.78,0.77,0.69,8.0,0.79,15.0,0.8,10.0,0.21,15.0,0.2,10.0,0.22,0.77,0.31,8.0,0.01,0.01,43.651552,1776380502000
1776380504.918,104.918,0.78,0.77,0.69,8.0,0.79,15.0,0.8,10.0,0.21,15.0,0.2,10.0,0.22,0.77,0.31,8.0,0.01,0.01,43.658131,1776380503000
1776380505.659,105.659,0.78,0.77,0.69,8.0,0.79,15.0,0.8,10.0,0.21,15.0,0.2,10.0,0.22,0.77,0.31,8.0,0.01,0.01,43.66369,1776380504000
1776380506.371,106.371,0.78,0.77,0.69,8.0,0.79,15.0,0.8,10.0,0.21,15.0,0.2,10.0,0.22,0.77,0.31,8.0,0.01,0.01,43.663094,1776380505000
1776380507.423,107.423,0.78,0.77,0.69,8.0,0.79,15.0,0.8,10.0,0.21,15.0,0.2,10.0,0.22,0.77,0.31,8.0,0.01,0.01,43.662636,1776380506000
1776380508.121,108.121,0.78,0.77,0.69,8.0,0.79,15.0,0.8,10.0,0.21,15.0,0.2,10.0,0.22,0.77,0.31,8.0,0.01,0.01,43.666116,1776380507000
1776380509.477,109.477,0.78,0.77,0.69,8.0,0.79,15.0,0.8,10.0,0.21,15.0,0.2,10.0,0.22,0.77,0.31,8.0,0.01,0.01,43.665886,1776380508000
1776380510.309,110.309,0.78,0.77,0.69,8.0,0.79,15.0,0.8,10.0,0.21,15.0,0.2,10.0,0.22,0.77,0.31,8.0,0.01,0.01,43.666057,1776380509000
1776380511.401,111.401,0.78,0.77,0.69,8.0,0.79,15.0,0.8,10.0,0.21,15.0,0.2,10.0,0.22,0.77,0.31,8.0,0.01,0.01,43.66604,1776380510000
1776380511.814,111.814,0.78,0.77,0.69,8.0,0.79,15.0,0.8,10.0,0.21,15.0,0.2,10.0,0.22,0.77,0.31,8.0,0.01,0.01,43.66604,1776380511000
1776380512.865,112.865,0.78,0.77,0.69,8.0,0.79,15.0,0.8,10.0,0.21,15.0,0.2,10.0,0.22,0.77,0.31,8.0,0.01,0.01,43.666116,1776380512000
1776380513.916,113.916,0.78,0.77,0.69,8.0,0.79,15.0,0.8,10.0,0.21,15.0,0.2,10.0,0.22,0.77,0.31,8.0,0.01,0.01,43.66666,1776380513000
1776380515.002,115.002,0.78,0.77,0.69,8.0,0.79,15.0,0.8,10.0,0.21,15.0,0.2,10.0,0.22,0.77,0.31,8.0,0.01,0.01,43.666581,1776380514000
1776380516.061,116.061,0.78,0.77,0.69,8.0,0.79,15.0,0.8,10.0,0.21,15.0,0.2,10.0,0.22,0.77,0.31,8.0,0.01,0.01,43.666376,1776380515000
1776380516.991,116.991,0.78,0.77,0.69,8.0,0.79,15.0,0.8,10.0,0.21,15.0,0.2,10.0,0.22,0.77,0.31,8.0,0.01,0.01,43.666376,1776380516000
1776380517.551,117.551,0.81,15.0,0.8,8.0,0.82,6.25,0.83,15.0,0.21,15.0,0.2,10.0,0.22,0.77,0.31,8.0,0.01,0.01,43.666376,1776380516000
1776380518.027,118.027,0.81,15.0,0.8,8.0,0.82,6.25,0.83,15.0,0.18,6.25,0.17,15.0,0.19,15.0,0.2,8.0,0.01,0.01,43.66641,1776380517000
1776380519.051,119.051,0.81,15.0,0.8,8.0,0.82,6.25,0.83,15.0,0.18,6.25,0.17,15.0,0.19,15.0,0.2,8.0,0.01,0.01,43.666013,1776380518000
1776380519.941,119.941,0.81,15.0,0.8,8.0,0.82,6.25,0.83,15.0,0.18,6.25,0.17,15.0,0.19,15.0,0.2,8.0,0.01,0.01,43.666534,1776380519000
1776380521.024,121.024,0.81,15.0,0.8,8.0,0.82,6.25,0.83,15.0,0.18,6.25,0.17,15.0,0.19,15.0,0.2,8.0,0.01,0.01,43.666006,1776380520000
1776380522.077,122.077,0.81,15.0,0.8,8.0,0.82,6.25,0.83,15.0,0.18,6.25,0.17,15.0,0.19,15.0,0.2,8.0,0.01,0.01,43.666023,1776380521000
1776380523.144,123.144,0.81,15.0,0.8,8.0,0.82,6.25,0.83,15.0,0.18,6.25,0.17,15.0,0.19,15.0,0.2,8.0,0.01,0.01,43.664761,1776380522000
1776380524.887,124.887,0.81,15.0,0.8,8.0,0.82,6.25,0.83,15.0,0.18,6.25,0.17,15.0,0.19,15.0,0.2,8.0,0.01,0.01,43.664688,1776380523000
1776380525.612,125.612,0.81,15.0,0.8,8.0,0.82,6.25,0.83,15.0,0.18,6.25,0.17,15.0,0.19,15.0,0.2,8.0,0.01,0.01,43.664666,1776380524000
1776380526.19,126.19,0.81,15.0,0.8,8.0,0.82,6.25,0.83,15.0,0.18,6.25,0.17,15.0,0.19,15.0,0.2,8.0,0.01,0.01,43.664543,1776380525000
1776380527.415,127.415,0.81,15.0,0.8,8.0,0.82,6.25,0.83,15.0,0.18,6.25,0.17,15.0,0.19,15.0,0.2,8.0,0.01,0.01,43.664343,1776380526000
1776380528.04,128.04,0.81,15.0,0.8,8.0,0.82,6.25,0.83,15.0,0.18,6.25,0.17,15.0,0.19,15.0,0.2,8.0,0.01,0.01,43.664343,1776380527000
1776380529.26,129.26,0.81,15.0,0.8,8.0,0.82,6.25,0.83,15.0,0.18,6.25,0.17,15.0,0.19,15.0,0.2,8.0,0.01,0.01,43.663684,1776380528000
1776380530.3,130.3,0.81,15.0,0.8,8.0,0.82,6.25,0.83,15.0,0.18,6.25,0.17,15.0,0.19,15.0,0.2,8.0,0.01,0.01,43.663684,1776380529000
1776380531.23,131.23,0.77,15.0,0.67,15.0,0.83,15.0,0.84,15.0,0.18,6.25,0.17,15.0,0.19,15.0,0.2,8.0,0.06,0.01,43.663684,1776380529000
1776380532.033,132.033,0.77,15.0,0.67,15.0,0.83,15.0,0.84,15.0,0.17,15.0,0.16,15.0,0.23,15.0,0.33,15.0,0.06,0.06,43.663684,1776380531000
1776380533.025,133.025,0.77,15.0,0.67,15.0,0.83,15.0,0.84,15.0,0.17,15.0,0.16,15.0,0.23,15.0,0.33,15.0,0.06,0.06,43.659243,1776380532000
1776380534.073,134.073,0.77,15.0,0.67,15.0,0.83,15.0,0.84,15.0,0.17,15.0,0.16,15.0,0.23,15.0,0.33,15.0,0.06,0.06,43.658546,1776380533000
1776380535.259,135.259,0.77,15.0,0.67,15.0,0.83,15.0,0.84,15.0,0.17,15.0,0.16,15.0,0.23,15.0,0.33,15.0,0.06,0.06,43.656994,1776380534000
1776380536.3,136.3,0.77,15.0,0.67,15.0,0.83,15.0,0.84,15.0,0.17,15.0,0.16,15.0,0.23,15.0,0.33,15.0,0.06,0.06,43.654688,1776380535000
1776380537.39,137.39,0.77,15.0,0.67,15.0,0.83,15.0,0.84,15.0,0.17,15.0,0.16,15.0,0.23,15.0,0.33,15.0,0.06,0.06,43.653721,1776380536000
1776380538.004,138.004,0.77,15.0,0.67,15.0,0.83,15.0,0.84,15.0,0.17,15.0,0.16,15.0,0.23,15.0,0.33,15.0,0.06,0.06,43.653252,1776380537000
1776380539.586,139.586,0.77,15.0,0.67,15.0,0.83,15.0,0.84,15.0,0.17,15.0,0.16,15.0,0.23,15.0,0.33,15.0,0.06,0.06,43.652441,1776380538000
1776380539.965,139.965,0.77,15.0,0.67,15.0,0.83,15.0,0.84,15.0,0.17,15.0,0.16,15.0,0.23,15.0,0.33,15.0,0.06,0.06,43.652462,1776380539000
1776380541.051,141.051,0.77,15.0,0.67,15.0,0.83,15.0,0.84,15.0,0.17,15.0,0.16,15.0,0.23,15.0,0.33,15.0,0.06,0.06,43.652343,1776380540000
1776380542.067,142.067,0.77,15.0,0.67,15.0,0.83,15.0,0.84,15.0,0.17,15.0,0.16,15.0,0.23,15.0,0.33,15.0,0.06,0.06,43.651641,1776380541000
1776380543.258,143.258,0.77,15.0,0.67,15.0,0.83,15.0,0.84,15.0,0.17,15.0,0.16,15.0,0.23,15.0,0.33,15.0,0.06,0.06,43.650441,1776380542000
1776380544.42,144.42,0.77,15.0,0.67,15.0,0.83,15.0,0.84,15.0,0.17,15.0,0.16,15.0,0.23,15.0,0.33,15.0,0.06,0.06,43.650687,1776380543000
1776380544.94,144.94,0.77,15.0,0.67,15.0,0.83,15.0,0.84,15.0,0.17,15.0,0.16,15.0,0.23,15.0,0.33,15.0,0.06,0.06,43.649329,1776380544000
1776380545.998,145.998,0.77,15.0,0.67,15.0,0.83,15.0,0.84,15.0,0.17,15.0,0.16,15.0,0.23,15.0,0.33,15.0,0.06,0.06,43.647869,1776380545000
1776380546.313,146.313,0.81,6.0,0.74,15.0,0.82,9.0,0.83,15.0,0.17,15.0,0.16,15.0,0.23,15.0,0.33,15.0,0.01,0.06,43.647869,1776380545000
1776380546.608,146.608,0.81,6.0,0.71,50.0,0.82,3.0,0.83,15.0,0.18,9.0,0.17,15.0,0.19,6.0,0.26,15.0,0.01,0.01,43.647869,1776380545000
1776380547.076,147.076,0.81,6.0,0.71,50.0,0.82,3.0,0.83,15.0,0.18,3.0,0.17,15.0,0.19,6.0,0.29,50.0,0.01,0.01,43.647068,1776380546000
1776380548.213,148.213,0.81,6.0,0.71,50.0,0.82,3.0,0.83,15.0,0.18,3.0,0.17,15.0,0.19,6.0,0.29,50.0,0.01,0.01,43.6462,1776380547000
1776380549.141,149.141,0.81,6.0,0.71,50.0,0.82,3.0,0.83,15.0,0.18,3.0,0.17,15.0,0.19,6.0,0.29,50.0,0.01,0.01,43.653224,1776380548000
1776380550.203,150.203,0.81,6.0,0.71,50.0,0.82,3.0,0.83,15.0,0.18,3.0,0.17,15.0,0.19,6.0,0.29,50.0,0.01,0.01,43.652993,1776380549000
1776380551.108,151.108,0.81,6.0,0.71,50.0,0.82,3.0,0.83,15.0,0.18,3.0,0.17,15.0,0.19,6.0,0.29,50.0,0.01,0.01,43.655089,1776380550000
1776380552.157,152.157,0.81,6.0,0.71,50.0,0.82,3.0,0.83,15.0,0.18,3.0,0.17,15.0,0.19,6.0,0.29,50.0,0.01,0.01,43.65584,1776380551000
1776380553.356,153.356,0.81,6.0,0.71,50.0,0.82,3.0,0.83,15.0,0.18,3.0,0.17,15.0,0.19,6.0,0.29,50.0,0.01,0.01,43.655881,1776380552000
1776380553.998,153.998,0.81,6.0,0.71,50.0,0.82,3.0,0.83,15.0,0.18,3.0,0.17,15.0,0.19,6.0,0.29,50.0,0.01,0.01,43.659403,1776380553000
1776380555.691,155.691,0.81,6.0,0.71,50.0,0.82,3.0,0.83,15.0,0.18,3.0,0.17,15.0,0.19,6.0,0.29,50.0,0.01,0.01,43.659292,1776380554000
1776380556.365,156.365,0.81,6.0,0.71,50.0,0.82,3.0,0.83,15.0,0.18,3.0,0.17,15.0,0.19,6.0,0.29,50.0,0.01,0.01,43.659064,1776380555000
1776380557.037,157.037,0.81,6.0,0.71,50.0,0.82,3.0,0.83,15.0,0.18,3.0,0.17,15.0,0.19,6.0,0.29,50.0,0.01,0.01,43.659064,1776380556000
1776380558.598,158.598,0.81,6.0,0.71,50.0,0.82,3.0,0.83,15.0,0.18,3.0,0.17,15.0,0.19,6.0,0.29,50.0,0.01,0.01,43.657545,1776380557000
1776380559.359,159.359,0.81,6.0,0.71,50.0,0.82,3.0,0.83,15.0,0.18,3.0,0.17,15.0,0.19,6.0,0.29,50.0,0.01,0.01,43.658264,1776380558000
1776380560.119,160.119,0.81,6.0,0.71,50.0,0.82,3.0,0.83,15.0,0.18,3.0,0.17,15.0,0.19,6.0,0.29,50.0,0.01,0.01,43.658264,1776380559000
1776380561.519,161.519,0.81,6.0,0.71,50.0,0.82,3.0,0.83,15.0,0.18,3.0,0.17,15.0,0.19,6.0,0.29,50.0,0.01,0.01,43.657821,1776380560000
1776380562.137,162.137,0.81,6.0,0.71,50.0,0.82,3.0,0.83,15.0,0.18,3.0,0.17,15.0,0.19,6.0,0.29,50.0,0.01,0.01,43.657932,1776380561000
1776380563.559,163.559,0.81,6.0,0.71,50.0,0.82,3.0,0.83,15.0,0.18,3.0,0.17,15.0,0.19,6.0,0.29,50.0,0.01,0.01,43.66014,1776380562000
1776380564.214,164.214,0.81,6.0,0.71,50.0,0.82,3.0,0.83,15.0,0.18,3.0,0.17,15.0,0.19,6.0,0.29,50.0,0.01,0.01,43.665335,1776380563000
1776380565.526,165.526,0.81,6.0,0.71,50.0,0.82,3.0,0.83,15.0,0.18,3.0,0.17,15.0,0.19,6.0,0.29,50.0,0.01,0.01,43.671206,1776380564000
1776380566.204,166.204,0.81,6.0,0.71,50.0,0.82,3.0,0.83,15.0,0.18,3.0,0.17,15.0,0.19,6.0,0.29,50.0,0.01,0.01,43.672126,1776380565000
1776380567.607,167.607,0.81,6.0,0.71,50.0,0.82,3.0,0.83,15.0,0.18,3.0,0.17,15.0,0.19,6.0,0.29,50.0,0.01,0.01,43.672126,1776380566000
1776380568.3,168.3,0.81,6.0,0.71,50.0,0.82,3.0,0.83,15.0,0.18,3.0,0.17,15.0,0.19,6.0,0.29,50.0,0.01,0.01,43.672126,1776380567000
1776380569.042,169.042,0.81,6.0,0.71,50.0,0.82,3.0,0.83,15.0,0.18,3.0,0.17,15.0,0.19,6.0,0.29,50.0,0.01,0.01,43.672126,1776380568000
1776380570.388,170.388,0.81,6.0,0.71,50.0,0.82,3.0,0.83,15.0,0.18,3.0,0.17,15.0,0.19,6.0,0.29,50.0,0.01,0.01,43.672131,1776380569000
1776380571.309,171.309,0.81,6.0,0.71,50.0,0.82,3.0,0.83,15.0,0.18,3.0,0.17,15.0,0.19,6.0,0.29,50.0,0.01,0.01,43.67245,1776380570000
1776380572.315,172.315,0.81,6.0,0.71,50.0,0.82,3.0,0.83,15.0,0.18,3.0,0.17,15.0,0.19,6.0,0.29,50.0,0.01,0.01,43.67205,1776380571000
1776380572.935,172.935,0.81,6.0,0.71,50.0,0.82,3.0,0.83,15.0,0.18,3.0,0.17,15.0,0.19,6.0,0.29,50.0,0.01,0.01,43.67205,1776380572000
1776380574.055,174.055,0.81,6.0,0.71,50.0,0.82,3.0,0.83,15.0,0.18,3.0,0.17,15.0,0.19,6.0,0.29,50.0,0.01,0.01,43.672074,1776380573000
1776380575.105,175.105,0.81,6.0,0.71,50.0,0.82,3.0,0.83,15.0,0.18,3.0,0.17,15.0,0.19,6.0,0.29,50.0,0.01,0.01,43.672167,1776380574000
1776380576.153,176.153,0.81,6.0,0.71,50.0,0.82,3.0,0.83,15.0,0.18,3.0,0.17,15.0,0.19,6.0,0.29,50.0,0.01,0.01,43.671031,1776380575000
1776380577.332,177.332,0.81,6.0,0.71,50.0,0.82,3.0,0.83,15.0,0.18,3.0,0.17,15.0,0.19,6.0,0.29,50.0,0.01,0.01,43.669889,1776380576000
1776380578.297,178.297,0.81,6.0,0.71,50.0,0.82,3.0,0.83,15.0,0.18,3.0,0.17,15.0,0.19,6.0,0.29,50.0,0.01,0.01,43.669931,1776380577000
1776380578.942,178.942,0.81,6.0,0.71,50.0,0.82,3.0,0.83,15.0,0.18,3.0,0.17,15.0,0.19,6.0,0.29,50.0,0.01,0.01,43.67033,1776380578000
1776380579.894,179.894,0.81,6.0,0.71,50.0,0.82,3.0,0.83,15.0,0.18,3.0,0.17,15.0,0.19,6.0,0.29,50.0,0.01,0.01,43.67033,1776380579000
1776380580.928,180.928,0.81,6.0,0.71,50.0,0.82,3.0,0.83,15.0,0.18,3.0,0.17,15.0,0.19,6.0,0.29,50.0,0.01,0.01,43.669296,1776380580000
1776380582.099,182.099,0.81,6.0,0.71,50.0,0.82,3.0,0.83,15.0,0.18,3.0,0.17,15.0,0.19,6.0,0.29,50.0,0.01,0.01,43.669369,1776380581000
1776380583.172,183.172,0.81,6.0,0.71,50.0,0.82,3.0,0.83,15.0,0.18,3.0,0.17,15.0,0.19,6.0,0.29,50.0,0.01,0.01,43.667052,1776380582000
1776380584.203,184.203,0.81,6.0,0.71,50.0,0.82,3.0,0.83,15.0,0.18,3.0,0.17,15.0,0.19,6.0,0.29,50.0,0.01,0.01,43.667851,1776380583000
1776380585.276,185.276,0.81,6.0,0.71,50.0,0.82,3.0,0.83,15.0,0.18,3.0,0.17,15.0,0.19,6.0,0.29,50.0,0.01,0.01,43.668373,1776380584000
1776380586.633,186.633,0.81,6.0,0.71,50.0,0.82,3.0,0.83,15.0,0.18,3.0,0.17,15.0,0.19,6.0,0.29,50.0,0.01,0.01,43.668332,1776380585000
1776380586.987,186.987,0.81,6.0,0.71,50.0,0.82,3.0,0.83,15.0,0.18,3.0,0.17,15.0,0.19,6.0,0.29,50.0,0.01,0.01,43.668332,1776380586000
1776380588.115,188.115,0.81,6.0,0.71,50.0,0.82,3.0,0.83,15.0,0.18,3.0,0.17,15.0,0.19,6.0,0.29,50.0,0.01,0.01,43.668332,1776380587000
1776380589.688,189.688,0.81,6.0,0.71,50.0,0.82,3.0,0.83,15.0,0.18,3.0,0.17,15.0,0.19,6.0,0.29,50.0,0.01,0.01,43.665925,1776380588000
1776380590.242,190.242,0.81,6.0,0.71,50.0,0.82,3.0,0.83,15.0,0.18,3.0,0.17,15.0,0.19,6.0,0.29,50.0,0.01,0.01,43.662632,1776380589000
1776380590.745,190.745,0.83,15.0,0.78,15.0,0.9,8.67,0.91,26.0,0.18,3.0,0.17,15.0,0.19,6.0,0.29,50.0,0.07,0.01,43.662632,1776380589000
1776380591.327,191.327,0.83,15.0,0.78,15.0,0.9,8.67,0.91,26.0,0.1,8.67,0.09,26.0,0.17,15.0,0.22,15.0,0.07,0.07,43.651216,1776380590000
1776380591.888,191.888,0.83,15.0,0.78,15.0,0.9,8.67,0.91,26.0,0.1,8.67,0.09,26.0,0.17,15.0,0.22,15.0,0.07,0.07,43.651407,1776380591000
1776380593.394,193.394,0.83,15.0,0.78,15.0,0.9,8.67,0.91,26.0,0.1,8.67,0.09,26.0,0.17,15.0,0.22,15.0,0.07,0.07,43.660418,1776380592000
1776380594.489,194.489,0.83,15.0,0.78,15.0,0.9,8.67,0.91,26.0,0.1,8.67,0.09,26.0,0.17,15.0,0.22,15.0,0.07,0.07,43.659728,1776380593000
1776380595.119,195.119,0.83,15.0,0.78,15.0,0.9,8.67,0.91,26.0,0.1,8.67,0.09,26.0,0.17,15.0,0.22,15.0,0.07,0.07,43.659483,1776380594000
1776380596.251,196.251,0.83,15.0,0.78,15.0,0.9,8.67,0.91,26.0,0.1,8.67,0.09,26.0,0.17,15.0,0.22,15.0,0.07,0.07,43.659212,1776380595000
1776380597.379,197.379,0.83,15.0,0.78,15.0,0.9,8.67,0.91,26.0,0.1,8.67,0.09,26.0,0.17,15.0,0.22,15.0,0.07,0.07,43.6596,1776380596000
1776380597.976,197.976,0.83,15.0,0.78,15.0,0.9,8.67,0.91,26.0,0.1,8.67,0.09,26.0,0.17,15.0,0.22,15.0,0.07,0.07,43.659511,1776380597000
1776380599.187,199.187,0.83,15.0,0.78,15.0,0.9,8.67,0.91,26.0,0.1,8.67,0.09,26.0,0.17,15.0,0.22,15.0,0.07,0.07,43.661497,1776380598000
1776380600.719,200.719,0.83,15.0,0.78,15.0,0.9,8.67,0.91,26.0,0.1,8.67,0.09,26.0,0.17,15.0,0.22,15.0,0.07,0.07,43.667915,1776380599000
1776380601.232,201.232,0.83,15.0,0.78,15.0,0.9,8.67,0.91,26.0,0.1,8.67,0.09,26.0,0.17,15.0,0.22,15.0,0.07,0.07,43.667915,1776380600000
1776380602.249,202.249,0.83,15.0,0.78,15.0,0.9,8.67,0.91,26.0,0.1,8.67,0.09,26.0,0.17,15.0,0.22,15.0,0.07,0.07,43.665899,1776380601000
1776380603.263,203.263,0.83,15.0,0.78,15.0,0.9,8.67,0.91,26.0,0.1,8.67,0.09,26.0,0.17,15.0,0.22,15.0,0.07,0.07,43.663591,1776380602000
1776380603.727,203.727,0.83,30.0,0.77,15.0,0.9,8.67,0.91,26.0,0.1,8.67,0.09,26.0,0.17,15.0,0.22,15.0,0.07,0.07,43.663591,1776380602000
1776380604.31,204.31,0.83,30.0,0.77,15.0,0.9,8.67,0.91,26.0,0.1,8.67,0.09,26.0,0.17,30.0,0.23,15.0,0.07,0.07,43.659968,1776380603000
1776380604.535,204.535,0.83,30.0,0.78,15.0,0.9,8.67,0.91,26.0,0.1,8.67,0.09,26.0,0.17,30.0,0.23,15.0,0.07,0.07,43.659968,1776380603000
1776380605.343,205.343,0.83,30.0,0.78,15.0,0.9,8.67,0.91,26.0,0.1,8.67,0.09,26.0,0.17,30.0,0.22,15.0,0.07,0.07,43.659295,1776380604000
1776380606.279,206.279,0.83,30.0,0.78,15.0,0.9,8.67,0.91,26.0,0.1,8.67,0.09,26.0,0.17,30.0,0.22,15.0,0.07,0.07,43.656502,1776380605000
1776380607.225,207.225,0.83,30.0,0.78,15.0,0.9,8.67,0.91,26.0,0.1,8.67,0.09,26.0,0.17,30.0,0.22,15.0,0.07,0.07,43.654482,1776380606000
1776380608.215,208.215,0.83,30.0,0.78,15.0,0.9,8.67,0.91,26.0,0.1,8.67,0.09,26.0,0.17,30.0,0.22,15.0,0.07,0.07,43.65362,1776380607000
1776380609.264,209.264,0.83,30.0,0.78,15.0,0.9,8.67,0.91,26.0,0.1,8.67,0.09,26.0,0.17,30.0,0.22,15.0,0.07,0.07,43.653606,1776380608000
1776380610.226,210.226,0.83,30.0,0.78,15.0,0.9,8.67,0.91,26.0,0.1,8.67,0.09,26.0,0.17,30.0,0.22,15.0,0.07,0.07,43.653619,1776380609000
1776380611.116,211.116,0.84,15.0,0.83,30.0,0.9,4.47,0.91,26.0,0.1,8.67,0.09,26.0,0.17,30.0,0.22,15.0,0.06,0.07,43.653619,1776380609000
1776380612.174,212.174,0.84,15.0,0.83,30.0,0.9,4.47,0.91,26.0,0.1,4.47,0.09,26.0,0.16,15.0,0.17,30.0,0.06,0.06,43.652001,1776380611000
1776380614.027,214.027,0.84,15.0,0.83,30.0,0.9,4.47,0.91,26.0,0.1,4.47,0.09,26.0,0.16,15.0,0.17,30.0,0.06,0.06,43.65192,1776380612000
1776380614.66,214.66,0.84,15.0,0.83,30.0,0.9,4.47,0.91,26.0,0.1,4.47,0.09,26.0,0.16,15.0,0.17,30.0,0.06,0.06,43.661925,1776380613000
1776380615.201,215.201,0.84,15.0,0.83,30.0,0.9,4.47,0.91,26.0,0.1,4.47,0.09,26.0,0.16,15.0,0.17,30.0,0.06,0.06,43.661925,1776380614000
1776380616.616,216.616,0.84,15.0,0.83,30.0,0.9,4.47,0.91,26.0,0.1,4.47,0.09,26.0,0.16,15.0,0.17,30.0,0.06,0.06,43.660977,1776380615000
1776380617.033,217.033,0.9,50.0,0.87,15.0,0.91,9.68,0.92,12.0,0.1,4.47,0.09,26.0,0.16,15.0,0.17,30.0,0.01,0.06,43.660977,1776380615000
1776380617.664,217.664,0.91,5.32,0.9,35.0,0.92,12.0,0.93,14.0,0.09,9.68,0.08,12.0,0.1,50.0,0.13,15.0,0.01,0.01,43.66218,1776380616000
1776380618.504,218.504,0.91,5.32,0.9,35.0,0.92,12.0,0.93,14.0,0.08,12.0,0.07,14.0,0.09,5.32,0.1,35.0,0.01,0.01,43.663331,1776380617000
1776380619.216,219.216,0.91,5.32,0.9,35.0,0.92,12.0,0.93,14.0,0.08,12.0,0.07,14.0,0.09,5.32,0.1,35.0,0.01,0.01,43.672348,1776380618000
1776380620.442,220.442,0.91,52.0,0.9,15.0,0.92,10.0,0.93,14.0,0.08,10.0,0.07,14.0,0.09,52.0,0.1,15.0,0.01,0.01,43.676684,1776380619000
1776380621.222,221.222,0.91,52.0,0.9,15.0,0.92,8.91,0.93,14.0,0.08,10.0,0.07,14.0,0.09,52.0,0.1,15.0,0.01,0.01,43.676684,1776380619000
1776380621.494,221.494,0.91,52.0,0.9,15.0,0.93,14.0,0.94,16.0,0.08,8.91,0.07,14.0,0.09,52.0,0.1,15.0,0.02,0.01,43.683061,1776380620000
1776380622.567,222.567,0.91,52.0,0.9,15.0,0.93,14.0,0.94,16.0,0.07,14.0,0.06,16.0,0.09,52.0,0.1,15.0,0.02,0.02,43.681281,1776380621000
1776380623.18,223.18,0.91,52.0,0.9,15.0,0.93,14.0,0.94,16.0,0.07,14.0,0.06,16.0,0.09,52.0,0.1,15.0,0.02,0.02,43.681281,1776380622000
1776380623.399,223.399,0.91,37.0,0.89,15.0,0.94,16.0,0.95,20.0,0.07,14.0,0.06,16.0,0.09,52.0,0.1,15.0,0.03,0.02,43.681281,1776380622000
1776380624.641,224.641,0.91,37.0,0.89,15.0,0.94,16.0,0.95,20.0,0.06,16.0,0.05,20.0,0.09,37.0,0.11,15.0,0.03,0.03,43.6832,1776380623000
1776380625.219,225.219,0.89,15.0,0.88,63.0,0.94,14.72,0.95,20.0,0.06,14.72,0.05,20.0,0.11,15.0,0.12,63.0,0.05,0.05,43.681896,1776380624000
1776380626.388,226.388,0.89,15.0,0.88,63.0,0.94,14.72,0.95,20.0,0.06,14.72,0.05,20.0,0.11,15.0,0.12,63.0,0.05,0.05,43.6809,1776380625000
1776380626.971,226.971,0.93,15.0,0.92,31.0,0.95,4.72,0.96,25.0,0.06,14.72,0.05,20.0,0.11,15.0,0.12,63.0,0.02,0.05,43.6809,1776380625000
1776380628.572,228.572,0.93,15.0,0.92,31.0,0.95,4.72,0.96,25.0,0.05,4.72,0.04,25.0,0.07,15.0,0.08,31.0,0.02,0.02,43.6825,1776380627000
1776380629.05,229.05,0.93,15.0,0.92,31.0,0.95,4.72,0.96,25.0,0.05,4.72,0.04,25.0,0.07,15.0,0.08,31.0,0.02,0.02,43.684067,1776380628000
1776380630.579,230.579,0.94,39.0,0.93,15.0,0.95,3.46,0.96,25.0,0.05,4.72,0.04,25.0,0.07,15.0,0.08,31.0,0.01,0.02,43.684067,1776380628000
1776380630.853,230.853,0.94,39.0,0.93,15.0,0.95,3.46,0.96,25.0,0.05,3.46,0.04,25.0,0.06,39.0,0.07,15.0,0.01,0.01,43.686,1776380629000
1776380631.303,231.303,0.94,39.0,0.93,15.0,0.95,3.46,0.96,25.0,0.05,3.46,0.04,25.0,0.06,39.0,0.07,15.0,0.01,0.01,43.686,1776380630000
1776380632.059,232.059,0.95,36.39,0.94,39.0,0.96,25.0,0.97,33.0,0.05,3.46,0.04,25.0,0.06,39.0,0.07,15.0,0.01,0.01,43.686,1776380630000
1776380632.429,232.429,0.95,36.39,0.94,39.0,0.96,25.0,0.97,33.0,0.04,25.0,0.03,33.0,0.05,36.39,0.06,39.0,0.01,0.01,43.6874,1776380631000
1776380632.877,232.877,0.95,51.39,0.94,39.0,0.96,7.25,0.97,33.0,0.04,7.25,0.03,33.0,0.05,51.39,0.06,39.0,0.01,0.01,43.687876,1776380632000
1776380633.937,233.937,0.95,51.39,0.94,39.0,0.96,7.25,0.97,33.0,0.04,7.25,0.03,33.0,0.05,51.39,0.06,39.0,0.01,0.01,43.686533,1776380633000
1776380634.934,234.934,0.95,51.39,0.94,39.0,0.96,7.25,0.97,33.0,0.04,7.25,0.03,33.0,0.05,51.39,0.06,39.0,0.01,0.01,43.686654,1776380634000
1776380635.199,235.199,0.95,66.39,0.94,15.0,0.96,6.0,0.97,33.0,0.04,7.25,0.03,33.0,0.05,51.39,0.06,39.0,0.01,0.01,43.686654,1776380634000
1776380635.432,235.432,0.95,66.39,0.94,15.0,0.96,0.8,0.97,33.0,0.04,6.0,0.03,33.0,0.05,66.39,0.06,15.0,0.01,0.01,43.686654,1776380634000
1776380636.039,236.039,0.95,66.39,0.94,15.0,0.97,2.89,0.98,80.0,0.03,2.89,0.02,80.0,0.05,66.39,0.06,15.0,0.02,0.02,43.683932,1776380635000
1776380636.592,236.592,0.96,15.0,0.95,66.39,0.97,0.83,0.98,80.0,0.03,2.89,0.02,80.0,0.05,66.39,0.06,15.0,0.01,0.02,43.683932,1776380635000
1776380636.957,236.957,0.96,15.0,0.95,66.39,0.98,61.59,0.99,205.0,0.02,61.59,0.01,205.0,0.04,15.0,0.05,66.39,0.02,0.02,43.685048,1776380636000
1776380637.909,237.909,0.96,15.0,0.95,66.39,0.98,61.59,0.99,205.0,0.02,61.59,0.01,205.0,0.04,15.0,0.05,66.39,0.02,0.02,43.68532,1776380637000
1776380638.915,238.915,0.96,15.0,0.95,66.39,0.98,61.59,0.99,205.0,0.02,61.59,0.01,205.0,0.04,15.0,0.05,66.39,0.02,0.02,43.684475,1776380638000
1776380639.865,239.865,0.96,15.0,0.95,66.39,0.98,61.59,0.99,205.0,0.02,61.59,0.01,205.0,0.04,15.0,0.05,66.39,0.02,0.02,43.684619,1776380639000
1776380640.777,240.777,0.96,15.0,0.95,66.39,0.98,61.59,0.99,205.0,0.02,61.59,0.01,205.0,0.04,15.0,0.05,66.39,0.02,0.02,43.684308,1776380640000
1776380641.257,241.257,0.97,15.0,0.96,15.0,0.98,41.49,0.99,225.9,0.02,61.59,0.01,205.0,0.04,15.0,0.05,66.39,0.01,0.02,43.684308,1776380640000
1776380641.852,241.852,0.97,15.0,0.96,15.0,0.98,41.49,0.99,225.9,0.02,41.49,0.01,225.9,0.03,15.0,0.04,15.0,0.01,0.01,43.685447,1776380641000
1776380642.47,242.47,0.97,15.0,0.96,15.0,0.98,40.46,0.99,225.9,0.02,41.49,0.01,225.9,0.03,15.0,0.04,15.0,0.01,0.01,43.685447,1776380641000
1776380642.92,242.92,0.97,15.0,0.96,15.0,0.98,35.31,0.99,225.9,0.02,36.34,0.01,225.9,0.03,15.0,0.04,15.0,0.01,0.01,43.685447,1776380641000
1776380643.933,243.933,0.97,15.0,0.96,15.0,0.98,32.22,0.99,225.9,0.02,32.22,0.01,225.9,0.03,15.0,0.04,15.0,0.01,0.01,43.689742,1776380642000
1776380644.609,244.609,0.97,15.0,0.96,15.0,0.98,32.22,0.99,225.9,0.02,32.22,0.01,225.9,0.03,15.0,0.04,15.0,0.01,0.01,43.689658,1776380643000
1776380644.887,244.887,0.97,15.0,0.96,15.0,0.98,31.19,0.99,225.9,0.02,32.22,0.01,225.9,0.03,15.0,0.04,15.0,0.01,0.01,43.689658,1776380643000
1776380645.126,245.126,0.97,15.0,0.96,15.0,0.98,31.19,0.99,225.9,0.02,31.19,0.01,225.9,0.03,15.0,0.04,15.0,0.01,0.01,43.689655,1776380644000
1776380645.906,245.906,0.97,20.0,0.96,15.0,0.98,15.81,0.99,230.97,0.02,31.19,0.01,225.9,0.03,15.0,0.04,15.0,0.01,0.01,43.689655,1776380644000
1776380646.326,246.326,0.97,20.0,0.96,15.0,0.98,15.81,0.99,230.97,0.02,15.81,0.01,230.97,0.03,20.0,0.04,15.0,0.01,0.01,43.689656,1776380645000
1776380647.695,247.695,0.97,20.0,0.96,15.0,0.98,15.81,0.99,230.97,0.02,15.81,0.01,230.97,0.03,20.0,0.04,15.0,0.01,0.01,43.690281,1776380646000
1776380648.676,248.676,0.97,20.0,0.96,15.0,0.98,15.81,0.99,230.97,0.02,15.81,0.01,230.97,0.03,20.0,0.04,15.0,0.01,0.01,43.690356,1776380647000
1776380649.314,249.314,0.97,20.0,0.96,15.0,0.98,15.81,0.99,230.97,0.02,15.81,0.01,230.97,0.03,20.0,0.04,15.0,0.01,0.01,43.690364,1776380648000
1776380650.157,250.157,0.97,20.0,0.96,15.0,0.98,15.81,0.99,230.97,0.02,15.81,0.01,230.97,0.03,20.0,0.04,15.0,0.01,0.01,43.690365,1776380649000
1776380651.339,251.339,0.97,20.0,0.96,15.0,0.98,15.81,0.99,230.97,0.02,15.81,0.01,230.97,0.03,20.0,0.04,15.0,0.01,0.01,43.689151,1776380650000
1776380652.443,252.443,0.97,20.0,0.96,15.0,0.98,15.81,0.99,230.97,0.02,15.81,0.01,230.97,0.03,20.0,0.04,15.0,0.01,0.01,43.689545,1776380651000
1776380653.032,253.032,0.97,20.0,0.96,15.0,0.98,15.81,0.99,230.97,0.02,15.81,0.01,230.97,0.03,20.0,0.04,15.0,0.01,0.01,43.693011,1776380652000
1776380654.254,254.254,0.97,20.0,0.96,15.0,0.98,15.81,0.99,230.97,0.02,15.81,0.01,230.97,0.03,20.0,0.04,15.0,0.01,0.01,43.695497,1776380653000
1776380655.326,255.326,0.97,20.0,0.96,15.0,0.98,15.81,0.99,230.97,0.02,15.81,0.01,230.97,0.03,20.0,0.04,15.0,0.01,0.01,43.695077,1776380654000
1776380655.962,255.962,0.97,20.0,0.96,15.0,0.98,14.78,0.99,230.97,0.02,14.78,0.01,230.97,0.03,20.0,0.04,15.0,0.01,0.01,43.695072,1776380655000
1776380657.194,257.194,0.99,756.29,0.97,20.0,,,,,0.02,12.74,0.01,230.97,0.03,20.0,0.04,15.0,,0.01,43.695072,1776380655000
1776380658.195,258.195,0.99,777.94,0.98,15.0,,,,,,,,,0.01,756.29,0.03,20.0,,,43.69506,1776380656000
1776380658.917,258.917,0.99,777.94,0.98,15.0,,,,,,,,,0.01,777.94,0.02,15.0,,,43.695424,1776380658000
1776380660.135,260.135,0.99,777.94,0.98,15.0,,,,,,,,,0.01,777.94,0.02,15.0,,,43.695428,1776380659000
1776380661.151,261.151,0.99,777.94,0.98,15.0,,,,,,,,,0.01,777.94,0.02,15.0,,,43.695773,1776380660000
1776380662.636,262.636,0.99,777.94,0.98,15.0,,,,,,,,,0.01,777.94,0.02,15.0,,,43.695697,1776380661000
1776380663.145,263.145,0.99,777.94,0.98,15.0,,,,,,,,,0.01,777.94,0.02,15.0,,,43.695697,1776380662000
1776380664.223,264.223,0.99,777.94,0.98,15.0,,,,,,,,,0.01,777.94,0.02,15.0,,,43.694558,1776380663000
1776380665.396,265.396,0.99,777.94,0.98,15.0,,,,,,,,,0.01,777.94,0.02,15.0,,,43.695801,1776380664000
1776380665.95,265.95,0.99,777.94,0.98,15.0,,,,,,,,,0.01,777.94,0.02,15.0,,,43.695801,1776380665000
1776380667.124,267.124,0.99,777.94,0.98,15.0,,,,,,,,,0.01,777.94,0.02,15.0,,,43.695801,1776380666000
1776380667.842,267.842,0.99,777.94,0.98,15.0,,,,,,,,,0.01,777.94,0.02,15.0,,,43.694859,1776380667000
1776380668.969,268.969,0.99,777.94,0.98,15.0,,,,,,,,,0.01,777.94,0.02,15.0,,,43.695223,1776380668000
1776380670.213,270.213,0.99,777.94,0.98,15.0,,,,,,,,,0.01,777.94,0.02,15.0,,,43.695338,1776380669000
1776380671.195,271.195,0.99,777.94,0.98,15.0,,,,,,,,,0.01,777.94,0.02,15.0,,,43.69521,1776380670000
1776380672.382,272.382,0.99,777.94,0.98,15.0,,,,,,,,,0.01,777.94,0.02,15.0,,,43.693274,1776380671000
1776380672.998,272.998,0.99,777.94,0.98,15.0,,,,,,,,,0.01,777.94,0.02,15.0,,,43.696275,1776380672000
1776380674.036,274.036,0.99,777.94,0.98,15.0,,,,,,,,,0.01,777.94,0.02,15.0,,,43.692132,1776380673000
1776380675.301,275.301,0.99,777.94,0.98,15.0,,,,,,,,,0.01,777.94,0.02,15.0,,,43.692132,1776380674000
1776380676.62,276.62,0.99,777.94,0.98,15.0,,,,,,,,,0.01,777.94,0.02,15.0,,,43.692574,1776380675000
1776380677.22,277.22,0.99,777.94,0.98,15.0,,,,,,,,,0.01,777.94,0.02,15.0,,,43.692559,1776380676000
1776380678.609,278.609,0.99,777.94,0.98,15.0,,,,,,,,,0.01,777.94,0.02,15.0,,,43.692249,1776380677000
1776380679.318,279.318,0.99,777.94,0.98,15.0,,,,,,,,,0.01,777.94,0.02,15.0,,,43.692249,1776380678000
1776380680.139,280.139,0.99,777.94,0.98,15.0,,,,,,,,,0.01,777.94,0.02,15.0,,,43.691804,1776380679000
1776380681.227,281.227,0.99,777.94,0.98,15.0,,,,,,,,,0.01,777.94,0.02,15.0,,,43.692182,1776380680000
1776380682.5,282.5,0.99,777.94,0.98,15.0,,,,,,,,,0.01,777.94,0.02,15.0,,,43.693176,1776380681000
1776380683.072,283.072,0.99,777.94,0.98,15.0,,,,,,,,,0.01,777.94,0.02,15.0,,,43.693315,1776380682000
1776380684.257,284.257,0.99,777.94,0.98,15.0,,,,,,,,,0.01,777.94,0.02,15.0,,,43.693287,1776380683000
1776380685.566,285.566,0.99,777.94,0.98,15.0,,,,,,,,,0.01,777.94,0.02,15.0,,,43.693087,1776380684000
1776380685.963,285.963,0.99,777.94,0.98,15.0,,,,,,,,,0.01,777.94,0.02,15.0,,,43.693087,1776380685000
1776380687.269,287.269,0.99,777.94,0.98,15.0,,,,,,,,,0.01,777.94,0.02,15.0,,,43.693227,1776380686000
1776380688.393,288.393,0.99,777.94,0.98,15.0,,,,,,,,,0.01,777.94,0.02,15.0,,,43.696234,1776380687000
1776380689.004,289.004,0.99,777.94,0.98,15.0,,,,,,,,,0.01,777.94,0.02,15.0,,,43.696234,1776380688000

# RESULT,winner=Up,slug=hype-updown-5m-1776380400,ticks=310
