timestamp,elapsed_sec,up_bid_p1,up_bid_s1,up_bid_p2,up_bid_s2,up_ask_p1,up_ask_s1,up_ask_p2,up_ask_s2,down_bid_p1,down_bid_s1,down_bid_p2,down_bid_s2,down_ask_p1,down_ask_s1,down_ask_p2,down_ask_s2,up_spread,down_spread,hype_price,hype_oracle_ts
1776231011.266,11.266,,,,,,,,,,,,,,,,,,,43.615579,1776231010000
1776231011.692,11.692,0.42,10.0,0.41,5.0,0.5,3.0,0.59,10.0,0.5,3.0,0.41,10.0,0.58,10.0,0.59,5.0,0.08,0.08,43.615579,1776231010000
1776231012.565,12.565,0.42,10.0,0.41,5.0,0.5,3.0,0.59,10.0,0.5,3.0,0.41,10.0,0.58,10.0,0.59,5.0,0.08,0.08,43.615904,1776231011000
1776231013.27,13.27,0.42,10.0,0.41,5.0,0.5,3.0,0.59,10.0,0.5,3.0,0.41,10.0,0.58,10.0,0.59,5.0,0.08,0.08,43.616316,1776231012000
1776231014.627,14.627,0.42,10.0,0.41,5.0,0.5,3.0,0.59,10.0,0.5,3.0,0.41,10.0,0.58,10.0,0.59,5.0,0.08,0.08,43.615539,1776231013000
1776231015.296,15.296,0.42,10.0,0.41,5.0,0.5,3.0,0.59,10.0,0.5,3.0,0.41,10.0,0.58,10.0,0.59,5.0,0.08,0.08,43.611981,1776231014000
1776231016.556,16.556,0.42,10.0,0.41,5.0,0.5,3.0,0.59,10.0,0.5,3.0,0.41,10.0,0.58,10.0,0.59,5.0,0.08,0.08,43.611786,1776231015000
1776231017.248,17.248,0.42,10.0,0.41,5.0,0.5,3.0,0.59,10.0,0.5,3.0,0.41,10.0,0.58,10.0,0.59,5.0,0.08,0.08,43.611786,1776231016000
1776231018.65,18.65,0.42,10.0,0.41,5.0,0.5,3.0,0.59,10.0,0.5,3.0,0.41,10.0,0.58,10.0,0.59,5.0,0.08,0.08,43.612598,1776231017000
1776231019.251,19.251,0.42,10.0,0.41,5.0,0.5,3.0,0.59,10.0,0.5,3.0,0.41,10.0,0.58,10.0,0.59,5.0,0.08,0.08,43.609698,1776231018000
1776231020.642,20.642,0.42,10.0,0.41,5.0,0.5,3.0,0.59,10.0,0.5,3.0,0.41,10.0,0.58,10.0,0.59,5.0,0.08,0.08,43.60651,1776231019000
1776231021.367,21.367,0.42,10.0,0.41,5.0,0.5,3.0,0.59,10.0,0.5,3.0,0.41,10.0,0.58,10.0,0.59,5.0,0.08,0.08,43.606348,1776231020000
1776231022.127,22.127,0.42,10.0,0.41,5.0,0.5,3.0,0.59,10.0,0.5,3.0,0.41,10.0,0.58,10.0,0.59,5.0,0.08,0.08,43.606188,1776231021000
1776231023.35,23.35,0.42,10.0,0.41,5.0,0.5,3.0,0.59,10.0,0.5,3.0,0.41,10.0,0.58,10.0,0.59,5.0,0.08,0.08,43.606188,1776231022000
1776231024.761,24.761,0.42,10.0,0.41,5.0,0.5,3.0,0.59,10.0,0.5,3.0,0.41,10.0,0.58,10.0,0.59,5.0,0.08,0.08,43.606188,1776231023000
1776231025.566,25.566,0.42,10.0,0.41,5.0,0.5,3.0,0.59,10.0,0.5,3.0,0.41,10.0,0.58,10.0,0.59,5.0,0.08,0.08,43.606188,1776231024000
1776231026.255,26.255,0.42,10.0,0.41,5.0,0.5,3.0,0.59,10.0,0.5,3.0,0.41,10.0,0.58,10.0,0.59,5.0,0.08,0.08,43.606188,1776231025000
1776231027.722,27.722,0.42,10.0,0.41,5.0,0.5,3.0,0.59,10.0,0.5,3.0,0.41,10.0,0.58,10.0,0.59,5.0,0.08,0.08,43.606341,1776231026000
1776231028.362,28.362,0.42,10.0,0.41,5.0,0.5,3.0,0.59,10.0,0.5,3.0,0.41,10.0,0.58,10.0,0.59,5.0,0.08,0.08,43.606343,1776231027000
1776231029.176,29.176,0.42,10.0,0.41,5.0,0.5,3.0,0.59,10.0,0.5,3.0,0.41,10.0,0.58,10.0,0.59,5.0,0.08,0.08,43.606342,1776231028000
1776231030.535,30.535,0.42,10.0,0.41,5.0,0.5,3.0,0.59,10.0,0.5,3.0,0.41,10.0,0.58,10.0,0.59,5.0,0.08,0.08,43.611575,1776231029000
1776231031.162,31.162,0.42,10.0,0.41,5.0,0.5,3.0,0.59,10.0,0.5,3.0,0.41,10.0,0.58,10.0,0.59,5.0,0.08,0.08,43.611576,1776231030000
1776231032.49,32.49,0.42,10.0,0.41,5.0,0.5,3.0,0.59,10.0,0.5,3.0,0.41,10.0,0.58,10.0,0.59,5.0,0.08,0.08,43.611574,1776231031000
1776231033.299,33.299,0.42,10.0,0.41,5.0,0.5,3.0,0.59,10.0,0.5,3.0,0.41,10.0,0.58,10.0,0.59,5.0,0.08,0.08,43.611573,1776231032000
1776231034.424,34.424,0.42,10.0,0.41,5.0,0.5,3.0,0.59,10.0,0.5,3.0,0.41,10.0,0.58,10.0,0.59,5.0,0.08,0.08,43.613909,1776231033000
1776231035.081,35.081,0.42,10.0,0.41,5.0,0.5,3.0,0.59,10.0,0.5,3.0,0.41,10.0,0.58,10.0,0.59,5.0,0.08,0.08,43.613912,1776231034000
1776231036.233,36.233,0.42,10.0,0.41,5.0,0.5,3.0,0.59,10.0,0.5,3.0,0.41,10.0,0.58,10.0,0.59,5.0,0.08,0.08,43.613906,1776231035000
1776231036.972,36.972,0.42,10.0,0.41,5.0,0.5,3.0,0.59,10.0,0.5,3.0,0.41,10.0,0.58,10.0,0.59,5.0,0.08,0.08,43.614068,1776231036000
1776231038.326,38.326,0.42,10.0,0.41,5.0,0.5,3.0,0.59,10.0,0.5,3.0,0.41,10.0,0.58,10.0,0.59,5.0,0.08,0.08,43.614244,1776231037000
1776231039.506,39.506,0.42,10.0,0.41,5.0,0.5,3.0,0.59,10.0,0.5,3.0,0.41,10.0,0.58,10.0,0.59,5.0,0.08,0.08,43.613463,1776231038000
1776231040.611,40.611,0.42,10.0,0.41,5.0,0.5,3.0,0.59,10.0,0.5,3.0,0.41,10.0,0.58,10.0,0.59,5.0,0.08,0.08,43.613625,1776231039000
1776231041.65,41.65,0.42,10.0,0.41,5.0,0.5,3.0,0.59,10.0,0.5,3.0,0.41,10.0,0.58,10.0,0.59,5.0,0.08,0.08,43.613787,1776231040000
1776231042.332,42.332,0.42,10.0,0.41,5.0,0.5,3.0,0.59,10.0,0.5,3.0,0.41,10.0,0.58,10.0,0.59,5.0,0.08,0.08,43.613863,1776231041000
1776231043.522,43.522,0.42,10.0,0.41,5.0,0.5,3.0,0.59,10.0,0.5,3.0,0.41,10.0,0.58,10.0,0.59,5.0,0.08,0.08,43.613864,1776231042000
1776231044.056,44.056,0.42,10.0,0.41,5.0,0.5,3.0,0.59,10.0,0.5,3.0,0.41,10.0,0.58,10.0,0.59,5.0,0.08,0.08,43.614056,1776231043000
1776231045.366,45.366,0.42,10.0,0.41,5.0,0.5,3.0,0.59,10.0,0.5,3.0,0.41,10.0,0.58,10.0,0.59,5.0,0.08,0.08,43.613942,1776231044000
1776231046.579,46.579,0.42,10.0,0.41,5.0,0.5,3.0,0.59,10.0,0.5,3.0,0.41,10.0,0.58,10.0,0.59,5.0,0.08,0.08,43.613983,1776231045000
1776231047.184,47.184,0.42,10.0,0.41,5.0,0.5,3.0,0.59,10.0,0.5,3.0,0.41,10.0,0.58,10.0,0.59,5.0,0.08,0.08,43.613983,1776231046000
1776231048.343,48.343,0.42,10.0,0.41,5.0,0.5,3.0,0.59,10.0,0.5,3.0,0.41,10.0,0.58,10.0,0.59,5.0,0.08,0.08,43.614368,1776231047000
1776231049.385,49.385,0.42,10.0,0.41,5.0,0.5,3.0,0.59,10.0,0.5,3.0,0.41,10.0,0.58,10.0,0.59,5.0,0.08,0.08,43.61518,1776231048000
1776231049.99,49.99,0.42,10.0,0.41,5.0,0.5,3.0,0.59,10.0,0.5,3.0,0.41,10.0,0.58,10.0,0.59,5.0,0.08,0.08,43.61518,1776231049000
1776231051.032,51.032,0.42,10.0,0.41,5.0,0.5,3.0,0.59,10.0,0.5,3.0,0.41,10.0,0.58,10.0,0.59,5.0,0.08,0.08,43.615185,1776231050000
1776231052.289,52.289,0.42,10.0,0.41,5.0,0.5,3.0,0.59,10.0,0.5,3.0,0.41,10.0,0.58,10.0,0.59,5.0,0.08,0.08,43.614836,1776231051000
1776231053.497,53.497,0.42,10.0,0.41,5.0,0.5,3.0,0.59,10.0,0.5,3.0,0.41,10.0,0.58,10.0,0.59,5.0,0.08,0.08,43.614858,1776231052000
1776231054.009,54.009,0.42,10.0,0.41,5.0,0.5,3.0,0.59,10.0,0.5,3.0,0.41,10.0,0.58,10.0,0.59,5.0,0.08,0.08,43.614827,1776231053000
1776231055.4,55.4,0.42,10.0,0.41,5.0,0.5,3.0,0.59,10.0,0.5,3.0,0.41,10.0,0.58,10.0,0.59,5.0,0.08,0.08,43.613284,1776231054000
1776231056.755,56.755,0.42,10.0,0.41,5.0,0.5,3.0,0.59,10.0,0.5,3.0,0.41,10.0,0.58,10.0,0.59,5.0,0.08,0.08,43.606136,1776231055000
1776231058.051,58.051,0.42,10.0,0.41,5.0,0.5,3.0,0.59,10.0,0.5,3.0,0.41,10.0,0.58,10.0,0.59,5.0,0.08,0.08,43.604481,1776231056000
1776231058.965,58.965,0.42,10.0,0.41,5.0,0.5,3.0,0.59,10.0,0.5,3.0,0.41,10.0,0.58,10.0,0.59,5.0,0.08,0.08,43.604106,1776231057000
1776231059.949,59.949,0.42,10.0,0.41,5.0,0.5,3.0,0.59,10.0,0.5,3.0,0.41,10.0,0.58,10.0,0.59,5.0,0.08,0.08,43.603637,1776231058000
1776231060.746,60.746,0.42,10.0,0.41,5.0,0.5,3.0,0.59,10.0,0.5,3.0,0.41,10.0,0.58,10.0,0.59,5.0,0.08,0.08,43.601607,1776231059000
1776231061.61,61.61,0.42,10.0,0.41,5.0,0.5,3.0,0.59,10.0,0.5,3.0,0.41,10.0,0.58,10.0,0.59,5.0,0.08,0.08,43.60094,1776231060000
1776231062.425,62.425,0.42,10.0,0.41,5.0,0.5,3.0,0.59,10.0,0.5,3.0,0.41,10.0,0.58,10.0,0.59,5.0,0.08,0.08,43.60094,1776231061000
1776231063.169,63.169,0.42,10.0,0.41,5.0,0.5,3.0,0.59,10.0,0.5,3.0,0.41,10.0,0.58,10.0,0.59,5.0,0.08,0.08,43.601538,1776231062000
1776231064.868,64.868,0.42,10.0,0.41,5.0,0.5,3.0,0.59,10.0,0.5,3.0,0.41,10.0,0.58,10.0,0.59,5.0,0.08,0.08,43.601875,1776231063000
1776231065.751,65.751,0.42,10.0,0.41,5.0,0.5,3.0,0.59,10.0,0.5,3.0,0.41,10.0,0.58,10.0,0.59,5.0,0.08,0.08,43.601783,1776231064000
1776231066.483,66.483,0.42,10.0,0.41,5.0,0.5,3.0,0.59,10.0,0.5,3.0,0.41,10.0,0.58,10.0,0.59,5.0,0.08,0.08,43.601634,1776231065000
1776231067.32,67.32,0.42,10.0,0.41,5.0,0.5,3.0,0.59,10.0,0.5,3.0,0.41,10.0,0.58,10.0,0.59,5.0,0.08,0.08,43.60176,1776231066000
1776231068.734,68.734,0.42,10.0,0.41,5.0,0.5,3.0,0.59,10.0,0.5,3.0,0.41,10.0,0.58,10.0,0.59,5.0,0.08,0.08,43.602013,1776231067000
1776231069.558,69.558,0.42,10.0,0.41,5.0,0.5,3.0,0.59,10.0,0.5,3.0,0.41,10.0,0.58,10.0,0.59,5.0,0.08,0.08,43.602212,1776231068000
1776231070.207,70.207,0.42,10.0,0.41,5.0,0.5,3.0,0.59,10.0,0.5,3.0,0.41,10.0,0.58,10.0,0.59,5.0,0.08,0.08,43.601684,1776231069000
1776231071.632,71.632,0.42,10.0,0.41,5.0,0.5,3.0,0.59,10.0,0.5,3.0,0.41,10.0,0.58,10.0,0.59,5.0,0.08,0.08,43.601709,1776231070000
1776231072.323,72.323,0.42,10.0,0.41,5.0,0.5,3.0,0.59,10.0,0.5,3.0,0.41,10.0,0.58,10.0,0.59,5.0,0.08,0.08,43.601108,1776231071000
1776231073.89,73.89,0.42,10.0,0.41,5.0,0.5,3.0,0.59,10.0,0.5,3.0,0.41,10.0,0.58,10.0,0.59,5.0,0.08,0.08,43.601108,1776231072000
1776231074.72,74.72,0.42,10.0,0.41,5.0,0.5,3.0,0.59,10.0,0.5,3.0,0.41,10.0,0.58,10.0,0.59,5.0,0.08,0.08,43.601277,1776231073000
1776231075.41,75.41,0.42,10.0,0.41,5.0,0.5,3.0,0.59,10.0,0.5,3.0,0.41,10.0,0.58,10.0,0.59,5.0,0.08,0.08,43.601446,1776231074000
1776231076.095,76.095,0.42,10.0,0.41,5.0,0.5,3.0,0.59,10.0,0.5,3.0,0.41,10.0,0.58,10.0,0.59,5.0,0.08,0.08,43.601449,1776231075000
1776231077.259,77.259,0.42,10.0,0.41,5.0,0.5,3.0,0.59,10.0,0.5,3.0,0.41,10.0,0.58,10.0,0.59,5.0,0.08,0.08,43.601614,1776231076000
1776231078.268,78.268,0.42,10.0,0.41,5.0,0.5,3.0,0.59,10.0,0.5,3.0,0.41,10.0,0.58,10.0,0.59,5.0,0.08,0.08,43.601783,1776231077000
1776231079.233,79.233,0.42,10.0,0.41,5.0,0.5,3.0,0.59,10.0,0.5,3.0,0.41,10.0,0.58,10.0,0.59,5.0,0.08,0.08,43.601356,1776231078000
1776231080.222,80.222,0.42,10.0,0.41,5.0,0.5,3.0,0.59,10.0,0.5,3.0,0.41,10.0,0.58,10.0,0.59,5.0,0.08,0.08,43.601521,1776231079000
1776231081.291,81.291,0.42,10.0,0.41,5.0,0.5,3.0,0.59,10.0,0.5,3.0,0.41,10.0,0.58,10.0,0.59,5.0,0.08,0.08,43.601306,1776231080000
1776231082.321,82.321,0.42,10.0,0.41,5.0,0.5,3.0,0.59,10.0,0.5,3.0,0.41,10.0,0.58,10.0,0.59,5.0,0.08,0.08,43.601302,1776231081000
1776231082.966,82.966,0.42,10.0,0.41,5.0,0.5,3.0,0.59,10.0,0.5,3.0,0.41,10.0,0.58,10.0,0.59,5.0,0.08,0.08,43.601302,1776231082000
1776231083.956,83.956,0.42,10.0,0.41,5.0,0.5,3.0,0.59,10.0,0.5,3.0,0.41,10.0,0.58,10.0,0.59,5.0,0.08,0.08,43.601614,1776231083000
1776231084.888,84.888,0.42,10.0,0.41,5.0,0.5,3.0,0.59,10.0,0.5,3.0,0.41,10.0,0.58,10.0,0.59,5.0,0.08,0.08,43.601875,1776231084000
1776231086.014,86.014,0.42,10.0,0.41,5.0,0.5,3.0,0.59,10.0,0.5,3.0,0.41,10.0,0.58,10.0,0.59,5.0,0.08,0.08,43.603444,1776231085000
1776231087.066,87.066,0.42,10.0,0.41,5.0,0.5,3.0,0.59,10.0,0.5,3.0,0.41,10.0,0.58,10.0,0.59,5.0,0.08,0.08,43.602939,1776231086000
1776231088.239,88.239,0.42,10.0,0.41,5.0,0.5,3.0,0.59,10.0,0.5,3.0,0.41,10.0,0.58,10.0,0.59,5.0,0.08,0.08,43.603628,1776231087000
1776231089.239,89.239,0.42,10.0,0.41,5.0,0.5,3.0,0.59,10.0,0.5,3.0,0.41,10.0,0.58,10.0,0.59,5.0,0.08,0.08,43.603736,1776231088000
1776231090.909,90.909,0.42,10.0,0.41,5.0,0.5,3.0,0.59,10.0,0.5,3.0,0.41,10.0,0.58,10.0,0.59,5.0,0.08,0.08,43.603766,1776231089000
1776231091.516,91.516,0.42,10.0,0.41,5.0,0.5,3.0,0.59,10.0,0.5,3.0,0.41,10.0,0.58,10.0,0.59,5.0,0.08,0.08,43.604134,1776231090000
1776231091.921,91.921,0.42,10.0,0.41,5.0,0.5,3.0,0.59,10.0,0.5,3.0,0.41,10.0,0.58,10.0,0.59,5.0,0.08,0.08,43.603965,1776231091000
1776231092.991,92.991,0.42,10.0,0.41,5.0,0.5,3.0,0.59,10.0,0.5,3.0,0.41,10.0,0.58,10.0,0.59,5.0,0.08,0.08,43.60346,1776231092000
1776231094.005,94.005,0.42,10.0,0.41,5.0,0.5,3.0,0.59,10.0,0.5,3.0,0.41,10.0,0.58,10.0,0.59,5.0,0.08,0.08,43.60346,1776231093000
1776231094.956,94.956,0.42,10.0,0.41,5.0,0.5,3.0,0.59,10.0,0.5,3.0,0.41,10.0,0.58,10.0,0.59,5.0,0.08,0.08,43.603628,1776231094000
1776231096.093,96.093,0.42,10.0,0.41,5.0,0.5,3.0,0.59,10.0,0.5,3.0,0.41,10.0,0.58,10.0,0.59,5.0,0.08,0.08,43.603919,1776231095000
1776231097.043,97.043,0.42,10.0,0.41,5.0,0.5,3.0,0.59,10.0,0.5,3.0,0.41,10.0,0.58,10.0,0.59,5.0,0.08,0.08,43.603919,1776231096000
1776231098.146,98.146,0.42,10.0,0.41,5.0,0.5,3.0,0.59,10.0,0.5,3.0,0.41,10.0,0.58,10.0,0.59,5.0,0.08,0.08,43.603919,1776231097000
1776231099.126,99.126,0.42,10.0,0.41,5.0,0.5,3.0,0.59,10.0,0.5,3.0,0.41,10.0,0.58,10.0,0.59,5.0,0.08,0.08,43.602402,1776231098000
1776231100.155,100.155,0.42,10.0,0.41,5.0,0.5,3.0,0.59,10.0,0.5,3.0,0.41,10.0,0.58,10.0,0.59,5.0,0.08,0.08,43.602402,1776231099000
1776231101.168,101.168,0.42,10.0,0.41,5.0,0.5,3.0,0.59,10.0,0.5,3.0,0.41,10.0,0.58,10.0,0.59,5.0,0.08,0.08,43.602402,1776231100000
1776231102.284,102.284,0.42,10.0,0.41,5.0,0.5,3.0,0.59,10.0,0.5,3.0,0.41,10.0,0.58,10.0,0.59,5.0,0.08,0.08,43.602402,1776231101000
1776231103.186,103.186,0.42,10.0,0.41,5.0,0.5,3.0,0.59,10.0,0.5,3.0,0.41,10.0,0.58,10.0,0.59,5.0,0.08,0.08,43.602402,1776231102000
1776231104.342,104.342,0.42,10.0,0.41,5.0,0.5,3.0,0.59,10.0,0.5,3.0,0.41,10.0,0.58,10.0,0.59,5.0,0.08,0.08,43.602402,1776231103000
1776231105.521,105.521,0.42,10.0,0.41,5.0,0.5,3.0,0.59,10.0,0.5,3.0,0.41,10.0,0.58,10.0,0.59,5.0,0.08,0.08,43.602402,1776231104000
1776231106.194,106.194,0.42,10.0,0.41,5.0,0.5,3.0,0.59,10.0,0.5,3.0,0.41,10.0,0.58,10.0,0.59,5.0,0.08,0.08,43.602402,1776231105000
1776231107.551,107.551,0.42,10.0,0.41,5.0,0.5,3.0,0.59,10.0,0.5,3.0,0.41,10.0,0.58,10.0,0.59,5.0,0.08,0.08,43.602402,1776231106000
1776231108.228,108.228,0.42,10.0,0.41,5.0,0.5,3.0,0.59,10.0,0.5,3.0,0.41,10.0,0.58,10.0,0.59,5.0,0.08,0.08,43.602402,1776231107000
1776231109.429,109.429,0.42,10.0,0.41,5.0,0.5,3.0,0.59,10.0,0.5,3.0,0.41,10.0,0.58,10.0,0.59,5.0,0.08,0.08,43.602325,1776231108000
1776231110.017,110.017,0.42,10.0,0.41,5.0,0.5,3.0,0.59,10.0,0.5,3.0,0.41,10.0,0.58,10.0,0.59,5.0,0.08,0.08,43.602371,1776231109000
1776231111.284,111.284,0.42,10.0,0.41,5.0,0.5,3.0,0.59,10.0,0.5,3.0,0.41,10.0,0.58,10.0,0.59,5.0,0.08,0.08,43.602361,1776231110000
1776231112.571,112.571,0.42,10.0,0.41,5.0,0.5,3.0,0.59,10.0,0.5,3.0,0.41,10.0,0.58,10.0,0.59,5.0,0.08,0.08,43.602356,1776231111000
1776231113.185,113.185,0.42,10.0,0.41,5.0,0.5,3.0,0.59,10.0,0.5,3.0,0.41,10.0,0.58,10.0,0.59,5.0,0.08,0.08,43.602726,1776231112000
1776231114.327,114.327,0.42,10.0,0.41,5.0,0.5,3.0,0.59,10.0,0.5,3.0,0.41,10.0,0.58,10.0,0.59,5.0,0.08,0.08,43.60272,1776231113000
1776231114.904,114.904,0.42,10.0,0.41,5.0,0.5,3.0,0.59,10.0,0.5,3.0,0.41,10.0,0.58,10.0,0.59,5.0,0.08,0.08,43.60272,1776231114000
1776231116.091,116.091,0.42,10.0,0.41,5.0,0.5,3.0,0.59,10.0,0.5,3.0,0.41,10.0,0.58,10.0,0.59,5.0,0.08,0.08,43.609944,1776231115000
1776231123.253,123.253,0.42,10.0,0.41,5.0,0.5,3.0,0.59,10.0,0.5,3.0,0.41,10.0,0.58,10.0,0.59,5.0,0.08,0.08,43.600913,1776231122000
1776231124.207,124.207,0.42,10.0,0.41,5.0,0.5,3.0,0.59,10.0,0.5,3.0,0.41,10.0,0.58,10.0,0.59,5.0,0.08,0.08,43.599315,1776231123000
1776231125.213,125.213,0.42,10.0,0.41,5.0,0.5,3.0,0.59,10.0,0.5,3.0,0.41,10.0,0.58,10.0,0.59,5.0,0.08,0.08,43.598958,1776231124000
1776231126.276,126.276,0.42,10.0,0.41,5.0,0.5,3.0,0.59,10.0,0.5,3.0,0.41,10.0,0.58,10.0,0.59,5.0,0.08,0.08,43.599454,1776231125000
1776231127.152,127.152,0.42,10.0,0.41,5.0,0.5,3.0,0.59,10.0,0.5,3.0,0.41,10.0,0.58,10.0,0.59,5.0,0.08,0.08,43.599742,1776231126000
1776231128.104,128.104,0.42,10.0,0.41,5.0,0.5,3.0,0.59,10.0,0.5,3.0,0.41,10.0,0.58,10.0,0.59,5.0,0.08,0.08,43.599742,1776231127000
1776231129.063,129.063,0.42,10.0,0.41,5.0,0.5,3.0,0.59,10.0,0.5,3.0,0.41,10.0,0.58,10.0,0.59,5.0,0.08,0.08,43.599747,1776231128000
1776231130.032,130.032,0.42,10.0,0.41,5.0,0.5,3.0,0.59,10.0,0.5,3.0,0.41,10.0,0.58,10.0,0.59,5.0,0.08,0.08,43.599746,1776231129000
1776231131.014,131.014,0.42,10.0,0.41,5.0,0.5,3.0,0.59,10.0,0.5,3.0,0.41,10.0,0.58,10.0,0.59,5.0,0.08,0.08,43.597622,1776231130000
1776231131.963,131.963,0.42,10.0,0.41,5.0,0.5,3.0,0.59,10.0,0.5,3.0,0.41,10.0,0.58,10.0,0.59,5.0,0.08,0.08,43.604479,1776231131000
1776231133.571,133.571,0.42,10.0,0.41,5.0,0.5,3.0,0.59,10.0,0.5,3.0,0.41,10.0,0.58,10.0,0.59,5.0,0.08,0.08,43.606409,1776231132000
1776231134.049,134.049,0.42,10.0,0.41,5.0,0.5,3.0,0.59,10.0,0.5,3.0,0.41,10.0,0.58,10.0,0.59,5.0,0.08,0.08,43.606431,1776231133000
1776231135.051,135.051,0.42,10.0,0.41,5.0,0.5,3.0,0.59,10.0,0.5,3.0,0.41,10.0,0.58,10.0,0.59,5.0,0.08,0.08,43.60755,1776231134000
1776231136.042,136.042,0.37,15.0,0.36,15.0,0.44,4.65,0.5,3.0,0.56,4.65,0.5,3.0,0.63,15.0,0.64,15.0,0.07,0.07,43.607426,1776231135000
1776231137.138,137.138,0.37,15.0,0.36,15.0,0.44,4.65,0.5,3.0,0.56,4.65,0.5,3.0,0.63,15.0,0.64,15.0,0.07,0.07,43.607531,1776231136000
1776231138.253,138.253,0.37,15.0,0.36,15.0,0.44,4.65,0.5,3.0,0.56,4.65,0.5,3.0,0.63,15.0,0.64,15.0,0.07,0.07,43.598685,1776231137000
1776231139.132,139.132,0.37,15.0,0.36,15.0,0.44,4.65,0.5,3.0,0.56,4.65,0.5,3.0,0.63,15.0,0.64,15.0,0.07,0.07,43.594131,1776231138000
1776231140.147,140.147,0.37,15.0,0.36,15.0,0.44,4.65,0.5,3.0,0.56,4.65,0.5,3.0,0.63,15.0,0.64,15.0,0.07,0.07,43.593823,1776231139000
1776231141.067,141.067,0.37,15.0,0.36,15.0,0.44,4.65,0.5,3.0,0.56,4.65,0.5,3.0,0.63,15.0,0.64,15.0,0.07,0.07,43.590764,1776231140000
1776231142.069,142.069,0.37,15.0,0.36,15.0,0.44,4.65,0.5,3.0,0.56,4.65,0.5,3.0,0.63,15.0,0.64,15.0,0.07,0.07,43.590764,1776231141000
1776231143.042,143.042,0.37,15.0,0.36,15.0,0.44,4.65,0.5,3.0,0.56,4.65,0.5,3.0,0.63,15.0,0.64,15.0,0.07,0.07,43.59084,1776231142000
1776231143.988,143.988,0.37,15.0,0.36,15.0,0.44,4.65,0.5,3.0,0.56,4.65,0.5,3.0,0.63,15.0,0.64,15.0,0.07,0.07,43.59084,1776231143000
1776231144.91,144.91,0.37,15.0,0.36,15.0,0.44,4.65,0.5,3.0,0.56,4.65,0.5,3.0,0.63,15.0,0.64,15.0,0.07,0.07,43.59064,1776231144000
1776231146.362,146.362,0.37,15.0,0.36,15.0,0.44,4.65,0.5,3.0,0.56,4.65,0.5,3.0,0.63,15.0,0.64,15.0,0.07,0.07,43.590027,1776231145000
1776231146.861,146.861,0.37,15.0,0.36,15.0,0.44,4.65,0.5,3.0,0.56,4.65,0.5,3.0,0.63,15.0,0.64,15.0,0.07,0.07,43.589724,1776231146000
1776231147.874,147.874,0.37,15.0,0.36,15.0,0.44,4.65,0.5,3.0,0.56,4.65,0.5,3.0,0.63,15.0,0.64,15.0,0.07,0.07,43.589724,1776231147000
1776231148.902,148.902,0.37,15.0,0.36,15.0,0.44,4.65,0.5,3.0,0.56,4.65,0.5,3.0,0.63,15.0,0.64,15.0,0.07,0.07,43.588736,1776231148000
1776231149.831,149.831,0.37,15.0,0.36,15.0,0.44,4.65,0.5,3.0,0.56,4.65,0.5,3.0,0.63,15.0,0.64,15.0,0.07,0.07,43.588885,1776231149000
1776231150.965,150.965,0.37,15.0,0.36,15.0,0.44,4.65,0.5,3.0,0.56,4.65,0.5,3.0,0.63,15.0,0.64,15.0,0.07,0.07,43.588976,1776231150000
1776231152.02,152.02,0.37,15.0,0.36,15.0,0.44,4.65,0.5,3.0,0.56,4.65,0.5,3.0,0.63,15.0,0.64,15.0,0.07,0.07,43.588975,1776231151000
1776231152.877,152.877,0.37,15.0,0.36,15.0,0.44,4.65,0.5,3.0,0.56,4.65,0.5,3.0,0.63,15.0,0.64,15.0,0.07,0.07,43.587914,1776231152000
1776231153.859,153.859,0.37,15.0,0.36,15.0,0.44,4.65,0.5,3.0,0.56,4.65,0.5,3.0,0.63,15.0,0.64,15.0,0.07,0.07,43.581251,1776231153000
1776231154.841,154.841,0.37,15.0,0.36,15.0,0.44,4.65,0.5,3.0,0.56,4.65,0.5,3.0,0.63,15.0,0.64,15.0,0.07,0.07,43.582415,1776231154000
1776231155.814,155.814,0.37,15.0,0.36,15.0,0.44,4.65,0.5,3.0,0.56,4.65,0.5,3.0,0.63,15.0,0.64,15.0,0.07,0.07,43.584694,1776231155000
1776231157.324,157.324,0.37,15.0,0.36,15.0,0.44,4.65,0.5,3.0,0.56,4.65,0.5,3.0,0.63,15.0,0.64,15.0,0.07,0.07,43.583836,1776231156000
1776231158.955,158.955,0.37,15.0,0.36,15.0,0.44,4.65,0.5,3.0,0.56,4.65,0.5,3.0,0.63,15.0,0.64,15.0,0.07,0.07,43.57795,1776231157000
1776231159.656,159.656,0.37,15.0,0.36,15.0,0.44,4.65,0.5,3.0,0.56,4.65,0.5,3.0,0.63,15.0,0.64,15.0,0.07,0.07,43.578386,1776231158000
1776231160.259,160.259,0.37,15.0,0.36,15.0,0.44,4.65,0.5,3.0,0.56,4.65,0.5,3.0,0.63,15.0,0.64,15.0,0.07,0.07,43.578386,1776231159000
1776231161.045,161.045,0.37,15.0,0.36,15.0,0.44,4.65,0.5,3.0,0.56,4.65,0.5,3.0,0.63,15.0,0.64,15.0,0.07,0.07,43.576125,1776231160000
1776231162.175,162.175,0.37,15.0,0.36,15.0,0.44,4.65,0.5,3.0,0.56,4.65,0.5,3.0,0.63,15.0,0.64,15.0,0.07,0.07,43.575956,1776231161000
1776231162.375,162.375,0.24,9.12,0.23,15.0,0.25,5.0,0.29,10.0,0.75,5.0,0.71,10.0,0.76,9.12,0.77,15.0,0.01,0.01,43.575956,1776231161000
1776231163.251,163.251,0.24,9.12,0.23,15.0,0.25,5.0,0.29,10.0,0.75,5.0,0.71,10.0,0.76,9.12,0.77,15.0,0.01,0.01,43.576808,1776231162000
1776231164.402,164.402,0.24,1.22,0.23,15.0,0.25,5.0,0.29,10.0,0.75,5.0,0.71,10.0,0.76,1.22,0.77,15.0,0.01,0.01,43.57902,1776231163000
1776231165.006,165.006,0.24,1.22,0.23,15.0,0.25,5.0,0.29,10.0,0.75,5.0,0.71,10.0,0.76,1.22,0.77,15.0,0.01,0.01,43.579408,1776231164000
1776231166.037,166.037,0.24,1.22,0.23,15.0,0.25,5.0,0.29,10.0,0.75,5.0,0.71,10.0,0.76,1.22,0.77,15.0,0.01,0.01,43.579811,1776231165000
1776231167.214,167.214,0.24,1.22,0.23,15.0,0.25,5.0,0.29,10.0,0.75,5.0,0.71,10.0,0.76,1.22,0.77,15.0,0.01,0.01,43.581387,1776231166000
1776231168.218,168.218,0.24,1.22,0.23,15.0,0.25,5.0,0.29,10.0,0.75,5.0,0.71,10.0,0.76,1.22,0.77,15.0,0.01,0.01,43.582283,1776231167000
1776231169.394,169.394,0.24,1.22,0.23,15.0,0.25,5.0,0.29,10.0,0.75,5.0,0.71,10.0,0.76,1.22,0.77,15.0,0.01,0.01,43.58163,1776231168000
1776231169.92,169.92,0.24,1.22,0.23,15.0,0.25,5.0,0.29,10.0,0.75,5.0,0.71,10.0,0.76,1.22,0.77,15.0,0.01,0.01,43.581735,1776231169000
1776231170.962,170.962,0.24,1.22,0.23,15.0,0.25,5.0,0.29,10.0,0.75,5.0,0.71,10.0,0.76,1.22,0.77,15.0,0.01,0.01,43.58219,1776231170000
1776231172.075,172.075,0.24,1.22,0.23,15.0,0.25,5.0,0.29,10.0,0.75,5.0,0.71,10.0,0.76,1.22,0.77,15.0,0.01,0.01,43.581534,1776231171000
1776231173.522,173.522,0.24,1.22,0.23,15.0,0.25,5.0,0.29,10.0,0.75,5.0,0.71,10.0,0.76,1.22,0.77,15.0,0.01,0.01,43.581213,1776231172000
1776231174.072,174.072,0.24,1.22,0.23,15.0,0.25,5.0,0.29,10.0,0.75,5.0,0.71,10.0,0.76,1.22,0.77,15.0,0.01,0.01,43.582011,1776231173000
1776231174.491,174.491,0.23,15.0,0.22,15.0,0.25,5.0,0.3,10.0,0.75,5.0,0.71,10.0,0.76,1.22,0.77,15.0,0.02,0.01,43.582011,1776231173000
1776231175.046,175.046,0.23,15.0,0.22,15.0,0.25,5.0,0.3,10.0,0.75,5.0,0.7,10.0,0.77,15.0,0.78,15.0,0.02,0.02,43.582009,1776231174000
1776231175.977,175.977,0.23,15.0,0.22,15.0,0.25,5.0,0.3,10.0,0.75,5.0,0.7,10.0,0.77,15.0,0.78,15.0,0.02,0.02,43.581321,1776231175000
1776231177.003,177.003,0.23,15.0,0.22,15.0,0.25,5.0,0.3,10.0,0.75,5.0,0.7,10.0,0.77,15.0,0.78,15.0,0.02,0.02,43.582036,1776231176000
1776231177.958,177.958,0.23,15.0,0.22,15.0,0.25,5.0,0.3,10.0,0.75,5.0,0.7,10.0,0.77,15.0,0.78,15.0,0.02,0.02,43.581761,1776231177000
1776231179.072,179.072,0.23,15.0,0.22,15.0,0.25,5.0,0.3,10.0,0.75,5.0,0.7,10.0,0.77,15.0,0.78,15.0,0.02,0.02,43.581402,1776231178000
1776231179.926,179.926,0.23,15.0,0.22,15.0,0.25,5.0,0.3,10.0,0.75,5.0,0.7,10.0,0.77,15.0,0.78,15.0,0.02,0.02,43.581003,1776231179000
1776231180.974,180.974,0.23,15.0,0.22,15.0,0.25,5.0,0.3,10.0,0.75,5.0,0.7,10.0,0.77,15.0,0.78,15.0,0.02,0.02,43.581003,1776231180000
1776231181.927,181.927,0.23,15.0,0.22,15.0,0.25,5.0,0.3,10.0,0.75,5.0,0.7,10.0,0.77,15.0,0.78,15.0,0.02,0.02,43.581092,1776231181000
1776231183.012,183.012,0.23,15.0,0.22,15.0,0.25,5.0,0.3,10.0,0.75,5.0,0.7,10.0,0.77,15.0,0.78,15.0,0.02,0.02,43.580903,1776231182000
1776231183.965,183.965,0.23,15.0,0.22,15.0,0.25,5.0,0.3,10.0,0.75,5.0,0.7,10.0,0.77,15.0,0.78,15.0,0.02,0.02,43.581293,1776231183000
1776231185.074,185.074,0.23,15.0,0.22,15.0,0.25,5.0,0.3,10.0,0.75,5.0,0.7,10.0,0.77,15.0,0.78,15.0,0.02,0.02,43.580386,1776231184000
1776231186.663,186.663,0.23,15.0,0.22,15.0,0.25,5.0,0.3,10.0,0.75,5.0,0.7,10.0,0.77,15.0,0.78,15.0,0.02,0.02,43.580404,1776231185000
1776231187.351,187.351,0.23,15.0,0.22,15.0,0.25,5.0,0.3,10.0,0.75,5.0,0.7,10.0,0.77,15.0,0.78,15.0,0.02,0.02,43.580838,1776231186000
1776231187.971,187.971,0.23,15.0,0.22,15.0,0.25,5.0,0.28,10.0,0.75,5.0,0.72,10.0,0.77,15.0,0.78,15.0,0.02,0.02,43.580332,1776231187000
1776231189.4,189.4,0.23,15.0,0.22,15.0,0.25,5.0,0.28,10.0,0.75,5.0,0.72,10.0,0.77,15.0,0.78,15.0,0.02,0.02,43.581676,1776231188000
1776231190.147,190.147,0.23,15.0,0.22,15.0,0.25,5.0,0.28,10.0,0.75,5.0,0.72,10.0,0.77,15.0,0.78,15.0,0.02,0.02,43.581852,1776231189000
1776231190.454,190.454,0.24,2.21,0.23,15.0,0.25,5.0,0.27,10.0,0.75,5.0,0.72,10.0,0.77,15.0,0.78,15.0,0.01,0.02,43.581852,1776231189000
1776231191.362,191.362,0.24,2.21,0.23,15.0,0.25,5.0,0.27,10.0,0.75,5.0,0.73,10.0,0.76,2.21,0.77,15.0,0.01,0.01,43.582179,1776231190000
1776231192.516,192.516,0.24,2.21,0.23,15.0,0.25,5.0,0.27,10.0,0.75,5.0,0.73,10.0,0.76,2.21,0.77,15.0,0.01,0.01,43.581677,1776231191000
1776231193.419,193.419,0.24,2.21,0.23,15.0,0.25,5.0,0.27,10.0,0.75,5.0,0.73,10.0,0.76,2.21,0.77,15.0,0.01,0.01,43.581852,1776231192000
1776231194.048,194.048,0.24,2.21,0.23,15.0,0.25,5.0,0.27,10.0,0.75,5.0,0.73,10.0,0.76,2.21,0.77,15.0,0.01,0.01,43.582179,1776231193000
1776231195.296,195.296,0.24,2.21,0.23,15.0,0.25,5.0,0.27,10.0,0.75,5.0,0.73,10.0,0.76,2.21,0.77,15.0,0.01,0.01,43.579965,1776231194000
1776231196.522,196.522,0.24,2.21,0.23,15.0,0.25,5.0,0.27,10.0,0.75,5.0,0.73,10.0,0.76,2.21,0.77,15.0,0.01,0.01,43.580269,1776231195000
1776231197.179,197.179,0.24,2.21,0.23,15.0,0.25,5.0,0.27,10.0,0.75,5.0,0.73,10.0,0.76,2.21,0.77,15.0,0.01,0.01,43.58013,1776231196000
1776231198.408,198.408,0.24,2.21,0.23,15.0,0.25,5.0,0.27,10.0,0.75,5.0,0.73,10.0,0.76,2.21,0.77,15.0,0.01,0.01,43.580015,1776231197000
1776231199.003,199.003,0.24,2.21,0.23,15.0,0.25,5.0,0.27,10.0,0.75,5.0,0.73,10.0,0.76,2.21,0.77,15.0,0.01,0.01,43.580126,1776231198000
1776231200.394,200.394,0.24,2.21,0.23,15.0,0.25,5.0,0.27,10.0,0.75,5.0,0.73,10.0,0.76,2.21,0.77,15.0,0.01,0.01,43.579436,1776231199000
1776231201.045,201.045,0.24,2.21,0.23,15.0,0.25,5.0,0.27,10.0,0.75,5.0,0.73,10.0,0.76,2.21,0.77,15.0,0.01,0.01,43.579489,1776231200000
1776231202.298,202.298,0.24,2.21,0.23,15.0,0.25,5.0,0.27,10.0,0.75,5.0,0.73,10.0,0.76,2.21,0.77,15.0,0.01,0.01,43.579952,1776231201000
1776231203.193,203.193,0.24,2.21,0.23,15.0,0.25,5.0,0.27,10.0,0.75,5.0,0.73,10.0,0.76,2.21,0.77,15.0,0.01,0.01,43.579952,1776231202000
1776231204.136,204.136,0.24,2.21,0.23,15.0,0.25,5.0,0.27,10.0,0.75,5.0,0.73,10.0,0.76,2.21,0.77,15.0,0.01,0.01,43.580119,1776231203000
1776231204.516,204.516,0.15,7.5,0.14,15.0,0.2,10.0,0.23,15.0,0.75,5.0,0.73,10.0,0.76,2.21,0.77,15.0,0.05,0.01,43.580119,1776231203000
1776231205.044,205.044,0.15,7.5,0.14,15.0,0.2,10.0,0.23,15.0,0.8,10.0,0.77,15.0,0.85,7.5,0.86,15.0,0.05,0.05,43.579921,1776231204000
1776231206.136,206.136,0.15,7.5,0.14,15.0,0.2,10.0,0.23,15.0,0.8,10.0,0.77,15.0,0.85,7.5,0.86,15.0,0.05,0.05,43.58008,1776231205000
1776231206.382,206.382,0.15,7.5,0.14,15.0,0.22,10.0,0.25,19.0,0.8,10.0,0.77,15.0,0.85,7.5,0.86,15.0,0.07,0.05,43.58008,1776231205000
1776231207.08,207.08,0.15,7.5,0.14,15.0,0.22,10.0,0.25,19.0,0.78,10.0,0.75,19.0,0.85,7.5,0.86,15.0,0.07,0.07,43.579443,1776231206000
1776231208.104,208.104,0.15,7.5,0.14,15.0,0.22,10.0,0.25,19.0,0.78,10.0,0.75,19.0,0.85,7.5,0.86,15.0,0.07,0.07,43.579357,1776231207000
1776231209.158,209.158,0.15,7.5,0.14,15.0,0.22,10.0,0.25,19.0,0.78,10.0,0.75,19.0,0.85,7.5,0.86,15.0,0.07,0.07,43.579258,1776231208000
1776231210.067,210.067,0.15,7.5,0.14,15.0,0.22,10.0,0.25,19.0,0.78,10.0,0.75,19.0,0.85,7.5,0.86,15.0,0.07,0.07,43.580036,1776231209000
1776231210.99,210.99,0.15,7.5,0.14,15.0,0.22,10.0,0.25,19.0,0.78,10.0,0.75,19.0,0.85,7.5,0.86,15.0,0.07,0.07,43.580742,1776231210000
1776231212.127,212.127,0.15,7.5,0.14,15.0,0.22,10.0,0.25,19.0,0.78,10.0,0.75,19.0,0.85,7.5,0.86,15.0,0.07,0.07,43.581274,1776231211000
1776231213.135,213.135,0.15,7.5,0.14,15.0,0.22,10.0,0.25,19.0,0.78,10.0,0.75,19.0,0.85,7.5,0.86,15.0,0.07,0.07,43.582026,1776231212000
1776231214.035,214.035,0.15,7.5,0.14,15.0,0.22,10.0,0.25,19.0,0.78,10.0,0.75,19.0,0.85,7.5,0.86,15.0,0.07,0.07,43.582026,1776231213000
1776231215.086,215.086,0.15,7.5,0.14,15.0,0.22,10.0,0.25,19.0,0.78,10.0,0.75,19.0,0.85,7.5,0.86,15.0,0.07,0.07,43.582587,1776231214000
1776231216.959,216.959,0.15,7.5,0.14,15.0,0.22,10.0,0.25,19.0,0.78,10.0,0.75,19.0,0.85,7.5,0.86,15.0,0.07,0.07,43.582764,1776231215000
1776231217.978,217.978,0.15,7.5,0.14,15.0,0.22,10.0,0.25,19.0,0.78,10.0,0.75,19.0,0.85,7.5,0.86,15.0,0.07,0.07,43.582203,1776231216000
1776231218.795,218.795,0.15,7.5,0.14,15.0,0.22,10.0,0.25,19.0,0.78,10.0,0.75,19.0,0.85,7.5,0.86,15.0,0.07,0.07,43.5808,1776231217000
1776231219.804,219.804,0.15,7.5,0.14,15.0,0.22,10.0,0.25,19.0,0.78,10.0,0.75,19.0,0.85,7.5,0.86,15.0,0.07,0.07,43.580887,1776231218000
1776231221.11,221.11,0.15,7.5,0.14,15.0,0.22,10.0,0.25,19.0,0.78,10.0,0.75,19.0,0.85,7.5,0.86,15.0,0.07,0.07,43.580768,1776231219000
1776231221.975,221.975,0.15,7.5,0.14,15.0,0.22,10.0,0.25,19.0,0.78,10.0,0.75,19.0,0.85,7.5,0.86,15.0,0.07,0.07,43.580738,1776231220000
1776231222.995,222.995,0.15,7.5,0.14,15.0,0.22,10.0,0.25,19.0,0.78,10.0,0.75,19.0,0.85,7.5,0.86,15.0,0.07,0.07,43.580529,1776231221000
1776231223.959,223.959,0.15,7.5,0.14,15.0,0.22,10.0,0.25,19.0,0.78,10.0,0.75,19.0,0.85,7.5,0.86,15.0,0.07,0.07,43.580527,1776231222000
1776231224.946,224.946,0.15,7.5,0.14,15.0,0.22,10.0,0.25,19.0,0.78,10.0,0.75,19.0,0.85,7.5,0.86,15.0,0.07,0.07,43.579854,1776231223000
1776231226.072,226.072,0.15,7.5,0.14,15.0,0.22,10.0,0.25,19.0,0.78,10.0,0.75,19.0,0.85,7.5,0.86,15.0,0.07,0.07,43.579533,1776231224000
1776231226.914,226.914,0.15,7.5,0.14,15.0,0.22,10.0,0.25,19.0,0.78,10.0,0.75,19.0,0.85,7.5,0.86,15.0,0.07,0.07,43.579261,1776231225000
1776231227.919,227.919,0.15,7.5,0.14,15.0,0.22,10.0,0.25,19.0,0.78,10.0,0.75,19.0,0.85,7.5,0.86,15.0,0.07,0.07,43.580699,1776231226000
1776231229.086,229.086,0.15,7.5,0.14,15.0,0.22,10.0,0.25,19.0,0.78,10.0,0.75,19.0,0.85,7.5,0.86,15.0,0.07,0.07,43.5806,1776231227000
1776231229.932,229.932,0.13,15.0,0.12,15.0,0.28,3.85,0.38,15.0,0.78,10.0,0.75,19.0,0.85,7.5,0.86,15.0,0.15,0.07,43.5806,1776231227000
1776231231.19,231.19,0.13,15.0,0.12,15.0,0.28,3.85,0.38,15.0,0.72,3.85,0.62,15.0,0.87,15.0,0.88,15.0,0.15,0.15,43.580959,1776231229000
1776231231.673,231.673,0.15,0.41,0.14,15.0,0.28,10.0,0.36,15.0,0.72,3.85,0.62,15.0,0.87,15.0,0.88,15.0,0.13,0.15,43.580959,1776231229000
1776231232.085,232.085,0.15,0.41,0.14,15.0,0.28,10.0,0.36,15.0,0.72,10.0,0.64,15.0,0.85,0.41,0.86,15.0,0.13,0.13,43.585226,1776231230000
1776231233.017,233.017,0.15,0.41,0.14,15.0,0.28,10.0,0.36,15.0,0.72,10.0,0.64,15.0,0.85,0.41,0.86,15.0,0.13,0.13,43.586859,1776231231000
1776231233.765,233.765,0.15,0.41,0.14,15.0,0.28,10.0,0.36,15.0,0.72,10.0,0.64,15.0,0.85,0.41,0.86,15.0,0.13,0.13,43.588648,1776231232000
1776231234.58,234.58,0.15,0.41,0.14,15.0,0.28,10.0,0.36,15.0,0.72,10.0,0.64,15.0,0.85,0.41,0.86,15.0,0.13,0.13,43.589336,1776231233000
1776231235.422,235.422,0.15,0.41,0.14,15.0,0.28,10.0,0.36,15.0,0.72,10.0,0.64,15.0,0.85,0.41,0.86,15.0,0.13,0.13,43.590204,1776231234000
1776231236.719,236.719,0.15,0.41,0.14,15.0,0.28,10.0,0.36,15.0,0.72,10.0,0.64,15.0,0.85,0.41,0.86,15.0,0.13,0.13,43.589329,1776231235000
1776231237.373,237.373,0.15,0.41,0.14,15.0,0.28,10.0,0.36,15.0,0.72,10.0,0.64,15.0,0.85,0.41,0.86,15.0,0.13,0.13,43.583415,1776231236000
1776231238.355,238.355,0.15,0.41,0.14,15.0,0.28,10.0,0.36,15.0,0.72,10.0,0.64,15.0,0.85,0.41,0.86,15.0,0.13,0.13,43.58341,1776231237000
1776231239.067,239.067,0.15,0.41,0.14,15.0,0.28,10.0,0.36,15.0,0.72,10.0,0.64,15.0,0.85,0.41,0.86,15.0,0.13,0.13,43.582801,1776231238000
1776231240.269,240.269,0.15,0.41,0.14,15.0,0.28,10.0,0.36,15.0,0.72,10.0,0.64,15.0,0.85,0.41,0.86,15.0,0.13,0.13,43.580646,1776231239000
1776231241.448,241.448,0.15,0.41,0.14,15.0,0.28,10.0,0.36,15.0,0.72,10.0,0.64,15.0,0.85,0.41,0.86,15.0,0.13,0.13,43.580018,1776231240000
1776231241.979,241.979,0.15,0.41,0.14,15.0,0.28,10.0,0.36,15.0,0.72,10.0,0.64,15.0,0.85,0.41,0.86,15.0,0.13,0.13,43.580018,1776231241000
1776231242.96,242.96,0.15,0.41,0.14,15.0,0.28,10.0,0.36,15.0,0.72,10.0,0.64,15.0,0.85,0.41,0.86,15.0,0.13,0.13,43.579792,1776231242000
1776231244.064,244.064,0.15,0.41,0.14,15.0,0.28,10.0,0.36,15.0,0.72,10.0,0.64,15.0,0.85,0.41,0.86,15.0,0.13,0.13,43.57979,1776231243000
1776231245.129,245.129,0.15,0.41,0.14,15.0,0.28,10.0,0.36,15.0,0.72,10.0,0.64,15.0,0.85,0.41,0.86,15.0,0.13,0.13,43.579662,1776231244000
1776231246.12,246.12,0.15,0.41,0.14,15.0,0.28,10.0,0.36,15.0,0.72,10.0,0.64,15.0,0.85,0.41,0.86,15.0,0.13,0.13,43.579647,1776231245000
1776231247.126,247.126,0.15,0.41,0.14,15.0,0.28,10.0,0.36,15.0,0.72,10.0,0.64,15.0,0.85,0.41,0.86,15.0,0.13,0.13,43.579001,1776231246000
1776231248.09,248.09,0.15,0.41,0.14,15.0,0.28,10.0,0.36,15.0,0.72,10.0,0.64,15.0,0.85,0.41,0.86,15.0,0.13,0.13,43.578449,1776231247000
1776231249.162,249.162,0.15,0.41,0.14,15.0,0.28,10.0,0.36,15.0,0.72,10.0,0.64,15.0,0.85,0.41,0.86,15.0,0.13,0.13,43.574989,1776231248000
1776231250.117,250.117,0.15,0.41,0.14,15.0,0.28,10.0,0.36,15.0,0.72,10.0,0.64,15.0,0.85,0.41,0.86,15.0,0.13,0.13,43.574387,1776231249000
1776231251.232,251.232,0.15,0.41,0.14,15.0,0.28,10.0,0.36,15.0,0.72,10.0,0.64,15.0,0.85,0.41,0.86,15.0,0.13,0.13,43.574158,1776231250000
1776231252.156,252.156,0.15,0.41,0.14,15.0,0.28,10.0,0.36,15.0,0.72,10.0,0.64,15.0,0.85,0.41,0.86,15.0,0.13,0.13,43.574197,1776231251000
1776231252.666,252.666,0.05,9.0,0.04,20.0,0.09,15.0,0.1,15.0,0.72,10.0,0.64,15.0,0.85,0.41,0.86,15.0,0.04,0.13,43.574197,1776231251000
1776231253.108,253.108,0.05,4.0,0.04,20.0,0.09,15.0,0.1,15.0,0.91,15.0,0.9,15.0,0.95,9.0,0.96,20.0,0.04,0.04,43.574197,1776231251000
1776231253.69,253.69,0.05,4.0,0.04,20.0,0.09,15.0,0.1,15.0,0.91,15.0,0.9,15.0,0.95,4.0,0.96,20.0,0.04,0.04,43.573938,1776231252000
1776231254.184,254.184,0.05,4.0,0.04,20.0,0.09,15.0,0.1,15.0,0.91,15.0,0.9,15.0,0.95,4.0,0.96,20.0,0.04,0.04,43.573938,1776231253000
1776231255.198,255.198,0.05,4.0,0.04,20.0,0.09,15.0,0.1,15.0,0.91,15.0,0.9,15.0,0.95,4.0,0.96,20.0,0.04,0.04,43.574137,1776231254000
1776231256.157,256.157,0.05,4.0,0.04,20.0,0.09,15.0,0.1,15.0,0.91,15.0,0.9,15.0,0.95,4.0,0.96,20.0,0.04,0.04,43.575075,1776231255000
1776231257.171,257.171,0.05,4.0,0.04,20.0,0.09,15.0,0.1,15.0,0.91,15.0,0.9,15.0,0.95,4.0,0.96,20.0,0.04,0.04,43.57519,1776231256000
1776231258.147,258.147,0.05,4.0,0.04,20.0,0.09,15.0,0.1,15.0,0.91,15.0,0.9,15.0,0.95,4.0,0.96,20.0,0.04,0.04,43.575021,1776231257000
1776231259.146,259.146,0.05,4.0,0.04,20.0,0.09,15.0,0.1,15.0,0.91,15.0,0.9,15.0,0.95,4.0,0.96,20.0,0.04,0.04,43.575179,1776231258000
1776231260.184,260.184,0.05,4.0,0.04,20.0,0.09,15.0,0.1,15.0,0.91,15.0,0.9,15.0,0.95,4.0,0.96,20.0,0.04,0.04,43.575289,1776231259000
1776231261.113,261.113,0.05,4.0,0.04,20.0,0.09,15.0,0.1,15.0,0.91,15.0,0.9,15.0,0.95,4.0,0.96,20.0,0.04,0.04,43.575609,1776231260000
1776231262.195,262.195,0.07,11.77,0.06,15.0,0.13,15.0,0.14,15.0,0.87,15.0,0.86,15.0,0.93,11.77,0.94,15.0,0.06,0.06,43.57888,1776231261000
1776231263.148,263.148,0.07,11.77,0.06,15.0,0.13,15.0,0.14,15.0,0.87,15.0,0.86,15.0,0.93,11.77,0.94,15.0,0.06,0.06,43.579678,1776231262000
1776231264.091,264.091,0.07,11.77,0.06,15.0,0.13,15.0,0.14,15.0,0.87,15.0,0.86,15.0,0.93,11.77,0.94,15.0,0.06,0.06,43.58023,1776231263000
1776231264.709,264.709,0.08,11.63,0.07,11.77,0.16,15.0,0.17,25.0,0.87,15.0,0.86,15.0,0.93,11.77,0.94,15.0,0.08,0.06,43.58023,1776231263000
1776231265.154,265.154,0.08,11.63,0.07,11.77,0.16,15.0,0.17,25.0,0.84,15.0,0.83,25.0,0.92,11.63,0.93,11.77,0.08,0.08,43.580293,1776231264000
1776231266.755,266.755,0.08,11.63,0.07,11.77,0.16,15.0,0.17,25.0,0.84,15.0,0.83,25.0,0.92,11.63,0.93,11.77,0.08,0.08,43.580529,1776231265000
1776231267.481,267.481,0.08,11.63,0.07,11.77,0.16,15.0,0.17,25.0,0.84,15.0,0.83,25.0,0.92,11.63,0.93,11.77,0.08,0.08,43.580522,1776231266000
1776231268.011,268.011,0.08,11.63,0.07,11.77,0.16,15.0,0.17,25.0,0.84,15.0,0.83,25.0,0.92,11.63,0.93,11.77,0.08,0.08,43.585561,1776231267000
1776231269.279,269.279,0.08,11.63,0.07,11.77,0.16,15.0,0.17,25.0,0.84,15.0,0.83,25.0,0.92,11.63,0.93,11.77,0.08,0.08,43.586425,1776231268000
1776231270.751,270.751,0.08,11.63,0.07,11.77,0.16,15.0,0.17,25.0,0.84,15.0,0.83,25.0,0.92,11.63,0.93,11.77,0.08,0.08,43.582316,1776231269000
1776231271.427,271.427,0.08,11.63,0.07,11.77,0.16,15.0,0.17,25.0,0.84,15.0,0.83,25.0,0.92,11.63,0.93,11.77,0.08,0.08,43.581812,1776231270000
1776231272.089,272.089,0.08,11.63,0.07,11.77,0.16,15.0,0.17,25.0,0.84,15.0,0.83,25.0,0.92,11.63,0.93,11.77,0.08,0.08,43.581328,1776231271000
1776231273.348,273.348,0.08,11.63,0.07,11.77,0.16,15.0,0.17,25.0,0.84,15.0,0.83,25.0,0.92,11.63,0.93,11.77,0.08,0.08,43.581118,1776231272000
1776231274.149,274.149,0.06,12.87,0.05,15.0,0.12,15.0,0.13,15.0,0.84,15.0,0.83,25.0,0.92,11.63,0.93,11.77,0.06,0.08,43.581118,1776231272000
1776231274.572,274.572,0.06,12.87,0.05,15.0,0.12,15.0,0.13,15.0,0.88,15.0,0.87,15.0,0.94,12.87,0.95,15.0,0.06,0.06,43.58321,1776231273000
1776231275.236,275.236,0.06,12.87,0.05,15.0,0.12,15.0,0.13,15.0,0.88,15.0,0.87,15.0,0.94,12.87,0.95,15.0,0.06,0.06,43.58321,1776231274000
1776231276.5,276.5,0.06,12.87,0.05,15.0,0.12,15.0,0.13,15.0,0.88,15.0,0.87,15.0,0.94,12.87,0.95,15.0,0.06,0.06,43.583884,1776231275000
1776231277.175,277.175,0.06,12.87,0.05,15.0,0.12,15.0,0.13,15.0,0.88,15.0,0.87,15.0,0.94,12.87,0.95,15.0,0.06,0.06,43.583938,1776231276000
1776231278.468,278.468,0.06,12.87,0.05,15.0,0.12,15.0,0.13,15.0,0.88,15.0,0.87,15.0,0.94,12.87,0.95,15.0,0.06,0.06,43.583882,1776231277000
1776231279.154,279.154,0.06,12.87,0.05,15.0,0.12,15.0,0.13,15.0,0.88,15.0,0.87,15.0,0.94,12.87,0.95,15.0,0.06,0.06,43.583882,1776231278000
1776231280.499,280.499,0.04,3.63,0.02,10.0,0.13,10.0,0.5,3.0,0.87,10.0,0.5,3.0,0.96,3.63,0.98,10.0,0.09,0.09,43.583957,1776231279000
1776231281.09,281.09,0.04,3.63,0.02,10.0,0.13,10.0,0.5,3.0,0.87,10.0,0.5,3.0,0.96,3.63,0.98,10.0,0.09,0.09,43.584045,1776231280000
1776231282.359,282.359,0.04,3.63,0.02,10.0,0.13,10.0,0.5,3.0,0.87,10.0,0.5,3.0,0.96,3.63,0.98,10.0,0.09,0.09,43.583855,1776231281000
1776231283.393,283.393,0.04,3.63,0.02,10.0,0.13,10.0,0.5,3.0,0.87,10.0,0.5,3.0,0.96,3.63,0.98,10.0,0.09,0.09,43.583454,1776231282000
1776231283.757,283.757,0.04,3.63,0.02,10.0,0.14,1.42,0.5,3.0,0.87,10.0,0.5,3.0,0.96,3.63,0.98,10.0,0.1,0.09,43.583454,1776231282000
1776231284.91,284.91,0.04,3.63,0.02,10.0,0.14,1.42,0.5,3.0,0.86,1.42,0.5,3.0,0.96,3.63,0.98,10.0,0.1,0.1,43.587289,1776231284000
1776231285.932,285.932,0.04,3.63,0.02,10.0,0.14,1.42,0.5,3.0,0.86,1.42,0.5,3.0,0.96,3.63,0.98,10.0,0.1,0.1,43.588523,1776231285000
1776231286.958,286.958,0.04,3.63,0.02,10.0,0.14,1.42,0.5,3.0,0.86,1.42,0.5,3.0,0.96,3.63,0.98,10.0,0.1,0.1,43.589545,1776231286000
1776231288.055,288.055,0.04,3.63,0.02,10.0,0.14,1.42,0.5,3.0,0.86,1.42,0.5,3.0,0.96,3.63,0.98,10.0,0.1,0.1,43.589809,1776231287000
1776231288.949,288.949,0.04,3.63,0.02,10.0,0.14,1.42,0.5,3.0,0.86,1.42,0.5,3.0,0.96,3.63,0.98,10.0,0.1,0.1,43.590054,1776231288000
1776231289.856,289.856,0.04,3.63,0.02,10.0,0.14,1.42,0.5,3.0,0.86,1.42,0.5,3.0,0.96,3.63,0.98,10.0,0.1,0.1,43.590172,1776231289000
1776231290.955,290.955,0.04,3.63,0.02,10.0,0.14,1.42,0.5,3.0,0.86,1.42,0.5,3.0,0.96,3.63,0.98,10.0,0.1,0.1,43.59052,1776231290000
1776231292.014,292.014,0.04,3.63,0.02,10.0,0.14,1.42,0.5,3.0,0.86,1.42,0.5,3.0,0.96,3.63,0.98,10.0,0.1,0.1,43.591006,1776231291000
1776231293.021,293.021,0.04,3.63,0.02,10.0,0.14,1.42,0.5,3.0,0.86,1.42,0.5,3.0,0.96,3.63,0.98,10.0,0.1,0.1,43.591006,1776231292000
1776231294.0,294.0,0.04,3.63,0.02,10.0,0.14,1.42,0.5,3.0,0.86,1.42,0.5,3.0,0.96,3.63,0.98,10.0,0.1,0.1,43.591482,1776231293000
1776231294.519,294.519,0.04,0.5,0.02,10.0,0.14,9.94,0.5,3.0,0.86,1.42,0.5,3.0,0.96,3.63,0.98,10.0,0.1,0.1,43.591482,1776231293000
1776231294.966,294.966,0.01,80.23,,,0.14,9.94,0.5,3.0,0.86,9.94,0.5,3.0,0.96,0.5,0.98,10.0,0.13,0.1,43.591482,1776231293000
1776231295.468,295.468,0.01,176.99,,,0.14,9.94,0.5,3.0,0.86,9.94,0.5,3.0,0.99,80.23,,,0.13,0.13,43.599895,1776231294000
1776231296.406,296.406,0.01,75.88,,,0.15,9.94,0.5,3.0,0.86,9.94,0.5,3.0,0.99,176.99,,,0.14,0.13,43.599895,1776231294000
1776231296.645,296.645,0.01,75.88,,,0.77,8.03,0.96,5.0,0.85,9.94,0.5,3.0,0.99,75.88,,,0.76,0.14,43.600198,1776231295000
1776231296.988,296.988,0.01,75.88,,,0.77,8.03,0.96,5.0,0.23,8.03,0.04,5.0,0.99,75.88,,,0.76,0.76,43.599941,1776231296000
1776231297.22,297.22,0.45,1.66,0.01,75.88,0.77,8.03,0.96,5.0,0.23,8.03,0.04,5.0,0.55,4.16,0.99,75.88,0.32,0.32,43.599941,1776231296000
1776231297.437,297.437,0.01,23.04,,,0.77,8.03,0.96,5.0,0.23,8.03,0.04,5.0,0.99,25.04,,,0.76,0.76,43.599941,1776231296000
1776231298.11,298.11,0.01,39.01,,,0.77,4.17,0.96,5.0,0.23,4.17,0.04,5.0,0.99,28.04,,,0.76,0.76,43.599941,1776231296000
1776231298.426,298.426,0.77,33.6,0.08,12.5,0.95,260.27,0.96,5.0,0.04,5.0,0.02,10.0,0.23,34.71,0.99,39.01,0.18,0.19,43.607602,1776231297000
1776231299.313,299.313,0.77,33.6,0.08,12.5,0.95,257.14,0.96,5.0,0.05,257.14,0.04,5.0,0.23,33.6,0.92,12.5,0.18,0.18,43.618501,1776231298000
1776231300.431,300.431,0.84,3.75,0.5,113.46,0.95,20.0,0.96,5.0,0.05,20.0,0.04,5.0,0.16,3.75,0.5,113.46,0.11,0.11,43.620599,1776231299000
1776231301.008,301.008,0.84,3.75,0.5,113.46,0.95,20.0,0.96,5.0,0.05,20.0,0.04,5.0,0.16,3.75,0.5,113.46,0.11,0.11,43.620693,1776231300000

# RESULT,winner=Up,slug=hype-updown-5m-1776231000,ticks=302
