timestamp,elapsed_sec,up_bid_p1,up_bid_s1,up_bid_p2,up_bid_s2,up_ask_p1,up_ask_s1,up_ask_p2,up_ask_s2,down_bid_p1,down_bid_s1,down_bid_p2,down_bid_s2,down_ask_p1,down_ask_s1,down_ask_p2,down_ask_s2,up_spread,down_spread,hype_price,hype_oracle_ts
1776226211.316,11.316,0.53,10.0,0.48,5.0,0.7,10.0,0.72,5.0,0.3,10.0,0.28,5.0,0.47,10.0,0.52,5.0,0.17,0.17,43.957623,1776226210000
1776226211.605,11.605,0.53,10.0,0.48,5.0,0.7,10.0,0.72,5.0,0.3,10.0,0.28,5.0,0.47,10.0,0.52,5.0,0.17,0.17,43.957623,1776226210000
1776226212.07,12.07,0.53,10.0,0.48,5.0,0.7,10.0,0.72,5.0,0.3,10.0,0.28,5.0,0.47,10.0,0.52,5.0,0.17,0.17,43.957682,1776226211000
1776226213.131,13.131,0.53,10.0,0.48,5.0,0.7,10.0,0.72,5.0,0.3,10.0,0.28,5.0,0.47,10.0,0.52,5.0,0.17,0.17,43.957759,1776226212000
1776226214.236,14.236,0.53,10.0,0.48,5.0,0.7,10.0,0.72,5.0,0.3,10.0,0.28,5.0,0.47,10.0,0.52,5.0,0.17,0.17,43.957742,1776226213000
1776226215.316,15.316,0.53,10.0,0.48,5.0,0.7,10.0,0.72,5.0,0.3,10.0,0.28,5.0,0.47,10.0,0.52,5.0,0.17,0.17,43.957896,1776226214000
1776226216.366,16.366,0.53,10.0,0.48,5.0,0.7,10.0,0.72,5.0,0.3,10.0,0.28,5.0,0.47,10.0,0.52,5.0,0.17,0.17,43.957793,1776226215000
1776226217.0,17.0,0.53,10.0,0.48,5.0,0.7,10.0,0.72,5.0,0.3,10.0,0.28,5.0,0.47,10.0,0.52,5.0,0.17,0.17,43.957793,1776226216000
1776226217.974,17.974,0.53,10.0,0.48,5.0,0.7,10.0,0.72,5.0,0.3,10.0,0.28,5.0,0.47,10.0,0.52,5.0,0.17,0.17,43.957793,1776226217000
1776226218.977,18.977,0.53,10.0,0.48,5.0,0.7,10.0,0.72,5.0,0.3,10.0,0.28,5.0,0.47,10.0,0.52,5.0,0.17,0.17,43.956516,1776226218000
1776226220.023,20.023,0.53,10.0,0.48,5.0,0.7,10.0,0.72,5.0,0.3,10.0,0.28,5.0,0.47,10.0,0.52,5.0,0.17,0.17,43.952446,1776226219000
1776226221.057,21.057,0.53,10.0,0.48,5.0,0.7,10.0,0.72,5.0,0.3,10.0,0.28,5.0,0.47,10.0,0.52,5.0,0.17,0.17,43.944416,1776226220000
1776226222.047,22.047,0.53,10.0,0.48,5.0,0.7,10.0,0.72,5.0,0.3,10.0,0.28,5.0,0.47,10.0,0.52,5.0,0.17,0.17,43.943305,1776226221000
1776226223.103,23.103,0.53,10.0,0.48,5.0,0.7,10.0,0.72,5.0,0.3,10.0,0.28,5.0,0.47,10.0,0.52,5.0,0.17,0.17,43.942235,1776226222000
1776226224.695,24.695,0.53,10.0,0.48,5.0,0.7,10.0,0.72,5.0,0.3,10.0,0.28,5.0,0.47,10.0,0.52,5.0,0.17,0.17,43.942523,1776226223000
1776226225.257,25.257,0.53,10.0,0.48,5.0,0.7,10.0,0.72,5.0,0.3,10.0,0.28,5.0,0.47,10.0,0.52,5.0,0.17,0.17,43.942051,1776226224000
1776226226.294,26.294,0.53,10.0,0.48,5.0,0.7,10.0,0.72,5.0,0.3,10.0,0.28,5.0,0.47,10.0,0.52,5.0,0.17,0.17,43.942048,1776226225000
1776226227.858,27.858,0.53,10.0,0.48,5.0,0.7,10.0,0.72,5.0,0.3,10.0,0.28,5.0,0.47,10.0,0.52,5.0,0.17,0.17,43.942042,1776226226000
1776226228.403,28.403,0.53,10.0,0.48,5.0,0.7,10.0,0.72,5.0,0.3,10.0,0.28,5.0,0.47,10.0,0.52,5.0,0.17,0.17,43.942581,1776226227000
1776226228.969,28.969,0.53,10.0,0.48,5.0,0.7,10.0,0.72,5.0,0.3,10.0,0.28,5.0,0.47,10.0,0.52,5.0,0.17,0.17,43.942666,1776226228000
1776226230.214,30.214,0.53,10.0,0.48,5.0,0.7,10.0,0.72,5.0,0.3,10.0,0.28,5.0,0.47,10.0,0.52,5.0,0.17,0.17,43.942706,1776226229000
1776226231.386,31.386,0.53,10.0,0.48,5.0,0.7,10.0,0.72,5.0,0.3,10.0,0.28,5.0,0.47,10.0,0.52,5.0,0.17,0.17,43.942485,1776226230000
1776226232.087,32.087,0.53,10.0,0.48,5.0,0.7,10.0,0.72,5.0,0.3,10.0,0.28,5.0,0.47,10.0,0.52,5.0,0.17,0.17,43.942485,1776226231000
1776226233.246,33.246,0.53,10.0,0.48,5.0,0.7,10.0,0.72,5.0,0.3,10.0,0.28,5.0,0.47,10.0,0.52,5.0,0.17,0.17,43.94234,1776226232000
1776226234.414,34.414,0.53,10.0,0.48,5.0,0.7,10.0,0.72,5.0,0.3,10.0,0.28,5.0,0.47,10.0,0.52,5.0,0.17,0.17,43.942196,1776226233000
1776226235.04,35.04,0.53,10.0,0.48,5.0,0.7,10.0,0.72,5.0,0.3,10.0,0.28,5.0,0.47,10.0,0.52,5.0,0.17,0.17,43.942307,1776226234000
1776226236.175,36.175,0.53,10.0,0.48,5.0,0.7,10.0,0.72,5.0,0.3,10.0,0.28,5.0,0.47,10.0,0.52,5.0,0.17,0.17,43.942549,1776226235000
1776226237.38,37.38,0.53,10.0,0.48,5.0,0.7,10.0,0.72,5.0,0.3,10.0,0.28,5.0,0.47,10.0,0.52,5.0,0.17,0.17,43.942645,1776226236000
1776226238.203,38.203,0.53,10.0,0.48,5.0,0.7,10.0,0.72,5.0,0.3,10.0,0.28,5.0,0.47,10.0,0.52,5.0,0.17,0.17,43.942645,1776226237000
1776226239.521,39.521,0.53,10.0,0.48,5.0,0.7,10.0,0.72,5.0,0.3,10.0,0.28,5.0,0.47,10.0,0.52,5.0,0.17,0.17,43.941241,1776226238000
1776226240.477,40.477,0.53,10.0,0.48,5.0,0.7,10.0,0.72,5.0,0.3,10.0,0.28,5.0,0.47,10.0,0.52,5.0,0.17,0.17,43.941241,1776226239000
1776226240.997,40.997,0.53,10.0,0.48,5.0,0.7,10.0,0.72,5.0,0.3,10.0,0.28,5.0,0.47,10.0,0.52,5.0,0.17,0.17,43.942239,1776226240000
1776226242.152,42.152,0.53,10.0,0.48,5.0,0.7,10.0,0.72,5.0,0.3,10.0,0.28,5.0,0.47,10.0,0.52,5.0,0.17,0.17,43.941003,1776226241000
1776226243.117,43.117,0.53,10.0,0.48,5.0,0.7,10.0,0.72,5.0,0.3,10.0,0.28,5.0,0.47,10.0,0.52,5.0,0.17,0.17,43.939048,1776226242000
1776226244.074,44.074,0.53,10.0,0.48,5.0,0.7,10.0,0.72,5.0,0.3,10.0,0.28,5.0,0.47,10.0,0.52,5.0,0.17,0.17,43.938661,1776226243000
1776226245.129,45.129,0.53,10.0,0.48,5.0,0.7,10.0,0.72,5.0,0.3,10.0,0.28,5.0,0.47,10.0,0.52,5.0,0.17,0.17,43.93779,1776226244000
1776226246.089,46.089,0.53,10.0,0.48,5.0,0.7,10.0,0.72,5.0,0.3,10.0,0.28,5.0,0.47,10.0,0.52,5.0,0.17,0.17,43.932248,1776226245000
1776226247.036,47.036,0.53,10.0,0.48,5.0,0.7,10.0,0.72,5.0,0.3,10.0,0.28,5.0,0.47,10.0,0.52,5.0,0.17,0.17,43.931992,1776226246000
1776226248.053,48.053,0.53,10.0,0.48,5.0,0.7,10.0,0.72,5.0,0.3,10.0,0.28,5.0,0.47,10.0,0.52,5.0,0.17,0.17,43.93227,1776226247000
1776226249.062,49.062,0.53,10.0,0.48,5.0,0.7,10.0,0.72,5.0,0.3,10.0,0.28,5.0,0.47,10.0,0.52,5.0,0.17,0.17,43.933205,1776226248000
1776226250.006,50.006,0.53,10.0,0.48,5.0,0.7,10.0,0.72,5.0,0.3,10.0,0.28,5.0,0.47,10.0,0.52,5.0,0.17,0.17,43.932961,1776226249000
1776226250.998,50.998,0.53,10.0,0.48,5.0,0.7,10.0,0.72,5.0,0.3,10.0,0.28,5.0,0.47,10.0,0.52,5.0,0.17,0.17,43.932526,1776226250000
1776226251.905,51.905,0.53,10.0,0.48,5.0,0.7,10.0,0.72,5.0,0.3,10.0,0.28,5.0,0.47,10.0,0.52,5.0,0.17,0.17,43.932448,1776226251000
1776226253.366,53.366,0.53,10.0,0.48,5.0,0.7,10.0,0.72,5.0,0.3,10.0,0.28,5.0,0.47,10.0,0.52,5.0,0.17,0.17,43.93146,1776226252000
1776226253.94,53.94,0.53,10.0,0.48,5.0,0.7,10.0,0.72,5.0,0.3,10.0,0.28,5.0,0.47,10.0,0.52,5.0,0.17,0.17,43.93146,1776226253000
1776226255.01,55.01,0.53,10.0,0.48,5.0,0.7,10.0,0.72,5.0,0.3,10.0,0.28,5.0,0.47,10.0,0.52,5.0,0.17,0.17,43.93146,1776226254000
1776226255.996,55.996,0.53,10.0,0.48,5.0,0.7,10.0,0.72,5.0,0.3,10.0,0.28,5.0,0.47,10.0,0.52,5.0,0.17,0.17,43.931478,1776226255000
1776226257.543,57.543,0.53,10.0,0.48,5.0,0.7,10.0,0.72,5.0,0.3,10.0,0.28,5.0,0.47,10.0,0.52,5.0,0.17,0.17,43.931599,1776226256000
1776226258.137,58.137,0.53,10.0,0.48,5.0,0.7,10.0,0.72,5.0,0.3,10.0,0.28,5.0,0.47,10.0,0.52,5.0,0.17,0.17,43.931599,1776226257000
1776226259.672,59.672,0.53,10.0,0.48,5.0,0.7,10.0,0.72,5.0,0.3,10.0,0.28,5.0,0.47,10.0,0.52,5.0,0.17,0.17,43.931599,1776226258000
1776226260.18,60.18,0.53,10.0,0.48,5.0,0.7,10.0,0.72,5.0,0.3,10.0,0.28,5.0,0.47,10.0,0.52,5.0,0.17,0.17,43.931878,1776226259000
1776226261.286,61.286,0.53,10.0,0.48,5.0,0.7,10.0,0.72,5.0,0.3,10.0,0.28,5.0,0.47,10.0,0.52,5.0,0.17,0.17,43.933262,1776226260000
1776226261.915,61.915,0.53,10.0,0.48,5.0,0.7,10.0,0.72,5.0,0.3,10.0,0.28,5.0,0.47,10.0,0.52,5.0,0.17,0.17,43.933262,1776226261000
1776226263.062,63.062,0.53,10.0,0.48,5.0,0.7,10.0,0.72,5.0,0.3,10.0,0.28,5.0,0.47,10.0,0.52,5.0,0.17,0.17,43.933479,1776226262000
1776226264.267,64.267,0.53,10.0,0.48,5.0,0.7,10.0,0.72,5.0,0.3,10.0,0.28,5.0,0.47,10.0,0.52,5.0,0.17,0.17,43.932811,1776226263000
1776226265.385,65.385,0.53,10.0,0.48,5.0,0.7,10.0,0.72,5.0,0.3,10.0,0.28,5.0,0.47,10.0,0.52,5.0,0.17,0.17,43.93283,1776226264000
1776226265.94,65.94,0.53,10.0,0.48,5.0,0.7,10.0,0.72,5.0,0.3,10.0,0.28,5.0,0.47,10.0,0.52,5.0,0.17,0.17,43.931821,1776226265000
1776226267.106,67.106,0.53,10.0,0.48,5.0,0.7,10.0,0.72,5.0,0.3,10.0,0.28,5.0,0.47,10.0,0.52,5.0,0.17,0.17,43.931821,1776226266000
1776226268.662,68.662,0.53,10.0,0.48,5.0,0.7,10.0,0.72,5.0,0.3,10.0,0.28,5.0,0.47,10.0,0.52,5.0,0.17,0.17,43.932032,1776226267000
1776226269.283,69.283,0.53,10.0,0.48,5.0,0.7,10.0,0.72,5.0,0.3,10.0,0.28,5.0,0.47,10.0,0.52,5.0,0.17,0.17,43.931938,1776226268000
1776226270.371,70.371,0.53,10.0,0.48,5.0,0.7,10.0,0.72,5.0,0.3,10.0,0.28,5.0,0.47,10.0,0.52,5.0,0.17,0.17,43.93199,1776226269000
1776226270.974,70.974,0.53,10.0,0.48,5.0,0.7,10.0,0.72,5.0,0.3,10.0,0.28,5.0,0.47,10.0,0.52,5.0,0.17,0.17,43.93199,1776226270000
1776226272.029,72.029,0.53,10.0,0.48,5.0,0.7,10.0,0.72,5.0,0.3,10.0,0.28,5.0,0.47,10.0,0.52,5.0,0.17,0.17,43.931988,1776226271000
1776226273.025,73.025,0.53,10.0,0.48,5.0,0.7,10.0,0.72,5.0,0.3,10.0,0.28,5.0,0.47,10.0,0.52,5.0,0.17,0.17,43.931988,1776226272000
1776226274.062,74.062,0.53,10.0,0.48,5.0,0.7,10.0,0.72,5.0,0.3,10.0,0.28,5.0,0.47,10.0,0.52,5.0,0.17,0.17,43.932,1776226273000
1776226275.249,75.249,0.53,10.0,0.48,5.0,0.7,10.0,0.72,5.0,0.3,10.0,0.28,5.0,0.47,10.0,0.52,5.0,0.17,0.17,43.932,1776226274000
1776226276.341,76.341,0.53,10.0,0.48,5.0,0.7,10.0,0.72,5.0,0.3,10.0,0.28,5.0,0.47,10.0,0.52,5.0,0.17,0.17,43.931999,1776226275000
1776226277.595,77.595,0.53,10.0,0.48,5.0,0.7,10.0,0.72,5.0,0.3,10.0,0.28,5.0,0.47,10.0,0.52,5.0,0.17,0.17,43.931999,1776226276000
1776226278.027,78.027,0.53,10.0,0.48,5.0,0.7,10.0,0.72,5.0,0.3,10.0,0.28,5.0,0.47,10.0,0.52,5.0,0.17,0.17,43.931999,1776226277000
1776226279.074,79.074,0.53,10.0,0.48,5.0,0.7,10.0,0.72,5.0,0.3,10.0,0.28,5.0,0.47,10.0,0.52,5.0,0.17,0.17,43.930571,1776226278000
1776226280.223,80.223,0.53,10.0,0.48,5.0,0.7,10.0,0.72,5.0,0.3,10.0,0.28,5.0,0.47,10.0,0.52,5.0,0.17,0.17,43.929906,1776226279000
1776226281.293,81.293,0.53,10.0,0.48,5.0,0.7,10.0,0.72,5.0,0.3,10.0,0.28,5.0,0.47,10.0,0.52,5.0,0.17,0.17,43.925209,1776226280000
1776226283.431,83.431,0.53,10.0,0.48,5.0,0.7,10.0,0.72,5.0,0.3,10.0,0.28,5.0,0.47,10.0,0.52,5.0,0.17,0.17,43.918338,1776226282000
1776226283.965,83.965,0.53,10.0,0.48,5.0,0.7,10.0,0.72,5.0,0.3,10.0,0.28,5.0,0.47,10.0,0.52,5.0,0.17,0.17,43.9148,1776226283000
1776226284.992,84.992,0.53,10.0,0.48,5.0,0.7,10.0,0.72,5.0,0.3,10.0,0.28,5.0,0.47,10.0,0.52,5.0,0.17,0.17,43.914467,1776226284000
1776226286.456,86.456,0.53,10.0,0.48,5.0,0.7,10.0,0.72,5.0,0.3,10.0,0.28,5.0,0.47,10.0,0.52,5.0,0.17,0.17,43.914056,1776226285000
1776226287.788,87.788,0.53,10.0,0.48,5.0,0.7,10.0,0.72,5.0,0.3,10.0,0.28,5.0,0.47,10.0,0.52,5.0,0.17,0.17,43.914403,1776226286000
1776226288.358,88.358,0.53,10.0,0.48,5.0,0.7,10.0,0.72,5.0,0.3,10.0,0.28,5.0,0.47,10.0,0.52,5.0,0.17,0.17,43.914403,1776226287000
1776226288.911,88.911,0.53,10.0,0.48,5.0,0.7,10.0,0.72,5.0,0.3,10.0,0.28,5.0,0.47,10.0,0.52,5.0,0.17,0.17,43.914473,1776226288000
1776226290.039,90.039,0.53,10.0,0.48,5.0,0.7,10.0,0.72,5.0,0.3,10.0,0.28,5.0,0.47,10.0,0.52,5.0,0.17,0.17,43.914429,1776226289000
1776226290.863,90.863,0.53,10.0,0.48,5.0,0.7,10.0,0.72,5.0,0.3,10.0,0.28,5.0,0.47,10.0,0.52,5.0,0.17,0.17,43.913571,1776226290000
1776226292.213,92.213,0.53,10.0,0.48,5.0,0.7,10.0,0.72,5.0,0.3,10.0,0.28,5.0,0.47,10.0,0.52,5.0,0.17,0.17,43.912423,1776226291000
1776226293.373,93.373,0.53,10.0,0.48,5.0,0.7,10.0,0.72,5.0,0.3,10.0,0.28,5.0,0.47,10.0,0.52,5.0,0.17,0.17,43.912493,1776226292000
1776226293.903,93.903,0.53,10.0,0.48,5.0,0.7,10.0,0.72,5.0,0.3,10.0,0.28,5.0,0.47,10.0,0.52,5.0,0.17,0.17,43.912493,1776226293000
1776226295.084,95.084,0.53,10.0,0.48,5.0,0.7,10.0,0.72,5.0,0.3,10.0,0.28,5.0,0.47,10.0,0.52,5.0,0.17,0.17,43.912289,1776226294000
1776226296.221,96.221,0.53,10.0,0.48,5.0,0.7,10.0,0.72,5.0,0.3,10.0,0.28,5.0,0.47,10.0,0.52,5.0,0.17,0.17,43.910242,1776226295000
1776226297.34,97.34,0.53,10.0,0.48,5.0,0.7,10.0,0.72,5.0,0.3,10.0,0.28,5.0,0.47,10.0,0.52,5.0,0.17,0.17,43.910242,1776226296000
1776226297.877,97.877,0.53,10.0,0.48,5.0,0.7,10.0,0.72,5.0,0.3,10.0,0.28,5.0,0.47,10.0,0.52,5.0,0.17,0.17,43.910242,1776226297000
1776226299.528,99.528,0.53,10.0,0.48,5.0,0.7,10.0,0.72,5.0,0.3,10.0,0.28,5.0,0.47,10.0,0.52,5.0,0.17,0.17,43.909864,1776226298000
1776226300.104,100.104,0.53,10.0,0.48,5.0,0.7,10.0,0.72,5.0,0.3,10.0,0.28,5.0,0.47,10.0,0.52,5.0,0.17,0.17,43.909864,1776226299000
1776226301.604,101.604,0.53,10.0,0.48,5.0,0.7,10.0,0.72,5.0,0.3,10.0,0.28,5.0,0.47,10.0,0.52,5.0,0.17,0.17,43.909792,1776226300000
1776226302.369,102.369,0.53,10.0,0.48,5.0,0.7,10.0,0.72,5.0,0.3,10.0,0.28,5.0,0.47,10.0,0.52,5.0,0.17,0.17,43.909774,1776226301000
1776226303.419,103.419,0.53,10.0,0.48,5.0,0.7,10.0,0.72,5.0,0.3,10.0,0.28,5.0,0.47,10.0,0.52,5.0,0.17,0.17,43.909619,1776226302000
1776226304.17,104.17,0.53,10.0,0.48,5.0,0.7,10.0,0.72,5.0,0.3,10.0,0.28,5.0,0.47,10.0,0.52,5.0,0.17,0.17,43.909619,1776226303000
1776226305.186,105.186,0.53,10.0,0.48,5.0,0.7,10.0,0.72,5.0,0.3,10.0,0.28,5.0,0.47,10.0,0.52,5.0,0.17,0.17,43.909689,1776226304000
1776226306.272,106.272,0.53,10.0,0.48,5.0,0.7,10.0,0.72,5.0,0.3,10.0,0.28,5.0,0.47,10.0,0.52,5.0,0.17,0.17,43.909619,1776226305000
1776226307.305,107.305,0.53,10.0,0.48,5.0,0.7,10.0,0.72,5.0,0.3,10.0,0.28,5.0,0.47,10.0,0.52,5.0,0.17,0.17,43.909839,1776226306000
1776226308.201,108.201,0.53,10.0,0.48,5.0,0.7,10.0,0.72,5.0,0.3,10.0,0.28,5.0,0.47,10.0,0.52,5.0,0.17,0.17,43.90998,1776226307000
1776226309.025,109.025,0.53,10.0,0.48,5.0,0.7,10.0,0.72,5.0,0.3,10.0,0.28,5.0,0.47,10.0,0.52,5.0,0.17,0.17,43.909894,1776226308000
1776226310.182,110.182,0.53,10.0,0.48,5.0,0.7,10.0,0.72,5.0,0.3,10.0,0.28,5.0,0.47,10.0,0.52,5.0,0.17,0.17,43.902988,1776226309000
1776226311.335,111.335,0.53,10.0,0.48,5.0,0.7,10.0,0.72,5.0,0.3,10.0,0.28,5.0,0.47,10.0,0.52,5.0,0.17,0.17,43.902227,1776226310000
1776226311.93,111.93,0.53,10.0,0.48,5.0,0.7,10.0,0.72,5.0,0.3,10.0,0.28,5.0,0.47,10.0,0.52,5.0,0.17,0.17,43.907471,1776226311000
1776226312.358,112.358,0.29,8.48,0.28,15.0,0.35,10.0,0.41,5.0,0.3,10.0,0.28,5.0,0.47,10.0,0.52,5.0,0.06,0.17,43.907471,1776226311000
1776226313.086,113.086,0.29,8.48,0.28,15.0,0.35,10.0,0.41,5.0,0.65,10.0,0.59,5.0,0.71,8.48,0.72,15.0,0.06,0.06,43.909203,1776226312000
1776226314.43,114.43,0.29,8.48,0.28,15.0,0.35,10.0,0.41,5.0,0.65,10.0,0.59,5.0,0.71,8.48,0.72,15.0,0.06,0.06,43.908851,1776226313000
1776226315.494,115.494,0.29,8.48,0.28,15.0,0.35,10.0,0.41,5.0,0.65,10.0,0.59,5.0,0.71,8.48,0.72,15.0,0.06,0.06,43.909481,1776226314000
1776226316.267,116.267,0.29,8.48,0.28,15.0,0.35,10.0,0.41,5.0,0.65,10.0,0.59,5.0,0.71,8.48,0.72,15.0,0.06,0.06,43.909411,1776226315000
1776226317.237,117.237,0.28,9.87,0.27,15.0,0.34,10.0,0.4,15.0,0.66,10.0,0.6,15.0,0.72,9.87,0.73,15.0,0.06,0.06,43.909551,1776226316000
1776226318.315,118.315,0.28,9.87,0.27,15.0,0.34,10.0,0.4,15.0,0.66,10.0,0.6,15.0,0.72,9.87,0.73,15.0,0.06,0.06,43.909551,1776226317000
1776226318.9,118.9,0.28,9.87,0.27,15.0,0.34,10.0,0.4,15.0,0.66,10.0,0.6,15.0,0.72,9.87,0.73,15.0,0.06,0.06,43.909971,1776226318000
1776226320.001,120.001,0.28,9.87,0.27,15.0,0.34,10.0,0.4,15.0,0.66,10.0,0.6,15.0,0.72,9.87,0.73,15.0,0.06,0.06,43.910041,1776226319000
1776226321.186,121.186,0.28,9.87,0.27,15.0,0.34,10.0,0.4,15.0,0.66,10.0,0.6,15.0,0.72,9.87,0.73,15.0,0.06,0.06,43.910183,1776226320000
1776226322.375,122.375,0.28,9.87,0.27,15.0,0.34,10.0,0.4,15.0,0.66,10.0,0.6,15.0,0.72,9.87,0.73,15.0,0.06,0.06,43.910181,1776226321000
1776226322.914,122.914,0.28,9.87,0.27,15.0,0.34,10.0,0.4,15.0,0.66,10.0,0.6,15.0,0.72,9.87,0.73,15.0,0.06,0.06,43.910181,1776226322000
1776226324.199,124.199,0.28,9.87,0.27,15.0,0.34,10.0,0.4,15.0,0.66,10.0,0.6,15.0,0.72,9.87,0.73,15.0,0.06,0.06,43.909702,1776226323000
1776226325.417,125.417,0.28,9.87,0.27,15.0,0.34,10.0,0.4,15.0,0.66,10.0,0.6,15.0,0.72,9.87,0.73,15.0,0.06,0.06,43.910265,1776226324000
1776226325.87,125.87,0.28,9.87,0.27,15.0,0.34,10.0,0.4,15.0,0.66,10.0,0.6,15.0,0.72,9.87,0.73,15.0,0.06,0.06,43.910188,1776226325000
1776226327.014,127.014,0.28,9.87,0.27,15.0,0.34,10.0,0.4,15.0,0.66,10.0,0.6,15.0,0.72,9.87,0.73,15.0,0.06,0.06,43.910118,1776226326000
1776226327.246,127.246,0.17,15.0,0.16,15.0,0.23,5.0,0.33,15.0,0.66,10.0,0.6,15.0,0.72,9.87,0.73,15.0,0.06,0.06,43.910118,1776226326000
1776226328.296,128.296,0.17,15.0,0.16,15.0,0.23,5.0,0.33,15.0,0.77,5.0,0.67,15.0,0.83,15.0,0.84,15.0,0.06,0.06,43.909319,1776226327000
1776226329.359,129.359,0.17,15.0,0.16,15.0,0.23,5.0,0.33,15.0,0.77,5.0,0.67,15.0,0.83,15.0,0.84,15.0,0.06,0.06,43.902945,1776226328000
1776226330.546,130.546,0.17,15.0,0.16,15.0,0.23,5.0,0.33,15.0,0.77,5.0,0.67,15.0,0.83,15.0,0.84,15.0,0.06,0.06,43.896409,1776226329000
1776226331.038,131.038,0.17,15.0,0.16,15.0,0.23,5.0,0.33,15.0,0.77,5.0,0.67,15.0,0.83,15.0,0.84,15.0,0.06,0.06,43.895562,1776226330000
1776226331.354,131.354,0.17,15.0,0.16,15.0,0.24,10.0,0.27,15.0,0.77,5.0,0.67,15.0,0.83,15.0,0.84,15.0,0.07,0.06,43.895562,1776226330000
1776226332.112,132.112,0.17,15.0,0.16,15.0,0.24,10.0,0.27,15.0,0.76,10.0,0.73,15.0,0.83,15.0,0.84,15.0,0.07,0.07,43.895695,1776226331000
1776226333.169,133.169,0.17,15.0,0.16,15.0,0.24,10.0,0.27,15.0,0.76,10.0,0.73,15.0,0.83,15.0,0.84,15.0,0.07,0.07,43.895406,1776226332000
1776226334.093,134.093,0.17,15.0,0.16,15.0,0.24,10.0,0.27,15.0,0.76,10.0,0.73,15.0,0.83,15.0,0.84,15.0,0.07,0.07,43.895558,1776226333000
1776226335.169,135.169,0.17,15.0,0.16,15.0,0.24,10.0,0.27,15.0,0.76,10.0,0.73,15.0,0.83,15.0,0.84,15.0,0.07,0.07,43.895948,1776226334000
1776226336.254,136.254,0.17,15.0,0.16,15.0,0.24,10.0,0.27,15.0,0.76,10.0,0.73,15.0,0.83,15.0,0.84,15.0,0.07,0.07,43.895828,1776226335000
1776226337.342,137.342,0.17,15.0,0.16,15.0,0.24,10.0,0.27,15.0,0.76,10.0,0.73,15.0,0.83,15.0,0.84,15.0,0.07,0.07,43.89459,1776226336000
1776226337.879,137.879,0.17,15.0,0.16,15.0,0.24,10.0,0.27,15.0,0.76,10.0,0.73,15.0,0.83,15.0,0.84,15.0,0.07,0.07,43.894077,1776226337000
1776226339.002,139.002,0.17,15.0,0.16,15.0,0.24,10.0,0.27,15.0,0.76,10.0,0.73,15.0,0.83,15.0,0.84,15.0,0.07,0.07,43.893939,1776226338000
1776226340.021,140.021,0.17,15.0,0.16,15.0,0.24,10.0,0.27,15.0,0.76,10.0,0.73,15.0,0.83,15.0,0.84,15.0,0.07,0.07,43.885859,1776226339000
1776226341.095,141.095,0.17,15.0,0.16,15.0,0.24,10.0,0.27,15.0,0.76,10.0,0.73,15.0,0.83,15.0,0.84,15.0,0.07,0.07,43.878753,1776226340000
1776226342.266,142.266,0.17,15.0,0.16,15.0,0.24,10.0,0.27,15.0,0.76,10.0,0.73,15.0,0.83,15.0,0.84,15.0,0.07,0.07,43.878055,1776226341000
1776226343.289,143.289,0.17,15.0,0.16,15.0,0.24,10.0,0.27,15.0,0.76,10.0,0.73,15.0,0.83,15.0,0.84,15.0,0.07,0.07,43.878061,1776226342000
1776226344.939,144.939,0.17,15.0,0.16,15.0,0.24,10.0,0.27,15.0,0.76,10.0,0.73,15.0,0.83,15.0,0.84,15.0,0.07,0.07,43.874072,1776226343000
1776226346.03,146.03,0.17,15.0,0.16,15.0,0.24,10.0,0.27,15.0,0.76,10.0,0.73,15.0,0.83,15.0,0.84,15.0,0.07,0.07,43.872813,1776226344000
1776226346.847,146.847,0.17,15.0,0.16,15.0,0.24,10.0,0.27,15.0,0.76,10.0,0.73,15.0,0.83,15.0,0.84,15.0,0.07,0.07,43.873019,1776226345000
1776226347.639,147.639,0.17,15.0,0.16,15.0,0.24,10.0,0.27,15.0,0.76,10.0,0.73,15.0,0.83,15.0,0.84,15.0,0.07,0.07,43.873019,1776226346000
1776226348.503,148.503,0.17,15.0,0.16,15.0,0.24,10.0,0.27,15.0,0.76,10.0,0.73,15.0,0.83,15.0,0.84,15.0,0.07,0.07,43.872919,1776226347000
1776226349.483,149.483,0.17,15.0,0.16,15.0,0.24,10.0,0.27,15.0,0.76,10.0,0.73,15.0,0.83,15.0,0.84,15.0,0.07,0.07,43.872823,1776226348000
1776226350.483,150.483,0.17,15.0,0.16,15.0,0.24,10.0,0.27,15.0,0.76,10.0,0.73,15.0,0.83,15.0,0.84,15.0,0.07,0.07,43.872999,1776226349000
1776226351.531,151.531,0.17,15.0,0.16,15.0,0.24,10.0,0.27,15.0,0.76,10.0,0.73,15.0,0.83,15.0,0.84,15.0,0.07,0.07,43.872999,1776226350000
1776226352.627,152.627,0.17,15.0,0.16,15.0,0.24,10.0,0.27,15.0,0.76,10.0,0.73,15.0,0.83,15.0,0.84,15.0,0.07,0.07,43.872712,1776226351000
1776226353.553,153.553,0.17,15.0,0.16,15.0,0.24,10.0,0.27,15.0,0.76,10.0,0.73,15.0,0.83,15.0,0.84,15.0,0.07,0.07,43.87299,1776226352000
1776226354.585,154.585,0.17,15.0,0.16,15.0,0.24,10.0,0.27,15.0,0.76,10.0,0.73,15.0,0.83,15.0,0.84,15.0,0.07,0.07,43.873059,1776226353000
1776226355.551,155.551,0.17,15.0,0.16,15.0,0.24,10.0,0.27,15.0,0.76,10.0,0.73,15.0,0.83,15.0,0.84,15.0,0.07,0.07,43.873372,1776226354000
1776226356.479,156.479,0.17,15.0,0.16,15.0,0.24,10.0,0.27,15.0,0.76,10.0,0.73,15.0,0.83,15.0,0.84,15.0,0.07,0.07,43.873434,1776226355000
1776226357.104,157.104,0.06,9.68,0.05,15.0,0.11,15.0,0.12,15.0,0.76,10.0,0.73,15.0,0.83,15.0,0.84,15.0,0.05,0.07,43.873434,1776226355000
1776226357.344,157.344,0.06,9.68,0.05,15.0,0.11,15.0,0.12,15.0,0.89,15.0,0.88,15.0,0.94,9.68,0.95,15.0,0.05,0.05,43.87349,1776226356000
1776226358.19,158.19,0.06,9.68,0.05,15.0,0.11,15.0,0.12,15.0,0.89,15.0,0.88,15.0,0.94,9.68,0.95,15.0,0.05,0.05,43.87349,1776226357000
1776226359.888,159.888,0.06,9.68,0.05,15.0,0.11,15.0,0.12,15.0,0.89,15.0,0.88,15.0,0.94,9.68,0.95,15.0,0.05,0.05,43.873034,1776226358000
1776226360.928,160.928,0.06,9.68,0.05,15.0,0.11,15.0,0.12,15.0,0.89,15.0,0.88,15.0,0.94,9.68,0.95,15.0,0.05,0.05,43.874132,1776226359000
1776226361.768,161.768,0.06,9.68,0.05,15.0,0.11,15.0,0.12,15.0,0.89,15.0,0.88,15.0,0.94,9.68,0.95,15.0,0.05,0.05,43.87441,1776226360000
1776226362.502,162.502,0.06,9.68,0.05,15.0,0.11,15.0,0.12,15.0,0.89,15.0,0.88,15.0,0.94,9.68,0.95,15.0,0.05,0.05,43.874598,1776226361000
1776226363.185,163.185,0.06,9.68,0.05,15.0,0.11,15.0,0.12,15.0,0.89,15.0,0.88,15.0,0.94,9.68,0.95,15.0,0.05,0.05,43.873683,1776226362000
1776226363.682,163.682,0.07,15.0,0.06,15.0,0.13,17.3,0.14,15.0,0.89,15.0,0.88,15.0,0.94,9.68,0.95,15.0,0.06,0.05,43.873683,1776226362000
1776226364.644,164.644,0.07,15.0,0.06,15.0,0.13,17.3,0.14,15.0,0.87,17.3,0.86,15.0,0.93,15.0,0.94,15.0,0.06,0.06,43.873301,1776226363000
1776226365.262,165.262,0.07,15.0,0.06,15.0,0.13,17.3,0.14,15.0,0.87,17.3,0.86,15.0,0.93,15.0,0.94,15.0,0.06,0.06,43.873399,1776226364000
1776226366.965,166.965,0.07,15.0,0.06,15.0,0.13,17.3,0.14,15.0,0.87,17.3,0.86,15.0,0.93,15.0,0.94,15.0,0.06,0.06,43.873608,1776226366000
1776226368.269,168.269,0.07,15.0,0.06,15.0,0.13,17.3,0.14,15.0,0.87,17.3,0.86,15.0,0.93,15.0,0.94,15.0,0.06,0.06,43.873424,1776226367000
1776226369.395,169.395,0.07,15.0,0.06,15.0,0.13,17.3,0.14,15.0,0.87,17.3,0.86,15.0,0.93,15.0,0.94,15.0,0.06,0.06,43.873269,1776226368000
1776226369.641,169.641,0.05,15.0,0.04,20.0,0.1,5.0,0.11,15.0,0.87,17.3,0.86,15.0,0.93,15.0,0.94,15.0,0.05,0.06,43.873269,1776226368000
1776226370.042,170.042,0.05,15.0,0.04,20.0,0.1,5.0,0.11,15.0,0.9,5.0,0.89,15.0,0.95,15.0,0.96,20.0,0.05,0.05,43.875217,1776226369000
1776226371.37,171.37,0.05,15.0,0.04,20.0,0.1,5.0,0.11,15.0,0.9,5.0,0.89,15.0,0.95,15.0,0.96,20.0,0.05,0.05,43.872014,1776226370000
1776226372.041,172.041,0.05,15.0,0.04,20.0,0.1,5.0,0.11,15.0,0.9,5.0,0.89,15.0,0.95,15.0,0.96,20.0,0.05,0.05,43.872397,1776226371000
1776226373.322,173.322,0.05,15.0,0.04,20.0,0.1,5.0,0.11,15.0,0.9,5.0,0.89,15.0,0.95,15.0,0.96,20.0,0.05,0.05,43.871361,1776226372000
1776226373.941,173.941,0.05,15.0,0.04,20.0,0.1,5.0,0.11,15.0,0.9,5.0,0.89,15.0,0.95,15.0,0.96,20.0,0.05,0.05,43.872201,1776226373000
1776226375.182,175.182,0.05,15.0,0.04,20.0,0.1,5.0,0.11,15.0,0.9,5.0,0.89,15.0,0.95,15.0,0.96,20.0,0.05,0.05,43.872201,1776226374000
1776226376.299,176.299,0.05,15.0,0.04,20.0,0.1,5.0,0.11,15.0,0.9,5.0,0.89,15.0,0.95,15.0,0.96,20.0,0.05,0.05,43.872478,1776226375000
1776226377.024,177.024,0.05,15.0,0.04,20.0,0.1,5.0,0.11,15.0,0.9,5.0,0.89,15.0,0.95,15.0,0.96,20.0,0.05,0.05,43.872478,1776226376000
1776226378.242,178.242,0.05,15.0,0.04,20.0,0.1,5.0,0.11,15.0,0.9,5.0,0.89,15.0,0.95,15.0,0.96,20.0,0.05,0.05,43.872439,1776226377000
1776226379.62,179.62,0.05,15.0,0.04,20.0,0.1,5.0,0.11,15.0,0.9,5.0,0.89,15.0,0.95,15.0,0.96,20.0,0.05,0.05,43.872439,1776226378000
1776226380.222,180.222,0.05,15.0,0.04,20.0,0.1,5.0,0.11,15.0,0.9,5.0,0.89,15.0,0.95,15.0,0.96,20.0,0.05,0.05,43.872469,1776226379000
1776226381.465,181.465,0.05,15.0,0.04,20.0,0.1,5.0,0.11,15.0,0.9,5.0,0.89,15.0,0.95,15.0,0.96,20.0,0.05,0.05,43.87256,1776226380000
1776226382.15,182.15,0.05,15.0,0.04,20.0,0.1,5.0,0.11,15.0,0.9,5.0,0.89,15.0,0.95,15.0,0.96,20.0,0.05,0.05,43.871424,1776226381000
1776226383.137,183.137,0.05,15.0,0.04,20.0,0.1,5.0,0.11,15.0,0.9,5.0,0.89,15.0,0.95,15.0,0.96,20.0,0.05,0.05,43.868283,1776226382000
1776226383.448,183.448,0.02,25.0,0.01,205.0,0.06,15.0,0.07,15.0,0.9,5.0,0.89,15.0,0.95,15.0,0.96,20.0,0.04,0.05,43.868283,1776226382000
1776226383.804,183.804,0.01,200.0,,,0.05,15.0,0.06,15.0,0.94,15.0,0.93,15.0,0.98,25.0,0.99,205.0,0.04,0.04,43.868283,1776226382000
1776226384.26,184.26,0.01,200.0,,,0.05,15.0,0.06,15.0,0.95,15.0,0.94,15.0,0.99,200.0,,,0.04,0.04,43.866047,1776226383000
1776226385.635,185.635,0.01,200.0,,,0.05,15.0,0.06,15.0,0.95,15.0,0.94,15.0,0.99,200.0,,,0.04,0.04,43.865202,1776226384000
1776226386.281,186.281,0.01,200.0,,,0.05,15.0,0.06,15.0,0.95,15.0,0.94,15.0,0.99,200.0,,,0.04,0.04,43.863046,1776226385000
1776226387.292,187.292,0.01,200.0,,,0.05,15.0,0.06,15.0,0.95,15.0,0.94,15.0,0.99,200.0,,,0.04,0.04,43.861772,1776226386000
1776226388.302,188.302,0.01,200.0,,,0.05,15.0,0.06,15.0,0.95,15.0,0.94,15.0,0.99,200.0,,,0.04,0.04,43.860125,1776226387000
1776226389.318,189.318,0.01,200.0,,,0.05,15.0,0.06,15.0,0.95,15.0,0.94,15.0,0.99,200.0,,,0.04,0.04,43.860125,1776226388000
1776226390.276,190.276,0.01,95.0,,,0.04,15.0,0.05,15.0,0.96,15.0,0.95,15.0,0.99,95.0,,,0.03,0.03,43.859986,1776226389000
1776226391.326,191.326,0.01,95.0,,,0.04,15.0,0.05,15.0,0.96,15.0,0.95,15.0,0.99,95.0,,,0.03,0.03,43.859986,1776226390000
1776226392.256,192.256,0.01,95.0,,,0.04,15.0,0.05,15.0,0.96,15.0,0.95,15.0,0.99,95.0,,,0.03,0.03,43.859984,1776226391000
1776226393.228,193.228,0.01,95.0,,,0.04,15.0,0.05,15.0,0.96,15.0,0.95,15.0,0.99,95.0,,,0.03,0.03,43.859986,1776226392000
1776226394.245,194.245,0.01,95.0,,,0.04,15.0,0.05,15.0,0.96,15.0,0.95,15.0,0.99,95.0,,,0.03,0.03,43.860358,1776226393000
1776226395.259,195.259,0.01,95.0,,,0.04,15.0,0.05,15.0,0.96,15.0,0.95,15.0,0.99,95.0,,,0.03,0.03,43.860358,1776226394000
1776226396.52,196.52,0.01,95.0,,,0.04,15.0,0.05,15.0,0.96,15.0,0.95,15.0,0.99,95.0,,,0.03,0.03,43.860991,1776226395000
1776226397.224,197.224,0.01,95.0,,,0.04,15.0,0.05,15.0,0.96,15.0,0.95,15.0,0.99,95.0,,,0.03,0.03,43.860992,1776226396000
1776226398.48,198.48,0.01,95.0,,,0.04,15.0,0.05,15.0,0.96,15.0,0.95,15.0,0.99,95.0,,,0.03,0.03,43.860711,1776226397000
1776226399.064,199.064,0.01,95.0,,,0.04,15.0,0.05,15.0,0.96,15.0,0.95,15.0,0.99,95.0,,,0.03,0.03,43.860711,1776226398000
1776226400.323,200.323,0.01,95.0,,,0.04,15.0,0.05,15.0,0.96,15.0,0.95,15.0,0.99,95.0,,,0.03,0.03,43.857286,1776226399000
1776226400.959,200.959,0.01,95.0,,,0.04,15.0,0.05,15.0,0.96,15.0,0.95,15.0,0.99,95.0,,,0.03,0.03,43.857286,1776226400000
1776226402.245,202.245,0.01,95.0,,,0.04,15.0,0.05,15.0,0.96,15.0,0.95,15.0,0.99,95.0,,,0.03,0.03,43.854669,1776226401000
1776226403.443,203.443,0.01,95.0,,,0.04,15.0,0.05,15.0,0.96,15.0,0.95,15.0,0.99,95.0,,,0.03,0.03,43.854669,1776226402000
1776226404.056,204.056,0.01,95.0,,,0.04,15.0,0.05,15.0,0.96,15.0,0.95,15.0,0.99,95.0,,,0.03,0.03,43.854669,1776226403000
1776226405.216,205.216,0.01,95.0,,,0.04,15.0,0.05,15.0,0.96,15.0,0.95,15.0,0.99,95.0,,,0.03,0.03,43.854659,1776226404000
1776226406.396,206.396,0.01,95.0,,,0.04,15.0,0.05,15.0,0.96,15.0,0.95,15.0,0.99,95.0,,,0.03,0.03,43.859209,1776226405000
1776226406.914,206.914,0.01,95.0,,,0.04,15.0,0.05,15.0,0.96,15.0,0.95,15.0,0.99,95.0,,,0.03,0.03,43.859209,1776226406000
1776226408.125,208.125,0.01,95.0,,,0.04,15.0,0.05,15.0,0.96,15.0,0.95,15.0,0.99,95.0,,,0.03,0.03,43.858706,1776226407000
1776226409.42,209.42,0.01,95.0,,,0.04,15.0,0.05,15.0,0.96,15.0,0.95,15.0,0.99,95.0,,,0.03,0.03,43.855954,1776226408000
1776226410.154,210.154,0.01,95.0,,,0.04,15.0,0.05,15.0,0.96,15.0,0.95,15.0,0.99,95.0,,,0.03,0.03,43.854631,1776226409000
1776226411.539,211.539,0.01,95.0,,,0.04,15.0,0.05,15.0,0.96,15.0,0.95,15.0,0.99,95.0,,,0.03,0.03,43.854288,1776226410000
1776226412.438,212.438,0.01,95.0,,,0.04,15.0,0.05,15.0,0.96,15.0,0.95,15.0,0.99,95.0,,,0.03,0.03,43.854141,1776226411000
1776226412.961,212.961,0.01,95.0,,,0.04,15.0,0.05,15.0,0.96,15.0,0.95,15.0,0.99,95.0,,,0.03,0.03,43.854141,1776226412000
1776226413.909,213.909,0.01,95.0,,,0.04,15.0,0.05,15.0,0.96,15.0,0.95,15.0,0.99,95.0,,,0.03,0.03,43.854037,1776226413000
1776226415.048,215.048,0.01,95.0,,,0.04,15.0,0.05,15.0,0.96,15.0,0.95,15.0,0.99,95.0,,,0.03,0.03,43.854037,1776226414000
1776226415.988,215.988,0.01,95.0,,,0.04,15.0,0.05,15.0,0.96,15.0,0.95,15.0,0.99,95.0,,,0.03,0.03,43.853591,1776226415000
1776226417.096,217.096,0.01,95.0,,,0.04,15.0,0.05,15.0,0.96,15.0,0.95,15.0,0.99,95.0,,,0.03,0.03,43.8516,1776226416000
1776226418.043,218.043,0.01,95.0,,,0.04,15.0,0.05,15.0,0.96,15.0,0.95,15.0,0.99,95.0,,,0.03,0.03,43.851649,1776226417000
1776226419.205,219.205,0.01,95.0,,,0.04,15.0,0.05,15.0,0.96,15.0,0.95,15.0,0.99,95.0,,,0.03,0.03,43.851491,1776226418000
1776226419.673,219.673,0.01,72.79,,,0.02,30.0,0.03,15.0,0.96,15.0,0.95,15.0,0.99,95.0,,,0.01,0.03,43.851491,1776226418000
1776226420.108,220.108,0.01,72.79,,,0.02,30.0,0.03,15.0,0.98,30.0,0.97,15.0,0.99,72.79,,,0.01,0.01,43.852727,1776226419000
1776226421.093,221.093,0.01,72.79,,,0.02,30.0,0.03,15.0,0.98,30.0,0.97,15.0,0.99,72.79,,,0.01,0.01,43.852964,1776226420000
1776226422.082,222.082,0.01,67.79,,,0.02,30.0,0.03,15.0,0.98,30.0,0.97,15.0,0.99,67.79,,,0.01,0.01,43.853032,1776226421000
1776226423.018,223.018,0.01,67.79,,,0.02,30.0,0.03,15.0,0.98,30.0,0.97,15.0,0.99,67.79,,,0.01,0.01,43.852879,1776226422000
1776226424.016,224.016,0.01,67.79,,,0.02,30.0,0.03,15.0,0.98,30.0,0.97,15.0,0.99,67.79,,,0.01,0.01,43.853019,1776226423000
1776226425.679,225.679,0.01,67.79,,,0.02,30.0,0.03,15.0,0.98,30.0,0.97,15.0,0.99,67.79,,,0.01,0.01,43.85286,1776226424000
1776226426.399,226.399,0.01,67.79,,,0.02,30.0,0.03,15.0,0.98,30.0,0.97,15.0,0.99,67.79,,,0.01,0.01,43.852892,1776226425000
1776226426.929,226.929,0.01,67.79,,,0.02,30.0,0.03,15.0,0.98,30.0,0.97,15.0,0.99,67.79,,,0.01,0.01,43.852961,1776226426000
1776226428.253,228.253,0.01,67.79,,,0.02,30.0,0.03,15.0,0.98,30.0,0.97,15.0,0.99,67.79,,,0.01,0.01,43.852821,1776226427000
1776226429.88,229.88,0.01,67.79,,,0.02,30.0,0.03,15.0,0.98,30.0,0.97,15.0,0.99,67.79,,,0.01,0.01,43.853065,1776226428000
1776226430.611,230.611,0.01,67.79,,,0.02,30.0,0.03,15.0,0.98,30.0,0.97,15.0,0.99,67.79,,,0.01,0.01,43.851639,1776226429000
1776226431.272,231.272,0.01,67.79,,,0.02,30.0,0.03,15.0,0.98,30.0,0.97,15.0,0.99,67.79,,,0.01,0.01,43.84999,1776226430000
1776226432.262,232.262,0.01,67.79,,,0.02,30.0,0.03,15.0,0.98,30.0,0.97,15.0,0.99,67.79,,,0.01,0.01,43.84994,1776226431000
1776226433.017,233.017,0.01,67.79,,,0.02,30.0,0.03,15.0,0.98,30.0,0.97,15.0,0.99,67.79,,,0.01,0.01,43.850755,1776226432000
1776226434.277,234.277,0.01,67.79,,,0.02,30.0,0.03,15.0,0.98,30.0,0.97,15.0,0.99,67.79,,,0.01,0.01,43.85097,1776226433000
1776226434.949,234.949,0.01,67.79,,,0.02,30.0,0.03,15.0,0.98,30.0,0.97,15.0,0.99,67.79,,,0.01,0.01,43.85097,1776226434000
1776226436.119,236.119,0.01,64.75,,,0.02,35.11,0.03,15.0,0.98,30.0,0.97,15.0,0.99,67.79,,,0.01,0.01,43.85097,1776226434000
1776226436.641,236.641,0.01,54.65,,,0.02,35.11,0.03,15.0,0.98,35.11,0.97,15.0,0.99,64.75,,,0.01,0.01,43.857184,1776226435000
1776226437.774,237.774,0.01,54.65,,,0.02,35.11,0.03,15.0,0.98,35.11,0.97,15.0,0.99,54.65,,,0.01,0.01,43.856507,1776226436000
1776226438.526,238.526,0.01,54.65,,,0.02,35.11,0.03,15.0,0.98,35.11,0.97,15.0,0.99,54.65,,,0.01,0.01,43.856507,1776226437000
1776226439.342,239.342,0.01,54.65,,,0.02,35.11,0.03,15.0,0.98,35.11,0.97,15.0,0.99,54.65,,,0.01,0.01,43.855156,1776226438000
1776226440.037,240.037,0.01,54.65,,,0.02,35.11,0.03,15.0,0.98,35.11,0.97,15.0,0.99,54.65,,,0.01,0.01,43.856352,1776226439000
1776226441.521,241.521,0.01,54.65,,,0.02,35.11,0.03,15.0,0.98,35.11,0.97,15.0,0.99,54.65,,,0.01,0.01,43.855973,1776226440000
1776226442.288,242.288,0.01,54.65,,,0.02,35.11,0.03,15.0,0.98,35.11,0.97,15.0,0.99,54.65,,,0.01,0.01,43.856614,1776226441000
1776226443.976,243.976,0.01,54.65,,,0.02,35.11,0.03,15.0,0.98,35.11,0.97,15.0,0.99,54.65,,,0.01,0.01,43.856595,1776226442000
1776226444.546,244.546,0.01,54.65,,,0.02,35.11,0.03,15.0,0.98,35.11,0.97,15.0,0.99,54.65,,,0.01,0.01,43.856629,1776226443000
1776226445.145,245.145,0.01,54.65,,,0.02,35.11,0.03,15.0,0.98,35.11,0.97,15.0,0.99,54.65,,,0.01,0.01,43.856727,1776226444000
1776226446.285,246.285,0.01,54.65,,,0.02,35.11,0.03,15.0,0.98,35.11,0.97,15.0,0.99,54.65,,,0.01,0.01,43.856606,1776226445000
1776226446.9,246.9,0.01,54.65,,,0.02,35.11,0.03,15.0,0.98,35.11,0.97,15.0,0.99,54.65,,,0.01,0.01,43.85662,1776226446000
1776226448.068,248.068,0.01,54.65,,,0.02,35.11,0.03,15.0,0.98,35.11,0.97,15.0,0.99,54.65,,,0.01,0.01,43.857021,1776226447000
1776226449.272,249.272,0.01,54.65,,,0.02,35.11,0.03,15.0,0.98,35.11,0.97,15.0,0.99,54.65,,,0.01,0.01,43.856113,1776226448000
1776226450.432,250.432,0.01,54.65,,,0.02,35.11,0.03,15.0,0.98,35.11,0.97,15.0,0.99,54.65,,,0.01,0.01,43.856113,1776226449000
1776226450.951,250.951,0.01,54.65,,,0.02,35.11,0.03,15.0,0.98,35.11,0.97,15.0,0.99,54.65,,,0.01,0.01,43.856149,1776226450000
1776226451.423,251.423,0.01,34.65,,,0.02,35.11,0.03,15.0,0.98,35.11,0.97,15.0,0.99,54.65,,,0.01,0.01,43.856149,1776226450000
1776226452.158,252.158,0.01,34.65,,,0.02,35.11,0.03,15.0,0.98,35.11,0.97,15.0,0.99,34.65,,,0.01,0.01,43.856864,1776226451000
1776226452.636,252.636,0.01,19.65,,,0.02,35.11,0.03,15.0,0.98,35.11,0.97,15.0,0.99,34.65,,,0.01,0.01,43.856864,1776226451000
1776226453.307,253.307,0.01,19.65,,,0.02,35.11,0.03,15.0,0.98,35.11,0.97,15.0,0.99,19.65,,,0.01,0.01,43.857963,1776226452000
1776226454.187,254.187,0.01,9.65,,,0.02,35.11,0.03,15.0,0.98,35.11,0.97,15.0,0.99,19.65,,,0.01,0.01,43.857963,1776226452000
1776226454.535,254.535,0.01,9.65,,,0.02,35.11,0.03,15.0,0.98,35.11,0.97,15.0,0.99,9.65,,,0.01,0.01,43.856295,1776226453000
1776226455.159,255.159,0.01,9.65,,,0.02,35.11,0.03,15.0,0.98,35.11,0.97,15.0,0.99,9.65,,,0.01,0.01,43.856702,1776226454000
1776226456.316,256.316,0.01,9.65,,,0.02,35.11,0.03,15.0,0.98,35.11,0.97,15.0,0.99,9.65,,,0.01,0.01,43.855334,1776226455000
1776226456.987,256.987,0.01,9.65,,,0.02,35.11,0.03,15.0,0.98,35.11,0.97,15.0,0.99,9.65,,,0.01,0.01,43.856534,1776226456000
1776226457.666,257.666,,,,,0.01,990.35,0.02,35.11,0.98,35.11,0.97,15.0,0.99,9.65,,,,0.01,43.856534,1776226456000
1776226458.169,258.169,,,,,0.01,990.35,0.02,35.11,0.99,990.35,0.98,35.11,,,,,,,43.857285,1776226457000
1776226459.519,259.519,,,,,0.01,990.35,0.02,35.11,0.99,990.35,0.98,35.11,,,,,,,43.851847,1776226458000
1776226459.929,259.929,,,,,0.01,990.35,0.02,35.11,0.99,990.35,0.98,35.11,,,,,,,43.847525,1776226459000
1776226460.909,260.909,,,,,0.01,1010.25,0.02,35.11,0.99,1010.25,0.98,35.11,,,,,,,43.842462,1776226460000
1776226461.968,261.968,,,,,0.01,1010.25,0.02,35.11,0.99,1010.25,0.98,35.11,,,,,,,43.843914,1776226461000
1776226463.267,263.267,,,,,0.01,1010.25,0.02,35.11,0.99,1010.25,0.98,35.11,,,,,,,43.845246,1776226462000
1776226464.021,264.021,,,,,0.01,1010.25,0.02,35.11,0.99,1010.25,0.98,35.11,,,,,,,43.845293,1776226463000
1776226465.025,265.025,,,,,0.01,1010.25,0.02,35.11,0.99,1010.25,0.98,35.11,,,,,,,43.84522,1776226464000
1776226466.102,266.102,,,,,0.01,1010.25,0.02,35.11,0.99,1010.25,0.98,35.11,,,,,,,43.843547,1776226465000
1776226467.095,267.095,,,,,0.01,1010.25,0.02,35.11,0.99,1010.25,0.98,35.11,,,,,,,43.843379,1776226466000
1776226468.16,268.16,,,,,0.01,1010.25,0.02,35.11,0.99,1010.25,0.98,35.11,,,,,,,43.841723,1776226467000
1776226469.038,269.038,,,,,0.01,1010.25,0.02,35.11,0.99,1010.25,0.98,35.11,,,,,,,43.837842,1776226468000
1776226470.126,270.126,,,,,0.01,1010.25,0.02,35.11,0.99,1010.25,0.98,35.11,,,,,,,43.837283,1776226469000
1776226471.155,271.155,,,,,0.01,1010.25,0.02,35.11,0.99,1010.25,0.98,35.11,,,,,,,43.839724,1776226470000
1776226472.838,272.838,,,,,0.01,1010.25,0.02,35.11,0.99,1010.25,0.98,35.11,,,,,,,43.841127,1776226471000
1776226473.486,273.486,,,,,0.01,1010.25,0.02,35.11,0.99,1010.25,0.98,35.11,,,,,,,43.842373,1776226472000
1776226474.317,274.317,,,,,0.01,1010.25,0.02,35.11,0.99,1010.25,0.98,35.11,,,,,,,43.842571,1776226473000
1776226475.374,275.374,,,,,0.01,1010.25,0.02,35.11,0.99,1010.25,0.98,35.11,,,,,,,43.842752,1776226474000
1776226475.955,275.955,,,,,0.01,1010.25,0.02,35.11,0.99,1010.25,0.98,35.11,,,,,,,43.842683,1776226475000
1776226477.157,277.157,,,,,0.01,1010.25,0.02,35.11,0.99,1010.25,0.98,35.11,,,,,,,43.842091,1776226476000
1776226478.145,278.145,,,,,0.01,1010.25,0.02,35.11,0.99,1010.25,0.98,35.11,,,,,,,43.842838,1776226477000
1776226479.118,279.118,,,,,0.01,1010.25,0.02,35.11,0.99,1010.25,0.98,35.11,,,,,,,43.835657,1776226478000
1776226480.178,280.178,,,,,0.01,1010.25,0.02,35.11,0.99,1010.25,0.98,35.11,,,,,,,43.836231,1776226479000
1776226481.275,281.275,,,,,0.01,1010.25,0.02,35.11,0.99,1010.25,0.98,35.11,,,,,,,43.832989,1776226480000
1776226482.229,282.229,,,,,0.01,1010.25,0.02,35.11,0.99,1010.25,0.98,35.11,,,,,,,43.832483,1776226481000
1776226483.195,283.195,,,,,0.01,1010.25,0.02,35.11,0.99,1010.25,0.98,35.11,,,,,,,43.831618,1776226482000
1776226484.182,284.182,,,,,0.01,1010.25,0.02,35.11,0.99,1010.25,0.98,35.11,,,,,,,43.830845,1776226483000
1776226485.199,285.199,,,,,0.01,1010.25,0.02,35.11,0.99,1010.25,0.98,35.11,,,,,,,43.830751,1776226484000
1776226486.498,286.498,,,,,0.01,1010.25,0.02,35.11,0.99,1010.25,0.98,35.11,,,,,,,43.830612,1776226485000
1776226487.417,287.417,,,,,0.01,1010.25,0.02,35.11,0.99,1010.25,0.98,35.11,,,,,,,43.829396,1776226486000
1776226488.326,288.326,,,,,0.01,1010.25,0.02,35.11,0.99,1010.25,0.98,35.11,,,,,,,43.829116,1776226487000
1776226489.054,289.054,,,,,0.01,1010.25,0.02,35.11,0.99,1010.25,0.98,35.11,,,,,,,43.822679,1776226488000
1776226490.704,290.704,,,,,0.01,1010.25,0.02,35.11,0.99,1010.25,0.98,35.11,,,,,,,43.82256,1776226489000
1776226491.598,291.598,,,,,0.01,1010.25,0.02,35.11,0.99,1010.25,0.98,35.11,,,,,,,43.822378,1776226490000
1776226492.413,292.413,,,,,0.01,1010.25,0.02,35.11,0.99,1010.25,0.98,35.11,,,,,,,43.822378,1776226491000
1776226493.034,293.034,,,,,0.01,1010.25,0.02,35.11,0.99,1010.25,0.98,35.11,,,,,,,43.822971,1776226492000
1776226494.561,294.561,,,,,0.01,1010.25,0.02,35.11,0.99,1010.25,0.98,35.11,,,,,,,43.823235,1776226493000
1776226495.215,295.215,,,,,0.01,1010.25,0.02,35.11,0.99,1010.25,0.98,35.11,,,,,,,43.823235,1776226494000
1776226496.817,296.817,,,,,0.01,1010.25,0.02,35.11,0.99,1010.25,0.98,35.11,,,,,,,43.823524,1776226495000
1776226497.649,297.649,,,,,0.01,1010.25,0.02,35.11,0.99,1010.25,0.98,35.11,,,,,,,43.822903,1776226496000
1776226498.41,298.41,,,,,0.01,1010.25,0.02,35.11,0.99,1010.25,0.98,35.11,,,,,,,43.823023,1776226497000
1776226499.112,299.112,,,,,0.01,1010.25,0.02,35.11,0.99,1010.25,0.98,35.11,,,,,,,43.823023,1776226498000
1776226500.56,300.56,,,,,0.01,2279.75,0.02,5.11,0.99,2279.75,0.98,5.11,,,,,,,43.823668,1776226499000

# RESULT,winner=Down,slug=hype-updown-5m-1776226200,ticks=303
