timestamp,elapsed_sec,up_bid_p1,up_bid_s1,up_bid_p2,up_bid_s2,up_ask_p1,up_ask_s1,up_ask_p2,up_ask_s2,down_bid_p1,down_bid_s1,down_bid_p2,down_bid_s2,down_ask_p1,down_ask_s1,down_ask_p2,down_ask_s2,up_spread,down_spread,hype_price,hype_oracle_ts
1776210011.131,11.131,,,,,,,,,,,,,,,,,,,43.495728,1776210010000
1776210011.616,11.616,0.41,6.3,0.36,10.0,0.53,10.0,0.58,5.0,0.47,10.0,0.41,6.3,0.59,6.3,0.64,10.0,0.12,0.12,43.495728,1776210010000
1776210012.047,12.047,0.41,6.3,0.36,10.0,0.53,10.0,0.58,5.0,0.47,10.0,0.42,5.0,0.59,6.3,0.64,10.0,0.12,0.12,43.495728,1776210011000
1776210013.043,13.043,0.41,6.3,0.36,10.0,0.53,10.0,0.58,5.0,0.47,10.0,0.42,5.0,0.59,6.3,0.64,10.0,0.12,0.12,43.494442,1776210012000
1776210014.566,14.566,0.41,6.3,0.36,10.0,0.53,10.0,0.58,5.0,0.47,10.0,0.42,5.0,0.59,6.3,0.64,10.0,0.12,0.12,43.48583,1776210013000
1776210015.08,15.08,0.41,6.3,0.36,10.0,0.53,10.0,0.58,5.0,0.47,10.0,0.42,5.0,0.59,6.3,0.64,10.0,0.12,0.12,43.485757,1776210014000
1776210016.083,16.083,0.41,6.3,0.36,10.0,0.53,10.0,0.58,5.0,0.47,10.0,0.42,5.0,0.59,6.3,0.64,10.0,0.12,0.12,43.485704,1776210015000
1776210017.148,17.148,0.41,6.3,0.36,10.0,0.53,10.0,0.58,5.0,0.47,10.0,0.42,5.0,0.59,6.3,0.64,10.0,0.12,0.12,43.486059,1776210016000
1776210018.104,18.104,0.41,6.3,0.36,10.0,0.53,10.0,0.58,5.0,0.47,10.0,0.42,5.0,0.59,6.3,0.64,10.0,0.12,0.12,43.487177,1776210017000
1776210019.151,19.151,0.41,6.3,0.36,10.0,0.53,10.0,0.58,5.0,0.47,10.0,0.42,5.0,0.59,6.3,0.64,10.0,0.12,0.12,43.485835,1776210018000
1776210020.112,20.112,0.41,6.3,0.36,10.0,0.53,10.0,0.58,5.0,0.47,10.0,0.42,5.0,0.59,6.3,0.64,10.0,0.12,0.12,43.485835,1776210019000
1776210021.207,21.207,0.41,6.3,0.36,10.0,0.53,10.0,0.58,5.0,0.47,10.0,0.42,5.0,0.59,6.3,0.64,10.0,0.12,0.12,43.485217,1776210020000
1776210022.191,22.191,0.41,6.3,0.36,10.0,0.53,10.0,0.58,5.0,0.47,10.0,0.42,5.0,0.59,6.3,0.64,10.0,0.12,0.12,43.485206,1776210021000
1776210023.199,23.199,0.41,6.3,0.36,10.0,0.53,10.0,0.58,5.0,0.47,10.0,0.42,5.0,0.59,6.3,0.64,10.0,0.12,0.12,43.485278,1776210022000
1776210024.178,24.178,0.41,6.3,0.36,10.0,0.53,10.0,0.58,5.0,0.47,10.0,0.42,5.0,0.59,6.3,0.64,10.0,0.12,0.12,43.485346,1776210023000
1776210025.112,25.112,0.41,6.3,0.36,10.0,0.53,10.0,0.58,5.0,0.47,10.0,0.42,5.0,0.59,6.3,0.64,10.0,0.12,0.12,43.485346,1776210024000
1776210026.299,26.299,0.41,6.3,0.36,10.0,0.53,10.0,0.58,5.0,0.47,10.0,0.42,5.0,0.59,6.3,0.64,10.0,0.12,0.12,43.485413,1776210025000
1776210026.882,26.882,0.41,6.3,0.36,10.0,0.53,10.0,0.58,5.0,0.47,10.0,0.42,5.0,0.59,6.3,0.64,10.0,0.12,0.12,43.485413,1776210026000
1776210028.305,28.305,0.41,6.3,0.36,10.0,0.53,10.0,0.58,5.0,0.47,10.0,0.42,5.0,0.59,6.3,0.64,10.0,0.12,0.12,43.484358,1776210027000
1776210029.475,29.475,0.41,6.3,0.36,10.0,0.53,10.0,0.58,5.0,0.47,10.0,0.42,5.0,0.59,6.3,0.64,10.0,0.12,0.12,43.481182,1776210028000
1776210030.14,30.14,0.41,6.3,0.36,10.0,0.53,10.0,0.58,5.0,0.47,10.0,0.42,5.0,0.59,6.3,0.64,10.0,0.12,0.12,43.47852,1776210029000
1776210030.512,30.512,0.41,6.3,0.3,10.0,0.47,4.0,0.5,5.0,0.47,10.0,0.42,5.0,0.59,6.3,0.64,10.0,0.06,0.12,43.47852,1776210029000
1776210031.119,31.119,0.41,6.3,0.3,10.0,0.5,3.0,0.51,5.0,0.5,3.0,0.49,5.0,0.59,6.3,0.7,10.0,0.09,0.09,43.478877,1776210030000
1776210032.219,32.219,0.41,6.3,0.3,10.0,0.5,3.0,0.51,5.0,0.5,3.0,0.49,5.0,0.59,6.3,0.7,10.0,0.09,0.09,43.475579,1776210031000
1776210033.242,33.242,0.41,6.3,0.3,10.0,0.5,3.0,0.51,5.0,0.5,3.0,0.49,5.0,0.59,6.3,0.7,10.0,0.09,0.09,43.476916,1776210032000
1776210034.436,34.436,0.41,6.3,0.3,10.0,0.5,3.0,0.51,5.0,0.5,3.0,0.49,5.0,0.59,6.3,0.7,10.0,0.09,0.09,43.476551,1776210033000
1776210034.948,34.948,0.41,6.3,0.3,10.0,0.5,3.0,0.51,5.0,0.5,3.0,0.49,5.0,0.59,6.3,0.7,10.0,0.09,0.09,43.476468,1776210034000
1776210035.256,35.256,0.41,6.3,0.38,5.0,0.59,6.3,0.68,10.0,0.5,3.0,0.49,5.0,0.59,6.3,0.7,10.0,0.18,0.09,43.476468,1776210034000
1776210036.107,36.107,0.41,6.3,0.38,5.0,0.59,6.3,0.68,10.0,0.41,6.3,0.32,10.0,0.59,6.3,0.62,5.0,0.18,0.18,43.476468,1776210035000
1776210037.124,37.124,0.41,6.3,0.38,5.0,0.59,6.3,0.68,10.0,0.41,6.3,0.32,10.0,0.59,6.3,0.62,5.0,0.18,0.18,43.485223,1776210036000
1776210038.196,38.196,0.41,6.3,0.38,5.0,0.59,6.3,0.68,10.0,0.41,6.3,0.32,10.0,0.59,6.3,0.62,5.0,0.18,0.18,43.49189,1776210037000
1776210039.405,39.405,0.41,6.3,0.38,5.0,0.59,6.3,0.68,10.0,0.41,6.3,0.32,10.0,0.59,6.3,0.62,5.0,0.18,0.18,43.48235,1776210038000
1776210039.967,39.967,0.41,6.3,0.38,5.0,0.59,6.3,0.68,10.0,0.41,6.3,0.32,10.0,0.59,6.3,0.62,5.0,0.18,0.18,43.48235,1776210039000
1776210040.993,40.993,0.41,6.3,0.38,5.0,0.59,6.3,0.68,10.0,0.41,6.3,0.32,10.0,0.59,6.3,0.62,5.0,0.18,0.18,43.483462,1776210040000
1776210042.106,42.106,0.41,6.3,0.38,5.0,0.59,6.3,0.68,10.0,0.41,6.3,0.32,10.0,0.59,6.3,0.62,5.0,0.18,0.18,43.481035,1776210041000
1776210043.07,43.07,0.41,6.3,0.38,5.0,0.59,6.3,0.68,10.0,0.41,6.3,0.32,10.0,0.59,6.3,0.62,5.0,0.18,0.18,43.480203,1776210042000
1776210044.172,44.172,0.41,6.3,0.38,5.0,0.59,6.3,0.68,10.0,0.41,6.3,0.32,10.0,0.59,6.3,0.62,5.0,0.18,0.18,43.479432,1776210043000
1776210045.485,45.485,0.41,6.3,0.38,5.0,0.59,6.3,0.68,10.0,0.41,6.3,0.32,10.0,0.59,6.3,0.62,5.0,0.18,0.18,43.480554,1776210044000
1776210046.061,46.061,0.41,6.3,0.38,5.0,0.59,6.3,0.68,10.0,0.41,6.3,0.32,10.0,0.59,6.3,0.62,5.0,0.18,0.18,43.480859,1776210045000
1776210047.107,47.107,0.41,6.3,0.38,5.0,0.59,6.3,0.68,10.0,0.41,6.3,0.32,10.0,0.59,6.3,0.62,5.0,0.18,0.18,43.484248,1776210046000
1776210048.332,48.332,0.41,6.3,0.38,5.0,0.59,6.3,0.68,10.0,0.41,6.3,0.32,10.0,0.59,6.3,0.62,5.0,0.18,0.18,43.482851,1776210047000
1776210048.959,48.959,0.41,6.3,0.38,5.0,0.59,6.3,0.68,10.0,0.41,6.3,0.32,10.0,0.59,6.3,0.62,5.0,0.18,0.18,43.482851,1776210048000
1776210051.626,51.626,0.41,6.3,0.38,5.0,0.59,6.3,0.68,10.0,0.41,6.3,0.32,10.0,0.59,6.3,0.62,5.0,0.18,0.18,43.483881,1776210049000
1776210052.342,52.342,0.41,6.3,0.38,5.0,0.59,6.3,0.68,10.0,0.41,6.3,0.32,10.0,0.59,6.3,0.62,5.0,0.18,0.18,43.484482,1776210051000
1776210054.03,54.03,0.41,6.3,0.38,5.0,0.59,6.3,0.68,10.0,0.41,6.3,0.32,10.0,0.59,6.3,0.62,5.0,0.18,0.18,43.482813,1776210053000
1776210055.453,55.453,0.41,6.3,0.38,5.0,0.59,6.3,0.68,10.0,0.41,6.3,0.32,10.0,0.59,6.3,0.62,5.0,0.18,0.18,43.483287,1776210054000
1776210055.97,55.97,0.41,6.3,0.38,5.0,0.59,6.3,0.68,10.0,0.41,6.3,0.32,10.0,0.59,6.3,0.62,5.0,0.18,0.18,43.48226,1776210055000
1776210057.501,57.501,0.41,6.3,0.38,5.0,0.59,6.3,0.68,10.0,0.41,6.3,0.32,10.0,0.59,6.3,0.62,5.0,0.18,0.18,43.483302,1776210056000
1776210058.256,58.256,0.41,6.3,0.38,5.0,0.59,6.3,0.68,10.0,0.41,6.3,0.32,10.0,0.59,6.3,0.62,5.0,0.18,0.18,43.483285,1776210057000
1776210059.575,59.575,0.41,6.3,0.38,5.0,0.59,6.3,0.68,10.0,0.41,6.3,0.32,10.0,0.59,6.3,0.62,5.0,0.18,0.18,43.488285,1776210058000
1776210060.219,60.219,0.41,6.3,0.38,5.0,0.59,6.3,0.68,10.0,0.41,6.3,0.32,10.0,0.59,6.3,0.62,5.0,0.18,0.18,43.493869,1776210059000
1776210061.667,61.667,0.41,6.3,0.38,5.0,0.59,6.3,0.68,10.0,0.41,6.3,0.32,10.0,0.59,6.3,0.62,5.0,0.18,0.18,43.496494,1776210060000
1776210062.378,62.378,0.41,6.3,0.38,5.0,0.59,6.3,0.68,10.0,0.41,6.3,0.32,10.0,0.59,6.3,0.62,5.0,0.18,0.18,43.496494,1776210061000
1776210063.052,63.052,0.41,6.3,0.38,5.0,0.59,6.3,0.68,10.0,0.41,6.3,0.32,10.0,0.59,6.3,0.62,5.0,0.18,0.18,43.49578,1776210062000
1776210064.349,64.349,0.41,6.3,0.38,5.0,0.59,6.3,0.68,10.0,0.41,6.3,0.32,10.0,0.59,6.3,0.62,5.0,0.18,0.18,43.495848,1776210063000
1776210064.998,64.998,0.41,6.3,0.38,5.0,0.59,6.3,0.68,10.0,0.41,6.3,0.32,10.0,0.59,6.3,0.62,5.0,0.18,0.18,43.495848,1776210064000
1776210066.315,66.315,0.41,6.3,0.38,5.0,0.59,6.3,0.68,10.0,0.41,6.3,0.32,10.0,0.59,6.3,0.62,5.0,0.18,0.18,43.495837,1776210065000
1776210067.677,67.677,0.41,6.3,0.38,5.0,0.59,6.3,0.68,10.0,0.41,6.3,0.32,10.0,0.59,6.3,0.62,5.0,0.18,0.18,43.496504,1776210066000
1776210068.338,68.338,0.41,6.3,0.38,5.0,0.59,6.3,0.68,10.0,0.41,6.3,0.32,10.0,0.59,6.3,0.62,5.0,0.18,0.18,43.496515,1776210067000
1776210068.991,68.991,0.41,6.3,0.38,5.0,0.59,6.3,0.68,10.0,0.41,6.3,0.32,10.0,0.59,6.3,0.62,5.0,0.18,0.18,43.496651,1776210068000
1776210070.178,70.178,0.41,6.3,0.38,5.0,0.59,6.3,0.68,10.0,0.41,6.3,0.32,10.0,0.59,6.3,0.62,5.0,0.18,0.18,43.496376,1776210069000
1776210071.489,71.489,0.41,6.3,0.38,5.0,0.59,6.3,0.68,10.0,0.41,6.3,0.32,10.0,0.59,6.3,0.62,5.0,0.18,0.18,43.495523,1776210070000
1776210072.285,72.285,0.41,6.3,0.38,5.0,0.59,6.3,0.68,10.0,0.41,6.3,0.32,10.0,0.59,6.3,0.62,5.0,0.18,0.18,43.495617,1776210071000
1776210073.275,73.275,0.41,6.3,0.38,5.0,0.59,6.3,0.68,10.0,0.41,6.3,0.32,10.0,0.59,6.3,0.62,5.0,0.18,0.18,43.495606,1776210072000
1776210074.621,74.621,0.41,6.3,0.38,5.0,0.59,6.3,0.68,10.0,0.41,6.3,0.32,10.0,0.59,6.3,0.62,5.0,0.18,0.18,43.495808,1776210073000
1776210075.401,75.401,0.41,6.3,0.38,5.0,0.59,6.3,0.68,10.0,0.41,6.3,0.32,10.0,0.59,6.3,0.62,5.0,0.18,0.18,43.496124,1776210074000
1776210076.399,76.399,0.41,6.3,0.38,5.0,0.59,6.3,0.68,10.0,0.41,6.3,0.32,10.0,0.59,6.3,0.62,5.0,0.18,0.18,43.496002,1776210075000
1776210076.99,76.99,0.41,6.3,0.38,5.0,0.59,6.3,0.68,10.0,0.41,6.3,0.32,10.0,0.59,6.3,0.62,5.0,0.18,0.18,43.491651,1776210076000
1776210078.045,78.045,0.41,6.3,0.38,5.0,0.59,6.3,0.68,10.0,0.41,6.3,0.32,10.0,0.59,6.3,0.62,5.0,0.18,0.18,43.484059,1776210077000
1776210079.331,79.331,0.41,6.3,0.38,5.0,0.59,6.3,0.68,10.0,0.41,6.3,0.32,10.0,0.59,6.3,0.62,5.0,0.18,0.18,43.483555,1776210078000
1776210080.405,80.405,0.41,6.3,0.38,5.0,0.59,6.3,0.68,10.0,0.41,6.3,0.32,10.0,0.59,6.3,0.62,5.0,0.18,0.18,43.48346,1776210079000
1776210080.954,80.954,0.41,6.3,0.38,5.0,0.59,6.3,0.68,10.0,0.41,6.3,0.32,10.0,0.59,6.3,0.62,5.0,0.18,0.18,43.4904,1776210080000
1776210082.201,82.201,0.41,6.3,0.38,5.0,0.59,6.3,0.68,10.0,0.41,6.3,0.32,10.0,0.59,6.3,0.62,5.0,0.18,0.18,43.4904,1776210081000
1776210083.211,83.211,0.41,6.3,0.38,5.0,0.59,6.3,0.68,10.0,0.41,6.3,0.32,10.0,0.59,6.3,0.62,5.0,0.18,0.18,43.481834,1776210082000
1776210083.418,83.418,0.32,15.0,0.31,15.0,0.45,26.0,0.54,15.0,0.41,6.3,0.32,10.0,0.59,6.3,0.62,5.0,0.13,0.18,43.481834,1776210082000
1776210084.22,84.22,0.32,15.0,0.31,15.0,0.45,26.0,0.54,15.0,0.55,26.0,0.46,15.0,0.68,15.0,0.69,15.0,0.13,0.13,43.478679,1776210083000
1776210085.329,85.329,0.32,15.0,0.31,15.0,0.45,26.0,0.54,15.0,0.55,26.0,0.46,15.0,0.68,15.0,0.69,15.0,0.13,0.13,43.471159,1776210084000
1776210086.28,86.28,0.32,15.0,0.31,15.0,0.45,26.0,0.54,15.0,0.55,26.0,0.46,15.0,0.68,15.0,0.69,15.0,0.13,0.13,43.461552,1776210085000
1776210087.338,87.338,0.32,15.0,0.31,15.0,0.45,26.0,0.54,15.0,0.55,26.0,0.46,15.0,0.68,15.0,0.69,15.0,0.13,0.13,43.46153,1776210086000
1776210088.37,88.37,0.32,15.0,0.31,15.0,0.45,26.0,0.54,15.0,0.55,26.0,0.46,15.0,0.68,15.0,0.69,15.0,0.13,0.13,43.460293,1776210087000
1776210088.845,88.845,0.32,15.0,0.31,15.0,0.45,26.0,0.54,15.0,0.55,26.0,0.46,15.0,0.68,15.0,0.69,15.0,0.13,0.13,43.460293,1776210088000
1776210089.837,89.837,0.32,15.0,0.31,15.0,0.45,26.0,0.54,15.0,0.55,26.0,0.46,15.0,0.68,15.0,0.69,15.0,0.13,0.13,43.460475,1776210089000
1776210090.824,90.824,0.32,15.0,0.31,15.0,0.45,26.0,0.54,15.0,0.55,26.0,0.46,15.0,0.68,15.0,0.69,15.0,0.13,0.13,43.456447,1776210090000
1776210092.492,92.492,0.32,15.0,0.31,15.0,0.45,26.0,0.54,15.0,0.55,26.0,0.46,15.0,0.68,15.0,0.69,15.0,0.13,0.13,43.469955,1776210091000
1776210092.897,92.897,0.32,15.0,0.31,15.0,0.45,26.0,0.54,15.0,0.55,26.0,0.46,15.0,0.68,15.0,0.69,15.0,0.13,0.13,43.472545,1776210092000
1776210093.904,93.904,0.32,15.0,0.31,15.0,0.45,26.0,0.54,15.0,0.55,26.0,0.46,15.0,0.68,15.0,0.69,15.0,0.13,0.13,43.474472,1776210093000
1776210094.89,94.89,0.32,15.0,0.31,15.0,0.45,26.0,0.54,15.0,0.55,26.0,0.46,15.0,0.68,15.0,0.69,15.0,0.13,0.13,43.474671,1776210094000
1776210095.87,95.87,0.32,15.0,0.31,15.0,0.45,26.0,0.54,15.0,0.55,26.0,0.46,15.0,0.68,15.0,0.69,15.0,0.13,0.13,43.474933,1776210095000
1776210096.981,96.981,0.32,15.0,0.31,15.0,0.45,26.0,0.54,15.0,0.55,26.0,0.46,15.0,0.68,15.0,0.69,15.0,0.13,0.13,43.47507,1776210096000
1776210098.397,98.397,0.32,15.0,0.31,15.0,0.45,26.0,0.54,15.0,0.55,26.0,0.46,15.0,0.68,15.0,0.69,15.0,0.13,0.13,43.475227,1776210097000
1776210098.857,98.857,0.32,15.0,0.31,15.0,0.45,26.0,0.54,15.0,0.55,26.0,0.46,15.0,0.68,15.0,0.69,15.0,0.13,0.13,43.475307,1776210098000
1776210099.941,99.941,0.32,15.0,0.31,15.0,0.45,26.0,0.54,15.0,0.55,26.0,0.46,15.0,0.68,15.0,0.69,15.0,0.13,0.13,43.475329,1776210099000
1776210101.034,101.034,0.32,15.0,0.31,15.0,0.45,26.0,0.54,15.0,0.55,26.0,0.46,15.0,0.68,15.0,0.69,15.0,0.13,0.13,43.475225,1776210100000
1776210101.999,101.999,0.32,15.0,0.31,15.0,0.45,26.0,0.54,15.0,0.55,26.0,0.46,15.0,0.68,15.0,0.69,15.0,0.13,0.13,43.475241,1776210101000
1776210103.056,103.056,0.32,15.0,0.31,15.0,0.45,26.0,0.54,15.0,0.55,26.0,0.46,15.0,0.68,15.0,0.69,15.0,0.13,0.13,43.475199,1776210102000
1776210104.125,104.125,0.32,15.0,0.31,15.0,0.45,26.0,0.54,15.0,0.55,26.0,0.46,15.0,0.68,15.0,0.69,15.0,0.13,0.13,43.475231,1776210103000
1776210105.15,105.15,0.32,15.0,0.31,15.0,0.45,26.0,0.54,15.0,0.55,26.0,0.46,15.0,0.68,15.0,0.69,15.0,0.13,0.13,43.47521,1776210104000
1776210106.162,106.162,0.32,15.0,0.31,15.0,0.45,26.0,0.54,15.0,0.55,26.0,0.46,15.0,0.68,15.0,0.69,15.0,0.13,0.13,43.475266,1776210105000
1776210107.134,107.134,0.32,15.0,0.31,15.0,0.45,26.0,0.54,15.0,0.55,26.0,0.46,15.0,0.68,15.0,0.69,15.0,0.13,0.13,43.475266,1776210106000
1776210108.175,108.175,0.32,15.0,0.31,15.0,0.45,26.0,0.54,15.0,0.55,26.0,0.46,15.0,0.68,15.0,0.69,15.0,0.13,0.13,43.475268,1776210107000
1776210109.307,109.307,0.32,15.0,0.31,15.0,0.45,26.0,0.54,15.0,0.55,26.0,0.46,15.0,0.68,15.0,0.69,15.0,0.13,0.13,43.474918,1776210108000
1776210110.3,110.3,0.32,15.0,0.31,15.0,0.45,26.0,0.54,15.0,0.55,26.0,0.46,15.0,0.68,15.0,0.69,15.0,0.13,0.13,43.474997,1776210109000
1776210111.848,111.848,0.32,15.0,0.31,15.0,0.45,26.0,0.54,15.0,0.55,26.0,0.46,15.0,0.68,15.0,0.69,15.0,0.13,0.13,43.475915,1776210110000
1776210112.287,112.287,0.32,15.0,0.31,15.0,0.45,26.0,0.54,15.0,0.55,26.0,0.46,15.0,0.68,15.0,0.69,15.0,0.13,0.13,43.477776,1776210111000
1776210113.477,113.477,0.32,15.0,0.31,15.0,0.45,26.0,0.54,15.0,0.55,26.0,0.46,15.0,0.68,15.0,0.69,15.0,0.13,0.13,43.482703,1776210112000
1776210114.136,114.136,0.32,15.0,0.31,15.0,0.45,26.0,0.54,15.0,0.55,26.0,0.46,15.0,0.68,15.0,0.69,15.0,0.13,0.13,43.484356,1776210113000
1776210115.247,115.247,0.32,15.0,0.31,15.0,0.45,26.0,0.54,15.0,0.55,26.0,0.46,15.0,0.68,15.0,0.69,15.0,0.13,0.13,43.483612,1776210114000
1776210116.627,116.627,0.32,15.0,0.31,15.0,0.45,26.0,0.54,15.0,0.55,26.0,0.46,15.0,0.68,15.0,0.69,15.0,0.13,0.13,43.482919,1776210115000
1776210117.217,117.217,0.32,15.0,0.31,15.0,0.45,26.0,0.54,15.0,0.55,26.0,0.46,15.0,0.68,15.0,0.69,15.0,0.13,0.13,43.482609,1776210116000
1776210118.364,118.364,0.32,15.0,0.31,15.0,0.45,26.0,0.54,15.0,0.55,26.0,0.46,15.0,0.68,15.0,0.69,15.0,0.13,0.13,43.479444,1776210117000
1776210119.015,119.015,0.32,15.0,0.31,15.0,0.45,26.0,0.54,15.0,0.55,26.0,0.46,15.0,0.68,15.0,0.69,15.0,0.13,0.13,43.479444,1776210118000
1776210120.179,120.179,0.32,15.0,0.31,15.0,0.45,26.0,0.54,15.0,0.55,26.0,0.46,15.0,0.68,15.0,0.69,15.0,0.13,0.13,43.480137,1776210119000
1776210121.303,121.303,0.32,15.0,0.31,15.0,0.45,26.0,0.54,15.0,0.55,26.0,0.46,15.0,0.68,15.0,0.69,15.0,0.13,0.13,43.480183,1776210120000
1776210122.489,122.489,0.32,15.0,0.31,15.0,0.45,26.0,0.54,15.0,0.55,26.0,0.46,15.0,0.68,15.0,0.69,15.0,0.13,0.13,43.480183,1776210121000
1776210123.046,123.046,0.32,15.0,0.31,15.0,0.45,26.0,0.54,15.0,0.55,26.0,0.46,15.0,0.68,15.0,0.69,15.0,0.13,0.13,43.48021,1776210122000
1776210124.174,124.174,0.32,15.0,0.31,15.0,0.45,26.0,0.54,15.0,0.55,26.0,0.46,15.0,0.68,15.0,0.69,15.0,0.13,0.13,43.48021,1776210123000
1776210125.271,125.271,0.32,15.0,0.31,15.0,0.45,26.0,0.54,15.0,0.55,26.0,0.46,15.0,0.68,15.0,0.69,15.0,0.13,0.13,43.479814,1776210124000
1776210126.793,126.793,0.32,15.0,0.31,15.0,0.45,26.0,0.54,15.0,0.55,26.0,0.46,15.0,0.68,15.0,0.69,15.0,0.13,0.13,43.479814,1776210125000
1776210127.473,127.473,0.32,15.0,0.31,15.0,0.45,26.0,0.54,15.0,0.55,26.0,0.46,15.0,0.68,15.0,0.69,15.0,0.13,0.13,43.479967,1776210126000
1776210127.989,127.989,0.32,15.0,0.31,15.0,0.45,26.0,0.54,15.0,0.55,26.0,0.46,15.0,0.68,15.0,0.69,15.0,0.13,0.13,43.479967,1776210127000
1776210129.194,129.194,0.32,15.0,0.31,15.0,0.45,26.0,0.54,15.0,0.55,26.0,0.46,15.0,0.68,15.0,0.69,15.0,0.13,0.13,43.479804,1776210128000
1776210130.493,130.493,0.32,15.0,0.31,15.0,0.45,26.0,0.54,15.0,0.55,26.0,0.46,15.0,0.68,15.0,0.69,15.0,0.13,0.13,43.479802,1776210129000
1776210131.055,131.055,0.32,15.0,0.31,15.0,0.45,26.0,0.54,15.0,0.55,26.0,0.46,15.0,0.68,15.0,0.69,15.0,0.13,0.13,43.479802,1776210130000
1776210132.183,132.183,0.32,15.0,0.31,15.0,0.45,26.0,0.54,15.0,0.55,26.0,0.46,15.0,0.68,15.0,0.69,15.0,0.13,0.13,43.479787,1776210131000
1776210133.24,133.24,0.32,15.0,0.31,15.0,0.45,26.0,0.54,15.0,0.55,26.0,0.46,15.0,0.68,15.0,0.69,15.0,0.13,0.13,43.479245,1776210132000
1776210134.302,134.302,0.32,15.0,0.31,15.0,0.45,26.0,0.54,15.0,0.55,26.0,0.46,15.0,0.68,15.0,0.69,15.0,0.13,0.13,43.479033,1776210133000
1776210134.885,134.885,0.32,15.0,0.31,15.0,0.45,26.0,0.54,15.0,0.55,26.0,0.46,15.0,0.68,15.0,0.69,15.0,0.13,0.13,43.47916,1776210134000
1776210136.008,136.008,0.32,15.0,0.31,15.0,0.45,26.0,0.54,15.0,0.55,26.0,0.46,15.0,0.68,15.0,0.69,15.0,0.13,0.13,43.47916,1776210135000
1776210136.983,136.983,0.32,15.0,0.31,15.0,0.45,26.0,0.54,15.0,0.55,26.0,0.46,15.0,0.68,15.0,0.69,15.0,0.13,0.13,43.479158,1776210136000
1776210138.148,138.148,0.32,15.0,0.31,15.0,0.45,26.0,0.54,15.0,0.55,26.0,0.46,15.0,0.68,15.0,0.69,15.0,0.13,0.13,43.479897,1776210137000
1776210139.264,139.264,0.32,15.0,0.31,15.0,0.45,26.0,0.54,15.0,0.55,26.0,0.46,15.0,0.68,15.0,0.69,15.0,0.13,0.13,43.479897,1776210138000
1776210140.437,140.437,0.32,15.0,0.31,15.0,0.45,26.0,0.54,15.0,0.55,26.0,0.46,15.0,0.68,15.0,0.69,15.0,0.13,0.13,43.479905,1776210139000
1776210141.392,141.392,0.32,15.0,0.31,15.0,0.45,26.0,0.54,15.0,0.55,26.0,0.46,15.0,0.68,15.0,0.69,15.0,0.13,0.13,43.478682,1776210140000
1776210141.851,141.851,0.32,15.0,0.31,15.0,0.45,26.0,0.54,15.0,0.55,26.0,0.46,15.0,0.68,15.0,0.69,15.0,0.13,0.13,43.479113,1776210141000
1776210142.859,142.859,0.32,15.0,0.31,15.0,0.45,26.0,0.54,15.0,0.55,26.0,0.46,15.0,0.68,15.0,0.69,15.0,0.13,0.13,43.479204,1776210142000
1776210143.904,143.904,0.32,15.0,0.31,15.0,0.45,26.0,0.54,15.0,0.55,26.0,0.46,15.0,0.68,15.0,0.69,15.0,0.13,0.13,43.479508,1776210143000
1776210145.018,145.018,0.32,15.0,0.31,15.0,0.45,26.0,0.54,15.0,0.55,26.0,0.46,15.0,0.68,15.0,0.69,15.0,0.13,0.13,43.479508,1776210144000
1776210145.952,145.952,0.32,15.0,0.31,15.0,0.45,26.0,0.54,15.0,0.55,26.0,0.46,15.0,0.68,15.0,0.69,15.0,0.13,0.13,43.477908,1776210145000
1776210146.982,146.982,0.32,15.0,0.31,15.0,0.45,26.0,0.54,15.0,0.55,26.0,0.46,15.0,0.68,15.0,0.69,15.0,0.13,0.13,43.477639,1776210146000
1776210148.007,148.007,0.24,11.09,0.23,15.0,0.32,10.0,0.51,15.0,0.55,26.0,0.46,15.0,0.68,15.0,0.69,15.0,0.08,0.13,43.477639,1776210146000
1776210149.089,149.089,0.24,11.09,0.23,15.0,0.51,15.0,0.52,51.0,0.49,15.0,0.48,51.0,0.76,11.09,0.77,15.0,0.27,0.27,43.477546,1776210148000
1776210150.002,150.002,0.24,11.09,0.23,15.0,0.51,15.0,0.52,51.0,0.49,15.0,0.48,51.0,0.76,11.09,0.77,15.0,0.27,0.27,43.471621,1776210149000
1776210151.072,151.072,0.24,11.09,0.23,15.0,0.51,15.0,0.52,51.0,0.49,15.0,0.48,51.0,0.76,11.09,0.77,15.0,0.27,0.27,43.466351,1776210150000
1776210152.052,152.052,0.24,11.09,0.23,15.0,0.51,15.0,0.52,51.0,0.49,15.0,0.48,51.0,0.76,11.09,0.77,15.0,0.27,0.27,43.462595,1776210151000
1776210152.33,152.33,0.3,7.87,0.29,25.0,0.46,10.0,0.48,15.0,0.49,15.0,0.48,51.0,0.76,11.09,0.77,15.0,0.16,0.27,43.462595,1776210151000
1776210153.077,153.077,0.3,7.87,0.29,25.0,0.46,10.0,0.48,15.0,0.54,10.0,0.52,15.0,0.7,7.87,0.71,25.0,0.16,0.16,43.463764,1776210152000
1776210154.523,154.523,0.3,7.87,0.29,25.0,0.46,10.0,0.48,15.0,0.54,10.0,0.52,15.0,0.7,7.87,0.71,25.0,0.16,0.16,43.463807,1776210153000
1776210154.989,154.989,0.3,7.87,0.29,25.0,0.46,10.0,0.48,15.0,0.54,10.0,0.52,15.0,0.7,7.87,0.71,25.0,0.16,0.16,43.463816,1776210154000
1776210155.238,155.238,0.33,15.0,0.32,15.0,0.45,10.0,0.47,15.0,0.54,10.0,0.52,15.0,0.7,7.87,0.71,25.0,0.12,0.16,43.463816,1776210154000
1776210156.073,156.073,0.33,15.0,0.32,15.0,0.45,10.0,0.47,15.0,0.55,10.0,0.53,15.0,0.67,15.0,0.68,15.0,0.12,0.12,43.463816,1776210155000
1776210156.62,156.62,0.32,6.4,0.31,15.0,0.45,25.0,0.46,15.0,0.55,10.0,0.53,15.0,0.67,15.0,0.68,15.0,0.13,0.12,43.463816,1776210155000
1776210156.978,156.978,0.32,6.4,0.31,15.0,0.45,25.0,0.46,15.0,0.55,25.0,0.54,15.0,0.68,6.4,0.69,15.0,0.13,0.13,43.464032,1776210156000
1776210158.101,158.101,0.32,6.4,0.31,15.0,0.45,25.0,0.46,15.0,0.55,25.0,0.54,15.0,0.68,6.4,0.69,15.0,0.13,0.13,43.46407,1776210157000
1776210159.013,159.013,0.32,6.4,0.31,15.0,0.45,25.0,0.46,15.0,0.55,25.0,0.54,15.0,0.68,6.4,0.69,15.0,0.13,0.13,43.464055,1776210158000
1776210160.037,160.037,0.32,6.4,0.31,15.0,0.45,25.0,0.46,15.0,0.55,25.0,0.54,15.0,0.68,6.4,0.69,15.0,0.13,0.13,43.464266,1776210159000
1776210161.058,161.058,0.32,6.4,0.31,15.0,0.45,25.0,0.46,15.0,0.55,25.0,0.54,15.0,0.68,6.4,0.69,15.0,0.13,0.13,43.464418,1776210160000
1776210162.079,162.079,0.32,6.4,0.31,15.0,0.45,25.0,0.46,15.0,0.55,25.0,0.54,15.0,0.68,6.4,0.69,15.0,0.13,0.13,43.464418,1776210161000
1776210163.001,163.001,0.32,6.4,0.31,15.0,0.45,25.0,0.46,15.0,0.55,25.0,0.54,15.0,0.68,6.4,0.69,15.0,0.13,0.13,43.464066,1776210162000
1776210163.993,163.993,0.32,6.4,0.31,15.0,0.45,25.0,0.46,15.0,0.55,25.0,0.54,15.0,0.68,6.4,0.69,15.0,0.13,0.13,43.464081,1776210163000
1776210164.431,164.431,0.28,9.16,0.27,15.0,0.4,15.0,0.41,15.0,0.55,25.0,0.54,15.0,0.68,6.4,0.69,15.0,0.12,0.13,43.464081,1776210163000
1776210164.948,164.948,0.28,9.16,0.27,15.0,0.4,15.0,0.41,15.0,0.6,15.0,0.59,15.0,0.72,9.16,0.73,15.0,0.12,0.12,43.464308,1776210164000
1776210165.922,165.922,0.28,9.16,0.27,15.0,0.4,15.0,0.41,15.0,0.6,15.0,0.59,15.0,0.72,9.16,0.73,15.0,0.12,0.12,43.464091,1776210165000
1776210166.295,166.295,0.28,3.32,0.27,15.0,0.39,15.0,0.4,15.0,0.6,15.0,0.59,15.0,0.72,9.16,0.73,15.0,0.11,0.12,43.464091,1776210165000
1776210167.367,167.367,0.28,3.32,0.27,15.0,0.39,15.0,0.4,15.0,0.61,15.0,0.6,15.0,0.72,3.32,0.73,15.0,0.11,0.11,43.464091,1776210166000
1776210167.922,167.922,0.28,3.32,0.27,15.0,0.39,15.0,0.4,15.0,0.61,15.0,0.6,15.0,0.72,3.32,0.73,15.0,0.11,0.11,43.464825,1776210167000
1776210169.191,169.191,0.28,3.32,0.27,15.0,0.39,15.0,0.4,15.0,0.61,15.0,0.6,15.0,0.72,3.32,0.73,15.0,0.11,0.11,43.46474,1776210168000
1776210170.321,170.321,0.28,3.32,0.27,15.0,0.39,15.0,0.4,15.0,0.61,15.0,0.6,15.0,0.72,3.32,0.73,15.0,0.11,0.11,43.46474,1776210169000
1776210170.85,170.85,0.28,3.32,0.27,15.0,0.39,15.0,0.4,15.0,0.61,15.0,0.6,15.0,0.72,3.32,0.73,15.0,0.11,0.11,43.46474,1776210170000
1776210171.996,171.996,0.28,3.32,0.27,15.0,0.39,15.0,0.4,15.0,0.61,15.0,0.6,15.0,0.72,3.32,0.73,15.0,0.11,0.11,43.46474,1776210171000
1776210173.019,173.019,0.28,3.32,0.27,15.0,0.39,15.0,0.4,15.0,0.61,15.0,0.6,15.0,0.72,3.32,0.73,15.0,0.11,0.11,43.464715,1776210172000
1776210174.177,174.177,0.28,3.32,0.27,15.0,0.39,15.0,0.4,15.0,0.61,15.0,0.6,15.0,0.72,3.32,0.73,15.0,0.11,0.11,43.464904,1776210173000
1776210174.45,174.45,0.26,15.0,0.25,15.0,0.38,15.0,0.39,25.0,0.61,15.0,0.6,15.0,0.72,3.32,0.73,15.0,0.12,0.11,43.464904,1776210173000
1776210175.326,175.326,0.26,15.0,0.25,15.0,0.38,15.0,0.39,25.0,0.62,15.0,0.61,25.0,0.74,15.0,0.75,15.0,0.12,0.12,43.464904,1776210174000
1776210175.867,175.867,0.26,15.0,0.25,15.0,0.38,15.0,0.39,25.0,0.62,15.0,0.61,25.0,0.74,15.0,0.75,15.0,0.12,0.12,43.464904,1776210175000
1776210176.173,176.173,0.26,7.5,0.25,15.0,0.37,15.0,0.38,25.0,0.62,15.0,0.61,25.0,0.74,15.0,0.75,15.0,0.11,0.12,43.464904,1776210175000
1776210176.999,176.999,0.26,7.5,0.25,15.0,0.37,15.0,0.38,25.0,0.63,15.0,0.62,25.0,0.74,7.5,0.75,15.0,0.11,0.11,43.465013,1776210176000
1776210177.61,177.61,0.24,11.09,0.23,15.0,0.37,15.0,0.38,25.0,0.63,15.0,0.62,25.0,0.74,7.5,0.75,15.0,0.13,0.11,43.465013,1776210176000
1776210177.968,177.968,0.24,11.09,0.23,15.0,0.37,15.0,0.38,25.0,0.63,15.0,0.62,25.0,0.76,11.09,0.77,15.0,0.13,0.13,43.465013,1776210177000
1776210179.026,179.026,0.24,11.09,0.23,15.0,0.37,15.0,0.38,25.0,0.63,15.0,0.62,25.0,0.76,11.09,0.77,15.0,0.13,0.13,43.465488,1776210178000
1776210180.146,180.146,0.24,11.09,0.23,15.0,0.36,25.0,0.37,15.0,0.64,25.0,0.63,15.0,0.76,11.09,0.77,15.0,0.12,0.12,43.465475,1776210179000
1776210181.715,181.715,0.24,11.09,0.23,15.0,0.36,25.0,0.37,15.0,0.64,25.0,0.63,15.0,0.76,11.09,0.77,15.0,0.12,0.12,43.465172,1776210180000
1776210182.464,182.464,0.24,11.09,0.23,15.0,0.36,25.0,0.37,15.0,0.64,25.0,0.63,15.0,0.76,11.09,0.77,15.0,0.12,0.12,43.465256,1776210181000
1776210183.685,183.685,0.24,11.09,0.23,15.0,0.36,25.0,0.37,15.0,0.64,25.0,0.63,15.0,0.76,11.09,0.77,15.0,0.12,0.12,43.465256,1776210182000
1776210184.333,184.333,0.24,11.09,0.23,15.0,0.36,25.0,0.37,15.0,0.64,25.0,0.63,15.0,0.76,11.09,0.77,15.0,0.12,0.12,43.475203,1776210183000
1776210185.341,185.341,0.43,10.0,0.32,15.0,0.59,1.26,0.6,25.0,0.64,25.0,0.63,15.0,0.76,11.09,0.77,15.0,0.16,0.12,43.475203,1776210183000
1776210186.117,186.117,0.43,10.0,0.32,15.0,0.59,1.26,0.6,25.0,0.41,1.26,0.4,25.0,0.57,10.0,0.68,15.0,0.16,0.16,43.480897,1776210185000
1776210187.613,187.613,0.43,10.0,0.32,15.0,0.59,1.26,0.6,25.0,0.41,1.26,0.4,25.0,0.57,10.0,0.68,15.0,0.16,0.16,43.482928,1776210186000
1776210188.412,188.412,0.6,8.74,0.37,15.0,0.7,15.0,0.71,15.0,0.3,15.0,0.29,15.0,0.4,8.74,0.63,15.0,0.1,0.1,43.490001,1776210187000
1776210189.084,189.084,0.6,8.74,0.37,15.0,0.7,15.0,0.71,15.0,0.3,15.0,0.29,15.0,0.4,8.74,0.63,15.0,0.1,0.1,43.491384,1776210188000
1776210190.681,190.681,0.6,8.74,0.37,15.0,0.7,15.0,0.71,15.0,0.3,15.0,0.29,15.0,0.4,8.74,0.63,15.0,0.1,0.1,43.501062,1776210189000
1776210191.418,191.418,0.6,8.74,0.37,15.0,0.7,15.0,0.71,15.0,0.3,15.0,0.29,15.0,0.4,8.74,0.63,15.0,0.1,0.1,43.501455,1776210190000
1776210192.225,192.225,0.6,8.74,0.37,15.0,0.7,15.0,0.71,15.0,0.3,15.0,0.29,15.0,0.4,8.74,0.63,15.0,0.1,0.1,43.501764,1776210191000
1776210193.529,193.529,0.6,8.74,0.37,15.0,0.7,15.0,0.71,15.0,0.3,15.0,0.29,15.0,0.4,8.74,0.63,15.0,0.1,0.1,43.501831,1776210192000
1776210194.444,194.444,0.6,8.74,0.37,15.0,0.7,15.0,0.71,15.0,0.3,15.0,0.29,15.0,0.4,8.74,0.63,15.0,0.1,0.1,43.5009,1776210193000
1776210195.194,195.194,0.6,8.74,0.37,15.0,0.7,15.0,0.71,15.0,0.3,15.0,0.29,15.0,0.4,8.74,0.63,15.0,0.1,0.1,43.500841,1776210194000
1776210196.756,196.756,0.6,8.74,0.37,15.0,0.7,15.0,0.71,15.0,0.3,15.0,0.29,15.0,0.4,8.74,0.63,15.0,0.1,0.1,43.501802,1776210195000
1776210197.458,197.458,0.6,8.74,0.37,15.0,0.7,15.0,0.71,15.0,0.3,15.0,0.29,15.0,0.4,8.74,0.63,15.0,0.1,0.1,43.501802,1776210196000
1776210198.23,198.23,0.6,8.74,0.37,15.0,0.7,15.0,0.71,15.0,0.3,15.0,0.29,15.0,0.4,8.74,0.63,15.0,0.1,0.1,43.501813,1776210197000
1776210199.687,199.687,0.6,8.74,0.37,15.0,0.7,15.0,0.71,15.0,0.3,15.0,0.29,15.0,0.4,8.74,0.63,15.0,0.1,0.1,43.50257,1776210198000
1776210200.465,200.465,0.6,8.74,0.37,15.0,0.7,15.0,0.71,15.0,0.3,15.0,0.29,15.0,0.4,8.74,0.63,15.0,0.1,0.1,43.50259,1776210199000
1776210202.093,202.093,0.6,8.74,0.37,15.0,0.7,15.0,0.71,15.0,0.3,15.0,0.29,15.0,0.4,8.74,0.63,15.0,0.1,0.1,43.50258,1776210200000
1776210202.975,202.975,0.6,8.74,0.37,15.0,0.7,15.0,0.71,15.0,0.3,15.0,0.29,15.0,0.4,8.74,0.63,15.0,0.1,0.1,43.502575,1776210201000
1776210203.995,203.995,0.6,8.74,0.37,15.0,0.7,15.0,0.71,15.0,0.3,15.0,0.29,15.0,0.4,8.74,0.63,15.0,0.1,0.1,43.502575,1776210202000
1776210204.888,204.888,0.6,8.74,0.37,15.0,0.7,15.0,0.71,15.0,0.3,15.0,0.29,15.0,0.4,8.74,0.63,15.0,0.1,0.1,43.502575,1776210203000
1776210205.784,205.784,0.6,8.74,0.37,15.0,0.7,15.0,0.71,15.0,0.3,15.0,0.29,15.0,0.4,8.74,0.63,15.0,0.1,0.1,43.502575,1776210204000
1776210206.718,206.718,0.6,8.74,0.37,15.0,0.7,15.0,0.71,15.0,0.3,15.0,0.29,15.0,0.4,8.74,0.63,15.0,0.1,0.1,43.502566,1776210205000
1776210207.704,207.704,0.6,8.74,0.37,15.0,0.7,15.0,0.71,15.0,0.3,15.0,0.29,15.0,0.4,8.74,0.63,15.0,0.1,0.1,43.502575,1776210206000
1776210208.692,208.692,0.6,8.74,0.37,15.0,0.7,15.0,0.71,15.0,0.3,15.0,0.29,15.0,0.4,8.74,0.63,15.0,0.1,0.1,43.502654,1776210207000
1776210209.693,209.693,0.6,8.74,0.37,15.0,0.7,15.0,0.71,15.0,0.3,15.0,0.29,15.0,0.4,8.74,0.63,15.0,0.1,0.1,43.507193,1776210208000
1776210210.8,210.8,0.6,8.74,0.37,15.0,0.7,15.0,0.71,15.0,0.3,15.0,0.29,15.0,0.4,8.74,0.63,15.0,0.1,0.1,43.506438,1776210209000
1776210211.775,211.775,0.6,8.74,0.37,15.0,0.7,15.0,0.71,15.0,0.3,15.0,0.29,15.0,0.4,8.74,0.63,15.0,0.1,0.1,43.505669,1776210210000
1776210212.753,212.753,0.6,8.74,0.37,15.0,0.7,15.0,0.71,15.0,0.3,15.0,0.29,15.0,0.4,8.74,0.63,15.0,0.1,0.1,43.504547,1776210211000
1776210213.702,213.702,0.6,8.74,0.37,15.0,0.7,15.0,0.71,15.0,0.3,15.0,0.29,15.0,0.4,8.74,0.63,15.0,0.1,0.1,43.504108,1776210212000
1776210214.446,214.446,0.6,8.74,0.37,15.0,0.7,15.0,0.71,15.0,0.3,15.0,0.29,15.0,0.4,8.74,0.63,15.0,0.1,0.1,43.504004,1776210213000
1776210215.31,215.31,0.6,8.74,0.37,15.0,0.7,15.0,0.71,15.0,0.3,15.0,0.29,15.0,0.4,8.74,0.63,15.0,0.1,0.1,43.504004,1776210214000
1776210216.933,216.933,0.6,8.74,0.37,15.0,0.7,15.0,0.71,15.0,0.3,15.0,0.29,15.0,0.4,8.74,0.63,15.0,0.1,0.1,43.503745,1776210215000
1776210217.975,217.975,0.6,8.74,0.37,15.0,0.7,15.0,0.71,15.0,0.3,15.0,0.29,15.0,0.4,8.74,0.63,15.0,0.1,0.1,43.503745,1776210216000
1776210218.817,218.817,0.6,8.74,0.37,15.0,0.7,15.0,0.71,15.0,0.3,15.0,0.29,15.0,0.4,8.74,0.63,15.0,0.1,0.1,43.502497,1776210217000
1776210219.58,219.58,0.6,8.74,0.37,15.0,0.7,15.0,0.71,15.0,0.3,15.0,0.29,15.0,0.4,8.74,0.63,15.0,0.1,0.1,43.500787,1776210218000
1776210220.514,220.514,0.6,8.74,0.37,15.0,0.7,15.0,0.71,15.0,0.3,15.0,0.29,15.0,0.4,8.74,0.63,15.0,0.1,0.1,43.497214,1776210219000
1776210221.31,221.31,0.6,8.74,0.37,15.0,0.7,15.0,0.71,15.0,0.3,15.0,0.29,15.0,0.4,8.74,0.63,15.0,0.1,0.1,43.492137,1776210220000
1776210222.227,222.227,0.6,8.74,0.37,15.0,0.7,15.0,0.71,15.0,0.3,15.0,0.29,15.0,0.4,8.74,0.63,15.0,0.1,0.1,43.491999,1776210221000
1776210223.274,223.274,0.6,8.74,0.37,15.0,0.7,15.0,0.71,15.0,0.3,15.0,0.29,15.0,0.4,8.74,0.63,15.0,0.1,0.1,43.491996,1776210222000
1776210225.703,225.703,0.6,8.74,0.37,15.0,0.7,15.0,0.71,15.0,0.3,15.0,0.29,15.0,0.4,8.74,0.63,15.0,0.1,0.1,43.493203,1776210224000
1776210226.136,226.136,0.6,8.74,0.37,15.0,0.7,15.0,0.71,15.0,0.3,15.0,0.29,15.0,0.4,8.74,0.63,15.0,0.1,0.1,43.493821,1776210225000
1776210227.347,227.347,0.6,8.74,0.37,15.0,0.7,15.0,0.71,15.0,0.3,15.0,0.29,15.0,0.4,8.74,0.63,15.0,0.1,0.1,43.495014,1776210226000
1776210227.918,227.918,0.6,8.74,0.37,15.0,0.7,15.0,0.71,15.0,0.3,15.0,0.29,15.0,0.4,8.74,0.63,15.0,0.1,0.1,43.495013,1776210227000
1776210228.937,228.937,0.6,8.74,0.37,15.0,0.7,15.0,0.71,15.0,0.3,15.0,0.29,15.0,0.4,8.74,0.63,15.0,0.1,0.1,43.496098,1776210228000
1776210229.181,229.181,0.76,5.0,0.55,15.0,0.82,15.0,0.83,15.0,0.3,15.0,0.29,15.0,0.4,8.74,0.63,15.0,0.06,0.1,43.496098,1776210228000
1776210230.092,230.092,0.76,5.0,0.55,15.0,0.82,15.0,0.83,15.0,0.18,15.0,0.17,15.0,0.24,5.0,0.45,15.0,0.06,0.06,43.497107,1776210229000
1776210231.205,231.205,0.76,5.0,0.55,15.0,0.82,15.0,0.83,15.0,0.18,15.0,0.17,15.0,0.24,5.0,0.45,15.0,0.06,0.06,43.497965,1776210230000
1776210232.349,232.349,0.76,5.0,0.55,15.0,0.82,15.0,0.83,15.0,0.18,15.0,0.17,15.0,0.24,5.0,0.45,15.0,0.06,0.06,43.498363,1776210231000
1776210232.914,232.914,0.76,5.0,0.55,15.0,0.82,15.0,0.83,15.0,0.18,15.0,0.17,15.0,0.24,5.0,0.45,15.0,0.06,0.06,43.498422,1776210232000
1776210234.04,234.04,0.76,5.0,0.55,15.0,0.82,15.0,0.83,15.0,0.18,15.0,0.17,15.0,0.24,5.0,0.45,15.0,0.06,0.06,43.498268,1776210233000
1776210235.327,235.327,0.76,5.0,0.55,15.0,0.82,15.0,0.83,15.0,0.18,15.0,0.17,15.0,0.24,5.0,0.45,15.0,0.06,0.06,43.498475,1776210234000
1776210235.889,235.889,0.76,5.0,0.55,15.0,0.82,15.0,0.83,15.0,0.18,15.0,0.17,15.0,0.24,5.0,0.45,15.0,0.06,0.06,43.498135,1776210235000
1776210236.997,236.997,0.76,5.0,0.55,15.0,0.82,15.0,0.83,15.0,0.18,15.0,0.17,15.0,0.24,5.0,0.45,15.0,0.06,0.06,43.498064,1776210236000
1776210238.105,238.105,0.76,5.0,0.55,15.0,0.82,15.0,0.83,15.0,0.18,15.0,0.17,15.0,0.24,5.0,0.45,15.0,0.06,0.06,43.496494,1776210237000
1776210239.25,239.25,0.76,5.0,0.55,15.0,0.82,15.0,0.83,15.0,0.18,15.0,0.17,15.0,0.24,5.0,0.45,15.0,0.06,0.06,43.496653,1776210238000
1776210240.473,240.473,0.76,5.0,0.55,15.0,0.82,15.0,0.83,15.0,0.18,15.0,0.17,15.0,0.24,5.0,0.45,15.0,0.06,0.06,43.495196,1776210239000
1776210240.912,240.912,0.76,5.0,0.55,15.0,0.82,15.0,0.83,15.0,0.18,15.0,0.17,15.0,0.24,5.0,0.45,15.0,0.06,0.06,43.495196,1776210240000
1776210242.135,242.135,0.76,5.0,0.55,15.0,0.82,15.0,0.83,15.0,0.18,15.0,0.17,15.0,0.24,5.0,0.45,15.0,0.06,0.06,43.495925,1776210241000
1776210243.291,243.291,0.76,5.0,0.55,15.0,0.82,15.0,0.83,15.0,0.18,15.0,0.17,15.0,0.24,5.0,0.45,15.0,0.06,0.06,43.496073,1776210242000
1776210244.348,244.348,0.76,5.0,0.55,15.0,0.82,15.0,0.83,15.0,0.18,15.0,0.17,15.0,0.24,5.0,0.45,15.0,0.06,0.06,43.496062,1776210243000
1776210244.563,244.563,0.47,10.0,0.37,15.0,0.64,25.0,0.65,15.0,0.18,15.0,0.17,15.0,0.24,5.0,0.45,15.0,0.17,0.06,43.496062,1776210243000
1776210244.878,244.878,0.47,10.0,0.37,15.0,0.64,25.0,0.65,15.0,0.36,25.0,0.35,15.0,0.53,10.0,0.63,15.0,0.17,0.17,43.494514,1776210244000
1776210245.939,245.939,0.47,10.0,0.37,15.0,0.64,25.0,0.65,15.0,0.36,25.0,0.35,15.0,0.53,10.0,0.63,15.0,0.17,0.17,43.494506,1776210245000
1776210247.195,247.195,0.47,10.0,0.37,15.0,0.64,25.0,0.65,15.0,0.36,25.0,0.35,15.0,0.53,10.0,0.63,15.0,0.17,0.17,43.494425,1776210246000
1776210248.434,248.434,0.47,10.0,0.37,15.0,0.64,25.0,0.65,15.0,0.36,25.0,0.35,15.0,0.53,10.0,0.63,15.0,0.17,0.17,43.493275,1776210247000
1776210249.037,249.037,0.47,10.0,0.37,15.0,0.64,25.0,0.65,15.0,0.36,25.0,0.35,15.0,0.53,10.0,0.63,15.0,0.17,0.17,43.493197,1776210248000
1776210249.284,249.284,0.46,10.0,0.42,15.0,0.59,15.0,0.6,15.0,0.36,25.0,0.35,15.0,0.53,10.0,0.63,15.0,0.13,0.17,43.493197,1776210248000
1776210250.221,250.221,0.46,10.0,0.42,15.0,0.59,15.0,0.6,15.0,0.41,15.0,0.4,15.0,0.54,10.0,0.58,15.0,0.13,0.13,43.493191,1776210249000
1776210250.961,250.961,0.46,10.0,0.42,15.0,0.59,15.0,0.6,15.0,0.41,15.0,0.4,15.0,0.54,10.0,0.58,15.0,0.13,0.13,43.492563,1776210250000
1776210252.188,252.188,0.46,10.0,0.42,15.0,0.59,15.0,0.6,15.0,0.41,15.0,0.4,15.0,0.54,10.0,0.58,15.0,0.13,0.13,43.492545,1776210251000
1776210253.222,253.222,0.46,10.0,0.42,15.0,0.59,15.0,0.6,15.0,0.41,15.0,0.4,15.0,0.54,10.0,0.58,15.0,0.13,0.13,43.492948,1776210252000
1776210254.429,254.429,0.46,10.0,0.42,15.0,0.59,15.0,0.6,15.0,0.41,15.0,0.4,15.0,0.54,10.0,0.58,15.0,0.13,0.13,43.493103,1776210253000
1776210255.141,255.141,0.46,10.0,0.42,15.0,0.59,15.0,0.6,15.0,0.41,15.0,0.4,15.0,0.54,10.0,0.58,15.0,0.13,0.13,43.493103,1776210254000
1776210256.088,256.088,0.46,10.0,0.42,15.0,0.59,15.0,0.6,15.0,0.41,15.0,0.4,15.0,0.54,10.0,0.58,15.0,0.13,0.13,43.492032,1776210255000
1776210257.205,257.205,0.46,10.0,0.42,15.0,0.59,15.0,0.6,15.0,0.41,15.0,0.4,15.0,0.54,10.0,0.58,15.0,0.13,0.13,43.489785,1776210256000
1776210258.286,258.286,0.46,10.0,0.42,15.0,0.59,15.0,0.6,15.0,0.41,15.0,0.4,15.0,0.54,10.0,0.58,15.0,0.13,0.13,43.486181,1776210257000
1776210259.414,259.414,0.46,10.0,0.42,15.0,0.59,15.0,0.6,15.0,0.41,15.0,0.4,15.0,0.54,10.0,0.58,15.0,0.13,0.13,43.480874,1776210258000
1776210260.043,260.043,0.46,10.0,0.42,15.0,0.59,15.0,0.6,15.0,0.41,15.0,0.4,15.0,0.54,10.0,0.58,15.0,0.13,0.13,43.480874,1776210259000
1776210261.1,261.1,0.46,10.0,0.42,15.0,0.59,15.0,0.6,15.0,0.41,15.0,0.4,15.0,0.54,10.0,0.58,15.0,0.13,0.13,43.479896,1776210260000
1776210261.465,261.465,0.31,15.0,0.3,15.0,0.44,18.0,0.46,10.0,0.41,15.0,0.4,15.0,0.54,10.0,0.58,15.0,0.13,0.13,43.479896,1776210260000
1776210262.242,262.242,0.31,15.0,0.3,15.0,0.44,18.0,0.46,10.0,0.56,18.0,0.54,10.0,0.69,15.0,0.7,15.0,0.13,0.13,43.478806,1776210261000
1776210263.283,263.283,0.31,15.0,0.3,15.0,0.44,18.0,0.46,10.0,0.56,18.0,0.54,10.0,0.69,15.0,0.7,15.0,0.13,0.13,43.477966,1776210262000
1776210264.383,264.383,0.31,15.0,0.3,15.0,0.44,18.0,0.46,10.0,0.56,18.0,0.54,10.0,0.69,15.0,0.7,15.0,0.13,0.13,43.477745,1776210263000
1776210265.443,265.443,0.31,15.0,0.3,15.0,0.44,18.0,0.46,10.0,0.56,18.0,0.54,10.0,0.69,15.0,0.7,15.0,0.13,0.13,43.4779,1776210264000
1776210265.92,265.92,0.31,15.0,0.3,15.0,0.44,18.0,0.46,10.0,0.56,18.0,0.54,10.0,0.69,15.0,0.7,15.0,0.13,0.13,43.4779,1776210265000
1776210267.074,267.074,0.31,15.0,0.3,15.0,0.44,18.0,0.46,10.0,0.56,18.0,0.54,10.0,0.69,15.0,0.7,15.0,0.13,0.13,43.477846,1776210266000
1776210268.177,268.177,0.31,15.0,0.3,15.0,0.44,18.0,0.46,10.0,0.56,18.0,0.54,10.0,0.69,15.0,0.7,15.0,0.13,0.13,43.477967,1776210267000
1776210269.218,269.218,0.31,15.0,0.3,15.0,0.44,18.0,0.46,10.0,0.56,18.0,0.54,10.0,0.69,15.0,0.7,15.0,0.13,0.13,43.479036,1776210268000
1776210270.321,270.321,0.31,15.0,0.3,15.0,0.44,18.0,0.46,10.0,0.56,18.0,0.54,10.0,0.69,15.0,0.7,15.0,0.13,0.13,43.479021,1776210269000
1776210272.435,272.435,0.31,15.0,0.3,15.0,0.44,18.0,0.46,10.0,0.56,18.0,0.54,10.0,0.69,15.0,0.7,15.0,0.13,0.13,43.479159,1776210271000
1776210273.052,273.052,0.31,15.0,0.3,15.0,0.44,18.0,0.46,10.0,0.56,18.0,0.54,10.0,0.69,15.0,0.7,15.0,0.13,0.13,43.479111,1776210272000
1776210274.371,274.371,0.31,15.0,0.3,15.0,0.44,18.0,0.46,10.0,0.56,18.0,0.54,10.0,0.69,15.0,0.7,15.0,0.13,0.13,43.479115,1776210273000
1776210275.146,275.146,0.31,15.0,0.3,15.0,0.44,18.0,0.46,10.0,0.56,18.0,0.54,10.0,0.69,15.0,0.7,15.0,0.13,0.13,43.479115,1776210274000
1776210276.582,276.582,0.31,15.0,0.3,15.0,0.44,18.0,0.46,10.0,0.56,18.0,0.54,10.0,0.69,15.0,0.7,15.0,0.13,0.13,43.478054,1776210275000
1776210277.182,277.182,0.31,15.0,0.3,15.0,0.44,18.0,0.46,10.0,0.56,18.0,0.54,10.0,0.69,15.0,0.7,15.0,0.13,0.13,43.478016,1776210276000
1776210278.572,278.572,0.31,15.0,0.3,15.0,0.44,18.0,0.46,10.0,0.56,18.0,0.54,10.0,0.69,15.0,0.7,15.0,0.13,0.13,43.477674,1776210277000
1776210279.263,279.263,0.31,15.0,0.3,15.0,0.44,18.0,0.46,10.0,0.56,18.0,0.54,10.0,0.69,15.0,0.7,15.0,0.13,0.13,43.477674,1776210278000
1776210280.571,280.571,0.31,15.0,0.3,15.0,0.44,18.0,0.46,10.0,0.56,18.0,0.54,10.0,0.69,15.0,0.7,15.0,0.13,0.13,43.477436,1776210279000
1776210281.253,281.253,0.31,15.0,0.3,15.0,0.44,18.0,0.46,10.0,0.56,18.0,0.54,10.0,0.69,15.0,0.7,15.0,0.13,0.13,43.477436,1776210280000
1776210282.519,282.519,0.31,15.0,0.3,15.0,0.44,18.0,0.46,10.0,0.56,18.0,0.54,10.0,0.69,15.0,0.7,15.0,0.13,0.13,43.477436,1776210281000
1776210283.351,283.351,0.31,15.0,0.3,15.0,0.44,18.0,0.46,10.0,0.56,18.0,0.54,10.0,0.69,15.0,0.7,15.0,0.13,0.13,43.477173,1776210282000
1776210284.618,284.618,0.31,15.0,0.3,15.0,0.44,18.0,0.46,10.0,0.56,18.0,0.54,10.0,0.69,15.0,0.7,15.0,0.13,0.13,43.476188,1776210283000
1776210285.282,285.282,0.31,15.0,0.3,15.0,0.44,18.0,0.46,10.0,0.56,18.0,0.54,10.0,0.69,15.0,0.7,15.0,0.13,0.13,43.476188,1776210284000
1776210286.511,286.511,0.31,15.0,0.3,15.0,0.44,18.0,0.46,10.0,0.56,18.0,0.54,10.0,0.69,15.0,0.7,15.0,0.13,0.13,43.475997,1776210285000
1776210287.51,287.51,0.31,15.0,0.3,15.0,0.44,18.0,0.46,10.0,0.56,18.0,0.54,10.0,0.69,15.0,0.7,15.0,0.13,0.13,43.475997,1776210286000
1776210288.004,288.004,0.31,15.0,0.3,15.0,0.44,18.0,0.46,10.0,0.56,18.0,0.54,10.0,0.69,15.0,0.7,15.0,0.13,0.13,43.475997,1776210287000
1776210288.964,288.964,0.31,15.0,0.3,15.0,0.44,18.0,0.46,10.0,0.56,18.0,0.54,10.0,0.69,15.0,0.7,15.0,0.13,0.13,43.476505,1776210288000
1776210289.732,289.732,0.02,75.41,0.01,190.0,0.24,10.0,0.9,100.0,0.56,18.0,0.54,10.0,0.69,15.0,0.7,15.0,0.22,0.13,43.476505,1776210288000
1776210289.968,289.968,0.02,75.41,0.01,190.0,0.24,10.0,0.9,100.0,0.76,10.0,0.1,100.0,0.98,75.41,0.99,190.0,0.22,0.22,43.476405,1776210289000
1776210290.627,290.627,0.4,10.0,0.02,75.41,0.57,3.05,0.9,100.0,0.76,10.0,0.1,100.0,0.98,75.41,0.99,190.0,0.17,0.22,43.476405,1776210289000
1776210291.047,291.047,0.4,10.0,0.02,75.41,0.57,3.05,0.9,100.0,0.43,3.05,0.1,100.0,0.6,10.0,0.98,75.41,0.17,0.17,43.476063,1776210290000
1776210291.353,291.353,0.02,73.69,0.01,190.0,0.9,100.0,0.96,5.0,0.43,3.05,0.1,100.0,0.6,10.0,0.98,75.41,0.88,0.17,43.476063,1776210290000
1776210292.012,292.012,0.02,73.69,0.01,190.0,0.9,100.0,0.96,5.0,0.1,100.0,0.04,5.0,0.98,73.69,0.99,190.0,0.88,0.88,43.476056,1776210291000
1776210292.951,292.951,0.69,10.0,0.45,6.66,0.85,96.5,0.86,10.0,0.15,96.5,0.14,10.0,0.31,10.0,0.55,6.66,0.16,0.16,43.483926,1776210292000
1776210293.969,293.969,0.69,10.0,0.45,6.66,0.85,96.5,0.86,10.0,0.15,96.5,0.14,10.0,0.31,10.0,0.55,6.66,0.16,0.16,43.484892,1776210293000
1776210294.963,294.963,0.69,10.0,0.45,6.66,0.85,96.5,0.86,10.0,0.15,96.5,0.14,10.0,0.31,10.0,0.55,6.66,0.16,0.16,43.48576,1776210294000
1776210295.964,295.964,0.69,10.0,0.45,6.66,0.85,96.5,0.86,10.0,0.15,96.5,0.14,10.0,0.31,10.0,0.55,6.66,0.16,0.16,43.486796,1776210295000
1776210296.294,296.294,0.1,23.57,0.05,67.0,0.7,6.66,0.9,25.0,0.15,96.5,0.14,10.0,0.31,10.0,0.55,6.66,0.6,0.16,43.486796,1776210295000
1776210296.958,296.958,0.1,23.57,0.05,67.0,0.9,25.0,0.95,20.0,0.1,25.0,0.05,20.0,0.9,23.57,0.95,67.0,0.8,0.8,43.487617,1776210296000
1776210297.416,297.416,0.8,10.0,0.1,23.57,0.9,23.78,0.95,20.0,0.1,25.0,0.05,20.0,0.9,23.57,0.95,67.0,0.1,0.8,43.487617,1776210296000
1776210297.783,297.783,0.76,10.0,0.1,23.57,0.9,11.66,0.93,14.28,0.1,12.78,0.05,20.0,0.2,10.0,0.9,23.57,0.14,0.1,43.487617,1776210296000
1776210298.271,298.271,0.11,68.99,0.1,22.82,0.28,10.86,0.9,11.66,0.1,11.66,0.06,16.66,0.9,22.82,0.95,67.0,0.17,0.8,43.490561,1776210297000
1776210298.48,298.48,0.28,20.86,0.11,65.65,0.89,19.78,0.9,11.66,0.11,21.0,0.1,11.66,0.89,65.65,0.9,22.82,0.61,0.78,43.490561,1776210297000
1776210298.912,298.912,0.12,57.78,0.1,22.82,0.89,8.65,0.9,11.66,0.11,8.65,0.1,11.66,0.88,57.78,0.9,22.82,0.77,0.77,43.490561,1776210298000
1776210299.187,299.187,0.55,3.73,0.5,123.52,0.69,7.6,0.71,10.0,0.29,10.0,0.21,10.0,0.45,3.73,0.5,123.52,0.14,0.16,43.490561,1776210298000
1776210299.393,299.393,0.5,109.25,0.43,5.0,0.8,20.64,0.85,15.0,0.2,22.04,0.15,15.0,0.5,109.25,0.57,5.0,0.3,0.3,43.490561,1776210298000
1776210299.92,299.92,0.44,8.09,0.43,5.0,0.6,10.0,0.65,15.0,0.2,20.64,0.15,15.0,0.57,5.0,0.89,68.99,0.16,0.37,43.490561,1776210298000
1776210300.353,300.353,0.55,3.0,0.45,22.0,0.6,8.0,0.65,15.0,0.4,8.0,0.35,15.0,0.56,3.09,0.57,5.0,0.05,0.16,43.490561,1776210298000
1776210300.615,300.615,0.55,8.0,0.5,5.0,0.65,15.0,0.8,20.64,0.4,3.0,0.35,15.0,0.45,8.0,0.5,5.0,0.1,0.05,43.486526,1776210299000
1776210300.847,300.847,0.2,14.83,0.1,37.82,0.65,10.0,0.8,20.64,0.35,10.0,0.2,20.64,0.7,18.93,0.8,28.0,0.45,0.35,43.486526,1776210299000

# RESULT,winner=Down,slug=hype-updown-5m-1776210000,ticks=314
