timestamp,elapsed_sec,up_bid_p1,up_bid_s1,up_bid_p2,up_bid_s2,up_ask_p1,up_ask_s1,up_ask_p2,up_ask_s2,down_bid_p1,down_bid_s1,down_bid_p2,down_bid_s2,down_ask_p1,down_ask_s1,down_ask_p2,down_ask_s2,up_spread,down_spread,hype_price,hype_oracle_ts
1776216611.285,11.285,,,,,,,,,,,,,,,,,,,44.164049,1776216610000
1776216611.727,11.727,0.57,10.0,0.45,5.0,0.69,5.0,0.7,5.0,0.31,5.0,0.3,5.0,0.43,10.0,0.55,5.0,0.12,0.12,44.164049,1776216610000
1776216612.577,12.577,0.57,10.0,0.45,5.0,0.69,5.0,0.7,5.0,0.31,5.0,0.3,5.0,0.43,10.0,0.55,5.0,0.12,0.12,44.165411,1776216611000
1776216613.133,13.133,0.57,10.0,0.45,5.0,0.69,5.0,0.7,5.0,0.31,5.0,0.3,5.0,0.43,10.0,0.55,5.0,0.12,0.12,44.165411,1776216612000
1776216614.975,14.975,0.57,10.0,0.45,5.0,0.69,5.0,0.7,5.0,0.31,5.0,0.3,5.0,0.43,10.0,0.55,5.0,0.12,0.12,44.165859,1776216613000
1776216615.718,15.718,0.57,10.0,0.45,5.0,0.69,5.0,0.7,5.0,0.31,5.0,0.3,5.0,0.43,10.0,0.55,5.0,0.12,0.12,44.165859,1776216614000
1776216616.416,16.416,0.57,10.0,0.45,5.0,0.69,5.0,0.7,5.0,0.31,5.0,0.3,5.0,0.43,10.0,0.55,5.0,0.12,0.12,44.166786,1776216615000
1776216617.09,17.09,0.57,10.0,0.45,5.0,0.69,5.0,0.7,5.0,0.31,5.0,0.3,5.0,0.43,10.0,0.55,5.0,0.12,0.12,44.176005,1776216616000
1776216617.473,17.473,0.53,39.0,0.52,5.0,0.56,86.73,0.77,5.0,0.44,96.73,0.23,5.0,0.47,5.0,0.48,25.0,0.03,0.03,44.176005,1776216616000
1776216617.829,17.829,0.53,39.0,0.52,5.0,0.56,76.73,0.75,10.0,0.44,86.73,0.23,5.0,0.47,39.0,0.48,5.0,0.03,0.03,44.176005,1776216616000
1776216618.41,18.41,0.53,39.0,0.52,5.0,0.56,76.73,0.75,10.0,0.44,76.73,0.25,10.0,0.47,39.0,0.48,5.0,0.03,0.03,44.181613,1776216617000
1776216619.22,19.22,0.53,39.0,0.52,5.0,0.56,76.73,0.75,10.0,0.44,76.73,0.25,10.0,0.47,39.0,0.48,5.0,0.03,0.03,44.182671,1776216618000
1776216620.657,20.657,0.53,39.0,0.52,5.0,0.56,76.73,0.75,10.0,0.44,76.73,0.25,10.0,0.47,39.0,0.48,5.0,0.03,0.03,44.185777,1776216619000
1776216621.262,21.262,0.53,39.0,0.52,5.0,0.56,76.73,0.75,10.0,0.44,76.73,0.25,10.0,0.47,39.0,0.48,5.0,0.03,0.03,44.186147,1776216620000
1776216622.644,22.644,0.53,39.0,0.52,5.0,0.56,76.73,0.75,10.0,0.44,76.73,0.25,10.0,0.47,39.0,0.48,5.0,0.03,0.03,44.186197,1776216621000
1776216623.422,23.422,0.53,39.0,0.52,5.0,0.56,76.73,0.75,10.0,0.44,76.73,0.25,10.0,0.47,39.0,0.48,5.0,0.03,0.03,44.186182,1776216622000
1776216624.575,24.575,0.53,39.0,0.52,5.0,0.56,76.73,0.75,10.0,0.44,76.73,0.25,10.0,0.47,39.0,0.48,5.0,0.03,0.03,44.18562,1776216623000
1776216625.241,25.241,0.53,39.0,0.52,5.0,0.56,76.73,0.75,10.0,0.44,76.73,0.25,10.0,0.47,39.0,0.48,5.0,0.03,0.03,44.185344,1776216624000
1776216626.365,26.365,0.53,39.0,0.52,5.0,0.56,76.73,0.75,10.0,0.44,76.73,0.25,10.0,0.47,39.0,0.48,5.0,0.03,0.03,44.185481,1776216625000
1776216627.247,27.247,0.53,39.0,0.52,5.0,0.56,76.73,0.75,10.0,0.44,76.73,0.25,10.0,0.47,39.0,0.48,5.0,0.03,0.03,44.185271,1776216626000
1776216628.432,28.432,0.53,39.0,0.52,5.0,0.56,76.73,0.75,10.0,0.44,76.73,0.25,10.0,0.47,39.0,0.48,5.0,0.03,0.03,44.184263,1776216627000
1776216629.099,29.099,0.53,39.0,0.52,5.0,0.56,76.73,0.75,10.0,0.44,76.73,0.25,10.0,0.47,39.0,0.48,5.0,0.03,0.03,44.184263,1776216628000
1776216630.086,30.086,0.53,39.0,0.52,5.0,0.56,76.73,0.75,10.0,0.44,76.73,0.25,10.0,0.47,39.0,0.48,5.0,0.03,0.03,44.184168,1776216629000
1776216631.273,31.273,0.53,39.0,0.52,5.0,0.56,76.73,0.75,10.0,0.44,76.73,0.25,10.0,0.47,39.0,0.48,5.0,0.03,0.03,44.178913,1776216630000
1776216632.565,32.565,0.53,39.0,0.52,5.0,0.56,76.73,0.75,10.0,0.44,76.73,0.25,10.0,0.47,39.0,0.48,5.0,0.03,0.03,44.178232,1776216631000
1776216633.572,33.572,0.53,39.0,0.52,5.0,0.56,76.73,0.75,10.0,0.44,76.73,0.25,10.0,0.47,39.0,0.48,5.0,0.03,0.03,44.178232,1776216632000
1776216634.286,34.286,0.53,39.0,0.52,5.0,0.56,76.73,0.75,10.0,0.44,76.73,0.25,10.0,0.47,39.0,0.48,5.0,0.03,0.03,44.178395,1776216633000
1776216635.625,35.625,0.53,39.0,0.52,5.0,0.56,76.73,0.75,10.0,0.44,76.73,0.25,10.0,0.47,39.0,0.48,5.0,0.03,0.03,44.174768,1776216634000
1776216636.33,36.33,0.53,39.0,0.52,5.0,0.56,76.73,0.75,10.0,0.44,76.73,0.25,10.0,0.47,39.0,0.48,5.0,0.03,0.03,44.173288,1776216635000
1776216637.542,37.542,0.53,39.0,0.52,5.0,0.56,76.73,0.75,10.0,0.44,76.73,0.25,10.0,0.47,39.0,0.48,5.0,0.03,0.03,44.172112,1776216636000
1776216638.235,38.235,0.53,39.0,0.52,5.0,0.56,76.73,0.75,10.0,0.44,76.73,0.25,10.0,0.47,39.0,0.48,5.0,0.03,0.03,44.172112,1776216637000
1776216639.396,39.396,0.53,39.0,0.52,5.0,0.56,76.73,0.75,10.0,0.44,76.73,0.25,10.0,0.47,39.0,0.48,5.0,0.03,0.03,44.172464,1776216638000
1776216640.008,40.008,0.53,39.0,0.52,5.0,0.56,76.73,0.75,10.0,0.44,76.73,0.25,10.0,0.47,39.0,0.48,5.0,0.03,0.03,44.17222,1776216639000
1776216640.929,40.929,0.53,39.0,0.52,5.0,0.56,76.73,0.75,10.0,0.44,76.73,0.25,10.0,0.47,39.0,0.48,5.0,0.03,0.03,44.172369,1776216640000
1776216641.991,41.991,0.53,39.0,0.52,5.0,0.56,76.73,0.75,10.0,0.44,76.73,0.25,10.0,0.47,39.0,0.48,5.0,0.03,0.03,44.170714,1776216641000
1776216643.036,43.036,0.53,39.0,0.52,5.0,0.56,76.73,0.75,10.0,0.44,76.73,0.25,10.0,0.47,39.0,0.48,5.0,0.03,0.03,44.170234,1776216642000
1776216644.058,44.058,0.53,39.0,0.52,5.0,0.56,76.73,0.75,10.0,0.44,76.73,0.25,10.0,0.47,39.0,0.48,5.0,0.03,0.03,44.168432,1776216643000
1776216645.067,45.067,0.53,39.0,0.52,5.0,0.56,76.73,0.75,10.0,0.44,76.73,0.25,10.0,0.47,39.0,0.48,5.0,0.03,0.03,44.1683,1776216644000
1776216646.099,46.099,0.53,39.0,0.52,5.0,0.56,76.73,0.75,10.0,0.44,76.73,0.25,10.0,0.47,39.0,0.48,5.0,0.03,0.03,44.168183,1776216645000
1776216647.2,47.2,0.53,39.0,0.52,5.0,0.56,76.73,0.75,10.0,0.44,76.73,0.25,10.0,0.47,39.0,0.48,5.0,0.03,0.03,44.168024,1776216646000
1776216648.216,48.216,0.53,39.0,0.52,5.0,0.56,76.73,0.75,10.0,0.44,76.73,0.25,10.0,0.47,39.0,0.48,5.0,0.03,0.03,44.168312,1776216647000
1776216649.23,49.23,0.53,39.0,0.52,5.0,0.56,76.73,0.75,10.0,0.44,76.73,0.25,10.0,0.47,39.0,0.48,5.0,0.03,0.03,44.16878,1776216648000
1776216650.364,50.364,0.53,39.0,0.52,5.0,0.56,76.73,0.75,10.0,0.44,76.73,0.25,10.0,0.47,39.0,0.48,5.0,0.03,0.03,44.167506,1776216649000
1776216650.906,50.906,0.53,39.0,0.52,5.0,0.56,76.73,0.75,10.0,0.44,76.73,0.25,10.0,0.47,39.0,0.48,5.0,0.03,0.03,44.167544,1776216650000
1776216651.995,51.995,0.53,39.0,0.52,5.0,0.56,76.73,0.75,10.0,0.44,76.73,0.25,10.0,0.47,39.0,0.48,5.0,0.03,0.03,44.167516,1776216651000
1776216653.015,53.015,0.53,39.0,0.52,5.0,0.56,76.73,0.75,10.0,0.44,76.73,0.25,10.0,0.47,39.0,0.48,5.0,0.03,0.03,44.167326,1776216652000
1776216654.897,54.897,0.53,39.0,0.52,5.0,0.56,76.73,0.75,10.0,0.44,76.73,0.25,10.0,0.47,39.0,0.48,5.0,0.03,0.03,44.168354,1776216653000
1776216655.325,55.325,0.53,39.0,0.52,5.0,0.56,76.73,0.75,10.0,0.44,76.73,0.25,10.0,0.47,39.0,0.48,5.0,0.03,0.03,44.168354,1776216654000
1776216655.983,55.983,0.53,39.0,0.52,5.0,0.56,76.73,0.75,10.0,0.44,76.73,0.25,10.0,0.47,39.0,0.48,5.0,0.03,0.03,44.168287,1776216655000
1776216657.09,57.09,0.53,39.0,0.52,5.0,0.56,76.73,0.75,10.0,0.44,76.73,0.25,10.0,0.47,39.0,0.48,5.0,0.03,0.03,44.168118,1776216656000
1776216658.335,58.335,0.53,39.0,0.52,5.0,0.56,76.73,0.75,10.0,0.44,76.73,0.25,10.0,0.47,39.0,0.48,5.0,0.03,0.03,44.167979,1776216657000
1776216659.453,59.453,0.53,39.0,0.52,5.0,0.56,76.73,0.75,10.0,0.44,76.73,0.25,10.0,0.47,39.0,0.48,5.0,0.03,0.03,44.167621,1776216658000
1776216660.02,60.02,0.53,39.0,0.52,5.0,0.56,76.73,0.75,10.0,0.44,76.73,0.25,10.0,0.47,39.0,0.48,5.0,0.03,0.03,44.167621,1776216659000
1776216661.4,61.4,0.53,39.0,0.52,5.0,0.56,76.73,0.75,10.0,0.44,76.73,0.25,10.0,0.47,39.0,0.48,5.0,0.03,0.03,44.167697,1776216660000
1776216662.011,62.011,0.53,39.0,0.52,5.0,0.56,76.73,0.75,10.0,0.44,76.73,0.25,10.0,0.47,39.0,0.48,5.0,0.03,0.03,44.167695,1776216661000
1776216663.191,63.191,0.53,39.0,0.52,5.0,0.56,76.73,0.75,10.0,0.44,76.73,0.25,10.0,0.47,39.0,0.48,5.0,0.03,0.03,44.167454,1776216662000
1776216664.266,64.266,0.53,39.0,0.52,5.0,0.56,76.73,0.75,10.0,0.44,76.73,0.25,10.0,0.47,39.0,0.48,5.0,0.03,0.03,44.168153,1776216663000
1776216672.617,72.617,0.53,39.0,0.52,5.0,0.56,76.73,0.75,10.0,0.44,76.73,0.25,10.0,0.47,39.0,0.48,5.0,0.03,0.03,44.17168,1776216671000
1776216673.138,73.138,0.53,39.0,0.52,5.0,0.56,76.73,0.75,10.0,0.44,76.73,0.25,10.0,0.47,39.0,0.48,5.0,0.03,0.03,44.170612,1776216672000
1776216674.461,74.461,0.53,39.0,0.52,5.0,0.56,76.73,0.75,10.0,0.44,76.73,0.25,10.0,0.47,39.0,0.48,5.0,0.03,0.03,44.168957,1776216673000
1776216675.266,75.266,0.53,39.0,0.52,5.0,0.56,76.73,0.75,10.0,0.44,76.73,0.25,10.0,0.47,39.0,0.48,5.0,0.03,0.03,44.170501,1776216674000
1776216676.565,76.565,0.53,39.0,0.52,5.0,0.56,76.73,0.75,10.0,0.44,76.73,0.25,10.0,0.47,39.0,0.48,5.0,0.03,0.03,44.171428,1776216675000
1776216677.235,77.235,0.53,39.0,0.52,5.0,0.56,76.73,0.75,10.0,0.44,76.73,0.25,10.0,0.47,39.0,0.48,5.0,0.03,0.03,44.17829,1776216676000
1776216678.507,78.507,0.53,39.0,0.52,5.0,0.56,76.73,0.75,10.0,0.44,76.73,0.25,10.0,0.47,39.0,0.48,5.0,0.03,0.03,44.186533,1776216677000
1776216679.286,79.286,0.53,39.0,0.52,5.0,0.56,76.73,0.75,10.0,0.44,76.73,0.25,10.0,0.47,39.0,0.48,5.0,0.03,0.03,44.188651,1776216678000
1776216680.726,80.726,0.53,39.0,0.52,5.0,0.56,76.73,0.75,10.0,0.44,76.73,0.25,10.0,0.47,39.0,0.48,5.0,0.03,0.03,44.188911,1776216679000
1776216681.495,81.495,0.53,39.0,0.52,5.0,0.56,76.73,0.75,10.0,0.44,76.73,0.25,10.0,0.47,39.0,0.48,5.0,0.03,0.03,44.191166,1776216680000
1776216682.197,82.197,0.53,39.0,0.52,5.0,0.56,76.73,0.75,10.0,0.44,76.73,0.25,10.0,0.47,39.0,0.48,5.0,0.03,0.03,44.191536,1776216681000
1776216683.643,83.643,0.53,39.0,0.52,5.0,0.56,76.73,0.75,10.0,0.44,76.73,0.25,10.0,0.47,39.0,0.48,5.0,0.03,0.03,44.191584,1776216682000
1776216684.466,84.466,0.53,39.0,0.52,5.0,0.56,76.73,0.75,10.0,0.44,76.73,0.25,10.0,0.47,39.0,0.48,5.0,0.03,0.03,44.192118,1776216683000
1776216685.145,85.145,0.53,39.0,0.52,5.0,0.56,76.73,0.75,10.0,0.44,76.73,0.25,10.0,0.47,39.0,0.48,5.0,0.03,0.03,44.192525,1776216684000
1776216686.554,86.554,0.53,39.0,0.52,5.0,0.56,76.73,0.75,10.0,0.44,76.73,0.25,10.0,0.47,39.0,0.48,5.0,0.03,0.03,44.192345,1776216685000
1776216687.356,87.356,0.53,39.0,0.52,5.0,0.56,76.73,0.75,10.0,0.44,76.73,0.25,10.0,0.47,39.0,0.48,5.0,0.03,0.03,44.192302,1776216686000
1776216688.255,88.255,0.53,39.0,0.52,5.0,0.56,76.73,0.75,10.0,0.44,76.73,0.25,10.0,0.47,39.0,0.48,5.0,0.03,0.03,44.192302,1776216687000
1776216689.23,89.23,0.57,28.0,0.54,20.0,0.67,10.0,0.68,15.0,0.44,76.73,0.25,10.0,0.47,39.0,0.48,5.0,0.1,0.03,44.192302,1776216687000
1776216689.955,89.955,0.57,28.0,0.54,20.0,0.67,10.0,0.68,15.0,0.33,10.0,0.32,15.0,0.43,28.0,0.46,20.0,0.1,0.1,44.192302,1776216689000
1776216690.992,90.992,0.57,28.0,0.54,20.0,0.67,10.0,0.68,15.0,0.33,10.0,0.32,15.0,0.43,28.0,0.46,20.0,0.1,0.1,44.192319,1776216690000
1776216692.108,92.108,0.57,28.0,0.54,20.0,0.67,10.0,0.68,15.0,0.33,10.0,0.32,15.0,0.43,28.0,0.46,20.0,0.1,0.1,44.191713,1776216691000
1776216693.296,93.296,0.57,28.0,0.54,20.0,0.67,10.0,0.68,15.0,0.33,10.0,0.32,15.0,0.43,28.0,0.46,20.0,0.1,0.1,44.192224,1776216692000
1776216694.308,94.308,0.57,28.0,0.54,20.0,0.67,10.0,0.68,15.0,0.33,10.0,0.32,15.0,0.43,28.0,0.46,20.0,0.1,0.1,44.192292,1776216693000
1776216695.351,95.351,0.57,28.0,0.54,20.0,0.67,10.0,0.68,15.0,0.33,10.0,0.32,15.0,0.43,28.0,0.46,20.0,0.1,0.1,44.192063,1776216694000
1776216695.941,95.941,0.57,28.0,0.54,20.0,0.67,10.0,0.68,15.0,0.33,10.0,0.32,15.0,0.43,28.0,0.46,20.0,0.1,0.1,44.192063,1776216695000
1776216697.179,97.179,0.57,28.0,0.54,20.0,0.67,10.0,0.68,15.0,0.33,10.0,0.32,15.0,0.43,28.0,0.46,20.0,0.1,0.1,44.192254,1776216696000
1776216698.238,98.238,0.57,28.0,0.54,20.0,0.67,10.0,0.68,15.0,0.33,10.0,0.32,15.0,0.43,28.0,0.46,20.0,0.1,0.1,44.192253,1776216697000
1776216699.297,99.297,0.57,28.0,0.54,20.0,0.67,10.0,0.68,15.0,0.33,10.0,0.32,15.0,0.43,28.0,0.46,20.0,0.1,0.1,44.192253,1776216698000
1776216700.471,100.471,0.57,28.0,0.54,20.0,0.67,10.0,0.68,15.0,0.33,10.0,0.32,15.0,0.43,28.0,0.46,20.0,0.1,0.1,44.192384,1776216699000
1776216700.93,100.93,0.57,28.0,0.54,20.0,0.67,10.0,0.68,15.0,0.33,10.0,0.32,15.0,0.43,28.0,0.46,20.0,0.1,0.1,44.192237,1776216700000
1776216702.607,102.607,0.57,28.0,0.54,20.0,0.67,10.0,0.68,15.0,0.33,10.0,0.32,15.0,0.43,28.0,0.46,20.0,0.1,0.1,44.191569,1776216701000
1776216703.129,103.129,0.57,28.0,0.54,20.0,0.67,10.0,0.68,15.0,0.33,10.0,0.32,15.0,0.43,28.0,0.46,20.0,0.1,0.1,44.188489,1776216702000
1776216704.177,104.177,0.57,28.0,0.54,20.0,0.67,10.0,0.68,15.0,0.33,10.0,0.32,15.0,0.43,28.0,0.46,20.0,0.1,0.1,44.188307,1776216703000
1776216705.297,105.297,0.57,28.0,0.54,20.0,0.67,10.0,0.68,15.0,0.33,10.0,0.32,15.0,0.43,28.0,0.46,20.0,0.1,0.1,44.188379,1776216704000
1776216706.249,106.249,0.57,28.0,0.54,20.0,0.67,10.0,0.68,15.0,0.33,10.0,0.32,15.0,0.43,28.0,0.46,20.0,0.1,0.1,44.188685,1776216705000
1776216707.296,107.296,0.57,28.0,0.54,20.0,0.67,10.0,0.68,15.0,0.33,10.0,0.32,15.0,0.43,28.0,0.46,20.0,0.1,0.1,44.188831,1776216706000
1776216707.912,107.912,0.57,28.0,0.54,20.0,0.67,10.0,0.68,15.0,0.33,10.0,0.32,15.0,0.43,28.0,0.46,20.0,0.1,0.1,44.188831,1776216707000
1776216709.047,109.047,0.57,28.0,0.54,20.0,0.67,10.0,0.68,15.0,0.33,10.0,0.32,15.0,0.43,28.0,0.46,20.0,0.1,0.1,44.188927,1776216708000
1776216709.935,109.935,0.57,28.0,0.54,20.0,0.67,10.0,0.68,15.0,0.33,10.0,0.32,15.0,0.43,28.0,0.46,20.0,0.1,0.1,44.188847,1776216709000
1776216711.056,111.056,0.57,28.0,0.54,20.0,0.67,10.0,0.68,15.0,0.33,10.0,0.32,15.0,0.43,28.0,0.46,20.0,0.1,0.1,44.188792,1776216710000
1776216712.165,112.165,0.57,28.0,0.54,20.0,0.67,10.0,0.68,15.0,0.33,10.0,0.32,15.0,0.43,28.0,0.46,20.0,0.1,0.1,44.188459,1776216711000
1776216713.219,113.219,0.57,28.0,0.54,20.0,0.67,10.0,0.68,15.0,0.33,10.0,0.32,15.0,0.43,28.0,0.46,20.0,0.1,0.1,44.187924,1776216712000
1776216714.363,114.363,0.57,28.0,0.54,20.0,0.67,10.0,0.68,15.0,0.33,10.0,0.32,15.0,0.43,28.0,0.46,20.0,0.1,0.1,44.187853,1776216713000
1776216714.861,114.861,0.57,28.0,0.54,20.0,0.67,10.0,0.68,15.0,0.33,10.0,0.32,15.0,0.43,28.0,0.46,20.0,0.1,0.1,44.187853,1776216714000
1776216715.146,115.146,0.57,28.0,0.54,5.0,0.66,15.0,0.67,15.0,0.33,10.0,0.32,15.0,0.43,28.0,0.46,20.0,0.09,0.1,44.187853,1776216714000
1776216716.479,116.479,0.57,28.0,0.54,5.0,0.66,15.0,0.67,15.0,0.34,15.0,0.33,15.0,0.43,28.0,0.46,5.0,0.09,0.09,44.186582,1776216715000
1776216717.033,117.033,0.57,28.0,0.54,5.0,0.66,15.0,0.67,15.0,0.34,15.0,0.33,15.0,0.43,28.0,0.46,5.0,0.09,0.09,44.185581,1776216716000
1776216718.123,118.123,0.57,28.0,0.54,5.0,0.66,15.0,0.67,15.0,0.34,15.0,0.33,15.0,0.43,28.0,0.46,5.0,0.09,0.09,44.185789,1776216717000
1776216719.182,119.182,0.57,28.0,0.54,5.0,0.66,15.0,0.67,15.0,0.34,15.0,0.33,15.0,0.43,28.0,0.46,5.0,0.09,0.09,44.186803,1776216718000
1776216720.271,120.271,0.57,28.0,0.54,5.0,0.66,15.0,0.67,15.0,0.34,15.0,0.33,15.0,0.43,28.0,0.46,5.0,0.09,0.09,44.187547,1776216719000
1776216721.305,121.305,0.57,28.0,0.54,5.0,0.66,15.0,0.67,15.0,0.34,15.0,0.33,15.0,0.43,28.0,0.46,5.0,0.09,0.09,44.187547,1776216720000
1776216722.428,122.428,0.57,28.0,0.54,5.0,0.66,15.0,0.67,15.0,0.34,15.0,0.33,15.0,0.43,28.0,0.46,5.0,0.09,0.09,44.187273,1776216721000
1776216723.001,123.001,0.57,28.0,0.54,5.0,0.66,15.0,0.67,15.0,0.34,15.0,0.33,15.0,0.43,28.0,0.46,5.0,0.09,0.09,44.187379,1776216722000
1776216724.134,124.134,0.57,28.0,0.54,5.0,0.66,15.0,0.67,15.0,0.34,15.0,0.33,15.0,0.43,28.0,0.46,5.0,0.09,0.09,44.187428,1776216723000
1776216724.36,124.36,0.57,28.0,0.51,15.0,0.64,5.62,0.65,15.0,0.36,10.31,0.35,15.0,0.43,28.0,0.49,15.0,0.07,0.07,44.187428,1776216723000
1776216725.154,125.154,0.57,28.0,0.51,15.0,0.64,0.93,0.65,15.0,0.36,0.93,0.35,15.0,0.43,28.0,0.49,15.0,0.07,0.07,44.187226,1776216724000
1776216725.404,125.404,0.57,28.0,0.52,15.0,0.66,15.0,0.67,15.0,0.36,0.93,0.35,15.0,0.43,28.0,0.49,15.0,0.09,0.07,44.187226,1776216724000
1776216726.163,126.163,0.57,28.0,0.52,15.0,0.66,15.0,0.67,15.0,0.34,15.0,0.33,15.0,0.43,28.0,0.48,15.0,0.09,0.09,44.185862,1776216725000
1776216727.186,127.186,0.57,28.0,0.52,15.0,0.66,15.0,0.67,15.0,0.34,15.0,0.33,15.0,0.43,28.0,0.48,15.0,0.09,0.09,44.186602,1776216726000
1776216728.303,128.303,0.57,28.0,0.52,15.0,0.66,15.0,0.67,15.0,0.34,15.0,0.33,15.0,0.43,28.0,0.48,15.0,0.09,0.09,44.186545,1776216727000
1776216729.275,129.275,0.57,28.0,0.52,15.0,0.66,15.0,0.67,15.0,0.34,15.0,0.33,15.0,0.43,28.0,0.48,15.0,0.09,0.09,44.186545,1776216728000
1776216730.481,130.481,0.57,28.0,0.52,15.0,0.66,15.0,0.67,15.0,0.34,15.0,0.33,15.0,0.43,28.0,0.48,15.0,0.09,0.09,44.186603,1776216729000
1776216731.162,131.162,0.57,28.0,0.52,15.0,0.66,15.0,0.67,15.0,0.34,15.0,0.33,15.0,0.43,28.0,0.48,15.0,0.09,0.09,44.188232,1776216730000
1776216732.349,132.349,0.57,28.0,0.52,15.0,0.66,15.0,0.67,15.0,0.34,15.0,0.33,15.0,0.43,28.0,0.48,15.0,0.09,0.09,44.189437,1776216731000
1776216732.967,132.967,0.57,28.0,0.52,15.0,0.66,15.0,0.67,15.0,0.34,15.0,0.33,15.0,0.43,28.0,0.48,15.0,0.09,0.09,44.189366,1776216732000
1776216734.211,134.211,0.57,28.0,0.52,15.0,0.66,15.0,0.67,15.0,0.34,15.0,0.33,15.0,0.43,28.0,0.48,15.0,0.09,0.09,44.188898,1776216733000
1776216735.313,135.313,0.57,28.0,0.52,15.0,0.66,15.0,0.67,15.0,0.34,15.0,0.33,15.0,0.43,28.0,0.48,15.0,0.09,0.09,44.189655,1776216734000
1776216735.932,135.932,0.57,28.0,0.52,15.0,0.66,15.0,0.67,15.0,0.34,15.0,0.33,15.0,0.43,28.0,0.48,15.0,0.09,0.09,44.189568,1776216735000
1776216737.056,137.056,0.57,28.0,0.52,15.0,0.66,15.0,0.67,15.0,0.34,15.0,0.33,15.0,0.43,28.0,0.48,15.0,0.09,0.09,44.190469,1776216736000
1776216738.25,138.25,0.57,28.0,0.52,15.0,0.66,15.0,0.67,15.0,0.34,15.0,0.33,15.0,0.43,28.0,0.48,15.0,0.09,0.09,44.190319,1776216737000
1776216739.363,139.363,0.57,28.0,0.52,15.0,0.66,15.0,0.67,15.0,0.34,15.0,0.33,15.0,0.43,28.0,0.48,15.0,0.09,0.09,44.190912,1776216738000
1776216739.866,139.866,0.57,28.0,0.52,15.0,0.66,15.0,0.67,15.0,0.34,15.0,0.33,15.0,0.43,28.0,0.48,15.0,0.09,0.09,44.192128,1776216739000
1776216740.952,140.952,0.57,28.0,0.52,15.0,0.66,15.0,0.67,15.0,0.34,15.0,0.33,15.0,0.43,28.0,0.48,15.0,0.09,0.09,44.192317,1776216740000
1776216742.003,142.003,0.57,28.0,0.52,15.0,0.66,15.0,0.67,15.0,0.34,15.0,0.33,15.0,0.43,28.0,0.48,15.0,0.09,0.09,44.192313,1776216741000
1776216743.121,143.121,0.57,28.0,0.52,15.0,0.66,15.0,0.67,15.0,0.34,15.0,0.33,15.0,0.43,28.0,0.48,15.0,0.09,0.09,44.192399,1776216742000
1776216744.208,144.208,0.57,28.0,0.52,15.0,0.66,15.0,0.67,15.0,0.34,15.0,0.33,15.0,0.43,28.0,0.48,15.0,0.09,0.09,44.197486,1776216743000
1776216745.351,145.351,0.57,28.0,0.52,15.0,0.66,15.0,0.67,15.0,0.34,15.0,0.33,15.0,0.43,28.0,0.48,15.0,0.09,0.09,44.198228,1776216744000
1776216746.041,146.041,0.57,28.0,0.52,15.0,0.66,15.0,0.67,15.0,0.34,15.0,0.33,15.0,0.43,28.0,0.48,15.0,0.09,0.09,44.198369,1776216745000
1776216747.603,147.603,0.57,28.0,0.52,15.0,0.66,15.0,0.67,15.0,0.34,15.0,0.33,15.0,0.43,28.0,0.48,15.0,0.09,0.09,44.199973,1776216746000
1776216748.237,148.237,0.57,28.0,0.52,15.0,0.66,15.0,0.67,15.0,0.34,15.0,0.33,15.0,0.43,28.0,0.48,15.0,0.09,0.09,44.198473,1776216747000
1776216749.355,149.355,0.57,28.0,0.52,15.0,0.66,15.0,0.67,15.0,0.34,15.0,0.33,15.0,0.43,28.0,0.48,15.0,0.09,0.09,44.197684,1776216748000
1776216750.042,150.042,0.57,28.0,0.52,15.0,0.66,15.0,0.67,15.0,0.34,15.0,0.33,15.0,0.43,28.0,0.48,15.0,0.09,0.09,44.197962,1776216749000
1776216751.168,151.168,0.57,28.0,0.52,15.0,0.66,15.0,0.67,15.0,0.34,15.0,0.33,15.0,0.43,28.0,0.48,15.0,0.09,0.09,44.197972,1776216750000
1776216751.835,151.835,0.68,16.0,0.67,15.0,0.79,5.87,0.8,15.0,0.34,15.0,0.33,15.0,0.43,28.0,0.48,15.0,0.11,0.09,44.197972,1776216750000
1776216752.324,152.324,0.68,16.0,0.67,15.0,0.79,5.87,0.8,15.0,0.21,5.87,0.2,15.0,0.32,16.0,0.33,15.0,0.11,0.11,44.198345,1776216751000
1776216752.852,152.852,0.68,16.0,0.67,15.0,0.79,5.87,0.8,15.0,0.21,5.87,0.2,15.0,0.32,16.0,0.33,15.0,0.11,0.11,44.198345,1776216752000
1776216753.961,153.961,0.68,16.0,0.67,15.0,0.79,5.87,0.8,15.0,0.21,5.87,0.2,15.0,0.32,16.0,0.33,15.0,0.11,0.11,44.199636,1776216753000
1776216755.073,155.073,0.68,16.0,0.67,15.0,0.79,5.87,0.8,15.0,0.21,5.87,0.2,15.0,0.32,16.0,0.33,15.0,0.11,0.11,44.200095,1776216754000
1776216756.16,156.16,0.68,16.0,0.67,15.0,0.79,5.87,0.8,15.0,0.21,5.87,0.2,15.0,0.32,16.0,0.33,15.0,0.11,0.11,44.197652,1776216755000
1776216757.382,157.382,0.68,16.0,0.67,15.0,0.79,5.87,0.8,15.0,0.21,5.87,0.2,15.0,0.32,16.0,0.33,15.0,0.11,0.11,44.196949,1776216756000
1776216757.869,157.869,0.68,16.0,0.67,15.0,0.79,5.87,0.8,15.0,0.21,5.87,0.2,15.0,0.32,16.0,0.33,15.0,0.11,0.11,44.197048,1776216757000
1776216758.319,158.319,0.68,16.0,0.61,15.0,0.76,15.0,0.77,15.0,0.21,5.87,0.2,15.0,0.32,16.0,0.33,15.0,0.08,0.11,44.197048,1776216757000
1776216759.073,159.073,0.68,16.0,0.61,15.0,0.76,15.0,0.77,15.0,0.24,15.0,0.23,15.0,0.32,16.0,0.39,15.0,0.08,0.08,44.197167,1776216758000
1776216760.69,160.69,0.68,16.0,0.61,15.0,0.76,15.0,0.77,15.0,0.24,15.0,0.23,15.0,0.32,16.0,0.39,15.0,0.08,0.08,44.195004,1776216759000
1776216761.512,161.512,0.68,16.0,0.61,15.0,0.76,15.0,0.77,15.0,0.24,15.0,0.23,15.0,0.32,16.0,0.39,15.0,0.08,0.08,44.195004,1776216760000
1776216761.802,161.802,0.68,16.0,0.61,15.0,0.76,15.0,0.77,15.0,0.24,15.0,0.23,15.0,0.32,16.0,0.39,15.0,0.08,0.08,44.195301,1776216761000
1776216762.304,162.304,0.68,16.0,0.63,15.0,0.76,15.0,0.77,15.0,0.24,15.0,0.23,15.0,0.32,16.0,0.39,15.0,0.08,0.08,44.195301,1776216761000
1776216763.503,163.503,0.68,16.0,0.63,15.0,0.76,15.0,0.77,15.0,0.24,15.0,0.23,15.0,0.32,16.0,0.37,15.0,0.08,0.08,44.195364,1776216762000
1776216764.153,164.153,0.68,16.0,0.63,15.0,0.76,15.0,0.77,15.0,0.24,15.0,0.23,15.0,0.32,16.0,0.37,15.0,0.08,0.08,44.195277,1776216763000
1776216765.125,165.125,0.68,16.0,0.63,15.0,0.76,15.0,0.77,15.0,0.24,15.0,0.23,15.0,0.32,16.0,0.37,15.0,0.08,0.08,44.195158,1776216764000
1776216766.17,166.17,0.68,16.0,0.63,15.0,0.76,15.0,0.77,15.0,0.24,15.0,0.23,15.0,0.32,16.0,0.37,15.0,0.08,0.08,44.195168,1776216765000
1776216767.133,167.133,0.68,16.0,0.63,15.0,0.76,15.0,0.77,15.0,0.24,15.0,0.23,15.0,0.32,16.0,0.37,15.0,0.08,0.08,44.195163,1776216766000
1776216768.086,168.086,0.68,16.0,0.63,15.0,0.76,15.0,0.77,15.0,0.24,15.0,0.23,15.0,0.32,16.0,0.37,15.0,0.08,0.08,44.195166,1776216767000
1776216769.061,169.061,0.68,16.0,0.63,15.0,0.76,15.0,0.77,15.0,0.24,15.0,0.23,15.0,0.32,16.0,0.37,15.0,0.08,0.08,44.195204,1776216768000
1776216770.311,170.311,0.68,16.0,0.63,15.0,0.76,15.0,0.77,15.0,0.24,15.0,0.23,15.0,0.32,16.0,0.37,15.0,0.08,0.08,44.196368,1776216769000
1776216771.419,171.419,0.68,16.0,0.63,15.0,0.76,15.0,0.77,15.0,0.24,15.0,0.23,15.0,0.32,16.0,0.37,15.0,0.08,0.08,44.196608,1776216770000
1776216771.925,171.925,0.68,16.0,0.63,15.0,0.76,15.0,0.77,15.0,0.24,15.0,0.23,15.0,0.32,16.0,0.37,15.0,0.08,0.08,44.19661,1776216771000
1776216773.013,173.013,0.68,16.0,0.63,15.0,0.76,15.0,0.77,15.0,0.24,15.0,0.23,15.0,0.32,16.0,0.37,15.0,0.08,0.08,44.196605,1776216772000
1776216774.739,174.739,0.68,16.0,0.63,15.0,0.76,15.0,0.77,15.0,0.24,15.0,0.23,15.0,0.32,16.0,0.37,15.0,0.08,0.08,44.196705,1776216773000
1776216775.133,175.133,0.68,16.0,0.63,15.0,0.76,15.0,0.77,15.0,0.24,15.0,0.23,15.0,0.32,16.0,0.37,15.0,0.08,0.08,44.196522,1776216774000
1776216776.116,176.116,0.68,16.0,0.63,15.0,0.76,15.0,0.77,15.0,0.24,15.0,0.23,15.0,0.32,16.0,0.37,15.0,0.08,0.08,44.196493,1776216775000
1776216777.062,177.062,0.68,16.0,0.63,15.0,0.76,15.0,0.77,15.0,0.24,15.0,0.23,15.0,0.32,16.0,0.37,15.0,0.08,0.08,44.196416,1776216776000
1776216778.162,178.162,0.68,16.0,0.63,15.0,0.76,15.0,0.77,15.0,0.24,15.0,0.23,15.0,0.32,16.0,0.37,15.0,0.08,0.08,44.193448,1776216777000
1776216779.13,179.13,0.68,16.0,0.63,15.0,0.76,15.0,0.77,15.0,0.24,15.0,0.23,15.0,0.32,16.0,0.37,15.0,0.08,0.08,44.184997,1776216778000
1776216780.083,180.083,0.68,16.0,0.63,15.0,0.76,15.0,0.77,15.0,0.24,15.0,0.23,15.0,0.32,16.0,0.37,15.0,0.08,0.08,44.180562,1776216779000
1776216781.045,181.045,0.68,16.0,0.63,15.0,0.76,15.0,0.77,15.0,0.24,15.0,0.23,15.0,0.32,16.0,0.37,15.0,0.08,0.08,44.175863,1776216780000
1776216782.098,182.098,0.68,16.0,0.63,15.0,0.76,15.0,0.77,15.0,0.24,15.0,0.23,15.0,0.32,16.0,0.37,15.0,0.08,0.08,44.174877,1776216781000
1776216783.13,183.13,0.68,16.0,0.63,15.0,0.76,15.0,0.77,15.0,0.24,15.0,0.23,15.0,0.32,16.0,0.37,15.0,0.08,0.08,44.173562,1776216782000
1776216784.165,184.165,0.68,16.0,0.63,15.0,0.76,15.0,0.77,15.0,0.24,15.0,0.23,15.0,0.32,16.0,0.37,15.0,0.08,0.08,44.170472,1776216783000
1776216785.277,185.277,0.68,16.0,0.63,15.0,0.76,15.0,0.77,15.0,0.24,15.0,0.23,15.0,0.32,16.0,0.37,15.0,0.08,0.08,44.168392,1776216784000
1776216786.227,186.227,0.68,16.0,0.63,15.0,0.76,15.0,0.77,15.0,0.24,15.0,0.23,15.0,0.32,16.0,0.37,15.0,0.08,0.08,44.168728,1776216785000
1776216788.289,188.289,0.68,16.0,0.63,15.0,0.76,15.0,0.77,15.0,0.24,15.0,0.23,15.0,0.32,16.0,0.37,15.0,0.08,0.08,44.170288,1776216786000
1776216788.848,188.848,0.68,16.0,0.63,15.0,0.76,15.0,0.77,15.0,0.24,15.0,0.23,15.0,0.32,16.0,0.37,15.0,0.08,0.08,44.171683,1776216787000
1776216789.48,189.48,0.68,16.0,0.63,15.0,0.76,15.0,0.77,15.0,0.24,15.0,0.23,15.0,0.32,16.0,0.37,15.0,0.08,0.08,44.170461,1776216788000
1776216790.158,190.158,0.68,16.0,0.63,15.0,0.76,15.0,0.77,15.0,0.24,15.0,0.23,15.0,0.32,16.0,0.37,15.0,0.08,0.08,44.170463,1776216789000
1776216791.358,191.358,0.68,16.0,0.63,15.0,0.76,15.0,0.77,15.0,0.24,15.0,0.23,15.0,0.32,16.0,0.37,15.0,0.08,0.08,44.170875,1776216790000
1776216792.07,192.07,0.68,16.0,0.63,15.0,0.76,15.0,0.77,15.0,0.24,15.0,0.23,15.0,0.32,16.0,0.37,15.0,0.08,0.08,44.168524,1776216791000
1776216793.446,193.446,0.68,16.0,0.63,15.0,0.76,15.0,0.77,15.0,0.24,15.0,0.23,15.0,0.32,16.0,0.37,15.0,0.08,0.08,44.168156,1776216792000
1776216794.078,194.078,0.68,16.0,0.63,15.0,0.76,15.0,0.77,15.0,0.24,15.0,0.23,15.0,0.32,16.0,0.37,15.0,0.08,0.08,44.168156,1776216793000
1776216795.411,195.411,0.68,16.0,0.63,15.0,0.76,15.0,0.77,15.0,0.24,15.0,0.23,15.0,0.32,16.0,0.37,15.0,0.08,0.08,44.169467,1776216794000
1776216796.07,196.07,0.68,16.0,0.63,15.0,0.76,15.0,0.77,15.0,0.24,15.0,0.23,15.0,0.32,16.0,0.37,15.0,0.08,0.08,44.171219,1776216795000
1776216797.286,197.286,0.68,16.0,0.63,15.0,0.76,15.0,0.77,15.0,0.24,15.0,0.23,15.0,0.32,16.0,0.37,15.0,0.08,0.08,44.175164,1776216796000
1776216798.581,198.581,0.68,16.0,0.63,15.0,0.76,15.0,0.77,15.0,0.24,15.0,0.23,15.0,0.32,16.0,0.37,15.0,0.08,0.08,44.175402,1776216797000
1776216799.211,199.211,0.68,16.0,0.63,15.0,0.76,15.0,0.77,15.0,0.24,15.0,0.23,15.0,0.32,16.0,0.37,15.0,0.08,0.08,44.175402,1776216798000
1776216800.722,200.722,0.68,16.0,0.63,15.0,0.76,15.0,0.77,15.0,0.24,15.0,0.23,15.0,0.32,16.0,0.37,15.0,0.08,0.08,44.17845,1776216799000
1776216801.422,201.422,0.68,16.0,0.63,15.0,0.76,15.0,0.77,15.0,0.24,15.0,0.23,15.0,0.32,16.0,0.37,15.0,0.08,0.08,44.179068,1776216800000
1776216802.07,202.07,0.68,16.0,0.63,15.0,0.76,15.0,0.77,15.0,0.24,15.0,0.23,15.0,0.32,16.0,0.37,15.0,0.08,0.08,44.179071,1776216801000
1776216803.282,203.282,0.68,16.0,0.63,15.0,0.76,15.0,0.77,15.0,0.24,15.0,0.23,15.0,0.32,16.0,0.37,15.0,0.08,0.08,44.178191,1776216802000
1776216803.886,203.886,0.68,16.0,0.63,15.0,0.76,15.0,0.77,15.0,0.24,15.0,0.23,15.0,0.32,16.0,0.37,15.0,0.08,0.08,44.17761,1776216803000
1776216805.835,205.835,0.68,16.0,0.63,15.0,0.76,15.0,0.77,15.0,0.24,15.0,0.23,15.0,0.32,16.0,0.37,15.0,0.08,0.08,44.174374,1776216805000
1776216806.399,206.399,0.68,16.0,0.63,15.0,0.76,15.0,0.77,15.0,0.24,15.0,0.23,15.0,0.32,16.0,0.37,15.0,0.08,0.08,44.174568,1776216804000
1776216806.777,206.777,0.68,16.0,0.63,15.0,0.76,15.0,0.77,15.0,0.24,15.0,0.23,15.0,0.32,16.0,0.37,15.0,0.08,0.08,44.17336,1776216806000
1776216808.28,208.28,0.68,16.0,0.63,15.0,0.76,15.0,0.77,15.0,0.24,15.0,0.23,15.0,0.32,16.0,0.37,15.0,0.08,0.08,44.172093,1776216807000
1776216809.311,209.311,0.68,16.0,0.63,15.0,0.76,15.0,0.77,15.0,0.24,15.0,0.23,15.0,0.32,16.0,0.37,15.0,0.08,0.08,44.174097,1776216808000
1776216810.394,210.394,0.68,16.0,0.63,15.0,0.76,15.0,0.77,15.0,0.24,15.0,0.23,15.0,0.32,16.0,0.37,15.0,0.08,0.08,44.174837,1776216809000
1776216811.378,211.378,0.68,16.0,0.63,15.0,0.76,15.0,0.77,15.0,0.24,15.0,0.23,15.0,0.32,16.0,0.37,15.0,0.08,0.08,44.172261,1776216810000
1776216812.388,212.388,0.68,16.0,0.63,15.0,0.76,15.0,0.77,15.0,0.24,15.0,0.23,15.0,0.32,16.0,0.37,15.0,0.08,0.08,44.169153,1776216811000
1776216813.222,213.222,0.68,16.0,0.63,15.0,0.76,15.0,0.77,15.0,0.24,15.0,0.23,15.0,0.32,16.0,0.37,15.0,0.08,0.08,44.169143,1776216812000
1776216814.192,214.192,0.68,16.0,0.63,15.0,0.76,15.0,0.77,15.0,0.24,15.0,0.23,15.0,0.32,16.0,0.37,15.0,0.08,0.08,44.169575,1776216813000
1776216815.156,215.156,0.68,16.0,0.63,15.0,0.76,15.0,0.77,15.0,0.24,15.0,0.23,15.0,0.32,16.0,0.37,15.0,0.08,0.08,44.169466,1776216814000
1776216816.101,216.101,0.68,16.0,0.63,15.0,0.76,15.0,0.77,15.0,0.24,15.0,0.23,15.0,0.32,16.0,0.37,15.0,0.08,0.08,44.17006,1776216815000
1776216817.716,217.716,0.68,16.0,0.63,15.0,0.76,15.0,0.77,15.0,0.24,15.0,0.23,15.0,0.32,16.0,0.37,15.0,0.08,0.08,44.170163,1776216816000
1776216818.321,218.321,0.68,16.0,0.63,15.0,0.76,15.0,0.77,15.0,0.24,15.0,0.23,15.0,0.32,16.0,0.37,15.0,0.08,0.08,44.170163,1776216817000
1776216819.369,219.369,0.68,16.0,0.63,15.0,0.76,15.0,0.77,15.0,0.24,15.0,0.23,15.0,0.32,16.0,0.37,15.0,0.08,0.08,44.169962,1776216818000
1776216819.915,219.915,0.68,16.0,0.63,15.0,0.76,15.0,0.77,15.0,0.24,15.0,0.23,15.0,0.32,16.0,0.37,15.0,0.08,0.08,44.175789,1776216819000
1776216821.286,221.286,0.68,16.0,0.63,15.0,0.76,15.0,0.77,15.0,0.24,15.0,0.23,15.0,0.32,16.0,0.37,15.0,0.08,0.08,44.183702,1776216820000
1776216822.407,222.407,0.68,16.0,0.63,15.0,0.76,15.0,0.77,15.0,0.24,15.0,0.23,15.0,0.32,16.0,0.37,15.0,0.08,0.08,44.188849,1776216821000
1776216822.891,222.891,0.68,16.0,0.63,15.0,0.76,15.0,0.77,15.0,0.24,15.0,0.23,15.0,0.32,16.0,0.37,15.0,0.08,0.08,44.194371,1776216822000
1776216824.243,224.243,0.68,16.0,0.63,15.0,0.76,15.0,0.77,15.0,0.24,15.0,0.23,15.0,0.32,16.0,0.37,15.0,0.08,0.08,44.198115,1776216823000
1776216825.326,225.326,0.68,16.0,0.63,15.0,0.76,15.0,0.77,15.0,0.24,15.0,0.23,15.0,0.32,16.0,0.37,15.0,0.08,0.08,44.199139,1776216824000
1776216825.908,225.908,0.68,16.0,0.63,15.0,0.76,15.0,0.77,15.0,0.24,15.0,0.23,15.0,0.32,16.0,0.37,15.0,0.08,0.08,44.199139,1776216825000
1776216827.011,227.011,0.68,16.0,0.63,15.0,0.76,15.0,0.77,15.0,0.24,15.0,0.23,15.0,0.32,16.0,0.37,15.0,0.08,0.08,44.198779,1776216826000
1776216828.16,228.16,0.68,16.0,0.63,15.0,0.76,15.0,0.77,15.0,0.24,15.0,0.23,15.0,0.32,16.0,0.37,15.0,0.08,0.08,44.192041,1776216827000
1776216829.323,229.323,0.68,16.0,0.63,15.0,0.76,15.0,0.77,15.0,0.24,15.0,0.23,15.0,0.32,16.0,0.37,15.0,0.08,0.08,44.184449,1776216828000
1776216829.906,229.906,0.68,16.0,0.63,15.0,0.76,15.0,0.77,15.0,0.24,15.0,0.23,15.0,0.32,16.0,0.37,15.0,0.08,0.08,44.184077,1776216829000
1776216831.411,231.411,0.68,16.0,0.63,15.0,0.76,15.0,0.77,15.0,0.24,15.0,0.23,15.0,0.32,16.0,0.37,15.0,0.08,0.08,44.182669,1776216830000
1776216832.022,232.022,0.68,16.0,0.63,15.0,0.76,15.0,0.77,15.0,0.24,15.0,0.23,15.0,0.32,16.0,0.37,15.0,0.08,0.08,44.182844,1776216831000
1776216833.06,233.06,0.68,16.0,0.63,15.0,0.76,15.0,0.77,15.0,0.24,15.0,0.23,15.0,0.32,16.0,0.37,15.0,0.08,0.08,44.182576,1776216832000
1776216834.254,234.254,0.68,16.0,0.63,15.0,0.76,15.0,0.77,15.0,0.24,15.0,0.23,15.0,0.32,16.0,0.37,15.0,0.08,0.08,44.182666,1776216833000
1776216835.345,235.345,0.68,16.0,0.63,15.0,0.76,15.0,0.77,15.0,0.24,15.0,0.23,15.0,0.32,16.0,0.37,15.0,0.08,0.08,44.184011,1776216834000
1776216835.898,235.898,0.68,16.0,0.63,15.0,0.76,15.0,0.77,15.0,0.24,15.0,0.23,15.0,0.32,16.0,0.37,15.0,0.08,0.08,44.187396,1776216835000
1776216837.018,237.018,0.68,16.0,0.63,15.0,0.76,15.0,0.77,15.0,0.24,15.0,0.23,15.0,0.32,16.0,0.37,15.0,0.08,0.08,44.188724,1776216836000
1776216838.631,238.631,0.68,16.0,0.63,15.0,0.76,15.0,0.77,15.0,0.24,15.0,0.23,15.0,0.32,16.0,0.37,15.0,0.08,0.08,44.187134,1776216837000
1776216839.142,239.142,0.68,16.0,0.63,15.0,0.76,15.0,0.77,15.0,0.24,15.0,0.23,15.0,0.32,16.0,0.37,15.0,0.08,0.08,44.186437,1776216838000
1776216840.16,240.16,0.68,16.0,0.63,15.0,0.76,15.0,0.77,15.0,0.24,15.0,0.23,15.0,0.32,16.0,0.37,15.0,0.08,0.08,44.185929,1776216839000
1776216841.331,241.331,0.68,16.0,0.63,15.0,0.76,15.0,0.77,15.0,0.24,15.0,0.23,15.0,0.32,16.0,0.37,15.0,0.08,0.08,44.185929,1776216840000
1776216842.37,242.37,0.68,16.0,0.63,15.0,0.76,15.0,0.77,15.0,0.24,15.0,0.23,15.0,0.32,16.0,0.37,15.0,0.08,0.08,44.188068,1776216841000
1776216842.972,242.972,0.68,16.0,0.63,15.0,0.76,15.0,0.77,15.0,0.24,15.0,0.23,15.0,0.32,16.0,0.37,15.0,0.08,0.08,44.188068,1776216842000
1776216844.022,244.022,0.68,16.0,0.63,15.0,0.76,15.0,0.77,15.0,0.24,15.0,0.23,15.0,0.32,16.0,0.37,15.0,0.08,0.08,44.188468,1776216843000
1776216845.201,245.201,0.68,16.0,0.63,15.0,0.76,15.0,0.77,15.0,0.24,15.0,0.23,15.0,0.32,16.0,0.37,15.0,0.08,0.08,44.188671,1776216844000
1776216846.219,246.219,0.76,15.0,0.75,15.0,0.89,15.0,0.9,25.0,0.24,15.0,0.23,15.0,0.32,16.0,0.37,15.0,0.13,0.08,44.188671,1776216844000
1776216846.879,246.879,0.76,15.0,0.75,15.0,0.89,15.0,0.9,25.0,0.11,15.0,0.1,25.0,0.24,15.0,0.25,15.0,0.13,0.13,44.187572,1776216846000
1776216848.343,248.343,0.76,15.0,0.75,15.0,0.89,15.0,0.9,25.0,0.11,15.0,0.1,25.0,0.24,15.0,0.25,15.0,0.13,0.13,44.182233,1776216847000
1776216848.88,248.88,0.76,15.0,0.75,15.0,0.89,15.0,0.9,25.0,0.11,15.0,0.1,25.0,0.24,15.0,0.25,15.0,0.13,0.13,44.181857,1776216848000
1776216850.185,250.185,0.76,15.0,0.75,15.0,0.89,15.0,0.9,25.0,0.11,15.0,0.1,25.0,0.24,15.0,0.25,15.0,0.13,0.13,44.177933,1776216849000
1776216851.246,251.246,0.76,15.0,0.75,15.0,0.89,15.0,0.9,25.0,0.11,15.0,0.1,25.0,0.24,15.0,0.25,15.0,0.13,0.13,44.176718,1776216850000
1776216852.251,252.251,0.76,15.0,0.75,15.0,0.89,15.0,0.9,25.0,0.11,15.0,0.1,25.0,0.24,15.0,0.25,15.0,0.13,0.13,44.176503,1776216851000
1776216853.151,253.151,0.76,15.0,0.75,15.0,0.89,15.0,0.9,25.0,0.11,15.0,0.1,25.0,0.24,15.0,0.25,15.0,0.13,0.13,44.177766,1776216852000
1776216854.166,254.166,0.76,15.0,0.75,15.0,0.89,15.0,0.9,25.0,0.11,15.0,0.1,25.0,0.24,15.0,0.25,15.0,0.13,0.13,44.177599,1776216853000
1776216855.226,255.226,0.76,15.0,0.75,15.0,0.89,15.0,0.9,25.0,0.11,15.0,0.1,25.0,0.24,15.0,0.25,15.0,0.13,0.13,44.177588,1776216854000
1776216856.34,256.34,0.76,15.0,0.75,15.0,0.89,15.0,0.9,25.0,0.11,15.0,0.1,25.0,0.24,15.0,0.25,15.0,0.13,0.13,44.177588,1776216855000
1776216856.863,256.863,0.76,15.0,0.75,15.0,0.89,15.0,0.9,25.0,0.11,15.0,0.1,25.0,0.24,15.0,0.25,15.0,0.13,0.13,44.174597,1776216856000
1776216857.882,257.882,0.76,15.0,0.75,15.0,0.89,15.0,0.9,25.0,0.11,15.0,0.1,25.0,0.24,15.0,0.25,15.0,0.13,0.13,44.172628,1776216857000
1776216858.906,258.906,0.76,15.0,0.75,15.0,0.89,15.0,0.9,25.0,0.11,15.0,0.1,25.0,0.24,15.0,0.25,15.0,0.13,0.13,44.170175,1776216858000
1776216859.931,259.931,0.76,15.0,0.75,15.0,0.89,15.0,0.9,25.0,0.11,15.0,0.1,25.0,0.24,15.0,0.25,15.0,0.13,0.13,44.169935,1776216859000
1776216861.48,261.48,0.56,6.0,0.55,15.0,0.73,10.0,0.78,15.0,0.11,15.0,0.1,25.0,0.24,15.0,0.25,15.0,0.17,0.13,44.169935,1776216859000
1776216861.989,261.989,0.56,6.0,0.55,15.0,0.73,10.0,0.78,15.0,0.27,10.0,0.22,15.0,0.44,6.0,0.45,15.0,0.17,0.17,44.170289,1776216861000
1776216862.235,262.235,0.5,15.0,0.49,15.0,0.68,2.66,0.76,15.0,0.27,10.0,0.22,15.0,0.44,6.0,0.45,15.0,0.18,0.17,44.170289,1776216861000
1776216863.087,263.087,0.5,15.0,0.49,15.0,0.68,2.66,0.76,15.0,0.32,2.66,0.24,15.0,0.5,15.0,0.51,15.0,0.18,0.18,44.166378,1776216862000
1776216863.438,263.438,0.4,10.05,0.39,15.0,0.74,15.0,0.75,15.0,0.32,2.66,0.24,15.0,0.5,15.0,0.51,15.0,0.34,0.18,44.166378,1776216862000
1776216864.096,264.096,0.4,10.05,0.39,15.0,0.74,15.0,0.75,15.0,0.26,15.0,0.25,15.0,0.6,10.05,0.61,15.0,0.34,0.34,44.153495,1776216863000
1776216865.148,265.148,0.4,10.05,0.39,15.0,0.74,15.0,0.75,15.0,0.26,15.0,0.25,15.0,0.6,10.05,0.61,15.0,0.34,0.34,44.152427,1776216864000
1776216866.163,266.163,0.4,10.05,0.39,15.0,0.74,15.0,0.75,15.0,0.26,15.0,0.25,15.0,0.6,10.05,0.61,15.0,0.34,0.34,44.148309,1776216865000
1776216867.195,267.195,0.4,10.05,0.39,15.0,0.74,15.0,0.75,15.0,0.26,15.0,0.25,15.0,0.6,10.05,0.61,15.0,0.34,0.34,44.147625,1776216866000
1776216868.214,268.214,0.4,10.05,0.39,15.0,0.74,15.0,0.75,15.0,0.26,15.0,0.25,15.0,0.6,10.05,0.61,15.0,0.34,0.34,44.155081,1776216867000
1776216869.333,269.333,0.4,10.05,0.39,15.0,0.74,15.0,0.75,15.0,0.26,15.0,0.25,15.0,0.6,10.05,0.61,15.0,0.34,0.34,44.162474,1776216868000
1776216870.3,270.3,0.4,10.05,0.39,15.0,0.74,15.0,0.75,15.0,0.26,15.0,0.25,15.0,0.6,10.05,0.61,15.0,0.34,0.34,44.164813,1776216869000
1776216871.338,271.338,0.4,10.05,0.39,15.0,0.74,15.0,0.75,15.0,0.26,15.0,0.25,15.0,0.6,10.05,0.61,15.0,0.34,0.34,44.16432,1776216870000
1776216871.888,271.888,0.4,10.05,0.39,15.0,0.74,15.0,0.75,15.0,0.26,15.0,0.25,15.0,0.6,10.05,0.61,15.0,0.34,0.34,44.164566,1776216871000
1776216872.892,272.892,0.4,10.05,0.39,15.0,0.74,15.0,0.75,15.0,0.26,15.0,0.25,15.0,0.6,10.05,0.61,15.0,0.34,0.34,44.16495,1776216872000
1776216874.449,274.449,0.4,10.05,0.39,15.0,0.74,15.0,0.75,15.0,0.26,15.0,0.25,15.0,0.6,10.05,0.61,15.0,0.34,0.34,44.165445,1776216873000
1776216875.652,275.652,0.4,10.05,0.39,15.0,0.74,15.0,0.75,15.0,0.26,15.0,0.25,15.0,0.6,10.05,0.61,15.0,0.34,0.34,44.164931,1776216874000
1776216876.251,276.251,0.4,10.05,0.39,15.0,0.74,15.0,0.75,15.0,0.26,15.0,0.25,15.0,0.6,10.05,0.61,15.0,0.34,0.34,44.164611,1776216875000
1776216877.428,277.428,0.4,10.05,0.39,15.0,0.74,15.0,0.75,15.0,0.26,15.0,0.25,15.0,0.6,10.05,0.61,15.0,0.34,0.34,44.164213,1776216876000
1776216878.1,278.1,0.4,10.05,0.39,15.0,0.74,15.0,0.75,15.0,0.26,15.0,0.25,15.0,0.6,10.05,0.61,15.0,0.34,0.34,44.164442,1776216877000
1776216879.507,279.507,0.4,10.05,0.39,15.0,0.74,15.0,0.75,15.0,0.26,15.0,0.25,15.0,0.6,10.05,0.61,15.0,0.34,0.34,44.170141,1776216878000
1776216880.252,280.252,0.4,10.05,0.39,15.0,0.74,15.0,0.75,15.0,0.26,15.0,0.25,15.0,0.6,10.05,0.61,15.0,0.34,0.34,44.174093,1776216879000
1776216881.611,281.611,0.4,10.05,0.39,15.0,0.74,15.0,0.75,15.0,0.26,15.0,0.25,15.0,0.6,10.05,0.61,15.0,0.34,0.34,44.176814,1776216880000
1776216882.4,282.4,0.4,10.05,0.39,15.0,0.74,15.0,0.75,15.0,0.26,15.0,0.25,15.0,0.6,10.05,0.61,15.0,0.34,0.34,44.177622,1776216881000
1776216883.11,283.11,0.4,10.05,0.39,15.0,0.74,15.0,0.75,15.0,0.26,15.0,0.25,15.0,0.6,10.05,0.61,15.0,0.34,0.34,44.17775,1776216882000
1776216884.657,284.657,0.4,10.05,0.39,15.0,0.74,15.0,0.75,15.0,0.26,15.0,0.25,15.0,0.6,10.05,0.61,15.0,0.34,0.34,44.177755,1776216883000
1776216885.29,285.29,0.4,10.05,0.39,15.0,0.74,15.0,0.75,15.0,0.26,15.0,0.25,15.0,0.6,10.05,0.61,15.0,0.34,0.34,44.177874,1776216884000
1776216886.097,286.097,0.4,10.05,0.39,15.0,0.74,15.0,0.75,15.0,0.26,15.0,0.25,15.0,0.6,10.05,0.61,15.0,0.34,0.34,44.17727,1776216885000
1776216886.759,286.759,0.84,7.33,0.3,100.0,0.96,2.91,0.97,100.0,0.26,15.0,0.25,15.0,0.6,10.05,0.61,15.0,0.12,0.34,44.17727,1776216885000
1776216887.406,287.406,0.3,100.0,0.04,5.0,0.96,0.82,0.97,100.0,0.04,2.91,0.03,100.0,0.16,7.33,0.7,100.0,0.66,0.12,44.17727,1776216885000
1776216888.137,288.137,0.3,100.0,0.04,5.0,0.96,0.82,0.97,100.0,0.04,0.82,0.03,100.0,0.7,100.0,0.96,5.0,0.66,0.66,44.171314,1776216887000
1776216889.589,289.589,0.3,100.0,0.04,5.0,0.96,0.82,0.97,100.0,0.04,0.82,0.03,100.0,0.7,100.0,0.96,5.0,0.66,0.66,44.172795,1776216888000
1776216890.321,290.321,0.85,7.33,0.3,229.0,0.97,90.5,0.98,10.0,0.04,0.82,0.03,100.0,0.7,100.0,0.96,5.0,0.12,0.66,44.172795,1776216888000
1776216891.081,291.081,0.85,7.33,0.3,229.0,0.97,90.5,0.98,10.0,0.03,90.5,0.02,10.0,0.15,7.33,0.7,229.0,0.12,0.12,44.172243,1776216890000
1776216892.681,292.681,0.85,7.33,0.3,229.0,0.97,90.5,0.98,10.0,0.03,90.5,0.02,10.0,0.15,7.33,0.7,229.0,0.12,0.12,44.171591,1776216891000
1776216892.897,292.897,0.85,7.33,0.3,229.0,0.97,69.4,0.98,10.0,0.03,74.4,0.02,10.0,0.15,7.33,0.7,229.0,0.12,0.12,44.171591,1776216891000
1776216893.619,293.619,0.85,7.33,0.3,229.0,0.97,69.4,0.98,10.0,0.03,69.4,0.02,10.0,0.15,7.33,0.7,229.0,0.12,0.12,44.171729,1776216892000
1776216894.354,294.354,0.85,7.33,0.3,229.0,0.97,69.4,0.98,10.0,0.03,69.4,0.02,10.0,0.15,7.33,0.7,229.0,0.12,0.12,44.172302,1776216893000
1776216894.936,294.936,0.86,7.33,0.3,100.0,0.97,53.93,0.98,10.0,0.03,69.4,0.02,10.0,0.15,7.33,0.7,229.0,0.11,0.12,44.172302,1776216893000
1776216895.562,295.562,0.86,7.33,0.3,100.0,0.97,53.93,0.98,10.0,0.03,53.93,0.02,10.0,0.14,7.33,0.7,100.0,0.11,0.11,44.171359,1776216894000
1776216896.2,296.2,0.86,7.33,0.3,100.0,0.97,53.93,0.98,10.0,0.03,53.93,0.02,10.0,0.14,7.33,0.7,100.0,0.11,0.11,44.171359,1776216895000
1776216896.424,296.424,0.86,7.33,0.04,5.0,0.97,52.82,0.98,10.0,0.03,53.93,0.02,10.0,0.14,7.33,0.7,100.0,0.11,0.11,44.171359,1776216895000
1776216897.341,297.341,0.86,7.33,0.04,5.0,0.97,52.82,0.98,10.0,0.03,52.82,0.02,10.0,0.14,7.33,0.96,5.0,0.11,0.11,44.172574,1776216896000
1776216897.671,297.671,0.86,7.33,0.04,5.0,0.97,49.62,0.98,10.0,0.03,51.69,0.02,10.0,0.14,7.33,0.96,5.0,0.11,0.11,44.172574,1776216896000
1776216898.456,298.456,0.99,881.38,0.86,7.33,,,,,,,,,0.01,881.38,0.14,7.33,,,44.173662,1776216897000
1776216898.927,298.927,0.99,881.38,0.86,7.33,,,,,,,,,0.01,881.38,0.14,7.33,,,44.173662,1776216898000
1776216899.94,299.94,0.99,881.38,0.86,7.33,,,,,,,,,0.01,881.38,0.14,7.33,,,44.167769,1776216899000
1776216901.068,301.068,0.99,881.38,0.86,7.33,,,,,,,,,0.01,881.38,0.14,7.33,,,44.17075,1776216900000
1776216902.235,302.235,0.99,881.38,0.86,7.33,,,,,,,,,0.01,881.38,0.14,7.33,,,44.170688,1776216901000

# RESULT,winner=Up,slug=hype-updown-5m-1776216600,ticks=301
