timestamp,elapsed_sec,up_bid_p1,up_bid_s1,up_bid_p2,up_bid_s2,up_ask_p1,up_ask_s1,up_ask_p2,up_ask_s2,down_bid_p1,down_bid_s1,down_bid_p2,down_bid_s2,down_ask_p1,down_ask_s1,down_ask_p2,down_ask_s2,up_spread,down_spread,hype_price,hype_oracle_ts
1776211501.269,1.269,,,,,,,,,,,,,,,,,,,43.688407,1776211500000
1776211501.474,1.474,0.11,100.0,0.08,50.0,0.59,5.0,0.89,100.0,0.11,100.0,0.08,50.0,0.89,100.0,0.92,50.0,0.48,0.78,43.688407,1776211500000
1776211501.777,1.777,0.11,100.0,0.08,50.0,0.59,5.0,0.89,100.0,0.11,100.0,0.08,50.0,0.89,100.0,0.92,50.0,0.48,0.78,43.688407,1776211500000
1776211502.991,2.991,0.11,100.0,0.08,50.0,0.89,100.0,0.92,50.0,0.11,100.0,0.08,50.0,0.89,100.0,0.92,50.0,0.78,0.78,43.680829,1776211501000
1776211503.684,3.684,0.11,100.0,0.08,50.0,0.89,100.0,0.92,50.0,0.11,100.0,0.08,50.0,0.89,100.0,0.92,50.0,0.78,0.78,43.655667,1776211502000
1776211504.354,4.354,0.11,100.0,0.08,50.0,0.89,100.0,0.92,50.0,0.11,100.0,0.08,50.0,0.89,100.0,0.92,50.0,0.78,0.78,43.653028,1776211503000
1776211504.569,4.569,0.2,5.0,0.11,100.0,0.48,5.0,0.49,5.0,0.11,100.0,0.08,50.0,0.89,100.0,0.92,50.0,0.28,0.78,43.653028,1776211503000
1776211504.968,4.968,0.11,100.0,0.08,50.0,0.18,5.0,0.48,73.0,0.52,5.0,0.51,5.0,0.8,5.0,0.89,100.0,0.07,0.28,43.653028,1776211503000
1776211506.172,6.172,0.11,100.0,0.08,50.0,0.18,5.0,0.48,73.0,0.82,5.0,0.52,73.0,0.89,100.0,0.92,50.0,0.07,0.07,43.63382,1776211505000
1776211507.467,7.467,0.11,100.0,0.08,50.0,0.18,5.0,0.48,73.0,0.82,5.0,0.52,73.0,0.89,100.0,0.92,50.0,0.07,0.07,43.62114,1776211506000
1776211508.099,8.099,0.11,100.0,0.08,50.0,0.18,5.0,0.48,73.0,0.82,5.0,0.52,73.0,0.89,100.0,0.92,50.0,0.07,0.07,43.615917,1776211507000
1776211509.235,9.235,0.11,100.0,0.08,50.0,0.18,5.0,0.48,73.0,0.82,5.0,0.52,73.0,0.89,100.0,0.92,50.0,0.07,0.07,43.598549,1776211508000
1776211510.479,10.479,0.11,100.0,0.08,50.0,0.18,5.0,0.48,73.0,0.82,5.0,0.52,73.0,0.89,100.0,0.92,50.0,0.07,0.07,43.591573,1776211509000
1776211511.114,11.114,0.11,100.0,0.08,50.0,0.18,5.0,0.48,73.0,0.82,5.0,0.52,73.0,0.89,100.0,0.92,50.0,0.07,0.07,43.591518,1776211510000
1776211512.344,12.344,0.11,100.0,0.08,50.0,0.18,5.0,0.48,73.0,0.82,5.0,0.52,73.0,0.89,100.0,0.92,50.0,0.07,0.07,43.596034,1776211511000
1776211513.022,13.022,0.11,100.0,0.08,50.0,0.18,5.0,0.48,73.0,0.82,5.0,0.52,73.0,0.89,100.0,0.92,50.0,0.07,0.07,43.597228,1776211512000
1776211514.217,14.217,0.11,100.0,0.08,50.0,0.18,5.0,0.48,73.0,0.82,5.0,0.52,73.0,0.89,100.0,0.92,50.0,0.07,0.07,43.597223,1776211513000
1776211515.499,15.499,0.11,100.0,0.08,50.0,0.18,5.0,0.48,73.0,0.82,5.0,0.52,73.0,0.89,100.0,0.92,50.0,0.07,0.07,43.590911,1776211514000
1776211516.106,16.106,0.11,100.0,0.08,50.0,0.18,5.0,0.48,73.0,0.82,5.0,0.52,73.0,0.89,100.0,0.92,50.0,0.07,0.07,43.588662,1776211515000
1776211517.869,17.869,0.11,100.0,0.08,50.0,0.18,5.0,0.48,73.0,0.82,5.0,0.52,73.0,0.89,100.0,0.92,50.0,0.07,0.07,43.58715,1776211516000
1776211518.358,18.358,0.11,100.0,0.08,50.0,0.18,5.0,0.48,73.0,0.82,5.0,0.52,73.0,0.89,100.0,0.92,50.0,0.07,0.07,43.587247,1776211517000
1776211518.986,18.986,0.11,100.0,0.08,50.0,0.18,5.0,0.48,73.0,0.82,5.0,0.52,73.0,0.89,100.0,0.92,50.0,0.07,0.07,43.587009,1776211518000
1776211519.993,19.993,0.11,100.0,0.08,50.0,0.18,5.0,0.48,73.0,0.82,5.0,0.52,73.0,0.89,100.0,0.92,50.0,0.07,0.07,43.587009,1776211519000
1776211521.06,21.06,0.11,100.0,0.08,50.0,0.18,5.0,0.48,73.0,0.82,5.0,0.52,73.0,0.89,100.0,0.92,50.0,0.07,0.07,43.580889,1776211520000
1776211522.19,22.19,0.11,100.0,0.08,50.0,0.18,5.0,0.48,73.0,0.82,5.0,0.52,73.0,0.89,100.0,0.92,50.0,0.07,0.07,43.576813,1776211521000
1776211523.097,23.097,0.11,100.0,0.08,50.0,0.18,5.0,0.48,73.0,0.82,5.0,0.52,73.0,0.89,100.0,0.92,50.0,0.07,0.07,43.57207,1776211522000
1776211524.11,24.11,0.11,80.0,0.05,25.0,0.13,39.0,0.14,10.0,0.87,39.0,0.86,10.0,0.89,80.0,0.95,25.0,0.02,0.02,43.577963,1776211523000
1776211525.188,25.188,0.11,80.0,0.05,25.0,0.13,39.0,0.14,10.0,0.87,39.0,0.86,10.0,0.89,80.0,0.95,25.0,0.02,0.02,43.577789,1776211524000
1776211526.219,26.219,0.11,80.0,0.05,25.0,0.13,39.0,0.14,10.0,0.87,39.0,0.86,10.0,0.89,80.0,0.95,25.0,0.02,0.02,43.577911,1776211525000
1776211527.263,27.263,0.11,80.0,0.05,25.0,0.13,39.0,0.14,10.0,0.87,39.0,0.86,10.0,0.89,80.0,0.95,25.0,0.02,0.02,43.578178,1776211526000
1776211528.226,28.226,0.11,80.0,0.05,25.0,0.13,39.0,0.14,10.0,0.87,39.0,0.86,10.0,0.89,80.0,0.95,25.0,0.02,0.02,43.577687,1776211527000
1776211528.489,28.489,0.11,67.78,0.07,15.0,0.13,49.0,0.26,5.0,0.87,39.0,0.86,10.0,0.89,80.0,0.95,25.0,0.02,0.02,43.577687,1776211527000
1776211529.193,29.193,0.11,67.78,0.07,15.0,0.13,49.0,0.26,5.0,0.87,49.0,0.74,5.0,0.89,67.78,0.93,15.0,0.02,0.02,43.577847,1776211528000
1776211530.171,30.171,0.11,67.78,0.07,15.0,0.13,49.0,0.26,5.0,0.87,49.0,0.74,5.0,0.89,67.78,0.93,15.0,0.02,0.02,43.57294,1776211529000
1776211530.601,30.601,0.11,16.94,0.09,15.0,0.13,39.0,0.14,10.0,0.87,49.0,0.74,5.0,0.89,62.55,0.91,15.0,0.02,0.02,43.57294,1776211529000
1776211531.213,31.213,0.11,16.94,0.09,15.0,0.13,39.0,0.14,10.0,0.87,39.0,0.86,10.0,0.89,16.94,0.91,15.0,0.02,0.02,43.571913,1776211530000
1776211532.433,32.433,0.11,16.94,0.09,15.0,0.13,39.0,0.14,10.0,0.87,39.0,0.86,10.0,0.89,16.94,0.91,15.0,0.02,0.02,43.566495,1776211531000
1776211533.069,33.069,0.11,16.94,0.09,15.0,0.13,39.0,0.14,10.0,0.87,39.0,0.86,10.0,0.89,16.94,0.91,15.0,0.02,0.02,43.569051,1776211532000
1776211533.338,33.338,0.11,26.24,0.1,15.0,0.13,39.0,0.27,5.0,0.87,39.0,0.86,10.0,0.89,16.94,0.91,15.0,0.02,0.02,43.569051,1776211532000
1776211534.697,34.697,0.11,26.24,0.1,15.0,0.13,39.0,0.27,5.0,0.87,39.0,0.73,5.0,0.89,26.24,0.9,15.0,0.02,0.02,43.569638,1776211533000
1776211535.204,35.204,0.11,26.24,0.1,15.0,0.13,39.0,0.27,5.0,0.87,39.0,0.73,5.0,0.89,26.24,0.9,15.0,0.02,0.02,43.570283,1776211534000
1776211535.419,35.419,0.11,26.24,0.1,15.0,0.13,39.0,0.14,10.0,0.87,39.0,0.73,5.0,0.89,26.24,0.9,15.0,0.02,0.02,43.570283,1776211534000
1776211536.485,36.485,0.11,26.24,0.1,15.0,0.13,39.0,0.14,10.0,0.87,39.0,0.86,10.0,0.89,26.24,0.9,15.0,0.02,0.02,43.571518,1776211535000
1776211536.976,36.976,0.11,26.24,0.1,15.0,0.13,39.0,0.14,10.0,0.87,39.0,0.86,10.0,0.89,26.24,0.9,15.0,0.02,0.02,43.575593,1776211536000
1776211538.079,38.079,0.11,26.24,0.1,15.0,0.13,39.0,0.3,5.0,0.87,39.0,0.7,5.0,0.89,26.24,0.9,15.0,0.02,0.02,43.57681,1776211537000
1776211538.482,38.482,0.11,26.24,0.1,15.0,0.13,39.0,0.16,10.0,0.87,39.0,0.7,5.0,0.89,26.24,0.9,15.0,0.02,0.02,43.57681,1776211537000
1776211539.253,39.253,0.11,26.24,0.1,15.0,0.13,39.0,0.16,10.0,0.87,39.0,0.84,10.0,0.89,26.24,0.9,15.0,0.02,0.02,43.581721,1776211538000
1776211540.709,40.709,0.11,26.24,0.1,15.0,0.13,39.0,0.16,10.0,0.87,39.0,0.84,10.0,0.89,26.24,0.9,15.0,0.02,0.02,43.590076,1776211539000
1776211541.194,41.194,0.11,26.24,0.1,15.0,0.13,39.0,0.16,10.0,0.87,39.0,0.84,10.0,0.89,26.24,0.9,15.0,0.02,0.02,43.593319,1776211540000
1776211542.71,42.71,0.11,26.24,0.1,15.0,0.13,39.0,0.16,10.0,0.87,39.0,0.84,10.0,0.89,26.24,0.9,15.0,0.02,0.02,43.590311,1776211541000
1776211543.345,43.345,0.11,26.24,0.1,15.0,0.13,39.0,0.16,10.0,0.87,39.0,0.84,10.0,0.89,26.24,0.9,15.0,0.02,0.02,43.590873,1776211542000
1776211544.795,44.795,0.11,26.24,0.1,15.0,0.13,39.0,0.16,10.0,0.87,39.0,0.84,10.0,0.89,26.24,0.9,15.0,0.02,0.02,43.591259,1776211543000
1776211545.606,45.606,0.11,26.24,0.1,15.0,0.13,39.0,0.16,10.0,0.87,39.0,0.84,10.0,0.89,26.24,0.9,15.0,0.02,0.02,43.59126,1776211544000
1776211546.247,46.247,0.11,26.24,0.1,15.0,0.13,39.0,0.16,10.0,0.87,39.0,0.84,10.0,0.89,26.24,0.9,15.0,0.02,0.02,43.590306,1776211545000
1776211547.911,47.911,0.11,26.24,0.1,15.0,0.13,39.0,0.16,10.0,0.87,39.0,0.84,10.0,0.89,26.24,0.9,15.0,0.02,0.02,43.593859,1776211546000
1776211548.809,48.809,0.11,26.24,0.1,15.0,0.13,39.0,0.16,10.0,0.87,39.0,0.84,10.0,0.89,26.24,0.9,15.0,0.02,0.02,43.603522,1776211547000
1776211549.465,49.465,0.11,26.24,0.1,15.0,0.13,39.0,0.16,10.0,0.87,39.0,0.84,10.0,0.89,26.24,0.9,15.0,0.02,0.02,43.61931,1776211548000
1776211549.899,49.899,0.18,5.0,0.17,15.0,0.35,55.0,0.36,5.0,0.87,39.0,0.84,10.0,0.89,26.24,0.9,15.0,0.17,0.02,43.61931,1776211548000
1776211550.326,50.326,0.18,5.0,0.17,15.0,0.35,55.0,0.36,5.0,0.65,55.0,0.64,5.0,0.82,5.0,0.83,15.0,0.17,0.17,43.620157,1776211549000
1776211550.613,50.613,0.17,15.0,0.16,15.0,0.19,31.0,0.36,5.0,0.65,55.0,0.64,5.0,0.82,5.0,0.83,15.0,0.02,0.17,43.620157,1776211549000
1776211551.042,51.042,0.17,15.0,0.16,15.0,0.19,31.0,0.36,5.0,0.81,31.0,0.64,5.0,0.83,15.0,0.84,15.0,0.02,0.02,43.621458,1776211550000
1776211552.442,52.442,0.17,15.0,0.16,15.0,0.19,31.0,0.36,5.0,0.81,31.0,0.64,5.0,0.83,15.0,0.84,15.0,0.02,0.02,43.615629,1776211551000
1776211553.264,53.264,0.17,15.0,0.16,15.0,0.19,31.0,0.36,5.0,0.81,31.0,0.64,5.0,0.83,15.0,0.84,15.0,0.02,0.02,43.611663,1776211552000
1776211553.986,53.986,0.17,15.0,0.16,15.0,0.19,31.0,0.36,5.0,0.81,31.0,0.64,5.0,0.83,15.0,0.84,15.0,0.02,0.02,43.606298,1776211553000
1776211554.282,54.282,0.17,7.5,0.16,15.0,0.19,31.0,0.32,5.0,0.81,31.0,0.64,5.0,0.83,15.0,0.84,15.0,0.02,0.02,43.606298,1776211553000
1776211555.588,55.588,0.17,7.5,0.16,15.0,0.19,31.0,0.32,5.0,0.81,31.0,0.68,5.0,0.83,7.5,0.84,15.0,0.02,0.02,43.604162,1776211554000
1776211556.243,56.243,0.17,7.5,0.16,15.0,0.19,31.0,0.32,5.0,0.81,31.0,0.68,5.0,0.83,7.5,0.84,15.0,0.02,0.02,43.605546,1776211555000
1776211556.571,56.571,0.17,7.5,0.16,15.0,0.19,31.0,0.39,5.0,0.81,31.0,0.68,5.0,0.83,7.5,0.84,15.0,0.02,0.02,43.605546,1776211555000
1776211556.984,56.984,0.17,7.5,0.16,15.0,0.19,31.0,0.39,5.0,0.81,31.0,0.61,5.0,0.83,7.5,0.84,15.0,0.02,0.02,43.60601,1776211556000
1776211558.686,58.686,0.17,7.5,0.16,15.0,0.19,31.0,0.39,5.0,0.81,31.0,0.61,5.0,0.83,7.5,0.84,15.0,0.02,0.02,43.609915,1776211557000
1776211559.266,59.266,0.17,7.5,0.16,15.0,0.19,31.0,0.39,5.0,0.81,31.0,0.61,5.0,0.83,7.5,0.84,15.0,0.02,0.02,43.613767,1776211558000
1776211559.506,59.506,0.18,8.22,0.17,7.5,0.19,31.0,0.44,5.0,0.81,31.0,0.61,5.0,0.83,7.5,0.84,15.0,0.01,0.02,43.613767,1776211558000
1776211560.708,60.708,0.18,8.22,0.17,7.5,0.19,31.0,0.44,5.0,0.81,31.0,0.56,5.0,0.82,8.22,0.83,7.5,0.01,0.01,43.616729,1776211559000
1776211561.369,61.369,0.18,8.22,0.17,7.5,0.19,31.0,0.44,5.0,0.81,31.0,0.56,5.0,0.82,8.22,0.83,7.5,0.01,0.01,43.621626,1776211560000
1776211562.077,62.077,0.18,8.22,0.17,7.5,0.19,31.0,0.44,5.0,0.81,31.0,0.56,5.0,0.82,8.22,0.83,7.5,0.01,0.01,43.617412,1776211561000
1776211563.563,63.563,0.18,8.22,0.17,7.5,0.19,31.0,0.44,5.0,0.81,31.0,0.56,5.0,0.82,8.22,0.83,7.5,0.01,0.01,43.61133,1776211562000
1776211564.178,64.178,0.18,8.22,0.17,7.5,0.19,31.0,0.44,5.0,0.81,31.0,0.56,5.0,0.82,8.22,0.83,7.5,0.01,0.01,43.610431,1776211563000
1776211564.393,64.393,0.17,7.5,0.16,15.0,0.19,31.0,0.33,5.0,0.81,31.0,0.56,5.0,0.82,8.22,0.83,7.5,0.02,0.01,43.610431,1776211563000
1776211565.527,65.527,0.17,7.5,0.16,15.0,0.19,31.0,0.33,5.0,0.81,31.0,0.67,5.0,0.83,7.5,0.84,15.0,0.02,0.02,43.610346,1776211564000
1776211566.603,66.603,0.17,7.5,0.16,15.0,0.19,31.0,0.33,5.0,0.81,31.0,0.67,5.0,0.83,7.5,0.84,15.0,0.02,0.02,43.60818,1776211565000
1776211567.171,67.171,0.17,7.5,0.16,15.0,0.19,31.0,0.33,5.0,0.81,31.0,0.67,5.0,0.83,7.5,0.84,15.0,0.02,0.02,43.608664,1776211566000
1776211567.592,67.592,0.17,7.5,0.16,15.0,0.19,31.0,0.41,5.0,0.81,31.0,0.67,5.0,0.83,7.5,0.84,15.0,0.02,0.02,43.608664,1776211566000
1776211568.378,68.378,0.17,7.5,0.16,15.0,0.19,31.0,0.41,5.0,0.81,31.0,0.59,5.0,0.83,7.5,0.84,15.0,0.02,0.02,43.611703,1776211567000
1776211569.059,69.059,0.17,7.5,0.16,15.0,0.19,31.0,0.41,5.0,0.81,31.0,0.59,5.0,0.83,7.5,0.84,15.0,0.02,0.02,43.611833,1776211568000
1776211569.263,69.263,0.17,7.5,0.16,15.0,0.19,31.0,0.35,5.0,0.81,31.0,0.59,5.0,0.83,7.5,0.84,15.0,0.02,0.02,43.611833,1776211568000
1776211570.126,70.126,0.17,7.5,0.16,15.0,0.19,31.0,0.35,5.0,0.81,31.0,0.65,5.0,0.83,7.5,0.84,15.0,0.02,0.02,43.614941,1776211569000
1776211570.591,70.591,0.17,7.5,0.16,15.0,0.19,31.0,0.34,5.0,0.81,31.0,0.65,5.0,0.83,7.5,0.84,15.0,0.02,0.02,43.614941,1776211569000
1776211571.227,71.227,0.17,7.5,0.16,15.0,0.19,31.0,0.34,5.0,0.81,31.0,0.66,5.0,0.83,7.5,0.84,15.0,0.02,0.02,43.612526,1776211570000
1776211572.515,72.515,0.17,7.5,0.16,15.0,0.19,31.0,0.34,5.0,0.81,31.0,0.66,5.0,0.83,7.5,0.84,15.0,0.02,0.02,43.6107,1776211571000
1776211573.085,73.085,0.17,7.5,0.16,15.0,0.19,31.0,0.34,5.0,0.81,31.0,0.66,5.0,0.83,7.5,0.84,15.0,0.02,0.02,43.610992,1776211572000
1776211573.297,73.297,0.17,7.5,0.16,15.0,0.19,31.0,0.39,20.0,0.81,31.0,0.66,5.0,0.83,7.5,0.84,15.0,0.02,0.02,43.610992,1776211572000
1776211574.13,74.13,0.17,7.5,0.16,15.0,0.19,31.0,0.39,20.0,0.81,31.0,0.61,20.0,0.83,7.5,0.84,15.0,0.02,0.02,43.612815,1776211573000
1776211574.596,74.596,0.17,7.5,0.16,15.0,0.19,31.0,0.37,15.0,0.81,31.0,0.61,20.0,0.83,7.5,0.84,15.0,0.02,0.02,43.612815,1776211573000
1776211575.165,75.165,0.17,7.5,0.16,15.0,0.19,31.0,0.37,15.0,0.81,31.0,0.63,15.0,0.83,7.5,0.84,15.0,0.02,0.02,43.619808,1776211574000
1776211576.462,76.462,0.17,7.5,0.16,15.0,0.19,31.0,0.37,15.0,0.81,31.0,0.63,15.0,0.83,7.5,0.84,15.0,0.02,0.02,43.619164,1776211575000
1776211577.125,77.125,0.17,7.5,0.16,15.0,0.19,31.0,0.37,15.0,0.81,31.0,0.63,15.0,0.83,7.5,0.84,15.0,0.02,0.02,43.620255,1776211576000
1776211578.29,78.29,0.17,7.5,0.16,15.0,0.19,31.0,0.37,15.0,0.81,31.0,0.63,15.0,0.83,7.5,0.84,15.0,0.02,0.02,43.623695,1776211577000
1776211579.453,79.453,0.17,7.5,0.16,15.0,0.19,31.0,0.37,15.0,0.81,31.0,0.63,15.0,0.83,7.5,0.84,15.0,0.02,0.02,43.616434,1776211578000
1776211579.978,79.978,0.17,7.5,0.16,15.0,0.19,31.0,0.37,15.0,0.81,31.0,0.63,15.0,0.83,7.5,0.84,15.0,0.02,0.02,43.614986,1776211579000
1776211581.664,81.664,0.17,7.5,0.16,15.0,0.19,31.0,0.37,15.0,0.81,31.0,0.63,15.0,0.83,7.5,0.84,15.0,0.02,0.02,43.612903,1776211580000
1776211582.382,82.382,0.17,7.5,0.16,15.0,0.19,31.0,0.37,15.0,0.81,31.0,0.63,15.0,0.83,7.5,0.84,15.0,0.02,0.02,43.615351,1776211581000
1776211582.976,82.976,0.17,7.5,0.16,15.0,0.19,31.0,0.37,15.0,0.81,31.0,0.63,15.0,0.83,7.5,0.84,15.0,0.02,0.02,43.626106,1776211582000
1776211584.315,84.315,0.17,7.5,0.16,15.0,0.19,31.0,0.37,15.0,0.81,31.0,0.63,15.0,0.83,7.5,0.84,15.0,0.02,0.02,43.62697,1776211583000
1776211585.609,85.609,0.17,7.5,0.16,15.0,0.19,31.0,0.37,15.0,0.81,31.0,0.63,15.0,0.83,7.5,0.84,15.0,0.02,0.02,43.62844,1776211584000
1776211586.193,86.193,0.17,7.5,0.16,15.0,0.19,31.0,0.37,15.0,0.81,31.0,0.63,15.0,0.83,7.5,0.84,15.0,0.02,0.02,43.628461,1776211585000
1776211586.628,86.628,0.18,15.0,0.17,15.0,0.19,25.47,0.33,15.0,0.81,31.0,0.63,15.0,0.83,7.5,0.84,15.0,0.01,0.02,43.628461,1776211585000
1776211587.403,87.403,0.18,15.0,0.17,15.0,0.19,25.47,0.33,15.0,0.81,25.47,0.67,15.0,0.82,15.0,0.83,15.0,0.01,0.01,43.633312,1776211586000
1776211588.088,88.088,0.18,15.0,0.17,15.0,0.19,25.47,0.33,15.0,0.81,25.47,0.67,15.0,0.82,15.0,0.83,15.0,0.01,0.01,43.636556,1776211587000
1776211589.437,89.437,0.18,15.0,0.17,15.0,0.19,25.47,0.33,15.0,0.81,25.47,0.67,15.0,0.82,15.0,0.83,15.0,0.01,0.01,43.634444,1776211588000
1776211590.042,90.042,0.18,15.0,0.17,15.0,0.19,25.47,0.33,15.0,0.81,25.47,0.67,15.0,0.82,15.0,0.83,15.0,0.01,0.01,43.63618,1776211589000
1776211591.303,91.303,0.18,15.0,0.17,15.0,0.19,25.47,0.33,15.0,0.81,25.47,0.67,15.0,0.82,15.0,0.83,15.0,0.01,0.01,43.635398,1776211590000
1776211592.481,92.481,0.18,15.0,0.17,15.0,0.19,25.47,0.33,15.0,0.81,25.47,0.67,15.0,0.82,15.0,0.83,15.0,0.01,0.01,43.633455,1776211591000
1776211593.181,93.181,0.18,15.0,0.17,15.0,0.19,25.47,0.33,15.0,0.81,25.47,0.67,15.0,0.82,15.0,0.83,15.0,0.01,0.01,43.630777,1776211592000
1776211594.573,94.573,0.18,15.0,0.17,15.0,0.19,25.47,0.33,15.0,0.81,25.47,0.67,15.0,0.82,15.0,0.83,15.0,0.01,0.01,43.631548,1776211593000
1776211595.302,95.302,0.18,15.0,0.17,15.0,0.19,25.47,0.33,15.0,0.81,25.47,0.67,15.0,0.82,15.0,0.83,15.0,0.01,0.01,43.63259,1776211594000
1776211595.988,95.988,0.18,15.0,0.17,15.0,0.19,25.47,0.33,15.0,0.81,25.47,0.67,15.0,0.82,15.0,0.83,15.0,0.01,0.01,43.635159,1776211595000
1776211597.24,97.24,0.18,15.0,0.17,15.0,0.19,25.47,0.33,15.0,0.81,25.47,0.67,15.0,0.82,15.0,0.83,15.0,0.01,0.01,43.63581,1776211596000
1776211598.372,98.372,0.18,15.0,0.17,15.0,0.19,25.47,0.33,15.0,0.81,25.47,0.67,15.0,0.82,15.0,0.83,15.0,0.01,0.01,43.63581,1776211597000
1776211598.812,98.812,0.18,15.0,0.17,15.0,0.19,25.47,0.33,15.0,0.81,25.47,0.67,15.0,0.82,15.0,0.83,15.0,0.01,0.01,43.635936,1776211598000
1776211599.863,99.863,0.18,15.0,0.17,15.0,0.19,25.47,0.33,15.0,0.81,25.47,0.67,15.0,0.82,15.0,0.83,15.0,0.01,0.01,43.636008,1776211599000
1776211600.846,100.846,0.18,15.0,0.17,15.0,0.19,25.47,0.33,15.0,0.81,25.47,0.67,15.0,0.82,15.0,0.83,15.0,0.01,0.01,43.628149,1776211600000
1776211601.876,101.876,0.18,15.0,0.17,15.0,0.19,25.47,0.33,15.0,0.81,25.47,0.67,15.0,0.82,15.0,0.83,15.0,0.01,0.01,43.624902,1776211601000
1776211602.927,102.927,0.18,15.0,0.17,15.0,0.19,25.47,0.33,15.0,0.81,25.47,0.67,15.0,0.82,15.0,0.83,15.0,0.01,0.01,43.622337,1776211602000
1776211603.937,103.937,0.18,15.0,0.17,15.0,0.19,25.47,0.33,15.0,0.81,25.47,0.67,15.0,0.82,15.0,0.83,15.0,0.01,0.01,43.601938,1776211603000
1776211604.958,104.958,0.18,15.0,0.17,15.0,0.19,25.47,0.33,15.0,0.81,25.47,0.67,15.0,0.82,15.0,0.83,15.0,0.01,0.01,43.60057,1776211604000
1776211605.9,105.9,0.18,15.0,0.17,15.0,0.19,25.47,0.33,15.0,0.81,25.47,0.67,15.0,0.82,15.0,0.83,15.0,0.01,0.01,43.601102,1776211605000
1776211606.84,106.84,0.18,15.0,0.17,15.0,0.19,25.47,0.33,15.0,0.81,25.47,0.67,15.0,0.82,15.0,0.83,15.0,0.01,0.01,43.60406,1776211606000
1776211607.828,107.828,0.18,15.0,0.17,15.0,0.19,25.47,0.33,15.0,0.81,25.47,0.67,15.0,0.82,15.0,0.83,15.0,0.01,0.01,43.606683,1776211607000
1776211608.797,108.797,0.18,15.0,0.17,15.0,0.19,25.47,0.33,15.0,0.81,25.47,0.67,15.0,0.82,15.0,0.83,15.0,0.01,0.01,43.607749,1776211608000
1776211610.274,110.274,0.18,15.0,0.17,15.0,0.19,25.47,0.33,15.0,0.81,25.47,0.67,15.0,0.82,15.0,0.83,15.0,0.01,0.01,43.61567,1776211609000
1776211611.447,111.447,0.18,15.0,0.17,15.0,0.19,25.47,0.33,15.0,0.81,25.47,0.67,15.0,0.82,15.0,0.83,15.0,0.01,0.01,43.620385,1776211610000
1776211612.255,112.255,0.18,15.0,0.17,15.0,0.19,25.47,0.33,15.0,0.81,25.47,0.67,15.0,0.82,15.0,0.83,15.0,0.01,0.01,43.630832,1776211611000
1776211613.592,113.592,0.18,15.0,0.17,15.0,0.19,25.47,0.33,15.0,0.81,25.47,0.67,15.0,0.82,15.0,0.83,15.0,0.01,0.01,43.643267,1776211612000
1776211614.542,114.542,0.18,15.0,0.17,15.0,0.19,25.47,0.33,15.0,0.81,25.47,0.67,15.0,0.82,15.0,0.83,15.0,0.01,0.01,43.64501,1776211613000
1776211615.256,115.256,0.18,15.0,0.17,15.0,0.19,25.47,0.33,15.0,0.81,25.47,0.67,15.0,0.82,15.0,0.83,15.0,0.01,0.01,43.645029,1776211614000
1776211615.46,115.46,0.2,15.0,0.19,15.0,0.21,19.0,0.33,15.0,0.81,25.47,0.67,15.0,0.82,15.0,0.83,15.0,0.01,0.01,43.645029,1776211614000
1776211616.702,116.702,0.21,19.0,0.2,15.0,0.33,15.0,0.34,15.0,0.67,15.0,0.66,15.0,0.79,19.0,0.8,15.0,0.12,0.12,43.644334,1776211615000
1776211617.358,117.358,0.21,19.0,0.2,15.0,0.33,15.0,0.34,15.0,0.67,15.0,0.66,15.0,0.79,19.0,0.8,15.0,0.12,0.12,43.644615,1776211616000
1776211618.586,118.586,0.21,19.0,0.2,15.0,0.33,15.0,0.34,15.0,0.67,15.0,0.66,15.0,0.79,19.0,0.8,15.0,0.12,0.12,43.641736,1776211617000
1776211619.062,119.062,0.21,19.0,0.2,15.0,0.33,15.0,0.34,15.0,0.67,15.0,0.66,15.0,0.79,19.0,0.8,15.0,0.12,0.12,43.641442,1776211618000
1776211620.347,120.347,0.21,19.0,0.2,15.0,0.33,15.0,0.34,15.0,0.67,15.0,0.66,15.0,0.79,19.0,0.8,15.0,0.12,0.12,43.641859,1776211619000
1776211621.069,121.069,0.21,19.0,0.2,15.0,0.33,15.0,0.34,15.0,0.67,15.0,0.66,15.0,0.79,19.0,0.8,15.0,0.12,0.12,43.641859,1776211620000
1776211622.335,122.335,0.21,19.0,0.2,15.0,0.33,15.0,0.34,15.0,0.67,15.0,0.66,15.0,0.79,19.0,0.8,15.0,0.12,0.12,43.644872,1776211621000
1776211623.129,123.129,0.21,19.0,0.2,15.0,0.33,15.0,0.34,15.0,0.67,15.0,0.66,15.0,0.79,19.0,0.8,15.0,0.12,0.12,43.647448,1776211622000
1776211624.52,124.52,0.21,19.0,0.2,15.0,0.33,15.0,0.34,15.0,0.67,15.0,0.66,15.0,0.79,19.0,0.8,15.0,0.12,0.12,43.647183,1776211623000
1776211625.218,125.218,0.21,19.0,0.2,15.0,0.33,15.0,0.34,15.0,0.67,15.0,0.66,15.0,0.79,19.0,0.8,15.0,0.12,0.12,43.647245,1776211624000
1776211626.687,126.687,0.21,19.0,0.2,15.0,0.33,15.0,0.34,15.0,0.67,15.0,0.66,15.0,0.79,19.0,0.8,15.0,0.12,0.12,43.647624,1776211625000
1776211627.348,127.348,0.21,19.0,0.2,15.0,0.33,15.0,0.34,15.0,0.67,15.0,0.66,15.0,0.79,19.0,0.8,15.0,0.12,0.12,43.647667,1776211626000
1776211628.085,128.085,0.21,19.0,0.2,15.0,0.33,15.0,0.34,15.0,0.67,15.0,0.66,15.0,0.79,19.0,0.8,15.0,0.12,0.12,43.648658,1776211627000
1776211628.873,128.873,0.21,19.0,0.2,15.0,0.33,15.0,0.34,15.0,0.67,15.0,0.66,15.0,0.79,19.0,0.8,15.0,0.12,0.12,43.653016,1776211628000
1776211629.956,129.956,0.21,19.0,0.2,15.0,0.33,15.0,0.34,15.0,0.67,15.0,0.66,15.0,0.79,19.0,0.8,15.0,0.12,0.12,43.653863,1776211629000
1776211631.133,131.133,0.21,19.0,0.2,15.0,0.33,15.0,0.34,15.0,0.67,15.0,0.66,15.0,0.79,19.0,0.8,15.0,0.12,0.12,43.65484,1776211630000
1776211632.223,132.223,0.21,19.0,0.2,15.0,0.33,15.0,0.34,15.0,0.67,15.0,0.66,15.0,0.79,19.0,0.8,15.0,0.12,0.12,43.6578,1776211631000
1776211633.271,133.271,0.21,19.0,0.2,15.0,0.33,15.0,0.34,15.0,0.67,15.0,0.66,15.0,0.79,19.0,0.8,15.0,0.12,0.12,43.659999,1776211632000
1776211634.29,134.29,0.21,19.0,0.2,15.0,0.33,15.0,0.34,15.0,0.67,15.0,0.66,15.0,0.79,19.0,0.8,15.0,0.12,0.12,43.6647,1776211633000
1776211635.382,135.382,0.21,19.0,0.2,15.0,0.33,15.0,0.34,15.0,0.67,15.0,0.66,15.0,0.79,19.0,0.8,15.0,0.12,0.12,43.6649,1776211634000
1776211635.98,135.98,0.21,19.0,0.2,15.0,0.33,15.0,0.34,15.0,0.67,15.0,0.66,15.0,0.79,19.0,0.8,15.0,0.12,0.12,43.6649,1776211635000
1776211636.501,136.501,0.27,15.0,0.26,97.0,0.56,9.69,0.57,15.0,0.67,15.0,0.66,15.0,0.79,19.0,0.8,15.0,0.29,0.12,43.6649,1776211635000
1776211636.99,136.99,0.27,15.0,0.26,97.0,0.56,9.69,0.57,15.0,0.44,9.69,0.43,15.0,0.73,15.0,0.74,97.0,0.29,0.29,43.66767,1776211636000
1776211638.062,138.062,0.27,15.0,0.26,97.0,0.56,9.69,0.57,15.0,0.44,9.69,0.43,15.0,0.73,15.0,0.74,97.0,0.29,0.29,43.667634,1776211637000
1776211638.391,138.391,0.3,15.0,0.29,15.0,0.57,15.0,0.58,15.0,0.44,9.69,0.43,15.0,0.73,15.0,0.74,97.0,0.27,0.29,43.667634,1776211637000
1776211639.244,139.244,0.3,15.0,0.29,15.0,0.57,15.0,0.58,15.0,0.43,15.0,0.42,15.0,0.7,15.0,0.71,15.0,0.27,0.27,43.68449,1776211638000
1776211640.312,140.312,0.3,15.0,0.29,15.0,0.57,15.0,0.58,15.0,0.43,15.0,0.42,15.0,0.7,15.0,0.71,15.0,0.27,0.27,43.6956,1776211639000
1776211641.405,141.405,0.3,15.0,0.29,15.0,0.57,15.0,0.58,15.0,0.43,15.0,0.42,15.0,0.7,15.0,0.71,15.0,0.27,0.27,43.6996,1776211640000
1776211642.082,142.082,0.3,15.0,0.29,15.0,0.57,15.0,0.58,15.0,0.43,15.0,0.42,15.0,0.7,15.0,0.71,15.0,0.27,0.27,43.7023,1776211641000
1776211642.572,142.572,0.57,2.09,0.4,15.0,0.59,15.0,0.6,15.0,0.43,15.0,0.42,15.0,0.7,15.0,0.71,15.0,0.02,0.27,43.7023,1776211641000
1776211643.065,143.065,0.57,2.09,0.4,15.0,0.59,15.0,0.6,15.0,0.41,15.0,0.4,15.0,0.43,2.09,0.6,15.0,0.02,0.02,43.704,1776211642000
1776211644.033,144.033,0.57,2.09,0.4,15.0,0.59,15.0,0.6,15.0,0.41,15.0,0.4,15.0,0.43,2.09,0.6,15.0,0.02,0.02,43.704,1776211643000
1776211645.052,145.052,0.57,2.09,0.4,15.0,0.59,15.0,0.6,15.0,0.41,15.0,0.4,15.0,0.43,2.09,0.6,15.0,0.02,0.02,43.705,1776211644000
1776211645.948,145.948,0.57,2.09,0.4,15.0,0.59,15.0,0.6,15.0,0.41,15.0,0.4,15.0,0.43,2.09,0.6,15.0,0.02,0.02,43.7041,1776211645000
1776211646.998,146.998,0.57,2.09,0.4,15.0,0.59,15.0,0.6,15.0,0.41,15.0,0.4,15.0,0.43,2.09,0.6,15.0,0.02,0.02,43.7051,1776211646000
1776211647.997,147.997,0.57,2.09,0.4,15.0,0.59,15.0,0.6,15.0,0.41,15.0,0.4,15.0,0.43,2.09,0.6,15.0,0.02,0.02,43.6996,1776211647000
1776211649.115,149.115,0.57,2.09,0.4,15.0,0.59,15.0,0.6,15.0,0.41,15.0,0.4,15.0,0.43,2.09,0.6,15.0,0.02,0.02,43.6961,1776211648000
1776211650.215,150.215,0.57,2.09,0.4,15.0,0.59,15.0,0.6,15.0,0.41,15.0,0.4,15.0,0.43,2.09,0.6,15.0,0.02,0.02,43.6971,1776211649000
1776211651.147,151.147,0.57,2.09,0.4,15.0,0.59,15.0,0.6,15.0,0.41,15.0,0.4,15.0,0.43,2.09,0.6,15.0,0.02,0.02,43.697214,1776211650000
1776211652.238,152.238,0.57,2.09,0.4,15.0,0.59,15.0,0.6,15.0,0.41,15.0,0.4,15.0,0.43,2.09,0.6,15.0,0.02,0.02,43.6973,1776211651000
1776211653.301,153.301,0.57,2.09,0.4,15.0,0.59,15.0,0.6,15.0,0.41,15.0,0.4,15.0,0.43,2.09,0.6,15.0,0.02,0.02,43.6998,1776211652000
1776211653.663,153.663,0.48,15.0,0.47,15.0,0.75,5.0,0.76,15.0,0.41,15.0,0.4,15.0,0.43,2.09,0.6,15.0,0.27,0.02,43.6998,1776211652000
1776211654.807,154.807,0.48,15.0,0.47,15.0,0.75,5.0,0.76,15.0,0.25,5.0,0.24,15.0,0.52,15.0,0.53,15.0,0.27,0.27,43.7033,1776211654000
1776211656.364,156.364,0.48,15.0,0.47,15.0,0.75,5.0,0.76,15.0,0.25,5.0,0.24,15.0,0.52,15.0,0.53,15.0,0.27,0.27,43.717,1776211655000
1776211657.403,157.403,0.48,15.0,0.47,15.0,0.75,5.0,0.76,15.0,0.25,5.0,0.24,15.0,0.52,15.0,0.53,15.0,0.27,0.27,43.716587,1776211656000
1776211658.095,158.095,0.72,54.0,0.52,10.0,0.73,15.0,0.74,15.0,0.27,15.0,0.26,15.0,0.28,54.0,0.48,10.0,0.01,0.01,43.71639,1776211657000
1776211659.228,159.228,0.72,54.0,0.52,10.0,0.73,15.0,0.74,15.0,0.27,15.0,0.26,15.0,0.28,54.0,0.48,10.0,0.01,0.01,43.715579,1776211658000
1776211660.376,160.376,0.72,54.0,0.52,10.0,0.73,15.0,0.74,15.0,0.27,15.0,0.26,15.0,0.28,54.0,0.48,10.0,0.01,0.01,43.700657,1776211659000
1776211660.732,160.732,0.42,5.0,0.28,15.0,0.67,15.0,0.68,15.0,0.27,15.0,0.26,15.0,0.28,54.0,0.48,10.0,0.25,0.01,43.700657,1776211659000
1776211661.708,161.708,0.26,15.0,0.25,25.0,0.65,48.0,0.66,15.0,0.33,15.0,0.32,15.0,0.58,5.0,0.72,15.0,0.39,0.25,43.69056,1776211660000
1776211662.071,162.071,0.26,15.0,0.25,25.0,0.65,48.0,0.66,15.0,0.35,48.0,0.34,15.0,0.74,15.0,0.75,25.0,0.39,0.39,43.685614,1776211661000
1776211663.236,163.236,0.26,15.0,0.25,25.0,0.65,48.0,0.66,15.0,0.35,48.0,0.34,15.0,0.74,15.0,0.75,25.0,0.39,0.39,43.674601,1776211662000
1776211664.371,164.371,0.26,15.0,0.25,25.0,0.65,48.0,0.66,15.0,0.35,48.0,0.34,15.0,0.74,15.0,0.75,25.0,0.39,0.39,43.668657,1776211663000
1776211665.068,165.068,0.26,15.0,0.25,25.0,0.65,48.0,0.66,15.0,0.35,48.0,0.34,15.0,0.74,15.0,0.75,25.0,0.39,0.39,43.666518,1776211664000
1776211666.295,166.295,0.26,15.0,0.25,25.0,0.65,48.0,0.66,15.0,0.35,48.0,0.34,15.0,0.74,15.0,0.75,25.0,0.39,0.39,43.667753,1776211665000
1776211667.446,167.446,0.26,15.0,0.25,25.0,0.65,48.0,0.66,15.0,0.35,48.0,0.34,15.0,0.74,15.0,0.75,25.0,0.39,0.39,43.673562,1776211666000
1776211668.026,168.026,0.26,15.0,0.25,25.0,0.65,48.0,0.66,15.0,0.35,48.0,0.34,15.0,0.74,15.0,0.75,25.0,0.39,0.39,43.676789,1776211667000
1776211669.128,169.128,0.26,15.0,0.25,25.0,0.65,48.0,0.66,15.0,0.35,48.0,0.34,15.0,0.74,15.0,0.75,25.0,0.39,0.39,43.6798,1776211668000
1776211670.338,170.338,0.26,15.0,0.25,25.0,0.65,48.0,0.66,15.0,0.35,48.0,0.34,15.0,0.74,15.0,0.75,25.0,0.39,0.39,43.6798,1776211669000
1776211670.877,170.877,0.26,15.0,0.25,25.0,0.65,48.0,0.66,15.0,0.35,48.0,0.34,15.0,0.74,15.0,0.75,25.0,0.39,0.39,43.682292,1776211670000
1776211672.013,172.013,0.26,15.0,0.25,25.0,0.65,48.0,0.66,15.0,0.35,48.0,0.34,15.0,0.74,15.0,0.75,25.0,0.39,0.39,43.683859,1776211671000
1776211673.15,173.15,0.26,15.0,0.25,25.0,0.65,48.0,0.66,15.0,0.35,48.0,0.34,15.0,0.74,15.0,0.75,25.0,0.39,0.39,43.684112,1776211672000
1776211674.193,174.193,0.26,15.0,0.25,25.0,0.65,48.0,0.66,15.0,0.35,48.0,0.34,15.0,0.74,15.0,0.75,25.0,0.39,0.39,43.6862,1776211673000
1776211675.226,175.226,0.26,15.0,0.25,25.0,0.65,48.0,0.66,15.0,0.35,48.0,0.34,15.0,0.74,15.0,0.75,25.0,0.39,0.39,43.6847,1776211674000
1776211676.241,176.241,0.26,15.0,0.25,25.0,0.65,48.0,0.66,15.0,0.35,48.0,0.34,15.0,0.74,15.0,0.75,25.0,0.39,0.39,43.681824,1776211675000
1776211677.23,177.23,0.26,15.0,0.25,25.0,0.65,48.0,0.66,15.0,0.35,48.0,0.34,15.0,0.74,15.0,0.75,25.0,0.39,0.39,43.681,1776211676000
1776211678.343,178.343,0.26,15.0,0.25,25.0,0.65,48.0,0.66,15.0,0.35,48.0,0.34,15.0,0.74,15.0,0.75,25.0,0.39,0.39,43.678701,1776211677000
1776211678.903,178.903,0.26,15.0,0.25,25.0,0.65,48.0,0.66,15.0,0.35,48.0,0.34,15.0,0.74,15.0,0.75,25.0,0.39,0.39,43.678548,1776211678000
1776211679.862,179.862,0.26,15.0,0.25,25.0,0.65,48.0,0.66,15.0,0.35,48.0,0.34,15.0,0.74,15.0,0.75,25.0,0.39,0.39,43.67732,1776211679000
1776211680.979,180.979,0.26,15.0,0.25,25.0,0.65,48.0,0.66,15.0,0.35,48.0,0.34,15.0,0.74,15.0,0.75,25.0,0.39,0.39,43.681683,1776211680000
1776211682.001,182.001,0.26,15.0,0.25,25.0,0.65,48.0,0.66,15.0,0.35,48.0,0.34,15.0,0.74,15.0,0.75,25.0,0.39,0.39,43.684707,1776211681000
1776211683.274,183.274,0.26,15.0,0.25,25.0,0.65,48.0,0.66,15.0,0.35,48.0,0.34,15.0,0.74,15.0,0.75,25.0,0.39,0.39,43.682879,1776211682000
1776211684.236,184.236,0.26,15.0,0.25,25.0,0.65,48.0,0.66,15.0,0.35,48.0,0.34,15.0,0.74,15.0,0.75,25.0,0.39,0.39,43.682882,1776211683000
1776211685.745,185.745,0.26,15.0,0.25,25.0,0.65,48.0,0.66,15.0,0.35,48.0,0.34,15.0,0.74,15.0,0.75,25.0,0.39,0.39,43.683797,1776211684000
1776211686.318,186.318,0.26,15.0,0.25,25.0,0.65,48.0,0.66,15.0,0.35,48.0,0.34,15.0,0.74,15.0,0.75,25.0,0.39,0.39,43.684981,1776211685000
1776211687.316,187.316,0.26,15.0,0.25,25.0,0.65,48.0,0.66,15.0,0.35,48.0,0.34,15.0,0.74,15.0,0.75,25.0,0.39,0.39,43.684828,1776211686000
1776211687.944,187.944,0.26,15.0,0.25,25.0,0.65,48.0,0.66,15.0,0.35,48.0,0.34,15.0,0.74,15.0,0.75,25.0,0.39,0.39,43.684828,1776211687000
1776211689.025,189.025,0.26,15.0,0.25,25.0,0.65,48.0,0.66,15.0,0.35,48.0,0.34,15.0,0.74,15.0,0.75,25.0,0.39,0.39,43.684555,1776211688000
1776211689.953,189.953,0.26,15.0,0.25,25.0,0.65,48.0,0.66,15.0,0.35,48.0,0.34,15.0,0.74,15.0,0.75,25.0,0.39,0.39,43.68462,1776211689000
1776211691.087,191.087,0.26,15.0,0.25,25.0,0.65,48.0,0.66,15.0,0.35,48.0,0.34,15.0,0.74,15.0,0.75,25.0,0.39,0.39,43.685145,1776211690000
1776211692.014,192.014,0.26,15.0,0.25,25.0,0.65,48.0,0.66,15.0,0.35,48.0,0.34,15.0,0.74,15.0,0.75,25.0,0.39,0.39,43.686127,1776211691000
1776211693.113,193.113,0.26,15.0,0.25,25.0,0.65,48.0,0.66,15.0,0.35,48.0,0.34,15.0,0.74,15.0,0.75,25.0,0.39,0.39,43.684979,1776211692000
1776211694.028,194.028,0.26,15.0,0.25,25.0,0.65,48.0,0.66,15.0,0.35,48.0,0.34,15.0,0.74,15.0,0.75,25.0,0.39,0.39,43.686931,1776211693000
1776211694.992,194.992,0.26,15.0,0.25,25.0,0.65,48.0,0.66,15.0,0.35,48.0,0.34,15.0,0.74,15.0,0.75,25.0,0.39,0.39,43.694085,1776211694000
1776211696.004,196.004,0.26,15.0,0.25,25.0,0.65,48.0,0.66,15.0,0.35,48.0,0.34,15.0,0.74,15.0,0.75,25.0,0.39,0.39,43.688102,1776211695000
1776211697.089,197.089,0.26,15.0,0.25,25.0,0.65,48.0,0.66,15.0,0.35,48.0,0.34,15.0,0.74,15.0,0.75,25.0,0.39,0.39,43.688063,1776211696000
1776211698.181,198.181,0.26,15.0,0.25,25.0,0.65,48.0,0.66,15.0,0.35,48.0,0.34,15.0,0.74,15.0,0.75,25.0,0.39,0.39,43.688218,1776211697000
1776211699.117,199.117,0.26,15.0,0.25,25.0,0.65,48.0,0.66,15.0,0.35,48.0,0.34,15.0,0.74,15.0,0.75,25.0,0.39,0.39,43.689259,1776211698000
1776211700.533,200.533,0.26,15.0,0.25,25.0,0.65,48.0,0.66,15.0,0.35,48.0,0.34,15.0,0.74,15.0,0.75,25.0,0.39,0.39,43.689238,1776211699000
1776211701.072,201.072,0.26,15.0,0.25,25.0,0.65,48.0,0.66,15.0,0.35,48.0,0.34,15.0,0.74,15.0,0.75,25.0,0.39,0.39,43.689743,1776211700000
1776211701.956,201.956,0.44,15.0,0.43,15.0,0.61,5.0,0.62,15.0,0.35,48.0,0.34,15.0,0.74,15.0,0.75,25.0,0.17,0.39,43.689743,1776211700000
1776211702.325,202.325,0.44,15.0,0.43,15.0,0.61,5.0,0.62,15.0,0.39,5.0,0.38,15.0,0.56,15.0,0.57,15.0,0.17,0.17,43.69031,1776211701000
1776211703.401,203.401,0.44,15.0,0.43,15.0,0.61,5.0,0.62,15.0,0.39,5.0,0.38,15.0,0.56,15.0,0.57,15.0,0.17,0.17,43.6913,1776211702000
1776211704.106,204.106,0.44,15.0,0.43,15.0,0.61,5.0,0.62,15.0,0.39,5.0,0.38,15.0,0.56,15.0,0.57,15.0,0.17,0.17,43.6913,1776211703000
1776211705.254,205.254,0.44,15.0,0.43,15.0,0.61,5.0,0.62,15.0,0.39,5.0,0.38,15.0,0.56,15.0,0.57,15.0,0.17,0.17,43.6944,1776211704000
1776211706.427,206.427,0.44,15.0,0.43,15.0,0.61,5.0,0.62,15.0,0.39,5.0,0.38,15.0,0.56,15.0,0.57,15.0,0.17,0.17,43.697098,1776211705000
1776211706.939,206.939,0.44,15.0,0.43,15.0,0.61,5.0,0.62,15.0,0.39,5.0,0.38,15.0,0.56,15.0,0.57,15.0,0.17,0.17,43.6972,1776211706000
1776211708.085,208.085,0.44,15.0,0.43,15.0,0.61,5.0,0.62,15.0,0.39,5.0,0.38,15.0,0.56,15.0,0.57,15.0,0.17,0.17,43.6933,1776211707000
1776211709.137,209.137,0.44,15.0,0.43,15.0,0.61,5.0,0.62,15.0,0.39,5.0,0.38,15.0,0.56,15.0,0.57,15.0,0.17,0.17,43.6937,1776211708000
1776211710.189,210.189,0.44,15.0,0.43,15.0,0.61,5.0,0.62,15.0,0.39,5.0,0.38,15.0,0.56,15.0,0.57,15.0,0.17,0.17,43.6924,1776211709000
1776211711.245,211.245,0.44,15.0,0.43,15.0,0.61,5.0,0.62,15.0,0.39,5.0,0.38,15.0,0.56,15.0,0.57,15.0,0.17,0.17,43.691054,1776211710000
1776211711.583,211.583,0.47,59.0,0.35,10.0,0.49,15.0,0.5,15.0,0.39,5.0,0.38,15.0,0.56,15.0,0.57,15.0,0.02,0.17,43.691054,1776211710000
1776211712.4,212.4,0.47,59.0,0.35,10.0,0.49,15.0,0.5,15.0,0.51,15.0,0.5,15.0,0.53,59.0,0.65,10.0,0.02,0.02,43.688031,1776211711000
1776211712.948,212.948,0.47,59.0,0.35,10.0,0.49,15.0,0.5,15.0,0.51,15.0,0.5,15.0,0.53,59.0,0.65,10.0,0.02,0.02,43.687078,1776211712000
1776211714.402,214.402,0.47,59.0,0.35,10.0,0.49,15.0,0.5,15.0,0.51,15.0,0.5,15.0,0.53,59.0,0.65,10.0,0.02,0.02,43.6832,1776211713000
1776211714.847,214.847,0.47,59.0,0.35,10.0,0.49,15.0,0.5,15.0,0.51,15.0,0.5,15.0,0.53,59.0,0.65,10.0,0.02,0.02,43.6832,1776211714000
1776211715.29,215.29,0.47,54.28,0.35,10.0,0.48,15.0,0.49,15.0,0.51,15.0,0.5,15.0,0.53,59.0,0.65,10.0,0.01,0.02,43.6832,1776211714000
1776211716.583,216.583,0.47,54.28,0.35,10.0,0.48,15.0,0.49,15.0,0.52,15.0,0.51,15.0,0.53,54.28,0.65,10.0,0.01,0.01,43.6847,1776211715000
1776211717.084,217.084,0.47,54.28,0.35,10.0,0.48,15.0,0.49,15.0,0.52,15.0,0.51,15.0,0.53,54.28,0.65,10.0,0.01,0.01,43.6846,1776211716000
1776211718.245,218.245,0.47,54.28,0.35,10.0,0.48,15.0,0.49,15.0,0.52,15.0,0.51,15.0,0.53,54.28,0.65,10.0,0.01,0.01,43.6849,1776211717000
1776211719.336,219.336,0.47,54.28,0.35,10.0,0.48,15.0,0.49,15.0,0.52,15.0,0.51,15.0,0.53,54.28,0.65,10.0,0.01,0.01,43.6845,1776211718000
1776211720.298,220.298,0.47,54.28,0.35,10.0,0.48,15.0,0.49,15.0,0.52,15.0,0.51,15.0,0.53,54.28,0.65,10.0,0.01,0.01,43.6827,1776211719000
1776211721.331,221.331,0.47,54.28,0.35,10.0,0.48,15.0,0.49,15.0,0.52,15.0,0.51,15.0,0.53,54.28,0.65,10.0,0.01,0.01,43.685695,1776211720000
1776211721.786,221.786,0.47,54.28,0.35,10.0,0.48,15.0,0.49,15.0,0.52,15.0,0.51,15.0,0.53,54.28,0.65,10.0,0.01,0.01,43.6866,1776211721000
1776211723.229,223.229,0.47,54.28,0.35,10.0,0.48,15.0,0.49,15.0,0.52,15.0,0.51,15.0,0.53,54.28,0.65,10.0,0.01,0.01,43.688912,1776211722000
1776211724.462,224.462,0.47,54.28,0.35,10.0,0.48,15.0,0.49,15.0,0.52,15.0,0.51,15.0,0.53,54.28,0.65,10.0,0.01,0.01,43.689334,1776211723000
1776211725.03,225.03,0.47,54.28,0.35,10.0,0.48,15.0,0.49,15.0,0.52,15.0,0.51,15.0,0.53,54.28,0.65,10.0,0.01,0.01,43.68782,1776211724000
1776211726.15,226.15,0.47,54.28,0.35,10.0,0.48,15.0,0.49,15.0,0.52,15.0,0.51,15.0,0.53,54.28,0.65,10.0,0.01,0.01,43.6876,1776211725000
1776211727.248,227.248,0.47,54.28,0.35,10.0,0.48,15.0,0.49,15.0,0.52,15.0,0.51,15.0,0.53,54.28,0.65,10.0,0.01,0.01,43.688801,1776211726000
1776211728.247,228.247,0.47,54.28,0.35,10.0,0.48,15.0,0.49,15.0,0.52,15.0,0.51,15.0,0.53,54.28,0.65,10.0,0.01,0.01,43.689206,1776211727000
1776211729.351,229.351,0.47,54.28,0.35,10.0,0.48,15.0,0.49,15.0,0.52,15.0,0.51,15.0,0.53,54.28,0.65,10.0,0.01,0.01,43.683674,1776211728000
1776211729.849,229.849,0.47,54.28,0.35,10.0,0.48,15.0,0.49,15.0,0.52,15.0,0.51,15.0,0.53,54.28,0.65,10.0,0.01,0.01,43.68257,1776211729000
1776211730.929,230.929,0.47,54.28,0.35,10.0,0.48,15.0,0.49,15.0,0.52,15.0,0.51,15.0,0.53,54.28,0.65,10.0,0.01,0.01,43.674183,1776211730000
1776211732.005,232.005,0.47,54.28,0.35,10.0,0.48,15.0,0.49,15.0,0.52,15.0,0.51,15.0,0.53,54.28,0.65,10.0,0.01,0.01,43.673777,1776211731000
1776211733.092,233.092,0.47,54.28,0.35,10.0,0.48,15.0,0.49,15.0,0.52,15.0,0.51,15.0,0.53,54.28,0.65,10.0,0.01,0.01,43.673226,1776211732000
1776211734.11,234.11,0.47,54.28,0.35,10.0,0.48,15.0,0.49,15.0,0.52,15.0,0.51,15.0,0.53,54.28,0.65,10.0,0.01,0.01,43.673706,1776211733000
1776211735.23,235.23,0.47,54.28,0.35,10.0,0.48,15.0,0.49,15.0,0.52,15.0,0.51,15.0,0.53,54.28,0.65,10.0,0.01,0.01,43.673359,1776211734000
1776211736.326,236.326,0.47,54.28,0.35,10.0,0.48,15.0,0.49,15.0,0.52,15.0,0.51,15.0,0.53,54.28,0.65,10.0,0.01,0.01,43.673647,1776211735000
1776211737.397,237.397,0.47,54.28,0.35,10.0,0.48,15.0,0.49,15.0,0.52,15.0,0.51,15.0,0.53,54.28,0.65,10.0,0.01,0.01,43.674317,1776211736000
1776211737.93,237.93,0.47,54.28,0.35,10.0,0.48,15.0,0.49,15.0,0.52,15.0,0.51,15.0,0.53,54.28,0.65,10.0,0.01,0.01,43.674317,1776211737000
1776211739.083,239.083,0.47,54.28,0.35,10.0,0.48,15.0,0.49,15.0,0.52,15.0,0.51,15.0,0.53,54.28,0.65,10.0,0.01,0.01,43.673966,1776211738000
1776211740.096,240.096,0.47,54.28,0.35,10.0,0.48,15.0,0.49,15.0,0.52,15.0,0.51,15.0,0.53,54.28,0.65,10.0,0.01,0.01,43.673878,1776211739000
1776211741.034,241.034,0.21,9.0,0.12,15.0,0.33,38.0,0.34,15.0,0.52,15.0,0.51,15.0,0.53,54.28,0.65,10.0,0.12,0.01,43.673878,1776211739000
1776211742.314,242.314,0.21,9.0,0.12,15.0,0.33,38.0,0.34,15.0,0.67,38.0,0.66,15.0,0.79,9.0,0.88,15.0,0.12,0.12,43.663512,1776211741000
1776211743.171,243.171,0.21,9.0,0.12,15.0,0.33,38.0,0.34,15.0,0.67,38.0,0.66,15.0,0.79,9.0,0.88,15.0,0.12,0.12,43.651044,1776211742000
1776211744.051,244.051,0.21,9.0,0.12,15.0,0.33,38.0,0.34,15.0,0.67,38.0,0.66,15.0,0.79,9.0,0.88,15.0,0.12,0.12,43.64798,1776211743000
1776211745.075,245.075,0.21,9.0,0.12,15.0,0.33,38.0,0.34,15.0,0.67,38.0,0.66,15.0,0.79,9.0,0.88,15.0,0.12,0.12,43.647018,1776211744000
1776211745.508,245.508,0.21,9.0,0.15,25.0,0.3,11.66,0.31,15.0,0.67,38.0,0.66,15.0,0.79,9.0,0.88,15.0,0.09,0.12,43.647018,1776211744000
1776211746.014,246.014,0.21,9.0,0.15,25.0,0.3,11.66,0.31,15.0,0.7,11.66,0.69,15.0,0.79,9.0,0.85,25.0,0.09,0.09,43.647131,1776211745000
1776211747.037,247.037,0.21,9.0,0.15,25.0,0.3,11.66,0.31,15.0,0.7,11.66,0.69,15.0,0.79,9.0,0.85,25.0,0.09,0.09,43.651341,1776211746000
1776211747.743,247.743,0.21,17.6,0.2,15.0,0.37,15.0,0.38,15.0,0.7,11.66,0.69,15.0,0.79,9.0,0.85,25.0,0.16,0.09,43.651341,1776211746000
1776211748.809,248.809,0.21,17.6,0.2,15.0,0.37,15.0,0.38,15.0,0.63,15.0,0.62,15.0,0.79,17.6,0.8,15.0,0.16,0.16,43.654645,1776211748000
1776211749.83,249.83,0.21,17.6,0.2,15.0,0.37,15.0,0.38,15.0,0.63,15.0,0.62,15.0,0.79,17.6,0.8,15.0,0.16,0.16,43.657969,1776211749000
1776211750.907,250.907,0.21,17.6,0.2,15.0,0.37,15.0,0.38,15.0,0.63,15.0,0.62,15.0,0.79,17.6,0.8,15.0,0.16,0.16,43.658834,1776211750000
1776211751.856,251.856,0.21,17.6,0.2,15.0,0.37,15.0,0.38,15.0,0.63,15.0,0.62,15.0,0.79,17.6,0.8,15.0,0.16,0.16,43.659286,1776211751000
1776211753.278,253.278,0.21,17.6,0.2,15.0,0.37,15.0,0.38,15.0,0.63,15.0,0.62,15.0,0.79,17.6,0.8,15.0,0.16,0.16,43.659648,1776211752000
1776211754.685,254.685,0.21,17.6,0.2,15.0,0.37,15.0,0.38,15.0,0.63,15.0,0.62,15.0,0.79,17.6,0.8,15.0,0.16,0.16,43.659908,1776211753000
1776211755.149,255.149,0.21,17.6,0.2,15.0,0.37,15.0,0.38,15.0,0.63,15.0,0.62,15.0,0.79,17.6,0.8,15.0,0.16,0.16,43.655922,1776211754000
1776211756.146,256.146,0.21,17.6,0.2,15.0,0.37,15.0,0.38,15.0,0.63,15.0,0.62,15.0,0.79,17.6,0.8,15.0,0.16,0.16,43.656473,1776211755000
1776211757.075,257.075,0.21,2.53,0.11,15.0,0.22,21.0,0.23,15.0,0.63,15.0,0.62,15.0,0.79,17.6,0.8,15.0,0.01,0.16,43.656473,1776211755000
1776211758.156,258.156,0.21,2.53,0.11,15.0,0.22,21.0,0.23,15.0,0.78,21.0,0.77,15.0,0.79,2.53,0.89,15.0,0.01,0.01,43.656367,1776211757000
1776211759.091,259.091,0.21,2.53,0.11,15.0,0.22,21.0,0.23,15.0,0.78,21.0,0.77,15.0,0.79,2.53,0.89,15.0,0.01,0.01,43.655826,1776211758000
1776211760.261,260.261,0.21,2.53,0.11,15.0,0.22,21.0,0.23,15.0,0.78,21.0,0.77,15.0,0.79,2.53,0.89,15.0,0.01,0.01,43.65571,1776211759000
1776211761.202,261.202,0.21,2.53,0.11,15.0,0.22,21.0,0.23,15.0,0.78,21.0,0.77,15.0,0.79,2.53,0.89,15.0,0.01,0.01,43.655778,1776211760000
1776211762.18,262.18,0.21,2.53,0.11,15.0,0.22,21.0,0.23,15.0,0.78,21.0,0.77,15.0,0.79,2.53,0.89,15.0,0.01,0.01,43.656066,1776211761000
1776211763.108,263.108,0.21,2.53,0.11,15.0,0.22,21.0,0.23,15.0,0.78,21.0,0.77,15.0,0.79,2.53,0.89,15.0,0.01,0.01,43.656204,1776211762000
1776211764.183,264.183,0.21,2.53,0.11,15.0,0.22,21.0,0.23,15.0,0.78,21.0,0.77,15.0,0.79,2.53,0.89,15.0,0.01,0.01,43.656082,1776211763000
1776211765.09,265.09,0.21,2.53,0.11,15.0,0.22,21.0,0.23,15.0,0.78,21.0,0.77,15.0,0.79,2.53,0.89,15.0,0.01,0.01,43.655635,1776211764000
1776211766.129,266.129,0.21,2.53,0.11,15.0,0.22,21.0,0.23,15.0,0.78,21.0,0.77,15.0,0.79,2.53,0.89,15.0,0.01,0.01,43.654485,1776211765000
1776211766.369,266.369,0.04,5.0,0.03,15.0,0.22,43.0,0.23,15.0,0.78,21.0,0.77,15.0,0.79,2.53,0.89,15.0,0.18,0.01,43.654485,1776211765000
1776211767.542,267.542,0.04,5.0,0.03,15.0,0.22,43.0,0.23,15.0,0.78,43.0,0.77,15.0,0.96,5.0,0.97,15.0,0.18,0.18,43.653982,1776211766000
1776211768.037,268.037,0.04,5.0,0.03,15.0,0.22,43.0,0.23,15.0,0.78,43.0,0.77,15.0,0.96,5.0,0.97,15.0,0.18,0.18,43.644194,1776211767000
1776211769.028,269.028,0.04,5.0,0.03,15.0,0.22,43.0,0.23,15.0,0.78,43.0,0.77,15.0,0.96,5.0,0.97,15.0,0.18,0.18,43.63555,1776211768000
1776211769.641,269.641,0.02,25.0,0.01,205.0,0.14,15.0,0.15,35.0,0.78,43.0,0.77,15.0,0.96,5.0,0.97,15.0,0.12,0.18,43.63555,1776211768000
1776211769.978,269.978,0.02,25.0,0.01,205.0,0.14,15.0,0.15,35.0,0.86,15.0,0.85,35.0,0.98,25.0,0.99,205.0,0.12,0.12,43.63474,1776211769000
1776211770.962,270.962,0.02,25.0,0.01,205.0,0.14,15.0,0.15,35.0,0.86,15.0,0.85,35.0,0.98,25.0,0.99,205.0,0.12,0.12,43.633676,1776211770000
1776211771.985,271.985,0.02,25.0,0.01,205.0,0.14,15.0,0.15,35.0,0.86,15.0,0.85,35.0,0.98,25.0,0.99,205.0,0.12,0.12,43.635659,1776211771000
1776211772.949,272.949,0.02,25.0,0.01,205.0,0.14,15.0,0.15,35.0,0.86,15.0,0.85,35.0,0.98,25.0,0.99,205.0,0.12,0.12,43.636159,1776211772000
1776211773.899,273.899,0.03,13.96,0.02,25.0,0.05,15.0,0.06,15.0,0.86,15.0,0.85,35.0,0.98,25.0,0.99,205.0,0.02,0.12,43.636159,1776211772000
1776211774.967,274.967,0.03,13.96,0.02,25.0,0.05,15.0,0.06,15.0,0.95,15.0,0.94,15.0,0.97,13.96,0.98,25.0,0.02,0.02,43.636436,1776211774000
1776211775.995,275.995,0.03,13.96,0.02,25.0,0.05,15.0,0.06,15.0,0.95,15.0,0.94,15.0,0.97,13.96,0.98,25.0,0.02,0.02,43.636436,1776211775000
1776211776.959,276.959,0.03,13.96,0.02,25.0,0.05,15.0,0.06,15.0,0.95,15.0,0.94,15.0,0.97,13.96,0.98,25.0,0.02,0.02,43.636397,1776211776000
1776211777.921,277.921,0.03,13.96,0.02,25.0,0.05,15.0,0.06,15.0,0.95,15.0,0.94,15.0,0.97,13.96,0.98,25.0,0.02,0.02,43.636137,1776211777000
1776211778.573,278.573,0.02,2.84,0.01,190.0,0.7,229.0,0.96,5.0,0.95,15.0,0.94,15.0,0.97,13.96,0.98,25.0,0.68,0.02,43.636137,1776211777000
1776211778.903,278.903,0.01,162.84,,,0.7,229.0,0.96,5.0,0.3,229.0,0.04,5.0,0.99,162.84,,,0.69,0.69,43.636161,1776211778000
1776211780.281,280.281,0.01,162.84,,,0.7,229.0,0.96,5.0,0.3,229.0,0.04,5.0,0.99,162.84,,,0.69,0.69,43.638088,1776211779000
1776211781.235,281.235,0.01,162.84,,,0.7,229.0,0.96,5.0,0.3,229.0,0.04,5.0,0.99,162.84,,,0.69,0.69,43.638244,1776211780000
1776211782.401,282.401,0.01,162.84,,,0.7,229.0,0.96,5.0,0.3,229.0,0.04,5.0,0.99,162.84,,,0.69,0.69,43.637004,1776211781000
1776211783.26,283.26,0.01,162.84,,,0.7,229.0,0.96,5.0,0.3,229.0,0.04,5.0,0.99,162.84,,,0.69,0.69,43.636379,1776211782000
1776211784.216,284.216,0.01,162.84,,,0.7,229.0,0.96,5.0,0.3,229.0,0.04,5.0,0.99,162.84,,,0.69,0.69,43.639007,1776211783000
1776211785.216,285.216,0.01,162.84,,,0.7,229.0,0.96,5.0,0.3,229.0,0.04,5.0,0.99,162.84,,,0.69,0.69,43.639868,1776211784000
1776211785.471,285.471,0.01,157.84,,,0.7,229.0,0.96,5.0,0.3,229.0,0.04,5.0,0.99,162.84,,,0.69,0.69,43.639868,1776211784000
1776211786.136,286.136,0.01,157.84,,,0.7,229.0,0.96,5.0,0.3,229.0,0.04,5.0,0.99,157.84,,,0.69,0.69,43.639869,1776211785000
1776211787.1,287.1,0.01,157.84,,,0.7,229.0,0.96,5.0,0.3,229.0,0.04,5.0,0.99,157.84,,,0.69,0.69,43.640731,1776211786000
1776211787.885,287.885,0.01,157.84,,,0.7,227.99,0.96,5.0,0.3,229.0,0.04,5.0,0.99,157.84,,,0.69,0.69,43.640731,1776211786000
1776211788.482,288.482,,,,,0.01,851.83,0.7,227.99,0.3,227.99,0.04,5.0,0.99,148.17,,,,0.69,43.640148,1776211787000
1776211789.021,289.021,,,,,0.01,851.83,0.7,227.99,0.99,851.83,0.3,227.99,,,,,,,43.638334,1776211788000
1776211789.922,289.922,,,,,0.01,851.83,0.7,227.99,0.99,851.83,0.3,227.99,,,,,,,43.637505,1776211789000
1776211790.913,290.913,,,,,0.01,851.83,0.7,227.99,0.99,851.83,0.3,227.99,,,,,,,43.637371,1776211790000
1776211791.83,291.83,,,,,0.01,851.83,0.7,227.99,0.99,851.83,0.3,227.99,,,,,,,43.637339,1776211791000
1776211793.27,293.27,,,,,0.01,851.83,0.7,227.99,0.99,851.83,0.3,227.99,,,,,,,43.625211,1776211792000
1776211794.297,294.297,,,,,0.01,851.83,0.7,227.99,0.99,851.83,0.3,227.99,,,,,,,43.617014,1776211793000
1776211795.39,295.39,,,,,0.01,851.83,0.7,227.99,0.99,851.83,0.3,227.99,,,,,,,43.613904,1776211794000
1776211795.883,295.883,,,,,0.01,851.83,0.7,227.99,0.99,851.83,0.3,227.99,,,,,,,43.611037,1776211795000
1776211797.042,297.042,,,,,0.01,851.83,0.7,227.99,0.99,851.83,0.3,227.99,,,,,,,43.608206,1776211796000
1776211798.08,298.08,,,,,0.01,851.83,0.7,227.99,0.99,851.83,0.3,227.99,,,,,,,43.596472,1776211797000
1776211799.205,299.205,,,,,0.01,851.83,0.7,227.99,0.99,851.83,0.3,227.99,,,,,,,43.596472,1776211798000
1776211800.209,300.209,,,,,0.01,851.83,0.7,227.99,0.99,851.83,0.3,227.99,,,,,,,43.595571,1776211799000

# RESULT,winner=Down,slug=hype-updown-5m-1776211500,ticks=334
