timestamp,elapsed_sec,up_bid_p1,up_bid_s1,up_bid_p2,up_bid_s2,up_ask_p1,up_ask_s1,up_ask_p2,up_ask_s2,down_bid_p1,down_bid_s1,down_bid_p2,down_bid_s2,down_ask_p1,down_ask_s1,down_ask_p2,down_ask_s2,up_spread,down_spread,hype_price,hype_oracle_ts
1776207901.381,1.381,0.11,100.0,0.08,57.5,0.89,100.0,0.92,50.0,0.11,100.0,0.08,50.0,0.89,100.0,0.92,57.5,0.78,0.78,43.409076,1776207900000
1776207901.687,1.687,0.11,100.0,0.08,57.5,0.89,100.0,0.92,50.0,0.11,100.0,0.08,50.0,0.89,100.0,0.92,57.5,0.78,0.78,43.409076,1776207900000
1776207901.966,1.966,0.11,100.0,0.08,57.5,0.89,100.0,0.92,50.0,0.11,100.0,0.08,50.0,0.89,100.0,0.92,57.5,0.78,0.78,43.408397,1776207901000
1776207902.962,2.962,0.11,100.0,0.08,57.5,0.89,100.0,0.92,50.0,0.11,100.0,0.08,50.0,0.89,100.0,0.92,57.5,0.78,0.78,43.409678,1776207902000
1776207903.83,3.83,0.11,100.0,0.08,57.5,0.89,100.0,0.92,50.0,0.11,100.0,0.08,50.0,0.89,100.0,0.92,57.5,0.78,0.78,43.414848,1776207903000
1776207904.836,4.836,0.11,100.0,0.08,57.5,0.89,100.0,0.92,50.0,0.11,100.0,0.08,50.0,0.89,100.0,0.92,57.5,0.78,0.78,43.41842,1776207904000
1776207905.825,5.825,0.11,100.0,0.08,57.5,0.89,100.0,0.92,50.0,0.11,100.0,0.08,50.0,0.89,100.0,0.92,57.5,0.78,0.78,43.41863,1776207905000
1776207907.235,7.235,0.11,100.0,0.08,57.5,0.89,100.0,0.92,50.0,0.11,100.0,0.08,50.0,0.89,100.0,0.92,57.5,0.78,0.78,43.41863,1776207906000
1776207908.251,8.251,0.11,100.0,0.08,57.5,0.89,100.0,0.92,50.0,0.11,100.0,0.08,50.0,0.89,100.0,0.92,57.5,0.78,0.78,43.418562,1776207907000
1776207909.264,9.264,0.11,100.0,0.08,57.5,0.89,100.0,0.92,50.0,0.11,100.0,0.08,50.0,0.89,100.0,0.92,57.5,0.78,0.78,43.418562,1776207908000
1776207910.177,10.177,0.11,100.0,0.08,57.5,0.89,100.0,0.92,50.0,0.11,100.0,0.08,50.0,0.89,100.0,0.92,57.5,0.78,0.78,43.418562,1776207909000
1776207911.14,11.14,0.11,100.0,0.08,57.5,0.89,100.0,0.92,50.0,0.11,100.0,0.08,50.0,0.89,100.0,0.92,57.5,0.78,0.78,43.418381,1776207910000
1776207912.1,12.1,0.11,100.0,0.08,57.5,0.89,100.0,0.92,50.0,0.11,100.0,0.08,50.0,0.89,100.0,0.92,57.5,0.78,0.78,43.418796,1776207911000
1776207913.087,13.087,0.11,100.0,0.08,57.5,0.89,100.0,0.92,50.0,0.11,100.0,0.08,50.0,0.89,100.0,0.92,57.5,0.78,0.78,43.418506,1776207912000
1776207914.082,14.082,0.11,100.0,0.08,57.5,0.89,100.0,0.92,50.0,0.11,100.0,0.08,50.0,0.89,100.0,0.92,57.5,0.78,0.78,43.418123,1776207913000
1776207915.057,15.057,0.11,100.0,0.08,57.5,0.89,100.0,0.92,50.0,0.11,100.0,0.08,50.0,0.89,100.0,0.92,57.5,0.78,0.78,43.417014,1776207914000
1776207916.031,16.031,0.11,100.0,0.08,57.5,0.89,100.0,0.92,50.0,0.11,100.0,0.08,50.0,0.89,100.0,0.92,57.5,0.78,0.78,43.41542,1776207915000
1776207917.008,17.008,0.11,100.0,0.08,57.5,0.89,100.0,0.92,50.0,0.11,100.0,0.08,50.0,0.89,100.0,0.92,57.5,0.78,0.78,43.415286,1776207916000
1776207918.017,18.017,0.11,100.0,0.08,57.5,0.89,100.0,0.92,50.0,0.11,100.0,0.08,50.0,0.89,100.0,0.92,57.5,0.78,0.78,43.41775,1776207917000
1776207918.942,18.942,0.11,100.0,0.08,57.5,0.89,100.0,0.92,50.0,0.11,100.0,0.08,50.0,0.89,100.0,0.92,57.5,0.78,0.78,43.422142,1776207918000
1776207920.099,20.099,0.11,100.0,0.08,57.5,0.89,100.0,0.92,50.0,0.11,100.0,0.08,50.0,0.89,100.0,0.92,57.5,0.78,0.78,43.42228,1776207919000
1776207921.808,21.808,0.11,100.0,0.08,57.5,0.89,100.0,0.92,50.0,0.11,100.0,0.08,50.0,0.89,100.0,0.92,57.5,0.78,0.78,43.421339,1776207920000
1776207922.669,22.669,0.11,100.0,0.08,57.5,0.89,100.0,0.92,50.0,0.11,100.0,0.08,50.0,0.89,100.0,0.92,57.5,0.78,0.78,43.423993,1776207921000
1776207923.457,23.457,0.11,100.0,0.08,57.5,0.89,100.0,0.92,50.0,0.11,100.0,0.08,50.0,0.89,100.0,0.92,57.5,0.78,0.78,43.424909,1776207922000
1776207924.252,24.252,0.11,100.0,0.08,57.5,0.89,100.0,0.92,50.0,0.11,100.0,0.08,50.0,0.89,100.0,0.92,57.5,0.78,0.78,43.424772,1776207923000
1776207925.91,25.91,0.11,100.0,0.08,57.5,0.89,100.0,0.92,50.0,0.11,100.0,0.08,50.0,0.89,100.0,0.92,57.5,0.78,0.78,43.424034,1776207924000
1776207926.67,26.67,0.11,100.0,0.08,57.5,0.89,100.0,0.92,50.0,0.11,100.0,0.08,50.0,0.89,100.0,0.92,57.5,0.78,0.78,43.424186,1776207925000
1776207927.532,27.532,0.11,100.0,0.08,57.5,0.89,100.0,0.92,50.0,0.11,100.0,0.08,50.0,0.89,100.0,0.92,57.5,0.78,0.78,43.424186,1776207926000
1776207928.245,28.245,0.11,100.0,0.08,57.5,0.89,100.0,0.92,50.0,0.11,100.0,0.08,50.0,0.89,100.0,0.92,57.5,0.78,0.78,43.426822,1776207927000
1776207929.878,29.878,0.11,100.0,0.08,57.5,0.89,100.0,0.92,50.0,0.11,100.0,0.08,50.0,0.89,100.0,0.92,57.5,0.78,0.78,43.421972,1776207928000
1776207930.746,30.746,0.11,100.0,0.08,57.5,0.89,100.0,0.92,50.0,0.11,100.0,0.08,50.0,0.89,100.0,0.92,57.5,0.78,0.78,43.421972,1776207929000
1776207931.418,31.418,0.11,100.0,0.08,57.5,0.89,100.0,0.92,50.0,0.11,100.0,0.08,50.0,0.89,100.0,0.92,57.5,0.78,0.78,43.418246,1776207930000
1776207932.199,32.199,0.11,100.0,0.08,57.5,0.89,100.0,0.92,50.0,0.11,100.0,0.08,50.0,0.89,100.0,0.92,57.5,0.78,0.78,43.415576,1776207931000
1776207933.724,33.724,0.11,100.0,0.08,57.5,0.89,100.0,0.92,50.0,0.11,100.0,0.08,50.0,0.89,100.0,0.92,57.5,0.78,0.78,43.416582,1776207932000
1776207934.519,34.519,0.11,100.0,0.08,57.5,0.89,100.0,0.92,50.0,0.11,100.0,0.08,50.0,0.89,100.0,0.92,57.5,0.78,0.78,43.416572,1776207933000
1776207935.45,35.45,0.11,100.0,0.08,57.5,0.89,100.0,0.92,50.0,0.11,100.0,0.08,50.0,0.89,100.0,0.92,57.5,0.78,0.78,43.417924,1776207934000
1776207936.155,36.155,0.11,100.0,0.08,57.5,0.89,100.0,0.92,50.0,0.11,100.0,0.08,50.0,0.89,100.0,0.92,57.5,0.78,0.78,43.417924,1776207935000
1776207937.729,37.729,0.11,100.0,0.08,57.5,0.89,100.0,0.92,50.0,0.11,100.0,0.08,50.0,0.89,100.0,0.92,57.5,0.78,0.78,43.421182,1776207936000
1776207938.42,38.42,0.11,100.0,0.08,57.5,0.89,100.0,0.92,50.0,0.11,100.0,0.08,50.0,0.89,100.0,0.92,57.5,0.78,0.78,43.421182,1776207937000
1776207939.258,39.258,0.11,100.0,0.08,57.5,0.89,100.0,0.92,50.0,0.11,100.0,0.08,50.0,0.89,100.0,0.92,57.5,0.78,0.78,43.421895,1776207938000
1776207940.444,40.444,0.11,100.0,0.08,57.5,0.89,100.0,0.92,50.0,0.11,100.0,0.08,50.0,0.89,100.0,0.92,57.5,0.78,0.78,43.421055,1776207939000
1776207941.39,41.39,0.11,100.0,0.08,57.5,0.89,100.0,0.92,50.0,0.11,100.0,0.08,50.0,0.89,100.0,0.92,57.5,0.78,0.78,43.421055,1776207940000
1776207942.079,42.079,0.11,100.0,0.08,57.5,0.89,100.0,0.92,50.0,0.11,100.0,0.08,50.0,0.89,100.0,0.92,57.5,0.78,0.78,43.417372,1776207941000
1776207943.556,43.556,0.11,100.0,0.08,57.5,0.89,100.0,0.92,50.0,0.11,100.0,0.08,50.0,0.89,100.0,0.92,57.5,0.78,0.78,43.419201,1776207942000
1776207944.378,44.378,0.11,100.0,0.08,57.5,0.89,100.0,0.92,50.0,0.11,100.0,0.08,50.0,0.89,100.0,0.92,57.5,0.78,0.78,43.419049,1776207943000
1776207945.16,45.16,0.11,100.0,0.08,57.5,0.89,100.0,0.92,50.0,0.11,100.0,0.08,50.0,0.89,100.0,0.92,57.5,0.78,0.78,43.419255,1776207944000
1776207946.299,46.299,0.11,100.0,0.08,57.5,0.89,100.0,0.92,50.0,0.11,100.0,0.08,50.0,0.89,100.0,0.92,57.5,0.78,0.78,43.419209,1776207945000
1776207947.729,47.729,0.11,100.0,0.08,57.5,0.89,100.0,0.92,50.0,0.11,100.0,0.08,50.0,0.89,100.0,0.92,57.5,0.78,0.78,43.423015,1776207946000
1776207948.612,48.612,0.11,100.0,0.08,57.5,0.89,100.0,0.92,50.0,0.11,100.0,0.08,50.0,0.89,100.0,0.92,57.5,0.78,0.78,43.426141,1776207947000
1776207949.137,49.137,0.11,100.0,0.08,57.5,0.89,100.0,0.92,50.0,0.11,100.0,0.08,50.0,0.89,100.0,0.92,57.5,0.78,0.78,43.426903,1776207948000
1776207950.581,50.581,0.11,100.0,0.08,57.5,0.89,100.0,0.92,50.0,0.11,100.0,0.08,50.0,0.89,100.0,0.92,57.5,0.78,0.78,43.421672,1776207949000
1776207951.103,51.103,0.11,100.0,0.08,57.5,0.89,100.0,0.92,50.0,0.11,100.0,0.08,50.0,0.89,100.0,0.92,57.5,0.78,0.78,43.418285,1776207950000
1776207952.389,52.389,0.11,100.0,0.08,57.5,0.89,100.0,0.92,50.0,0.11,100.0,0.08,50.0,0.89,100.0,0.92,57.5,0.78,0.78,43.419416,1776207951000
1776207953.034,53.034,0.11,100.0,0.08,57.5,0.89,100.0,0.92,50.0,0.11,100.0,0.08,50.0,0.89,100.0,0.92,57.5,0.78,0.78,43.419416,1776207952000
1776207954.522,54.522,0.11,100.0,0.08,57.5,0.89,100.0,0.92,50.0,0.11,100.0,0.08,50.0,0.89,100.0,0.92,57.5,0.78,0.78,43.41905,1776207953000
1776207955.064,55.064,0.11,100.0,0.08,57.5,0.89,100.0,0.92,50.0,0.11,100.0,0.08,50.0,0.89,100.0,0.92,57.5,0.78,0.78,43.41905,1776207954000
1776207956.465,56.465,0.11,100.0,0.08,57.5,0.89,100.0,0.92,50.0,0.11,100.0,0.08,50.0,0.89,100.0,0.92,57.5,0.78,0.78,43.418846,1776207955000
1776207957.106,57.106,0.11,100.0,0.08,57.5,0.89,100.0,0.92,50.0,0.11,100.0,0.08,50.0,0.89,100.0,0.92,57.5,0.78,0.78,43.418847,1776207956000
1776207958.188,58.188,0.11,100.0,0.08,57.5,0.89,100.0,0.92,50.0,0.11,100.0,0.08,50.0,0.89,100.0,0.92,57.5,0.78,0.78,43.418984,1776207957000
1776207959.185,59.185,0.11,100.0,0.08,57.5,0.89,100.0,0.92,50.0,0.11,100.0,0.08,50.0,0.89,100.0,0.92,57.5,0.78,0.78,43.418993,1776207958000
1776207960.163,60.163,0.11,100.0,0.08,57.5,0.89,100.0,0.92,50.0,0.11,100.0,0.08,50.0,0.89,100.0,0.92,57.5,0.78,0.78,43.418984,1776207959000
1776207961.104,61.104,0.11,100.0,0.08,57.5,0.89,100.0,0.92,50.0,0.11,100.0,0.08,50.0,0.89,100.0,0.92,57.5,0.78,0.78,43.416657,1776207960000
1776207962.242,62.242,0.11,100.0,0.08,57.5,0.89,100.0,0.92,50.0,0.11,100.0,0.08,50.0,0.89,100.0,0.92,57.5,0.78,0.78,43.416589,1776207961000
1776207963.115,63.115,0.11,100.0,0.08,57.5,0.89,100.0,0.92,50.0,0.11,100.0,0.08,50.0,0.89,100.0,0.92,57.5,0.78,0.78,43.417095,1776207962000
1776207964.122,64.122,0.11,100.0,0.08,57.5,0.89,100.0,0.92,50.0,0.11,100.0,0.08,50.0,0.89,100.0,0.92,57.5,0.78,0.78,43.416739,1776207963000
1776207965.042,65.042,0.11,100.0,0.08,57.5,0.89,100.0,0.92,50.0,0.11,100.0,0.08,50.0,0.89,100.0,0.92,57.5,0.78,0.78,43.416739,1776207964000
1776207966.038,66.038,0.11,100.0,0.08,57.5,0.89,100.0,0.92,50.0,0.11,100.0,0.08,50.0,0.89,100.0,0.92,57.5,0.78,0.78,43.416739,1776207965000
1776207967.046,67.046,0.11,100.0,0.08,57.5,0.89,100.0,0.92,50.0,0.11,100.0,0.08,50.0,0.89,100.0,0.92,57.5,0.78,0.78,43.416289,1776207966000
1776207967.249,67.249,0.64,10.0,0.47,15.0,0.73,10.93,0.74,15.0,0.11,100.0,0.08,50.0,0.89,100.0,0.92,57.5,0.09,0.78,43.416289,1776207966000
1776207967.461,67.461,0.59,5.0,0.58,5.0,0.73,10.93,0.74,15.0,0.27,10.93,0.26,15.0,0.36,10.0,0.53,15.0,0.14,0.09,43.416289,1776207966000
1776207968.09,68.09,0.59,5.0,0.58,5.0,0.73,10.93,0.74,15.0,0.27,10.93,0.26,15.0,0.41,5.0,0.42,5.0,0.14,0.14,43.416081,1776207967000
1776207969.065,69.065,0.59,5.0,0.58,5.0,0.73,10.93,0.74,15.0,0.27,10.93,0.26,15.0,0.41,5.0,0.42,5.0,0.14,0.14,43.419626,1776207968000
1776207970.035,70.035,0.59,5.0,0.58,5.0,0.73,10.93,0.74,15.0,0.27,10.93,0.26,15.0,0.41,5.0,0.42,5.0,0.14,0.14,43.422958,1776207969000
1776207971.043,71.043,0.59,5.0,0.58,5.0,0.73,10.93,0.74,15.0,0.27,10.93,0.26,15.0,0.41,5.0,0.42,5.0,0.14,0.14,43.426103,1776207970000
1776207973.514,73.514,0.59,5.0,0.58,5.0,0.73,10.93,0.74,15.0,0.27,10.93,0.26,15.0,0.41,5.0,0.42,5.0,0.14,0.14,43.426103,1776207971000
1776207973.859,73.859,0.59,5.0,0.58,5.0,0.73,10.93,0.74,15.0,0.27,10.93,0.26,15.0,0.41,5.0,0.42,5.0,0.14,0.14,43.425064,1776207972000
1776207974.709,74.709,0.59,5.0,0.58,5.0,0.73,10.93,0.74,15.0,0.27,10.93,0.26,15.0,0.41,5.0,0.42,5.0,0.14,0.14,43.425774,1776207973000
1776207975.317,75.317,0.59,5.0,0.58,5.0,0.73,10.93,0.74,15.0,0.27,10.93,0.26,15.0,0.41,5.0,0.42,5.0,0.14,0.14,43.425802,1776207974000
1776207976.01,76.01,0.59,5.0,0.58,5.0,0.73,10.93,0.74,15.0,0.27,10.93,0.26,15.0,0.41,5.0,0.42,5.0,0.14,0.14,43.426445,1776207975000
1776207977.399,77.399,0.59,5.0,0.58,5.0,0.73,10.93,0.74,15.0,0.27,10.93,0.26,15.0,0.41,5.0,0.42,5.0,0.14,0.14,43.426038,1776207976000
1776207978.078,78.078,0.59,5.0,0.58,5.0,0.73,10.93,0.74,15.0,0.27,10.93,0.26,15.0,0.41,5.0,0.42,5.0,0.14,0.14,43.426868,1776207977000
1776207979.317,79.317,0.59,5.0,0.58,5.0,0.73,10.93,0.74,15.0,0.27,10.93,0.26,15.0,0.41,5.0,0.42,5.0,0.14,0.14,43.427331,1776207978000
1776207980.135,80.135,0.59,5.0,0.58,5.0,0.73,10.93,0.74,15.0,0.27,10.93,0.26,15.0,0.41,5.0,0.42,5.0,0.14,0.14,43.427378,1776207979000
1776207981.321,81.321,0.59,5.0,0.58,5.0,0.73,10.93,0.74,15.0,0.27,10.93,0.26,15.0,0.41,5.0,0.42,5.0,0.14,0.14,43.427411,1776207980000
1776207982.022,82.022,0.59,5.0,0.58,5.0,0.73,10.93,0.74,15.0,0.27,10.93,0.26,15.0,0.41,5.0,0.42,5.0,0.14,0.14,43.428094,1776207981000
1776207983.296,83.296,0.59,5.0,0.58,5.0,0.73,10.93,0.74,15.0,0.27,10.93,0.26,15.0,0.41,5.0,0.42,5.0,0.14,0.14,43.42842,1776207982000
1776207984.072,84.072,0.59,5.0,0.58,5.0,0.73,10.93,0.74,15.0,0.27,10.93,0.26,15.0,0.41,5.0,0.42,5.0,0.14,0.14,43.42842,1776207983000
1776207985.559,85.559,0.59,5.0,0.58,5.0,0.73,10.93,0.74,15.0,0.27,10.93,0.26,15.0,0.41,5.0,0.42,5.0,0.14,0.14,43.428515,1776207984000
1776207986.322,86.322,0.59,5.0,0.58,5.0,0.73,10.93,0.74,15.0,0.27,10.93,0.26,15.0,0.41,5.0,0.42,5.0,0.14,0.14,43.428515,1776207985000
1776207986.963,86.963,0.59,5.0,0.58,5.0,0.73,10.93,0.74,15.0,0.27,10.93,0.26,15.0,0.41,5.0,0.42,5.0,0.14,0.14,43.428499,1776207986000
1776207988.295,88.295,0.59,5.0,0.58,5.0,0.73,10.93,0.74,15.0,0.27,10.93,0.26,15.0,0.41,5.0,0.42,5.0,0.14,0.14,43.428432,1776207987000
1776207989.462,89.462,0.59,5.0,0.58,5.0,0.73,10.93,0.74,15.0,0.27,10.93,0.26,15.0,0.41,5.0,0.42,5.0,0.14,0.14,43.426698,1776207988000
1776207989.989,89.989,0.59,5.0,0.58,5.0,0.73,10.93,0.74,15.0,0.27,10.93,0.26,15.0,0.41,5.0,0.42,5.0,0.14,0.14,43.427149,1776207989000
1776207991.068,91.068,0.59,5.0,0.58,5.0,0.73,10.93,0.74,15.0,0.27,10.93,0.26,15.0,0.41,5.0,0.42,5.0,0.14,0.14,43.4323,1776207990000
1776207991.295,91.295,0.67,10.0,0.66,20.0,0.71,5.47,0.76,15.0,0.27,10.93,0.26,15.0,0.41,5.0,0.42,5.0,0.04,0.14,43.4323,1776207990000
1776207992.437,92.437,0.67,10.0,0.66,20.0,0.71,5.47,0.76,15.0,0.29,5.47,0.24,15.0,0.33,10.0,0.34,20.0,0.04,0.04,43.435063,1776207991000
1776207992.957,92.957,0.67,10.0,0.66,20.0,0.71,5.47,0.76,15.0,0.29,5.47,0.24,15.0,0.33,10.0,0.34,20.0,0.04,0.04,43.435752,1776207992000
1776207994.205,94.205,0.64,5.0,0.63,5.0,0.74,25.0,0.75,15.0,0.26,25.0,0.25,15.0,0.36,5.0,0.37,5.0,0.1,0.1,43.435477,1776207993000
1776207995.37,95.37,0.64,5.0,0.63,5.0,0.74,25.0,0.75,15.0,0.26,25.0,0.25,15.0,0.36,5.0,0.37,5.0,0.1,0.1,43.435011,1776207994000
1776207995.885,95.885,0.64,5.0,0.63,5.0,0.71,13.16,0.72,15.0,0.26,25.0,0.25,15.0,0.36,5.0,0.37,5.0,0.07,0.1,43.435011,1776207994000
1776207997.027,97.027,0.64,5.0,0.63,5.0,0.71,13.16,0.72,15.0,0.29,13.16,0.28,15.0,0.36,5.0,0.37,5.0,0.07,0.07,43.430806,1776207996000
1776207998.172,98.172,0.64,5.0,0.63,5.0,0.71,13.16,0.72,15.0,0.29,13.16,0.28,15.0,0.36,5.0,0.37,5.0,0.07,0.07,43.430804,1776207997000
1776207998.497,98.497,0.64,5.0,0.63,5.0,0.7,6.59,0.71,13.16,0.29,13.16,0.28,15.0,0.36,5.0,0.37,5.0,0.06,0.07,43.430804,1776207997000
1776207999.315,99.315,0.64,5.0,0.63,5.0,0.7,6.59,0.71,13.16,0.3,6.59,0.29,13.16,0.36,5.0,0.37,5.0,0.06,0.06,43.430804,1776207998000
1776207999.899,99.899,0.64,5.0,0.63,5.0,0.7,6.59,0.71,13.16,0.3,6.59,0.29,13.16,0.36,5.0,0.37,5.0,0.06,0.06,43.430804,1776207999000
1776208000.984,100.984,0.64,5.0,0.63,5.0,0.7,6.59,0.71,13.16,0.3,6.59,0.29,13.16,0.36,5.0,0.37,5.0,0.06,0.06,43.430668,1776208000000
1776208002.216,102.216,0.64,5.0,0.63,5.0,0.7,6.59,0.71,13.16,0.3,6.59,0.29,13.16,0.36,5.0,0.37,5.0,0.06,0.06,43.429394,1776208001000
1776208003.392,103.392,0.64,5.0,0.63,5.0,0.7,6.59,0.71,13.16,0.3,6.59,0.29,13.16,0.36,5.0,0.37,5.0,0.06,0.06,43.427469,1776208002000
1776208004.384,104.384,0.64,5.0,0.63,5.0,0.7,6.59,0.71,13.16,0.3,6.59,0.29,13.16,0.36,5.0,0.37,5.0,0.06,0.06,43.427469,1776208003000
1776208005.346,105.346,0.64,5.0,0.63,5.0,0.7,6.59,0.71,13.16,0.3,6.59,0.29,13.16,0.36,5.0,0.37,5.0,0.06,0.06,43.427179,1776208004000
1776208006.337,106.337,0.64,5.0,0.63,5.0,0.7,6.59,0.71,13.16,0.3,6.59,0.29,13.16,0.36,5.0,0.37,5.0,0.06,0.06,43.427042,1776208005000
1776208007.367,107.367,0.64,5.0,0.63,5.0,0.7,6.59,0.71,13.16,0.3,6.59,0.29,13.16,0.36,5.0,0.37,5.0,0.06,0.06,43.427239,1776208006000
1776208007.861,107.861,0.64,5.0,0.63,5.0,0.7,6.59,0.71,13.16,0.3,6.59,0.29,13.16,0.36,5.0,0.37,5.0,0.06,0.06,43.427239,1776208007000
1776208008.99,108.99,0.64,5.0,0.63,5.0,0.7,6.59,0.71,13.16,0.3,6.59,0.29,13.16,0.36,5.0,0.37,5.0,0.06,0.06,43.42724,1776208008000
1776208010.106,110.106,0.64,5.0,0.63,5.0,0.7,6.59,0.71,13.16,0.3,6.59,0.29,13.16,0.36,5.0,0.37,5.0,0.06,0.06,43.427227,1776208009000
1776208011.182,111.182,0.64,5.0,0.63,5.0,0.7,6.59,0.71,13.16,0.3,6.59,0.29,13.16,0.36,5.0,0.37,5.0,0.06,0.06,43.42722,1776208010000
1776208012.309,112.309,0.64,5.0,0.63,5.0,0.7,6.59,0.71,13.16,0.3,6.59,0.29,13.16,0.36,5.0,0.37,5.0,0.06,0.06,43.427067,1776208011000
1776208012.943,112.943,0.64,5.0,0.63,5.0,0.7,6.59,0.71,13.16,0.3,6.59,0.29,13.16,0.36,5.0,0.37,5.0,0.06,0.06,43.427027,1776208012000
1776208013.148,113.148,0.6,5.0,0.59,5.0,0.65,5.21,0.66,15.0,0.3,6.59,0.29,13.16,0.36,5.0,0.37,5.0,0.05,0.06,43.427027,1776208012000
1776208014.233,114.233,0.6,5.0,0.59,5.0,0.65,5.21,0.66,15.0,0.35,5.21,0.34,15.0,0.4,5.0,0.41,5.0,0.05,0.05,43.426528,1776208013000
1776208015.206,115.206,0.6,5.0,0.59,5.0,0.65,5.21,0.66,15.0,0.35,5.21,0.34,15.0,0.4,5.0,0.41,5.0,0.05,0.05,43.426694,1776208014000
1776208016.381,116.381,0.64,5.0,0.63,5.0,0.71,13.16,0.72,15.0,0.29,13.16,0.28,15.0,0.36,5.0,0.37,5.0,0.07,0.07,43.425794,1776208015000
1776208016.895,116.895,0.64,5.0,0.63,5.0,0.71,13.16,0.72,15.0,0.29,13.16,0.28,15.0,0.36,5.0,0.37,5.0,0.07,0.07,43.42612,1776208016000
1776208018.666,118.666,0.64,5.0,0.63,5.0,0.71,13.16,0.72,15.0,0.29,13.16,0.28,15.0,0.36,5.0,0.37,5.0,0.07,0.07,43.428046,1776208017000
1776208019.231,119.231,0.64,5.0,0.63,5.0,0.71,13.16,0.72,15.0,0.29,13.16,0.28,15.0,0.36,5.0,0.37,5.0,0.07,0.07,43.427978,1776208018000
1776208020.219,120.219,0.64,5.0,0.63,5.0,0.71,13.16,0.72,15.0,0.29,13.16,0.28,15.0,0.36,5.0,0.37,5.0,0.07,0.07,43.427854,1776208019000
1776208021.269,121.269,0.64,5.0,0.63,5.0,0.71,13.16,0.72,15.0,0.29,13.16,0.28,15.0,0.36,5.0,0.37,5.0,0.07,0.07,43.428098,1776208020000
1776208022.248,122.248,0.64,5.0,0.63,5.0,0.71,13.16,0.72,15.0,0.29,13.16,0.28,15.0,0.36,5.0,0.37,5.0,0.07,0.07,43.427366,1776208021000
1776208023.27,123.27,0.64,5.0,0.63,5.0,0.71,13.16,0.72,15.0,0.29,13.16,0.28,15.0,0.36,5.0,0.37,5.0,0.07,0.07,43.426977,1776208022000
1776208024.264,124.264,0.64,5.0,0.63,5.0,0.71,13.16,0.72,15.0,0.29,13.16,0.28,15.0,0.36,5.0,0.37,5.0,0.07,0.07,43.425751,1776208023000
1776208025.263,125.263,0.64,5.0,0.63,5.0,0.71,13.16,0.72,15.0,0.29,13.16,0.28,15.0,0.36,5.0,0.37,5.0,0.07,0.07,43.425809,1776208024000
1776208026.362,126.362,0.64,5.0,0.63,5.0,0.71,13.16,0.72,15.0,0.29,13.16,0.28,15.0,0.36,5.0,0.37,5.0,0.07,0.07,43.426246,1776208025000
1776208026.825,126.825,0.64,5.0,0.63,5.0,0.71,13.16,0.72,15.0,0.29,13.16,0.28,15.0,0.36,5.0,0.37,5.0,0.07,0.07,43.426246,1776208026000
1776208028.021,128.021,0.64,5.0,0.63,5.0,0.71,13.16,0.72,15.0,0.29,13.16,0.28,15.0,0.36,5.0,0.37,5.0,0.07,0.07,43.426224,1776208027000
1776208028.616,128.616,0.77,10.0,0.6,16.0,0.83,11.42,0.84,15.0,0.29,13.16,0.28,15.0,0.36,5.0,0.37,5.0,0.06,0.07,43.426224,1776208027000
1776208028.93,128.93,0.77,10.0,0.6,16.0,0.83,11.42,0.84,15.0,0.17,11.42,0.16,15.0,0.23,10.0,0.4,16.0,0.06,0.06,43.426224,1776208028000
1776208029.93,129.93,0.77,10.0,0.6,16.0,0.83,11.42,0.84,15.0,0.17,11.42,0.16,15.0,0.23,10.0,0.4,16.0,0.06,0.06,43.426095,1776208029000
1776208031.005,131.005,0.77,10.0,0.6,16.0,0.83,11.42,0.84,15.0,0.17,11.42,0.16,15.0,0.23,10.0,0.4,16.0,0.06,0.06,43.4404,1776208030000
1776208032.046,132.046,0.77,10.0,0.6,16.0,0.83,11.42,0.84,15.0,0.17,11.42,0.16,15.0,0.23,10.0,0.4,16.0,0.06,0.06,43.441466,1776208031000
1776208032.574,132.574,0.72,10.0,0.6,15.0,0.8,15.0,0.81,15.0,0.17,11.42,0.16,15.0,0.23,10.0,0.4,16.0,0.08,0.06,43.441466,1776208031000
1776208033.677,133.677,0.72,10.0,0.6,15.0,0.8,15.0,0.81,15.0,0.2,15.0,0.19,15.0,0.28,10.0,0.4,15.0,0.08,0.08,43.441787,1776208032000
1776208034.339,134.339,0.72,10.0,0.6,15.0,0.8,15.0,0.81,15.0,0.2,15.0,0.19,15.0,0.28,10.0,0.4,15.0,0.08,0.08,43.442198,1776208033000
1776208035.652,135.652,0.72,10.0,0.6,15.0,0.8,15.0,0.81,15.0,0.2,15.0,0.19,15.0,0.28,10.0,0.4,15.0,0.08,0.08,43.442198,1776208034000
1776208036.36,136.36,0.72,10.0,0.6,15.0,0.8,15.0,0.81,15.0,0.2,15.0,0.19,15.0,0.28,10.0,0.4,15.0,0.08,0.08,43.442055,1776208035000
1776208036.939,136.939,0.72,10.0,0.6,15.0,0.8,15.0,0.81,15.0,0.2,15.0,0.19,15.0,0.28,10.0,0.4,15.0,0.08,0.08,43.442055,1776208036000
1776208038.164,138.164,0.72,10.0,0.6,15.0,0.8,15.0,0.81,15.0,0.2,15.0,0.19,15.0,0.28,10.0,0.4,15.0,0.08,0.08,43.441595,1776208037000
1776208039.506,139.506,0.72,10.0,0.6,15.0,0.8,15.0,0.81,15.0,0.2,15.0,0.19,15.0,0.28,10.0,0.4,15.0,0.08,0.08,43.441698,1776208038000
1776208040.012,140.012,0.72,10.0,0.6,15.0,0.8,15.0,0.81,15.0,0.2,15.0,0.19,15.0,0.28,10.0,0.4,15.0,0.08,0.08,43.439416,1776208039000
1776208041.229,141.229,0.72,10.0,0.6,15.0,0.8,15.0,0.81,15.0,0.2,15.0,0.19,15.0,0.28,10.0,0.4,15.0,0.08,0.08,43.439139,1776208040000
1776208042.561,142.561,0.72,10.0,0.6,15.0,0.8,15.0,0.81,15.0,0.2,15.0,0.19,15.0,0.28,10.0,0.4,15.0,0.08,0.08,43.439291,1776208041000
1776208043.241,143.241,0.72,10.0,0.6,15.0,0.8,15.0,0.81,15.0,0.2,15.0,0.19,15.0,0.28,10.0,0.4,15.0,0.08,0.08,43.439081,1776208042000
1776208044.504,144.504,0.72,10.0,0.6,15.0,0.8,15.0,0.81,15.0,0.2,15.0,0.19,15.0,0.28,10.0,0.4,15.0,0.08,0.08,43.437962,1776208043000
1776208045.145,145.145,0.72,10.0,0.6,15.0,0.8,15.0,0.81,15.0,0.2,15.0,0.19,15.0,0.28,10.0,0.4,15.0,0.08,0.08,43.437948,1776208044000
1776208046.29,146.29,0.72,10.0,0.6,15.0,0.8,15.0,0.81,15.0,0.2,15.0,0.19,15.0,0.28,10.0,0.4,15.0,0.08,0.08,43.437947,1776208045000
1776208046.954,146.954,0.72,10.0,0.6,15.0,0.8,15.0,0.81,15.0,0.2,15.0,0.19,15.0,0.28,10.0,0.4,15.0,0.08,0.08,43.437717,1776208046000
1776208048.971,148.971,0.72,10.0,0.6,15.0,0.8,15.0,0.81,15.0,0.2,15.0,0.19,15.0,0.28,10.0,0.4,15.0,0.08,0.08,43.437352,1776208047000
1776208049.711,149.711,0.72,10.0,0.6,15.0,0.8,15.0,0.81,15.0,0.2,15.0,0.19,15.0,0.28,10.0,0.4,15.0,0.08,0.08,43.435657,1776208048000
1776208050.816,150.816,0.72,10.0,0.6,15.0,0.8,15.0,0.81,15.0,0.2,15.0,0.19,15.0,0.28,10.0,0.4,15.0,0.08,0.08,43.435657,1776208049000
1776208051.621,151.621,0.72,10.0,0.6,15.0,0.8,15.0,0.81,15.0,0.2,15.0,0.19,15.0,0.28,10.0,0.4,15.0,0.08,0.08,43.438759,1776208050000
1776208052.358,152.358,0.72,10.0,0.6,15.0,0.8,15.0,0.81,15.0,0.2,15.0,0.19,15.0,0.28,10.0,0.4,15.0,0.08,0.08,43.438759,1776208051000
1776208053.689,153.689,0.72,10.0,0.6,15.0,0.8,15.0,0.81,15.0,0.2,15.0,0.19,15.0,0.28,10.0,0.4,15.0,0.08,0.08,43.455592,1776208052000
1776208054.34,154.34,0.72,10.0,0.6,15.0,0.8,15.0,0.81,15.0,0.2,15.0,0.19,15.0,0.28,10.0,0.4,15.0,0.08,0.08,43.459666,1776208053000
1776208055.585,155.585,0.72,10.0,0.6,15.0,0.8,15.0,0.81,15.0,0.2,15.0,0.19,15.0,0.28,10.0,0.4,15.0,0.08,0.08,43.459537,1776208054000
1776208056.464,156.464,0.72,10.0,0.6,15.0,0.8,15.0,0.81,15.0,0.2,15.0,0.19,15.0,0.28,10.0,0.4,15.0,0.08,0.08,43.460181,1776208055000
1776208057.386,157.386,0.72,10.0,0.6,15.0,0.8,15.0,0.81,15.0,0.2,15.0,0.19,15.0,0.28,10.0,0.4,15.0,0.08,0.08,43.460383,1776208056000
1776208058.248,158.248,0.72,10.0,0.6,15.0,0.8,15.0,0.81,15.0,0.2,15.0,0.19,15.0,0.28,10.0,0.4,15.0,0.08,0.08,43.460531,1776208057000
1776208059.862,159.862,0.72,10.0,0.6,15.0,0.8,15.0,0.81,15.0,0.2,15.0,0.19,15.0,0.28,10.0,0.4,15.0,0.08,0.08,43.464661,1776208058000
1776208060.782,160.782,0.72,10.0,0.6,15.0,0.8,15.0,0.81,15.0,0.2,15.0,0.19,15.0,0.28,10.0,0.4,15.0,0.08,0.08,43.464705,1776208059000
1776208061.615,161.615,0.72,10.0,0.6,15.0,0.8,15.0,0.81,15.0,0.2,15.0,0.19,15.0,0.28,10.0,0.4,15.0,0.08,0.08,43.464017,1776208060000
1776208062.457,162.457,0.72,10.0,0.6,15.0,0.8,15.0,0.81,15.0,0.2,15.0,0.19,15.0,0.28,10.0,0.4,15.0,0.08,0.08,43.464077,1776208061000
1776208063.173,163.173,0.72,10.0,0.6,15.0,0.8,15.0,0.81,15.0,0.2,15.0,0.19,15.0,0.28,10.0,0.4,15.0,0.08,0.08,43.464243,1776208062000
1776208064.843,164.843,0.72,10.0,0.6,15.0,0.8,15.0,0.81,15.0,0.2,15.0,0.19,15.0,0.28,10.0,0.4,15.0,0.08,0.08,43.463925,1776208063000
1776208065.518,165.518,0.72,10.0,0.6,15.0,0.8,15.0,0.81,15.0,0.2,15.0,0.19,15.0,0.28,10.0,0.4,15.0,0.08,0.08,43.461452,1776208064000
1776208066.189,166.189,0.72,10.0,0.6,15.0,0.8,15.0,0.81,15.0,0.2,15.0,0.19,15.0,0.28,10.0,0.4,15.0,0.08,0.08,43.459292,1776208065000
1776208067.61,167.61,0.72,10.0,0.6,15.0,0.8,15.0,0.81,15.0,0.2,15.0,0.19,15.0,0.28,10.0,0.4,15.0,0.08,0.08,43.458305,1776208066000
1776208068.784,168.784,0.72,10.0,0.6,15.0,0.8,15.0,0.81,15.0,0.2,15.0,0.19,15.0,0.28,10.0,0.4,15.0,0.08,0.08,43.457792,1776208067000
1776208069.487,169.487,0.72,10.0,0.6,15.0,0.8,15.0,0.81,15.0,0.2,15.0,0.19,15.0,0.28,10.0,0.4,15.0,0.08,0.08,43.458788,1776208068000
1776208070.598,170.598,0.72,10.0,0.6,15.0,0.8,15.0,0.81,15.0,0.2,15.0,0.19,15.0,0.28,10.0,0.4,15.0,0.08,0.08,43.458788,1776208069000
1776208071.557,171.557,0.72,10.0,0.6,15.0,0.8,15.0,0.81,15.0,0.2,15.0,0.19,15.0,0.28,10.0,0.4,15.0,0.08,0.08,43.458776,1776208070000
1776208072.294,172.294,0.72,10.0,0.6,15.0,0.8,15.0,0.81,15.0,0.2,15.0,0.19,15.0,0.28,10.0,0.4,15.0,0.08,0.08,43.459527,1776208071000
1776208073.55,173.55,0.72,10.0,0.6,15.0,0.8,15.0,0.81,15.0,0.2,15.0,0.19,15.0,0.28,10.0,0.4,15.0,0.08,0.08,43.460915,1776208072000
1776208074.14,174.14,0.72,10.0,0.6,15.0,0.8,15.0,0.81,15.0,0.2,15.0,0.19,15.0,0.28,10.0,0.4,15.0,0.08,0.08,43.462775,1776208073000
1776208075.576,175.576,0.72,10.0,0.6,15.0,0.8,15.0,0.81,15.0,0.2,15.0,0.19,15.0,0.28,10.0,0.4,15.0,0.08,0.08,43.460672,1776208074000
1776208076.271,176.271,0.72,10.0,0.6,15.0,0.8,15.0,0.81,15.0,0.2,15.0,0.19,15.0,0.28,10.0,0.4,15.0,0.08,0.08,43.455425,1776208075000
1776208077.563,177.563,0.72,10.0,0.6,15.0,0.8,15.0,0.81,15.0,0.2,15.0,0.19,15.0,0.28,10.0,0.4,15.0,0.08,0.08,43.454817,1776208076000
1776208078.302,178.302,0.72,10.0,0.6,15.0,0.8,15.0,0.81,15.0,0.2,15.0,0.19,15.0,0.28,10.0,0.4,15.0,0.08,0.08,43.452706,1776208077000
1776208079.856,179.856,0.72,10.0,0.6,15.0,0.8,15.0,0.81,15.0,0.2,15.0,0.19,15.0,0.28,10.0,0.4,15.0,0.08,0.08,43.452706,1776208078000
1776208080.545,180.545,0.72,10.0,0.6,15.0,0.8,15.0,0.81,15.0,0.2,15.0,0.19,15.0,0.28,10.0,0.4,15.0,0.08,0.08,43.452112,1776208079000
1776208081.235,181.235,0.72,10.0,0.6,15.0,0.8,15.0,0.81,15.0,0.2,15.0,0.19,15.0,0.28,10.0,0.4,15.0,0.08,0.08,43.451976,1776208080000
1776208082.525,182.525,0.72,10.0,0.6,15.0,0.8,15.0,0.81,15.0,0.2,15.0,0.19,15.0,0.28,10.0,0.4,15.0,0.08,0.08,43.451397,1776208081000
1776208083.514,183.514,0.72,10.0,0.6,15.0,0.8,15.0,0.81,15.0,0.2,15.0,0.19,15.0,0.28,10.0,0.4,15.0,0.08,0.08,43.45599,1776208082000
1776208083.966,183.966,0.72,10.0,0.6,15.0,0.8,15.0,0.81,15.0,0.2,15.0,0.19,15.0,0.28,10.0,0.4,15.0,0.08,0.08,43.456867,1776208083000
1776208085.519,185.519,0.72,10.0,0.6,15.0,0.8,15.0,0.81,15.0,0.2,15.0,0.19,15.0,0.28,10.0,0.4,15.0,0.08,0.08,43.456875,1776208084000
1776208086.09,186.09,0.72,10.0,0.6,15.0,0.8,15.0,0.81,15.0,0.2,15.0,0.19,15.0,0.28,10.0,0.4,15.0,0.08,0.08,43.45902,1776208085000
1776208087.181,187.181,0.72,10.0,0.6,15.0,0.8,15.0,0.81,15.0,0.2,15.0,0.19,15.0,0.28,10.0,0.4,15.0,0.08,0.08,43.45871,1776208086000
1776208088.19,188.19,0.72,10.0,0.6,15.0,0.8,15.0,0.81,15.0,0.2,15.0,0.19,15.0,0.28,10.0,0.4,15.0,0.08,0.08,43.457517,1776208087000
1776208089.185,189.185,0.72,10.0,0.6,15.0,0.8,15.0,0.81,15.0,0.2,15.0,0.19,15.0,0.28,10.0,0.4,15.0,0.08,0.08,43.455979,1776208088000
1776208090.152,190.152,0.72,10.0,0.6,15.0,0.8,15.0,0.81,15.0,0.2,15.0,0.19,15.0,0.28,10.0,0.4,15.0,0.08,0.08,43.455202,1776208089000
1776208091.181,191.181,0.72,10.0,0.6,15.0,0.8,15.0,0.81,15.0,0.2,15.0,0.19,15.0,0.28,10.0,0.4,15.0,0.08,0.08,43.455053,1776208090000
1776208092.109,192.109,0.72,10.0,0.6,15.0,0.8,15.0,0.81,15.0,0.2,15.0,0.19,15.0,0.28,10.0,0.4,15.0,0.08,0.08,43.455087,1776208091000
1776208093.142,193.142,0.72,10.0,0.6,15.0,0.8,15.0,0.81,15.0,0.2,15.0,0.19,15.0,0.28,10.0,0.4,15.0,0.08,0.08,43.455087,1776208092000
1776208094.214,194.214,0.72,10.0,0.6,15.0,0.8,15.0,0.81,15.0,0.2,15.0,0.19,15.0,0.28,10.0,0.4,15.0,0.08,0.08,43.454925,1776208093000
1776208095.25,195.25,0.72,10.0,0.6,15.0,0.8,15.0,0.81,15.0,0.2,15.0,0.19,15.0,0.28,10.0,0.4,15.0,0.08,0.08,43.454925,1776208094000
1776208096.198,196.198,0.72,10.0,0.6,15.0,0.8,15.0,0.81,15.0,0.2,15.0,0.19,15.0,0.28,10.0,0.4,15.0,0.08,0.08,43.455137,1776208095000
1776208097.178,197.178,0.72,10.0,0.6,15.0,0.8,15.0,0.81,15.0,0.2,15.0,0.19,15.0,0.28,10.0,0.4,15.0,0.08,0.08,43.454981,1776208096000
1776208098.228,198.228,0.72,10.0,0.6,15.0,0.8,15.0,0.81,15.0,0.2,15.0,0.19,15.0,0.28,10.0,0.4,15.0,0.08,0.08,43.454947,1776208097000
1776208099.222,199.222,0.72,10.0,0.6,15.0,0.8,15.0,0.81,15.0,0.2,15.0,0.19,15.0,0.28,10.0,0.4,15.0,0.08,0.08,43.454639,1776208098000
1776208100.518,200.518,0.72,10.0,0.6,15.0,0.8,15.0,0.81,15.0,0.2,15.0,0.19,15.0,0.28,10.0,0.4,15.0,0.08,0.08,43.454826,1776208099000
1776208101.122,201.122,0.72,10.0,0.6,15.0,0.8,15.0,0.81,15.0,0.2,15.0,0.19,15.0,0.28,10.0,0.4,15.0,0.08,0.08,43.454826,1776208100000
1776208102.253,202.253,0.72,10.0,0.6,15.0,0.8,15.0,0.81,15.0,0.2,15.0,0.19,15.0,0.28,10.0,0.4,15.0,0.08,0.08,43.454826,1776208101000
1776208103.423,203.423,0.72,10.0,0.6,15.0,0.8,15.0,0.81,15.0,0.2,15.0,0.19,15.0,0.28,10.0,0.4,15.0,0.08,0.08,43.454826,1776208102000
1776208103.926,203.926,0.72,10.0,0.6,15.0,0.8,15.0,0.81,15.0,0.2,15.0,0.19,15.0,0.28,10.0,0.4,15.0,0.08,0.08,43.454827,1776208103000
1776208104.991,204.991,0.72,10.0,0.6,15.0,0.8,15.0,0.81,15.0,0.2,15.0,0.19,15.0,0.28,10.0,0.4,15.0,0.08,0.08,43.454882,1776208104000
1776208106.061,206.061,0.72,10.0,0.6,15.0,0.8,15.0,0.81,15.0,0.2,15.0,0.19,15.0,0.28,10.0,0.4,15.0,0.08,0.08,43.454733,1776208105000
1776208107.161,207.161,0.72,10.0,0.6,15.0,0.8,15.0,0.81,15.0,0.2,15.0,0.19,15.0,0.28,10.0,0.4,15.0,0.08,0.08,43.4551,1776208106000
1776208108.328,208.328,0.72,10.0,0.6,15.0,0.8,15.0,0.81,15.0,0.2,15.0,0.19,15.0,0.28,10.0,0.4,15.0,0.08,0.08,43.458793,1776208107000
1776208109.034,209.034,0.72,10.0,0.6,15.0,0.8,15.0,0.81,15.0,0.2,15.0,0.19,15.0,0.28,10.0,0.4,15.0,0.08,0.08,43.460937,1776208108000
1776208109.241,209.241,0.91,30.0,0.9,15.0,0.95,12.89,0.96,20.0,0.2,15.0,0.19,15.0,0.28,10.0,0.4,15.0,0.04,0.08,43.460937,1776208108000
1776208110.073,210.073,0.91,30.0,0.9,15.0,0.95,12.89,0.96,20.0,0.05,12.89,0.04,20.0,0.09,30.0,0.1,15.0,0.04,0.04,43.461881,1776208109000
1776208110.406,210.406,0.91,30.0,0.9,15.0,0.96,17.91,0.97,15.0,0.05,12.89,0.04,20.0,0.09,30.0,0.1,15.0,0.05,0.04,43.461881,1776208109000
1776208111.157,211.157,0.91,30.0,0.9,15.0,0.96,17.91,0.97,15.0,0.04,17.91,0.03,15.0,0.09,30.0,0.1,15.0,0.05,0.05,43.464195,1776208110000
1776208112.023,212.023,0.92,15.0,0.91,30.0,0.96,1.86,0.98,25.0,0.04,17.91,0.03,15.0,0.09,30.0,0.1,15.0,0.04,0.05,43.464195,1776208110000
1776208112.294,212.294,0.92,15.0,0.91,30.0,0.96,1.86,0.98,25.0,0.04,1.86,0.02,25.0,0.08,15.0,0.09,30.0,0.04,0.04,43.465775,1776208111000
1776208112.854,212.854,0.92,15.0,0.91,30.0,0.96,1.86,0.98,25.0,0.04,1.86,0.02,25.0,0.08,15.0,0.09,30.0,0.04,0.04,43.465787,1776208112000
1776208114.033,214.033,0.92,15.0,0.91,30.0,0.96,1.86,0.98,25.0,0.04,1.86,0.02,25.0,0.08,15.0,0.09,30.0,0.04,0.04,43.468274,1776208113000
1776208114.31,214.31,0.93,19.0,0.92,15.0,0.97,15.0,0.98,25.0,0.04,1.86,0.02,25.0,0.08,15.0,0.09,30.0,0.04,0.04,43.468274,1776208113000
1776208115.576,215.576,0.93,19.0,0.92,15.0,0.97,15.0,0.98,25.0,0.03,15.0,0.02,25.0,0.07,19.0,0.08,15.0,0.04,0.04,43.469389,1776208114000
1776208116.099,216.099,0.93,19.0,0.92,15.0,0.97,15.0,0.98,25.0,0.03,15.0,0.02,25.0,0.07,19.0,0.08,15.0,0.04,0.04,43.468469,1776208115000
1776208117.078,217.078,0.93,19.0,0.9,15.0,0.95,3.68,0.96,15.0,0.05,10.0,0.04,15.0,0.07,19.0,0.1,15.0,0.02,0.02,43.468469,1776208115000
1776208118.125,218.125,0.93,19.0,0.9,15.0,0.95,2.62,0.96,15.0,0.05,2.62,0.04,15.0,0.07,19.0,0.1,15.0,0.02,0.02,43.46503,1776208117000
1776208119.261,219.261,0.93,19.0,0.9,15.0,0.95,2.62,0.96,15.0,0.05,2.62,0.04,15.0,0.07,19.0,0.1,15.0,0.02,0.02,43.464871,1776208118000
1776208120.221,220.221,0.93,19.0,0.9,15.0,0.95,2.62,0.96,15.0,0.05,2.62,0.04,15.0,0.07,19.0,0.1,15.0,0.02,0.02,43.464871,1776208119000
1776208121.173,221.173,0.93,19.0,0.9,15.0,0.95,2.62,0.96,15.0,0.05,2.62,0.04,15.0,0.07,19.0,0.1,15.0,0.02,0.02,43.465242,1776208120000
1776208122.259,222.259,0.93,19.0,0.9,15.0,0.95,2.62,0.96,15.0,0.05,2.62,0.04,15.0,0.07,19.0,0.1,15.0,0.02,0.02,43.465862,1776208121000
1776208123.231,223.231,0.93,19.0,0.9,15.0,0.95,2.62,0.96,15.0,0.05,2.62,0.04,15.0,0.07,19.0,0.1,15.0,0.02,0.02,43.469847,1776208122000
1776208124.25,224.25,0.93,19.0,0.9,15.0,0.95,2.62,0.96,15.0,0.05,2.62,0.04,15.0,0.07,19.0,0.1,15.0,0.02,0.02,43.470165,1776208123000
1776208124.841,224.841,0.95,15.0,0.94,15.0,0.98,4.59,0.99,310.0,0.05,2.62,0.04,15.0,0.07,19.0,0.1,15.0,0.03,0.02,43.470165,1776208123000
1776208125.386,225.386,0.95,15.0,0.94,15.0,0.98,4.59,0.99,310.0,0.02,4.59,0.01,310.0,0.05,15.0,0.06,15.0,0.03,0.03,43.469053,1776208124000
1776208126.375,226.375,0.95,15.0,0.94,15.0,0.98,4.59,0.99,310.0,0.02,4.59,0.01,310.0,0.05,15.0,0.06,15.0,0.03,0.03,43.469534,1776208125000
1776208127.27,227.27,0.95,15.0,0.94,15.0,0.98,4.59,0.99,310.0,0.02,4.59,0.01,310.0,0.05,15.0,0.06,15.0,0.03,0.03,43.470353,1776208126000
1776208128.859,228.859,0.95,15.0,0.94,15.0,0.98,4.59,0.99,310.0,0.02,4.59,0.01,310.0,0.05,15.0,0.06,15.0,0.03,0.03,43.470361,1776208127000
1776208129.414,229.414,0.95,15.0,0.94,15.0,0.98,4.59,0.99,310.0,0.02,4.59,0.01,310.0,0.05,15.0,0.06,15.0,0.03,0.03,43.47096,1776208128000
1776208129.943,229.943,0.95,15.0,0.94,15.0,0.98,4.59,0.99,310.0,0.02,4.59,0.01,310.0,0.05,15.0,0.06,15.0,0.03,0.03,43.47096,1776208129000
1776208130.956,230.956,0.95,15.0,0.94,15.0,0.98,4.59,0.99,310.0,0.02,4.59,0.01,310.0,0.05,15.0,0.06,15.0,0.03,0.03,43.470959,1776208130000
1776208131.999,231.999,0.95,15.0,0.94,15.0,0.98,4.59,0.99,310.0,0.02,4.59,0.01,310.0,0.05,15.0,0.06,15.0,0.03,0.03,43.47064,1776208131000
1776208132.993,232.993,0.95,15.0,0.94,15.0,0.98,4.59,0.99,310.0,0.02,4.59,0.01,310.0,0.05,15.0,0.06,15.0,0.03,0.03,43.470586,1776208132000
1776208134.089,234.089,0.95,15.0,0.94,15.0,0.98,4.59,0.99,310.0,0.02,4.59,0.01,310.0,0.05,15.0,0.06,15.0,0.03,0.03,43.471195,1776208133000
1776208135.018,235.018,0.95,15.0,0.94,15.0,0.98,4.59,0.99,310.0,0.02,4.59,0.01,310.0,0.05,15.0,0.06,15.0,0.03,0.03,43.471135,1776208134000
1776208136.112,236.112,0.95,15.0,0.94,15.0,0.98,4.59,0.99,310.0,0.02,4.59,0.01,310.0,0.05,15.0,0.06,15.0,0.03,0.03,43.470805,1776208135000
1776208137.116,237.116,0.95,15.0,0.94,15.0,0.98,4.59,0.99,310.0,0.02,4.59,0.01,310.0,0.05,15.0,0.06,15.0,0.03,0.03,43.474114,1776208136000
1776208138.177,238.177,0.95,15.0,0.94,15.0,0.98,4.59,0.99,310.0,0.02,4.59,0.01,310.0,0.05,15.0,0.06,15.0,0.03,0.03,43.477155,1776208137000
1776208139.204,239.204,0.95,15.0,0.94,15.0,0.98,4.59,0.99,310.0,0.02,4.59,0.01,310.0,0.05,15.0,0.06,15.0,0.03,0.03,43.475131,1776208138000
1776208140.232,240.232,0.95,15.0,0.94,15.0,0.98,4.59,0.99,310.0,0.02,4.59,0.01,310.0,0.05,15.0,0.06,15.0,0.03,0.03,43.477527,1776208139000
1776208141.308,241.308,0.95,15.0,0.94,15.0,0.98,4.59,0.99,310.0,0.02,4.59,0.01,310.0,0.05,15.0,0.06,15.0,0.03,0.03,43.478259,1776208140000
1776208142.292,242.292,0.95,15.0,0.94,15.0,0.98,4.59,0.99,310.0,0.02,4.59,0.01,310.0,0.05,15.0,0.06,15.0,0.03,0.03,43.478537,1776208141000
1776208143.29,243.29,0.95,15.0,0.94,15.0,0.98,4.59,0.99,310.0,0.02,4.59,0.01,310.0,0.05,15.0,0.06,15.0,0.03,0.03,43.478371,1776208142000
1776208144.302,244.302,0.95,15.0,0.94,15.0,0.98,4.59,0.99,310.0,0.02,4.59,0.01,310.0,0.05,15.0,0.06,15.0,0.03,0.03,43.479244,1776208143000
1776208145.58,245.58,0.95,15.0,0.94,15.0,0.98,4.59,0.99,310.0,0.02,4.59,0.01,310.0,0.05,15.0,0.06,15.0,0.03,0.03,43.477332,1776208144000
1776208146.1,246.1,0.95,15.0,0.94,15.0,0.98,4.59,0.99,310.0,0.02,4.59,0.01,310.0,0.05,15.0,0.06,15.0,0.03,0.03,43.477324,1776208145000
1776208147.398,247.398,0.95,15.0,0.94,15.0,0.98,4.59,0.99,310.0,0.02,4.59,0.01,310.0,0.05,15.0,0.06,15.0,0.03,0.03,43.477192,1776208146000
1776208148.002,248.002,0.95,15.0,0.94,15.0,0.98,4.59,0.99,310.0,0.02,4.59,0.01,310.0,0.05,15.0,0.06,15.0,0.03,0.03,43.477397,1776208147000
1776208149.159,249.159,0.95,15.0,0.94,15.0,0.98,4.59,0.99,310.0,0.02,4.59,0.01,310.0,0.05,15.0,0.06,15.0,0.03,0.03,43.477593,1776208148000
1776208150.222,250.222,0.95,15.0,0.94,15.0,0.98,4.59,0.99,310.0,0.02,4.59,0.01,310.0,0.05,15.0,0.06,15.0,0.03,0.03,43.476442,1776208149000
1776208151.318,251.318,0.95,15.0,0.94,15.0,0.98,4.59,0.99,310.0,0.02,4.59,0.01,310.0,0.05,15.0,0.06,15.0,0.03,0.03,43.478204,1776208150000
1776208151.805,251.805,0.98,15.0,0.97,15.0,0.99,165.0,,,0.02,4.59,0.01,310.0,0.05,15.0,0.06,15.0,0.01,0.03,43.478204,1776208150000
1776208152.413,252.413,0.98,15.0,0.97,15.0,0.99,142.97,,,0.01,162.97,,,0.02,15.0,0.03,15.0,0.01,0.01,43.478204,1776208151000
1776208152.992,252.992,0.98,15.0,0.97,15.0,0.99,142.97,,,0.01,142.97,,,0.02,15.0,0.03,15.0,0.01,0.01,43.478704,1776208152000
1776208153.76,253.76,0.98,15.0,0.97,15.0,0.99,132.97,,,0.01,142.97,,,0.02,15.0,0.03,15.0,0.01,0.01,43.478704,1776208152000
1776208154.405,254.405,0.98,15.0,0.97,15.0,0.99,132.97,,,0.01,132.97,,,0.02,15.0,0.03,15.0,0.01,0.01,43.477082,1776208153000
1776208155.119,255.119,0.98,15.0,0.97,15.0,0.99,112.97,,,0.01,112.97,,,0.02,15.0,0.03,15.0,0.01,0.01,43.477143,1776208154000
1776208156.316,256.316,0.98,15.0,0.97,15.0,0.99,112.97,,,0.01,112.97,,,0.02,15.0,0.03,15.0,0.01,0.01,43.478537,1776208155000
1776208156.56,256.56,0.98,15.0,0.97,15.0,0.99,64.46,,,0.01,112.97,,,0.02,15.0,0.03,15.0,0.01,0.01,43.478537,1776208155000
1776208156.963,256.963,0.98,15.0,0.97,15.0,0.99,54.46,,,0.01,64.46,,,0.02,15.0,0.03,15.0,0.01,0.01,43.478537,1776208155000
1776208157.405,257.405,0.98,15.0,0.97,15.0,0.99,54.46,,,0.01,54.46,,,0.02,15.0,0.03,15.0,0.01,0.01,43.478537,1776208156000
1776208158.257,258.257,0.98,15.0,0.97,15.0,0.99,54.46,,,0.01,54.46,,,0.02,15.0,0.03,15.0,0.01,0.01,43.47863,1776208157000
1776208159.232,259.232,0.98,15.0,0.97,15.0,,,,,,,,,0.02,15.0,0.03,15.0,,,43.478807,1776208158000
1776208160.292,260.292,0.98,15.0,0.97,15.0,,,,,,,,,0.02,15.0,0.03,15.0,,,43.482808,1776208159000
1776208161.295,261.295,0.98,15.0,0.97,15.0,,,,,,,,,0.02,15.0,0.03,15.0,,,43.483485,1776208160000
1776208162.202,262.202,0.98,15.0,0.97,15.0,,,,,,,,,0.02,15.0,0.03,15.0,,,43.483808,1776208161000
1776208163.083,263.083,0.98,15.0,0.97,15.0,,,,,,,,,0.02,15.0,0.03,15.0,,,43.483808,1776208162000
1776208164.062,264.062,0.98,15.0,0.97,15.0,,,,,,,,,0.02,15.0,0.03,15.0,,,43.48382,1776208163000
1776208165.19,265.19,0.98,15.0,0.97,15.0,,,,,,,,,0.02,15.0,0.03,15.0,,,43.492249,1776208164000
1776208166.022,266.022,0.98,15.0,0.97,15.0,,,,,,,,,0.02,15.0,0.03,15.0,,,43.505785,1776208165000
1776208167.047,267.047,0.98,15.0,0.97,15.0,,,,,,,,,0.02,15.0,0.03,15.0,,,43.505896,1776208166000
1776208168.045,268.045,0.98,15.0,0.97,15.0,,,,,,,,,0.02,15.0,0.03,15.0,,,43.505862,1776208167000
1776208169.043,269.043,0.98,15.0,0.97,15.0,,,,,,,,,0.02,15.0,0.03,15.0,,,43.506345,1776208168000
1776208170.559,270.559,0.98,15.0,0.97,15.0,,,,,,,,,0.02,15.0,0.03,15.0,,,43.506221,1776208169000
1776208171.006,271.006,0.98,15.0,0.97,15.0,,,,,,,,,0.02,15.0,0.03,15.0,,,43.506221,1776208170000
1776208172.161,272.161,0.98,15.0,0.97,15.0,,,,,,,,,0.02,15.0,0.03,15.0,,,43.50674,1776208171000
1776208173.157,273.157,0.98,15.0,0.97,15.0,,,,,,,,,0.02,15.0,0.03,15.0,,,43.506901,1776208172000
1776208174.064,274.064,0.98,15.0,0.97,15.0,,,,,,,,,0.02,15.0,0.03,15.0,,,43.509197,1776208173000
1776208175.018,275.018,0.98,15.0,0.97,15.0,,,,,,,,,0.02,15.0,0.03,15.0,,,43.511062,1776208174000
1776208176.149,276.149,0.98,15.0,0.97,15.0,,,,,,,,,0.02,15.0,0.03,15.0,,,43.511709,1776208175000
1776208177.032,277.032,0.98,15.0,0.97,15.0,,,,,,,,,0.02,15.0,0.03,15.0,,,43.516028,1776208176000
1776208177.997,277.997,0.98,15.0,0.97,15.0,,,,,,,,,0.02,15.0,0.03,15.0,,,43.52021,1776208177000
1776208178.974,278.974,0.98,15.0,0.97,15.0,,,,,,,,,0.02,15.0,0.03,15.0,,,43.521106,1776208178000
1776208180.195,280.195,0.98,15.0,0.97,15.0,,,,,,,,,0.02,15.0,0.03,15.0,,,43.521326,1776208179000
1776208181.035,281.035,0.98,15.0,0.97,15.0,,,,,,,,,0.02,15.0,0.03,15.0,,,43.521549,1776208180000
1776208182.066,282.066,0.98,15.0,0.97,15.0,,,,,,,,,0.02,15.0,0.03,15.0,,,43.521654,1776208181000
1776208183.093,283.093,0.98,15.0,0.97,15.0,,,,,,,,,0.02,15.0,0.03,15.0,,,43.521572,1776208182000
1776208184.377,284.377,0.98,15.0,0.97,15.0,,,,,,,,,0.02,15.0,0.03,15.0,,,43.521106,1776208183000
1776208185.04,285.04,0.98,15.0,0.97,15.0,,,,,,,,,0.02,15.0,0.03,15.0,,,43.522754,1776208184000
1776208186.287,286.287,0.98,15.0,0.97,15.0,,,,,,,,,0.02,15.0,0.03,15.0,,,43.522521,1776208185000
1776208187.53,287.53,0.98,15.0,0.97,15.0,,,,,,,,,0.02,15.0,0.03,15.0,,,43.522446,1776208186000
1776208188.079,288.079,0.98,15.0,0.97,15.0,,,,,,,,,0.02,15.0,0.03,15.0,,,43.522394,1776208187000
1776208189.172,289.172,0.98,15.0,0.97,15.0,,,,,,,,,0.02,15.0,0.03,15.0,,,43.524168,1776208188000
1776208190.248,290.248,0.98,15.0,0.97,15.0,,,,,,,,,0.02,15.0,0.03,15.0,,,43.523522,1776208189000
1776208191.661,291.661,0.98,15.0,0.97,15.0,,,,,,,,,0.02,15.0,0.03,15.0,,,43.523569,1776208190000
1776208192.2,292.2,0.98,15.0,0.97,15.0,,,,,,,,,0.02,15.0,0.03,15.0,,,43.52389,1776208191000
1776208193.221,293.221,0.98,15.0,0.97,15.0,,,,,,,,,0.02,15.0,0.03,15.0,,,43.52389,1776208192000
1776208194.339,294.339,0.98,15.0,0.97,15.0,,,,,,,,,0.02,15.0,0.03,15.0,,,43.523936,1776208193000
1776208194.89,294.89,0.98,15.0,0.97,15.0,,,,,,,,,0.02,15.0,0.03,15.0,,,43.523936,1776208194000
1776208196.011,296.011,0.98,15.0,0.97,15.0,,,,,,,,,0.02,15.0,0.03,15.0,,,43.522935,1776208195000
1776208197.284,297.284,0.98,15.0,0.97,15.0,,,,,,,,,0.02,15.0,0.03,15.0,,,43.524175,1776208196000
1776208198.29,298.29,0.98,15.0,0.97,15.0,,,,,,,,,0.02,15.0,0.03,15.0,,,43.524082,1776208197000
1776208199.265,299.265,0.98,15.0,0.97,15.0,,,,,,,,,0.02,15.0,0.03,15.0,,,43.508282,1776208198000
1776208200.327,300.327,0.98,15.0,0.97,15.0,,,,,,,,,0.02,15.0,0.03,15.0,,,43.500403,1776208199000

# RESULT,winner=Up,slug=hype-updown-5m-1776207900,ticks=317
