timestamp,elapsed_sec,up_bid_p1,up_bid_s1,up_bid_p2,up_bid_s2,up_ask_p1,up_ask_s1,up_ask_p2,up_ask_s2,down_bid_p1,down_bid_s1,down_bid_p2,down_bid_s2,down_ask_p1,down_ask_s1,down_ask_p2,down_ask_s2,up_spread,down_spread,hype_price,hype_oracle_ts
1776180900.004,0.004,0.48,5.0,0.47,31.0,0.52,5.0,0.53,31.0,0.48,5.0,0.47,31.0,0.52,5.0,0.53,31.0,0.04,0.04,43.54747,1776180898000
1776180900.518,0.518,0.41,13.0,0.4,8.0,0.59,13.0,0.6,8.0,0.48,5.0,0.47,31.0,0.52,5.0,0.53,31.0,0.18,0.04,43.550374,1776180899000
1776180901.587,1.587,0.41,13.0,0.4,8.0,0.59,13.0,0.6,8.0,0.41,13.0,0.4,8.0,0.59,13.0,0.6,8.0,0.18,0.18,43.5547,1776180900000
1776180902.282,2.282,0.41,13.0,0.4,8.0,0.59,13.0,0.6,8.0,0.41,13.0,0.4,8.0,0.59,13.0,0.6,8.0,0.18,0.18,43.555398,1776180901000
1776180903.792,3.792,0.41,13.0,0.4,8.0,0.59,13.0,0.6,8.0,0.41,13.0,0.4,8.0,0.59,13.0,0.6,8.0,0.18,0.18,43.540806,1776180902000
1776180904.349,4.349,0.41,13.0,0.4,8.0,0.59,13.0,0.6,8.0,0.41,13.0,0.4,8.0,0.59,13.0,0.6,8.0,0.18,0.18,43.534642,1776180903000
1776180905.74,5.74,0.41,13.0,0.4,8.0,0.59,13.0,0.6,8.0,0.41,13.0,0.4,8.0,0.59,13.0,0.6,8.0,0.18,0.18,43.53005,1776180904000
1776180906.339,6.339,0.41,13.0,0.4,8.0,0.59,13.0,0.6,8.0,0.41,13.0,0.4,8.0,0.59,13.0,0.6,8.0,0.18,0.18,43.528372,1776180905000
1776180907.666,7.666,0.41,13.0,0.4,8.0,0.59,13.0,0.6,8.0,0.41,13.0,0.4,8.0,0.59,13.0,0.6,8.0,0.18,0.18,43.529238,1776180906000
1776180908.279,8.279,0.41,13.0,0.4,8.0,0.59,13.0,0.6,8.0,0.41,13.0,0.4,8.0,0.59,13.0,0.6,8.0,0.18,0.18,43.527941,1776180907000
1776180909.596,9.596,0.41,13.0,0.4,8.0,0.59,13.0,0.6,8.0,0.41,13.0,0.4,8.0,0.59,13.0,0.6,8.0,0.18,0.18,43.517274,1776180908000
1776180910.279,10.279,0.41,13.0,0.4,8.0,0.59,13.0,0.6,8.0,0.41,13.0,0.4,8.0,0.59,13.0,0.6,8.0,0.18,0.18,43.514674,1776180909000
1776180911.792,11.792,0.41,13.0,0.4,8.0,0.59,13.0,0.6,8.0,0.41,13.0,0.4,8.0,0.59,13.0,0.6,8.0,0.18,0.18,43.509918,1776180910000
1776180912.483,12.483,0.41,13.0,0.4,8.0,0.59,13.0,0.6,8.0,0.41,13.0,0.4,8.0,0.59,13.0,0.6,8.0,0.18,0.18,43.50972,1776180911000
1776180913.211,13.211,0.41,13.0,0.4,8.0,0.59,13.0,0.6,8.0,0.41,13.0,0.4,8.0,0.59,13.0,0.6,8.0,0.18,0.18,43.510154,1776180912000
1776180914.477,14.477,0.41,13.0,0.4,8.0,0.59,13.0,0.6,8.0,0.41,13.0,0.4,8.0,0.59,13.0,0.6,8.0,0.18,0.18,43.511148,1776180913000
1776180915.175,15.175,0.41,13.0,0.4,8.0,0.59,13.0,0.6,8.0,0.41,13.0,0.4,8.0,0.59,13.0,0.6,8.0,0.18,0.18,43.511673,1776180914000
1776180916.004,16.004,0.41,13.0,0.4,8.0,0.59,13.0,0.6,8.0,0.41,13.0,0.4,8.0,0.59,13.0,0.6,8.0,0.18,0.18,43.511568,1776180915000
1776180917.062,17.062,0.41,13.0,0.4,8.0,0.59,13.0,0.6,8.0,0.41,13.0,0.4,8.0,0.59,13.0,0.6,8.0,0.18,0.18,43.512162,1776180916000
1776180918.163,18.163,0.41,13.0,0.4,8.0,0.59,13.0,0.6,8.0,0.41,13.0,0.4,8.0,0.59,13.0,0.6,8.0,0.18,0.18,43.51589,1776180917000
1776180919.07,19.07,0.41,13.0,0.4,8.0,0.59,13.0,0.6,8.0,0.41,13.0,0.4,8.0,0.59,13.0,0.6,8.0,0.18,0.18,43.521868,1776180918000
1776180920.086,20.086,0.41,13.0,0.4,8.0,0.59,13.0,0.6,8.0,0.41,13.0,0.4,8.0,0.59,13.0,0.6,8.0,0.18,0.18,43.530965,1776180919000
1776180921.165,21.165,0.41,13.0,0.4,8.0,0.59,13.0,0.6,8.0,0.41,13.0,0.4,8.0,0.59,13.0,0.6,8.0,0.18,0.18,43.530999,1776180920000
1776180922.191,22.191,0.41,13.0,0.4,8.0,0.59,13.0,0.6,8.0,0.41,13.0,0.4,8.0,0.59,13.0,0.6,8.0,0.18,0.18,43.53099,1776180921000
1776180923.177,23.177,0.41,13.0,0.4,8.0,0.59,13.0,0.6,8.0,0.41,13.0,0.4,8.0,0.59,13.0,0.6,8.0,0.18,0.18,43.530413,1776180922000
1776180924.228,24.228,0.41,13.0,0.4,8.0,0.59,13.0,0.6,8.0,0.41,13.0,0.4,8.0,0.59,13.0,0.6,8.0,0.18,0.18,43.530413,1776180923000
1776180925.207,25.207,0.41,13.0,0.4,8.0,0.59,13.0,0.6,8.0,0.41,13.0,0.4,8.0,0.59,13.0,0.6,8.0,0.18,0.18,43.535746,1776180924000
1776180926.171,26.171,0.41,13.0,0.4,8.0,0.59,13.0,0.6,8.0,0.41,13.0,0.4,8.0,0.59,13.0,0.6,8.0,0.18,0.18,43.541618,1776180925000
1776180927.238,27.238,0.41,13.0,0.4,8.0,0.59,13.0,0.6,8.0,0.41,13.0,0.4,8.0,0.59,13.0,0.6,8.0,0.18,0.18,43.548474,1776180926000
1776180928.297,28.297,0.41,13.0,0.4,8.0,0.59,13.0,0.6,8.0,0.41,13.0,0.4,8.0,0.59,13.0,0.6,8.0,0.18,0.18,43.547324,1776180927000
1776180929.285,29.285,0.41,13.0,0.4,8.0,0.59,13.0,0.6,8.0,0.41,13.0,0.4,8.0,0.59,13.0,0.6,8.0,0.18,0.18,43.544827,1776180928000
1776180930.408,30.408,0.41,13.0,0.4,8.0,0.59,13.0,0.6,8.0,0.41,13.0,0.4,8.0,0.59,13.0,0.6,8.0,0.18,0.18,43.544925,1776180929000
1776180931.034,31.034,0.41,13.0,0.4,8.0,0.59,13.0,0.6,8.0,0.41,13.0,0.4,8.0,0.59,13.0,0.6,8.0,0.18,0.18,43.543529,1776180930000
1776180932.255,32.255,0.41,13.0,0.4,8.0,0.59,13.0,0.6,8.0,0.41,13.0,0.4,8.0,0.59,13.0,0.6,8.0,0.18,0.18,43.538817,1776180931000
1776180933.295,33.295,0.41,13.0,0.4,8.0,0.59,13.0,0.6,8.0,0.41,13.0,0.4,8.0,0.59,13.0,0.6,8.0,0.18,0.18,43.538403,1776180932000
1776180934.554,34.554,0.41,13.0,0.4,8.0,0.59,13.0,0.6,8.0,0.41,13.0,0.4,8.0,0.59,13.0,0.6,8.0,0.18,0.18,43.540422,1776180933000
1776180935.227,35.227,0.41,13.0,0.4,8.0,0.59,13.0,0.6,8.0,0.41,13.0,0.4,8.0,0.59,13.0,0.6,8.0,0.18,0.18,43.540423,1776180934000
1776180938.277,38.277,0.41,13.0,0.4,8.0,0.59,13.0,0.6,8.0,0.41,13.0,0.4,8.0,0.59,13.0,0.6,8.0,0.18,0.18,43.553205,1776180935000
1776180939.231,39.231,0.41,13.0,0.4,8.0,0.59,13.0,0.6,8.0,0.41,13.0,0.4,8.0,0.59,13.0,0.6,8.0,0.18,0.18,43.54993,1776180938000
1776180940.187,40.187,0.41,13.0,0.4,8.0,0.59,13.0,0.6,8.0,0.41,13.0,0.4,8.0,0.59,13.0,0.6,8.0,0.18,0.18,43.538723,1776180939000
1776180941.393,41.393,0.41,13.0,0.4,8.0,0.59,13.0,0.6,8.0,0.41,13.0,0.4,8.0,0.59,13.0,0.6,8.0,0.18,0.18,43.537468,1776180940000
1776180941.873,41.873,0.41,13.0,0.4,8.0,0.59,13.0,0.6,8.0,0.41,13.0,0.4,8.0,0.59,13.0,0.6,8.0,0.18,0.18,43.537468,1776180941000
1776180943.087,43.087,0.41,13.0,0.4,8.0,0.59,13.0,0.6,8.0,0.41,13.0,0.4,8.0,0.59,13.0,0.6,8.0,0.18,0.18,43.533445,1776180942000
1776180944.197,44.197,0.41,13.0,0.4,8.0,0.59,13.0,0.6,8.0,0.41,13.0,0.4,8.0,0.59,13.0,0.6,8.0,0.18,0.18,43.525863,1776180943000
1776180945.994,45.994,0.41,13.0,0.4,8.0,0.59,13.0,0.6,8.0,0.41,13.0,0.4,8.0,0.59,13.0,0.6,8.0,0.18,0.18,43.524461,1776180944000
1776180946.746,46.746,0.41,13.0,0.4,8.0,0.59,13.0,0.6,8.0,0.41,13.0,0.4,8.0,0.59,13.0,0.6,8.0,0.18,0.18,43.522948,1776180945000
1776180947.588,47.588,0.41,13.0,0.4,8.0,0.59,13.0,0.6,8.0,0.41,13.0,0.4,8.0,0.59,13.0,0.6,8.0,0.18,0.18,43.524162,1776180946000
1776180948.255,48.255,0.41,13.0,0.4,8.0,0.59,13.0,0.6,8.0,0.41,13.0,0.4,8.0,0.59,13.0,0.6,8.0,0.18,0.18,43.524416,1776180947000
1776180949.679,49.679,0.41,13.0,0.4,8.0,0.59,13.0,0.6,8.0,0.41,13.0,0.4,8.0,0.59,13.0,0.6,8.0,0.18,0.18,43.523061,1776180948000
1776180950.422,50.422,0.41,13.0,0.4,8.0,0.59,13.0,0.6,8.0,0.41,13.0,0.4,8.0,0.59,13.0,0.6,8.0,0.18,0.18,43.521384,1776180949000
1776180951.123,51.123,0.41,13.0,0.4,8.0,0.59,13.0,0.6,8.0,0.41,13.0,0.4,8.0,0.59,13.0,0.6,8.0,0.18,0.18,43.521096,1776180950000
1776180952.544,52.544,0.41,13.0,0.4,8.0,0.59,13.0,0.6,8.0,0.41,13.0,0.4,8.0,0.59,13.0,0.6,8.0,0.18,0.18,43.517046,1776180951000
1776180953.266,53.266,0.41,13.0,0.4,8.0,0.59,13.0,0.6,8.0,0.41,13.0,0.4,8.0,0.59,13.0,0.6,8.0,0.18,0.18,43.514502,1776180952000
1776180954.739,54.739,0.41,13.0,0.4,8.0,0.59,13.0,0.6,8.0,0.41,13.0,0.4,8.0,0.59,13.0,0.6,8.0,0.18,0.18,43.510501,1776180953000
1776180955.388,55.388,0.41,13.0,0.4,8.0,0.59,13.0,0.6,8.0,0.41,13.0,0.4,8.0,0.59,13.0,0.6,8.0,0.18,0.18,43.51015,1776180954000
1776180956.185,56.185,0.41,13.0,0.4,8.0,0.59,13.0,0.6,8.0,0.41,13.0,0.4,8.0,0.59,13.0,0.6,8.0,0.18,0.18,43.508664,1776180955000
1776180957.656,57.656,0.41,13.0,0.4,8.0,0.59,13.0,0.6,8.0,0.41,13.0,0.4,8.0,0.59,13.0,0.6,8.0,0.18,0.18,43.510162,1776180956000
1776180958.356,58.356,0.41,13.0,0.4,8.0,0.59,13.0,0.6,8.0,0.41,13.0,0.4,8.0,0.59,13.0,0.6,8.0,0.18,0.18,43.510121,1776180957000
1776180959.127,59.127,0.41,13.0,0.4,8.0,0.59,13.0,0.6,8.0,0.41,13.0,0.4,8.0,0.59,13.0,0.6,8.0,0.18,0.18,43.510121,1776180958000
1776180960.646,60.646,0.41,13.0,0.4,8.0,0.59,13.0,0.6,8.0,0.41,13.0,0.4,8.0,0.59,13.0,0.6,8.0,0.18,0.18,43.512418,1776180959000
1776180961.418,61.418,0.41,13.0,0.4,8.0,0.59,13.0,0.6,8.0,0.41,13.0,0.4,8.0,0.59,13.0,0.6,8.0,0.18,0.18,43.515919,1776180960000
1776180962.381,62.381,0.41,13.0,0.4,8.0,0.59,13.0,0.6,8.0,0.41,13.0,0.4,8.0,0.59,13.0,0.6,8.0,0.18,0.18,43.515435,1776180961000
1776180963.305,63.305,0.41,13.0,0.4,8.0,0.59,13.0,0.6,8.0,0.41,13.0,0.4,8.0,0.59,13.0,0.6,8.0,0.18,0.18,43.510481,1776180962000
1776180964.369,64.369,0.41,13.0,0.4,8.0,0.59,13.0,0.6,8.0,0.41,13.0,0.4,8.0,0.59,13.0,0.6,8.0,0.18,0.18,43.510377,1776180963000
1776180965.278,65.278,0.41,13.0,0.4,8.0,0.59,13.0,0.6,8.0,0.41,13.0,0.4,8.0,0.59,13.0,0.6,8.0,0.18,0.18,43.505468,1776180964000
1776180966.223,66.223,0.41,13.0,0.4,8.0,0.59,13.0,0.6,8.0,0.41,13.0,0.4,8.0,0.59,13.0,0.6,8.0,0.18,0.18,43.504887,1776180965000
1776180967.253,67.253,0.41,13.0,0.4,8.0,0.59,13.0,0.6,8.0,0.41,13.0,0.4,8.0,0.59,13.0,0.6,8.0,0.18,0.18,43.503658,1776180966000
1776180968.169,68.169,0.41,13.0,0.4,8.0,0.59,13.0,0.6,8.0,0.41,13.0,0.4,8.0,0.59,13.0,0.6,8.0,0.18,0.18,43.504527,1776180967000
1776180969.157,69.157,0.41,13.0,0.4,8.0,0.59,13.0,0.6,8.0,0.41,13.0,0.4,8.0,0.59,13.0,0.6,8.0,0.18,0.18,43.50739,1776180968000
1776180970.229,70.229,0.41,13.0,0.4,8.0,0.59,13.0,0.6,8.0,0.41,13.0,0.4,8.0,0.59,13.0,0.6,8.0,0.18,0.18,43.506371,1776180969000
1776180971.134,71.134,0.41,13.0,0.4,8.0,0.59,13.0,0.6,8.0,0.41,13.0,0.4,8.0,0.59,13.0,0.6,8.0,0.18,0.18,43.505875,1776180970000
1776180972.135,72.135,0.41,13.0,0.4,8.0,0.59,13.0,0.6,8.0,0.41,13.0,0.4,8.0,0.59,13.0,0.6,8.0,0.18,0.18,43.509968,1776180971000
1776180973.032,73.032,0.41,13.0,0.4,8.0,0.59,13.0,0.6,8.0,0.41,13.0,0.4,8.0,0.59,13.0,0.6,8.0,0.18,0.18,43.518593,1776180972000
1776180974.082,74.082,0.41,13.0,0.4,8.0,0.59,13.0,0.6,8.0,0.41,13.0,0.4,8.0,0.59,13.0,0.6,8.0,0.18,0.18,43.517547,1776180973000
1776180975.12,75.12,0.41,13.0,0.4,8.0,0.59,13.0,0.6,8.0,0.41,13.0,0.4,8.0,0.59,13.0,0.6,8.0,0.18,0.18,43.511578,1776180974000
1776180976.924,76.924,0.41,13.0,0.4,8.0,0.59,13.0,0.6,8.0,0.41,13.0,0.4,8.0,0.59,13.0,0.6,8.0,0.18,0.18,43.514501,1776180975000
1776180977.423,77.423,0.41,13.0,0.4,8.0,0.59,13.0,0.6,8.0,0.41,13.0,0.4,8.0,0.59,13.0,0.6,8.0,0.18,0.18,43.514069,1776180976000
1776180977.983,77.983,0.41,13.0,0.4,8.0,0.59,13.0,0.6,8.0,0.41,13.0,0.4,8.0,0.59,13.0,0.6,8.0,0.18,0.18,43.514069,1776180977000
1776180979.159,79.159,0.41,13.0,0.4,8.0,0.59,13.0,0.6,8.0,0.41,13.0,0.4,8.0,0.59,13.0,0.6,8.0,0.18,0.18,43.519745,1776180978000
1776180980.453,80.453,0.41,13.0,0.4,8.0,0.59,13.0,0.6,8.0,0.41,13.0,0.4,8.0,0.59,13.0,0.6,8.0,0.18,0.18,43.532977,1776180979000
1776180980.975,80.975,0.41,13.0,0.4,8.0,0.59,13.0,0.6,8.0,0.41,13.0,0.4,8.0,0.59,13.0,0.6,8.0,0.18,0.18,43.53315,1776180980000
1776180982.053,82.053,0.41,13.0,0.4,8.0,0.59,13.0,0.6,8.0,0.41,13.0,0.4,8.0,0.59,13.0,0.6,8.0,0.18,0.18,43.534612,1776180981000
1776180983.165,83.165,0.41,13.0,0.4,8.0,0.59,13.0,0.6,8.0,0.41,13.0,0.4,8.0,0.59,13.0,0.6,8.0,0.18,0.18,43.534,1776180982000
1776180984.296,84.296,0.41,13.0,0.4,8.0,0.59,13.0,0.6,8.0,0.41,13.0,0.4,8.0,0.59,13.0,0.6,8.0,0.18,0.18,43.53399,1776180983000
1776180985.431,85.431,0.41,13.0,0.4,8.0,0.59,13.0,0.6,8.0,0.41,13.0,0.4,8.0,0.59,13.0,0.6,8.0,0.18,0.18,43.53422,1776180984000
1776180985.933,85.933,0.41,13.0,0.4,8.0,0.59,13.0,0.6,8.0,0.41,13.0,0.4,8.0,0.59,13.0,0.6,8.0,0.18,0.18,43.53475,1776180985000
1776180987.068,87.068,0.41,13.0,0.4,8.0,0.59,13.0,0.6,8.0,0.41,13.0,0.4,8.0,0.59,13.0,0.6,8.0,0.18,0.18,43.53475,1776180986000
1776180988.326,88.326,0.41,13.0,0.4,8.0,0.59,13.0,0.6,8.0,0.41,13.0,0.4,8.0,0.59,13.0,0.6,8.0,0.18,0.18,43.538337,1776180987000
1776180989.345,89.345,0.41,13.0,0.4,8.0,0.59,13.0,0.6,8.0,0.41,13.0,0.4,8.0,0.59,13.0,0.6,8.0,0.18,0.18,43.543184,1776180988000
1776180989.99,89.99,0.41,13.0,0.4,8.0,0.59,13.0,0.6,8.0,0.41,13.0,0.4,8.0,0.59,13.0,0.6,8.0,0.18,0.18,43.545628,1776180989000
1776180991.544,91.544,0.41,13.0,0.4,8.0,0.59,13.0,0.6,8.0,0.41,13.0,0.4,8.0,0.59,13.0,0.6,8.0,0.18,0.18,43.543456,1776180990000
1776180992.044,92.044,0.41,13.0,0.4,8.0,0.59,13.0,0.6,8.0,0.41,13.0,0.4,8.0,0.59,13.0,0.6,8.0,0.18,0.18,43.538345,1776180991000
1776180992.434,92.434,0.52,10.0,0.45,11.0,0.65,10.43,0.66,29.0,0.41,13.0,0.4,8.0,0.59,13.0,0.6,8.0,0.13,0.18,43.538345,1776180991000
1776180993.046,93.046,0.52,10.0,0.45,11.0,0.65,10.43,0.66,29.0,0.35,10.43,0.34,29.0,0.48,10.0,0.55,11.0,0.13,0.13,43.535639,1776180992000
1776180994.227,94.227,0.52,10.0,0.45,11.0,0.65,10.43,0.66,29.0,0.35,10.43,0.34,29.0,0.48,10.0,0.55,11.0,0.13,0.13,43.542599,1776180993000
1776180995.909,95.909,0.52,10.0,0.45,11.0,0.65,10.43,0.66,29.0,0.35,10.43,0.34,29.0,0.48,10.0,0.55,11.0,0.13,0.13,43.5698,1776180994000
1776180996.519,96.519,0.52,10.0,0.45,11.0,0.65,10.43,0.66,29.0,0.35,10.43,0.34,29.0,0.48,10.0,0.55,11.0,0.13,0.13,43.567397,1776180995000
1776180997.061,97.061,0.52,10.0,0.45,11.0,0.65,10.43,0.66,29.0,0.35,10.43,0.34,29.0,0.48,10.0,0.55,11.0,0.13,0.13,43.567397,1776180996000
1776180998.311,98.311,0.52,10.0,0.45,11.0,0.65,10.43,0.66,29.0,0.35,10.43,0.34,29.0,0.48,10.0,0.55,11.0,0.13,0.13,43.55992,1776180997000
1776180999.473,99.473,0.52,10.0,0.45,11.0,0.65,10.43,0.66,29.0,0.35,10.43,0.34,29.0,0.48,10.0,0.55,11.0,0.13,0.13,43.562389,1776180998000
1776181000.203,100.203,0.52,10.0,0.45,11.0,0.65,10.43,0.66,29.0,0.35,10.43,0.34,29.0,0.48,10.0,0.55,11.0,0.13,0.13,43.562389,1776180999000
1776181001.377,101.377,0.52,10.0,0.45,11.0,0.65,10.43,0.66,29.0,0.35,10.43,0.34,29.0,0.48,10.0,0.55,11.0,0.13,0.13,43.55989,1776181000000
1776181002.62,102.62,0.52,10.0,0.45,11.0,0.65,10.43,0.66,29.0,0.35,10.43,0.34,29.0,0.48,10.0,0.55,11.0,0.13,0.13,43.566679,1776181001000
1776181003.231,103.231,0.52,10.0,0.45,11.0,0.65,10.43,0.66,29.0,0.35,10.43,0.34,29.0,0.48,10.0,0.55,11.0,0.13,0.13,43.566699,1776181002000
1776181004.321,104.321,0.52,10.0,0.45,11.0,0.65,10.43,0.66,29.0,0.35,10.43,0.34,29.0,0.48,10.0,0.55,11.0,0.13,0.13,43.571838,1776181003000
1776181005.619,105.619,0.52,10.0,0.45,11.0,0.65,10.43,0.66,29.0,0.35,10.43,0.34,29.0,0.48,10.0,0.55,11.0,0.13,0.13,43.569723,1776181004000
1776181006.116,106.116,0.3,5.75,0.23,15.0,0.59,68.0,0.6,27.0,0.35,10.43,0.34,29.0,0.48,10.0,0.55,11.0,0.29,0.13,43.569723,1776181004000
1776181006.329,106.329,0.23,14.9,0.22,37.0,0.6,27.0,0.61,15.0,0.41,68.0,0.4,27.0,0.7,5.75,0.77,15.0,0.37,0.29,43.565728,1776181005000
1776181007.098,107.098,0.23,4.9,0.22,15.0,0.33,24.0,0.34,5.0,0.4,27.0,0.39,15.0,0.77,14.9,0.78,37.0,0.1,0.37,43.565728,1776181005000
1776181008.204,108.204,0.23,4.9,0.22,15.0,0.33,24.0,0.34,5.0,0.67,24.0,0.66,5.0,0.77,4.9,0.78,15.0,0.1,0.1,43.508897,1776181007000
1776181009.156,109.156,0.23,4.9,0.22,15.0,0.33,24.0,0.34,5.0,0.67,24.0,0.66,5.0,0.77,4.9,0.78,15.0,0.1,0.1,43.488624,1776181008000
1776181010.132,110.132,0.23,4.9,0.22,15.0,0.33,24.0,0.34,5.0,0.67,24.0,0.66,5.0,0.77,4.9,0.78,15.0,0.1,0.1,43.47488,1776181009000
1776181011.168,111.168,0.23,4.9,0.22,15.0,0.33,24.0,0.34,5.0,0.67,24.0,0.66,5.0,0.77,4.9,0.78,15.0,0.1,0.1,43.469506,1776181010000
1776181012.22,112.22,0.23,4.9,0.22,15.0,0.33,24.0,0.34,5.0,0.67,24.0,0.66,5.0,0.77,4.9,0.78,15.0,0.1,0.1,43.465315,1776181011000
1776181013.446,113.446,0.23,4.9,0.22,15.0,0.33,24.0,0.34,5.0,0.67,24.0,0.66,5.0,0.77,4.9,0.78,15.0,0.1,0.1,43.47724,1776181012000
1776181014.129,114.129,0.23,4.9,0.22,15.0,0.33,24.0,0.34,5.0,0.67,24.0,0.66,5.0,0.77,4.9,0.78,15.0,0.1,0.1,43.480154,1776181013000
1776181015.282,115.282,0.23,4.9,0.22,15.0,0.33,24.0,0.34,5.0,0.67,24.0,0.66,5.0,0.77,4.9,0.78,15.0,0.1,0.1,43.495614,1776181014000
1776181016.397,116.397,0.23,4.9,0.22,15.0,0.33,24.0,0.34,5.0,0.67,24.0,0.66,5.0,0.77,4.9,0.78,15.0,0.1,0.1,43.504365,1776181015000
1776181016.916,116.916,0.23,4.9,0.22,15.0,0.33,24.0,0.34,5.0,0.67,24.0,0.66,5.0,0.77,4.9,0.78,15.0,0.1,0.1,43.511409,1776181016000
1776181017.912,117.912,0.23,4.9,0.22,15.0,0.33,24.0,0.34,5.0,0.67,24.0,0.66,5.0,0.77,4.9,0.78,15.0,0.1,0.1,43.511138,1776181017000
1776181019.139,119.139,0.23,4.9,0.22,15.0,0.33,24.0,0.34,5.0,0.67,24.0,0.66,5.0,0.77,4.9,0.78,15.0,0.1,0.1,43.510883,1776181018000
1776181020.323,120.323,0.23,4.9,0.22,15.0,0.33,24.0,0.34,5.0,0.67,24.0,0.66,5.0,0.77,4.9,0.78,15.0,0.1,0.1,43.51762,1776181019000
1776181021.222,121.222,0.23,4.9,0.22,15.0,0.33,24.0,0.34,5.0,0.67,24.0,0.66,5.0,0.77,4.9,0.78,15.0,0.1,0.1,43.526778,1776181020000
1776181022.44,122.44,0.23,4.9,0.22,15.0,0.33,24.0,0.34,5.0,0.67,24.0,0.66,5.0,0.77,4.9,0.78,15.0,0.1,0.1,43.530009,1776181021000
1776181023.011,123.011,0.23,4.9,0.22,15.0,0.33,24.0,0.34,5.0,0.67,24.0,0.66,5.0,0.77,4.9,0.78,15.0,0.1,0.1,43.530478,1776181022000
1776181024.081,124.081,0.23,4.9,0.22,15.0,0.33,24.0,0.34,5.0,0.67,24.0,0.66,5.0,0.77,4.9,0.78,15.0,0.1,0.1,43.529044,1776181023000
1776181025.153,125.153,0.23,4.9,0.22,15.0,0.33,24.0,0.34,5.0,0.67,24.0,0.66,5.0,0.77,4.9,0.78,15.0,0.1,0.1,43.529042,1776181024000
1776181026.43,126.43,0.23,4.9,0.22,15.0,0.33,24.0,0.34,5.0,0.67,24.0,0.66,5.0,0.77,4.9,0.78,15.0,0.1,0.1,43.529107,1776181025000
1776181027.422,127.422,0.23,4.9,0.22,15.0,0.33,24.0,0.34,5.0,0.67,24.0,0.66,5.0,0.77,4.9,0.78,15.0,0.1,0.1,43.529441,1776181026000
1776181028.02,128.02,0.23,4.9,0.22,15.0,0.33,24.0,0.34,5.0,0.67,24.0,0.66,5.0,0.77,4.9,0.78,15.0,0.1,0.1,43.531393,1776181027000
1776181029.07,129.07,0.23,4.9,0.22,15.0,0.33,24.0,0.34,5.0,0.67,24.0,0.66,5.0,0.77,4.9,0.78,15.0,0.1,0.1,43.531323,1776181028000
1776181030.115,130.115,0.23,4.9,0.22,15.0,0.33,24.0,0.34,5.0,0.67,24.0,0.66,5.0,0.77,4.9,0.78,15.0,0.1,0.1,43.53464,1776181029000
1776181031.424,131.424,0.23,4.9,0.22,15.0,0.33,24.0,0.34,5.0,0.67,24.0,0.66,5.0,0.77,4.9,0.78,15.0,0.1,0.1,43.540225,1776181030000
1776181032.516,132.516,0.23,4.9,0.22,15.0,0.33,24.0,0.34,5.0,0.67,24.0,0.66,5.0,0.77,4.9,0.78,15.0,0.1,0.1,43.541261,1776181031000
1776181033.128,133.128,0.23,4.9,0.22,15.0,0.33,24.0,0.34,5.0,0.67,24.0,0.66,5.0,0.77,4.9,0.78,15.0,0.1,0.1,43.541056,1776181032000
1776181034.132,134.132,0.23,4.9,0.22,15.0,0.33,24.0,0.34,5.0,0.67,24.0,0.66,5.0,0.77,4.9,0.78,15.0,0.1,0.1,43.53939,1776181033000
1776181035.075,135.075,0.29,10.81,0.28,15.0,0.48,9.0,0.56,58.0,0.67,24.0,0.66,5.0,0.77,4.9,0.78,15.0,0.19,0.1,43.53939,1776181033000
1776181035.518,135.518,0.29,10.81,0.28,15.0,0.48,9.0,0.56,58.0,0.52,9.0,0.44,58.0,0.71,10.81,0.72,15.0,0.19,0.19,43.542494,1776181034000
1776181036.125,136.125,0.29,10.81,0.28,15.0,0.48,9.0,0.56,58.0,0.52,9.0,0.44,58.0,0.71,10.81,0.72,15.0,0.19,0.19,43.542035,1776181035000
1776181037.19,137.19,0.29,10.81,0.28,15.0,0.48,9.0,0.56,58.0,0.52,9.0,0.44,58.0,0.71,10.81,0.72,15.0,0.19,0.19,43.534953,1776181036000
1776181038.359,138.359,0.29,10.81,0.28,15.0,0.48,9.0,0.56,58.0,0.52,9.0,0.44,58.0,0.71,10.81,0.72,15.0,0.19,0.19,43.525674,1776181037000
1776181039.476,139.476,0.29,10.81,0.28,15.0,0.48,9.0,0.56,58.0,0.52,9.0,0.44,58.0,0.71,10.81,0.72,15.0,0.19,0.19,43.539154,1776181038000
1776181039.991,139.991,0.29,10.81,0.28,15.0,0.48,9.0,0.56,58.0,0.52,9.0,0.44,58.0,0.71,10.81,0.72,15.0,0.19,0.19,43.541085,1776181039000
1776181041.128,141.128,0.29,10.81,0.28,15.0,0.48,9.0,0.56,58.0,0.52,9.0,0.44,58.0,0.71,10.81,0.72,15.0,0.19,0.19,43.536066,1776181040000
1776181042.202,142.202,0.29,10.81,0.28,15.0,0.48,9.0,0.56,58.0,0.52,9.0,0.44,58.0,0.71,10.81,0.72,15.0,0.19,0.19,43.536569,1776181041000
1776181043.249,143.249,0.29,10.81,0.28,15.0,0.48,9.0,0.56,58.0,0.52,9.0,0.44,58.0,0.71,10.81,0.72,15.0,0.19,0.19,43.539827,1776181042000
1776181044.203,144.203,0.29,10.81,0.28,15.0,0.48,9.0,0.56,58.0,0.52,9.0,0.44,58.0,0.71,10.81,0.72,15.0,0.19,0.19,43.538283,1776181043000
1776181045.411,145.411,0.29,10.81,0.28,15.0,0.48,9.0,0.56,58.0,0.52,9.0,0.44,58.0,0.71,10.81,0.72,15.0,0.19,0.19,43.53588,1776181044000
1776181045.986,145.986,0.29,10.81,0.28,15.0,0.48,9.0,0.56,58.0,0.52,9.0,0.44,58.0,0.71,10.81,0.72,15.0,0.19,0.19,43.533411,1776181045000
1776181047.133,147.133,0.29,10.81,0.28,15.0,0.48,9.0,0.56,58.0,0.52,9.0,0.44,58.0,0.71,10.81,0.72,15.0,0.19,0.19,43.5365,1776181046000
1776181048.264,148.264,0.29,10.81,0.28,15.0,0.48,9.0,0.56,58.0,0.52,9.0,0.44,58.0,0.71,10.81,0.72,15.0,0.19,0.19,43.53707,1776181047000
1776181049.884,149.884,0.29,10.81,0.28,15.0,0.48,9.0,0.56,58.0,0.52,9.0,0.44,58.0,0.71,10.81,0.72,15.0,0.19,0.19,43.534207,1776181048000
1776181050.515,150.515,0.29,10.81,0.28,15.0,0.48,9.0,0.56,58.0,0.52,9.0,0.44,58.0,0.71,10.81,0.72,15.0,0.19,0.19,43.534454,1776181049000
1776181051.497,151.497,0.29,10.81,0.28,15.0,0.48,9.0,0.56,58.0,0.52,9.0,0.44,58.0,0.71,10.81,0.72,15.0,0.19,0.19,43.536717,1776181050000
1776181052.153,152.153,0.29,10.81,0.28,15.0,0.48,9.0,0.56,58.0,0.52,9.0,0.44,58.0,0.71,10.81,0.72,15.0,0.19,0.19,43.539577,1776181051000
1776181053.893,153.893,0.29,10.81,0.28,15.0,0.48,9.0,0.56,58.0,0.52,9.0,0.44,58.0,0.71,10.81,0.72,15.0,0.19,0.19,43.537407,1776181052000
1776181054.442,154.442,0.29,10.81,0.28,15.0,0.48,9.0,0.56,58.0,0.52,9.0,0.44,58.0,0.71,10.81,0.72,15.0,0.19,0.19,43.539425,1776181053000
1776181055.741,155.741,0.29,10.81,0.28,15.0,0.48,9.0,0.56,58.0,0.52,9.0,0.44,58.0,0.71,10.81,0.72,15.0,0.19,0.19,43.529358,1776181054000
1776181056.345,156.345,0.29,10.81,0.28,15.0,0.48,9.0,0.56,58.0,0.52,9.0,0.44,58.0,0.71,10.81,0.72,15.0,0.19,0.19,43.529358,1776181055000
1776181057.639,157.639,0.29,10.81,0.28,15.0,0.48,9.0,0.56,58.0,0.52,9.0,0.44,58.0,0.71,10.81,0.72,15.0,0.19,0.19,43.531646,1776181056000
1776181058.458,158.458,0.29,10.81,0.28,15.0,0.48,9.0,0.56,58.0,0.52,9.0,0.44,58.0,0.71,10.81,0.72,15.0,0.19,0.19,43.533488,1776181057000
1776181059.012,159.012,0.29,10.81,0.28,15.0,0.48,9.0,0.56,58.0,0.52,9.0,0.44,58.0,0.71,10.81,0.72,15.0,0.19,0.19,43.541399,1776181058000
1776181060.63,160.63,0.29,10.81,0.28,15.0,0.48,9.0,0.56,58.0,0.52,9.0,0.44,58.0,0.71,10.81,0.72,15.0,0.19,0.19,43.54194,1776181059000
1776181061.153,161.153,0.29,10.81,0.28,15.0,0.48,9.0,0.56,58.0,0.52,9.0,0.44,58.0,0.71,10.81,0.72,15.0,0.19,0.19,43.541943,1776181060000
1776181062.632,162.632,0.29,10.81,0.28,15.0,0.48,9.0,0.56,58.0,0.52,9.0,0.44,58.0,0.71,10.81,0.72,15.0,0.19,0.19,43.543547,1776181061000
1776181063.219,163.219,0.29,10.81,0.28,15.0,0.48,9.0,0.56,58.0,0.52,9.0,0.44,58.0,0.71,10.81,0.72,15.0,0.19,0.19,43.543425,1776181062000
1776181064.694,164.694,0.29,10.81,0.28,15.0,0.48,9.0,0.56,58.0,0.52,9.0,0.44,58.0,0.71,10.81,0.72,15.0,0.19,0.19,43.544061,1776181063000
1776181065.356,165.356,0.29,10.81,0.28,15.0,0.48,9.0,0.56,58.0,0.52,9.0,0.44,58.0,0.71,10.81,0.72,15.0,0.19,0.19,43.549237,1776181064000
1776181066.577,166.577,0.29,10.81,0.28,15.0,0.48,9.0,0.56,58.0,0.52,9.0,0.44,58.0,0.71,10.81,0.72,15.0,0.19,0.19,43.551983,1776181065000
1776181066.927,166.927,0.46,10.0,0.45,15.0,0.63,23.41,0.64,15.0,0.52,9.0,0.44,58.0,0.71,10.81,0.72,15.0,0.17,0.19,43.551983,1776181065000
1776181067.505,167.505,0.46,10.0,0.45,15.0,0.63,23.41,0.64,15.0,0.37,23.41,0.36,15.0,0.54,10.0,0.55,15.0,0.17,0.17,43.562237,1776181066000
1776181068.424,168.424,0.46,10.0,0.45,15.0,0.63,23.41,0.64,15.0,0.37,23.41,0.36,15.0,0.54,10.0,0.55,15.0,0.17,0.17,43.563499,1776181067000
1776181068.915,168.915,0.46,10.0,0.45,15.0,0.63,23.41,0.64,15.0,0.37,23.41,0.36,15.0,0.54,10.0,0.55,15.0,0.17,0.17,43.560291,1776181068000
1776181070.236,170.236,0.46,10.0,0.45,15.0,0.63,23.41,0.64,15.0,0.37,23.41,0.36,15.0,0.54,10.0,0.55,15.0,0.17,0.17,43.561261,1776181069000
1776181071.423,171.423,0.46,10.0,0.45,15.0,0.63,23.41,0.64,15.0,0.37,23.41,0.36,15.0,0.54,10.0,0.55,15.0,0.17,0.17,43.560447,1776181070000
1776181071.938,171.938,0.46,10.0,0.45,15.0,0.63,23.41,0.64,15.0,0.37,23.41,0.36,15.0,0.54,10.0,0.55,15.0,0.17,0.17,43.558639,1776181071000
1776181073.059,173.059,0.46,10.0,0.45,15.0,0.63,23.41,0.64,15.0,0.37,23.41,0.36,15.0,0.54,10.0,0.55,15.0,0.17,0.17,43.545735,1776181072000
1776181074.224,174.224,0.46,10.0,0.45,15.0,0.63,23.41,0.64,15.0,0.37,23.41,0.36,15.0,0.54,10.0,0.55,15.0,0.17,0.17,43.542942,1776181073000
1776181075.311,175.311,0.46,10.0,0.45,15.0,0.63,23.41,0.64,15.0,0.37,23.41,0.36,15.0,0.54,10.0,0.55,15.0,0.17,0.17,43.538739,1776181074000
1776181076.47,176.47,0.46,10.0,0.45,15.0,0.63,23.41,0.64,15.0,0.37,23.41,0.36,15.0,0.54,10.0,0.55,15.0,0.17,0.17,43.53854,1776181075000
1776181077.059,177.059,0.46,10.0,0.45,15.0,0.63,23.41,0.64,15.0,0.37,23.41,0.36,15.0,0.54,10.0,0.55,15.0,0.17,0.17,43.53854,1776181076000
1776181078.251,178.251,0.46,10.0,0.45,15.0,0.63,23.41,0.64,15.0,0.37,23.41,0.36,15.0,0.54,10.0,0.55,15.0,0.17,0.17,43.54036,1776181077000
1776181079.314,179.314,0.46,10.0,0.45,15.0,0.63,23.41,0.64,15.0,0.37,23.41,0.36,15.0,0.54,10.0,0.55,15.0,0.17,0.17,43.538666,1776181078000
1776181080.566,180.566,0.46,10.0,0.45,15.0,0.63,23.41,0.64,15.0,0.37,23.41,0.36,15.0,0.54,10.0,0.55,15.0,0.17,0.17,43.543523,1776181079000
1776181081.157,181.157,0.46,10.0,0.45,15.0,0.63,23.41,0.64,15.0,0.37,23.41,0.36,15.0,0.54,10.0,0.55,15.0,0.17,0.17,43.543523,1776181080000
1776181082.839,182.839,0.46,10.0,0.45,15.0,0.63,23.41,0.64,15.0,0.37,23.41,0.36,15.0,0.54,10.0,0.55,15.0,0.17,0.17,43.556062,1776181081000
1776181083.472,183.472,0.46,10.0,0.45,15.0,0.63,23.41,0.64,15.0,0.37,23.41,0.36,15.0,0.54,10.0,0.55,15.0,0.17,0.17,43.555601,1776181082000
1776181084.361,184.361,0.46,10.0,0.45,15.0,0.63,23.41,0.64,15.0,0.37,23.41,0.36,15.0,0.54,10.0,0.55,15.0,0.17,0.17,43.556129,1776181083000
1776181085.47,185.47,0.46,10.0,0.45,15.0,0.63,23.41,0.64,15.0,0.37,23.41,0.36,15.0,0.54,10.0,0.55,15.0,0.17,0.17,43.56115,1776181084000
1776181086.473,186.473,0.46,10.0,0.45,15.0,0.63,23.41,0.64,15.0,0.37,23.41,0.36,15.0,0.54,10.0,0.55,15.0,0.17,0.17,43.557143,1776181085000
1776181087.033,187.033,0.46,10.0,0.45,15.0,0.63,23.41,0.64,15.0,0.37,23.41,0.36,15.0,0.54,10.0,0.55,15.0,0.17,0.17,43.555062,1776181086000
1776181087.935,187.935,0.46,10.0,0.45,15.0,0.63,23.41,0.64,15.0,0.37,23.41,0.36,15.0,0.54,10.0,0.55,15.0,0.17,0.17,43.555832,1776181087000
1776181089.124,189.124,0.46,10.0,0.45,15.0,0.63,23.41,0.64,15.0,0.37,23.41,0.36,15.0,0.54,10.0,0.55,15.0,0.17,0.17,43.553236,1776181088000
1776181090.107,190.107,0.46,10.0,0.45,15.0,0.63,23.41,0.64,15.0,0.37,23.41,0.36,15.0,0.54,10.0,0.55,15.0,0.17,0.17,43.553586,1776181089000
1776181091.157,191.157,0.46,10.0,0.45,15.0,0.63,23.41,0.64,15.0,0.37,23.41,0.36,15.0,0.54,10.0,0.55,15.0,0.17,0.17,43.553959,1776181090000
1776181092.198,192.198,0.46,10.0,0.45,15.0,0.63,23.41,0.64,15.0,0.37,23.41,0.36,15.0,0.54,10.0,0.55,15.0,0.17,0.17,43.552718,1776181091000
1776181093.26,193.26,0.46,10.0,0.45,15.0,0.63,23.41,0.64,15.0,0.37,23.41,0.36,15.0,0.54,10.0,0.55,15.0,0.17,0.17,43.550323,1776181092000
1776181094.258,194.258,0.46,10.0,0.45,15.0,0.63,23.41,0.64,15.0,0.37,23.41,0.36,15.0,0.54,10.0,0.55,15.0,0.17,0.17,43.563191,1776181093000
1776181095.309,195.309,0.46,10.0,0.45,15.0,0.63,23.41,0.64,15.0,0.37,23.41,0.36,15.0,0.54,10.0,0.55,15.0,0.17,0.17,43.565454,1776181094000
1776181096.38,196.38,0.46,10.0,0.45,15.0,0.63,23.41,0.64,15.0,0.37,23.41,0.36,15.0,0.54,10.0,0.55,15.0,0.17,0.17,43.572127,1776181095000
1776181096.935,196.935,0.46,10.0,0.45,15.0,0.63,23.41,0.64,15.0,0.37,23.41,0.36,15.0,0.54,10.0,0.55,15.0,0.17,0.17,43.569326,1776181096000
1776181097.951,197.951,0.46,10.0,0.45,15.0,0.63,23.41,0.64,15.0,0.37,23.41,0.36,15.0,0.54,10.0,0.55,15.0,0.17,0.17,43.56292,1776181097000
1776181099.02,199.02,0.46,10.0,0.45,15.0,0.63,23.41,0.64,15.0,0.37,23.41,0.36,15.0,0.54,10.0,0.55,15.0,0.17,0.17,43.562385,1776181098000
1776181099.993,199.993,0.46,10.0,0.45,15.0,0.63,23.41,0.64,15.0,0.37,23.41,0.36,15.0,0.54,10.0,0.55,15.0,0.17,0.17,43.559778,1776181099000
1776181100.935,200.935,0.46,10.0,0.45,15.0,0.63,23.41,0.64,15.0,0.37,23.41,0.36,15.0,0.54,10.0,0.55,15.0,0.17,0.17,43.557909,1776181100000
1776181101.989,201.989,0.46,10.0,0.45,15.0,0.63,23.41,0.64,15.0,0.37,23.41,0.36,15.0,0.54,10.0,0.55,15.0,0.17,0.17,43.561496,1776181101000
1776181102.988,202.988,0.46,10.0,0.45,15.0,0.63,23.41,0.64,15.0,0.37,23.41,0.36,15.0,0.54,10.0,0.55,15.0,0.17,0.17,43.562857,1776181102000
1776181104.018,204.018,0.46,10.0,0.45,15.0,0.63,23.41,0.64,15.0,0.37,23.41,0.36,15.0,0.54,10.0,0.55,15.0,0.17,0.17,43.561924,1776181103000
1776181105.027,205.027,0.46,10.0,0.45,15.0,0.63,23.41,0.64,15.0,0.37,23.41,0.36,15.0,0.54,10.0,0.55,15.0,0.17,0.17,43.560735,1776181104000
1776181106.097,206.097,0.46,10.0,0.45,15.0,0.63,23.41,0.64,15.0,0.37,23.41,0.36,15.0,0.54,10.0,0.55,15.0,0.17,0.17,43.561856,1776181105000
1776181107.083,207.083,0.46,10.0,0.45,15.0,0.63,23.41,0.64,15.0,0.37,23.41,0.36,15.0,0.54,10.0,0.55,15.0,0.17,0.17,43.562752,1776181106000
1776181108.135,208.135,0.46,10.0,0.45,15.0,0.63,23.41,0.64,15.0,0.37,23.41,0.36,15.0,0.54,10.0,0.55,15.0,0.17,0.17,43.562845,1776181107000
1776181109.51,209.51,0.46,10.0,0.45,15.0,0.63,23.41,0.64,15.0,0.37,23.41,0.36,15.0,0.54,10.0,0.55,15.0,0.17,0.17,43.562287,1776181108000
1776181110.136,210.136,0.46,10.0,0.45,15.0,0.63,23.41,0.64,15.0,0.37,23.41,0.36,15.0,0.54,10.0,0.55,15.0,0.17,0.17,43.562074,1776181109000
1776181110.867,210.867,0.51,10.0,0.5,15.0,0.59,9.95,0.65,15.0,0.37,23.41,0.36,15.0,0.54,10.0,0.55,15.0,0.08,0.17,43.562074,1776181109000
1776181111.126,211.126,0.51,10.0,0.5,15.0,0.59,4.9,0.65,15.0,0.41,4.9,0.35,15.0,0.49,10.0,0.5,15.0,0.08,0.08,43.560888,1776181110000
1776181112.109,212.109,0.51,10.0,0.5,15.0,0.59,4.9,0.65,15.0,0.41,4.9,0.35,15.0,0.49,10.0,0.5,15.0,0.08,0.08,43.56153,1776181111000
1776181113.186,213.186,0.51,10.0,0.5,15.0,0.59,4.9,0.65,15.0,0.41,4.9,0.35,15.0,0.49,10.0,0.5,15.0,0.08,0.08,43.564835,1776181112000
1776181113.816,213.816,0.47,5.28,0.46,15.0,0.59,4.9,0.6,15.0,0.41,4.9,0.35,15.0,0.49,10.0,0.5,15.0,0.12,0.08,43.564835,1776181112000
1776181114.242,214.242,0.47,5.28,0.46,15.0,0.59,4.9,0.6,15.0,0.41,4.9,0.4,15.0,0.53,5.28,0.54,15.0,0.12,0.12,43.562811,1776181113000
1776181115.329,215.329,0.47,5.28,0.46,15.0,0.59,4.9,0.6,15.0,0.41,4.9,0.4,15.0,0.53,5.28,0.54,15.0,0.12,0.12,43.562301,1776181114000
1776181116.48,216.48,0.47,5.28,0.46,15.0,0.59,4.9,0.6,15.0,0.41,4.9,0.4,15.0,0.53,5.28,0.54,15.0,0.12,0.12,43.556724,1776181115000
1776181117.36,217.36,0.47,5.28,0.46,15.0,0.59,4.9,0.6,15.0,0.41,4.9,0.4,15.0,0.53,5.28,0.54,15.0,0.12,0.12,43.555933,1776181116000
1776181118.458,218.458,0.47,5.28,0.46,15.0,0.59,4.9,0.6,15.0,0.41,4.9,0.4,15.0,0.53,5.28,0.54,15.0,0.12,0.12,43.55365,1776181117000
1776181119.405,219.405,0.47,5.28,0.46,15.0,0.59,4.9,0.6,15.0,0.41,4.9,0.4,15.0,0.53,5.28,0.54,15.0,0.12,0.12,43.55142,1776181118000
1776181120.018,220.018,0.49,10.0,0.43,54.0,0.77,14.89,0.78,15.0,0.23,14.89,0.22,15.0,0.51,10.0,0.57,54.0,0.28,0.28,43.551225,1776181119000
1776181121.087,221.087,0.49,10.0,0.43,54.0,0.77,14.89,0.78,15.0,0.23,14.89,0.22,15.0,0.51,10.0,0.57,54.0,0.28,0.28,43.5674,1776181120000
1776181121.948,221.948,0.45,11.0,0.43,15.0,0.75,12.33,0.76,15.0,0.23,14.89,0.22,15.0,0.51,10.0,0.57,54.0,0.3,0.28,43.5674,1776181120000
1776181122.215,222.215,0.45,11.0,0.43,15.0,0.75,12.33,0.76,15.0,0.25,12.33,0.24,15.0,0.55,11.0,0.57,15.0,0.3,0.3,43.577437,1776181121000
1776181123.059,223.059,0.45,11.0,0.43,15.0,0.75,12.33,0.76,15.0,0.25,12.33,0.24,15.0,0.55,11.0,0.57,15.0,0.3,0.3,43.596055,1776181122000
1776181124.215,224.215,0.45,11.0,0.43,15.0,0.75,12.33,0.76,15.0,0.25,12.33,0.24,15.0,0.55,11.0,0.57,15.0,0.3,0.3,43.591766,1776181123000
1776181124.898,224.898,0.52,7.91,0.5,10.0,0.69,10.0,0.71,15.0,0.25,12.33,0.24,15.0,0.55,11.0,0.57,15.0,0.17,0.3,43.591766,1776181123000
1776181125.398,225.398,0.52,7.91,0.5,10.0,0.69,10.0,0.71,15.0,0.31,10.0,0.29,15.0,0.48,7.91,0.5,10.0,0.17,0.17,43.588109,1776181124000
1776181126.642,226.642,0.52,7.91,0.5,10.0,0.69,10.0,0.71,15.0,0.31,10.0,0.29,15.0,0.48,7.91,0.5,10.0,0.17,0.17,43.579573,1776181125000
1776181126.915,226.915,0.52,7.91,0.5,10.0,0.69,10.0,0.71,15.0,0.31,10.0,0.29,15.0,0.48,7.91,0.5,10.0,0.17,0.17,43.579573,1776181126000
1776181127.683,227.683,0.6,10.0,0.53,9.0,0.74,8.25,0.75,15.0,0.31,10.0,0.29,15.0,0.48,7.91,0.5,10.0,0.14,0.17,43.579573,1776181126000
1776181127.906,227.906,0.6,10.0,0.53,9.0,0.74,8.25,0.75,15.0,0.26,8.25,0.25,15.0,0.4,10.0,0.47,9.0,0.14,0.14,43.584265,1776181127000
1776181128.851,228.851,0.6,10.0,0.53,9.0,0.74,8.25,0.75,15.0,0.26,8.25,0.25,15.0,0.4,10.0,0.47,9.0,0.14,0.14,43.588723,1776181128000
1776181129.93,229.93,0.6,10.0,0.53,9.0,0.74,8.25,0.75,15.0,0.26,8.25,0.25,15.0,0.4,10.0,0.47,9.0,0.14,0.14,43.58603,1776181129000
1776181130.979,230.979,0.6,10.0,0.53,9.0,0.74,8.25,0.75,15.0,0.26,8.25,0.25,15.0,0.4,10.0,0.47,9.0,0.14,0.14,43.586216,1776181130000
1776181132.082,232.082,0.6,10.0,0.53,9.0,0.74,8.25,0.75,15.0,0.26,8.25,0.25,15.0,0.4,10.0,0.47,9.0,0.14,0.14,43.587112,1776181131000
1776181133.113,233.113,0.6,5.1,0.59,15.0,0.82,15.0,0.83,15.0,0.18,15.0,0.17,15.0,0.4,5.1,0.41,15.0,0.22,0.22,43.585613,1776181132000
1776181134.233,234.233,0.6,5.1,0.59,15.0,0.82,15.0,0.83,15.0,0.18,15.0,0.17,15.0,0.4,5.1,0.41,15.0,0.22,0.22,43.593519,1776181133000
1776181135.07,235.07,0.6,5.1,0.59,15.0,0.82,15.0,0.83,15.0,0.18,15.0,0.17,15.0,0.4,5.1,0.41,15.0,0.22,0.22,43.591866,1776181134000
1776181137.632,237.632,0.6,5.1,0.59,15.0,0.82,15.0,0.83,15.0,0.18,15.0,0.17,15.0,0.4,5.1,0.41,15.0,0.22,0.22,43.592268,1776181135000
1776181138.871,238.871,0.6,5.1,0.59,15.0,0.82,15.0,0.83,15.0,0.18,15.0,0.17,15.0,0.4,5.1,0.41,15.0,0.22,0.22,43.591193,1776181137000
1776181140.242,240.242,0.6,5.1,0.59,15.0,0.82,15.0,0.83,15.0,0.18,15.0,0.17,15.0,0.4,5.1,0.41,15.0,0.22,0.22,43.58892,1776181138000
1776181141.394,241.394,0.6,5.1,0.59,15.0,0.82,15.0,0.83,15.0,0.18,15.0,0.17,15.0,0.4,5.1,0.41,15.0,0.22,0.22,43.577637,1776181139000
1776181142.515,242.515,0.6,5.1,0.59,15.0,0.82,15.0,0.83,15.0,0.18,15.0,0.17,15.0,0.4,5.1,0.41,15.0,0.22,0.22,43.578962,1776181140000
1776181143.072,243.072,0.39,10.13,0.38,15.0,0.68,15.0,0.69,15.0,0.18,15.0,0.17,15.0,0.4,5.1,0.41,15.0,0.29,0.22,43.578962,1776181140000
1776181143.552,243.552,0.39,10.13,0.38,15.0,0.68,15.0,0.69,15.0,0.32,15.0,0.31,15.0,0.61,10.13,0.62,15.0,0.29,0.29,43.57297,1776181142000
1776181144.595,244.595,0.39,10.13,0.38,15.0,0.68,15.0,0.69,15.0,0.32,15.0,0.31,15.0,0.61,10.13,0.62,15.0,0.29,0.29,43.567344,1776181143000
1776181145.538,245.538,0.39,10.13,0.38,15.0,0.68,15.0,0.69,15.0,0.32,15.0,0.31,15.0,0.61,10.13,0.62,15.0,0.29,0.29,43.565776,1776181144000
1776181146.341,246.341,0.39,10.13,0.38,15.0,0.68,15.0,0.69,15.0,0.32,15.0,0.31,15.0,0.61,10.13,0.62,15.0,0.29,0.29,43.559312,1776181145000
1776181147.444,247.444,0.31,15.0,0.3,15.0,0.42,7.61,0.59,15.0,0.51,8.0,0.39,15.0,0.63,15.0,0.64,28.0,0.11,0.12,43.559312,1776181145000
1776181148.415,248.415,0.31,15.0,0.3,15.0,0.42,7.61,0.59,15.0,0.58,7.61,0.41,15.0,0.69,15.0,0.7,15.0,0.11,0.11,43.556954,1776181146000
1776181149.489,249.489,0.31,15.0,0.3,15.0,0.42,7.61,0.59,15.0,0.58,7.61,0.41,15.0,0.69,15.0,0.7,15.0,0.11,0.11,43.550588,1776181148000
1776181150.48,250.48,0.31,15.0,0.3,15.0,0.42,7.61,0.59,15.0,0.58,7.61,0.41,15.0,0.69,15.0,0.7,15.0,0.11,0.11,43.546719,1776181149000
1776181151.549,251.549,0.31,15.0,0.3,15.0,0.42,7.61,0.59,15.0,0.58,7.61,0.41,15.0,0.69,15.0,0.7,15.0,0.11,0.11,43.546768,1776181150000
1776181152.463,252.463,0.31,15.0,0.3,15.0,0.42,7.61,0.59,15.0,0.58,7.61,0.41,15.0,0.69,15.0,0.7,15.0,0.11,0.11,43.545388,1776181151000
1776181153.353,253.353,0.31,15.0,0.3,15.0,0.42,7.61,0.59,15.0,0.58,7.61,0.41,15.0,0.69,15.0,0.7,15.0,0.11,0.11,43.548682,1776181152000
1776181154.281,254.281,0.31,15.0,0.3,15.0,0.42,7.61,0.59,15.0,0.58,7.61,0.41,15.0,0.69,15.0,0.7,15.0,0.11,0.11,43.547236,1776181153000
1776181155.489,255.489,0.38,13.38,0.37,25.0,0.54,16.84,0.55,15.0,0.58,7.61,0.41,15.0,0.69,15.0,0.7,15.0,0.16,0.11,43.547236,1776181153000
1776181156.23,256.23,0.38,13.38,0.37,25.0,0.54,16.84,0.55,15.0,0.46,16.84,0.45,15.0,0.62,13.38,0.63,25.0,0.16,0.16,43.544983,1776181154000
1776181156.864,256.864,0.38,13.38,0.37,25.0,0.54,16.84,0.55,15.0,0.46,16.84,0.45,15.0,0.62,13.38,0.63,25.0,0.16,0.16,43.54512,1776181155000
1776181157.657,257.657,0.38,13.38,0.37,25.0,0.54,16.84,0.55,15.0,0.46,16.84,0.45,15.0,0.62,13.38,0.63,25.0,0.16,0.16,43.54497,1776181156000
1776181158.392,258.392,0.38,13.38,0.37,25.0,0.54,16.84,0.55,15.0,0.46,16.84,0.45,15.0,0.62,13.38,0.63,25.0,0.16,0.16,43.544969,1776181157000
1776181159.685,259.685,0.38,13.38,0.37,25.0,0.54,16.84,0.55,15.0,0.46,16.84,0.45,15.0,0.62,13.38,0.63,25.0,0.16,0.16,43.544968,1776181158000
1776181160.456,260.456,0.38,13.38,0.37,25.0,0.54,16.84,0.55,15.0,0.46,16.84,0.45,15.0,0.62,13.38,0.63,25.0,0.16,0.16,43.544968,1776181159000
1776181161.753,261.753,0.38,13.38,0.37,25.0,0.54,16.84,0.55,15.0,0.46,16.84,0.45,15.0,0.62,13.38,0.63,25.0,0.16,0.16,43.54494,1776181160000
1776181162.294,262.294,0.38,13.38,0.37,25.0,0.54,16.84,0.55,15.0,0.46,16.84,0.45,15.0,0.62,13.38,0.63,25.0,0.16,0.16,43.545227,1776181161000
1776181163.448,263.448,0.38,13.38,0.37,25.0,0.54,16.84,0.55,15.0,0.46,16.84,0.45,15.0,0.62,13.38,0.63,25.0,0.16,0.16,43.545127,1776181162000
1776181164.082,264.082,0.38,13.38,0.37,25.0,0.54,16.84,0.55,15.0,0.46,16.84,0.45,15.0,0.62,13.38,0.63,25.0,0.16,0.16,43.545145,1776181163000
1776181165.275,265.275,0.38,13.38,0.37,25.0,0.54,16.84,0.55,15.0,0.46,16.84,0.45,15.0,0.62,13.38,0.63,25.0,0.16,0.16,43.544507,1776181164000
1776181166.479,266.479,0.38,13.38,0.37,25.0,0.54,16.84,0.55,15.0,0.46,16.84,0.45,15.0,0.62,13.38,0.63,25.0,0.16,0.16,43.544164,1776181165000
1776181166.877,266.877,0.38,13.38,0.37,25.0,0.54,16.84,0.55,15.0,0.46,16.84,0.45,15.0,0.62,13.38,0.63,25.0,0.16,0.16,43.544163,1776181166000
1776181168.035,268.035,0.38,13.38,0.37,25.0,0.54,16.84,0.55,15.0,0.46,16.84,0.45,15.0,0.62,13.38,0.63,25.0,0.16,0.16,43.54406,1776181167000
1776181169.276,269.276,0.38,13.38,0.37,25.0,0.54,16.84,0.55,15.0,0.46,16.84,0.45,15.0,0.62,13.38,0.63,25.0,0.16,0.16,43.544058,1776181168000
1776181170.359,270.359,0.38,13.38,0.37,25.0,0.54,16.84,0.55,15.0,0.46,16.84,0.45,15.0,0.62,13.38,0.63,25.0,0.16,0.16,43.545292,1776181169000
1776181170.565,270.565,0.4,9.95,0.39,4.8,0.63,18.0,0.64,15.0,0.37,18.0,0.36,15.0,0.61,4.8,0.62,15.0,0.23,0.24,43.545292,1776181169000
1776181170.982,270.982,0.4,9.95,0.39,4.8,0.63,18.0,0.64,15.0,0.37,18.0,0.36,15.0,0.6,9.95,0.61,4.8,0.23,0.23,43.545499,1776181170000
1776181172.06,272.06,0.4,9.95,0.39,4.8,0.63,18.0,0.64,15.0,0.37,18.0,0.36,15.0,0.6,9.95,0.61,4.8,0.23,0.23,43.544446,1776181171000
1776181173.238,273.238,0.44,9.69,0.43,15.0,0.72,15.0,0.73,15.0,0.37,18.0,0.36,15.0,0.6,9.95,0.61,4.8,0.28,0.23,43.544446,1776181171000
1776181174.585,274.585,0.44,9.69,0.43,15.0,0.72,15.0,0.73,15.0,0.28,15.0,0.27,15.0,0.56,9.69,0.57,15.0,0.28,0.28,43.549193,1776181173000
1776181175.059,275.059,0.44,9.69,0.43,15.0,0.72,15.0,0.73,15.0,0.28,15.0,0.27,15.0,0.56,9.69,0.57,15.0,0.28,0.28,43.54984,1776181174000
1776181176.74,276.74,0.44,9.69,0.43,15.0,0.72,15.0,0.73,15.0,0.28,15.0,0.27,15.0,0.56,9.69,0.57,15.0,0.28,0.28,43.5527,1776181175000
1776181177.251,277.251,0.44,9.69,0.43,15.0,0.72,15.0,0.73,15.0,0.28,15.0,0.27,15.0,0.56,9.69,0.57,15.0,0.28,0.28,43.550101,1776181176000
1776181178.31,278.31,0.44,9.69,0.43,15.0,0.72,15.0,0.73,15.0,0.28,15.0,0.27,15.0,0.56,9.69,0.57,15.0,0.28,0.28,43.549116,1776181177000
1776181179.379,279.379,0.44,9.69,0.43,15.0,0.72,15.0,0.73,15.0,0.28,15.0,0.27,15.0,0.56,9.69,0.57,15.0,0.28,0.28,43.541632,1776181178000
1776181180.408,280.408,0.44,9.69,0.43,15.0,0.72,15.0,0.73,15.0,0.28,15.0,0.27,15.0,0.56,9.69,0.57,15.0,0.28,0.28,43.538361,1776181179000
1776181181.478,281.478,0.44,9.69,0.43,15.0,0.72,15.0,0.73,15.0,0.28,15.0,0.27,15.0,0.56,9.69,0.57,15.0,0.28,0.28,43.536101,1776181180000
1776181181.923,281.923,0.44,9.69,0.43,15.0,0.72,15.0,0.73,15.0,0.28,15.0,0.27,15.0,0.56,9.69,0.57,15.0,0.28,0.28,43.52938,1776181181000
1776181182.974,282.974,0.44,9.69,0.43,15.0,0.72,15.0,0.73,15.0,0.28,15.0,0.27,15.0,0.56,9.69,0.57,15.0,0.28,0.28,43.520723,1776181182000
1776181184.021,284.021,0.44,9.69,0.43,15.0,0.72,15.0,0.73,15.0,0.28,15.0,0.27,15.0,0.56,9.69,0.57,15.0,0.28,0.28,43.518761,1776181183000
1776181185.129,285.129,0.02,9.0,0.01,220.0,0.19,6.0,0.7,100.0,0.28,15.0,0.27,15.0,0.56,9.69,0.57,15.0,0.17,0.28,43.518761,1776181183000
1776181185.9,285.9,0.02,7.97,0.01,220.0,0.16,10.0,0.19,6.0,0.81,6.0,0.3,100.0,0.98,9.0,0.99,220.0,0.14,0.17,43.514693,1776181184000
1776181186.25,286.25,0.02,0.76,0.01,220.0,0.19,6.0,0.2,10.0,0.81,6.0,0.8,10.0,0.98,0.76,0.99,220.0,0.17,0.17,43.514728,1776181185000
1776181187.327,287.327,0.02,0.76,0.01,220.0,0.19,6.0,0.2,10.0,0.81,6.0,0.8,10.0,0.98,0.76,0.99,220.0,0.17,0.17,43.51471,1776181186000
1776181188.281,288.281,0.02,0.76,0.01,220.0,0.19,6.0,0.2,10.0,0.81,6.0,0.8,10.0,0.98,0.76,0.99,220.0,0.17,0.17,43.517684,1776181187000
1776181189.048,289.048,0.17,0.36,0.02,0.76,0.34,10.0,0.7,100.0,0.81,6.0,0.8,10.0,0.98,0.76,0.99,220.0,0.17,0.17,43.517684,1776181187000
1776181189.331,289.331,0.17,0.36,0.02,0.76,0.34,10.0,0.7,100.0,0.66,10.0,0.3,100.0,0.83,0.36,0.98,0.76,0.17,0.17,43.517684,1776181188000
1776181190.025,290.025,0.13,1.58,0.02,0.76,0.3,10.0,0.7,133.0,0.66,10.0,0.3,100.0,0.83,0.36,0.98,0.76,0.17,0.17,43.517684,1776181188000
1776181190.497,290.497,0.13,1.58,0.02,0.76,0.3,10.0,0.7,133.0,0.7,10.0,0.3,133.0,0.87,1.58,0.98,0.76,0.17,0.17,43.52346,1776181189000
1776181190.975,290.975,0.13,1.58,0.02,0.76,0.3,10.0,0.7,133.0,0.7,10.0,0.3,133.0,0.87,1.58,0.98,0.76,0.17,0.17,43.523477,1776181190000
1776181192.012,292.012,0.13,1.58,0.02,0.76,0.3,10.0,0.7,133.0,0.7,10.0,0.3,133.0,0.87,1.58,0.98,0.76,0.17,0.17,43.523462,1776181191000
1776181193.018,293.018,0.13,1.58,0.02,0.76,0.3,10.0,0.7,133.0,0.7,10.0,0.3,133.0,0.87,1.58,0.98,0.76,0.17,0.17,43.524045,1776181192000
1776181193.765,293.765,0.01,220.0,,,0.23,10.0,0.7,100.0,0.7,10.0,0.3,133.0,0.87,1.58,0.98,0.76,0.22,0.17,43.524045,1776181192000
1776181194.023,294.023,0.01,220.0,,,0.7,96.34,0.96,5.0,0.3,96.34,0.04,5.0,0.99,220.0,,,0.69,0.69,43.524359,1776181193000
1776181195.022,295.022,0.01,220.0,,,0.7,96.34,0.96,5.0,0.3,96.34,0.04,5.0,0.99,220.0,,,0.69,0.69,43.530356,1776181194000
1776181195.658,295.658,0.01,196.0,,,0.14,10.0,0.7,96.34,0.3,96.34,0.04,5.0,0.99,220.0,,,0.13,0.69,43.530356,1776181194000
1776181195.913,295.913,0.01,180.84,,,0.96,5.0,0.98,10.0,0.86,10.0,0.3,96.34,0.99,196.0,,,0.95,0.13,43.530356,1776181194000
1776181196.5,296.5,0.01,147.84,,,0.12,10.0,0.96,5.0,0.04,5.0,0.02,10.0,0.99,180.84,,,0.11,0.95,43.538993,1776181195000
1776181197.047,297.047,0.01,147.84,,,0.12,10.0,0.96,5.0,0.88,10.0,0.04,5.0,0.99,147.84,,,0.11,0.11,43.539044,1776181196000
1776181197.248,297.248,0.01,130.6,,,0.09,15.55,0.31,7.0,0.91,15.55,0.69,7.0,0.99,132.63,,,0.08,0.08,43.539044,1776181196000
1776181197.489,297.489,0.01,119.6,,,0.09,15.55,0.31,7.0,0.91,15.55,0.69,7.0,0.99,130.6,,,0.08,0.08,43.539044,1776181196000
1776181197.797,297.797,0.01,118.58,,,0.09,10.0,0.31,7.0,0.91,15.55,0.69,7.0,0.99,119.6,,,0.08,0.08,43.539044,1776181196000
1776181198.056,298.056,0.01,108.58,,,0.09,10.0,0.31,7.0,0.91,10.0,0.69,7.0,0.99,108.58,,,0.08,0.08,43.538756,1776181197000
1776181198.782,298.782,0.01,68.58,,,0.11,10.0,0.31,7.0,0.89,10.0,0.69,7.0,0.99,78.58,,,0.1,0.1,43.538756,1776181197000
1776181199.097,299.097,,,,,0.01,731.42,0.11,10.0,0.99,731.42,0.89,10.0,,,,,,,43.536204,1776181198000
1776181200.07,300.07,,,,,0.01,731.42,0.11,10.0,0.99,731.42,0.89,10.0,,,,,,,43.535708,1776181199000
1776181201.02,301.02,,,,,0.01,731.42,0.11,10.0,0.99,731.42,0.89,10.0,,,,,,,43.534147,1776181200000
1776181202.03,302.03,,,,,0.01,731.42,0.11,10.0,0.99,731.42,0.89,10.0,,,,,,,43.53227,1776181201000

# RESULT,winner=Down,slug=hype-updown-5m-1776180900,ticks=322
