timestamp,elapsed_sec,up_bid_p1,up_bid_s1,up_bid_p2,up_bid_s2,up_ask_p1,up_ask_s1,up_ask_p2,up_ask_s2,down_bid_p1,down_bid_s1,down_bid_p2,down_bid_s2,down_ask_p1,down_ask_s1,down_ask_p2,down_ask_s2,up_spread,down_spread,hype_price,hype_oracle_ts
1776227411.197,11.197,,,,,,,,,,,,,,,,,,,43.719582,1776227410000
1776227411.646,11.646,0.48,5.0,0.47,5.0,0.51,130.0,0.61,10.0,0.49,130.0,0.2,5.0,0.89,364.0,0.9,100.0,0.03,0.4,43.719582,1776227410000
1776227412.261,12.261,0.48,5.0,0.47,5.0,0.51,130.0,0.61,10.0,0.49,130.0,0.39,10.0,0.52,5.0,0.53,5.0,0.03,0.03,43.720735,1776227411000
1776227413.369,13.369,0.48,5.0,0.47,5.0,0.51,130.0,0.61,10.0,0.49,130.0,0.39,10.0,0.52,5.0,0.53,5.0,0.03,0.03,43.715987,1776227412000
1776227414.301,14.301,0.48,5.0,0.47,5.0,0.51,130.0,0.61,10.0,0.49,130.0,0.39,10.0,0.52,5.0,0.53,5.0,0.03,0.03,43.707451,1776227413000
1776227415.391,15.391,0.48,5.0,0.47,5.0,0.51,130.0,0.61,10.0,0.49,130.0,0.39,10.0,0.52,5.0,0.53,5.0,0.03,0.03,43.702139,1776227414000
1776227415.867,15.867,0.48,5.0,0.47,5.0,0.51,130.0,0.61,10.0,0.49,130.0,0.39,10.0,0.52,5.0,0.53,5.0,0.03,0.03,43.702472,1776227415000
1776227417.011,17.011,0.48,5.0,0.47,5.0,0.51,130.0,0.61,10.0,0.49,130.0,0.39,10.0,0.52,5.0,0.53,5.0,0.03,0.03,43.702472,1776227416000
1776227418.057,18.057,0.48,5.0,0.47,5.0,0.51,130.0,0.61,10.0,0.49,130.0,0.39,10.0,0.52,5.0,0.53,5.0,0.03,0.03,43.702323,1776227417000
1776227419.169,19.169,0.48,5.0,0.47,5.0,0.51,130.0,0.61,10.0,0.49,130.0,0.39,10.0,0.52,5.0,0.53,5.0,0.03,0.03,43.701867,1776227418000
1776227420.234,20.234,0.48,5.0,0.47,5.0,0.51,130.0,0.61,10.0,0.49,130.0,0.39,10.0,0.52,5.0,0.53,5.0,0.03,0.03,43.70186,1776227419000
1776227421.597,21.597,0.48,5.0,0.47,5.0,0.51,130.0,0.61,10.0,0.49,130.0,0.39,10.0,0.52,5.0,0.53,5.0,0.03,0.03,43.701433,1776227420000
1776227421.937,21.937,0.48,5.0,0.47,5.0,0.51,130.0,0.61,10.0,0.49,130.0,0.39,10.0,0.52,5.0,0.53,5.0,0.03,0.03,43.697489,1776227421000
1776227423.109,23.109,0.48,5.0,0.47,5.0,0.51,130.0,0.61,10.0,0.49,130.0,0.39,10.0,0.52,5.0,0.53,5.0,0.03,0.03,43.678909,1776227422000
1776227425.835,25.835,0.48,5.0,0.47,5.0,0.51,130.0,0.61,10.0,0.49,130.0,0.39,10.0,0.52,5.0,0.53,5.0,0.03,0.03,43.671718,1776227424000
1776227426.332,26.332,0.48,5.0,0.47,5.0,0.51,130.0,0.61,10.0,0.49,130.0,0.39,10.0,0.52,5.0,0.53,5.0,0.03,0.03,43.673056,1776227425000
1776227426.866,26.866,0.48,5.0,0.47,5.0,0.51,130.0,0.61,10.0,0.49,130.0,0.39,10.0,0.52,5.0,0.53,5.0,0.03,0.03,43.685393,1776227426000
1776227427.854,27.854,0.48,5.0,0.47,5.0,0.51,130.0,0.61,10.0,0.49,130.0,0.39,10.0,0.52,5.0,0.53,5.0,0.03,0.03,43.699413,1776227427000
1776227428.848,28.848,0.48,5.0,0.47,5.0,0.51,130.0,0.61,10.0,0.49,130.0,0.39,10.0,0.52,5.0,0.53,5.0,0.03,0.03,43.708721,1776227428000
1776227429.378,29.378,0.5,22.9,0.48,5.0,0.51,130.0,0.61,10.0,0.49,130.0,0.39,10.0,0.52,5.0,0.53,5.0,0.01,0.03,43.708721,1776227428000
1776227429.619,29.619,0.5,22.9,0.48,5.0,0.51,118.74,0.63,10.0,0.49,130.0,0.39,10.0,0.5,22.9,0.52,5.0,0.01,0.01,43.708721,1776227428000
1776227429.917,29.917,0.5,22.9,0.48,5.0,0.51,118.74,0.63,10.0,0.49,118.74,0.37,10.0,0.5,22.9,0.52,5.0,0.01,0.01,43.710604,1776227429000
1776227430.852,30.852,0.5,22.9,0.48,5.0,0.51,118.74,0.63,10.0,0.49,118.74,0.37,10.0,0.5,22.9,0.52,5.0,0.01,0.01,43.708069,1776227430000
1776227431.836,31.836,0.5,22.9,0.48,5.0,0.51,118.74,0.63,10.0,0.49,118.74,0.37,10.0,0.5,22.9,0.52,5.0,0.01,0.01,43.696532,1776227431000
1776227433.309,33.309,0.5,22.9,0.48,5.0,0.51,118.74,0.63,10.0,0.49,118.74,0.37,10.0,0.5,22.9,0.52,5.0,0.01,0.01,43.696422,1776227432000
1776227434.331,34.331,0.5,22.9,0.48,5.0,0.51,118.74,0.63,10.0,0.49,118.74,0.37,10.0,0.5,22.9,0.52,5.0,0.01,0.01,43.69644,1776227433000
1776227435.258,35.258,0.5,22.9,0.48,5.0,0.51,118.74,0.63,10.0,0.49,118.74,0.37,10.0,0.5,22.9,0.52,5.0,0.01,0.01,43.701247,1776227434000
1776227436.218,36.218,0.5,22.9,0.48,5.0,0.51,118.74,0.63,10.0,0.49,118.74,0.37,10.0,0.5,22.9,0.52,5.0,0.01,0.01,43.70207,1776227435000
1776227437.196,37.196,0.5,22.9,0.48,5.0,0.51,118.74,0.63,10.0,0.49,118.74,0.37,10.0,0.5,22.9,0.52,5.0,0.01,0.01,43.708625,1776227436000
1776227438.747,38.747,0.5,22.9,0.48,5.0,0.51,118.74,0.63,10.0,0.49,118.74,0.37,10.0,0.5,22.9,0.52,5.0,0.01,0.01,43.717419,1776227437000
1776227439.281,39.281,0.5,22.9,0.48,5.0,0.51,118.74,0.63,10.0,0.49,118.74,0.37,10.0,0.5,22.9,0.52,5.0,0.01,0.01,43.717327,1776227438000
1776227440.317,40.317,0.5,22.9,0.48,5.0,0.51,118.74,0.63,10.0,0.49,118.74,0.37,10.0,0.5,22.9,0.52,5.0,0.01,0.01,43.716848,1776227439000
1776227441.399,41.399,0.5,22.9,0.48,5.0,0.51,118.74,0.63,10.0,0.49,118.74,0.37,10.0,0.5,22.9,0.52,5.0,0.01,0.01,43.713479,1776227440000
1776227441.985,41.985,0.5,22.9,0.48,5.0,0.51,118.74,0.63,10.0,0.49,118.74,0.37,10.0,0.5,22.9,0.52,5.0,0.01,0.01,43.709772,1776227441000
1776227443.075,43.075,0.5,22.9,0.48,5.0,0.51,118.74,0.63,10.0,0.49,118.74,0.37,10.0,0.5,22.9,0.52,5.0,0.01,0.01,43.713025,1776227442000
1776227443.989,43.989,0.5,22.9,0.48,5.0,0.51,118.74,0.63,10.0,0.49,118.74,0.37,10.0,0.5,22.9,0.52,5.0,0.01,0.01,43.712554,1776227443000
1776227444.978,44.978,0.5,22.9,0.48,5.0,0.51,118.74,0.63,10.0,0.49,118.74,0.37,10.0,0.5,22.9,0.52,5.0,0.01,0.01,43.716626,1776227444000
1776227445.25,45.25,0.5,22.9,0.24,15.0,0.51,111.98,0.71,10.0,0.49,118.74,0.37,10.0,0.5,22.9,0.52,5.0,0.01,0.01,43.716626,1776227444000
1776227446.204,46.204,0.5,22.9,0.24,15.0,0.51,111.98,0.71,10.0,0.49,111.98,0.29,10.0,0.5,22.9,0.76,15.0,0.01,0.01,43.717211,1776227445000
1776227446.604,46.604,0.5,22.9,0.25,15.0,0.51,103.85,0.71,10.0,0.49,111.98,0.29,10.0,0.5,22.9,0.76,15.0,0.01,0.01,43.717211,1776227445000
1776227447.35,47.35,0.5,22.9,0.25,15.0,0.51,103.85,0.71,10.0,0.49,103.85,0.29,10.0,0.5,22.9,0.75,15.0,0.01,0.01,43.720173,1776227446000
1776227448.404,48.404,0.5,22.9,0.25,15.0,0.51,103.85,0.71,10.0,0.49,103.85,0.29,10.0,0.5,22.9,0.75,15.0,0.01,0.01,43.720495,1776227447000
1776227448.927,48.927,0.5,22.9,0.25,15.0,0.51,103.85,0.71,10.0,0.49,103.85,0.29,10.0,0.5,22.9,0.75,15.0,0.01,0.01,43.720495,1776227448000
1776227449.872,49.872,0.5,22.9,0.25,15.0,0.51,103.85,0.71,10.0,0.49,103.85,0.29,10.0,0.5,22.9,0.75,15.0,0.01,0.01,43.711975,1776227449000
1776227450.91,50.91,0.5,22.9,0.25,15.0,0.51,103.85,0.71,10.0,0.49,103.85,0.29,10.0,0.5,22.9,0.75,15.0,0.01,0.01,43.712193,1776227450000
1776227452.471,52.471,0.5,22.9,0.25,15.0,0.51,103.85,0.71,10.0,0.49,103.85,0.29,10.0,0.5,22.9,0.75,15.0,0.01,0.01,43.704448,1776227451000
1776227453.102,53.102,0.5,22.9,0.25,15.0,0.51,103.85,0.71,10.0,0.49,103.85,0.29,10.0,0.5,22.9,0.75,15.0,0.01,0.01,43.704261,1776227452000
1776227454.375,54.375,0.5,22.9,0.25,15.0,0.51,103.85,0.71,10.0,0.49,103.85,0.29,10.0,0.5,22.9,0.75,15.0,0.01,0.01,43.704261,1776227453000
1776227455.497,55.497,0.5,27.9,0.49,5.0,0.51,50.85,0.66,25.0,0.49,103.85,0.29,10.0,0.5,22.9,0.75,15.0,0.01,0.01,43.704261,1776227453000
1776227456.125,56.125,0.5,27.9,0.49,5.0,0.51,50.85,0.66,25.0,0.49,50.85,0.34,25.0,0.5,27.9,0.51,5.0,0.01,0.01,43.703833,1776227455000
1776227457.296,57.296,0.5,27.9,0.49,5.0,0.51,50.85,0.66,25.0,0.49,50.85,0.34,25.0,0.5,27.9,0.51,5.0,0.01,0.01,43.704561,1776227456000
1776227458.572,58.572,0.5,27.9,0.49,5.0,0.51,50.85,0.66,25.0,0.49,50.85,0.34,25.0,0.5,27.9,0.51,5.0,0.01,0.01,43.70446,1776227457000
1776227459.178,59.178,0.5,27.9,0.49,5.0,0.51,50.85,0.66,25.0,0.49,50.85,0.34,25.0,0.5,27.9,0.51,5.0,0.01,0.01,43.70446,1776227458000
1776227460.352,60.352,0.5,27.9,0.49,5.0,0.51,50.85,0.66,25.0,0.49,50.85,0.34,25.0,0.5,27.9,0.51,5.0,0.01,0.01,43.704887,1776227459000
1776227460.915,60.915,0.5,27.9,0.49,5.0,0.51,50.85,0.66,25.0,0.49,50.85,0.34,25.0,0.5,27.9,0.51,5.0,0.01,0.01,43.704796,1776227460000
1776227462.078,62.078,0.5,27.9,0.49,5.0,0.51,50.85,0.66,25.0,0.49,50.85,0.34,25.0,0.5,27.9,0.51,5.0,0.01,0.01,43.702062,1776227461000
1776227463.472,63.472,0.5,27.9,0.49,5.0,0.51,50.85,0.66,25.0,0.49,50.85,0.34,25.0,0.5,27.9,0.51,5.0,0.01,0.01,43.700861,1776227462000
1776227464.081,64.081,0.5,27.9,0.49,5.0,0.51,50.85,0.66,25.0,0.49,50.85,0.34,25.0,0.5,27.9,0.51,5.0,0.01,0.01,43.700689,1776227463000
1776227465.167,65.167,0.5,27.9,0.49,5.0,0.51,50.85,0.66,25.0,0.49,50.85,0.34,25.0,0.5,27.9,0.51,5.0,0.01,0.01,43.700689,1776227464000
1776227466.531,66.531,0.5,27.9,0.49,5.0,0.51,50.85,0.66,25.0,0.49,50.85,0.34,25.0,0.5,27.9,0.51,5.0,0.01,0.01,43.701427,1776227465000
1776227467.088,67.088,0.5,27.9,0.49,5.0,0.51,50.85,0.66,25.0,0.49,50.85,0.34,25.0,0.5,27.9,0.51,5.0,0.01,0.01,43.701599,1776227466000
1776227468.232,68.232,0.5,27.9,0.49,5.0,0.51,50.85,0.66,25.0,0.49,50.85,0.34,25.0,0.5,27.9,0.51,5.0,0.01,0.01,43.703917,1776227467000
1776227469.441,69.441,0.5,60.0,0.49,15.0,0.51,45.75,0.74,15.0,0.49,50.85,0.34,25.0,0.5,27.9,0.51,5.0,0.01,0.01,43.703917,1776227467000
1776227470.21,70.21,0.5,60.0,0.49,15.0,0.51,45.75,0.74,15.0,0.49,45.75,0.26,15.0,0.5,60.0,0.51,15.0,0.01,0.01,43.70447,1776227469000
1776227470.972,70.972,0.5,60.0,0.49,15.0,0.51,39.86,0.74,15.0,0.49,45.75,0.26,15.0,0.5,60.0,0.51,15.0,0.01,0.01,43.70447,1776227469000
1776227471.338,71.338,0.5,15.0,0.49,15.0,0.51,28.87,0.74,15.0,0.49,33.97,0.26,15.0,0.5,60.0,0.51,15.0,0.01,0.01,43.70447,1776227469000
1776227471.592,71.592,0.5,15.0,0.49,15.0,0.51,28.87,0.74,15.0,0.49,28.87,0.26,15.0,0.5,15.0,0.51,15.0,0.01,0.01,43.721807,1776227470000
1776227472.273,72.273,0.5,15.0,0.49,15.0,0.51,28.87,0.74,15.0,0.49,28.87,0.26,15.0,0.5,15.0,0.51,15.0,0.01,0.01,43.722837,1776227471000
1776227472.559,72.559,0.5,53.0,0.49,15.0,0.51,3.4,0.72,15.0,0.49,28.87,0.26,15.0,0.5,15.0,0.51,15.0,0.01,0.01,43.722837,1776227471000
1776227472.847,72.847,0.5,53.0,0.49,15.0,0.72,15.0,0.73,15.0,0.49,3.4,0.28,15.0,0.5,53.0,0.51,15.0,0.22,0.01,43.722837,1776227471000
1776227473.571,73.571,0.5,53.0,0.49,15.0,0.72,15.0,0.73,15.0,0.28,15.0,0.27,15.0,0.5,53.0,0.51,15.0,0.22,0.22,43.716725,1776227472000
1776227474.287,74.287,0.5,53.0,0.49,15.0,0.72,15.0,0.73,15.0,0.28,15.0,0.27,15.0,0.5,53.0,0.51,15.0,0.22,0.22,43.716725,1776227473000
1776227475.576,75.576,0.5,53.0,0.49,15.0,0.72,15.0,0.73,15.0,0.28,15.0,0.27,15.0,0.5,53.0,0.51,15.0,0.22,0.22,43.716144,1776227474000
1776227476.149,76.149,0.5,53.0,0.49,15.0,0.72,15.0,0.73,15.0,0.28,15.0,0.27,15.0,0.5,53.0,0.51,15.0,0.22,0.22,43.716144,1776227475000
1776227477.305,77.305,0.5,53.0,0.49,15.0,0.72,15.0,0.73,15.0,0.28,15.0,0.27,15.0,0.5,53.0,0.51,15.0,0.22,0.22,43.716433,1776227476000
1776227478.568,78.568,0.5,53.0,0.49,15.0,0.72,15.0,0.73,15.0,0.28,15.0,0.27,15.0,0.5,53.0,0.51,15.0,0.22,0.22,43.715437,1776227477000
1776227479.12,79.12,0.5,53.0,0.49,15.0,0.72,15.0,0.73,15.0,0.28,15.0,0.27,15.0,0.5,53.0,0.51,15.0,0.22,0.22,43.714138,1776227478000
1776227480.375,80.375,0.5,53.0,0.49,15.0,0.72,15.0,0.73,15.0,0.28,15.0,0.27,15.0,0.5,53.0,0.51,15.0,0.22,0.22,43.710049,1776227479000
1776227480.918,80.918,0.5,53.0,0.49,15.0,0.72,15.0,0.73,15.0,0.28,15.0,0.27,15.0,0.5,53.0,0.51,15.0,0.22,0.22,43.706409,1776227480000
1776227482.092,82.092,0.5,53.0,0.49,15.0,0.72,15.0,0.73,15.0,0.28,15.0,0.27,15.0,0.5,53.0,0.51,15.0,0.22,0.22,43.707181,1776227481000
1776227483.321,83.321,0.5,53.0,0.49,15.0,0.72,15.0,0.73,15.0,0.28,15.0,0.27,15.0,0.5,53.0,0.51,15.0,0.22,0.22,43.707366,1776227482000
1776227484.27,84.27,0.5,53.0,0.49,15.0,0.72,15.0,0.73,15.0,0.28,15.0,0.27,15.0,0.5,53.0,0.51,15.0,0.22,0.22,43.721579,1776227483000
1776227485.24,85.24,0.5,53.0,0.49,15.0,0.72,15.0,0.73,15.0,0.28,15.0,0.27,15.0,0.5,53.0,0.51,15.0,0.22,0.22,43.721507,1776227484000
1776227486.3,86.3,0.5,53.0,0.49,15.0,0.72,15.0,0.73,15.0,0.28,15.0,0.27,15.0,0.5,53.0,0.51,15.0,0.22,0.22,43.722491,1776227485000
1776227487.322,87.322,0.5,53.0,0.49,15.0,0.72,15.0,0.73,15.0,0.28,15.0,0.27,15.0,0.5,53.0,0.51,15.0,0.22,0.22,43.722491,1776227486000
1776227488.527,88.527,0.5,53.0,0.49,15.0,0.72,15.0,0.73,15.0,0.28,15.0,0.27,15.0,0.5,53.0,0.51,15.0,0.22,0.22,43.715216,1776227487000
1776227488.998,88.998,0.5,53.0,0.49,15.0,0.72,15.0,0.73,15.0,0.28,15.0,0.27,15.0,0.5,53.0,0.51,15.0,0.22,0.22,43.70742,1776227488000
1776227490.031,90.031,0.5,53.0,0.49,15.0,0.72,15.0,0.73,15.0,0.28,15.0,0.27,15.0,0.5,53.0,0.51,15.0,0.22,0.22,43.70499,1776227489000
1776227491.156,91.156,0.5,53.0,0.49,15.0,0.72,15.0,0.73,15.0,0.28,15.0,0.27,15.0,0.5,53.0,0.51,15.0,0.22,0.22,43.704904,1776227490000
1776227492.236,92.236,0.5,53.0,0.49,15.0,0.72,15.0,0.73,15.0,0.28,15.0,0.27,15.0,0.5,53.0,0.51,15.0,0.22,0.22,43.703427,1776227491000
1776227493.293,93.293,0.5,53.0,0.49,15.0,0.72,15.0,0.73,15.0,0.28,15.0,0.27,15.0,0.5,53.0,0.51,15.0,0.22,0.22,43.703342,1776227492000
1776227494.399,94.399,0.5,53.0,0.49,15.0,0.72,15.0,0.73,15.0,0.28,15.0,0.27,15.0,0.5,53.0,0.51,15.0,0.22,0.22,43.703524,1776227493000
1776227494.98,94.98,0.5,53.0,0.49,15.0,0.72,15.0,0.73,15.0,0.28,15.0,0.27,15.0,0.5,53.0,0.51,15.0,0.22,0.22,43.703438,1776227494000
1776227496.11,96.11,0.5,53.0,0.49,15.0,0.72,15.0,0.73,15.0,0.28,15.0,0.27,15.0,0.5,53.0,0.51,15.0,0.22,0.22,43.703438,1776227495000
1776227497.077,97.077,0.5,53.0,0.49,15.0,0.72,15.0,0.73,15.0,0.28,15.0,0.27,15.0,0.5,53.0,0.51,15.0,0.22,0.22,43.700297,1776227496000
1776227498.245,98.245,0.5,53.0,0.49,15.0,0.72,15.0,0.73,15.0,0.28,15.0,0.27,15.0,0.5,53.0,0.51,15.0,0.22,0.22,43.700432,1776227497000
1776227499.231,99.231,0.5,53.0,0.49,15.0,0.72,15.0,0.73,15.0,0.28,15.0,0.27,15.0,0.5,53.0,0.51,15.0,0.22,0.22,43.698502,1776227498000
1776227500.364,100.364,0.5,53.0,0.49,15.0,0.72,15.0,0.73,15.0,0.28,15.0,0.27,15.0,0.5,53.0,0.51,15.0,0.22,0.22,43.698341,1776227499000
1776227500.905,100.905,0.5,53.0,0.49,15.0,0.72,15.0,0.73,15.0,0.28,15.0,0.27,15.0,0.5,53.0,0.51,15.0,0.22,0.22,43.698282,1776227500000
1776227502.085,102.085,0.5,53.0,0.49,15.0,0.72,15.0,0.73,15.0,0.28,15.0,0.27,15.0,0.5,53.0,0.51,15.0,0.22,0.22,43.698282,1776227501000
1776227503.116,103.116,0.5,53.0,0.49,15.0,0.72,15.0,0.73,15.0,0.28,15.0,0.27,15.0,0.5,53.0,0.51,15.0,0.22,0.22,43.698282,1776227502000
1776227504.187,104.187,0.5,53.0,0.49,15.0,0.72,15.0,0.73,15.0,0.28,15.0,0.27,15.0,0.5,53.0,0.51,15.0,0.22,0.22,43.698282,1776227503000
1776227505.231,105.231,0.5,53.0,0.49,15.0,0.72,15.0,0.73,15.0,0.28,15.0,0.27,15.0,0.5,53.0,0.51,15.0,0.22,0.22,43.698363,1776227504000
1776227505.958,105.958,0.5,53.0,0.49,15.0,0.72,15.0,0.73,15.0,0.28,15.0,0.27,15.0,0.5,53.0,0.51,15.0,0.22,0.22,43.69834,1776227505000
1776227507.048,107.048,0.5,53.0,0.49,15.0,0.72,15.0,0.73,15.0,0.28,15.0,0.27,15.0,0.5,53.0,0.51,15.0,0.22,0.22,43.698336,1776227506000
1776227508.132,108.132,0.5,53.0,0.49,15.0,0.72,15.0,0.73,15.0,0.28,15.0,0.27,15.0,0.5,53.0,0.51,15.0,0.22,0.22,43.698427,1776227507000
1776227509.32,109.32,0.5,53.0,0.49,15.0,0.72,15.0,0.73,15.0,0.28,15.0,0.27,15.0,0.5,53.0,0.51,15.0,0.22,0.22,43.697564,1776227508000
1776227510.411,110.411,0.5,53.0,0.49,15.0,0.72,15.0,0.73,15.0,0.28,15.0,0.27,15.0,0.5,53.0,0.51,15.0,0.22,0.22,43.697696,1776227509000
1776227511.046,111.046,0.5,53.0,0.49,15.0,0.72,15.0,0.73,15.0,0.28,15.0,0.27,15.0,0.5,53.0,0.51,15.0,0.22,0.22,43.697696,1776227510000
1776227513.056,113.056,0.5,53.0,0.49,15.0,0.72,15.0,0.73,15.0,0.28,15.0,0.27,15.0,0.5,53.0,0.51,15.0,0.22,0.22,43.697959,1776227511000
1776227513.853,113.853,0.5,53.0,0.49,15.0,0.72,15.0,0.73,15.0,0.28,15.0,0.27,15.0,0.5,53.0,0.51,15.0,0.22,0.22,43.698183,1776227512000
1776227514.625,114.625,0.5,53.0,0.49,15.0,0.72,15.0,0.73,15.0,0.28,15.0,0.27,15.0,0.5,53.0,0.51,15.0,0.22,0.22,43.698271,1776227513000
1776227515.352,115.352,0.5,53.0,0.49,15.0,0.72,15.0,0.73,15.0,0.28,15.0,0.27,15.0,0.5,53.0,0.51,15.0,0.22,0.22,43.704024,1776227514000
1776227516.734,116.734,0.5,53.0,0.49,15.0,0.72,15.0,0.73,15.0,0.28,15.0,0.27,15.0,0.5,53.0,0.51,15.0,0.22,0.22,43.706796,1776227515000
1776227517.305,117.305,0.5,53.0,0.49,15.0,0.72,15.0,0.73,15.0,0.28,15.0,0.27,15.0,0.5,53.0,0.51,15.0,0.22,0.22,43.706923,1776227516000
1776227517.981,117.981,0.5,53.0,0.49,15.0,0.72,15.0,0.73,15.0,0.28,15.0,0.27,15.0,0.5,53.0,0.51,15.0,0.22,0.22,43.706923,1776227517000
1776227519.402,119.402,0.5,53.0,0.49,15.0,0.72,15.0,0.73,15.0,0.28,15.0,0.27,15.0,0.5,53.0,0.51,15.0,0.22,0.22,43.705495,1776227518000
1776227520.062,120.062,0.5,53.0,0.49,15.0,0.72,15.0,0.73,15.0,0.28,15.0,0.27,15.0,0.5,53.0,0.51,15.0,0.22,0.22,43.705495,1776227519000
1776227521.326,121.326,0.5,53.0,0.49,15.0,0.72,15.0,0.73,15.0,0.28,15.0,0.27,15.0,0.5,53.0,0.51,15.0,0.22,0.22,43.705495,1776227520000
1776227522.705,122.705,0.5,53.0,0.49,15.0,0.72,15.0,0.73,15.0,0.28,15.0,0.27,15.0,0.5,53.0,0.51,15.0,0.22,0.22,43.705279,1776227521000
1776227523.508,123.508,0.5,53.0,0.49,15.0,0.72,15.0,0.73,15.0,0.28,15.0,0.27,15.0,0.5,53.0,0.51,15.0,0.22,0.22,43.705543,1776227522000
1776227524.541,124.541,0.5,53.0,0.49,15.0,0.72,15.0,0.73,15.0,0.28,15.0,0.27,15.0,0.5,53.0,0.51,15.0,0.22,0.22,43.705543,1776227523000
1776227525.245,125.245,0.5,53.0,0.49,15.0,0.72,15.0,0.73,15.0,0.28,15.0,0.27,15.0,0.5,53.0,0.51,15.0,0.22,0.22,43.705455,1776227524000
1776227526.932,126.932,0.5,53.0,0.49,15.0,0.72,15.0,0.73,15.0,0.28,15.0,0.27,15.0,0.5,53.0,0.51,15.0,0.22,0.22,43.705475,1776227525000
1776227527.833,127.833,0.5,53.0,0.49,15.0,0.72,15.0,0.73,15.0,0.28,15.0,0.27,15.0,0.5,53.0,0.51,15.0,0.22,0.22,43.701574,1776227526000
1776227528.507,128.507,0.5,53.0,0.49,15.0,0.72,15.0,0.73,15.0,0.28,15.0,0.27,15.0,0.5,53.0,0.51,15.0,0.22,0.22,43.701281,1776227527000
1776227529.197,129.197,0.5,53.0,0.49,15.0,0.72,15.0,0.73,15.0,0.28,15.0,0.27,15.0,0.5,53.0,0.51,15.0,0.22,0.22,43.698617,1776227528000
1776227531.143,131.143,0.5,53.0,0.49,15.0,0.72,15.0,0.73,15.0,0.28,15.0,0.27,15.0,0.5,53.0,0.51,15.0,0.22,0.22,43.698617,1776227529000
1776227532.366,132.366,0.5,53.0,0.49,15.0,0.72,15.0,0.73,15.0,0.28,15.0,0.27,15.0,0.5,53.0,0.51,15.0,0.22,0.22,43.69814,1776227531000
1776227532.949,132.949,0.5,53.0,0.49,15.0,0.72,15.0,0.73,15.0,0.28,15.0,0.27,15.0,0.5,53.0,0.51,15.0,0.22,0.22,43.698441,1776227532000
1776227534.675,134.675,0.5,53.0,0.49,15.0,0.72,15.0,0.73,15.0,0.28,15.0,0.27,15.0,0.5,53.0,0.51,15.0,0.22,0.22,43.697786,1776227533000
1776227535.281,135.281,0.5,53.0,0.49,15.0,0.72,15.0,0.73,15.0,0.28,15.0,0.27,15.0,0.5,53.0,0.51,15.0,0.22,0.22,43.697961,1776227534000
1776227536.837,136.837,0.5,53.0,0.49,15.0,0.72,15.0,0.73,15.0,0.28,15.0,0.27,15.0,0.5,53.0,0.51,15.0,0.22,0.22,43.698137,1776227535000
1776227537.615,137.615,0.5,53.0,0.49,15.0,0.72,15.0,0.73,15.0,0.28,15.0,0.27,15.0,0.5,53.0,0.51,15.0,0.22,0.22,43.698137,1776227536000
1776227538.319,138.319,0.5,53.0,0.49,15.0,0.72,15.0,0.73,15.0,0.28,15.0,0.27,15.0,0.5,53.0,0.51,15.0,0.22,0.22,43.698137,1776227537000
1776227539.129,139.129,0.5,53.0,0.49,15.0,0.72,15.0,0.73,15.0,0.28,15.0,0.27,15.0,0.5,53.0,0.51,15.0,0.22,0.22,43.698319,1776227538000
1776227540.678,140.678,0.5,53.0,0.49,15.0,0.72,15.0,0.73,15.0,0.28,15.0,0.27,15.0,0.5,53.0,0.51,15.0,0.22,0.22,43.698816,1776227539000
1776227541.328,141.328,0.5,53.0,0.49,15.0,0.72,15.0,0.73,15.0,0.28,15.0,0.27,15.0,0.5,53.0,0.51,15.0,0.22,0.22,43.698816,1776227540000
1776227542.08,142.08,0.5,53.0,0.49,15.0,0.72,15.0,0.73,15.0,0.28,15.0,0.27,15.0,0.5,53.0,0.51,15.0,0.22,0.22,43.698672,1776227541000
1776227543.437,143.437,0.5,53.0,0.49,15.0,0.72,15.0,0.73,15.0,0.28,15.0,0.27,15.0,0.5,53.0,0.51,15.0,0.22,0.22,43.696518,1776227542000
1776227544.077,144.077,0.5,53.0,0.49,15.0,0.72,15.0,0.73,15.0,0.28,15.0,0.27,15.0,0.5,53.0,0.51,15.0,0.22,0.22,43.696518,1776227543000
1776227545.507,145.507,0.5,53.0,0.49,15.0,0.72,15.0,0.73,15.0,0.28,15.0,0.27,15.0,0.5,53.0,0.51,15.0,0.22,0.22,43.69643,1776227544000
1776227546.231,146.231,0.5,53.0,0.49,15.0,0.72,15.0,0.73,15.0,0.28,15.0,0.27,15.0,0.5,53.0,0.51,15.0,0.22,0.22,43.69643,1776227545000
1776227547.572,147.572,0.5,53.0,0.49,15.0,0.72,15.0,0.73,15.0,0.28,15.0,0.27,15.0,0.5,53.0,0.51,15.0,0.22,0.22,43.694524,1776227546000
1776227548.289,148.289,0.5,53.0,0.49,15.0,0.72,15.0,0.73,15.0,0.28,15.0,0.27,15.0,0.5,53.0,0.51,15.0,0.22,0.22,43.693687,1776227547000
1776227549.695,149.695,0.5,53.0,0.49,15.0,0.72,15.0,0.73,15.0,0.28,15.0,0.27,15.0,0.5,53.0,0.51,15.0,0.22,0.22,43.693823,1776227548000
1776227550.929,150.929,0.5,53.0,0.49,15.0,0.72,15.0,0.73,15.0,0.28,15.0,0.27,15.0,0.5,53.0,0.51,15.0,0.22,0.22,43.693823,1776227549000
1776227551.772,151.772,0.5,53.0,0.49,15.0,0.72,15.0,0.73,15.0,0.28,15.0,0.27,15.0,0.5,53.0,0.51,15.0,0.22,0.22,43.694436,1776227550000
1776227552.467,152.467,0.5,53.0,0.49,15.0,0.72,15.0,0.73,15.0,0.28,15.0,0.27,15.0,0.5,53.0,0.51,15.0,0.22,0.22,43.694436,1776227551000
1776227553.089,153.089,0.5,53.0,0.49,15.0,0.72,15.0,0.73,15.0,0.28,15.0,0.27,15.0,0.5,53.0,0.51,15.0,0.22,0.22,43.694436,1776227552000
1776227554.329,154.329,0.5,53.0,0.49,15.0,0.72,15.0,0.73,15.0,0.28,15.0,0.27,15.0,0.5,53.0,0.51,15.0,0.22,0.22,43.695887,1776227553000
1776227555.726,155.726,0.5,53.0,0.49,15.0,0.72,15.0,0.73,15.0,0.28,15.0,0.27,15.0,0.5,53.0,0.51,15.0,0.22,0.22,43.695887,1776227554000
1776227556.458,156.458,0.5,53.0,0.49,15.0,0.72,15.0,0.73,15.0,0.28,15.0,0.27,15.0,0.5,53.0,0.51,15.0,0.22,0.22,43.696573,1776227555000
1776227557.177,157.177,0.5,53.0,0.49,15.0,0.72,15.0,0.73,15.0,0.28,15.0,0.27,15.0,0.5,53.0,0.51,15.0,0.22,0.22,43.696573,1776227556000
1776227558.491,158.491,0.5,53.0,0.49,15.0,0.72,15.0,0.73,15.0,0.28,15.0,0.27,15.0,0.5,53.0,0.51,15.0,0.22,0.22,43.696525,1776227557000
1776227559.335,159.335,0.5,53.0,0.49,15.0,0.72,15.0,0.73,15.0,0.28,15.0,0.27,15.0,0.5,53.0,0.51,15.0,0.22,0.22,43.696525,1776227558000
1776227560.175,160.175,0.5,53.0,0.49,15.0,0.72,15.0,0.73,15.0,0.28,15.0,0.27,15.0,0.5,53.0,0.51,15.0,0.22,0.22,43.696477,1776227559000
1776227561.721,161.721,0.5,53.0,0.49,15.0,0.72,15.0,0.73,15.0,0.28,15.0,0.27,15.0,0.5,53.0,0.51,15.0,0.22,0.22,43.695197,1776227560000
1776227562.347,162.347,0.5,53.0,0.49,15.0,0.72,15.0,0.73,15.0,0.28,15.0,0.27,15.0,0.5,53.0,0.51,15.0,0.22,0.22,43.695197,1776227561000
1776227563.42,163.42,0.5,53.0,0.49,15.0,0.72,15.0,0.73,15.0,0.28,15.0,0.27,15.0,0.5,53.0,0.51,15.0,0.22,0.22,43.695391,1776227562000
1776227564.169,164.169,0.5,53.0,0.49,15.0,0.72,15.0,0.73,15.0,0.28,15.0,0.27,15.0,0.5,53.0,0.51,15.0,0.22,0.22,43.695307,1776227563000
1776227565.39,165.39,0.5,53.0,0.49,15.0,0.72,15.0,0.73,15.0,0.28,15.0,0.27,15.0,0.5,53.0,0.51,15.0,0.22,0.22,43.694081,1776227564000
1776227565.991,165.991,0.5,53.0,0.49,15.0,0.72,15.0,0.73,15.0,0.28,15.0,0.27,15.0,0.5,53.0,0.51,15.0,0.22,0.22,43.693299,1776227565000
1776227566.956,166.956,0.5,53.0,0.49,15.0,0.72,15.0,0.73,15.0,0.28,15.0,0.27,15.0,0.5,53.0,0.51,15.0,0.22,0.22,43.693563,1776227566000
1776227568.907,168.907,0.5,53.0,0.49,15.0,0.72,15.0,0.73,15.0,0.28,15.0,0.27,15.0,0.5,53.0,0.51,15.0,0.22,0.22,43.694577,1776227567000
1776227569.466,169.466,0.5,53.0,0.49,15.0,0.72,15.0,0.73,15.0,0.28,15.0,0.27,15.0,0.5,53.0,0.51,15.0,0.22,0.22,43.694503,1776227568000
1776227569.977,169.977,0.5,53.0,0.49,15.0,0.72,15.0,0.73,15.0,0.28,15.0,0.27,15.0,0.5,53.0,0.51,15.0,0.22,0.22,43.694503,1776227569000
1776227570.968,170.968,0.5,53.0,0.49,15.0,0.72,15.0,0.73,15.0,0.28,15.0,0.27,15.0,0.5,53.0,0.51,15.0,0.22,0.22,43.694437,1776227570000
1776227572.055,172.055,0.5,53.0,0.49,15.0,0.72,15.0,0.73,15.0,0.28,15.0,0.27,15.0,0.5,53.0,0.51,15.0,0.22,0.22,43.694526,1776227571000
1776227573.134,173.134,0.5,53.0,0.49,15.0,0.72,15.0,0.73,15.0,0.28,15.0,0.27,15.0,0.5,53.0,0.51,15.0,0.22,0.22,43.694649,1776227572000
1776227574.129,174.129,0.5,53.0,0.49,15.0,0.72,15.0,0.73,15.0,0.28,15.0,0.27,15.0,0.5,53.0,0.51,15.0,0.22,0.22,43.694115,1776227573000
1776227575.018,175.018,0.5,53.0,0.49,15.0,0.72,15.0,0.73,15.0,0.28,15.0,0.27,15.0,0.5,53.0,0.51,15.0,0.22,0.22,43.694349,1776227574000
1776227576.14,176.14,0.5,53.0,0.49,15.0,0.72,15.0,0.73,15.0,0.28,15.0,0.27,15.0,0.5,53.0,0.51,15.0,0.22,0.22,43.694436,1776227575000
1776227577.243,177.243,0.5,53.0,0.49,15.0,0.72,15.0,0.73,15.0,0.28,15.0,0.27,15.0,0.5,53.0,0.51,15.0,0.22,0.22,43.693995,1776227576000
1776227578.232,178.232,0.5,53.0,0.49,15.0,0.72,15.0,0.73,15.0,0.28,15.0,0.27,15.0,0.5,53.0,0.51,15.0,0.22,0.22,43.693995,1776227577000
1776227579.202,179.202,0.5,53.0,0.49,15.0,0.72,15.0,0.73,15.0,0.28,15.0,0.27,15.0,0.5,53.0,0.51,15.0,0.22,0.22,43.693995,1776227578000
1776227580.171,180.171,0.5,53.0,0.49,15.0,0.72,15.0,0.73,15.0,0.28,15.0,0.27,15.0,0.5,53.0,0.51,15.0,0.22,0.22,43.694285,1776227579000
1776227581.194,181.194,0.5,53.0,0.49,15.0,0.72,15.0,0.73,15.0,0.28,15.0,0.27,15.0,0.5,53.0,0.51,15.0,0.22,0.22,43.690503,1776227580000
1776227582.475,182.475,0.5,53.0,0.49,15.0,0.72,15.0,0.73,15.0,0.28,15.0,0.27,15.0,0.5,53.0,0.51,15.0,0.22,0.22,43.68612,1776227581000
1776227583.158,183.158,0.5,53.0,0.49,15.0,0.72,15.0,0.73,15.0,0.28,15.0,0.27,15.0,0.5,53.0,0.51,15.0,0.22,0.22,43.673477,1776227582000
1776227584.302,184.302,0.5,53.0,0.49,15.0,0.72,15.0,0.73,15.0,0.28,15.0,0.27,15.0,0.5,53.0,0.51,15.0,0.22,0.22,43.66843,1776227583000
1776227584.959,184.959,0.5,53.0,0.49,15.0,0.72,15.0,0.73,15.0,0.28,15.0,0.27,15.0,0.5,53.0,0.51,15.0,0.22,0.22,43.667645,1776227584000
1776227586.067,186.067,0.5,53.0,0.49,15.0,0.72,15.0,0.73,15.0,0.28,15.0,0.27,15.0,0.5,53.0,0.51,15.0,0.22,0.22,43.665939,1776227585000
1776227587.243,187.243,0.5,53.0,0.49,15.0,0.72,15.0,0.73,15.0,0.28,15.0,0.27,15.0,0.5,53.0,0.51,15.0,0.22,0.22,43.665964,1776227586000
1776227587.854,187.854,0.29,5.0,0.28,15.0,0.47,46.0,0.48,15.0,0.28,15.0,0.27,15.0,0.5,53.0,0.51,15.0,0.18,0.22,43.665964,1776227586000
1776227588.615,188.615,0.29,5.0,0.28,15.0,0.47,46.0,0.48,15.0,0.53,46.0,0.52,15.0,0.71,5.0,0.72,15.0,0.18,0.18,43.665698,1776227587000
1776227589.313,189.313,0.29,5.0,0.28,15.0,0.47,46.0,0.48,15.0,0.53,46.0,0.52,15.0,0.71,5.0,0.72,15.0,0.18,0.18,43.664994,1776227588000
1776227590.263,190.263,0.29,5.0,0.28,15.0,0.47,46.0,0.48,15.0,0.53,46.0,0.52,15.0,0.71,5.0,0.72,15.0,0.18,0.18,43.654819,1776227589000
1776227593.953,193.953,0.29,5.0,0.28,15.0,0.47,46.0,0.48,15.0,0.53,46.0,0.52,15.0,0.71,5.0,0.72,15.0,0.18,0.18,43.64644,1776227592000
1776227594.299,194.299,0.27,8.16,0.26,15.0,0.41,10.0,0.49,15.0,0.59,10.0,0.51,15.0,0.73,8.16,0.74,15.0,0.14,0.14,43.654281,1776227593000
1776227595.369,195.369,0.27,8.16,0.26,15.0,0.41,10.0,0.49,15.0,0.59,10.0,0.51,15.0,0.73,8.16,0.74,15.0,0.14,0.14,43.65437,1776227594000
1776227596.235,196.235,0.21,5.0,0.2,15.0,0.29,44.0,0.46,15.0,0.59,10.0,0.51,15.0,0.73,8.16,0.74,15.0,0.08,0.14,43.65437,1776227594000
1776227596.439,196.439,0.21,5.0,0.2,15.0,0.29,44.0,0.46,15.0,0.71,44.0,0.54,15.0,0.79,5.0,0.8,15.0,0.08,0.08,43.654311,1776227595000
1776227597.389,197.389,0.2,10.0,0.19,15.0,0.29,44.0,0.46,15.0,0.71,44.0,0.54,15.0,0.8,10.0,0.81,15.0,0.09,0.09,43.65112,1776227596000
1776227597.917,197.917,0.2,10.0,0.19,15.0,0.29,44.0,0.46,15.0,0.71,44.0,0.54,15.0,0.8,10.0,0.81,15.0,0.09,0.09,43.639233,1776227597000
1776227598.962,198.962,0.2,10.0,0.19,15.0,0.29,44.0,0.46,15.0,0.71,44.0,0.54,15.0,0.8,10.0,0.81,15.0,0.09,0.09,43.636493,1776227598000
1776227599.949,199.949,0.2,10.0,0.19,15.0,0.29,44.0,0.46,15.0,0.71,44.0,0.54,15.0,0.8,10.0,0.81,15.0,0.09,0.09,43.63604,1776227599000
1776227600.973,200.973,0.2,10.0,0.19,15.0,0.29,44.0,0.46,15.0,0.71,44.0,0.54,15.0,0.8,10.0,0.81,15.0,0.09,0.09,43.63598,1776227600000
1776227601.933,201.933,0.2,10.0,0.19,15.0,0.29,44.0,0.46,15.0,0.71,44.0,0.54,15.0,0.8,10.0,0.81,15.0,0.09,0.09,43.635922,1776227601000
1776227602.934,202.934,0.2,10.0,0.19,15.0,0.29,44.0,0.46,15.0,0.71,44.0,0.54,15.0,0.8,10.0,0.81,15.0,0.09,0.09,43.64572,1776227602000
1776227603.882,203.882,0.2,10.0,0.19,15.0,0.29,44.0,0.46,15.0,0.71,44.0,0.54,15.0,0.8,10.0,0.81,15.0,0.09,0.09,43.639505,1776227603000
1776227604.961,204.961,0.2,10.0,0.19,15.0,0.29,44.0,0.46,15.0,0.71,44.0,0.54,15.0,0.8,10.0,0.81,15.0,0.09,0.09,43.636915,1776227604000
1776227606.007,206.007,0.2,10.0,0.19,15.0,0.29,44.0,0.46,15.0,0.71,44.0,0.54,15.0,0.8,10.0,0.81,15.0,0.09,0.09,43.636623,1776227605000
1776227606.988,206.988,0.2,10.0,0.19,15.0,0.29,44.0,0.46,15.0,0.71,44.0,0.54,15.0,0.8,10.0,0.81,15.0,0.09,0.09,43.644772,1776227606000
1776227607.596,207.596,0.26,5.0,0.24,15.0,0.43,10.0,0.53,15.0,0.71,44.0,0.54,15.0,0.8,10.0,0.81,15.0,0.17,0.09,43.644772,1776227606000
1776227608.096,208.096,0.26,5.0,0.24,15.0,0.43,10.0,0.53,15.0,0.57,10.0,0.47,15.0,0.74,5.0,0.76,15.0,0.17,0.17,43.652846,1776227607000
1776227609.259,209.259,0.26,5.0,0.24,15.0,0.43,10.0,0.53,15.0,0.57,10.0,0.47,15.0,0.74,5.0,0.76,15.0,0.17,0.17,43.655283,1776227608000
1776227610.356,210.356,0.26,5.0,0.24,15.0,0.43,10.0,0.53,15.0,0.57,10.0,0.47,15.0,0.74,5.0,0.76,15.0,0.17,0.17,43.662093,1776227609000
1776227610.883,210.883,0.26,5.0,0.24,15.0,0.43,10.0,0.53,15.0,0.57,10.0,0.47,15.0,0.74,5.0,0.76,15.0,0.17,0.17,43.66305,1776227610000
1776227611.981,211.981,0.26,5.0,0.24,15.0,0.43,10.0,0.53,15.0,0.57,10.0,0.47,15.0,0.74,5.0,0.76,15.0,0.17,0.17,43.663099,1776227611000
1776227613.017,213.017,0.26,5.0,0.24,15.0,0.43,10.0,0.53,15.0,0.57,10.0,0.47,15.0,0.74,5.0,0.76,15.0,0.17,0.17,43.663259,1776227612000
1776227614.108,214.108,0.26,5.0,0.24,15.0,0.43,10.0,0.53,15.0,0.57,10.0,0.47,15.0,0.74,5.0,0.76,15.0,0.17,0.17,43.663429,1776227613000
1776227615.297,215.297,0.26,5.0,0.24,15.0,0.43,10.0,0.53,15.0,0.57,10.0,0.47,15.0,0.74,5.0,0.76,15.0,0.17,0.17,43.663712,1776227614000
1776227616.306,216.306,0.36,12.18,0.35,15.0,0.49,15.0,0.5,15.0,0.51,15.0,0.5,15.0,0.64,12.18,0.65,15.0,0.13,0.13,43.663606,1776227615000
1776227617.446,217.446,0.36,12.18,0.35,15.0,0.49,15.0,0.5,15.0,0.51,15.0,0.5,15.0,0.64,12.18,0.65,15.0,0.13,0.13,43.662926,1776227616000
1776227618.03,218.03,0.36,12.18,0.35,15.0,0.49,15.0,0.5,15.0,0.51,15.0,0.5,15.0,0.64,12.18,0.65,15.0,0.13,0.13,43.661876,1776227617000
1776227619.166,219.166,0.36,12.18,0.35,15.0,0.49,15.0,0.5,15.0,0.51,15.0,0.5,15.0,0.64,12.18,0.65,15.0,0.13,0.13,43.661788,1776227618000
1776227620.206,220.206,0.36,12.18,0.35,15.0,0.49,15.0,0.5,15.0,0.51,15.0,0.5,15.0,0.64,12.18,0.65,15.0,0.13,0.13,43.662336,1776227619000
1776227621.658,221.658,0.36,12.18,0.35,15.0,0.49,15.0,0.5,15.0,0.51,15.0,0.5,15.0,0.64,12.18,0.65,15.0,0.13,0.13,43.662166,1776227620000
1776227622.448,222.448,0.36,12.18,0.35,15.0,0.49,15.0,0.5,15.0,0.51,15.0,0.5,15.0,0.64,12.18,0.65,15.0,0.13,0.13,43.662296,1776227621000
1776227623.101,223.101,0.36,12.18,0.35,15.0,0.49,15.0,0.5,15.0,0.51,15.0,0.5,15.0,0.64,12.18,0.65,15.0,0.13,0.13,43.66224,1776227622000
1776227624.75,224.75,0.36,12.18,0.35,15.0,0.49,15.0,0.5,15.0,0.51,15.0,0.5,15.0,0.64,12.18,0.65,15.0,0.13,0.13,43.662506,1776227623000
1776227625.563,225.563,0.36,12.18,0.35,15.0,0.49,15.0,0.5,15.0,0.51,15.0,0.5,15.0,0.64,12.18,0.65,15.0,0.13,0.13,43.662296,1776227624000
1776227626.17,226.17,0.34,13.48,0.33,15.0,0.42,23.0,0.53,15.0,0.51,15.0,0.5,15.0,0.64,12.18,0.65,15.0,0.08,0.13,43.662296,1776227624000
1776227627.476,227.476,0.34,13.48,0.33,15.0,0.42,23.0,0.53,15.0,0.58,23.0,0.47,15.0,0.66,13.48,0.67,15.0,0.08,0.08,43.663037,1776227626000
1776227628.092,228.092,0.34,13.48,0.33,15.0,0.42,23.0,0.53,15.0,0.58,23.0,0.47,15.0,0.66,13.48,0.67,15.0,0.08,0.08,43.672308,1776227627000
1776227629.361,229.361,0.34,13.48,0.33,15.0,0.42,23.0,0.53,15.0,0.58,23.0,0.47,15.0,0.66,13.48,0.67,15.0,0.08,0.08,43.672954,1776227628000
1776227630.024,230.024,0.34,13.48,0.33,15.0,0.42,23.0,0.53,15.0,0.58,23.0,0.47,15.0,0.66,13.48,0.67,15.0,0.08,0.08,43.673531,1776227629000
1776227631.436,231.436,0.34,13.48,0.33,15.0,0.42,23.0,0.53,15.0,0.58,23.0,0.47,15.0,0.66,13.48,0.67,15.0,0.08,0.08,43.673664,1776227630000
1776227632.075,232.075,0.34,13.48,0.33,15.0,0.42,23.0,0.53,15.0,0.58,23.0,0.47,15.0,0.66,13.48,0.67,15.0,0.08,0.08,43.675131,1776227631000
1776227633.532,233.532,0.34,13.48,0.33,15.0,0.42,23.0,0.53,15.0,0.58,23.0,0.47,15.0,0.66,13.48,0.67,15.0,0.08,0.08,43.67587,1776227632000
1776227634.159,234.159,0.34,13.48,0.33,15.0,0.42,23.0,0.53,15.0,0.58,23.0,0.47,15.0,0.66,13.48,0.67,15.0,0.08,0.08,43.67587,1776227633000
1776227635.689,235.689,0.34,13.48,0.33,15.0,0.42,23.0,0.53,15.0,0.58,23.0,0.47,15.0,0.66,13.48,0.67,15.0,0.08,0.08,43.677176,1776227634000
1776227636.384,236.384,0.34,13.48,0.33,15.0,0.42,23.0,0.53,15.0,0.58,23.0,0.47,15.0,0.66,13.48,0.67,15.0,0.08,0.08,43.684032,1776227635000
1776227637.532,237.532,0.34,13.48,0.33,15.0,0.42,23.0,0.53,15.0,0.58,23.0,0.47,15.0,0.66,13.48,0.67,15.0,0.08,0.08,43.686364,1776227636000
1776227638.269,238.269,0.34,13.48,0.33,15.0,0.42,23.0,0.53,15.0,0.58,23.0,0.47,15.0,0.66,13.48,0.67,15.0,0.08,0.08,43.68636,1776227637000
1776227639.373,239.373,0.34,13.48,0.33,15.0,0.42,23.0,0.53,15.0,0.58,23.0,0.47,15.0,0.66,13.48,0.67,15.0,0.08,0.08,43.687111,1776227638000
1776227639.926,239.926,0.34,13.48,0.33,15.0,0.42,23.0,0.53,15.0,0.58,23.0,0.47,15.0,0.66,13.48,0.67,15.0,0.08,0.08,43.686585,1776227639000
1776227641.003,241.003,0.34,13.48,0.33,15.0,0.42,23.0,0.53,15.0,0.58,23.0,0.47,15.0,0.66,13.48,0.67,15.0,0.08,0.08,43.686586,1776227640000
1776227642.1,242.1,0.34,13.48,0.33,15.0,0.42,23.0,0.53,15.0,0.58,23.0,0.47,15.0,0.66,13.48,0.67,15.0,0.08,0.08,43.686682,1776227641000
1776227643.169,243.169,0.34,13.48,0.33,15.0,0.42,23.0,0.53,15.0,0.58,23.0,0.47,15.0,0.66,13.48,0.67,15.0,0.08,0.08,43.693449,1776227642000
1776227644.25,244.25,0.34,13.48,0.33,15.0,0.42,23.0,0.53,15.0,0.58,23.0,0.47,15.0,0.66,13.48,0.67,15.0,0.08,0.08,43.694073,1776227643000
1776227645.257,245.257,0.34,13.48,0.33,15.0,0.42,23.0,0.53,15.0,0.58,23.0,0.47,15.0,0.66,13.48,0.67,15.0,0.08,0.08,43.691803,1776227644000
1776227646.251,246.251,0.34,13.48,0.33,15.0,0.42,23.0,0.53,15.0,0.58,23.0,0.47,15.0,0.66,13.48,0.67,15.0,0.08,0.08,43.68612,1776227645000
1776227647.294,247.294,0.34,13.48,0.33,15.0,0.42,23.0,0.53,15.0,0.58,23.0,0.47,15.0,0.66,13.48,0.67,15.0,0.08,0.08,43.684992,1776227646000
1776227648.289,248.289,0.34,13.48,0.33,15.0,0.42,23.0,0.53,15.0,0.58,23.0,0.47,15.0,0.66,13.48,0.67,15.0,0.08,0.08,43.684963,1776227647000
1776227649.373,249.373,0.34,13.48,0.33,15.0,0.42,23.0,0.53,15.0,0.58,23.0,0.47,15.0,0.66,13.48,0.67,15.0,0.08,0.08,43.684686,1776227648000
1776227649.988,249.988,0.34,13.48,0.33,15.0,0.42,23.0,0.53,15.0,0.58,23.0,0.47,15.0,0.66,13.48,0.67,15.0,0.08,0.08,43.67821,1776227649000
1776227651.041,251.041,0.34,13.48,0.33,15.0,0.42,23.0,0.53,15.0,0.58,23.0,0.47,15.0,0.66,13.48,0.67,15.0,0.08,0.08,43.678026,1776227650000
1776227652.088,252.088,0.34,13.48,0.33,15.0,0.42,23.0,0.53,15.0,0.58,23.0,0.47,15.0,0.66,13.48,0.67,15.0,0.08,0.08,43.677006,1776227651000
1776227653.334,253.334,0.34,13.48,0.33,15.0,0.42,23.0,0.53,15.0,0.58,23.0,0.47,15.0,0.66,13.48,0.67,15.0,0.08,0.08,43.676521,1776227652000
1776227655.098,255.098,0.34,13.48,0.33,15.0,0.42,23.0,0.53,15.0,0.58,23.0,0.47,15.0,0.66,13.48,0.67,15.0,0.08,0.08,43.676521,1776227653000
1776227655.685,255.685,0.34,13.48,0.33,15.0,0.42,23.0,0.53,15.0,0.58,23.0,0.47,15.0,0.66,13.48,0.67,15.0,0.08,0.08,43.676617,1776227654000
1776227656.453,256.453,0.34,13.48,0.33,15.0,0.42,23.0,0.53,15.0,0.58,23.0,0.47,15.0,0.66,13.48,0.67,15.0,0.08,0.08,43.676473,1776227655000
1776227657.143,257.143,0.3,0.75,0.29,15.0,0.53,15.0,0.54,62.0,0.47,15.0,0.46,62.0,0.7,0.75,0.71,15.0,0.23,0.23,43.676473,1776227656000
1776227657.58,257.58,0.15,11.5,0.14,15.0,0.24,10.0,0.51,67.0,0.47,15.0,0.46,62.0,0.7,0.75,0.71,15.0,0.09,0.23,43.676473,1776227656000
1776227658.704,258.704,0.15,11.5,0.14,15.0,0.24,10.0,0.51,67.0,0.76,10.0,0.49,67.0,0.85,11.5,0.86,15.0,0.09,0.09,43.668721,1776227657000
1776227659.483,259.483,0.15,11.5,0.14,15.0,0.24,10.0,0.51,67.0,0.76,10.0,0.49,67.0,0.85,11.5,0.86,15.0,0.09,0.09,43.665316,1776227658000
1776227660.163,260.163,0.15,11.5,0.14,15.0,0.24,10.0,0.51,67.0,0.76,10.0,0.49,67.0,0.85,11.5,0.86,15.0,0.09,0.09,43.658191,1776227659000
1776227661.638,261.638,0.15,11.5,0.14,15.0,0.24,10.0,0.51,67.0,0.76,10.0,0.49,67.0,0.85,11.5,0.86,15.0,0.09,0.09,43.649579,1776227660000
1776227662.446,262.446,0.15,11.5,0.14,15.0,0.24,10.0,0.51,67.0,0.76,10.0,0.49,67.0,0.85,11.5,0.86,15.0,0.09,0.09,43.653129,1776227661000
1776227663.32,263.32,0.15,11.5,0.14,15.0,0.24,10.0,0.51,67.0,0.76,10.0,0.49,67.0,0.85,11.5,0.86,15.0,0.09,0.09,43.653225,1776227662000
1776227664.833,264.833,0.15,11.5,0.14,15.0,0.24,10.0,0.51,67.0,0.76,10.0,0.49,67.0,0.85,11.5,0.86,15.0,0.09,0.09,43.653631,1776227663000
1776227665.045,265.045,0.14,13.83,0.13,15.0,0.29,10.0,0.41,40.0,0.76,10.0,0.49,67.0,0.85,11.5,0.86,15.0,0.15,0.09,43.653631,1776227663000
1776227665.664,265.664,0.14,13.83,0.13,15.0,0.29,10.0,0.41,40.0,0.71,10.0,0.59,40.0,0.86,13.83,0.87,15.0,0.15,0.15,43.655073,1776227664000
1776227666.469,266.469,0.14,13.83,0.13,15.0,0.29,10.0,0.41,40.0,0.71,10.0,0.59,40.0,0.86,13.83,0.87,15.0,0.15,0.15,43.661925,1776227665000
1776227667.212,267.212,0.12,6.62,0.08,15.0,0.38,15.0,0.39,74.0,0.71,10.0,0.59,40.0,0.86,13.83,0.87,15.0,0.26,0.15,43.661925,1776227665000
1776227667.709,267.709,0.12,2.35,0.08,15.0,0.15,54.0,0.37,15.0,0.62,15.0,0.61,74.0,0.88,6.62,0.92,15.0,0.03,0.26,43.655664,1776227666000
1776227668.138,268.138,0.07,15.0,0.06,15.0,0.13,10.0,0.15,44.0,0.85,54.0,0.63,15.0,0.88,2.35,0.92,15.0,0.06,0.03,43.655664,1776227666000
1776227668.642,268.642,0.07,15.0,0.06,15.0,0.13,10.0,0.15,44.0,0.87,10.0,0.85,44.0,0.93,15.0,0.94,15.0,0.06,0.06,43.655753,1776227667000
1776227669.314,269.314,0.07,15.0,0.06,15.0,0.13,10.0,0.15,44.0,0.87,10.0,0.85,44.0,0.93,15.0,0.94,15.0,0.06,0.06,43.646355,1776227668000
1776227669.542,269.542,0.05,9.73,0.04,20.0,0.11,27.0,0.33,15.0,0.87,10.0,0.85,44.0,0.93,15.0,0.94,15.0,0.06,0.06,43.646355,1776227668000
1776227670.092,270.092,0.05,9.73,0.04,20.0,0.11,27.0,0.33,15.0,0.89,27.0,0.67,15.0,0.95,9.73,0.96,20.0,0.06,0.06,43.646069,1776227669000
1776227671.404,271.404,0.05,9.73,0.04,20.0,0.11,27.0,0.33,15.0,0.89,27.0,0.67,15.0,0.95,9.73,0.96,20.0,0.06,0.06,43.643089,1776227670000
1776227671.848,271.848,0.05,4.73,0.04,20.0,0.11,17.0,0.13,10.0,0.89,27.0,0.67,15.0,0.95,9.73,0.96,20.0,0.06,0.06,43.643089,1776227670000
1776227672.561,272.561,0.05,4.73,0.04,20.0,0.11,17.0,0.13,10.0,0.89,17.0,0.87,10.0,0.95,4.73,0.96,20.0,0.06,0.06,43.644243,1776227671000
1776227672.943,272.943,0.05,4.73,0.04,20.0,0.11,17.0,0.13,10.0,0.89,17.0,0.87,10.0,0.95,4.73,0.96,20.0,0.06,0.06,43.644627,1776227672000
1776227674.008,274.008,0.05,4.73,0.04,20.0,0.11,17.0,0.13,10.0,0.89,17.0,0.87,10.0,0.95,4.73,0.96,20.0,0.06,0.06,43.645385,1776227673000
1776227675.174,275.174,0.05,4.73,0.04,20.0,0.11,17.0,0.13,10.0,0.89,17.0,0.87,10.0,0.95,4.73,0.96,20.0,0.06,0.06,43.646047,1776227674000
1776227675.703,275.703,0.16,10.0,0.04,5.0,0.33,5.78,0.85,253.0,0.89,17.0,0.87,10.0,0.95,4.73,0.96,20.0,0.17,0.06,43.646047,1776227674000
1776227676.279,276.279,0.16,10.0,0.04,5.0,0.33,5.78,0.85,253.0,0.67,5.78,0.15,253.0,0.84,10.0,0.96,5.0,0.17,0.17,43.65362,1776227675000
1776227677.394,277.394,0.16,10.0,0.04,5.0,0.33,5.78,0.85,253.0,0.67,5.78,0.15,253.0,0.84,10.0,0.96,5.0,0.17,0.17,43.6612,1776227676000
1776227677.928,277.928,0.16,10.0,0.04,5.0,0.33,5.78,0.85,253.0,0.67,5.78,0.15,253.0,0.84,10.0,0.96,5.0,0.17,0.17,43.662506,1776227677000
1776227679.056,279.056,0.04,5.0,0.02,10.0,0.85,96.5,0.9,6.0,0.67,5.78,0.15,253.0,0.84,10.0,0.96,5.0,0.81,0.17,43.662506,1776227677000
1776227679.576,279.576,0.6,10.0,0.45,6.66,0.77,4.85,0.85,96.5,0.15,96.5,0.1,6.0,0.96,5.0,0.98,10.0,0.17,0.81,43.662885,1776227678000
1776227680.308,280.308,0.6,10.0,0.45,6.66,0.77,4.85,0.85,96.5,0.23,4.85,0.15,96.5,0.4,10.0,0.55,6.66,0.17,0.17,43.664282,1776227679000
1776227681.502,281.502,0.6,10.0,0.45,6.66,0.77,4.85,0.85,96.5,0.23,4.85,0.15,96.5,0.4,10.0,0.55,6.66,0.17,0.17,43.681768,1776227680000
1776227682.102,282.102,0.6,10.0,0.45,6.66,0.77,4.85,0.85,96.5,0.23,4.85,0.15,96.5,0.4,10.0,0.55,6.66,0.17,0.17,43.684309,1776227681000
1776227682.542,282.542,0.67,42.0,0.45,6.66,0.84,6.46,0.96,105.0,0.23,4.85,0.15,96.5,0.4,10.0,0.55,6.66,0.17,0.17,43.684309,1776227681000
1776227683.089,283.089,0.67,42.0,0.45,6.66,0.84,6.46,0.96,105.0,0.16,6.46,0.04,105.0,0.33,42.0,0.55,6.66,0.17,0.17,43.684818,1776227682000
1776227684.212,284.212,0.67,42.0,0.45,6.66,0.84,6.46,0.96,105.0,0.16,6.46,0.04,105.0,0.33,42.0,0.55,6.66,0.17,0.17,43.690397,1776227683000
1776227685.418,285.418,0.67,42.0,0.45,6.66,0.84,6.46,0.96,105.0,0.16,6.46,0.04,105.0,0.33,42.0,0.55,6.66,0.17,0.17,43.694853,1776227684000
1776227686.875,286.875,0.66,1.26,0.45,6.66,0.83,10.0,0.96,5.0,0.16,6.46,0.04,105.0,0.33,42.0,0.55,6.66,0.17,0.17,43.694853,1776227684000
1776227687.155,287.155,0.66,1.26,0.45,6.66,0.83,10.0,0.96,5.0,0.17,10.0,0.04,5.0,0.34,1.26,0.55,6.66,0.17,0.17,43.694128,1776227686000
1776227687.614,287.614,0.72,10.0,0.45,6.66,0.89,6.66,0.96,5.0,0.17,10.0,0.04,5.0,0.34,1.26,0.55,6.66,0.17,0.17,43.694128,1776227686000
1776227688.355,288.355,0.72,10.0,0.45,6.66,0.89,6.66,0.96,5.0,0.11,6.66,0.04,5.0,0.28,10.0,0.55,6.66,0.17,0.17,43.69351,1776227687000
1776227689.395,289.395,0.72,10.0,0.45,6.66,0.89,6.66,0.96,5.0,0.11,6.66,0.04,5.0,0.28,10.0,0.55,6.66,0.17,0.17,43.690971,1776227688000
1776227689.987,289.987,0.72,10.0,0.45,6.66,0.89,6.66,0.96,5.0,0.11,6.66,0.04,5.0,0.28,10.0,0.55,6.66,0.17,0.17,43.690704,1776227689000
1776227691.129,291.129,0.72,10.0,0.45,6.66,0.89,6.66,0.96,5.0,0.11,6.66,0.04,5.0,0.28,10.0,0.55,6.66,0.17,0.17,43.687428,1776227690000
1776227692.353,292.353,0.72,10.0,0.45,6.66,0.89,6.66,0.96,5.0,0.11,6.66,0.04,5.0,0.28,10.0,0.55,6.66,0.17,0.17,43.686363,1776227691000
1776227693.543,293.543,0.77,10.0,0.45,6.66,0.94,13.5,0.96,5.0,0.06,13.5,0.04,5.0,0.23,10.0,0.55,6.66,0.17,0.17,43.686158,1776227692000
1776227693.999,293.999,0.77,10.0,0.45,6.66,0.94,13.5,0.96,5.0,0.06,13.5,0.04,5.0,0.23,10.0,0.55,6.66,0.17,0.17,43.687313,1776227693000
1776227694.272,294.272,0.73,3.34,0.45,6.66,0.9,10.0,0.95,20.0,0.06,13.5,0.04,5.0,0.23,10.0,0.55,6.66,0.17,0.17,43.687313,1776227693000
1776227694.847,294.847,0.71,10.0,0.45,6.66,0.95,13.47,0.96,5.0,0.1,10.0,0.05,20.0,0.27,3.34,0.55,6.66,0.24,0.17,43.687313,1776227693000
1776227695.09,295.09,0.71,10.0,0.45,6.66,0.95,13.47,0.96,5.0,0.05,13.47,0.04,5.0,0.29,10.0,0.55,6.66,0.24,0.24,43.693794,1776227694000
1776227696.207,296.207,0.71,10.0,0.45,6.66,0.95,13.47,0.96,5.0,0.05,13.47,0.04,5.0,0.29,10.0,0.55,6.66,0.24,0.24,43.693828,1776227695000
1776227696.47,296.47,0.85,10.0,0.45,6.66,0.95,12.32,0.96,5.0,0.05,13.47,0.04,5.0,0.29,10.0,0.55,6.66,0.1,0.24,43.693828,1776227695000
1776227696.802,296.802,0.85,10.0,0.45,6.66,0.95,7.32,0.96,5.0,0.05,12.32,0.04,5.0,0.15,10.0,0.55,6.66,0.1,0.1,43.693828,1776227695000
1776227697.257,297.257,0.85,10.0,0.45,6.66,0.95,7.32,0.96,5.0,0.05,7.32,0.04,5.0,0.15,10.0,0.55,6.66,0.1,0.1,43.693153,1776227696000
1776227697.462,297.462,0.87,10.0,0.45,6.66,0.95,0.32,0.96,5.0,0.05,7.32,0.04,5.0,0.15,10.0,0.55,6.66,0.08,0.1,43.693153,1776227696000
1776227697.901,297.901,0.87,10.0,0.45,6.66,0.96,4.17,0.98,10.0,0.04,4.17,0.02,10.0,0.13,10.0,0.55,6.66,0.09,0.09,43.693897,1776227697000
1776227698.191,298.191,0.89,10.0,0.51,3.51,0.99,78.17,,,0.02,3.17,0.01,80.0,0.11,10.0,0.49,3.51,0.1,0.09,43.693897,1776227697000
1776227698.411,298.411,0.89,10.0,0.51,3.51,0.99,77.03,,,0.01,78.17,,,0.11,10.0,0.49,3.51,0.1,0.1,43.693897,1776227697000
1776227698.633,298.633,0.89,10.0,0.51,3.51,0.99,75.83,,,0.01,77.03,,,0.11,10.0,0.49,3.51,0.1,0.1,43.693897,1776227697000
1776227699.067,299.067,0.89,10.0,0.51,3.51,0.99,75.83,,,0.01,75.83,,,0.11,10.0,0.49,3.51,0.1,0.1,43.69359,1776227698000
1776227699.444,299.444,0.88,10.0,0.51,3.51,0.99,70.78,,,0.01,75.83,,,0.49,3.51,0.55,16.66,0.11,0.48,43.69359,1776227698000
1776227700.145,300.145,0.88,10.0,0.51,3.51,0.99,40.48,,,0.01,40.48,,,0.12,10.0,0.49,3.51,0.11,0.11,43.694333,1776227699000

# RESULT,winner=Down,slug=hype-updown-5m-1776227400,ticks=317
