timestamp,elapsed_sec,up_bid_p1,up_bid_s1,up_bid_p2,up_bid_s2,up_ask_p1,up_ask_s1,up_ask_p2,up_ask_s2,down_bid_p1,down_bid_s1,down_bid_p2,down_bid_s2,down_ask_p1,down_ask_s1,down_ask_p2,down_ask_s2,up_spread,down_spread,hype_price,hype_oracle_ts
1776220811.254,11.254,,,,,,,,,,,,,,,,,,,44.04006,1776220810000
1776220811.696,11.696,0.26,5.0,0.25,5.0,0.39,10.0,0.5,45.0,0.61,10.0,0.5,45.0,0.74,5.0,0.75,5.0,0.13,0.13,44.04006,1776220810000
1776220812.395,12.395,0.26,5.0,0.25,5.0,0.39,10.0,0.5,45.0,0.61,10.0,0.5,45.0,0.74,5.0,0.75,5.0,0.13,0.13,44.037258,1776220811000
1776220812.953,12.953,0.26,5.0,0.25,5.0,0.39,10.0,0.5,45.0,0.61,10.0,0.5,45.0,0.74,5.0,0.75,5.0,0.13,0.13,44.036551,1776220812000
1776220814.037,14.037,0.26,5.0,0.25,5.0,0.39,10.0,0.5,45.0,0.61,10.0,0.5,45.0,0.74,5.0,0.75,5.0,0.13,0.13,44.032766,1776220813000
1776220815.046,15.046,0.26,5.0,0.25,5.0,0.39,10.0,0.5,45.0,0.61,10.0,0.5,45.0,0.74,5.0,0.75,5.0,0.13,0.13,44.032455,1776220814000
1776220816.151,16.151,0.26,5.0,0.25,5.0,0.39,10.0,0.5,45.0,0.61,10.0,0.5,45.0,0.74,5.0,0.75,5.0,0.13,0.13,44.036866,1776220815000
1776220817.235,17.235,0.26,5.0,0.25,5.0,0.39,10.0,0.5,45.0,0.61,10.0,0.5,45.0,0.74,5.0,0.75,5.0,0.13,0.13,44.03861,1776220816000
1776220818.195,18.195,0.26,5.0,0.25,5.0,0.39,10.0,0.5,45.0,0.61,10.0,0.5,45.0,0.74,5.0,0.75,5.0,0.13,0.13,44.039312,1776220817000
1776220819.26,19.26,0.26,5.0,0.25,5.0,0.39,10.0,0.5,45.0,0.61,10.0,0.5,45.0,0.74,5.0,0.75,5.0,0.13,0.13,44.039094,1776220818000
1776220819.836,19.836,0.26,5.0,0.25,5.0,0.39,10.0,0.5,45.0,0.61,10.0,0.5,45.0,0.74,5.0,0.75,5.0,0.13,0.13,44.038994,1776220819000
1776220820.969,20.969,0.26,5.0,0.25,5.0,0.39,10.0,0.5,45.0,0.61,10.0,0.5,45.0,0.74,5.0,0.75,5.0,0.13,0.13,44.039574,1776220820000
1776220822.074,22.074,0.26,5.0,0.25,5.0,0.39,10.0,0.5,45.0,0.61,10.0,0.5,45.0,0.74,5.0,0.75,5.0,0.13,0.13,44.037972,1776220821000
1776220823.127,23.127,0.26,5.0,0.25,5.0,0.39,10.0,0.5,45.0,0.61,10.0,0.5,45.0,0.74,5.0,0.75,5.0,0.13,0.13,44.037985,1776220822000
1776220824.156,24.156,0.26,5.0,0.25,5.0,0.39,10.0,0.5,45.0,0.61,10.0,0.5,45.0,0.74,5.0,0.75,5.0,0.13,0.13,44.03683,1776220823000
1776220825.201,25.201,0.26,5.0,0.25,5.0,0.39,10.0,0.5,45.0,0.61,10.0,0.5,45.0,0.74,5.0,0.75,5.0,0.13,0.13,44.037259,1776220824000
1776220826.469,26.469,0.26,5.0,0.25,5.0,0.39,10.0,0.5,45.0,0.61,10.0,0.5,45.0,0.74,5.0,0.75,5.0,0.13,0.13,44.037261,1776220825000
1776220827.24,27.24,0.26,5.0,0.25,5.0,0.39,10.0,0.5,45.0,0.61,10.0,0.5,45.0,0.74,5.0,0.75,5.0,0.13,0.13,44.041117,1776220826000
1776220828.307,28.307,0.26,5.0,0.25,5.0,0.39,10.0,0.5,45.0,0.61,10.0,0.5,45.0,0.74,5.0,0.75,5.0,0.13,0.13,44.044715,1776220827000
1776220828.929,28.929,0.26,5.0,0.25,5.0,0.39,10.0,0.5,45.0,0.61,10.0,0.5,45.0,0.74,5.0,0.75,5.0,0.13,0.13,44.044887,1776220828000
1776220830.085,30.085,0.26,5.0,0.25,5.0,0.39,10.0,0.5,45.0,0.61,10.0,0.5,45.0,0.74,5.0,0.75,5.0,0.13,0.13,44.0449,1776220829000
1776220831.051,31.051,0.26,5.0,0.25,5.0,0.39,10.0,0.5,45.0,0.61,10.0,0.5,45.0,0.74,5.0,0.75,5.0,0.13,0.13,44.049394,1776220830000
1776220831.948,31.948,0.26,5.0,0.25,5.0,0.39,10.0,0.5,45.0,0.61,10.0,0.5,45.0,0.74,5.0,0.75,5.0,0.13,0.13,44.054525,1776220831000
1776220832.567,32.567,0.48,5.0,0.47,5.0,0.5,40.0,0.51,40.0,0.61,10.0,0.5,45.0,0.74,5.0,0.75,5.0,0.02,0.13,44.054525,1776220831000
1776220833.571,33.571,0.48,5.0,0.47,5.0,0.5,40.0,0.51,40.0,0.5,40.0,0.49,40.0,0.52,5.0,0.53,5.0,0.02,0.02,44.067522,1776220832000
1776220834.251,34.251,0.48,5.0,0.47,5.0,0.5,40.0,0.51,40.0,0.5,40.0,0.49,40.0,0.52,5.0,0.53,5.0,0.02,0.02,44.070147,1776220833000
1776220835.423,35.423,0.48,5.0,0.47,5.0,0.5,40.0,0.51,40.0,0.5,40.0,0.49,40.0,0.52,5.0,0.53,5.0,0.02,0.02,44.072354,1776220834000
1776220835.986,35.986,0.48,5.0,0.47,5.0,0.5,40.0,0.51,40.0,0.5,40.0,0.49,40.0,0.52,5.0,0.53,5.0,0.02,0.02,44.072989,1776220835000
1776220836.192,36.192,0.14,152.0,0.13,15.0,0.5,30.0,0.51,40.0,0.5,40.0,0.49,40.0,0.52,5.0,0.53,5.0,0.36,0.02,44.072989,1776220835000
1776220836.532,36.532,0.15,15.0,0.14,152.0,0.5,20.0,0.51,40.0,0.5,30.0,0.49,40.0,0.86,152.0,0.87,15.0,0.35,0.36,44.072989,1776220835000
1776220837.26,37.26,0.15,15.0,0.14,152.0,0.5,20.0,0.51,40.0,0.5,20.0,0.49,40.0,0.85,15.0,0.86,152.0,0.35,0.35,44.073643,1776220836000
1776220838.282,38.282,0.15,15.0,0.14,152.0,0.5,20.0,0.51,40.0,0.5,20.0,0.49,40.0,0.85,15.0,0.86,152.0,0.35,0.35,44.079368,1776220837000
1776220838.953,38.953,0.17,136.0,0.16,15.0,0.5,10.0,0.51,40.0,0.5,20.0,0.49,40.0,0.85,15.0,0.86,152.0,0.33,0.35,44.079368,1776220837000
1776220839.449,39.449,0.17,136.0,0.16,15.0,0.5,10.0,0.51,40.0,0.5,10.0,0.49,40.0,0.83,136.0,0.84,15.0,0.33,0.33,44.081485,1776220838000
1776220839.989,39.989,0.17,136.0,0.16,15.0,0.5,10.0,0.51,40.0,0.5,10.0,0.49,40.0,0.83,136.0,0.84,15.0,0.33,0.33,44.082159,1776220839000
1776220841.119,41.119,0.17,136.0,0.16,15.0,0.5,10.0,0.51,40.0,0.5,10.0,0.49,40.0,0.83,136.0,0.84,15.0,0.33,0.33,44.086927,1776220840000
1776220842.161,42.161,0.17,136.0,0.16,15.0,0.5,10.0,0.51,40.0,0.5,10.0,0.49,40.0,0.83,136.0,0.84,15.0,0.33,0.33,44.089539,1776220841000
1776220843.28,43.28,0.17,136.0,0.16,15.0,0.5,10.0,0.51,40.0,0.5,10.0,0.49,40.0,0.83,136.0,0.84,15.0,0.33,0.33,44.09103,1776220842000
1776220844.36,44.36,0.17,136.0,0.16,15.0,0.5,10.0,0.51,40.0,0.5,10.0,0.49,40.0,0.83,136.0,0.84,15.0,0.33,0.33,44.088397,1776220843000
1776220844.856,44.856,0.17,136.0,0.16,15.0,0.5,10.0,0.51,40.0,0.5,10.0,0.49,40.0,0.83,136.0,0.84,15.0,0.33,0.33,44.083169,1776220844000
1776220845.994,45.994,0.17,136.0,0.16,15.0,0.5,10.0,0.51,40.0,0.5,10.0,0.49,40.0,0.83,136.0,0.84,15.0,0.33,0.33,44.085713,1776220845000
1776220847.683,47.683,0.17,136.0,0.16,15.0,0.5,10.0,0.51,40.0,0.5,10.0,0.49,40.0,0.83,136.0,0.84,15.0,0.33,0.33,44.087168,1776220846000
1776220848.27,48.27,0.17,136.0,0.16,15.0,0.5,10.0,0.51,40.0,0.5,10.0,0.49,40.0,0.83,136.0,0.84,15.0,0.33,0.33,44.086954,1776220847000
1776220849.472,49.472,0.17,136.0,0.16,15.0,0.5,10.0,0.51,40.0,0.5,10.0,0.49,40.0,0.83,136.0,0.84,15.0,0.33,0.33,44.087167,1776220848000
1776220850.277,50.277,0.17,136.0,0.16,15.0,0.5,10.0,0.51,40.0,0.5,10.0,0.49,40.0,0.83,136.0,0.84,15.0,0.33,0.33,44.087167,1776220849000
1776220851.218,51.218,0.31,15.0,0.3,59.0,0.5,5.0,0.51,40.0,0.5,5.0,0.49,40.0,0.69,15.0,0.7,59.0,0.19,0.19,44.086709,1776220850000
1776220852.55,52.55,0.31,15.0,0.3,59.0,0.5,5.0,0.51,40.0,0.5,5.0,0.49,40.0,0.69,15.0,0.7,59.0,0.19,0.19,44.085412,1776220851000
1776220853.19,53.19,0.31,15.0,0.3,59.0,0.5,5.0,0.51,40.0,0.5,5.0,0.49,40.0,0.69,15.0,0.7,59.0,0.19,0.19,44.085412,1776220852000
1776220854.835,54.835,0.31,15.0,0.3,59.0,0.5,5.0,0.51,40.0,0.5,5.0,0.49,40.0,0.69,15.0,0.7,59.0,0.19,0.19,44.080429,1776220853000
1776220855.381,55.381,0.31,15.0,0.3,59.0,0.5,5.0,0.51,40.0,0.5,5.0,0.49,40.0,0.69,15.0,0.7,59.0,0.19,0.19,44.080073,1776220854000
1776220856.265,56.265,0.31,15.0,0.3,59.0,0.5,5.0,0.51,40.0,0.5,5.0,0.49,40.0,0.69,15.0,0.7,59.0,0.19,0.19,44.080073,1776220855000
1776220857.56,57.56,0.31,15.0,0.3,59.0,0.5,5.0,0.51,40.0,0.5,5.0,0.49,40.0,0.69,15.0,0.7,59.0,0.19,0.19,44.080973,1776220856000
1776220858.047,58.047,0.31,15.0,0.3,59.0,0.5,5.0,0.51,40.0,0.5,5.0,0.49,40.0,0.69,15.0,0.7,59.0,0.19,0.19,44.080973,1776220857000
1776220859.197,59.197,0.31,15.0,0.3,59.0,0.5,5.0,0.51,40.0,0.5,5.0,0.49,40.0,0.69,15.0,0.7,59.0,0.19,0.19,44.081785,1776220858000
1776220860.371,60.371,0.31,15.0,0.3,59.0,0.5,5.0,0.51,40.0,0.5,5.0,0.49,40.0,0.69,15.0,0.7,59.0,0.19,0.19,44.080891,1776220859000
1776220860.961,60.961,0.31,15.0,0.3,59.0,0.5,5.0,0.51,40.0,0.5,5.0,0.49,40.0,0.69,15.0,0.7,59.0,0.19,0.19,44.080891,1776220860000
1776220861.455,61.455,0.49,38.0,0.48,15.0,0.51,39.01,0.71,15.0,0.5,5.0,0.49,40.0,0.69,15.0,0.7,59.0,0.02,0.19,44.080891,1776220860000
1776220861.818,61.818,0.5,15.0,0.49,38.0,0.51,28.12,0.65,10.0,0.49,33.12,0.34,10.0,0.51,38.0,0.52,15.0,0.01,0.02,44.080891,1776220860000
1776220862.231,62.231,0.5,13.0,0.49,15.0,0.51,28.12,0.65,10.0,0.49,28.12,0.35,10.0,0.5,13.0,0.51,15.0,0.01,0.01,44.083609,1776220861000
1776220863.22,63.22,0.5,13.0,0.49,15.0,0.51,28.12,0.65,10.0,0.49,28.12,0.35,10.0,0.5,13.0,0.51,15.0,0.01,0.01,44.086136,1776220862000
1776220864.509,64.509,0.5,13.0,0.49,15.0,0.51,28.12,0.65,10.0,0.49,28.12,0.35,10.0,0.5,13.0,0.51,15.0,0.01,0.01,44.087919,1776220863000
1776220864.949,64.949,0.5,13.0,0.49,15.0,0.51,28.12,0.65,10.0,0.49,28.12,0.35,10.0,0.5,13.0,0.51,15.0,0.01,0.01,44.090341,1776220864000
1776220866.015,66.015,0.5,13.0,0.49,15.0,0.51,28.12,0.65,10.0,0.49,28.12,0.35,10.0,0.5,13.0,0.51,15.0,0.01,0.01,44.092662,1776220865000
1776220866.996,66.996,0.5,13.0,0.49,15.0,0.51,28.12,0.65,10.0,0.49,28.12,0.35,10.0,0.5,13.0,0.51,15.0,0.01,0.01,44.092998,1776220866000
1776220868.107,68.107,0.5,13.0,0.49,15.0,0.51,28.12,0.65,10.0,0.49,28.12,0.35,10.0,0.5,13.0,0.51,15.0,0.01,0.01,44.094223,1776220867000
1776220869.124,69.124,0.5,13.0,0.49,15.0,0.51,28.12,0.65,10.0,0.49,28.12,0.35,10.0,0.5,13.0,0.51,15.0,0.01,0.01,44.102407,1776220868000
1776220870.253,70.253,0.5,13.0,0.49,15.0,0.51,28.12,0.65,10.0,0.49,28.12,0.35,10.0,0.5,13.0,0.51,15.0,0.01,0.01,44.102422,1776220869000
1776220871.096,71.096,0.5,41.0,0.49,15.0,0.51,23.02,0.76,15.0,0.49,28.12,0.35,10.0,0.5,13.0,0.51,15.0,0.01,0.01,44.102422,1776220869000
1776220871.311,71.311,0.5,41.0,0.49,15.0,0.51,23.02,0.76,15.0,0.49,23.02,0.24,15.0,0.5,41.0,0.51,15.0,0.01,0.01,44.103421,1776220870000
1776220872.288,72.288,0.5,41.0,0.49,15.0,0.51,23.02,0.76,15.0,0.49,23.02,0.24,15.0,0.5,41.0,0.51,15.0,0.01,0.01,44.105289,1776220871000
1776220873.311,73.311,0.5,41.0,0.49,15.0,0.51,23.02,0.76,15.0,0.49,23.02,0.24,15.0,0.5,41.0,0.51,15.0,0.01,0.01,44.106028,1776220872000
1776220874.358,74.358,0.5,41.0,0.49,15.0,0.51,23.02,0.76,15.0,0.49,23.02,0.24,15.0,0.5,41.0,0.51,15.0,0.01,0.01,44.106028,1776220873000
1776220875.006,75.006,0.5,41.0,0.49,15.0,0.51,23.02,0.76,15.0,0.49,23.02,0.24,15.0,0.5,41.0,0.51,15.0,0.01,0.01,44.106475,1776220874000
1776220876.158,76.158,0.5,71.0,0.49,15.0,0.74,15.0,0.75,15.0,0.26,15.0,0.25,15.0,0.5,71.0,0.51,15.0,0.24,0.24,44.107822,1776220875000
1776220877.137,77.137,0.5,71.0,0.49,15.0,0.74,15.0,0.75,15.0,0.26,15.0,0.25,15.0,0.5,71.0,0.51,15.0,0.24,0.24,44.108148,1776220876000
1776220878.302,78.302,0.5,71.0,0.49,15.0,0.74,15.0,0.75,15.0,0.26,15.0,0.25,15.0,0.5,71.0,0.51,15.0,0.24,0.24,44.108227,1776220877000
1776220878.913,78.913,0.5,71.0,0.49,15.0,0.74,15.0,0.75,15.0,0.26,15.0,0.25,15.0,0.5,71.0,0.51,15.0,0.24,0.24,44.109532,1776220878000
1776220880.105,80.105,0.5,71.0,0.49,15.0,0.74,15.0,0.75,15.0,0.26,15.0,0.25,15.0,0.5,71.0,0.51,15.0,0.24,0.24,44.110363,1776220879000
1776220881.16,81.16,0.5,71.0,0.49,15.0,0.74,15.0,0.75,15.0,0.26,15.0,0.25,15.0,0.5,71.0,0.51,15.0,0.24,0.24,44.111495,1776220880000
1776220882.133,82.133,0.65,15.0,0.64,15.0,0.8,0.66,0.81,15.0,0.26,15.0,0.25,15.0,0.5,71.0,0.51,15.0,0.15,0.24,44.111495,1776220880000
1776220883.438,83.438,0.65,15.0,0.64,15.0,0.8,0.66,0.81,15.0,0.2,0.66,0.19,15.0,0.35,15.0,0.36,15.0,0.15,0.15,44.114326,1776220882000
1776220884.015,84.015,0.65,15.0,0.64,15.0,0.8,0.66,0.81,15.0,0.2,0.66,0.19,15.0,0.35,15.0,0.36,15.0,0.15,0.15,44.114878,1776220883000
1776220885.205,85.205,0.65,15.0,0.64,15.0,0.8,0.66,0.81,15.0,0.2,0.66,0.19,15.0,0.35,15.0,0.36,15.0,0.15,0.15,44.116247,1776220884000
1776220886.366,86.366,0.65,15.0,0.64,15.0,0.8,0.66,0.81,15.0,0.2,0.66,0.19,15.0,0.35,15.0,0.36,15.0,0.15,0.15,44.116226,1776220885000
1776220886.863,86.863,0.65,15.0,0.64,15.0,0.8,0.66,0.81,15.0,0.2,0.66,0.19,15.0,0.35,15.0,0.36,15.0,0.15,0.15,44.118377,1776220886000
1776220888.014,88.014,0.65,15.0,0.64,15.0,0.8,0.66,0.81,15.0,0.2,0.66,0.19,15.0,0.35,15.0,0.36,15.0,0.15,0.15,44.12171,1776220887000
1776220889.13,89.13,0.65,15.0,0.64,15.0,0.8,0.66,0.81,15.0,0.2,0.66,0.19,15.0,0.35,15.0,0.36,15.0,0.15,0.15,44.122153,1776220888000
1776220890.366,90.366,0.65,15.0,0.64,15.0,0.8,0.66,0.81,15.0,0.2,0.66,0.19,15.0,0.35,15.0,0.36,15.0,0.15,0.15,44.122428,1776220889000
1776220890.94,90.94,0.65,15.0,0.64,15.0,0.8,0.66,0.81,15.0,0.2,0.66,0.19,15.0,0.35,15.0,0.36,15.0,0.15,0.15,44.12243,1776220890000
1776220892.311,92.311,0.65,15.0,0.64,15.0,0.8,0.66,0.81,15.0,0.2,0.66,0.19,15.0,0.35,15.0,0.36,15.0,0.15,0.15,44.122194,1776220891000
1776220893.108,93.108,0.65,15.0,0.64,15.0,0.8,0.66,0.81,15.0,0.2,0.66,0.19,15.0,0.35,15.0,0.36,15.0,0.15,0.15,44.122194,1776220892000
1776220894.213,94.213,0.65,15.0,0.64,15.0,0.8,0.66,0.81,15.0,0.2,0.66,0.19,15.0,0.35,15.0,0.36,15.0,0.15,0.15,44.12197,1776220893000
1776220895.258,95.258,0.65,15.0,0.64,15.0,0.8,0.66,0.81,15.0,0.2,0.66,0.19,15.0,0.35,15.0,0.36,15.0,0.15,0.15,44.12197,1776220894000
1776220896.35,96.35,0.65,15.0,0.64,15.0,0.8,0.66,0.81,15.0,0.2,0.66,0.19,15.0,0.35,15.0,0.36,15.0,0.15,0.15,44.121897,1776220895000
1776220897.458,97.458,0.65,15.0,0.64,15.0,0.8,0.66,0.81,15.0,0.2,0.66,0.19,15.0,0.35,15.0,0.36,15.0,0.15,0.15,44.121938,1776220896000
1776220897.998,97.998,0.65,15.0,0.64,15.0,0.8,0.66,0.81,15.0,0.2,0.66,0.19,15.0,0.35,15.0,0.36,15.0,0.15,0.15,44.121899,1776220897000
1776220899.095,99.095,0.65,15.0,0.64,15.0,0.8,0.66,0.81,15.0,0.2,0.66,0.19,15.0,0.35,15.0,0.36,15.0,0.15,0.15,44.124546,1776220898000
1776220900.267,100.267,0.65,15.0,0.64,15.0,0.8,0.66,0.81,15.0,0.2,0.66,0.19,15.0,0.35,15.0,0.36,15.0,0.15,0.15,44.130404,1776220899000
1776220901.337,101.337,0.65,15.0,0.64,15.0,0.8,0.66,0.81,15.0,0.2,0.66,0.19,15.0,0.35,15.0,0.36,15.0,0.15,0.15,44.130235,1776220900000
1776220902.457,102.457,0.65,15.0,0.64,15.0,0.8,0.66,0.81,15.0,0.2,0.66,0.19,15.0,0.35,15.0,0.36,15.0,0.15,0.15,44.129972,1776220901000
1776220902.894,102.894,0.65,15.0,0.64,15.0,0.8,0.66,0.81,15.0,0.2,0.66,0.19,15.0,0.35,15.0,0.36,15.0,0.15,0.15,44.129867,1776220902000
1776220904.096,104.096,0.65,15.0,0.64,15.0,0.8,0.66,0.81,15.0,0.2,0.66,0.19,15.0,0.35,15.0,0.36,15.0,0.15,0.15,44.127174,1776220903000
1776220905.223,105.223,0.65,15.0,0.64,15.0,0.8,0.66,0.81,15.0,0.2,0.66,0.19,15.0,0.35,15.0,0.36,15.0,0.15,0.15,44.127467,1776220904000
1776220906.282,106.282,0.65,15.0,0.64,15.0,0.8,0.66,0.81,15.0,0.2,0.66,0.19,15.0,0.35,15.0,0.36,15.0,0.15,0.15,44.113446,1776220905000
1776220907.175,107.175,0.65,15.0,0.64,15.0,0.8,0.66,0.81,15.0,0.2,0.66,0.19,15.0,0.35,15.0,0.36,15.0,0.15,0.15,44.110811,1776220906000
1776220908.337,108.337,0.65,15.0,0.64,15.0,0.8,0.66,0.81,15.0,0.2,0.66,0.19,15.0,0.35,15.0,0.36,15.0,0.15,0.15,44.111006,1776220907000
1776220909.265,109.265,0.65,15.0,0.64,15.0,0.8,0.66,0.81,15.0,0.2,0.66,0.19,15.0,0.35,15.0,0.36,15.0,0.15,0.15,44.110658,1776220908000
1776220910.395,110.395,0.65,15.0,0.64,15.0,0.8,0.66,0.81,15.0,0.2,0.66,0.19,15.0,0.35,15.0,0.36,15.0,0.15,0.15,44.110837,1776220909000
1776220910.949,110.949,0.65,15.0,0.64,15.0,0.8,0.66,0.81,15.0,0.2,0.66,0.19,15.0,0.35,15.0,0.36,15.0,0.15,0.15,44.110653,1776220910000
1776220911.993,111.993,0.65,15.0,0.64,15.0,0.8,0.66,0.81,15.0,0.2,0.66,0.19,15.0,0.35,15.0,0.36,15.0,0.15,0.15,44.110491,1776220911000
1776220913.107,113.107,0.65,15.0,0.64,15.0,0.8,0.66,0.81,15.0,0.2,0.66,0.19,15.0,0.35,15.0,0.36,15.0,0.15,0.15,44.111113,1776220912000
1776220914.239,114.239,0.65,15.0,0.64,15.0,0.8,0.66,0.81,15.0,0.2,0.66,0.19,15.0,0.35,15.0,0.36,15.0,0.15,0.15,44.110218,1776220913000
1776220915.305,115.305,0.65,15.0,0.64,15.0,0.8,0.66,0.81,15.0,0.2,0.66,0.19,15.0,0.35,15.0,0.36,15.0,0.15,0.15,44.110873,1776220914000
1776220916.31,116.31,0.65,15.0,0.64,15.0,0.8,0.66,0.81,15.0,0.2,0.66,0.19,15.0,0.35,15.0,0.36,15.0,0.15,0.15,44.1105,1776220915000
1776220916.881,116.881,0.65,15.0,0.64,15.0,0.8,0.66,0.81,15.0,0.2,0.66,0.19,15.0,0.35,15.0,0.36,15.0,0.15,0.15,44.110621,1776220916000
1776220917.997,117.997,0.65,15.0,0.64,15.0,0.8,0.66,0.81,15.0,0.2,0.66,0.19,15.0,0.35,15.0,0.36,15.0,0.15,0.15,44.11037,1776220917000
1776220919.046,119.046,0.65,15.0,0.64,15.0,0.8,0.66,0.81,15.0,0.2,0.66,0.19,15.0,0.35,15.0,0.36,15.0,0.15,0.15,44.11037,1776220918000
1776220920.006,120.006,0.65,15.0,0.64,15.0,0.8,0.66,0.81,15.0,0.2,0.66,0.19,15.0,0.35,15.0,0.36,15.0,0.15,0.15,44.11056,1776220919000
1776220920.395,120.395,0.75,26.0,0.74,15.0,0.76,0.6,0.9,15.0,0.24,5.67,0.1,15.0,0.25,26.0,0.27,15.0,0.01,0.01,44.11056,1776220919000
1776220921.333,121.333,0.75,26.0,0.74,15.0,0.76,0.6,0.9,15.0,0.24,0.6,0.1,15.0,0.25,26.0,0.26,15.0,0.01,0.01,44.118758,1776220920000
1776220922.065,122.065,0.75,26.0,0.74,15.0,0.76,0.6,0.9,15.0,0.24,0.6,0.1,15.0,0.25,26.0,0.26,15.0,0.01,0.01,44.122037,1776220921000
1776220923.132,123.132,0.75,26.0,0.74,15.0,0.76,0.6,0.9,15.0,0.24,0.6,0.1,15.0,0.25,26.0,0.26,15.0,0.01,0.01,44.140183,1776220922000
1776220924.231,124.231,0.75,26.0,0.74,15.0,0.76,0.6,0.9,15.0,0.24,0.6,0.1,15.0,0.25,26.0,0.26,15.0,0.01,0.01,44.140753,1776220923000
1776220924.857,124.857,0.79,7.4,0.75,41.0,0.9,15.0,0.91,15.0,0.24,0.6,0.1,15.0,0.25,26.0,0.26,15.0,0.11,0.01,44.140753,1776220923000
1776220925.383,125.383,0.79,7.4,0.75,41.0,0.9,15.0,0.91,15.0,0.1,15.0,0.09,15.0,0.21,7.4,0.25,41.0,0.11,0.11,44.14281,1776220924000
1776220926.208,126.208,0.79,7.4,0.75,41.0,0.9,15.0,0.91,15.0,0.1,15.0,0.09,15.0,0.21,7.4,0.25,41.0,0.11,0.11,44.14281,1776220925000
1776220927.473,127.473,0.79,7.4,0.75,41.0,0.9,15.0,0.91,15.0,0.1,15.0,0.09,15.0,0.21,7.4,0.25,41.0,0.11,0.11,44.145754,1776220926000
1776220928.194,128.194,0.79,7.4,0.75,41.0,0.9,15.0,0.91,15.0,0.1,15.0,0.09,15.0,0.21,7.4,0.25,41.0,0.11,0.11,44.148644,1776220927000
1776220929.553,129.553,0.79,7.4,0.75,41.0,0.9,15.0,0.91,15.0,0.1,15.0,0.09,15.0,0.21,7.4,0.25,41.0,0.11,0.11,44.149703,1776220928000
1776220930.201,130.201,0.79,7.4,0.75,41.0,0.9,15.0,0.91,15.0,0.1,15.0,0.09,15.0,0.21,7.4,0.25,41.0,0.11,0.11,44.154572,1776220929000
1776220930.857,130.857,0.86,15.0,0.85,15.0,0.95,10.0,0.96,20.0,0.1,15.0,0.09,15.0,0.21,7.4,0.25,41.0,0.09,0.11,44.154572,1776220929000
1776220933.906,133.906,0.86,15.0,0.85,15.0,0.95,10.0,0.96,20.0,0.05,10.0,0.04,20.0,0.14,15.0,0.15,15.0,0.09,0.09,44.163784,1776220932000
1776220934.506,134.506,0.86,15.0,0.85,15.0,0.95,10.0,0.96,20.0,0.05,10.0,0.04,20.0,0.14,15.0,0.15,15.0,0.09,0.09,44.160489,1776220933000
1776220935.026,135.026,0.86,15.0,0.85,15.0,0.95,10.0,0.96,20.0,0.05,10.0,0.04,20.0,0.14,15.0,0.15,15.0,0.09,0.09,44.158581,1776220934000
1776220935.99,135.99,0.86,15.0,0.85,15.0,0.95,10.0,0.96,20.0,0.05,10.0,0.04,20.0,0.14,15.0,0.15,15.0,0.09,0.09,44.160433,1776220935000
1776220937.135,137.135,0.86,15.0,0.85,15.0,0.95,10.0,0.96,20.0,0.05,10.0,0.04,20.0,0.14,15.0,0.15,15.0,0.09,0.09,44.161452,1776220936000
1776220938.093,138.093,0.86,15.0,0.85,15.0,0.95,10.0,0.96,20.0,0.05,10.0,0.04,20.0,0.14,15.0,0.15,15.0,0.09,0.09,44.16155,1776220937000
1776220939.233,139.233,0.86,15.0,0.85,15.0,0.95,10.0,0.96,20.0,0.05,10.0,0.04,20.0,0.14,15.0,0.15,15.0,0.09,0.09,44.165724,1776220938000
1776220940.24,140.24,0.86,15.0,0.85,15.0,0.95,10.0,0.96,20.0,0.05,10.0,0.04,20.0,0.14,15.0,0.15,15.0,0.09,0.09,44.166677,1776220939000
1776220941.244,141.244,0.86,15.0,0.85,15.0,0.95,10.0,0.96,20.0,0.05,10.0,0.04,20.0,0.14,15.0,0.15,15.0,0.09,0.09,44.166998,1776220940000
1776220941.527,141.527,0.92,15.0,0.91,15.0,0.96,20.0,0.97,115.0,0.05,10.0,0.04,20.0,0.14,15.0,0.15,15.0,0.04,0.09,44.166998,1776220940000
1776220942.299,142.299,0.92,15.0,0.91,15.0,0.96,20.0,0.97,115.0,0.04,20.0,0.03,115.0,0.08,15.0,0.09,15.0,0.04,0.04,44.168756,1776220941000
1776220943.389,143.389,0.92,15.0,0.91,15.0,0.96,20.0,0.97,115.0,0.04,20.0,0.03,115.0,0.08,15.0,0.09,15.0,0.04,0.04,44.171282,1776220942000
1776220943.905,143.905,0.92,15.0,0.91,15.0,0.96,20.0,0.97,115.0,0.04,20.0,0.03,115.0,0.08,15.0,0.09,15.0,0.04,0.04,44.171505,1776220943000
1776220944.973,144.973,0.92,15.0,0.91,15.0,0.96,20.0,0.97,115.0,0.04,20.0,0.03,115.0,0.08,15.0,0.09,15.0,0.04,0.04,44.171832,1776220944000
1776220946.11,146.11,0.92,15.0,0.91,15.0,0.96,20.0,0.97,115.0,0.04,20.0,0.03,115.0,0.08,15.0,0.09,15.0,0.04,0.04,44.171648,1776220945000
1776220947.586,147.586,0.92,15.0,0.91,15.0,0.96,20.0,0.97,115.0,0.04,20.0,0.03,115.0,0.08,15.0,0.09,15.0,0.04,0.04,44.168159,1776220946000
1776220948.135,148.135,0.92,15.0,0.91,15.0,0.96,20.0,0.97,115.0,0.04,20.0,0.03,115.0,0.08,15.0,0.09,15.0,0.04,0.04,44.168121,1776220947000
1776220949.06,149.06,0.92,15.0,0.91,15.0,0.96,20.0,0.97,115.0,0.04,20.0,0.03,115.0,0.08,15.0,0.09,15.0,0.04,0.04,44.168243,1776220948000
1776220950.098,150.098,0.92,15.0,0.91,15.0,0.96,20.0,0.97,115.0,0.04,20.0,0.03,115.0,0.08,15.0,0.09,15.0,0.04,0.04,44.168477,1776220949000
1776220951.12,151.12,0.92,15.0,0.91,15.0,0.96,20.0,0.97,115.0,0.04,20.0,0.03,115.0,0.08,15.0,0.09,15.0,0.04,0.04,44.166644,1776220950000
1776220952.189,152.189,0.92,15.0,0.91,15.0,0.96,20.0,0.97,115.0,0.04,20.0,0.03,115.0,0.08,15.0,0.09,15.0,0.04,0.04,44.166585,1776220951000
1776220953.186,153.186,0.92,15.0,0.91,15.0,0.96,20.0,0.97,115.0,0.04,20.0,0.03,115.0,0.08,15.0,0.09,15.0,0.04,0.04,44.166102,1776220952000
1776220954.257,154.257,0.92,15.0,0.91,15.0,0.96,20.0,0.97,115.0,0.04,20.0,0.03,115.0,0.08,15.0,0.09,15.0,0.04,0.04,44.165236,1776220953000
1776220955.366,155.366,0.92,15.0,0.91,15.0,0.96,20.0,0.97,115.0,0.04,20.0,0.03,115.0,0.08,15.0,0.09,15.0,0.04,0.04,44.165152,1776220954000
1776220955.974,155.974,0.92,15.0,0.91,15.0,0.96,20.0,0.97,115.0,0.04,20.0,0.03,115.0,0.08,15.0,0.09,15.0,0.04,0.04,44.165091,1776220955000
1776220956.919,156.919,0.92,15.0,0.91,15.0,0.96,20.0,0.97,115.0,0.04,20.0,0.03,115.0,0.08,15.0,0.09,15.0,0.04,0.04,44.166214,1776220956000
1776220958.112,158.112,0.92,15.0,0.91,15.0,0.96,20.0,0.97,115.0,0.04,20.0,0.03,115.0,0.08,15.0,0.09,15.0,0.04,0.04,44.156869,1776220957000
1776220959.144,159.144,0.92,15.0,0.91,15.0,0.96,20.0,0.97,115.0,0.04,20.0,0.03,115.0,0.08,15.0,0.09,15.0,0.04,0.04,44.151039,1776220958000
1776220960.188,160.188,0.92,15.0,0.91,15.0,0.96,20.0,0.97,115.0,0.04,20.0,0.03,115.0,0.08,15.0,0.09,15.0,0.04,0.04,44.151569,1776220959000
1776220961.354,161.354,0.92,15.0,0.91,15.0,0.96,20.0,0.97,115.0,0.04,20.0,0.03,115.0,0.08,15.0,0.09,15.0,0.04,0.04,44.15447,1776220960000
1776220961.864,161.864,0.92,15.0,0.91,15.0,0.96,20.0,0.97,115.0,0.04,20.0,0.03,115.0,0.08,15.0,0.09,15.0,0.04,0.04,44.153397,1776220961000
1776220962.873,162.873,0.92,15.0,0.91,15.0,0.96,20.0,0.97,115.0,0.04,20.0,0.03,115.0,0.08,15.0,0.09,15.0,0.04,0.04,44.152672,1776220962000
1776220963.902,163.902,0.92,15.0,0.91,15.0,0.96,20.0,0.97,115.0,0.04,20.0,0.03,115.0,0.08,15.0,0.09,15.0,0.04,0.04,44.14796,1776220963000
1776220964.838,164.838,0.92,15.0,0.91,15.0,0.96,20.0,0.97,115.0,0.04,20.0,0.03,115.0,0.08,15.0,0.09,15.0,0.04,0.04,44.13049,1776220964000
1776220965.887,165.887,0.92,15.0,0.91,15.0,0.96,20.0,0.97,115.0,0.04,20.0,0.03,115.0,0.08,15.0,0.09,15.0,0.04,0.04,44.129095,1776220965000
1776220966.837,166.837,0.92,15.0,0.91,15.0,0.96,20.0,0.97,115.0,0.04,20.0,0.03,115.0,0.08,15.0,0.09,15.0,0.04,0.04,44.1289,1776220966000
1776220968.286,168.286,0.92,15.0,0.91,15.0,0.96,20.0,0.97,115.0,0.04,20.0,0.03,115.0,0.08,15.0,0.09,15.0,0.04,0.04,44.136285,1776220967000
1776220969.276,169.276,0.92,15.0,0.91,15.0,0.96,20.0,0.97,115.0,0.04,20.0,0.03,115.0,0.08,15.0,0.09,15.0,0.04,0.04,44.141979,1776220968000
1776220970.246,170.246,0.92,15.0,0.91,15.0,0.96,20.0,0.97,115.0,0.04,20.0,0.03,115.0,0.08,15.0,0.09,15.0,0.04,0.04,44.148498,1776220969000
1776220970.743,170.743,0.87,42.0,0.86,15.0,0.89,4.0,0.96,5.0,0.04,20.0,0.03,115.0,0.08,15.0,0.09,15.0,0.02,0.04,44.148498,1776220969000
1776220971.29,171.29,0.87,42.0,0.86,15.0,0.89,4.0,0.96,5.0,0.11,4.0,0.04,5.0,0.13,42.0,0.14,15.0,0.02,0.02,44.159058,1776220970000
1776220972.287,172.287,0.87,42.0,0.86,15.0,0.89,4.0,0.96,5.0,0.11,4.0,0.04,5.0,0.13,42.0,0.14,15.0,0.02,0.02,44.165424,1776220971000
1776220973.352,173.352,0.87,42.0,0.86,15.0,0.89,4.0,0.96,5.0,0.11,4.0,0.04,5.0,0.13,42.0,0.14,15.0,0.02,0.02,44.169516,1776220972000
1776220974.234,174.234,0.87,42.0,0.86,15.0,0.89,4.0,0.96,5.0,0.11,4.0,0.04,5.0,0.13,42.0,0.14,15.0,0.02,0.02,44.172301,1776220973000
1776220975.213,175.213,0.87,42.0,0.86,15.0,0.89,4.0,0.96,5.0,0.11,4.0,0.04,5.0,0.13,42.0,0.14,15.0,0.02,0.02,44.15845,1776220974000
1776220976.343,176.343,0.87,42.0,0.86,15.0,0.89,4.0,0.96,5.0,0.11,4.0,0.04,5.0,0.13,42.0,0.14,15.0,0.02,0.02,44.152153,1776220975000
1776220976.819,176.819,0.87,42.0,0.86,15.0,0.89,4.0,0.96,5.0,0.11,4.0,0.04,5.0,0.13,42.0,0.14,15.0,0.02,0.02,44.146378,1776220976000
1776220977.953,177.953,0.87,42.0,0.86,15.0,0.89,4.0,0.96,5.0,0.11,4.0,0.04,5.0,0.13,42.0,0.14,15.0,0.02,0.02,44.149124,1776220977000
1776220978.966,178.966,0.87,42.0,0.86,15.0,0.89,4.0,0.96,5.0,0.11,4.0,0.04,5.0,0.13,42.0,0.14,15.0,0.02,0.02,44.144642,1776220978000
1776220980.013,180.013,0.87,42.0,0.86,15.0,0.89,4.0,0.96,5.0,0.11,4.0,0.04,5.0,0.13,42.0,0.14,15.0,0.02,0.02,44.138436,1776220979000
1776220981.007,181.007,0.87,42.0,0.86,15.0,0.89,4.0,0.96,5.0,0.11,4.0,0.04,5.0,0.13,42.0,0.14,15.0,0.02,0.02,44.144849,1776220980000
1776220982.03,182.03,0.87,42.0,0.86,15.0,0.89,4.0,0.96,5.0,0.11,4.0,0.04,5.0,0.13,42.0,0.14,15.0,0.02,0.02,44.146189,1776220981000
1776220982.982,182.982,0.87,42.0,0.86,15.0,0.89,4.0,0.96,5.0,0.11,4.0,0.04,5.0,0.13,42.0,0.14,15.0,0.02,0.02,44.148078,1776220982000
1776220984.085,184.085,0.87,42.0,0.86,15.0,0.89,4.0,0.96,5.0,0.11,4.0,0.04,5.0,0.13,42.0,0.14,15.0,0.02,0.02,44.149672,1776220983000
1776220985.076,185.076,0.87,42.0,0.86,15.0,0.89,4.0,0.96,5.0,0.11,4.0,0.04,5.0,0.13,42.0,0.14,15.0,0.02,0.02,44.150461,1776220984000
1776220986.209,186.209,0.87,42.0,0.86,15.0,0.89,4.0,0.96,5.0,0.11,4.0,0.04,5.0,0.13,42.0,0.14,15.0,0.02,0.02,44.152618,1776220985000
1776220987.684,187.684,0.87,42.0,0.86,15.0,0.89,4.0,0.96,5.0,0.11,4.0,0.04,5.0,0.13,42.0,0.14,15.0,0.02,0.02,44.156156,1776220986000
1776220988.232,188.232,0.87,42.0,0.86,15.0,0.89,4.0,0.96,5.0,0.11,4.0,0.04,5.0,0.13,42.0,0.14,15.0,0.02,0.02,44.156197,1776220987000
1776220989.339,189.339,0.87,42.0,0.86,15.0,0.89,4.0,0.96,5.0,0.11,4.0,0.04,5.0,0.13,42.0,0.14,15.0,0.02,0.02,44.165332,1776220988000
1776220989.901,189.901,0.87,42.0,0.86,15.0,0.89,4.0,0.96,5.0,0.11,4.0,0.04,5.0,0.13,42.0,0.14,15.0,0.02,0.02,44.16965,1776220989000
1776220991.088,191.088,0.87,42.0,0.86,15.0,0.89,4.0,0.96,5.0,0.11,4.0,0.04,5.0,0.13,42.0,0.14,15.0,0.02,0.02,44.170633,1776220990000
1776220992.328,192.328,0.87,42.0,0.86,15.0,0.89,4.0,0.96,5.0,0.11,4.0,0.04,5.0,0.13,42.0,0.14,15.0,0.02,0.02,44.174109,1776220991000
1776220993.595,193.595,0.87,42.0,0.86,15.0,0.89,4.0,0.96,5.0,0.11,4.0,0.04,5.0,0.13,42.0,0.14,15.0,0.02,0.02,44.174153,1776220992000
1776220994.138,194.138,0.87,42.0,0.86,15.0,0.89,4.0,0.96,5.0,0.11,4.0,0.04,5.0,0.13,42.0,0.14,15.0,0.02,0.02,44.174352,1776220993000
1776220995.251,195.251,0.87,42.0,0.86,15.0,0.89,4.0,0.96,5.0,0.11,4.0,0.04,5.0,0.13,42.0,0.14,15.0,0.02,0.02,44.174352,1776220994000
1776220996.353,196.353,0.87,42.0,0.86,15.0,0.89,4.0,0.96,5.0,0.11,4.0,0.04,5.0,0.13,42.0,0.14,15.0,0.02,0.02,44.174487,1776220995000
1776220996.936,196.936,0.87,42.0,0.86,15.0,0.89,4.0,0.96,5.0,0.11,4.0,0.04,5.0,0.13,42.0,0.14,15.0,0.02,0.02,44.174488,1776220996000
1776220998.108,198.108,0.87,42.0,0.86,15.0,0.89,4.0,0.96,5.0,0.11,4.0,0.04,5.0,0.13,42.0,0.14,15.0,0.02,0.02,44.174675,1776220997000
1776220999.275,199.275,0.87,42.0,0.86,15.0,0.89,4.0,0.96,5.0,0.11,4.0,0.04,5.0,0.13,42.0,0.14,15.0,0.02,0.02,44.174027,1776220998000
1776221000.358,200.358,0.87,42.0,0.86,15.0,0.89,4.0,0.96,5.0,0.11,4.0,0.04,5.0,0.13,42.0,0.14,15.0,0.02,0.02,44.174992,1776220999000
1776221000.909,200.909,0.87,42.0,0.86,15.0,0.89,4.0,0.96,5.0,0.11,4.0,0.04,5.0,0.13,42.0,0.14,15.0,0.02,0.02,44.175199,1776221000000
1776221003.094,203.094,0.87,42.0,0.86,15.0,0.89,4.0,0.96,5.0,0.11,4.0,0.04,5.0,0.13,42.0,0.14,15.0,0.02,0.02,44.174988,1776221002000
1776221004.279,204.279,0.87,42.0,0.86,15.0,0.89,4.0,0.96,5.0,0.11,4.0,0.04,5.0,0.13,42.0,0.14,15.0,0.02,0.02,44.170155,1776221003000
1776221005.628,205.628,0.87,42.0,0.86,15.0,0.89,4.0,0.96,5.0,0.11,4.0,0.04,5.0,0.13,42.0,0.14,15.0,0.02,0.02,44.170059,1776221004000
1776221006.285,206.285,0.87,42.0,0.86,15.0,0.89,4.0,0.96,5.0,0.11,4.0,0.04,5.0,0.13,42.0,0.14,15.0,0.02,0.02,44.170047,1776221005000
1776221007.066,207.066,0.87,42.0,0.86,15.0,0.89,4.0,0.96,5.0,0.11,4.0,0.04,5.0,0.13,42.0,0.14,15.0,0.02,0.02,44.169655,1776221006000
1776221008.624,208.624,0.87,42.0,0.86,15.0,0.89,4.0,0.96,5.0,0.11,4.0,0.04,5.0,0.13,42.0,0.14,15.0,0.02,0.02,44.169377,1776221007000
1776221009.218,209.218,0.87,42.0,0.86,15.0,0.89,4.0,0.96,5.0,0.11,4.0,0.04,5.0,0.13,42.0,0.14,15.0,0.02,0.02,44.170738,1776221008000
1776221010.592,210.592,0.87,42.0,0.86,15.0,0.89,4.0,0.96,5.0,0.11,4.0,0.04,5.0,0.13,42.0,0.14,15.0,0.02,0.02,44.17083,1776221009000
1776221011.367,211.367,0.87,42.0,0.86,15.0,0.89,4.0,0.96,5.0,0.11,4.0,0.04,5.0,0.13,42.0,0.14,15.0,0.02,0.02,44.17083,1776221010000
1776221012.068,212.068,0.87,42.0,0.86,15.0,0.89,4.0,0.96,5.0,0.11,4.0,0.04,5.0,0.13,42.0,0.14,15.0,0.02,0.02,44.170867,1776221011000
1776221013.498,213.498,0.87,42.0,0.86,15.0,0.89,4.0,0.96,5.0,0.11,4.0,0.04,5.0,0.13,42.0,0.14,15.0,0.02,0.02,44.170627,1776221012000
1776221014.162,214.162,0.87,42.0,0.86,15.0,0.89,4.0,0.96,5.0,0.11,4.0,0.04,5.0,0.13,42.0,0.14,15.0,0.02,0.02,44.170522,1776221013000
1776221015.499,215.499,0.87,42.0,0.86,15.0,0.89,4.0,0.96,5.0,0.11,4.0,0.04,5.0,0.13,42.0,0.14,15.0,0.02,0.02,44.169975,1776221014000
1776221016.151,216.151,0.87,42.0,0.86,15.0,0.89,4.0,0.96,5.0,0.11,4.0,0.04,5.0,0.13,42.0,0.14,15.0,0.02,0.02,44.169988,1776221015000
1776221017.487,217.487,0.87,42.0,0.86,15.0,0.89,4.0,0.96,5.0,0.11,4.0,0.04,5.0,0.13,42.0,0.14,15.0,0.02,0.02,44.170017,1776221016000
1776221018.21,218.21,0.87,42.0,0.86,15.0,0.89,4.0,0.96,5.0,0.11,4.0,0.04,5.0,0.13,42.0,0.14,15.0,0.02,0.02,44.171071,1776221017000
1776221019.508,219.508,0.87,42.0,0.86,15.0,0.89,4.0,0.96,5.0,0.11,4.0,0.04,5.0,0.13,42.0,0.14,15.0,0.02,0.02,44.171593,1776221018000
1776221020.416,220.416,0.87,42.0,0.86,15.0,0.89,4.0,0.96,5.0,0.11,4.0,0.04,5.0,0.13,42.0,0.14,15.0,0.02,0.02,44.172218,1776221019000
1776221020.883,220.883,0.87,42.0,0.86,15.0,0.89,4.0,0.96,5.0,0.11,4.0,0.04,5.0,0.13,42.0,0.14,15.0,0.02,0.02,44.171904,1776221020000
1776221021.894,221.894,0.87,42.0,0.86,15.0,0.89,4.0,0.96,5.0,0.11,4.0,0.04,5.0,0.13,42.0,0.14,15.0,0.02,0.02,44.163739,1776221021000
1776221022.933,222.933,0.87,42.0,0.86,15.0,0.89,4.0,0.96,5.0,0.11,4.0,0.04,5.0,0.13,42.0,0.14,15.0,0.02,0.02,44.161757,1776221022000
1776221023.873,223.873,0.88,41.0,0.87,15.0,0.96,4.54,0.97,100.0,0.04,4.54,0.03,100.0,0.12,41.0,0.13,15.0,0.08,0.08,44.161578,1776221023000
1776221025.257,225.257,0.88,41.0,0.87,15.0,0.96,4.54,0.97,100.0,0.04,4.54,0.03,100.0,0.12,41.0,0.13,15.0,0.08,0.08,44.161445,1776221024000
1776221026.341,226.341,0.88,41.0,0.87,15.0,0.96,4.54,0.97,100.0,0.04,4.54,0.03,100.0,0.12,41.0,0.13,15.0,0.08,0.08,44.161032,1776221025000
1776221026.912,226.912,0.88,41.0,0.87,15.0,0.96,4.54,0.97,100.0,0.04,4.54,0.03,100.0,0.12,41.0,0.13,15.0,0.08,0.08,44.161032,1776221026000
1776221028.039,228.039,0.88,41.0,0.87,15.0,0.96,4.54,0.97,100.0,0.04,4.54,0.03,100.0,0.12,41.0,0.13,15.0,0.08,0.08,44.161923,1776221027000
1776221028.866,228.866,0.95,20.0,0.94,15.0,0.96,3.49,0.97,100.0,0.04,4.54,0.03,100.0,0.12,41.0,0.13,15.0,0.01,0.08,44.161923,1776221027000
1776221029.372,229.372,0.95,20.0,0.94,15.0,0.96,3.49,0.97,100.0,0.04,3.49,0.03,100.0,0.05,20.0,0.06,15.0,0.01,0.01,44.162693,1776221028000
1776221029.868,229.868,0.95,20.0,0.94,15.0,0.96,3.49,0.97,100.0,0.04,3.49,0.03,100.0,0.05,20.0,0.06,15.0,0.01,0.01,44.162985,1776221029000
1776221030.551,230.551,0.95,20.0,0.94,15.0,0.97,91.49,0.98,10.0,0.04,3.49,0.03,100.0,0.05,20.0,0.06,15.0,0.02,0.01,44.162985,1776221029000
1776221030.8,230.8,0.96,15.0,0.95,20.0,0.97,61.49,0.98,10.0,0.03,91.49,0.02,10.0,0.05,20.0,0.06,15.0,0.01,0.02,44.162985,1776221029000
1776221031.052,231.052,0.96,15.0,0.95,20.0,0.97,61.49,0.98,10.0,0.03,61.49,0.02,10.0,0.04,15.0,0.05,20.0,0.01,0.01,44.165947,1776221030000
1776221032.201,232.201,0.96,15.0,0.95,20.0,0.97,61.49,0.98,10.0,0.03,61.49,0.02,10.0,0.04,15.0,0.05,20.0,0.01,0.01,44.174088,1776221031000
1776221032.495,232.495,0.96,20.0,0.95,20.0,0.97,45.69,0.98,10.0,0.03,61.49,0.02,10.0,0.04,15.0,0.05,20.0,0.01,0.01,44.174088,1776221031000
1776221033.303,233.303,0.96,20.0,0.95,20.0,0.97,45.69,0.98,10.0,0.03,45.69,0.02,10.0,0.04,20.0,0.05,20.0,0.01,0.01,44.187101,1776221032000
1776221033.876,233.876,0.96,20.0,0.95,20.0,0.97,25.69,0.98,10.0,0.03,25.69,0.02,10.0,0.04,20.0,0.05,20.0,0.01,0.01,44.18715,1776221033000
1776221035.179,235.179,0.97,20.0,0.96,20.0,0.98,1.84,0.99,150.0,0.02,10.0,0.01,150.0,0.04,20.0,0.05,20.0,0.01,0.02,44.18715,1776221033000
1776221036.3,236.3,0.98,8.16,0.97,20.0,0.99,150.0,,,0.01,150.0,,,0.02,8.16,0.03,20.0,0.01,0.01,44.181094,1776221035000
1776221037.424,237.424,0.98,8.16,0.97,20.0,0.99,150.0,,,0.01,150.0,,,0.02,8.16,0.03,20.0,0.01,0.01,44.18047,1776221036000
1776221038.282,238.282,0.98,5.0,0.97,20.0,0.99,156.84,,,0.01,156.84,,,0.02,5.0,0.03,20.0,0.01,0.01,44.171936,1776221037000
1776221039.283,239.283,0.98,5.0,0.97,20.0,0.99,156.84,,,0.01,156.84,,,0.02,5.0,0.03,20.0,0.01,0.01,44.171674,1776221038000
1776221040.289,240.289,0.98,5.0,0.97,20.0,0.99,156.84,,,0.01,156.84,,,0.02,5.0,0.03,20.0,0.01,0.01,44.171661,1776221039000
1776221041.341,241.341,0.98,5.0,0.97,20.0,0.99,156.84,,,0.01,156.84,,,0.02,5.0,0.03,20.0,0.01,0.01,44.171714,1776221040000
1776221042.176,242.176,0.98,5.0,0.97,20.0,0.99,156.84,,,0.01,156.84,,,0.02,5.0,0.03,20.0,0.01,0.01,44.17228,1776221041000
1776221043.262,243.262,0.98,5.0,0.97,20.0,0.99,156.84,,,0.01,156.84,,,0.02,5.0,0.03,20.0,0.01,0.01,44.172875,1776221042000
1776221044.168,244.168,0.98,5.0,0.97,20.0,0.99,156.84,,,0.01,156.84,,,0.02,5.0,0.03,20.0,0.01,0.01,44.173554,1776221043000
1776221045.078,245.078,0.98,5.0,0.97,20.0,0.99,156.84,,,0.01,156.84,,,0.02,5.0,0.03,20.0,0.01,0.01,44.174253,1776221044000
1776221046.053,246.053,0.98,5.0,0.97,20.0,0.99,156.84,,,0.01,156.84,,,0.02,5.0,0.03,20.0,0.01,0.01,44.174657,1776221045000
1776221046.929,246.929,0.98,20.0,0.97,15.0,0.99,121.77,,,0.01,131.77,,,0.02,20.0,0.03,15.0,0.01,0.01,44.174657,1776221045000
1776221047.966,247.966,0.98,20.0,0.97,15.0,0.99,121.77,,,0.01,121.77,,,0.02,20.0,0.03,15.0,0.01,0.01,44.178299,1776221046000
1776221048.685,248.685,0.98,20.0,0.97,15.0,0.99,88.44,,,0.01,121.77,,,0.02,20.0,0.03,15.0,0.01,0.01,44.178299,1776221046000
1776221049.398,249.398,0.98,20.0,0.97,15.0,0.99,88.44,,,0.01,88.44,,,0.02,20.0,0.03,15.0,0.01,0.01,44.179094,1776221048000
1776221050.025,250.025,0.98,20.0,0.97,15.0,0.99,88.44,,,0.01,88.44,,,0.02,20.0,0.03,15.0,0.01,0.01,44.179282,1776221049000
1776221051.353,251.353,0.98,20.0,0.97,15.0,0.99,88.44,,,0.01,88.44,,,0.02,20.0,0.03,15.0,0.01,0.01,44.177043,1776221050000
1776221051.953,251.953,0.98,20.0,0.97,15.0,0.99,88.44,,,0.01,88.44,,,0.02,20.0,0.03,15.0,0.01,0.01,44.177044,1776221051000
1776221053.258,253.258,0.98,20.0,0.97,15.0,0.99,88.44,,,0.01,88.44,,,0.02,20.0,0.03,15.0,0.01,0.01,44.177758,1776221052000
1776221054.507,254.507,0.98,20.0,0.97,15.0,0.99,88.44,,,0.01,88.44,,,0.02,20.0,0.03,15.0,0.01,0.01,44.178931,1776221053000
1776221055.053,255.053,0.98,20.0,0.97,15.0,0.99,88.44,,,0.01,88.44,,,0.02,20.0,0.03,15.0,0.01,0.01,44.178931,1776221054000
1776221056.211,256.211,0.98,20.0,0.97,15.0,0.99,88.44,,,0.01,88.44,,,0.02,20.0,0.03,15.0,0.01,0.01,44.167952,1776221055000
1776221057.441,257.441,0.98,20.0,0.97,15.0,0.99,88.44,,,0.01,88.44,,,0.02,20.0,0.03,15.0,0.01,0.01,44.165793,1776221056000
1776221058.13,258.13,0.98,20.0,0.97,15.0,0.99,88.44,,,0.01,88.44,,,0.02,20.0,0.03,15.0,0.01,0.01,44.164962,1776221057000
1776221059.304,259.304,0.98,20.0,0.97,15.0,0.99,88.44,,,0.01,88.44,,,0.02,20.0,0.03,15.0,0.01,0.01,44.163072,1776221058000
1776221060.549,260.549,0.98,20.0,0.97,15.0,0.99,88.44,,,0.01,88.44,,,0.02,20.0,0.03,15.0,0.01,0.01,44.163112,1776221059000
1776221061.096,261.096,0.98,20.0,0.97,15.0,0.99,88.44,,,0.01,88.44,,,0.02,20.0,0.03,15.0,0.01,0.01,44.163112,1776221060000
1776221062.398,262.398,0.98,20.0,0.97,15.0,0.99,88.44,,,0.01,88.44,,,0.02,20.0,0.03,15.0,0.01,0.01,44.163471,1776221061000
1776221063.024,263.024,0.98,20.0,0.97,15.0,0.99,74.99,,,0.01,88.44,,,0.02,20.0,0.03,15.0,0.01,0.01,44.163471,1776221061000
1776221064.226,264.226,0.98,20.0,0.97,15.0,0.99,74.99,,,0.01,74.99,,,0.02,20.0,0.03,15.0,0.01,0.01,44.162975,1776221063000
1776221065.605,265.605,0.98,20.0,0.97,15.0,0.99,74.99,,,0.01,74.99,,,0.02,20.0,0.03,15.0,0.01,0.01,44.162734,1776221064000
1776221066.248,266.248,0.98,20.0,0.97,15.0,0.99,74.99,,,0.01,74.99,,,0.02,20.0,0.03,15.0,0.01,0.01,44.162679,1776221065000
1776221066.943,266.943,0.98,15.0,0.97,15.0,0.99,69.99,,,0.01,74.99,,,0.02,20.0,0.03,15.0,0.01,0.01,44.162679,1776221065000
1776221068.486,268.486,0.98,15.0,0.97,15.0,0.99,69.99,,,0.01,69.99,,,0.02,15.0,0.03,15.0,0.01,0.01,44.159795,1776221067000
1776221069.174,269.174,0.98,15.0,0.97,15.0,0.99,69.99,,,0.01,69.99,,,0.02,15.0,0.03,15.0,0.01,0.01,44.155658,1776221068000
1776221070.475,270.475,0.98,15.0,0.97,15.0,0.99,69.99,,,0.01,69.99,,,0.02,15.0,0.03,15.0,0.01,0.01,44.150197,1776221069000
1776221071.161,271.161,0.98,15.0,0.97,15.0,0.99,69.99,,,0.01,69.99,,,0.02,15.0,0.03,15.0,0.01,0.01,44.149537,1776221070000
1776221072.258,272.258,0.98,15.0,0.97,15.0,0.99,69.99,,,0.01,69.99,,,0.02,15.0,0.03,15.0,0.01,0.01,44.140174,1776221071000
1776221072.899,272.899,0.98,5.0,0.97,15.0,0.99,83.97,,,0.01,69.99,,,0.02,15.0,0.03,15.0,0.01,0.01,44.140174,1776221071000
1776221073.668,273.668,0.98,5.0,0.97,15.0,0.99,83.97,,,0.01,83.97,,,0.02,5.0,0.03,15.0,0.01,0.01,44.136595,1776221072000
1776221074.332,274.332,0.98,5.0,0.97,15.0,0.99,83.97,,,0.01,83.97,,,0.02,5.0,0.03,15.0,0.01,0.01,44.134617,1776221073000
1776221075.591,275.591,0.98,5.0,0.97,15.0,0.99,83.97,,,0.01,83.97,,,0.02,5.0,0.03,15.0,0.01,0.01,44.133745,1776221074000
1776221076.21,276.21,0.98,5.0,0.97,15.0,0.99,83.97,,,0.01,83.97,,,0.02,5.0,0.03,15.0,0.01,0.01,44.133844,1776221075000
1776221077.63,277.63,0.79,7.4,0.4,300.0,0.99,58.88,,,0.01,83.97,,,0.02,5.0,0.03,15.0,0.2,0.01,44.133844,1776221075000
1776221078.311,278.311,0.79,7.4,0.4,300.0,0.99,58.88,,,0.01,58.88,,,0.21,7.4,0.6,300.0,0.2,0.2,44.133428,1776221077000
1776221079.499,279.499,0.79,7.4,0.4,300.0,0.99,58.88,,,0.01,58.88,,,0.21,7.4,0.6,300.0,0.2,0.2,44.133945,1776221078000
1776221080.308,280.308,0.79,7.4,0.4,300.0,0.99,58.88,,,0.01,58.88,,,0.21,7.4,0.6,300.0,0.2,0.2,44.134717,1776221079000
1776221081.451,281.451,0.79,7.4,0.4,300.0,0.99,58.88,,,0.01,58.88,,,0.21,7.4,0.6,300.0,0.2,0.2,44.134847,1776221080000
1776221082.555,282.555,0.79,7.4,0.4,300.0,0.99,58.88,,,0.01,58.88,,,0.21,7.4,0.6,300.0,0.2,0.2,44.13484,1776221081000
1776221083.189,283.189,0.79,7.4,0.4,300.0,0.99,58.88,,,0.01,58.88,,,0.21,7.4,0.6,300.0,0.2,0.2,44.134789,1776221082000
1776221084.867,284.867,0.79,7.4,0.4,300.0,0.99,58.88,,,0.01,58.88,,,0.21,7.4,0.6,300.0,0.2,0.2,44.134833,1776221083000
1776221085.441,285.441,0.79,7.4,0.4,300.0,0.99,53.88,,,0.01,58.88,,,0.21,7.4,0.6,300.0,0.2,0.2,44.134833,1776221083000
1776221085.764,285.764,0.79,7.4,0.4,300.0,0.99,53.88,,,0.01,53.88,,,0.21,7.4,0.6,300.0,0.2,0.2,44.133527,1776221084000
1776221086.228,286.228,0.79,7.4,0.4,300.0,0.99,38.75,,,0.01,53.88,,,0.21,7.4,0.6,300.0,0.2,0.2,44.133527,1776221084000
1776221087.004,287.004,0.79,7.4,0.4,300.0,0.99,38.75,,,0.01,38.75,,,0.21,7.4,0.6,300.0,0.2,0.2,44.133685,1776221086000
1776221087.969,287.969,0.99,961.25,0.79,7.4,,,,,0.01,38.75,,,0.21,7.4,0.6,300.0,,0.2,44.133685,1776221086000
1776221088.309,288.309,0.99,961.25,0.79,7.4,,,,,,,,,0.01,961.25,0.21,7.4,,,44.136723,1776221087000
1776221088.997,288.997,0.99,961.25,0.79,7.4,,,,,,,,,0.01,961.25,0.21,7.4,,,44.136995,1776221088000
1776221090.373,290.373,0.99,961.25,0.79,7.4,,,,,,,,,0.01,961.25,0.21,7.4,,,44.142424,1776221089000
1776221091.096,291.096,0.99,961.25,0.79,7.4,,,,,,,,,0.01,961.25,0.21,7.4,,,44.145337,1776221090000
1776221091.945,291.945,0.99,976.36,0.79,7.4,,,,,,,,,0.01,961.25,0.21,7.4,,,44.145337,1776221090000
1776221092.449,292.449,0.99,976.36,0.79,7.4,,,,,,,,,0.01,976.36,0.21,7.4,,,44.149068,1776221091000
1776221093.276,293.276,0.99,976.36,0.79,7.4,,,,,,,,,0.01,976.36,0.21,7.4,,,44.149068,1776221092000
1776221094.777,294.777,0.99,976.36,0.79,7.4,,,,,,,,,0.01,976.36,0.21,7.4,,,44.149907,1776221093000
1776221095.614,295.614,0.99,976.36,0.79,7.4,,,,,,,,,0.01,976.36,0.21,7.4,,,44.149907,1776221094000
1776221096.295,296.295,0.99,976.36,0.79,7.4,,,,,,,,,0.01,976.36,0.21,7.4,,,44.149839,1776221095000
1776221097.039,297.039,0.99,976.36,0.79,7.4,,,,,,,,,0.01,976.36,0.21,7.4,,,44.149962,1776221096000
1776221098.594,298.594,0.99,976.36,0.79,7.4,,,,,,,,,0.01,976.36,0.21,7.4,,,44.151128,1776221097000
1776221099.479,299.479,0.99,976.36,0.79,7.4,,,,,,,,,0.01,976.36,0.21,7.4,,,44.15167,1776221098000
1776221100.554,300.554,0.99,976.36,0.79,7.4,,,,,,,,,0.01,976.36,0.21,7.4,,,44.15167,1776221099000

# RESULT,winner=Up,slug=hype-updown-5m-1776220800,ticks=309
