timestamp,elapsed_sec,up_bid_p1,up_bid_s1,up_bid_p2,up_bid_s2,up_bid_p3,up_bid_s3,up_bid_p4,up_bid_s4,up_bid_p5,up_bid_s5,up_ask_p1,up_ask_s1,up_ask_p2,up_ask_s2,up_ask_p3,up_ask_s3,up_ask_p4,up_ask_s4,up_ask_p5,up_ask_s5,down_bid_p1,down_bid_s1,down_bid_p2,down_bid_s2,down_bid_p3,down_bid_s3,down_bid_p4,down_bid_s4,down_bid_p5,down_bid_s5,down_ask_p1,down_ask_s1,down_ask_p2,down_ask_s2,down_ask_p3,down_ask_s3,down_ask_p4,down_ask_s4,down_ask_p5,down_ask_s5,up_spread,down_spread,hype_price,hype_oracle_ts
1776166201.013,1.013,0.41,13.0,0.4,8.0,0.39,8.0,0.38,8.0,0.37,9.0,0.59,13.0,0.6,8.0,0.61,8.0,0.62,8.0,0.63,9.0,0.41,13.0,0.4,8.0,0.39,8.0,0.38,8.0,0.37,9.0,0.59,13.0,0.6,8.0,0.61,8.0,0.62,8.0,0.63,9.0,0.18,0.18,44.856986,1776166200000
1776166202.031,2.031,0.41,13.0,0.4,8.0,0.39,8.0,0.38,8.0,0.37,9.0,0.59,13.0,0.6,8.0,0.61,8.0,0.62,8.0,0.63,9.0,0.41,13.0,0.4,8.0,0.39,8.0,0.38,8.0,0.37,9.0,0.59,13.0,0.6,8.0,0.61,8.0,0.62,8.0,0.63,9.0,0.18,0.18,44.85802,1776166201000
1776166202.975,2.975,0.41,13.0,0.4,8.0,0.39,8.0,0.38,8.0,0.37,9.0,0.59,13.0,0.6,8.0,0.61,8.0,0.62,8.0,0.63,9.0,0.41,13.0,0.4,8.0,0.39,8.0,0.38,8.0,0.37,9.0,0.59,13.0,0.6,8.0,0.61,8.0,0.62,8.0,0.63,9.0,0.18,0.18,44.858298,1776166202000
1776166204.795,4.795,0.41,13.0,0.4,8.0,0.39,8.0,0.38,8.0,0.37,9.0,0.59,13.0,0.6,8.0,0.61,8.0,0.62,8.0,0.63,9.0,0.41,13.0,0.4,8.0,0.39,8.0,0.38,8.0,0.37,9.0,0.59,13.0,0.6,8.0,0.61,8.0,0.62,8.0,0.63,9.0,0.18,0.18,44.846871,1776166203000
1776166205.326,5.326,0.41,13.0,0.4,8.0,0.39,8.0,0.38,8.0,0.37,9.0,0.59,13.0,0.6,8.0,0.61,8.0,0.62,8.0,0.63,9.0,0.41,13.0,0.4,8.0,0.39,8.0,0.38,8.0,0.37,9.0,0.59,13.0,0.6,8.0,0.61,8.0,0.62,8.0,0.63,9.0,0.18,0.18,44.84049,1776166204000
1776166205.979,5.979,0.41,13.0,0.4,8.0,0.39,8.0,0.38,8.0,0.37,9.0,0.59,13.0,0.6,8.0,0.61,8.0,0.62,8.0,0.63,9.0,0.41,13.0,0.4,8.0,0.39,8.0,0.38,8.0,0.37,9.0,0.59,13.0,0.6,8.0,0.61,8.0,0.62,8.0,0.63,9.0,0.18,0.18,44.84049,1776166205000
1776166207.047,7.047,0.41,13.0,0.4,8.0,0.39,8.0,0.38,8.0,0.37,9.0,0.59,13.0,0.6,8.0,0.61,8.0,0.62,8.0,0.63,9.0,0.41,13.0,0.4,8.0,0.39,8.0,0.38,8.0,0.37,9.0,0.59,13.0,0.6,8.0,0.61,8.0,0.62,8.0,0.63,9.0,0.18,0.18,44.840015,1776166206000
1776166208.291,8.291,0.41,13.0,0.4,8.0,0.39,8.0,0.38,8.0,0.37,9.0,0.59,13.0,0.6,8.0,0.61,8.0,0.62,8.0,0.63,9.0,0.41,13.0,0.4,8.0,0.39,8.0,0.38,8.0,0.37,9.0,0.59,13.0,0.6,8.0,0.61,8.0,0.62,8.0,0.63,9.0,0.18,0.18,44.839914,1776166207000
1776166209.226,9.226,0.41,13.0,0.4,8.0,0.39,8.0,0.38,8.0,0.37,9.0,0.59,13.0,0.6,8.0,0.61,8.0,0.62,8.0,0.63,9.0,0.41,13.0,0.4,8.0,0.39,8.0,0.38,8.0,0.37,9.0,0.59,13.0,0.6,8.0,0.61,8.0,0.62,8.0,0.63,9.0,0.18,0.18,44.838955,1776166208000
1776166210.54,10.54,0.41,13.0,0.4,8.0,0.39,8.0,0.38,8.0,0.37,9.0,0.59,13.0,0.6,8.0,0.61,8.0,0.62,8.0,0.63,9.0,0.41,13.0,0.4,8.0,0.39,8.0,0.38,8.0,0.37,9.0,0.59,13.0,0.6,8.0,0.61,8.0,0.62,8.0,0.63,9.0,0.18,0.18,44.839237,1776166209000
1776166211.062,11.062,0.41,13.0,0.4,8.0,0.39,8.0,0.38,8.0,0.37,9.0,0.59,13.0,0.6,8.0,0.61,8.0,0.62,8.0,0.63,9.0,0.41,13.0,0.4,8.0,0.39,8.0,0.38,8.0,0.37,9.0,0.59,13.0,0.6,8.0,0.61,8.0,0.62,8.0,0.63,9.0,0.18,0.18,44.839326,1776166210000
1776166212.407,12.407,0.41,13.0,0.4,8.0,0.39,8.0,0.38,8.0,0.37,9.0,0.59,13.0,0.6,8.0,0.61,8.0,0.62,8.0,0.63,9.0,0.41,13.0,0.4,8.0,0.39,8.0,0.38,8.0,0.37,9.0,0.59,13.0,0.6,8.0,0.61,8.0,0.62,8.0,0.63,9.0,0.18,0.18,44.845589,1776166211000
1776166213.581,13.581,0.41,13.0,0.4,8.0,0.39,8.0,0.38,8.0,0.37,9.0,0.59,13.0,0.6,8.0,0.61,8.0,0.62,8.0,0.63,9.0,0.41,13.0,0.4,8.0,0.39,8.0,0.38,8.0,0.37,9.0,0.59,13.0,0.6,8.0,0.61,8.0,0.62,8.0,0.63,9.0,0.18,0.18,44.843784,1776166212000
1776166213.798,13.798,0.34,6.42,0.31,10.0,0.21,5.0,0.2,5.0,0.11,100.0,0.48,15.0,0.49,5.0,0.55,11.0,0.89,100.0,0.93,150.0,0.41,13.0,0.4,8.0,0.39,8.0,0.38,8.0,0.37,9.0,0.59,13.0,0.6,8.0,0.61,8.0,0.62,8.0,0.63,9.0,0.14,0.18,44.843784,1776166212000
1776166214.075,14.075,0.34,6.42,0.31,10.0,0.21,5.0,0.2,5.0,0.11,100.0,0.48,15.0,0.49,5.0,0.55,11.0,0.89,100.0,0.93,150.0,0.52,15.0,0.51,5.0,0.45,11.0,0.11,100.0,0.07,150.0,0.66,6.42,0.69,10.0,0.79,5.0,0.8,5.0,0.89,100.0,0.14,0.14,44.843237,1776166213000
1776166215.249,15.249,0.34,6.42,0.31,10.0,0.21,5.0,0.2,5.0,0.11,100.0,0.48,15.0,0.49,5.0,0.55,11.0,0.89,100.0,0.93,150.0,0.52,15.0,0.51,5.0,0.45,11.0,0.11,100.0,0.07,150.0,0.66,6.42,0.69,10.0,0.79,5.0,0.8,5.0,0.89,100.0,0.14,0.14,44.843336,1776166214000
1776166215.895,15.895,0.34,6.42,0.31,10.0,0.21,5.0,0.2,5.0,0.11,100.0,0.48,15.0,0.49,5.0,0.55,11.0,0.89,100.0,0.93,150.0,0.52,15.0,0.51,5.0,0.45,11.0,0.11,100.0,0.07,150.0,0.66,6.42,0.69,10.0,0.79,5.0,0.8,5.0,0.89,100.0,0.14,0.14,44.843544,1776166215000
1776166216.631,16.631,0.4,1.25,0.36,13.0,0.34,5.0,0.33,5.0,0.32,5.0,0.57,10.0,0.58,16.0,0.59,5.0,0.6,5.0,0.61,5.0,0.52,15.0,0.51,5.0,0.45,11.0,0.11,100.0,0.07,150.0,0.66,6.42,0.69,10.0,0.79,5.0,0.8,5.0,0.89,100.0,0.17,0.14,44.843544,1776166215000
1776166216.984,16.984,0.4,1.25,0.36,13.0,0.34,5.0,0.33,5.0,0.32,5.0,0.57,10.0,0.58,16.0,0.59,5.0,0.6,5.0,0.61,5.0,0.43,10.0,0.42,16.0,0.41,5.0,0.4,5.0,0.39,5.0,0.6,1.25,0.64,13.0,0.66,5.0,0.67,5.0,0.68,5.0,0.17,0.17,44.844413,1776166216000
1776166218.191,18.191,0.4,1.25,0.36,13.0,0.34,5.0,0.33,5.0,0.32,5.0,0.57,10.0,0.58,16.0,0.59,5.0,0.6,5.0,0.61,5.0,0.43,10.0,0.42,16.0,0.41,5.0,0.4,5.0,0.39,5.0,0.6,1.25,0.64,13.0,0.66,5.0,0.67,5.0,0.68,5.0,0.17,0.17,44.846681,1776166217000
1776166219.866,19.866,0.4,1.25,0.36,13.0,0.34,5.0,0.33,5.0,0.32,5.0,0.57,10.0,0.58,16.0,0.59,5.0,0.6,5.0,0.61,5.0,0.43,10.0,0.42,16.0,0.41,5.0,0.4,5.0,0.39,5.0,0.6,1.25,0.64,13.0,0.66,5.0,0.67,5.0,0.68,5.0,0.17,0.17,44.852733,1776166218000
1776166221.353,21.353,0.4,1.25,0.36,13.0,0.34,5.0,0.33,5.0,0.32,5.0,0.57,10.0,0.58,16.0,0.59,5.0,0.6,5.0,0.61,5.0,0.43,10.0,0.42,16.0,0.41,5.0,0.4,5.0,0.39,5.0,0.6,1.25,0.64,13.0,0.66,5.0,0.67,5.0,0.68,5.0,0.17,0.17,44.853869,1776166219000
1776166222.205,22.205,0.4,1.25,0.36,13.0,0.34,5.0,0.33,5.0,0.32,5.0,0.57,10.0,0.58,16.0,0.59,5.0,0.6,5.0,0.61,5.0,0.43,10.0,0.42,16.0,0.41,5.0,0.4,5.0,0.39,5.0,0.6,1.25,0.64,13.0,0.66,5.0,0.67,5.0,0.68,5.0,0.17,0.17,44.856951,1776166221000
1776166223.716,23.716,0.4,1.25,0.36,13.0,0.34,5.0,0.33,5.0,0.32,5.0,0.57,10.0,0.58,16.0,0.59,5.0,0.6,5.0,0.61,5.0,0.43,10.0,0.42,16.0,0.41,5.0,0.4,5.0,0.39,5.0,0.6,1.25,0.64,13.0,0.66,5.0,0.67,5.0,0.68,5.0,0.17,0.17,44.856936,1776166222000
1776166224.468,24.468,0.4,1.25,0.36,13.0,0.34,5.0,0.33,5.0,0.32,5.0,0.57,10.0,0.58,16.0,0.59,5.0,0.6,5.0,0.61,5.0,0.43,10.0,0.42,16.0,0.41,5.0,0.4,5.0,0.39,5.0,0.6,1.25,0.64,13.0,0.66,5.0,0.67,5.0,0.68,5.0,0.17,0.17,44.856936,1776166223000
1776166225.241,25.241,0.4,1.25,0.36,13.0,0.34,5.0,0.33,5.0,0.32,5.0,0.57,10.0,0.58,16.0,0.59,5.0,0.6,5.0,0.61,5.0,0.43,10.0,0.42,16.0,0.41,5.0,0.4,5.0,0.39,5.0,0.6,1.25,0.64,13.0,0.66,5.0,0.67,5.0,0.68,5.0,0.17,0.17,44.857468,1776166224000
1776166226.701,26.701,0.4,1.25,0.36,13.0,0.34,5.0,0.33,5.0,0.32,5.0,0.57,10.0,0.58,16.0,0.59,5.0,0.6,5.0,0.61,5.0,0.43,10.0,0.42,16.0,0.41,5.0,0.4,5.0,0.39,5.0,0.6,1.25,0.64,13.0,0.66,5.0,0.67,5.0,0.68,5.0,0.17,0.17,44.857468,1776166225000
1776166227.52,27.52,0.4,1.25,0.36,13.0,0.34,5.0,0.33,5.0,0.32,5.0,0.57,10.0,0.58,16.0,0.59,5.0,0.6,5.0,0.61,5.0,0.43,10.0,0.42,16.0,0.41,5.0,0.4,5.0,0.39,5.0,0.6,1.25,0.64,13.0,0.66,5.0,0.67,5.0,0.68,5.0,0.17,0.17,44.858571,1776166226000
1776166228.3,28.3,0.4,1.25,0.36,13.0,0.34,5.0,0.33,5.0,0.32,5.0,0.57,10.0,0.58,16.0,0.59,5.0,0.6,5.0,0.61,5.0,0.43,10.0,0.42,16.0,0.41,5.0,0.4,5.0,0.39,5.0,0.6,1.25,0.64,13.0,0.66,5.0,0.67,5.0,0.68,5.0,0.17,0.17,44.858571,1776166227000
1776166229.215,29.215,0.4,1.25,0.36,13.0,0.34,5.0,0.33,5.0,0.32,5.0,0.57,10.0,0.58,16.0,0.59,5.0,0.6,5.0,0.61,5.0,0.43,10.0,0.42,16.0,0.41,5.0,0.4,5.0,0.39,5.0,0.6,1.25,0.64,13.0,0.66,5.0,0.67,5.0,0.68,5.0,0.17,0.17,44.857861,1776166228000
1776166230.627,30.627,0.4,1.25,0.36,13.0,0.34,5.0,0.33,5.0,0.32,5.0,0.57,10.0,0.58,16.0,0.59,5.0,0.6,5.0,0.61,5.0,0.43,10.0,0.42,16.0,0.41,5.0,0.4,5.0,0.39,5.0,0.6,1.25,0.64,13.0,0.66,5.0,0.67,5.0,0.68,5.0,0.17,0.17,44.857861,1776166229000
1776166231.366,31.366,0.4,1.25,0.36,13.0,0.34,5.0,0.33,5.0,0.32,5.0,0.57,10.0,0.58,16.0,0.59,5.0,0.6,5.0,0.61,5.0,0.43,10.0,0.42,16.0,0.41,5.0,0.4,5.0,0.39,5.0,0.6,1.25,0.64,13.0,0.66,5.0,0.67,5.0,0.68,5.0,0.17,0.17,44.857862,1776166230000
1776166232.225,32.225,0.4,1.25,0.36,13.0,0.34,5.0,0.33,5.0,0.32,5.0,0.57,10.0,0.58,16.0,0.59,5.0,0.6,5.0,0.61,5.0,0.43,10.0,0.42,16.0,0.41,5.0,0.4,5.0,0.39,5.0,0.6,1.25,0.64,13.0,0.66,5.0,0.67,5.0,0.68,5.0,0.17,0.17,44.857862,1776166231000
1776166233.761,33.761,0.4,1.25,0.36,13.0,0.34,5.0,0.33,5.0,0.32,5.0,0.57,10.0,0.58,16.0,0.59,5.0,0.6,5.0,0.61,5.0,0.43,10.0,0.42,16.0,0.41,5.0,0.4,5.0,0.39,5.0,0.6,1.25,0.64,13.0,0.66,5.0,0.67,5.0,0.68,5.0,0.17,0.17,44.857138,1776166232000
1776166234.601,34.601,0.4,1.25,0.36,13.0,0.34,5.0,0.33,5.0,0.32,5.0,0.57,10.0,0.58,16.0,0.59,5.0,0.6,5.0,0.61,5.0,0.43,10.0,0.42,16.0,0.41,5.0,0.4,5.0,0.39,5.0,0.6,1.25,0.64,13.0,0.66,5.0,0.67,5.0,0.68,5.0,0.17,0.17,44.856878,1776166233000
1776166235.379,35.379,0.4,1.25,0.36,13.0,0.34,5.0,0.33,5.0,0.32,5.0,0.57,10.0,0.58,16.0,0.59,5.0,0.6,5.0,0.61,5.0,0.43,10.0,0.42,16.0,0.41,5.0,0.4,5.0,0.39,5.0,0.6,1.25,0.64,13.0,0.66,5.0,0.67,5.0,0.68,5.0,0.17,0.17,44.857423,1776166234000
1776166236.261,36.261,0.4,1.25,0.36,13.0,0.34,5.0,0.33,5.0,0.32,5.0,0.57,10.0,0.58,16.0,0.59,5.0,0.6,5.0,0.61,5.0,0.43,10.0,0.42,16.0,0.41,5.0,0.4,5.0,0.39,5.0,0.6,1.25,0.64,13.0,0.66,5.0,0.67,5.0,0.68,5.0,0.17,0.17,44.857151,1776166235000
1776166237.894,37.894,0.4,1.25,0.36,13.0,0.34,5.0,0.33,5.0,0.32,5.0,0.57,10.0,0.58,16.0,0.59,5.0,0.6,5.0,0.61,5.0,0.43,10.0,0.42,16.0,0.41,5.0,0.4,5.0,0.39,5.0,0.6,1.25,0.64,13.0,0.66,5.0,0.67,5.0,0.68,5.0,0.17,0.17,44.856739,1776166236000
1776166238.692,38.692,0.4,1.25,0.36,13.0,0.34,5.0,0.33,5.0,0.32,5.0,0.57,10.0,0.58,16.0,0.59,5.0,0.6,5.0,0.61,5.0,0.43,10.0,0.42,16.0,0.41,5.0,0.4,5.0,0.39,5.0,0.6,1.25,0.64,13.0,0.66,5.0,0.67,5.0,0.68,5.0,0.17,0.17,44.85829,1776166237000
1776166239.492,39.492,0.4,1.25,0.36,13.0,0.34,5.0,0.33,5.0,0.32,5.0,0.57,10.0,0.58,16.0,0.59,5.0,0.6,5.0,0.61,5.0,0.43,10.0,0.42,16.0,0.41,5.0,0.4,5.0,0.39,5.0,0.6,1.25,0.64,13.0,0.66,5.0,0.67,5.0,0.68,5.0,0.17,0.17,44.858547,1776166238000
1776166240.457,40.457,0.4,1.25,0.36,13.0,0.34,5.0,0.33,5.0,0.32,5.0,0.57,10.0,0.58,16.0,0.59,5.0,0.6,5.0,0.61,5.0,0.43,10.0,0.42,16.0,0.41,5.0,0.4,5.0,0.39,5.0,0.6,1.25,0.64,13.0,0.66,5.0,0.67,5.0,0.68,5.0,0.17,0.17,44.858547,1776166239000
1776166240.978,40.978,0.4,1.25,0.36,13.0,0.34,5.0,0.33,5.0,0.32,5.0,0.57,10.0,0.58,16.0,0.59,5.0,0.6,5.0,0.61,5.0,0.43,10.0,0.42,16.0,0.41,5.0,0.4,5.0,0.39,5.0,0.6,1.25,0.64,13.0,0.66,5.0,0.67,5.0,0.68,5.0,0.17,0.17,44.858314,1776166240000
1776166242.402,42.402,0.4,1.25,0.36,13.0,0.34,5.0,0.33,5.0,0.32,5.0,0.57,10.0,0.58,16.0,0.59,5.0,0.6,5.0,0.61,5.0,0.43,10.0,0.42,16.0,0.41,5.0,0.4,5.0,0.39,5.0,0.6,1.25,0.64,13.0,0.66,5.0,0.67,5.0,0.68,5.0,0.17,0.17,44.858314,1776166241000
1776166242.951,42.951,0.4,1.25,0.36,13.0,0.34,5.0,0.33,5.0,0.32,5.0,0.57,10.0,0.58,16.0,0.59,5.0,0.6,5.0,0.61,5.0,0.43,10.0,0.42,16.0,0.41,5.0,0.4,5.0,0.39,5.0,0.6,1.25,0.64,13.0,0.66,5.0,0.67,5.0,0.68,5.0,0.17,0.17,44.861199,1776166242000
1776166244.077,44.077,0.4,1.25,0.36,13.0,0.34,5.0,0.33,5.0,0.32,5.0,0.57,10.0,0.58,16.0,0.59,5.0,0.6,5.0,0.61,5.0,0.43,10.0,0.42,16.0,0.41,5.0,0.4,5.0,0.39,5.0,0.6,1.25,0.64,13.0,0.66,5.0,0.67,5.0,0.68,5.0,0.17,0.17,44.857888,1776166243000
1776166245.292,45.292,0.4,1.25,0.36,13.0,0.34,5.0,0.33,5.0,0.32,5.0,0.57,10.0,0.58,16.0,0.59,5.0,0.6,5.0,0.61,5.0,0.43,10.0,0.42,16.0,0.41,5.0,0.4,5.0,0.39,5.0,0.6,1.25,0.64,13.0,0.66,5.0,0.67,5.0,0.68,5.0,0.17,0.17,44.851211,1776166244000
1776166246.22,46.22,0.4,1.25,0.36,13.0,0.34,5.0,0.33,5.0,0.32,5.0,0.57,10.0,0.58,16.0,0.59,5.0,0.6,5.0,0.61,5.0,0.43,10.0,0.42,16.0,0.41,5.0,0.4,5.0,0.39,5.0,0.6,1.25,0.64,13.0,0.66,5.0,0.67,5.0,0.68,5.0,0.17,0.17,44.850902,1776166245000
1776166247.285,47.285,0.4,1.25,0.36,13.0,0.34,5.0,0.33,5.0,0.32,5.0,0.57,10.0,0.58,16.0,0.59,5.0,0.6,5.0,0.61,5.0,0.43,10.0,0.42,16.0,0.41,5.0,0.4,5.0,0.39,5.0,0.6,1.25,0.64,13.0,0.66,5.0,0.67,5.0,0.68,5.0,0.17,0.17,44.850902,1776166246000
1776166249.03,49.03,0.4,1.25,0.36,13.0,0.34,5.0,0.33,5.0,0.32,5.0,0.57,10.0,0.58,16.0,0.59,5.0,0.6,5.0,0.61,5.0,0.43,10.0,0.42,16.0,0.41,5.0,0.4,5.0,0.39,5.0,0.6,1.25,0.64,13.0,0.66,5.0,0.67,5.0,0.68,5.0,0.17,0.17,44.850451,1776166247000
1776166249.592,49.592,0.4,1.25,0.36,13.0,0.34,5.0,0.33,5.0,0.32,5.0,0.57,10.0,0.58,16.0,0.59,5.0,0.6,5.0,0.61,5.0,0.43,10.0,0.42,16.0,0.41,5.0,0.4,5.0,0.39,5.0,0.6,1.25,0.64,13.0,0.66,5.0,0.67,5.0,0.68,5.0,0.17,0.17,44.851274,1776166248000
1776166250.165,50.165,0.4,1.25,0.36,13.0,0.34,5.0,0.33,5.0,0.32,5.0,0.57,10.0,0.58,16.0,0.59,5.0,0.6,5.0,0.61,5.0,0.43,10.0,0.42,16.0,0.41,5.0,0.4,5.0,0.39,5.0,0.6,1.25,0.64,13.0,0.66,5.0,0.67,5.0,0.68,5.0,0.17,0.17,44.851274,1776166249000
1776166251.286,51.286,0.4,1.25,0.36,13.0,0.34,5.0,0.33,5.0,0.32,5.0,0.57,10.0,0.58,16.0,0.59,5.0,0.6,5.0,0.61,5.0,0.43,10.0,0.42,16.0,0.41,5.0,0.4,5.0,0.39,5.0,0.6,1.25,0.64,13.0,0.66,5.0,0.67,5.0,0.68,5.0,0.17,0.17,44.850455,1776166250000
1776166252.425,52.425,0.4,1.25,0.36,13.0,0.34,5.0,0.33,5.0,0.32,5.0,0.57,10.0,0.58,16.0,0.59,5.0,0.6,5.0,0.61,5.0,0.43,10.0,0.42,16.0,0.41,5.0,0.4,5.0,0.39,5.0,0.6,1.25,0.64,13.0,0.66,5.0,0.67,5.0,0.68,5.0,0.17,0.17,44.850453,1776166251000
1776166253.061,53.061,0.4,1.25,0.36,13.0,0.34,5.0,0.33,5.0,0.32,5.0,0.57,10.0,0.58,16.0,0.59,5.0,0.6,5.0,0.61,5.0,0.43,10.0,0.42,16.0,0.41,5.0,0.4,5.0,0.39,5.0,0.6,1.25,0.64,13.0,0.66,5.0,0.67,5.0,0.68,5.0,0.17,0.17,44.850108,1776166252000
1776166254.168,54.168,0.4,1.25,0.36,13.0,0.34,5.0,0.33,5.0,0.32,5.0,0.57,10.0,0.58,16.0,0.59,5.0,0.6,5.0,0.61,5.0,0.43,10.0,0.42,16.0,0.41,5.0,0.4,5.0,0.39,5.0,0.6,1.25,0.64,13.0,0.66,5.0,0.67,5.0,0.68,5.0,0.17,0.17,44.849726,1776166253000
1776166255.667,55.667,0.4,1.25,0.36,13.0,0.34,5.0,0.33,5.0,0.32,5.0,0.57,10.0,0.58,16.0,0.59,5.0,0.6,5.0,0.61,5.0,0.43,10.0,0.42,16.0,0.41,5.0,0.4,5.0,0.39,5.0,0.6,1.25,0.64,13.0,0.66,5.0,0.67,5.0,0.68,5.0,0.17,0.17,44.850047,1776166254000
1776166256.201,56.201,0.4,1.25,0.36,13.0,0.34,5.0,0.33,5.0,0.32,5.0,0.57,10.0,0.58,16.0,0.59,5.0,0.6,5.0,0.61,5.0,0.43,10.0,0.42,16.0,0.41,5.0,0.4,5.0,0.39,5.0,0.6,1.25,0.64,13.0,0.66,5.0,0.67,5.0,0.68,5.0,0.17,0.17,44.850194,1776166255000
1776166257.537,57.537,0.4,1.25,0.36,13.0,0.34,5.0,0.33,5.0,0.32,5.0,0.57,10.0,0.58,16.0,0.59,5.0,0.6,5.0,0.61,5.0,0.43,10.0,0.42,16.0,0.41,5.0,0.4,5.0,0.39,5.0,0.6,1.25,0.64,13.0,0.66,5.0,0.67,5.0,0.68,5.0,0.17,0.17,44.850313,1776166256000
1776166258.093,58.093,0.4,1.25,0.36,13.0,0.34,5.0,0.33,5.0,0.32,5.0,0.57,10.0,0.58,16.0,0.59,5.0,0.6,5.0,0.61,5.0,0.43,10.0,0.42,16.0,0.41,5.0,0.4,5.0,0.39,5.0,0.6,1.25,0.64,13.0,0.66,5.0,0.67,5.0,0.68,5.0,0.17,0.17,44.849765,1776166257000
1776166259.227,59.227,0.4,1.25,0.36,13.0,0.34,5.0,0.33,5.0,0.32,5.0,0.57,10.0,0.58,16.0,0.59,5.0,0.6,5.0,0.61,5.0,0.43,10.0,0.42,16.0,0.41,5.0,0.4,5.0,0.39,5.0,0.6,1.25,0.64,13.0,0.66,5.0,0.67,5.0,0.68,5.0,0.17,0.17,44.850311,1776166258000
1776166260.308,60.308,0.4,1.25,0.36,13.0,0.34,5.0,0.33,5.0,0.32,5.0,0.57,10.0,0.58,16.0,0.59,5.0,0.6,5.0,0.61,5.0,0.43,10.0,0.42,16.0,0.41,5.0,0.4,5.0,0.39,5.0,0.6,1.25,0.64,13.0,0.66,5.0,0.67,5.0,0.68,5.0,0.17,0.17,44.849364,1776166259000
1776166261.03,61.03,0.4,1.25,0.36,13.0,0.34,5.0,0.33,5.0,0.32,5.0,0.57,10.0,0.58,16.0,0.59,5.0,0.6,5.0,0.61,5.0,0.43,10.0,0.42,16.0,0.41,5.0,0.4,5.0,0.39,5.0,0.6,1.25,0.64,13.0,0.66,5.0,0.67,5.0,0.68,5.0,0.17,0.17,44.850539,1776166260000
1776166262.098,62.098,0.4,1.25,0.36,13.0,0.34,5.0,0.33,5.0,0.32,5.0,0.57,10.0,0.58,16.0,0.59,5.0,0.6,5.0,0.61,5.0,0.43,10.0,0.42,16.0,0.41,5.0,0.4,5.0,0.39,5.0,0.6,1.25,0.64,13.0,0.66,5.0,0.67,5.0,0.68,5.0,0.17,0.17,44.850473,1776166261000
1776166263.311,63.311,0.4,1.25,0.36,13.0,0.34,5.0,0.33,5.0,0.32,5.0,0.57,10.0,0.58,16.0,0.59,5.0,0.6,5.0,0.61,5.0,0.43,10.0,0.42,16.0,0.41,5.0,0.4,5.0,0.39,5.0,0.6,1.25,0.64,13.0,0.66,5.0,0.67,5.0,0.68,5.0,0.17,0.17,44.85047,1776166262000
1776166264.452,64.452,0.4,1.25,0.36,13.0,0.34,5.0,0.33,5.0,0.32,5.0,0.57,10.0,0.58,16.0,0.59,5.0,0.6,5.0,0.61,5.0,0.43,10.0,0.42,16.0,0.41,5.0,0.4,5.0,0.39,5.0,0.6,1.25,0.64,13.0,0.66,5.0,0.67,5.0,0.68,5.0,0.17,0.17,44.85047,1776166263000
1776166265.126,65.126,0.4,1.25,0.36,13.0,0.34,5.0,0.33,5.0,0.32,5.0,0.57,10.0,0.58,16.0,0.59,5.0,0.6,5.0,0.61,5.0,0.43,10.0,0.42,16.0,0.41,5.0,0.4,5.0,0.39,5.0,0.6,1.25,0.64,13.0,0.66,5.0,0.67,5.0,0.68,5.0,0.17,0.17,44.85047,1776166264000
1776166266.196,66.196,0.4,1.25,0.36,13.0,0.34,5.0,0.33,5.0,0.32,5.0,0.57,10.0,0.58,16.0,0.59,5.0,0.6,5.0,0.61,5.0,0.43,10.0,0.42,16.0,0.41,5.0,0.4,5.0,0.39,5.0,0.6,1.25,0.64,13.0,0.66,5.0,0.67,5.0,0.68,5.0,0.17,0.17,44.851374,1776166265000
1776166267.392,67.392,0.4,1.25,0.36,13.0,0.34,5.0,0.33,5.0,0.32,5.0,0.57,10.0,0.58,16.0,0.59,5.0,0.6,5.0,0.61,5.0,0.43,10.0,0.42,16.0,0.41,5.0,0.4,5.0,0.39,5.0,0.6,1.25,0.64,13.0,0.66,5.0,0.67,5.0,0.68,5.0,0.17,0.17,44.85047,1776166266000
1776166268.515,68.515,0.4,1.25,0.36,13.0,0.34,5.0,0.33,5.0,0.32,5.0,0.57,10.0,0.58,16.0,0.59,5.0,0.6,5.0,0.61,5.0,0.43,10.0,0.42,16.0,0.41,5.0,0.4,5.0,0.39,5.0,0.6,1.25,0.64,13.0,0.66,5.0,0.67,5.0,0.68,5.0,0.17,0.17,44.850472,1776166267000
1776166269.157,69.157,0.4,1.25,0.36,13.0,0.34,5.0,0.33,5.0,0.32,5.0,0.57,10.0,0.58,16.0,0.59,5.0,0.6,5.0,0.61,5.0,0.43,10.0,0.42,16.0,0.41,5.0,0.4,5.0,0.39,5.0,0.6,1.25,0.64,13.0,0.66,5.0,0.67,5.0,0.68,5.0,0.17,0.17,44.850472,1776166268000
1776166270.913,70.913,0.4,1.25,0.36,13.0,0.34,5.0,0.33,5.0,0.32,5.0,0.57,10.0,0.58,16.0,0.59,5.0,0.6,5.0,0.61,5.0,0.43,10.0,0.42,16.0,0.41,5.0,0.4,5.0,0.39,5.0,0.6,1.25,0.64,13.0,0.66,5.0,0.67,5.0,0.68,5.0,0.17,0.17,44.86047,1776166269000
1776166271.443,71.443,0.4,1.25,0.36,13.0,0.34,5.0,0.33,5.0,0.32,5.0,0.57,10.0,0.58,16.0,0.59,5.0,0.6,5.0,0.61,5.0,0.43,10.0,0.42,16.0,0.41,5.0,0.4,5.0,0.39,5.0,0.6,1.25,0.64,13.0,0.66,5.0,0.67,5.0,0.68,5.0,0.17,0.17,44.860562,1776166270000
1776166271.938,71.938,0.4,1.25,0.36,13.0,0.34,5.0,0.33,5.0,0.32,5.0,0.57,10.0,0.58,16.0,0.59,5.0,0.6,5.0,0.61,5.0,0.43,10.0,0.42,16.0,0.41,5.0,0.4,5.0,0.39,5.0,0.6,1.25,0.64,13.0,0.66,5.0,0.67,5.0,0.68,5.0,0.17,0.17,44.863883,1776166271000
1776166273.322,73.322,0.4,1.25,0.36,13.0,0.34,5.0,0.33,5.0,0.32,5.0,0.57,10.0,0.58,16.0,0.59,5.0,0.6,5.0,0.61,5.0,0.43,10.0,0.42,16.0,0.41,5.0,0.4,5.0,0.39,5.0,0.6,1.25,0.64,13.0,0.66,5.0,0.67,5.0,0.68,5.0,0.17,0.17,44.864098,1776166272000
1776166273.868,73.868,0.4,1.25,0.36,13.0,0.34,5.0,0.33,5.0,0.32,5.0,0.57,10.0,0.58,16.0,0.59,5.0,0.6,5.0,0.61,5.0,0.43,10.0,0.42,16.0,0.41,5.0,0.4,5.0,0.39,5.0,0.6,1.25,0.64,13.0,0.66,5.0,0.67,5.0,0.68,5.0,0.17,0.17,44.864098,1776166273000
1776166275.012,75.012,0.4,1.25,0.36,13.0,0.34,5.0,0.33,5.0,0.32,5.0,0.57,10.0,0.58,16.0,0.59,5.0,0.6,5.0,0.61,5.0,0.43,10.0,0.42,16.0,0.41,5.0,0.4,5.0,0.39,5.0,0.6,1.25,0.64,13.0,0.66,5.0,0.67,5.0,0.68,5.0,0.17,0.17,44.864161,1776166274000
1776166276.281,76.281,0.4,1.25,0.36,13.0,0.34,5.0,0.33,5.0,0.32,5.0,0.57,10.0,0.58,16.0,0.59,5.0,0.6,5.0,0.61,5.0,0.43,10.0,0.42,16.0,0.41,5.0,0.4,5.0,0.39,5.0,0.6,1.25,0.64,13.0,0.66,5.0,0.67,5.0,0.68,5.0,0.17,0.17,44.864044,1776166275000
1776166277.487,77.487,0.4,1.25,0.36,13.0,0.34,5.0,0.33,5.0,0.32,5.0,0.57,10.0,0.58,16.0,0.59,5.0,0.6,5.0,0.61,5.0,0.43,10.0,0.42,16.0,0.41,5.0,0.4,5.0,0.39,5.0,0.6,1.25,0.64,13.0,0.66,5.0,0.67,5.0,0.68,5.0,0.17,0.17,44.864063,1776166276000
1776166278.084,78.084,0.4,1.25,0.36,13.0,0.34,5.0,0.33,5.0,0.32,5.0,0.57,10.0,0.58,16.0,0.59,5.0,0.6,5.0,0.61,5.0,0.43,10.0,0.42,16.0,0.41,5.0,0.4,5.0,0.39,5.0,0.6,1.25,0.64,13.0,0.66,5.0,0.67,5.0,0.68,5.0,0.17,0.17,44.863957,1776166277000
1776166279.099,79.099,0.4,1.25,0.36,13.0,0.34,5.0,0.33,5.0,0.32,5.0,0.57,10.0,0.58,16.0,0.59,5.0,0.6,5.0,0.61,5.0,0.43,10.0,0.42,16.0,0.41,5.0,0.4,5.0,0.39,5.0,0.6,1.25,0.64,13.0,0.66,5.0,0.67,5.0,0.68,5.0,0.17,0.17,44.864928,1776166278000
1776166280.303,80.303,0.4,1.25,0.36,13.0,0.34,5.0,0.33,5.0,0.32,5.0,0.57,10.0,0.58,16.0,0.59,5.0,0.6,5.0,0.61,5.0,0.43,10.0,0.42,16.0,0.41,5.0,0.4,5.0,0.39,5.0,0.6,1.25,0.64,13.0,0.66,5.0,0.67,5.0,0.68,5.0,0.17,0.17,44.865107,1776166279000
1776166281.439,81.439,0.4,1.25,0.36,13.0,0.34,5.0,0.33,5.0,0.32,5.0,0.57,10.0,0.58,16.0,0.59,5.0,0.6,5.0,0.61,5.0,0.43,10.0,0.42,16.0,0.41,5.0,0.4,5.0,0.39,5.0,0.6,1.25,0.64,13.0,0.66,5.0,0.67,5.0,0.68,5.0,0.17,0.17,44.865107,1776166280000
1776166282.045,82.045,0.4,1.25,0.36,13.0,0.34,5.0,0.33,5.0,0.32,5.0,0.57,10.0,0.58,16.0,0.59,5.0,0.6,5.0,0.61,5.0,0.43,10.0,0.42,16.0,0.41,5.0,0.4,5.0,0.39,5.0,0.6,1.25,0.64,13.0,0.66,5.0,0.67,5.0,0.68,5.0,0.17,0.17,44.865107,1776166281000
1776166283.144,83.144,0.4,1.25,0.36,13.0,0.34,5.0,0.33,5.0,0.32,5.0,0.57,10.0,0.58,16.0,0.59,5.0,0.6,5.0,0.61,5.0,0.43,10.0,0.42,16.0,0.41,5.0,0.4,5.0,0.39,5.0,0.6,1.25,0.64,13.0,0.66,5.0,0.67,5.0,0.68,5.0,0.17,0.17,44.86511,1776166282000
1776166284.274,84.274,0.4,1.25,0.36,13.0,0.34,5.0,0.33,5.0,0.32,5.0,0.57,10.0,0.58,16.0,0.59,5.0,0.6,5.0,0.61,5.0,0.43,10.0,0.42,16.0,0.41,5.0,0.4,5.0,0.39,5.0,0.6,1.25,0.64,13.0,0.66,5.0,0.67,5.0,0.68,5.0,0.17,0.17,44.865421,1776166283000
1776166285.858,85.858,0.4,1.25,0.36,13.0,0.34,5.0,0.33,5.0,0.32,5.0,0.57,10.0,0.58,16.0,0.59,5.0,0.6,5.0,0.61,5.0,0.43,10.0,0.42,16.0,0.41,5.0,0.4,5.0,0.39,5.0,0.6,1.25,0.64,13.0,0.66,5.0,0.67,5.0,0.68,5.0,0.17,0.17,44.865426,1776166284000
1776166286.434,86.434,0.4,1.25,0.36,13.0,0.34,5.0,0.33,5.0,0.32,5.0,0.57,10.0,0.58,16.0,0.59,5.0,0.6,5.0,0.61,5.0,0.43,10.0,0.42,16.0,0.41,5.0,0.4,5.0,0.39,5.0,0.6,1.25,0.64,13.0,0.66,5.0,0.67,5.0,0.68,5.0,0.17,0.17,44.865463,1776166285000
1776166287.258,87.258,0.4,1.25,0.36,13.0,0.34,5.0,0.33,5.0,0.32,5.0,0.57,10.0,0.58,16.0,0.59,5.0,0.6,5.0,0.61,5.0,0.43,10.0,0.42,16.0,0.41,5.0,0.4,5.0,0.39,5.0,0.6,1.25,0.64,13.0,0.66,5.0,0.67,5.0,0.68,5.0,0.17,0.17,44.864985,1776166286000
1776166288.316,88.316,0.4,1.25,0.36,13.0,0.34,5.0,0.33,5.0,0.32,5.0,0.57,10.0,0.58,16.0,0.59,5.0,0.6,5.0,0.61,5.0,0.43,10.0,0.42,16.0,0.41,5.0,0.4,5.0,0.39,5.0,0.6,1.25,0.64,13.0,0.66,5.0,0.67,5.0,0.68,5.0,0.17,0.17,44.861291,1776166287000
1776166289.348,89.348,0.4,1.25,0.36,13.0,0.34,5.0,0.33,5.0,0.32,5.0,0.57,10.0,0.58,16.0,0.59,5.0,0.6,5.0,0.61,5.0,0.43,10.0,0.42,16.0,0.41,5.0,0.4,5.0,0.39,5.0,0.6,1.25,0.64,13.0,0.66,5.0,0.67,5.0,0.68,5.0,0.17,0.17,44.861512,1776166288000
1776166290.389,90.389,0.4,1.25,0.36,13.0,0.34,5.0,0.33,5.0,0.32,5.0,0.57,10.0,0.58,16.0,0.59,5.0,0.6,5.0,0.61,5.0,0.43,10.0,0.42,16.0,0.41,5.0,0.4,5.0,0.39,5.0,0.6,1.25,0.64,13.0,0.66,5.0,0.67,5.0,0.68,5.0,0.17,0.17,44.861492,1776166289000
1776166291.384,91.384,0.4,1.25,0.36,13.0,0.34,5.0,0.33,5.0,0.32,5.0,0.57,10.0,0.58,16.0,0.59,5.0,0.6,5.0,0.61,5.0,0.43,10.0,0.42,16.0,0.41,5.0,0.4,5.0,0.39,5.0,0.6,1.25,0.64,13.0,0.66,5.0,0.67,5.0,0.68,5.0,0.17,0.17,44.858691,1776166290000
1776166292.307,92.307,0.4,1.25,0.36,13.0,0.34,5.0,0.33,5.0,0.32,5.0,0.57,10.0,0.58,16.0,0.59,5.0,0.6,5.0,0.61,5.0,0.43,10.0,0.42,16.0,0.41,5.0,0.4,5.0,0.39,5.0,0.6,1.25,0.64,13.0,0.66,5.0,0.67,5.0,0.68,5.0,0.17,0.17,44.863044,1776166291000
1776166293.555,93.555,0.4,1.25,0.36,13.0,0.34,5.0,0.33,5.0,0.32,5.0,0.57,10.0,0.58,16.0,0.59,5.0,0.6,5.0,0.61,5.0,0.43,10.0,0.42,16.0,0.41,5.0,0.4,5.0,0.39,5.0,0.6,1.25,0.64,13.0,0.66,5.0,0.67,5.0,0.68,5.0,0.17,0.17,44.863191,1776166292000
1776166293.944,93.944,0.4,1.25,0.36,13.0,0.34,5.0,0.33,5.0,0.32,5.0,0.57,10.0,0.58,16.0,0.59,5.0,0.6,5.0,0.61,5.0,0.43,10.0,0.42,16.0,0.41,5.0,0.4,5.0,0.39,5.0,0.6,1.25,0.64,13.0,0.66,5.0,0.67,5.0,0.68,5.0,0.17,0.17,44.864084,1776166293000
1776166294.956,94.956,0.4,1.25,0.36,13.0,0.34,5.0,0.33,5.0,0.32,5.0,0.57,10.0,0.58,16.0,0.59,5.0,0.6,5.0,0.61,5.0,0.43,10.0,0.42,16.0,0.41,5.0,0.4,5.0,0.39,5.0,0.6,1.25,0.64,13.0,0.66,5.0,0.67,5.0,0.68,5.0,0.17,0.17,44.865847,1776166294000
1776166295.968,95.968,0.4,1.25,0.36,13.0,0.34,5.0,0.33,5.0,0.32,5.0,0.57,10.0,0.58,16.0,0.59,5.0,0.6,5.0,0.61,5.0,0.43,10.0,0.42,16.0,0.41,5.0,0.4,5.0,0.39,5.0,0.6,1.25,0.64,13.0,0.66,5.0,0.67,5.0,0.68,5.0,0.17,0.17,44.867921,1776166295000
1776166297.129,97.129,0.4,1.25,0.36,13.0,0.34,5.0,0.33,5.0,0.32,5.0,0.57,10.0,0.58,16.0,0.59,5.0,0.6,5.0,0.61,5.0,0.43,10.0,0.42,16.0,0.41,5.0,0.4,5.0,0.39,5.0,0.6,1.25,0.64,13.0,0.66,5.0,0.67,5.0,0.68,5.0,0.17,0.17,44.871312,1776166296000
1776166297.756,97.756,0.58,32.0,0.57,25.0,0.56,15.0,0.55,15.0,0.54,20.0,0.64,2.37,0.71,32.0,0.72,15.0,0.73,15.0,0.74,25.0,0.43,10.0,0.42,16.0,0.41,5.0,0.4,5.0,0.39,5.0,0.6,1.25,0.64,13.0,0.66,5.0,0.67,5.0,0.68,5.0,0.06,0.17,44.871312,1776166296000
1776166297.996,97.996,0.58,32.0,0.57,25.0,0.56,15.0,0.55,15.0,0.54,20.0,0.64,2.37,0.71,32.0,0.72,15.0,0.73,15.0,0.74,25.0,0.36,2.37,0.29,32.0,0.28,15.0,0.27,15.0,0.26,25.0,0.42,32.0,0.43,25.0,0.44,15.0,0.45,15.0,0.46,20.0,0.06,0.06,44.87165,1776166297000
1776166299.209,99.209,0.58,32.0,0.57,25.0,0.56,15.0,0.55,15.0,0.54,20.0,0.64,2.37,0.71,32.0,0.72,15.0,0.73,15.0,0.74,25.0,0.36,2.37,0.29,32.0,0.28,15.0,0.27,15.0,0.26,25.0,0.42,32.0,0.43,25.0,0.44,15.0,0.45,15.0,0.46,20.0,0.06,0.06,44.872925,1776166298000
1776166300.177,100.177,0.58,32.0,0.57,25.0,0.56,15.0,0.55,15.0,0.54,20.0,0.64,2.37,0.71,32.0,0.72,15.0,0.73,15.0,0.74,25.0,0.36,2.37,0.29,32.0,0.28,15.0,0.27,15.0,0.26,25.0,0.42,32.0,0.43,25.0,0.44,15.0,0.45,15.0,0.46,20.0,0.06,0.06,44.876707,1776166299000
1776166301.202,101.202,0.58,32.0,0.57,25.0,0.56,15.0,0.55,15.0,0.54,20.0,0.64,2.37,0.71,32.0,0.72,15.0,0.73,15.0,0.74,25.0,0.36,2.37,0.29,32.0,0.28,15.0,0.27,15.0,0.26,25.0,0.42,32.0,0.43,25.0,0.44,15.0,0.45,15.0,0.46,20.0,0.06,0.06,44.876799,1776166300000
1776166302.244,102.244,0.58,32.0,0.57,25.0,0.56,15.0,0.55,15.0,0.54,20.0,0.64,2.37,0.71,32.0,0.72,15.0,0.73,15.0,0.74,25.0,0.36,2.37,0.29,32.0,0.28,15.0,0.27,15.0,0.26,25.0,0.42,32.0,0.43,25.0,0.44,15.0,0.45,15.0,0.46,20.0,0.06,0.06,44.8768,1776166301000
1776166303.386,103.386,0.58,32.0,0.57,25.0,0.56,15.0,0.55,15.0,0.54,20.0,0.64,2.37,0.71,32.0,0.72,15.0,0.73,15.0,0.74,25.0,0.36,2.37,0.29,32.0,0.28,15.0,0.27,15.0,0.26,25.0,0.42,32.0,0.43,25.0,0.44,15.0,0.45,15.0,0.46,20.0,0.06,0.06,44.877396,1776166302000
1776166303.922,103.922,0.58,32.0,0.57,25.0,0.56,15.0,0.55,15.0,0.54,20.0,0.64,2.37,0.71,32.0,0.72,15.0,0.73,15.0,0.74,25.0,0.36,2.37,0.29,32.0,0.28,15.0,0.27,15.0,0.26,25.0,0.42,32.0,0.43,25.0,0.44,15.0,0.45,15.0,0.46,20.0,0.06,0.06,44.876519,1776166303000
1776166305.385,105.385,0.58,32.0,0.57,25.0,0.56,15.0,0.55,15.0,0.54,20.0,0.64,2.37,0.71,32.0,0.72,15.0,0.73,15.0,0.74,25.0,0.36,2.37,0.29,32.0,0.28,15.0,0.27,15.0,0.26,25.0,0.42,32.0,0.43,25.0,0.44,15.0,0.45,15.0,0.46,20.0,0.06,0.06,44.876032,1776166304000
1776166306.357,106.357,0.58,32.0,0.57,25.0,0.56,15.0,0.55,15.0,0.54,20.0,0.64,2.37,0.71,32.0,0.72,15.0,0.73,15.0,0.74,25.0,0.36,2.37,0.29,32.0,0.28,15.0,0.27,15.0,0.26,25.0,0.42,32.0,0.43,25.0,0.44,15.0,0.45,15.0,0.46,20.0,0.06,0.06,44.877533,1776166305000
1776166306.92,106.92,0.58,32.0,0.57,25.0,0.56,15.0,0.55,15.0,0.54,20.0,0.64,2.37,0.71,32.0,0.72,15.0,0.73,15.0,0.74,25.0,0.36,2.37,0.29,32.0,0.28,15.0,0.27,15.0,0.26,25.0,0.42,32.0,0.43,25.0,0.44,15.0,0.45,15.0,0.46,20.0,0.06,0.06,44.880181,1776166306000
1776166308.099,108.099,0.58,32.0,0.57,25.0,0.56,15.0,0.55,15.0,0.54,20.0,0.64,2.37,0.71,32.0,0.72,15.0,0.73,15.0,0.74,25.0,0.36,2.37,0.29,32.0,0.28,15.0,0.27,15.0,0.26,25.0,0.42,32.0,0.43,25.0,0.44,15.0,0.45,15.0,0.46,20.0,0.06,0.06,44.872338,1776166307000
1776166309.097,109.097,0.58,32.0,0.57,25.0,0.56,15.0,0.55,15.0,0.54,20.0,0.64,2.37,0.71,32.0,0.72,15.0,0.73,15.0,0.74,25.0,0.36,2.37,0.29,32.0,0.28,15.0,0.27,15.0,0.26,25.0,0.42,32.0,0.43,25.0,0.44,15.0,0.45,15.0,0.46,20.0,0.06,0.06,44.872337,1776166308000
1776166310.143,110.143,0.58,32.0,0.57,25.0,0.56,15.0,0.55,15.0,0.54,20.0,0.64,2.37,0.71,32.0,0.72,15.0,0.73,15.0,0.74,25.0,0.36,2.37,0.29,32.0,0.28,15.0,0.27,15.0,0.26,25.0,0.42,32.0,0.43,25.0,0.44,15.0,0.45,15.0,0.46,20.0,0.06,0.06,44.874914,1776166309000
1776166311.24,111.24,0.58,32.0,0.57,25.0,0.56,15.0,0.55,15.0,0.54,20.0,0.64,2.37,0.71,32.0,0.72,15.0,0.73,15.0,0.74,25.0,0.36,2.37,0.29,32.0,0.28,15.0,0.27,15.0,0.26,25.0,0.42,32.0,0.43,25.0,0.44,15.0,0.45,15.0,0.46,20.0,0.06,0.06,44.875979,1776166310000
1776166311.687,111.687,0.63,5.0,0.62,5.0,0.6,15.0,0.59,15.0,0.58,15.0,0.71,17.0,0.78,15.0,0.79,15.0,0.8,15.0,0.81,15.0,0.36,2.37,0.29,32.0,0.28,15.0,0.27,15.0,0.26,25.0,0.42,32.0,0.43,25.0,0.44,15.0,0.45,15.0,0.46,20.0,0.08,0.06,44.875979,1776166310000
1776166312.368,112.368,0.63,40.0,0.62,5.0,0.6,15.0,0.59,15.0,0.58,15.0,0.71,7.0,0.78,15.0,0.79,15.0,0.8,15.0,0.81,15.0,0.29,7.0,0.22,15.0,0.21,15.0,0.2,15.0,0.19,15.0,0.37,40.0,0.38,5.0,0.4,15.0,0.41,15.0,0.42,15.0,0.08,0.08,44.880732,1776166311000
1776166312.741,112.741,0.69,36.0,0.65,5.0,0.64,5.0,0.63,5.0,0.62,20.0,0.71,2.0,0.78,15.0,0.79,15.0,0.8,15.0,0.81,15.0,0.29,7.0,0.22,15.0,0.21,15.0,0.2,15.0,0.19,15.0,0.37,40.0,0.38,5.0,0.4,15.0,0.41,15.0,0.42,15.0,0.02,0.08,44.880732,1776166311000
1776166313.456,113.456,0.69,36.0,0.65,5.0,0.64,5.0,0.63,5.0,0.62,20.0,0.71,2.0,0.78,15.0,0.79,15.0,0.8,15.0,0.81,15.0,0.29,2.0,0.22,15.0,0.21,15.0,0.2,15.0,0.19,15.0,0.31,36.0,0.35,5.0,0.36,5.0,0.37,5.0,0.38,20.0,0.02,0.02,44.880887,1776166312000
1776166314.235,114.235,0.69,36.0,0.65,5.0,0.64,5.0,0.63,5.0,0.62,20.0,0.71,2.0,0.78,15.0,0.79,15.0,0.8,15.0,0.81,15.0,0.29,2.0,0.22,15.0,0.21,15.0,0.2,15.0,0.19,15.0,0.31,36.0,0.35,5.0,0.36,5.0,0.37,5.0,0.38,20.0,0.02,0.02,44.884132,1776166313000
1776166315.407,115.407,0.69,36.0,0.65,5.0,0.64,5.0,0.63,5.0,0.62,20.0,0.71,2.0,0.78,15.0,0.79,15.0,0.8,15.0,0.81,15.0,0.29,2.0,0.22,15.0,0.21,15.0,0.2,15.0,0.19,15.0,0.31,36.0,0.35,5.0,0.36,5.0,0.37,5.0,0.38,20.0,0.02,0.02,44.887291,1776166314000
1776166316.128,116.128,0.69,36.0,0.65,5.0,0.64,5.0,0.63,5.0,0.62,20.0,0.71,2.0,0.78,15.0,0.79,15.0,0.8,15.0,0.81,15.0,0.29,2.0,0.22,15.0,0.21,15.0,0.2,15.0,0.19,15.0,0.31,36.0,0.35,5.0,0.36,5.0,0.37,5.0,0.38,20.0,0.02,0.02,44.884349,1776166315000
1776166317.288,117.288,0.69,36.0,0.65,5.0,0.64,5.0,0.63,5.0,0.62,20.0,0.71,2.0,0.78,15.0,0.79,15.0,0.8,15.0,0.81,15.0,0.29,2.0,0.22,15.0,0.21,15.0,0.2,15.0,0.19,15.0,0.31,36.0,0.35,5.0,0.36,5.0,0.37,5.0,0.38,20.0,0.02,0.02,44.886592,1776166316000
1776166318.144,118.144,0.69,36.0,0.65,5.0,0.64,5.0,0.63,5.0,0.62,20.0,0.71,2.0,0.78,15.0,0.79,15.0,0.8,15.0,0.81,15.0,0.29,2.0,0.22,15.0,0.21,15.0,0.2,15.0,0.19,15.0,0.31,36.0,0.35,5.0,0.36,5.0,0.37,5.0,0.38,20.0,0.02,0.02,44.886592,1776166317000
1776166319.484,119.484,0.69,36.0,0.65,5.0,0.64,5.0,0.63,5.0,0.62,20.0,0.71,2.0,0.78,15.0,0.79,15.0,0.8,15.0,0.81,15.0,0.29,2.0,0.22,15.0,0.21,15.0,0.2,15.0,0.19,15.0,0.31,36.0,0.35,5.0,0.36,5.0,0.37,5.0,0.38,20.0,0.02,0.02,44.887869,1776166318000
1776166320.078,120.078,0.69,36.0,0.65,5.0,0.64,5.0,0.63,5.0,0.62,20.0,0.71,2.0,0.78,15.0,0.79,15.0,0.8,15.0,0.81,15.0,0.29,2.0,0.22,15.0,0.21,15.0,0.2,15.0,0.19,15.0,0.31,36.0,0.35,5.0,0.36,5.0,0.37,5.0,0.38,20.0,0.02,0.02,44.888842,1776166319000
1776166321.283,121.283,0.69,36.0,0.65,5.0,0.64,5.0,0.63,5.0,0.62,20.0,0.71,2.0,0.78,15.0,0.79,15.0,0.8,15.0,0.81,15.0,0.29,2.0,0.22,15.0,0.21,15.0,0.2,15.0,0.19,15.0,0.31,36.0,0.35,5.0,0.36,5.0,0.37,5.0,0.38,20.0,0.02,0.02,44.888118,1776166320000
1776166322.724,122.724,0.69,36.0,0.65,5.0,0.64,5.0,0.63,5.0,0.62,20.0,0.71,2.0,0.78,15.0,0.79,15.0,0.8,15.0,0.81,15.0,0.29,2.0,0.22,15.0,0.21,15.0,0.2,15.0,0.19,15.0,0.31,36.0,0.35,5.0,0.36,5.0,0.37,5.0,0.38,20.0,0.02,0.02,44.888018,1776166321000
1776166323.341,123.341,0.69,36.0,0.65,5.0,0.64,5.0,0.63,5.0,0.62,20.0,0.71,2.0,0.78,15.0,0.79,15.0,0.8,15.0,0.81,15.0,0.29,2.0,0.22,15.0,0.21,15.0,0.2,15.0,0.19,15.0,0.31,36.0,0.35,5.0,0.36,5.0,0.37,5.0,0.38,20.0,0.02,0.02,44.888018,1776166322000
1776166324.607,124.607,0.69,36.0,0.65,5.0,0.64,5.0,0.63,5.0,0.62,20.0,0.71,2.0,0.78,15.0,0.79,15.0,0.8,15.0,0.81,15.0,0.29,2.0,0.22,15.0,0.21,15.0,0.2,15.0,0.19,15.0,0.31,36.0,0.35,5.0,0.36,5.0,0.37,5.0,0.38,20.0,0.02,0.02,44.889345,1776166323000
1776166325.358,125.358,0.69,36.0,0.65,5.0,0.64,5.0,0.63,5.0,0.62,20.0,0.71,2.0,0.78,15.0,0.79,15.0,0.8,15.0,0.81,15.0,0.29,2.0,0.22,15.0,0.21,15.0,0.2,15.0,0.19,15.0,0.31,36.0,0.35,5.0,0.36,5.0,0.37,5.0,0.38,20.0,0.02,0.02,44.890249,1776166324000
1776166326.585,126.585,0.69,36.0,0.65,5.0,0.64,5.0,0.63,5.0,0.62,20.0,0.71,2.0,0.78,15.0,0.79,15.0,0.8,15.0,0.81,15.0,0.29,2.0,0.22,15.0,0.21,15.0,0.2,15.0,0.19,15.0,0.31,36.0,0.35,5.0,0.36,5.0,0.37,5.0,0.38,20.0,0.02,0.02,44.892286,1776166325000
1776166327.264,127.264,0.69,36.0,0.65,5.0,0.64,5.0,0.63,5.0,0.62,20.0,0.71,2.0,0.78,15.0,0.79,15.0,0.8,15.0,0.81,15.0,0.29,2.0,0.22,15.0,0.21,15.0,0.2,15.0,0.19,15.0,0.31,36.0,0.35,5.0,0.36,5.0,0.37,5.0,0.38,20.0,0.02,0.02,44.898045,1776166326000
1776166328.54,128.54,0.69,36.0,0.65,5.0,0.64,5.0,0.63,5.0,0.62,20.0,0.71,2.0,0.78,15.0,0.79,15.0,0.8,15.0,0.81,15.0,0.29,2.0,0.22,15.0,0.21,15.0,0.2,15.0,0.19,15.0,0.31,36.0,0.35,5.0,0.36,5.0,0.37,5.0,0.38,20.0,0.02,0.02,44.910603,1776166327000
1776166329.141,129.141,0.69,36.0,0.65,5.0,0.64,5.0,0.63,5.0,0.62,20.0,0.71,2.0,0.78,15.0,0.79,15.0,0.8,15.0,0.81,15.0,0.29,2.0,0.22,15.0,0.21,15.0,0.2,15.0,0.19,15.0,0.31,36.0,0.35,5.0,0.36,5.0,0.37,5.0,0.38,20.0,0.02,0.02,44.910885,1776166328000
1776166330.119,130.119,0.69,36.0,0.65,5.0,0.64,5.0,0.63,5.0,0.62,20.0,0.71,2.0,0.78,15.0,0.79,15.0,0.8,15.0,0.81,15.0,0.29,2.0,0.22,15.0,0.21,15.0,0.2,15.0,0.19,15.0,0.31,36.0,0.35,5.0,0.36,5.0,0.37,5.0,0.38,20.0,0.02,0.02,44.910318,1776166329000
1776166331.289,131.289,0.69,36.0,0.65,5.0,0.64,5.0,0.63,5.0,0.62,20.0,0.71,2.0,0.78,15.0,0.79,15.0,0.8,15.0,0.81,15.0,0.29,2.0,0.22,15.0,0.21,15.0,0.2,15.0,0.19,15.0,0.31,36.0,0.35,5.0,0.36,5.0,0.37,5.0,0.38,20.0,0.02,0.02,44.90583,1776166330000
1776166332.228,132.228,0.69,36.0,0.65,5.0,0.64,5.0,0.63,5.0,0.62,20.0,0.71,2.0,0.78,15.0,0.79,15.0,0.8,15.0,0.81,15.0,0.29,2.0,0.22,15.0,0.21,15.0,0.2,15.0,0.19,15.0,0.31,36.0,0.35,5.0,0.36,5.0,0.37,5.0,0.38,20.0,0.02,0.02,44.902524,1776166331000
1776166333.385,133.385,0.69,36.0,0.65,5.0,0.64,5.0,0.63,5.0,0.62,20.0,0.71,2.0,0.78,15.0,0.79,15.0,0.8,15.0,0.81,15.0,0.29,2.0,0.22,15.0,0.21,15.0,0.2,15.0,0.19,15.0,0.31,36.0,0.35,5.0,0.36,5.0,0.37,5.0,0.38,20.0,0.02,0.02,44.902751,1776166332000
1776166334.296,134.296,0.69,36.0,0.65,5.0,0.64,5.0,0.63,5.0,0.62,20.0,0.71,2.0,0.78,15.0,0.79,15.0,0.8,15.0,0.81,15.0,0.29,2.0,0.22,15.0,0.21,15.0,0.2,15.0,0.19,15.0,0.31,36.0,0.35,5.0,0.36,5.0,0.37,5.0,0.38,20.0,0.02,0.02,44.902657,1776166333000
1776166335.26,135.26,0.69,36.0,0.65,5.0,0.64,5.0,0.63,5.0,0.62,20.0,0.71,2.0,0.78,15.0,0.79,15.0,0.8,15.0,0.81,15.0,0.29,2.0,0.22,15.0,0.21,15.0,0.2,15.0,0.19,15.0,0.31,36.0,0.35,5.0,0.36,5.0,0.37,5.0,0.38,20.0,0.02,0.02,44.901848,1776166334000
1776166336.368,136.368,0.69,36.0,0.65,5.0,0.64,5.0,0.63,5.0,0.62,20.0,0.71,2.0,0.78,15.0,0.79,15.0,0.8,15.0,0.81,15.0,0.29,2.0,0.22,15.0,0.21,15.0,0.2,15.0,0.19,15.0,0.31,36.0,0.35,5.0,0.36,5.0,0.37,5.0,0.38,20.0,0.02,0.02,44.902311,1776166335000
1776166337.326,137.326,0.69,36.0,0.65,5.0,0.64,5.0,0.63,5.0,0.62,20.0,0.71,2.0,0.78,15.0,0.79,15.0,0.8,15.0,0.81,15.0,0.29,2.0,0.22,15.0,0.21,15.0,0.2,15.0,0.19,15.0,0.31,36.0,0.35,5.0,0.36,5.0,0.37,5.0,0.38,20.0,0.02,0.02,44.902389,1776166336000
1776166338.252,138.252,0.69,36.0,0.65,5.0,0.64,5.0,0.63,5.0,0.62,20.0,0.71,2.0,0.78,15.0,0.79,15.0,0.8,15.0,0.81,15.0,0.29,2.0,0.22,15.0,0.21,15.0,0.2,15.0,0.19,15.0,0.31,36.0,0.35,5.0,0.36,5.0,0.37,5.0,0.38,20.0,0.02,0.02,44.902389,1776166337000
1776166339.321,139.321,0.69,36.0,0.65,5.0,0.64,5.0,0.63,5.0,0.62,20.0,0.71,2.0,0.78,15.0,0.79,15.0,0.8,15.0,0.81,15.0,0.29,2.0,0.22,15.0,0.21,15.0,0.2,15.0,0.19,15.0,0.31,36.0,0.35,5.0,0.36,5.0,0.37,5.0,0.38,20.0,0.02,0.02,44.903694,1776166338000
1776166340.357,140.357,0.69,36.0,0.65,5.0,0.64,5.0,0.63,5.0,0.62,20.0,0.71,2.0,0.78,15.0,0.79,15.0,0.8,15.0,0.81,15.0,0.29,2.0,0.22,15.0,0.21,15.0,0.2,15.0,0.19,15.0,0.31,36.0,0.35,5.0,0.36,5.0,0.37,5.0,0.38,20.0,0.02,0.02,44.903289,1776166339000
1776166341.331,141.331,0.69,36.0,0.65,5.0,0.64,5.0,0.63,5.0,0.62,20.0,0.71,2.0,0.78,15.0,0.79,15.0,0.8,15.0,0.81,15.0,0.29,2.0,0.22,15.0,0.21,15.0,0.2,15.0,0.19,15.0,0.31,36.0,0.35,5.0,0.36,5.0,0.37,5.0,0.38,20.0,0.02,0.02,44.903425,1776166340000
1776166342.492,142.492,0.69,36.0,0.65,5.0,0.64,5.0,0.63,5.0,0.62,20.0,0.71,2.0,0.78,15.0,0.79,15.0,0.8,15.0,0.81,15.0,0.29,2.0,0.22,15.0,0.21,15.0,0.2,15.0,0.19,15.0,0.31,36.0,0.35,5.0,0.36,5.0,0.37,5.0,0.38,20.0,0.02,0.02,44.903382,1776166341000
1776166343.396,143.396,0.69,36.0,0.65,5.0,0.64,5.0,0.63,5.0,0.62,20.0,0.71,2.0,0.78,15.0,0.79,15.0,0.8,15.0,0.81,15.0,0.29,2.0,0.22,15.0,0.21,15.0,0.2,15.0,0.19,15.0,0.31,36.0,0.35,5.0,0.36,5.0,0.37,5.0,0.38,20.0,0.02,0.02,44.903382,1776166342000
1776166343.965,143.965,0.69,36.0,0.65,5.0,0.64,5.0,0.63,5.0,0.62,20.0,0.71,2.0,0.78,15.0,0.79,15.0,0.8,15.0,0.81,15.0,0.29,2.0,0.22,15.0,0.21,15.0,0.2,15.0,0.19,15.0,0.31,36.0,0.35,5.0,0.36,5.0,0.37,5.0,0.38,20.0,0.02,0.02,44.903285,1776166343000
1776166345.022,145.022,0.69,36.0,0.65,5.0,0.64,5.0,0.63,5.0,0.62,20.0,0.71,2.0,0.78,15.0,0.79,15.0,0.8,15.0,0.81,15.0,0.29,2.0,0.22,15.0,0.21,15.0,0.2,15.0,0.19,15.0,0.31,36.0,0.35,5.0,0.36,5.0,0.37,5.0,0.38,20.0,0.02,0.02,44.903243,1776166344000
1776166346.024,146.024,0.69,36.0,0.65,5.0,0.64,5.0,0.63,5.0,0.62,20.0,0.71,2.0,0.78,15.0,0.79,15.0,0.8,15.0,0.81,15.0,0.29,2.0,0.22,15.0,0.21,15.0,0.2,15.0,0.19,15.0,0.31,36.0,0.35,5.0,0.36,5.0,0.37,5.0,0.38,20.0,0.02,0.02,44.903242,1776166345000
1776166347.041,147.041,0.69,36.0,0.65,5.0,0.64,5.0,0.63,5.0,0.62,20.0,0.71,2.0,0.78,15.0,0.79,15.0,0.8,15.0,0.81,15.0,0.29,2.0,0.22,15.0,0.21,15.0,0.2,15.0,0.19,15.0,0.31,36.0,0.35,5.0,0.36,5.0,0.37,5.0,0.38,20.0,0.02,0.02,44.903242,1776166346000
1776166347.973,147.973,0.69,36.0,0.65,5.0,0.64,5.0,0.63,5.0,0.62,20.0,0.71,2.0,0.78,15.0,0.79,15.0,0.8,15.0,0.81,15.0,0.29,2.0,0.22,15.0,0.21,15.0,0.2,15.0,0.19,15.0,0.31,36.0,0.35,5.0,0.36,5.0,0.37,5.0,0.38,20.0,0.02,0.02,44.904558,1776166347000
1776166348.927,148.927,0.69,36.0,0.65,5.0,0.64,5.0,0.63,5.0,0.62,20.0,0.71,2.0,0.78,15.0,0.79,15.0,0.8,15.0,0.81,15.0,0.29,2.0,0.22,15.0,0.21,15.0,0.2,15.0,0.19,15.0,0.31,36.0,0.35,5.0,0.36,5.0,0.37,5.0,0.38,20.0,0.02,0.02,44.904725,1776166348000
1776166349.955,149.955,0.69,36.0,0.65,5.0,0.64,5.0,0.63,5.0,0.62,20.0,0.71,2.0,0.78,15.0,0.79,15.0,0.8,15.0,0.81,15.0,0.29,2.0,0.22,15.0,0.21,15.0,0.2,15.0,0.19,15.0,0.31,36.0,0.35,5.0,0.36,5.0,0.37,5.0,0.38,20.0,0.02,0.02,44.906145,1776166349000
1776166350.93,150.93,0.69,36.0,0.65,5.0,0.64,5.0,0.63,5.0,0.62,20.0,0.71,2.0,0.78,15.0,0.79,15.0,0.8,15.0,0.81,15.0,0.29,2.0,0.22,15.0,0.21,15.0,0.2,15.0,0.19,15.0,0.31,36.0,0.35,5.0,0.36,5.0,0.37,5.0,0.38,20.0,0.02,0.02,44.906634,1776166350000
1776166351.97,151.97,0.69,36.0,0.65,5.0,0.64,5.0,0.63,5.0,0.62,20.0,0.71,2.0,0.78,15.0,0.79,15.0,0.8,15.0,0.81,15.0,0.29,2.0,0.22,15.0,0.21,15.0,0.2,15.0,0.19,15.0,0.31,36.0,0.35,5.0,0.36,5.0,0.37,5.0,0.38,20.0,0.02,0.02,44.906862,1776166351000
1776166352.979,152.979,0.69,36.0,0.65,5.0,0.64,5.0,0.63,5.0,0.62,20.0,0.71,2.0,0.78,15.0,0.79,15.0,0.8,15.0,0.81,15.0,0.29,2.0,0.22,15.0,0.21,15.0,0.2,15.0,0.19,15.0,0.31,36.0,0.35,5.0,0.36,5.0,0.37,5.0,0.38,20.0,0.02,0.02,44.907132,1776166352000
1776166353.965,153.965,0.69,36.0,0.65,5.0,0.64,5.0,0.63,5.0,0.62,20.0,0.71,2.0,0.78,15.0,0.79,15.0,0.8,15.0,0.81,15.0,0.29,2.0,0.22,15.0,0.21,15.0,0.2,15.0,0.19,15.0,0.31,36.0,0.35,5.0,0.36,5.0,0.37,5.0,0.38,20.0,0.02,0.02,44.907132,1776166353000
1776166354.925,154.925,0.69,36.0,0.65,5.0,0.64,5.0,0.63,5.0,0.62,20.0,0.71,2.0,0.78,15.0,0.79,15.0,0.8,15.0,0.81,15.0,0.29,2.0,0.22,15.0,0.21,15.0,0.2,15.0,0.19,15.0,0.31,36.0,0.35,5.0,0.36,5.0,0.37,5.0,0.38,20.0,0.02,0.02,44.907104,1776166354000
1776166356.424,156.424,0.69,36.0,0.65,5.0,0.64,5.0,0.63,5.0,0.62,20.0,0.71,2.0,0.78,15.0,0.79,15.0,0.8,15.0,0.81,15.0,0.29,2.0,0.22,15.0,0.21,15.0,0.2,15.0,0.19,15.0,0.31,36.0,0.35,5.0,0.36,5.0,0.37,5.0,0.38,20.0,0.02,0.02,44.906798,1776166355000
1776166357.641,157.641,0.69,36.0,0.65,5.0,0.64,5.0,0.63,5.0,0.62,20.0,0.71,2.0,0.78,15.0,0.79,15.0,0.8,15.0,0.81,15.0,0.29,2.0,0.22,15.0,0.21,15.0,0.2,15.0,0.19,15.0,0.31,36.0,0.35,5.0,0.36,5.0,0.37,5.0,0.38,20.0,0.02,0.02,44.907267,1776166356000
1776166358.359,158.359,0.69,36.0,0.65,5.0,0.64,5.0,0.63,5.0,0.62,20.0,0.71,2.0,0.78,15.0,0.79,15.0,0.8,15.0,0.81,15.0,0.29,2.0,0.22,15.0,0.21,15.0,0.2,15.0,0.19,15.0,0.31,36.0,0.35,5.0,0.36,5.0,0.37,5.0,0.38,20.0,0.02,0.02,44.907435,1776166357000
1776166359.516,159.516,0.69,36.0,0.65,5.0,0.64,5.0,0.63,5.0,0.62,20.0,0.71,2.0,0.78,15.0,0.79,15.0,0.8,15.0,0.81,15.0,0.29,2.0,0.22,15.0,0.21,15.0,0.2,15.0,0.19,15.0,0.31,36.0,0.35,5.0,0.36,5.0,0.37,5.0,0.38,20.0,0.02,0.02,44.907831,1776166358000
1776166360.122,160.122,0.69,36.0,0.65,5.0,0.64,5.0,0.63,5.0,0.62,20.0,0.71,2.0,0.78,15.0,0.79,15.0,0.8,15.0,0.81,15.0,0.29,2.0,0.22,15.0,0.21,15.0,0.2,15.0,0.19,15.0,0.31,36.0,0.35,5.0,0.36,5.0,0.37,5.0,0.38,20.0,0.02,0.02,44.907909,1776166359000
1776166361.381,161.381,0.69,36.0,0.65,5.0,0.64,5.0,0.63,5.0,0.62,20.0,0.71,2.0,0.78,15.0,0.79,15.0,0.8,15.0,0.81,15.0,0.29,2.0,0.22,15.0,0.21,15.0,0.2,15.0,0.19,15.0,0.31,36.0,0.35,5.0,0.36,5.0,0.37,5.0,0.38,20.0,0.02,0.02,44.908014,1776166360000
1776166362.588,162.588,0.69,36.0,0.65,5.0,0.64,5.0,0.63,5.0,0.62,20.0,0.71,2.0,0.78,15.0,0.79,15.0,0.8,15.0,0.81,15.0,0.29,2.0,0.22,15.0,0.21,15.0,0.2,15.0,0.19,15.0,0.31,36.0,0.35,5.0,0.36,5.0,0.37,5.0,0.38,20.0,0.02,0.02,44.907677,1776166361000
1776166363.253,163.253,0.69,36.0,0.65,5.0,0.64,5.0,0.63,5.0,0.62,20.0,0.71,2.0,0.78,15.0,0.79,15.0,0.8,15.0,0.81,15.0,0.29,2.0,0.22,15.0,0.21,15.0,0.2,15.0,0.19,15.0,0.31,36.0,0.35,5.0,0.36,5.0,0.37,5.0,0.38,20.0,0.02,0.02,44.906314,1776166362000
1776166364.249,164.249,0.69,36.0,0.65,5.0,0.64,5.0,0.63,5.0,0.62,20.0,0.71,2.0,0.78,15.0,0.79,15.0,0.8,15.0,0.81,15.0,0.29,2.0,0.22,15.0,0.21,15.0,0.2,15.0,0.19,15.0,0.31,36.0,0.35,5.0,0.36,5.0,0.37,5.0,0.38,20.0,0.02,0.02,44.906583,1776166363000
1776166364.661,164.661,0.87,20.0,0.81,25.0,0.8,15.0,0.79,15.0,0.78,15.0,0.94,15.0,0.95,15.0,0.96,20.0,0.97,15.0,0.98,25.0,0.29,2.0,0.22,15.0,0.21,15.0,0.2,15.0,0.19,15.0,0.31,36.0,0.35,5.0,0.36,5.0,0.37,5.0,0.38,20.0,0.07,0.02,44.906583,1776166363000
1776166365.402,165.402,0.87,20.0,0.81,25.0,0.8,15.0,0.79,15.0,0.78,15.0,0.94,15.0,0.95,15.0,0.96,20.0,0.97,15.0,0.98,25.0,0.06,15.0,0.05,15.0,0.04,20.0,0.03,15.0,0.02,25.0,0.13,20.0,0.19,25.0,0.2,15.0,0.21,15.0,0.22,15.0,0.07,0.07,44.906381,1776166364000
1776166366.009,166.009,0.87,20.0,0.81,25.0,0.8,15.0,0.79,15.0,0.78,15.0,0.94,15.0,0.95,15.0,0.96,20.0,0.97,15.0,0.98,25.0,0.06,15.0,0.05,15.0,0.04,20.0,0.03,15.0,0.02,25.0,0.13,20.0,0.19,25.0,0.2,15.0,0.21,15.0,0.22,15.0,0.07,0.07,44.906634,1776166365000
1776166367.107,167.107,0.87,20.0,0.81,25.0,0.8,15.0,0.79,15.0,0.78,15.0,0.94,15.0,0.95,15.0,0.96,20.0,0.97,15.0,0.98,25.0,0.06,15.0,0.05,15.0,0.04,20.0,0.03,15.0,0.02,25.0,0.13,20.0,0.19,25.0,0.2,15.0,0.21,15.0,0.22,15.0,0.07,0.07,44.906634,1776166366000
1776166368.124,168.124,0.87,20.0,0.81,25.0,0.8,15.0,0.79,15.0,0.78,15.0,0.94,15.0,0.95,15.0,0.96,20.0,0.97,15.0,0.98,25.0,0.06,15.0,0.05,15.0,0.04,20.0,0.03,15.0,0.02,25.0,0.13,20.0,0.19,25.0,0.2,15.0,0.21,15.0,0.22,15.0,0.07,0.07,44.905939,1776166367000
1776166369.313,169.313,0.87,20.0,0.81,25.0,0.8,15.0,0.79,15.0,0.78,15.0,0.94,15.0,0.95,15.0,0.96,20.0,0.97,15.0,0.98,25.0,0.06,15.0,0.05,15.0,0.04,20.0,0.03,15.0,0.02,25.0,0.13,20.0,0.19,25.0,0.2,15.0,0.21,15.0,0.22,15.0,0.07,0.07,44.908156,1776166368000
1776166370.416,170.416,0.87,20.0,0.81,25.0,0.8,15.0,0.79,15.0,0.78,15.0,0.94,15.0,0.95,15.0,0.96,20.0,0.97,15.0,0.98,25.0,0.06,15.0,0.05,15.0,0.04,20.0,0.03,15.0,0.02,25.0,0.13,20.0,0.19,25.0,0.2,15.0,0.21,15.0,0.22,15.0,0.07,0.07,44.907756,1776166369000
1776166371.358,171.358,0.87,20.0,0.81,25.0,0.8,15.0,0.79,15.0,0.78,15.0,0.94,15.0,0.95,15.0,0.96,20.0,0.97,15.0,0.98,25.0,0.06,15.0,0.05,15.0,0.04,20.0,0.03,15.0,0.02,25.0,0.13,20.0,0.19,25.0,0.2,15.0,0.21,15.0,0.22,15.0,0.07,0.07,44.907756,1776166370000
1776166372.37,172.37,0.87,20.0,0.81,25.0,0.8,15.0,0.79,15.0,0.78,15.0,0.94,15.0,0.95,15.0,0.96,20.0,0.97,15.0,0.98,25.0,0.06,15.0,0.05,15.0,0.04,20.0,0.03,15.0,0.02,25.0,0.13,20.0,0.19,25.0,0.2,15.0,0.21,15.0,0.22,15.0,0.07,0.07,44.90777,1776166371000
1776166372.957,172.957,0.87,20.0,0.81,25.0,0.8,15.0,0.79,15.0,0.78,15.0,0.94,15.0,0.95,15.0,0.96,20.0,0.97,15.0,0.98,25.0,0.06,15.0,0.05,15.0,0.04,20.0,0.03,15.0,0.02,25.0,0.13,20.0,0.19,25.0,0.2,15.0,0.21,15.0,0.22,15.0,0.07,0.07,44.906718,1776166372000
1776166374.01,174.01,0.87,20.0,0.81,25.0,0.8,15.0,0.79,15.0,0.78,15.0,0.94,15.0,0.95,15.0,0.96,20.0,0.97,15.0,0.98,25.0,0.06,15.0,0.05,15.0,0.04,20.0,0.03,15.0,0.02,25.0,0.13,20.0,0.19,25.0,0.2,15.0,0.21,15.0,0.22,15.0,0.07,0.07,44.906437,1776166373000
1776166374.986,174.986,0.87,20.0,0.81,25.0,0.8,15.0,0.79,15.0,0.78,15.0,0.94,15.0,0.95,15.0,0.96,20.0,0.97,15.0,0.98,25.0,0.06,15.0,0.05,15.0,0.04,20.0,0.03,15.0,0.02,25.0,0.13,20.0,0.19,25.0,0.2,15.0,0.21,15.0,0.22,15.0,0.07,0.07,44.906112,1776166374000
1776166376.025,176.025,0.87,20.0,0.81,25.0,0.8,15.0,0.79,15.0,0.78,15.0,0.94,15.0,0.95,15.0,0.96,20.0,0.97,15.0,0.98,25.0,0.06,15.0,0.05,15.0,0.04,20.0,0.03,15.0,0.02,25.0,0.13,20.0,0.19,25.0,0.2,15.0,0.21,15.0,0.22,15.0,0.07,0.07,44.903277,1776166375000
1776166376.924,176.924,0.87,20.0,0.81,25.0,0.8,15.0,0.79,15.0,0.78,15.0,0.94,15.0,0.95,15.0,0.96,20.0,0.97,15.0,0.98,25.0,0.06,15.0,0.05,15.0,0.04,20.0,0.03,15.0,0.02,25.0,0.13,20.0,0.19,25.0,0.2,15.0,0.21,15.0,0.22,15.0,0.07,0.07,44.903277,1776166376000
1776166377.974,177.974,0.87,20.0,0.81,25.0,0.8,15.0,0.79,15.0,0.78,15.0,0.94,15.0,0.95,15.0,0.96,20.0,0.97,15.0,0.98,25.0,0.06,15.0,0.05,15.0,0.04,20.0,0.03,15.0,0.02,25.0,0.13,20.0,0.19,25.0,0.2,15.0,0.21,15.0,0.22,15.0,0.07,0.07,44.903354,1776166377000
1776166378.966,178.966,0.87,20.0,0.81,25.0,0.8,15.0,0.79,15.0,0.78,15.0,0.94,15.0,0.95,15.0,0.96,20.0,0.97,15.0,0.98,25.0,0.06,15.0,0.05,15.0,0.04,20.0,0.03,15.0,0.02,25.0,0.13,20.0,0.19,25.0,0.2,15.0,0.21,15.0,0.22,15.0,0.07,0.07,44.903354,1776166378000
1776166379.989,179.989,0.87,20.0,0.81,25.0,0.8,15.0,0.79,15.0,0.78,15.0,0.94,15.0,0.95,15.0,0.96,20.0,0.97,15.0,0.98,25.0,0.06,15.0,0.05,15.0,0.04,20.0,0.03,15.0,0.02,25.0,0.13,20.0,0.19,25.0,0.2,15.0,0.21,15.0,0.22,15.0,0.07,0.07,44.903651,1776166379000
1776166381.108,181.108,0.87,20.0,0.81,25.0,0.8,15.0,0.79,15.0,0.78,15.0,0.94,15.0,0.95,15.0,0.96,20.0,0.97,15.0,0.98,25.0,0.06,15.0,0.05,15.0,0.04,20.0,0.03,15.0,0.02,25.0,0.13,20.0,0.19,25.0,0.2,15.0,0.21,15.0,0.22,15.0,0.07,0.07,44.903715,1776166380000
1776166382.147,182.147,0.87,20.0,0.81,25.0,0.8,15.0,0.79,15.0,0.78,15.0,0.94,15.0,0.95,15.0,0.96,20.0,0.97,15.0,0.98,25.0,0.06,15.0,0.05,15.0,0.04,20.0,0.03,15.0,0.02,25.0,0.13,20.0,0.19,25.0,0.2,15.0,0.21,15.0,0.22,15.0,0.07,0.07,44.903354,1776166381000
1776166383.124,183.124,0.87,20.0,0.81,25.0,0.8,15.0,0.79,15.0,0.78,15.0,0.94,15.0,0.95,15.0,0.96,20.0,0.97,15.0,0.98,25.0,0.06,15.0,0.05,15.0,0.04,20.0,0.03,15.0,0.02,25.0,0.13,20.0,0.19,25.0,0.2,15.0,0.21,15.0,0.22,15.0,0.07,0.07,44.904645,1776166382000
1776166384.757,184.757,0.87,20.0,0.81,25.0,0.8,15.0,0.79,15.0,0.78,15.0,0.94,15.0,0.95,15.0,0.96,20.0,0.97,15.0,0.98,25.0,0.06,15.0,0.05,15.0,0.04,20.0,0.03,15.0,0.02,25.0,0.13,20.0,0.19,25.0,0.2,15.0,0.21,15.0,0.22,15.0,0.07,0.07,44.904872,1776166383000
1776166385.265,185.265,0.87,20.0,0.81,25.0,0.8,15.0,0.79,15.0,0.78,15.0,0.94,15.0,0.95,15.0,0.96,20.0,0.97,15.0,0.98,25.0,0.06,15.0,0.05,15.0,0.04,20.0,0.03,15.0,0.02,25.0,0.13,20.0,0.19,25.0,0.2,15.0,0.21,15.0,0.22,15.0,0.07,0.07,44.904402,1776166384000
1776166386.266,186.266,0.87,20.0,0.81,25.0,0.8,15.0,0.79,15.0,0.78,15.0,0.94,15.0,0.95,15.0,0.96,20.0,0.97,15.0,0.98,25.0,0.06,15.0,0.05,15.0,0.04,20.0,0.03,15.0,0.02,25.0,0.13,20.0,0.19,25.0,0.2,15.0,0.21,15.0,0.22,15.0,0.07,0.07,44.902409,1776166385000
1776166387.063,187.063,0.87,20.0,0.81,25.0,0.8,15.0,0.79,15.0,0.78,15.0,0.94,15.0,0.95,15.0,0.96,20.0,0.97,15.0,0.98,25.0,0.06,15.0,0.05,15.0,0.04,20.0,0.03,15.0,0.02,25.0,0.13,20.0,0.19,25.0,0.2,15.0,0.21,15.0,0.22,15.0,0.07,0.07,44.901033,1776166386000
1776166388.006,188.006,0.87,20.0,0.81,25.0,0.8,15.0,0.79,15.0,0.78,15.0,0.94,15.0,0.95,15.0,0.96,20.0,0.97,15.0,0.98,25.0,0.06,15.0,0.05,15.0,0.04,20.0,0.03,15.0,0.02,25.0,0.13,20.0,0.19,25.0,0.2,15.0,0.21,15.0,0.22,15.0,0.07,0.07,44.898807,1776166387000
1776166389.088,189.088,0.87,20.0,0.81,25.0,0.8,15.0,0.79,15.0,0.78,15.0,0.94,15.0,0.95,15.0,0.96,20.0,0.97,15.0,0.98,25.0,0.06,15.0,0.05,15.0,0.04,20.0,0.03,15.0,0.02,25.0,0.13,20.0,0.19,25.0,0.2,15.0,0.21,15.0,0.22,15.0,0.07,0.07,44.898707,1776166388000
1776166389.918,189.918,0.87,20.0,0.81,25.0,0.8,15.0,0.79,15.0,0.78,15.0,0.94,15.0,0.95,15.0,0.96,20.0,0.97,15.0,0.98,25.0,0.06,15.0,0.05,15.0,0.04,20.0,0.03,15.0,0.02,25.0,0.13,20.0,0.19,25.0,0.2,15.0,0.21,15.0,0.22,15.0,0.07,0.07,44.900748,1776166389000
1776166390.929,190.929,0.87,20.0,0.81,25.0,0.8,15.0,0.79,15.0,0.78,15.0,0.94,15.0,0.95,15.0,0.96,20.0,0.97,15.0,0.98,25.0,0.06,15.0,0.05,15.0,0.04,20.0,0.03,15.0,0.02,25.0,0.13,20.0,0.19,25.0,0.2,15.0,0.21,15.0,0.22,15.0,0.07,0.07,44.901817,1776166390000
1776166392.413,192.413,0.87,20.0,0.81,25.0,0.8,15.0,0.79,15.0,0.78,15.0,0.94,15.0,0.95,15.0,0.96,20.0,0.97,15.0,0.98,25.0,0.06,15.0,0.05,15.0,0.04,20.0,0.03,15.0,0.02,25.0,0.13,20.0,0.19,25.0,0.2,15.0,0.21,15.0,0.22,15.0,0.07,0.07,44.901652,1776166391000
1776166393.062,193.062,0.87,20.0,0.81,25.0,0.8,15.0,0.79,15.0,0.78,15.0,0.94,15.0,0.95,15.0,0.96,20.0,0.97,15.0,0.98,25.0,0.06,15.0,0.05,15.0,0.04,20.0,0.03,15.0,0.02,25.0,0.13,20.0,0.19,25.0,0.2,15.0,0.21,15.0,0.22,15.0,0.07,0.07,44.901129,1776166392000
1776166394.28,194.28,0.87,20.0,0.81,25.0,0.8,15.0,0.79,15.0,0.78,15.0,0.94,15.0,0.95,15.0,0.96,20.0,0.97,15.0,0.98,25.0,0.06,15.0,0.05,15.0,0.04,20.0,0.03,15.0,0.02,25.0,0.13,20.0,0.19,25.0,0.2,15.0,0.21,15.0,0.22,15.0,0.07,0.07,44.901098,1776166393000
1776166395.276,195.276,0.87,20.0,0.81,25.0,0.8,15.0,0.79,15.0,0.78,15.0,0.94,15.0,0.95,15.0,0.96,20.0,0.97,15.0,0.98,25.0,0.06,15.0,0.05,15.0,0.04,20.0,0.03,15.0,0.02,25.0,0.13,20.0,0.19,25.0,0.2,15.0,0.21,15.0,0.22,15.0,0.07,0.07,44.901354,1776166394000
1776166396.224,196.224,0.87,20.0,0.81,25.0,0.8,15.0,0.79,15.0,0.78,15.0,0.94,15.0,0.95,15.0,0.96,20.0,0.97,15.0,0.98,25.0,0.06,15.0,0.05,15.0,0.04,20.0,0.03,15.0,0.02,25.0,0.13,20.0,0.19,25.0,0.2,15.0,0.21,15.0,0.22,15.0,0.07,0.07,44.901354,1776166395000
1776166397.134,197.134,0.87,20.0,0.81,25.0,0.8,15.0,0.79,15.0,0.78,15.0,0.94,15.0,0.95,15.0,0.96,20.0,0.97,15.0,0.98,25.0,0.06,15.0,0.05,15.0,0.04,20.0,0.03,15.0,0.02,25.0,0.13,20.0,0.19,25.0,0.2,15.0,0.21,15.0,0.22,15.0,0.07,0.07,44.901548,1776166396000
1776166398.151,198.151,0.87,20.0,0.81,25.0,0.8,15.0,0.79,15.0,0.78,15.0,0.94,15.0,0.95,15.0,0.96,20.0,0.97,15.0,0.98,25.0,0.06,15.0,0.05,15.0,0.04,20.0,0.03,15.0,0.02,25.0,0.13,20.0,0.19,25.0,0.2,15.0,0.21,15.0,0.22,15.0,0.07,0.07,44.901684,1776166397000
1776166399.217,199.217,0.87,20.0,0.81,25.0,0.8,15.0,0.79,15.0,0.78,15.0,0.94,15.0,0.95,15.0,0.96,20.0,0.97,15.0,0.98,25.0,0.06,15.0,0.05,15.0,0.04,20.0,0.03,15.0,0.02,25.0,0.13,20.0,0.19,25.0,0.2,15.0,0.21,15.0,0.22,15.0,0.07,0.07,44.901952,1776166398000
1776166401.024,201.024,0.87,20.0,0.81,25.0,0.8,15.0,0.79,15.0,0.78,15.0,0.94,15.0,0.95,15.0,0.96,20.0,0.97,15.0,0.98,25.0,0.06,15.0,0.05,15.0,0.04,20.0,0.03,15.0,0.02,25.0,0.13,20.0,0.19,25.0,0.2,15.0,0.21,15.0,0.22,15.0,0.07,0.07,44.9094,1776166400000
1776166402.199,202.199,0.87,20.0,0.81,25.0,0.8,15.0,0.79,15.0,0.78,15.0,0.94,15.0,0.95,15.0,0.96,20.0,0.97,15.0,0.98,25.0,0.06,15.0,0.05,15.0,0.04,20.0,0.03,15.0,0.02,25.0,0.13,20.0,0.19,25.0,0.2,15.0,0.21,15.0,0.22,15.0,0.07,0.07,44.907017,1776166401000
1776166403.256,203.256,0.87,20.0,0.81,25.0,0.8,15.0,0.79,15.0,0.78,15.0,0.94,15.0,0.95,15.0,0.96,20.0,0.97,15.0,0.98,25.0,0.06,15.0,0.05,15.0,0.04,20.0,0.03,15.0,0.02,25.0,0.13,20.0,0.19,25.0,0.2,15.0,0.21,15.0,0.22,15.0,0.07,0.07,44.907004,1776166402000
1776166404.212,204.212,0.87,20.0,0.81,25.0,0.8,15.0,0.79,15.0,0.78,15.0,0.94,15.0,0.95,15.0,0.96,20.0,0.97,15.0,0.98,25.0,0.06,15.0,0.05,15.0,0.04,20.0,0.03,15.0,0.02,25.0,0.13,20.0,0.19,25.0,0.2,15.0,0.21,15.0,0.22,15.0,0.07,0.07,44.907048,1776166403000
1776166405.283,205.283,0.87,20.0,0.81,25.0,0.8,15.0,0.79,15.0,0.78,15.0,0.94,15.0,0.95,15.0,0.96,20.0,0.97,15.0,0.98,25.0,0.06,15.0,0.05,15.0,0.04,20.0,0.03,15.0,0.02,25.0,0.13,20.0,0.19,25.0,0.2,15.0,0.21,15.0,0.22,15.0,0.07,0.07,44.907048,1776166404000
1776166405.983,205.983,0.9,15.0,0.89,32.05,0.88,15.0,0.87,15.0,0.86,15.0,0.94,11.8,0.95,15.0,0.96,20.0,0.97,15.0,0.98,25.0,0.06,15.0,0.05,15.0,0.04,20.0,0.03,15.0,0.02,25.0,0.13,20.0,0.19,25.0,0.2,15.0,0.21,15.0,0.22,15.0,0.04,0.07,44.907048,1776166404000
1776166406.372,206.372,0.9,15.0,0.89,32.05,0.88,15.0,0.87,15.0,0.86,15.0,0.94,11.8,0.95,15.0,0.96,20.0,0.97,15.0,0.98,25.0,0.06,11.8,0.05,15.0,0.04,20.0,0.03,15.0,0.02,25.0,0.1,15.0,0.11,32.05,0.12,15.0,0.13,15.0,0.14,15.0,0.04,0.04,44.907044,1776166405000
1776166407.399,207.399,0.9,15.0,0.89,32.05,0.88,15.0,0.87,15.0,0.86,15.0,0.94,11.8,0.95,15.0,0.96,20.0,0.97,15.0,0.98,25.0,0.06,11.8,0.05,15.0,0.04,20.0,0.03,15.0,0.02,25.0,0.1,15.0,0.11,32.05,0.12,15.0,0.13,15.0,0.14,15.0,0.04,0.04,44.909162,1776166406000
1776166408.007,208.007,0.9,15.0,0.89,32.05,0.88,15.0,0.87,15.0,0.86,15.0,0.94,11.8,0.95,15.0,0.96,20.0,0.97,15.0,0.98,25.0,0.06,11.8,0.05,15.0,0.04,20.0,0.03,15.0,0.02,25.0,0.1,15.0,0.11,32.05,0.12,15.0,0.13,15.0,0.14,15.0,0.04,0.04,44.90454,1776166407000
1776166409.104,209.104,0.9,15.0,0.89,32.05,0.88,15.0,0.87,15.0,0.86,15.0,0.94,11.8,0.95,15.0,0.96,20.0,0.97,15.0,0.98,25.0,0.06,11.8,0.05,15.0,0.04,20.0,0.03,15.0,0.02,25.0,0.1,15.0,0.11,32.05,0.12,15.0,0.13,15.0,0.14,15.0,0.04,0.04,44.912044,1776166408000
1776166410.013,210.013,0.9,15.0,0.89,32.05,0.88,15.0,0.87,15.0,0.86,15.0,0.94,11.8,0.95,15.0,0.96,20.0,0.97,15.0,0.98,25.0,0.06,11.8,0.05,15.0,0.04,20.0,0.03,15.0,0.02,25.0,0.1,15.0,0.11,32.05,0.12,15.0,0.13,15.0,0.14,15.0,0.04,0.04,44.912715,1776166409000
1776166411.328,211.328,0.9,15.0,0.89,32.05,0.88,15.0,0.87,15.0,0.86,15.0,0.94,11.8,0.95,15.0,0.96,20.0,0.97,15.0,0.98,25.0,0.06,11.8,0.05,15.0,0.04,20.0,0.03,15.0,0.02,25.0,0.1,15.0,0.11,32.05,0.12,15.0,0.13,15.0,0.14,15.0,0.04,0.04,44.913182,1776166410000
1776166411.536,211.536,0.94,23.0,0.92,15.0,0.91,15.0,0.9,15.0,0.89,20.05,0.96,14.95,0.97,15.0,0.98,25.0,0.99,456.0,,,0.06,11.8,0.05,15.0,0.04,20.0,0.03,15.0,0.02,25.0,0.1,15.0,0.11,32.05,0.12,15.0,0.13,15.0,0.14,15.0,0.02,0.04,44.913182,1776166410000
1776166411.94,211.94,0.94,23.0,0.92,15.0,0.91,15.0,0.9,15.0,0.89,20.05,0.96,9.9,0.97,15.0,0.98,25.0,0.99,456.0,,,0.04,9.9,0.03,15.0,0.02,25.0,0.01,456.0,,,0.06,23.0,0.08,15.0,0.09,15.0,0.1,15.0,0.11,20.05,0.02,0.02,44.912808,1776166411000
1776166413.056,213.056,0.94,23.0,0.92,15.0,0.91,15.0,0.9,15.0,0.89,20.05,0.96,9.9,0.97,15.0,0.98,25.0,0.99,456.0,,,0.04,9.9,0.03,15.0,0.02,25.0,0.01,456.0,,,0.06,23.0,0.08,15.0,0.09,15.0,0.1,15.0,0.11,20.05,0.02,0.02,44.911832,1776166412000
1776166414.145,214.145,0.94,23.0,0.92,15.0,0.91,15.0,0.9,15.0,0.89,20.05,0.96,9.9,0.97,15.0,0.98,25.0,0.99,456.0,,,0.04,9.9,0.03,15.0,0.02,25.0,0.01,456.0,,,0.06,23.0,0.08,15.0,0.09,15.0,0.1,15.0,0.11,20.05,0.02,0.02,44.911204,1776166413000
1776166415.191,215.191,0.94,23.0,0.92,15.0,0.91,15.0,0.9,15.0,0.89,20.05,0.96,9.9,0.97,15.0,0.98,25.0,0.99,456.0,,,0.04,9.9,0.03,15.0,0.02,25.0,0.01,456.0,,,0.06,23.0,0.08,15.0,0.09,15.0,0.1,15.0,0.11,20.05,0.02,0.02,44.911204,1776166414000
1776166416.317,216.317,0.94,23.0,0.92,15.0,0.91,15.0,0.9,15.0,0.89,20.05,0.96,9.9,0.97,15.0,0.98,25.0,0.99,456.0,,,0.04,9.9,0.03,15.0,0.02,25.0,0.01,456.0,,,0.06,23.0,0.08,15.0,0.09,15.0,0.1,15.0,0.11,20.05,0.02,0.02,44.910663,1776166415000
1776166417.448,217.448,0.94,23.0,0.92,15.0,0.91,15.0,0.9,15.0,0.89,20.05,0.96,9.9,0.97,15.0,0.98,25.0,0.99,456.0,,,0.04,9.9,0.03,15.0,0.02,25.0,0.01,456.0,,,0.06,23.0,0.08,15.0,0.09,15.0,0.1,15.0,0.11,20.05,0.02,0.02,44.910319,1776166416000
1776166418.001,218.001,0.94,23.0,0.92,15.0,0.91,15.0,0.9,15.0,0.89,20.05,0.96,9.9,0.97,15.0,0.98,25.0,0.99,456.0,,,0.04,9.9,0.03,15.0,0.02,25.0,0.01,456.0,,,0.06,23.0,0.08,15.0,0.09,15.0,0.1,15.0,0.11,20.05,0.02,0.02,44.909415,1776166417000
1776166419.03,219.03,0.94,23.0,0.92,15.0,0.91,15.0,0.9,15.0,0.89,20.05,0.96,9.9,0.97,15.0,0.98,25.0,0.99,456.0,,,0.04,9.9,0.03,15.0,0.02,25.0,0.01,456.0,,,0.06,23.0,0.08,15.0,0.09,15.0,0.1,15.0,0.11,20.05,0.02,0.02,44.909416,1776166418000
1776166420.148,220.148,0.94,23.0,0.92,15.0,0.91,15.0,0.9,15.0,0.89,20.05,0.96,9.9,0.97,15.0,0.98,25.0,0.99,456.0,,,0.04,9.9,0.03,15.0,0.02,25.0,0.01,456.0,,,0.06,23.0,0.08,15.0,0.09,15.0,0.1,15.0,0.11,20.05,0.02,0.02,44.908783,1776166419000
1776166421.339,221.339,0.94,23.0,0.92,15.0,0.91,15.0,0.9,15.0,0.89,20.05,0.96,9.9,0.97,15.0,0.98,25.0,0.99,456.0,,,0.04,9.9,0.03,15.0,0.02,25.0,0.01,456.0,,,0.06,23.0,0.08,15.0,0.09,15.0,0.1,15.0,0.11,20.05,0.02,0.02,44.907006,1776166420000
1776166422.407,222.407,0.94,23.0,0.92,15.0,0.91,15.0,0.9,15.0,0.89,20.05,0.96,9.9,0.97,15.0,0.98,25.0,0.99,456.0,,,0.04,9.9,0.03,15.0,0.02,25.0,0.01,456.0,,,0.06,23.0,0.08,15.0,0.09,15.0,0.1,15.0,0.11,20.05,0.02,0.02,44.900043,1776166421000
1776166422.957,222.957,0.94,23.0,0.92,15.0,0.91,15.0,0.9,15.0,0.89,20.05,0.96,9.9,0.97,15.0,0.98,25.0,0.99,456.0,,,0.04,9.9,0.03,15.0,0.02,25.0,0.01,456.0,,,0.06,23.0,0.08,15.0,0.09,15.0,0.1,15.0,0.11,20.05,0.02,0.02,44.900043,1776166422000
1776166424.005,224.005,0.94,23.0,0.92,15.0,0.91,15.0,0.9,15.0,0.89,20.05,0.96,9.9,0.97,15.0,0.98,25.0,0.99,456.0,,,0.04,9.9,0.03,15.0,0.02,25.0,0.01,456.0,,,0.06,23.0,0.08,15.0,0.09,15.0,0.1,15.0,0.11,20.05,0.02,0.02,44.900043,1776166423000
1776166425.843,225.843,0.94,23.0,0.92,15.0,0.91,15.0,0.9,15.0,0.89,20.05,0.96,9.9,0.97,15.0,0.98,25.0,0.99,456.0,,,0.04,9.9,0.03,15.0,0.02,25.0,0.01,456.0,,,0.06,23.0,0.08,15.0,0.09,15.0,0.1,15.0,0.11,20.05,0.02,0.02,44.900035,1776166424000
1776166426.394,226.394,0.94,23.0,0.92,15.0,0.91,15.0,0.9,15.0,0.89,20.05,0.96,9.9,0.97,15.0,0.98,25.0,0.99,456.0,,,0.04,9.9,0.03,15.0,0.02,25.0,0.01,456.0,,,0.06,23.0,0.08,15.0,0.09,15.0,0.1,15.0,0.11,20.05,0.02,0.02,44.900033,1776166425000
1776166427.092,227.092,0.94,23.0,0.92,15.0,0.91,15.0,0.9,15.0,0.89,20.05,0.96,9.9,0.97,15.0,0.98,25.0,0.99,456.0,,,0.04,9.9,0.03,15.0,0.02,25.0,0.01,456.0,,,0.06,23.0,0.08,15.0,0.09,15.0,0.1,15.0,0.11,20.05,0.02,0.02,44.900033,1776166426000
1776166428.688,228.688,0.94,23.0,0.92,15.0,0.91,15.0,0.9,15.0,0.89,20.05,0.96,9.9,0.97,15.0,0.98,25.0,0.99,456.0,,,0.04,9.9,0.03,15.0,0.02,25.0,0.01,456.0,,,0.06,23.0,0.08,15.0,0.09,15.0,0.1,15.0,0.11,20.05,0.02,0.02,44.89996,1776166427000
1776166429.171,229.171,0.94,23.0,0.92,15.0,0.91,15.0,0.9,15.0,0.89,20.05,0.96,9.9,0.97,15.0,0.98,25.0,0.99,456.0,,,0.04,9.9,0.03,15.0,0.02,25.0,0.01,456.0,,,0.06,23.0,0.08,15.0,0.09,15.0,0.1,15.0,0.11,20.05,0.02,0.02,44.899496,1776166428000
1776166430.389,230.389,0.94,23.0,0.92,15.0,0.91,15.0,0.9,15.0,0.89,20.05,0.96,9.9,0.97,15.0,0.98,25.0,0.99,456.0,,,0.04,9.9,0.03,15.0,0.02,25.0,0.01,456.0,,,0.06,23.0,0.08,15.0,0.09,15.0,0.1,15.0,0.11,20.05,0.02,0.02,44.899531,1776166429000
1776166431.007,231.007,0.94,23.0,0.92,15.0,0.91,15.0,0.9,15.0,0.89,20.05,0.96,9.9,0.97,15.0,0.98,25.0,0.99,456.0,,,0.04,9.9,0.03,15.0,0.02,25.0,0.01,456.0,,,0.06,23.0,0.08,15.0,0.09,15.0,0.1,15.0,0.11,20.05,0.02,0.02,44.899264,1776166430000
1776166432.067,232.067,0.94,23.0,0.92,15.0,0.91,15.0,0.9,15.0,0.89,20.05,0.96,9.9,0.97,15.0,0.98,25.0,0.99,456.0,,,0.04,9.9,0.03,15.0,0.02,25.0,0.01,456.0,,,0.06,23.0,0.08,15.0,0.09,15.0,0.1,15.0,0.11,20.05,0.02,0.02,44.899069,1776166431000
1776166433.382,233.382,0.94,23.0,0.92,15.0,0.91,15.0,0.9,15.0,0.89,20.05,0.96,9.9,0.97,15.0,0.98,25.0,0.99,456.0,,,0.04,9.9,0.03,15.0,0.02,25.0,0.01,456.0,,,0.06,23.0,0.08,15.0,0.09,15.0,0.1,15.0,0.11,20.05,0.02,0.02,44.898605,1776166432000
1776166434.297,234.297,0.94,23.0,0.92,15.0,0.91,15.0,0.9,15.0,0.89,20.05,0.96,9.9,0.97,15.0,0.98,25.0,0.99,456.0,,,0.04,9.9,0.03,15.0,0.02,25.0,0.01,456.0,,,0.06,23.0,0.08,15.0,0.09,15.0,0.1,15.0,0.11,20.05,0.02,0.02,44.898338,1776166433000
1776166434.874,234.874,0.94,23.0,0.92,15.0,0.91,15.0,0.9,15.0,0.89,20.05,0.96,9.9,0.97,15.0,0.98,25.0,0.99,456.0,,,0.04,9.9,0.03,15.0,0.02,25.0,0.01,456.0,,,0.06,23.0,0.08,15.0,0.09,15.0,0.1,15.0,0.11,20.05,0.02,0.02,44.898338,1776166434000
1776166436.067,236.067,0.94,23.0,0.92,15.0,0.91,15.0,0.9,15.0,0.89,20.05,0.96,9.9,0.97,15.0,0.98,25.0,0.99,456.0,,,0.04,9.9,0.03,15.0,0.02,25.0,0.01,456.0,,,0.06,23.0,0.08,15.0,0.09,15.0,0.1,15.0,0.11,20.05,0.02,0.02,44.898277,1776166435000
1776166437.065,237.065,0.94,23.0,0.92,15.0,0.91,15.0,0.9,15.0,0.89,20.05,0.96,9.9,0.97,15.0,0.98,25.0,0.99,456.0,,,0.04,9.9,0.03,15.0,0.02,25.0,0.01,456.0,,,0.06,23.0,0.08,15.0,0.09,15.0,0.1,15.0,0.11,20.05,0.02,0.02,44.898277,1776166436000
1776166438.245,238.245,0.94,23.0,0.92,15.0,0.91,15.0,0.9,15.0,0.89,20.05,0.96,9.9,0.97,15.0,0.98,25.0,0.99,456.0,,,0.04,9.9,0.03,15.0,0.02,25.0,0.01,456.0,,,0.06,23.0,0.08,15.0,0.09,15.0,0.1,15.0,0.11,20.05,0.02,0.02,44.898277,1776166437000
1776166439.349,239.349,0.94,23.0,0.92,15.0,0.91,15.0,0.9,15.0,0.89,20.05,0.96,9.9,0.97,15.0,0.98,25.0,0.99,456.0,,,0.04,9.9,0.03,15.0,0.02,25.0,0.01,456.0,,,0.06,23.0,0.08,15.0,0.09,15.0,0.1,15.0,0.11,20.05,0.02,0.02,44.898074,1776166438000
1776166440.957,240.957,0.94,23.0,0.92,15.0,0.91,15.0,0.9,15.0,0.89,20.05,0.96,9.9,0.97,15.0,0.98,25.0,0.99,456.0,,,0.04,9.9,0.03,15.0,0.02,25.0,0.01,456.0,,,0.06,23.0,0.08,15.0,0.09,15.0,0.1,15.0,0.11,20.05,0.02,0.02,44.898074,1776166439000
1776166441.642,241.642,0.94,23.0,0.92,15.0,0.91,15.0,0.9,15.0,0.89,20.05,0.96,9.9,0.97,15.0,0.98,25.0,0.99,456.0,,,0.04,9.9,0.03,15.0,0.02,25.0,0.01,456.0,,,0.06,23.0,0.08,15.0,0.09,15.0,0.1,15.0,0.11,20.05,0.02,0.02,44.897537,1776166440000
1776166442.483,242.483,0.92,21.0,0.91,5.49,0.89,5.05,0.87,15.0,0.86,15.0,0.94,6.48,0.95,15.0,0.96,9.9,0.97,15.0,0.98,25.0,0.06,6.48,0.05,15.0,0.04,9.9,0.03,15.0,0.02,25.0,0.08,21.0,0.09,5.49,0.11,5.05,0.13,15.0,0.14,15.0,0.02,0.02,44.897537,1776166441000
1776166443.496,243.496,0.92,21.0,0.91,5.49,0.89,5.05,0.87,15.0,0.86,15.0,0.94,6.48,0.95,15.0,0.96,9.9,0.97,15.0,0.98,25.0,0.06,6.48,0.05,15.0,0.04,9.9,0.03,15.0,0.02,25.0,0.08,21.0,0.09,5.49,0.11,5.05,0.13,15.0,0.14,15.0,0.02,0.02,44.895823,1776166442000
1776166444.075,244.075,0.92,21.0,0.91,5.49,0.89,5.05,0.87,15.0,0.86,15.0,0.94,6.48,0.95,15.0,0.96,9.9,0.97,15.0,0.98,25.0,0.06,6.48,0.05,15.0,0.04,9.9,0.03,15.0,0.02,25.0,0.08,21.0,0.09,5.49,0.11,5.05,0.13,15.0,0.14,15.0,0.02,0.02,44.894704,1776166443000
1776166445.66,245.66,0.92,21.0,0.91,5.49,0.89,5.05,0.87,15.0,0.86,15.0,0.94,6.48,0.95,15.0,0.96,9.9,0.97,15.0,0.98,25.0,0.06,6.48,0.05,15.0,0.04,9.9,0.03,15.0,0.02,25.0,0.08,21.0,0.09,5.49,0.11,5.05,0.13,15.0,0.14,15.0,0.02,0.02,44.893206,1776166444000
1776166446.396,246.396,0.92,21.0,0.91,5.49,0.89,5.05,0.87,15.0,0.86,15.0,0.94,6.48,0.95,15.0,0.96,9.9,0.97,15.0,0.98,25.0,0.06,6.48,0.05,15.0,0.04,9.9,0.03,15.0,0.02,25.0,0.08,21.0,0.09,5.49,0.11,5.05,0.13,15.0,0.14,15.0,0.02,0.02,44.894276,1776166445000
1776166447.806,247.806,0.92,21.0,0.91,5.49,0.89,5.05,0.87,15.0,0.86,15.0,0.94,6.48,0.95,15.0,0.96,9.9,0.97,15.0,0.98,25.0,0.06,6.48,0.05,15.0,0.04,9.9,0.03,15.0,0.02,25.0,0.08,21.0,0.09,5.49,0.11,5.05,0.13,15.0,0.14,15.0,0.02,0.02,44.894276,1776166446000
1776166448.439,248.439,0.92,21.0,0.91,5.49,0.89,5.05,0.87,15.0,0.86,15.0,0.94,6.48,0.95,15.0,0.96,9.9,0.97,15.0,0.98,25.0,0.06,6.48,0.05,15.0,0.04,9.9,0.03,15.0,0.02,25.0,0.08,21.0,0.09,5.49,0.11,5.05,0.13,15.0,0.14,15.0,0.02,0.02,44.894255,1776166447000
1776166449.199,249.199,0.92,21.0,0.91,5.49,0.89,5.05,0.87,15.0,0.86,15.0,0.94,6.48,0.95,15.0,0.96,9.9,0.97,15.0,0.98,25.0,0.06,6.48,0.05,15.0,0.04,9.9,0.03,15.0,0.02,25.0,0.08,21.0,0.09,5.49,0.11,5.05,0.13,15.0,0.14,15.0,0.02,0.02,44.894523,1776166448000
1776166450.906,250.906,0.92,21.0,0.91,5.49,0.89,5.05,0.87,15.0,0.86,15.0,0.94,6.48,0.95,15.0,0.96,9.9,0.97,15.0,0.98,25.0,0.06,6.48,0.05,15.0,0.04,9.9,0.03,15.0,0.02,25.0,0.08,21.0,0.09,5.49,0.11,5.05,0.13,15.0,0.14,15.0,0.02,0.02,44.895866,1776166449000
1776166451.403,251.403,0.92,21.0,0.91,5.49,0.89,5.05,0.87,15.0,0.86,15.0,0.94,6.48,0.95,15.0,0.96,9.9,0.97,15.0,0.98,25.0,0.06,6.48,0.05,15.0,0.04,9.9,0.03,15.0,0.02,25.0,0.08,21.0,0.09,5.49,0.11,5.05,0.13,15.0,0.14,15.0,0.02,0.02,44.895866,1776166450000
1776166452.504,252.504,0.92,21.0,0.91,5.49,0.89,5.05,0.87,15.0,0.86,15.0,0.94,6.48,0.95,15.0,0.96,9.9,0.97,15.0,0.98,25.0,0.06,6.48,0.05,15.0,0.04,9.9,0.03,15.0,0.02,25.0,0.08,21.0,0.09,5.49,0.11,5.05,0.13,15.0,0.14,15.0,0.02,0.02,44.897473,1776166451000
1776166453.456,253.456,0.92,21.0,0.91,5.49,0.89,5.05,0.87,15.0,0.86,15.0,0.94,6.48,0.95,15.0,0.96,9.9,0.97,15.0,0.98,25.0,0.06,6.48,0.05,15.0,0.04,9.9,0.03,15.0,0.02,25.0,0.08,21.0,0.09,5.49,0.11,5.05,0.13,15.0,0.14,15.0,0.02,0.02,44.897473,1776166452000
1776166454.199,254.199,0.92,21.0,0.91,5.49,0.89,5.05,0.87,15.0,0.86,15.0,0.94,6.48,0.95,15.0,0.96,9.9,0.97,15.0,0.98,25.0,0.06,6.48,0.05,15.0,0.04,9.9,0.03,15.0,0.02,25.0,0.08,21.0,0.09,5.49,0.11,5.05,0.13,15.0,0.14,15.0,0.02,0.02,44.897375,1776166453000
1776166455.949,255.949,0.92,21.0,0.91,5.49,0.89,5.05,0.87,15.0,0.86,15.0,0.94,6.48,0.95,15.0,0.96,9.9,0.97,15.0,0.98,25.0,0.06,6.48,0.05,15.0,0.04,9.9,0.03,15.0,0.02,25.0,0.08,21.0,0.09,5.49,0.11,5.05,0.13,15.0,0.14,15.0,0.02,0.02,44.89711,1776166454000
1776166457.151,257.151,0.92,21.0,0.91,5.49,0.89,5.05,0.87,15.0,0.86,15.0,0.94,6.48,0.95,15.0,0.96,9.9,0.97,15.0,0.98,25.0,0.06,6.48,0.05,15.0,0.04,9.9,0.03,15.0,0.02,25.0,0.08,21.0,0.09,5.49,0.11,5.05,0.13,15.0,0.14,15.0,0.02,0.02,44.897068,1776166455000
1776166457.819,257.819,0.97,15.0,0.96,15.0,0.95,15.0,0.94,15.0,0.93,15.0,0.99,431.0,,,,,,,,,0.06,6.48,0.05,15.0,0.04,9.9,0.03,15.0,0.02,25.0,0.08,21.0,0.09,5.49,0.11,5.05,0.13,15.0,0.14,15.0,0.02,0.02,44.897068,1776166455000
1776166458.112,258.112,0.97,15.0,0.96,15.0,0.95,15.0,0.94,15.0,0.93,15.0,0.99,431.0,,,,,,,,,0.01,431.0,,,,,,,,,0.03,15.0,0.04,15.0,0.05,15.0,0.06,15.0,0.07,15.0,0.02,0.02,44.89787,1776166456000
1776166459.154,259.154,0.97,15.0,0.96,15.0,0.95,15.0,0.94,15.0,0.93,15.0,0.99,431.0,,,,,,,,,0.01,431.0,,,,,,,,,0.03,15.0,0.04,15.0,0.05,15.0,0.06,15.0,0.07,15.0,0.02,0.02,44.897892,1776166457000
1776166460.095,260.095,0.97,15.0,0.96,15.0,0.95,15.0,0.94,15.0,0.93,15.0,0.99,431.0,,,,,,,,,0.01,431.0,,,,,,,,,0.03,15.0,0.04,15.0,0.05,15.0,0.06,15.0,0.07,15.0,0.02,0.02,44.898966,1776166458000
1776166460.956,260.956,0.97,15.0,0.96,15.0,0.95,15.0,0.94,15.0,0.93,15.0,0.99,431.0,,,,,,,,,0.01,431.0,,,,,,,,,0.03,15.0,0.04,15.0,0.05,15.0,0.06,15.0,0.07,15.0,0.02,0.02,44.901026,1776166459000
1776166462.251,262.251,0.97,15.0,0.96,15.0,0.95,15.0,0.94,15.0,0.93,15.0,0.99,431.0,,,,,,,,,0.01,431.0,,,,,,,,,0.03,15.0,0.04,15.0,0.05,15.0,0.06,15.0,0.07,15.0,0.02,0.02,44.901808,1776166461000
1776166463.949,263.949,0.97,15.0,0.96,15.0,0.95,15.0,0.94,15.0,0.93,15.0,0.99,431.0,,,,,,,,,0.01,431.0,,,,,,,,,0.03,15.0,0.04,15.0,0.05,15.0,0.06,15.0,0.07,15.0,0.02,0.02,44.902073,1776166462000
1776166464.618,264.618,0.97,15.0,0.96,15.0,0.95,15.0,0.94,15.0,0.93,15.0,0.99,431.0,,,,,,,,,0.01,431.0,,,,,,,,,0.03,15.0,0.04,15.0,0.05,15.0,0.06,15.0,0.07,15.0,0.02,0.02,44.902075,1776166463000
1776166465.789,265.789,0.97,15.0,0.96,15.0,0.95,15.0,0.94,15.0,0.93,15.0,0.99,431.0,,,,,,,,,0.01,431.0,,,,,,,,,0.03,15.0,0.04,15.0,0.05,15.0,0.06,15.0,0.07,15.0,0.02,0.02,44.902075,1776166464000
1776166466.483,266.483,0.97,15.0,0.96,15.0,0.95,15.0,0.94,15.0,0.93,15.0,0.99,431.0,,,,,,,,,0.01,431.0,,,,,,,,,0.03,15.0,0.04,15.0,0.05,15.0,0.06,15.0,0.07,15.0,0.02,0.02,44.901539,1776166465000
1776166467.389,267.389,0.97,15.0,0.96,15.0,0.95,15.0,0.94,15.0,0.93,15.0,0.99,431.0,,,,,,,,,0.01,431.0,,,,,,,,,0.03,15.0,0.04,15.0,0.05,15.0,0.06,15.0,0.07,15.0,0.02,0.02,44.901419,1776166466000
1776166468.923,268.923,0.97,15.0,0.96,15.0,0.95,15.0,0.94,15.0,0.93,15.0,0.99,431.0,,,,,,,,,0.01,431.0,,,,,,,,,0.03,15.0,0.04,15.0,0.05,15.0,0.06,15.0,0.07,15.0,0.02,0.02,44.906171,1776166467000
1776166469.444,269.444,0.97,15.0,0.96,15.0,0.95,15.0,0.94,15.0,0.93,15.0,0.99,431.0,,,,,,,,,0.01,431.0,,,,,,,,,0.03,15.0,0.04,15.0,0.05,15.0,0.06,15.0,0.07,15.0,0.02,0.02,44.904304,1776166468000
1776166470.061,270.061,0.97,15.0,0.96,15.0,0.95,15.0,0.94,15.0,0.93,15.0,0.99,431.0,,,,,,,,,0.01,431.0,,,,,,,,,0.03,15.0,0.04,15.0,0.05,15.0,0.06,15.0,0.07,15.0,0.02,0.02,44.905216,1776166469000
1776166470.41,270.41,0.98,15.0,0.97,15.0,0.96,15.0,0.95,15.0,0.94,15.0,0.99,312.96,,,,,,,,,0.01,431.0,,,,,,,,,0.03,15.0,0.04,15.0,0.05,15.0,0.06,15.0,0.07,15.0,0.01,0.02,44.905216,1776166469000
1776166470.687,270.687,0.98,15.0,0.97,15.0,0.96,15.0,0.95,15.0,0.94,15.0,0.99,297.81,,,,,,,,,0.01,312.96,,,,,,,,,0.02,15.0,0.03,15.0,0.04,15.0,0.05,15.0,0.06,15.0,0.01,0.01,44.905216,1776166469000
1776166471.496,271.496,0.98,15.0,0.97,15.0,0.96,15.0,0.95,15.0,0.94,15.0,0.99,287.71,,,,,,,,,0.01,287.71,,,,,,,,,0.02,15.0,0.03,15.0,0.04,15.0,0.05,15.0,0.06,15.0,0.01,0.01,44.906876,1776166470000
1776166472.39,272.39,0.98,15.0,0.97,15.0,0.96,15.0,0.95,15.0,0.94,15.0,0.99,287.71,,,,,,,,,0.01,287.71,,,,,,,,,0.02,15.0,0.03,15.0,0.04,15.0,0.05,15.0,0.06,15.0,0.01,0.01,44.910707,1776166471000
1776166473.766,273.766,0.98,15.0,0.97,15.0,0.96,15.0,0.95,15.0,0.94,15.0,0.99,285.68,,,,,,,,,0.01,285.68,,,,,,,,,0.02,15.0,0.03,15.0,0.04,15.0,0.05,15.0,0.06,15.0,0.01,0.01,44.910871,1776166472000
1776166474.085,274.085,0.98,15.0,0.97,15.0,0.96,15.0,0.95,15.0,0.94,15.0,0.99,284.66,,,,,,,,,0.01,285.68,,,,,,,,,0.02,15.0,0.03,15.0,0.04,15.0,0.05,15.0,0.06,15.0,0.01,0.01,44.910871,1776166472000
1776166474.473,274.473,0.98,15.0,0.97,15.0,0.96,15.0,0.95,15.0,0.94,15.0,0.99,284.66,,,,,,,,,0.01,284.66,,,,,,,,,0.02,15.0,0.03,15.0,0.04,15.0,0.05,15.0,0.06,15.0,0.01,0.01,44.911606,1776166473000
1776166475.304,275.304,0.98,15.0,0.97,15.0,0.96,15.0,0.95,15.0,0.94,15.0,0.99,284.66,,,,,,,,,0.01,284.66,,,,,,,,,0.02,15.0,0.03,15.0,0.04,15.0,0.05,15.0,0.06,15.0,0.01,0.01,44.911676,1776166474000
1776166475.571,275.571,0.99,715.34,0.89,56.05,0.87,10.0,0.39,12.82,0.3,100.0,,,,,,,,,,,0.01,284.66,,,,,,,,,0.02,15.0,0.03,15.0,0.04,15.0,0.05,15.0,0.06,15.0,,0.01,44.911676,1776166474000
1776166476.817,276.817,0.99,715.34,0.89,56.05,0.87,10.0,0.39,12.82,0.3,100.0,,,,,,,,,,,,,,,,,,,,,0.01,715.34,0.11,56.05,0.13,10.0,0.61,12.82,0.7,100.0,,,44.911947,1776166475000
1776166477.609,277.609,0.99,715.34,0.89,56.05,0.87,10.0,0.39,12.82,0.3,100.0,,,,,,,,,,,,,,,,,,,,,0.01,715.34,0.11,56.05,0.13,10.0,0.61,12.82,0.7,100.0,,,44.911946,1776166476000
1776166478.339,278.339,0.99,715.34,0.89,56.05,0.87,10.0,0.39,12.82,0.3,100.0,,,,,,,,,,,,,,,,,,,,,0.01,715.34,0.11,56.05,0.13,10.0,0.61,12.82,0.7,100.0,,,44.911946,1776166477000
1776166479.096,279.096,0.99,715.34,0.89,56.05,0.87,10.0,0.39,12.82,0.3,100.0,,,,,,,,,,,,,,,,,,,,,0.01,715.34,0.11,56.05,0.13,10.0,0.61,12.82,0.7,100.0,,,44.911883,1776166478000
1776166480.82,280.82,0.99,715.34,0.89,56.05,0.87,10.0,0.39,12.82,0.3,100.0,,,,,,,,,,,,,,,,,,,,,0.01,715.34,0.11,56.05,0.13,10.0,0.61,12.82,0.7,100.0,,,44.912706,1776166479000
1776166481.886,281.886,0.99,715.34,0.89,56.05,0.87,10.0,0.39,12.82,0.3,100.0,,,,,,,,,,,,,,,,,,,,,0.01,715.34,0.11,56.05,0.13,10.0,0.61,12.82,0.7,100.0,,,44.915381,1776166480000
1776166482.559,282.559,0.99,715.34,0.89,56.05,0.87,10.0,0.39,12.82,0.3,100.0,,,,,,,,,,,,,,,,,,,,,0.01,715.34,0.11,56.05,0.13,10.0,0.61,12.82,0.7,100.0,,,44.915381,1776166481000
1776166483.07,283.07,0.99,715.34,0.89,56.05,0.87,10.0,0.39,12.82,0.3,100.0,,,,,,,,,,,,,,,,,,,,,0.01,715.34,0.11,56.05,0.13,10.0,0.61,12.82,0.7,100.0,,,44.915381,1776166482000
1776166484.478,284.478,0.99,715.34,0.89,56.05,0.87,10.0,0.39,12.82,0.3,100.0,,,,,,,,,,,,,,,,,,,,,0.01,715.34,0.11,56.05,0.13,10.0,0.61,12.82,0.7,100.0,,,44.91596,1776166483000
1776166485.253,285.253,0.99,715.34,0.89,56.05,0.87,10.0,0.39,12.82,0.3,100.0,,,,,,,,,,,,,,,,,,,,,0.01,715.34,0.11,56.05,0.13,10.0,0.61,12.82,0.7,100.0,,,44.91596,1776166484000
1776166486.599,286.599,0.99,715.34,0.89,56.05,0.87,10.0,0.39,12.82,0.3,100.0,,,,,,,,,,,,,,,,,,,,,0.01,715.34,0.11,56.05,0.13,10.0,0.61,12.82,0.7,100.0,,,44.917545,1776166485000
1776166487.13,287.13,0.99,715.34,0.89,56.05,0.87,10.0,0.39,12.82,0.3,100.0,,,,,,,,,,,,,,,,,,,,,0.01,715.34,0.11,56.05,0.13,10.0,0.61,12.82,0.7,100.0,,,44.917545,1776166486000
1776166488.519,288.519,0.99,715.34,0.89,56.05,0.87,10.0,0.39,12.82,0.3,100.0,,,,,,,,,,,,,,,,,,,,,0.01,715.34,0.11,56.05,0.13,10.0,0.61,12.82,0.7,100.0,,,44.917545,1776166487000
1776166489.008,289.008,0.99,715.34,0.89,56.05,0.87,10.0,0.39,12.82,0.3,100.0,,,,,,,,,,,,,,,,,,,,,0.01,715.34,0.11,56.05,0.13,10.0,0.61,12.82,0.7,100.0,,,44.917456,1776166488000
1776166490.241,290.241,0.99,715.34,0.89,56.05,0.87,10.0,0.39,12.82,0.3,100.0,,,,,,,,,,,,,,,,,,,,,0.01,715.34,0.11,56.05,0.13,10.0,0.61,12.82,0.7,100.0,,,44.917456,1776166489000
1776166491.462,291.462,0.99,715.34,0.89,56.05,0.87,10.0,0.39,12.82,0.3,100.0,,,,,,,,,,,,,,,,,,,,,0.01,715.34,0.11,56.05,0.13,10.0,0.61,12.82,0.7,100.0,,,44.917595,1776166490000
1776166492.237,292.237,0.99,715.34,0.89,56.05,0.87,10.0,0.39,12.82,0.3,100.0,,,,,,,,,,,,,,,,,,,,,0.01,715.34,0.11,56.05,0.13,10.0,0.61,12.82,0.7,100.0,,,44.919444,1776166491000
1776166493.504,293.504,0.99,715.34,0.89,56.05,0.87,10.0,0.39,12.82,0.3,100.0,,,,,,,,,,,,,,,,,,,,,0.01,715.34,0.11,56.05,0.13,10.0,0.61,12.82,0.7,100.0,,,44.923014,1776166492000
1776166494.127,294.127,0.99,715.34,0.89,56.05,0.87,10.0,0.39,12.82,0.3,100.0,,,,,,,,,,,,,,,,,,,,,0.01,715.34,0.11,56.05,0.13,10.0,0.61,12.82,0.7,100.0,,,44.923014,1776166493000
1776166495.438,295.438,0.99,715.34,0.89,56.05,0.87,10.0,0.39,12.82,0.3,100.0,,,,,,,,,,,,,,,,,,,,,0.01,715.34,0.11,56.05,0.13,10.0,0.61,12.82,0.7,100.0,,,44.923194,1776166494000
1776166496.091,296.091,0.99,715.34,0.89,56.05,0.87,10.0,0.39,12.82,0.3,100.0,,,,,,,,,,,,,,,,,,,,,0.01,715.34,0.11,56.05,0.13,10.0,0.61,12.82,0.7,100.0,,,44.923995,1776166495000
1776166497.466,297.466,0.99,715.34,0.89,56.05,0.87,10.0,0.39,12.82,0.3,100.0,,,,,,,,,,,,,,,,,,,,,0.01,715.34,0.11,56.05,0.13,10.0,0.61,12.82,0.7,100.0,,,44.923995,1776166496000
1776166498.406,298.406,0.99,715.34,0.89,56.05,0.87,10.0,0.39,12.82,0.3,100.0,,,,,,,,,,,,,,,,,,,,,0.01,715.34,0.11,56.05,0.13,10.0,0.61,12.82,0.7,100.0,,,44.924007,1776166497000
1776166499.021,299.021,0.99,715.34,0.89,56.05,0.87,10.0,0.39,12.82,0.3,100.0,,,,,,,,,,,,,,,,,,,,,0.01,715.34,0.11,56.05,0.13,10.0,0.61,12.82,0.7,100.0,,,44.924007,1776166498000
1776166500.162,300.162,0.99,715.34,0.89,56.05,0.87,10.0,0.39,12.82,0.3,100.0,,,,,,,,,,,,,,,,,,,,,0.01,715.34,0.11,56.05,0.13,10.0,0.61,12.82,0.7,100.0,,,44.92336,1776166499000
1776166501.271,301.271,0.99,715.34,0.89,56.05,0.87,10.0,0.39,12.82,0.3,100.0,,,,,,,,,,,,,,,,,,,,,0.01,715.34,0.11,56.05,0.13,10.0,0.61,12.82,0.7,100.0,,,44.923317,1776166500000
1776166502.402,302.402,0.99,715.34,0.89,56.05,0.87,10.0,0.39,12.82,0.3,100.0,,,,,,,,,,,,,,,,,,,,,0.01,715.34,0.11,56.05,0.13,10.0,0.61,12.82,0.7,100.0,,,44.923317,1776166501000

# RESULT,winner=Up,slug=hype-updown-5m-1776166200,ticks=312
