timestamp,elapsed_sec,up_bid_p1,up_bid_s1,up_bid_p2,up_bid_s2,up_ask_p1,up_ask_s1,up_ask_p2,up_ask_s2,down_bid_p1,down_bid_s1,down_bid_p2,down_bid_s2,down_ask_p1,down_ask_s1,down_ask_p2,down_ask_s2,up_spread,down_spread,hype_price,hype_oracle_ts
1776212401.457,1.457,,,,,,,,,,,,,,,,,,,43.484965,1776212400000
1776212401.807,1.807,0.11,100.0,0.08,50.0,0.51,5.0,0.89,100.0,0.49,5.0,0.11,100.0,0.89,100.0,0.92,50.0,0.4,0.4,43.484965,1776212400000
1776212402.202,2.202,0.11,100.0,0.08,50.0,0.51,5.0,0.89,100.0,0.49,5.0,0.11,100.0,0.89,100.0,0.92,50.0,0.4,0.4,43.484942,1776212401000
1776212403.199,3.199,0.11,100.0,0.08,50.0,0.51,5.0,0.89,100.0,0.49,5.0,0.11,100.0,0.89,100.0,0.92,50.0,0.4,0.4,43.484754,1776212402000
1776212404.415,4.415,0.11,100.0,0.08,50.0,0.51,5.0,0.89,100.0,0.49,5.0,0.11,100.0,0.89,100.0,0.92,50.0,0.4,0.4,43.484478,1776212403000
1776212405.151,5.151,0.11,100.0,0.08,50.0,0.51,5.0,0.89,100.0,0.49,5.0,0.11,100.0,0.89,100.0,0.92,50.0,0.4,0.4,43.485522,1776212404000
1776212406.317,6.317,0.11,100.0,0.08,50.0,0.51,5.0,0.89,100.0,0.49,5.0,0.11,100.0,0.89,100.0,0.92,50.0,0.4,0.4,43.485193,1776212405000
1776212407.483,7.483,0.11,100.0,0.08,50.0,0.51,5.0,0.89,100.0,0.49,5.0,0.11,100.0,0.89,100.0,0.92,50.0,0.4,0.4,43.485029,1776212406000
1776212408.026,8.026,0.11,100.0,0.08,50.0,0.51,5.0,0.89,100.0,0.49,5.0,0.11,100.0,0.89,100.0,0.92,50.0,0.4,0.4,43.485261,1776212407000
1776212409.164,9.164,0.11,100.0,0.08,50.0,0.51,5.0,0.89,100.0,0.49,5.0,0.11,100.0,0.89,100.0,0.92,50.0,0.4,0.4,43.485426,1776212408000
1776212410.303,10.303,0.11,100.0,0.08,50.0,0.51,5.0,0.89,100.0,0.49,5.0,0.11,100.0,0.89,100.0,0.92,50.0,0.4,0.4,43.485756,1776212409000
1776212410.916,10.916,0.53,5.0,0.48,28.0,0.7,10.0,0.72,5.0,0.3,10.0,0.28,5.0,0.47,5.0,0.52,28.0,0.17,0.17,43.490554,1776212410000
1776212412.135,12.135,0.53,5.0,0.48,28.0,0.7,10.0,0.72,5.0,0.3,10.0,0.28,5.0,0.47,5.0,0.52,28.0,0.17,0.17,43.491959,1776212411000
1776212413.252,13.252,0.53,5.0,0.48,28.0,0.7,10.0,0.72,5.0,0.3,10.0,0.28,5.0,0.47,5.0,0.52,28.0,0.17,0.17,43.496281,1776212412000
1776212414.396,14.396,0.53,5.0,0.48,28.0,0.7,10.0,0.72,5.0,0.3,10.0,0.28,5.0,0.47,5.0,0.52,28.0,0.17,0.17,43.499503,1776212413000
1776212414.978,14.978,0.53,5.0,0.48,28.0,0.7,10.0,0.72,5.0,0.3,10.0,0.28,5.0,0.47,5.0,0.52,28.0,0.17,0.17,43.499549,1776212414000
1776212416.724,16.724,0.53,5.0,0.48,28.0,0.7,10.0,0.72,5.0,0.3,10.0,0.28,5.0,0.47,5.0,0.52,28.0,0.17,0.17,43.500273,1776212415000
1776212417.406,17.406,0.53,5.0,0.48,28.0,0.7,10.0,0.72,5.0,0.3,10.0,0.28,5.0,0.47,5.0,0.52,28.0,0.17,0.17,43.500366,1776212416000
1776212418.082,18.082,0.53,5.0,0.48,28.0,0.7,10.0,0.72,5.0,0.3,10.0,0.28,5.0,0.47,5.0,0.52,28.0,0.17,0.17,43.500826,1776212417000
1776212419.198,19.198,0.53,5.0,0.48,28.0,0.7,10.0,0.72,5.0,0.3,10.0,0.28,5.0,0.47,5.0,0.52,28.0,0.17,0.17,43.501378,1776212418000
1776212420.672,20.672,0.53,5.0,0.48,28.0,0.7,10.0,0.72,5.0,0.3,10.0,0.28,5.0,0.47,5.0,0.52,28.0,0.17,0.17,43.50206,1776212419000
1776212421.314,21.314,0.53,5.0,0.48,28.0,0.7,10.0,0.72,5.0,0.3,10.0,0.28,5.0,0.47,5.0,0.52,28.0,0.17,0.17,43.508076,1776212420000
1776212421.96,21.96,0.53,5.0,0.48,28.0,0.7,10.0,0.72,5.0,0.3,10.0,0.28,5.0,0.47,5.0,0.52,28.0,0.17,0.17,43.508092,1776212421000
1776212423.196,23.196,0.53,5.0,0.48,28.0,0.7,10.0,0.72,5.0,0.3,10.0,0.28,5.0,0.47,5.0,0.52,28.0,0.17,0.17,43.515362,1776212422000
1776212423.957,23.957,0.53,5.0,0.48,28.0,0.7,10.0,0.72,5.0,0.3,10.0,0.28,5.0,0.47,5.0,0.52,28.0,0.17,0.17,43.522389,1776212423000
1776212425.697,25.697,0.53,5.0,0.48,28.0,0.7,10.0,0.72,5.0,0.3,10.0,0.28,5.0,0.47,5.0,0.52,28.0,0.17,0.17,43.523969,1776212424000
1776212426.517,26.517,0.53,5.0,0.48,28.0,0.7,10.0,0.72,5.0,0.3,10.0,0.28,5.0,0.47,5.0,0.52,28.0,0.17,0.17,43.527367,1776212425000
1776212427.237,27.237,0.53,5.0,0.48,28.0,0.7,10.0,0.72,5.0,0.3,10.0,0.28,5.0,0.47,5.0,0.52,28.0,0.17,0.17,43.528074,1776212426000
1776212428.801,28.801,0.53,5.0,0.48,28.0,0.7,10.0,0.72,5.0,0.3,10.0,0.28,5.0,0.47,5.0,0.52,28.0,0.17,0.17,43.526428,1776212427000
1776212429.388,29.388,0.53,5.0,0.48,28.0,0.7,10.0,0.72,5.0,0.3,10.0,0.28,5.0,0.47,5.0,0.52,28.0,0.17,0.17,43.527327,1776212428000
1776212430.11,30.11,0.53,5.0,0.48,28.0,0.7,10.0,0.72,5.0,0.3,10.0,0.28,5.0,0.47,5.0,0.52,28.0,0.17,0.17,43.527441,1776212429000
1776212431.555,31.555,0.53,5.0,0.48,28.0,0.7,10.0,0.72,5.0,0.3,10.0,0.28,5.0,0.47,5.0,0.52,28.0,0.17,0.17,43.527513,1776212430000
1776212432.119,32.119,0.53,5.0,0.48,28.0,0.7,10.0,0.72,5.0,0.3,10.0,0.28,5.0,0.47,5.0,0.52,28.0,0.17,0.17,43.527466,1776212431000
1776212433.561,33.561,0.53,5.0,0.48,28.0,0.7,10.0,0.72,5.0,0.3,10.0,0.28,5.0,0.47,5.0,0.52,28.0,0.17,0.17,43.526986,1776212432000
1776212434.738,34.738,0.53,5.0,0.48,28.0,0.7,10.0,0.72,5.0,0.3,10.0,0.28,5.0,0.47,5.0,0.52,28.0,0.17,0.17,43.526986,1776212433000
1776212435.277,35.277,0.53,5.0,0.48,28.0,0.7,10.0,0.72,5.0,0.3,10.0,0.28,5.0,0.47,5.0,0.52,28.0,0.17,0.17,43.52701,1776212434000
1776212436.127,36.127,0.53,5.0,0.48,28.0,0.7,10.0,0.72,5.0,0.3,10.0,0.28,5.0,0.47,5.0,0.52,28.0,0.17,0.17,43.52701,1776212435000
1776212437.154,37.154,0.53,5.0,0.48,28.0,0.7,10.0,0.72,5.0,0.3,10.0,0.28,5.0,0.47,5.0,0.52,28.0,0.17,0.17,43.523516,1776212436000
1776212438.107,38.107,0.53,5.0,0.48,28.0,0.7,10.0,0.72,5.0,0.3,10.0,0.28,5.0,0.47,5.0,0.52,28.0,0.17,0.17,43.526083,1776212437000
1776212439.095,39.095,0.53,5.0,0.48,28.0,0.7,10.0,0.72,5.0,0.3,10.0,0.28,5.0,0.47,5.0,0.52,28.0,0.17,0.17,43.526083,1776212438000
1776212440.139,40.139,0.53,5.0,0.48,28.0,0.7,10.0,0.72,5.0,0.3,10.0,0.28,5.0,0.47,5.0,0.52,28.0,0.17,0.17,43.526425,1776212439000
1776212441.092,41.092,0.53,5.0,0.48,28.0,0.7,10.0,0.72,5.0,0.3,10.0,0.28,5.0,0.47,5.0,0.52,28.0,0.17,0.17,43.526568,1776212440000
1776212442.052,42.052,0.53,5.0,0.48,28.0,0.7,10.0,0.72,5.0,0.3,10.0,0.28,5.0,0.47,5.0,0.52,28.0,0.17,0.17,43.527207,1776212441000
1776212443.002,43.002,0.53,5.0,0.48,28.0,0.7,10.0,0.72,5.0,0.3,10.0,0.28,5.0,0.47,5.0,0.52,28.0,0.17,0.17,43.527235,1776212442000
1776212443.992,43.992,0.53,5.0,0.48,28.0,0.7,10.0,0.72,5.0,0.3,10.0,0.28,5.0,0.47,5.0,0.52,28.0,0.17,0.17,43.523314,1776212443000
1776212444.922,44.922,0.53,5.0,0.48,28.0,0.7,10.0,0.72,5.0,0.3,10.0,0.28,5.0,0.47,5.0,0.52,28.0,0.17,0.17,43.523151,1776212444000
1776212445.884,45.884,0.53,5.0,0.48,28.0,0.7,10.0,0.72,5.0,0.3,10.0,0.28,5.0,0.47,5.0,0.52,28.0,0.17,0.17,43.523151,1776212445000
1776212447.415,47.415,0.53,5.0,0.48,28.0,0.7,10.0,0.72,5.0,0.3,10.0,0.28,5.0,0.47,5.0,0.52,28.0,0.17,0.17,43.523148,1776212446000
1776212447.877,47.877,0.53,5.0,0.48,28.0,0.7,10.0,0.72,5.0,0.3,10.0,0.28,5.0,0.47,5.0,0.52,28.0,0.17,0.17,43.523169,1776212447000
1776212448.902,48.902,0.53,5.0,0.48,28.0,0.7,10.0,0.72,5.0,0.3,10.0,0.28,5.0,0.47,5.0,0.52,28.0,0.17,0.17,43.522771,1776212448000
1776212449.877,49.877,0.53,5.0,0.48,28.0,0.7,10.0,0.72,5.0,0.3,10.0,0.28,5.0,0.47,5.0,0.52,28.0,0.17,0.17,43.522461,1776212449000
1776212450.948,50.948,0.53,5.0,0.48,28.0,0.7,10.0,0.72,5.0,0.3,10.0,0.28,5.0,0.47,5.0,0.52,28.0,0.17,0.17,43.521169,1776212450000
1776212451.861,51.861,0.53,5.0,0.48,28.0,0.7,10.0,0.72,5.0,0.3,10.0,0.28,5.0,0.47,5.0,0.52,28.0,0.17,0.17,43.521168,1776212451000
1776212452.941,52.941,0.53,5.0,0.48,28.0,0.7,10.0,0.72,5.0,0.3,10.0,0.28,5.0,0.47,5.0,0.52,28.0,0.17,0.17,43.522434,1776212452000
1776212453.841,53.841,0.53,5.0,0.48,28.0,0.7,10.0,0.72,5.0,0.3,10.0,0.28,5.0,0.47,5.0,0.52,28.0,0.17,0.17,43.525389,1776212453000
1776212454.588,54.588,0.67,10.0,0.6,5.0,0.74,4.37,0.75,15.0,0.3,10.0,0.28,5.0,0.47,5.0,0.52,28.0,0.07,0.17,43.525389,1776212453000
1776212454.866,54.866,0.67,10.0,0.6,5.0,0.74,4.37,0.75,15.0,0.26,4.37,0.25,15.0,0.33,10.0,0.4,5.0,0.07,0.07,43.525394,1776212454000
1776212455.833,55.833,0.67,10.0,0.6,5.0,0.74,4.37,0.75,15.0,0.26,4.37,0.25,15.0,0.33,10.0,0.4,5.0,0.07,0.07,43.525604,1776212455000
1776212456.865,56.865,0.67,10.0,0.6,5.0,0.74,4.37,0.75,15.0,0.26,4.37,0.25,15.0,0.33,10.0,0.4,5.0,0.07,0.07,43.525446,1776212456000
1776212458.016,58.016,0.64,10.0,0.57,5.0,0.74,4.37,0.75,15.0,0.26,4.37,0.25,15.0,0.36,10.0,0.43,5.0,0.1,0.1,43.525374,1776212457000
1776212458.986,58.986,0.64,10.0,0.57,5.0,0.74,4.37,0.75,15.0,0.26,4.37,0.25,15.0,0.36,10.0,0.43,5.0,0.1,0.1,43.517499,1776212458000
1776212460.661,60.661,0.64,10.0,0.57,5.0,0.74,4.37,0.75,15.0,0.26,4.37,0.25,15.0,0.36,10.0,0.43,5.0,0.1,0.1,43.516738,1776212459000
1776212461.192,61.192,0.64,10.0,0.57,5.0,0.74,4.37,0.75,15.0,0.26,4.37,0.25,15.0,0.36,10.0,0.43,5.0,0.1,0.1,43.516738,1776212460000
1776212462.182,62.182,0.64,10.0,0.57,5.0,0.74,4.37,0.75,15.0,0.26,4.37,0.25,15.0,0.36,10.0,0.43,5.0,0.1,0.1,43.516469,1776212461000
1776212463.206,63.206,0.64,10.0,0.57,5.0,0.74,4.37,0.75,15.0,0.26,4.37,0.25,15.0,0.36,10.0,0.43,5.0,0.1,0.1,43.517017,1776212462000
1776212464.288,64.288,0.64,10.0,0.57,5.0,0.74,4.37,0.75,15.0,0.26,4.37,0.25,15.0,0.36,10.0,0.43,5.0,0.1,0.1,43.50807,1776212463000
1776212465.284,65.284,0.64,10.0,0.57,5.0,0.74,4.37,0.75,15.0,0.26,4.37,0.25,15.0,0.36,10.0,0.43,5.0,0.1,0.1,43.502323,1776212464000
1776212466.357,66.357,0.64,10.0,0.57,5.0,0.74,4.37,0.75,15.0,0.26,4.37,0.25,15.0,0.36,10.0,0.43,5.0,0.1,0.1,43.502467,1776212465000
1776212467.383,67.383,0.64,10.0,0.57,5.0,0.74,4.37,0.75,15.0,0.26,4.37,0.25,15.0,0.36,10.0,0.43,5.0,0.1,0.1,43.504103,1776212466000
1776212467.917,67.917,0.64,10.0,0.57,5.0,0.74,4.37,0.75,15.0,0.26,4.37,0.25,15.0,0.36,10.0,0.43,5.0,0.1,0.1,43.504103,1776212467000
1776212468.968,68.968,0.64,10.0,0.57,5.0,0.74,4.37,0.75,15.0,0.26,4.37,0.25,15.0,0.36,10.0,0.43,5.0,0.1,0.1,43.504103,1776212468000
1776212469.529,69.529,0.57,4.76,0.54,15.0,0.67,15.0,0.68,15.0,0.26,4.37,0.25,15.0,0.36,10.0,0.43,5.0,0.1,0.1,43.504103,1776212468000
1776212469.983,69.983,0.57,4.76,0.54,15.0,0.67,15.0,0.68,15.0,0.33,15.0,0.32,15.0,0.43,4.76,0.46,15.0,0.1,0.1,43.504079,1776212469000
1776212471.059,71.059,0.57,4.76,0.54,15.0,0.67,15.0,0.68,15.0,0.33,15.0,0.32,15.0,0.43,4.76,0.46,15.0,0.1,0.1,43.50407,1776212470000
1776212472.053,72.053,0.57,4.76,0.54,15.0,0.67,15.0,0.68,15.0,0.33,15.0,0.32,15.0,0.43,4.76,0.46,15.0,0.1,0.1,43.502964,1776212471000
1776212473.073,73.073,0.57,4.76,0.54,15.0,0.67,15.0,0.68,15.0,0.33,15.0,0.32,15.0,0.43,4.76,0.46,15.0,0.1,0.1,43.502964,1776212472000
1776212474.16,74.16,0.57,4.76,0.54,15.0,0.67,15.0,0.68,15.0,0.33,15.0,0.32,15.0,0.43,4.76,0.46,15.0,0.1,0.1,43.50282,1776212473000
1776212475.98,75.98,0.57,4.76,0.54,15.0,0.67,15.0,0.68,15.0,0.33,15.0,0.32,15.0,0.43,4.76,0.46,15.0,0.1,0.1,43.502724,1776212474000
1776212476.523,76.523,0.57,4.76,0.54,15.0,0.67,15.0,0.68,15.0,0.33,15.0,0.32,15.0,0.43,4.76,0.46,15.0,0.1,0.1,43.502724,1776212475000
1776212477.387,77.387,0.57,4.76,0.54,15.0,0.67,15.0,0.68,15.0,0.33,15.0,0.32,15.0,0.43,4.76,0.46,15.0,0.1,0.1,43.502724,1776212476000
1776212478.11,78.11,0.57,4.76,0.54,15.0,0.67,15.0,0.68,15.0,0.33,15.0,0.32,15.0,0.43,4.76,0.46,15.0,0.1,0.1,43.502637,1776212477000
1776212479.445,79.445,0.57,4.76,0.54,15.0,0.67,15.0,0.68,15.0,0.33,15.0,0.32,15.0,0.43,4.76,0.46,15.0,0.1,0.1,43.502555,1776212478000
1776212480.178,80.178,0.57,4.76,0.54,15.0,0.67,15.0,0.68,15.0,0.33,15.0,0.32,15.0,0.43,4.76,0.46,15.0,0.1,0.1,43.502555,1776212479000
1776212481.56,81.56,0.57,4.76,0.54,15.0,0.67,15.0,0.68,15.0,0.33,15.0,0.32,15.0,0.43,4.76,0.46,15.0,0.1,0.1,43.502852,1776212480000
1776212482.22,82.22,0.57,4.76,0.54,15.0,0.67,15.0,0.68,15.0,0.33,15.0,0.32,15.0,0.43,4.76,0.46,15.0,0.1,0.1,43.50281,1776212481000
1776212483.657,83.657,0.57,4.76,0.54,15.0,0.67,15.0,0.68,15.0,0.33,15.0,0.32,15.0,0.43,4.76,0.46,15.0,0.1,0.1,43.502763,1776212482000
1776212484.301,84.301,0.57,4.76,0.54,15.0,0.67,15.0,0.68,15.0,0.33,15.0,0.32,15.0,0.43,4.76,0.46,15.0,0.1,0.1,43.502908,1776212483000
1776212485.743,85.743,0.57,4.76,0.54,15.0,0.67,15.0,0.68,15.0,0.33,15.0,0.32,15.0,0.43,4.76,0.46,15.0,0.1,0.1,43.506658,1776212484000
1776212486.304,86.304,0.57,4.76,0.54,15.0,0.67,15.0,0.68,15.0,0.33,15.0,0.32,15.0,0.43,4.76,0.46,15.0,0.1,0.1,43.512139,1776212485000
1776212487.076,87.076,0.57,4.76,0.54,15.0,0.67,15.0,0.68,15.0,0.33,15.0,0.32,15.0,0.43,4.76,0.46,15.0,0.1,0.1,43.515511,1776212486000
1776212488.433,88.433,0.57,4.76,0.54,15.0,0.67,15.0,0.68,15.0,0.33,15.0,0.32,15.0,0.43,4.76,0.46,15.0,0.1,0.1,43.519554,1776212487000
1776212489.064,89.064,0.57,4.76,0.54,15.0,0.67,15.0,0.68,15.0,0.33,15.0,0.32,15.0,0.43,4.76,0.46,15.0,0.1,0.1,43.519555,1776212488000
1776212490.498,90.498,0.57,4.76,0.54,15.0,0.67,15.0,0.68,15.0,0.33,15.0,0.32,15.0,0.43,4.76,0.46,15.0,0.1,0.1,43.523391,1776212489000
1776212491.15,91.15,0.57,4.76,0.54,15.0,0.67,15.0,0.68,15.0,0.33,15.0,0.32,15.0,0.43,4.76,0.46,15.0,0.1,0.1,43.524935,1776212490000
1776212492.147,92.147,0.57,4.76,0.54,15.0,0.67,15.0,0.68,15.0,0.33,15.0,0.32,15.0,0.43,4.76,0.46,15.0,0.1,0.1,43.524935,1776212491000
1776212493.115,93.115,0.57,4.76,0.54,15.0,0.67,15.0,0.68,15.0,0.33,15.0,0.32,15.0,0.43,4.76,0.46,15.0,0.1,0.1,43.52116,1776212492000
1776212494.148,94.148,0.57,4.76,0.54,15.0,0.67,15.0,0.68,15.0,0.33,15.0,0.32,15.0,0.43,4.76,0.46,15.0,0.1,0.1,43.53192,1776212493000
1776212495.104,95.104,0.57,4.76,0.54,15.0,0.67,15.0,0.68,15.0,0.33,15.0,0.32,15.0,0.43,4.76,0.46,15.0,0.1,0.1,43.539446,1776212494000
1776212496.136,96.136,0.57,4.76,0.54,15.0,0.67,15.0,0.68,15.0,0.33,15.0,0.32,15.0,0.43,4.76,0.46,15.0,0.1,0.1,43.537729,1776212495000
1776212497.119,97.119,0.57,4.76,0.54,15.0,0.67,15.0,0.68,15.0,0.33,15.0,0.32,15.0,0.43,4.76,0.46,15.0,0.1,0.1,43.534878,1776212496000
1776212498.015,98.015,0.57,4.76,0.54,15.0,0.67,15.0,0.68,15.0,0.33,15.0,0.32,15.0,0.43,4.76,0.46,15.0,0.1,0.1,43.534342,1776212497000
1776212499.055,99.055,0.57,4.76,0.54,15.0,0.67,15.0,0.68,15.0,0.33,15.0,0.32,15.0,0.43,4.76,0.46,15.0,0.1,0.1,43.534342,1776212498000
1776212500.015,100.015,0.57,4.76,0.54,15.0,0.67,15.0,0.68,15.0,0.33,15.0,0.32,15.0,0.43,4.76,0.46,15.0,0.1,0.1,43.537179,1776212499000
1776212500.9,100.9,0.57,4.76,0.54,15.0,0.67,15.0,0.68,15.0,0.33,15.0,0.32,15.0,0.43,4.76,0.46,15.0,0.1,0.1,43.537545,1776212500000
1776212501.884,101.884,0.57,4.76,0.54,15.0,0.67,15.0,0.68,15.0,0.33,15.0,0.32,15.0,0.43,4.76,0.46,15.0,0.1,0.1,43.537545,1776212501000
1776212502.12,102.12,0.87,10.0,0.8,5.0,0.91,15.0,0.92,15.0,0.33,15.0,0.32,15.0,0.43,4.76,0.46,15.0,0.04,0.1,43.537545,1776212501000
1776212502.912,102.912,0.81,5.0,0.8,5.0,0.87,15.0,0.91,15.0,0.13,15.0,0.09,15.0,0.19,5.0,0.2,5.0,0.06,0.06,43.550985,1776212502000
1776212503.899,103.899,0.81,5.0,0.8,5.0,0.87,15.0,0.91,15.0,0.13,15.0,0.09,15.0,0.19,5.0,0.2,5.0,0.06,0.06,43.564213,1776212503000
1776212505.341,105.341,0.81,5.0,0.8,5.0,0.87,15.0,0.91,15.0,0.13,15.0,0.09,15.0,0.19,5.0,0.2,5.0,0.06,0.06,43.590087,1776212504000
1776212505.864,105.864,0.81,5.0,0.8,5.0,0.87,15.0,0.91,15.0,0.13,15.0,0.09,15.0,0.19,5.0,0.2,5.0,0.06,0.06,43.601205,1776212505000
1776212506.667,106.667,0.86,9.76,0.85,10.0,0.87,9.94,0.95,15.0,0.13,15.0,0.09,15.0,0.19,5.0,0.2,5.0,0.01,0.06,43.601205,1776212505000
1776212506.917,106.917,0.86,9.76,0.85,10.0,0.87,9.94,0.95,15.0,0.13,9.94,0.05,15.0,0.14,9.76,0.15,10.0,0.01,0.01,43.605835,1776212506000
1776212507.96,107.96,0.84,35.0,0.83,20.0,0.87,0.18,0.95,15.0,0.13,0.18,0.05,15.0,0.16,35.0,0.17,20.0,0.03,0.03,43.612931,1776212507000
1776212509.32,109.32,0.86,5.24,0.85,15.0,0.87,0.18,0.95,15.0,0.13,0.18,0.05,15.0,0.14,5.24,0.15,15.0,0.01,0.01,43.61801,1776212508000
1776212510.238,110.238,0.86,22.24,0.85,15.0,0.96,15.18,0.97,57.27,0.13,0.18,0.05,15.0,0.14,5.24,0.15,15.0,0.1,0.01,43.61801,1776212508000
1776212510.447,110.447,0.86,22.24,0.85,15.0,0.96,15.18,0.97,57.27,0.04,15.18,0.03,57.27,0.14,22.24,0.15,15.0,0.1,0.1,43.618989,1776212509000
1776212510.948,110.948,0.86,22.24,0.85,15.0,0.96,15.18,0.97,57.27,0.04,15.18,0.03,57.27,0.14,22.24,0.15,15.0,0.1,0.1,43.618989,1776212510000
1776212511.965,111.965,0.86,22.24,0.85,15.0,0.96,15.18,0.97,57.27,0.04,15.18,0.03,57.27,0.14,22.24,0.15,15.0,0.1,0.1,43.616047,1776212511000
1776212513.237,113.237,0.86,22.24,0.85,15.0,0.96,15.18,0.97,57.27,0.04,15.18,0.03,57.27,0.14,22.24,0.15,15.0,0.1,0.1,43.62457,1776212512000
1776212513.879,113.879,0.86,22.24,0.85,15.0,0.96,15.18,0.97,57.27,0.04,15.18,0.03,57.27,0.14,22.24,0.15,15.0,0.1,0.1,43.628446,1776212513000
1776212514.104,114.104,0.94,15.0,0.93,15.0,0.97,56.41,0.98,25.0,0.04,15.18,0.03,57.27,0.14,22.24,0.15,15.0,0.03,0.1,43.628446,1776212513000
1776212514.982,114.982,0.94,15.0,0.93,15.0,0.97,56.41,0.98,25.0,0.03,56.41,0.02,25.0,0.06,15.0,0.07,15.0,0.03,0.03,43.628245,1776212514000
1776212516.046,116.046,0.94,15.0,0.93,15.0,0.97,56.41,0.98,25.0,0.03,56.41,0.02,25.0,0.06,15.0,0.07,15.0,0.03,0.03,43.627711,1776212515000
1776212517.126,117.126,0.94,15.0,0.93,15.0,0.97,56.41,0.98,25.0,0.03,56.41,0.02,25.0,0.06,15.0,0.07,15.0,0.03,0.03,43.625737,1776212516000
1776212518.277,118.277,0.94,15.0,0.93,15.0,0.97,56.41,0.98,25.0,0.03,56.41,0.02,25.0,0.06,15.0,0.07,15.0,0.03,0.03,43.62344,1776212517000
1776212519.38,119.38,0.94,15.0,0.93,15.0,0.97,56.41,0.98,25.0,0.03,56.41,0.02,25.0,0.06,15.0,0.07,15.0,0.03,0.03,43.62344,1776212518000
1776212520.132,120.132,0.94,15.0,0.93,15.0,0.97,56.41,0.98,25.0,0.03,56.41,0.02,25.0,0.06,15.0,0.07,15.0,0.03,0.03,43.621914,1776212519000
1776212520.524,120.524,0.92,22.0,0.91,15.0,0.97,56.41,0.98,25.0,0.03,56.41,0.02,25.0,0.06,15.0,0.07,15.0,0.05,0.03,43.621914,1776212519000
1776212520.823,120.823,0.94,15.0,0.92,22.0,0.97,36.41,0.98,25.0,0.03,56.41,0.02,25.0,0.08,22.0,0.09,15.0,0.03,0.05,43.621914,1776212519000
1776212521.301,121.301,0.94,15.0,0.92,22.0,0.97,36.41,0.98,25.0,0.03,36.41,0.02,25.0,0.06,15.0,0.08,22.0,0.03,0.03,43.621159,1776212520000
1776212522.067,122.067,0.94,15.0,0.92,22.0,0.97,36.41,0.98,25.0,0.03,36.41,0.02,25.0,0.06,15.0,0.08,22.0,0.03,0.03,43.621168,1776212521000
1776212523.037,123.037,0.95,20.0,0.94,15.0,0.97,1.41,0.98,25.0,0.03,36.41,0.02,25.0,0.06,15.0,0.08,22.0,0.02,0.03,43.621168,1776212521000
1776212523.279,123.279,0.97,8.59,0.95,20.0,0.98,25.0,0.99,205.0,0.02,25.0,0.01,205.0,0.03,8.59,0.05,20.0,0.01,0.01,43.624475,1776212522000
1776212523.942,123.942,0.97,8.59,0.95,20.0,0.98,25.0,0.99,205.0,0.02,25.0,0.01,205.0,0.03,8.59,0.05,20.0,0.01,0.01,43.626111,1776212523000
1776212525.258,125.258,0.97,8.59,0.95,20.0,0.98,25.0,0.99,205.0,0.02,25.0,0.01,205.0,0.03,8.59,0.05,20.0,0.01,0.01,43.627846,1776212524000
1776212525.475,125.475,0.97,5.0,0.95,20.0,0.98,16.41,0.99,205.0,0.02,25.0,0.01,205.0,0.03,8.59,0.05,20.0,0.01,0.01,43.627846,1776212524000
1776212526.527,126.527,0.97,5.0,0.95,20.0,0.98,16.41,0.99,205.0,0.02,16.41,0.01,205.0,0.03,5.0,0.05,20.0,0.01,0.01,43.628175,1776212525000
1776212527.207,127.207,0.97,5.0,0.95,20.0,0.98,16.41,0.99,205.0,0.02,16.41,0.01,205.0,0.03,5.0,0.05,20.0,0.01,0.01,43.628028,1776212526000
1776212528.343,128.343,0.97,5.0,0.96,15.0,0.98,6.41,0.99,205.0,0.02,16.41,0.01,205.0,0.03,5.0,0.05,20.0,0.01,0.01,43.628028,1776212526000
1776212529.084,129.084,0.97,5.0,0.96,15.0,0.98,6.41,0.99,205.0,0.02,6.41,0.01,205.0,0.03,5.0,0.04,15.0,0.01,0.01,43.628351,1776212528000
1776212530.451,130.451,0.97,5.0,0.96,15.0,0.98,6.41,0.99,205.0,0.02,6.41,0.01,205.0,0.03,5.0,0.04,15.0,0.01,0.01,43.633284,1776212529000
1776212531.046,131.046,0.97,5.0,0.96,15.0,0.98,6.41,0.99,205.0,0.02,6.41,0.01,205.0,0.03,5.0,0.04,15.0,0.01,0.01,43.639721,1776212530000
1776212532.442,132.442,0.96,15.0,0.95,15.0,0.99,205.0,,,0.01,205.0,,,0.04,15.0,0.05,15.0,0.03,0.03,43.639582,1776212531000
1776212533.174,133.174,0.96,15.0,0.95,15.0,0.99,205.0,,,0.01,205.0,,,0.04,15.0,0.05,15.0,0.03,0.03,43.640453,1776212532000
1776212534.479,134.479,0.96,15.0,0.95,15.0,0.99,205.0,,,0.01,205.0,,,0.04,15.0,0.05,15.0,0.03,0.03,43.641725,1776212533000
1776212535.194,135.194,0.96,15.0,0.95,15.0,0.99,205.0,,,0.01,205.0,,,0.04,15.0,0.05,15.0,0.03,0.03,43.641996,1776212534000
1776212536.042,136.042,0.98,5.0,0.97,15.0,0.99,195.0,,,0.01,205.0,,,0.04,15.0,0.05,15.0,0.01,0.03,43.641996,1776212534000
1776212536.263,136.263,0.98,5.0,0.97,15.0,0.99,195.0,,,0.01,195.0,,,0.02,5.0,0.03,15.0,0.01,0.01,43.642171,1776212535000
1776212537.684,137.684,0.98,5.0,0.97,15.0,0.99,195.0,,,0.01,195.0,,,0.02,5.0,0.03,15.0,0.01,0.01,43.657788,1776212536000
1776212538.382,138.382,0.98,5.0,0.97,15.0,0.99,195.0,,,0.01,195.0,,,0.02,5.0,0.03,15.0,0.01,0.01,43.661034,1776212537000
1776212538.997,138.997,0.98,5.0,0.97,15.0,0.99,195.0,,,0.01,195.0,,,0.02,5.0,0.03,15.0,0.01,0.01,43.661034,1776212538000
1776212540.288,140.288,0.98,5.0,0.97,15.0,0.99,195.0,,,0.01,195.0,,,0.02,5.0,0.03,15.0,0.01,0.01,43.663239,1776212539000
1776212541.535,141.535,0.98,5.0,0.97,15.0,0.99,195.0,,,0.01,195.0,,,0.02,5.0,0.03,15.0,0.01,0.01,43.663082,1776212540000
1776212542.072,142.072,0.98,5.0,0.97,15.0,0.99,195.0,,,0.01,195.0,,,0.02,5.0,0.03,15.0,0.01,0.01,43.662214,1776212541000
1776212543.274,143.274,0.98,5.0,0.97,15.0,0.99,195.0,,,0.01,195.0,,,0.02,5.0,0.03,15.0,0.01,0.01,43.658091,1776212542000
1776212544.019,144.019,0.98,5.0,0.97,15.0,0.99,195.0,,,0.01,195.0,,,0.02,5.0,0.03,15.0,0.01,0.01,43.656861,1776212543000
1776212545.156,145.156,0.98,5.0,0.97,15.0,0.99,195.0,,,0.01,195.0,,,0.02,5.0,0.03,15.0,0.01,0.01,43.656267,1776212544000
1776212546.447,146.447,0.98,5.0,0.97,15.0,0.99,195.0,,,0.01,195.0,,,0.02,5.0,0.03,15.0,0.01,0.01,43.656267,1776212545000
1776212547.014,147.014,0.98,5.0,0.97,15.0,0.99,195.0,,,0.01,195.0,,,0.02,5.0,0.03,15.0,0.01,0.01,43.656244,1776212546000
1776212548.295,148.295,0.98,5.0,0.97,15.0,0.99,195.0,,,0.01,195.0,,,0.02,5.0,0.03,15.0,0.01,0.01,43.656267,1776212547000
1776212549.543,149.543,0.98,5.0,0.97,15.0,0.99,195.0,,,0.01,195.0,,,0.02,5.0,0.03,15.0,0.01,0.01,43.656006,1776212548000
1776212550.255,150.255,0.98,5.0,0.97,15.0,0.99,195.0,,,0.01,195.0,,,0.02,5.0,0.03,15.0,0.01,0.01,43.655696,1776212549000
1776212551.239,151.239,0.98,15.0,0.97,15.0,0.99,176.96,,,0.01,195.0,,,0.02,5.0,0.03,15.0,0.01,0.01,43.655696,1776212549000
1776212551.465,151.465,0.98,15.0,0.97,15.0,0.99,176.96,,,0.01,176.96,,,0.02,15.0,0.03,15.0,0.01,0.01,43.655252,1776212550000
1776212552.696,152.696,0.98,15.0,0.97,15.0,0.99,176.96,,,0.01,176.96,,,0.02,15.0,0.03,15.0,0.01,0.01,43.655252,1776212551000
1776212553.061,153.061,0.98,15.0,0.97,15.0,0.99,176.96,,,0.01,176.96,,,0.02,15.0,0.03,15.0,0.01,0.01,43.655246,1776212552000
1776212554.144,154.144,0.98,15.0,0.97,15.0,0.99,176.96,,,0.01,176.96,,,0.02,15.0,0.03,15.0,0.01,0.01,43.656962,1776212553000
1776212555.11,155.11,0.98,15.0,0.97,15.0,0.99,176.96,,,0.01,176.96,,,0.02,15.0,0.03,15.0,0.01,0.01,43.655874,1776212554000
1776212556.119,156.119,0.98,15.0,0.97,15.0,0.99,176.96,,,0.01,176.96,,,0.02,15.0,0.03,15.0,0.01,0.01,43.654058,1776212555000
1776212557.093,157.093,0.98,15.0,0.97,15.0,0.99,176.96,,,0.01,176.96,,,0.02,15.0,0.03,15.0,0.01,0.01,43.65466,1776212556000
1776212558.076,158.076,0.98,15.0,0.97,15.0,0.99,176.96,,,0.01,176.96,,,0.02,15.0,0.03,15.0,0.01,0.01,43.655794,1776212557000
1776212559.026,159.026,0.98,15.0,0.97,15.0,0.99,176.96,,,0.01,176.96,,,0.02,15.0,0.03,15.0,0.01,0.01,43.656082,1776212558000
1776212560.022,160.022,0.98,15.0,0.97,15.0,0.99,176.96,,,0.01,176.96,,,0.02,15.0,0.03,15.0,0.01,0.01,43.656887,1776212559000
1776212561.056,161.056,0.98,15.0,0.97,15.0,0.99,176.96,,,0.01,176.96,,,0.02,15.0,0.03,15.0,0.01,0.01,43.656887,1776212560000
1776212562.0,162.0,0.98,15.0,0.97,15.0,0.99,176.96,,,0.01,176.96,,,0.02,15.0,0.03,15.0,0.01,0.01,43.655836,1776212561000
1776212563.025,163.025,0.98,15.0,0.97,15.0,0.99,176.96,,,0.01,176.96,,,0.02,15.0,0.03,15.0,0.01,0.01,43.656202,1776212562000
1776212564.079,164.079,0.98,15.0,0.97,15.0,0.99,176.96,,,0.01,176.96,,,0.02,15.0,0.03,15.0,0.01,0.01,43.657433,1776212563000
1776212565.799,165.799,0.98,15.0,0.97,15.0,0.99,176.96,,,0.01,176.96,,,0.02,15.0,0.03,15.0,0.01,0.01,43.658151,1776212564000
1776212566.269,166.269,0.98,15.0,0.97,15.0,0.99,176.96,,,0.01,176.96,,,0.02,15.0,0.03,15.0,0.01,0.01,43.658196,1776212565000
1776212567.391,167.391,0.98,15.0,0.97,15.0,0.99,176.96,,,0.01,176.96,,,0.02,15.0,0.03,15.0,0.01,0.01,43.657675,1776212566000
1776212568.428,168.428,0.98,15.0,0.97,15.0,0.99,176.96,,,0.01,176.96,,,0.02,15.0,0.03,15.0,0.01,0.01,43.657674,1776212567000
1776212568.954,168.954,0.98,15.0,0.97,15.0,0.99,176.96,,,0.01,176.96,,,0.02,15.0,0.03,15.0,0.01,0.01,43.657674,1776212568000
1776212570.055,170.055,0.98,15.0,0.97,15.0,0.99,176.96,,,0.01,176.96,,,0.02,15.0,0.03,15.0,0.01,0.01,43.657849,1776212569000
1776212571.071,171.071,0.98,15.0,0.97,15.0,0.99,176.96,,,0.01,176.96,,,0.02,15.0,0.03,15.0,0.01,0.01,43.666004,1776212570000
1776212572.166,172.166,0.98,15.0,0.97,15.0,0.99,176.96,,,0.01,176.96,,,0.02,15.0,0.03,15.0,0.01,0.01,43.670305,1776212571000
1776212573.313,173.313,0.98,15.0,0.97,15.0,0.99,176.96,,,0.01,176.96,,,0.02,15.0,0.03,15.0,0.01,0.01,43.676799,1776212572000
1776212574.231,174.231,0.99,823.04,0.98,20.0,,,,,,,,,0.01,823.04,0.02,20.0,,,43.679281,1776212573000
1776212575.276,175.276,0.99,823.04,0.98,20.0,,,,,,,,,0.01,823.04,0.02,20.0,,,43.679494,1776212574000
1776212576.377,176.377,0.99,823.04,0.98,20.0,,,,,,,,,0.01,823.04,0.02,20.0,,,43.67937,1776212575000
1776212576.971,176.971,0.99,823.04,0.98,20.0,,,,,,,,,0.01,823.04,0.02,20.0,,,43.67937,1776212576000
1776212578.096,178.096,0.99,823.04,0.98,20.0,,,,,,,,,0.01,823.04,0.02,20.0,,,43.689412,1776212577000
1776212580.121,180.121,0.99,823.04,0.98,20.0,,,,,,,,,0.01,823.04,0.02,20.0,,,43.693662,1776212578000
1776212581.083,181.083,0.99,823.04,0.98,20.0,,,,,,,,,0.01,823.04,0.02,20.0,,,43.698692,1776212579000
1776212582.137,182.137,0.99,823.04,0.98,20.0,,,,,,,,,0.01,823.04,0.02,20.0,,,43.699291,1776212580000
1776212583.12,183.12,0.99,823.04,0.98,20.0,,,,,,,,,0.01,823.04,0.02,20.0,,,43.698119,1776212581000
1776212583.986,183.986,0.99,823.04,0.98,20.0,,,,,,,,,0.01,823.04,0.02,20.0,,,43.69619,1776212582000
1776212585.241,185.241,0.99,823.04,0.98,20.0,,,,,,,,,0.01,823.04,0.02,20.0,,,43.695723,1776212583000
1776212586.172,186.172,0.99,823.04,0.98,20.0,,,,,,,,,0.01,823.04,0.02,20.0,,,43.69444,1776212584000
1776212587.104,187.104,0.99,823.04,0.98,20.0,,,,,,,,,0.01,823.04,0.02,20.0,,,43.694759,1776212585000
1776212588.056,188.056,0.99,823.04,0.98,20.0,,,,,,,,,0.01,823.04,0.02,20.0,,,43.69522,1776212586000
1776212589.203,189.203,0.99,823.04,0.98,20.0,,,,,,,,,0.01,823.04,0.02,20.0,,,43.694861,1776212587000
1776212590.57,190.57,0.99,823.04,0.98,20.0,,,,,,,,,0.01,823.04,0.02,20.0,,,43.693352,1776212588000
1776212591.424,191.424,0.99,823.04,0.98,20.0,,,,,,,,,0.01,823.04,0.02,20.0,,,43.696487,1776212590000
1776212592.251,192.251,0.99,823.04,0.98,20.0,,,,,,,,,0.01,823.04,0.02,20.0,,,43.697069,1776212591000
1776212594.243,194.243,0.99,823.04,0.98,20.0,,,,,,,,,0.01,823.04,0.02,20.0,,,43.696769,1776212592000
1776212595.163,195.163,0.99,823.04,0.98,20.0,,,,,,,,,0.01,823.04,0.02,20.0,,,43.697643,1776212593000
1776212596.319,196.319,0.99,823.04,0.98,20.0,,,,,,,,,0.01,823.04,0.02,20.0,,,43.707742,1776212594000
1776212597.355,197.355,0.99,823.04,0.98,20.0,,,,,,,,,0.01,823.04,0.02,20.0,,,43.715154,1776212596000
1776212598.463,198.463,0.99,823.04,0.98,20.0,,,,,,,,,0.01,823.04,0.02,20.0,,,43.716648,1776212597000
1776212599.308,199.308,0.99,823.04,0.98,20.0,,,,,,,,,0.01,823.04,0.02,20.0,,,43.716976,1776212598000
1776212601.393,201.393,0.99,823.04,0.98,20.0,,,,,,,,,0.01,823.04,0.02,20.0,,,43.716142,1776212600000
1776212602.412,202.412,0.99,823.04,0.98,20.0,,,,,,,,,0.01,823.04,0.02,20.0,,,43.714532,1776212601000
1776212603.484,203.484,0.99,823.04,0.98,20.0,,,,,,,,,0.01,823.04,0.02,20.0,,,43.712332,1776212602000
1776212604.451,204.451,0.99,823.04,0.98,20.0,,,,,,,,,0.01,823.04,0.02,20.0,,,43.704092,1776212603000
1776212605.866,205.866,0.99,823.04,0.98,20.0,,,,,,,,,0.01,823.04,0.02,20.0,,,43.700484,1776212604000
1776212606.463,206.463,0.99,823.04,0.98,20.0,,,,,,,,,0.01,823.04,0.02,20.0,,,43.700463,1776212605000
1776212606.992,206.992,0.99,823.04,0.98,20.0,,,,,,,,,0.01,823.04,0.02,20.0,,,43.699285,1776212606000
1776212608.079,208.079,0.99,823.04,0.98,20.0,,,,,,,,,0.01,823.04,0.02,20.0,,,43.697997,1776212607000
1776212609.157,209.157,0.99,823.04,0.98,20.0,,,,,,,,,0.01,823.04,0.02,20.0,,,43.697097,1776212608000
1776212610.29,210.29,0.99,823.04,0.98,20.0,,,,,,,,,0.01,823.04,0.02,20.0,,,43.695756,1776212609000
1776212610.9,210.9,0.99,823.04,0.98,20.0,,,,,,,,,0.01,823.04,0.02,20.0,,,43.694449,1776212610000
1776212611.985,211.985,0.99,823.04,0.98,20.0,,,,,,,,,0.01,823.04,0.02,20.0,,,43.693054,1776212611000
1776212613.104,213.104,0.99,823.04,0.98,20.0,,,,,,,,,0.01,823.04,0.02,20.0,,,43.693055,1776212612000
1776212614.269,214.269,0.99,823.04,0.98,20.0,,,,,,,,,0.01,823.04,0.02,20.0,,,43.693055,1776212613000
1776212615.251,215.251,0.99,823.04,0.98,20.0,,,,,,,,,0.01,823.04,0.02,20.0,,,43.69534,1776212614000
1776212616.327,216.327,0.99,823.04,0.98,20.0,,,,,,,,,0.01,823.04,0.02,20.0,,,43.701836,1776212615000
1776212617.381,217.381,0.99,823.04,0.98,20.0,,,,,,,,,0.01,823.04,0.02,20.0,,,43.704407,1776212616000
1776212617.979,217.979,0.99,823.04,0.98,20.0,,,,,,,,,0.01,823.04,0.02,20.0,,,43.704407,1776212617000
1776212619.305,219.305,0.99,823.04,0.98,20.0,,,,,,,,,0.01,823.04,0.02,20.0,,,43.705336,1776212618000
1776212620.513,220.513,0.99,823.04,0.98,20.0,,,,,,,,,0.01,823.04,0.02,20.0,,,43.705383,1776212619000
1776212621.491,221.491,0.99,823.04,0.98,20.0,,,,,,,,,0.01,823.04,0.02,20.0,,,43.706947,1776212620000
1776212622.131,222.131,0.99,823.04,0.98,20.0,,,,,,,,,0.01,823.04,0.02,20.0,,,43.707456,1776212621000
1776212623.719,223.719,0.99,823.04,0.98,20.0,,,,,,,,,0.01,823.04,0.02,20.0,,,43.707547,1776212622000
1776212624.373,224.373,0.99,823.04,0.98,20.0,,,,,,,,,0.01,823.04,0.02,20.0,,,43.707699,1776212623000
1776212625.087,225.087,0.99,823.04,0.98,20.0,,,,,,,,,0.01,823.04,0.02,20.0,,,43.707914,1776212624000
1776212626.57,226.57,0.99,823.04,0.98,20.0,,,,,,,,,0.01,823.04,0.02,20.0,,,43.709242,1776212625000
1776212627.303,227.303,0.99,823.04,0.98,20.0,,,,,,,,,0.01,823.04,0.02,20.0,,,43.709242,1776212626000
1776212627.974,227.974,0.99,823.04,0.98,20.0,,,,,,,,,0.01,823.04,0.02,20.0,,,43.709266,1776212627000
1776212629.522,229.522,0.99,823.04,0.98,20.0,,,,,,,,,0.01,823.04,0.02,20.0,,,43.709257,1776212628000
1776212630.187,230.187,0.99,823.04,0.98,20.0,,,,,,,,,0.01,823.04,0.02,20.0,,,43.709627,1776212629000
1776212631.732,231.732,0.99,823.04,0.98,20.0,,,,,,,,,0.01,823.04,0.02,20.0,,,43.707042,1776212630000
1776212632.397,232.397,0.99,823.04,0.98,20.0,,,,,,,,,0.01,823.04,0.02,20.0,,,43.697398,1776212631000
1776212633.23,233.23,0.99,823.04,0.98,20.0,,,,,,,,,0.01,823.04,0.02,20.0,,,43.693863,1776212632000
1776212634.489,234.489,0.99,823.04,0.98,20.0,,,,,,,,,0.01,823.04,0.02,20.0,,,43.692906,1776212633000
1776212635.171,235.171,0.99,823.04,0.98,20.0,,,,,,,,,0.01,823.04,0.02,20.0,,,43.692464,1776212634000
1776212636.726,236.726,0.99,823.04,0.98,20.0,,,,,,,,,0.01,823.04,0.02,20.0,,,43.691818,1776212635000
1776212637.499,237.499,0.99,823.04,0.98,20.0,,,,,,,,,0.01,823.04,0.02,20.0,,,43.691972,1776212636000
1776212638.264,238.264,0.99,823.04,0.98,20.0,,,,,,,,,0.01,823.04,0.02,20.0,,,43.695533,1776212637000
1776212639.356,239.356,0.99,823.04,0.98,20.0,,,,,,,,,0.01,823.04,0.02,20.0,,,43.70751,1776212638000
1776212639.996,239.996,0.99,823.04,0.98,20.0,,,,,,,,,0.01,823.04,0.02,20.0,,,43.714414,1776212639000
1776212641.164,241.164,0.99,823.04,0.98,20.0,,,,,,,,,0.01,823.04,0.02,20.0,,,43.717065,1776212640000
1776212642.414,242.414,0.99,823.04,0.98,20.0,,,,,,,,,0.01,823.04,0.02,20.0,,,43.718083,1776212641000
1776212643.137,243.137,0.99,823.04,0.98,20.0,,,,,,,,,0.01,823.04,0.02,20.0,,,43.717124,1776212642000
1776212644.307,244.307,0.99,823.04,0.98,20.0,,,,,,,,,0.01,823.04,0.02,20.0,,,43.717124,1776212643000
1776212645.567,245.567,0.99,823.04,0.98,20.0,,,,,,,,,0.01,823.04,0.02,20.0,,,43.716693,1776212644000
1776212646.161,246.161,0.99,823.04,0.98,20.0,,,,,,,,,0.01,823.04,0.02,20.0,,,43.716693,1776212645000
1776212647.341,247.341,0.99,823.04,0.98,20.0,,,,,,,,,0.01,823.04,0.02,20.0,,,43.718611,1776212646000
1776212648.402,248.402,0.99,823.04,0.98,20.0,,,,,,,,,0.01,823.04,0.02,20.0,,,43.719485,1776212647000
1776212648.985,248.985,0.99,823.04,0.98,20.0,,,,,,,,,0.01,823.04,0.02,20.0,,,43.719485,1776212648000
1776212650.023,250.023,0.99,823.04,0.98,20.0,,,,,,,,,0.01,823.04,0.02,20.0,,,43.718983,1776212649000
1776212651.221,251.221,0.99,823.04,0.98,20.0,,,,,,,,,0.01,823.04,0.02,20.0,,,43.717253,1776212650000
1776212652.496,252.496,0.99,823.04,0.98,20.0,,,,,,,,,0.01,823.04,0.02,20.0,,,43.717867,1776212651000
1776212653.008,253.008,0.99,823.04,0.98,20.0,,,,,,,,,0.01,823.04,0.02,20.0,,,43.717867,1776212652000
1776212654.775,254.775,0.99,823.04,0.98,20.0,,,,,,,,,0.01,823.04,0.02,20.0,,,43.716885,1776212653000
1776212655.313,255.313,0.99,823.04,0.98,20.0,,,,,,,,,0.01,823.04,0.02,20.0,,,43.716732,1776212654000
1776212656.369,256.369,0.99,823.04,0.98,20.0,,,,,,,,,0.01,823.04,0.02,20.0,,,43.715712,1776212655000
1776212657.005,257.005,0.99,823.04,0.98,20.0,,,,,,,,,0.01,823.04,0.02,20.0,,,43.714692,1776212656000
1776212658.085,258.085,0.99,823.04,0.98,20.0,,,,,,,,,0.01,823.04,0.02,20.0,,,43.715561,1776212657000
1776212659.18,259.18,0.99,823.04,0.98,20.0,,,,,,,,,0.01,823.04,0.02,20.0,,,43.715562,1776212658000
1776212660.262,260.262,0.99,823.04,0.98,20.0,,,,,,,,,0.01,823.04,0.02,20.0,,,43.716014,1776212659000
1776212661.318,261.318,0.99,823.04,0.98,20.0,,,,,,,,,0.01,823.04,0.02,20.0,,,43.715979,1776212660000
1776212661.832,261.832,0.99,823.04,0.98,20.0,,,,,,,,,0.01,823.04,0.02,20.0,,,43.71622,1776212661000
1776212662.892,262.892,0.99,823.04,0.98,20.0,,,,,,,,,0.01,823.04,0.02,20.0,,,43.716903,1776212662000
1776212663.983,263.983,0.99,823.04,0.98,20.0,,,,,,,,,0.01,823.04,0.02,20.0,,,43.716694,1776212663000
1776212665.122,265.122,0.99,823.04,0.98,20.0,,,,,,,,,0.01,823.04,0.02,20.0,,,43.716695,1776212664000
1776212666.071,266.071,0.99,823.04,0.98,20.0,,,,,,,,,0.01,823.04,0.02,20.0,,,43.718186,1776212665000
1776212667.334,267.334,0.99,823.04,0.98,20.0,,,,,,,,,0.01,823.04,0.02,20.0,,,43.719338,1776212666000
1776212668.716,268.716,0.99,823.04,0.98,20.0,,,,,,,,,0.01,823.04,0.02,20.0,,,43.721966,1776212667000
1776212669.156,269.156,0.99,823.04,0.98,20.0,,,,,,,,,0.01,823.04,0.02,20.0,,,43.721185,1776212668000
1776212670.184,270.184,0.99,823.04,0.98,20.0,,,,,,,,,0.01,823.04,0.02,20.0,,,43.721185,1776212669000
1776212671.098,271.098,0.99,823.04,0.98,20.0,,,,,,,,,0.01,823.04,0.02,20.0,,,43.721228,1776212670000
1776212672.13,272.13,0.99,823.04,0.98,20.0,,,,,,,,,0.01,823.04,0.02,20.0,,,43.72095,1776212671000
1776212673.102,273.102,0.99,823.04,0.98,20.0,,,,,,,,,0.01,823.04,0.02,20.0,,,43.720517,1776212672000
1776212674.094,274.094,0.99,823.04,0.98,20.0,,,,,,,,,0.01,823.04,0.02,20.0,,,43.720648,1776212673000
1776212675.102,275.102,0.99,823.04,0.98,20.0,,,,,,,,,0.01,823.04,0.02,20.0,,,43.721818,1776212674000
1776212676.103,276.103,0.99,823.04,0.98,20.0,,,,,,,,,0.01,823.04,0.02,20.0,,,43.721818,1776212675000
1776212677.003,277.003,0.99,823.04,0.98,20.0,,,,,,,,,0.01,823.04,0.02,20.0,,,43.721891,1776212676000
1776212677.96,277.96,0.99,823.04,0.98,20.0,,,,,,,,,0.01,823.04,0.02,20.0,,,43.721891,1776212677000
1776212678.984,278.984,0.99,823.04,0.98,20.0,,,,,,,,,0.01,823.04,0.02,20.0,,,43.722513,1776212678000
1776212679.945,279.945,0.99,823.04,0.98,20.0,,,,,,,,,0.01,823.04,0.02,20.0,,,43.72248,1776212679000
1776212681.425,281.425,0.99,823.04,0.98,20.0,,,,,,,,,0.01,823.04,0.02,20.0,,,43.724882,1776212680000
1776212682.22,282.22,0.99,823.04,0.98,20.0,,,,,,,,,0.01,823.04,0.02,20.0,,,43.724882,1776212681000
1776212683.428,283.428,0.99,823.04,0.98,20.0,,,,,,,,,0.01,823.04,0.02,20.0,,,43.728229,1776212682000
1776212683.94,283.94,0.99,823.04,0.98,20.0,,,,,,,,,0.01,823.04,0.02,20.0,,,43.728255,1776212683000
1776212685.014,285.014,0.99,823.04,0.98,20.0,,,,,,,,,0.01,823.04,0.02,20.0,,,43.728153,1776212684000
1776212686.108,286.108,0.99,823.04,0.98,20.0,,,,,,,,,0.01,823.04,0.02,20.0,,,43.728386,1776212685000
1776212687.552,287.552,0.99,823.04,0.98,20.0,,,,,,,,,0.01,823.04,0.02,20.0,,,43.728385,1776212686000
1776212688.191,288.191,0.99,823.04,0.98,20.0,,,,,,,,,0.01,823.04,0.02,20.0,,,43.728314,1776212687000
1776212689.514,289.514,0.99,823.04,0.98,20.0,,,,,,,,,0.01,823.04,0.02,20.0,,,43.727718,1776212688000
1776212690.062,290.062,0.99,823.04,0.98,20.0,,,,,,,,,0.01,823.04,0.02,20.0,,,43.72743,1776212689000
1776212691.495,291.495,0.99,823.04,0.98,20.0,,,,,,,,,0.01,823.04,0.02,20.0,,,43.727159,1776212690000
1776212692.047,292.047,0.99,823.04,0.98,20.0,,,,,,,,,0.01,823.04,0.02,20.0,,,43.727159,1776212691000
1776212693.467,293.467,0.99,823.04,0.98,20.0,,,,,,,,,0.01,823.04,0.02,20.0,,,43.72711,1776212692000
1776212694.064,294.064,0.99,823.04,0.98,20.0,,,,,,,,,0.01,823.04,0.02,20.0,,,43.727153,1776212693000
1776212695.214,295.214,0.99,823.04,0.98,20.0,,,,,,,,,0.01,823.04,0.02,20.0,,,43.725835,1776212694000
1776212696.473,296.473,0.99,823.04,0.98,20.0,,,,,,,,,0.01,823.04,0.02,20.0,,,43.72488,1776212695000
1776212697.711,297.711,0.99,823.04,0.98,20.0,,,,,,,,,0.01,823.04,0.02,20.0,,,43.725324,1776212696000
1776212698.184,298.184,0.99,823.04,0.98,20.0,,,,,,,,,0.01,823.04,0.02,20.0,,,43.725612,1776212697000
1776212699.282,299.282,0.99,823.04,0.98,20.0,,,,,,,,,0.01,823.04,0.02,20.0,,,43.725612,1776212698000
1776212700.373,300.373,0.99,823.04,0.98,20.0,,,,,,,,,0.01,823.04,0.02,20.0,,,43.724028,1776212699000
1776212700.911,300.911,0.99,823.04,0.98,20.0,,,,,,,,,0.01,823.04,0.02,20.0,,,43.724031,1776212700000
1776212701.985,301.985,0.99,823.04,0.98,20.0,,,,,,,,,0.01,823.04,0.02,20.0,,,43.72456,1776212701000

# RESULT,winner=Up,slug=hype-updown-5m-1776212400,ticks=312
