timestamp,elapsed_sec,up_bid_p1,up_bid_s1,up_bid_p2,up_bid_s2,up_bid_p3,up_bid_s3,up_bid_p4,up_bid_s4,up_bid_p5,up_bid_s5,up_ask_p1,up_ask_s1,up_ask_p2,up_ask_s2,up_ask_p3,up_ask_s3,up_ask_p4,up_ask_s4,up_ask_p5,up_ask_s5,down_bid_p1,down_bid_s1,down_bid_p2,down_bid_s2,down_bid_p3,down_bid_s3,down_bid_p4,down_bid_s4,down_bid_p5,down_bid_s5,down_ask_p1,down_ask_s1,down_ask_p2,down_ask_s2,down_ask_p3,down_ask_s3,down_ask_p4,down_ask_s4,down_ask_p5,down_ask_s5,up_spread,down_spread,hype_price,hype_oracle_ts
1776160801.466,1.466,0.41,13.0,0.4,8.0,0.39,8.0,0.38,8.0,0.37,9.0,0.59,13.0,0.6,8.0,0.61,8.0,0.62,8.0,0.63,9.0,0.41,13.0,0.4,8.0,0.39,8.0,0.38,8.0,0.37,9.0,0.59,13.0,0.6,8.0,0.61,8.0,0.62,8.0,0.63,9.0,0.18,0.18,44.890987,1776160800000
1776160802.004,2.004,0.41,13.0,0.4,8.0,0.39,8.0,0.38,8.0,0.37,9.0,0.59,13.0,0.6,8.0,0.61,8.0,0.62,8.0,0.63,9.0,0.41,13.0,0.4,8.0,0.39,8.0,0.38,8.0,0.37,9.0,0.59,13.0,0.6,8.0,0.61,8.0,0.62,8.0,0.63,9.0,0.18,0.18,44.891549,1776160801000
1776160803.369,3.369,0.41,13.0,0.4,8.0,0.39,8.0,0.38,8.0,0.37,9.0,0.59,13.0,0.6,8.0,0.61,8.0,0.62,8.0,0.63,9.0,0.41,13.0,0.4,8.0,0.39,8.0,0.38,8.0,0.37,9.0,0.59,13.0,0.6,8.0,0.61,8.0,0.62,8.0,0.63,9.0,0.18,0.18,44.891787,1776160802000
1776160804.373,4.373,0.41,13.0,0.4,8.0,0.39,8.0,0.38,8.0,0.37,9.0,0.59,13.0,0.6,8.0,0.61,8.0,0.62,8.0,0.63,9.0,0.41,13.0,0.4,8.0,0.39,8.0,0.38,8.0,0.37,9.0,0.59,13.0,0.6,8.0,0.61,8.0,0.62,8.0,0.63,9.0,0.18,0.18,44.887644,1776160803000
1776160805.037,5.037,0.41,13.0,0.4,8.0,0.39,8.0,0.38,8.0,0.37,9.0,0.59,13.0,0.6,8.0,0.61,8.0,0.62,8.0,0.63,9.0,0.41,13.0,0.4,8.0,0.39,8.0,0.38,8.0,0.37,9.0,0.59,13.0,0.6,8.0,0.61,8.0,0.62,8.0,0.63,9.0,0.18,0.18,44.889208,1776160804000
1776160806.246,6.246,0.41,13.0,0.4,8.0,0.39,8.0,0.38,8.0,0.37,9.0,0.59,13.0,0.6,8.0,0.61,8.0,0.62,8.0,0.63,9.0,0.41,13.0,0.4,8.0,0.39,8.0,0.38,8.0,0.37,9.0,0.59,13.0,0.6,8.0,0.61,8.0,0.62,8.0,0.63,9.0,0.18,0.18,44.889181,1776160805000
1776160807.605,7.605,0.41,13.0,0.4,8.0,0.39,8.0,0.38,8.0,0.37,9.0,0.59,13.0,0.6,8.0,0.61,8.0,0.62,8.0,0.63,9.0,0.41,13.0,0.4,8.0,0.39,8.0,0.38,8.0,0.37,9.0,0.59,13.0,0.6,8.0,0.61,8.0,0.62,8.0,0.63,9.0,0.18,0.18,44.890379,1776160806000
1776160808.541,8.541,0.41,13.0,0.4,8.0,0.39,8.0,0.38,8.0,0.37,9.0,0.59,13.0,0.6,8.0,0.61,8.0,0.62,8.0,0.63,9.0,0.41,13.0,0.4,8.0,0.39,8.0,0.38,8.0,0.37,9.0,0.59,13.0,0.6,8.0,0.61,8.0,0.62,8.0,0.63,9.0,0.18,0.18,44.890983,1776160807000
1776160809.016,9.016,0.41,13.0,0.4,8.0,0.39,8.0,0.38,8.0,0.37,9.0,0.59,13.0,0.6,8.0,0.61,8.0,0.62,8.0,0.63,9.0,0.41,13.0,0.4,8.0,0.39,8.0,0.38,8.0,0.37,9.0,0.59,13.0,0.6,8.0,0.61,8.0,0.62,8.0,0.63,9.0,0.18,0.18,44.893859,1776160808000
1776160810.114,10.114,0.41,13.0,0.4,8.0,0.39,8.0,0.38,8.0,0.37,9.0,0.59,13.0,0.6,8.0,0.61,8.0,0.62,8.0,0.63,9.0,0.41,13.0,0.4,8.0,0.39,8.0,0.38,8.0,0.37,9.0,0.59,13.0,0.6,8.0,0.61,8.0,0.62,8.0,0.63,9.0,0.18,0.18,44.897597,1776160809000
1776160811.051,11.051,0.41,13.0,0.4,8.0,0.39,8.0,0.38,8.0,0.37,9.0,0.59,13.0,0.6,8.0,0.61,8.0,0.62,8.0,0.63,9.0,0.41,13.0,0.4,8.0,0.39,8.0,0.38,8.0,0.37,9.0,0.59,13.0,0.6,8.0,0.61,8.0,0.62,8.0,0.63,9.0,0.18,0.18,44.897597,1776160810000
1776160811.973,11.973,0.41,13.0,0.4,8.0,0.39,8.0,0.38,8.0,0.37,9.0,0.59,13.0,0.6,8.0,0.61,8.0,0.62,8.0,0.63,9.0,0.41,13.0,0.4,8.0,0.39,8.0,0.38,8.0,0.37,9.0,0.59,13.0,0.6,8.0,0.61,8.0,0.62,8.0,0.63,9.0,0.18,0.18,44.897597,1776160811000
1776160812.991,12.991,0.41,13.0,0.4,8.0,0.39,8.0,0.38,8.0,0.37,9.0,0.59,13.0,0.6,8.0,0.61,8.0,0.62,8.0,0.63,9.0,0.41,13.0,0.4,8.0,0.39,8.0,0.38,8.0,0.37,9.0,0.59,13.0,0.6,8.0,0.61,8.0,0.62,8.0,0.63,9.0,0.18,0.18,44.897782,1776160812000
1776160814.006,14.006,0.41,13.0,0.4,8.0,0.39,8.0,0.38,8.0,0.37,9.0,0.59,13.0,0.6,8.0,0.61,8.0,0.62,8.0,0.63,9.0,0.41,13.0,0.4,8.0,0.39,8.0,0.38,8.0,0.37,9.0,0.59,13.0,0.6,8.0,0.61,8.0,0.62,8.0,0.63,9.0,0.18,0.18,44.897679,1776160813000
1776160814.931,14.931,0.41,13.0,0.4,8.0,0.39,8.0,0.38,8.0,0.37,9.0,0.59,13.0,0.6,8.0,0.61,8.0,0.62,8.0,0.63,9.0,0.41,13.0,0.4,8.0,0.39,8.0,0.38,8.0,0.37,9.0,0.59,13.0,0.6,8.0,0.61,8.0,0.62,8.0,0.63,9.0,0.18,0.18,44.897443,1776160814000
1776160815.897,15.897,0.41,13.0,0.4,8.0,0.39,8.0,0.38,8.0,0.37,9.0,0.59,13.0,0.6,8.0,0.61,8.0,0.62,8.0,0.63,9.0,0.41,13.0,0.4,8.0,0.39,8.0,0.38,8.0,0.37,9.0,0.59,13.0,0.6,8.0,0.61,8.0,0.62,8.0,0.63,9.0,0.18,0.18,44.897602,1776160815000
1776160816.416,16.416,0.32,15.0,0.26,10.0,0.11,100.0,0.07,100.0,0.06,100.0,0.43,5.0,0.53,10.0,0.56,5.0,0.89,100.0,0.93,100.0,0.41,13.0,0.4,8.0,0.39,8.0,0.38,8.0,0.37,9.0,0.59,13.0,0.6,8.0,0.61,8.0,0.62,8.0,0.63,9.0,0.11,0.18,44.897602,1776160815000
1776160816.95,16.95,0.32,15.0,0.26,10.0,0.11,100.0,0.07,100.0,0.06,100.0,0.43,5.0,0.53,10.0,0.56,5.0,0.89,100.0,0.93,100.0,0.57,5.0,0.47,10.0,0.44,5.0,0.11,100.0,0.07,100.0,0.68,15.0,0.74,10.0,0.89,100.0,0.93,100.0,0.94,100.0,0.11,0.11,44.897571,1776160816000
1776160817.904,17.904,0.32,15.0,0.26,10.0,0.11,100.0,0.07,100.0,0.06,100.0,0.43,5.0,0.53,10.0,0.56,5.0,0.89,100.0,0.93,100.0,0.57,5.0,0.47,10.0,0.44,5.0,0.11,100.0,0.07,100.0,0.68,15.0,0.74,10.0,0.89,100.0,0.93,100.0,0.94,100.0,0.11,0.11,44.886299,1776160817000
1776160818.906,18.906,0.32,15.0,0.26,10.0,0.11,100.0,0.07,100.0,0.06,100.0,0.43,5.0,0.53,10.0,0.56,5.0,0.89,100.0,0.93,100.0,0.57,5.0,0.47,10.0,0.44,5.0,0.11,100.0,0.07,100.0,0.68,15.0,0.74,10.0,0.89,100.0,0.93,100.0,0.94,100.0,0.11,0.11,44.871033,1776160818000
1776160819.947,19.947,0.32,15.0,0.26,10.0,0.11,100.0,0.07,100.0,0.06,100.0,0.43,5.0,0.53,10.0,0.56,5.0,0.89,100.0,0.93,100.0,0.57,5.0,0.47,10.0,0.44,5.0,0.11,100.0,0.07,100.0,0.68,15.0,0.74,10.0,0.89,100.0,0.93,100.0,0.94,100.0,0.11,0.11,44.86609,1776160819000
1776160821.554,21.554,0.32,15.0,0.26,10.0,0.11,100.0,0.07,100.0,0.06,100.0,0.43,5.0,0.53,10.0,0.56,5.0,0.89,100.0,0.93,100.0,0.57,5.0,0.47,10.0,0.44,5.0,0.11,100.0,0.07,100.0,0.68,15.0,0.74,10.0,0.89,100.0,0.93,100.0,0.94,100.0,0.11,0.11,44.868723,1776160820000
1776160822.076,22.076,0.32,15.0,0.26,10.0,0.11,100.0,0.07,100.0,0.06,100.0,0.43,5.0,0.53,10.0,0.56,5.0,0.89,100.0,0.93,100.0,0.57,5.0,0.47,10.0,0.44,5.0,0.11,100.0,0.07,100.0,0.68,15.0,0.74,10.0,0.89,100.0,0.93,100.0,0.94,100.0,0.11,0.11,44.868251,1776160821000
1776160823.048,23.048,0.32,15.0,0.26,10.0,0.11,100.0,0.07,100.0,0.06,100.0,0.43,5.0,0.53,10.0,0.56,5.0,0.89,100.0,0.93,100.0,0.57,5.0,0.47,10.0,0.44,5.0,0.11,100.0,0.07,100.0,0.68,15.0,0.74,10.0,0.89,100.0,0.93,100.0,0.94,100.0,0.11,0.11,44.866938,1776160822000
1776160824.272,24.272,0.32,15.0,0.26,10.0,0.11,100.0,0.07,100.0,0.06,100.0,0.43,5.0,0.53,10.0,0.56,5.0,0.89,100.0,0.93,100.0,0.57,5.0,0.47,10.0,0.44,5.0,0.11,100.0,0.07,100.0,0.68,15.0,0.74,10.0,0.89,100.0,0.93,100.0,0.94,100.0,0.11,0.11,44.866938,1776160823000
1776160825.053,25.053,0.32,15.0,0.26,10.0,0.11,100.0,0.07,100.0,0.06,100.0,0.43,5.0,0.53,10.0,0.56,5.0,0.89,100.0,0.93,100.0,0.57,5.0,0.47,10.0,0.44,5.0,0.11,100.0,0.07,100.0,0.68,15.0,0.74,10.0,0.89,100.0,0.93,100.0,0.94,100.0,0.11,0.11,44.866072,1776160824000
1776160826.072,26.072,0.32,15.0,0.26,10.0,0.11,100.0,0.07,100.0,0.06,100.0,0.43,5.0,0.53,10.0,0.56,5.0,0.89,100.0,0.93,100.0,0.57,5.0,0.47,10.0,0.44,5.0,0.11,100.0,0.07,100.0,0.68,15.0,0.74,10.0,0.89,100.0,0.93,100.0,0.94,100.0,0.11,0.11,44.862567,1776160825000
1776160827.057,27.057,0.32,15.0,0.26,10.0,0.11,100.0,0.07,100.0,0.06,100.0,0.43,5.0,0.53,10.0,0.56,5.0,0.89,100.0,0.93,100.0,0.57,5.0,0.47,10.0,0.44,5.0,0.11,100.0,0.07,100.0,0.68,15.0,0.74,10.0,0.89,100.0,0.93,100.0,0.94,100.0,0.11,0.11,44.86494,1776160826000
1776160828.039,28.039,0.32,15.0,0.26,10.0,0.11,100.0,0.07,100.0,0.06,100.0,0.43,5.0,0.53,10.0,0.56,5.0,0.89,100.0,0.93,100.0,0.57,5.0,0.47,10.0,0.44,5.0,0.11,100.0,0.07,100.0,0.68,15.0,0.74,10.0,0.89,100.0,0.93,100.0,0.94,100.0,0.11,0.11,44.864944,1776160827000
1776160829.077,29.077,0.32,15.0,0.26,10.0,0.11,100.0,0.07,100.0,0.06,100.0,0.43,5.0,0.53,10.0,0.56,5.0,0.89,100.0,0.93,100.0,0.57,5.0,0.47,10.0,0.44,5.0,0.11,100.0,0.07,100.0,0.68,15.0,0.74,10.0,0.89,100.0,0.93,100.0,0.94,100.0,0.11,0.11,44.864555,1776160828000
1776160830.022,30.022,0.32,15.0,0.26,10.0,0.11,100.0,0.07,100.0,0.06,100.0,0.43,5.0,0.53,10.0,0.56,5.0,0.89,100.0,0.93,100.0,0.57,5.0,0.47,10.0,0.44,5.0,0.11,100.0,0.07,100.0,0.68,15.0,0.74,10.0,0.89,100.0,0.93,100.0,0.94,100.0,0.11,0.11,44.864089,1776160829000
1776160830.903,30.903,0.32,15.0,0.26,10.0,0.11,100.0,0.07,100.0,0.06,100.0,0.43,5.0,0.53,10.0,0.56,5.0,0.89,100.0,0.93,100.0,0.57,5.0,0.47,10.0,0.44,5.0,0.11,100.0,0.07,100.0,0.68,15.0,0.74,10.0,0.89,100.0,0.93,100.0,0.94,100.0,0.11,0.11,44.865019,1776160830000
1776160831.872,31.872,0.32,15.0,0.26,10.0,0.11,100.0,0.07,100.0,0.06,100.0,0.43,5.0,0.53,10.0,0.56,5.0,0.89,100.0,0.93,100.0,0.57,5.0,0.47,10.0,0.44,5.0,0.11,100.0,0.07,100.0,0.68,15.0,0.74,10.0,0.89,100.0,0.93,100.0,0.94,100.0,0.11,0.11,44.86783,1776160831000
1776160833.354,33.354,0.32,15.0,0.26,10.0,0.11,100.0,0.07,100.0,0.06,100.0,0.43,5.0,0.53,10.0,0.56,5.0,0.89,100.0,0.93,100.0,0.57,5.0,0.47,10.0,0.44,5.0,0.11,100.0,0.07,100.0,0.68,15.0,0.74,10.0,0.89,100.0,0.93,100.0,0.94,100.0,0.11,0.11,44.87833,1776160832000
1776160834.18,34.18,0.32,15.0,0.26,10.0,0.11,100.0,0.07,100.0,0.06,100.0,0.43,5.0,0.53,10.0,0.56,5.0,0.89,100.0,0.93,100.0,0.57,5.0,0.47,10.0,0.44,5.0,0.11,100.0,0.07,100.0,0.68,15.0,0.74,10.0,0.89,100.0,0.93,100.0,0.94,100.0,0.11,0.11,44.878494,1776160833000
1776160835.113,35.113,0.32,15.0,0.26,10.0,0.11,100.0,0.07,100.0,0.06,100.0,0.43,5.0,0.53,10.0,0.56,5.0,0.89,100.0,0.93,100.0,0.57,5.0,0.47,10.0,0.44,5.0,0.11,100.0,0.07,100.0,0.68,15.0,0.74,10.0,0.89,100.0,0.93,100.0,0.94,100.0,0.11,0.11,44.878495,1776160834000
1776160836.064,36.064,0.32,15.0,0.26,10.0,0.11,100.0,0.07,100.0,0.06,100.0,0.43,5.0,0.53,10.0,0.56,5.0,0.89,100.0,0.93,100.0,0.57,5.0,0.47,10.0,0.44,5.0,0.11,100.0,0.07,100.0,0.68,15.0,0.74,10.0,0.89,100.0,0.93,100.0,0.94,100.0,0.11,0.11,44.878731,1776160835000
1776160836.973,36.973,0.32,15.0,0.26,10.0,0.11,100.0,0.07,100.0,0.06,100.0,0.43,5.0,0.53,10.0,0.56,5.0,0.89,100.0,0.93,100.0,0.57,5.0,0.47,10.0,0.44,5.0,0.11,100.0,0.07,100.0,0.68,15.0,0.74,10.0,0.89,100.0,0.93,100.0,0.94,100.0,0.11,0.11,44.879923,1776160836000
1776160837.809,37.809,0.32,15.0,0.26,10.0,0.11,100.0,0.07,100.0,0.06,100.0,0.43,5.0,0.53,10.0,0.56,5.0,0.89,100.0,0.93,100.0,0.57,5.0,0.47,10.0,0.44,5.0,0.11,100.0,0.07,100.0,0.68,15.0,0.74,10.0,0.89,100.0,0.93,100.0,0.94,100.0,0.11,0.11,44.880855,1776160837000
1776160839.185,39.185,0.32,15.0,0.26,10.0,0.11,100.0,0.07,100.0,0.06,100.0,0.43,5.0,0.53,10.0,0.56,5.0,0.89,100.0,0.93,100.0,0.57,5.0,0.47,10.0,0.44,5.0,0.11,100.0,0.07,100.0,0.68,15.0,0.74,10.0,0.89,100.0,0.93,100.0,0.94,100.0,0.11,0.11,44.879659,1776160838000
1776160840.14,40.14,0.32,15.0,0.26,10.0,0.11,100.0,0.07,100.0,0.06,100.0,0.43,5.0,0.53,10.0,0.56,5.0,0.89,100.0,0.93,100.0,0.57,5.0,0.47,10.0,0.44,5.0,0.11,100.0,0.07,100.0,0.68,15.0,0.74,10.0,0.89,100.0,0.93,100.0,0.94,100.0,0.11,0.11,44.876779,1776160839000
1776160841.168,41.168,0.32,15.0,0.26,10.0,0.11,100.0,0.07,100.0,0.06,100.0,0.43,5.0,0.53,10.0,0.56,5.0,0.89,100.0,0.93,100.0,0.57,5.0,0.47,10.0,0.44,5.0,0.11,100.0,0.07,100.0,0.68,15.0,0.74,10.0,0.89,100.0,0.93,100.0,0.94,100.0,0.11,0.11,44.876779,1776160840000
1776160842.152,42.152,0.32,15.0,0.26,10.0,0.11,100.0,0.07,100.0,0.06,100.0,0.43,5.0,0.53,10.0,0.56,5.0,0.89,100.0,0.93,100.0,0.57,5.0,0.47,10.0,0.44,5.0,0.11,100.0,0.07,100.0,0.68,15.0,0.74,10.0,0.89,100.0,0.93,100.0,0.94,100.0,0.11,0.11,44.876583,1776160841000
1776160843.113,43.113,0.32,15.0,0.26,10.0,0.11,100.0,0.07,100.0,0.06,100.0,0.43,5.0,0.53,10.0,0.56,5.0,0.89,100.0,0.93,100.0,0.57,5.0,0.47,10.0,0.44,5.0,0.11,100.0,0.07,100.0,0.68,15.0,0.74,10.0,0.89,100.0,0.93,100.0,0.94,100.0,0.11,0.11,44.876583,1776160842000
1776160844.154,44.154,0.32,15.0,0.26,10.0,0.11,100.0,0.07,100.0,0.06,100.0,0.43,5.0,0.53,10.0,0.56,5.0,0.89,100.0,0.93,100.0,0.57,5.0,0.47,10.0,0.44,5.0,0.11,100.0,0.07,100.0,0.68,15.0,0.74,10.0,0.89,100.0,0.93,100.0,0.94,100.0,0.11,0.11,44.876396,1776160843000
1776160845.107,45.107,0.32,15.0,0.26,10.0,0.11,100.0,0.07,100.0,0.06,100.0,0.43,5.0,0.53,10.0,0.56,5.0,0.89,100.0,0.93,100.0,0.57,5.0,0.47,10.0,0.44,5.0,0.11,100.0,0.07,100.0,0.68,15.0,0.74,10.0,0.89,100.0,0.93,100.0,0.94,100.0,0.11,0.11,44.876735,1776160844000
1776160846.612,46.612,0.32,15.0,0.26,10.0,0.11,100.0,0.07,100.0,0.06,100.0,0.43,5.0,0.53,10.0,0.56,5.0,0.89,100.0,0.93,100.0,0.57,5.0,0.47,10.0,0.44,5.0,0.11,100.0,0.07,100.0,0.68,15.0,0.74,10.0,0.89,100.0,0.93,100.0,0.94,100.0,0.11,0.11,44.876669,1776160845000
1776160847.089,47.089,0.32,15.0,0.26,10.0,0.11,100.0,0.07,100.0,0.06,100.0,0.43,5.0,0.53,10.0,0.56,5.0,0.89,100.0,0.93,100.0,0.57,5.0,0.47,10.0,0.44,5.0,0.11,100.0,0.07,100.0,0.68,15.0,0.74,10.0,0.89,100.0,0.93,100.0,0.94,100.0,0.11,0.11,44.876123,1776160846000
1776160848.214,48.214,0.32,15.0,0.26,10.0,0.11,100.0,0.07,100.0,0.06,100.0,0.43,5.0,0.53,10.0,0.56,5.0,0.89,100.0,0.93,100.0,0.57,5.0,0.47,10.0,0.44,5.0,0.11,100.0,0.07,100.0,0.68,15.0,0.74,10.0,0.89,100.0,0.93,100.0,0.94,100.0,0.11,0.11,44.876123,1776160847000
1776160849.226,49.226,0.32,15.0,0.26,10.0,0.11,100.0,0.07,100.0,0.06,100.0,0.43,5.0,0.53,10.0,0.56,5.0,0.89,100.0,0.93,100.0,0.57,5.0,0.47,10.0,0.44,5.0,0.11,100.0,0.07,100.0,0.68,15.0,0.74,10.0,0.89,100.0,0.93,100.0,0.94,100.0,0.11,0.11,44.886898,1776160848000
1776160850.219,50.219,0.32,15.0,0.26,10.0,0.11,100.0,0.07,100.0,0.06,100.0,0.43,5.0,0.53,10.0,0.56,5.0,0.89,100.0,0.93,100.0,0.57,5.0,0.47,10.0,0.44,5.0,0.11,100.0,0.07,100.0,0.68,15.0,0.74,10.0,0.89,100.0,0.93,100.0,0.94,100.0,0.11,0.11,44.883924,1776160849000
1776160851.283,51.283,0.32,15.0,0.26,10.0,0.11,100.0,0.07,100.0,0.06,100.0,0.43,5.0,0.53,10.0,0.56,5.0,0.89,100.0,0.93,100.0,0.57,5.0,0.47,10.0,0.44,5.0,0.11,100.0,0.07,100.0,0.68,15.0,0.74,10.0,0.89,100.0,0.93,100.0,0.94,100.0,0.11,0.11,44.884139,1776160850000
1776160852.335,52.335,0.32,15.0,0.26,10.0,0.11,100.0,0.07,100.0,0.06,100.0,0.43,5.0,0.53,10.0,0.56,5.0,0.89,100.0,0.93,100.0,0.57,5.0,0.47,10.0,0.44,5.0,0.11,100.0,0.07,100.0,0.68,15.0,0.74,10.0,0.89,100.0,0.93,100.0,0.94,100.0,0.11,0.11,44.883401,1776160851000
1776160852.926,52.926,0.32,15.0,0.26,10.0,0.11,100.0,0.07,100.0,0.06,100.0,0.43,5.0,0.53,10.0,0.56,5.0,0.89,100.0,0.93,100.0,0.57,5.0,0.47,10.0,0.44,5.0,0.11,100.0,0.07,100.0,0.68,15.0,0.74,10.0,0.89,100.0,0.93,100.0,0.94,100.0,0.11,0.11,44.876598,1776160852000
1776160854.052,54.052,0.32,15.0,0.26,10.0,0.11,100.0,0.07,100.0,0.06,100.0,0.43,5.0,0.53,10.0,0.56,5.0,0.89,100.0,0.93,100.0,0.57,5.0,0.47,10.0,0.44,5.0,0.11,100.0,0.07,100.0,0.68,15.0,0.74,10.0,0.89,100.0,0.93,100.0,0.94,100.0,0.11,0.11,44.865224,1776160853000
1776160855.091,55.091,0.32,15.0,0.26,10.0,0.11,100.0,0.07,100.0,0.06,100.0,0.43,5.0,0.53,10.0,0.56,5.0,0.89,100.0,0.93,100.0,0.57,5.0,0.47,10.0,0.44,5.0,0.11,100.0,0.07,100.0,0.68,15.0,0.74,10.0,0.89,100.0,0.93,100.0,0.94,100.0,0.11,0.11,44.864973,1776160854000
1776160856.1,56.1,0.32,15.0,0.26,10.0,0.11,100.0,0.07,100.0,0.06,100.0,0.43,5.0,0.53,10.0,0.56,5.0,0.89,100.0,0.93,100.0,0.57,5.0,0.47,10.0,0.44,5.0,0.11,100.0,0.07,100.0,0.68,15.0,0.74,10.0,0.89,100.0,0.93,100.0,0.94,100.0,0.11,0.11,44.864906,1776160855000
1776160857.138,57.138,0.32,15.0,0.26,10.0,0.11,100.0,0.07,100.0,0.06,100.0,0.43,5.0,0.53,10.0,0.56,5.0,0.89,100.0,0.93,100.0,0.57,5.0,0.47,10.0,0.44,5.0,0.11,100.0,0.07,100.0,0.68,15.0,0.74,10.0,0.89,100.0,0.93,100.0,0.94,100.0,0.11,0.11,44.865236,1776160856000
1776160858.21,58.21,0.32,15.0,0.26,10.0,0.11,100.0,0.07,100.0,0.06,100.0,0.43,5.0,0.53,10.0,0.56,5.0,0.89,100.0,0.93,100.0,0.57,5.0,0.47,10.0,0.44,5.0,0.11,100.0,0.07,100.0,0.68,15.0,0.74,10.0,0.89,100.0,0.93,100.0,0.94,100.0,0.11,0.11,44.86645,1776160857000
1776160859.19,59.19,0.32,15.0,0.26,10.0,0.11,100.0,0.07,100.0,0.06,100.0,0.43,5.0,0.53,10.0,0.56,5.0,0.89,100.0,0.93,100.0,0.57,5.0,0.47,10.0,0.44,5.0,0.11,100.0,0.07,100.0,0.68,15.0,0.74,10.0,0.89,100.0,0.93,100.0,0.94,100.0,0.11,0.11,44.86489,1776160858000
1776160860.145,60.145,0.32,15.0,0.26,10.0,0.11,100.0,0.07,100.0,0.06,100.0,0.43,5.0,0.53,10.0,0.56,5.0,0.89,100.0,0.93,100.0,0.57,5.0,0.47,10.0,0.44,5.0,0.11,100.0,0.07,100.0,0.68,15.0,0.74,10.0,0.89,100.0,0.93,100.0,0.94,100.0,0.11,0.11,44.865649,1776160859000
1776160861.313,61.313,0.32,15.0,0.26,10.0,0.11,100.0,0.07,100.0,0.06,100.0,0.43,5.0,0.53,10.0,0.56,5.0,0.89,100.0,0.93,100.0,0.57,5.0,0.47,10.0,0.44,5.0,0.11,100.0,0.07,100.0,0.68,15.0,0.74,10.0,0.89,100.0,0.93,100.0,0.94,100.0,0.11,0.11,44.864261,1776160860000
1776160861.891,61.891,0.32,15.0,0.26,10.0,0.11,100.0,0.07,100.0,0.06,100.0,0.43,5.0,0.53,10.0,0.56,5.0,0.89,100.0,0.93,100.0,0.57,5.0,0.47,10.0,0.44,5.0,0.11,100.0,0.07,100.0,0.68,15.0,0.74,10.0,0.89,100.0,0.93,100.0,0.94,100.0,0.11,0.11,44.864261,1776160861000
1776160863.055,63.055,0.32,15.0,0.26,10.0,0.11,100.0,0.07,100.0,0.06,100.0,0.43,5.0,0.53,10.0,0.56,5.0,0.89,100.0,0.93,100.0,0.57,5.0,0.47,10.0,0.44,5.0,0.11,100.0,0.07,100.0,0.68,15.0,0.74,10.0,0.89,100.0,0.93,100.0,0.94,100.0,0.11,0.11,44.859033,1776160862000
1776160864.011,64.011,0.33,0.07,0.32,15.0,0.31,15.0,0.3,15.0,0.29,32.0,0.4,5.0,0.41,5.0,0.42,5.0,0.43,5.0,0.44,5.0,0.57,5.0,0.47,10.0,0.44,5.0,0.11,100.0,0.07,100.0,0.68,15.0,0.74,10.0,0.89,100.0,0.93,100.0,0.94,100.0,0.07,0.11,44.859033,1776160862000
1776160865.269,65.269,0.33,0.07,0.32,15.0,0.31,15.0,0.3,15.0,0.29,32.0,0.4,5.0,0.41,5.0,0.42,5.0,0.43,5.0,0.44,5.0,0.6,5.0,0.59,5.0,0.58,5.0,0.57,5.0,0.56,5.0,0.67,0.07,0.68,15.0,0.69,15.0,0.7,15.0,0.71,32.0,0.07,0.07,44.860489,1776160864000
1776160865.95,65.95,0.33,0.07,0.32,15.0,0.31,15.0,0.3,15.0,0.29,32.0,0.4,5.0,0.41,5.0,0.42,5.0,0.43,5.0,0.44,5.0,0.6,5.0,0.59,5.0,0.58,5.0,0.57,5.0,0.56,5.0,0.67,0.07,0.68,15.0,0.69,15.0,0.7,15.0,0.71,32.0,0.07,0.07,44.860553,1776160865000
1776160866.976,66.976,0.33,0.07,0.32,15.0,0.31,15.0,0.3,15.0,0.29,32.0,0.4,5.0,0.41,5.0,0.42,5.0,0.43,5.0,0.44,5.0,0.6,5.0,0.59,5.0,0.58,5.0,0.57,5.0,0.56,5.0,0.67,0.07,0.68,15.0,0.69,15.0,0.7,15.0,0.71,32.0,0.07,0.07,44.857842,1776160866000
1776160868.064,68.064,0.33,0.07,0.32,15.0,0.31,15.0,0.3,15.0,0.29,32.0,0.4,5.0,0.41,5.0,0.42,5.0,0.43,5.0,0.44,5.0,0.6,5.0,0.59,5.0,0.58,5.0,0.57,5.0,0.56,5.0,0.67,0.07,0.68,15.0,0.69,15.0,0.7,15.0,0.71,32.0,0.07,0.07,44.856162,1776160867000
1776160869.15,69.15,0.33,0.07,0.32,15.0,0.31,15.0,0.3,15.0,0.29,32.0,0.4,5.0,0.41,5.0,0.42,5.0,0.43,5.0,0.44,5.0,0.6,5.0,0.59,5.0,0.58,5.0,0.57,5.0,0.56,5.0,0.67,0.07,0.68,15.0,0.69,15.0,0.7,15.0,0.71,32.0,0.07,0.07,44.859254,1776160868000
1776160870.245,70.245,0.33,0.07,0.32,15.0,0.31,15.0,0.3,15.0,0.29,32.0,0.4,5.0,0.41,5.0,0.42,5.0,0.43,5.0,0.44,5.0,0.6,5.0,0.59,5.0,0.58,5.0,0.57,5.0,0.56,5.0,0.67,0.07,0.68,15.0,0.69,15.0,0.7,15.0,0.71,32.0,0.07,0.07,44.852907,1776160869000
1776160871.393,71.393,0.33,0.07,0.32,15.0,0.31,15.0,0.3,15.0,0.29,32.0,0.4,5.0,0.41,5.0,0.42,5.0,0.43,5.0,0.44,5.0,0.6,5.0,0.59,5.0,0.58,5.0,0.57,5.0,0.56,5.0,0.67,0.07,0.68,15.0,0.69,15.0,0.7,15.0,0.71,32.0,0.07,0.07,44.853463,1776160870000
1776160871.957,71.957,0.33,0.07,0.32,15.0,0.31,15.0,0.3,15.0,0.29,32.0,0.4,5.0,0.41,5.0,0.42,5.0,0.43,5.0,0.44,5.0,0.6,5.0,0.59,5.0,0.58,5.0,0.57,5.0,0.56,5.0,0.67,0.07,0.68,15.0,0.69,15.0,0.7,15.0,0.71,32.0,0.07,0.07,44.853742,1776160871000
1776160873.054,73.054,0.33,0.07,0.32,15.0,0.31,15.0,0.3,15.0,0.29,32.0,0.4,5.0,0.41,5.0,0.42,5.0,0.43,5.0,0.44,5.0,0.6,5.0,0.59,5.0,0.58,5.0,0.57,5.0,0.56,5.0,0.67,0.07,0.68,15.0,0.69,15.0,0.7,15.0,0.71,32.0,0.07,0.07,44.850063,1776160872000
1776160874.599,74.599,0.33,0.07,0.32,15.0,0.31,15.0,0.3,15.0,0.29,32.0,0.4,5.0,0.41,5.0,0.42,5.0,0.43,5.0,0.44,5.0,0.6,5.0,0.59,5.0,0.58,5.0,0.57,5.0,0.56,5.0,0.67,0.07,0.68,15.0,0.69,15.0,0.7,15.0,0.71,32.0,0.07,0.07,44.85017,1776160873000
1776160875.206,75.206,0.33,0.07,0.32,15.0,0.31,15.0,0.3,15.0,0.29,32.0,0.4,5.0,0.41,5.0,0.42,5.0,0.43,5.0,0.44,5.0,0.6,5.0,0.59,5.0,0.58,5.0,0.57,5.0,0.56,5.0,0.67,0.07,0.68,15.0,0.69,15.0,0.7,15.0,0.71,32.0,0.07,0.07,44.849877,1776160874000
1776160876.185,76.185,0.33,0.07,0.32,15.0,0.31,15.0,0.3,15.0,0.29,32.0,0.4,5.0,0.41,5.0,0.42,5.0,0.43,5.0,0.44,5.0,0.6,5.0,0.59,5.0,0.58,5.0,0.57,5.0,0.56,5.0,0.67,0.07,0.68,15.0,0.69,15.0,0.7,15.0,0.71,32.0,0.07,0.07,44.852554,1776160875000
1776160877.338,77.338,0.33,0.07,0.32,15.0,0.31,15.0,0.3,15.0,0.29,32.0,0.4,5.0,0.41,5.0,0.42,5.0,0.43,5.0,0.44,5.0,0.6,5.0,0.59,5.0,0.58,5.0,0.57,5.0,0.56,5.0,0.67,0.07,0.68,15.0,0.69,15.0,0.7,15.0,0.71,32.0,0.07,0.07,44.853871,1776160876000
1776160878.286,78.286,0.33,0.07,0.32,15.0,0.31,15.0,0.3,15.0,0.29,32.0,0.4,5.0,0.41,5.0,0.42,5.0,0.43,5.0,0.44,5.0,0.6,5.0,0.59,5.0,0.58,5.0,0.57,5.0,0.56,5.0,0.67,0.07,0.68,15.0,0.69,15.0,0.7,15.0,0.71,32.0,0.07,0.07,44.85132,1776160877000
1776160879.393,79.393,0.33,0.07,0.32,15.0,0.31,15.0,0.3,15.0,0.29,32.0,0.4,5.0,0.41,5.0,0.42,5.0,0.43,5.0,0.44,5.0,0.6,5.0,0.59,5.0,0.58,5.0,0.57,5.0,0.56,5.0,0.67,0.07,0.68,15.0,0.69,15.0,0.7,15.0,0.71,32.0,0.07,0.07,44.847829,1776160878000
1776160879.945,79.945,0.33,0.07,0.32,15.0,0.31,15.0,0.3,15.0,0.29,32.0,0.4,5.0,0.41,5.0,0.42,5.0,0.43,5.0,0.44,5.0,0.6,5.0,0.59,5.0,0.58,5.0,0.57,5.0,0.56,5.0,0.67,0.07,0.68,15.0,0.69,15.0,0.7,15.0,0.71,32.0,0.07,0.07,44.84524,1776160879000
1776160880.988,80.988,0.33,0.07,0.32,15.0,0.31,15.0,0.3,15.0,0.29,32.0,0.4,5.0,0.41,5.0,0.42,5.0,0.43,5.0,0.44,5.0,0.6,5.0,0.59,5.0,0.58,5.0,0.57,5.0,0.56,5.0,0.67,0.07,0.68,15.0,0.69,15.0,0.7,15.0,0.71,32.0,0.07,0.07,44.844856,1776160880000
1776160882.02,82.02,0.33,0.07,0.32,15.0,0.31,15.0,0.3,15.0,0.29,32.0,0.4,5.0,0.41,5.0,0.42,5.0,0.43,5.0,0.44,5.0,0.6,5.0,0.59,5.0,0.58,5.0,0.57,5.0,0.56,5.0,0.67,0.07,0.68,15.0,0.69,15.0,0.7,15.0,0.71,32.0,0.07,0.07,44.841838,1776160881000
1776160883.064,83.064,0.33,0.07,0.32,15.0,0.31,15.0,0.3,15.0,0.29,32.0,0.4,5.0,0.41,5.0,0.42,5.0,0.43,5.0,0.44,5.0,0.6,5.0,0.59,5.0,0.58,5.0,0.57,5.0,0.56,5.0,0.67,0.07,0.68,15.0,0.69,15.0,0.7,15.0,0.71,32.0,0.07,0.07,44.841279,1776160882000
1776160884.143,84.143,0.33,0.07,0.32,15.0,0.31,15.0,0.3,15.0,0.29,32.0,0.4,5.0,0.41,5.0,0.42,5.0,0.43,5.0,0.44,5.0,0.6,5.0,0.59,5.0,0.58,5.0,0.57,5.0,0.56,5.0,0.67,0.07,0.68,15.0,0.69,15.0,0.7,15.0,0.71,32.0,0.07,0.07,44.842192,1776160883000
1776160885.212,85.212,0.33,0.07,0.32,15.0,0.31,15.0,0.3,15.0,0.29,32.0,0.4,5.0,0.41,5.0,0.42,5.0,0.43,5.0,0.44,5.0,0.6,5.0,0.59,5.0,0.58,5.0,0.57,5.0,0.56,5.0,0.67,0.07,0.68,15.0,0.69,15.0,0.7,15.0,0.71,32.0,0.07,0.07,44.848104,1776160884000
1776160886.389,86.389,0.33,0.07,0.32,15.0,0.31,15.0,0.3,15.0,0.29,32.0,0.4,5.0,0.41,5.0,0.42,5.0,0.43,5.0,0.44,5.0,0.6,5.0,0.59,5.0,0.58,5.0,0.57,5.0,0.56,5.0,0.67,0.07,0.68,15.0,0.69,15.0,0.7,15.0,0.71,32.0,0.07,0.07,44.839254,1776160885000
1776160887.4,87.4,0.33,0.07,0.32,15.0,0.31,15.0,0.3,15.0,0.29,32.0,0.4,5.0,0.41,5.0,0.42,5.0,0.43,5.0,0.44,5.0,0.6,5.0,0.59,5.0,0.58,5.0,0.57,5.0,0.56,5.0,0.67,0.07,0.68,15.0,0.69,15.0,0.7,15.0,0.71,32.0,0.07,0.07,44.841976,1776160886000
1776160888.231,88.231,0.33,0.07,0.32,15.0,0.31,15.0,0.3,15.0,0.29,32.0,0.4,5.0,0.41,5.0,0.42,5.0,0.43,5.0,0.44,5.0,0.6,5.0,0.59,5.0,0.58,5.0,0.57,5.0,0.56,5.0,0.67,0.07,0.68,15.0,0.69,15.0,0.7,15.0,0.71,32.0,0.07,0.07,44.850824,1776160887000
1776160889.218,89.218,0.33,0.07,0.32,15.0,0.31,15.0,0.3,15.0,0.29,32.0,0.4,5.0,0.41,5.0,0.42,5.0,0.43,5.0,0.44,5.0,0.6,5.0,0.59,5.0,0.58,5.0,0.57,5.0,0.56,5.0,0.67,0.07,0.68,15.0,0.69,15.0,0.7,15.0,0.71,32.0,0.07,0.07,44.851168,1776160888000
1776160890.207,90.207,0.33,0.07,0.32,15.0,0.31,15.0,0.3,15.0,0.29,32.0,0.4,5.0,0.41,5.0,0.42,5.0,0.43,5.0,0.44,5.0,0.6,5.0,0.59,5.0,0.58,5.0,0.57,5.0,0.56,5.0,0.67,0.07,0.68,15.0,0.69,15.0,0.7,15.0,0.71,32.0,0.07,0.07,44.84766,1776160889000
1776160891.108,91.108,0.33,0.07,0.32,15.0,0.31,15.0,0.3,15.0,0.29,32.0,0.4,5.0,0.41,5.0,0.42,5.0,0.43,5.0,0.44,5.0,0.6,5.0,0.59,5.0,0.58,5.0,0.57,5.0,0.56,5.0,0.67,0.07,0.68,15.0,0.69,15.0,0.7,15.0,0.71,32.0,0.07,0.07,44.84759,1776160890000
1776160892.147,92.147,0.33,0.07,0.32,15.0,0.31,15.0,0.3,15.0,0.29,32.0,0.4,5.0,0.41,5.0,0.42,5.0,0.43,5.0,0.44,5.0,0.6,5.0,0.59,5.0,0.58,5.0,0.57,5.0,0.56,5.0,0.67,0.07,0.68,15.0,0.69,15.0,0.7,15.0,0.71,32.0,0.07,0.07,44.849544,1776160891000
1776160893.157,93.157,0.33,0.07,0.32,15.0,0.31,15.0,0.3,15.0,0.29,32.0,0.4,5.0,0.41,5.0,0.42,5.0,0.43,5.0,0.44,5.0,0.6,5.0,0.59,5.0,0.58,5.0,0.57,5.0,0.56,5.0,0.67,0.07,0.68,15.0,0.69,15.0,0.7,15.0,0.71,32.0,0.07,0.07,44.849862,1776160892000
1776160894.148,94.148,0.33,0.07,0.32,15.0,0.31,15.0,0.3,15.0,0.29,32.0,0.4,5.0,0.41,5.0,0.42,5.0,0.43,5.0,0.44,5.0,0.6,5.0,0.59,5.0,0.58,5.0,0.57,5.0,0.56,5.0,0.67,0.07,0.68,15.0,0.69,15.0,0.7,15.0,0.71,32.0,0.07,0.07,44.849094,1776160893000
1776160895.248,95.248,0.33,0.07,0.32,15.0,0.31,15.0,0.3,15.0,0.29,32.0,0.4,5.0,0.41,5.0,0.42,5.0,0.43,5.0,0.44,5.0,0.6,5.0,0.59,5.0,0.58,5.0,0.57,5.0,0.56,5.0,0.67,0.07,0.68,15.0,0.69,15.0,0.7,15.0,0.71,32.0,0.07,0.07,44.854319,1776160894000
1776160896.203,96.203,0.33,0.07,0.32,15.0,0.31,15.0,0.3,15.0,0.29,32.0,0.4,5.0,0.41,5.0,0.42,5.0,0.43,5.0,0.44,5.0,0.6,5.0,0.59,5.0,0.58,5.0,0.57,5.0,0.56,5.0,0.67,0.07,0.68,15.0,0.69,15.0,0.7,15.0,0.71,32.0,0.07,0.07,44.858426,1776160895000
1776160897.108,97.108,0.33,0.07,0.32,15.0,0.31,15.0,0.3,15.0,0.29,32.0,0.4,5.0,0.41,5.0,0.42,5.0,0.43,5.0,0.44,5.0,0.6,5.0,0.59,5.0,0.58,5.0,0.57,5.0,0.56,5.0,0.67,0.07,0.68,15.0,0.69,15.0,0.7,15.0,0.71,32.0,0.07,0.07,44.860724,1776160896000
1776160898.028,98.028,0.33,0.07,0.32,15.0,0.31,15.0,0.3,15.0,0.29,32.0,0.4,5.0,0.41,5.0,0.42,5.0,0.43,5.0,0.44,5.0,0.6,5.0,0.59,5.0,0.58,5.0,0.57,5.0,0.56,5.0,0.67,0.07,0.68,15.0,0.69,15.0,0.7,15.0,0.71,32.0,0.07,0.07,44.86167,1776160897000
1776160899.123,99.123,0.33,0.07,0.32,15.0,0.31,15.0,0.3,15.0,0.29,32.0,0.4,5.0,0.41,5.0,0.42,5.0,0.43,5.0,0.44,5.0,0.6,5.0,0.59,5.0,0.58,5.0,0.57,5.0,0.56,5.0,0.67,0.07,0.68,15.0,0.69,15.0,0.7,15.0,0.71,32.0,0.07,0.07,44.861418,1776160898000
1776160900.146,100.146,0.33,0.07,0.32,15.0,0.31,15.0,0.3,15.0,0.29,32.0,0.4,5.0,0.41,5.0,0.42,5.0,0.43,5.0,0.44,5.0,0.6,5.0,0.59,5.0,0.58,5.0,0.57,5.0,0.56,5.0,0.67,0.07,0.68,15.0,0.69,15.0,0.7,15.0,0.71,32.0,0.07,0.07,44.86285,1776160899000
1776160901.398,101.398,0.33,0.07,0.32,15.0,0.31,15.0,0.3,15.0,0.29,32.0,0.4,5.0,0.41,5.0,0.42,5.0,0.43,5.0,0.44,5.0,0.6,5.0,0.59,5.0,0.58,5.0,0.57,5.0,0.56,5.0,0.67,0.07,0.68,15.0,0.69,15.0,0.7,15.0,0.71,32.0,0.07,0.07,44.860774,1776160900000
1776160902.323,102.323,0.33,0.07,0.32,15.0,0.31,15.0,0.3,15.0,0.29,32.0,0.4,5.0,0.41,5.0,0.42,5.0,0.43,5.0,0.44,5.0,0.6,5.0,0.59,5.0,0.58,5.0,0.57,5.0,0.56,5.0,0.67,0.07,0.68,15.0,0.69,15.0,0.7,15.0,0.71,32.0,0.07,0.07,44.861176,1776160901000
1776160903.576,103.576,0.33,0.07,0.32,15.0,0.31,15.0,0.3,15.0,0.29,32.0,0.4,5.0,0.41,5.0,0.42,5.0,0.43,5.0,0.44,5.0,0.6,5.0,0.59,5.0,0.58,5.0,0.57,5.0,0.56,5.0,0.67,0.07,0.68,15.0,0.69,15.0,0.7,15.0,0.71,32.0,0.07,0.07,44.870097,1776160902000
1776160904.498,104.498,0.33,0.07,0.32,15.0,0.31,15.0,0.3,15.0,0.29,32.0,0.4,5.0,0.41,5.0,0.42,5.0,0.43,5.0,0.44,5.0,0.6,5.0,0.59,5.0,0.58,5.0,0.57,5.0,0.56,5.0,0.67,0.07,0.68,15.0,0.69,15.0,0.7,15.0,0.71,32.0,0.07,0.07,44.870622,1776160903000
1776160905.195,105.195,0.33,0.07,0.32,15.0,0.31,15.0,0.3,15.0,0.29,32.0,0.4,5.0,0.41,5.0,0.42,5.0,0.43,5.0,0.44,5.0,0.6,5.0,0.59,5.0,0.58,5.0,0.57,5.0,0.56,5.0,0.67,0.07,0.68,15.0,0.69,15.0,0.7,15.0,0.71,32.0,0.07,0.07,44.875153,1776160904000
1776160906.481,106.481,0.33,0.07,0.32,15.0,0.31,15.0,0.3,15.0,0.29,32.0,0.4,5.0,0.41,5.0,0.42,5.0,0.43,5.0,0.44,5.0,0.6,5.0,0.59,5.0,0.58,5.0,0.57,5.0,0.56,5.0,0.67,0.07,0.68,15.0,0.69,15.0,0.7,15.0,0.71,32.0,0.07,0.07,44.875417,1776160905000
1776160907.007,107.007,0.33,0.07,0.32,15.0,0.31,15.0,0.3,15.0,0.29,32.0,0.4,5.0,0.41,5.0,0.42,5.0,0.43,5.0,0.44,5.0,0.6,5.0,0.59,5.0,0.58,5.0,0.57,5.0,0.56,5.0,0.67,0.07,0.68,15.0,0.69,15.0,0.7,15.0,0.71,32.0,0.07,0.07,44.879955,1776160906000
1776160908.312,108.312,0.33,0.07,0.32,15.0,0.31,15.0,0.3,15.0,0.29,32.0,0.4,5.0,0.41,5.0,0.42,5.0,0.43,5.0,0.44,5.0,0.6,5.0,0.59,5.0,0.58,5.0,0.57,5.0,0.56,5.0,0.67,0.07,0.68,15.0,0.69,15.0,0.7,15.0,0.71,32.0,0.07,0.07,44.88814,1776160907000
1776160909.578,109.578,0.33,0.07,0.32,15.0,0.31,15.0,0.3,15.0,0.29,32.0,0.4,5.0,0.41,5.0,0.42,5.0,0.43,5.0,0.44,5.0,0.6,5.0,0.59,5.0,0.58,5.0,0.57,5.0,0.56,5.0,0.67,0.07,0.68,15.0,0.69,15.0,0.7,15.0,0.71,32.0,0.07,0.07,44.891509,1776160908000
1776160910.477,110.477,0.33,0.07,0.32,15.0,0.31,15.0,0.3,15.0,0.29,32.0,0.4,5.0,0.41,5.0,0.42,5.0,0.43,5.0,0.44,5.0,0.6,5.0,0.59,5.0,0.58,5.0,0.57,5.0,0.56,5.0,0.67,0.07,0.68,15.0,0.69,15.0,0.7,15.0,0.71,32.0,0.07,0.07,44.891509,1776160909000
1776160911.096,111.096,0.33,0.07,0.32,15.0,0.31,15.0,0.3,15.0,0.29,32.0,0.4,5.0,0.41,5.0,0.42,5.0,0.43,5.0,0.44,5.0,0.6,5.0,0.59,5.0,0.58,5.0,0.57,5.0,0.56,5.0,0.67,0.07,0.68,15.0,0.69,15.0,0.7,15.0,0.71,32.0,0.07,0.07,44.888186,1776160910000
1776160912.547,112.547,0.33,0.07,0.32,15.0,0.31,15.0,0.3,15.0,0.29,32.0,0.4,5.0,0.41,5.0,0.42,5.0,0.43,5.0,0.44,5.0,0.6,5.0,0.59,5.0,0.58,5.0,0.57,5.0,0.56,5.0,0.67,0.07,0.68,15.0,0.69,15.0,0.7,15.0,0.71,32.0,0.07,0.07,44.880437,1776160911000
1776160913.22,113.22,0.33,0.07,0.32,15.0,0.31,15.0,0.3,15.0,0.29,32.0,0.4,5.0,0.41,5.0,0.42,5.0,0.43,5.0,0.44,5.0,0.6,5.0,0.59,5.0,0.58,5.0,0.57,5.0,0.56,5.0,0.67,0.07,0.68,15.0,0.69,15.0,0.7,15.0,0.71,32.0,0.07,0.07,44.880239,1776160912000
1776160914.974,114.974,0.33,0.07,0.32,15.0,0.31,15.0,0.3,15.0,0.29,32.0,0.4,5.0,0.41,5.0,0.42,5.0,0.43,5.0,0.44,5.0,0.6,5.0,0.59,5.0,0.58,5.0,0.57,5.0,0.56,5.0,0.67,0.07,0.68,15.0,0.69,15.0,0.7,15.0,0.71,32.0,0.07,0.07,44.880372,1776160913000
1776160915.56,115.56,0.33,0.07,0.32,15.0,0.31,15.0,0.3,15.0,0.29,32.0,0.4,5.0,0.41,5.0,0.42,5.0,0.43,5.0,0.44,5.0,0.6,5.0,0.59,5.0,0.58,5.0,0.57,5.0,0.56,5.0,0.67,0.07,0.68,15.0,0.69,15.0,0.7,15.0,0.71,32.0,0.07,0.07,44.880597,1776160914000
1776160916.574,116.574,0.33,0.07,0.32,15.0,0.31,15.0,0.3,15.0,0.29,32.0,0.4,5.0,0.41,5.0,0.42,5.0,0.43,5.0,0.44,5.0,0.6,5.0,0.59,5.0,0.58,5.0,0.57,5.0,0.56,5.0,0.67,0.07,0.68,15.0,0.69,15.0,0.7,15.0,0.71,32.0,0.07,0.07,44.880597,1776160915000
1776160917.528,117.528,0.33,0.07,0.32,15.0,0.31,15.0,0.3,15.0,0.29,32.0,0.4,5.0,0.41,5.0,0.42,5.0,0.43,5.0,0.44,5.0,0.6,5.0,0.59,5.0,0.58,5.0,0.57,5.0,0.56,5.0,0.67,0.07,0.68,15.0,0.69,15.0,0.7,15.0,0.71,32.0,0.07,0.07,44.881819,1776160916000
1776160918.303,118.303,0.33,0.07,0.32,15.0,0.31,15.0,0.3,15.0,0.29,32.0,0.4,5.0,0.41,5.0,0.42,5.0,0.43,5.0,0.44,5.0,0.6,5.0,0.59,5.0,0.58,5.0,0.57,5.0,0.56,5.0,0.67,0.07,0.68,15.0,0.69,15.0,0.7,15.0,0.71,32.0,0.07,0.07,44.881745,1776160917000
1776160920.241,120.241,0.33,0.07,0.32,15.0,0.31,15.0,0.3,15.0,0.29,32.0,0.4,5.0,0.41,5.0,0.42,5.0,0.43,5.0,0.44,5.0,0.6,5.0,0.59,5.0,0.58,5.0,0.57,5.0,0.56,5.0,0.67,0.07,0.68,15.0,0.69,15.0,0.7,15.0,0.71,32.0,0.07,0.07,44.880647,1776160919000
1776160921.126,121.126,0.33,0.07,0.32,15.0,0.31,15.0,0.3,15.0,0.29,32.0,0.4,5.0,0.41,5.0,0.42,5.0,0.43,5.0,0.44,5.0,0.6,5.0,0.59,5.0,0.58,5.0,0.57,5.0,0.56,5.0,0.67,0.07,0.68,15.0,0.69,15.0,0.7,15.0,0.71,32.0,0.07,0.07,44.880759,1776160920000
1776160922.146,122.146,0.33,0.07,0.32,15.0,0.31,15.0,0.3,15.0,0.29,32.0,0.4,5.0,0.41,5.0,0.42,5.0,0.43,5.0,0.44,5.0,0.6,5.0,0.59,5.0,0.58,5.0,0.57,5.0,0.56,5.0,0.67,0.07,0.68,15.0,0.69,15.0,0.7,15.0,0.71,32.0,0.07,0.07,44.880996,1776160921000
1776160923.15,123.15,0.33,0.07,0.32,15.0,0.31,15.0,0.3,15.0,0.29,32.0,0.4,5.0,0.41,5.0,0.42,5.0,0.43,5.0,0.44,5.0,0.6,5.0,0.59,5.0,0.58,5.0,0.57,5.0,0.56,5.0,0.67,0.07,0.68,15.0,0.69,15.0,0.7,15.0,0.71,32.0,0.07,0.07,44.881023,1776160922000
1776160924.092,124.092,0.33,0.07,0.32,15.0,0.31,15.0,0.3,15.0,0.29,32.0,0.4,5.0,0.41,5.0,0.42,5.0,0.43,5.0,0.44,5.0,0.6,5.0,0.59,5.0,0.58,5.0,0.57,5.0,0.56,5.0,0.67,0.07,0.68,15.0,0.69,15.0,0.7,15.0,0.71,32.0,0.07,0.07,44.880673,1776160923000
1776160925.106,125.106,0.33,0.07,0.32,15.0,0.31,15.0,0.3,15.0,0.29,32.0,0.4,5.0,0.41,5.0,0.42,5.0,0.43,5.0,0.44,5.0,0.6,5.0,0.59,5.0,0.58,5.0,0.57,5.0,0.56,5.0,0.67,0.07,0.68,15.0,0.69,15.0,0.7,15.0,0.71,32.0,0.07,0.07,44.880522,1776160924000
1776160926.009,126.009,0.33,0.07,0.32,15.0,0.31,15.0,0.3,15.0,0.29,32.0,0.4,5.0,0.41,5.0,0.42,5.0,0.43,5.0,0.44,5.0,0.6,5.0,0.59,5.0,0.58,5.0,0.57,5.0,0.56,5.0,0.67,0.07,0.68,15.0,0.69,15.0,0.7,15.0,0.71,32.0,0.07,0.07,44.88039,1776160925000
1776160927.058,127.058,0.33,0.07,0.32,15.0,0.31,15.0,0.3,15.0,0.29,32.0,0.4,5.0,0.41,5.0,0.42,5.0,0.43,5.0,0.44,5.0,0.6,5.0,0.59,5.0,0.58,5.0,0.57,5.0,0.56,5.0,0.67,0.07,0.68,15.0,0.69,15.0,0.7,15.0,0.71,32.0,0.07,0.07,44.878522,1776160926000
1776160928.04,128.04,0.33,0.07,0.32,15.0,0.31,15.0,0.3,15.0,0.29,32.0,0.4,5.0,0.41,5.0,0.42,5.0,0.43,5.0,0.44,5.0,0.6,5.0,0.59,5.0,0.58,5.0,0.57,5.0,0.56,5.0,0.67,0.07,0.68,15.0,0.69,15.0,0.7,15.0,0.71,32.0,0.07,0.07,44.878947,1776160927000
1776160928.967,128.967,0.33,0.07,0.32,15.0,0.31,15.0,0.3,15.0,0.29,32.0,0.4,5.0,0.41,5.0,0.42,5.0,0.43,5.0,0.44,5.0,0.6,5.0,0.59,5.0,0.58,5.0,0.57,5.0,0.56,5.0,0.67,0.07,0.68,15.0,0.69,15.0,0.7,15.0,0.71,32.0,0.07,0.07,44.878789,1776160928000
1776160930.032,130.032,0.33,0.07,0.32,15.0,0.31,15.0,0.3,15.0,0.29,32.0,0.4,5.0,0.41,5.0,0.42,5.0,0.43,5.0,0.44,5.0,0.6,5.0,0.59,5.0,0.58,5.0,0.57,5.0,0.56,5.0,0.67,0.07,0.68,15.0,0.69,15.0,0.7,15.0,0.71,32.0,0.07,0.07,44.878789,1776160929000
1776160930.98,130.98,0.33,0.07,0.32,15.0,0.31,15.0,0.3,15.0,0.29,32.0,0.4,5.0,0.41,5.0,0.42,5.0,0.43,5.0,0.44,5.0,0.6,5.0,0.59,5.0,0.58,5.0,0.57,5.0,0.56,5.0,0.67,0.07,0.68,15.0,0.69,15.0,0.7,15.0,0.71,32.0,0.07,0.07,44.877681,1776160930000
1776160931.936,131.936,0.33,0.07,0.32,15.0,0.31,15.0,0.3,15.0,0.29,32.0,0.4,5.0,0.41,5.0,0.42,5.0,0.43,5.0,0.44,5.0,0.6,5.0,0.59,5.0,0.58,5.0,0.57,5.0,0.56,5.0,0.67,0.07,0.68,15.0,0.69,15.0,0.7,15.0,0.71,32.0,0.07,0.07,44.877917,1776160931000
1776160933.208,133.208,0.33,0.07,0.32,15.0,0.31,15.0,0.3,15.0,0.29,32.0,0.4,5.0,0.41,5.0,0.42,5.0,0.43,5.0,0.44,5.0,0.6,5.0,0.59,5.0,0.58,5.0,0.57,5.0,0.56,5.0,0.67,0.07,0.68,15.0,0.69,15.0,0.7,15.0,0.71,32.0,0.07,0.07,44.875991,1776160932000
1776160934.146,134.146,0.33,0.07,0.32,15.0,0.31,15.0,0.3,15.0,0.29,32.0,0.4,5.0,0.41,5.0,0.42,5.0,0.43,5.0,0.44,5.0,0.6,5.0,0.59,5.0,0.58,5.0,0.57,5.0,0.56,5.0,0.67,0.07,0.68,15.0,0.69,15.0,0.7,15.0,0.71,32.0,0.07,0.07,44.874605,1776160933000
1776160935.134,135.134,0.33,0.07,0.32,15.0,0.31,15.0,0.3,15.0,0.29,32.0,0.4,5.0,0.41,5.0,0.42,5.0,0.43,5.0,0.44,5.0,0.6,5.0,0.59,5.0,0.58,5.0,0.57,5.0,0.56,5.0,0.67,0.07,0.68,15.0,0.69,15.0,0.7,15.0,0.71,32.0,0.07,0.07,44.867396,1776160934000
1776160936.109,136.109,0.33,0.07,0.32,15.0,0.31,15.0,0.3,15.0,0.29,32.0,0.4,5.0,0.41,5.0,0.42,5.0,0.43,5.0,0.44,5.0,0.6,5.0,0.59,5.0,0.58,5.0,0.57,5.0,0.56,5.0,0.67,0.07,0.68,15.0,0.69,15.0,0.7,15.0,0.71,32.0,0.07,0.07,44.8673,1776160935000
1776160937.035,137.035,0.33,0.07,0.32,15.0,0.31,15.0,0.3,15.0,0.29,32.0,0.4,5.0,0.41,5.0,0.42,5.0,0.43,5.0,0.44,5.0,0.6,5.0,0.59,5.0,0.58,5.0,0.57,5.0,0.56,5.0,0.67,0.07,0.68,15.0,0.69,15.0,0.7,15.0,0.71,32.0,0.07,0.07,44.866519,1776160936000
1776160937.936,137.936,0.33,0.07,0.32,15.0,0.31,15.0,0.3,15.0,0.29,32.0,0.4,5.0,0.41,5.0,0.42,5.0,0.43,5.0,0.44,5.0,0.6,5.0,0.59,5.0,0.58,5.0,0.57,5.0,0.56,5.0,0.67,0.07,0.68,15.0,0.69,15.0,0.7,15.0,0.71,32.0,0.07,0.07,44.865622,1776160937000
1776160938.997,138.997,0.33,0.07,0.32,15.0,0.31,15.0,0.3,15.0,0.29,32.0,0.4,5.0,0.41,5.0,0.42,5.0,0.43,5.0,0.44,5.0,0.6,5.0,0.59,5.0,0.58,5.0,0.57,5.0,0.56,5.0,0.67,0.07,0.68,15.0,0.69,15.0,0.7,15.0,0.71,32.0,0.07,0.07,44.865678,1776160938000
1776160939.98,139.98,0.33,0.07,0.32,15.0,0.31,15.0,0.3,15.0,0.29,32.0,0.4,5.0,0.41,5.0,0.42,5.0,0.43,5.0,0.44,5.0,0.6,5.0,0.59,5.0,0.58,5.0,0.57,5.0,0.56,5.0,0.67,0.07,0.68,15.0,0.69,15.0,0.7,15.0,0.71,32.0,0.07,0.07,44.866951,1776160939000
1776160940.886,140.886,0.33,0.07,0.32,15.0,0.31,15.0,0.3,15.0,0.29,32.0,0.4,5.0,0.41,5.0,0.42,5.0,0.43,5.0,0.44,5.0,0.6,5.0,0.59,5.0,0.58,5.0,0.57,5.0,0.56,5.0,0.67,0.07,0.68,15.0,0.69,15.0,0.7,15.0,0.71,32.0,0.07,0.07,44.862688,1776160940000
1776160941.87,141.87,0.23,15.0,0.22,15.0,0.21,15.0,0.2,15.0,0.19,25.0,0.4,59.55,0.41,15.0,0.42,15.0,0.43,15.0,0.44,15.0,0.6,5.0,0.59,5.0,0.58,5.0,0.57,5.0,0.56,5.0,0.67,0.07,0.68,15.0,0.69,15.0,0.7,15.0,0.71,32.0,0.17,0.07,44.862688,1776160940000
1776160942.356,142.356,0.23,15.0,0.22,15.0,0.21,15.0,0.2,15.0,0.19,25.0,0.4,59.55,0.41,15.0,0.42,15.0,0.43,15.0,0.44,15.0,0.6,59.55,0.59,15.0,0.58,15.0,0.57,15.0,0.56,15.0,0.77,15.0,0.78,15.0,0.79,15.0,0.8,15.0,0.81,25.0,0.17,0.17,44.862762,1776160941000
1776160943.262,143.262,0.23,15.0,0.22,15.0,0.21,15.0,0.2,15.0,0.19,25.0,0.4,59.55,0.41,15.0,0.42,15.0,0.43,15.0,0.44,15.0,0.6,59.55,0.59,15.0,0.58,15.0,0.57,15.0,0.56,15.0,0.77,15.0,0.78,15.0,0.79,15.0,0.8,15.0,0.81,25.0,0.17,0.17,44.861115,1776160942000
1776160944.216,144.216,0.23,15.0,0.22,15.0,0.21,15.0,0.2,15.0,0.19,25.0,0.4,59.55,0.41,15.0,0.42,15.0,0.43,15.0,0.44,15.0,0.6,59.55,0.59,15.0,0.58,15.0,0.57,15.0,0.56,15.0,0.77,15.0,0.78,15.0,0.79,15.0,0.8,15.0,0.81,25.0,0.17,0.17,44.858512,1776160943000
1776160945.054,145.054,0.23,15.0,0.22,15.0,0.21,15.0,0.2,15.0,0.19,25.0,0.4,59.55,0.41,15.0,0.42,15.0,0.43,15.0,0.44,15.0,0.6,59.55,0.59,15.0,0.58,15.0,0.57,15.0,0.56,15.0,0.77,15.0,0.78,15.0,0.79,15.0,0.8,15.0,0.81,25.0,0.17,0.17,44.852185,1776160944000
1776160946.081,146.081,0.23,15.0,0.22,15.0,0.21,15.0,0.2,15.0,0.19,25.0,0.4,59.55,0.41,15.0,0.42,15.0,0.43,15.0,0.44,15.0,0.6,59.55,0.59,15.0,0.58,15.0,0.57,15.0,0.56,15.0,0.77,15.0,0.78,15.0,0.79,15.0,0.8,15.0,0.81,25.0,0.17,0.17,44.851003,1776160945000
1776160947.133,147.133,0.23,15.0,0.22,15.0,0.21,15.0,0.2,15.0,0.19,25.0,0.4,59.55,0.41,15.0,0.42,15.0,0.43,15.0,0.44,15.0,0.6,59.55,0.59,15.0,0.58,15.0,0.57,15.0,0.56,15.0,0.77,15.0,0.78,15.0,0.79,15.0,0.8,15.0,0.81,25.0,0.17,0.17,44.85068,1776160946000
1776160948.142,148.142,0.23,15.0,0.22,15.0,0.21,15.0,0.2,15.0,0.19,25.0,0.4,59.55,0.41,15.0,0.42,15.0,0.43,15.0,0.44,15.0,0.6,59.55,0.59,15.0,0.58,15.0,0.57,15.0,0.56,15.0,0.77,15.0,0.78,15.0,0.79,15.0,0.8,15.0,0.81,25.0,0.17,0.17,44.849789,1776160947000
1776160949.177,149.177,0.23,15.0,0.22,15.0,0.21,15.0,0.2,15.0,0.19,25.0,0.4,59.55,0.41,15.0,0.42,15.0,0.43,15.0,0.44,15.0,0.6,59.55,0.59,15.0,0.58,15.0,0.57,15.0,0.56,15.0,0.77,15.0,0.78,15.0,0.79,15.0,0.8,15.0,0.81,25.0,0.17,0.17,44.849714,1776160948000
1776160950.252,150.252,0.23,15.0,0.22,15.0,0.21,15.0,0.2,15.0,0.19,25.0,0.4,59.55,0.41,15.0,0.42,15.0,0.43,15.0,0.44,15.0,0.6,59.55,0.59,15.0,0.58,15.0,0.57,15.0,0.56,15.0,0.77,15.0,0.78,15.0,0.79,15.0,0.8,15.0,0.81,25.0,0.17,0.17,44.849441,1776160949000
1776160951.394,151.394,0.23,15.0,0.22,15.0,0.21,15.0,0.2,15.0,0.19,25.0,0.4,59.55,0.41,15.0,0.42,15.0,0.43,15.0,0.44,15.0,0.6,59.55,0.59,15.0,0.58,15.0,0.57,15.0,0.56,15.0,0.77,15.0,0.78,15.0,0.79,15.0,0.8,15.0,0.81,25.0,0.17,0.17,44.848535,1776160950000
1776160952.351,152.351,0.23,15.0,0.22,15.0,0.21,15.0,0.2,15.0,0.19,25.0,0.4,59.55,0.41,15.0,0.42,15.0,0.43,15.0,0.44,15.0,0.6,59.55,0.59,15.0,0.58,15.0,0.57,15.0,0.56,15.0,0.77,15.0,0.78,15.0,0.79,15.0,0.8,15.0,0.81,25.0,0.17,0.17,44.849717,1776160951000
1776160953.308,153.308,0.23,15.0,0.22,15.0,0.21,15.0,0.2,15.0,0.19,25.0,0.4,59.55,0.41,15.0,0.42,15.0,0.43,15.0,0.44,15.0,0.6,59.55,0.59,15.0,0.58,15.0,0.57,15.0,0.56,15.0,0.77,15.0,0.78,15.0,0.79,15.0,0.8,15.0,0.81,25.0,0.17,0.17,44.845869,1776160952000
1776160953.881,153.881,0.23,15.0,0.22,15.0,0.21,15.0,0.2,15.0,0.19,25.0,0.4,59.55,0.41,15.0,0.42,15.0,0.43,15.0,0.44,15.0,0.6,59.55,0.59,15.0,0.58,15.0,0.57,15.0,0.56,15.0,0.77,15.0,0.78,15.0,0.79,15.0,0.8,15.0,0.81,25.0,0.17,0.17,44.850524,1776160953000
1776160954.958,154.958,0.23,15.0,0.22,15.0,0.21,15.0,0.2,15.0,0.19,25.0,0.4,59.55,0.41,15.0,0.42,15.0,0.43,15.0,0.44,15.0,0.6,59.55,0.59,15.0,0.58,15.0,0.57,15.0,0.56,15.0,0.77,15.0,0.78,15.0,0.79,15.0,0.8,15.0,0.81,25.0,0.17,0.17,44.84862,1776160954000
1776160955.981,155.981,0.23,15.0,0.22,15.0,0.21,15.0,0.2,15.0,0.19,25.0,0.4,59.55,0.41,15.0,0.42,15.0,0.43,15.0,0.44,15.0,0.6,59.55,0.59,15.0,0.58,15.0,0.57,15.0,0.56,15.0,0.77,15.0,0.78,15.0,0.79,15.0,0.8,15.0,0.81,25.0,0.17,0.17,44.848706,1776160955000
1776160957.011,157.011,0.23,15.0,0.22,15.0,0.21,15.0,0.2,15.0,0.19,25.0,0.4,59.55,0.41,15.0,0.42,15.0,0.43,15.0,0.44,15.0,0.6,59.55,0.59,15.0,0.58,15.0,0.57,15.0,0.56,15.0,0.77,15.0,0.78,15.0,0.79,15.0,0.8,15.0,0.81,25.0,0.17,0.17,44.850093,1776160956000
1776160958.77,158.77,0.23,15.0,0.22,15.0,0.21,15.0,0.2,15.0,0.19,25.0,0.4,59.55,0.41,15.0,0.42,15.0,0.43,15.0,0.44,15.0,0.6,59.55,0.59,15.0,0.58,15.0,0.57,15.0,0.56,15.0,0.77,15.0,0.78,15.0,0.79,15.0,0.8,15.0,0.81,25.0,0.17,0.17,44.850093,1776160957000
1776160959.17,159.17,0.23,15.0,0.22,15.0,0.21,15.0,0.2,15.0,0.19,25.0,0.4,59.55,0.41,15.0,0.42,15.0,0.43,15.0,0.44,15.0,0.6,59.55,0.59,15.0,0.58,15.0,0.57,15.0,0.56,15.0,0.77,15.0,0.78,15.0,0.79,15.0,0.8,15.0,0.81,25.0,0.17,0.17,44.850803,1776160958000
1776160960.337,160.337,0.23,15.0,0.22,15.0,0.21,15.0,0.2,15.0,0.19,25.0,0.4,59.55,0.41,15.0,0.42,15.0,0.43,15.0,0.44,15.0,0.6,59.55,0.59,15.0,0.58,15.0,0.57,15.0,0.56,15.0,0.77,15.0,0.78,15.0,0.79,15.0,0.8,15.0,0.81,25.0,0.17,0.17,44.850305,1776160959000
1776160960.935,160.935,0.23,15.0,0.22,15.0,0.21,15.0,0.2,15.0,0.19,25.0,0.4,59.55,0.41,15.0,0.42,15.0,0.43,15.0,0.44,15.0,0.6,59.55,0.59,15.0,0.58,15.0,0.57,15.0,0.56,15.0,0.77,15.0,0.78,15.0,0.79,15.0,0.8,15.0,0.81,25.0,0.17,0.17,44.850231,1776160960000
1776160962.043,162.043,0.23,15.0,0.22,15.0,0.21,15.0,0.2,15.0,0.19,25.0,0.4,59.55,0.41,15.0,0.42,15.0,0.43,15.0,0.44,15.0,0.6,59.55,0.59,15.0,0.58,15.0,0.57,15.0,0.56,15.0,0.77,15.0,0.78,15.0,0.79,15.0,0.8,15.0,0.81,25.0,0.17,0.17,44.850956,1776160961000
1776160963.151,163.151,0.23,15.0,0.22,15.0,0.21,15.0,0.2,15.0,0.19,25.0,0.4,59.55,0.41,15.0,0.42,15.0,0.43,15.0,0.44,15.0,0.6,59.55,0.59,15.0,0.58,15.0,0.57,15.0,0.56,15.0,0.77,15.0,0.78,15.0,0.79,15.0,0.8,15.0,0.81,25.0,0.17,0.17,44.851256,1776160962000
1776160964.232,164.232,0.23,15.0,0.22,15.0,0.21,15.0,0.2,15.0,0.19,25.0,0.4,59.55,0.41,15.0,0.42,15.0,0.43,15.0,0.44,15.0,0.6,59.55,0.59,15.0,0.58,15.0,0.57,15.0,0.56,15.0,0.77,15.0,0.78,15.0,0.79,15.0,0.8,15.0,0.81,25.0,0.17,0.17,44.852658,1776160963000
1776160965.308,165.308,0.23,15.0,0.22,15.0,0.21,15.0,0.2,15.0,0.19,25.0,0.4,59.55,0.41,15.0,0.42,15.0,0.43,15.0,0.44,15.0,0.6,59.55,0.59,15.0,0.58,15.0,0.57,15.0,0.56,15.0,0.77,15.0,0.78,15.0,0.79,15.0,0.8,15.0,0.81,25.0,0.17,0.17,44.856172,1776160964000
1776160965.854,165.854,0.23,15.0,0.22,15.0,0.21,15.0,0.2,15.0,0.19,25.0,0.4,59.55,0.41,15.0,0.42,15.0,0.43,15.0,0.44,15.0,0.6,59.55,0.59,15.0,0.58,15.0,0.57,15.0,0.56,15.0,0.77,15.0,0.78,15.0,0.79,15.0,0.8,15.0,0.81,25.0,0.17,0.17,44.858121,1776160965000
1776160966.954,166.954,0.23,15.0,0.22,15.0,0.21,15.0,0.2,15.0,0.19,25.0,0.4,59.55,0.41,15.0,0.42,15.0,0.43,15.0,0.44,15.0,0.6,59.55,0.59,15.0,0.58,15.0,0.57,15.0,0.56,15.0,0.77,15.0,0.78,15.0,0.79,15.0,0.8,15.0,0.81,25.0,0.17,0.17,44.867821,1776160966000
1776160968.064,168.064,0.23,15.0,0.22,15.0,0.21,15.0,0.2,15.0,0.19,25.0,0.4,59.55,0.41,15.0,0.42,15.0,0.43,15.0,0.44,15.0,0.6,59.55,0.59,15.0,0.58,15.0,0.57,15.0,0.56,15.0,0.77,15.0,0.78,15.0,0.79,15.0,0.8,15.0,0.81,25.0,0.17,0.17,44.868144,1776160967000
1776160969.146,169.146,0.23,15.0,0.22,15.0,0.21,15.0,0.2,15.0,0.19,25.0,0.4,59.55,0.41,15.0,0.42,15.0,0.43,15.0,0.44,15.0,0.6,59.55,0.59,15.0,0.58,15.0,0.57,15.0,0.56,15.0,0.77,15.0,0.78,15.0,0.79,15.0,0.8,15.0,0.81,25.0,0.17,0.17,44.870981,1776160968000
1776160970.235,170.235,0.23,15.0,0.22,15.0,0.21,15.0,0.2,15.0,0.19,25.0,0.4,59.55,0.41,15.0,0.42,15.0,0.43,15.0,0.44,15.0,0.6,59.55,0.59,15.0,0.58,15.0,0.57,15.0,0.56,15.0,0.77,15.0,0.78,15.0,0.79,15.0,0.8,15.0,0.81,25.0,0.17,0.17,44.872219,1776160969000
1776160971.289,171.289,0.23,15.0,0.22,15.0,0.21,15.0,0.2,15.0,0.19,25.0,0.4,59.55,0.41,15.0,0.42,15.0,0.43,15.0,0.44,15.0,0.6,59.55,0.59,15.0,0.58,15.0,0.57,15.0,0.56,15.0,0.77,15.0,0.78,15.0,0.79,15.0,0.8,15.0,0.81,25.0,0.17,0.17,44.87222,1776160970000
1776160971.908,171.908,0.23,15.0,0.22,15.0,0.21,15.0,0.2,15.0,0.19,25.0,0.4,59.55,0.41,15.0,0.42,15.0,0.43,15.0,0.44,15.0,0.6,59.55,0.59,15.0,0.58,15.0,0.57,15.0,0.56,15.0,0.77,15.0,0.78,15.0,0.79,15.0,0.8,15.0,0.81,25.0,0.17,0.17,44.87222,1776160971000
1776160973.264,173.264,0.23,15.0,0.22,15.0,0.21,15.0,0.2,15.0,0.19,25.0,0.4,59.55,0.41,15.0,0.42,15.0,0.43,15.0,0.44,15.0,0.6,59.55,0.59,15.0,0.58,15.0,0.57,15.0,0.56,15.0,0.77,15.0,0.78,15.0,0.79,15.0,0.8,15.0,0.81,25.0,0.17,0.17,44.872158,1776160972000
1776160974.15,174.15,0.23,15.0,0.22,15.0,0.21,15.0,0.2,15.0,0.19,25.0,0.4,59.55,0.41,15.0,0.42,15.0,0.43,15.0,0.44,15.0,0.6,59.55,0.59,15.0,0.58,15.0,0.57,15.0,0.56,15.0,0.77,15.0,0.78,15.0,0.79,15.0,0.8,15.0,0.81,25.0,0.17,0.17,44.871884,1776160973000
1776160975.088,175.088,0.23,15.0,0.22,15.0,0.21,15.0,0.2,15.0,0.19,25.0,0.4,59.55,0.41,15.0,0.42,15.0,0.43,15.0,0.44,15.0,0.6,59.55,0.59,15.0,0.58,15.0,0.57,15.0,0.56,15.0,0.77,15.0,0.78,15.0,0.79,15.0,0.8,15.0,0.81,25.0,0.17,0.17,44.871884,1776160974000
1776160976.146,176.146,0.23,15.0,0.22,15.0,0.21,15.0,0.2,15.0,0.19,25.0,0.4,59.55,0.41,15.0,0.42,15.0,0.43,15.0,0.44,15.0,0.6,59.55,0.59,15.0,0.58,15.0,0.57,15.0,0.56,15.0,0.77,15.0,0.78,15.0,0.79,15.0,0.8,15.0,0.81,25.0,0.17,0.17,44.871648,1776160975000
1776160976.994,176.994,0.23,15.0,0.22,15.0,0.21,15.0,0.2,15.0,0.19,25.0,0.4,59.55,0.41,15.0,0.42,15.0,0.43,15.0,0.44,15.0,0.6,59.55,0.59,15.0,0.58,15.0,0.57,15.0,0.56,15.0,0.77,15.0,0.78,15.0,0.79,15.0,0.8,15.0,0.81,25.0,0.17,0.17,44.871781,1776160976000
1776160978.039,178.039,0.23,15.0,0.22,15.0,0.21,15.0,0.2,15.0,0.19,25.0,0.4,59.55,0.41,15.0,0.42,15.0,0.43,15.0,0.44,15.0,0.6,59.55,0.59,15.0,0.58,15.0,0.57,15.0,0.56,15.0,0.77,15.0,0.78,15.0,0.79,15.0,0.8,15.0,0.81,25.0,0.17,0.17,44.871894,1776160977000
1776160978.94,178.94,0.23,15.0,0.22,15.0,0.21,15.0,0.2,15.0,0.19,25.0,0.4,59.55,0.41,15.0,0.42,15.0,0.43,15.0,0.44,15.0,0.6,59.55,0.59,15.0,0.58,15.0,0.57,15.0,0.56,15.0,0.77,15.0,0.78,15.0,0.79,15.0,0.8,15.0,0.81,25.0,0.17,0.17,44.871969,1776160978000
1776160979.94,179.94,0.23,15.0,0.22,15.0,0.21,15.0,0.2,15.0,0.19,25.0,0.4,59.55,0.41,15.0,0.42,15.0,0.43,15.0,0.44,15.0,0.6,59.55,0.59,15.0,0.58,15.0,0.57,15.0,0.56,15.0,0.77,15.0,0.78,15.0,0.79,15.0,0.8,15.0,0.81,25.0,0.17,0.17,44.871969,1776160979000
1776160980.821,180.821,0.23,15.0,0.22,15.0,0.21,15.0,0.2,15.0,0.19,25.0,0.4,59.55,0.41,15.0,0.42,15.0,0.43,15.0,0.44,15.0,0.6,59.55,0.59,15.0,0.58,15.0,0.57,15.0,0.56,15.0,0.77,15.0,0.78,15.0,0.79,15.0,0.8,15.0,0.81,25.0,0.17,0.17,44.871894,1776160980000
1776160982.222,182.222,0.23,15.0,0.22,15.0,0.21,15.0,0.2,15.0,0.19,25.0,0.4,59.55,0.41,15.0,0.42,15.0,0.43,15.0,0.44,15.0,0.6,59.55,0.59,15.0,0.58,15.0,0.57,15.0,0.56,15.0,0.77,15.0,0.78,15.0,0.79,15.0,0.8,15.0,0.81,25.0,0.17,0.17,44.873074,1776160981000
1776160983.126,183.126,0.23,15.0,0.22,15.0,0.21,15.0,0.2,15.0,0.19,25.0,0.4,59.55,0.41,15.0,0.42,15.0,0.43,15.0,0.44,15.0,0.6,59.55,0.59,15.0,0.58,15.0,0.57,15.0,0.56,15.0,0.77,15.0,0.78,15.0,0.79,15.0,0.8,15.0,0.81,25.0,0.17,0.17,44.873303,1776160982000
1776160983.368,183.368,0.36,15.0,0.35,15.0,0.34,15.0,0.33,15.0,0.32,30.0,0.59,10.0,0.62,15.0,0.63,15.0,0.64,15.0,0.65,15.0,0.6,59.55,0.59,15.0,0.58,15.0,0.57,15.0,0.56,15.0,0.77,15.0,0.78,15.0,0.79,15.0,0.8,15.0,0.81,25.0,0.23,0.17,44.873303,1776160982000
1776160984.171,184.171,0.36,15.0,0.35,15.0,0.34,15.0,0.33,15.0,0.32,30.0,0.59,10.0,0.62,15.0,0.63,15.0,0.64,15.0,0.65,15.0,0.41,10.0,0.38,15.0,0.37,15.0,0.36,15.0,0.35,15.0,0.64,15.0,0.65,15.0,0.66,15.0,0.67,15.0,0.68,30.0,0.23,0.23,44.871648,1776160983000
1776160985.192,185.192,0.36,15.0,0.35,15.0,0.34,15.0,0.33,15.0,0.32,30.0,0.59,10.0,0.62,15.0,0.63,15.0,0.64,15.0,0.65,15.0,0.41,10.0,0.38,15.0,0.37,15.0,0.36,15.0,0.35,15.0,0.64,15.0,0.65,15.0,0.66,15.0,0.67,15.0,0.68,30.0,0.23,0.23,44.87899,1776160984000
1776160986.992,186.992,0.36,15.0,0.35,15.0,0.34,15.0,0.33,15.0,0.32,30.0,0.59,10.0,0.62,15.0,0.63,15.0,0.64,15.0,0.65,15.0,0.41,10.0,0.38,15.0,0.37,15.0,0.36,15.0,0.35,15.0,0.64,15.0,0.65,15.0,0.66,15.0,0.67,15.0,0.68,30.0,0.23,0.23,44.884643,1776160985000
1776160987.846,187.846,0.36,15.0,0.35,15.0,0.34,15.0,0.33,15.0,0.32,30.0,0.59,10.0,0.62,15.0,0.63,15.0,0.64,15.0,0.65,15.0,0.41,10.0,0.38,15.0,0.37,15.0,0.36,15.0,0.35,15.0,0.64,15.0,0.65,15.0,0.66,15.0,0.67,15.0,0.68,30.0,0.23,0.23,44.885775,1776160986000
1776160988.639,188.639,0.36,15.0,0.35,15.0,0.34,15.0,0.33,15.0,0.32,30.0,0.59,10.0,0.62,15.0,0.63,15.0,0.64,15.0,0.65,15.0,0.41,10.0,0.38,15.0,0.37,15.0,0.36,15.0,0.35,15.0,0.64,15.0,0.65,15.0,0.66,15.0,0.67,15.0,0.68,30.0,0.23,0.23,44.885232,1776160987000
1776160989.334,189.334,0.36,15.0,0.35,15.0,0.34,15.0,0.33,15.0,0.32,30.0,0.59,10.0,0.62,15.0,0.63,15.0,0.64,15.0,0.65,15.0,0.41,10.0,0.38,15.0,0.37,15.0,0.36,15.0,0.35,15.0,0.64,15.0,0.65,15.0,0.66,15.0,0.67,15.0,0.68,30.0,0.23,0.23,44.885194,1776160988000
1776160990.117,190.117,0.36,15.0,0.35,15.0,0.34,15.0,0.33,15.0,0.32,30.0,0.59,10.0,0.62,15.0,0.63,15.0,0.64,15.0,0.65,15.0,0.41,10.0,0.38,15.0,0.37,15.0,0.36,15.0,0.35,15.0,0.64,15.0,0.65,15.0,0.66,15.0,0.67,15.0,0.68,30.0,0.23,0.23,44.885401,1776160989000
1776160991.135,191.135,0.36,15.0,0.35,15.0,0.34,15.0,0.33,15.0,0.32,30.0,0.59,10.0,0.62,15.0,0.63,15.0,0.64,15.0,0.65,15.0,0.41,10.0,0.38,15.0,0.37,15.0,0.36,15.0,0.35,15.0,0.64,15.0,0.65,15.0,0.66,15.0,0.67,15.0,0.68,30.0,0.23,0.23,44.885244,1776160990000
1776160992.306,192.306,0.36,15.0,0.35,15.0,0.34,15.0,0.33,15.0,0.32,30.0,0.59,10.0,0.62,15.0,0.63,15.0,0.64,15.0,0.65,15.0,0.41,10.0,0.38,15.0,0.37,15.0,0.36,15.0,0.35,15.0,0.64,15.0,0.65,15.0,0.66,15.0,0.67,15.0,0.68,30.0,0.23,0.23,44.888238,1776160991000
1776160993.1,193.1,0.36,15.0,0.35,15.0,0.34,15.0,0.33,15.0,0.32,30.0,0.59,10.0,0.62,15.0,0.63,15.0,0.64,15.0,0.65,15.0,0.41,10.0,0.38,15.0,0.37,15.0,0.36,15.0,0.35,15.0,0.64,15.0,0.65,15.0,0.66,15.0,0.67,15.0,0.68,30.0,0.23,0.23,44.888673,1776160992000
1776160994.569,194.569,0.36,15.0,0.35,15.0,0.34,15.0,0.33,15.0,0.32,30.0,0.59,10.0,0.62,15.0,0.63,15.0,0.64,15.0,0.65,15.0,0.41,10.0,0.38,15.0,0.37,15.0,0.36,15.0,0.35,15.0,0.64,15.0,0.65,15.0,0.66,15.0,0.67,15.0,0.68,30.0,0.23,0.23,44.8885,1776160993000
1776160995.07,195.07,0.36,15.0,0.35,15.0,0.34,15.0,0.33,15.0,0.32,30.0,0.59,10.0,0.62,15.0,0.63,15.0,0.64,15.0,0.65,15.0,0.41,10.0,0.38,15.0,0.37,15.0,0.36,15.0,0.35,15.0,0.64,15.0,0.65,15.0,0.66,15.0,0.67,15.0,0.68,30.0,0.23,0.23,44.8885,1776160994000
1776160996.321,196.321,0.36,15.0,0.35,15.0,0.34,15.0,0.33,15.0,0.32,30.0,0.59,10.0,0.62,15.0,0.63,15.0,0.64,15.0,0.65,15.0,0.41,10.0,0.38,15.0,0.37,15.0,0.36,15.0,0.35,15.0,0.64,15.0,0.65,15.0,0.66,15.0,0.67,15.0,0.68,30.0,0.23,0.23,44.88713,1776160995000
1776160996.997,196.997,0.36,15.0,0.35,15.0,0.34,15.0,0.33,15.0,0.32,30.0,0.59,10.0,0.62,15.0,0.63,15.0,0.64,15.0,0.65,15.0,0.41,10.0,0.38,15.0,0.37,15.0,0.36,15.0,0.35,15.0,0.64,15.0,0.65,15.0,0.66,15.0,0.67,15.0,0.68,30.0,0.23,0.23,44.88713,1776160996000
1776160998.224,198.224,0.36,15.0,0.35,15.0,0.34,15.0,0.33,15.0,0.32,30.0,0.59,10.0,0.62,15.0,0.63,15.0,0.64,15.0,0.65,15.0,0.41,10.0,0.38,15.0,0.37,15.0,0.36,15.0,0.35,15.0,0.64,15.0,0.65,15.0,0.66,15.0,0.67,15.0,0.68,30.0,0.23,0.23,44.88842,1776160997000
1776160999.325,199.325,0.36,15.0,0.35,15.0,0.34,15.0,0.33,15.0,0.32,30.0,0.59,10.0,0.62,15.0,0.63,15.0,0.64,15.0,0.65,15.0,0.41,10.0,0.38,15.0,0.37,15.0,0.36,15.0,0.35,15.0,0.64,15.0,0.65,15.0,0.66,15.0,0.67,15.0,0.68,30.0,0.23,0.23,44.888223,1776160998000
1776160999.892,199.892,0.36,15.0,0.35,15.0,0.34,15.0,0.33,15.0,0.32,30.0,0.59,10.0,0.62,15.0,0.63,15.0,0.64,15.0,0.65,15.0,0.41,10.0,0.38,15.0,0.37,15.0,0.36,15.0,0.35,15.0,0.64,15.0,0.65,15.0,0.66,15.0,0.67,15.0,0.68,30.0,0.23,0.23,44.888223,1776160999000
1776161001.12,201.12,0.36,15.0,0.35,15.0,0.34,15.0,0.33,15.0,0.32,30.0,0.59,10.0,0.62,15.0,0.63,15.0,0.64,15.0,0.65,15.0,0.41,10.0,0.38,15.0,0.37,15.0,0.36,15.0,0.35,15.0,0.64,15.0,0.65,15.0,0.66,15.0,0.67,15.0,0.68,30.0,0.23,0.23,44.890251,1776161000000
1776161002.067,202.067,0.36,15.0,0.35,15.0,0.34,15.0,0.33,15.0,0.32,30.0,0.59,10.0,0.62,15.0,0.63,15.0,0.64,15.0,0.65,15.0,0.41,10.0,0.38,15.0,0.37,15.0,0.36,15.0,0.35,15.0,0.64,15.0,0.65,15.0,0.66,15.0,0.67,15.0,0.68,30.0,0.23,0.23,44.891867,1776161001000
1776161003.329,203.329,0.36,15.0,0.35,15.0,0.34,15.0,0.33,15.0,0.32,30.0,0.59,10.0,0.62,15.0,0.63,15.0,0.64,15.0,0.65,15.0,0.41,10.0,0.38,15.0,0.37,15.0,0.36,15.0,0.35,15.0,0.64,15.0,0.65,15.0,0.66,15.0,0.67,15.0,0.68,30.0,0.23,0.23,44.892434,1776161002000
1776161004.414,204.414,0.36,15.0,0.35,15.0,0.34,15.0,0.33,15.0,0.32,30.0,0.59,10.0,0.62,15.0,0.63,15.0,0.64,15.0,0.65,15.0,0.41,10.0,0.38,15.0,0.37,15.0,0.36,15.0,0.35,15.0,0.64,15.0,0.65,15.0,0.66,15.0,0.67,15.0,0.68,30.0,0.23,0.23,44.892096,1776161003000
1776161005.048,205.048,0.36,15.0,0.35,15.0,0.34,15.0,0.33,15.0,0.32,30.0,0.59,10.0,0.62,15.0,0.63,15.0,0.64,15.0,0.65,15.0,0.41,10.0,0.38,15.0,0.37,15.0,0.36,15.0,0.35,15.0,0.64,15.0,0.65,15.0,0.66,15.0,0.67,15.0,0.68,30.0,0.23,0.23,44.892738,1776161004000
1776161006.174,206.174,0.36,15.0,0.35,15.0,0.34,15.0,0.33,15.0,0.32,30.0,0.59,10.0,0.62,15.0,0.63,15.0,0.64,15.0,0.65,15.0,0.41,10.0,0.38,15.0,0.37,15.0,0.36,15.0,0.35,15.0,0.64,15.0,0.65,15.0,0.66,15.0,0.67,15.0,0.68,30.0,0.23,0.23,44.89136,1776161005000
1776161007.268,207.268,0.36,15.0,0.35,15.0,0.34,15.0,0.33,15.0,0.32,30.0,0.59,10.0,0.62,15.0,0.63,15.0,0.64,15.0,0.65,15.0,0.41,10.0,0.38,15.0,0.37,15.0,0.36,15.0,0.35,15.0,0.64,15.0,0.65,15.0,0.66,15.0,0.67,15.0,0.68,30.0,0.23,0.23,44.895634,1776161006000
1776161008.308,208.308,0.36,15.0,0.35,15.0,0.34,15.0,0.33,15.0,0.32,30.0,0.59,10.0,0.62,15.0,0.63,15.0,0.64,15.0,0.65,15.0,0.41,10.0,0.38,15.0,0.37,15.0,0.36,15.0,0.35,15.0,0.64,15.0,0.65,15.0,0.66,15.0,0.67,15.0,0.68,30.0,0.23,0.23,44.896417,1776161007000
1776161008.913,208.913,0.36,15.0,0.35,15.0,0.34,15.0,0.33,15.0,0.32,30.0,0.59,10.0,0.62,15.0,0.63,15.0,0.64,15.0,0.65,15.0,0.41,10.0,0.38,15.0,0.37,15.0,0.36,15.0,0.35,15.0,0.64,15.0,0.65,15.0,0.66,15.0,0.67,15.0,0.68,30.0,0.23,0.23,44.888829,1776161008000
1776161010.034,210.034,0.36,15.0,0.35,15.0,0.34,15.0,0.33,15.0,0.32,30.0,0.59,10.0,0.62,15.0,0.63,15.0,0.64,15.0,0.65,15.0,0.41,10.0,0.38,15.0,0.37,15.0,0.36,15.0,0.35,15.0,0.64,15.0,0.65,15.0,0.66,15.0,0.67,15.0,0.68,30.0,0.23,0.23,44.88948,1776161009000
1776161011.102,211.102,0.36,15.0,0.35,15.0,0.34,15.0,0.33,15.0,0.32,30.0,0.59,10.0,0.62,15.0,0.63,15.0,0.64,15.0,0.65,15.0,0.41,10.0,0.38,15.0,0.37,15.0,0.36,15.0,0.35,15.0,0.64,15.0,0.65,15.0,0.66,15.0,0.67,15.0,0.68,30.0,0.23,0.23,44.889442,1776161010000
1776161011.373,211.373,0.42,4.9,0.41,25.0,0.4,15.0,0.39,15.0,0.38,15.0,0.55,15.0,0.56,15.0,0.57,15.0,0.58,25.0,0.59,15.0,0.45,15.0,0.44,15.0,0.43,15.0,0.42,25.0,0.41,15.0,0.58,9.95,0.59,25.0,0.6,15.0,0.61,15.0,0.62,15.0,0.13,0.13,44.889442,1776161010000
1776161012.337,212.337,0.42,4.9,0.41,25.0,0.4,15.0,0.39,15.0,0.38,15.0,0.55,15.0,0.56,15.0,0.57,15.0,0.58,25.0,0.59,15.0,0.45,15.0,0.44,15.0,0.43,15.0,0.42,25.0,0.41,15.0,0.58,4.9,0.59,25.0,0.6,15.0,0.61,15.0,0.62,15.0,0.13,0.13,44.889328,1776161011000
1776161013.452,213.452,0.42,4.9,0.41,25.0,0.4,15.0,0.39,15.0,0.38,15.0,0.55,15.0,0.56,15.0,0.57,15.0,0.58,25.0,0.59,15.0,0.45,15.0,0.44,15.0,0.43,15.0,0.42,25.0,0.41,15.0,0.58,4.9,0.59,25.0,0.6,15.0,0.61,15.0,0.62,15.0,0.13,0.13,44.889328,1776161012000
1776161013.957,213.957,0.42,4.9,0.41,25.0,0.4,15.0,0.39,15.0,0.38,15.0,0.55,15.0,0.56,15.0,0.57,15.0,0.58,25.0,0.59,15.0,0.45,15.0,0.44,15.0,0.43,15.0,0.42,25.0,0.41,15.0,0.58,4.9,0.59,25.0,0.6,15.0,0.61,15.0,0.62,15.0,0.13,0.13,44.889053,1776161013000
1776161015.108,215.108,0.42,4.9,0.41,25.0,0.4,15.0,0.39,15.0,0.38,15.0,0.55,15.0,0.56,15.0,0.57,15.0,0.58,25.0,0.59,15.0,0.45,15.0,0.44,15.0,0.43,15.0,0.42,25.0,0.41,15.0,0.58,4.9,0.59,25.0,0.6,15.0,0.61,15.0,0.62,15.0,0.13,0.13,44.891018,1776161014000
1776161016.832,216.832,0.42,4.9,0.41,25.0,0.4,15.0,0.39,15.0,0.38,15.0,0.55,15.0,0.56,15.0,0.57,15.0,0.58,25.0,0.59,15.0,0.45,15.0,0.44,15.0,0.43,15.0,0.42,25.0,0.41,15.0,0.58,4.9,0.59,25.0,0.6,15.0,0.61,15.0,0.62,15.0,0.13,0.13,44.896024,1776161015000
1776161017.813,217.813,0.42,4.9,0.41,25.0,0.4,15.0,0.39,15.0,0.38,15.0,0.55,15.0,0.56,15.0,0.57,15.0,0.58,25.0,0.59,15.0,0.45,15.0,0.44,15.0,0.43,15.0,0.42,25.0,0.41,15.0,0.58,4.9,0.59,25.0,0.6,15.0,0.61,15.0,0.62,15.0,0.13,0.13,44.896065,1776161016000
1776161018.439,218.439,0.42,4.9,0.41,25.0,0.4,15.0,0.39,15.0,0.38,15.0,0.55,15.0,0.56,15.0,0.57,15.0,0.58,25.0,0.59,15.0,0.45,15.0,0.44,15.0,0.43,15.0,0.42,25.0,0.41,15.0,0.58,4.9,0.59,25.0,0.6,15.0,0.61,15.0,0.62,15.0,0.13,0.13,44.897484,1776161017000
1776161019.185,219.185,0.42,4.9,0.41,25.0,0.4,15.0,0.39,15.0,0.38,15.0,0.55,15.0,0.56,15.0,0.57,15.0,0.58,25.0,0.59,15.0,0.45,15.0,0.44,15.0,0.43,15.0,0.42,25.0,0.41,15.0,0.58,4.9,0.59,25.0,0.6,15.0,0.61,15.0,0.62,15.0,0.13,0.13,44.897484,1776161018000
1776161020.877,220.877,0.42,4.9,0.41,25.0,0.4,15.0,0.39,15.0,0.38,15.0,0.55,15.0,0.56,15.0,0.57,15.0,0.58,25.0,0.59,15.0,0.45,15.0,0.44,15.0,0.43,15.0,0.42,25.0,0.41,15.0,0.58,4.9,0.59,25.0,0.6,15.0,0.61,15.0,0.62,15.0,0.13,0.13,44.898287,1776161019000
1776161021.77,221.77,0.42,4.9,0.41,25.0,0.4,15.0,0.39,15.0,0.38,15.0,0.55,15.0,0.56,15.0,0.57,15.0,0.58,25.0,0.59,15.0,0.45,15.0,0.44,15.0,0.43,15.0,0.42,25.0,0.41,15.0,0.58,4.9,0.59,25.0,0.6,15.0,0.61,15.0,0.62,15.0,0.13,0.13,44.897542,1776161020000
1776161022.424,222.424,0.42,4.9,0.41,25.0,0.4,15.0,0.39,15.0,0.38,15.0,0.55,15.0,0.56,15.0,0.57,15.0,0.58,25.0,0.59,15.0,0.45,15.0,0.44,15.0,0.43,15.0,0.42,25.0,0.41,15.0,0.58,4.9,0.59,25.0,0.6,15.0,0.61,15.0,0.62,15.0,0.13,0.13,44.897258,1776161021000
1776161023.249,223.249,0.42,4.9,0.41,25.0,0.4,15.0,0.39,15.0,0.38,15.0,0.55,15.0,0.56,15.0,0.57,15.0,0.58,25.0,0.59,15.0,0.45,15.0,0.44,15.0,0.43,15.0,0.42,25.0,0.41,15.0,0.58,4.9,0.59,25.0,0.6,15.0,0.61,15.0,0.62,15.0,0.13,0.13,44.897295,1776161022000
1776161024.613,224.613,0.42,4.9,0.41,25.0,0.4,15.0,0.39,15.0,0.38,15.0,0.55,15.0,0.56,15.0,0.57,15.0,0.58,25.0,0.59,15.0,0.45,15.0,0.44,15.0,0.43,15.0,0.42,25.0,0.41,15.0,0.58,4.9,0.59,25.0,0.6,15.0,0.61,15.0,0.62,15.0,0.13,0.13,44.897043,1776161023000
1776161025.411,225.411,0.42,4.9,0.41,25.0,0.4,15.0,0.39,15.0,0.38,15.0,0.55,15.0,0.56,15.0,0.57,15.0,0.58,25.0,0.59,15.0,0.45,15.0,0.44,15.0,0.43,15.0,0.42,25.0,0.41,15.0,0.58,4.9,0.59,25.0,0.6,15.0,0.61,15.0,0.62,15.0,0.13,0.13,44.897043,1776161024000
1776161026.332,226.332,0.42,4.9,0.41,25.0,0.4,15.0,0.39,15.0,0.38,15.0,0.55,15.0,0.56,15.0,0.57,15.0,0.58,25.0,0.59,15.0,0.45,15.0,0.44,15.0,0.43,15.0,0.42,25.0,0.41,15.0,0.58,4.9,0.59,25.0,0.6,15.0,0.61,15.0,0.62,15.0,0.13,0.13,44.897043,1776161025000
1776161027.888,227.888,0.42,4.9,0.41,25.0,0.4,15.0,0.39,15.0,0.38,15.0,0.55,15.0,0.56,15.0,0.57,15.0,0.58,25.0,0.59,15.0,0.45,15.0,0.44,15.0,0.43,15.0,0.42,25.0,0.41,15.0,0.58,4.9,0.59,25.0,0.6,15.0,0.61,15.0,0.62,15.0,0.13,0.13,44.894452,1776161026000
1776161028.683,228.683,0.42,4.9,0.41,25.0,0.4,15.0,0.39,15.0,0.38,15.0,0.55,15.0,0.56,15.0,0.57,15.0,0.58,25.0,0.59,15.0,0.45,15.0,0.44,15.0,0.43,15.0,0.42,25.0,0.41,15.0,0.58,4.9,0.59,25.0,0.6,15.0,0.61,15.0,0.62,15.0,0.13,0.13,44.894452,1776161027000
1776161029.373,229.373,0.42,4.9,0.41,25.0,0.4,15.0,0.39,15.0,0.38,15.0,0.55,15.0,0.56,15.0,0.57,15.0,0.58,25.0,0.59,15.0,0.45,15.0,0.44,15.0,0.43,15.0,0.42,25.0,0.41,15.0,0.58,4.9,0.59,25.0,0.6,15.0,0.61,15.0,0.62,15.0,0.13,0.13,44.894328,1776161028000
1776161030.118,230.118,0.42,4.9,0.41,25.0,0.4,15.0,0.39,15.0,0.38,15.0,0.55,15.0,0.56,15.0,0.57,15.0,0.58,25.0,0.59,15.0,0.45,15.0,0.44,15.0,0.43,15.0,0.42,25.0,0.41,15.0,0.58,4.9,0.59,25.0,0.6,15.0,0.61,15.0,0.62,15.0,0.13,0.13,44.894092,1776161029000
1776161031.767,231.767,0.42,4.9,0.41,25.0,0.4,15.0,0.39,15.0,0.38,15.0,0.55,15.0,0.56,15.0,0.57,15.0,0.58,25.0,0.59,15.0,0.45,15.0,0.44,15.0,0.43,15.0,0.42,25.0,0.41,15.0,0.58,4.9,0.59,25.0,0.6,15.0,0.61,15.0,0.62,15.0,0.13,0.13,44.894238,1776161030000
1776161032.562,232.562,0.42,4.9,0.41,25.0,0.4,15.0,0.39,15.0,0.38,15.0,0.55,15.0,0.56,15.0,0.57,15.0,0.58,25.0,0.59,15.0,0.45,15.0,0.44,15.0,0.43,15.0,0.42,25.0,0.41,15.0,0.58,4.9,0.59,25.0,0.6,15.0,0.61,15.0,0.62,15.0,0.13,0.13,44.894434,1776161031000
1776161033.282,233.282,0.42,4.9,0.41,25.0,0.4,15.0,0.39,15.0,0.38,15.0,0.55,15.0,0.56,15.0,0.57,15.0,0.58,25.0,0.59,15.0,0.45,15.0,0.44,15.0,0.43,15.0,0.42,25.0,0.41,15.0,0.58,4.9,0.59,25.0,0.6,15.0,0.61,15.0,0.62,15.0,0.13,0.13,44.894396,1776161032000
1776161034.776,234.776,0.42,4.9,0.41,25.0,0.4,15.0,0.39,15.0,0.38,15.0,0.55,15.0,0.56,15.0,0.57,15.0,0.58,25.0,0.59,15.0,0.45,15.0,0.44,15.0,0.43,15.0,0.42,25.0,0.41,15.0,0.58,4.9,0.59,25.0,0.6,15.0,0.61,15.0,0.62,15.0,0.13,0.13,44.89451,1776161033000
1776161035.557,235.557,0.42,4.9,0.41,25.0,0.4,15.0,0.39,15.0,0.38,15.0,0.55,15.0,0.56,15.0,0.57,15.0,0.58,25.0,0.59,15.0,0.45,15.0,0.44,15.0,0.43,15.0,0.42,25.0,0.41,15.0,0.58,4.9,0.59,25.0,0.6,15.0,0.61,15.0,0.62,15.0,0.13,0.13,44.894961,1776161034000
1776161036.683,236.683,0.42,4.9,0.41,25.0,0.4,15.0,0.39,15.0,0.38,15.0,0.55,15.0,0.56,15.0,0.57,15.0,0.58,25.0,0.59,15.0,0.45,15.0,0.44,15.0,0.43,15.0,0.42,25.0,0.41,15.0,0.58,4.9,0.59,25.0,0.6,15.0,0.61,15.0,0.62,15.0,0.13,0.13,44.895532,1776161035000
1776161037.192,237.192,0.42,4.9,0.41,25.0,0.4,15.0,0.39,15.0,0.38,15.0,0.55,15.0,0.56,15.0,0.57,15.0,0.58,25.0,0.59,15.0,0.45,15.0,0.44,15.0,0.43,15.0,0.42,25.0,0.41,15.0,0.58,4.9,0.59,25.0,0.6,15.0,0.61,15.0,0.62,15.0,0.13,0.13,44.896146,1776161036000
1776161038.198,238.198,0.42,4.9,0.41,25.0,0.4,15.0,0.39,15.0,0.38,15.0,0.55,15.0,0.56,15.0,0.57,15.0,0.58,25.0,0.59,15.0,0.45,15.0,0.44,15.0,0.43,15.0,0.42,25.0,0.41,15.0,0.58,4.9,0.59,25.0,0.6,15.0,0.61,15.0,0.62,15.0,0.13,0.13,44.896962,1776161037000
1776161039.101,239.101,0.42,4.9,0.41,25.0,0.4,15.0,0.39,15.0,0.38,15.0,0.55,15.0,0.56,15.0,0.57,15.0,0.58,25.0,0.59,15.0,0.45,15.0,0.44,15.0,0.43,15.0,0.42,25.0,0.41,15.0,0.58,4.9,0.59,25.0,0.6,15.0,0.61,15.0,0.62,15.0,0.13,0.13,44.896962,1776161038000
1776161040.125,240.125,0.42,4.9,0.41,25.0,0.4,15.0,0.39,15.0,0.38,15.0,0.55,15.0,0.56,15.0,0.57,15.0,0.58,25.0,0.59,15.0,0.45,15.0,0.44,15.0,0.43,15.0,0.42,25.0,0.41,15.0,0.58,4.9,0.59,25.0,0.6,15.0,0.61,15.0,0.62,15.0,0.13,0.13,44.895568,1776161039000
1776161041.245,241.245,0.42,4.9,0.41,25.0,0.4,15.0,0.39,15.0,0.38,15.0,0.55,15.0,0.56,15.0,0.57,15.0,0.58,25.0,0.59,15.0,0.45,15.0,0.44,15.0,0.43,15.0,0.42,25.0,0.41,15.0,0.58,4.9,0.59,25.0,0.6,15.0,0.61,15.0,0.62,15.0,0.13,0.13,44.895591,1776161040000
1776161042.235,242.235,0.42,4.9,0.41,25.0,0.4,15.0,0.39,15.0,0.38,15.0,0.55,15.0,0.56,15.0,0.57,15.0,0.58,25.0,0.59,15.0,0.45,15.0,0.44,15.0,0.43,15.0,0.42,25.0,0.41,15.0,0.58,4.9,0.59,25.0,0.6,15.0,0.61,15.0,0.62,15.0,0.13,0.13,44.89623,1776161041000
1776161043.129,243.129,0.42,4.9,0.41,25.0,0.4,15.0,0.39,15.0,0.38,15.0,0.55,15.0,0.56,15.0,0.57,15.0,0.58,25.0,0.59,15.0,0.45,15.0,0.44,15.0,0.43,15.0,0.42,25.0,0.41,15.0,0.58,4.9,0.59,25.0,0.6,15.0,0.61,15.0,0.62,15.0,0.13,0.13,44.894852,1776161042000
1776161044.189,244.189,0.42,4.9,0.41,25.0,0.4,15.0,0.39,15.0,0.38,15.0,0.55,15.0,0.56,15.0,0.57,15.0,0.58,25.0,0.59,15.0,0.45,15.0,0.44,15.0,0.43,15.0,0.42,25.0,0.41,15.0,0.58,4.9,0.59,25.0,0.6,15.0,0.61,15.0,0.62,15.0,0.13,0.13,44.892984,1776161043000
1776161045.181,245.181,0.42,4.9,0.41,25.0,0.4,15.0,0.39,15.0,0.38,15.0,0.55,15.0,0.56,15.0,0.57,15.0,0.58,25.0,0.59,15.0,0.45,15.0,0.44,15.0,0.43,15.0,0.42,25.0,0.41,15.0,0.58,4.9,0.59,25.0,0.6,15.0,0.61,15.0,0.62,15.0,0.13,0.13,44.895346,1776161044000
1776161046.107,246.107,0.42,4.9,0.41,25.0,0.4,15.0,0.39,15.0,0.38,15.0,0.55,15.0,0.56,15.0,0.57,15.0,0.58,25.0,0.59,15.0,0.45,15.0,0.44,15.0,0.43,15.0,0.42,25.0,0.41,15.0,0.58,4.9,0.59,25.0,0.6,15.0,0.61,15.0,0.62,15.0,0.13,0.13,44.897103,1776161045000
1776161047.065,247.065,0.42,4.9,0.41,25.0,0.4,15.0,0.39,15.0,0.38,15.0,0.55,15.0,0.56,15.0,0.57,15.0,0.58,25.0,0.59,15.0,0.45,15.0,0.44,15.0,0.43,15.0,0.42,25.0,0.41,15.0,0.58,4.9,0.59,25.0,0.6,15.0,0.61,15.0,0.62,15.0,0.13,0.13,44.898057,1776161046000
1776161048.056,248.056,0.42,4.9,0.41,25.0,0.4,15.0,0.39,15.0,0.38,15.0,0.55,15.0,0.56,15.0,0.57,15.0,0.58,25.0,0.59,15.0,0.45,15.0,0.44,15.0,0.43,15.0,0.42,25.0,0.41,15.0,0.58,4.9,0.59,25.0,0.6,15.0,0.61,15.0,0.62,15.0,0.13,0.13,44.897895,1776161047000
1776161049.564,249.564,0.42,4.9,0.41,25.0,0.4,15.0,0.39,15.0,0.38,15.0,0.55,15.0,0.56,15.0,0.57,15.0,0.58,25.0,0.59,15.0,0.45,15.0,0.44,15.0,0.43,15.0,0.42,25.0,0.41,15.0,0.58,4.9,0.59,25.0,0.6,15.0,0.61,15.0,0.62,15.0,0.13,0.13,44.897387,1776161048000
1776161050.079,250.079,0.42,4.9,0.41,25.0,0.4,15.0,0.39,15.0,0.38,15.0,0.55,15.0,0.56,15.0,0.57,15.0,0.58,25.0,0.59,15.0,0.45,15.0,0.44,15.0,0.43,15.0,0.42,25.0,0.41,15.0,0.58,4.9,0.59,25.0,0.6,15.0,0.61,15.0,0.62,15.0,0.13,0.13,44.897234,1776161049000
1776161051.238,251.238,0.42,4.9,0.41,25.0,0.4,15.0,0.39,15.0,0.38,15.0,0.55,15.0,0.56,15.0,0.57,15.0,0.58,25.0,0.59,15.0,0.45,15.0,0.44,15.0,0.43,15.0,0.42,25.0,0.41,15.0,0.58,4.9,0.59,25.0,0.6,15.0,0.61,15.0,0.62,15.0,0.13,0.13,44.894777,1776161050000
1776161052.092,252.092,0.42,4.9,0.41,25.0,0.4,15.0,0.39,15.0,0.38,15.0,0.55,15.0,0.56,15.0,0.57,15.0,0.58,25.0,0.59,15.0,0.45,15.0,0.44,15.0,0.43,15.0,0.42,25.0,0.41,15.0,0.58,4.9,0.59,25.0,0.6,15.0,0.61,15.0,0.62,15.0,0.13,0.13,44.893848,1776161051000
1776161053.055,253.055,0.42,4.9,0.41,25.0,0.4,15.0,0.39,15.0,0.38,15.0,0.55,15.0,0.56,15.0,0.57,15.0,0.58,25.0,0.59,15.0,0.45,15.0,0.44,15.0,0.43,15.0,0.42,25.0,0.41,15.0,0.58,4.9,0.59,25.0,0.6,15.0,0.61,15.0,0.62,15.0,0.13,0.13,44.893848,1776161052000
1776161053.347,253.347,0.55,3.33,0.53,15.0,0.52,15.0,0.51,15.0,0.5,15.0,0.69,15.0,0.7,15.0,0.71,15.0,0.72,25.0,0.73,15.0,0.45,15.0,0.44,15.0,0.43,15.0,0.42,25.0,0.41,15.0,0.58,4.9,0.59,25.0,0.6,15.0,0.61,15.0,0.62,15.0,0.14,0.13,44.893848,1776161052000
1776161054.001,254.001,0.55,3.33,0.53,15.0,0.52,15.0,0.51,15.0,0.5,15.0,0.69,15.0,0.7,15.0,0.71,15.0,0.72,25.0,0.73,15.0,0.31,15.0,0.3,15.0,0.29,15.0,0.28,25.0,0.27,15.0,0.45,3.33,0.47,15.0,0.48,15.0,0.49,15.0,0.5,15.0,0.14,0.14,44.895934,1776161053000
1776161055.049,255.049,0.55,3.33,0.53,15.0,0.52,15.0,0.51,15.0,0.5,15.0,0.69,15.0,0.7,15.0,0.71,15.0,0.72,25.0,0.73,15.0,0.31,15.0,0.3,15.0,0.29,15.0,0.28,25.0,0.27,15.0,0.45,3.33,0.47,15.0,0.48,15.0,0.49,15.0,0.5,15.0,0.14,0.14,44.895934,1776161054000
1776161056.003,256.003,0.55,3.33,0.53,15.0,0.52,15.0,0.51,15.0,0.5,15.0,0.69,15.0,0.7,15.0,0.71,15.0,0.72,25.0,0.73,15.0,0.31,15.0,0.3,15.0,0.29,15.0,0.28,25.0,0.27,15.0,0.45,3.33,0.47,15.0,0.48,15.0,0.49,15.0,0.5,15.0,0.14,0.14,44.895737,1776161055000
1776161056.973,256.973,0.55,3.33,0.53,15.0,0.52,15.0,0.51,15.0,0.5,15.0,0.69,15.0,0.7,15.0,0.71,15.0,0.72,25.0,0.73,15.0,0.31,15.0,0.3,15.0,0.29,15.0,0.28,25.0,0.27,15.0,0.45,3.33,0.47,15.0,0.48,15.0,0.49,15.0,0.5,15.0,0.14,0.14,44.895378,1776161056000
1776161057.944,257.944,0.55,3.33,0.53,15.0,0.52,15.0,0.51,15.0,0.5,15.0,0.69,15.0,0.7,15.0,0.71,15.0,0.72,25.0,0.73,15.0,0.31,15.0,0.3,15.0,0.29,15.0,0.28,25.0,0.27,15.0,0.45,3.33,0.47,15.0,0.48,15.0,0.49,15.0,0.5,15.0,0.14,0.14,44.895571,1776161057000
1776161058.859,258.859,0.55,3.33,0.53,15.0,0.52,15.0,0.51,15.0,0.5,15.0,0.69,15.0,0.7,15.0,0.71,15.0,0.72,25.0,0.73,15.0,0.31,15.0,0.3,15.0,0.29,15.0,0.28,25.0,0.27,15.0,0.45,3.33,0.47,15.0,0.48,15.0,0.49,15.0,0.5,15.0,0.14,0.14,44.895571,1776161058000
1776161059.911,259.911,0.55,3.33,0.53,15.0,0.52,15.0,0.51,15.0,0.5,15.0,0.69,15.0,0.7,15.0,0.71,15.0,0.72,25.0,0.73,15.0,0.31,15.0,0.3,15.0,0.29,15.0,0.28,25.0,0.27,15.0,0.45,3.33,0.47,15.0,0.48,15.0,0.49,15.0,0.5,15.0,0.14,0.14,44.895533,1776161059000
1776161061.275,261.275,0.55,3.33,0.53,15.0,0.52,15.0,0.51,15.0,0.5,15.0,0.69,15.0,0.7,15.0,0.71,15.0,0.72,25.0,0.73,15.0,0.31,15.0,0.3,15.0,0.29,15.0,0.28,25.0,0.27,15.0,0.45,3.33,0.47,15.0,0.48,15.0,0.49,15.0,0.5,15.0,0.14,0.14,44.89559,1776161060000
1776161062.363,262.363,0.55,3.33,0.53,15.0,0.52,15.0,0.51,15.0,0.5,15.0,0.69,15.0,0.7,15.0,0.71,15.0,0.72,25.0,0.73,15.0,0.31,15.0,0.3,15.0,0.29,15.0,0.28,25.0,0.27,15.0,0.45,3.33,0.47,15.0,0.48,15.0,0.49,15.0,0.5,15.0,0.14,0.14,44.895641,1776161061000
1776161062.887,262.887,0.55,3.33,0.53,15.0,0.52,15.0,0.51,15.0,0.5,15.0,0.69,15.0,0.7,15.0,0.71,15.0,0.72,25.0,0.73,15.0,0.31,15.0,0.3,15.0,0.29,15.0,0.28,25.0,0.27,15.0,0.45,3.33,0.47,15.0,0.48,15.0,0.49,15.0,0.5,15.0,0.14,0.14,44.895641,1776161062000
1776161063.871,263.871,0.55,3.33,0.53,15.0,0.52,15.0,0.51,15.0,0.5,15.0,0.69,15.0,0.7,15.0,0.71,15.0,0.72,25.0,0.73,15.0,0.31,15.0,0.3,15.0,0.29,15.0,0.28,25.0,0.27,15.0,0.45,3.33,0.47,15.0,0.48,15.0,0.49,15.0,0.5,15.0,0.14,0.14,44.896062,1776161063000
1776161064.893,264.893,0.55,3.33,0.53,15.0,0.52,15.0,0.51,15.0,0.5,15.0,0.69,15.0,0.7,15.0,0.71,15.0,0.72,25.0,0.73,15.0,0.31,15.0,0.3,15.0,0.29,15.0,0.28,25.0,0.27,15.0,0.45,3.33,0.47,15.0,0.48,15.0,0.49,15.0,0.5,15.0,0.14,0.14,44.896023,1776161064000
1776161066.243,266.243,0.55,3.33,0.53,15.0,0.52,15.0,0.51,15.0,0.5,15.0,0.69,15.0,0.7,15.0,0.71,15.0,0.72,25.0,0.73,15.0,0.31,15.0,0.3,15.0,0.29,15.0,0.28,25.0,0.27,15.0,0.45,3.33,0.47,15.0,0.48,15.0,0.49,15.0,0.5,15.0,0.14,0.14,44.895789,1776161065000
1776161067.286,267.286,0.55,3.33,0.53,15.0,0.52,15.0,0.51,15.0,0.5,15.0,0.69,15.0,0.7,15.0,0.71,15.0,0.72,25.0,0.73,15.0,0.31,15.0,0.3,15.0,0.29,15.0,0.28,25.0,0.27,15.0,0.45,3.33,0.47,15.0,0.48,15.0,0.49,15.0,0.5,15.0,0.14,0.14,44.895752,1776161066000
1776161068.289,268.289,0.55,3.33,0.53,15.0,0.52,15.0,0.51,15.0,0.5,15.0,0.69,15.0,0.7,15.0,0.71,15.0,0.72,25.0,0.73,15.0,0.31,15.0,0.3,15.0,0.29,15.0,0.28,25.0,0.27,15.0,0.45,3.33,0.47,15.0,0.48,15.0,0.49,15.0,0.5,15.0,0.14,0.14,44.895632,1776161067000
1776161069.25,269.25,0.55,3.33,0.53,15.0,0.52,15.0,0.51,15.0,0.5,15.0,0.69,15.0,0.7,15.0,0.71,15.0,0.72,25.0,0.73,15.0,0.31,15.0,0.3,15.0,0.29,15.0,0.28,25.0,0.27,15.0,0.45,3.33,0.47,15.0,0.48,15.0,0.49,15.0,0.5,15.0,0.14,0.14,44.896062,1776161068000
1776161070.441,270.441,0.55,3.33,0.53,15.0,0.52,15.0,0.51,15.0,0.5,15.0,0.69,15.0,0.7,15.0,0.71,15.0,0.72,25.0,0.73,15.0,0.31,15.0,0.3,15.0,0.29,15.0,0.28,25.0,0.27,15.0,0.45,3.33,0.47,15.0,0.48,15.0,0.49,15.0,0.5,15.0,0.14,0.14,44.897583,1776161069000
1776161070.658,270.658,0.53,15.0,0.52,15.0,0.51,15.0,0.5,25.0,0.49,15.0,0.67,19.8,0.68,15.0,0.69,15.0,0.7,15.0,0.71,15.0,0.33,24.85,0.32,15.0,0.31,15.0,0.3,15.0,0.29,15.0,0.47,15.0,0.48,15.0,0.49,15.0,0.5,25.0,0.51,15.0,0.14,0.14,44.897583,1776161069000
1776161070.859,270.859,0.53,15.0,0.52,15.0,0.51,15.0,0.5,25.0,0.49,15.0,0.67,14.75,0.68,15.0,0.69,15.0,0.7,15.0,0.71,15.0,0.33,14.75,0.32,15.0,0.31,15.0,0.3,15.0,0.29,15.0,0.47,15.0,0.48,15.0,0.49,15.0,0.5,25.0,0.51,15.0,0.14,0.14,44.89711,1776161070000
1776161072.246,272.246,0.53,15.0,0.52,15.0,0.51,15.0,0.5,25.0,0.49,15.0,0.67,14.75,0.68,15.0,0.69,15.0,0.7,15.0,0.71,15.0,0.33,14.75,0.32,15.0,0.31,15.0,0.3,15.0,0.29,15.0,0.47,15.0,0.48,15.0,0.49,15.0,0.5,25.0,0.51,15.0,0.14,0.14,44.897468,1776161071000
1776161073.371,273.371,0.53,15.0,0.52,15.0,0.51,15.0,0.5,25.0,0.49,15.0,0.67,14.75,0.68,15.0,0.69,15.0,0.7,15.0,0.71,15.0,0.33,14.75,0.32,15.0,0.31,15.0,0.3,15.0,0.29,15.0,0.47,15.0,0.48,15.0,0.49,15.0,0.5,25.0,0.51,15.0,0.14,0.14,44.897664,1776161072000
1776161073.871,273.871,0.53,15.0,0.52,15.0,0.51,15.0,0.5,25.0,0.49,15.0,0.67,14.75,0.68,15.0,0.69,15.0,0.7,15.0,0.71,15.0,0.33,14.75,0.32,15.0,0.31,15.0,0.3,15.0,0.29,15.0,0.47,15.0,0.48,15.0,0.49,15.0,0.5,25.0,0.51,15.0,0.14,0.14,44.897533,1776161073000
1776161075.029,275.029,0.53,15.0,0.52,15.0,0.51,15.0,0.5,25.0,0.49,15.0,0.67,14.75,0.68,15.0,0.69,15.0,0.7,15.0,0.71,15.0,0.33,14.75,0.32,15.0,0.31,15.0,0.3,15.0,0.29,15.0,0.47,15.0,0.48,15.0,0.49,15.0,0.5,25.0,0.51,15.0,0.14,0.14,44.897533,1776161074000
1776161076.046,276.046,0.53,15.0,0.52,15.0,0.51,15.0,0.5,25.0,0.49,15.0,0.67,14.75,0.68,15.0,0.69,15.0,0.7,15.0,0.71,15.0,0.33,14.75,0.32,15.0,0.31,15.0,0.3,15.0,0.29,15.0,0.47,15.0,0.48,15.0,0.49,15.0,0.5,25.0,0.51,15.0,0.14,0.14,44.897572,1776161075000
1776161077.221,277.221,0.53,15.0,0.52,15.0,0.51,15.0,0.5,25.0,0.49,15.0,0.67,14.75,0.68,15.0,0.69,15.0,0.7,15.0,0.71,15.0,0.33,14.75,0.32,15.0,0.31,15.0,0.3,15.0,0.29,15.0,0.47,15.0,0.48,15.0,0.49,15.0,0.5,25.0,0.51,15.0,0.14,0.14,44.897572,1776161076000
1776161078.61,278.61,0.53,15.0,0.52,15.0,0.51,15.0,0.5,25.0,0.49,15.0,0.67,14.75,0.68,15.0,0.69,15.0,0.7,15.0,0.71,15.0,0.33,14.75,0.32,15.0,0.31,15.0,0.3,15.0,0.29,15.0,0.47,15.0,0.48,15.0,0.49,15.0,0.5,25.0,0.51,15.0,0.14,0.14,44.898183,1776161077000
1776161079.315,279.315,0.53,15.0,0.52,15.0,0.51,15.0,0.5,25.0,0.49,15.0,0.67,14.75,0.68,15.0,0.69,15.0,0.7,15.0,0.71,15.0,0.33,14.75,0.32,15.0,0.31,15.0,0.3,15.0,0.29,15.0,0.47,15.0,0.48,15.0,0.49,15.0,0.5,25.0,0.51,15.0,0.14,0.14,44.898176,1776161078000
1776161079.515,279.515,0.05,702.0,0.02,5.0,0.01,1321.0,,,,,0.96,96.9,0.98,5.0,0.99,1821.0,,,,,0.33,14.75,0.32,15.0,0.31,15.0,0.3,15.0,0.29,15.0,0.47,15.0,0.48,15.0,0.49,15.0,0.5,25.0,0.51,15.0,0.91,0.14,44.898176,1776161078000
1776161079.853,279.853,0.05,702.0,0.02,5.0,0.01,1321.0,,,,,0.96,96.9,0.98,5.0,0.99,1821.0,,,,,0.04,96.9,0.02,5.0,0.01,1821.0,,,,,0.95,702.0,0.98,5.0,0.99,1321.0,,,,,0.91,0.91,44.898183,1776161079000
1776161081.14,281.14,0.05,702.0,0.02,5.0,0.01,1321.0,,,,,0.96,96.9,0.98,5.0,0.99,1821.0,,,,,0.04,96.9,0.02,5.0,0.01,1821.0,,,,,0.95,702.0,0.98,5.0,0.99,1321.0,,,,,0.91,0.91,44.90169,1776161080000
1776161082.284,282.284,0.05,702.0,0.02,5.0,0.01,1321.0,,,,,0.96,96.9,0.98,5.0,0.99,1821.0,,,,,0.04,96.9,0.02,5.0,0.01,1821.0,,,,,0.95,702.0,0.98,5.0,0.99,1321.0,,,,,0.91,0.91,44.908337,1776161081000
1776161082.944,282.944,0.05,702.0,0.02,5.0,0.01,1321.0,,,,,0.96,96.9,0.98,5.0,0.99,1821.0,,,,,0.04,96.9,0.02,5.0,0.01,1821.0,,,,,0.95,702.0,0.98,5.0,0.99,1321.0,,,,,0.91,0.91,44.910359,1776161082000
1776161084.011,284.011,0.05,702.0,0.02,5.0,0.01,1321.0,,,,,0.96,96.9,0.98,5.0,0.99,1821.0,,,,,0.04,96.9,0.02,5.0,0.01,1821.0,,,,,0.95,702.0,0.98,5.0,0.99,1321.0,,,,,0.91,0.91,44.912004,1776161083000
1776161085.245,285.245,0.05,702.0,0.02,5.0,0.01,1321.0,,,,,0.96,96.9,0.98,5.0,0.99,1821.0,,,,,0.04,96.9,0.02,5.0,0.01,1821.0,,,,,0.95,702.0,0.98,5.0,0.99,1321.0,,,,,0.91,0.91,44.911243,1776161084000
1776161086.574,286.574,0.05,702.0,0.02,5.0,0.01,1321.0,,,,,0.96,96.9,0.98,5.0,0.99,1821.0,,,,,0.04,96.9,0.02,5.0,0.01,1821.0,,,,,0.95,702.0,0.98,5.0,0.99,1321.0,,,,,0.91,0.91,44.911779,1776161085000
1776161087.148,287.148,0.05,702.0,0.02,5.0,0.01,1321.0,,,,,0.96,96.9,0.98,5.0,0.99,1821.0,,,,,0.04,96.9,0.02,5.0,0.01,1821.0,,,,,0.95,702.0,0.98,5.0,0.99,1321.0,,,,,0.91,0.91,44.911543,1776161086000
1776161088.175,288.175,0.05,702.0,0.02,5.0,0.01,1321.0,,,,,0.96,96.9,0.98,5.0,0.99,1821.0,,,,,0.04,96.9,0.02,5.0,0.01,1821.0,,,,,0.95,702.0,0.98,5.0,0.99,1321.0,,,,,0.91,0.91,44.911543,1776161087000
1776161089.367,289.367,0.05,702.0,0.02,5.0,0.01,1321.0,,,,,0.96,96.9,0.98,5.0,0.99,1821.0,,,,,0.04,96.9,0.02,5.0,0.01,1821.0,,,,,0.95,702.0,0.98,5.0,0.99,1321.0,,,,,0.91,0.91,44.911307,1776161088000
1776161089.954,289.954,0.05,702.0,0.02,5.0,0.01,1321.0,,,,,0.96,96.9,0.98,5.0,0.99,1821.0,,,,,0.04,96.9,0.02,5.0,0.01,1821.0,,,,,0.95,702.0,0.98,5.0,0.99,1321.0,,,,,0.91,0.91,44.911306,1776161089000
1776161091.935,291.935,0.05,702.0,0.02,5.0,0.01,1321.0,,,,,0.96,96.9,0.98,5.0,0.99,1821.0,,,,,0.04,96.9,0.02,5.0,0.01,1821.0,,,,,0.95,702.0,0.98,5.0,0.99,1321.0,,,,,0.91,0.91,44.91026,1776161090000
1776161092.459,292.459,0.81,10.0,0.56,19.22,0.15,100.0,0.02,5.0,0.01,1321.0,0.99,320.0,,,,,,,,,0.04,96.9,0.02,5.0,0.01,1821.0,,,,,0.95,702.0,0.98,5.0,0.99,1321.0,,,,,0.18,0.91,44.91026,1776161090000
1776161092.889,292.889,0.81,10.0,0.56,19.22,0.15,100.0,0.02,5.0,0.01,1321.0,0.99,320.0,,,,,,,,,0.01,320.0,,,,,,,,,0.19,10.0,0.44,19.22,0.85,100.0,0.98,5.0,0.99,1321.0,0.18,0.18,44.913245,1776161091000
1776161093.601,293.601,0.81,10.0,0.56,19.22,0.15,100.0,0.02,5.0,0.01,1321.0,0.99,320.0,,,,,,,,,0.01,320.0,,,,,,,,,0.19,10.0,0.44,19.22,0.85,100.0,0.98,5.0,0.99,1321.0,0.18,0.18,44.915045,1776161092000
1776161094.458,294.458,0.81,10.0,0.56,19.22,0.15,100.0,0.02,5.0,0.01,1321.0,0.99,320.0,,,,,,,,,0.01,320.0,,,,,,,,,0.19,10.0,0.44,19.22,0.85,100.0,0.98,5.0,0.99,1321.0,0.18,0.18,44.915045,1776161093000
1776161095.232,295.232,0.74,10.0,0.56,8.0,0.3,100.0,0.02,5.0,0.01,1321.0,0.99,209.89,,,,,,,,,0.01,320.0,,,,,,,,,0.19,10.0,0.44,19.22,0.85,100.0,0.98,5.0,0.99,1321.0,0.25,0.18,44.915045,1776161093000
1776161095.554,295.554,0.74,10.0,0.56,8.0,0.3,100.0,0.02,5.0,0.01,1321.0,0.99,209.89,,,,,,,,,0.01,209.89,,,,,,,,,0.26,10.0,0.44,8.0,0.7,100.0,0.98,5.0,0.99,1321.0,0.25,0.25,44.915162,1776161094000
1776161096.005,296.005,0.77,10.0,0.56,8.0,0.3,100.0,0.02,5.0,0.01,1321.0,0.94,11.66,0.99,209.89,,,,,,,0.01,209.89,,,,,,,,,0.26,10.0,0.44,8.0,0.7,100.0,0.98,5.0,0.99,1321.0,0.17,0.25,44.915162,1776161094000
1776161097.386,297.386,0.77,10.0,0.56,8.0,0.3,100.0,0.02,5.0,0.01,1321.0,0.94,11.66,0.99,209.89,,,,,,,0.06,11.66,0.01,209.89,,,,,,,0.23,10.0,0.44,8.0,0.7,100.0,0.98,5.0,0.99,1321.0,0.17,0.17,44.911831,1776161096000
1776161098.026,298.026,0.61,6.0,0.56,8.0,0.51,7.0,0.41,8.0,0.31,9.0,0.99,169.89,,,,,,,,,0.06,11.66,0.01,209.89,,,,,,,0.23,10.0,0.44,8.0,0.7,100.0,0.98,5.0,0.99,1321.0,0.38,0.17,44.911831,1776161096000
1776161098.605,298.605,0.91,10.0,0.61,6.0,0.56,8.0,0.51,7.0,0.41,8.0,0.99,119.89,,,,,,,,,0.01,149.89,,,,,,,,,0.09,10.0,0.39,6.0,0.44,8.0,0.49,7.0,0.59,8.0,0.08,0.08,44.909921,1776161097000
1776161099.292,299.292,0.91,10.0,0.77,15.0,0.61,6.0,0.56,8.0,0.51,7.0,0.99,112.57,,,,,,,,,0.01,119.89,,,,,,,,,0.09,10.0,0.39,6.0,0.44,8.0,0.49,7.0,0.59,8.0,0.08,0.08,44.909921,1776161097000
1776161099.841,299.841,0.91,21.22,0.77,15.0,0.76,6.0,0.65,10.0,0.61,6.0,0.99,103.57,,,,,,,,,0.01,112.57,,,,,,,,,0.09,10.0,0.23,15.0,0.39,6.0,0.44,8.0,0.49,7.0,0.08,0.08,44.910139,1776161098000
1776161100.225,300.225,0.91,10.0,0.77,15.0,0.76,6.0,0.65,110.0,0.61,6.0,0.99,32.55,,,,,,,,,0.01,102.55,,,,,,,,,0.09,10.0,0.23,15.0,0.24,6.0,0.35,110.0,0.39,6.0,0.08,0.08,44.910139,1776161098000
1776161100.739,300.739,0.99,25.45,0.91,10.0,0.77,15.0,0.76,6.0,0.65,110.0,,,,,,,,,,,,,,,,,,,,,0.01,25.45,0.09,10.0,0.23,15.0,0.24,6.0,0.35,110.0,,,44.909982,1776161099000

# RESULT,winner=Up,slug=hype-updown-5m-1776160800,ticks=311
