timestamp,elapsed_sec,up_bid_p1,up_bid_s1,up_bid_p2,up_bid_s2,up_ask_p1,up_ask_s1,up_ask_p2,up_ask_s2,down_bid_p1,down_bid_s1,down_bid_p2,down_bid_s2,down_ask_p1,down_ask_s1,down_ask_p2,down_ask_s2,up_spread,down_spread,hype_price,hype_oracle_ts
1776198611.145,11.145,,,,,,,,,,,,,,,,,,,43.267713,1776198610000
1776198611.593,11.593,0.4,10.0,0.38,5.0,0.5,5.0,0.57,10.0,0.5,5.0,0.43,10.0,0.6,10.0,0.62,5.0,0.1,0.1,43.267713,1776198610000
1776198612.045,12.045,0.4,10.0,0.38,5.0,0.5,5.0,0.57,10.0,0.5,5.0,0.43,10.0,0.6,10.0,0.62,5.0,0.1,0.1,43.267713,1776198610000
1776198613.968,13.968,0.4,10.0,0.38,5.0,0.5,5.0,0.57,10.0,0.5,5.0,0.43,10.0,0.6,10.0,0.62,5.0,0.1,0.1,43.264459,1776198612000
1776198614.478,14.478,0.4,10.0,0.38,5.0,0.5,5.0,0.57,10.0,0.5,5.0,0.43,10.0,0.6,10.0,0.62,5.0,0.1,0.1,43.264459,1776198613000
1776198615.061,15.061,0.4,10.0,0.38,5.0,0.5,5.0,0.57,10.0,0.5,5.0,0.43,10.0,0.6,10.0,0.62,5.0,0.1,0.1,43.267868,1776198614000
1776198616.268,16.268,0.4,10.0,0.38,5.0,0.5,5.0,0.57,10.0,0.5,5.0,0.43,10.0,0.6,10.0,0.62,5.0,0.1,0.1,43.269016,1776198615000
1776198617.27,17.27,0.4,10.0,0.38,5.0,0.5,5.0,0.57,10.0,0.5,5.0,0.43,10.0,0.6,10.0,0.62,5.0,0.1,0.1,43.269831,1776198616000
1776198618.077,18.077,0.5,5.0,0.46,5.0,0.67,10.0,0.7,5.0,0.5,5.0,0.43,10.0,0.6,10.0,0.62,5.0,0.17,0.1,43.269831,1776198616000
1776198618.449,18.449,0.5,5.0,0.46,5.0,0.67,10.0,0.7,5.0,0.33,10.0,0.3,5.0,0.5,5.0,0.54,5.0,0.17,0.17,43.270084,1776198617000
1776198618.998,18.998,0.5,5.0,0.46,5.0,0.67,10.0,0.7,5.0,0.33,10.0,0.3,5.0,0.5,5.0,0.54,5.0,0.17,0.17,43.270226,1776198618000
1776198620.126,20.126,0.5,5.0,0.46,5.0,0.67,10.0,0.7,5.0,0.33,10.0,0.3,5.0,0.5,5.0,0.54,5.0,0.17,0.17,43.27154,1776198619000
1776198621.227,21.227,0.5,5.0,0.46,5.0,0.67,10.0,0.7,5.0,0.33,10.0,0.3,5.0,0.5,5.0,0.54,5.0,0.17,0.17,43.280458,1776198620000
1776198622.376,22.376,0.5,5.0,0.46,5.0,0.67,10.0,0.7,5.0,0.33,10.0,0.3,5.0,0.5,5.0,0.54,5.0,0.17,0.17,43.281774,1776198621000
1776198623.516,23.516,0.5,5.0,0.46,5.0,0.67,10.0,0.7,5.0,0.33,10.0,0.3,5.0,0.5,5.0,0.54,5.0,0.17,0.17,43.282858,1776198622000
1776198623.977,23.977,0.5,5.0,0.46,5.0,0.67,10.0,0.7,5.0,0.33,10.0,0.3,5.0,0.5,5.0,0.54,5.0,0.17,0.17,43.282858,1776198623000
1776198625.028,25.028,0.5,5.0,0.46,5.0,0.67,10.0,0.7,5.0,0.33,10.0,0.3,5.0,0.5,5.0,0.54,5.0,0.17,0.17,43.283032,1776198624000
1776198626.168,26.168,0.5,5.0,0.46,5.0,0.67,10.0,0.7,5.0,0.33,10.0,0.3,5.0,0.5,5.0,0.54,5.0,0.17,0.17,43.281167,1776198625000
1776198627.295,27.295,0.5,5.0,0.46,5.0,0.67,10.0,0.7,5.0,0.33,10.0,0.3,5.0,0.5,5.0,0.54,5.0,0.17,0.17,43.273528,1776198626000
1776198628.294,28.294,0.5,5.0,0.46,5.0,0.67,10.0,0.7,5.0,0.33,10.0,0.3,5.0,0.5,5.0,0.54,5.0,0.17,0.17,43.275422,1776198627000
1776198629.43,29.43,0.5,5.0,0.46,5.0,0.67,10.0,0.7,5.0,0.33,10.0,0.3,5.0,0.5,5.0,0.54,5.0,0.17,0.17,43.276289,1776198628000
1776198630.134,30.134,0.5,5.0,0.46,5.0,0.67,10.0,0.7,5.0,0.33,10.0,0.3,5.0,0.5,5.0,0.54,5.0,0.17,0.17,43.276319,1776198629000
1776198631.437,31.437,0.5,5.0,0.46,5.0,0.67,10.0,0.7,5.0,0.33,10.0,0.3,5.0,0.5,5.0,0.54,5.0,0.17,0.17,43.281437,1776198630000
1776198631.974,31.974,0.5,5.0,0.46,5.0,0.67,10.0,0.7,5.0,0.33,10.0,0.3,5.0,0.5,5.0,0.54,5.0,0.17,0.17,43.281437,1776198631000
1776198633.097,33.097,0.5,5.0,0.46,5.0,0.67,10.0,0.7,5.0,0.33,10.0,0.3,5.0,0.5,5.0,0.54,5.0,0.17,0.17,43.281444,1776198632000
1776198634.313,34.313,0.5,5.0,0.46,5.0,0.67,10.0,0.7,5.0,0.33,10.0,0.3,5.0,0.5,5.0,0.54,5.0,0.17,0.17,43.2837,1776198633000
1776198635.617,35.617,0.5,5.0,0.46,5.0,0.67,10.0,0.7,5.0,0.33,10.0,0.3,5.0,0.5,5.0,0.54,5.0,0.17,0.17,43.28364,1776198634000
1776198636.195,36.195,0.5,5.0,0.46,5.0,0.67,10.0,0.7,5.0,0.33,10.0,0.3,5.0,0.5,5.0,0.54,5.0,0.17,0.17,43.283638,1776198635000
1776198637.266,37.266,0.5,5.0,0.46,5.0,0.67,10.0,0.7,5.0,0.33,10.0,0.3,5.0,0.5,5.0,0.54,5.0,0.17,0.17,43.283641,1776198636000
1776198638.424,38.424,0.5,5.0,0.46,5.0,0.67,10.0,0.7,5.0,0.33,10.0,0.3,5.0,0.5,5.0,0.54,5.0,0.17,0.17,43.283641,1776198637000
1776198639.011,39.011,0.5,5.0,0.46,5.0,0.67,10.0,0.7,5.0,0.33,10.0,0.3,5.0,0.5,5.0,0.54,5.0,0.17,0.17,43.285368,1776198638000
1776198640.126,40.126,0.5,5.0,0.46,5.0,0.67,10.0,0.7,5.0,0.33,10.0,0.3,5.0,0.5,5.0,0.54,5.0,0.17,0.17,43.286296,1776198639000
1776198641.356,41.356,0.5,5.0,0.46,5.0,0.67,10.0,0.7,5.0,0.33,10.0,0.3,5.0,0.5,5.0,0.54,5.0,0.17,0.17,43.294633,1776198640000
1776198642.456,42.456,0.5,5.0,0.46,5.0,0.67,10.0,0.7,5.0,0.33,10.0,0.3,5.0,0.5,5.0,0.54,5.0,0.17,0.17,43.300319,1776198641000
1776198643.646,43.646,0.5,5.0,0.46,5.0,0.67,10.0,0.7,5.0,0.33,10.0,0.3,5.0,0.5,5.0,0.54,5.0,0.17,0.17,43.302058,1776198642000
1776198644.368,44.368,0.5,5.0,0.46,5.0,0.67,10.0,0.7,5.0,0.33,10.0,0.3,5.0,0.5,5.0,0.54,5.0,0.17,0.17,43.302094,1776198643000
1776198645.256,45.256,0.5,5.0,0.46,5.0,0.67,10.0,0.7,5.0,0.33,10.0,0.3,5.0,0.5,5.0,0.54,5.0,0.17,0.17,43.302866,1776198644000
1776198646.74,46.74,0.5,5.0,0.46,5.0,0.67,10.0,0.7,5.0,0.33,10.0,0.3,5.0,0.5,5.0,0.54,5.0,0.17,0.17,43.301586,1776198645000
1776198647.564,47.564,0.5,5.0,0.46,5.0,0.67,10.0,0.7,5.0,0.33,10.0,0.3,5.0,0.5,5.0,0.54,5.0,0.17,0.17,43.301063,1776198646000
1776198648.134,48.134,0.5,5.0,0.46,5.0,0.67,10.0,0.7,5.0,0.33,10.0,0.3,5.0,0.5,5.0,0.54,5.0,0.17,0.17,43.299596,1776198647000
1776198649.762,49.762,0.5,5.0,0.46,5.0,0.67,10.0,0.7,5.0,0.33,10.0,0.3,5.0,0.5,5.0,0.54,5.0,0.17,0.17,43.297175,1776198648000
1776198650.501,50.501,0.5,5.0,0.46,5.0,0.67,10.0,0.7,5.0,0.33,10.0,0.3,5.0,0.5,5.0,0.54,5.0,0.17,0.17,43.293951,1776198649000
1776198651.363,51.363,0.5,5.0,0.46,5.0,0.67,10.0,0.7,5.0,0.33,10.0,0.3,5.0,0.5,5.0,0.54,5.0,0.17,0.17,43.293765,1776198650000
1776198652.693,52.693,0.5,5.0,0.46,5.0,0.67,10.0,0.7,5.0,0.33,10.0,0.3,5.0,0.5,5.0,0.54,5.0,0.17,0.17,43.293376,1776198651000
1776198653.434,53.434,0.5,5.0,0.46,5.0,0.67,10.0,0.7,5.0,0.33,10.0,0.3,5.0,0.5,5.0,0.54,5.0,0.17,0.17,43.293145,1776198652000
1776198654.252,54.252,0.5,5.0,0.46,5.0,0.67,10.0,0.7,5.0,0.33,10.0,0.3,5.0,0.5,5.0,0.54,5.0,0.17,0.17,43.29295,1776198653000
1776198655.637,55.637,0.5,5.0,0.46,5.0,0.67,10.0,0.7,5.0,0.33,10.0,0.3,5.0,0.5,5.0,0.54,5.0,0.17,0.17,43.291034,1776198654000
1776198656.298,56.298,0.5,5.0,0.46,5.0,0.67,10.0,0.7,5.0,0.33,10.0,0.3,5.0,0.5,5.0,0.54,5.0,0.17,0.17,43.290889,1776198655000
1776198657.871,57.871,0.5,5.0,0.46,5.0,0.67,10.0,0.7,5.0,0.33,10.0,0.3,5.0,0.5,5.0,0.54,5.0,0.17,0.17,43.290351,1776198656000
1776198658.442,58.442,0.5,5.0,0.46,5.0,0.67,10.0,0.7,5.0,0.33,10.0,0.3,5.0,0.5,5.0,0.54,5.0,0.17,0.17,43.290351,1776198657000
1776198659.241,59.241,0.5,5.0,0.46,5.0,0.67,10.0,0.7,5.0,0.33,10.0,0.3,5.0,0.5,5.0,0.54,5.0,0.17,0.17,43.290355,1776198658000
1776198660.598,60.598,0.5,5.0,0.46,5.0,0.67,10.0,0.7,5.0,0.33,10.0,0.3,5.0,0.5,5.0,0.54,5.0,0.17,0.17,43.290068,1776198659000
1776198661.3,61.3,0.5,5.0,0.46,5.0,0.67,10.0,0.7,5.0,0.33,10.0,0.3,5.0,0.5,5.0,0.54,5.0,0.17,0.17,43.290067,1776198660000
1776198662.455,62.455,0.5,5.0,0.46,5.0,0.67,10.0,0.7,5.0,0.33,10.0,0.3,5.0,0.5,5.0,0.54,5.0,0.17,0.17,43.289656,1776198661000
1776198663.086,63.086,0.5,5.0,0.46,5.0,0.67,10.0,0.7,5.0,0.33,10.0,0.3,5.0,0.5,5.0,0.54,5.0,0.17,0.17,43.289946,1776198662000
1776198664.024,64.024,0.5,5.0,0.46,5.0,0.67,10.0,0.7,5.0,0.33,10.0,0.3,5.0,0.5,5.0,0.54,5.0,0.17,0.17,43.284221,1776198663000
1776198665.111,65.111,0.5,5.0,0.46,5.0,0.67,10.0,0.7,5.0,0.33,10.0,0.3,5.0,0.5,5.0,0.54,5.0,0.17,0.17,43.285353,1776198664000
1776198666.227,66.227,0.5,5.0,0.46,5.0,0.67,10.0,0.7,5.0,0.33,10.0,0.3,5.0,0.5,5.0,0.54,5.0,0.17,0.17,43.284058,1776198665000
1776198667.238,67.238,0.5,5.0,0.46,5.0,0.67,10.0,0.7,5.0,0.33,10.0,0.3,5.0,0.5,5.0,0.54,5.0,0.17,0.17,43.28248,1776198666000
1776198668.254,68.254,0.5,5.0,0.46,5.0,0.67,10.0,0.7,5.0,0.33,10.0,0.3,5.0,0.5,5.0,0.54,5.0,0.17,0.17,43.281283,1776198667000
1776198669.347,69.347,0.5,5.0,0.46,5.0,0.67,10.0,0.7,5.0,0.33,10.0,0.3,5.0,0.5,5.0,0.54,5.0,0.17,0.17,43.285153,1776198668000
1776198670.307,70.307,0.5,5.0,0.46,5.0,0.67,10.0,0.7,5.0,0.33,10.0,0.3,5.0,0.5,5.0,0.54,5.0,0.17,0.17,43.285287,1776198669000
1776198671.326,71.326,0.5,5.0,0.46,5.0,0.67,10.0,0.7,5.0,0.33,10.0,0.3,5.0,0.5,5.0,0.54,5.0,0.17,0.17,43.278868,1776198670000
1776198672.336,72.336,0.5,5.0,0.46,5.0,0.67,10.0,0.7,5.0,0.33,10.0,0.3,5.0,0.5,5.0,0.54,5.0,0.17,0.17,43.285059,1776198671000
1776198673.346,73.346,0.5,5.0,0.46,5.0,0.67,10.0,0.7,5.0,0.33,10.0,0.3,5.0,0.5,5.0,0.54,5.0,0.17,0.17,43.285059,1776198672000
1776198673.861,73.861,0.5,5.0,0.46,5.0,0.67,10.0,0.7,5.0,0.33,10.0,0.3,5.0,0.5,5.0,0.54,5.0,0.17,0.17,43.285059,1776198673000
1776198674.869,74.869,0.5,5.0,0.46,5.0,0.67,10.0,0.7,5.0,0.33,10.0,0.3,5.0,0.5,5.0,0.54,5.0,0.17,0.17,43.28244,1776198674000
1776198675.848,75.848,0.55,13.44,0.54,15.0,0.63,6.76,0.68,15.0,0.33,10.0,0.3,5.0,0.5,5.0,0.54,5.0,0.08,0.17,43.28244,1776198674000
1776198676.521,76.521,0.55,13.44,0.54,15.0,0.63,6.76,0.68,15.0,0.37,6.76,0.32,15.0,0.45,13.44,0.46,15.0,0.08,0.08,43.288717,1776198675000
1776198677.517,77.517,0.55,13.44,0.54,15.0,0.63,6.76,0.68,15.0,0.37,6.76,0.32,15.0,0.45,13.44,0.46,15.0,0.08,0.08,43.288717,1776198676000
1776198678.393,78.393,0.55,13.44,0.54,15.0,0.63,6.76,0.68,15.0,0.37,6.76,0.32,15.0,0.45,13.44,0.46,15.0,0.08,0.08,43.29092,1776198677000
1776198679.145,79.145,0.55,13.44,0.54,15.0,0.63,6.76,0.68,15.0,0.37,6.76,0.32,15.0,0.45,13.44,0.46,15.0,0.08,0.08,43.290648,1776198678000
1776198680.682,80.682,0.55,13.44,0.54,15.0,0.63,6.76,0.68,15.0,0.37,6.76,0.32,15.0,0.45,13.44,0.46,15.0,0.08,0.08,43.289914,1776198679000
1776198681.494,81.494,0.55,13.44,0.54,15.0,0.63,6.76,0.68,15.0,0.37,6.76,0.32,15.0,0.45,13.44,0.46,15.0,0.08,0.08,43.288965,1776198680000
1776198682.199,82.199,0.55,13.44,0.54,15.0,0.63,6.76,0.68,15.0,0.37,6.76,0.32,15.0,0.45,13.44,0.46,15.0,0.08,0.08,43.288683,1776198681000
1776198683.397,83.397,0.55,13.44,0.54,15.0,0.63,6.76,0.68,15.0,0.37,6.76,0.32,15.0,0.45,13.44,0.46,15.0,0.08,0.08,43.289132,1776198682000
1776198684.095,84.095,0.55,13.44,0.54,15.0,0.63,6.76,0.68,15.0,0.37,6.76,0.32,15.0,0.45,13.44,0.46,15.0,0.08,0.08,43.286134,1776198683000
1776198685.268,85.268,0.55,13.44,0.54,15.0,0.63,6.76,0.68,15.0,0.37,6.76,0.32,15.0,0.45,13.44,0.46,15.0,0.08,0.08,43.286171,1776198684000
1776198686.627,86.627,0.55,13.44,0.54,15.0,0.63,6.76,0.68,15.0,0.37,6.76,0.32,15.0,0.45,13.44,0.46,15.0,0.08,0.08,43.286171,1776198685000
1776198687.326,87.326,0.55,13.44,0.54,15.0,0.63,6.76,0.68,15.0,0.37,6.76,0.32,15.0,0.45,13.44,0.46,15.0,0.08,0.08,43.286171,1776198686000
1776198688.604,88.604,0.55,13.44,0.54,15.0,0.63,6.76,0.68,15.0,0.37,6.76,0.32,15.0,0.45,13.44,0.46,15.0,0.08,0.08,43.285589,1776198687000
1776198689.362,89.362,0.55,13.44,0.54,15.0,0.63,6.76,0.68,15.0,0.37,6.76,0.32,15.0,0.45,13.44,0.46,15.0,0.08,0.08,43.285526,1776198688000
1776198690.023,90.023,0.55,13.44,0.54,15.0,0.63,6.76,0.68,15.0,0.37,6.76,0.32,15.0,0.45,13.44,0.46,15.0,0.08,0.08,43.285526,1776198689000
1776198691.426,91.426,0.55,13.44,0.54,15.0,0.63,6.76,0.68,15.0,0.37,6.76,0.32,15.0,0.45,13.44,0.46,15.0,0.08,0.08,43.285676,1776198690000
1776198692.125,92.125,0.55,13.44,0.54,15.0,0.63,6.76,0.68,15.0,0.37,6.76,0.32,15.0,0.45,13.44,0.46,15.0,0.08,0.08,43.287038,1776198691000
1776198693.512,93.512,0.55,13.44,0.54,15.0,0.63,6.76,0.68,15.0,0.37,6.76,0.32,15.0,0.45,13.44,0.46,15.0,0.08,0.08,43.287311,1776198692000
1776198694.605,94.605,0.55,13.44,0.54,15.0,0.63,6.76,0.68,15.0,0.37,6.76,0.32,15.0,0.45,13.44,0.46,15.0,0.08,0.08,43.287171,1776198693000
1776198695.107,95.107,0.55,13.44,0.54,15.0,0.63,6.76,0.68,15.0,0.37,6.76,0.32,15.0,0.45,13.44,0.46,15.0,0.08,0.08,43.286746,1776198694000
1776198696.234,96.234,0.55,13.44,0.54,15.0,0.63,6.76,0.68,15.0,0.37,6.76,0.32,15.0,0.45,13.44,0.46,15.0,0.08,0.08,43.28667,1776198695000
1776198697.297,97.297,0.55,13.44,0.54,15.0,0.63,6.76,0.68,15.0,0.37,6.76,0.32,15.0,0.45,13.44,0.46,15.0,0.08,0.08,43.286933,1776198696000
1776198698.43,98.43,0.55,13.44,0.54,15.0,0.63,6.76,0.68,15.0,0.37,6.76,0.32,15.0,0.45,13.44,0.46,15.0,0.08,0.08,43.294455,1776198697000
1776198698.874,98.874,0.55,13.44,0.54,15.0,0.63,6.76,0.68,15.0,0.37,6.76,0.32,15.0,0.45,13.44,0.46,15.0,0.08,0.08,43.294481,1776198698000
1776198700.024,100.024,0.55,13.44,0.54,15.0,0.63,6.76,0.68,15.0,0.37,6.76,0.32,15.0,0.45,13.44,0.46,15.0,0.08,0.08,43.294526,1776198699000
1776198701.179,101.179,0.55,13.44,0.54,15.0,0.63,6.76,0.68,15.0,0.37,6.76,0.32,15.0,0.45,13.44,0.46,15.0,0.08,0.08,43.294817,1776198700000
1776198702.326,102.326,0.55,13.44,0.54,15.0,0.63,6.76,0.68,15.0,0.37,6.76,0.32,15.0,0.45,13.44,0.46,15.0,0.08,0.08,43.29371,1776198701000
1776198702.901,102.901,0.55,13.44,0.54,15.0,0.63,6.76,0.68,15.0,0.37,6.76,0.32,15.0,0.45,13.44,0.46,15.0,0.08,0.08,43.294249,1776198702000
1776198703.439,103.439,0.61,15.0,0.6,15.0,0.73,15.0,0.74,15.0,0.37,6.76,0.32,15.0,0.45,13.44,0.46,15.0,0.12,0.08,43.294249,1776198702000
1776198704.041,104.041,0.61,15.0,0.6,15.0,0.73,15.0,0.74,15.0,0.27,15.0,0.26,15.0,0.39,15.0,0.4,15.0,0.12,0.12,43.295111,1776198703000
1776198705.168,105.168,0.61,15.0,0.6,15.0,0.73,15.0,0.74,15.0,0.27,15.0,0.26,15.0,0.39,15.0,0.4,15.0,0.12,0.12,43.298871,1776198704000
1776198706.266,106.266,0.61,15.0,0.6,15.0,0.73,15.0,0.74,15.0,0.27,15.0,0.26,15.0,0.39,15.0,0.4,15.0,0.12,0.12,43.299072,1776198705000
1776198707.385,107.385,0.61,15.0,0.6,15.0,0.73,15.0,0.74,15.0,0.27,15.0,0.26,15.0,0.39,15.0,0.4,15.0,0.12,0.12,43.299015,1776198706000
1776198707.975,107.975,0.61,15.0,0.6,15.0,0.73,15.0,0.74,15.0,0.27,15.0,0.26,15.0,0.39,15.0,0.4,15.0,0.12,0.12,43.299051,1776198707000
1776198709.202,109.202,0.61,15.0,0.6,15.0,0.73,15.0,0.74,15.0,0.27,15.0,0.26,15.0,0.39,15.0,0.4,15.0,0.12,0.12,43.299052,1776198708000
1776198711.109,111.109,0.61,15.0,0.6,15.0,0.73,15.0,0.74,15.0,0.27,15.0,0.26,15.0,0.39,15.0,0.4,15.0,0.12,0.12,43.29859,1776198709000
1776198711.816,111.816,0.61,15.0,0.6,15.0,0.73,15.0,0.74,15.0,0.27,15.0,0.26,15.0,0.39,15.0,0.4,15.0,0.12,0.12,43.29859,1776198710000
1776198712.733,112.733,0.61,15.0,0.6,15.0,0.73,15.0,0.74,15.0,0.27,15.0,0.26,15.0,0.39,15.0,0.4,15.0,0.12,0.12,43.298581,1776198711000
1776198713.42,113.42,0.61,15.0,0.6,15.0,0.73,15.0,0.74,15.0,0.27,15.0,0.26,15.0,0.39,15.0,0.4,15.0,0.12,0.12,43.298581,1776198712000
1776198714.191,114.191,0.61,15.0,0.6,15.0,0.73,15.0,0.74,15.0,0.27,15.0,0.26,15.0,0.39,15.0,0.4,15.0,0.12,0.12,43.299626,1776198713000
1776198715.871,115.871,0.61,15.0,0.6,15.0,0.73,15.0,0.74,15.0,0.27,15.0,0.26,15.0,0.39,15.0,0.4,15.0,0.12,0.12,43.303242,1776198714000
1776198716.577,116.577,0.61,15.0,0.6,15.0,0.73,15.0,0.74,15.0,0.27,15.0,0.26,15.0,0.39,15.0,0.4,15.0,0.12,0.12,43.312724,1776198715000
1776198717.304,117.304,0.61,15.0,0.6,15.0,0.73,15.0,0.74,15.0,0.27,15.0,0.26,15.0,0.39,15.0,0.4,15.0,0.12,0.12,43.32726,1776198716000
1776198718.916,118.916,0.61,15.0,0.6,15.0,0.73,15.0,0.74,15.0,0.27,15.0,0.26,15.0,0.39,15.0,0.4,15.0,0.12,0.12,43.343125,1776198717000
1776198719.794,119.794,0.61,15.0,0.6,15.0,0.73,15.0,0.74,15.0,0.27,15.0,0.26,15.0,0.39,15.0,0.4,15.0,0.12,0.12,43.340979,1776198718000
1776198720.629,120.629,0.61,15.0,0.6,15.0,0.73,15.0,0.74,15.0,0.27,15.0,0.26,15.0,0.39,15.0,0.4,15.0,0.12,0.12,43.334381,1776198719000
1776198721.368,121.368,0.61,15.0,0.6,15.0,0.73,15.0,0.74,15.0,0.27,15.0,0.26,15.0,0.39,15.0,0.4,15.0,0.12,0.12,43.334381,1776198720000
1776198722.079,122.079,0.61,15.0,0.6,15.0,0.73,15.0,0.74,15.0,0.27,15.0,0.26,15.0,0.39,15.0,0.4,15.0,0.12,0.12,43.335027,1776198721000
1776198723.584,123.584,0.61,15.0,0.6,15.0,0.73,15.0,0.74,15.0,0.27,15.0,0.26,15.0,0.39,15.0,0.4,15.0,0.12,0.12,43.329529,1776198722000
1776198724.351,124.351,0.61,15.0,0.6,15.0,0.73,15.0,0.74,15.0,0.27,15.0,0.26,15.0,0.39,15.0,0.4,15.0,0.12,0.12,43.333358,1776198723000
1776198725.062,125.062,0.61,15.0,0.6,15.0,0.73,15.0,0.74,15.0,0.27,15.0,0.26,15.0,0.39,15.0,0.4,15.0,0.12,0.12,43.333597,1776198724000
1776198726.484,126.484,0.61,15.0,0.6,15.0,0.73,15.0,0.74,15.0,0.27,15.0,0.26,15.0,0.39,15.0,0.4,15.0,0.12,0.12,43.333437,1776198725000
1776198727.204,127.204,0.61,15.0,0.6,15.0,0.73,15.0,0.74,15.0,0.27,15.0,0.26,15.0,0.39,15.0,0.4,15.0,0.12,0.12,43.333436,1776198726000
1776198729.107,129.107,0.61,15.0,0.6,15.0,0.73,15.0,0.74,15.0,0.27,15.0,0.26,15.0,0.39,15.0,0.4,15.0,0.12,0.12,43.329938,1776198728000
1776198730.459,130.459,0.61,15.0,0.6,15.0,0.73,15.0,0.74,15.0,0.27,15.0,0.26,15.0,0.39,15.0,0.4,15.0,0.12,0.12,43.326197,1776198729000
1776198731.143,131.143,0.61,15.0,0.6,15.0,0.73,15.0,0.74,15.0,0.27,15.0,0.26,15.0,0.39,15.0,0.4,15.0,0.12,0.12,43.325357,1776198730000
1776198732.379,132.379,0.61,15.0,0.6,15.0,0.73,15.0,0.74,15.0,0.27,15.0,0.26,15.0,0.39,15.0,0.4,15.0,0.12,0.12,43.321524,1776198731000
1776198733.631,133.631,0.61,15.0,0.6,15.0,0.73,15.0,0.74,15.0,0.27,15.0,0.26,15.0,0.39,15.0,0.4,15.0,0.12,0.12,43.319949,1776198732000
1776198734.187,134.187,0.61,15.0,0.6,15.0,0.73,15.0,0.74,15.0,0.27,15.0,0.26,15.0,0.39,15.0,0.4,15.0,0.12,0.12,43.318071,1776198733000
1776198735.409,135.409,0.61,15.0,0.6,15.0,0.73,15.0,0.74,15.0,0.27,15.0,0.26,15.0,0.39,15.0,0.4,15.0,0.12,0.12,43.318071,1776198734000
1776198735.982,135.982,0.61,15.0,0.6,15.0,0.73,15.0,0.74,15.0,0.27,15.0,0.26,15.0,0.39,15.0,0.4,15.0,0.12,0.12,43.318074,1776198735000
1776198737.187,137.187,0.61,15.0,0.6,15.0,0.73,15.0,0.74,15.0,0.27,15.0,0.26,15.0,0.39,15.0,0.4,15.0,0.12,0.12,43.317863,1776198736000
1776198738.443,138.443,0.61,15.0,0.6,15.0,0.73,15.0,0.74,15.0,0.27,15.0,0.26,15.0,0.39,15.0,0.4,15.0,0.12,0.12,43.317593,1776198737000
1776198739.07,139.07,0.61,15.0,0.6,15.0,0.73,15.0,0.74,15.0,0.27,15.0,0.26,15.0,0.39,15.0,0.4,15.0,0.12,0.12,43.317587,1776198738000
1776198740.197,140.197,0.61,15.0,0.6,15.0,0.73,15.0,0.74,15.0,0.27,15.0,0.26,15.0,0.39,15.0,0.4,15.0,0.12,0.12,43.317587,1776198739000
1776198740.406,140.406,0.71,25.0,0.7,15.0,0.81,7.59,0.82,15.0,0.27,15.0,0.26,15.0,0.39,15.0,0.4,15.0,0.1,0.12,43.317587,1776198739000
1776198741.291,141.291,0.71,25.0,0.7,15.0,0.81,7.59,0.82,15.0,0.19,7.59,0.18,15.0,0.29,25.0,0.3,15.0,0.1,0.1,43.317599,1776198740000
1776198742.43,142.43,0.71,25.0,0.7,15.0,0.81,7.59,0.82,15.0,0.19,7.59,0.18,15.0,0.29,25.0,0.3,15.0,0.1,0.1,43.317426,1776198741000
1776198742.999,142.999,0.71,25.0,0.7,15.0,0.81,7.59,0.82,15.0,0.19,7.59,0.18,15.0,0.29,25.0,0.3,15.0,0.1,0.1,43.317426,1776198742000
1776198744.501,144.501,0.71,25.0,0.7,15.0,0.81,7.59,0.82,15.0,0.19,7.59,0.18,15.0,0.29,25.0,0.3,15.0,0.1,0.1,43.317426,1776198743000
1776198745.128,145.128,0.71,25.0,0.7,15.0,0.81,7.59,0.82,15.0,0.19,7.59,0.18,15.0,0.29,25.0,0.3,15.0,0.1,0.1,43.317426,1776198744000
1776198746.31,146.31,0.71,25.0,0.7,15.0,0.81,7.59,0.82,15.0,0.19,7.59,0.18,15.0,0.29,25.0,0.3,15.0,0.1,0.1,43.317417,1776198745000
1776198747.451,147.451,0.71,25.0,0.7,15.0,0.81,7.59,0.82,15.0,0.19,7.59,0.18,15.0,0.29,25.0,0.3,15.0,0.1,0.1,43.317552,1776198746000
1776198747.997,147.997,0.71,25.0,0.7,15.0,0.81,7.59,0.82,15.0,0.19,7.59,0.18,15.0,0.29,25.0,0.3,15.0,0.1,0.1,43.317552,1776198747000
1776198749.142,149.142,0.71,25.0,0.7,15.0,0.81,7.59,0.82,15.0,0.19,7.59,0.18,15.0,0.29,25.0,0.3,15.0,0.1,0.1,43.317552,1776198748000
1776198750.198,150.198,0.71,25.0,0.7,15.0,0.81,7.59,0.82,15.0,0.19,7.59,0.18,15.0,0.29,25.0,0.3,15.0,0.1,0.1,43.317841,1776198749000
1776198751.416,151.416,0.71,25.0,0.7,15.0,0.81,7.59,0.82,15.0,0.19,7.59,0.18,15.0,0.29,25.0,0.3,15.0,0.1,0.1,43.317843,1776198750000
1776198751.875,151.875,0.71,25.0,0.7,15.0,0.81,7.59,0.82,15.0,0.19,7.59,0.18,15.0,0.29,25.0,0.3,15.0,0.1,0.1,43.317843,1776198751000
1776198753.006,153.006,0.71,25.0,0.7,15.0,0.81,7.59,0.82,15.0,0.19,7.59,0.18,15.0,0.29,25.0,0.3,15.0,0.1,0.1,43.318114,1776198752000
1776198754.236,154.236,0.71,25.0,0.7,15.0,0.81,7.59,0.82,15.0,0.19,7.59,0.18,15.0,0.29,25.0,0.3,15.0,0.1,0.1,43.320459,1776198753000
1776198755.238,155.238,0.71,25.0,0.7,15.0,0.81,7.59,0.82,15.0,0.19,7.59,0.18,15.0,0.29,25.0,0.3,15.0,0.1,0.1,43.320994,1776198754000
1776198756.319,156.319,0.71,25.0,0.7,15.0,0.81,7.59,0.82,15.0,0.19,7.59,0.18,15.0,0.29,25.0,0.3,15.0,0.1,0.1,43.320499,1776198755000
1776198757.4,157.4,0.71,25.0,0.7,15.0,0.81,7.59,0.82,15.0,0.19,7.59,0.18,15.0,0.29,25.0,0.3,15.0,0.1,0.1,43.319653,1776198756000
1776198757.988,157.988,0.71,25.0,0.7,15.0,0.81,7.59,0.82,15.0,0.19,7.59,0.18,15.0,0.29,25.0,0.3,15.0,0.1,0.1,43.31978,1776198757000
1776198759.223,159.223,0.71,25.0,0.7,15.0,0.81,7.59,0.82,15.0,0.19,7.59,0.18,15.0,0.29,25.0,0.3,15.0,0.1,0.1,43.319347,1776198758000
1776198760.108,160.108,0.71,25.0,0.7,15.0,0.81,7.59,0.82,15.0,0.19,7.59,0.18,15.0,0.29,25.0,0.3,15.0,0.1,0.1,43.319347,1776198759000
1776198761.498,161.498,0.71,25.0,0.7,15.0,0.81,7.59,0.82,15.0,0.19,7.59,0.18,15.0,0.29,25.0,0.3,15.0,0.1,0.1,43.319417,1776198760000
1776198762.173,162.173,0.71,25.0,0.7,15.0,0.81,7.59,0.82,15.0,0.19,7.59,0.18,15.0,0.29,25.0,0.3,15.0,0.1,0.1,43.319417,1776198761000
1776198763.425,163.425,0.71,25.0,0.7,15.0,0.81,7.59,0.82,15.0,0.19,7.59,0.18,15.0,0.29,25.0,0.3,15.0,0.1,0.1,43.319419,1776198762000
1776198764.148,164.148,0.71,25.0,0.7,15.0,0.81,7.59,0.82,15.0,0.19,7.59,0.18,15.0,0.29,25.0,0.3,15.0,0.1,0.1,43.319606,1776198763000
1776198765.619,165.619,0.71,25.0,0.7,15.0,0.81,7.59,0.82,15.0,0.19,7.59,0.18,15.0,0.29,25.0,0.3,15.0,0.1,0.1,43.320035,1776198764000
1776198766.423,166.423,0.71,25.0,0.7,15.0,0.81,7.59,0.82,15.0,0.19,7.59,0.18,15.0,0.29,25.0,0.3,15.0,0.1,0.1,43.320279,1776198765000
1776198767.652,167.652,0.71,25.0,0.7,15.0,0.81,7.59,0.82,15.0,0.19,7.59,0.18,15.0,0.29,25.0,0.3,15.0,0.1,0.1,43.320493,1776198766000
1776198768.471,168.471,0.71,25.0,0.7,15.0,0.81,7.59,0.82,15.0,0.19,7.59,0.18,15.0,0.29,25.0,0.3,15.0,0.1,0.1,43.320922,1776198767000
1776198769.075,169.075,0.71,25.0,0.7,15.0,0.81,7.59,0.82,15.0,0.19,7.59,0.18,15.0,0.29,25.0,0.3,15.0,0.1,0.1,43.320992,1776198768000
1776198770.506,170.506,0.71,25.0,0.7,15.0,0.81,7.59,0.82,15.0,0.19,7.59,0.18,15.0,0.29,25.0,0.3,15.0,0.1,0.1,43.321223,1776198769000
1776198771.209,171.209,0.71,25.0,0.7,15.0,0.81,7.59,0.82,15.0,0.19,7.59,0.18,15.0,0.29,25.0,0.3,15.0,0.1,0.1,43.321763,1776198770000
1776198772.514,172.514,0.71,25.0,0.7,15.0,0.81,7.59,0.82,15.0,0.19,7.59,0.18,15.0,0.29,25.0,0.3,15.0,0.1,0.1,43.322167,1776198771000
1776198773.111,173.111,0.71,25.0,0.7,15.0,0.81,7.59,0.82,15.0,0.19,7.59,0.18,15.0,0.29,25.0,0.3,15.0,0.1,0.1,43.322167,1776198772000
1776198774.38,174.38,0.71,25.0,0.7,15.0,0.81,7.59,0.82,15.0,0.19,7.59,0.18,15.0,0.29,25.0,0.3,15.0,0.1,0.1,43.322132,1776198773000
1776198775.097,175.097,0.71,25.0,0.7,15.0,0.81,7.59,0.82,15.0,0.19,7.59,0.18,15.0,0.29,25.0,0.3,15.0,0.1,0.1,43.321711,1776198774000
1776198776.622,176.622,0.71,25.0,0.7,15.0,0.81,7.59,0.82,15.0,0.19,7.59,0.18,15.0,0.29,25.0,0.3,15.0,0.1,0.1,43.318893,1776198775000
1776198777.051,177.051,0.71,25.0,0.7,15.0,0.81,7.59,0.82,15.0,0.19,7.59,0.18,15.0,0.29,25.0,0.3,15.0,0.1,0.1,43.318893,1776198776000
1776198778.161,178.161,0.71,25.0,0.7,15.0,0.81,7.59,0.82,15.0,0.19,7.59,0.18,15.0,0.29,25.0,0.3,15.0,0.1,0.1,43.317025,1776198777000
1776198779.181,179.181,0.71,25.0,0.7,15.0,0.81,7.59,0.82,15.0,0.19,7.59,0.18,15.0,0.29,25.0,0.3,15.0,0.1,0.1,43.316492,1776198778000
1776198780.239,180.239,0.71,25.0,0.7,15.0,0.81,7.59,0.82,15.0,0.19,7.59,0.18,15.0,0.29,25.0,0.3,15.0,0.1,0.1,43.31561,1776198779000
1776198781.253,181.253,0.71,25.0,0.7,15.0,0.81,7.59,0.82,15.0,0.19,7.59,0.18,15.0,0.29,25.0,0.3,15.0,0.1,0.1,43.315282,1776198780000
1776198782.298,182.298,0.71,25.0,0.7,15.0,0.81,7.59,0.82,15.0,0.19,7.59,0.18,15.0,0.29,25.0,0.3,15.0,0.1,0.1,43.315282,1776198781000
1776198783.346,183.346,0.71,25.0,0.7,15.0,0.81,7.59,0.82,15.0,0.19,7.59,0.18,15.0,0.29,25.0,0.3,15.0,0.1,0.1,43.315282,1776198782000
1776198784.291,184.291,0.71,25.0,0.7,15.0,0.81,7.59,0.82,15.0,0.19,7.59,0.18,15.0,0.29,25.0,0.3,15.0,0.1,0.1,43.315289,1776198783000
1776198785.344,185.344,0.71,25.0,0.7,15.0,0.81,7.59,0.82,15.0,0.19,7.59,0.18,15.0,0.29,25.0,0.3,15.0,0.1,0.1,43.315276,1776198784000
1776198786.409,186.409,0.71,25.0,0.7,15.0,0.81,7.59,0.82,15.0,0.19,7.59,0.18,15.0,0.29,25.0,0.3,15.0,0.1,0.1,43.315276,1776198785000
1776198786.928,186.928,0.71,25.0,0.7,15.0,0.81,7.59,0.82,15.0,0.19,7.59,0.18,15.0,0.29,25.0,0.3,15.0,0.1,0.1,43.315276,1776198786000
1776198787.91,187.91,0.71,25.0,0.7,15.0,0.81,7.59,0.82,15.0,0.19,7.59,0.18,15.0,0.29,25.0,0.3,15.0,0.1,0.1,43.315276,1776198787000
1776198788.891,188.891,0.71,25.0,0.7,15.0,0.81,7.59,0.82,15.0,0.19,7.59,0.18,15.0,0.29,25.0,0.3,15.0,0.1,0.1,43.315487,1776198788000
1776198790.043,190.043,0.71,25.0,0.7,15.0,0.81,7.59,0.82,15.0,0.19,7.59,0.18,15.0,0.29,25.0,0.3,15.0,0.1,0.1,43.316081,1776198789000
1776198791.393,191.393,0.71,25.0,0.7,15.0,0.81,7.59,0.82,15.0,0.19,7.59,0.18,15.0,0.29,25.0,0.3,15.0,0.1,0.1,43.315826,1776198790000
1776198792.044,192.044,0.71,25.0,0.7,15.0,0.81,7.59,0.82,15.0,0.19,7.59,0.18,15.0,0.29,25.0,0.3,15.0,0.1,0.1,43.315932,1776198791000
1776198793.197,193.197,0.71,25.0,0.7,15.0,0.81,7.59,0.82,15.0,0.19,7.59,0.18,15.0,0.29,25.0,0.3,15.0,0.1,0.1,43.315906,1776198792000
1776198794.273,194.273,0.71,25.0,0.7,15.0,0.81,7.59,0.82,15.0,0.19,7.59,0.18,15.0,0.29,25.0,0.3,15.0,0.1,0.1,43.3159,1776198793000
1776198794.811,194.811,0.78,15.0,0.77,25.0,0.94,26.87,0.95,15.0,0.19,7.59,0.18,15.0,0.29,25.0,0.3,15.0,0.16,0.1,43.3159,1776198793000
1776198795.365,195.365,0.78,15.0,0.77,25.0,0.94,26.87,0.95,15.0,0.06,26.87,0.05,15.0,0.22,15.0,0.23,25.0,0.16,0.16,43.3159,1776198794000
1776198795.919,195.919,0.78,15.0,0.77,25.0,0.94,26.87,0.95,15.0,0.06,26.87,0.05,15.0,0.22,15.0,0.23,25.0,0.16,0.16,43.315893,1776198795000
1776198797.095,197.095,0.78,15.0,0.77,25.0,0.94,26.87,0.95,15.0,0.06,26.87,0.05,15.0,0.22,15.0,0.23,25.0,0.16,0.16,43.316106,1776198796000
1776198798.266,198.266,0.78,15.0,0.77,25.0,0.94,26.87,0.95,15.0,0.06,26.87,0.05,15.0,0.22,15.0,0.23,25.0,0.16,0.16,43.318563,1776198797000
1776198799.553,199.553,0.78,15.0,0.77,25.0,0.94,26.87,0.95,15.0,0.06,26.87,0.05,15.0,0.22,15.0,0.23,25.0,0.16,0.16,43.320857,1776198798000
1776198800.079,200.079,0.78,15.0,0.77,25.0,0.94,26.87,0.95,15.0,0.06,26.87,0.05,15.0,0.22,15.0,0.23,25.0,0.16,0.16,43.321125,1776198799000
1776198801.269,201.269,0.78,15.0,0.77,25.0,0.94,26.87,0.95,15.0,0.06,26.87,0.05,15.0,0.22,15.0,0.23,25.0,0.16,0.16,43.32116,1776198800000
1776198802.342,202.342,0.78,15.0,0.77,25.0,0.94,26.87,0.95,15.0,0.06,26.87,0.05,15.0,0.22,15.0,0.23,25.0,0.16,0.16,43.321962,1776198801000
1776198802.875,202.875,0.83,15.0,0.82,15.0,0.89,12.75,0.9,15.0,0.06,26.87,0.05,15.0,0.22,15.0,0.23,25.0,0.06,0.16,43.321962,1776198801000
1776198804.298,204.298,0.83,15.0,0.82,15.0,0.89,12.75,0.9,15.0,0.11,12.75,0.1,15.0,0.17,15.0,0.18,15.0,0.06,0.06,43.318469,1776198803000
1776198805.432,205.432,0.83,15.0,0.82,15.0,0.89,12.75,0.9,15.0,0.11,12.75,0.1,15.0,0.17,15.0,0.18,15.0,0.06,0.06,43.318623,1776198804000
1776198805.913,205.913,0.83,15.0,0.82,15.0,0.89,12.75,0.9,15.0,0.11,12.75,0.1,15.0,0.17,15.0,0.18,15.0,0.06,0.06,43.318622,1776198805000
1776198806.884,206.884,0.83,15.0,0.82,15.0,0.89,12.75,0.9,15.0,0.11,12.75,0.1,15.0,0.17,15.0,0.18,15.0,0.06,0.06,43.318089,1776198806000
1776198807.938,207.938,0.83,15.0,0.82,15.0,0.89,12.75,0.9,15.0,0.11,12.75,0.1,15.0,0.17,15.0,0.18,15.0,0.06,0.06,43.318016,1776198807000
1776198808.95,208.95,0.83,15.0,0.82,15.0,0.89,12.75,0.9,15.0,0.11,12.75,0.1,15.0,0.17,15.0,0.18,15.0,0.06,0.06,43.316668,1776198808000
1776198810.033,210.033,0.83,15.0,0.82,15.0,0.89,12.75,0.9,15.0,0.11,12.75,0.1,15.0,0.17,15.0,0.18,15.0,0.06,0.06,43.316532,1776198809000
1776198810.95,210.95,0.83,15.0,0.82,15.0,0.89,12.75,0.9,15.0,0.11,12.75,0.1,15.0,0.17,15.0,0.18,15.0,0.06,0.06,43.316181,1776198810000
1776198812.044,212.044,0.83,15.0,0.82,15.0,0.89,12.75,0.9,15.0,0.11,12.75,0.1,15.0,0.17,15.0,0.18,15.0,0.06,0.06,43.315897,1776198811000
1776198813.047,213.047,0.83,15.0,0.82,15.0,0.89,12.75,0.9,15.0,0.11,12.75,0.1,15.0,0.17,15.0,0.18,15.0,0.06,0.06,43.315897,1776198812000
1776198814.103,214.103,0.83,15.0,0.82,15.0,0.89,12.75,0.9,15.0,0.11,12.75,0.1,15.0,0.17,15.0,0.18,15.0,0.06,0.06,43.315892,1776198813000
1776198815.272,215.272,0.83,15.0,0.82,15.0,0.89,12.75,0.9,15.0,0.11,12.75,0.1,15.0,0.17,15.0,0.18,15.0,0.06,0.06,43.315976,1776198814000
1776198816.278,216.278,0.83,15.0,0.82,15.0,0.89,12.75,0.9,15.0,0.11,12.75,0.1,15.0,0.17,15.0,0.18,15.0,0.06,0.06,43.318547,1776198815000
1776198817.257,217.257,0.83,15.0,0.82,15.0,0.89,12.75,0.9,15.0,0.11,12.75,0.1,15.0,0.17,15.0,0.18,15.0,0.06,0.06,43.319419,1776198816000
1776198818.422,218.422,0.88,15.0,0.87,15.0,0.93,12.84,0.94,10.21,0.11,12.75,0.1,15.0,0.17,15.0,0.18,15.0,0.05,0.06,43.319419,1776198816000
1776198818.979,218.979,0.88,15.0,0.87,15.0,0.93,12.84,0.94,10.21,0.07,12.84,0.06,10.21,0.12,15.0,0.13,15.0,0.05,0.05,43.31941,1776198817000
1776198819.544,219.544,0.88,15.0,0.87,15.0,0.93,12.84,0.94,10.21,0.07,12.84,0.06,10.21,0.12,15.0,0.13,15.0,0.05,0.05,43.31994,1776198818000
1776198820.077,220.077,0.88,15.0,0.87,15.0,0.93,12.84,0.94,10.21,0.07,12.84,0.06,10.21,0.12,15.0,0.13,15.0,0.05,0.05,43.319861,1776198819000
1776198821.185,221.185,0.88,15.0,0.87,15.0,0.93,12.84,0.94,10.21,0.07,12.84,0.06,10.21,0.12,15.0,0.13,15.0,0.05,0.05,43.319594,1776198820000
1776198821.705,221.705,0.9,15.0,0.89,15.0,0.91,26.15,0.95,15.0,0.09,32.75,0.05,15.0,0.1,15.0,0.11,15.0,0.01,0.01,43.319594,1776198820000
1776198822.225,222.225,0.9,15.0,0.89,15.0,0.91,19.55,0.95,15.0,0.09,26.15,0.05,15.0,0.1,15.0,0.11,15.0,0.01,0.01,43.319594,1776198820000
1776198823.202,223.202,0.9,15.0,0.89,15.0,0.91,19.55,0.95,15.0,0.09,19.55,0.05,15.0,0.1,15.0,0.11,15.0,0.01,0.01,43.31964,1776198822000
1776198823.436,223.436,0.9,26.0,0.89,15.0,0.95,15.0,0.96,20.0,0.09,19.55,0.05,15.0,0.1,15.0,0.11,15.0,0.05,0.01,43.31964,1776198822000
1776198825.205,225.205,0.9,26.0,0.89,15.0,0.95,15.0,0.96,20.0,0.05,15.0,0.04,20.0,0.1,26.0,0.11,15.0,0.05,0.05,43.31937,1776198824000
1776198826.332,226.332,0.9,26.0,0.89,15.0,0.95,15.0,0.96,20.0,0.05,15.0,0.04,20.0,0.1,26.0,0.11,15.0,0.05,0.05,43.319851,1776198825000
1776198827.08,227.08,0.9,26.0,0.89,15.0,0.95,15.0,0.96,20.0,0.05,15.0,0.04,20.0,0.1,26.0,0.11,15.0,0.05,0.05,43.319715,1776198826000
1776198827.715,227.715,0.9,15.0,0.89,15.0,0.94,8.61,0.95,15.0,0.05,15.0,0.04,20.0,0.1,26.0,0.11,15.0,0.04,0.05,43.319715,1776198826000
1776198828.063,228.063,0.9,15.0,0.89,15.0,0.94,8.61,0.95,15.0,0.06,8.61,0.05,15.0,0.1,15.0,0.11,15.0,0.04,0.04,43.31975,1776198827000
1776198829.462,229.462,0.9,15.0,0.89,15.0,0.94,8.61,0.95,15.0,0.06,8.61,0.05,15.0,0.1,15.0,0.11,15.0,0.04,0.04,43.319629,1776198828000
1776198830.023,230.023,0.9,15.0,0.89,15.0,0.94,8.61,0.95,15.0,0.06,8.61,0.05,15.0,0.1,15.0,0.11,15.0,0.04,0.04,43.319628,1776198829000
1776198831.16,231.16,0.9,15.0,0.89,15.0,0.94,8.61,0.95,15.0,0.06,8.61,0.05,15.0,0.1,15.0,0.11,15.0,0.04,0.04,43.323976,1776198830000
1776198832.39,232.39,0.9,15.0,0.89,15.0,0.94,8.61,0.95,15.0,0.06,8.61,0.05,15.0,0.1,15.0,0.11,15.0,0.04,0.04,43.323981,1776198831000
1776198832.912,232.912,0.9,15.0,0.89,15.0,0.94,8.61,0.95,15.0,0.06,8.61,0.05,15.0,0.1,15.0,0.11,15.0,0.04,0.04,43.323983,1776198832000
1776198833.943,233.943,0.9,15.0,0.89,15.0,0.94,8.61,0.95,15.0,0.06,8.61,0.05,15.0,0.1,15.0,0.11,15.0,0.04,0.04,43.324119,1776198833000
1776198835.185,235.185,0.92,15.0,0.91,15.0,0.96,13.75,0.97,15.0,0.06,8.61,0.05,15.0,0.1,15.0,0.11,15.0,0.04,0.04,43.324119,1776198833000
1776198835.46,235.46,0.92,15.0,0.91,15.0,0.96,7.5,0.97,15.0,0.04,13.75,0.03,15.0,0.08,15.0,0.09,15.0,0.04,0.04,43.324119,1776198833000
1776198835.787,235.787,0.92,15.0,0.91,15.0,0.96,7.5,0.97,15.0,0.04,7.5,0.03,15.0,0.08,15.0,0.09,15.0,0.04,0.04,43.324355,1776198834000
1776198836.827,236.827,0.92,15.0,0.91,15.0,0.96,7.5,0.97,15.0,0.04,7.5,0.03,15.0,0.08,15.0,0.09,15.0,0.04,0.04,43.324355,1776198835000
1776198837.225,237.225,0.92,15.0,0.91,15.0,0.98,17.5,0.99,190.0,0.04,7.5,0.03,15.0,0.08,15.0,0.09,15.0,0.06,0.04,43.324355,1776198835000
1776198837.53,237.53,0.92,15.0,0.91,15.0,0.98,17.5,0.99,190.0,0.02,17.5,0.01,190.0,0.08,15.0,0.09,15.0,0.06,0.06,43.324357,1776198836000
1776198838.188,238.188,0.92,15.0,0.91,15.0,0.98,17.5,0.99,190.0,0.02,17.5,0.01,190.0,0.08,15.0,0.09,15.0,0.06,0.06,43.324629,1776198837000
1776198839.465,239.465,0.92,15.0,0.91,15.0,0.98,17.5,0.99,190.0,0.02,17.5,0.01,190.0,0.08,15.0,0.09,15.0,0.06,0.06,43.324631,1776198838000
1776198840.156,240.156,0.92,15.0,0.91,15.0,0.98,17.5,0.99,190.0,0.02,17.5,0.01,190.0,0.08,15.0,0.09,15.0,0.06,0.06,43.324631,1776198839000
1776198841.038,241.038,0.93,15.0,0.92,15.0,0.96,13.95,0.97,15.0,0.02,17.5,0.01,190.0,0.08,15.0,0.09,15.0,0.03,0.06,43.324631,1776198839000
1776198841.582,241.582,0.93,15.0,0.92,15.0,0.96,13.95,0.97,15.0,0.04,13.95,0.03,15.0,0.07,15.0,0.08,15.0,0.03,0.03,43.32483,1776198840000
1776198842.252,242.252,0.93,15.0,0.92,15.0,0.96,13.95,0.97,15.0,0.04,13.95,0.03,15.0,0.07,15.0,0.08,15.0,0.03,0.03,43.325367,1776198841000
1776198843.472,243.472,0.93,15.0,0.92,15.0,0.96,13.95,0.97,15.0,0.04,13.95,0.03,15.0,0.07,15.0,0.08,15.0,0.03,0.03,43.325579,1776198842000
1776198844.204,244.204,0.93,15.0,0.92,15.0,0.96,13.95,0.97,15.0,0.04,13.95,0.03,15.0,0.07,15.0,0.08,15.0,0.03,0.03,43.327387,1776198843000
1776198845.191,245.191,0.96,15.0,0.95,15.0,0.98,12.5,0.99,90.0,0.04,13.95,0.03,15.0,0.07,15.0,0.08,15.0,0.02,0.03,43.327387,1776198843000
1776198845.52,245.52,0.96,15.0,0.95,15.0,0.98,12.5,0.99,90.0,0.02,12.5,0.01,90.0,0.04,15.0,0.05,15.0,0.02,0.02,43.327663,1776198844000
1776198846.225,246.225,0.96,15.0,0.95,15.0,0.98,12.5,0.99,90.0,0.02,12.5,0.01,90.0,0.04,15.0,0.05,15.0,0.02,0.02,43.328737,1776198845000
1776198847.469,247.469,0.96,15.0,0.95,15.0,0.98,12.5,0.99,90.0,0.02,12.5,0.01,90.0,0.04,15.0,0.05,15.0,0.02,0.02,43.329803,1776198846000
1776198848.1,248.1,0.96,15.0,0.95,15.0,0.98,12.5,0.99,90.0,0.02,12.5,0.01,90.0,0.04,15.0,0.05,15.0,0.02,0.02,43.329803,1776198847000
1776198848.857,248.857,0.96,20.0,0.95,15.0,0.98,6.37,0.99,90.0,0.02,12.5,0.01,90.0,0.04,15.0,0.05,15.0,0.02,0.02,43.329803,1776198847000
1776198849.233,249.233,0.96,20.0,0.95,15.0,0.98,0.24,0.99,90.0,0.02,6.37,0.01,90.0,0.04,20.0,0.05,15.0,0.02,0.02,43.329803,1776198847000
1776198850.008,250.008,0.96,20.0,0.95,15.0,0.98,0.24,0.99,90.0,0.02,0.24,0.01,90.0,0.04,20.0,0.05,15.0,0.02,0.02,43.329868,1776198849000
1776198851.154,251.154,0.96,20.0,0.95,15.0,0.98,0.24,0.99,90.0,0.02,0.24,0.01,90.0,0.04,20.0,0.05,15.0,0.02,0.02,43.32986,1776198850000
1776198852.899,252.899,0.96,20.0,0.95,15.0,0.98,0.24,0.99,90.0,0.02,0.24,0.01,90.0,0.04,20.0,0.05,15.0,0.02,0.02,43.332924,1776198851000
1776198853.608,253.608,0.96,20.0,0.95,15.0,0.98,0.24,0.99,90.0,0.02,0.24,0.01,90.0,0.04,20.0,0.05,15.0,0.02,0.02,43.334697,1776198852000
1776198854.077,254.077,0.96,20.0,0.95,15.0,0.98,0.24,0.99,90.0,0.02,0.24,0.01,90.0,0.04,20.0,0.05,15.0,0.02,0.02,43.335374,1776198853000
1776198855.349,255.349,0.96,20.0,0.95,15.0,0.98,0.24,0.99,90.0,0.02,0.24,0.01,90.0,0.04,20.0,0.05,15.0,0.02,0.02,43.334789,1776198854000
1776198856.038,256.038,0.96,20.0,0.95,15.0,0.98,0.24,0.99,90.0,0.02,0.24,0.01,90.0,0.04,20.0,0.05,15.0,0.02,0.02,43.332826,1776198855000
1776198857.082,257.082,0.96,20.0,0.95,15.0,0.98,0.24,0.99,90.0,0.02,0.24,0.01,90.0,0.04,20.0,0.05,15.0,0.02,0.02,43.332834,1776198856000
1776198858.308,258.308,0.96,20.0,0.95,15.0,0.98,0.24,0.99,90.0,0.02,0.24,0.01,90.0,0.04,20.0,0.05,15.0,0.02,0.02,43.332834,1776198857000
1776198858.832,258.832,0.96,20.0,0.95,15.0,0.98,0.24,0.99,90.0,0.02,0.24,0.01,90.0,0.04,20.0,0.05,15.0,0.02,0.02,43.332834,1776198858000
1776198859.843,259.843,0.96,20.0,0.95,15.0,0.98,0.24,0.99,90.0,0.02,0.24,0.01,90.0,0.04,20.0,0.05,15.0,0.02,0.02,43.332799,1776198859000
1776198860.981,260.981,0.96,20.0,0.95,15.0,0.98,0.24,0.99,90.0,0.02,0.24,0.01,90.0,0.04,20.0,0.05,15.0,0.02,0.02,43.332799,1776198860000
1776198862.094,262.094,0.96,20.0,0.95,15.0,0.98,0.24,0.99,90.0,0.02,0.24,0.01,90.0,0.04,20.0,0.05,15.0,0.02,0.02,43.332951,1776198861000
1776198862.619,262.619,0.98,34.0,0.97,20.0,0.99,78.0,,,0.02,0.24,0.01,90.0,0.04,20.0,0.05,15.0,0.01,0.02,43.332951,1776198861000
1776198863.197,263.197,0.98,34.0,0.97,20.0,0.99,69.13,,,0.01,78.0,,,0.02,34.0,0.03,20.0,0.01,0.01,43.332951,1776198861000
1776198863.999,263.999,0.98,39.0,0.97,20.0,0.99,49.83,,,0.01,69.13,,,0.02,34.0,0.03,20.0,0.01,0.01,43.332951,1776198862000
1776198865.018,265.018,0.98,39.0,0.97,20.0,0.99,49.83,,,0.01,49.83,,,0.02,39.0,0.03,20.0,0.01,0.01,43.333021,1776198864000
1776198865.287,265.287,0.98,39.0,0.97,20.0,0.99,24.73,,,0.01,29.78,,,0.02,39.0,0.03,20.0,0.01,0.01,43.333021,1776198864000
1776198866.135,266.135,0.98,39.0,0.97,20.0,0.99,24.73,,,0.01,24.73,,,0.02,39.0,0.03,20.0,0.01,0.01,43.331866,1776198865000
1776198866.541,266.541,0.98,39.0,0.97,20.0,0.99,12.73,,,0.01,24.73,,,0.02,39.0,0.03,20.0,0.01,0.01,43.331866,1776198865000
1776198867.883,267.883,0.98,39.0,0.97,20.0,0.99,1.73,,,0.01,1.73,,,0.02,39.0,0.03,20.0,0.01,0.01,43.331869,1776198866000
1776198868.681,268.681,0.98,39.0,0.97,20.0,0.99,1.73,,,0.01,1.73,,,0.02,39.0,0.03,20.0,0.01,0.01,43.331869,1776198867000
1776198869.467,269.467,0.98,39.0,0.97,20.0,0.99,1.73,,,0.01,1.73,,,0.02,39.0,0.03,20.0,0.01,0.01,43.331862,1776198868000
1776198870.149,270.149,0.98,39.0,0.97,20.0,0.99,1.73,,,0.01,1.73,,,0.02,39.0,0.03,20.0,0.01,0.01,43.331896,1776198869000
1776198871.622,271.622,0.99,13.42,0.98,39.0,,,,,,,,,0.01,13.42,0.02,39.0,,,43.333084,1776198870000
1776198872.421,272.421,0.99,13.42,0.98,39.0,,,,,,,,,0.01,13.42,0.02,39.0,,,43.333084,1776198871000
1776198873.063,273.063,0.99,13.42,0.98,39.0,,,,,,,,,0.01,13.42,0.02,39.0,,,43.333084,1776198872000
1776198874.364,274.364,0.99,13.42,0.98,39.0,,,,,,,,,0.01,13.42,0.02,39.0,,,43.333091,1776198873000
1776198875.53,275.53,0.99,13.42,0.98,39.0,,,,,,,,,0.01,13.42,0.02,39.0,,,43.333091,1776198874000
1776198876.398,276.398,0.99,13.42,0.98,39.0,,,,,,,,,0.01,13.42,0.02,39.0,,,43.333091,1776198875000
1776198876.94,276.94,0.99,13.42,0.98,39.0,,,,,,,,,0.01,13.42,0.02,39.0,,,43.333089,1776198876000
1776198878.723,278.723,0.99,13.42,0.98,39.0,,,,,,,,,0.01,13.42,0.02,39.0,,,43.333077,1776198877000
1776198879.77,279.77,0.99,13.42,0.98,39.0,,,,,,,,,0.01,13.42,0.02,39.0,,,43.333077,1776198878000
1776198880.735,280.735,0.99,13.42,0.98,39.0,,,,,,,,,0.01,13.42,0.02,39.0,,,43.333358,1776198879000
1776198881.496,281.496,0.99,13.42,0.98,39.0,,,,,,,,,0.01,13.42,0.02,39.0,,,43.333358,1776198880000
1776198882.259,282.259,0.99,13.42,0.98,39.0,,,,,,,,,0.01,13.42,0.02,39.0,,,43.334963,1776198881000
1776198884.027,284.027,0.99,13.42,0.98,39.0,,,,,,,,,0.01,13.42,0.02,39.0,,,43.336304,1776198882000
1776198884.913,284.913,0.99,13.42,0.98,39.0,,,,,,,,,0.01,13.42,0.02,39.0,,,43.334975,1776198883000
1776198885.703,285.703,0.99,13.42,0.98,39.0,,,,,,,,,0.01,13.42,0.02,39.0,,,43.335252,1776198884000
1776198886.431,286.431,0.99,13.42,0.98,39.0,,,,,,,,,0.01,13.42,0.02,39.0,,,43.335252,1776198885000
1776198887.53,287.53,0.99,13.42,0.98,39.0,,,,,,,,,0.01,13.42,0.02,39.0,,,43.33552,1776198886000
1776198888.17,288.17,0.99,13.42,0.98,39.0,,,,,,,,,0.01,13.42,0.02,39.0,,,43.33552,1776198887000
1776198889.165,289.165,0.99,13.42,0.98,39.0,,,,,,,,,0.01,13.42,0.02,39.0,,,43.336061,1776198888000
1776198890.19,290.19,0.99,13.42,0.98,39.0,,,,,,,,,0.01,13.42,0.02,39.0,,,43.336011,1776198889000
1776198891.208,291.208,0.99,13.42,0.98,39.0,,,,,,,,,0.01,13.42,0.02,39.0,,,43.336011,1776198890000
1776198892.257,292.257,0.99,13.42,0.98,39.0,,,,,,,,,0.01,13.42,0.02,39.0,,,43.331437,1776198891000
1776198893.337,293.337,0.99,13.42,0.98,39.0,,,,,,,,,0.01,13.42,0.02,39.0,,,43.321544,1776198892000
1776198894.288,294.288,0.99,13.42,0.98,39.0,,,,,,,,,0.01,13.42,0.02,39.0,,,43.321357,1776198893000
1776198895.352,295.352,0.99,13.42,0.98,39.0,,,,,,,,,0.01,13.42,0.02,39.0,,,43.310969,1776198894000
1776198896.342,296.342,0.99,13.42,0.98,39.0,,,,,,,,,0.01,13.42,0.02,39.0,,,43.297222,1776198895000
1776198897.357,297.357,0.99,13.42,0.98,39.0,,,,,,,,,0.01,13.42,0.02,39.0,,,43.294954,1776198896000
1776198897.621,297.621,0.98,19.0,0.04,5.0,,,,,,,,,0.01,13.42,0.02,39.0,,,43.294954,1776198896000
1776198897.943,297.943,0.98,19.0,0.04,5.0,,,,,,,,,0.02,19.0,0.96,5.0,,,43.294418,1776198897000
1776198898.928,298.928,0.71,10.0,0.11,11.0,,,,,,,,,0.29,10.0,0.89,11.0,,,43.293437,1776198898000
1776198900.023,300.023,0.71,5.55,0.61,6.0,,,,,,,,,0.29,5.55,0.39,6.0,,,43.286618,1776198899000

# RESULT,winner=Up,slug=hype-updown-5m-1776198600,ticks=308
