timestamp,elapsed_sec,up_bid_p1,up_bid_s1,up_bid_p2,up_bid_s2,up_ask_p1,up_ask_s1,up_ask_p2,up_ask_s2,down_bid_p1,down_bid_s1,down_bid_p2,down_bid_s2,down_ask_p1,down_ask_s1,down_ask_p2,down_ask_s2,up_spread,down_spread,hype_price,hype_oracle_ts
1776271200.511,0.511,0.41,37.0,0.4,33.0,0.59,37.0,0.6,33.0,0.47,21.0,0.46,64.0,0.53,21.0,0.54,64.0,0.18,0.06,44.655631,1776271199000
1776271201.263,1.263,0.41,37.0,0.4,33.0,0.59,37.0,0.6,33.0,0.41,37.0,0.4,33.0,0.59,37.0,0.6,33.0,0.18,0.18,44.655305,1776271200000
1776271202.514,2.514,0.41,37.0,0.4,33.0,0.59,37.0,0.6,33.0,0.41,37.0,0.4,33.0,0.59,37.0,0.6,33.0,0.18,0.18,44.645773,1776271201000
1776271203.101,3.101,0.41,37.0,0.4,33.0,0.59,37.0,0.6,33.0,0.41,37.0,0.4,33.0,0.59,37.0,0.6,33.0,0.18,0.18,44.643529,1776271202000
1776271204.173,4.173,0.41,37.0,0.4,33.0,0.59,37.0,0.6,33.0,0.41,37.0,0.4,33.0,0.59,37.0,0.6,33.0,0.18,0.18,44.643425,1776271203000
1776271205.445,5.445,0.41,37.0,0.4,33.0,0.59,37.0,0.6,33.0,0.41,37.0,0.4,33.0,0.59,37.0,0.6,33.0,0.18,0.18,44.643422,1776271204000
1776271206.429,6.429,0.41,37.0,0.4,33.0,0.59,37.0,0.6,33.0,0.41,37.0,0.4,33.0,0.59,37.0,0.6,33.0,0.18,0.18,44.643631,1776271205000
1776271206.986,6.986,0.31,50.0,0.3,5.0,0.35,5.0,0.36,5.0,0.65,5.0,0.64,5.0,0.69,50.0,0.7,5.0,0.04,0.04,44.643682,1776271206000
1776271208.041,8.041,0.31,50.0,0.3,5.0,0.35,5.0,0.36,5.0,0.65,5.0,0.64,5.0,0.69,50.0,0.7,5.0,0.04,0.04,44.643682,1776271207000
1776271209.676,9.676,0.31,5.0,0.3,5.0,0.33,5.0,0.34,5.0,0.67,5.0,0.66,5.0,0.69,5.0,0.7,5.0,0.02,0.02,44.634097,1776271208000
1776271210.062,10.062,0.31,5.0,0.3,5.0,0.33,5.0,0.34,5.0,0.67,5.0,0.66,5.0,0.69,5.0,0.7,5.0,0.02,0.02,44.632789,1776271209000
1776271211.08,11.08,0.31,5.0,0.3,5.0,0.33,5.0,0.34,5.0,0.67,5.0,0.66,5.0,0.69,5.0,0.7,5.0,0.02,0.02,44.628565,1776271210000
1776271212.171,12.171,0.31,5.0,0.3,5.0,0.33,5.0,0.34,5.0,0.67,5.0,0.66,5.0,0.69,5.0,0.7,5.0,0.02,0.02,44.631483,1776271211000
1776271213.138,13.138,0.31,5.0,0.3,5.0,0.33,5.0,0.34,5.0,0.67,5.0,0.66,5.0,0.69,5.0,0.7,5.0,0.02,0.02,44.633908,1776271212000
1776271214.142,14.142,0.31,5.0,0.3,5.0,0.33,5.0,0.34,5.0,0.67,5.0,0.66,5.0,0.69,5.0,0.7,5.0,0.02,0.02,44.63418,1776271213000
1776271214.412,14.412,0.41,5.0,0.4,5.0,0.43,5.0,0.44,5.0,0.67,5.0,0.66,5.0,0.69,5.0,0.7,5.0,0.02,0.02,44.63418,1776271213000
1776271215.175,15.175,0.41,5.0,0.4,5.0,0.43,5.0,0.44,5.0,0.57,5.0,0.56,5.0,0.59,5.0,0.6,5.0,0.02,0.02,44.633913,1776271214000
1776271216.279,16.279,0.41,5.0,0.4,5.0,0.43,5.0,0.44,5.0,0.57,5.0,0.56,5.0,0.59,5.0,0.6,5.0,0.02,0.02,44.633862,1776271215000
1776271217.261,17.261,0.41,5.0,0.4,5.0,0.43,5.0,0.44,5.0,0.57,5.0,0.56,5.0,0.59,5.0,0.6,5.0,0.02,0.02,44.633899,1776271216000
1776271218.244,18.244,0.41,5.0,0.4,5.0,0.43,5.0,0.44,5.0,0.57,5.0,0.56,5.0,0.59,5.0,0.6,5.0,0.02,0.02,44.633437,1776271217000
1776271219.372,19.372,0.41,5.0,0.4,5.0,0.43,5.0,0.44,5.0,0.57,5.0,0.56,5.0,0.59,5.0,0.6,5.0,0.02,0.02,44.631741,1776271218000
1776271220.38,20.38,0.41,5.0,0.4,5.0,0.43,5.0,0.44,5.0,0.57,5.0,0.56,5.0,0.59,5.0,0.6,5.0,0.02,0.02,44.631829,1776271219000
1776271221.327,21.327,0.41,5.0,0.4,5.0,0.43,5.0,0.44,5.0,0.57,5.0,0.56,5.0,0.59,5.0,0.6,5.0,0.02,0.02,44.632579,1776271220000
1776271222.689,22.689,0.41,5.0,0.4,5.0,0.43,5.0,0.44,5.0,0.57,5.0,0.56,5.0,0.59,5.0,0.6,5.0,0.02,0.02,44.630066,1776271221000
1776271223.232,23.232,0.41,5.0,0.4,5.0,0.43,5.0,0.44,5.0,0.57,5.0,0.56,5.0,0.59,5.0,0.6,5.0,0.02,0.02,44.630066,1776271222000
1776271224.208,24.208,0.41,5.0,0.4,5.0,0.43,5.0,0.44,5.0,0.57,5.0,0.56,5.0,0.59,5.0,0.6,5.0,0.02,0.02,44.629811,1776271223000
1776271225.193,25.193,0.41,5.0,0.4,5.0,0.43,5.0,0.44,5.0,0.57,5.0,0.56,5.0,0.59,5.0,0.6,5.0,0.02,0.02,44.637167,1776271224000
1776271226.189,26.189,0.41,5.0,0.4,5.0,0.43,5.0,0.44,5.0,0.57,5.0,0.56,5.0,0.59,5.0,0.6,5.0,0.02,0.02,44.638371,1776271225000
1776271227.137,27.137,0.41,5.0,0.4,5.0,0.43,5.0,0.44,5.0,0.57,5.0,0.56,5.0,0.59,5.0,0.6,5.0,0.02,0.02,44.638056,1776271226000
1776271228.252,28.252,0.41,5.0,0.4,5.0,0.43,5.0,0.44,5.0,0.57,5.0,0.56,5.0,0.59,5.0,0.6,5.0,0.02,0.02,44.637251,1776271227000
1776271229.272,29.272,0.41,5.0,0.4,5.0,0.43,5.0,0.44,5.0,0.57,5.0,0.56,5.0,0.59,5.0,0.6,5.0,0.02,0.02,44.629676,1776271228000
1776271230.188,30.188,0.41,5.0,0.4,5.0,0.43,5.0,0.44,5.0,0.57,5.0,0.56,5.0,0.59,5.0,0.6,5.0,0.02,0.02,44.630358,1776271229000
1776271231.291,31.291,0.41,5.0,0.4,5.0,0.43,5.0,0.44,5.0,0.57,5.0,0.56,5.0,0.59,5.0,0.6,5.0,0.02,0.02,44.631368,1776271230000
1776271232.209,32.209,0.41,5.0,0.4,5.0,0.43,5.0,0.44,5.0,0.57,5.0,0.56,5.0,0.59,5.0,0.6,5.0,0.02,0.02,44.631057,1776271231000
1776271233.069,33.069,0.41,5.0,0.4,5.0,0.43,5.0,0.44,5.0,0.57,5.0,0.56,5.0,0.59,5.0,0.6,5.0,0.02,0.02,44.635634,1776271232000
1776271234.034,34.034,0.41,5.0,0.4,5.0,0.43,5.0,0.44,5.0,0.57,5.0,0.56,5.0,0.59,5.0,0.6,5.0,0.02,0.02,44.636891,1776271233000
1776271235.284,35.284,0.49,3.03,0.48,5.0,0.5,20.0,0.53,5.0,0.57,5.0,0.56,5.0,0.59,5.0,0.6,5.0,0.01,0.02,44.636891,1776271233000
1776271235.5,35.5,0.48,3.03,0.47,5.0,0.5,20.0,0.54,5.0,0.5,20.0,0.47,5.0,0.51,3.03,0.52,5.0,0.02,0.01,44.636891,1776271233000
1776271236.067,36.067,0.48,3.03,0.47,5.0,0.5,20.0,0.54,5.0,0.5,20.0,0.46,5.0,0.52,3.03,0.53,5.0,0.02,0.02,44.639968,1776271235000
1776271237.211,37.211,0.48,3.03,0.47,5.0,0.5,20.0,0.54,5.0,0.5,20.0,0.46,5.0,0.52,3.03,0.53,5.0,0.02,0.02,44.645571,1776271236000
1776271238.611,38.611,0.48,3.03,0.47,5.0,0.5,20.0,0.54,5.0,0.5,20.0,0.46,5.0,0.52,3.03,0.53,5.0,0.02,0.02,44.651175,1776271237000
1776271239.219,39.219,0.48,3.03,0.47,5.0,0.5,20.0,0.54,5.0,0.5,20.0,0.46,5.0,0.52,3.03,0.53,5.0,0.02,0.02,44.651353,1776271238000
1776271240.764,40.764,0.48,3.03,0.47,5.0,0.5,20.0,0.54,5.0,0.5,20.0,0.46,5.0,0.52,3.03,0.53,5.0,0.02,0.02,44.651458,1776271239000
1776271241.719,41.719,0.48,3.03,0.47,5.0,0.5,20.0,0.54,5.0,0.5,20.0,0.46,5.0,0.52,3.03,0.53,5.0,0.02,0.02,44.649625,1776271240000
1776271242.433,42.433,0.48,3.03,0.47,5.0,0.5,20.0,0.54,5.0,0.5,20.0,0.46,5.0,0.52,3.03,0.53,5.0,0.02,0.02,44.649133,1776271241000
1776271243.023,43.023,0.48,3.03,0.47,5.0,0.5,20.0,0.54,5.0,0.5,20.0,0.46,5.0,0.52,3.03,0.53,5.0,0.02,0.02,44.647885,1776271242000
1776271243.648,43.648,0.49,5.0,0.48,5.0,0.5,15.0,0.62,15.0,0.5,20.0,0.46,5.0,0.52,3.03,0.53,5.0,0.01,0.02,44.647885,1776271242000
1776271244.404,44.404,0.49,5.0,0.48,5.0,0.5,15.0,0.62,15.0,0.5,15.0,0.38,15.0,0.51,5.0,0.52,5.0,0.01,0.01,44.649751,1776271243000
1776271244.961,44.961,0.49,5.0,0.48,5.0,0.5,15.0,0.62,15.0,0.5,15.0,0.38,15.0,0.51,5.0,0.52,5.0,0.01,0.01,44.652775,1776271244000
1776271246.388,46.388,0.49,5.0,0.48,5.0,0.5,15.0,0.62,15.0,0.5,15.0,0.38,15.0,0.51,5.0,0.52,5.0,0.01,0.01,44.662277,1776271245000
1776271247.237,47.237,0.49,5.0,0.48,5.0,0.5,15.0,0.62,15.0,0.5,15.0,0.38,15.0,0.51,5.0,0.52,5.0,0.01,0.01,44.662935,1776271246000
1776271248.288,48.288,0.49,5.0,0.48,5.0,0.5,15.0,0.62,15.0,0.5,15.0,0.38,15.0,0.51,5.0,0.52,5.0,0.01,0.01,44.665208,1776271247000
1776271249.544,49.544,0.49,5.0,0.48,5.0,0.5,15.0,0.62,15.0,0.5,15.0,0.38,15.0,0.51,5.0,0.52,5.0,0.01,0.01,44.665125,1776271248000
1776271250.397,50.397,0.49,5.0,0.48,5.0,0.5,15.0,0.62,15.0,0.5,15.0,0.38,15.0,0.51,5.0,0.52,5.0,0.01,0.01,44.661494,1776271249000
1776271251.69,51.69,0.49,5.0,0.48,5.0,0.5,15.0,0.62,15.0,0.5,15.0,0.38,15.0,0.51,5.0,0.52,5.0,0.01,0.01,44.660687,1776271250000
1776271252.269,52.269,0.49,5.0,0.48,5.0,0.5,15.0,0.62,15.0,0.5,15.0,0.38,15.0,0.51,5.0,0.52,5.0,0.01,0.01,44.661202,1776271251000
1776271253.412,53.412,0.49,5.0,0.48,5.0,0.5,15.0,0.62,15.0,0.5,15.0,0.38,15.0,0.51,5.0,0.52,5.0,0.01,0.01,44.661202,1776271252000
1776271254.012,54.012,0.49,5.0,0.48,5.0,0.5,15.0,0.62,15.0,0.5,15.0,0.38,15.0,0.51,5.0,0.52,5.0,0.01,0.01,44.661044,1776271253000
1776271255.013,55.013,0.49,5.0,0.48,5.0,0.5,15.0,0.62,15.0,0.5,15.0,0.38,15.0,0.51,5.0,0.52,5.0,0.01,0.01,44.662506,1776271254000
1776271256.039,56.039,0.49,5.0,0.48,5.0,0.5,15.0,0.62,15.0,0.5,15.0,0.38,15.0,0.51,5.0,0.52,5.0,0.01,0.01,44.661162,1776271255000
1776271257.016,57.016,0.49,5.0,0.48,5.0,0.5,15.0,0.62,15.0,0.5,15.0,0.38,15.0,0.51,5.0,0.52,5.0,0.01,0.01,44.661105,1776271256000
1776271258.076,58.076,0.49,5.0,0.48,5.0,0.5,15.0,0.62,15.0,0.5,15.0,0.38,15.0,0.51,5.0,0.52,5.0,0.01,0.01,44.660636,1776271257000
1776271258.955,58.955,0.49,5.0,0.48,5.0,0.5,15.0,0.62,15.0,0.5,15.0,0.38,15.0,0.51,5.0,0.52,5.0,0.01,0.01,44.660421,1776271258000
1776271260.134,60.134,0.49,5.0,0.48,5.0,0.5,15.0,0.62,15.0,0.5,15.0,0.38,15.0,0.51,5.0,0.52,5.0,0.01,0.01,44.660978,1776271259000
1776271261.098,61.098,0.49,5.0,0.48,5.0,0.5,15.0,0.62,15.0,0.5,15.0,0.38,15.0,0.51,5.0,0.52,5.0,0.01,0.01,44.65529,1776271260000
1776271262.217,62.217,0.49,5.0,0.48,5.0,0.5,15.0,0.62,15.0,0.5,15.0,0.38,15.0,0.51,5.0,0.52,5.0,0.01,0.01,44.654893,1776271261000
1776271263.571,63.571,0.49,5.0,0.48,5.0,0.5,15.0,0.62,15.0,0.5,15.0,0.38,15.0,0.51,5.0,0.52,5.0,0.01,0.01,44.654727,1776271262000
1776271264.286,64.286,0.49,5.0,0.48,5.0,0.5,15.0,0.62,15.0,0.5,15.0,0.38,15.0,0.51,5.0,0.52,5.0,0.01,0.01,44.654701,1776271263000
1776271265.52,65.52,0.49,5.0,0.48,5.0,0.5,15.0,0.62,15.0,0.5,15.0,0.38,15.0,0.51,5.0,0.52,5.0,0.01,0.01,44.652531,1776271264000
1776271266.035,66.035,0.49,5.0,0.48,5.0,0.5,15.0,0.62,15.0,0.5,15.0,0.38,15.0,0.51,5.0,0.52,5.0,0.01,0.01,44.652194,1776271265000
1776271268.111,68.111,0.49,5.0,0.48,5.0,0.5,15.0,0.62,15.0,0.5,15.0,0.38,15.0,0.51,5.0,0.52,5.0,0.01,0.01,44.64838,1776271266000
1776271268.575,68.575,0.49,5.0,0.48,5.0,0.5,15.0,0.62,15.0,0.5,15.0,0.38,15.0,0.51,5.0,0.52,5.0,0.01,0.01,44.646244,1776271267000
1776271269.033,69.033,0.49,5.0,0.48,5.0,0.5,15.0,0.62,15.0,0.5,15.0,0.38,15.0,0.51,5.0,0.52,5.0,0.01,0.01,44.644608,1776271268000
1776271270.06,70.06,0.49,5.0,0.48,5.0,0.5,15.0,0.62,15.0,0.5,15.0,0.38,15.0,0.51,5.0,0.52,5.0,0.01,0.01,44.644096,1776271269000
1776271271.13,71.13,0.49,5.0,0.48,5.0,0.5,15.0,0.62,15.0,0.5,15.0,0.38,15.0,0.51,5.0,0.52,5.0,0.01,0.01,44.638737,1776271270000
1776271272.329,72.329,0.49,5.0,0.48,5.0,0.5,15.0,0.62,15.0,0.5,15.0,0.38,15.0,0.51,5.0,0.52,5.0,0.01,0.01,44.633244,1776271271000
1776271273.037,73.037,0.36,5.0,0.35,5.0,0.38,3.11,0.39,15.0,0.5,15.0,0.38,15.0,0.51,5.0,0.52,5.0,0.02,0.01,44.633244,1776271271000
1776271273.334,73.334,0.36,5.0,0.35,5.0,0.38,3.11,0.39,15.0,0.62,3.11,0.61,15.0,0.64,5.0,0.65,5.0,0.02,0.02,44.633041,1776271272000
1776271274.886,74.886,0.36,5.0,0.35,5.0,0.38,3.11,0.39,15.0,0.62,3.11,0.61,15.0,0.64,5.0,0.65,5.0,0.02,0.02,44.631736,1776271273000
1776271275.51,75.51,0.36,5.0,0.35,5.0,0.38,3.11,0.39,15.0,0.62,3.11,0.61,15.0,0.64,5.0,0.65,5.0,0.02,0.02,44.631732,1776271274000
1776271276.112,76.112,0.36,5.0,0.35,5.0,0.38,3.11,0.39,15.0,0.62,3.11,0.61,15.0,0.64,5.0,0.65,5.0,0.02,0.02,44.631958,1776271275000
1776271277.541,77.541,0.36,5.0,0.35,5.0,0.38,3.11,0.39,15.0,0.62,3.11,0.61,15.0,0.64,5.0,0.65,5.0,0.02,0.02,44.632944,1776271276000
1776271278.71,78.71,0.36,5.0,0.35,5.0,0.38,3.11,0.39,15.0,0.62,3.11,0.61,15.0,0.64,5.0,0.65,5.0,0.02,0.02,44.63299,1776271277000
1776271279.282,79.282,0.36,5.0,0.35,5.0,0.38,3.11,0.39,15.0,0.62,3.11,0.61,15.0,0.64,5.0,0.65,5.0,0.02,0.02,44.634061,1776271278000
1776271280.612,80.612,0.36,5.0,0.35,5.0,0.38,3.11,0.39,15.0,0.62,3.11,0.61,15.0,0.64,5.0,0.65,5.0,0.02,0.02,44.635781,1776271279000
1776271281.277,81.277,0.36,5.0,0.35,5.0,0.38,3.11,0.39,15.0,0.62,3.11,0.61,15.0,0.64,5.0,0.65,5.0,0.02,0.02,44.635781,1776271280000
1776271282.51,82.51,0.36,5.0,0.35,5.0,0.38,3.11,0.39,15.0,0.62,3.11,0.61,15.0,0.64,5.0,0.65,5.0,0.02,0.02,44.635746,1776271281000
1776271283.709,83.709,0.36,5.0,0.35,5.0,0.38,3.11,0.39,15.0,0.62,3.11,0.61,15.0,0.64,5.0,0.65,5.0,0.02,0.02,44.635372,1776271282000
1776271284.608,84.608,0.36,5.0,0.35,5.0,0.38,3.11,0.39,15.0,0.62,3.11,0.61,15.0,0.64,5.0,0.65,5.0,0.02,0.02,44.634392,1776271283000
1776271285.603,85.603,0.36,5.0,0.35,5.0,0.38,3.11,0.39,15.0,0.62,3.11,0.61,15.0,0.64,5.0,0.65,5.0,0.02,0.02,44.631964,1776271284000
1776271286.88,86.88,0.36,5.0,0.35,5.0,0.38,3.11,0.39,15.0,0.62,3.11,0.61,15.0,0.64,5.0,0.65,5.0,0.02,0.02,44.631405,1776271285000
1776271287.466,87.466,0.36,5.0,0.35,5.0,0.38,3.11,0.39,15.0,0.62,3.11,0.61,15.0,0.64,5.0,0.65,5.0,0.02,0.02,44.631018,1776271286000
1776271288.194,88.194,0.36,5.0,0.35,5.0,0.38,3.11,0.39,15.0,0.62,3.11,0.61,15.0,0.64,5.0,0.65,5.0,0.02,0.02,44.631018,1776271287000
1776271289.575,89.575,0.39,5.0,0.38,5.0,0.42,5.0,0.43,15.0,0.62,3.11,0.61,15.0,0.64,5.0,0.65,5.0,0.03,0.02,44.631018,1776271287000
1776271290.348,90.348,0.39,5.0,0.38,5.0,0.42,5.0,0.43,15.0,0.58,5.0,0.57,15.0,0.61,5.0,0.62,5.0,0.03,0.03,44.628717,1776271289000
1776271291.279,91.279,0.39,5.0,0.38,5.0,0.42,5.0,0.43,15.0,0.58,5.0,0.57,15.0,0.61,5.0,0.62,5.0,0.03,0.03,44.628717,1776271290000
1776271291.614,91.614,0.37,3.41,0.36,5.0,0.39,5.0,0.4,5.0,0.6,5.0,0.59,5.0,0.63,5.0,0.64,5.0,0.02,0.03,44.628717,1776271290000
1776271292.469,92.469,0.37,3.41,0.36,5.0,0.39,5.0,0.4,5.0,0.61,5.0,0.6,5.0,0.63,3.41,0.64,5.0,0.02,0.02,44.629406,1776271291000
1776271293.242,93.242,0.37,3.41,0.36,5.0,0.39,5.0,0.4,5.0,0.61,5.0,0.6,5.0,0.63,3.41,0.64,5.0,0.02,0.02,44.629529,1776271292000
1776271294.49,94.49,0.37,3.41,0.36,5.0,0.39,5.0,0.4,5.0,0.61,5.0,0.6,5.0,0.63,3.41,0.64,5.0,0.02,0.02,44.629253,1776271293000
1776271295.19,95.19,0.31,5.0,0.3,5.0,0.32,1.87,0.33,5.0,0.68,1.87,0.67,5.0,0.69,5.0,0.7,5.0,0.01,0.01,44.629028,1776271294000
1776271296.522,96.522,0.31,5.0,0.3,5.0,0.32,1.87,0.33,5.0,0.68,1.87,0.67,5.0,0.69,5.0,0.7,5.0,0.01,0.01,44.627476,1776271295000
1776271297.471,97.471,0.31,5.0,0.3,5.0,0.32,1.87,0.33,5.0,0.68,1.87,0.67,5.0,0.69,5.0,0.7,5.0,0.01,0.01,44.627476,1776271296000
1776271297.762,97.762,0.31,5.0,0.3,20.0,0.32,2.24,0.37,5.0,0.68,1.87,0.67,5.0,0.69,5.0,0.7,5.0,0.01,0.01,44.627476,1776271296000
1776271298.114,98.114,0.31,5.0,0.3,20.0,0.32,2.24,0.37,5.0,0.68,2.24,0.63,5.0,0.69,5.0,0.7,20.0,0.01,0.01,44.626806,1776271297000
1776271299.102,99.102,0.35,2.8,0.34,11.0,0.37,5.0,0.38,5.0,0.68,2.24,0.63,5.0,0.69,5.0,0.7,20.0,0.02,0.01,44.626806,1776271297000
1776271299.417,99.417,0.35,2.8,0.34,11.0,0.37,5.0,0.38,5.0,0.63,5.0,0.62,5.0,0.65,2.8,0.66,11.0,0.02,0.02,44.624811,1776271298000
1776271300.288,100.288,0.35,2.8,0.34,11.0,0.37,5.0,0.38,5.0,0.63,5.0,0.62,5.0,0.65,2.8,0.66,11.0,0.02,0.02,44.626954,1776271299000
1776271301.879,101.879,0.35,2.8,0.34,11.0,0.37,5.0,0.38,5.0,0.63,5.0,0.62,5.0,0.65,2.8,0.66,11.0,0.02,0.02,44.62834,1776271300000
1776271302.819,102.819,0.35,2.8,0.34,11.0,0.37,5.0,0.38,5.0,0.63,5.0,0.62,5.0,0.65,2.8,0.66,11.0,0.02,0.02,44.627721,1776271301000
1776271303.384,103.384,0.35,2.8,0.34,11.0,0.37,5.0,0.38,5.0,0.63,5.0,0.62,5.0,0.65,2.8,0.66,11.0,0.02,0.02,44.625534,1776271302000
1776271304.012,104.012,0.35,2.8,0.34,11.0,0.37,5.0,0.38,5.0,0.63,5.0,0.62,5.0,0.65,2.8,0.66,11.0,0.02,0.02,44.625533,1776271303000
1776271305.13,105.13,0.35,2.8,0.34,11.0,0.37,5.0,0.38,5.0,0.63,5.0,0.62,5.0,0.65,2.8,0.66,11.0,0.02,0.02,44.620586,1776271304000
1776271306.28,106.28,0.35,2.8,0.34,11.0,0.37,5.0,0.38,5.0,0.63,5.0,0.62,5.0,0.65,2.8,0.66,11.0,0.02,0.02,44.619909,1776271305000
1776271307.375,107.375,0.35,2.8,0.34,11.0,0.37,5.0,0.38,5.0,0.63,5.0,0.62,5.0,0.65,2.8,0.66,11.0,0.02,0.02,44.621245,1776271306000
1776271307.945,107.945,0.35,2.8,0.34,11.0,0.37,5.0,0.38,5.0,0.63,5.0,0.62,5.0,0.65,2.8,0.66,11.0,0.02,0.02,44.621889,1776271307000
1776271309.051,109.051,0.35,2.8,0.34,11.0,0.37,5.0,0.38,5.0,0.63,5.0,0.62,5.0,0.65,2.8,0.66,11.0,0.02,0.02,44.620693,1776271308000
1776271309.598,109.598,0.24,5.0,0.23,20.0,0.25,5.0,0.26,5.0,0.63,5.0,0.62,5.0,0.65,2.8,0.66,11.0,0.01,0.02,44.620693,1776271308000
1776271310.296,110.296,0.24,5.0,0.23,20.0,0.25,5.0,0.26,5.0,0.75,5.0,0.74,5.0,0.76,5.0,0.77,20.0,0.01,0.01,44.618136,1776271309000
1776271311.274,111.274,0.24,5.0,0.23,20.0,0.25,5.0,0.26,5.0,0.75,5.0,0.74,5.0,0.76,5.0,0.77,20.0,0.01,0.01,44.613883,1776271310000
1776271312.376,112.376,0.24,5.0,0.23,20.0,0.25,5.0,0.26,5.0,0.75,5.0,0.74,5.0,0.76,5.0,0.77,20.0,0.01,0.01,44.612696,1776271311000
1776271312.945,112.945,0.24,5.0,0.23,20.0,0.25,5.0,0.26,5.0,0.75,5.0,0.74,5.0,0.76,5.0,0.77,20.0,0.01,0.01,44.607391,1776271312000
1776271314.048,114.048,0.24,5.0,0.23,20.0,0.25,5.0,0.26,5.0,0.75,5.0,0.74,5.0,0.76,5.0,0.77,20.0,0.01,0.01,44.606351,1776271313000
1776271315.127,115.127,0.24,5.0,0.23,20.0,0.25,5.0,0.26,5.0,0.75,5.0,0.74,5.0,0.76,5.0,0.77,20.0,0.01,0.01,44.605644,1776271314000
1776271316.295,116.295,0.24,5.0,0.23,20.0,0.25,5.0,0.26,5.0,0.75,5.0,0.74,5.0,0.76,5.0,0.77,20.0,0.01,0.01,44.605545,1776271315000
1776271317.455,117.455,0.24,5.0,0.23,20.0,0.25,5.0,0.26,5.0,0.75,5.0,0.74,5.0,0.76,5.0,0.77,20.0,0.01,0.01,44.608985,1776271316000
1776271318.786,118.786,0.24,5.0,0.23,20.0,0.25,5.0,0.26,5.0,0.75,5.0,0.74,5.0,0.76,5.0,0.77,20.0,0.01,0.01,44.609399,1776271317000
1776271319.607,119.607,0.24,5.0,0.23,20.0,0.25,5.0,0.26,5.0,0.75,5.0,0.74,5.0,0.76,5.0,0.77,20.0,0.01,0.01,44.611318,1776271318000
1776271320.416,120.416,0.24,5.0,0.23,20.0,0.25,5.0,0.26,5.0,0.75,5.0,0.74,5.0,0.76,5.0,0.77,20.0,0.01,0.01,44.610741,1776271319000
1776271321.179,121.179,0.24,5.0,0.23,20.0,0.25,5.0,0.26,5.0,0.75,5.0,0.74,5.0,0.76,5.0,0.77,20.0,0.01,0.01,44.609335,1776271320000
1776271322.7,122.7,0.24,5.0,0.23,20.0,0.25,5.0,0.26,5.0,0.75,5.0,0.74,5.0,0.76,5.0,0.77,20.0,0.01,0.01,44.610332,1776271321000
1776271323.562,123.562,0.24,5.0,0.23,20.0,0.25,5.0,0.26,5.0,0.75,5.0,0.74,5.0,0.76,5.0,0.77,20.0,0.01,0.01,44.607509,1776271322000
1776271324.458,124.458,0.24,5.0,0.23,20.0,0.25,5.0,0.26,5.0,0.75,5.0,0.74,5.0,0.76,5.0,0.77,20.0,0.01,0.01,44.610228,1776271323000
1776271325.223,125.223,0.24,5.0,0.23,20.0,0.25,5.0,0.26,5.0,0.75,5.0,0.74,5.0,0.76,5.0,0.77,20.0,0.01,0.01,44.61326,1776271324000
1776271326.78,126.78,0.24,5.0,0.23,20.0,0.25,5.0,0.26,5.0,0.75,5.0,0.74,5.0,0.76,5.0,0.77,20.0,0.01,0.01,44.617138,1776271325000
1776271327.593,127.593,0.24,5.0,0.23,20.0,0.25,5.0,0.26,5.0,0.75,5.0,0.74,5.0,0.76,5.0,0.77,20.0,0.01,0.01,44.615506,1776271326000
1776271328.34,128.34,0.24,5.0,0.23,20.0,0.25,5.0,0.26,5.0,0.75,5.0,0.74,5.0,0.76,5.0,0.77,20.0,0.01,0.01,44.612464,1776271327000
1776271329.05,129.05,0.2,19.62,0.19,20.0,0.23,5.0,0.24,5.0,0.75,5.0,0.74,5.0,0.76,5.0,0.77,20.0,0.03,0.01,44.612464,1776271327000
1776271330.767,130.767,0.2,19.62,0.19,20.0,0.23,5.0,0.24,5.0,0.77,5.0,0.76,5.0,0.8,19.62,0.81,20.0,0.03,0.03,44.605354,1776271329000
1776271331.385,131.385,0.2,19.62,0.19,20.0,0.23,5.0,0.24,5.0,0.77,5.0,0.76,5.0,0.8,19.62,0.81,20.0,0.03,0.03,44.605589,1776271330000
1776271332.148,132.148,0.2,19.62,0.19,20.0,0.23,5.0,0.24,5.0,0.77,5.0,0.76,5.0,0.8,19.62,0.81,20.0,0.03,0.03,44.605401,1776271331000
1776271333.751,133.751,0.2,19.62,0.19,20.0,0.23,5.0,0.24,5.0,0.77,5.0,0.76,5.0,0.8,19.62,0.81,20.0,0.03,0.03,44.60533,1776271332000
1776271334.49,134.49,0.2,19.62,0.19,20.0,0.23,5.0,0.24,5.0,0.77,5.0,0.76,5.0,0.8,19.62,0.81,20.0,0.03,0.03,44.60533,1776271333000
1776271335.222,135.222,0.2,19.62,0.19,20.0,0.23,5.0,0.24,5.0,0.77,5.0,0.76,5.0,0.8,19.62,0.81,20.0,0.03,0.03,44.605316,1776271334000
1776271336.779,136.779,0.2,19.62,0.19,20.0,0.23,5.0,0.24,5.0,0.77,5.0,0.76,5.0,0.8,19.62,0.81,20.0,0.03,0.03,44.605543,1776271335000
1776271338.096,138.096,0.2,19.62,0.19,20.0,0.23,5.0,0.24,5.0,0.77,5.0,0.76,5.0,0.8,19.62,0.81,20.0,0.03,0.03,44.605369,1776271336000
1776271338.863,138.863,0.2,19.62,0.19,20.0,0.23,5.0,0.24,5.0,0.77,5.0,0.76,5.0,0.8,19.62,0.81,20.0,0.03,0.03,44.605456,1776271337000
1776271339.314,139.314,0.2,19.62,0.19,20.0,0.23,5.0,0.24,5.0,0.77,5.0,0.76,5.0,0.8,19.62,0.81,20.0,0.03,0.03,44.606012,1776271338000
1776271340.589,140.589,0.2,19.62,0.19,20.0,0.23,5.0,0.24,5.0,0.77,5.0,0.76,5.0,0.8,19.62,0.81,20.0,0.03,0.03,44.606631,1776271339000
1776271341.165,141.165,0.2,19.62,0.19,20.0,0.23,5.0,0.24,5.0,0.77,5.0,0.76,5.0,0.8,19.62,0.81,20.0,0.03,0.03,44.606631,1776271340000
1776271342.444,142.444,0.2,19.62,0.19,20.0,0.23,5.0,0.24,5.0,0.77,5.0,0.76,5.0,0.8,19.62,0.81,20.0,0.03,0.03,44.607888,1776271341000
1776271343.071,143.071,0.2,19.62,0.19,20.0,0.23,5.0,0.24,5.0,0.77,5.0,0.76,5.0,0.8,19.62,0.81,20.0,0.03,0.03,44.608258,1776271342000
1776271344.258,144.258,0.2,19.62,0.19,20.0,0.23,5.0,0.24,5.0,0.77,5.0,0.76,5.0,0.8,19.62,0.81,20.0,0.03,0.03,44.607349,1776271343000
1776271345.459,145.459,0.2,19.62,0.19,20.0,0.23,5.0,0.24,5.0,0.77,5.0,0.76,5.0,0.8,19.62,0.81,20.0,0.03,0.03,44.606798,1776271344000
1776271346.147,146.147,0.2,19.62,0.19,20.0,0.23,5.0,0.24,5.0,0.77,5.0,0.76,5.0,0.8,19.62,0.81,20.0,0.03,0.03,44.606798,1776271345000
1776271347.238,147.238,0.2,19.62,0.19,20.0,0.23,5.0,0.24,5.0,0.77,5.0,0.76,5.0,0.8,19.62,0.81,20.0,0.03,0.03,44.606806,1776271346000
1776271348.415,148.415,0.2,19.62,0.19,20.0,0.23,5.0,0.24,5.0,0.77,5.0,0.76,5.0,0.8,19.62,0.81,20.0,0.03,0.03,44.606377,1776271347000
1776271349.059,149.059,0.2,19.62,0.19,20.0,0.23,5.0,0.24,5.0,0.77,5.0,0.76,5.0,0.8,19.62,0.81,20.0,0.03,0.03,44.60586,1776271348000
1776271350.22,150.22,0.2,19.62,0.19,20.0,0.23,5.0,0.24,5.0,0.77,5.0,0.76,5.0,0.8,19.62,0.81,20.0,0.03,0.03,44.605823,1776271349000
1776271351.482,151.482,0.2,19.62,0.19,20.0,0.23,5.0,0.24,5.0,0.77,5.0,0.76,5.0,0.8,19.62,0.81,20.0,0.03,0.03,44.612008,1776271350000
1776271351.985,151.985,0.2,19.62,0.19,20.0,0.23,5.0,0.24,5.0,0.77,5.0,0.76,5.0,0.8,19.62,0.81,20.0,0.03,0.03,44.620182,1776271351000
1776271353.54,153.54,0.2,19.62,0.19,20.0,0.23,5.0,0.24,5.0,0.77,5.0,0.76,5.0,0.8,19.62,0.81,20.0,0.03,0.03,44.621243,1776271352000
1776271353.999,153.999,0.2,19.62,0.19,20.0,0.23,5.0,0.24,5.0,0.77,5.0,0.76,5.0,0.8,19.62,0.81,20.0,0.03,0.03,44.621243,1776271353000
1776271354.918,154.918,0.2,19.62,0.19,20.0,0.23,5.0,0.24,5.0,0.77,5.0,0.76,5.0,0.8,19.62,0.81,20.0,0.03,0.03,44.620819,1776271354000
1776271355.891,155.891,0.2,19.62,0.19,20.0,0.23,5.0,0.24,5.0,0.77,5.0,0.76,5.0,0.8,19.62,0.81,20.0,0.03,0.03,44.620455,1776271355000
1776271357.037,157.037,0.2,19.62,0.19,20.0,0.23,5.0,0.24,5.0,0.77,5.0,0.76,5.0,0.8,19.62,0.81,20.0,0.03,0.03,44.621456,1776271356000
1776271358.106,158.106,0.2,19.62,0.19,20.0,0.23,5.0,0.24,5.0,0.77,5.0,0.76,5.0,0.8,19.62,0.81,20.0,0.03,0.03,44.621523,1776271357000
1776271359.066,159.066,0.2,19.62,0.19,20.0,0.23,5.0,0.24,5.0,0.77,5.0,0.76,5.0,0.8,19.62,0.81,20.0,0.03,0.03,44.621523,1776271358000
1776271360.049,160.049,0.2,19.62,0.19,20.0,0.23,5.0,0.24,5.0,0.77,5.0,0.76,5.0,0.8,19.62,0.81,20.0,0.03,0.03,44.621523,1776271359000
1776271361.035,161.035,0.2,19.62,0.19,20.0,0.23,5.0,0.24,5.0,0.77,5.0,0.76,5.0,0.8,19.62,0.81,20.0,0.03,0.03,44.621487,1776271360000
1776271362.017,162.017,0.2,19.62,0.19,20.0,0.23,5.0,0.24,5.0,0.77,5.0,0.76,5.0,0.8,19.62,0.81,20.0,0.03,0.03,44.621481,1776271361000
1776271363.015,163.015,0.2,19.62,0.19,20.0,0.23,5.0,0.24,5.0,0.77,5.0,0.76,5.0,0.8,19.62,0.81,20.0,0.03,0.03,44.621438,1776271362000
1776271363.994,163.994,0.2,19.62,0.19,20.0,0.23,5.0,0.24,5.0,0.77,5.0,0.76,5.0,0.8,19.62,0.81,20.0,0.03,0.03,44.621338,1776271363000
1776271364.915,164.915,0.2,19.62,0.19,20.0,0.23,5.0,0.24,5.0,0.77,5.0,0.76,5.0,0.8,19.62,0.81,20.0,0.03,0.03,44.620848,1776271364000
1776271366.291,166.291,0.2,19.62,0.19,20.0,0.23,5.0,0.24,5.0,0.77,5.0,0.76,5.0,0.8,19.62,0.81,20.0,0.03,0.03,44.620848,1776271365000
1776271367.472,167.472,0.2,19.62,0.19,20.0,0.23,5.0,0.24,5.0,0.77,5.0,0.76,5.0,0.8,19.62,0.81,20.0,0.03,0.03,44.620637,1776271366000
1776271367.921,167.921,0.2,19.62,0.19,20.0,0.23,5.0,0.24,5.0,0.77,5.0,0.76,5.0,0.8,19.62,0.81,20.0,0.03,0.03,44.620637,1776271367000
1776271369.035,169.035,0.2,19.62,0.19,20.0,0.23,5.0,0.24,5.0,0.77,5.0,0.76,5.0,0.8,19.62,0.81,20.0,0.03,0.03,44.621293,1776271368000
1776271370.213,170.213,0.2,19.62,0.19,20.0,0.23,5.0,0.24,5.0,0.77,5.0,0.76,5.0,0.8,19.62,0.81,20.0,0.03,0.03,44.621729,1776271369000
1776271371.465,171.465,0.2,19.62,0.19,20.0,0.23,5.0,0.24,5.0,0.77,5.0,0.76,5.0,0.8,19.62,0.81,20.0,0.03,0.03,44.621251,1776271370000
1776271372.431,172.431,0.2,19.62,0.19,20.0,0.23,5.0,0.24,5.0,0.77,5.0,0.76,5.0,0.8,19.62,0.81,20.0,0.03,0.03,44.617417,1776271371000
1776271372.95,172.95,0.2,19.62,0.19,20.0,0.23,5.0,0.24,5.0,0.77,5.0,0.76,5.0,0.8,19.62,0.81,20.0,0.03,0.03,44.616517,1776271372000
1776271374.119,174.119,0.2,19.62,0.19,20.0,0.23,5.0,0.24,5.0,0.77,5.0,0.76,5.0,0.8,19.62,0.81,20.0,0.03,0.03,44.616003,1776271373000
1776271375.195,175.195,0.2,19.62,0.19,20.0,0.23,5.0,0.24,5.0,0.77,5.0,0.76,5.0,0.8,19.62,0.81,20.0,0.03,0.03,44.605317,1776271374000
1776271375.632,175.632,0.13,5.0,0.12,15.0,0.14,5.0,0.15,5.0,0.77,5.0,0.76,5.0,0.8,19.62,0.81,20.0,0.01,0.03,44.605317,1776271374000
1776271376.324,176.324,0.13,5.0,0.12,15.0,0.14,5.0,0.15,5.0,0.86,5.0,0.85,5.0,0.87,5.0,0.88,15.0,0.01,0.01,44.597795,1776271375000
1776271377.439,177.439,0.13,5.0,0.12,15.0,0.14,5.0,0.15,5.0,0.86,5.0,0.85,5.0,0.87,5.0,0.88,15.0,0.01,0.01,44.596783,1776271376000
1776271377.969,177.969,0.13,5.0,0.12,15.0,0.14,5.0,0.15,5.0,0.86,5.0,0.85,5.0,0.87,5.0,0.88,15.0,0.01,0.01,44.596783,1776271377000
1776271379.122,179.122,0.13,5.0,0.12,15.0,0.14,5.0,0.15,5.0,0.86,5.0,0.85,5.0,0.87,5.0,0.88,15.0,0.01,0.01,44.595707,1776271378000
1776271380.781,180.781,0.13,5.0,0.12,15.0,0.14,5.0,0.15,5.0,0.86,5.0,0.85,5.0,0.87,5.0,0.88,15.0,0.01,0.01,44.596466,1776271379000
1776271381.273,181.273,0.13,5.0,0.12,15.0,0.14,5.0,0.15,5.0,0.86,5.0,0.85,5.0,0.87,5.0,0.88,15.0,0.01,0.01,44.596466,1776271380000
1776271382.524,182.524,0.13,5.0,0.12,15.0,0.14,5.0,0.15,5.0,0.86,5.0,0.85,5.0,0.87,5.0,0.88,15.0,0.01,0.01,44.594073,1776271381000
1776271383.294,183.294,0.17,5.0,0.16,5.0,0.18,5.0,0.19,5.0,0.82,5.0,0.81,5.0,0.83,5.0,0.84,5.0,0.01,0.01,44.596632,1776271382000
1776271384.45,184.45,0.17,5.0,0.16,5.0,0.18,5.0,0.19,5.0,0.82,5.0,0.81,5.0,0.83,5.0,0.84,5.0,0.01,0.01,44.597884,1776271383000
1776271385.041,185.041,0.17,5.0,0.16,5.0,0.18,5.0,0.19,5.0,0.82,5.0,0.81,5.0,0.83,5.0,0.84,5.0,0.01,0.01,44.599859,1776271384000
1776271386.201,186.201,0.17,5.0,0.16,5.0,0.18,5.0,0.19,5.0,0.82,5.0,0.81,5.0,0.83,5.0,0.84,5.0,0.01,0.01,44.602893,1776271385000
1776271387.41,187.41,0.17,5.0,0.16,5.0,0.18,5.0,0.19,5.0,0.82,5.0,0.81,5.0,0.83,5.0,0.84,5.0,0.01,0.01,44.604432,1776271386000
1776271388.068,188.068,0.17,5.0,0.16,5.0,0.18,5.0,0.19,5.0,0.82,5.0,0.81,5.0,0.83,5.0,0.84,5.0,0.01,0.01,44.604978,1776271387000
1776271389.24,189.24,0.17,5.0,0.16,5.0,0.18,5.0,0.19,5.0,0.82,5.0,0.81,5.0,0.83,5.0,0.84,5.0,0.01,0.01,44.606901,1776271388000
1776271390.416,190.416,0.17,5.0,0.16,5.0,0.18,5.0,0.19,5.0,0.82,5.0,0.81,5.0,0.83,5.0,0.84,5.0,0.01,0.01,44.606378,1776271389000
1776271391.128,191.128,0.17,5.0,0.16,5.0,0.18,5.0,0.19,5.0,0.82,5.0,0.81,5.0,0.83,5.0,0.84,5.0,0.01,0.01,44.606495,1776271390000
1776271392.315,192.315,0.17,5.0,0.16,5.0,0.18,5.0,0.19,5.0,0.82,5.0,0.81,5.0,0.83,5.0,0.84,5.0,0.01,0.01,44.606957,1776271391000
1776271393.545,193.545,0.17,5.0,0.16,5.0,0.18,5.0,0.19,5.0,0.82,5.0,0.81,5.0,0.83,5.0,0.84,5.0,0.01,0.01,44.606135,1776271392000
1776271394.288,194.288,0.17,5.0,0.16,5.0,0.18,5.0,0.19,5.0,0.82,5.0,0.81,5.0,0.83,5.0,0.84,5.0,0.01,0.01,44.605712,1776271393000
1776271395.81,195.81,0.17,5.0,0.16,5.0,0.18,5.0,0.19,5.0,0.82,5.0,0.81,5.0,0.83,5.0,0.84,5.0,0.01,0.01,44.60554,1776271394000
1776271396.844,196.844,0.17,5.0,0.16,5.0,0.18,5.0,0.19,5.0,0.82,5.0,0.81,5.0,0.83,5.0,0.84,5.0,0.01,0.01,44.60554,1776271395000
1776271397.581,197.581,0.17,5.0,0.16,5.0,0.18,5.0,0.19,5.0,0.82,5.0,0.81,5.0,0.83,5.0,0.84,5.0,0.01,0.01,44.608798,1776271396000
1776271397.997,197.997,0.17,5.0,0.16,5.0,0.18,5.0,0.19,5.0,0.82,5.0,0.81,5.0,0.83,5.0,0.84,5.0,0.01,0.01,44.611854,1776271397000
1776271399.062,199.062,0.17,5.0,0.16,5.0,0.18,5.0,0.19,5.0,0.82,5.0,0.81,5.0,0.83,5.0,0.84,5.0,0.01,0.01,44.613345,1776271398000
1776271400.1,200.1,0.17,5.0,0.16,5.0,0.18,5.0,0.19,5.0,0.82,5.0,0.81,5.0,0.83,5.0,0.84,5.0,0.01,0.01,44.613305,1776271399000
1776271401.158,201.158,0.17,5.0,0.16,5.0,0.18,5.0,0.19,5.0,0.82,5.0,0.81,5.0,0.83,5.0,0.84,5.0,0.01,0.01,44.613045,1776271400000
1776271402.275,202.275,0.17,5.0,0.16,5.0,0.18,5.0,0.19,5.0,0.82,5.0,0.81,5.0,0.83,5.0,0.84,5.0,0.01,0.01,44.610878,1776271401000
1776271403.344,203.344,0.17,5.0,0.16,5.0,0.18,5.0,0.19,5.0,0.82,5.0,0.81,5.0,0.83,5.0,0.84,5.0,0.01,0.01,44.607854,1776271402000
1776271404.395,204.395,0.17,5.0,0.16,5.0,0.18,5.0,0.19,5.0,0.82,5.0,0.81,5.0,0.83,5.0,0.84,5.0,0.01,0.01,44.606794,1776271403000
1776271404.973,204.973,0.17,5.0,0.16,5.0,0.18,5.0,0.19,5.0,0.82,5.0,0.81,5.0,0.83,5.0,0.84,5.0,0.01,0.01,44.605791,1776271404000
1776271406.002,206.002,0.17,5.0,0.16,5.0,0.18,5.0,0.19,5.0,0.82,5.0,0.81,5.0,0.83,5.0,0.84,5.0,0.01,0.01,44.605663,1776271405000
1776271407.046,207.046,0.17,5.0,0.16,5.0,0.18,5.0,0.19,5.0,0.82,5.0,0.81,5.0,0.83,5.0,0.84,5.0,0.01,0.01,44.606298,1776271406000
1776271408.185,208.185,0.17,5.0,0.16,5.0,0.18,5.0,0.19,5.0,0.82,5.0,0.81,5.0,0.83,5.0,0.84,5.0,0.01,0.01,44.606295,1776271407000
1776271409.262,209.262,0.17,5.0,0.16,5.0,0.18,5.0,0.19,5.0,0.82,5.0,0.81,5.0,0.83,5.0,0.84,5.0,0.01,0.01,44.606561,1776271408000
1776271410.771,210.771,0.17,5.0,0.16,5.0,0.18,5.0,0.19,5.0,0.82,5.0,0.81,5.0,0.83,5.0,0.84,5.0,0.01,0.01,44.605189,1776271409000
1776271411.418,211.418,0.17,5.0,0.16,5.0,0.18,5.0,0.19,5.0,0.82,5.0,0.81,5.0,0.83,5.0,0.84,5.0,0.01,0.01,44.605189,1776271410000
1776271412.391,212.391,0.17,5.0,0.16,5.0,0.18,5.0,0.19,5.0,0.82,5.0,0.81,5.0,0.83,5.0,0.84,5.0,0.01,0.01,44.604458,1776271411000
1776271413.261,213.261,0.17,5.0,0.16,5.0,0.18,5.0,0.19,5.0,0.82,5.0,0.81,5.0,0.83,5.0,0.84,5.0,0.01,0.01,44.604458,1776271412000
1776271414.29,214.29,0.17,5.0,0.16,5.0,0.18,5.0,0.19,5.0,0.82,5.0,0.81,5.0,0.83,5.0,0.84,5.0,0.01,0.01,44.603643,1776271413000
1776271415.358,215.358,0.17,5.0,0.16,5.0,0.18,5.0,0.19,5.0,0.82,5.0,0.81,5.0,0.83,5.0,0.84,5.0,0.01,0.01,44.603643,1776271414000
1776271416.305,216.305,0.17,5.0,0.16,5.0,0.18,5.0,0.19,5.0,0.82,5.0,0.81,5.0,0.83,5.0,0.84,5.0,0.01,0.01,44.603625,1776271415000
1776271417.343,217.343,0.17,5.0,0.16,5.0,0.18,5.0,0.19,5.0,0.82,5.0,0.81,5.0,0.83,5.0,0.84,5.0,0.01,0.01,44.603692,1776271416000
1776271418.273,218.273,0.17,5.0,0.16,5.0,0.18,5.0,0.19,5.0,0.82,5.0,0.81,5.0,0.83,5.0,0.84,5.0,0.01,0.01,44.603623,1776271417000
1776271419.412,219.412,0.17,5.0,0.16,5.0,0.18,5.0,0.19,5.0,0.82,5.0,0.81,5.0,0.83,5.0,0.84,5.0,0.01,0.01,44.603296,1776271418000
1776271419.859,219.859,0.17,5.0,0.16,5.0,0.18,5.0,0.19,5.0,0.82,5.0,0.81,5.0,0.83,5.0,0.84,5.0,0.01,0.01,44.603314,1776271419000
1776271420.995,220.995,0.17,5.0,0.16,5.0,0.18,5.0,0.19,5.0,0.82,5.0,0.81,5.0,0.83,5.0,0.84,5.0,0.01,0.01,44.603314,1776271420000
1776271421.884,221.884,0.17,5.0,0.16,5.0,0.18,5.0,0.19,5.0,0.82,5.0,0.81,5.0,0.83,5.0,0.84,5.0,0.01,0.01,44.603433,1776271421000
1776271422.821,222.821,0.17,5.0,0.16,5.0,0.18,5.0,0.19,5.0,0.82,5.0,0.81,5.0,0.83,5.0,0.84,5.0,0.01,0.01,44.600832,1776271422000
1776271424.402,224.402,0.17,5.0,0.16,5.0,0.18,5.0,0.19,5.0,0.82,5.0,0.81,5.0,0.83,5.0,0.84,5.0,0.01,0.01,44.599562,1776271423000
1776271424.931,224.931,0.17,5.0,0.16,5.0,0.18,5.0,0.19,5.0,0.82,5.0,0.81,5.0,0.83,5.0,0.84,5.0,0.01,0.01,44.599419,1776271424000
1776271426.02,226.02,0.17,5.0,0.16,5.0,0.18,5.0,0.19,5.0,0.82,5.0,0.81,5.0,0.83,5.0,0.84,5.0,0.01,0.01,44.599297,1776271425000
1776271426.774,226.774,0.08,12.82,0.07,15.0,0.09,5.0,0.1,5.0,0.82,5.0,0.81,5.0,0.83,5.0,0.84,5.0,0.01,0.01,44.599297,1776271425000
1776271427.118,227.118,0.08,12.82,0.07,15.0,0.09,5.0,0.1,5.0,0.91,5.0,0.9,5.0,0.92,12.82,0.93,15.0,0.01,0.01,44.598442,1776271426000
1776271427.587,227.587,0.08,10.64,0.07,15.0,0.09,5.0,0.1,5.0,0.91,5.0,0.9,5.0,0.92,12.82,0.93,15.0,0.01,0.01,44.598442,1776271426000
1776271428.25,228.25,0.08,10.64,0.07,15.0,0.09,5.0,0.1,5.0,0.91,5.0,0.9,5.0,0.92,10.64,0.93,15.0,0.01,0.01,44.598442,1776271427000
1776271429.293,229.293,0.08,10.64,0.07,15.0,0.09,5.0,0.1,5.0,0.91,5.0,0.9,5.0,0.92,10.64,0.93,15.0,0.01,0.01,44.598207,1776271428000
1776271429.878,229.878,0.08,10.64,0.07,15.0,0.09,5.0,0.1,5.0,0.91,5.0,0.9,5.0,0.92,10.64,0.93,15.0,0.01,0.01,44.598158,1776271429000
1776271430.954,230.954,0.08,10.64,0.07,15.0,0.09,5.0,0.1,5.0,0.91,5.0,0.9,5.0,0.92,10.64,0.93,15.0,0.01,0.01,44.598158,1776271430000
1776271431.963,231.963,0.08,10.64,0.07,15.0,0.09,5.0,0.1,5.0,0.91,5.0,0.9,5.0,0.92,10.64,0.93,15.0,0.01,0.01,44.598143,1776271431000
1776271432.957,232.957,0.08,10.64,0.07,15.0,0.09,5.0,0.1,5.0,0.91,5.0,0.9,5.0,0.92,10.64,0.93,15.0,0.01,0.01,44.598166,1776271432000
1776271434.029,234.029,0.08,10.64,0.07,15.0,0.09,5.0,0.1,5.0,0.91,5.0,0.9,5.0,0.92,10.64,0.93,15.0,0.01,0.01,44.59669,1776271433000
1776271435.119,235.119,0.08,10.64,0.07,15.0,0.09,5.0,0.1,5.0,0.91,5.0,0.9,5.0,0.92,10.64,0.93,15.0,0.01,0.01,44.596515,1776271434000
1776271436.047,236.047,0.08,10.64,0.07,15.0,0.09,5.0,0.1,5.0,0.91,5.0,0.9,5.0,0.92,10.64,0.93,15.0,0.01,0.01,44.598534,1776271435000
1776271437.649,237.649,0.08,10.64,0.07,15.0,0.09,5.0,0.1,5.0,0.91,5.0,0.9,5.0,0.92,10.64,0.93,15.0,0.01,0.01,44.599352,1776271436000
1776271438.185,238.185,0.08,10.64,0.07,15.0,0.09,5.0,0.1,5.0,0.91,5.0,0.9,5.0,0.92,10.64,0.93,15.0,0.01,0.01,44.599788,1776271437000
1776271439.197,239.197,0.08,10.64,0.07,15.0,0.09,5.0,0.1,5.0,0.91,5.0,0.9,5.0,0.92,10.64,0.93,15.0,0.01,0.01,44.603964,1776271438000
1776271440.263,240.263,0.08,10.64,0.07,15.0,0.09,5.0,0.1,5.0,0.91,5.0,0.9,5.0,0.92,10.64,0.93,15.0,0.01,0.01,44.605739,1776271439000
1776271441.133,241.133,0.08,10.64,0.07,15.0,0.09,5.0,0.1,5.0,0.91,5.0,0.9,5.0,0.92,10.64,0.93,15.0,0.01,0.01,44.605915,1776271440000
1776271441.949,241.949,0.07,4.25,0.06,15.0,0.08,5.0,0.09,5.0,0.91,5.0,0.9,5.0,0.92,10.64,0.93,15.0,0.01,0.01,44.605915,1776271440000
1776271442.409,242.409,0.07,4.25,0.06,15.0,0.08,5.0,0.09,5.0,0.92,5.0,0.91,5.0,0.93,4.25,0.94,15.0,0.01,0.01,44.605855,1776271441000
1776271442.645,242.645,0.11,30.0,0.07,4.25,0.12,5.0,0.13,5.0,0.92,5.0,0.91,5.0,0.93,4.25,0.94,15.0,0.01,0.01,44.605855,1776271441000
1776271443.427,243.427,0.11,30.0,0.07,4.25,0.12,5.0,0.13,5.0,0.88,5.0,0.87,5.0,0.89,30.0,0.93,4.25,0.01,0.01,44.605855,1776271442000
1776271443.883,243.883,0.11,32.62,0.08,15.0,0.12,5.0,0.13,5.0,0.88,5.0,0.87,5.0,0.89,32.62,0.92,15.0,0.01,0.01,44.606442,1776271443000
1776271444.892,244.892,0.11,32.62,0.08,15.0,0.12,5.0,0.13,5.0,0.88,5.0,0.87,5.0,0.89,32.62,0.92,15.0,0.01,0.01,44.612556,1776271444000
1776271446.358,246.358,0.11,32.62,0.08,15.0,0.12,5.0,0.13,5.0,0.88,5.0,0.87,5.0,0.89,32.62,0.92,15.0,0.01,0.01,44.612823,1776271445000
1776271447.316,247.316,0.11,32.62,0.08,15.0,0.12,5.0,0.13,5.0,0.88,5.0,0.87,5.0,0.89,32.62,0.92,15.0,0.01,0.01,44.60957,1776271446000
1776271448.296,248.296,0.11,32.62,0.08,15.0,0.12,5.0,0.13,5.0,0.88,5.0,0.87,5.0,0.89,32.62,0.92,15.0,0.01,0.01,44.604235,1776271447000
1776271449.374,249.374,0.05,15.0,0.04,20.0,0.07,5.0,0.08,5.0,0.93,5.0,0.92,5.0,0.95,15.0,0.96,20.0,0.02,0.02,44.60367,1776271448000
1776271451.026,251.026,0.05,15.0,0.04,20.0,0.07,5.0,0.08,5.0,0.93,5.0,0.92,5.0,0.95,15.0,0.96,20.0,0.02,0.02,44.603362,1776271449000
1776271451.466,251.466,0.06,11.83,0.05,15.0,0.07,5.0,0.08,5.0,0.93,5.0,0.92,5.0,0.95,15.0,0.96,20.0,0.01,0.02,44.603362,1776271449000
1776271451.825,251.825,0.06,10.76,0.05,15.0,0.07,5.0,0.08,5.0,0.93,5.0,0.92,5.0,0.94,11.83,0.95,15.0,0.01,0.01,44.603362,1776271450000
1776271452.176,252.176,0.06,10.76,0.05,15.0,0.07,5.0,0.08,5.0,0.93,5.0,0.92,5.0,0.94,10.76,0.95,15.0,0.01,0.01,44.60379,1776271451000
1776271453.242,253.242,0.06,10.76,0.05,15.0,0.07,5.0,0.08,5.0,0.93,5.0,0.92,5.0,0.94,10.76,0.95,15.0,0.01,0.01,44.603344,1776271452000
1776271454.425,254.425,0.06,10.76,0.05,15.0,0.07,5.0,0.08,5.0,0.93,5.0,0.92,5.0,0.94,10.76,0.95,15.0,0.01,0.01,44.604183,1776271453000
1776271455.049,255.049,0.04,20.0,0.03,15.0,0.07,5.0,0.08,20.0,0.93,5.0,0.92,20.0,0.96,20.0,0.97,15.0,0.03,0.03,44.604185,1776271454000
1776271456.093,256.093,0.04,20.0,0.03,15.0,0.07,5.0,0.08,20.0,0.93,5.0,0.92,20.0,0.96,20.0,0.97,15.0,0.03,0.03,44.604011,1776271455000
1776271457.234,257.234,0.04,20.0,0.03,15.0,0.05,3.46,0.06,5.0,0.95,3.46,0.94,5.0,0.96,20.0,0.97,15.0,0.01,0.01,44.604037,1776271456000
1776271457.602,257.602,0.03,15.0,0.02,35.0,0.04,15.0,0.05,3.46,0.95,3.46,0.94,5.0,0.96,20.0,0.97,15.0,0.01,0.01,44.604037,1776271456000
1776271458.326,258.326,0.02,20.0,0.01,225.0,0.04,15.0,0.05,3.46,0.96,15.0,0.95,3.46,0.98,20.0,0.99,225.0,0.02,0.02,44.60404,1776271457000
1776271459.488,259.488,0.02,20.0,0.01,225.0,0.04,15.0,0.05,3.46,0.96,15.0,0.95,3.46,0.98,20.0,0.99,225.0,0.02,0.02,44.601319,1776271458000
1776271460.007,260.007,0.02,20.0,0.01,225.0,0.04,15.0,0.05,3.46,0.96,15.0,0.95,3.46,0.98,20.0,0.99,225.0,0.02,0.02,44.601016,1776271459000
1776271461.07,261.07,0.02,20.0,0.01,225.0,0.04,15.0,0.05,3.46,0.96,15.0,0.95,3.46,0.98,20.0,0.99,225.0,0.02,0.02,44.59833,1776271460000
1776271462.301,262.301,0.03,3.96,0.02,20.0,0.04,15.0,0.05,18.46,0.96,15.0,0.95,18.46,0.97,3.96,0.98,20.0,0.01,0.01,44.598418,1776271461000
1776271463.401,263.401,0.03,3.96,0.02,20.0,0.04,15.0,0.05,18.46,0.96,15.0,0.95,18.46,0.97,3.96,0.98,20.0,0.01,0.01,44.59787,1776271462000
1776271463.97,263.97,0.02,0.98,0.01,225.0,0.04,35.0,0.05,18.46,0.96,35.0,0.95,18.46,0.98,0.98,0.99,225.0,0.02,0.02,44.597625,1776271463000
1776271465.486,265.486,0.02,0.98,0.01,225.0,0.04,35.0,0.05,18.46,0.96,35.0,0.95,18.46,0.98,0.98,0.99,225.0,0.02,0.02,44.594619,1776271464000
1776271466.036,266.036,0.02,0.98,0.01,225.0,0.04,35.0,0.05,18.46,0.96,35.0,0.95,18.46,0.98,0.98,0.99,225.0,0.02,0.02,44.594405,1776271465000
1776271467.272,267.272,0.02,0.98,0.01,225.0,0.04,35.0,0.05,18.46,0.96,35.0,0.95,18.46,0.98,0.98,0.99,225.0,0.02,0.02,44.591355,1776271466000
1776271468.27,268.27,0.01,200.0,,,0.02,15.0,0.03,20.0,0.96,35.0,0.95,18.46,0.98,0.98,0.99,225.0,0.01,0.02,44.591355,1776271466000
1776271469.363,269.363,0.01,198.98,,,0.02,15.0,0.03,20.0,0.98,15.0,0.97,20.0,0.99,200.0,,,0.01,0.01,44.591102,1776271467000
1776271470.006,270.006,0.01,198.98,,,0.02,15.0,0.03,20.0,0.98,15.0,0.97,20.0,0.99,198.98,,,0.01,0.01,44.588041,1776271469000
1776271471.044,271.044,0.01,198.98,,,0.02,15.0,0.03,20.0,0.98,15.0,0.97,20.0,0.99,198.98,,,0.01,0.01,44.588792,1776271470000
1776271471.796,271.796,0.01,196.95,,,0.02,15.0,0.03,20.0,0.98,15.0,0.97,20.0,0.99,198.98,,,0.01,0.01,44.588792,1776271470000
1776271472.155,272.155,0.01,183.95,,,0.02,15.0,0.03,20.0,0.98,15.0,0.97,20.0,0.99,196.95,,,0.01,0.01,44.588792,1776271470000
1776271473.085,273.085,0.01,170.95,,,0.02,15.0,0.03,20.0,0.98,15.0,0.97,20.0,0.99,183.95,,,0.01,0.01,44.58301,1776271471000
1776271473.298,273.298,0.01,158.95,,,0.02,15.0,0.03,20.0,0.98,15.0,0.97,20.0,0.99,158.95,,,0.01,0.01,44.583468,1776271472000
1776271473.631,273.631,,,,,0.02,15.0,0.03,20.0,0.98,15.0,0.97,20.0,0.99,145.95,,,,0.01,44.583468,1776271472000
1776271474.468,274.468,,,,,0.02,15.0,0.03,20.0,0.98,15.0,0.97,20.0,,,,,,,44.584202,1776271473000
1776271474.945,274.945,,,,,0.02,15.0,0.03,20.0,0.98,15.0,0.97,20.0,,,,,,,44.584202,1776271474000
1776271476.079,276.079,,,,,0.02,15.0,0.03,20.0,0.98,15.0,0.97,20.0,,,,,,,44.582117,1776271475000
1776271477.181,277.181,,,,,0.02,15.0,0.03,20.0,0.98,15.0,0.97,20.0,,,,,,,44.579386,1776271476000
1776271478.374,278.374,,,,,0.02,15.0,0.03,20.0,0.98,15.0,0.97,20.0,,,,,,,44.579437,1776271477000
1776271479.725,279.725,,,,,0.02,15.0,0.03,20.0,0.98,15.0,0.97,20.0,,,,,,,44.578081,1776271478000
1776271480.435,280.435,,,,,0.02,15.0,0.03,20.0,0.98,15.0,0.97,20.0,,,,,,,44.578522,1776271479000
1776271480.941,280.941,,,,,0.02,15.0,0.03,20.0,0.98,15.0,0.97,20.0,,,,,,,44.578522,1776271480000
1776271482.098,282.098,,,,,0.02,15.0,0.03,20.0,0.98,15.0,0.97,20.0,,,,,,,44.577977,1776271481000
1776271483.227,283.227,,,,,0.02,15.0,0.03,20.0,0.98,15.0,0.97,20.0,,,,,,,44.569237,1776271482000
1776271484.376,284.376,,,,,0.02,15.0,0.03,20.0,0.98,15.0,0.97,20.0,,,,,,,44.568835,1776271483000
1776271485.061,285.061,,,,,0.02,15.0,0.03,20.0,0.98,15.0,0.97,20.0,,,,,,,44.568835,1776271484000
1776271485.27,285.27,0.01,73.0,,,0.02,5.0,0.03,5.0,0.98,15.0,0.97,20.0,,,,,0.01,,44.568835,1776271484000
1776271485.706,285.706,0.01,39.67,,,0.02,5.0,0.03,5.0,0.98,5.0,0.97,5.0,0.99,73.0,,,0.01,0.01,44.568835,1776271484000
1776271486.141,286.141,0.01,39.67,,,0.02,5.0,0.03,5.0,0.98,5.0,0.97,5.0,0.99,39.67,,,0.01,0.01,44.568603,1776271485000
1776271486.433,286.433,0.01,34.67,,,0.02,5.0,0.03,5.0,0.98,5.0,0.97,5.0,0.99,39.67,,,0.01,0.01,44.568603,1776271485000
1776271487.319,287.319,,,,,0.01,965.33,0.02,5.0,0.99,965.33,0.98,5.0,,,,,,,44.568604,1776271486000
1776271488.392,288.392,,,,,0.01,965.33,0.02,5.0,0.99,965.33,0.98,5.0,,,,,,,44.567964,1776271487000
1776271489.011,289.011,,,,,0.01,965.33,0.02,5.0,0.99,965.33,0.98,5.0,,,,,,,44.566979,1776271488000

# RESULT,winner=Down,slug=hype-updown-5m-1776271200,ticks=311
