timestamp,elapsed_sec,up_bid_p1,up_bid_s1,up_bid_p2,up_bid_s2,up_ask_p1,up_ask_s1,up_ask_p2,up_ask_s2,down_bid_p1,down_bid_s1,down_bid_p2,down_bid_s2,down_ask_p1,down_ask_s1,down_ask_p2,down_ask_s2,up_spread,down_spread,hype_price,hype_oracle_ts
1776215111.225,11.225,,,,,,,,,,,,,,,,,,,43.876141,1776215110000
1776215111.721,11.721,0.35,10.0,0.3,5.0,0.52,10.0,0.54,5.0,0.48,10.0,0.46,5.0,0.65,10.0,0.7,5.0,0.17,0.17,43.876141,1776215110000
1776215112.282,12.282,0.43,5.0,0.42,5.0,0.67,0.56,0.68,5.0,0.48,10.0,0.46,5.0,0.65,10.0,0.7,5.0,0.24,0.17,43.876141,1776215110000
1776215112.949,12.949,0.43,5.0,0.42,5.0,0.67,0.56,0.68,5.0,0.33,0.56,0.32,5.0,0.57,5.0,0.58,5.0,0.24,0.24,43.876141,1776215112000
1776215113.585,13.585,0.47,5.0,0.46,5.0,0.71,15.0,0.89,100.0,0.33,0.56,0.32,5.0,0.57,5.0,0.58,5.0,0.24,0.24,43.876141,1776215112000
1776215114.053,14.053,0.47,5.0,0.46,5.0,0.71,15.0,0.89,100.0,0.29,15.0,0.11,100.0,0.53,5.0,0.54,5.0,0.24,0.24,43.892821,1776215113000
1776215115.206,15.206,0.47,5.0,0.46,5.0,0.71,15.0,0.89,100.0,0.29,15.0,0.11,100.0,0.53,5.0,0.54,5.0,0.24,0.24,43.895837,1776215114000
1776215116.287,16.287,0.47,5.0,0.46,5.0,0.71,15.0,0.89,100.0,0.29,15.0,0.11,100.0,0.53,5.0,0.54,5.0,0.24,0.24,43.897656,1776215115000
1776215117.397,17.397,0.47,5.0,0.46,5.0,0.71,15.0,0.89,100.0,0.29,15.0,0.11,100.0,0.53,5.0,0.54,5.0,0.24,0.24,43.897674,1776215116000
1776215117.997,17.997,0.47,5.0,0.46,5.0,0.71,15.0,0.89,100.0,0.29,15.0,0.11,100.0,0.53,5.0,0.54,5.0,0.24,0.24,43.897327,1776215117000
1776215118.512,18.512,0.47,5.0,0.46,5.0,0.52,83.19,0.69,10.0,0.29,15.0,0.11,100.0,0.53,5.0,0.54,5.0,0.05,0.24,43.897327,1776215117000
1776215119.121,19.121,0.47,5.0,0.46,5.0,0.52,83.19,0.69,10.0,0.48,83.19,0.31,10.0,0.53,5.0,0.54,5.0,0.05,0.05,43.896965,1776215118000
1776215120.242,20.242,0.47,5.0,0.46,5.0,0.52,83.19,0.69,10.0,0.48,83.19,0.31,10.0,0.53,5.0,0.54,5.0,0.05,0.05,43.89691,1776215119000
1776215121.47,21.47,0.47,5.0,0.46,5.0,0.52,83.19,0.69,10.0,0.48,83.19,0.31,10.0,0.53,5.0,0.54,5.0,0.05,0.05,43.897039,1776215120000
1776215122.048,22.048,0.47,5.0,0.46,5.0,0.52,83.19,0.69,10.0,0.48,83.19,0.31,10.0,0.53,5.0,0.54,5.0,0.05,0.05,43.897191,1776215121000
1776215123.061,23.061,0.47,5.0,0.46,5.0,0.52,83.19,0.69,10.0,0.48,83.19,0.31,10.0,0.53,5.0,0.54,5.0,0.05,0.05,43.898241,1776215122000
1776215124.186,24.186,0.47,5.0,0.46,5.0,0.52,83.19,0.69,10.0,0.48,83.19,0.31,10.0,0.53,5.0,0.54,5.0,0.05,0.05,43.905813,1776215123000
1776215125.263,25.263,0.47,5.0,0.46,5.0,0.52,83.19,0.69,10.0,0.48,83.19,0.31,10.0,0.53,5.0,0.54,5.0,0.05,0.05,43.906141,1776215124000
1776215126.908,26.908,0.47,5.0,0.46,5.0,0.52,83.19,0.69,10.0,0.48,83.19,0.31,10.0,0.53,5.0,0.54,5.0,0.05,0.05,43.906203,1776215125000
1776215127.597,27.597,0.47,5.0,0.46,5.0,0.52,83.19,0.69,10.0,0.48,83.19,0.31,10.0,0.53,5.0,0.54,5.0,0.05,0.05,43.905841,1776215126000
1776215128.199,28.199,0.47,5.0,0.46,5.0,0.52,83.19,0.69,10.0,0.48,83.19,0.31,10.0,0.53,5.0,0.54,5.0,0.05,0.05,43.906141,1776215127000
1776215129.711,29.711,0.47,5.0,0.46,5.0,0.52,83.19,0.69,10.0,0.48,83.19,0.31,10.0,0.53,5.0,0.54,5.0,0.05,0.05,43.909326,1776215128000
1776215130.772,30.772,0.47,5.0,0.46,5.0,0.52,83.19,0.69,10.0,0.48,83.19,0.31,10.0,0.53,5.0,0.54,5.0,0.05,0.05,43.910403,1776215129000
1776215131.329,31.329,0.47,5.0,0.46,5.0,0.52,83.19,0.69,10.0,0.48,83.19,0.31,10.0,0.53,5.0,0.54,5.0,0.05,0.05,43.910556,1776215130000
1776215132.868,32.868,0.47,5.0,0.46,5.0,0.52,83.19,0.69,10.0,0.48,83.19,0.31,10.0,0.53,5.0,0.54,5.0,0.05,0.05,43.923934,1776215131000
1776215133.475,33.475,0.47,5.0,0.46,5.0,0.52,83.19,0.69,10.0,0.48,83.19,0.31,10.0,0.53,5.0,0.54,5.0,0.05,0.05,43.924054,1776215132000
1776215134.298,34.298,0.47,5.0,0.46,5.0,0.52,83.19,0.69,10.0,0.48,83.19,0.31,10.0,0.53,5.0,0.54,5.0,0.05,0.05,43.923934,1776215133000
1776215134.966,34.966,0.47,5.0,0.46,5.0,0.52,83.19,0.69,10.0,0.48,83.19,0.31,10.0,0.53,5.0,0.54,5.0,0.05,0.05,43.926226,1776215134000
1776215136.483,36.483,0.47,5.0,0.46,5.0,0.52,83.19,0.69,10.0,0.48,83.19,0.31,10.0,0.53,5.0,0.54,5.0,0.05,0.05,43.925382,1776215135000
1776215137.172,37.172,0.47,5.0,0.46,5.0,0.52,83.19,0.69,10.0,0.48,83.19,0.31,10.0,0.53,5.0,0.54,5.0,0.05,0.05,43.926769,1776215136000
1776215138.589,38.589,0.47,5.0,0.46,5.0,0.52,83.19,0.69,10.0,0.48,83.19,0.31,10.0,0.53,5.0,0.54,5.0,0.05,0.05,43.927046,1776215137000
1776215139.37,39.37,0.47,5.0,0.46,5.0,0.52,83.19,0.69,10.0,0.48,83.19,0.31,10.0,0.53,5.0,0.54,5.0,0.05,0.05,43.927046,1776215138000
1776215140.181,40.181,0.47,5.0,0.46,5.0,0.52,83.19,0.69,10.0,0.48,83.19,0.31,10.0,0.53,5.0,0.54,5.0,0.05,0.05,43.927164,1776215139000
1776215141.645,41.645,0.47,5.0,0.46,5.0,0.52,83.19,0.69,10.0,0.48,83.19,0.31,10.0,0.53,5.0,0.54,5.0,0.05,0.05,43.927073,1776215140000
1776215142.299,42.299,0.47,5.0,0.46,5.0,0.52,83.19,0.69,10.0,0.48,83.19,0.31,10.0,0.53,5.0,0.54,5.0,0.05,0.05,43.927151,1776215141000
1776215144.058,44.058,0.47,5.0,0.46,5.0,0.52,83.19,0.69,10.0,0.48,83.19,0.31,10.0,0.53,5.0,0.54,5.0,0.05,0.05,43.92456,1776215142000
1776215144.559,44.559,0.47,5.0,0.46,5.0,0.52,83.19,0.69,10.0,0.48,83.19,0.31,10.0,0.53,5.0,0.54,5.0,0.05,0.05,43.924524,1776215143000
1776215145.273,45.273,0.47,5.0,0.46,5.0,0.52,83.19,0.69,10.0,0.48,83.19,0.31,10.0,0.53,5.0,0.54,5.0,0.05,0.05,43.924763,1776215144000
1776215146.086,46.086,0.47,5.0,0.46,5.0,0.52,83.19,0.69,10.0,0.48,83.19,0.31,10.0,0.53,5.0,0.54,5.0,0.05,0.05,43.924884,1776215145000
1776215147.086,47.086,0.47,5.0,0.46,5.0,0.52,83.19,0.69,10.0,0.48,83.19,0.31,10.0,0.53,5.0,0.54,5.0,0.05,0.05,43.924884,1776215146000
1776215147.293,47.293,0.71,10.0,0.67,5.0,0.77,5.39,0.78,15.0,0.48,83.19,0.31,10.0,0.53,5.0,0.54,5.0,0.06,0.05,43.924884,1776215146000
1776215148.081,48.081,0.71,10.0,0.67,5.0,0.77,5.39,0.78,15.0,0.23,5.39,0.22,15.0,0.29,10.0,0.33,5.0,0.06,0.06,43.925131,1776215147000
1776215149.109,49.109,0.71,10.0,0.67,5.0,0.77,5.39,0.78,15.0,0.23,5.39,0.22,15.0,0.29,10.0,0.33,5.0,0.06,0.06,43.925892,1776215148000
1776215149.462,49.462,0.71,10.0,0.68,5.0,0.76,9.61,0.77,5.39,0.23,5.39,0.22,15.0,0.29,10.0,0.33,5.0,0.05,0.06,43.925892,1776215148000
1776215150.1,50.1,0.71,10.0,0.68,5.0,0.76,9.61,0.77,5.39,0.24,9.61,0.23,5.39,0.29,10.0,0.32,5.0,0.05,0.05,43.924885,1776215149000
1776215151.045,51.045,0.71,10.0,0.68,5.0,0.76,9.61,0.77,5.39,0.24,9.61,0.23,5.39,0.29,10.0,0.32,5.0,0.05,0.05,43.924896,1776215150000
1776215152.114,52.114,0.71,10.0,0.68,5.0,0.76,9.61,0.77,5.39,0.24,9.61,0.23,5.39,0.29,10.0,0.32,5.0,0.05,0.05,43.924784,1776215151000
1776215152.347,52.347,0.72,5.0,0.68,5.0,0.74,15.0,0.75,15.0,0.24,9.61,0.23,5.39,0.29,10.0,0.32,5.0,0.02,0.05,43.924784,1776215151000
1776215152.606,52.606,0.7,5.0,0.68,5.0,0.75,15.0,0.76,9.61,0.26,15.0,0.25,15.0,0.28,5.0,0.32,5.0,0.05,0.02,43.924784,1776215151000
1776215153.167,53.167,0.7,5.0,0.68,5.0,0.75,15.0,0.76,9.61,0.25,15.0,0.24,9.61,0.3,5.0,0.32,5.0,0.05,0.05,43.924923,1776215152000
1776215154.189,54.189,0.71,5.0,0.68,20.0,0.74,7.0,0.75,15.0,0.25,15.0,0.24,9.61,0.3,5.0,0.32,5.0,0.03,0.05,43.924923,1776215152000
1776215154.455,54.455,0.74,8.0,0.71,5.0,0.75,15.0,0.76,9.61,0.26,7.0,0.25,15.0,0.29,5.0,0.32,20.0,0.01,0.03,43.925063,1776215153000
1776215155.176,55.176,0.74,8.0,0.71,5.0,0.75,15.0,0.76,9.61,0.25,15.0,0.24,9.61,0.26,8.0,0.29,5.0,0.01,0.01,43.925063,1776215154000
1776215156.246,56.246,0.74,8.0,0.71,5.0,0.75,15.0,0.76,9.61,0.25,15.0,0.24,9.61,0.26,8.0,0.29,5.0,0.01,0.01,43.925175,1776215155000
1776215156.481,56.481,0.74,8.0,0.71,5.0,0.76,9.61,0.77,5.39,0.25,15.0,0.24,9.61,0.26,8.0,0.29,5.0,0.02,0.01,43.925175,1776215155000
1776215157.523,57.523,0.74,8.0,0.71,5.0,0.76,9.61,0.77,5.39,0.24,9.61,0.23,5.39,0.26,8.0,0.29,5.0,0.02,0.02,43.925074,1776215156000
1776215158.446,58.446,0.74,8.0,0.71,5.0,0.76,9.61,0.77,5.39,0.24,9.61,0.23,5.39,0.26,8.0,0.29,5.0,0.02,0.02,43.928409,1776215157000
1776215159.224,59.224,0.74,8.0,0.71,5.0,0.76,9.61,0.77,5.39,0.24,9.61,0.23,5.39,0.26,8.0,0.29,5.0,0.02,0.02,43.925181,1776215158000
1776215160.493,60.493,0.74,8.0,0.71,5.0,0.76,9.61,0.77,5.39,0.24,9.61,0.23,5.39,0.26,8.0,0.29,5.0,0.02,0.02,43.925179,1776215159000
1776215161.059,61.059,0.74,8.0,0.71,5.0,0.76,9.61,0.77,5.39,0.24,9.61,0.23,5.39,0.26,8.0,0.29,5.0,0.02,0.02,43.925263,1776215160000
1776215162.384,62.384,0.74,8.0,0.72,5.0,0.77,5.39,0.78,15.0,0.23,5.39,0.22,15.0,0.26,8.0,0.28,5.0,0.03,0.03,43.925508,1776215161000
1776215162.919,62.919,0.74,8.0,0.71,5.0,0.77,5.39,0.78,15.0,0.23,5.39,0.22,15.0,0.26,8.0,0.29,5.0,0.03,0.03,43.925508,1776215162000
1776215164.087,64.087,0.74,8.0,0.71,5.0,0.77,5.39,0.78,15.0,0.23,5.39,0.22,15.0,0.26,8.0,0.29,5.0,0.03,0.03,43.926181,1776215163000
1776215165.187,65.187,0.74,8.0,0.73,5.0,0.78,13.58,0.79,15.0,0.23,5.39,0.22,15.0,0.26,8.0,0.29,5.0,0.04,0.03,43.926181,1776215163000
1776215165.569,65.569,0.74,8.0,0.73,5.0,0.79,15.0,0.8,15.0,0.22,13.58,0.21,15.0,0.26,8.0,0.27,5.0,0.05,0.04,43.925673,1776215164000
1776215166.708,66.708,0.74,8.0,0.73,5.0,0.79,15.0,0.8,15.0,0.21,15.0,0.2,15.0,0.26,8.0,0.27,5.0,0.05,0.05,43.925832,1776215165000
1776215167.22,67.22,0.74,8.0,0.73,5.0,0.79,15.0,0.8,15.0,0.21,15.0,0.2,15.0,0.26,8.0,0.27,5.0,0.05,0.05,43.925165,1776215166000
1776215168.308,68.308,0.74,8.0,0.73,5.0,0.79,15.0,0.8,15.0,0.21,15.0,0.2,15.0,0.26,8.0,0.27,5.0,0.05,0.05,43.926917,1776215167000
1776215168.542,68.542,0.74,8.0,0.73,5.0,0.79,15.0,0.8,15.0,0.21,15.0,0.2,15.0,0.26,8.0,0.27,5.0,0.05,0.05,43.926917,1776215167000
1776215169.504,69.504,0.74,8.0,0.73,5.0,0.79,15.0,0.8,15.0,0.21,15.0,0.2,15.0,0.26,8.0,0.27,5.0,0.05,0.05,43.925401,1776215168000
1776215170.196,70.196,0.74,2.61,0.73,5.0,0.79,15.0,0.8,15.0,0.21,15.0,0.2,15.0,0.26,2.61,0.27,5.0,0.05,0.05,43.925401,1776215169000
1776215171.318,71.318,0.74,2.61,0.73,5.0,0.79,15.0,0.8,15.0,0.21,15.0,0.2,15.0,0.26,2.61,0.27,5.0,0.05,0.05,43.925456,1776215170000
1776215171.977,71.977,0.74,2.61,0.73,5.0,0.79,15.0,0.8,15.0,0.21,15.0,0.2,15.0,0.26,2.61,0.27,5.0,0.05,0.05,43.925456,1776215171000
1776215173.892,73.892,0.74,2.61,0.73,5.0,0.8,15.0,0.81,15.0,0.2,15.0,0.19,15.0,0.26,2.61,0.27,5.0,0.06,0.06,43.925323,1776215172000
1776215174.504,74.504,0.74,2.61,0.73,5.0,0.8,15.0,0.81,15.0,0.2,15.0,0.19,15.0,0.26,2.61,0.27,5.0,0.06,0.06,43.925323,1776215173000
1776215175.414,75.414,0.74,2.61,0.73,5.0,0.8,15.0,0.81,15.0,0.2,15.0,0.19,15.0,0.26,2.61,0.27,5.0,0.06,0.06,43.925406,1776215174000
1776215176.108,76.108,0.74,2.61,0.73,5.0,0.8,15.0,0.81,15.0,0.2,15.0,0.19,15.0,0.26,2.61,0.27,5.0,0.06,0.06,43.925407,1776215175000
1776215176.311,76.311,0.74,2.61,0.73,5.0,0.8,15.0,0.81,15.0,0.2,15.0,0.19,15.0,0.26,2.61,0.27,5.0,0.06,0.06,43.925407,1776215175000
1776215177.48,77.48,0.74,2.61,0.73,5.0,0.8,15.0,0.81,15.0,0.2,15.0,0.19,15.0,0.26,2.61,0.27,5.0,0.06,0.06,43.925462,1776215176000
1776215178.215,78.215,0.74,2.61,0.73,5.0,0.8,15.0,0.81,15.0,0.2,15.0,0.19,15.0,0.26,2.61,0.27,5.0,0.06,0.06,43.925462,1776215177000
1776215178.472,78.472,0.74,2.61,0.73,5.0,0.8,15.0,0.81,15.0,0.2,15.0,0.19,15.0,0.26,2.61,0.27,5.0,0.06,0.06,43.925462,1776215177000
1776215179.423,79.423,0.74,2.61,0.73,5.0,0.8,15.0,0.81,15.0,0.2,15.0,0.19,15.0,0.26,2.61,0.27,5.0,0.06,0.06,43.926052,1776215178000
1776215180.046,80.046,0.74,2.61,0.73,5.0,0.8,15.0,0.81,15.0,0.2,15.0,0.19,15.0,0.26,2.61,0.27,5.0,0.06,0.06,43.925603,1776215179000
1776215181.433,81.433,0.74,2.61,0.73,5.0,0.8,15.0,0.81,15.0,0.2,15.0,0.19,15.0,0.26,2.61,0.27,5.0,0.06,0.06,43.925534,1776215180000
1776215182.016,82.016,0.74,2.61,0.73,5.0,0.8,15.0,0.81,15.0,0.2,15.0,0.19,15.0,0.26,2.61,0.27,5.0,0.06,0.06,43.926071,1776215181000
1776215183.214,83.214,0.74,2.61,0.73,5.0,0.8,15.0,0.81,15.0,0.2,15.0,0.19,15.0,0.26,2.61,0.27,5.0,0.06,0.06,43.932337,1776215182000
1776215184.346,84.346,0.74,2.61,0.73,5.0,0.8,15.0,0.81,15.0,0.2,15.0,0.19,15.0,0.26,2.61,0.27,5.0,0.06,0.06,43.937011,1776215183000
1776215184.931,84.931,0.74,2.61,0.73,5.0,0.8,15.0,0.81,15.0,0.2,15.0,0.19,15.0,0.26,2.61,0.27,5.0,0.06,0.06,43.937011,1776215184000
1776215186.194,86.194,0.74,2.61,0.73,5.0,0.8,15.0,0.81,15.0,0.2,15.0,0.19,15.0,0.26,2.61,0.27,5.0,0.06,0.06,43.940359,1776215185000
1776215187.441,87.441,0.74,2.61,0.73,5.0,0.8,15.0,0.81,15.0,0.2,15.0,0.19,15.0,0.26,2.61,0.27,5.0,0.06,0.06,43.941429,1776215186000
1776215187.998,87.998,0.74,2.61,0.73,5.0,0.8,15.0,0.81,15.0,0.2,15.0,0.19,15.0,0.26,2.61,0.27,5.0,0.06,0.06,43.942465,1776215187000
1776215189.302,89.302,0.74,2.61,0.73,5.0,0.8,15.0,0.81,15.0,0.2,15.0,0.19,15.0,0.26,2.61,0.27,5.0,0.06,0.06,43.942837,1776215188000
1776215190.437,90.437,0.74,2.61,0.73,5.0,0.8,15.0,0.81,15.0,0.2,15.0,0.19,15.0,0.26,2.61,0.27,5.0,0.06,0.06,43.942674,1776215189000
1776215190.957,90.957,0.74,2.61,0.73,5.0,0.8,15.0,0.81,15.0,0.2,15.0,0.19,15.0,0.26,2.61,0.27,5.0,0.06,0.06,43.942454,1776215190000
1776215191.957,91.957,0.74,2.61,0.73,5.0,0.8,15.0,0.81,15.0,0.2,15.0,0.19,15.0,0.26,2.61,0.27,5.0,0.06,0.06,43.943302,1776215191000
1776215192.9,92.9,0.74,2.61,0.73,5.0,0.8,15.0,0.81,15.0,0.2,15.0,0.19,15.0,0.26,2.61,0.27,5.0,0.06,0.06,43.946709,1776215192000
1776215193.994,93.994,0.74,2.61,0.73,5.0,0.8,15.0,0.81,15.0,0.2,15.0,0.19,15.0,0.26,2.61,0.27,5.0,0.06,0.06,43.946524,1776215193000
1776215195.171,95.171,0.74,2.61,0.73,5.0,0.8,15.0,0.81,15.0,0.2,15.0,0.19,15.0,0.26,2.61,0.27,5.0,0.06,0.06,43.946471,1776215194000
1776215196.303,96.303,0.74,2.61,0.73,5.0,0.8,15.0,0.81,15.0,0.2,15.0,0.19,15.0,0.26,2.61,0.27,5.0,0.06,0.06,43.946268,1776215195000
1776215196.91,96.91,0.74,2.61,0.73,5.0,0.8,15.0,0.81,15.0,0.2,15.0,0.19,15.0,0.26,2.61,0.27,5.0,0.06,0.06,43.946354,1776215196000
1776215197.909,97.909,0.74,2.61,0.73,5.0,0.8,15.0,0.81,15.0,0.2,15.0,0.19,15.0,0.26,2.61,0.27,5.0,0.06,0.06,43.94652,1776215197000
1776215199.04,99.04,0.74,2.61,0.73,5.0,0.8,15.0,0.81,15.0,0.2,15.0,0.19,15.0,0.26,2.61,0.27,5.0,0.06,0.06,43.946621,1776215198000
1776215199.972,99.972,0.74,2.61,0.73,5.0,0.8,15.0,0.81,15.0,0.2,15.0,0.19,15.0,0.26,2.61,0.27,5.0,0.06,0.06,43.946913,1776215199000
1776215200.989,100.989,0.74,2.61,0.73,5.0,0.8,15.0,0.81,15.0,0.2,15.0,0.19,15.0,0.26,2.61,0.27,5.0,0.06,0.06,43.946913,1776215200000
1776215201.92,101.92,0.74,2.61,0.73,5.0,0.8,15.0,0.81,15.0,0.2,15.0,0.19,15.0,0.26,2.61,0.27,5.0,0.06,0.06,43.947022,1776215201000
1776215202.96,102.96,0.74,2.61,0.73,5.0,0.8,15.0,0.81,15.0,0.2,15.0,0.19,15.0,0.26,2.61,0.27,5.0,0.06,0.06,43.946947,1776215202000
1776215204.086,104.086,0.74,2.61,0.73,5.0,0.8,15.0,0.81,15.0,0.2,15.0,0.19,15.0,0.26,2.61,0.27,5.0,0.06,0.06,43.945966,1776215203000
1776215205.215,105.215,0.74,2.61,0.73,5.0,0.8,15.0,0.81,15.0,0.2,15.0,0.19,15.0,0.26,2.61,0.27,5.0,0.06,0.06,43.947536,1776215204000
1776215206.247,106.247,0.74,2.61,0.73,5.0,0.8,15.0,0.81,15.0,0.2,15.0,0.19,15.0,0.26,2.61,0.27,5.0,0.06,0.06,43.946029,1776215205000
1776215207.358,107.358,0.74,2.61,0.73,5.0,0.8,15.0,0.81,15.0,0.2,15.0,0.19,15.0,0.26,2.61,0.27,5.0,0.06,0.06,43.946137,1776215206000
1776215207.955,107.955,0.74,2.61,0.73,5.0,0.8,15.0,0.81,15.0,0.2,15.0,0.19,15.0,0.26,2.61,0.27,5.0,0.06,0.06,43.946137,1776215207000
1776215208.874,108.874,0.74,2.61,0.73,5.0,0.8,15.0,0.81,15.0,0.2,15.0,0.19,15.0,0.26,2.61,0.27,5.0,0.06,0.06,43.946054,1776215208000
1776215209.804,109.804,0.74,2.61,0.73,5.0,0.8,15.0,0.81,15.0,0.2,15.0,0.19,15.0,0.26,2.61,0.27,5.0,0.06,0.06,43.946032,1776215209000
1776215210.858,110.858,0.74,2.61,0.73,5.0,0.8,15.0,0.81,15.0,0.2,15.0,0.19,15.0,0.26,2.61,0.27,5.0,0.06,0.06,43.946086,1776215210000
1776215212.289,112.289,0.74,2.61,0.73,5.0,0.8,15.0,0.81,15.0,0.2,15.0,0.19,15.0,0.26,2.61,0.27,5.0,0.06,0.06,43.946473,1776215211000
1776215213.314,113.314,0.74,2.61,0.73,5.0,0.8,15.0,0.81,15.0,0.2,15.0,0.19,15.0,0.26,2.61,0.27,5.0,0.06,0.06,43.946066,1776215212000
1776215214.249,114.249,0.74,2.61,0.73,5.0,0.8,15.0,0.81,15.0,0.2,15.0,0.19,15.0,0.26,2.61,0.27,5.0,0.06,0.06,43.945844,1776215213000
1776215215.334,115.334,0.74,2.61,0.73,5.0,0.8,15.0,0.81,15.0,0.2,15.0,0.19,15.0,0.26,2.61,0.27,5.0,0.06,0.06,43.942767,1776215214000
1776215216.58,116.58,0.74,2.61,0.73,5.0,0.8,15.0,0.81,15.0,0.2,15.0,0.19,15.0,0.26,2.61,0.27,5.0,0.06,0.06,43.941947,1776215215000
1776215217.469,117.469,0.74,2.61,0.73,5.0,0.8,15.0,0.81,15.0,0.2,15.0,0.19,15.0,0.26,2.61,0.27,5.0,0.06,0.06,43.941625,1776215216000
1776215217.979,117.979,0.74,2.61,0.73,5.0,0.8,15.0,0.81,15.0,0.2,15.0,0.19,15.0,0.26,2.61,0.27,5.0,0.06,0.06,43.941625,1776215217000
1776215219.067,119.067,0.74,2.61,0.73,5.0,0.8,15.0,0.81,15.0,0.2,15.0,0.19,15.0,0.26,2.61,0.27,5.0,0.06,0.06,43.943803,1776215218000
1776215220.394,120.394,0.74,2.61,0.73,5.0,0.8,15.0,0.81,15.0,0.2,15.0,0.19,15.0,0.26,2.61,0.27,5.0,0.06,0.06,43.943795,1776215219000
1776215221.402,121.402,0.74,2.61,0.73,5.0,0.8,15.0,0.81,15.0,0.2,15.0,0.19,15.0,0.26,2.61,0.27,5.0,0.06,0.06,43.942345,1776215220000
1776215221.972,121.972,0.74,2.61,0.73,5.0,0.8,15.0,0.81,15.0,0.2,15.0,0.19,15.0,0.26,2.61,0.27,5.0,0.06,0.06,43.942445,1776215221000
1776215222.965,122.965,0.74,2.61,0.73,5.0,0.8,15.0,0.81,15.0,0.2,15.0,0.19,15.0,0.26,2.61,0.27,5.0,0.06,0.06,43.942225,1776215222000
1776215223.893,123.893,0.74,2.61,0.73,5.0,0.8,15.0,0.81,15.0,0.2,15.0,0.19,15.0,0.26,2.61,0.27,5.0,0.06,0.06,43.942414,1776215223000
1776215224.921,124.921,0.74,2.61,0.73,5.0,0.8,15.0,0.81,15.0,0.2,15.0,0.19,15.0,0.26,2.61,0.27,5.0,0.06,0.06,43.941873,1776215224000
1776215225.886,125.886,0.74,2.61,0.73,5.0,0.8,15.0,0.81,15.0,0.2,15.0,0.19,15.0,0.26,2.61,0.27,5.0,0.06,0.06,43.941874,1776215225000
1776215226.817,126.817,0.74,2.61,0.73,5.0,0.8,15.0,0.81,15.0,0.2,15.0,0.19,15.0,0.26,2.61,0.27,5.0,0.06,0.06,43.945725,1776215226000
1776215227.773,127.773,0.74,2.61,0.73,5.0,0.8,15.0,0.81,15.0,0.2,15.0,0.19,15.0,0.26,2.61,0.27,5.0,0.06,0.06,43.946301,1776215227000
1776215229.216,129.216,0.74,2.61,0.73,5.0,0.8,15.0,0.81,15.0,0.2,15.0,0.19,15.0,0.26,2.61,0.27,5.0,0.06,0.06,43.94287,1776215228000
1776215230.849,130.849,0.74,2.61,0.73,5.0,0.8,15.0,0.81,15.0,0.2,15.0,0.19,15.0,0.26,2.61,0.27,5.0,0.06,0.06,43.942952,1776215229000
1776215231.31,131.31,0.74,2.61,0.73,5.0,0.8,15.0,0.81,15.0,0.2,15.0,0.19,15.0,0.26,2.61,0.27,5.0,0.06,0.06,43.943015,1776215230000
1776215232.346,132.346,0.74,2.61,0.73,5.0,0.8,15.0,0.81,15.0,0.2,15.0,0.19,15.0,0.26,2.61,0.27,5.0,0.06,0.06,43.943015,1776215231000
1776215232.897,132.897,0.74,2.61,0.73,5.0,0.8,15.0,0.81,15.0,0.2,15.0,0.19,15.0,0.26,2.61,0.27,5.0,0.06,0.06,43.94304,1776215232000
1776215233.931,133.931,0.74,2.61,0.73,5.0,0.8,15.0,0.81,15.0,0.2,15.0,0.19,15.0,0.26,2.61,0.27,5.0,0.06,0.06,43.94304,1776215233000
1776215235.035,135.035,0.74,2.61,0.73,5.0,0.8,15.0,0.81,15.0,0.2,15.0,0.19,15.0,0.26,2.61,0.27,5.0,0.06,0.06,43.945234,1776215234000
1776215236.024,136.024,0.74,2.61,0.73,5.0,0.8,15.0,0.81,15.0,0.2,15.0,0.19,15.0,0.26,2.61,0.27,5.0,0.06,0.06,43.957612,1776215235000
1776215237.125,137.125,0.74,2.61,0.73,5.0,0.8,15.0,0.81,15.0,0.2,15.0,0.19,15.0,0.26,2.61,0.27,5.0,0.06,0.06,43.968656,1776215236000
1776215237.64,137.64,0.86,27.0,0.85,15.0,0.93,10.0,0.94,15.0,0.2,15.0,0.19,15.0,0.26,2.61,0.27,5.0,0.07,0.06,43.968656,1776215236000
1776215238.12,138.12,0.86,27.0,0.85,15.0,0.93,10.0,0.94,15.0,0.07,10.0,0.06,15.0,0.14,27.0,0.15,15.0,0.07,0.07,43.965445,1776215237000
1776215239.146,139.146,0.86,27.0,0.85,15.0,0.93,10.0,0.94,15.0,0.07,10.0,0.06,15.0,0.14,27.0,0.15,15.0,0.07,0.07,43.96307,1776215238000
1776215240.144,140.144,0.86,27.0,0.85,15.0,0.93,10.0,0.94,15.0,0.07,10.0,0.06,15.0,0.14,27.0,0.15,15.0,0.07,0.07,43.959391,1776215239000
1776215241.207,141.207,0.86,27.0,0.85,15.0,0.93,10.0,0.94,15.0,0.07,10.0,0.06,15.0,0.14,27.0,0.15,15.0,0.07,0.07,43.959597,1776215240000
1776215242.16,142.16,0.86,27.0,0.85,15.0,0.93,10.0,0.94,15.0,0.07,10.0,0.06,15.0,0.14,27.0,0.15,15.0,0.07,0.07,43.965171,1776215241000
1776215243.247,143.247,0.86,27.0,0.85,15.0,0.93,10.0,0.94,15.0,0.07,10.0,0.06,15.0,0.14,27.0,0.15,15.0,0.07,0.07,43.967063,1776215242000
1776215244.069,144.069,0.93,15.0,0.92,15.0,0.96,14.89,0.97,158.12,0.07,10.0,0.06,15.0,0.14,27.0,0.15,15.0,0.03,0.07,43.967063,1776215242000
1776215244.274,144.274,0.93,15.0,0.92,15.0,0.96,14.89,0.97,158.12,0.04,14.89,0.03,158.12,0.07,15.0,0.08,15.0,0.03,0.03,43.967185,1776215243000
1776215245.347,145.347,0.93,15.0,0.92,15.0,0.96,14.89,0.97,158.12,0.04,14.89,0.03,158.12,0.07,15.0,0.08,15.0,0.03,0.03,43.968515,1776215244000
1776215245.909,145.909,0.93,15.0,0.92,15.0,0.96,14.89,0.97,158.12,0.04,14.89,0.03,158.12,0.07,15.0,0.08,15.0,0.03,0.03,43.968514,1776215245000
1776215247.043,147.043,0.93,15.0,0.92,15.0,0.96,14.89,0.97,158.12,0.04,14.89,0.03,158.12,0.07,15.0,0.08,15.0,0.03,0.03,43.968509,1776215246000
1776215248.011,148.011,0.93,15.0,0.92,15.0,0.96,14.89,0.97,158.12,0.04,14.89,0.03,158.12,0.07,15.0,0.08,15.0,0.03,0.03,43.974563,1776215247000
1776215249.007,149.007,0.93,15.0,0.92,15.0,0.96,14.89,0.97,158.12,0.04,14.89,0.03,158.12,0.07,15.0,0.08,15.0,0.03,0.03,43.974839,1776215248000
1776215249.972,149.972,0.93,15.0,0.92,15.0,0.96,14.89,0.97,158.12,0.04,14.89,0.03,158.12,0.07,15.0,0.08,15.0,0.03,0.03,43.975528,1776215249000
1776215250.997,150.997,0.95,10.0,0.91,13.0,0.96,15.0,0.97,158.12,0.04,14.89,0.03,158.12,0.07,15.0,0.08,15.0,0.01,0.03,43.975528,1776215249000
1776215252.035,152.035,0.95,10.0,0.91,13.0,0.96,15.0,0.97,158.12,0.04,15.0,0.03,158.12,0.05,10.0,0.09,13.0,0.01,0.01,43.976115,1776215251000
1776215253.089,153.089,0.95,10.0,0.91,13.0,0.96,15.0,0.97,158.12,0.04,15.0,0.03,158.12,0.05,10.0,0.09,13.0,0.01,0.01,43.97159,1776215252000
1776215253.983,153.983,0.95,10.0,0.91,13.0,0.96,15.0,0.97,158.12,0.04,15.0,0.03,158.12,0.05,10.0,0.09,13.0,0.01,0.01,43.970045,1776215253000
1776215255.063,155.063,0.95,10.0,0.91,13.0,0.96,15.0,0.97,158.12,0.04,15.0,0.03,158.12,0.05,10.0,0.09,13.0,0.01,0.01,43.970272,1776215254000
1776215256.107,156.107,0.95,10.0,0.91,13.0,0.96,15.0,0.97,158.12,0.04,15.0,0.03,158.12,0.05,10.0,0.09,13.0,0.01,0.01,43.970373,1776215255000
1776215257.689,157.689,0.95,10.0,0.91,13.0,0.96,15.0,0.97,158.12,0.04,15.0,0.03,158.12,0.05,10.0,0.09,13.0,0.01,0.01,43.967618,1776215256000
1776215258.151,158.151,0.95,10.0,0.91,13.0,0.96,15.0,0.97,158.12,0.04,15.0,0.03,158.12,0.05,10.0,0.09,13.0,0.01,0.01,43.967639,1776215257000
1776215259.216,159.216,0.95,10.0,0.91,13.0,0.96,15.0,0.97,158.12,0.04,15.0,0.03,158.12,0.05,10.0,0.09,13.0,0.01,0.01,43.968013,1776215258000
1776215260.204,160.204,0.95,10.0,0.91,13.0,0.96,15.0,0.97,158.12,0.04,15.0,0.03,158.12,0.05,10.0,0.09,13.0,0.01,0.01,43.973445,1776215259000
1776215261.285,161.285,0.95,10.0,0.91,13.0,0.96,15.0,0.97,158.12,0.04,15.0,0.03,158.12,0.05,10.0,0.09,13.0,0.01,0.01,43.974819,1776215260000
1776215261.688,161.688,0.95,30.0,0.94,15.0,0.97,142.08,0.98,25.0,0.04,15.0,0.03,158.12,0.05,10.0,0.09,13.0,0.02,0.01,43.974819,1776215260000
1776215262.323,162.323,0.95,30.0,0.94,15.0,0.97,142.08,0.98,25.0,0.03,142.08,0.02,25.0,0.05,30.0,0.06,15.0,0.02,0.02,43.97596,1776215261000
1776215262.95,162.95,0.95,30.0,0.94,15.0,0.97,142.08,0.98,25.0,0.03,142.08,0.02,25.0,0.05,30.0,0.06,15.0,0.02,0.02,43.97596,1776215262000
1776215263.996,163.996,0.95,30.0,0.94,15.0,0.97,142.08,0.98,25.0,0.03,142.08,0.02,25.0,0.05,30.0,0.06,15.0,0.02,0.02,43.976035,1776215263000
1776215265.002,165.002,0.95,30.0,0.94,15.0,0.97,142.08,0.98,25.0,0.03,142.08,0.02,25.0,0.05,30.0,0.06,15.0,0.02,0.02,43.976232,1776215264000
1776215265.981,165.981,0.95,30.0,0.94,15.0,0.97,142.08,0.98,25.0,0.03,142.08,0.02,25.0,0.05,30.0,0.06,15.0,0.02,0.02,43.976013,1776215265000
1776215266.97,166.97,0.95,30.0,0.94,15.0,0.97,142.08,0.98,25.0,0.03,142.08,0.02,25.0,0.05,30.0,0.06,15.0,0.02,0.02,43.976128,1776215266000
1776215268.004,168.004,0.95,30.0,0.94,15.0,0.97,142.08,0.98,25.0,0.03,142.08,0.02,25.0,0.05,30.0,0.06,15.0,0.02,0.02,43.975961,1776215267000
1776215268.595,168.595,0.96,20.0,0.95,30.0,0.97,138.98,0.98,25.0,0.03,142.08,0.02,25.0,0.05,30.0,0.06,15.0,0.01,0.02,43.975961,1776215267000
1776215269.04,169.04,0.96,20.0,0.95,30.0,0.97,138.98,0.98,25.0,0.03,138.98,0.02,25.0,0.04,20.0,0.05,30.0,0.01,0.01,43.976616,1776215268000
1776215269.988,169.988,0.96,20.0,0.95,30.0,0.97,138.98,0.98,25.0,0.03,138.98,0.02,25.0,0.04,20.0,0.05,30.0,0.01,0.01,43.977684,1776215269000
1776215271.964,171.964,0.96,20.0,0.95,30.0,0.97,138.98,0.98,25.0,0.03,138.98,0.02,25.0,0.04,20.0,0.05,30.0,0.01,0.01,43.977553,1776215270000
1776215272.849,172.849,0.96,20.0,0.95,30.0,0.97,138.98,0.98,25.0,0.03,138.98,0.02,25.0,0.04,20.0,0.05,30.0,0.01,0.01,43.977553,1776215271000
1776215273.738,173.738,0.96,20.0,0.95,30.0,0.97,138.98,0.98,25.0,0.03,138.98,0.02,25.0,0.04,20.0,0.05,30.0,0.01,0.01,43.982103,1776215272000
1776215274.202,174.202,0.96,20.0,0.95,30.0,0.97,138.98,0.98,25.0,0.03,138.98,0.02,25.0,0.04,20.0,0.05,30.0,0.01,0.01,43.982259,1776215273000
1776215275.528,175.528,0.96,20.0,0.95,30.0,0.97,138.98,0.98,25.0,0.03,138.98,0.02,25.0,0.04,20.0,0.05,30.0,0.01,0.01,43.97514,1776215274000
1776215276.148,176.148,0.96,20.0,0.95,30.0,0.97,138.98,0.98,25.0,0.03,138.98,0.02,25.0,0.04,20.0,0.05,30.0,0.01,0.01,43.974188,1776215275000
1776215277.406,177.406,0.96,20.0,0.95,30.0,0.97,138.98,0.98,25.0,0.03,138.98,0.02,25.0,0.04,20.0,0.05,30.0,0.01,0.01,43.973286,1776215276000
1776215278.112,178.112,0.96,20.0,0.95,30.0,0.97,138.98,0.98,25.0,0.03,138.98,0.02,25.0,0.04,20.0,0.05,30.0,0.01,0.01,43.972276,1776215277000
1776215279.374,179.374,0.96,20.0,0.95,30.0,0.97,138.98,0.98,25.0,0.03,138.98,0.02,25.0,0.04,20.0,0.05,30.0,0.01,0.01,43.970956,1776215278000
1776215280.037,180.037,0.96,20.0,0.95,30.0,0.97,138.98,0.98,25.0,0.03,138.98,0.02,25.0,0.04,20.0,0.05,30.0,0.01,0.01,43.967436,1776215279000
1776215280.635,180.635,0.95,15.0,0.93,15.0,0.97,138.98,0.98,25.0,0.03,138.98,0.02,25.0,0.04,20.0,0.05,30.0,0.02,0.01,43.967436,1776215279000
1776215281.355,181.355,0.95,15.0,0.93,15.0,0.97,138.98,0.98,25.0,0.03,138.98,0.02,25.0,0.05,15.0,0.07,15.0,0.02,0.02,43.968389,1776215280000
1776215282.561,182.561,0.95,15.0,0.93,15.0,0.97,138.98,0.98,25.0,0.03,138.98,0.02,25.0,0.05,15.0,0.07,15.0,0.02,0.02,43.96972,1776215281000
1776215283.26,183.26,0.95,15.0,0.93,15.0,0.97,138.98,0.98,25.0,0.03,138.98,0.02,25.0,0.05,15.0,0.07,15.0,0.02,0.02,43.96972,1776215282000
1776215284.58,184.58,0.95,15.0,0.93,15.0,0.97,138.98,0.98,25.0,0.03,138.98,0.02,25.0,0.05,15.0,0.07,15.0,0.02,0.02,43.975275,1776215283000
1776215285.324,185.324,0.95,15.0,0.93,15.0,0.97,138.98,0.98,25.0,0.03,138.98,0.02,25.0,0.05,15.0,0.07,15.0,0.02,0.02,43.976537,1776215284000
1776215286.517,186.517,0.95,15.0,0.93,15.0,0.97,138.98,0.98,25.0,0.03,138.98,0.02,25.0,0.05,15.0,0.07,15.0,0.02,0.02,43.980053,1776215285000
1776215287.086,187.086,0.95,15.0,0.93,15.0,0.97,138.98,0.98,25.0,0.03,138.98,0.02,25.0,0.05,15.0,0.07,15.0,0.02,0.02,43.982602,1776215286000
1776215288.272,188.272,0.95,15.0,0.93,15.0,0.97,138.98,0.98,25.0,0.03,138.98,0.02,25.0,0.05,15.0,0.07,15.0,0.02,0.02,43.983359,1776215287000
1776215289.896,189.896,0.95,15.0,0.93,15.0,0.97,138.98,0.98,25.0,0.03,138.98,0.02,25.0,0.05,15.0,0.07,15.0,0.02,0.02,43.976221,1776215288000
1776215290.695,190.695,0.95,15.0,0.93,15.0,0.97,138.98,0.98,25.0,0.03,138.98,0.02,25.0,0.05,15.0,0.07,15.0,0.02,0.02,43.976414,1776215289000
1776215291.338,191.338,0.95,15.0,0.93,15.0,0.97,138.98,0.98,25.0,0.03,138.98,0.02,25.0,0.05,15.0,0.07,15.0,0.02,0.02,43.976599,1776215290000
1776215292.313,192.313,0.95,15.0,0.93,15.0,0.97,138.98,0.98,25.0,0.03,138.98,0.02,25.0,0.05,15.0,0.07,15.0,0.02,0.02,43.976618,1776215291000
1776215293.571,193.571,0.95,15.0,0.93,15.0,0.97,138.98,0.98,25.0,0.03,138.98,0.02,25.0,0.05,15.0,0.07,15.0,0.02,0.02,43.976461,1776215292000
1776215294.376,194.376,0.95,15.0,0.93,15.0,0.97,138.98,0.98,25.0,0.03,138.98,0.02,25.0,0.05,15.0,0.07,15.0,0.02,0.02,43.976408,1776215293000
1776215295.66,195.66,0.95,15.0,0.93,15.0,0.97,138.98,0.98,25.0,0.03,138.98,0.02,25.0,0.05,15.0,0.07,15.0,0.02,0.02,43.975194,1776215294000
1776215296.326,196.326,0.95,15.0,0.93,15.0,0.97,138.98,0.98,25.0,0.03,138.98,0.02,25.0,0.05,15.0,0.07,15.0,0.02,0.02,43.967247,1776215295000
1776215297.026,197.026,0.95,15.0,0.93,15.0,0.97,138.98,0.98,25.0,0.03,138.98,0.02,25.0,0.05,15.0,0.07,15.0,0.02,0.02,43.965541,1776215296000
1776215298.652,198.652,0.95,15.0,0.93,15.0,0.97,138.98,0.98,25.0,0.03,138.98,0.02,25.0,0.05,15.0,0.07,15.0,0.02,0.02,43.955367,1776215297000
1776215299.319,199.319,0.95,15.0,0.93,15.0,0.97,138.98,0.98,25.0,0.03,138.98,0.02,25.0,0.05,15.0,0.07,15.0,0.02,0.02,43.954054,1776215298000
1776215299.995,199.995,0.95,15.0,0.93,15.0,0.97,138.98,0.98,25.0,0.03,138.98,0.02,25.0,0.05,15.0,0.07,15.0,0.02,0.02,43.9514,1776215299000
1776215301.367,201.367,0.95,15.0,0.93,15.0,0.97,138.98,0.98,25.0,0.03,138.98,0.02,25.0,0.05,15.0,0.07,15.0,0.02,0.02,43.954335,1776215300000
1776215302.09,202.09,0.95,15.0,0.93,15.0,0.97,138.98,0.98,25.0,0.03,138.98,0.02,25.0,0.05,15.0,0.07,15.0,0.02,0.02,43.955939,1776215301000
1776215303.557,203.557,0.95,15.0,0.93,15.0,0.97,138.98,0.98,25.0,0.03,138.98,0.02,25.0,0.05,15.0,0.07,15.0,0.02,0.02,43.957411,1776215302000
1776215304.157,204.157,0.95,15.0,0.93,15.0,0.97,138.98,0.98,25.0,0.03,138.98,0.02,25.0,0.05,15.0,0.07,15.0,0.02,0.02,43.957479,1776215303000
1776215305.549,205.549,0.95,15.0,0.93,15.0,0.97,138.98,0.98,25.0,0.03,138.98,0.02,25.0,0.05,15.0,0.07,15.0,0.02,0.02,43.964035,1776215304000
1776215306.527,206.527,0.95,15.0,0.93,15.0,0.97,138.98,0.98,25.0,0.03,138.98,0.02,25.0,0.05,15.0,0.07,15.0,0.02,0.02,43.959743,1776215305000
1776215307.189,207.189,0.95,15.0,0.93,15.0,0.97,138.98,0.98,25.0,0.03,138.98,0.02,25.0,0.05,15.0,0.07,15.0,0.02,0.02,43.959139,1776215306000
1776215309.085,209.085,0.95,15.0,0.93,15.0,0.97,138.98,0.98,25.0,0.03,138.98,0.02,25.0,0.05,15.0,0.07,15.0,0.02,0.02,43.957215,1776215308000
1776215310.334,210.334,0.95,15.0,0.93,15.0,0.97,138.98,0.98,25.0,0.03,138.98,0.02,25.0,0.05,15.0,0.07,15.0,0.02,0.02,43.963668,1776215309000
1776215311.554,211.554,0.95,15.0,0.93,15.0,0.97,138.98,0.98,25.0,0.03,138.98,0.02,25.0,0.05,15.0,0.07,15.0,0.02,0.02,43.96777,1776215310000
1776215312.104,212.104,0.95,15.0,0.93,15.0,0.97,138.98,0.98,25.0,0.03,138.98,0.02,25.0,0.05,15.0,0.07,15.0,0.02,0.02,43.973599,1776215311000
1776215313.446,213.446,0.95,15.0,0.93,15.0,0.97,138.98,0.98,25.0,0.03,138.98,0.02,25.0,0.05,15.0,0.07,15.0,0.02,0.02,43.975057,1776215312000
1776215314.047,214.047,0.95,15.0,0.93,15.0,0.97,138.98,0.98,25.0,0.03,138.98,0.02,25.0,0.05,15.0,0.07,15.0,0.02,0.02,43.975333,1776215313000
1776215315.539,215.539,0.95,15.0,0.93,15.0,0.97,138.98,0.98,25.0,0.03,138.98,0.02,25.0,0.05,15.0,0.07,15.0,0.02,0.02,43.97594,1776215314000
1776215315.985,215.985,0.95,15.0,0.93,15.0,0.97,138.98,0.98,25.0,0.03,138.98,0.02,25.0,0.05,15.0,0.07,15.0,0.02,0.02,43.975747,1776215315000
1776215317.163,217.163,0.95,15.0,0.93,15.0,0.97,138.98,0.98,25.0,0.03,138.98,0.02,25.0,0.05,15.0,0.07,15.0,0.02,0.02,43.975747,1776215316000
1776215318.754,218.754,0.95,15.0,0.93,15.0,0.97,138.98,0.98,25.0,0.03,138.98,0.02,25.0,0.05,15.0,0.07,15.0,0.02,0.02,43.983265,1776215317000
1776215319.339,219.339,0.96,15.0,0.95,25.0,0.97,113.68,0.98,10.0,0.03,138.98,0.02,25.0,0.05,15.0,0.07,15.0,0.01,0.02,43.983265,1776215317000
1776215320.617,220.617,0.96,15.0,0.95,25.0,0.97,113.68,0.98,10.0,0.03,113.68,0.02,10.0,0.04,15.0,0.05,25.0,0.01,0.01,43.983741,1776215319000
1776215321.401,221.401,0.96,15.0,0.95,25.0,0.97,113.68,0.98,10.0,0.03,113.68,0.02,10.0,0.04,15.0,0.05,25.0,0.01,0.01,43.983869,1776215320000
1776215322.141,222.141,0.96,15.0,0.95,25.0,0.97,113.68,0.98,10.0,0.03,113.68,0.02,10.0,0.04,15.0,0.05,25.0,0.01,0.01,43.983958,1776215321000
1776215324.03,224.03,0.96,20.0,0.95,25.0,0.97,62.14,0.98,10.0,0.03,62.14,0.02,10.0,0.04,20.0,0.05,25.0,0.01,0.01,43.98413,1776215322000
1776215324.603,224.603,0.96,20.0,0.95,25.0,0.97,62.14,0.98,10.0,0.03,62.14,0.02,10.0,0.04,20.0,0.05,25.0,0.01,0.01,43.984154,1776215323000
1776215325.086,225.086,0.96,20.0,0.95,25.0,0.97,62.14,0.98,10.0,0.03,62.14,0.02,10.0,0.04,20.0,0.05,25.0,0.01,0.01,43.984154,1776215324000
1776215326.215,226.215,0.96,20.0,0.95,25.0,0.97,62.14,0.98,10.0,0.03,62.14,0.02,10.0,0.04,20.0,0.05,25.0,0.01,0.01,43.984234,1776215325000
1776215327.437,227.437,0.96,20.0,0.95,25.0,0.97,62.14,0.98,10.0,0.03,62.14,0.02,10.0,0.04,20.0,0.05,25.0,0.01,0.01,43.980307,1776215326000
1776215327.897,227.897,0.96,20.0,0.95,25.0,0.97,62.14,0.98,10.0,0.03,62.14,0.02,10.0,0.04,20.0,0.05,25.0,0.01,0.01,43.980307,1776215327000
1776215329.007,229.007,0.96,20.0,0.95,25.0,0.97,62.14,0.98,10.0,0.03,62.14,0.02,10.0,0.04,20.0,0.05,25.0,0.01,0.01,43.980505,1776215328000
1776215330.18,230.18,0.96,20.0,0.95,25.0,0.97,62.14,0.98,10.0,0.03,62.14,0.02,10.0,0.04,20.0,0.05,25.0,0.01,0.01,43.980228,1776215329000
1776215331.312,231.312,0.96,15.0,0.95,25.0,0.97,42.14,0.98,10.0,0.03,42.14,0.02,10.0,0.04,15.0,0.05,25.0,0.01,0.01,43.980228,1776215330000
1776215332.488,232.488,0.99,696.19,0.96,15.0,,,,,,,,,0.01,696.19,0.04,15.0,,,43.980007,1776215331000
1776215333.007,233.007,0.99,696.19,0.96,15.0,,,,,,,,,0.01,696.19,0.04,15.0,,,43.980606,1776215332000
1776215334.256,234.256,0.99,696.19,0.96,15.0,,,,,,,,,0.01,696.19,0.04,15.0,,,43.980377,1776215333000
1776215335.556,235.556,0.99,696.19,0.96,15.0,,,,,,,,,0.01,696.19,0.04,15.0,,,43.980507,1776215334000
1776215336.094,236.094,0.99,696.19,0.96,15.0,,,,,,,,,0.01,696.19,0.04,15.0,,,43.980974,1776215335000
1776215337.219,237.219,0.99,696.19,0.96,15.0,,,,,,,,,0.01,696.19,0.04,15.0,,,43.980974,1776215336000
1776215338.746,238.746,0.99,696.19,0.96,15.0,,,,,,,,,0.01,696.19,0.04,15.0,,,43.981,1776215337000
1776215339.358,239.358,0.99,696.19,0.96,15.0,,,,,,,,,0.01,696.19,0.04,15.0,,,43.981,1776215338000
1776215340.561,240.561,0.99,696.19,0.96,15.0,,,,,,,,,0.01,696.19,0.04,15.0,,,43.980308,1776215339000
1776215341.102,241.102,0.99,696.19,0.96,15.0,,,,,,,,,0.01,696.19,0.04,15.0,,,43.979793,1776215340000
1776215342.229,242.229,0.99,696.19,0.96,15.0,,,,,,,,,0.01,696.19,0.04,15.0,,,43.980313,1776215341000
1776215343.329,243.329,0.99,696.19,0.96,15.0,,,,,,,,,0.01,696.19,0.04,15.0,,,43.980313,1776215342000
1776215344.335,244.335,0.99,696.19,0.96,15.0,,,,,,,,,0.01,696.19,0.04,15.0,,,43.979288,1776215343000
1776215344.891,244.891,0.99,696.19,0.96,15.0,,,,,,,,,0.01,696.19,0.04,15.0,,,43.979288,1776215344000
1776215345.988,245.988,0.99,696.19,0.96,15.0,,,,,,,,,0.01,696.19,0.04,15.0,,,43.978713,1776215345000
1776215347.147,247.147,0.99,696.19,0.96,15.0,,,,,,,,,0.01,696.19,0.04,15.0,,,43.974804,1776215346000
1776215348.212,248.212,0.99,696.19,0.96,15.0,,,,,,,,,0.01,696.19,0.04,15.0,,,43.972045,1776215347000
1776215349.283,249.283,0.99,696.19,0.96,15.0,,,,,,,,,0.01,696.19,0.04,15.0,,,43.972086,1776215348000
1776215350.396,250.396,0.99,696.19,0.96,15.0,,,,,,,,,0.01,696.19,0.04,15.0,,,43.972387,1776215349000
1776215350.889,250.889,0.99,696.19,0.96,15.0,,,,,,,,,0.01,696.19,0.04,15.0,,,43.972387,1776215350000
1776215352.086,252.086,0.99,696.19,0.96,15.0,,,,,,,,,0.01,696.19,0.04,15.0,,,43.972413,1776215351000
1776215353.088,253.088,0.99,696.19,0.96,15.0,,,,,,,,,0.01,696.19,0.04,15.0,,,43.972428,1776215352000
1776215354.107,254.107,0.99,696.19,0.96,15.0,,,,,,,,,0.01,696.19,0.04,15.0,,,43.973773,1776215353000
1776215355.158,255.158,0.99,696.19,0.96,15.0,,,,,,,,,0.01,696.19,0.04,15.0,,,43.973773,1776215354000
1776215356.061,256.061,0.99,696.19,0.96,15.0,,,,,,,,,0.01,696.19,0.04,15.0,,,43.973157,1776215355000
1776215357.056,257.056,0.99,696.19,0.96,15.0,,,,,,,,,0.01,696.19,0.04,15.0,,,43.973179,1776215356000
1776215358.044,258.044,0.99,696.19,0.96,15.0,,,,,,,,,0.01,696.19,0.04,15.0,,,43.972586,1776215357000
1776215359.026,259.026,0.99,696.19,0.96,15.0,,,,,,,,,0.01,696.19,0.04,15.0,,,43.97256,1776215358000
1776215359.959,259.959,0.99,696.19,0.96,15.0,,,,,,,,,0.01,696.19,0.04,15.0,,,43.972937,1776215359000
1776215360.968,260.968,0.99,696.19,0.96,15.0,,,,,,,,,0.01,696.19,0.04,15.0,,,43.971376,1776215360000
1776215361.96,261.96,0.99,696.19,0.96,15.0,,,,,,,,,0.01,696.19,0.04,15.0,,,43.971368,1776215361000
1776215362.921,262.921,0.99,696.19,0.96,15.0,,,,,,,,,0.01,696.19,0.04,15.0,,,43.971633,1776215362000
1776215363.915,263.915,0.99,696.19,0.96,15.0,,,,,,,,,0.01,696.19,0.04,15.0,,,43.971164,1776215363000
1776215364.939,264.939,0.99,696.19,0.96,15.0,,,,,,,,,0.01,696.19,0.04,15.0,,,43.972398,1776215364000
1776215366.736,266.736,0.99,696.19,0.96,15.0,,,,,,,,,0.01,696.19,0.04,15.0,,,43.972404,1776215365000
1776215367.701,267.701,0.99,696.19,0.96,15.0,,,,,,,,,0.01,696.19,0.04,15.0,,,43.972315,1776215366000
1776215368.707,268.707,0.99,696.19,0.96,15.0,,,,,,,,,0.01,696.19,0.04,15.0,,,43.972315,1776215367000
1776215369.645,269.645,0.99,696.19,0.96,15.0,,,,,,,,,0.01,696.19,0.04,15.0,,,43.972315,1776215368000
1776215370.588,270.588,0.99,696.19,0.96,15.0,,,,,,,,,0.01,696.19,0.04,15.0,,,43.971717,1776215369000
1776215371.647,271.647,0.99,696.19,0.96,15.0,,,,,,,,,0.01,696.19,0.04,15.0,,,43.971529,1776215370000
1776215372.577,272.577,0.99,696.19,0.96,15.0,,,,,,,,,0.01,696.19,0.04,15.0,,,43.971125,1776215371000
1776215373.435,273.435,0.99,696.19,0.96,15.0,,,,,,,,,0.01,696.19,0.04,15.0,,,43.974058,1776215372000
1776215374.496,274.496,0.99,696.19,0.96,15.0,,,,,,,,,0.01,696.19,0.04,15.0,,,43.974219,1776215373000
1776215375.557,275.557,0.99,696.19,0.96,15.0,,,,,,,,,0.01,696.19,0.04,15.0,,,43.975019,1776215374000
1776215376.327,276.327,0.99,696.19,0.96,15.0,,,,,,,,,0.01,696.19,0.04,15.0,,,43.974968,1776215375000
1776215377.263,277.263,0.99,696.19,0.96,15.0,,,,,,,,,0.01,696.19,0.04,15.0,,,43.975104,1776215376000
1776215378.946,278.946,0.99,696.19,0.96,15.0,,,,,,,,,0.01,696.19,0.04,15.0,,,43.975595,1776215377000
1776215379.66,279.66,0.99,696.19,0.96,15.0,,,,,,,,,0.01,696.19,0.04,15.0,,,43.975595,1776215378000
1776215380.526,280.526,0.99,696.19,0.96,15.0,,,,,,,,,0.01,696.19,0.04,15.0,,,43.976285,1776215379000
1776215381.471,281.471,0.99,696.19,0.96,15.0,,,,,,,,,0.01,696.19,0.04,15.0,,,43.977107,1776215380000
1776215382.077,282.077,0.99,696.19,0.96,15.0,,,,,,,,,0.01,696.19,0.04,15.0,,,43.977107,1776215381000
1776215383.723,283.723,0.99,696.19,0.96,15.0,,,,,,,,,0.01,696.19,0.04,15.0,,,43.977788,1776215382000
1776215384.66,284.66,0.99,696.19,0.96,15.0,,,,,,,,,0.01,696.19,0.04,15.0,,,43.97832,1776215383000
1776215385.631,285.631,0.99,696.19,0.96,15.0,,,,,,,,,0.01,696.19,0.04,15.0,,,43.978839,1776215384000
1776215386.314,286.314,0.99,696.19,0.96,15.0,,,,,,,,,0.01,696.19,0.04,15.0,,,43.97858,1776215385000
1776215387.748,287.748,0.99,696.19,0.96,15.0,,,,,,,,,0.01,696.19,0.04,15.0,,,43.97858,1776215386000
1776215389.165,289.165,0.99,696.19,0.96,15.0,,,,,,,,,0.01,696.19,0.04,15.0,,,43.978268,1776215388000
1776215390.472,290.472,0.99,696.19,0.96,15.0,,,,,,,,,0.01,696.19,0.04,15.0,,,43.977966,1776215389000
1776215391.059,291.059,0.99,696.19,0.96,15.0,,,,,,,,,0.01,696.19,0.04,15.0,,,43.97807,1776215390000
1776215392.427,292.427,0.99,696.19,0.96,15.0,,,,,,,,,0.01,696.19,0.04,15.0,,,43.975052,1776215391000
1776215393.016,293.016,0.99,696.19,0.96,15.0,,,,,,,,,0.01,696.19,0.04,15.0,,,43.974264,1776215392000
1776215394.17,294.17,0.99,696.19,0.96,15.0,,,,,,,,,0.01,696.19,0.04,15.0,,,43.969279,1776215393000
1776215395.452,295.452,0.99,696.19,0.96,15.0,,,,,,,,,0.01,696.19,0.04,15.0,,,43.970776,1776215394000
1776215396.093,296.093,0.99,696.19,0.96,15.0,,,,,,,,,0.01,696.19,0.04,15.0,,,43.970565,1776215395000
1776215397.367,297.367,0.99,696.19,0.96,15.0,,,,,,,,,0.01,696.19,0.04,15.0,,,43.970001,1776215396000
1776215398.035,298.035,0.99,696.19,0.96,15.0,,,,,,,,,0.01,696.19,0.04,15.0,,,43.970009,1776215397000
1776215399.278,299.278,0.99,696.19,0.96,15.0,,,,,,,,,0.01,696.19,0.04,15.0,,,43.970397,1776215398000
1776215400.124,300.124,0.99,696.19,0.96,15.0,,,,,,,,,0.01,696.19,0.04,15.0,,,43.968338,1776215399000

# RESULT,winner=Up,slug=hype-updown-5m-1776215100,ticks=306
