timestamp,elapsed_sec,up_bid_p1,up_bid_s1,up_bid_p2,up_bid_s2,up_ask_p1,up_ask_s1,up_ask_p2,up_ask_s2,down_bid_p1,down_bid_s1,down_bid_p2,down_bid_s2,down_ask_p1,down_ask_s1,down_ask_p2,down_ask_s2,up_spread,down_spread,hype_price,hype_oracle_ts
1776205501.46,1.46,0.11,100.0,0.08,57.5,0.89,100.0,0.92,50.0,0.11,100.0,0.08,50.0,0.89,100.0,0.92,57.5,0.78,0.78,43.449959,1776205499000
1776205501.854,1.854,0.11,100.0,0.08,57.5,0.89,100.0,0.92,50.0,0.11,100.0,0.08,50.0,0.89,100.0,0.92,57.5,0.78,0.78,43.450025,1776205500000
1776205502.057,2.057,0.11,100.0,0.08,57.5,0.89,100.0,0.92,50.0,0.11,100.0,0.08,50.0,0.89,100.0,0.92,57.5,0.78,0.78,43.44984,1776205501000
1776205503.307,3.307,0.11,100.0,0.08,57.5,0.89,100.0,0.92,50.0,0.11,100.0,0.08,50.0,0.89,100.0,0.92,57.5,0.78,0.78,43.449837,1776205502000
1776205504.332,4.332,0.11,100.0,0.08,57.5,0.89,100.0,0.92,50.0,0.11,100.0,0.08,50.0,0.89,100.0,0.92,57.5,0.78,0.78,43.449772,1776205503000
1776205505.518,5.518,0.11,100.0,0.08,57.5,0.89,100.0,0.92,50.0,0.11,100.0,0.08,50.0,0.89,100.0,0.92,57.5,0.78,0.78,43.450248,1776205504000
1776205505.981,5.981,0.11,100.0,0.08,57.5,0.89,100.0,0.92,50.0,0.11,100.0,0.08,50.0,0.89,100.0,0.92,57.5,0.78,0.78,43.457065,1776205505000
1776205507.985,7.985,0.11,100.0,0.08,57.5,0.89,100.0,0.92,50.0,0.11,100.0,0.08,50.0,0.89,100.0,0.92,57.5,0.78,0.78,43.46113,1776205506000
1776205508.448,8.448,0.11,100.0,0.08,57.5,0.89,100.0,0.92,50.0,0.11,100.0,0.08,50.0,0.89,100.0,0.92,57.5,0.78,0.78,43.461542,1776205507000
1776205509.245,9.245,0.11,100.0,0.08,57.5,0.89,100.0,0.92,50.0,0.11,100.0,0.08,50.0,0.89,100.0,0.92,57.5,0.78,0.78,43.465962,1776205508000
1776205510.278,10.278,0.11,100.0,0.08,57.5,0.89,100.0,0.92,50.0,0.11,100.0,0.08,50.0,0.89,100.0,0.92,57.5,0.78,0.78,43.469347,1776205509000
1776205511.091,11.091,0.11,100.0,0.08,57.5,0.89,100.0,0.92,50.0,0.11,100.0,0.08,50.0,0.89,100.0,0.92,57.5,0.78,0.78,43.470032,1776205510000
1776205512.131,12.131,0.11,100.0,0.08,57.5,0.89,100.0,0.92,50.0,0.11,100.0,0.08,50.0,0.89,100.0,0.92,57.5,0.78,0.78,43.470032,1776205511000
1776205513.288,13.288,0.11,100.0,0.08,57.5,0.89,100.0,0.92,50.0,0.11,100.0,0.08,50.0,0.89,100.0,0.92,57.5,0.78,0.78,43.469319,1776205512000
1776205514.575,14.575,0.11,100.0,0.08,57.5,0.89,100.0,0.92,50.0,0.11,100.0,0.08,50.0,0.89,100.0,0.92,57.5,0.78,0.78,43.46887,1776205513000
1776205515.425,15.425,0.11,100.0,0.08,57.5,0.89,100.0,0.92,50.0,0.11,100.0,0.08,50.0,0.89,100.0,0.92,57.5,0.78,0.78,43.469183,1776205514000
1776205515.942,15.942,0.11,100.0,0.08,57.5,0.89,100.0,0.92,50.0,0.11,100.0,0.08,50.0,0.89,100.0,0.92,57.5,0.78,0.78,43.469183,1776205515000
1776205517.027,17.027,0.11,100.0,0.08,57.5,0.89,100.0,0.92,50.0,0.11,100.0,0.08,50.0,0.89,100.0,0.92,57.5,0.78,0.78,43.468697,1776205516000
1776205518.524,18.524,0.11,100.0,0.08,57.5,0.89,100.0,0.92,50.0,0.11,100.0,0.08,50.0,0.89,100.0,0.92,57.5,0.78,0.78,43.46619,1776205517000
1776205519.123,19.123,0.11,100.0,0.08,57.5,0.89,100.0,0.92,50.0,0.11,100.0,0.08,50.0,0.89,100.0,0.92,57.5,0.78,0.78,43.468322,1776205518000
1776205520.267,20.267,0.11,100.0,0.08,57.5,0.89,100.0,0.92,50.0,0.11,100.0,0.08,50.0,0.89,100.0,0.92,57.5,0.78,0.78,43.46784,1776205519000
1776205521.377,21.377,0.11,100.0,0.08,57.5,0.89,100.0,0.92,50.0,0.11,100.0,0.08,50.0,0.89,100.0,0.92,57.5,0.78,0.78,43.46784,1776205520000
1776205521.946,21.946,0.11,100.0,0.08,57.5,0.89,100.0,0.92,50.0,0.11,100.0,0.08,50.0,0.89,100.0,0.92,57.5,0.78,0.78,43.468676,1776205521000
1776205523.964,23.964,0.11,100.0,0.08,57.5,0.89,100.0,0.92,50.0,0.11,100.0,0.08,50.0,0.89,100.0,0.92,57.5,0.78,0.78,43.468246,1776205522000
1776205525.238,25.238,0.11,100.0,0.08,57.5,0.89,100.0,0.92,50.0,0.11,100.0,0.08,50.0,0.89,100.0,0.92,57.5,0.78,0.78,43.46786,1776205524000
1776205526.188,26.188,0.11,100.0,0.08,57.5,0.89,100.0,0.92,50.0,0.11,100.0,0.08,50.0,0.89,100.0,0.92,57.5,0.78,0.78,43.467882,1776205525000
1776205527.229,27.229,0.11,100.0,0.08,57.5,0.89,100.0,0.92,50.0,0.11,100.0,0.08,50.0,0.89,100.0,0.92,57.5,0.78,0.78,43.467882,1776205526000
1776205528.338,28.338,0.11,100.0,0.08,57.5,0.89,100.0,0.92,50.0,0.11,100.0,0.08,50.0,0.89,100.0,0.92,57.5,0.78,0.78,43.46783,1776205527000
1776205529.295,29.295,0.11,100.0,0.08,57.5,0.89,100.0,0.92,50.0,0.11,100.0,0.08,50.0,0.89,100.0,0.92,57.5,0.78,0.78,43.467893,1776205528000
1776205530.346,30.346,0.11,100.0,0.08,57.5,0.89,100.0,0.92,50.0,0.11,100.0,0.08,50.0,0.89,100.0,0.92,57.5,0.78,0.78,43.467929,1776205529000
1776205531.32,31.32,0.11,100.0,0.08,57.5,0.89,100.0,0.92,50.0,0.11,100.0,0.08,50.0,0.89,100.0,0.92,57.5,0.78,0.78,43.467797,1776205530000
1776205532.291,32.291,0.11,100.0,0.08,57.5,0.89,100.0,0.92,50.0,0.11,100.0,0.08,50.0,0.89,100.0,0.92,57.5,0.78,0.78,43.467923,1776205531000
1776205533.295,33.295,0.11,100.0,0.08,57.5,0.89,100.0,0.92,50.0,0.11,100.0,0.08,50.0,0.89,100.0,0.92,57.5,0.78,0.78,43.467932,1776205532000
1776205534.33,34.33,0.11,100.0,0.08,57.5,0.89,100.0,0.92,50.0,0.11,100.0,0.08,50.0,0.89,100.0,0.92,57.5,0.78,0.78,43.467994,1776205533000
1776205535.221,35.221,0.11,100.0,0.08,57.5,0.89,100.0,0.92,50.0,0.11,100.0,0.08,50.0,0.89,100.0,0.92,57.5,0.78,0.78,43.467041,1776205534000
1776205536.26,36.26,0.11,100.0,0.08,57.5,0.89,100.0,0.92,50.0,0.11,100.0,0.08,50.0,0.89,100.0,0.92,57.5,0.78,0.78,43.466467,1776205535000
1776205537.234,37.234,0.11,100.0,0.08,57.5,0.89,100.0,0.92,50.0,0.11,100.0,0.08,50.0,0.89,100.0,0.92,57.5,0.78,0.78,43.463169,1776205536000
1776205538.396,38.396,0.11,100.0,0.08,57.5,0.89,100.0,0.92,50.0,0.11,100.0,0.08,50.0,0.89,100.0,0.92,57.5,0.78,0.78,43.46316,1776205537000
1776205538.873,38.873,0.11,100.0,0.08,57.5,0.89,100.0,0.92,50.0,0.11,100.0,0.08,50.0,0.89,100.0,0.92,57.5,0.78,0.78,43.463231,1776205538000
1776205539.924,39.924,0.11,100.0,0.08,57.5,0.89,100.0,0.92,50.0,0.11,100.0,0.08,50.0,0.89,100.0,0.92,57.5,0.78,0.78,43.462964,1776205539000
1776205540.877,40.877,0.11,100.0,0.08,57.5,0.89,100.0,0.92,50.0,0.11,100.0,0.08,50.0,0.89,100.0,0.92,57.5,0.78,0.78,43.460217,1776205540000
1776205542.251,42.251,0.11,100.0,0.08,57.5,0.89,100.0,0.92,50.0,0.11,100.0,0.08,50.0,0.89,100.0,0.92,57.5,0.78,0.78,43.460133,1776205541000
1776205543.255,43.255,0.11,100.0,0.08,57.5,0.89,100.0,0.92,50.0,0.11,100.0,0.08,50.0,0.89,100.0,0.92,57.5,0.78,0.78,43.460132,1776205542000
1776205544.296,44.296,0.11,100.0,0.08,57.5,0.89,100.0,0.92,50.0,0.11,100.0,0.08,50.0,0.89,100.0,0.92,57.5,0.78,0.78,43.459803,1776205543000
1776205545.289,45.289,0.11,100.0,0.08,57.5,0.89,100.0,0.92,50.0,0.11,100.0,0.08,50.0,0.89,100.0,0.92,57.5,0.78,0.78,43.459605,1776205544000
1776205546.311,46.311,0.11,100.0,0.08,57.5,0.89,100.0,0.92,50.0,0.11,100.0,0.08,50.0,0.89,100.0,0.92,57.5,0.78,0.78,43.460009,1776205545000
1776205547.41,47.41,0.11,100.0,0.08,57.5,0.89,100.0,0.92,50.0,0.11,100.0,0.08,50.0,0.89,100.0,0.92,57.5,0.78,0.78,43.460011,1776205546000
1776205548.354,48.354,0.11,100.0,0.08,57.5,0.89,100.0,0.92,50.0,0.11,100.0,0.08,50.0,0.89,100.0,0.92,57.5,0.78,0.78,43.459449,1776205547000
1776205548.87,48.87,0.11,100.0,0.08,57.5,0.89,100.0,0.92,50.0,0.11,100.0,0.08,50.0,0.89,100.0,0.92,57.5,0.78,0.78,43.459887,1776205548000
1776205549.989,49.989,0.11,100.0,0.08,57.5,0.89,100.0,0.92,50.0,0.11,100.0,0.08,50.0,0.89,100.0,0.92,57.5,0.78,0.78,43.45995,1776205549000
1776205551.469,51.469,0.11,100.0,0.08,57.5,0.89,100.0,0.92,50.0,0.11,100.0,0.08,50.0,0.89,100.0,0.92,57.5,0.78,0.78,43.459971,1776205550000
1776205552.012,52.012,0.11,100.0,0.08,57.5,0.89,100.0,0.92,50.0,0.11,100.0,0.08,50.0,0.89,100.0,0.92,57.5,0.78,0.78,43.459543,1776205551000
1776205553.074,53.074,0.11,100.0,0.08,57.5,0.89,100.0,0.92,50.0,0.11,100.0,0.08,50.0,0.89,100.0,0.92,57.5,0.78,0.78,43.459242,1776205552000
1776205553.989,53.989,0.11,100.0,0.08,57.5,0.89,100.0,0.92,50.0,0.11,100.0,0.08,50.0,0.89,100.0,0.92,57.5,0.78,0.78,43.459242,1776205553000
1776205554.943,54.943,0.11,100.0,0.08,57.5,0.89,100.0,0.92,50.0,0.11,100.0,0.08,50.0,0.89,100.0,0.92,57.5,0.78,0.78,43.459291,1776205554000
1776205555.919,55.919,0.11,100.0,0.08,57.5,0.89,100.0,0.92,50.0,0.11,100.0,0.08,50.0,0.89,100.0,0.92,57.5,0.78,0.78,43.459291,1776205555000
1776205556.892,56.892,0.11,100.0,0.08,57.5,0.89,100.0,0.92,50.0,0.11,100.0,0.08,50.0,0.89,100.0,0.92,57.5,0.78,0.78,43.459228,1776205556000
1776205558.104,58.104,0.11,100.0,0.08,57.5,0.89,100.0,0.92,50.0,0.11,100.0,0.08,50.0,0.89,100.0,0.92,57.5,0.78,0.78,43.459332,1776205557000
1776205558.917,58.917,0.11,100.0,0.08,57.5,0.89,100.0,0.92,50.0,0.11,100.0,0.08,50.0,0.89,100.0,0.92,57.5,0.78,0.78,43.459352,1776205558000
1776205559.976,59.976,0.11,100.0,0.08,57.5,0.89,100.0,0.92,50.0,0.11,100.0,0.08,50.0,0.89,100.0,0.92,57.5,0.78,0.78,43.458591,1776205559000
1776205561.016,61.016,0.11,100.0,0.08,57.5,0.89,100.0,0.92,50.0,0.11,100.0,0.08,50.0,0.89,100.0,0.92,57.5,0.78,0.78,43.458357,1776205560000
1776205561.958,61.958,0.11,100.0,0.08,57.5,0.89,100.0,0.92,50.0,0.11,100.0,0.08,50.0,0.89,100.0,0.92,57.5,0.78,0.78,43.458505,1776205561000
1776205563.025,63.025,0.11,100.0,0.08,57.5,0.89,100.0,0.92,50.0,0.11,100.0,0.08,50.0,0.89,100.0,0.92,57.5,0.78,0.78,43.458384,1776205562000
1776205564.759,64.759,0.11,100.0,0.08,57.5,0.89,100.0,0.92,50.0,0.11,100.0,0.08,50.0,0.89,100.0,0.92,57.5,0.78,0.78,43.458321,1776205563000
1776205565.187,65.187,0.11,100.0,0.08,57.5,0.89,100.0,0.92,50.0,0.11,100.0,0.08,50.0,0.89,100.0,0.92,57.5,0.78,0.78,43.458351,1776205564000
1776205566.2,66.2,0.11,100.0,0.08,57.5,0.89,100.0,0.92,50.0,0.11,100.0,0.08,50.0,0.89,100.0,0.92,57.5,0.78,0.78,43.458536,1776205565000
1776205567.14,67.14,0.11,100.0,0.08,57.5,0.89,100.0,0.92,50.0,0.11,100.0,0.08,50.0,0.89,100.0,0.92,57.5,0.78,0.78,43.458362,1776205566000
1776205568.126,68.126,0.11,100.0,0.08,57.5,0.89,100.0,0.92,50.0,0.11,100.0,0.08,50.0,0.89,100.0,0.92,57.5,0.78,0.78,43.458362,1776205567000
1776205569.262,69.262,0.11,100.0,0.08,57.5,0.89,100.0,0.92,50.0,0.11,100.0,0.08,50.0,0.89,100.0,0.92,57.5,0.78,0.78,43.458407,1776205568000
1776205570.295,70.295,0.11,100.0,0.08,57.5,0.89,100.0,0.92,50.0,0.11,100.0,0.08,50.0,0.89,100.0,0.92,57.5,0.78,0.78,43.458224,1776205569000
1776205570.832,70.832,0.11,100.0,0.08,57.5,0.89,100.0,0.92,50.0,0.11,100.0,0.08,50.0,0.89,100.0,0.92,57.5,0.78,0.78,43.458224,1776205570000
1776205572.295,72.295,0.11,100.0,0.08,57.5,0.89,100.0,0.92,50.0,0.11,100.0,0.08,50.0,0.89,100.0,0.92,57.5,0.78,0.78,43.462888,1776205571000
1776205573.295,73.295,0.11,100.0,0.08,57.5,0.89,100.0,0.92,50.0,0.11,100.0,0.08,50.0,0.89,100.0,0.92,57.5,0.78,0.78,43.465385,1776205572000
1776205574.32,74.32,0.11,100.0,0.08,57.5,0.89,100.0,0.92,50.0,0.11,100.0,0.08,50.0,0.89,100.0,0.92,57.5,0.78,0.78,43.467161,1776205573000
1776205575.32,75.32,0.11,100.0,0.08,57.5,0.89,100.0,0.92,50.0,0.11,100.0,0.08,50.0,0.89,100.0,0.92,57.5,0.78,0.78,43.467186,1776205574000
1776205575.937,75.937,0.11,100.0,0.08,57.5,0.89,100.0,0.92,50.0,0.11,100.0,0.08,50.0,0.89,100.0,0.92,57.5,0.78,0.78,43.467068,1776205575000
1776205576.953,76.953,0.11,100.0,0.08,57.5,0.89,100.0,0.92,50.0,0.11,100.0,0.08,50.0,0.89,100.0,0.92,57.5,0.78,0.78,43.466475,1776205576000
1776205578.221,78.221,0.11,100.0,0.08,57.5,0.89,100.0,0.92,50.0,0.11,100.0,0.08,50.0,0.89,100.0,0.92,57.5,0.78,0.78,43.464408,1776205577000
1776205579.878,79.878,0.11,100.0,0.08,57.5,0.89,100.0,0.92,50.0,0.11,100.0,0.08,50.0,0.89,100.0,0.92,57.5,0.78,0.78,43.461567,1776205578000
1776205580.564,80.564,0.11,100.0,0.08,57.5,0.89,100.0,0.92,50.0,0.11,100.0,0.08,50.0,0.89,100.0,0.92,57.5,0.78,0.78,43.461567,1776205579000
1776205581.286,81.286,0.11,100.0,0.08,57.5,0.89,100.0,0.92,50.0,0.11,100.0,0.08,50.0,0.89,100.0,0.92,57.5,0.78,0.78,43.461629,1776205580000
1776205582.495,82.495,0.11,100.0,0.08,57.5,0.89,100.0,0.92,50.0,0.11,100.0,0.08,50.0,0.89,100.0,0.92,57.5,0.78,0.78,43.462112,1776205581000
1776205583.217,83.217,0.11,100.0,0.08,57.5,0.89,100.0,0.92,50.0,0.11,100.0,0.08,50.0,0.89,100.0,0.92,57.5,0.78,0.78,43.462605,1776205582000
1776205584.523,84.523,0.11,100.0,0.08,57.5,0.89,100.0,0.92,50.0,0.11,100.0,0.08,50.0,0.89,100.0,0.92,57.5,0.78,0.78,43.466888,1776205583000
1776205585.095,85.095,0.11,100.0,0.08,57.5,0.89,100.0,0.92,50.0,0.11,100.0,0.08,50.0,0.89,100.0,0.92,57.5,0.78,0.78,43.466826,1776205584000
1776205586.474,86.474,0.11,100.0,0.08,57.5,0.89,100.0,0.92,50.0,0.11,100.0,0.08,50.0,0.89,100.0,0.92,57.5,0.78,0.78,43.466909,1776205585000
1776205587.15,87.15,0.11,100.0,0.08,57.5,0.89,100.0,0.92,50.0,0.11,100.0,0.08,50.0,0.89,100.0,0.92,57.5,0.78,0.78,43.467863,1776205586000
1776205588.691,88.691,0.11,100.0,0.08,57.5,0.89,100.0,0.92,50.0,0.11,100.0,0.08,50.0,0.89,100.0,0.92,57.5,0.78,0.78,43.468495,1776205587000
1776205589.373,89.373,0.11,100.0,0.08,57.5,0.89,100.0,0.92,50.0,0.11,100.0,0.08,50.0,0.89,100.0,0.92,57.5,0.78,0.78,43.468798,1776205588000
1776205590.025,90.025,0.11,100.0,0.08,57.5,0.89,100.0,0.92,50.0,0.11,100.0,0.08,50.0,0.89,100.0,0.92,57.5,0.78,0.78,43.468912,1776205589000
1776205591.497,91.497,0.11,100.0,0.08,57.5,0.89,100.0,0.92,50.0,0.11,100.0,0.08,50.0,0.89,100.0,0.92,57.5,0.78,0.78,43.469154,1776205590000
1776205591.996,91.996,0.11,100.0,0.08,57.5,0.89,100.0,0.92,50.0,0.11,100.0,0.08,50.0,0.89,100.0,0.92,57.5,0.78,0.78,43.469316,1776205591000
1776205593.311,93.311,0.11,100.0,0.08,57.5,0.89,100.0,0.92,50.0,0.11,100.0,0.08,50.0,0.89,100.0,0.92,57.5,0.78,0.78,43.46934,1776205592000
1776205593.955,93.955,0.11,100.0,0.08,57.5,0.89,100.0,0.92,50.0,0.11,100.0,0.08,50.0,0.89,100.0,0.92,57.5,0.78,0.78,43.468745,1776205593000
1776205594.517,94.517,0.6,12.5,0.59,20.0,0.73,15.0,0.74,15.0,0.11,100.0,0.08,50.0,0.89,100.0,0.92,57.5,0.13,0.78,43.468745,1776205593000
1776205595.507,95.507,0.6,12.5,0.59,20.0,0.73,15.0,0.74,15.0,0.27,15.0,0.26,15.0,0.4,12.5,0.41,20.0,0.13,0.13,43.468755,1776205594000
1776205595.954,95.954,0.6,12.5,0.59,20.0,0.73,15.0,0.74,15.0,0.27,15.0,0.26,15.0,0.4,12.5,0.41,20.0,0.13,0.13,43.468817,1776205595000
1776205596.972,96.972,0.6,12.5,0.59,20.0,0.73,15.0,0.74,15.0,0.27,15.0,0.26,15.0,0.4,12.5,0.41,20.0,0.13,0.13,43.468938,1776205596000
1776205598.014,98.014,0.6,12.5,0.59,20.0,0.73,15.0,0.74,15.0,0.27,15.0,0.26,15.0,0.4,12.5,0.41,20.0,0.13,0.13,43.469277,1776205597000
1776205598.927,98.927,0.6,12.5,0.59,20.0,0.73,15.0,0.74,15.0,0.27,15.0,0.26,15.0,0.4,12.5,0.41,20.0,0.13,0.13,43.469089,1776205598000
1776205599.932,99.932,0.6,12.5,0.59,20.0,0.73,15.0,0.74,15.0,0.27,15.0,0.26,15.0,0.4,12.5,0.41,20.0,0.13,0.13,43.469089,1776205599000
1776205600.944,100.944,0.6,12.5,0.59,20.0,0.73,15.0,0.74,15.0,0.27,15.0,0.26,15.0,0.4,12.5,0.41,20.0,0.13,0.13,43.469304,1776205600000
1776205601.937,101.937,0.6,12.5,0.59,20.0,0.73,15.0,0.74,15.0,0.27,15.0,0.26,15.0,0.4,12.5,0.41,20.0,0.13,0.13,43.468929,1776205601000
1776205602.868,102.868,0.6,12.5,0.59,20.0,0.73,15.0,0.74,15.0,0.27,15.0,0.26,15.0,0.4,12.5,0.41,20.0,0.13,0.13,43.469775,1776205602000
1776205603.952,103.952,0.6,12.5,0.59,20.0,0.73,15.0,0.74,15.0,0.27,15.0,0.26,15.0,0.4,12.5,0.41,20.0,0.13,0.13,43.46989,1776205603000
1776205604.925,104.925,0.6,12.5,0.59,20.0,0.73,15.0,0.74,15.0,0.27,15.0,0.26,15.0,0.4,12.5,0.41,20.0,0.13,0.13,43.468817,1776205604000
1776205605.968,105.968,0.6,12.5,0.59,20.0,0.73,15.0,0.74,15.0,0.27,15.0,0.26,15.0,0.4,12.5,0.41,20.0,0.13,0.13,43.46841,1776205605000
1776205607.057,107.057,0.6,12.5,0.59,20.0,0.73,15.0,0.74,15.0,0.27,15.0,0.26,15.0,0.4,12.5,0.41,20.0,0.13,0.13,43.467816,1776205606000
1776205608.338,108.338,0.6,12.5,0.59,20.0,0.73,15.0,0.74,15.0,0.27,15.0,0.26,15.0,0.4,12.5,0.41,20.0,0.13,0.13,43.462483,1776205607000
1776205608.843,108.843,0.51,30.0,0.5,20.0,0.66,12.92,0.67,15.0,0.34,12.92,0.33,15.0,0.49,30.0,0.5,20.0,0.15,0.15,43.46217,1776205608000
1776205609.914,109.914,0.51,30.0,0.5,20.0,0.66,12.92,0.67,15.0,0.34,12.92,0.33,15.0,0.49,30.0,0.5,20.0,0.15,0.15,43.463123,1776205609000
1776205610.853,110.853,0.51,30.0,0.5,20.0,0.66,12.92,0.67,15.0,0.34,12.92,0.33,15.0,0.49,30.0,0.5,20.0,0.15,0.15,43.465078,1776205610000
1776205611.916,111.916,0.51,30.0,0.5,20.0,0.66,12.92,0.67,15.0,0.34,12.92,0.33,15.0,0.49,30.0,0.5,20.0,0.15,0.15,43.466367,1776205611000
1776205612.889,112.889,0.51,30.0,0.5,20.0,0.66,12.92,0.67,15.0,0.34,12.92,0.33,15.0,0.49,30.0,0.5,20.0,0.15,0.15,43.467731,1776205612000
1776205613.992,113.992,0.51,30.0,0.5,20.0,0.66,12.92,0.67,15.0,0.34,12.92,0.33,15.0,0.49,30.0,0.5,20.0,0.15,0.15,43.46917,1776205613000
1776205614.996,114.996,0.51,30.0,0.5,20.0,0.66,12.92,0.67,15.0,0.34,12.92,0.33,15.0,0.49,30.0,0.5,20.0,0.15,0.15,43.46917,1776205614000
1776205616.034,116.034,0.51,30.0,0.5,20.0,0.66,12.92,0.67,15.0,0.34,12.92,0.33,15.0,0.49,30.0,0.5,20.0,0.15,0.15,43.469059,1776205615000
1776205617.017,117.017,0.51,30.0,0.5,20.0,0.66,12.92,0.67,15.0,0.34,12.92,0.33,15.0,0.49,30.0,0.5,20.0,0.15,0.15,43.467748,1776205616000
1776205618.024,118.024,0.51,30.0,0.5,20.0,0.66,12.92,0.67,15.0,0.34,12.92,0.33,15.0,0.49,30.0,0.5,20.0,0.15,0.15,43.466285,1776205617000
1776205618.938,118.938,0.51,30.0,0.5,20.0,0.66,12.92,0.67,15.0,0.34,12.92,0.33,15.0,0.49,30.0,0.5,20.0,0.15,0.15,43.461836,1776205618000
1776205619.957,119.957,0.51,30.0,0.5,20.0,0.66,12.92,0.67,15.0,0.34,12.92,0.33,15.0,0.49,30.0,0.5,20.0,0.15,0.15,43.461718,1776205619000
1776205622.004,122.004,0.51,30.0,0.5,20.0,0.66,12.92,0.67,15.0,0.34,12.92,0.33,15.0,0.49,30.0,0.5,20.0,0.15,0.15,43.461016,1776205620000
1776205622.624,122.624,0.51,30.0,0.5,20.0,0.66,12.92,0.67,15.0,0.34,12.92,0.33,15.0,0.49,30.0,0.5,20.0,0.15,0.15,43.460787,1776205621000
1776205623.396,123.396,0.51,30.0,0.5,20.0,0.66,12.92,0.67,15.0,0.34,12.92,0.33,15.0,0.49,30.0,0.5,20.0,0.15,0.15,43.46076,1776205622000
1776205623.929,123.929,0.51,30.0,0.5,20.0,0.66,12.92,0.67,15.0,0.34,12.92,0.33,15.0,0.49,30.0,0.5,20.0,0.15,0.15,43.46076,1776205623000
1776205625.662,125.662,0.51,30.0,0.5,20.0,0.66,12.92,0.67,15.0,0.34,12.92,0.33,15.0,0.49,30.0,0.5,20.0,0.15,0.15,43.460966,1776205624000
1776205626.359,126.359,0.51,30.0,0.5,20.0,0.66,12.92,0.67,15.0,0.34,12.92,0.33,15.0,0.49,30.0,0.5,20.0,0.15,0.15,43.463571,1776205625000
1776205627.356,127.356,0.51,30.0,0.5,20.0,0.66,12.92,0.67,15.0,0.34,12.92,0.33,15.0,0.49,30.0,0.5,20.0,0.15,0.15,43.469225,1776205626000
1776205628.074,128.074,0.51,30.0,0.5,20.0,0.66,12.92,0.67,15.0,0.34,12.92,0.33,15.0,0.49,30.0,0.5,20.0,0.15,0.15,43.470845,1776205627000
1776205629.721,129.721,0.51,30.0,0.5,20.0,0.66,12.92,0.67,15.0,0.34,12.92,0.33,15.0,0.49,30.0,0.5,20.0,0.15,0.15,43.471943,1776205628000
1776205630.4,130.4,0.51,30.0,0.5,20.0,0.66,12.92,0.67,15.0,0.34,12.92,0.33,15.0,0.49,30.0,0.5,20.0,0.15,0.15,43.471889,1776205629000
1776205631.214,131.214,0.51,30.0,0.5,20.0,0.66,12.92,0.67,15.0,0.34,12.92,0.33,15.0,0.49,30.0,0.5,20.0,0.15,0.15,43.470612,1776205630000
1776205632.653,132.653,0.51,30.0,0.5,20.0,0.66,12.92,0.67,15.0,0.34,12.92,0.33,15.0,0.49,30.0,0.5,20.0,0.15,0.15,43.469797,1776205631000
1776205633.445,133.445,0.51,30.0,0.5,20.0,0.66,12.92,0.67,15.0,0.34,12.92,0.33,15.0,0.49,30.0,0.5,20.0,0.15,0.15,43.468928,1776205632000
1776205634.202,134.202,0.51,30.0,0.5,20.0,0.66,12.92,0.67,15.0,0.34,12.92,0.33,15.0,0.49,30.0,0.5,20.0,0.15,0.15,43.466828,1776205633000
1776205635.823,135.823,0.51,30.0,0.5,20.0,0.66,12.92,0.67,15.0,0.34,12.92,0.33,15.0,0.49,30.0,0.5,20.0,0.15,0.15,43.462434,1776205634000
1776205636.675,136.675,0.51,30.0,0.5,20.0,0.66,12.92,0.67,15.0,0.34,12.92,0.33,15.0,0.49,30.0,0.5,20.0,0.15,0.15,43.462153,1776205635000
1776205637.624,137.624,0.51,30.0,0.5,20.0,0.66,12.92,0.67,15.0,0.34,12.92,0.33,15.0,0.49,30.0,0.5,20.0,0.15,0.15,43.456121,1776205636000
1776205638.271,138.271,0.51,30.0,0.5,20.0,0.66,12.92,0.67,15.0,0.34,12.92,0.33,15.0,0.49,30.0,0.5,20.0,0.15,0.15,43.450143,1776205637000
1776205639.804,139.804,0.51,30.0,0.5,20.0,0.66,12.92,0.67,15.0,0.34,12.92,0.33,15.0,0.49,30.0,0.5,20.0,0.15,0.15,43.447456,1776205638000
1776205640.642,140.642,0.51,30.0,0.5,20.0,0.66,12.92,0.67,15.0,0.34,12.92,0.33,15.0,0.49,30.0,0.5,20.0,0.15,0.15,43.447471,1776205639000
1776205641.72,141.72,0.41,10.0,0.4,15.0,0.55,14.69,0.56,15.0,0.34,12.92,0.33,15.0,0.49,30.0,0.5,20.0,0.14,0.15,43.447471,1776205639000
1776205642.268,142.268,0.41,10.0,0.4,15.0,0.55,14.69,0.56,15.0,0.45,14.69,0.44,15.0,0.59,10.0,0.6,15.0,0.14,0.14,43.448369,1776205640000
1776205642.977,142.977,0.41,10.0,0.4,15.0,0.55,14.69,0.56,15.0,0.45,14.69,0.44,15.0,0.59,10.0,0.6,15.0,0.14,0.14,43.448312,1776205641000
1776205643.752,143.752,0.41,10.0,0.4,15.0,0.55,14.69,0.56,15.0,0.45,14.69,0.44,15.0,0.59,10.0,0.6,15.0,0.14,0.14,43.447264,1776205642000
1776205644.321,144.321,0.41,10.0,0.4,15.0,0.55,14.69,0.56,15.0,0.45,14.69,0.44,15.0,0.59,10.0,0.6,15.0,0.14,0.14,43.447479,1776205643000
1776205644.983,144.983,0.41,10.0,0.4,15.0,0.55,14.69,0.56,15.0,0.45,14.69,0.44,15.0,0.59,10.0,0.6,15.0,0.14,0.14,43.447479,1776205644000
1776205646.176,146.176,0.55,10.0,0.42,15.0,0.7,10.75,0.71,15.0,0.45,14.69,0.44,15.0,0.59,10.0,0.6,15.0,0.15,0.14,43.447479,1776205644000
1776205647.581,147.581,0.55,10.0,0.42,15.0,0.7,10.75,0.71,15.0,0.3,10.75,0.29,15.0,0.45,10.0,0.58,15.0,0.15,0.15,43.447566,1776205646000
1776205648.184,148.184,0.55,10.0,0.42,15.0,0.7,10.75,0.71,15.0,0.3,10.75,0.29,15.0,0.45,10.0,0.58,15.0,0.15,0.15,43.451263,1776205647000
1776205649.283,149.283,0.55,10.0,0.42,15.0,0.7,10.75,0.71,15.0,0.3,10.75,0.29,15.0,0.45,10.0,0.58,15.0,0.15,0.15,43.456852,1776205648000
1776205650.474,150.474,0.55,10.0,0.42,15.0,0.7,10.75,0.71,15.0,0.3,10.75,0.29,15.0,0.45,10.0,0.58,15.0,0.15,0.15,43.456995,1776205649000
1776205651.098,151.098,0.55,10.0,0.42,15.0,0.7,10.75,0.71,15.0,0.3,10.75,0.29,15.0,0.45,10.0,0.58,15.0,0.15,0.15,43.457055,1776205650000
1776205652.3,152.3,0.55,10.0,0.42,15.0,0.7,10.75,0.71,15.0,0.3,10.75,0.29,15.0,0.45,10.0,0.58,15.0,0.15,0.15,43.457204,1776205651000
1776205653.478,153.478,0.55,10.0,0.42,15.0,0.7,10.75,0.71,15.0,0.3,10.75,0.29,15.0,0.45,10.0,0.58,15.0,0.15,0.15,43.457552,1776205652000
1776205654.058,154.058,0.55,10.0,0.42,15.0,0.7,10.75,0.71,15.0,0.3,10.75,0.29,15.0,0.45,10.0,0.58,15.0,0.15,0.15,43.457552,1776205653000
1776205655.322,155.322,0.55,10.0,0.42,15.0,0.7,10.75,0.71,15.0,0.3,10.75,0.29,15.0,0.45,10.0,0.58,15.0,0.15,0.15,43.45808,1776205654000
1776205656.469,156.469,0.55,10.0,0.42,15.0,0.7,10.75,0.71,15.0,0.3,10.75,0.29,15.0,0.45,10.0,0.58,15.0,0.15,0.15,43.458081,1776205655000
1776205657.326,157.326,0.55,10.0,0.42,15.0,0.7,10.75,0.71,15.0,0.3,10.75,0.29,15.0,0.45,10.0,0.58,15.0,0.15,0.15,43.458615,1776205656000
1776205658.315,158.315,0.55,10.0,0.42,15.0,0.7,10.75,0.71,15.0,0.3,10.75,0.29,15.0,0.45,10.0,0.58,15.0,0.15,0.15,43.462309,1776205657000
1776205659.409,159.409,0.55,10.0,0.42,15.0,0.7,10.75,0.71,15.0,0.3,10.75,0.29,15.0,0.45,10.0,0.58,15.0,0.15,0.15,43.462757,1776205658000
1776205660.023,160.023,0.55,10.0,0.42,15.0,0.7,10.75,0.71,15.0,0.3,10.75,0.29,15.0,0.45,10.0,0.58,15.0,0.15,0.15,43.462757,1776205659000
1776205661.269,161.269,0.55,10.0,0.42,15.0,0.7,10.75,0.71,15.0,0.3,10.75,0.29,15.0,0.45,10.0,0.58,15.0,0.15,0.15,43.462911,1776205660000
1776205662.213,162.213,0.55,10.0,0.42,15.0,0.7,10.75,0.71,15.0,0.3,10.75,0.29,15.0,0.45,10.0,0.58,15.0,0.15,0.15,43.462791,1776205661000
1776205663.333,163.333,0.55,10.0,0.42,15.0,0.7,10.75,0.71,15.0,0.3,10.75,0.29,15.0,0.45,10.0,0.58,15.0,0.15,0.15,43.460563,1776205662000
1776205663.962,163.962,0.55,10.0,0.42,15.0,0.7,10.75,0.71,15.0,0.3,10.75,0.29,15.0,0.45,10.0,0.58,15.0,0.15,0.15,43.458398,1776205663000
1776205665.081,165.081,0.55,10.0,0.42,15.0,0.7,10.75,0.71,15.0,0.3,10.75,0.29,15.0,0.45,10.0,0.58,15.0,0.15,0.15,43.456621,1776205664000
1776205666.143,166.143,0.55,10.0,0.42,15.0,0.7,10.75,0.71,15.0,0.3,10.75,0.29,15.0,0.45,10.0,0.58,15.0,0.15,0.15,43.455203,1776205665000
1776205667.142,167.142,0.55,10.0,0.42,15.0,0.7,10.75,0.71,15.0,0.3,10.75,0.29,15.0,0.45,10.0,0.58,15.0,0.15,0.15,43.454574,1776205666000
1776205668.226,168.226,0.55,10.0,0.42,15.0,0.7,10.75,0.71,15.0,0.3,10.75,0.29,15.0,0.45,10.0,0.58,15.0,0.15,0.15,43.454616,1776205667000
1776205669.291,169.291,0.55,10.0,0.42,15.0,0.7,10.75,0.71,15.0,0.3,10.75,0.29,15.0,0.45,10.0,0.58,15.0,0.15,0.15,43.456129,1776205668000
1776205670.339,170.339,0.55,10.0,0.42,15.0,0.7,10.75,0.71,15.0,0.3,10.75,0.29,15.0,0.45,10.0,0.58,15.0,0.15,0.15,43.456092,1776205669000
1776205670.911,170.911,0.55,10.0,0.42,15.0,0.7,10.75,0.71,15.0,0.3,10.75,0.29,15.0,0.45,10.0,0.58,15.0,0.15,0.15,43.456092,1776205670000
1776205672.83,172.83,0.55,10.0,0.42,15.0,0.7,10.75,0.71,15.0,0.3,10.75,0.29,15.0,0.45,10.0,0.58,15.0,0.15,0.15,43.456758,1776205671000
1776205673.587,173.587,0.55,10.0,0.42,15.0,0.7,10.75,0.71,15.0,0.3,10.75,0.29,15.0,0.45,10.0,0.58,15.0,0.15,0.15,43.456758,1776205672000
1776205674.262,174.262,0.55,10.0,0.42,15.0,0.7,10.75,0.71,15.0,0.3,10.75,0.29,15.0,0.45,10.0,0.58,15.0,0.15,0.15,43.456707,1776205673000
1776205675.603,175.603,0.55,10.0,0.42,15.0,0.7,10.75,0.71,15.0,0.3,10.75,0.29,15.0,0.45,10.0,0.58,15.0,0.15,0.15,43.457984,1776205674000
1776205676.175,176.175,0.55,10.0,0.42,15.0,0.7,10.75,0.71,15.0,0.3,10.75,0.29,15.0,0.45,10.0,0.58,15.0,0.15,0.15,43.457723,1776205675000
1776205677.412,177.412,0.55,10.0,0.42,15.0,0.7,10.75,0.71,15.0,0.3,10.75,0.29,15.0,0.45,10.0,0.58,15.0,0.15,0.15,43.459487,1776205676000
1776205677.971,177.971,0.55,10.0,0.42,15.0,0.7,10.75,0.71,15.0,0.3,10.75,0.29,15.0,0.45,10.0,0.58,15.0,0.15,0.15,43.463421,1776205677000
1776205679.182,179.182,0.55,10.0,0.42,15.0,0.7,10.75,0.71,15.0,0.3,10.75,0.29,15.0,0.45,10.0,0.58,15.0,0.15,0.15,43.463991,1776205678000
1776205680.087,180.087,0.55,10.0,0.42,15.0,0.7,10.75,0.71,15.0,0.3,10.75,0.29,15.0,0.45,10.0,0.58,15.0,0.15,0.15,43.465463,1776205679000
1776205681.12,181.12,0.55,10.0,0.42,15.0,0.7,10.75,0.71,15.0,0.3,10.75,0.29,15.0,0.45,10.0,0.58,15.0,0.15,0.15,43.465736,1776205680000
1776205682.286,182.286,0.55,10.0,0.42,15.0,0.7,10.75,0.71,15.0,0.3,10.75,0.29,15.0,0.45,10.0,0.58,15.0,0.15,0.15,43.465736,1776205681000
1776205683.361,183.361,0.55,10.0,0.42,15.0,0.7,10.75,0.71,15.0,0.3,10.75,0.29,15.0,0.45,10.0,0.58,15.0,0.15,0.15,43.465379,1776205682000
1776205684.378,184.378,0.55,10.0,0.42,15.0,0.7,10.75,0.71,15.0,0.3,10.75,0.29,15.0,0.45,10.0,0.58,15.0,0.15,0.15,43.465445,1776205683000
1776205684.908,184.908,0.55,10.0,0.42,15.0,0.7,10.75,0.71,15.0,0.3,10.75,0.29,15.0,0.45,10.0,0.58,15.0,0.15,0.15,43.465644,1776205684000
1776205685.955,185.955,0.55,10.0,0.42,15.0,0.7,10.75,0.71,15.0,0.3,10.75,0.29,15.0,0.45,10.0,0.58,15.0,0.15,0.15,43.462282,1776205685000
1776205687.569,187.569,0.55,10.0,0.42,15.0,0.7,10.75,0.71,15.0,0.3,10.75,0.29,15.0,0.45,10.0,0.58,15.0,0.15,0.15,43.458,1776205686000
1776205688.07,188.07,0.55,10.0,0.42,15.0,0.7,10.75,0.71,15.0,0.3,10.75,0.29,15.0,0.45,10.0,0.58,15.0,0.15,0.15,43.457609,1776205687000
1776205689.194,189.194,0.55,10.0,0.42,15.0,0.7,10.75,0.71,15.0,0.3,10.75,0.29,15.0,0.45,10.0,0.58,15.0,0.15,0.15,43.457062,1776205688000
1776205690.252,190.252,0.55,10.0,0.42,15.0,0.7,10.75,0.71,15.0,0.3,10.75,0.29,15.0,0.45,10.0,0.58,15.0,0.15,0.15,43.455833,1776205689000
1776205691.837,191.837,0.55,10.0,0.42,15.0,0.7,10.75,0.71,15.0,0.3,10.75,0.29,15.0,0.45,10.0,0.58,15.0,0.15,0.15,43.455918,1776205690000
1776205692.548,192.548,0.55,10.0,0.42,15.0,0.7,10.75,0.71,15.0,0.3,10.75,0.29,15.0,0.45,10.0,0.58,15.0,0.15,0.15,43.455679,1776205691000
1776205692.985,192.985,0.55,10.0,0.42,15.0,0.7,10.75,0.71,15.0,0.3,10.75,0.29,15.0,0.45,10.0,0.58,15.0,0.15,0.15,43.455679,1776205692000
1776205694.134,194.134,0.55,10.0,0.42,15.0,0.7,10.75,0.71,15.0,0.3,10.75,0.29,15.0,0.45,10.0,0.58,15.0,0.15,0.15,43.455418,1776205693000
1776205695.298,195.298,0.55,10.0,0.42,15.0,0.7,10.75,0.71,15.0,0.3,10.75,0.29,15.0,0.45,10.0,0.58,15.0,0.15,0.15,43.455158,1776205694000
1776205696.629,196.629,0.55,10.0,0.42,15.0,0.7,10.75,0.71,15.0,0.3,10.75,0.29,15.0,0.45,10.0,0.58,15.0,0.15,0.15,43.453191,1776205695000
1776205697.264,197.264,0.55,10.0,0.42,15.0,0.7,10.75,0.71,15.0,0.3,10.75,0.29,15.0,0.45,10.0,0.58,15.0,0.15,0.15,43.452011,1776205696000
1776205698.354,198.354,0.55,10.0,0.42,15.0,0.7,10.75,0.71,15.0,0.3,10.75,0.29,15.0,0.45,10.0,0.58,15.0,0.15,0.15,43.44958,1776205697000
1776205698.987,198.987,0.55,10.0,0.42,15.0,0.7,10.75,0.71,15.0,0.3,10.75,0.29,15.0,0.45,10.0,0.58,15.0,0.15,0.15,43.447273,1776205698000
1776205700.195,200.195,0.55,10.0,0.42,15.0,0.7,10.75,0.71,15.0,0.3,10.75,0.29,15.0,0.45,10.0,0.58,15.0,0.15,0.15,43.447156,1776205699000
1776205701.327,201.327,0.55,10.0,0.42,15.0,0.7,10.75,0.71,15.0,0.3,10.75,0.29,15.0,0.45,10.0,0.58,15.0,0.15,0.15,43.44704,1776205700000
1776205703.121,203.121,0.55,10.0,0.42,15.0,0.7,10.75,0.71,15.0,0.3,10.75,0.29,15.0,0.45,10.0,0.58,15.0,0.15,0.15,43.44704,1776205702000
1776205704.112,204.112,0.55,10.0,0.42,15.0,0.7,10.75,0.71,15.0,0.3,10.75,0.29,15.0,0.45,10.0,0.58,15.0,0.15,0.15,43.44623,1776205703000
1776205705.09,205.09,0.55,10.0,0.42,15.0,0.7,10.75,0.71,15.0,0.3,10.75,0.29,15.0,0.45,10.0,0.58,15.0,0.15,0.15,43.447118,1776205704000
1776205706.094,206.094,0.55,10.0,0.42,15.0,0.7,10.75,0.71,15.0,0.3,10.75,0.29,15.0,0.45,10.0,0.58,15.0,0.15,0.15,43.447424,1776205705000
1776205707.092,207.092,0.55,10.0,0.42,15.0,0.7,10.75,0.71,15.0,0.3,10.75,0.29,15.0,0.45,10.0,0.58,15.0,0.15,0.15,43.447405,1776205706000
1776205708.159,208.159,0.55,10.0,0.42,15.0,0.7,10.75,0.71,15.0,0.3,10.75,0.29,15.0,0.45,10.0,0.58,15.0,0.15,0.15,43.446261,1776205707000
1776205709.094,209.094,0.55,10.0,0.42,15.0,0.7,10.75,0.71,15.0,0.3,10.75,0.29,15.0,0.45,10.0,0.58,15.0,0.15,0.15,43.442166,1776205708000
1776205710.111,210.111,0.55,10.0,0.42,15.0,0.7,10.75,0.71,15.0,0.3,10.75,0.29,15.0,0.45,10.0,0.58,15.0,0.15,0.15,43.44217,1776205709000
1776205710.997,210.997,0.55,10.0,0.42,15.0,0.7,10.75,0.71,15.0,0.3,10.75,0.29,15.0,0.45,10.0,0.58,15.0,0.15,0.15,43.439782,1776205710000
1776205711.317,211.317,0.31,5.69,0.28,15.0,0.47,15.0,0.48,25.0,0.3,10.75,0.29,15.0,0.45,10.0,0.58,15.0,0.16,0.15,43.439782,1776205710000
1776205712.062,212.062,0.31,5.69,0.28,15.0,0.47,15.0,0.48,25.0,0.53,15.0,0.52,25.0,0.69,5.69,0.72,15.0,0.16,0.16,43.43951,1776205711000
1776205713.025,213.025,0.31,5.69,0.28,15.0,0.47,15.0,0.48,25.0,0.53,15.0,0.52,25.0,0.69,5.69,0.72,15.0,0.16,0.16,43.437306,1776205712000
1776205714.079,214.079,0.31,5.69,0.28,15.0,0.47,15.0,0.48,25.0,0.53,15.0,0.52,25.0,0.69,5.69,0.72,15.0,0.16,0.16,43.438564,1776205713000
1776205715.095,215.095,0.31,5.69,0.28,15.0,0.47,15.0,0.48,25.0,0.53,15.0,0.52,25.0,0.69,5.69,0.72,15.0,0.16,0.16,43.437944,1776205714000
1776205716.071,216.071,0.31,5.69,0.28,15.0,0.47,15.0,0.48,25.0,0.53,15.0,0.52,25.0,0.69,5.69,0.72,15.0,0.16,0.16,43.437812,1776205715000
1776205717.093,217.093,0.31,5.69,0.28,15.0,0.47,15.0,0.48,25.0,0.53,15.0,0.52,25.0,0.69,5.69,0.72,15.0,0.16,0.16,43.43855,1776205716000
1776205718.139,218.139,0.31,5.69,0.28,15.0,0.47,15.0,0.48,25.0,0.53,15.0,0.52,25.0,0.69,5.69,0.72,15.0,0.16,0.16,43.430541,1776205717000
1776205719.119,219.119,0.31,5.69,0.28,15.0,0.47,15.0,0.48,25.0,0.53,15.0,0.52,25.0,0.69,5.69,0.72,15.0,0.16,0.16,43.428681,1776205718000
1776205720.022,220.022,0.31,5.69,0.28,15.0,0.47,15.0,0.48,25.0,0.53,15.0,0.52,25.0,0.69,5.69,0.72,15.0,0.16,0.16,43.425322,1776205719000
1776205720.837,220.837,0.05,31.87,0.04,20.0,0.1,10.0,0.27,15.0,0.53,15.0,0.52,25.0,0.69,5.69,0.72,15.0,0.05,0.16,43.425322,1776205719000
1776205722.001,222.001,0.05,31.87,0.04,20.0,0.1,10.0,0.27,15.0,0.9,10.0,0.73,15.0,0.95,31.87,0.96,20.0,0.05,0.05,43.422796,1776205721000
1776205722.96,222.96,0.05,31.87,0.04,20.0,0.1,10.0,0.27,15.0,0.9,10.0,0.73,15.0,0.95,31.87,0.96,20.0,0.05,0.05,43.407278,1776205722000
1776205723.986,223.986,0.05,31.87,0.04,20.0,0.1,10.0,0.27,15.0,0.9,10.0,0.73,15.0,0.95,31.87,0.96,20.0,0.05,0.05,43.395717,1776205723000
1776205724.433,224.433,0.05,20.0,0.04,5.0,0.09,22.28,0.19,15.0,0.9,10.0,0.73,15.0,0.95,31.87,0.96,20.0,0.04,0.05,43.395717,1776205723000
1776205724.961,224.961,0.05,20.0,0.04,5.0,0.09,22.28,0.19,15.0,0.91,22.28,0.81,15.0,0.95,20.0,0.96,5.0,0.04,0.04,43.37557,1776205724000
1776205725.886,225.886,0.05,20.0,0.04,5.0,0.09,22.28,0.19,15.0,0.91,22.28,0.81,15.0,0.95,20.0,0.96,5.0,0.04,0.04,43.374387,1776205725000
1776205727.261,227.261,0.05,18.94,0.04,5.0,0.09,22.28,0.11,10.0,0.91,22.28,0.81,15.0,0.95,20.0,0.96,5.0,0.04,0.04,43.374387,1776205725000
1776205727.597,227.597,0.05,14.7,0.04,5.0,0.09,22.28,0.11,10.0,0.91,22.28,0.87,15.0,0.95,15.76,0.96,5.0,0.04,0.04,43.374387,1776205725000
1776205728.076,228.076,0.05,11.52,0.04,5.0,0.09,22.28,0.13,15.0,0.91,22.28,0.87,15.0,0.95,11.52,0.96,5.0,0.04,0.04,43.374065,1776205727000
1776205728.665,228.665,0.05,6.52,0.04,20.0,0.09,22.28,0.1,10.0,0.91,22.28,0.87,15.0,0.95,11.52,0.96,5.0,0.04,0.04,43.374065,1776205727000
1776205729.196,229.196,0.05,6.52,0.04,20.0,0.09,22.28,0.1,10.0,0.91,22.28,0.9,10.0,0.95,6.52,0.96,20.0,0.04,0.04,43.37515,1776205728000
1776205730.341,230.341,0.05,6.52,0.04,20.0,0.09,22.28,0.1,10.0,0.91,22.28,0.9,10.0,0.95,6.52,0.96,20.0,0.04,0.04,43.38316,1776205729000
1776205730.787,230.787,0.01,201.52,,,0.06,15.0,0.07,42.0,0.91,22.28,0.9,10.0,0.95,6.52,0.96,20.0,0.05,0.04,43.38316,1776205729000
1776205731.953,231.953,0.01,201.52,,,0.06,15.0,0.07,42.0,0.94,15.0,0.93,42.0,0.99,201.52,,,0.05,0.05,43.384797,1776205731000
1776205732.97,232.97,0.01,201.52,,,0.06,15.0,0.07,42.0,0.94,15.0,0.93,42.0,0.99,201.52,,,0.05,0.05,43.382753,1776205732000
1776205734.052,234.052,0.01,201.52,,,0.06,15.0,0.07,42.0,0.94,15.0,0.93,42.0,0.99,201.52,,,0.05,0.05,43.376578,1776205733000
1776205735.227,235.227,0.01,201.52,,,0.06,15.0,0.07,42.0,0.94,15.0,0.93,42.0,0.99,201.52,,,0.05,0.05,43.376088,1776205734000
1776205736.284,236.284,0.01,201.52,,,0.06,15.0,0.07,42.0,0.94,15.0,0.93,42.0,0.99,201.52,,,0.05,0.05,43.37375,1776205735000
1776205737.067,237.067,0.02,12.96,0.01,196.52,0.03,5.0,0.04,20.0,0.94,15.0,0.93,42.0,0.99,201.52,,,0.01,0.05,43.37375,1776205735000
1776205737.314,237.314,0.02,12.96,0.01,196.52,0.03,5.0,0.04,20.0,0.97,5.0,0.96,20.0,0.98,12.96,0.99,196.52,0.01,0.01,43.372349,1776205736000
1776205737.84,237.84,0.02,7.86,0.01,196.52,0.03,5.0,0.04,20.0,0.97,5.0,0.96,20.0,0.98,12.96,0.99,196.52,0.01,0.01,43.372349,1776205736000
1776205738.449,238.449,0.02,7.86,0.01,196.52,0.03,5.0,0.04,20.0,0.97,5.0,0.96,20.0,0.98,7.86,0.99,196.52,0.01,0.01,43.372652,1776205737000
1776205738.948,238.948,0.02,7.86,0.01,196.52,0.03,5.0,0.04,20.0,0.97,5.0,0.96,20.0,0.98,7.86,0.99,196.52,0.01,0.01,43.372653,1776205738000
1776205740.105,240.105,0.02,7.86,0.01,196.52,0.03,5.0,0.04,20.0,0.97,5.0,0.96,20.0,0.98,7.86,0.99,196.52,0.01,0.01,43.372535,1776205739000
1776205740.993,240.993,0.01,186.52,,,0.03,20.0,0.04,20.0,0.97,5.0,0.96,20.0,0.98,7.86,0.99,196.52,0.02,0.01,43.372535,1776205739000
1776205741.869,241.869,0.01,171.59,,,0.03,20.0,0.04,20.0,0.97,20.0,0.96,20.0,0.99,186.52,,,0.02,0.02,43.372164,1776205740000
1776205742.228,242.228,0.01,171.59,,,0.03,20.0,0.04,20.0,0.97,20.0,0.96,20.0,0.99,171.59,,,0.02,0.02,43.371758,1776205741000
1776205743.315,243.315,0.01,171.59,,,0.03,20.0,0.04,20.0,0.97,20.0,0.96,20.0,0.99,171.59,,,0.02,0.02,43.371647,1776205742000
1776205743.882,243.882,0.01,161.59,,,0.02,15.0,0.03,20.0,0.97,20.0,0.96,20.0,0.99,171.59,,,0.01,0.02,43.371647,1776205742000
1776205744.579,244.579,0.01,161.59,,,0.02,15.0,0.03,20.0,0.98,15.0,0.97,20.0,0.99,161.59,,,0.01,0.01,43.371556,1776205743000
1776205745.226,245.226,0.01,141.59,,,0.02,15.0,0.03,20.0,0.98,15.0,0.97,20.0,0.99,141.59,,,0.01,0.01,43.371392,1776205744000
1776205746.692,246.692,0.01,141.59,,,0.02,15.0,0.03,20.0,0.98,15.0,0.97,20.0,0.99,141.59,,,0.01,0.01,43.371322,1776205745000
1776205747.406,247.406,0.02,5.0,0.01,141.59,0.03,5.0,0.04,5.0,0.97,5.0,0.96,5.0,0.98,5.0,0.99,141.59,0.01,0.01,43.376517,1776205746000
1776205747.679,247.679,0.02,3.97,0.01,141.59,0.03,5.0,0.04,5.0,0.97,5.0,0.96,5.0,0.98,5.0,0.99,141.59,0.01,0.01,43.376517,1776205746000
1776205748.018,248.018,0.02,3.97,0.01,141.59,0.03,5.0,0.04,5.0,0.97,5.0,0.96,5.0,0.98,3.97,0.99,141.59,0.01,0.01,43.382307,1776205747000
1776205749.367,249.367,0.02,3.97,0.01,141.59,0.03,5.0,0.04,5.0,0.97,5.0,0.96,5.0,0.98,3.97,0.99,141.59,0.01,0.01,43.387924,1776205748000
1776205749.791,249.791,0.01,140.51,,,0.03,5.0,0.04,5.0,0.97,5.0,0.96,5.0,0.98,3.97,0.99,141.59,0.02,0.01,43.387924,1776205748000
1776205751.212,251.212,0.01,140.51,,,0.03,5.0,0.04,5.0,0.97,5.0,0.96,5.0,0.99,140.51,,,0.02,0.02,43.390569,1776205750000
1776205752.856,252.856,0.01,140.51,,,0.03,5.0,0.04,5.0,0.97,5.0,0.96,5.0,0.99,140.51,,,0.02,0.02,43.392639,1776205751000
1776205753.415,253.415,0.01,140.51,,,0.03,5.0,0.04,5.0,0.97,5.0,0.96,5.0,0.99,140.51,,,0.02,0.02,43.390199,1776205752000
1776205754.12,254.12,0.01,140.51,,,0.03,5.0,0.04,5.0,0.97,5.0,0.96,5.0,0.99,140.51,,,0.02,0.02,43.390199,1776205753000
1776205755.44,255.44,0.01,140.51,,,0.03,5.0,0.04,5.0,0.97,5.0,0.96,5.0,0.99,140.51,,,0.02,0.02,43.375761,1776205754000
1776205756.108,256.108,0.01,140.51,,,0.03,5.0,0.04,5.0,0.97,5.0,0.96,5.0,0.99,140.51,,,0.02,0.02,43.37525,1776205755000
1776205757.214,257.214,0.01,115.41,,,0.02,20.0,0.03,20.0,0.97,5.0,0.96,5.0,0.99,140.51,,,0.01,0.02,43.37525,1776205755000
1776205758.515,258.515,0.01,115.41,,,0.02,20.0,0.03,20.0,0.98,20.0,0.97,20.0,0.99,115.41,,,0.01,0.01,43.371831,1776205757000
1776205759.078,259.078,0.01,115.41,,,0.02,20.0,0.03,20.0,0.98,20.0,0.97,20.0,0.99,115.41,,,0.01,0.01,43.371806,1776205758000
1776205760.801,260.801,0.01,115.41,,,0.02,20.0,0.03,20.0,0.98,20.0,0.97,20.0,0.99,115.41,,,0.01,0.01,43.371702,1776205759000
1776205761.343,261.343,0.01,115.41,,,0.02,20.0,0.03,20.0,0.98,20.0,0.97,20.0,0.99,115.41,,,0.01,0.01,43.372663,1776205760000
1776205761.931,261.931,0.01,115.41,,,0.02,20.0,0.03,20.0,0.98,20.0,0.97,20.0,0.99,115.41,,,0.01,0.01,43.372663,1776205761000
1776205762.768,262.768,0.01,104.53,,,0.02,20.0,0.03,20.0,0.98,20.0,0.97,20.0,0.99,115.41,,,0.01,0.01,43.372663,1776205761000
1776205763.833,263.833,0.01,98.53,,,0.02,20.0,0.03,20.0,0.98,20.0,0.97,20.0,0.99,104.53,,,0.01,0.01,43.371559,1776205762000
1776205765.02,265.02,0.01,98.53,,,0.02,20.0,0.03,20.0,0.98,20.0,0.97,20.0,0.99,98.53,,,0.01,0.01,43.37146,1776205764000
1776205766.045,266.045,0.01,98.53,,,0.02,20.0,0.03,20.0,0.98,20.0,0.97,20.0,0.99,98.53,,,0.01,0.01,43.37146,1776205765000
1776205767.04,267.04,0.01,98.53,,,0.02,20.0,0.03,20.0,0.98,20.0,0.97,20.0,0.99,98.53,,,0.01,0.01,43.371385,1776205766000
1776205768.033,268.033,0.01,98.53,,,0.02,20.0,0.03,20.0,0.98,20.0,0.97,20.0,0.99,98.53,,,0.01,0.01,43.371385,1776205767000
1776205769.054,269.054,0.01,98.53,,,0.02,20.0,0.03,20.0,0.98,20.0,0.97,20.0,0.99,98.53,,,0.01,0.01,43.371385,1776205768000
1776205770.063,270.063,0.01,98.53,,,0.02,20.0,0.03,20.0,0.98,20.0,0.97,20.0,0.99,98.53,,,0.01,0.01,43.376557,1776205769000
1776205770.948,270.948,0.01,106.45,,,0.02,5.0,0.03,5.0,0.98,5.0,0.97,5.0,0.99,108.48,,,0.01,0.01,43.376557,1776205769000
1776205772.15,272.15,0.01,106.45,,,0.02,5.0,0.03,5.0,0.98,5.0,0.97,5.0,0.99,106.45,,,0.01,0.01,43.398331,1776205771000
1776205773.207,273.207,0.01,106.45,,,0.02,5.0,0.03,5.0,0.98,5.0,0.97,5.0,0.99,106.45,,,0.01,0.01,43.396145,1776205772000
1776205773.971,273.971,0.01,90.43,,,0.02,20.0,0.03,20.0,0.98,5.0,0.97,5.0,0.99,106.45,,,0.01,0.01,43.396145,1776205772000
1776205774.303,274.303,0.01,90.43,,,0.02,20.0,0.03,20.0,0.98,20.0,0.97,20.0,0.99,90.43,,,0.01,0.01,43.39365,1776205773000
1776205775.111,275.111,0.01,90.43,,,0.02,20.0,0.03,20.0,0.98,20.0,0.97,20.0,0.99,90.43,,,0.01,0.01,43.387087,1776205774000
1776205776.645,276.645,0.01,90.43,,,0.02,20.0,0.03,20.0,0.98,20.0,0.97,20.0,0.99,90.43,,,0.01,0.01,43.384171,1776205775000
1776205777.305,277.305,0.01,90.43,,,0.02,20.0,0.03,20.0,0.98,20.0,0.97,20.0,0.99,90.43,,,0.01,0.01,43.384189,1776205776000
1776205777.936,277.936,0.01,90.43,,,0.02,20.0,0.03,20.0,0.98,20.0,0.97,20.0,0.99,90.43,,,0.01,0.01,43.384745,1776205777000
1776205779.018,279.018,0.01,80.83,,,0.02,5.0,0.03,5.0,0.98,20.0,0.97,20.0,0.99,90.43,,,0.01,0.01,43.384745,1776205777000
1776205780.516,280.516,0.01,80.83,,,0.02,5.0,0.03,5.0,0.98,5.0,0.97,5.0,0.99,80.83,,,0.01,0.01,43.38509,1776205779000
1776205781.193,281.193,0.01,80.83,,,0.02,5.0,0.03,5.0,0.98,5.0,0.97,5.0,0.99,80.83,,,0.01,0.01,43.384975,1776205780000
1776205782.537,282.537,0.01,80.83,,,0.02,5.0,0.03,5.0,0.98,5.0,0.97,5.0,0.99,80.83,,,0.01,0.01,43.38435,1776205781000
1776205783.247,283.247,0.01,80.83,,,0.02,5.0,0.03,5.0,0.98,5.0,0.97,5.0,0.99,80.83,,,0.01,0.01,43.38435,1776205782000
1776205784.546,284.546,,,,,0.01,919.17,0.09,52.0,0.99,919.17,0.91,52.0,,,,,,,43.384119,1776205783000
1776205785.277,285.277,,,,,0.01,919.17,0.09,52.0,0.99,919.17,0.91,52.0,,,,,,,43.384119,1776205784000
1776205785.969,285.969,,,,,0.01,919.17,0.09,52.0,0.99,919.17,0.91,52.0,,,,,,,43.383716,1776205785000
1776205787.293,287.293,,,,,0.01,919.17,0.09,52.0,0.99,919.17,0.91,52.0,,,,,,,43.382759,1776205786000
1776205788.66,288.66,,,,,0.01,919.17,0.09,52.0,0.99,919.17,0.91,52.0,,,,,,,43.383232,1776205787000
1776205789.293,289.293,,,,,0.01,919.17,0.09,52.0,0.99,919.17,0.91,52.0,,,,,,,43.382535,1776205788000
1776205790.744,290.744,,,,,0.01,919.17,0.09,52.0,0.99,919.17,0.91,52.0,,,,,,,43.376934,1776205789000
1776205791.895,291.895,,,,,0.01,919.17,0.09,52.0,0.99,919.17,0.91,52.0,,,,,,,43.370789,1776205790000
1776205792.713,292.713,,,,,0.01,919.17,0.09,52.0,0.99,919.17,0.91,52.0,,,,,,,43.369593,1776205791000
1776205793.387,293.387,,,,,0.01,919.17,0.09,52.0,0.99,919.17,0.91,52.0,,,,,,,43.369593,1776205792000
1776205794.3,294.3,,,,,0.01,919.17,0.09,52.0,0.99,919.17,0.91,52.0,,,,,,,43.369326,1776205793000
1776205795.723,295.723,,,,,0.01,919.17,0.09,52.0,0.99,919.17,0.91,52.0,,,,,,,43.369056,1776205794000
1776205796.394,296.394,,,,,0.01,919.17,0.09,52.0,0.99,919.17,0.91,52.0,,,,,,,43.368922,1776205795000
1776205797.044,297.044,,,,,0.01,944.29,0.09,52.0,0.99,944.29,0.91,52.0,,,,,,,43.368898,1776205796000
1776205798.559,298.559,,,,,0.01,944.29,0.09,52.0,0.99,944.29,0.91,52.0,,,,,,,43.365069,1776205797000
1776205799.137,299.137,,,,,0.01,944.29,0.09,52.0,0.99,944.29,0.91,52.0,,,,,,,43.367005,1776205798000
1776205800.617,300.617,,,,,0.01,944.29,0.09,52.0,0.99,944.29,0.91,52.0,,,,,,,43.371025,1776205799000

# RESULT,winner=Down,slug=hype-updown-5m-1776205500,ticks=311
