timestamp,elapsed_sec,up_bid_p1,up_bid_s1,up_bid_p2,up_bid_s2,up_ask_p1,up_ask_s1,up_ask_p2,up_ask_s2,down_bid_p1,down_bid_s1,down_bid_p2,down_bid_s2,down_ask_p1,down_ask_s1,down_ask_p2,down_ask_s2,up_spread,down_spread,hype_price,hype_oracle_ts
1776186301.604,1.604,0.48,7.94,0.45,5.0,0.55,6.66,0.58,6.0,0.45,6.66,0.42,6.0,0.52,7.94,0.55,5.0,0.07,0.07,43.170401,1776186299000
1776186301.828,1.828,0.48,7.94,0.45,5.0,0.55,6.66,0.58,6.0,0.45,6.66,0.42,6.0,0.52,7.94,0.55,5.0,0.07,0.07,43.170761,1776186300000
1776186302.088,2.088,0.48,7.94,0.45,5.0,0.55,6.66,0.58,6.0,0.45,6.66,0.42,6.0,0.52,7.94,0.55,5.0,0.07,0.07,43.170761,1776186300000
1776186302.779,2.779,0.48,7.94,0.45,5.0,0.55,6.66,0.58,6.0,0.45,6.66,0.42,6.0,0.52,7.94,0.55,5.0,0.07,0.07,43.170913,1776186301000
1776186304.056,4.056,0.48,7.94,0.45,5.0,0.55,6.66,0.58,6.0,0.45,6.66,0.42,6.0,0.52,7.94,0.55,5.0,0.07,0.07,43.170686,1776186302000
1776186304.463,4.463,0.48,7.94,0.45,5.0,0.55,6.66,0.58,6.0,0.45,6.66,0.42,6.0,0.52,7.94,0.55,5.0,0.07,0.07,43.170779,1776186303000
1776186305.176,5.176,0.48,7.94,0.45,5.0,0.55,6.66,0.58,6.0,0.45,6.66,0.42,6.0,0.52,7.94,0.55,5.0,0.07,0.07,43.170773,1776186304000
1776186306.493,6.493,0.48,7.94,0.45,5.0,0.55,6.66,0.58,6.0,0.45,6.66,0.42,6.0,0.52,7.94,0.55,5.0,0.07,0.07,43.170695,1776186305000
1776186307.259,7.259,0.48,7.94,0.45,5.0,0.55,6.66,0.58,6.0,0.45,6.66,0.42,6.0,0.52,7.94,0.55,5.0,0.07,0.07,43.171023,1776186306000
1776186308.863,8.863,0.48,7.94,0.45,5.0,0.55,6.66,0.58,6.0,0.45,6.66,0.42,6.0,0.52,7.94,0.55,5.0,0.07,0.07,43.170493,1776186307000
1776186309.608,9.608,0.48,7.94,0.45,5.0,0.55,6.66,0.58,6.0,0.45,6.66,0.42,6.0,0.52,7.94,0.55,5.0,0.07,0.07,43.170365,1776186308000
1776186310.172,10.172,0.48,7.94,0.45,5.0,0.55,6.66,0.58,6.0,0.45,6.66,0.42,6.0,0.52,7.94,0.55,5.0,0.07,0.07,43.169891,1776186309000
1776186311.568,11.568,0.48,7.94,0.45,5.0,0.55,6.66,0.58,6.0,0.45,6.66,0.42,6.0,0.52,7.94,0.55,5.0,0.07,0.07,43.170855,1776186310000
1776186312.159,12.159,0.48,2.22,0.45,5.0,0.53,10.0,0.55,31.66,0.45,6.66,0.42,6.0,0.52,7.94,0.55,5.0,0.05,0.07,43.170855,1776186310000
1776186312.359,12.359,0.48,0.29,0.45,5.0,0.5,10.0,0.53,10.0,0.5,10.0,0.47,10.0,0.52,0.29,0.55,5.0,0.02,0.02,43.170717,1776186311000
1776186313.164,13.164,0.48,0.29,0.45,5.0,0.5,10.0,0.53,10.0,0.5,10.0,0.47,10.0,0.52,0.29,0.55,5.0,0.02,0.02,43.170873,1776186312000
1776186314.473,14.473,0.48,0.29,0.45,5.0,0.5,10.0,0.53,10.0,0.5,10.0,0.47,10.0,0.52,0.29,0.55,5.0,0.02,0.02,43.159299,1776186313000
1776186315.891,15.891,0.48,0.29,0.45,5.0,0.5,10.0,0.53,10.0,0.5,10.0,0.47,10.0,0.52,0.29,0.55,5.0,0.02,0.02,43.161909,1776186314000
1776186316.159,16.159,0.48,0.29,0.45,5.0,0.5,10.0,0.53,10.0,0.5,10.0,0.47,10.0,0.52,0.29,0.55,5.0,0.02,0.02,43.167057,1776186315000
1776186317.384,17.384,0.48,0.29,0.45,5.0,0.5,10.0,0.53,10.0,0.5,10.0,0.47,10.0,0.52,0.29,0.55,5.0,0.02,0.02,43.167462,1776186316000
1776186318.463,18.463,0.48,0.29,0.45,5.0,0.5,10.0,0.53,10.0,0.5,10.0,0.47,10.0,0.52,0.29,0.55,5.0,0.02,0.02,43.167568,1776186317000
1776186319.1,19.1,0.48,0.29,0.45,5.0,0.5,10.0,0.53,10.0,0.5,10.0,0.47,10.0,0.52,0.29,0.55,5.0,0.02,0.02,43.16778,1776186318000
1776186320.118,20.118,0.48,0.29,0.45,5.0,0.5,10.0,0.53,10.0,0.5,10.0,0.47,10.0,0.52,0.29,0.55,5.0,0.02,0.02,43.167429,1776186319000
1776186321.051,21.051,0.48,0.29,0.45,5.0,0.5,10.0,0.53,10.0,0.5,10.0,0.47,10.0,0.52,0.29,0.55,5.0,0.02,0.02,43.168138,1776186320000
1776186322.042,22.042,0.48,0.29,0.45,5.0,0.5,10.0,0.53,10.0,0.5,10.0,0.47,10.0,0.52,0.29,0.55,5.0,0.02,0.02,43.166706,1776186321000
1776186323.124,23.124,0.48,0.29,0.45,5.0,0.5,10.0,0.53,10.0,0.5,10.0,0.47,10.0,0.52,0.29,0.55,5.0,0.02,0.02,43.166044,1776186322000
1776186324.218,24.218,0.48,0.29,0.45,5.0,0.5,10.0,0.53,10.0,0.5,10.0,0.47,10.0,0.52,0.29,0.55,5.0,0.02,0.02,43.166415,1776186323000
1776186325.236,25.236,0.48,0.29,0.45,5.0,0.5,10.0,0.53,10.0,0.5,10.0,0.47,10.0,0.52,0.29,0.55,5.0,0.02,0.02,43.167744,1776186324000
1776186326.327,26.327,0.48,0.29,0.45,5.0,0.5,10.0,0.53,10.0,0.5,10.0,0.47,10.0,0.52,0.29,0.55,5.0,0.02,0.02,43.167528,1776186325000
1776186327.415,27.415,0.48,0.29,0.45,5.0,0.5,10.0,0.53,10.0,0.5,10.0,0.47,10.0,0.52,0.29,0.55,5.0,0.02,0.02,43.167761,1776186326000
1776186328.422,28.422,0.48,0.29,0.45,5.0,0.5,10.0,0.53,10.0,0.5,10.0,0.47,10.0,0.52,0.29,0.55,5.0,0.02,0.02,43.167802,1776186327000
1776186329.274,29.274,0.48,0.29,0.45,5.0,0.5,10.0,0.53,10.0,0.5,10.0,0.47,10.0,0.52,0.29,0.55,5.0,0.02,0.02,43.16805,1776186328000
1776186330.581,30.581,0.48,0.29,0.45,5.0,0.5,10.0,0.53,10.0,0.5,10.0,0.47,10.0,0.52,0.29,0.55,5.0,0.02,0.02,43.167957,1776186329000
1776186331.233,31.233,0.48,0.29,0.45,5.0,0.5,10.0,0.53,10.0,0.5,10.0,0.47,10.0,0.52,0.29,0.55,5.0,0.02,0.02,43.166812,1776186330000
1776186332.375,32.375,0.48,0.29,0.45,5.0,0.5,10.0,0.53,10.0,0.5,10.0,0.47,10.0,0.52,0.29,0.55,5.0,0.02,0.02,43.167832,1776186331000
1776186333.444,33.444,0.48,0.29,0.45,5.0,0.5,10.0,0.53,10.0,0.5,10.0,0.47,10.0,0.52,0.29,0.55,5.0,0.02,0.02,43.166198,1776186332000
1776186334.221,34.221,0.48,0.29,0.45,5.0,0.5,10.0,0.53,10.0,0.5,10.0,0.47,10.0,0.52,0.29,0.55,5.0,0.02,0.02,43.166366,1776186333000
1776186335.133,35.133,0.48,0.29,0.45,5.0,0.5,10.0,0.53,10.0,0.5,10.0,0.47,10.0,0.52,0.29,0.55,5.0,0.02,0.02,43.167173,1776186334000
1776186336.18,36.18,0.48,0.29,0.45,5.0,0.5,10.0,0.53,10.0,0.5,10.0,0.47,10.0,0.52,0.29,0.55,5.0,0.02,0.02,43.167544,1776186335000
1776186337.312,37.312,0.48,0.29,0.45,5.0,0.5,10.0,0.53,10.0,0.5,10.0,0.47,10.0,0.52,0.29,0.55,5.0,0.02,0.02,43.167116,1776186336000
1776186338.57,38.57,0.48,0.29,0.45,5.0,0.5,10.0,0.53,10.0,0.5,10.0,0.47,10.0,0.52,0.29,0.55,5.0,0.02,0.02,43.159999,1776186337000
1776186339.057,39.057,0.48,0.29,0.45,5.0,0.5,10.0,0.53,10.0,0.5,10.0,0.47,10.0,0.52,0.29,0.55,5.0,0.02,0.02,43.159686,1776186338000
1776186340.286,40.286,0.48,0.29,0.45,5.0,0.5,10.0,0.53,10.0,0.5,10.0,0.47,10.0,0.52,0.29,0.55,5.0,0.02,0.02,43.161298,1776186339000
1776186341.262,41.262,0.48,0.29,0.45,5.0,0.5,10.0,0.53,10.0,0.5,10.0,0.47,10.0,0.52,0.29,0.55,5.0,0.02,0.02,43.161773,1776186340000
1776186342.28,42.28,0.48,0.29,0.45,5.0,0.5,10.0,0.53,10.0,0.5,10.0,0.47,10.0,0.52,0.29,0.55,5.0,0.02,0.02,43.161408,1776186341000
1776186344.107,44.107,0.48,0.29,0.45,5.0,0.5,10.0,0.53,10.0,0.5,10.0,0.47,10.0,0.52,0.29,0.55,5.0,0.02,0.02,43.160285,1776186343000
1776186345.476,45.476,0.48,0.29,0.45,5.0,0.5,10.0,0.53,10.0,0.5,10.0,0.47,10.0,0.52,0.29,0.55,5.0,0.02,0.02,43.160882,1776186344000
1776186346.112,46.112,0.48,0.29,0.45,5.0,0.5,10.0,0.53,10.0,0.5,10.0,0.47,10.0,0.52,0.29,0.55,5.0,0.02,0.02,43.160578,1776186345000
1776186347.518,47.518,0.43,5.0,0.36,10.0,0.51,10.0,0.53,15.0,0.5,10.0,0.47,10.0,0.52,0.29,0.55,5.0,0.08,0.02,43.160578,1776186345000
1776186348.244,48.244,0.43,5.0,0.36,10.0,0.51,10.0,0.53,15.0,0.49,10.0,0.47,15.0,0.57,5.0,0.64,10.0,0.08,0.08,43.158416,1776186347000
1776186349.556,49.556,0.43,5.0,0.36,10.0,0.51,10.0,0.53,15.0,0.49,10.0,0.47,15.0,0.57,5.0,0.64,10.0,0.08,0.08,43.158525,1776186348000
1776186350.295,50.295,0.43,5.0,0.36,10.0,0.51,10.0,0.53,15.0,0.49,10.0,0.47,15.0,0.57,5.0,0.64,10.0,0.08,0.08,43.158578,1776186349000
1776186351.648,51.648,0.43,5.0,0.36,10.0,0.51,10.0,0.53,15.0,0.49,10.0,0.47,15.0,0.57,5.0,0.64,10.0,0.08,0.08,43.158949,1776186350000
1776186352.479,52.479,0.43,5.0,0.36,10.0,0.51,10.0,0.53,15.0,0.49,10.0,0.47,15.0,0.57,5.0,0.64,10.0,0.08,0.08,43.158949,1776186351000
1776186353.117,53.117,0.43,5.0,0.36,10.0,0.51,10.0,0.53,15.0,0.49,10.0,0.47,15.0,0.57,5.0,0.64,10.0,0.08,0.08,43.158862,1776186352000
1776186354.328,54.328,0.43,5.0,0.36,10.0,0.51,10.0,0.53,15.0,0.49,10.0,0.47,15.0,0.57,5.0,0.64,10.0,0.08,0.08,43.158096,1776186353000
1776186355.028,55.028,0.43,5.0,0.36,10.0,0.51,10.0,0.53,15.0,0.49,10.0,0.47,15.0,0.57,5.0,0.64,10.0,0.08,0.08,43.158062,1776186354000
1776186356.369,56.369,0.43,5.0,0.36,10.0,0.51,10.0,0.53,15.0,0.49,10.0,0.47,15.0,0.57,5.0,0.64,10.0,0.08,0.08,43.165791,1776186355000
1776186357.527,57.527,0.43,5.0,0.36,10.0,0.51,10.0,0.53,15.0,0.49,10.0,0.47,15.0,0.57,5.0,0.64,10.0,0.08,0.08,43.158934,1776186356000
1776186358.373,58.373,0.43,5.0,0.36,10.0,0.51,10.0,0.53,15.0,0.49,10.0,0.47,15.0,0.57,5.0,0.64,10.0,0.08,0.08,43.158973,1776186357000
1776186359.541,59.541,0.43,5.0,0.36,10.0,0.51,10.0,0.53,15.0,0.49,10.0,0.47,15.0,0.57,5.0,0.64,10.0,0.08,0.08,43.159022,1776186358000
1776186360.246,60.246,0.43,5.0,0.36,10.0,0.51,10.0,0.53,15.0,0.49,10.0,0.47,15.0,0.57,5.0,0.64,10.0,0.08,0.08,43.158696,1776186359000
1776186361.247,61.247,0.43,5.0,0.36,10.0,0.51,10.0,0.53,15.0,0.49,10.0,0.47,15.0,0.57,5.0,0.64,10.0,0.08,0.08,43.158884,1776186360000
1776186362.433,62.433,0.43,5.0,0.36,10.0,0.51,10.0,0.53,15.0,0.49,10.0,0.47,15.0,0.57,5.0,0.64,10.0,0.08,0.08,43.159342,1776186361000
1776186363.053,63.053,0.43,5.0,0.36,10.0,0.51,10.0,0.53,15.0,0.49,10.0,0.47,15.0,0.57,5.0,0.64,10.0,0.08,0.08,43.160446,1776186362000
1776186364.265,64.265,0.43,5.0,0.36,10.0,0.51,10.0,0.53,15.0,0.49,10.0,0.47,15.0,0.57,5.0,0.64,10.0,0.08,0.08,43.160985,1776186363000
1776186365.441,65.441,0.43,5.0,0.36,10.0,0.51,10.0,0.53,15.0,0.49,10.0,0.47,15.0,0.57,5.0,0.64,10.0,0.08,0.08,43.161069,1776186364000
1776186365.97,65.97,0.43,5.0,0.36,10.0,0.51,10.0,0.53,15.0,0.49,10.0,0.47,15.0,0.57,5.0,0.64,10.0,0.08,0.08,43.161492,1776186365000
1776186367.238,67.238,0.43,5.0,0.36,10.0,0.51,10.0,0.53,15.0,0.49,10.0,0.47,15.0,0.57,5.0,0.64,10.0,0.08,0.08,43.161651,1776186366000
1776186368.353,68.353,0.43,5.0,0.36,10.0,0.51,10.0,0.53,15.0,0.49,10.0,0.47,15.0,0.57,5.0,0.64,10.0,0.08,0.08,43.166282,1776186367000
1776186369.017,69.017,0.43,5.0,0.36,10.0,0.51,10.0,0.53,15.0,0.49,10.0,0.47,15.0,0.57,5.0,0.64,10.0,0.08,0.08,43.166111,1776186368000
1776186370.064,70.064,0.43,5.0,0.36,10.0,0.51,10.0,0.53,15.0,0.49,10.0,0.47,15.0,0.57,5.0,0.64,10.0,0.08,0.08,43.161068,1776186369000
1776186371.252,71.252,0.43,5.0,0.36,10.0,0.51,10.0,0.53,15.0,0.49,10.0,0.47,15.0,0.57,5.0,0.64,10.0,0.08,0.08,43.164653,1776186370000
1776186372.342,72.342,0.43,5.0,0.36,10.0,0.51,10.0,0.53,15.0,0.49,10.0,0.47,15.0,0.57,5.0,0.64,10.0,0.08,0.08,43.160902,1776186371000
1776186373.058,73.058,0.43,5.0,0.36,10.0,0.51,10.0,0.53,15.0,0.49,10.0,0.47,15.0,0.57,5.0,0.64,10.0,0.08,0.08,43.160947,1776186372000
1776186374.126,74.126,0.43,5.0,0.36,10.0,0.51,10.0,0.53,15.0,0.49,10.0,0.47,15.0,0.57,5.0,0.64,10.0,0.08,0.08,43.16481,1776186373000
1776186375.461,75.461,0.43,5.0,0.36,10.0,0.51,10.0,0.53,15.0,0.49,10.0,0.47,15.0,0.57,5.0,0.64,10.0,0.08,0.08,43.164884,1776186374000
1776186376.476,76.476,0.43,5.0,0.36,10.0,0.51,10.0,0.53,15.0,0.49,10.0,0.47,15.0,0.57,5.0,0.64,10.0,0.08,0.08,43.164915,1776186375000
1776186376.994,76.994,0.43,5.0,0.36,10.0,0.51,10.0,0.53,15.0,0.49,10.0,0.47,15.0,0.57,5.0,0.64,10.0,0.08,0.08,43.164344,1776186376000
1776186378.124,78.124,0.43,5.0,0.36,10.0,0.51,10.0,0.53,15.0,0.49,10.0,0.47,15.0,0.57,5.0,0.64,10.0,0.08,0.08,43.164385,1776186377000
1776186379.116,79.116,0.43,5.0,0.36,10.0,0.51,10.0,0.53,15.0,0.49,10.0,0.47,15.0,0.57,5.0,0.64,10.0,0.08,0.08,43.164998,1776186378000
1776186380.279,80.279,0.43,5.0,0.36,10.0,0.51,10.0,0.53,15.0,0.49,10.0,0.47,15.0,0.57,5.0,0.64,10.0,0.08,0.08,43.164781,1776186379000
1776186381.306,81.306,0.43,5.0,0.36,10.0,0.51,10.0,0.53,15.0,0.49,10.0,0.47,15.0,0.57,5.0,0.64,10.0,0.08,0.08,43.165319,1776186380000
1776186382.261,82.261,0.43,5.0,0.36,10.0,0.51,10.0,0.53,15.0,0.49,10.0,0.47,15.0,0.57,5.0,0.64,10.0,0.08,0.08,43.165618,1776186381000
1776186383.34,83.34,0.43,5.0,0.36,10.0,0.51,10.0,0.53,15.0,0.49,10.0,0.47,15.0,0.57,5.0,0.64,10.0,0.08,0.08,43.165556,1776186382000
1776186384.409,84.409,0.43,5.0,0.36,10.0,0.51,10.0,0.53,15.0,0.49,10.0,0.47,15.0,0.57,5.0,0.64,10.0,0.08,0.08,43.166888,1776186383000
1776186384.999,84.999,0.43,5.0,0.36,10.0,0.51,10.0,0.53,15.0,0.49,10.0,0.47,15.0,0.57,5.0,0.64,10.0,0.08,0.08,43.167364,1776186384000
1776186385.921,85.921,0.43,5.0,0.36,10.0,0.51,10.0,0.53,15.0,0.49,10.0,0.47,15.0,0.57,5.0,0.64,10.0,0.08,0.08,43.179211,1776186385000
1776186386.871,86.871,0.43,5.0,0.36,10.0,0.51,10.0,0.53,15.0,0.49,10.0,0.47,15.0,0.57,5.0,0.64,10.0,0.08,0.08,43.188377,1776186386000
1776186387.976,87.976,0.43,5.0,0.36,10.0,0.51,10.0,0.53,15.0,0.49,10.0,0.47,15.0,0.57,5.0,0.64,10.0,0.08,0.08,43.181229,1776186387000
1776186389.033,89.033,0.43,5.0,0.36,10.0,0.51,10.0,0.53,15.0,0.49,10.0,0.47,15.0,0.57,5.0,0.64,10.0,0.08,0.08,43.179821,1776186388000
1776186389.97,89.97,0.43,5.0,0.36,10.0,0.51,10.0,0.53,15.0,0.49,10.0,0.47,15.0,0.57,5.0,0.64,10.0,0.08,0.08,43.179845,1776186389000
1776186391.172,91.172,0.43,5.0,0.36,10.0,0.51,10.0,0.53,15.0,0.49,10.0,0.47,15.0,0.57,5.0,0.64,10.0,0.08,0.08,43.178395,1776186390000
1776186392.307,92.307,0.43,5.0,0.36,10.0,0.51,10.0,0.53,15.0,0.49,10.0,0.47,15.0,0.57,5.0,0.64,10.0,0.08,0.08,43.179478,1776186391000
1776186393.482,93.482,0.43,5.0,0.36,10.0,0.51,10.0,0.53,15.0,0.49,10.0,0.47,15.0,0.57,5.0,0.64,10.0,0.08,0.08,43.180644,1776186392000
1776186393.982,93.982,0.43,5.0,0.36,10.0,0.51,10.0,0.53,15.0,0.49,10.0,0.47,15.0,0.57,5.0,0.64,10.0,0.08,0.08,43.181045,1776186393000
1776186395.204,95.204,0.43,5.0,0.36,10.0,0.51,10.0,0.53,15.0,0.49,10.0,0.47,15.0,0.57,5.0,0.64,10.0,0.08,0.08,43.181045,1776186394000
1776186396.174,96.174,0.43,5.0,0.36,10.0,0.51,10.0,0.53,15.0,0.49,10.0,0.47,15.0,0.57,5.0,0.64,10.0,0.08,0.08,43.181587,1776186395000
1776186397.288,97.288,0.43,5.0,0.36,10.0,0.51,10.0,0.53,15.0,0.49,10.0,0.47,15.0,0.57,5.0,0.64,10.0,0.08,0.08,43.18185,1776186396000
1776186397.948,97.948,0.46,5.0,0.45,15.0,0.61,2.8,0.62,15.0,0.49,10.0,0.47,15.0,0.57,5.0,0.64,10.0,0.15,0.08,43.18185,1776186396000
1776186398.305,98.305,0.46,5.0,0.45,15.0,0.61,2.8,0.62,15.0,0.39,2.8,0.38,15.0,0.54,5.0,0.55,15.0,0.15,0.15,43.180979,1776186397000
1776186399.414,99.414,0.46,5.0,0.45,15.0,0.61,2.8,0.62,15.0,0.39,2.8,0.38,15.0,0.54,5.0,0.55,15.0,0.15,0.15,43.179401,1776186398000
1776186400.319,100.319,0.46,5.0,0.45,15.0,0.61,2.8,0.62,15.0,0.39,2.8,0.38,15.0,0.54,5.0,0.55,15.0,0.15,0.15,43.178208,1776186399000
1776186400.878,100.878,0.46,5.0,0.45,15.0,0.61,2.8,0.62,15.0,0.39,2.8,0.38,15.0,0.54,5.0,0.55,15.0,0.15,0.15,43.178788,1776186400000
1776186401.935,101.935,0.46,5.0,0.45,15.0,0.61,2.8,0.62,15.0,0.39,2.8,0.38,15.0,0.54,5.0,0.55,15.0,0.15,0.15,43.178788,1776186401000
1776186402.988,102.988,0.46,5.0,0.45,15.0,0.61,2.8,0.62,15.0,0.39,2.8,0.38,15.0,0.54,5.0,0.55,15.0,0.15,0.15,43.178407,1776186402000
1776186404.373,104.373,0.46,5.0,0.45,15.0,0.61,2.8,0.62,15.0,0.39,2.8,0.38,15.0,0.54,5.0,0.55,15.0,0.15,0.15,43.178607,1776186403000
1776186404.897,104.897,0.46,5.0,0.45,15.0,0.61,2.8,0.62,15.0,0.39,2.8,0.38,15.0,0.54,5.0,0.55,15.0,0.15,0.15,43.178502,1776186404000
1776186405.919,105.919,0.46,5.0,0.45,15.0,0.61,2.8,0.62,15.0,0.39,2.8,0.38,15.0,0.54,5.0,0.55,15.0,0.15,0.15,43.17858,1776186405000
1776186406.979,106.979,0.46,5.0,0.45,15.0,0.61,2.8,0.62,15.0,0.39,2.8,0.38,15.0,0.54,5.0,0.55,15.0,0.15,0.15,43.17878,1776186406000
1776186408.098,108.098,0.46,5.0,0.45,15.0,0.61,2.8,0.62,15.0,0.39,2.8,0.38,15.0,0.54,5.0,0.55,15.0,0.15,0.15,43.178537,1776186407000
1776186409.148,109.148,0.46,5.0,0.45,15.0,0.61,2.8,0.62,15.0,0.39,2.8,0.38,15.0,0.54,5.0,0.55,15.0,0.15,0.15,43.178244,1776186408000
1776186410.111,110.111,0.46,5.0,0.45,15.0,0.61,2.8,0.62,15.0,0.39,2.8,0.38,15.0,0.54,5.0,0.55,15.0,0.15,0.15,43.178236,1776186409000
1776186411.176,111.176,0.46,5.0,0.45,15.0,0.61,2.8,0.62,15.0,0.39,2.8,0.38,15.0,0.54,5.0,0.55,15.0,0.15,0.15,43.178376,1776186410000
1776186412.208,112.208,0.46,5.0,0.45,15.0,0.61,2.8,0.62,15.0,0.39,2.8,0.38,15.0,0.54,5.0,0.55,15.0,0.15,0.15,43.173426,1776186411000
1776186413.223,113.223,0.46,5.0,0.45,15.0,0.61,2.8,0.62,15.0,0.39,2.8,0.38,15.0,0.54,5.0,0.55,15.0,0.15,0.15,43.172369,1776186412000
1776186414.412,114.412,0.46,5.0,0.45,15.0,0.61,2.8,0.62,15.0,0.39,2.8,0.38,15.0,0.54,5.0,0.55,15.0,0.15,0.15,43.171238,1776186413000
1776186415.443,115.443,0.46,5.0,0.45,15.0,0.61,2.8,0.62,15.0,0.39,2.8,0.38,15.0,0.54,5.0,0.55,15.0,0.15,0.15,43.171559,1776186414000
1776186416.027,116.027,0.46,5.0,0.45,15.0,0.61,2.8,0.62,15.0,0.39,2.8,0.38,15.0,0.54,5.0,0.55,15.0,0.15,0.15,43.171726,1776186415000
1776186417.475,117.475,0.46,5.0,0.45,15.0,0.61,2.8,0.62,15.0,0.39,2.8,0.38,15.0,0.54,5.0,0.55,15.0,0.15,0.15,43.177601,1776186416000
1776186417.892,117.892,0.46,5.0,0.45,15.0,0.61,2.8,0.62,15.0,0.39,2.8,0.38,15.0,0.54,5.0,0.55,15.0,0.15,0.15,43.177808,1776186417000
1776186418.983,118.983,0.46,5.0,0.45,15.0,0.61,2.8,0.62,15.0,0.39,2.8,0.38,15.0,0.54,5.0,0.55,15.0,0.15,0.15,43.17832,1776186418000
1776186420.032,120.032,0.46,5.0,0.45,15.0,0.61,2.8,0.62,15.0,0.39,2.8,0.38,15.0,0.54,5.0,0.55,15.0,0.15,0.15,43.178381,1776186419000
1776186421.118,121.118,0.46,5.0,0.45,15.0,0.61,2.8,0.62,15.0,0.39,2.8,0.38,15.0,0.54,5.0,0.55,15.0,0.15,0.15,43.178381,1776186420000
1776186422.1,122.1,0.46,5.0,0.45,15.0,0.61,2.8,0.62,15.0,0.39,2.8,0.38,15.0,0.54,5.0,0.55,15.0,0.15,0.15,43.176723,1776186421000
1776186423.071,123.071,0.46,5.0,0.45,15.0,0.61,2.8,0.62,15.0,0.39,2.8,0.38,15.0,0.54,5.0,0.55,15.0,0.15,0.15,43.174602,1776186422000
1776186424.139,124.139,0.46,5.0,0.45,15.0,0.61,2.8,0.62,15.0,0.39,2.8,0.38,15.0,0.54,5.0,0.55,15.0,0.15,0.15,43.176723,1776186423000
1776186425.173,125.173,0.46,5.0,0.45,15.0,0.61,2.8,0.62,15.0,0.39,2.8,0.38,15.0,0.54,5.0,0.55,15.0,0.15,0.15,43.179075,1776186424000
1776186426.163,126.163,0.46,5.0,0.45,15.0,0.61,2.8,0.62,15.0,0.39,2.8,0.38,15.0,0.54,5.0,0.55,15.0,0.15,0.15,43.192948,1776186425000
1776186427.14,127.14,0.46,5.0,0.45,15.0,0.61,2.8,0.62,15.0,0.39,2.8,0.38,15.0,0.54,5.0,0.55,15.0,0.15,0.15,43.188409,1776186426000
1776186428.12,128.12,0.46,5.0,0.45,15.0,0.61,2.8,0.62,15.0,0.39,2.8,0.38,15.0,0.54,5.0,0.55,15.0,0.15,0.15,43.183222,1776186427000
1776186429.056,129.056,0.46,5.0,0.45,15.0,0.61,2.8,0.62,15.0,0.39,2.8,0.38,15.0,0.54,5.0,0.55,15.0,0.15,0.15,43.182932,1776186428000
1776186430.583,130.583,0.46,5.0,0.45,15.0,0.61,2.8,0.62,15.0,0.39,2.8,0.38,15.0,0.54,5.0,0.55,15.0,0.15,0.15,43.188043,1776186429000
1776186431.035,131.035,0.46,5.0,0.45,15.0,0.61,2.8,0.62,15.0,0.39,2.8,0.38,15.0,0.54,5.0,0.55,15.0,0.15,0.15,43.188198,1776186430000
1776186432.107,132.107,0.46,5.0,0.45,15.0,0.61,2.8,0.62,15.0,0.39,2.8,0.38,15.0,0.54,5.0,0.55,15.0,0.15,0.15,43.186201,1776186431000
1776186433.163,133.163,0.46,5.0,0.45,15.0,0.61,2.8,0.62,15.0,0.39,2.8,0.38,15.0,0.54,5.0,0.55,15.0,0.15,0.15,43.180451,1776186432000
1776186434.088,134.088,0.46,5.0,0.45,15.0,0.61,2.8,0.62,15.0,0.39,2.8,0.38,15.0,0.54,5.0,0.55,15.0,0.15,0.15,43.179141,1776186433000
1776186435.087,135.087,0.46,5.0,0.45,15.0,0.61,2.8,0.62,15.0,0.39,2.8,0.38,15.0,0.54,5.0,0.55,15.0,0.15,0.15,43.18056,1776186434000
1776186436.168,136.168,0.46,5.0,0.45,15.0,0.61,2.8,0.62,15.0,0.39,2.8,0.38,15.0,0.54,5.0,0.55,15.0,0.15,0.15,43.181065,1776186435000
1776186437.19,137.19,0.46,5.0,0.45,15.0,0.61,2.8,0.62,15.0,0.39,2.8,0.38,15.0,0.54,5.0,0.55,15.0,0.15,0.15,43.181065,1776186436000
1776186438.254,138.254,0.46,5.0,0.45,15.0,0.61,2.8,0.62,15.0,0.39,2.8,0.38,15.0,0.54,5.0,0.55,15.0,0.15,0.15,43.181336,1776186437000
1776186439.343,139.343,0.46,5.0,0.45,15.0,0.61,2.8,0.62,15.0,0.39,2.8,0.38,15.0,0.54,5.0,0.55,15.0,0.15,0.15,43.181039,1776186438000
1776186440.265,140.265,0.46,5.0,0.45,15.0,0.61,2.8,0.62,15.0,0.39,2.8,0.38,15.0,0.54,5.0,0.55,15.0,0.15,0.15,43.181181,1776186439000
1776186441.149,141.149,0.46,5.0,0.45,15.0,0.61,2.8,0.62,15.0,0.39,2.8,0.38,15.0,0.54,5.0,0.55,15.0,0.15,0.15,43.180925,1776186440000
1776186442.108,142.108,0.46,5.0,0.45,15.0,0.61,2.8,0.62,15.0,0.39,2.8,0.38,15.0,0.54,5.0,0.55,15.0,0.15,0.15,43.180924,1776186441000
1776186443.802,143.802,0.46,5.0,0.45,15.0,0.61,2.8,0.62,15.0,0.39,2.8,0.38,15.0,0.54,5.0,0.55,15.0,0.15,0.15,43.180771,1776186442000
1776186444.745,144.745,0.46,5.0,0.45,15.0,0.61,2.8,0.62,15.0,0.39,2.8,0.38,15.0,0.54,5.0,0.55,15.0,0.15,0.15,43.180771,1776186443000
1776186445.426,145.426,0.46,5.0,0.45,15.0,0.61,2.8,0.62,15.0,0.39,2.8,0.38,15.0,0.54,5.0,0.55,15.0,0.15,0.15,43.180691,1776186444000
1776186446.111,146.111,0.46,5.0,0.45,15.0,0.61,2.8,0.62,15.0,0.39,2.8,0.38,15.0,0.54,5.0,0.55,15.0,0.15,0.15,43.180424,1776186445000
1776186447.63,147.63,0.46,5.0,0.45,15.0,0.61,2.8,0.62,15.0,0.39,2.8,0.38,15.0,0.54,5.0,0.55,15.0,0.15,0.15,43.179268,1776186446000
1776186448.327,148.327,0.46,5.0,0.45,15.0,0.61,2.8,0.62,15.0,0.39,2.8,0.38,15.0,0.54,5.0,0.55,15.0,0.15,0.15,43.178867,1776186447000
1776186449.655,149.655,0.46,5.0,0.45,15.0,0.61,2.8,0.62,15.0,0.39,2.8,0.38,15.0,0.54,5.0,0.55,15.0,0.15,0.15,43.179151,1776186448000
1776186450.271,150.271,0.46,5.0,0.45,15.0,0.61,2.8,0.62,15.0,0.39,2.8,0.38,15.0,0.54,5.0,0.55,15.0,0.15,0.15,43.179158,1776186449000
1776186451.746,151.746,0.46,5.0,0.45,15.0,0.61,2.8,0.62,15.0,0.39,2.8,0.38,15.0,0.54,5.0,0.55,15.0,0.15,0.15,43.179752,1776186450000
1776186452.377,152.377,0.46,5.0,0.45,15.0,0.61,2.8,0.62,15.0,0.39,2.8,0.38,15.0,0.54,5.0,0.55,15.0,0.15,0.15,43.180472,1776186451000
1776186453.159,153.159,0.46,5.0,0.45,15.0,0.61,2.8,0.62,15.0,0.39,2.8,0.38,15.0,0.54,5.0,0.55,15.0,0.15,0.15,43.180472,1776186452000
1776186454.55,154.55,0.46,5.0,0.45,15.0,0.61,2.8,0.62,15.0,0.39,2.8,0.38,15.0,0.54,5.0,0.55,15.0,0.15,0.15,43.180627,1776186453000
1776186455.19,155.19,0.46,5.0,0.45,15.0,0.61,2.8,0.62,15.0,0.39,2.8,0.38,15.0,0.54,5.0,0.55,15.0,0.15,0.15,43.180416,1776186454000
1776186456.547,156.547,0.46,5.0,0.45,15.0,0.61,2.8,0.62,15.0,0.39,2.8,0.38,15.0,0.54,5.0,0.55,15.0,0.15,0.15,43.180517,1776186455000
1776186457.242,157.242,0.46,5.0,0.45,15.0,0.61,2.8,0.62,15.0,0.39,2.8,0.38,15.0,0.54,5.0,0.55,15.0,0.15,0.15,43.180627,1776186456000
1776186458.621,158.621,0.46,5.0,0.45,15.0,0.61,2.8,0.62,15.0,0.39,2.8,0.38,15.0,0.54,5.0,0.55,15.0,0.15,0.15,43.180759,1776186457000
1776186459.423,159.423,0.46,5.0,0.45,15.0,0.61,2.8,0.62,15.0,0.39,2.8,0.38,15.0,0.54,5.0,0.55,15.0,0.15,0.15,43.180677,1776186458000
1776186460.073,160.073,0.46,5.0,0.45,15.0,0.61,2.8,0.62,15.0,0.39,2.8,0.38,15.0,0.54,5.0,0.55,15.0,0.15,0.15,43.180744,1776186459000
1776186461.833,161.833,0.46,5.0,0.45,15.0,0.61,2.8,0.62,15.0,0.39,2.8,0.38,15.0,0.54,5.0,0.55,15.0,0.15,0.15,43.179631,1776186460000
1776186462.435,162.435,0.46,5.0,0.45,15.0,0.61,2.8,0.62,15.0,0.39,2.8,0.38,15.0,0.54,5.0,0.55,15.0,0.15,0.15,43.175125,1776186461000
1776186463.646,163.646,0.46,5.0,0.45,15.0,0.61,2.8,0.62,15.0,0.39,2.8,0.38,15.0,0.54,5.0,0.55,15.0,0.15,0.15,43.173018,1776186462000
1776186464.318,164.318,0.46,5.0,0.45,15.0,0.61,2.8,0.62,15.0,0.39,2.8,0.38,15.0,0.54,5.0,0.55,15.0,0.15,0.15,43.172566,1776186463000
1776186465.341,165.341,0.46,5.0,0.45,15.0,0.61,2.8,0.62,15.0,0.39,2.8,0.38,15.0,0.54,5.0,0.55,15.0,0.15,0.15,43.172669,1776186464000
1776186466.256,166.256,0.46,5.0,0.45,15.0,0.61,2.8,0.62,15.0,0.39,2.8,0.38,15.0,0.54,5.0,0.55,15.0,0.15,0.15,43.174414,1776186465000
1776186467.701,167.701,0.46,5.0,0.45,15.0,0.61,2.8,0.62,15.0,0.39,2.8,0.38,15.0,0.54,5.0,0.55,15.0,0.15,0.15,43.174467,1776186466000
1776186468.318,168.318,0.46,5.0,0.45,15.0,0.61,2.8,0.62,15.0,0.39,2.8,0.38,15.0,0.54,5.0,0.55,15.0,0.15,0.15,43.174467,1776186467000
1776186469.378,169.378,0.46,5.0,0.45,15.0,0.61,2.8,0.62,15.0,0.39,2.8,0.38,15.0,0.54,5.0,0.55,15.0,0.15,0.15,43.174484,1776186468000
1776186470.002,170.002,0.46,5.0,0.45,15.0,0.61,2.8,0.62,15.0,0.39,2.8,0.38,15.0,0.54,5.0,0.55,15.0,0.15,0.15,43.174579,1776186469000
1776186471.314,171.314,0.46,5.0,0.45,15.0,0.61,2.8,0.62,15.0,0.39,2.8,0.38,15.0,0.54,5.0,0.55,15.0,0.15,0.15,43.175083,1776186470000
1776186472.22,172.22,0.46,5.0,0.45,15.0,0.61,2.8,0.62,15.0,0.39,2.8,0.38,15.0,0.54,5.0,0.55,15.0,0.15,0.15,43.17525,1776186471000
1776186473.241,173.241,0.46,5.0,0.45,15.0,0.61,2.8,0.62,15.0,0.39,2.8,0.38,15.0,0.54,5.0,0.55,15.0,0.15,0.15,43.174989,1776186472000
1776186474.323,174.323,0.46,5.0,0.45,15.0,0.61,2.8,0.62,15.0,0.39,2.8,0.38,15.0,0.54,5.0,0.55,15.0,0.15,0.15,43.173229,1776186473000
1776186475.494,175.494,0.46,5.0,0.45,15.0,0.61,2.8,0.62,15.0,0.39,2.8,0.38,15.0,0.54,5.0,0.55,15.0,0.15,0.15,43.173229,1776186474000
1776186476.667,176.667,0.46,5.0,0.45,15.0,0.61,2.8,0.62,15.0,0.39,2.8,0.38,15.0,0.54,5.0,0.55,15.0,0.15,0.15,43.173278,1776186475000
1776186477.21,177.21,0.46,5.0,0.45,15.0,0.61,2.8,0.62,15.0,0.39,2.8,0.38,15.0,0.54,5.0,0.55,15.0,0.15,0.15,43.173181,1776186476000
1776186478.768,178.768,0.46,5.0,0.45,15.0,0.61,2.8,0.62,15.0,0.39,2.8,0.38,15.0,0.54,5.0,0.55,15.0,0.15,0.15,43.172018,1776186477000
1776186479.511,179.511,0.46,5.0,0.45,15.0,0.61,2.8,0.62,15.0,0.39,2.8,0.38,15.0,0.54,5.0,0.55,15.0,0.15,0.15,43.172018,1776186478000
1776186480.073,180.073,0.46,5.0,0.45,15.0,0.61,2.8,0.62,15.0,0.39,2.8,0.38,15.0,0.54,5.0,0.55,15.0,0.15,0.15,43.171711,1776186479000
1776186481.456,181.456,0.46,5.0,0.45,15.0,0.61,2.8,0.62,15.0,0.39,2.8,0.38,15.0,0.54,5.0,0.55,15.0,0.15,0.15,43.171408,1776186480000
1776186482.028,182.028,0.46,5.0,0.45,15.0,0.61,2.8,0.62,15.0,0.39,2.8,0.38,15.0,0.54,5.0,0.55,15.0,0.15,0.15,43.171552,1776186481000
1776186483.457,183.457,0.46,5.0,0.45,15.0,0.61,2.8,0.62,15.0,0.39,2.8,0.38,15.0,0.54,5.0,0.55,15.0,0.15,0.15,43.177153,1776186482000
1776186484.149,184.149,0.46,5.0,0.45,15.0,0.61,2.8,0.62,15.0,0.39,2.8,0.38,15.0,0.54,5.0,0.55,15.0,0.15,0.15,43.177722,1776186483000
1776186484.968,184.968,0.49,15.0,0.48,15.0,0.59,9.0,0.64,10.0,0.39,2.8,0.38,15.0,0.54,5.0,0.55,15.0,0.1,0.15,43.177722,1776186483000
1776186485.523,185.523,0.49,15.0,0.48,15.0,0.59,9.0,0.64,10.0,0.41,9.0,0.36,10.0,0.51,15.0,0.52,15.0,0.1,0.1,43.177602,1776186484000
1776186486.156,186.156,0.49,15.0,0.48,15.0,0.59,9.0,0.64,10.0,0.41,9.0,0.36,10.0,0.51,15.0,0.52,15.0,0.1,0.1,43.179077,1776186485000
1776186487.428,187.428,0.49,15.0,0.48,15.0,0.59,9.0,0.64,10.0,0.41,9.0,0.36,10.0,0.51,15.0,0.52,15.0,0.1,0.1,43.179171,1776186486000
1776186488.133,188.133,0.49,15.0,0.48,15.0,0.59,9.0,0.64,10.0,0.41,9.0,0.36,10.0,0.51,15.0,0.52,15.0,0.1,0.1,43.177903,1776186487000
1776186489.363,189.363,0.49,15.0,0.48,15.0,0.59,9.0,0.64,10.0,0.41,9.0,0.36,10.0,0.51,15.0,0.52,15.0,0.1,0.1,43.178258,1776186488000
1776186490.004,190.004,0.49,15.0,0.48,15.0,0.59,9.0,0.64,10.0,0.41,9.0,0.36,10.0,0.51,15.0,0.52,15.0,0.1,0.1,43.179421,1776186489000
1776186491.254,191.254,0.49,15.0,0.48,15.0,0.59,9.0,0.64,10.0,0.41,9.0,0.36,10.0,0.51,15.0,0.52,15.0,0.1,0.1,43.178606,1776186490000
1776186492.519,192.519,0.49,15.0,0.48,15.0,0.59,9.0,0.64,10.0,0.41,9.0,0.36,10.0,0.51,15.0,0.52,15.0,0.1,0.1,43.178726,1776186491000
1776186493.9,193.9,0.49,15.0,0.48,15.0,0.59,9.0,0.64,10.0,0.41,9.0,0.36,10.0,0.51,15.0,0.52,15.0,0.1,0.1,43.178726,1776186492000
1776186494.708,194.708,0.49,15.0,0.48,15.0,0.59,9.0,0.64,10.0,0.41,9.0,0.36,10.0,0.51,15.0,0.52,15.0,0.1,0.1,43.179735,1776186493000
1776186495.455,195.455,0.49,15.0,0.48,15.0,0.59,9.0,0.64,10.0,0.41,9.0,0.36,10.0,0.51,15.0,0.52,15.0,0.1,0.1,43.179965,1776186494000
1776186496.107,196.107,0.49,15.0,0.48,15.0,0.59,9.0,0.64,10.0,0.41,9.0,0.36,10.0,0.51,15.0,0.52,15.0,0.1,0.1,43.179656,1776186495000
1776186497.915,197.915,0.49,15.0,0.48,15.0,0.59,9.0,0.64,10.0,0.41,9.0,0.36,10.0,0.51,15.0,0.52,15.0,0.1,0.1,43.17992,1776186496000
1776186498.405,198.405,0.49,15.0,0.48,15.0,0.59,9.0,0.64,10.0,0.41,9.0,0.36,10.0,0.51,15.0,0.52,15.0,0.1,0.1,43.180017,1776186497000
1776186499.231,199.231,0.49,15.0,0.48,15.0,0.59,9.0,0.64,10.0,0.41,9.0,0.36,10.0,0.51,15.0,0.52,15.0,0.1,0.1,43.178583,1776186498000
1776186500.598,200.598,0.49,15.0,0.48,15.0,0.59,9.0,0.64,10.0,0.41,9.0,0.36,10.0,0.51,15.0,0.52,15.0,0.1,0.1,43.177173,1776186499000
1776186501.219,201.219,0.49,15.0,0.48,15.0,0.59,9.0,0.64,10.0,0.41,9.0,0.36,10.0,0.51,15.0,0.52,15.0,0.1,0.1,43.176158,1776186500000
1776186502.667,202.667,0.49,15.0,0.48,15.0,0.59,9.0,0.64,10.0,0.41,9.0,0.36,10.0,0.51,15.0,0.52,15.0,0.1,0.1,43.174834,1776186501000
1776186503.324,203.324,0.49,15.0,0.48,15.0,0.59,9.0,0.64,10.0,0.41,9.0,0.36,10.0,0.51,15.0,0.52,15.0,0.1,0.1,43.175734,1776186502000
1776186504.006,204.006,0.49,15.0,0.48,15.0,0.59,9.0,0.64,10.0,0.41,9.0,0.36,10.0,0.51,15.0,0.52,15.0,0.1,0.1,43.177774,1776186503000
1776186505.375,205.375,0.49,15.0,0.48,15.0,0.59,9.0,0.64,10.0,0.41,9.0,0.36,10.0,0.51,15.0,0.52,15.0,0.1,0.1,43.179243,1776186504000
1776186506.03,206.03,0.49,15.0,0.48,15.0,0.59,9.0,0.64,10.0,0.41,9.0,0.36,10.0,0.51,15.0,0.52,15.0,0.1,0.1,43.179258,1776186505000
1776186507.794,207.794,0.49,15.0,0.48,15.0,0.59,9.0,0.64,10.0,0.41,9.0,0.36,10.0,0.51,15.0,0.52,15.0,0.1,0.1,43.179523,1776186506000
1776186508.342,208.342,0.49,15.0,0.48,15.0,0.59,9.0,0.64,10.0,0.41,9.0,0.36,10.0,0.51,15.0,0.52,15.0,0.1,0.1,43.178804,1776186507000
1776186509.299,209.299,0.49,15.0,0.48,15.0,0.59,9.0,0.64,10.0,0.41,9.0,0.36,10.0,0.51,15.0,0.52,15.0,0.1,0.1,43.178804,1776186508000
1776186510.661,210.661,0.49,15.0,0.48,15.0,0.59,9.0,0.64,10.0,0.41,9.0,0.36,10.0,0.51,15.0,0.52,15.0,0.1,0.1,43.178906,1776186509000
1776186511.238,211.238,0.54,15.0,0.53,15.0,0.66,8.9,0.67,15.0,0.34,8.9,0.33,15.0,0.46,15.0,0.47,15.0,0.12,0.12,43.17812,1776186510000
1776186512.572,212.572,0.54,15.0,0.53,15.0,0.66,8.9,0.67,15.0,0.34,8.9,0.33,15.0,0.46,15.0,0.47,15.0,0.12,0.12,43.179086,1776186511000
1776186513.403,213.403,0.54,15.0,0.53,15.0,0.66,8.9,0.67,15.0,0.34,8.9,0.33,15.0,0.46,15.0,0.47,15.0,0.12,0.12,43.178848,1776186512000
1776186513.971,213.971,0.54,15.0,0.53,15.0,0.66,8.9,0.67,15.0,0.34,8.9,0.33,15.0,0.46,15.0,0.47,15.0,0.12,0.12,43.178695,1776186513000
1776186515.411,215.411,0.54,15.0,0.53,15.0,0.66,8.9,0.67,15.0,0.34,8.9,0.33,15.0,0.46,15.0,0.47,15.0,0.12,0.12,43.177825,1776186514000
1776186516.001,216.001,0.54,15.0,0.53,15.0,0.66,8.9,0.67,15.0,0.34,8.9,0.33,15.0,0.46,15.0,0.47,15.0,0.12,0.12,43.177343,1776186515000
1776186517.223,217.223,0.54,15.0,0.53,15.0,0.66,8.9,0.67,15.0,0.34,8.9,0.33,15.0,0.46,15.0,0.47,15.0,0.12,0.12,43.177477,1776186516000
1776186518.945,218.945,0.54,15.0,0.53,15.0,0.66,8.9,0.67,15.0,0.34,8.9,0.33,15.0,0.46,15.0,0.47,15.0,0.12,0.12,43.17713,1776186517000
1776186519.761,219.761,0.54,15.0,0.53,15.0,0.66,8.9,0.67,15.0,0.34,8.9,0.33,15.0,0.46,15.0,0.47,15.0,0.12,0.12,43.177112,1776186518000
1776186520.423,220.423,0.54,15.0,0.53,15.0,0.66,8.9,0.67,15.0,0.34,8.9,0.33,15.0,0.46,15.0,0.47,15.0,0.12,0.12,43.177065,1776186519000
1776186521.102,221.102,0.54,15.0,0.53,15.0,0.66,8.9,0.67,15.0,0.34,8.9,0.33,15.0,0.46,15.0,0.47,15.0,0.12,0.12,43.177937,1776186520000
1776186522.604,222.604,0.54,15.0,0.53,15.0,0.66,8.9,0.67,15.0,0.34,8.9,0.33,15.0,0.46,15.0,0.47,15.0,0.12,0.12,43.177829,1776186521000
1776186523.259,223.259,0.54,15.0,0.53,15.0,0.66,8.9,0.67,15.0,0.34,8.9,0.33,15.0,0.46,15.0,0.47,15.0,0.12,0.12,43.177829,1776186522000
1776186524.66,224.66,0.54,15.0,0.53,15.0,0.66,8.9,0.67,15.0,0.34,8.9,0.33,15.0,0.46,15.0,0.47,15.0,0.12,0.12,43.177655,1776186523000
1776186525.316,225.316,0.46,25.0,0.45,15.0,0.63,6.82,0.68,15.0,0.34,8.9,0.33,15.0,0.46,15.0,0.47,15.0,0.17,0.12,43.177655,1776186523000
1776186526.649,226.649,0.46,25.0,0.45,15.0,0.63,6.82,0.68,15.0,0.37,6.82,0.32,15.0,0.54,25.0,0.55,15.0,0.17,0.17,43.179213,1776186525000
1776186527.291,227.291,0.46,25.0,0.45,15.0,0.63,6.82,0.68,15.0,0.37,6.82,0.32,15.0,0.54,25.0,0.55,15.0,0.17,0.17,43.176922,1776186526000
1776186528.696,228.696,0.46,25.0,0.45,15.0,0.63,6.82,0.68,15.0,0.37,6.82,0.32,15.0,0.54,25.0,0.55,15.0,0.17,0.17,43.176516,1776186527000
1776186529.393,229.393,0.46,25.0,0.45,15.0,0.63,6.82,0.68,15.0,0.37,6.82,0.32,15.0,0.54,25.0,0.55,15.0,0.17,0.17,43.176549,1776186528000
1776186530.549,230.549,0.46,25.0,0.45,15.0,0.63,6.82,0.68,15.0,0.37,6.82,0.32,15.0,0.54,25.0,0.55,15.0,0.17,0.17,43.176371,1776186529000
1776186531.245,231.245,0.46,25.0,0.45,15.0,0.63,6.82,0.68,15.0,0.37,6.82,0.32,15.0,0.54,25.0,0.55,15.0,0.17,0.17,43.17635,1776186530000
1776186532.611,232.611,0.46,25.0,0.45,15.0,0.63,6.82,0.68,15.0,0.37,6.82,0.32,15.0,0.54,25.0,0.55,15.0,0.17,0.17,43.174894,1776186531000
1776186533.087,233.087,0.46,25.0,0.45,15.0,0.63,6.82,0.68,15.0,0.37,6.82,0.32,15.0,0.54,25.0,0.55,15.0,0.17,0.17,43.174894,1776186532000
1776186534.403,234.403,0.46,25.0,0.45,15.0,0.63,6.82,0.68,15.0,0.37,6.82,0.32,15.0,0.54,25.0,0.55,15.0,0.17,0.17,43.172456,1776186533000
1776186535.45,235.45,0.46,25.0,0.45,15.0,0.63,6.82,0.68,15.0,0.37,6.82,0.32,15.0,0.54,25.0,0.55,15.0,0.17,0.17,43.173031,1776186534000
1776186536.135,236.135,0.46,25.0,0.45,15.0,0.63,6.82,0.68,15.0,0.37,6.82,0.32,15.0,0.54,25.0,0.55,15.0,0.17,0.17,43.172703,1776186535000
1776186537.361,237.361,0.46,25.0,0.45,15.0,0.63,6.82,0.68,15.0,0.37,6.82,0.32,15.0,0.54,25.0,0.55,15.0,0.17,0.17,43.173503,1776186536000
1776186537.972,237.972,0.46,25.0,0.45,15.0,0.63,6.82,0.68,15.0,0.37,6.82,0.32,15.0,0.54,25.0,0.55,15.0,0.17,0.17,43.173503,1776186537000
1776186539.12,239.12,0.46,25.0,0.45,15.0,0.63,6.82,0.68,15.0,0.37,6.82,0.32,15.0,0.54,25.0,0.55,15.0,0.17,0.17,43.17343,1776186538000
1776186540.424,240.424,0.46,25.0,0.45,15.0,0.63,6.82,0.68,15.0,0.37,6.82,0.32,15.0,0.54,25.0,0.55,15.0,0.17,0.17,43.173144,1776186539000
1776186541.095,241.095,0.46,25.0,0.45,15.0,0.63,6.82,0.68,15.0,0.37,6.82,0.32,15.0,0.54,25.0,0.55,15.0,0.17,0.17,43.173383,1776186540000
1776186542.319,242.319,0.46,25.0,0.45,15.0,0.63,6.82,0.68,15.0,0.37,6.82,0.32,15.0,0.54,25.0,0.55,15.0,0.17,0.17,43.174005,1776186541000
1776186542.914,242.914,0.46,25.0,0.45,15.0,0.63,6.82,0.68,15.0,0.37,6.82,0.32,15.0,0.54,25.0,0.55,15.0,0.17,0.17,43.173721,1776186542000
1776186544.263,244.263,0.46,25.0,0.45,15.0,0.63,6.82,0.68,15.0,0.37,6.82,0.32,15.0,0.54,25.0,0.55,15.0,0.17,0.17,43.173357,1776186543000
1776186545.475,245.475,0.46,25.0,0.45,15.0,0.63,6.82,0.68,15.0,0.37,6.82,0.32,15.0,0.54,25.0,0.55,15.0,0.17,0.17,43.173357,1776186544000
1776186546.734,246.734,0.46,25.0,0.45,15.0,0.63,6.82,0.68,15.0,0.37,6.82,0.32,15.0,0.54,25.0,0.55,15.0,0.17,0.17,43.173357,1776186545000
1776186547.262,247.262,0.46,25.0,0.45,15.0,0.63,6.82,0.68,15.0,0.37,6.82,0.32,15.0,0.54,25.0,0.55,15.0,0.17,0.17,43.17231,1776186546000
1776186548.254,248.254,0.46,25.0,0.45,15.0,0.63,6.82,0.68,15.0,0.37,6.82,0.32,15.0,0.54,25.0,0.55,15.0,0.17,0.17,43.172302,1776186547000
1776186549.404,249.404,0.46,25.0,0.45,15.0,0.63,6.82,0.68,15.0,0.37,6.82,0.32,15.0,0.54,25.0,0.55,15.0,0.17,0.17,43.172188,1776186548000
1776186549.607,249.607,0.3,10.75,0.29,15.0,0.61,15.0,0.62,15.0,0.37,6.82,0.32,15.0,0.54,25.0,0.55,15.0,0.31,0.17,43.172188,1776186548000
1776186550.357,250.357,0.3,10.75,0.29,15.0,0.61,15.0,0.62,15.0,0.39,15.0,0.38,15.0,0.7,10.75,0.71,15.0,0.31,0.31,43.171296,1776186549000
1776186551.388,251.388,0.3,10.75,0.29,15.0,0.61,15.0,0.62,15.0,0.39,15.0,0.38,15.0,0.7,10.75,0.71,15.0,0.31,0.31,43.171403,1776186550000
1776186551.944,251.944,0.3,10.75,0.29,15.0,0.61,15.0,0.62,15.0,0.39,15.0,0.38,15.0,0.7,10.75,0.71,15.0,0.31,0.31,43.171021,1776186551000
1776186553.186,253.186,0.3,10.75,0.29,15.0,0.61,15.0,0.62,15.0,0.39,15.0,0.38,15.0,0.7,10.75,0.71,15.0,0.31,0.31,43.16923,1776186552000
1776186554.29,254.29,0.3,10.75,0.29,15.0,0.61,15.0,0.62,15.0,0.39,15.0,0.38,15.0,0.7,10.75,0.71,15.0,0.31,0.31,43.169697,1776186553000
1776186554.842,254.842,0.45,10.0,0.3,15.0,0.62,5.2,0.64,15.0,0.49,10.0,0.45,11.0,0.66,5.5,0.71,15.0,0.17,0.17,43.169697,1776186553000
1776186555.526,255.526,0.45,10.0,0.3,15.0,0.62,5.2,0.64,15.0,0.38,5.2,0.36,15.0,0.55,10.0,0.7,15.0,0.17,0.17,43.169539,1776186554000
1776186555.999,255.999,0.45,10.0,0.3,15.0,0.62,5.2,0.64,15.0,0.38,5.2,0.36,15.0,0.55,10.0,0.7,15.0,0.17,0.17,43.167432,1776186555000
1776186557.19,257.19,0.45,10.0,0.3,15.0,0.62,5.2,0.64,15.0,0.38,5.2,0.36,15.0,0.55,10.0,0.7,15.0,0.17,0.17,43.170272,1776186556000
1776186558.33,258.33,0.45,10.0,0.3,15.0,0.62,5.2,0.64,15.0,0.38,5.2,0.36,15.0,0.55,10.0,0.7,15.0,0.17,0.17,43.170193,1776186557000
1776186559.254,259.254,0.45,10.0,0.3,15.0,0.62,5.2,0.64,15.0,0.38,5.2,0.36,15.0,0.55,10.0,0.7,15.0,0.17,0.17,43.170467,1776186558000
1776186560.833,260.833,0.45,10.0,0.3,15.0,0.62,5.2,0.64,15.0,0.38,5.2,0.36,15.0,0.55,10.0,0.7,15.0,0.17,0.17,43.17088,1776186559000
1776186561.725,261.725,0.45,10.0,0.3,15.0,0.62,5.2,0.64,15.0,0.38,5.2,0.36,15.0,0.55,10.0,0.7,15.0,0.17,0.17,43.171022,1776186560000
1776186562.343,262.343,0.45,10.0,0.3,15.0,0.62,5.2,0.64,15.0,0.38,5.2,0.36,15.0,0.55,10.0,0.7,15.0,0.17,0.17,43.170651,1776186561000
1776186563.669,263.669,0.45,10.0,0.3,15.0,0.62,5.2,0.64,15.0,0.38,5.2,0.36,15.0,0.55,10.0,0.7,15.0,0.17,0.17,43.170624,1776186562000
1776186564.175,264.175,0.45,10.0,0.3,15.0,0.62,5.2,0.64,15.0,0.38,5.2,0.36,15.0,0.55,10.0,0.7,15.0,0.17,0.17,43.170609,1776186563000
1776186565.262,265.262,0.45,10.0,0.3,15.0,0.62,5.2,0.64,15.0,0.38,5.2,0.36,15.0,0.55,10.0,0.7,15.0,0.17,0.17,43.170701,1776186564000
1776186566.427,266.427,0.45,10.0,0.3,15.0,0.62,5.2,0.64,15.0,0.38,5.2,0.36,15.0,0.55,10.0,0.7,15.0,0.17,0.17,43.170819,1776186565000
1776186566.975,266.975,0.45,10.0,0.3,15.0,0.62,5.2,0.64,15.0,0.38,5.2,0.36,15.0,0.55,10.0,0.7,15.0,0.17,0.17,43.17115,1776186566000
1776186568.141,268.141,0.45,10.0,0.3,15.0,0.62,5.2,0.64,15.0,0.38,5.2,0.36,15.0,0.55,10.0,0.7,15.0,0.17,0.17,43.170952,1776186567000
1776186569.266,269.266,0.45,10.0,0.3,15.0,0.62,5.2,0.64,15.0,0.38,5.2,0.36,15.0,0.55,10.0,0.7,15.0,0.17,0.17,43.170978,1776186568000
1776186570.333,270.333,0.45,10.0,0.3,15.0,0.62,5.2,0.64,15.0,0.38,5.2,0.36,15.0,0.55,10.0,0.7,15.0,0.17,0.17,43.177383,1776186569000
1776186570.564,270.564,0.5,15.0,0.49,15.0,0.64,4.95,0.75,15.0,0.38,5.2,0.36,15.0,0.55,10.0,0.7,15.0,0.14,0.17,43.177383,1776186569000
1776186571.241,271.241,0.59,10.0,0.51,15.0,0.74,10.98,0.76,22.99,0.24,14.75,0.23,15.0,0.5,15.0,0.51,15.0,0.15,0.26,43.177383,1776186569000
1776186571.451,271.451,0.59,10.0,0.51,15.0,0.74,10.98,0.76,22.99,0.26,10.98,0.24,22.99,0.41,10.0,0.49,15.0,0.15,0.15,43.179501,1776186570000
1776186572.055,272.055,0.59,10.0,0.51,15.0,0.74,10.98,0.76,22.99,0.26,10.98,0.24,22.99,0.41,10.0,0.49,15.0,0.15,0.15,43.179531,1776186571000
1776186573.204,273.204,0.59,10.0,0.51,15.0,0.74,10.98,0.76,22.99,0.26,10.98,0.24,22.99,0.41,10.0,0.49,15.0,0.15,0.15,43.179605,1776186572000
1776186574.295,274.295,0.59,10.0,0.51,15.0,0.74,10.98,0.76,22.99,0.26,10.98,0.24,22.99,0.41,10.0,0.49,15.0,0.15,0.15,43.183225,1776186573000
1776186575.995,275.995,0.59,10.0,0.51,15.0,0.74,10.98,0.76,22.99,0.26,10.98,0.24,22.99,0.41,10.0,0.49,15.0,0.15,0.15,43.183645,1776186574000
1776186576.482,276.482,0.59,10.0,0.51,15.0,0.74,10.98,0.76,22.99,0.26,10.98,0.24,22.99,0.41,10.0,0.49,15.0,0.15,0.15,43.186092,1776186575000
1776186577.348,277.348,0.59,10.0,0.51,15.0,0.74,10.98,0.76,22.99,0.26,10.98,0.24,22.99,0.41,10.0,0.49,15.0,0.15,0.15,43.193108,1776186576000
1776186578.24,278.24,0.59,10.0,0.51,15.0,0.74,10.98,0.76,22.99,0.26,10.98,0.24,22.99,0.41,10.0,0.49,15.0,0.15,0.15,43.203689,1776186577000
1776186579.04,279.04,0.87,10.0,0.7,35.0,0.9,2.77,0.95,5.0,0.26,10.98,0.24,22.99,0.41,10.0,0.49,15.0,0.03,0.15,43.203689,1776186577000
1776186579.507,279.507,0.87,10.0,0.7,35.0,0.9,2.77,0.95,5.0,0.1,2.77,0.05,5.0,0.13,10.0,0.3,35.0,0.03,0.03,43.205143,1776186578000
1776186580.091,280.091,0.87,10.0,0.7,35.0,0.9,2.77,0.95,5.0,0.1,2.77,0.05,5.0,0.13,10.0,0.3,35.0,0.03,0.03,43.206526,1776186579000
1776186581.15,281.15,0.87,10.0,0.7,35.0,0.9,2.77,0.95,5.0,0.1,2.77,0.05,5.0,0.13,10.0,0.3,35.0,0.03,0.03,43.209803,1776186580000
1776186582.292,282.292,0.87,10.0,0.7,35.0,0.9,2.77,0.95,5.0,0.1,2.77,0.05,5.0,0.13,10.0,0.3,35.0,0.03,0.03,43.211219,1776186581000
1776186582.675,282.675,0.9,7.23,0.7,60.0,0.95,5.0,0.97,5.0,0.1,2.77,0.05,5.0,0.13,10.0,0.3,35.0,0.05,0.03,43.211219,1776186581000
1776186583.323,283.323,0.91,10.0,0.7,7.0,0.99,185.0,,,0.01,185.0,,,0.09,10.0,0.3,7.0,0.08,0.08,43.211187,1776186582000
1776186584.444,284.444,0.91,10.0,0.7,7.0,0.99,185.0,,,0.01,185.0,,,0.09,10.0,0.3,7.0,0.08,0.08,43.221448,1776186583000
1776186585.009,285.009,0.91,10.0,0.7,7.0,0.99,185.0,,,0.01,185.0,,,0.09,10.0,0.3,7.0,0.08,0.08,43.232563,1776186584000
1776186585.47,285.47,0.91,25.0,0.7,7.0,0.99,180.0,,,0.01,185.0,,,0.09,10.0,0.3,7.0,0.08,0.08,43.232563,1776186584000
1776186585.981,285.981,0.91,10.0,0.7,7.0,0.99,170.0,,,0.01,180.0,,,0.09,25.0,0.3,7.0,0.08,0.08,43.232563,1776186584000
1776186586.66,286.66,0.91,10.0,0.7,7.0,0.99,168.98,,,0.01,170.0,,,0.09,10.0,0.3,7.0,0.08,0.08,43.238141,1776186585000
1776186587.126,287.126,0.91,10.0,0.7,7.0,0.99,155.39,,,0.01,168.98,,,0.09,10.0,0.3,7.0,0.08,0.08,43.238141,1776186585000
1776186587.447,287.447,0.91,10.0,0.7,7.0,0.99,111.96,,,0.01,145.29,,,0.09,10.0,0.3,7.0,0.08,0.08,43.235076,1776186586000
1776186588.192,288.192,0.91,10.0,0.7,7.0,0.99,111.96,,,0.01,111.96,,,0.09,10.0,0.3,7.0,0.08,0.08,43.231325,1776186587000
1776186589.332,289.332,0.91,10.0,0.7,7.0,0.99,111.96,,,0.01,111.96,,,0.09,10.0,0.3,7.0,0.08,0.08,43.228966,1776186588000
1776186590.357,290.357,0.91,10.0,0.7,7.0,0.99,111.96,,,0.01,111.96,,,0.09,10.0,0.3,7.0,0.08,0.08,43.22378,1776186589000
1776186591.436,291.436,0.91,10.0,0.7,7.0,0.99,111.96,,,0.01,111.96,,,0.09,10.0,0.3,7.0,0.08,0.08,43.22378,1776186590000
1776186592.075,292.075,0.91,10.0,0.7,7.0,0.99,111.96,,,0.01,111.96,,,0.09,10.0,0.3,7.0,0.08,0.08,43.223501,1776186591000
1776186592.393,292.393,0.91,35.0,0.7,7.0,0.99,108.92,,,0.01,111.96,,,0.09,10.0,0.3,7.0,0.08,0.08,43.223501,1776186591000
1776186592.73,292.73,0.91,10.0,0.7,7.0,0.99,103.92,,,0.01,108.92,,,0.09,35.0,0.3,7.0,0.08,0.08,43.223501,1776186591000
1776186593.069,293.069,0.91,10.0,0.7,7.0,0.99,77.71,,,0.01,97.92,,,0.09,10.0,0.3,7.0,0.08,0.08,43.223501,1776186591000
1776186594.32,294.32,0.91,10.0,0.7,7.0,0.99,77.71,,,0.01,77.71,,,0.09,10.0,0.3,7.0,0.08,0.08,43.221579,1776186593000
1776186595.409,295.409,0.91,10.0,0.7,7.0,0.99,77.71,,,0.01,77.71,,,0.09,10.0,0.3,7.0,0.08,0.08,43.221404,1776186594000
1776186595.923,295.923,0.91,10.0,0.7,7.0,0.99,64.12,,,0.01,64.12,,,0.09,10.0,0.3,7.0,0.08,0.08,43.221379,1776186595000
1776186596.181,296.181,0.91,10.0,0.7,7.0,0.99,18.96,,,0.01,64.12,,,0.09,10.0,0.3,7.0,0.08,0.08,43.221379,1776186595000
1776186596.555,296.555,0.91,10.0,0.7,7.0,0.99,13.96,,,0.01,18.96,,,0.09,10.0,0.3,7.0,0.08,0.08,43.221379,1776186595000
1776186597.063,297.063,0.91,10.0,0.7,7.0,0.99,13.96,,,0.01,13.96,,,0.09,10.0,0.3,7.0,0.08,0.08,43.221431,1776186596000
1776186597.482,297.482,0.91,10.0,0.7,7.0,0.99,2.96,,,0.01,13.96,,,0.09,10.0,0.3,7.0,0.08,0.08,43.221431,1776186596000
1776186598.128,298.128,0.91,10.0,0.7,7.0,,,,,,,,,0.09,10.0,0.3,7.0,,,43.2215,1776186597000
1776186599.185,299.185,0.91,10.0,0.7,7.0,,,,,,,,,0.09,10.0,0.3,7.0,,,43.221504,1776186598000
1776186600.332,300.332,0.91,10.0,0.7,7.0,,,,,,,,,0.09,10.0,0.3,7.0,,,43.221507,1776186599000
1776186601.399,301.399,0.91,10.0,0.7,7.0,,,,,,,,,0.09,10.0,0.3,7.0,,,43.221353,1776186600000
1776186601.959,301.959,0.91,10.0,0.7,7.0,,,,,,,,,0.09,10.0,0.3,7.0,,,43.221353,1776186601000

# RESULT,winner=Up,slug=hype-updown-5m-1776186300,ticks=320
