timestamp,elapsed_sec,up_bid_p1,up_bid_s1,up_bid_p2,up_bid_s2,up_ask_p1,up_ask_s1,up_ask_p2,up_ask_s2,down_bid_p1,down_bid_s1,down_bid_p2,down_bid_s2,down_ask_p1,down_ask_s1,down_ask_p2,down_ask_s2,up_spread,down_spread,hype_price,hype_oracle_ts
1776210301.519,1.519,0.11,100.0,0.08,100.0,0.89,100.0,0.92,100.0,0.11,100.0,0.08,100.0,0.89,100.0,0.92,100.0,0.78,0.78,43.482302,1776210300000
1776210301.835,1.835,0.11,100.0,0.08,100.0,0.89,100.0,0.92,100.0,0.11,100.0,0.08,100.0,0.89,100.0,0.92,100.0,0.78,0.78,43.482302,1776210300000
1776210303.024,3.024,0.11,100.0,0.08,100.0,0.89,100.0,0.92,100.0,0.11,100.0,0.08,100.0,0.89,100.0,0.92,100.0,0.78,0.78,43.477043,1776210302000
1776210304.135,4.135,0.11,100.0,0.08,100.0,0.89,100.0,0.92,100.0,0.11,100.0,0.08,100.0,0.89,100.0,0.92,100.0,0.78,0.78,43.477043,1776210303000
1776210305.081,5.081,0.11,100.0,0.08,100.0,0.89,100.0,0.92,100.0,0.11,100.0,0.08,100.0,0.89,100.0,0.92,100.0,0.78,0.78,43.465223,1776210304000
1776210306.023,6.023,0.11,100.0,0.08,100.0,0.89,100.0,0.92,100.0,0.11,100.0,0.08,100.0,0.89,100.0,0.92,100.0,0.78,0.78,43.465349,1776210305000
1776210307.094,7.094,0.11,100.0,0.08,100.0,0.89,100.0,0.92,100.0,0.11,100.0,0.08,100.0,0.89,100.0,0.92,100.0,0.78,0.78,43.46485,1776210306000
1776210308.197,8.197,0.11,100.0,0.08,100.0,0.89,100.0,0.92,100.0,0.11,100.0,0.08,100.0,0.89,100.0,0.92,100.0,0.78,0.78,43.464721,1776210307000
1776210309.287,9.287,0.11,100.0,0.08,100.0,0.89,100.0,0.92,100.0,0.11,100.0,0.08,100.0,0.89,100.0,0.92,100.0,0.78,0.78,43.4648,1776210308000
1776210310.356,10.356,0.11,100.0,0.08,100.0,0.89,100.0,0.92,100.0,0.11,100.0,0.08,100.0,0.89,100.0,0.92,100.0,0.78,0.78,43.463258,1776210309000
1776210310.872,10.872,0.11,100.0,0.08,100.0,0.89,100.0,0.92,100.0,0.11,100.0,0.08,100.0,0.89,100.0,0.92,100.0,0.78,0.78,43.464641,1776210310000
1776210311.978,11.978,0.11,100.0,0.08,100.0,0.89,100.0,0.92,100.0,0.11,100.0,0.08,100.0,0.89,100.0,0.92,100.0,0.78,0.78,43.464595,1776210311000
1776210313.036,13.036,0.11,100.0,0.08,100.0,0.89,100.0,0.92,100.0,0.11,100.0,0.08,100.0,0.89,100.0,0.92,100.0,0.78,0.78,43.465005,1776210312000
1776210314.194,14.194,0.11,100.0,0.08,100.0,0.89,100.0,0.92,100.0,0.11,100.0,0.08,100.0,0.89,100.0,0.92,100.0,0.78,0.78,43.465366,1776210313000
1776210315.989,15.989,0.11,100.0,0.08,100.0,0.89,100.0,0.92,100.0,0.11,100.0,0.08,100.0,0.89,100.0,0.92,100.0,0.78,0.78,43.465332,1776210314000
1776210316.548,16.548,0.11,100.0,0.08,100.0,0.89,100.0,0.92,100.0,0.11,100.0,0.08,100.0,0.89,100.0,0.92,100.0,0.78,0.78,43.465783,1776210315000
1776210317.7,17.7,0.11,100.0,0.08,100.0,0.89,100.0,0.92,100.0,0.11,100.0,0.08,100.0,0.89,100.0,0.92,100.0,0.78,0.78,43.465783,1776210316000
1776210318.337,18.337,0.11,100.0,0.08,100.0,0.89,100.0,0.92,100.0,0.11,100.0,0.08,100.0,0.89,100.0,0.92,100.0,0.78,0.78,43.465558,1776210317000
1776210318.974,18.974,0.11,100.0,0.08,100.0,0.89,100.0,0.92,100.0,0.11,100.0,0.08,100.0,0.89,100.0,0.92,100.0,0.78,0.78,43.465558,1776210318000
1776210320.446,20.446,0.11,100.0,0.08,100.0,0.89,100.0,0.92,100.0,0.11,100.0,0.08,100.0,0.89,100.0,0.92,100.0,0.78,0.78,43.467894,1776210319000
1776210321.134,21.134,0.11,100.0,0.08,100.0,0.89,100.0,0.92,100.0,0.11,100.0,0.08,100.0,0.89,100.0,0.92,100.0,0.78,0.78,43.46759,1776210320000
1776210322.361,22.361,0.11,100.0,0.08,100.0,0.89,100.0,0.92,100.0,0.11,100.0,0.08,100.0,0.89,100.0,0.92,100.0,0.78,0.78,43.467224,1776210321000
1776210323.095,23.095,0.11,100.0,0.08,100.0,0.89,100.0,0.92,100.0,0.11,100.0,0.08,100.0,0.89,100.0,0.92,100.0,0.78,0.78,43.467224,1776210322000
1776210324.604,24.604,0.11,100.0,0.08,100.0,0.89,100.0,0.92,100.0,0.11,100.0,0.08,100.0,0.89,100.0,0.92,100.0,0.78,0.78,43.467298,1776210323000
1776210325.177,25.177,0.11,100.0,0.08,100.0,0.89,100.0,0.92,100.0,0.11,100.0,0.08,100.0,0.89,100.0,0.92,100.0,0.78,0.78,43.466682,1776210324000
1776210326.447,26.447,0.11,100.0,0.08,100.0,0.89,100.0,0.92,100.0,0.11,100.0,0.08,100.0,0.89,100.0,0.92,100.0,0.78,0.78,43.466682,1776210325000
1776210327.104,27.104,0.11,100.0,0.08,100.0,0.89,100.0,0.92,100.0,0.11,100.0,0.08,100.0,0.89,100.0,0.92,100.0,0.78,0.78,43.466635,1776210326000
1776210328.332,28.332,0.11,100.0,0.08,100.0,0.89,100.0,0.92,100.0,0.11,100.0,0.08,100.0,0.89,100.0,0.92,100.0,0.78,0.78,43.458734,1776210327000
1776210328.995,28.995,0.11,100.0,0.08,100.0,0.89,100.0,0.92,100.0,0.11,100.0,0.08,100.0,0.89,100.0,0.92,100.0,0.78,0.78,43.458734,1776210328000
1776210330.28,30.28,0.11,100.0,0.08,100.0,0.89,100.0,0.92,100.0,0.11,100.0,0.08,100.0,0.89,100.0,0.92,100.0,0.78,0.78,43.454818,1776210329000
1776210331.83,31.83,0.11,100.0,0.08,100.0,0.89,100.0,0.92,100.0,0.11,100.0,0.08,100.0,0.89,100.0,0.92,100.0,0.78,0.78,43.452484,1776210330000
1776210332.421,32.421,0.11,100.0,0.08,100.0,0.89,100.0,0.92,100.0,0.11,100.0,0.08,100.0,0.89,100.0,0.92,100.0,0.78,0.78,43.45229,1776210331000
1776210333.057,33.057,0.11,100.0,0.08,100.0,0.89,100.0,0.92,100.0,0.11,100.0,0.08,100.0,0.89,100.0,0.92,100.0,0.78,0.78,43.45229,1776210332000
1776210334.093,34.093,0.11,100.0,0.08,100.0,0.89,100.0,0.92,100.0,0.11,100.0,0.08,100.0,0.89,100.0,0.92,100.0,0.78,0.78,43.452363,1776210333000
1776210335.074,35.074,0.11,100.0,0.08,100.0,0.89,100.0,0.92,100.0,0.11,100.0,0.08,100.0,0.89,100.0,0.92,100.0,0.78,0.78,43.447192,1776210334000
1776210336.171,36.171,0.11,100.0,0.08,100.0,0.89,100.0,0.92,100.0,0.11,100.0,0.08,100.0,0.89,100.0,0.92,100.0,0.78,0.78,43.442744,1776210335000
1776210337.318,37.318,0.11,100.0,0.08,100.0,0.89,100.0,0.92,100.0,0.11,100.0,0.08,100.0,0.89,100.0,0.92,100.0,0.78,0.78,43.443674,1776210336000
1776210338.034,38.034,0.11,100.0,0.08,100.0,0.89,100.0,0.92,100.0,0.11,100.0,0.08,100.0,0.89,100.0,0.92,100.0,0.78,0.78,43.444728,1776210337000
1776210339.141,39.141,0.11,100.0,0.08,100.0,0.89,100.0,0.92,100.0,0.11,100.0,0.08,100.0,0.89,100.0,0.92,100.0,0.78,0.78,43.45008,1776210338000
1776210340.274,40.274,0.11,100.0,0.08,100.0,0.89,100.0,0.92,100.0,0.11,100.0,0.08,100.0,0.89,100.0,0.92,100.0,0.78,0.78,43.462328,1776210339000
1776210341.428,41.428,0.11,100.0,0.08,100.0,0.89,100.0,0.92,100.0,0.11,100.0,0.08,100.0,0.89,100.0,0.92,100.0,0.78,0.78,43.463423,1776210340000
1776210342.031,42.031,0.11,100.0,0.08,100.0,0.89,100.0,0.92,100.0,0.11,100.0,0.08,100.0,0.89,100.0,0.92,100.0,0.78,0.78,43.463523,1776210341000
1776210343.111,43.111,0.11,100.0,0.08,100.0,0.89,100.0,0.92,100.0,0.11,100.0,0.08,100.0,0.89,100.0,0.92,100.0,0.78,0.78,43.460202,1776210342000
1776210344.253,44.253,0.11,100.0,0.08,100.0,0.89,100.0,0.92,100.0,0.11,100.0,0.08,100.0,0.89,100.0,0.92,100.0,0.78,0.78,43.460568,1776210343000
1776210345.368,45.368,0.11,100.0,0.08,100.0,0.89,100.0,0.92,100.0,0.11,100.0,0.08,100.0,0.89,100.0,0.92,100.0,0.78,0.78,43.460542,1776210344000
1776210346.233,46.233,0.11,100.0,0.08,100.0,0.89,100.0,0.92,100.0,0.11,100.0,0.08,100.0,0.89,100.0,0.92,100.0,0.78,0.78,43.460542,1776210345000
1776210347.378,47.378,0.11,100.0,0.08,100.0,0.89,100.0,0.92,100.0,0.11,100.0,0.08,100.0,0.89,100.0,0.92,100.0,0.78,0.78,43.459001,1776210346000
1776210347.911,47.911,0.11,100.0,0.08,100.0,0.89,100.0,0.92,100.0,0.11,100.0,0.08,100.0,0.89,100.0,0.92,100.0,0.78,0.78,43.459001,1776210347000
1776210348.941,48.941,0.11,100.0,0.08,100.0,0.89,100.0,0.92,100.0,0.11,100.0,0.08,100.0,0.89,100.0,0.92,100.0,0.78,0.78,43.460276,1776210348000
1776210349.981,49.981,0.11,100.0,0.08,100.0,0.89,100.0,0.92,100.0,0.11,100.0,0.08,100.0,0.89,100.0,0.92,100.0,0.78,0.78,43.460276,1776210349000
1776210351.113,51.113,0.11,100.0,0.08,100.0,0.89,100.0,0.92,100.0,0.11,100.0,0.08,100.0,0.89,100.0,0.92,100.0,0.78,0.78,43.461291,1776210350000
1776210352.172,52.172,0.11,100.0,0.08,100.0,0.89,100.0,0.92,100.0,0.11,100.0,0.08,100.0,0.89,100.0,0.92,100.0,0.78,0.78,43.462089,1776210351000
1776210353.288,53.288,0.11,100.0,0.08,100.0,0.89,100.0,0.92,100.0,0.11,100.0,0.08,100.0,0.89,100.0,0.92,100.0,0.78,0.78,43.462319,1776210352000
1776210354.217,54.217,0.11,100.0,0.08,100.0,0.89,100.0,0.92,100.0,0.11,100.0,0.08,100.0,0.89,100.0,0.92,100.0,0.78,0.78,43.462318,1776210353000
1776210355.218,55.218,0.11,100.0,0.08,100.0,0.89,100.0,0.92,100.0,0.11,100.0,0.08,100.0,0.89,100.0,0.92,100.0,0.78,0.78,43.465669,1776210354000
1776210356.236,56.236,0.11,100.0,0.08,100.0,0.89,100.0,0.92,100.0,0.11,100.0,0.08,100.0,0.89,100.0,0.92,100.0,0.78,0.78,43.474438,1776210355000
1776210357.277,57.277,0.11,100.0,0.08,100.0,0.89,100.0,0.92,100.0,0.11,100.0,0.08,100.0,0.89,100.0,0.92,100.0,0.78,0.78,43.475143,1776210356000
1776210358.242,58.242,0.11,100.0,0.08,100.0,0.89,100.0,0.92,100.0,0.11,100.0,0.08,100.0,0.89,100.0,0.92,100.0,0.78,0.78,43.475341,1776210357000
1776210359.747,59.747,0.11,100.0,0.08,100.0,0.89,100.0,0.92,100.0,0.11,100.0,0.08,100.0,0.89,100.0,0.92,100.0,0.78,0.78,43.475383,1776210358000
1776210360.268,60.268,0.11,100.0,0.08,100.0,0.89,100.0,0.92,100.0,0.11,100.0,0.08,100.0,0.89,100.0,0.92,100.0,0.78,0.78,43.475405,1776210359000
1776210361.348,61.348,0.11,100.0,0.08,100.0,0.89,100.0,0.92,100.0,0.11,100.0,0.08,100.0,0.89,100.0,0.92,100.0,0.78,0.78,43.475421,1776210360000
1776210362.162,62.162,0.11,100.0,0.08,100.0,0.89,100.0,0.92,100.0,0.11,100.0,0.08,100.0,0.89,100.0,0.92,100.0,0.78,0.78,43.475441,1776210361000
1776210363.282,63.282,0.11,100.0,0.08,100.0,0.89,100.0,0.92,100.0,0.11,100.0,0.08,100.0,0.89,100.0,0.92,100.0,0.78,0.78,43.47538,1776210362000
1776210364.438,64.438,0.11,100.0,0.08,100.0,0.89,100.0,0.92,100.0,0.11,100.0,0.08,100.0,0.89,100.0,0.92,100.0,0.78,0.78,43.475551,1776210363000
1776210364.993,64.993,0.11,100.0,0.08,100.0,0.89,100.0,0.92,100.0,0.11,100.0,0.08,100.0,0.89,100.0,0.92,100.0,0.78,0.78,43.475551,1776210364000
1776210366.157,66.157,0.11,100.0,0.08,100.0,0.89,100.0,0.92,100.0,0.11,100.0,0.08,100.0,0.89,100.0,0.92,100.0,0.78,0.78,43.475782,1776210365000
1776210367.297,67.297,0.11,100.0,0.08,100.0,0.89,100.0,0.92,100.0,0.11,100.0,0.08,100.0,0.89,100.0,0.92,100.0,0.78,0.78,43.475782,1776210366000
1776210368.564,68.564,0.11,100.0,0.08,100.0,0.89,100.0,0.92,100.0,0.11,100.0,0.08,100.0,0.89,100.0,0.92,100.0,0.78,0.78,43.47578,1776210367000
1776210368.792,68.792,0.39,15.0,0.38,15.0,0.53,4.39,0.54,5.0,0.11,100.0,0.08,100.0,0.89,100.0,0.92,100.0,0.14,0.78,43.47578,1776210367000
1776210369.138,69.138,0.39,15.0,0.38,15.0,0.53,4.39,0.54,5.0,0.47,4.39,0.46,5.0,0.61,15.0,0.62,15.0,0.14,0.14,43.475761,1776210368000
1776210370.345,70.345,0.39,15.0,0.38,15.0,0.53,4.39,0.54,5.0,0.47,4.39,0.46,5.0,0.61,15.0,0.62,15.0,0.14,0.14,43.47585,1776210369000
1776210370.876,70.876,0.39,15.0,0.38,15.0,0.53,4.39,0.54,5.0,0.47,4.39,0.46,5.0,0.61,15.0,0.62,15.0,0.14,0.14,43.478031,1776210370000
1776210371.954,71.954,0.39,15.0,0.38,15.0,0.53,4.39,0.54,5.0,0.47,4.39,0.46,5.0,0.61,15.0,0.62,15.0,0.14,0.14,43.478655,1776210371000
1776210373.153,73.153,0.39,15.0,0.38,15.0,0.53,4.39,0.54,5.0,0.47,4.39,0.46,5.0,0.61,15.0,0.62,15.0,0.14,0.14,43.478802,1776210372000
1776210374.911,74.911,0.39,15.0,0.38,15.0,0.53,4.39,0.54,5.0,0.47,4.39,0.46,5.0,0.61,15.0,0.62,15.0,0.14,0.14,43.479423,1776210373000
1776210375.629,75.629,0.39,15.0,0.38,15.0,0.53,4.39,0.54,5.0,0.47,4.39,0.46,5.0,0.61,15.0,0.62,15.0,0.14,0.14,43.479887,1776210374000
1776210376.196,76.196,0.39,15.0,0.38,15.0,0.53,4.39,0.54,5.0,0.47,4.39,0.46,5.0,0.61,15.0,0.62,15.0,0.14,0.14,43.479885,1776210375000
1776210377.562,77.562,0.39,15.0,0.38,15.0,0.53,4.39,0.54,5.0,0.47,4.39,0.46,5.0,0.61,15.0,0.62,15.0,0.14,0.14,43.481797,1776210376000
1776210378.442,78.442,0.39,15.0,0.38,15.0,0.53,4.39,0.54,5.0,0.47,4.39,0.46,5.0,0.61,15.0,0.62,15.0,0.14,0.14,43.481797,1776210377000
1776210379.137,79.137,0.39,15.0,0.38,15.0,0.53,4.39,0.54,5.0,0.47,4.39,0.46,5.0,0.61,15.0,0.62,15.0,0.14,0.14,43.481305,1776210378000
1776210380.453,80.453,0.39,15.0,0.38,15.0,0.53,4.39,0.54,5.0,0.47,4.39,0.46,5.0,0.61,15.0,0.62,15.0,0.14,0.14,43.482688,1776210379000
1776210381.298,81.298,0.39,15.0,0.38,15.0,0.53,4.39,0.54,5.0,0.47,4.39,0.46,5.0,0.61,15.0,0.62,15.0,0.14,0.14,43.485429,1776210380000
1776210382.623,82.623,0.39,15.0,0.38,15.0,0.53,4.39,0.54,5.0,0.47,4.39,0.46,5.0,0.61,15.0,0.62,15.0,0.14,0.14,43.487711,1776210381000
1776210383.216,83.216,0.39,15.0,0.38,15.0,0.53,4.39,0.54,5.0,0.47,4.39,0.46,5.0,0.61,15.0,0.62,15.0,0.14,0.14,43.489626,1776210382000
1776210384.604,84.604,0.39,15.0,0.38,15.0,0.53,4.39,0.54,5.0,0.47,4.39,0.46,5.0,0.61,15.0,0.62,15.0,0.14,0.14,43.494002,1776210383000
1776210385.306,85.306,0.39,15.0,0.38,15.0,0.53,4.39,0.54,5.0,0.47,4.39,0.46,5.0,0.61,15.0,0.62,15.0,0.14,0.14,43.494389,1776210384000
1776210386.517,86.517,0.39,15.0,0.38,15.0,0.53,4.39,0.54,5.0,0.47,4.39,0.46,5.0,0.61,15.0,0.62,15.0,0.14,0.14,43.495436,1776210385000
1776210387.145,87.145,0.39,15.0,0.38,15.0,0.53,4.39,0.54,5.0,0.47,4.39,0.46,5.0,0.61,15.0,0.62,15.0,0.14,0.14,43.495436,1776210386000
1776210388.698,88.698,0.39,15.0,0.38,15.0,0.53,4.39,0.54,5.0,0.47,4.39,0.46,5.0,0.61,15.0,0.62,15.0,0.14,0.14,43.493286,1776210387000
1776210389.329,89.329,0.39,15.0,0.38,15.0,0.53,4.39,0.54,5.0,0.47,4.39,0.46,5.0,0.61,15.0,0.62,15.0,0.14,0.14,43.493053,1776210388000
1776210390.174,90.174,0.39,15.0,0.38,15.0,0.53,4.39,0.54,5.0,0.47,4.39,0.46,5.0,0.61,15.0,0.62,15.0,0.14,0.14,43.490812,1776210389000
1776210391.337,91.337,0.39,15.0,0.38,15.0,0.53,4.39,0.54,5.0,0.47,4.39,0.46,5.0,0.61,15.0,0.62,15.0,0.14,0.14,43.487787,1776210390000
1776210391.54,91.54,0.55,9.26,0.42,25.0,0.58,15.0,0.59,25.0,0.47,4.39,0.46,5.0,0.61,15.0,0.62,15.0,0.03,0.14,43.487787,1776210390000
1776210392.485,92.485,0.55,9.26,0.42,25.0,0.58,15.0,0.59,25.0,0.42,15.0,0.41,25.0,0.45,9.26,0.58,25.0,0.03,0.03,43.487816,1776210391000
1776210392.924,92.924,0.55,4.14,0.42,25.0,0.56,15.0,0.57,15.0,0.44,15.0,0.43,15.0,0.45,4.14,0.58,25.0,0.01,0.01,43.488495,1776210392000
1776210394.062,94.062,0.55,4.14,0.42,25.0,0.56,15.0,0.57,15.0,0.44,15.0,0.43,15.0,0.45,4.14,0.58,25.0,0.01,0.01,43.488495,1776210393000
1776210395.108,95.108,0.55,4.14,0.42,25.0,0.56,15.0,0.57,15.0,0.44,15.0,0.43,15.0,0.45,4.14,0.58,25.0,0.01,0.01,43.488832,1776210394000
1776210396.297,96.297,0.55,4.14,0.42,25.0,0.56,15.0,0.57,15.0,0.44,15.0,0.43,15.0,0.45,4.14,0.58,25.0,0.01,0.01,43.488073,1776210395000
1776210397.333,97.333,0.55,4.14,0.42,25.0,0.56,15.0,0.57,15.0,0.44,15.0,0.43,15.0,0.45,4.14,0.58,25.0,0.01,0.01,43.487685,1776210396000
1776210397.868,97.868,0.55,4.14,0.42,25.0,0.56,15.0,0.57,15.0,0.44,15.0,0.43,15.0,0.45,4.14,0.58,25.0,0.01,0.01,43.487485,1776210397000
1776210398.897,98.897,0.55,4.14,0.42,25.0,0.56,15.0,0.57,15.0,0.44,15.0,0.43,15.0,0.45,4.14,0.58,25.0,0.01,0.01,43.487511,1776210398000
1776210400.135,100.135,0.55,4.14,0.42,25.0,0.56,15.0,0.57,15.0,0.44,15.0,0.43,15.0,0.45,4.14,0.58,25.0,0.01,0.01,43.488414,1776210399000
1776210401.185,101.185,0.55,4.14,0.42,25.0,0.56,15.0,0.57,15.0,0.44,15.0,0.43,15.0,0.45,4.14,0.58,25.0,0.01,0.01,43.48875,1776210400000
1776210402.269,102.269,0.55,4.14,0.42,25.0,0.56,15.0,0.57,15.0,0.44,15.0,0.43,15.0,0.45,4.14,0.58,25.0,0.01,0.01,43.488792,1776210401000
1776210403.237,103.237,0.55,4.14,0.42,25.0,0.56,15.0,0.57,15.0,0.44,15.0,0.43,15.0,0.45,4.14,0.58,25.0,0.01,0.01,43.48879,1776210402000
1776210404.319,104.319,0.55,4.14,0.42,25.0,0.56,15.0,0.57,15.0,0.44,15.0,0.43,15.0,0.45,4.14,0.58,25.0,0.01,0.01,43.488297,1776210403000
1776210404.916,104.916,0.55,4.14,0.42,25.0,0.56,15.0,0.57,15.0,0.44,15.0,0.43,15.0,0.45,4.14,0.58,25.0,0.01,0.01,43.488333,1776210404000
1776210406.556,106.556,0.55,4.14,0.42,25.0,0.56,15.0,0.57,15.0,0.44,15.0,0.43,15.0,0.45,4.14,0.58,25.0,0.01,0.01,43.488345,1776210405000
1776210407.059,107.059,0.55,4.14,0.42,25.0,0.56,15.0,0.57,15.0,0.44,15.0,0.43,15.0,0.45,4.14,0.58,25.0,0.01,0.01,43.488452,1776210406000
1776210408.141,108.141,0.55,4.14,0.42,25.0,0.56,15.0,0.57,15.0,0.44,15.0,0.43,15.0,0.45,4.14,0.58,25.0,0.01,0.01,43.489669,1776210407000
1776210409.205,109.205,0.55,4.14,0.42,25.0,0.56,15.0,0.57,15.0,0.44,15.0,0.43,15.0,0.45,4.14,0.58,25.0,0.01,0.01,43.488819,1776210408000
1776210410.414,110.414,0.55,4.14,0.42,25.0,0.56,15.0,0.57,15.0,0.44,15.0,0.43,15.0,0.45,4.14,0.58,25.0,0.01,0.01,43.487802,1776210409000
1776210410.921,110.921,0.55,4.14,0.42,25.0,0.56,15.0,0.57,15.0,0.44,15.0,0.43,15.0,0.45,4.14,0.58,25.0,0.01,0.01,43.487802,1776210410000
1776210411.335,111.335,0.51,15.0,0.5,15.0,0.56,5.0,0.57,5.0,0.44,15.0,0.43,15.0,0.45,4.14,0.58,25.0,0.05,0.01,43.487802,1776210410000
1776210412.266,112.266,0.51,15.0,0.5,15.0,0.56,5.0,0.57,5.0,0.44,5.0,0.43,5.0,0.49,15.0,0.5,15.0,0.05,0.05,43.489769,1776210411000
1776210413.273,113.273,0.53,10.0,0.51,15.0,0.56,2.76,0.57,5.0,0.44,2.76,0.43,5.0,0.47,10.0,0.49,15.0,0.03,0.03,43.49012,1776210412000
1776210414.425,114.425,0.53,10.0,0.51,15.0,0.56,2.76,0.57,5.0,0.44,2.76,0.43,5.0,0.47,10.0,0.49,15.0,0.03,0.03,43.49012,1776210413000
1776210414.946,114.946,0.53,10.0,0.51,15.0,0.56,2.76,0.57,5.0,0.44,2.76,0.43,5.0,0.47,10.0,0.49,15.0,0.03,0.03,43.489782,1776210414000
1776210416.131,116.131,0.53,10.0,0.51,15.0,0.56,2.76,0.57,5.0,0.44,2.76,0.43,5.0,0.47,10.0,0.49,15.0,0.03,0.03,43.489945,1776210415000
1776210417.16,117.16,0.55,10.0,0.52,15.0,0.58,5.0,0.59,5.0,0.42,5.0,0.41,5.0,0.45,10.0,0.48,15.0,0.03,0.03,43.489093,1776210416000
1776210418.375,118.375,0.55,10.0,0.52,15.0,0.58,5.0,0.59,5.0,0.42,5.0,0.41,5.0,0.45,10.0,0.48,15.0,0.03,0.03,43.490144,1776210417000
1776210418.862,118.862,0.55,10.0,0.52,15.0,0.58,5.0,0.59,5.0,0.42,5.0,0.41,5.0,0.45,10.0,0.48,15.0,0.03,0.03,43.490475,1776210418000
1776210419.956,119.956,0.55,10.0,0.52,15.0,0.58,5.0,0.59,5.0,0.42,5.0,0.41,5.0,0.45,10.0,0.48,15.0,0.03,0.03,43.489622,1776210419000
1776210421.348,121.348,0.55,10.0,0.52,15.0,0.58,5.0,0.59,5.0,0.42,5.0,0.41,5.0,0.45,10.0,0.48,15.0,0.03,0.03,43.484454,1776210420000
1776210421.94,121.94,0.55,10.0,0.52,15.0,0.58,5.0,0.59,5.0,0.42,5.0,0.41,5.0,0.45,10.0,0.48,15.0,0.03,0.03,43.484362,1776210421000
1776210422.94,122.94,0.55,10.0,0.52,15.0,0.58,5.0,0.59,5.0,0.42,5.0,0.41,5.0,0.45,10.0,0.48,15.0,0.03,0.03,43.484491,1776210422000
1776210423.955,123.955,0.55,10.0,0.52,15.0,0.58,5.0,0.59,5.0,0.42,5.0,0.41,5.0,0.45,10.0,0.48,15.0,0.03,0.03,43.484491,1776210423000
1776210424.984,124.984,0.55,10.0,0.52,15.0,0.58,5.0,0.59,5.0,0.42,5.0,0.41,5.0,0.45,10.0,0.48,15.0,0.03,0.03,43.484491,1776210424000
1776210426.01,126.01,0.55,10.0,0.52,15.0,0.58,5.0,0.59,5.0,0.42,5.0,0.41,5.0,0.45,10.0,0.48,15.0,0.03,0.03,43.484525,1776210425000
1776210427.014,127.014,0.55,10.0,0.52,15.0,0.58,5.0,0.59,5.0,0.42,5.0,0.41,5.0,0.45,10.0,0.48,15.0,0.03,0.03,43.484536,1776210426000
1776210427.833,127.833,0.42,15.0,0.41,25.0,0.56,9.82,0.57,15.0,0.42,5.0,0.41,5.0,0.45,10.0,0.48,15.0,0.14,0.03,43.484536,1776210426000
1776210428.086,128.086,0.42,15.0,0.41,25.0,0.56,9.82,0.57,15.0,0.44,9.82,0.43,15.0,0.58,15.0,0.59,25.0,0.14,0.14,43.4845,1776210427000
1776210428.979,128.979,0.42,15.0,0.41,25.0,0.56,9.82,0.57,15.0,0.44,9.82,0.43,15.0,0.58,15.0,0.59,25.0,0.14,0.14,43.4845,1776210428000
1776210430.13,130.13,0.42,15.0,0.41,25.0,0.56,9.82,0.57,15.0,0.44,9.82,0.43,15.0,0.58,15.0,0.59,25.0,0.14,0.14,43.484203,1776210429000
1776210431.098,131.098,0.42,15.0,0.41,25.0,0.56,9.82,0.57,15.0,0.44,9.82,0.43,15.0,0.58,15.0,0.59,25.0,0.14,0.14,43.484193,1776210430000
1776210431.676,131.676,0.7,20.0,0.44,15.0,0.79,11.24,0.8,15.0,0.44,9.82,0.43,15.0,0.58,15.0,0.59,25.0,0.09,0.14,43.484193,1776210430000
1776210432.095,132.095,0.7,20.0,0.44,15.0,0.79,11.24,0.8,15.0,0.21,11.24,0.2,15.0,0.3,20.0,0.56,15.0,0.09,0.09,43.484193,1776210431000
1776210432.343,132.343,0.7,10.0,0.45,15.0,0.8,15.0,0.81,15.0,0.21,11.24,0.2,15.0,0.3,20.0,0.56,15.0,0.1,0.09,43.484193,1776210431000
1776210433.07,133.07,0.7,10.0,0.45,15.0,0.8,15.0,0.81,15.0,0.2,15.0,0.19,15.0,0.3,10.0,0.55,15.0,0.1,0.1,43.484957,1776210432000
1776210434.185,134.185,0.7,10.0,0.45,15.0,0.8,15.0,0.81,15.0,0.2,15.0,0.19,15.0,0.3,10.0,0.55,15.0,0.1,0.1,43.4929,1776210433000
1776210435.363,135.363,0.7,10.0,0.45,15.0,0.8,15.0,0.81,15.0,0.2,15.0,0.19,15.0,0.3,10.0,0.55,15.0,0.1,0.1,43.505401,1776210434000
1776210435.961,135.961,0.7,10.0,0.45,15.0,0.8,15.0,0.81,15.0,0.2,15.0,0.19,15.0,0.3,10.0,0.55,15.0,0.1,0.1,43.505574,1776210435000
1776210437.07,137.07,0.7,10.0,0.45,15.0,0.8,15.0,0.81,15.0,0.2,15.0,0.19,15.0,0.3,10.0,0.55,15.0,0.1,0.1,43.503728,1776210436000
1776210438.372,138.372,0.7,10.0,0.45,15.0,0.8,15.0,0.81,15.0,0.2,15.0,0.19,15.0,0.3,10.0,0.55,15.0,0.1,0.1,43.504152,1776210437000
1776210438.929,138.929,0.7,10.0,0.45,15.0,0.8,15.0,0.81,15.0,0.2,15.0,0.19,15.0,0.3,10.0,0.55,15.0,0.1,0.1,43.504326,1776210438000
1776210440.071,140.071,0.7,10.0,0.45,15.0,0.8,15.0,0.81,15.0,0.2,15.0,0.19,15.0,0.3,10.0,0.55,15.0,0.1,0.1,43.504976,1776210439000
1776210441.327,141.327,0.7,10.0,0.45,15.0,0.8,15.0,0.81,15.0,0.2,15.0,0.19,15.0,0.3,10.0,0.55,15.0,0.1,0.1,43.505982,1776210440000
1776210441.84,141.84,0.7,10.0,0.45,15.0,0.8,15.0,0.81,15.0,0.2,15.0,0.19,15.0,0.3,10.0,0.55,15.0,0.1,0.1,43.506321,1776210441000
1776210443.015,143.015,0.7,10.0,0.45,15.0,0.8,15.0,0.81,15.0,0.2,15.0,0.19,15.0,0.3,10.0,0.55,15.0,0.1,0.1,43.507747,1776210442000
1776210444.301,144.301,0.7,10.0,0.45,15.0,0.8,15.0,0.81,15.0,0.2,15.0,0.19,15.0,0.3,10.0,0.55,15.0,0.1,0.1,43.50778,1776210443000
1776210444.956,144.956,0.7,10.0,0.45,15.0,0.8,15.0,0.81,15.0,0.2,15.0,0.19,15.0,0.3,10.0,0.55,15.0,0.1,0.1,43.508472,1776210444000
1776210446.155,146.155,0.7,10.0,0.45,15.0,0.8,15.0,0.81,15.0,0.2,15.0,0.19,15.0,0.3,10.0,0.55,15.0,0.1,0.1,43.508564,1776210445000
1776210447.294,147.294,0.7,10.0,0.45,15.0,0.8,15.0,0.81,15.0,0.2,15.0,0.19,15.0,0.3,10.0,0.55,15.0,0.1,0.1,43.508279,1776210446000
1776210448.42,148.42,0.7,10.0,0.45,15.0,0.8,15.0,0.81,15.0,0.2,15.0,0.19,15.0,0.3,10.0,0.55,15.0,0.1,0.1,43.508372,1776210447000
1776210448.946,148.946,0.7,10.0,0.45,15.0,0.8,15.0,0.81,15.0,0.2,15.0,0.19,15.0,0.3,10.0,0.55,15.0,0.1,0.1,43.508372,1776210448000
1776210450.293,150.293,0.7,10.0,0.45,15.0,0.8,15.0,0.81,15.0,0.2,15.0,0.19,15.0,0.3,10.0,0.55,15.0,0.1,0.1,43.506761,1776210449000
1776210451.235,151.235,0.7,10.0,0.45,15.0,0.8,15.0,0.81,15.0,0.2,15.0,0.19,15.0,0.3,10.0,0.55,15.0,0.1,0.1,43.506981,1776210450000
1776210452.281,152.281,0.7,10.0,0.45,15.0,0.8,15.0,0.81,15.0,0.2,15.0,0.19,15.0,0.3,10.0,0.55,15.0,0.1,0.1,43.506889,1776210451000
1776210453.516,153.516,0.7,10.0,0.45,15.0,0.8,15.0,0.81,15.0,0.2,15.0,0.19,15.0,0.3,10.0,0.55,15.0,0.1,0.1,43.506963,1776210452000
1776210453.955,153.955,0.7,10.0,0.45,15.0,0.8,15.0,0.81,15.0,0.2,15.0,0.19,15.0,0.3,10.0,0.55,15.0,0.1,0.1,43.506963,1776210453000
1776210454.812,154.812,0.76,10.0,0.68,39.0,0.83,11.42,0.84,15.0,0.2,15.0,0.19,15.0,0.3,10.0,0.55,15.0,0.07,0.1,43.506963,1776210453000
1776210455.973,155.973,0.76,10.0,0.68,39.0,0.83,11.42,0.84,15.0,0.17,11.42,0.16,15.0,0.24,10.0,0.32,39.0,0.07,0.07,43.506603,1776210455000
1776210457.074,157.074,0.76,10.0,0.68,39.0,0.83,11.42,0.84,15.0,0.17,11.42,0.16,15.0,0.24,10.0,0.32,39.0,0.07,0.07,43.521855,1776210456000
1776210457.857,157.857,0.76,10.0,0.68,39.0,0.83,11.42,0.84,15.0,0.17,11.42,0.16,15.0,0.24,10.0,0.32,39.0,0.07,0.07,43.516845,1776210457000
1776210458.913,158.913,0.76,10.0,0.68,39.0,0.83,11.42,0.84,15.0,0.17,11.42,0.16,15.0,0.24,10.0,0.32,39.0,0.07,0.07,43.515896,1776210458000
1776210459.876,159.876,0.76,10.0,0.68,39.0,0.83,11.42,0.84,15.0,0.17,11.42,0.16,15.0,0.24,10.0,0.32,39.0,0.07,0.07,43.514283,1776210459000
1776210460.927,160.927,0.76,10.0,0.68,39.0,0.83,11.42,0.84,15.0,0.17,11.42,0.16,15.0,0.24,10.0,0.32,39.0,0.07,0.07,43.514166,1776210460000
1776210461.943,161.943,0.76,10.0,0.68,39.0,0.83,11.42,0.84,15.0,0.17,11.42,0.16,15.0,0.24,10.0,0.32,39.0,0.07,0.07,43.51416,1776210461000
1776210463.681,163.681,0.76,10.0,0.68,39.0,0.83,11.42,0.84,15.0,0.17,11.42,0.16,15.0,0.24,10.0,0.32,39.0,0.07,0.07,43.51084,1776210462000
1776210464.078,164.078,0.77,15.0,0.63,15.0,0.89,11.66,0.9,15.0,0.17,11.42,0.16,15.0,0.24,10.0,0.32,39.0,0.12,0.07,43.51084,1776210462000
1776210464.37,164.37,0.77,15.0,0.63,15.0,0.89,11.66,0.9,15.0,0.11,11.66,0.1,15.0,0.23,15.0,0.37,15.0,0.12,0.12,43.510369,1776210463000
1776210465.578,165.578,0.77,15.0,0.63,15.0,0.89,11.66,0.9,15.0,0.11,11.66,0.1,15.0,0.23,15.0,0.37,15.0,0.12,0.12,43.514981,1776210464000
1776210466.205,166.205,0.77,15.0,0.63,15.0,0.89,11.66,0.9,15.0,0.11,11.66,0.1,15.0,0.23,15.0,0.37,15.0,0.12,0.12,43.516117,1776210465000
1776210467.435,167.435,0.77,15.0,0.63,15.0,0.89,11.66,0.9,15.0,0.11,11.66,0.1,15.0,0.23,15.0,0.37,15.0,0.12,0.12,43.518625,1776210466000
1776210468.061,168.061,0.77,15.0,0.63,15.0,0.89,11.66,0.9,15.0,0.11,11.66,0.1,15.0,0.23,15.0,0.37,15.0,0.12,0.12,43.518362,1776210467000
1776210469.197,169.197,0.77,15.0,0.63,15.0,0.89,11.66,0.9,15.0,0.11,11.66,0.1,15.0,0.23,15.0,0.37,15.0,0.12,0.12,43.51837,1776210468000
1776210470.28,170.28,0.77,15.0,0.63,15.0,0.89,11.66,0.9,15.0,0.11,11.66,0.1,15.0,0.23,15.0,0.37,15.0,0.12,0.12,43.517606,1776210469000
1776210471.509,171.509,0.77,15.0,0.63,15.0,0.89,11.66,0.9,15.0,0.11,11.66,0.1,15.0,0.23,15.0,0.37,15.0,0.12,0.12,43.516933,1776210470000
1776210472.147,172.147,0.77,15.0,0.63,15.0,0.89,11.66,0.9,15.0,0.11,11.66,0.1,15.0,0.23,15.0,0.37,15.0,0.12,0.12,43.516933,1776210471000
1776210473.24,173.24,0.77,15.0,0.63,15.0,0.89,11.66,0.9,15.0,0.11,11.66,0.1,15.0,0.23,15.0,0.37,15.0,0.12,0.12,43.516346,1776210472000
1776210474.355,174.355,0.77,15.0,0.63,15.0,0.89,11.66,0.9,15.0,0.11,11.66,0.1,15.0,0.23,15.0,0.37,15.0,0.12,0.12,43.516989,1776210473000
1776210474.971,174.971,0.77,15.0,0.63,15.0,0.89,11.66,0.9,15.0,0.11,11.66,0.1,15.0,0.23,15.0,0.37,15.0,0.12,0.12,43.524882,1776210474000
1776210476.085,176.085,0.77,15.0,0.63,15.0,0.89,11.66,0.9,15.0,0.11,11.66,0.1,15.0,0.23,15.0,0.37,15.0,0.12,0.12,43.525733,1776210475000
1776210477.177,177.177,0.77,15.0,0.63,15.0,0.89,11.66,0.9,15.0,0.11,11.66,0.1,15.0,0.23,15.0,0.37,15.0,0.12,0.12,43.525963,1776210476000
1776210478.156,178.156,0.77,15.0,0.63,15.0,0.89,11.66,0.9,15.0,0.11,11.66,0.1,15.0,0.23,15.0,0.37,15.0,0.12,0.12,43.526984,1776210477000
1776210479.188,179.188,0.77,15.0,0.63,15.0,0.89,11.66,0.9,15.0,0.11,11.66,0.1,15.0,0.23,15.0,0.37,15.0,0.12,0.12,43.528011,1776210478000
1776210480.275,180.275,0.77,15.0,0.63,15.0,0.89,11.66,0.9,15.0,0.11,11.66,0.1,15.0,0.23,15.0,0.37,15.0,0.12,0.12,43.527985,1776210479000
1776210481.364,181.364,0.77,15.0,0.63,15.0,0.89,11.66,0.9,15.0,0.11,11.66,0.1,15.0,0.23,15.0,0.37,15.0,0.12,0.12,43.528459,1776210480000
1776210482.403,182.403,0.77,15.0,0.63,15.0,0.89,11.66,0.9,15.0,0.11,11.66,0.1,15.0,0.23,15.0,0.37,15.0,0.12,0.12,43.527856,1776210481000
1776210482.845,182.845,0.77,15.0,0.63,15.0,0.89,11.66,0.9,15.0,0.11,11.66,0.1,15.0,0.23,15.0,0.37,15.0,0.12,0.12,43.527856,1776210482000
1776210483.391,183.391,0.82,14.0,0.81,10.0,0.86,1.75,0.87,15.0,0.11,11.66,0.1,15.0,0.23,15.0,0.37,15.0,0.04,0.12,43.527856,1776210482000
1776210483.867,183.867,0.82,14.0,0.81,10.0,0.86,1.75,0.87,15.0,0.14,1.75,0.13,15.0,0.18,14.0,0.19,10.0,0.04,0.04,43.528098,1776210483000
1776210484.903,184.903,0.82,14.0,0.81,10.0,0.86,1.75,0.87,15.0,0.14,1.75,0.13,15.0,0.18,14.0,0.19,10.0,0.04,0.04,43.527651,1776210484000
1776210485.965,185.965,0.82,14.0,0.81,10.0,0.86,1.75,0.87,15.0,0.14,1.75,0.13,15.0,0.18,14.0,0.19,10.0,0.04,0.04,43.525377,1776210485000
1776210486.838,186.838,0.82,14.0,0.81,10.0,0.86,1.75,0.87,15.0,0.14,1.75,0.13,15.0,0.18,14.0,0.19,10.0,0.04,0.04,43.52504,1776210486000
1776210487.097,187.097,0.82,14.0,0.8,10.0,0.87,3.84,0.88,15.0,0.14,1.75,0.13,15.0,0.18,14.0,0.19,10.0,0.05,0.04,43.52504,1776210486000
1776210487.933,187.933,0.82,14.0,0.8,10.0,0.87,3.84,0.88,15.0,0.13,3.84,0.12,15.0,0.18,14.0,0.2,10.0,0.05,0.05,43.52504,1776210487000
1776210488.813,188.813,0.82,14.0,0.8,10.0,0.87,3.84,0.88,15.0,0.13,3.84,0.12,15.0,0.18,14.0,0.2,10.0,0.05,0.05,43.52504,1776210488000
1776210489.808,189.808,0.82,14.0,0.8,10.0,0.87,3.84,0.88,15.0,0.13,3.84,0.12,15.0,0.18,14.0,0.2,10.0,0.05,0.05,43.52495,1776210489000
1776210491.297,191.297,0.82,14.0,0.8,10.0,0.87,3.84,0.88,15.0,0.13,3.84,0.12,15.0,0.18,14.0,0.2,10.0,0.05,0.05,43.524825,1776210490000
1776210493.177,193.177,0.82,14.0,0.8,10.0,0.87,3.84,0.88,15.0,0.13,3.84,0.12,15.0,0.18,14.0,0.2,10.0,0.05,0.05,43.525688,1776210491000
1776210493.945,193.945,0.82,14.0,0.8,10.0,0.87,3.84,0.88,15.0,0.13,3.84,0.12,15.0,0.18,14.0,0.2,10.0,0.05,0.05,43.526306,1776210492000
1776210494.634,194.634,0.82,14.0,0.8,10.0,0.87,3.84,0.88,15.0,0.13,3.84,0.12,15.0,0.18,14.0,0.2,10.0,0.05,0.05,43.526306,1776210493000
1776210495.24,195.24,0.82,14.0,0.8,10.0,0.87,3.84,0.88,15.0,0.13,3.84,0.12,15.0,0.18,14.0,0.2,10.0,0.05,0.05,43.526306,1776210494000
1776210495.646,195.646,0.82,14.0,0.79,10.0,0.86,1.37,0.87,15.0,0.13,3.84,0.12,15.0,0.18,14.0,0.2,10.0,0.04,0.05,43.526306,1776210494000
1776210495.969,195.969,0.82,14.0,0.79,10.0,0.87,8.87,0.88,15.0,0.13,8.87,0.12,15.0,0.18,14.0,0.21,10.0,0.05,0.05,43.52619,1776210495000
1776210497.202,197.202,0.82,14.0,0.79,10.0,0.87,8.87,0.88,15.0,0.13,8.87,0.12,15.0,0.18,14.0,0.21,10.0,0.05,0.05,43.524985,1776210496000
1776210498.456,198.456,0.82,14.0,0.79,10.0,0.87,8.87,0.88,15.0,0.13,8.87,0.12,15.0,0.18,14.0,0.21,10.0,0.05,0.05,43.524837,1776210497000
1776210499.001,199.001,0.82,14.0,0.79,10.0,0.87,8.87,0.88,15.0,0.13,8.87,0.12,15.0,0.18,14.0,0.21,10.0,0.05,0.05,43.52453,1776210498000
1776210500.433,200.433,0.82,14.0,0.79,10.0,0.87,8.87,0.88,15.0,0.13,8.87,0.12,15.0,0.18,14.0,0.21,10.0,0.05,0.05,43.523883,1776210499000
1776210501.07,201.07,0.82,14.0,0.79,10.0,0.87,8.87,0.88,15.0,0.13,8.87,0.12,15.0,0.18,14.0,0.21,10.0,0.05,0.05,43.523671,1776210500000
1776210501.336,201.336,0.82,14.0,0.79,25.0,0.87,0.01,0.88,15.0,0.13,8.87,0.12,15.0,0.18,14.0,0.21,10.0,0.05,0.05,43.523671,1776210500000
1776210502.232,202.232,0.82,14.0,0.79,25.0,0.87,0.01,0.88,15.0,0.13,0.01,0.12,15.0,0.18,14.0,0.21,25.0,0.05,0.05,43.523731,1776210501000
1776210503.363,203.363,0.82,14.0,0.79,25.0,0.87,0.01,0.88,15.0,0.13,0.01,0.12,15.0,0.18,14.0,0.21,25.0,0.05,0.05,43.523812,1776210502000
1776210504.247,204.247,0.82,14.0,0.79,25.0,0.87,0.01,0.88,15.0,0.13,0.01,0.12,15.0,0.18,14.0,0.21,25.0,0.05,0.05,43.523918,1776210503000
1776210505.455,205.455,0.82,14.0,0.79,25.0,0.87,0.01,0.88,15.0,0.13,0.01,0.12,15.0,0.18,14.0,0.21,25.0,0.05,0.05,43.52597,1776210504000
1776210506.153,206.153,0.82,14.0,0.79,25.0,0.87,0.01,0.88,15.0,0.13,0.01,0.12,15.0,0.18,14.0,0.21,25.0,0.05,0.05,43.525974,1776210505000
1776210507.26,207.26,0.82,14.0,0.79,25.0,0.87,0.01,0.88,15.0,0.13,0.01,0.12,15.0,0.18,14.0,0.21,25.0,0.05,0.05,43.526752,1776210506000
1776210508.634,208.634,0.82,14.0,0.79,25.0,0.87,0.01,0.88,15.0,0.13,0.01,0.12,15.0,0.18,14.0,0.21,25.0,0.05,0.05,43.526593,1776210507000
1776210509.169,209.169,0.82,14.0,0.79,25.0,0.87,0.01,0.88,15.0,0.13,0.01,0.12,15.0,0.18,14.0,0.21,25.0,0.05,0.05,43.526593,1776210508000
1776210510.502,210.502,0.82,14.0,0.79,25.0,0.87,0.01,0.88,15.0,0.13,0.01,0.12,15.0,0.18,14.0,0.21,25.0,0.05,0.05,43.526642,1776210509000
1776210511.162,211.162,0.82,14.0,0.79,25.0,0.87,0.01,0.88,15.0,0.13,0.01,0.12,15.0,0.18,14.0,0.21,25.0,0.05,0.05,43.519217,1776210510000
1776210512.485,212.485,0.82,14.0,0.79,25.0,0.87,0.01,0.88,15.0,0.13,0.01,0.12,15.0,0.18,14.0,0.21,25.0,0.05,0.05,43.50489,1776210511000
1776210513.155,213.155,0.82,14.0,0.79,25.0,0.87,0.01,0.88,15.0,0.13,0.01,0.12,15.0,0.18,14.0,0.21,25.0,0.05,0.05,43.507768,1776210512000
1776210514.574,214.574,0.82,14.0,0.79,25.0,0.87,0.01,0.88,15.0,0.13,0.01,0.12,15.0,0.18,14.0,0.21,25.0,0.05,0.05,43.507723,1776210513000
1776210515.344,215.344,0.82,14.0,0.79,25.0,0.87,0.01,0.88,15.0,0.13,0.01,0.12,15.0,0.18,14.0,0.21,25.0,0.05,0.05,43.508671,1776210514000
1776210516.645,216.645,0.82,14.0,0.79,25.0,0.87,0.01,0.88,15.0,0.13,0.01,0.12,15.0,0.18,14.0,0.21,25.0,0.05,0.05,43.516301,1776210515000
1776210517.248,217.248,0.82,14.0,0.79,25.0,0.87,0.01,0.88,15.0,0.13,0.01,0.12,15.0,0.18,14.0,0.21,25.0,0.05,0.05,43.516477,1776210516000
1776210518.77,218.77,0.82,14.0,0.79,25.0,0.87,0.01,0.88,15.0,0.13,0.01,0.12,15.0,0.18,14.0,0.21,25.0,0.05,0.05,43.524824,1776210517000
1776210519.455,219.455,0.82,14.0,0.79,25.0,0.87,0.01,0.88,15.0,0.13,0.01,0.12,15.0,0.18,14.0,0.21,25.0,0.05,0.05,43.52493,1776210518000
1776210520.268,220.268,0.82,14.0,0.79,25.0,0.87,0.01,0.88,15.0,0.13,0.01,0.12,15.0,0.18,14.0,0.21,25.0,0.05,0.05,43.523236,1776210519000
1776210521.545,221.545,0.82,14.0,0.79,25.0,0.87,0.01,0.88,15.0,0.13,0.01,0.12,15.0,0.18,14.0,0.21,25.0,0.05,0.05,43.524068,1776210520000
1776210522.331,222.331,0.82,14.0,0.79,25.0,0.87,0.01,0.88,15.0,0.13,0.01,0.12,15.0,0.18,14.0,0.21,25.0,0.05,0.05,43.523664,1776210521000
1776210523.584,223.584,0.82,14.0,0.79,25.0,0.87,0.01,0.88,15.0,0.13,0.01,0.12,15.0,0.18,14.0,0.21,25.0,0.05,0.05,43.523664,1776210522000
1776210524.344,224.344,0.82,14.0,0.79,25.0,0.87,0.01,0.88,15.0,0.13,0.01,0.12,15.0,0.18,14.0,0.21,25.0,0.05,0.05,43.523664,1776210523000
1776210524.988,224.988,0.82,14.0,0.79,25.0,0.87,0.01,0.88,15.0,0.13,0.01,0.12,15.0,0.18,14.0,0.21,25.0,0.05,0.05,43.523396,1776210524000
1776210526.102,226.102,0.82,14.0,0.79,25.0,0.87,0.01,0.88,15.0,0.13,0.01,0.12,15.0,0.18,14.0,0.21,25.0,0.05,0.05,43.522715,1776210525000
1776210526.985,226.985,0.82,14.0,0.79,25.0,0.87,0.01,0.88,15.0,0.13,0.01,0.12,15.0,0.18,14.0,0.21,25.0,0.05,0.05,43.522275,1776210526000
1776210528.006,228.006,0.82,14.0,0.79,25.0,0.87,0.01,0.88,15.0,0.13,0.01,0.12,15.0,0.18,14.0,0.21,25.0,0.05,0.05,43.521277,1776210527000
1776210528.945,228.945,0.82,14.0,0.79,25.0,0.87,0.01,0.88,15.0,0.13,0.01,0.12,15.0,0.18,14.0,0.21,25.0,0.05,0.05,43.521464,1776210528000
1776210529.472,229.472,0.83,5.0,0.82,10.0,0.88,7.5,0.89,15.0,0.13,0.01,0.12,15.0,0.18,14.0,0.21,25.0,0.05,0.05,43.521464,1776210528000
1776210529.904,229.904,0.83,5.0,0.82,10.0,0.88,7.5,0.89,15.0,0.12,7.5,0.11,15.0,0.17,5.0,0.18,10.0,0.05,0.05,43.521598,1776210529000
1776210530.897,230.897,0.83,5.0,0.82,10.0,0.88,7.5,0.89,15.0,0.12,7.5,0.11,15.0,0.17,5.0,0.18,10.0,0.05,0.05,43.521598,1776210530000
1776210531.114,231.114,0.83,5.0,0.82,10.0,0.89,15.0,0.9,15.0,0.12,7.5,0.11,15.0,0.17,5.0,0.18,10.0,0.06,0.05,43.521598,1776210530000
1776210531.845,231.845,0.83,5.0,0.82,10.0,0.89,15.0,0.9,15.0,0.11,15.0,0.1,15.0,0.17,5.0,0.18,10.0,0.06,0.06,43.520932,1776210531000
1776210533.216,233.216,0.83,5.0,0.82,10.0,0.89,15.0,0.9,15.0,0.11,15.0,0.1,15.0,0.17,5.0,0.18,10.0,0.06,0.06,43.520897,1776210532000
1776210534.19,234.19,0.83,5.0,0.82,10.0,0.89,15.0,0.9,15.0,0.11,15.0,0.1,15.0,0.17,5.0,0.18,10.0,0.06,0.06,43.520407,1776210533000
1776210535.156,235.156,0.83,5.0,0.82,10.0,0.89,15.0,0.9,15.0,0.11,15.0,0.1,15.0,0.17,5.0,0.18,10.0,0.06,0.06,43.520407,1776210534000
1776210536.179,236.179,0.83,5.0,0.82,10.0,0.89,15.0,0.9,15.0,0.11,15.0,0.1,15.0,0.17,5.0,0.18,10.0,0.06,0.06,43.520332,1776210535000
1776210537.151,237.151,0.83,5.0,0.82,10.0,0.89,15.0,0.9,15.0,0.11,15.0,0.1,15.0,0.17,5.0,0.18,10.0,0.06,0.06,43.520332,1776210536000
1776210538.867,238.867,0.83,5.0,0.82,10.0,0.89,15.0,0.9,15.0,0.11,15.0,0.1,15.0,0.17,5.0,0.18,10.0,0.06,0.06,43.519624,1776210537000
1776210540.097,240.097,0.83,5.0,0.82,10.0,0.89,15.0,0.9,15.0,0.11,15.0,0.1,15.0,0.17,5.0,0.18,10.0,0.06,0.06,43.518625,1776210538000
1776210540.893,240.893,0.83,5.0,0.82,10.0,0.89,15.0,0.9,15.0,0.11,15.0,0.1,15.0,0.17,5.0,0.18,10.0,0.06,0.06,43.518625,1776210539000
1776210541.656,241.656,0.83,5.0,0.82,10.0,0.89,15.0,0.9,15.0,0.11,15.0,0.1,15.0,0.17,5.0,0.18,10.0,0.06,0.06,43.517933,1776210540000
1776210542.28,242.28,0.83,5.0,0.82,10.0,0.89,15.0,0.9,15.0,0.11,15.0,0.1,15.0,0.17,5.0,0.18,10.0,0.06,0.06,43.517933,1776210541000
1776210543.808,243.808,0.83,5.0,0.82,10.0,0.89,15.0,0.9,15.0,0.11,15.0,0.1,15.0,0.17,5.0,0.18,10.0,0.06,0.06,43.518397,1776210542000
1776210544.534,244.534,0.83,5.0,0.82,10.0,0.89,15.0,0.9,15.0,0.11,15.0,0.1,15.0,0.17,5.0,0.18,10.0,0.06,0.06,43.518397,1776210543000
1776210545.192,245.192,0.83,5.0,0.82,10.0,0.89,15.0,0.9,15.0,0.11,15.0,0.1,15.0,0.17,5.0,0.18,10.0,0.06,0.06,43.518493,1776210544000
1776210546.697,246.697,0.83,5.0,0.82,10.0,0.89,15.0,0.9,15.0,0.11,15.0,0.1,15.0,0.17,5.0,0.18,10.0,0.06,0.06,43.519547,1776210545000
1776210547.517,247.517,0.83,5.0,0.82,10.0,0.89,15.0,0.9,15.0,0.11,15.0,0.1,15.0,0.17,5.0,0.18,10.0,0.06,0.06,43.519891,1776210546000
1776210548.302,248.302,0.83,5.0,0.82,10.0,0.89,15.0,0.9,15.0,0.11,15.0,0.1,15.0,0.17,5.0,0.18,10.0,0.06,0.06,43.520264,1776210547000
1776210549.89,249.89,0.83,5.0,0.82,10.0,0.89,15.0,0.9,15.0,0.11,15.0,0.1,15.0,0.17,5.0,0.18,10.0,0.06,0.06,43.520164,1776210548000
1776210550.754,250.754,0.83,5.0,0.82,10.0,0.89,15.0,0.9,15.0,0.11,15.0,0.1,15.0,0.17,5.0,0.18,10.0,0.06,0.06,43.519797,1776210549000
1776210551.559,251.559,0.83,5.0,0.82,10.0,0.89,15.0,0.9,15.0,0.11,15.0,0.1,15.0,0.17,5.0,0.18,10.0,0.06,0.06,43.519767,1776210550000
1776210552.382,252.382,0.83,5.0,0.82,10.0,0.89,15.0,0.9,15.0,0.11,15.0,0.1,15.0,0.17,5.0,0.18,10.0,0.06,0.06,43.519412,1776210551000
1776210553.187,253.187,0.83,5.0,0.82,10.0,0.89,15.0,0.9,15.0,0.11,15.0,0.1,15.0,0.17,5.0,0.18,10.0,0.06,0.06,43.519472,1776210552000
1776210554.837,254.837,0.83,5.0,0.82,10.0,0.89,15.0,0.9,15.0,0.11,15.0,0.1,15.0,0.17,5.0,0.18,10.0,0.06,0.06,43.519807,1776210553000
1776210555.632,255.632,0.83,5.0,0.82,10.0,0.89,15.0,0.9,15.0,0.11,15.0,0.1,15.0,0.17,5.0,0.18,10.0,0.06,0.06,43.519663,1776210554000
1776210556.13,256.13,0.9,33.0,0.89,15.0,0.98,10.0,0.99,305.0,0.11,15.0,0.1,15.0,0.17,5.0,0.18,10.0,0.08,0.06,43.519663,1776210554000
1776210556.396,256.396,0.9,33.0,0.89,15.0,0.98,10.0,0.99,305.0,0.02,10.0,0.01,305.0,0.1,33.0,0.11,15.0,0.08,0.08,43.518734,1776210555000
1776210557.168,257.168,0.9,33.0,0.89,15.0,0.98,10.0,0.99,305.0,0.02,10.0,0.01,305.0,0.1,33.0,0.11,15.0,0.08,0.08,43.518734,1776210556000
1776210558.948,258.948,0.9,33.0,0.89,15.0,0.98,10.0,0.99,305.0,0.02,10.0,0.01,305.0,0.1,33.0,0.11,15.0,0.08,0.08,43.520527,1776210558000
1776210560.01,260.01,0.95,5.0,0.93,15.0,0.98,4.3,0.99,305.0,0.02,4.3,0.01,305.0,0.05,5.0,0.07,15.0,0.03,0.03,43.520826,1776210559000
1776210561.029,261.029,0.95,5.0,0.93,15.0,0.98,4.3,0.99,305.0,0.02,4.3,0.01,305.0,0.05,5.0,0.07,15.0,0.03,0.03,43.519597,1776210560000
1776210562.173,262.173,0.95,5.0,0.93,15.0,0.98,4.3,0.99,305.0,0.02,4.3,0.01,305.0,0.05,5.0,0.07,15.0,0.03,0.03,43.519687,1776210561000
1776210562.604,262.604,0.95,5.0,0.92,15.0,0.96,7.5,0.97,15.0,0.02,4.3,0.01,305.0,0.05,5.0,0.07,15.0,0.01,0.03,43.519687,1776210561000
1776210563.179,263.179,0.95,5.0,0.92,15.0,0.96,7.5,0.97,15.0,0.04,7.5,0.03,15.0,0.05,5.0,0.08,15.0,0.01,0.01,43.519687,1776210562000
1776210564.238,264.238,0.95,5.0,0.92,15.0,0.96,7.5,0.97,15.0,0.04,7.5,0.03,15.0,0.05,5.0,0.08,15.0,0.01,0.01,43.518541,1776210563000
1776210565.341,265.341,0.95,5.0,0.92,15.0,0.96,7.5,0.97,15.0,0.04,7.5,0.03,15.0,0.05,5.0,0.08,15.0,0.01,0.01,43.518563,1776210564000
1776210566.408,266.408,0.95,5.0,0.92,15.0,0.96,7.5,0.97,15.0,0.04,7.5,0.03,15.0,0.05,5.0,0.08,15.0,0.01,0.01,43.51823,1776210565000
1776210566.95,266.95,0.95,5.0,0.93,15.0,0.97,15.0,0.98,4.3,0.03,15.0,0.02,4.3,0.05,5.0,0.07,15.0,0.02,0.02,43.518159,1776210566000
1776210568.01,268.01,0.95,5.0,0.93,15.0,0.97,15.0,0.98,4.3,0.03,15.0,0.02,4.3,0.05,5.0,0.07,15.0,0.02,0.02,43.518047,1776210567000
1776210569.131,269.131,0.95,5.0,0.93,15.0,0.97,15.0,0.98,4.3,0.03,15.0,0.02,4.3,0.05,5.0,0.07,15.0,0.02,0.02,43.517593,1776210568000
1776210570.096,270.096,0.95,5.0,0.93,15.0,0.97,15.0,0.98,4.3,0.03,15.0,0.02,4.3,0.05,5.0,0.07,15.0,0.02,0.02,43.517609,1776210569000
1776210570.882,270.882,0.95,20.0,0.94,15.0,0.97,12.93,0.98,4.3,0.03,15.0,0.02,4.3,0.05,5.0,0.07,15.0,0.02,0.02,43.517609,1776210569000
1776210571.213,271.213,0.95,20.0,0.94,15.0,0.97,12.93,0.98,4.3,0.03,12.93,0.02,4.3,0.05,20.0,0.06,15.0,0.02,0.02,43.518161,1776210570000
1776210572.806,272.806,0.95,20.0,0.94,15.0,0.97,12.93,0.98,4.3,0.03,12.93,0.02,4.3,0.05,20.0,0.06,15.0,0.02,0.02,43.517723,1776210571000
1776210573.329,273.329,0.95,20.0,0.94,15.0,0.97,12.93,0.98,4.3,0.03,12.93,0.02,4.3,0.05,20.0,0.06,15.0,0.02,0.02,43.517827,1776210572000
1776210574.326,274.326,0.95,20.0,0.94,15.0,0.97,12.93,0.98,4.3,0.03,12.93,0.02,4.3,0.05,20.0,0.06,15.0,0.02,0.02,43.517827,1776210573000
1776210575.237,275.237,0.95,20.0,0.94,15.0,0.97,12.93,0.98,4.3,0.03,12.93,0.02,4.3,0.05,20.0,0.06,15.0,0.02,0.02,43.517813,1776210574000
1776210576.218,276.218,0.95,20.0,0.94,15.0,0.97,12.93,0.98,4.3,0.03,12.93,0.02,4.3,0.05,20.0,0.06,15.0,0.02,0.02,43.517851,1776210575000
1776210577.359,277.359,0.95,20.0,0.94,15.0,0.97,12.93,0.98,4.3,0.03,12.93,0.02,4.3,0.05,20.0,0.06,15.0,0.02,0.02,43.517562,1776210576000
1776210577.59,277.59,0.96,5.0,0.95,5.0,0.99,260.0,,,0.03,12.93,0.02,4.3,0.05,20.0,0.06,15.0,0.03,0.02,43.517562,1776210576000
1776210578.404,278.404,0.96,5.0,0.95,5.0,0.99,260.0,,,0.01,260.0,,,0.04,5.0,0.05,5.0,0.03,0.03,43.517325,1776210577000
1776210578.935,278.935,0.96,5.0,0.95,5.0,0.99,260.0,,,0.01,260.0,,,0.04,5.0,0.05,5.0,0.03,0.03,43.519014,1776210578000
1776210579.893,279.893,0.96,5.0,0.95,5.0,0.99,260.0,,,0.01,260.0,,,0.04,5.0,0.05,5.0,0.03,0.03,43.519696,1776210579000
1776210580.868,280.868,0.96,5.0,0.95,5.0,0.99,260.0,,,0.01,260.0,,,0.04,5.0,0.05,5.0,0.03,0.03,43.519534,1776210580000
1776210581.839,281.839,0.96,5.0,0.95,5.0,0.99,260.0,,,0.01,260.0,,,0.04,5.0,0.05,5.0,0.03,0.03,43.519059,1776210581000
1776210582.945,282.945,0.96,5.0,0.95,5.0,0.99,260.0,,,0.01,260.0,,,0.04,5.0,0.05,5.0,0.03,0.03,43.518463,1776210582000
1776210583.941,283.941,0.96,5.0,0.95,5.0,0.99,260.0,,,0.01,260.0,,,0.04,5.0,0.05,5.0,0.03,0.03,43.518463,1776210583000
1776210584.933,284.933,0.96,5.0,0.95,5.0,0.99,260.0,,,0.01,260.0,,,0.04,5.0,0.05,5.0,0.03,0.03,43.519646,1776210584000
1776210586.435,286.435,0.96,5.0,0.95,5.0,0.99,260.0,,,0.01,260.0,,,0.04,5.0,0.05,5.0,0.03,0.03,43.520482,1776210585000
1776210586.762,286.762,0.88,37.0,0.3,100.0,0.99,151.95,,,0.01,260.0,,,0.04,5.0,0.05,5.0,0.11,0.03,43.520482,1776210585000
1776210587.852,287.852,0.88,37.0,0.3,100.0,0.99,151.95,,,0.01,151.95,,,0.12,37.0,0.7,100.0,0.11,0.11,43.520527,1776210587000
1776210588.955,288.955,0.88,37.0,0.3,100.0,0.99,151.95,,,0.01,151.95,,,0.12,37.0,0.7,100.0,0.11,0.11,43.520688,1776210588000
1776210589.906,289.906,0.88,37.0,0.3,100.0,0.99,151.95,,,0.01,151.95,,,0.12,37.0,0.7,100.0,0.11,0.11,43.522923,1776210589000
1776210590.445,290.445,0.88,37.0,0.3,100.0,0.99,131.74,,,0.01,151.95,,,0.12,37.0,0.7,100.0,0.11,0.11,43.522923,1776210589000
1776210591.035,291.035,0.88,37.0,0.3,100.0,0.99,131.74,,,0.01,131.74,,,0.12,37.0,0.7,100.0,0.11,0.11,43.523019,1776210590000
1776210592.162,292.162,0.88,37.0,0.3,100.0,0.99,131.74,,,0.01,131.74,,,0.12,37.0,0.7,100.0,0.11,0.11,43.522342,1776210591000
1776210593.105,293.105,0.88,37.0,0.3,100.0,0.99,131.74,,,0.01,131.74,,,0.12,37.0,0.7,100.0,0.11,0.11,43.522357,1776210592000
1776210593.874,293.874,0.88,10.0,0.3,100.0,0.99,111.53,,,0.01,131.74,,,0.12,37.0,0.7,100.0,0.11,0.11,43.522357,1776210592000
1776210594.109,294.109,0.88,10.0,0.3,100.0,0.99,111.53,,,0.01,111.53,,,0.12,10.0,0.7,100.0,0.11,0.11,43.52252,1776210593000
1776210595.111,295.111,0.99,888.47,0.88,10.0,,,,,,,,,0.01,888.47,0.12,10.0,,,43.521694,1776210594000
1776210596.143,296.143,0.99,888.47,0.88,10.0,,,,,,,,,0.01,888.47,0.12,10.0,,,43.522682,1776210595000
1776210597.325,297.325,0.99,888.47,0.88,10.0,,,,,,,,,0.01,888.47,0.12,10.0,,,43.526367,1776210596000
1776210598.26,298.26,0.99,888.47,0.88,10.0,,,,,,,,,0.01,888.47,0.12,10.0,,,43.526346,1776210597000
1776210599.255,299.255,0.99,888.47,0.88,10.0,,,,,,,,,0.01,888.47,0.12,10.0,,,43.526802,1776210598000
1776210600.476,300.476,0.99,888.47,0.88,10.0,,,,,,,,,0.01,888.47,0.12,10.0,,,43.527456,1776210599000
1776210601.082,301.082,0.99,888.47,0.88,10.0,,,,,,,,,0.01,888.47,0.12,10.0,,,43.527459,1776210600000

# RESULT,winner=Up,slug=hype-updown-5m-1776210300,ticks=319
