timestamp,elapsed_sec,up_bid_p1,up_bid_s1,up_bid_p2,up_bid_s2,up_ask_p1,up_ask_s1,up_ask_p2,up_ask_s2,down_bid_p1,down_bid_s1,down_bid_p2,down_bid_s2,down_ask_p1,down_ask_s1,down_ask_p2,down_ask_s2,up_spread,down_spread,hype_price,hype_oracle_ts
1776208811.308,11.308,0.39,5.0,0.38,15.0,0.51,10.0,0.55,10.0,0.49,10.0,0.45,10.0,0.61,5.0,0.62,15.0,0.12,0.12,43.469341,1776208809000
1776208811.616,11.616,0.39,5.0,0.38,15.0,0.51,10.0,0.55,10.0,0.49,10.0,0.45,10.0,0.61,5.0,0.62,15.0,0.12,0.12,43.469341,1776208809000
1776208812.21,12.21,0.39,5.0,0.38,15.0,0.51,10.0,0.55,10.0,0.49,10.0,0.45,10.0,0.61,5.0,0.62,15.0,0.12,0.12,43.469345,1776208811000
1776208813.183,13.183,0.39,5.0,0.38,15.0,0.51,10.0,0.55,10.0,0.49,10.0,0.45,10.0,0.61,5.0,0.62,15.0,0.12,0.12,43.469342,1776208812000
1776208814.157,14.157,0.39,5.0,0.38,15.0,0.51,10.0,0.55,10.0,0.49,10.0,0.45,10.0,0.61,5.0,0.62,15.0,0.12,0.12,43.46934,1776208813000
1776208815.144,15.144,0.39,5.0,0.38,15.0,0.51,10.0,0.55,10.0,0.49,10.0,0.45,10.0,0.61,5.0,0.62,15.0,0.12,0.12,43.469342,1776208814000
1776208816.191,16.191,0.39,5.0,0.38,15.0,0.51,10.0,0.55,10.0,0.49,10.0,0.45,10.0,0.61,5.0,0.62,15.0,0.12,0.12,43.469364,1776208815000
1776208817.141,17.141,0.39,5.0,0.38,15.0,0.51,10.0,0.55,10.0,0.49,10.0,0.45,10.0,0.61,5.0,0.62,15.0,0.12,0.12,43.469322,1776208816000
1776208818.148,18.148,0.39,5.0,0.38,15.0,0.51,10.0,0.55,10.0,0.49,10.0,0.45,10.0,0.61,5.0,0.62,15.0,0.12,0.12,43.46929,1776208817000
1776208819.188,19.188,0.39,5.0,0.38,15.0,0.51,10.0,0.55,10.0,0.49,10.0,0.45,10.0,0.61,5.0,0.62,15.0,0.12,0.12,43.469289,1776208818000
1776208820.249,20.249,0.39,5.0,0.38,15.0,0.51,10.0,0.55,10.0,0.49,10.0,0.45,10.0,0.61,5.0,0.62,15.0,0.12,0.12,43.469292,1776208819000
1776208821.366,21.366,0.39,5.0,0.38,15.0,0.51,10.0,0.55,10.0,0.49,10.0,0.45,10.0,0.61,5.0,0.62,15.0,0.12,0.12,43.46929,1776208820000
1776208822.341,22.341,0.39,5.0,0.38,15.0,0.51,10.0,0.55,10.0,0.49,10.0,0.45,10.0,0.61,5.0,0.62,15.0,0.12,0.12,43.46929,1776208821000
1776208823.312,23.312,0.39,5.0,0.38,15.0,0.51,10.0,0.55,10.0,0.49,10.0,0.45,10.0,0.61,5.0,0.62,15.0,0.12,0.12,43.46931,1776208822000
1776208824.828,24.828,0.39,5.0,0.38,15.0,0.51,10.0,0.55,10.0,0.49,10.0,0.45,10.0,0.61,5.0,0.62,15.0,0.12,0.12,43.469268,1776208823000
1776208825.627,25.627,0.39,5.0,0.38,15.0,0.51,10.0,0.55,10.0,0.49,10.0,0.45,10.0,0.61,5.0,0.62,15.0,0.12,0.12,43.46926,1776208824000
1776208826.313,26.313,0.39,5.0,0.38,15.0,0.51,10.0,0.55,10.0,0.49,10.0,0.45,10.0,0.61,5.0,0.62,15.0,0.12,0.12,43.469257,1776208825000
1776208827.033,27.033,0.39,5.0,0.38,15.0,0.51,10.0,0.55,10.0,0.49,10.0,0.45,10.0,0.61,5.0,0.62,15.0,0.12,0.12,43.46926,1776208826000
1776208828.631,28.631,0.39,5.0,0.38,15.0,0.51,10.0,0.55,10.0,0.49,10.0,0.45,10.0,0.61,5.0,0.62,15.0,0.12,0.12,43.469258,1776208827000
1776208829.403,29.403,0.39,5.0,0.38,15.0,0.51,10.0,0.55,10.0,0.49,10.0,0.45,10.0,0.61,5.0,0.62,15.0,0.12,0.12,43.469258,1776208828000
1776208830.025,30.025,0.39,5.0,0.38,15.0,0.51,10.0,0.55,10.0,0.49,10.0,0.45,10.0,0.61,5.0,0.62,15.0,0.12,0.12,43.469257,1776208829000
1776208831.345,31.345,0.39,5.0,0.38,15.0,0.51,10.0,0.55,10.0,0.49,10.0,0.45,10.0,0.61,5.0,0.62,15.0,0.12,0.12,43.469257,1776208830000
1776208832.089,32.089,0.39,5.0,0.38,15.0,0.51,10.0,0.55,10.0,0.49,10.0,0.45,10.0,0.61,5.0,0.62,15.0,0.12,0.12,43.469256,1776208831000
1776208833.416,33.416,0.39,5.0,0.38,15.0,0.51,10.0,0.55,10.0,0.49,10.0,0.45,10.0,0.61,5.0,0.62,15.0,0.12,0.12,43.46939,1776208832000
1776208834.311,34.311,0.39,5.0,0.38,15.0,0.51,10.0,0.55,10.0,0.49,10.0,0.45,10.0,0.61,5.0,0.62,15.0,0.12,0.12,43.469388,1776208833000
1776208835.659,35.659,0.39,5.0,0.38,15.0,0.51,10.0,0.55,10.0,0.49,10.0,0.45,10.0,0.61,5.0,0.62,15.0,0.12,0.12,43.469374,1776208834000
1776208836.438,36.438,0.39,5.0,0.38,15.0,0.51,10.0,0.55,10.0,0.49,10.0,0.45,10.0,0.61,5.0,0.62,15.0,0.12,0.12,43.469372,1776208835000
1776208837.242,37.242,0.39,5.0,0.38,15.0,0.51,10.0,0.55,10.0,0.49,10.0,0.45,10.0,0.61,5.0,0.62,15.0,0.12,0.12,43.469374,1776208836000
1776208838.674,38.674,0.39,5.0,0.38,15.0,0.51,10.0,0.55,10.0,0.49,10.0,0.45,10.0,0.61,5.0,0.62,15.0,0.12,0.12,43.469335,1776208837000
1776208839.518,39.518,0.39,5.0,0.38,15.0,0.51,10.0,0.55,10.0,0.49,10.0,0.45,10.0,0.61,5.0,0.62,15.0,0.12,0.12,43.469334,1776208838000
1776208840.204,40.204,0.39,5.0,0.38,15.0,0.51,10.0,0.55,10.0,0.49,10.0,0.45,10.0,0.61,5.0,0.62,15.0,0.12,0.12,43.469335,1776208839000
1776208841.602,41.602,0.39,5.0,0.38,15.0,0.51,10.0,0.55,10.0,0.49,10.0,0.45,10.0,0.61,5.0,0.62,15.0,0.12,0.12,43.465113,1776208840000
1776208842.606,42.606,0.39,5.0,0.38,15.0,0.51,10.0,0.55,10.0,0.49,10.0,0.45,10.0,0.61,5.0,0.62,15.0,0.12,0.12,43.46841,1776208841000
1776208843.662,43.662,0.39,5.0,0.38,15.0,0.51,10.0,0.55,10.0,0.49,10.0,0.45,10.0,0.61,5.0,0.62,15.0,0.12,0.12,43.468408,1776208842000
1776208844.168,44.168,0.39,5.0,0.38,15.0,0.51,10.0,0.55,10.0,0.49,10.0,0.45,10.0,0.61,5.0,0.62,15.0,0.12,0.12,43.468414,1776208843000
1776208845.364,45.364,0.39,5.0,0.38,15.0,0.51,10.0,0.55,10.0,0.49,10.0,0.45,10.0,0.61,5.0,0.62,15.0,0.12,0.12,43.468742,1776208844000
1776208845.918,45.918,0.39,5.0,0.38,15.0,0.51,10.0,0.55,10.0,0.49,10.0,0.45,10.0,0.61,5.0,0.62,15.0,0.12,0.12,43.468784,1776208845000
1776208847.08,47.08,0.39,5.0,0.38,15.0,0.51,10.0,0.55,10.0,0.49,10.0,0.45,10.0,0.61,5.0,0.62,15.0,0.12,0.12,43.468934,1776208846000
1776208848.13,48.13,0.39,5.0,0.38,15.0,0.51,10.0,0.55,10.0,0.49,10.0,0.45,10.0,0.61,5.0,0.62,15.0,0.12,0.12,43.46791,1776208847000
1776208849.29,49.29,0.39,5.0,0.38,15.0,0.51,10.0,0.55,10.0,0.49,10.0,0.45,10.0,0.61,5.0,0.62,15.0,0.12,0.12,43.463212,1776208848000
1776208850.346,50.346,0.39,5.0,0.38,15.0,0.51,10.0,0.55,10.0,0.49,10.0,0.45,10.0,0.61,5.0,0.62,15.0,0.12,0.12,43.4553,1776208849000
1776208850.846,50.846,0.39,5.0,0.38,15.0,0.51,10.0,0.55,10.0,0.49,10.0,0.45,10.0,0.61,5.0,0.62,15.0,0.12,0.12,43.454688,1776208850000
1776208852.012,52.012,0.39,5.0,0.38,15.0,0.51,10.0,0.55,10.0,0.49,10.0,0.45,10.0,0.61,5.0,0.62,15.0,0.12,0.12,43.454726,1776208851000
1776208853.067,53.067,0.39,5.0,0.38,15.0,0.51,10.0,0.55,10.0,0.49,10.0,0.45,10.0,0.61,5.0,0.62,15.0,0.12,0.12,43.455855,1776208852000
1776208854.216,54.216,0.39,5.0,0.38,15.0,0.51,10.0,0.55,10.0,0.49,10.0,0.45,10.0,0.61,5.0,0.62,15.0,0.12,0.12,43.454334,1776208853000
1776208855.375,55.375,0.39,5.0,0.38,15.0,0.51,10.0,0.55,10.0,0.49,10.0,0.45,10.0,0.61,5.0,0.62,15.0,0.12,0.12,43.455837,1776208854000
1776208855.987,55.987,0.39,5.0,0.38,15.0,0.51,10.0,0.55,10.0,0.49,10.0,0.45,10.0,0.61,5.0,0.62,15.0,0.12,0.12,43.455837,1776208855000
1776208857.083,57.083,0.39,5.0,0.38,15.0,0.51,10.0,0.55,10.0,0.49,10.0,0.45,10.0,0.61,5.0,0.62,15.0,0.12,0.12,43.455837,1776208856000
1776208858.04,58.04,0.39,5.0,0.38,15.0,0.51,10.0,0.55,10.0,0.49,10.0,0.45,10.0,0.61,5.0,0.62,15.0,0.12,0.12,43.45593,1776208857000
1776208859.175,59.175,0.39,5.0,0.38,15.0,0.51,10.0,0.55,10.0,0.49,10.0,0.45,10.0,0.61,5.0,0.62,15.0,0.12,0.12,43.455896,1776208858000
1776208860.245,60.245,0.39,5.0,0.38,15.0,0.51,10.0,0.55,10.0,0.49,10.0,0.45,10.0,0.61,5.0,0.62,15.0,0.12,0.12,43.455888,1776208859000
1776208861.553,61.553,0.39,5.0,0.38,15.0,0.51,10.0,0.55,10.0,0.49,10.0,0.45,10.0,0.61,5.0,0.62,15.0,0.12,0.12,43.455945,1776208860000
1776208862.078,62.078,0.39,5.0,0.38,15.0,0.51,10.0,0.55,10.0,0.49,10.0,0.45,10.0,0.61,5.0,0.62,15.0,0.12,0.12,43.455961,1776208861000
1776208863.252,63.252,0.39,5.0,0.38,15.0,0.51,10.0,0.55,10.0,0.49,10.0,0.45,10.0,0.61,5.0,0.62,15.0,0.12,0.12,43.455983,1776208862000
1776208864.417,64.417,0.39,5.0,0.38,15.0,0.51,10.0,0.55,10.0,0.49,10.0,0.45,10.0,0.61,5.0,0.62,15.0,0.12,0.12,43.455468,1776208863000
1776208864.93,64.93,0.39,5.0,0.38,15.0,0.51,10.0,0.55,10.0,0.49,10.0,0.45,10.0,0.61,5.0,0.62,15.0,0.12,0.12,43.451653,1776208864000
1776208866.266,66.266,0.39,5.0,0.38,15.0,0.51,10.0,0.55,10.0,0.49,10.0,0.45,10.0,0.61,5.0,0.62,15.0,0.12,0.12,43.455063,1776208865000
1776208867.439,67.439,0.39,5.0,0.38,15.0,0.51,10.0,0.55,10.0,0.49,10.0,0.45,10.0,0.61,5.0,0.62,15.0,0.12,0.12,43.455061,1776208866000
1776208867.948,67.948,0.39,5.0,0.38,15.0,0.51,10.0,0.55,10.0,0.49,10.0,0.45,10.0,0.61,5.0,0.62,15.0,0.12,0.12,43.455023,1776208867000
1776208869.14,69.14,0.39,5.0,0.38,15.0,0.51,10.0,0.55,10.0,0.49,10.0,0.45,10.0,0.61,5.0,0.62,15.0,0.12,0.12,43.455051,1776208868000
1776208870.327,70.327,0.39,5.0,0.38,15.0,0.51,10.0,0.55,10.0,0.49,10.0,0.45,10.0,0.61,5.0,0.62,15.0,0.12,0.12,43.454921,1776208869000
1776208870.911,70.911,0.39,5.0,0.38,15.0,0.51,10.0,0.55,10.0,0.49,10.0,0.45,10.0,0.61,5.0,0.62,15.0,0.12,0.12,43.455113,1776208870000
1776208872.115,72.115,0.39,5.0,0.38,15.0,0.51,10.0,0.55,10.0,0.49,10.0,0.45,10.0,0.61,5.0,0.62,15.0,0.12,0.12,43.455105,1776208871000
1776208873.317,73.317,0.39,5.0,0.38,15.0,0.51,10.0,0.55,10.0,0.49,10.0,0.45,10.0,0.61,5.0,0.62,15.0,0.12,0.12,43.454842,1776208872000
1776208874.457,74.457,0.39,5.0,0.38,15.0,0.51,10.0,0.55,10.0,0.49,10.0,0.45,10.0,0.61,5.0,0.62,15.0,0.12,0.12,43.455315,1776208873000
1776208875.083,75.083,0.39,5.0,0.38,15.0,0.51,10.0,0.55,10.0,0.49,10.0,0.45,10.0,0.61,5.0,0.62,15.0,0.12,0.12,43.455323,1776208874000
1776208876.129,76.129,0.39,5.0,0.38,15.0,0.51,10.0,0.55,10.0,0.49,10.0,0.45,10.0,0.61,5.0,0.62,15.0,0.12,0.12,43.45503,1776208875000
1776208877.159,77.159,0.39,5.0,0.38,15.0,0.51,10.0,0.55,10.0,0.49,10.0,0.45,10.0,0.61,5.0,0.62,15.0,0.12,0.12,43.454923,1776208876000
1776208878.167,78.167,0.39,5.0,0.38,15.0,0.51,10.0,0.55,10.0,0.49,10.0,0.45,10.0,0.61,5.0,0.62,15.0,0.12,0.12,43.454923,1776208877000
1776208879.317,79.317,0.39,5.0,0.38,15.0,0.51,10.0,0.55,10.0,0.49,10.0,0.45,10.0,0.61,5.0,0.62,15.0,0.12,0.12,43.454955,1776208878000
1776208880.384,80.384,0.39,5.0,0.38,15.0,0.51,10.0,0.55,10.0,0.49,10.0,0.45,10.0,0.61,5.0,0.62,15.0,0.12,0.12,43.454943,1776208879000
1776208880.926,80.926,0.39,5.0,0.38,15.0,0.51,10.0,0.55,10.0,0.49,10.0,0.45,10.0,0.61,5.0,0.62,15.0,0.12,0.12,43.454949,1776208880000
1776208882.056,82.056,0.39,5.0,0.38,15.0,0.51,10.0,0.55,10.0,0.49,10.0,0.45,10.0,0.61,5.0,0.62,15.0,0.12,0.12,43.454912,1776208881000
1776208883.11,83.11,0.39,5.0,0.38,15.0,0.51,10.0,0.55,10.0,0.49,10.0,0.45,10.0,0.61,5.0,0.62,15.0,0.12,0.12,43.45491,1776208882000
1776208884.341,84.341,0.39,5.0,0.38,15.0,0.51,10.0,0.55,10.0,0.49,10.0,0.45,10.0,0.61,5.0,0.62,15.0,0.12,0.12,43.454908,1776208883000
1776208885.393,85.393,0.39,5.0,0.38,15.0,0.51,10.0,0.55,10.0,0.49,10.0,0.45,10.0,0.61,5.0,0.62,15.0,0.12,0.12,43.454908,1776208884000
1776208885.872,85.872,0.39,5.0,0.38,15.0,0.51,10.0,0.55,10.0,0.49,10.0,0.45,10.0,0.61,5.0,0.62,15.0,0.12,0.12,43.454908,1776208885000
1776208887.383,87.383,0.39,5.0,0.38,15.0,0.51,10.0,0.55,10.0,0.49,10.0,0.45,10.0,0.61,5.0,0.62,15.0,0.12,0.12,43.454849,1776208886000
1776208887.983,87.983,0.39,5.0,0.38,15.0,0.51,10.0,0.55,10.0,0.49,10.0,0.45,10.0,0.61,5.0,0.62,15.0,0.12,0.12,43.454825,1776208887000
1776208889.151,89.151,0.39,5.0,0.38,15.0,0.51,10.0,0.55,10.0,0.49,10.0,0.45,10.0,0.61,5.0,0.62,15.0,0.12,0.12,43.454833,1776208888000
1776208890.395,90.395,0.39,5.0,0.38,15.0,0.51,10.0,0.55,10.0,0.49,10.0,0.45,10.0,0.61,5.0,0.62,15.0,0.12,0.12,43.454792,1776208889000
1776208890.943,90.943,0.39,5.0,0.38,15.0,0.51,10.0,0.55,10.0,0.49,10.0,0.45,10.0,0.61,5.0,0.62,15.0,0.12,0.12,43.455179,1776208890000
1776208892.048,92.048,0.39,5.0,0.38,15.0,0.51,10.0,0.55,10.0,0.49,10.0,0.45,10.0,0.61,5.0,0.62,15.0,0.12,0.12,43.455179,1776208891000
1776208893.184,93.184,0.39,5.0,0.38,15.0,0.51,10.0,0.55,10.0,0.49,10.0,0.45,10.0,0.61,5.0,0.62,15.0,0.12,0.12,43.455136,1776208892000
1776208894.292,94.292,0.39,5.0,0.38,15.0,0.51,10.0,0.55,10.0,0.49,10.0,0.45,10.0,0.61,5.0,0.62,15.0,0.12,0.12,43.455111,1776208893000
1776208895.44,95.44,0.39,5.0,0.38,15.0,0.51,10.0,0.55,10.0,0.49,10.0,0.45,10.0,0.61,5.0,0.62,15.0,0.12,0.12,43.455109,1776208894000
1776208896.053,96.053,0.39,5.0,0.38,15.0,0.51,10.0,0.55,10.0,0.49,10.0,0.45,10.0,0.61,5.0,0.62,15.0,0.12,0.12,43.455108,1776208895000
1776208897.204,97.204,0.39,5.0,0.38,15.0,0.51,10.0,0.55,10.0,0.49,10.0,0.45,10.0,0.61,5.0,0.62,15.0,0.12,0.12,43.455101,1776208896000
1776208898.299,98.299,0.39,5.0,0.38,15.0,0.51,10.0,0.55,10.0,0.49,10.0,0.45,10.0,0.61,5.0,0.62,15.0,0.12,0.12,43.455118,1776208897000
1776208898.915,98.915,0.39,5.0,0.38,15.0,0.51,10.0,0.55,10.0,0.49,10.0,0.45,10.0,0.61,5.0,0.62,15.0,0.12,0.12,43.45459,1776208898000
1776208900.213,100.213,0.39,5.0,0.38,15.0,0.51,10.0,0.55,10.0,0.49,10.0,0.45,10.0,0.61,5.0,0.62,15.0,0.12,0.12,43.451263,1776208899000
1776208901.407,101.407,0.39,5.0,0.38,15.0,0.51,10.0,0.55,10.0,0.49,10.0,0.45,10.0,0.61,5.0,0.62,15.0,0.12,0.12,43.443038,1776208900000
1776208902.438,102.438,0.39,5.0,0.38,15.0,0.51,10.0,0.55,10.0,0.49,10.0,0.45,10.0,0.61,5.0,0.62,15.0,0.12,0.12,43.443038,1776208901000
1776208902.963,102.963,0.39,5.0,0.38,15.0,0.51,10.0,0.55,10.0,0.49,10.0,0.45,10.0,0.61,5.0,0.62,15.0,0.12,0.12,43.441764,1776208902000
1776208904.588,104.588,0.39,5.0,0.38,15.0,0.51,10.0,0.55,10.0,0.49,10.0,0.45,10.0,0.61,5.0,0.62,15.0,0.12,0.12,43.445546,1776208903000
1776208905.312,105.312,0.39,5.0,0.38,15.0,0.51,10.0,0.55,10.0,0.49,10.0,0.45,10.0,0.61,5.0,0.62,15.0,0.12,0.12,43.449466,1776208904000
1776208906.663,106.663,0.39,5.0,0.38,15.0,0.51,10.0,0.55,10.0,0.49,10.0,0.45,10.0,0.61,5.0,0.62,15.0,0.12,0.12,43.449945,1776208905000
1776208907.256,107.256,0.39,5.0,0.38,15.0,0.51,10.0,0.55,10.0,0.49,10.0,0.45,10.0,0.61,5.0,0.62,15.0,0.12,0.12,43.449483,1776208906000
1776208907.606,107.606,0.29,15.0,0.28,15.0,0.35,10.0,0.42,15.0,0.49,10.0,0.45,10.0,0.61,5.0,0.62,15.0,0.06,0.12,43.449483,1776208906000
1776208908.735,108.735,0.29,15.0,0.28,15.0,0.35,10.0,0.42,15.0,0.65,10.0,0.58,15.0,0.71,15.0,0.72,15.0,0.06,0.06,43.449538,1776208907000
1776208909.318,109.318,0.29,15.0,0.28,15.0,0.35,10.0,0.42,15.0,0.65,10.0,0.58,15.0,0.71,15.0,0.72,15.0,0.06,0.06,43.449538,1776208908000
1776208910.528,110.528,0.29,15.0,0.28,15.0,0.35,10.0,0.42,15.0,0.65,10.0,0.58,15.0,0.71,15.0,0.72,15.0,0.06,0.06,43.449538,1776208909000
1776208911.158,111.158,0.29,15.0,0.28,15.0,0.35,10.0,0.42,15.0,0.65,10.0,0.58,15.0,0.71,15.0,0.72,15.0,0.06,0.06,43.449556,1776208910000
1776208912.353,112.353,0.29,15.0,0.28,15.0,0.35,10.0,0.42,15.0,0.65,10.0,0.58,15.0,0.71,15.0,0.72,15.0,0.06,0.06,43.449509,1776208911000
1776208913.162,113.162,0.29,15.0,0.28,15.0,0.35,10.0,0.42,15.0,0.65,10.0,0.58,15.0,0.71,15.0,0.72,15.0,0.06,0.06,43.449509,1776208912000
1776208914.297,114.297,0.29,15.0,0.28,15.0,0.35,10.0,0.42,15.0,0.65,10.0,0.58,15.0,0.71,15.0,0.72,15.0,0.06,0.06,43.44951,1776208913000
1776208915.562,115.562,0.29,15.0,0.28,15.0,0.35,10.0,0.42,15.0,0.65,10.0,0.58,15.0,0.71,15.0,0.72,15.0,0.06,0.06,43.449556,1776208914000
1776208916.129,116.129,0.29,15.0,0.28,15.0,0.35,10.0,0.42,15.0,0.65,10.0,0.58,15.0,0.71,15.0,0.72,15.0,0.06,0.06,43.449684,1776208915000
1776208916.399,116.399,0.29,7.5,0.28,15.0,0.35,10.0,0.41,15.0,0.65,10.0,0.58,15.0,0.71,15.0,0.72,15.0,0.06,0.06,43.449684,1776208915000
1776208917.446,117.446,0.29,7.5,0.28,15.0,0.35,10.0,0.41,15.0,0.65,10.0,0.59,15.0,0.71,7.5,0.72,15.0,0.06,0.06,43.449718,1776208916000
1776208918.097,118.097,0.29,7.5,0.28,15.0,0.35,10.0,0.41,15.0,0.65,10.0,0.59,15.0,0.71,7.5,0.72,15.0,0.06,0.06,43.449718,1776208917000
1776208919.116,119.116,0.29,7.5,0.28,15.0,0.35,10.0,0.41,15.0,0.65,10.0,0.59,15.0,0.71,7.5,0.72,15.0,0.06,0.06,43.449696,1776208918000
1776208920.111,120.111,0.29,7.5,0.28,15.0,0.35,10.0,0.41,15.0,0.65,10.0,0.59,15.0,0.71,7.5,0.72,15.0,0.06,0.06,43.448757,1776208919000
1776208921.169,121.169,0.27,15.0,0.26,15.0,0.35,10.0,0.4,15.0,0.65,10.0,0.6,15.0,0.73,15.0,0.74,15.0,0.08,0.08,43.449534,1776208920000
1776208921.621,121.621,0.28,4.21,0.27,15.0,0.35,10.0,0.4,15.0,0.65,10.0,0.6,15.0,0.73,15.0,0.74,15.0,0.07,0.08,43.449534,1776208920000
1776208922.266,122.266,0.28,4.21,0.27,15.0,0.35,10.0,0.4,15.0,0.65,10.0,0.6,15.0,0.72,4.21,0.73,15.0,0.07,0.07,43.449534,1776208921000
1776208923.366,123.366,0.28,4.21,0.27,15.0,0.35,10.0,0.4,15.0,0.65,10.0,0.6,15.0,0.72,4.21,0.73,15.0,0.07,0.07,43.449694,1776208922000
1776208923.965,123.965,0.28,4.21,0.27,15.0,0.35,10.0,0.4,15.0,0.65,10.0,0.6,15.0,0.72,4.21,0.73,15.0,0.07,0.07,43.449694,1776208923000
1776208924.967,124.967,0.28,4.21,0.27,15.0,0.35,10.0,0.4,15.0,0.65,10.0,0.6,15.0,0.72,4.21,0.73,15.0,0.07,0.07,43.449683,1776208924000
1776208926.015,126.015,0.28,4.21,0.27,15.0,0.35,10.0,0.4,15.0,0.65,10.0,0.6,15.0,0.72,4.21,0.73,15.0,0.07,0.07,43.449685,1776208925000
1776208927.107,127.107,0.28,4.21,0.27,15.0,0.35,10.0,0.4,15.0,0.65,10.0,0.6,15.0,0.72,4.21,0.73,15.0,0.07,0.07,43.449738,1776208926000
1776208928.26,128.26,0.28,4.21,0.27,15.0,0.35,10.0,0.4,15.0,0.65,10.0,0.6,15.0,0.72,4.21,0.73,15.0,0.07,0.07,43.449738,1776208927000
1776208929.24,129.24,0.28,4.21,0.27,15.0,0.35,10.0,0.4,15.0,0.65,10.0,0.6,15.0,0.72,4.21,0.73,15.0,0.07,0.07,43.449695,1776208928000
1776208930.359,130.359,0.28,4.21,0.27,15.0,0.35,10.0,0.4,15.0,0.65,10.0,0.6,15.0,0.72,4.21,0.73,15.0,0.07,0.07,43.449743,1776208929000
1776208931.329,131.329,0.28,4.21,0.27,15.0,0.35,10.0,0.4,15.0,0.65,10.0,0.6,15.0,0.72,4.21,0.73,15.0,0.07,0.07,43.449748,1776208930000
1776208932.934,132.934,0.28,4.21,0.27,15.0,0.35,10.0,0.4,15.0,0.65,10.0,0.6,15.0,0.72,4.21,0.73,15.0,0.07,0.07,43.447691,1776208931000
1776208933.358,133.358,0.28,4.21,0.27,15.0,0.35,10.0,0.4,15.0,0.65,10.0,0.6,15.0,0.72,4.21,0.73,15.0,0.07,0.07,43.443407,1776208932000
1776208933.947,133.947,0.28,4.21,0.27,15.0,0.35,10.0,0.4,15.0,0.65,10.0,0.6,15.0,0.72,4.21,0.73,15.0,0.07,0.07,43.441053,1776208933000
1776208934.89,134.89,0.28,4.21,0.27,15.0,0.35,10.0,0.4,15.0,0.65,10.0,0.6,15.0,0.72,4.21,0.73,15.0,0.07,0.07,43.44066,1776208934000
1776208935.873,135.873,0.28,4.21,0.27,15.0,0.35,10.0,0.4,15.0,0.65,10.0,0.6,15.0,0.72,4.21,0.73,15.0,0.07,0.07,43.443229,1776208935000
1776208936.812,136.812,0.28,4.21,0.27,15.0,0.35,10.0,0.4,15.0,0.65,10.0,0.6,15.0,0.72,4.21,0.73,15.0,0.07,0.07,43.443625,1776208936000
1776208938.223,138.223,0.28,4.21,0.27,15.0,0.35,10.0,0.4,15.0,0.65,10.0,0.6,15.0,0.72,4.21,0.73,15.0,0.07,0.07,43.442246,1776208937000
1776208939.199,139.199,0.28,4.21,0.27,15.0,0.35,10.0,0.4,15.0,0.65,10.0,0.6,15.0,0.72,4.21,0.73,15.0,0.07,0.07,43.441885,1776208938000
1776208940.181,140.181,0.28,4.21,0.27,15.0,0.35,10.0,0.4,15.0,0.65,10.0,0.6,15.0,0.72,4.21,0.73,15.0,0.07,0.07,43.443017,1776208939000
1776208941.231,141.231,0.28,4.21,0.27,15.0,0.35,10.0,0.4,15.0,0.65,10.0,0.6,15.0,0.72,4.21,0.73,15.0,0.07,0.07,43.443215,1776208940000
1776208942.155,142.155,0.28,4.21,0.27,15.0,0.35,10.0,0.4,15.0,0.65,10.0,0.6,15.0,0.72,4.21,0.73,15.0,0.07,0.07,43.443431,1776208941000
1776208943.193,143.193,0.28,4.21,0.27,15.0,0.35,10.0,0.4,15.0,0.65,10.0,0.6,15.0,0.72,4.21,0.73,15.0,0.07,0.07,43.443424,1776208942000
1776208944.243,144.243,0.28,4.21,0.27,15.0,0.35,10.0,0.4,15.0,0.65,10.0,0.6,15.0,0.72,4.21,0.73,15.0,0.07,0.07,43.443429,1776208943000
1776208944.611,144.611,0.2,7.5,0.19,15.0,0.24,10.0,0.3,15.0,0.65,10.0,0.6,15.0,0.72,4.21,0.73,15.0,0.04,0.07,43.443429,1776208943000
1776208945.56,145.56,0.2,7.5,0.19,15.0,0.24,10.0,0.3,15.0,0.76,10.0,0.7,15.0,0.8,7.5,0.81,15.0,0.04,0.04,43.44356,1776208944000
1776208946.116,146.116,0.2,7.5,0.19,15.0,0.24,10.0,0.3,15.0,0.76,10.0,0.7,15.0,0.8,7.5,0.81,15.0,0.04,0.04,43.443576,1776208945000
1776208947.268,147.268,0.2,7.5,0.19,15.0,0.24,10.0,0.3,15.0,0.76,10.0,0.7,15.0,0.8,7.5,0.81,15.0,0.04,0.04,43.443662,1776208946000
1776208947.6,147.6,0.22,3.05,0.21,15.0,0.39,10.0,0.45,15.0,0.76,10.0,0.7,15.0,0.8,7.5,0.81,15.0,0.17,0.04,43.443662,1776208946000
1776208948.384,148.384,0.22,3.05,0.21,15.0,0.39,10.0,0.45,15.0,0.61,10.0,0.55,15.0,0.78,3.05,0.79,15.0,0.17,0.17,43.442138,1776208947000
1776208948.97,148.97,0.22,3.05,0.21,15.0,0.39,10.0,0.45,15.0,0.61,10.0,0.55,15.0,0.78,3.05,0.79,15.0,0.17,0.17,43.442138,1776208948000
1776208949.439,149.439,0.24,15.0,0.23,15.0,0.38,10.0,0.48,15.0,0.61,10.0,0.55,15.0,0.78,3.05,0.79,15.0,0.14,0.17,43.442138,1776208948000
1776208950.121,150.121,0.24,15.0,0.23,15.0,0.38,10.0,0.48,15.0,0.62,10.0,0.52,15.0,0.76,15.0,0.77,15.0,0.14,0.14,43.445751,1776208949000
1776208951.164,151.164,0.24,15.0,0.23,15.0,0.38,10.0,0.48,15.0,0.62,10.0,0.52,15.0,0.76,15.0,0.77,15.0,0.14,0.14,43.445781,1776208950000
1776208951.468,151.468,0.28,15.0,0.27,15.0,0.37,10.0,0.47,15.0,0.62,10.0,0.52,15.0,0.76,15.0,0.77,15.0,0.09,0.14,43.445781,1776208950000
1776208952.292,152.292,0.28,15.0,0.27,15.0,0.37,10.0,0.47,15.0,0.63,10.0,0.53,15.0,0.72,15.0,0.73,15.0,0.09,0.09,43.445598,1776208951000
1776208952.781,152.781,0.24,15.0,0.23,15.0,0.3,4.66,0.46,15.0,0.63,10.0,0.53,15.0,0.72,15.0,0.73,15.0,0.06,0.09,43.445598,1776208951000
1776208953.356,153.356,0.24,15.0,0.23,15.0,0.3,4.66,0.46,15.0,0.7,4.66,0.54,15.0,0.76,15.0,0.77,15.0,0.06,0.06,43.445594,1776208952000
1776208953.572,153.572,0.22,15.0,0.21,15.0,0.29,10.0,0.45,15.0,0.7,4.66,0.54,15.0,0.76,15.0,0.77,15.0,0.07,0.06,43.445594,1776208952000
1776208953.93,153.93,0.22,15.0,0.21,15.0,0.29,10.0,0.45,15.0,0.71,10.0,0.55,15.0,0.78,15.0,0.79,15.0,0.07,0.07,43.44564,1776208953000
1776208955.05,155.05,0.22,15.0,0.21,15.0,0.29,10.0,0.45,15.0,0.71,10.0,0.55,15.0,0.78,15.0,0.79,15.0,0.07,0.07,43.445754,1776208954000
1776208956.125,156.125,0.22,15.0,0.21,15.0,0.29,10.0,0.45,15.0,0.71,10.0,0.55,15.0,0.78,15.0,0.79,15.0,0.07,0.07,43.444536,1776208955000
1776208957.205,157.205,0.22,15.0,0.21,15.0,0.29,10.0,0.45,15.0,0.71,10.0,0.55,15.0,0.78,15.0,0.79,15.0,0.07,0.07,43.444419,1776208956000
1776208958.252,158.252,0.22,15.0,0.21,15.0,0.29,10.0,0.45,15.0,0.71,10.0,0.55,15.0,0.78,15.0,0.79,15.0,0.07,0.07,43.442028,1776208957000
1776208959.998,159.998,0.22,15.0,0.21,15.0,0.29,10.0,0.45,15.0,0.71,10.0,0.55,15.0,0.78,15.0,0.79,15.0,0.07,0.07,43.437731,1776208958000
1776208960.618,160.618,0.22,15.0,0.21,15.0,0.29,10.0,0.45,15.0,0.71,10.0,0.55,15.0,0.78,15.0,0.79,15.0,0.07,0.07,43.437669,1776208959000
1776208961.256,161.256,0.22,15.0,0.21,15.0,0.29,10.0,0.45,15.0,0.71,10.0,0.55,15.0,0.78,15.0,0.79,15.0,0.07,0.07,43.437669,1776208960000
1776208962.568,162.568,0.13,15.0,0.12,15.0,0.19,10.0,0.26,15.0,0.71,10.0,0.55,15.0,0.78,15.0,0.79,15.0,0.06,0.07,43.437669,1776208960000
1776208963.283,163.283,0.13,13.5,0.12,15.0,0.19,10.0,0.26,15.0,0.81,10.0,0.74,15.0,0.87,13.5,0.88,15.0,0.06,0.06,43.439988,1776208961000
1776208963.789,163.789,0.13,13.5,0.12,15.0,0.19,10.0,0.26,15.0,0.81,10.0,0.74,15.0,0.87,13.5,0.88,15.0,0.06,0.06,43.439906,1776208962000
1776208964.49,164.49,0.13,13.5,0.12,15.0,0.19,10.0,0.26,15.0,0.81,10.0,0.74,15.0,0.87,13.5,0.88,15.0,0.06,0.06,43.439987,1776208963000
1776208965.253,165.253,0.13,13.5,0.12,15.0,0.19,10.0,0.26,15.0,0.81,10.0,0.74,15.0,0.87,13.5,0.88,15.0,0.06,0.06,43.439988,1776208964000
1776208966.642,166.642,0.13,13.5,0.12,15.0,0.19,10.0,0.26,15.0,0.81,10.0,0.74,15.0,0.87,13.5,0.88,15.0,0.06,0.06,43.439868,1776208965000
1776208967.366,167.366,0.13,13.5,0.12,15.0,0.19,10.0,0.26,15.0,0.81,10.0,0.74,15.0,0.87,13.5,0.88,15.0,0.06,0.06,43.439868,1776208966000
1776208968.02,168.02,0.13,13.5,0.12,15.0,0.19,10.0,0.26,15.0,0.81,10.0,0.74,15.0,0.87,13.5,0.88,15.0,0.06,0.06,43.439957,1776208967000
1776208969.436,169.436,0.13,13.5,0.12,15.0,0.19,10.0,0.26,15.0,0.81,10.0,0.74,15.0,0.87,13.5,0.88,15.0,0.06,0.06,43.4403,1776208968000
1776208970.008,170.008,0.13,13.5,0.12,15.0,0.19,10.0,0.26,15.0,0.81,10.0,0.74,15.0,0.87,13.5,0.88,15.0,0.06,0.06,43.4403,1776208969000
1776208970.633,170.633,0.16,7.5,0.15,15.0,0.19,10.0,0.24,15.0,0.81,10.0,0.74,15.0,0.87,13.5,0.88,15.0,0.03,0.06,43.4403,1776208969000
1776208971.447,171.447,0.16,7.5,0.15,15.0,0.19,10.0,0.24,15.0,0.81,10.0,0.76,15.0,0.84,7.5,0.85,15.0,0.03,0.03,43.439681,1776208970000
1776208971.981,171.981,0.15,15.0,0.14,15.0,0.16,7.5,0.19,10.0,0.81,10.0,0.76,15.0,0.84,7.5,0.85,15.0,0.01,0.03,43.439681,1776208970000
1776208972.196,172.196,0.15,15.0,0.14,15.0,0.16,7.5,0.19,10.0,0.84,7.5,0.81,10.0,0.85,15.0,0.86,15.0,0.01,0.01,43.439589,1776208971000
1776208972.934,172.934,0.14,7.67,0.13,13.5,0.16,7.5,0.18,10.0,0.84,7.5,0.82,10.0,0.86,15.0,0.87,13.5,0.02,0.02,43.439589,1776208971000
1776208973.77,173.77,0.14,7.67,0.13,13.5,0.16,7.5,0.18,10.0,0.84,7.5,0.82,10.0,0.86,7.67,0.87,13.5,0.02,0.02,43.439683,1776208972000
1776208974.478,174.478,0.14,7.67,0.13,13.5,0.16,7.5,0.18,10.0,0.84,7.5,0.82,10.0,0.86,7.67,0.87,13.5,0.02,0.02,43.439587,1776208973000
1776208975.369,175.369,0.14,7.67,0.13,13.5,0.16,7.5,0.18,10.0,0.84,7.5,0.82,10.0,0.86,7.67,0.87,13.5,0.02,0.02,43.439587,1776208974000
1776208976.619,176.619,0.14,7.67,0.13,13.5,0.16,7.5,0.18,10.0,0.84,7.5,0.82,10.0,0.86,7.67,0.87,13.5,0.02,0.02,43.439581,1776208975000
1776208977.315,177.315,0.14,7.67,0.13,13.5,0.16,7.5,0.18,10.0,0.84,7.5,0.82,10.0,0.86,7.67,0.87,13.5,0.02,0.02,43.439581,1776208976000
1776208977.531,177.531,0.14,7.67,0.13,13.5,0.16,7.5,0.18,10.0,0.84,7.5,0.82,10.0,0.86,7.67,0.87,13.5,0.02,0.02,43.439581,1776208976000
1776208978.375,178.375,0.14,7.67,0.13,13.5,0.16,7.5,0.18,10.0,0.84,7.5,0.82,10.0,0.86,7.67,0.87,13.5,0.02,0.02,43.439684,1776208977000
1776208978.972,178.972,0.14,7.67,0.13,13.5,0.16,7.5,0.18,10.0,0.84,7.5,0.82,10.0,0.86,7.67,0.87,13.5,0.02,0.02,43.439685,1776208978000
1776208979.349,179.349,0.14,7.67,0.13,13.5,0.16,7.5,0.18,10.0,0.84,7.5,0.82,10.0,0.86,7.67,0.87,13.5,0.02,0.02,43.439685,1776208978000
1776208979.913,179.913,0.14,7.67,0.13,13.5,0.16,7.5,0.18,10.0,0.84,7.5,0.82,10.0,0.86,7.67,0.87,13.5,0.02,0.02,43.439582,1776208979000
1776208980.825,180.825,0.14,7.67,0.13,13.5,0.16,7.5,0.18,10.0,0.84,7.5,0.82,10.0,0.86,7.67,0.87,13.5,0.02,0.02,43.439557,1776208980000
1776208981.817,181.817,0.14,7.67,0.13,13.5,0.16,7.5,0.18,10.0,0.84,7.5,0.82,10.0,0.86,7.67,0.87,13.5,0.02,0.02,43.439679,1776208981000
1776208982.93,182.93,0.14,7.67,0.13,13.5,0.16,7.5,0.18,10.0,0.84,7.5,0.82,10.0,0.86,7.67,0.87,13.5,0.02,0.02,43.439588,1776208982000
1776208983.97,183.97,0.14,7.67,0.13,13.5,0.16,7.5,0.18,10.0,0.84,7.5,0.82,10.0,0.86,7.67,0.87,13.5,0.02,0.02,43.439153,1776208983000
1776208984.944,184.944,0.14,7.67,0.13,13.5,0.16,7.5,0.18,10.0,0.84,7.5,0.82,10.0,0.86,7.67,0.87,13.5,0.02,0.02,43.439041,1776208984000
1776208985.325,185.325,0.12,15.0,0.11,15.0,0.16,7.5,0.19,10.0,0.84,7.5,0.82,10.0,0.86,7.67,0.87,13.5,0.04,0.02,43.439041,1776208984000
1776208985.992,185.992,0.12,15.0,0.11,15.0,0.16,7.5,0.19,10.0,0.84,7.5,0.81,10.0,0.88,15.0,0.89,15.0,0.04,0.04,43.439059,1776208985000
1776208986.964,186.964,0.12,15.0,0.11,15.0,0.16,7.5,0.19,10.0,0.84,7.5,0.81,10.0,0.88,15.0,0.89,15.0,0.04,0.04,43.438936,1776208986000
1776208987.4,187.4,0.12,15.0,0.11,15.0,0.16,7.5,0.18,10.0,0.84,7.5,0.81,10.0,0.88,15.0,0.89,15.0,0.04,0.04,43.438936,1776208986000
1776208987.967,187.967,0.12,15.0,0.11,15.0,0.16,7.5,0.18,10.0,0.84,7.5,0.82,10.0,0.88,15.0,0.89,15.0,0.04,0.04,43.439051,1776208987000
1776208988.987,188.987,0.12,15.0,0.11,15.0,0.16,7.5,0.18,10.0,0.84,7.5,0.82,10.0,0.88,15.0,0.89,15.0,0.04,0.04,43.438927,1776208988000
1776208989.941,189.941,0.12,15.0,0.11,15.0,0.16,7.5,0.18,10.0,0.84,7.5,0.82,10.0,0.88,15.0,0.89,15.0,0.04,0.04,43.438928,1776208989000
1776208991.491,191.491,0.12,15.0,0.11,15.0,0.16,7.5,0.18,10.0,0.84,7.5,0.82,10.0,0.88,15.0,0.89,15.0,0.04,0.04,43.439145,1776208990000
1776208992.029,192.029,0.12,15.0,0.11,15.0,0.16,7.5,0.18,10.0,0.84,7.5,0.82,10.0,0.88,15.0,0.89,15.0,0.04,0.04,43.439145,1776208991000
1776208992.296,192.296,0.1,15.0,0.09,15.0,0.17,25.0,0.18,15.0,0.84,7.5,0.82,10.0,0.88,15.0,0.89,15.0,0.07,0.04,43.439145,1776208991000
1776208993.059,193.059,0.1,15.0,0.09,15.0,0.17,25.0,0.18,15.0,0.83,25.0,0.82,15.0,0.9,15.0,0.91,15.0,0.07,0.07,43.439131,1776208992000
1776208994.24,194.24,0.1,15.0,0.09,15.0,0.17,25.0,0.18,15.0,0.83,25.0,0.82,15.0,0.9,15.0,0.91,15.0,0.07,0.07,43.439019,1776208993000
1776208995.438,195.438,0.1,15.0,0.09,15.0,0.17,25.0,0.18,15.0,0.83,25.0,0.82,15.0,0.9,15.0,0.91,15.0,0.07,0.07,43.439027,1776208994000
1776208995.894,195.894,0.1,15.0,0.09,15.0,0.17,25.0,0.18,15.0,0.83,25.0,0.82,15.0,0.9,15.0,0.91,15.0,0.07,0.07,43.439025,1776208995000
1776208996.921,196.921,0.1,15.0,0.09,15.0,0.17,25.0,0.18,15.0,0.83,25.0,0.82,15.0,0.9,15.0,0.91,15.0,0.07,0.07,43.439036,1776208996000
1776208998.046,198.046,0.1,15.0,0.09,15.0,0.17,25.0,0.18,15.0,0.83,25.0,0.82,15.0,0.9,15.0,0.91,15.0,0.07,0.07,43.439026,1776208997000
1776208999.123,199.123,0.1,15.0,0.09,15.0,0.17,25.0,0.18,15.0,0.83,25.0,0.82,15.0,0.9,15.0,0.91,15.0,0.07,0.07,43.439007,1776208998000
1776208999.392,199.392,0.12,22.97,0.11,15.0,0.19,10.0,0.21,15.0,0.83,25.0,0.82,15.0,0.9,15.0,0.91,15.0,0.07,0.07,43.439007,1776208998000
1776209000.226,200.226,0.12,22.97,0.11,15.0,0.19,10.0,0.21,15.0,0.81,10.0,0.79,15.0,0.88,22.97,0.89,15.0,0.07,0.07,43.439627,1776208999000
1776209001.285,201.285,0.12,22.97,0.11,15.0,0.19,10.0,0.21,15.0,0.81,10.0,0.79,15.0,0.88,22.97,0.89,15.0,0.07,0.07,43.439757,1776209000000
1776209001.866,201.866,0.12,22.97,0.11,15.0,0.19,10.0,0.21,15.0,0.81,10.0,0.79,15.0,0.88,22.97,0.89,15.0,0.07,0.07,43.439883,1776209001000
1776209002.966,202.966,0.12,22.97,0.11,15.0,0.19,10.0,0.21,15.0,0.81,10.0,0.79,15.0,0.88,22.97,0.89,15.0,0.07,0.07,43.439524,1776209002000
1776209004.167,204.167,0.12,22.97,0.11,15.0,0.19,10.0,0.21,15.0,0.81,10.0,0.79,15.0,0.88,22.97,0.89,15.0,0.07,0.07,43.439541,1776209003000
1776209005.564,205.564,0.12,22.97,0.11,15.0,0.19,10.0,0.21,15.0,0.81,10.0,0.79,15.0,0.88,22.97,0.89,15.0,0.07,0.07,43.438907,1776209004000
1776209006.363,206.363,0.12,22.97,0.11,15.0,0.19,10.0,0.21,15.0,0.81,10.0,0.79,15.0,0.88,22.97,0.89,15.0,0.07,0.07,43.438834,1776209005000
1776209007.414,207.414,0.12,22.97,0.11,15.0,0.19,10.0,0.21,15.0,0.81,10.0,0.79,15.0,0.88,22.97,0.89,15.0,0.07,0.07,43.438996,1776209006000
1776209008.108,208.108,0.12,22.97,0.11,15.0,0.19,10.0,0.21,15.0,0.81,10.0,0.79,15.0,0.88,22.97,0.89,15.0,0.07,0.07,43.438813,1776209007000
1776209009.145,209.145,0.12,22.97,0.11,15.0,0.19,10.0,0.21,15.0,0.81,10.0,0.79,15.0,0.88,22.97,0.89,15.0,0.07,0.07,43.439735,1776209008000
1776209010.182,210.182,0.12,22.97,0.11,15.0,0.19,10.0,0.21,15.0,0.81,10.0,0.79,15.0,0.88,22.97,0.89,15.0,0.07,0.07,43.439655,1776209009000
1776209011.377,211.377,0.12,22.97,0.11,15.0,0.19,10.0,0.21,15.0,0.81,10.0,0.79,15.0,0.88,22.97,0.89,15.0,0.07,0.07,43.439859,1776209010000
1776209011.859,211.859,0.08,15.0,0.07,15.0,0.17,15.0,0.18,27.0,0.81,10.0,0.79,15.0,0.88,22.97,0.89,15.0,0.09,0.07,43.439859,1776209010000
1776209012.431,212.431,0.08,15.0,0.07,15.0,0.17,15.0,0.18,27.0,0.83,15.0,0.82,27.0,0.92,15.0,0.93,15.0,0.09,0.09,43.439955,1776209011000
1776209012.937,212.937,0.08,15.0,0.07,15.0,0.17,15.0,0.18,27.0,0.83,15.0,0.82,27.0,0.92,15.0,0.93,15.0,0.09,0.09,43.439954,1776209012000
1776209014.069,214.069,0.08,15.0,0.07,15.0,0.17,15.0,0.18,27.0,0.83,15.0,0.82,27.0,0.92,15.0,0.93,15.0,0.09,0.09,43.439633,1776209013000
1776209015.134,215.134,0.08,15.0,0.07,15.0,0.17,15.0,0.18,27.0,0.83,15.0,0.82,27.0,0.92,15.0,0.93,15.0,0.09,0.09,43.439757,1776209014000
1776209016.278,216.278,0.08,15.0,0.07,15.0,0.17,15.0,0.18,27.0,0.83,15.0,0.82,27.0,0.92,15.0,0.93,15.0,0.09,0.09,43.439615,1776209015000
1776209017.393,217.393,0.08,15.0,0.07,15.0,0.17,15.0,0.18,27.0,0.83,15.0,0.82,27.0,0.92,15.0,0.93,15.0,0.09,0.09,43.439653,1776209016000
1776209018.405,218.405,0.08,15.0,0.07,15.0,0.17,15.0,0.18,27.0,0.83,15.0,0.82,27.0,0.92,15.0,0.93,15.0,0.09,0.09,43.439628,1776209017000
1776209019.092,219.092,0.08,15.0,0.07,15.0,0.17,15.0,0.18,27.0,0.83,15.0,0.82,27.0,0.92,15.0,0.93,15.0,0.09,0.09,43.439947,1776209018000
1776209020.141,220.141,0.08,15.0,0.07,15.0,0.17,15.0,0.18,27.0,0.83,15.0,0.82,27.0,0.92,15.0,0.93,15.0,0.09,0.09,43.439987,1776209019000
1776209021.314,221.314,0.08,15.0,0.07,15.0,0.17,15.0,0.18,27.0,0.83,15.0,0.82,27.0,0.92,15.0,0.93,15.0,0.09,0.09,43.439755,1776209020000
1776209021.835,221.835,0.08,15.0,0.07,15.0,0.17,15.0,0.18,27.0,0.83,15.0,0.82,27.0,0.92,15.0,0.93,15.0,0.09,0.09,43.439773,1776209021000
1776209022.974,222.974,0.08,15.0,0.07,15.0,0.17,15.0,0.18,27.0,0.83,15.0,0.82,27.0,0.92,15.0,0.93,15.0,0.09,0.09,43.43977,1776209022000
1776209024.084,224.084,0.08,15.0,0.07,15.0,0.17,15.0,0.18,27.0,0.83,15.0,0.82,27.0,0.92,15.0,0.93,15.0,0.09,0.09,43.43957,1776209023000
1776209025.138,225.138,0.08,15.0,0.07,15.0,0.17,15.0,0.18,27.0,0.83,15.0,0.82,27.0,0.92,15.0,0.93,15.0,0.09,0.09,43.439172,1776209024000
1776209026.301,226.301,0.16,15.0,0.15,15.0,0.31,15.0,0.32,15.0,0.83,15.0,0.82,27.0,0.92,15.0,0.93,15.0,0.15,0.09,43.439172,1776209024000
1776209027.014,227.014,0.16,15.0,0.15,15.0,0.31,15.0,0.32,15.0,0.69,15.0,0.68,15.0,0.84,15.0,0.85,15.0,0.15,0.15,43.439668,1776209026000
1776209028.017,228.017,0.16,15.0,0.15,15.0,0.31,15.0,0.32,15.0,0.69,15.0,0.68,15.0,0.84,15.0,0.85,15.0,0.15,0.15,43.440404,1776209027000
1776209028.93,228.93,0.16,15.0,0.15,15.0,0.31,15.0,0.32,15.0,0.69,15.0,0.68,15.0,0.84,15.0,0.85,15.0,0.15,0.15,43.440498,1776209028000
1776209030.072,230.072,0.16,15.0,0.15,15.0,0.31,15.0,0.32,15.0,0.69,15.0,0.68,15.0,0.84,15.0,0.85,15.0,0.15,0.15,43.438008,1776209029000
1776209031.211,231.211,0.16,15.0,0.15,15.0,0.31,15.0,0.32,15.0,0.69,15.0,0.68,15.0,0.84,15.0,0.85,15.0,0.15,0.15,43.438063,1776209030000
1776209032.377,232.377,0.16,15.0,0.15,15.0,0.31,15.0,0.32,15.0,0.69,15.0,0.68,15.0,0.84,15.0,0.85,15.0,0.15,0.15,43.437779,1776209031000
1776209033.121,233.121,0.16,15.0,0.15,15.0,0.31,15.0,0.32,15.0,0.69,15.0,0.68,15.0,0.84,15.0,0.85,15.0,0.15,0.15,43.437779,1776209032000
1776209033.948,233.948,0.04,2.91,0.02,10.0,0.1,10.0,0.11,27.0,0.69,15.0,0.68,15.0,0.84,15.0,0.85,15.0,0.06,0.15,43.437779,1776209032000
1776209035.083,235.083,0.04,0.82,0.02,10.0,0.1,10.0,0.11,27.0,0.9,10.0,0.89,27.0,0.96,0.82,0.98,10.0,0.06,0.06,43.430374,1776209034000
1776209036.397,236.397,0.04,0.82,0.02,10.0,0.1,10.0,0.11,27.0,0.9,10.0,0.89,27.0,0.96,0.82,0.98,10.0,0.06,0.06,43.419184,1776209035000
1776209036.611,236.611,0.01,295.49,,,0.07,15.0,0.08,15.0,0.9,10.0,0.89,27.0,0.96,0.82,0.98,10.0,0.06,0.06,43.419184,1776209035000
1776209037.569,237.569,0.01,295.49,,,0.07,15.0,0.08,15.0,0.93,15.0,0.92,15.0,0.99,295.49,,,0.06,0.06,43.417613,1776209036000
1776209038.653,238.653,0.01,295.49,,,0.07,15.0,0.08,15.0,0.93,15.0,0.92,15.0,0.99,295.49,,,0.06,0.06,43.417613,1776209037000
1776209039.055,239.055,0.01,275.49,,,0.03,15.0,0.04,15.0,0.93,15.0,0.92,15.0,0.99,295.49,,,0.02,0.06,43.417613,1776209037000
1776209039.534,239.534,0.01,275.49,,,0.03,15.0,0.04,15.0,0.97,15.0,0.96,15.0,0.99,275.49,,,0.02,0.02,43.414211,1776209038000
1776209039.8,239.8,0.01,245.49,,,0.03,15.0,0.04,15.0,0.96,15.0,0.95,15.0,0.99,275.49,,,0.02,0.03,43.414211,1776209038000
1776209040.45,240.45,0.01,245.49,,,0.03,15.0,0.04,15.0,0.97,15.0,0.96,15.0,0.99,245.49,,,0.02,0.02,43.411805,1776209039000
1776209041.554,241.554,0.01,245.49,,,0.03,15.0,0.04,15.0,0.97,15.0,0.96,15.0,0.99,245.49,,,0.02,0.02,43.410613,1776209040000
1776209042.355,242.355,0.01,245.49,,,0.03,15.0,0.04,15.0,0.97,15.0,0.96,15.0,0.99,245.49,,,0.02,0.02,43.409913,1776209041000
1776209042.62,242.62,0.01,145.49,,,0.03,15.0,0.04,15.0,0.97,15.0,0.96,15.0,0.99,245.49,,,0.02,0.02,43.409913,1776209041000
1776209043.171,243.171,0.01,145.49,,,0.03,15.0,0.04,15.0,0.97,15.0,0.96,15.0,0.99,145.49,,,0.02,0.02,43.411557,1776209042000
1776209044.52,244.52,0.01,145.49,,,0.03,15.0,0.04,15.0,0.97,15.0,0.96,15.0,0.99,145.49,,,0.02,0.02,43.41026,1776209043000
1776209045.277,245.277,0.01,145.49,,,0.03,15.0,0.04,15.0,0.97,15.0,0.96,15.0,0.99,145.49,,,0.02,0.02,43.40997,1776209044000
1776209046.566,246.566,0.01,130.49,,,0.03,15.0,0.04,15.0,0.97,15.0,0.96,15.0,0.99,130.49,,,0.02,0.02,43.409873,1776209045000
1776209047.451,247.451,0.01,130.49,,,0.03,15.0,0.04,15.0,0.97,15.0,0.96,15.0,0.99,130.49,,,0.02,0.02,43.409952,1776209046000
1776209048.223,248.223,0.01,130.49,,,0.03,15.0,0.04,15.0,0.97,15.0,0.96,15.0,0.99,130.49,,,0.02,0.02,43.409961,1776209047000
1776209048.461,248.461,0.01,130.49,,,0.03,15.0,0.04,15.0,0.97,15.0,0.96,15.0,0.99,130.49,,,0.02,0.02,43.409961,1776209047000
1776209049.521,249.521,0.01,130.49,,,0.03,15.0,0.04,15.0,0.97,15.0,0.96,15.0,0.99,130.49,,,0.02,0.02,43.410033,1776209048000
1776209050.328,250.328,0.01,130.49,,,0.03,15.0,0.04,15.0,0.97,15.0,0.96,15.0,0.99,130.49,,,0.02,0.02,43.409957,1776209049000
1776209050.575,250.575,0.01,130.49,,,0.03,15.0,0.04,15.0,0.97,15.0,0.96,15.0,0.99,130.49,,,0.02,0.02,43.409957,1776209049000
1776209051.61,251.61,0.01,130.49,,,0.03,15.0,0.04,15.0,0.97,15.0,0.96,15.0,0.99,130.49,,,0.02,0.02,43.409918,1776209050000
1776209052.443,252.443,0.01,130.49,,,0.03,15.0,0.04,15.0,0.97,15.0,0.96,15.0,0.99,130.49,,,0.02,0.02,43.409872,1776209051000
1776209053.569,253.569,0.01,130.49,,,0.03,15.0,0.04,15.0,0.97,15.0,0.96,15.0,0.99,130.49,,,0.02,0.02,43.41171,1776209052000
1776209054.067,254.067,0.01,130.49,,,0.03,15.0,0.04,15.0,0.97,15.0,0.96,15.0,0.99,130.49,,,0.02,0.02,43.411591,1776209053000
1776209054.345,254.345,0.01,130.49,,,0.03,15.0,0.04,15.0,0.97,15.0,0.96,15.0,0.99,130.49,,,0.02,0.02,43.411591,1776209053000
1776209055.038,255.038,0.01,130.49,,,0.03,15.0,0.04,15.0,0.97,15.0,0.96,15.0,0.99,130.49,,,0.02,0.02,43.41172,1776209054000
1776209055.94,255.94,0.01,130.49,,,0.03,15.0,0.04,15.0,0.97,15.0,0.96,15.0,0.99,130.49,,,0.02,0.02,43.411029,1776209055000
1776209056.368,256.368,0.01,125.49,,,0.02,15.0,0.03,15.0,0.97,15.0,0.96,15.0,0.99,130.49,,,0.01,0.02,43.411029,1776209055000
1776209056.581,256.581,0.01,125.49,,,0.03,15.0,0.04,15.0,0.98,15.0,0.97,15.0,0.99,125.49,,,0.02,0.01,43.411029,1776209055000
1776209056.932,256.932,0.01,125.49,,,0.03,15.0,0.04,15.0,0.97,15.0,0.96,15.0,0.99,125.49,,,0.02,0.02,43.410366,1776209056000
1776209058.011,258.011,0.01,125.49,,,0.03,15.0,0.04,15.0,0.97,15.0,0.96,15.0,0.99,125.49,,,0.02,0.02,43.410457,1776209057000
1776209058.261,258.261,0.01,125.49,,,0.03,15.0,0.04,15.0,0.97,15.0,0.96,15.0,0.99,125.49,,,0.02,0.02,43.410457,1776209057000
1776209059.052,259.052,0.01,125.49,,,0.03,15.0,0.04,15.0,0.97,15.0,0.96,15.0,0.99,125.49,,,0.02,0.02,43.410456,1776209058000
1776209060.085,260.085,0.01,125.49,,,0.03,15.0,0.04,15.0,0.97,15.0,0.96,15.0,0.99,125.49,,,0.02,0.02,43.409684,1776209059000
1776209061.043,261.043,0.01,125.49,,,0.03,15.0,0.04,15.0,0.97,15.0,0.96,15.0,0.99,125.49,,,0.02,0.02,43.40966,1776209060000
1776209061.947,261.947,0.01,125.49,,,0.03,15.0,0.04,15.0,0.97,15.0,0.96,15.0,0.99,125.49,,,0.02,0.02,43.409605,1776209061000
1776209063.04,263.04,0.01,125.49,,,0.03,15.0,0.04,15.0,0.97,15.0,0.96,15.0,0.99,125.49,,,0.02,0.02,43.410472,1776209062000
1776209063.822,263.822,0.01,117.12,,,0.02,15.0,0.03,15.0,0.97,15.0,0.96,15.0,0.99,125.49,,,0.01,0.02,43.410472,1776209062000
1776209064.98,264.98,0.01,117.12,,,0.02,15.0,0.03,15.0,0.98,15.0,0.97,15.0,0.99,117.12,,,0.01,0.01,43.410343,1776209064000
1776209066.417,266.417,0.01,117.12,,,0.02,15.0,0.03,15.0,0.98,15.0,0.97,15.0,0.99,117.12,,,0.01,0.01,43.410343,1776209065000
1776209066.926,266.926,0.01,117.12,,,0.02,15.0,0.03,15.0,0.98,15.0,0.97,15.0,0.99,117.12,,,0.01,0.01,43.410363,1776209066000
1776209067.83,267.83,0.01,117.12,,,0.02,15.0,0.03,15.0,0.98,15.0,0.97,15.0,0.99,117.12,,,0.01,0.01,43.410504,1776209067000
1776209068.82,268.82,0.01,117.12,,,0.02,15.0,0.03,15.0,0.98,15.0,0.97,15.0,0.99,117.12,,,0.01,0.01,43.410251,1776209068000
1776209070.231,270.231,0.01,117.12,,,0.02,15.0,0.03,15.0,0.98,15.0,0.97,15.0,0.99,117.12,,,0.01,0.01,43.410346,1776209069000
1776209071.105,271.105,0.01,115.09,,,0.02,20.0,0.03,15.0,0.98,15.0,0.97,15.0,0.99,117.12,,,0.01,0.01,43.410346,1776209069000
1776209071.584,271.584,0.01,93.95,,,0.02,20.0,0.03,15.0,0.98,20.0,0.97,15.0,0.99,115.09,,,0.01,0.01,43.410942,1776209070000
1776209072.17,272.17,0.01,93.95,,,0.02,20.0,0.03,15.0,0.98,20.0,0.97,15.0,0.99,93.95,,,0.01,0.01,43.411234,1776209071000
1776209073.202,273.202,0.01,93.95,,,0.02,20.0,0.03,15.0,0.98,20.0,0.97,15.0,0.99,93.95,,,0.01,0.01,43.411246,1776209072000
1776209073.406,273.406,0.01,19.32,,,0.02,20.0,0.03,15.0,0.98,20.0,0.97,15.0,0.99,20.34,,,0.01,0.01,43.411246,1776209072000
1776209074.112,274.112,0.01,19.32,,,0.02,20.0,0.03,15.0,0.98,20.0,0.97,15.0,0.99,19.32,,,0.01,0.01,43.411348,1776209073000
1776209075.212,275.212,0.01,19.32,,,0.02,20.0,0.03,15.0,0.98,20.0,0.97,15.0,0.99,19.32,,,0.01,0.01,43.411368,1776209074000
1776209076.123,276.123,0.01,9.22,,,0.02,5.0,0.1,10.0,0.98,5.0,0.9,10.0,0.99,9.22,,,0.01,0.01,43.411372,1776209075000
1776209077.109,277.109,0.01,9.22,,,0.02,5.0,0.1,10.0,0.98,5.0,0.9,10.0,0.99,9.22,,,0.01,0.01,43.411375,1776209076000
1776209078.1,278.1,0.01,9.22,,,0.02,5.0,0.1,10.0,0.98,5.0,0.9,10.0,0.99,9.22,,,0.01,0.01,43.410652,1776209077000
1776209079.323,279.323,,,,,0.01,999.15,0.1,10.0,0.9,10.0,0.49,10.0,0.99,0.85,,,,0.09,43.410652,1776209077000
1776209080.643,280.643,,,,,0.01,999.15,0.1,10.0,0.99,999.15,0.9,10.0,,,,,,,43.411386,1776209079000
1776209081.456,281.456,,,,,0.01,999.15,0.1,10.0,0.99,999.15,0.9,10.0,,,,,,,43.411386,1776209080000
1776209082.082,282.082,,,,,0.01,999.15,0.1,10.0,0.99,999.15,0.9,10.0,,,,,,,43.411405,1776209081000
1776209083.447,283.447,,,,,0.01,999.15,0.1,10.0,0.99,999.15,0.9,10.0,,,,,,,43.412028,1776209082000
1776209084.047,284.047,,,,,0.01,999.15,0.1,10.0,0.99,999.15,0.9,10.0,,,,,,,43.4122,1776209083000
1776209085.384,285.384,,,,,0.01,999.15,0.1,10.0,0.99,999.15,0.9,10.0,,,,,,,43.412035,1776209084000
1776209085.96,285.96,,,,,0.01,999.15,0.1,10.0,0.99,999.15,0.9,10.0,,,,,,,43.411252,1776209085000
1776209087.33,287.33,,,,,0.01,999.15,0.1,10.0,0.99,999.15,0.9,10.0,,,,,,,43.410743,1776209086000
1776209088.051,288.051,,,,,0.01,999.15,0.1,10.0,0.99,999.15,0.9,10.0,,,,,,,43.410722,1776209087000
1776209089.345,289.345,,,,,0.01,999.15,0.1,10.0,0.99,999.15,0.9,10.0,,,,,,,43.41044,1776209088000
1776209090.617,290.617,,,,,0.01,999.15,0.1,10.0,0.99,999.15,0.9,10.0,,,,,,,43.410848,1776209089000
1776209091.366,291.366,,,,,0.01,999.15,0.1,10.0,0.99,999.15,0.9,10.0,,,,,,,43.41084,1776209090000
1776209092.048,292.048,,,,,0.01,999.15,0.1,10.0,0.99,999.15,0.9,10.0,,,,,,,43.408777,1776209091000
1776209093.301,293.301,,,,,0.01,999.15,0.1,10.0,0.99,999.15,0.9,10.0,,,,,,,43.408811,1776209092000
1776209093.951,293.951,,,,,0.01,999.15,0.1,10.0,0.99,999.15,0.9,10.0,,,,,,,43.407654,1776209093000
1776209095.384,295.384,,,,,0.01,999.15,0.1,10.0,0.99,999.15,0.9,10.0,,,,,,,43.405123,1776209094000
1776209096.214,296.214,,,,,0.01,999.15,0.1,10.0,0.99,999.15,0.9,10.0,,,,,,,43.404449,1776209095000
1776209096.466,296.466,,,,,0.01,1034.32,0.1,10.0,0.99,999.15,0.9,10.0,,,,,,,43.404449,1776209095000
1776209097.442,297.442,,,,,0.01,1034.32,0.1,10.0,0.99,1034.32,0.9,10.0,,,,,,,43.403215,1776209096000
1776209097.957,297.957,,,,,0.01,1034.32,0.1,10.0,0.99,1034.32,0.9,10.0,,,,,,,43.402947,1776209097000
1776209099.176,299.176,,,,,0.01,1034.32,0.1,10.0,0.99,1034.32,0.9,10.0,,,,,,,43.404716,1776209098000
1776209100.285,300.285,,,,,0.01,1034.32,0.1,10.0,0.99,1034.32,0.9,10.0,,,,,,,43.404642,1776209099000
1776209101.443,301.443,,,,,0.01,1034.32,0.1,10.0,0.99,1034.32,0.9,10.0,,,,,,,43.404628,1776209100000
1776209101.93,301.93,,,,,0.01,1034.32,0.1,10.0,0.99,1034.32,0.9,10.0,,,,,,,43.404628,1776209101000
1776209102.962,302.962,,,,,0.01,1034.32,0.1,10.0,0.99,1034.32,0.9,10.0,,,,,,,43.404292,1776209102000

# RESULT,winner=Down,slug=hype-updown-5m-1776208800,ticks=327
