timestamp,elapsed_sec,up_bid_p1,up_bid_s1,up_bid_p2,up_bid_s2,up_ask_p1,up_ask_s1,up_ask_p2,up_ask_s2,down_bid_p1,down_bid_s1,down_bid_p2,down_bid_s2,down_ask_p1,down_ask_s1,down_ask_p2,down_ask_s2,up_spread,down_spread,hype_price,hype_oracle_ts
1776344400.911,0.911,0.41,37.0,0.4,33.0,0.59,37.0,0.6,33.0,0.41,37.0,0.4,33.0,0.59,37.0,0.6,33.0,0.18,0.18,45.040727,1776344400000
1776344401.887,1.887,0.41,37.0,0.4,33.0,0.59,37.0,0.6,33.0,0.41,37.0,0.4,33.0,0.59,37.0,0.6,33.0,0.18,0.18,45.040846,1776344401000
1776344402.862,2.862,0.41,37.0,0.4,33.0,0.59,37.0,0.6,33.0,0.41,37.0,0.4,33.0,0.59,37.0,0.6,33.0,0.18,0.18,45.042226,1776344402000
1776344404.45,4.45,0.41,37.0,0.4,33.0,0.59,37.0,0.6,33.0,0.41,37.0,0.4,33.0,0.59,37.0,0.6,33.0,0.18,0.18,45.042032,1776344403000
1776344405.071,5.071,0.41,37.0,0.4,33.0,0.59,37.0,0.6,33.0,0.41,37.0,0.4,33.0,0.59,37.0,0.6,33.0,0.18,0.18,45.038556,1776344404000
1776344406.38,6.38,0.41,37.0,0.4,33.0,0.59,37.0,0.6,33.0,0.41,37.0,0.4,33.0,0.59,37.0,0.6,33.0,0.18,0.18,45.029827,1776344405000
1776344407.339,7.339,0.41,37.0,0.4,33.0,0.59,37.0,0.6,33.0,0.41,37.0,0.4,33.0,0.59,37.0,0.6,33.0,0.18,0.18,45.021089,1776344406000
1776344408.423,8.423,0.41,37.0,0.4,33.0,0.59,37.0,0.6,33.0,0.41,37.0,0.4,33.0,0.59,37.0,0.6,33.0,0.18,0.18,45.010447,1776344407000
1776344409.25,9.25,0.22,5.0,0.21,5.0,0.27,5.0,0.28,5.0,0.41,37.0,0.4,33.0,0.59,37.0,0.6,33.0,0.05,0.18,45.010447,1776344407000
1776344410.057,10.057,0.22,5.0,0.21,5.0,0.27,5.0,0.28,5.0,0.73,5.0,0.72,5.0,0.78,5.0,0.79,5.0,0.05,0.05,44.999955,1776344409000
1776344410.466,10.466,0.21,5.0,0.2,5.0,0.23,5.0,0.24,5.0,0.73,5.0,0.72,5.0,0.78,5.0,0.79,5.0,0.02,0.05,44.999955,1776344409000
1776344411.268,11.268,0.21,5.0,0.2,5.0,0.23,5.0,0.24,5.0,0.77,5.0,0.76,5.0,0.79,5.0,0.8,5.0,0.02,0.02,44.997374,1776344410000
1776344412.425,12.425,0.21,5.0,0.2,5.0,0.23,5.0,0.24,5.0,0.77,5.0,0.76,5.0,0.79,5.0,0.8,5.0,0.02,0.02,44.994412,1776344411000
1776344412.934,12.934,0.21,5.0,0.2,5.0,0.23,5.0,0.24,5.0,0.77,5.0,0.76,5.0,0.79,5.0,0.8,5.0,0.02,0.02,44.994487,1776344412000
1776344413.954,13.954,0.21,5.0,0.2,5.0,0.23,5.0,0.24,5.0,0.77,5.0,0.76,5.0,0.79,5.0,0.8,5.0,0.02,0.02,44.993679,1776344413000
1776344415.077,15.077,0.21,5.0,0.2,5.0,0.23,5.0,0.24,5.0,0.77,5.0,0.76,5.0,0.79,5.0,0.8,5.0,0.02,0.02,44.992951,1776344414000
1776344416.161,16.161,0.21,5.0,0.2,5.0,0.23,5.0,0.24,5.0,0.77,5.0,0.76,5.0,0.79,5.0,0.8,5.0,0.02,0.02,44.991783,1776344415000
1776344417.264,17.264,0.21,5.0,0.2,5.0,0.23,5.0,0.24,5.0,0.77,5.0,0.76,5.0,0.79,5.0,0.8,5.0,0.02,0.02,44.995221,1776344416000
1776344418.335,18.335,0.21,5.0,0.2,5.0,0.23,5.0,0.24,5.0,0.77,5.0,0.76,5.0,0.79,5.0,0.8,5.0,0.02,0.02,44.994961,1776344417000
1776344419.625,19.625,0.21,5.0,0.2,5.0,0.23,5.0,0.24,5.0,0.77,5.0,0.76,5.0,0.79,5.0,0.8,5.0,0.02,0.02,44.991883,1776344418000
1776344420.001,20.001,0.21,5.0,0.2,5.0,0.23,5.0,0.24,5.0,0.77,5.0,0.76,5.0,0.79,5.0,0.8,5.0,0.02,0.02,44.990671,1776344419000
1776344421.115,21.115,0.21,5.0,0.2,5.0,0.23,5.0,0.24,5.0,0.77,5.0,0.76,5.0,0.79,5.0,0.8,5.0,0.02,0.02,44.990209,1776344420000
1776344421.719,21.719,0.27,5.0,0.26,5.0,0.28,10.0,0.3,5.0,0.77,5.0,0.76,5.0,0.79,5.0,0.8,5.0,0.01,0.02,44.990209,1776344420000
1776344422.223,22.223,0.27,5.0,0.26,5.0,0.28,10.0,0.3,5.0,0.72,10.0,0.7,5.0,0.73,5.0,0.74,5.0,0.01,0.01,44.989617,1776344421000
1776344423.388,23.388,0.27,5.0,0.26,5.0,0.28,10.0,0.3,5.0,0.72,10.0,0.7,5.0,0.73,5.0,0.74,5.0,0.01,0.01,44.991521,1776344422000
1776344423.901,23.901,0.27,5.0,0.26,5.0,0.28,10.0,0.3,5.0,0.72,10.0,0.7,5.0,0.73,5.0,0.74,5.0,0.01,0.01,44.997714,1776344423000
1776344425.061,25.061,0.27,5.0,0.26,5.0,0.28,10.0,0.3,5.0,0.72,10.0,0.7,5.0,0.73,5.0,0.74,5.0,0.01,0.01,44.996735,1776344424000
1776344426.093,26.093,0.27,5.0,0.26,5.0,0.28,10.0,0.3,5.0,0.72,10.0,0.7,5.0,0.73,5.0,0.74,5.0,0.01,0.01,44.993428,1776344425000
1776344426.427,26.427,0.3,5.0,0.29,5.0,0.33,2.54,0.34,5.0,0.72,10.0,0.7,5.0,0.73,5.0,0.74,5.0,0.03,0.01,44.993428,1776344425000
1776344427.175,27.175,0.3,5.0,0.29,5.0,0.33,2.54,0.34,5.0,0.67,2.54,0.66,5.0,0.7,5.0,0.71,5.0,0.03,0.03,44.995181,1776344426000
1776344428.332,28.332,0.3,5.0,0.29,5.0,0.33,2.54,0.34,5.0,0.67,2.54,0.66,5.0,0.7,5.0,0.71,5.0,0.03,0.03,45.001594,1776344427000
1776344428.897,28.897,0.3,5.0,0.29,5.0,0.33,2.54,0.34,5.0,0.67,2.54,0.66,5.0,0.7,5.0,0.71,5.0,0.03,0.03,45.004086,1776344428000
1776344429.972,29.972,0.3,5.0,0.29,5.0,0.33,2.54,0.34,5.0,0.67,2.54,0.66,5.0,0.7,5.0,0.71,5.0,0.03,0.03,45.001948,1776344429000
1776344431.116,31.116,0.3,5.0,0.29,5.0,0.33,2.54,0.34,5.0,0.67,2.54,0.66,5.0,0.7,5.0,0.71,5.0,0.03,0.03,45.000965,1776344430000
1776344432.986,32.986,0.3,5.0,0.29,5.0,0.33,2.54,0.34,5.0,0.67,2.54,0.66,5.0,0.7,5.0,0.71,5.0,0.03,0.03,45.000964,1776344431000
1776344433.457,33.457,0.3,5.0,0.29,5.0,0.33,2.54,0.34,5.0,0.67,2.54,0.66,5.0,0.7,5.0,0.71,5.0,0.03,0.03,45.000959,1776344432000
1776344434.09,34.09,0.3,5.0,0.29,5.0,0.33,2.54,0.34,5.0,0.67,2.54,0.66,5.0,0.7,5.0,0.71,5.0,0.03,0.03,45.000527,1776344433000
1776344435.396,35.396,0.3,5.0,0.29,5.0,0.33,2.54,0.34,5.0,0.67,2.54,0.66,5.0,0.7,5.0,0.71,5.0,0.03,0.03,45.000349,1776344434000
1776344436.541,36.541,0.3,5.0,0.29,5.0,0.33,2.54,0.34,5.0,0.67,2.54,0.66,5.0,0.7,5.0,0.71,5.0,0.03,0.03,44.997862,1776344435000
1776344437.103,37.103,0.3,5.0,0.29,5.0,0.33,2.54,0.34,5.0,0.67,2.54,0.66,5.0,0.7,5.0,0.71,5.0,0.03,0.03,44.996843,1776344436000
1776344438.25,38.25,0.3,5.0,0.29,5.0,0.33,2.54,0.34,5.0,0.67,2.54,0.66,5.0,0.7,5.0,0.71,5.0,0.03,0.03,44.991703,1776344437000
1776344439.514,39.514,0.3,5.0,0.29,5.0,0.33,2.54,0.34,5.0,0.67,2.54,0.66,5.0,0.7,5.0,0.71,5.0,0.03,0.03,44.994464,1776344438000
1776344440.204,40.204,0.3,5.0,0.29,5.0,0.33,2.54,0.34,5.0,0.67,2.54,0.66,5.0,0.7,5.0,0.71,5.0,0.03,0.03,44.994622,1776344439000
1776344441.429,41.429,0.3,5.0,0.29,5.0,0.33,2.54,0.34,5.0,0.67,2.54,0.66,5.0,0.7,5.0,0.71,5.0,0.03,0.03,44.996158,1776344440000
1776344441.98,41.98,0.3,5.0,0.29,5.0,0.33,2.54,0.34,5.0,0.67,2.54,0.66,5.0,0.7,5.0,0.71,5.0,0.03,0.03,44.996234,1776344441000
1776344443.152,43.152,0.3,5.0,0.29,5.0,0.33,2.54,0.34,5.0,0.67,2.54,0.66,5.0,0.7,5.0,0.71,5.0,0.03,0.03,44.996305,1776344442000
1776344444.254,44.254,0.3,5.0,0.29,5.0,0.33,2.54,0.34,5.0,0.67,2.54,0.66,5.0,0.7,5.0,0.71,5.0,0.03,0.03,44.995461,1776344443000
1776344444.933,44.933,0.3,5.0,0.29,5.0,0.33,2.54,0.34,5.0,0.67,2.54,0.66,5.0,0.7,5.0,0.71,5.0,0.03,0.03,44.995443,1776344444000
1776344446.28,46.28,0.3,5.0,0.29,5.0,0.33,2.54,0.34,5.0,0.67,2.54,0.66,5.0,0.7,5.0,0.71,5.0,0.03,0.03,44.993402,1776344445000
1776344447.169,47.169,0.3,5.0,0.29,5.0,0.33,2.54,0.34,5.0,0.67,2.54,0.66,5.0,0.7,5.0,0.71,5.0,0.03,0.03,44.991561,1776344446000
1776344448.212,48.212,0.3,5.0,0.29,5.0,0.33,2.54,0.34,5.0,0.67,2.54,0.66,5.0,0.7,5.0,0.71,5.0,0.03,0.03,44.991833,1776344447000
1776344449.213,49.213,0.3,5.0,0.29,5.0,0.33,2.54,0.34,5.0,0.67,2.54,0.66,5.0,0.7,5.0,0.71,5.0,0.03,0.03,44.99303,1776344448000
1776344450.304,50.304,0.3,5.0,0.29,5.0,0.33,2.54,0.34,5.0,0.67,2.54,0.66,5.0,0.7,5.0,0.71,5.0,0.03,0.03,44.996688,1776344449000
1776344451.313,51.313,0.3,5.0,0.29,5.0,0.33,2.54,0.34,5.0,0.67,2.54,0.66,5.0,0.7,5.0,0.71,5.0,0.03,0.03,44.998079,1776344450000
1776344452.265,52.265,0.3,5.0,0.29,5.0,0.33,2.54,0.34,5.0,0.67,2.54,0.66,5.0,0.7,5.0,0.71,5.0,0.03,0.03,45.000183,1776344451000
1776344453.309,53.309,0.3,5.0,0.29,5.0,0.33,2.54,0.34,5.0,0.67,2.54,0.66,5.0,0.7,5.0,0.71,5.0,0.03,0.03,45.011996,1776344452000
1776344454.198,54.198,0.3,5.0,0.29,5.0,0.33,2.54,0.34,5.0,0.67,2.54,0.66,5.0,0.7,5.0,0.71,5.0,0.03,0.03,45.006537,1776344453000
1776344455.434,55.434,0.3,5.0,0.29,5.0,0.33,2.54,0.34,5.0,0.67,2.54,0.66,5.0,0.7,5.0,0.71,5.0,0.03,0.03,45.004023,1776344454000
1776344456.32,56.32,0.3,5.0,0.29,5.0,0.33,2.54,0.34,5.0,0.67,2.54,0.66,5.0,0.7,5.0,0.71,5.0,0.03,0.03,45.00105,1776344455000
1776344457.253,57.253,0.3,5.0,0.29,5.0,0.33,2.54,0.34,5.0,0.67,2.54,0.66,5.0,0.7,5.0,0.71,5.0,0.03,0.03,45.000865,1776344456000
1776344458.32,58.32,0.3,5.0,0.29,5.0,0.33,2.54,0.34,5.0,0.67,2.54,0.66,5.0,0.7,5.0,0.71,5.0,0.03,0.03,45.00099,1776344457000
1776344458.812,58.812,0.3,5.0,0.29,5.0,0.33,2.54,0.34,5.0,0.67,2.54,0.66,5.0,0.7,5.0,0.71,5.0,0.03,0.03,45.001123,1776344458000
1776344459.017,59.017,0.27,15.0,0.26,15.0,0.29,35.0,0.3,13.0,0.67,2.54,0.66,5.0,0.7,5.0,0.71,5.0,0.02,0.03,45.001123,1776344458000
1776344460.462,60.462,0.27,15.0,0.26,15.0,0.29,35.0,0.3,13.0,0.71,35.0,0.7,13.0,0.73,15.0,0.74,15.0,0.02,0.02,45.00379,1776344459000
1776344461.396,61.396,0.27,15.0,0.26,15.0,0.29,35.0,0.3,13.0,0.71,35.0,0.7,13.0,0.73,15.0,0.74,15.0,0.02,0.02,45.003034,1776344460000
1776344462.306,62.306,0.27,15.0,0.26,15.0,0.29,35.0,0.3,13.0,0.71,35.0,0.7,13.0,0.73,15.0,0.74,15.0,0.02,0.02,45.003001,1776344461000
1776344463.615,63.615,0.27,15.0,0.26,15.0,0.29,35.0,0.3,13.0,0.71,35.0,0.7,13.0,0.73,15.0,0.74,15.0,0.02,0.02,44.999886,1776344462000
1776344464.105,64.105,0.27,15.0,0.26,15.0,0.29,35.0,0.3,13.0,0.71,35.0,0.7,13.0,0.73,15.0,0.74,15.0,0.02,0.02,45.003992,1776344463000
1776344465.214,65.214,0.27,15.0,0.26,15.0,0.29,35.0,0.3,13.0,0.71,35.0,0.7,13.0,0.73,15.0,0.74,15.0,0.02,0.02,45.002403,1776344464000
1776344466.846,66.846,0.27,15.0,0.26,15.0,0.29,35.0,0.3,13.0,0.71,35.0,0.7,13.0,0.73,15.0,0.74,15.0,0.02,0.02,45.001887,1776344465000
1776344467.528,67.528,0.27,15.0,0.26,15.0,0.29,35.0,0.3,13.0,0.71,35.0,0.7,13.0,0.73,15.0,0.74,15.0,0.02,0.02,45.002125,1776344466000
1776344468.08,68.08,0.27,15.0,0.26,15.0,0.29,35.0,0.3,13.0,0.71,35.0,0.7,13.0,0.73,15.0,0.74,15.0,0.02,0.02,45.002128,1776344467000
1776344469.169,69.169,0.27,15.0,0.26,15.0,0.29,35.0,0.3,13.0,0.71,35.0,0.7,13.0,0.73,15.0,0.74,15.0,0.02,0.02,45.001996,1776344468000
1776344470.23,70.23,0.27,15.0,0.26,15.0,0.29,35.0,0.3,13.0,0.71,35.0,0.7,13.0,0.73,15.0,0.74,15.0,0.02,0.02,45.002175,1776344469000
1776344471.577,71.577,0.27,15.0,0.26,15.0,0.29,35.0,0.3,13.0,0.71,35.0,0.7,13.0,0.73,15.0,0.74,15.0,0.02,0.02,45.000766,1776344470000
1776344472.112,72.112,0.27,15.0,0.26,15.0,0.29,35.0,0.3,13.0,0.71,35.0,0.7,13.0,0.73,15.0,0.74,15.0,0.02,0.02,45.000816,1776344471000
1776344473.204,73.204,0.27,15.0,0.26,15.0,0.29,35.0,0.3,13.0,0.71,35.0,0.7,13.0,0.73,15.0,0.74,15.0,0.02,0.02,45.000924,1776344472000
1776344474.376,74.376,0.27,15.0,0.26,15.0,0.29,35.0,0.3,13.0,0.71,35.0,0.7,13.0,0.73,15.0,0.74,15.0,0.02,0.02,44.995123,1776344473000
1776344474.699,74.699,0.23,15.0,0.22,15.0,0.25,49.0,0.26,13.0,0.71,35.0,0.7,13.0,0.73,15.0,0.74,15.0,0.02,0.02,44.995123,1776344473000
1776344474.916,74.916,0.23,15.0,0.22,15.0,0.25,49.0,0.26,13.0,0.75,49.0,0.74,13.0,0.77,15.0,0.78,15.0,0.02,0.02,44.99459,1776344474000
1776344476.05,76.05,0.23,15.0,0.22,15.0,0.25,49.0,0.26,13.0,0.75,49.0,0.74,13.0,0.77,15.0,0.78,15.0,0.02,0.02,44.991781,1776344475000
1776344477.445,77.445,0.23,15.0,0.22,15.0,0.25,49.0,0.26,13.0,0.75,49.0,0.74,13.0,0.77,15.0,0.78,15.0,0.02,0.02,44.991388,1776344476000
1776344477.937,77.937,0.23,15.0,0.22,15.0,0.25,49.0,0.26,13.0,0.75,49.0,0.74,13.0,0.77,15.0,0.78,15.0,0.02,0.02,44.99278,1776344477000
1776344479.104,79.104,0.23,15.0,0.22,15.0,0.25,49.0,0.26,13.0,0.75,49.0,0.74,13.0,0.77,15.0,0.78,15.0,0.02,0.02,44.993506,1776344478000
1776344480.357,80.357,0.23,15.0,0.22,15.0,0.25,49.0,0.26,13.0,0.75,49.0,0.74,13.0,0.77,15.0,0.78,15.0,0.02,0.02,44.997381,1776344479000
1776344481.244,81.244,0.23,15.0,0.22,15.0,0.25,49.0,0.26,13.0,0.75,49.0,0.74,13.0,0.77,15.0,0.78,15.0,0.02,0.02,45.001671,1776344480000
1776344482.666,82.666,0.23,15.0,0.22,15.0,0.25,49.0,0.26,13.0,0.75,49.0,0.74,13.0,0.77,15.0,0.78,15.0,0.02,0.02,45.004433,1776344481000
1776344483.274,83.274,0.23,15.0,0.22,15.0,0.25,49.0,0.26,13.0,0.75,49.0,0.74,13.0,0.77,15.0,0.78,15.0,0.02,0.02,45.006244,1776344482000
1776344484.58,84.58,0.23,15.0,0.22,15.0,0.25,49.0,0.26,13.0,0.75,49.0,0.74,13.0,0.77,15.0,0.78,15.0,0.02,0.02,45.003525,1776344483000
1776344485.075,85.075,0.23,15.0,0.22,15.0,0.25,49.0,0.26,13.0,0.75,49.0,0.74,13.0,0.77,15.0,0.78,15.0,0.02,0.02,45.004982,1776344484000
1776344486.492,86.492,0.23,15.0,0.22,15.0,0.25,49.0,0.26,13.0,0.75,49.0,0.74,13.0,0.77,15.0,0.78,15.0,0.02,0.02,45.003816,1776344485000
1776344487.042,87.042,0.23,15.0,0.22,15.0,0.25,49.0,0.26,13.0,0.75,49.0,0.74,13.0,0.77,15.0,0.78,15.0,0.02,0.02,45.003768,1776344486000
1776344488.201,88.201,0.23,15.0,0.22,15.0,0.25,49.0,0.26,13.0,0.75,49.0,0.74,13.0,0.77,15.0,0.78,15.0,0.02,0.02,45.003768,1776344487000
1776344489.334,89.334,0.23,15.0,0.22,15.0,0.25,49.0,0.26,13.0,0.75,49.0,0.74,13.0,0.77,15.0,0.78,15.0,0.02,0.02,45.00366,1776344488000
1776344490.058,90.058,0.23,15.0,0.22,15.0,0.25,49.0,0.26,13.0,0.75,49.0,0.74,13.0,0.77,15.0,0.78,15.0,0.02,0.02,45.003658,1776344489000
1776344491.278,91.278,0.23,15.0,0.22,15.0,0.25,49.0,0.26,13.0,0.75,49.0,0.74,13.0,0.77,15.0,0.78,15.0,0.02,0.02,45.003464,1776344490000
1776344492.12,92.12,0.23,15.0,0.22,15.0,0.25,49.0,0.26,13.0,0.75,49.0,0.74,13.0,0.77,15.0,0.78,15.0,0.02,0.02,45.003464,1776344491000
1776344493.712,93.712,0.23,15.0,0.22,15.0,0.25,49.0,0.26,13.0,0.75,49.0,0.74,13.0,0.77,15.0,0.78,15.0,0.02,0.02,44.999669,1776344492000
1776344494.35,94.35,0.23,15.0,0.22,15.0,0.25,49.0,0.26,13.0,0.75,49.0,0.74,13.0,0.77,15.0,0.78,15.0,0.02,0.02,45.002182,1776344493000
1776344495.605,95.605,0.23,15.0,0.22,15.0,0.25,49.0,0.26,13.0,0.75,49.0,0.74,13.0,0.77,15.0,0.78,15.0,0.02,0.02,44.999534,1776344494000
1776344496.099,96.099,0.23,15.0,0.22,15.0,0.25,49.0,0.26,13.0,0.75,49.0,0.74,13.0,0.77,15.0,0.78,15.0,0.02,0.02,44.999826,1776344495000
1776344497.229,97.229,0.23,15.0,0.22,15.0,0.25,49.0,0.26,13.0,0.75,49.0,0.74,13.0,0.77,15.0,0.78,15.0,0.02,0.02,45.000816,1776344496000
1776344498.401,98.401,0.23,15.0,0.22,15.0,0.25,49.0,0.26,13.0,0.75,49.0,0.74,13.0,0.77,15.0,0.78,15.0,0.02,0.02,44.999954,1776344497000
1776344499.071,99.071,0.23,15.0,0.22,15.0,0.25,49.0,0.26,13.0,0.75,49.0,0.74,13.0,0.77,15.0,0.78,15.0,0.02,0.02,45.000919,1776344498000
1776344500.154,100.154,0.23,15.0,0.22,15.0,0.25,49.0,0.26,13.0,0.75,49.0,0.74,13.0,0.77,15.0,0.78,15.0,0.02,0.02,45.006564,1776344499000
1776344501.348,101.348,0.23,15.0,0.22,15.0,0.25,49.0,0.26,13.0,0.75,49.0,0.74,13.0,0.77,15.0,0.78,15.0,0.02,0.02,45.010319,1776344500000
1776344502.456,102.456,0.23,15.0,0.22,15.0,0.25,49.0,0.26,13.0,0.75,49.0,0.74,13.0,0.77,15.0,0.78,15.0,0.02,0.02,45.011196,1776344501000
1776344503.118,103.118,0.23,15.0,0.22,15.0,0.25,49.0,0.26,13.0,0.75,49.0,0.74,13.0,0.77,15.0,0.78,15.0,0.02,0.02,45.011852,1776344502000
1776344504.119,104.119,0.23,15.0,0.22,15.0,0.25,49.0,0.26,13.0,0.75,49.0,0.74,13.0,0.77,15.0,0.78,15.0,0.02,0.02,45.012413,1776344503000
1776344505.19,105.19,0.23,15.0,0.22,15.0,0.25,49.0,0.26,13.0,0.75,49.0,0.74,13.0,0.77,15.0,0.78,15.0,0.02,0.02,45.019205,1776344504000
1776344506.408,106.408,0.23,15.0,0.22,15.0,0.25,49.0,0.26,13.0,0.75,49.0,0.74,13.0,0.77,15.0,0.78,15.0,0.02,0.02,45.021373,1776344505000
1776344506.987,106.987,0.23,15.0,0.22,15.0,0.25,49.0,0.26,13.0,0.75,49.0,0.74,13.0,0.77,15.0,0.78,15.0,0.02,0.02,45.021373,1776344506000
1776344508.555,108.555,0.23,15.0,0.22,15.0,0.25,49.0,0.26,13.0,0.75,49.0,0.74,13.0,0.77,15.0,0.78,15.0,0.02,0.02,45.023391,1776344507000
1776344509.091,109.091,0.23,15.0,0.22,15.0,0.25,49.0,0.26,13.0,0.75,49.0,0.74,13.0,0.77,15.0,0.78,15.0,0.02,0.02,45.0231,1776344508000
1776344509.434,109.434,0.49,5.0,0.48,5.0,0.5,3.0,0.57,5.0,0.75,49.0,0.74,13.0,0.77,15.0,0.78,15.0,0.01,0.02,45.0231,1776344508000
1776344509.787,109.787,0.49,5.0,0.48,5.0,0.61,20.0,0.62,20.0,0.5,3.0,0.43,5.0,0.51,5.0,0.52,5.0,0.12,0.01,45.0231,1776344508000
1776344510.245,110.245,0.49,5.0,0.48,5.0,0.61,20.0,0.62,20.0,0.39,20.0,0.38,20.0,0.51,5.0,0.52,5.0,0.12,0.12,45.026252,1776344509000
1776344511.335,111.335,0.49,5.0,0.48,5.0,0.61,20.0,0.62,20.0,0.39,20.0,0.38,20.0,0.51,5.0,0.52,5.0,0.12,0.12,45.036829,1776344510000
1776344511.903,111.903,0.59,5.0,0.56,5.0,0.6,5.0,0.61,5.0,0.4,5.0,0.39,5.0,0.41,5.0,0.44,5.0,0.01,0.01,45.040038,1776344511000
1776344513.117,113.117,0.57,5.0,0.54,5.0,0.58,5.0,0.59,5.0,0.42,5.0,0.41,5.0,0.43,5.0,0.46,5.0,0.01,0.01,45.052138,1776344512000
1776344514.522,114.522,0.57,5.0,0.54,5.0,0.58,5.0,0.59,5.0,0.42,5.0,0.41,5.0,0.43,5.0,0.46,5.0,0.01,0.01,45.048726,1776344513000
1776344514.828,114.828,0.57,5.0,0.54,5.0,0.58,5.0,0.59,5.0,0.42,5.0,0.41,5.0,0.43,5.0,0.46,5.0,0.01,0.01,45.048825,1776344514000
1776344515.761,115.761,0.43,5.0,0.42,5.0,0.44,10.0,0.45,5.0,0.42,5.0,0.41,5.0,0.43,5.0,0.46,5.0,0.01,0.01,45.048825,1776344514000
1776344516.12,116.12,0.43,5.0,0.42,5.0,0.44,10.0,0.45,5.0,0.56,10.0,0.55,5.0,0.57,5.0,0.58,5.0,0.01,0.01,45.046191,1776344515000
1776344517.154,117.154,0.43,5.0,0.42,5.0,0.44,10.0,0.45,5.0,0.56,10.0,0.55,5.0,0.57,5.0,0.58,5.0,0.01,0.01,45.041254,1776344516000
1776344518.365,118.365,0.43,5.0,0.42,5.0,0.44,10.0,0.45,5.0,0.56,10.0,0.55,5.0,0.57,5.0,0.58,5.0,0.01,0.01,45.031822,1776344517000
1776344519.261,119.261,0.43,5.0,0.42,5.0,0.44,10.0,0.45,5.0,0.56,10.0,0.55,5.0,0.57,5.0,0.58,5.0,0.01,0.01,45.024282,1776344518000
1776344520.325,120.325,0.43,5.0,0.42,5.0,0.44,10.0,0.45,5.0,0.56,10.0,0.55,5.0,0.57,5.0,0.58,5.0,0.01,0.01,45.023036,1776344519000
1776344521.399,121.399,0.43,5.0,0.42,5.0,0.44,10.0,0.45,5.0,0.56,10.0,0.55,5.0,0.57,5.0,0.58,5.0,0.01,0.01,45.021451,1776344520000
1776344521.992,121.992,0.43,5.0,0.42,5.0,0.44,10.0,0.45,5.0,0.56,10.0,0.55,5.0,0.57,5.0,0.58,5.0,0.01,0.01,45.021319,1776344521000
1776344523.143,123.143,0.43,5.0,0.42,5.0,0.44,10.0,0.45,5.0,0.56,10.0,0.55,5.0,0.57,5.0,0.58,5.0,0.01,0.01,45.021375,1776344522000
1776344525.018,125.018,0.43,5.0,0.42,5.0,0.44,10.0,0.45,5.0,0.56,10.0,0.55,5.0,0.57,5.0,0.58,5.0,0.01,0.01,45.022384,1776344523000
1776344525.649,125.649,0.43,5.0,0.42,5.0,0.44,10.0,0.45,5.0,0.56,10.0,0.55,5.0,0.57,5.0,0.58,5.0,0.01,0.01,45.021468,1776344524000
1776344526.334,126.334,0.43,5.0,0.42,5.0,0.44,10.0,0.45,5.0,0.56,10.0,0.55,5.0,0.57,5.0,0.58,5.0,0.01,0.01,45.021244,1776344525000
1776344527.604,127.604,0.33,4.18,0.32,5.0,0.37,20.0,0.38,5.0,0.63,20.0,0.62,5.0,0.67,4.18,0.68,5.0,0.04,0.04,45.021351,1776344526000
1776344528.19,128.19,0.33,4.18,0.32,5.0,0.37,20.0,0.38,5.0,0.63,20.0,0.62,5.0,0.67,4.18,0.68,5.0,0.04,0.04,45.021244,1776344527000
1776344529.425,129.425,0.33,4.18,0.32,5.0,0.37,20.0,0.38,5.0,0.63,20.0,0.62,5.0,0.67,4.18,0.68,5.0,0.04,0.04,45.009219,1776344528000
1776344530.013,130.013,0.33,4.18,0.32,5.0,0.37,20.0,0.38,5.0,0.63,20.0,0.62,5.0,0.67,4.18,0.68,5.0,0.04,0.04,45.005407,1776344529000
1776344531.565,131.565,0.33,4.18,0.32,5.0,0.37,20.0,0.38,5.0,0.63,20.0,0.62,5.0,0.67,4.18,0.68,5.0,0.04,0.04,45.001318,1776344530000
1776344532.06,132.06,0.33,4.18,0.32,5.0,0.37,20.0,0.38,5.0,0.63,20.0,0.62,5.0,0.67,4.18,0.68,5.0,0.04,0.04,45.001276,1776344531000
1776344533.414,133.414,0.33,4.18,0.32,5.0,0.37,20.0,0.38,5.0,0.63,20.0,0.62,5.0,0.67,4.18,0.68,5.0,0.04,0.04,45.001263,1776344532000
1776344534.168,134.168,0.33,4.18,0.32,5.0,0.37,20.0,0.38,5.0,0.63,20.0,0.62,5.0,0.67,4.18,0.68,5.0,0.04,0.04,45.007747,1776344533000
1776344535.776,135.776,0.33,4.18,0.32,5.0,0.37,20.0,0.38,5.0,0.63,20.0,0.62,5.0,0.67,4.18,0.68,5.0,0.04,0.04,45.00707,1776344534000
1776344536.422,136.422,0.33,4.18,0.32,5.0,0.37,20.0,0.38,5.0,0.63,20.0,0.62,5.0,0.67,4.18,0.68,5.0,0.04,0.04,45.01,1776344535000
1776344537.645,137.645,0.33,4.18,0.32,5.0,0.37,20.0,0.38,5.0,0.63,20.0,0.62,5.0,0.67,4.18,0.68,5.0,0.04,0.04,45.015285,1776344536000
1776344538.556,138.556,0.33,4.18,0.32,5.0,0.37,20.0,0.38,5.0,0.63,20.0,0.62,5.0,0.67,4.18,0.68,5.0,0.04,0.04,45.020616,1776344537000
1776344539.392,139.392,0.33,4.18,0.32,5.0,0.37,20.0,0.38,5.0,0.63,20.0,0.62,5.0,0.67,4.18,0.68,5.0,0.04,0.04,45.021045,1776344538000
1776344540.116,140.116,0.33,4.18,0.32,5.0,0.37,20.0,0.38,5.0,0.63,20.0,0.62,5.0,0.67,4.18,0.68,5.0,0.04,0.04,45.021053,1776344539000
1776344541.395,141.395,0.33,4.18,0.32,5.0,0.37,20.0,0.38,5.0,0.63,20.0,0.62,5.0,0.67,4.18,0.68,5.0,0.04,0.04,45.020116,1776344540000
1776344542.11,142.11,0.33,4.18,0.32,5.0,0.37,20.0,0.38,5.0,0.63,20.0,0.62,5.0,0.67,4.18,0.68,5.0,0.04,0.04,45.01767,1776344541000
1776344543.619,143.619,0.33,4.18,0.32,5.0,0.37,20.0,0.38,5.0,0.63,20.0,0.62,5.0,0.67,4.18,0.68,5.0,0.04,0.04,45.017666,1776344542000
1776344544.413,144.413,0.33,4.18,0.32,5.0,0.37,20.0,0.38,5.0,0.63,20.0,0.62,5.0,0.67,4.18,0.68,5.0,0.04,0.04,45.017691,1776344543000
1776344545.099,145.099,0.33,4.18,0.32,5.0,0.37,20.0,0.38,5.0,0.63,20.0,0.62,5.0,0.67,4.18,0.68,5.0,0.04,0.04,45.017965,1776344544000
1776344546.363,146.363,0.33,4.18,0.32,5.0,0.37,20.0,0.38,5.0,0.63,20.0,0.62,5.0,0.67,4.18,0.68,5.0,0.04,0.04,45.016352,1776344545000
1776344547.581,147.581,0.33,4.18,0.32,5.0,0.37,20.0,0.38,5.0,0.63,20.0,0.62,5.0,0.67,4.18,0.68,5.0,0.04,0.04,45.012341,1776344546000
1776344548.456,148.456,0.33,4.18,0.32,5.0,0.37,20.0,0.38,5.0,0.63,20.0,0.62,5.0,0.67,4.18,0.68,5.0,0.04,0.04,45.004056,1776344547000
1776344549.71,149.71,0.33,4.18,0.32,5.0,0.37,20.0,0.38,5.0,0.63,20.0,0.62,5.0,0.67,4.18,0.68,5.0,0.04,0.04,44.999856,1776344548000
1776344550.338,150.338,0.33,4.18,0.32,5.0,0.37,20.0,0.38,5.0,0.63,20.0,0.62,5.0,0.67,4.18,0.68,5.0,0.04,0.04,44.999856,1776344549000
1776344551.053,151.053,0.33,4.18,0.32,5.0,0.37,20.0,0.38,5.0,0.63,20.0,0.62,5.0,0.67,4.18,0.68,5.0,0.04,0.04,44.998253,1776344550000
1776344552.495,152.495,0.33,4.18,0.32,5.0,0.37,20.0,0.38,5.0,0.63,20.0,0.62,5.0,0.67,4.18,0.68,5.0,0.04,0.04,44.996535,1776344551000
1776344553.374,153.374,0.33,4.18,0.32,5.0,0.37,20.0,0.38,5.0,0.63,20.0,0.62,5.0,0.67,4.18,0.68,5.0,0.04,0.04,44.995936,1776344552000
1776344554.554,154.554,0.33,4.18,0.32,5.0,0.37,20.0,0.38,5.0,0.63,20.0,0.62,5.0,0.67,4.18,0.68,5.0,0.04,0.04,44.997808,1776344553000
1776344555.339,155.339,0.33,4.18,0.32,5.0,0.37,20.0,0.38,5.0,0.63,20.0,0.62,5.0,0.67,4.18,0.68,5.0,0.04,0.04,44.997808,1776344554000
1776344556.173,156.173,0.33,4.18,0.32,5.0,0.37,20.0,0.38,5.0,0.63,20.0,0.62,5.0,0.67,4.18,0.68,5.0,0.04,0.04,44.998845,1776344555000
1776344557.563,157.563,0.33,4.18,0.32,5.0,0.37,20.0,0.38,5.0,0.63,20.0,0.62,5.0,0.67,4.18,0.68,5.0,0.04,0.04,44.999431,1776344556000
1776344558.443,158.443,0.33,4.18,0.32,5.0,0.37,20.0,0.38,5.0,0.63,20.0,0.62,5.0,0.67,4.18,0.68,5.0,0.04,0.04,45.000844,1776344557000
1776344559.388,159.388,0.33,4.18,0.32,5.0,0.37,20.0,0.38,5.0,0.63,20.0,0.62,5.0,0.67,4.18,0.68,5.0,0.04,0.04,44.999431,1776344558000
1776344559.897,159.897,0.33,4.18,0.32,5.0,0.37,20.0,0.38,5.0,0.63,20.0,0.62,5.0,0.67,4.18,0.68,5.0,0.04,0.04,44.999431,1776344559000
1776344560.992,160.992,0.33,4.18,0.32,5.0,0.37,20.0,0.38,5.0,0.63,20.0,0.62,5.0,0.67,4.18,0.68,5.0,0.04,0.04,44.999269,1776344560000
1776344564.485,164.485,0.33,4.18,0.32,5.0,0.37,20.0,0.38,5.0,0.63,20.0,0.62,5.0,0.67,4.18,0.68,5.0,0.04,0.04,45.001001,1776344563000
1776344564.96,164.96,0.33,4.18,0.32,5.0,0.37,20.0,0.38,5.0,0.63,20.0,0.62,5.0,0.67,4.18,0.68,5.0,0.04,0.04,45.00158,1776344564000
1776344566.027,166.027,0.33,4.18,0.32,5.0,0.37,20.0,0.38,5.0,0.63,20.0,0.62,5.0,0.67,4.18,0.68,5.0,0.04,0.04,45.00108,1776344565000
1776344567.069,167.069,0.33,4.18,0.32,5.0,0.37,20.0,0.38,5.0,0.63,20.0,0.62,5.0,0.67,4.18,0.68,5.0,0.04,0.04,45.000405,1776344566000
1776344568.22,168.22,0.33,4.18,0.32,5.0,0.37,20.0,0.38,5.0,0.63,20.0,0.62,5.0,0.67,4.18,0.68,5.0,0.04,0.04,45.000381,1776344567000
1776344569.204,169.204,0.33,4.18,0.32,5.0,0.37,20.0,0.38,5.0,0.63,20.0,0.62,5.0,0.67,4.18,0.68,5.0,0.04,0.04,45.000552,1776344568000
1776344570.257,170.257,0.33,4.18,0.32,5.0,0.37,20.0,0.38,5.0,0.63,20.0,0.62,5.0,0.67,4.18,0.68,5.0,0.04,0.04,45.000284,1776344569000
1776344571.369,171.369,0.33,4.18,0.32,5.0,0.37,20.0,0.38,5.0,0.63,20.0,0.62,5.0,0.67,4.18,0.68,5.0,0.04,0.04,45.000503,1776344570000
1776344572.446,172.446,0.33,4.18,0.32,5.0,0.37,20.0,0.38,5.0,0.63,20.0,0.62,5.0,0.67,4.18,0.68,5.0,0.04,0.04,45.000232,1776344571000
1776344573.297,173.297,0.33,4.18,0.32,5.0,0.37,20.0,0.38,5.0,0.63,20.0,0.62,5.0,0.67,4.18,0.68,5.0,0.04,0.04,45.000552,1776344572000
1776344574.28,174.28,0.33,4.18,0.32,5.0,0.37,20.0,0.38,5.0,0.63,20.0,0.62,5.0,0.67,4.18,0.68,5.0,0.04,0.04,44.999897,1776344573000
1776344575.306,175.306,0.33,4.18,0.32,5.0,0.37,20.0,0.38,5.0,0.63,20.0,0.62,5.0,0.67,4.18,0.68,5.0,0.04,0.04,45.001852,1776344574000
1776344576.394,176.394,0.33,4.18,0.32,5.0,0.37,20.0,0.38,5.0,0.63,20.0,0.62,5.0,0.67,4.18,0.68,5.0,0.04,0.04,45.001861,1776344575000
1776344578.058,178.058,0.33,4.18,0.32,5.0,0.37,20.0,0.38,5.0,0.63,20.0,0.62,5.0,0.67,4.18,0.68,5.0,0.04,0.04,45.005423,1776344576000
1776344579.093,179.093,0.33,4.18,0.32,5.0,0.37,20.0,0.38,5.0,0.63,20.0,0.62,5.0,0.67,4.18,0.68,5.0,0.04,0.04,45.005604,1776344577000
1776344579.822,179.822,0.33,4.18,0.32,5.0,0.37,20.0,0.38,5.0,0.63,20.0,0.62,5.0,0.67,4.18,0.68,5.0,0.04,0.04,45.005295,1776344578000
1776344580.531,180.531,0.33,4.18,0.32,5.0,0.37,20.0,0.38,5.0,0.63,20.0,0.62,5.0,0.67,4.18,0.68,5.0,0.04,0.04,45.005243,1776344579000
1776344581.286,181.286,0.33,4.18,0.32,5.0,0.37,20.0,0.38,5.0,0.63,20.0,0.62,5.0,0.67,4.18,0.68,5.0,0.04,0.04,45.005193,1776344580000
1776344582.39,182.39,0.11,15.0,0.1,25.0,0.13,1.92,0.14,5.0,0.63,20.0,0.62,5.0,0.67,4.18,0.68,5.0,0.02,0.04,45.005193,1776344580000
1776344582.987,182.987,0.11,15.0,0.1,25.0,0.13,1.92,0.14,5.0,0.87,1.92,0.86,5.0,0.89,15.0,0.9,25.0,0.02,0.02,45.001798,1776344581000
1776344583.787,183.787,0.11,15.0,0.1,25.0,0.13,1.92,0.14,5.0,0.87,1.92,0.86,5.0,0.89,15.0,0.9,25.0,0.02,0.02,44.991003,1776344582000
1776344584.484,184.484,0.11,15.0,0.1,25.0,0.13,1.92,0.14,5.0,0.87,1.92,0.86,5.0,0.89,15.0,0.9,25.0,0.02,0.02,44.988728,1776344583000
1776344585.143,185.143,0.11,15.0,0.1,25.0,0.13,1.92,0.14,5.0,0.87,1.92,0.86,5.0,0.89,15.0,0.9,25.0,0.02,0.02,44.986797,1776344584000
1776344585.979,185.979,0.1,15.0,0.09,26.0,0.11,5.0,0.12,41.0,0.87,1.92,0.86,5.0,0.89,15.0,0.9,25.0,0.01,0.02,44.986797,1776344584000
1776344586.578,186.578,0.1,15.0,0.09,26.0,0.11,5.0,0.12,41.0,0.89,5.0,0.88,41.0,0.9,15.0,0.91,26.0,0.01,0.01,44.98645,1776344585000
1776344587.413,187.413,0.1,15.0,0.09,26.0,0.11,5.0,0.12,41.0,0.89,5.0,0.88,41.0,0.9,15.0,0.91,26.0,0.01,0.01,44.986119,1776344586000
1776344588.328,188.328,0.1,15.0,0.09,26.0,0.11,5.0,0.12,41.0,0.89,5.0,0.88,41.0,0.9,15.0,0.91,26.0,0.01,0.01,44.981157,1776344587000
1776344589.792,189.792,0.1,15.0,0.09,26.0,0.11,5.0,0.12,41.0,0.89,5.0,0.88,41.0,0.9,15.0,0.91,26.0,0.01,0.01,44.976706,1776344588000
1776344590.411,190.411,0.1,15.0,0.09,26.0,0.11,5.0,0.12,41.0,0.89,5.0,0.88,41.0,0.9,15.0,0.91,26.0,0.01,0.01,44.976377,1776344589000
1776344590.771,190.771,0.09,9.9,0.08,27.0,0.1,54.0,0.11,5.0,0.89,5.0,0.88,41.0,0.9,15.0,0.91,26.0,0.01,0.01,44.976377,1776344589000
1776344591.182,191.182,0.09,9.9,0.08,27.0,0.1,54.0,0.11,5.0,0.9,54.0,0.89,5.0,0.91,9.9,0.92,27.0,0.01,0.01,44.976193,1776344590000
1776344592.566,192.566,0.09,9.9,0.08,27.0,0.1,54.0,0.11,5.0,0.9,54.0,0.89,5.0,0.91,9.9,0.92,27.0,0.01,0.01,44.976037,1776344591000
1776344593.301,193.301,0.09,9.9,0.08,27.0,0.1,54.0,0.11,5.0,0.9,54.0,0.89,5.0,0.91,9.9,0.92,27.0,0.01,0.01,44.972764,1776344592000
1776344594.787,194.787,0.09,9.9,0.08,27.0,0.1,54.0,0.11,5.0,0.9,54.0,0.89,5.0,0.91,9.9,0.92,27.0,0.01,0.01,44.972276,1776344593000
1776344595.611,195.611,0.09,9.9,0.08,27.0,0.1,54.0,0.11,5.0,0.9,54.0,0.89,5.0,0.91,9.9,0.92,27.0,0.01,0.01,44.975076,1776344594000
1776344596.46,196.46,0.09,9.9,0.08,27.0,0.1,54.0,0.11,5.0,0.9,54.0,0.89,5.0,0.91,9.9,0.92,27.0,0.01,0.01,44.985064,1776344595000
1776344597.437,197.437,0.09,9.9,0.08,27.0,0.1,54.0,0.11,5.0,0.9,54.0,0.89,5.0,0.91,9.9,0.92,27.0,0.01,0.01,44.989638,1776344596000
1776344598.072,198.072,0.09,9.9,0.08,27.0,0.1,54.0,0.11,5.0,0.9,54.0,0.89,5.0,0.91,9.9,0.92,27.0,0.01,0.01,44.99007,1776344597000
1776344598.984,198.984,0.09,9.9,0.08,27.0,0.1,54.0,0.11,5.0,0.9,54.0,0.89,5.0,0.91,9.9,0.92,27.0,0.01,0.01,44.991051,1776344598000
1776344599.948,199.948,0.09,9.9,0.08,27.0,0.1,54.0,0.11,5.0,0.9,54.0,0.89,5.0,0.91,9.9,0.92,27.0,0.01,0.01,44.991377,1776344599000
1776344600.978,200.978,0.09,9.9,0.08,27.0,0.1,54.0,0.11,5.0,0.9,54.0,0.89,5.0,0.91,9.9,0.92,27.0,0.01,0.01,44.992684,1776344600000
1776344602.133,202.133,0.09,9.9,0.08,27.0,0.1,54.0,0.11,5.0,0.9,54.0,0.89,5.0,0.91,9.9,0.92,27.0,0.01,0.01,44.992683,1776344601000
1776344603.048,203.048,0.09,9.9,0.08,27.0,0.1,54.0,0.11,5.0,0.9,54.0,0.89,5.0,0.91,9.9,0.92,27.0,0.01,0.01,44.992994,1776344602000
1776344604.074,204.074,0.09,9.9,0.08,27.0,0.1,54.0,0.11,5.0,0.9,54.0,0.89,5.0,0.91,9.9,0.92,27.0,0.01,0.01,44.992941,1776344603000
1776344605.093,205.093,0.09,9.9,0.08,27.0,0.1,54.0,0.11,5.0,0.9,54.0,0.89,5.0,0.91,9.9,0.92,27.0,0.01,0.01,44.993136,1776344604000
1776344606.076,206.076,0.09,9.9,0.08,27.0,0.1,54.0,0.11,5.0,0.9,54.0,0.89,5.0,0.91,9.9,0.92,27.0,0.01,0.01,44.992748,1776344605000
1776344607.05,207.05,0.09,9.9,0.08,27.0,0.1,54.0,0.11,5.0,0.9,54.0,0.89,5.0,0.91,9.9,0.92,27.0,0.01,0.01,44.993004,1776344606000
1776344608.01,208.01,0.09,9.9,0.08,27.0,0.1,54.0,0.11,5.0,0.9,54.0,0.89,5.0,0.91,9.9,0.92,27.0,0.01,0.01,44.994494,1776344607000
1776344609.139,209.139,0.09,9.9,0.08,27.0,0.1,54.0,0.11,5.0,0.9,54.0,0.89,5.0,0.91,9.9,0.92,27.0,0.01,0.01,44.995666,1776344608000
1776344610.752,210.752,0.09,9.9,0.08,27.0,0.1,54.0,0.11,5.0,0.9,54.0,0.89,5.0,0.91,9.9,0.92,27.0,0.01,0.01,44.995367,1776344609000
1776344611.275,211.275,0.09,9.9,0.08,27.0,0.1,54.0,0.11,5.0,0.9,54.0,0.89,5.0,0.91,9.9,0.92,27.0,0.01,0.01,44.995164,1776344610000
1776344612.309,212.309,0.09,9.9,0.08,27.0,0.1,54.0,0.11,5.0,0.9,54.0,0.89,5.0,0.91,9.9,0.92,27.0,0.01,0.01,44.993828,1776344611000
1776344613.374,213.374,0.09,9.9,0.08,27.0,0.1,54.0,0.11,5.0,0.9,54.0,0.89,5.0,0.91,9.9,0.92,27.0,0.01,0.01,44.992704,1776344612000
1776344614.493,214.493,0.09,9.9,0.08,27.0,0.1,54.0,0.11,5.0,0.9,54.0,0.89,5.0,0.91,9.9,0.92,27.0,0.01,0.01,44.991316,1776344613000
1776344614.885,214.885,0.09,9.9,0.08,27.0,0.1,54.0,0.11,5.0,0.9,54.0,0.89,5.0,0.91,9.9,0.92,27.0,0.01,0.01,44.989554,1776344614000
1776344616.08,216.08,0.09,9.9,0.08,27.0,0.1,54.0,0.11,5.0,0.9,54.0,0.89,5.0,0.91,9.9,0.92,27.0,0.01,0.01,44.986529,1776344615000
1776344617.073,217.073,0.09,9.9,0.08,27.0,0.1,54.0,0.11,5.0,0.9,54.0,0.89,5.0,0.91,9.9,0.92,27.0,0.01,0.01,44.982879,1776344616000
1776344618.135,218.135,0.09,9.9,0.08,27.0,0.1,54.0,0.11,5.0,0.9,54.0,0.89,5.0,0.91,9.9,0.92,27.0,0.01,0.01,44.978781,1776344617000
1776344619.172,219.172,0.09,9.9,0.08,27.0,0.1,54.0,0.11,5.0,0.9,54.0,0.89,5.0,0.91,9.9,0.92,27.0,0.01,0.01,44.978785,1776344618000
1776344620.26,220.26,0.09,9.9,0.08,27.0,0.1,54.0,0.11,5.0,0.9,54.0,0.89,5.0,0.91,9.9,0.92,27.0,0.01,0.01,44.980482,1776344619000
1776344621.331,221.331,0.09,3.3,0.08,27.0,0.1,54.0,0.11,5.0,0.9,54.0,0.89,5.0,0.91,3.3,0.92,27.0,0.01,0.01,44.981048,1776344620000
1776344622.285,222.285,0.09,3.3,0.08,27.0,0.1,54.0,0.11,5.0,0.9,54.0,0.89,5.0,0.91,3.3,0.92,27.0,0.01,0.01,44.981296,1776344621000
1776344623.3,223.3,0.09,3.3,0.08,27.0,0.1,54.0,0.11,5.0,0.9,54.0,0.89,5.0,0.91,3.3,0.92,27.0,0.01,0.01,44.980471,1776344622000
1776344624.409,224.409,0.09,3.3,0.08,27.0,0.1,54.0,0.11,5.0,0.9,54.0,0.89,5.0,0.91,3.3,0.92,27.0,0.01,0.01,44.980497,1776344623000
1776344624.931,224.931,0.09,3.3,0.08,27.0,0.1,54.0,0.11,5.0,0.9,54.0,0.89,5.0,0.91,3.3,0.92,27.0,0.01,0.01,44.980569,1776344624000
1776344625.999,225.999,0.09,3.3,0.08,27.0,0.1,54.0,0.11,5.0,0.9,54.0,0.89,5.0,0.91,3.3,0.92,27.0,0.01,0.01,44.977531,1776344625000
1776344626.431,226.431,0.09,2.2,0.08,12.0,0.1,69.0,0.11,20.0,0.9,54.0,0.89,5.0,0.91,3.3,0.92,27.0,0.01,0.01,44.977531,1776344625000
1776344626.932,226.932,0.09,2.2,0.08,12.0,0.1,69.0,0.11,20.0,0.9,69.0,0.89,20.0,0.91,2.2,0.92,12.0,0.01,0.01,44.974202,1776344626000
1776344627.949,227.949,0.09,2.2,0.08,12.0,0.1,69.0,0.11,20.0,0.9,69.0,0.89,20.0,0.91,2.2,0.92,12.0,0.01,0.01,44.974613,1776344627000
1776344629.002,229.002,0.09,2.2,0.08,12.0,0.1,69.0,0.11,20.0,0.9,69.0,0.89,20.0,0.91,2.2,0.92,12.0,0.01,0.01,44.977552,1776344628000
1776344630.063,230.063,0.09,2.2,0.08,12.0,0.1,69.0,0.11,20.0,0.9,69.0,0.89,20.0,0.91,2.2,0.92,12.0,0.01,0.01,44.978807,1776344629000
1776344631.197,231.197,0.09,2.2,0.08,12.0,0.1,69.0,0.11,20.0,0.9,69.0,0.89,20.0,0.91,2.2,0.92,12.0,0.01,0.01,44.979778,1776344630000
1776344632.376,232.376,0.09,2.2,0.08,12.0,0.1,69.0,0.11,20.0,0.9,69.0,0.89,20.0,0.91,2.2,0.92,12.0,0.01,0.01,44.979755,1776344631000
1776344633.36,233.36,0.09,2.2,0.08,12.0,0.1,69.0,0.11,20.0,0.9,69.0,0.89,20.0,0.91,2.2,0.92,12.0,0.01,0.01,44.979805,1776344632000
1776344633.993,233.993,0.09,2.2,0.08,12.0,0.1,69.0,0.11,20.0,0.9,69.0,0.89,20.0,0.91,2.2,0.92,12.0,0.01,0.01,44.979599,1776344633000
1776344634.98,234.98,0.09,2.2,0.08,12.0,0.1,69.0,0.11,20.0,0.9,69.0,0.89,20.0,0.91,2.2,0.92,12.0,0.01,0.01,44.980372,1776344634000
1776344636.191,236.191,0.09,2.2,0.08,12.0,0.1,69.0,0.11,20.0,0.9,69.0,0.89,20.0,0.91,2.2,0.92,12.0,0.01,0.01,44.980469,1776344635000
1776344637.039,237.039,0.09,2.2,0.08,12.0,0.1,69.0,0.11,20.0,0.9,69.0,0.89,20.0,0.91,2.2,0.92,12.0,0.01,0.01,44.980094,1776344636000
1776344638.32,238.32,0.09,2.2,0.08,12.0,0.1,69.0,0.11,20.0,0.9,69.0,0.89,20.0,0.91,2.2,0.92,12.0,0.01,0.01,44.981154,1776344637000
1776344638.914,238.914,0.09,2.2,0.08,12.0,0.1,69.0,0.11,20.0,0.9,69.0,0.89,20.0,0.91,2.2,0.92,12.0,0.01,0.01,44.981995,1776344638000
1776344639.974,239.974,0.09,2.2,0.08,12.0,0.1,69.0,0.11,20.0,0.9,69.0,0.89,20.0,0.91,2.2,0.92,12.0,0.01,0.01,44.982447,1776344639000
1776344641.141,241.141,0.09,2.2,0.08,12.0,0.1,69.0,0.11,20.0,0.9,69.0,0.89,20.0,0.91,2.2,0.92,12.0,0.01,0.01,44.983291,1776344640000
1776344641.965,241.965,0.09,0.2,0.08,12.0,0.1,54.0,0.11,20.0,0.9,54.0,0.89,20.0,0.91,0.2,0.92,12.0,0.01,0.01,44.986123,1776344641000
1776344643.156,243.156,0.09,0.2,0.08,12.0,0.1,54.0,0.11,20.0,0.9,54.0,0.89,20.0,0.91,0.2,0.92,12.0,0.01,0.01,44.984158,1776344642000
1776344644.307,244.307,0.09,0.2,0.08,12.0,0.1,54.0,0.11,20.0,0.9,54.0,0.89,20.0,0.91,0.2,0.92,12.0,0.01,0.01,44.981179,1776344643000
1776344645.423,245.423,0.09,0.2,0.08,12.0,0.1,54.0,0.11,20.0,0.9,54.0,0.89,20.0,0.91,0.2,0.92,12.0,0.01,0.01,44.981179,1776344644000
1776344645.992,245.992,0.09,0.2,0.08,12.0,0.1,54.0,0.11,20.0,0.9,54.0,0.89,20.0,0.91,0.2,0.92,12.0,0.01,0.01,44.981179,1776344645000
1776344647.164,247.164,0.09,0.2,0.08,12.0,0.1,54.0,0.11,20.0,0.9,54.0,0.89,20.0,0.91,0.2,0.92,12.0,0.01,0.01,44.981386,1776344646000
1776344648.352,248.352,0.09,0.2,0.08,12.0,0.1,54.0,0.11,20.0,0.9,54.0,0.89,20.0,0.91,0.2,0.92,12.0,0.01,0.01,44.981555,1776344647000
1776344648.932,248.932,0.09,0.2,0.08,12.0,0.1,54.0,0.11,20.0,0.9,54.0,0.89,20.0,0.91,0.2,0.92,12.0,0.01,0.01,44.981312,1776344648000
1776344650.087,250.087,0.09,0.2,0.08,12.0,0.1,54.0,0.11,20.0,0.9,54.0,0.89,20.0,0.91,0.2,0.92,12.0,0.01,0.01,44.981678,1776344649000
1776344651.122,251.122,0.09,0.2,0.08,12.0,0.1,54.0,0.11,20.0,0.9,54.0,0.89,20.0,0.91,0.2,0.92,12.0,0.01,0.01,44.981812,1776344650000
1776344652.315,252.315,0.09,0.2,0.08,12.0,0.1,54.0,0.11,20.0,0.9,54.0,0.89,20.0,0.91,0.2,0.92,12.0,0.01,0.01,44.981874,1776344651000
1776344653.252,253.252,0.09,0.2,0.08,12.0,0.1,54.0,0.11,20.0,0.9,54.0,0.89,20.0,0.91,0.2,0.92,12.0,0.01,0.01,44.982449,1776344652000
1776344653.92,253.92,0.08,12.0,0.07,14.0,0.1,69.0,0.11,20.0,0.9,54.0,0.89,20.0,0.91,0.2,0.92,12.0,0.02,0.01,44.982449,1776344652000
1776344654.588,254.588,0.08,12.0,0.07,14.0,0.1,69.0,0.11,20.0,0.9,69.0,0.89,20.0,0.92,12.0,0.93,14.0,0.02,0.02,44.982449,1776344653000
1776344654.907,254.907,0.08,10.91,0.07,14.0,0.09,93.0,0.1,20.0,0.9,69.0,0.89,20.0,0.92,12.0,0.93,14.0,0.01,0.02,44.982449,1776344653000
1776344656.193,256.193,0.08,10.91,0.07,14.0,0.09,93.0,0.1,20.0,0.91,93.0,0.9,20.0,0.92,10.91,0.93,14.0,0.01,0.01,44.981009,1776344655000
1776344657.323,257.323,0.08,9.81,0.07,14.0,0.09,93.0,0.1,20.0,0.91,93.0,0.9,20.0,0.92,9.81,0.93,14.0,0.01,0.01,44.981391,1776344656000
1776344658.499,258.499,0.08,8.72,0.07,14.0,0.09,93.0,0.1,20.0,0.91,93.0,0.9,20.0,0.92,9.81,0.93,14.0,0.01,0.01,44.981391,1776344656000
1776344658.892,258.892,0.08,5.45,0.07,14.0,0.09,93.0,0.1,20.0,0.91,93.0,0.9,20.0,0.92,6.54,0.93,14.0,0.01,0.01,44.981767,1776344657000
1776344659.128,259.128,0.08,2.18,0.07,14.0,0.09,93.0,0.1,20.0,0.91,93.0,0.9,20.0,0.92,2.18,0.93,14.0,0.01,0.01,44.98187,1776344658000
1776344659.773,259.773,0.08,0.01,0.07,14.0,0.09,93.0,0.1,20.0,0.91,93.0,0.9,20.0,0.92,2.18,0.93,14.0,0.01,0.01,44.98187,1776344658000
1776344660.214,260.214,0.07,5.45,0.06,16.0,0.08,20.0,0.09,93.0,0.92,20.0,0.91,93.0,0.93,5.45,0.94,16.0,0.01,0.01,44.981202,1776344659000
1776344660.506,260.506,0.06,16.0,0.05,20.0,0.08,20.0,0.09,93.0,0.92,20.0,0.91,93.0,0.93,4.37,0.94,16.0,0.02,0.01,44.981202,1776344659000
1776344660.744,260.744,0.06,10.69,0.05,20.0,0.07,78.0,0.08,20.0,0.92,20.0,0.91,93.0,0.94,16.0,0.95,20.0,0.01,0.02,44.981202,1776344659000
1776344661.297,261.297,0.04,20.38,0.03,48.0,0.07,78.0,0.08,20.0,0.93,78.0,0.92,20.0,0.96,20.38,0.97,48.0,0.03,0.03,44.981118,1776344660000
1776344662.491,262.491,0.04,34.33,0.03,48.0,0.05,5.0,0.06,5.0,0.95,5.0,0.94,5.0,0.96,34.33,0.97,48.0,0.01,0.01,44.981925,1776344661000
1776344663.055,263.055,0.04,34.33,0.03,48.0,0.05,5.0,0.06,5.0,0.95,5.0,0.94,5.0,0.96,34.33,0.97,48.0,0.01,0.01,44.987108,1776344662000
1776344663.427,263.427,0.03,48.0,0.02,80.0,0.05,5.0,0.06,5.0,0.95,5.0,0.94,5.0,0.96,34.33,0.97,48.0,0.02,0.01,44.987108,1776344662000
1776344663.659,263.659,0.03,39.82,0.02,80.0,0.04,5.0,0.05,5.0,0.95,5.0,0.94,5.0,0.97,48.0,0.98,80.0,0.01,0.02,44.987108,1776344662000
1776344664.175,264.175,0.03,38.78,0.02,80.0,0.04,5.0,0.05,5.0,0.96,5.0,0.95,5.0,0.97,39.82,0.98,80.0,0.01,0.01,44.987108,1776344662000
1776344665.258,265.258,0.03,38.78,0.02,80.0,0.04,5.0,0.05,5.0,0.96,5.0,0.95,5.0,0.97,38.78,0.98,80.0,0.01,0.01,44.987582,1776344664000
1776344666.472,266.472,0.03,36.72,0.02,80.0,0.04,5.0,0.05,5.0,0.96,5.0,0.95,5.0,0.97,38.78,0.98,80.0,0.01,0.01,44.987582,1776344664000
1776344667.015,267.015,0.03,36.72,0.02,80.0,0.04,5.0,0.05,5.0,0.96,5.0,0.95,5.0,0.97,36.72,0.98,80.0,0.01,0.01,44.987974,1776344666000
1776344668.239,268.239,0.03,21.18,0.02,80.0,0.04,5.0,0.05,5.0,0.96,5.0,0.95,5.0,0.97,21.18,0.98,80.0,0.01,0.01,44.987734,1776344667000
1776344669.8,269.8,0.03,21.18,0.02,80.0,0.04,5.0,0.05,5.0,0.96,5.0,0.95,5.0,0.97,21.18,0.98,80.0,0.01,0.01,44.990708,1776344668000
1776344670.703,270.703,0.03,21.18,0.02,80.0,0.04,5.0,0.05,5.0,0.96,5.0,0.95,5.0,0.97,21.18,0.98,80.0,0.01,0.01,44.990604,1776344669000
1776344670.921,270.921,0.03,1.13,0.02,80.0,0.04,20.0,0.05,20.0,0.96,5.0,0.95,5.0,0.97,21.18,0.98,80.0,0.01,0.01,44.990604,1776344669000
1776344671.278,271.278,0.03,1.13,0.02,80.0,0.04,20.0,0.05,20.0,0.96,20.0,0.95,20.0,0.97,1.13,0.98,80.0,0.01,0.01,44.990778,1776344670000
1776344672.267,272.267,0.03,1.13,0.02,80.0,0.04,20.0,0.05,20.0,0.96,20.0,0.95,20.0,0.97,1.13,0.98,80.0,0.01,0.01,44.991102,1776344671000
1776344673.29,273.29,0.02,76.08,0.01,300.0,0.04,25.0,0.05,20.0,0.96,20.0,0.95,20.0,0.97,1.13,0.98,80.0,0.02,0.01,44.991102,1776344671000
1776344673.772,273.772,0.02,76.08,0.01,300.0,0.04,25.0,0.05,20.0,0.96,25.0,0.95,20.0,0.98,76.08,0.99,300.0,0.02,0.02,44.991045,1776344672000
1776344674.493,274.493,0.02,76.08,0.01,300.0,0.04,25.0,0.05,20.0,0.96,25.0,0.95,20.0,0.98,76.08,0.99,300.0,0.02,0.02,44.990761,1776344673000
1776344675.042,275.042,0.02,49.67,0.01,300.0,0.03,5.0,0.04,25.0,0.96,25.0,0.95,20.0,0.98,76.08,0.99,300.0,0.01,0.02,44.990761,1776344673000
1776344675.246,275.246,0.02,49.67,0.01,300.0,0.03,5.0,0.04,25.0,0.97,5.0,0.96,25.0,0.98,49.67,0.99,300.0,0.01,0.01,44.990792,1776344674000
1776344676.499,276.499,0.02,49.67,0.01,300.0,0.03,5.0,0.04,25.0,0.97,5.0,0.96,25.0,0.98,49.67,0.99,300.0,0.01,0.01,44.990792,1776344675000
1776344677.421,277.421,0.02,44.57,0.01,285.0,0.03,5.0,0.04,10.0,0.97,5.0,0.96,25.0,0.98,49.67,0.99,300.0,0.01,0.01,44.990792,1776344675000
1776344678.456,278.456,0.02,44.57,0.01,285.0,0.03,5.0,0.04,10.0,0.97,5.0,0.96,10.0,0.98,44.57,0.99,285.0,0.01,0.01,44.991426,1776344677000
1776344678.84,278.84,0.02,37.21,0.01,285.0,0.03,5.0,0.04,10.0,0.97,5.0,0.96,10.0,0.98,44.57,0.99,285.0,0.01,0.01,44.991426,1776344677000
1776344679.477,279.477,0.02,37.21,0.01,285.0,0.03,5.0,0.04,10.0,0.97,5.0,0.96,10.0,0.98,37.21,0.99,285.0,0.01,0.01,44.9908,1776344678000
1776344680.223,280.223,0.02,37.21,0.01,285.0,0.03,5.0,0.04,10.0,0.97,5.0,0.96,10.0,0.98,37.21,0.99,285.0,0.01,0.01,44.989881,1776344679000
1776344681.745,281.745,0.02,37.21,0.01,285.0,0.03,5.0,0.04,10.0,0.97,5.0,0.96,10.0,0.98,37.21,0.99,285.0,0.01,0.01,44.990261,1776344680000
1776344682.479,282.479,0.02,36.18,0.01,290.07,0.03,5.0,0.04,10.0,0.97,5.0,0.96,10.0,0.98,36.18,0.99,290.07,0.01,0.01,44.990261,1776344681000
1776344682.754,282.754,,,,,0.01,678.75,0.03,5.0,0.97,5.0,0.96,10.0,0.98,36.18,0.99,290.07,,0.01,44.990261,1776344681000
1776344683.134,283.134,,,,,0.01,678.75,0.03,5.0,0.99,678.75,0.97,5.0,,,,,,,44.990196,1776344682000
1776344684.658,284.658,,,,,0.01,678.75,0.03,5.0,0.99,678.75,0.97,5.0,,,,,,,44.989409,1776344683000
1776344685.267,285.267,,,,,0.01,678.75,0.03,5.0,0.99,678.75,0.97,5.0,,,,,,,44.989409,1776344684000
1776344686.858,286.858,,,,,0.01,678.75,0.03,5.0,0.99,678.75,0.97,5.0,,,,,,,44.988374,1776344685000
1776344687.791,287.791,,,,,0.01,678.75,0.03,5.0,0.99,678.75,0.97,5.0,,,,,,,44.988493,1776344686000
1776344688.305,288.305,,,,,0.01,678.75,0.03,5.0,0.99,678.75,0.97,5.0,,,,,,,44.987821,1776344687000
1776344689.241,289.241,,,,,0.01,678.75,0.03,5.0,0.99,678.75,0.97,5.0,,,,,,,44.987884,1776344688000

# RESULT,winner=Down,slug=hype-updown-5m-1776344400,ticks=311
