timestamp,elapsed_sec,up_bid_p1,up_bid_s1,up_bid_p2,up_bid_s2,up_ask_p1,up_ask_s1,up_ask_p2,up_ask_s2,down_bid_p1,down_bid_s1,down_bid_p2,down_bid_s2,down_ask_p1,down_ask_s1,down_ask_p2,down_ask_s2,up_spread,down_spread,hype_price,hype_oracle_ts
1776188411.71,11.71,0.56,10.0,0.52,33.0,0.73,28.0,0.77,5.0,0.27,18.0,0.23,5.0,0.48,14.0,0.49,5.0,0.17,0.21,43.250063,1776188410000
1776188412.106,12.106,0.56,10.0,0.52,33.0,0.73,28.0,0.77,5.0,0.27,18.0,0.23,5.0,0.48,14.0,0.49,5.0,0.17,0.21,43.254392,1776188411000
1776188413.203,13.203,0.53,10.0,0.5,10.0,0.7,10.0,0.71,17.0,0.3,10.0,0.29,17.0,0.47,10.0,0.5,10.0,0.17,0.17,43.254136,1776188412000
1776188414.2,14.2,0.53,10.0,0.5,10.0,0.7,10.0,0.71,17.0,0.3,10.0,0.29,17.0,0.47,10.0,0.5,10.0,0.17,0.17,43.253797,1776188413000
1776188415.146,15.146,0.53,10.0,0.5,10.0,0.7,10.0,0.71,17.0,0.3,10.0,0.29,17.0,0.47,10.0,0.5,10.0,0.17,0.17,43.253053,1776188414000
1776188416.232,16.232,0.53,10.0,0.5,10.0,0.7,10.0,0.71,17.0,0.3,10.0,0.29,17.0,0.47,10.0,0.5,10.0,0.17,0.17,43.24969,1776188415000
1776188417.217,17.217,0.53,10.0,0.5,10.0,0.7,10.0,0.71,17.0,0.3,10.0,0.29,17.0,0.47,10.0,0.5,10.0,0.17,0.17,43.24408,1776188416000
1776188418.159,18.159,0.53,10.0,0.5,10.0,0.7,10.0,0.71,17.0,0.3,10.0,0.29,17.0,0.47,10.0,0.5,10.0,0.17,0.17,43.245654,1776188417000
1776188419.393,19.393,0.53,10.0,0.5,10.0,0.7,10.0,0.71,17.0,0.3,10.0,0.29,17.0,0.47,10.0,0.5,10.0,0.17,0.17,43.241936,1776188418000
1776188420.281,20.281,0.53,10.0,0.5,10.0,0.7,10.0,0.71,17.0,0.3,10.0,0.29,17.0,0.47,10.0,0.5,10.0,0.17,0.17,43.244385,1776188419000
1776188421.264,21.264,0.53,10.0,0.5,10.0,0.7,10.0,0.71,17.0,0.3,10.0,0.29,17.0,0.47,10.0,0.5,10.0,0.17,0.17,43.244651,1776188420000
1776188422.28,22.28,0.53,10.0,0.5,10.0,0.7,10.0,0.71,17.0,0.3,10.0,0.29,17.0,0.47,10.0,0.5,10.0,0.17,0.17,43.236112,1776188421000
1776188423.311,23.311,0.53,10.0,0.5,10.0,0.7,10.0,0.71,17.0,0.3,10.0,0.29,17.0,0.47,10.0,0.5,10.0,0.17,0.17,43.231983,1776188422000
1776188424.342,24.342,0.53,10.0,0.5,10.0,0.7,10.0,0.71,17.0,0.3,10.0,0.29,17.0,0.47,10.0,0.5,10.0,0.17,0.17,43.231925,1776188423000
1776188425.339,25.339,0.53,10.0,0.5,10.0,0.7,10.0,0.71,17.0,0.3,10.0,0.29,17.0,0.47,10.0,0.5,10.0,0.17,0.17,43.23179,1776188424000
1776188426.359,26.359,0.53,10.0,0.5,10.0,0.7,10.0,0.71,17.0,0.3,10.0,0.29,17.0,0.47,10.0,0.5,10.0,0.17,0.17,43.235296,1776188425000
1776188427.473,27.473,0.53,10.0,0.5,10.0,0.7,10.0,0.71,17.0,0.3,10.0,0.29,17.0,0.47,10.0,0.5,10.0,0.17,0.17,43.23657,1776188426000
1776188427.946,27.946,0.53,10.0,0.5,10.0,0.7,10.0,0.71,17.0,0.3,10.0,0.29,17.0,0.47,10.0,0.5,10.0,0.17,0.17,43.234786,1776188427000
1776188429.026,29.026,0.53,10.0,0.5,10.0,0.7,10.0,0.71,17.0,0.3,10.0,0.29,17.0,0.47,10.0,0.5,10.0,0.17,0.17,43.237044,1776188428000
1776188430.205,30.205,0.53,10.0,0.5,10.0,0.7,10.0,0.71,17.0,0.3,10.0,0.29,17.0,0.47,10.0,0.5,10.0,0.17,0.17,43.236916,1776188429000
1776188431.157,31.157,0.53,10.0,0.5,10.0,0.7,10.0,0.71,17.0,0.3,10.0,0.29,17.0,0.47,10.0,0.5,10.0,0.17,0.17,43.237904,1776188430000
1776188432.181,32.181,0.53,10.0,0.5,10.0,0.7,10.0,0.71,17.0,0.3,10.0,0.29,17.0,0.47,10.0,0.5,10.0,0.17,0.17,43.237395,1776188431000
1776188433.261,33.261,0.53,10.0,0.5,10.0,0.7,10.0,0.71,17.0,0.3,10.0,0.29,17.0,0.47,10.0,0.5,10.0,0.17,0.17,43.229634,1776188432000
1776188434.8,34.8,0.53,10.0,0.5,10.0,0.7,10.0,0.71,17.0,0.3,10.0,0.29,17.0,0.47,10.0,0.5,10.0,0.17,0.17,43.225992,1776188433000
1776188435.303,35.303,0.53,10.0,0.5,10.0,0.7,10.0,0.71,17.0,0.3,10.0,0.29,17.0,0.47,10.0,0.5,10.0,0.17,0.17,43.225936,1776188434000
1776188436.332,36.332,0.53,10.0,0.5,10.0,0.7,10.0,0.71,17.0,0.3,10.0,0.29,17.0,0.47,10.0,0.5,10.0,0.17,0.17,43.225936,1776188435000
1776188437.36,37.36,0.53,10.0,0.5,10.0,0.7,10.0,0.71,17.0,0.3,10.0,0.29,17.0,0.47,10.0,0.5,10.0,0.17,0.17,43.227313,1776188436000
1776188438.287,38.287,0.53,10.0,0.5,10.0,0.7,10.0,0.71,17.0,0.3,10.0,0.29,17.0,0.47,10.0,0.5,10.0,0.17,0.17,43.227218,1776188437000
1776188439.426,39.426,0.53,10.0,0.5,10.0,0.7,10.0,0.71,17.0,0.3,10.0,0.29,17.0,0.47,10.0,0.5,10.0,0.17,0.17,43.227261,1776188438000
1776188440.484,40.484,0.53,10.0,0.5,10.0,0.7,10.0,0.71,17.0,0.3,10.0,0.29,17.0,0.47,10.0,0.5,10.0,0.17,0.17,43.227441,1776188439000
1776188440.97,40.97,0.53,10.0,0.5,10.0,0.7,10.0,0.71,17.0,0.3,10.0,0.29,17.0,0.47,10.0,0.5,10.0,0.17,0.17,43.227441,1776188440000
1776188442.139,42.139,0.53,10.0,0.5,10.0,0.7,10.0,0.71,17.0,0.3,10.0,0.29,17.0,0.47,10.0,0.5,10.0,0.17,0.17,43.233947,1776188441000
1776188443.152,43.152,0.53,10.0,0.5,10.0,0.7,10.0,0.71,17.0,0.3,10.0,0.29,17.0,0.47,10.0,0.5,10.0,0.17,0.17,43.243531,1776188442000
1776188444.092,44.092,0.53,10.0,0.5,10.0,0.7,10.0,0.71,17.0,0.3,10.0,0.29,17.0,0.47,10.0,0.5,10.0,0.17,0.17,43.25403,1776188443000
1776188445.155,45.155,0.53,10.0,0.5,10.0,0.7,10.0,0.71,17.0,0.3,10.0,0.29,17.0,0.47,10.0,0.5,10.0,0.17,0.17,43.26512,1776188444000
1776188446.323,46.323,0.53,10.0,0.5,10.0,0.7,10.0,0.71,17.0,0.3,10.0,0.29,17.0,0.47,10.0,0.5,10.0,0.17,0.17,43.268117,1776188445000
1776188447.283,47.283,0.53,10.0,0.5,10.0,0.7,10.0,0.71,17.0,0.3,10.0,0.29,17.0,0.47,10.0,0.5,10.0,0.17,0.17,43.263717,1776188446000
1776188448.254,48.254,0.53,10.0,0.5,10.0,0.7,10.0,0.71,17.0,0.3,10.0,0.29,17.0,0.47,10.0,0.5,10.0,0.17,0.17,43.254763,1776188447000
1776188449.387,49.387,0.53,10.0,0.5,10.0,0.7,10.0,0.71,17.0,0.3,10.0,0.29,17.0,0.47,10.0,0.5,10.0,0.17,0.17,43.255055,1776188448000
1776188449.903,49.903,0.53,10.0,0.5,10.0,0.7,10.0,0.71,17.0,0.3,10.0,0.29,17.0,0.47,10.0,0.5,10.0,0.17,0.17,43.251165,1776188449000
1776188450.97,50.97,0.53,10.0,0.5,10.0,0.7,10.0,0.71,17.0,0.3,10.0,0.29,17.0,0.47,10.0,0.5,10.0,0.17,0.17,43.254773,1776188450000
1776188451.999,51.999,0.53,10.0,0.5,10.0,0.7,10.0,0.71,17.0,0.3,10.0,0.29,17.0,0.47,10.0,0.5,10.0,0.17,0.17,43.254805,1776188451000
1776188453.15,53.15,0.53,10.0,0.5,10.0,0.7,10.0,0.71,17.0,0.3,10.0,0.29,17.0,0.47,10.0,0.5,10.0,0.17,0.17,43.254775,1776188452000
1776188454.213,54.213,0.53,10.0,0.5,10.0,0.7,10.0,0.71,17.0,0.3,10.0,0.29,17.0,0.47,10.0,0.5,10.0,0.17,0.17,43.254775,1776188453000
1776188455.264,55.264,0.53,10.0,0.5,10.0,0.7,10.0,0.71,17.0,0.3,10.0,0.29,17.0,0.47,10.0,0.5,10.0,0.17,0.17,43.257036,1776188454000
1776188456.283,56.283,0.53,10.0,0.5,10.0,0.7,10.0,0.71,17.0,0.3,10.0,0.29,17.0,0.47,10.0,0.5,10.0,0.17,0.17,43.273235,1776188455000
1776188457.355,57.355,0.53,10.0,0.5,10.0,0.7,10.0,0.71,17.0,0.3,10.0,0.29,17.0,0.47,10.0,0.5,10.0,0.17,0.17,43.278672,1776188456000
1776188458.006,58.006,0.53,10.0,0.5,10.0,0.7,10.0,0.71,17.0,0.3,10.0,0.29,17.0,0.47,10.0,0.5,10.0,0.17,0.17,43.277343,1776188457000
1776188459.139,59.139,0.53,10.0,0.5,10.0,0.7,10.0,0.71,17.0,0.3,10.0,0.29,17.0,0.47,10.0,0.5,10.0,0.17,0.17,43.27041,1776188458000
1776188460.01,60.01,0.53,10.0,0.5,10.0,0.7,10.0,0.71,17.0,0.3,10.0,0.29,17.0,0.47,10.0,0.5,10.0,0.17,0.17,43.265305,1776188459000
1776188461.1,61.1,0.53,10.0,0.5,10.0,0.7,10.0,0.71,17.0,0.3,10.0,0.29,17.0,0.47,10.0,0.5,10.0,0.17,0.17,43.266574,1776188460000
1776188461.986,61.986,0.53,10.0,0.5,10.0,0.7,10.0,0.71,17.0,0.3,10.0,0.29,17.0,0.47,10.0,0.5,10.0,0.17,0.17,43.266757,1776188461000
1776188463.429,63.429,0.53,10.0,0.5,10.0,0.7,10.0,0.71,17.0,0.3,10.0,0.29,17.0,0.47,10.0,0.5,10.0,0.17,0.17,43.266536,1776188462000
1776188464.046,64.046,0.53,10.0,0.5,10.0,0.7,10.0,0.71,17.0,0.3,10.0,0.29,17.0,0.47,10.0,0.5,10.0,0.17,0.17,43.26528,1776188463000
1776188465.43,65.43,0.53,10.0,0.5,10.0,0.7,10.0,0.71,17.0,0.3,10.0,0.29,17.0,0.47,10.0,0.5,10.0,0.17,0.17,43.265459,1776188464000
1776188466.065,66.065,0.53,10.0,0.5,10.0,0.7,10.0,0.71,17.0,0.3,10.0,0.29,17.0,0.47,10.0,0.5,10.0,0.17,0.17,43.265459,1776188465000
1776188467.168,67.168,0.53,10.0,0.5,10.0,0.7,10.0,0.71,17.0,0.3,10.0,0.29,17.0,0.47,10.0,0.5,10.0,0.17,0.17,43.261758,1776188466000
1776188468.417,68.417,0.53,10.0,0.5,10.0,0.7,10.0,0.71,17.0,0.3,10.0,0.29,17.0,0.47,10.0,0.5,10.0,0.17,0.17,43.258142,1776188467000
1776188468.958,68.958,0.53,10.0,0.5,10.0,0.7,10.0,0.71,17.0,0.3,10.0,0.29,17.0,0.47,10.0,0.5,10.0,0.17,0.17,43.258439,1776188468000
1776188470.14,70.14,0.53,10.0,0.5,10.0,0.7,10.0,0.71,17.0,0.3,10.0,0.29,17.0,0.47,10.0,0.5,10.0,0.17,0.17,43.261035,1776188469000
1776188471.314,71.314,0.53,10.0,0.5,10.0,0.7,10.0,0.71,17.0,0.3,10.0,0.29,17.0,0.47,10.0,0.5,10.0,0.17,0.17,43.259829,1776188470000
1776188472.285,72.285,0.53,10.0,0.5,10.0,0.7,10.0,0.71,17.0,0.3,10.0,0.29,17.0,0.47,10.0,0.5,10.0,0.17,0.17,43.260554,1776188471000
1776188473.457,73.457,0.53,10.0,0.5,10.0,0.7,10.0,0.71,17.0,0.3,10.0,0.29,17.0,0.47,10.0,0.5,10.0,0.17,0.17,43.259684,1776188472000
1776188474.174,74.174,0.53,10.0,0.5,10.0,0.7,10.0,0.71,17.0,0.3,10.0,0.29,17.0,0.47,10.0,0.5,10.0,0.17,0.17,43.258674,1776188473000
1776188475.106,75.106,0.53,10.0,0.5,10.0,0.7,10.0,0.71,17.0,0.3,10.0,0.29,17.0,0.47,10.0,0.5,10.0,0.17,0.17,43.258207,1776188474000
1776188476.492,76.492,0.53,10.0,0.5,10.0,0.7,10.0,0.71,17.0,0.3,10.0,0.29,17.0,0.47,10.0,0.5,10.0,0.17,0.17,43.27181,1776188475000
1776188477.888,77.888,0.53,10.0,0.5,10.0,0.7,10.0,0.71,17.0,0.3,10.0,0.29,17.0,0.47,10.0,0.5,10.0,0.17,0.17,43.284382,1776188476000
1776188478.494,78.494,0.53,10.0,0.5,10.0,0.7,10.0,0.71,17.0,0.3,10.0,0.29,17.0,0.47,10.0,0.5,10.0,0.17,0.17,43.284385,1776188477000
1776188479.001,79.001,0.53,10.0,0.5,10.0,0.7,10.0,0.71,17.0,0.3,10.0,0.29,17.0,0.47,10.0,0.5,10.0,0.17,0.17,43.283962,1776188478000
1776188480.147,80.147,0.53,10.0,0.5,10.0,0.7,10.0,0.71,17.0,0.3,10.0,0.29,17.0,0.47,10.0,0.5,10.0,0.17,0.17,43.281441,1776188479000
1776188481.43,81.43,0.53,10.0,0.5,10.0,0.7,10.0,0.71,17.0,0.3,10.0,0.29,17.0,0.47,10.0,0.5,10.0,0.17,0.17,43.280611,1776188480000
1776188482.083,82.083,0.53,10.0,0.5,10.0,0.7,10.0,0.71,17.0,0.3,10.0,0.29,17.0,0.47,10.0,0.5,10.0,0.17,0.17,43.281591,1776188481000
1776188483.229,83.229,0.53,10.0,0.5,10.0,0.7,10.0,0.71,17.0,0.3,10.0,0.29,17.0,0.47,10.0,0.5,10.0,0.17,0.17,43.281945,1776188482000
1776188484.338,84.338,0.53,10.0,0.5,10.0,0.7,10.0,0.71,17.0,0.3,10.0,0.29,17.0,0.47,10.0,0.5,10.0,0.17,0.17,43.284938,1776188483000
1776188484.937,84.937,0.53,10.0,0.5,10.0,0.7,10.0,0.71,17.0,0.3,10.0,0.29,17.0,0.47,10.0,0.5,10.0,0.17,0.17,43.284938,1776188484000
1776188486.076,86.076,0.53,10.0,0.5,10.0,0.7,10.0,0.71,17.0,0.3,10.0,0.29,17.0,0.47,10.0,0.5,10.0,0.17,0.17,43.288118,1776188485000
1776188487.212,87.212,0.53,10.0,0.5,10.0,0.7,10.0,0.71,17.0,0.3,10.0,0.29,17.0,0.47,10.0,0.5,10.0,0.17,0.17,43.285872,1776188486000
1776188488.365,88.365,0.53,10.0,0.5,10.0,0.7,10.0,0.71,17.0,0.3,10.0,0.29,17.0,0.47,10.0,0.5,10.0,0.17,0.17,43.285872,1776188487000
1776188489.456,89.456,0.53,10.0,0.5,10.0,0.7,10.0,0.71,17.0,0.3,10.0,0.29,17.0,0.47,10.0,0.5,10.0,0.17,0.17,43.285873,1776188488000
1776188489.965,89.965,0.53,10.0,0.5,10.0,0.7,10.0,0.71,17.0,0.3,10.0,0.29,17.0,0.47,10.0,0.5,10.0,0.17,0.17,43.287782,1776188489000
1776188491.177,91.177,0.53,10.0,0.5,10.0,0.7,10.0,0.71,17.0,0.3,10.0,0.29,17.0,0.47,10.0,0.5,10.0,0.17,0.17,43.28756,1776188490000
1776188492.601,92.601,0.53,10.0,0.5,10.0,0.7,10.0,0.71,17.0,0.3,10.0,0.29,17.0,0.47,10.0,0.5,10.0,0.17,0.17,43.287419,1776188491000
1776188493.06,93.06,0.53,10.0,0.5,10.0,0.7,10.0,0.71,17.0,0.3,10.0,0.29,17.0,0.47,10.0,0.5,10.0,0.17,0.17,43.287419,1776188492000
1776188494.204,94.204,0.53,10.0,0.5,10.0,0.7,10.0,0.71,17.0,0.3,10.0,0.29,17.0,0.47,10.0,0.5,10.0,0.17,0.17,43.287419,1776188493000
1776188495.279,95.279,0.53,10.0,0.5,10.0,0.7,10.0,0.71,17.0,0.3,10.0,0.29,17.0,0.47,10.0,0.5,10.0,0.17,0.17,43.287124,1776188494000
1776188496.434,96.434,0.53,10.0,0.5,10.0,0.7,10.0,0.71,17.0,0.3,10.0,0.29,17.0,0.47,10.0,0.5,10.0,0.17,0.17,43.290417,1776188495000
1776188497.321,97.321,0.53,10.0,0.5,10.0,0.7,10.0,0.71,17.0,0.3,10.0,0.29,17.0,0.47,10.0,0.5,10.0,0.17,0.17,43.290417,1776188496000
1776188497.936,97.936,0.53,10.0,0.5,10.0,0.7,10.0,0.71,17.0,0.3,10.0,0.29,17.0,0.47,10.0,0.5,10.0,0.17,0.17,43.290705,1776188497000
1776188499.017,99.017,0.53,10.0,0.5,10.0,0.7,10.0,0.71,17.0,0.3,10.0,0.29,17.0,0.47,10.0,0.5,10.0,0.17,0.17,43.290653,1776188498000
1776188500.042,100.042,0.53,10.0,0.5,10.0,0.7,10.0,0.71,17.0,0.3,10.0,0.29,17.0,0.47,10.0,0.5,10.0,0.17,0.17,43.290618,1776188499000
1776188501.156,101.156,0.53,10.0,0.5,10.0,0.7,10.0,0.71,17.0,0.3,10.0,0.29,17.0,0.47,10.0,0.5,10.0,0.17,0.17,43.290656,1776188500000
1776188502.161,102.161,0.53,10.0,0.5,10.0,0.7,10.0,0.71,17.0,0.3,10.0,0.29,17.0,0.47,10.0,0.5,10.0,0.17,0.17,43.29062,1776188501000
1776188503.084,103.084,0.53,10.0,0.5,10.0,0.7,10.0,0.71,17.0,0.3,10.0,0.29,17.0,0.47,10.0,0.5,10.0,0.17,0.17,43.290664,1776188502000
1776188504.256,104.256,0.53,10.0,0.5,10.0,0.7,10.0,0.71,17.0,0.3,10.0,0.29,17.0,0.47,10.0,0.5,10.0,0.17,0.17,43.290686,1776188503000
1776188505.217,105.217,0.53,10.0,0.5,10.0,0.7,10.0,0.71,17.0,0.3,10.0,0.29,17.0,0.47,10.0,0.5,10.0,0.17,0.17,43.291123,1776188504000
1776188506.258,106.258,0.53,10.0,0.5,10.0,0.7,10.0,0.71,17.0,0.3,10.0,0.29,17.0,0.47,10.0,0.5,10.0,0.17,0.17,43.290572,1776188505000
1776188507.331,107.331,0.53,10.0,0.5,10.0,0.7,10.0,0.71,17.0,0.3,10.0,0.29,17.0,0.47,10.0,0.5,10.0,0.17,0.17,43.298012,1776188506000
1776188508.301,108.301,0.53,10.0,0.5,10.0,0.7,10.0,0.71,17.0,0.3,10.0,0.29,17.0,0.47,10.0,0.5,10.0,0.17,0.17,43.300058,1776188507000
1776188509.4,109.4,0.53,10.0,0.5,10.0,0.7,10.0,0.71,17.0,0.3,10.0,0.29,17.0,0.47,10.0,0.5,10.0,0.17,0.17,43.299764,1776188508000
1776188509.951,109.951,0.53,10.0,0.5,10.0,0.7,10.0,0.71,17.0,0.3,10.0,0.29,17.0,0.47,10.0,0.5,10.0,0.17,0.17,43.304538,1776188509000
1776188511.205,111.205,0.53,10.0,0.5,10.0,0.7,10.0,0.71,17.0,0.3,10.0,0.29,17.0,0.47,10.0,0.5,10.0,0.17,0.17,43.315076,1776188510000
1776188512.247,112.247,0.53,10.0,0.5,10.0,0.7,10.0,0.71,17.0,0.3,10.0,0.29,17.0,0.47,10.0,0.5,10.0,0.17,0.17,43.313843,1776188511000
1776188513.259,113.259,0.53,10.0,0.5,10.0,0.7,10.0,0.71,17.0,0.3,10.0,0.29,17.0,0.47,10.0,0.5,10.0,0.17,0.17,43.313091,1776188512000
1776188514.398,114.398,0.53,10.0,0.5,10.0,0.7,10.0,0.71,17.0,0.3,10.0,0.29,17.0,0.47,10.0,0.5,10.0,0.17,0.17,43.306898,1776188513000
1776188514.992,114.992,0.53,10.0,0.5,10.0,0.7,10.0,0.71,17.0,0.3,10.0,0.29,17.0,0.47,10.0,0.5,10.0,0.17,0.17,43.306308,1776188514000
1776188515.956,115.956,0.53,10.0,0.5,10.0,0.7,10.0,0.71,17.0,0.3,10.0,0.29,17.0,0.47,10.0,0.5,10.0,0.17,0.17,43.304155,1776188515000
1776188517.084,117.084,0.53,10.0,0.5,10.0,0.7,10.0,0.71,17.0,0.3,10.0,0.29,17.0,0.47,10.0,0.5,10.0,0.17,0.17,43.300702,1776188516000
1776188518.119,118.119,0.53,10.0,0.5,10.0,0.7,10.0,0.71,17.0,0.3,10.0,0.29,17.0,0.47,10.0,0.5,10.0,0.17,0.17,43.297903,1776188517000
1776188519.126,119.126,0.53,10.0,0.5,10.0,0.7,10.0,0.71,17.0,0.3,10.0,0.29,17.0,0.47,10.0,0.5,10.0,0.17,0.17,43.290961,1776188518000
1776188520.083,120.083,0.53,10.0,0.5,10.0,0.7,10.0,0.71,17.0,0.3,10.0,0.29,17.0,0.47,10.0,0.5,10.0,0.17,0.17,43.283181,1776188519000
1776188521.206,121.206,0.53,10.0,0.5,10.0,0.7,10.0,0.71,17.0,0.3,10.0,0.29,17.0,0.47,10.0,0.5,10.0,0.17,0.17,43.280124,1776188520000
1776188522.328,122.328,0.53,10.0,0.5,10.0,0.7,10.0,0.71,17.0,0.3,10.0,0.29,17.0,0.47,10.0,0.5,10.0,0.17,0.17,43.277623,1776188521000
1776188523.048,123.048,0.53,10.0,0.5,10.0,0.7,10.0,0.71,17.0,0.3,10.0,0.29,17.0,0.47,10.0,0.5,10.0,0.17,0.17,43.277591,1776188522000
1776188524.135,124.135,0.53,10.0,0.5,10.0,0.7,10.0,0.71,17.0,0.3,10.0,0.29,17.0,0.47,10.0,0.5,10.0,0.17,0.17,43.276696,1776188523000
1776188525.214,125.214,0.53,10.0,0.5,10.0,0.7,10.0,0.71,17.0,0.3,10.0,0.29,17.0,0.47,10.0,0.5,10.0,0.17,0.17,43.275353,1776188524000
1776188526.397,126.397,0.53,10.0,0.5,10.0,0.7,10.0,0.71,17.0,0.3,10.0,0.29,17.0,0.47,10.0,0.5,10.0,0.17,0.17,43.27482,1776188525000
1776188527.427,127.427,0.53,10.0,0.5,10.0,0.7,10.0,0.71,17.0,0.3,10.0,0.29,17.0,0.47,10.0,0.5,10.0,0.17,0.17,43.274098,1776188526000
1776188528.108,128.108,0.53,10.0,0.5,10.0,0.7,10.0,0.71,17.0,0.3,10.0,0.29,17.0,0.47,10.0,0.5,10.0,0.17,0.17,43.274059,1776188527000
1776188529.266,129.266,0.53,10.0,0.5,10.0,0.7,10.0,0.71,17.0,0.3,10.0,0.29,17.0,0.47,10.0,0.5,10.0,0.17,0.17,43.273844,1776188528000
1776188530.44,130.44,0.53,10.0,0.5,10.0,0.7,10.0,0.71,17.0,0.3,10.0,0.29,17.0,0.47,10.0,0.5,10.0,0.17,0.17,43.271995,1776188529000
1776188530.967,130.967,0.53,10.0,0.5,10.0,0.7,10.0,0.71,17.0,0.3,10.0,0.29,17.0,0.47,10.0,0.5,10.0,0.17,0.17,43.270649,1776188530000
1776188532.11,132.11,0.53,10.0,0.5,10.0,0.7,10.0,0.71,17.0,0.3,10.0,0.29,17.0,0.47,10.0,0.5,10.0,0.17,0.17,43.270651,1776188531000
1776188533.259,133.259,0.53,10.0,0.5,10.0,0.7,10.0,0.71,17.0,0.3,10.0,0.29,17.0,0.47,10.0,0.5,10.0,0.17,0.17,43.266512,1776188532000
1776188534.95,134.95,0.53,10.0,0.5,10.0,0.7,10.0,0.71,17.0,0.3,10.0,0.29,17.0,0.47,10.0,0.5,10.0,0.17,0.17,43.266822,1776188533000
1776188535.523,135.523,0.53,10.0,0.5,10.0,0.7,10.0,0.71,17.0,0.3,10.0,0.29,17.0,0.47,10.0,0.5,10.0,0.17,0.17,43.267838,1776188534000
1776188536.08,136.08,0.53,10.0,0.5,10.0,0.7,10.0,0.71,17.0,0.3,10.0,0.29,17.0,0.47,10.0,0.5,10.0,0.17,0.17,43.270957,1776188535000
1776188537.302,137.302,0.53,10.0,0.5,10.0,0.7,10.0,0.71,17.0,0.3,10.0,0.29,17.0,0.47,10.0,0.5,10.0,0.17,0.17,43.275409,1776188536000
1776188538.044,138.044,0.53,10.0,0.5,10.0,0.7,10.0,0.71,17.0,0.3,10.0,0.29,17.0,0.47,10.0,0.5,10.0,0.17,0.17,43.275611,1776188537000
1776188539.205,139.205,0.53,10.0,0.5,10.0,0.7,10.0,0.71,17.0,0.3,10.0,0.29,17.0,0.47,10.0,0.5,10.0,0.17,0.17,43.275425,1776188538000
1776188540.291,140.291,0.53,10.0,0.5,10.0,0.7,10.0,0.71,17.0,0.3,10.0,0.29,17.0,0.47,10.0,0.5,10.0,0.17,0.17,43.274285,1776188539000
1776188541.298,141.298,0.53,10.0,0.5,10.0,0.7,10.0,0.71,17.0,0.3,10.0,0.29,17.0,0.47,10.0,0.5,10.0,0.17,0.17,43.271356,1776188540000
1776188541.962,141.962,0.53,10.0,0.5,10.0,0.7,10.0,0.71,17.0,0.3,10.0,0.29,17.0,0.47,10.0,0.5,10.0,0.17,0.17,43.267466,1776188541000
1776188543.017,143.017,0.53,10.0,0.5,10.0,0.7,10.0,0.71,17.0,0.3,10.0,0.29,17.0,0.47,10.0,0.5,10.0,0.17,0.17,43.264184,1776188542000
1776188544.171,144.171,0.53,10.0,0.5,10.0,0.7,10.0,0.71,17.0,0.3,10.0,0.29,17.0,0.47,10.0,0.5,10.0,0.17,0.17,43.263733,1776188543000
1776188545.217,145.217,0.53,10.0,0.5,10.0,0.7,10.0,0.71,17.0,0.3,10.0,0.29,17.0,0.47,10.0,0.5,10.0,0.17,0.17,43.262091,1776188544000
1776188546.229,146.229,0.53,10.0,0.5,10.0,0.7,10.0,0.71,17.0,0.3,10.0,0.29,17.0,0.47,10.0,0.5,10.0,0.17,0.17,43.260238,1776188545000
1776188547.31,147.31,0.53,10.0,0.5,10.0,0.7,10.0,0.71,17.0,0.3,10.0,0.29,17.0,0.47,10.0,0.5,10.0,0.17,0.17,43.260078,1776188546000
1776188547.898,147.898,0.53,10.0,0.5,10.0,0.7,10.0,0.71,17.0,0.3,10.0,0.29,17.0,0.47,10.0,0.5,10.0,0.17,0.17,43.259583,1776188547000
1776188549.615,149.615,0.53,10.0,0.5,10.0,0.7,10.0,0.71,17.0,0.3,10.0,0.29,17.0,0.47,10.0,0.5,10.0,0.17,0.17,43.25415,1776188548000
1776188550.369,150.369,0.53,10.0,0.5,10.0,0.7,10.0,0.71,17.0,0.3,10.0,0.29,17.0,0.47,10.0,0.5,10.0,0.17,0.17,43.255283,1776188549000
1776188551.587,151.587,0.53,10.0,0.5,10.0,0.7,10.0,0.71,17.0,0.3,10.0,0.29,17.0,0.47,10.0,0.5,10.0,0.17,0.17,43.255132,1776188550000
1776188552.246,152.246,0.53,10.0,0.5,10.0,0.7,10.0,0.71,17.0,0.3,10.0,0.29,17.0,0.47,10.0,0.5,10.0,0.17,0.17,43.255132,1776188551000
1776188553.433,153.433,0.53,10.0,0.5,10.0,0.7,10.0,0.71,17.0,0.3,10.0,0.29,17.0,0.47,10.0,0.5,10.0,0.17,0.17,43.254002,1776188552000
1776188554.129,154.129,0.53,10.0,0.5,10.0,0.7,10.0,0.71,17.0,0.3,10.0,0.29,17.0,0.47,10.0,0.5,10.0,0.17,0.17,43.253577,1776188553000
1776188555.344,155.344,0.53,10.0,0.5,10.0,0.7,10.0,0.71,17.0,0.3,10.0,0.29,17.0,0.47,10.0,0.5,10.0,0.17,0.17,43.254875,1776188554000
1776188556.069,156.069,0.53,10.0,0.5,10.0,0.7,10.0,0.71,17.0,0.3,10.0,0.29,17.0,0.47,10.0,0.5,10.0,0.17,0.17,43.254875,1776188555000
1776188557.269,157.269,0.53,10.0,0.5,10.0,0.7,10.0,0.71,17.0,0.3,10.0,0.29,17.0,0.47,10.0,0.5,10.0,0.17,0.17,43.254106,1776188556000
1776188558.617,158.617,0.53,10.0,0.5,10.0,0.7,10.0,0.71,17.0,0.3,10.0,0.29,17.0,0.47,10.0,0.5,10.0,0.17,0.17,43.25472,1776188557000
1776188559.223,159.223,0.53,10.0,0.5,10.0,0.7,10.0,0.71,17.0,0.3,10.0,0.29,17.0,0.47,10.0,0.5,10.0,0.17,0.17,43.254328,1776188558000
1776188560.63,160.63,0.53,10.0,0.5,10.0,0.7,10.0,0.71,17.0,0.3,10.0,0.29,17.0,0.47,10.0,0.5,10.0,0.17,0.17,43.255133,1776188559000
1776188561.368,161.368,0.53,10.0,0.5,10.0,0.7,10.0,0.71,17.0,0.3,10.0,0.29,17.0,0.47,10.0,0.5,10.0,0.17,0.17,43.255106,1776188560000
1776188562.483,162.483,0.53,10.0,0.5,10.0,0.7,10.0,0.71,17.0,0.3,10.0,0.29,17.0,0.47,10.0,0.5,10.0,0.17,0.17,43.255713,1776188561000
1776188563.176,163.176,0.53,10.0,0.5,10.0,0.7,10.0,0.71,17.0,0.3,10.0,0.29,17.0,0.47,10.0,0.5,10.0,0.17,0.17,43.258306,1776188562000
1776188564.456,164.456,0.53,10.0,0.5,10.0,0.7,10.0,0.71,17.0,0.3,10.0,0.29,17.0,0.47,10.0,0.5,10.0,0.17,0.17,43.254142,1776188563000
1776188565.032,165.032,0.53,10.0,0.5,10.0,0.7,10.0,0.71,17.0,0.3,10.0,0.29,17.0,0.47,10.0,0.5,10.0,0.17,0.17,43.254068,1776188564000
1776188566.077,166.077,0.53,10.0,0.5,10.0,0.7,10.0,0.71,17.0,0.3,10.0,0.29,17.0,0.47,10.0,0.5,10.0,0.17,0.17,43.249093,1776188565000
1776188567.064,167.064,0.53,10.0,0.5,10.0,0.7,10.0,0.71,17.0,0.3,10.0,0.29,17.0,0.47,10.0,0.5,10.0,0.17,0.17,43.249093,1776188566000
1776188568.048,168.048,0.53,10.0,0.5,10.0,0.7,10.0,0.71,17.0,0.3,10.0,0.29,17.0,0.47,10.0,0.5,10.0,0.17,0.17,43.250008,1776188567000
1776188569.066,169.066,0.53,10.0,0.5,10.0,0.7,10.0,0.71,17.0,0.3,10.0,0.29,17.0,0.47,10.0,0.5,10.0,0.17,0.17,43.250008,1776188568000
1776188570.055,170.055,0.53,10.0,0.5,10.0,0.7,10.0,0.71,17.0,0.3,10.0,0.29,17.0,0.47,10.0,0.5,10.0,0.17,0.17,43.250035,1776188569000
1776188571.1,171.1,0.53,10.0,0.5,10.0,0.7,10.0,0.71,17.0,0.3,10.0,0.29,17.0,0.47,10.0,0.5,10.0,0.17,0.17,43.24976,1776188570000
1776188572.148,172.148,0.53,10.0,0.5,10.0,0.7,10.0,0.71,17.0,0.3,10.0,0.29,17.0,0.47,10.0,0.5,10.0,0.17,0.17,43.249577,1776188571000
1776188573.196,173.196,0.53,10.0,0.5,10.0,0.7,10.0,0.71,17.0,0.3,10.0,0.29,17.0,0.47,10.0,0.5,10.0,0.17,0.17,43.249577,1776188572000
1776188574.184,174.184,0.53,10.0,0.5,10.0,0.7,10.0,0.71,17.0,0.3,10.0,0.29,17.0,0.47,10.0,0.5,10.0,0.17,0.17,43.248399,1776188573000
1776188575.268,175.268,0.53,10.0,0.5,10.0,0.7,10.0,0.71,17.0,0.3,10.0,0.29,17.0,0.47,10.0,0.5,10.0,0.17,0.17,43.248272,1776188574000
1776188575.905,175.905,0.53,10.0,0.5,10.0,0.7,10.0,0.71,17.0,0.3,10.0,0.29,17.0,0.47,10.0,0.5,10.0,0.17,0.17,43.248272,1776188575000
1776188576.908,176.908,0.53,10.0,0.5,10.0,0.7,10.0,0.71,17.0,0.3,10.0,0.29,17.0,0.47,10.0,0.5,10.0,0.17,0.17,43.248272,1776188576000
1776188577.994,177.994,0.53,10.0,0.5,10.0,0.7,10.0,0.71,17.0,0.3,10.0,0.29,17.0,0.47,10.0,0.5,10.0,0.17,0.17,43.248232,1776188577000
1776188579.433,179.433,0.53,10.0,0.5,10.0,0.7,10.0,0.71,17.0,0.3,10.0,0.29,17.0,0.47,10.0,0.5,10.0,0.17,0.17,43.245788,1776188578000
1776188580.126,180.126,0.53,10.0,0.5,10.0,0.7,10.0,0.71,17.0,0.3,10.0,0.29,17.0,0.47,10.0,0.5,10.0,0.17,0.17,43.245415,1776188579000
1776188581.177,181.177,0.53,10.0,0.5,10.0,0.7,10.0,0.71,17.0,0.3,10.0,0.29,17.0,0.47,10.0,0.5,10.0,0.17,0.17,43.245049,1776188580000
1776188582.407,182.407,0.53,10.0,0.5,10.0,0.7,10.0,0.71,17.0,0.3,10.0,0.29,17.0,0.47,10.0,0.5,10.0,0.17,0.17,43.245148,1776188581000
1776188583.11,183.11,0.53,10.0,0.5,10.0,0.7,10.0,0.71,17.0,0.3,10.0,0.29,17.0,0.47,10.0,0.5,10.0,0.17,0.17,43.245148,1776188582000
1776188584.381,184.381,0.53,10.0,0.5,10.0,0.7,10.0,0.71,17.0,0.3,10.0,0.29,17.0,0.47,10.0,0.5,10.0,0.17,0.17,43.244625,1776188583000
1776188585.054,185.054,0.53,10.0,0.5,10.0,0.7,10.0,0.71,17.0,0.3,10.0,0.29,17.0,0.47,10.0,0.5,10.0,0.17,0.17,43.244625,1776188584000
1776188586.148,186.148,0.53,10.0,0.5,10.0,0.7,10.0,0.71,17.0,0.3,10.0,0.29,17.0,0.47,10.0,0.5,10.0,0.17,0.17,43.244349,1776188585000
1776188587.265,187.265,0.53,10.0,0.5,10.0,0.7,10.0,0.71,17.0,0.3,10.0,0.29,17.0,0.47,10.0,0.5,10.0,0.17,0.17,43.244498,1776188586000
1776188588.379,188.379,0.53,10.0,0.5,10.0,0.7,10.0,0.71,17.0,0.3,10.0,0.29,17.0,0.47,10.0,0.5,10.0,0.17,0.17,43.24321,1776188587000
1776188588.988,188.988,0.53,10.0,0.5,10.0,0.7,10.0,0.71,17.0,0.3,10.0,0.29,17.0,0.47,10.0,0.5,10.0,0.17,0.17,43.24321,1776188588000
1776188590.162,190.162,0.53,10.0,0.5,10.0,0.7,10.0,0.71,17.0,0.3,10.0,0.29,17.0,0.47,10.0,0.5,10.0,0.17,0.17,43.243981,1776188589000
1776188591.349,191.349,0.53,10.0,0.5,10.0,0.7,10.0,0.71,17.0,0.3,10.0,0.29,17.0,0.47,10.0,0.5,10.0,0.17,0.17,43.243479,1776188590000
1776188592.587,192.587,0.53,10.0,0.5,10.0,0.7,10.0,0.71,17.0,0.3,10.0,0.29,17.0,0.47,10.0,0.5,10.0,0.17,0.17,43.243479,1776188591000
1776188593.156,193.156,0.53,10.0,0.5,10.0,0.7,10.0,0.71,17.0,0.3,10.0,0.29,17.0,0.47,10.0,0.5,10.0,0.17,0.17,43.243377,1776188592000
1776188594.729,194.729,0.53,10.0,0.5,10.0,0.7,10.0,0.71,17.0,0.3,10.0,0.29,17.0,0.47,10.0,0.5,10.0,0.17,0.17,43.24061,1776188593000
1776188595.631,195.631,0.53,10.0,0.5,10.0,0.7,10.0,0.71,17.0,0.3,10.0,0.29,17.0,0.47,10.0,0.5,10.0,0.17,0.17,43.239733,1776188594000
1776188596.203,196.203,0.53,10.0,0.5,10.0,0.7,10.0,0.71,17.0,0.3,10.0,0.29,17.0,0.47,10.0,0.5,10.0,0.17,0.17,43.237205,1776188595000
1776188597.298,197.298,0.53,10.0,0.5,10.0,0.7,10.0,0.71,17.0,0.3,10.0,0.29,17.0,0.47,10.0,0.5,10.0,0.17,0.17,43.235215,1776188596000
1776188598.382,198.382,0.63,15.0,0.62,8.0,0.73,22.26,0.74,15.0,0.3,10.0,0.29,17.0,0.47,10.0,0.5,10.0,0.1,0.17,43.235215,1776188596000
1776188599.104,199.104,0.63,15.0,0.62,8.0,0.73,22.26,0.74,15.0,0.27,22.26,0.26,15.0,0.37,15.0,0.38,8.0,0.1,0.1,43.231924,1776188598000
1776188600.164,200.164,0.63,15.0,0.62,8.0,0.73,22.26,0.74,15.0,0.27,22.26,0.26,15.0,0.37,15.0,0.38,8.0,0.1,0.1,43.235386,1776188599000
1776188601.259,201.259,0.63,15.0,0.62,8.0,0.73,22.26,0.74,15.0,0.27,22.26,0.26,15.0,0.37,15.0,0.38,8.0,0.1,0.1,43.237718,1776188600000
1776188602.335,202.335,0.63,15.0,0.62,8.0,0.73,22.26,0.74,15.0,0.27,22.26,0.26,15.0,0.37,15.0,0.38,8.0,0.1,0.1,43.23767,1776188601000
1776188603.419,203.419,0.63,15.0,0.62,8.0,0.73,22.26,0.74,15.0,0.27,22.26,0.26,15.0,0.37,15.0,0.38,8.0,0.1,0.1,43.239377,1776188602000
1776188603.932,203.932,0.63,15.0,0.62,8.0,0.73,22.26,0.74,15.0,0.27,22.26,0.26,15.0,0.37,15.0,0.38,8.0,0.1,0.1,43.239378,1776188603000
1776188605.065,205.065,0.63,15.0,0.62,8.0,0.73,22.26,0.74,15.0,0.27,22.26,0.26,15.0,0.37,15.0,0.38,8.0,0.1,0.1,43.247136,1776188604000
1776188606.583,206.583,0.63,15.0,0.62,8.0,0.73,22.26,0.74,15.0,0.27,22.26,0.26,15.0,0.37,15.0,0.38,8.0,0.1,0.1,43.250939,1776188605000
1776188607.054,207.054,0.63,15.0,0.62,8.0,0.73,22.26,0.74,15.0,0.27,22.26,0.26,15.0,0.37,15.0,0.38,8.0,0.1,0.1,43.25214,1776188606000
1776188608.273,208.273,0.63,15.0,0.62,8.0,0.73,22.26,0.74,15.0,0.27,22.26,0.26,15.0,0.37,15.0,0.38,8.0,0.1,0.1,43.252667,1776188607000
1776188609.91,209.91,0.63,15.0,0.62,8.0,0.73,22.26,0.74,15.0,0.27,22.26,0.26,15.0,0.37,15.0,0.38,8.0,0.1,0.1,43.258131,1776188608000
1776188610.728,210.728,0.78,16.0,0.77,15.0,0.82,9.95,0.88,15.0,0.27,22.26,0.26,15.0,0.37,15.0,0.38,8.0,0.04,0.1,43.258131,1776188608000
1776188610.965,210.965,0.79,10.0,0.78,6.0,0.89,15.0,0.9,15.0,0.18,4.9,0.12,15.0,0.22,6.0,0.25,15.0,0.1,0.04,43.25963,1776188609000
1776188611.618,211.618,0.79,10.0,0.78,6.0,0.89,15.0,0.9,15.0,0.11,15.0,0.1,15.0,0.21,10.0,0.22,6.0,0.1,0.1,43.260742,1776188610000
1776188612.489,212.489,0.79,10.0,0.78,6.0,0.89,15.0,0.9,15.0,0.11,15.0,0.1,15.0,0.21,10.0,0.22,6.0,0.1,0.1,43.260979,1776188611000
1776188613.358,213.358,0.79,10.0,0.78,6.0,0.89,15.0,0.9,15.0,0.11,15.0,0.1,15.0,0.21,10.0,0.22,6.0,0.1,0.1,43.265044,1776188612000
1776188614.605,214.605,0.79,10.0,0.78,6.0,0.89,15.0,0.9,15.0,0.11,15.0,0.1,15.0,0.21,10.0,0.22,6.0,0.1,0.1,43.2845,1776188613000
1776188615.271,215.271,0.79,10.0,0.78,6.0,0.89,15.0,0.9,15.0,0.11,15.0,0.1,15.0,0.21,10.0,0.22,6.0,0.1,0.1,43.290986,1776188614000
1776188616.227,216.227,0.78,25.0,0.77,15.0,0.92,13.91,0.93,15.0,0.11,15.0,0.1,15.0,0.21,10.0,0.22,6.0,0.14,0.1,43.290986,1776188614000
1776188616.773,216.773,0.78,25.0,0.77,15.0,0.92,9.55,0.93,15.0,0.08,9.55,0.07,15.0,0.22,25.0,0.23,15.0,0.14,0.14,43.287417,1776188615000
1776188617.526,217.526,0.78,25.0,0.77,15.0,0.92,9.55,0.93,15.0,0.08,9.55,0.07,15.0,0.22,25.0,0.23,15.0,0.14,0.14,43.277186,1776188616000
1776188618.169,218.169,0.78,25.0,0.77,15.0,0.92,9.55,0.93,15.0,0.08,9.55,0.07,15.0,0.22,25.0,0.23,15.0,0.14,0.14,43.276325,1776188617000
1776188619.635,219.635,0.78,25.0,0.77,15.0,0.92,9.55,0.93,15.0,0.08,9.55,0.07,15.0,0.22,25.0,0.23,15.0,0.14,0.14,43.276139,1776188618000
1776188620.297,220.297,0.78,25.0,0.77,15.0,0.92,9.55,0.93,15.0,0.08,9.55,0.07,15.0,0.22,25.0,0.23,15.0,0.14,0.14,43.277423,1776188619000
1776188621.608,221.608,0.78,25.0,0.77,15.0,0.92,9.55,0.93,15.0,0.08,9.55,0.07,15.0,0.22,25.0,0.23,15.0,0.14,0.14,43.277119,1776188620000
1776188622.312,222.312,0.78,25.0,0.77,15.0,0.92,9.55,0.93,15.0,0.08,9.55,0.07,15.0,0.22,25.0,0.23,15.0,0.14,0.14,43.277119,1776188621000
1776188623.785,223.785,0.78,25.0,0.77,15.0,0.92,9.55,0.93,15.0,0.08,9.55,0.07,15.0,0.22,25.0,0.23,15.0,0.14,0.14,43.27687,1776188622000
1776188624.559,224.559,0.78,25.0,0.77,15.0,0.92,9.55,0.93,15.0,0.08,9.55,0.07,15.0,0.22,25.0,0.23,15.0,0.14,0.14,43.276854,1776188623000
1776188625.206,225.206,0.78,25.0,0.77,15.0,0.92,9.55,0.93,15.0,0.08,9.55,0.07,15.0,0.22,25.0,0.23,15.0,0.14,0.14,43.276481,1776188624000
1776188626.672,226.672,0.78,25.0,0.77,15.0,0.92,9.55,0.93,15.0,0.08,9.55,0.07,15.0,0.22,25.0,0.23,15.0,0.14,0.14,43.276425,1776188625000
1776188627.265,227.265,0.78,25.0,0.77,15.0,0.92,9.55,0.93,15.0,0.08,9.55,0.07,15.0,0.22,25.0,0.23,15.0,0.14,0.14,43.276425,1776188626000
1776188628.367,228.367,0.78,25.0,0.77,15.0,0.92,9.55,0.93,15.0,0.08,9.55,0.07,15.0,0.22,25.0,0.23,15.0,0.14,0.14,43.276445,1776188627000
1776188628.879,228.879,0.78,25.0,0.77,15.0,0.92,9.55,0.93,15.0,0.08,9.55,0.07,15.0,0.22,25.0,0.23,15.0,0.14,0.14,43.275995,1776188628000
1776188629.858,229.858,0.78,25.0,0.77,15.0,0.92,9.55,0.93,15.0,0.08,9.55,0.07,15.0,0.22,25.0,0.23,15.0,0.14,0.14,43.272025,1776188629000
1776188630.891,230.891,0.78,25.0,0.77,15.0,0.92,9.55,0.93,15.0,0.08,9.55,0.07,15.0,0.22,25.0,0.23,15.0,0.14,0.14,43.267166,1776188630000
1776188631.966,231.966,0.78,25.0,0.77,15.0,0.92,9.55,0.93,15.0,0.08,9.55,0.07,15.0,0.22,25.0,0.23,15.0,0.14,0.14,43.264059,1776188631000
1776188633.024,233.024,0.78,25.0,0.77,15.0,0.92,9.55,0.93,15.0,0.08,9.55,0.07,15.0,0.22,25.0,0.23,15.0,0.14,0.14,43.262708,1776188632000
1776188633.962,233.962,0.78,25.0,0.77,15.0,0.92,9.55,0.93,15.0,0.08,9.55,0.07,15.0,0.22,25.0,0.23,15.0,0.14,0.14,43.261229,1776188633000
1776188634.965,234.965,0.78,25.0,0.77,15.0,0.92,9.55,0.93,15.0,0.08,9.55,0.07,15.0,0.22,25.0,0.23,15.0,0.14,0.14,43.260464,1776188634000
1776188636.006,236.006,0.78,25.0,0.77,15.0,0.92,9.55,0.93,15.0,0.08,9.55,0.07,15.0,0.22,25.0,0.23,15.0,0.14,0.14,43.260607,1776188635000
1776188636.972,236.972,0.78,25.0,0.77,15.0,0.92,9.55,0.93,15.0,0.08,9.55,0.07,15.0,0.22,25.0,0.23,15.0,0.14,0.14,43.260285,1776188636000
1776188638.036,238.036,0.78,25.0,0.77,15.0,0.92,9.55,0.93,15.0,0.08,9.55,0.07,15.0,0.22,25.0,0.23,15.0,0.14,0.14,43.260285,1776188637000
1776188638.989,238.989,0.78,25.0,0.77,15.0,0.92,9.55,0.93,15.0,0.08,9.55,0.07,15.0,0.22,25.0,0.23,15.0,0.14,0.14,43.260094,1776188638000
1776188639.991,239.991,0.78,25.0,0.77,15.0,0.92,9.55,0.93,15.0,0.08,9.55,0.07,15.0,0.22,25.0,0.23,15.0,0.14,0.14,43.259716,1776188639000
1776188641.614,241.614,0.78,25.0,0.77,15.0,0.92,9.55,0.93,15.0,0.08,9.55,0.07,15.0,0.22,25.0,0.23,15.0,0.14,0.14,43.259803,1776188640000
1776188642.271,242.271,0.78,25.0,0.77,15.0,0.92,9.55,0.93,15.0,0.08,9.55,0.07,15.0,0.22,25.0,0.23,15.0,0.14,0.14,43.259803,1776188641000
1776188643.539,243.539,0.78,25.0,0.77,15.0,0.92,9.55,0.93,15.0,0.08,9.55,0.07,15.0,0.22,25.0,0.23,15.0,0.14,0.14,43.259654,1776188642000
1776188644.162,244.162,0.78,25.0,0.77,15.0,0.92,9.55,0.93,15.0,0.08,9.55,0.07,15.0,0.22,25.0,0.23,15.0,0.14,0.14,43.259635,1776188643000
1776188644.886,244.886,0.86,5.0,0.83,15.0,0.9,12.77,0.91,15.0,0.08,9.55,0.07,15.0,0.22,25.0,0.23,15.0,0.04,0.14,43.259635,1776188643000
1776188645.28,245.28,0.86,5.0,0.83,15.0,0.9,6.61,0.91,15.0,0.1,6.61,0.09,15.0,0.14,5.0,0.17,15.0,0.04,0.04,43.261563,1776188644000
1776188646.788,246.788,0.86,5.0,0.83,15.0,0.9,6.61,0.91,15.0,0.1,6.61,0.09,15.0,0.14,5.0,0.17,15.0,0.04,0.04,43.261985,1776188645000
1776188647.415,247.415,0.86,5.0,0.83,15.0,0.9,6.61,0.91,15.0,0.1,6.61,0.09,15.0,0.14,5.0,0.17,15.0,0.04,0.04,43.262719,1776188646000
1776188648.695,248.695,0.86,5.0,0.83,15.0,0.9,6.61,0.91,15.0,0.1,6.61,0.09,15.0,0.14,5.0,0.17,15.0,0.04,0.04,43.262548,1776188647000
1776188649.431,249.431,0.86,5.0,0.83,15.0,0.9,6.61,0.91,15.0,0.1,6.61,0.09,15.0,0.14,5.0,0.17,15.0,0.04,0.04,43.263967,1776188648000
1776188650.254,250.254,0.86,5.0,0.83,15.0,0.9,6.61,0.91,15.0,0.1,6.61,0.09,15.0,0.14,5.0,0.17,15.0,0.04,0.04,43.269099,1776188649000
1776188651.633,251.633,0.86,5.0,0.83,15.0,0.9,6.61,0.91,15.0,0.1,6.61,0.09,15.0,0.14,5.0,0.17,15.0,0.04,0.04,43.273012,1776188650000
1776188652.245,252.245,0.86,5.0,0.83,15.0,0.9,6.61,0.91,15.0,0.1,6.61,0.09,15.0,0.14,5.0,0.17,15.0,0.04,0.04,43.279789,1776188651000
1776188653.688,253.688,0.86,5.0,0.83,15.0,0.9,6.61,0.91,15.0,0.1,6.61,0.09,15.0,0.14,5.0,0.17,15.0,0.04,0.04,43.285839,1776188652000
1776188654.524,254.524,0.86,5.0,0.83,15.0,0.9,6.61,0.91,15.0,0.1,6.61,0.09,15.0,0.14,5.0,0.17,15.0,0.04,0.04,43.285839,1776188653000
1776188655.098,255.098,0.91,15.0,0.9,15.0,0.96,8.95,0.97,15.0,0.04,13.95,0.03,15.0,0.09,15.0,0.1,15.0,0.05,0.05,43.285839,1776188653000
1776188656.532,256.532,0.92,15.0,0.91,15.0,0.96,3.79,0.97,15.0,0.04,3.79,0.03,15.0,0.08,15.0,0.09,15.0,0.04,0.04,43.284209,1776188655000
1776188657.184,257.184,0.92,15.0,0.91,15.0,0.96,3.79,0.97,15.0,0.04,3.79,0.03,15.0,0.08,15.0,0.09,15.0,0.04,0.04,43.284209,1776188656000
1776188659.171,259.171,0.92,15.0,0.91,15.0,0.96,3.79,0.97,15.0,0.04,3.79,0.03,15.0,0.08,15.0,0.09,15.0,0.04,0.04,43.283802,1776188658000
1776188659.688,259.688,0.94,15.0,0.93,15.0,0.97,13.96,0.98,20.0,0.04,3.79,0.03,15.0,0.08,15.0,0.09,15.0,0.03,0.04,43.283802,1776188658000
1776188660.083,260.083,0.94,15.0,0.93,15.0,0.97,13.96,0.98,20.0,0.03,13.96,0.02,20.0,0.06,15.0,0.07,15.0,0.03,0.03,43.284123,1776188659000
1776188661.08,261.08,0.94,15.0,0.93,15.0,0.97,13.96,0.98,20.0,0.03,13.96,0.02,20.0,0.06,15.0,0.07,15.0,0.03,0.03,43.283756,1776188660000
1776188662.066,262.066,0.94,15.0,0.93,15.0,0.97,13.96,0.98,20.0,0.03,13.96,0.02,20.0,0.06,15.0,0.07,15.0,0.03,0.03,43.283524,1776188661000
1776188662.285,262.285,0.93,15.0,0.92,15.0,0.97,13.96,0.98,20.0,0.03,13.96,0.02,20.0,0.06,15.0,0.07,15.0,0.04,0.03,43.283524,1776188661000
1776188663.178,263.178,0.93,15.0,0.92,15.0,0.97,13.96,0.98,20.0,0.03,13.96,0.02,20.0,0.07,15.0,0.08,15.0,0.04,0.04,43.283524,1776188662000
1776188664.266,264.266,0.93,15.0,0.92,15.0,0.97,13.96,0.98,20.0,0.03,13.96,0.02,20.0,0.07,15.0,0.08,15.0,0.04,0.04,43.281377,1776188663000
1776188665.227,265.227,0.93,15.0,0.92,15.0,0.97,13.96,0.98,20.0,0.03,13.96,0.02,20.0,0.07,15.0,0.08,15.0,0.04,0.04,43.277408,1776188664000
1776188666.226,266.226,0.93,15.0,0.92,15.0,0.97,13.96,0.98,20.0,0.03,13.96,0.02,20.0,0.07,15.0,0.08,15.0,0.04,0.04,43.273915,1776188665000
1776188667.21,267.21,0.93,15.0,0.92,15.0,0.97,13.96,0.98,20.0,0.03,13.96,0.02,20.0,0.07,15.0,0.08,15.0,0.04,0.04,43.273798,1776188666000
1776188668.185,268.185,0.93,15.0,0.92,15.0,0.97,13.96,0.98,20.0,0.03,13.96,0.02,20.0,0.07,15.0,0.08,15.0,0.04,0.04,43.271401,1776188667000
1776188669.319,269.319,0.93,15.0,0.92,15.0,0.97,13.96,0.98,20.0,0.03,13.96,0.02,20.0,0.07,15.0,0.08,15.0,0.04,0.04,43.271282,1776188668000
1776188670.432,270.432,0.93,15.0,0.92,15.0,0.97,13.96,0.98,20.0,0.03,13.96,0.02,20.0,0.07,15.0,0.08,15.0,0.04,0.04,43.270985,1776188669000
1776188670.67,270.67,0.94,15.0,0.93,15.0,0.98,13.76,0.99,200.0,0.02,18.81,0.01,200.0,0.06,15.0,0.07,15.0,0.04,0.04,43.270985,1776188669000
1776188671.211,271.211,0.94,9.86,0.93,15.0,0.97,15.0,0.98,8.71,0.02,8.71,0.01,200.0,0.06,15.0,0.07,15.0,0.03,0.04,43.270985,1776188669000
1776188672.301,272.301,0.94,9.86,0.93,15.0,0.97,15.0,0.98,8.71,0.03,15.0,0.02,8.71,0.06,9.86,0.07,15.0,0.03,0.03,43.270553,1776188671000
1776188673.329,273.329,0.94,9.86,0.93,15.0,0.97,15.0,0.98,8.71,0.03,15.0,0.02,8.71,0.06,9.86,0.07,15.0,0.03,0.03,43.270553,1776188672000
1776188674.022,274.022,0.96,15.0,0.95,20.0,0.99,170.0,,,0.03,15.0,0.02,8.71,0.06,9.86,0.07,15.0,0.03,0.03,43.270553,1776188672000
1776188674.422,274.422,0.96,15.0,0.95,20.0,0.99,170.0,,,0.01,170.0,,,0.04,15.0,0.05,20.0,0.03,0.03,43.270562,1776188673000
1776188674.924,274.924,0.97,15.0,0.96,15.0,0.99,168.98,,,0.01,170.0,,,0.04,15.0,0.05,20.0,0.02,0.03,43.270562,1776188673000
1776188676.0,276.0,0.97,15.0,0.96,15.0,0.99,168.98,,,0.01,168.98,,,0.03,15.0,0.04,15.0,0.02,0.02,43.270552,1776188675000
1776188677.066,277.066,0.97,15.0,0.96,15.0,0.99,168.98,,,0.01,168.98,,,0.03,15.0,0.04,15.0,0.02,0.02,43.270551,1776188676000
1776188678.081,278.081,0.97,15.0,0.96,15.0,0.99,168.98,,,0.01,168.98,,,0.03,15.0,0.04,15.0,0.02,0.02,43.271805,1776188677000
1776188679.118,279.118,0.97,15.0,0.96,15.0,0.99,168.98,,,0.01,168.98,,,0.03,15.0,0.04,15.0,0.02,0.02,43.274989,1776188678000
1776188680.14,280.14,0.97,15.0,0.96,15.0,0.99,168.98,,,0.01,168.98,,,0.03,15.0,0.04,15.0,0.02,0.02,43.281268,1776188679000
1776188680.572,280.572,0.88,63.68,0.7,5.0,0.99,143.88,,,0.01,168.98,,,0.03,15.0,0.04,15.0,0.11,0.02,43.281268,1776188679000
1776188681.255,281.255,0.88,63.68,0.7,5.0,0.99,143.88,,,0.01,143.88,,,0.12,63.68,0.3,5.0,0.11,0.11,43.28238,1776188680000
1776188682.284,282.284,0.88,63.68,0.7,5.0,0.99,143.88,,,0.01,143.88,,,0.12,63.68,0.3,5.0,0.11,0.11,43.28242,1776188681000
1776188683.232,283.232,0.88,63.68,0.7,5.0,0.99,143.88,,,0.01,143.88,,,0.12,63.68,0.3,5.0,0.11,0.11,43.300499,1776188682000
1776188683.55,283.55,0.88,63.68,0.7,5.0,0.99,138.88,,,0.01,143.88,,,0.12,63.68,0.3,5.0,0.11,0.11,43.300499,1776188682000
1776188684.206,284.206,0.88,63.68,0.7,5.0,0.99,138.88,,,0.01,138.88,,,0.12,63.68,0.3,5.0,0.11,0.11,43.303907,1776188683000
1776188685.486,285.486,0.88,63.68,0.7,5.0,0.99,133.88,,,0.01,138.88,,,0.12,63.68,0.3,5.0,0.11,0.11,43.303907,1776188683000
1776188685.882,285.882,0.88,63.68,0.7,5.0,0.99,128.88,,,0.01,133.88,,,0.12,63.68,0.3,5.0,0.11,0.11,43.302452,1776188684000
1776188686.213,286.213,0.88,63.68,0.7,5.0,0.99,128.88,,,0.01,128.88,,,0.12,63.68,0.3,5.0,0.11,0.11,43.301545,1776188685000
1776188687.201,287.201,0.88,63.68,0.7,5.0,0.99,128.88,,,0.01,128.88,,,0.12,63.68,0.3,5.0,0.11,0.11,43.296799,1776188686000
1776188688.187,288.187,0.88,63.68,0.7,5.0,0.99,128.88,,,0.01,128.88,,,0.12,63.68,0.3,5.0,0.11,0.11,43.292733,1776188687000
1776188689.24,289.24,0.88,63.68,0.7,5.0,0.99,128.88,,,0.01,128.88,,,0.12,63.68,0.3,5.0,0.11,0.11,43.292007,1776188688000
1776188690.249,290.249,0.88,63.68,0.7,5.0,0.99,128.88,,,0.01,128.88,,,0.12,63.68,0.3,5.0,0.11,0.11,43.290229,1776188689000
1776188690.785,290.785,0.88,63.68,0.7,5.0,0.99,118.77,,,0.01,128.88,,,0.12,63.68,0.3,5.0,0.11,0.11,43.290229,1776188689000
1776188691.236,291.236,0.88,63.68,0.7,5.0,0.99,118.77,,,0.01,118.77,,,0.12,63.68,0.3,5.0,0.11,0.11,43.28873,1776188690000
1776188692.372,292.372,0.88,63.68,0.7,5.0,0.99,118.77,,,0.01,118.77,,,0.12,63.68,0.3,5.0,0.11,0.11,43.288857,1776188691000
1776188692.892,292.892,0.88,14.57,0.7,5.0,0.99,63.21,,,0.01,63.21,,,0.12,14.57,0.3,5.0,0.11,0.11,43.288772,1776188692000
1776188693.175,293.175,0.88,14.57,0.7,5.0,0.99,38.0,,,0.01,58.21,,,0.12,14.57,0.3,5.0,0.11,0.11,43.288772,1776188692000
1776188693.927,293.927,0.88,14.57,0.7,5.0,0.99,38.0,,,0.01,38.0,,,0.12,14.57,0.3,5.0,0.11,0.11,43.288593,1776188693000
1776188695.016,295.016,0.88,14.57,0.7,5.0,0.99,38.0,,,0.01,38.0,,,0.12,14.57,0.3,5.0,0.11,0.11,43.288593,1776188694000
1776188696.062,296.062,0.88,14.57,0.7,5.0,0.99,38.0,,,0.01,38.0,,,0.12,14.57,0.3,5.0,0.11,0.11,43.288458,1776188695000
1776188696.685,296.685,0.88,14.57,0.7,5.0,,,,,0.01,38.0,,,0.12,14.57,0.3,5.0,,0.11,43.288458,1776188695000
1776188697.198,297.198,0.88,14.57,0.7,5.0,,,,,,,,,0.12,14.57,0.3,5.0,,,43.288484,1776188696000
1776188698.1,298.1,0.88,14.57,0.7,5.0,,,,,,,,,0.12,14.57,0.3,5.0,,,43.28834,1776188697000
1776188699.079,299.079,0.88,14.57,0.7,5.0,,,,,,,,,0.12,14.57,0.3,5.0,,,43.28834,1776188698000
1776188700.217,300.217,0.88,14.57,0.7,5.0,,,,,,,,,0.12,14.57,0.3,5.0,,,43.287898,1776188699000

# RESULT,winner=Up,slug=hype-updown-5m-1776188400,ticks=302
