timestamp,elapsed_sec,up_bid_p1,up_bid_s1,up_bid_p2,up_bid_s2,up_ask_p1,up_ask_s1,up_ask_p2,up_ask_s2,down_bid_p1,down_bid_s1,down_bid_p2,down_bid_s2,down_ask_p1,down_ask_s1,down_ask_p2,down_ask_s2,up_spread,down_spread,hype_price,hype_oracle_ts
1776187811.416,11.416,,,,,,,,,,,,,,,,,,,43.23204,1776187810000
1776187811.894,11.894,0.5,10.0,0.48,5.0,0.65,14.0,0.67,10.0,0.35,14.0,0.33,10.0,0.5,10.0,0.52,5.0,0.15,0.15,43.233537,1776187811000
1776187813.081,13.081,0.5,10.0,0.49,5.0,0.65,14.0,0.67,10.0,0.35,14.0,0.33,10.0,0.5,10.0,0.51,5.0,0.15,0.15,43.235824,1776187812000
1776187814.128,14.128,0.5,10.0,0.49,5.0,0.65,14.0,0.67,10.0,0.35,14.0,0.33,10.0,0.5,10.0,0.51,5.0,0.15,0.15,43.236657,1776187813000
1776187815.219,15.219,0.5,10.0,0.49,5.0,0.65,14.0,0.67,10.0,0.35,14.0,0.33,10.0,0.5,10.0,0.51,5.0,0.15,0.15,43.237018,1776187814000
1776187816.378,16.378,0.5,10.0,0.49,5.0,0.65,14.0,0.67,10.0,0.35,14.0,0.33,10.0,0.5,10.0,0.51,5.0,0.15,0.15,43.237019,1776187815000
1776187816.974,16.974,0.5,10.0,0.49,5.0,0.65,14.0,0.67,10.0,0.35,14.0,0.33,10.0,0.5,10.0,0.51,5.0,0.15,0.15,43.237019,1776187816000
1776187818.076,18.076,0.5,10.0,0.49,5.0,0.65,14.0,0.67,10.0,0.35,14.0,0.33,10.0,0.5,10.0,0.51,5.0,0.15,0.15,43.237019,1776187817000
1776187819.177,19.177,0.5,10.0,0.49,5.0,0.65,14.0,0.67,10.0,0.35,14.0,0.33,10.0,0.5,10.0,0.51,5.0,0.15,0.15,43.240127,1776187818000
1776187820.272,20.272,0.5,10.0,0.49,5.0,0.65,14.0,0.67,10.0,0.35,14.0,0.33,10.0,0.5,10.0,0.51,5.0,0.15,0.15,43.251664,1776187819000
1776187821.392,21.392,0.5,10.0,0.49,5.0,0.65,14.0,0.67,10.0,0.35,14.0,0.33,10.0,0.5,10.0,0.51,5.0,0.15,0.15,43.253407,1776187820000
1776187822.46,22.46,0.5,10.0,0.49,5.0,0.65,14.0,0.67,10.0,0.35,14.0,0.33,10.0,0.5,10.0,0.51,5.0,0.15,0.15,43.252674,1776187821000
1776187823.198,23.198,0.5,10.0,0.49,5.0,0.65,14.0,0.67,10.0,0.35,14.0,0.33,10.0,0.5,10.0,0.51,5.0,0.15,0.15,43.25274,1776187822000
1776187824.356,24.356,0.5,10.0,0.49,5.0,0.65,14.0,0.67,10.0,0.35,14.0,0.33,10.0,0.5,10.0,0.51,5.0,0.15,0.15,43.247489,1776187823000
1776187825.077,25.077,0.5,10.0,0.49,5.0,0.65,14.0,0.67,10.0,0.35,14.0,0.33,10.0,0.5,10.0,0.51,5.0,0.15,0.15,43.248367,1776187824000
1776187826.389,26.389,0.5,10.0,0.49,5.0,0.65,14.0,0.67,10.0,0.35,14.0,0.33,10.0,0.5,10.0,0.51,5.0,0.15,0.15,43.247813,1776187825000
1776187827.201,27.201,0.5,10.0,0.49,5.0,0.65,14.0,0.67,10.0,0.35,14.0,0.33,10.0,0.5,10.0,0.51,5.0,0.15,0.15,43.247813,1776187826000
1776187828.488,28.488,0.5,10.0,0.49,5.0,0.65,14.0,0.67,10.0,0.35,14.0,0.33,10.0,0.5,10.0,0.51,5.0,0.15,0.15,43.248442,1776187827000
1776187829.271,29.271,0.5,10.0,0.49,5.0,0.65,14.0,0.67,10.0,0.35,14.0,0.33,10.0,0.5,10.0,0.51,5.0,0.15,0.15,43.248442,1776187828000
1776187830.549,30.549,0.5,10.0,0.49,5.0,0.65,14.0,0.67,10.0,0.35,14.0,0.33,10.0,0.5,10.0,0.51,5.0,0.15,0.15,43.248245,1776187829000
1776187831.278,31.278,0.5,10.0,0.49,5.0,0.65,14.0,0.67,10.0,0.35,14.0,0.33,10.0,0.5,10.0,0.51,5.0,0.15,0.15,43.248173,1776187830000
1776187832.624,32.624,0.5,10.0,0.49,5.0,0.65,14.0,0.67,10.0,0.35,14.0,0.33,10.0,0.5,10.0,0.51,5.0,0.15,0.15,43.247397,1776187831000
1776187833.394,33.394,0.5,10.0,0.49,5.0,0.65,14.0,0.67,10.0,0.35,14.0,0.33,10.0,0.5,10.0,0.51,5.0,0.15,0.15,43.247368,1776187832000
1776187834.787,34.787,0.5,10.0,0.49,5.0,0.65,14.0,0.67,10.0,0.35,14.0,0.33,10.0,0.5,10.0,0.51,5.0,0.15,0.15,43.245959,1776187833000
1776187835.428,35.428,0.5,10.0,0.49,5.0,0.65,14.0,0.67,10.0,0.35,14.0,0.33,10.0,0.5,10.0,0.51,5.0,0.15,0.15,43.246174,1776187834000
1776187836.162,36.162,0.5,10.0,0.49,5.0,0.65,14.0,0.67,10.0,0.35,14.0,0.33,10.0,0.5,10.0,0.51,5.0,0.15,0.15,43.24562,1776187835000
1776187837.615,37.615,0.5,10.0,0.49,5.0,0.65,14.0,0.67,10.0,0.35,14.0,0.33,10.0,0.5,10.0,0.51,5.0,0.15,0.15,43.244641,1776187836000
1776187838.164,38.164,0.5,10.0,0.49,5.0,0.65,14.0,0.67,10.0,0.35,14.0,0.33,10.0,0.5,10.0,0.51,5.0,0.15,0.15,43.242408,1776187837000
1776187839.997,39.997,0.5,10.0,0.49,5.0,0.65,14.0,0.67,10.0,0.35,14.0,0.33,10.0,0.5,10.0,0.51,5.0,0.15,0.15,43.241815,1776187838000
1776187840.561,40.561,0.5,10.0,0.49,5.0,0.65,14.0,0.67,10.0,0.35,14.0,0.33,10.0,0.5,10.0,0.51,5.0,0.15,0.15,43.241401,1776187839000
1776187841.068,41.068,0.5,10.0,0.49,5.0,0.65,14.0,0.67,10.0,0.35,14.0,0.33,10.0,0.5,10.0,0.51,5.0,0.15,0.15,43.241401,1776187840000
1776187842.222,42.222,0.5,10.0,0.49,5.0,0.65,14.0,0.67,10.0,0.35,14.0,0.33,10.0,0.5,10.0,0.51,5.0,0.15,0.15,43.241383,1776187841000
1776187843.316,43.316,0.5,10.0,0.49,5.0,0.65,14.0,0.67,10.0,0.35,14.0,0.33,10.0,0.5,10.0,0.51,5.0,0.15,0.15,43.24296,1776187842000
1776187844.301,44.301,0.5,10.0,0.49,5.0,0.65,14.0,0.67,10.0,0.35,14.0,0.33,10.0,0.5,10.0,0.51,5.0,0.15,0.15,43.246537,1776187843000
1776187845.413,45.413,0.5,10.0,0.49,5.0,0.65,14.0,0.67,10.0,0.35,14.0,0.33,10.0,0.5,10.0,0.51,5.0,0.15,0.15,43.24661,1776187844000
1776187846.393,46.393,0.5,10.0,0.49,5.0,0.65,14.0,0.67,10.0,0.35,14.0,0.33,10.0,0.5,10.0,0.51,5.0,0.15,0.15,43.247954,1776187845000
1776187847.384,47.384,0.5,10.0,0.49,5.0,0.65,14.0,0.67,10.0,0.35,14.0,0.33,10.0,0.5,10.0,0.51,5.0,0.15,0.15,43.251482,1776187846000
1776187848.407,48.407,0.5,10.0,0.49,5.0,0.65,14.0,0.67,10.0,0.35,14.0,0.33,10.0,0.5,10.0,0.51,5.0,0.15,0.15,43.252316,1776187847000
1776187849.0,49.0,0.5,10.0,0.49,5.0,0.65,14.0,0.67,10.0,0.35,14.0,0.33,10.0,0.5,10.0,0.51,5.0,0.15,0.15,43.250697,1776187848000
1776187849.977,49.977,0.5,10.0,0.49,5.0,0.65,14.0,0.67,10.0,0.35,14.0,0.33,10.0,0.5,10.0,0.51,5.0,0.15,0.15,43.250263,1776187849000
1776187851.034,51.034,0.5,10.0,0.49,5.0,0.65,14.0,0.67,10.0,0.35,14.0,0.33,10.0,0.5,10.0,0.51,5.0,0.15,0.15,43.24968,1776187850000
1776187851.272,51.272,0.39,7.13,0.34,10.0,0.61,12.0,0.64,51.0,0.35,14.0,0.33,10.0,0.5,10.0,0.51,5.0,0.22,0.15,43.24968,1776187850000
1776187852.11,52.11,0.39,7.13,0.34,10.0,0.61,12.0,0.64,51.0,0.39,12.0,0.36,51.0,0.61,7.13,0.66,10.0,0.22,0.22,43.249389,1776187851000
1776187853.964,53.964,0.39,7.13,0.34,10.0,0.61,12.0,0.64,51.0,0.39,12.0,0.36,51.0,0.61,7.13,0.66,10.0,0.22,0.22,43.226234,1776187852000
1776187854.575,54.575,0.39,7.13,0.34,10.0,0.61,12.0,0.64,51.0,0.39,12.0,0.36,51.0,0.61,7.13,0.66,10.0,0.22,0.22,43.226163,1776187853000
1776187855.236,55.236,0.39,7.13,0.34,10.0,0.61,12.0,0.64,51.0,0.39,12.0,0.36,51.0,0.61,7.13,0.66,10.0,0.22,0.22,43.223876,1776187854000
1776187856.45,56.45,0.39,7.13,0.34,10.0,0.61,12.0,0.64,51.0,0.39,12.0,0.36,51.0,0.61,7.13,0.66,10.0,0.22,0.22,43.223601,1776187855000
1776187857.021,57.021,0.39,7.13,0.34,10.0,0.61,12.0,0.64,51.0,0.39,12.0,0.36,51.0,0.61,7.13,0.66,10.0,0.22,0.22,43.223132,1776187856000
1776187858.309,58.309,0.39,7.13,0.34,10.0,0.61,12.0,0.64,51.0,0.39,12.0,0.36,51.0,0.61,7.13,0.66,10.0,0.22,0.22,43.223247,1776187857000
1776187859.004,59.004,0.39,7.13,0.34,10.0,0.61,12.0,0.64,51.0,0.39,12.0,0.36,51.0,0.61,7.13,0.66,10.0,0.22,0.22,43.223798,1776187858000
1776187860.087,60.087,0.39,7.13,0.34,10.0,0.61,12.0,0.64,51.0,0.39,12.0,0.36,51.0,0.61,7.13,0.66,10.0,0.22,0.22,43.223778,1776187859000
1776187861.156,61.156,0.39,7.13,0.34,10.0,0.61,12.0,0.64,51.0,0.39,12.0,0.36,51.0,0.61,7.13,0.66,10.0,0.22,0.22,43.2251,1776187860000
1776187862.348,62.348,0.39,7.13,0.34,10.0,0.61,12.0,0.64,51.0,0.39,12.0,0.36,51.0,0.61,7.13,0.66,10.0,0.22,0.22,43.228729,1776187861000
1776187863.049,63.049,0.39,7.13,0.34,10.0,0.61,12.0,0.64,51.0,0.39,12.0,0.36,51.0,0.61,7.13,0.66,10.0,0.22,0.22,43.23148,1776187862000
1776187864.135,64.135,0.39,7.13,0.34,10.0,0.61,12.0,0.64,51.0,0.39,12.0,0.36,51.0,0.61,7.13,0.66,10.0,0.22,0.22,43.242635,1776187863000
1776187865.287,65.287,0.39,7.13,0.34,10.0,0.61,12.0,0.64,51.0,0.39,12.0,0.36,51.0,0.61,7.13,0.66,10.0,0.22,0.22,43.248854,1776187864000
1776187866.457,66.457,0.39,7.13,0.34,10.0,0.61,12.0,0.64,51.0,0.39,12.0,0.36,51.0,0.61,7.13,0.66,10.0,0.22,0.22,43.252307,1776187865000
1776187867.036,67.036,0.39,7.13,0.34,10.0,0.61,12.0,0.64,51.0,0.39,12.0,0.36,51.0,0.61,7.13,0.66,10.0,0.22,0.22,43.252325,1776187866000
1776187868.252,68.252,0.39,7.13,0.34,10.0,0.61,12.0,0.64,51.0,0.39,12.0,0.36,51.0,0.61,7.13,0.66,10.0,0.22,0.22,43.250555,1776187867000
1776187869.159,69.159,0.39,7.13,0.34,10.0,0.61,12.0,0.64,51.0,0.39,12.0,0.36,51.0,0.61,7.13,0.66,10.0,0.22,0.22,43.250962,1776187868000
1776187870.232,70.232,0.39,7.13,0.34,10.0,0.61,12.0,0.64,51.0,0.39,12.0,0.36,51.0,0.61,7.13,0.66,10.0,0.22,0.22,43.250748,1776187869000
1776187871.372,71.372,0.39,7.13,0.34,10.0,0.61,12.0,0.64,51.0,0.39,12.0,0.36,51.0,0.61,7.13,0.66,10.0,0.22,0.22,43.251107,1776187870000
1776187872.329,72.329,0.39,7.13,0.34,10.0,0.61,12.0,0.64,51.0,0.39,12.0,0.36,51.0,0.61,7.13,0.66,10.0,0.22,0.22,43.251837,1776187871000
1776187873.313,73.313,0.39,7.13,0.34,10.0,0.61,12.0,0.64,51.0,0.39,12.0,0.36,51.0,0.61,7.13,0.66,10.0,0.22,0.22,43.252056,1776187872000
1776187873.917,73.917,0.39,7.13,0.34,10.0,0.61,12.0,0.64,51.0,0.39,12.0,0.36,51.0,0.61,7.13,0.66,10.0,0.22,0.22,43.252988,1776187873000
1776187874.908,74.908,0.39,7.13,0.34,10.0,0.61,12.0,0.64,51.0,0.39,12.0,0.36,51.0,0.61,7.13,0.66,10.0,0.22,0.22,43.254174,1776187874000
1776187876.011,76.011,0.39,7.13,0.34,10.0,0.61,12.0,0.64,51.0,0.39,12.0,0.36,51.0,0.61,7.13,0.66,10.0,0.22,0.22,43.25285,1776187875000
1776187877.08,77.08,0.39,7.13,0.34,10.0,0.61,12.0,0.64,51.0,0.39,12.0,0.36,51.0,0.61,7.13,0.66,10.0,0.22,0.22,43.25285,1776187876000
1776187878.149,78.149,0.39,7.13,0.34,10.0,0.61,12.0,0.64,51.0,0.39,12.0,0.36,51.0,0.61,7.13,0.66,10.0,0.22,0.22,43.252673,1776187877000
1776187879.296,79.296,0.39,7.13,0.34,10.0,0.61,12.0,0.64,51.0,0.39,12.0,0.36,51.0,0.61,7.13,0.66,10.0,0.22,0.22,43.254958,1776187878000
1776187880.225,80.225,0.39,7.13,0.34,10.0,0.61,12.0,0.64,51.0,0.39,12.0,0.36,51.0,0.61,7.13,0.66,10.0,0.22,0.22,43.254315,1776187879000
1776187881.298,81.298,0.39,7.13,0.34,10.0,0.61,12.0,0.64,51.0,0.39,12.0,0.36,51.0,0.61,7.13,0.66,10.0,0.22,0.22,43.253915,1776187880000
1776187882.666,82.666,0.39,7.13,0.34,10.0,0.61,12.0,0.64,51.0,0.39,12.0,0.36,51.0,0.61,7.13,0.66,10.0,0.22,0.22,43.253944,1776187881000
1776187883.217,83.217,0.39,7.13,0.34,10.0,0.61,12.0,0.64,51.0,0.39,12.0,0.36,51.0,0.61,7.13,0.66,10.0,0.22,0.22,43.253915,1776187882000
1776187884.399,84.399,0.39,7.13,0.34,10.0,0.61,12.0,0.64,51.0,0.39,12.0,0.36,51.0,0.61,7.13,0.66,10.0,0.22,0.22,43.25448,1776187883000
1776187885.474,85.474,0.39,7.13,0.34,10.0,0.61,12.0,0.64,51.0,0.39,12.0,0.36,51.0,0.61,7.13,0.66,10.0,0.22,0.22,43.257855,1776187884000
1776187886.075,86.075,0.39,7.13,0.34,10.0,0.61,12.0,0.64,51.0,0.39,12.0,0.36,51.0,0.61,7.13,0.66,10.0,0.22,0.22,43.257882,1776187885000
1776187887.097,87.097,0.39,7.13,0.34,10.0,0.61,12.0,0.64,51.0,0.39,12.0,0.36,51.0,0.61,7.13,0.66,10.0,0.22,0.22,43.257882,1776187886000
1776187888.096,88.096,0.39,7.13,0.34,10.0,0.61,12.0,0.64,51.0,0.39,12.0,0.36,51.0,0.61,7.13,0.66,10.0,0.22,0.22,43.257882,1776187887000
1776187889.242,89.242,0.39,7.13,0.34,10.0,0.61,12.0,0.64,51.0,0.39,12.0,0.36,51.0,0.61,7.13,0.66,10.0,0.22,0.22,43.257775,1776187888000
1776187890.246,90.246,0.39,7.13,0.34,10.0,0.61,12.0,0.64,51.0,0.39,12.0,0.36,51.0,0.61,7.13,0.66,10.0,0.22,0.22,43.257596,1776187889000
1776187891.377,91.377,0.39,7.13,0.34,10.0,0.61,12.0,0.64,51.0,0.39,12.0,0.36,51.0,0.61,7.13,0.66,10.0,0.22,0.22,43.257457,1776187890000
1776187892.414,92.414,0.39,7.13,0.34,10.0,0.61,12.0,0.64,51.0,0.39,12.0,0.36,51.0,0.61,7.13,0.66,10.0,0.22,0.22,43.25547,1776187891000
1776187893.071,93.071,0.39,7.13,0.34,10.0,0.61,12.0,0.64,51.0,0.39,12.0,0.36,51.0,0.61,7.13,0.66,10.0,0.22,0.22,43.25283,1776187892000
1776187894.052,94.052,0.39,7.13,0.34,10.0,0.61,12.0,0.64,51.0,0.39,12.0,0.36,51.0,0.61,7.13,0.66,10.0,0.22,0.22,43.252913,1776187893000
1776187895.045,95.045,0.39,7.13,0.34,10.0,0.61,12.0,0.64,51.0,0.39,12.0,0.36,51.0,0.61,7.13,0.66,10.0,0.22,0.22,43.252314,1776187894000
1776187896.721,96.721,0.39,7.13,0.34,10.0,0.61,12.0,0.64,51.0,0.39,12.0,0.36,51.0,0.61,7.13,0.66,10.0,0.22,0.22,43.252266,1776187895000
1776187897.251,97.251,0.39,7.13,0.34,10.0,0.61,12.0,0.64,51.0,0.39,12.0,0.36,51.0,0.61,7.13,0.66,10.0,0.22,0.22,43.252805,1776187896000
1776187898.23,98.23,0.39,7.13,0.34,10.0,0.61,12.0,0.64,51.0,0.39,12.0,0.36,51.0,0.61,7.13,0.66,10.0,0.22,0.22,43.260682,1776187897000
1776187899.273,99.273,0.39,7.13,0.34,10.0,0.61,12.0,0.64,51.0,0.39,12.0,0.36,51.0,0.61,7.13,0.66,10.0,0.22,0.22,43.273794,1776187898000
1776187900.381,100.381,0.39,7.13,0.34,10.0,0.61,12.0,0.64,51.0,0.39,12.0,0.36,51.0,0.61,7.13,0.66,10.0,0.22,0.22,43.287111,1776187899000
1776187901.059,101.059,0.39,7.13,0.34,10.0,0.61,12.0,0.64,51.0,0.39,12.0,0.36,51.0,0.61,7.13,0.66,10.0,0.22,0.22,43.290265,1776187900000
1776187902.09,102.09,0.39,7.13,0.34,10.0,0.61,12.0,0.64,51.0,0.39,12.0,0.36,51.0,0.61,7.13,0.66,10.0,0.22,0.22,43.291157,1776187901000
1776187903.225,103.225,0.39,7.13,0.34,10.0,0.61,12.0,0.64,51.0,0.39,12.0,0.36,51.0,0.61,7.13,0.66,10.0,0.22,0.22,43.292873,1776187902000
1776187904.291,104.291,0.39,7.13,0.34,10.0,0.61,12.0,0.64,51.0,0.39,12.0,0.36,51.0,0.61,7.13,0.66,10.0,0.22,0.22,43.298413,1776187903000
1776187905.414,105.414,0.39,7.13,0.34,10.0,0.61,12.0,0.64,51.0,0.39,12.0,0.36,51.0,0.61,7.13,0.66,10.0,0.22,0.22,43.304699,1776187904000
1776187905.87,105.87,0.39,7.13,0.34,10.0,0.61,12.0,0.64,51.0,0.39,12.0,0.36,51.0,0.61,7.13,0.66,10.0,0.22,0.22,43.30723,1776187905000
1776187906.65,106.65,0.81,3.73,0.77,15.0,0.86,15.0,0.87,15.0,0.39,12.0,0.36,51.0,0.61,7.13,0.66,10.0,0.05,0.22,43.30723,1776187905000
1776187906.93,106.93,0.81,3.73,0.77,15.0,0.86,15.0,0.87,15.0,0.14,15.0,0.13,15.0,0.19,3.73,0.23,15.0,0.05,0.05,43.308977,1776187906000
1776187907.975,107.975,0.81,3.73,0.77,15.0,0.86,15.0,0.87,15.0,0.14,15.0,0.13,15.0,0.19,3.73,0.23,15.0,0.05,0.05,43.309752,1776187907000
1776187909.063,109.063,0.81,3.73,0.77,15.0,0.86,15.0,0.87,15.0,0.14,15.0,0.13,15.0,0.19,3.73,0.23,15.0,0.05,0.05,43.316191,1776187908000
1776187909.89,109.89,0.77,10.0,0.74,11.0,0.86,13.83,0.87,15.0,0.14,15.0,0.13,15.0,0.19,3.73,0.23,15.0,0.09,0.05,43.316191,1776187908000
1776187910.586,110.586,0.77,10.0,0.74,11.0,0.86,13.83,0.87,15.0,0.14,13.83,0.13,15.0,0.23,10.0,0.26,11.0,0.09,0.09,43.318978,1776187909000
1776187911.055,111.055,0.77,10.0,0.74,11.0,0.86,13.83,0.87,15.0,0.14,13.83,0.13,15.0,0.23,10.0,0.26,11.0,0.09,0.09,43.319155,1776187910000
1776187912.228,112.228,0.77,10.0,0.74,11.0,0.86,13.83,0.87,15.0,0.14,13.83,0.13,15.0,0.23,10.0,0.26,11.0,0.09,0.09,43.305761,1776187911000
1776187913.202,113.202,0.77,10.0,0.74,11.0,0.86,13.83,0.87,15.0,0.14,13.83,0.13,15.0,0.23,10.0,0.26,11.0,0.09,0.09,43.301521,1776187912000
1776187914.273,114.273,0.77,10.0,0.74,11.0,0.86,13.83,0.87,15.0,0.14,13.83,0.13,15.0,0.23,10.0,0.26,11.0,0.09,0.09,43.298591,1776187913000
1776187915.38,115.38,0.77,10.0,0.74,11.0,0.86,13.83,0.87,15.0,0.14,13.83,0.13,15.0,0.23,10.0,0.26,11.0,0.09,0.09,43.296231,1776187914000
1776187916.357,116.357,0.77,10.0,0.74,11.0,0.86,13.83,0.87,15.0,0.14,13.83,0.13,15.0,0.23,10.0,0.26,11.0,0.09,0.09,43.298979,1776187915000
1776187916.992,116.992,0.77,10.0,0.74,11.0,0.86,13.83,0.87,15.0,0.14,13.83,0.13,15.0,0.23,10.0,0.26,11.0,0.09,0.09,43.298071,1776187916000
1776187917.977,117.977,0.77,10.0,0.74,11.0,0.86,13.83,0.87,15.0,0.14,13.83,0.13,15.0,0.23,10.0,0.26,11.0,0.09,0.09,43.2989,1776187917000
1776187919.08,119.08,0.77,10.0,0.74,11.0,0.86,13.83,0.87,15.0,0.14,13.83,0.13,15.0,0.23,10.0,0.26,11.0,0.09,0.09,43.298837,1776187918000
1776187920.1,120.1,0.77,10.0,0.74,11.0,0.86,13.83,0.87,15.0,0.14,13.83,0.13,15.0,0.23,10.0,0.26,11.0,0.09,0.09,43.299667,1776187919000
1776187921.408,121.408,0.77,10.0,0.74,11.0,0.86,13.83,0.87,15.0,0.14,13.83,0.13,15.0,0.23,10.0,0.26,11.0,0.09,0.09,43.29985,1776187920000
1776187922.293,122.293,0.77,10.0,0.74,11.0,0.86,13.83,0.87,15.0,0.14,13.83,0.13,15.0,0.23,10.0,0.26,11.0,0.09,0.09,43.29985,1776187921000
1776187923.351,123.351,0.77,10.0,0.74,11.0,0.86,13.83,0.87,15.0,0.14,13.83,0.13,15.0,0.23,10.0,0.26,11.0,0.09,0.09,43.301424,1776187922000
1776187924.454,124.454,0.77,10.0,0.74,11.0,0.86,13.83,0.87,15.0,0.14,13.83,0.13,15.0,0.23,10.0,0.26,11.0,0.09,0.09,43.303597,1776187923000
1776187924.995,124.995,0.77,10.0,0.74,11.0,0.86,13.83,0.87,15.0,0.14,13.83,0.13,15.0,0.23,10.0,0.26,11.0,0.09,0.09,43.303722,1776187924000
1776187926.535,126.535,0.77,10.0,0.74,11.0,0.86,13.83,0.87,15.0,0.14,13.83,0.13,15.0,0.23,10.0,0.26,11.0,0.09,0.09,43.307129,1776187925000
1776187927.042,127.042,0.77,10.0,0.74,11.0,0.86,13.83,0.87,15.0,0.14,13.83,0.13,15.0,0.23,10.0,0.26,11.0,0.09,0.09,43.308478,1776187926000
1776187928.274,128.274,0.77,10.0,0.74,11.0,0.86,13.83,0.87,15.0,0.14,13.83,0.13,15.0,0.23,10.0,0.26,11.0,0.09,0.09,43.309085,1776187927000
1776187929.326,129.326,0.77,10.0,0.74,11.0,0.86,13.83,0.87,15.0,0.14,13.83,0.13,15.0,0.23,10.0,0.26,11.0,0.09,0.09,43.31177,1776187928000
1776187930.421,130.421,0.77,10.0,0.74,11.0,0.86,13.83,0.87,15.0,0.14,13.83,0.13,15.0,0.23,10.0,0.26,11.0,0.09,0.09,43.311731,1776187929000
1776187931.059,131.059,0.77,10.0,0.74,11.0,0.86,13.83,0.87,15.0,0.14,13.83,0.13,15.0,0.23,10.0,0.26,11.0,0.09,0.09,43.312753,1776187930000
1776187932.107,132.107,0.77,10.0,0.74,11.0,0.86,13.83,0.87,15.0,0.14,13.83,0.13,15.0,0.23,10.0,0.26,11.0,0.09,0.09,43.317527,1776187931000
1776187933.209,133.209,0.77,10.0,0.74,11.0,0.86,13.83,0.87,15.0,0.14,13.83,0.13,15.0,0.23,10.0,0.26,11.0,0.09,0.09,43.318078,1776187932000
1776187934.279,134.279,0.77,10.0,0.74,11.0,0.86,13.83,0.87,15.0,0.14,13.83,0.13,15.0,0.23,10.0,0.26,11.0,0.09,0.09,43.31828,1776187933000
1776187935.711,135.711,0.77,10.0,0.74,11.0,0.86,13.83,0.87,15.0,0.14,13.83,0.13,15.0,0.23,10.0,0.26,11.0,0.09,0.09,43.318783,1776187934000
1776187936.273,136.273,0.77,10.0,0.74,11.0,0.86,13.83,0.87,15.0,0.14,13.83,0.13,15.0,0.23,10.0,0.26,11.0,0.09,0.09,43.318766,1776187935000
1776187937.429,137.429,0.77,10.0,0.74,11.0,0.86,13.83,0.87,15.0,0.14,13.83,0.13,15.0,0.23,10.0,0.26,11.0,0.09,0.09,43.320608,1776187936000
1776187938.134,138.134,0.77,10.0,0.74,11.0,0.86,13.83,0.87,15.0,0.14,13.83,0.13,15.0,0.23,10.0,0.26,11.0,0.09,0.09,43.320608,1776187937000
1776187939.743,139.743,0.77,10.0,0.74,11.0,0.86,13.83,0.87,15.0,0.14,13.83,0.13,15.0,0.23,10.0,0.26,11.0,0.09,0.09,43.321079,1776187938000
1776187940.393,140.393,0.77,10.0,0.74,11.0,0.86,13.83,0.87,15.0,0.14,13.83,0.13,15.0,0.23,10.0,0.26,11.0,0.09,0.09,43.321081,1776187939000
1776187941.239,141.239,0.77,10.0,0.74,11.0,0.86,13.83,0.87,15.0,0.14,13.83,0.13,15.0,0.23,10.0,0.26,11.0,0.09,0.09,43.321081,1776187940000
1776187942.518,142.518,0.77,10.0,0.74,11.0,0.86,13.83,0.87,15.0,0.14,13.83,0.13,15.0,0.23,10.0,0.26,11.0,0.09,0.09,43.32096,1776187941000
1776187943.303,143.303,0.77,10.0,0.74,11.0,0.86,13.83,0.87,15.0,0.14,13.83,0.13,15.0,0.23,10.0,0.26,11.0,0.09,0.09,43.32096,1776187942000
1776187951.702,151.702,0.77,10.0,0.74,11.0,0.86,13.83,0.87,15.0,0.14,13.83,0.13,15.0,0.23,10.0,0.26,11.0,0.09,0.09,43.255872,1776187950000
1776187952.185,152.185,0.77,10.0,0.74,11.0,0.86,13.83,0.87,15.0,0.14,13.83,0.13,15.0,0.23,10.0,0.26,11.0,0.09,0.09,43.255659,1776187951000
1776187953.448,153.448,0.77,10.0,0.74,11.0,0.86,13.83,0.87,15.0,0.14,13.83,0.13,15.0,0.23,10.0,0.26,11.0,0.09,0.09,43.254245,1776187952000
1776187954.064,154.064,0.77,10.0,0.74,11.0,0.86,13.83,0.87,15.0,0.14,13.83,0.13,15.0,0.23,10.0,0.26,11.0,0.09,0.09,43.253985,1776187953000
1776187955.365,155.365,0.77,10.0,0.74,11.0,0.86,13.83,0.87,15.0,0.14,13.83,0.13,15.0,0.23,10.0,0.26,11.0,0.09,0.09,43.254118,1776187954000
1776187956.475,156.475,0.77,10.0,0.74,11.0,0.86,13.83,0.87,15.0,0.14,13.83,0.13,15.0,0.23,10.0,0.26,11.0,0.09,0.09,43.265234,1776187955000
1776187956.97,156.97,0.77,10.0,0.74,11.0,0.86,13.83,0.87,15.0,0.14,13.83,0.13,15.0,0.23,10.0,0.26,11.0,0.09,0.09,43.272406,1776187956000
1776187958.083,158.083,0.77,10.0,0.74,11.0,0.86,13.83,0.87,15.0,0.14,13.83,0.13,15.0,0.23,10.0,0.26,11.0,0.09,0.09,43.283528,1776187957000
1776187958.962,158.962,0.77,10.0,0.74,11.0,0.86,13.83,0.87,15.0,0.14,13.83,0.13,15.0,0.23,10.0,0.26,11.0,0.09,0.09,43.283513,1776187958000
1776187960.054,160.054,0.77,10.0,0.74,11.0,0.86,13.83,0.87,15.0,0.14,13.83,0.13,15.0,0.23,10.0,0.26,11.0,0.09,0.09,43.290746,1776187959000
1776187961.033,161.033,0.77,10.0,0.74,11.0,0.86,13.83,0.87,15.0,0.14,13.83,0.13,15.0,0.23,10.0,0.26,11.0,0.09,0.09,43.293324,1776187960000
1776187962.043,162.043,0.77,10.0,0.74,11.0,0.86,13.83,0.87,15.0,0.14,13.83,0.13,15.0,0.23,10.0,0.26,11.0,0.09,0.09,43.293766,1776187961000
1776187963.053,163.053,0.77,10.0,0.74,11.0,0.86,13.83,0.87,15.0,0.14,13.83,0.13,15.0,0.23,10.0,0.26,11.0,0.09,0.09,43.293744,1776187962000
1776187964.001,164.001,0.77,10.0,0.74,11.0,0.86,13.83,0.87,15.0,0.14,13.83,0.13,15.0,0.23,10.0,0.26,11.0,0.09,0.09,43.294423,1776187963000
1776187965.039,165.039,0.77,10.0,0.74,11.0,0.86,13.83,0.87,15.0,0.14,13.83,0.13,15.0,0.23,10.0,0.26,11.0,0.09,0.09,43.295288,1776187964000
1776187966.122,166.122,0.77,10.0,0.74,11.0,0.86,13.83,0.87,15.0,0.14,13.83,0.13,15.0,0.23,10.0,0.26,11.0,0.09,0.09,43.293209,1776187965000
1776187967.056,167.056,0.77,10.0,0.74,11.0,0.86,13.83,0.87,15.0,0.14,13.83,0.13,15.0,0.23,10.0,0.26,11.0,0.09,0.09,43.293452,1776187966000
1776187968.072,168.072,0.77,10.0,0.74,11.0,0.86,13.83,0.87,15.0,0.14,13.83,0.13,15.0,0.23,10.0,0.26,11.0,0.09,0.09,43.293453,1776187967000
1776187969.705,169.705,0.77,10.0,0.74,11.0,0.86,13.83,0.87,15.0,0.14,13.83,0.13,15.0,0.23,10.0,0.26,11.0,0.09,0.09,43.293214,1776187968000
1776187970.288,170.288,0.77,10.0,0.74,11.0,0.86,13.83,0.87,15.0,0.14,13.83,0.13,15.0,0.23,10.0,0.26,11.0,0.09,0.09,43.297213,1776187969000
1776187971.453,171.453,0.77,10.0,0.74,11.0,0.86,13.83,0.87,15.0,0.14,13.83,0.13,15.0,0.23,10.0,0.26,11.0,0.09,0.09,43.297574,1776187970000
1776187971.881,171.881,0.77,10.0,0.74,11.0,0.86,13.83,0.87,15.0,0.14,13.83,0.13,15.0,0.23,10.0,0.26,11.0,0.09,0.09,43.296297,1776187971000
1776187973.002,173.002,0.77,10.0,0.74,11.0,0.86,13.83,0.87,15.0,0.14,13.83,0.13,15.0,0.23,10.0,0.26,11.0,0.09,0.09,43.29579,1776187972000
1776187974.124,174.124,0.77,10.0,0.74,11.0,0.86,13.83,0.87,15.0,0.14,13.83,0.13,15.0,0.23,10.0,0.26,11.0,0.09,0.09,43.291298,1776187973000
1776187975.2,175.2,0.77,10.0,0.74,11.0,0.86,13.83,0.87,15.0,0.14,13.83,0.13,15.0,0.23,10.0,0.26,11.0,0.09,0.09,43.288876,1776187974000
1776187976.251,176.251,0.77,10.0,0.74,11.0,0.86,13.83,0.87,15.0,0.14,13.83,0.13,15.0,0.23,10.0,0.26,11.0,0.09,0.09,43.285066,1776187975000
1776187977.396,177.396,0.77,10.0,0.74,11.0,0.86,13.83,0.87,15.0,0.14,13.83,0.13,15.0,0.23,10.0,0.26,11.0,0.09,0.09,43.285423,1776187976000
1776187978.501,178.501,0.77,10.0,0.74,11.0,0.86,13.83,0.87,15.0,0.14,13.83,0.13,15.0,0.23,10.0,0.26,11.0,0.09,0.09,43.285242,1776187977000
1776187978.986,178.986,0.77,10.0,0.74,11.0,0.86,13.83,0.87,15.0,0.14,13.83,0.13,15.0,0.23,10.0,0.26,11.0,0.09,0.09,43.285242,1776187978000
1776187980.121,180.121,0.77,10.0,0.74,11.0,0.86,13.83,0.87,15.0,0.14,13.83,0.13,15.0,0.23,10.0,0.26,11.0,0.09,0.09,43.284805,1776187979000
1776187981.193,181.193,0.77,10.0,0.74,11.0,0.86,13.83,0.87,15.0,0.14,13.83,0.13,15.0,0.23,10.0,0.26,11.0,0.09,0.09,43.284861,1776187980000
1776187982.346,182.346,0.77,10.0,0.74,11.0,0.86,13.83,0.87,15.0,0.14,13.83,0.13,15.0,0.23,10.0,0.26,11.0,0.09,0.09,43.279239,1776187981000
1776187983.897,183.897,0.77,10.0,0.74,11.0,0.86,13.83,0.87,15.0,0.14,13.83,0.13,15.0,0.23,10.0,0.26,11.0,0.09,0.09,43.269313,1776187982000
1776187984.615,184.615,0.77,10.0,0.74,11.0,0.86,13.83,0.87,15.0,0.14,13.83,0.13,15.0,0.23,10.0,0.26,11.0,0.09,0.09,43.265897,1776187983000
1776187985.255,185.255,0.77,10.0,0.74,11.0,0.86,13.83,0.87,15.0,0.14,13.83,0.13,15.0,0.23,10.0,0.26,11.0,0.09,0.09,43.266297,1776187984000
1776187986.509,186.509,0.77,10.0,0.74,11.0,0.86,13.83,0.87,15.0,0.14,13.83,0.13,15.0,0.23,10.0,0.26,11.0,0.09,0.09,43.266064,1776187985000
1776187987.165,187.165,0.77,10.0,0.74,11.0,0.86,13.83,0.87,15.0,0.14,13.83,0.13,15.0,0.23,10.0,0.26,11.0,0.09,0.09,43.264049,1776187986000
1776187988.364,188.364,0.77,10.0,0.74,11.0,0.86,13.83,0.87,15.0,0.14,13.83,0.13,15.0,0.23,10.0,0.26,11.0,0.09,0.09,43.259342,1776187987000
1776187989.5,189.5,0.77,10.0,0.74,11.0,0.86,13.83,0.87,15.0,0.14,13.83,0.13,15.0,0.23,10.0,0.26,11.0,0.09,0.09,43.252025,1776187988000
1776187990.056,190.056,0.77,10.0,0.74,11.0,0.86,13.83,0.87,15.0,0.14,13.83,0.13,15.0,0.23,10.0,0.26,11.0,0.09,0.09,43.244599,1776187989000
1776187991.232,191.232,0.77,10.0,0.74,11.0,0.86,13.83,0.87,15.0,0.14,13.83,0.13,15.0,0.23,10.0,0.26,11.0,0.09,0.09,43.244674,1776187990000
1776187993.011,193.011,0.77,10.0,0.74,11.0,0.86,13.83,0.87,15.0,0.14,13.83,0.13,15.0,0.23,10.0,0.26,11.0,0.09,0.09,43.24342,1776187991000
1776187993.661,193.661,0.77,10.0,0.74,11.0,0.86,13.83,0.87,15.0,0.14,13.83,0.13,15.0,0.23,10.0,0.26,11.0,0.09,0.09,43.244527,1776187992000
1776187994.359,194.359,0.77,10.0,0.74,11.0,0.86,13.83,0.87,15.0,0.14,13.83,0.13,15.0,0.23,10.0,0.26,11.0,0.09,0.09,43.244757,1776187993000
1776187995.682,195.682,0.77,10.0,0.74,11.0,0.86,13.83,0.87,15.0,0.14,13.83,0.13,15.0,0.23,10.0,0.26,11.0,0.09,0.09,43.244757,1776187994000
1776187996.426,196.426,0.77,10.0,0.74,11.0,0.86,13.83,0.87,15.0,0.14,13.83,0.13,15.0,0.23,10.0,0.26,11.0,0.09,0.09,43.244787,1776187995000
1776187997.044,197.044,0.77,10.0,0.74,11.0,0.86,13.83,0.87,15.0,0.14,13.83,0.13,15.0,0.23,10.0,0.26,11.0,0.09,0.09,43.244787,1776187996000
1776187998.465,198.465,0.77,10.0,0.74,11.0,0.86,13.83,0.87,15.0,0.14,13.83,0.13,15.0,0.23,10.0,0.26,11.0,0.09,0.09,43.244221,1776187997000
1776187999.121,199.121,0.77,10.0,0.74,11.0,0.86,13.83,0.87,15.0,0.14,13.83,0.13,15.0,0.23,10.0,0.26,11.0,0.09,0.09,43.243791,1776187998000
1776188000.389,200.389,0.77,10.0,0.74,11.0,0.86,13.83,0.87,15.0,0.14,13.83,0.13,15.0,0.23,10.0,0.26,11.0,0.09,0.09,43.242388,1776187999000
1776188001.383,201.383,0.77,10.0,0.74,11.0,0.86,13.83,0.87,15.0,0.14,13.83,0.13,15.0,0.23,10.0,0.26,11.0,0.09,0.09,43.234987,1776188000000
1776188001.912,201.912,0.77,10.0,0.74,11.0,0.86,13.83,0.87,15.0,0.14,13.83,0.13,15.0,0.23,10.0,0.26,11.0,0.09,0.09,43.231786,1776188001000
1776188002.845,202.845,0.77,10.0,0.74,11.0,0.86,13.83,0.87,15.0,0.14,13.83,0.13,15.0,0.23,10.0,0.26,11.0,0.09,0.09,43.230525,1776188002000
1776188003.789,203.789,0.77,10.0,0.74,11.0,0.86,13.83,0.87,15.0,0.14,13.83,0.13,15.0,0.23,10.0,0.26,11.0,0.09,0.09,43.229996,1776188003000
1776188004.823,204.823,0.77,10.0,0.74,11.0,0.86,13.83,0.87,15.0,0.14,13.83,0.13,15.0,0.23,10.0,0.26,11.0,0.09,0.09,43.230555,1776188004000
1776188005.9,205.9,0.77,10.0,0.74,11.0,0.86,13.83,0.87,15.0,0.14,13.83,0.13,15.0,0.23,10.0,0.26,11.0,0.09,0.09,43.231417,1776188005000
1776188007.278,207.278,0.77,10.0,0.74,11.0,0.86,13.83,0.87,15.0,0.14,13.83,0.13,15.0,0.23,10.0,0.26,11.0,0.09,0.09,43.230332,1776188006000
1776188008.179,208.179,0.77,10.0,0.74,11.0,0.86,13.83,0.87,15.0,0.14,13.83,0.13,15.0,0.23,10.0,0.26,11.0,0.09,0.09,43.225707,1776188007000
1776188009.189,209.189,0.77,10.0,0.74,11.0,0.86,13.83,0.87,15.0,0.14,13.83,0.13,15.0,0.23,10.0,0.26,11.0,0.09,0.09,43.224685,1776188008000
1776188010.179,210.179,0.77,10.0,0.74,11.0,0.86,13.83,0.87,15.0,0.14,13.83,0.13,15.0,0.23,10.0,0.26,11.0,0.09,0.09,43.225223,1776188009000
1776188010.411,210.411,0.56,4.95,0.51,9.0,0.69,15.0,0.7,15.0,0.14,13.83,0.13,15.0,0.23,10.0,0.26,11.0,0.13,0.09,43.225223,1776188009000
1776188011.132,211.132,0.51,8.9,0.41,15.0,0.69,15.0,0.7,15.0,0.31,15.0,0.3,15.0,0.49,8.9,0.59,15.0,0.18,0.18,43.226013,1776188010000
1776188012.026,212.026,0.51,8.9,0.41,15.0,0.69,15.0,0.7,15.0,0.31,15.0,0.3,15.0,0.49,8.9,0.59,15.0,0.18,0.18,43.231808,1776188011000
1776188012.993,212.993,0.51,8.9,0.41,15.0,0.69,15.0,0.7,15.0,0.31,15.0,0.3,15.0,0.49,8.9,0.59,15.0,0.18,0.18,43.23637,1776188012000
1776188014.145,214.145,0.51,8.9,0.41,15.0,0.69,15.0,0.7,15.0,0.31,15.0,0.3,15.0,0.49,8.9,0.59,15.0,0.18,0.18,43.23648,1776188013000
1776188015.02,215.02,0.51,8.9,0.41,15.0,0.69,15.0,0.7,15.0,0.31,15.0,0.3,15.0,0.49,8.9,0.59,15.0,0.18,0.18,43.241104,1776188014000
1776188016.146,216.146,0.51,8.9,0.41,15.0,0.69,15.0,0.7,15.0,0.31,15.0,0.3,15.0,0.49,8.9,0.59,15.0,0.18,0.18,43.251345,1776188015000
1776188017.202,217.202,0.51,8.9,0.41,15.0,0.69,15.0,0.7,15.0,0.31,15.0,0.3,15.0,0.49,8.9,0.59,15.0,0.18,0.18,43.262205,1776188016000
1776188018.369,218.369,0.51,8.9,0.41,15.0,0.69,15.0,0.7,15.0,0.31,15.0,0.3,15.0,0.49,8.9,0.59,15.0,0.18,0.18,43.261008,1776188017000
1776188019.39,219.39,0.51,8.9,0.41,15.0,0.69,15.0,0.7,15.0,0.31,15.0,0.3,15.0,0.49,8.9,0.59,15.0,0.18,0.18,43.261295,1776188018000
1776188019.945,219.945,0.51,8.9,0.41,15.0,0.69,15.0,0.7,15.0,0.31,15.0,0.3,15.0,0.49,8.9,0.59,15.0,0.18,0.18,43.261295,1776188019000
1776188020.95,220.95,0.51,8.9,0.41,15.0,0.69,15.0,0.7,15.0,0.31,15.0,0.3,15.0,0.49,8.9,0.59,15.0,0.18,0.18,43.264153,1776188020000
1776188022.097,222.097,0.51,8.9,0.41,15.0,0.69,15.0,0.7,15.0,0.31,15.0,0.3,15.0,0.49,8.9,0.59,15.0,0.18,0.18,43.265549,1776188021000
1776188022.792,222.792,0.7,7.0,0.63,15.0,0.9,11.7,0.91,15.0,0.31,15.0,0.3,15.0,0.49,8.9,0.59,15.0,0.2,0.18,43.265549,1776188021000
1776188022.998,222.998,0.7,7.0,0.63,15.0,0.9,11.7,0.91,15.0,0.1,11.7,0.09,15.0,0.3,7.0,0.37,15.0,0.2,0.2,43.263759,1776188022000
1776188024.142,224.142,0.7,7.0,0.63,15.0,0.9,11.7,0.91,15.0,0.1,11.7,0.09,15.0,0.3,7.0,0.37,15.0,0.2,0.2,43.268821,1776188023000
1776188025.179,225.179,0.7,7.0,0.63,15.0,0.9,11.7,0.91,15.0,0.1,11.7,0.09,15.0,0.3,7.0,0.37,15.0,0.2,0.2,43.275913,1776188024000
1776188026.245,226.245,0.7,7.0,0.63,15.0,0.9,11.7,0.91,15.0,0.1,11.7,0.09,15.0,0.3,7.0,0.37,15.0,0.2,0.2,43.282159,1776188025000
1776188027.986,227.986,0.7,7.0,0.63,15.0,0.9,11.7,0.91,15.0,0.1,11.7,0.09,15.0,0.3,7.0,0.37,15.0,0.2,0.2,43.282191,1776188026000
1776188028.95,228.95,0.7,7.0,0.63,15.0,0.9,11.7,0.91,15.0,0.1,11.7,0.09,15.0,0.3,7.0,0.37,15.0,0.2,0.2,43.283931,1776188027000
1776188029.559,229.559,0.7,7.0,0.63,15.0,0.9,11.7,0.91,15.0,0.1,11.7,0.09,15.0,0.3,7.0,0.37,15.0,0.2,0.2,43.283164,1776188028000
1776188030.54,230.54,0.7,7.0,0.63,15.0,0.9,11.7,0.91,15.0,0.1,11.7,0.09,15.0,0.3,7.0,0.37,15.0,0.2,0.2,43.287915,1776188029000
1776188031.247,231.247,0.7,7.0,0.63,15.0,0.9,11.7,0.91,15.0,0.1,11.7,0.09,15.0,0.3,7.0,0.37,15.0,0.2,0.2,43.29535,1776188030000
1776188032.764,232.764,0.7,7.0,0.63,15.0,0.9,11.7,0.91,15.0,0.1,11.7,0.09,15.0,0.3,7.0,0.37,15.0,0.2,0.2,43.305456,1776188031000
1776188033.523,233.523,0.86,29.0,0.85,8.73,0.95,13.94,0.96,15.0,0.1,11.7,0.09,15.0,0.3,7.0,0.37,15.0,0.09,0.2,43.305456,1776188031000
1776188034.265,234.265,0.86,44.0,0.85,23.73,0.95,12.88,0.96,15.0,0.05,13.94,0.04,15.0,0.14,29.0,0.15,8.73,0.09,0.09,43.305168,1776188032000
1776188035.036,235.036,0.86,44.0,0.85,23.73,0.95,12.88,0.96,15.0,0.05,12.88,0.04,15.0,0.14,44.0,0.15,23.73,0.09,0.09,43.309653,1776188034000
1776188036.532,236.532,0.88,15.0,0.87,40.0,0.95,7.88,0.96,15.0,0.05,7.88,0.04,15.0,0.12,15.0,0.13,40.0,0.07,0.07,43.309826,1776188035000
1776188037.243,237.243,0.88,15.0,0.87,40.0,0.95,7.88,0.96,15.0,0.05,7.88,0.04,15.0,0.12,15.0,0.13,40.0,0.07,0.07,43.309826,1776188036000
1776188038.819,238.819,0.88,15.0,0.87,40.0,0.95,7.88,0.96,15.0,0.05,7.88,0.04,15.0,0.12,15.0,0.13,40.0,0.07,0.07,43.310194,1776188037000
1776188039.584,239.584,0.88,15.0,0.87,40.0,0.95,7.88,0.96,15.0,0.05,7.88,0.04,15.0,0.12,15.0,0.13,40.0,0.07,0.07,43.310297,1776188038000
1776188040.192,240.192,0.88,15.0,0.87,40.0,0.95,7.88,0.96,15.0,0.05,7.88,0.04,15.0,0.12,15.0,0.13,40.0,0.07,0.07,43.311187,1776188039000
1776188040.652,240.652,0.92,15.0,0.91,15.0,0.96,13.95,0.97,15.0,0.05,7.88,0.04,15.0,0.12,15.0,0.13,40.0,0.04,0.07,43.311187,1776188039000
1776188041.524,241.524,0.92,15.0,0.91,15.0,0.96,13.95,0.97,15.0,0.04,13.95,0.03,15.0,0.08,15.0,0.09,15.0,0.04,0.04,43.311367,1776188040000
1776188042.411,242.411,0.92,15.0,0.91,15.0,0.96,13.95,0.97,15.0,0.04,13.95,0.03,15.0,0.08,15.0,0.09,15.0,0.04,0.04,43.311344,1776188041000
1776188042.714,242.714,0.87,5.0,0.84,15.0,0.91,4.02,0.92,9.61,0.08,9.61,0.07,15.0,0.13,5.0,0.16,15.0,0.04,0.05,43.311344,1776188041000
1776188043.667,243.667,0.87,5.0,0.84,15.0,0.91,2.92,0.92,9.61,0.09,2.92,0.08,9.61,0.13,5.0,0.16,15.0,0.04,0.04,43.302464,1776188042000
1776188044.447,244.447,0.87,5.0,0.84,15.0,0.91,2.92,0.92,9.61,0.09,2.92,0.08,9.61,0.13,5.0,0.16,15.0,0.04,0.04,43.297289,1776188043000
1776188045.121,245.121,0.87,5.0,0.84,15.0,0.91,2.92,0.92,9.61,0.09,2.92,0.08,9.61,0.13,5.0,0.16,15.0,0.04,0.04,43.292918,1776188044000
1776188045.519,245.519,0.86,17.0,0.83,15.0,0.9,8.01,0.91,2.92,0.09,2.92,0.08,9.61,0.13,5.0,0.16,15.0,0.04,0.04,43.292918,1776188044000
1776188046.881,246.881,0.86,17.0,0.83,15.0,0.9,8.01,0.91,2.92,0.1,8.01,0.09,2.92,0.14,17.0,0.17,15.0,0.04,0.04,43.287423,1776188045000
1776188047.452,247.452,0.86,17.0,0.83,15.0,0.9,8.01,0.91,2.92,0.1,8.01,0.09,2.92,0.14,17.0,0.17,15.0,0.04,0.04,43.287515,1776188046000
1776188047.951,247.951,0.86,17.0,0.83,15.0,0.9,8.01,0.91,2.92,0.1,8.01,0.09,2.92,0.14,17.0,0.17,15.0,0.04,0.04,43.286809,1776188047000
1776188049.006,249.006,0.86,17.0,0.83,15.0,0.9,8.01,0.91,2.92,0.1,8.01,0.09,2.92,0.14,17.0,0.17,15.0,0.04,0.04,43.285897,1776188048000
1776188050.142,250.142,0.86,17.0,0.83,15.0,0.9,8.01,0.91,2.92,0.1,8.01,0.09,2.92,0.14,17.0,0.17,15.0,0.04,0.04,43.285659,1776188049000
1776188051.172,251.172,0.86,17.0,0.83,15.0,0.9,8.01,0.91,2.92,0.1,8.01,0.09,2.92,0.14,17.0,0.17,15.0,0.04,0.04,43.284284,1776188050000
1776188052.226,252.226,0.86,17.0,0.83,15.0,0.9,8.01,0.91,2.92,0.1,8.01,0.09,2.92,0.14,17.0,0.17,15.0,0.04,0.04,43.291461,1776188051000
1776188053.351,253.351,0.86,17.0,0.83,15.0,0.9,8.01,0.91,2.92,0.1,8.01,0.09,2.92,0.14,17.0,0.17,15.0,0.04,0.04,43.310624,1776188052000
1776188053.798,253.798,0.88,32.68,0.87,5.0,0.92,11.41,0.96,15.0,0.1,8.01,0.09,2.92,0.14,17.0,0.17,15.0,0.04,0.04,43.310624,1776188052000
1776188054.0,254.0,0.88,32.68,0.86,9.81,0.92,8.14,0.96,15.0,0.08,8.14,0.04,15.0,0.12,32.68,0.14,9.81,0.04,0.04,43.310624,1776188052000
1776188054.22,254.22,0.88,32.68,0.85,5.0,0.96,14.46,0.97,15.0,0.08,0.53,0.04,15.0,0.12,32.68,0.15,5.0,0.08,0.04,43.310624,1776188052000
1776188054.889,254.889,0.88,42.68,0.85,5.0,0.96,13.41,0.97,15.0,0.04,13.41,0.03,15.0,0.12,42.68,0.15,5.0,0.08,0.08,43.30379,1776188054000
1776188055.115,255.115,0.89,10.0,0.88,32.68,0.96,0.91,0.97,15.0,0.04,13.41,0.03,15.0,0.12,42.68,0.15,5.0,0.07,0.08,43.30379,1776188054000
1776188055.994,255.994,0.89,10.0,0.88,32.68,0.96,0.91,0.97,15.0,0.04,0.91,0.03,15.0,0.11,10.0,0.12,32.68,0.07,0.07,43.299707,1776188055000
1776188056.98,256.98,0.89,10.0,0.88,32.68,0.96,0.91,0.97,15.0,0.04,0.91,0.03,15.0,0.11,10.0,0.12,32.68,0.07,0.07,43.298684,1776188056000
1776188058.147,258.147,0.89,10.0,0.88,32.68,0.96,0.91,0.97,15.0,0.04,0.91,0.03,15.0,0.11,10.0,0.12,32.68,0.07,0.07,43.295358,1776188057000
1776188059.154,259.154,0.89,10.0,0.88,32.68,0.96,0.91,0.97,15.0,0.04,0.91,0.03,15.0,0.11,10.0,0.12,32.68,0.07,0.07,43.28965,1776188058000
1776188060.635,260.635,0.89,10.0,0.88,32.68,0.96,0.91,0.97,15.0,0.04,0.91,0.03,15.0,0.11,10.0,0.12,32.68,0.07,0.07,43.29928,1776188059000
1776188061.075,261.075,0.89,10.0,0.88,32.68,0.96,0.91,0.97,15.0,0.04,0.91,0.03,15.0,0.11,10.0,0.12,32.68,0.07,0.07,43.300075,1776188060000
1776188061.52,261.52,0.91,27.0,0.9,15.0,0.97,4.98,0.98,20.0,0.04,0.91,0.03,15.0,0.11,10.0,0.12,32.68,0.06,0.07,43.300075,1776188060000
1776188062.15,262.15,0.91,27.0,0.9,15.0,0.97,4.98,0.98,20.0,0.03,4.98,0.02,20.0,0.09,27.0,0.1,15.0,0.06,0.06,43.295189,1776188061000
1776188062.825,262.825,0.94,15.0,0.93,15.0,0.98,10.97,0.99,228.72,0.03,4.98,0.02,20.0,0.09,27.0,0.1,15.0,0.04,0.06,43.295189,1776188061000
1776188063.157,263.157,0.94,15.0,0.93,15.0,0.98,10.97,0.99,228.72,0.02,10.97,0.01,228.72,0.06,15.0,0.07,15.0,0.04,0.04,43.293256,1776188062000
1776188063.466,263.466,0.95,9.66,0.94,15.0,0.98,10.97,0.99,228.72,0.02,10.97,0.01,228.72,0.06,15.0,0.07,15.0,0.03,0.04,43.293256,1776188062000
1776188064.13,264.13,0.95,9.66,0.94,15.0,0.98,10.97,0.99,228.72,0.02,10.97,0.01,228.72,0.05,9.66,0.06,15.0,0.03,0.03,43.297382,1776188063000
1776188064.926,264.926,0.96,15.0,0.95,9.66,0.98,8.93,0.99,228.72,0.02,10.97,0.01,228.72,0.05,9.66,0.06,15.0,0.02,0.03,43.297382,1776188063000
1776188065.176,265.176,0.96,15.0,0.95,9.66,0.98,8.93,0.99,228.72,0.02,8.93,0.01,228.72,0.04,15.0,0.05,9.66,0.02,0.02,43.299798,1776188064000
1776188066.079,266.079,0.95,9.66,0.94,15.0,0.98,1.79,0.99,228.72,0.02,8.93,0.01,228.72,0.04,15.0,0.05,9.66,0.03,0.02,43.299798,1776188064000
1776188066.6,266.6,0.95,9.66,0.94,15.0,0.98,0.76,0.99,228.72,0.02,1.79,0.01,228.72,0.05,9.66,0.06,15.0,0.03,0.03,43.301943,1776188065000
1776188067.341,267.341,0.95,9.66,0.94,15.0,0.98,0.76,0.99,228.72,0.02,0.76,0.01,228.72,0.05,9.66,0.06,15.0,0.03,0.03,43.301892,1776188066000
1776188068.284,268.284,0.95,9.66,0.94,15.0,0.98,0.76,0.99,228.72,0.02,0.76,0.01,228.72,0.05,9.66,0.06,15.0,0.03,0.03,43.30189,1776188067000
1776188069.181,269.181,0.95,9.66,0.94,15.0,0.98,0.76,0.99,228.72,0.02,0.76,0.01,228.72,0.05,9.66,0.06,15.0,0.03,0.03,43.298712,1776188068000
1776188070.211,270.211,0.95,9.66,0.94,15.0,0.98,0.76,0.99,228.72,0.02,0.76,0.01,228.72,0.05,9.66,0.06,15.0,0.03,0.03,43.291413,1776188069000
1776188070.442,270.442,0.9,15.0,0.89,36.0,0.96,14.85,0.97,15.0,0.02,0.76,0.01,228.72,0.05,9.66,0.06,15.0,0.06,0.03,43.291413,1776188069000
1776188071.265,271.265,0.89,21.0,0.88,15.68,0.96,4.75,0.97,15.0,0.04,4.75,0.03,15.0,0.11,21.0,0.12,15.68,0.07,0.07,43.284869,1776188070000
1776188072.38,272.38,0.89,21.0,0.88,15.68,0.96,4.75,0.97,15.0,0.04,4.75,0.03,15.0,0.11,21.0,0.12,15.68,0.07,0.07,43.280876,1776188071000
1776188073.831,273.831,0.89,21.0,0.88,15.68,0.96,4.75,0.97,15.0,0.04,4.75,0.03,15.0,0.11,21.0,0.12,15.68,0.07,0.07,43.270632,1776188072000
1776188074.297,274.297,0.89,21.0,0.88,15.68,0.96,4.75,0.97,15.0,0.04,4.75,0.03,15.0,0.11,21.0,0.12,15.68,0.07,0.07,43.269341,1776188073000
1776188075.507,275.507,0.89,21.0,0.88,15.68,0.96,4.75,0.97,15.0,0.04,4.75,0.03,15.0,0.11,21.0,0.12,15.68,0.07,0.07,43.266948,1776188074000
1776188076.078,276.078,0.89,21.0,0.88,15.68,0.96,4.75,0.97,15.0,0.04,4.75,0.03,15.0,0.11,21.0,0.12,15.68,0.07,0.07,43.266024,1776188075000
1776188077.237,277.237,0.89,21.0,0.88,15.68,0.96,4.75,0.97,15.0,0.04,4.75,0.03,15.0,0.11,21.0,0.12,15.68,0.07,0.07,43.25829,1776188076000
1776188078.28,278.28,0.89,21.0,0.88,15.68,0.96,4.75,0.97,15.0,0.04,4.75,0.03,15.0,0.11,21.0,0.12,15.68,0.07,0.07,43.253389,1776188077000
1776188078.55,278.55,0.88,5.68,0.82,10.0,0.99,317.83,,,0.04,4.75,0.03,15.0,0.11,21.0,0.12,15.68,0.11,0.07,43.253389,1776188077000
1776188078.971,278.971,0.82,8.23,0.74,6.0,0.99,317.83,,,0.01,317.83,,,0.12,5.68,0.18,10.0,0.17,0.11,43.253389,1776188077000
1776188079.374,279.374,0.82,8.23,0.74,6.0,0.99,317.83,,,0.01,317.83,,,0.18,8.23,0.26,6.0,0.17,0.17,43.24789,1776188078000
1776188080.016,280.016,0.82,8.23,0.74,6.0,0.99,317.83,,,0.01,317.83,,,0.18,8.23,0.26,6.0,0.17,0.17,43.24789,1776188079000
1776188081.086,281.086,0.82,8.23,0.74,6.0,0.99,317.83,,,0.01,317.83,,,0.18,8.23,0.26,6.0,0.17,0.17,43.251009,1776188080000
1776188081.81,281.81,0.76,6.0,0.75,10.0,0.92,11.19,0.99,317.83,0.01,317.83,,,0.18,8.23,0.26,6.0,0.16,0.17,43.251009,1776188080000
1776188082.194,282.194,0.76,6.0,0.75,10.0,0.92,11.19,0.99,317.83,0.08,11.19,0.01,317.83,0.24,6.0,0.25,10.0,0.16,0.16,43.252646,1776188081000
1776188083.524,283.524,0.76,6.0,0.75,10.0,0.92,11.19,0.99,317.83,0.08,11.19,0.01,317.83,0.24,6.0,0.25,10.0,0.16,0.16,43.25269,1776188082000
1776188084.0,284.0,0.76,6.0,0.75,10.0,0.92,11.19,0.99,317.83,0.08,11.19,0.01,317.83,0.24,6.0,0.25,10.0,0.16,0.16,43.250702,1776188083000
1776188085.11,285.11,0.76,6.0,0.75,10.0,0.92,11.19,0.99,317.83,0.08,11.19,0.01,317.83,0.24,6.0,0.25,10.0,0.16,0.16,43.247217,1776188084000
1776188086.289,286.289,0.76,6.0,0.75,10.0,0.92,11.19,0.99,317.83,0.08,11.19,0.01,317.83,0.24,6.0,0.25,10.0,0.16,0.16,43.247217,1776188085000
1776188086.529,286.529,0.15,98.31,0.02,5.0,0.99,317.83,,,0.08,11.19,0.01,317.83,0.24,6.0,0.25,10.0,0.84,0.16,43.247217,1776188085000
1776188087.376,287.376,0.15,98.31,0.02,5.0,0.99,317.83,,,0.01,317.83,,,0.85,98.31,0.98,5.0,0.84,0.84,43.246056,1776188086000
1776188088.436,288.436,0.15,98.31,0.02,5.0,0.99,317.83,,,0.01,317.83,,,0.85,98.31,0.98,5.0,0.84,0.84,43.248774,1776188087000
1776188089.174,289.174,0.15,98.31,0.02,5.0,0.99,317.83,,,0.01,317.83,,,0.85,98.31,0.98,5.0,0.84,0.84,43.248922,1776188088000
1776188089.923,289.923,0.79,10.0,0.68,7.0,0.96,18.02,0.99,317.83,0.01,317.83,,,0.85,98.31,0.98,5.0,0.17,0.84,43.248922,1776188088000
1776188090.994,290.994,0.57,3.09,0.24,20.0,0.74,10.0,0.98,250.0,0.04,18.02,0.01,317.83,0.21,10.0,0.32,7.0,0.17,0.17,43.246752,1776188089000
1776188091.463,291.463,0.57,3.09,0.24,20.0,0.74,10.0,0.98,250.0,0.26,10.0,0.02,250.0,0.43,3.09,0.76,20.0,0.17,0.17,43.244623,1776188090000
1776188091.771,291.771,0.29,10.0,0.15,98.31,0.46,7.92,0.99,317.83,0.26,10.0,0.02,250.0,0.43,3.09,0.76,20.0,0.17,0.17,43.244623,1776188090000
1776188092.002,292.002,0.29,10.0,0.15,98.31,0.46,7.92,0.99,317.83,0.54,7.92,0.01,317.83,0.71,10.0,0.85,98.31,0.17,0.17,43.244073,1776188091000
1776188092.237,292.237,0.15,94.81,0.02,5.0,0.36,10.0,0.99,317.83,0.62,10.0,0.01,317.83,0.79,1.78,0.85,98.31,0.21,0.17,43.244073,1776188091000
1776188093.153,293.153,0.15,94.81,0.02,5.0,0.36,10.0,0.99,317.83,0.64,10.0,0.01,317.83,0.85,94.81,0.98,5.0,0.21,0.21,43.237089,1776188092000
1776188093.645,293.645,0.15,71.31,0.02,5.0,0.32,7.0,0.95,67.0,0.68,7.0,0.05,67.0,0.85,81.31,0.98,5.0,0.17,0.17,43.237089,1776188092000
1776188093.961,293.961,0.15,47.78,0.02,5.0,0.32,7.0,0.95,67.0,0.68,7.0,0.05,67.0,0.85,71.31,0.98,5.0,0.17,0.17,43.237089,1776188092000
1776188094.191,294.191,0.19,10.0,0.02,5.0,0.34,4.47,0.36,10.0,0.68,7.0,0.05,67.0,0.85,47.78,0.98,5.0,0.15,0.17,43.237089,1776188092000
1776188094.482,294.482,0.19,8.77,0.04,100.0,0.36,10.0,0.38,8.0,0.66,4.47,0.64,10.0,0.81,10.0,0.98,5.0,0.17,0.15,43.226003,1776188093000
1776188095.366,295.366,0.1,10.0,0.04,26.0,0.53,4.39,0.85,100.0,0.64,10.0,0.62,8.0,0.81,8.77,0.96,100.0,0.43,0.17,43.226003,1776188093000
1776188095.886,295.886,0.1,5.6,0.04,26.0,0.85,100.0,0.9,10.0,0.47,4.39,0.15,100.0,0.64,8.92,0.9,10.0,0.75,0.17,43.216731,1776188094000
1776188097.043,297.043,0.1,5.6,0.04,26.0,0.85,100.0,0.9,10.0,0.15,100.0,0.1,10.0,0.9,5.6,0.96,26.0,0.75,0.75,43.221096,1776188096000
1776188097.611,297.611,0.04,18.22,0.02,5.0,0.47,46.75,0.9,20.0,0.1,10.0,0.08,12.5,0.96,18.22,0.98,5.0,0.43,0.86,43.221096,1776188096000
1776188097.944,297.944,0.05,67.0,0.04,18.22,0.47,38.79,0.87,10.0,0.53,46.75,0.1,20.0,0.96,18.22,0.98,5.0,0.42,0.43,43.221096,1776188096000
1776188098.166,298.166,0.04,18.22,0.02,5.0,0.47,33.79,0.85,10.0,0.53,38.79,0.13,10.0,0.95,67.0,0.96,18.22,0.43,0.42,43.221096,1776188096000
1776188098.791,298.791,0.04,18.22,0.02,5.0,0.47,9.27,0.7,40.0,0.53,9.27,0.15,10.0,0.96,18.22,0.98,5.0,0.43,0.43,43.223812,1776188097000
1776188099.071,299.071,0.04,18.22,0.02,5.0,0.47,9.27,0.7,40.0,0.53,9.27,0.3,40.0,0.96,18.22,0.98,5.0,0.43,0.43,43.227957,1776188098000
1776188099.35,299.35,0.31,17.0,0.21,10.0,0.47,3.44,0.48,10.0,0.55,5.0,0.53,9.27,0.69,7.0,0.79,10.0,0.16,0.14,43.227957,1776188098000
1776188100.016,300.016,0.5,85.81,0.34,10.0,0.51,10.0,0.55,35.0,0.43,5.0,0.1,10.0,0.5,83.01,0.69,17.0,0.01,0.07,43.227957,1776188098000
1776188100.347,300.347,0.34,10.0,0.33,15.0,0.5,19.19,0.51,10.0,0.5,19.19,0.49,10.0,0.66,10.0,0.67,15.0,0.16,0.16,43.230542,1776188099000

# RESULT,winner=Down,slug=hype-updown-5m-1776187800,ticks=315
