timestamp,elapsed_sec,up_bid_p1,up_bid_s1,up_bid_p2,up_bid_s2,up_bid_p3,up_bid_s3,up_bid_p4,up_bid_s4,up_bid_p5,up_bid_s5,up_ask_p1,up_ask_s1,up_ask_p2,up_ask_s2,up_ask_p3,up_ask_s3,up_ask_p4,up_ask_s4,up_ask_p5,up_ask_s5,down_bid_p1,down_bid_s1,down_bid_p2,down_bid_s2,down_bid_p3,down_bid_s3,down_bid_p4,down_bid_s4,down_bid_p5,down_bid_s5,down_ask_p1,down_ask_s1,down_ask_p2,down_ask_s2,down_ask_p3,down_ask_s3,down_ask_p4,down_ask_s4,down_ask_p5,down_ask_s5,up_spread,down_spread,hype_price,hype_oracle_ts
1776170700.528,0.528,0.41,13.0,0.4,8.0,0.39,8.0,0.38,8.0,0.37,9.0,0.59,13.0,0.6,8.0,0.61,8.0,0.62,8.0,0.63,9.0,0.48,5.0,0.47,31.0,0.46,41.0,0.45,45.0,0.44,80.0,0.5,10.0,0.52,5.0,0.53,31.0,0.54,41.0,0.55,45.0,0.18,0.02,44.88638,1776170698000
1776170701.642,1.642,0.41,13.0,0.4,8.0,0.39,8.0,0.38,8.0,0.37,9.0,0.59,13.0,0.6,8.0,0.61,8.0,0.62,8.0,0.63,9.0,0.41,13.0,0.4,8.0,0.39,8.0,0.38,8.0,0.37,9.0,0.59,13.0,0.6,8.0,0.61,8.0,0.62,8.0,0.63,9.0,0.18,0.18,44.877485,1776170700000
1776170702.251,2.251,0.41,13.0,0.4,8.0,0.39,8.0,0.38,8.0,0.37,9.0,0.59,13.0,0.6,8.0,0.61,8.0,0.62,8.0,0.63,9.0,0.41,13.0,0.4,8.0,0.39,8.0,0.38,8.0,0.37,9.0,0.59,13.0,0.6,8.0,0.61,8.0,0.62,8.0,0.63,9.0,0.18,0.18,44.876918,1776170701000
1776170703.755,3.755,0.41,13.0,0.4,8.0,0.39,8.0,0.38,8.0,0.37,9.0,0.59,13.0,0.6,8.0,0.61,8.0,0.62,8.0,0.63,9.0,0.41,13.0,0.4,8.0,0.39,8.0,0.38,8.0,0.37,9.0,0.59,13.0,0.6,8.0,0.61,8.0,0.62,8.0,0.63,9.0,0.18,0.18,44.874317,1776170702000
1776170704.704,4.704,0.41,13.0,0.4,8.0,0.39,8.0,0.38,8.0,0.37,9.0,0.59,13.0,0.6,8.0,0.61,8.0,0.62,8.0,0.63,9.0,0.41,13.0,0.4,8.0,0.39,8.0,0.38,8.0,0.37,9.0,0.59,13.0,0.6,8.0,0.61,8.0,0.62,8.0,0.63,9.0,0.18,0.18,44.874132,1776170703000
1776170705.309,5.309,0.41,13.0,0.4,8.0,0.39,8.0,0.38,8.0,0.37,9.0,0.59,13.0,0.6,8.0,0.61,8.0,0.62,8.0,0.63,9.0,0.41,13.0,0.4,8.0,0.39,8.0,0.38,8.0,0.37,9.0,0.59,13.0,0.6,8.0,0.61,8.0,0.62,8.0,0.63,9.0,0.18,0.18,44.874559,1776170704000
1776170706.769,6.769,0.41,13.0,0.4,8.0,0.39,8.0,0.38,8.0,0.37,9.0,0.59,13.0,0.6,8.0,0.61,8.0,0.62,8.0,0.63,9.0,0.41,13.0,0.4,8.0,0.39,8.0,0.38,8.0,0.37,9.0,0.59,13.0,0.6,8.0,0.61,8.0,0.62,8.0,0.63,9.0,0.18,0.18,44.875229,1776170705000
1776170707.558,7.558,0.41,13.0,0.4,8.0,0.39,8.0,0.38,8.0,0.37,9.0,0.59,13.0,0.6,8.0,0.61,8.0,0.62,8.0,0.63,9.0,0.41,13.0,0.4,8.0,0.39,8.0,0.38,8.0,0.37,9.0,0.59,13.0,0.6,8.0,0.61,8.0,0.62,8.0,0.63,9.0,0.18,0.18,44.875568,1776170706000
1776170708.342,8.342,0.41,13.0,0.4,8.0,0.39,8.0,0.38,8.0,0.37,9.0,0.59,13.0,0.6,8.0,0.61,8.0,0.62,8.0,0.63,9.0,0.41,13.0,0.4,8.0,0.39,8.0,0.38,8.0,0.37,9.0,0.59,13.0,0.6,8.0,0.61,8.0,0.62,8.0,0.63,9.0,0.18,0.18,44.876,1776170707000
1776170709.791,9.791,0.41,13.0,0.4,8.0,0.39,8.0,0.38,8.0,0.37,9.0,0.59,13.0,0.6,8.0,0.61,8.0,0.62,8.0,0.63,9.0,0.41,13.0,0.4,8.0,0.39,8.0,0.38,8.0,0.37,9.0,0.59,13.0,0.6,8.0,0.61,8.0,0.62,8.0,0.63,9.0,0.18,0.18,44.876607,1776170708000
1776170710.458,10.458,0.41,13.0,0.4,8.0,0.39,8.0,0.38,8.0,0.37,9.0,0.59,13.0,0.6,8.0,0.61,8.0,0.62,8.0,0.63,9.0,0.41,13.0,0.4,8.0,0.39,8.0,0.38,8.0,0.37,9.0,0.59,13.0,0.6,8.0,0.61,8.0,0.62,8.0,0.63,9.0,0.18,0.18,44.875803,1776170709000
1776170711.527,11.527,0.41,13.0,0.4,8.0,0.39,8.0,0.38,8.0,0.37,9.0,0.59,13.0,0.6,8.0,0.61,8.0,0.62,8.0,0.63,9.0,0.41,13.0,0.4,8.0,0.39,8.0,0.38,8.0,0.37,9.0,0.59,13.0,0.6,8.0,0.61,8.0,0.62,8.0,0.63,9.0,0.18,0.18,44.874586,1776170710000
1776170711.976,11.976,0.41,13.0,0.4,8.0,0.39,8.0,0.38,8.0,0.37,9.0,0.59,13.0,0.6,8.0,0.61,8.0,0.62,8.0,0.63,9.0,0.41,13.0,0.4,8.0,0.39,8.0,0.38,8.0,0.37,9.0,0.59,13.0,0.6,8.0,0.61,8.0,0.62,8.0,0.63,9.0,0.18,0.18,44.867328,1776170711000
1776170712.987,12.987,0.41,13.0,0.4,8.0,0.39,8.0,0.38,8.0,0.37,9.0,0.59,13.0,0.6,8.0,0.61,8.0,0.62,8.0,0.63,9.0,0.41,13.0,0.4,8.0,0.39,8.0,0.38,8.0,0.37,9.0,0.59,13.0,0.6,8.0,0.61,8.0,0.62,8.0,0.63,9.0,0.18,0.18,44.866186,1776170712000
1776170713.908,13.908,0.41,13.0,0.4,8.0,0.39,8.0,0.38,8.0,0.37,9.0,0.59,13.0,0.6,8.0,0.61,8.0,0.62,8.0,0.63,9.0,0.41,13.0,0.4,8.0,0.39,8.0,0.38,8.0,0.37,9.0,0.59,13.0,0.6,8.0,0.61,8.0,0.62,8.0,0.63,9.0,0.18,0.18,44.863142,1776170713000
1776170715.258,15.258,0.41,13.0,0.4,8.0,0.39,8.0,0.38,8.0,0.37,9.0,0.59,13.0,0.6,8.0,0.61,8.0,0.62,8.0,0.63,9.0,0.41,13.0,0.4,8.0,0.39,8.0,0.38,8.0,0.37,9.0,0.59,13.0,0.6,8.0,0.61,8.0,0.62,8.0,0.63,9.0,0.18,0.18,44.861291,1776170714000
1776170716.235,16.235,0.41,13.0,0.4,8.0,0.39,8.0,0.38,8.0,0.37,9.0,0.59,13.0,0.6,8.0,0.61,8.0,0.62,8.0,0.63,9.0,0.41,13.0,0.4,8.0,0.39,8.0,0.38,8.0,0.37,9.0,0.59,13.0,0.6,8.0,0.61,8.0,0.62,8.0,0.63,9.0,0.18,0.18,44.861239,1776170715000
1776170717.147,17.147,0.41,13.0,0.4,8.0,0.39,8.0,0.38,8.0,0.37,9.0,0.59,13.0,0.6,8.0,0.61,8.0,0.62,8.0,0.63,9.0,0.41,13.0,0.4,8.0,0.39,8.0,0.38,8.0,0.37,9.0,0.59,13.0,0.6,8.0,0.61,8.0,0.62,8.0,0.63,9.0,0.18,0.18,44.861239,1776170716000
1776170718.142,18.142,0.41,13.0,0.4,8.0,0.39,8.0,0.38,8.0,0.37,9.0,0.59,13.0,0.6,8.0,0.61,8.0,0.62,8.0,0.63,9.0,0.41,13.0,0.4,8.0,0.39,8.0,0.38,8.0,0.37,9.0,0.59,13.0,0.6,8.0,0.61,8.0,0.62,8.0,0.63,9.0,0.18,0.18,44.861238,1776170717000
1776170719.188,19.188,0.41,13.0,0.4,8.0,0.39,8.0,0.38,8.0,0.37,9.0,0.59,13.0,0.6,8.0,0.61,8.0,0.62,8.0,0.63,9.0,0.41,13.0,0.4,8.0,0.39,8.0,0.38,8.0,0.37,9.0,0.59,13.0,0.6,8.0,0.61,8.0,0.62,8.0,0.63,9.0,0.18,0.18,44.861463,1776170718000
1776170720.133,20.133,0.41,13.0,0.4,8.0,0.39,8.0,0.38,8.0,0.37,9.0,0.59,13.0,0.6,8.0,0.61,8.0,0.62,8.0,0.63,9.0,0.41,13.0,0.4,8.0,0.39,8.0,0.38,8.0,0.37,9.0,0.59,13.0,0.6,8.0,0.61,8.0,0.62,8.0,0.63,9.0,0.18,0.18,44.861232,1776170719000
1776170721.196,21.196,0.41,13.0,0.4,8.0,0.39,8.0,0.38,8.0,0.37,9.0,0.59,13.0,0.6,8.0,0.61,8.0,0.62,8.0,0.63,9.0,0.41,13.0,0.4,8.0,0.39,8.0,0.38,8.0,0.37,9.0,0.59,13.0,0.6,8.0,0.61,8.0,0.62,8.0,0.63,9.0,0.18,0.18,44.861456,1776170720000
1776170722.099,22.099,0.41,13.0,0.4,8.0,0.39,8.0,0.38,8.0,0.37,9.0,0.59,13.0,0.6,8.0,0.61,8.0,0.62,8.0,0.63,9.0,0.41,13.0,0.4,8.0,0.39,8.0,0.38,8.0,0.37,9.0,0.59,13.0,0.6,8.0,0.61,8.0,0.62,8.0,0.63,9.0,0.18,0.18,44.852175,1776170721000
1776170723.086,23.086,0.41,13.0,0.4,8.0,0.39,8.0,0.38,8.0,0.37,9.0,0.59,13.0,0.6,8.0,0.61,8.0,0.62,8.0,0.63,9.0,0.41,13.0,0.4,8.0,0.39,8.0,0.38,8.0,0.37,9.0,0.59,13.0,0.6,8.0,0.61,8.0,0.62,8.0,0.63,9.0,0.18,0.18,44.834147,1776170722000
1776170724.223,24.223,0.41,13.0,0.4,8.0,0.39,8.0,0.38,8.0,0.37,9.0,0.59,13.0,0.6,8.0,0.61,8.0,0.62,8.0,0.63,9.0,0.41,13.0,0.4,8.0,0.39,8.0,0.38,8.0,0.37,9.0,0.59,13.0,0.6,8.0,0.61,8.0,0.62,8.0,0.63,9.0,0.18,0.18,44.830109,1776170723000
1776170725.239,25.239,0.41,13.0,0.4,8.0,0.39,8.0,0.38,8.0,0.37,9.0,0.59,13.0,0.6,8.0,0.61,8.0,0.62,8.0,0.63,9.0,0.41,13.0,0.4,8.0,0.39,8.0,0.38,8.0,0.37,9.0,0.59,13.0,0.6,8.0,0.61,8.0,0.62,8.0,0.63,9.0,0.18,0.18,44.826964,1776170724000
1776170726.248,26.248,0.41,13.0,0.4,8.0,0.39,8.0,0.38,8.0,0.37,9.0,0.59,13.0,0.6,8.0,0.61,8.0,0.62,8.0,0.63,9.0,0.41,13.0,0.4,8.0,0.39,8.0,0.38,8.0,0.37,9.0,0.59,13.0,0.6,8.0,0.61,8.0,0.62,8.0,0.63,9.0,0.18,0.18,44.828281,1776170725000
1776170727.352,27.352,0.41,13.0,0.4,8.0,0.39,8.0,0.38,8.0,0.37,9.0,0.59,13.0,0.6,8.0,0.61,8.0,0.62,8.0,0.63,9.0,0.41,13.0,0.4,8.0,0.39,8.0,0.38,8.0,0.37,9.0,0.59,13.0,0.6,8.0,0.61,8.0,0.62,8.0,0.63,9.0,0.18,0.18,44.827141,1776170726000
1776170728.237,28.237,0.41,13.0,0.4,8.0,0.39,8.0,0.38,8.0,0.37,9.0,0.59,13.0,0.6,8.0,0.61,8.0,0.62,8.0,0.63,9.0,0.41,13.0,0.4,8.0,0.39,8.0,0.38,8.0,0.37,9.0,0.59,13.0,0.6,8.0,0.61,8.0,0.62,8.0,0.63,9.0,0.18,0.18,44.826874,1776170727000
1776170729.263,29.263,0.41,13.0,0.4,8.0,0.39,8.0,0.38,8.0,0.37,9.0,0.59,13.0,0.6,8.0,0.61,8.0,0.62,8.0,0.63,9.0,0.41,13.0,0.4,8.0,0.39,8.0,0.38,8.0,0.37,9.0,0.59,13.0,0.6,8.0,0.61,8.0,0.62,8.0,0.63,9.0,0.18,0.18,44.832413,1776170728000
1776170730.274,30.274,0.41,13.0,0.4,8.0,0.39,8.0,0.38,8.0,0.37,9.0,0.59,13.0,0.6,8.0,0.61,8.0,0.62,8.0,0.63,9.0,0.41,13.0,0.4,8.0,0.39,8.0,0.38,8.0,0.37,9.0,0.59,13.0,0.6,8.0,0.61,8.0,0.62,8.0,0.63,9.0,0.18,0.18,44.833662,1776170729000
1776170731.202,31.202,0.41,13.0,0.4,8.0,0.39,8.0,0.38,8.0,0.37,9.0,0.59,13.0,0.6,8.0,0.61,8.0,0.62,8.0,0.63,9.0,0.41,13.0,0.4,8.0,0.39,8.0,0.38,8.0,0.37,9.0,0.59,13.0,0.6,8.0,0.61,8.0,0.62,8.0,0.63,9.0,0.18,0.18,44.833865,1776170730000
1776170732.151,32.151,0.41,13.0,0.4,8.0,0.39,8.0,0.38,8.0,0.37,9.0,0.59,13.0,0.6,8.0,0.61,8.0,0.62,8.0,0.63,9.0,0.41,13.0,0.4,8.0,0.39,8.0,0.38,8.0,0.37,9.0,0.59,13.0,0.6,8.0,0.61,8.0,0.62,8.0,0.63,9.0,0.18,0.18,44.830666,1776170731000
1776170733.238,33.238,0.41,13.0,0.4,8.0,0.39,8.0,0.38,8.0,0.37,9.0,0.59,13.0,0.6,8.0,0.61,8.0,0.62,8.0,0.63,9.0,0.41,13.0,0.4,8.0,0.39,8.0,0.38,8.0,0.37,9.0,0.59,13.0,0.6,8.0,0.61,8.0,0.62,8.0,0.63,9.0,0.18,0.18,44.830049,1776170732000
1776170734.059,34.059,0.41,13.0,0.4,8.0,0.39,8.0,0.38,8.0,0.37,9.0,0.59,13.0,0.6,8.0,0.61,8.0,0.62,8.0,0.63,9.0,0.41,13.0,0.4,8.0,0.39,8.0,0.38,8.0,0.37,9.0,0.59,13.0,0.6,8.0,0.61,8.0,0.62,8.0,0.63,9.0,0.18,0.18,44.826365,1776170733000
1776170734.959,34.959,0.41,13.0,0.4,8.0,0.39,8.0,0.38,8.0,0.37,9.0,0.59,13.0,0.6,8.0,0.61,8.0,0.62,8.0,0.63,9.0,0.41,13.0,0.4,8.0,0.39,8.0,0.38,8.0,0.37,9.0,0.59,13.0,0.6,8.0,0.61,8.0,0.62,8.0,0.63,9.0,0.18,0.18,44.83081,1776170734000
1776170735.903,35.903,0.41,13.0,0.4,8.0,0.39,8.0,0.38,8.0,0.37,9.0,0.59,13.0,0.6,8.0,0.61,8.0,0.62,8.0,0.63,9.0,0.41,13.0,0.4,8.0,0.39,8.0,0.38,8.0,0.37,9.0,0.59,13.0,0.6,8.0,0.61,8.0,0.62,8.0,0.63,9.0,0.18,0.18,44.832056,1776170735000
1776170737.283,37.283,0.41,13.0,0.4,8.0,0.39,8.0,0.38,8.0,0.37,9.0,0.59,13.0,0.6,8.0,0.61,8.0,0.62,8.0,0.63,9.0,0.41,13.0,0.4,8.0,0.39,8.0,0.38,8.0,0.37,9.0,0.59,13.0,0.6,8.0,0.61,8.0,0.62,8.0,0.63,9.0,0.18,0.18,44.832588,1776170736000
1776170738.318,38.318,0.41,13.0,0.4,8.0,0.39,8.0,0.38,8.0,0.37,9.0,0.59,13.0,0.6,8.0,0.61,8.0,0.62,8.0,0.63,9.0,0.41,13.0,0.4,8.0,0.39,8.0,0.38,8.0,0.37,9.0,0.59,13.0,0.6,8.0,0.61,8.0,0.62,8.0,0.63,9.0,0.18,0.18,44.836213,1776170737000
1776170739.383,39.383,0.41,13.0,0.4,8.0,0.39,8.0,0.38,8.0,0.37,9.0,0.59,13.0,0.6,8.0,0.61,8.0,0.62,8.0,0.63,9.0,0.41,13.0,0.4,8.0,0.39,8.0,0.38,8.0,0.37,9.0,0.59,13.0,0.6,8.0,0.61,8.0,0.62,8.0,0.63,9.0,0.18,0.18,44.838232,1776170738000
1776170740.329,40.329,0.41,13.0,0.4,8.0,0.39,8.0,0.38,8.0,0.37,9.0,0.59,13.0,0.6,8.0,0.61,8.0,0.62,8.0,0.63,9.0,0.41,13.0,0.4,8.0,0.39,8.0,0.38,8.0,0.37,9.0,0.59,13.0,0.6,8.0,0.61,8.0,0.62,8.0,0.63,9.0,0.18,0.18,44.840862,1776170739000
1776170741.382,41.382,0.41,13.0,0.4,8.0,0.39,8.0,0.38,8.0,0.37,9.0,0.59,13.0,0.6,8.0,0.61,8.0,0.62,8.0,0.63,9.0,0.41,13.0,0.4,8.0,0.39,8.0,0.38,8.0,0.37,9.0,0.59,13.0,0.6,8.0,0.61,8.0,0.62,8.0,0.63,9.0,0.18,0.18,44.844909,1776170740000
1776170742.269,42.269,0.41,13.0,0.4,8.0,0.39,8.0,0.38,8.0,0.37,9.0,0.59,13.0,0.6,8.0,0.61,8.0,0.62,8.0,0.63,9.0,0.41,13.0,0.4,8.0,0.39,8.0,0.38,8.0,0.37,9.0,0.59,13.0,0.6,8.0,0.61,8.0,0.62,8.0,0.63,9.0,0.18,0.18,44.844909,1776170741000
1776170743.259,43.259,0.41,13.0,0.4,8.0,0.39,8.0,0.38,8.0,0.37,9.0,0.59,13.0,0.6,8.0,0.61,8.0,0.62,8.0,0.63,9.0,0.41,13.0,0.4,8.0,0.39,8.0,0.38,8.0,0.37,9.0,0.59,13.0,0.6,8.0,0.61,8.0,0.62,8.0,0.63,9.0,0.18,0.18,44.854933,1776170742000
1776170744.249,44.249,0.41,13.0,0.4,8.0,0.39,8.0,0.38,8.0,0.37,9.0,0.59,13.0,0.6,8.0,0.61,8.0,0.62,8.0,0.63,9.0,0.41,13.0,0.4,8.0,0.39,8.0,0.38,8.0,0.37,9.0,0.59,13.0,0.6,8.0,0.61,8.0,0.62,8.0,0.63,9.0,0.18,0.18,44.854073,1776170743000
1776170745.172,45.172,0.41,13.0,0.4,8.0,0.39,8.0,0.38,8.0,0.37,9.0,0.59,13.0,0.6,8.0,0.61,8.0,0.62,8.0,0.63,9.0,0.41,13.0,0.4,8.0,0.39,8.0,0.38,8.0,0.37,9.0,0.59,13.0,0.6,8.0,0.61,8.0,0.62,8.0,0.63,9.0,0.18,0.18,44.856604,1776170744000
1776170746.295,46.295,0.41,13.0,0.4,8.0,0.39,8.0,0.38,8.0,0.37,9.0,0.59,13.0,0.6,8.0,0.61,8.0,0.62,8.0,0.63,9.0,0.41,13.0,0.4,8.0,0.39,8.0,0.38,8.0,0.37,9.0,0.59,13.0,0.6,8.0,0.61,8.0,0.62,8.0,0.63,9.0,0.18,0.18,44.855836,1776170745000
1776170747.143,47.143,0.41,13.0,0.4,8.0,0.39,8.0,0.38,8.0,0.37,9.0,0.59,13.0,0.6,8.0,0.61,8.0,0.62,8.0,0.63,9.0,0.41,13.0,0.4,8.0,0.39,8.0,0.38,8.0,0.37,9.0,0.59,13.0,0.6,8.0,0.61,8.0,0.62,8.0,0.63,9.0,0.18,0.18,44.859481,1776170746000
1776170748.118,48.118,0.41,13.0,0.4,8.0,0.39,8.0,0.38,8.0,0.37,9.0,0.59,13.0,0.6,8.0,0.61,8.0,0.62,8.0,0.63,9.0,0.41,13.0,0.4,8.0,0.39,8.0,0.38,8.0,0.37,9.0,0.59,13.0,0.6,8.0,0.61,8.0,0.62,8.0,0.63,9.0,0.18,0.18,44.858782,1776170747000
1776170749.833,49.833,0.41,13.0,0.4,8.0,0.39,8.0,0.38,8.0,0.37,9.0,0.59,13.0,0.6,8.0,0.61,8.0,0.62,8.0,0.63,9.0,0.41,13.0,0.4,8.0,0.39,8.0,0.38,8.0,0.37,9.0,0.59,13.0,0.6,8.0,0.61,8.0,0.62,8.0,0.63,9.0,0.18,0.18,44.858726,1776170748000
1776170750.386,50.386,0.41,13.0,0.4,8.0,0.39,8.0,0.38,8.0,0.37,9.0,0.59,13.0,0.6,8.0,0.61,8.0,0.62,8.0,0.63,9.0,0.41,13.0,0.4,8.0,0.39,8.0,0.38,8.0,0.37,9.0,0.59,13.0,0.6,8.0,0.61,8.0,0.62,8.0,0.63,9.0,0.18,0.18,44.858872,1776170749000
1776170750.923,50.923,0.41,13.0,0.4,8.0,0.39,8.0,0.38,8.0,0.37,9.0,0.59,13.0,0.6,8.0,0.61,8.0,0.62,8.0,0.63,9.0,0.41,13.0,0.4,8.0,0.39,8.0,0.38,8.0,0.37,9.0,0.59,13.0,0.6,8.0,0.61,8.0,0.62,8.0,0.63,9.0,0.18,0.18,44.860769,1776170750000
1776170752.262,52.262,0.41,13.0,0.4,8.0,0.39,8.0,0.38,8.0,0.37,9.0,0.59,13.0,0.6,8.0,0.61,8.0,0.62,8.0,0.63,9.0,0.41,13.0,0.4,8.0,0.39,8.0,0.38,8.0,0.37,9.0,0.59,13.0,0.6,8.0,0.61,8.0,0.62,8.0,0.63,9.0,0.18,0.18,44.861969,1776170751000
1776170753.728,53.728,0.41,13.0,0.4,8.0,0.39,8.0,0.38,8.0,0.37,9.0,0.59,13.0,0.6,8.0,0.61,8.0,0.62,8.0,0.63,9.0,0.41,13.0,0.4,8.0,0.39,8.0,0.38,8.0,0.37,9.0,0.59,13.0,0.6,8.0,0.61,8.0,0.62,8.0,0.63,9.0,0.18,0.18,44.861844,1776170752000
1776170754.278,54.278,0.41,13.0,0.4,8.0,0.39,8.0,0.38,8.0,0.37,9.0,0.59,13.0,0.6,8.0,0.61,8.0,0.62,8.0,0.63,9.0,0.41,13.0,0.4,8.0,0.39,8.0,0.38,8.0,0.37,9.0,0.59,13.0,0.6,8.0,0.61,8.0,0.62,8.0,0.63,9.0,0.18,0.18,44.862615,1776170753000
1776170755.323,55.323,0.41,13.0,0.4,8.0,0.39,8.0,0.38,8.0,0.37,9.0,0.59,13.0,0.6,8.0,0.61,8.0,0.62,8.0,0.63,9.0,0.41,13.0,0.4,8.0,0.39,8.0,0.38,8.0,0.37,9.0,0.59,13.0,0.6,8.0,0.61,8.0,0.62,8.0,0.63,9.0,0.18,0.18,44.860974,1776170754000
1776170755.888,55.888,0.41,13.0,0.4,8.0,0.39,8.0,0.38,8.0,0.37,9.0,0.59,13.0,0.6,8.0,0.61,8.0,0.62,8.0,0.63,9.0,0.41,13.0,0.4,8.0,0.39,8.0,0.38,8.0,0.37,9.0,0.59,13.0,0.6,8.0,0.61,8.0,0.62,8.0,0.63,9.0,0.18,0.18,44.862818,1776170755000
1776170757.138,57.138,0.41,13.0,0.4,8.0,0.39,8.0,0.38,8.0,0.37,9.0,0.59,13.0,0.6,8.0,0.61,8.0,0.62,8.0,0.63,9.0,0.41,13.0,0.4,8.0,0.39,8.0,0.38,8.0,0.37,9.0,0.59,13.0,0.6,8.0,0.61,8.0,0.62,8.0,0.63,9.0,0.18,0.18,44.861685,1776170756000
1776170758.163,58.163,0.41,13.0,0.4,8.0,0.39,8.0,0.38,8.0,0.37,9.0,0.59,13.0,0.6,8.0,0.61,8.0,0.62,8.0,0.63,9.0,0.41,13.0,0.4,8.0,0.39,8.0,0.38,8.0,0.37,9.0,0.59,13.0,0.6,8.0,0.61,8.0,0.62,8.0,0.63,9.0,0.18,0.18,44.861804,1776170757000
1776170759.214,59.214,0.41,13.0,0.4,8.0,0.39,8.0,0.38,8.0,0.37,9.0,0.59,13.0,0.6,8.0,0.61,8.0,0.62,8.0,0.63,9.0,0.41,13.0,0.4,8.0,0.39,8.0,0.38,8.0,0.37,9.0,0.59,13.0,0.6,8.0,0.61,8.0,0.62,8.0,0.63,9.0,0.18,0.18,44.86023,1776170758000
1776170759.948,59.948,0.41,13.0,0.4,8.0,0.39,8.0,0.38,8.0,0.37,9.0,0.59,13.0,0.6,8.0,0.61,8.0,0.62,8.0,0.63,9.0,0.41,13.0,0.4,8.0,0.39,8.0,0.38,8.0,0.37,9.0,0.59,13.0,0.6,8.0,0.61,8.0,0.62,8.0,0.63,9.0,0.18,0.18,44.859772,1776170759000
1776170761.123,61.123,0.41,13.0,0.4,8.0,0.39,8.0,0.38,8.0,0.37,9.0,0.59,13.0,0.6,8.0,0.61,8.0,0.62,8.0,0.63,9.0,0.41,13.0,0.4,8.0,0.39,8.0,0.38,8.0,0.37,9.0,0.59,13.0,0.6,8.0,0.61,8.0,0.62,8.0,0.63,9.0,0.18,0.18,44.860002,1776170760000
1776170762.334,62.334,0.41,13.0,0.4,8.0,0.39,8.0,0.38,8.0,0.37,9.0,0.59,13.0,0.6,8.0,0.61,8.0,0.62,8.0,0.63,9.0,0.41,13.0,0.4,8.0,0.39,8.0,0.38,8.0,0.37,9.0,0.59,13.0,0.6,8.0,0.61,8.0,0.62,8.0,0.63,9.0,0.18,0.18,44.861328,1776170761000
1776170763.038,63.038,0.41,13.0,0.4,8.0,0.39,8.0,0.38,8.0,0.37,9.0,0.59,13.0,0.6,8.0,0.61,8.0,0.62,8.0,0.63,9.0,0.41,13.0,0.4,8.0,0.39,8.0,0.38,8.0,0.37,9.0,0.59,13.0,0.6,8.0,0.61,8.0,0.62,8.0,0.63,9.0,0.18,0.18,44.859245,1776170762000
1776170764.644,64.644,0.41,13.0,0.4,8.0,0.39,8.0,0.38,8.0,0.37,9.0,0.59,13.0,0.6,8.0,0.61,8.0,0.62,8.0,0.63,9.0,0.41,13.0,0.4,8.0,0.39,8.0,0.38,8.0,0.37,9.0,0.59,13.0,0.6,8.0,0.61,8.0,0.62,8.0,0.63,9.0,0.18,0.18,44.860997,1776170763000
1776170765.432,65.432,0.41,13.0,0.4,8.0,0.39,8.0,0.38,8.0,0.37,9.0,0.59,13.0,0.6,8.0,0.61,8.0,0.62,8.0,0.63,9.0,0.41,13.0,0.4,8.0,0.39,8.0,0.38,8.0,0.37,9.0,0.59,13.0,0.6,8.0,0.61,8.0,0.62,8.0,0.63,9.0,0.18,0.18,44.860896,1776170764000
1776170766.206,66.206,0.41,13.0,0.4,8.0,0.39,8.0,0.38,8.0,0.37,9.0,0.59,13.0,0.6,8.0,0.61,8.0,0.62,8.0,0.63,9.0,0.41,13.0,0.4,8.0,0.39,8.0,0.38,8.0,0.37,9.0,0.59,13.0,0.6,8.0,0.61,8.0,0.62,8.0,0.63,9.0,0.18,0.18,44.860896,1776170765000
1776170767.104,67.104,0.41,13.0,0.4,8.0,0.39,8.0,0.38,8.0,0.37,9.0,0.59,13.0,0.6,8.0,0.61,8.0,0.62,8.0,0.63,9.0,0.41,13.0,0.4,8.0,0.39,8.0,0.38,8.0,0.37,9.0,0.59,13.0,0.6,8.0,0.61,8.0,0.62,8.0,0.63,9.0,0.18,0.18,44.861356,1776170766000
1776170768.312,68.312,0.41,13.0,0.4,8.0,0.39,8.0,0.38,8.0,0.37,9.0,0.59,13.0,0.6,8.0,0.61,8.0,0.62,8.0,0.63,9.0,0.41,13.0,0.4,8.0,0.39,8.0,0.38,8.0,0.37,9.0,0.59,13.0,0.6,8.0,0.61,8.0,0.62,8.0,0.63,9.0,0.18,0.18,44.8614,1776170767000
1776170769.525,69.525,0.41,13.0,0.4,8.0,0.39,8.0,0.38,8.0,0.37,9.0,0.59,13.0,0.6,8.0,0.61,8.0,0.62,8.0,0.63,9.0,0.41,13.0,0.4,8.0,0.39,8.0,0.38,8.0,0.37,9.0,0.59,13.0,0.6,8.0,0.61,8.0,0.62,8.0,0.63,9.0,0.18,0.18,44.863365,1776170768000
1776170770.415,70.415,0.41,13.0,0.4,8.0,0.39,8.0,0.38,8.0,0.37,9.0,0.59,13.0,0.6,8.0,0.61,8.0,0.62,8.0,0.63,9.0,0.41,13.0,0.4,8.0,0.39,8.0,0.38,8.0,0.37,9.0,0.59,13.0,0.6,8.0,0.61,8.0,0.62,8.0,0.63,9.0,0.18,0.18,44.863365,1776170769000
1776170770.991,70.991,0.41,13.0,0.4,8.0,0.39,8.0,0.38,8.0,0.37,9.0,0.59,13.0,0.6,8.0,0.61,8.0,0.62,8.0,0.63,9.0,0.41,13.0,0.4,8.0,0.39,8.0,0.38,8.0,0.37,9.0,0.59,13.0,0.6,8.0,0.61,8.0,0.62,8.0,0.63,9.0,0.18,0.18,44.863393,1776170770000
1776170772.14,72.14,0.41,13.0,0.4,8.0,0.39,8.0,0.38,8.0,0.37,9.0,0.59,13.0,0.6,8.0,0.61,8.0,0.62,8.0,0.63,9.0,0.41,13.0,0.4,8.0,0.39,8.0,0.38,8.0,0.37,9.0,0.59,13.0,0.6,8.0,0.61,8.0,0.62,8.0,0.63,9.0,0.18,0.18,44.863346,1776170771000
1776170773.247,73.247,0.41,13.0,0.4,8.0,0.39,8.0,0.38,8.0,0.37,9.0,0.59,13.0,0.6,8.0,0.61,8.0,0.62,8.0,0.63,9.0,0.41,13.0,0.4,8.0,0.39,8.0,0.38,8.0,0.37,9.0,0.59,13.0,0.6,8.0,0.61,8.0,0.62,8.0,0.63,9.0,0.18,0.18,44.863346,1776170772000
1776170774.457,74.457,0.41,13.0,0.4,8.0,0.39,8.0,0.38,8.0,0.37,9.0,0.59,13.0,0.6,8.0,0.61,8.0,0.62,8.0,0.63,9.0,0.41,13.0,0.4,8.0,0.39,8.0,0.38,8.0,0.37,9.0,0.59,13.0,0.6,8.0,0.61,8.0,0.62,8.0,0.63,9.0,0.18,0.18,44.864428,1776170773000
1776170775.113,75.113,0.41,13.0,0.4,8.0,0.39,8.0,0.38,8.0,0.37,9.0,0.59,13.0,0.6,8.0,0.61,8.0,0.62,8.0,0.63,9.0,0.41,13.0,0.4,8.0,0.39,8.0,0.38,8.0,0.37,9.0,0.59,13.0,0.6,8.0,0.61,8.0,0.62,8.0,0.63,9.0,0.18,0.18,44.864428,1776170774000
1776170776.283,76.283,0.41,13.0,0.4,8.0,0.39,8.0,0.38,8.0,0.37,9.0,0.59,13.0,0.6,8.0,0.61,8.0,0.62,8.0,0.63,9.0,0.41,13.0,0.4,8.0,0.39,8.0,0.38,8.0,0.37,9.0,0.59,13.0,0.6,8.0,0.61,8.0,0.62,8.0,0.63,9.0,0.18,0.18,44.862393,1776170775000
1776170777.349,77.349,0.41,13.0,0.4,8.0,0.39,8.0,0.38,8.0,0.37,9.0,0.59,13.0,0.6,8.0,0.61,8.0,0.62,8.0,0.63,9.0,0.41,13.0,0.4,8.0,0.39,8.0,0.38,8.0,0.37,9.0,0.59,13.0,0.6,8.0,0.61,8.0,0.62,8.0,0.63,9.0,0.18,0.18,44.854314,1776170776000
1776170778.453,78.453,0.41,13.0,0.4,8.0,0.39,8.0,0.38,8.0,0.37,9.0,0.59,13.0,0.6,8.0,0.61,8.0,0.62,8.0,0.63,9.0,0.41,13.0,0.4,8.0,0.39,8.0,0.38,8.0,0.37,9.0,0.59,13.0,0.6,8.0,0.61,8.0,0.62,8.0,0.63,9.0,0.18,0.18,44.850246,1776170777000
1776170779.067,79.067,0.41,13.0,0.4,8.0,0.39,8.0,0.38,8.0,0.37,9.0,0.59,13.0,0.6,8.0,0.61,8.0,0.62,8.0,0.63,9.0,0.41,13.0,0.4,8.0,0.39,8.0,0.38,8.0,0.37,9.0,0.59,13.0,0.6,8.0,0.61,8.0,0.62,8.0,0.63,9.0,0.18,0.18,44.849488,1776170778000
1776170781.046,81.046,0.41,13.0,0.4,8.0,0.39,8.0,0.38,8.0,0.37,9.0,0.59,13.0,0.6,8.0,0.61,8.0,0.62,8.0,0.63,9.0,0.41,13.0,0.4,8.0,0.39,8.0,0.38,8.0,0.37,9.0,0.59,13.0,0.6,8.0,0.61,8.0,0.62,8.0,0.63,9.0,0.18,0.18,44.846043,1776170779000
1776170781.687,81.687,0.41,13.0,0.4,8.0,0.39,8.0,0.38,8.0,0.37,9.0,0.59,13.0,0.6,8.0,0.61,8.0,0.62,8.0,0.63,9.0,0.41,13.0,0.4,8.0,0.39,8.0,0.38,8.0,0.37,9.0,0.59,13.0,0.6,8.0,0.61,8.0,0.62,8.0,0.63,9.0,0.18,0.18,44.846043,1776170780000
1776170782.111,82.111,0.41,13.0,0.4,8.0,0.39,8.0,0.38,8.0,0.37,9.0,0.59,13.0,0.6,8.0,0.61,8.0,0.62,8.0,0.63,9.0,0.41,13.0,0.4,8.0,0.39,8.0,0.38,8.0,0.37,9.0,0.59,13.0,0.6,8.0,0.61,8.0,0.62,8.0,0.63,9.0,0.18,0.18,44.84606,1776170781000
1776170783.162,83.162,0.41,13.0,0.4,8.0,0.39,8.0,0.38,8.0,0.37,9.0,0.59,13.0,0.6,8.0,0.61,8.0,0.62,8.0,0.63,9.0,0.41,13.0,0.4,8.0,0.39,8.0,0.38,8.0,0.37,9.0,0.59,13.0,0.6,8.0,0.61,8.0,0.62,8.0,0.63,9.0,0.18,0.18,44.845038,1776170782000
1776170784.371,84.371,0.41,13.0,0.4,8.0,0.39,8.0,0.38,8.0,0.37,9.0,0.59,13.0,0.6,8.0,0.61,8.0,0.62,8.0,0.63,9.0,0.41,13.0,0.4,8.0,0.39,8.0,0.38,8.0,0.37,9.0,0.59,13.0,0.6,8.0,0.61,8.0,0.62,8.0,0.63,9.0,0.18,0.18,44.844631,1776170783000
1776170785.447,85.447,0.41,13.0,0.4,8.0,0.39,8.0,0.38,8.0,0.37,9.0,0.59,13.0,0.6,8.0,0.61,8.0,0.62,8.0,0.63,9.0,0.41,13.0,0.4,8.0,0.39,8.0,0.38,8.0,0.37,9.0,0.59,13.0,0.6,8.0,0.61,8.0,0.62,8.0,0.63,9.0,0.18,0.18,44.845408,1776170784000
1776170785.998,85.998,0.41,13.0,0.4,8.0,0.39,8.0,0.38,8.0,0.37,9.0,0.59,13.0,0.6,8.0,0.61,8.0,0.62,8.0,0.63,9.0,0.41,13.0,0.4,8.0,0.39,8.0,0.38,8.0,0.37,9.0,0.59,13.0,0.6,8.0,0.61,8.0,0.62,8.0,0.63,9.0,0.18,0.18,44.845208,1776170785000
1776170787.18,87.18,0.41,13.0,0.4,8.0,0.39,8.0,0.38,8.0,0.37,9.0,0.59,13.0,0.6,8.0,0.61,8.0,0.62,8.0,0.63,9.0,0.41,13.0,0.4,8.0,0.39,8.0,0.38,8.0,0.37,9.0,0.59,13.0,0.6,8.0,0.61,8.0,0.62,8.0,0.63,9.0,0.18,0.18,44.844718,1776170786000
1776170788.303,88.303,0.41,13.0,0.4,8.0,0.39,8.0,0.38,8.0,0.37,9.0,0.59,13.0,0.6,8.0,0.61,8.0,0.62,8.0,0.63,9.0,0.41,13.0,0.4,8.0,0.39,8.0,0.38,8.0,0.37,9.0,0.59,13.0,0.6,8.0,0.61,8.0,0.62,8.0,0.63,9.0,0.18,0.18,44.844946,1776170787000
1776170789.375,89.375,0.41,13.0,0.4,8.0,0.39,8.0,0.38,8.0,0.37,9.0,0.59,13.0,0.6,8.0,0.61,8.0,0.62,8.0,0.63,9.0,0.41,13.0,0.4,8.0,0.39,8.0,0.38,8.0,0.37,9.0,0.59,13.0,0.6,8.0,0.61,8.0,0.62,8.0,0.63,9.0,0.18,0.18,44.844946,1776170788000
1776170790.014,90.014,0.41,13.0,0.4,8.0,0.39,8.0,0.38,8.0,0.37,9.0,0.59,13.0,0.6,8.0,0.61,8.0,0.62,8.0,0.63,9.0,0.41,13.0,0.4,8.0,0.39,8.0,0.38,8.0,0.37,9.0,0.59,13.0,0.6,8.0,0.61,8.0,0.62,8.0,0.63,9.0,0.18,0.18,44.844732,1776170789000
1776170791.11,91.11,0.41,13.0,0.4,8.0,0.39,8.0,0.38,8.0,0.37,9.0,0.59,13.0,0.6,8.0,0.61,8.0,0.62,8.0,0.63,9.0,0.41,13.0,0.4,8.0,0.39,8.0,0.38,8.0,0.37,9.0,0.59,13.0,0.6,8.0,0.61,8.0,0.62,8.0,0.63,9.0,0.18,0.18,44.84545,1776170790000
1776170792.199,92.199,0.41,13.0,0.4,8.0,0.39,8.0,0.38,8.0,0.37,9.0,0.59,13.0,0.6,8.0,0.61,8.0,0.62,8.0,0.63,9.0,0.41,13.0,0.4,8.0,0.39,8.0,0.38,8.0,0.37,9.0,0.59,13.0,0.6,8.0,0.61,8.0,0.62,8.0,0.63,9.0,0.18,0.18,44.84485,1776170791000
1776170793.281,93.281,0.41,13.0,0.4,8.0,0.39,8.0,0.38,8.0,0.37,9.0,0.59,13.0,0.6,8.0,0.61,8.0,0.62,8.0,0.63,9.0,0.41,13.0,0.4,8.0,0.39,8.0,0.38,8.0,0.37,9.0,0.59,13.0,0.6,8.0,0.61,8.0,0.62,8.0,0.63,9.0,0.18,0.18,44.847127,1776170792000
1776170793.922,93.922,0.41,13.0,0.4,8.0,0.39,8.0,0.38,8.0,0.37,9.0,0.59,13.0,0.6,8.0,0.61,8.0,0.62,8.0,0.63,9.0,0.41,13.0,0.4,8.0,0.39,8.0,0.38,8.0,0.37,9.0,0.59,13.0,0.6,8.0,0.61,8.0,0.62,8.0,0.63,9.0,0.18,0.18,44.848662,1776170793000
1776170795.486,95.486,0.41,13.0,0.4,8.0,0.39,8.0,0.38,8.0,0.37,9.0,0.59,13.0,0.6,8.0,0.61,8.0,0.62,8.0,0.63,9.0,0.41,13.0,0.4,8.0,0.39,8.0,0.38,8.0,0.37,9.0,0.59,13.0,0.6,8.0,0.61,8.0,0.62,8.0,0.63,9.0,0.18,0.18,44.849813,1776170794000
1776170796.046,96.046,0.41,13.0,0.4,8.0,0.39,8.0,0.38,8.0,0.37,9.0,0.59,13.0,0.6,8.0,0.61,8.0,0.62,8.0,0.63,9.0,0.41,13.0,0.4,8.0,0.39,8.0,0.38,8.0,0.37,9.0,0.59,13.0,0.6,8.0,0.61,8.0,0.62,8.0,0.63,9.0,0.18,0.18,44.852783,1776170795000
1776170797.103,97.103,0.41,13.0,0.4,8.0,0.39,8.0,0.38,8.0,0.37,9.0,0.59,13.0,0.6,8.0,0.61,8.0,0.62,8.0,0.63,9.0,0.41,13.0,0.4,8.0,0.39,8.0,0.38,8.0,0.37,9.0,0.59,13.0,0.6,8.0,0.61,8.0,0.62,8.0,0.63,9.0,0.18,0.18,44.852834,1776170796000
1776170798.04,98.04,0.41,13.0,0.4,8.0,0.39,8.0,0.38,8.0,0.37,9.0,0.59,13.0,0.6,8.0,0.61,8.0,0.62,8.0,0.63,9.0,0.41,13.0,0.4,8.0,0.39,8.0,0.38,8.0,0.37,9.0,0.59,13.0,0.6,8.0,0.61,8.0,0.62,8.0,0.63,9.0,0.18,0.18,44.853031,1776170797000
1776170798.966,98.966,0.41,13.0,0.4,8.0,0.39,8.0,0.38,8.0,0.37,9.0,0.59,13.0,0.6,8.0,0.61,8.0,0.62,8.0,0.63,9.0,0.41,13.0,0.4,8.0,0.39,8.0,0.38,8.0,0.37,9.0,0.59,13.0,0.6,8.0,0.61,8.0,0.62,8.0,0.63,9.0,0.18,0.18,44.854823,1776170798000
1776170799.919,99.919,0.41,13.0,0.4,8.0,0.39,8.0,0.38,8.0,0.37,9.0,0.59,13.0,0.6,8.0,0.61,8.0,0.62,8.0,0.63,9.0,0.41,13.0,0.4,8.0,0.39,8.0,0.38,8.0,0.37,9.0,0.59,13.0,0.6,8.0,0.61,8.0,0.62,8.0,0.63,9.0,0.18,0.18,44.854824,1776170799000
1776170800.918,100.918,0.41,13.0,0.4,8.0,0.39,8.0,0.38,8.0,0.37,9.0,0.59,13.0,0.6,8.0,0.61,8.0,0.62,8.0,0.63,9.0,0.41,13.0,0.4,8.0,0.39,8.0,0.38,8.0,0.37,9.0,0.59,13.0,0.6,8.0,0.61,8.0,0.62,8.0,0.63,9.0,0.18,0.18,44.854372,1776170800000
1776170801.973,101.973,0.41,13.0,0.4,8.0,0.39,8.0,0.38,8.0,0.37,9.0,0.59,13.0,0.6,8.0,0.61,8.0,0.62,8.0,0.63,9.0,0.41,13.0,0.4,8.0,0.39,8.0,0.38,8.0,0.37,9.0,0.59,13.0,0.6,8.0,0.61,8.0,0.62,8.0,0.63,9.0,0.18,0.18,44.854097,1776170801000
1776170802.856,102.856,0.41,13.0,0.4,8.0,0.39,8.0,0.38,8.0,0.37,9.0,0.59,13.0,0.6,8.0,0.61,8.0,0.62,8.0,0.63,9.0,0.41,13.0,0.4,8.0,0.39,8.0,0.38,8.0,0.37,9.0,0.59,13.0,0.6,8.0,0.61,8.0,0.62,8.0,0.63,9.0,0.18,0.18,44.852976,1776170802000
1776170803.961,103.961,0.41,13.0,0.4,8.0,0.39,8.0,0.38,8.0,0.37,9.0,0.59,13.0,0.6,8.0,0.61,8.0,0.62,8.0,0.63,9.0,0.41,13.0,0.4,8.0,0.39,8.0,0.38,8.0,0.37,9.0,0.59,13.0,0.6,8.0,0.61,8.0,0.62,8.0,0.63,9.0,0.18,0.18,44.852772,1776170803000
1776170804.939,104.939,0.41,13.0,0.4,8.0,0.39,8.0,0.38,8.0,0.37,9.0,0.59,13.0,0.6,8.0,0.61,8.0,0.62,8.0,0.63,9.0,0.41,13.0,0.4,8.0,0.39,8.0,0.38,8.0,0.37,9.0,0.59,13.0,0.6,8.0,0.61,8.0,0.62,8.0,0.63,9.0,0.18,0.18,44.852772,1776170804000
1776170805.902,105.902,0.41,13.0,0.4,8.0,0.39,8.0,0.38,8.0,0.37,9.0,0.59,13.0,0.6,8.0,0.61,8.0,0.62,8.0,0.63,9.0,0.41,13.0,0.4,8.0,0.39,8.0,0.38,8.0,0.37,9.0,0.59,13.0,0.6,8.0,0.61,8.0,0.62,8.0,0.63,9.0,0.18,0.18,44.852774,1776170805000
1776170806.865,106.865,0.41,13.0,0.4,8.0,0.39,8.0,0.38,8.0,0.37,9.0,0.59,13.0,0.6,8.0,0.61,8.0,0.62,8.0,0.63,9.0,0.41,13.0,0.4,8.0,0.39,8.0,0.38,8.0,0.37,9.0,0.59,13.0,0.6,8.0,0.61,8.0,0.62,8.0,0.63,9.0,0.18,0.18,44.853519,1776170806000
1776170808.5,108.5,0.41,13.0,0.4,8.0,0.39,8.0,0.38,8.0,0.37,9.0,0.59,13.0,0.6,8.0,0.61,8.0,0.62,8.0,0.63,9.0,0.41,13.0,0.4,8.0,0.39,8.0,0.38,8.0,0.37,9.0,0.59,13.0,0.6,8.0,0.61,8.0,0.62,8.0,0.63,9.0,0.18,0.18,44.853519,1776170807000
1776170809.825,109.825,0.41,13.0,0.4,8.0,0.39,8.0,0.38,8.0,0.37,9.0,0.59,13.0,0.6,8.0,0.61,8.0,0.62,8.0,0.63,9.0,0.41,13.0,0.4,8.0,0.39,8.0,0.38,8.0,0.37,9.0,0.59,13.0,0.6,8.0,0.61,8.0,0.62,8.0,0.63,9.0,0.18,0.18,44.854636,1776170808000
1776170810.717,110.717,0.41,13.0,0.4,8.0,0.39,8.0,0.38,8.0,0.37,9.0,0.59,13.0,0.6,8.0,0.61,8.0,0.62,8.0,0.63,9.0,0.41,13.0,0.4,8.0,0.39,8.0,0.38,8.0,0.37,9.0,0.59,13.0,0.6,8.0,0.61,8.0,0.62,8.0,0.63,9.0,0.18,0.18,44.858646,1776170809000
1776170811.43,111.43,0.41,13.0,0.4,8.0,0.39,8.0,0.38,8.0,0.37,9.0,0.59,13.0,0.6,8.0,0.61,8.0,0.62,8.0,0.63,9.0,0.41,13.0,0.4,8.0,0.39,8.0,0.38,8.0,0.37,9.0,0.59,13.0,0.6,8.0,0.61,8.0,0.62,8.0,0.63,9.0,0.18,0.18,44.861338,1776170810000
1776170812.134,112.134,0.41,13.0,0.4,8.0,0.39,8.0,0.38,8.0,0.37,9.0,0.59,13.0,0.6,8.0,0.61,8.0,0.62,8.0,0.63,9.0,0.41,13.0,0.4,8.0,0.39,8.0,0.38,8.0,0.37,9.0,0.59,13.0,0.6,8.0,0.61,8.0,0.62,8.0,0.63,9.0,0.18,0.18,44.862031,1776170811000
1776170813.758,113.758,0.41,13.0,0.4,8.0,0.39,8.0,0.38,8.0,0.37,9.0,0.59,13.0,0.6,8.0,0.61,8.0,0.62,8.0,0.63,9.0,0.41,13.0,0.4,8.0,0.39,8.0,0.38,8.0,0.37,9.0,0.59,13.0,0.6,8.0,0.61,8.0,0.62,8.0,0.63,9.0,0.18,0.18,44.863138,1776170812000
1776170814.364,114.364,0.41,13.0,0.4,8.0,0.39,8.0,0.38,8.0,0.37,9.0,0.59,13.0,0.6,8.0,0.61,8.0,0.62,8.0,0.63,9.0,0.41,13.0,0.4,8.0,0.39,8.0,0.38,8.0,0.37,9.0,0.59,13.0,0.6,8.0,0.61,8.0,0.62,8.0,0.63,9.0,0.18,0.18,44.863189,1776170813000
1776170815.043,115.043,0.41,13.0,0.4,8.0,0.39,8.0,0.38,8.0,0.37,9.0,0.59,13.0,0.6,8.0,0.61,8.0,0.62,8.0,0.63,9.0,0.41,13.0,0.4,8.0,0.39,8.0,0.38,8.0,0.37,9.0,0.59,13.0,0.6,8.0,0.61,8.0,0.62,8.0,0.63,9.0,0.18,0.18,44.863186,1776170814000
1776170816.564,116.564,0.41,13.0,0.4,8.0,0.39,8.0,0.38,8.0,0.37,9.0,0.59,13.0,0.6,8.0,0.61,8.0,0.62,8.0,0.63,9.0,0.41,13.0,0.4,8.0,0.39,8.0,0.38,8.0,0.37,9.0,0.59,13.0,0.6,8.0,0.61,8.0,0.62,8.0,0.63,9.0,0.18,0.18,44.862131,1776170815000
1776170817.472,117.472,0.41,13.0,0.4,8.0,0.39,8.0,0.38,8.0,0.37,9.0,0.59,13.0,0.6,8.0,0.61,8.0,0.62,8.0,0.63,9.0,0.41,13.0,0.4,8.0,0.39,8.0,0.38,8.0,0.37,9.0,0.59,13.0,0.6,8.0,0.61,8.0,0.62,8.0,0.63,9.0,0.18,0.18,44.862285,1776170816000
1776170818.075,118.075,0.41,13.0,0.4,8.0,0.39,8.0,0.38,8.0,0.37,9.0,0.59,13.0,0.6,8.0,0.61,8.0,0.62,8.0,0.63,9.0,0.41,13.0,0.4,8.0,0.39,8.0,0.38,8.0,0.37,9.0,0.59,13.0,0.6,8.0,0.61,8.0,0.62,8.0,0.63,9.0,0.18,0.18,44.860393,1776170817000
1776170819.505,119.505,0.41,13.0,0.4,8.0,0.39,8.0,0.38,8.0,0.37,9.0,0.59,13.0,0.6,8.0,0.61,8.0,0.62,8.0,0.63,9.0,0.41,13.0,0.4,8.0,0.39,8.0,0.38,8.0,0.37,9.0,0.59,13.0,0.6,8.0,0.61,8.0,0.62,8.0,0.63,9.0,0.18,0.18,44.860651,1776170818000
1776170820.224,120.224,0.41,13.0,0.4,8.0,0.39,8.0,0.38,8.0,0.37,9.0,0.59,13.0,0.6,8.0,0.61,8.0,0.62,8.0,0.63,9.0,0.41,13.0,0.4,8.0,0.39,8.0,0.38,8.0,0.37,9.0,0.59,13.0,0.6,8.0,0.61,8.0,0.62,8.0,0.63,9.0,0.18,0.18,44.86519,1776170819000
1776170821.674,121.674,0.41,13.0,0.4,8.0,0.39,8.0,0.38,8.0,0.37,9.0,0.59,13.0,0.6,8.0,0.61,8.0,0.62,8.0,0.63,9.0,0.41,13.0,0.4,8.0,0.39,8.0,0.38,8.0,0.37,9.0,0.59,13.0,0.6,8.0,0.61,8.0,0.62,8.0,0.63,9.0,0.18,0.18,44.86551,1776170820000
1776170822.31,122.31,0.41,13.0,0.4,8.0,0.39,8.0,0.38,8.0,0.37,9.0,0.59,13.0,0.6,8.0,0.61,8.0,0.62,8.0,0.63,9.0,0.41,13.0,0.4,8.0,0.39,8.0,0.38,8.0,0.37,9.0,0.59,13.0,0.6,8.0,0.61,8.0,0.62,8.0,0.63,9.0,0.18,0.18,44.86692,1776170821000
1776170823.76,123.76,0.41,13.0,0.4,8.0,0.39,8.0,0.38,8.0,0.37,9.0,0.59,13.0,0.6,8.0,0.61,8.0,0.62,8.0,0.63,9.0,0.41,13.0,0.4,8.0,0.39,8.0,0.38,8.0,0.37,9.0,0.59,13.0,0.6,8.0,0.61,8.0,0.62,8.0,0.63,9.0,0.18,0.18,44.866241,1776170822000
1776170824.479,124.479,0.41,13.0,0.4,8.0,0.39,8.0,0.38,8.0,0.37,9.0,0.59,13.0,0.6,8.0,0.61,8.0,0.62,8.0,0.63,9.0,0.41,13.0,0.4,8.0,0.39,8.0,0.38,8.0,0.37,9.0,0.59,13.0,0.6,8.0,0.61,8.0,0.62,8.0,0.63,9.0,0.18,0.18,44.86564,1776170823000
1776170825.115,125.115,0.41,13.0,0.4,8.0,0.39,8.0,0.38,8.0,0.37,9.0,0.59,13.0,0.6,8.0,0.61,8.0,0.62,8.0,0.63,9.0,0.41,13.0,0.4,8.0,0.39,8.0,0.38,8.0,0.37,9.0,0.59,13.0,0.6,8.0,0.61,8.0,0.62,8.0,0.63,9.0,0.18,0.18,44.865008,1776170824000
1776170826.878,126.878,0.41,13.0,0.4,8.0,0.39,8.0,0.38,8.0,0.37,9.0,0.59,13.0,0.6,8.0,0.61,8.0,0.62,8.0,0.63,9.0,0.41,13.0,0.4,8.0,0.39,8.0,0.38,8.0,0.37,9.0,0.59,13.0,0.6,8.0,0.61,8.0,0.62,8.0,0.63,9.0,0.18,0.18,44.865516,1776170825000
1776170827.358,127.358,0.41,13.0,0.4,8.0,0.39,8.0,0.38,8.0,0.37,9.0,0.59,13.0,0.6,8.0,0.61,8.0,0.62,8.0,0.63,9.0,0.41,13.0,0.4,8.0,0.39,8.0,0.38,8.0,0.37,9.0,0.59,13.0,0.6,8.0,0.61,8.0,0.62,8.0,0.63,9.0,0.18,0.18,44.865516,1776170826000
1776170828.035,128.035,0.41,13.0,0.4,8.0,0.39,8.0,0.38,8.0,0.37,9.0,0.59,13.0,0.6,8.0,0.61,8.0,0.62,8.0,0.63,9.0,0.41,13.0,0.4,8.0,0.39,8.0,0.38,8.0,0.37,9.0,0.59,13.0,0.6,8.0,0.61,8.0,0.62,8.0,0.63,9.0,0.18,0.18,44.86685,1776170827000
1776170828.946,128.946,0.41,13.0,0.4,8.0,0.39,8.0,0.38,8.0,0.37,9.0,0.59,13.0,0.6,8.0,0.61,8.0,0.62,8.0,0.63,9.0,0.41,13.0,0.4,8.0,0.39,8.0,0.38,8.0,0.37,9.0,0.59,13.0,0.6,8.0,0.61,8.0,0.62,8.0,0.63,9.0,0.18,0.18,44.867155,1776170828000
1776170829.918,129.918,0.41,13.0,0.4,8.0,0.39,8.0,0.38,8.0,0.37,9.0,0.59,13.0,0.6,8.0,0.61,8.0,0.62,8.0,0.63,9.0,0.41,13.0,0.4,8.0,0.39,8.0,0.38,8.0,0.37,9.0,0.59,13.0,0.6,8.0,0.61,8.0,0.62,8.0,0.63,9.0,0.18,0.18,44.867154,1776170829000
1776170830.903,130.903,0.41,13.0,0.4,8.0,0.39,8.0,0.38,8.0,0.37,9.0,0.59,13.0,0.6,8.0,0.61,8.0,0.62,8.0,0.63,9.0,0.41,13.0,0.4,8.0,0.39,8.0,0.38,8.0,0.37,9.0,0.59,13.0,0.6,8.0,0.61,8.0,0.62,8.0,0.63,9.0,0.18,0.18,44.868298,1776170830000
1776170831.903,131.903,0.41,13.0,0.4,8.0,0.39,8.0,0.38,8.0,0.37,9.0,0.59,13.0,0.6,8.0,0.61,8.0,0.62,8.0,0.63,9.0,0.41,13.0,0.4,8.0,0.39,8.0,0.38,8.0,0.37,9.0,0.59,13.0,0.6,8.0,0.61,8.0,0.62,8.0,0.63,9.0,0.18,0.18,44.868918,1776170831000
1776170832.865,132.865,0.41,13.0,0.4,8.0,0.39,8.0,0.38,8.0,0.37,9.0,0.59,13.0,0.6,8.0,0.61,8.0,0.62,8.0,0.63,9.0,0.41,13.0,0.4,8.0,0.39,8.0,0.38,8.0,0.37,9.0,0.59,13.0,0.6,8.0,0.61,8.0,0.62,8.0,0.63,9.0,0.18,0.18,44.869183,1776170832000
1776170833.927,133.927,0.41,13.0,0.4,8.0,0.39,8.0,0.38,8.0,0.37,9.0,0.59,13.0,0.6,8.0,0.61,8.0,0.62,8.0,0.63,9.0,0.41,13.0,0.4,8.0,0.39,8.0,0.38,8.0,0.37,9.0,0.59,13.0,0.6,8.0,0.61,8.0,0.62,8.0,0.63,9.0,0.18,0.18,44.869183,1776170833000
1776170834.949,134.949,0.41,13.0,0.4,8.0,0.39,8.0,0.38,8.0,0.37,9.0,0.59,13.0,0.6,8.0,0.61,8.0,0.62,8.0,0.63,9.0,0.41,13.0,0.4,8.0,0.39,8.0,0.38,8.0,0.37,9.0,0.59,13.0,0.6,8.0,0.61,8.0,0.62,8.0,0.63,9.0,0.18,0.18,44.869183,1776170834000
1776170835.967,135.967,0.41,13.0,0.4,8.0,0.39,8.0,0.38,8.0,0.37,9.0,0.59,13.0,0.6,8.0,0.61,8.0,0.62,8.0,0.63,9.0,0.41,13.0,0.4,8.0,0.39,8.0,0.38,8.0,0.37,9.0,0.59,13.0,0.6,8.0,0.61,8.0,0.62,8.0,0.63,9.0,0.18,0.18,44.868894,1776170835000
1776170836.931,136.931,0.41,13.0,0.4,8.0,0.39,8.0,0.38,8.0,0.37,9.0,0.59,13.0,0.6,8.0,0.61,8.0,0.62,8.0,0.63,9.0,0.41,13.0,0.4,8.0,0.39,8.0,0.38,8.0,0.37,9.0,0.59,13.0,0.6,8.0,0.61,8.0,0.62,8.0,0.63,9.0,0.18,0.18,44.869574,1776170836000
1776170837.93,137.93,0.41,13.0,0.4,8.0,0.39,8.0,0.38,8.0,0.37,9.0,0.59,13.0,0.6,8.0,0.61,8.0,0.62,8.0,0.63,9.0,0.41,13.0,0.4,8.0,0.39,8.0,0.38,8.0,0.37,9.0,0.59,13.0,0.6,8.0,0.61,8.0,0.62,8.0,0.63,9.0,0.18,0.18,44.866995,1776170837000
1776170838.91,138.91,0.41,13.0,0.4,8.0,0.39,8.0,0.38,8.0,0.37,9.0,0.59,13.0,0.6,8.0,0.61,8.0,0.62,8.0,0.63,9.0,0.41,13.0,0.4,8.0,0.39,8.0,0.38,8.0,0.37,9.0,0.59,13.0,0.6,8.0,0.61,8.0,0.62,8.0,0.63,9.0,0.18,0.18,44.867022,1776170838000
1776170840.184,140.184,0.41,13.0,0.4,8.0,0.39,8.0,0.38,8.0,0.37,9.0,0.59,13.0,0.6,8.0,0.61,8.0,0.62,8.0,0.63,9.0,0.41,13.0,0.4,8.0,0.39,8.0,0.38,8.0,0.37,9.0,0.59,13.0,0.6,8.0,0.61,8.0,0.62,8.0,0.63,9.0,0.18,0.18,44.868032,1776170839000
1776170842.267,142.267,0.41,13.0,0.4,8.0,0.39,8.0,0.38,8.0,0.37,9.0,0.59,13.0,0.6,8.0,0.61,8.0,0.62,8.0,0.63,9.0,0.41,13.0,0.4,8.0,0.39,8.0,0.38,8.0,0.37,9.0,0.59,13.0,0.6,8.0,0.61,8.0,0.62,8.0,0.63,9.0,0.18,0.18,44.867972,1776170841000
1776170843.63,143.63,0.41,13.0,0.4,8.0,0.39,8.0,0.38,8.0,0.37,9.0,0.59,13.0,0.6,8.0,0.61,8.0,0.62,8.0,0.63,9.0,0.41,13.0,0.4,8.0,0.39,8.0,0.38,8.0,0.37,9.0,0.59,13.0,0.6,8.0,0.61,8.0,0.62,8.0,0.63,9.0,0.18,0.18,44.86782,1776170842000
1776170844.276,144.276,0.41,13.0,0.4,8.0,0.39,8.0,0.38,8.0,0.37,9.0,0.59,13.0,0.6,8.0,0.61,8.0,0.62,8.0,0.63,9.0,0.41,13.0,0.4,8.0,0.39,8.0,0.38,8.0,0.37,9.0,0.59,13.0,0.6,8.0,0.61,8.0,0.62,8.0,0.63,9.0,0.18,0.18,44.867871,1776170843000
1776170845.609,145.609,0.41,13.0,0.4,8.0,0.39,8.0,0.38,8.0,0.37,9.0,0.59,13.0,0.6,8.0,0.61,8.0,0.62,8.0,0.63,9.0,0.41,13.0,0.4,8.0,0.39,8.0,0.38,8.0,0.37,9.0,0.59,13.0,0.6,8.0,0.61,8.0,0.62,8.0,0.63,9.0,0.18,0.18,44.867841,1776170844000
1776170846.311,146.311,0.41,13.0,0.4,8.0,0.39,8.0,0.38,8.0,0.37,9.0,0.59,13.0,0.6,8.0,0.61,8.0,0.62,8.0,0.63,9.0,0.41,13.0,0.4,8.0,0.39,8.0,0.38,8.0,0.37,9.0,0.59,13.0,0.6,8.0,0.61,8.0,0.62,8.0,0.63,9.0,0.18,0.18,44.867828,1776170845000
1776170847.079,147.079,0.41,13.0,0.4,8.0,0.39,8.0,0.38,8.0,0.37,9.0,0.59,13.0,0.6,8.0,0.61,8.0,0.62,8.0,0.63,9.0,0.41,13.0,0.4,8.0,0.39,8.0,0.38,8.0,0.37,9.0,0.59,13.0,0.6,8.0,0.61,8.0,0.62,8.0,0.63,9.0,0.18,0.18,44.867845,1776170846000
1776170848.41,148.41,0.41,13.0,0.4,8.0,0.39,8.0,0.38,8.0,0.37,9.0,0.59,13.0,0.6,8.0,0.61,8.0,0.62,8.0,0.63,9.0,0.41,13.0,0.4,8.0,0.39,8.0,0.38,8.0,0.37,9.0,0.59,13.0,0.6,8.0,0.61,8.0,0.62,8.0,0.63,9.0,0.18,0.18,44.867897,1776170847000
1776170849.188,149.188,0.41,13.0,0.4,8.0,0.39,8.0,0.38,8.0,0.37,9.0,0.59,13.0,0.6,8.0,0.61,8.0,0.62,8.0,0.63,9.0,0.41,13.0,0.4,8.0,0.39,8.0,0.38,8.0,0.37,9.0,0.59,13.0,0.6,8.0,0.61,8.0,0.62,8.0,0.63,9.0,0.18,0.18,44.867897,1776170848000
1776170850.67,150.67,0.41,13.0,0.4,8.0,0.39,8.0,0.38,8.0,0.37,9.0,0.59,13.0,0.6,8.0,0.61,8.0,0.62,8.0,0.63,9.0,0.41,13.0,0.4,8.0,0.39,8.0,0.38,8.0,0.37,9.0,0.59,13.0,0.6,8.0,0.61,8.0,0.62,8.0,0.63,9.0,0.18,0.18,44.872721,1776170849000
1776170851.367,151.367,0.41,13.0,0.4,8.0,0.39,8.0,0.38,8.0,0.37,9.0,0.59,13.0,0.6,8.0,0.61,8.0,0.62,8.0,0.63,9.0,0.41,13.0,0.4,8.0,0.39,8.0,0.38,8.0,0.37,9.0,0.59,13.0,0.6,8.0,0.61,8.0,0.62,8.0,0.63,9.0,0.18,0.18,44.873361,1776170850000
1776170852.277,152.277,0.41,13.0,0.4,8.0,0.39,8.0,0.38,8.0,0.37,9.0,0.59,13.0,0.6,8.0,0.61,8.0,0.62,8.0,0.63,9.0,0.41,13.0,0.4,8.0,0.39,8.0,0.38,8.0,0.37,9.0,0.59,13.0,0.6,8.0,0.61,8.0,0.62,8.0,0.63,9.0,0.18,0.18,44.873361,1776170851000
1776170853.551,153.551,0.41,13.0,0.4,8.0,0.39,8.0,0.38,8.0,0.37,9.0,0.59,13.0,0.6,8.0,0.61,8.0,0.62,8.0,0.63,9.0,0.41,13.0,0.4,8.0,0.39,8.0,0.38,8.0,0.37,9.0,0.59,13.0,0.6,8.0,0.61,8.0,0.62,8.0,0.63,9.0,0.18,0.18,44.873289,1776170852000
1776170854.337,154.337,0.41,13.0,0.4,8.0,0.39,8.0,0.38,8.0,0.37,9.0,0.59,13.0,0.6,8.0,0.61,8.0,0.62,8.0,0.63,9.0,0.41,13.0,0.4,8.0,0.39,8.0,0.38,8.0,0.37,9.0,0.59,13.0,0.6,8.0,0.61,8.0,0.62,8.0,0.63,9.0,0.18,0.18,44.873287,1776170853000
1776170855.676,155.676,0.41,13.0,0.4,8.0,0.39,8.0,0.38,8.0,0.37,9.0,0.59,13.0,0.6,8.0,0.61,8.0,0.62,8.0,0.63,9.0,0.41,13.0,0.4,8.0,0.39,8.0,0.38,8.0,0.37,9.0,0.59,13.0,0.6,8.0,0.61,8.0,0.62,8.0,0.63,9.0,0.18,0.18,44.875892,1776170854000
1776170856.376,156.376,0.41,13.0,0.4,8.0,0.39,8.0,0.38,8.0,0.37,9.0,0.59,13.0,0.6,8.0,0.61,8.0,0.62,8.0,0.63,9.0,0.41,13.0,0.4,8.0,0.39,8.0,0.38,8.0,0.37,9.0,0.59,13.0,0.6,8.0,0.61,8.0,0.62,8.0,0.63,9.0,0.18,0.18,44.877298,1776170855000
1776170857.028,157.028,0.41,13.0,0.4,8.0,0.39,8.0,0.38,8.0,0.37,9.0,0.59,13.0,0.6,8.0,0.61,8.0,0.62,8.0,0.63,9.0,0.41,13.0,0.4,8.0,0.39,8.0,0.38,8.0,0.37,9.0,0.59,13.0,0.6,8.0,0.61,8.0,0.62,8.0,0.63,9.0,0.18,0.18,44.877611,1776170856000
1776170858.777,158.777,0.41,13.0,0.4,8.0,0.39,8.0,0.38,8.0,0.37,9.0,0.59,13.0,0.6,8.0,0.61,8.0,0.62,8.0,0.63,9.0,0.41,13.0,0.4,8.0,0.39,8.0,0.38,8.0,0.37,9.0,0.59,13.0,0.6,8.0,0.61,8.0,0.62,8.0,0.63,9.0,0.18,0.18,44.877666,1776170857000
1776170859.465,159.465,0.41,13.0,0.4,8.0,0.39,8.0,0.38,8.0,0.37,9.0,0.59,13.0,0.6,8.0,0.61,8.0,0.62,8.0,0.63,9.0,0.41,13.0,0.4,8.0,0.39,8.0,0.38,8.0,0.37,9.0,0.59,13.0,0.6,8.0,0.61,8.0,0.62,8.0,0.63,9.0,0.18,0.18,44.878897,1776170858000
1776170860.574,160.574,0.41,13.0,0.4,8.0,0.39,8.0,0.38,8.0,0.37,9.0,0.59,13.0,0.6,8.0,0.61,8.0,0.62,8.0,0.63,9.0,0.41,13.0,0.4,8.0,0.39,8.0,0.38,8.0,0.37,9.0,0.59,13.0,0.6,8.0,0.61,8.0,0.62,8.0,0.63,9.0,0.18,0.18,44.878983,1776170859000
1776170861.17,161.17,0.41,13.0,0.4,8.0,0.39,8.0,0.38,8.0,0.37,9.0,0.59,13.0,0.6,8.0,0.61,8.0,0.62,8.0,0.63,9.0,0.41,13.0,0.4,8.0,0.39,8.0,0.38,8.0,0.37,9.0,0.59,13.0,0.6,8.0,0.61,8.0,0.62,8.0,0.63,9.0,0.18,0.18,44.878983,1776170860000
1776170862.385,162.385,0.41,13.0,0.4,8.0,0.39,8.0,0.38,8.0,0.37,9.0,0.59,13.0,0.6,8.0,0.61,8.0,0.62,8.0,0.63,9.0,0.41,13.0,0.4,8.0,0.39,8.0,0.38,8.0,0.37,9.0,0.59,13.0,0.6,8.0,0.61,8.0,0.62,8.0,0.63,9.0,0.18,0.18,44.88078,1776170861000
1776170863.014,163.014,0.41,13.0,0.4,8.0,0.39,8.0,0.38,8.0,0.37,9.0,0.59,13.0,0.6,8.0,0.61,8.0,0.62,8.0,0.63,9.0,0.41,13.0,0.4,8.0,0.39,8.0,0.38,8.0,0.37,9.0,0.59,13.0,0.6,8.0,0.61,8.0,0.62,8.0,0.63,9.0,0.18,0.18,44.885364,1776170862000
1776170864.211,164.211,0.41,13.0,0.4,8.0,0.39,8.0,0.38,8.0,0.37,9.0,0.59,13.0,0.6,8.0,0.61,8.0,0.62,8.0,0.63,9.0,0.41,13.0,0.4,8.0,0.39,8.0,0.38,8.0,0.37,9.0,0.59,13.0,0.6,8.0,0.61,8.0,0.62,8.0,0.63,9.0,0.18,0.18,44.890518,1776170863000
1776170865.395,165.395,0.41,13.0,0.4,8.0,0.39,8.0,0.38,8.0,0.37,9.0,0.59,13.0,0.6,8.0,0.61,8.0,0.62,8.0,0.63,9.0,0.41,13.0,0.4,8.0,0.39,8.0,0.38,8.0,0.37,9.0,0.59,13.0,0.6,8.0,0.61,8.0,0.62,8.0,0.63,9.0,0.18,0.18,44.890639,1776170864000
1776170865.989,165.989,0.41,13.0,0.4,8.0,0.39,8.0,0.38,8.0,0.37,9.0,0.59,13.0,0.6,8.0,0.61,8.0,0.62,8.0,0.63,9.0,0.41,13.0,0.4,8.0,0.39,8.0,0.38,8.0,0.37,9.0,0.59,13.0,0.6,8.0,0.61,8.0,0.62,8.0,0.63,9.0,0.18,0.18,44.889681,1776170865000
1776170867.075,167.075,0.41,13.0,0.4,8.0,0.39,8.0,0.38,8.0,0.37,9.0,0.59,13.0,0.6,8.0,0.61,8.0,0.62,8.0,0.63,9.0,0.41,13.0,0.4,8.0,0.39,8.0,0.38,8.0,0.37,9.0,0.59,13.0,0.6,8.0,0.61,8.0,0.62,8.0,0.63,9.0,0.18,0.18,44.888359,1776170866000
1776170868.217,168.217,0.41,13.0,0.4,8.0,0.39,8.0,0.38,8.0,0.37,9.0,0.59,13.0,0.6,8.0,0.61,8.0,0.62,8.0,0.63,9.0,0.41,13.0,0.4,8.0,0.39,8.0,0.38,8.0,0.37,9.0,0.59,13.0,0.6,8.0,0.61,8.0,0.62,8.0,0.63,9.0,0.18,0.18,44.888252,1776170867000
1776170869.324,169.324,0.41,13.0,0.4,8.0,0.39,8.0,0.38,8.0,0.37,9.0,0.59,13.0,0.6,8.0,0.61,8.0,0.62,8.0,0.63,9.0,0.41,13.0,0.4,8.0,0.39,8.0,0.38,8.0,0.37,9.0,0.59,13.0,0.6,8.0,0.61,8.0,0.62,8.0,0.63,9.0,0.18,0.18,44.88991,1776170868000
1776170870.316,170.316,0.41,13.0,0.4,8.0,0.39,8.0,0.38,8.0,0.37,9.0,0.59,13.0,0.6,8.0,0.61,8.0,0.62,8.0,0.63,9.0,0.41,13.0,0.4,8.0,0.39,8.0,0.38,8.0,0.37,9.0,0.59,13.0,0.6,8.0,0.61,8.0,0.62,8.0,0.63,9.0,0.18,0.18,44.888518,1776170869000
1776170871.558,171.558,0.41,13.0,0.4,8.0,0.39,8.0,0.38,8.0,0.37,9.0,0.59,13.0,0.6,8.0,0.61,8.0,0.62,8.0,0.63,9.0,0.41,13.0,0.4,8.0,0.39,8.0,0.38,8.0,0.37,9.0,0.59,13.0,0.6,8.0,0.61,8.0,0.62,8.0,0.63,9.0,0.18,0.18,44.888111,1776170870000
1776170872.103,172.103,0.41,13.0,0.4,8.0,0.39,8.0,0.38,8.0,0.37,9.0,0.59,13.0,0.6,8.0,0.61,8.0,0.62,8.0,0.63,9.0,0.41,13.0,0.4,8.0,0.39,8.0,0.38,8.0,0.37,9.0,0.59,13.0,0.6,8.0,0.61,8.0,0.62,8.0,0.63,9.0,0.18,0.18,44.888111,1776170871000
1776170873.576,173.576,0.41,13.0,0.4,8.0,0.39,8.0,0.38,8.0,0.37,9.0,0.59,13.0,0.6,8.0,0.61,8.0,0.62,8.0,0.63,9.0,0.41,13.0,0.4,8.0,0.39,8.0,0.38,8.0,0.37,9.0,0.59,13.0,0.6,8.0,0.61,8.0,0.62,8.0,0.63,9.0,0.18,0.18,44.890435,1776170872000
1776170874.08,174.08,0.41,13.0,0.4,8.0,0.39,8.0,0.38,8.0,0.37,9.0,0.59,13.0,0.6,8.0,0.61,8.0,0.62,8.0,0.63,9.0,0.41,13.0,0.4,8.0,0.39,8.0,0.38,8.0,0.37,9.0,0.59,13.0,0.6,8.0,0.61,8.0,0.62,8.0,0.63,9.0,0.18,0.18,44.898536,1776170873000
1776170875.891,175.891,0.41,13.0,0.4,8.0,0.39,8.0,0.38,8.0,0.37,9.0,0.59,13.0,0.6,8.0,0.61,8.0,0.62,8.0,0.63,9.0,0.41,13.0,0.4,8.0,0.39,8.0,0.38,8.0,0.37,9.0,0.59,13.0,0.6,8.0,0.61,8.0,0.62,8.0,0.63,9.0,0.18,0.18,44.899836,1776170874000
1776170876.559,176.559,0.41,13.0,0.4,8.0,0.39,8.0,0.38,8.0,0.37,9.0,0.59,13.0,0.6,8.0,0.61,8.0,0.62,8.0,0.63,9.0,0.41,13.0,0.4,8.0,0.39,8.0,0.38,8.0,0.37,9.0,0.59,13.0,0.6,8.0,0.61,8.0,0.62,8.0,0.63,9.0,0.18,0.18,44.902045,1776170875000
1776170877.053,177.053,0.41,13.0,0.4,8.0,0.39,8.0,0.38,8.0,0.37,9.0,0.59,13.0,0.6,8.0,0.61,8.0,0.62,8.0,0.63,9.0,0.41,13.0,0.4,8.0,0.39,8.0,0.38,8.0,0.37,9.0,0.59,13.0,0.6,8.0,0.61,8.0,0.62,8.0,0.63,9.0,0.18,0.18,44.90234,1776170876000
1776170878.282,178.282,0.41,13.0,0.4,8.0,0.39,8.0,0.38,8.0,0.37,9.0,0.59,13.0,0.6,8.0,0.61,8.0,0.62,8.0,0.63,9.0,0.41,13.0,0.4,8.0,0.39,8.0,0.38,8.0,0.37,9.0,0.59,13.0,0.6,8.0,0.61,8.0,0.62,8.0,0.63,9.0,0.18,0.18,44.906441,1776170877000
1776170878.848,178.848,0.31,10.0,0.29,5.0,0.28,5.0,0.27,5.0,0.26,5.0,0.48,4.0,0.54,5.0,0.55,5.0,0.56,5.0,0.57,5.0,0.41,13.0,0.4,8.0,0.39,8.0,0.38,8.0,0.37,9.0,0.59,13.0,0.6,8.0,0.61,8.0,0.62,8.0,0.63,9.0,0.17,0.18,44.906441,1776170877000
1776170879.327,179.327,0.29,5.0,0.28,5.0,0.27,5.0,0.26,5.0,0.04,105.0,0.56,5.0,0.57,5.0,0.95,100.0,0.96,5.0,0.98,10.0,0.52,4.0,0.46,5.0,0.45,5.0,0.44,5.0,0.43,5.0,0.69,10.0,0.71,5.0,0.72,5.0,0.73,5.0,0.74,5.0,0.27,0.17,44.906441,1776170877000
1776170879.53,179.53,0.29,5.0,0.28,5.0,0.27,5.0,0.26,5.0,0.04,105.0,0.56,5.0,0.57,5.0,0.95,100.0,0.96,5.0,0.98,10.0,0.44,5.0,0.43,5.0,0.05,100.0,0.04,5.0,0.02,10.0,0.71,5.0,0.72,5.0,0.73,5.0,0.74,5.0,0.96,105.0,0.27,0.27,44.91995,1776170878000
1776170879.779,179.779,0.31,123.0,0.3,16.0,0.29,5.0,0.28,5.0,0.27,5.0,0.57,1.15,0.95,100.0,0.96,30.0,0.98,260.0,0.99,326.0,0.44,5.0,0.43,5.0,0.05,100.0,0.04,5.0,0.02,10.0,0.71,5.0,0.72,5.0,0.73,5.0,0.74,5.0,0.96,105.0,0.26,0.27,44.91995,1776170878000
1776170880.216,180.216,0.79,8.85,0.31,123.0,0.3,16.0,0.29,5.0,0.28,5.0,0.95,100.0,0.96,30.0,0.98,260.0,0.99,326.0,,,0.05,100.0,0.04,30.0,0.02,260.0,0.01,326.0,,,0.21,8.85,0.69,123.0,0.7,16.0,0.71,5.0,0.72,5.0,0.16,0.16,44.91995,1776170879000
1776170881.47,181.47,0.79,8.85,0.31,123.0,0.3,16.0,0.29,5.0,0.28,5.0,0.95,100.0,0.96,30.0,0.98,260.0,0.99,326.0,,,0.05,100.0,0.04,30.0,0.02,260.0,0.01,326.0,,,0.21,8.85,0.69,123.0,0.7,16.0,0.71,5.0,0.72,5.0,0.16,0.16,44.927423,1776170880000
1776170882.084,182.084,0.79,8.85,0.31,123.0,0.3,16.0,0.29,5.0,0.28,5.0,0.95,100.0,0.96,30.0,0.98,260.0,0.99,326.0,,,0.05,100.0,0.04,30.0,0.02,260.0,0.01,326.0,,,0.21,8.85,0.69,123.0,0.7,16.0,0.71,5.0,0.72,5.0,0.16,0.16,44.927429,1776170881000
1776170883.331,183.331,0.79,8.85,0.31,123.0,0.3,16.0,0.29,5.0,0.28,5.0,0.95,100.0,0.96,30.0,0.98,260.0,0.99,326.0,,,0.05,100.0,0.04,30.0,0.02,260.0,0.01,326.0,,,0.21,8.85,0.69,123.0,0.7,16.0,0.71,5.0,0.72,5.0,0.16,0.16,44.935635,1776170882000
1776170884.125,184.125,0.79,8.85,0.31,123.0,0.3,16.0,0.29,5.0,0.28,5.0,0.95,100.0,0.96,30.0,0.98,260.0,0.99,326.0,,,0.05,100.0,0.04,30.0,0.02,260.0,0.01,326.0,,,0.21,8.85,0.69,123.0,0.7,16.0,0.71,5.0,0.72,5.0,0.16,0.16,44.93819,1776170883000
1776170885.196,185.196,0.79,8.85,0.31,123.0,0.3,16.0,0.29,5.0,0.28,5.0,0.95,100.0,0.96,30.0,0.98,260.0,0.99,326.0,,,0.05,100.0,0.04,30.0,0.02,260.0,0.01,326.0,,,0.21,8.85,0.69,123.0,0.7,16.0,0.71,5.0,0.72,5.0,0.16,0.16,44.941055,1776170884000
1776170886.544,186.544,0.79,8.85,0.31,123.0,0.3,16.0,0.29,5.0,0.28,5.0,0.95,100.0,0.96,30.0,0.98,260.0,0.99,326.0,,,0.05,100.0,0.04,30.0,0.02,260.0,0.01,326.0,,,0.21,8.85,0.69,123.0,0.7,16.0,0.71,5.0,0.72,5.0,0.16,0.16,44.941055,1776170885000
1776170887.126,187.126,0.79,8.85,0.31,123.0,0.3,16.0,0.29,5.0,0.28,5.0,0.95,100.0,0.96,30.0,0.98,260.0,0.99,326.0,,,0.05,100.0,0.04,30.0,0.02,260.0,0.01,326.0,,,0.21,8.85,0.69,123.0,0.7,16.0,0.71,5.0,0.72,5.0,0.16,0.16,44.940763,1776170886000
1776170888.372,188.372,0.79,8.85,0.31,123.0,0.3,16.0,0.29,5.0,0.28,5.0,0.95,100.0,0.96,30.0,0.98,260.0,0.99,326.0,,,0.05,100.0,0.04,30.0,0.02,260.0,0.01,326.0,,,0.21,8.85,0.69,123.0,0.7,16.0,0.71,5.0,0.72,5.0,0.16,0.16,44.940625,1776170887000
1776170890.099,190.099,0.79,8.85,0.31,123.0,0.3,16.0,0.29,5.0,0.28,5.0,0.95,100.0,0.96,30.0,0.98,260.0,0.99,326.0,,,0.05,100.0,0.04,30.0,0.02,260.0,0.01,326.0,,,0.21,8.85,0.69,123.0,0.7,16.0,0.71,5.0,0.72,5.0,0.16,0.16,44.940291,1776170889000
1776170891.411,191.411,0.79,8.85,0.31,123.0,0.3,16.0,0.29,5.0,0.28,5.0,0.95,100.0,0.96,30.0,0.98,260.0,0.99,326.0,,,0.05,100.0,0.04,30.0,0.02,260.0,0.01,326.0,,,0.21,8.85,0.69,123.0,0.7,16.0,0.71,5.0,0.72,5.0,0.16,0.16,44.9403,1776170890000
1776170891.954,191.954,0.79,8.85,0.31,123.0,0.3,16.0,0.29,5.0,0.28,5.0,0.95,100.0,0.96,30.0,0.98,260.0,0.99,326.0,,,0.05,100.0,0.04,30.0,0.02,260.0,0.01,326.0,,,0.21,8.85,0.69,123.0,0.7,16.0,0.71,5.0,0.72,5.0,0.16,0.16,44.941018,1776170891000
1776170893.203,193.203,0.79,8.85,0.31,123.0,0.3,16.0,0.29,5.0,0.28,5.0,0.95,100.0,0.96,30.0,0.98,260.0,0.99,326.0,,,0.05,100.0,0.04,30.0,0.02,260.0,0.01,326.0,,,0.21,8.85,0.69,123.0,0.7,16.0,0.71,5.0,0.72,5.0,0.16,0.16,44.940888,1776170892000
1776170894.749,194.749,0.79,8.85,0.31,123.0,0.3,16.0,0.29,5.0,0.28,5.0,0.95,100.0,0.96,30.0,0.98,260.0,0.99,326.0,,,0.05,100.0,0.04,30.0,0.02,260.0,0.01,326.0,,,0.21,8.85,0.69,123.0,0.7,16.0,0.71,5.0,0.72,5.0,0.16,0.16,44.941442,1776170893000
1776170895.303,195.303,0.79,8.85,0.31,123.0,0.3,16.0,0.29,5.0,0.28,5.0,0.95,100.0,0.96,30.0,0.98,260.0,0.99,326.0,,,0.05,100.0,0.04,30.0,0.02,260.0,0.01,326.0,,,0.21,8.85,0.69,123.0,0.7,16.0,0.71,5.0,0.72,5.0,0.16,0.16,44.941312,1776170894000
1776170896.772,196.772,0.79,8.85,0.31,123.0,0.3,16.0,0.29,5.0,0.28,5.0,0.95,100.0,0.96,30.0,0.98,260.0,0.99,326.0,,,0.05,100.0,0.04,30.0,0.02,260.0,0.01,326.0,,,0.21,8.85,0.69,123.0,0.7,16.0,0.71,5.0,0.72,5.0,0.16,0.16,44.941726,1776170895000
1776170897.377,197.377,0.79,8.85,0.31,123.0,0.3,16.0,0.29,5.0,0.28,5.0,0.95,100.0,0.96,30.0,0.98,260.0,0.99,326.0,,,0.05,100.0,0.04,30.0,0.02,260.0,0.01,326.0,,,0.21,8.85,0.69,123.0,0.7,16.0,0.71,5.0,0.72,5.0,0.16,0.16,44.941018,1776170896000
1776170897.992,197.992,0.79,8.85,0.31,123.0,0.3,16.0,0.29,5.0,0.28,5.0,0.95,100.0,0.96,30.0,0.98,260.0,0.99,326.0,,,0.05,100.0,0.04,30.0,0.02,260.0,0.01,326.0,,,0.21,8.85,0.69,123.0,0.7,16.0,0.71,5.0,0.72,5.0,0.16,0.16,44.937927,1776170897000
1776170899.568,199.568,0.79,8.85,0.31,123.0,0.3,16.0,0.29,5.0,0.28,5.0,0.95,100.0,0.96,30.0,0.98,260.0,0.99,326.0,,,0.05,100.0,0.04,30.0,0.02,260.0,0.01,326.0,,,0.21,8.85,0.69,123.0,0.7,16.0,0.71,5.0,0.72,5.0,0.16,0.16,44.936231,1776170898000
1776170900.063,200.063,0.79,8.85,0.31,123.0,0.3,16.0,0.29,5.0,0.28,5.0,0.95,100.0,0.96,30.0,0.98,260.0,0.99,326.0,,,0.05,100.0,0.04,30.0,0.02,260.0,0.01,326.0,,,0.21,8.85,0.69,123.0,0.7,16.0,0.71,5.0,0.72,5.0,0.16,0.16,44.935416,1776170899000
1776170901.544,201.544,0.79,8.85,0.31,123.0,0.3,16.0,0.29,5.0,0.28,5.0,0.95,100.0,0.96,30.0,0.98,260.0,0.99,326.0,,,0.05,100.0,0.04,30.0,0.02,260.0,0.01,326.0,,,0.21,8.85,0.69,123.0,0.7,16.0,0.71,5.0,0.72,5.0,0.16,0.16,44.934682,1776170900000
1776170902.202,202.202,0.79,8.85,0.31,123.0,0.3,16.0,0.29,5.0,0.28,5.0,0.95,100.0,0.96,30.0,0.98,260.0,0.99,326.0,,,0.05,100.0,0.04,30.0,0.02,260.0,0.01,326.0,,,0.21,8.85,0.69,123.0,0.7,16.0,0.71,5.0,0.72,5.0,0.16,0.16,44.934786,1776170901000
1776170903.68,203.68,0.79,8.85,0.31,123.0,0.3,16.0,0.29,5.0,0.28,5.0,0.95,100.0,0.96,30.0,0.98,260.0,0.99,326.0,,,0.05,100.0,0.04,30.0,0.02,260.0,0.01,326.0,,,0.21,8.85,0.69,123.0,0.7,16.0,0.71,5.0,0.72,5.0,0.16,0.16,44.938511,1776170902000
1776170904.227,204.227,0.79,8.85,0.31,123.0,0.3,16.0,0.29,5.0,0.28,5.0,0.95,100.0,0.96,30.0,0.98,260.0,0.99,326.0,,,0.05,100.0,0.04,30.0,0.02,260.0,0.01,326.0,,,0.21,8.85,0.69,123.0,0.7,16.0,0.71,5.0,0.72,5.0,0.16,0.16,44.940838,1776170903000
1776170905.419,205.419,0.79,8.85,0.31,123.0,0.3,16.0,0.29,5.0,0.28,5.0,0.95,100.0,0.96,30.0,0.98,260.0,0.99,326.0,,,0.05,100.0,0.04,30.0,0.02,260.0,0.01,326.0,,,0.21,8.85,0.69,123.0,0.7,16.0,0.71,5.0,0.72,5.0,0.16,0.16,44.940891,1776170904000
1776170906.558,206.558,0.79,8.85,0.31,123.0,0.3,16.0,0.29,5.0,0.28,5.0,0.95,100.0,0.96,30.0,0.98,260.0,0.99,326.0,,,0.05,100.0,0.04,30.0,0.02,260.0,0.01,326.0,,,0.21,8.85,0.69,123.0,0.7,16.0,0.71,5.0,0.72,5.0,0.16,0.16,44.941911,1776170905000
1776170907.55,207.55,0.79,8.85,0.31,123.0,0.3,16.0,0.29,5.0,0.28,5.0,0.95,100.0,0.96,30.0,0.98,260.0,0.99,326.0,,,0.05,100.0,0.04,30.0,0.02,260.0,0.01,326.0,,,0.21,8.85,0.69,123.0,0.7,16.0,0.71,5.0,0.72,5.0,0.16,0.16,44.941819,1776170906000
1776170908.081,208.081,0.79,8.85,0.31,123.0,0.3,16.0,0.29,5.0,0.28,5.0,0.95,100.0,0.96,30.0,0.98,260.0,0.99,326.0,,,0.05,100.0,0.04,30.0,0.02,260.0,0.01,326.0,,,0.21,8.85,0.69,123.0,0.7,16.0,0.71,5.0,0.72,5.0,0.16,0.16,44.941911,1776170907000
1776170909.158,209.158,0.79,8.85,0.31,123.0,0.3,16.0,0.29,5.0,0.28,5.0,0.95,100.0,0.96,30.0,0.98,260.0,0.99,326.0,,,0.05,100.0,0.04,30.0,0.02,260.0,0.01,326.0,,,0.21,8.85,0.69,123.0,0.7,16.0,0.71,5.0,0.72,5.0,0.16,0.16,44.941994,1776170908000
1776170910.192,210.192,0.79,8.85,0.31,123.0,0.3,16.0,0.29,5.0,0.28,5.0,0.95,100.0,0.96,30.0,0.98,260.0,0.99,326.0,,,0.05,100.0,0.04,30.0,0.02,260.0,0.01,326.0,,,0.21,8.85,0.69,123.0,0.7,16.0,0.71,5.0,0.72,5.0,0.16,0.16,44.941942,1776170909000
1776170911.194,211.194,0.88,14.0,0.87,10.0,0.86,5.0,0.59,15.0,0.58,15.0,0.93,4.9,0.94,15.0,0.95,15.0,0.96,20.0,0.97,15.0,0.07,4.9,0.06,15.0,0.05,15.0,0.04,20.0,0.03,15.0,0.12,14.0,0.13,10.0,0.14,5.0,0.41,15.0,0.42,15.0,0.05,0.05,44.941946,1776170910000
1776170912.07,212.07,0.88,14.0,0.87,10.0,0.86,5.0,0.59,15.0,0.58,15.0,0.93,4.9,0.94,15.0,0.95,15.0,0.96,20.0,0.97,15.0,0.07,4.9,0.06,15.0,0.05,15.0,0.04,20.0,0.03,15.0,0.12,14.0,0.13,10.0,0.14,5.0,0.41,15.0,0.42,15.0,0.05,0.05,44.941266,1776170911000
1776170913.134,213.134,0.88,14.0,0.87,10.0,0.86,5.0,0.59,15.0,0.58,15.0,0.93,4.9,0.94,15.0,0.95,15.0,0.96,20.0,0.97,15.0,0.07,4.9,0.06,15.0,0.05,15.0,0.04,20.0,0.03,15.0,0.12,14.0,0.13,10.0,0.14,5.0,0.41,15.0,0.42,15.0,0.05,0.05,44.938701,1776170912000
1776170914.058,214.058,0.88,14.0,0.87,10.0,0.86,5.0,0.59,15.0,0.58,15.0,0.93,4.9,0.94,15.0,0.95,15.0,0.96,20.0,0.97,15.0,0.07,4.9,0.06,15.0,0.05,15.0,0.04,20.0,0.03,15.0,0.12,14.0,0.13,10.0,0.14,5.0,0.41,15.0,0.42,15.0,0.05,0.05,44.938523,1776170913000
1776170915.007,215.007,0.88,14.0,0.87,10.0,0.86,5.0,0.59,15.0,0.58,15.0,0.93,4.9,0.94,15.0,0.95,15.0,0.96,20.0,0.97,15.0,0.07,4.9,0.06,15.0,0.05,15.0,0.04,20.0,0.03,15.0,0.12,14.0,0.13,10.0,0.14,5.0,0.41,15.0,0.42,15.0,0.05,0.05,44.938523,1776170914000
1776170915.935,215.935,0.88,14.0,0.87,10.0,0.86,5.0,0.59,15.0,0.58,15.0,0.93,4.9,0.94,15.0,0.95,15.0,0.96,20.0,0.97,15.0,0.07,4.9,0.06,15.0,0.05,15.0,0.04,20.0,0.03,15.0,0.12,14.0,0.13,10.0,0.14,5.0,0.41,15.0,0.42,15.0,0.05,0.05,44.937848,1776170915000
1776170917.316,217.316,0.88,14.0,0.87,10.0,0.86,5.0,0.59,15.0,0.58,15.0,0.93,4.9,0.94,15.0,0.95,15.0,0.96,20.0,0.97,15.0,0.07,4.9,0.06,15.0,0.05,15.0,0.04,20.0,0.03,15.0,0.12,14.0,0.13,10.0,0.14,5.0,0.41,15.0,0.42,15.0,0.05,0.05,44.937643,1776170916000
1776170918.49,218.49,0.88,14.0,0.87,10.0,0.86,5.0,0.59,15.0,0.58,15.0,0.93,4.9,0.94,15.0,0.95,15.0,0.96,20.0,0.97,15.0,0.07,4.9,0.06,15.0,0.05,15.0,0.04,20.0,0.03,15.0,0.12,14.0,0.13,10.0,0.14,5.0,0.41,15.0,0.42,15.0,0.05,0.05,44.93253,1776170917000
1776170918.986,218.986,0.88,14.0,0.87,10.0,0.86,5.0,0.59,15.0,0.58,15.0,0.93,4.9,0.94,15.0,0.95,15.0,0.96,20.0,0.97,15.0,0.07,4.9,0.06,15.0,0.05,15.0,0.04,20.0,0.03,15.0,0.12,14.0,0.13,10.0,0.14,5.0,0.41,15.0,0.42,15.0,0.05,0.05,44.929138,1776170918000
1776170920.382,220.382,0.88,14.0,0.87,10.0,0.86,5.0,0.59,15.0,0.58,15.0,0.93,4.9,0.94,15.0,0.95,15.0,0.96,20.0,0.97,15.0,0.07,4.9,0.06,15.0,0.05,15.0,0.04,20.0,0.03,15.0,0.12,14.0,0.13,10.0,0.14,5.0,0.41,15.0,0.42,15.0,0.05,0.05,44.92531,1776170919000
1776170921.852,221.852,0.85,5.0,0.82,10.0,0.75,15.0,0.74,15.0,0.73,15.0,0.87,10.0,0.88,15.0,0.89,15.0,0.9,15.0,0.91,15.0,0.13,10.0,0.12,15.0,0.11,15.0,0.1,15.0,0.09,15.0,0.15,5.0,0.18,10.0,0.25,15.0,0.26,15.0,0.27,15.0,0.02,0.02,44.924353,1776170920000
1776170922.198,222.198,0.85,5.0,0.82,10.0,0.75,15.0,0.74,15.0,0.73,15.0,0.87,10.0,0.88,15.0,0.89,15.0,0.9,15.0,0.91,15.0,0.13,10.0,0.12,15.0,0.11,15.0,0.1,15.0,0.09,15.0,0.15,5.0,0.18,10.0,0.25,15.0,0.26,15.0,0.27,15.0,0.02,0.02,44.923852,1776170921000
1776170923.499,223.499,0.85,5.0,0.82,10.0,0.75,15.0,0.74,15.0,0.73,15.0,0.87,10.0,0.88,15.0,0.89,15.0,0.9,15.0,0.91,15.0,0.13,10.0,0.12,15.0,0.11,15.0,0.1,15.0,0.09,15.0,0.15,5.0,0.18,10.0,0.25,15.0,0.26,15.0,0.27,15.0,0.02,0.02,44.922782,1776170922000
1776170924.066,224.066,0.85,5.0,0.82,10.0,0.75,15.0,0.74,15.0,0.73,15.0,0.87,10.0,0.88,15.0,0.89,15.0,0.9,15.0,0.91,15.0,0.13,10.0,0.12,15.0,0.11,15.0,0.1,15.0,0.09,15.0,0.15,5.0,0.18,10.0,0.25,15.0,0.26,15.0,0.27,15.0,0.02,0.02,44.92285,1776170923000
1776170925.139,225.139,0.85,5.0,0.82,10.0,0.75,15.0,0.74,15.0,0.73,15.0,0.87,10.0,0.88,15.0,0.89,15.0,0.9,15.0,0.91,15.0,0.13,10.0,0.12,15.0,0.11,15.0,0.1,15.0,0.09,15.0,0.15,5.0,0.18,10.0,0.25,15.0,0.26,15.0,0.27,15.0,0.02,0.02,44.922887,1776170924000
1776170926.397,226.397,0.85,5.0,0.82,10.0,0.75,15.0,0.74,15.0,0.73,15.0,0.87,10.0,0.88,15.0,0.89,15.0,0.9,15.0,0.91,15.0,0.13,10.0,0.12,15.0,0.11,15.0,0.1,15.0,0.09,15.0,0.15,5.0,0.18,10.0,0.25,15.0,0.26,15.0,0.27,15.0,0.02,0.02,44.922951,1776170925000
1776170926.901,226.901,0.85,5.0,0.82,10.0,0.75,15.0,0.74,15.0,0.73,15.0,0.87,10.0,0.88,15.0,0.89,15.0,0.9,15.0,0.91,15.0,0.13,10.0,0.12,15.0,0.11,15.0,0.1,15.0,0.09,15.0,0.15,5.0,0.18,10.0,0.25,15.0,0.26,15.0,0.27,15.0,0.02,0.02,44.922954,1776170926000
1776170928.032,228.032,0.85,5.0,0.82,10.0,0.75,15.0,0.74,15.0,0.73,15.0,0.87,10.0,0.88,15.0,0.89,15.0,0.9,15.0,0.91,15.0,0.13,10.0,0.12,15.0,0.11,15.0,0.1,15.0,0.09,15.0,0.15,5.0,0.18,10.0,0.25,15.0,0.26,15.0,0.27,15.0,0.02,0.02,44.922913,1776170927000
1776170929.285,229.285,0.85,5.0,0.82,10.0,0.75,15.0,0.74,15.0,0.73,15.0,0.87,10.0,0.88,15.0,0.89,15.0,0.9,15.0,0.91,15.0,0.13,10.0,0.12,15.0,0.11,15.0,0.1,15.0,0.09,15.0,0.15,5.0,0.18,10.0,0.25,15.0,0.26,15.0,0.27,15.0,0.02,0.02,44.922807,1776170928000
1776170930.465,230.465,0.85,5.0,0.82,10.0,0.75,15.0,0.74,15.0,0.73,15.0,0.87,10.0,0.88,15.0,0.89,15.0,0.9,15.0,0.91,15.0,0.13,10.0,0.12,15.0,0.11,15.0,0.1,15.0,0.09,15.0,0.15,5.0,0.18,10.0,0.25,15.0,0.26,15.0,0.27,15.0,0.02,0.02,44.922708,1776170929000
1776170931.105,231.105,0.85,5.0,0.82,10.0,0.75,15.0,0.74,15.0,0.73,15.0,0.87,10.0,0.88,15.0,0.89,15.0,0.9,15.0,0.91,15.0,0.13,10.0,0.12,15.0,0.11,15.0,0.1,15.0,0.09,15.0,0.15,5.0,0.18,10.0,0.25,15.0,0.26,15.0,0.27,15.0,0.02,0.02,44.922708,1776170930000
1776170932.647,232.647,0.85,5.0,0.82,10.0,0.75,15.0,0.74,15.0,0.73,15.0,0.87,10.0,0.88,15.0,0.89,15.0,0.9,15.0,0.91,15.0,0.13,10.0,0.12,15.0,0.11,15.0,0.1,15.0,0.09,15.0,0.15,5.0,0.18,10.0,0.25,15.0,0.26,15.0,0.27,15.0,0.02,0.02,44.92271,1776170931000
1776170933.181,233.181,0.85,5.0,0.82,10.0,0.75,15.0,0.74,15.0,0.73,15.0,0.87,10.0,0.88,15.0,0.89,15.0,0.9,15.0,0.91,15.0,0.13,10.0,0.12,15.0,0.11,15.0,0.1,15.0,0.09,15.0,0.15,5.0,0.18,10.0,0.25,15.0,0.26,15.0,0.27,15.0,0.02,0.02,44.92271,1776170932000
1776170934.232,234.232,0.85,5.0,0.82,10.0,0.75,15.0,0.74,15.0,0.73,15.0,0.87,10.0,0.88,15.0,0.89,15.0,0.9,15.0,0.91,15.0,0.13,10.0,0.12,15.0,0.11,15.0,0.1,15.0,0.09,15.0,0.15,5.0,0.18,10.0,0.25,15.0,0.26,15.0,0.27,15.0,0.02,0.02,44.922907,1776170933000
1776170935.399,235.399,0.85,5.0,0.82,10.0,0.75,15.0,0.74,15.0,0.73,15.0,0.87,10.0,0.88,15.0,0.89,15.0,0.9,15.0,0.91,15.0,0.13,10.0,0.12,15.0,0.11,15.0,0.1,15.0,0.09,15.0,0.15,5.0,0.18,10.0,0.25,15.0,0.26,15.0,0.27,15.0,0.02,0.02,44.923055,1776170934000
1776170936.666,236.666,0.85,5.0,0.82,10.0,0.75,15.0,0.74,15.0,0.73,15.0,0.87,10.0,0.88,15.0,0.89,15.0,0.9,15.0,0.91,15.0,0.13,10.0,0.12,15.0,0.11,15.0,0.1,15.0,0.09,15.0,0.15,5.0,0.18,10.0,0.25,15.0,0.26,15.0,0.27,15.0,0.02,0.02,44.923079,1776170935000
1776170937.657,237.657,0.85,5.0,0.82,10.0,0.75,15.0,0.74,15.0,0.73,15.0,0.87,10.0,0.88,15.0,0.89,15.0,0.9,15.0,0.91,15.0,0.13,10.0,0.12,15.0,0.11,15.0,0.1,15.0,0.09,15.0,0.15,5.0,0.18,10.0,0.25,15.0,0.26,15.0,0.27,15.0,0.02,0.02,44.923079,1776170936000
1776170938.144,238.144,0.85,5.0,0.82,10.0,0.75,15.0,0.74,15.0,0.73,15.0,0.87,10.0,0.88,15.0,0.89,15.0,0.9,15.0,0.91,15.0,0.13,10.0,0.12,15.0,0.11,15.0,0.1,15.0,0.09,15.0,0.15,5.0,0.18,10.0,0.25,15.0,0.26,15.0,0.27,15.0,0.02,0.02,44.92325,1776170937000
1776170939.172,239.172,0.85,5.0,0.82,10.0,0.75,15.0,0.74,15.0,0.73,15.0,0.87,10.0,0.88,15.0,0.89,15.0,0.9,15.0,0.91,15.0,0.13,10.0,0.12,15.0,0.11,15.0,0.1,15.0,0.09,15.0,0.15,5.0,0.18,10.0,0.25,15.0,0.26,15.0,0.27,15.0,0.02,0.02,44.92325,1776170938000
1776170940.211,240.211,0.85,5.0,0.82,10.0,0.75,15.0,0.74,15.0,0.73,15.0,0.87,10.0,0.88,15.0,0.89,15.0,0.9,15.0,0.91,15.0,0.13,10.0,0.12,15.0,0.11,15.0,0.1,15.0,0.09,15.0,0.15,5.0,0.18,10.0,0.25,15.0,0.26,15.0,0.27,15.0,0.02,0.02,44.92325,1776170939000
1776170941.292,241.292,0.85,5.0,0.82,10.0,0.75,15.0,0.74,15.0,0.73,15.0,0.87,10.0,0.88,15.0,0.89,15.0,0.9,15.0,0.91,15.0,0.13,10.0,0.12,15.0,0.11,15.0,0.1,15.0,0.09,15.0,0.15,5.0,0.18,10.0,0.25,15.0,0.26,15.0,0.27,15.0,0.02,0.02,44.923123,1776170940000
1776170942.445,242.445,0.85,5.0,0.82,10.0,0.75,15.0,0.74,15.0,0.73,15.0,0.87,10.0,0.88,15.0,0.89,15.0,0.9,15.0,0.91,15.0,0.13,10.0,0.12,15.0,0.11,15.0,0.1,15.0,0.09,15.0,0.15,5.0,0.18,10.0,0.25,15.0,0.26,15.0,0.27,15.0,0.02,0.02,44.92337,1776170941000
1776170943.011,243.011,0.85,5.0,0.82,10.0,0.75,15.0,0.74,15.0,0.73,15.0,0.87,10.0,0.88,15.0,0.89,15.0,0.9,15.0,0.91,15.0,0.13,10.0,0.12,15.0,0.11,15.0,0.1,15.0,0.09,15.0,0.15,5.0,0.18,10.0,0.25,15.0,0.26,15.0,0.27,15.0,0.02,0.02,44.92337,1776170942000
1776170944.049,244.049,0.85,5.0,0.82,10.0,0.75,15.0,0.74,15.0,0.73,15.0,0.87,10.0,0.88,15.0,0.89,15.0,0.9,15.0,0.91,15.0,0.13,10.0,0.12,15.0,0.11,15.0,0.1,15.0,0.09,15.0,0.15,5.0,0.18,10.0,0.25,15.0,0.26,15.0,0.27,15.0,0.02,0.02,44.92337,1776170943000
1776170945.066,245.066,0.85,5.0,0.82,10.0,0.75,15.0,0.74,15.0,0.73,15.0,0.87,10.0,0.88,15.0,0.89,15.0,0.9,15.0,0.91,15.0,0.13,10.0,0.12,15.0,0.11,15.0,0.1,15.0,0.09,15.0,0.15,5.0,0.18,10.0,0.25,15.0,0.26,15.0,0.27,15.0,0.02,0.02,44.923256,1776170944000
1776170946.15,246.15,0.85,5.0,0.82,10.0,0.75,15.0,0.74,15.0,0.73,15.0,0.87,10.0,0.88,15.0,0.89,15.0,0.9,15.0,0.91,15.0,0.13,10.0,0.12,15.0,0.11,15.0,0.1,15.0,0.09,15.0,0.15,5.0,0.18,10.0,0.25,15.0,0.26,15.0,0.27,15.0,0.02,0.02,44.92317,1776170945000
1776170947.237,247.237,0.85,5.0,0.82,10.0,0.75,15.0,0.74,15.0,0.73,15.0,0.87,10.0,0.88,15.0,0.89,15.0,0.9,15.0,0.91,15.0,0.13,10.0,0.12,15.0,0.11,15.0,0.1,15.0,0.09,15.0,0.15,5.0,0.18,10.0,0.25,15.0,0.26,15.0,0.27,15.0,0.02,0.02,44.922331,1776170946000
1776170948.336,248.336,0.85,5.0,0.82,10.0,0.75,15.0,0.74,15.0,0.73,15.0,0.87,10.0,0.88,15.0,0.89,15.0,0.9,15.0,0.91,15.0,0.13,10.0,0.12,15.0,0.11,15.0,0.1,15.0,0.09,15.0,0.15,5.0,0.18,10.0,0.25,15.0,0.26,15.0,0.27,15.0,0.02,0.02,44.917045,1776170947000
1776170949.344,249.344,0.85,5.0,0.82,10.0,0.75,15.0,0.74,15.0,0.73,15.0,0.87,10.0,0.88,15.0,0.89,15.0,0.9,15.0,0.91,15.0,0.13,10.0,0.12,15.0,0.11,15.0,0.1,15.0,0.09,15.0,0.15,5.0,0.18,10.0,0.25,15.0,0.26,15.0,0.27,15.0,0.02,0.02,44.914591,1776170948000
1776170949.901,249.901,0.85,5.0,0.82,10.0,0.75,15.0,0.74,15.0,0.73,15.0,0.87,10.0,0.88,15.0,0.89,15.0,0.9,15.0,0.91,15.0,0.13,10.0,0.12,15.0,0.11,15.0,0.1,15.0,0.09,15.0,0.15,5.0,0.18,10.0,0.25,15.0,0.26,15.0,0.27,15.0,0.02,0.02,44.914591,1776170949000
1776170951.51,251.51,0.85,5.0,0.82,10.0,0.75,15.0,0.74,15.0,0.73,15.0,0.87,10.0,0.88,15.0,0.89,15.0,0.9,15.0,0.91,15.0,0.13,10.0,0.12,15.0,0.11,15.0,0.1,15.0,0.09,15.0,0.15,5.0,0.18,10.0,0.25,15.0,0.26,15.0,0.27,15.0,0.02,0.02,44.91052,1776170950000
1776170951.952,251.952,0.85,5.0,0.82,10.0,0.75,15.0,0.74,15.0,0.73,15.0,0.87,10.0,0.88,15.0,0.89,15.0,0.9,15.0,0.91,15.0,0.13,10.0,0.12,15.0,0.11,15.0,0.1,15.0,0.09,15.0,0.15,5.0,0.18,10.0,0.25,15.0,0.26,15.0,0.27,15.0,0.02,0.02,44.91052,1776170951000
1776170953.554,253.554,0.85,5.0,0.82,10.0,0.75,15.0,0.74,15.0,0.73,15.0,0.87,10.0,0.88,15.0,0.89,15.0,0.9,15.0,0.91,15.0,0.13,10.0,0.12,15.0,0.11,15.0,0.1,15.0,0.09,15.0,0.15,5.0,0.18,10.0,0.25,15.0,0.26,15.0,0.27,15.0,0.02,0.02,44.91162,1776170952000
1776170954.133,254.133,0.85,5.0,0.82,10.0,0.75,15.0,0.74,15.0,0.73,15.0,0.87,10.0,0.88,15.0,0.89,15.0,0.9,15.0,0.91,15.0,0.13,10.0,0.12,15.0,0.11,15.0,0.1,15.0,0.09,15.0,0.15,5.0,0.18,10.0,0.25,15.0,0.26,15.0,0.27,15.0,0.02,0.02,44.911639,1776170953000
1776170955.592,255.592,0.85,5.0,0.82,10.0,0.75,15.0,0.74,15.0,0.73,15.0,0.87,10.0,0.88,15.0,0.89,15.0,0.9,15.0,0.91,15.0,0.13,10.0,0.12,15.0,0.11,15.0,0.1,15.0,0.09,15.0,0.15,5.0,0.18,10.0,0.25,15.0,0.26,15.0,0.27,15.0,0.02,0.02,44.913866,1776170954000
1776170956.171,256.171,0.85,5.0,0.82,10.0,0.75,15.0,0.74,15.0,0.73,15.0,0.87,10.0,0.88,15.0,0.89,15.0,0.9,15.0,0.91,15.0,0.13,10.0,0.12,15.0,0.11,15.0,0.1,15.0,0.09,15.0,0.15,5.0,0.18,10.0,0.25,15.0,0.26,15.0,0.27,15.0,0.02,0.02,44.913998,1776170955000
1776170957.173,257.173,0.85,5.0,0.82,10.0,0.75,15.0,0.74,15.0,0.73,15.0,0.87,10.0,0.88,15.0,0.89,15.0,0.9,15.0,0.91,15.0,0.13,10.0,0.12,15.0,0.11,15.0,0.1,15.0,0.09,15.0,0.15,5.0,0.18,10.0,0.25,15.0,0.26,15.0,0.27,15.0,0.02,0.02,44.91384,1776170956000
1776170958.289,258.289,0.85,5.0,0.82,10.0,0.75,15.0,0.74,15.0,0.73,15.0,0.87,10.0,0.88,15.0,0.89,15.0,0.9,15.0,0.91,15.0,0.13,10.0,0.12,15.0,0.11,15.0,0.1,15.0,0.09,15.0,0.15,5.0,0.18,10.0,0.25,15.0,0.26,15.0,0.27,15.0,0.02,0.02,44.91384,1776170957000
1776170959.643,259.643,0.85,5.0,0.82,10.0,0.75,15.0,0.74,15.0,0.73,15.0,0.87,10.0,0.88,15.0,0.89,15.0,0.9,15.0,0.91,15.0,0.13,10.0,0.12,15.0,0.11,15.0,0.1,15.0,0.09,15.0,0.15,5.0,0.18,10.0,0.25,15.0,0.26,15.0,0.27,15.0,0.02,0.02,44.91417,1776170958000
1776170960.079,260.079,0.85,5.0,0.82,10.0,0.75,15.0,0.74,15.0,0.73,15.0,0.87,10.0,0.88,15.0,0.89,15.0,0.9,15.0,0.91,15.0,0.13,10.0,0.12,15.0,0.11,15.0,0.1,15.0,0.09,15.0,0.15,5.0,0.18,10.0,0.25,15.0,0.26,15.0,0.27,15.0,0.02,0.02,44.91417,1776170959000
1776170961.292,261.292,0.85,5.0,0.82,10.0,0.75,15.0,0.74,15.0,0.73,15.0,0.87,10.0,0.88,15.0,0.89,15.0,0.9,15.0,0.91,15.0,0.13,10.0,0.12,15.0,0.11,15.0,0.1,15.0,0.09,15.0,0.15,5.0,0.18,10.0,0.25,15.0,0.26,15.0,0.27,15.0,0.02,0.02,44.913946,1776170960000
1776170962.342,262.342,0.85,5.0,0.82,10.0,0.75,15.0,0.74,15.0,0.73,15.0,0.87,10.0,0.88,15.0,0.89,15.0,0.9,15.0,0.91,15.0,0.13,10.0,0.12,15.0,0.11,15.0,0.1,15.0,0.09,15.0,0.15,5.0,0.18,10.0,0.25,15.0,0.26,15.0,0.27,15.0,0.02,0.02,44.913946,1776170961000
1776170963.481,263.481,0.85,5.0,0.82,10.0,0.75,15.0,0.74,15.0,0.73,15.0,0.87,10.0,0.88,15.0,0.89,15.0,0.9,15.0,0.91,15.0,0.13,10.0,0.12,15.0,0.11,15.0,0.1,15.0,0.09,15.0,0.15,5.0,0.18,10.0,0.25,15.0,0.26,15.0,0.27,15.0,0.02,0.02,44.913882,1776170962000
1776170964.036,264.036,0.85,5.0,0.82,10.0,0.75,15.0,0.74,15.0,0.73,15.0,0.87,10.0,0.88,15.0,0.89,15.0,0.9,15.0,0.91,15.0,0.13,10.0,0.12,15.0,0.11,15.0,0.1,15.0,0.09,15.0,0.15,5.0,0.18,10.0,0.25,15.0,0.26,15.0,0.27,15.0,0.02,0.02,44.913878,1776170963000
1776170965.105,265.105,0.85,5.0,0.82,10.0,0.75,15.0,0.74,15.0,0.73,15.0,0.87,10.0,0.88,15.0,0.89,15.0,0.9,15.0,0.91,15.0,0.13,10.0,0.12,15.0,0.11,15.0,0.1,15.0,0.09,15.0,0.15,5.0,0.18,10.0,0.25,15.0,0.26,15.0,0.27,15.0,0.02,0.02,44.9121,1776170964000
1776170965.428,265.428,0.91,37.0,0.9,25.0,0.89,20.0,0.88,15.0,0.87,15.0,0.99,326.0,,,,,,,,,0.13,10.0,0.12,15.0,0.11,15.0,0.1,15.0,0.09,15.0,0.15,5.0,0.18,10.0,0.25,15.0,0.26,15.0,0.27,15.0,0.08,0.02,44.9121,1776170964000
1776170966.872,266.872,0.91,37.0,0.9,25.0,0.89,20.0,0.88,15.0,0.87,15.0,0.99,326.0,,,,,,,,,0.01,326.0,,,,,,,,,0.09,37.0,0.1,25.0,0.11,20.0,0.12,15.0,0.13,15.0,0.08,0.08,44.912157,1776170965000
1776170967.176,267.176,0.91,37.0,0.9,25.0,0.89,20.0,0.88,15.0,0.87,15.0,0.99,326.0,,,,,,,,,0.01,326.0,,,,,,,,,0.09,37.0,0.1,25.0,0.11,20.0,0.12,15.0,0.13,15.0,0.08,0.08,44.917282,1776170966000
1776170968.156,268.156,0.91,37.0,0.9,25.0,0.89,20.0,0.88,15.0,0.87,15.0,0.99,326.0,,,,,,,,,0.01,326.0,,,,,,,,,0.09,37.0,0.1,25.0,0.11,20.0,0.12,15.0,0.13,15.0,0.08,0.08,44.920327,1776170967000
1776170969.1,269.1,0.91,37.0,0.9,25.0,0.89,20.0,0.88,15.0,0.87,15.0,0.99,326.0,,,,,,,,,0.01,326.0,,,,,,,,,0.09,37.0,0.1,25.0,0.11,20.0,0.12,15.0,0.13,15.0,0.08,0.08,44.922111,1776170968000
1776170970.073,270.073,0.91,37.0,0.9,25.0,0.89,20.0,0.88,15.0,0.87,15.0,0.99,326.0,,,,,,,,,0.01,326.0,,,,,,,,,0.09,37.0,0.1,25.0,0.11,20.0,0.12,15.0,0.13,15.0,0.08,0.08,44.924014,1776170969000
1776170971.011,271.011,0.91,37.0,0.9,25.0,0.89,20.0,0.88,15.0,0.87,15.0,0.99,326.0,,,,,,,,,0.01,326.0,,,,,,,,,0.09,37.0,0.1,25.0,0.11,20.0,0.12,15.0,0.13,15.0,0.08,0.08,44.921609,1776170970000
1776170971.25,271.25,0.96,5.0,0.89,20.0,0.88,25.0,0.87,15.0,0.86,15.0,0.98,9.8,0.99,226.0,,,,,,,0.02,14.85,0.01,226.0,,,,,,,0.04,5.0,0.11,20.0,0.12,25.0,0.13,15.0,0.14,15.0,0.02,0.02,44.921609,1776170970000
1776170971.783,271.783,0.96,5.0,0.89,20.0,0.88,25.0,0.87,15.0,0.86,15.0,0.97,12.93,0.98,4.75,0.99,226.0,,,,,0.02,4.75,0.01,226.0,,,,,,,0.04,5.0,0.11,20.0,0.12,25.0,0.13,15.0,0.14,15.0,0.01,0.02,44.921609,1776170970000
1776170972.865,272.865,0.96,5.0,0.89,20.0,0.88,25.0,0.87,15.0,0.86,15.0,0.97,12.93,0.98,4.75,0.99,226.0,,,,,0.03,12.93,0.02,4.75,0.01,226.0,,,,,0.04,5.0,0.11,20.0,0.12,25.0,0.13,15.0,0.14,15.0,0.01,0.01,44.917719,1776170972000
1776170973.879,273.879,0.96,5.0,0.89,20.0,0.88,25.0,0.87,15.0,0.86,15.0,0.97,12.93,0.98,4.75,0.99,226.0,,,,,0.03,12.93,0.02,4.75,0.01,226.0,,,,,0.04,5.0,0.11,20.0,0.12,25.0,0.13,15.0,0.14,15.0,0.01,0.01,44.915891,1776170973000
1776170974.324,274.324,0.96,5.0,0.93,15.0,0.92,15.0,0.91,15.0,0.9,15.0,0.97,11.89,0.98,4.75,0.99,226.0,,,,,0.03,12.93,0.02,4.75,0.01,226.0,,,,,0.04,5.0,0.11,20.0,0.12,25.0,0.13,15.0,0.14,15.0,0.01,0.01,44.915891,1776170973000
1776170975.401,275.401,0.96,5.0,0.93,15.0,0.92,15.0,0.91,15.0,0.9,15.0,0.97,11.89,0.98,4.75,0.99,226.0,,,,,0.03,11.89,0.02,4.75,0.01,226.0,,,,,0.04,5.0,0.07,15.0,0.08,15.0,0.09,15.0,0.1,15.0,0.01,0.01,44.915819,1776170974000
1776170976.332,276.332,0.96,5.0,0.93,15.0,0.92,15.0,0.91,15.0,0.9,15.0,0.97,11.89,0.98,4.75,0.99,226.0,,,,,0.03,11.89,0.02,4.75,0.01,226.0,,,,,0.04,5.0,0.07,15.0,0.08,15.0,0.09,15.0,0.1,15.0,0.01,0.01,44.915819,1776170975000
1776170977.289,277.289,0.96,5.0,0.93,15.0,0.92,15.0,0.91,15.0,0.9,15.0,0.97,11.89,0.98,4.75,0.99,226.0,,,,,0.03,11.89,0.02,4.75,0.01,226.0,,,,,0.04,5.0,0.07,15.0,0.08,15.0,0.09,15.0,0.1,15.0,0.01,0.01,44.916273,1776170976000
1776170978.25,278.25,0.96,5.0,0.93,15.0,0.92,15.0,0.91,15.0,0.9,15.0,0.97,11.89,0.98,4.75,0.99,226.0,,,,,0.03,11.89,0.02,4.75,0.01,226.0,,,,,0.04,5.0,0.07,15.0,0.08,15.0,0.09,15.0,0.1,15.0,0.01,0.01,44.916275,1776170977000
1776170979.169,279.169,0.96,5.0,0.93,15.0,0.92,15.0,0.91,15.0,0.9,15.0,0.97,11.89,0.98,4.75,0.99,226.0,,,,,0.03,11.89,0.02,4.75,0.01,226.0,,,,,0.04,5.0,0.07,15.0,0.08,15.0,0.09,15.0,0.1,15.0,0.01,0.01,44.916499,1776170978000
1776170980.232,280.232,0.96,5.0,0.93,15.0,0.92,15.0,0.91,15.0,0.9,15.0,0.97,11.89,0.98,4.75,0.99,226.0,,,,,0.03,11.89,0.02,4.75,0.01,226.0,,,,,0.04,5.0,0.07,15.0,0.08,15.0,0.09,15.0,0.1,15.0,0.01,0.01,44.91671,1776170979000
1776170981.249,281.249,0.96,5.0,0.93,15.0,0.92,15.0,0.91,15.0,0.9,15.0,0.97,11.89,0.98,4.75,0.99,226.0,,,,,0.03,11.89,0.02,4.75,0.01,226.0,,,,,0.04,5.0,0.07,15.0,0.08,15.0,0.09,15.0,0.1,15.0,0.01,0.01,44.916436,1776170980000
1776170982.396,282.396,0.9,24.0,0.89,5.0,0.3,100.0,0.29,5.0,0.28,5.0,0.99,191.0,,,,,,,,,0.03,11.89,0.02,4.75,0.01,226.0,,,,,0.04,5.0,0.07,15.0,0.08,15.0,0.09,15.0,0.1,15.0,0.09,0.01,44.916436,1776170980000
1776170982.951,282.951,0.9,24.0,0.89,5.0,0.3,100.0,0.29,5.0,0.28,5.0,0.99,191.0,,,,,,,,,0.01,191.0,,,,,,,,,0.1,24.0,0.11,5.0,0.7,100.0,0.71,5.0,0.72,5.0,0.09,0.09,44.916844,1776170982000
1776170984.082,284.082,0.9,24.0,0.89,5.0,0.3,100.0,0.29,5.0,0.28,5.0,0.99,191.0,,,,,,,,,0.01,191.0,,,,,,,,,0.1,24.0,0.11,5.0,0.7,100.0,0.71,5.0,0.72,5.0,0.09,0.09,44.915987,1776170983000
1776170985.087,285.087,0.9,24.0,0.89,5.0,0.3,100.0,0.29,5.0,0.28,5.0,0.99,191.0,,,,,,,,,0.01,191.0,,,,,,,,,0.1,24.0,0.11,5.0,0.7,100.0,0.71,5.0,0.72,5.0,0.09,0.09,44.91603,1776170984000
1776170985.974,285.974,0.9,24.0,0.89,5.0,0.3,100.0,0.29,5.0,0.28,5.0,0.99,191.0,,,,,,,,,0.01,191.0,,,,,,,,,0.1,24.0,0.11,5.0,0.7,100.0,0.71,5.0,0.72,5.0,0.09,0.09,44.917118,1776170985000
1776170987.145,287.145,0.9,24.0,0.89,5.0,0.3,100.0,0.29,5.0,0.28,5.0,0.99,191.0,,,,,,,,,0.01,191.0,,,,,,,,,0.1,24.0,0.11,5.0,0.7,100.0,0.71,5.0,0.72,5.0,0.09,0.09,44.916,1776170986000
1776170988.042,288.042,0.9,24.0,0.89,5.0,0.3,100.0,0.29,5.0,0.28,5.0,0.99,191.0,,,,,,,,,0.01,191.0,,,,,,,,,0.1,24.0,0.11,5.0,0.7,100.0,0.71,5.0,0.72,5.0,0.09,0.09,44.917053,1776170987000
1776170988.399,288.399,0.9,24.0,0.89,5.0,0.3,100.0,0.29,5.0,0.28,5.0,0.99,183.49,,,,,,,,,0.01,191.0,,,,,,,,,0.1,24.0,0.11,5.0,0.7,100.0,0.71,5.0,0.72,5.0,0.09,0.09,44.917053,1776170987000
1776170989.172,289.172,0.9,24.0,0.89,5.0,0.3,100.0,0.29,5.0,0.28,5.0,0.99,183.49,,,,,,,,,0.01,183.49,,,,,,,,,0.1,24.0,0.11,5.0,0.7,100.0,0.71,5.0,0.72,5.0,0.09,0.09,44.917041,1776170988000
1776170990.09,290.09,0.9,24.0,0.89,5.0,0.3,100.0,0.29,5.0,0.28,5.0,0.99,183.49,,,,,,,,,0.01,183.49,,,,,,,,,0.1,24.0,0.11,5.0,0.7,100.0,0.71,5.0,0.72,5.0,0.09,0.09,44.916845,1776170989000
1776170991.037,291.037,0.9,24.0,0.89,5.0,0.3,100.0,0.29,5.0,0.28,5.0,0.99,183.49,,,,,,,,,0.01,183.49,,,,,,,,,0.1,24.0,0.11,5.0,0.7,100.0,0.71,5.0,0.72,5.0,0.09,0.09,44.916845,1776170990000
1776170992.952,292.952,0.9,24.0,0.89,5.0,0.3,100.0,0.29,5.0,0.28,5.0,0.99,183.49,,,,,,,,,0.01,183.49,,,,,,,,,0.1,24.0,0.11,5.0,0.7,100.0,0.71,5.0,0.72,5.0,0.09,0.09,44.916633,1776170991000
1776170993.313,293.313,0.9,24.0,0.89,5.0,0.3,100.0,0.29,5.0,0.28,5.0,0.99,163.28,,,,,,,,,0.01,183.49,,,,,,,,,0.1,24.0,0.11,5.0,0.7,100.0,0.71,5.0,0.72,5.0,0.09,0.09,44.916633,1776170991000
1776170993.781,293.781,0.9,24.0,0.89,5.0,0.3,100.0,0.29,5.0,0.28,5.0,0.99,163.28,,,,,,,,,0.01,163.28,,,,,,,,,0.1,24.0,0.11,5.0,0.7,100.0,0.71,5.0,0.72,5.0,0.09,0.09,44.916626,1776170992000
1776170994.55,294.55,0.9,24.0,0.89,5.0,0.3,100.0,0.29,5.0,0.28,5.0,0.99,163.28,,,,,,,,,0.01,163.28,,,,,,,,,0.1,24.0,0.11,5.0,0.7,100.0,0.71,5.0,0.72,5.0,0.09,0.09,44.913955,1776170993000
1776170995.177,295.177,0.9,24.0,0.89,5.0,0.3,100.0,0.29,5.0,0.28,5.0,0.99,163.28,,,,,,,,,0.01,163.28,,,,,,,,,0.1,24.0,0.11,5.0,0.7,100.0,0.71,5.0,0.72,5.0,0.09,0.09,44.911935,1776170994000
1776170995.961,295.961,0.9,10.0,0.89,5.0,0.3,100.0,0.29,5.0,0.28,5.0,0.99,153.38,,,,,,,,,0.01,163.28,,,,,,,,,0.1,24.0,0.11,5.0,0.7,100.0,0.71,5.0,0.72,5.0,0.09,0.09,44.911935,1776170994000
1776170996.52,296.52,0.9,10.0,0.89,5.0,0.3,100.0,0.29,5.0,0.28,5.0,0.99,153.38,,,,,,,,,0.01,153.38,,,,,,,,,0.1,10.0,0.11,5.0,0.7,100.0,0.71,5.0,0.72,5.0,0.09,0.09,44.909137,1776170995000
1776170997.184,297.184,0.9,10.0,0.89,5.0,0.29,5.0,0.28,5.0,0.27,5.0,0.99,108.22,,,,,,,,,0.01,108.22,,,,,,,,,0.1,10.0,0.11,5.0,0.71,5.0,0.72,5.0,0.73,5.0,0.09,0.09,44.909361,1776170996000
1776170997.439,297.439,0.9,10.0,0.89,5.0,0.29,5.0,0.28,5.0,0.27,5.0,0.99,107.2,,,,,,,,,0.01,108.22,,,,,,,,,0.1,10.0,0.11,5.0,0.71,5.0,0.72,5.0,0.73,5.0,0.09,0.09,44.909361,1776170996000
1776170997.734,297.734,0.9,10.0,0.89,5.0,0.29,5.0,0.28,5.0,0.27,5.0,0.99,97.2,,,,,,,,,0.01,107.2,,,,,,,,,0.1,10.0,0.11,5.0,0.71,5.0,0.72,5.0,0.73,5.0,0.09,0.09,44.909361,1776170996000
1776170997.953,297.953,0.9,10.0,0.89,5.0,0.51,7.0,0.41,8.0,0.31,9.0,0.99,88.97,,,,,,,,,0.01,97.2,,,,,,,,,0.1,10.0,0.11,5.0,0.71,5.0,0.72,5.0,0.73,5.0,0.09,0.09,44.909361,1776170996000
1776170998.217,298.217,0.9,10.0,0.89,5.0,0.61,6.0,0.51,7.0,0.41,8.0,0.99,76.34,,,,,,,,,0.01,81.34,,,,,,,,,0.1,10.0,0.11,5.0,0.39,6.0,0.49,7.0,0.59,8.0,0.09,0.09,44.909361,1776170996000
1776170998.455,298.455,0.99,150.49,0.9,10.0,0.89,5.0,0.61,6.0,0.51,7.0,,,,,,,,,,,0.01,42.1,,,,,,,,,0.1,10.0,0.11,5.0,0.39,6.0,0.49,7.0,0.59,8.0,,0.09,44.910546,1776170997000
1776170999.414,299.414,0.99,150.49,0.9,10.0,0.89,5.0,0.61,6.0,0.51,7.0,,,,,,,,,,,,,,,,,,,,,0.01,150.49,0.1,10.0,0.11,5.0,0.39,6.0,0.49,7.0,,,44.910503,1776170998000
1776171000.042,300.042,0.99,150.49,0.9,10.0,0.89,5.0,0.61,6.0,0.51,7.0,,,,,,,,,,,,,,,,,,,,,0.01,150.49,0.1,10.0,0.11,5.0,0.39,6.0,0.49,7.0,,,44.911031,1776170999000
1776171001.127,301.127,0.99,150.49,0.9,10.0,0.89,5.0,0.61,6.0,0.51,7.0,,,,,,,,,,,,,,,,,,,,,0.01,150.49,0.1,10.0,0.11,5.0,0.39,6.0,0.49,7.0,,,44.914248,1776171000000
1776171002.245,302.245,0.99,150.49,0.9,10.0,0.89,5.0,0.61,6.0,0.51,7.0,,,,,,,,,,,,,,,,,,,,,0.01,150.49,0.1,10.0,0.11,5.0,0.39,6.0,0.49,7.0,,,44.914325,1776171001000

# RESULT,winner=Up,slug=hype-updown-5m-1776170700,ticks=314
