timestamp,elapsed_sec,up_bid_p1,up_bid_s1,up_bid_p2,up_bid_s2,up_ask_p1,up_ask_s1,up_ask_p2,up_ask_s2,down_bid_p1,down_bid_s1,down_bid_p2,down_bid_s2,down_ask_p1,down_ask_s1,down_ask_p2,down_ask_s2,up_spread,down_spread,hype_price,hype_oracle_ts
1776242701.503,1.503,0.5,20.0,0.11,100.0,0.89,100.0,0.91,50.0,0.11,100.0,0.09,50.0,0.5,20.0,0.89,100.0,0.39,0.39,43.519096,1776236446000
1776242701.829,1.829,0.5,20.0,0.11,100.0,0.89,100.0,0.91,50.0,0.11,100.0,0.09,50.0,0.5,20.0,0.89,100.0,0.39,0.39,43.519096,1776236446000
1776242703.857,3.857,0.5,25.0,0.49,5.0,0.52,3.0,0.53,5.0,0.11,100.0,0.09,50.0,0.5,20.0,0.89,100.0,0.02,0.39,43.519096,1776236446000
1776242719.089,19.089,0.58,5.0,0.57,5.0,0.61,5.0,0.62,5.0,0.48,3.0,0.47,5.0,0.5,25.0,0.51,5.0,0.03,0.02,43.519096,1776236446000
1776242722.837,22.837,0.58,5.0,0.57,5.0,0.61,5.0,0.62,5.0,0.39,5.0,0.38,5.0,0.42,5.0,0.43,5.0,0.03,0.03,43.54691,1776242722000
1776242723.38,23.38,0.5,12.18,0.41,5.0,0.51,5.0,0.52,5.0,0.39,5.0,0.38,5.0,0.42,5.0,0.43,5.0,0.01,0.03,43.54691,1776242722000
1776242724.536,24.536,0.5,12.18,0.41,5.0,0.51,5.0,0.52,5.0,0.49,5.0,0.48,5.0,0.5,12.18,0.59,5.0,0.01,0.01,43.546868,1776242723000
1776242725.064,25.064,0.5,7.08,0.38,15.0,0.51,5.0,0.52,5.0,0.49,5.0,0.48,5.0,0.5,7.08,0.62,15.0,0.01,0.01,43.544606,1776242724000
1776242726.481,26.481,0.5,7.08,0.38,15.0,0.51,5.0,0.52,5.0,0.49,5.0,0.48,5.0,0.5,7.08,0.62,15.0,0.01,0.01,43.543488,1776242725000
1776242726.922,26.922,0.5,7.08,0.38,15.0,0.51,5.0,0.52,5.0,0.49,5.0,0.48,5.0,0.5,7.08,0.62,15.0,0.01,0.01,43.543282,1776242726000
1776242728.114,28.114,0.5,7.08,0.38,15.0,0.51,5.0,0.52,5.0,0.49,5.0,0.48,5.0,0.5,7.08,0.62,15.0,0.01,0.01,43.543441,1776242727000
1776242729.827,29.827,0.5,7.08,0.38,15.0,0.51,5.0,0.52,5.0,0.49,5.0,0.48,5.0,0.5,7.08,0.62,15.0,0.01,0.01,43.540613,1776242728000
1776242730.294,30.294,0.5,7.08,0.38,15.0,0.51,5.0,0.52,5.0,0.49,5.0,0.48,5.0,0.5,7.08,0.62,15.0,0.01,0.01,43.538034,1776242729000
1776242730.537,30.537,0.36,5.0,0.35,15.0,0.51,5.0,0.52,15.0,0.49,5.0,0.48,5.0,0.5,7.08,0.62,15.0,0.15,0.01,43.538034,1776242729000
1776242731.111,31.111,0.36,5.0,0.35,15.0,0.51,5.0,0.52,15.0,0.49,5.0,0.48,15.0,0.64,5.0,0.65,15.0,0.15,0.15,43.537359,1776242730000
1776242732.191,32.191,0.36,5.0,0.35,15.0,0.51,5.0,0.52,15.0,0.49,5.0,0.48,15.0,0.64,5.0,0.65,15.0,0.15,0.15,43.537443,1776242731000
1776242733.17,33.17,0.36,5.0,0.35,15.0,0.51,5.0,0.52,15.0,0.49,5.0,0.48,15.0,0.64,5.0,0.65,15.0,0.15,0.15,43.537355,1776242732000
1776242734.105,34.105,0.36,5.0,0.35,15.0,0.51,5.0,0.52,15.0,0.49,5.0,0.48,15.0,0.64,5.0,0.65,15.0,0.15,0.15,43.536141,1776242733000
1776242735.13,35.13,0.36,5.0,0.35,15.0,0.51,5.0,0.52,15.0,0.49,5.0,0.48,15.0,0.64,5.0,0.65,15.0,0.15,0.15,43.536141,1776242734000
1776242736.312,36.312,0.36,5.0,0.35,15.0,0.51,5.0,0.52,15.0,0.49,5.0,0.48,15.0,0.64,5.0,0.65,15.0,0.15,0.15,43.535589,1776242735000
1776242737.488,37.488,0.36,5.0,0.35,15.0,0.51,5.0,0.52,15.0,0.49,5.0,0.48,15.0,0.64,5.0,0.65,15.0,0.15,0.15,43.535436,1776242736000
1776242737.942,37.942,0.36,5.0,0.35,15.0,0.51,5.0,0.52,15.0,0.49,5.0,0.48,15.0,0.64,5.0,0.65,15.0,0.15,0.15,43.535264,1776242737000
1776242738.978,38.978,0.36,5.0,0.35,15.0,0.51,5.0,0.52,15.0,0.49,5.0,0.48,15.0,0.64,5.0,0.65,15.0,0.15,0.15,43.535264,1776242738000
1776242740.088,40.088,0.36,5.0,0.35,15.0,0.51,5.0,0.52,15.0,0.49,5.0,0.48,15.0,0.64,5.0,0.65,15.0,0.15,0.15,43.535245,1776242739000
1776242741.076,41.076,0.36,5.0,0.35,15.0,0.51,5.0,0.52,15.0,0.49,5.0,0.48,15.0,0.64,5.0,0.65,15.0,0.15,0.15,43.535451,1776242740000
1776242742.262,42.262,0.36,5.0,0.35,15.0,0.51,5.0,0.52,15.0,0.49,5.0,0.48,15.0,0.64,5.0,0.65,15.0,0.15,0.15,43.53559,1776242741000
1776242743.201,43.201,0.36,5.0,0.35,15.0,0.51,5.0,0.52,15.0,0.49,5.0,0.48,15.0,0.64,5.0,0.65,15.0,0.15,0.15,43.535798,1776242742000
1776242744.217,44.217,0.36,5.0,0.35,15.0,0.51,5.0,0.52,15.0,0.49,5.0,0.48,15.0,0.64,5.0,0.65,15.0,0.15,0.15,43.535849,1776242743000
1776242744.472,44.472,0.31,5.0,0.3,5.0,0.33,5.0,0.34,5.0,0.49,5.0,0.48,15.0,0.64,5.0,0.65,15.0,0.02,0.15,43.535849,1776242743000
1776242745.129,45.129,0.31,5.0,0.3,5.0,0.33,5.0,0.34,5.0,0.67,5.0,0.66,5.0,0.69,5.0,0.7,5.0,0.02,0.02,43.535386,1776242744000
1776242746.183,46.183,0.31,5.0,0.3,5.0,0.33,5.0,0.34,5.0,0.67,5.0,0.66,5.0,0.69,5.0,0.7,5.0,0.02,0.02,43.534667,1776242745000
1776242747.107,47.107,0.31,5.0,0.3,5.0,0.33,5.0,0.34,5.0,0.67,5.0,0.66,5.0,0.69,5.0,0.7,5.0,0.02,0.02,43.532519,1776242746000
1776242748.051,48.051,0.31,5.0,0.3,5.0,0.33,5.0,0.34,5.0,0.67,5.0,0.66,5.0,0.69,5.0,0.7,5.0,0.02,0.02,43.532238,1776242747000
1776242749.018,49.018,0.31,5.0,0.3,5.0,0.33,5.0,0.34,5.0,0.67,5.0,0.66,5.0,0.69,5.0,0.7,5.0,0.02,0.02,43.531675,1776242748000
1776242750.001,50.001,0.31,5.0,0.3,5.0,0.33,5.0,0.34,5.0,0.67,5.0,0.66,5.0,0.69,5.0,0.7,5.0,0.02,0.02,43.530989,1776242749000
1776242751.04,51.04,0.31,5.0,0.3,5.0,0.33,5.0,0.34,5.0,0.67,5.0,0.66,5.0,0.69,5.0,0.7,5.0,0.02,0.02,43.530778,1776242750000
1776242752.011,52.011,0.31,5.0,0.3,5.0,0.33,5.0,0.34,5.0,0.67,5.0,0.66,5.0,0.69,5.0,0.7,5.0,0.02,0.02,43.531265,1776242751000
1776242752.966,52.966,0.31,5.0,0.3,5.0,0.33,5.0,0.34,5.0,0.67,5.0,0.66,5.0,0.69,5.0,0.7,5.0,0.02,0.02,43.531318,1776242752000
1776242753.95,53.95,0.31,5.0,0.3,5.0,0.33,5.0,0.34,5.0,0.67,5.0,0.66,5.0,0.69,5.0,0.7,5.0,0.02,0.02,43.531589,1776242753000
1776242754.896,54.896,0.31,5.0,0.3,5.0,0.33,5.0,0.34,5.0,0.67,5.0,0.66,5.0,0.69,5.0,0.7,5.0,0.02,0.02,43.533764,1776242754000
1776242756.388,56.388,0.31,5.0,0.3,5.0,0.33,5.0,0.34,5.0,0.67,5.0,0.66,5.0,0.69,5.0,0.7,5.0,0.02,0.02,43.533569,1776242755000
1776242757.406,57.406,0.31,5.0,0.3,5.0,0.33,5.0,0.34,5.0,0.67,5.0,0.66,5.0,0.69,5.0,0.7,5.0,0.02,0.02,43.533591,1776242756000
1776242758.299,58.299,0.31,5.0,0.3,5.0,0.33,5.0,0.34,5.0,0.67,5.0,0.66,5.0,0.69,5.0,0.7,5.0,0.02,0.02,43.533591,1776242757000
1776242759.222,59.222,0.31,5.0,0.3,5.0,0.33,5.0,0.34,5.0,0.67,5.0,0.66,5.0,0.69,5.0,0.7,5.0,0.02,0.02,43.533675,1776242758000
1776242760.277,60.277,0.31,5.0,0.3,5.0,0.33,5.0,0.34,5.0,0.67,5.0,0.66,5.0,0.69,5.0,0.7,5.0,0.02,0.02,43.533265,1776242759000
1776242761.215,61.215,0.31,5.0,0.3,5.0,0.33,5.0,0.34,5.0,0.67,5.0,0.66,5.0,0.69,5.0,0.7,5.0,0.02,0.02,43.533259,1776242760000
1776242762.235,62.235,0.31,5.0,0.3,5.0,0.33,5.0,0.34,5.0,0.67,5.0,0.66,5.0,0.69,5.0,0.7,5.0,0.02,0.02,43.533401,1776242761000
1776242763.198,63.198,0.31,5.0,0.3,5.0,0.33,5.0,0.34,5.0,0.67,5.0,0.66,5.0,0.69,5.0,0.7,5.0,0.02,0.02,43.533454,1776242762000
1776242764.314,64.314,0.31,5.0,0.3,5.0,0.33,5.0,0.34,5.0,0.67,5.0,0.66,5.0,0.69,5.0,0.7,5.0,0.02,0.02,43.533353,1776242763000
1776242765.297,65.297,0.31,5.0,0.3,5.0,0.33,5.0,0.34,5.0,0.67,5.0,0.66,5.0,0.69,5.0,0.7,5.0,0.02,0.02,43.53341,1776242764000
1776242766.275,66.275,0.31,5.0,0.3,5.0,0.33,5.0,0.34,5.0,0.67,5.0,0.66,5.0,0.69,5.0,0.7,5.0,0.02,0.02,43.53341,1776242765000
1776242767.512,67.512,0.31,5.0,0.3,5.0,0.33,5.0,0.34,5.0,0.67,5.0,0.66,5.0,0.69,5.0,0.7,5.0,0.02,0.02,43.533454,1776242766000
1776242768.926,68.926,0.31,5.0,0.3,5.0,0.33,5.0,0.34,5.0,0.67,5.0,0.66,5.0,0.69,5.0,0.7,5.0,0.02,0.02,43.532748,1776242767000
1776242769.543,69.543,0.31,5.0,0.3,5.0,0.33,5.0,0.34,5.0,0.67,5.0,0.66,5.0,0.69,5.0,0.7,5.0,0.02,0.02,43.532804,1776242768000
1776242770.039,70.039,0.31,5.0,0.3,5.0,0.33,5.0,0.34,5.0,0.67,5.0,0.66,5.0,0.69,5.0,0.7,5.0,0.02,0.02,43.53341,1776242769000
1776242771.225,71.225,0.31,5.0,0.3,5.0,0.33,5.0,0.34,5.0,0.67,5.0,0.66,5.0,0.69,5.0,0.7,5.0,0.02,0.02,43.534554,1776242770000
1776242772.415,72.415,0.31,5.0,0.3,5.0,0.33,5.0,0.34,5.0,0.67,5.0,0.66,5.0,0.69,5.0,0.7,5.0,0.02,0.02,43.534532,1776242771000
1776242772.984,72.984,0.31,5.0,0.3,5.0,0.33,5.0,0.34,5.0,0.67,5.0,0.66,5.0,0.69,5.0,0.7,5.0,0.02,0.02,43.535536,1776242772000
1776242774.185,74.185,0.31,5.0,0.3,5.0,0.33,5.0,0.34,5.0,0.67,5.0,0.66,5.0,0.69,5.0,0.7,5.0,0.02,0.02,43.536448,1776242773000
1776242775.306,75.306,0.31,5.0,0.3,5.0,0.33,5.0,0.34,5.0,0.67,5.0,0.66,5.0,0.69,5.0,0.7,5.0,0.02,0.02,43.536449,1776242774000
1776242776.004,76.004,0.31,5.0,0.3,5.0,0.33,5.0,0.34,5.0,0.67,5.0,0.66,5.0,0.69,5.0,0.7,5.0,0.02,0.02,43.536466,1776242775000
1776242777.163,77.163,0.31,5.0,0.3,5.0,0.33,5.0,0.34,5.0,0.67,5.0,0.66,5.0,0.69,5.0,0.7,5.0,0.02,0.02,43.536556,1776242776000
1776242778.364,78.364,0.31,5.0,0.3,5.0,0.33,5.0,0.34,5.0,0.67,5.0,0.66,5.0,0.69,5.0,0.7,5.0,0.02,0.02,43.542224,1776242777000
1776242779.548,79.548,0.31,5.0,0.3,5.0,0.33,5.0,0.34,5.0,0.67,5.0,0.66,5.0,0.69,5.0,0.7,5.0,0.02,0.02,43.542812,1776242778000
1776242780.08,80.08,0.31,5.0,0.3,5.0,0.33,5.0,0.34,5.0,0.67,5.0,0.66,5.0,0.69,5.0,0.7,5.0,0.02,0.02,43.542611,1776242779000
1776242781.217,81.217,0.31,5.0,0.3,5.0,0.33,5.0,0.34,5.0,0.67,5.0,0.66,5.0,0.69,5.0,0.7,5.0,0.02,0.02,43.542505,1776242780000
1776242782.414,82.414,0.31,5.0,0.3,5.0,0.33,5.0,0.34,5.0,0.67,5.0,0.66,5.0,0.69,5.0,0.7,5.0,0.02,0.02,43.543337,1776242781000
1776242782.699,82.699,0.47,3.0,0.46,5.0,0.49,5.0,0.5,5.0,0.67,5.0,0.66,5.0,0.69,5.0,0.7,5.0,0.02,0.02,43.543337,1776242781000
1776242783.184,83.184,0.47,3.0,0.46,5.0,0.49,5.0,0.5,5.0,0.51,5.0,0.5,5.0,0.53,3.0,0.54,5.0,0.02,0.02,43.543144,1776242782000
1776242784.15,84.15,0.47,3.0,0.46,5.0,0.49,5.0,0.5,5.0,0.51,5.0,0.5,5.0,0.53,3.0,0.54,5.0,0.02,0.02,43.543285,1776242783000
1776242785.928,85.928,0.47,3.0,0.46,5.0,0.49,5.0,0.5,5.0,0.51,5.0,0.5,5.0,0.53,3.0,0.54,5.0,0.02,0.02,43.543285,1776242784000
1776242786.61,86.61,0.47,3.0,0.46,5.0,0.49,5.0,0.5,5.0,0.51,5.0,0.5,5.0,0.53,3.0,0.54,5.0,0.02,0.02,43.543225,1776242785000
1776242787.286,87.286,0.47,3.0,0.46,5.0,0.49,5.0,0.5,5.0,0.51,5.0,0.5,5.0,0.53,3.0,0.54,5.0,0.02,0.02,43.543225,1776242786000
1776242788.49,88.49,0.47,3.0,0.46,5.0,0.49,5.0,0.5,5.0,0.51,5.0,0.5,5.0,0.53,3.0,0.54,5.0,0.02,0.02,43.543343,1776242787000
1776242789.212,89.212,0.47,3.0,0.46,5.0,0.49,5.0,0.5,5.0,0.51,5.0,0.5,5.0,0.53,3.0,0.54,5.0,0.02,0.02,43.543462,1776242788000
1776242790.842,90.842,0.47,3.0,0.46,5.0,0.49,5.0,0.5,5.0,0.51,5.0,0.5,5.0,0.53,3.0,0.54,5.0,0.02,0.02,43.543693,1776242789000
1776242791.525,91.525,0.47,3.0,0.46,5.0,0.49,5.0,0.5,5.0,0.51,5.0,0.5,5.0,0.53,3.0,0.54,5.0,0.02,0.02,43.54442,1776242790000
1776242792.313,92.313,0.47,3.0,0.46,5.0,0.49,5.0,0.5,5.0,0.51,5.0,0.5,5.0,0.53,3.0,0.54,5.0,0.02,0.02,43.54442,1776242791000
1776242793.829,93.829,0.47,3.0,0.46,5.0,0.49,5.0,0.5,5.0,0.51,5.0,0.5,5.0,0.53,3.0,0.54,5.0,0.02,0.02,43.544881,1776242792000
1776242794.415,94.415,0.47,3.0,0.46,5.0,0.49,5.0,0.5,5.0,0.51,5.0,0.5,5.0,0.53,3.0,0.54,5.0,0.02,0.02,43.544881,1776242793000
1776242795.131,95.131,0.47,3.0,0.46,5.0,0.49,5.0,0.5,5.0,0.51,5.0,0.5,5.0,0.53,3.0,0.54,5.0,0.02,0.02,43.544268,1776242794000
1776242796.457,96.457,0.47,3.0,0.46,5.0,0.49,5.0,0.5,5.0,0.51,5.0,0.5,5.0,0.53,3.0,0.54,5.0,0.02,0.02,43.544433,1776242795000
1776242797.43,97.43,0.47,3.0,0.46,5.0,0.49,5.0,0.5,5.0,0.51,5.0,0.5,5.0,0.53,3.0,0.54,5.0,0.02,0.02,43.544292,1776242796000
1776242798.815,98.815,0.47,3.0,0.46,5.0,0.49,5.0,0.5,5.0,0.51,5.0,0.5,5.0,0.53,3.0,0.54,5.0,0.02,0.02,43.539044,1776242797000
1776242799.65,99.65,0.47,3.0,0.46,5.0,0.49,5.0,0.5,5.0,0.51,5.0,0.5,5.0,0.53,3.0,0.54,5.0,0.02,0.02,43.537614,1776242798000
1776242800.24,100.24,0.47,3.0,0.46,5.0,0.49,5.0,0.5,5.0,0.51,5.0,0.5,5.0,0.53,3.0,0.54,5.0,0.02,0.02,43.53714,1776242799000
1776242801.56,101.56,0.47,3.0,0.46,5.0,0.49,5.0,0.5,5.0,0.51,5.0,0.5,5.0,0.53,3.0,0.54,5.0,0.02,0.02,43.53665,1776242800000
1776242802.472,102.472,0.47,3.0,0.46,5.0,0.49,5.0,0.5,5.0,0.51,5.0,0.5,5.0,0.53,3.0,0.54,5.0,0.02,0.02,43.53665,1776242801000
1776242803.052,103.052,0.47,3.0,0.46,5.0,0.49,5.0,0.5,5.0,0.51,5.0,0.5,5.0,0.53,3.0,0.54,5.0,0.02,0.02,43.536739,1776242802000
1776242804.261,104.261,0.47,3.0,0.46,5.0,0.49,5.0,0.5,5.0,0.51,5.0,0.5,5.0,0.53,3.0,0.54,5.0,0.02,0.02,43.536535,1776242803000
1776242805.402,105.402,0.47,3.0,0.46,5.0,0.49,5.0,0.5,5.0,0.51,5.0,0.5,5.0,0.53,3.0,0.54,5.0,0.02,0.02,43.535628,1776242804000
1776242805.988,105.988,0.47,3.0,0.46,5.0,0.49,5.0,0.5,5.0,0.51,5.0,0.5,5.0,0.53,3.0,0.54,5.0,0.02,0.02,43.535867,1776242805000
1776242807.038,107.038,0.47,3.0,0.46,5.0,0.49,5.0,0.5,5.0,0.51,5.0,0.5,5.0,0.53,3.0,0.54,5.0,0.02,0.02,43.535867,1776242806000
1776242808.273,108.273,0.47,3.0,0.46,5.0,0.49,5.0,0.5,5.0,0.51,5.0,0.5,5.0,0.53,3.0,0.54,5.0,0.02,0.02,43.535867,1776242807000
1776242809.254,109.254,0.47,3.0,0.46,5.0,0.49,5.0,0.5,5.0,0.51,5.0,0.5,5.0,0.53,3.0,0.54,5.0,0.02,0.02,43.53505,1776242808000
1776242810.382,110.382,0.47,3.0,0.46,5.0,0.49,5.0,0.5,5.0,0.51,5.0,0.5,5.0,0.53,3.0,0.54,5.0,0.02,0.02,43.535462,1776242809000
1776242810.866,110.866,0.47,3.0,0.46,5.0,0.49,5.0,0.5,5.0,0.51,5.0,0.5,5.0,0.53,3.0,0.54,5.0,0.02,0.02,43.535462,1776242810000
1776242812.067,112.067,0.47,3.0,0.46,5.0,0.49,5.0,0.5,5.0,0.51,5.0,0.5,5.0,0.53,3.0,0.54,5.0,0.02,0.02,43.535462,1776242811000
1776242813.171,113.171,0.47,3.0,0.46,5.0,0.49,5.0,0.5,5.0,0.51,5.0,0.5,5.0,0.53,3.0,0.54,5.0,0.02,0.02,43.535666,1776242812000
1776242814.376,114.376,0.47,3.0,0.46,5.0,0.49,5.0,0.5,5.0,0.51,5.0,0.5,5.0,0.53,3.0,0.54,5.0,0.02,0.02,43.53572,1776242813000
1776242815.489,115.489,0.47,3.0,0.46,5.0,0.49,5.0,0.5,5.0,0.51,5.0,0.5,5.0,0.53,3.0,0.54,5.0,0.02,0.02,43.535761,1776242814000
1776242816.006,116.006,0.47,3.0,0.46,5.0,0.49,5.0,0.5,5.0,0.51,5.0,0.5,5.0,0.53,3.0,0.54,5.0,0.02,0.02,43.535761,1776242815000
1776242817.391,117.391,0.47,3.0,0.46,5.0,0.49,5.0,0.5,5.0,0.51,5.0,0.5,5.0,0.53,3.0,0.54,5.0,0.02,0.02,43.535571,1776242816000
1776242818.06,118.06,0.47,3.0,0.46,5.0,0.49,5.0,0.5,5.0,0.51,5.0,0.5,5.0,0.53,3.0,0.54,5.0,0.02,0.02,43.533725,1776242817000
1776242819.279,119.279,0.47,3.0,0.46,5.0,0.49,5.0,0.5,5.0,0.51,5.0,0.5,5.0,0.53,3.0,0.54,5.0,0.02,0.02,43.529706,1776242818000
1776242820.471,120.471,0.47,3.0,0.46,5.0,0.49,5.0,0.5,5.0,0.51,5.0,0.5,5.0,0.53,3.0,0.54,5.0,0.02,0.02,43.526966,1776242819000
1776242821.151,121.151,0.47,3.0,0.46,5.0,0.49,5.0,0.5,5.0,0.51,5.0,0.5,5.0,0.53,3.0,0.54,5.0,0.02,0.02,43.525292,1776242820000
1776242822.331,122.331,0.47,3.0,0.46,5.0,0.49,5.0,0.5,5.0,0.51,5.0,0.5,5.0,0.53,3.0,0.54,5.0,0.02,0.02,43.52502,1776242821000
1776242823.198,123.198,0.47,3.0,0.46,5.0,0.49,5.0,0.5,5.0,0.51,5.0,0.5,5.0,0.53,3.0,0.54,5.0,0.02,0.02,43.525502,1776242822000
1776242824.224,124.224,0.47,3.0,0.46,5.0,0.49,5.0,0.5,5.0,0.51,5.0,0.5,5.0,0.53,3.0,0.54,5.0,0.02,0.02,43.525392,1776242823000
1776242825.338,125.338,0.47,3.0,0.46,5.0,0.49,5.0,0.5,5.0,0.51,5.0,0.5,5.0,0.53,3.0,0.54,5.0,0.02,0.02,43.525765,1776242824000
1776242825.939,125.939,0.47,3.0,0.46,5.0,0.49,5.0,0.5,5.0,0.51,5.0,0.5,5.0,0.53,3.0,0.54,5.0,0.02,0.02,43.525765,1776242825000
1776242827.256,127.256,0.47,3.0,0.46,5.0,0.49,5.0,0.5,5.0,0.51,5.0,0.5,5.0,0.53,3.0,0.54,5.0,0.02,0.02,43.525834,1776242826000
1776242828.433,128.433,0.47,3.0,0.46,5.0,0.49,5.0,0.5,5.0,0.51,5.0,0.5,5.0,0.53,3.0,0.54,5.0,0.02,0.02,43.526123,1776242827000
1776242829.143,129.143,0.47,3.0,0.46,5.0,0.49,5.0,0.5,5.0,0.51,5.0,0.5,5.0,0.53,3.0,0.54,5.0,0.02,0.02,43.526123,1776242828000
1776242830.538,130.538,0.47,3.0,0.46,5.0,0.49,5.0,0.5,5.0,0.51,5.0,0.5,5.0,0.53,3.0,0.54,5.0,0.02,0.02,43.526123,1776242829000
1776242831.11,131.11,0.47,3.0,0.46,5.0,0.49,5.0,0.5,5.0,0.51,5.0,0.5,5.0,0.53,3.0,0.54,5.0,0.02,0.02,43.526116,1776242830000
1776242832.43,132.43,0.47,3.0,0.46,5.0,0.49,5.0,0.5,5.0,0.51,5.0,0.5,5.0,0.53,3.0,0.54,5.0,0.02,0.02,43.526154,1776242831000
1776242835.009,135.009,0.47,3.0,0.46,5.0,0.49,5.0,0.5,5.0,0.51,5.0,0.5,5.0,0.53,3.0,0.54,5.0,0.02,0.02,43.526161,1776242833000
1776242835.553,135.553,0.47,3.0,0.46,5.0,0.49,5.0,0.5,5.0,0.51,5.0,0.5,5.0,0.53,3.0,0.54,5.0,0.02,0.02,43.526159,1776242834000
1776242836.363,136.363,0.47,3.0,0.46,5.0,0.49,5.0,0.5,5.0,0.51,5.0,0.5,5.0,0.53,3.0,0.54,5.0,0.02,0.02,43.526088,1776242835000
1776242836.916,136.916,0.47,3.0,0.46,5.0,0.49,5.0,0.5,5.0,0.51,5.0,0.5,5.0,0.53,3.0,0.54,5.0,0.02,0.02,43.526088,1776242836000
1776242838.502,138.502,0.47,3.0,0.46,5.0,0.49,5.0,0.5,5.0,0.51,5.0,0.5,5.0,0.53,3.0,0.54,5.0,0.02,0.02,43.526126,1776242837000
1776242838.958,138.958,0.47,3.0,0.46,5.0,0.49,5.0,0.5,5.0,0.51,5.0,0.5,5.0,0.53,3.0,0.54,5.0,0.02,0.02,43.527931,1776242838000
1776242840.307,140.307,0.47,3.0,0.46,5.0,0.49,5.0,0.5,5.0,0.51,5.0,0.5,5.0,0.53,3.0,0.54,5.0,0.02,0.02,43.52732,1776242839000
1776242840.978,140.978,0.24,13.68,0.23,15.0,0.25,5.0,0.26,5.0,0.51,5.0,0.5,5.0,0.53,3.0,0.54,5.0,0.01,0.02,43.52732,1776242839000
1776242842.208,142.208,0.24,13.68,0.23,15.0,0.25,5.0,0.26,5.0,0.75,5.0,0.74,5.0,0.76,13.68,0.77,15.0,0.01,0.01,43.526114,1776242841000
1776242843.304,143.304,0.24,13.68,0.23,15.0,0.25,5.0,0.26,5.0,0.75,5.0,0.74,5.0,0.76,13.68,0.77,15.0,0.01,0.01,43.525474,1776242842000
1776242843.955,143.955,0.24,13.68,0.23,15.0,0.25,5.0,0.26,5.0,0.75,5.0,0.74,5.0,0.76,13.68,0.77,15.0,0.01,0.01,43.525067,1776242843000
1776242845.212,145.212,0.24,13.68,0.23,15.0,0.25,5.0,0.26,5.0,0.75,5.0,0.74,5.0,0.76,13.68,0.77,15.0,0.01,0.01,43.525266,1776242844000
1776242846.22,146.22,0.24,13.68,0.23,15.0,0.25,5.0,0.26,5.0,0.75,5.0,0.74,5.0,0.76,13.68,0.77,15.0,0.01,0.01,43.525266,1776242845000
1776242847.358,147.358,0.24,13.68,0.23,15.0,0.25,5.0,0.26,5.0,0.75,5.0,0.74,5.0,0.76,13.68,0.77,15.0,0.01,0.01,43.525806,1776242846000
1776242848.407,148.407,0.24,13.68,0.23,15.0,0.25,5.0,0.26,5.0,0.75,5.0,0.74,5.0,0.76,13.68,0.77,15.0,0.01,0.01,43.525806,1776242847000
1776242849.062,149.062,0.24,13.68,0.23,15.0,0.25,5.0,0.26,5.0,0.75,5.0,0.74,5.0,0.76,13.68,0.77,15.0,0.01,0.01,43.525806,1776242848000
1776242850.158,150.158,0.24,13.68,0.23,15.0,0.25,5.0,0.26,5.0,0.75,5.0,0.74,5.0,0.76,13.68,0.77,15.0,0.01,0.01,43.525681,1776242849000
1776242851.171,151.171,0.24,13.68,0.23,15.0,0.25,5.0,0.26,5.0,0.75,5.0,0.74,5.0,0.76,13.68,0.77,15.0,0.01,0.01,43.525735,1776242850000
1776242852.299,152.299,0.24,13.68,0.23,15.0,0.25,5.0,0.26,5.0,0.75,5.0,0.74,5.0,0.76,13.68,0.77,15.0,0.01,0.01,43.52431,1776242851000
1776242853.21,153.21,0.24,13.68,0.23,15.0,0.25,5.0,0.26,5.0,0.75,5.0,0.74,5.0,0.76,13.68,0.77,15.0,0.01,0.01,43.524399,1776242852000
1776242854.249,154.249,0.24,13.68,0.23,15.0,0.25,5.0,0.26,5.0,0.75,5.0,0.74,5.0,0.76,13.68,0.77,15.0,0.01,0.01,43.524557,1776242853000
1776242855.27,155.27,0.24,13.68,0.23,15.0,0.25,5.0,0.26,5.0,0.75,5.0,0.74,5.0,0.76,13.68,0.77,15.0,0.01,0.01,43.524702,1776242854000
1776242856.244,156.244,0.24,13.68,0.23,15.0,0.25,5.0,0.26,5.0,0.75,5.0,0.74,5.0,0.76,13.68,0.77,15.0,0.01,0.01,43.524702,1776242855000
1776242857.192,157.192,0.24,13.68,0.23,15.0,0.25,5.0,0.26,5.0,0.75,5.0,0.74,5.0,0.76,13.68,0.77,15.0,0.01,0.01,43.525373,1776242856000
1776242858.293,158.293,0.24,13.68,0.23,15.0,0.25,5.0,0.26,5.0,0.75,5.0,0.74,5.0,0.76,13.68,0.77,15.0,0.01,0.01,43.526791,1776242857000
1776242859.283,159.283,0.24,13.68,0.23,15.0,0.25,5.0,0.26,5.0,0.75,5.0,0.74,5.0,0.76,13.68,0.77,15.0,0.01,0.01,43.530331,1776242858000
1776242860.335,160.335,0.24,13.68,0.23,15.0,0.25,5.0,0.26,5.0,0.75,5.0,0.74,5.0,0.76,13.68,0.77,15.0,0.01,0.01,43.532361,1776242859000
1776242861.253,161.253,0.24,13.68,0.23,15.0,0.25,5.0,0.26,5.0,0.75,5.0,0.74,5.0,0.76,13.68,0.77,15.0,0.01,0.01,43.532829,1776242860000
1776242862.322,162.322,0.24,13.68,0.23,15.0,0.25,5.0,0.26,5.0,0.75,5.0,0.74,5.0,0.76,13.68,0.77,15.0,0.01,0.01,43.533482,1776242861000
1776242863.299,163.299,0.24,13.68,0.23,15.0,0.25,5.0,0.26,5.0,0.75,5.0,0.74,5.0,0.76,13.68,0.77,15.0,0.01,0.01,43.533186,1776242862000
1776242864.439,164.439,0.24,13.68,0.23,15.0,0.25,5.0,0.26,5.0,0.75,5.0,0.74,5.0,0.76,13.68,0.77,15.0,0.01,0.01,43.533245,1776242863000
1776242865.072,165.072,0.24,13.68,0.23,15.0,0.25,5.0,0.26,5.0,0.75,5.0,0.74,5.0,0.76,13.68,0.77,15.0,0.01,0.01,43.532944,1776242864000
1776242866.094,166.094,0.24,13.68,0.23,15.0,0.25,5.0,0.26,5.0,0.75,5.0,0.74,5.0,0.76,13.68,0.77,15.0,0.01,0.01,43.533224,1776242865000
1776242867.212,167.212,0.24,13.68,0.23,15.0,0.25,5.0,0.26,5.0,0.75,5.0,0.74,5.0,0.76,13.68,0.77,15.0,0.01,0.01,43.532944,1776242866000
1776242868.155,168.155,0.24,13.68,0.23,15.0,0.25,5.0,0.26,5.0,0.75,5.0,0.74,5.0,0.76,13.68,0.77,15.0,0.01,0.01,43.532944,1776242867000
1776242869.262,169.262,0.24,13.68,0.23,15.0,0.25,5.0,0.26,5.0,0.75,5.0,0.74,5.0,0.76,13.68,0.77,15.0,0.01,0.01,43.532655,1776242868000
1776242870.271,170.271,0.24,13.68,0.23,15.0,0.25,5.0,0.26,5.0,0.75,5.0,0.74,5.0,0.76,13.68,0.77,15.0,0.01,0.01,43.531573,1776242869000
1776242870.727,170.727,0.3,7.85,0.29,15.0,0.4,10.0,0.42,15.0,0.75,5.0,0.74,5.0,0.76,13.68,0.77,15.0,0.1,0.01,43.531573,1776242869000
1776242871.313,171.313,0.3,7.85,0.29,15.0,0.4,10.0,0.42,15.0,0.6,10.0,0.58,15.0,0.7,7.85,0.71,15.0,0.1,0.1,43.531509,1776242870000
1776242872.394,172.394,0.29,12.75,0.28,15.0,0.39,10.0,0.42,15.0,0.61,10.0,0.58,15.0,0.71,12.75,0.72,15.0,0.1,0.1,43.531472,1776242871000
1776242873.426,173.426,0.29,12.75,0.28,15.0,0.39,10.0,0.42,15.0,0.61,10.0,0.58,15.0,0.71,12.75,0.72,15.0,0.1,0.1,43.531629,1776242872000
1776242873.974,173.974,0.29,12.75,0.28,15.0,0.39,10.0,0.42,15.0,0.61,10.0,0.58,15.0,0.71,12.75,0.72,15.0,0.1,0.1,43.531629,1776242873000
1776242875.045,175.045,0.29,12.75,0.28,15.0,0.39,10.0,0.42,15.0,0.61,10.0,0.58,15.0,0.71,12.75,0.72,15.0,0.1,0.1,43.529255,1776242874000
1776242876.024,176.024,0.29,12.75,0.28,15.0,0.39,10.0,0.42,15.0,0.61,10.0,0.58,15.0,0.71,12.75,0.72,15.0,0.1,0.1,43.528295,1776242875000
1776242877.2,177.2,0.29,12.75,0.28,15.0,0.39,10.0,0.42,15.0,0.61,10.0,0.58,15.0,0.71,12.75,0.72,15.0,0.1,0.1,43.526704,1776242876000
1776242878.262,178.262,0.29,12.75,0.28,15.0,0.39,10.0,0.42,15.0,0.61,10.0,0.58,15.0,0.71,12.75,0.72,15.0,0.1,0.1,43.526704,1776242877000
1776242879.567,179.567,0.29,12.75,0.28,15.0,0.39,10.0,0.42,15.0,0.61,10.0,0.58,15.0,0.71,12.75,0.72,15.0,0.1,0.1,43.526907,1776242878000
1776242880.285,180.285,0.29,12.75,0.28,15.0,0.39,10.0,0.42,15.0,0.61,10.0,0.58,15.0,0.71,12.75,0.72,15.0,0.1,0.1,43.526907,1776242879000
1776242881.575,181.575,0.29,12.75,0.28,15.0,0.39,10.0,0.42,15.0,0.61,10.0,0.58,15.0,0.71,12.75,0.72,15.0,0.1,0.1,43.528328,1776242880000
1776242882.288,182.288,0.29,12.75,0.28,15.0,0.39,10.0,0.42,15.0,0.61,10.0,0.58,15.0,0.71,12.75,0.72,15.0,0.1,0.1,43.527847,1776242881000
1776242883.504,183.504,0.29,12.75,0.28,15.0,0.39,10.0,0.42,15.0,0.61,10.0,0.58,15.0,0.71,12.75,0.72,15.0,0.1,0.1,43.52793,1776242882000
1776242884.077,184.077,0.29,12.75,0.28,15.0,0.39,10.0,0.42,15.0,0.61,10.0,0.58,15.0,0.71,12.75,0.72,15.0,0.1,0.1,43.529595,1776242883000
1776242885.581,185.581,0.29,12.75,0.28,15.0,0.39,10.0,0.42,15.0,0.61,10.0,0.58,15.0,0.71,12.75,0.72,15.0,0.1,0.1,43.53189,1776242884000
1776242886.105,186.105,0.29,12.75,0.28,15.0,0.39,10.0,0.42,15.0,0.61,10.0,0.58,15.0,0.71,12.75,0.72,15.0,0.1,0.1,43.531483,1776242885000
1776242887.785,187.785,0.29,12.75,0.28,15.0,0.39,10.0,0.42,15.0,0.61,10.0,0.58,15.0,0.71,12.75,0.72,15.0,0.1,0.1,43.531231,1776242886000
1776242888.319,188.319,0.29,12.75,0.28,15.0,0.39,10.0,0.42,15.0,0.61,10.0,0.58,15.0,0.71,12.75,0.72,15.0,0.1,0.1,43.531114,1776242887000
1776242889.152,189.152,0.29,12.75,0.28,15.0,0.39,10.0,0.42,15.0,0.61,10.0,0.58,15.0,0.71,12.75,0.72,15.0,0.1,0.1,43.531173,1776242888000
1776242890.336,190.336,0.29,12.75,0.28,15.0,0.39,10.0,0.42,15.0,0.61,10.0,0.58,15.0,0.71,12.75,0.72,15.0,0.1,0.1,43.531173,1776242889000
1776242891.091,191.091,0.29,12.75,0.28,15.0,0.39,10.0,0.42,15.0,0.61,10.0,0.58,15.0,0.71,12.75,0.72,15.0,0.1,0.1,43.53135,1776242890000
1776242892.299,192.299,0.29,12.75,0.28,15.0,0.39,10.0,0.42,15.0,0.61,10.0,0.58,15.0,0.71,12.75,0.72,15.0,0.1,0.1,43.531597,1776242891000
1776242893.675,193.675,0.29,12.75,0.28,15.0,0.39,10.0,0.42,15.0,0.61,10.0,0.58,15.0,0.71,12.75,0.72,15.0,0.1,0.1,43.531009,1776242892000
1776242894.064,194.064,0.29,12.75,0.28,15.0,0.39,10.0,0.42,15.0,0.61,10.0,0.58,15.0,0.71,12.75,0.72,15.0,0.1,0.1,43.530415,1776242893000
1776242895.179,195.179,0.29,12.75,0.28,15.0,0.39,10.0,0.42,15.0,0.61,10.0,0.58,15.0,0.71,12.75,0.72,15.0,0.1,0.1,43.530209,1776242894000
1776242897.132,197.132,0.29,12.75,0.28,15.0,0.39,10.0,0.42,15.0,0.61,10.0,0.58,15.0,0.71,12.75,0.72,15.0,0.1,0.1,43.529871,1776242895000
1776242897.629,197.629,0.29,12.75,0.28,15.0,0.39,10.0,0.42,15.0,0.61,10.0,0.58,15.0,0.71,12.75,0.72,15.0,0.1,0.1,43.527296,1776242896000
1776242898.278,198.278,0.29,12.75,0.28,15.0,0.39,10.0,0.42,15.0,0.61,10.0,0.58,15.0,0.71,12.75,0.72,15.0,0.1,0.1,43.525879,1776242897000
1776242899.691,199.691,0.29,12.75,0.28,15.0,0.39,10.0,0.42,15.0,0.61,10.0,0.58,15.0,0.71,12.75,0.72,15.0,0.1,0.1,43.52564,1776242898000
1776242900.414,200.414,0.29,12.75,0.28,15.0,0.39,10.0,0.42,15.0,0.61,10.0,0.58,15.0,0.71,12.75,0.72,15.0,0.1,0.1,43.527462,1776242899000
1776242901.07,201.07,0.29,12.75,0.28,15.0,0.39,10.0,0.42,15.0,0.61,10.0,0.58,15.0,0.71,12.75,0.72,15.0,0.1,0.1,43.527656,1776242900000
1776242902.714,202.714,0.29,12.75,0.28,15.0,0.39,10.0,0.42,15.0,0.61,10.0,0.58,15.0,0.71,12.75,0.72,15.0,0.1,0.1,43.527956,1776242901000
1776242903.47,203.47,0.29,12.75,0.28,15.0,0.39,10.0,0.42,15.0,0.61,10.0,0.58,15.0,0.71,12.75,0.72,15.0,0.1,0.1,43.527754,1776242902000
1776242904.338,204.338,0.29,12.75,0.28,15.0,0.39,10.0,0.42,15.0,0.61,10.0,0.58,15.0,0.71,12.75,0.72,15.0,0.1,0.1,43.527754,1776242903000
1776242905.847,205.847,0.29,12.75,0.28,15.0,0.39,10.0,0.42,15.0,0.61,10.0,0.58,15.0,0.71,12.75,0.72,15.0,0.1,0.1,43.527587,1776242904000
1776242906.653,206.653,0.29,12.75,0.28,15.0,0.39,10.0,0.42,15.0,0.61,10.0,0.58,15.0,0.71,12.75,0.72,15.0,0.1,0.1,43.528762,1776242905000
1776242907.388,207.388,0.29,12.75,0.28,15.0,0.39,10.0,0.42,15.0,0.61,10.0,0.58,15.0,0.71,12.75,0.72,15.0,0.1,0.1,43.528675,1776242906000
1776242907.995,207.995,0.29,12.75,0.28,15.0,0.39,10.0,0.42,15.0,0.61,10.0,0.58,15.0,0.71,12.75,0.72,15.0,0.1,0.1,43.528345,1776242907000
1776242909.675,209.675,0.29,12.75,0.28,15.0,0.39,10.0,0.42,15.0,0.61,10.0,0.58,15.0,0.71,12.75,0.72,15.0,0.1,0.1,43.527855,1776242908000
1776242910.394,210.394,0.29,12.75,0.28,15.0,0.39,10.0,0.42,15.0,0.61,10.0,0.58,15.0,0.71,12.75,0.72,15.0,0.1,0.1,43.527666,1776242909000
1776242911.208,211.208,0.29,12.75,0.28,15.0,0.39,10.0,0.42,15.0,0.61,10.0,0.58,15.0,0.71,12.75,0.72,15.0,0.1,0.1,43.527666,1776242910000
1776242912.695,212.695,0.29,12.75,0.28,15.0,0.39,10.0,0.42,15.0,0.61,10.0,0.58,15.0,0.71,12.75,0.72,15.0,0.1,0.1,43.526857,1776242911000
1776242913.411,213.411,0.29,12.75,0.28,15.0,0.39,10.0,0.42,15.0,0.61,10.0,0.58,15.0,0.71,12.75,0.72,15.0,0.1,0.1,43.526802,1776242912000
1776242914.471,214.471,0.29,12.75,0.28,15.0,0.39,10.0,0.42,15.0,0.61,10.0,0.58,15.0,0.71,12.75,0.72,15.0,0.1,0.1,43.526882,1776242913000
1776242915.094,215.094,0.29,12.75,0.28,15.0,0.39,10.0,0.42,15.0,0.61,10.0,0.58,15.0,0.71,12.75,0.72,15.0,0.1,0.1,43.527084,1776242914000
1776242916.431,216.431,0.29,12.75,0.28,15.0,0.39,10.0,0.42,15.0,0.61,10.0,0.58,15.0,0.71,12.75,0.72,15.0,0.1,0.1,43.527115,1776242915000
1776242916.991,216.991,0.29,12.75,0.28,15.0,0.39,10.0,0.42,15.0,0.61,10.0,0.58,15.0,0.71,12.75,0.72,15.0,0.1,0.1,43.527482,1776242916000
1776242917.315,217.315,0.08,27.5,0.07,15.0,0.12,8.42,0.35,59.0,0.65,59.0,0.64,15.0,0.87,1.58,0.9,15.0,0.04,0.22,43.527482,1776242916000
1776242918.22,218.22,0.08,27.5,0.07,15.0,0.12,8.42,0.35,59.0,0.88,8.42,0.65,59.0,0.92,27.5,0.93,15.0,0.04,0.04,43.528059,1776242917000
1776242919.533,219.533,0.08,27.5,0.07,15.0,0.12,8.42,0.35,59.0,0.88,8.42,0.65,59.0,0.92,27.5,0.93,15.0,0.04,0.04,43.517684,1776242918000
1776242919.991,219.991,0.08,27.5,0.07,15.0,0.12,8.42,0.35,59.0,0.88,8.42,0.65,59.0,0.92,27.5,0.93,15.0,0.04,0.04,43.517684,1776242919000
1776242921.219,221.219,0.08,27.5,0.07,15.0,0.12,8.42,0.35,59.0,0.88,8.42,0.65,59.0,0.92,27.5,0.93,15.0,0.04,0.04,43.510424,1776242920000
1776242922.424,222.424,0.08,27.5,0.07,15.0,0.12,8.42,0.35,59.0,0.88,8.42,0.65,59.0,0.92,27.5,0.93,15.0,0.04,0.04,43.510294,1776242921000
1776242922.985,222.985,0.08,27.5,0.07,15.0,0.12,8.42,0.35,59.0,0.88,8.42,0.65,59.0,0.92,27.5,0.93,15.0,0.04,0.04,43.509945,1776242922000
1776242924.185,224.185,0.08,27.5,0.07,15.0,0.12,8.42,0.35,59.0,0.88,8.42,0.65,59.0,0.92,27.5,0.93,15.0,0.04,0.04,43.51085,1776242923000
1776242925.465,225.465,0.08,27.5,0.07,15.0,0.12,8.42,0.35,59.0,0.88,8.42,0.65,59.0,0.92,27.5,0.93,15.0,0.04,0.04,43.510997,1776242924000
1776242926.473,226.473,0.08,27.5,0.07,15.0,0.12,8.42,0.35,59.0,0.88,8.42,0.65,59.0,0.92,27.5,0.93,15.0,0.04,0.04,43.511752,1776242925000
1776242927.056,227.056,0.08,27.5,0.07,15.0,0.12,8.42,0.35,59.0,0.88,8.42,0.65,59.0,0.92,27.5,0.93,15.0,0.04,0.04,43.511752,1776242926000
1776242928.27,228.27,0.08,27.5,0.07,15.0,0.12,8.42,0.35,59.0,0.88,8.42,0.65,59.0,0.92,27.5,0.93,15.0,0.04,0.04,43.511709,1776242927000
1776242929.849,229.849,0.08,27.5,0.07,15.0,0.12,8.42,0.35,59.0,0.88,8.42,0.65,59.0,0.92,27.5,0.93,15.0,0.04,0.04,43.510877,1776242928000
1776242930.476,230.476,0.08,27.5,0.07,15.0,0.12,8.42,0.35,59.0,0.88,8.42,0.65,59.0,0.92,27.5,0.93,15.0,0.04,0.04,43.509679,1776242929000
1776242931.083,231.083,0.08,27.5,0.07,15.0,0.12,8.42,0.35,59.0,0.88,8.42,0.65,59.0,0.92,27.5,0.93,15.0,0.04,0.04,43.510242,1776242930000
1776242931.996,231.996,0.09,15.0,0.08,27.5,0.13,3.02,0.16,15.0,0.87,3.02,0.84,15.0,0.91,15.0,0.92,27.5,0.04,0.04,43.51037,1776242931000
1776242932.957,232.957,0.09,15.0,0.08,27.5,0.13,3.02,0.16,15.0,0.87,3.02,0.84,15.0,0.91,15.0,0.92,27.5,0.04,0.04,43.51037,1776242932000
1776242934.101,234.101,0.09,15.0,0.08,27.5,0.13,3.02,0.16,15.0,0.87,3.02,0.84,15.0,0.91,15.0,0.92,27.5,0.04,0.04,43.509879,1776242933000
1776242935.034,235.034,0.09,15.0,0.08,27.5,0.13,3.02,0.16,15.0,0.87,3.02,0.84,15.0,0.91,15.0,0.92,27.5,0.04,0.04,43.510025,1776242934000
1776242936.019,236.019,0.09,15.0,0.08,27.5,0.13,3.02,0.16,15.0,0.87,3.02,0.84,15.0,0.91,15.0,0.92,27.5,0.04,0.04,43.510025,1776242935000
1776242937.146,237.146,0.09,15.0,0.08,27.5,0.13,3.02,0.16,15.0,0.87,3.02,0.84,15.0,0.91,15.0,0.92,27.5,0.04,0.04,43.51028,1776242936000
1776242938.006,238.006,0.09,15.0,0.08,27.5,0.13,3.02,0.16,15.0,0.87,3.02,0.84,15.0,0.91,15.0,0.92,27.5,0.04,0.04,43.510357,1776242937000
1776242938.955,238.955,0.09,15.0,0.08,27.5,0.13,3.02,0.16,15.0,0.87,3.02,0.84,15.0,0.91,15.0,0.92,27.5,0.04,0.04,43.51018,1776242938000
1776242939.969,239.969,0.09,15.0,0.08,27.5,0.13,3.02,0.16,15.0,0.87,3.02,0.84,15.0,0.91,15.0,0.92,27.5,0.04,0.04,43.510003,1776242939000
1776242940.965,240.965,0.09,15.0,0.08,27.5,0.13,3.02,0.16,15.0,0.87,3.02,0.84,15.0,0.91,15.0,0.92,27.5,0.04,0.04,43.510204,1776242940000
1776242942.005,242.005,0.09,15.0,0.08,27.5,0.13,3.02,0.16,15.0,0.87,3.02,0.84,15.0,0.91,15.0,0.92,27.5,0.04,0.04,43.510204,1776242941000
1776242943.377,243.377,0.09,15.0,0.08,27.5,0.13,3.02,0.16,15.0,0.87,3.02,0.84,15.0,0.91,15.0,0.92,27.5,0.04,0.04,43.511727,1776242942000
1776242944.274,244.274,0.09,15.0,0.08,27.5,0.13,3.02,0.16,15.0,0.87,3.02,0.84,15.0,0.91,15.0,0.92,27.5,0.04,0.04,43.515596,1776242943000
1776242945.239,245.239,0.09,15.0,0.08,27.5,0.13,3.02,0.16,15.0,0.87,3.02,0.84,15.0,0.91,15.0,0.92,27.5,0.04,0.04,43.5166,1776242944000
1776242946.253,246.253,0.09,15.0,0.08,27.5,0.13,3.02,0.16,15.0,0.87,3.02,0.84,15.0,0.91,15.0,0.92,27.5,0.04,0.04,43.515624,1776242945000
1776242947.239,247.239,0.09,15.0,0.08,27.5,0.13,3.02,0.16,15.0,0.87,3.02,0.84,15.0,0.91,15.0,0.92,27.5,0.04,0.04,43.514932,1776242946000
1776242948.179,248.179,0.09,15.0,0.08,27.5,0.13,3.02,0.16,15.0,0.87,3.02,0.84,15.0,0.91,15.0,0.92,27.5,0.04,0.04,43.513526,1776242947000
1776242949.175,249.175,0.09,15.0,0.08,27.5,0.13,3.02,0.16,15.0,0.87,3.02,0.84,15.0,0.91,15.0,0.92,27.5,0.04,0.04,43.513526,1776242948000
1776242949.425,249.425,0.05,13.85,0.04,40.0,0.12,25.0,0.13,15.0,0.87,3.02,0.84,15.0,0.91,15.0,0.92,27.5,0.07,0.04,43.513526,1776242948000
1776242950.167,250.167,0.05,13.85,0.04,40.0,0.12,25.0,0.13,15.0,0.88,25.0,0.87,15.0,0.95,13.85,0.96,40.0,0.07,0.07,43.513117,1776242949000
1776242950.689,250.689,0.05,9.02,0.04,40.0,0.1,15.0,0.11,15.0,0.88,25.0,0.87,15.0,0.95,13.85,0.96,40.0,0.05,0.07,43.513117,1776242949000
1776242951.06,251.06,0.05,9.02,0.04,40.0,0.1,15.0,0.11,15.0,0.9,15.0,0.89,15.0,0.95,9.02,0.96,40.0,0.05,0.05,43.513117,1776242950000
1776242951.935,251.935,0.04,25.0,0.03,15.0,0.08,13.71,0.09,15.0,0.9,15.0,0.89,15.0,0.95,9.02,0.96,40.0,0.04,0.05,43.513117,1776242950000
1776242953.005,253.005,0.04,25.0,0.03,15.0,0.08,13.71,0.09,15.0,0.92,13.71,0.91,15.0,0.96,25.0,0.97,15.0,0.04,0.04,43.508448,1776242952000
1776242954.017,254.017,0.04,25.0,0.03,15.0,0.08,13.71,0.09,15.0,0.92,13.71,0.91,15.0,0.96,25.0,0.97,15.0,0.04,0.04,43.507708,1776242953000
1776242955.556,255.556,0.04,25.0,0.03,15.0,0.08,13.71,0.09,15.0,0.92,13.71,0.91,15.0,0.96,25.0,0.97,15.0,0.04,0.04,43.507394,1776242954000
1776242956.166,256.166,0.04,25.0,0.03,15.0,0.08,13.71,0.09,15.0,0.92,13.71,0.91,15.0,0.96,25.0,0.97,15.0,0.04,0.04,43.507394,1776242955000
1776242957.326,257.326,0.04,25.0,0.03,15.0,0.08,13.71,0.09,15.0,0.92,13.71,0.91,15.0,0.96,25.0,0.97,15.0,0.04,0.04,43.507394,1776242956000
1776242958.547,258.547,0.04,25.0,0.03,15.0,0.08,13.71,0.09,15.0,0.92,13.71,0.91,15.0,0.96,25.0,0.97,15.0,0.04,0.04,43.507486,1776242957000
1776242959.09,259.09,0.04,25.0,0.03,15.0,0.08,13.71,0.09,15.0,0.92,13.71,0.91,15.0,0.96,25.0,0.97,15.0,0.04,0.04,43.507285,1776242958000
1776242959.339,259.339,0.04,5.0,0.03,15.0,0.05,5.0,0.06,15.0,0.92,13.71,0.91,15.0,0.96,25.0,0.97,15.0,0.01,0.04,43.507285,1776242958000
1776242959.566,259.566,0.03,15.0,0.02,20.0,0.06,15.0,0.07,15.0,0.95,5.0,0.94,15.0,0.96,5.0,0.97,15.0,0.03,0.01,43.507285,1776242958000
1776242960.229,260.229,0.03,15.0,0.02,20.0,0.06,15.0,0.07,15.0,0.94,15.0,0.93,15.0,0.97,15.0,0.98,20.0,0.03,0.03,43.507282,1776242959000
1776242961.357,261.357,0.03,15.0,0.02,20.0,0.06,15.0,0.07,15.0,0.94,15.0,0.93,15.0,0.97,15.0,0.98,20.0,0.03,0.03,43.507218,1776242960000
1776242961.916,261.916,0.03,15.0,0.02,20.0,0.06,15.0,0.07,15.0,0.94,15.0,0.93,15.0,0.97,15.0,0.98,20.0,0.03,0.03,43.507218,1776242961000
1776242963.082,263.082,0.03,15.0,0.02,20.0,0.06,15.0,0.07,15.0,0.94,15.0,0.93,15.0,0.97,15.0,0.98,20.0,0.03,0.03,43.507385,1776242962000
1776242964.158,264.158,0.03,15.0,0.02,20.0,0.06,15.0,0.07,15.0,0.94,15.0,0.93,15.0,0.97,15.0,0.98,20.0,0.03,0.03,43.507585,1776242963000
1776242965.292,265.292,0.03,15.0,0.02,20.0,0.17,8.8,0.18,15.0,0.94,15.0,0.93,15.0,0.97,15.0,0.98,20.0,0.14,0.03,43.507585,1776242963000
1776242965.839,265.839,0.03,15.0,0.02,20.0,0.17,8.8,0.18,15.0,0.83,8.8,0.82,15.0,0.97,15.0,0.98,20.0,0.14,0.14,43.508565,1776242965000
1776242967.16,267.16,0.03,15.0,0.02,20.0,0.17,8.8,0.18,15.0,0.83,8.8,0.82,15.0,0.97,15.0,0.98,20.0,0.14,0.14,43.508544,1776242966000
1776242968.2,268.2,0.03,15.0,0.02,20.0,0.17,8.8,0.18,15.0,0.83,8.8,0.82,15.0,0.97,15.0,0.98,20.0,0.14,0.14,43.508944,1776242967000
1776242969.407,269.407,0.03,15.0,0.02,20.0,0.17,8.8,0.18,15.0,0.83,8.8,0.82,15.0,0.97,15.0,0.98,20.0,0.14,0.14,43.508944,1776242968000
1776242970.382,270.382,0.03,15.0,0.02,20.0,0.17,8.8,0.18,15.0,0.83,8.8,0.82,15.0,0.97,15.0,0.98,20.0,0.14,0.14,43.508997,1776242969000
1776242970.969,270.969,0.03,15.0,0.02,20.0,0.17,8.8,0.18,15.0,0.83,8.8,0.82,15.0,0.97,15.0,0.98,20.0,0.14,0.14,43.508823,1776242970000
1776242971.223,271.223,0.02,17.95,0.01,305.0,0.04,15.0,0.05,20.0,0.83,8.8,0.82,15.0,0.97,15.0,0.98,20.0,0.02,0.14,43.508823,1776242970000
1776242973.235,273.235,0.02,17.95,0.01,305.0,0.04,15.0,0.05,20.0,0.96,15.0,0.95,20.0,0.98,17.95,0.99,305.0,0.02,0.02,43.508492,1776242972000
1776242973.765,273.765,0.02,1.92,0.01,305.0,0.04,20.0,0.05,20.0,0.96,15.0,0.95,20.0,0.98,17.95,0.99,305.0,0.02,0.02,43.508492,1776242972000
1776242974.89,274.89,0.02,1.92,0.01,305.0,0.04,20.0,0.05,20.0,0.96,20.0,0.95,20.0,0.98,1.92,0.99,305.0,0.02,0.02,43.508492,1776242973000
1776242975.588,275.588,0.02,1.92,0.01,305.0,0.04,20.0,0.05,20.0,0.96,20.0,0.95,20.0,0.98,1.92,0.99,305.0,0.02,0.02,43.508617,1776242974000
1776242976.301,276.301,0.02,1.92,0.01,305.0,0.04,20.0,0.05,20.0,0.96,20.0,0.95,20.0,0.98,1.92,0.99,305.0,0.02,0.02,43.508561,1776242975000
1776242977.531,277.531,0.02,1.92,0.01,305.0,0.04,20.0,0.05,20.0,0.96,20.0,0.95,20.0,0.98,1.92,0.99,305.0,0.02,0.02,43.506987,1776242976000
1776242978.204,278.204,0.02,1.92,0.01,305.0,0.04,20.0,0.05,20.0,0.96,20.0,0.95,20.0,0.98,1.92,0.99,305.0,0.02,0.02,43.506932,1776242977000
1776242979.489,279.489,0.02,1.92,0.01,305.0,0.04,20.0,0.05,20.0,0.96,20.0,0.95,20.0,0.98,1.92,0.99,305.0,0.02,0.02,43.506889,1776242978000
1776242980.077,280.077,0.02,0.89,0.01,190.0,0.03,5.0,0.04,5.0,0.97,5.0,0.96,5.0,0.98,0.89,0.99,190.0,0.01,0.01,43.506744,1776242979000
1776242981.26,281.26,0.02,0.89,0.01,190.0,0.03,5.0,0.04,5.0,0.97,5.0,0.96,5.0,0.98,0.89,0.99,190.0,0.01,0.01,43.506745,1776242980000
1776242982.518,282.518,0.02,0.89,0.01,190.0,0.03,5.0,0.04,5.0,0.97,5.0,0.96,5.0,0.98,0.89,0.99,190.0,0.01,0.01,43.506758,1776242981000
1776242983.128,283.128,0.02,0.89,0.01,190.0,0.03,5.0,0.04,5.0,0.97,5.0,0.96,5.0,0.98,0.89,0.99,190.0,0.01,0.01,43.506857,1776242982000
1776242984.34,284.34,0.02,0.89,0.01,190.0,0.03,5.0,0.04,5.0,0.97,5.0,0.96,5.0,0.98,0.89,0.99,190.0,0.01,0.01,43.506779,1776242983000
1776242985.007,285.007,0.02,0.89,0.01,190.0,0.03,5.0,0.04,5.0,0.97,5.0,0.96,5.0,0.98,0.89,0.99,190.0,0.01,0.01,43.506779,1776242984000
1776242985.917,285.917,0.01,182.76,,,0.7,258.0,0.98,5.0,0.97,5.0,0.96,5.0,0.98,0.89,0.99,190.0,0.69,0.01,43.506779,1776242984000
1776242986.373,286.373,0.01,182.76,,,0.7,258.0,0.98,5.0,0.3,258.0,0.02,5.0,0.99,182.76,,,0.69,0.69,43.503605,1776242985000
1776242987.086,287.086,0.01,182.76,,,0.7,258.0,0.98,5.0,0.3,258.0,0.02,5.0,0.99,182.76,,,0.69,0.69,43.503689,1776242986000
1776242987.604,287.604,0.01,177.71,,,0.7,258.0,0.98,5.0,0.3,258.0,0.02,5.0,0.99,182.76,,,0.69,0.69,43.503689,1776242986000
1776242987.961,287.961,0.01,172.66,,,0.7,258.0,0.98,5.0,0.3,258.0,0.02,5.0,0.99,172.66,,,0.69,0.69,43.504161,1776242987000
1776242989.007,289.007,0.01,172.66,,,0.7,258.0,0.98,5.0,0.3,258.0,0.02,5.0,0.99,172.66,,,0.69,0.69,43.504161,1776242988000
1776242990.116,290.116,0.01,172.66,,,0.7,258.0,0.98,5.0,0.3,258.0,0.02,5.0,0.99,172.66,,,0.69,0.69,43.504049,1776242989000
1776242991.163,291.163,,,,,0.01,827.34,0.7,258.0,0.99,827.34,0.3,258.0,,,,,,,43.5034,1776242990000
1776242992.157,292.157,,,,,0.01,827.34,0.7,258.0,0.99,827.34,0.3,258.0,,,,,,,43.503393,1776242991000
1776242993.167,293.167,,,,,0.01,827.34,0.7,258.0,0.99,827.34,0.3,258.0,,,,,,,43.503393,1776242992000
1776242994.208,294.208,,,,,0.01,827.34,0.7,258.0,0.99,827.34,0.3,258.0,,,,,,,43.503561,1776242993000
1776242995.11,295.11,,,,,0.01,827.34,0.7,258.0,0.99,827.34,0.3,258.0,,,,,,,43.503394,1776242994000
1776242996.262,296.262,,,,,0.01,827.34,0.7,258.0,0.99,827.34,0.3,258.0,,,,,,,43.503391,1776242995000
1776242997.209,297.209,,,,,0.01,827.34,0.7,258.0,0.99,827.34,0.3,258.0,,,,,,,43.503352,1776242996000
1776242998.311,298.311,,,,,0.01,827.34,0.7,258.0,0.99,827.34,0.3,258.0,,,,,,,43.503352,1776242997000
1776242999.369,299.369,,,,,0.01,827.34,0.7,258.0,0.99,827.34,0.3,258.0,,,,,,,43.503352,1776242998000
1776242999.946,299.946,,,,,0.01,989.86,0.39,6.0,0.99,989.86,0.61,6.0,,,,,,,43.50336,1776242999000
1776243001.486,301.486,,,,,0.01,989.86,0.39,6.0,0.99,989.86,0.61,6.0,,,,,,,43.503849,1776243000000
