timestamp,elapsed_sec,up_bid_p1,up_bid_s1,up_bid_p2,up_bid_s2,up_ask_p1,up_ask_s1,up_ask_p2,up_ask_s2,down_bid_p1,down_bid_s1,down_bid_p2,down_bid_s2,down_ask_p1,down_ask_s1,down_ask_p2,down_ask_s2,up_spread,down_spread,hype_price,hype_oracle_ts
1776250801.462,1.462,,,,,,,,,,,,,,,,,,,43.797671,1776250800000
1776250801.83,1.83,0.11,100.0,0.09,100.0,0.89,100.0,0.91,100.0,0.41,5.0,0.11,100.0,0.89,100.0,0.91,100.0,0.78,0.48,43.797671,1776250800000
1776250802.079,2.079,0.11,100.0,0.09,100.0,0.89,100.0,0.91,100.0,0.41,5.0,0.11,100.0,0.89,100.0,0.91,100.0,0.78,0.48,43.79285,1776250801000
1776250803.356,3.356,0.11,100.0,0.09,100.0,0.89,100.0,0.91,100.0,0.41,5.0,0.11,100.0,0.89,100.0,0.91,100.0,0.78,0.48,43.797278,1776250802000
1776250804.039,4.039,0.11,100.0,0.09,100.0,0.89,100.0,0.91,100.0,0.41,5.0,0.11,100.0,0.89,100.0,0.91,100.0,0.78,0.48,43.797698,1776250803000
1776250805.102,5.102,0.11,100.0,0.09,100.0,0.89,100.0,0.91,100.0,0.41,5.0,0.11,100.0,0.89,100.0,0.91,100.0,0.78,0.48,43.793931,1776250804000
1776250805.551,5.551,0.44,5.0,0.43,5.0,0.45,5.0,0.46,5.0,0.41,5.0,0.11,100.0,0.89,100.0,0.91,100.0,0.01,0.48,43.793931,1776250804000
1776250806.137,6.137,0.44,5.0,0.43,5.0,0.45,5.0,0.46,5.0,0.55,5.0,0.54,5.0,0.56,5.0,0.57,5.0,0.01,0.01,43.789132,1776250805000
1776250807.205,7.205,0.44,5.0,0.43,5.0,0.45,5.0,0.46,5.0,0.55,5.0,0.54,5.0,0.56,5.0,0.57,5.0,0.01,0.01,43.784793,1776250806000
1776250808.169,8.169,0.44,5.0,0.43,5.0,0.45,5.0,0.46,5.0,0.55,5.0,0.54,5.0,0.56,5.0,0.57,5.0,0.01,0.01,43.782655,1776250807000
1776250809.7,9.7,0.44,5.0,0.43,5.0,0.45,5.0,0.46,5.0,0.55,5.0,0.54,5.0,0.56,5.0,0.57,5.0,0.01,0.01,43.781624,1776250808000
1776250810.459,10.459,0.44,5.0,0.43,5.0,0.45,5.0,0.46,5.0,0.55,5.0,0.54,5.0,0.56,5.0,0.57,5.0,0.01,0.01,43.781624,1776250809000
1776250811.273,11.273,0.44,5.0,0.43,5.0,0.45,5.0,0.46,5.0,0.55,5.0,0.54,5.0,0.56,5.0,0.57,5.0,0.01,0.01,43.780043,1776250810000
1776250812.199,12.199,0.44,5.0,0.43,5.0,0.45,5.0,0.46,5.0,0.55,5.0,0.54,5.0,0.56,5.0,0.57,5.0,0.01,0.01,43.778514,1776250811000
1776250813.182,13.182,0.44,5.0,0.43,5.0,0.45,5.0,0.46,5.0,0.55,5.0,0.54,5.0,0.56,5.0,0.57,5.0,0.01,0.01,43.778466,1776250812000
1776250814.152,14.152,0.44,5.0,0.43,5.0,0.45,5.0,0.46,5.0,0.55,5.0,0.54,5.0,0.56,5.0,0.57,5.0,0.01,0.01,43.778204,1776250813000
1776250815.184,15.184,0.44,5.0,0.43,5.0,0.45,5.0,0.46,5.0,0.55,5.0,0.54,5.0,0.56,5.0,0.57,5.0,0.01,0.01,43.778226,1776250814000
1776250816.082,16.082,0.44,5.0,0.43,5.0,0.45,5.0,0.46,5.0,0.55,5.0,0.54,5.0,0.56,5.0,0.57,5.0,0.01,0.01,43.778126,1776250815000
1776250817.135,17.135,0.44,5.0,0.43,5.0,0.45,5.0,0.46,5.0,0.55,5.0,0.54,5.0,0.56,5.0,0.57,5.0,0.01,0.01,43.778007,1776250816000
1776250818.813,18.813,0.44,5.0,0.43,5.0,0.45,5.0,0.46,5.0,0.55,5.0,0.54,5.0,0.56,5.0,0.57,5.0,0.01,0.01,43.777904,1776250817000
1776250819.408,19.408,0.44,5.0,0.43,5.0,0.45,5.0,0.46,5.0,0.55,5.0,0.54,5.0,0.56,5.0,0.57,5.0,0.01,0.01,43.777904,1776250818000
1776250820.467,20.467,0.44,5.0,0.43,5.0,0.45,5.0,0.46,5.0,0.55,5.0,0.54,5.0,0.56,5.0,0.57,5.0,0.01,0.01,43.777845,1776250819000
1776250820.994,20.994,0.44,5.0,0.43,5.0,0.45,5.0,0.46,5.0,0.55,5.0,0.54,5.0,0.56,5.0,0.57,5.0,0.01,0.01,43.77794,1776250820000
1776250821.474,21.474,0.39,3.36,0.38,5.0,0.4,5.0,0.41,5.0,0.55,5.0,0.54,5.0,0.56,5.0,0.57,5.0,0.01,0.01,43.77794,1776250820000
1776250822.099,22.099,0.39,3.36,0.38,5.0,0.4,5.0,0.41,5.0,0.6,5.0,0.59,5.0,0.61,3.36,0.62,5.0,0.01,0.01,43.777942,1776250821000
1776250823.205,23.205,0.39,3.36,0.38,5.0,0.4,5.0,0.41,5.0,0.6,5.0,0.59,5.0,0.61,3.36,0.62,5.0,0.01,0.01,43.777598,1776250822000
1776250824.323,24.323,0.39,3.36,0.38,5.0,0.4,5.0,0.41,5.0,0.6,5.0,0.59,5.0,0.61,3.36,0.62,5.0,0.01,0.01,43.776989,1776250823000
1776250825.358,25.358,0.39,3.36,0.38,5.0,0.4,5.0,0.41,5.0,0.6,5.0,0.59,5.0,0.61,3.36,0.62,5.0,0.01,0.01,43.776737,1776250824000
1776250826.438,26.438,0.39,3.36,0.38,5.0,0.4,5.0,0.41,5.0,0.6,5.0,0.59,5.0,0.61,3.36,0.62,5.0,0.01,0.01,43.776595,1776250825000
1776250826.96,26.96,0.39,3.36,0.38,5.0,0.4,5.0,0.41,5.0,0.6,5.0,0.59,5.0,0.61,3.36,0.62,5.0,0.01,0.01,43.776578,1776250826000
1776250828.146,28.146,0.39,3.36,0.38,5.0,0.4,5.0,0.41,5.0,0.6,5.0,0.59,5.0,0.61,3.36,0.62,5.0,0.01,0.01,43.776935,1776250827000
1776250829.205,29.205,0.39,3.36,0.38,5.0,0.4,5.0,0.41,5.0,0.6,5.0,0.59,5.0,0.61,3.36,0.62,5.0,0.01,0.01,43.776935,1776250828000
1776250830.232,30.232,0.39,3.36,0.38,5.0,0.4,5.0,0.41,5.0,0.6,5.0,0.59,5.0,0.61,3.36,0.62,5.0,0.01,0.01,43.776494,1776250829000
1776250831.235,31.235,0.39,3.36,0.38,5.0,0.4,5.0,0.41,5.0,0.6,5.0,0.59,5.0,0.61,3.36,0.62,5.0,0.01,0.01,43.776447,1776250830000
1776250832.802,32.802,0.39,3.36,0.38,5.0,0.4,5.0,0.41,5.0,0.6,5.0,0.59,5.0,0.61,3.36,0.62,5.0,0.01,0.01,43.776866,1776250831000
1776250833.413,33.413,0.39,3.36,0.38,5.0,0.4,5.0,0.41,5.0,0.6,5.0,0.59,5.0,0.61,3.36,0.62,5.0,0.01,0.01,43.776866,1776250832000
1776250833.895,33.895,0.39,3.36,0.38,5.0,0.4,5.0,0.41,5.0,0.6,5.0,0.59,5.0,0.61,3.36,0.62,5.0,0.01,0.01,43.772157,1776250833000
1776250835.014,35.014,0.39,3.36,0.38,5.0,0.4,5.0,0.41,5.0,0.6,5.0,0.59,5.0,0.61,3.36,0.62,5.0,0.01,0.01,43.772565,1776250834000
1776250835.995,35.995,0.39,3.36,0.38,5.0,0.4,5.0,0.41,5.0,0.6,5.0,0.59,5.0,0.61,3.36,0.62,5.0,0.01,0.01,43.772483,1776250835000
1776250837.182,37.182,0.39,3.36,0.38,5.0,0.4,5.0,0.41,5.0,0.6,5.0,0.59,5.0,0.61,3.36,0.62,5.0,0.01,0.01,43.771574,1776250836000
1776250838.198,38.198,0.39,3.36,0.38,5.0,0.4,5.0,0.41,5.0,0.6,5.0,0.59,5.0,0.61,3.36,0.62,5.0,0.01,0.01,43.770807,1776250837000
1776250839.267,39.267,0.39,3.36,0.38,5.0,0.4,5.0,0.41,5.0,0.6,5.0,0.59,5.0,0.61,3.36,0.62,5.0,0.01,0.01,43.770707,1776250838000
1776250840.399,40.399,0.39,3.36,0.38,5.0,0.4,5.0,0.41,5.0,0.6,5.0,0.59,5.0,0.61,3.36,0.62,5.0,0.01,0.01,43.770628,1776250839000
1776250841.352,41.352,0.39,3.36,0.38,5.0,0.4,5.0,0.41,5.0,0.6,5.0,0.59,5.0,0.61,3.36,0.62,5.0,0.01,0.01,43.770646,1776250840000
1776250841.865,41.865,0.39,3.36,0.38,5.0,0.4,5.0,0.41,5.0,0.6,5.0,0.59,5.0,0.61,3.36,0.62,5.0,0.01,0.01,43.770284,1776250841000
1776250842.912,42.912,0.39,3.36,0.38,5.0,0.4,5.0,0.41,5.0,0.6,5.0,0.59,5.0,0.61,3.36,0.62,5.0,0.01,0.01,43.764195,1776250842000
1776250843.997,43.997,0.39,3.36,0.38,5.0,0.4,5.0,0.41,5.0,0.6,5.0,0.59,5.0,0.61,3.36,0.62,5.0,0.01,0.01,43.759701,1776250843000
1776250845.005,45.005,0.39,3.36,0.38,5.0,0.4,5.0,0.41,5.0,0.6,5.0,0.59,5.0,0.61,3.36,0.62,5.0,0.01,0.01,43.75548,1776250844000
1776250846.489,46.489,0.39,3.36,0.38,5.0,0.4,5.0,0.41,5.0,0.6,5.0,0.59,5.0,0.61,3.36,0.62,5.0,0.01,0.01,43.757976,1776250845000
1776250846.984,46.984,0.39,3.36,0.38,5.0,0.4,5.0,0.41,5.0,0.6,5.0,0.59,5.0,0.61,3.36,0.62,5.0,0.01,0.01,43.758961,1776250846000
1776250848.093,48.093,0.39,3.36,0.38,5.0,0.4,5.0,0.41,5.0,0.6,5.0,0.59,5.0,0.61,3.36,0.62,5.0,0.01,0.01,43.754707,1776250847000
1776250849.224,49.224,0.28,7.38,0.27,20.0,0.29,5.0,0.3,5.0,0.71,5.0,0.7,5.0,0.72,7.38,0.73,20.0,0.01,0.01,43.758067,1776250848000
1776250850.3,50.3,0.28,7.38,0.27,20.0,0.29,5.0,0.3,5.0,0.71,5.0,0.7,5.0,0.72,7.38,0.73,20.0,0.01,0.01,43.763186,1776250849000
1776250851.352,51.352,0.28,7.38,0.27,20.0,0.29,5.0,0.3,5.0,0.71,5.0,0.7,5.0,0.72,7.38,0.73,20.0,0.01,0.01,43.752427,1776250850000
1776250852.319,52.319,0.28,7.38,0.27,20.0,0.29,5.0,0.3,5.0,0.71,5.0,0.7,5.0,0.72,7.38,0.73,20.0,0.01,0.01,43.748688,1776250851000
1776250852.871,52.871,0.28,7.38,0.27,20.0,0.29,5.0,0.3,5.0,0.71,5.0,0.7,5.0,0.72,7.38,0.73,20.0,0.01,0.01,43.748721,1776250852000
1776250853.954,53.954,0.28,7.38,0.27,20.0,0.29,5.0,0.3,5.0,0.71,5.0,0.7,5.0,0.72,7.38,0.73,20.0,0.01,0.01,43.747806,1776250853000
1776250855.007,55.007,0.28,7.38,0.27,20.0,0.29,5.0,0.3,5.0,0.71,5.0,0.7,5.0,0.72,7.38,0.73,20.0,0.01,0.01,43.747858,1776250854000
1776250855.998,55.998,0.28,7.38,0.27,20.0,0.29,5.0,0.3,5.0,0.71,5.0,0.7,5.0,0.72,7.38,0.73,20.0,0.01,0.01,43.748701,1776250855000
1776250856.329,56.329,0.24,6.99,0.23,15.0,0.25,5.0,0.26,5.0,0.71,5.0,0.7,5.0,0.72,7.38,0.73,20.0,0.01,0.01,43.748701,1776250855000
1776250857.159,57.159,0.24,6.99,0.23,15.0,0.25,5.0,0.26,5.0,0.75,5.0,0.74,5.0,0.76,6.99,0.77,15.0,0.01,0.01,43.749868,1776250856000
1776250858.221,58.221,0.24,6.99,0.23,15.0,0.25,5.0,0.26,5.0,0.75,5.0,0.74,5.0,0.76,6.99,0.77,15.0,0.01,0.01,43.749914,1776250857000
1776250859.329,59.329,0.24,6.99,0.23,15.0,0.25,5.0,0.26,5.0,0.75,5.0,0.74,5.0,0.76,6.99,0.77,15.0,0.01,0.01,43.749413,1776250858000
1776250860.466,60.466,0.24,0.39,0.23,20.0,0.25,5.0,0.26,5.0,0.75,5.0,0.74,5.0,0.76,0.39,0.77,20.0,0.01,0.01,43.750273,1776250859000
1776250861.428,61.428,0.24,0.39,0.23,20.0,0.25,5.0,0.26,5.0,0.75,5.0,0.74,5.0,0.76,0.39,0.77,20.0,0.01,0.01,43.751094,1776250860000
1776250862.858,62.858,0.24,0.39,0.23,20.0,0.25,5.0,0.26,5.0,0.75,5.0,0.74,5.0,0.76,0.39,0.77,20.0,0.01,0.01,43.751524,1776250861000
1776250863.452,63.452,0.24,0.39,0.23,20.0,0.25,5.0,0.26,5.0,0.75,5.0,0.74,5.0,0.76,0.39,0.77,20.0,0.01,0.01,43.751526,1776250862000
1776250864.196,64.196,0.24,0.39,0.23,20.0,0.25,5.0,0.26,5.0,0.75,5.0,0.74,5.0,0.76,0.39,0.77,20.0,0.01,0.01,43.751526,1776250863000
1776250865.409,65.409,0.24,0.39,0.23,20.0,0.25,5.0,0.26,5.0,0.75,5.0,0.74,5.0,0.76,0.39,0.77,20.0,0.01,0.01,43.750493,1776250864000
1776250866.062,66.062,0.24,0.39,0.23,20.0,0.25,5.0,0.26,5.0,0.75,5.0,0.74,5.0,0.76,0.39,0.77,20.0,0.01,0.01,43.749087,1776250865000
1776250867.395,67.395,0.24,0.39,0.23,20.0,0.25,5.0,0.26,5.0,0.75,5.0,0.74,5.0,0.76,0.39,0.77,20.0,0.01,0.01,43.745448,1776250866000
1776250868.128,68.128,0.24,0.39,0.23,20.0,0.25,5.0,0.26,5.0,0.75,5.0,0.74,5.0,0.76,0.39,0.77,20.0,0.01,0.01,43.739227,1776250867000
1776250868.564,68.564,0.22,15.0,0.21,20.0,0.25,5.0,0.26,5.0,0.75,5.0,0.74,5.0,0.76,0.39,0.77,20.0,0.03,0.01,43.739227,1776250867000
1776250869.577,69.577,0.22,15.0,0.21,20.0,0.25,5.0,0.26,5.0,0.75,5.0,0.74,5.0,0.78,15.0,0.79,20.0,0.03,0.03,43.741019,1776250868000
1776250870.209,70.209,0.22,15.0,0.21,20.0,0.25,5.0,0.26,5.0,0.75,5.0,0.74,5.0,0.78,15.0,0.79,20.0,0.03,0.03,43.751419,1776250869000
1776250871.736,71.736,0.22,15.0,0.21,20.0,0.25,5.0,0.26,5.0,0.75,5.0,0.74,5.0,0.78,15.0,0.79,20.0,0.03,0.03,43.755198,1776250870000
1776250872.332,72.332,0.22,15.0,0.21,20.0,0.25,5.0,0.26,5.0,0.75,5.0,0.74,5.0,0.78,15.0,0.79,20.0,0.03,0.03,43.756878,1776250871000
1776250873.001,73.001,0.22,15.0,0.21,20.0,0.25,5.0,0.26,5.0,0.75,5.0,0.74,5.0,0.78,15.0,0.79,20.0,0.03,0.03,43.756792,1776250872000
1776250874.366,74.366,0.22,15.0,0.21,20.0,0.25,5.0,0.26,5.0,0.75,5.0,0.74,5.0,0.78,15.0,0.79,20.0,0.03,0.03,43.758368,1776250873000
1776250875.187,75.187,0.22,15.0,0.21,20.0,0.25,5.0,0.26,5.0,0.75,5.0,0.74,5.0,0.78,15.0,0.79,20.0,0.03,0.03,43.758368,1776250874000
1776250876.488,76.488,0.22,15.0,0.21,20.0,0.25,5.0,0.26,5.0,0.75,5.0,0.74,5.0,0.78,15.0,0.79,20.0,0.03,0.03,43.758634,1776250875000
1776250877.233,77.233,0.22,15.0,0.21,20.0,0.25,5.0,0.26,5.0,0.75,5.0,0.74,5.0,0.78,15.0,0.79,20.0,0.03,0.03,43.760082,1776250876000
1776250878.491,78.491,0.22,15.0,0.21,20.0,0.25,5.0,0.26,5.0,0.75,5.0,0.74,5.0,0.78,15.0,0.79,20.0,0.03,0.03,43.76333,1776250877000
1776250879.097,79.097,0.22,15.0,0.21,20.0,0.25,5.0,0.26,5.0,0.75,5.0,0.74,5.0,0.78,15.0,0.79,20.0,0.03,0.03,43.763233,1776250878000
1776250880.048,80.048,0.22,15.0,0.21,20.0,0.25,5.0,0.26,5.0,0.75,5.0,0.74,5.0,0.78,15.0,0.79,20.0,0.03,0.03,43.764203,1776250879000
1776250881.162,81.162,0.22,15.0,0.21,20.0,0.25,5.0,0.26,5.0,0.75,5.0,0.74,5.0,0.78,15.0,0.79,20.0,0.03,0.03,43.764128,1776250880000
1776250882.205,82.205,0.22,15.0,0.21,20.0,0.25,5.0,0.26,5.0,0.75,5.0,0.74,5.0,0.78,15.0,0.79,20.0,0.03,0.03,43.764101,1776250881000
1776250883.351,83.351,0.22,15.0,0.21,20.0,0.25,5.0,0.26,5.0,0.75,5.0,0.74,5.0,0.78,15.0,0.79,20.0,0.03,0.03,43.768678,1776250882000
1776250884.324,84.324,0.22,15.0,0.21,20.0,0.25,5.0,0.26,5.0,0.75,5.0,0.74,5.0,0.78,15.0,0.79,20.0,0.03,0.03,43.768678,1776250883000
1776250884.919,84.919,0.22,15.0,0.21,20.0,0.25,5.0,0.26,5.0,0.75,5.0,0.74,5.0,0.78,15.0,0.79,20.0,0.03,0.03,43.768878,1776250884000
1776250886.177,86.177,0.22,15.0,0.21,20.0,0.25,5.0,0.26,5.0,0.75,5.0,0.74,5.0,0.78,15.0,0.79,20.0,0.03,0.03,43.768925,1776250885000
1776250887.194,87.194,0.22,15.0,0.21,20.0,0.25,5.0,0.26,5.0,0.75,5.0,0.74,5.0,0.78,15.0,0.79,20.0,0.03,0.03,43.768925,1776250886000
1776250888.236,88.236,0.22,15.0,0.21,20.0,0.25,5.0,0.26,5.0,0.75,5.0,0.74,5.0,0.78,15.0,0.79,20.0,0.03,0.03,43.769154,1776250887000
1776250889.174,89.174,0.22,15.0,0.21,20.0,0.25,5.0,0.26,5.0,0.75,5.0,0.74,5.0,0.78,15.0,0.79,20.0,0.03,0.03,43.768925,1776250888000
1776250890.213,90.213,0.22,15.0,0.21,20.0,0.25,5.0,0.26,5.0,0.75,5.0,0.74,5.0,0.78,15.0,0.79,20.0,0.03,0.03,43.76911,1776250889000
1776250891.403,91.403,0.22,15.0,0.21,20.0,0.25,5.0,0.26,5.0,0.75,5.0,0.74,5.0,0.78,15.0,0.79,20.0,0.03,0.03,43.769113,1776250890000
1776250892.503,92.503,0.22,15.0,0.21,20.0,0.25,5.0,0.26,5.0,0.75,5.0,0.74,5.0,0.78,15.0,0.79,20.0,0.03,0.03,43.769014,1776250891000
1776250893.565,93.565,0.22,15.0,0.21,20.0,0.25,5.0,0.26,5.0,0.75,5.0,0.74,5.0,0.78,15.0,0.79,20.0,0.03,0.03,43.768948,1776250892000
1776250894.38,94.38,0.22,15.0,0.21,20.0,0.25,5.0,0.26,5.0,0.75,5.0,0.74,5.0,0.78,15.0,0.79,20.0,0.03,0.03,43.769142,1776250893000
1776250895.409,95.409,0.22,15.0,0.21,20.0,0.25,5.0,0.26,5.0,0.75,5.0,0.74,5.0,0.78,15.0,0.79,20.0,0.03,0.03,43.772249,1776250894000
1776250896.025,96.025,0.22,15.0,0.21,20.0,0.25,5.0,0.26,5.0,0.75,5.0,0.74,5.0,0.78,15.0,0.79,20.0,0.03,0.03,43.77252,1776250895000
1776250897.494,97.494,0.22,15.0,0.21,20.0,0.25,5.0,0.26,5.0,0.75,5.0,0.74,5.0,0.78,15.0,0.79,20.0,0.03,0.03,43.772517,1776250896000
1776250898.182,98.182,0.22,15.0,0.21,20.0,0.25,5.0,0.26,5.0,0.75,5.0,0.74,5.0,0.78,15.0,0.79,20.0,0.03,0.03,43.77301,1776250897000
1776250899.663,99.663,0.22,15.0,0.21,20.0,0.25,5.0,0.26,5.0,0.75,5.0,0.74,5.0,0.78,15.0,0.79,20.0,0.03,0.03,43.768881,1776250898000
1776250900.473,100.473,0.22,15.0,0.21,20.0,0.25,5.0,0.26,5.0,0.75,5.0,0.74,5.0,0.78,15.0,0.79,20.0,0.03,0.03,43.769472,1776250899000
1776250901.168,101.168,0.22,15.0,0.21,20.0,0.25,5.0,0.26,5.0,0.75,5.0,0.74,5.0,0.78,15.0,0.79,20.0,0.03,0.03,43.769472,1776250900000
1776250902.626,102.626,0.22,15.0,0.21,20.0,0.25,5.0,0.26,5.0,0.75,5.0,0.74,5.0,0.78,15.0,0.79,20.0,0.03,0.03,43.771098,1776250901000
1776250903.422,103.422,0.22,15.0,0.21,20.0,0.25,5.0,0.26,5.0,0.75,5.0,0.74,5.0,0.78,15.0,0.79,20.0,0.03,0.03,43.771076,1776250902000
1776250904.871,104.871,0.22,15.0,0.21,20.0,0.25,5.0,0.26,5.0,0.75,5.0,0.74,5.0,0.78,15.0,0.79,20.0,0.03,0.03,43.770264,1776250903000
1776250905.637,105.637,0.22,15.0,0.21,20.0,0.25,5.0,0.26,5.0,0.75,5.0,0.74,5.0,0.78,15.0,0.79,20.0,0.03,0.03,43.769145,1776250904000
1776250906.274,106.274,0.22,15.0,0.21,20.0,0.25,5.0,0.26,5.0,0.75,5.0,0.74,5.0,0.78,15.0,0.79,20.0,0.03,0.03,43.768494,1776250905000
1776250907.82,107.82,0.22,15.0,0.21,20.0,0.25,5.0,0.26,5.0,0.75,5.0,0.74,5.0,0.78,15.0,0.79,20.0,0.03,0.03,43.769067,1776250906000
1776250908.614,108.614,0.22,15.0,0.21,20.0,0.25,5.0,0.26,5.0,0.75,5.0,0.74,5.0,0.78,15.0,0.79,20.0,0.03,0.03,43.768341,1776250907000
1776250909.552,109.552,0.22,15.0,0.21,20.0,0.25,5.0,0.26,5.0,0.75,5.0,0.74,5.0,0.78,15.0,0.79,20.0,0.03,0.03,43.768769,1776250908000
1776250910.094,110.094,0.22,15.0,0.21,20.0,0.25,5.0,0.26,5.0,0.75,5.0,0.74,5.0,0.78,15.0,0.79,20.0,0.03,0.03,43.768769,1776250909000
1776250912.129,112.129,0.22,15.0,0.21,20.0,0.25,5.0,0.26,5.0,0.75,5.0,0.74,5.0,0.78,15.0,0.79,20.0,0.03,0.03,43.769126,1776250911000
1776250913.322,113.322,0.35,10.0,0.34,10.0,0.37,6.0,0.38,5.0,0.63,6.0,0.62,5.0,0.65,10.0,0.66,10.0,0.02,0.02,43.769083,1776250912000
1776250913.815,113.815,0.36,36.0,0.35,5.0,0.5,5.0,0.51,5.0,0.63,6.0,0.62,5.0,0.65,10.0,0.66,10.0,0.14,0.02,43.769083,1776250912000
1776250914.618,114.618,0.36,36.0,0.35,5.0,0.5,5.0,0.51,5.0,0.5,5.0,0.49,5.0,0.64,36.0,0.65,5.0,0.14,0.14,43.7743,1776250913000
1776250915.82,115.82,0.36,36.0,0.35,5.0,0.5,5.0,0.51,5.0,0.5,5.0,0.49,5.0,0.64,36.0,0.65,5.0,0.14,0.14,43.791563,1776250914000
1776250916.081,116.081,0.52,5.0,0.51,5.0,0.53,5.0,0.54,5.0,0.47,5.0,0.46,5.0,0.48,5.0,0.49,5.0,0.01,0.01,43.796117,1776250915000
1776250917.105,117.105,0.52,5.0,0.51,5.0,0.53,5.0,0.54,5.0,0.47,5.0,0.46,5.0,0.48,5.0,0.49,5.0,0.01,0.01,43.801097,1776250916000
1776250918.3,118.3,0.52,5.0,0.51,5.0,0.53,5.0,0.54,5.0,0.47,5.0,0.46,5.0,0.48,5.0,0.49,5.0,0.01,0.01,43.80226,1776250917000
1776250919.488,119.488,0.64,5.0,0.62,5.0,0.65,5.0,0.66,5.0,0.35,5.0,0.34,5.0,0.36,5.0,0.38,5.0,0.01,0.01,43.812942,1776250918000
1776250920.022,120.022,0.64,5.0,0.62,5.0,0.65,5.0,0.66,5.0,0.35,5.0,0.34,5.0,0.36,5.0,0.38,5.0,0.01,0.01,43.814833,1776250919000
1776250920.751,120.751,0.58,5.0,0.57,5.0,0.61,5.0,0.62,5.0,0.35,5.0,0.34,5.0,0.36,5.0,0.38,5.0,0.03,0.01,43.814833,1776250919000
1776250921.029,121.029,0.58,5.0,0.57,5.0,0.61,5.0,0.62,5.0,0.39,5.0,0.38,5.0,0.42,5.0,0.43,5.0,0.03,0.03,43.819572,1776250920000
1776250922.258,122.258,0.58,5.0,0.57,5.0,0.61,5.0,0.62,5.0,0.39,5.0,0.38,5.0,0.42,5.0,0.43,5.0,0.03,0.03,43.819878,1776250921000
1776250923.38,123.38,0.58,5.0,0.57,5.0,0.61,5.0,0.62,5.0,0.39,5.0,0.38,5.0,0.42,5.0,0.43,5.0,0.03,0.03,43.819932,1776250922000
1776250924.015,124.015,0.58,5.0,0.57,5.0,0.61,5.0,0.62,5.0,0.39,5.0,0.38,5.0,0.42,5.0,0.43,5.0,0.03,0.03,43.819932,1776250923000
1776250925.081,125.081,0.58,5.0,0.57,5.0,0.61,5.0,0.62,5.0,0.39,5.0,0.38,5.0,0.42,5.0,0.43,5.0,0.03,0.03,43.815269,1776250924000
1776250926.679,126.679,0.58,5.0,0.57,5.0,0.61,5.0,0.62,5.0,0.39,5.0,0.38,5.0,0.42,5.0,0.43,5.0,0.03,0.03,43.815513,1776250925000
1776250927.337,127.337,0.58,5.0,0.57,5.0,0.61,5.0,0.62,5.0,0.39,5.0,0.38,5.0,0.42,5.0,0.43,5.0,0.03,0.03,43.814927,1776250926000
1776250927.921,127.921,0.58,5.0,0.57,5.0,0.61,5.0,0.62,5.0,0.39,5.0,0.38,5.0,0.42,5.0,0.43,5.0,0.03,0.03,43.814927,1776250927000
1776250928.898,128.898,0.58,5.0,0.57,5.0,0.61,5.0,0.62,5.0,0.39,5.0,0.38,5.0,0.42,5.0,0.43,5.0,0.03,0.03,43.814931,1776250928000
1776250929.911,129.911,0.58,5.0,0.57,5.0,0.61,5.0,0.62,5.0,0.39,5.0,0.38,5.0,0.42,5.0,0.43,5.0,0.03,0.03,43.814388,1776250929000
1776250931.326,131.326,0.58,5.0,0.57,5.0,0.61,5.0,0.62,5.0,0.39,5.0,0.38,5.0,0.42,5.0,0.43,5.0,0.03,0.03,43.814783,1776250930000
1776250932.357,132.357,0.58,5.0,0.57,5.0,0.61,5.0,0.62,5.0,0.39,5.0,0.38,5.0,0.42,5.0,0.43,5.0,0.03,0.03,43.81812,1776250931000
1776250932.863,132.863,0.58,5.0,0.57,5.0,0.61,5.0,0.62,5.0,0.39,5.0,0.38,5.0,0.42,5.0,0.43,5.0,0.03,0.03,43.820855,1776250932000
1776250933.253,133.253,0.56,5.0,0.55,5.0,0.59,5.0,0.6,5.0,0.39,5.0,0.38,5.0,0.42,5.0,0.43,5.0,0.03,0.03,43.820855,1776250932000
1776250933.913,133.913,0.56,5.0,0.55,5.0,0.59,5.0,0.6,5.0,0.41,5.0,0.4,5.0,0.44,5.0,0.45,5.0,0.03,0.03,43.820855,1776250933000
1776250934.914,134.914,0.56,5.0,0.55,5.0,0.59,5.0,0.6,5.0,0.41,5.0,0.4,5.0,0.44,5.0,0.45,5.0,0.03,0.03,43.819633,1776250934000
1776250935.125,135.125,0.59,5.0,0.58,5.0,0.62,5.0,0.63,5.0,0.41,5.0,0.4,5.0,0.44,5.0,0.45,5.0,0.03,0.03,43.819633,1776250934000
1776250935.908,135.908,0.59,5.0,0.58,5.0,0.62,5.0,0.63,5.0,0.38,5.0,0.37,5.0,0.41,5.0,0.42,5.0,0.03,0.03,43.819708,1776250935000
1776250936.489,136.489,0.6,5.0,0.59,5.0,0.62,5.0,0.63,5.0,0.38,5.0,0.37,5.0,0.41,5.0,0.42,5.0,0.02,0.03,43.819708,1776250935000
1776250936.969,136.969,0.6,5.0,0.59,5.0,0.62,5.0,0.63,5.0,0.38,5.0,0.37,5.0,0.4,5.0,0.41,5.0,0.02,0.02,43.819863,1776250936000
1776250938.076,138.076,0.6,5.0,0.59,5.0,0.62,5.0,0.63,5.0,0.38,5.0,0.37,5.0,0.4,5.0,0.41,5.0,0.02,0.02,43.819863,1776250937000
1776250938.285,138.285,0.54,5.0,0.53,5.0,0.57,5.0,0.58,5.0,0.38,5.0,0.37,5.0,0.4,5.0,0.41,5.0,0.03,0.02,43.819863,1776250937000
1776250939.119,139.119,0.54,5.0,0.53,5.0,0.57,5.0,0.58,5.0,0.43,5.0,0.42,5.0,0.46,5.0,0.47,5.0,0.03,0.03,43.820591,1776250938000
1776250940.27,140.27,0.54,5.0,0.53,5.0,0.57,5.0,0.58,5.0,0.43,5.0,0.42,5.0,0.46,5.0,0.47,5.0,0.03,0.03,43.817735,1776250939000
1776250940.488,140.488,0.57,5.0,0.56,5.0,0.6,15.0,0.61,20.0,0.43,5.0,0.42,5.0,0.46,5.0,0.47,5.0,0.03,0.03,43.817735,1776250939000
1776250941.442,141.442,0.58,5.0,0.57,5.0,0.59,5.0,0.6,5.0,0.4,15.0,0.39,20.0,0.43,5.0,0.44,5.0,0.01,0.03,43.817735,1776250939000
1776250941.845,141.845,0.58,5.0,0.57,5.0,0.59,5.0,0.6,5.0,0.41,5.0,0.4,5.0,0.42,5.0,0.43,5.0,0.01,0.01,43.814026,1776250940000
1776250942.549,142.549,0.58,5.0,0.57,5.0,0.59,5.0,0.6,5.0,0.41,5.0,0.4,5.0,0.42,5.0,0.43,5.0,0.01,0.01,43.81176,1776250941000
1776250943.134,143.134,0.58,5.0,0.57,5.0,0.59,5.0,0.6,5.0,0.41,5.0,0.4,5.0,0.42,5.0,0.43,5.0,0.01,0.01,43.811243,1776250942000
1776250944.564,144.564,0.58,5.0,0.57,5.0,0.59,5.0,0.6,5.0,0.41,5.0,0.4,5.0,0.42,5.0,0.43,5.0,0.01,0.01,43.809287,1776250943000
1776250945.199,145.199,0.58,5.0,0.57,5.0,0.59,5.0,0.6,5.0,0.41,5.0,0.4,5.0,0.42,5.0,0.43,5.0,0.01,0.01,43.806693,1776250944000
1776250945.458,145.458,0.52,5.0,0.51,5.0,0.54,5.0,0.55,20.0,0.41,5.0,0.4,5.0,0.42,5.0,0.43,5.0,0.02,0.01,43.806693,1776250944000
1776250946.625,146.625,0.52,5.0,0.51,5.0,0.54,3.14,0.55,20.0,0.46,3.14,0.45,20.0,0.48,5.0,0.49,5.0,0.02,0.02,43.804101,1776250945000
1776250947.319,147.319,0.52,5.0,0.51,5.0,0.54,3.14,0.55,20.0,0.46,3.14,0.45,20.0,0.48,5.0,0.49,5.0,0.02,0.02,43.804101,1776250946000
1776250948.051,148.051,0.52,5.0,0.51,5.0,0.54,3.14,0.55,20.0,0.46,3.14,0.45,20.0,0.48,5.0,0.49,5.0,0.02,0.02,43.804101,1776250947000
1776250949.377,149.377,0.52,5.0,0.51,5.0,0.54,3.14,0.55,20.0,0.46,3.14,0.45,20.0,0.48,5.0,0.49,5.0,0.02,0.02,43.803932,1776250948000
1776250950.028,150.028,0.52,5.0,0.51,5.0,0.54,3.14,0.55,20.0,0.46,3.14,0.45,20.0,0.48,5.0,0.49,5.0,0.02,0.02,43.803932,1776250949000
1776250951.424,151.424,0.52,5.0,0.51,5.0,0.54,3.14,0.55,20.0,0.46,3.14,0.45,20.0,0.48,5.0,0.49,5.0,0.02,0.02,43.803883,1776250950000
1776250952.086,152.086,0.52,5.0,0.51,5.0,0.54,3.14,0.55,20.0,0.46,3.14,0.45,20.0,0.48,5.0,0.49,5.0,0.02,0.02,43.802787,1776250951000
1776250953.759,153.759,0.52,5.0,0.51,5.0,0.54,3.14,0.55,20.0,0.46,3.14,0.45,20.0,0.48,5.0,0.49,5.0,0.02,0.02,43.802576,1776250952000
1776250954.409,154.409,0.52,5.0,0.51,5.0,0.54,3.14,0.55,20.0,0.46,3.14,0.45,20.0,0.48,5.0,0.49,5.0,0.02,0.02,43.802576,1776250953000
1776250955.102,155.102,0.52,5.0,0.51,5.0,0.54,3.14,0.55,20.0,0.46,3.14,0.45,20.0,0.48,5.0,0.49,5.0,0.02,0.02,43.803094,1776250954000
1776250956.465,156.465,0.52,5.0,0.51,5.0,0.54,3.14,0.55,20.0,0.46,3.14,0.45,20.0,0.48,5.0,0.49,5.0,0.02,0.02,43.802812,1776250955000
1776250957.108,157.108,0.52,5.0,0.51,5.0,0.54,3.14,0.55,20.0,0.46,3.14,0.45,20.0,0.48,5.0,0.49,5.0,0.02,0.02,43.802821,1776250956000
1776250958.233,158.233,0.52,5.0,0.51,5.0,0.54,3.14,0.55,20.0,0.46,3.14,0.45,20.0,0.48,5.0,0.49,5.0,0.02,0.02,43.80282,1776250957000
1776250959.226,159.226,0.52,5.0,0.51,5.0,0.54,3.14,0.55,20.0,0.46,3.14,0.45,20.0,0.48,5.0,0.49,5.0,0.02,0.02,43.801504,1776250958000
1776250960.21,160.21,0.52,5.0,0.51,5.0,0.54,3.14,0.55,20.0,0.46,3.14,0.45,20.0,0.48,5.0,0.49,5.0,0.02,0.02,43.801642,1776250959000
1776250961.056,161.056,0.66,5.0,0.65,5.0,0.68,3.41,0.69,20.0,0.46,3.14,0.45,20.0,0.48,5.0,0.49,5.0,0.02,0.02,43.801642,1776250959000
1776250961.277,161.277,0.66,5.0,0.65,5.0,0.68,3.41,0.69,20.0,0.32,3.41,0.31,20.0,0.34,5.0,0.35,5.0,0.02,0.02,43.802214,1776250960000
1776250962.15,162.15,0.66,5.0,0.65,5.0,0.68,3.41,0.69,20.0,0.32,3.41,0.31,20.0,0.34,5.0,0.35,5.0,0.02,0.02,43.804141,1776250961000
1776250963.175,163.175,0.66,5.0,0.65,5.0,0.68,3.41,0.69,20.0,0.32,3.41,0.31,20.0,0.34,5.0,0.35,5.0,0.02,0.02,43.805796,1776250962000
1776250964.151,164.151,0.66,5.0,0.65,5.0,0.68,3.41,0.69,20.0,0.32,3.41,0.31,20.0,0.34,5.0,0.35,5.0,0.02,0.02,43.80517,1776250963000
1776250965.227,165.227,0.66,5.0,0.65,5.0,0.68,3.41,0.69,20.0,0.32,3.41,0.31,20.0,0.34,5.0,0.35,5.0,0.02,0.02,43.804046,1776250964000
1776250966.273,166.273,0.66,5.0,0.65,5.0,0.68,3.41,0.69,20.0,0.32,3.41,0.31,20.0,0.34,5.0,0.35,5.0,0.02,0.02,43.804095,1776250965000
1776250967.26,167.26,0.66,5.0,0.65,5.0,0.68,3.41,0.69,20.0,0.32,3.41,0.31,20.0,0.34,5.0,0.35,5.0,0.02,0.02,43.804284,1776250966000
1776250968.3,168.3,0.66,5.0,0.65,5.0,0.68,3.41,0.69,20.0,0.32,3.41,0.31,20.0,0.34,5.0,0.35,5.0,0.02,0.02,43.803993,1776250967000
1776250969.354,169.354,0.66,5.0,0.65,5.0,0.68,3.41,0.69,20.0,0.32,3.41,0.31,20.0,0.34,5.0,0.35,5.0,0.02,0.02,43.803933,1776250968000
1776250970.403,170.403,0.66,5.0,0.65,5.0,0.68,3.41,0.69,20.0,0.32,3.41,0.31,20.0,0.34,5.0,0.35,5.0,0.02,0.02,43.803933,1776250969000
1776250971.372,171.372,0.66,5.0,0.65,5.0,0.68,3.41,0.69,20.0,0.32,3.41,0.31,20.0,0.34,5.0,0.35,5.0,0.02,0.02,43.803684,1776250970000
1776250972.097,172.097,0.66,5.0,0.65,5.0,0.68,3.41,0.69,20.0,0.32,3.41,0.31,20.0,0.34,5.0,0.35,5.0,0.02,0.02,43.802909,1776250971000
1776250980.591,180.591,0.66,5.0,0.65,5.0,0.68,3.41,0.69,20.0,0.32,3.41,0.31,20.0,0.34,5.0,0.35,5.0,0.02,0.02,43.806207,1776250979000
1776250981.792,181.792,0.66,5.0,0.65,5.0,0.68,3.41,0.69,20.0,0.32,3.41,0.31,20.0,0.34,5.0,0.35,5.0,0.02,0.02,43.810232,1776250980000
1776250982.457,182.457,0.66,5.0,0.65,5.0,0.68,3.41,0.69,20.0,0.32,3.41,0.31,20.0,0.34,5.0,0.35,5.0,0.02,0.02,43.810232,1776250981000
1776250983.395,183.395,0.66,5.0,0.65,5.0,0.68,3.41,0.69,20.0,0.32,3.41,0.31,20.0,0.34,5.0,0.35,5.0,0.02,0.02,43.810562,1776250982000
1776250984.439,184.439,0.66,5.0,0.65,5.0,0.68,3.41,0.69,20.0,0.32,3.41,0.31,20.0,0.34,5.0,0.35,5.0,0.02,0.02,43.810562,1776250983000
1776250985.856,185.856,0.66,5.0,0.65,5.0,0.68,3.41,0.69,20.0,0.32,3.41,0.31,20.0,0.34,5.0,0.35,5.0,0.02,0.02,43.810725,1776250984000
1776250986.343,186.343,0.64,5.0,0.63,5.0,0.68,5.0,0.69,20.0,0.32,3.41,0.31,20.0,0.34,5.0,0.35,5.0,0.04,0.02,43.810725,1776250984000
1776250986.567,186.567,0.64,5.0,0.63,5.0,0.68,5.0,0.69,20.0,0.32,5.0,0.31,20.0,0.36,5.0,0.37,5.0,0.04,0.04,43.810725,1776250985000
1776250987.524,187.524,0.64,5.0,0.63,5.0,0.68,5.0,0.69,20.0,0.32,5.0,0.31,20.0,0.36,5.0,0.37,5.0,0.04,0.04,43.81047,1776250986000
1776250988.113,188.113,0.64,5.0,0.63,5.0,0.68,5.0,0.69,20.0,0.32,5.0,0.31,20.0,0.36,5.0,0.37,5.0,0.04,0.04,43.809522,1776250987000
1776250989.889,189.889,0.64,5.0,0.63,5.0,0.68,5.0,0.69,20.0,0.32,5.0,0.31,20.0,0.36,5.0,0.37,5.0,0.04,0.04,43.808883,1776250988000
1776250990.356,190.356,0.64,5.0,0.63,5.0,0.68,5.0,0.69,20.0,0.32,5.0,0.31,20.0,0.36,5.0,0.37,5.0,0.04,0.04,43.808867,1776250989000
1776250990.953,190.953,0.64,5.0,0.63,5.0,0.68,5.0,0.69,20.0,0.32,5.0,0.31,20.0,0.36,5.0,0.37,5.0,0.04,0.04,43.808879,1776250990000
1776250991.972,191.972,0.64,5.0,0.63,5.0,0.68,5.0,0.69,20.0,0.32,5.0,0.31,20.0,0.36,5.0,0.37,5.0,0.04,0.04,43.808971,1776250991000
1776250993.052,193.052,0.64,5.0,0.63,5.0,0.68,5.0,0.69,20.0,0.32,5.0,0.31,20.0,0.36,5.0,0.37,5.0,0.04,0.04,43.809757,1776250992000
1776250994.085,194.085,0.64,5.0,0.63,5.0,0.68,5.0,0.69,20.0,0.32,5.0,0.31,20.0,0.36,5.0,0.37,5.0,0.04,0.04,43.809479,1776250993000
1776250995.164,195.164,0.64,5.0,0.63,5.0,0.68,5.0,0.69,20.0,0.32,5.0,0.31,20.0,0.36,5.0,0.37,5.0,0.04,0.04,43.809686,1776250994000
1776250996.254,196.254,0.64,5.0,0.63,5.0,0.68,5.0,0.69,20.0,0.32,5.0,0.31,20.0,0.36,5.0,0.37,5.0,0.04,0.04,43.809368,1776250995000
1776250997.436,197.436,0.64,5.0,0.63,5.0,0.68,5.0,0.69,20.0,0.32,5.0,0.31,20.0,0.36,5.0,0.37,5.0,0.04,0.04,43.809368,1776250996000
1776250998.316,198.316,0.64,5.0,0.63,5.0,0.68,5.0,0.69,20.0,0.32,5.0,0.31,20.0,0.36,5.0,0.37,5.0,0.04,0.04,43.809502,1776250997000
1776250998.834,198.834,0.61,5.0,0.6,5.0,0.63,1.19,0.64,5.0,0.32,5.0,0.31,20.0,0.36,5.0,0.37,5.0,0.02,0.04,43.809502,1776250997000
1776250999.386,199.386,0.61,5.0,0.6,5.0,0.63,1.19,0.64,5.0,0.37,1.19,0.36,5.0,0.39,5.0,0.4,5.0,0.02,0.02,43.809463,1776250998000
1776250999.94,199.94,0.61,5.0,0.6,5.0,0.63,1.19,0.64,5.0,0.37,1.19,0.36,5.0,0.39,5.0,0.4,5.0,0.02,0.02,43.809463,1776250999000
1776251000.996,200.996,0.61,5.0,0.6,5.0,0.63,1.19,0.64,5.0,0.37,1.19,0.36,5.0,0.39,5.0,0.4,5.0,0.02,0.02,43.810149,1776251000000
1776251002.033,202.033,0.61,5.0,0.6,5.0,0.63,1.19,0.64,5.0,0.37,1.19,0.36,5.0,0.39,5.0,0.4,5.0,0.02,0.02,43.8104,1776251001000
1776251002.329,202.329,0.65,5.0,0.64,5.0,0.68,26.0,0.69,20.0,0.37,1.19,0.36,5.0,0.39,5.0,0.4,5.0,0.03,0.02,43.8104,1776251001000
1776251003.488,203.488,0.65,5.0,0.64,5.0,0.68,26.0,0.69,20.0,0.32,26.0,0.31,20.0,0.35,5.0,0.36,5.0,0.03,0.03,43.81066,1776251002000
1776251003.989,203.989,0.65,5.0,0.64,5.0,0.68,26.0,0.69,20.0,0.32,26.0,0.31,20.0,0.35,5.0,0.36,5.0,0.03,0.03,43.81066,1776251003000
1776251004.963,204.963,0.65,5.0,0.64,5.0,0.68,26.0,0.69,20.0,0.32,26.0,0.31,20.0,0.35,5.0,0.36,5.0,0.03,0.03,43.81085,1776251004000
1776251005.964,205.964,0.65,5.0,0.64,5.0,0.68,26.0,0.69,20.0,0.32,26.0,0.31,20.0,0.35,5.0,0.36,5.0,0.03,0.03,43.81085,1776251005000
1776251006.901,206.901,0.65,5.0,0.64,5.0,0.68,26.0,0.69,20.0,0.32,26.0,0.31,20.0,0.35,5.0,0.36,5.0,0.03,0.03,43.811198,1776251006000
1776251007.834,207.834,0.65,5.0,0.64,5.0,0.68,26.0,0.69,20.0,0.32,26.0,0.31,20.0,0.35,5.0,0.36,5.0,0.03,0.03,43.816204,1776251007000
1776251008.204,208.204,0.85,4.0,0.84,5.0,0.87,21.0,0.88,15.0,0.32,26.0,0.31,20.0,0.35,5.0,0.36,5.0,0.02,0.03,43.816204,1776251007000
1776251009.352,209.352,0.85,4.0,0.84,5.0,0.87,21.0,0.88,15.0,0.13,21.0,0.12,15.0,0.15,4.0,0.16,5.0,0.02,0.02,43.825876,1776251008000
1776251010.304,210.304,0.85,4.0,0.84,5.0,0.87,21.0,0.88,15.0,0.13,21.0,0.12,15.0,0.15,4.0,0.16,5.0,0.02,0.02,43.829233,1776251009000
1776251011.349,211.349,0.85,4.0,0.84,5.0,0.87,21.0,0.88,15.0,0.13,21.0,0.12,15.0,0.15,4.0,0.16,5.0,0.02,0.02,43.831048,1776251010000
1776251012.217,212.217,0.85,4.0,0.84,5.0,0.87,21.0,0.88,15.0,0.13,21.0,0.12,15.0,0.15,4.0,0.16,5.0,0.02,0.02,43.835011,1776251011000
1776251013.207,213.207,0.85,4.0,0.84,5.0,0.87,21.0,0.88,15.0,0.13,21.0,0.12,15.0,0.15,4.0,0.16,5.0,0.02,0.02,43.837641,1776251012000
1776251014.159,214.159,0.85,4.0,0.84,5.0,0.87,21.0,0.88,15.0,0.13,21.0,0.12,15.0,0.15,4.0,0.16,5.0,0.02,0.02,43.841977,1776251013000
1776251015.226,215.226,0.85,4.0,0.84,5.0,0.87,21.0,0.88,15.0,0.13,21.0,0.12,15.0,0.15,4.0,0.16,5.0,0.02,0.02,43.846438,1776251014000
1776251016.179,216.179,0.85,4.0,0.84,5.0,0.87,21.0,0.88,15.0,0.13,21.0,0.12,15.0,0.15,4.0,0.16,5.0,0.02,0.02,43.850294,1776251015000
1776251017.315,217.315,0.85,4.0,0.84,5.0,0.87,21.0,0.88,15.0,0.13,21.0,0.12,15.0,0.15,4.0,0.16,5.0,0.02,0.02,43.850735,1776251016000
1776251018.407,218.407,0.85,4.0,0.84,5.0,0.87,21.0,0.88,15.0,0.13,21.0,0.12,15.0,0.15,4.0,0.16,5.0,0.02,0.02,43.850912,1776251017000
1776251019.423,219.423,0.85,4.0,0.84,5.0,0.87,21.0,0.88,15.0,0.13,21.0,0.12,15.0,0.15,4.0,0.16,5.0,0.02,0.02,43.849796,1776251018000
1776251019.926,219.926,0.85,4.0,0.84,5.0,0.87,21.0,0.88,15.0,0.13,21.0,0.12,15.0,0.15,4.0,0.16,5.0,0.02,0.02,43.849687,1776251019000
1776251020.931,220.931,0.85,4.0,0.84,5.0,0.87,21.0,0.88,15.0,0.13,21.0,0.12,15.0,0.15,4.0,0.16,5.0,0.02,0.02,43.849348,1776251020000
1776251022.102,222.102,0.85,4.0,0.84,5.0,0.87,21.0,0.88,15.0,0.13,21.0,0.12,15.0,0.15,4.0,0.16,5.0,0.02,0.02,43.849256,1776251021000
1776251023.107,223.107,0.85,4.0,0.84,5.0,0.87,21.0,0.88,15.0,0.13,21.0,0.12,15.0,0.15,4.0,0.16,5.0,0.02,0.02,43.843781,1776251022000
1776251024.221,224.221,0.85,4.0,0.84,5.0,0.87,21.0,0.88,15.0,0.13,21.0,0.12,15.0,0.15,4.0,0.16,5.0,0.02,0.02,43.84009,1776251023000
1776251025.152,225.152,0.85,4.0,0.84,5.0,0.87,21.0,0.88,15.0,0.13,21.0,0.12,15.0,0.15,4.0,0.16,5.0,0.02,0.02,43.834544,1776251024000
1776251026.211,226.211,0.85,4.0,0.84,5.0,0.87,21.0,0.88,15.0,0.13,21.0,0.12,15.0,0.15,4.0,0.16,5.0,0.02,0.02,43.83364,1776251025000
1776251027.41,227.41,0.85,4.0,0.84,5.0,0.87,21.0,0.88,15.0,0.13,21.0,0.12,15.0,0.15,4.0,0.16,5.0,0.02,0.02,43.831992,1776251026000
1776251028.364,228.364,0.85,4.0,0.84,5.0,0.87,21.0,0.88,15.0,0.13,21.0,0.12,15.0,0.15,4.0,0.16,5.0,0.02,0.02,43.831417,1776251027000
1776251028.933,228.933,0.85,4.0,0.84,5.0,0.87,21.0,0.88,15.0,0.13,21.0,0.12,15.0,0.15,4.0,0.16,5.0,0.02,0.02,43.831417,1776251028000
1776251030.413,230.413,0.85,4.0,0.84,5.0,0.87,21.0,0.88,15.0,0.13,21.0,0.12,15.0,0.15,4.0,0.16,5.0,0.02,0.02,43.831161,1776251029000
1776251030.875,230.875,0.85,4.0,0.84,5.0,0.87,21.0,0.88,15.0,0.13,21.0,0.12,15.0,0.15,4.0,0.16,5.0,0.02,0.02,43.831161,1776251030000
1776251031.917,231.917,0.85,4.0,0.84,5.0,0.87,21.0,0.88,15.0,0.13,21.0,0.12,15.0,0.15,4.0,0.16,5.0,0.02,0.02,43.830785,1776251031000
1776251032.869,232.869,0.85,4.0,0.84,5.0,0.87,21.0,0.88,15.0,0.13,21.0,0.12,15.0,0.15,4.0,0.16,5.0,0.02,0.02,43.830557,1776251032000
1776251033.869,233.869,0.85,4.0,0.84,5.0,0.87,21.0,0.88,15.0,0.13,21.0,0.12,15.0,0.15,4.0,0.16,5.0,0.02,0.02,43.830321,1776251033000
1776251034.914,234.914,0.85,4.0,0.84,5.0,0.87,21.0,0.88,15.0,0.13,21.0,0.12,15.0,0.15,4.0,0.16,5.0,0.02,0.02,43.830235,1776251034000
1776251035.874,235.874,0.85,4.0,0.84,5.0,0.87,21.0,0.88,15.0,0.13,21.0,0.12,15.0,0.15,4.0,0.16,5.0,0.02,0.02,43.830289,1776251035000
1776251037.015,237.015,0.85,4.0,0.84,5.0,0.87,21.0,0.88,15.0,0.13,21.0,0.12,15.0,0.15,4.0,0.16,5.0,0.02,0.02,43.830192,1776251036000
1776251037.904,237.904,0.85,4.0,0.84,5.0,0.87,21.0,0.88,15.0,0.13,21.0,0.12,15.0,0.15,4.0,0.16,5.0,0.02,0.02,43.830001,1776251037000
1776251038.812,238.812,0.85,4.0,0.84,5.0,0.87,21.0,0.88,15.0,0.13,21.0,0.12,15.0,0.15,4.0,0.16,5.0,0.02,0.02,43.830001,1776251038000
1776251039.266,239.266,0.86,1.28,0.81,5.0,0.87,100.0,0.88,20.0,0.13,100.0,0.12,20.0,0.14,11.28,0.22,5.0,0.01,0.01,43.830001,1776251038000
1776251039.864,239.864,0.86,1.28,0.81,5.0,0.87,100.0,0.88,20.0,0.13,100.0,0.12,20.0,0.14,1.28,0.19,5.0,0.01,0.01,43.829895,1776251039000
1776251040.532,240.532,0.86,1.28,0.85,5.0,0.87,98.85,0.88,20.0,0.13,100.0,0.12,20.0,0.14,1.28,0.19,5.0,0.01,0.01,43.829895,1776251039000
1776251041.365,241.365,0.86,1.28,0.85,5.0,0.87,98.85,0.88,20.0,0.13,98.85,0.12,20.0,0.14,1.28,0.15,5.0,0.01,0.01,43.829514,1776251040000
1776251042.725,242.725,0.86,1.28,0.85,5.0,0.87,98.85,0.88,20.0,0.13,98.85,0.12,20.0,0.14,1.28,0.15,5.0,0.01,0.01,43.82317,1776251041000
1776251043.379,243.379,0.86,1.28,0.85,5.0,0.87,98.85,0.88,20.0,0.13,98.85,0.12,20.0,0.14,1.28,0.15,5.0,0.01,0.01,43.82317,1776251042000
1776251044.432,244.432,0.86,1.28,0.85,5.0,0.87,98.85,0.88,20.0,0.13,98.85,0.12,20.0,0.14,1.28,0.15,5.0,0.01,0.01,43.823464,1776251043000
1776251045.443,245.443,0.86,1.28,0.85,5.0,0.87,98.85,0.88,20.0,0.13,98.85,0.12,20.0,0.14,1.28,0.15,5.0,0.01,0.01,43.823364,1776251044000
1776251045.665,245.665,0.86,6.28,0.85,5.0,0.87,95.57,0.88,20.0,0.13,98.85,0.12,20.0,0.14,1.28,0.15,5.0,0.01,0.01,43.823364,1776251044000
1776251045.97,245.97,0.86,6.28,0.85,5.0,0.87,95.57,0.88,20.0,0.13,95.57,0.12,20.0,0.14,6.28,0.15,5.0,0.01,0.01,43.823267,1776251045000
1776251046.954,246.954,0.86,6.28,0.85,5.0,0.87,95.57,0.88,20.0,0.13,95.57,0.12,20.0,0.14,6.28,0.15,5.0,0.01,0.01,43.822994,1776251046000
1776251048.11,248.11,0.86,6.28,0.85,5.0,0.87,95.57,0.88,20.0,0.13,95.57,0.12,20.0,0.14,6.28,0.15,5.0,0.01,0.01,43.822851,1776251047000
1776251049.162,249.162,0.86,6.28,0.85,5.0,0.87,95.57,0.88,20.0,0.13,95.57,0.12,20.0,0.14,6.28,0.15,5.0,0.01,0.01,43.823063,1776251048000
1776251050.219,250.219,0.86,6.28,0.85,5.0,0.87,95.57,0.88,20.0,0.13,95.57,0.12,20.0,0.14,6.28,0.15,5.0,0.01,0.01,43.823535,1776251049000
1776251051.42,251.42,0.86,6.28,0.85,5.0,0.87,95.57,0.88,20.0,0.13,95.57,0.12,20.0,0.14,6.28,0.15,5.0,0.01,0.01,43.823535,1776251050000
1776251052.392,252.392,0.86,6.28,0.85,5.0,0.87,95.57,0.88,20.0,0.13,95.57,0.12,20.0,0.14,6.28,0.15,5.0,0.01,0.01,43.823535,1776251051000
1776251052.87,252.87,0.86,6.28,0.85,5.0,0.87,95.57,0.88,20.0,0.13,95.57,0.12,20.0,0.14,6.28,0.15,5.0,0.01,0.01,43.823535,1776251052000
1776251054.1,254.1,0.86,6.28,0.85,5.0,0.87,95.57,0.88,20.0,0.13,95.57,0.12,20.0,0.14,6.28,0.15,5.0,0.01,0.01,43.823251,1776251053000
1776251054.307,254.307,0.86,6.28,0.85,5.0,0.87,76.0,0.9,15.0,0.13,95.57,0.12,20.0,0.14,6.28,0.15,5.0,0.01,0.01,43.823251,1776251053000
1776251054.581,254.581,0.85,5.0,0.84,5.0,0.86,9.87,0.87,76.0,0.13,76.0,0.1,15.0,0.14,6.28,0.15,5.0,0.01,0.01,43.823251,1776251053000
1776251055.172,255.172,0.85,5.0,0.84,5.0,0.87,75.87,0.9,15.0,0.13,75.87,0.1,15.0,0.15,5.0,0.16,5.0,0.02,0.02,43.823346,1776251054000
1776251056.767,256.767,0.85,5.0,0.84,5.0,0.87,75.87,0.9,15.0,0.13,75.87,0.1,15.0,0.15,5.0,0.16,5.0,0.02,0.02,43.82325,1776251055000
1776251057.516,257.516,0.85,5.0,0.84,5.0,0.87,75.87,0.9,15.0,0.13,75.87,0.1,15.0,0.15,5.0,0.16,5.0,0.02,0.02,43.822953,1776251056000
1776251058.089,258.089,0.85,5.0,0.84,5.0,0.87,75.87,0.9,15.0,0.13,75.87,0.1,15.0,0.15,5.0,0.16,5.0,0.02,0.02,43.822953,1776251057000
1776251059.223,259.223,0.85,5.0,0.84,5.0,0.87,75.87,0.9,15.0,0.13,75.87,0.1,15.0,0.15,5.0,0.16,5.0,0.02,0.02,43.824396,1776251058000
1776251060.567,260.567,0.85,5.0,0.84,5.0,0.87,75.87,0.9,15.0,0.13,75.87,0.1,15.0,0.15,5.0,0.16,5.0,0.02,0.02,43.825029,1776251059000
1776251061.227,261.227,0.95,5.0,0.94,5.0,0.96,5.79,0.98,25.0,0.13,75.87,0.1,15.0,0.15,5.0,0.16,5.0,0.01,0.02,43.825029,1776251059000
1776251062.476,262.476,0.95,5.0,0.94,5.0,0.96,5.79,0.98,25.0,0.04,5.79,0.02,25.0,0.05,5.0,0.06,5.0,0.01,0.01,43.837545,1776251061000
1776251063.151,263.151,0.95,5.0,0.94,5.0,0.96,5.79,0.98,25.0,0.04,5.79,0.02,25.0,0.05,5.0,0.06,5.0,0.01,0.01,43.840166,1776251062000
1776251064.255,264.255,0.95,5.0,0.94,5.0,0.96,5.79,0.98,25.0,0.04,5.79,0.02,25.0,0.05,5.0,0.06,5.0,0.01,0.01,43.841173,1776251063000
1776251064.692,264.692,0.97,5.0,0.96,5.0,0.99,288.7,,,0.04,5.79,0.02,25.0,0.05,5.0,0.06,5.0,0.02,0.01,43.841173,1776251063000
1776251065.481,265.481,0.97,5.0,0.96,5.0,0.99,288.7,,,0.01,288.7,,,0.03,5.0,0.04,5.0,0.02,0.02,43.84125,1776251064000
1776251065.972,265.972,0.97,5.0,0.96,5.0,0.99,288.7,,,0.01,288.7,,,0.03,5.0,0.04,5.0,0.02,0.02,43.84125,1776251065000
1776251067.062,267.062,0.97,5.0,0.96,5.0,0.99,288.7,,,0.01,288.7,,,0.03,5.0,0.04,5.0,0.02,0.02,43.841443,1776251066000
1776251068.162,268.162,0.98,5.0,0.97,5.0,0.99,178.59,,,0.01,288.7,,,0.03,5.0,0.04,5.0,0.01,0.02,43.841443,1776251066000
1776251069.637,269.637,0.98,5.0,0.97,5.0,0.99,178.59,,,0.01,178.59,,,0.02,5.0,0.03,5.0,0.01,0.01,43.842009,1776251068000
1776251070.166,270.166,0.98,5.0,0.97,5.0,0.99,178.59,,,0.01,178.59,,,0.02,5.0,0.03,5.0,0.01,0.01,43.842106,1776251069000
1776251070.911,270.911,0.98,5.0,0.97,5.0,0.99,176.56,,,0.01,178.59,,,0.02,5.0,0.03,5.0,0.01,0.01,43.842106,1776251069000
1776251071.43,271.43,0.98,5.0,0.97,5.0,0.99,175.54,,,0.01,176.56,,,0.02,5.0,0.03,5.0,0.01,0.01,43.842106,1776251069000
1776251072.652,272.652,0.98,5.0,0.97,5.0,0.99,175.54,,,0.01,175.54,,,0.02,5.0,0.03,5.0,0.01,0.01,43.840428,1776251071000
1776251073.177,273.177,0.98,5.0,0.97,5.0,0.99,175.54,,,0.01,175.54,,,0.02,5.0,0.03,5.0,0.01,0.01,43.840345,1776251072000
1776251074.77,274.77,0.98,5.0,0.97,5.0,0.99,175.54,,,0.01,175.54,,,0.02,5.0,0.03,5.0,0.01,0.01,43.839875,1776251073000
1776251075.349,275.349,0.98,5.0,0.97,5.0,0.99,175.54,,,0.01,175.54,,,0.02,5.0,0.03,5.0,0.01,0.01,43.839875,1776251074000
1776251075.942,275.942,0.98,5.0,0.97,5.0,0.99,175.54,,,0.01,175.54,,,0.02,5.0,0.03,5.0,0.01,0.01,43.839875,1776251075000
1776251077.018,277.018,0.98,5.0,0.97,5.0,0.99,175.54,,,0.01,175.54,,,0.02,5.0,0.03,5.0,0.01,0.01,43.839862,1776251076000
1776251078.165,278.165,0.98,5.0,0.97,5.0,0.99,175.54,,,0.01,175.54,,,0.02,5.0,0.03,5.0,0.01,0.01,43.839983,1776251077000
1776251079.771,279.771,0.98,5.0,0.97,5.0,0.99,175.54,,,0.01,175.54,,,0.02,5.0,0.03,5.0,0.01,0.01,43.840079,1776251078000
1776251080.072,280.072,0.98,5.0,0.97,5.0,0.99,175.54,,,0.01,175.54,,,0.02,5.0,0.03,5.0,0.01,0.01,43.839675,1776251079000
1776251081.245,281.245,0.98,5.0,0.97,5.0,0.99,175.54,,,0.01,175.54,,,0.02,5.0,0.03,5.0,0.01,0.01,43.839404,1776251080000
1776251082.567,282.567,0.98,5.0,0.97,5.0,0.99,175.54,,,0.01,175.54,,,0.02,5.0,0.03,5.0,0.01,0.01,43.839404,1776251081000
1776251083.148,283.148,0.98,5.0,0.97,5.0,0.99,175.54,,,0.01,175.54,,,0.02,5.0,0.03,5.0,0.01,0.01,43.839403,1776251082000
1776251084.308,284.308,0.98,5.0,0.97,5.0,0.99,175.54,,,0.01,175.54,,,0.02,5.0,0.03,5.0,0.01,0.01,43.838875,1776251083000
1776251084.533,284.533,0.98,5.0,0.97,5.0,0.99,140.33,,,0.01,175.54,,,0.02,5.0,0.03,5.0,0.01,0.01,43.838875,1776251083000
1776251085.527,285.527,0.98,5.0,0.97,5.0,0.99,140.33,,,0.01,140.33,,,0.02,5.0,0.03,5.0,0.01,0.01,43.838903,1776251084000
1776251086.092,286.092,0.98,5.0,0.97,5.0,0.99,140.33,,,0.01,140.33,,,0.02,5.0,0.03,5.0,0.01,0.01,43.838903,1776251085000
1776251087.296,287.296,0.98,5.0,0.97,5.0,0.99,131.66,,,0.01,140.33,,,0.02,5.0,0.03,5.0,0.01,0.01,43.838903,1776251085000
1776251088.726,288.726,0.98,5.0,0.97,5.0,0.99,131.66,,,0.01,131.66,,,0.02,5.0,0.03,5.0,0.01,0.01,43.838132,1776251087000
1776251089.327,289.327,0.98,5.0,0.97,5.0,0.99,131.66,,,0.01,131.66,,,0.02,5.0,0.03,5.0,0.01,0.01,43.838469,1776251088000
1776251091.445,291.445,0.98,5.0,0.97,5.0,0.99,131.66,,,0.01,131.66,,,0.02,5.0,0.03,5.0,0.01,0.01,43.838545,1776251090000
1776251092.001,292.001,0.98,5.0,0.97,5.0,0.99,121.55,,,0.01,131.66,,,0.02,5.0,0.03,5.0,0.01,0.01,43.838545,1776251090000
1776251093.447,293.447,0.98,5.0,0.97,5.0,0.99,101.34,,,0.01,121.55,,,0.02,5.0,0.03,5.0,0.01,0.01,43.838448,1776251091000
1776251094.302,294.302,0.98,5.0,0.97,5.0,0.99,100.32,,,0.01,100.32,,,0.02,5.0,0.03,5.0,0.01,0.01,43.838243,1776251093000
1776251094.592,294.592,0.98,5.0,0.97,5.0,0.99,99.3,,,0.01,100.32,,,0.02,5.0,0.03,5.0,0.01,0.01,43.838243,1776251093000
1776251094.936,294.936,0.98,5.0,0.97,5.0,0.99,84.14,,,0.01,99.3,,,0.02,5.0,0.03,5.0,0.01,0.01,43.838243,1776251093000
1776251095.406,295.406,0.98,15.0,0.97,5.0,0.99,71.61,,,0.01,84.14,,,0.02,5.0,0.03,5.0,0.01,0.01,43.838243,1776251094000
1776251096.43,296.43,0.98,15.0,0.97,5.0,0.99,70.5,,,0.01,71.61,,,0.02,15.0,0.03,5.0,0.01,0.01,43.838243,1776251094000
1776251096.666,296.666,0.98,15.0,0.97,5.0,0.99,58.39,,,0.01,58.39,,,0.02,15.0,0.03,5.0,0.01,0.01,43.838023,1776251095000
1776251097.4,297.4,0.98,15.0,0.97,5.0,0.99,58.39,,,0.01,58.39,,,0.02,15.0,0.03,5.0,0.01,0.01,43.838023,1776251096000
1776251097.665,297.665,0.98,15.0,0.97,5.0,0.99,47.18,,,0.01,47.18,,,0.02,15.0,0.03,5.0,0.01,0.01,43.838023,1776251096000
1776251097.942,297.942,0.98,15.0,0.97,5.0,,,,,0.01,21.93,,,0.02,15.0,0.03,5.0,,0.01,43.838023,1776251096000
1776251099.587,299.587,0.98,15.0,0.97,5.0,,,,,,,,,0.02,15.0,0.03,5.0,,,43.837749,1776251098000
1776251100.249,300.249,0.99,122.0,0.98,15.0,,,,,,,,,0.01,122.0,0.02,15.0,,,43.837749,1776251099000
