timestamp,elapsed_sec,up_bid_p1,up_bid_s1,up_bid_p2,up_bid_s2,up_ask_p1,up_ask_s1,up_ask_p2,up_ask_s2,down_bid_p1,down_bid_s1,down_bid_p2,down_bid_s2,down_ask_p1,down_ask_s1,down_ask_p2,down_ask_s2,up_spread,down_spread,hype_price,hype_oracle_ts
1776349200.519,0.519,0.41,37.0,0.4,33.0,0.59,37.0,0.6,33.0,0.41,37.0,0.4,33.0,0.59,37.0,0.6,33.0,0.18,0.18,44.587935,1776349199000
1776349207.058,7.058,0.51,10.0,0.5,5.0,0.52,5.0,0.53,5.0,0.41,37.0,0.4,33.0,0.59,37.0,0.6,33.0,0.01,0.18,44.604806,1776349205000
1776349207.665,7.665,0.46,5.0,0.45,5.0,0.5,10.0,0.51,5.0,0.48,5.0,0.47,5.0,0.49,10.0,0.5,5.0,0.04,0.01,44.607558,1776349206000
1776349208.794,8.794,0.53,2.87,0.52,5.0,0.55,5.0,0.56,5.0,0.5,10.0,0.49,5.0,0.54,5.0,0.55,5.0,0.02,0.04,44.609317,1776349207000
1776349246.286,46.286,0.56,5.0,0.55,5.0,0.58,5.0,0.59,5.0,0.45,5.0,0.44,5.0,0.47,2.87,0.48,5.0,0.02,0.02,44.589114,1776349245000
1776349253.198,53.198,0.49,0.09,0.48,5.0,0.51,5.0,0.52,5.0,0.42,5.0,0.41,5.0,0.44,5.0,0.45,5.0,0.02,0.02,44.603769,1776349251000
1776349260.572,60.572,0.67,5.0,0.66,5.0,0.69,8.0,0.7,28.0,0.49,5.0,0.48,5.0,0.51,0.09,0.52,5.0,0.02,0.02,44.598413,1776349259000
1776349273.356,73.356,0.71,5.0,0.7,5.0,0.73,15.0,0.74,15.0,0.31,8.0,0.3,28.0,0.33,5.0,0.34,5.0,0.02,0.02,44.629482,1776349272000
1776349295.628,95.628,0.46,15.0,0.42,5.0,0.48,5.0,0.49,5.0,0.27,15.0,0.26,15.0,0.29,5.0,0.3,5.0,0.02,0.02,44.589815,1776349294000
1776349307.437,107.437,0.46,15.0,0.41,5.0,0.48,5.0,0.49,5.0,0.52,5.0,0.51,5.0,0.54,15.0,0.58,5.0,0.02,0.02,44.589305,1776349306000
1776349309.767,109.767,0.52,5.0,0.51,5.0,0.53,3.11,0.54,5.0,0.52,5.0,0.51,5.0,0.54,15.0,0.59,5.0,0.01,0.02,44.582074,1776349308000
1776349315.631,115.631,0.67,5.0,0.66,5.0,0.69,15.0,0.7,20.0,0.47,3.11,0.46,5.0,0.48,5.0,0.49,5.0,0.02,0.01,44.604233,1776349314000
1776349317.375,117.375,0.7,5.0,0.69,5.0,0.72,15.0,0.73,15.0,0.31,15.0,0.3,20.0,0.33,5.0,0.34,5.0,0.02,0.02,44.615178,1776349316000
1776349331.203,131.203,0.5,5.0,0.47,5.0,0.51,5.0,0.52,5.0,0.28,15.0,0.27,15.0,0.3,5.0,0.31,5.0,0.01,0.02,44.616921,1776349329000
1776349339.536,139.536,0.46,15.0,0.43,5.0,0.48,5.0,0.49,5.0,0.49,5.0,0.48,5.0,0.5,5.0,0.53,5.0,0.02,0.01,44.598783,1776349338000
1776349341.488,141.488,0.46,15.0,0.45,5.0,0.48,5.0,0.49,5.0,0.52,5.0,0.51,5.0,0.54,15.0,0.57,5.0,0.02,0.02,44.589025,1776349340000
1776349342.37,142.37,0.63,5.0,0.62,5.0,0.69,15.0,0.7,15.0,0.52,5.0,0.51,5.0,0.54,15.0,0.55,5.0,0.06,0.02,44.587616,1776349341000
1776349343.641,143.641,0.73,5.0,0.72,5.0,0.74,13.64,0.75,15.0,0.31,15.0,0.3,15.0,0.37,5.0,0.38,5.0,0.01,0.06,44.584551,1776349342000
1776349345.33,145.33,0.76,5.0,0.75,5.0,0.78,15.0,0.79,15.0,0.26,13.64,0.25,15.0,0.27,5.0,0.28,5.0,0.02,0.01,44.619893,1776349344000
1776349347.322,147.322,0.75,5.0,0.74,5.0,0.77,15.0,0.78,15.0,0.22,15.0,0.21,15.0,0.24,5.0,0.25,5.0,0.02,0.02,44.640138,1776349346000
1776349349.238,149.238,0.75,5.0,0.74,5.0,0.77,15.0,0.78,20.0,0.23,15.0,0.22,15.0,0.25,5.0,0.26,5.0,0.02,0.02,44.635415,1776349348000
1776349383.713,183.713,0.58,5.0,0.57,5.0,0.6,5.0,0.61,5.0,0.23,15.0,0.22,20.0,0.25,5.0,0.26,5.0,0.02,0.02,44.622745,1776349382000
1776349395.613,195.613,0.46,13.22,0.45,20.0,0.7,5.0,0.71,125.0,0.4,5.0,0.39,5.0,0.42,5.0,0.43,5.0,0.24,0.02,44.610539,1776349394000
1776349396.231,196.231,0.53,15.0,0.46,13.22,0.55,5.0,0.56,5.0,0.3,5.0,0.29,125.0,0.54,13.22,0.55,20.0,0.02,0.24,44.610785,1776349395000
1776349398.746,198.746,0.46,13.22,0.44,15.0,0.48,5.0,0.49,5.0,0.45,5.0,0.44,5.0,0.47,15.0,0.54,13.22,0.02,0.02,44.586709,1776349397000
1776349406.708,206.708,0.46,7.72,0.44,15.0,0.47,10.0,0.48,5.0,0.52,5.0,0.51,5.0,0.54,13.22,0.56,15.0,0.01,0.02,44.594029,1776349405000
1776349407.484,207.484,0.32,15.0,0.31,30.0,0.34,5.0,0.35,5.0,0.53,10.0,0.52,5.0,0.67,15.0,0.68,15.0,0.02,0.14,44.60165,1776349406000
1776349410.998,210.998,0.37,15.0,0.36,15.0,0.41,5.0,0.42,5.0,0.66,5.0,0.65,5.0,0.68,15.0,0.69,30.0,0.04,0.02,44.581083,1776349409000
1776349428.182,228.182,0.53,5.0,0.52,5.0,0.57,15.0,0.58,15.0,0.59,5.0,0.58,5.0,0.63,15.0,0.64,15.0,0.04,0.04,44.572709,1776349426000
1776349441.936,241.936,0.79,5.0,0.78,5.0,0.82,3.9,0.83,5.0,0.43,15.0,0.42,15.0,0.47,5.0,0.48,5.0,0.03,0.04,44.618607,1776349440000
1776349444.589,244.589,0.79,5.0,0.78,5.0,0.8,5.0,0.82,15.0,0.18,3.9,0.17,5.0,0.21,5.0,0.22,5.0,0.01,0.03,44.629055,1776349442000
1776349446.557,246.557,0.73,5.0,0.72,5.0,0.76,5.0,0.77,5.0,0.2,5.0,0.18,15.0,0.21,5.0,0.22,5.0,0.03,0.01,44.62221,1776349445000
1776349447.662,247.662,0.68,5.0,0.67,5.0,0.71,44.0,0.75,86.0,0.24,5.0,0.23,5.0,0.27,5.0,0.28,5.0,0.03,0.03,44.620949,1776349446000
1776349449.846,249.846,0.69,5.0,0.68,5.0,0.7,2.87,0.72,5.0,0.3,10.0,0.29,5.0,0.31,5.0,0.32,5.0,0.01,0.01,44.613016,1776349448000
1776349450.786,250.786,0.73,5.0,0.72,5.0,0.74,10.0,0.75,81.0,0.3,2.87,0.28,5.0,0.31,5.0,0.32,5.0,0.01,0.01,44.611924,1776349449000
1776349455.605,255.605,0.58,10.34,0.53,5.0,0.69,10.0,0.7,82.0,0.26,10.0,0.25,81.0,0.27,5.0,0.28,5.0,0.11,0.01,44.609511,1776349453000
1776349456.007,256.007,0.58,10.34,0.57,5.0,0.6,3.0,0.61,5.0,0.31,10.0,0.3,82.0,0.42,10.34,0.47,5.0,0.02,0.11,44.613563,1776349454000
1776349461.366,261.366,0.58,5.22,0.46,20.0,0.59,5.0,0.6,5.0,0.4,3.0,0.39,5.0,0.42,10.34,0.43,5.0,0.01,0.02,44.600311,1776349459000
1776349462.265,262.265,0.41,15.0,0.35,20.0,0.51,44.78,0.59,65.0,0.41,5.0,0.4,5.0,0.42,5.22,0.54,20.0,0.1,0.01,44.591856,1776349461000
1776349463.009,263.009,0.4,10.0,0.38,5.0,0.41,5.0,0.42,5.0,0.49,44.78,0.41,65.0,0.59,15.0,0.65,20.0,0.01,0.1,44.591856,1776349461000
1776349463.957,263.957,0.42,5.0,0.4,5.0,0.43,5.0,0.44,5.0,0.59,5.0,0.58,5.0,0.6,10.0,0.62,5.0,0.01,0.01,44.59033,1776349462000
1776349466.612,266.612,0.41,15.0,0.4,5.0,0.43,1.74,0.44,5.0,0.57,5.0,0.56,5.0,0.58,5.0,0.6,5.0,0.02,0.01,44.583084,1776349465000
1776349470.188,270.188,0.42,3.2,0.41,5.0,0.46,5.0,0.47,5.0,0.57,1.74,0.56,5.0,0.59,15.0,0.6,5.0,0.04,0.02,44.583655,1776349469000
1776349472.007,272.007,0.79,5.0,0.78,5.0,0.8,11.28,0.81,65.0,0.54,5.0,0.53,5.0,0.58,3.2,0.59,5.0,0.01,0.04,44.581816,1776349471000
1776349472.503,272.503,0.78,5.0,0.76,5.0,0.8,15.03,0.81,85.0,0.2,11.28,0.19,65.0,0.21,5.0,0.22,5.0,0.02,0.01,44.581816,1776349471000
1776349472.814,272.814,0.59,2.63,0.58,5.0,0.62,5.0,0.63,20.0,0.33,2.76,0.32,5.0,0.37,5.0,0.38,5.0,0.03,0.04,44.581816,1776349471000
1776349474.863,274.863,0.5,5.0,0.49,5.0,0.51,5.0,0.59,5.0,0.49,20.0,0.42,5.0,0.5,5.0,0.51,5.0,0.01,0.01,44.594518,1776349473000
1776349475.856,275.856,0.5,5.0,0.49,5.0,0.66,5.0,0.67,5.0,0.49,5.0,0.41,5.0,0.5,5.0,0.51,5.0,0.16,0.01,44.588156,1776349474000
1776349476.109,276.109,0.33,5.0,0.32,5.0,0.44,5.0,0.45,5.0,0.34,5.0,0.33,5.0,0.5,5.0,0.51,5.0,0.11,0.16,44.588156,1776349474000
1776349476.32,276.32,0.41,3.77,0.4,5.0,0.43,5.0,0.44,5.0,0.56,5.0,0.55,5.0,0.58,2.65,0.59,5.0,0.02,0.02,44.58727,1776349475000
1776349476.98,276.98,0.8,5.0,0.79,5.0,0.81,46.33,0.85,5.0,0.52,5.0,0.51,5.0,0.55,8.7,0.56,5.0,0.01,0.03,44.58727,1776349475000
1776349479.063,279.063,0.79,5.0,0.78,5.0,0.83,5.0,0.84,5.0,0.16,5.0,0.15,5.0,0.21,5.0,0.22,5.0,0.04,0.05,44.590692,1776349477000
1776349479.896,279.896,0.87,5.0,0.86,5.0,0.89,1.66,0.9,25.0,0.19,40.0,0.16,5.0,0.2,5.0,0.21,5.0,0.02,0.01,44.596412,1776349478000
1776349480.38,280.38,0.39,11.88,0.38,5.0,0.41,5.0,0.43,5.0,0.11,1.66,0.1,25.0,0.13,5.0,0.14,5.0,0.02,0.02,44.595889,1776349479000
1776349481.203,281.203,0.54,10.0,0.53,5.0,0.55,1.56,0.63,5.0,0.59,5.0,0.57,5.0,0.61,11.88,0.62,5.0,0.01,0.02,44.600367,1776349480000
1776349481.654,281.654,0.79,0.14,0.78,5.0,0.82,5.0,0.83,5.0,0.37,5.0,0.36,5.0,0.44,13.44,0.46,10.0,0.03,0.07,44.600367,1776349480000
1776349482.514,282.514,0.53,3.57,0.52,5.0,0.55,5.0,0.56,5.0,0.18,5.0,0.17,5.0,0.21,0.14,0.22,5.0,0.02,0.03,44.60198,1776349481000
1776349484.935,284.935,0.72,0.32,0.71,5.0,0.75,5.0,0.76,5.0,0.43,5.0,0.42,5.0,0.48,5.0,0.49,5.0,0.03,0.05,44.59869,1776349483000
1776349486.76,286.76,0.58,5.0,0.57,5.0,0.63,5.0,0.64,5.0,0.25,5.0,0.24,5.0,0.28,0.32,0.29,5.0,0.05,0.03,44.594807,1776349485000
1776349488.434,288.434,0.39,0.13,0.38,5.0,0.43,5.0,0.44,5.0,0.37,5.0,0.36,5.0,0.42,5.0,0.43,5.0,0.04,0.05,44.595774,1776349486000
1776349488.955,288.955,0.48,5.0,0.47,5.0,0.5,1.98,0.51,20.0,0.56,5.0,0.55,5.0,0.61,0.13,0.62,5.0,0.02,0.05,44.59953,1776349487000
1776349489.703,289.703,0.49,5.0,0.48,5.0,0.55,5.0,0.56,5.0,0.5,1.98,0.49,20.0,0.52,5.0,0.53,5.0,0.06,0.02,44.597205,1776349488000
1776349490.516,290.516,0.21,46.24,0.2,5.0,0.22,5.0,0.23,5.0,0.45,5.0,0.44,5.0,0.51,5.0,0.52,5.0,0.01,0.06,44.597546,1776349489000
1776349490.9,290.9,0.28,51.16,0.27,5.0,0.32,5.0,0.33,5.0,0.68,5.0,0.67,5.0,0.69,15.0,0.79,46.24,0.04,0.01,44.597546,1776349489000
1776349491.254,291.254,0.46,5.0,0.45,5.0,0.51,55.0,0.52,5.0,0.68,5.0,0.67,5.0,0.72,51.16,0.73,5.0,0.05,0.04,44.597546,1776349489000
1776349491.454,291.454,0.4,5.0,0.39,5.0,0.41,45.0,0.42,5.0,0.49,55.0,0.48,5.0,0.54,5.0,0.55,5.0,0.01,0.05,44.597546,1776349489000
1776349492.082,292.082,0.4,5.0,0.39,5.0,0.41,10.0,0.51,50.0,0.59,45.0,0.58,5.0,0.6,5.0,0.61,5.0,0.01,0.01,44.591185,1776349490000
1776349492.924,292.924,0.28,51.16,0.15,6.66,0.39,5.0,0.4,5.0,0.59,10.0,0.49,55.0,0.6,0.05,0.61,5.0,0.11,0.01,44.589807,1776349491000
1776349493.248,293.248,0.15,6.66,0.1,10.0,0.29,10.0,0.3,5.0,0.69,50.0,0.68,5.0,0.72,47.03,0.85,6.66,0.14,0.03,44.582968,1776349492000
1776349493.65,293.65,0.11,55.0,0.1,15.0,0.18,3.83,0.19,5.0,0.89,43.34,0.71,5.0,0.9,10.0,0.91,11.0,0.07,0.01,44.582968,1776349492000
1776349494.161,294.161,0.13,1.58,0.12,5.0,0.15,5.0,0.16,5.0,0.82,3.83,0.81,5.0,0.89,55.0,0.9,15.0,0.02,0.07,44.582968,1776349492000
1776349495.944,295.944,0.24,2.69,0.23,5.0,0.32,15.0,0.34,5.0,0.85,5.0,0.84,5.0,0.87,1.58,0.88,5.0,0.08,0.02,44.582445,1776349494000
1776349496.428,296.428,0.11,18.34,0.1,15.0,0.19,5.0,0.2,5.0,0.68,15.0,0.66,5.0,0.76,2.69,0.77,5.0,0.08,0.08,44.572723,1776349495000
1776349497.112,297.112,0.11,5.09,0.1,15.0,0.13,5.0,0.14,5.0,0.83,5.0,0.82,5.0,0.89,66.95,0.9,10.0,0.02,0.06,44.572723,1776349495000
1776349498.036,298.036,0.09,4.55,0.08,12.0,0.1,5.0,0.11,55.0,0.87,5.0,0.86,5.0,0.91,10.78,0.92,17.0,0.01,0.04,44.572554,1776349496000
1776349498.374,298.374,0.07,14.0,0.06,16.0,0.09,5.0,0.1,5.0,0.9,5.0,0.89,55.0,0.92,12.0,0.93,14.0,0.02,0.02,44.575286,1776349497000
1776349499.169,299.169,0.05,2.55,0.04,50.0,0.06,5.0,0.07,5.0,0.94,5.0,0.93,5.0,0.95,12.55,0.96,50.0,0.01,0.01,44.575286,1776349497000
1776349499.443,299.443,0.04,47.5,0.03,33.0,0.06,5.0,0.07,5.0,0.94,5.0,0.93,5.0,0.95,2.55,0.96,50.0,0.02,0.01,44.575134,1776349498000
1776349500.161,300.161,0.03,18.45,0.02,110.0,0.07,5.0,0.08,5.0,0.94,5.0,0.93,5.0,0.96,32.45,0.97,33.0,0.04,0.02,44.574762,1776349499000
1776349500.719,300.719,0.01,239.45,,,0.07,5.0,0.08,5.0,0.93,5.0,0.92,5.0,0.98,49.45,0.99,240.0,0.06,0.05,44.574762,1776349499000

# RESULT,winner=Down,slug=hype-updown-5m-1776349200,ticks=80
