timestamp,elapsed_sec,up_bid_p1,up_bid_s1,up_bid_p2,up_bid_s2,up_ask_p1,up_ask_s1,up_ask_p2,up_ask_s2,down_bid_p1,down_bid_s1,down_bid_p2,down_bid_s2,down_ask_p1,down_ask_s1,down_ask_p2,down_ask_s2,up_spread,down_spread,hype_price,hype_oracle_ts
1776204911.926,11.926,0.35,10.0,0.31,5.0,0.52,10.0,0.55,5.0,0.48,10.0,0.45,5.0,0.65,10.0,0.69,5.0,0.17,0.17,43.41317,1776204910000
1776204912.271,12.271,0.35,10.0,0.31,5.0,0.52,10.0,0.55,5.0,0.48,10.0,0.45,5.0,0.65,10.0,0.69,5.0,0.17,0.17,43.41317,1776204910000
1776204913.416,13.416,0.35,10.0,0.31,5.0,0.52,10.0,0.55,5.0,0.48,10.0,0.45,5.0,0.65,10.0,0.69,5.0,0.17,0.17,43.412248,1776204912000
1776204914.032,14.032,0.35,10.0,0.31,5.0,0.52,10.0,0.55,5.0,0.48,10.0,0.45,5.0,0.65,10.0,0.69,5.0,0.17,0.17,43.412248,1776204913000
1776204915.399,15.399,0.35,10.0,0.31,5.0,0.52,10.0,0.55,5.0,0.48,10.0,0.45,5.0,0.65,10.0,0.69,5.0,0.17,0.17,43.413518,1776204914000
1776204915.891,15.891,0.35,10.0,0.31,5.0,0.52,10.0,0.55,5.0,0.48,10.0,0.45,5.0,0.65,10.0,0.69,5.0,0.17,0.17,43.413518,1776204915000
1776204916.879,16.879,0.35,10.0,0.31,5.0,0.52,10.0,0.55,5.0,0.48,10.0,0.45,5.0,0.65,10.0,0.69,5.0,0.17,0.17,43.413546,1776204916000
1776204917.944,17.944,0.35,10.0,0.31,5.0,0.52,10.0,0.55,5.0,0.48,10.0,0.45,5.0,0.65,10.0,0.69,5.0,0.17,0.17,43.413545,1776204917000
1776204918.882,18.882,0.35,10.0,0.31,5.0,0.52,10.0,0.55,5.0,0.48,10.0,0.45,5.0,0.65,10.0,0.69,5.0,0.17,0.17,43.413891,1776204918000
1776204919.851,19.851,0.35,10.0,0.31,5.0,0.52,10.0,0.55,5.0,0.48,10.0,0.45,5.0,0.65,10.0,0.69,5.0,0.17,0.17,43.414333,1776204919000
1776204920.884,20.884,0.35,10.0,0.31,5.0,0.52,10.0,0.55,5.0,0.48,10.0,0.45,5.0,0.65,10.0,0.69,5.0,0.17,0.17,43.415441,1776204920000
1776204921.885,21.885,0.35,10.0,0.31,5.0,0.52,10.0,0.55,5.0,0.48,10.0,0.45,5.0,0.65,10.0,0.69,5.0,0.17,0.17,43.414828,1776204921000
1776204922.87,22.87,0.35,10.0,0.31,5.0,0.52,10.0,0.55,5.0,0.48,10.0,0.45,5.0,0.65,10.0,0.69,5.0,0.17,0.17,43.414869,1776204922000
1776204923.863,23.863,0.35,10.0,0.31,5.0,0.52,10.0,0.55,5.0,0.48,10.0,0.45,5.0,0.65,10.0,0.69,5.0,0.17,0.17,43.415185,1776204923000
1776204924.975,24.975,0.35,10.0,0.31,5.0,0.52,10.0,0.55,5.0,0.48,10.0,0.45,5.0,0.65,10.0,0.69,5.0,0.17,0.17,43.41548,1776204924000
1776204925.972,25.972,0.35,10.0,0.31,5.0,0.52,10.0,0.55,5.0,0.48,10.0,0.45,5.0,0.65,10.0,0.69,5.0,0.17,0.17,43.415139,1776204925000
1776204926.937,26.937,0.35,10.0,0.31,5.0,0.52,10.0,0.55,5.0,0.48,10.0,0.45,5.0,0.65,10.0,0.69,5.0,0.17,0.17,43.415139,1776204926000
1776204928.622,28.622,0.35,10.0,0.31,5.0,0.52,10.0,0.55,5.0,0.48,10.0,0.45,5.0,0.65,10.0,0.69,5.0,0.17,0.17,43.415208,1776204927000
1776204929.118,29.118,0.35,10.0,0.31,5.0,0.52,10.0,0.55,5.0,0.48,10.0,0.45,5.0,0.65,10.0,0.69,5.0,0.17,0.17,43.415208,1776204928000
1776204930.139,30.139,0.35,10.0,0.31,5.0,0.52,10.0,0.55,5.0,0.48,10.0,0.45,5.0,0.65,10.0,0.69,5.0,0.17,0.17,43.415269,1776204929000
1776204931.136,31.136,0.35,10.0,0.31,5.0,0.52,10.0,0.55,5.0,0.48,10.0,0.45,5.0,0.65,10.0,0.69,5.0,0.17,0.17,43.415121,1776204930000
1776204932.128,32.128,0.35,10.0,0.31,5.0,0.52,10.0,0.55,5.0,0.48,10.0,0.45,5.0,0.65,10.0,0.69,5.0,0.17,0.17,43.415168,1776204931000
1776204933.129,33.129,0.35,10.0,0.31,5.0,0.52,10.0,0.55,5.0,0.48,10.0,0.45,5.0,0.65,10.0,0.69,5.0,0.17,0.17,43.415168,1776204932000
1776204934.207,34.207,0.35,10.0,0.31,5.0,0.52,10.0,0.55,5.0,0.48,10.0,0.45,5.0,0.65,10.0,0.69,5.0,0.17,0.17,43.415149,1776204933000
1776204935.213,35.213,0.35,10.0,0.31,5.0,0.52,10.0,0.55,5.0,0.48,10.0,0.45,5.0,0.65,10.0,0.69,5.0,0.17,0.17,43.415361,1776204934000
1776204936.288,36.288,0.35,10.0,0.31,5.0,0.52,10.0,0.55,5.0,0.48,10.0,0.45,5.0,0.65,10.0,0.69,5.0,0.17,0.17,43.408609,1776204935000
1776204937.379,37.379,0.35,10.0,0.31,5.0,0.52,10.0,0.55,5.0,0.48,10.0,0.45,5.0,0.65,10.0,0.69,5.0,0.17,0.17,43.406963,1776204936000
1776204938.312,38.312,0.35,10.0,0.31,5.0,0.52,10.0,0.55,5.0,0.48,10.0,0.45,5.0,0.65,10.0,0.69,5.0,0.17,0.17,43.403512,1776204937000
1776204939.382,39.382,0.35,10.0,0.31,5.0,0.52,10.0,0.55,5.0,0.48,10.0,0.45,5.0,0.65,10.0,0.69,5.0,0.17,0.17,43.399885,1776204938000
1776204939.852,39.852,0.35,10.0,0.31,5.0,0.52,10.0,0.55,5.0,0.48,10.0,0.45,5.0,0.65,10.0,0.69,5.0,0.17,0.17,43.399885,1776204939000
1776204940.794,40.794,0.35,10.0,0.31,5.0,0.52,10.0,0.55,5.0,0.48,10.0,0.45,5.0,0.65,10.0,0.69,5.0,0.17,0.17,43.399121,1776204940000
1776204942.417,42.417,0.35,10.0,0.31,5.0,0.52,10.0,0.55,5.0,0.48,10.0,0.45,5.0,0.65,10.0,0.69,5.0,0.17,0.17,43.395939,1776204941000
1776204943.323,43.323,0.35,10.0,0.31,5.0,0.52,10.0,0.55,5.0,0.48,10.0,0.45,5.0,0.65,10.0,0.69,5.0,0.17,0.17,43.395349,1776204942000
1776204943.845,43.845,0.35,10.0,0.31,5.0,0.52,10.0,0.55,5.0,0.48,10.0,0.45,5.0,0.65,10.0,0.69,5.0,0.17,0.17,43.394759,1776204943000
1776204944.886,44.886,0.35,10.0,0.31,5.0,0.52,10.0,0.55,5.0,0.48,10.0,0.45,5.0,0.65,10.0,0.69,5.0,0.17,0.17,43.395031,1776204944000
1776204945.875,45.875,0.35,10.0,0.31,5.0,0.52,10.0,0.55,5.0,0.48,10.0,0.45,5.0,0.65,10.0,0.69,5.0,0.17,0.17,43.394589,1776204945000
1776204946.922,46.922,0.35,10.0,0.31,5.0,0.52,10.0,0.55,5.0,0.48,10.0,0.45,5.0,0.65,10.0,0.69,5.0,0.17,0.17,43.393946,1776204946000
1776204947.971,47.971,0.35,10.0,0.31,5.0,0.52,10.0,0.55,5.0,0.48,10.0,0.45,5.0,0.65,10.0,0.69,5.0,0.17,0.17,43.393945,1776204947000
1776204949.014,49.014,0.35,10.0,0.31,5.0,0.52,10.0,0.55,5.0,0.48,10.0,0.45,5.0,0.65,10.0,0.69,5.0,0.17,0.17,43.38976,1776204948000
1776204950.214,50.214,0.35,10.0,0.31,5.0,0.52,10.0,0.55,5.0,0.48,10.0,0.45,5.0,0.65,10.0,0.69,5.0,0.17,0.17,43.389151,1776204949000
1776204951.161,51.161,0.35,10.0,0.31,5.0,0.52,10.0,0.55,5.0,0.48,10.0,0.45,5.0,0.65,10.0,0.69,5.0,0.17,0.17,43.385854,1776204950000
1776204952.203,52.203,0.35,10.0,0.31,5.0,0.52,10.0,0.55,5.0,0.48,10.0,0.45,5.0,0.65,10.0,0.69,5.0,0.17,0.17,43.385277,1776204951000
1776204953.253,53.253,0.35,10.0,0.31,5.0,0.52,10.0,0.55,5.0,0.48,10.0,0.45,5.0,0.65,10.0,0.69,5.0,0.17,0.17,43.384797,1776204952000
1776204954.348,54.348,0.35,10.0,0.31,5.0,0.52,10.0,0.55,5.0,0.48,10.0,0.45,5.0,0.65,10.0,0.69,5.0,0.17,0.17,43.384274,1776204953000
1776204955.127,55.127,0.35,10.0,0.31,5.0,0.52,10.0,0.55,5.0,0.48,10.0,0.45,5.0,0.65,10.0,0.69,5.0,0.17,0.17,43.384126,1776204954000
1776204956.231,56.231,0.35,10.0,0.31,5.0,0.52,10.0,0.55,5.0,0.48,10.0,0.45,5.0,0.65,10.0,0.69,5.0,0.17,0.17,43.386632,1776204955000
1776204957.12,57.12,0.35,10.0,0.31,5.0,0.52,10.0,0.55,5.0,0.48,10.0,0.45,5.0,0.65,10.0,0.69,5.0,0.17,0.17,43.38865,1776204956000
1776204958.067,58.067,0.35,10.0,0.31,5.0,0.52,10.0,0.55,5.0,0.48,10.0,0.45,5.0,0.65,10.0,0.69,5.0,0.17,0.17,43.389159,1776204957000
1776204959.159,59.159,0.35,10.0,0.31,5.0,0.52,10.0,0.55,5.0,0.48,10.0,0.45,5.0,0.65,10.0,0.69,5.0,0.17,0.17,43.386565,1776204958000
1776204960.196,60.196,0.35,10.0,0.31,5.0,0.52,10.0,0.55,5.0,0.48,10.0,0.45,5.0,0.65,10.0,0.69,5.0,0.17,0.17,43.386565,1776204959000
1776204961.229,61.229,0.35,10.0,0.31,5.0,0.52,10.0,0.55,5.0,0.48,10.0,0.45,5.0,0.65,10.0,0.69,5.0,0.17,0.17,43.386704,1776204960000
1776204962.306,62.306,0.35,10.0,0.31,5.0,0.52,10.0,0.55,5.0,0.48,10.0,0.45,5.0,0.65,10.0,0.69,5.0,0.17,0.17,43.386704,1776204961000
1776204963.261,63.261,0.35,10.0,0.31,5.0,0.52,10.0,0.55,5.0,0.48,10.0,0.45,5.0,0.65,10.0,0.69,5.0,0.17,0.17,43.385749,1776204962000
1776204964.244,64.244,0.35,10.0,0.31,5.0,0.52,10.0,0.55,5.0,0.48,10.0,0.45,5.0,0.65,10.0,0.69,5.0,0.17,0.17,43.384813,1776204963000
1776204965.228,65.228,0.35,10.0,0.31,5.0,0.52,10.0,0.55,5.0,0.48,10.0,0.45,5.0,0.65,10.0,0.69,5.0,0.17,0.17,43.385032,1776204964000
1776204966.126,66.126,0.35,10.0,0.31,5.0,0.52,10.0,0.55,5.0,0.48,10.0,0.45,5.0,0.65,10.0,0.69,5.0,0.17,0.17,43.385114,1776204965000
1776204967.077,67.077,0.35,10.0,0.31,5.0,0.52,10.0,0.55,5.0,0.48,10.0,0.45,5.0,0.65,10.0,0.69,5.0,0.17,0.17,43.388674,1776204966000
1776204968.291,68.291,0.35,10.0,0.31,5.0,0.52,10.0,0.55,5.0,0.48,10.0,0.45,5.0,0.65,10.0,0.69,5.0,0.17,0.17,43.389248,1776204967000
1776204969.358,69.358,0.35,10.0,0.31,5.0,0.52,10.0,0.55,5.0,0.48,10.0,0.45,5.0,0.65,10.0,0.69,5.0,0.17,0.17,43.391148,1776204968000
1776204969.899,69.899,0.35,10.0,0.31,5.0,0.52,10.0,0.55,5.0,0.48,10.0,0.45,5.0,0.65,10.0,0.69,5.0,0.17,0.17,43.388589,1776204969000
1776204971.069,71.069,0.35,10.0,0.31,5.0,0.52,10.0,0.55,5.0,0.48,10.0,0.45,5.0,0.65,10.0,0.69,5.0,0.17,0.17,43.389248,1776204970000
1776204972.336,72.336,0.35,10.0,0.31,5.0,0.52,10.0,0.55,5.0,0.48,10.0,0.45,5.0,0.65,10.0,0.69,5.0,0.17,0.17,43.389754,1776204971000
1776204973.401,73.401,0.35,10.0,0.31,5.0,0.52,10.0,0.55,5.0,0.48,10.0,0.45,5.0,0.65,10.0,0.69,5.0,0.17,0.17,43.398299,1776204972000
1776204974.014,74.014,0.35,10.0,0.31,5.0,0.52,10.0,0.55,5.0,0.48,10.0,0.45,5.0,0.65,10.0,0.69,5.0,0.17,0.17,43.404313,1776204973000
1776204975.152,75.152,0.35,10.0,0.31,5.0,0.52,10.0,0.55,5.0,0.48,10.0,0.45,5.0,0.65,10.0,0.69,5.0,0.17,0.17,43.404313,1776204974000
1776204976.321,76.321,0.35,10.0,0.31,5.0,0.52,10.0,0.55,5.0,0.48,10.0,0.45,5.0,0.65,10.0,0.69,5.0,0.17,0.17,43.404909,1776204975000
1776204977.442,77.442,0.35,10.0,0.31,5.0,0.52,10.0,0.55,5.0,0.48,10.0,0.45,5.0,0.65,10.0,0.69,5.0,0.17,0.17,43.412327,1776204976000
1776204978.182,78.182,0.35,10.0,0.31,5.0,0.52,10.0,0.55,5.0,0.48,10.0,0.45,5.0,0.65,10.0,0.69,5.0,0.17,0.17,43.412443,1776204977000
1776204979.177,79.177,0.35,10.0,0.31,5.0,0.52,10.0,0.55,5.0,0.48,10.0,0.45,5.0,0.65,10.0,0.69,5.0,0.17,0.17,43.413415,1776204978000
1776204980.361,80.361,0.35,10.0,0.31,5.0,0.52,10.0,0.55,5.0,0.48,10.0,0.45,5.0,0.65,10.0,0.69,5.0,0.17,0.17,43.413415,1776204979000
1776204980.965,80.965,0.35,10.0,0.31,5.0,0.52,10.0,0.55,5.0,0.48,10.0,0.45,5.0,0.65,10.0,0.69,5.0,0.17,0.17,43.413332,1776204980000
1776204982.105,82.105,0.35,10.0,0.31,5.0,0.52,10.0,0.55,5.0,0.48,10.0,0.45,5.0,0.65,10.0,0.69,5.0,0.17,0.17,43.413125,1776204981000
1776204983.611,83.611,0.35,10.0,0.31,5.0,0.52,10.0,0.55,5.0,0.48,10.0,0.45,5.0,0.65,10.0,0.69,5.0,0.17,0.17,43.413092,1776204982000
1776204984.042,84.042,0.35,10.0,0.31,5.0,0.52,10.0,0.55,5.0,0.48,10.0,0.45,5.0,0.65,10.0,0.69,5.0,0.17,0.17,43.413092,1776204983000
1776204985.364,85.364,0.35,10.0,0.31,5.0,0.52,10.0,0.55,5.0,0.48,10.0,0.45,5.0,0.65,10.0,0.69,5.0,0.17,0.17,43.413128,1776204984000
1776204985.957,85.957,0.35,10.0,0.31,5.0,0.52,10.0,0.55,5.0,0.48,10.0,0.45,5.0,0.65,10.0,0.69,5.0,0.17,0.17,43.413006,1776204985000
1776204987.418,87.418,0.35,10.0,0.31,5.0,0.52,10.0,0.55,5.0,0.48,10.0,0.45,5.0,0.65,10.0,0.69,5.0,0.17,0.17,43.413003,1776204986000
1776204988.017,88.017,0.35,10.0,0.31,5.0,0.52,10.0,0.55,5.0,0.48,10.0,0.45,5.0,0.65,10.0,0.69,5.0,0.17,0.17,43.413298,1776204987000
1776204989.069,89.069,0.35,10.0,0.31,5.0,0.52,10.0,0.55,5.0,0.48,10.0,0.45,5.0,0.65,10.0,0.69,5.0,0.17,0.17,43.413298,1776204988000
1776204990.311,90.311,0.35,10.0,0.31,5.0,0.52,10.0,0.55,5.0,0.48,10.0,0.45,5.0,0.65,10.0,0.69,5.0,0.17,0.17,43.412561,1776204989000
1776204990.975,90.975,0.35,10.0,0.31,5.0,0.52,10.0,0.55,5.0,0.48,10.0,0.45,5.0,0.65,10.0,0.69,5.0,0.17,0.17,43.412708,1776204990000
1776204992.101,92.101,0.35,10.0,0.31,5.0,0.52,10.0,0.55,5.0,0.48,10.0,0.45,5.0,0.65,10.0,0.69,5.0,0.17,0.17,43.412876,1776204991000
1776204993.17,93.17,0.35,10.0,0.31,5.0,0.52,10.0,0.55,5.0,0.48,10.0,0.45,5.0,0.65,10.0,0.69,5.0,0.17,0.17,43.412993,1776204992000
1776204993.85,93.85,0.35,10.0,0.31,5.0,0.52,10.0,0.55,5.0,0.48,10.0,0.45,5.0,0.65,10.0,0.69,5.0,0.17,0.17,43.412993,1776204993000
1776204995.037,95.037,0.35,10.0,0.31,5.0,0.52,10.0,0.55,5.0,0.48,10.0,0.45,5.0,0.65,10.0,0.69,5.0,0.17,0.17,43.413048,1776204994000
1776204996.145,96.145,0.35,10.0,0.31,5.0,0.52,10.0,0.55,5.0,0.48,10.0,0.45,5.0,0.65,10.0,0.69,5.0,0.17,0.17,43.41306,1776204995000
1776204997.138,97.138,0.35,10.0,0.31,5.0,0.52,10.0,0.55,5.0,0.48,10.0,0.45,5.0,0.65,10.0,0.69,5.0,0.17,0.17,43.414119,1776204996000
1776204998.912,98.912,0.35,10.0,0.31,5.0,0.52,10.0,0.55,5.0,0.48,10.0,0.45,5.0,0.65,10.0,0.69,5.0,0.17,0.17,43.41409,1776204997000
1776204999.606,99.606,0.35,10.0,0.31,5.0,0.52,10.0,0.55,5.0,0.48,10.0,0.45,5.0,0.65,10.0,0.69,5.0,0.17,0.17,43.41409,1776204998000
1776205000.143,100.143,0.35,10.0,0.31,5.0,0.52,10.0,0.55,5.0,0.48,10.0,0.45,5.0,0.65,10.0,0.69,5.0,0.17,0.17,43.41409,1776204999000
1776205001.171,101.171,0.35,10.0,0.31,5.0,0.52,10.0,0.55,5.0,0.48,10.0,0.45,5.0,0.65,10.0,0.69,5.0,0.17,0.17,43.413652,1776205000000
1776205002.305,102.305,0.35,10.0,0.31,5.0,0.52,10.0,0.55,5.0,0.48,10.0,0.45,5.0,0.65,10.0,0.69,5.0,0.17,0.17,43.413659,1776205001000
1776205003.557,103.557,0.35,10.0,0.31,5.0,0.52,10.0,0.55,5.0,0.48,10.0,0.45,5.0,0.65,10.0,0.69,5.0,0.17,0.17,43.414121,1776205002000
1776205004.043,104.043,0.35,10.0,0.31,5.0,0.52,10.0,0.55,5.0,0.48,10.0,0.45,5.0,0.65,10.0,0.69,5.0,0.17,0.17,43.414121,1776205003000
1776205005.373,105.373,0.35,10.0,0.31,5.0,0.52,10.0,0.55,5.0,0.48,10.0,0.45,5.0,0.65,10.0,0.69,5.0,0.17,0.17,43.414121,1776205004000
1776205006.046,106.046,0.35,10.0,0.31,5.0,0.52,10.0,0.55,5.0,0.48,10.0,0.45,5.0,0.65,10.0,0.69,5.0,0.17,0.17,43.414231,1776205005000
1776205007.168,107.168,0.35,10.0,0.31,5.0,0.52,10.0,0.55,5.0,0.48,10.0,0.45,5.0,0.65,10.0,0.69,5.0,0.17,0.17,43.413981,1776205006000
1776205008.38,108.38,0.35,10.0,0.31,5.0,0.52,10.0,0.55,5.0,0.48,10.0,0.45,5.0,0.65,10.0,0.69,5.0,0.17,0.17,43.410246,1776205007000
1776205009.923,109.923,0.35,10.0,0.31,5.0,0.52,10.0,0.55,5.0,0.48,10.0,0.45,5.0,0.65,10.0,0.69,5.0,0.17,0.17,43.40466,1776205008000
1776205010.352,110.352,0.35,10.0,0.31,5.0,0.52,10.0,0.55,5.0,0.48,10.0,0.45,5.0,0.65,10.0,0.69,5.0,0.17,0.17,43.398964,1776205009000
1776205010.952,110.952,0.35,10.0,0.31,5.0,0.52,10.0,0.55,5.0,0.48,10.0,0.45,5.0,0.65,10.0,0.69,5.0,0.17,0.17,43.39594,1776205010000
1776205012.243,112.243,0.35,10.0,0.31,5.0,0.52,10.0,0.55,5.0,0.48,10.0,0.45,5.0,0.65,10.0,0.69,5.0,0.17,0.17,43.396096,1776205011000
1776205012.899,112.899,0.35,10.0,0.31,5.0,0.52,10.0,0.55,5.0,0.48,10.0,0.45,5.0,0.65,10.0,0.69,5.0,0.17,0.17,43.396096,1776205012000
1776205014.471,114.471,0.35,10.0,0.31,5.0,0.52,10.0,0.55,5.0,0.48,10.0,0.45,5.0,0.65,10.0,0.69,5.0,0.17,0.17,43.39622,1776205013000
1776205015.027,115.027,0.35,10.0,0.31,5.0,0.52,10.0,0.55,5.0,0.48,10.0,0.45,5.0,0.65,10.0,0.69,5.0,0.17,0.17,43.39622,1776205014000
1776205016.158,116.158,0.35,10.0,0.31,5.0,0.52,10.0,0.55,5.0,0.48,10.0,0.45,5.0,0.65,10.0,0.69,5.0,0.17,0.17,43.396342,1776205015000
1776205017.14,117.14,0.35,10.0,0.31,5.0,0.52,10.0,0.55,5.0,0.48,10.0,0.45,5.0,0.65,10.0,0.69,5.0,0.17,0.17,43.396342,1776205016000
1776205018.238,118.238,0.35,10.0,0.31,5.0,0.52,10.0,0.55,5.0,0.48,10.0,0.45,5.0,0.65,10.0,0.69,5.0,0.17,0.17,43.396257,1776205017000
1776205019.315,119.315,0.35,10.0,0.31,5.0,0.52,10.0,0.55,5.0,0.48,10.0,0.45,5.0,0.65,10.0,0.69,5.0,0.17,0.17,43.396017,1776205018000
1776205020.39,120.39,0.35,10.0,0.31,5.0,0.52,10.0,0.55,5.0,0.48,10.0,0.45,5.0,0.65,10.0,0.69,5.0,0.17,0.17,43.395984,1776205019000
1776205020.873,120.873,0.35,10.0,0.31,5.0,0.52,10.0,0.55,5.0,0.48,10.0,0.45,5.0,0.65,10.0,0.69,5.0,0.17,0.17,43.395984,1776205020000
1776205021.949,121.949,0.35,10.0,0.31,5.0,0.52,10.0,0.55,5.0,0.48,10.0,0.45,5.0,0.65,10.0,0.69,5.0,0.17,0.17,43.395826,1776205021000
1776205022.947,122.947,0.35,10.0,0.31,5.0,0.52,10.0,0.55,5.0,0.48,10.0,0.45,5.0,0.65,10.0,0.69,5.0,0.17,0.17,43.395826,1776205022000
1776205024.057,124.057,0.35,10.0,0.31,5.0,0.52,10.0,0.55,5.0,0.48,10.0,0.45,5.0,0.65,10.0,0.69,5.0,0.17,0.17,43.395915,1776205023000
1776205025.158,125.158,0.35,10.0,0.31,5.0,0.52,10.0,0.55,5.0,0.48,10.0,0.45,5.0,0.65,10.0,0.69,5.0,0.17,0.17,43.395915,1776205024000
1776205026.108,126.108,0.35,10.0,0.31,5.0,0.52,10.0,0.55,5.0,0.48,10.0,0.45,5.0,0.65,10.0,0.69,5.0,0.17,0.17,43.395593,1776205025000
1776205027.323,127.323,0.35,10.0,0.31,5.0,0.52,10.0,0.55,5.0,0.48,10.0,0.45,5.0,0.65,10.0,0.69,5.0,0.17,0.17,43.395691,1776205026000
1776205028.548,128.548,0.35,10.0,0.31,5.0,0.52,10.0,0.55,5.0,0.48,10.0,0.45,5.0,0.65,10.0,0.69,5.0,0.17,0.17,43.395931,1776205027000
1776205029.282,129.282,0.35,10.0,0.31,5.0,0.52,10.0,0.55,5.0,0.48,10.0,0.45,5.0,0.65,10.0,0.69,5.0,0.17,0.17,43.395949,1776205028000
1776205030.517,130.517,0.35,10.0,0.31,5.0,0.52,10.0,0.55,5.0,0.48,10.0,0.45,5.0,0.65,10.0,0.69,5.0,0.17,0.17,43.395921,1776205029000
1776205031.396,131.396,0.35,10.0,0.31,5.0,0.52,10.0,0.55,5.0,0.48,10.0,0.45,5.0,0.65,10.0,0.69,5.0,0.17,0.17,43.396075,1776205030000
1776205032.017,132.017,0.35,10.0,0.31,5.0,0.52,10.0,0.55,5.0,0.48,10.0,0.45,5.0,0.65,10.0,0.69,5.0,0.17,0.17,43.396047,1776205031000
1776205033.616,133.616,0.35,10.0,0.31,5.0,0.52,10.0,0.55,5.0,0.48,10.0,0.45,5.0,0.65,10.0,0.69,5.0,0.17,0.17,43.3956,1776205032000
1776205034.278,134.278,0.35,10.0,0.31,5.0,0.52,10.0,0.55,5.0,0.48,10.0,0.45,5.0,0.65,10.0,0.69,5.0,0.17,0.17,43.395651,1776205033000
1776205035.661,135.661,0.35,10.0,0.31,5.0,0.52,10.0,0.55,5.0,0.48,10.0,0.45,5.0,0.65,10.0,0.69,5.0,0.17,0.17,43.395771,1776205034000
1776205036.366,136.366,0.35,10.0,0.31,5.0,0.52,10.0,0.55,5.0,0.48,10.0,0.45,5.0,0.65,10.0,0.69,5.0,0.17,0.17,43.395771,1776205035000
1776205037.049,137.049,0.35,10.0,0.31,5.0,0.52,10.0,0.55,5.0,0.48,10.0,0.45,5.0,0.65,10.0,0.69,5.0,0.17,0.17,43.395531,1776205036000
1776205038.551,138.551,0.35,10.0,0.31,5.0,0.52,10.0,0.55,5.0,0.48,10.0,0.45,5.0,0.65,10.0,0.69,5.0,0.17,0.17,43.395353,1776205037000
1776205039.255,139.255,0.35,10.0,0.31,5.0,0.52,10.0,0.55,5.0,0.48,10.0,0.45,5.0,0.65,10.0,0.69,5.0,0.17,0.17,43.395353,1776205038000
1776205040.528,140.528,0.35,10.0,0.31,5.0,0.52,10.0,0.55,5.0,0.48,10.0,0.45,5.0,0.65,10.0,0.69,5.0,0.17,0.17,43.395913,1776205039000
1776205041.27,141.27,0.35,10.0,0.31,5.0,0.52,10.0,0.55,5.0,0.48,10.0,0.45,5.0,0.65,10.0,0.69,5.0,0.17,0.17,43.395702,1776205040000
1776205042.644,142.644,0.35,10.0,0.31,5.0,0.52,10.0,0.55,5.0,0.48,10.0,0.45,5.0,0.65,10.0,0.69,5.0,0.17,0.17,43.395807,1776205041000
1776205043.248,143.248,0.35,10.0,0.31,5.0,0.52,10.0,0.55,5.0,0.48,10.0,0.45,5.0,0.65,10.0,0.69,5.0,0.17,0.17,43.395685,1776205042000
1776205044.621,144.621,0.35,10.0,0.31,5.0,0.52,10.0,0.55,5.0,0.48,10.0,0.45,5.0,0.65,10.0,0.69,5.0,0.17,0.17,43.395685,1776205043000
1776205045.266,145.266,0.35,10.0,0.31,5.0,0.52,10.0,0.55,5.0,0.48,10.0,0.45,5.0,0.65,10.0,0.69,5.0,0.17,0.17,43.395661,1776205044000
1776205048.115,148.115,0.35,10.0,0.31,5.0,0.52,10.0,0.55,5.0,0.48,10.0,0.45,5.0,0.65,10.0,0.69,5.0,0.17,0.17,43.394969,1776205045000
1776205048.701,148.701,0.35,10.0,0.31,5.0,0.52,10.0,0.55,5.0,0.48,10.0,0.45,5.0,0.65,10.0,0.69,5.0,0.17,0.17,43.394977,1776205047000
1776205049.563,149.563,0.35,10.0,0.31,5.0,0.52,10.0,0.55,5.0,0.48,10.0,0.45,5.0,0.65,10.0,0.69,5.0,0.17,0.17,43.394977,1776205048000
1776205050.19,150.19,0.35,10.0,0.31,5.0,0.52,10.0,0.55,5.0,0.48,10.0,0.45,5.0,0.65,10.0,0.69,5.0,0.17,0.17,43.394977,1776205049000
1776205051.741,151.741,0.35,10.0,0.31,5.0,0.52,10.0,0.55,5.0,0.48,10.0,0.45,5.0,0.65,10.0,0.69,5.0,0.17,0.17,43.394506,1776205050000
1776205052.457,152.457,0.35,10.0,0.31,5.0,0.52,10.0,0.55,5.0,0.48,10.0,0.45,5.0,0.65,10.0,0.69,5.0,0.17,0.17,43.394386,1776205051000
1776205053.052,153.052,0.35,10.0,0.31,5.0,0.52,10.0,0.55,5.0,0.48,10.0,0.45,5.0,0.65,10.0,0.69,5.0,0.17,0.17,43.394206,1776205052000
1776205054.436,154.436,0.35,10.0,0.31,5.0,0.52,10.0,0.55,5.0,0.48,10.0,0.45,5.0,0.65,10.0,0.69,5.0,0.17,0.17,43.394206,1776205053000
1776205055.145,155.145,0.35,10.0,0.31,5.0,0.52,10.0,0.55,5.0,0.48,10.0,0.45,5.0,0.65,10.0,0.69,5.0,0.17,0.17,43.394206,1776205054000
1776205056.326,156.326,0.35,10.0,0.31,5.0,0.52,10.0,0.55,5.0,0.48,10.0,0.45,5.0,0.65,10.0,0.69,5.0,0.17,0.17,43.393546,1776205055000
1776205056.997,156.997,0.35,10.0,0.31,5.0,0.52,10.0,0.55,5.0,0.48,10.0,0.45,5.0,0.65,10.0,0.69,5.0,0.17,0.17,43.393702,1776205056000
1776205058.346,158.346,0.35,10.0,0.31,5.0,0.52,10.0,0.55,5.0,0.48,10.0,0.45,5.0,0.65,10.0,0.69,5.0,0.17,0.17,43.393646,1776205057000
1776205059.034,159.034,0.35,10.0,0.31,5.0,0.52,10.0,0.55,5.0,0.48,10.0,0.45,5.0,0.65,10.0,0.69,5.0,0.17,0.17,43.393766,1776205058000
1776205060.225,160.225,0.35,10.0,0.31,5.0,0.52,10.0,0.55,5.0,0.48,10.0,0.45,5.0,0.65,10.0,0.69,5.0,0.17,0.17,43.39424,1776205059000
1776205061.51,161.51,0.35,10.0,0.31,5.0,0.52,10.0,0.55,5.0,0.48,10.0,0.45,5.0,0.65,10.0,0.69,5.0,0.17,0.17,43.394001,1776205060000
1776205062.091,162.091,0.35,10.0,0.31,5.0,0.52,10.0,0.55,5.0,0.48,10.0,0.45,5.0,0.65,10.0,0.69,5.0,0.17,0.17,43.394001,1776205061000
1776205063.454,163.454,0.35,10.0,0.31,5.0,0.52,10.0,0.55,5.0,0.48,10.0,0.45,5.0,0.65,10.0,0.69,5.0,0.17,0.17,43.39159,1776205062000
1776205063.953,163.953,0.35,10.0,0.31,5.0,0.52,10.0,0.55,5.0,0.48,10.0,0.45,5.0,0.65,10.0,0.69,5.0,0.17,0.17,43.388947,1776205063000
1776205065.647,165.647,0.35,10.0,0.31,5.0,0.52,10.0,0.55,5.0,0.48,10.0,0.45,5.0,0.65,10.0,0.69,5.0,0.17,0.17,43.387872,1776205064000
1776205066.491,166.491,0.35,10.0,0.31,5.0,0.52,10.0,0.55,5.0,0.48,10.0,0.45,5.0,0.65,10.0,0.69,5.0,0.17,0.17,43.387872,1776205065000
1776205067.12,167.12,0.35,10.0,0.31,5.0,0.52,10.0,0.55,5.0,0.48,10.0,0.45,5.0,0.65,10.0,0.69,5.0,0.17,0.17,43.387872,1776205066000
1776205068.333,168.333,0.35,10.0,0.31,5.0,0.52,10.0,0.55,5.0,0.48,10.0,0.45,5.0,0.65,10.0,0.69,5.0,0.17,0.17,43.387751,1776205067000
1776205069.009,169.009,0.35,10.0,0.31,5.0,0.52,10.0,0.55,5.0,0.48,10.0,0.45,5.0,0.65,10.0,0.69,5.0,0.17,0.17,43.387751,1776205068000
1776205070.401,170.401,0.35,10.0,0.31,5.0,0.52,10.0,0.55,5.0,0.48,10.0,0.45,5.0,0.65,10.0,0.69,5.0,0.17,0.17,43.387695,1776205069000
1776205070.954,170.954,0.35,10.0,0.31,5.0,0.52,10.0,0.55,5.0,0.48,10.0,0.45,5.0,0.65,10.0,0.69,5.0,0.17,0.17,43.387695,1776205070000
1776205072.087,172.087,0.35,10.0,0.31,5.0,0.52,10.0,0.55,5.0,0.48,10.0,0.45,5.0,0.65,10.0,0.69,5.0,0.17,0.17,43.3877,1776205071000
1776205073.3,173.3,0.35,10.0,0.31,5.0,0.52,10.0,0.55,5.0,0.48,10.0,0.45,5.0,0.65,10.0,0.69,5.0,0.17,0.17,43.387224,1776205072000
1776205074.497,174.497,0.35,10.0,0.31,5.0,0.52,10.0,0.55,5.0,0.48,10.0,0.45,5.0,0.65,10.0,0.69,5.0,0.17,0.17,43.384883,1776205073000
1776205075.106,175.106,0.35,10.0,0.31,5.0,0.52,10.0,0.55,5.0,0.48,10.0,0.45,5.0,0.65,10.0,0.69,5.0,0.17,0.17,43.386317,1776205074000
1776205076.352,176.352,0.35,10.0,0.31,5.0,0.52,10.0,0.55,5.0,0.48,10.0,0.45,5.0,0.65,10.0,0.69,5.0,0.17,0.17,43.385932,1776205075000
1776205077.513,177.513,0.35,10.0,0.31,5.0,0.52,10.0,0.55,5.0,0.48,10.0,0.45,5.0,0.65,10.0,0.69,5.0,0.17,0.17,43.385925,1776205076000
1776205078.063,178.063,0.35,10.0,0.31,5.0,0.52,10.0,0.55,5.0,0.48,10.0,0.45,5.0,0.65,10.0,0.69,5.0,0.17,0.17,43.38553,1776205077000
1776205079.227,179.227,0.35,10.0,0.31,5.0,0.52,10.0,0.55,5.0,0.48,10.0,0.45,5.0,0.65,10.0,0.69,5.0,0.17,0.17,43.386208,1776205078000
1776205080.406,180.406,0.35,10.0,0.31,5.0,0.52,10.0,0.55,5.0,0.48,10.0,0.45,5.0,0.65,10.0,0.69,5.0,0.17,0.17,43.387974,1776205079000
1776205081.498,181.498,0.35,10.0,0.31,5.0,0.52,10.0,0.55,5.0,0.48,10.0,0.45,5.0,0.65,10.0,0.69,5.0,0.17,0.17,43.387885,1776205080000
1776205082.036,182.036,0.35,10.0,0.31,5.0,0.52,10.0,0.55,5.0,0.48,10.0,0.45,5.0,0.65,10.0,0.69,5.0,0.17,0.17,43.388496,1776205081000
1776205083.011,183.011,0.35,10.0,0.31,5.0,0.52,10.0,0.55,5.0,0.48,10.0,0.45,5.0,0.65,10.0,0.69,5.0,0.17,0.17,43.388377,1776205082000
1776205083.982,183.982,0.35,10.0,0.31,5.0,0.52,10.0,0.55,5.0,0.48,10.0,0.45,5.0,0.65,10.0,0.69,5.0,0.17,0.17,43.388377,1776205083000
1776205084.47,184.47,0.25,8.36,0.24,15.0,0.32,26.0,0.36,15.0,0.48,10.0,0.45,5.0,0.65,10.0,0.69,5.0,0.07,0.17,43.388377,1776205083000
1776205084.906,184.906,0.25,8.36,0.24,15.0,0.32,26.0,0.36,15.0,0.68,26.0,0.64,15.0,0.75,8.36,0.76,15.0,0.07,0.07,43.388687,1776205084000
1776205086.079,186.079,0.25,8.36,0.24,15.0,0.32,26.0,0.36,15.0,0.68,26.0,0.64,15.0,0.75,8.36,0.76,15.0,0.07,0.07,43.389159,1776205085000
1776205087.014,187.014,0.25,8.36,0.24,15.0,0.32,26.0,0.36,15.0,0.68,26.0,0.64,15.0,0.75,8.36,0.76,15.0,0.07,0.07,43.389159,1776205086000
1776205088.087,188.087,0.25,8.36,0.24,15.0,0.32,26.0,0.36,15.0,0.68,26.0,0.64,15.0,0.75,8.36,0.76,15.0,0.07,0.07,43.387817,1776205087000
1776205089.044,189.044,0.25,8.36,0.24,15.0,0.32,26.0,0.36,15.0,0.68,26.0,0.64,15.0,0.75,8.36,0.76,15.0,0.07,0.07,43.381407,1776205088000
1776205090.009,190.009,0.25,8.36,0.24,15.0,0.32,26.0,0.36,15.0,0.68,26.0,0.64,15.0,0.75,8.36,0.76,15.0,0.07,0.07,43.37953,1776205089000
1776205091.036,191.036,0.25,8.36,0.24,15.0,0.32,26.0,0.36,15.0,0.68,26.0,0.64,15.0,0.75,8.36,0.76,15.0,0.07,0.07,43.378548,1776205090000
1776205091.726,191.726,0.15,12.64,0.14,15.0,0.2,10.0,0.21,13.0,0.68,26.0,0.64,15.0,0.75,8.36,0.76,15.0,0.05,0.07,43.378548,1776205090000
1776205092.003,192.003,0.15,12.64,0.14,15.0,0.2,10.0,0.21,13.0,0.8,10.0,0.79,13.0,0.85,12.64,0.86,15.0,0.05,0.05,43.37774,1776205091000
1776205092.993,192.993,0.06,15.0,0.05,15.0,0.14,10.0,0.15,15.0,0.8,10.0,0.79,13.0,0.85,12.64,0.86,15.0,0.08,0.05,43.37774,1776205091000
1776205094.769,194.769,0.06,15.0,0.05,15.0,0.14,10.0,0.15,15.0,0.86,10.0,0.85,15.0,0.94,15.0,0.95,15.0,0.08,0.08,43.366728,1776205093000
1776205095.307,195.307,0.06,15.0,0.05,15.0,0.14,10.0,0.15,15.0,0.86,10.0,0.85,15.0,0.94,15.0,0.95,15.0,0.08,0.08,43.363121,1776205094000
1776205095.885,195.885,0.06,15.0,0.05,15.0,0.14,10.0,0.15,15.0,0.86,10.0,0.85,15.0,0.94,15.0,0.95,15.0,0.08,0.08,43.364004,1776205095000
1776205096.198,196.198,0.1,13.88,0.09,15.0,0.21,10.0,0.28,15.0,0.86,10.0,0.85,15.0,0.94,15.0,0.95,15.0,0.11,0.08,43.364004,1776205095000
1776205096.985,196.985,0.1,13.88,0.09,15.0,0.21,10.0,0.28,15.0,0.79,10.0,0.72,15.0,0.9,13.88,0.91,15.0,0.11,0.11,43.363659,1776205096000
1776205098.074,198.074,0.1,13.88,0.09,15.0,0.21,10.0,0.28,15.0,0.79,10.0,0.72,15.0,0.9,13.88,0.91,15.0,0.11,0.11,43.37305,1776205097000
1776205099.159,199.159,0.1,13.88,0.09,15.0,0.21,10.0,0.28,15.0,0.79,10.0,0.72,15.0,0.9,13.88,0.91,15.0,0.11,0.11,43.376715,1776205098000
1776205100.179,200.179,0.1,13.88,0.09,15.0,0.21,10.0,0.28,15.0,0.79,10.0,0.72,15.0,0.9,13.88,0.91,15.0,0.11,0.11,43.383167,1776205099000
1776205101.198,201.198,0.1,13.88,0.09,15.0,0.21,10.0,0.28,15.0,0.79,10.0,0.72,15.0,0.9,13.88,0.91,15.0,0.11,0.11,43.386927,1776205100000
1776205102.252,202.252,0.1,13.88,0.09,15.0,0.21,10.0,0.28,15.0,0.79,10.0,0.72,15.0,0.9,13.88,0.91,15.0,0.11,0.11,43.393035,1776205101000
1776205102.506,202.506,0.24,11.05,0.23,15.0,0.38,10.0,0.47,15.0,0.79,10.0,0.72,15.0,0.9,13.88,0.91,15.0,0.14,0.11,43.393035,1776205101000
1776205103.341,203.341,0.24,11.05,0.23,15.0,0.38,10.0,0.47,15.0,0.62,10.0,0.53,15.0,0.76,11.05,0.77,15.0,0.14,0.14,43.394896,1776205102000
1776205104.433,204.433,0.24,11.05,0.23,15.0,0.38,10.0,0.47,15.0,0.62,10.0,0.53,15.0,0.76,11.05,0.77,15.0,0.14,0.14,43.395959,1776205103000
1776205104.963,204.963,0.24,11.05,0.23,15.0,0.38,10.0,0.47,15.0,0.62,10.0,0.53,15.0,0.76,11.05,0.77,15.0,0.14,0.14,43.395959,1776205104000
1776205106.038,206.038,0.24,11.05,0.23,15.0,0.38,10.0,0.47,15.0,0.62,10.0,0.53,15.0,0.76,11.05,0.77,15.0,0.14,0.14,43.396045,1776205105000
1776205107.042,207.042,0.24,11.05,0.23,15.0,0.38,10.0,0.47,15.0,0.62,10.0,0.53,15.0,0.76,11.05,0.77,15.0,0.14,0.14,43.396906,1776205106000
1776205110.96,210.96,0.24,11.05,0.23,15.0,0.38,10.0,0.47,15.0,0.62,10.0,0.53,15.0,0.76,11.05,0.77,15.0,0.14,0.14,43.397644,1776205109000
1776205111.466,211.466,0.24,11.05,0.23,15.0,0.38,10.0,0.47,15.0,0.62,10.0,0.53,15.0,0.76,11.05,0.77,15.0,0.14,0.14,43.394306,1776205110000
1776205112.149,212.149,0.24,11.05,0.23,15.0,0.38,10.0,0.47,15.0,0.62,10.0,0.53,15.0,0.76,11.05,0.77,15.0,0.14,0.14,43.392091,1776205111000
1776205113.126,213.126,0.24,11.05,0.23,15.0,0.38,10.0,0.47,15.0,0.62,10.0,0.53,15.0,0.76,11.05,0.77,15.0,0.14,0.14,43.389682,1776205112000
1776205114.127,214.127,0.24,11.05,0.23,15.0,0.38,10.0,0.47,15.0,0.62,10.0,0.53,15.0,0.76,11.05,0.77,15.0,0.14,0.14,43.382675,1776205113000
1776205115.32,215.32,0.24,11.05,0.23,15.0,0.38,10.0,0.47,15.0,0.62,10.0,0.53,15.0,0.76,11.05,0.77,15.0,0.14,0.14,43.382936,1776205114000
1776205115.901,215.901,0.24,11.05,0.23,15.0,0.38,10.0,0.47,15.0,0.62,10.0,0.53,15.0,0.76,11.05,0.77,15.0,0.14,0.14,43.385771,1776205115000
1776205116.972,216.972,0.24,11.05,0.23,15.0,0.38,10.0,0.47,15.0,0.62,10.0,0.53,15.0,0.76,11.05,0.77,15.0,0.14,0.14,43.38732,1776205116000
1776205118.009,218.009,0.24,11.05,0.23,15.0,0.38,10.0,0.47,15.0,0.62,10.0,0.53,15.0,0.76,11.05,0.77,15.0,0.14,0.14,43.387419,1776205117000
1776205119.031,219.031,0.24,11.05,0.23,15.0,0.38,10.0,0.47,15.0,0.62,10.0,0.53,15.0,0.76,11.05,0.77,15.0,0.14,0.14,43.387419,1776205118000
1776205120.046,220.046,0.24,11.05,0.23,15.0,0.38,10.0,0.47,15.0,0.62,10.0,0.53,15.0,0.76,11.05,0.77,15.0,0.14,0.14,43.384441,1776205119000
1776205121.075,221.075,0.24,11.05,0.23,15.0,0.38,10.0,0.47,15.0,0.62,10.0,0.53,15.0,0.76,11.05,0.77,15.0,0.14,0.14,43.382887,1776205120000
1776205122.336,222.336,0.24,11.05,0.23,15.0,0.38,10.0,0.47,15.0,0.62,10.0,0.53,15.0,0.76,11.05,0.77,15.0,0.14,0.14,43.383238,1776205121000
1776205123.299,223.299,0.24,11.05,0.23,15.0,0.38,10.0,0.47,15.0,0.62,10.0,0.53,15.0,0.76,11.05,0.77,15.0,0.14,0.14,43.383369,1776205122000
1776205125.911,225.911,0.24,11.05,0.23,15.0,0.38,10.0,0.47,15.0,0.62,10.0,0.53,15.0,0.76,11.05,0.77,15.0,0.14,0.14,43.382928,1776205124000
1776205126.336,226.336,0.13,255.0,0.12,15.0,0.75,11.04,0.76,15.0,0.62,10.0,0.53,15.0,0.76,11.05,0.77,15.0,0.62,0.14,43.382928,1776205124000
1776205127.352,227.352,0.13,255.0,0.12,15.0,0.75,11.04,0.76,15.0,0.25,11.04,0.24,15.0,0.87,255.0,0.88,15.0,0.62,0.62,43.382844,1776205126000
1776205128.297,228.297,0.13,255.0,0.12,15.0,0.75,11.04,0.76,15.0,0.25,11.04,0.24,15.0,0.87,255.0,0.88,15.0,0.62,0.62,43.426709,1776205127000
1776205129.32,229.32,0.13,255.0,0.12,15.0,0.75,11.04,0.76,15.0,0.25,11.04,0.24,15.0,0.87,255.0,0.88,15.0,0.62,0.62,43.436655,1776205128000
1776205129.86,229.86,0.37,10.0,0.18,15.0,0.54,7.68,0.76,15.0,0.25,11.04,0.24,15.0,0.87,255.0,0.88,15.0,0.17,0.62,43.436655,1776205128000
1776205130.305,230.305,0.35,10.0,0.18,15.0,0.52,6.17,0.75,15.0,0.46,7.68,0.24,15.0,0.63,10.0,0.82,15.0,0.17,0.17,43.436655,1776205128000
1776205130.831,230.831,0.35,10.0,0.18,15.0,0.52,6.17,0.75,15.0,0.48,6.17,0.25,15.0,0.65,10.0,0.82,15.0,0.17,0.17,43.435244,1776205130000
1776205131.808,231.808,0.35,10.0,0.18,15.0,0.52,6.17,0.75,15.0,0.48,6.17,0.25,15.0,0.65,10.0,0.82,15.0,0.17,0.17,43.423301,1776205131000
1776205132.814,232.814,0.35,10.0,0.18,15.0,0.52,6.17,0.75,15.0,0.48,6.17,0.25,15.0,0.65,10.0,0.82,15.0,0.17,0.17,43.418744,1776205132000
1776205133.85,233.85,0.37,6.31,0.24,15.0,0.54,10.0,0.73,15.0,0.48,6.17,0.25,15.0,0.65,10.0,0.82,15.0,0.17,0.17,43.418744,1776205132000
1776205134.339,234.339,0.37,6.31,0.24,15.0,0.54,10.0,0.73,15.0,0.46,10.0,0.27,15.0,0.63,6.31,0.76,15.0,0.17,0.17,43.416513,1776205133000
1776205135.377,235.377,0.37,6.31,0.24,15.0,0.54,10.0,0.73,15.0,0.46,10.0,0.27,15.0,0.63,6.31,0.76,15.0,0.17,0.17,43.416506,1776205134000
1776205135.945,235.945,0.37,6.31,0.24,15.0,0.54,10.0,0.73,15.0,0.46,10.0,0.27,15.0,0.63,6.31,0.76,15.0,0.17,0.17,43.416471,1776205135000
1776205137.367,237.367,0.37,6.31,0.24,15.0,0.54,10.0,0.73,15.0,0.46,10.0,0.27,15.0,0.63,6.31,0.76,15.0,0.17,0.17,43.414167,1776205136000
1776205137.966,237.966,0.37,6.31,0.24,15.0,0.54,10.0,0.73,15.0,0.46,10.0,0.27,15.0,0.63,6.31,0.76,15.0,0.17,0.17,43.413031,1776205137000
1776205138.855,238.855,0.37,6.31,0.24,15.0,0.54,10.0,0.73,15.0,0.46,10.0,0.27,15.0,0.63,6.31,0.76,15.0,0.17,0.17,43.416732,1776205138000
1776205140.605,240.605,0.37,6.31,0.24,15.0,0.54,10.0,0.73,15.0,0.46,10.0,0.27,15.0,0.63,6.31,0.76,15.0,0.17,0.17,43.418126,1776205139000
1776205141.638,241.638,0.37,6.31,0.24,15.0,0.54,10.0,0.73,15.0,0.46,10.0,0.27,15.0,0.63,6.31,0.76,15.0,0.17,0.17,43.419008,1776205140000
1776205142.267,242.267,0.37,6.31,0.24,15.0,0.54,10.0,0.73,15.0,0.46,10.0,0.27,15.0,0.63,6.31,0.76,15.0,0.17,0.17,43.424016,1776205141000
1776205143.924,243.924,0.37,6.31,0.24,15.0,0.54,10.0,0.73,15.0,0.46,10.0,0.27,15.0,0.63,6.31,0.76,15.0,0.17,0.17,43.425288,1776205142000
1776205144.682,244.682,0.37,6.31,0.24,15.0,0.54,10.0,0.73,15.0,0.46,10.0,0.27,15.0,0.63,6.31,0.76,15.0,0.17,0.17,43.424699,1776205143000
1776205145.455,245.455,0.37,6.31,0.24,15.0,0.54,10.0,0.73,15.0,0.46,10.0,0.27,15.0,0.63,6.31,0.76,15.0,0.17,0.17,43.424629,1776205144000
1776205146.194,246.194,0.37,6.31,0.24,15.0,0.54,10.0,0.73,15.0,0.46,10.0,0.27,15.0,0.63,6.31,0.76,15.0,0.17,0.17,43.424594,1776205145000
1776205147.633,247.633,0.37,6.31,0.24,15.0,0.54,10.0,0.73,15.0,0.46,10.0,0.27,15.0,0.63,6.31,0.76,15.0,0.17,0.17,43.421679,1776205146000
1776205148.425,248.425,0.37,6.31,0.24,15.0,0.54,10.0,0.73,15.0,0.46,10.0,0.27,15.0,0.63,6.31,0.76,15.0,0.17,0.17,43.422131,1776205147000
1776205149.148,249.148,0.37,6.31,0.24,15.0,0.54,10.0,0.73,15.0,0.46,10.0,0.27,15.0,0.63,6.31,0.76,15.0,0.17,0.17,43.422297,1776205148000
1776205150.615,250.615,0.37,6.31,0.24,15.0,0.54,10.0,0.73,15.0,0.46,10.0,0.27,15.0,0.63,6.31,0.76,15.0,0.17,0.17,43.423377,1776205149000
1776205151.266,251.266,0.37,6.31,0.24,15.0,0.54,10.0,0.73,15.0,0.46,10.0,0.27,15.0,0.63,6.31,0.76,15.0,0.17,0.17,43.424221,1776205150000
1776205152.761,252.761,0.37,6.31,0.24,15.0,0.54,10.0,0.73,15.0,0.46,10.0,0.27,15.0,0.63,6.31,0.76,15.0,0.17,0.17,43.422944,1776205151000
1776205153.405,253.405,0.37,6.31,0.24,15.0,0.54,10.0,0.73,15.0,0.46,10.0,0.27,15.0,0.63,6.31,0.76,15.0,0.17,0.17,43.422944,1776205152000
1776205154.135,254.135,0.37,6.31,0.24,15.0,0.54,10.0,0.73,15.0,0.46,10.0,0.27,15.0,0.63,6.31,0.76,15.0,0.17,0.17,43.423199,1776205153000
1776205155.516,255.516,0.37,6.31,0.24,15.0,0.54,10.0,0.73,15.0,0.46,10.0,0.27,15.0,0.63,6.31,0.76,15.0,0.17,0.17,43.443171,1776205154000
1776205156.252,256.252,0.37,6.31,0.24,15.0,0.54,10.0,0.73,15.0,0.46,10.0,0.27,15.0,0.63,6.31,0.76,15.0,0.17,0.17,43.445302,1776205155000
1776205157.616,257.616,0.37,6.31,0.24,15.0,0.54,10.0,0.73,15.0,0.46,10.0,0.27,15.0,0.63,6.31,0.76,15.0,0.17,0.17,43.446304,1776205156000
1776205158.282,258.282,0.37,6.31,0.24,15.0,0.54,10.0,0.73,15.0,0.46,10.0,0.27,15.0,0.63,6.31,0.76,15.0,0.17,0.17,43.446422,1776205157000
1776205159.321,259.321,0.37,6.31,0.24,15.0,0.54,10.0,0.73,15.0,0.46,10.0,0.27,15.0,0.63,6.31,0.76,15.0,0.17,0.17,43.446758,1776205158000
1776205160.351,260.351,0.37,6.31,0.24,15.0,0.54,10.0,0.73,15.0,0.46,10.0,0.27,15.0,0.63,6.31,0.76,15.0,0.17,0.17,43.446002,1776205159000
1776205160.914,260.914,0.37,6.31,0.24,15.0,0.54,10.0,0.73,15.0,0.46,10.0,0.27,15.0,0.63,6.31,0.76,15.0,0.17,0.17,43.447218,1776205160000
1776205161.998,261.998,0.37,6.31,0.24,15.0,0.54,10.0,0.73,15.0,0.46,10.0,0.27,15.0,0.63,6.31,0.76,15.0,0.17,0.17,43.446412,1776205161000
1776205162.962,262.962,0.37,6.31,0.24,15.0,0.54,10.0,0.73,15.0,0.46,10.0,0.27,15.0,0.63,6.31,0.76,15.0,0.17,0.17,43.446232,1776205162000
1776205164.155,264.155,0.37,6.31,0.24,15.0,0.54,10.0,0.73,15.0,0.46,10.0,0.27,15.0,0.63,6.31,0.76,15.0,0.17,0.17,43.445451,1776205163000
1776205165.224,265.224,0.37,6.31,0.24,15.0,0.54,10.0,0.73,15.0,0.46,10.0,0.27,15.0,0.63,6.31,0.76,15.0,0.17,0.17,43.44019,1776205164000
1776205166.32,266.32,0.37,6.31,0.24,15.0,0.54,10.0,0.73,15.0,0.46,10.0,0.27,15.0,0.63,6.31,0.76,15.0,0.17,0.17,43.439855,1776205165000
1776205167.428,267.428,0.37,6.31,0.24,15.0,0.54,10.0,0.73,15.0,0.46,10.0,0.27,15.0,0.63,6.31,0.76,15.0,0.17,0.17,43.439213,1776205166000
1776205167.998,267.998,0.37,6.31,0.24,15.0,0.54,10.0,0.73,15.0,0.46,10.0,0.27,15.0,0.63,6.31,0.76,15.0,0.17,0.17,43.438138,1776205167000
1776205169.005,269.005,0.37,6.31,0.24,15.0,0.54,10.0,0.73,15.0,0.46,10.0,0.27,15.0,0.63,6.31,0.76,15.0,0.17,0.17,43.437359,1776205168000
1776205170.029,270.029,0.37,6.31,0.24,15.0,0.54,10.0,0.73,15.0,0.46,10.0,0.27,15.0,0.63,6.31,0.76,15.0,0.17,0.17,43.436964,1776205169000
1776205171.135,271.135,0.37,6.31,0.24,15.0,0.54,10.0,0.73,15.0,0.46,10.0,0.27,15.0,0.63,6.31,0.76,15.0,0.17,0.17,43.436915,1776205170000
1776205172.114,272.114,0.37,6.31,0.24,15.0,0.54,10.0,0.73,15.0,0.46,10.0,0.27,15.0,0.63,6.31,0.76,15.0,0.17,0.17,43.436912,1776205171000
1776205173.207,273.207,0.37,6.31,0.24,15.0,0.54,10.0,0.73,15.0,0.46,10.0,0.27,15.0,0.63,6.31,0.76,15.0,0.17,0.17,43.439072,1776205172000
1776205174.948,274.948,0.37,6.31,0.24,15.0,0.54,10.0,0.73,15.0,0.46,10.0,0.27,15.0,0.63,6.31,0.76,15.0,0.17,0.17,43.440387,1776205173000
1776205175.825,275.825,0.37,6.31,0.24,15.0,0.54,10.0,0.73,15.0,0.46,10.0,0.27,15.0,0.63,6.31,0.76,15.0,0.17,0.17,43.44117,1776205174000
1776205176.548,276.548,0.37,6.31,0.24,15.0,0.54,10.0,0.73,15.0,0.46,10.0,0.27,15.0,0.63,6.31,0.76,15.0,0.17,0.17,43.440611,1776205175000
1776205177.275,277.275,0.37,6.31,0.24,15.0,0.54,10.0,0.73,15.0,0.46,10.0,0.27,15.0,0.63,6.31,0.76,15.0,0.17,0.17,43.438601,1776205176000
1776205178.924,278.924,0.37,6.31,0.24,15.0,0.54,10.0,0.73,15.0,0.46,10.0,0.27,15.0,0.63,6.31,0.76,15.0,0.17,0.17,43.437081,1776205177000
1776205179.446,279.446,0.37,6.31,0.24,15.0,0.54,10.0,0.73,15.0,0.46,10.0,0.27,15.0,0.63,6.31,0.76,15.0,0.17,0.17,43.437081,1776205178000
1776205180.154,280.154,0.37,6.31,0.24,15.0,0.54,10.0,0.73,15.0,0.46,10.0,0.27,15.0,0.63,6.31,0.76,15.0,0.17,0.17,43.437275,1776205179000
1776205181.6,281.6,0.37,6.31,0.24,15.0,0.54,10.0,0.73,15.0,0.46,10.0,0.27,15.0,0.63,6.31,0.76,15.0,0.17,0.17,43.440249,1776205180000
1776205182.417,282.417,0.37,6.31,0.24,15.0,0.54,10.0,0.73,15.0,0.46,10.0,0.27,15.0,0.63,6.31,0.76,15.0,0.17,0.17,43.437616,1776205181000
1776205183.087,283.087,0.37,6.31,0.24,15.0,0.54,10.0,0.73,15.0,0.46,10.0,0.27,15.0,0.63,6.31,0.76,15.0,0.17,0.17,43.43701,1776205182000
1776205184.579,284.579,0.37,6.31,0.24,15.0,0.54,10.0,0.73,15.0,0.46,10.0,0.27,15.0,0.63,6.31,0.76,15.0,0.17,0.17,43.436628,1776205183000
1776205185.23,285.23,0.37,6.31,0.24,15.0,0.54,10.0,0.73,15.0,0.46,10.0,0.27,15.0,0.63,6.31,0.76,15.0,0.17,0.17,43.436628,1776205184000
1776205186.25,286.25,0.57,10.0,0.15,180.0,0.74,8.64,0.96,5.0,0.46,10.0,0.27,15.0,0.63,6.31,0.76,15.0,0.17,0.17,43.436628,1776205184000
1776205186.64,286.64,0.57,10.0,0.15,180.0,0.74,1.89,0.96,5.0,0.26,8.64,0.04,5.0,0.43,10.0,0.85,180.0,0.17,0.17,43.436628,1776205184000
1776205187.364,287.364,0.57,10.0,0.15,180.0,0.74,1.89,0.96,5.0,0.26,1.89,0.04,5.0,0.43,10.0,0.85,180.0,0.17,0.17,43.436654,1776205186000
1776205188.087,288.087,0.57,10.0,0.15,180.0,0.74,1.89,0.96,5.0,0.26,1.89,0.04,5.0,0.43,10.0,0.85,180.0,0.17,0.17,43.432074,1776205187000
1776205188.983,288.983,0.63,57.0,0.15,100.0,0.8,6.28,0.96,5.0,0.26,1.89,0.04,5.0,0.43,10.0,0.85,180.0,0.17,0.17,43.432074,1776205187000
1776205189.477,289.477,0.63,57.0,0.15,100.0,0.8,6.28,0.96,5.0,0.2,6.28,0.04,5.0,0.37,57.0,0.85,100.0,0.17,0.17,43.430554,1776205188000
1776205190.272,290.272,0.63,57.0,0.15,100.0,0.8,6.28,0.96,5.0,0.2,6.28,0.04,5.0,0.37,57.0,0.85,100.0,0.17,0.17,43.430554,1776205189000
1776205190.487,290.487,0.63,47.0,0.1,100.0,0.8,5.03,0.96,5.0,0.2,6.28,0.04,5.0,0.37,57.0,0.85,100.0,0.17,0.17,43.430554,1776205189000
1776205190.909,290.909,0.1,100.0,0.04,5.0,0.8,3.78,0.96,5.0,0.2,5.03,0.04,5.0,0.37,47.0,0.9,100.0,0.7,0.17,43.430554,1776205189000
1776205191.978,291.978,0.1,100.0,0.04,5.0,0.8,3.78,0.96,5.0,0.2,3.78,0.04,5.0,0.9,100.0,0.96,5.0,0.7,0.7,43.434347,1776205190000
1776205192.526,292.526,0.1,100.0,0.04,5.0,0.8,3.78,0.96,5.0,0.2,3.78,0.04,5.0,0.9,100.0,0.96,5.0,0.7,0.7,43.435084,1776205191000
1776205192.956,292.956,0.1,100.0,0.04,5.0,0.8,3.78,0.96,5.0,0.2,3.78,0.04,5.0,0.9,100.0,0.96,5.0,0.7,0.7,43.43818,1776205192000
1776205194.041,294.041,0.15,100.0,0.04,5.0,0.8,2.53,0.96,5.0,0.2,2.53,0.04,5.0,0.85,100.0,0.96,5.0,0.65,0.65,43.439905,1776205193000
1776205195.04,295.04,0.15,100.0,0.04,5.0,0.8,2.53,0.96,5.0,0.2,2.53,0.04,5.0,0.85,100.0,0.96,5.0,0.65,0.65,43.437523,1776205194000
1776205195.786,295.786,0.15,100.0,0.04,5.0,0.98,1.65,0.99,295.0,0.2,2.53,0.04,5.0,0.85,100.0,0.96,5.0,0.83,0.65,43.437523,1776205194000
1776205196.019,296.019,0.15,100.0,0.04,5.0,0.98,1.65,0.99,295.0,0.02,1.65,0.01,295.0,0.85,100.0,0.96,5.0,0.83,0.83,43.437176,1776205195000
1776205196.396,296.396,0.81,10.0,0.04,5.0,0.98,0.53,0.99,190.0,0.02,1.65,0.01,295.0,0.85,100.0,0.96,5.0,0.17,0.83,43.437176,1776205195000
1776205196.966,296.966,0.81,10.0,0.04,5.0,0.98,0.53,0.99,190.0,0.02,0.53,0.01,190.0,0.19,10.0,0.96,5.0,0.17,0.17,43.437048,1776205196000
1776205197.422,297.422,0.85,10.0,0.04,5.0,0.99,189.41,,,0.02,0.53,0.01,190.0,0.19,10.0,0.96,5.0,0.14,0.17,43.437048,1776205196000
1776205197.658,297.658,0.75,10.0,0.04,5.0,0.99,172.33,,,0.01,175.37,,,0.96,5.0,0.98,10.0,0.24,0.95,43.437048,1776205196000
1776205198.032,298.032,0.75,10.0,0.04,5.0,0.99,167.28,,,0.01,167.28,,,0.25,10.0,0.96,5.0,0.24,0.24,43.433463,1776205197000
1776205198.406,298.406,0.12,62.05,0.11,1.89,0.99,176.13,,,0.01,177.24,,,0.89,1.89,0.95,50.0,0.87,0.88,43.433463,1776205197000
1776205198.775,298.775,0.18,6.0,0.12,62.05,0.99,173.09,,,0.01,176.13,,,0.88,62.05,0.89,1.89,0.81,0.87,43.433463,1776205197000
1776205199.047,299.047,0.18,6.0,0.12,62.05,0.99,118.09,,,0.01,118.09,,,0.82,6.0,0.88,62.05,0.81,0.81,43.431473,1776205198000
1776205199.758,299.758,0.77,20.0,0.61,6.0,0.99,84.23,,,0.01,113.09,,,0.23,20.0,0.39,6.0,0.22,0.22,43.431473,1776205198000
1776205199.977,299.977,0.77,20.0,0.76,6.0,0.99,26.51,,,0.01,55.37,,,0.23,20.0,0.39,6.0,0.22,0.22,43.431473,1776205198000
1776205200.288,300.288,0.99,40.49,0.77,25.0,,,,,0.01,16.51,,,0.23,25.0,0.24,6.0,,0.22,43.431585,1776205199000
1776205201.143,301.143,0.99,40.49,0.77,25.0,,,,,,,,,0.01,40.49,0.23,25.0,,,43.430155,1776205200000

# RESULT,winner=Up,slug=hype-updown-5m-1776204900,ticks=305
