timestamp,elapsed_sec,up_bid_p1,up_bid_s1,up_bid_p2,up_bid_s2,up_ask_p1,up_ask_s1,up_ask_p2,up_ask_s2,down_bid_p1,down_bid_s1,down_bid_p2,down_bid_s2,down_ask_p1,down_ask_s1,down_ask_p2,down_ask_s2,up_spread,down_spread,hype_price,hype_oracle_ts
1776289501.549,1.549,0.41,37.0,0.4,33.0,0.59,37.0,0.6,33.0,0.41,37.0,0.4,33.0,0.59,37.0,0.6,33.0,0.18,0.18,44.902264,1776289500000
1776289502.165,2.165,0.41,37.0,0.4,33.0,0.59,37.0,0.6,33.0,0.41,37.0,0.4,33.0,0.59,37.0,0.6,33.0,0.18,0.18,44.902124,1776289501000
1776289503.505,3.505,0.41,37.0,0.4,33.0,0.59,37.0,0.6,33.0,0.41,37.0,0.4,33.0,0.59,37.0,0.6,33.0,0.18,0.18,44.898925,1776289502000
1776289504.014,4.014,0.51,50.0,0.5,40.0,0.53,5.0,0.55,5.0,0.41,37.0,0.4,33.0,0.59,37.0,0.6,33.0,0.02,0.18,44.898925,1776289502000
1776289505.201,5.201,0.51,50.0,0.5,40.0,0.53,5.0,0.55,5.0,0.47,5.0,0.45,5.0,0.49,50.0,0.5,40.0,0.02,0.02,44.89776,1776289504000
1776289506.371,6.371,0.51,50.0,0.5,40.0,0.53,5.0,0.55,5.0,0.47,5.0,0.45,5.0,0.49,50.0,0.5,40.0,0.02,0.02,44.899034,1776289505000
1776289507.772,7.772,0.51,50.0,0.5,40.0,0.53,5.0,0.55,5.0,0.47,5.0,0.45,5.0,0.49,50.0,0.5,40.0,0.02,0.02,44.898957,1776289506000
1776289508.389,8.389,0.51,50.0,0.5,40.0,0.53,5.0,0.55,5.0,0.47,5.0,0.45,5.0,0.49,50.0,0.5,40.0,0.02,0.02,44.898808,1776289507000
1776289509.2,9.2,0.51,50.0,0.5,40.0,0.53,5.0,0.55,5.0,0.47,5.0,0.45,5.0,0.49,50.0,0.5,40.0,0.02,0.02,44.898843,1776289508000
1776289510.616,10.616,0.51,50.0,0.5,40.0,0.53,5.0,0.55,5.0,0.47,5.0,0.45,5.0,0.49,50.0,0.5,40.0,0.02,0.02,44.899274,1776289509000
1776289511.53,11.53,0.51,50.0,0.5,40.0,0.53,5.0,0.55,5.0,0.47,5.0,0.45,5.0,0.49,50.0,0.5,40.0,0.02,0.02,44.899274,1776289510000
1776289512.722,12.722,0.51,50.0,0.5,40.0,0.53,5.0,0.55,5.0,0.47,5.0,0.45,5.0,0.49,50.0,0.5,40.0,0.02,0.02,44.899476,1776289511000
1776289513.341,13.341,0.51,50.0,0.5,40.0,0.53,5.0,0.55,5.0,0.47,5.0,0.45,5.0,0.49,50.0,0.5,40.0,0.02,0.02,44.899863,1776289512000
1776289514.956,14.956,0.51,50.0,0.5,40.0,0.53,5.0,0.55,5.0,0.47,5.0,0.45,5.0,0.49,50.0,0.5,40.0,0.02,0.02,44.899751,1776289513000
1776289515.845,15.845,0.51,50.0,0.5,40.0,0.53,5.0,0.55,5.0,0.47,5.0,0.45,5.0,0.49,50.0,0.5,40.0,0.02,0.02,44.899616,1776289514000
1776289516.545,16.545,0.51,50.0,0.5,40.0,0.53,5.0,0.55,5.0,0.47,5.0,0.45,5.0,0.49,50.0,0.5,40.0,0.02,0.02,44.899616,1776289515000
1776289517.256,17.256,0.51,50.0,0.5,40.0,0.53,5.0,0.55,5.0,0.47,5.0,0.45,5.0,0.49,50.0,0.5,40.0,0.02,0.02,44.899501,1776289516000
1776289518.658,18.658,0.51,50.0,0.5,40.0,0.53,5.0,0.55,5.0,0.47,5.0,0.45,5.0,0.49,50.0,0.5,40.0,0.02,0.02,44.89969,1776289517000
1776289519.244,19.244,0.51,50.0,0.5,40.0,0.53,5.0,0.55,5.0,0.47,5.0,0.45,5.0,0.49,50.0,0.5,40.0,0.02,0.02,44.899423,1776289518000
1776289519.496,19.496,0.5,27.08,0.48,5.0,0.51,5.0,0.52,5.0,0.47,5.0,0.45,5.0,0.49,50.0,0.5,40.0,0.01,0.02,44.899423,1776289518000
1776289520.583,20.583,0.5,27.08,0.48,5.0,0.51,5.0,0.52,5.0,0.49,5.0,0.48,5.0,0.5,27.08,0.52,5.0,0.01,0.01,44.899547,1776289519000
1776289521.239,21.239,0.5,27.08,0.48,5.0,0.51,5.0,0.52,5.0,0.49,5.0,0.48,5.0,0.5,27.08,0.52,5.0,0.01,0.01,44.899547,1776289520000
1776289521.95,21.95,0.5,27.08,0.48,5.0,0.51,5.0,0.52,5.0,0.49,5.0,0.48,5.0,0.5,27.08,0.52,5.0,0.01,0.01,44.899547,1776289521000
1776289523.27,23.27,0.5,27.08,0.48,5.0,0.51,5.0,0.52,5.0,0.49,5.0,0.48,5.0,0.5,27.08,0.52,5.0,0.01,0.01,44.898885,1776289522000
1776289524.719,24.719,0.5,27.08,0.48,5.0,0.51,5.0,0.52,5.0,0.49,5.0,0.48,5.0,0.5,27.08,0.52,5.0,0.01,0.01,44.898833,1776289523000
1776289525.807,25.807,0.5,27.08,0.48,5.0,0.51,5.0,0.52,5.0,0.49,5.0,0.48,5.0,0.5,27.08,0.52,5.0,0.01,0.01,44.898576,1776289524000
1776289526.311,26.311,0.5,27.08,0.48,5.0,0.51,5.0,0.52,5.0,0.49,5.0,0.48,5.0,0.5,27.08,0.52,5.0,0.01,0.01,44.89858,1776289525000
1776289527.32,27.32,0.5,27.08,0.48,5.0,0.51,5.0,0.52,5.0,0.49,5.0,0.48,5.0,0.5,27.08,0.52,5.0,0.01,0.01,44.898756,1776289526000
1776289527.996,27.996,0.5,27.08,0.48,5.0,0.51,5.0,0.52,5.0,0.49,5.0,0.48,5.0,0.5,27.08,0.52,5.0,0.01,0.01,44.898971,1776289527000
1776289529.234,29.234,0.5,27.08,0.48,5.0,0.51,5.0,0.52,5.0,0.49,5.0,0.48,5.0,0.5,27.08,0.52,5.0,0.01,0.01,44.898971,1776289528000
1776289530.368,30.368,0.5,27.08,0.48,5.0,0.51,5.0,0.52,5.0,0.49,5.0,0.48,5.0,0.5,27.08,0.52,5.0,0.01,0.01,44.89897,1776289529000
1776289530.861,30.861,0.5,27.08,0.48,5.0,0.51,5.0,0.52,5.0,0.49,5.0,0.48,5.0,0.5,27.08,0.52,5.0,0.01,0.01,44.89897,1776289530000
1776289531.97,31.97,0.5,27.08,0.48,5.0,0.51,5.0,0.52,5.0,0.49,5.0,0.48,5.0,0.5,27.08,0.52,5.0,0.01,0.01,44.89897,1776289531000
1776289533.177,33.177,0.5,27.08,0.48,5.0,0.51,5.0,0.52,5.0,0.49,5.0,0.48,5.0,0.5,27.08,0.52,5.0,0.01,0.01,44.89877,1776289532000
1776289534.229,34.229,0.5,27.08,0.48,5.0,0.51,5.0,0.52,5.0,0.49,5.0,0.48,5.0,0.5,27.08,0.52,5.0,0.01,0.01,44.898827,1776289533000
1776289535.427,35.427,0.5,18.97,0.49,5.0,0.51,5.0,0.52,5.0,0.49,5.0,0.48,5.0,0.5,18.97,0.51,5.0,0.01,0.01,44.898753,1776289534000
1776289535.942,35.942,0.5,18.97,0.49,5.0,0.51,5.0,0.52,5.0,0.49,5.0,0.48,5.0,0.5,18.97,0.51,5.0,0.01,0.01,44.898753,1776289535000
1776289537.064,37.064,0.5,18.97,0.49,5.0,0.51,5.0,0.52,5.0,0.49,5.0,0.48,5.0,0.5,18.97,0.51,5.0,0.01,0.01,44.898895,1776289536000
1776289538.128,38.128,0.5,18.97,0.49,5.0,0.51,5.0,0.52,5.0,0.49,5.0,0.48,5.0,0.5,18.97,0.51,5.0,0.01,0.01,44.898895,1776289537000
1776289539.263,39.263,0.5,18.97,0.49,5.0,0.51,5.0,0.52,5.0,0.49,5.0,0.48,5.0,0.5,18.97,0.51,5.0,0.01,0.01,44.900615,1776289538000
1776289540.276,40.276,0.5,18.97,0.49,5.0,0.51,5.0,0.52,5.0,0.49,5.0,0.48,5.0,0.5,18.97,0.51,5.0,0.01,0.01,44.900499,1776289539000
1776289541.349,41.349,0.5,18.97,0.49,5.0,0.51,5.0,0.52,5.0,0.49,5.0,0.48,5.0,0.5,18.97,0.51,5.0,0.01,0.01,44.900356,1776289540000
1776289542.029,42.029,0.5,18.97,0.49,5.0,0.51,5.0,0.52,5.0,0.49,5.0,0.48,5.0,0.5,18.97,0.51,5.0,0.01,0.01,44.900361,1776289541000
1776289543.024,43.024,0.5,18.97,0.49,5.0,0.51,5.0,0.52,5.0,0.49,5.0,0.48,5.0,0.5,18.97,0.51,5.0,0.01,0.01,44.898558,1776289542000
1776289544.003,44.003,0.5,18.97,0.49,5.0,0.51,5.0,0.52,5.0,0.49,5.0,0.48,5.0,0.5,18.97,0.51,5.0,0.01,0.01,44.901086,1776289543000
1776289545.197,45.197,0.5,18.97,0.49,5.0,0.51,5.0,0.52,5.0,0.49,5.0,0.48,5.0,0.5,18.97,0.51,5.0,0.01,0.01,44.901554,1776289544000
1776289546.288,46.288,0.5,18.97,0.49,5.0,0.51,5.0,0.52,5.0,0.49,5.0,0.48,5.0,0.5,18.97,0.51,5.0,0.01,0.01,44.9018,1776289545000
1776289547.037,47.037,0.51,10.0,0.5,23.97,0.54,5.0,0.55,5.0,0.49,5.0,0.48,5.0,0.5,18.97,0.51,5.0,0.03,0.01,44.9018,1776289545000
1776289547.392,47.392,0.51,10.0,0.5,23.97,0.54,5.0,0.55,5.0,0.46,5.0,0.45,5.0,0.49,10.0,0.5,23.97,0.03,0.03,44.901843,1776289546000
1776289547.934,47.934,0.51,10.0,0.5,23.97,0.54,5.0,0.55,5.0,0.46,5.0,0.45,5.0,0.49,10.0,0.5,23.97,0.03,0.03,44.902059,1776289547000
1776289549.153,49.153,0.51,10.0,0.5,23.97,0.54,5.0,0.55,5.0,0.46,5.0,0.45,5.0,0.49,10.0,0.5,23.97,0.03,0.03,44.902154,1776289548000
1776289550.131,50.131,0.51,10.0,0.5,23.97,0.54,5.0,0.55,5.0,0.46,5.0,0.45,5.0,0.49,10.0,0.5,23.97,0.03,0.03,44.902745,1776289549000
1776289551.276,51.276,0.51,10.0,0.5,23.97,0.54,5.0,0.55,5.0,0.46,5.0,0.45,5.0,0.49,10.0,0.5,23.97,0.03,0.03,44.90239,1776289550000
1776289552.355,52.355,0.51,10.0,0.5,23.97,0.54,5.0,0.55,5.0,0.46,5.0,0.45,5.0,0.49,10.0,0.5,23.97,0.03,0.03,44.902723,1776289551000
1776289553.406,53.406,0.51,10.0,0.5,23.97,0.54,5.0,0.55,5.0,0.46,5.0,0.45,5.0,0.49,10.0,0.5,23.97,0.03,0.03,44.903098,1776289552000
1776289554.452,54.452,0.51,10.0,0.5,23.97,0.54,5.0,0.55,5.0,0.46,5.0,0.45,5.0,0.49,10.0,0.5,23.97,0.03,0.03,44.902155,1776289553000
1776289555.907,55.907,0.51,10.0,0.5,23.97,0.54,5.0,0.55,5.0,0.46,5.0,0.45,5.0,0.49,10.0,0.5,23.97,0.03,0.03,44.902142,1776289554000
1776289556.77,56.77,0.51,10.0,0.5,23.97,0.54,5.0,0.55,5.0,0.46,5.0,0.45,5.0,0.49,10.0,0.5,23.97,0.03,0.03,44.902565,1776289555000
1776289557.585,57.585,0.51,10.0,0.5,23.97,0.54,5.0,0.55,5.0,0.46,5.0,0.45,5.0,0.49,10.0,0.5,23.97,0.03,0.03,44.902599,1776289556000
1776289558.234,58.234,0.51,10.0,0.5,23.97,0.54,5.0,0.55,5.0,0.46,5.0,0.45,5.0,0.49,10.0,0.5,23.97,0.03,0.03,44.903074,1776289557000
1776289559.376,59.376,0.51,10.0,0.5,23.97,0.54,5.0,0.55,5.0,0.46,5.0,0.45,5.0,0.49,10.0,0.5,23.97,0.03,0.03,44.903077,1776289558000
1776289560.166,60.166,0.51,10.0,0.5,23.97,0.54,5.0,0.55,5.0,0.46,5.0,0.45,5.0,0.49,10.0,0.5,23.97,0.03,0.03,44.903077,1776289559000
1776289561.615,61.615,0.51,10.0,0.5,23.97,0.54,5.0,0.55,5.0,0.46,5.0,0.45,5.0,0.49,10.0,0.5,23.97,0.03,0.03,44.903173,1776289560000
1776289562.537,62.537,0.51,10.0,0.5,23.97,0.54,5.0,0.55,5.0,0.46,5.0,0.45,5.0,0.49,10.0,0.5,23.97,0.03,0.03,44.903464,1776289561000
1776289563.202,63.202,0.51,10.0,0.5,23.97,0.54,5.0,0.55,5.0,0.46,5.0,0.45,5.0,0.49,10.0,0.5,23.97,0.03,0.03,44.903839,1776289562000
1776289564.605,64.605,0.51,10.0,0.5,23.97,0.54,5.0,0.55,5.0,0.46,5.0,0.45,5.0,0.49,10.0,0.5,23.97,0.03,0.03,44.907875,1776289563000
1776289565.247,65.247,0.51,10.0,0.5,23.97,0.54,5.0,0.55,5.0,0.46,5.0,0.45,5.0,0.49,10.0,0.5,23.97,0.03,0.03,44.908084,1776289564000
1776289566.779,66.779,0.51,10.0,0.5,23.97,0.54,5.0,0.55,5.0,0.46,5.0,0.45,5.0,0.49,10.0,0.5,23.97,0.03,0.03,44.910691,1776289565000
1776289567.702,67.702,0.51,10.0,0.5,23.97,0.54,5.0,0.55,5.0,0.46,5.0,0.45,5.0,0.49,10.0,0.5,23.97,0.03,0.03,44.910581,1776289566000
1776289568.415,68.415,0.51,10.0,0.5,23.97,0.54,5.0,0.55,5.0,0.46,5.0,0.45,5.0,0.49,10.0,0.5,23.97,0.03,0.03,44.91068,1776289567000
1776289569.243,69.243,0.51,10.0,0.5,23.97,0.54,5.0,0.55,5.0,0.46,5.0,0.45,5.0,0.49,10.0,0.5,23.97,0.03,0.03,44.91068,1776289568000
1776289569.512,69.512,0.55,5.0,0.54,5.0,0.58,5.0,0.59,5.0,0.46,5.0,0.45,5.0,0.49,10.0,0.5,23.97,0.03,0.03,44.91068,1776289568000
1776289570.595,70.595,0.55,5.0,0.54,5.0,0.58,5.0,0.59,5.0,0.42,5.0,0.41,5.0,0.45,5.0,0.46,5.0,0.03,0.03,44.910352,1776289569000
1776289571.261,71.261,0.55,5.0,0.54,5.0,0.58,5.0,0.59,5.0,0.42,5.0,0.41,5.0,0.45,5.0,0.46,5.0,0.03,0.03,44.909786,1776289570000
1776289572.705,72.705,0.55,5.0,0.54,5.0,0.58,5.0,0.59,5.0,0.42,5.0,0.41,5.0,0.45,5.0,0.46,5.0,0.03,0.03,44.910644,1776289571000
1776289573.139,73.139,0.5,8.97,0.47,5.0,0.51,5.0,0.52,5.0,0.49,5.0,0.48,5.0,0.5,18.97,0.53,5.0,0.01,0.01,44.910644,1776289571000
1776289573.968,73.968,0.5,8.97,0.47,5.0,0.51,5.0,0.52,5.0,0.49,5.0,0.48,5.0,0.5,8.97,0.53,5.0,0.01,0.01,44.911523,1776289572000
1776289574.675,74.675,0.5,8.97,0.47,5.0,0.51,5.0,0.52,5.0,0.49,5.0,0.48,5.0,0.5,8.97,0.53,5.0,0.01,0.01,44.896811,1776289573000
1776289575.257,75.257,0.5,8.97,0.47,5.0,0.51,5.0,0.52,5.0,0.49,5.0,0.48,5.0,0.5,8.97,0.53,5.0,0.01,0.01,44.893533,1776289574000
1776289575.909,75.909,0.5,3.87,0.46,5.0,0.51,15.0,0.52,20.0,0.49,5.0,0.48,5.0,0.5,8.97,0.53,5.0,0.01,0.01,44.893533,1776289574000
1776289576.458,76.458,0.5,3.87,0.46,5.0,0.51,15.0,0.52,20.0,0.49,15.0,0.48,20.0,0.5,3.87,0.54,5.0,0.01,0.01,44.893043,1776289575000
1776289577.28,77.28,0.46,3.87,0.45,5.0,0.51,30.0,0.52,20.0,0.49,30.0,0.48,20.0,0.54,3.87,0.55,5.0,0.05,0.05,44.892505,1776289576000
1776289578.37,78.37,0.46,3.87,0.45,5.0,0.51,30.0,0.52,20.0,0.49,30.0,0.48,20.0,0.54,3.87,0.55,5.0,0.05,0.05,44.890588,1776289577000
1776289578.923,78.923,0.46,3.87,0.45,5.0,0.51,30.0,0.52,20.0,0.49,30.0,0.48,20.0,0.54,3.87,0.55,5.0,0.05,0.05,44.890429,1776289578000
1776289579.997,79.997,0.46,3.87,0.45,5.0,0.51,30.0,0.52,20.0,0.49,30.0,0.48,20.0,0.54,3.87,0.55,5.0,0.05,0.05,44.886316,1776289579000
1776289581.036,81.036,0.46,3.87,0.45,5.0,0.51,30.0,0.52,20.0,0.49,30.0,0.48,20.0,0.54,3.87,0.55,5.0,0.05,0.05,44.886903,1776289580000
1776289582.127,82.127,0.46,3.87,0.45,5.0,0.51,30.0,0.52,20.0,0.49,30.0,0.48,20.0,0.54,3.87,0.55,5.0,0.05,0.05,44.882787,1776289581000
1776289583.007,83.007,0.36,5.0,0.35,5.0,0.38,15.0,0.39,20.0,0.49,30.0,0.48,20.0,0.54,3.87,0.55,5.0,0.02,0.05,44.882787,1776289581000
1776289583.252,83.252,0.36,5.0,0.35,5.0,0.38,15.0,0.39,20.0,0.62,15.0,0.61,20.0,0.64,5.0,0.65,5.0,0.02,0.02,44.871407,1776289582000
1776289584.32,84.32,0.36,5.0,0.35,5.0,0.38,15.0,0.39,20.0,0.62,15.0,0.61,20.0,0.64,5.0,0.65,5.0,0.02,0.02,44.868365,1776289583000
1776289584.75,84.75,0.32,5.0,0.31,5.0,0.34,20.0,0.35,20.0,0.62,15.0,0.61,20.0,0.64,5.0,0.65,5.0,0.02,0.02,44.868365,1776289583000
1776289585.017,85.017,0.32,5.0,0.31,5.0,0.34,20.0,0.35,20.0,0.66,20.0,0.65,20.0,0.68,5.0,0.69,5.0,0.02,0.02,44.867119,1776289584000
1776289586.121,86.121,0.32,5.0,0.31,5.0,0.34,20.0,0.35,20.0,0.66,20.0,0.65,20.0,0.68,5.0,0.69,5.0,0.02,0.02,44.860182,1776289585000
1776289587.203,87.203,0.32,5.0,0.31,5.0,0.34,20.0,0.35,20.0,0.66,20.0,0.65,20.0,0.68,5.0,0.69,5.0,0.02,0.02,44.859609,1776289586000
1776289588.824,88.824,0.32,5.0,0.31,5.0,0.34,20.0,0.35,20.0,0.66,20.0,0.65,20.0,0.68,5.0,0.69,5.0,0.02,0.02,44.857257,1776289587000
1776289589.262,89.262,0.32,5.0,0.31,5.0,0.34,20.0,0.35,20.0,0.66,20.0,0.65,20.0,0.68,5.0,0.69,5.0,0.02,0.02,44.855629,1776289588000
1776289590.247,90.247,0.32,5.0,0.31,5.0,0.34,20.0,0.35,20.0,0.66,20.0,0.65,20.0,0.68,5.0,0.69,5.0,0.02,0.02,44.855479,1776289589000
1776289590.76,90.76,0.27,5.0,0.26,5.0,0.29,15.0,0.3,20.0,0.66,20.0,0.65,20.0,0.68,5.0,0.69,5.0,0.02,0.02,44.855479,1776289589000
1776289591.187,91.187,0.27,5.0,0.26,5.0,0.29,15.0,0.3,20.0,0.71,15.0,0.7,20.0,0.73,5.0,0.74,5.0,0.02,0.02,44.849685,1776289590000
1776289592.129,92.129,0.27,5.0,0.26,5.0,0.29,15.0,0.3,20.0,0.71,15.0,0.7,20.0,0.73,5.0,0.74,5.0,0.02,0.02,44.848117,1776289591000
1776289593.044,93.044,0.27,5.0,0.26,5.0,0.29,15.0,0.3,20.0,0.71,15.0,0.7,20.0,0.73,5.0,0.74,5.0,0.02,0.02,44.846904,1776289592000
1776289594.039,94.039,0.27,5.0,0.26,5.0,0.29,15.0,0.3,20.0,0.71,15.0,0.7,20.0,0.73,5.0,0.74,5.0,0.02,0.02,44.8447,1776289593000
1776289594.976,94.976,0.27,5.0,0.26,5.0,0.29,15.0,0.3,20.0,0.71,15.0,0.7,20.0,0.73,5.0,0.74,5.0,0.02,0.02,44.841164,1776289594000
1776289595.979,95.979,0.27,5.0,0.26,5.0,0.29,15.0,0.3,20.0,0.71,15.0,0.7,20.0,0.73,5.0,0.74,5.0,0.02,0.02,44.839624,1776289595000
1776289596.907,96.907,0.27,5.0,0.26,5.0,0.29,15.0,0.3,20.0,0.71,15.0,0.7,20.0,0.73,5.0,0.74,5.0,0.02,0.02,44.838672,1776289596000
1776289597.948,97.948,0.27,5.0,0.26,5.0,0.29,15.0,0.3,20.0,0.71,15.0,0.7,20.0,0.73,5.0,0.74,5.0,0.02,0.02,44.83718,1776289597000
1776289598.949,98.949,0.27,5.0,0.26,5.0,0.29,15.0,0.3,20.0,0.71,15.0,0.7,20.0,0.73,5.0,0.74,5.0,0.02,0.02,44.836635,1776289598000
1776289600.092,100.092,0.27,5.0,0.26,5.0,0.29,15.0,0.3,20.0,0.71,15.0,0.7,20.0,0.73,5.0,0.74,5.0,0.02,0.02,44.836494,1776289599000
1776289601.606,101.606,0.27,5.0,0.26,5.0,0.29,15.0,0.3,20.0,0.71,15.0,0.7,20.0,0.73,5.0,0.74,5.0,0.02,0.02,44.835511,1776289600000
1776289602.138,102.138,0.27,5.0,0.26,5.0,0.29,15.0,0.3,20.0,0.71,15.0,0.7,20.0,0.73,5.0,0.74,5.0,0.02,0.02,44.836385,1776289601000
1776289603.107,103.107,0.27,5.0,0.26,5.0,0.29,15.0,0.3,20.0,0.71,15.0,0.7,20.0,0.73,5.0,0.74,5.0,0.02,0.02,44.837177,1776289602000
1776289604.269,104.269,0.27,5.0,0.26,5.0,0.29,15.0,0.3,20.0,0.71,15.0,0.7,20.0,0.73,5.0,0.74,5.0,0.02,0.02,44.837177,1776289603000
1776289605.167,105.167,0.25,5.0,0.24,5.0,0.27,15.0,0.28,20.0,0.73,15.0,0.72,20.0,0.75,5.0,0.76,5.0,0.02,0.02,44.837552,1776289604000
1776289606.158,106.158,0.25,5.0,0.24,5.0,0.27,15.0,0.28,20.0,0.73,15.0,0.72,20.0,0.75,5.0,0.76,5.0,0.02,0.02,44.837552,1776289605000
1776289607.158,107.158,0.24,5.0,0.23,10.0,0.26,15.0,0.27,20.0,0.74,15.0,0.73,20.0,0.76,5.0,0.77,10.0,0.02,0.02,44.837458,1776289606000
1776289608.155,108.155,0.24,5.0,0.23,10.0,0.26,15.0,0.27,20.0,0.74,15.0,0.73,20.0,0.76,5.0,0.77,10.0,0.02,0.02,44.837458,1776289607000
1776289608.42,108.42,0.32,5.0,0.31,5.0,0.35,3.25,0.36,5.0,0.74,15.0,0.73,20.0,0.76,5.0,0.77,10.0,0.03,0.02,44.837458,1776289607000
1776289609.164,109.164,0.33,5.0,0.32,5.0,0.35,3.25,0.36,5.0,0.65,3.25,0.64,5.0,0.67,5.0,0.68,5.0,0.02,0.02,44.837411,1776289608000
1776289610.131,110.131,0.33,5.0,0.32,5.0,0.35,3.25,0.36,5.0,0.65,3.25,0.64,5.0,0.67,5.0,0.68,5.0,0.02,0.02,44.85001,1776289609000
1776289610.394,110.394,0.32,5.0,0.31,5.0,0.34,5.0,0.35,5.0,0.65,3.25,0.64,5.0,0.67,5.0,0.68,5.0,0.02,0.02,44.85001,1776289609000
1776289611.201,111.201,0.32,5.0,0.31,5.0,0.34,5.0,0.35,5.0,0.66,5.0,0.65,5.0,0.68,5.0,0.69,5.0,0.02,0.02,44.851573,1776289610000
1776289612.199,112.199,0.32,5.0,0.31,5.0,0.34,5.0,0.35,5.0,0.66,5.0,0.65,5.0,0.68,5.0,0.69,5.0,0.02,0.02,44.857393,1776289611000
1776289613.111,113.111,0.32,5.0,0.31,5.0,0.34,5.0,0.35,5.0,0.66,5.0,0.65,5.0,0.68,5.0,0.69,5.0,0.02,0.02,44.858009,1776289612000
1776289614.689,114.689,0.32,5.0,0.31,5.0,0.34,5.0,0.35,5.0,0.66,5.0,0.65,5.0,0.68,5.0,0.69,5.0,0.02,0.02,44.861202,1776289613000
1776289615.152,115.152,0.32,5.0,0.31,5.0,0.34,5.0,0.35,5.0,0.66,5.0,0.65,5.0,0.68,5.0,0.69,5.0,0.02,0.02,44.862264,1776289614000
1776289616.319,116.319,0.32,5.0,0.31,5.0,0.34,5.0,0.35,5.0,0.66,5.0,0.65,5.0,0.68,5.0,0.69,5.0,0.02,0.02,44.864768,1776289615000
1776289616.871,116.871,0.32,5.0,0.31,5.0,0.34,5.0,0.35,5.0,0.66,5.0,0.65,5.0,0.68,5.0,0.69,5.0,0.02,0.02,44.864768,1776289616000
1776289618.247,118.247,0.32,5.0,0.31,5.0,0.34,5.0,0.35,5.0,0.66,5.0,0.65,5.0,0.68,5.0,0.69,5.0,0.02,0.02,44.864509,1776289617000
1776289619.312,119.312,0.32,5.0,0.31,5.0,0.34,5.0,0.35,5.0,0.66,5.0,0.65,5.0,0.68,5.0,0.69,5.0,0.02,0.02,44.865048,1776289618000
1776289620.278,120.278,0.32,5.0,0.31,5.0,0.34,5.0,0.35,5.0,0.66,5.0,0.65,5.0,0.68,5.0,0.69,5.0,0.02,0.02,44.865443,1776289619000
1776289621.421,121.421,0.32,5.0,0.31,5.0,0.34,5.0,0.35,5.0,0.66,5.0,0.65,5.0,0.68,5.0,0.69,5.0,0.02,0.02,44.866181,1776289620000
1776289621.908,121.908,0.32,5.0,0.31,5.0,0.34,5.0,0.35,5.0,0.66,5.0,0.65,5.0,0.68,5.0,0.69,5.0,0.02,0.02,44.866071,1776289621000
1776289623.125,123.125,0.32,5.0,0.31,5.0,0.34,5.0,0.35,5.0,0.66,5.0,0.65,5.0,0.68,5.0,0.69,5.0,0.02,0.02,44.86507,1776289622000
1776289624.172,124.172,0.32,5.0,0.31,5.0,0.34,5.0,0.35,5.0,0.66,5.0,0.65,5.0,0.68,5.0,0.69,5.0,0.02,0.02,44.865991,1776289623000
1776289625.252,125.252,0.32,5.0,0.31,5.0,0.34,5.0,0.35,5.0,0.66,5.0,0.65,5.0,0.68,5.0,0.69,5.0,0.02,0.02,44.864501,1776289624000
1776289626.247,126.247,0.32,5.0,0.31,5.0,0.34,5.0,0.35,5.0,0.66,5.0,0.65,5.0,0.68,5.0,0.69,5.0,0.02,0.02,44.863427,1776289625000
1776289626.799,126.799,0.29,5.0,0.28,5.0,0.32,5.0,0.33,5.0,0.68,5.0,0.67,20.0,0.71,5.0,0.72,5.0,0.03,0.03,44.863427,1776289625000
1776289627.167,127.167,0.29,5.0,0.28,5.0,0.32,5.0,0.33,5.0,0.68,5.0,0.67,5.0,0.71,5.0,0.72,5.0,0.03,0.03,44.863423,1776289626000
1776289628.627,128.627,0.29,5.0,0.28,5.0,0.32,5.0,0.33,5.0,0.68,5.0,0.67,5.0,0.71,5.0,0.72,5.0,0.03,0.03,44.863441,1776289627000
1776289629.121,129.121,0.29,5.0,0.28,5.0,0.32,5.0,0.33,5.0,0.68,5.0,0.67,5.0,0.71,5.0,0.72,5.0,0.03,0.03,44.863617,1776289628000
1776289630.111,130.111,0.29,5.0,0.28,5.0,0.32,5.0,0.33,5.0,0.68,5.0,0.67,5.0,0.71,5.0,0.72,5.0,0.03,0.03,44.86452,1776289629000
1776289631.076,131.076,0.29,5.0,0.28,5.0,0.32,5.0,0.33,5.0,0.68,5.0,0.67,5.0,0.71,5.0,0.72,5.0,0.03,0.03,44.864368,1776289630000
1776289632.061,132.061,0.29,5.0,0.28,5.0,0.32,5.0,0.33,5.0,0.68,5.0,0.67,5.0,0.71,5.0,0.72,5.0,0.03,0.03,44.86425,1776289631000
1776289633.126,133.126,0.29,5.0,0.28,5.0,0.32,5.0,0.33,5.0,0.68,5.0,0.67,5.0,0.71,5.0,0.72,5.0,0.03,0.03,44.865092,1776289632000
1776289633.935,133.935,0.29,5.0,0.28,5.0,0.32,5.0,0.33,5.0,0.68,5.0,0.67,5.0,0.71,5.0,0.72,5.0,0.03,0.03,44.86495,1776289633000
1776289634.967,134.967,0.29,5.0,0.28,5.0,0.32,5.0,0.33,5.0,0.68,5.0,0.67,5.0,0.71,5.0,0.72,5.0,0.03,0.03,44.865041,1776289634000
1776289635.929,135.929,0.29,5.0,0.28,5.0,0.32,5.0,0.33,5.0,0.68,5.0,0.67,5.0,0.71,5.0,0.72,5.0,0.03,0.03,44.865242,1776289635000
1776289636.859,136.859,0.29,5.0,0.28,5.0,0.32,5.0,0.33,5.0,0.68,5.0,0.67,5.0,0.71,5.0,0.72,5.0,0.03,0.03,44.865241,1776289636000
1776289638.279,138.279,0.29,5.0,0.28,5.0,0.32,5.0,0.33,5.0,0.68,5.0,0.67,5.0,0.71,5.0,0.72,5.0,0.03,0.03,44.86609,1776289637000
1776289639.23,139.23,0.29,5.0,0.28,5.0,0.32,5.0,0.33,5.0,0.68,5.0,0.67,5.0,0.71,5.0,0.72,5.0,0.03,0.03,44.870253,1776289638000
1776289640.309,140.309,0.29,5.0,0.28,5.0,0.32,5.0,0.33,5.0,0.68,5.0,0.67,5.0,0.71,5.0,0.72,5.0,0.03,0.03,44.870143,1776289639000
1776289641.212,141.212,0.29,5.0,0.28,5.0,0.32,5.0,0.33,5.0,0.68,5.0,0.67,5.0,0.71,5.0,0.72,5.0,0.03,0.03,44.869836,1776289640000
1776289642.387,142.387,0.29,5.0,0.28,5.0,0.32,5.0,0.33,5.0,0.68,5.0,0.67,5.0,0.71,5.0,0.72,5.0,0.03,0.03,44.869836,1776289641000
1776289643.482,143.482,0.29,5.0,0.28,5.0,0.32,5.0,0.33,5.0,0.68,5.0,0.67,5.0,0.71,5.0,0.72,5.0,0.03,0.03,44.869836,1776289642000
1776289644.018,144.018,0.29,5.0,0.28,5.0,0.32,5.0,0.33,5.0,0.68,5.0,0.67,5.0,0.71,5.0,0.72,5.0,0.03,0.03,44.86969,1776289643000
1776289645.19,145.19,0.29,5.0,0.28,5.0,0.32,5.0,0.33,5.0,0.68,5.0,0.67,5.0,0.71,5.0,0.72,5.0,0.03,0.03,44.869923,1776289644000
1776289646.215,146.215,0.29,5.0,0.28,5.0,0.32,5.0,0.33,5.0,0.68,5.0,0.67,5.0,0.71,5.0,0.72,5.0,0.03,0.03,44.869923,1776289645000
1776289647.365,147.365,0.29,5.0,0.28,5.0,0.32,5.0,0.33,5.0,0.68,5.0,0.67,5.0,0.71,5.0,0.72,5.0,0.03,0.03,44.869925,1776289646000
1776289647.986,147.986,0.29,5.0,0.28,5.0,0.32,5.0,0.33,5.0,0.68,5.0,0.67,5.0,0.71,5.0,0.72,5.0,0.03,0.03,44.870008,1776289647000
1776289649.053,149.053,0.29,5.0,0.28,5.0,0.32,5.0,0.33,5.0,0.68,5.0,0.67,5.0,0.71,5.0,0.72,5.0,0.03,0.03,44.870008,1776289648000
1776289650.138,150.138,0.29,5.0,0.28,5.0,0.32,5.0,0.33,5.0,0.68,5.0,0.67,5.0,0.71,5.0,0.72,5.0,0.03,0.03,44.870008,1776289649000
1776289651.21,151.21,0.29,5.0,0.28,5.0,0.32,5.0,0.33,5.0,0.68,5.0,0.67,5.0,0.71,5.0,0.72,5.0,0.03,0.03,44.869041,1776289650000
1776289652.406,152.406,0.29,5.0,0.28,5.0,0.32,5.0,0.33,5.0,0.68,5.0,0.67,5.0,0.71,5.0,0.72,5.0,0.03,0.03,44.869268,1776289651000
1776289652.951,152.951,0.29,5.0,0.28,5.0,0.32,5.0,0.33,5.0,0.68,5.0,0.67,5.0,0.71,5.0,0.72,5.0,0.03,0.03,44.869732,1776289652000
1776289654.092,154.092,0.29,5.0,0.28,5.0,0.32,5.0,0.33,5.0,0.68,5.0,0.67,5.0,0.71,5.0,0.72,5.0,0.03,0.03,44.867582,1776289653000
1776289655.077,155.077,0.16,5.0,0.15,5.0,0.26,5.0,0.27,5.0,0.68,5.0,0.67,5.0,0.71,5.0,0.72,5.0,0.1,0.03,44.867582,1776289653000
1776289655.912,155.912,0.16,5.0,0.15,5.0,0.26,5.0,0.27,5.0,0.74,5.0,0.73,5.0,0.84,5.0,0.85,5.0,0.1,0.1,44.865599,1776289654000
1776289656.531,156.531,0.16,5.0,0.15,5.0,0.26,5.0,0.27,5.0,0.74,5.0,0.73,5.0,0.84,5.0,0.85,5.0,0.1,0.1,44.858972,1776289655000
1776289657.095,157.095,0.16,5.0,0.15,5.0,0.26,5.0,0.27,5.0,0.74,5.0,0.73,5.0,0.84,5.0,0.85,5.0,0.1,0.1,44.856715,1776289656000
1776289657.577,157.577,0.16,5.0,0.15,5.0,0.19,5.0,0.2,5.0,0.74,5.0,0.73,5.0,0.84,5.0,0.85,5.0,0.03,0.1,44.856715,1776289656000
1776289658.293,158.293,0.16,5.0,0.15,5.0,0.19,5.0,0.2,5.0,0.81,5.0,0.8,5.0,0.84,5.0,0.85,5.0,0.03,0.03,44.854505,1776289657000
1776289658.933,158.933,0.16,5.0,0.15,5.0,0.19,5.0,0.2,5.0,0.81,5.0,0.8,5.0,0.84,5.0,0.85,5.0,0.03,0.03,44.854505,1776289658000
1776289660.281,160.281,0.16,5.0,0.15,5.0,0.19,5.0,0.2,5.0,0.81,5.0,0.8,5.0,0.84,5.0,0.85,5.0,0.03,0.03,44.854222,1776289659000
1776289661.539,161.539,0.16,5.0,0.15,5.0,0.19,5.0,0.2,5.0,0.81,5.0,0.8,5.0,0.84,5.0,0.85,5.0,0.03,0.03,44.854039,1776289660000
1776289662.104,162.104,0.16,5.0,0.15,5.0,0.19,5.0,0.2,5.0,0.81,5.0,0.8,5.0,0.84,5.0,0.85,5.0,0.03,0.03,44.854104,1776289661000
1776289663.44,163.44,0.16,5.0,0.15,5.0,0.19,5.0,0.2,5.0,0.81,5.0,0.8,5.0,0.84,5.0,0.85,5.0,0.03,0.03,44.854332,1776289662000
1776289664.035,164.035,0.16,5.0,0.15,5.0,0.19,5.0,0.2,5.0,0.81,5.0,0.8,5.0,0.84,5.0,0.85,5.0,0.03,0.03,44.854101,1776289663000
1776289665.364,165.364,0.16,5.0,0.15,5.0,0.19,5.0,0.2,5.0,0.81,5.0,0.8,5.0,0.84,5.0,0.85,5.0,0.03,0.03,44.854106,1776289664000
1776289666.521,166.521,0.16,5.0,0.15,5.0,0.19,5.0,0.2,5.0,0.81,5.0,0.8,5.0,0.84,5.0,0.85,5.0,0.03,0.03,44.853497,1776289665000
1776289667.284,167.284,0.16,5.0,0.15,5.0,0.19,5.0,0.2,5.0,0.81,5.0,0.8,5.0,0.84,5.0,0.85,5.0,0.03,0.03,44.853738,1776289666000
1776289668.312,168.312,0.16,5.0,0.15,5.0,0.19,5.0,0.2,5.0,0.81,5.0,0.8,5.0,0.84,5.0,0.85,5.0,0.03,0.03,44.853591,1776289667000
1776289669.603,169.603,0.16,5.0,0.15,5.0,0.19,5.0,0.2,5.0,0.81,5.0,0.8,5.0,0.84,5.0,0.85,5.0,0.03,0.03,44.854405,1776289668000
1776289670.183,170.183,0.16,5.0,0.15,5.0,0.19,5.0,0.2,5.0,0.81,5.0,0.8,5.0,0.84,5.0,0.85,5.0,0.03,0.03,44.854422,1776289669000
1776289671.894,171.894,0.16,5.0,0.15,5.0,0.19,5.0,0.2,5.0,0.81,5.0,0.8,5.0,0.84,5.0,0.85,5.0,0.03,0.03,44.854565,1776289670000
1776289672.275,172.275,0.16,5.0,0.15,5.0,0.19,5.0,0.2,5.0,0.81,5.0,0.8,5.0,0.84,5.0,0.85,5.0,0.03,0.03,44.854616,1776289671000
1776289673.338,173.338,0.16,5.0,0.15,5.0,0.19,5.0,0.2,5.0,0.81,5.0,0.8,5.0,0.84,5.0,0.85,5.0,0.03,0.03,44.855228,1776289672000
1776289674.264,174.264,0.16,5.0,0.15,5.0,0.19,5.0,0.2,5.0,0.81,5.0,0.8,5.0,0.84,5.0,0.85,5.0,0.03,0.03,44.857948,1776289673000
1776289675.308,175.308,0.16,5.0,0.15,5.0,0.19,5.0,0.2,5.0,0.81,5.0,0.8,5.0,0.84,5.0,0.85,5.0,0.03,0.03,44.858134,1776289674000
1776289676.289,176.289,0.16,5.0,0.15,5.0,0.19,5.0,0.2,5.0,0.81,5.0,0.8,5.0,0.84,5.0,0.85,5.0,0.03,0.03,44.858071,1776289675000
1776289677.255,177.255,0.16,5.0,0.15,5.0,0.19,5.0,0.2,5.0,0.81,5.0,0.8,5.0,0.84,5.0,0.85,5.0,0.03,0.03,44.856574,1776289676000
1776289678.545,178.545,0.16,5.0,0.15,5.0,0.19,5.0,0.2,5.0,0.81,5.0,0.8,5.0,0.84,5.0,0.85,5.0,0.03,0.03,44.856574,1776289677000
1776289679.073,179.073,0.16,5.0,0.15,5.0,0.19,5.0,0.2,5.0,0.81,5.0,0.8,5.0,0.84,5.0,0.85,5.0,0.03,0.03,44.85568,1776289678000
1776289679.924,179.924,0.16,5.0,0.15,5.0,0.19,5.0,0.2,5.0,0.81,5.0,0.8,5.0,0.84,5.0,0.85,5.0,0.03,0.03,44.855544,1776289679000
1776289680.901,180.901,0.16,5.0,0.15,5.0,0.19,5.0,0.2,5.0,0.81,5.0,0.8,5.0,0.84,5.0,0.85,5.0,0.03,0.03,44.855728,1776289680000
1776289681.929,181.929,0.16,5.0,0.15,5.0,0.19,5.0,0.2,5.0,0.81,5.0,0.8,5.0,0.84,5.0,0.85,5.0,0.03,0.03,44.855267,1776289681000
1776289682.9,182.9,0.16,5.0,0.15,5.0,0.19,5.0,0.2,5.0,0.81,5.0,0.8,5.0,0.84,5.0,0.85,5.0,0.03,0.03,44.855655,1776289682000
1776289683.882,183.882,0.16,5.0,0.15,5.0,0.19,5.0,0.2,5.0,0.81,5.0,0.8,5.0,0.84,5.0,0.85,5.0,0.03,0.03,44.85652,1776289683000
1776289685.442,185.442,0.16,5.0,0.15,5.0,0.19,5.0,0.2,5.0,0.81,5.0,0.8,5.0,0.84,5.0,0.85,5.0,0.03,0.03,44.856463,1776289684000
1776289685.901,185.901,0.16,5.0,0.15,5.0,0.19,5.0,0.2,5.0,0.81,5.0,0.8,5.0,0.84,5.0,0.85,5.0,0.03,0.03,44.856463,1776289685000
1776289686.971,186.971,0.16,5.0,0.15,5.0,0.19,5.0,0.2,5.0,0.81,5.0,0.8,5.0,0.84,5.0,0.85,5.0,0.03,0.03,44.856123,1776289686000
1776289688.192,188.192,0.16,5.0,0.15,5.0,0.19,5.0,0.2,5.0,0.81,5.0,0.8,5.0,0.84,5.0,0.85,5.0,0.03,0.03,44.856123,1776289687000
1776289689.115,189.115,0.16,5.0,0.15,5.0,0.19,5.0,0.2,5.0,0.81,5.0,0.8,5.0,0.84,5.0,0.85,5.0,0.03,0.03,44.856077,1776289688000
1776289690.158,190.158,0.16,5.0,0.15,5.0,0.19,5.0,0.2,5.0,0.81,5.0,0.8,5.0,0.84,5.0,0.85,5.0,0.03,0.03,44.855691,1776289689000
1776289691.076,191.076,0.16,5.0,0.15,5.0,0.19,5.0,0.2,5.0,0.81,5.0,0.8,5.0,0.84,5.0,0.85,5.0,0.03,0.03,44.855802,1776289690000
1776289692.125,192.125,0.16,5.0,0.15,5.0,0.19,5.0,0.2,5.0,0.81,5.0,0.8,5.0,0.84,5.0,0.85,5.0,0.03,0.03,44.855802,1776289691000
1776289693.17,193.17,0.16,5.0,0.15,5.0,0.19,5.0,0.2,5.0,0.81,5.0,0.8,5.0,0.84,5.0,0.85,5.0,0.03,0.03,44.855802,1776289692000
1776289694.165,194.165,0.16,5.0,0.15,5.0,0.19,5.0,0.2,5.0,0.81,5.0,0.8,5.0,0.84,5.0,0.85,5.0,0.03,0.03,44.856183,1776289693000
1776289695.051,195.051,0.16,5.0,0.15,5.0,0.19,5.0,0.2,5.0,0.81,5.0,0.8,5.0,0.84,5.0,0.85,5.0,0.03,0.03,44.856458,1776289694000
1776289696.095,196.095,0.16,5.0,0.15,5.0,0.19,5.0,0.2,5.0,0.81,5.0,0.8,5.0,0.84,5.0,0.85,5.0,0.03,0.03,44.856456,1776289695000
1776289696.982,196.982,0.16,5.0,0.15,5.0,0.19,5.0,0.2,5.0,0.81,5.0,0.8,5.0,0.84,5.0,0.85,5.0,0.03,0.03,44.856448,1776289696000
1776289698.041,198.041,0.16,5.0,0.15,5.0,0.19,5.0,0.2,5.0,0.81,5.0,0.8,5.0,0.84,5.0,0.85,5.0,0.03,0.03,44.856448,1776289697000
1776289699.106,199.106,0.16,5.0,0.15,5.0,0.19,5.0,0.2,5.0,0.81,5.0,0.8,5.0,0.84,5.0,0.85,5.0,0.03,0.03,44.856431,1776289698000
1776289700.199,200.199,0.16,5.0,0.15,5.0,0.19,5.0,0.2,5.0,0.81,5.0,0.8,5.0,0.84,5.0,0.85,5.0,0.03,0.03,44.855997,1776289699000
1776289701.276,201.276,0.16,5.0,0.15,5.0,0.19,5.0,0.2,5.0,0.81,5.0,0.8,5.0,0.84,5.0,0.85,5.0,0.03,0.03,44.855997,1776289700000
1776289702.397,202.397,0.16,5.0,0.15,5.0,0.19,5.0,0.2,5.0,0.81,5.0,0.8,5.0,0.84,5.0,0.85,5.0,0.03,0.03,44.855997,1776289701000
1776289702.946,202.946,0.16,5.0,0.15,5.0,0.19,5.0,0.2,5.0,0.81,5.0,0.8,5.0,0.84,5.0,0.85,5.0,0.03,0.03,44.855997,1776289702000
1776289704.011,204.011,0.16,5.0,0.15,5.0,0.19,5.0,0.2,5.0,0.81,5.0,0.8,5.0,0.84,5.0,0.85,5.0,0.03,0.03,44.855665,1776289703000
1776289704.396,204.396,0.11,7.5,0.1,15.0,0.12,5.0,0.13,5.0,0.81,5.0,0.8,5.0,0.84,5.0,0.85,5.0,0.01,0.03,44.855665,1776289703000
1776289705.162,205.162,0.11,7.5,0.1,15.0,0.12,5.0,0.13,5.0,0.88,5.0,0.87,5.0,0.89,7.5,0.9,15.0,0.01,0.01,44.855702,1776289704000
1776289706.38,206.38,0.11,7.5,0.1,15.0,0.12,5.0,0.13,5.0,0.88,5.0,0.87,5.0,0.89,7.5,0.9,15.0,0.01,0.01,44.855702,1776289705000
1776289706.957,206.957,0.11,7.5,0.1,15.0,0.12,5.0,0.13,5.0,0.88,5.0,0.87,5.0,0.89,7.5,0.9,15.0,0.01,0.01,44.855702,1776289706000
1776289708.074,208.074,0.11,7.5,0.1,15.0,0.12,5.0,0.13,5.0,0.88,5.0,0.87,5.0,0.89,7.5,0.9,15.0,0.01,0.01,44.855794,1776289707000
1776289708.275,208.275,0.09,15.0,0.08,15.0,0.11,5.0,0.12,5.0,0.88,5.0,0.87,5.0,0.89,7.5,0.9,15.0,0.02,0.01,44.855794,1776289707000
1776289709.138,209.138,0.09,15.0,0.08,15.0,0.11,5.0,0.12,5.0,0.89,5.0,0.88,5.0,0.91,15.0,0.92,15.0,0.02,0.02,44.855681,1776289708000
1776289710.228,210.228,0.09,15.0,0.08,15.0,0.11,5.0,0.12,5.0,0.89,5.0,0.88,5.0,0.91,15.0,0.92,15.0,0.02,0.02,44.856353,1776289709000
1776289710.828,210.828,0.09,12.8,0.08,15.0,0.1,5.0,0.11,5.0,0.89,5.0,0.88,5.0,0.91,15.0,0.92,15.0,0.01,0.02,44.856353,1776289709000
1776289711.272,211.272,0.09,10.6,0.08,15.0,0.1,5.0,0.11,5.0,0.9,5.0,0.89,5.0,0.91,12.8,0.92,15.0,0.01,0.01,44.856353,1776289709000
1776289712.378,212.378,0.09,10.6,0.08,15.0,0.1,5.0,0.11,5.0,0.9,5.0,0.89,5.0,0.91,10.6,0.92,15.0,0.01,0.01,44.856451,1776289711000
1776289713.68,213.68,0.09,10.6,0.08,15.0,0.1,5.0,0.11,5.0,0.9,5.0,0.89,5.0,0.91,10.6,0.92,15.0,0.01,0.01,44.856355,1776289712000
1776289714.522,214.522,0.09,10.6,0.08,15.0,0.1,5.0,0.11,5.0,0.9,5.0,0.89,5.0,0.91,10.6,0.92,15.0,0.01,0.01,44.85635,1776289713000
1776289715.079,215.079,0.09,10.6,0.08,15.0,0.1,5.0,0.11,5.0,0.9,5.0,0.89,5.0,0.91,10.6,0.92,15.0,0.01,0.01,44.856339,1776289714000
1776289716.742,216.742,0.08,15.0,0.07,15.0,0.1,5.0,0.11,5.0,0.9,5.0,0.89,5.0,0.92,15.0,0.93,15.0,0.02,0.02,44.856406,1776289715000
1776289717.471,217.471,0.08,15.0,0.07,15.0,0.1,5.0,0.11,5.0,0.9,5.0,0.89,5.0,0.92,15.0,0.93,15.0,0.02,0.02,44.856406,1776289716000
1776289718.207,218.207,0.08,15.0,0.07,15.0,0.1,5.0,0.11,5.0,0.9,5.0,0.89,5.0,0.92,15.0,0.93,15.0,0.02,0.02,44.856404,1776289717000
1776289718.57,218.57,0.07,15.0,0.06,15.0,0.09,5.0,0.1,5.0,0.9,5.0,0.89,5.0,0.92,15.0,0.93,15.0,0.02,0.02,44.856404,1776289717000
1776289719.629,219.629,0.07,15.0,0.06,15.0,0.09,5.0,0.1,5.0,0.91,5.0,0.9,5.0,0.93,15.0,0.94,15.0,0.02,0.02,44.856452,1776289718000
1776289720.315,220.315,0.07,15.0,0.06,15.0,0.09,5.0,0.1,5.0,0.91,5.0,0.9,5.0,0.93,15.0,0.94,15.0,0.02,0.02,44.856458,1776289719000
1776289721.971,221.971,0.07,15.0,0.06,15.0,0.09,5.0,0.1,5.0,0.91,5.0,0.9,5.0,0.93,15.0,0.94,15.0,0.02,0.02,44.856461,1776289720000
1776289722.677,222.677,0.07,15.0,0.06,15.0,0.09,5.0,0.1,5.0,0.91,5.0,0.9,5.0,0.93,15.0,0.94,15.0,0.02,0.02,44.856197,1776289721000
1776289723.388,223.388,0.07,15.0,0.06,15.0,0.09,5.0,0.1,5.0,0.91,5.0,0.9,5.0,0.93,15.0,0.94,15.0,0.02,0.02,44.856363,1776289722000
1776289724.168,224.168,0.07,15.0,0.06,15.0,0.09,5.0,0.1,5.0,0.91,5.0,0.9,5.0,0.93,15.0,0.94,15.0,0.02,0.02,44.856625,1776289723000
1776289724.441,224.441,0.06,15.0,0.05,15.0,0.08,5.0,0.09,5.0,0.91,5.0,0.9,5.0,0.93,15.0,0.94,15.0,0.02,0.02,44.856625,1776289723000
1776289725.496,225.496,0.06,15.0,0.05,15.0,0.08,5.0,0.09,5.0,0.92,5.0,0.91,5.0,0.94,15.0,0.95,15.0,0.02,0.02,44.856076,1776289724000
1776289726.161,226.161,0.06,15.0,0.05,15.0,0.08,5.0,0.09,5.0,0.92,5.0,0.91,5.0,0.94,15.0,0.95,15.0,0.02,0.02,44.856076,1776289725000
1776289727.546,227.546,0.06,5.34,0.05,15.0,0.07,5.0,0.08,5.0,0.93,5.0,0.92,5.0,0.94,5.34,0.95,15.0,0.01,0.01,44.8555,1776289726000
1776289728.22,228.22,0.06,5.34,0.05,15.0,0.07,5.0,0.08,5.0,0.93,5.0,0.92,5.0,0.94,5.34,0.95,15.0,0.01,0.01,44.8555,1776289727000
1776289728.513,228.513,0.05,15.0,0.04,20.0,0.07,5.0,0.08,5.0,0.93,5.0,0.92,5.0,0.94,5.34,0.95,15.0,0.02,0.01,44.8555,1776289727000
1776289729.494,229.494,0.04,5.0,0.03,15.0,0.06,5.0,0.07,5.0,0.93,5.0,0.92,5.0,0.95,15.0,0.96,20.0,0.02,0.02,44.8555,1776289727000
1776289730.219,230.219,0.04,5.0,0.03,15.0,0.06,5.0,0.07,5.0,0.94,5.0,0.93,5.0,0.96,5.0,0.97,15.0,0.02,0.02,44.855386,1776289729000
1776289731.423,231.423,0.04,5.0,0.03,15.0,0.06,5.0,0.07,5.0,0.94,5.0,0.93,5.0,0.96,5.0,0.97,15.0,0.02,0.02,44.855386,1776289730000
1776289732.013,232.013,0.04,5.0,0.03,15.0,0.06,5.0,0.07,5.0,0.94,5.0,0.93,5.0,0.96,5.0,0.97,15.0,0.02,0.02,44.855402,1776289731000
1776289733.093,233.093,0.04,5.0,0.03,15.0,0.06,5.0,0.07,5.0,0.94,5.0,0.93,5.0,0.96,5.0,0.97,15.0,0.02,0.02,44.855456,1776289732000
1776289733.955,233.955,0.04,5.0,0.03,15.0,0.06,5.0,0.07,5.0,0.94,5.0,0.93,5.0,0.96,5.0,0.97,15.0,0.02,0.02,44.855456,1776289733000
1776289735.017,235.017,0.04,5.0,0.03,15.0,0.06,5.0,0.07,5.0,0.94,5.0,0.93,5.0,0.96,5.0,0.97,15.0,0.02,0.02,44.855456,1776289734000
1776289735.919,235.919,0.04,5.0,0.03,15.0,0.06,5.0,0.07,5.0,0.94,5.0,0.93,5.0,0.96,5.0,0.97,15.0,0.02,0.02,44.855456,1776289735000
1776289736.934,236.934,0.04,5.0,0.03,15.0,0.06,5.0,0.07,5.0,0.94,5.0,0.93,5.0,0.96,5.0,0.97,15.0,0.02,0.02,44.854768,1776289736000
1776289737.902,237.902,0.04,5.0,0.03,15.0,0.06,5.0,0.07,5.0,0.94,5.0,0.93,5.0,0.96,5.0,0.97,15.0,0.02,0.02,44.85484,1776289737000
1776289738.909,238.909,0.04,5.0,0.03,15.0,0.06,5.0,0.07,5.0,0.94,5.0,0.93,5.0,0.96,5.0,0.97,15.0,0.02,0.02,44.855366,1776289738000
1776289739.786,239.786,0.04,5.0,0.03,15.0,0.08,3.75,0.09,5.0,0.94,5.0,0.93,5.0,0.96,5.0,0.97,15.0,0.04,0.02,44.855366,1776289738000
1776289740.48,240.48,0.04,5.0,0.03,15.0,0.08,3.75,0.09,5.0,0.92,3.75,0.91,5.0,0.96,5.0,0.97,15.0,0.04,0.04,44.855366,1776289739000
1776289741.042,241.042,0.04,5.0,0.03,15.0,0.08,3.75,0.09,5.0,0.92,3.75,0.91,5.0,0.96,5.0,0.97,15.0,0.04,0.04,44.854991,1776289740000
1776289742.231,242.231,0.04,5.0,0.03,15.0,0.08,3.75,0.09,5.0,0.92,3.75,0.91,5.0,0.96,5.0,0.97,15.0,0.04,0.04,44.855026,1776289741000
1776289743.373,243.373,0.04,5.0,0.03,15.0,0.08,3.75,0.09,5.0,0.92,3.75,0.91,5.0,0.96,5.0,0.97,15.0,0.04,0.04,44.855026,1776289742000
1776289744.014,244.014,0.04,5.0,0.03,15.0,0.08,3.75,0.09,5.0,0.92,3.75,0.91,5.0,0.96,5.0,0.97,15.0,0.04,0.04,44.85502,1776289743000
1776289745.394,245.394,0.04,5.0,0.03,15.0,0.08,3.75,0.09,5.0,0.92,3.75,0.91,5.0,0.96,5.0,0.97,15.0,0.04,0.04,44.855021,1776289744000
1776289746.248,246.248,0.04,5.0,0.03,15.0,0.08,3.75,0.09,5.0,0.92,3.75,0.91,5.0,0.96,5.0,0.97,15.0,0.04,0.04,44.854494,1776289745000
1776289747.829,247.829,0.04,5.0,0.03,15.0,0.08,3.75,0.09,5.0,0.92,3.75,0.91,5.0,0.96,5.0,0.97,15.0,0.04,0.04,44.854188,1776289746000
1776289748.41,248.41,0.04,5.0,0.03,15.0,0.08,3.75,0.09,5.0,0.92,3.75,0.91,5.0,0.96,5.0,0.97,15.0,0.04,0.04,44.854217,1776289747000
1776289748.913,248.913,0.04,5.0,0.03,15.0,0.08,3.75,0.09,5.0,0.92,3.75,0.91,5.0,0.96,5.0,0.97,15.0,0.04,0.04,44.854217,1776289748000
1776289750.342,250.342,0.04,5.0,0.03,15.0,0.08,3.75,0.09,5.0,0.92,3.75,0.91,5.0,0.96,5.0,0.97,15.0,0.04,0.04,44.854018,1776289749000
1776289751.698,251.698,0.04,5.0,0.03,15.0,0.08,3.75,0.09,5.0,0.92,3.75,0.91,5.0,0.96,5.0,0.97,15.0,0.04,0.04,44.854433,1776289750000
1776289752.18,252.18,0.04,5.0,0.03,15.0,0.08,3.75,0.09,5.0,0.92,3.75,0.91,5.0,0.96,5.0,0.97,15.0,0.04,0.04,44.854632,1776289751000
1776289752.953,252.953,0.04,5.0,0.03,15.0,0.08,3.75,0.09,5.0,0.92,3.75,0.91,5.0,0.96,5.0,0.97,15.0,0.04,0.04,44.854595,1776289752000
1776289754.078,254.078,0.04,5.0,0.03,15.0,0.08,3.75,0.09,5.0,0.92,3.75,0.91,5.0,0.96,5.0,0.97,15.0,0.04,0.04,44.851957,1776289753000
1776289755.67,255.67,0.04,5.0,0.03,15.0,0.08,3.75,0.09,5.0,0.92,3.75,0.91,5.0,0.96,5.0,0.97,15.0,0.04,0.04,44.856117,1776289754000
1776289756.249,256.249,0.04,5.0,0.03,15.0,0.08,3.75,0.09,5.0,0.92,3.75,0.91,5.0,0.96,5.0,0.97,15.0,0.04,0.04,44.856117,1776289755000
1776289757.645,257.645,0.04,5.0,0.03,15.0,0.08,3.75,0.09,5.0,0.92,3.75,0.91,5.0,0.96,5.0,0.97,15.0,0.04,0.04,44.856527,1776289756000
1776289758.395,258.395,0.04,5.0,0.03,15.0,0.08,3.75,0.09,5.0,0.92,3.75,0.91,5.0,0.96,5.0,0.97,15.0,0.04,0.04,44.854339,1776289757000
1776289758.99,258.99,0.04,5.0,0.03,15.0,0.08,3.75,0.09,5.0,0.92,3.75,0.91,5.0,0.96,5.0,0.97,15.0,0.04,0.04,44.857064,1776289758000
1776289760.764,260.764,0.04,5.0,0.03,15.0,0.08,3.75,0.09,5.0,0.92,3.75,0.91,5.0,0.96,5.0,0.97,15.0,0.04,0.04,44.856948,1776289759000
1776289761.106,261.106,0.04,5.0,0.03,15.0,0.08,3.75,0.09,5.0,0.92,3.75,0.91,5.0,0.96,5.0,0.97,15.0,0.04,0.04,44.856948,1776289760000
1776289762.955,262.955,0.04,5.0,0.03,15.0,0.08,3.75,0.09,5.0,0.92,3.75,0.91,5.0,0.96,5.0,0.97,15.0,0.04,0.04,44.860034,1776289761000
1776289763.423,263.423,0.04,5.0,0.03,15.0,0.08,3.75,0.09,5.0,0.92,3.75,0.91,5.0,0.96,5.0,0.97,15.0,0.04,0.04,44.860034,1776289762000
1776289763.893,263.893,0.05,15.0,0.04,5.0,0.06,5.0,0.07,5.0,0.92,3.75,0.91,5.0,0.96,5.0,0.97,15.0,0.01,0.04,44.860034,1776289762000
1776289765.062,265.062,0.05,15.0,0.04,5.0,0.06,5.0,0.07,5.0,0.94,5.0,0.93,5.0,0.95,15.0,0.96,5.0,0.01,0.01,44.860232,1776289764000
1776289766.179,266.179,0.05,15.0,0.04,5.0,0.06,5.0,0.07,5.0,0.94,5.0,0.93,5.0,0.95,15.0,0.96,5.0,0.01,0.01,44.863327,1776289765000
1776289767.27,267.27,0.05,15.0,0.04,5.0,0.06,5.0,0.07,5.0,0.94,5.0,0.93,5.0,0.95,15.0,0.96,5.0,0.01,0.01,44.865284,1776289766000
1776289768.252,268.252,0.05,15.0,0.04,5.0,0.06,5.0,0.07,5.0,0.94,5.0,0.93,5.0,0.95,15.0,0.96,5.0,0.01,0.01,44.865656,1776289767000
1776289768.868,268.868,0.03,10.0,0.02,30.0,0.04,5.0,0.05,5.0,0.94,5.0,0.93,5.0,0.95,15.0,0.96,5.0,0.01,0.01,44.865656,1776289767000
1776289769.416,269.416,0.03,10.0,0.02,30.0,0.04,5.0,0.05,5.0,0.96,5.0,0.95,5.0,0.97,10.0,0.98,30.0,0.01,0.01,44.865409,1776289768000
1776289770.362,270.362,0.03,10.0,0.02,30.0,0.04,5.0,0.05,5.0,0.96,5.0,0.95,5.0,0.97,10.0,0.98,30.0,0.01,0.01,44.866316,1776289769000
1776289770.934,270.934,0.03,10.0,0.02,30.0,0.04,5.0,0.05,5.0,0.96,5.0,0.95,5.0,0.97,10.0,0.98,30.0,0.01,0.01,44.866316,1776289770000
1776289772.184,272.184,0.03,10.0,0.02,30.0,0.04,5.0,0.05,5.0,0.96,5.0,0.95,5.0,0.97,10.0,0.98,30.0,0.01,0.01,44.866168,1776289771000
1776289773.072,273.072,0.03,10.0,0.02,30.0,0.04,5.0,0.05,5.0,0.96,5.0,0.95,5.0,0.97,10.0,0.98,30.0,0.01,0.01,44.86622,1776289772000
1776289774.086,274.086,0.03,8.96,0.02,30.0,0.04,5.0,0.05,5.0,0.96,5.0,0.95,5.0,0.97,8.96,0.98,30.0,0.01,0.01,44.86622,1776289773000
1776289775.136,275.136,0.03,8.96,0.02,30.0,0.04,5.0,0.05,5.0,0.96,5.0,0.95,5.0,0.97,8.96,0.98,30.0,0.01,0.01,44.865432,1776289774000
1776289776.648,276.648,0.03,8.96,0.02,30.0,0.04,5.0,0.05,5.0,0.96,5.0,0.95,5.0,0.97,8.96,0.98,30.0,0.01,0.01,44.864411,1776289775000
1776289777.552,277.552,0.03,8.96,0.02,30.0,0.04,5.0,0.05,5.0,0.96,5.0,0.95,5.0,0.97,8.96,0.98,30.0,0.01,0.01,44.862389,1776289776000
1776289778.16,278.16,0.03,8.96,0.02,30.0,0.04,5.0,0.05,5.0,0.96,5.0,0.95,5.0,0.97,8.96,0.98,30.0,0.01,0.01,44.861891,1776289777000
1776289779.334,279.334,0.03,8.96,0.02,30.0,0.04,5.0,0.05,5.0,0.96,5.0,0.95,5.0,0.97,8.96,0.98,30.0,0.01,0.01,44.861598,1776289778000
1776289780.426,280.426,0.03,8.96,0.02,30.0,0.04,5.0,0.05,5.0,0.96,5.0,0.95,5.0,0.97,8.96,0.98,30.0,0.01,0.01,44.861654,1776289779000
1776289781.01,281.01,0.03,8.96,0.02,30.0,0.04,5.0,0.05,5.0,0.96,5.0,0.95,5.0,0.97,8.96,0.98,30.0,0.01,0.01,44.861875,1776289780000
1776289782.123,282.123,0.02,9.95,0.01,90.0,0.04,5.0,0.05,5.0,0.96,5.0,0.95,5.0,0.97,8.96,0.98,30.0,0.02,0.01,44.861875,1776289780000
1776289783.454,283.454,0.02,4.9,0.01,90.0,0.04,5.0,0.05,5.0,0.96,5.0,0.95,5.0,0.98,4.9,0.99,90.0,0.02,0.02,44.857973,1776289782000
1776289784.115,284.115,0.02,4.9,0.01,90.0,0.04,5.0,0.05,5.0,0.96,5.0,0.95,5.0,0.98,4.9,0.99,90.0,0.02,0.02,44.855857,1776289783000
1776289784.539,284.539,0.02,3.87,0.01,90.0,0.04,5.0,0.05,5.0,0.96,5.0,0.95,5.0,0.98,4.9,0.99,90.0,0.02,0.02,44.855857,1776289783000
1776289785.381,285.381,0.02,3.87,0.01,90.0,0.04,5.0,0.05,5.0,0.96,5.0,0.95,5.0,0.98,3.87,0.99,90.0,0.02,0.02,44.854843,1776289784000
1776289786.445,286.445,0.02,3.87,0.01,90.0,0.04,5.0,0.05,5.0,0.96,5.0,0.95,5.0,0.98,3.87,0.99,90.0,0.02,0.02,44.854695,1776289785000
1776289787.107,287.107,0.02,3.87,0.01,90.0,0.04,5.0,0.05,5.0,0.96,5.0,0.95,5.0,0.98,3.87,0.99,90.0,0.02,0.02,44.854356,1776289786000
1776289787.55,287.55,0.01,90.0,,,0.04,5.0,0.05,5.0,0.96,5.0,0.95,5.0,0.98,0.78,0.99,90.0,0.03,0.02,44.854356,1776289786000
1776289788.184,288.184,0.01,79.34,,,0.03,5.0,0.04,5.0,0.96,5.0,0.95,5.0,0.99,90.0,,,0.02,0.03,44.854356,1776289786000
1776289788.74,288.74,0.01,69.34,,,0.03,5.0,0.04,5.0,0.97,5.0,0.96,5.0,0.99,74.34,,,0.02,0.02,44.85401,1776289787000
1776289789.36,289.36,0.01,69.34,,,0.03,5.0,0.04,5.0,0.97,5.0,0.96,5.0,0.99,69.34,,,0.02,0.02,44.853891,1776289788000
1776289789.905,289.905,,,,,0.01,930.66,0.03,5.0,0.97,5.0,0.96,5.0,0.99,69.34,,,,0.02,44.853891,1776289788000

# RESULT,winner=Down,slug=hype-updown-5m-1776289500,ticks=314
