timestamp,elapsed_sec,up_bid_p1,up_bid_s1,up_bid_p2,up_bid_s2,up_ask_p1,up_ask_s1,up_ask_p2,up_ask_s2,down_bid_p1,down_bid_s1,down_bid_p2,down_bid_s2,down_ask_p1,down_ask_s1,down_ask_p2,down_ask_s2,up_spread,down_spread,hype_price,hype_oracle_ts
1776189601.75,1.75,0.36,13.0,0.11,100.0,0.51,40.0,0.57,11.0,0.49,45.0,0.43,11.0,0.62,7.0,0.64,13.0,0.15,0.13,43.451437,1776189600000
1776189602.226,2.226,0.38,7.0,0.36,13.0,0.51,45.0,0.57,11.0,0.49,45.0,0.43,11.0,0.62,7.0,0.64,13.0,0.13,0.13,43.451437,1776189600000
1776189602.795,2.795,0.38,7.0,0.36,13.0,0.51,45.0,0.57,11.0,0.49,45.0,0.43,11.0,0.62,7.0,0.64,13.0,0.13,0.13,43.451444,1776189601000
1776189603.425,3.425,0.38,7.0,0.36,13.0,0.51,45.0,0.57,11.0,0.49,45.0,0.43,11.0,0.62,7.0,0.64,13.0,0.13,0.13,43.451443,1776189602000
1776189604.122,4.122,0.38,7.0,0.36,13.0,0.51,45.0,0.57,11.0,0.49,45.0,0.43,11.0,0.62,7.0,0.64,13.0,0.13,0.13,43.452039,1776189603000
1776189605.104,5.104,0.39,12.0,0.38,7.0,0.48,3.81,0.51,45.0,0.49,45.0,0.43,11.0,0.62,7.0,0.64,13.0,0.09,0.13,43.452039,1776189603000
1776189605.75,5.75,0.39,12.0,0.38,7.0,0.48,3.81,0.51,45.0,0.52,3.81,0.49,45.0,0.61,12.0,0.62,7.0,0.09,0.09,43.452444,1776189604000
1776189606.467,6.467,0.39,12.0,0.38,7.0,0.48,3.81,0.51,45.0,0.52,3.81,0.49,45.0,0.61,12.0,0.62,7.0,0.09,0.09,43.446897,1776189605000
1776189607.18,7.18,0.39,12.0,0.38,7.0,0.48,3.81,0.51,45.0,0.52,3.81,0.49,45.0,0.61,12.0,0.62,7.0,0.09,0.09,43.444583,1776189606000
1776189608.733,8.733,0.39,12.0,0.38,7.0,0.48,3.81,0.51,45.0,0.52,3.81,0.49,45.0,0.61,12.0,0.62,7.0,0.09,0.09,43.446707,1776189607000
1776189609.509,9.509,0.39,12.0,0.38,7.0,0.48,3.81,0.51,45.0,0.52,3.81,0.49,45.0,0.61,12.0,0.62,7.0,0.09,0.09,43.444283,1776189608000
1776189610.238,10.238,0.39,12.0,0.38,7.0,0.48,3.81,0.51,45.0,0.52,3.81,0.49,45.0,0.61,12.0,0.62,7.0,0.09,0.09,43.445312,1776189609000
1776189612.037,12.037,0.39,12.0,0.38,7.0,0.48,3.81,0.51,45.0,0.52,3.81,0.49,45.0,0.61,12.0,0.62,7.0,0.09,0.09,43.435386,1776189610000
1776189612.642,12.642,0.39,12.0,0.38,7.0,0.48,3.81,0.51,45.0,0.52,3.81,0.49,45.0,0.61,12.0,0.62,7.0,0.09,0.09,43.433231,1776189611000
1776189613.306,13.306,0.39,12.0,0.38,7.0,0.48,3.81,0.51,45.0,0.52,3.81,0.49,45.0,0.61,12.0,0.62,7.0,0.09,0.09,43.432633,1776189612000
1776189614.369,14.369,0.39,12.0,0.38,7.0,0.48,3.81,0.51,45.0,0.52,3.81,0.49,45.0,0.61,12.0,0.62,7.0,0.09,0.09,43.436111,1776189613000
1776189614.983,14.983,0.39,12.0,0.38,7.0,0.48,3.81,0.51,45.0,0.52,3.81,0.49,45.0,0.61,12.0,0.62,7.0,0.09,0.09,43.437504,1776189614000
1776189616.066,16.066,0.39,12.0,0.38,7.0,0.48,3.81,0.51,45.0,0.52,3.81,0.49,45.0,0.61,12.0,0.62,7.0,0.09,0.09,43.441716,1776189615000
1776189617.17,17.17,0.39,12.0,0.38,7.0,0.48,3.81,0.51,45.0,0.52,3.81,0.49,45.0,0.61,12.0,0.62,7.0,0.09,0.09,43.442211,1776189616000
1776189618.218,18.218,0.39,12.0,0.38,7.0,0.48,3.81,0.51,45.0,0.52,3.81,0.49,45.0,0.61,12.0,0.62,7.0,0.09,0.09,43.439026,1776189617000
1776189619.377,19.377,0.39,12.0,0.38,7.0,0.48,3.81,0.51,45.0,0.52,3.81,0.49,45.0,0.61,12.0,0.62,7.0,0.09,0.09,43.438887,1776189618000
1776189620.086,20.086,0.39,12.0,0.38,7.0,0.48,3.81,0.51,45.0,0.52,3.81,0.49,45.0,0.61,12.0,0.62,7.0,0.09,0.09,43.438887,1776189619000
1776189621.138,21.138,0.39,12.0,0.38,7.0,0.48,3.81,0.51,45.0,0.52,3.81,0.49,45.0,0.61,12.0,0.62,7.0,0.09,0.09,43.437512,1776189620000
1776189622.298,22.298,0.39,12.0,0.38,7.0,0.48,3.81,0.51,45.0,0.52,3.81,0.49,45.0,0.61,12.0,0.62,7.0,0.09,0.09,43.436481,1776189621000
1776189623.407,23.407,0.39,12.0,0.38,7.0,0.48,3.81,0.51,45.0,0.52,3.81,0.49,45.0,0.61,12.0,0.62,7.0,0.09,0.09,43.436477,1776189622000
1776189624.014,24.014,0.39,12.0,0.38,7.0,0.48,3.81,0.51,45.0,0.52,3.81,0.49,45.0,0.61,12.0,0.62,7.0,0.09,0.09,43.436512,1776189623000
1776189625.204,25.204,0.39,12.0,0.38,7.0,0.48,3.81,0.51,45.0,0.52,3.81,0.49,45.0,0.61,12.0,0.62,7.0,0.09,0.09,43.43349,1776189624000
1776189626.752,26.752,0.39,12.0,0.38,7.0,0.48,3.81,0.51,45.0,0.52,3.81,0.49,45.0,0.61,12.0,0.62,7.0,0.09,0.09,43.433881,1776189625000
1776189627.331,27.331,0.39,12.0,0.38,7.0,0.48,3.81,0.51,45.0,0.52,3.81,0.49,45.0,0.61,12.0,0.62,7.0,0.09,0.09,43.433881,1776189626000
1776189628.463,28.463,0.39,12.0,0.38,7.0,0.48,3.81,0.51,45.0,0.52,3.81,0.49,45.0,0.61,12.0,0.62,7.0,0.09,0.09,43.431823,1776189627000
1776189629.046,29.046,0.39,12.0,0.38,7.0,0.48,3.81,0.51,45.0,0.52,3.81,0.49,45.0,0.61,12.0,0.62,7.0,0.09,0.09,43.431825,1776189628000
1776189630.027,30.027,0.39,12.0,0.38,7.0,0.48,3.81,0.51,45.0,0.52,3.81,0.49,45.0,0.61,12.0,0.62,7.0,0.09,0.09,43.432075,1776189629000
1776189631.179,31.179,0.39,12.0,0.38,7.0,0.48,3.81,0.51,45.0,0.52,3.81,0.49,45.0,0.61,12.0,0.62,7.0,0.09,0.09,43.434158,1776189630000
1776189632.363,32.363,0.36,7.0,0.25,5.0,0.51,43.98,0.52,5.0,0.49,43.98,0.48,5.0,0.64,7.0,0.75,5.0,0.15,0.15,43.433076,1776189631000
1776189633.384,33.384,0.36,7.0,0.25,5.0,0.51,43.98,0.52,5.0,0.49,43.98,0.48,5.0,0.64,7.0,0.75,5.0,0.15,0.15,43.435721,1776189632000
1776189634.407,34.407,0.36,7.0,0.25,5.0,0.51,43.98,0.52,5.0,0.49,43.98,0.48,5.0,0.64,7.0,0.75,5.0,0.15,0.15,43.447836,1776189633000
1776189635.441,35.441,0.36,7.0,0.25,5.0,0.51,43.98,0.52,5.0,0.49,43.98,0.48,5.0,0.64,7.0,0.75,5.0,0.15,0.15,43.44887,1776189634000
1776189635.992,35.992,0.36,7.0,0.25,5.0,0.51,43.98,0.52,5.0,0.49,43.98,0.48,5.0,0.64,7.0,0.75,5.0,0.15,0.15,43.44887,1776189635000
1776189637.058,37.058,0.36,7.0,0.25,5.0,0.51,43.98,0.52,5.0,0.49,43.98,0.48,5.0,0.64,7.0,0.75,5.0,0.15,0.15,43.443108,1776189636000
1776189638.162,38.162,0.36,7.0,0.25,5.0,0.51,43.98,0.52,5.0,0.49,43.98,0.48,5.0,0.64,7.0,0.75,5.0,0.15,0.15,43.446112,1776189637000
1776189639.279,39.279,0.36,7.0,0.25,5.0,0.51,43.98,0.52,5.0,0.49,43.98,0.48,5.0,0.64,7.0,0.75,5.0,0.15,0.15,43.445724,1776189638000
1776189640.775,40.775,0.36,7.0,0.25,5.0,0.51,43.98,0.52,5.0,0.49,43.98,0.48,5.0,0.64,7.0,0.75,5.0,0.15,0.15,43.445724,1776189639000
1776189641.677,41.677,0.36,7.0,0.25,5.0,0.51,43.98,0.52,5.0,0.49,43.98,0.48,5.0,0.64,7.0,0.75,5.0,0.15,0.15,43.44572,1776189640000
1776189642.299,42.299,0.36,7.0,0.25,5.0,0.51,43.98,0.52,5.0,0.49,43.98,0.48,5.0,0.64,7.0,0.75,5.0,0.15,0.15,43.44425,1776189641000
1776189643.736,43.736,0.36,7.0,0.25,5.0,0.51,43.98,0.52,5.0,0.49,43.98,0.48,5.0,0.64,7.0,0.75,5.0,0.15,0.15,43.440646,1776189642000
1776189644.293,44.293,0.36,7.0,0.25,5.0,0.51,43.98,0.52,5.0,0.49,43.98,0.48,5.0,0.64,7.0,0.75,5.0,0.15,0.15,43.440698,1776189643000
1776189645.041,45.041,0.36,7.0,0.25,5.0,0.51,43.98,0.52,5.0,0.49,43.98,0.48,5.0,0.64,7.0,0.75,5.0,0.15,0.15,43.440778,1776189644000
1776189646.379,46.379,0.36,7.0,0.25,5.0,0.51,43.98,0.52,5.0,0.49,43.98,0.48,5.0,0.64,7.0,0.75,5.0,0.15,0.15,43.440527,1776189645000
1776189646.983,46.983,0.36,7.0,0.25,5.0,0.51,43.98,0.52,5.0,0.49,43.98,0.48,5.0,0.64,7.0,0.75,5.0,0.15,0.15,43.440491,1776189646000
1776189648.254,48.254,0.36,7.0,0.25,5.0,0.51,43.98,0.52,5.0,0.49,43.98,0.48,5.0,0.64,7.0,0.75,5.0,0.15,0.15,43.440491,1776189647000
1776189649.394,49.394,0.36,7.0,0.25,5.0,0.51,43.98,0.52,5.0,0.49,43.98,0.48,5.0,0.64,7.0,0.75,5.0,0.15,0.15,43.440491,1776189648000
1776189650.945,50.945,0.36,7.0,0.25,5.0,0.51,43.98,0.52,5.0,0.49,43.98,0.48,5.0,0.64,7.0,0.75,5.0,0.15,0.15,43.440208,1776189649000
1776189651.703,51.703,0.36,7.0,0.25,5.0,0.51,43.98,0.52,5.0,0.49,43.98,0.48,5.0,0.64,7.0,0.75,5.0,0.15,0.15,43.440364,1776189650000
1776189652.361,52.361,0.36,7.0,0.25,5.0,0.51,43.98,0.52,5.0,0.49,43.98,0.48,5.0,0.64,7.0,0.75,5.0,0.15,0.15,43.440501,1776189651000
1776189653.077,53.077,0.36,7.0,0.25,5.0,0.51,43.98,0.52,5.0,0.49,43.98,0.48,5.0,0.64,7.0,0.75,5.0,0.15,0.15,43.442019,1776189652000
1776189654.415,54.415,0.36,7.0,0.25,5.0,0.51,43.98,0.52,5.0,0.49,43.98,0.48,5.0,0.64,7.0,0.75,5.0,0.15,0.15,43.44292,1776189653000
1776189655.162,55.162,0.36,7.0,0.25,5.0,0.51,43.98,0.52,5.0,0.49,43.98,0.48,5.0,0.64,7.0,0.75,5.0,0.15,0.15,43.44292,1776189654000
1776189656.66,56.66,0.36,7.0,0.25,5.0,0.51,43.98,0.52,5.0,0.49,43.98,0.48,5.0,0.64,7.0,0.75,5.0,0.15,0.15,43.445406,1776189655000
1776189657.225,57.225,0.36,7.0,0.25,5.0,0.51,43.98,0.52,5.0,0.49,43.98,0.48,5.0,0.64,7.0,0.75,5.0,0.15,0.15,43.446481,1776189656000
1776189658.184,58.184,0.36,7.0,0.25,5.0,0.51,43.98,0.52,5.0,0.49,43.98,0.48,5.0,0.64,7.0,0.75,5.0,0.15,0.15,43.446148,1776189657000
1776189658.921,58.921,0.36,7.0,0.25,5.0,0.51,43.98,0.52,5.0,0.49,43.98,0.48,5.0,0.64,7.0,0.75,5.0,0.15,0.15,43.446137,1776189658000
1776189660.236,60.236,0.36,7.0,0.25,5.0,0.51,43.98,0.52,5.0,0.49,43.98,0.48,5.0,0.64,7.0,0.75,5.0,0.15,0.15,43.446013,1776189659000
1776189661.389,61.389,0.36,7.0,0.25,5.0,0.51,43.98,0.52,5.0,0.49,43.98,0.48,5.0,0.64,7.0,0.75,5.0,0.15,0.15,43.446318,1776189660000
1776189662.054,62.054,0.36,7.0,0.25,5.0,0.51,43.98,0.52,5.0,0.49,43.98,0.48,5.0,0.64,7.0,0.75,5.0,0.15,0.15,43.446318,1776189661000
1776189663.024,63.024,0.36,7.0,0.25,5.0,0.51,43.98,0.52,5.0,0.49,43.98,0.48,5.0,0.64,7.0,0.75,5.0,0.15,0.15,43.445558,1776189662000
1776189664.283,64.283,0.36,7.0,0.25,5.0,0.51,43.98,0.52,5.0,0.49,43.98,0.48,5.0,0.64,7.0,0.75,5.0,0.15,0.15,43.444995,1776189663000
1776189665.646,65.646,0.36,7.0,0.25,5.0,0.51,43.98,0.52,5.0,0.49,43.98,0.48,5.0,0.64,7.0,0.75,5.0,0.15,0.15,43.443299,1776189664000
1776189666.064,66.064,0.36,7.0,0.25,5.0,0.51,43.98,0.52,5.0,0.49,43.98,0.48,5.0,0.64,7.0,0.75,5.0,0.15,0.15,43.443299,1776189665000
1776189667.235,67.235,0.36,7.0,0.25,5.0,0.51,43.98,0.52,5.0,0.49,43.98,0.48,5.0,0.64,7.0,0.75,5.0,0.15,0.15,43.44323,1776189666000
1776189668.423,68.423,0.36,7.0,0.25,5.0,0.51,43.98,0.52,5.0,0.49,43.98,0.48,5.0,0.64,7.0,0.75,5.0,0.15,0.15,43.441998,1776189667000
1776189669.113,69.113,0.36,7.0,0.25,5.0,0.51,43.98,0.52,5.0,0.49,43.98,0.48,5.0,0.64,7.0,0.75,5.0,0.15,0.15,43.442317,1776189668000
1776189670.118,70.118,0.36,7.0,0.25,5.0,0.51,43.98,0.52,5.0,0.49,43.98,0.48,5.0,0.64,7.0,0.75,5.0,0.15,0.15,43.442549,1776189669000
1776189671.419,71.419,0.36,7.0,0.25,5.0,0.51,43.98,0.52,5.0,0.49,43.98,0.48,5.0,0.64,7.0,0.75,5.0,0.15,0.15,43.439881,1776189670000
1776189671.787,71.787,0.5,30.0,0.49,10.0,0.51,18.98,0.66,15.0,0.49,28.98,0.33,15.0,0.55,26.0,0.61,15.0,0.01,0.06,43.439881,1776189670000
1776189672.152,72.152,0.5,30.0,0.49,10.0,0.51,8.98,0.66,15.0,0.49,18.98,0.34,15.0,0.5,30.0,0.51,10.0,0.01,0.01,43.439876,1776189671000
1776189672.491,72.491,0.5,30.0,0.48,10.0,0.66,15.0,0.67,15.0,0.49,3.88,0.34,15.0,0.5,30.0,0.51,10.0,0.16,0.01,43.439876,1776189671000
1776189673.763,73.763,0.5,8.57,0.48,15.0,0.66,15.0,0.67,15.0,0.34,15.0,0.33,15.0,0.5,8.57,0.52,15.0,0.16,0.16,43.4561,1776189672000
1776189674.376,74.376,0.5,8.57,0.48,15.0,0.66,15.0,0.67,15.0,0.34,15.0,0.33,15.0,0.5,8.57,0.52,15.0,0.16,0.16,43.4691,1776189673000
1776189675.925,75.925,0.5,8.57,0.48,15.0,0.66,15.0,0.67,15.0,0.34,15.0,0.33,15.0,0.5,8.57,0.52,15.0,0.16,0.16,43.4707,1776189674000
1776189676.411,76.411,0.5,8.57,0.48,15.0,0.66,15.0,0.67,15.0,0.34,15.0,0.33,15.0,0.5,8.57,0.52,15.0,0.16,0.16,43.469947,1776189675000
1776189676.964,76.964,0.5,8.57,0.48,15.0,0.66,15.0,0.67,15.0,0.34,15.0,0.33,15.0,0.5,8.57,0.52,15.0,0.16,0.16,43.469948,1776189676000
1776189678.257,78.257,0.5,8.57,0.48,15.0,0.66,15.0,0.67,15.0,0.34,15.0,0.33,15.0,0.5,8.57,0.52,15.0,0.16,0.16,43.471607,1776189677000
1776189679.458,79.458,0.5,8.57,0.48,15.0,0.66,15.0,0.67,15.0,0.34,15.0,0.33,15.0,0.5,8.57,0.52,15.0,0.16,0.16,43.471371,1776189678000
1776189679.952,79.952,0.5,8.57,0.48,15.0,0.66,15.0,0.67,15.0,0.34,15.0,0.33,15.0,0.5,8.57,0.52,15.0,0.16,0.16,43.471371,1776189679000
1776189681.224,81.224,0.5,8.57,0.48,15.0,0.66,15.0,0.67,15.0,0.34,15.0,0.33,15.0,0.5,8.57,0.52,15.0,0.16,0.16,43.468943,1776189680000
1776189684.063,84.063,0.5,8.57,0.48,15.0,0.66,15.0,0.67,15.0,0.34,15.0,0.33,15.0,0.5,8.57,0.52,15.0,0.16,0.16,43.467132,1776189681000
1776189684.313,84.313,0.5,8.57,0.48,15.0,0.66,15.0,0.67,15.0,0.34,15.0,0.33,15.0,0.5,8.57,0.52,15.0,0.16,0.16,43.466948,1776189683000
1776189685.399,85.399,0.5,8.57,0.48,15.0,0.66,15.0,0.67,15.0,0.34,15.0,0.33,15.0,0.5,8.57,0.52,15.0,0.16,0.16,43.467049,1776189684000
1776189686.065,86.065,0.5,8.57,0.48,15.0,0.66,15.0,0.67,15.0,0.34,15.0,0.33,15.0,0.5,8.57,0.52,15.0,0.16,0.16,43.46776,1776189685000
1776189687.159,87.159,0.5,8.57,0.48,15.0,0.66,15.0,0.67,15.0,0.34,15.0,0.33,15.0,0.5,8.57,0.52,15.0,0.16,0.16,43.467986,1776189686000
1776189688.317,88.317,0.5,8.57,0.48,15.0,0.66,15.0,0.67,15.0,0.34,15.0,0.33,15.0,0.5,8.57,0.52,15.0,0.16,0.16,43.467986,1776189687000
1776189689.421,89.421,0.5,8.57,0.48,15.0,0.66,15.0,0.67,15.0,0.34,15.0,0.33,15.0,0.5,8.57,0.52,15.0,0.16,0.16,43.467986,1776189688000
1776189690.071,90.071,0.5,8.57,0.48,15.0,0.66,15.0,0.67,15.0,0.34,15.0,0.33,15.0,0.5,8.57,0.52,15.0,0.16,0.16,43.468813,1776189689000
1776189691.264,91.264,0.5,8.57,0.48,15.0,0.66,15.0,0.67,15.0,0.34,15.0,0.33,15.0,0.5,8.57,0.52,15.0,0.16,0.16,43.469582,1776189690000
1776189692.385,92.385,0.5,8.57,0.48,15.0,0.66,15.0,0.67,15.0,0.34,15.0,0.33,15.0,0.5,8.57,0.52,15.0,0.16,0.16,43.473458,1776189691000
1776189693.065,93.065,0.5,8.57,0.48,15.0,0.66,15.0,0.67,15.0,0.34,15.0,0.33,15.0,0.5,8.57,0.52,15.0,0.16,0.16,43.473458,1776189692000
1776189693.983,93.983,0.5,8.57,0.48,15.0,0.66,15.0,0.67,15.0,0.34,15.0,0.33,15.0,0.5,8.57,0.52,15.0,0.16,0.16,43.475503,1776189693000
1776189695.131,95.131,0.5,8.57,0.48,15.0,0.66,15.0,0.67,15.0,0.34,15.0,0.33,15.0,0.5,8.57,0.52,15.0,0.16,0.16,43.475839,1776189694000
1776189696.23,96.23,0.5,8.57,0.48,15.0,0.66,15.0,0.67,15.0,0.34,15.0,0.33,15.0,0.5,8.57,0.52,15.0,0.16,0.16,43.475472,1776189695000
1776189697.333,97.333,0.5,8.57,0.48,15.0,0.66,15.0,0.67,15.0,0.34,15.0,0.33,15.0,0.5,8.57,0.52,15.0,0.16,0.16,43.475243,1776189696000
1776189698.422,98.422,0.5,8.57,0.48,15.0,0.66,15.0,0.67,15.0,0.34,15.0,0.33,15.0,0.5,8.57,0.52,15.0,0.16,0.16,43.475242,1776189697000
1776189698.948,98.948,0.5,8.57,0.48,15.0,0.66,15.0,0.67,15.0,0.34,15.0,0.33,15.0,0.5,8.57,0.52,15.0,0.16,0.16,43.475242,1776189698000
1776189700.018,100.018,0.5,8.57,0.48,15.0,0.66,15.0,0.67,15.0,0.34,15.0,0.33,15.0,0.5,8.57,0.52,15.0,0.16,0.16,43.47158,1776189699000
1776189700.97,100.97,0.5,8.57,0.48,15.0,0.66,15.0,0.67,15.0,0.34,15.0,0.33,15.0,0.5,8.57,0.52,15.0,0.16,0.16,43.473654,1776189700000
1776189701.994,101.994,0.5,8.57,0.48,15.0,0.66,15.0,0.67,15.0,0.34,15.0,0.33,15.0,0.5,8.57,0.52,15.0,0.16,0.16,43.47354,1776189701000
1776189703.747,103.747,0.5,8.57,0.48,15.0,0.66,15.0,0.67,15.0,0.34,15.0,0.33,15.0,0.5,8.57,0.52,15.0,0.16,0.16,43.473107,1776189702000
1776189704.569,104.569,0.5,8.57,0.48,15.0,0.66,15.0,0.67,15.0,0.34,15.0,0.33,15.0,0.5,8.57,0.52,15.0,0.16,0.16,43.473107,1776189703000
1776189705.263,105.263,0.5,8.57,0.48,15.0,0.66,15.0,0.67,15.0,0.34,15.0,0.33,15.0,0.5,8.57,0.52,15.0,0.16,0.16,43.473107,1776189704000
1776189706.675,106.675,0.5,8.57,0.48,15.0,0.66,15.0,0.67,15.0,0.34,15.0,0.33,15.0,0.5,8.57,0.52,15.0,0.16,0.16,43.472828,1776189705000
1776189707.466,107.466,0.5,8.57,0.48,15.0,0.66,15.0,0.67,15.0,0.34,15.0,0.33,15.0,0.5,8.57,0.52,15.0,0.16,0.16,43.472863,1776189706000
1776189708.208,108.208,0.5,8.57,0.48,15.0,0.66,15.0,0.67,15.0,0.34,15.0,0.33,15.0,0.5,8.57,0.52,15.0,0.16,0.16,43.472936,1776189707000
1776189709.499,109.499,0.5,8.57,0.48,15.0,0.66,15.0,0.67,15.0,0.34,15.0,0.33,15.0,0.5,8.57,0.52,15.0,0.16,0.16,43.472628,1776189708000
1776189710.063,110.063,0.5,8.57,0.48,15.0,0.66,15.0,0.67,15.0,0.34,15.0,0.33,15.0,0.5,8.57,0.52,15.0,0.16,0.16,43.473568,1776189709000
1776189711.371,111.371,0.5,8.57,0.48,15.0,0.66,15.0,0.67,15.0,0.34,15.0,0.33,15.0,0.5,8.57,0.52,15.0,0.16,0.16,43.473982,1776189710000
1776189712.113,112.113,0.5,8.57,0.48,15.0,0.66,15.0,0.67,15.0,0.34,15.0,0.33,15.0,0.5,8.57,0.52,15.0,0.16,0.16,43.47603,1776189711000
1776189713.381,113.381,0.5,8.57,0.48,15.0,0.66,15.0,0.67,15.0,0.34,15.0,0.33,15.0,0.5,8.57,0.52,15.0,0.16,0.16,43.480945,1776189712000
1776189713.998,113.998,0.5,8.57,0.48,15.0,0.66,15.0,0.67,15.0,0.34,15.0,0.33,15.0,0.5,8.57,0.52,15.0,0.16,0.16,43.488881,1776189713000
1776189715.359,115.359,0.5,8.57,0.48,15.0,0.66,15.0,0.67,15.0,0.34,15.0,0.33,15.0,0.5,8.57,0.52,15.0,0.16,0.16,43.493479,1776189714000
1776189716.081,116.081,0.5,8.57,0.48,15.0,0.66,15.0,0.67,15.0,0.34,15.0,0.33,15.0,0.5,8.57,0.52,15.0,0.16,0.16,43.496188,1776189715000
1776189717.457,117.457,0.5,8.57,0.48,15.0,0.66,15.0,0.67,15.0,0.34,15.0,0.33,15.0,0.5,8.57,0.52,15.0,0.16,0.16,43.494658,1776189716000
1776189718.16,118.16,0.5,8.57,0.48,15.0,0.66,15.0,0.67,15.0,0.34,15.0,0.33,15.0,0.5,8.57,0.52,15.0,0.16,0.16,43.494652,1776189717000
1776189719.442,119.442,0.5,8.57,0.48,15.0,0.66,15.0,0.67,15.0,0.34,15.0,0.33,15.0,0.5,8.57,0.52,15.0,0.16,0.16,43.496062,1776189718000
1776189720.193,120.193,0.5,8.57,0.48,15.0,0.66,15.0,0.67,15.0,0.34,15.0,0.33,15.0,0.5,8.57,0.52,15.0,0.16,0.16,43.496075,1776189719000
1776189721.375,121.375,0.5,8.57,0.48,15.0,0.66,15.0,0.67,15.0,0.34,15.0,0.33,15.0,0.5,8.57,0.52,15.0,0.16,0.16,43.49768,1776189720000
1776189721.998,121.998,0.5,8.57,0.48,15.0,0.66,15.0,0.67,15.0,0.34,15.0,0.33,15.0,0.5,8.57,0.52,15.0,0.16,0.16,43.497579,1776189721000
1776189723.242,123.242,0.5,8.57,0.48,15.0,0.66,15.0,0.67,15.0,0.34,15.0,0.33,15.0,0.5,8.57,0.52,15.0,0.16,0.16,43.497464,1776189722000
1776189723.484,123.484,0.68,7.0,0.63,15.0,0.74,6.26,0.75,15.0,0.34,15.0,0.33,15.0,0.5,8.57,0.52,15.0,0.06,0.16,43.497464,1776189722000
1776189724.266,124.266,0.68,7.0,0.63,15.0,0.74,6.26,0.75,15.0,0.26,6.26,0.25,15.0,0.32,7.0,0.37,15.0,0.06,0.06,43.497436,1776189723000
1776189725.255,125.255,0.7,7.0,0.63,15.0,0.74,0.17,0.75,15.0,0.26,6.26,0.25,15.0,0.32,7.0,0.37,15.0,0.04,0.06,43.497436,1776189723000
1776189725.537,125.537,0.7,7.0,0.6,15.0,0.73,8.74,0.74,0.17,0.26,0.17,0.25,15.0,0.3,7.0,0.37,15.0,0.03,0.04,43.494776,1776189724000
1776189726.483,126.483,0.7,7.0,0.6,15.0,0.73,8.74,0.74,0.17,0.27,8.74,0.26,0.17,0.3,7.0,0.4,15.0,0.03,0.03,43.495805,1776189725000
1776189727.061,127.061,0.7,7.0,0.6,15.0,0.73,8.74,0.74,0.17,0.27,8.74,0.26,0.17,0.3,7.0,0.4,15.0,0.03,0.03,43.495805,1776189726000
1776189728.136,128.136,0.7,7.0,0.6,15.0,0.73,8.74,0.74,0.17,0.27,8.74,0.26,0.17,0.3,7.0,0.4,15.0,0.03,0.03,43.489999,1776189727000
1776189729.255,129.255,0.7,7.0,0.6,15.0,0.73,8.74,0.74,0.17,0.27,8.74,0.26,0.17,0.3,7.0,0.4,15.0,0.03,0.03,43.488014,1776189728000
1776189730.395,130.395,0.7,7.0,0.6,15.0,0.73,8.74,0.74,0.17,0.27,8.74,0.26,0.17,0.3,7.0,0.4,15.0,0.03,0.03,43.490421,1776189729000
1776189731.325,131.325,0.7,7.0,0.6,15.0,0.73,8.74,0.74,0.17,0.27,8.74,0.26,0.17,0.3,7.0,0.4,15.0,0.03,0.03,43.494847,1776189730000
1776189732.374,132.374,0.7,7.0,0.6,15.0,0.73,8.74,0.74,0.17,0.27,8.74,0.26,0.17,0.3,7.0,0.4,15.0,0.03,0.03,43.494899,1776189731000
1776189732.907,132.907,0.7,7.0,0.6,15.0,0.73,8.74,0.74,0.17,0.27,8.74,0.26,0.17,0.3,7.0,0.4,15.0,0.03,0.03,43.493989,1776189732000
1776189733.978,133.978,0.7,7.0,0.6,15.0,0.73,8.74,0.74,0.17,0.27,8.74,0.26,0.17,0.3,7.0,0.4,15.0,0.03,0.03,43.493989,1776189733000
1776189735.595,135.595,0.7,7.0,0.6,15.0,0.73,8.74,0.74,0.17,0.27,8.74,0.26,0.17,0.3,7.0,0.4,15.0,0.03,0.03,43.498435,1776189734000
1776189736.195,136.195,0.7,7.0,0.6,15.0,0.73,8.74,0.74,0.17,0.27,8.74,0.26,0.17,0.3,7.0,0.4,15.0,0.03,0.03,43.508055,1776189735000
1776189737.25,137.25,0.7,7.0,0.6,15.0,0.73,8.74,0.74,0.17,0.27,8.74,0.26,0.17,0.3,7.0,0.4,15.0,0.03,0.03,43.508246,1776189736000
1776189738.348,138.348,0.7,7.0,0.6,15.0,0.73,8.74,0.74,0.17,0.27,8.74,0.26,0.17,0.3,7.0,0.4,15.0,0.03,0.03,43.509037,1776189737000
1776189739.452,139.452,0.7,7.0,0.6,15.0,0.73,8.74,0.74,0.17,0.27,8.74,0.26,0.17,0.3,7.0,0.4,15.0,0.03,0.03,43.524083,1776189738000
1776189740.486,140.486,0.7,7.0,0.6,15.0,0.73,8.74,0.74,0.17,0.27,8.74,0.26,0.17,0.3,7.0,0.4,15.0,0.03,0.03,43.538731,1776189739000
1776189740.952,140.952,0.7,7.0,0.6,15.0,0.73,8.74,0.74,0.17,0.27,8.74,0.26,0.17,0.3,7.0,0.4,15.0,0.03,0.03,43.538337,1776189740000
1776189742.124,142.124,0.7,7.0,0.6,15.0,0.73,8.74,0.74,0.17,0.27,8.74,0.26,0.17,0.3,7.0,0.4,15.0,0.03,0.03,43.535328,1776189741000
1776189742.357,142.357,0.76,6.0,0.68,15.0,0.83,4.53,0.84,15.0,0.27,8.74,0.26,0.17,0.3,7.0,0.4,15.0,0.07,0.03,43.535328,1776189741000
1776189742.931,142.931,0.8,13.0,0.69,15.0,0.83,3.32,0.84,15.0,0.17,4.53,0.16,15.0,0.24,6.0,0.32,15.0,0.03,0.07,43.535328,1776189741000
1776189743.199,143.199,0.8,13.0,0.69,15.0,0.83,3.32,0.84,15.0,0.17,3.32,0.16,15.0,0.2,13.0,0.31,15.0,0.03,0.03,43.530527,1776189742000
1776189744.282,144.282,0.8,13.0,0.69,15.0,0.83,3.32,0.84,15.0,0.17,3.32,0.16,15.0,0.2,13.0,0.31,15.0,0.03,0.03,43.524561,1776189743000
1776189744.639,144.639,0.8,1.0,0.72,15.0,0.82,15.0,0.83,3.32,0.17,3.32,0.16,15.0,0.2,13.0,0.31,15.0,0.02,0.03,43.524561,1776189743000
1776189745.382,145.382,0.8,1.0,0.72,15.0,0.82,15.0,0.83,3.32,0.18,15.0,0.17,3.32,0.2,1.0,0.28,15.0,0.02,0.02,43.523276,1776189744000
1776189745.637,145.637,0.8,1.0,0.72,15.0,0.83,3.32,0.84,15.0,0.18,15.0,0.17,3.32,0.2,1.0,0.28,15.0,0.03,0.02,43.523276,1776189744000
1776189746.489,146.489,0.8,1.0,0.72,15.0,0.83,3.32,0.84,15.0,0.17,3.32,0.16,15.0,0.2,1.0,0.28,15.0,0.03,0.03,43.522202,1776189745000
1776189746.955,146.955,0.8,1.0,0.72,15.0,0.83,3.32,0.84,15.0,0.17,3.32,0.16,15.0,0.2,1.0,0.28,15.0,0.03,0.03,43.522202,1776189746000
1776189748.259,148.259,0.8,1.0,0.72,15.0,0.83,3.32,0.84,15.0,0.17,3.32,0.16,15.0,0.2,1.0,0.28,15.0,0.03,0.03,43.5204,1776189747000
1776189749.876,149.876,0.8,1.0,0.72,15.0,0.83,3.32,0.84,15.0,0.17,3.32,0.16,15.0,0.2,1.0,0.28,15.0,0.03,0.03,43.523094,1776189748000
1776189750.516,150.516,0.8,1.0,0.72,15.0,0.83,3.32,0.84,15.0,0.17,3.32,0.16,15.0,0.2,1.0,0.28,15.0,0.03,0.03,43.522871,1776189749000
1776189751.012,151.012,0.8,1.0,0.72,15.0,0.83,3.32,0.84,15.0,0.17,3.32,0.16,15.0,0.2,1.0,0.28,15.0,0.03,0.03,43.522882,1776189750000
1776189752.057,152.057,0.8,1.0,0.72,15.0,0.83,3.32,0.84,15.0,0.17,3.32,0.16,15.0,0.2,1.0,0.28,15.0,0.03,0.03,43.524786,1776189751000
1776189753.327,153.327,0.8,1.0,0.72,15.0,0.83,3.32,0.84,15.0,0.17,3.32,0.16,15.0,0.2,1.0,0.28,15.0,0.03,0.03,43.52926,1776189752000
1776189754.131,154.131,0.8,1.0,0.72,15.0,0.83,3.32,0.84,15.0,0.17,3.32,0.16,15.0,0.2,1.0,0.28,15.0,0.03,0.03,43.530541,1776189753000
1776189755.026,155.026,0.8,1.0,0.72,15.0,0.83,3.32,0.84,15.0,0.17,3.32,0.16,15.0,0.2,1.0,0.28,15.0,0.03,0.03,43.530541,1776189754000
1776189756.099,156.099,0.8,1.0,0.72,15.0,0.83,3.32,0.84,15.0,0.17,3.32,0.16,15.0,0.2,1.0,0.28,15.0,0.03,0.03,43.535646,1776189755000
1776189757.286,157.286,0.8,1.0,0.72,15.0,0.83,3.32,0.84,15.0,0.17,3.32,0.16,15.0,0.2,1.0,0.28,15.0,0.03,0.03,43.533545,1776189756000
1776189758.35,158.35,0.8,1.0,0.72,15.0,0.83,3.32,0.84,15.0,0.17,3.32,0.16,15.0,0.2,1.0,0.28,15.0,0.03,0.03,43.5366,1776189757000
1776189759.422,159.422,0.8,1.0,0.72,15.0,0.83,3.32,0.84,15.0,0.17,3.32,0.16,15.0,0.2,1.0,0.28,15.0,0.03,0.03,43.535385,1776189758000
1776189760.021,160.021,0.8,1.0,0.72,15.0,0.83,3.32,0.84,15.0,0.17,3.32,0.16,15.0,0.2,1.0,0.28,15.0,0.03,0.03,43.53556,1776189759000
1776189760.347,160.347,0.83,6.0,0.74,15.0,0.86,5.61,0.87,15.0,0.17,3.32,0.16,15.0,0.2,1.0,0.28,15.0,0.03,0.03,43.53556,1776189759000
1776189761.058,161.058,0.83,6.0,0.74,15.0,0.86,5.61,0.87,15.0,0.14,5.61,0.13,15.0,0.17,6.0,0.26,15.0,0.03,0.03,43.533538,1776189760000
1776189762.185,162.185,0.83,6.0,0.74,15.0,0.86,5.61,0.87,15.0,0.14,5.61,0.13,15.0,0.17,6.0,0.26,15.0,0.03,0.03,43.531639,1776189761000
1776189763.206,163.206,0.83,6.0,0.74,15.0,0.86,5.61,0.87,15.0,0.14,5.61,0.13,15.0,0.17,6.0,0.26,15.0,0.03,0.03,43.528124,1776189762000
1776189764.574,164.574,0.83,6.0,0.74,15.0,0.86,5.61,0.87,15.0,0.14,5.61,0.13,15.0,0.17,6.0,0.26,15.0,0.03,0.03,43.532,1776189763000
1776189765.049,165.049,0.83,6.0,0.74,15.0,0.86,5.61,0.87,15.0,0.14,5.61,0.13,15.0,0.17,6.0,0.26,15.0,0.03,0.03,43.533045,1776189764000
1776189766.233,166.233,0.83,6.0,0.74,15.0,0.86,5.61,0.87,15.0,0.14,5.61,0.13,15.0,0.17,6.0,0.26,15.0,0.03,0.03,43.535394,1776189765000
1776189768.163,168.163,0.83,6.0,0.74,15.0,0.86,5.61,0.87,15.0,0.14,5.61,0.13,15.0,0.17,6.0,0.26,15.0,0.03,0.03,43.535393,1776189767000
1776189769.624,169.624,0.83,6.0,0.74,15.0,0.86,5.61,0.87,15.0,0.14,5.61,0.13,15.0,0.17,6.0,0.26,15.0,0.03,0.03,43.536711,1776189768000
1776189770.352,170.352,0.83,6.0,0.74,15.0,0.86,5.61,0.87,15.0,0.14,5.61,0.13,15.0,0.17,6.0,0.26,15.0,0.03,0.03,43.53694,1776189769000
1776189771.07,171.07,0.83,6.0,0.74,15.0,0.86,5.61,0.87,15.0,0.14,5.61,0.13,15.0,0.17,6.0,0.26,15.0,0.03,0.03,43.536945,1776189770000
1776189772.488,172.488,0.83,6.0,0.74,15.0,0.86,5.61,0.87,15.0,0.14,5.61,0.13,15.0,0.17,6.0,0.26,15.0,0.03,0.03,43.537997,1776189771000
1776189773.302,173.302,0.83,6.0,0.74,15.0,0.86,5.61,0.87,15.0,0.14,5.61,0.13,15.0,0.17,6.0,0.26,15.0,0.03,0.03,43.537944,1776189772000
1776189773.621,173.621,0.82,18.0,0.78,15.0,0.87,15.0,0.88,15.0,0.14,5.61,0.13,15.0,0.17,6.0,0.26,15.0,0.05,0.03,43.537944,1776189772000
1776189774.617,174.617,0.82,18.0,0.78,15.0,0.87,15.0,0.88,15.0,0.13,15.0,0.12,15.0,0.18,18.0,0.22,15.0,0.05,0.05,43.532513,1776189773000
1776189775.247,175.247,0.82,18.0,0.78,15.0,0.87,15.0,0.88,15.0,0.13,15.0,0.12,15.0,0.18,18.0,0.22,15.0,0.05,0.05,43.530679,1776189774000
1776189775.526,175.526,0.84,5.0,0.72,15.0,0.86,15.0,0.87,15.0,0.13,15.0,0.12,15.0,0.18,18.0,0.22,15.0,0.02,0.05,43.530679,1776189774000
1776189776.742,176.742,0.84,5.0,0.72,15.0,0.86,15.0,0.87,15.0,0.14,15.0,0.13,15.0,0.16,5.0,0.28,15.0,0.02,0.02,43.52988,1776189775000
1776189777.791,177.791,0.84,5.0,0.72,15.0,0.86,15.0,0.87,15.0,0.14,15.0,0.13,15.0,0.16,5.0,0.28,15.0,0.02,0.02,43.525047,1776189776000
1776189778.358,178.358,0.84,5.0,0.72,15.0,0.86,15.0,0.87,15.0,0.14,15.0,0.13,15.0,0.16,5.0,0.28,15.0,0.02,0.02,43.521045,1776189777000
1776189779.641,179.641,0.84,5.0,0.72,15.0,0.86,15.0,0.87,15.0,0.14,15.0,0.13,15.0,0.16,5.0,0.28,15.0,0.02,0.02,43.519633,1776189778000
1776189780.401,180.401,0.84,5.0,0.72,15.0,0.86,15.0,0.87,15.0,0.14,15.0,0.13,15.0,0.16,5.0,0.28,15.0,0.02,0.02,43.518995,1776189779000
1776189781.077,181.077,0.84,5.0,0.72,15.0,0.86,15.0,0.87,15.0,0.14,15.0,0.13,15.0,0.16,5.0,0.28,15.0,0.02,0.02,43.516685,1776189780000
1776189782.934,182.934,0.84,5.0,0.72,15.0,0.86,15.0,0.87,15.0,0.14,15.0,0.13,15.0,0.16,5.0,0.28,15.0,0.02,0.02,43.515367,1776189781000
1776189783.555,183.555,0.84,5.0,0.72,15.0,0.86,15.0,0.87,15.0,0.14,15.0,0.13,15.0,0.16,5.0,0.28,15.0,0.02,0.02,43.513771,1776189782000
1776189784.179,184.179,0.84,5.0,0.72,15.0,0.86,15.0,0.87,15.0,0.14,15.0,0.13,15.0,0.16,5.0,0.28,15.0,0.02,0.02,43.513771,1776189783000
1776189784.773,184.773,0.84,5.0,0.75,15.0,0.85,10.0,0.86,15.0,0.14,15.0,0.13,15.0,0.16,5.0,0.28,15.0,0.01,0.02,43.513771,1776189783000
1776189785.439,185.439,0.84,5.0,0.75,15.0,0.85,10.0,0.86,15.0,0.15,10.0,0.14,15.0,0.16,5.0,0.25,15.0,0.01,0.01,43.513746,1776189784000
1776189786.054,186.054,0.84,5.0,0.75,15.0,0.85,10.0,0.86,15.0,0.15,10.0,0.14,15.0,0.16,5.0,0.25,15.0,0.01,0.01,43.513746,1776189785000
1776189787.255,187.255,0.84,5.0,0.75,15.0,0.85,10.0,0.86,15.0,0.15,10.0,0.14,15.0,0.16,5.0,0.25,15.0,0.01,0.01,43.512699,1776189786000
1776189788.504,188.504,0.84,5.0,0.75,15.0,0.85,10.0,0.86,15.0,0.15,10.0,0.14,15.0,0.16,5.0,0.25,15.0,0.01,0.01,43.506422,1776189787000
1776189789.057,189.057,0.84,5.0,0.75,15.0,0.85,10.0,0.86,15.0,0.15,10.0,0.14,15.0,0.16,5.0,0.25,15.0,0.01,0.01,43.504855,1776189788000
1776189790.117,190.117,0.84,5.0,0.75,15.0,0.85,10.0,0.86,15.0,0.15,10.0,0.14,15.0,0.16,5.0,0.25,15.0,0.01,0.01,43.501012,1776189789000
1776189791.213,191.213,0.84,5.0,0.75,15.0,0.85,10.0,0.86,15.0,0.15,10.0,0.14,15.0,0.16,5.0,0.25,15.0,0.01,0.01,43.500294,1776189790000
1776189792.459,192.459,0.84,5.0,0.75,15.0,0.85,10.0,0.86,15.0,0.15,10.0,0.14,15.0,0.16,5.0,0.25,15.0,0.01,0.01,43.497501,1776189791000
1776189793.078,193.078,0.84,5.0,0.75,15.0,0.85,10.0,0.86,15.0,0.15,10.0,0.14,15.0,0.16,5.0,0.25,15.0,0.01,0.01,43.497432,1776189792000
1776189794.219,194.219,0.84,5.0,0.75,15.0,0.85,10.0,0.86,15.0,0.15,10.0,0.14,15.0,0.16,5.0,0.25,15.0,0.01,0.01,43.495921,1776189793000
1776189795.261,195.261,0.84,5.0,0.75,15.0,0.85,10.0,0.86,15.0,0.15,10.0,0.14,15.0,0.16,5.0,0.25,15.0,0.01,0.01,43.493643,1776189794000
1776189796.361,196.361,0.84,5.0,0.75,15.0,0.85,10.0,0.86,15.0,0.15,10.0,0.14,15.0,0.16,5.0,0.25,15.0,0.01,0.01,43.493642,1776189795000
1776189796.932,196.932,0.84,5.0,0.75,15.0,0.85,10.0,0.86,15.0,0.15,10.0,0.14,15.0,0.16,5.0,0.25,15.0,0.01,0.01,43.493361,1776189796000
1776189798.429,198.429,0.84,5.0,0.75,15.0,0.85,10.0,0.86,15.0,0.15,10.0,0.14,15.0,0.16,5.0,0.25,15.0,0.01,0.01,43.49333,1776189797000
1776189799.035,199.035,0.84,5.0,0.75,15.0,0.85,10.0,0.86,15.0,0.15,10.0,0.14,15.0,0.16,5.0,0.25,15.0,0.01,0.01,43.493247,1776189798000
1776189799.938,199.938,0.84,5.0,0.75,15.0,0.85,10.0,0.86,15.0,0.15,10.0,0.14,15.0,0.16,5.0,0.25,15.0,0.01,0.01,43.493019,1776189799000
1776189800.988,200.988,0.84,5.0,0.75,15.0,0.85,10.0,0.86,15.0,0.15,10.0,0.14,15.0,0.16,5.0,0.25,15.0,0.01,0.01,43.492108,1776189800000
1776189802.042,202.042,0.84,5.0,0.75,15.0,0.85,10.0,0.86,15.0,0.15,10.0,0.14,15.0,0.16,5.0,0.25,15.0,0.01,0.01,43.491973,1776189801000
1776189803.012,203.012,0.81,6.0,0.68,15.0,0.82,9.0,0.83,15.0,0.18,9.0,0.17,15.0,0.19,6.0,0.32,15.0,0.01,0.01,43.492203,1776189802000
1776189804.142,204.142,0.81,6.0,0.68,15.0,0.82,9.0,0.83,15.0,0.18,9.0,0.17,15.0,0.19,6.0,0.32,15.0,0.01,0.01,43.491974,1776189803000
1776189805.089,205.089,0.81,6.0,0.68,15.0,0.82,9.0,0.83,15.0,0.18,9.0,0.17,15.0,0.19,6.0,0.32,15.0,0.01,0.01,43.490752,1776189804000
1776189806.111,206.111,0.81,6.0,0.68,15.0,0.82,9.0,0.83,15.0,0.18,9.0,0.17,15.0,0.19,6.0,0.32,15.0,0.01,0.01,43.488406,1776189805000
1776189807.014,207.014,0.81,6.0,0.68,15.0,0.82,9.0,0.83,15.0,0.18,9.0,0.17,15.0,0.19,6.0,0.32,15.0,0.01,0.01,43.484265,1776189806000
1776189807.941,207.941,0.81,6.0,0.68,15.0,0.82,9.0,0.83,15.0,0.18,9.0,0.17,15.0,0.19,6.0,0.32,15.0,0.01,0.01,43.476615,1776189807000
1776189808.979,208.979,0.81,6.0,0.68,15.0,0.82,9.0,0.83,15.0,0.18,9.0,0.17,15.0,0.19,6.0,0.32,15.0,0.01,0.01,43.475047,1776189808000
1776189809.996,209.996,0.81,6.0,0.68,15.0,0.82,9.0,0.83,15.0,0.18,9.0,0.17,15.0,0.19,6.0,0.32,15.0,0.01,0.01,43.474056,1776189809000
1776189810.75,210.75,0.67,15.0,0.58,15.0,0.71,9.95,0.72,15.0,0.18,9.0,0.17,15.0,0.19,6.0,0.32,15.0,0.04,0.01,43.474056,1776189809000
1776189811.024,211.024,0.67,15.0,0.58,15.0,0.71,4.9,0.72,15.0,0.29,4.9,0.28,15.0,0.33,15.0,0.42,15.0,0.04,0.04,43.472098,1776189810000
1776189812.195,212.195,0.67,15.0,0.58,15.0,0.71,4.9,0.72,15.0,0.29,4.9,0.28,15.0,0.33,15.0,0.42,15.0,0.04,0.04,43.471582,1776189811000
1776189813.314,213.314,0.67,15.0,0.58,15.0,0.71,4.9,0.72,15.0,0.29,4.9,0.28,15.0,0.33,15.0,0.42,15.0,0.04,0.04,43.470592,1776189812000
1776189814.004,214.004,0.67,15.0,0.58,15.0,0.71,4.9,0.72,15.0,0.29,4.9,0.28,15.0,0.33,15.0,0.42,15.0,0.04,0.04,43.470592,1776189813000
1776189815.201,215.201,0.67,15.0,0.58,15.0,0.71,4.9,0.72,15.0,0.29,4.9,0.28,15.0,0.33,15.0,0.42,15.0,0.04,0.04,43.470705,1776189814000
1776189816.36,216.36,0.67,15.0,0.58,15.0,0.71,4.9,0.72,15.0,0.29,4.9,0.28,15.0,0.33,15.0,0.42,15.0,0.04,0.04,43.470456,1776189815000
1776189817.647,217.647,0.67,15.0,0.58,15.0,0.71,4.9,0.72,15.0,0.29,4.9,0.28,15.0,0.33,15.0,0.42,15.0,0.04,0.04,43.469316,1776189816000
1776189818.174,218.174,0.67,15.0,0.58,15.0,0.71,4.9,0.72,15.0,0.29,4.9,0.28,15.0,0.33,15.0,0.42,15.0,0.04,0.04,43.469316,1776189817000
1776189819.461,219.461,0.67,15.0,0.58,15.0,0.71,4.9,0.72,15.0,0.29,4.9,0.28,15.0,0.33,15.0,0.42,15.0,0.04,0.04,43.468951,1776189818000
1776189820.049,220.049,0.67,15.0,0.58,15.0,0.71,4.9,0.72,15.0,0.29,4.9,0.28,15.0,0.33,15.0,0.42,15.0,0.04,0.04,43.468529,1776189819000
1776189821.087,221.087,0.67,15.0,0.58,15.0,0.71,4.9,0.72,15.0,0.29,4.9,0.28,15.0,0.33,15.0,0.42,15.0,0.04,0.04,43.466618,1776189820000
1776189821.295,221.295,0.56,8.0,0.51,15.0,0.68,15.0,0.69,15.0,0.29,4.9,0.28,15.0,0.33,15.0,0.42,15.0,0.12,0.04,43.466618,1776189820000
1776189822.322,222.322,0.56,8.0,0.51,15.0,0.68,15.0,0.69,15.0,0.32,15.0,0.31,15.0,0.44,8.0,0.49,15.0,0.12,0.12,43.466899,1776189821000
1776189822.671,222.671,0.57,8.0,0.51,15.0,0.65,11.92,0.66,15.0,0.32,15.0,0.31,15.0,0.44,8.0,0.49,15.0,0.08,0.12,43.466899,1776189821000
1776189823.507,223.507,0.57,8.0,0.51,15.0,0.65,11.92,0.66,15.0,0.35,11.92,0.34,15.0,0.43,8.0,0.49,15.0,0.08,0.08,43.466899,1776189822000
1776189824.102,224.102,0.57,8.0,0.51,15.0,0.65,11.92,0.66,15.0,0.35,11.92,0.34,15.0,0.43,8.0,0.49,15.0,0.08,0.08,43.464793,1776189823000
1776189825.368,225.368,0.57,8.0,0.51,15.0,0.65,11.92,0.66,15.0,0.35,11.92,0.34,15.0,0.43,8.0,0.49,15.0,0.08,0.08,43.464643,1776189824000
1776189826.377,226.377,0.57,8.0,0.51,15.0,0.65,11.92,0.66,15.0,0.35,11.92,0.34,15.0,0.43,8.0,0.49,15.0,0.08,0.08,43.464642,1776189825000
1776189826.922,226.922,0.57,8.0,0.51,15.0,0.65,11.92,0.66,15.0,0.35,11.92,0.34,15.0,0.43,8.0,0.49,15.0,0.08,0.08,43.464642,1776189826000
1776189828.138,228.138,0.57,8.0,0.51,15.0,0.65,11.92,0.66,15.0,0.35,11.92,0.34,15.0,0.43,8.0,0.49,15.0,0.08,0.08,43.4639,1776189827000
1776189829.326,229.326,0.57,8.0,0.51,15.0,0.65,11.92,0.66,15.0,0.35,11.92,0.34,15.0,0.43,8.0,0.49,15.0,0.08,0.08,43.465243,1776189828000
1776189830.378,230.378,0.57,8.0,0.51,15.0,0.65,11.92,0.66,15.0,0.35,11.92,0.34,15.0,0.43,8.0,0.49,15.0,0.08,0.08,43.464814,1776189829000
1776189831.036,231.036,0.57,8.0,0.51,15.0,0.65,11.92,0.66,15.0,0.35,11.92,0.34,15.0,0.43,8.0,0.49,15.0,0.08,0.08,43.464862,1776189830000
1776189832.09,232.09,0.54,22.0,0.5,15.0,0.76,10.0,0.8,15.0,0.35,11.92,0.34,15.0,0.43,8.0,0.49,15.0,0.22,0.08,43.464862,1776189830000
1776189833.468,233.468,0.54,22.0,0.5,15.0,0.76,10.0,0.8,15.0,0.24,10.0,0.2,15.0,0.46,22.0,0.5,15.0,0.22,0.22,43.473086,1776189832000
1776189834.028,234.028,0.54,22.0,0.5,15.0,0.76,10.0,0.8,15.0,0.24,10.0,0.2,15.0,0.46,22.0,0.5,15.0,0.22,0.22,43.473088,1776189833000
1776189835.04,235.04,0.54,22.0,0.5,15.0,0.76,10.0,0.8,15.0,0.24,10.0,0.2,15.0,0.46,22.0,0.5,15.0,0.22,0.22,43.469298,1776189834000
1776189836.217,236.217,0.54,22.0,0.5,15.0,0.76,10.0,0.8,15.0,0.24,10.0,0.2,15.0,0.46,22.0,0.5,15.0,0.22,0.22,43.47071,1776189835000
1776189837.357,237.357,0.54,22.0,0.5,15.0,0.76,10.0,0.8,15.0,0.24,10.0,0.2,15.0,0.46,22.0,0.5,15.0,0.22,0.22,43.467525,1776189836000
1776189837.977,237.977,0.54,22.0,0.5,15.0,0.76,10.0,0.8,15.0,0.24,10.0,0.2,15.0,0.46,22.0,0.5,15.0,0.22,0.22,43.467519,1776189837000
1776189838.555,238.555,0.57,15.0,0.56,15.0,0.72,10.0,0.73,15.0,0.24,10.0,0.2,15.0,0.46,22.0,0.5,15.0,0.15,0.22,43.467519,1776189837000
1776189839.114,239.114,0.57,15.0,0.56,15.0,0.72,10.0,0.73,15.0,0.28,10.0,0.27,15.0,0.43,15.0,0.44,15.0,0.15,0.15,43.467443,1776189838000
1776189840.244,240.244,0.57,15.0,0.56,15.0,0.72,10.0,0.73,15.0,0.28,10.0,0.27,15.0,0.43,15.0,0.44,15.0,0.15,0.15,43.466298,1776189839000
1776189841.811,241.811,0.57,15.0,0.56,15.0,0.72,10.0,0.73,15.0,0.28,10.0,0.27,15.0,0.43,15.0,0.44,15.0,0.15,0.15,43.466464,1776189840000
1776189843.074,243.074,0.57,15.0,0.56,15.0,0.72,10.0,0.73,15.0,0.28,10.0,0.27,15.0,0.43,15.0,0.44,15.0,0.15,0.15,43.468531,1776189841000
1776189844.313,244.313,0.57,15.0,0.56,15.0,0.72,10.0,0.73,15.0,0.28,10.0,0.27,15.0,0.43,15.0,0.44,15.0,0.15,0.15,43.468557,1776189842000
1776189845.266,245.266,0.57,15.0,0.56,15.0,0.72,10.0,0.73,15.0,0.28,10.0,0.27,15.0,0.43,15.0,0.44,15.0,0.15,0.15,43.48027,1776189843000
1776189846.212,246.212,0.57,15.0,0.56,15.0,0.72,10.0,0.73,15.0,0.28,10.0,0.27,15.0,0.43,15.0,0.44,15.0,0.15,0.15,43.479322,1776189844000
1776189847.073,247.073,0.57,15.0,0.56,15.0,0.72,10.0,0.73,15.0,0.28,10.0,0.27,15.0,0.43,15.0,0.44,15.0,0.15,0.15,43.479219,1776189845000
1776189848.08,248.08,0.57,15.0,0.56,15.0,0.72,10.0,0.73,15.0,0.28,10.0,0.27,15.0,0.43,15.0,0.44,15.0,0.15,0.15,43.477618,1776189846000
1776189849.107,249.107,0.57,15.0,0.56,15.0,0.72,10.0,0.73,15.0,0.28,10.0,0.27,15.0,0.43,15.0,0.44,15.0,0.15,0.15,43.477848,1776189847000
1776189849.946,249.946,0.57,15.0,0.56,15.0,0.72,10.0,0.73,15.0,0.28,10.0,0.27,15.0,0.43,15.0,0.44,15.0,0.15,0.15,43.479997,1776189848000
1776189850.968,250.968,0.57,15.0,0.56,15.0,0.72,10.0,0.73,15.0,0.28,10.0,0.27,15.0,0.43,15.0,0.44,15.0,0.15,0.15,43.481093,1776189849000
1776189851.705,251.705,0.57,15.0,0.56,15.0,0.72,10.0,0.73,15.0,0.28,10.0,0.27,15.0,0.43,15.0,0.44,15.0,0.15,0.15,43.479951,1776189850000
1776189852.484,252.484,0.57,15.0,0.56,15.0,0.72,10.0,0.73,15.0,0.28,10.0,0.27,15.0,0.43,15.0,0.44,15.0,0.15,0.15,43.479951,1776189851000
1776189853.216,253.216,0.57,15.0,0.56,15.0,0.72,10.0,0.73,15.0,0.28,10.0,0.27,15.0,0.43,15.0,0.44,15.0,0.15,0.15,43.481034,1776189852000
1776189854.724,254.724,0.57,15.0,0.56,15.0,0.72,10.0,0.73,15.0,0.28,10.0,0.27,15.0,0.43,15.0,0.44,15.0,0.15,0.15,43.483027,1776189853000
1776189855.469,255.469,0.57,15.0,0.56,15.0,0.72,10.0,0.73,15.0,0.28,10.0,0.27,15.0,0.43,15.0,0.44,15.0,0.15,0.15,43.484059,1776189854000
1776189856.304,256.304,0.57,15.0,0.56,15.0,0.72,10.0,0.73,15.0,0.28,10.0,0.27,15.0,0.43,15.0,0.44,15.0,0.15,0.15,43.488818,1776189855000
1776189857.066,257.066,0.57,15.0,0.56,15.0,0.72,10.0,0.73,15.0,0.28,10.0,0.27,15.0,0.43,15.0,0.44,15.0,0.15,0.15,43.494874,1776189856000
1776189858.804,258.804,0.57,15.0,0.56,15.0,0.72,10.0,0.73,15.0,0.28,10.0,0.27,15.0,0.43,15.0,0.44,15.0,0.15,0.15,43.499295,1776189857000
1776189859.462,259.462,0.57,15.0,0.56,15.0,0.72,10.0,0.73,15.0,0.28,10.0,0.27,15.0,0.43,15.0,0.44,15.0,0.15,0.15,43.49808,1776189858000
1776189860.248,260.248,0.57,15.0,0.56,15.0,0.72,10.0,0.73,15.0,0.28,10.0,0.27,15.0,0.43,15.0,0.44,15.0,0.15,0.15,43.497918,1776189859000
1776189861.66,261.66,0.57,15.0,0.56,15.0,0.72,10.0,0.73,15.0,0.28,10.0,0.27,15.0,0.43,15.0,0.44,15.0,0.15,0.15,43.492448,1776189860000
1776189862.375,262.375,0.57,15.0,0.56,15.0,0.72,10.0,0.73,15.0,0.28,10.0,0.27,15.0,0.43,15.0,0.44,15.0,0.15,0.15,43.492448,1776189861000
1776189863.849,263.849,0.57,15.0,0.56,15.0,0.72,10.0,0.73,15.0,0.28,10.0,0.27,15.0,0.43,15.0,0.44,15.0,0.15,0.15,43.490408,1776189862000
1776189864.387,264.387,0.57,15.0,0.56,15.0,0.72,10.0,0.73,15.0,0.28,10.0,0.27,15.0,0.43,15.0,0.44,15.0,0.15,0.15,43.487216,1776189863000
1776189864.762,264.762,0.82,15.0,0.81,21.0,0.9,10.0,0.91,15.0,0.28,10.0,0.27,15.0,0.43,15.0,0.44,15.0,0.08,0.15,43.487216,1776189863000
1776189865.29,265.29,0.82,15.0,0.81,21.0,0.9,10.0,0.91,15.0,0.1,10.0,0.09,15.0,0.18,15.0,0.19,21.0,0.08,0.08,43.487216,1776189864000
1776189866.415,266.415,0.82,15.0,0.81,21.0,0.9,10.0,0.91,15.0,0.1,10.0,0.09,15.0,0.18,15.0,0.19,21.0,0.08,0.08,43.486787,1776189865000
1776189867.331,267.331,0.82,15.0,0.81,21.0,0.9,10.0,0.91,15.0,0.1,10.0,0.09,15.0,0.18,15.0,0.19,21.0,0.08,0.08,43.488877,1776189866000
1776189868.311,268.311,0.82,15.0,0.81,21.0,0.9,10.0,0.91,15.0,0.1,10.0,0.09,15.0,0.18,15.0,0.19,21.0,0.08,0.08,43.490119,1776189867000
1776189869.325,269.325,0.82,15.0,0.81,21.0,0.9,10.0,0.91,15.0,0.1,10.0,0.09,15.0,0.18,15.0,0.19,21.0,0.08,0.08,43.490351,1776189868000
1776189870.272,270.272,0.86,20.0,0.85,15.0,0.92,17.82,0.93,15.0,0.1,10.0,0.09,15.0,0.18,15.0,0.19,21.0,0.06,0.08,43.490351,1776189868000
1776189870.566,270.566,0.86,20.0,0.85,15.0,0.92,2.67,0.93,15.0,0.08,17.82,0.07,15.0,0.14,20.0,0.15,15.0,0.06,0.06,43.491035,1776189869000
1776189870.944,270.944,0.86,20.0,0.85,15.0,0.93,7.57,0.94,15.0,0.07,7.57,0.06,15.0,0.14,20.0,0.15,15.0,0.07,0.07,43.491068,1776189870000
1776189871.274,271.274,0.87,15.0,0.86,20.0,0.93,5.41,0.94,15.0,0.07,7.57,0.06,15.0,0.14,20.0,0.15,15.0,0.06,0.07,43.491068,1776189870000
1776189871.856,271.856,0.87,15.0,0.86,20.0,0.93,0.03,0.94,15.0,0.07,5.41,0.06,15.0,0.13,15.0,0.14,20.0,0.06,0.06,43.491068,1776189870000
1776189872.964,272.964,0.87,15.0,0.86,20.0,0.93,0.03,0.94,15.0,0.07,0.03,0.06,15.0,0.13,15.0,0.14,20.0,0.06,0.06,43.488428,1776189872000
1776189873.97,273.97,0.87,15.0,0.86,20.0,0.93,0.03,0.94,15.0,0.07,0.03,0.06,15.0,0.13,15.0,0.14,20.0,0.06,0.06,43.48797,1776189873000
1776189874.416,274.416,0.89,15.0,0.88,20.0,0.94,13.93,0.95,15.0,0.07,0.03,0.06,15.0,0.13,15.0,0.14,20.0,0.05,0.06,43.48797,1776189873000
1776189875.011,275.011,0.89,15.0,0.88,20.0,0.94,13.93,0.95,15.0,0.06,13.93,0.05,15.0,0.11,15.0,0.12,20.0,0.05,0.05,43.487514,1776189874000
1776189875.956,275.956,0.89,15.0,0.88,20.0,0.94,13.93,0.95,15.0,0.06,13.93,0.05,15.0,0.11,15.0,0.12,20.0,0.05,0.05,43.486187,1776189875000
1776189877.438,277.438,0.89,15.0,0.88,20.0,0.94,13.93,0.95,15.0,0.06,13.93,0.05,15.0,0.11,15.0,0.12,20.0,0.05,0.05,43.486416,1776189876000
1776189878.443,278.443,0.89,15.0,0.88,20.0,0.94,13.93,0.95,15.0,0.06,13.93,0.05,15.0,0.11,15.0,0.12,20.0,0.05,0.05,43.485271,1776189877000
1776189878.972,278.972,0.7,1.95,0.15,100.0,0.98,3.96,0.99,325.0,0.02,5.0,0.01,325.0,0.3,1.95,0.85,100.0,0.28,0.28,43.485271,1776189877000
1776189879.76,279.76,0.7,1.95,0.15,100.0,0.92,1.73,0.98,3.96,0.02,3.96,0.01,325.0,0.3,1.95,0.85,100.0,0.22,0.28,43.484499,1776189878000
1776189880.324,280.324,0.7,1.95,0.15,100.0,0.92,1.73,0.98,3.96,0.08,1.73,0.02,3.96,0.3,1.95,0.85,100.0,0.22,0.22,43.480774,1776189879000
1776189881.61,281.61,0.73,6.0,0.7,10.0,0.87,6.55,0.98,3.96,0.08,1.73,0.02,3.96,0.3,1.95,0.85,100.0,0.14,0.22,43.480774,1776189879000
1776189881.979,281.979,0.73,6.0,0.7,10.0,0.87,6.55,0.98,3.96,0.13,6.55,0.02,3.96,0.27,6.0,0.3,10.0,0.14,0.14,43.471531,1776189881000
1776189883.353,283.353,0.73,6.0,0.7,10.0,0.87,6.55,0.98,3.96,0.13,6.55,0.02,3.96,0.27,6.0,0.3,10.0,0.14,0.14,43.470215,1776189882000
1776189884.44,284.44,0.73,6.0,0.7,10.0,0.87,6.55,0.98,3.96,0.13,6.55,0.02,3.96,0.27,6.0,0.3,10.0,0.14,0.14,43.468685,1776189883000
1776189884.969,284.969,0.73,6.0,0.7,10.0,0.87,6.55,0.98,3.96,0.13,6.55,0.02,3.96,0.27,6.0,0.3,10.0,0.14,0.14,43.468,1776189884000
1776189885.322,285.322,0.76,5.71,0.75,6.0,0.93,14.28,0.98,3.96,0.13,6.55,0.02,3.96,0.27,6.0,0.3,10.0,0.17,0.14,43.468,1776189884000
1776189886.155,286.155,0.76,5.71,0.75,6.0,0.93,14.28,0.98,3.96,0.07,14.28,0.02,3.96,0.24,5.71,0.25,6.0,0.17,0.17,43.466649,1776189885000
1776189886.92,286.92,0.88,5.0,0.79,10.0,0.96,21.9,0.98,3.96,0.07,14.28,0.02,3.96,0.24,5.71,0.25,6.0,0.08,0.17,43.466649,1776189885000
1776189887.276,287.276,0.88,5.0,0.79,10.0,0.96,21.9,0.98,3.96,0.04,21.9,0.02,3.96,0.12,5.0,0.21,10.0,0.08,0.08,43.466399,1776189886000
1776189888.431,288.431,0.88,5.0,0.79,10.0,0.96,21.9,0.98,3.96,0.04,21.9,0.02,3.96,0.12,5.0,0.21,10.0,0.08,0.08,43.467874,1776189887000
1776189888.975,288.975,0.88,5.0,0.79,10.0,0.96,21.9,0.98,3.96,0.04,21.9,0.02,3.96,0.12,5.0,0.21,10.0,0.08,0.08,43.469111,1776189888000
1776189890.191,290.191,0.88,5.0,0.79,10.0,0.96,21.9,0.98,3.96,0.04,21.9,0.02,3.96,0.12,5.0,0.21,10.0,0.08,0.08,43.47963,1776189889000
1776189891.426,291.426,0.88,5.0,0.79,10.0,0.96,21.9,0.98,3.96,0.04,21.9,0.02,3.96,0.12,5.0,0.21,10.0,0.08,0.08,43.482095,1776189890000
1776189892.402,292.402,0.88,5.0,0.79,10.0,0.96,21.9,0.98,3.96,0.04,21.9,0.02,3.96,0.12,5.0,0.21,10.0,0.08,0.08,43.483314,1776189891000
1776189892.935,292.935,0.88,5.0,0.79,10.0,0.96,21.9,0.98,3.96,0.04,21.9,0.02,3.96,0.12,5.0,0.21,10.0,0.08,0.08,43.484701,1776189892000
1776189893.137,293.137,0.88,14.0,0.3,100.0,0.96,10.9,0.98,3.96,0.04,16.9,0.02,3.96,0.12,24.0,0.7,100.0,0.08,0.08,43.484701,1776189892000
1776189893.651,293.651,0.91,10.0,0.88,5.0,0.96,0.79,0.98,3.96,0.04,10.9,0.02,3.96,0.12,14.0,0.7,100.0,0.05,0.08,43.484701,1776189892000
1776189893.951,293.951,0.91,10.0,0.88,5.0,0.99,208.71,,,0.01,208.71,,,0.09,10.0,0.12,5.0,0.08,0.08,43.488545,1776189893000
1776189894.536,294.536,0.91,10.0,0.88,5.0,0.99,208.71,,,0.01,208.71,,,0.09,10.0,0.12,5.0,0.08,0.08,43.488545,1776189893000
1776189894.946,294.946,0.91,10.0,0.88,5.0,0.99,208.71,,,0.01,208.71,,,0.09,10.0,0.12,5.0,0.08,0.08,43.494449,1776189894000
1776189895.481,295.481,0.91,10.0,0.88,5.0,0.99,194.71,,,0.01,208.71,,,0.09,10.0,0.12,5.0,0.08,0.08,43.494449,1776189894000
1776189895.911,295.911,0.91,10.0,0.88,5.0,0.99,182.86,,,0.01,194.71,,,0.09,10.0,0.12,5.0,0.08,0.08,43.494449,1776189894000
1776189896.161,296.161,0.91,10.0,0.88,5.0,0.99,150.86,,,0.01,182.86,,,0.09,10.0,0.12,5.0,0.08,0.08,43.488572,1776189895000
1776189896.968,296.968,0.91,10.0,0.88,5.0,0.99,150.86,,,0.01,150.86,,,0.09,10.0,0.12,5.0,0.08,0.08,43.488574,1776189896000
1776189897.474,297.474,0.91,10.0,0.88,5.0,0.99,139.86,,,0.01,150.86,,,0.09,10.0,0.12,5.0,0.08,0.08,43.488574,1776189896000
1776189897.787,297.787,0.99,365.19,0.91,10.0,,,,,0.01,139.86,,,0.09,10.0,0.12,5.0,,0.08,43.488574,1776189896000
1776189898.998,298.998,0.99,365.19,0.91,10.0,,,,,,,,,0.01,365.19,0.09,10.0,,,43.486985,1776189898000
1776189900.057,300.057,0.99,365.19,0.91,10.0,,,,,,,,,0.01,365.19,0.09,10.0,,,43.485153,1776189899000
1776189900.97,300.97,0.99,365.19,0.91,10.0,,,,,,,,,0.01,365.19,0.09,10.0,,,43.485465,1776189900000
1776189901.975,301.975,0.99,365.19,0.91,10.0,,,,,,,,,0.01,365.19,0.09,10.0,,,43.484756,1776189901000

# RESULT,winner=Up,slug=hype-updown-5m-1776189600,ticks=331
