timestamp,elapsed_sec,up_bid_p1,up_bid_s1,up_bid_p2,up_bid_s2,up_ask_p1,up_ask_s1,up_ask_p2,up_ask_s2,down_bid_p1,down_bid_s1,down_bid_p2,down_bid_s2,down_ask_p1,down_ask_s1,down_ask_p2,down_ask_s2,up_spread,down_spread,hype_price,hype_oracle_ts
1776243311.466,11.466,0.54,10.0,0.52,5.0,0.63,22.0,0.71,10.0,0.37,22.0,0.24,5.0,0.48,5.0,0.49,5.0,0.09,0.11,43.594717,1776243309000
1776243311.786,11.786,0.55,10.0,0.53,5.0,0.63,22.0,0.72,10.0,0.37,22.0,0.24,5.0,0.48,5.0,0.49,5.0,0.08,0.11,43.594717,1776243310000
1776243312.274,12.274,0.55,10.0,0.53,5.0,0.63,22.0,0.72,10.0,0.37,22.0,0.28,10.0,0.45,10.0,0.47,5.0,0.08,0.08,43.594505,1776243311000
1776243313.799,13.799,0.55,10.0,0.53,5.0,0.63,22.0,0.72,10.0,0.37,22.0,0.28,10.0,0.45,10.0,0.47,5.0,0.08,0.08,43.596785,1776243312000
1776243314.548,14.548,0.55,10.0,0.53,5.0,0.63,22.0,0.72,10.0,0.37,22.0,0.28,10.0,0.45,10.0,0.47,5.0,0.08,0.08,43.603521,1776243313000
1776243315.325,15.325,0.55,10.0,0.53,5.0,0.63,22.0,0.72,10.0,0.37,22.0,0.28,10.0,0.45,10.0,0.47,5.0,0.08,0.08,43.604466,1776243314000
1776243316.814,16.814,0.55,10.0,0.53,5.0,0.63,22.0,0.72,10.0,0.37,22.0,0.28,10.0,0.45,10.0,0.47,5.0,0.08,0.08,43.602834,1776243315000
1776243317.478,17.478,0.55,10.0,0.53,5.0,0.63,22.0,0.72,10.0,0.37,22.0,0.28,10.0,0.45,10.0,0.47,5.0,0.08,0.08,43.602889,1776243316000
1776243318.28,18.28,0.55,10.0,0.53,5.0,0.63,22.0,0.72,10.0,0.37,22.0,0.28,10.0,0.45,10.0,0.47,5.0,0.08,0.08,43.602889,1776243317000
1776243319.525,19.525,0.67,5.0,0.66,5.0,0.69,12.0,0.89,100.0,0.37,22.0,0.28,10.0,0.45,10.0,0.47,5.0,0.02,0.08,43.602889,1776243317000
1776243319.871,19.871,0.68,5.0,0.67,5.0,0.69,2.0,0.89,100.0,0.31,12.0,0.11,100.0,0.33,5.0,0.34,5.0,0.01,0.02,43.603378,1776243318000
1776243320.22,20.22,0.68,30.0,0.67,5.0,0.73,12.0,0.89,100.0,0.31,2.0,0.11,100.0,0.32,5.0,0.33,5.0,0.05,0.01,43.603378,1776243318000
1776243321.174,21.174,0.68,30.0,0.67,5.0,0.73,12.0,0.89,100.0,0.27,12.0,0.11,100.0,0.32,30.0,0.33,5.0,0.05,0.05,43.606433,1776243320000
1776243322.802,22.802,0.68,30.0,0.67,5.0,0.73,12.0,0.89,100.0,0.27,12.0,0.11,100.0,0.32,30.0,0.33,5.0,0.05,0.05,43.62789,1776243321000
1776243323.642,23.642,0.68,30.0,0.67,5.0,0.73,12.0,0.89,100.0,0.27,12.0,0.11,100.0,0.32,30.0,0.33,5.0,0.05,0.05,43.646802,1776243322000
1776243324.132,24.132,0.68,30.0,0.67,5.0,0.73,12.0,0.89,100.0,0.27,12.0,0.11,100.0,0.32,30.0,0.33,5.0,0.05,0.05,43.648463,1776243323000
1776243324.433,24.433,0.75,36.0,0.74,5.0,0.79,14.12,0.89,100.0,0.27,12.0,0.11,100.0,0.32,30.0,0.33,5.0,0.04,0.05,43.648463,1776243323000
1776243325.118,25.118,0.75,36.0,0.74,5.0,0.79,14.12,0.89,100.0,0.21,14.12,0.11,100.0,0.25,36.0,0.26,5.0,0.04,0.04,43.651026,1776243324000
1776243326.121,26.121,0.75,36.0,0.74,5.0,0.79,14.12,0.89,100.0,0.21,14.12,0.11,100.0,0.25,36.0,0.26,5.0,0.04,0.04,43.650656,1776243325000
1776243327.755,27.755,0.75,36.0,0.74,5.0,0.79,14.12,0.89,100.0,0.21,14.12,0.11,100.0,0.25,36.0,0.26,5.0,0.04,0.04,43.647846,1776243326000
1776243328.264,28.264,0.75,36.0,0.74,5.0,0.79,14.12,0.89,100.0,0.21,14.12,0.11,100.0,0.25,36.0,0.26,5.0,0.04,0.04,43.647046,1776243327000
1776243329.252,29.252,0.75,36.0,0.74,5.0,0.79,14.12,0.89,100.0,0.21,14.12,0.11,100.0,0.25,36.0,0.26,5.0,0.04,0.04,43.646151,1776243328000
1776243330.32,30.32,0.75,36.0,0.74,5.0,0.79,14.12,0.89,100.0,0.21,14.12,0.11,100.0,0.25,36.0,0.26,5.0,0.04,0.04,43.644978,1776243329000
1776243331.44,31.44,0.75,36.0,0.74,5.0,0.79,14.12,0.89,100.0,0.21,14.12,0.11,100.0,0.25,36.0,0.26,5.0,0.04,0.04,43.644267,1776243330000
1776243332.318,32.318,0.75,36.0,0.74,5.0,0.79,14.12,0.89,100.0,0.21,14.12,0.11,100.0,0.25,36.0,0.26,5.0,0.04,0.04,43.644857,1776243331000
1776243333.248,33.248,0.75,36.0,0.74,5.0,0.79,14.12,0.89,100.0,0.21,14.12,0.11,100.0,0.25,36.0,0.26,5.0,0.04,0.04,43.645919,1776243332000
1776243334.267,34.267,0.75,36.0,0.74,5.0,0.79,14.12,0.89,100.0,0.21,14.12,0.11,100.0,0.25,36.0,0.26,5.0,0.04,0.04,43.647036,1776243333000
1776243335.277,35.277,0.75,36.0,0.74,5.0,0.79,14.12,0.89,100.0,0.21,14.12,0.11,100.0,0.25,36.0,0.26,5.0,0.04,0.04,43.647134,1776243334000
1776243336.313,36.313,0.75,36.0,0.74,5.0,0.79,14.12,0.89,100.0,0.21,14.12,0.11,100.0,0.25,36.0,0.26,5.0,0.04,0.04,43.64678,1776243335000
1776243337.316,37.316,0.75,36.0,0.74,5.0,0.79,14.12,0.89,100.0,0.21,14.12,0.11,100.0,0.25,36.0,0.26,5.0,0.04,0.04,43.646986,1776243336000
1776243338.361,38.361,0.75,36.0,0.74,5.0,0.79,14.12,0.89,100.0,0.21,14.12,0.11,100.0,0.25,36.0,0.26,5.0,0.04,0.04,43.647352,1776243337000
1776243339.412,39.412,0.75,36.0,0.74,5.0,0.79,14.12,0.89,100.0,0.21,14.12,0.11,100.0,0.25,36.0,0.26,5.0,0.04,0.04,43.647352,1776243338000
1776243339.917,39.917,0.75,36.0,0.74,5.0,0.79,14.12,0.89,100.0,0.21,14.12,0.11,100.0,0.25,36.0,0.26,5.0,0.04,0.04,43.647375,1776243339000
1776243340.969,40.969,0.75,36.0,0.74,5.0,0.79,14.12,0.89,100.0,0.21,14.12,0.11,100.0,0.25,36.0,0.26,5.0,0.04,0.04,43.647375,1776243340000
1776243341.988,41.988,0.75,36.0,0.74,5.0,0.79,14.12,0.89,100.0,0.21,14.12,0.11,100.0,0.25,36.0,0.26,5.0,0.04,0.04,43.648538,1776243341000
1776243342.376,42.376,0.68,9.62,0.31,15.0,0.79,14.12,0.89,100.0,0.21,14.12,0.11,100.0,0.25,36.0,0.26,5.0,0.11,0.04,43.648538,1776243341000
1776243342.828,42.828,0.65,12.0,0.41,5.0,0.66,75.0,0.67,5.0,0.21,14.12,0.11,100.0,0.32,9.62,0.69,15.0,0.01,0.11,43.648538,1776243341000
1776243343.123,43.123,0.65,3.51,0.31,15.0,0.66,70.0,0.79,14.12,0.34,70.0,0.21,14.12,0.35,3.51,0.69,15.0,0.01,0.01,43.652856,1776243342000
1776243343.531,43.531,0.58,2.0,0.31,15.0,0.66,70.0,0.71,22.0,0.34,70.0,0.29,22.0,0.42,12.0,0.69,15.0,0.08,0.08,43.652856,1776243342000
1776243343.879,43.879,0.54,12.0,0.3,15.0,0.66,70.0,0.67,22.0,0.34,70.0,0.29,22.0,0.42,2.0,0.69,15.0,0.12,0.08,43.652856,1776243342000
1776243344.216,44.216,0.54,12.0,0.3,15.0,0.66,70.0,0.67,22.0,0.34,70.0,0.33,22.0,0.46,12.0,0.7,15.0,0.12,0.12,43.615455,1776243343000
1776243344.584,44.584,0.29,15.0,0.28,15.0,0.46,3.0,0.47,5.0,0.34,70.0,0.33,22.0,0.46,2.0,0.7,15.0,0.17,0.12,43.615455,1776243343000
1776243345.108,45.108,0.29,13.59,0.28,15.0,0.46,3.0,0.47,5.0,0.54,3.0,0.53,5.0,0.71,13.59,0.72,15.0,0.17,0.17,43.552421,1776243344000
1776243346.071,46.071,0.29,13.59,0.28,15.0,0.46,3.0,0.47,5.0,0.54,3.0,0.53,5.0,0.71,13.59,0.72,15.0,0.17,0.17,43.548624,1776243345000
1776243347.163,47.163,0.29,13.59,0.28,15.0,0.46,3.0,0.47,5.0,0.54,3.0,0.53,5.0,0.71,13.59,0.72,15.0,0.17,0.17,43.547166,1776243346000
1776243348.25,48.25,0.29,13.59,0.28,15.0,0.46,3.0,0.47,5.0,0.54,3.0,0.53,5.0,0.71,13.59,0.72,15.0,0.17,0.17,43.552126,1776243347000
1776243349.336,49.336,0.29,13.59,0.28,15.0,0.46,3.0,0.47,5.0,0.54,3.0,0.53,5.0,0.71,13.59,0.72,15.0,0.17,0.17,43.551532,1776243348000
1776243350.922,50.922,0.29,13.59,0.28,15.0,0.46,3.0,0.47,5.0,0.54,3.0,0.53,5.0,0.71,13.59,0.72,15.0,0.17,0.17,43.549478,1776243349000
1776243351.683,51.683,0.29,13.59,0.28,15.0,0.46,3.0,0.47,5.0,0.54,3.0,0.53,5.0,0.71,13.59,0.72,15.0,0.17,0.17,43.549478,1776243350000
1776243352.38,52.38,0.29,13.59,0.28,15.0,0.46,3.0,0.47,5.0,0.54,3.0,0.53,5.0,0.71,13.59,0.72,15.0,0.17,0.17,43.550157,1776243351000
1776243353.498,53.498,0.29,13.59,0.28,15.0,0.46,3.0,0.47,5.0,0.54,3.0,0.53,5.0,0.71,13.59,0.72,15.0,0.17,0.17,43.549434,1776243352000
1776243354.176,54.176,0.29,13.59,0.28,15.0,0.46,3.0,0.47,5.0,0.54,3.0,0.53,5.0,0.71,13.59,0.72,15.0,0.17,0.17,43.549356,1776243353000
1776243355.301,55.301,0.29,13.59,0.28,15.0,0.46,3.0,0.47,5.0,0.54,3.0,0.53,5.0,0.71,13.59,0.72,15.0,0.17,0.17,43.549437,1776243354000
1776243356.587,56.587,0.29,13.59,0.28,15.0,0.46,3.0,0.47,5.0,0.54,3.0,0.53,5.0,0.71,13.59,0.72,15.0,0.17,0.17,43.551023,1776243355000
1776243357.267,57.267,0.29,13.59,0.28,15.0,0.46,3.0,0.47,5.0,0.54,3.0,0.53,5.0,0.71,13.59,0.72,15.0,0.17,0.17,43.550843,1776243356000
1776243358.451,58.451,0.29,13.59,0.28,15.0,0.46,3.0,0.47,5.0,0.54,3.0,0.53,5.0,0.71,13.59,0.72,15.0,0.17,0.17,43.554454,1776243357000
1776243359.122,59.122,0.29,13.59,0.28,15.0,0.46,3.0,0.47,5.0,0.54,3.0,0.53,5.0,0.71,13.59,0.72,15.0,0.17,0.17,43.554455,1776243358000
1776243360.288,60.288,0.29,13.59,0.28,15.0,0.46,3.0,0.47,5.0,0.54,3.0,0.53,5.0,0.71,13.59,0.72,15.0,0.17,0.17,43.554496,1776243359000
1776243361.184,61.184,0.26,5.67,0.25,15.0,0.32,5.0,0.33,5.0,0.54,3.0,0.53,5.0,0.71,13.59,0.72,15.0,0.06,0.17,43.554496,1776243359000
1776243361.52,61.52,0.26,5.67,0.25,15.0,0.32,5.0,0.33,5.0,0.68,5.0,0.67,5.0,0.74,5.67,0.75,15.0,0.06,0.06,43.554581,1776243360000
1776243361.968,61.968,0.29,9.01,0.28,10.0,0.3,5.0,0.31,5.0,0.68,5.0,0.67,5.0,0.74,5.67,0.75,15.0,0.01,0.06,43.554581,1776243360000
1776243362.232,62.232,0.28,5.37,0.26,5.67,0.3,5.0,0.31,5.0,0.7,5.0,0.69,5.0,0.71,9.01,0.72,10.0,0.02,0.01,43.554581,1776243361000
1776243362.444,62.444,0.26,5.67,0.25,15.0,0.28,5.0,0.29,5.0,0.7,5.0,0.69,5.0,0.72,5.37,0.74,5.67,0.02,0.02,43.554581,1776243361000
1776243362.802,62.802,0.27,5.0,0.26,5.67,0.28,5.0,0.29,5.0,0.72,5.0,0.71,5.0,0.74,5.67,0.75,15.0,0.01,0.02,43.554581,1776243361000
1776243363.425,63.425,0.27,5.0,0.26,5.67,0.28,5.0,0.29,5.0,0.72,5.0,0.71,5.0,0.73,5.0,0.74,5.67,0.01,0.01,43.554783,1776243362000
1776243364.135,64.135,0.27,5.0,0.26,5.67,0.28,5.0,0.29,5.0,0.72,5.0,0.71,5.0,0.73,5.0,0.74,5.67,0.01,0.01,43.554783,1776243363000
1776243365.892,65.892,0.21,15.0,0.2,15.0,0.23,5.0,0.24,5.0,0.77,5.0,0.76,5.0,0.79,15.0,0.8,15.0,0.02,0.02,43.545985,1776243364000
1776243366.5,66.5,0.21,15.0,0.2,15.0,0.23,5.0,0.24,5.0,0.77,5.0,0.76,5.0,0.79,15.0,0.8,15.0,0.02,0.02,43.54536,1776243365000
1776243367.885,67.885,0.21,15.0,0.2,15.0,0.23,5.0,0.24,5.0,0.77,5.0,0.76,5.0,0.79,15.0,0.8,15.0,0.02,0.02,43.540526,1776243366000
1776243368.432,68.432,0.21,15.0,0.2,15.0,0.23,5.0,0.24,5.0,0.77,5.0,0.76,5.0,0.79,15.0,0.8,15.0,0.02,0.02,43.536958,1776243367000
1776243368.988,68.988,0.21,15.0,0.2,15.0,0.23,5.0,0.24,5.0,0.77,5.0,0.76,5.0,0.79,15.0,0.8,15.0,0.02,0.02,43.536983,1776243368000
1776243369.198,69.198,0.2,15.0,0.19,15.0,0.22,5.0,0.23,5.0,0.77,5.0,0.76,5.0,0.79,15.0,0.8,15.0,0.02,0.02,43.536983,1776243368000
1776243370.125,70.125,0.2,15.0,0.19,15.0,0.22,5.0,0.23,5.0,0.78,5.0,0.77,5.0,0.8,15.0,0.81,15.0,0.02,0.02,43.537038,1776243369000
1776243370.593,70.593,0.2,5.0,0.19,5.0,0.23,5.0,0.24,5.0,0.78,5.0,0.77,5.0,0.8,15.0,0.81,15.0,0.03,0.02,43.537038,1776243369000
1776243371.193,71.193,0.19,5.0,0.18,5.0,0.23,55.0,0.24,5.0,0.77,5.0,0.76,5.0,0.8,5.0,0.81,5.0,0.04,0.03,43.537038,1776243369000
1776243371.529,71.529,0.18,0.38,0.17,5.0,0.21,52.0,0.22,5.0,0.77,55.0,0.76,5.0,0.81,5.0,0.82,5.0,0.03,0.04,43.535966,1776243370000
1776243372.586,72.586,0.18,0.38,0.17,5.0,0.21,52.0,0.22,5.0,0.79,52.0,0.78,5.0,0.82,0.38,0.83,5.0,0.03,0.03,43.535966,1776243371000
1776243373.039,73.039,0.18,0.38,0.17,5.0,0.21,52.0,0.22,5.0,0.79,52.0,0.78,5.0,0.82,0.38,0.83,5.0,0.03,0.03,43.506544,1776243372000
1776243374.051,74.051,0.16,5.0,0.15,5.0,0.19,49.0,0.2,5.0,0.79,52.0,0.78,5.0,0.82,0.38,0.83,5.0,0.03,0.03,43.506544,1776243372000
1776243375.243,75.243,0.16,5.0,0.15,5.0,0.19,49.0,0.2,5.0,0.81,49.0,0.8,5.0,0.84,5.0,0.85,5.0,0.03,0.03,43.493611,1776243374000
1776243376.452,76.452,0.16,5.0,0.15,5.0,0.19,49.0,0.2,5.0,0.81,49.0,0.8,5.0,0.84,5.0,0.85,5.0,0.03,0.03,43.494123,1776243375000
1776243376.916,76.916,0.16,3.8,0.15,5.0,0.18,43.0,0.19,5.0,0.81,49.0,0.8,5.0,0.84,5.0,0.85,5.0,0.02,0.03,43.494123,1776243375000
1776243378.22,78.22,0.16,3.8,0.15,5.0,0.18,43.0,0.19,5.0,0.82,43.0,0.81,5.0,0.84,3.8,0.85,5.0,0.02,0.02,43.493726,1776243377000
1776243379.403,79.403,0.16,3.8,0.15,5.0,0.18,43.0,0.19,5.0,0.82,43.0,0.81,5.0,0.84,3.8,0.85,5.0,0.02,0.02,43.494377,1776243378000
1776243379.982,79.982,0.16,3.8,0.15,5.0,0.18,43.0,0.19,5.0,0.82,43.0,0.81,5.0,0.84,3.8,0.85,5.0,0.02,0.02,43.494377,1776243379000
1776243381.052,81.052,0.16,3.8,0.15,5.0,0.18,43.0,0.19,5.0,0.82,43.0,0.81,5.0,0.84,3.8,0.85,5.0,0.02,0.02,43.494237,1776243380000
1776243382.664,82.664,0.16,3.8,0.15,5.0,0.18,43.0,0.19,5.0,0.82,43.0,0.81,5.0,0.84,3.8,0.85,5.0,0.02,0.02,43.493742,1776243381000
1776243383.206,83.206,0.16,3.8,0.15,5.0,0.18,43.0,0.19,5.0,0.82,43.0,0.81,5.0,0.84,3.8,0.85,5.0,0.02,0.02,43.493682,1776243382000
1776243384.247,84.247,0.16,3.8,0.15,5.0,0.18,43.0,0.19,5.0,0.82,43.0,0.81,5.0,0.84,3.8,0.85,5.0,0.02,0.02,43.494387,1776243383000
1776243385.222,85.222,0.16,3.8,0.15,5.0,0.18,43.0,0.19,5.0,0.82,43.0,0.81,5.0,0.84,3.8,0.85,5.0,0.02,0.02,43.493359,1776243384000
1776243386.274,86.274,0.16,3.8,0.15,5.0,0.18,43.0,0.19,5.0,0.82,43.0,0.81,5.0,0.84,3.8,0.85,5.0,0.02,0.02,43.493343,1776243385000
1776243387.21,87.21,0.16,3.8,0.15,5.0,0.18,43.0,0.19,5.0,0.82,43.0,0.81,5.0,0.84,3.8,0.85,5.0,0.02,0.02,43.492476,1776243386000
1776243388.21,88.21,0.16,3.8,0.15,5.0,0.18,43.0,0.19,5.0,0.82,43.0,0.81,5.0,0.84,3.8,0.85,5.0,0.02,0.02,43.492397,1776243387000
1776243389.245,89.245,0.16,3.8,0.15,5.0,0.18,43.0,0.19,5.0,0.82,43.0,0.81,5.0,0.84,3.8,0.85,5.0,0.02,0.02,43.488865,1776243388000
1776243390.338,90.338,0.16,3.8,0.15,5.0,0.18,43.0,0.19,5.0,0.82,43.0,0.81,5.0,0.84,3.8,0.85,5.0,0.02,0.02,43.488151,1776243389000
1776243391.223,91.223,0.16,3.8,0.15,5.0,0.18,43.0,0.19,5.0,0.82,43.0,0.81,5.0,0.84,3.8,0.85,5.0,0.02,0.02,43.491155,1776243390000
1776243392.366,92.366,0.16,3.8,0.15,5.0,0.18,43.0,0.19,5.0,0.82,43.0,0.81,5.0,0.84,3.8,0.85,5.0,0.02,0.02,43.491246,1776243391000
1776243393.344,93.344,0.16,3.8,0.15,5.0,0.18,43.0,0.19,5.0,0.82,43.0,0.81,5.0,0.84,3.8,0.85,5.0,0.02,0.02,43.491414,1776243392000
1776243393.959,93.959,0.16,3.8,0.15,5.0,0.18,43.0,0.19,5.0,0.82,43.0,0.81,5.0,0.84,3.8,0.85,5.0,0.02,0.02,43.491207,1776243393000
1776243394.937,94.937,0.16,3.8,0.15,5.0,0.18,43.0,0.19,5.0,0.82,43.0,0.81,5.0,0.84,3.8,0.85,5.0,0.02,0.02,43.491181,1776243394000
1776243396.379,96.379,0.16,3.8,0.15,5.0,0.18,43.0,0.19,5.0,0.82,43.0,0.81,5.0,0.84,3.8,0.85,5.0,0.02,0.02,43.491143,1776243395000
1776243396.95,96.95,0.16,3.8,0.15,5.0,0.18,43.0,0.19,5.0,0.82,43.0,0.81,5.0,0.84,3.8,0.85,5.0,0.02,0.02,43.491143,1776243396000
1776243398.106,98.106,0.16,3.8,0.15,5.0,0.18,43.0,0.19,5.0,0.82,43.0,0.81,5.0,0.84,3.8,0.85,5.0,0.02,0.02,43.491526,1776243397000
1776243399.121,99.121,0.16,3.8,0.15,5.0,0.18,43.0,0.19,5.0,0.82,43.0,0.81,5.0,0.84,3.8,0.85,5.0,0.02,0.02,43.492594,1776243398000
1776243400.233,100.233,0.16,3.8,0.15,5.0,0.18,43.0,0.19,5.0,0.82,43.0,0.81,5.0,0.84,3.8,0.85,5.0,0.02,0.02,43.493008,1776243399000
1776243401.335,101.335,0.16,3.8,0.15,5.0,0.18,43.0,0.19,5.0,0.82,43.0,0.81,5.0,0.84,3.8,0.85,5.0,0.02,0.02,43.493003,1776243400000
1776243402.437,102.437,0.16,3.8,0.15,5.0,0.18,43.0,0.19,5.0,0.82,43.0,0.81,5.0,0.84,3.8,0.85,5.0,0.02,0.02,43.492993,1776243401000
1776243402.904,102.904,0.16,3.8,0.15,5.0,0.18,43.0,0.19,5.0,0.82,43.0,0.81,5.0,0.84,3.8,0.85,5.0,0.02,0.02,43.492993,1776243402000
1776243404.032,104.032,0.16,3.8,0.15,5.0,0.18,43.0,0.19,5.0,0.82,43.0,0.81,5.0,0.84,3.8,0.85,5.0,0.02,0.02,43.493887,1776243403000
1776243404.996,104.996,0.16,3.8,0.15,5.0,0.18,43.0,0.19,5.0,0.82,43.0,0.81,5.0,0.84,3.8,0.85,5.0,0.02,0.02,43.493105,1776243404000
1776243406.017,106.017,0.16,3.8,0.15,5.0,0.18,43.0,0.19,5.0,0.82,43.0,0.81,5.0,0.84,3.8,0.85,5.0,0.02,0.02,43.493916,1776243405000
1776243407.109,107.109,0.16,3.8,0.15,5.0,0.18,43.0,0.19,5.0,0.82,43.0,0.81,5.0,0.84,3.8,0.85,5.0,0.02,0.02,43.495165,1776243406000
1776243408.191,108.191,0.16,3.8,0.15,5.0,0.18,43.0,0.19,5.0,0.82,43.0,0.81,5.0,0.84,3.8,0.85,5.0,0.02,0.02,43.495878,1776243407000
1776243409.794,109.794,0.16,3.8,0.15,5.0,0.18,43.0,0.19,5.0,0.82,43.0,0.81,5.0,0.84,3.8,0.85,5.0,0.02,0.02,43.496486,1776243408000
1776243410.877,110.877,0.16,3.8,0.15,5.0,0.18,43.0,0.19,5.0,0.82,43.0,0.81,5.0,0.84,3.8,0.85,5.0,0.02,0.02,43.498143,1776243409000
1776243411.613,111.613,0.16,3.8,0.15,5.0,0.18,43.0,0.19,5.0,0.82,43.0,0.81,5.0,0.84,3.8,0.85,5.0,0.02,0.02,43.499273,1776243410000
1776243412.265,112.265,0.16,3.8,0.15,5.0,0.18,43.0,0.19,5.0,0.82,43.0,0.81,5.0,0.84,3.8,0.85,5.0,0.02,0.02,43.49921,1776243411000
1776243413.745,113.745,0.16,3.8,0.15,5.0,0.18,43.0,0.19,5.0,0.82,43.0,0.81,5.0,0.84,3.8,0.85,5.0,0.02,0.02,43.499212,1776243412000
1776243414.45,114.45,0.16,3.8,0.15,5.0,0.18,43.0,0.19,5.0,0.82,43.0,0.81,5.0,0.84,3.8,0.85,5.0,0.02,0.02,43.499209,1776243413000
1776243415.126,115.126,0.16,3.8,0.15,5.0,0.18,43.0,0.19,5.0,0.82,43.0,0.81,5.0,0.84,3.8,0.85,5.0,0.02,0.02,43.499446,1776243414000
1776243416.406,116.406,0.16,3.8,0.15,5.0,0.18,43.0,0.19,5.0,0.82,43.0,0.81,5.0,0.84,3.8,0.85,5.0,0.02,0.02,43.506129,1776243415000
1776243417.147,117.147,0.16,3.8,0.15,5.0,0.18,43.0,0.19,5.0,0.82,43.0,0.81,5.0,0.84,3.8,0.85,5.0,0.02,0.02,43.506426,1776243416000
1776243418.622,118.622,0.16,3.8,0.15,5.0,0.18,43.0,0.19,5.0,0.82,43.0,0.81,5.0,0.84,3.8,0.85,5.0,0.02,0.02,43.505507,1776243417000
1776243419.269,119.269,0.16,3.8,0.15,5.0,0.18,43.0,0.19,5.0,0.82,43.0,0.81,5.0,0.84,3.8,0.85,5.0,0.02,0.02,43.505586,1776243418000
1776243420.611,120.611,0.16,3.8,0.15,5.0,0.18,43.0,0.19,5.0,0.82,43.0,0.81,5.0,0.84,3.8,0.85,5.0,0.02,0.02,43.504131,1776243419000
1776243421.311,121.311,0.16,3.8,0.15,5.0,0.18,43.0,0.19,5.0,0.82,43.0,0.81,5.0,0.84,3.8,0.85,5.0,0.02,0.02,43.502752,1776243420000
1776243422.61,122.61,0.16,3.8,0.15,5.0,0.18,43.0,0.19,5.0,0.82,43.0,0.81,5.0,0.84,3.8,0.85,5.0,0.02,0.02,43.501074,1776243421000
1776243423.326,123.326,0.16,3.8,0.15,5.0,0.18,43.0,0.19,5.0,0.82,43.0,0.81,5.0,0.84,3.8,0.85,5.0,0.02,0.02,43.501074,1776243422000
1776243424.663,124.663,0.16,3.8,0.15,5.0,0.18,43.0,0.19,5.0,0.82,43.0,0.81,5.0,0.84,3.8,0.85,5.0,0.02,0.02,43.501211,1776243423000
1776243425.323,125.323,0.16,3.8,0.15,5.0,0.18,43.0,0.19,5.0,0.82,43.0,0.81,5.0,0.84,3.8,0.85,5.0,0.02,0.02,43.501298,1776243424000
1776243426.831,126.831,0.16,3.8,0.15,5.0,0.18,43.0,0.19,5.0,0.82,43.0,0.81,5.0,0.84,3.8,0.85,5.0,0.02,0.02,43.501329,1776243425000
1776243428.01,128.01,0.16,3.8,0.15,5.0,0.18,43.0,0.19,5.0,0.82,43.0,0.81,5.0,0.84,3.8,0.85,5.0,0.02,0.02,43.501336,1776243426000
1776243428.513,128.513,0.16,3.8,0.15,5.0,0.18,43.0,0.19,5.0,0.82,43.0,0.81,5.0,0.84,3.8,0.85,5.0,0.02,0.02,43.501336,1776243427000
1776243429.098,129.098,0.16,3.8,0.15,5.0,0.18,43.0,0.19,5.0,0.82,43.0,0.81,5.0,0.84,3.8,0.85,5.0,0.02,0.02,43.50126,1776243428000
1776243430.341,130.341,0.16,3.8,0.15,5.0,0.18,43.0,0.19,5.0,0.82,43.0,0.81,5.0,0.84,3.8,0.85,5.0,0.02,0.02,43.50126,1776243429000
1776243431.366,131.366,0.16,3.8,0.15,5.0,0.18,43.0,0.19,5.0,0.82,43.0,0.81,5.0,0.84,3.8,0.85,5.0,0.02,0.02,43.501196,1776243430000
1776243432.065,132.065,0.16,3.8,0.15,5.0,0.18,43.0,0.19,5.0,0.82,43.0,0.81,5.0,0.84,3.8,0.85,5.0,0.02,0.02,43.501215,1776243431000
1776243433.175,133.175,0.16,3.8,0.15,5.0,0.18,43.0,0.19,5.0,0.82,43.0,0.81,5.0,0.84,3.8,0.85,5.0,0.02,0.02,43.501457,1776243432000
1776243434.323,134.323,0.16,3.8,0.15,5.0,0.18,43.0,0.19,5.0,0.82,43.0,0.81,5.0,0.84,3.8,0.85,5.0,0.02,0.02,43.501457,1776243433000
1776243434.918,134.918,0.16,3.8,0.15,5.0,0.18,43.0,0.19,5.0,0.82,43.0,0.81,5.0,0.84,3.8,0.85,5.0,0.02,0.02,43.500942,1776243434000
1776243435.962,135.962,0.16,3.8,0.15,5.0,0.18,43.0,0.19,5.0,0.82,43.0,0.81,5.0,0.84,3.8,0.85,5.0,0.02,0.02,43.501401,1776243435000
1776243437.094,137.094,0.16,3.8,0.15,5.0,0.18,43.0,0.19,5.0,0.82,43.0,0.81,5.0,0.84,3.8,0.85,5.0,0.02,0.02,43.501401,1776243436000
1776243438.23,138.23,0.16,3.8,0.15,5.0,0.18,43.0,0.19,5.0,0.82,43.0,0.81,5.0,0.84,3.8,0.85,5.0,0.02,0.02,43.501755,1776243437000
1776243439.391,139.391,0.16,3.8,0.15,5.0,0.18,43.0,0.19,5.0,0.82,43.0,0.81,5.0,0.84,3.8,0.85,5.0,0.02,0.02,43.501847,1776243438000
1776243439.906,139.906,0.16,3.8,0.15,5.0,0.18,43.0,0.19,5.0,0.82,43.0,0.81,5.0,0.84,3.8,0.85,5.0,0.02,0.02,43.501818,1776243439000
1776243441.065,141.065,0.16,3.8,0.15,5.0,0.18,43.0,0.19,5.0,0.82,43.0,0.81,5.0,0.84,3.8,0.85,5.0,0.02,0.02,43.501817,1776243440000
1776243442.736,142.736,0.16,3.8,0.15,5.0,0.18,43.0,0.19,5.0,0.82,43.0,0.81,5.0,0.84,3.8,0.85,5.0,0.02,0.02,43.501532,1776243441000
1776243443.244,143.244,0.16,3.8,0.15,5.0,0.18,43.0,0.19,5.0,0.82,43.0,0.81,5.0,0.84,3.8,0.85,5.0,0.02,0.02,43.501639,1776243442000
1776243444.787,144.787,0.16,3.8,0.15,5.0,0.18,43.0,0.19,5.0,0.82,43.0,0.81,5.0,0.84,3.8,0.85,5.0,0.02,0.02,43.501639,1776243443000
1776243445.411,145.411,0.16,3.8,0.15,5.0,0.18,43.0,0.19,5.0,0.82,43.0,0.81,5.0,0.84,3.8,0.85,5.0,0.02,0.02,43.501887,1776243444000
1776243446.27,146.27,0.16,3.8,0.15,5.0,0.18,43.0,0.19,5.0,0.82,43.0,0.81,5.0,0.84,3.8,0.85,5.0,0.02,0.02,43.502503,1776243445000
1776243447.489,147.489,0.16,3.8,0.15,5.0,0.18,43.0,0.19,5.0,0.82,43.0,0.81,5.0,0.84,3.8,0.85,5.0,0.02,0.02,43.504081,1776243446000
1776243448.263,148.263,0.16,3.8,0.15,5.0,0.18,43.0,0.19,5.0,0.82,43.0,0.81,5.0,0.84,3.8,0.85,5.0,0.02,0.02,43.504435,1776243447000
1776243449.588,149.588,0.16,3.8,0.15,5.0,0.18,43.0,0.19,5.0,0.82,43.0,0.81,5.0,0.84,3.8,0.85,5.0,0.02,0.02,43.504435,1776243448000
1776243450.295,150.295,0.16,3.8,0.15,5.0,0.18,43.0,0.19,5.0,0.82,43.0,0.81,5.0,0.84,3.8,0.85,5.0,0.02,0.02,43.504337,1776243449000
1776243451.656,151.656,0.16,3.8,0.15,5.0,0.18,43.0,0.19,5.0,0.82,43.0,0.81,5.0,0.84,3.8,0.85,5.0,0.02,0.02,43.504734,1776243450000
1776243452.316,152.316,0.16,3.8,0.15,5.0,0.18,43.0,0.19,5.0,0.82,43.0,0.81,5.0,0.84,3.8,0.85,5.0,0.02,0.02,43.5049,1776243451000
1776243453.667,153.667,0.16,3.8,0.15,5.0,0.18,43.0,0.19,5.0,0.82,43.0,0.81,5.0,0.84,3.8,0.85,5.0,0.02,0.02,43.506059,1776243452000
1776243454.244,154.244,0.16,3.8,0.15,5.0,0.18,43.0,0.19,5.0,0.82,43.0,0.81,5.0,0.84,3.8,0.85,5.0,0.02,0.02,43.506253,1776243453000
1776243455.587,155.587,0.16,3.8,0.15,5.0,0.18,43.0,0.19,5.0,0.82,43.0,0.81,5.0,0.84,3.8,0.85,5.0,0.02,0.02,43.506228,1776243454000
1776243456.278,156.278,0.16,3.8,0.15,5.0,0.18,43.0,0.19,5.0,0.82,43.0,0.81,5.0,0.84,3.8,0.85,5.0,0.02,0.02,43.506187,1776243455000
1776243457.446,157.446,0.16,3.8,0.15,5.0,0.18,43.0,0.19,5.0,0.82,43.0,0.81,5.0,0.84,3.8,0.85,5.0,0.02,0.02,43.507251,1776243456000
1776243458.163,158.163,0.16,3.8,0.15,5.0,0.18,43.0,0.19,5.0,0.82,43.0,0.81,5.0,0.84,3.8,0.85,5.0,0.02,0.02,43.50668,1776243457000
1776243459.792,159.792,0.16,3.8,0.15,5.0,0.18,43.0,0.19,5.0,0.82,43.0,0.81,5.0,0.84,3.8,0.85,5.0,0.02,0.02,43.506653,1776243458000
1776243461.038,161.038,0.16,3.8,0.15,5.0,0.18,43.0,0.19,5.0,0.82,43.0,0.81,5.0,0.84,3.8,0.85,5.0,0.02,0.02,43.505792,1776243459000
1776243461.683,161.683,0.16,3.8,0.15,5.0,0.18,43.0,0.19,5.0,0.82,43.0,0.81,5.0,0.84,3.8,0.85,5.0,0.02,0.02,43.504182,1776243460000
1776243462.326,162.326,0.16,3.8,0.15,5.0,0.18,43.0,0.19,5.0,0.82,43.0,0.81,5.0,0.84,3.8,0.85,5.0,0.02,0.02,43.504182,1776243461000
1776243463.994,163.994,0.16,3.8,0.15,5.0,0.18,43.0,0.19,5.0,0.82,43.0,0.81,5.0,0.84,3.8,0.85,5.0,0.02,0.02,43.504142,1776243462000
1776243464.725,164.725,0.16,3.8,0.15,5.0,0.18,43.0,0.19,5.0,0.82,43.0,0.81,5.0,0.84,3.8,0.85,5.0,0.02,0.02,43.504146,1776243463000
1776243465.388,165.388,0.16,3.8,0.15,5.0,0.18,43.0,0.19,5.0,0.82,43.0,0.81,5.0,0.84,3.8,0.85,5.0,0.02,0.02,43.504146,1776243464000
1776243466.023,166.023,0.16,3.8,0.15,5.0,0.18,43.0,0.19,5.0,0.82,43.0,0.81,5.0,0.84,3.8,0.85,5.0,0.02,0.02,43.504146,1776243465000
1776243467.356,167.356,0.16,3.8,0.15,5.0,0.18,43.0,0.19,5.0,0.82,43.0,0.81,5.0,0.84,3.8,0.85,5.0,0.02,0.02,43.50415,1776243466000
1776243468.169,168.169,0.12,3.8,0.11,5.0,0.17,55.0,0.18,20.0,0.82,43.0,0.81,5.0,0.84,3.8,0.85,5.0,0.05,0.02,43.50415,1776243466000
1776243468.598,168.598,0.12,3.8,0.11,5.0,0.17,55.0,0.18,20.0,0.83,55.0,0.82,20.0,0.88,3.8,0.89,5.0,0.05,0.05,43.50422,1776243467000
1776243469.23,169.23,0.12,3.8,0.11,5.0,0.17,55.0,0.18,20.0,0.83,55.0,0.82,20.0,0.88,3.8,0.89,5.0,0.05,0.05,43.50422,1776243468000
1776243470.523,170.523,0.12,3.8,0.11,5.0,0.17,55.0,0.18,20.0,0.83,55.0,0.82,20.0,0.88,3.8,0.89,5.0,0.05,0.05,43.50422,1776243469000
1776243471.155,171.155,0.12,3.8,0.11,5.0,0.17,55.0,0.18,20.0,0.83,55.0,0.82,20.0,0.88,3.8,0.89,5.0,0.05,0.05,43.504335,1776243470000
1776243472.349,172.349,0.12,3.8,0.11,5.0,0.17,55.0,0.18,20.0,0.83,55.0,0.82,20.0,0.88,3.8,0.89,5.0,0.05,0.05,43.504827,1776243471000
1776243472.947,172.947,0.12,3.8,0.11,5.0,0.17,55.0,0.18,20.0,0.83,55.0,0.82,20.0,0.88,3.8,0.89,5.0,0.05,0.05,43.504898,1776243472000
1776243474.191,174.191,0.12,3.8,0.11,5.0,0.17,55.0,0.18,20.0,0.83,55.0,0.82,20.0,0.88,3.8,0.89,5.0,0.05,0.05,43.50524,1776243473000
1776243475.467,175.467,0.12,3.8,0.11,5.0,0.17,55.0,0.18,20.0,0.83,55.0,0.82,20.0,0.88,3.8,0.89,5.0,0.05,0.05,43.505694,1776243474000
1776243476.013,176.013,0.12,3.8,0.11,5.0,0.17,55.0,0.18,20.0,0.83,55.0,0.82,20.0,0.88,3.8,0.89,5.0,0.05,0.05,43.506032,1776243475000
1776243477.141,177.141,0.12,3.8,0.11,5.0,0.17,55.0,0.18,20.0,0.83,55.0,0.82,20.0,0.88,3.8,0.89,5.0,0.05,0.05,43.50607,1776243476000
1776243478.137,178.137,0.12,3.8,0.11,5.0,0.17,55.0,0.18,20.0,0.83,55.0,0.82,20.0,0.88,3.8,0.89,5.0,0.05,0.05,43.507271,1776243477000
1776243479.15,179.15,0.12,3.8,0.11,5.0,0.17,55.0,0.18,20.0,0.83,55.0,0.82,20.0,0.88,3.8,0.89,5.0,0.05,0.05,43.507566,1776243478000
1776243480.072,180.072,0.12,3.8,0.11,5.0,0.17,55.0,0.18,20.0,0.83,55.0,0.82,20.0,0.88,3.8,0.89,5.0,0.05,0.05,43.511087,1776243479000
1776243481.143,181.143,0.12,3.8,0.11,5.0,0.17,55.0,0.18,20.0,0.83,55.0,0.82,20.0,0.88,3.8,0.89,5.0,0.05,0.05,43.520737,1776243480000
1776243481.948,181.948,0.12,0.42,0.11,5.0,0.14,5.0,0.15,5.0,0.83,55.0,0.82,20.0,0.88,3.8,0.89,5.0,0.02,0.05,43.520737,1776243480000
1776243482.189,182.189,0.09,4.9,0.08,5.0,0.13,5.0,0.14,5.0,0.87,5.0,0.86,5.0,0.91,4.9,0.92,5.0,0.04,0.04,43.5284,1776243481000
1776243483.091,183.091,0.09,4.9,0.08,5.0,0.13,5.0,0.14,5.0,0.87,5.0,0.86,5.0,0.91,4.9,0.92,5.0,0.04,0.04,43.529457,1776243482000
1776243484.022,184.022,0.09,4.9,0.08,5.0,0.13,5.0,0.14,5.0,0.87,5.0,0.86,5.0,0.91,4.9,0.92,5.0,0.04,0.04,43.476277,1776243483000
1776243484.8,184.8,0.09,3.8,0.08,5.0,0.1,15.0,0.11,68.0,0.87,5.0,0.86,5.0,0.91,4.9,0.92,5.0,0.01,0.04,43.476277,1776243483000
1776243485.058,185.058,0.09,3.8,0.08,5.0,0.1,15.0,0.11,68.0,0.9,15.0,0.89,68.0,0.91,3.8,0.92,5.0,0.01,0.01,43.469572,1776243484000
1776243485.745,185.745,0.08,5.0,0.07,5.0,0.09,6.2,0.1,15.0,0.9,15.0,0.89,68.0,0.91,3.8,0.92,5.0,0.01,0.01,43.469572,1776243484000
1776243486.047,186.047,0.08,5.0,0.07,5.0,0.09,6.2,0.1,15.0,0.91,6.2,0.9,15.0,0.92,5.0,0.93,5.0,0.01,0.01,43.463604,1776243485000
1776243487.081,187.081,0.07,5.0,0.06,21.66,0.08,15.0,0.09,63.0,0.91,6.2,0.9,15.0,0.92,5.0,0.93,5.0,0.01,0.01,43.463604,1776243485000
1776243487.568,187.568,0.07,0.7,0.06,21.66,0.08,15.0,0.09,68.0,0.92,15.0,0.91,63.0,0.93,5.0,0.94,21.66,0.01,0.01,43.457992,1776243486000
1776243487.773,187.773,0.06,21.28,0.05,5.0,0.08,20.0,0.09,68.0,0.92,15.0,0.91,68.0,0.93,0.7,0.94,21.66,0.02,0.01,43.457992,1776243486000
1776243488.102,188.102,0.06,17.03,0.05,5.0,0.07,15.0,0.08,20.0,0.93,15.0,0.92,20.0,0.94,17.03,0.95,5.0,0.01,0.01,43.454716,1776243487000
1776243488.686,188.686,0.03,5.0,0.02,10.0,0.04,10.0,0.05,26.65,0.93,71.2,0.92,20.0,0.96,5.0,0.97,5.0,0.01,0.03,43.454716,1776243487000
1776243489.059,189.059,0.03,3.96,0.02,10.0,0.04,10.0,0.05,26.65,0.96,10.0,0.95,26.65,0.97,3.96,0.98,10.0,0.01,0.01,43.454643,1776243488000
1776243490.278,190.278,0.02,10.0,0.01,216.0,0.04,20.0,0.05,51.65,0.96,10.0,0.95,26.65,0.97,3.96,0.98,10.0,0.02,0.01,43.454643,1776243488000
1776243490.956,190.956,0.01,216.0,,,0.02,10.0,0.03,20.0,0.96,20.0,0.95,51.65,0.98,10.0,0.99,216.0,0.01,0.02,43.451907,1776243489000
1776243491.415,191.415,0.01,216.0,,,0.02,10.0,0.03,20.0,0.98,10.0,0.97,20.0,0.99,216.0,,,0.01,0.01,43.435154,1776243490000
1776243491.862,191.862,0.01,206.0,,,0.02,15.0,0.03,25.0,0.98,10.0,0.97,20.0,0.99,216.0,,,0.01,0.01,43.435154,1776243490000
1776243493.334,193.334,0.01,196.0,,,0.02,20.0,0.03,25.0,0.98,15.0,0.97,25.0,0.99,206.0,,,0.01,0.01,43.435154,1776243491000
1776243493.574,193.574,0.01,196.0,,,0.02,20.0,0.03,25.0,0.98,20.0,0.97,25.0,0.99,196.0,,,0.01,0.01,43.436005,1776243492000
1776243494.134,194.134,0.01,196.0,,,0.02,20.0,0.03,25.0,0.98,20.0,0.97,25.0,0.99,196.0,,,0.01,0.01,43.436996,1776243493000
1776243495.191,195.191,0.01,196.0,,,0.02,20.0,0.03,25.0,0.98,20.0,0.97,25.0,0.99,196.0,,,0.01,0.01,43.437589,1776243494000
1776243495.959,195.959,0.01,196.0,,,0.02,20.0,0.03,25.0,0.98,20.0,0.97,25.0,0.99,196.0,,,0.01,0.01,43.440984,1776243495000
1776243496.211,196.211,0.01,186.0,,,0.02,20.0,0.03,25.0,0.98,20.0,0.97,25.0,0.99,196.0,,,0.01,0.01,43.440984,1776243495000
1776243497.104,197.104,0.01,186.0,,,0.02,20.0,0.03,25.0,0.98,20.0,0.97,25.0,0.99,186.0,,,0.01,0.01,43.441331,1776243496000
1776243498.615,198.615,0.01,186.0,,,0.02,20.0,0.03,25.0,0.98,20.0,0.97,25.0,0.99,186.0,,,0.01,0.01,43.44185,1776243497000
1776243499.136,199.136,0.01,186.0,,,0.02,20.0,0.03,25.0,0.98,20.0,0.97,25.0,0.99,186.0,,,0.01,0.01,43.44363,1776243498000
1776243500.212,200.212,0.01,186.0,,,0.02,20.0,0.03,25.0,0.98,20.0,0.97,25.0,0.99,186.0,,,0.01,0.01,43.444152,1776243499000
1776243500.64,200.64,0.01,186.0,,,0.05,8.65,0.06,5.0,0.98,20.0,0.97,25.0,0.99,186.0,,,0.04,0.01,43.444152,1776243499000
1776243501.448,201.448,0.01,186.0,,,0.05,8.65,0.06,5.0,0.95,8.65,0.94,5.0,0.99,186.0,,,0.04,0.04,43.4776,1776243500000
1776243501.718,201.718,0.04,5.0,0.03,20.0,0.15,5.0,0.16,5.0,0.95,8.65,0.94,5.0,0.99,186.0,,,0.11,0.04,43.4776,1776243500000
1776243502.43,202.43,0.04,5.0,0.03,20.0,0.15,5.0,0.16,5.0,0.85,5.0,0.84,5.0,0.96,5.0,0.97,20.0,0.11,0.11,43.501091,1776243501000
1776243502.9,202.9,0.04,5.0,0.03,20.0,0.15,5.0,0.16,5.0,0.85,5.0,0.84,5.0,0.96,5.0,0.97,20.0,0.11,0.11,43.518368,1776243502000
1776243504.082,204.082,0.04,5.0,0.03,20.0,0.15,5.0,0.16,5.0,0.85,5.0,0.84,5.0,0.96,5.0,0.97,20.0,0.11,0.11,43.53363,1776243503000
1776243505.429,205.429,0.04,5.0,0.03,20.0,0.15,5.0,0.16,5.0,0.85,5.0,0.84,5.0,0.96,5.0,0.97,20.0,0.11,0.11,43.543063,1776243504000
1776243506.401,206.401,0.04,5.0,0.03,20.0,0.15,5.0,0.16,5.0,0.85,5.0,0.84,5.0,0.96,5.0,0.97,20.0,0.11,0.11,43.543737,1776243505000
1776243506.919,206.919,0.04,5.0,0.03,20.0,0.15,5.0,0.16,5.0,0.85,5.0,0.84,5.0,0.96,5.0,0.97,20.0,0.11,0.11,43.543743,1776243506000
1776243508.008,208.008,0.04,5.0,0.03,20.0,0.15,5.0,0.16,5.0,0.85,5.0,0.84,5.0,0.96,5.0,0.97,20.0,0.11,0.11,43.543921,1776243507000
1776243509.071,209.071,0.04,5.0,0.03,20.0,0.15,5.0,0.16,5.0,0.85,5.0,0.84,5.0,0.96,5.0,0.97,20.0,0.11,0.11,43.543821,1776243508000
1776243510.068,210.068,0.04,5.0,0.03,20.0,0.15,5.0,0.16,5.0,0.85,5.0,0.84,5.0,0.96,5.0,0.97,20.0,0.11,0.11,43.538398,1776243509000
1776243511.19,211.19,0.04,5.0,0.03,20.0,0.15,5.0,0.16,5.0,0.85,5.0,0.84,5.0,0.96,5.0,0.97,20.0,0.11,0.11,43.535862,1776243510000
1776243512.045,212.045,0.04,5.0,0.03,20.0,0.15,5.0,0.16,5.0,0.85,5.0,0.84,5.0,0.96,5.0,0.97,20.0,0.11,0.11,43.534482,1776243511000
1776243513.137,213.137,0.04,5.0,0.03,20.0,0.15,5.0,0.16,5.0,0.85,5.0,0.84,5.0,0.96,5.0,0.97,20.0,0.11,0.11,43.533294,1776243512000
1776243514.128,214.128,0.04,5.0,0.03,20.0,0.15,5.0,0.16,5.0,0.85,5.0,0.84,5.0,0.96,5.0,0.97,20.0,0.11,0.11,43.533504,1776243513000
1776243515.198,215.198,0.04,5.0,0.03,20.0,0.15,5.0,0.16,5.0,0.85,5.0,0.84,5.0,0.96,5.0,0.97,20.0,0.11,0.11,43.534021,1776243514000
1776243516.13,216.13,0.04,5.0,0.03,20.0,0.15,5.0,0.16,5.0,0.85,5.0,0.84,5.0,0.96,5.0,0.97,20.0,0.11,0.11,43.5345,1776243515000
1776243517.139,217.139,0.04,5.0,0.03,20.0,0.15,5.0,0.16,5.0,0.85,5.0,0.84,5.0,0.96,5.0,0.97,20.0,0.11,0.11,43.534297,1776243516000
1776243518.173,218.173,0.04,5.0,0.03,20.0,0.15,5.0,0.16,5.0,0.85,5.0,0.84,5.0,0.96,5.0,0.97,20.0,0.11,0.11,43.534667,1776243517000
1776243519.861,219.861,0.04,5.0,0.03,20.0,0.15,5.0,0.16,5.0,0.85,5.0,0.84,5.0,0.96,5.0,0.97,20.0,0.11,0.11,43.53521,1776243518000
1776243520.335,220.335,0.04,5.0,0.03,20.0,0.15,5.0,0.16,5.0,0.85,5.0,0.84,5.0,0.96,5.0,0.97,20.0,0.11,0.11,43.536409,1776243519000
1776243521.422,221.422,0.04,5.0,0.03,20.0,0.15,5.0,0.16,5.0,0.85,5.0,0.84,5.0,0.96,5.0,0.97,20.0,0.11,0.11,43.536615,1776243520000
1776243521.656,221.656,0.11,15.0,0.1,15.0,0.12,9.38,0.13,5.0,0.85,5.0,0.84,5.0,0.96,5.0,0.97,20.0,0.01,0.11,43.536615,1776243520000
1776243522.369,222.369,0.11,15.0,0.1,15.0,0.12,9.38,0.13,5.0,0.88,9.38,0.87,5.0,0.89,15.0,0.9,15.0,0.01,0.01,43.536604,1776243521000
1776243522.84,222.84,0.11,15.0,0.1,15.0,0.12,9.38,0.13,5.0,0.88,9.38,0.87,5.0,0.89,15.0,0.9,15.0,0.01,0.01,43.536783,1776243522000
1776243523.841,223.841,0.11,15.0,0.1,15.0,0.12,9.38,0.13,5.0,0.88,9.38,0.87,5.0,0.89,15.0,0.9,15.0,0.01,0.01,43.5361,1776243523000
1776243524.434,224.434,0.09,20.0,0.08,20.0,0.11,5.0,0.12,5.0,0.88,9.38,0.87,5.0,0.89,15.0,0.9,15.0,0.02,0.01,43.5361,1776243523000
1776243525.558,225.558,0.09,20.0,0.08,20.0,0.11,5.0,0.12,5.0,0.89,5.0,0.88,5.0,0.91,20.0,0.92,20.0,0.02,0.02,43.534329,1776243524000
1776243526.1,226.1,0.09,20.0,0.08,20.0,0.11,5.0,0.12,5.0,0.89,5.0,0.88,5.0,0.91,20.0,0.92,20.0,0.02,0.02,43.534329,1776243525000
1776243526.864,226.864,0.09,20.0,0.08,20.0,0.11,5.0,0.12,5.0,0.89,5.0,0.88,5.0,0.91,20.0,0.92,20.0,0.02,0.02,43.535362,1776243526000
1776243527.906,227.906,0.09,20.0,0.08,20.0,0.11,5.0,0.12,5.0,0.89,5.0,0.88,5.0,0.91,20.0,0.92,20.0,0.02,0.02,43.535656,1776243527000
1776243528.944,228.944,0.09,20.0,0.08,20.0,0.11,5.0,0.12,5.0,0.89,5.0,0.88,5.0,0.91,20.0,0.92,20.0,0.02,0.02,43.536114,1776243528000
1776243529.937,229.937,0.09,20.0,0.08,20.0,0.11,5.0,0.12,5.0,0.89,5.0,0.88,5.0,0.91,20.0,0.92,20.0,0.02,0.02,43.535961,1776243529000
1776243531.017,231.017,0.09,20.0,0.08,20.0,0.11,5.0,0.12,5.0,0.89,5.0,0.88,5.0,0.91,20.0,0.92,20.0,0.02,0.02,43.536653,1776243530000
1776243531.938,231.938,0.09,20.0,0.08,20.0,0.11,5.0,0.12,5.0,0.89,5.0,0.88,5.0,0.91,20.0,0.92,20.0,0.02,0.02,43.536757,1776243531000
1776243532.972,232.972,0.09,20.0,0.08,20.0,0.11,5.0,0.12,5.0,0.89,5.0,0.88,5.0,0.91,20.0,0.92,20.0,0.02,0.02,43.536791,1776243532000
1776243533.978,233.978,0.09,20.0,0.08,20.0,0.11,5.0,0.12,5.0,0.89,5.0,0.88,5.0,0.91,20.0,0.92,20.0,0.02,0.02,43.536209,1776243533000
1776243534.905,234.905,0.09,20.0,0.08,20.0,0.11,5.0,0.12,5.0,0.89,5.0,0.88,5.0,0.91,20.0,0.92,20.0,0.02,0.02,43.536527,1776243534000
1776243535.863,235.863,0.09,20.0,0.08,20.0,0.11,5.0,0.12,5.0,0.89,5.0,0.88,5.0,0.91,20.0,0.92,20.0,0.02,0.02,43.537356,1776243535000
1776243536.843,236.843,0.09,20.0,0.08,20.0,0.11,5.0,0.12,5.0,0.89,5.0,0.88,5.0,0.91,20.0,0.92,20.0,0.02,0.02,43.537298,1776243536000
1776243538.246,238.246,0.09,20.0,0.08,20.0,0.11,5.0,0.12,5.0,0.89,5.0,0.88,5.0,0.91,20.0,0.92,20.0,0.02,0.02,43.536604,1776243537000
1776243539.194,239.194,0.09,20.0,0.08,20.0,0.11,5.0,0.12,5.0,0.89,5.0,0.88,5.0,0.91,20.0,0.92,20.0,0.02,0.02,43.536086,1776243538000
1776243540.202,240.202,0.09,20.0,0.08,20.0,0.11,5.0,0.12,5.0,0.89,5.0,0.88,5.0,0.91,20.0,0.92,20.0,0.02,0.02,43.535823,1776243539000
1776243541.239,241.239,0.09,20.0,0.08,20.0,0.11,5.0,0.12,5.0,0.89,5.0,0.88,5.0,0.91,20.0,0.92,20.0,0.02,0.02,43.535823,1776243540000
1776243541.998,241.998,0.06,11.48,0.05,20.0,0.07,5.0,0.08,5.0,0.89,5.0,0.88,5.0,0.91,20.0,0.92,20.0,0.01,0.02,43.535823,1776243540000
1776243542.556,242.556,0.06,1.48,0.05,20.0,0.07,5.0,0.08,5.0,0.93,5.0,0.92,5.0,0.94,11.48,0.95,20.0,0.01,0.01,43.531845,1776243541000
1776243543.253,243.253,0.06,1.48,0.05,20.0,0.07,5.0,0.08,5.0,0.93,5.0,0.92,5.0,0.94,1.48,0.95,20.0,0.01,0.01,43.530349,1776243542000
1776243544.244,244.244,0.06,1.48,0.05,20.0,0.07,5.0,0.08,5.0,0.93,5.0,0.92,5.0,0.94,1.48,0.95,20.0,0.01,0.01,43.529017,1776243543000
1776243545.875,245.875,0.06,1.48,0.05,20.0,0.07,5.0,0.08,5.0,0.93,5.0,0.92,5.0,0.94,1.48,0.95,20.0,0.01,0.01,43.52886,1776243544000
1776243546.341,246.341,0.05,20.0,0.04,20.0,0.07,5.0,0.08,5.0,0.93,5.0,0.92,5.0,0.95,20.0,0.96,20.0,0.02,0.02,43.52886,1776243545000
1776243547.772,247.772,0.05,20.0,0.04,20.0,0.07,5.0,0.08,5.0,0.93,5.0,0.92,5.0,0.95,20.0,0.96,20.0,0.02,0.02,43.528812,1776243546000
1776243548.361,248.361,0.05,20.0,0.04,20.0,0.07,5.0,0.08,5.0,0.93,5.0,0.92,5.0,0.95,20.0,0.96,20.0,0.02,0.02,43.528693,1776243547000
1776243549.469,249.469,0.05,20.0,0.04,20.0,0.07,5.0,0.08,5.0,0.93,5.0,0.92,5.0,0.95,20.0,0.96,20.0,0.02,0.02,43.528221,1776243548000
1776243550.075,250.075,0.05,20.0,0.04,20.0,0.07,5.0,0.08,5.0,0.93,5.0,0.92,5.0,0.95,20.0,0.96,20.0,0.02,0.02,43.528221,1776243549000
1776243551.162,251.162,0.05,20.0,0.04,20.0,0.07,5.0,0.08,5.0,0.93,5.0,0.92,5.0,0.95,20.0,0.96,20.0,0.02,0.02,43.528341,1776243550000
1776243552.348,252.348,0.05,20.0,0.04,20.0,0.07,5.0,0.08,5.0,0.93,5.0,0.92,5.0,0.95,20.0,0.96,20.0,0.02,0.02,43.528342,1776243551000
1776243553.493,253.493,0.05,20.0,0.04,20.0,0.07,5.0,0.08,5.0,0.93,5.0,0.92,5.0,0.95,20.0,0.96,20.0,0.02,0.02,43.528225,1776243552000
1776243554.07,254.07,0.05,20.0,0.04,20.0,0.07,5.0,0.08,5.0,0.93,5.0,0.92,5.0,0.95,20.0,0.96,20.0,0.02,0.02,43.528225,1776243553000
1776243554.842,254.842,0.03,18.96,0.02,20.0,0.05,10.0,0.06,20.0,0.93,5.0,0.92,5.0,0.95,20.0,0.96,20.0,0.02,0.02,43.528225,1776243553000
1776243555.28,255.28,0.03,18.96,0.02,20.0,0.05,10.0,0.06,20.0,0.95,10.0,0.94,20.0,0.97,18.96,0.98,20.0,0.02,0.02,43.528042,1776243554000
1776243556.389,256.389,0.03,18.96,0.02,20.0,0.05,10.0,0.06,20.0,0.95,10.0,0.94,20.0,0.97,18.96,0.98,20.0,0.02,0.02,43.527698,1776243555000
1776243557.025,257.025,0.03,18.96,0.02,20.0,0.05,10.0,0.06,20.0,0.95,10.0,0.94,20.0,0.97,18.96,0.98,20.0,0.02,0.02,43.527698,1776243556000
1776243558.172,258.172,0.03,18.96,0.02,20.0,0.05,10.0,0.06,20.0,0.95,10.0,0.94,20.0,0.97,18.96,0.98,20.0,0.02,0.02,43.527851,1776243557000
1776243559.441,259.441,0.03,18.96,0.02,20.0,0.05,10.0,0.06,20.0,0.95,10.0,0.94,20.0,0.97,18.96,0.98,20.0,0.02,0.02,43.527851,1776243558000
1776243559.994,259.994,0.03,18.96,0.02,20.0,0.05,10.0,0.06,20.0,0.95,10.0,0.94,20.0,0.97,18.96,0.98,20.0,0.02,0.02,43.527854,1776243559000
1776243561.158,261.158,0.03,18.96,0.02,20.0,0.05,10.0,0.06,20.0,0.95,10.0,0.94,20.0,0.97,18.96,0.98,20.0,0.02,0.02,43.527753,1776243560000
1776243562.268,262.268,0.03,18.96,0.02,20.0,0.05,10.0,0.06,20.0,0.95,10.0,0.94,20.0,0.97,18.96,0.98,20.0,0.02,0.02,43.527759,1776243561000
1776243563.298,263.298,0.02,11.45,0.01,206.51,0.04,25.0,0.05,20.0,0.95,10.0,0.94,20.0,0.97,18.96,0.98,20.0,0.02,0.02,43.527759,1776243561000
1776243563.932,263.932,0.02,11.45,0.01,206.51,0.04,25.0,0.05,20.0,0.96,25.0,0.95,20.0,0.98,11.45,0.99,206.51,0.02,0.02,43.527773,1776243562000
1776243564.548,264.548,0.02,11.45,0.01,206.51,0.04,25.0,0.05,20.0,0.96,25.0,0.95,20.0,0.98,11.45,0.99,206.51,0.02,0.02,43.527811,1776243563000
1776243565.391,265.391,0.02,11.45,0.01,206.51,0.04,25.0,0.05,20.0,0.96,25.0,0.95,20.0,0.98,11.45,0.99,206.51,0.02,0.02,43.52617,1776243564000
1776243566.699,266.699,0.02,11.45,0.01,206.51,0.04,25.0,0.05,20.0,0.96,25.0,0.95,20.0,0.98,11.45,0.99,206.51,0.02,0.02,43.525856,1776243565000
1776243567.521,267.521,0.01,193.51,,,0.04,25.0,0.05,20.0,0.96,25.0,0.95,20.0,0.99,193.51,,,0.03,0.03,43.526138,1776243566000
1776243568.266,268.266,0.01,193.51,,,0.04,25.0,0.05,20.0,0.96,25.0,0.95,20.0,0.99,193.51,,,0.03,0.03,43.52631,1776243567000
1776243569.677,269.677,0.01,193.51,,,0.04,25.0,0.05,20.0,0.96,25.0,0.95,20.0,0.99,193.51,,,0.03,0.03,43.526276,1776243568000
1776243570.363,270.363,0.01,193.51,,,0.04,25.0,0.05,20.0,0.96,25.0,0.95,20.0,0.99,193.51,,,0.03,0.03,43.526136,1776243569000
1776243570.569,270.569,0.02,12.94,0.01,193.51,0.03,10.0,0.04,10.0,0.97,10.0,0.96,10.0,0.98,13.97,0.99,193.51,0.01,0.01,43.526136,1776243569000
1776243570.777,270.777,0.02,8.82,0.01,193.51,0.03,10.0,0.04,10.0,0.97,10.0,0.96,10.0,0.98,9.85,0.99,193.51,0.01,0.01,43.526136,1776243569000
1776243571.038,271.038,0.02,6.76,0.01,193.51,0.03,10.0,0.04,10.0,0.97,10.0,0.96,10.0,0.98,6.76,0.99,193.51,0.01,0.01,43.528274,1776243570000
1776243572.433,272.433,0.02,6.76,0.01,193.51,0.03,10.0,0.04,10.0,0.97,10.0,0.96,10.0,0.98,6.76,0.99,193.51,0.01,0.01,43.533741,1776243571000
1776243573.025,273.025,0.02,6.76,0.01,193.51,0.03,10.0,0.04,10.0,0.97,10.0,0.96,10.0,0.98,6.76,0.99,193.51,0.01,0.01,43.533741,1776243572000
1776243574.431,274.431,0.02,6.76,0.01,193.51,0.03,10.0,0.04,10.0,0.97,10.0,0.96,10.0,0.98,6.76,0.99,193.51,0.01,0.01,43.53342,1776243573000
1776243575.144,275.144,0.02,6.76,0.01,193.51,0.03,10.0,0.04,10.0,0.97,10.0,0.96,10.0,0.98,6.76,0.99,193.51,0.01,0.01,43.532723,1776243574000
1776243576.507,276.507,0.02,6.76,0.01,193.51,0.03,10.0,0.04,10.0,0.97,10.0,0.96,10.0,0.98,6.76,0.99,193.51,0.01,0.01,43.533566,1776243575000
1776243577.23,277.23,0.02,6.76,0.01,193.51,0.03,10.0,0.04,10.0,0.97,10.0,0.96,10.0,0.98,6.76,0.99,193.51,0.01,0.01,43.533566,1776243576000
1776243578.618,278.618,0.01,171.35,,,0.03,10.0,0.04,10.0,0.97,10.0,0.96,10.0,0.98,6.76,0.99,193.51,0.02,0.01,43.533566,1776243576000
1776243578.834,278.834,0.01,171.35,,,0.03,10.0,0.04,10.0,0.97,10.0,0.96,10.0,0.99,171.35,,,0.02,0.02,43.53304,1776243577000
1776243579.428,279.428,0.01,171.35,,,0.03,10.0,0.04,10.0,0.97,10.0,0.96,10.0,0.99,171.35,,,0.02,0.02,43.533212,1776243578000
1776243579.957,279.957,0.01,171.35,,,0.03,10.0,0.04,10.0,0.97,10.0,0.96,10.0,0.99,171.35,,,0.02,0.02,43.533212,1776243579000
1776243580.957,280.957,0.01,171.35,,,0.03,10.0,0.04,10.0,0.97,10.0,0.96,10.0,0.99,171.35,,,0.02,0.02,43.533257,1776243580000
1776243581.885,281.885,0.01,171.35,,,0.03,10.0,0.04,10.0,0.97,10.0,0.96,10.0,0.99,171.35,,,0.02,0.02,43.533257,1776243581000
1776243582.909,282.909,0.01,171.35,,,0.03,10.0,0.04,10.0,0.97,10.0,0.96,10.0,0.99,171.35,,,0.02,0.02,43.533388,1776243582000
1776243584.255,284.255,0.01,171.35,,,0.03,10.0,0.04,10.0,0.97,10.0,0.96,10.0,0.99,171.35,,,0.02,0.02,43.532263,1776243583000
1776243585.102,285.102,0.01,170.33,,,0.03,10.0,0.04,5.0,0.97,10.0,0.96,10.0,0.99,171.35,,,0.02,0.02,43.532263,1776243583000
1776243585.448,285.448,0.01,165.33,,,0.03,10.0,0.04,5.0,0.97,10.0,0.96,5.0,0.99,170.33,,,0.02,0.02,43.532245,1776243584000
1776243586.221,286.221,0.01,165.33,,,0.03,10.0,0.04,5.0,0.97,10.0,0.96,5.0,0.99,165.33,,,0.02,0.02,43.532245,1776243585000
1776243587.206,287.206,0.01,165.33,,,0.03,10.0,0.04,5.0,0.97,10.0,0.96,5.0,0.99,165.33,,,0.02,0.02,43.532362,1776243586000
1776243587.67,287.67,0.01,154.59,,,0.03,10.0,0.04,5.0,0.97,10.0,0.96,5.0,0.99,165.33,,,0.02,0.02,43.532362,1776243586000
1776243588.238,288.238,0.01,154.59,,,0.03,10.0,0.04,5.0,0.97,10.0,0.96,5.0,0.99,154.59,,,0.02,0.02,43.532175,1776243587000
1776243589.136,289.136,0.01,154.59,,,0.03,10.0,0.04,5.0,0.97,10.0,0.96,5.0,0.99,154.59,,,0.02,0.02,43.532237,1776243588000
1776243590.109,290.109,0.01,154.59,,,0.03,10.0,0.04,5.0,0.97,10.0,0.96,5.0,0.99,154.59,,,0.02,0.02,43.532237,1776243589000
1776243591.659,291.659,0.01,154.59,,,0.03,10.0,0.04,5.0,0.97,10.0,0.96,5.0,0.99,154.59,,,0.02,0.02,43.532078,1776243590000
1776243592.146,292.146,0.01,154.59,,,0.03,10.0,0.04,5.0,0.97,10.0,0.96,5.0,0.99,154.59,,,0.02,0.02,43.533209,1776243591000
1776243593.152,293.152,0.01,154.59,,,0.03,10.0,0.04,5.0,0.97,10.0,0.96,5.0,0.99,154.59,,,0.02,0.02,43.533162,1776243592000
1776243593.858,293.858,0.01,134.38,,,0.03,10.0,0.04,5.0,0.97,10.0,0.96,5.0,0.99,154.59,,,0.02,0.02,43.533162,1776243592000
1776243594.125,294.125,0.01,134.38,,,0.03,10.0,0.04,5.0,0.97,10.0,0.96,5.0,0.99,134.38,,,0.02,0.02,43.533132,1776243593000
1776243594.494,294.494,0.01,104.38,,,0.03,10.0,0.04,5.0,0.97,10.0,0.96,5.0,0.99,134.38,,,0.02,0.02,43.533132,1776243593000
1776243595.133,295.133,0.01,98.36,,,0.03,10.0,0.04,5.0,0.97,10.0,0.96,5.0,0.99,103.36,,,0.02,0.02,43.533132,1776243593000
1776243595.622,295.622,0.01,68.55,,,0.03,10.0,0.04,5.0,0.97,10.0,0.96,5.0,0.99,83.71,,,0.02,0.02,43.533369,1776243594000
1776243596.145,296.145,0.01,68.55,,,0.03,10.0,0.04,5.0,0.97,10.0,0.96,5.0,0.99,68.55,,,0.02,0.02,43.533642,1776243595000
1776243596.462,296.462,0.01,67.44,,,0.03,10.0,0.04,5.0,0.97,10.0,0.96,5.0,0.99,68.55,,,0.02,0.02,43.533642,1776243595000
1776243597.073,297.073,0.01,60.44,,,0.03,10.0,0.04,5.0,0.97,10.0,0.96,5.0,0.99,62.44,,,0.02,0.02,43.533642,1776243595000
1776243597.357,297.357,0.01,55.39,,,0.03,10.0,0.04,5.0,0.97,10.0,0.96,5.0,0.99,60.44,,,0.02,0.02,43.533642,1776243596000
1776243597.579,297.579,0.01,13.98,,,0.02,5.0,0.03,10.0,0.98,5.0,0.97,10.0,0.99,23.98,,,0.01,0.01,43.533642,1776243596000
1776243598.167,298.167,0.01,13.98,,,0.02,5.0,0.03,10.0,0.98,5.0,0.97,10.0,0.99,13.98,,,0.01,0.01,43.534083,1776243597000
1776243599.233,299.233,,,,,0.02,5.0,0.03,10.0,0.98,5.0,0.97,10.0,,,,,,,43.535208,1776243598000
1776243600.351,300.351,,,,,0.01,182.29,0.02,5.0,0.99,182.29,0.98,5.0,,,,,,,43.539786,1776243599000
1776243601.329,301.329,,,,,0.01,182.29,0.02,5.0,0.99,182.29,0.98,5.0,,,,,,,43.54228,1776243600000
1776243602.488,302.488,,,,,0.01,182.29,0.02,5.0,0.99,182.29,0.98,5.0,,,,,,,43.543588,1776243601000
1776243602.854,302.854,,,,,0.01,182.29,0.02,5.0,0.99,182.29,0.98,5.0,,,,,,,43.543916,1776243602000
