timestamp,elapsed_sec,up_bid_p1,up_bid_s1,up_bid_p2,up_bid_s2,up_ask_p1,up_ask_s1,up_ask_p2,up_ask_s2,down_bid_p1,down_bid_s1,down_bid_p2,down_bid_s2,down_ask_p1,down_ask_s1,down_ask_p2,down_ask_s2,up_spread,down_spread,hype_price,hype_oracle_ts
1776222011.338,11.338,0.51,155.0,0.48,10.0,0.65,10.0,0.75,5.0,0.35,10.0,0.25,5.0,0.49,155.0,0.52,10.0,0.14,0.14,44.231775,1776222009000
1776222011.629,11.629,0.51,155.0,0.48,10.0,0.65,10.0,0.75,5.0,0.35,10.0,0.25,5.0,0.49,155.0,0.52,10.0,0.14,0.14,44.231775,1776222009000
1776222012.453,12.453,0.51,155.0,0.48,10.0,0.65,10.0,0.75,5.0,0.35,10.0,0.25,5.0,0.49,155.0,0.52,10.0,0.14,0.14,44.228226,1776222011000
1776222013.177,13.177,0.51,155.0,0.48,10.0,0.65,10.0,0.75,5.0,0.35,10.0,0.25,5.0,0.49,155.0,0.52,10.0,0.14,0.14,44.228463,1776222012000
1776222014.324,14.324,0.51,155.0,0.48,10.0,0.65,10.0,0.75,5.0,0.35,10.0,0.25,5.0,0.49,155.0,0.52,10.0,0.14,0.14,44.227816,1776222013000
1776222015.803,15.803,0.51,155.0,0.48,10.0,0.65,10.0,0.75,5.0,0.35,10.0,0.25,5.0,0.49,155.0,0.52,10.0,0.14,0.14,44.224535,1776222014000
1776222016.331,16.331,0.51,155.0,0.48,10.0,0.65,10.0,0.75,5.0,0.35,10.0,0.25,5.0,0.49,155.0,0.52,10.0,0.14,0.14,44.223714,1776222015000
1776222017.463,17.463,0.51,155.0,0.48,10.0,0.65,10.0,0.75,5.0,0.35,10.0,0.25,5.0,0.49,155.0,0.52,10.0,0.14,0.14,44.222837,1776222016000
1776222018.482,18.482,0.51,155.0,0.48,10.0,0.65,10.0,0.75,5.0,0.35,10.0,0.25,5.0,0.49,155.0,0.52,10.0,0.14,0.14,44.22293,1776222017000
1776222019.044,19.044,0.51,155.0,0.48,10.0,0.65,10.0,0.75,5.0,0.35,10.0,0.25,5.0,0.49,155.0,0.52,10.0,0.14,0.14,44.222836,1776222018000
1776222020.232,20.232,0.51,155.0,0.48,10.0,0.65,10.0,0.75,5.0,0.35,10.0,0.25,5.0,0.49,155.0,0.52,10.0,0.14,0.14,44.222196,1776222019000
1776222021.408,21.408,0.51,155.0,0.48,10.0,0.65,10.0,0.75,5.0,0.35,10.0,0.25,5.0,0.49,155.0,0.52,10.0,0.14,0.14,44.222329,1776222020000
1776222022.571,22.571,0.51,155.0,0.48,10.0,0.65,10.0,0.75,5.0,0.35,10.0,0.25,5.0,0.49,155.0,0.52,10.0,0.14,0.14,44.22185,1776222021000
1776222023.403,23.403,0.51,155.0,0.48,10.0,0.65,10.0,0.75,5.0,0.35,10.0,0.25,5.0,0.49,155.0,0.52,10.0,0.14,0.14,44.22185,1776222022000
1776222024.156,24.156,0.51,155.0,0.48,10.0,0.65,10.0,0.75,5.0,0.35,10.0,0.25,5.0,0.49,155.0,0.52,10.0,0.14,0.14,44.221591,1776222023000
1776222025.131,25.131,0.51,155.0,0.48,10.0,0.65,10.0,0.75,5.0,0.35,10.0,0.25,5.0,0.49,155.0,0.52,10.0,0.14,0.14,44.219991,1776222024000
1776222026.302,26.302,0.51,155.0,0.48,10.0,0.65,10.0,0.75,5.0,0.35,10.0,0.25,5.0,0.49,155.0,0.52,10.0,0.14,0.14,44.213427,1776222025000
1776222026.586,26.586,0.51,143.38,0.37,10.0,0.54,10.0,0.6,5.0,0.35,10.0,0.25,5.0,0.49,155.0,0.52,10.0,0.03,0.14,44.213427,1776222025000
1776222027.54,27.54,0.51,143.38,0.37,10.0,0.54,10.0,0.6,5.0,0.46,10.0,0.4,5.0,0.49,143.38,0.63,10.0,0.03,0.03,44.211829,1776222026000
1776222027.741,27.741,0.51,133.38,0.33,10.0,0.56,5.0,0.57,5.0,0.46,10.0,0.4,5.0,0.49,143.38,0.63,10.0,0.05,0.03,44.211829,1776222026000
1776222028.071,28.071,0.51,123.38,0.32,15.0,0.56,5.0,0.57,5.0,0.44,5.0,0.43,5.0,0.49,133.38,0.67,10.0,0.05,0.05,44.211829,1776222026000
1776222028.4,28.4,0.51,113.38,0.34,10.0,0.56,5.0,0.57,5.0,0.44,5.0,0.43,5.0,0.49,123.38,0.68,15.0,0.05,0.05,44.212767,1776222027000
1776222029.15,29.15,0.51,113.38,0.34,10.0,0.56,5.0,0.57,5.0,0.44,5.0,0.43,5.0,0.49,113.38,0.66,10.0,0.05,0.05,44.212096,1776222028000
1776222030.272,30.272,0.51,113.38,0.34,10.0,0.56,5.0,0.57,5.0,0.44,5.0,0.43,5.0,0.49,113.38,0.66,10.0,0.05,0.05,44.205549,1776222029000
1776222031.374,31.374,0.51,100.01,0.39,10.0,0.56,5.0,0.57,5.0,0.44,5.0,0.43,5.0,0.49,100.01,0.61,10.0,0.05,0.05,44.204983,1776222030000
1776222032.119,32.119,0.51,100.01,0.39,10.0,0.56,5.0,0.57,5.0,0.44,5.0,0.43,5.0,0.49,100.01,0.61,10.0,0.05,0.05,44.206356,1776222031000
1776222033.107,33.107,0.51,100.01,0.39,10.0,0.56,5.0,0.57,5.0,0.44,5.0,0.43,5.0,0.49,100.01,0.61,10.0,0.05,0.05,44.205817,1776222032000
1776222034.162,34.162,0.51,100.01,0.39,10.0,0.56,5.0,0.57,5.0,0.44,5.0,0.43,5.0,0.49,100.01,0.61,10.0,0.05,0.05,44.205446,1776222033000
1776222035.255,35.255,0.51,100.01,0.39,10.0,0.56,5.0,0.57,5.0,0.44,5.0,0.43,5.0,0.49,100.01,0.61,10.0,0.05,0.05,44.205482,1776222034000
1776222036.361,36.361,0.51,100.01,0.39,10.0,0.56,5.0,0.57,5.0,0.44,5.0,0.43,5.0,0.49,100.01,0.61,10.0,0.05,0.05,44.205271,1776222035000
1776222036.952,36.952,0.51,100.01,0.39,10.0,0.56,5.0,0.57,5.0,0.44,5.0,0.43,5.0,0.49,100.01,0.61,10.0,0.05,0.05,44.205585,1776222036000
1776222038.166,38.166,0.51,100.01,0.39,10.0,0.56,5.0,0.57,5.0,0.44,5.0,0.43,5.0,0.49,100.01,0.61,10.0,0.05,0.05,44.205585,1776222037000
1776222039.198,39.198,0.51,100.01,0.39,10.0,0.56,5.0,0.57,5.0,0.44,5.0,0.43,5.0,0.49,100.01,0.61,10.0,0.05,0.05,44.205409,1776222038000
1776222039.794,39.794,0.51,100.01,0.35,10.0,0.53,25.0,0.54,5.0,0.44,5.0,0.43,5.0,0.49,100.01,0.61,10.0,0.02,0.05,44.205409,1776222038000
1776222040.174,40.174,0.51,100.01,0.35,10.0,0.53,25.0,0.54,5.0,0.47,25.0,0.46,5.0,0.49,100.01,0.65,10.0,0.02,0.02,44.204232,1776222039000
1776222041.199,41.199,0.51,100.01,0.35,10.0,0.53,25.0,0.54,5.0,0.47,25.0,0.46,5.0,0.49,100.01,0.65,10.0,0.02,0.02,44.200168,1776222040000
1776222041.475,41.475,0.51,81.85,0.4,10.0,0.52,21.0,0.56,5.0,0.48,21.0,0.44,5.0,0.49,93.88,0.59,10.0,0.01,0.01,44.200168,1776222040000
1776222042.319,42.319,0.51,81.85,0.4,10.0,0.52,21.0,0.56,5.0,0.48,21.0,0.44,5.0,0.49,81.85,0.6,10.0,0.01,0.01,44.194401,1776222041000
1776222043.294,43.294,0.51,81.85,0.4,10.0,0.52,21.0,0.56,5.0,0.48,21.0,0.44,5.0,0.49,81.85,0.6,10.0,0.01,0.01,44.197987,1776222042000
1776222043.925,43.925,0.51,81.85,0.4,10.0,0.52,21.0,0.56,5.0,0.48,21.0,0.44,5.0,0.49,81.85,0.6,10.0,0.01,0.01,44.198251,1776222043000
1776222044.979,44.979,0.51,81.85,0.4,10.0,0.52,21.0,0.56,5.0,0.48,21.0,0.44,5.0,0.49,81.85,0.6,10.0,0.01,0.01,44.199066,1776222044000
1776222045.982,45.982,0.51,81.85,0.4,10.0,0.52,21.0,0.56,5.0,0.48,21.0,0.44,5.0,0.49,81.85,0.6,10.0,0.01,0.01,44.200817,1776222045000
1776222046.553,46.553,0.51,62.7,0.39,10.0,0.52,21.0,0.56,5.0,0.48,21.0,0.44,5.0,0.49,81.85,0.6,10.0,0.01,0.01,44.200817,1776222045000
1776222047.001,47.001,0.51,62.7,0.39,10.0,0.52,21.0,0.56,5.0,0.48,21.0,0.44,5.0,0.49,62.7,0.61,10.0,0.01,0.01,44.200817,1776222046000
1776222048.002,48.002,0.51,62.7,0.39,10.0,0.52,21.0,0.56,5.0,0.48,21.0,0.44,5.0,0.49,62.7,0.61,10.0,0.01,0.01,44.201235,1776222047000
1776222049.063,49.063,0.51,62.7,0.39,10.0,0.52,21.0,0.56,5.0,0.48,21.0,0.44,5.0,0.49,62.7,0.61,10.0,0.01,0.01,44.201102,1776222048000
1776222050.047,50.047,0.51,62.7,0.39,10.0,0.52,21.0,0.56,5.0,0.48,21.0,0.44,5.0,0.49,62.7,0.61,10.0,0.01,0.01,44.201406,1776222049000
1776222051.568,51.568,0.51,62.7,0.39,10.0,0.52,21.0,0.56,5.0,0.48,21.0,0.44,5.0,0.49,62.7,0.61,10.0,0.01,0.01,44.202124,1776222050000
1776222052.102,52.102,0.51,62.7,0.39,10.0,0.52,21.0,0.56,5.0,0.48,21.0,0.44,5.0,0.49,62.7,0.61,10.0,0.01,0.01,44.201866,1776222051000
1776222052.736,52.736,0.51,57.59,0.44,10.0,0.52,21.0,0.59,5.0,0.48,21.0,0.44,5.0,0.49,62.7,0.61,10.0,0.01,0.01,44.201866,1776222051000
1776222053.262,53.262,0.51,57.59,0.44,10.0,0.52,21.0,0.59,5.0,0.48,21.0,0.41,5.0,0.49,57.59,0.56,10.0,0.01,0.01,44.201732,1776222052000
1776222054.305,54.305,0.51,57.59,0.44,10.0,0.52,21.0,0.59,5.0,0.48,21.0,0.41,5.0,0.49,57.59,0.56,10.0,0.01,0.01,44.202884,1776222053000
1776222055.428,55.428,0.51,57.59,0.44,10.0,0.52,21.0,0.59,5.0,0.48,21.0,0.41,5.0,0.49,57.59,0.56,10.0,0.01,0.01,44.208236,1776222054000
1776222056.032,56.032,0.51,57.59,0.44,10.0,0.52,21.0,0.59,5.0,0.48,21.0,0.41,5.0,0.49,57.59,0.56,10.0,0.01,0.01,44.213184,1776222055000
1776222057.144,57.144,0.51,57.59,0.44,10.0,0.52,21.0,0.59,5.0,0.48,21.0,0.41,5.0,0.49,57.59,0.56,10.0,0.01,0.01,44.216535,1776222056000
1776222058.256,58.256,0.51,57.59,0.44,10.0,0.52,21.0,0.59,5.0,0.48,21.0,0.41,5.0,0.49,57.59,0.56,10.0,0.01,0.01,44.216996,1776222057000
1776222059.38,59.38,0.51,57.59,0.44,10.0,0.52,21.0,0.59,5.0,0.48,21.0,0.41,5.0,0.49,57.59,0.56,10.0,0.01,0.01,44.217874,1776222058000
1776222059.96,59.96,0.51,57.59,0.44,10.0,0.52,21.0,0.59,5.0,0.48,21.0,0.41,5.0,0.49,57.59,0.56,10.0,0.01,0.01,44.217977,1776222059000
1776222061.073,61.073,0.51,57.59,0.44,10.0,0.52,21.0,0.59,5.0,0.48,21.0,0.41,5.0,0.49,57.59,0.56,10.0,0.01,0.01,44.218244,1776222060000
1776222062.216,62.216,0.51,57.59,0.44,10.0,0.52,21.0,0.59,5.0,0.48,21.0,0.41,5.0,0.49,57.59,0.56,10.0,0.01,0.01,44.218123,1776222061000
1776222063.343,63.343,0.51,57.59,0.44,10.0,0.52,21.0,0.59,5.0,0.48,21.0,0.41,5.0,0.49,57.59,0.56,10.0,0.01,0.01,44.217493,1776222062000
1776222064.336,64.336,0.51,57.59,0.44,10.0,0.52,21.0,0.59,5.0,0.48,21.0,0.41,5.0,0.49,57.59,0.56,10.0,0.01,0.01,44.217392,1776222063000
1776222064.909,64.909,0.51,57.59,0.44,10.0,0.52,21.0,0.59,5.0,0.48,21.0,0.41,5.0,0.49,57.59,0.56,10.0,0.01,0.01,44.217392,1776222064000
1776222066.271,66.271,0.51,57.59,0.44,10.0,0.52,21.0,0.59,5.0,0.48,21.0,0.41,5.0,0.49,57.59,0.56,10.0,0.01,0.01,44.217392,1776222065000
1776222067.238,67.238,0.51,57.59,0.44,10.0,0.52,21.0,0.59,5.0,0.48,21.0,0.41,5.0,0.49,57.59,0.56,10.0,0.01,0.01,44.217699,1776222066000
1776222068.366,68.366,0.51,57.59,0.44,10.0,0.52,21.0,0.59,5.0,0.48,21.0,0.41,5.0,0.49,57.59,0.56,10.0,0.01,0.01,44.216084,1776222067000
1776222068.954,68.954,0.51,57.59,0.44,10.0,0.52,21.0,0.59,5.0,0.48,21.0,0.41,5.0,0.49,57.59,0.56,10.0,0.01,0.01,44.216711,1776222068000
1776222070.061,70.061,0.51,57.59,0.44,10.0,0.52,21.0,0.59,5.0,0.48,21.0,0.41,5.0,0.49,57.59,0.56,10.0,0.01,0.01,44.217642,1776222069000
1776222071.047,71.047,0.51,57.59,0.44,10.0,0.52,21.0,0.59,5.0,0.48,21.0,0.41,5.0,0.49,57.59,0.56,10.0,0.01,0.01,44.217015,1776222070000
1776222072.131,72.131,0.51,57.59,0.44,10.0,0.52,21.0,0.59,5.0,0.48,21.0,0.41,5.0,0.49,57.59,0.56,10.0,0.01,0.01,44.217013,1776222071000
1776222073.124,73.124,0.51,57.59,0.44,10.0,0.52,21.0,0.59,5.0,0.48,21.0,0.41,5.0,0.49,57.59,0.56,10.0,0.01,0.01,44.217386,1776222072000
1776222074.097,74.097,0.51,57.59,0.44,10.0,0.52,21.0,0.59,5.0,0.48,21.0,0.41,5.0,0.49,57.59,0.56,10.0,0.01,0.01,44.217297,1776222073000
1776222075.219,75.219,0.51,57.59,0.44,10.0,0.52,21.0,0.59,5.0,0.48,21.0,0.41,5.0,0.49,57.59,0.56,10.0,0.01,0.01,44.217264,1776222074000
1776222076.261,76.261,0.51,57.59,0.44,10.0,0.52,21.0,0.59,5.0,0.48,21.0,0.41,5.0,0.49,57.59,0.56,10.0,0.01,0.01,44.217336,1776222075000
1776222077.379,77.379,0.51,57.59,0.44,10.0,0.52,21.0,0.59,5.0,0.48,21.0,0.41,5.0,0.49,57.59,0.56,10.0,0.01,0.01,44.217132,1776222076000
1776222077.859,77.859,0.51,57.59,0.44,10.0,0.52,21.0,0.59,5.0,0.48,21.0,0.41,5.0,0.49,57.59,0.56,10.0,0.01,0.01,44.217132,1776222077000
1776222079.302,79.302,0.51,57.59,0.44,10.0,0.52,21.0,0.59,5.0,0.48,21.0,0.41,5.0,0.49,57.59,0.56,10.0,0.01,0.01,44.215831,1776222078000
1776222080.36,80.36,0.51,57.59,0.44,10.0,0.52,21.0,0.59,5.0,0.48,21.0,0.41,5.0,0.49,57.59,0.56,10.0,0.01,0.01,44.212946,1776222079000
1776222081.438,81.438,0.51,57.59,0.44,10.0,0.52,21.0,0.59,5.0,0.48,21.0,0.41,5.0,0.49,57.59,0.56,10.0,0.01,0.01,44.209521,1776222080000
1776222081.972,81.972,0.51,57.59,0.44,10.0,0.52,21.0,0.59,5.0,0.48,21.0,0.41,5.0,0.49,57.59,0.56,10.0,0.01,0.01,44.209521,1776222081000
1776222082.988,82.988,0.51,57.59,0.44,10.0,0.52,21.0,0.59,5.0,0.48,21.0,0.41,5.0,0.49,57.59,0.56,10.0,0.01,0.01,44.209432,1776222082000
1776222083.993,83.993,0.51,57.59,0.44,10.0,0.52,21.0,0.59,5.0,0.48,21.0,0.41,5.0,0.49,57.59,0.56,10.0,0.01,0.01,44.209524,1776222083000
1776222085.15,85.15,0.51,57.59,0.44,10.0,0.52,21.0,0.59,5.0,0.48,21.0,0.41,5.0,0.49,57.59,0.56,10.0,0.01,0.01,44.209687,1776222084000
1776222086.203,86.203,0.51,57.59,0.44,10.0,0.52,21.0,0.59,5.0,0.48,21.0,0.41,5.0,0.49,57.59,0.56,10.0,0.01,0.01,44.209687,1776222085000
1776222087.228,87.228,0.51,57.59,0.44,10.0,0.52,21.0,0.59,5.0,0.48,21.0,0.41,5.0,0.49,57.59,0.56,10.0,0.01,0.01,44.209861,1776222086000
1776222088.264,88.264,0.51,57.59,0.44,10.0,0.52,21.0,0.59,5.0,0.48,21.0,0.41,5.0,0.49,57.59,0.56,10.0,0.01,0.01,44.212632,1776222087000
1776222089.287,89.287,0.51,57.59,0.44,10.0,0.52,21.0,0.59,5.0,0.48,21.0,0.41,5.0,0.49,57.59,0.56,10.0,0.01,0.01,44.212632,1776222088000
1776222090.399,90.399,0.51,57.59,0.44,10.0,0.52,21.0,0.59,5.0,0.48,21.0,0.41,5.0,0.49,57.59,0.56,10.0,0.01,0.01,44.213866,1776222089000
1776222091.002,91.002,0.51,57.59,0.44,10.0,0.52,21.0,0.59,5.0,0.48,21.0,0.41,5.0,0.49,57.59,0.56,10.0,0.01,0.01,44.213866,1776222090000
1776222092.083,92.083,0.51,57.59,0.44,10.0,0.52,21.0,0.59,5.0,0.48,21.0,0.41,5.0,0.49,57.59,0.56,10.0,0.01,0.01,44.213807,1776222091000
1776222093.164,93.164,0.51,57.59,0.44,10.0,0.52,21.0,0.59,5.0,0.48,21.0,0.41,5.0,0.49,57.59,0.56,10.0,0.01,0.01,44.213807,1776222092000
1776222094.318,94.318,0.51,57.59,0.44,10.0,0.52,21.0,0.59,5.0,0.48,21.0,0.41,5.0,0.49,57.59,0.56,10.0,0.01,0.01,44.213586,1776222093000
1776222095.313,95.313,0.51,47.59,0.48,10.0,0.59,15.0,0.6,15.0,0.48,21.0,0.41,5.0,0.49,57.59,0.56,10.0,0.08,0.01,44.213586,1776222093000
1776222096.097,96.097,0.51,47.59,0.48,10.0,0.59,15.0,0.6,15.0,0.41,15.0,0.4,15.0,0.49,47.59,0.52,10.0,0.08,0.08,44.213807,1776222095000
1776222097.112,97.112,0.51,47.59,0.48,10.0,0.59,15.0,0.6,15.0,0.41,15.0,0.4,15.0,0.49,47.59,0.52,10.0,0.08,0.08,44.213808,1776222096000
1776222097.879,97.879,0.51,37.59,0.43,10.0,0.56,15.0,0.57,15.0,0.41,15.0,0.4,15.0,0.49,47.59,0.52,10.0,0.05,0.08,44.213808,1776222096000
1776222098.32,98.32,0.51,37.59,0.43,10.0,0.56,15.0,0.57,15.0,0.44,15.0,0.43,15.0,0.49,37.59,0.57,10.0,0.05,0.05,44.214043,1776222097000
1776222099.354,99.354,0.51,37.59,0.43,10.0,0.56,15.0,0.57,15.0,0.44,15.0,0.43,15.0,0.49,37.59,0.57,10.0,0.05,0.05,44.214086,1776222098000
1776222099.97,99.97,0.51,37.59,0.43,10.0,0.56,15.0,0.57,15.0,0.44,15.0,0.43,15.0,0.49,37.59,0.57,10.0,0.05,0.05,44.213874,1776222099000
1776222100.858,100.858,0.51,27.59,0.48,10.0,0.56,15.0,0.57,15.0,0.44,15.0,0.43,15.0,0.49,37.59,0.57,10.0,0.05,0.05,44.213874,1776222099000
1776222102.102,102.102,0.51,27.59,0.48,10.0,0.56,15.0,0.57,15.0,0.44,15.0,0.43,15.0,0.49,27.59,0.52,10.0,0.05,0.05,44.211468,1776222101000
1776222103.29,103.29,0.51,27.59,0.48,10.0,0.56,15.0,0.57,15.0,0.44,15.0,0.43,15.0,0.49,27.59,0.52,10.0,0.05,0.05,44.214157,1776222102000
1776222104.266,104.266,0.51,17.59,0.48,10.0,0.56,15.0,0.57,15.0,0.44,15.0,0.43,15.0,0.49,27.59,0.52,10.0,0.05,0.05,44.214157,1776222102000
1776222105.019,105.019,0.51,17.59,0.48,10.0,0.56,15.0,0.57,15.0,0.44,15.0,0.43,15.0,0.49,17.59,0.52,10.0,0.05,0.05,44.213429,1776222104000
1776222106.051,106.051,0.51,17.59,0.48,10.0,0.56,15.0,0.57,15.0,0.44,15.0,0.43,15.0,0.49,17.59,0.52,10.0,0.05,0.05,44.213429,1776222105000
1776222107.456,107.456,0.51,17.59,0.48,10.0,0.56,15.0,0.57,15.0,0.44,15.0,0.43,15.0,0.49,17.59,0.52,10.0,0.05,0.05,44.213508,1776222106000
1776222108.142,108.142,0.51,17.59,0.48,10.0,0.56,15.0,0.57,15.0,0.44,15.0,0.43,15.0,0.49,17.59,0.52,10.0,0.05,0.05,44.214121,1776222107000
1776222109.184,109.184,0.51,17.59,0.48,10.0,0.56,15.0,0.57,15.0,0.44,15.0,0.43,15.0,0.49,17.59,0.52,10.0,0.05,0.05,44.215692,1776222108000
1776222109.777,109.777,0.51,12.59,0.37,15.0,0.53,15.0,0.54,15.0,0.44,15.0,0.43,15.0,0.49,17.59,0.52,10.0,0.02,0.05,44.215692,1776222108000
1776222110.209,110.209,0.51,7.59,0.37,10.0,0.52,15.0,0.53,15.0,0.47,15.0,0.46,15.0,0.49,12.59,0.63,15.0,0.01,0.02,44.215692,1776222108000
1776222111.311,111.311,0.51,7.59,0.37,10.0,0.52,15.0,0.53,15.0,0.48,15.0,0.47,15.0,0.49,7.59,0.63,10.0,0.01,0.01,44.212825,1776222110000
1776222111.928,111.928,0.51,7.59,0.37,10.0,0.52,15.0,0.53,15.0,0.48,15.0,0.47,15.0,0.49,7.59,0.63,10.0,0.01,0.01,44.209371,1776222111000
1776222112.668,112.668,0.51,0.54,0.34,10.0,0.52,15.0,0.53,15.0,0.48,15.0,0.47,15.0,0.49,7.59,0.63,10.0,0.01,0.01,44.209371,1776222111000
1776222113.152,113.152,0.51,0.54,0.34,10.0,0.52,15.0,0.53,15.0,0.48,15.0,0.47,15.0,0.49,0.54,0.66,10.0,0.01,0.01,44.209805,1776222112000
1776222114.087,114.087,0.51,0.54,0.34,10.0,0.52,15.0,0.53,15.0,0.48,15.0,0.47,15.0,0.49,0.54,0.66,10.0,0.01,0.01,44.206096,1776222113000
1776222115.304,115.304,0.51,0.54,0.34,10.0,0.52,15.0,0.53,15.0,0.48,15.0,0.47,15.0,0.49,0.54,0.66,10.0,0.01,0.01,44.205909,1776222114000
1776222115.686,115.686,0.36,10.0,0.33,15.0,0.52,33.0,0.53,15.0,0.48,15.0,0.47,15.0,0.49,0.54,0.66,10.0,0.16,0.01,44.205909,1776222114000
1776222116.436,116.436,0.36,10.0,0.33,15.0,0.52,33.0,0.53,15.0,0.48,33.0,0.47,15.0,0.64,10.0,0.67,15.0,0.16,0.16,44.20607,1776222115000
1776222117.017,117.017,0.36,10.0,0.33,15.0,0.52,33.0,0.53,15.0,0.48,33.0,0.47,15.0,0.64,10.0,0.67,15.0,0.16,0.16,44.205228,1776222116000
1776222118.322,118.322,0.36,10.0,0.33,15.0,0.52,33.0,0.53,15.0,0.48,33.0,0.47,15.0,0.64,10.0,0.67,15.0,0.16,0.16,44.205006,1776222117000
1776222119.351,119.351,0.36,10.0,0.33,15.0,0.52,33.0,0.53,15.0,0.48,33.0,0.47,15.0,0.64,10.0,0.67,15.0,0.16,0.16,44.205262,1776222118000
1776222119.893,119.893,0.36,10.0,0.33,15.0,0.52,33.0,0.53,15.0,0.48,33.0,0.47,15.0,0.64,10.0,0.67,15.0,0.16,0.16,44.205262,1776222119000
1776222121.108,121.108,0.36,10.0,0.33,15.0,0.52,33.0,0.53,15.0,0.48,33.0,0.47,15.0,0.64,10.0,0.67,15.0,0.16,0.16,44.205602,1776222120000
1776222122.349,122.349,0.36,10.0,0.33,15.0,0.52,33.0,0.53,15.0,0.48,33.0,0.47,15.0,0.64,10.0,0.67,15.0,0.16,0.16,44.19741,1776222121000
1776222122.954,122.954,0.36,10.0,0.33,15.0,0.52,33.0,0.53,15.0,0.48,33.0,0.47,15.0,0.64,10.0,0.67,15.0,0.16,0.16,44.194537,1776222122000
1776222124.142,124.142,0.36,10.0,0.33,15.0,0.52,33.0,0.53,15.0,0.48,33.0,0.47,15.0,0.64,10.0,0.67,15.0,0.16,0.16,44.194222,1776222123000
1776222125.346,125.346,0.36,10.0,0.33,15.0,0.52,33.0,0.53,15.0,0.48,33.0,0.47,15.0,0.64,10.0,0.67,15.0,0.16,0.16,44.194287,1776222124000
1776222126.441,126.441,0.36,10.0,0.33,15.0,0.52,33.0,0.53,15.0,0.48,33.0,0.47,15.0,0.64,10.0,0.67,15.0,0.16,0.16,44.193941,1776222125000
1776222127.134,127.134,0.36,10.0,0.33,15.0,0.52,33.0,0.53,15.0,0.48,33.0,0.47,15.0,0.64,10.0,0.67,15.0,0.16,0.16,44.193718,1776222126000
1776222128.163,128.163,0.36,10.0,0.33,15.0,0.52,33.0,0.53,15.0,0.48,33.0,0.47,15.0,0.64,10.0,0.67,15.0,0.16,0.16,44.193419,1776222127000
1776222129.38,129.38,0.36,10.0,0.33,15.0,0.52,33.0,0.53,15.0,0.48,33.0,0.47,15.0,0.64,10.0,0.67,15.0,0.16,0.16,44.193209,1776222128000
1776222129.925,129.925,0.36,10.0,0.33,15.0,0.52,33.0,0.53,15.0,0.48,33.0,0.47,15.0,0.64,10.0,0.67,15.0,0.16,0.16,44.193209,1776222129000
1776222131.059,131.059,0.36,10.0,0.33,15.0,0.52,33.0,0.53,15.0,0.48,33.0,0.47,15.0,0.64,10.0,0.67,15.0,0.16,0.16,44.193209,1776222130000
1776222132.209,132.209,0.36,10.0,0.33,15.0,0.52,33.0,0.53,15.0,0.48,33.0,0.47,15.0,0.64,10.0,0.67,15.0,0.16,0.16,44.191559,1776222131000
1776222133.381,133.381,0.36,10.0,0.33,15.0,0.52,33.0,0.53,15.0,0.48,33.0,0.47,15.0,0.64,10.0,0.67,15.0,0.16,0.16,44.191455,1776222132000
1776222133.95,133.95,0.36,10.0,0.33,15.0,0.52,33.0,0.53,15.0,0.48,33.0,0.47,15.0,0.64,10.0,0.67,15.0,0.16,0.16,44.191472,1776222133000
1776222135.055,135.055,0.36,10.0,0.33,15.0,0.52,33.0,0.53,15.0,0.48,33.0,0.47,15.0,0.64,10.0,0.67,15.0,0.16,0.16,44.189537,1776222134000
1776222136.105,136.105,0.36,10.0,0.33,15.0,0.52,33.0,0.53,15.0,0.48,33.0,0.47,15.0,0.64,10.0,0.67,15.0,0.16,0.16,44.189537,1776222135000
1776222137.144,137.144,0.36,10.0,0.33,15.0,0.52,33.0,0.53,15.0,0.48,33.0,0.47,15.0,0.64,10.0,0.67,15.0,0.16,0.16,44.189655,1776222136000
1776222138.28,138.28,0.36,10.0,0.33,15.0,0.52,33.0,0.53,15.0,0.48,33.0,0.47,15.0,0.64,10.0,0.67,15.0,0.16,0.16,44.188248,1776222137000
1776222139.546,139.546,0.36,10.0,0.33,15.0,0.52,33.0,0.53,15.0,0.48,33.0,0.47,15.0,0.64,10.0,0.67,15.0,0.16,0.16,44.189805,1776222138000
1776222140.228,140.228,0.36,10.0,0.33,15.0,0.52,33.0,0.53,15.0,0.48,33.0,0.47,15.0,0.64,10.0,0.67,15.0,0.16,0.16,44.189805,1776222139000
1776222141.224,141.224,0.36,10.0,0.33,15.0,0.52,33.0,0.53,15.0,0.48,33.0,0.47,15.0,0.64,10.0,0.67,15.0,0.16,0.16,44.188608,1776222140000
1776222142.407,142.407,0.36,10.0,0.33,15.0,0.52,33.0,0.53,15.0,0.48,33.0,0.47,15.0,0.64,10.0,0.67,15.0,0.16,0.16,44.188768,1776222141000
1776222143.371,143.371,0.36,10.0,0.33,15.0,0.52,33.0,0.53,15.0,0.48,33.0,0.47,15.0,0.64,10.0,0.67,15.0,0.16,0.16,44.188767,1776222142000
1776222144.126,144.126,0.36,10.0,0.33,15.0,0.52,33.0,0.53,15.0,0.48,33.0,0.47,15.0,0.64,10.0,0.67,15.0,0.16,0.16,44.188768,1776222143000
1776222145.273,145.273,0.36,10.0,0.33,15.0,0.52,33.0,0.53,15.0,0.48,33.0,0.47,15.0,0.64,10.0,0.67,15.0,0.16,0.16,44.188769,1776222144000
1776222146.696,146.696,0.36,10.0,0.33,15.0,0.52,33.0,0.53,15.0,0.48,33.0,0.47,15.0,0.64,10.0,0.67,15.0,0.16,0.16,44.188698,1776222145000
1776222147.139,147.139,0.36,10.0,0.33,15.0,0.52,33.0,0.53,15.0,0.48,33.0,0.47,15.0,0.64,10.0,0.67,15.0,0.16,0.16,44.188132,1776222146000
1776222148.381,148.381,0.36,10.0,0.33,15.0,0.52,33.0,0.53,15.0,0.48,33.0,0.47,15.0,0.64,10.0,0.67,15.0,0.16,0.16,44.187705,1776222147000
1776222149.087,149.087,0.36,10.0,0.33,15.0,0.52,33.0,0.53,15.0,0.48,33.0,0.47,15.0,0.64,10.0,0.67,15.0,0.16,0.16,44.187839,1776222148000
1776222150.227,150.227,0.36,10.0,0.33,15.0,0.52,33.0,0.53,15.0,0.48,33.0,0.47,15.0,0.64,10.0,0.67,15.0,0.16,0.16,44.188081,1776222149000
1776222151.369,151.369,0.36,10.0,0.33,15.0,0.52,33.0,0.53,15.0,0.48,33.0,0.47,15.0,0.64,10.0,0.67,15.0,0.16,0.16,44.189078,1776222150000
1776222152.794,152.794,0.36,10.0,0.33,15.0,0.52,33.0,0.53,15.0,0.48,33.0,0.47,15.0,0.64,10.0,0.67,15.0,0.16,0.16,44.189078,1776222151000
1776222153.473,153.473,0.36,10.0,0.33,15.0,0.52,33.0,0.53,15.0,0.48,33.0,0.47,15.0,0.64,10.0,0.67,15.0,0.16,0.16,44.191142,1776222152000
1776222154.087,154.087,0.36,10.0,0.33,15.0,0.52,33.0,0.53,15.0,0.48,33.0,0.47,15.0,0.64,10.0,0.67,15.0,0.16,0.16,44.191142,1776222153000
1776222155.291,155.291,0.36,10.0,0.33,15.0,0.52,33.0,0.53,15.0,0.48,33.0,0.47,15.0,0.64,10.0,0.67,15.0,0.16,0.16,44.190576,1776222154000
1776222155.985,155.985,0.36,10.0,0.33,15.0,0.52,33.0,0.53,15.0,0.48,33.0,0.47,15.0,0.64,10.0,0.67,15.0,0.16,0.16,44.188238,1776222155000
1776222157.374,157.374,0.36,10.0,0.33,15.0,0.52,33.0,0.53,15.0,0.48,33.0,0.47,15.0,0.64,10.0,0.67,15.0,0.16,0.16,44.187791,1776222156000
1776222158.236,158.236,0.36,10.0,0.33,15.0,0.52,33.0,0.53,15.0,0.48,33.0,0.47,15.0,0.64,10.0,0.67,15.0,0.16,0.16,44.186505,1776222157000
1776222159.534,159.534,0.36,10.0,0.33,15.0,0.52,33.0,0.53,15.0,0.48,33.0,0.47,15.0,0.64,10.0,0.67,15.0,0.16,0.16,44.187451,1776222158000
1776222160.3,160.3,0.36,10.0,0.33,15.0,0.52,33.0,0.53,15.0,0.48,33.0,0.47,15.0,0.64,10.0,0.67,15.0,0.16,0.16,44.190799,1776222159000
1776222161.326,161.326,0.36,10.0,0.33,15.0,0.52,33.0,0.53,15.0,0.48,33.0,0.47,15.0,0.64,10.0,0.67,15.0,0.16,0.16,44.190796,1776222160000
1776222161.905,161.905,0.36,10.0,0.33,15.0,0.52,33.0,0.53,15.0,0.48,33.0,0.47,15.0,0.64,10.0,0.67,15.0,0.16,0.16,44.19048,1776222161000
1776222163.415,163.415,0.36,10.0,0.33,15.0,0.52,33.0,0.53,15.0,0.48,33.0,0.47,15.0,0.64,10.0,0.67,15.0,0.16,0.16,44.189726,1776222162000
1776222163.649,163.649,0.28,15.0,0.27,15.0,0.4,8.22,0.41,15.0,0.48,33.0,0.47,15.0,0.64,10.0,0.67,15.0,0.12,0.16,44.189726,1776222162000
1776222164.003,164.003,0.28,15.0,0.27,15.0,0.4,8.22,0.41,15.0,0.6,8.22,0.59,15.0,0.72,15.0,0.73,15.0,0.12,0.12,44.189907,1776222163000
1776222165.305,165.305,0.28,15.0,0.27,15.0,0.4,8.22,0.41,15.0,0.6,8.22,0.59,15.0,0.72,15.0,0.73,15.0,0.12,0.12,44.189943,1776222164000
1776222166.511,166.511,0.28,15.0,0.27,15.0,0.4,8.22,0.41,15.0,0.6,8.22,0.59,15.0,0.72,15.0,0.73,15.0,0.12,0.12,44.189942,1776222165000
1776222167.085,167.085,0.28,15.0,0.27,15.0,0.4,8.22,0.41,15.0,0.6,8.22,0.59,15.0,0.72,15.0,0.73,15.0,0.12,0.12,44.189942,1776222166000
1776222168.289,168.289,0.28,15.0,0.27,15.0,0.4,8.22,0.41,15.0,0.6,8.22,0.59,15.0,0.72,15.0,0.73,15.0,0.12,0.12,44.190288,1776222167000
1776222169.321,169.321,0.28,15.0,0.27,15.0,0.4,8.22,0.41,15.0,0.6,8.22,0.59,15.0,0.72,15.0,0.73,15.0,0.12,0.12,44.190848,1776222168000
1776222169.943,169.943,0.28,15.0,0.27,15.0,0.4,8.22,0.41,15.0,0.6,8.22,0.59,15.0,0.72,15.0,0.73,15.0,0.12,0.12,44.190359,1776222169000
1776222171.124,171.124,0.28,15.0,0.27,15.0,0.4,8.22,0.41,15.0,0.6,8.22,0.59,15.0,0.72,15.0,0.73,15.0,0.12,0.12,44.190359,1776222170000
1776222172.186,172.186,0.28,15.0,0.27,15.0,0.4,8.22,0.41,15.0,0.6,8.22,0.59,15.0,0.72,15.0,0.73,15.0,0.12,0.12,44.190226,1776222171000
1776222173.223,173.223,0.28,15.0,0.27,15.0,0.4,8.22,0.41,15.0,0.6,8.22,0.59,15.0,0.72,15.0,0.73,15.0,0.12,0.12,44.18956,1776222172000
1776222174.328,174.328,0.28,15.0,0.27,15.0,0.4,8.22,0.41,15.0,0.6,8.22,0.59,15.0,0.72,15.0,0.73,15.0,0.12,0.12,44.189305,1776222173000
1776222175.379,175.379,0.28,15.0,0.27,15.0,0.4,8.22,0.41,15.0,0.6,8.22,0.59,15.0,0.72,15.0,0.73,15.0,0.12,0.12,44.189303,1776222174000
1776222175.917,175.917,0.28,15.0,0.27,15.0,0.4,8.22,0.41,15.0,0.6,8.22,0.59,15.0,0.72,15.0,0.73,15.0,0.12,0.12,44.187696,1776222175000
1776222177.014,177.014,0.28,15.0,0.27,15.0,0.4,8.22,0.41,15.0,0.6,8.22,0.59,15.0,0.72,15.0,0.73,15.0,0.12,0.12,44.183817,1776222176000
1776222178.038,178.038,0.28,15.0,0.27,15.0,0.4,8.22,0.41,15.0,0.6,8.22,0.59,15.0,0.72,15.0,0.73,15.0,0.12,0.12,44.179084,1776222177000
1776222178.376,178.376,0.25,5.0,0.18,15.0,0.54,7.66,0.55,15.0,0.6,8.22,0.59,15.0,0.72,15.0,0.73,15.0,0.29,0.12,44.179084,1776222177000
1776222179.751,179.751,0.25,5.0,0.18,15.0,0.54,7.66,0.55,15.0,0.46,7.66,0.45,15.0,0.75,5.0,0.82,15.0,0.29,0.29,44.177857,1776222178000
1776222180.184,180.184,0.25,5.0,0.18,15.0,0.54,7.66,0.55,15.0,0.46,7.66,0.45,15.0,0.75,5.0,0.82,15.0,0.29,0.29,44.185391,1776222179000
1776222181.331,181.331,0.25,5.0,0.18,15.0,0.54,7.66,0.55,15.0,0.46,7.66,0.45,15.0,0.75,5.0,0.82,15.0,0.29,0.29,44.185843,1776222180000
1776222181.943,181.943,0.25,5.0,0.18,15.0,0.54,7.66,0.55,15.0,0.46,7.66,0.45,15.0,0.75,5.0,0.82,15.0,0.29,0.29,44.181984,1776222181000
1776222183.213,183.213,0.25,5.0,0.18,15.0,0.54,7.66,0.55,15.0,0.46,7.66,0.45,15.0,0.75,5.0,0.82,15.0,0.29,0.29,44.180985,1776222182000
1776222184.741,184.741,0.25,5.0,0.18,15.0,0.54,7.66,0.55,15.0,0.46,7.66,0.45,15.0,0.75,5.0,0.82,15.0,0.29,0.29,44.181269,1776222183000
1776222185.354,185.354,0.25,5.0,0.18,15.0,0.54,7.66,0.55,15.0,0.46,7.66,0.45,15.0,0.75,5.0,0.82,15.0,0.29,0.29,44.181905,1776222184000
1776222186.224,186.224,0.25,5.0,0.18,15.0,0.54,7.66,0.55,15.0,0.46,7.66,0.45,15.0,0.75,5.0,0.82,15.0,0.29,0.29,44.181936,1776222185000
1776222187.915,187.915,0.07,5.0,0.06,15.0,0.4,68.0,0.41,15.0,0.6,68.0,0.59,15.0,0.93,5.0,0.94,15.0,0.33,0.33,44.16178,1776222186000
1776222188.378,188.378,0.07,5.0,0.06,15.0,0.4,68.0,0.41,15.0,0.6,68.0,0.59,15.0,0.93,5.0,0.94,15.0,0.33,0.33,44.155734,1776222187000
1776222189.26,189.26,0.07,5.0,0.06,15.0,0.4,68.0,0.41,15.0,0.6,68.0,0.59,15.0,0.93,5.0,0.94,15.0,0.33,0.33,44.154541,1776222188000
1776222190.484,190.484,0.07,5.0,0.06,15.0,0.4,68.0,0.41,15.0,0.6,68.0,0.59,15.0,0.93,5.0,0.94,15.0,0.33,0.33,44.158792,1776222189000
1776222191.082,191.082,0.07,5.0,0.06,15.0,0.4,68.0,0.41,15.0,0.6,68.0,0.59,15.0,0.93,5.0,0.94,15.0,0.33,0.33,44.157129,1776222190000
1776222192.53,192.53,0.07,5.0,0.06,15.0,0.4,68.0,0.41,15.0,0.6,68.0,0.59,15.0,0.93,5.0,0.94,15.0,0.33,0.33,44.156107,1776222191000
1776222193.158,193.158,0.07,5.0,0.06,15.0,0.4,68.0,0.41,15.0,0.6,68.0,0.59,15.0,0.93,5.0,0.94,15.0,0.33,0.33,44.154363,1776222192000
1776222194.789,194.789,0.07,5.0,0.06,15.0,0.4,68.0,0.41,15.0,0.6,68.0,0.59,15.0,0.93,5.0,0.94,15.0,0.33,0.33,44.145619,1776222193000
1776222195.733,195.733,0.07,5.0,0.06,15.0,0.4,68.0,0.41,15.0,0.6,68.0,0.59,15.0,0.93,5.0,0.94,15.0,0.33,0.33,44.144259,1776222194000
1776222196.525,196.525,0.07,5.0,0.06,15.0,0.4,68.0,0.41,15.0,0.6,68.0,0.59,15.0,0.93,5.0,0.94,15.0,0.33,0.33,44.143937,1776222195000
1776222197.203,197.203,0.07,5.0,0.06,15.0,0.4,68.0,0.41,15.0,0.6,68.0,0.59,15.0,0.93,5.0,0.94,15.0,0.33,0.33,44.143319,1776222196000
1776222198.733,198.733,0.07,5.0,0.06,15.0,0.4,68.0,0.41,15.0,0.6,68.0,0.59,15.0,0.93,5.0,0.94,15.0,0.33,0.33,44.142611,1776222197000
1776222199.43,199.43,0.07,5.0,0.06,15.0,0.4,68.0,0.41,15.0,0.6,68.0,0.59,15.0,0.93,5.0,0.94,15.0,0.33,0.33,44.142729,1776222198000
1776222200.341,200.341,0.07,5.0,0.06,15.0,0.4,68.0,0.41,15.0,0.6,68.0,0.59,15.0,0.93,5.0,0.94,15.0,0.33,0.33,44.143229,1776222199000
1776222201.669,201.669,0.07,5.0,0.06,15.0,0.4,68.0,0.41,15.0,0.6,68.0,0.59,15.0,0.93,5.0,0.94,15.0,0.33,0.33,44.146403,1776222200000
1776222202.268,202.268,0.07,5.0,0.06,15.0,0.4,68.0,0.41,15.0,0.6,68.0,0.59,15.0,0.93,5.0,0.94,15.0,0.33,0.33,44.14936,1776222201000
1776222203.374,203.374,0.07,5.0,0.06,15.0,0.4,68.0,0.41,15.0,0.6,68.0,0.59,15.0,0.93,5.0,0.94,15.0,0.33,0.33,44.148446,1776222202000
1776222204.066,204.066,0.07,5.0,0.06,15.0,0.4,68.0,0.41,15.0,0.6,68.0,0.59,15.0,0.93,5.0,0.94,15.0,0.33,0.33,44.148446,1776222203000
1776222204.978,204.978,0.07,5.0,0.06,15.0,0.4,68.0,0.41,15.0,0.6,68.0,0.59,15.0,0.93,5.0,0.94,15.0,0.33,0.33,44.14855,1776222204000
1776222206.282,206.282,0.07,5.0,0.06,15.0,0.4,68.0,0.41,15.0,0.6,68.0,0.59,15.0,0.93,5.0,0.94,15.0,0.33,0.33,44.14855,1776222205000
1776222207.19,207.19,0.07,5.0,0.06,15.0,0.4,68.0,0.41,15.0,0.6,68.0,0.59,15.0,0.93,5.0,0.94,15.0,0.33,0.33,44.14834,1776222206000
1776222208.267,208.267,0.07,5.0,0.06,15.0,0.4,68.0,0.41,15.0,0.6,68.0,0.59,15.0,0.93,5.0,0.94,15.0,0.33,0.33,44.148639,1776222207000
1776222209.348,209.348,0.07,5.0,0.06,15.0,0.4,68.0,0.41,15.0,0.6,68.0,0.59,15.0,0.93,5.0,0.94,15.0,0.33,0.33,44.150193,1776222208000
1776222209.879,209.879,0.07,5.0,0.06,15.0,0.4,68.0,0.41,15.0,0.6,68.0,0.59,15.0,0.93,5.0,0.94,15.0,0.33,0.33,44.16081,1776222209000
1776222211.0,211.0,0.07,5.0,0.06,15.0,0.4,68.0,0.41,15.0,0.6,68.0,0.59,15.0,0.93,5.0,0.94,15.0,0.33,0.33,44.170793,1776222210000
1776222212.092,212.092,0.07,5.0,0.06,15.0,0.4,68.0,0.41,15.0,0.6,68.0,0.59,15.0,0.93,5.0,0.94,15.0,0.33,0.33,44.177256,1776222211000
1776222212.599,212.599,0.17,13.79,0.16,15.0,0.32,15.0,0.33,15.0,0.6,68.0,0.59,15.0,0.93,5.0,0.94,15.0,0.15,0.33,44.177256,1776222211000
1776222213.149,213.149,0.17,13.79,0.16,15.0,0.32,15.0,0.33,15.0,0.68,15.0,0.67,15.0,0.83,13.79,0.84,15.0,0.15,0.15,44.178074,1776222212000
1776222214.262,214.262,0.17,13.79,0.16,15.0,0.32,15.0,0.33,15.0,0.68,15.0,0.67,15.0,0.83,13.79,0.84,15.0,0.15,0.15,44.177903,1776222213000
1776222215.321,215.321,0.17,13.79,0.16,15.0,0.32,15.0,0.33,15.0,0.68,15.0,0.67,15.0,0.83,13.79,0.84,15.0,0.15,0.15,44.180471,1776222214000
1776222215.894,215.894,0.17,13.79,0.16,15.0,0.32,15.0,0.33,15.0,0.68,15.0,0.67,15.0,0.83,13.79,0.84,15.0,0.15,0.15,44.180471,1776222215000
1776222217.488,217.488,0.17,13.79,0.16,15.0,0.32,15.0,0.33,15.0,0.68,15.0,0.67,15.0,0.83,13.79,0.84,15.0,0.15,0.15,44.1714,1776222216000
1776222218.02,218.02,0.17,13.79,0.16,15.0,0.32,15.0,0.33,15.0,0.68,15.0,0.67,15.0,0.83,13.79,0.84,15.0,0.15,0.15,44.16918,1776222217000
1776222219.055,219.055,0.17,13.79,0.16,15.0,0.32,15.0,0.33,15.0,0.68,15.0,0.67,15.0,0.83,13.79,0.84,15.0,0.15,0.15,44.168776,1776222218000
1776222220.107,220.107,0.17,13.79,0.16,15.0,0.32,15.0,0.33,15.0,0.68,15.0,0.67,15.0,0.83,13.79,0.84,15.0,0.15,0.15,44.169571,1776222219000
1776222220.981,220.981,0.17,13.79,0.16,15.0,0.32,15.0,0.33,15.0,0.68,15.0,0.67,15.0,0.83,13.79,0.84,15.0,0.15,0.15,44.167764,1776222220000
1776222222.04,222.04,0.17,13.79,0.16,15.0,0.32,15.0,0.33,15.0,0.68,15.0,0.67,15.0,0.83,13.79,0.84,15.0,0.15,0.15,44.168175,1776222221000
1776222223.015,223.015,0.17,13.79,0.16,15.0,0.32,15.0,0.33,15.0,0.68,15.0,0.67,15.0,0.83,13.79,0.84,15.0,0.15,0.15,44.166111,1776222222000
1776222224.061,224.061,0.17,13.79,0.16,15.0,0.32,15.0,0.33,15.0,0.68,15.0,0.67,15.0,0.83,13.79,0.84,15.0,0.15,0.15,44.163985,1776222223000
1776222225.044,225.044,0.17,13.79,0.16,15.0,0.32,15.0,0.33,15.0,0.68,15.0,0.67,15.0,0.83,13.79,0.84,15.0,0.15,0.15,44.161627,1776222224000
1776222226.07,226.07,0.17,13.79,0.16,15.0,0.32,15.0,0.33,15.0,0.68,15.0,0.67,15.0,0.83,13.79,0.84,15.0,0.15,0.15,44.160334,1776222225000
1776222226.97,226.97,0.17,13.79,0.16,15.0,0.32,15.0,0.33,15.0,0.68,15.0,0.67,15.0,0.83,13.79,0.84,15.0,0.15,0.15,44.160852,1776222226000
1776222228.047,228.047,0.17,13.79,0.16,15.0,0.32,15.0,0.33,15.0,0.68,15.0,0.67,15.0,0.83,13.79,0.84,15.0,0.15,0.15,44.164328,1776222227000
1776222229.018,229.018,0.17,13.79,0.16,15.0,0.32,15.0,0.33,15.0,0.68,15.0,0.67,15.0,0.83,13.79,0.84,15.0,0.15,0.15,44.164224,1776222228000
1776222230.486,230.486,0.17,13.79,0.16,15.0,0.32,15.0,0.33,15.0,0.68,15.0,0.67,15.0,0.83,13.79,0.84,15.0,0.15,0.15,44.163493,1776222229000
1776222231.09,231.09,0.17,13.79,0.16,15.0,0.32,15.0,0.33,15.0,0.68,15.0,0.67,15.0,0.83,13.79,0.84,15.0,0.15,0.15,44.163162,1776222230000
1776222232.324,232.324,0.17,13.79,0.16,15.0,0.32,15.0,0.33,15.0,0.68,15.0,0.67,15.0,0.83,13.79,0.84,15.0,0.15,0.15,44.163294,1776222231000
1776222233.802,233.802,0.17,13.79,0.16,15.0,0.32,15.0,0.33,15.0,0.68,15.0,0.67,15.0,0.83,13.79,0.84,15.0,0.15,0.15,44.163324,1776222232000
1776222234.512,234.512,0.17,13.79,0.16,15.0,0.32,15.0,0.33,15.0,0.68,15.0,0.67,15.0,0.83,13.79,0.84,15.0,0.15,0.15,44.163279,1776222233000
1776222235.261,235.261,0.17,13.79,0.16,15.0,0.32,15.0,0.33,15.0,0.68,15.0,0.67,15.0,0.83,13.79,0.84,15.0,0.15,0.15,44.163376,1776222234000
1776222236.885,236.885,0.17,13.79,0.16,15.0,0.32,15.0,0.33,15.0,0.68,15.0,0.67,15.0,0.83,13.79,0.84,15.0,0.15,0.15,44.163482,1776222235000
1776222237.549,237.549,0.17,13.79,0.16,15.0,0.32,15.0,0.33,15.0,0.68,15.0,0.67,15.0,0.83,13.79,0.84,15.0,0.15,0.15,44.163482,1776222236000
1776222238.217,238.217,0.17,13.79,0.16,15.0,0.32,15.0,0.33,15.0,0.68,15.0,0.67,15.0,0.83,13.79,0.84,15.0,0.15,0.15,44.163455,1776222237000
1776222239.638,239.638,0.17,13.79,0.16,15.0,0.32,15.0,0.33,15.0,0.68,15.0,0.67,15.0,0.83,13.79,0.84,15.0,0.15,0.15,44.16094,1776222238000
1776222240.354,240.354,0.17,13.79,0.16,15.0,0.32,15.0,0.33,15.0,0.68,15.0,0.67,15.0,0.83,13.79,0.84,15.0,0.15,0.15,44.151255,1776222239000
1776222241.046,241.046,0.17,13.79,0.16,15.0,0.32,15.0,0.33,15.0,0.68,15.0,0.67,15.0,0.83,13.79,0.84,15.0,0.15,0.15,44.148553,1776222240000
1776222241.748,241.748,0.03,99.0,0.02,25.0,0.05,15.0,0.06,15.0,0.68,15.0,0.67,15.0,0.83,13.79,0.84,15.0,0.02,0.15,44.148553,1776222240000
1776222242.014,242.014,0.03,74.0,0.02,25.0,0.05,15.0,0.06,15.0,0.95,15.0,0.94,15.0,0.97,94.0,0.98,25.0,0.02,0.02,44.148553,1776222240000
1776222242.482,242.482,0.03,74.0,0.02,25.0,0.05,15.0,0.06,15.0,0.95,15.0,0.94,15.0,0.97,74.0,0.98,25.0,0.02,0.02,44.146998,1776222241000
1776222243.15,243.15,0.03,74.0,0.02,25.0,0.05,15.0,0.06,15.0,0.95,15.0,0.94,15.0,0.97,74.0,0.98,25.0,0.02,0.02,44.145798,1776222242000
1776222244.589,244.589,0.03,74.0,0.02,25.0,0.05,15.0,0.06,15.0,0.95,15.0,0.94,15.0,0.97,74.0,0.98,25.0,0.02,0.02,44.142632,1776222243000
1776222245.205,245.205,0.03,74.0,0.02,25.0,0.05,15.0,0.06,15.0,0.95,15.0,0.94,15.0,0.97,74.0,0.98,25.0,0.02,0.02,44.141565,1776222244000
1776222245.585,245.585,0.04,15.0,0.03,74.0,0.05,5.0,0.07,15.0,0.95,15.0,0.94,15.0,0.97,74.0,0.98,25.0,0.01,0.02,44.141565,1776222244000
1776222246.623,246.623,0.04,15.0,0.03,74.0,0.05,5.0,0.07,15.0,0.95,5.0,0.93,15.0,0.96,15.0,0.97,74.0,0.01,0.01,44.137819,1776222245000
1776222247.211,247.211,0.04,15.0,0.03,74.0,0.05,5.0,0.07,15.0,0.95,5.0,0.93,15.0,0.96,15.0,0.97,74.0,0.01,0.01,44.137819,1776222246000
1776222248.562,248.562,0.04,15.0,0.03,74.0,0.05,5.0,0.07,15.0,0.95,5.0,0.93,15.0,0.96,15.0,0.97,74.0,0.01,0.01,44.137671,1776222247000
1776222248.969,248.969,0.03,89.0,0.02,25.0,0.04,5.94,0.05,5.0,0.95,5.0,0.93,15.0,0.96,15.0,0.97,74.0,0.01,0.01,44.137671,1776222247000
1776222249.334,249.334,0.03,89.0,0.02,25.0,0.04,5.94,0.05,5.0,0.96,5.94,0.95,5.0,0.97,89.0,0.98,25.0,0.01,0.01,44.139376,1776222248000
1776222250.237,250.237,0.03,89.0,0.02,25.0,0.04,5.94,0.05,5.0,0.96,5.94,0.95,5.0,0.97,89.0,0.98,25.0,0.01,0.01,44.140499,1776222249000
1776222251.693,251.693,0.03,63.7,0.02,25.0,0.04,5.94,0.05,20.0,0.96,5.94,0.95,20.0,0.97,63.7,0.98,25.0,0.01,0.01,44.143747,1776222250000
1776222252.303,252.303,0.03,63.7,0.02,25.0,0.04,5.94,0.05,20.0,0.96,5.94,0.95,20.0,0.97,63.7,0.98,25.0,0.01,0.01,44.143747,1776222251000
1776222252.577,252.577,0.03,78.7,0.02,25.0,0.05,5.0,0.1,15.0,0.96,5.94,0.95,20.0,0.97,63.7,0.98,25.0,0.02,0.01,44.143747,1776222251000
1776222253.66,253.66,0.03,78.7,0.02,25.0,0.05,5.0,0.1,15.0,0.95,5.0,0.9,15.0,0.97,78.7,0.98,25.0,0.02,0.02,44.150902,1776222252000
1776222254.232,254.232,0.03,78.7,0.02,25.0,0.05,5.0,0.1,15.0,0.95,5.0,0.9,15.0,0.97,78.7,0.98,25.0,0.02,0.02,44.150902,1776222253000
1776222255.466,255.466,0.03,78.7,0.02,25.0,0.05,5.0,0.1,15.0,0.95,5.0,0.9,15.0,0.97,78.7,0.98,25.0,0.02,0.02,44.155358,1776222254000
1776222256.067,256.067,0.03,78.7,0.02,25.0,0.05,5.0,0.1,15.0,0.95,5.0,0.9,15.0,0.97,78.7,0.98,25.0,0.02,0.02,44.160582,1776222255000
1776222257.261,257.261,0.03,78.7,0.02,25.0,0.05,5.0,0.1,15.0,0.95,5.0,0.9,15.0,0.97,78.7,0.98,25.0,0.02,0.02,44.164927,1776222256000
1776222257.497,257.497,0.04,15.0,0.03,78.7,0.15,15.0,0.16,15.0,0.95,5.0,0.9,15.0,0.97,78.7,0.98,25.0,0.11,0.02,44.164927,1776222256000
1776222258.461,258.461,0.03,78.7,0.02,25.0,0.15,15.0,0.16,15.0,0.85,15.0,0.84,15.0,0.97,78.7,0.98,25.0,0.12,0.12,44.16722,1776222257000
1776222259.117,259.117,0.03,78.7,0.02,25.0,0.15,15.0,0.16,15.0,0.85,15.0,0.84,15.0,0.97,78.7,0.98,25.0,0.12,0.12,44.16722,1776222258000
1776222260.238,260.238,0.03,78.7,0.02,25.0,0.15,15.0,0.16,15.0,0.85,15.0,0.84,15.0,0.97,78.7,0.98,25.0,0.12,0.12,44.167454,1776222259000
1776222261.415,261.415,0.03,78.7,0.02,25.0,0.15,15.0,0.16,15.0,0.85,15.0,0.84,15.0,0.97,78.7,0.98,25.0,0.12,0.12,44.167615,1776222260000
1776222262.015,262.015,0.03,78.7,0.02,25.0,0.15,15.0,0.16,15.0,0.85,15.0,0.84,15.0,0.97,78.7,0.98,25.0,0.12,0.12,44.167664,1776222261000
1776222262.732,262.732,0.05,7.52,0.03,78.7,0.09,15.0,0.1,15.0,0.85,15.0,0.84,15.0,0.97,78.7,0.98,25.0,0.04,0.12,44.167664,1776222261000
1776222263.139,263.139,0.05,7.52,0.03,78.7,0.09,15.0,0.1,15.0,0.91,15.0,0.9,15.0,0.95,7.52,0.97,78.7,0.04,0.04,44.167664,1776222262000
1776222264.894,264.894,0.05,7.52,0.03,78.7,0.09,15.0,0.1,15.0,0.91,15.0,0.9,15.0,0.95,7.52,0.97,78.7,0.04,0.04,44.167795,1776222263000
1776222265.493,265.493,0.05,7.52,0.03,78.7,0.09,15.0,0.1,15.0,0.91,15.0,0.9,15.0,0.95,7.52,0.97,78.7,0.04,0.04,44.168486,1776222264000
1776222265.901,265.901,0.05,7.52,0.03,78.7,0.09,15.0,0.1,15.0,0.91,15.0,0.9,15.0,0.95,7.52,0.97,78.7,0.04,0.04,44.168486,1776222265000
1776222266.918,266.918,0.05,7.52,0.03,78.7,0.09,15.0,0.1,15.0,0.91,15.0,0.9,15.0,0.95,7.52,0.97,78.7,0.04,0.04,44.168875,1776222266000
1776222268.103,268.103,0.05,7.52,0.03,78.7,0.09,15.0,0.1,15.0,0.91,15.0,0.9,15.0,0.95,7.52,0.97,78.7,0.04,0.04,44.168998,1776222267000
1776222268.879,268.879,0.05,7.52,0.03,78.7,0.09,15.0,0.1,15.0,0.91,15.0,0.9,15.0,0.95,7.52,0.97,78.7,0.04,0.04,44.168998,1776222268000
1776222270.054,270.054,0.05,7.52,0.03,78.7,0.09,15.0,0.1,15.0,0.91,15.0,0.9,15.0,0.95,7.52,0.97,78.7,0.04,0.04,44.168633,1776222269000
1776222271.306,271.306,0.05,7.52,0.03,78.7,0.09,15.0,0.1,15.0,0.91,15.0,0.9,15.0,0.95,7.52,0.97,78.7,0.04,0.04,44.168399,1776222270000
1776222272.355,272.355,0.05,7.52,0.03,78.7,0.09,15.0,0.1,15.0,0.91,15.0,0.9,15.0,0.95,7.52,0.97,78.7,0.04,0.04,44.160815,1776222271000
1776222272.685,272.685,0.03,62.66,0.02,10.0,0.04,15.0,0.05,15.0,0.91,15.0,0.9,15.0,0.95,7.52,0.97,78.7,0.01,0.04,44.160815,1776222271000
1776222273.257,273.257,0.03,62.66,0.02,10.0,0.04,15.0,0.05,15.0,0.96,15.0,0.95,15.0,0.97,62.66,0.98,10.0,0.01,0.01,44.158492,1776222272000
1776222273.919,273.919,0.03,36.89,0.02,10.0,0.04,15.0,0.05,15.0,0.96,15.0,0.95,15.0,0.97,62.66,0.98,10.0,0.01,0.01,44.158492,1776222272000
1776222274.309,274.309,0.03,36.89,0.02,10.0,0.04,15.0,0.05,15.0,0.96,15.0,0.95,15.0,0.97,36.89,0.98,10.0,0.01,0.01,44.154761,1776222273000
1776222275.012,275.012,0.03,34.82,0.02,10.0,0.04,15.0,0.05,15.0,0.96,15.0,0.95,15.0,0.97,36.89,0.98,10.0,0.01,0.01,44.154761,1776222273000
1776222275.25,275.25,0.03,34.82,0.02,10.0,0.04,15.0,0.05,15.0,0.96,15.0,0.95,15.0,0.97,34.82,0.98,10.0,0.01,0.01,44.154934,1776222274000
1776222276.235,276.235,0.03,34.82,0.02,10.0,0.04,15.0,0.05,15.0,0.96,15.0,0.95,15.0,0.97,34.82,0.98,10.0,0.01,0.01,44.154935,1776222275000
1776222277.153,277.153,0.03,25.5,0.02,10.0,0.7,161.0,0.75,5.0,0.96,15.0,0.95,15.0,0.97,34.82,0.98,10.0,0.67,0.01,44.154935,1776222275000
1776222277.948,277.948,0.03,25.5,0.02,10.0,0.7,161.0,0.75,5.0,0.3,161.0,0.25,5.0,0.97,25.5,0.98,10.0,0.67,0.67,44.154672,1776222276000
1776222278.956,278.956,0.03,25.5,0.02,10.0,0.7,161.0,0.75,5.0,0.3,161.0,0.25,5.0,0.97,25.5,0.98,10.0,0.67,0.67,44.154385,1776222277000
1776222279.806,279.806,0.03,25.5,0.02,10.0,0.7,161.0,0.75,5.0,0.3,161.0,0.25,5.0,0.97,25.5,0.98,10.0,0.67,0.67,44.154298,1776222278000
1776222280.618,280.618,0.02,10.0,0.01,120.95,0.7,161.0,0.75,5.0,0.3,161.0,0.25,5.0,0.97,5.5,0.98,10.0,0.68,0.67,44.154298,1776222278000
1776222281.518,281.518,0.02,10.0,0.01,120.95,0.7,161.0,0.75,5.0,0.3,161.0,0.25,5.0,0.98,10.0,0.99,120.95,0.68,0.68,44.157474,1776222280000
1776222282.4,282.4,0.02,10.0,0.01,120.95,0.7,161.0,0.75,5.0,0.3,161.0,0.25,5.0,0.98,10.0,0.99,120.95,0.68,0.68,44.159372,1776222281000
1776222283.949,283.949,0.02,10.0,0.01,120.95,0.7,161.0,0.75,5.0,0.3,161.0,0.25,5.0,0.98,10.0,0.99,120.95,0.68,0.68,44.160419,1776222282000
1776222284.72,284.72,0.02,10.0,0.01,120.95,0.7,161.0,0.75,5.0,0.3,161.0,0.25,5.0,0.98,10.0,0.99,120.95,0.68,0.68,44.161523,1776222283000
1776222285.546,285.546,0.01,119.1,,,0.7,161.0,0.75,5.0,0.3,161.0,0.25,5.0,0.98,10.0,0.99,120.95,0.69,0.68,44.161523,1776222283000
1776222286.293,286.293,0.01,119.1,,,0.7,161.0,0.75,5.0,0.3,161.0,0.25,5.0,0.99,119.1,,,0.69,0.69,44.163031,1776222285000
1776222287.838,287.838,0.01,119.1,,,0.7,161.0,0.75,5.0,0.3,161.0,0.25,5.0,0.99,119.1,,,0.69,0.69,44.161495,1776222286000
1776222288.647,288.647,0.01,119.1,,,0.7,161.0,0.75,5.0,0.3,161.0,0.25,5.0,0.99,119.1,,,0.69,0.69,44.162314,1776222287000
1776222289.355,289.355,0.01,119.1,,,0.7,161.0,0.75,5.0,0.3,161.0,0.25,5.0,0.99,119.1,,,0.69,0.69,44.162963,1776222288000
1776222290.104,290.104,0.01,119.1,,,0.7,161.0,0.75,5.0,0.3,161.0,0.25,5.0,0.99,119.1,,,0.69,0.69,44.163272,1776222289000
1776222291.228,291.228,0.01,119.1,,,0.7,98.99,0.75,5.0,0.3,161.0,0.25,5.0,0.99,119.1,,,0.69,0.69,44.163272,1776222289000
1776222291.566,291.566,,,,,0.01,880.9,0.7,98.99,0.3,98.99,0.25,5.0,0.99,119.1,,,,0.69,44.163272,1776222289000
1776222292.399,292.399,,,,,0.01,880.9,0.7,98.99,0.99,880.9,0.3,98.99,,,,,,,44.164357,1776222291000
1776222293.169,293.169,,,,,0.01,880.9,0.7,98.99,0.99,880.9,0.3,98.99,,,,,,,44.164193,1776222292000
1776222294.691,294.691,,,,,0.01,880.9,0.7,98.99,0.99,880.9,0.3,98.99,,,,,,,44.163754,1776222293000
1776222295.476,295.476,,,,,0.01,880.9,0.7,98.99,0.99,880.9,0.3,98.99,,,,,,,44.163623,1776222294000
1776222296.17,296.17,,,,,0.01,880.9,0.7,98.99,0.99,880.9,0.3,98.99,,,,,,,44.163578,1776222295000
1776222298.174,298.174,,,,,0.01,880.9,0.7,98.99,0.99,880.9,0.3,98.99,,,,,,,44.162965,1776222297000
1776222299.266,299.266,,,,,0.01,880.9,0.7,98.99,0.99,880.9,0.3,98.99,,,,,,,44.164308,1776222298000
1776222300.311,300.311,,,,,0.01,880.9,0.7,98.99,0.99,880.9,0.3,98.99,,,,,,,44.164728,1776222299000
1776222301.008,301.008,,,,,0.01,880.9,0.7,98.99,0.99,880.9,0.3,98.99,,,,,,,44.16472,1776222300000
1776222302.32,302.32,,,,,0.01,880.9,0.7,98.99,0.99,880.9,0.3,98.99,,,,,,,44.164631,1776222301000

# RESULT,winner=Down,slug=hype-updown-5m-1776222000,ticks=318
