timestamp,elapsed_sec,up_bid_p1,up_bid_s1,up_bid_p2,up_bid_s2,up_ask_p1,up_ask_s1,up_ask_p2,up_ask_s2,down_bid_p1,down_bid_s1,down_bid_p2,down_bid_s2,down_ask_p1,down_ask_s1,down_ask_p2,down_ask_s2,up_spread,down_spread,hype_price,hype_oracle_ts
1776194101.27,1.27,,,,,,,,,,,,,,,,,,,43.344442,1776194100000
1776194101.597,1.597,0.36,13.0,0.11,100.0,0.57,11.0,0.89,100.0,0.43,11.0,0.11,100.0,0.64,13.0,0.89,100.0,0.21,0.21,43.344442,1776194100000
1776194102.218,2.218,0.36,13.0,0.11,100.0,0.57,11.0,0.89,100.0,0.43,11.0,0.11,100.0,0.64,13.0,0.89,100.0,0.21,0.21,43.3361,1776194101000
1776194102.488,2.488,0.36,13.0,0.11,100.0,0.57,11.0,0.89,100.0,0.43,11.0,0.11,100.0,0.64,13.0,0.89,100.0,0.21,0.21,43.3361,1776194101000
1776194103.423,3.423,0.36,13.0,0.11,100.0,0.57,11.0,0.89,100.0,0.43,11.0,0.11,100.0,0.64,13.0,0.89,100.0,0.21,0.21,43.334796,1776194102000
1776194103.921,3.921,0.36,13.0,0.11,100.0,0.57,11.0,0.89,100.0,0.43,11.0,0.11,100.0,0.64,13.0,0.89,100.0,0.21,0.21,43.334802,1776194103000
1776194105.142,5.142,0.36,13.0,0.11,100.0,0.57,11.0,0.89,100.0,0.43,11.0,0.11,100.0,0.64,13.0,0.89,100.0,0.21,0.21,43.3354,1776194104000
1776194106.269,6.269,0.36,13.0,0.11,100.0,0.57,11.0,0.89,100.0,0.43,11.0,0.11,100.0,0.64,13.0,0.89,100.0,0.21,0.21,43.3347,1776194105000
1776194107.555,7.555,0.36,13.0,0.11,100.0,0.57,11.0,0.89,100.0,0.43,11.0,0.11,100.0,0.64,13.0,0.89,100.0,0.21,0.21,43.335,1776194106000
1776194108.069,8.069,0.36,13.0,0.11,100.0,0.57,11.0,0.89,100.0,0.43,11.0,0.11,100.0,0.64,13.0,0.89,100.0,0.21,0.21,43.338962,1776194107000
1776194109.469,9.469,0.36,13.0,0.11,100.0,0.57,11.0,0.89,100.0,0.43,11.0,0.11,100.0,0.64,13.0,0.89,100.0,0.21,0.21,43.3479,1776194108000
1776194109.988,9.988,0.36,13.0,0.11,100.0,0.57,11.0,0.89,100.0,0.43,11.0,0.11,100.0,0.64,13.0,0.89,100.0,0.21,0.21,43.349894,1776194109000
1776194111.294,11.294,0.36,13.0,0.11,100.0,0.57,11.0,0.89,100.0,0.43,11.0,0.11,100.0,0.64,13.0,0.89,100.0,0.21,0.21,43.3503,1776194110000
1776194111.942,11.942,0.36,13.0,0.11,100.0,0.57,11.0,0.89,100.0,0.43,11.0,0.11,100.0,0.64,13.0,0.89,100.0,0.21,0.21,43.3505,1776194111000
1776194113.112,13.112,0.36,13.0,0.11,100.0,0.57,11.0,0.89,100.0,0.43,11.0,0.11,100.0,0.64,13.0,0.89,100.0,0.21,0.21,43.3533,1776194112000
1776194114.209,14.209,0.36,13.0,0.11,100.0,0.57,11.0,0.89,100.0,0.43,11.0,0.11,100.0,0.64,13.0,0.89,100.0,0.21,0.21,43.356161,1776194113000
1776194115.313,15.313,0.36,13.0,0.11,100.0,0.57,11.0,0.89,100.0,0.43,11.0,0.11,100.0,0.64,13.0,0.89,100.0,0.21,0.21,43.359146,1776194114000
1776194116.175,16.175,0.36,13.0,0.11,100.0,0.57,11.0,0.89,100.0,0.43,11.0,0.11,100.0,0.64,13.0,0.89,100.0,0.21,0.21,43.352102,1776194115000
1776194117.949,17.949,0.36,13.0,0.11,100.0,0.57,11.0,0.89,100.0,0.43,11.0,0.11,100.0,0.64,13.0,0.89,100.0,0.21,0.21,43.352659,1776194117000
1776194119.303,19.303,0.36,13.0,0.11,100.0,0.57,11.0,0.89,100.0,0.43,11.0,0.11,100.0,0.64,13.0,0.89,100.0,0.21,0.21,43.351393,1776194118000
1776194120.614,20.614,0.36,13.0,0.11,100.0,0.57,11.0,0.89,100.0,0.43,11.0,0.11,100.0,0.64,13.0,0.89,100.0,0.21,0.21,43.351539,1776194119000
1776194121.186,21.186,0.36,13.0,0.11,100.0,0.57,11.0,0.89,100.0,0.43,11.0,0.11,100.0,0.64,13.0,0.89,100.0,0.21,0.21,43.351539,1776194120000
1776194122.582,22.582,0.36,13.0,0.11,100.0,0.57,11.0,0.89,100.0,0.43,11.0,0.11,100.0,0.64,13.0,0.89,100.0,0.21,0.21,43.351646,1776194121000
1776194123.594,23.594,0.36,13.0,0.11,100.0,0.57,11.0,0.89,100.0,0.43,11.0,0.11,100.0,0.64,13.0,0.89,100.0,0.21,0.21,43.351646,1776194122000
1776194124.131,24.131,0.36,13.0,0.11,100.0,0.57,11.0,0.89,100.0,0.43,11.0,0.11,100.0,0.64,13.0,0.89,100.0,0.21,0.21,43.357135,1776194123000
1776194125.618,25.618,0.36,13.0,0.11,100.0,0.57,11.0,0.89,100.0,0.43,11.0,0.11,100.0,0.64,13.0,0.89,100.0,0.21,0.21,43.361253,1776194124000
1776194126.448,26.448,0.36,13.0,0.11,100.0,0.57,11.0,0.89,100.0,0.43,11.0,0.11,100.0,0.64,13.0,0.89,100.0,0.21,0.21,43.361466,1776194125000
1776194127.012,27.012,0.36,13.0,0.11,100.0,0.57,11.0,0.89,100.0,0.43,11.0,0.11,100.0,0.64,13.0,0.89,100.0,0.21,0.21,43.362369,1776194126000
1776194128.471,28.471,0.36,13.0,0.11,100.0,0.57,11.0,0.89,100.0,0.43,11.0,0.11,100.0,0.64,13.0,0.89,100.0,0.21,0.21,43.3657,1776194127000
1776194129.229,29.229,0.36,13.0,0.11,100.0,0.57,11.0,0.89,100.0,0.43,11.0,0.11,100.0,0.64,13.0,0.89,100.0,0.21,0.21,43.3657,1776194128000
1776194130.549,30.549,0.36,13.0,0.11,100.0,0.57,11.0,0.89,100.0,0.43,11.0,0.11,100.0,0.64,13.0,0.89,100.0,0.21,0.21,43.3632,1776194129000
1776194131.295,31.295,0.36,13.0,0.11,100.0,0.57,11.0,0.89,100.0,0.43,11.0,0.11,100.0,0.64,13.0,0.89,100.0,0.21,0.21,43.3632,1776194130000
1776194132.559,32.559,0.36,13.0,0.11,100.0,0.57,11.0,0.89,100.0,0.43,11.0,0.11,100.0,0.64,13.0,0.89,100.0,0.21,0.21,43.364059,1776194131000
1776194133.569,33.569,0.36,13.0,0.11,100.0,0.57,11.0,0.89,100.0,0.43,11.0,0.11,100.0,0.64,13.0,0.89,100.0,0.21,0.21,43.364289,1776194132000
1776194134.159,34.159,0.36,13.0,0.11,100.0,0.57,11.0,0.89,100.0,0.43,11.0,0.11,100.0,0.64,13.0,0.89,100.0,0.21,0.21,43.365189,1776194133000
1776194135.23,35.23,0.36,13.0,0.11,100.0,0.57,11.0,0.89,100.0,0.43,11.0,0.11,100.0,0.64,13.0,0.89,100.0,0.21,0.21,43.376216,1776194134000
1776194136.202,36.202,0.36,13.0,0.11,100.0,0.57,11.0,0.89,100.0,0.43,11.0,0.11,100.0,0.64,13.0,0.89,100.0,0.21,0.21,43.376537,1776194135000
1776194137.342,37.342,0.36,13.0,0.11,100.0,0.57,11.0,0.89,100.0,0.43,11.0,0.11,100.0,0.64,13.0,0.89,100.0,0.21,0.21,43.378174,1776194136000
1776194138.472,38.472,0.36,13.0,0.11,100.0,0.57,11.0,0.89,100.0,0.43,11.0,0.11,100.0,0.64,13.0,0.89,100.0,0.21,0.21,43.381526,1776194137000
1776194138.937,38.937,0.36,13.0,0.11,100.0,0.57,11.0,0.89,100.0,0.43,11.0,0.11,100.0,0.64,13.0,0.89,100.0,0.21,0.21,43.381526,1776194138000
1776194139.984,39.984,0.36,13.0,0.11,100.0,0.57,11.0,0.89,100.0,0.43,11.0,0.11,100.0,0.64,13.0,0.89,100.0,0.21,0.21,43.379259,1776194139000
1776194141.075,41.075,0.36,13.0,0.11,100.0,0.57,11.0,0.89,100.0,0.43,11.0,0.11,100.0,0.64,13.0,0.89,100.0,0.21,0.21,43.3794,1776194140000
1776194142.195,42.195,0.36,13.0,0.11,100.0,0.57,11.0,0.89,100.0,0.43,11.0,0.11,100.0,0.64,13.0,0.89,100.0,0.21,0.21,43.378293,1776194141000
1776194143.169,43.169,0.36,13.0,0.11,100.0,0.57,11.0,0.89,100.0,0.43,11.0,0.11,100.0,0.64,13.0,0.89,100.0,0.21,0.21,43.378292,1776194142000
1776194144.199,44.199,0.36,13.0,0.11,100.0,0.57,11.0,0.89,100.0,0.43,11.0,0.11,100.0,0.64,13.0,0.89,100.0,0.21,0.21,43.378293,1776194143000
1776194145.29,45.29,0.36,13.0,0.11,100.0,0.57,11.0,0.89,100.0,0.43,11.0,0.11,100.0,0.64,13.0,0.89,100.0,0.21,0.21,43.37823,1776194144000
1776194146.386,46.386,0.36,13.0,0.11,100.0,0.57,11.0,0.89,100.0,0.43,11.0,0.11,100.0,0.64,13.0,0.89,100.0,0.21,0.21,43.378109,1776194145000
1776194147.224,47.224,0.36,13.0,0.11,100.0,0.57,11.0,0.89,100.0,0.43,11.0,0.11,100.0,0.64,13.0,0.89,100.0,0.21,0.21,43.378787,1776194146000
1776194148.23,48.23,0.36,13.0,0.11,100.0,0.57,11.0,0.89,100.0,0.43,11.0,0.11,100.0,0.64,13.0,0.89,100.0,0.21,0.21,43.376666,1776194147000
1776194149.265,49.265,0.36,13.0,0.11,100.0,0.57,11.0,0.89,100.0,0.43,11.0,0.11,100.0,0.64,13.0,0.89,100.0,0.21,0.21,43.376219,1776194148000
1776194150.35,50.35,0.36,13.0,0.11,100.0,0.57,11.0,0.89,100.0,0.43,11.0,0.11,100.0,0.64,13.0,0.89,100.0,0.21,0.21,43.37599,1776194149000
1776194150.954,50.954,0.36,13.0,0.11,100.0,0.57,11.0,0.89,100.0,0.43,11.0,0.11,100.0,0.64,13.0,0.89,100.0,0.21,0.21,43.370216,1776194150000
1776194151.939,51.939,0.36,13.0,0.11,100.0,0.57,11.0,0.89,100.0,0.43,11.0,0.11,100.0,0.64,13.0,0.89,100.0,0.21,0.21,43.373135,1776194151000
1776194152.993,52.993,0.58,5.23,0.54,5.0,0.74,19.0,0.75,10.0,0.26,19.0,0.25,10.0,0.42,5.23,0.46,5.0,0.16,0.16,43.375934,1776194152000
1776194153.989,53.989,0.58,5.23,0.54,5.0,0.74,19.0,0.75,10.0,0.26,19.0,0.25,10.0,0.42,5.23,0.46,5.0,0.16,0.16,43.374737,1776194153000
1776194154.987,54.987,0.58,5.23,0.54,5.0,0.74,19.0,0.75,10.0,0.26,19.0,0.25,10.0,0.42,5.23,0.46,5.0,0.16,0.16,43.374737,1776194154000
1776194156.024,56.024,0.58,5.23,0.54,5.0,0.74,19.0,0.75,10.0,0.26,19.0,0.25,10.0,0.42,5.23,0.46,5.0,0.16,0.16,43.374761,1776194155000
1776194157.075,57.075,0.58,5.23,0.54,5.0,0.74,19.0,0.75,10.0,0.26,19.0,0.25,10.0,0.42,5.23,0.46,5.0,0.16,0.16,43.375474,1776194156000
1776194158.047,58.047,0.58,5.23,0.54,5.0,0.74,19.0,0.75,10.0,0.26,19.0,0.25,10.0,0.42,5.23,0.46,5.0,0.16,0.16,43.3756,1776194157000
1776194159.069,59.069,0.58,5.23,0.54,5.0,0.74,19.0,0.75,10.0,0.26,19.0,0.25,10.0,0.42,5.23,0.46,5.0,0.16,0.16,43.375347,1776194158000
1776194160.664,60.664,0.58,5.23,0.54,5.0,0.74,19.0,0.75,10.0,0.26,19.0,0.25,10.0,0.42,5.23,0.46,5.0,0.16,0.16,43.375038,1776194159000
1776194161.521,61.521,0.58,5.23,0.54,5.0,0.74,19.0,0.75,10.0,0.26,19.0,0.25,10.0,0.42,5.23,0.46,5.0,0.16,0.16,43.375039,1776194160000
1776194162.103,62.103,0.58,5.23,0.54,5.0,0.74,19.0,0.75,10.0,0.26,19.0,0.25,10.0,0.42,5.23,0.46,5.0,0.16,0.16,43.37335,1776194161000
1776194163.156,63.156,0.58,5.23,0.54,5.0,0.74,19.0,0.75,10.0,0.26,19.0,0.25,10.0,0.42,5.23,0.46,5.0,0.16,0.16,43.374603,1776194162000
1776194164.323,64.323,0.58,5.23,0.54,5.0,0.74,19.0,0.75,10.0,0.26,19.0,0.25,10.0,0.42,5.23,0.46,5.0,0.16,0.16,43.377757,1776194163000
1776194165.649,65.649,0.58,5.23,0.54,5.0,0.74,19.0,0.75,10.0,0.26,19.0,0.25,10.0,0.42,5.23,0.46,5.0,0.16,0.16,43.378057,1776194164000
1776194166.317,66.317,0.58,5.23,0.54,5.0,0.74,19.0,0.75,10.0,0.26,19.0,0.25,10.0,0.42,5.23,0.46,5.0,0.16,0.16,43.378345,1776194165000
1776194167.519,67.519,0.58,5.23,0.54,5.0,0.74,19.0,0.75,10.0,0.26,19.0,0.25,10.0,0.42,5.23,0.46,5.0,0.16,0.16,43.381608,1776194166000
1776194168.086,68.086,0.58,5.23,0.54,5.0,0.74,19.0,0.75,10.0,0.26,19.0,0.25,10.0,0.42,5.23,0.46,5.0,0.16,0.16,43.38378,1776194167000
1776194169.269,69.269,0.58,5.23,0.54,5.0,0.74,19.0,0.75,10.0,0.26,19.0,0.25,10.0,0.42,5.23,0.46,5.0,0.16,0.16,43.383844,1776194168000
1776194170.365,70.365,0.58,5.23,0.54,5.0,0.74,19.0,0.75,10.0,0.26,19.0,0.25,10.0,0.42,5.23,0.46,5.0,0.16,0.16,43.383351,1776194169000
1776194171.113,71.113,0.58,5.23,0.54,5.0,0.74,19.0,0.75,10.0,0.26,19.0,0.25,10.0,0.42,5.23,0.46,5.0,0.16,0.16,43.383013,1776194170000
1776194172.161,72.161,0.58,5.23,0.54,5.0,0.74,19.0,0.75,10.0,0.26,19.0,0.25,10.0,0.42,5.23,0.46,5.0,0.16,0.16,43.383067,1776194171000
1776194173.209,73.209,0.58,5.23,0.54,5.0,0.74,19.0,0.75,10.0,0.26,19.0,0.25,10.0,0.42,5.23,0.46,5.0,0.16,0.16,43.383065,1776194172000
1776194174.381,74.381,0.58,5.23,0.54,5.0,0.74,19.0,0.75,10.0,0.26,19.0,0.25,10.0,0.42,5.23,0.46,5.0,0.16,0.16,43.383184,1776194173000
1776194174.941,74.941,0.58,5.23,0.54,5.0,0.74,19.0,0.75,10.0,0.26,19.0,0.25,10.0,0.42,5.23,0.46,5.0,0.16,0.16,43.383184,1776194174000
1776194175.574,75.574,0.64,10.0,0.61,23.0,0.68,2.44,0.73,15.0,0.26,19.0,0.25,10.0,0.42,5.23,0.46,5.0,0.04,0.16,43.383184,1776194174000
1776194176.784,76.784,0.64,10.0,0.61,23.0,0.68,2.44,0.73,15.0,0.32,2.44,0.27,15.0,0.36,10.0,0.39,23.0,0.04,0.04,43.383205,1776194175000
1776194177.561,77.561,0.64,10.0,0.61,23.0,0.68,2.44,0.73,15.0,0.32,2.44,0.27,15.0,0.36,10.0,0.39,23.0,0.04,0.04,43.383205,1776194176000
1776194178.17,78.17,0.64,10.0,0.61,23.0,0.68,2.44,0.73,15.0,0.32,2.44,0.27,15.0,0.36,10.0,0.39,23.0,0.04,0.04,43.383014,1776194177000
1776194179.328,79.328,0.64,10.0,0.61,23.0,0.68,2.44,0.73,15.0,0.32,2.44,0.27,15.0,0.36,10.0,0.39,23.0,0.04,0.04,43.383299,1776194178000
1776194180.065,80.065,0.64,10.0,0.61,23.0,0.68,2.44,0.73,15.0,0.32,2.44,0.27,15.0,0.36,10.0,0.39,23.0,0.04,0.04,43.379298,1776194179000
1776194181.677,81.677,0.64,10.0,0.61,23.0,0.68,2.44,0.73,15.0,0.32,2.44,0.27,15.0,0.36,10.0,0.39,23.0,0.04,0.04,43.378753,1776194180000
1776194182.137,82.137,0.64,10.0,0.61,23.0,0.68,2.44,0.73,15.0,0.32,2.44,0.27,15.0,0.36,10.0,0.39,23.0,0.04,0.04,43.37389,1776194181000
1776194183.526,83.526,0.64,10.0,0.61,23.0,0.68,2.44,0.73,15.0,0.32,2.44,0.27,15.0,0.36,10.0,0.39,23.0,0.04,0.04,43.369483,1776194182000
1776194184.48,84.48,0.64,10.0,0.61,23.0,0.68,2.44,0.73,15.0,0.32,2.44,0.27,15.0,0.36,10.0,0.39,23.0,0.04,0.04,43.369098,1776194183000
1776194185.092,85.092,0.64,10.0,0.61,23.0,0.68,2.44,0.73,15.0,0.32,2.44,0.27,15.0,0.36,10.0,0.39,23.0,0.04,0.04,43.369104,1776194184000
1776194186.357,86.357,0.64,10.0,0.61,23.0,0.68,2.44,0.73,15.0,0.32,2.44,0.27,15.0,0.36,10.0,0.39,23.0,0.04,0.04,43.368408,1776194185000
1776194187.475,87.475,0.64,10.0,0.61,23.0,0.68,2.44,0.73,15.0,0.32,2.44,0.27,15.0,0.36,10.0,0.39,23.0,0.04,0.04,43.368049,1776194186000
1776194188.185,88.185,0.64,10.0,0.61,23.0,0.68,2.44,0.73,15.0,0.32,2.44,0.27,15.0,0.36,10.0,0.39,23.0,0.04,0.04,43.368049,1776194187000
1776194189.479,89.479,0.64,10.0,0.61,23.0,0.68,2.44,0.73,15.0,0.32,2.44,0.27,15.0,0.36,10.0,0.39,23.0,0.04,0.04,43.363205,1776194188000
1776194190.194,90.194,0.64,10.0,0.61,23.0,0.68,2.44,0.73,15.0,0.32,2.44,0.27,15.0,0.36,10.0,0.39,23.0,0.04,0.04,43.363178,1776194189000
1776194191.392,91.392,0.64,10.0,0.61,23.0,0.68,2.44,0.73,15.0,0.32,2.44,0.27,15.0,0.36,10.0,0.39,23.0,0.04,0.04,43.349302,1776194190000
1776194192.211,92.211,0.64,10.0,0.61,23.0,0.68,2.44,0.73,15.0,0.32,2.44,0.27,15.0,0.36,10.0,0.39,23.0,0.04,0.04,43.349302,1776194191000
1776194193.2,93.2,0.64,10.0,0.61,23.0,0.68,2.44,0.73,15.0,0.32,2.44,0.27,15.0,0.36,10.0,0.39,23.0,0.04,0.04,43.347995,1776194192000
1776194194.284,94.284,0.64,10.0,0.61,23.0,0.68,2.44,0.73,15.0,0.32,2.44,0.27,15.0,0.36,10.0,0.39,23.0,0.04,0.04,43.350772,1776194193000
1776194195.407,95.407,0.64,10.0,0.61,23.0,0.68,2.44,0.73,15.0,0.32,2.44,0.27,15.0,0.36,10.0,0.39,23.0,0.04,0.04,43.350879,1776194194000
1776194196.521,96.521,0.64,10.0,0.61,23.0,0.68,2.44,0.73,15.0,0.32,2.44,0.27,15.0,0.36,10.0,0.39,23.0,0.04,0.04,43.350388,1776194195000
1776194197.113,97.113,0.64,10.0,0.61,23.0,0.68,2.44,0.73,15.0,0.32,2.44,0.27,15.0,0.36,10.0,0.39,23.0,0.04,0.04,43.350626,1776194196000
1776194198.254,98.254,0.64,10.0,0.61,23.0,0.68,2.44,0.73,15.0,0.32,2.44,0.27,15.0,0.36,10.0,0.39,23.0,0.04,0.04,43.350871,1776194197000
1776194199.264,99.264,0.64,10.0,0.61,23.0,0.68,2.44,0.73,15.0,0.32,2.44,0.27,15.0,0.36,10.0,0.39,23.0,0.04,0.04,43.351547,1776194198000
1776194200.398,100.398,0.64,10.0,0.61,23.0,0.68,2.44,0.73,15.0,0.32,2.44,0.27,15.0,0.36,10.0,0.39,23.0,0.04,0.04,43.352233,1776194199000
1776194200.89,100.89,0.64,10.0,0.61,23.0,0.68,2.44,0.73,15.0,0.32,2.44,0.27,15.0,0.36,10.0,0.39,23.0,0.04,0.04,43.352027,1776194200000
1776194201.962,101.962,0.64,10.0,0.61,23.0,0.68,2.44,0.73,15.0,0.32,2.44,0.27,15.0,0.36,10.0,0.39,23.0,0.04,0.04,43.352059,1776194201000
1776194202.979,102.979,0.64,10.0,0.61,23.0,0.68,2.44,0.73,15.0,0.32,2.44,0.27,15.0,0.36,10.0,0.39,23.0,0.04,0.04,43.348275,1776194202000
1776194204.082,104.082,0.64,10.0,0.61,23.0,0.68,2.44,0.73,15.0,0.32,2.44,0.27,15.0,0.36,10.0,0.39,23.0,0.04,0.04,43.347204,1776194203000
1776194205.146,105.146,0.64,10.0,0.61,23.0,0.68,2.44,0.73,15.0,0.32,2.44,0.27,15.0,0.36,10.0,0.39,23.0,0.04,0.04,43.343033,1776194204000
1776194206.204,106.204,0.64,10.0,0.61,23.0,0.68,2.44,0.73,15.0,0.32,2.44,0.27,15.0,0.36,10.0,0.39,23.0,0.04,0.04,43.34015,1776194205000
1776194207.679,107.679,0.64,10.0,0.61,23.0,0.68,2.44,0.73,15.0,0.32,2.44,0.27,15.0,0.36,10.0,0.39,23.0,0.04,0.04,43.339522,1776194206000
1776194208.336,108.336,0.64,10.0,0.61,23.0,0.68,2.44,0.73,15.0,0.32,2.44,0.27,15.0,0.36,10.0,0.39,23.0,0.04,0.04,43.338553,1776194207000
1776194209.28,109.28,0.64,10.0,0.61,23.0,0.68,2.44,0.73,15.0,0.32,2.44,0.27,15.0,0.36,10.0,0.39,23.0,0.04,0.04,43.333202,1776194208000
1776194210.026,110.026,0.64,10.0,0.61,23.0,0.68,2.44,0.73,15.0,0.32,2.44,0.27,15.0,0.36,10.0,0.39,23.0,0.04,0.04,43.333202,1776194209000
1776194211.177,111.177,0.64,10.0,0.61,23.0,0.68,2.44,0.73,15.0,0.32,2.44,0.27,15.0,0.36,10.0,0.39,23.0,0.04,0.04,43.335157,1776194210000
1776194211.503,111.503,0.36,20.0,0.35,20.0,0.54,33.0,0.55,15.0,0.32,2.44,0.27,15.0,0.36,10.0,0.39,23.0,0.18,0.04,43.335157,1776194210000
1776194212.385,112.385,0.36,20.0,0.35,20.0,0.54,33.0,0.55,15.0,0.46,33.0,0.45,15.0,0.64,20.0,0.65,20.0,0.18,0.18,43.337535,1776194211000
1776194212.984,112.984,0.36,20.0,0.35,20.0,0.54,33.0,0.55,15.0,0.46,33.0,0.45,15.0,0.64,20.0,0.65,20.0,0.18,0.18,43.333488,1776194212000
1776194214.084,114.084,0.36,20.0,0.35,20.0,0.54,33.0,0.55,15.0,0.46,33.0,0.45,15.0,0.64,20.0,0.65,20.0,0.18,0.18,43.324854,1776194213000
1776194215.362,115.362,0.36,20.0,0.35,20.0,0.54,33.0,0.55,15.0,0.46,33.0,0.45,15.0,0.64,20.0,0.65,20.0,0.18,0.18,43.320598,1776194214000
1776194216.329,116.329,0.36,20.0,0.35,20.0,0.54,33.0,0.55,15.0,0.46,33.0,0.45,15.0,0.64,20.0,0.65,20.0,0.18,0.18,43.320616,1776194215000
1776194217.443,117.443,0.36,20.0,0.35,20.0,0.54,33.0,0.55,15.0,0.46,33.0,0.45,15.0,0.64,20.0,0.65,20.0,0.18,0.18,43.322716,1776194216000
1776194218.032,118.032,0.36,20.0,0.35,20.0,0.54,33.0,0.55,15.0,0.46,33.0,0.45,15.0,0.64,20.0,0.65,20.0,0.18,0.18,43.32639,1776194217000
1776194219.054,119.054,0.36,20.0,0.35,20.0,0.54,33.0,0.55,15.0,0.46,33.0,0.45,15.0,0.64,20.0,0.65,20.0,0.18,0.18,43.33039,1776194218000
1776194220.23,120.23,0.36,20.0,0.35,20.0,0.54,33.0,0.55,15.0,0.46,33.0,0.45,15.0,0.64,20.0,0.65,20.0,0.18,0.18,43.330915,1776194219000
1776194221.315,121.315,0.36,20.0,0.35,20.0,0.54,33.0,0.55,15.0,0.46,33.0,0.45,15.0,0.64,20.0,0.65,20.0,0.18,0.18,43.331312,1776194220000
1776194221.745,121.745,0.47,15.0,0.46,15.0,0.66,9.5,0.68,2.44,0.46,33.0,0.45,15.0,0.64,20.0,0.65,20.0,0.19,0.18,43.331312,1776194220000
1776194223.866,123.866,0.47,15.0,0.46,15.0,0.66,9.5,0.68,2.44,0.34,9.5,0.32,2.44,0.53,15.0,0.54,15.0,0.19,0.19,43.351107,1776194222000
1776194224.375,124.375,0.47,15.0,0.46,15.0,0.66,9.5,0.68,2.44,0.34,9.5,0.32,2.44,0.53,15.0,0.54,15.0,0.19,0.19,43.355394,1776194223000
1776194225.013,125.013,0.47,15.0,0.46,15.0,0.66,9.5,0.68,2.44,0.34,9.5,0.32,2.44,0.53,15.0,0.54,15.0,0.19,0.19,43.359926,1776194224000
1776194226.261,126.261,0.47,15.0,0.46,15.0,0.66,9.5,0.68,2.44,0.34,9.5,0.32,2.44,0.53,15.0,0.54,15.0,0.19,0.19,43.363118,1776194225000
1776194227.428,127.428,0.47,15.0,0.46,15.0,0.66,9.5,0.68,2.44,0.34,9.5,0.32,2.44,0.53,15.0,0.54,15.0,0.19,0.19,43.366868,1776194226000
1776194228.103,128.103,0.47,15.0,0.46,15.0,0.66,9.5,0.68,2.44,0.34,9.5,0.32,2.44,0.53,15.0,0.54,15.0,0.19,0.19,43.366868,1776194227000
1776194229.324,129.324,0.47,15.0,0.46,15.0,0.66,9.5,0.68,2.44,0.34,9.5,0.32,2.44,0.53,15.0,0.54,15.0,0.19,0.19,43.365713,1776194228000
1776194230.593,130.593,0.58,15.0,0.57,23.0,0.68,2.44,0.74,15.0,0.32,2.44,0.26,15.0,0.42,15.0,0.43,23.0,0.1,0.1,43.36798,1776194229000
1776194231.107,131.107,0.58,15.0,0.57,23.0,0.68,2.44,0.74,15.0,0.32,2.44,0.26,15.0,0.42,15.0,0.43,23.0,0.1,0.1,43.370644,1776194230000
1776194232.28,132.28,0.58,15.0,0.57,23.0,0.68,2.44,0.74,15.0,0.32,2.44,0.26,15.0,0.42,15.0,0.43,23.0,0.1,0.1,43.377843,1776194231000
1776194233.486,133.486,0.58,15.0,0.57,23.0,0.68,2.44,0.74,15.0,0.32,2.44,0.26,15.0,0.42,15.0,0.43,23.0,0.1,0.1,43.378876,1776194232000
1776194234.068,134.068,0.7,7.56,0.62,8.0,0.76,15.0,0.77,15.0,0.24,15.0,0.23,15.0,0.3,7.56,0.38,8.0,0.06,0.06,43.378876,1776194233000
1776194234.843,134.843,0.56,33.0,0.55,15.0,0.73,8.63,0.74,15.0,0.24,15.0,0.23,15.0,0.3,7.56,0.38,8.0,0.17,0.06,43.378876,1776194233000
1776194235.173,135.173,0.56,33.0,0.55,15.0,0.73,8.63,0.74,15.0,0.27,8.63,0.26,15.0,0.44,33.0,0.45,15.0,0.17,0.17,43.379529,1776194234000
1776194236.497,136.497,0.56,33.0,0.55,15.0,0.73,8.63,0.74,15.0,0.27,8.63,0.26,15.0,0.44,33.0,0.45,15.0,0.17,0.17,43.37872,1776194235000
1776194237.128,137.128,0.56,33.0,0.55,15.0,0.73,8.63,0.74,15.0,0.27,8.63,0.26,15.0,0.44,33.0,0.45,15.0,0.17,0.17,43.3784,1776194236000
1776194238.318,138.318,0.56,33.0,0.55,15.0,0.73,8.63,0.74,15.0,0.27,8.63,0.26,15.0,0.44,33.0,0.45,15.0,0.17,0.17,43.366908,1776194237000
1776194239.481,139.481,0.56,33.0,0.55,15.0,0.73,8.63,0.74,15.0,0.27,8.63,0.26,15.0,0.44,33.0,0.45,15.0,0.17,0.17,43.364368,1776194238000
1776194240.475,140.475,0.56,33.0,0.55,15.0,0.73,8.63,0.74,15.0,0.27,8.63,0.26,15.0,0.44,33.0,0.45,15.0,0.17,0.17,43.364368,1776194239000
1776194241.169,141.169,0.56,33.0,0.55,15.0,0.73,8.63,0.74,15.0,0.27,8.63,0.26,15.0,0.44,33.0,0.45,15.0,0.17,0.17,43.364462,1776194240000
1776194242.535,142.535,0.56,33.0,0.55,15.0,0.73,8.63,0.74,15.0,0.27,8.63,0.26,15.0,0.44,33.0,0.45,15.0,0.17,0.17,43.364244,1776194241000
1776194243.236,143.236,0.56,33.0,0.55,15.0,0.73,8.63,0.74,15.0,0.27,8.63,0.26,15.0,0.44,33.0,0.45,15.0,0.17,0.17,43.362996,1776194242000
1776194244.469,144.469,0.56,33.0,0.55,15.0,0.73,8.63,0.74,15.0,0.27,8.63,0.26,15.0,0.44,33.0,0.45,15.0,0.17,0.17,43.362996,1776194243000
1776194245.238,145.238,0.56,33.0,0.55,15.0,0.73,8.63,0.74,15.0,0.27,8.63,0.26,15.0,0.44,33.0,0.45,15.0,0.17,0.17,43.362996,1776194244000
1776194246.485,146.485,0.56,33.0,0.55,15.0,0.73,8.63,0.74,15.0,0.27,8.63,0.26,15.0,0.44,33.0,0.45,15.0,0.17,0.17,43.363015,1776194245000
1776194247.116,147.116,0.56,33.0,0.55,15.0,0.73,8.63,0.74,15.0,0.27,8.63,0.26,15.0,0.44,33.0,0.45,15.0,0.17,0.17,43.363887,1776194246000
1776194248.456,148.456,0.56,33.0,0.55,15.0,0.73,8.63,0.74,15.0,0.27,8.63,0.26,15.0,0.44,33.0,0.45,15.0,0.17,0.17,43.365685,1776194247000
1776194249.125,149.125,0.56,33.0,0.55,15.0,0.73,8.63,0.74,15.0,0.27,8.63,0.26,15.0,0.44,33.0,0.45,15.0,0.17,0.17,43.367358,1776194248000
1776194250.469,150.469,0.56,33.0,0.55,15.0,0.73,8.63,0.74,15.0,0.27,8.63,0.26,15.0,0.44,33.0,0.45,15.0,0.17,0.17,43.375435,1776194249000
1776194251.11,151.11,0.56,33.0,0.55,15.0,0.73,8.63,0.74,15.0,0.27,8.63,0.26,15.0,0.44,33.0,0.45,15.0,0.17,0.17,43.377466,1776194250000
1776194252.49,152.49,0.56,33.0,0.55,15.0,0.73,8.63,0.74,15.0,0.27,8.63,0.26,15.0,0.44,33.0,0.45,15.0,0.17,0.17,43.378095,1776194251000
1776194253.256,153.256,0.56,33.0,0.55,15.0,0.73,8.63,0.74,15.0,0.27,8.63,0.26,15.0,0.44,33.0,0.45,15.0,0.17,0.17,43.378095,1776194252000
1776194254.646,154.646,0.56,33.0,0.55,15.0,0.73,8.63,0.74,15.0,0.27,8.63,0.26,15.0,0.44,33.0,0.45,15.0,0.17,0.17,43.37797,1776194253000
1776194255.253,155.253,0.56,33.0,0.55,15.0,0.73,8.63,0.74,15.0,0.27,8.63,0.26,15.0,0.44,33.0,0.45,15.0,0.17,0.17,43.378038,1776194254000
1776194257.334,157.334,0.56,33.0,0.55,15.0,0.73,8.63,0.74,15.0,0.27,8.63,0.26,15.0,0.44,33.0,0.45,15.0,0.17,0.17,43.378038,1776194256000
1776194258.811,158.811,0.56,33.0,0.55,15.0,0.73,8.63,0.74,15.0,0.27,8.63,0.26,15.0,0.44,33.0,0.45,15.0,0.17,0.17,43.381875,1776194257000
1776194259.513,159.513,0.56,33.0,0.55,15.0,0.73,8.63,0.74,15.0,0.27,8.63,0.26,15.0,0.44,33.0,0.45,15.0,0.17,0.17,43.382188,1776194258000
1776194260.217,160.217,0.56,33.0,0.55,15.0,0.73,8.63,0.74,15.0,0.27,8.63,0.26,15.0,0.44,33.0,0.45,15.0,0.17,0.17,43.37966,1776194259000
1776194260.979,160.979,0.56,33.0,0.55,15.0,0.73,8.63,0.74,15.0,0.27,8.63,0.26,15.0,0.44,33.0,0.45,15.0,0.17,0.17,43.378006,1776194260000
1776194262.386,162.386,0.56,33.0,0.55,15.0,0.73,8.63,0.74,15.0,0.27,8.63,0.26,15.0,0.44,33.0,0.45,15.0,0.17,0.17,43.376542,1776194261000
1776194263.198,163.198,0.56,33.0,0.55,15.0,0.73,8.63,0.74,15.0,0.27,8.63,0.26,15.0,0.44,33.0,0.45,15.0,0.17,0.17,43.376542,1776194262000
1776194264.742,164.742,0.56,33.0,0.55,15.0,0.73,8.63,0.74,15.0,0.27,8.63,0.26,15.0,0.44,33.0,0.45,15.0,0.17,0.17,43.37697,1776194263000
1776194265.513,165.513,0.56,33.0,0.55,15.0,0.73,8.63,0.74,15.0,0.27,8.63,0.26,15.0,0.44,33.0,0.45,15.0,0.17,0.17,43.377255,1776194264000
1776194266.168,166.168,0.56,33.0,0.55,15.0,0.73,8.63,0.74,15.0,0.27,8.63,0.26,15.0,0.44,33.0,0.45,15.0,0.17,0.17,43.38018,1776194265000
1776194267.557,167.557,0.56,33.0,0.55,15.0,0.73,8.63,0.74,15.0,0.27,8.63,0.26,15.0,0.44,33.0,0.45,15.0,0.17,0.17,43.38075,1776194266000
1776194268.259,168.259,0.56,33.0,0.55,15.0,0.73,8.63,0.74,15.0,0.27,8.63,0.26,15.0,0.44,33.0,0.45,15.0,0.17,0.17,43.381378,1776194267000
1776194269.653,169.653,0.56,33.0,0.55,15.0,0.73,8.63,0.74,15.0,0.27,8.63,0.26,15.0,0.44,33.0,0.45,15.0,0.17,0.17,43.381397,1776194268000
1776194270.238,170.238,0.56,33.0,0.55,15.0,0.73,8.63,0.74,15.0,0.27,8.63,0.26,15.0,0.44,33.0,0.45,15.0,0.17,0.17,43.381319,1776194269000
1776194271.018,171.018,0.56,33.0,0.55,15.0,0.73,8.63,0.74,15.0,0.27,8.63,0.26,15.0,0.44,33.0,0.45,15.0,0.17,0.17,43.381323,1776194270000
1776194272.459,172.459,0.56,33.0,0.55,15.0,0.73,8.63,0.74,15.0,0.27,8.63,0.26,15.0,0.44,33.0,0.45,15.0,0.17,0.17,43.381367,1776194271000
1776194273.119,173.119,0.56,33.0,0.55,15.0,0.73,8.63,0.74,15.0,0.27,8.63,0.26,15.0,0.44,33.0,0.45,15.0,0.17,0.17,43.381336,1776194272000
1776194274.562,174.562,0.56,33.0,0.55,15.0,0.73,8.63,0.74,15.0,0.27,8.63,0.26,15.0,0.44,33.0,0.45,15.0,0.17,0.17,43.370827,1776194273000
1776194275.631,175.631,0.56,33.0,0.55,15.0,0.73,8.63,0.74,15.0,0.27,8.63,0.26,15.0,0.44,33.0,0.45,15.0,0.17,0.17,43.358026,1776194274000
1776194276.951,176.951,0.56,33.0,0.55,15.0,0.73,8.63,0.74,15.0,0.27,8.63,0.26,15.0,0.44,33.0,0.45,15.0,0.17,0.17,43.355971,1776194275000
1776194277.531,177.531,0.56,33.0,0.55,15.0,0.73,8.63,0.74,15.0,0.27,8.63,0.26,15.0,0.44,33.0,0.45,15.0,0.17,0.17,43.348381,1776194276000
1776194278.318,178.318,0.56,33.0,0.55,15.0,0.73,8.63,0.74,15.0,0.27,8.63,0.26,15.0,0.44,33.0,0.45,15.0,0.17,0.17,43.348135,1776194277000
1776194279.008,179.008,0.56,33.0,0.55,15.0,0.73,8.63,0.74,15.0,0.27,8.63,0.26,15.0,0.44,33.0,0.45,15.0,0.17,0.17,43.348136,1776194278000
1776194280.372,180.372,0.56,33.0,0.55,15.0,0.73,8.63,0.74,15.0,0.27,8.63,0.26,15.0,0.44,33.0,0.45,15.0,0.17,0.17,43.34838,1776194279000
1776194281.225,181.225,0.56,33.0,0.55,15.0,0.73,8.63,0.74,15.0,0.27,8.63,0.26,15.0,0.44,33.0,0.45,15.0,0.17,0.17,43.34838,1776194280000
1776194282.55,182.55,0.56,33.0,0.55,15.0,0.73,8.63,0.74,15.0,0.27,8.63,0.26,15.0,0.44,33.0,0.45,15.0,0.17,0.17,43.349741,1776194281000
1776194283.417,183.417,0.56,33.0,0.55,15.0,0.73,8.63,0.74,15.0,0.27,8.63,0.26,15.0,0.44,33.0,0.45,15.0,0.17,0.17,43.349741,1776194282000
1776194284.067,184.067,0.56,33.0,0.55,15.0,0.73,8.63,0.74,15.0,0.27,8.63,0.26,15.0,0.44,33.0,0.45,15.0,0.17,0.17,43.348077,1776194283000
1776194285.489,185.489,0.56,33.0,0.55,15.0,0.73,8.63,0.74,15.0,0.27,8.63,0.26,15.0,0.44,33.0,0.45,15.0,0.17,0.17,43.348442,1776194284000
1776194286.351,186.351,0.56,33.0,0.55,15.0,0.73,8.63,0.74,15.0,0.27,8.63,0.26,15.0,0.44,33.0,0.45,15.0,0.17,0.17,43.349148,1776194285000
1776194287.039,187.039,0.56,33.0,0.55,15.0,0.73,8.63,0.74,15.0,0.27,8.63,0.26,15.0,0.44,33.0,0.45,15.0,0.17,0.17,43.350299,1776194286000
1776194288.492,188.492,0.56,33.0,0.55,15.0,0.73,8.63,0.74,15.0,0.27,8.63,0.26,15.0,0.44,33.0,0.45,15.0,0.17,0.17,43.345175,1776194287000
1776194289.171,189.171,0.56,33.0,0.55,15.0,0.73,8.63,0.74,15.0,0.27,8.63,0.26,15.0,0.44,33.0,0.45,15.0,0.17,0.17,43.345175,1776194288000
1776194290.538,190.538,0.56,33.0,0.55,15.0,0.73,8.63,0.74,15.0,0.27,8.63,0.26,15.0,0.44,33.0,0.45,15.0,0.17,0.17,43.342387,1776194289000
1776194291.267,191.267,0.56,33.0,0.55,15.0,0.73,8.63,0.74,15.0,0.27,8.63,0.26,15.0,0.44,33.0,0.45,15.0,0.17,0.17,43.342625,1776194290000
1776194292.714,192.714,0.56,33.0,0.55,15.0,0.73,8.63,0.74,15.0,0.27,8.63,0.26,15.0,0.44,33.0,0.45,15.0,0.17,0.17,43.345599,1776194291000
1776194293.401,193.401,0.52,15.0,0.51,15.0,0.72,6.48,0.73,15.0,0.28,6.48,0.27,15.0,0.48,15.0,0.49,15.0,0.2,0.2,43.34571,1776194292000
1776194294.466,194.466,0.52,15.0,0.51,15.0,0.72,6.48,0.73,15.0,0.28,6.48,0.27,15.0,0.48,15.0,0.49,15.0,0.2,0.2,43.34571,1776194293000
1776194295.177,195.177,0.52,15.0,0.51,15.0,0.72,6.48,0.73,15.0,0.28,6.48,0.27,15.0,0.48,15.0,0.49,15.0,0.2,0.2,43.345922,1776194294000
1776194296.173,196.173,0.52,15.0,0.51,15.0,0.72,6.48,0.73,15.0,0.28,6.48,0.27,15.0,0.48,15.0,0.49,15.0,0.2,0.2,43.342922,1776194295000
1776194297.185,197.185,0.52,15.0,0.51,15.0,0.72,6.48,0.73,15.0,0.28,6.48,0.27,15.0,0.48,15.0,0.49,15.0,0.2,0.2,43.339589,1776194296000
1776194298.306,198.306,0.52,15.0,0.51,15.0,0.72,6.48,0.73,15.0,0.28,6.48,0.27,15.0,0.48,15.0,0.49,15.0,0.2,0.2,43.340117,1776194297000
1776194299.33,199.33,0.52,15.0,0.51,15.0,0.72,6.48,0.73,15.0,0.28,6.48,0.27,15.0,0.48,15.0,0.49,15.0,0.2,0.2,43.340376,1776194298000
1776194299.937,199.937,0.52,15.0,0.51,15.0,0.72,6.48,0.73,15.0,0.28,6.48,0.27,15.0,0.48,15.0,0.49,15.0,0.2,0.2,43.340376,1776194299000
1776194300.943,200.943,0.52,15.0,0.51,15.0,0.72,6.48,0.73,15.0,0.28,6.48,0.27,15.0,0.48,15.0,0.49,15.0,0.2,0.2,43.34032,1776194300000
1776194301.977,201.977,0.52,15.0,0.51,15.0,0.72,6.48,0.73,15.0,0.28,6.48,0.27,15.0,0.48,15.0,0.49,15.0,0.2,0.2,43.34035,1776194301000
1776194303.19,203.19,0.43,7.98,0.42,25.0,0.57,15.0,0.58,15.0,0.43,15.0,0.42,15.0,0.57,7.98,0.58,25.0,0.14,0.14,43.34035,1776194302000
1776194304.33,204.33,0.43,7.98,0.42,25.0,0.57,15.0,0.58,15.0,0.43,15.0,0.42,15.0,0.57,7.98,0.58,25.0,0.14,0.14,43.340222,1776194303000
1776194305.226,205.226,0.26,10.98,0.25,15.0,0.35,10.0,0.46,9.0,0.43,15.0,0.42,15.0,0.57,7.98,0.58,25.0,0.09,0.14,43.340222,1776194303000
1776194306.339,206.339,0.26,10.98,0.25,15.0,0.35,10.0,0.46,9.0,0.65,10.0,0.54,9.0,0.74,10.98,0.75,15.0,0.09,0.09,43.337264,1776194305000
1776194306.947,206.947,0.26,10.98,0.25,15.0,0.35,10.0,0.46,9.0,0.65,10.0,0.54,9.0,0.74,10.98,0.75,15.0,0.09,0.09,43.332862,1776194306000
1776194307.161,207.161,0.27,8.83,0.26,10.98,0.42,10.0,0.47,15.0,0.65,10.0,0.54,9.0,0.74,10.98,0.75,15.0,0.15,0.09,43.332862,1776194306000
1776194308.335,208.335,0.27,8.83,0.26,10.98,0.42,10.0,0.47,15.0,0.58,10.0,0.53,15.0,0.73,8.83,0.74,10.98,0.15,0.15,43.329649,1776194307000
1776194309.347,209.347,0.27,8.83,0.26,10.98,0.42,10.0,0.47,15.0,0.58,10.0,0.53,15.0,0.73,8.83,0.74,10.98,0.15,0.15,43.326671,1776194308000
1776194309.977,209.977,0.27,8.83,0.26,10.98,0.42,10.0,0.47,15.0,0.58,10.0,0.53,15.0,0.73,8.83,0.74,10.98,0.15,0.15,43.326671,1776194309000
1776194310.8,210.8,0.34,9.95,0.33,15.0,0.43,10.0,0.53,25.0,0.58,10.0,0.53,15.0,0.73,8.83,0.74,10.98,0.09,0.15,43.326671,1776194309000
1776194312.015,212.015,0.34,4.9,0.33,15.0,0.43,10.0,0.53,25.0,0.57,10.0,0.47,25.0,0.66,4.9,0.67,15.0,0.09,0.09,43.327816,1776194311000
1776194313.002,213.002,0.34,4.9,0.33,15.0,0.43,10.0,0.53,25.0,0.57,10.0,0.47,25.0,0.66,4.9,0.67,15.0,0.09,0.09,43.326327,1776194312000
1776194313.954,213.954,0.34,4.9,0.33,15.0,0.43,10.0,0.53,25.0,0.57,10.0,0.47,25.0,0.66,4.9,0.67,15.0,0.09,0.09,43.326934,1776194313000
1776194315.07,215.07,0.34,4.9,0.33,15.0,0.43,10.0,0.53,25.0,0.57,10.0,0.47,25.0,0.66,4.9,0.67,15.0,0.09,0.09,43.327351,1776194314000
1776194316.139,216.139,0.34,4.9,0.33,15.0,0.43,10.0,0.53,25.0,0.57,10.0,0.47,25.0,0.66,4.9,0.67,15.0,0.09,0.09,43.328296,1776194315000
1776194317.172,217.172,0.34,4.9,0.33,15.0,0.43,10.0,0.53,25.0,0.57,10.0,0.47,25.0,0.66,4.9,0.67,15.0,0.09,0.09,43.328403,1776194316000
1776194318.193,218.193,0.34,4.9,0.33,15.0,0.43,10.0,0.53,25.0,0.57,10.0,0.47,25.0,0.66,4.9,0.67,15.0,0.09,0.09,43.327642,1776194317000
1776194319.233,219.233,0.34,4.9,0.33,15.0,0.43,10.0,0.53,25.0,0.57,10.0,0.47,25.0,0.66,4.9,0.67,15.0,0.09,0.09,43.326311,1776194318000
1776194320.301,220.301,0.34,4.9,0.33,15.0,0.43,10.0,0.53,25.0,0.57,10.0,0.47,25.0,0.66,4.9,0.67,15.0,0.09,0.09,43.326674,1776194319000
1776194321.905,221.905,0.34,4.9,0.33,15.0,0.43,10.0,0.53,25.0,0.57,10.0,0.47,25.0,0.66,4.9,0.67,15.0,0.09,0.09,43.327567,1776194320000
1776194322.235,222.235,0.28,10.87,0.24,15.0,0.3,10.0,0.39,8.0,0.57,10.0,0.47,25.0,0.66,4.9,0.67,15.0,0.02,0.09,43.327567,1776194320000
1776194322.495,222.495,0.28,10.87,0.24,15.0,0.3,10.0,0.39,8.0,0.7,10.0,0.61,8.0,0.72,10.87,0.76,15.0,0.02,0.02,43.327038,1776194321000
1776194323.123,223.123,0.28,10.87,0.24,15.0,0.3,10.0,0.39,8.0,0.7,10.0,0.61,8.0,0.72,10.87,0.76,15.0,0.02,0.02,43.32702,1776194322000
1776194324.418,224.418,0.28,10.87,0.24,15.0,0.3,10.0,0.39,8.0,0.7,10.0,0.61,8.0,0.72,10.87,0.76,15.0,0.02,0.02,43.326654,1776194323000
1776194324.982,224.982,0.28,10.87,0.24,15.0,0.3,10.0,0.39,8.0,0.7,10.0,0.61,8.0,0.72,10.87,0.76,15.0,0.02,0.02,43.326211,1776194324000
1776194326.238,226.238,0.28,10.87,0.24,15.0,0.3,10.0,0.39,8.0,0.7,10.0,0.61,8.0,0.72,10.87,0.76,15.0,0.02,0.02,43.326766,1776194325000
1776194327.483,227.483,0.28,10.87,0.24,15.0,0.3,10.0,0.39,8.0,0.7,10.0,0.61,8.0,0.72,10.87,0.76,15.0,0.02,0.02,43.326282,1776194326000
1776194327.953,227.953,0.28,10.87,0.24,15.0,0.3,10.0,0.39,8.0,0.7,10.0,0.61,8.0,0.72,10.87,0.76,15.0,0.02,0.02,43.326304,1776194327000
1776194329.116,229.116,0.28,10.87,0.24,15.0,0.3,10.0,0.39,8.0,0.7,10.0,0.61,8.0,0.72,10.87,0.76,15.0,0.02,0.02,43.326697,1776194328000
1776194330.266,230.266,0.28,10.87,0.24,15.0,0.3,10.0,0.39,8.0,0.7,10.0,0.61,8.0,0.72,10.87,0.76,15.0,0.02,0.02,43.326874,1776194329000
1776194331.439,231.439,0.28,10.87,0.24,15.0,0.3,10.0,0.39,8.0,0.7,10.0,0.61,8.0,0.72,10.87,0.76,15.0,0.02,0.02,43.326929,1776194330000
1776194331.75,231.75,0.28,3.93,0.27,15.0,0.34,10.0,0.37,7.0,0.7,10.0,0.61,8.0,0.72,10.87,0.76,15.0,0.06,0.02,43.326929,1776194330000
1776194332.055,232.055,0.28,2.54,0.27,15.0,0.34,10.0,0.37,7.0,0.66,10.0,0.63,7.0,0.72,2.54,0.73,15.0,0.06,0.06,43.326929,1776194331000
1776194332.347,232.347,0.26,15.0,0.25,15.0,0.33,7.0,0.34,10.0,0.66,10.0,0.63,7.0,0.72,2.54,0.73,15.0,0.07,0.06,43.326929,1776194331000
1776194333.335,233.335,0.26,15.0,0.25,15.0,0.33,7.0,0.34,10.0,0.67,7.0,0.66,10.0,0.74,15.0,0.75,15.0,0.07,0.07,43.330358,1776194332000
1776194333.971,233.971,0.26,15.0,0.25,15.0,0.33,7.0,0.34,10.0,0.67,7.0,0.66,10.0,0.74,15.0,0.75,15.0,0.07,0.07,43.330207,1776194333000
1776194334.201,234.201,0.21,9.0,0.2,15.0,0.26,10.0,0.32,7.0,0.67,7.0,0.66,10.0,0.74,15.0,0.75,15.0,0.05,0.07,43.330207,1776194333000
1776194335.098,235.098,0.21,9.0,0.2,15.0,0.26,10.0,0.32,7.0,0.74,10.0,0.68,7.0,0.79,9.0,0.8,15.0,0.05,0.05,43.323357,1776194334000
1776194336.292,236.292,0.21,9.0,0.2,15.0,0.26,10.0,0.32,7.0,0.74,10.0,0.68,7.0,0.79,9.0,0.8,15.0,0.05,0.05,43.320274,1776194335000
1776194337.237,237.237,0.21,9.0,0.2,15.0,0.26,10.0,0.32,7.0,0.74,10.0,0.68,7.0,0.79,9.0,0.8,15.0,0.05,0.05,43.319275,1776194336000
1776194337.438,237.438,0.24,8.22,0.23,15.0,0.25,10.0,0.31,7.0,0.74,10.0,0.68,7.0,0.79,9.0,0.8,15.0,0.01,0.05,43.319275,1776194336000
1776194338.283,238.283,0.24,8.22,0.23,15.0,0.25,10.0,0.31,7.0,0.75,10.0,0.69,7.0,0.76,8.22,0.77,15.0,0.01,0.01,43.320009,1776194337000
1776194339.288,239.288,0.24,8.22,0.23,15.0,0.25,10.0,0.31,7.0,0.75,10.0,0.69,7.0,0.76,8.22,0.77,15.0,0.01,0.01,43.32002,1776194338000
1776194340.453,240.453,0.24,8.22,0.23,15.0,0.25,10.0,0.31,7.0,0.75,10.0,0.69,7.0,0.76,8.22,0.77,15.0,0.01,0.01,43.320018,1776194339000
1776194341.252,241.252,0.24,8.22,0.23,15.0,0.25,10.0,0.31,7.0,0.75,10.0,0.69,7.0,0.76,8.22,0.77,15.0,0.01,0.01,43.319458,1776194340000
1776194342.408,242.408,0.24,8.22,0.23,15.0,0.25,10.0,0.31,7.0,0.75,10.0,0.69,7.0,0.76,8.22,0.77,15.0,0.01,0.01,43.319124,1776194341000
1776194342.992,242.992,0.24,8.22,0.23,15.0,0.25,10.0,0.31,7.0,0.75,10.0,0.69,7.0,0.76,8.22,0.77,15.0,0.01,0.01,43.319017,1776194342000
1776194344.131,244.131,0.24,8.22,0.23,15.0,0.25,10.0,0.31,7.0,0.75,10.0,0.69,7.0,0.76,8.22,0.77,15.0,0.01,0.01,43.316499,1776194343000
1776194345.332,245.332,0.24,8.22,0.23,15.0,0.25,10.0,0.31,7.0,0.75,10.0,0.69,7.0,0.76,8.22,0.77,15.0,0.01,0.01,43.316919,1776194344000
1776194346.321,246.321,0.24,8.22,0.23,15.0,0.25,10.0,0.31,7.0,0.75,10.0,0.69,7.0,0.76,8.22,0.77,15.0,0.01,0.01,43.31698,1776194345000
1776194346.886,246.886,0.24,8.22,0.23,15.0,0.25,10.0,0.31,7.0,0.75,10.0,0.69,7.0,0.76,8.22,0.77,15.0,0.01,0.01,43.317211,1776194346000
1776194348.026,248.026,0.24,8.22,0.23,15.0,0.25,10.0,0.31,7.0,0.75,10.0,0.69,7.0,0.76,8.22,0.77,15.0,0.01,0.01,43.316899,1776194347000
1776194349.205,249.205,0.24,8.22,0.23,15.0,0.25,10.0,0.31,7.0,0.75,10.0,0.69,7.0,0.76,8.22,0.77,15.0,0.01,0.01,43.320435,1776194348000
1776194350.434,250.434,0.24,8.22,0.23,15.0,0.25,10.0,0.31,7.0,0.75,10.0,0.69,7.0,0.76,8.22,0.77,15.0,0.01,0.01,43.320983,1776194349000
1776194351.016,251.016,0.24,8.22,0.23,15.0,0.25,10.0,0.31,7.0,0.75,10.0,0.69,7.0,0.76,8.22,0.77,15.0,0.01,0.01,43.320983,1776194350000
1776194352.341,252.341,0.24,8.22,0.23,15.0,0.25,10.0,0.31,7.0,0.75,10.0,0.69,7.0,0.76,8.22,0.77,15.0,0.01,0.01,43.321509,1776194351000
1776194353.609,253.609,0.24,8.22,0.23,15.0,0.25,10.0,0.31,7.0,0.75,10.0,0.69,7.0,0.76,8.22,0.77,15.0,0.01,0.01,43.322018,1776194352000
1776194354.258,254.258,0.24,8.22,0.23,15.0,0.25,10.0,0.31,7.0,0.75,10.0,0.69,7.0,0.76,8.22,0.77,15.0,0.01,0.01,43.322018,1776194353000
1776194355.165,255.165,0.21,8.77,0.2,15.0,0.28,6.0,0.29,10.0,0.75,10.0,0.69,7.0,0.76,8.22,0.77,15.0,0.07,0.01,43.322018,1776194353000
1776194355.548,255.548,0.21,8.77,0.2,15.0,0.28,6.0,0.29,10.0,0.72,6.0,0.71,10.0,0.79,8.77,0.8,15.0,0.07,0.07,43.322018,1776194354000
1776194355.951,255.951,0.18,9.87,0.17,15.0,0.26,6.0,0.29,10.0,0.72,6.0,0.71,10.0,0.79,8.77,0.8,15.0,0.08,0.07,43.322018,1776194354000
1776194356.2,256.2,0.18,9.87,0.17,15.0,0.26,6.0,0.29,10.0,0.74,6.0,0.71,10.0,0.82,9.87,0.83,15.0,0.08,0.08,43.32189,1776194355000
1776194357.586,257.586,0.18,9.87,0.17,15.0,0.26,6.0,0.29,10.0,0.74,6.0,0.71,10.0,0.82,9.87,0.83,15.0,0.08,0.08,43.321387,1776194356000
1776194358.228,258.228,0.18,9.87,0.17,15.0,0.26,6.0,0.29,10.0,0.74,6.0,0.71,10.0,0.82,9.87,0.83,15.0,0.08,0.08,43.321387,1776194357000
1776194359.533,259.533,0.18,9.87,0.17,15.0,0.26,6.0,0.29,10.0,0.74,6.0,0.71,10.0,0.82,9.87,0.83,15.0,0.08,0.08,43.321443,1776194358000
1776194360.226,260.226,0.18,9.87,0.17,15.0,0.26,6.0,0.29,10.0,0.74,6.0,0.71,10.0,0.82,9.87,0.83,15.0,0.08,0.08,43.320602,1776194359000
1776194361.505,261.505,0.18,9.87,0.17,15.0,0.26,6.0,0.29,10.0,0.74,6.0,0.71,10.0,0.82,9.87,0.83,15.0,0.08,0.08,43.32055,1776194360000
1776194362.228,262.228,0.18,9.87,0.17,15.0,0.26,6.0,0.29,10.0,0.74,6.0,0.71,10.0,0.82,9.87,0.83,15.0,0.08,0.08,43.32055,1776194361000
1776194363.536,263.536,0.18,9.87,0.17,15.0,0.26,6.0,0.29,10.0,0.74,6.0,0.71,10.0,0.82,9.87,0.83,15.0,0.08,0.08,43.32034,1776194362000
1776194364.332,264.332,0.18,9.87,0.17,15.0,0.26,6.0,0.29,10.0,0.74,6.0,0.71,10.0,0.82,9.87,0.83,15.0,0.08,0.08,43.32034,1776194363000
1776194365.943,265.943,0.18,9.87,0.17,15.0,0.26,6.0,0.29,10.0,0.74,6.0,0.71,10.0,0.82,9.87,0.83,15.0,0.08,0.08,43.320557,1776194364000
1776194366.354,266.354,0.18,9.87,0.17,15.0,0.26,6.0,0.29,10.0,0.74,6.0,0.71,10.0,0.82,9.87,0.83,15.0,0.08,0.08,43.320767,1776194365000
1776194366.621,266.621,0.16,10.79,0.15,15.0,0.23,10.0,0.26,6.0,0.74,6.0,0.71,10.0,0.82,9.87,0.83,15.0,0.07,0.08,43.320767,1776194365000
1776194367.166,267.166,0.16,10.79,0.15,15.0,0.23,10.0,0.26,6.0,0.77,10.0,0.74,6.0,0.84,10.79,0.85,15.0,0.07,0.07,43.320767,1776194366000
1776194368.422,268.422,0.16,10.79,0.15,15.0,0.23,10.0,0.26,6.0,0.77,10.0,0.74,6.0,0.84,10.79,0.85,15.0,0.07,0.07,43.321311,1776194367000
1776194368.762,268.762,0.3,10.0,0.19,15.0,0.47,3.68,0.55,15.0,0.77,10.0,0.74,6.0,0.84,10.79,0.85,15.0,0.17,0.07,43.321311,1776194367000
1776194369.789,269.789,0.3,10.0,0.19,15.0,0.47,3.68,0.55,15.0,0.53,3.68,0.45,15.0,0.7,10.0,0.81,15.0,0.17,0.17,43.321683,1776194368000
1776194370.521,270.521,0.35,7.0,0.22,18.84,0.38,8.0,0.39,10.0,0.53,3.68,0.45,15.0,0.7,10.0,0.81,15.0,0.03,0.17,43.321683,1776194368000
1776194370.723,270.723,0.22,5.64,0.21,15.0,0.38,8.0,0.39,10.0,0.62,8.0,0.61,10.0,0.65,1.95,0.78,18.84,0.16,0.03,43.321683,1776194368000
1776194371.435,271.435,0.22,0.59,0.21,15.0,0.38,8.0,0.39,10.0,0.62,8.0,0.61,10.0,0.78,0.59,0.79,15.0,0.16,0.16,43.32573,1776194370000
1776194372.477,272.477,0.22,0.59,0.21,15.0,0.38,8.0,0.39,10.0,0.62,8.0,0.61,10.0,0.78,0.59,0.79,15.0,0.16,0.16,43.330547,1776194371000
1776194373.181,273.181,0.22,0.59,0.21,15.0,0.38,8.0,0.39,10.0,0.62,8.0,0.61,10.0,0.78,0.59,0.79,15.0,0.16,0.16,43.331017,1776194372000
1776194374.545,274.545,0.22,0.59,0.21,15.0,0.38,8.0,0.39,10.0,0.62,8.0,0.61,10.0,0.78,0.59,0.79,15.0,0.16,0.16,43.3265,1776194373000
1776194375.216,275.216,0.22,0.59,0.21,15.0,0.38,8.0,0.39,10.0,0.62,8.0,0.61,10.0,0.78,0.59,0.79,15.0,0.16,0.16,43.3247,1776194374000
1776194376.157,276.157,0.2,0.51,0.17,65.0,0.29,7.0,0.3,6.0,0.74,10.0,0.71,7.0,0.8,0.51,0.83,65.0,0.09,0.06,43.3247,1776194374000
1776194376.731,276.731,0.2,0.51,0.17,65.0,0.29,7.0,0.3,6.0,0.71,7.0,0.7,6.0,0.8,0.51,0.83,65.0,0.09,0.09,43.325815,1776194375000
1776194377.454,277.454,0.2,0.51,0.17,65.0,0.29,7.0,0.3,6.0,0.71,7.0,0.7,6.0,0.8,0.51,0.83,65.0,0.09,0.09,43.325815,1776194376000
1776194378.181,278.181,0.2,0.51,0.17,65.0,0.29,7.0,0.3,6.0,0.71,7.0,0.7,6.0,0.8,0.51,0.83,65.0,0.09,0.09,43.325512,1776194377000
1776194379.553,279.553,0.2,0.51,0.17,65.0,0.29,7.0,0.3,6.0,0.71,7.0,0.7,6.0,0.8,0.51,0.83,65.0,0.09,0.09,43.3281,1776194378000
1776194380.261,280.261,0.2,0.51,0.17,65.0,0.29,7.0,0.3,6.0,0.71,7.0,0.7,6.0,0.8,0.51,0.83,65.0,0.09,0.09,43.328324,1776194379000
1776194381.602,281.602,0.2,0.51,0.17,65.0,0.29,7.0,0.3,6.0,0.71,7.0,0.7,6.0,0.8,0.51,0.83,65.0,0.09,0.09,43.329459,1776194380000
1776194382.348,282.348,0.2,0.51,0.17,65.0,0.29,7.0,0.3,6.0,0.71,7.0,0.7,6.0,0.8,0.51,0.83,65.0,0.09,0.09,43.329459,1776194381000
1776194383.065,283.065,0.2,0.51,0.17,65.0,0.29,7.0,0.3,6.0,0.71,7.0,0.7,6.0,0.8,0.51,0.83,65.0,0.09,0.09,43.32964,1776194382000
1776194384.535,284.535,0.2,0.51,0.17,65.0,0.29,7.0,0.3,6.0,0.71,7.0,0.7,6.0,0.8,0.51,0.83,65.0,0.09,0.09,43.329701,1776194383000
1776194385.26,285.26,0.2,0.51,0.17,65.0,0.29,7.0,0.3,6.0,0.71,7.0,0.7,6.0,0.8,0.51,0.83,65.0,0.09,0.09,43.329701,1776194384000
1776194385.472,285.472,0.19,5.0,0.17,6.0,0.27,6.0,0.36,10.0,0.71,7.0,0.7,6.0,0.8,0.51,0.83,65.0,0.08,0.09,43.329701,1776194384000
1776194386.907,286.907,0.19,5.0,0.17,6.0,0.27,6.0,0.36,10.0,0.73,6.0,0.64,10.0,0.81,5.0,0.83,6.0,0.08,0.08,43.329701,1776194385000
1776194387.658,287.658,0.19,5.0,0.17,6.0,0.27,6.0,0.36,10.0,0.73,6.0,0.64,10.0,0.81,5.0,0.83,6.0,0.08,0.08,43.329578,1776194386000
1776194388.712,288.712,0.19,5.0,0.17,6.0,0.27,6.0,0.36,10.0,0.73,6.0,0.64,10.0,0.81,5.0,0.83,6.0,0.08,0.08,43.329603,1776194387000
1776194389.158,289.158,0.19,5.0,0.17,6.0,0.27,6.0,0.36,10.0,0.73,6.0,0.64,10.0,0.81,5.0,0.83,6.0,0.08,0.08,43.329603,1776194388000
1776194390.218,290.218,0.19,5.0,0.17,6.0,0.27,6.0,0.36,10.0,0.73,6.0,0.64,10.0,0.81,5.0,0.83,6.0,0.08,0.08,43.329497,1776194389000
1776194390.553,290.553,0.17,4.8,0.11,10.0,0.27,6.0,0.28,10.0,0.73,6.0,0.64,10.0,0.81,5.0,0.83,6.0,0.1,0.08,43.329497,1776194389000
1776194391.232,291.232,0.17,4.8,0.11,10.0,0.27,6.0,0.28,10.0,0.73,6.0,0.72,10.0,0.83,4.8,0.89,10.0,0.1,0.1,43.329495,1776194390000
1776194392.357,292.357,0.17,4.8,0.11,10.0,0.27,6.0,0.28,10.0,0.73,6.0,0.72,10.0,0.83,4.8,0.89,10.0,0.1,0.1,43.329551,1776194391000
1776194392.59,292.59,0.17,3.6,0.05,20.0,0.27,6.0,0.85,100.0,0.73,6.0,0.72,10.0,0.83,4.8,0.89,10.0,0.1,0.1,43.329551,1776194391000
1776194392.895,292.895,0.05,20.0,0.02,5.0,0.15,6.4,0.27,6.0,0.73,6.0,0.15,100.0,0.83,3.6,0.95,20.0,0.1,0.1,43.329551,1776194391000
1776194393.337,293.337,0.05,20.0,0.02,5.0,0.15,6.4,0.27,6.0,0.85,6.4,0.73,6.0,0.95,20.0,0.98,5.0,0.1,0.1,43.329528,1776194392000
1776194393.865,293.865,0.05,20.0,0.02,5.0,0.15,6.4,0.27,6.0,0.85,6.4,0.73,6.0,0.95,20.0,0.98,5.0,0.1,0.1,43.329528,1776194393000
1776194394.894,294.894,0.05,20.0,0.02,5.0,0.15,6.4,0.27,6.0,0.85,6.4,0.73,6.0,0.95,20.0,0.98,5.0,0.1,0.1,43.329521,1776194394000
1776194395.139,295.139,0.05,4.21,0.02,5.0,0.11,10.0,0.27,6.0,0.85,6.4,0.73,6.0,0.95,20.0,0.98,5.0,0.06,0.1,43.329521,1776194394000
1776194396.405,296.405,0.05,4.21,0.02,5.0,0.11,10.0,0.27,6.0,0.89,10.0,0.73,6.0,0.95,4.21,0.98,5.0,0.06,0.06,43.329411,1776194395000
1776194397.174,297.174,0.02,3.21,0.01,195.0,0.09,10.0,0.27,6.0,0.89,10.0,0.73,6.0,0.95,4.21,0.98,5.0,0.07,0.06,43.329411,1776194395000
1776194397.437,297.437,0.01,187.21,,,0.09,10.0,0.27,6.0,0.91,10.0,0.73,6.0,0.98,3.21,0.99,195.0,0.08,0.07,43.328226,1776194396000
1776194397.867,297.867,0.01,177.21,,,0.09,10.0,0.27,6.0,0.91,10.0,0.73,6.0,0.99,187.21,,,0.08,0.08,43.328226,1776194396000
1776194398.276,298.276,0.01,64.14,,,0.09,10.0,0.27,6.0,0.91,10.0,0.73,6.0,0.99,69.14,,,0.08,0.08,43.328226,1776194396000
1776194398.483,298.483,0.01,4.14,,,0.09,10.0,0.27,6.0,0.91,10.0,0.73,6.0,0.99,49.14,,,0.08,0.08,43.324603,1776194397000
1776194398.933,298.933,,,,,0.27,6.0,0.34,5.0,0.73,6.0,0.66,5.0,,,,,,,43.324355,1776194398000
1776194399.886,299.886,,,,,0.27,6.0,0.34,5.0,0.73,6.0,0.66,5.0,,,,,,,43.324342,1776194399000
1776194400.92,300.92,,,,,0.27,6.0,0.34,5.0,0.73,6.0,0.66,5.0,,,,,,,43.328228,1776194400000
1776194402.335,302.335,,,,,0.27,6.0,0.34,5.0,0.73,6.0,0.66,5.0,,,,,,,43.325251,1776194401000

# RESULT,winner=Down,slug=hype-updown-5m-1776194100,ticks=325
