timestamp,elapsed_sec,up_bid_p1,up_bid_s1,up_bid_p2,up_bid_s2,up_ask_p1,up_ask_s1,up_ask_p2,up_ask_s2,down_bid_p1,down_bid_s1,down_bid_p2,down_bid_s2,down_ask_p1,down_ask_s1,down_ask_p2,down_ask_s2,up_spread,down_spread,hype_price,hype_oracle_ts
1776307800.924,0.924,0.41,37.0,0.4,33.0,0.59,37.0,0.6,33.0,0.41,37.0,0.4,33.0,0.59,37.0,0.6,33.0,0.18,0.18,44.8004,1776307800000
1776307802.043,2.043,0.41,37.0,0.4,33.0,0.59,37.0,0.6,33.0,0.41,37.0,0.4,33.0,0.59,37.0,0.6,33.0,0.18,0.18,44.812089,1776307801000
1776307803.696,3.696,0.52,10.0,0.11,100.0,0.89,100.0,0.92,34.5,0.11,100.0,0.08,34.5,0.48,10.0,0.89,100.0,0.37,0.37,44.819753,1776307802000
1776307804.852,4.852,0.52,10.0,0.11,100.0,0.89,100.0,0.92,34.5,0.11,100.0,0.08,34.5,0.48,10.0,0.89,100.0,0.37,0.37,44.820682,1776307803000
1776307805.526,5.526,0.52,10.0,0.11,100.0,0.89,100.0,0.92,34.5,0.11,100.0,0.08,34.5,0.48,10.0,0.89,100.0,0.37,0.37,44.820088,1776307804000
1776307806.49,6.49,0.52,10.0,0.11,100.0,0.89,100.0,0.92,34.5,0.11,100.0,0.08,34.5,0.48,10.0,0.89,100.0,0.37,0.37,44.820088,1776307805000
1776307807.196,7.196,0.52,10.0,0.11,100.0,0.89,100.0,0.92,34.5,0.11,100.0,0.08,34.5,0.48,10.0,0.89,100.0,0.37,0.37,44.820635,1776307806000
1776307808.883,8.883,0.52,10.0,0.11,100.0,0.89,100.0,0.92,34.5,0.11,100.0,0.08,34.5,0.48,10.0,0.89,100.0,0.37,0.37,44.820296,1776307807000
1776307809.762,9.762,0.52,10.0,0.11,100.0,0.89,100.0,0.92,34.5,0.11,100.0,0.08,34.5,0.48,10.0,0.89,100.0,0.37,0.37,44.820075,1776307808000
1776307810.527,10.527,0.52,10.0,0.11,100.0,0.89,100.0,0.92,34.5,0.11,100.0,0.08,34.5,0.48,10.0,0.89,100.0,0.37,0.37,44.819959,1776307809000
1776307811.408,11.408,0.52,10.0,0.11,100.0,0.89,100.0,0.92,34.5,0.11,100.0,0.08,34.5,0.48,10.0,0.89,100.0,0.37,0.37,44.820042,1776307810000
1776307812.144,12.144,0.52,10.0,0.11,100.0,0.89,100.0,0.92,34.5,0.11,100.0,0.08,34.5,0.48,10.0,0.89,100.0,0.37,0.37,44.820042,1776307811000
1776307813.711,13.711,0.52,10.0,0.11,100.0,0.89,100.0,0.92,34.5,0.11,100.0,0.08,34.5,0.48,10.0,0.89,100.0,0.37,0.37,44.819174,1776307812000
1776307814.515,14.515,0.52,10.0,0.11,100.0,0.89,100.0,0.92,34.5,0.11,100.0,0.08,34.5,0.48,10.0,0.89,100.0,0.37,0.37,44.819155,1776307813000
1776307815.288,15.288,0.52,10.0,0.11,100.0,0.89,100.0,0.92,34.5,0.11,100.0,0.08,34.5,0.48,10.0,0.89,100.0,0.37,0.37,44.816894,1776307814000
1776307816.784,16.784,0.52,10.0,0.11,100.0,0.89,100.0,0.92,34.5,0.11,100.0,0.08,34.5,0.48,10.0,0.89,100.0,0.37,0.37,44.815099,1776307815000
1776307817.624,17.624,0.52,10.0,0.11,100.0,0.89,100.0,0.92,34.5,0.11,100.0,0.08,34.5,0.48,10.0,0.89,100.0,0.37,0.37,44.813036,1776307816000
1776307818.271,18.271,0.52,10.0,0.11,100.0,0.89,100.0,0.92,34.5,0.11,100.0,0.08,34.5,0.48,10.0,0.89,100.0,0.37,0.37,44.812438,1776307817000
1776307819.756,19.756,0.52,10.0,0.11,100.0,0.89,100.0,0.92,34.5,0.11,100.0,0.08,34.5,0.48,10.0,0.89,100.0,0.37,0.37,44.816214,1776307818000
1776307820.589,20.589,0.52,10.0,0.11,100.0,0.89,100.0,0.92,34.5,0.11,100.0,0.08,34.5,0.48,10.0,0.89,100.0,0.37,0.37,44.81636,1776307819000
1776307821.487,21.487,0.52,10.0,0.11,100.0,0.89,100.0,0.92,34.5,0.11,100.0,0.08,34.5,0.48,10.0,0.89,100.0,0.37,0.37,44.817258,1776307820000
1776307822.095,22.095,0.52,10.0,0.11,100.0,0.89,100.0,0.92,34.5,0.11,100.0,0.08,34.5,0.48,10.0,0.89,100.0,0.37,0.37,44.819126,1776307821000
1776307823.871,23.871,0.52,10.0,0.11,100.0,0.89,100.0,0.92,34.5,0.11,100.0,0.08,34.5,0.48,10.0,0.89,100.0,0.37,0.37,44.820956,1776307822000
1776307824.426,24.426,0.52,10.0,0.11,100.0,0.89,100.0,0.92,34.5,0.11,100.0,0.08,34.5,0.48,10.0,0.89,100.0,0.37,0.37,44.821046,1776307823000
1776307824.96,24.96,0.52,10.0,0.11,100.0,0.89,100.0,0.92,34.5,0.11,100.0,0.08,34.5,0.48,10.0,0.89,100.0,0.37,0.37,44.821046,1776307824000
1776307826.006,26.006,0.52,10.0,0.11,100.0,0.89,100.0,0.92,34.5,0.11,100.0,0.08,34.5,0.48,10.0,0.89,100.0,0.37,0.37,44.82022,1776307825000
1776307827.134,27.134,0.52,10.0,0.11,100.0,0.89,100.0,0.92,34.5,0.11,100.0,0.08,34.5,0.48,10.0,0.89,100.0,0.37,0.37,44.820156,1776307826000
1776307828.026,28.026,0.52,10.0,0.11,100.0,0.89,100.0,0.92,34.5,0.11,100.0,0.08,34.5,0.48,10.0,0.89,100.0,0.37,0.37,44.820298,1776307827000
1776307829.074,29.074,0.52,10.0,0.11,100.0,0.89,100.0,0.92,34.5,0.11,100.0,0.08,34.5,0.48,10.0,0.89,100.0,0.37,0.37,44.820298,1776307828000
1776307830.083,30.083,0.52,10.0,0.11,100.0,0.89,100.0,0.92,34.5,0.11,100.0,0.08,34.5,0.48,10.0,0.89,100.0,0.37,0.37,44.822362,1776307829000
1776307831.191,31.191,0.52,10.0,0.11,100.0,0.89,100.0,0.92,34.5,0.11,100.0,0.08,34.5,0.48,10.0,0.89,100.0,0.37,0.37,44.822333,1776307830000
1776307832.219,32.219,0.52,10.0,0.11,100.0,0.89,100.0,0.92,34.5,0.11,100.0,0.08,34.5,0.48,10.0,0.89,100.0,0.37,0.37,44.824148,1776307831000
1776307833.294,33.294,0.52,10.0,0.11,100.0,0.89,100.0,0.92,34.5,0.11,100.0,0.08,34.5,0.48,10.0,0.89,100.0,0.37,0.37,44.824118,1776307832000
1776307834.191,34.191,0.52,10.0,0.11,100.0,0.89,100.0,0.92,34.5,0.11,100.0,0.08,34.5,0.48,10.0,0.89,100.0,0.37,0.37,44.82207,1776307833000
1776307835.131,35.131,0.52,10.0,0.11,100.0,0.89,100.0,0.92,34.5,0.11,100.0,0.08,34.5,0.48,10.0,0.89,100.0,0.37,0.37,44.821336,1776307834000
1776307836.112,36.112,0.52,10.0,0.11,100.0,0.89,100.0,0.92,34.5,0.11,100.0,0.08,34.5,0.48,10.0,0.89,100.0,0.37,0.37,44.823172,1776307835000
1776307837.017,37.017,0.52,10.0,0.11,100.0,0.89,100.0,0.92,34.5,0.11,100.0,0.08,34.5,0.48,10.0,0.89,100.0,0.37,0.37,44.823894,1776307836000
1776307838.096,38.096,0.52,10.0,0.11,100.0,0.89,100.0,0.92,34.5,0.11,100.0,0.08,34.5,0.48,10.0,0.89,100.0,0.37,0.37,44.824638,1776307837000
1776307839.03,39.03,0.52,10.0,0.11,100.0,0.89,100.0,0.92,34.5,0.11,100.0,0.08,34.5,0.48,10.0,0.89,100.0,0.37,0.37,44.824227,1776307838000
1776307840.112,40.112,0.52,10.0,0.11,100.0,0.89,100.0,0.92,34.5,0.11,100.0,0.08,34.5,0.48,10.0,0.89,100.0,0.37,0.37,44.825175,1776307839000
1776307841.12,41.12,0.52,10.0,0.11,100.0,0.89,100.0,0.92,34.5,0.11,100.0,0.08,34.5,0.48,10.0,0.89,100.0,0.37,0.37,44.825033,1776307840000
1776307842.026,42.026,0.52,10.0,0.11,100.0,0.89,100.0,0.92,34.5,0.11,100.0,0.08,34.5,0.48,10.0,0.89,100.0,0.37,0.37,44.82538,1776307841000
1776307842.999,42.999,0.52,10.0,0.11,100.0,0.89,100.0,0.92,34.5,0.11,100.0,0.08,34.5,0.48,10.0,0.89,100.0,0.37,0.37,44.823971,1776307842000
1776307843.981,43.981,0.52,10.0,0.11,100.0,0.89,100.0,0.92,34.5,0.11,100.0,0.08,34.5,0.48,10.0,0.89,100.0,0.37,0.37,44.823816,1776307843000
1776307844.997,44.997,0.52,10.0,0.11,100.0,0.89,100.0,0.92,34.5,0.11,100.0,0.08,34.5,0.48,10.0,0.89,100.0,0.37,0.37,44.823796,1776307844000
1776307845.898,45.898,0.52,10.0,0.11,100.0,0.89,100.0,0.92,34.5,0.11,100.0,0.08,34.5,0.48,10.0,0.89,100.0,0.37,0.37,44.823848,1776307845000
1776307846.894,46.894,0.44,15.0,0.31,50.0,0.51,4.81,0.52,5.0,0.11,100.0,0.08,34.5,0.48,10.0,0.89,100.0,0.07,0.37,44.823848,1776307845000
1776307847.34,47.34,0.44,15.0,0.31,50.0,0.51,4.81,0.52,5.0,0.49,4.81,0.48,5.0,0.56,15.0,0.69,50.0,0.07,0.07,44.813393,1776307846000
1776307848.241,48.241,0.44,15.0,0.31,50.0,0.51,4.81,0.52,5.0,0.49,4.81,0.48,5.0,0.56,15.0,0.69,50.0,0.07,0.07,44.810803,1776307847000
1776307849.705,49.705,0.44,15.0,0.31,50.0,0.51,4.81,0.52,5.0,0.49,4.81,0.48,5.0,0.56,15.0,0.69,50.0,0.07,0.07,44.810401,1776307848000
1776307850.511,50.511,0.44,15.0,0.31,50.0,0.51,4.81,0.52,5.0,0.49,4.81,0.48,5.0,0.56,15.0,0.69,50.0,0.07,0.07,44.809677,1776307849000
1776307851.447,51.447,0.44,15.0,0.31,50.0,0.51,4.81,0.52,5.0,0.49,4.81,0.48,5.0,0.56,15.0,0.69,50.0,0.07,0.07,44.809677,1776307850000
1776307852.226,52.226,0.44,15.0,0.31,50.0,0.51,4.81,0.52,5.0,0.49,4.81,0.48,5.0,0.56,15.0,0.69,50.0,0.07,0.07,44.809675,1776307851000
1776307853.766,53.766,0.44,15.0,0.31,50.0,0.51,4.81,0.52,5.0,0.49,4.81,0.48,5.0,0.56,15.0,0.69,50.0,0.07,0.07,44.81007,1776307852000
1776307854.413,54.413,0.44,15.0,0.31,50.0,0.51,4.81,0.52,5.0,0.49,4.81,0.48,5.0,0.56,15.0,0.69,50.0,0.07,0.07,44.809983,1776307853000
1776307855.673,55.673,0.44,15.0,0.31,50.0,0.51,4.81,0.52,5.0,0.49,4.81,0.48,5.0,0.56,15.0,0.69,50.0,0.07,0.07,44.809995,1776307854000
1776307856.294,56.294,0.44,15.0,0.31,50.0,0.51,4.81,0.52,5.0,0.49,4.81,0.48,5.0,0.56,15.0,0.69,50.0,0.07,0.07,44.810293,1776307855000
1776307857.457,57.457,0.44,15.0,0.31,50.0,0.51,4.81,0.52,5.0,0.49,4.81,0.48,5.0,0.56,15.0,0.69,50.0,0.07,0.07,44.816033,1776307856000
1776307858.532,58.532,0.44,15.0,0.31,50.0,0.51,4.81,0.52,5.0,0.49,4.81,0.48,5.0,0.56,15.0,0.69,50.0,0.07,0.07,44.816296,1776307857000
1776307859.002,59.002,0.44,15.0,0.31,50.0,0.51,4.81,0.52,5.0,0.49,4.81,0.48,5.0,0.56,15.0,0.69,50.0,0.07,0.07,44.820008,1776307858000
1776307860.291,60.291,0.44,15.0,0.31,50.0,0.51,4.81,0.52,5.0,0.49,4.81,0.48,5.0,0.56,15.0,0.69,50.0,0.07,0.07,44.822909,1776307859000
1776307861.016,61.016,0.44,15.0,0.31,50.0,0.51,4.81,0.52,5.0,0.49,4.81,0.48,5.0,0.56,15.0,0.69,50.0,0.07,0.07,44.826088,1776307860000
1776307862.25,62.25,0.44,15.0,0.31,50.0,0.51,4.81,0.52,5.0,0.49,4.81,0.48,5.0,0.56,15.0,0.69,50.0,0.07,0.07,44.826147,1776307861000
1776307863.616,63.616,0.44,15.0,0.31,50.0,0.51,4.81,0.52,5.0,0.49,4.81,0.48,5.0,0.56,15.0,0.69,50.0,0.07,0.07,44.826237,1776307862000
1776307864.341,64.341,0.44,15.0,0.31,50.0,0.51,4.81,0.52,5.0,0.49,4.81,0.48,5.0,0.56,15.0,0.69,50.0,0.07,0.07,44.826296,1776307863000
1776307864.955,64.955,0.44,15.0,0.31,50.0,0.51,4.81,0.52,5.0,0.49,4.81,0.48,5.0,0.56,15.0,0.69,50.0,0.07,0.07,44.82647,1776307864000
1776307866.163,66.163,0.44,15.0,0.31,50.0,0.51,4.81,0.52,5.0,0.49,4.81,0.48,5.0,0.56,15.0,0.69,50.0,0.07,0.07,44.826273,1776307865000
1776307867.199,67.199,0.44,15.0,0.31,50.0,0.51,4.81,0.52,5.0,0.49,4.81,0.48,5.0,0.56,15.0,0.69,50.0,0.07,0.07,44.826147,1776307866000
1776307868.872,68.872,0.44,15.0,0.31,50.0,0.51,4.81,0.52,5.0,0.49,4.81,0.48,5.0,0.56,15.0,0.69,50.0,0.07,0.07,44.825301,1776307867000
1776307869.588,69.588,0.44,15.0,0.31,50.0,0.51,4.81,0.52,5.0,0.49,4.81,0.48,5.0,0.56,15.0,0.69,50.0,0.07,0.07,44.824732,1776307868000
1776307870.056,70.056,0.44,15.0,0.31,50.0,0.51,4.81,0.52,5.0,0.49,4.81,0.48,5.0,0.56,15.0,0.69,50.0,0.07,0.07,44.825466,1776307869000
1776307871.194,71.194,0.44,15.0,0.31,50.0,0.51,4.81,0.52,5.0,0.49,4.81,0.48,5.0,0.56,15.0,0.69,50.0,0.07,0.07,44.829547,1776307870000
1776307871.953,71.953,0.44,15.0,0.31,50.0,0.51,4.81,0.52,5.0,0.49,4.81,0.48,5.0,0.56,15.0,0.69,50.0,0.07,0.07,44.829844,1776307871000
1776307873.168,73.168,0.44,15.0,0.31,50.0,0.51,4.81,0.52,5.0,0.49,4.81,0.48,5.0,0.56,15.0,0.69,50.0,0.07,0.07,44.830452,1776307872000
1776307874.373,74.373,0.44,15.0,0.31,50.0,0.51,4.81,0.52,5.0,0.49,4.81,0.48,5.0,0.56,15.0,0.69,50.0,0.07,0.07,44.830376,1776307873000
1776307875.323,75.323,0.44,15.0,0.31,50.0,0.51,4.81,0.52,5.0,0.49,4.81,0.48,5.0,0.56,15.0,0.69,50.0,0.07,0.07,44.830376,1776307874000
1776307876.735,76.735,0.44,15.0,0.31,50.0,0.51,4.81,0.52,5.0,0.49,4.81,0.48,5.0,0.56,15.0,0.69,50.0,0.07,0.07,44.830951,1776307875000
1776307877.416,77.416,0.44,15.0,0.31,50.0,0.51,4.81,0.52,5.0,0.49,4.81,0.48,5.0,0.56,15.0,0.69,50.0,0.07,0.07,44.831082,1776307876000
1776307878.285,78.285,0.44,15.0,0.31,50.0,0.51,4.81,0.52,5.0,0.49,4.81,0.48,5.0,0.56,15.0,0.69,50.0,0.07,0.07,44.829217,1776307877000
1776307879.73,79.73,0.44,15.0,0.31,50.0,0.51,4.81,0.52,5.0,0.49,4.81,0.48,5.0,0.56,15.0,0.69,50.0,0.07,0.07,44.82907,1776307878000
1776307880.66,80.66,0.44,15.0,0.31,50.0,0.51,4.81,0.52,5.0,0.49,4.81,0.48,5.0,0.56,15.0,0.69,50.0,0.07,0.07,44.829063,1776307879000
1776307881.29,81.29,0.44,15.0,0.31,50.0,0.51,4.81,0.52,5.0,0.49,4.81,0.48,5.0,0.56,15.0,0.69,50.0,0.07,0.07,44.830004,1776307880000
1776307882.869,82.869,0.44,15.0,0.31,50.0,0.51,4.81,0.52,5.0,0.49,4.81,0.48,5.0,0.56,15.0,0.69,50.0,0.07,0.07,44.830911,1776307881000
1776307883.569,83.569,0.44,15.0,0.31,50.0,0.51,4.81,0.52,5.0,0.49,4.81,0.48,5.0,0.56,15.0,0.69,50.0,0.07,0.07,44.830911,1776307882000
1776307884.231,84.231,0.44,15.0,0.31,50.0,0.51,4.81,0.52,5.0,0.49,4.81,0.48,5.0,0.56,15.0,0.69,50.0,0.07,0.07,44.830434,1776307883000
1776307885.287,85.287,0.44,15.0,0.31,50.0,0.51,4.81,0.52,5.0,0.49,4.81,0.48,5.0,0.56,15.0,0.69,50.0,0.07,0.07,44.830677,1776307884000
1776307886.587,86.587,0.44,15.0,0.31,50.0,0.51,4.81,0.52,5.0,0.49,4.81,0.48,5.0,0.56,15.0,0.69,50.0,0.07,0.07,44.829837,1776307885000
1776307887.298,87.298,0.44,15.0,0.31,50.0,0.51,4.81,0.52,5.0,0.49,4.81,0.48,5.0,0.56,15.0,0.69,50.0,0.07,0.07,44.826327,1776307886000
1776307888.473,88.473,0.44,15.0,0.31,50.0,0.51,4.81,0.52,5.0,0.49,4.81,0.48,5.0,0.56,15.0,0.69,50.0,0.07,0.07,44.823542,1776307887000
1776307889.059,89.059,0.44,15.0,0.31,50.0,0.51,4.81,0.52,5.0,0.49,4.81,0.48,5.0,0.56,15.0,0.69,50.0,0.07,0.07,44.824749,1776307888000
1776307890.238,90.238,0.44,15.0,0.31,50.0,0.51,4.81,0.52,5.0,0.49,4.81,0.48,5.0,0.56,15.0,0.69,50.0,0.07,0.07,44.824775,1776307889000
1776307891.339,91.339,0.44,15.0,0.31,50.0,0.51,4.81,0.52,5.0,0.49,4.81,0.48,5.0,0.56,15.0,0.69,50.0,0.07,0.07,44.822153,1776307890000
1776307891.989,91.989,0.44,15.0,0.31,50.0,0.51,4.81,0.52,5.0,0.49,4.81,0.48,5.0,0.56,15.0,0.69,50.0,0.07,0.07,44.82223,1776307891000
1776307893.086,93.086,0.44,15.0,0.31,50.0,0.51,4.81,0.52,5.0,0.49,4.81,0.48,5.0,0.56,15.0,0.69,50.0,0.07,0.07,44.82241,1776307892000
1776307894.199,94.199,0.44,15.0,0.31,50.0,0.51,4.81,0.52,5.0,0.49,4.81,0.48,5.0,0.56,15.0,0.69,50.0,0.07,0.07,44.825312,1776307893000
1776307895.362,95.362,0.44,15.0,0.31,50.0,0.51,4.81,0.52,5.0,0.49,4.81,0.48,5.0,0.56,15.0,0.69,50.0,0.07,0.07,44.825312,1776307894000
1776307896.38,96.38,0.44,15.0,0.31,50.0,0.51,4.81,0.52,5.0,0.49,4.81,0.48,5.0,0.56,15.0,0.69,50.0,0.07,0.07,44.825312,1776307895000
1776307897.027,97.027,0.44,15.0,0.31,50.0,0.51,4.81,0.52,5.0,0.49,4.81,0.48,5.0,0.56,15.0,0.69,50.0,0.07,0.07,44.824372,1776307896000
1776307898.181,98.181,0.44,15.0,0.31,50.0,0.51,4.81,0.52,5.0,0.49,4.81,0.48,5.0,0.56,15.0,0.69,50.0,0.07,0.07,44.824368,1776307897000
1776307899.435,99.435,0.44,15.0,0.31,50.0,0.51,4.81,0.52,5.0,0.49,4.81,0.48,5.0,0.56,15.0,0.69,50.0,0.07,0.07,44.8242,1776307898000
1776307900.457,100.457,0.44,15.0,0.31,50.0,0.51,4.81,0.52,5.0,0.49,4.81,0.48,5.0,0.56,15.0,0.69,50.0,0.07,0.07,44.8242,1776307899000
1776307900.905,100.905,0.44,15.0,0.31,50.0,0.51,4.81,0.52,5.0,0.49,4.81,0.48,5.0,0.56,15.0,0.69,50.0,0.07,0.07,44.825775,1776307900000
1776307902.082,102.082,0.44,15.0,0.31,50.0,0.51,4.81,0.52,5.0,0.49,4.81,0.48,5.0,0.56,15.0,0.69,50.0,0.07,0.07,44.825775,1776307901000
1776307903.143,103.143,0.44,15.0,0.31,50.0,0.51,4.81,0.52,5.0,0.49,4.81,0.48,5.0,0.56,15.0,0.69,50.0,0.07,0.07,44.825799,1776307902000
1776307904.198,104.198,0.44,15.0,0.31,50.0,0.51,4.81,0.52,5.0,0.49,4.81,0.48,5.0,0.56,15.0,0.69,50.0,0.07,0.07,44.825594,1776307903000
1776307905.325,105.325,0.44,15.0,0.31,50.0,0.51,4.81,0.52,5.0,0.49,4.81,0.48,5.0,0.56,15.0,0.69,50.0,0.07,0.07,44.824878,1776307904000
1776307906.395,106.395,0.44,15.0,0.31,50.0,0.51,4.81,0.52,5.0,0.49,4.81,0.48,5.0,0.56,15.0,0.69,50.0,0.07,0.07,44.824878,1776307905000
1776307906.928,106.928,0.44,15.0,0.31,50.0,0.51,4.81,0.52,5.0,0.49,4.81,0.48,5.0,0.56,15.0,0.69,50.0,0.07,0.07,44.824924,1776307906000
1776307908.044,108.044,0.44,15.0,0.31,50.0,0.51,4.81,0.52,5.0,0.49,4.81,0.48,5.0,0.56,15.0,0.69,50.0,0.07,0.07,44.824924,1776307907000
1776307909.068,109.068,0.44,15.0,0.31,50.0,0.51,4.81,0.52,5.0,0.49,4.81,0.48,5.0,0.56,15.0,0.69,50.0,0.07,0.07,44.824924,1776307908000
1776307910.211,110.211,0.44,15.0,0.31,50.0,0.51,4.81,0.52,5.0,0.49,4.81,0.48,5.0,0.56,15.0,0.69,50.0,0.07,0.07,44.825264,1776307909000
1776307911.212,111.212,0.44,15.0,0.31,50.0,0.51,4.81,0.52,5.0,0.49,4.81,0.48,5.0,0.56,15.0,0.69,50.0,0.07,0.07,44.824832,1776307910000
1776307912.29,112.29,0.44,15.0,0.31,50.0,0.51,4.81,0.52,5.0,0.49,4.81,0.48,5.0,0.56,15.0,0.69,50.0,0.07,0.07,44.824878,1776307911000
1776307913.447,113.447,0.44,15.0,0.31,50.0,0.51,4.81,0.52,5.0,0.49,4.81,0.48,5.0,0.56,15.0,0.69,50.0,0.07,0.07,44.824889,1776307912000
1776307914.391,114.391,0.44,15.0,0.31,50.0,0.51,4.81,0.52,5.0,0.49,4.81,0.48,5.0,0.56,15.0,0.69,50.0,0.07,0.07,44.824893,1776307913000
1776307914.922,114.922,0.44,15.0,0.31,50.0,0.51,4.81,0.52,5.0,0.49,4.81,0.48,5.0,0.56,15.0,0.69,50.0,0.07,0.07,44.824893,1776307914000
1776307915.96,115.96,0.44,15.0,0.31,50.0,0.51,4.81,0.52,5.0,0.49,4.81,0.48,5.0,0.56,15.0,0.69,50.0,0.07,0.07,44.823813,1776307915000
1776307916.964,116.964,0.44,15.0,0.31,50.0,0.51,4.81,0.52,5.0,0.49,4.81,0.48,5.0,0.56,15.0,0.69,50.0,0.07,0.07,44.824344,1776307916000
1776307918.0,118.0,0.44,15.0,0.31,50.0,0.51,4.81,0.52,5.0,0.49,4.81,0.48,5.0,0.56,15.0,0.69,50.0,0.07,0.07,44.825926,1776307917000
1776307918.489,118.489,0.67,15.0,0.63,15.0,0.69,5.0,0.7,5.0,0.49,4.81,0.48,5.0,0.56,15.0,0.69,50.0,0.02,0.07,44.825926,1776307917000
1776307918.995,118.995,0.67,15.0,0.63,15.0,0.69,5.0,0.7,5.0,0.31,5.0,0.3,5.0,0.33,15.0,0.37,15.0,0.02,0.02,44.829331,1776307918000
1776307919.924,119.924,0.67,15.0,0.63,15.0,0.69,5.0,0.7,5.0,0.31,5.0,0.3,5.0,0.33,15.0,0.37,15.0,0.02,0.02,44.833703,1776307919000
1776307920.979,120.979,0.67,15.0,0.63,15.0,0.69,5.0,0.7,5.0,0.31,5.0,0.3,5.0,0.33,15.0,0.37,15.0,0.02,0.02,44.834422,1776307920000
1776307922.008,122.008,0.67,15.0,0.63,15.0,0.69,5.0,0.7,5.0,0.31,5.0,0.3,5.0,0.33,15.0,0.37,15.0,0.02,0.02,44.836222,1776307921000
1776307923.091,123.091,0.67,15.0,0.63,15.0,0.69,5.0,0.7,5.0,0.31,5.0,0.3,5.0,0.33,15.0,0.37,15.0,0.02,0.02,44.838426,1776307922000
1776307924.023,124.023,0.67,15.0,0.63,15.0,0.69,5.0,0.7,5.0,0.31,5.0,0.3,5.0,0.33,15.0,0.37,15.0,0.02,0.02,44.834752,1776307923000
1776307924.773,124.773,0.52,6.75,0.51,15.0,0.61,50.0,0.71,50.0,0.31,5.0,0.3,5.0,0.33,15.0,0.37,15.0,0.09,0.02,44.834752,1776307923000
1776307925.038,125.038,0.52,6.75,0.51,15.0,0.61,50.0,0.71,50.0,0.39,50.0,0.29,50.0,0.48,6.75,0.49,15.0,0.09,0.09,44.833685,1776307924000
1776307926.01,126.01,0.52,6.75,0.51,15.0,0.61,50.0,0.71,50.0,0.39,50.0,0.29,50.0,0.48,6.75,0.49,15.0,0.09,0.09,44.832408,1776307925000
1776307927.373,127.373,0.52,6.75,0.51,15.0,0.61,50.0,0.71,50.0,0.39,50.0,0.29,50.0,0.48,6.75,0.49,15.0,0.09,0.09,44.824643,1776307926000
1776307927.953,127.953,0.52,6.75,0.51,15.0,0.61,50.0,0.71,50.0,0.39,50.0,0.29,50.0,0.48,6.75,0.49,15.0,0.09,0.09,44.824643,1776307927000
1776307929.148,129.148,0.52,6.75,0.51,15.0,0.61,50.0,0.71,50.0,0.39,50.0,0.29,50.0,0.48,6.75,0.49,15.0,0.09,0.09,44.824919,1776307928000
1776307930.236,130.236,0.52,6.75,0.51,15.0,0.61,50.0,0.71,50.0,0.39,50.0,0.29,50.0,0.48,6.75,0.49,15.0,0.09,0.09,44.825701,1776307929000
1776307931.024,131.024,0.52,6.75,0.51,15.0,0.61,50.0,0.71,50.0,0.39,50.0,0.29,50.0,0.48,6.75,0.49,15.0,0.09,0.09,44.825701,1776307930000
1776307932.232,132.232,0.52,6.75,0.51,15.0,0.61,50.0,0.71,50.0,0.39,50.0,0.29,50.0,0.48,6.75,0.49,15.0,0.09,0.09,44.829742,1776307931000
1776307933.468,133.468,0.52,6.75,0.51,15.0,0.61,50.0,0.71,50.0,0.39,50.0,0.29,50.0,0.48,6.75,0.49,15.0,0.09,0.09,44.83051,1776307932000
1776307934.144,134.144,0.52,6.75,0.51,15.0,0.61,50.0,0.71,50.0,0.39,50.0,0.29,50.0,0.48,6.75,0.49,15.0,0.09,0.09,44.83051,1776307933000
1776307935.575,135.575,0.52,6.75,0.51,15.0,0.61,50.0,0.71,50.0,0.39,50.0,0.29,50.0,0.48,6.75,0.49,15.0,0.09,0.09,44.828939,1776307934000
1776307936.087,136.087,0.52,6.75,0.51,15.0,0.61,50.0,0.71,50.0,0.39,50.0,0.29,50.0,0.48,6.75,0.49,15.0,0.09,0.09,44.828857,1776307935000
1776307937.186,137.186,0.52,6.75,0.51,15.0,0.61,50.0,0.71,50.0,0.39,50.0,0.29,50.0,0.48,6.75,0.49,15.0,0.09,0.09,44.830056,1776307936000
1776307938.325,138.325,0.52,6.75,0.51,15.0,0.61,50.0,0.71,50.0,0.39,50.0,0.29,50.0,0.48,6.75,0.49,15.0,0.09,0.09,44.830444,1776307937000
1776307939.071,139.071,0.52,6.75,0.51,15.0,0.61,50.0,0.71,50.0,0.39,50.0,0.29,50.0,0.48,6.75,0.49,15.0,0.09,0.09,44.832211,1776307938000
1776307940.101,140.101,0.52,6.75,0.51,15.0,0.61,50.0,0.71,50.0,0.39,50.0,0.29,50.0,0.48,6.75,0.49,15.0,0.09,0.09,44.829959,1776307939000
1776307941.212,141.212,0.52,6.75,0.51,15.0,0.61,50.0,0.71,50.0,0.39,50.0,0.29,50.0,0.48,6.75,0.49,15.0,0.09,0.09,44.821624,1776307940000
1776307942.911,142.911,0.52,6.75,0.51,15.0,0.61,50.0,0.71,50.0,0.39,50.0,0.29,50.0,0.48,6.75,0.49,15.0,0.09,0.09,44.822035,1776307941000
1776307943.39,143.39,0.52,6.75,0.51,15.0,0.61,50.0,0.71,50.0,0.39,50.0,0.29,50.0,0.48,6.75,0.49,15.0,0.09,0.09,44.823338,1776307942000
1776307944.308,144.308,0.52,6.75,0.51,15.0,0.61,50.0,0.71,50.0,0.39,50.0,0.29,50.0,0.48,6.75,0.49,15.0,0.09,0.09,44.821357,1776307943000
1776307945.389,145.389,0.52,6.75,0.51,15.0,0.61,50.0,0.71,50.0,0.39,50.0,0.29,50.0,0.48,6.75,0.49,15.0,0.09,0.09,44.822859,1776307944000
1776307946.427,146.427,0.52,6.75,0.51,15.0,0.61,50.0,0.71,50.0,0.39,50.0,0.29,50.0,0.48,6.75,0.49,15.0,0.09,0.09,44.821968,1776307945000
1776307946.891,146.891,0.52,6.75,0.51,15.0,0.61,50.0,0.71,50.0,0.39,50.0,0.29,50.0,0.48,6.75,0.49,15.0,0.09,0.09,44.821539,1776307946000
1776307947.961,147.961,0.52,6.75,0.51,15.0,0.61,50.0,0.71,50.0,0.39,50.0,0.29,50.0,0.48,6.75,0.49,15.0,0.09,0.09,44.821106,1776307947000
1776307948.981,148.981,0.52,6.75,0.51,15.0,0.61,50.0,0.71,50.0,0.39,50.0,0.29,50.0,0.48,6.75,0.49,15.0,0.09,0.09,44.82099,1776307948000
1776307950.155,150.155,0.52,6.75,0.51,15.0,0.61,50.0,0.71,50.0,0.39,50.0,0.29,50.0,0.48,6.75,0.49,15.0,0.09,0.09,44.823422,1776307949000
1776307951.699,151.699,0.52,6.75,0.51,15.0,0.61,50.0,0.71,50.0,0.39,50.0,0.29,50.0,0.48,6.75,0.49,15.0,0.09,0.09,44.823822,1776307950000
1776307952.299,152.299,0.52,6.75,0.51,15.0,0.61,50.0,0.71,50.0,0.39,50.0,0.29,50.0,0.48,6.75,0.49,15.0,0.09,0.09,44.822636,1776307951000
1776307953.643,153.643,0.52,6.75,0.51,15.0,0.61,50.0,0.71,50.0,0.39,50.0,0.29,50.0,0.48,6.75,0.49,15.0,0.09,0.09,44.823814,1776307952000
1776307954.338,154.338,0.52,6.75,0.51,15.0,0.61,50.0,0.71,50.0,0.39,50.0,0.29,50.0,0.48,6.75,0.49,15.0,0.09,0.09,44.822583,1776307953000
1776307955.428,155.428,0.52,6.75,0.51,15.0,0.61,50.0,0.71,50.0,0.39,50.0,0.29,50.0,0.48,6.75,0.49,15.0,0.09,0.09,44.818684,1776307954000
1776307956.106,156.106,0.52,6.75,0.51,15.0,0.61,50.0,0.71,50.0,0.39,50.0,0.29,50.0,0.48,6.75,0.49,15.0,0.09,0.09,44.819099,1776307955000
1776307957.629,157.629,0.52,6.75,0.51,15.0,0.61,50.0,0.71,50.0,0.39,50.0,0.29,50.0,0.48,6.75,0.49,15.0,0.09,0.09,44.821373,1776307956000
1776307958.257,158.257,0.52,6.75,0.51,15.0,0.61,50.0,0.71,50.0,0.39,50.0,0.29,50.0,0.48,6.75,0.49,15.0,0.09,0.09,44.821467,1776307957000
1776307959.359,159.359,0.52,6.75,0.51,15.0,0.61,50.0,0.71,50.0,0.39,50.0,0.29,50.0,0.48,6.75,0.49,15.0,0.09,0.09,44.821152,1776307958000
1776307960.111,160.111,0.52,6.75,0.51,15.0,0.61,50.0,0.71,50.0,0.39,50.0,0.29,50.0,0.48,6.75,0.49,15.0,0.09,0.09,44.820902,1776307959000
1776307961.107,161.107,0.52,6.75,0.51,15.0,0.61,50.0,0.71,50.0,0.39,50.0,0.29,50.0,0.48,6.75,0.49,15.0,0.09,0.09,44.820371,1776307960000
1776307961.337,161.337,0.52,15.0,0.48,15.0,0.61,44.87,0.65,15.0,0.39,50.0,0.29,50.0,0.48,6.75,0.49,15.0,0.09,0.09,44.820371,1776307960000
1776307962.304,162.304,0.52,15.0,0.48,15.0,0.61,44.87,0.65,15.0,0.39,44.87,0.35,15.0,0.48,15.0,0.52,15.0,0.09,0.09,44.819827,1776307961000
1776307963.348,163.348,0.52,15.0,0.48,15.0,0.61,44.87,0.65,15.0,0.39,44.87,0.35,15.0,0.48,15.0,0.52,15.0,0.09,0.09,44.814573,1776307962000
1776307964.459,164.459,0.52,15.0,0.48,15.0,0.61,44.87,0.65,15.0,0.39,44.87,0.35,15.0,0.48,15.0,0.52,15.0,0.09,0.09,44.813041,1776307963000
1776307965.124,165.124,0.52,15.0,0.48,15.0,0.61,44.87,0.65,15.0,0.39,44.87,0.35,15.0,0.48,15.0,0.52,15.0,0.09,0.09,44.812926,1776307964000
1776307966.123,166.123,0.52,15.0,0.48,15.0,0.61,44.87,0.65,15.0,0.39,44.87,0.35,15.0,0.48,15.0,0.52,15.0,0.09,0.09,44.812703,1776307965000
1776307967.284,167.284,0.52,15.0,0.48,15.0,0.61,44.87,0.65,15.0,0.39,44.87,0.35,15.0,0.48,15.0,0.52,15.0,0.09,0.09,44.809333,1776307966000
1776307968.248,168.248,0.52,15.0,0.48,15.0,0.61,44.87,0.65,15.0,0.39,44.87,0.35,15.0,0.48,15.0,0.52,15.0,0.09,0.09,44.810208,1776307967000
1776307969.387,169.387,0.52,15.0,0.48,15.0,0.61,44.87,0.65,15.0,0.39,44.87,0.35,15.0,0.48,15.0,0.52,15.0,0.09,0.09,44.81078,1776307968000
1776307970.039,170.039,0.52,15.0,0.48,15.0,0.61,44.87,0.65,15.0,0.39,44.87,0.35,15.0,0.48,15.0,0.52,15.0,0.09,0.09,44.809353,1776307969000
1776307971.124,171.124,0.52,15.0,0.48,15.0,0.61,44.87,0.65,15.0,0.39,44.87,0.35,15.0,0.48,15.0,0.52,15.0,0.09,0.09,44.808919,1776307970000
1776307972.128,172.128,0.52,15.0,0.48,15.0,0.61,44.87,0.65,15.0,0.39,44.87,0.35,15.0,0.48,15.0,0.52,15.0,0.09,0.09,44.809726,1776307971000
1776307973.154,173.154,0.52,15.0,0.48,15.0,0.61,44.87,0.65,15.0,0.39,44.87,0.35,15.0,0.48,15.0,0.52,15.0,0.09,0.09,44.797259,1776307972000
1776307974.078,174.078,0.52,15.0,0.48,15.0,0.61,44.87,0.65,15.0,0.39,44.87,0.35,15.0,0.48,15.0,0.52,15.0,0.09,0.09,44.792427,1776307973000
1776307975.152,175.152,0.52,15.0,0.48,15.0,0.61,44.87,0.65,15.0,0.39,44.87,0.35,15.0,0.48,15.0,0.52,15.0,0.09,0.09,44.792507,1776307974000
1776307976.201,176.201,0.52,15.0,0.48,15.0,0.61,44.87,0.65,15.0,0.39,44.87,0.35,15.0,0.48,15.0,0.52,15.0,0.09,0.09,44.793116,1776307975000
1776307977.178,177.178,0.52,15.0,0.48,15.0,0.61,44.87,0.65,15.0,0.39,44.87,0.35,15.0,0.48,15.0,0.52,15.0,0.09,0.09,44.795538,1776307976000
1776307978.117,178.117,0.52,15.0,0.48,15.0,0.61,44.87,0.65,15.0,0.39,44.87,0.35,15.0,0.48,15.0,0.52,15.0,0.09,0.09,44.798326,1776307977000
1776307979.249,179.249,0.52,15.0,0.48,15.0,0.61,44.87,0.65,15.0,0.39,44.87,0.35,15.0,0.48,15.0,0.52,15.0,0.09,0.09,44.801038,1776307978000
1776307980.219,180.219,0.52,15.0,0.48,15.0,0.61,44.87,0.65,15.0,0.39,44.87,0.35,15.0,0.48,15.0,0.52,15.0,0.09,0.09,44.80405,1776307979000
1776307981.244,181.244,0.52,15.0,0.48,15.0,0.61,44.87,0.65,15.0,0.39,44.87,0.35,15.0,0.48,15.0,0.52,15.0,0.09,0.09,44.804983,1776307980000
1776307982.221,182.221,0.52,15.0,0.48,15.0,0.61,44.87,0.65,15.0,0.39,44.87,0.35,15.0,0.48,15.0,0.52,15.0,0.09,0.09,44.806436,1776307981000
1776307983.353,183.353,0.52,15.0,0.48,15.0,0.61,44.87,0.65,15.0,0.39,44.87,0.35,15.0,0.48,15.0,0.52,15.0,0.09,0.09,44.804176,1776307982000
1776307983.965,183.965,0.52,15.0,0.48,15.0,0.61,44.87,0.65,15.0,0.39,44.87,0.35,15.0,0.48,15.0,0.52,15.0,0.09,0.09,44.803974,1776307983000
1776307985.574,185.574,0.52,15.0,0.48,15.0,0.61,44.87,0.65,15.0,0.39,44.87,0.35,15.0,0.48,15.0,0.52,15.0,0.09,0.09,44.799633,1776307984000
1776307986.052,186.052,0.52,15.0,0.48,15.0,0.61,44.87,0.65,15.0,0.39,44.87,0.35,15.0,0.48,15.0,0.52,15.0,0.09,0.09,44.799826,1776307985000
1776307987.099,187.099,0.52,15.0,0.48,15.0,0.61,44.87,0.65,15.0,0.39,44.87,0.35,15.0,0.48,15.0,0.52,15.0,0.09,0.09,44.799972,1776307986000
1776307987.38,187.38,0.32,0.63,0.27,15.0,0.38,15.0,0.41,50.0,0.39,44.87,0.35,15.0,0.48,15.0,0.52,15.0,0.06,0.09,44.799972,1776307986000
1776307988.094,188.094,0.32,0.63,0.27,15.0,0.38,15.0,0.41,50.0,0.62,15.0,0.59,50.0,0.68,0.63,0.73,15.0,0.06,0.06,44.799254,1776307987000
1776307989.164,189.164,0.23,15.0,0.22,15.0,0.31,49.37,0.41,50.0,0.69,49.37,0.59,50.0,0.77,15.0,0.78,15.0,0.08,0.08,44.791454,1776307988000
1776307990.173,190.173,0.23,15.0,0.22,15.0,0.31,49.37,0.41,50.0,0.69,49.37,0.59,50.0,0.77,15.0,0.78,15.0,0.08,0.08,44.779242,1776307989000
1776307991.154,191.154,0.23,15.0,0.22,15.0,0.31,49.37,0.41,50.0,0.69,49.37,0.59,50.0,0.77,15.0,0.78,15.0,0.08,0.08,44.77251,1776307990000
1776307992.075,192.075,0.23,15.0,0.22,15.0,0.31,49.37,0.41,50.0,0.69,49.37,0.59,50.0,0.77,15.0,0.78,15.0,0.08,0.08,44.771401,1776307991000
1776307993.053,193.053,0.23,15.0,0.22,15.0,0.31,49.37,0.41,50.0,0.69,49.37,0.59,50.0,0.77,15.0,0.78,15.0,0.08,0.08,44.758102,1776307992000
1776307994.042,194.042,0.23,15.0,0.22,15.0,0.31,49.37,0.41,50.0,0.69,49.37,0.59,50.0,0.77,15.0,0.78,15.0,0.08,0.08,44.752671,1776307993000
1776307994.939,194.939,0.23,15.0,0.22,15.0,0.31,49.37,0.41,50.0,0.69,49.37,0.59,50.0,0.77,15.0,0.78,15.0,0.08,0.08,44.747583,1776307994000
1776307995.932,195.932,0.23,15.0,0.22,15.0,0.31,49.37,0.41,50.0,0.69,49.37,0.59,50.0,0.77,15.0,0.78,15.0,0.08,0.08,44.746763,1776307995000
1776307996.99,196.99,0.23,15.0,0.22,15.0,0.31,49.37,0.41,50.0,0.69,49.37,0.59,50.0,0.77,15.0,0.78,15.0,0.08,0.08,44.748869,1776307996000
1776307998.486,198.486,0.23,15.0,0.22,15.0,0.31,49.37,0.41,50.0,0.69,49.37,0.59,50.0,0.77,15.0,0.78,15.0,0.08,0.08,44.747959,1776307997000
1776307998.987,198.987,0.23,15.0,0.22,15.0,0.31,49.37,0.41,50.0,0.69,49.37,0.59,50.0,0.77,15.0,0.78,15.0,0.08,0.08,44.747103,1776307998000
1776308000.021,200.021,0.23,15.0,0.22,15.0,0.31,49.37,0.41,50.0,0.69,49.37,0.59,50.0,0.77,15.0,0.78,15.0,0.08,0.08,44.730825,1776307999000
1776308000.999,200.999,0.23,15.0,0.22,15.0,0.31,49.37,0.41,50.0,0.69,49.37,0.59,50.0,0.77,15.0,0.78,15.0,0.08,0.08,44.72603,1776308000000
1776308002.06,202.06,0.23,15.0,0.22,15.0,0.31,49.37,0.41,50.0,0.69,49.37,0.59,50.0,0.77,15.0,0.78,15.0,0.08,0.08,44.721183,1776308001000
1776308003.141,203.141,0.23,15.0,0.22,15.0,0.31,49.37,0.41,50.0,0.69,49.37,0.59,50.0,0.77,15.0,0.78,15.0,0.08,0.08,44.721066,1776308002000
1776308004.102,204.102,0.23,15.0,0.22,15.0,0.31,49.37,0.41,50.0,0.69,49.37,0.59,50.0,0.77,15.0,0.78,15.0,0.08,0.08,44.715469,1776308003000
1776308005.098,205.098,0.23,15.0,0.22,15.0,0.31,49.37,0.41,50.0,0.69,49.37,0.59,50.0,0.77,15.0,0.78,15.0,0.08,0.08,44.711975,1776308004000
1776308006.151,206.151,0.23,15.0,0.22,15.0,0.31,49.37,0.41,50.0,0.69,49.37,0.59,50.0,0.77,15.0,0.78,15.0,0.08,0.08,44.712675,1776308005000
1776308007.175,207.175,0.23,15.0,0.22,15.0,0.31,49.37,0.41,50.0,0.69,49.37,0.59,50.0,0.77,15.0,0.78,15.0,0.08,0.08,44.712291,1776308006000
1776308008.289,208.289,0.23,15.0,0.22,15.0,0.31,49.37,0.41,50.0,0.69,49.37,0.59,50.0,0.77,15.0,0.78,15.0,0.08,0.08,44.712012,1776308007000
1776308009.291,209.291,0.23,15.0,0.22,15.0,0.31,49.37,0.41,50.0,0.69,49.37,0.59,50.0,0.77,15.0,0.78,15.0,0.08,0.08,44.714084,1776308008000
1776308010.234,210.234,0.23,15.0,0.22,15.0,0.31,49.37,0.41,50.0,0.69,49.37,0.59,50.0,0.77,15.0,0.78,15.0,0.08,0.08,44.711555,1776308009000
1776308012.084,212.084,0.23,15.0,0.22,15.0,0.31,49.37,0.41,50.0,0.69,49.37,0.59,50.0,0.77,15.0,0.78,15.0,0.08,0.08,44.708247,1776308010000
1776308012.541,212.541,0.03,4.0,0.02,30.0,0.05,15.0,0.06,15.0,0.69,49.37,0.59,50.0,0.77,15.0,0.78,15.0,0.02,0.08,44.708247,1776308010000
1776308012.764,212.764,0.03,4.0,0.02,30.0,0.05,15.0,0.06,15.0,0.95,15.0,0.94,15.0,0.97,4.0,0.98,30.0,0.02,0.02,44.707835,1776308011000
1776308013.246,213.246,0.02,29.0,0.01,50.0,0.05,15.0,0.06,15.0,0.95,15.0,0.94,15.0,0.98,29.0,0.99,50.0,0.03,0.03,44.706962,1776308012000
1776308014.389,214.389,0.02,29.0,0.01,50.0,0.05,15.0,0.06,15.0,0.95,15.0,0.94,15.0,0.98,29.0,0.99,50.0,0.03,0.03,44.706756,1776308013000
1776308015.135,215.135,0.02,29.0,0.01,50.0,0.05,15.0,0.06,15.0,0.95,15.0,0.94,15.0,0.98,29.0,0.99,50.0,0.03,0.03,44.706302,1776308014000
1776308016.152,216.152,0.02,29.0,0.01,50.0,0.05,15.0,0.06,15.0,0.95,15.0,0.94,15.0,0.98,29.0,0.99,50.0,0.03,0.03,44.704893,1776308015000
1776308017.304,217.304,0.02,29.0,0.01,50.0,0.05,15.0,0.06,15.0,0.95,15.0,0.94,15.0,0.98,29.0,0.99,50.0,0.03,0.03,44.706546,1776308016000
1776308018.548,218.548,0.02,29.0,0.01,50.0,0.05,15.0,0.06,15.0,0.95,15.0,0.94,15.0,0.98,29.0,0.99,50.0,0.03,0.03,44.711767,1776308017000
1776308019.144,219.144,0.02,29.0,0.01,50.0,0.05,15.0,0.06,15.0,0.95,15.0,0.94,15.0,0.98,29.0,0.99,50.0,0.03,0.03,44.695756,1776308018000
1776308020.252,220.252,0.02,29.0,0.01,50.0,0.05,15.0,0.06,15.0,0.95,15.0,0.94,15.0,0.98,29.0,0.99,50.0,0.03,0.03,44.682009,1776308019000
1776308021.273,221.273,0.02,29.0,0.01,50.0,0.05,15.0,0.06,15.0,0.95,15.0,0.94,15.0,0.98,29.0,0.99,50.0,0.03,0.03,44.680936,1776308020000
1776308022.399,222.399,0.01,35.0,,,0.02,16.0,0.03,15.0,0.95,15.0,0.94,15.0,0.98,29.0,0.99,50.0,0.01,0.03,44.680936,1776308020000
1776308023.076,223.076,0.01,35.0,,,0.02,16.0,0.03,15.0,0.98,16.0,0.97,15.0,0.99,35.0,,,0.01,0.01,44.677048,1776308022000
1776308023.301,223.301,0.01,19.0,,,0.02,15.0,0.03,15.0,0.98,16.0,0.97,15.0,0.99,35.0,,,0.01,0.01,44.677048,1776308022000
1776308023.964,223.964,0.01,17.98,,,0.02,15.0,0.03,15.0,0.98,15.0,0.97,15.0,0.99,19.0,,,0.01,0.01,44.677048,1776308022000
1776308024.188,224.188,0.01,17.98,,,0.02,15.0,0.03,15.0,0.98,15.0,0.97,15.0,0.99,17.98,,,0.01,0.01,44.672688,1776308023000
1776308024.804,224.804,,,,,0.02,15.0,0.03,15.0,0.98,15.0,0.97,15.0,0.99,17.98,,,,0.01,44.672688,1776308023000
1776308025.293,225.293,,,,,0.02,15.0,0.03,15.0,0.98,15.0,0.97,15.0,,,,,,,44.667212,1776308024000
1776308026.846,226.846,,,,,0.02,15.0,0.03,15.0,0.98,15.0,0.97,15.0,,,,,,,44.667491,1776308025000
1776308027.512,227.512,,,,,0.02,15.0,0.03,15.0,0.98,15.0,0.97,15.0,,,,,,,44.668623,1776308026000
1776308028.122,228.122,,,,,0.02,15.0,0.03,15.0,0.98,15.0,0.97,15.0,,,,,,,44.672575,1776308027000
1776308029.734,229.734,,,,,0.02,15.0,0.03,15.0,0.98,15.0,0.97,15.0,,,,,,,44.672244,1776308028000
1776308030.334,230.334,,,,,0.02,15.0,0.03,15.0,0.98,15.0,0.97,15.0,,,,,,,44.673625,1776308029000
1776308031.67,231.67,,,,,0.02,15.0,0.03,15.0,0.98,15.0,0.97,15.0,,,,,,,44.675478,1776308030000
1776308032.282,232.282,,,,,0.02,15.0,0.03,15.0,0.98,15.0,0.97,15.0,,,,,,,44.67551,1776308031000
1776308033.674,233.674,,,,,0.02,15.0,0.03,15.0,0.98,15.0,0.97,15.0,,,,,,,44.676459,1776308032000
1776308034.346,234.346,,,,,0.02,15.0,0.03,15.0,0.98,15.0,0.97,15.0,,,,,,,44.676389,1776308033000
1776308035.725,235.725,,,,,0.02,15.0,0.03,15.0,0.98,15.0,0.97,15.0,,,,,,,44.676545,1776308034000
1776308036.279,236.279,,,,,0.02,15.0,0.03,15.0,0.98,15.0,0.97,15.0,,,,,,,44.682609,1776308035000
1776308037.441,237.441,,,,,0.02,15.0,0.03,15.0,0.98,15.0,0.97,15.0,,,,,,,44.690217,1776308036000
1776308038.095,238.095,,,,,0.02,15.0,0.03,15.0,0.98,15.0,0.97,15.0,,,,,,,44.697748,1776308037000
1776308039.551,239.551,,,,,0.02,15.0,0.03,15.0,0.98,15.0,0.97,15.0,,,,,,,44.700388,1776308038000
1776308040.201,240.201,,,,,0.02,15.0,0.03,15.0,0.98,15.0,0.97,15.0,,,,,,,44.700879,1776308039000
1776308041.888,241.888,,,,,0.02,15.0,0.03,15.0,0.98,15.0,0.97,15.0,,,,,,,44.702969,1776308040000
1776308042.517,242.517,,,,,0.02,15.0,0.03,15.0,0.98,15.0,0.97,15.0,,,,,,,44.702969,1776308041000
1776308043.367,243.367,,,,,0.02,15.0,0.03,15.0,0.98,15.0,0.97,15.0,,,,,,,44.704699,1776308042000
1776308044.42,244.42,,,,,0.02,15.0,0.03,15.0,0.98,15.0,0.97,15.0,,,,,,,44.711731,1776308043000
1776308044.987,244.987,,,,,0.02,15.0,0.03,15.0,0.98,15.0,0.97,15.0,,,,,,,44.713741,1776308044000
1776308046.194,246.194,,,,,0.02,15.0,0.03,15.0,0.98,15.0,0.97,15.0,,,,,,,44.713884,1776308045000
1776308047.211,247.211,,,,,0.02,15.0,0.03,15.0,0.98,15.0,0.97,15.0,,,,,,,44.714592,1776308046000
1776308048.393,248.393,,,,,0.02,15.0,0.03,15.0,0.98,15.0,0.97,15.0,,,,,,,44.715739,1776308047000
1776308049.434,249.434,,,,,0.02,15.0,0.03,15.0,0.98,15.0,0.97,15.0,,,,,,,44.719732,1776308048000
1776308049.928,249.928,0.01,13.98,,,0.04,15.0,0.05,15.0,0.98,15.0,0.97,15.0,,,,,0.03,,44.719732,1776308048000
1776308050.635,250.635,0.01,13.98,,,0.02,15.0,0.04,15.0,0.96,15.0,0.95,15.0,0.99,13.98,,,0.01,0.03,44.722127,1776308049000
1776308051.071,251.071,0.01,13.98,,,0.02,15.0,0.04,15.0,0.98,15.0,0.96,15.0,0.99,13.98,,,0.01,0.01,44.72664,1776308050000
1776308051.54,251.54,,,,,0.03,15.0,0.04,15.0,0.98,15.0,0.96,15.0,0.99,13.98,,,,0.01,44.72664,1776308050000
1776308052.272,252.272,,,,,0.03,15.0,0.04,15.0,0.97,15.0,0.96,15.0,,,,,,,44.726845,1776308051000
1776308053.469,253.469,,,,,0.03,15.0,0.04,15.0,0.97,15.0,0.96,15.0,,,,,,,44.725218,1776308052000
1776308054.035,254.035,,,,,0.03,15.0,0.04,15.0,0.97,15.0,0.96,15.0,,,,,,,44.725024,1776308053000
1776308055.108,255.108,,,,,0.03,15.0,0.04,15.0,0.97,15.0,0.96,15.0,,,,,,,44.72461,1776308054000
1776308056.195,256.195,,,,,0.03,15.0,0.04,15.0,0.97,15.0,0.96,15.0,,,,,,,44.726532,1776308055000
1776308057.363,257.363,,,,,0.03,15.0,0.04,15.0,0.97,15.0,0.96,15.0,,,,,,,44.729111,1776308056000
1776308058.95,258.95,,,,,0.03,15.0,0.04,15.0,0.97,15.0,0.96,15.0,,,,,,,44.732835,1776308057000
1776308059.511,259.511,,,,,0.03,15.0,0.04,15.0,0.97,15.0,0.96,15.0,,,,,,,44.732835,1776308058000
1776308059.98,259.98,,,,,0.03,15.0,0.04,15.0,0.97,15.0,0.96,15.0,,,,,,,44.732991,1776308059000
1776308060.866,260.866,,,,,0.03,15.0,0.04,15.0,0.97,15.0,0.96,15.0,,,,,,,44.732473,1776308060000
1776308062.32,262.32,,,,,0.03,15.0,0.04,15.0,0.97,15.0,0.96,15.0,,,,,,,44.732472,1776308061000
1776308063.326,263.326,,,,,0.03,15.0,0.04,15.0,0.97,15.0,0.96,15.0,,,,,,,44.731817,1776308062000
1776308063.954,263.954,0.01,4.41,,,0.03,15.0,0.04,15.0,0.97,15.0,0.96,15.0,,,,,0.02,,44.731817,1776308062000
1776308064.313,264.313,0.01,4.41,,,0.03,15.0,0.04,15.0,0.97,15.0,0.96,15.0,0.99,4.41,,,0.02,0.02,44.731723,1776308063000
1776308065.305,265.305,0.01,4.41,,,0.03,15.0,0.04,15.0,0.97,15.0,0.96,15.0,0.99,4.41,,,0.02,0.02,44.730295,1776308064000
1776308066.329,266.329,0.01,4.41,,,0.03,15.0,0.04,15.0,0.97,15.0,0.96,15.0,0.99,4.41,,,0.02,0.02,44.730314,1776308065000
1776308067.307,267.307,0.01,4.41,,,0.03,15.0,0.04,15.0,0.97,15.0,0.96,15.0,0.99,4.41,,,0.02,0.02,44.730342,1776308066000
1776308068.344,268.344,0.01,4.41,,,0.03,15.0,0.04,15.0,0.97,15.0,0.96,15.0,0.99,4.41,,,0.02,0.02,44.730342,1776308067000
1776308069.325,269.325,0.01,4.41,,,0.03,15.0,0.04,15.0,0.97,15.0,0.96,15.0,0.99,4.41,,,0.02,0.02,44.735575,1776308068000
1776308070.304,270.304,0.01,4.41,,,0.03,15.0,0.04,15.0,0.97,15.0,0.96,15.0,0.99,4.41,,,0.02,0.02,44.735575,1776308069000
1776308072.066,272.066,0.01,4.41,,,0.03,15.0,0.04,15.0,0.97,15.0,0.96,15.0,0.99,4.41,,,0.02,0.02,44.733194,1776308071000
1776308073.215,273.215,0.01,4.41,,,0.03,15.0,0.04,15.0,0.97,15.0,0.96,15.0,0.99,4.41,,,0.02,0.02,44.735069,1776308072000
1776308074.32,274.32,0.01,4.41,,,0.03,15.0,0.04,15.0,0.97,15.0,0.96,15.0,0.99,4.41,,,0.02,0.02,44.734377,1776308073000
1776308075.187,275.187,0.01,4.41,,,0.03,15.0,0.04,15.0,0.97,15.0,0.96,15.0,0.99,4.41,,,0.02,0.02,44.734299,1776308074000
1776308075.988,275.988,0.01,4.41,,,0.03,15.0,0.04,15.0,0.97,15.0,0.96,15.0,0.99,4.41,,,0.02,0.02,44.733838,1776308075000
1776308077.241,277.241,0.01,4.41,,,0.03,15.0,0.04,15.0,0.97,15.0,0.96,15.0,0.99,4.41,,,0.02,0.02,44.734076,1776308076000
1776308078.329,278.329,0.01,4.41,,,0.03,15.0,0.04,15.0,0.97,15.0,0.96,15.0,0.99,4.41,,,0.02,0.02,44.735104,1776308077000
1776308079.356,279.356,0.01,4.41,,,0.03,15.0,0.04,15.0,0.97,15.0,0.96,15.0,0.99,4.41,,,0.02,0.02,44.735943,1776308078000
1776308079.924,279.924,0.01,4.41,,,0.03,15.0,0.04,15.0,0.97,15.0,0.96,15.0,0.99,4.41,,,0.02,0.02,44.735943,1776308079000
1776308080.981,280.981,0.01,4.41,,,0.03,15.0,0.04,15.0,0.97,15.0,0.96,15.0,0.99,4.41,,,0.02,0.02,44.736156,1776308080000
1776308082.088,282.088,0.01,4.41,,,0.03,15.0,0.04,15.0,0.97,15.0,0.96,15.0,0.99,4.41,,,0.02,0.02,44.7343,1776308081000
1776308083.149,283.149,0.01,4.41,,,0.03,15.0,0.04,15.0,0.97,15.0,0.96,15.0,0.99,4.41,,,0.02,0.02,44.73406,1776308082000
1776308084.213,284.213,0.01,4.41,,,0.03,15.0,0.04,15.0,0.97,15.0,0.96,15.0,0.99,4.41,,,0.02,0.02,44.73406,1776308083000
1776308085.288,285.288,0.01,4.41,,,0.03,15.0,0.04,15.0,0.97,15.0,0.96,15.0,0.99,4.41,,,0.02,0.02,44.73428,1776308084000
1776308086.537,286.537,0.01,4.41,,,0.03,15.0,0.04,15.0,0.97,15.0,0.96,15.0,0.99,4.41,,,0.02,0.02,44.73428,1776308085000
1776308088.199,288.199,0.01,4.41,,,0.03,15.0,0.04,15.0,0.97,15.0,0.96,15.0,0.99,4.41,,,0.02,0.02,44.735134,1776308086000
1776308089.004,289.004,0.01,4.41,,,0.03,15.0,0.04,15.0,0.97,15.0,0.96,15.0,0.99,4.41,,,0.02,0.02,44.735955,1776308087000
1776308089.778,289.778,0.01,4.41,,,0.03,15.0,0.04,15.0,0.97,15.0,0.96,15.0,0.99,4.41,,,0.02,0.02,44.736552,1776308088000

# RESULT,winner=Down,slug=hype-updown-5m-1776307800,ticks=300
