timestamp,elapsed_sec,up_bid_p1,up_bid_s1,up_bid_p2,up_bid_s2,up_ask_p1,up_ask_s1,up_ask_p2,up_ask_s2,down_bid_p1,down_bid_s1,down_bid_p2,down_bid_s2,down_ask_p1,down_ask_s1,down_ask_p2,down_ask_s2,up_spread,down_spread,hype_price,hype_oracle_ts
1776243611.537,11.537,0.67,5.0,0.66,5.0,0.69,5.0,0.7,5.0,0.31,5.0,0.3,5.0,0.33,5.0,0.34,5.0,0.02,0.02,43.565243,1776243610000
1776243611.857,11.857,0.67,5.0,0.66,5.0,0.69,5.0,0.7,5.0,0.31,5.0,0.3,5.0,0.33,5.0,0.34,5.0,0.02,0.02,43.565243,1776243610000
1776243612.057,12.057,0.67,5.0,0.66,5.0,0.69,5.0,0.7,5.0,0.31,5.0,0.3,5.0,0.33,5.0,0.34,5.0,0.02,0.02,43.565179,1776243611000
1776243612.488,12.488,0.67,5.0,0.66,5.0,0.69,5.0,0.7,5.0,0.31,5.0,0.3,5.0,0.33,5.0,0.34,5.0,0.02,0.02,43.565179,1776243611000
1776243613.152,13.152,0.67,5.0,0.66,5.0,0.69,5.0,0.7,5.0,0.31,5.0,0.3,5.0,0.33,5.0,0.34,5.0,0.02,0.02,43.564198,1776243612000
1776243614.179,14.179,0.67,5.0,0.66,5.0,0.69,5.0,0.7,5.0,0.31,5.0,0.3,5.0,0.33,5.0,0.34,5.0,0.02,0.02,43.564198,1776243613000
1776243615.441,15.441,0.67,5.0,0.66,5.0,0.69,5.0,0.7,5.0,0.31,5.0,0.3,5.0,0.33,5.0,0.34,5.0,0.02,0.02,43.564423,1776243614000
1776243615.976,15.976,0.67,5.0,0.66,5.0,0.69,5.0,0.7,5.0,0.31,5.0,0.3,5.0,0.33,5.0,0.34,5.0,0.02,0.02,43.56442,1776243615000
1776243616.405,16.405,0.68,5.0,0.67,5.0,0.71,5.0,0.72,5.0,0.31,5.0,0.3,5.0,0.33,5.0,0.34,5.0,0.03,0.02,43.56442,1776243615000
1776243616.927,16.927,0.68,5.0,0.67,5.0,0.71,5.0,0.72,5.0,0.29,5.0,0.28,5.0,0.32,5.0,0.33,5.0,0.03,0.03,43.566648,1776243616000
1776243617.996,17.996,0.68,5.0,0.67,5.0,0.71,5.0,0.72,5.0,0.29,5.0,0.28,5.0,0.32,5.0,0.33,5.0,0.03,0.03,43.566648,1776243617000
1776243619.619,19.619,0.68,5.0,0.67,5.0,0.71,5.0,0.72,5.0,0.29,5.0,0.28,5.0,0.32,5.0,0.33,5.0,0.03,0.03,43.566726,1776243618000
1776243620.305,20.305,0.68,5.0,0.67,5.0,0.71,5.0,0.72,5.0,0.29,5.0,0.28,5.0,0.32,5.0,0.33,5.0,0.03,0.03,43.566726,1776243619000
1776243621.425,21.425,0.68,5.0,0.67,5.0,0.71,5.0,0.72,5.0,0.29,5.0,0.28,5.0,0.32,5.0,0.33,5.0,0.03,0.03,43.566828,1776243620000
1776243622.123,22.123,0.68,5.0,0.67,5.0,0.71,5.0,0.72,5.0,0.29,5.0,0.28,5.0,0.32,5.0,0.33,5.0,0.03,0.03,43.566828,1776243621000
1776243623.291,23.291,0.68,5.0,0.67,5.0,0.71,5.0,0.72,5.0,0.29,5.0,0.28,5.0,0.32,5.0,0.33,5.0,0.03,0.03,43.566828,1776243622000
1776243624.539,24.539,0.68,5.0,0.67,5.0,0.71,5.0,0.72,5.0,0.29,5.0,0.28,5.0,0.32,5.0,0.33,5.0,0.03,0.03,43.567421,1776243623000
1776243625.109,25.109,0.68,5.0,0.67,5.0,0.71,5.0,0.72,5.0,0.29,5.0,0.28,5.0,0.32,5.0,0.33,5.0,0.03,0.03,43.567421,1776243624000
1776243626.139,26.139,0.84,5.0,0.83,5.0,0.85,5.0,0.87,5.0,0.29,5.0,0.28,5.0,0.32,5.0,0.33,5.0,0.01,0.03,43.567421,1776243624000
1776243626.494,26.494,0.83,5.0,0.82,5.0,0.84,5.0,0.86,5.0,0.15,5.0,0.13,5.0,0.16,5.0,0.17,5.0,0.01,0.01,43.56748,1776243625000
1776243627.301,27.301,0.83,5.0,0.82,5.0,0.84,5.0,0.86,5.0,0.16,5.0,0.14,5.0,0.17,5.0,0.18,5.0,0.01,0.01,43.571103,1776243626000
1776243628.521,28.521,0.83,5.0,0.82,5.0,0.84,5.0,0.86,5.0,0.16,5.0,0.14,5.0,0.17,5.0,0.18,5.0,0.01,0.01,43.577249,1776243627000
1776243629.115,29.115,0.83,5.0,0.82,5.0,0.84,5.0,0.86,5.0,0.16,5.0,0.14,5.0,0.17,5.0,0.18,5.0,0.01,0.01,43.577249,1776243628000
1776243630.154,30.154,0.83,5.0,0.82,5.0,0.84,5.0,0.86,5.0,0.16,5.0,0.14,5.0,0.17,5.0,0.18,5.0,0.01,0.01,43.577962,1776243629000
1776243631.4,31.4,0.83,5.0,0.82,5.0,0.84,5.0,0.86,5.0,0.16,5.0,0.14,5.0,0.17,5.0,0.18,5.0,0.01,0.01,43.578006,1776243630000
1776243632.032,32.032,0.83,5.0,0.82,5.0,0.84,5.0,0.86,5.0,0.16,5.0,0.14,5.0,0.17,5.0,0.18,5.0,0.01,0.01,43.578061,1776243631000
1776243633.261,33.261,0.79,5.0,0.78,5.0,0.82,5.0,0.83,5.0,0.18,5.0,0.17,5.0,0.21,5.0,0.22,5.0,0.03,0.03,43.580185,1776243632000
1776243633.517,33.517,0.81,5.0,0.8,5.0,0.83,5.0,0.84,5.0,0.18,5.0,0.17,5.0,0.21,5.0,0.22,5.0,0.02,0.03,43.580185,1776243632000
1776243634.296,34.296,0.81,5.0,0.8,5.0,0.83,5.0,0.84,5.0,0.17,5.0,0.16,5.0,0.19,5.0,0.2,5.0,0.02,0.02,43.580176,1776243633000
1776243635.16,35.16,0.81,5.0,0.8,5.0,0.83,5.0,0.84,5.0,0.17,5.0,0.16,5.0,0.19,5.0,0.2,5.0,0.02,0.02,43.584025,1776243634000
1776243636.205,36.205,0.81,5.0,0.8,5.0,0.83,5.0,0.84,5.0,0.17,5.0,0.16,5.0,0.19,5.0,0.2,5.0,0.02,0.02,43.583939,1776243635000
1776243637.173,37.173,0.81,5.0,0.8,5.0,0.83,5.0,0.84,5.0,0.17,5.0,0.16,5.0,0.19,5.0,0.2,5.0,0.02,0.02,43.583906,1776243636000
1776243637.405,37.405,0.79,5.0,0.78,5.0,0.81,5.0,0.82,5.0,0.17,5.0,0.16,5.0,0.19,5.0,0.2,5.0,0.02,0.02,43.583906,1776243636000
1776243638.185,38.185,0.79,5.0,0.78,5.0,0.81,5.0,0.82,5.0,0.19,5.0,0.18,5.0,0.21,5.0,0.22,5.0,0.02,0.02,43.583911,1776243637000
1776243639.23,39.23,0.79,5.0,0.78,5.0,0.81,5.0,0.82,5.0,0.19,5.0,0.18,5.0,0.21,5.0,0.22,5.0,0.02,0.02,43.583373,1776243638000
1776243639.46,39.46,0.79,5.0,0.78,5.0,0.81,15.0,0.82,20.0,0.19,5.0,0.18,5.0,0.21,5.0,0.22,5.0,0.02,0.02,43.583373,1776243638000
1776243640.309,40.309,0.79,5.0,0.78,5.0,0.81,15.0,0.82,20.0,0.19,15.0,0.18,20.0,0.21,5.0,0.22,5.0,0.02,0.02,43.585196,1776243639000
1776243640.726,40.726,0.8,19.0,0.79,5.0,0.81,5.0,0.82,15.0,0.19,15.0,0.18,20.0,0.21,5.0,0.22,5.0,0.01,0.02,43.585196,1776243639000
1776243641.255,41.255,0.8,19.0,0.79,5.0,0.81,5.0,0.82,15.0,0.19,5.0,0.18,15.0,0.2,19.0,0.21,5.0,0.01,0.01,43.590411,1776243640000
1776243641.959,41.959,0.81,5.0,0.8,19.0,0.82,15.0,0.83,15.0,0.19,5.0,0.18,15.0,0.2,19.0,0.21,5.0,0.01,0.01,43.590411,1776243640000
1776243642.298,42.298,0.81,5.0,0.8,19.0,0.82,15.0,0.83,15.0,0.18,15.0,0.17,15.0,0.19,5.0,0.2,19.0,0.01,0.01,43.601377,1776243641000
1776243643.25,43.25,0.81,5.0,0.8,19.0,0.82,15.0,0.83,15.0,0.18,15.0,0.17,15.0,0.19,5.0,0.2,19.0,0.01,0.01,43.605793,1776243642000
1776243644.202,44.202,0.81,5.0,0.8,19.0,0.82,15.0,0.83,15.0,0.18,15.0,0.17,15.0,0.19,5.0,0.2,19.0,0.01,0.01,43.610524,1776243643000
1776243645.407,45.407,0.81,5.0,0.8,19.0,0.82,15.0,0.83,15.0,0.18,15.0,0.17,15.0,0.19,5.0,0.2,19.0,0.01,0.01,43.617079,1776243644000
1776243646.235,46.235,0.81,5.0,0.8,19.0,0.82,15.0,0.83,15.0,0.18,15.0,0.17,15.0,0.19,5.0,0.2,19.0,0.01,0.01,43.617588,1776243645000
1776243646.648,46.648,0.81,26.0,0.8,5.0,0.82,5.0,0.83,15.0,0.18,15.0,0.17,15.0,0.19,5.0,0.2,19.0,0.01,0.01,43.617588,1776243645000
1776243647.222,47.222,0.81,26.0,0.8,5.0,0.82,5.0,0.83,15.0,0.18,5.0,0.17,15.0,0.19,26.0,0.2,5.0,0.01,0.01,43.617742,1776243646000
1776243648.141,48.141,0.81,26.0,0.8,5.0,0.82,5.0,0.83,15.0,0.18,5.0,0.17,15.0,0.19,26.0,0.2,5.0,0.01,0.01,43.618484,1776243647000
1776243649.101,49.101,0.81,26.0,0.8,5.0,0.82,5.0,0.83,15.0,0.18,5.0,0.17,15.0,0.19,26.0,0.2,5.0,0.01,0.01,43.623481,1776243648000
1776243650.021,50.021,0.81,26.0,0.8,5.0,0.82,5.0,0.83,15.0,0.18,5.0,0.17,15.0,0.19,26.0,0.2,5.0,0.01,0.01,43.62378,1776243649000
1776243651.074,51.074,0.81,26.0,0.8,5.0,0.82,5.0,0.83,15.0,0.18,5.0,0.17,15.0,0.19,26.0,0.2,5.0,0.01,0.01,43.62565,1776243650000
1776243652.147,52.147,0.81,26.0,0.8,5.0,0.82,5.0,0.83,15.0,0.18,5.0,0.17,15.0,0.19,26.0,0.2,5.0,0.01,0.01,43.625938,1776243651000
1776243653.258,53.258,0.81,26.0,0.8,5.0,0.82,5.0,0.83,15.0,0.18,5.0,0.17,15.0,0.19,26.0,0.2,5.0,0.01,0.01,43.625939,1776243652000
1776243654.33,54.33,0.81,26.0,0.8,5.0,0.82,5.0,0.83,15.0,0.18,5.0,0.17,15.0,0.19,26.0,0.2,5.0,0.01,0.01,43.626422,1776243653000
1776243655.309,55.309,0.81,26.0,0.8,5.0,0.82,5.0,0.83,15.0,0.18,5.0,0.17,15.0,0.19,26.0,0.2,5.0,0.01,0.01,43.632158,1776243654000
1776243656.292,56.292,0.81,26.0,0.8,5.0,0.82,5.0,0.83,15.0,0.18,5.0,0.17,15.0,0.19,26.0,0.2,5.0,0.01,0.01,43.637389,1776243655000
1776243657.327,57.327,0.81,26.0,0.8,5.0,0.82,5.0,0.83,15.0,0.18,5.0,0.17,15.0,0.19,26.0,0.2,5.0,0.01,0.01,43.637877,1776243656000
1776243658.39,58.39,0.81,26.0,0.8,5.0,0.82,5.0,0.83,15.0,0.18,5.0,0.17,15.0,0.19,26.0,0.2,5.0,0.01,0.01,43.639412,1776243657000
1776243659.397,59.397,0.86,5.0,0.85,38.0,0.87,20.0,0.88,20.0,0.13,20.0,0.12,20.0,0.14,5.0,0.15,38.0,0.01,0.01,43.63936,1776243658000
1776243660.764,60.764,0.86,5.0,0.85,38.0,0.87,20.0,0.88,20.0,0.13,20.0,0.12,20.0,0.14,5.0,0.15,38.0,0.01,0.01,43.651605,1776243659000
1776243661.334,61.334,0.86,5.0,0.85,38.0,0.87,20.0,0.88,20.0,0.13,20.0,0.12,20.0,0.14,5.0,0.15,38.0,0.01,0.01,43.655904,1776243660000
1776243661.748,61.748,0.87,5.0,0.86,5.0,0.88,5.0,0.89,5.0,0.13,20.0,0.12,20.0,0.14,5.0,0.15,38.0,0.01,0.01,43.655904,1776243660000
1776243662.57,62.57,0.87,5.0,0.86,5.0,0.88,5.0,0.89,5.0,0.12,5.0,0.11,5.0,0.13,5.0,0.14,5.0,0.01,0.01,43.655721,1776243661000
1776243662.905,62.905,0.88,5.0,0.87,15.0,0.89,3.87,0.9,5.0,0.11,5.0,0.1,5.0,0.12,5.0,0.13,5.0,0.01,0.01,43.655721,1776243661000
1776243663.984,63.984,0.88,47.0,0.87,15.0,0.91,5.0,0.92,5.0,0.11,3.87,0.1,5.0,0.12,5.0,0.13,15.0,0.03,0.01,43.655518,1776243662000
1776243665.252,65.252,0.88,47.0,0.87,15.0,0.91,5.0,0.92,5.0,0.09,5.0,0.08,5.0,0.12,47.0,0.13,15.0,0.03,0.03,43.682899,1776243664000
1776243666.358,66.358,0.88,47.0,0.87,15.0,0.91,5.0,0.92,5.0,0.09,5.0,0.08,5.0,0.12,47.0,0.13,15.0,0.03,0.03,43.690259,1776243665000
1776243666.928,66.928,0.88,47.0,0.87,15.0,0.91,5.0,0.92,5.0,0.09,5.0,0.08,5.0,0.12,47.0,0.13,15.0,0.03,0.03,43.69059,1776243666000
1776243668.116,68.116,0.88,47.0,0.87,15.0,0.91,5.0,0.92,5.0,0.09,5.0,0.08,5.0,0.12,47.0,0.13,15.0,0.03,0.03,43.691715,1776243667000
1776243669.292,69.292,0.88,47.0,0.87,15.0,0.91,5.0,0.92,5.0,0.09,5.0,0.08,5.0,0.12,47.0,0.13,15.0,0.03,0.03,43.691869,1776243668000
1776243670.184,70.184,0.89,5.0,0.88,47.0,0.92,5.0,0.93,5.0,0.09,5.0,0.08,5.0,0.12,47.0,0.13,15.0,0.03,0.03,43.691869,1776243668000
1776243671.484,71.484,0.89,5.0,0.88,47.0,0.92,5.0,0.93,5.0,0.08,5.0,0.07,5.0,0.11,5.0,0.12,47.0,0.03,0.03,43.696759,1776243670000
1776243672.065,72.065,0.89,5.0,0.88,47.0,0.92,5.0,0.93,5.0,0.08,5.0,0.07,5.0,0.11,5.0,0.12,47.0,0.03,0.03,43.696759,1776243671000
1776243672.776,72.776,0.9,44.0,0.89,5.0,0.93,5.0,0.94,20.0,0.08,5.0,0.07,5.0,0.11,5.0,0.12,47.0,0.03,0.03,43.696759,1776243671000
1776243673.259,73.259,0.9,44.0,0.89,5.0,0.93,5.0,0.94,20.0,0.07,5.0,0.06,20.0,0.1,44.0,0.11,5.0,0.03,0.03,43.696567,1776243672000
1776243674.362,74.362,0.9,44.0,0.89,5.0,0.93,5.0,0.94,20.0,0.07,5.0,0.06,20.0,0.1,44.0,0.11,5.0,0.03,0.03,43.696244,1776243673000
1776243675.31,75.31,0.91,42.0,0.9,5.0,0.94,20.0,0.95,20.0,0.07,5.0,0.06,20.0,0.1,44.0,0.11,5.0,0.03,0.03,43.696244,1776243673000
1776243675.886,75.886,0.91,42.0,0.9,5.0,0.94,20.0,0.95,20.0,0.06,20.0,0.05,20.0,0.09,42.0,0.1,5.0,0.03,0.03,43.695653,1776243675000
1776243677.134,77.134,0.91,42.0,0.9,5.0,0.94,20.0,0.95,20.0,0.06,20.0,0.05,20.0,0.09,42.0,0.1,5.0,0.03,0.03,43.695653,1776243676000
1776243678.455,78.455,0.91,42.0,0.9,5.0,0.94,20.0,0.95,20.0,0.06,20.0,0.05,20.0,0.09,42.0,0.1,5.0,0.03,0.03,43.695961,1776243677000
1776243679.02,79.02,0.91,42.0,0.9,5.0,0.94,20.0,0.95,20.0,0.06,20.0,0.05,20.0,0.09,42.0,0.1,5.0,0.03,0.03,43.696132,1776243678000
1776243680.216,80.216,0.91,42.0,0.9,5.0,0.94,20.0,0.95,20.0,0.06,20.0,0.05,20.0,0.09,42.0,0.1,5.0,0.03,0.03,43.69391,1776243679000
1776243681.457,81.457,0.91,42.0,0.9,5.0,0.94,20.0,0.95,20.0,0.06,20.0,0.05,20.0,0.09,42.0,0.1,5.0,0.03,0.03,43.687696,1776243680000
1776243682.34,82.34,0.91,42.0,0.9,5.0,0.94,20.0,0.95,20.0,0.06,20.0,0.05,20.0,0.09,42.0,0.1,5.0,0.03,0.03,43.683617,1776243681000
1776243683.528,83.528,0.91,42.0,0.9,5.0,0.94,20.0,0.95,20.0,0.06,20.0,0.05,20.0,0.09,42.0,0.1,5.0,0.03,0.03,43.682474,1776243682000
1776243684.124,84.124,0.91,42.0,0.9,5.0,0.94,20.0,0.95,20.0,0.06,20.0,0.05,20.0,0.09,42.0,0.1,5.0,0.03,0.03,43.68094,1776243683000
1776243685.225,85.225,0.91,42.0,0.9,5.0,0.94,20.0,0.95,20.0,0.06,20.0,0.05,20.0,0.09,42.0,0.1,5.0,0.03,0.03,43.674182,1776243684000
1776243686.233,86.233,0.91,42.0,0.9,5.0,0.94,20.0,0.95,20.0,0.06,20.0,0.05,20.0,0.09,42.0,0.1,5.0,0.03,0.03,43.676209,1776243685000
1776243687.279,87.279,0.91,42.0,0.9,5.0,0.94,20.0,0.95,20.0,0.06,20.0,0.05,20.0,0.09,42.0,0.1,5.0,0.03,0.03,43.687374,1776243686000
1776243688.318,88.318,0.91,42.0,0.9,5.0,0.94,20.0,0.95,20.0,0.06,20.0,0.05,20.0,0.09,42.0,0.1,5.0,0.03,0.03,43.69168,1776243687000
1776243689.881,89.881,0.91,42.0,0.9,5.0,0.94,20.0,0.95,20.0,0.06,20.0,0.05,20.0,0.09,42.0,0.1,5.0,0.03,0.03,43.694472,1776243688000
1776243690.313,90.313,0.91,42.0,0.9,5.0,0.94,20.0,0.95,20.0,0.06,20.0,0.05,20.0,0.09,42.0,0.1,5.0,0.03,0.03,43.694661,1776243689000
1776243691.344,91.344,0.91,42.0,0.9,5.0,0.94,20.0,0.95,20.0,0.06,20.0,0.05,20.0,0.09,42.0,0.1,5.0,0.03,0.03,43.693837,1776243690000
1776243692.393,92.393,0.91,42.0,0.9,5.0,0.94,20.0,0.95,20.0,0.06,20.0,0.05,20.0,0.09,42.0,0.1,5.0,0.03,0.03,43.693866,1776243691000
1776243692.912,92.912,0.91,42.0,0.9,5.0,0.94,20.0,0.95,20.0,0.06,20.0,0.05,20.0,0.09,42.0,0.1,5.0,0.03,0.03,43.69106,1776243692000
1776243693.98,93.98,0.91,42.0,0.9,5.0,0.94,20.0,0.95,20.0,0.06,20.0,0.05,20.0,0.09,42.0,0.1,5.0,0.03,0.03,43.69158,1776243693000
1776243695.047,95.047,0.91,42.0,0.9,5.0,0.94,20.0,0.95,20.0,0.06,20.0,0.05,20.0,0.09,42.0,0.1,5.0,0.03,0.03,43.690493,1776243694000
1776243696.044,96.044,0.91,42.0,0.9,5.0,0.94,20.0,0.95,20.0,0.06,20.0,0.05,20.0,0.09,42.0,0.1,5.0,0.03,0.03,43.689961,1776243695000
1776243697.095,97.095,0.91,42.0,0.9,5.0,0.94,20.0,0.95,20.0,0.06,20.0,0.05,20.0,0.09,42.0,0.1,5.0,0.03,0.03,43.690337,1776243696000
1776243698.124,98.124,0.91,42.0,0.9,5.0,0.94,20.0,0.95,20.0,0.06,20.0,0.05,20.0,0.09,42.0,0.1,5.0,0.03,0.03,43.690467,1776243697000
1776243699.323,99.323,0.91,42.0,0.9,5.0,0.94,20.0,0.95,20.0,0.06,20.0,0.05,20.0,0.09,42.0,0.1,5.0,0.03,0.03,43.693252,1776243698000
1776243700.332,100.332,0.91,42.0,0.9,5.0,0.94,20.0,0.95,20.0,0.06,20.0,0.05,20.0,0.09,42.0,0.1,5.0,0.03,0.03,43.694056,1776243699000
1776243701.347,101.347,0.91,42.0,0.9,5.0,0.94,20.0,0.95,20.0,0.06,20.0,0.05,20.0,0.09,42.0,0.1,5.0,0.03,0.03,43.694589,1776243700000
1776243702.379,102.379,0.91,42.0,0.9,5.0,0.94,20.0,0.95,20.0,0.06,20.0,0.05,20.0,0.09,42.0,0.1,5.0,0.03,0.03,43.696398,1776243701000
1776243703.378,103.378,0.91,42.0,0.9,5.0,0.94,20.0,0.95,20.0,0.06,20.0,0.05,20.0,0.09,42.0,0.1,5.0,0.03,0.03,43.696737,1776243702000
1776243703.938,103.938,0.91,42.0,0.9,5.0,0.94,20.0,0.95,20.0,0.06,20.0,0.05,20.0,0.09,42.0,0.1,5.0,0.03,0.03,43.696505,1776243703000
1776243705.019,105.019,0.91,42.0,0.9,5.0,0.94,20.0,0.95,20.0,0.06,20.0,0.05,20.0,0.09,42.0,0.1,5.0,0.03,0.03,43.696333,1776243704000
1776243706.087,106.087,0.91,42.0,0.9,5.0,0.94,20.0,0.95,20.0,0.06,20.0,0.05,20.0,0.09,42.0,0.1,5.0,0.03,0.03,43.695691,1776243705000
1776243707.471,107.471,0.91,42.0,0.9,5.0,0.94,20.0,0.95,20.0,0.06,20.0,0.05,20.0,0.09,42.0,0.1,5.0,0.03,0.03,43.695169,1776243706000
1776243708.433,108.433,0.91,42.0,0.9,5.0,0.94,20.0,0.95,20.0,0.06,20.0,0.05,20.0,0.09,42.0,0.1,5.0,0.03,0.03,43.694703,1776243707000
1776243708.888,108.888,0.91,42.0,0.9,5.0,0.94,20.0,0.95,20.0,0.06,20.0,0.05,20.0,0.09,42.0,0.1,5.0,0.03,0.03,43.694691,1776243708000
1776243710.061,110.061,0.91,42.0,0.9,5.0,0.94,20.0,0.95,20.0,0.06,20.0,0.05,20.0,0.09,42.0,0.1,5.0,0.03,0.03,43.694376,1776243709000
1776243711.23,111.23,0.91,42.0,0.9,5.0,0.94,20.0,0.95,20.0,0.06,20.0,0.05,20.0,0.09,42.0,0.1,5.0,0.03,0.03,43.694312,1776243710000
1776243712.312,112.312,0.91,42.0,0.9,5.0,0.94,20.0,0.95,20.0,0.06,20.0,0.05,20.0,0.09,42.0,0.1,5.0,0.03,0.03,43.694187,1776243711000
1776243713.324,113.324,0.91,42.0,0.9,5.0,0.94,20.0,0.95,20.0,0.06,20.0,0.05,20.0,0.09,42.0,0.1,5.0,0.03,0.03,43.694086,1776243712000
1776243713.871,113.871,0.91,42.0,0.9,5.0,0.94,20.0,0.95,20.0,0.06,20.0,0.05,20.0,0.09,42.0,0.1,5.0,0.03,0.03,43.694086,1776243713000
1776243714.986,114.986,0.91,42.0,0.9,5.0,0.94,20.0,0.95,20.0,0.06,20.0,0.05,20.0,0.09,42.0,0.1,5.0,0.03,0.03,43.694089,1776243714000
1776243716.117,116.117,0.91,42.0,0.9,5.0,0.94,20.0,0.95,20.0,0.06,20.0,0.05,20.0,0.09,42.0,0.1,5.0,0.03,0.03,43.694189,1776243715000
1776243717.863,117.863,0.91,42.0,0.9,5.0,0.94,20.0,0.95,20.0,0.06,20.0,0.05,20.0,0.09,42.0,0.1,5.0,0.03,0.03,43.694188,1776243716000
1776243718.492,118.492,0.91,42.0,0.9,5.0,0.94,20.0,0.95,20.0,0.06,20.0,0.05,20.0,0.09,42.0,0.1,5.0,0.03,0.03,43.694188,1776243717000
1776243719.261,119.261,0.91,42.0,0.9,5.0,0.94,20.0,0.95,20.0,0.06,20.0,0.05,20.0,0.09,42.0,0.1,5.0,0.03,0.03,43.694234,1776243718000
1776243720.408,120.408,0.91,42.0,0.9,5.0,0.94,20.0,0.95,20.0,0.06,20.0,0.05,20.0,0.09,42.0,0.1,5.0,0.03,0.03,43.694133,1776243719000
1776243721.078,121.078,0.91,42.0,0.9,5.0,0.94,20.0,0.95,20.0,0.06,20.0,0.05,20.0,0.09,42.0,0.1,5.0,0.03,0.03,43.694189,1776243720000
1776243722.847,122.847,0.91,42.0,0.9,5.0,0.94,20.0,0.95,20.0,0.06,20.0,0.05,20.0,0.09,42.0,0.1,5.0,0.03,0.03,43.694323,1776243721000
1776243723.58,123.58,0.91,42.0,0.9,5.0,0.94,20.0,0.95,20.0,0.06,20.0,0.05,20.0,0.09,42.0,0.1,5.0,0.03,0.03,43.694354,1776243722000
1776243724.331,124.331,0.91,42.0,0.9,5.0,0.94,20.0,0.95,20.0,0.06,20.0,0.05,20.0,0.09,42.0,0.1,5.0,0.03,0.03,43.694354,1776243723000
1776243725.636,125.636,0.91,42.0,0.9,5.0,0.94,20.0,0.95,20.0,0.06,20.0,0.05,20.0,0.09,42.0,0.1,5.0,0.03,0.03,43.694378,1776243724000
1776243726.445,126.445,0.91,42.0,0.9,5.0,0.94,20.0,0.95,20.0,0.06,20.0,0.05,20.0,0.09,42.0,0.1,5.0,0.03,0.03,43.694421,1776243725000
1776243727.104,127.104,0.91,42.0,0.9,5.0,0.94,20.0,0.95,20.0,0.06,20.0,0.05,20.0,0.09,42.0,0.1,5.0,0.03,0.03,43.694652,1776243726000
1776243728.629,128.629,0.91,42.0,0.9,5.0,0.94,20.0,0.95,20.0,0.06,20.0,0.05,20.0,0.09,42.0,0.1,5.0,0.03,0.03,43.694629,1776243727000
1776243729.386,129.386,0.91,42.0,0.9,5.0,0.94,20.0,0.95,20.0,0.06,20.0,0.05,20.0,0.09,42.0,0.1,5.0,0.03,0.03,43.694625,1776243728000
1776243730.879,130.879,0.91,42.0,0.9,5.0,0.94,20.0,0.95,20.0,0.06,20.0,0.05,20.0,0.09,42.0,0.1,5.0,0.03,0.03,43.694627,1776243729000
1776243731.522,131.522,0.91,42.0,0.9,5.0,0.94,20.0,0.95,20.0,0.06,20.0,0.05,20.0,0.09,42.0,0.1,5.0,0.03,0.03,43.694508,1776243730000
1776243732.195,132.195,0.91,42.0,0.9,5.0,0.94,20.0,0.95,20.0,0.06,20.0,0.05,20.0,0.09,42.0,0.1,5.0,0.03,0.03,43.694414,1776243731000
1776243733.574,133.574,0.91,42.0,0.9,5.0,0.94,20.0,0.95,20.0,0.06,20.0,0.05,20.0,0.09,42.0,0.1,5.0,0.03,0.03,43.694255,1776243732000
1776243734.307,134.307,0.91,42.0,0.9,5.0,0.94,20.0,0.95,20.0,0.06,20.0,0.05,20.0,0.09,42.0,0.1,5.0,0.03,0.03,43.694255,1776243733000
1776243736.197,136.197,0.91,42.0,0.9,5.0,0.94,20.0,0.95,20.0,0.06,20.0,0.05,20.0,0.09,42.0,0.1,5.0,0.03,0.03,43.671686,1776243735000
1776243737.213,137.213,0.91,42.0,0.9,5.0,0.94,20.0,0.95,20.0,0.06,20.0,0.05,20.0,0.09,42.0,0.1,5.0,0.03,0.03,43.668838,1776243736000
1776243738.506,138.506,0.91,42.0,0.9,5.0,0.94,20.0,0.95,20.0,0.06,20.0,0.05,20.0,0.09,42.0,0.1,5.0,0.03,0.03,43.669182,1776243737000
1776243739.06,139.06,0.91,42.0,0.9,5.0,0.94,20.0,0.95,20.0,0.06,20.0,0.05,20.0,0.09,42.0,0.1,5.0,0.03,0.03,43.669496,1776243738000
1776243740.102,140.102,0.91,42.0,0.9,5.0,0.94,20.0,0.95,20.0,0.06,20.0,0.05,20.0,0.09,42.0,0.1,5.0,0.03,0.03,43.664337,1776243739000
1776243741.333,141.333,0.91,42.0,0.9,5.0,0.94,20.0,0.95,20.0,0.06,20.0,0.05,20.0,0.09,42.0,0.1,5.0,0.03,0.03,43.658783,1776243740000
1776243742.488,142.488,0.91,42.0,0.9,5.0,0.94,20.0,0.95,20.0,0.06,20.0,0.05,20.0,0.09,42.0,0.1,5.0,0.03,0.03,43.654818,1776243741000
1776243742.909,142.909,0.89,15.0,0.88,15.0,0.92,5.0,0.93,5.0,0.06,20.0,0.05,20.0,0.09,42.0,0.1,5.0,0.03,0.03,43.654818,1776243741000
1776243744.242,144.242,0.89,15.0,0.88,15.0,0.92,5.0,0.93,5.0,0.08,5.0,0.07,5.0,0.11,15.0,0.12,15.0,0.03,0.03,43.652216,1776243743000
1776243745.505,145.505,0.89,15.0,0.88,15.0,0.92,5.0,0.93,5.0,0.08,5.0,0.07,5.0,0.11,15.0,0.12,15.0,0.03,0.03,43.653617,1776243744000
1776243745.94,145.94,0.89,15.0,0.88,15.0,0.92,5.0,0.93,5.0,0.08,5.0,0.07,5.0,0.11,15.0,0.12,15.0,0.03,0.03,43.657574,1776243745000
1776243747.094,147.094,0.89,15.0,0.88,15.0,0.92,5.0,0.93,5.0,0.08,5.0,0.07,5.0,0.11,15.0,0.12,15.0,0.03,0.03,43.663165,1776243746000
1776243748.434,148.434,0.89,15.0,0.88,15.0,0.92,5.0,0.93,5.0,0.08,5.0,0.07,5.0,0.11,15.0,0.12,15.0,0.03,0.03,43.662924,1776243747000
1776243748.99,148.99,0.89,15.0,0.88,15.0,0.92,5.0,0.93,5.0,0.08,5.0,0.07,5.0,0.11,15.0,0.12,15.0,0.03,0.03,43.662841,1776243748000
1776243750.204,150.204,0.89,15.0,0.88,15.0,0.92,5.0,0.93,5.0,0.08,5.0,0.07,5.0,0.11,15.0,0.12,15.0,0.03,0.03,43.663057,1776243749000
1776243751.365,151.365,0.89,15.0,0.88,15.0,0.92,5.0,0.93,5.0,0.08,5.0,0.07,5.0,0.11,15.0,0.12,15.0,0.03,0.03,43.659613,1776243750000
1776243752.262,152.262,0.89,15.0,0.88,15.0,0.92,5.0,0.93,5.0,0.08,5.0,0.07,5.0,0.11,15.0,0.12,15.0,0.03,0.03,43.658475,1776243751000
1776243753.716,153.716,0.89,15.0,0.88,15.0,0.92,5.0,0.93,5.0,0.08,5.0,0.07,5.0,0.11,15.0,0.12,15.0,0.03,0.03,43.658362,1776243752000
1776243754.094,154.094,0.89,15.0,0.88,15.0,0.92,5.0,0.93,5.0,0.08,5.0,0.07,5.0,0.11,15.0,0.12,15.0,0.03,0.03,43.658362,1776243753000
1776243755.395,155.395,0.89,15.0,0.88,15.0,0.92,5.0,0.93,5.0,0.08,5.0,0.07,5.0,0.11,15.0,0.12,15.0,0.03,0.03,43.658462,1776243754000
1776243756.145,156.145,0.89,15.0,0.88,15.0,0.92,5.0,0.93,5.0,0.08,5.0,0.07,5.0,0.11,15.0,0.12,15.0,0.03,0.03,43.658462,1776243755000
1776243757.373,157.373,0.89,15.0,0.88,15.0,0.92,5.0,0.93,5.0,0.08,5.0,0.07,5.0,0.11,15.0,0.12,15.0,0.03,0.03,43.658247,1776243756000
1776243758.089,158.089,0.89,15.0,0.88,15.0,0.92,5.0,0.93,5.0,0.08,5.0,0.07,5.0,0.11,15.0,0.12,15.0,0.03,0.03,43.658197,1776243757000
1776243759.664,159.664,0.89,15.0,0.88,15.0,0.92,5.0,0.93,5.0,0.08,5.0,0.07,5.0,0.11,15.0,0.12,15.0,0.03,0.03,43.658196,1776243758000
1776243760.32,160.32,0.89,15.0,0.88,15.0,0.92,5.0,0.93,5.0,0.08,5.0,0.07,5.0,0.11,15.0,0.12,15.0,0.03,0.03,43.658196,1776243759000
1776243761.051,161.051,0.89,15.0,0.88,15.0,0.92,5.0,0.93,5.0,0.08,5.0,0.07,5.0,0.11,15.0,0.12,15.0,0.03,0.03,43.658144,1776243760000
1776243762.312,162.312,0.89,15.0,0.88,15.0,0.92,5.0,0.93,5.0,0.08,5.0,0.07,5.0,0.11,15.0,0.12,15.0,0.03,0.03,43.658144,1776243761000
1776243763.376,163.376,0.89,15.0,0.88,15.0,0.92,5.0,0.93,5.0,0.08,5.0,0.07,5.0,0.11,15.0,0.12,15.0,0.03,0.03,43.658194,1776243762000
1776243763.984,163.984,0.89,15.0,0.88,15.0,0.92,5.0,0.93,5.0,0.08,5.0,0.07,5.0,0.11,15.0,0.12,15.0,0.03,0.03,43.643976,1776243763000
1776243764.478,164.478,0.85,5.0,0.84,21.0,0.86,4.88,0.87,5.0,0.14,4.88,0.13,5.0,0.16,25.0,0.17,15.0,0.01,0.02,43.643976,1776243763000
1776243765.455,165.455,0.85,5.0,0.84,21.0,0.86,4.88,0.87,5.0,0.14,4.88,0.13,5.0,0.15,5.0,0.16,21.0,0.01,0.01,43.634946,1776243764000
1776243766.107,166.107,0.85,5.0,0.84,21.0,0.86,4.88,0.87,5.0,0.14,4.88,0.13,5.0,0.15,5.0,0.16,21.0,0.01,0.01,43.631916,1776243765000
1776243767.285,167.285,0.85,5.0,0.84,21.0,0.86,4.88,0.87,5.0,0.14,4.88,0.13,5.0,0.15,5.0,0.16,21.0,0.01,0.01,43.6331,1776243766000
1776243768.396,168.396,0.85,5.0,0.84,21.0,0.86,4.88,0.87,5.0,0.14,4.88,0.13,5.0,0.15,5.0,0.16,21.0,0.01,0.01,43.631594,1776243767000
1776243768.981,168.981,0.85,5.0,0.84,21.0,0.86,4.88,0.87,5.0,0.14,4.88,0.13,5.0,0.15,5.0,0.16,21.0,0.01,0.01,43.62936,1776243768000
1776243770.121,170.121,0.85,5.0,0.84,21.0,0.86,4.88,0.87,5.0,0.14,4.88,0.13,5.0,0.15,5.0,0.16,21.0,0.01,0.01,43.628013,1776243769000
1776243771.433,171.433,0.85,5.0,0.84,21.0,0.86,4.88,0.87,5.0,0.14,4.88,0.13,5.0,0.15,5.0,0.16,21.0,0.01,0.01,43.628517,1776243770000
1776243772.4,172.4,0.85,5.0,0.84,21.0,0.86,4.88,0.87,5.0,0.14,4.88,0.13,5.0,0.15,5.0,0.16,21.0,0.01,0.01,43.628546,1776243771000
1776243772.917,172.917,0.85,5.0,0.84,21.0,0.86,4.88,0.87,5.0,0.14,4.88,0.13,5.0,0.15,5.0,0.16,21.0,0.01,0.01,43.62938,1776243772000
1776243773.953,173.953,0.85,5.0,0.84,21.0,0.86,4.88,0.87,5.0,0.14,4.88,0.13,5.0,0.15,5.0,0.16,21.0,0.01,0.01,43.630725,1776243773000
1776243775.129,175.129,0.85,5.0,0.84,21.0,0.86,4.88,0.87,5.0,0.14,4.88,0.13,5.0,0.15,5.0,0.16,21.0,0.01,0.01,43.630967,1776243774000
1776243776.278,176.278,0.85,5.0,0.84,21.0,0.86,4.88,0.87,5.0,0.14,4.88,0.13,5.0,0.15,5.0,0.16,21.0,0.01,0.01,43.630982,1776243775000
1776243777.42,177.42,0.85,5.0,0.84,21.0,0.86,4.88,0.87,5.0,0.14,4.88,0.13,5.0,0.15,5.0,0.16,21.0,0.01,0.01,43.633143,1776243776000
1776243778.001,178.001,0.85,5.0,0.84,21.0,0.86,4.88,0.87,5.0,0.14,4.88,0.13,5.0,0.15,5.0,0.16,21.0,0.01,0.01,43.634861,1776243777000
1776243779.177,179.177,0.85,5.0,0.84,21.0,0.86,4.88,0.87,5.0,0.14,4.88,0.13,5.0,0.15,5.0,0.16,21.0,0.01,0.01,43.637241,1776243778000
1776243780.318,180.318,0.85,5.0,0.84,21.0,0.86,4.88,0.87,5.0,0.14,4.88,0.13,5.0,0.15,5.0,0.16,21.0,0.01,0.01,43.637151,1776243779000
1776243781.159,181.159,0.89,15.0,0.88,26.0,0.9,3.88,0.91,5.0,0.14,4.88,0.13,5.0,0.15,5.0,0.16,21.0,0.01,0.01,43.637151,1776243779000
1776243781.465,181.465,0.89,15.0,0.88,26.0,0.9,3.88,0.91,5.0,0.1,3.88,0.09,5.0,0.11,15.0,0.12,26.0,0.01,0.01,43.639495,1776243780000
1776243782.073,182.073,0.89,15.0,0.88,26.0,0.9,3.88,0.91,5.0,0.1,3.88,0.09,5.0,0.11,15.0,0.12,26.0,0.01,0.01,43.639495,1776243781000
1776243783.249,183.249,0.89,15.0,0.88,26.0,0.9,3.88,0.91,5.0,0.1,3.88,0.09,5.0,0.11,15.0,0.12,26.0,0.01,0.01,43.638625,1776243782000
1776243784.701,184.701,0.89,15.0,0.88,26.0,0.9,3.88,0.91,5.0,0.1,3.88,0.09,5.0,0.11,15.0,0.12,26.0,0.01,0.01,43.640593,1776243783000
1776243785.368,185.368,0.89,15.0,0.88,26.0,0.9,3.88,0.91,5.0,0.1,3.88,0.09,5.0,0.11,15.0,0.12,26.0,0.01,0.01,43.640882,1776243784000
1776243786.346,186.346,0.89,15.0,0.88,26.0,0.9,3.88,0.91,5.0,0.1,3.88,0.09,5.0,0.11,15.0,0.12,26.0,0.01,0.01,43.640857,1776243785000
1776243787.711,187.711,0.89,15.0,0.88,26.0,0.9,3.88,0.91,5.0,0.1,3.88,0.09,5.0,0.11,15.0,0.12,26.0,0.01,0.01,43.641136,1776243786000
1776243788.612,188.612,0.89,15.0,0.88,26.0,0.9,3.88,0.91,5.0,0.1,3.88,0.09,5.0,0.11,15.0,0.12,26.0,0.01,0.01,43.641136,1776243787000
1776243789.298,189.298,0.89,15.0,0.88,26.0,0.9,3.88,0.91,5.0,0.1,3.88,0.09,5.0,0.11,15.0,0.12,26.0,0.01,0.01,43.641687,1776243788000
1776243790.576,190.576,0.89,15.0,0.88,26.0,0.9,3.88,0.91,5.0,0.1,3.88,0.09,5.0,0.11,15.0,0.12,26.0,0.01,0.01,43.641687,1776243789000
1776243791.247,191.247,0.89,15.0,0.88,26.0,0.9,3.88,0.91,5.0,0.1,3.88,0.09,5.0,0.11,15.0,0.12,26.0,0.01,0.01,43.641728,1776243790000
1776243792.693,192.693,0.89,15.0,0.88,26.0,0.9,3.88,0.91,5.0,0.1,3.88,0.09,5.0,0.11,15.0,0.12,26.0,0.01,0.01,43.641728,1776243791000
1776243793.583,193.583,0.89,15.0,0.88,26.0,0.9,3.88,0.91,5.0,0.1,3.88,0.09,5.0,0.11,15.0,0.12,26.0,0.01,0.01,43.641728,1776243792000
1776243794.347,194.347,0.89,15.0,0.88,26.0,0.9,3.88,0.91,5.0,0.1,3.88,0.09,5.0,0.11,15.0,0.12,26.0,0.01,0.01,43.641626,1776243793000
1776243795.096,195.096,0.89,15.0,0.88,26.0,0.9,3.88,0.91,5.0,0.1,3.88,0.09,5.0,0.11,15.0,0.12,26.0,0.01,0.01,43.639196,1776243794000
1776243796.877,196.877,0.89,15.0,0.88,26.0,0.9,3.88,0.91,5.0,0.1,3.88,0.09,5.0,0.11,15.0,0.12,26.0,0.01,0.01,43.632818,1776243795000
1776243797.659,197.659,0.89,15.0,0.88,26.0,0.9,3.88,0.91,5.0,0.1,3.88,0.09,5.0,0.11,15.0,0.12,26.0,0.01,0.01,43.632818,1776243796000
1776243798.43,198.43,0.89,15.0,0.88,26.0,0.9,3.88,0.91,5.0,0.1,3.88,0.09,5.0,0.11,15.0,0.12,26.0,0.01,0.01,43.630034,1776243797000
1776243799.252,199.252,0.89,15.0,0.88,26.0,0.9,3.88,0.91,5.0,0.1,3.88,0.09,5.0,0.11,15.0,0.12,26.0,0.01,0.01,43.630034,1776243798000
1776243800.787,200.787,0.89,15.0,0.88,26.0,0.9,3.88,0.91,5.0,0.1,3.88,0.09,5.0,0.11,15.0,0.12,26.0,0.01,0.01,43.630531,1776243799000
1776243801.593,201.593,0.89,15.0,0.88,26.0,0.9,3.88,0.91,5.0,0.1,3.88,0.09,5.0,0.11,15.0,0.12,26.0,0.01,0.01,43.634179,1776243800000
1776243802.674,202.674,0.89,15.0,0.88,26.0,0.9,3.88,0.91,5.0,0.1,3.88,0.09,5.0,0.11,15.0,0.12,26.0,0.01,0.01,43.635505,1776243801000
1776243803.261,203.261,0.89,15.0,0.88,26.0,0.9,3.88,0.91,5.0,0.1,3.88,0.09,5.0,0.11,15.0,0.12,26.0,0.01,0.01,43.637191,1776243802000
1776243804.146,204.146,0.89,15.0,0.88,26.0,0.9,3.88,0.91,5.0,0.1,3.88,0.09,5.0,0.11,15.0,0.12,26.0,0.01,0.01,43.637546,1776243803000
1776243805.199,205.199,0.89,15.0,0.88,26.0,0.9,3.88,0.91,5.0,0.1,3.88,0.09,5.0,0.11,15.0,0.12,26.0,0.01,0.01,43.637033,1776243804000
1776243806.287,206.287,0.89,15.0,0.88,26.0,0.9,3.88,0.91,5.0,0.1,3.88,0.09,5.0,0.11,15.0,0.12,26.0,0.01,0.01,43.636737,1776243805000
1776243807.249,207.249,0.89,15.0,0.88,26.0,0.9,3.88,0.91,5.0,0.1,3.88,0.09,5.0,0.11,15.0,0.12,26.0,0.01,0.01,43.636737,1776243806000
1776243808.303,208.303,0.89,15.0,0.88,26.0,0.9,3.88,0.91,5.0,0.1,3.88,0.09,5.0,0.11,15.0,0.12,26.0,0.01,0.01,43.636725,1776243807000
1776243809.308,209.308,0.89,15.0,0.88,26.0,0.9,3.88,0.91,5.0,0.1,3.88,0.09,5.0,0.11,15.0,0.12,26.0,0.01,0.01,43.636725,1776243808000
1776243810.325,210.325,0.89,15.0,0.88,26.0,0.9,3.88,0.91,5.0,0.1,3.88,0.09,5.0,0.11,15.0,0.12,26.0,0.01,0.01,43.638025,1776243809000
1776243811.231,211.231,0.89,15.0,0.88,26.0,0.9,3.88,0.91,5.0,0.1,3.88,0.09,5.0,0.11,15.0,0.12,26.0,0.01,0.01,43.637036,1776243810000
1776243811.94,211.94,0.94,15.0,0.93,20.0,0.98,23.9,0.99,170.0,0.1,3.88,0.09,5.0,0.11,15.0,0.12,26.0,0.04,0.01,43.637036,1776243810000
1776243812.346,212.346,0.94,15.0,0.93,20.0,0.98,23.9,0.99,170.0,0.02,23.9,0.01,170.0,0.06,15.0,0.07,20.0,0.04,0.04,43.634222,1776243811000
1776243813.071,213.071,0.97,3.9,0.96,20.0,0.98,23.9,0.99,170.0,0.02,23.9,0.01,170.0,0.06,15.0,0.07,20.0,0.01,0.04,43.634222,1776243811000
1776243813.285,213.285,0.97,3.9,0.96,20.0,0.98,23.9,0.99,170.0,0.02,23.9,0.01,170.0,0.03,3.9,0.04,20.0,0.01,0.01,43.641295,1776243812000
1776243814.272,214.272,0.97,3.9,0.96,20.0,0.98,23.9,0.99,170.0,0.02,23.9,0.01,170.0,0.03,3.9,0.04,20.0,0.01,0.01,43.641173,1776243813000
1776243815.267,215.267,0.97,18.9,0.96,20.0,0.98,7.87,0.99,170.0,0.02,23.9,0.01,170.0,0.03,3.9,0.04,20.0,0.01,0.01,43.641173,1776243813000
1776243815.717,215.717,0.97,18.9,0.96,20.0,0.98,7.87,0.99,170.0,0.02,7.87,0.01,170.0,0.03,18.9,0.04,20.0,0.01,0.01,43.641026,1776243814000
1776243816.319,216.319,0.97,18.9,0.96,20.0,0.98,7.87,0.99,170.0,0.02,7.87,0.01,170.0,0.03,18.9,0.04,20.0,0.01,0.01,43.641064,1776243815000
1776243817.489,217.489,0.97,18.9,0.96,20.0,0.98,7.87,0.99,170.0,0.02,7.87,0.01,170.0,0.03,18.9,0.04,20.0,0.01,0.01,43.63884,1776243816000
1776243818.029,218.029,0.97,18.9,0.96,20.0,0.98,7.87,0.99,170.0,0.02,7.87,0.01,170.0,0.03,18.9,0.04,20.0,0.01,0.01,43.639142,1776243817000
1776243819.156,219.156,0.97,18.9,0.96,20.0,0.98,7.87,0.99,170.0,0.02,7.87,0.01,170.0,0.03,18.9,0.04,20.0,0.01,0.01,43.63913,1776243818000
1776243820.281,220.281,0.97,18.9,0.96,20.0,0.98,7.87,0.99,170.0,0.02,7.87,0.01,170.0,0.03,18.9,0.04,20.0,0.01,0.01,43.63871,1776243819000
1776243821.301,221.301,0.97,18.9,0.96,20.0,0.98,7.87,0.99,170.0,0.02,7.87,0.01,170.0,0.03,18.9,0.04,20.0,0.01,0.01,43.638936,1776243820000
1776243822.418,222.418,0.97,18.9,0.96,20.0,0.98,7.87,0.99,170.0,0.02,7.87,0.01,170.0,0.03,18.9,0.04,20.0,0.01,0.01,43.638936,1776243821000
1776243823.002,223.002,0.97,18.9,0.96,20.0,0.98,7.87,0.99,170.0,0.02,7.87,0.01,170.0,0.03,18.9,0.04,20.0,0.01,0.01,43.638936,1776243822000
1776243824.035,224.035,0.97,18.9,0.96,20.0,0.98,7.87,0.99,170.0,0.02,7.87,0.01,170.0,0.03,18.9,0.04,20.0,0.01,0.01,43.63887,1776243823000
1776243825.084,225.084,0.97,18.9,0.96,20.0,0.98,7.87,0.99,170.0,0.02,7.87,0.01,170.0,0.03,18.9,0.04,20.0,0.01,0.01,43.638646,1776243824000
1776243825.469,225.469,0.97,3.9,0.96,5.0,0.98,12.67,0.99,170.0,0.02,7.87,0.01,170.0,0.03,18.9,0.04,20.0,0.01,0.01,43.638646,1776243824000
1776243826.389,226.389,0.97,3.9,0.96,5.0,0.98,12.67,0.99,170.0,0.02,12.67,0.01,170.0,0.03,3.9,0.04,5.0,0.01,0.01,43.636019,1776243825000
1776243826.881,226.881,0.97,3.9,0.96,5.0,0.98,12.67,0.99,170.0,0.02,12.67,0.01,170.0,0.03,3.9,0.04,5.0,0.01,0.01,43.635095,1776243826000
1776243828.008,228.008,0.97,3.9,0.96,5.0,0.98,12.67,0.99,170.0,0.02,12.67,0.01,170.0,0.03,3.9,0.04,5.0,0.01,0.01,43.635108,1776243827000
1776243829.052,229.052,0.97,3.9,0.96,5.0,0.98,12.67,0.99,170.0,0.02,12.67,0.01,170.0,0.03,3.9,0.04,5.0,0.01,0.01,43.635545,1776243828000
1776243830.156,230.156,0.97,3.9,0.96,5.0,0.98,12.67,0.99,170.0,0.02,12.67,0.01,170.0,0.03,3.9,0.04,5.0,0.01,0.01,43.635545,1776243829000
1776243831.894,231.894,0.97,3.9,0.96,5.0,0.98,12.67,0.99,170.0,0.02,12.67,0.01,170.0,0.03,3.9,0.04,5.0,0.01,0.01,43.635479,1776243830000
1776243832.553,232.553,0.97,3.9,0.96,5.0,0.98,12.67,0.99,170.0,0.02,12.67,0.01,170.0,0.03,3.9,0.04,5.0,0.01,0.01,43.635479,1776243831000
1776243833.2,233.2,0.97,3.9,0.96,5.0,0.98,12.67,0.99,170.0,0.02,12.67,0.01,170.0,0.03,3.9,0.04,5.0,0.01,0.01,43.635903,1776243832000
1776243834.721,234.721,0.97,3.9,0.96,5.0,0.98,12.67,0.99,170.0,0.02,12.67,0.01,170.0,0.03,3.9,0.04,5.0,0.01,0.01,43.635205,1776243833000
1776243835.438,235.438,0.97,3.9,0.96,5.0,0.98,12.67,0.99,170.0,0.02,12.67,0.01,170.0,0.03,3.9,0.04,5.0,0.01,0.01,43.63571,1776243834000
1776243836.21,236.21,0.97,3.9,0.96,5.0,0.98,12.67,0.99,170.0,0.02,12.67,0.01,170.0,0.03,3.9,0.04,5.0,0.01,0.01,43.635678,1776243835000
1776243837.538,237.538,0.97,3.9,0.96,5.0,0.98,12.67,0.99,170.0,0.02,12.67,0.01,170.0,0.03,3.9,0.04,5.0,0.01,0.01,43.63582,1776243836000
1776243838.133,238.133,0.97,3.9,0.96,5.0,0.98,12.67,0.99,170.0,0.02,12.67,0.01,170.0,0.03,3.9,0.04,5.0,0.01,0.01,43.635823,1776243837000
1776243839.256,239.256,0.97,3.9,0.96,5.0,0.98,12.67,0.99,170.0,0.02,12.67,0.01,170.0,0.03,3.9,0.04,5.0,0.01,0.01,43.635773,1776243838000
1776243840.786,240.786,0.97,3.9,0.96,5.0,0.98,12.67,0.99,170.0,0.02,12.67,0.01,170.0,0.03,3.9,0.04,5.0,0.01,0.01,43.635413,1776243839000
1776243841.45,241.45,0.98,20.0,0.97,18.9,0.99,165.05,,,0.02,12.67,0.01,170.0,0.03,3.9,0.04,5.0,0.01,0.01,43.635413,1776243839000
1776243842.128,242.128,0.98,20.0,0.97,18.9,0.99,165.05,,,0.01,165.05,,,0.02,20.0,0.03,18.9,0.01,0.01,43.635373,1776243841000
1776243843.455,243.455,0.98,20.0,0.97,18.9,0.99,165.05,,,0.01,165.05,,,0.02,20.0,0.03,18.9,0.01,0.01,43.635855,1776243842000
1776243844.172,244.172,0.98,20.0,0.97,18.9,0.99,165.05,,,0.01,165.05,,,0.02,20.0,0.03,18.9,0.01,0.01,43.635855,1776243843000
1776243845.316,245.316,0.98,20.0,0.97,18.9,0.99,165.05,,,0.01,165.05,,,0.02,20.0,0.03,18.9,0.01,0.01,43.63652,1776243844000
1776243846.78,246.78,0.98,20.0,0.97,18.9,0.99,165.05,,,0.01,165.05,,,0.02,20.0,0.03,18.9,0.01,0.01,43.631493,1776243845000
1776243847.572,247.572,0.98,20.0,0.97,18.9,0.99,165.05,,,0.01,165.05,,,0.02,20.0,0.03,18.9,0.01,0.01,43.628503,1776243846000
1776243848.665,248.665,0.98,20.0,0.97,18.9,0.99,165.05,,,0.01,165.05,,,0.02,20.0,0.03,18.9,0.01,0.01,43.628503,1776243847000
1776243849.334,249.334,0.98,20.0,0.97,18.9,0.99,165.05,,,0.01,165.05,,,0.02,20.0,0.03,18.9,0.01,0.01,43.628624,1776243848000
1776243850.259,250.259,0.98,20.0,0.97,18.9,0.99,165.05,,,0.01,165.05,,,0.02,20.0,0.03,18.9,0.01,0.01,43.62718,1776243849000
1776243851.367,251.367,0.98,20.0,0.97,18.9,0.99,165.05,,,0.01,165.05,,,0.02,20.0,0.03,18.9,0.01,0.01,43.62766,1776243850000
1776243852.36,252.36,0.98,20.0,0.97,18.9,0.99,165.05,,,0.01,165.05,,,0.02,20.0,0.03,18.9,0.01,0.01,43.62761,1776243851000
1776243852.946,252.946,0.98,20.0,0.97,18.9,0.99,165.05,,,0.01,165.05,,,0.02,20.0,0.03,18.9,0.01,0.01,43.629004,1776243852000
1776243854.113,254.113,0.98,20.0,0.97,18.9,0.99,165.05,,,0.01,165.05,,,0.02,20.0,0.03,18.9,0.01,0.01,43.631856,1776243853000
1776243855.294,255.294,0.98,20.0,0.97,18.9,0.99,165.05,,,0.01,165.05,,,0.02,20.0,0.03,18.9,0.01,0.01,43.632997,1776243854000
1776243856.389,256.389,0.98,20.0,0.97,18.9,0.99,165.05,,,0.01,165.05,,,0.02,20.0,0.03,18.9,0.01,0.01,43.632997,1776243855000
1776243856.866,256.866,0.98,20.0,0.97,18.9,0.99,165.05,,,0.01,165.05,,,0.02,20.0,0.03,18.9,0.01,0.01,43.632864,1776243856000
1776243857.908,257.908,0.98,20.0,0.97,18.9,0.99,165.05,,,0.01,165.05,,,0.02,20.0,0.03,18.9,0.01,0.01,43.632864,1776243857000
1776243858.154,258.154,0.98,20.0,0.97,18.9,0.99,120.05,,,0.01,165.05,,,0.02,20.0,0.03,18.9,0.01,0.01,43.632864,1776243857000
1776243858.576,258.576,0.98,20.0,0.97,18.9,0.99,100.05,,,0.01,120.05,,,0.02,20.0,0.03,18.9,0.01,0.01,43.632864,1776243857000
1776243858.993,258.993,0.98,20.0,0.97,18.9,0.99,100.05,,,0.01,100.05,,,0.02,20.0,0.03,18.9,0.01,0.01,43.634244,1776243858000
1776243860.017,260.017,0.98,20.0,0.97,18.9,0.99,100.05,,,0.01,100.05,,,0.02,20.0,0.03,18.9,0.01,0.01,43.634869,1776243859000
1776243860.347,260.347,0.98,20.0,0.97,18.9,0.99,90.05,,,0.01,100.05,,,0.02,20.0,0.03,18.9,0.01,0.01,43.634869,1776243859000
1776243860.965,260.965,0.98,20.0,0.97,18.9,0.99,70.05,,,0.01,90.05,,,0.02,20.0,0.03,18.9,0.01,0.01,43.634869,1776243859000
1776243862.515,262.515,0.98,20.0,0.97,18.9,0.99,70.05,,,0.01,70.05,,,0.02,20.0,0.03,18.9,0.01,0.01,43.635139,1776243861000
1776243862.952,262.952,0.98,20.0,0.97,18.9,0.99,70.05,,,0.01,70.05,,,0.02,20.0,0.03,18.9,0.01,0.01,43.634937,1776243862000
1776243863.989,263.989,0.98,20.0,0.97,18.9,0.99,37.13,,,0.01,37.13,,,0.02,20.0,0.03,18.9,0.01,0.01,43.634937,1776243863000
1776243864.335,264.335,0.98,20.0,0.97,18.9,0.99,22.13,,,0.01,37.13,,,0.02,20.0,0.03,18.9,0.01,0.01,43.634937,1776243863000
1776243865.024,265.024,0.98,20.0,0.97,18.9,0.99,22.13,,,0.01,22.13,,,0.02,20.0,0.03,18.9,0.01,0.01,43.635167,1776243864000
1776243865.961,265.961,0.98,20.0,0.97,18.9,0.99,2.94,,,0.01,2.94,,,0.02,20.0,0.03,18.9,0.01,0.01,43.63521,1776243865000
1776243866.463,266.463,0.99,7.06,0.98,20.0,,,,,0.01,2.94,,,0.02,20.0,0.03,18.9,,0.01,43.63521,1776243865000
1776243866.985,266.985,0.99,7.06,0.98,20.0,,,,,,,,,0.01,7.06,0.02,20.0,,,43.634958,1776243866000
1776243868.09,268.09,0.99,7.06,0.98,20.0,,,,,,,,,0.01,7.06,0.02,20.0,,,43.634889,1776243867000
1776243869.067,269.067,0.99,7.06,0.98,20.0,,,,,,,,,0.01,7.06,0.02,20.0,,,43.63576,1776243868000
1776243870.158,270.158,0.99,7.06,0.98,20.0,,,,,,,,,0.01,7.06,0.02,20.0,,,43.635713,1776243869000
1776243871.117,271.117,0.99,7.06,0.98,20.0,,,,,,,,,0.01,7.06,0.02,20.0,,,43.636017,1776243870000
1776243872.193,272.193,0.99,7.06,0.98,20.0,,,,,,,,,0.01,7.06,0.02,20.0,,,43.636365,1776243871000
1776243873.206,273.206,0.99,7.06,0.98,20.0,,,,,,,,,0.01,7.06,0.02,20.0,,,43.636365,1776243872000
1776243874.188,274.188,0.99,7.06,0.98,20.0,,,,,,,,,0.01,7.06,0.02,20.0,,,43.636462,1776243873000
1776243875.872,275.872,0.99,7.06,0.98,20.0,,,,,,,,,0.01,7.06,0.02,20.0,,,43.635597,1776243874000
1776243876.485,276.485,0.99,7.06,0.98,20.0,,,,,,,,,0.01,7.06,0.02,20.0,,,43.631925,1776243875000
1776243876.926,276.926,0.99,7.06,0.98,20.0,,,,,,,,,0.01,7.06,0.02,20.0,,,43.6283,1776243876000
1776243877.995,277.995,0.99,7.06,0.98,20.0,,,,,,,,,0.01,7.06,0.02,20.0,,,43.627455,1776243877000
1776243879.044,279.044,0.99,7.06,0.98,20.0,,,,,,,,,0.01,7.06,0.02,20.0,,,43.628335,1776243878000
1776243880.039,280.039,0.99,7.06,0.98,20.0,,,,,,,,,0.01,7.06,0.02,20.0,,,43.631714,1776243879000
1776243881.042,281.042,0.99,7.06,0.98,20.0,,,,,,,,,0.01,7.06,0.02,20.0,,,43.640479,1776243880000
1776243882.029,282.029,0.99,7.06,0.98,20.0,,,,,,,,,0.01,7.06,0.02,20.0,,,43.643947,1776243881000
1776243883.042,283.042,0.99,7.06,0.98,20.0,,,,,,,,,0.01,7.06,0.02,20.0,,,43.643946,1776243882000
1776243884.181,284.181,0.99,7.06,0.98,20.0,,,,,,,,,0.01,7.06,0.02,20.0,,,43.645817,1776243883000
1776243885.188,285.188,0.99,7.06,0.98,20.0,,,,,,,,,0.01,7.06,0.02,20.0,,,43.64815,1776243884000
1776243886.284,286.284,0.99,7.06,0.98,20.0,,,,,,,,,0.01,7.06,0.02,20.0,,,43.65273,1776243885000
1776243887.353,287.353,0.99,7.06,0.98,20.0,,,,,,,,,0.01,7.06,0.02,20.0,,,43.656403,1776243886000
1776243888.417,288.417,0.99,7.06,0.98,20.0,,,,,,,,,0.01,7.06,0.02,20.0,,,43.655586,1776243887000
1776243889.373,289.373,0.99,7.06,0.98,20.0,,,,,,,,,0.01,7.06,0.02,20.0,,,43.65501,1776243888000
1776243890.012,290.012,0.99,7.06,0.98,20.0,,,,,,,,,0.01,7.06,0.02,20.0,,,43.65135,1776243889000
1776243891.068,291.068,0.99,7.06,0.98,20.0,,,,,,,,,0.01,7.06,0.02,20.0,,,43.649617,1776243890000
1776243892.07,292.07,0.99,7.06,0.98,20.0,,,,,,,,,0.01,7.06,0.02,20.0,,,43.64935,1776243891000
1776243893.081,293.081,0.99,7.06,0.98,20.0,,,,,,,,,0.01,7.06,0.02,20.0,,,43.64918,1776243892000
1776243894.138,294.138,0.99,7.06,0.98,20.0,,,,,,,,,0.01,7.06,0.02,20.0,,,43.64918,1776243893000
1776243895.119,295.119,0.99,7.06,0.98,20.0,,,,,,,,,0.01,7.06,0.02,20.0,,,43.64918,1776243894000
1776243896.18,296.18,0.99,7.06,0.98,20.0,,,,,,,,,0.01,7.06,0.02,20.0,,,43.64909,1776243895000
1776243897.194,297.194,0.99,7.06,0.98,20.0,,,,,,,,,0.01,7.06,0.02,20.0,,,43.648931,1776243896000
1776243898.226,298.226,0.99,7.06,0.98,20.0,,,,,,,,,0.01,7.06,0.02,20.0,,,43.648931,1776243897000
1776243899.228,299.228,0.99,7.06,0.98,20.0,,,,,,,,,0.01,7.06,0.02,20.0,,,43.648813,1776243898000
1776243900.216,300.216,0.99,1796.47,0.98,5.0,,,,,,,,,0.01,1796.47,0.02,5.0,,,43.649154,1776243899000
