timestamp,elapsed_sec,up_bid_p1,up_bid_s1,up_bid_p2,up_bid_s2,up_bid_p3,up_bid_s3,up_bid_p4,up_bid_s4,up_bid_p5,up_bid_s5,up_ask_p1,up_ask_s1,up_ask_p2,up_ask_s2,up_ask_p3,up_ask_s3,up_ask_p4,up_ask_s4,up_ask_p5,up_ask_s5,down_bid_p1,down_bid_s1,down_bid_p2,down_bid_s2,down_bid_p3,down_bid_s3,down_bid_p4,down_bid_s4,down_bid_p5,down_bid_s5,down_ask_p1,down_ask_s1,down_ask_p2,down_ask_s2,down_ask_p3,down_ask_s3,down_ask_p4,down_ask_s4,down_ask_p5,down_ask_s5,up_spread,down_spread,hype_price,hype_oracle_ts
1776171601.059,1.059,0.41,13.0,0.4,8.0,0.39,8.0,0.38,8.0,0.37,9.0,0.52,5.0,0.53,10.0,0.54,20.0,0.55,40.0,0.56,80.0,0.41,13.0,0.4,8.0,0.39,8.0,0.38,8.0,0.37,9.0,0.59,13.0,0.6,8.0,0.61,8.0,0.62,8.0,0.63,9.0,0.11,0.18,44.942272,1776171600000
1776171602.097,2.097,0.41,13.0,0.4,8.0,0.39,8.0,0.38,8.0,0.37,9.0,0.52,5.0,0.53,10.0,0.54,20.0,0.55,40.0,0.56,80.0,0.41,13.0,0.4,8.0,0.39,8.0,0.38,8.0,0.37,9.0,0.59,13.0,0.6,8.0,0.61,8.0,0.62,8.0,0.63,9.0,0.11,0.18,44.94233,1776171601000
1776171603.872,3.872,0.41,13.0,0.4,8.0,0.39,8.0,0.38,8.0,0.37,9.0,0.52,5.0,0.53,10.0,0.54,20.0,0.55,40.0,0.56,80.0,0.41,13.0,0.4,8.0,0.39,8.0,0.38,8.0,0.37,9.0,0.59,13.0,0.6,8.0,0.61,8.0,0.62,8.0,0.63,9.0,0.11,0.18,44.946119,1776171602000
1776171604.247,4.247,0.41,13.0,0.4,8.0,0.39,8.0,0.38,8.0,0.37,9.0,0.52,5.0,0.53,10.0,0.54,20.0,0.55,40.0,0.56,80.0,0.41,13.0,0.4,8.0,0.39,8.0,0.38,8.0,0.37,9.0,0.59,13.0,0.6,8.0,0.61,8.0,0.62,8.0,0.63,9.0,0.11,0.18,44.94754,1776171603000
1776171605.641,5.641,0.41,13.0,0.4,8.0,0.39,8.0,0.38,8.0,0.37,9.0,0.52,5.0,0.53,10.0,0.54,20.0,0.55,40.0,0.56,80.0,0.41,13.0,0.4,8.0,0.39,8.0,0.38,8.0,0.37,9.0,0.59,13.0,0.6,8.0,0.61,8.0,0.62,8.0,0.63,9.0,0.11,0.18,44.947856,1776171604000
1776171606.03,6.03,0.41,13.0,0.4,8.0,0.39,8.0,0.38,8.0,0.37,9.0,0.52,5.0,0.53,10.0,0.54,20.0,0.55,40.0,0.56,80.0,0.41,13.0,0.4,8.0,0.39,8.0,0.38,8.0,0.37,9.0,0.59,13.0,0.6,8.0,0.61,8.0,0.62,8.0,0.63,9.0,0.11,0.18,44.948936,1776171605000
1776171607.247,7.247,0.41,13.0,0.4,8.0,0.39,8.0,0.38,8.0,0.37,9.0,0.52,5.0,0.53,10.0,0.54,20.0,0.55,40.0,0.56,80.0,0.41,13.0,0.4,8.0,0.39,8.0,0.38,8.0,0.37,9.0,0.59,13.0,0.6,8.0,0.61,8.0,0.62,8.0,0.63,9.0,0.11,0.18,44.949471,1776171606000
1776171608.52,8.52,0.41,13.0,0.4,8.0,0.39,8.0,0.38,8.0,0.37,9.0,0.52,5.0,0.53,10.0,0.54,20.0,0.55,40.0,0.56,80.0,0.41,13.0,0.4,8.0,0.39,8.0,0.38,8.0,0.37,9.0,0.59,13.0,0.6,8.0,0.61,8.0,0.62,8.0,0.63,9.0,0.11,0.18,44.942982,1776171607000
1776171608.968,8.968,0.41,13.0,0.4,8.0,0.39,8.0,0.38,8.0,0.37,9.0,0.52,5.0,0.53,10.0,0.54,20.0,0.55,40.0,0.56,80.0,0.41,13.0,0.4,8.0,0.39,8.0,0.38,8.0,0.37,9.0,0.59,13.0,0.6,8.0,0.61,8.0,0.62,8.0,0.63,9.0,0.11,0.18,44.942982,1776171608000
1776171610.123,10.123,0.41,13.0,0.4,8.0,0.39,8.0,0.38,8.0,0.37,9.0,0.52,5.0,0.53,10.0,0.54,20.0,0.55,40.0,0.56,80.0,0.41,13.0,0.4,8.0,0.39,8.0,0.38,8.0,0.37,9.0,0.59,13.0,0.6,8.0,0.61,8.0,0.62,8.0,0.63,9.0,0.11,0.18,44.940497,1776171609000
1776171611.385,11.385,0.41,13.0,0.4,8.0,0.39,8.0,0.38,8.0,0.37,9.0,0.52,5.0,0.53,10.0,0.54,20.0,0.55,40.0,0.56,80.0,0.41,13.0,0.4,8.0,0.39,8.0,0.38,8.0,0.37,9.0,0.59,13.0,0.6,8.0,0.61,8.0,0.62,8.0,0.63,9.0,0.11,0.18,44.93932,1776171610000
1776171611.939,11.939,0.41,13.0,0.4,8.0,0.39,8.0,0.38,8.0,0.37,9.0,0.52,5.0,0.53,10.0,0.54,20.0,0.55,40.0,0.56,80.0,0.41,13.0,0.4,8.0,0.39,8.0,0.38,8.0,0.37,9.0,0.59,13.0,0.6,8.0,0.61,8.0,0.62,8.0,0.63,9.0,0.11,0.18,44.93934,1776171611000
1776171613.521,13.521,0.41,13.0,0.4,8.0,0.39,8.0,0.38,8.0,0.37,9.0,0.52,5.0,0.53,10.0,0.54,20.0,0.55,40.0,0.56,80.0,0.41,13.0,0.4,8.0,0.39,8.0,0.38,8.0,0.37,9.0,0.59,13.0,0.6,8.0,0.61,8.0,0.62,8.0,0.63,9.0,0.11,0.18,44.937219,1776171612000
1776171614.372,14.372,0.41,13.0,0.4,8.0,0.39,8.0,0.38,8.0,0.37,9.0,0.52,5.0,0.53,10.0,0.54,20.0,0.55,40.0,0.56,80.0,0.41,13.0,0.4,8.0,0.39,8.0,0.38,8.0,0.37,9.0,0.59,13.0,0.6,8.0,0.61,8.0,0.62,8.0,0.63,9.0,0.11,0.18,44.9334,1776171613000
1776171615.135,15.135,0.3,10.0,0.24,25.0,0.23,5.0,0.22,5.0,0.21,5.0,0.47,7.87,0.48,5.0,0.49,5.0,0.5,5.0,0.51,15.0,0.41,13.0,0.4,8.0,0.39,8.0,0.38,8.0,0.37,9.0,0.59,13.0,0.6,8.0,0.61,8.0,0.62,8.0,0.63,9.0,0.17,0.18,44.9334,1776171613000
1776171616.023,16.023,0.3,10.0,0.24,25.0,0.23,5.0,0.22,5.0,0.21,5.0,0.47,7.87,0.48,5.0,0.49,5.0,0.5,5.0,0.51,15.0,0.53,7.87,0.52,5.0,0.51,5.0,0.5,5.0,0.49,15.0,0.7,10.0,0.76,25.0,0.77,5.0,0.78,5.0,0.79,5.0,0.17,0.17,44.931776,1776171614000
1776171616.745,16.745,0.3,10.0,0.24,25.0,0.23,5.0,0.22,5.0,0.21,5.0,0.47,7.87,0.48,5.0,0.49,5.0,0.5,5.0,0.51,15.0,0.53,7.87,0.52,5.0,0.51,5.0,0.5,5.0,0.49,15.0,0.7,10.0,0.76,25.0,0.77,5.0,0.78,5.0,0.79,5.0,0.17,0.17,44.931776,1776171615000
1776171618.25,18.25,0.3,10.0,0.24,25.0,0.23,5.0,0.22,5.0,0.21,5.0,0.47,7.87,0.48,5.0,0.49,5.0,0.5,5.0,0.51,15.0,0.53,7.87,0.52,5.0,0.51,5.0,0.5,5.0,0.49,15.0,0.7,10.0,0.76,25.0,0.77,5.0,0.78,5.0,0.79,5.0,0.17,0.17,44.930939,1776171616000
1776171619.845,19.845,0.3,10.0,0.24,25.0,0.23,5.0,0.22,5.0,0.21,5.0,0.47,7.87,0.48,5.0,0.49,5.0,0.5,5.0,0.51,15.0,0.53,7.87,0.52,5.0,0.51,5.0,0.5,5.0,0.49,15.0,0.7,10.0,0.76,25.0,0.77,5.0,0.78,5.0,0.79,5.0,0.17,0.17,44.930876,1776171617000
1776171621.774,21.774,0.3,10.0,0.24,25.0,0.23,5.0,0.22,5.0,0.21,5.0,0.47,7.87,0.48,5.0,0.49,5.0,0.5,5.0,0.51,15.0,0.53,7.87,0.52,5.0,0.51,5.0,0.5,5.0,0.49,15.0,0.7,10.0,0.76,25.0,0.77,5.0,0.78,5.0,0.79,5.0,0.17,0.17,44.932531,1776171619000
1776171622.781,22.781,0.3,10.0,0.24,25.0,0.23,5.0,0.22,5.0,0.21,5.0,0.47,7.87,0.48,5.0,0.49,5.0,0.5,5.0,0.51,15.0,0.53,7.87,0.52,5.0,0.51,5.0,0.5,5.0,0.49,15.0,0.7,10.0,0.76,25.0,0.77,5.0,0.78,5.0,0.79,5.0,0.17,0.17,44.934879,1776171620000
1776171623.925,23.925,0.3,10.0,0.24,25.0,0.23,5.0,0.22,5.0,0.21,5.0,0.47,7.87,0.48,5.0,0.49,5.0,0.5,5.0,0.51,15.0,0.53,7.87,0.52,5.0,0.51,5.0,0.5,5.0,0.49,15.0,0.7,10.0,0.76,25.0,0.77,5.0,0.78,5.0,0.79,5.0,0.17,0.17,44.941228,1776171621000
1776171625.152,25.152,0.3,10.0,0.24,25.0,0.23,5.0,0.22,5.0,0.21,5.0,0.47,7.87,0.48,5.0,0.49,5.0,0.5,5.0,0.51,15.0,0.53,7.87,0.52,5.0,0.51,5.0,0.5,5.0,0.49,15.0,0.7,10.0,0.76,25.0,0.77,5.0,0.78,5.0,0.79,5.0,0.17,0.17,44.941503,1776171622000
1776171626.572,26.572,0.3,10.0,0.24,25.0,0.23,5.0,0.22,5.0,0.21,5.0,0.47,7.87,0.48,5.0,0.49,5.0,0.5,5.0,0.51,15.0,0.53,7.87,0.52,5.0,0.51,5.0,0.5,5.0,0.49,15.0,0.7,10.0,0.76,25.0,0.77,5.0,0.78,5.0,0.79,5.0,0.17,0.17,44.943806,1776171623000
1776171626.798,26.798,0.3,10.0,0.24,25.0,0.23,5.0,0.22,5.0,0.21,5.0,0.47,7.87,0.48,5.0,0.49,5.0,0.5,5.0,0.51,15.0,0.53,7.87,0.52,5.0,0.51,5.0,0.5,5.0,0.49,15.0,0.7,10.0,0.76,25.0,0.77,5.0,0.78,5.0,0.79,5.0,0.17,0.17,44.943806,1776171624000
1776171627.475,27.475,0.3,10.0,0.24,25.0,0.23,5.0,0.22,5.0,0.21,5.0,0.47,7.87,0.48,5.0,0.49,5.0,0.5,5.0,0.51,15.0,0.53,7.87,0.52,5.0,0.51,5.0,0.5,5.0,0.49,15.0,0.7,10.0,0.76,25.0,0.77,5.0,0.78,5.0,0.79,5.0,0.17,0.17,44.946468,1776171625000
1776171628.557,28.557,0.3,10.0,0.24,25.0,0.23,5.0,0.22,5.0,0.21,5.0,0.47,7.87,0.48,5.0,0.49,5.0,0.5,5.0,0.51,15.0,0.53,7.87,0.52,5.0,0.51,5.0,0.5,5.0,0.49,15.0,0.7,10.0,0.76,25.0,0.77,5.0,0.78,5.0,0.79,5.0,0.17,0.17,44.946784,1776171627000
1776171628.885,28.885,0.3,10.0,0.24,25.0,0.23,5.0,0.22,5.0,0.21,5.0,0.47,7.87,0.48,5.0,0.49,5.0,0.5,5.0,0.51,15.0,0.53,7.87,0.52,5.0,0.51,5.0,0.5,5.0,0.49,15.0,0.7,10.0,0.76,25.0,0.77,5.0,0.78,5.0,0.79,5.0,0.17,0.17,44.946784,1776171628000
1776171629.813,29.813,0.3,10.0,0.24,25.0,0.23,5.0,0.22,5.0,0.21,5.0,0.47,7.87,0.48,5.0,0.49,5.0,0.5,5.0,0.51,15.0,0.53,7.87,0.52,5.0,0.51,5.0,0.5,5.0,0.49,15.0,0.7,10.0,0.76,25.0,0.77,5.0,0.78,5.0,0.79,5.0,0.17,0.17,44.94703,1776171629000
1776171633.172,33.172,0.3,10.0,0.24,25.0,0.23,5.0,0.22,5.0,0.21,5.0,0.47,7.87,0.48,5.0,0.49,5.0,0.5,5.0,0.51,15.0,0.53,7.87,0.52,5.0,0.51,5.0,0.5,5.0,0.49,15.0,0.7,10.0,0.76,25.0,0.77,5.0,0.78,5.0,0.79,5.0,0.17,0.17,44.948288,1776171631000
1776171633.788,33.788,0.3,10.0,0.24,25.0,0.23,5.0,0.22,5.0,0.21,5.0,0.47,7.87,0.48,5.0,0.49,5.0,0.5,5.0,0.51,15.0,0.53,7.87,0.52,5.0,0.51,5.0,0.5,5.0,0.49,15.0,0.7,10.0,0.76,25.0,0.77,5.0,0.78,5.0,0.79,5.0,0.17,0.17,44.947649,1776171632000
1776171634.742,34.742,0.3,10.0,0.24,25.0,0.23,5.0,0.22,5.0,0.21,5.0,0.47,7.87,0.48,5.0,0.49,5.0,0.5,5.0,0.51,15.0,0.53,7.87,0.52,5.0,0.51,5.0,0.5,5.0,0.49,15.0,0.7,10.0,0.76,25.0,0.77,5.0,0.78,5.0,0.79,5.0,0.17,0.17,44.948366,1776171633000
1776171635.515,35.515,0.3,10.0,0.24,25.0,0.23,5.0,0.22,5.0,0.21,5.0,0.47,7.87,0.48,5.0,0.49,5.0,0.5,5.0,0.51,15.0,0.53,7.87,0.52,5.0,0.51,5.0,0.5,5.0,0.49,15.0,0.7,10.0,0.76,25.0,0.77,5.0,0.78,5.0,0.79,5.0,0.17,0.17,44.948372,1776171634000
1776171636.006,36.006,0.59,16.33,0.57,8.0,0.46,5.0,0.45,5.0,0.44,5.0,0.7,5.0,0.71,5.0,0.72,5.0,0.73,5.0,0.74,5.0,0.53,7.87,0.52,5.0,0.51,5.0,0.5,5.0,0.49,15.0,0.7,10.0,0.76,25.0,0.77,5.0,0.78,5.0,0.79,5.0,0.11,0.17,44.948372,1776171634000
1776171636.536,36.536,0.59,16.33,0.57,8.0,0.46,5.0,0.45,5.0,0.44,5.0,0.7,5.0,0.71,5.0,0.72,5.0,0.73,5.0,0.74,5.0,0.3,5.0,0.29,5.0,0.28,5.0,0.27,5.0,0.26,5.0,0.41,16.33,0.43,8.0,0.54,5.0,0.55,5.0,0.56,5.0,0.11,0.11,44.954316,1776171635000
1776171637.373,37.373,0.59,16.33,0.57,8.0,0.46,5.0,0.45,5.0,0.44,5.0,0.7,5.0,0.71,5.0,0.72,5.0,0.73,5.0,0.74,5.0,0.3,5.0,0.29,5.0,0.28,5.0,0.27,5.0,0.26,5.0,0.41,16.33,0.43,8.0,0.54,5.0,0.55,5.0,0.56,5.0,0.11,0.11,44.954943,1776171636000
1776171638.462,38.462,0.59,16.33,0.57,8.0,0.46,5.0,0.45,5.0,0.44,5.0,0.7,5.0,0.71,5.0,0.72,5.0,0.73,5.0,0.74,5.0,0.3,5.0,0.29,5.0,0.28,5.0,0.27,5.0,0.26,5.0,0.41,16.33,0.43,8.0,0.54,5.0,0.55,5.0,0.56,5.0,0.11,0.11,44.955324,1776171637000
1776171638.952,38.952,0.59,16.33,0.57,8.0,0.46,5.0,0.45,5.0,0.44,5.0,0.7,5.0,0.71,5.0,0.72,5.0,0.73,5.0,0.74,5.0,0.3,5.0,0.29,5.0,0.28,5.0,0.27,5.0,0.26,5.0,0.41,16.33,0.43,8.0,0.54,5.0,0.55,5.0,0.56,5.0,0.11,0.11,44.95535,1776171638000
1776171640.496,40.496,0.59,16.33,0.57,8.0,0.46,5.0,0.45,5.0,0.44,5.0,0.7,5.0,0.71,5.0,0.72,5.0,0.73,5.0,0.74,5.0,0.3,5.0,0.29,5.0,0.28,5.0,0.27,5.0,0.26,5.0,0.41,16.33,0.43,8.0,0.54,5.0,0.55,5.0,0.56,5.0,0.11,0.11,44.955922,1776171639000
1776171641.312,41.312,0.59,3.77,0.44,21.0,0.37,5.0,0.36,5.0,0.35,5.0,0.61,15.0,0.62,5.0,0.63,5.0,0.64,5.0,0.65,19.0,0.39,15.0,0.38,5.0,0.37,5.0,0.36,5.0,0.35,19.0,0.41,3.77,0.56,21.0,0.63,5.0,0.64,5.0,0.65,5.0,0.02,0.02,44.955937,1776171640000
1776171642.485,42.485,0.59,3.77,0.44,21.0,0.37,5.0,0.36,5.0,0.35,5.0,0.61,15.0,0.62,5.0,0.63,5.0,0.64,5.0,0.65,19.0,0.39,15.0,0.38,5.0,0.37,5.0,0.36,5.0,0.35,19.0,0.41,3.77,0.56,21.0,0.63,5.0,0.64,5.0,0.65,5.0,0.02,0.02,44.952523,1776171641000
1776171643.194,43.194,0.59,3.77,0.44,21.0,0.37,5.0,0.36,5.0,0.35,5.0,0.61,15.0,0.62,5.0,0.63,5.0,0.64,5.0,0.65,19.0,0.39,15.0,0.38,5.0,0.37,5.0,0.36,5.0,0.35,19.0,0.41,3.77,0.56,21.0,0.63,5.0,0.64,5.0,0.65,5.0,0.02,0.02,44.946469,1776171642000
1776171644.107,44.107,0.59,3.77,0.44,21.0,0.37,5.0,0.36,5.0,0.35,5.0,0.61,15.0,0.62,5.0,0.63,5.0,0.64,5.0,0.65,19.0,0.39,15.0,0.38,5.0,0.37,5.0,0.36,5.0,0.35,19.0,0.41,3.77,0.56,21.0,0.63,5.0,0.64,5.0,0.65,5.0,0.02,0.02,44.946979,1776171643000
1776171645.247,45.247,0.59,3.77,0.44,21.0,0.37,5.0,0.36,5.0,0.35,5.0,0.61,15.0,0.62,5.0,0.63,5.0,0.64,5.0,0.65,19.0,0.39,15.0,0.38,5.0,0.37,5.0,0.36,5.0,0.35,19.0,0.41,3.77,0.56,21.0,0.63,5.0,0.64,5.0,0.65,5.0,0.02,0.02,44.948371,1776171644000
1776171646.393,46.393,0.59,3.77,0.44,21.0,0.37,5.0,0.36,5.0,0.35,5.0,0.61,15.0,0.62,5.0,0.63,5.0,0.64,5.0,0.65,19.0,0.39,15.0,0.38,5.0,0.37,5.0,0.36,5.0,0.35,19.0,0.41,3.77,0.56,21.0,0.63,5.0,0.64,5.0,0.65,5.0,0.02,0.02,44.953763,1776171645000
1776171647.442,47.442,0.59,3.77,0.44,21.0,0.37,5.0,0.36,5.0,0.35,5.0,0.61,15.0,0.62,5.0,0.63,5.0,0.64,5.0,0.65,19.0,0.39,15.0,0.38,5.0,0.37,5.0,0.36,5.0,0.35,19.0,0.41,3.77,0.56,21.0,0.63,5.0,0.64,5.0,0.65,5.0,0.02,0.02,44.95502,1776171646000
1776171648.409,48.409,0.59,3.77,0.44,21.0,0.37,5.0,0.36,5.0,0.35,5.0,0.61,15.0,0.62,5.0,0.63,5.0,0.64,5.0,0.65,19.0,0.39,15.0,0.38,5.0,0.37,5.0,0.36,5.0,0.35,19.0,0.41,3.77,0.56,21.0,0.63,5.0,0.64,5.0,0.65,5.0,0.02,0.02,44.954803,1776171647000
1776171648.918,48.918,0.59,3.77,0.44,21.0,0.37,5.0,0.36,5.0,0.35,5.0,0.61,15.0,0.62,5.0,0.63,5.0,0.64,5.0,0.65,19.0,0.39,15.0,0.38,5.0,0.37,5.0,0.36,5.0,0.35,19.0,0.41,3.77,0.56,21.0,0.63,5.0,0.64,5.0,0.65,5.0,0.02,0.02,44.953301,1776171648000
1776171649.9,49.9,0.59,3.77,0.44,21.0,0.37,5.0,0.36,5.0,0.35,5.0,0.61,15.0,0.62,5.0,0.63,5.0,0.64,5.0,0.65,19.0,0.39,15.0,0.38,5.0,0.37,5.0,0.36,5.0,0.35,19.0,0.41,3.77,0.56,21.0,0.63,5.0,0.64,5.0,0.65,5.0,0.02,0.02,44.953697,1776171649000
1776171651.258,51.258,0.59,3.77,0.44,21.0,0.37,5.0,0.36,5.0,0.35,5.0,0.61,15.0,0.62,5.0,0.63,5.0,0.64,5.0,0.65,19.0,0.39,15.0,0.38,5.0,0.37,5.0,0.36,5.0,0.35,19.0,0.41,3.77,0.56,21.0,0.63,5.0,0.64,5.0,0.65,5.0,0.02,0.02,44.953799,1776171650000
1776171652.279,52.279,0.59,3.77,0.44,21.0,0.37,5.0,0.36,5.0,0.35,5.0,0.61,15.0,0.62,5.0,0.63,5.0,0.64,5.0,0.65,19.0,0.39,15.0,0.38,5.0,0.37,5.0,0.36,5.0,0.35,19.0,0.41,3.77,0.56,21.0,0.63,5.0,0.64,5.0,0.65,5.0,0.02,0.02,44.955442,1776171651000
1776171653.587,53.587,0.59,3.77,0.44,21.0,0.37,5.0,0.36,5.0,0.35,5.0,0.61,15.0,0.62,5.0,0.63,5.0,0.64,5.0,0.65,19.0,0.39,15.0,0.38,5.0,0.37,5.0,0.36,5.0,0.35,19.0,0.41,3.77,0.56,21.0,0.63,5.0,0.64,5.0,0.65,5.0,0.02,0.02,44.955991,1776171652000
1776171654.212,54.212,0.59,3.77,0.44,21.0,0.37,5.0,0.36,5.0,0.35,5.0,0.61,15.0,0.62,5.0,0.63,5.0,0.64,5.0,0.65,19.0,0.39,15.0,0.38,5.0,0.37,5.0,0.36,5.0,0.35,19.0,0.41,3.77,0.56,21.0,0.63,5.0,0.64,5.0,0.65,5.0,0.02,0.02,44.955965,1776171653000
1776171655.276,55.276,0.59,3.77,0.44,21.0,0.37,5.0,0.36,5.0,0.35,5.0,0.61,15.0,0.62,5.0,0.63,5.0,0.64,5.0,0.65,19.0,0.39,15.0,0.38,5.0,0.37,5.0,0.36,5.0,0.35,19.0,0.41,3.77,0.56,21.0,0.63,5.0,0.64,5.0,0.65,5.0,0.02,0.02,44.955719,1776171654000
1776171656.43,56.43,0.59,3.77,0.44,21.0,0.37,5.0,0.36,5.0,0.35,5.0,0.61,15.0,0.62,5.0,0.63,5.0,0.64,5.0,0.65,19.0,0.39,15.0,0.38,5.0,0.37,5.0,0.36,5.0,0.35,19.0,0.41,3.77,0.56,21.0,0.63,5.0,0.64,5.0,0.65,5.0,0.02,0.02,44.954717,1776171655000
1776171657.154,57.154,0.59,3.77,0.44,21.0,0.37,5.0,0.36,5.0,0.35,5.0,0.61,15.0,0.62,5.0,0.63,5.0,0.64,5.0,0.65,19.0,0.39,15.0,0.38,5.0,0.37,5.0,0.36,5.0,0.35,19.0,0.41,3.77,0.56,21.0,0.63,5.0,0.64,5.0,0.65,5.0,0.02,0.02,44.954816,1776171656000
1776171658.143,58.143,0.59,3.77,0.44,21.0,0.37,5.0,0.36,5.0,0.35,5.0,0.61,15.0,0.62,5.0,0.63,5.0,0.64,5.0,0.65,19.0,0.39,15.0,0.38,5.0,0.37,5.0,0.36,5.0,0.35,19.0,0.41,3.77,0.56,21.0,0.63,5.0,0.64,5.0,0.65,5.0,0.02,0.02,44.955446,1776171657000
1776171659.402,59.402,0.59,3.77,0.44,21.0,0.37,5.0,0.36,5.0,0.35,5.0,0.61,15.0,0.62,5.0,0.63,5.0,0.64,5.0,0.65,19.0,0.39,15.0,0.38,5.0,0.37,5.0,0.36,5.0,0.35,19.0,0.41,3.77,0.56,21.0,0.63,5.0,0.64,5.0,0.65,5.0,0.02,0.02,44.953955,1776171658000
1776171660.556,60.556,0.59,3.77,0.44,21.0,0.37,5.0,0.36,5.0,0.35,5.0,0.61,15.0,0.62,5.0,0.63,5.0,0.64,5.0,0.65,19.0,0.39,15.0,0.38,5.0,0.37,5.0,0.36,5.0,0.35,19.0,0.41,3.77,0.56,21.0,0.63,5.0,0.64,5.0,0.65,5.0,0.02,0.02,44.954967,1776171659000
1776171661.04,61.04,0.59,3.77,0.44,21.0,0.37,5.0,0.36,5.0,0.35,5.0,0.61,15.0,0.62,5.0,0.63,5.0,0.64,5.0,0.65,19.0,0.39,15.0,0.38,5.0,0.37,5.0,0.36,5.0,0.35,19.0,0.41,3.77,0.56,21.0,0.63,5.0,0.64,5.0,0.65,5.0,0.02,0.02,44.955365,1776171660000
1776171662.331,62.331,0.59,3.77,0.44,21.0,0.37,5.0,0.36,5.0,0.35,5.0,0.61,15.0,0.62,5.0,0.63,5.0,0.64,5.0,0.65,19.0,0.39,15.0,0.38,5.0,0.37,5.0,0.36,5.0,0.35,19.0,0.41,3.77,0.56,21.0,0.63,5.0,0.64,5.0,0.65,5.0,0.02,0.02,44.956997,1776171661000
1776171663.141,63.141,0.59,3.77,0.44,21.0,0.37,5.0,0.36,5.0,0.35,5.0,0.61,15.0,0.62,5.0,0.63,5.0,0.64,5.0,0.65,19.0,0.39,15.0,0.38,5.0,0.37,5.0,0.36,5.0,0.35,19.0,0.41,3.77,0.56,21.0,0.63,5.0,0.64,5.0,0.65,5.0,0.02,0.02,44.956969,1776171662000
1776171664.23,64.23,0.59,3.77,0.44,21.0,0.37,5.0,0.36,5.0,0.35,5.0,0.61,15.0,0.62,5.0,0.63,5.0,0.64,5.0,0.65,19.0,0.39,15.0,0.38,5.0,0.37,5.0,0.36,5.0,0.35,19.0,0.41,3.77,0.56,21.0,0.63,5.0,0.64,5.0,0.65,5.0,0.02,0.02,44.958948,1776171663000
1776171665.366,65.366,0.59,3.77,0.44,21.0,0.37,5.0,0.36,5.0,0.35,5.0,0.61,15.0,0.62,5.0,0.63,5.0,0.64,5.0,0.65,19.0,0.39,15.0,0.38,5.0,0.37,5.0,0.36,5.0,0.35,19.0,0.41,3.77,0.56,21.0,0.63,5.0,0.64,5.0,0.65,5.0,0.02,0.02,44.958414,1776171664000
1776171666.457,66.457,0.59,3.77,0.44,21.0,0.37,5.0,0.36,5.0,0.35,5.0,0.61,15.0,0.62,5.0,0.63,5.0,0.64,5.0,0.65,19.0,0.39,15.0,0.38,5.0,0.37,5.0,0.36,5.0,0.35,19.0,0.41,3.77,0.56,21.0,0.63,5.0,0.64,5.0,0.65,5.0,0.02,0.02,44.958413,1776171665000
1776171667.32,67.32,0.59,3.77,0.44,21.0,0.37,5.0,0.36,5.0,0.35,5.0,0.61,15.0,0.62,5.0,0.63,5.0,0.64,5.0,0.65,19.0,0.39,15.0,0.38,5.0,0.37,5.0,0.36,5.0,0.35,19.0,0.41,3.77,0.56,21.0,0.63,5.0,0.64,5.0,0.65,5.0,0.02,0.02,44.959648,1776171666000
1776171668.349,68.349,0.59,3.77,0.44,21.0,0.37,5.0,0.36,5.0,0.35,5.0,0.61,15.0,0.62,5.0,0.63,5.0,0.64,5.0,0.65,19.0,0.39,15.0,0.38,5.0,0.37,5.0,0.36,5.0,0.35,19.0,0.41,3.77,0.56,21.0,0.63,5.0,0.64,5.0,0.65,5.0,0.02,0.02,44.959562,1776171667000
1776171669.253,69.253,0.59,3.77,0.44,21.0,0.37,5.0,0.36,5.0,0.35,5.0,0.61,15.0,0.62,5.0,0.63,5.0,0.64,5.0,0.65,19.0,0.39,15.0,0.38,5.0,0.37,5.0,0.36,5.0,0.35,19.0,0.41,3.77,0.56,21.0,0.63,5.0,0.64,5.0,0.65,5.0,0.02,0.02,44.958309,1776171668000
1776171670.72,70.72,0.59,3.77,0.44,21.0,0.37,5.0,0.36,5.0,0.35,5.0,0.61,15.0,0.62,5.0,0.63,5.0,0.64,5.0,0.65,19.0,0.39,15.0,0.38,5.0,0.37,5.0,0.36,5.0,0.35,19.0,0.41,3.77,0.56,21.0,0.63,5.0,0.64,5.0,0.65,5.0,0.02,0.02,44.961685,1776171669000
1776171671.474,71.474,0.59,3.77,0.44,21.0,0.37,5.0,0.36,5.0,0.35,5.0,0.61,15.0,0.62,5.0,0.63,5.0,0.64,5.0,0.65,19.0,0.39,15.0,0.38,5.0,0.37,5.0,0.36,5.0,0.35,19.0,0.41,3.77,0.56,21.0,0.63,5.0,0.64,5.0,0.65,5.0,0.02,0.02,44.968305,1776171670000
1776171671.98,71.98,0.58,8.0,0.51,10.0,0.46,15.0,0.45,15.0,0.44,15.0,0.61,1.28,0.62,15.0,0.63,15.0,0.64,15.0,0.65,15.0,0.39,1.28,0.38,15.0,0.37,15.0,0.36,15.0,0.35,15.0,0.42,8.0,0.49,10.0,0.54,15.0,0.55,15.0,0.56,15.0,0.03,0.03,44.967191,1776171671000
1776171673.042,73.042,0.58,8.0,0.51,10.0,0.46,15.0,0.45,15.0,0.44,15.0,0.61,1.28,0.62,15.0,0.63,15.0,0.64,15.0,0.65,15.0,0.39,1.28,0.38,15.0,0.37,15.0,0.36,15.0,0.35,15.0,0.42,8.0,0.49,10.0,0.54,15.0,0.55,15.0,0.56,15.0,0.03,0.03,44.966439,1776171672000
1776171673.966,73.966,0.58,8.0,0.51,10.0,0.46,15.0,0.45,15.0,0.44,15.0,0.61,1.28,0.62,15.0,0.63,15.0,0.64,15.0,0.65,15.0,0.39,1.28,0.38,15.0,0.37,15.0,0.36,15.0,0.35,15.0,0.42,8.0,0.49,10.0,0.54,15.0,0.55,15.0,0.56,15.0,0.03,0.03,44.966327,1776171673000
1776171675.03,75.03,0.58,8.0,0.51,10.0,0.46,15.0,0.45,15.0,0.44,15.0,0.61,1.28,0.62,15.0,0.63,15.0,0.64,15.0,0.65,15.0,0.39,1.28,0.38,15.0,0.37,15.0,0.36,15.0,0.35,15.0,0.42,8.0,0.49,10.0,0.54,15.0,0.55,15.0,0.56,15.0,0.03,0.03,44.966215,1776171674000
1776171676.44,76.44,0.58,8.0,0.51,10.0,0.46,15.0,0.45,15.0,0.44,15.0,0.61,1.28,0.62,15.0,0.63,15.0,0.64,15.0,0.65,15.0,0.39,1.28,0.38,15.0,0.37,15.0,0.36,15.0,0.35,15.0,0.42,8.0,0.49,10.0,0.54,15.0,0.55,15.0,0.56,15.0,0.03,0.03,44.955354,1776171675000
1776171676.926,76.926,0.58,8.0,0.51,10.0,0.46,15.0,0.45,15.0,0.44,15.0,0.61,1.28,0.62,15.0,0.63,15.0,0.64,15.0,0.65,15.0,0.39,1.28,0.38,15.0,0.37,15.0,0.36,15.0,0.35,15.0,0.42,8.0,0.49,10.0,0.54,15.0,0.55,15.0,0.56,15.0,0.03,0.03,44.955109,1776171676000
1776171677.976,77.976,0.58,8.0,0.51,10.0,0.46,15.0,0.45,15.0,0.44,15.0,0.61,1.28,0.62,15.0,0.63,15.0,0.64,15.0,0.65,15.0,0.39,1.28,0.38,15.0,0.37,15.0,0.36,15.0,0.35,15.0,0.42,8.0,0.49,10.0,0.54,15.0,0.55,15.0,0.56,15.0,0.03,0.03,44.954707,1776171677000
1776171678.992,78.992,0.58,8.0,0.51,10.0,0.46,15.0,0.45,15.0,0.44,15.0,0.61,1.28,0.62,15.0,0.63,15.0,0.64,15.0,0.65,15.0,0.39,1.28,0.38,15.0,0.37,15.0,0.36,15.0,0.35,15.0,0.42,8.0,0.49,10.0,0.54,15.0,0.55,15.0,0.56,15.0,0.03,0.03,44.954707,1776171678000
1776171679.936,79.936,0.58,8.0,0.51,10.0,0.46,15.0,0.45,15.0,0.44,15.0,0.61,1.28,0.62,15.0,0.63,15.0,0.64,15.0,0.65,15.0,0.39,1.28,0.38,15.0,0.37,15.0,0.36,15.0,0.35,15.0,0.42,8.0,0.49,10.0,0.54,15.0,0.55,15.0,0.56,15.0,0.03,0.03,44.96403,1776171679000
1776171681.02,81.02,0.58,8.0,0.51,10.0,0.46,15.0,0.45,15.0,0.44,15.0,0.61,1.28,0.62,15.0,0.63,15.0,0.64,15.0,0.65,15.0,0.39,1.28,0.38,15.0,0.37,15.0,0.36,15.0,0.35,15.0,0.42,8.0,0.49,10.0,0.54,15.0,0.55,15.0,0.56,15.0,0.03,0.03,44.958011,1776171680000
1776171681.903,81.903,0.58,8.0,0.51,10.0,0.46,15.0,0.45,15.0,0.44,15.0,0.61,1.28,0.62,15.0,0.63,15.0,0.64,15.0,0.65,15.0,0.39,1.28,0.38,15.0,0.37,15.0,0.36,15.0,0.35,15.0,0.42,8.0,0.49,10.0,0.54,15.0,0.55,15.0,0.56,15.0,0.03,0.03,44.956925,1776171681000
1776171683.016,83.016,0.58,8.0,0.51,10.0,0.46,15.0,0.45,15.0,0.44,15.0,0.61,1.28,0.62,15.0,0.63,15.0,0.64,15.0,0.65,15.0,0.39,1.28,0.38,15.0,0.37,15.0,0.36,15.0,0.35,15.0,0.42,8.0,0.49,10.0,0.54,15.0,0.55,15.0,0.56,15.0,0.03,0.03,44.95779,1776171682000
1776171683.869,83.869,0.58,8.0,0.51,10.0,0.46,15.0,0.45,15.0,0.44,15.0,0.61,1.28,0.62,15.0,0.63,15.0,0.64,15.0,0.65,15.0,0.39,1.28,0.38,15.0,0.37,15.0,0.36,15.0,0.35,15.0,0.42,8.0,0.49,10.0,0.54,15.0,0.55,15.0,0.56,15.0,0.03,0.03,44.957472,1776171683000
1776171684.938,84.938,0.58,8.0,0.51,10.0,0.46,15.0,0.45,15.0,0.44,15.0,0.61,1.28,0.62,15.0,0.63,15.0,0.64,15.0,0.65,15.0,0.39,1.28,0.38,15.0,0.37,15.0,0.36,15.0,0.35,15.0,0.42,8.0,0.49,10.0,0.54,15.0,0.55,15.0,0.56,15.0,0.03,0.03,44.957256,1776171684000
1776171686.266,86.266,0.58,8.0,0.51,10.0,0.46,15.0,0.45,15.0,0.44,15.0,0.61,1.28,0.62,15.0,0.63,15.0,0.64,15.0,0.65,15.0,0.39,1.28,0.38,15.0,0.37,15.0,0.36,15.0,0.35,15.0,0.42,8.0,0.49,10.0,0.54,15.0,0.55,15.0,0.56,15.0,0.03,0.03,44.957372,1776171685000
1776171687.302,87.302,0.58,8.0,0.51,10.0,0.46,15.0,0.45,15.0,0.44,15.0,0.61,1.28,0.62,15.0,0.63,15.0,0.64,15.0,0.65,15.0,0.39,1.28,0.38,15.0,0.37,15.0,0.36,15.0,0.35,15.0,0.42,8.0,0.49,10.0,0.54,15.0,0.55,15.0,0.56,15.0,0.03,0.03,44.957623,1776171686000
1776171688.194,88.194,0.52,44.0,0.49,15.0,0.48,15.0,0.47,15.0,0.46,15.0,0.74,15.0,0.75,15.0,0.76,15.0,0.77,15.0,0.78,15.0,0.39,1.28,0.38,15.0,0.37,15.0,0.36,15.0,0.35,15.0,0.42,8.0,0.49,10.0,0.54,15.0,0.55,15.0,0.56,15.0,0.22,0.03,44.957623,1776171686000
1776171689.25,89.25,0.62,5.0,0.61,5.0,0.6,5.0,0.52,44.0,0.5,15.0,0.74,5.0,0.75,15.0,0.76,15.0,0.77,15.0,0.78,15.0,0.26,5.0,0.25,15.0,0.24,15.0,0.23,15.0,0.22,15.0,0.38,5.0,0.39,5.0,0.4,5.0,0.48,44.0,0.5,15.0,0.12,0.12,44.956976,1776171688000
1776171690.27,90.27,0.62,5.0,0.61,5.0,0.6,5.0,0.52,44.0,0.5,15.0,0.74,5.0,0.75,15.0,0.76,15.0,0.77,15.0,0.78,15.0,0.26,5.0,0.25,15.0,0.24,15.0,0.23,15.0,0.22,15.0,0.38,5.0,0.39,5.0,0.4,5.0,0.48,44.0,0.5,15.0,0.12,0.12,44.972105,1776171689000
1776171691.279,91.279,0.62,5.0,0.61,5.0,0.6,5.0,0.52,44.0,0.5,15.0,0.74,5.0,0.75,15.0,0.76,15.0,0.77,15.0,0.78,15.0,0.26,5.0,0.25,15.0,0.24,15.0,0.23,15.0,0.22,15.0,0.38,5.0,0.39,5.0,0.4,5.0,0.48,44.0,0.5,15.0,0.12,0.12,44.975496,1776171690000
1776171692.205,92.205,0.62,5.0,0.61,5.0,0.6,5.0,0.52,44.0,0.5,15.0,0.74,5.0,0.75,15.0,0.76,15.0,0.77,15.0,0.78,15.0,0.26,5.0,0.25,15.0,0.24,15.0,0.23,15.0,0.22,15.0,0.38,5.0,0.39,5.0,0.4,5.0,0.48,44.0,0.5,15.0,0.12,0.12,44.975197,1776171691000
1776171693.333,93.333,0.62,5.0,0.61,5.0,0.6,5.0,0.52,44.0,0.5,15.0,0.74,5.0,0.75,15.0,0.76,15.0,0.77,15.0,0.78,15.0,0.26,5.0,0.25,15.0,0.24,15.0,0.23,15.0,0.22,15.0,0.38,5.0,0.39,5.0,0.4,5.0,0.48,44.0,0.5,15.0,0.12,0.12,44.974703,1776171692000
1776171694.294,94.294,0.62,5.0,0.61,5.0,0.6,5.0,0.52,44.0,0.5,15.0,0.74,5.0,0.75,15.0,0.76,15.0,0.77,15.0,0.78,15.0,0.26,5.0,0.25,15.0,0.24,15.0,0.23,15.0,0.22,15.0,0.38,5.0,0.39,5.0,0.4,5.0,0.48,44.0,0.5,15.0,0.12,0.12,44.972781,1776171693000
1776171695.211,95.211,0.62,5.0,0.61,5.0,0.6,5.0,0.52,44.0,0.5,15.0,0.74,5.0,0.75,15.0,0.76,15.0,0.77,15.0,0.78,15.0,0.26,5.0,0.25,15.0,0.24,15.0,0.23,15.0,0.22,15.0,0.38,5.0,0.39,5.0,0.4,5.0,0.48,44.0,0.5,15.0,0.12,0.12,44.973226,1776171694000
1776171696.184,96.184,0.62,5.0,0.61,5.0,0.6,5.0,0.52,44.0,0.5,15.0,0.74,5.0,0.75,15.0,0.76,15.0,0.77,15.0,0.78,15.0,0.26,5.0,0.25,15.0,0.24,15.0,0.23,15.0,0.22,15.0,0.38,5.0,0.39,5.0,0.4,5.0,0.48,44.0,0.5,15.0,0.12,0.12,44.972334,1776171695000
1776171697.245,97.245,0.62,5.0,0.61,5.0,0.6,5.0,0.52,44.0,0.5,15.0,0.74,5.0,0.75,15.0,0.76,15.0,0.77,15.0,0.78,15.0,0.26,5.0,0.25,15.0,0.24,15.0,0.23,15.0,0.22,15.0,0.38,5.0,0.39,5.0,0.4,5.0,0.48,44.0,0.5,15.0,0.12,0.12,44.974157,1776171696000
1776171698.301,98.301,0.62,5.0,0.61,5.0,0.6,5.0,0.52,44.0,0.5,15.0,0.74,5.0,0.75,15.0,0.76,15.0,0.77,15.0,0.78,15.0,0.26,5.0,0.25,15.0,0.24,15.0,0.23,15.0,0.22,15.0,0.38,5.0,0.39,5.0,0.4,5.0,0.48,44.0,0.5,15.0,0.12,0.12,44.974251,1776171697000
1776171699.226,99.226,0.62,5.0,0.61,5.0,0.6,5.0,0.52,44.0,0.5,15.0,0.74,5.0,0.75,15.0,0.76,15.0,0.77,15.0,0.78,15.0,0.26,5.0,0.25,15.0,0.24,15.0,0.23,15.0,0.22,15.0,0.38,5.0,0.39,5.0,0.4,5.0,0.48,44.0,0.5,15.0,0.12,0.12,44.974466,1776171698000
1776171700.432,100.432,0.62,5.0,0.61,5.0,0.6,5.0,0.52,44.0,0.5,15.0,0.74,5.0,0.75,15.0,0.76,15.0,0.77,15.0,0.78,15.0,0.26,5.0,0.25,15.0,0.24,15.0,0.23,15.0,0.22,15.0,0.38,5.0,0.39,5.0,0.4,5.0,0.48,44.0,0.5,15.0,0.12,0.12,44.974456,1776171699000
1776171701.363,101.363,0.62,5.0,0.61,5.0,0.6,5.0,0.52,44.0,0.5,15.0,0.74,5.0,0.75,15.0,0.76,15.0,0.77,15.0,0.78,15.0,0.26,5.0,0.25,15.0,0.24,15.0,0.23,15.0,0.22,15.0,0.38,5.0,0.39,5.0,0.4,5.0,0.48,44.0,0.5,15.0,0.12,0.12,44.976048,1776171700000
1776171702.134,102.134,0.62,5.0,0.61,5.0,0.6,5.0,0.52,44.0,0.5,15.0,0.74,5.0,0.75,15.0,0.76,15.0,0.77,15.0,0.78,15.0,0.26,5.0,0.25,15.0,0.24,15.0,0.23,15.0,0.22,15.0,0.38,5.0,0.39,5.0,0.4,5.0,0.48,44.0,0.5,15.0,0.12,0.12,44.975252,1776171701000
1776171703.179,103.179,0.62,5.0,0.61,5.0,0.6,5.0,0.52,44.0,0.5,15.0,0.74,5.0,0.75,15.0,0.76,15.0,0.77,15.0,0.78,15.0,0.26,5.0,0.25,15.0,0.24,15.0,0.23,15.0,0.22,15.0,0.38,5.0,0.39,5.0,0.4,5.0,0.48,44.0,0.5,15.0,0.12,0.12,44.974085,1776171702000
1776171704.23,104.23,0.62,5.0,0.61,5.0,0.6,5.0,0.52,44.0,0.5,15.0,0.74,5.0,0.75,15.0,0.76,15.0,0.77,15.0,0.78,15.0,0.26,5.0,0.25,15.0,0.24,15.0,0.23,15.0,0.22,15.0,0.38,5.0,0.39,5.0,0.4,5.0,0.48,44.0,0.5,15.0,0.12,0.12,44.975855,1776171703000
1776171705.366,105.366,0.62,5.0,0.61,5.0,0.6,5.0,0.52,44.0,0.5,15.0,0.74,5.0,0.75,15.0,0.76,15.0,0.77,15.0,0.78,15.0,0.26,5.0,0.25,15.0,0.24,15.0,0.23,15.0,0.22,15.0,0.38,5.0,0.39,5.0,0.4,5.0,0.48,44.0,0.5,15.0,0.12,0.12,44.980126,1776171704000
1776171705.931,105.931,0.62,5.0,0.61,5.0,0.6,5.0,0.52,44.0,0.5,15.0,0.74,5.0,0.75,15.0,0.76,15.0,0.77,15.0,0.78,15.0,0.26,5.0,0.25,15.0,0.24,15.0,0.23,15.0,0.22,15.0,0.38,5.0,0.39,5.0,0.4,5.0,0.48,44.0,0.5,15.0,0.12,0.12,44.981446,1776171705000
1776171706.972,106.972,0.62,5.0,0.61,5.0,0.6,5.0,0.52,44.0,0.5,15.0,0.74,5.0,0.75,15.0,0.76,15.0,0.77,15.0,0.78,15.0,0.26,5.0,0.25,15.0,0.24,15.0,0.23,15.0,0.22,15.0,0.38,5.0,0.39,5.0,0.4,5.0,0.48,44.0,0.5,15.0,0.12,0.12,44.98454,1776171706000
1776171708.013,108.013,0.62,5.0,0.61,5.0,0.6,5.0,0.52,44.0,0.5,15.0,0.74,5.0,0.75,15.0,0.76,15.0,0.77,15.0,0.78,15.0,0.26,5.0,0.25,15.0,0.24,15.0,0.23,15.0,0.22,15.0,0.38,5.0,0.39,5.0,0.4,5.0,0.48,44.0,0.5,15.0,0.12,0.12,44.98441,1776171707000
1776171709.083,109.083,0.62,5.0,0.61,5.0,0.6,5.0,0.52,44.0,0.5,15.0,0.74,5.0,0.75,15.0,0.76,15.0,0.77,15.0,0.78,15.0,0.26,5.0,0.25,15.0,0.24,15.0,0.23,15.0,0.22,15.0,0.38,5.0,0.39,5.0,0.4,5.0,0.48,44.0,0.5,15.0,0.12,0.12,44.985877,1776171708000
1776171710.109,110.109,0.62,5.0,0.61,5.0,0.6,5.0,0.52,44.0,0.5,15.0,0.74,5.0,0.75,15.0,0.76,15.0,0.77,15.0,0.78,15.0,0.26,5.0,0.25,15.0,0.24,15.0,0.23,15.0,0.22,15.0,0.38,5.0,0.39,5.0,0.4,5.0,0.48,44.0,0.5,15.0,0.12,0.12,44.987227,1776171709000
1776171711.297,111.297,0.62,5.0,0.61,5.0,0.6,5.0,0.52,44.0,0.5,15.0,0.74,5.0,0.75,15.0,0.76,15.0,0.77,15.0,0.78,15.0,0.26,5.0,0.25,15.0,0.24,15.0,0.23,15.0,0.22,15.0,0.38,5.0,0.39,5.0,0.4,5.0,0.48,44.0,0.5,15.0,0.12,0.12,44.987054,1776171710000
1776171712.43,112.43,0.62,5.0,0.61,5.0,0.6,5.0,0.52,44.0,0.5,15.0,0.74,5.0,0.75,15.0,0.76,15.0,0.77,15.0,0.78,15.0,0.26,5.0,0.25,15.0,0.24,15.0,0.23,15.0,0.22,15.0,0.38,5.0,0.39,5.0,0.4,5.0,0.48,44.0,0.5,15.0,0.12,0.12,44.986998,1776171711000
1776171713.345,113.345,0.62,5.0,0.61,5.0,0.6,5.0,0.52,44.0,0.5,15.0,0.74,5.0,0.75,15.0,0.76,15.0,0.77,15.0,0.78,15.0,0.26,5.0,0.25,15.0,0.24,15.0,0.23,15.0,0.22,15.0,0.38,5.0,0.39,5.0,0.4,5.0,0.48,44.0,0.5,15.0,0.12,0.12,44.986954,1776171712000
1776171713.978,113.978,0.62,5.0,0.61,5.0,0.6,5.0,0.52,44.0,0.5,15.0,0.74,5.0,0.75,15.0,0.76,15.0,0.77,15.0,0.78,15.0,0.26,5.0,0.25,15.0,0.24,15.0,0.23,15.0,0.22,15.0,0.38,5.0,0.39,5.0,0.4,5.0,0.48,44.0,0.5,15.0,0.12,0.12,44.98652,1776171713000
1776171714.955,114.955,0.62,5.0,0.61,5.0,0.6,5.0,0.52,44.0,0.5,15.0,0.74,5.0,0.75,15.0,0.76,15.0,0.77,15.0,0.78,15.0,0.26,5.0,0.25,15.0,0.24,15.0,0.23,15.0,0.22,15.0,0.38,5.0,0.39,5.0,0.4,5.0,0.48,44.0,0.5,15.0,0.12,0.12,44.986571,1776171714000
1776171716.382,116.382,0.62,5.0,0.61,5.0,0.6,5.0,0.52,44.0,0.5,15.0,0.74,5.0,0.75,15.0,0.76,15.0,0.77,15.0,0.78,15.0,0.26,5.0,0.25,15.0,0.24,15.0,0.23,15.0,0.22,15.0,0.38,5.0,0.39,5.0,0.4,5.0,0.48,44.0,0.5,15.0,0.12,0.12,44.986233,1776171715000
1776171716.95,116.95,0.62,5.0,0.61,5.0,0.6,5.0,0.52,44.0,0.5,15.0,0.74,5.0,0.75,15.0,0.76,15.0,0.77,15.0,0.78,15.0,0.26,5.0,0.25,15.0,0.24,15.0,0.23,15.0,0.22,15.0,0.38,5.0,0.39,5.0,0.4,5.0,0.48,44.0,0.5,15.0,0.12,0.12,44.986232,1776171716000
1776171717.484,117.484,0.76,23.0,0.75,10.0,0.74,6.0,0.69,5.0,0.68,5.0,0.77,4.95,0.78,15.0,0.79,15.0,0.8,15.0,0.81,15.0,0.26,5.0,0.25,15.0,0.24,15.0,0.23,15.0,0.22,15.0,0.38,5.0,0.39,5.0,0.4,5.0,0.48,44.0,0.5,15.0,0.01,0.12,44.986232,1776171716000
1776171717.896,117.896,0.76,23.0,0.75,10.0,0.74,6.0,0.69,5.0,0.68,5.0,0.77,4.95,0.78,15.0,0.79,15.0,0.8,15.0,0.81,15.0,0.23,4.95,0.22,15.0,0.21,15.0,0.2,15.0,0.19,15.0,0.24,23.0,0.25,10.0,0.26,6.0,0.31,5.0,0.32,5.0,0.01,0.01,44.986252,1776171717000
1776171718.873,118.873,0.76,23.0,0.75,10.0,0.74,6.0,0.69,5.0,0.68,5.0,0.77,4.95,0.78,15.0,0.79,15.0,0.8,15.0,0.81,15.0,0.23,4.95,0.22,15.0,0.21,15.0,0.2,15.0,0.19,15.0,0.24,23.0,0.25,10.0,0.26,6.0,0.31,5.0,0.32,5.0,0.01,0.01,44.986272,1776171718000
1776171719.125,119.125,0.77,5.05,0.76,23.0,0.75,6.0,0.69,5.0,0.68,5.0,0.78,15.0,0.79,15.0,0.8,15.0,0.81,15.0,0.82,15.0,0.23,4.95,0.22,15.0,0.21,15.0,0.2,15.0,0.19,15.0,0.24,23.0,0.25,10.0,0.26,6.0,0.31,5.0,0.32,5.0,0.01,0.01,44.986272,1776171718000
1776171719.851,119.851,0.77,5.05,0.76,23.0,0.75,6.0,0.69,5.0,0.68,5.0,0.78,15.0,0.79,15.0,0.8,15.0,0.81,15.0,0.82,15.0,0.22,15.0,0.21,15.0,0.2,15.0,0.19,15.0,0.18,15.0,0.23,5.05,0.24,23.0,0.25,6.0,0.31,5.0,0.32,5.0,0.01,0.01,44.986584,1776171719000
1776171720.914,120.914,0.77,5.05,0.76,23.0,0.75,6.0,0.69,5.0,0.68,5.0,0.78,15.0,0.79,15.0,0.8,15.0,0.81,15.0,0.82,15.0,0.22,15.0,0.21,15.0,0.2,15.0,0.19,15.0,0.18,15.0,0.23,5.05,0.24,23.0,0.25,6.0,0.31,5.0,0.32,5.0,0.01,0.01,44.986603,1776171720000
1776171721.851,121.851,0.77,5.05,0.76,23.0,0.75,6.0,0.69,5.0,0.68,5.0,0.78,15.0,0.79,15.0,0.8,15.0,0.81,15.0,0.82,15.0,0.22,15.0,0.21,15.0,0.2,15.0,0.19,15.0,0.18,15.0,0.23,5.05,0.24,23.0,0.25,6.0,0.31,5.0,0.32,5.0,0.01,0.01,44.98632,1776171721000
1776171722.836,122.836,0.77,5.05,0.76,23.0,0.75,6.0,0.69,5.0,0.68,5.0,0.78,15.0,0.79,15.0,0.8,15.0,0.81,15.0,0.82,15.0,0.22,15.0,0.21,15.0,0.2,15.0,0.19,15.0,0.18,15.0,0.23,5.05,0.24,23.0,0.25,6.0,0.31,5.0,0.32,5.0,0.01,0.01,44.986356,1776171722000
1776171723.774,123.774,0.77,5.05,0.76,23.0,0.75,6.0,0.69,5.0,0.68,5.0,0.78,15.0,0.79,15.0,0.8,15.0,0.81,15.0,0.82,15.0,0.22,15.0,0.21,15.0,0.2,15.0,0.19,15.0,0.18,15.0,0.23,5.05,0.24,23.0,0.25,6.0,0.31,5.0,0.32,5.0,0.01,0.01,44.986354,1776171723000
1776171725.23,125.23,0.77,5.05,0.76,23.0,0.75,6.0,0.69,5.0,0.68,5.0,0.78,15.0,0.79,15.0,0.8,15.0,0.81,15.0,0.82,15.0,0.22,15.0,0.21,15.0,0.2,15.0,0.19,15.0,0.18,15.0,0.23,5.05,0.24,23.0,0.25,6.0,0.31,5.0,0.32,5.0,0.01,0.01,44.986368,1776171724000
1776171726.173,126.173,0.77,5.05,0.76,23.0,0.75,6.0,0.69,5.0,0.68,5.0,0.78,15.0,0.79,15.0,0.8,15.0,0.81,15.0,0.82,15.0,0.22,15.0,0.21,15.0,0.2,15.0,0.19,15.0,0.18,15.0,0.23,5.05,0.24,23.0,0.25,6.0,0.31,5.0,0.32,5.0,0.01,0.01,44.986355,1776171725000
1776171727.173,127.173,0.77,5.05,0.76,23.0,0.75,6.0,0.69,5.0,0.68,5.0,0.78,15.0,0.79,15.0,0.8,15.0,0.81,15.0,0.82,15.0,0.22,15.0,0.21,15.0,0.2,15.0,0.19,15.0,0.18,15.0,0.23,5.05,0.24,23.0,0.25,6.0,0.31,5.0,0.32,5.0,0.01,0.01,44.986352,1776171726000
1776171728.633,128.633,0.77,5.05,0.76,23.0,0.75,6.0,0.69,5.0,0.68,5.0,0.78,15.0,0.79,15.0,0.8,15.0,0.81,15.0,0.82,15.0,0.22,15.0,0.21,15.0,0.2,15.0,0.19,15.0,0.18,15.0,0.23,5.05,0.24,23.0,0.25,6.0,0.31,5.0,0.32,5.0,0.01,0.01,44.986352,1776171727000
1776171729.442,129.442,0.77,5.05,0.76,23.0,0.75,6.0,0.69,5.0,0.68,5.0,0.78,15.0,0.79,15.0,0.8,15.0,0.81,15.0,0.82,15.0,0.22,15.0,0.21,15.0,0.2,15.0,0.19,15.0,0.18,15.0,0.23,5.05,0.24,23.0,0.25,6.0,0.31,5.0,0.32,5.0,0.01,0.01,44.986357,1776171728000
1776171730.092,130.092,0.77,5.05,0.76,23.0,0.75,6.0,0.69,5.0,0.68,5.0,0.78,15.0,0.79,15.0,0.8,15.0,0.81,15.0,0.82,15.0,0.22,15.0,0.21,15.0,0.2,15.0,0.19,15.0,0.18,15.0,0.23,5.05,0.24,23.0,0.25,6.0,0.31,5.0,0.32,5.0,0.01,0.01,44.986357,1776171729000
1776171730.946,130.946,0.77,5.05,0.76,23.0,0.75,6.0,0.69,5.0,0.68,5.0,0.78,15.0,0.79,15.0,0.8,15.0,0.81,15.0,0.82,15.0,0.22,15.0,0.21,15.0,0.2,15.0,0.19,15.0,0.18,15.0,0.23,5.05,0.24,23.0,0.25,6.0,0.31,5.0,0.32,5.0,0.01,0.01,44.985544,1776171730000
1776171732.29,132.29,0.77,5.05,0.76,23.0,0.75,6.0,0.69,5.0,0.68,5.0,0.78,15.0,0.79,15.0,0.8,15.0,0.81,15.0,0.82,15.0,0.22,15.0,0.21,15.0,0.2,15.0,0.19,15.0,0.18,15.0,0.23,5.05,0.24,23.0,0.25,6.0,0.31,5.0,0.32,5.0,0.01,0.01,44.985544,1776171731000
1776171733.545,133.545,0.77,5.05,0.76,23.0,0.75,6.0,0.69,5.0,0.68,5.0,0.78,15.0,0.79,15.0,0.8,15.0,0.81,15.0,0.82,15.0,0.22,15.0,0.21,15.0,0.2,15.0,0.19,15.0,0.18,15.0,0.23,5.05,0.24,23.0,0.25,6.0,0.31,5.0,0.32,5.0,0.01,0.01,44.987692,1776171732000
1776171734.222,134.222,0.77,5.05,0.76,23.0,0.75,6.0,0.69,5.0,0.68,5.0,0.78,15.0,0.79,15.0,0.8,15.0,0.81,15.0,0.82,15.0,0.22,15.0,0.21,15.0,0.2,15.0,0.19,15.0,0.18,15.0,0.23,5.05,0.24,23.0,0.25,6.0,0.31,5.0,0.32,5.0,0.01,0.01,44.988772,1776171733000
1776171735.947,135.947,0.77,5.05,0.76,23.0,0.75,6.0,0.69,5.0,0.68,5.0,0.78,15.0,0.79,15.0,0.8,15.0,0.81,15.0,0.82,15.0,0.22,15.0,0.21,15.0,0.2,15.0,0.19,15.0,0.18,15.0,0.23,5.05,0.24,23.0,0.25,6.0,0.31,5.0,0.32,5.0,0.01,0.01,44.992202,1776171734000
1776171736.513,136.513,0.77,5.05,0.76,23.0,0.75,6.0,0.69,5.0,0.68,5.0,0.78,15.0,0.79,15.0,0.8,15.0,0.81,15.0,0.82,15.0,0.22,15.0,0.21,15.0,0.2,15.0,0.19,15.0,0.18,15.0,0.23,5.05,0.24,23.0,0.25,6.0,0.31,5.0,0.32,5.0,0.01,0.01,44.992903,1776171735000
1776171737.127,137.127,0.77,5.05,0.76,23.0,0.75,6.0,0.69,5.0,0.68,5.0,0.78,15.0,0.79,15.0,0.8,15.0,0.81,15.0,0.82,15.0,0.22,15.0,0.21,15.0,0.2,15.0,0.19,15.0,0.18,15.0,0.23,5.05,0.24,23.0,0.25,6.0,0.31,5.0,0.32,5.0,0.01,0.01,44.992903,1776171736000
1776171738.302,138.302,0.77,5.05,0.76,23.0,0.75,6.0,0.69,5.0,0.68,5.0,0.78,15.0,0.79,15.0,0.8,15.0,0.81,15.0,0.82,15.0,0.22,15.0,0.21,15.0,0.2,15.0,0.19,15.0,0.18,15.0,0.23,5.05,0.24,23.0,0.25,6.0,0.31,5.0,0.32,5.0,0.01,0.01,44.995725,1776171737000
1776171739.517,139.517,0.77,5.05,0.76,23.0,0.75,6.0,0.69,5.0,0.68,5.0,0.78,15.0,0.79,15.0,0.8,15.0,0.81,15.0,0.82,15.0,0.22,15.0,0.21,15.0,0.2,15.0,0.19,15.0,0.18,15.0,0.23,5.05,0.24,23.0,0.25,6.0,0.31,5.0,0.32,5.0,0.01,0.01,44.994554,1776171738000
1776171740.13,140.13,0.77,5.05,0.76,23.0,0.75,6.0,0.69,5.0,0.68,5.0,0.78,15.0,0.79,15.0,0.8,15.0,0.81,15.0,0.82,15.0,0.22,15.0,0.21,15.0,0.2,15.0,0.19,15.0,0.18,15.0,0.23,5.05,0.24,23.0,0.25,6.0,0.31,5.0,0.32,5.0,0.01,0.01,44.994553,1776171739000
1776171741.543,141.543,0.77,5.05,0.76,23.0,0.75,6.0,0.69,5.0,0.68,5.0,0.78,15.0,0.79,15.0,0.8,15.0,0.81,15.0,0.82,15.0,0.22,15.0,0.21,15.0,0.2,15.0,0.19,15.0,0.18,15.0,0.23,5.05,0.24,23.0,0.25,6.0,0.31,5.0,0.32,5.0,0.01,0.01,44.997781,1776171740000
1776171742.125,142.125,0.77,5.05,0.76,23.0,0.75,6.0,0.69,5.0,0.68,5.0,0.78,15.0,0.79,15.0,0.8,15.0,0.81,15.0,0.82,15.0,0.22,15.0,0.21,15.0,0.2,15.0,0.19,15.0,0.18,15.0,0.23,5.05,0.24,23.0,0.25,6.0,0.31,5.0,0.32,5.0,0.01,0.01,44.998454,1776171741000
1776171743.252,143.252,0.77,5.05,0.76,23.0,0.75,6.0,0.69,5.0,0.68,5.0,0.78,15.0,0.79,15.0,0.8,15.0,0.81,15.0,0.82,15.0,0.22,15.0,0.21,15.0,0.2,15.0,0.19,15.0,0.18,15.0,0.23,5.05,0.24,23.0,0.25,6.0,0.31,5.0,0.32,5.0,0.01,0.01,45.004599,1776171742000
1776171744.829,144.829,0.77,5.05,0.76,23.0,0.75,6.0,0.69,5.0,0.68,5.0,0.78,15.0,0.79,15.0,0.8,15.0,0.81,15.0,0.82,15.0,0.22,15.0,0.21,15.0,0.2,15.0,0.19,15.0,0.18,15.0,0.23,5.05,0.24,23.0,0.25,6.0,0.31,5.0,0.32,5.0,0.01,0.01,45.005377,1776171743000
1776171745.38,145.38,0.77,5.05,0.76,23.0,0.75,6.0,0.69,5.0,0.68,5.0,0.78,15.0,0.79,15.0,0.8,15.0,0.81,15.0,0.82,15.0,0.22,15.0,0.21,15.0,0.2,15.0,0.19,15.0,0.18,15.0,0.23,5.05,0.24,23.0,0.25,6.0,0.31,5.0,0.32,5.0,0.01,0.01,45.006713,1776171744000
1776171746.324,146.324,0.77,5.05,0.76,23.0,0.75,6.0,0.69,5.0,0.68,5.0,0.78,15.0,0.79,15.0,0.8,15.0,0.81,15.0,0.82,15.0,0.22,15.0,0.21,15.0,0.2,15.0,0.19,15.0,0.18,15.0,0.23,5.05,0.24,23.0,0.25,6.0,0.31,5.0,0.32,5.0,0.01,0.01,45.006425,1776171745000
1776171747.877,147.877,0.77,5.05,0.76,23.0,0.75,6.0,0.69,5.0,0.68,5.0,0.78,15.0,0.79,15.0,0.8,15.0,0.81,15.0,0.82,15.0,0.22,15.0,0.21,15.0,0.2,15.0,0.19,15.0,0.18,15.0,0.23,5.05,0.24,23.0,0.25,6.0,0.31,5.0,0.32,5.0,0.01,0.01,45.006963,1776171746000
1776171748.488,148.488,0.77,5.05,0.76,23.0,0.75,6.0,0.69,5.0,0.68,5.0,0.78,15.0,0.79,15.0,0.8,15.0,0.81,15.0,0.82,15.0,0.22,15.0,0.21,15.0,0.2,15.0,0.19,15.0,0.18,15.0,0.23,5.05,0.24,23.0,0.25,6.0,0.31,5.0,0.32,5.0,0.01,0.01,45.00713,1776171747000
1776171749.014,149.014,0.87,18.0,0.86,5.0,0.84,10.0,0.79,15.0,0.78,15.0,0.88,7.55,0.89,15.0,0.9,15.0,0.91,20.0,0.92,15.0,0.12,7.55,0.11,15.0,0.1,15.0,0.09,20.0,0.08,15.0,0.13,18.0,0.14,5.0,0.16,10.0,0.21,15.0,0.22,15.0,0.01,0.01,45.007204,1776171748000
1776171749.613,149.613,0.87,18.0,0.86,5.0,0.84,10.0,0.8,15.0,0.79,15.0,0.88,6.41,0.89,15.0,0.9,15.0,0.91,20.0,0.92,15.0,0.12,7.55,0.11,15.0,0.1,15.0,0.09,20.0,0.08,15.0,0.13,18.0,0.14,5.0,0.16,10.0,0.21,15.0,0.22,15.0,0.01,0.01,45.007204,1776171748000
1776171750.211,150.211,0.87,18.0,0.86,5.0,0.84,10.0,0.8,15.0,0.79,15.0,0.88,6.41,0.89,15.0,0.9,15.0,0.91,20.0,0.92,15.0,0.12,6.41,0.11,15.0,0.1,15.0,0.09,20.0,0.08,15.0,0.13,18.0,0.14,5.0,0.16,10.0,0.2,15.0,0.21,15.0,0.01,0.01,45.006789,1776171749000
1776171751.176,151.176,0.87,18.0,0.86,5.0,0.84,10.0,0.8,15.0,0.79,15.0,0.88,6.41,0.89,15.0,0.9,15.0,0.91,20.0,0.92,15.0,0.12,6.41,0.11,15.0,0.1,15.0,0.09,20.0,0.08,15.0,0.13,18.0,0.14,5.0,0.16,10.0,0.2,15.0,0.21,15.0,0.01,0.01,45.006812,1776171750000
1776171752.384,152.384,0.87,18.0,0.86,5.0,0.84,10.0,0.8,15.0,0.79,15.0,0.88,6.41,0.89,15.0,0.9,15.0,0.91,20.0,0.92,15.0,0.12,6.41,0.11,15.0,0.1,15.0,0.09,20.0,0.08,15.0,0.13,18.0,0.14,5.0,0.16,10.0,0.2,15.0,0.21,15.0,0.01,0.01,45.00682,1776171751000
1776171752.965,152.965,0.87,18.0,0.86,5.0,0.84,10.0,0.8,15.0,0.79,15.0,0.88,6.41,0.89,15.0,0.9,15.0,0.91,20.0,0.92,15.0,0.12,6.41,0.11,15.0,0.1,15.0,0.09,20.0,0.08,15.0,0.13,18.0,0.14,5.0,0.16,10.0,0.2,15.0,0.21,15.0,0.01,0.01,45.00682,1776171752000
1776171754.046,154.046,0.87,18.0,0.86,5.0,0.84,10.0,0.8,15.0,0.79,15.0,0.88,6.41,0.89,15.0,0.9,15.0,0.91,20.0,0.92,15.0,0.12,6.41,0.11,15.0,0.1,15.0,0.09,20.0,0.08,15.0,0.13,18.0,0.14,5.0,0.16,10.0,0.2,15.0,0.21,15.0,0.01,0.01,45.007654,1776171753000
1776171755.149,155.149,0.87,18.0,0.86,5.0,0.84,10.0,0.8,15.0,0.79,15.0,0.88,6.41,0.89,15.0,0.9,15.0,0.91,20.0,0.92,15.0,0.12,6.41,0.11,15.0,0.1,15.0,0.09,20.0,0.08,15.0,0.13,18.0,0.14,5.0,0.16,10.0,0.2,15.0,0.21,15.0,0.01,0.01,45.007654,1776171754000
1776171755.413,155.413,0.87,18.0,0.85,10.0,0.84,5.0,0.81,15.0,0.8,15.0,0.89,7.37,0.9,15.0,0.91,15.0,0.92,15.0,0.93,15.0,0.12,6.41,0.11,15.0,0.1,15.0,0.09,20.0,0.08,15.0,0.13,18.0,0.14,5.0,0.16,10.0,0.2,15.0,0.21,15.0,0.02,0.01,45.007654,1776171754000
1776171756.16,156.16,0.87,18.0,0.85,10.0,0.84,5.0,0.81,15.0,0.8,15.0,0.89,7.37,0.9,15.0,0.91,15.0,0.92,15.0,0.93,15.0,0.11,7.37,0.1,15.0,0.09,15.0,0.08,15.0,0.07,15.0,0.13,18.0,0.15,10.0,0.16,5.0,0.19,15.0,0.2,15.0,0.02,0.02,45.008116,1776171755000
1776171757.282,157.282,0.87,18.0,0.85,10.0,0.84,5.0,0.81,15.0,0.8,15.0,0.89,7.37,0.9,15.0,0.91,15.0,0.92,15.0,0.93,15.0,0.11,7.37,0.1,15.0,0.09,15.0,0.08,15.0,0.07,15.0,0.13,18.0,0.15,10.0,0.16,5.0,0.19,15.0,0.2,15.0,0.02,0.02,45.006471,1776171756000
1776171758.411,158.411,0.87,18.0,0.85,10.0,0.84,5.0,0.81,15.0,0.8,15.0,0.89,7.37,0.9,15.0,0.91,15.0,0.92,15.0,0.93,15.0,0.11,7.37,0.1,15.0,0.09,15.0,0.08,15.0,0.07,15.0,0.13,18.0,0.15,10.0,0.16,5.0,0.19,15.0,0.2,15.0,0.02,0.02,45.008985,1776171757000
1776171759.318,159.318,0.87,18.0,0.85,10.0,0.84,5.0,0.81,15.0,0.8,15.0,0.89,7.37,0.9,15.0,0.91,15.0,0.92,15.0,0.93,15.0,0.11,7.37,0.1,15.0,0.09,15.0,0.08,15.0,0.07,15.0,0.13,18.0,0.15,10.0,0.16,5.0,0.19,15.0,0.2,15.0,0.02,0.02,45.009044,1776171758000
1776171760.442,160.442,0.87,18.0,0.85,10.0,0.84,5.0,0.81,15.0,0.8,15.0,0.89,7.37,0.9,15.0,0.91,15.0,0.92,15.0,0.93,15.0,0.11,7.37,0.1,15.0,0.09,15.0,0.08,15.0,0.07,15.0,0.13,18.0,0.15,10.0,0.16,5.0,0.19,15.0,0.2,15.0,0.02,0.02,45.009002,1776171759000
1776171760.976,160.976,0.87,18.0,0.85,10.0,0.84,5.0,0.81,15.0,0.8,15.0,0.89,7.37,0.9,15.0,0.91,15.0,0.92,15.0,0.93,15.0,0.11,7.37,0.1,15.0,0.09,15.0,0.08,15.0,0.07,15.0,0.13,18.0,0.15,10.0,0.16,5.0,0.19,15.0,0.2,15.0,0.02,0.02,45.007928,1776171760000
1776171761.253,161.253,0.83,6.0,0.81,10.0,0.74,15.0,0.73,15.0,0.72,15.0,0.86,15.0,0.87,15.0,0.88,15.0,0.89,15.0,0.9,15.0,0.11,7.37,0.1,15.0,0.09,15.0,0.08,15.0,0.07,15.0,0.13,18.0,0.15,10.0,0.16,5.0,0.19,15.0,0.2,15.0,0.03,0.02,45.007928,1776171760000
1776171762.252,162.252,0.83,6.0,0.81,10.0,0.74,15.0,0.73,15.0,0.72,15.0,0.86,15.0,0.87,15.0,0.88,15.0,0.89,15.0,0.9,15.0,0.14,15.0,0.13,15.0,0.12,15.0,0.11,15.0,0.1,15.0,0.17,6.0,0.19,10.0,0.26,15.0,0.27,15.0,0.28,15.0,0.03,0.03,45.00137,1776171761000
1776171763.323,163.323,0.83,6.0,0.81,10.0,0.74,15.0,0.73,15.0,0.72,15.0,0.86,15.0,0.87,15.0,0.88,15.0,0.89,15.0,0.9,15.0,0.14,15.0,0.13,15.0,0.12,15.0,0.11,15.0,0.1,15.0,0.17,6.0,0.19,10.0,0.26,15.0,0.27,15.0,0.28,15.0,0.03,0.03,45.001154,1776171762000
1776171763.594,163.594,0.83,6.0,0.81,10.0,0.75,15.0,0.74,15.0,0.73,15.0,0.85,15.0,0.86,15.0,0.87,15.0,0.88,15.0,0.89,15.0,0.14,15.0,0.13,15.0,0.12,15.0,0.11,15.0,0.1,15.0,0.17,6.0,0.19,10.0,0.26,15.0,0.27,15.0,0.28,15.0,0.02,0.03,45.001154,1776171762000
1776171763.913,163.913,0.83,6.0,0.81,10.0,0.75,15.0,0.74,15.0,0.73,15.0,0.85,15.0,0.86,15.0,0.87,15.0,0.88,15.0,0.89,15.0,0.15,15.0,0.14,15.0,0.13,15.0,0.12,15.0,0.11,15.0,0.17,6.0,0.19,10.0,0.25,15.0,0.26,15.0,0.27,15.0,0.02,0.02,44.996427,1776171763000
1776171765.02,165.02,0.83,6.0,0.81,10.0,0.75,15.0,0.74,15.0,0.73,15.0,0.85,15.0,0.86,15.0,0.87,15.0,0.88,15.0,0.89,15.0,0.15,15.0,0.14,15.0,0.13,15.0,0.12,15.0,0.11,15.0,0.17,6.0,0.19,10.0,0.25,15.0,0.26,15.0,0.27,15.0,0.02,0.02,44.996248,1776171764000
1776171765.435,165.435,0.8,22.0,0.76,15.0,0.75,15.0,0.74,15.0,0.73,15.0,0.84,4.94,0.85,15.0,0.86,15.0,0.87,15.0,0.88,15.0,0.16,9.94,0.15,15.0,0.14,15.0,0.13,15.0,0.12,15.0,0.2,22.0,0.25,15.0,0.26,15.0,0.27,15.0,0.28,15.0,0.04,0.04,44.996248,1776171764000
1776171766.086,166.086,0.8,22.0,0.76,15.0,0.75,15.0,0.74,15.0,0.73,15.0,0.84,4.94,0.85,15.0,0.86,15.0,0.87,15.0,0.88,15.0,0.16,4.94,0.15,15.0,0.14,15.0,0.13,15.0,0.12,15.0,0.2,22.0,0.24,15.0,0.25,15.0,0.26,15.0,0.27,15.0,0.04,0.04,44.994654,1776171765000
1776171767.198,167.198,0.8,22.0,0.76,15.0,0.75,15.0,0.74,15.0,0.73,15.0,0.84,4.94,0.85,15.0,0.86,15.0,0.87,15.0,0.88,15.0,0.16,4.94,0.15,15.0,0.14,15.0,0.13,15.0,0.12,15.0,0.2,22.0,0.24,15.0,0.25,15.0,0.26,15.0,0.27,15.0,0.04,0.04,44.995063,1776171766000
1776171768.309,168.309,0.8,22.0,0.76,15.0,0.75,15.0,0.74,15.0,0.73,15.0,0.84,4.94,0.85,15.0,0.86,15.0,0.87,15.0,0.88,15.0,0.16,4.94,0.15,15.0,0.14,15.0,0.13,15.0,0.12,15.0,0.2,22.0,0.24,15.0,0.25,15.0,0.26,15.0,0.27,15.0,0.04,0.04,44.991948,1776171767000
1776171769.399,169.399,0.8,22.0,0.76,15.0,0.75,15.0,0.74,15.0,0.73,15.0,0.84,4.94,0.85,15.0,0.86,15.0,0.87,15.0,0.88,15.0,0.16,4.94,0.15,15.0,0.14,15.0,0.13,15.0,0.12,15.0,0.2,22.0,0.24,15.0,0.25,15.0,0.26,15.0,0.27,15.0,0.04,0.04,44.991791,1776171768000
1776171770.022,170.022,0.8,22.0,0.76,15.0,0.75,15.0,0.74,15.0,0.73,15.0,0.84,4.94,0.85,15.0,0.86,15.0,0.87,15.0,0.88,15.0,0.16,4.94,0.15,15.0,0.14,15.0,0.13,15.0,0.12,15.0,0.2,22.0,0.24,15.0,0.25,15.0,0.26,15.0,0.27,15.0,0.04,0.04,44.992097,1776171769000
1776171771.121,171.121,0.8,22.0,0.76,15.0,0.75,15.0,0.74,15.0,0.73,15.0,0.84,4.94,0.85,15.0,0.86,15.0,0.87,15.0,0.88,15.0,0.16,4.94,0.15,15.0,0.14,15.0,0.13,15.0,0.12,15.0,0.2,22.0,0.24,15.0,0.25,15.0,0.26,15.0,0.27,15.0,0.04,0.04,44.991607,1776171770000
1776171772.215,172.215,0.8,22.0,0.76,15.0,0.75,15.0,0.74,15.0,0.73,15.0,0.84,4.94,0.85,15.0,0.86,15.0,0.87,15.0,0.88,15.0,0.16,4.94,0.15,15.0,0.14,15.0,0.13,15.0,0.12,15.0,0.2,22.0,0.24,15.0,0.25,15.0,0.26,15.0,0.27,15.0,0.04,0.04,44.991889,1776171771000
1776171774.118,174.118,0.8,22.0,0.76,15.0,0.75,15.0,0.74,15.0,0.73,15.0,0.84,4.94,0.85,15.0,0.86,15.0,0.87,15.0,0.88,15.0,0.16,4.94,0.15,15.0,0.14,15.0,0.13,15.0,0.12,15.0,0.2,22.0,0.24,15.0,0.25,15.0,0.26,15.0,0.27,15.0,0.04,0.04,44.991242,1776171772000
1776171774.721,174.721,0.8,22.0,0.76,15.0,0.75,15.0,0.74,15.0,0.73,15.0,0.84,4.94,0.85,15.0,0.86,15.0,0.87,15.0,0.88,15.0,0.16,4.94,0.15,15.0,0.14,15.0,0.13,15.0,0.12,15.0,0.2,22.0,0.24,15.0,0.25,15.0,0.26,15.0,0.27,15.0,0.04,0.04,44.993538,1776171773000
1776171775.214,175.214,0.8,22.0,0.76,15.0,0.75,15.0,0.74,15.0,0.73,15.0,0.84,4.94,0.85,15.0,0.86,15.0,0.87,15.0,0.88,15.0,0.16,4.94,0.15,15.0,0.14,15.0,0.13,15.0,0.12,15.0,0.2,22.0,0.24,15.0,0.25,15.0,0.26,15.0,0.27,15.0,0.04,0.04,44.993538,1776171774000
1776171776.315,176.315,0.8,22.0,0.76,15.0,0.75,15.0,0.74,15.0,0.73,15.0,0.84,4.94,0.85,15.0,0.86,15.0,0.87,15.0,0.88,15.0,0.16,4.94,0.15,15.0,0.14,15.0,0.13,15.0,0.12,15.0,0.2,22.0,0.24,15.0,0.25,15.0,0.26,15.0,0.27,15.0,0.04,0.04,44.988492,1776171775000
1776171777.599,177.599,0.8,22.0,0.76,15.0,0.75,15.0,0.74,15.0,0.73,15.0,0.84,4.94,0.85,15.0,0.86,15.0,0.87,15.0,0.88,15.0,0.16,4.94,0.15,15.0,0.14,15.0,0.13,15.0,0.12,15.0,0.2,22.0,0.24,15.0,0.25,15.0,0.26,15.0,0.27,15.0,0.04,0.04,44.988718,1776171776000
1776171778.249,178.249,0.8,22.0,0.76,15.0,0.75,15.0,0.74,15.0,0.73,15.0,0.84,4.94,0.85,15.0,0.86,15.0,0.87,15.0,0.88,15.0,0.16,4.94,0.15,15.0,0.14,15.0,0.13,15.0,0.12,15.0,0.2,22.0,0.24,15.0,0.25,15.0,0.26,15.0,0.27,15.0,0.04,0.04,44.982263,1776171777000
1776171779.236,179.236,0.8,22.0,0.76,15.0,0.75,15.0,0.74,15.0,0.73,15.0,0.84,4.94,0.85,15.0,0.86,15.0,0.87,15.0,0.88,15.0,0.16,4.94,0.15,15.0,0.14,15.0,0.13,15.0,0.12,15.0,0.2,22.0,0.24,15.0,0.25,15.0,0.26,15.0,0.27,15.0,0.04,0.04,44.974305,1776171778000
1776171780.416,180.416,0.8,22.0,0.76,15.0,0.75,15.0,0.74,15.0,0.73,15.0,0.84,4.94,0.85,15.0,0.86,15.0,0.87,15.0,0.88,15.0,0.16,4.94,0.15,15.0,0.14,15.0,0.13,15.0,0.12,15.0,0.2,22.0,0.24,15.0,0.25,15.0,0.26,15.0,0.27,15.0,0.04,0.04,44.975026,1776171779000
1776171780.886,180.886,0.8,22.0,0.76,15.0,0.75,15.0,0.74,15.0,0.73,15.0,0.84,4.94,0.85,15.0,0.86,15.0,0.87,15.0,0.88,15.0,0.16,4.94,0.15,15.0,0.14,15.0,0.13,15.0,0.12,15.0,0.2,22.0,0.24,15.0,0.25,15.0,0.26,15.0,0.27,15.0,0.04,0.04,44.976436,1776171780000
1776171782.106,182.106,0.8,22.0,0.76,15.0,0.75,15.0,0.74,15.0,0.73,15.0,0.84,4.94,0.85,15.0,0.86,15.0,0.87,15.0,0.88,15.0,0.16,4.94,0.15,15.0,0.14,15.0,0.13,15.0,0.12,15.0,0.2,22.0,0.24,15.0,0.25,15.0,0.26,15.0,0.27,15.0,0.04,0.04,44.976216,1776171781000
1776171783.26,183.26,0.8,22.0,0.76,15.0,0.75,15.0,0.74,15.0,0.73,15.0,0.84,4.94,0.85,15.0,0.86,15.0,0.87,15.0,0.88,15.0,0.16,4.94,0.15,15.0,0.14,15.0,0.13,15.0,0.12,15.0,0.2,22.0,0.24,15.0,0.25,15.0,0.26,15.0,0.27,15.0,0.04,0.04,44.973863,1776171782000
1776171784.376,184.376,0.8,22.0,0.76,15.0,0.75,15.0,0.74,15.0,0.73,15.0,0.84,4.94,0.85,15.0,0.86,15.0,0.87,15.0,0.88,15.0,0.16,4.94,0.15,15.0,0.14,15.0,0.13,15.0,0.12,15.0,0.2,22.0,0.24,15.0,0.25,15.0,0.26,15.0,0.27,15.0,0.04,0.04,44.970927,1776171783000
1776171784.989,184.989,0.8,22.0,0.76,15.0,0.75,15.0,0.74,15.0,0.73,15.0,0.84,4.94,0.85,15.0,0.86,15.0,0.87,15.0,0.88,15.0,0.16,4.94,0.15,15.0,0.14,15.0,0.13,15.0,0.12,15.0,0.2,22.0,0.24,15.0,0.25,15.0,0.26,15.0,0.27,15.0,0.04,0.04,44.970485,1776171784000
1776171786.119,186.119,0.7,10.0,0.61,15.0,0.6,15.0,0.59,15.0,0.58,15.0,0.73,13.63,0.74,15.0,0.75,15.0,0.76,15.0,0.77,15.0,0.16,4.94,0.15,15.0,0.14,15.0,0.13,15.0,0.12,15.0,0.2,22.0,0.24,15.0,0.25,15.0,0.26,15.0,0.27,15.0,0.03,0.04,44.970485,1776171784000
1776171787.126,187.126,0.7,10.0,0.61,15.0,0.6,15.0,0.59,15.0,0.58,15.0,0.73,13.63,0.74,15.0,0.75,15.0,0.76,15.0,0.77,15.0,0.27,13.63,0.26,15.0,0.25,15.0,0.24,15.0,0.23,15.0,0.3,10.0,0.39,15.0,0.4,15.0,0.41,15.0,0.42,15.0,0.03,0.03,44.967773,1776171786000
1776171788.98,188.98,0.7,10.0,0.61,15.0,0.6,15.0,0.59,15.0,0.58,15.0,0.73,13.63,0.74,15.0,0.75,15.0,0.76,15.0,0.77,15.0,0.27,13.63,0.26,15.0,0.25,15.0,0.24,15.0,0.23,15.0,0.3,10.0,0.39,15.0,0.4,15.0,0.41,15.0,0.42,15.0,0.03,0.03,44.971578,1776171787000
1776171789.591,189.591,0.7,10.0,0.61,15.0,0.6,15.0,0.59,15.0,0.58,15.0,0.73,13.63,0.74,15.0,0.75,15.0,0.76,15.0,0.77,15.0,0.27,13.63,0.26,15.0,0.25,15.0,0.24,15.0,0.23,15.0,0.3,10.0,0.39,15.0,0.4,15.0,0.41,15.0,0.42,15.0,0.03,0.03,44.971578,1776171788000
1776171790.342,190.342,0.7,10.0,0.61,15.0,0.6,15.0,0.59,15.0,0.58,15.0,0.73,13.63,0.74,15.0,0.75,15.0,0.76,15.0,0.77,15.0,0.27,13.63,0.26,15.0,0.25,15.0,0.24,15.0,0.23,15.0,0.3,10.0,0.39,15.0,0.4,15.0,0.41,15.0,0.42,15.0,0.03,0.03,44.971647,1776171789000
1776171791.449,191.449,0.7,10.0,0.61,15.0,0.6,15.0,0.59,15.0,0.58,15.0,0.73,13.63,0.74,15.0,0.75,15.0,0.76,15.0,0.77,15.0,0.27,13.63,0.26,15.0,0.25,15.0,0.24,15.0,0.23,15.0,0.3,10.0,0.39,15.0,0.4,15.0,0.41,15.0,0.42,15.0,0.03,0.03,44.97263,1776171790000
1776171792.051,192.051,0.7,10.0,0.61,15.0,0.6,15.0,0.59,15.0,0.58,15.0,0.73,13.63,0.74,15.0,0.75,15.0,0.76,15.0,0.77,15.0,0.27,13.63,0.26,15.0,0.25,15.0,0.24,15.0,0.23,15.0,0.3,10.0,0.39,15.0,0.4,15.0,0.41,15.0,0.42,15.0,0.03,0.03,44.971212,1776171791000
1776171793.213,193.213,0.7,10.0,0.61,15.0,0.6,15.0,0.59,15.0,0.58,15.0,0.73,13.63,0.74,15.0,0.75,15.0,0.76,15.0,0.77,15.0,0.27,13.63,0.26,15.0,0.25,15.0,0.24,15.0,0.23,15.0,0.3,10.0,0.39,15.0,0.4,15.0,0.41,15.0,0.42,15.0,0.03,0.03,44.970417,1776171792000
1776171793.639,193.639,0.87,5.0,0.76,48.0,0.69,15.0,0.68,15.0,0.67,15.0,0.91,15.0,0.92,15.0,0.93,29.28,0.94,15.0,0.95,15.0,0.27,13.63,0.26,15.0,0.25,15.0,0.24,15.0,0.23,15.0,0.3,10.0,0.39,15.0,0.4,15.0,0.41,15.0,0.42,15.0,0.04,0.03,44.970417,1776171792000
1776171794.342,194.342,0.87,5.0,0.76,48.0,0.69,15.0,0.68,15.0,0.67,15.0,0.91,15.0,0.92,15.0,0.93,29.28,0.94,15.0,0.95,15.0,0.09,15.0,0.08,15.0,0.07,29.28,0.06,15.0,0.05,15.0,0.13,5.0,0.24,48.0,0.31,15.0,0.32,15.0,0.33,15.0,0.04,0.04,44.970801,1776171793000
1776171794.555,194.555,0.85,13.16,0.83,15.73,0.7,15.0,0.69,15.0,0.68,15.0,0.9,15.0,0.91,15.0,0.92,15.0,0.93,29.28,0.94,15.0,0.09,15.0,0.08,15.0,0.07,29.28,0.06,15.0,0.05,15.0,0.13,5.0,0.24,48.0,0.31,15.0,0.32,15.0,0.33,15.0,0.05,0.04,44.970801,1776171793000
1776171794.957,194.957,0.83,15.73,0.7,15.0,0.69,15.0,0.68,15.0,0.67,15.0,0.85,8.84,0.9,15.0,0.91,15.0,0.92,15.0,0.93,29.28,0.15,8.84,0.1,15.0,0.09,15.0,0.08,15.0,0.07,29.28,0.17,15.73,0.3,15.0,0.31,15.0,0.32,15.0,0.33,15.0,0.02,0.02,44.983181,1776171794000
1776171796.076,196.076,0.83,15.73,0.7,15.0,0.69,15.0,0.68,15.0,0.67,15.0,0.85,8.84,0.9,15.0,0.91,15.0,0.92,15.0,0.93,29.28,0.15,8.84,0.1,15.0,0.09,15.0,0.08,15.0,0.07,29.28,0.17,15.73,0.3,15.0,0.31,15.0,0.32,15.0,0.33,15.0,0.02,0.02,44.99433,1776171795000
1776171797.325,197.325,0.83,15.73,0.7,15.0,0.69,15.0,0.68,15.0,0.67,15.0,0.85,8.84,0.9,15.0,0.91,15.0,0.92,15.0,0.93,29.28,0.15,8.84,0.1,15.0,0.09,15.0,0.08,15.0,0.07,29.28,0.17,15.73,0.3,15.0,0.31,15.0,0.32,15.0,0.33,15.0,0.02,0.02,44.992463,1776171796000
1776171797.945,197.945,0.83,15.73,0.7,15.0,0.69,15.0,0.68,15.0,0.67,15.0,0.85,8.84,0.9,15.0,0.91,15.0,0.92,15.0,0.93,29.28,0.15,8.84,0.1,15.0,0.09,15.0,0.08,15.0,0.07,29.28,0.17,15.73,0.3,15.0,0.31,15.0,0.32,15.0,0.33,15.0,0.02,0.02,44.992463,1776171797000
1776171799.054,199.054,0.83,15.73,0.7,15.0,0.69,15.0,0.68,15.0,0.67,15.0,0.85,8.84,0.9,15.0,0.91,15.0,0.92,15.0,0.93,29.28,0.15,8.84,0.1,15.0,0.09,15.0,0.08,15.0,0.07,29.28,0.17,15.73,0.3,15.0,0.31,15.0,0.32,15.0,0.33,15.0,0.02,0.02,44.994634,1776171798000
1776171800.158,200.158,0.83,15.73,0.7,15.0,0.69,15.0,0.68,15.0,0.67,15.0,0.85,8.84,0.9,15.0,0.91,15.0,0.92,15.0,0.93,29.28,0.15,8.84,0.1,15.0,0.09,15.0,0.08,15.0,0.07,29.28,0.17,15.73,0.3,15.0,0.31,15.0,0.32,15.0,0.33,15.0,0.02,0.02,44.994672,1776171799000
1776171801.314,201.314,0.83,15.73,0.7,15.0,0.69,15.0,0.68,15.0,0.67,15.0,0.85,8.84,0.9,15.0,0.91,15.0,0.92,15.0,0.93,29.28,0.15,8.84,0.1,15.0,0.09,15.0,0.08,15.0,0.07,29.28,0.17,15.73,0.3,15.0,0.31,15.0,0.32,15.0,0.33,15.0,0.02,0.02,44.99557,1776171800000
1776171801.864,201.864,0.83,15.73,0.7,15.0,0.69,15.0,0.68,15.0,0.67,15.0,0.85,8.84,0.9,15.0,0.91,15.0,0.92,15.0,0.93,29.28,0.15,8.84,0.1,15.0,0.09,15.0,0.08,15.0,0.07,29.28,0.17,15.73,0.3,15.0,0.31,15.0,0.32,15.0,0.33,15.0,0.02,0.02,44.99557,1776171801000
1776171802.95,202.95,0.83,15.73,0.7,15.0,0.69,15.0,0.68,15.0,0.67,15.0,0.85,8.84,0.9,15.0,0.91,15.0,0.92,15.0,0.93,29.28,0.15,8.84,0.1,15.0,0.09,15.0,0.08,15.0,0.07,29.28,0.17,15.73,0.3,15.0,0.31,15.0,0.32,15.0,0.33,15.0,0.02,0.02,44.99557,1776171802000
1776171804.071,204.071,0.83,15.73,0.7,15.0,0.69,15.0,0.68,15.0,0.67,15.0,0.85,8.84,0.9,15.0,0.91,15.0,0.92,15.0,0.93,29.28,0.15,8.84,0.1,15.0,0.09,15.0,0.08,15.0,0.07,29.28,0.17,15.73,0.3,15.0,0.31,15.0,0.32,15.0,0.33,15.0,0.02,0.02,44.99557,1776171803000
1776171804.96,204.96,0.83,15.73,0.7,15.0,0.69,15.0,0.68,15.0,0.67,15.0,0.85,8.84,0.9,15.0,0.91,15.0,0.92,15.0,0.93,29.28,0.15,8.84,0.1,15.0,0.09,15.0,0.08,15.0,0.07,29.28,0.17,15.73,0.3,15.0,0.31,15.0,0.32,15.0,0.33,15.0,0.02,0.02,44.99416,1776171804000
1776171805.291,205.291,0.84,5.0,0.83,15.0,0.82,29.0,0.81,15.0,0.8,15.0,0.91,15.0,0.92,15.0,0.93,29.28,0.94,15.0,0.95,15.0,0.15,8.84,0.1,15.0,0.09,15.0,0.08,15.0,0.07,29.28,0.17,15.73,0.3,15.0,0.31,15.0,0.32,15.0,0.33,15.0,0.07,0.02,44.99416,1776171804000
1776171806.107,206.107,0.84,5.0,0.83,15.0,0.82,29.0,0.81,15.0,0.8,15.0,0.91,15.0,0.92,15.0,0.93,29.28,0.94,15.0,0.95,15.0,0.09,15.0,0.08,15.0,0.07,29.28,0.06,15.0,0.05,15.0,0.16,5.0,0.17,15.0,0.18,29.0,0.19,15.0,0.2,15.0,0.07,0.07,44.99416,1776171805000
1776171807.102,207.102,0.84,5.0,0.83,15.0,0.82,29.0,0.81,15.0,0.8,15.0,0.91,15.0,0.92,15.0,0.93,29.28,0.94,15.0,0.95,15.0,0.09,15.0,0.08,15.0,0.07,29.28,0.06,15.0,0.05,15.0,0.16,5.0,0.17,15.0,0.18,29.0,0.19,15.0,0.2,15.0,0.07,0.07,44.99536,1776171806000
1776171808.02,208.02,0.84,5.0,0.83,15.0,0.82,29.0,0.81,15.0,0.8,15.0,0.91,15.0,0.92,15.0,0.93,29.28,0.94,15.0,0.95,15.0,0.09,15.0,0.08,15.0,0.07,29.28,0.06,15.0,0.05,15.0,0.16,5.0,0.17,15.0,0.18,29.0,0.19,15.0,0.2,15.0,0.07,0.07,44.996234,1776171807000
1776171809.062,209.062,0.84,5.0,0.83,15.0,0.82,29.0,0.81,15.0,0.8,15.0,0.91,15.0,0.92,15.0,0.93,29.28,0.94,15.0,0.95,15.0,0.09,15.0,0.08,15.0,0.07,29.28,0.06,15.0,0.05,15.0,0.16,5.0,0.17,15.0,0.18,29.0,0.19,15.0,0.2,15.0,0.07,0.07,44.996687,1776171808000
1776171810.03,210.03,0.84,5.0,0.83,15.0,0.82,29.0,0.81,15.0,0.8,15.0,0.91,15.0,0.92,15.0,0.93,29.28,0.94,15.0,0.95,15.0,0.09,15.0,0.08,15.0,0.07,29.28,0.06,15.0,0.05,15.0,0.16,5.0,0.17,15.0,0.18,29.0,0.19,15.0,0.2,15.0,0.07,0.07,44.997725,1776171809000
1776171810.961,210.961,0.84,5.0,0.83,15.0,0.82,29.0,0.81,15.0,0.8,15.0,0.91,15.0,0.92,15.0,0.93,29.28,0.94,15.0,0.95,15.0,0.09,15.0,0.08,15.0,0.07,29.28,0.06,15.0,0.05,15.0,0.16,5.0,0.17,15.0,0.18,29.0,0.19,15.0,0.2,15.0,0.07,0.07,44.999465,1776171810000
1776171811.176,211.176,0.87,7.0,0.85,20.0,0.84,15.0,0.83,15.0,0.82,15.0,0.92,9.95,0.93,29.28,0.94,15.0,0.95,15.0,0.96,20.0,0.09,15.0,0.08,15.0,0.07,29.28,0.06,15.0,0.05,15.0,0.16,5.0,0.17,15.0,0.18,29.0,0.19,15.0,0.2,15.0,0.05,0.07,44.999465,1776171810000
1776171811.988,211.988,0.87,7.0,0.85,20.0,0.84,15.0,0.83,15.0,0.82,15.0,0.92,4.9,0.93,29.28,0.94,15.0,0.95,15.0,0.96,20.0,0.08,4.9,0.07,29.28,0.06,15.0,0.05,15.0,0.04,20.0,0.13,7.0,0.15,20.0,0.16,15.0,0.17,15.0,0.18,15.0,0.05,0.05,44.999887,1776171811000
1776171813.077,213.077,0.87,7.0,0.85,20.0,0.84,15.0,0.83,15.0,0.82,15.0,0.92,4.9,0.93,29.28,0.94,15.0,0.95,15.0,0.96,20.0,0.08,4.9,0.07,29.28,0.06,15.0,0.05,15.0,0.04,20.0,0.13,7.0,0.15,20.0,0.16,15.0,0.17,15.0,0.18,15.0,0.05,0.05,44.999944,1776171812000
1776171813.926,213.926,0.87,7.0,0.85,20.0,0.84,15.0,0.83,15.0,0.82,15.0,0.92,4.9,0.93,29.28,0.94,15.0,0.95,15.0,0.96,20.0,0.08,4.9,0.07,29.28,0.06,15.0,0.05,15.0,0.04,20.0,0.13,7.0,0.15,20.0,0.16,15.0,0.17,15.0,0.18,15.0,0.05,0.05,45.000095,1776171813000
1776171814.896,214.896,0.87,7.0,0.85,20.0,0.84,15.0,0.83,15.0,0.82,15.0,0.92,4.9,0.93,29.28,0.94,15.0,0.95,15.0,0.96,20.0,0.08,4.9,0.07,29.28,0.06,15.0,0.05,15.0,0.04,20.0,0.13,7.0,0.15,20.0,0.16,15.0,0.17,15.0,0.18,15.0,0.05,0.05,45.000262,1776171814000
1776171815.861,215.861,0.87,7.0,0.85,20.0,0.84,15.0,0.83,15.0,0.82,15.0,0.92,4.9,0.93,29.28,0.94,15.0,0.95,15.0,0.96,20.0,0.08,4.9,0.07,29.28,0.06,15.0,0.05,15.0,0.04,20.0,0.13,7.0,0.15,20.0,0.16,15.0,0.17,15.0,0.18,15.0,0.05,0.05,45.000151,1776171815000
1776171816.378,216.378,0.9,5.05,0.87,5.0,0.86,15.0,0.85,15.0,0.84,15.0,0.92,1.63,0.93,29.28,0.94,15.0,0.95,15.0,0.96,20.0,0.08,4.9,0.07,29.28,0.06,15.0,0.05,15.0,0.04,20.0,0.13,7.0,0.15,20.0,0.16,15.0,0.17,15.0,0.18,15.0,0.02,0.05,45.000151,1776171815000
1776171817.393,217.393,0.9,5.05,0.87,5.0,0.86,15.0,0.85,15.0,0.84,15.0,0.92,1.63,0.93,29.28,0.94,15.0,0.95,15.0,0.96,20.0,0.08,1.63,0.07,29.28,0.06,15.0,0.05,15.0,0.04,20.0,0.1,5.05,0.13,5.0,0.14,15.0,0.15,15.0,0.16,15.0,0.02,0.02,44.999944,1776171816000
1776171817.919,217.919,0.9,5.05,0.87,5.0,0.86,15.0,0.85,15.0,0.84,15.0,0.92,1.63,0.93,29.28,0.94,15.0,0.95,15.0,0.96,20.0,0.08,1.63,0.07,29.28,0.06,15.0,0.05,15.0,0.04,20.0,0.1,5.05,0.13,5.0,0.14,15.0,0.15,15.0,0.16,15.0,0.02,0.02,45.000601,1776171817000
1776171818.474,218.474,0.9,14.05,0.89,30.0,0.88,15.0,0.87,20.0,0.86,15.0,0.93,13.2,0.95,15.0,0.96,20.0,0.97,15.0,0.98,25.0,0.08,1.63,0.07,29.28,0.06,15.0,0.05,15.0,0.04,20.0,0.1,5.05,0.13,5.0,0.14,15.0,0.15,15.0,0.16,15.0,0.03,0.02,45.000601,1776171817000
1776171819.057,219.057,0.9,14.05,0.89,30.0,0.88,15.0,0.87,20.0,0.86,15.0,0.93,13.2,0.95,15.0,0.96,20.0,0.97,15.0,0.98,25.0,0.07,13.2,0.05,15.0,0.04,20.0,0.03,15.0,0.02,25.0,0.1,14.05,0.11,30.0,0.12,15.0,0.13,20.0,0.14,15.0,0.03,0.03,45.004399,1776171818000
1776171819.438,219.438,0.91,22.0,0.9,20.05,0.89,30.0,0.88,15.0,0.87,20.0,0.93,12.12,0.96,20.0,0.97,15.0,0.98,25.0,0.99,341.0,0.07,13.2,0.05,15.0,0.04,20.0,0.03,15.0,0.02,25.0,0.1,14.05,0.11,30.0,0.12,15.0,0.13,20.0,0.14,15.0,0.02,0.03,45.004399,1776171818000
1776171820.088,220.088,0.91,22.0,0.9,20.05,0.89,30.0,0.88,15.0,0.87,20.0,0.93,12.12,0.96,20.0,0.97,15.0,0.98,25.0,0.99,341.0,0.07,12.12,0.04,20.0,0.03,15.0,0.02,25.0,0.01,341.0,0.09,22.0,0.1,20.05,0.11,30.0,0.12,15.0,0.13,20.0,0.02,0.02,45.008262,1776171819000
1776171821.106,221.106,0.91,22.0,0.9,20.05,0.89,30.0,0.88,15.0,0.87,20.0,0.93,12.12,0.96,20.0,0.97,15.0,0.98,25.0,0.99,341.0,0.07,12.12,0.04,20.0,0.03,15.0,0.02,25.0,0.01,341.0,0.09,22.0,0.1,20.05,0.11,30.0,0.12,15.0,0.13,20.0,0.02,0.02,45.009267,1776171820000
1776171822.129,222.129,0.91,22.0,0.9,20.05,0.89,30.0,0.88,15.0,0.87,20.0,0.93,12.12,0.96,20.0,0.97,15.0,0.98,25.0,0.99,341.0,0.07,12.12,0.04,20.0,0.03,15.0,0.02,25.0,0.01,341.0,0.09,22.0,0.1,20.05,0.11,30.0,0.12,15.0,0.13,20.0,0.02,0.02,45.012155,1776171821000
1776171823.112,223.112,0.91,22.0,0.9,20.05,0.89,30.0,0.88,15.0,0.87,20.0,0.93,12.12,0.96,20.0,0.97,15.0,0.98,25.0,0.99,341.0,0.07,12.12,0.04,20.0,0.03,15.0,0.02,25.0,0.01,341.0,0.09,22.0,0.1,20.05,0.11,30.0,0.12,15.0,0.13,20.0,0.02,0.02,45.01626,1776171822000
1776171823.366,223.366,0.95,37.88,0.92,15.0,0.91,22.0,0.9,20.05,0.89,30.0,0.96,5.0,0.98,25.0,0.99,241.0,,,,,0.07,12.12,0.04,20.0,0.03,15.0,0.02,25.0,0.01,341.0,0.09,22.0,0.1,20.05,0.11,30.0,0.12,15.0,0.13,20.0,0.01,0.02,45.01626,1776171822000
1776171824.006,224.006,0.95,37.88,0.93,15.0,0.92,15.0,0.91,22.0,0.9,20.05,0.96,3.95,0.98,25.0,0.99,241.0,,,,,0.04,5.0,0.02,25.0,0.01,241.0,,,,,0.05,37.88,0.08,15.0,0.09,22.0,0.1,20.05,0.11,30.0,0.01,0.01,45.01626,1776171822000
1776171825.23,225.23,0.95,37.88,0.93,15.0,0.92,15.0,0.91,22.0,0.9,20.05,0.96,3.95,0.98,25.0,0.99,241.0,,,,,0.04,3.95,0.02,25.0,0.01,241.0,,,,,0.05,37.88,0.07,15.0,0.08,15.0,0.09,22.0,0.1,20.05,0.01,0.01,45.021851,1776171824000
1776171826.193,226.193,0.95,57.88,0.94,15.0,0.93,15.0,0.92,15.0,0.91,22.0,0.99,239.95,,,,,,,,,0.04,3.95,0.02,25.0,0.01,241.0,,,,,0.05,37.88,0.07,15.0,0.08,15.0,0.09,22.0,0.1,20.05,0.04,0.01,45.021851,1776171824000
1776171827.359,227.359,0.95,57.88,0.94,15.0,0.93,15.0,0.92,15.0,0.91,22.0,0.99,239.95,,,,,,,,,0.01,239.95,,,,,,,,,0.05,57.88,0.06,15.0,0.07,15.0,0.08,15.0,0.09,22.0,0.04,0.04,45.028157,1776171826000
1776171827.64,227.64,0.96,20.0,0.95,57.88,0.94,15.0,0.93,15.0,0.92,15.0,0.98,12.96,0.99,239.95,,,,,,,0.01,239.95,,,,,,,,,0.05,57.88,0.06,15.0,0.07,15.0,0.08,15.0,0.09,22.0,0.02,0.04,45.028157,1776171826000
1776171827.869,227.869,0.96,20.0,0.95,57.88,0.94,15.0,0.93,15.0,0.92,15.0,0.98,11.93,0.99,239.95,,,,,,,0.02,11.93,0.01,239.95,,,,,,,0.04,20.0,0.05,57.88,0.06,15.0,0.07,15.0,0.08,15.0,0.02,0.02,45.026351,1776171827000
1776171828.183,228.183,0.96,20.0,0.95,57.88,0.94,15.0,0.93,15.0,0.92,15.0,0.98,7.81,0.99,239.95,,,,,,,0.02,8.84,0.01,239.95,,,,,,,0.04,20.0,0.05,57.88,0.06,15.0,0.07,15.0,0.08,15.0,0.02,0.02,45.026351,1776171827000
1776171828.861,228.861,0.96,20.0,0.95,57.88,0.94,15.0,0.93,15.0,0.92,15.0,0.98,7.81,0.99,239.95,,,,,,,0.02,7.81,0.01,239.95,,,,,,,0.04,20.0,0.05,57.88,0.06,15.0,0.07,15.0,0.08,15.0,0.02,0.02,45.027282,1776171828000
1776171830.63,230.63,0.96,20.0,0.95,57.88,0.94,15.0,0.93,15.0,0.92,15.0,0.98,7.81,0.99,239.95,,,,,,,0.02,7.81,0.01,239.95,,,,,,,0.04,20.0,0.05,57.88,0.06,15.0,0.07,15.0,0.08,15.0,0.02,0.02,45.029596,1776171829000
1776171831.445,231.445,0.96,20.0,0.95,57.88,0.94,15.0,0.93,15.0,0.92,15.0,0.98,7.81,0.99,239.95,,,,,,,0.02,7.81,0.01,239.95,,,,,,,0.04,20.0,0.05,57.88,0.06,15.0,0.07,15.0,0.08,15.0,0.02,0.02,45.031205,1776171830000
1776171832.151,232.151,0.96,20.0,0.95,57.88,0.94,15.0,0.93,15.0,0.92,15.0,0.98,7.81,0.99,239.95,,,,,,,0.02,7.81,0.01,239.95,,,,,,,0.04,20.0,0.05,57.88,0.06,15.0,0.07,15.0,0.08,15.0,0.02,0.02,45.030419,1776171831000
1776171833.116,233.116,0.97,5.0,0.96,20.0,0.95,57.88,0.94,15.0,0.93,15.0,0.98,13.97,0.99,239.95,,,,,,,0.02,7.81,0.01,239.95,,,,,,,0.04,20.0,0.05,57.88,0.06,15.0,0.07,15.0,0.08,15.0,0.01,0.02,45.030419,1776171831000
1776171833.519,233.519,0.97,5.0,0.96,20.0,0.95,57.88,0.94,15.0,0.93,15.0,0.98,7.84,0.99,239.95,,,,,,,0.02,12.94,0.01,239.95,,,,,,,0.03,5.0,0.04,20.0,0.05,57.88,0.06,15.0,0.07,15.0,0.01,0.01,45.030419,1776171831000
1776171833.758,233.758,0.97,5.0,0.96,20.0,0.95,57.88,0.94,15.0,0.93,15.0,0.98,2.74,0.99,239.95,,,,,,,0.02,2.74,0.01,239.95,,,,,,,0.03,5.0,0.04,20.0,0.05,57.88,0.06,15.0,0.07,15.0,0.01,0.01,45.03185,1776171832000
1776171834.286,234.286,0.97,5.0,0.96,20.0,0.95,57.88,0.94,15.0,0.93,15.0,0.98,1.71,0.99,239.95,,,,,,,0.02,2.74,0.01,239.95,,,,,,,0.03,5.0,0.04,20.0,0.05,57.88,0.06,15.0,0.07,15.0,0.01,0.01,45.03185,1776171832000
1776171835.123,235.123,0.97,5.0,0.96,20.0,0.95,57.88,0.94,15.0,0.93,15.0,0.98,1.71,0.99,239.95,,,,,,,0.02,1.71,0.01,239.95,,,,,,,0.03,5.0,0.04,20.0,0.05,57.88,0.06,15.0,0.07,15.0,0.01,0.01,45.029795,1776171834000
1776171836.493,236.493,0.97,5.0,0.96,20.0,0.95,57.88,0.94,15.0,0.93,15.0,0.98,1.71,0.99,239.95,,,,,,,0.02,1.71,0.01,239.95,,,,,,,0.03,5.0,0.04,20.0,0.05,57.88,0.06,15.0,0.07,15.0,0.01,0.01,45.029479,1776171835000
1776171837.185,237.185,0.97,5.0,0.96,20.0,0.95,57.88,0.94,15.0,0.93,15.0,0.98,1.71,0.99,239.95,,,,,,,0.02,1.71,0.01,239.95,,,,,,,0.03,5.0,0.04,20.0,0.05,57.88,0.06,15.0,0.07,15.0,0.01,0.01,45.031873,1776171836000
1776171837.94,237.94,0.97,20.0,0.96,20.0,0.95,57.88,0.94,15.0,0.93,15.0,0.99,239.99,,,,,,,,,0.02,1.71,0.01,239.95,,,,,,,0.03,5.0,0.04,20.0,0.05,57.88,0.06,15.0,0.07,15.0,0.02,0.01,45.031873,1776171836000
1776171838.611,238.611,0.97,20.0,0.96,20.0,0.95,57.88,0.94,15.0,0.93,15.0,0.99,239.99,,,,,,,,,0.01,239.99,,,,,,,,,0.03,20.0,0.04,20.0,0.05,57.88,0.06,15.0,0.07,15.0,0.02,0.02,45.029731,1776171837000
1776171839.313,239.313,0.97,20.0,0.96,20.0,0.95,57.88,0.94,15.0,0.93,15.0,0.99,239.99,,,,,,,,,0.01,239.99,,,,,,,,,0.03,20.0,0.04,20.0,0.05,57.88,0.06,15.0,0.07,15.0,0.02,0.02,45.028577,1776171838000
1776171840.097,240.097,0.97,20.0,0.96,20.0,0.95,57.88,0.94,15.0,0.93,15.0,0.99,239.99,,,,,,,,,0.01,239.99,,,,,,,,,0.03,20.0,0.04,20.0,0.05,57.88,0.06,15.0,0.07,15.0,0.02,0.02,45.028744,1776171839000
1776171841.531,241.531,0.97,20.0,0.96,20.0,0.95,57.88,0.94,15.0,0.93,15.0,0.99,239.99,,,,,,,,,0.01,239.99,,,,,,,,,0.03,20.0,0.04,20.0,0.05,57.88,0.06,15.0,0.07,15.0,0.02,0.02,45.029767,1776171840000
1776171842.388,242.388,0.97,20.0,0.96,20.0,0.95,57.88,0.94,15.0,0.93,15.0,0.99,239.99,,,,,,,,,0.01,239.99,,,,,,,,,0.03,20.0,0.04,20.0,0.05,57.88,0.06,15.0,0.07,15.0,0.02,0.02,45.02943,1776171841000
1776171843.105,243.105,0.97,20.0,0.96,20.0,0.95,57.88,0.94,15.0,0.93,15.0,0.99,239.99,,,,,,,,,0.01,239.99,,,,,,,,,0.03,20.0,0.04,20.0,0.05,57.88,0.06,15.0,0.07,15.0,0.02,0.02,45.027776,1776171842000
1776171844.829,244.829,0.97,20.0,0.96,20.0,0.95,57.88,0.94,15.0,0.93,15.0,0.99,239.99,,,,,,,,,0.01,239.99,,,,,,,,,0.03,20.0,0.04,20.0,0.05,57.88,0.06,15.0,0.07,15.0,0.02,0.02,45.034403,1776171843000
1776171845.588,245.588,0.97,20.0,0.96,20.0,0.95,57.88,0.94,15.0,0.93,15.0,0.99,239.99,,,,,,,,,0.01,239.99,,,,,,,,,0.03,20.0,0.04,20.0,0.05,57.88,0.06,15.0,0.07,15.0,0.02,0.02,45.024098,1776171844000
1776171845.996,245.996,0.98,20.0,0.97,20.0,0.96,20.0,0.95,57.88,0.94,15.0,0.99,204.78,,,,,,,,,0.01,239.99,,,,,,,,,0.03,20.0,0.04,20.0,0.05,57.88,0.06,15.0,0.07,15.0,0.01,0.02,45.024098,1776171844000
1776171846.395,246.395,0.98,20.0,0.97,20.0,0.96,20.0,0.95,57.88,0.94,15.0,0.99,204.78,,,,,,,,,0.01,204.78,,,,,,,,,0.02,20.0,0.03,20.0,0.04,20.0,0.05,57.88,0.06,15.0,0.01,0.01,45.024191,1776171845000
1776171847.127,247.127,0.98,20.0,0.97,20.0,0.96,20.0,0.95,57.88,0.94,15.0,0.99,184.78,,,,,,,,,0.01,184.78,,,,,,,,,0.02,20.0,0.03,20.0,0.04,20.0,0.05,57.88,0.06,15.0,0.01,0.01,45.026202,1776171846000
1776171848.648,248.648,0.98,20.0,0.97,20.0,0.96,20.0,0.95,57.88,0.94,15.0,0.99,184.78,,,,,,,,,0.01,184.78,,,,,,,,,0.02,20.0,0.03,20.0,0.04,20.0,0.05,57.88,0.06,15.0,0.01,0.01,45.026334,1776171847000
1776171849.523,249.523,0.98,20.0,0.97,20.0,0.96,20.0,0.95,57.88,0.94,15.0,0.99,174.78,,,,,,,,,0.01,184.78,,,,,,,,,0.02,20.0,0.03,20.0,0.04,20.0,0.05,57.88,0.06,15.0,0.01,0.01,45.026334,1776171847000
1776171849.761,249.761,0.98,20.0,0.97,20.0,0.96,20.0,0.95,57.88,0.94,15.0,0.99,174.78,,,,,,,,,0.01,174.78,,,,,,,,,0.02,20.0,0.03,20.0,0.04,20.0,0.05,57.88,0.06,15.0,0.01,0.01,45.026989,1776171848000
1776171850.439,250.439,0.98,5.0,0.97,20.0,0.96,20.0,0.95,57.88,0.94,15.0,0.99,169.78,,,,,,,,,0.01,174.78,,,,,,,,,0.02,20.0,0.03,20.0,0.04,20.0,0.05,57.88,0.06,15.0,0.01,0.01,45.026989,1776171848000
1776171850.798,250.798,0.98,5.0,0.97,20.0,0.96,20.0,0.95,57.88,0.94,15.0,0.99,169.78,,,,,,,,,0.01,169.78,,,,,,,,,0.02,5.0,0.03,20.0,0.04,20.0,0.05,57.88,0.06,15.0,0.01,0.01,45.026989,1776171849000
1776171851.121,251.121,0.98,5.0,0.97,20.0,0.96,20.0,0.95,57.88,0.94,15.0,0.99,159.67,,,,,,,,,0.01,169.78,,,,,,,,,0.02,5.0,0.03,20.0,0.04,20.0,0.05,57.88,0.06,15.0,0.01,0.01,45.026989,1776171849000
1776171851.529,251.529,0.98,5.0,0.97,20.0,0.96,20.0,0.95,57.88,0.94,15.0,0.99,159.67,,,,,,,,,0.01,159.67,,,,,,,,,0.02,5.0,0.03,20.0,0.04,20.0,0.05,57.88,0.06,15.0,0.01,0.01,45.02532,1776171850000
1776171852.102,252.102,0.98,5.0,0.97,20.0,0.96,20.0,0.95,57.88,0.94,15.0,0.99,159.67,,,,,,,,,0.01,159.67,,,,,,,,,0.02,5.0,0.03,20.0,0.04,20.0,0.05,57.88,0.06,15.0,0.01,0.01,45.024847,1776171851000
1776171853.025,253.025,0.98,5.0,0.97,20.0,0.96,20.0,0.95,57.88,0.94,15.0,0.99,149.67,,,,,,,,,0.01,159.67,,,,,,,,,0.02,5.0,0.03,20.0,0.04,20.0,0.05,57.88,0.06,15.0,0.01,0.01,45.024847,1776171851000
1776171853.405,253.405,0.98,5.0,0.97,20.0,0.96,20.0,0.95,57.88,0.94,15.0,0.99,149.67,,,,,,,,,0.01,149.67,,,,,,,,,0.02,5.0,0.03,20.0,0.04,20.0,0.05,57.88,0.06,15.0,0.01,0.01,45.019747,1776171852000
1776171853.968,253.968,0.98,5.0,0.97,20.0,0.96,20.0,0.95,57.88,0.94,15.0,0.99,149.67,,,,,,,,,0.01,149.67,,,,,,,,,0.02,5.0,0.03,20.0,0.04,20.0,0.05,57.88,0.06,15.0,0.01,0.01,45.017439,1776171853000
1776171855.188,255.188,0.98,5.0,0.97,20.0,0.96,20.0,0.95,57.88,0.94,15.0,0.99,149.67,,,,,,,,,0.01,149.67,,,,,,,,,0.02,5.0,0.03,20.0,0.04,20.0,0.05,57.88,0.06,15.0,0.01,0.01,45.018335,1776171854000
1776171856.46,256.46,0.98,5.0,0.97,20.0,0.96,20.0,0.95,57.88,0.94,15.0,0.99,149.67,,,,,,,,,0.01,149.67,,,,,,,,,0.02,5.0,0.03,20.0,0.04,20.0,0.05,57.88,0.06,15.0,0.01,0.01,45.019706,1776171855000
1776171857.062,257.062,0.98,5.0,0.97,20.0,0.96,20.0,0.95,57.88,0.94,15.0,0.99,149.67,,,,,,,,,0.01,149.67,,,,,,,,,0.02,5.0,0.03,20.0,0.04,20.0,0.05,57.88,0.06,15.0,0.01,0.01,45.021464,1776171856000
1776171858.081,258.081,0.98,20.0,0.97,15.0,0.96,15.0,0.95,52.88,0.94,15.0,0.99,124.56,,,,,,,,,0.01,149.67,,,,,,,,,0.02,5.0,0.03,20.0,0.04,20.0,0.05,57.88,0.06,15.0,0.01,0.01,45.021464,1776171856000
1776171858.375,258.375,0.98,20.0,0.97,15.0,0.96,15.0,0.95,52.88,0.94,15.0,0.99,124.56,,,,,,,,,0.01,124.56,,,,,,,,,0.02,20.0,0.03,15.0,0.04,15.0,0.05,52.88,0.06,15.0,0.01,0.01,45.024039,1776171857000
1776171858.997,258.997,0.99,875.44,0.98,20.0,0.97,15.0,0.96,15.0,0.95,52.88,,,,,,,,,,,0.01,124.56,,,,,,,,,0.02,20.0,0.03,15.0,0.04,15.0,0.05,52.88,0.06,15.0,,0.01,45.024039,1776171857000
1776171860.414,260.414,0.99,875.44,0.98,20.0,0.97,15.0,0.96,15.0,0.95,52.88,,,,,,,,,,,,,,,,,,,,,0.01,875.44,0.02,20.0,0.03,15.0,0.04,15.0,0.05,52.88,,,45.021855,1776171859000
1776171861.037,261.037,0.99,875.44,0.98,20.0,0.97,15.0,0.96,15.0,0.95,52.88,,,,,,,,,,,,,,,,,,,,,0.01,875.44,0.02,20.0,0.03,15.0,0.04,15.0,0.05,52.88,,,45.024005,1776171860000
1776171862.233,262.233,0.99,875.44,0.98,20.0,0.97,15.0,0.96,15.0,0.95,52.88,,,,,,,,,,,,,,,,,,,,,0.01,875.44,0.02,20.0,0.03,15.0,0.04,15.0,0.05,52.88,,,45.024177,1776171861000
1776171863.417,263.417,0.99,875.44,0.98,20.0,0.97,15.0,0.96,15.0,0.95,52.88,,,,,,,,,,,,,,,,,,,,,0.01,875.44,0.02,20.0,0.03,15.0,0.04,15.0,0.05,52.88,,,45.019503,1776171862000
1776171864.017,264.017,0.99,875.44,0.98,20.0,0.97,15.0,0.96,15.0,0.95,52.88,,,,,,,,,,,,,,,,,,,,,0.01,875.44,0.02,20.0,0.03,15.0,0.04,15.0,0.05,52.88,,,45.019503,1776171863000
1776171865.148,265.148,0.99,38.06,0.98,15.0,0.97,15.0,0.96,15.0,0.95,52.88,,,,,,,,,,,,,,,,,,,,,0.01,875.44,0.02,20.0,0.03,15.0,0.04,15.0,0.05,52.88,,,45.019503,1776171863000
1776171866.292,266.292,0.99,38.06,0.98,15.0,0.97,15.0,0.96,15.0,0.95,52.88,,,,,,,,,,,,,,,,,,,,,0.01,38.06,0.02,15.0,0.03,15.0,0.04,15.0,0.05,52.88,,,45.023207,1776171865000
1776171867.172,267.172,0.99,38.06,0.98,15.0,0.97,15.0,0.96,15.0,0.95,52.88,,,,,,,,,,,,,,,,,,,,,0.01,38.06,0.02,15.0,0.03,15.0,0.04,15.0,0.05,52.88,,,45.023636,1776171866000
1776171869.066,269.066,0.99,38.06,0.98,15.0,0.97,15.0,0.96,15.0,0.95,52.88,,,,,,,,,,,,,,,,,,,,,0.01,38.06,0.02,15.0,0.03,15.0,0.04,15.0,0.05,52.88,,,45.026473,1776171867000
1776171869.687,269.687,0.99,38.06,0.98,15.0,0.97,15.0,0.96,15.0,0.95,52.88,,,,,,,,,,,,,,,,,,,,,0.01,38.06,0.02,15.0,0.03,15.0,0.04,15.0,0.05,52.88,,,45.027134,1776171868000
1776171870.575,270.575,0.99,38.06,0.98,15.0,0.97,15.0,0.96,15.0,0.95,52.88,,,,,,,,,,,,,,,,,,,,,0.01,38.06,0.02,15.0,0.03,15.0,0.04,15.0,0.05,52.88,,,45.028016,1776171869000
1776171871.066,271.066,0.99,38.06,0.98,15.0,0.97,15.0,0.96,15.0,0.95,52.88,,,,,,,,,,,,,,,,,,,,,0.01,38.06,0.02,15.0,0.03,15.0,0.04,15.0,0.05,52.88,,,45.028016,1776171870000
1776171872.318,272.318,0.99,38.06,0.98,15.0,0.97,15.0,0.96,15.0,0.95,52.88,,,,,,,,,,,,,,,,,,,,,0.01,38.06,0.02,15.0,0.03,15.0,0.04,15.0,0.05,52.88,,,45.029513,1776171871000
1776171873.594,273.594,0.99,38.06,0.98,15.0,0.97,15.0,0.96,15.0,0.95,52.88,,,,,,,,,,,,,,,,,,,,,0.01,38.06,0.02,15.0,0.03,15.0,0.04,15.0,0.05,52.88,,,45.030208,1776171872000
1776171874.217,274.217,0.99,38.06,0.98,15.0,0.97,15.0,0.96,15.0,0.95,52.88,,,,,,,,,,,,,,,,,,,,,0.01,38.06,0.02,15.0,0.03,15.0,0.04,15.0,0.05,52.88,,,45.03038,1776171873000
1776171875.593,275.593,0.99,38.06,0.98,15.0,0.97,15.0,0.96,15.0,0.95,52.88,,,,,,,,,,,,,,,,,,,,,0.01,38.06,0.02,15.0,0.03,15.0,0.04,15.0,0.05,52.88,,,45.031623,1776171874000
1776171876.481,276.481,0.99,38.06,0.98,15.0,0.97,15.0,0.96,15.0,0.95,52.88,,,,,,,,,,,,,,,,,,,,,0.01,38.06,0.02,15.0,0.03,15.0,0.04,15.0,0.05,52.88,,,45.032106,1776171875000
1776171877.138,277.138,0.99,38.06,0.98,15.0,0.97,15.0,0.96,15.0,0.95,52.88,,,,,,,,,,,,,,,,,,,,,0.01,38.06,0.02,15.0,0.03,15.0,0.04,15.0,0.05,52.88,,,45.027612,1776171876000
1776171878.455,278.455,0.99,38.06,0.98,15.0,0.97,15.0,0.96,15.0,0.95,52.88,,,,,,,,,,,,,,,,,,,,,0.01,38.06,0.02,15.0,0.03,15.0,0.04,15.0,0.05,52.88,,,45.028657,1776171877000
1776171879.108,279.108,0.99,38.06,0.98,15.0,0.97,15.0,0.96,15.0,0.95,52.88,,,,,,,,,,,,,,,,,,,,,0.01,38.06,0.02,15.0,0.03,15.0,0.04,15.0,0.05,52.88,,,45.025808,1776171878000
1776171880.474,280.474,0.99,38.06,0.98,15.0,0.97,15.0,0.96,15.0,0.95,52.88,,,,,,,,,,,,,,,,,,,,,0.01,38.06,0.02,15.0,0.03,15.0,0.04,15.0,0.05,52.88,,,45.027602,1776171879000
1776171881.033,281.033,0.99,38.06,0.98,15.0,0.97,15.0,0.96,15.0,0.95,52.88,,,,,,,,,,,,,,,,,,,,,0.01,38.06,0.02,15.0,0.03,15.0,0.04,15.0,0.05,52.88,,,45.027474,1776171880000
1776171882.374,282.374,0.99,38.06,0.98,15.0,0.97,15.0,0.96,15.0,0.95,52.88,,,,,,,,,,,,,,,,,,,,,0.01,38.06,0.02,15.0,0.03,15.0,0.04,15.0,0.05,52.88,,,45.028702,1776171881000
1776171883.066,283.066,0.99,38.06,0.98,15.0,0.97,15.0,0.96,15.0,0.95,52.88,,,,,,,,,,,,,,,,,,,,,0.01,38.06,0.02,15.0,0.03,15.0,0.04,15.0,0.05,52.88,,,45.028757,1776171882000
1776171883.998,283.998,0.99,38.06,0.98,15.0,0.97,15.0,0.96,15.0,0.95,52.88,,,,,,,,,,,,,,,,,,,,,0.01,38.06,0.02,15.0,0.03,15.0,0.04,15.0,0.05,52.88,,,45.02669,1776171883000
1776171884.966,284.966,0.99,38.06,0.98,15.0,0.97,15.0,0.96,15.0,0.95,52.88,,,,,,,,,,,,,,,,,,,,,0.01,38.06,0.02,15.0,0.03,15.0,0.04,15.0,0.05,52.88,,,45.026347,1776171884000
1776171885.525,285.525,0.99,1044.01,0.95,37.88,0.9,5.05,0.88,10.0,0.87,5.0,,,,,,,,,,,,,,,,,,,,,0.01,38.06,0.02,15.0,0.03,15.0,0.04,15.0,0.05,52.88,,,45.026347,1776171884000
1776171886.025,286.025,0.99,1044.01,0.95,37.88,0.9,5.05,0.88,10.0,0.87,5.0,,,,,,,,,,,,,,,,,,,,,0.01,1044.01,0.05,37.88,0.1,5.05,0.12,10.0,0.13,5.0,,,45.027815,1776171885000
1776171886.975,286.975,0.99,1044.01,0.95,37.88,0.9,5.05,0.88,10.0,0.87,5.0,,,,,,,,,,,,,,,,,,,,,0.01,1044.01,0.05,37.88,0.1,5.05,0.12,10.0,0.13,5.0,,,45.028434,1776171886000
1776171888.02,288.02,0.99,1044.01,0.95,37.88,0.9,5.05,0.88,10.0,0.87,5.0,,,,,,,,,,,,,,,,,,,,,0.01,1044.01,0.05,37.88,0.1,5.05,0.12,10.0,0.13,5.0,,,45.030596,1776171887000
1776171888.953,288.953,0.99,1044.01,0.95,37.88,0.9,5.05,0.88,10.0,0.87,5.0,,,,,,,,,,,,,,,,,,,,,0.01,1044.01,0.05,37.88,0.1,5.05,0.12,10.0,0.13,5.0,,,45.031474,1776171888000
1776171889.932,289.932,0.99,1044.01,0.95,37.88,0.9,5.05,0.88,10.0,0.87,5.0,,,,,,,,,,,,,,,,,,,,,0.01,1044.01,0.05,37.88,0.1,5.05,0.12,10.0,0.13,5.0,,,45.031801,1776171889000
1776171890.894,290.894,0.99,1044.01,0.95,37.88,0.9,5.05,0.88,10.0,0.87,5.0,,,,,,,,,,,,,,,,,,,,,0.01,1044.01,0.05,37.88,0.1,5.05,0.12,10.0,0.13,5.0,,,45.032426,1776171890000
1776171892.026,292.026,0.99,1044.01,0.95,37.88,0.9,5.05,0.88,10.0,0.87,5.0,,,,,,,,,,,,,,,,,,,,,0.01,1044.01,0.05,37.88,0.1,5.05,0.12,10.0,0.13,5.0,,,45.032376,1776171891000
1776171892.902,292.902,0.99,1044.01,0.95,37.88,0.9,5.05,0.88,10.0,0.87,5.0,,,,,,,,,,,,,,,,,,,,,0.01,1044.01,0.05,37.88,0.1,5.05,0.12,10.0,0.13,5.0,,,45.032295,1776171892000
1776171893.906,293.906,0.99,1044.01,0.95,37.88,0.9,5.05,0.88,10.0,0.87,5.0,,,,,,,,,,,,,,,,,,,,,0.01,1044.01,0.05,37.88,0.1,5.05,0.12,10.0,0.13,5.0,,,45.032376,1776171893000
1776171894.893,294.893,0.99,1044.01,0.95,37.88,0.9,5.05,0.88,10.0,0.87,5.0,,,,,,,,,,,,,,,,,,,,,0.01,1044.01,0.05,37.88,0.1,5.05,0.12,10.0,0.13,5.0,,,45.032442,1776171894000
1776171895.896,295.896,0.99,1044.01,0.95,37.88,0.9,5.05,0.88,10.0,0.87,5.0,,,,,,,,,,,,,,,,,,,,,0.01,1044.01,0.05,37.88,0.1,5.05,0.12,10.0,0.13,5.0,,,45.032208,1776171895000
1776171896.953,296.953,0.99,1044.01,0.95,37.88,0.9,5.05,0.88,10.0,0.87,5.0,,,,,,,,,,,,,,,,,,,,,0.01,1044.01,0.05,37.88,0.1,5.05,0.12,10.0,0.13,5.0,,,45.033109,1776171896000
1776171897.866,297.866,0.99,1044.01,0.95,37.88,0.9,5.05,0.88,10.0,0.87,5.0,,,,,,,,,,,,,,,,,,,,,0.01,1044.01,0.05,37.88,0.1,5.05,0.12,10.0,0.13,5.0,,,45.034569,1776171897000
1776171898.974,298.974,0.99,1044.01,0.95,37.88,0.9,5.05,0.88,10.0,0.87,5.0,,,,,,,,,,,,,,,,,,,,,0.01,1044.01,0.05,37.88,0.1,5.05,0.12,10.0,0.13,5.0,,,45.034877,1776171898000
1776171899.83,299.83,0.99,1044.01,0.95,37.88,0.9,5.05,0.88,10.0,0.87,5.0,,,,,,,,,,,,,,,,,,,,,0.01,1044.01,0.05,37.88,0.1,5.05,0.12,10.0,0.13,5.0,,,45.034658,1776171899000
1776171900.861,300.861,0.99,1044.01,0.95,37.88,0.9,5.05,0.88,10.0,0.87,5.0,,,,,,,,,,,,,,,,,,,,,0.01,1044.01,0.05,37.88,0.1,5.05,0.12,10.0,0.13,5.0,,,45.032914,1776171900000

# RESULT,winner=Up,slug=hype-updown-5m-1776171600,ticks=327
