timestamp,elapsed_sec,up_bid_p1,up_bid_s1,up_bid_p2,up_bid_s2,up_ask_p1,up_ask_s1,up_ask_p2,up_ask_s2,down_bid_p1,down_bid_s1,down_bid_p2,down_bid_s2,down_ask_p1,down_ask_s1,down_ask_p2,down_ask_s2,up_spread,down_spread,hype_price,hype_oracle_ts
1776234001.602,1.602,0.11,100.0,0.08,50.0,0.5,5.0,0.89,100.0,0.5,5.0,0.11,100.0,0.89,100.0,0.92,50.0,0.39,0.39,43.506289,1776234000000
1776234001.896,1.896,0.11,100.0,0.08,50.0,0.5,5.0,0.89,100.0,0.5,5.0,0.11,100.0,0.89,100.0,0.92,50.0,0.39,0.39,43.506289,1776234000000
1776234002.262,2.262,0.11,100.0,0.08,50.0,0.5,5.0,0.89,100.0,0.5,5.0,0.11,100.0,0.89,100.0,0.92,50.0,0.39,0.39,43.506289,1776234001000
1776234003.393,3.393,0.11,100.0,0.08,50.0,0.5,5.0,0.89,100.0,0.5,5.0,0.11,100.0,0.89,100.0,0.92,50.0,0.39,0.39,43.506819,1776234002000
1776234003.916,3.916,0.11,100.0,0.08,50.0,0.5,5.0,0.89,100.0,0.5,5.0,0.11,100.0,0.89,100.0,0.92,50.0,0.39,0.39,43.508476,1776234003000
1776234004.985,4.985,0.11,100.0,0.08,50.0,0.5,5.0,0.89,100.0,0.5,5.0,0.11,100.0,0.89,100.0,0.92,50.0,0.39,0.39,43.511199,1776234004000
1776234005.972,5.972,0.11,100.0,0.08,50.0,0.5,5.0,0.89,100.0,0.5,5.0,0.11,100.0,0.89,100.0,0.92,50.0,0.39,0.39,43.511649,1776234005000
1776234007.663,7.663,0.11,100.0,0.08,50.0,0.5,5.0,0.89,100.0,0.5,5.0,0.11,100.0,0.89,100.0,0.92,50.0,0.39,0.39,43.512155,1776234006000
1776234008.291,8.291,0.11,100.0,0.08,50.0,0.5,5.0,0.89,100.0,0.5,5.0,0.11,100.0,0.89,100.0,0.92,50.0,0.39,0.39,43.512155,1776234007000
1776234009.454,9.454,0.11,100.0,0.08,50.0,0.5,5.0,0.89,100.0,0.5,5.0,0.11,100.0,0.89,100.0,0.92,50.0,0.39,0.39,43.511657,1776234008000
1776234009.996,9.996,0.11,100.0,0.08,50.0,0.5,5.0,0.89,100.0,0.5,5.0,0.11,100.0,0.89,100.0,0.92,50.0,0.39,0.39,43.512992,1776234009000
1776234011.327,11.327,0.11,100.0,0.08,50.0,0.5,5.0,0.89,100.0,0.5,5.0,0.11,100.0,0.89,100.0,0.92,50.0,0.39,0.39,43.513031,1776234010000
1776234012.508,12.508,0.11,100.0,0.08,50.0,0.5,5.0,0.89,100.0,0.5,5.0,0.11,100.0,0.89,100.0,0.92,50.0,0.39,0.39,43.513375,1776234011000
1776234013.095,13.095,0.11,100.0,0.08,50.0,0.5,5.0,0.89,100.0,0.5,5.0,0.11,100.0,0.89,100.0,0.92,50.0,0.39,0.39,43.513584,1776234012000
1776234014.25,14.25,0.11,100.0,0.08,50.0,0.5,5.0,0.89,100.0,0.5,5.0,0.11,100.0,0.89,100.0,0.92,50.0,0.39,0.39,43.513757,1776234013000
1776234015.373,15.373,0.11,100.0,0.08,50.0,0.5,5.0,0.89,100.0,0.5,5.0,0.11,100.0,0.89,100.0,0.92,50.0,0.39,0.39,43.513757,1776234014000
1776234015.93,15.93,0.11,100.0,0.08,50.0,0.5,5.0,0.89,100.0,0.5,5.0,0.11,100.0,0.89,100.0,0.92,50.0,0.39,0.39,43.513757,1776234015000
1776234017.153,17.153,0.11,100.0,0.08,50.0,0.5,5.0,0.89,100.0,0.5,5.0,0.11,100.0,0.89,100.0,0.92,50.0,0.39,0.39,43.512362,1776234016000
1776234018.296,18.296,0.11,100.0,0.08,50.0,0.5,5.0,0.89,100.0,0.5,5.0,0.11,100.0,0.89,100.0,0.92,50.0,0.39,0.39,43.507111,1776234017000
1776234019.499,19.499,0.11,100.0,0.08,50.0,0.5,5.0,0.89,100.0,0.5,5.0,0.11,100.0,0.89,100.0,0.92,50.0,0.39,0.39,43.504643,1776234018000
1776234020.394,20.394,0.11,100.0,0.08,50.0,0.5,5.0,0.89,100.0,0.5,5.0,0.11,100.0,0.89,100.0,0.92,50.0,0.39,0.39,43.500961,1776234019000
1776234020.976,20.976,0.11,100.0,0.08,50.0,0.5,5.0,0.89,100.0,0.5,5.0,0.11,100.0,0.89,100.0,0.92,50.0,0.39,0.39,43.500615,1776234020000
1776234021.997,21.997,0.11,100.0,0.08,50.0,0.5,5.0,0.89,100.0,0.5,5.0,0.11,100.0,0.89,100.0,0.92,50.0,0.39,0.39,43.495859,1776234021000
1776234023.139,23.139,0.11,100.0,0.08,50.0,0.5,5.0,0.89,100.0,0.5,5.0,0.11,100.0,0.89,100.0,0.92,50.0,0.39,0.39,43.495828,1776234022000
1776234024.128,24.128,0.11,100.0,0.08,50.0,0.5,5.0,0.89,100.0,0.5,5.0,0.11,100.0,0.89,100.0,0.92,50.0,0.39,0.39,43.497202,1776234023000
1776234025.024,25.024,0.11,100.0,0.08,50.0,0.5,5.0,0.89,100.0,0.5,5.0,0.11,100.0,0.89,100.0,0.92,50.0,0.39,0.39,43.496583,1776234024000
1776234026.144,26.144,0.11,100.0,0.08,50.0,0.5,5.0,0.89,100.0,0.5,5.0,0.11,100.0,0.89,100.0,0.92,50.0,0.39,0.39,43.49684,1776234025000
1776234027.13,27.13,0.11,100.0,0.08,50.0,0.5,5.0,0.89,100.0,0.5,5.0,0.11,100.0,0.89,100.0,0.92,50.0,0.39,0.39,43.496955,1776234026000
1776234028.15,28.15,0.11,100.0,0.08,50.0,0.5,5.0,0.89,100.0,0.5,5.0,0.11,100.0,0.89,100.0,0.92,50.0,0.39,0.39,43.498521,1776234027000
1776234029.176,29.176,0.11,100.0,0.08,50.0,0.5,5.0,0.89,100.0,0.5,5.0,0.11,100.0,0.89,100.0,0.92,50.0,0.39,0.39,43.498963,1776234028000
1776234030.221,30.221,0.11,100.0,0.08,50.0,0.5,5.0,0.89,100.0,0.5,5.0,0.11,100.0,0.89,100.0,0.92,50.0,0.39,0.39,43.500297,1776234029000
1776234031.253,31.253,0.11,100.0,0.08,50.0,0.5,5.0,0.89,100.0,0.5,5.0,0.11,100.0,0.89,100.0,0.92,50.0,0.39,0.39,43.499125,1776234030000
1776234032.233,32.233,0.11,100.0,0.08,50.0,0.5,5.0,0.89,100.0,0.5,5.0,0.11,100.0,0.89,100.0,0.92,50.0,0.39,0.39,43.498674,1776234031000
1776234033.953,33.953,0.11,100.0,0.08,50.0,0.5,5.0,0.89,100.0,0.5,5.0,0.11,100.0,0.89,100.0,0.92,50.0,0.39,0.39,43.498624,1776234032000
1776234035.177,35.177,0.11,100.0,0.08,50.0,0.5,5.0,0.89,100.0,0.5,5.0,0.11,100.0,0.89,100.0,0.92,50.0,0.39,0.39,43.497948,1776234033000
1776234035.882,35.882,0.11,100.0,0.08,50.0,0.5,5.0,0.89,100.0,0.5,5.0,0.11,100.0,0.89,100.0,0.92,50.0,0.39,0.39,43.498455,1776234034000
1776234036.913,36.913,0.11,100.0,0.08,50.0,0.5,5.0,0.89,100.0,0.5,5.0,0.11,100.0,0.89,100.0,0.92,50.0,0.39,0.39,43.498455,1776234035000
1776234037.577,37.577,0.11,100.0,0.08,50.0,0.5,5.0,0.89,100.0,0.5,5.0,0.11,100.0,0.89,100.0,0.92,50.0,0.39,0.39,43.498785,1776234036000
1776234038.252,38.252,0.11,100.0,0.08,50.0,0.5,5.0,0.89,100.0,0.5,5.0,0.11,100.0,0.89,100.0,0.92,50.0,0.39,0.39,43.498957,1776234037000
1776234039.719,39.719,0.11,100.0,0.08,50.0,0.5,5.0,0.89,100.0,0.5,5.0,0.11,100.0,0.89,100.0,0.92,50.0,0.39,0.39,43.499328,1776234038000
1776234040.465,40.465,0.11,100.0,0.08,50.0,0.5,5.0,0.89,100.0,0.5,5.0,0.11,100.0,0.89,100.0,0.92,50.0,0.39,0.39,43.498222,1776234039000
1776234041.21,41.21,0.11,100.0,0.08,50.0,0.5,5.0,0.89,100.0,0.5,5.0,0.11,100.0,0.89,100.0,0.92,50.0,0.39,0.39,43.498083,1776234040000
1776234042.795,42.795,0.11,100.0,0.08,50.0,0.5,5.0,0.89,100.0,0.5,5.0,0.11,100.0,0.89,100.0,0.92,50.0,0.39,0.39,43.496696,1776234041000
1776234043.511,43.511,0.11,100.0,0.08,50.0,0.5,5.0,0.89,100.0,0.5,5.0,0.11,100.0,0.89,100.0,0.92,50.0,0.39,0.39,43.496524,1776234042000
1776234044.386,44.386,0.11,100.0,0.08,50.0,0.5,5.0,0.89,100.0,0.5,5.0,0.11,100.0,0.89,100.0,0.92,50.0,0.39,0.39,43.496555,1776234043000
1776234045.353,45.353,0.11,100.0,0.08,50.0,0.5,5.0,0.89,100.0,0.5,5.0,0.11,100.0,0.89,100.0,0.92,50.0,0.39,0.39,43.496555,1776234044000
1776234046.927,46.927,0.11,100.0,0.08,50.0,0.5,5.0,0.89,100.0,0.5,5.0,0.11,100.0,0.89,100.0,0.92,50.0,0.39,0.39,43.496409,1776234045000
1776234047.717,47.717,0.11,100.0,0.08,50.0,0.5,5.0,0.89,100.0,0.5,5.0,0.11,100.0,0.89,100.0,0.92,50.0,0.39,0.39,43.494972,1776234046000
1776234048.42,48.42,0.11,100.0,0.08,50.0,0.5,5.0,0.89,100.0,0.5,5.0,0.11,100.0,0.89,100.0,0.92,50.0,0.39,0.39,43.494736,1776234047000
1776234049.211,49.211,0.11,100.0,0.08,50.0,0.5,5.0,0.89,100.0,0.5,5.0,0.11,100.0,0.89,100.0,0.92,50.0,0.39,0.39,43.494702,1776234048000
1776234050.801,50.801,0.11,100.0,0.08,50.0,0.5,5.0,0.89,100.0,0.5,5.0,0.11,100.0,0.89,100.0,0.92,50.0,0.39,0.39,43.494434,1776234049000
1776234051.53,51.53,0.11,100.0,0.08,50.0,0.5,5.0,0.89,100.0,0.5,5.0,0.11,100.0,0.89,100.0,0.92,50.0,0.39,0.39,43.494492,1776234050000
1776234052.343,52.343,0.11,100.0,0.08,50.0,0.5,5.0,0.89,100.0,0.5,5.0,0.11,100.0,0.89,100.0,0.92,50.0,0.39,0.39,43.494378,1776234051000
1776234053.123,53.123,0.11,100.0,0.08,50.0,0.5,5.0,0.89,100.0,0.5,5.0,0.11,100.0,0.89,100.0,0.92,50.0,0.39,0.39,43.494378,1776234052000
1776234054.294,54.294,0.11,100.0,0.08,50.0,0.5,5.0,0.89,100.0,0.5,5.0,0.11,100.0,0.89,100.0,0.92,50.0,0.39,0.39,43.493566,1776234053000
1776234055.231,55.231,0.11,100.0,0.08,50.0,0.5,5.0,0.89,100.0,0.5,5.0,0.11,100.0,0.89,100.0,0.92,50.0,0.39,0.39,43.494187,1776234054000
1776234056.194,56.194,0.29,4.71,0.28,15.0,0.38,10.0,0.39,5.0,0.5,5.0,0.11,100.0,0.89,100.0,0.92,50.0,0.09,0.39,43.494187,1776234054000
1776234057.221,57.221,0.29,4.71,0.28,15.0,0.38,10.0,0.39,5.0,0.62,10.0,0.61,5.0,0.71,4.71,0.72,15.0,0.09,0.09,43.480641,1776234056000
1776234058.183,58.183,0.29,4.71,0.28,15.0,0.38,10.0,0.39,5.0,0.62,10.0,0.61,5.0,0.71,4.71,0.72,15.0,0.09,0.09,43.477092,1776234057000
1776234059.216,59.216,0.29,4.71,0.28,15.0,0.38,10.0,0.39,5.0,0.62,10.0,0.61,5.0,0.71,4.71,0.72,15.0,0.09,0.09,43.477767,1776234058000
1776234060.269,60.269,0.29,4.71,0.28,15.0,0.38,10.0,0.39,5.0,0.62,10.0,0.61,5.0,0.71,4.71,0.72,15.0,0.09,0.09,43.479325,1776234059000
1776234061.264,61.264,0.29,4.71,0.28,15.0,0.38,10.0,0.39,5.0,0.62,10.0,0.61,5.0,0.71,4.71,0.72,15.0,0.09,0.09,43.479227,1776234060000
1776234062.344,62.344,0.29,4.71,0.28,15.0,0.38,10.0,0.39,5.0,0.62,10.0,0.61,5.0,0.71,4.71,0.72,15.0,0.09,0.09,43.47834,1776234061000
1776234063.284,63.284,0.29,4.71,0.28,15.0,0.38,10.0,0.39,5.0,0.62,10.0,0.61,5.0,0.71,4.71,0.72,15.0,0.09,0.09,43.478859,1776234062000
1776234064.466,64.466,0.29,4.71,0.28,15.0,0.38,10.0,0.39,5.0,0.62,10.0,0.61,5.0,0.71,4.71,0.72,15.0,0.09,0.09,43.479205,1776234063000
1776234065.316,65.316,0.29,4.71,0.28,15.0,0.38,10.0,0.39,5.0,0.62,10.0,0.61,5.0,0.71,4.71,0.72,15.0,0.09,0.09,43.480946,1776234064000
1776234066.274,66.274,0.29,4.71,0.28,15.0,0.38,10.0,0.39,5.0,0.62,10.0,0.61,5.0,0.71,4.71,0.72,15.0,0.09,0.09,43.48565,1776234065000
1776234067.263,67.263,0.29,4.71,0.28,15.0,0.38,10.0,0.39,5.0,0.62,10.0,0.61,5.0,0.71,4.71,0.72,15.0,0.09,0.09,43.488742,1776234066000
1776234068.451,68.451,0.29,4.71,0.28,15.0,0.38,10.0,0.39,5.0,0.62,10.0,0.61,5.0,0.71,4.71,0.72,15.0,0.09,0.09,43.489298,1776234067000
1776234068.958,68.958,0.29,4.71,0.28,15.0,0.38,10.0,0.39,5.0,0.62,10.0,0.61,5.0,0.71,4.71,0.72,15.0,0.09,0.09,43.486405,1776234068000
1776234070.178,70.178,0.29,4.71,0.28,15.0,0.38,10.0,0.39,5.0,0.62,10.0,0.61,5.0,0.71,4.71,0.72,15.0,0.09,0.09,43.485979,1776234069000
1776234071.234,71.234,0.29,4.71,0.28,15.0,0.38,10.0,0.39,5.0,0.62,10.0,0.61,5.0,0.71,4.71,0.72,15.0,0.09,0.09,43.482612,1776234070000
1776234072.343,72.343,0.29,4.71,0.28,15.0,0.38,10.0,0.39,5.0,0.62,10.0,0.61,5.0,0.71,4.71,0.72,15.0,0.09,0.09,43.482442,1776234071000
1776234072.95,72.95,0.29,4.71,0.28,15.0,0.38,10.0,0.39,5.0,0.62,10.0,0.61,5.0,0.71,4.71,0.72,15.0,0.09,0.09,43.481761,1776234072000
1776234074.062,74.062,0.29,4.71,0.28,15.0,0.38,10.0,0.39,5.0,0.62,10.0,0.61,5.0,0.71,4.71,0.72,15.0,0.09,0.09,43.483328,1776234073000
1776234075.141,75.141,0.29,4.71,0.28,15.0,0.38,10.0,0.39,5.0,0.62,10.0,0.61,5.0,0.71,4.71,0.72,15.0,0.09,0.09,43.48374,1776234074000
1776234076.15,76.15,0.29,4.71,0.28,15.0,0.38,10.0,0.39,5.0,0.62,10.0,0.61,5.0,0.71,4.71,0.72,15.0,0.09,0.09,43.482885,1776234075000
1776234077.252,77.252,0.29,4.71,0.28,15.0,0.38,10.0,0.39,5.0,0.62,10.0,0.61,5.0,0.71,4.71,0.72,15.0,0.09,0.09,43.4829,1776234076000
1776234078.38,78.38,0.29,4.71,0.28,15.0,0.38,10.0,0.39,5.0,0.62,10.0,0.61,5.0,0.71,4.71,0.72,15.0,0.09,0.09,43.483914,1776234077000
1776234078.977,78.977,0.29,4.71,0.28,15.0,0.38,10.0,0.39,5.0,0.62,10.0,0.61,5.0,0.71,4.71,0.72,15.0,0.09,0.09,43.4839,1776234078000
1776234080.039,80.039,0.29,4.71,0.28,15.0,0.38,10.0,0.39,5.0,0.62,10.0,0.61,5.0,0.71,4.71,0.72,15.0,0.09,0.09,43.482408,1776234079000
1776234081.893,81.893,0.29,4.71,0.28,15.0,0.38,10.0,0.39,5.0,0.62,10.0,0.61,5.0,0.71,4.71,0.72,15.0,0.09,0.09,43.487863,1776234080000
1776234082.718,82.718,0.29,4.71,0.28,15.0,0.38,10.0,0.39,5.0,0.62,10.0,0.61,5.0,0.71,4.71,0.72,15.0,0.09,0.09,43.48732,1776234081000
1776234083.396,83.396,0.29,4.71,0.28,15.0,0.38,10.0,0.39,5.0,0.62,10.0,0.61,5.0,0.71,4.71,0.72,15.0,0.09,0.09,43.485457,1776234082000
1776234083.888,83.888,0.29,4.71,0.28,15.0,0.38,10.0,0.39,5.0,0.62,10.0,0.61,5.0,0.71,4.71,0.72,15.0,0.09,0.09,43.480169,1776234083000
1776234085.34,85.34,0.29,4.71,0.28,15.0,0.38,10.0,0.39,5.0,0.62,10.0,0.61,5.0,0.71,4.71,0.72,15.0,0.09,0.09,43.473293,1776234084000
1776234085.858,85.858,0.29,4.71,0.28,15.0,0.38,10.0,0.39,5.0,0.62,10.0,0.61,5.0,0.71,4.71,0.72,15.0,0.09,0.09,43.472141,1776234085000
1776234087.111,87.111,0.29,4.71,0.28,15.0,0.38,10.0,0.39,5.0,0.62,10.0,0.61,5.0,0.71,4.71,0.72,15.0,0.09,0.09,43.47333,1776234086000
1776234088.216,88.216,0.29,4.71,0.28,15.0,0.38,10.0,0.39,5.0,0.62,10.0,0.61,5.0,0.71,4.71,0.72,15.0,0.09,0.09,43.474246,1776234087000
1776234089.405,89.405,0.29,4.71,0.28,15.0,0.38,10.0,0.39,5.0,0.62,10.0,0.61,5.0,0.71,4.71,0.72,15.0,0.09,0.09,43.474291,1776234088000
1776234089.998,89.998,0.29,4.71,0.28,15.0,0.38,10.0,0.39,5.0,0.62,10.0,0.61,5.0,0.71,4.71,0.72,15.0,0.09,0.09,43.474291,1776234089000
1776234091.157,91.157,0.29,4.71,0.28,15.0,0.38,10.0,0.39,5.0,0.62,10.0,0.61,5.0,0.71,4.71,0.72,15.0,0.09,0.09,43.468762,1776234090000
1776234092.271,92.271,0.29,4.71,0.28,15.0,0.38,10.0,0.39,5.0,0.62,10.0,0.61,5.0,0.71,4.71,0.72,15.0,0.09,0.09,43.468762,1776234091000
1776234093.963,93.963,0.29,4.71,0.28,15.0,0.38,10.0,0.39,5.0,0.62,10.0,0.61,5.0,0.71,4.71,0.72,15.0,0.09,0.09,43.469154,1776234092000
1776234094.411,94.411,0.29,4.71,0.28,15.0,0.38,10.0,0.39,5.0,0.62,10.0,0.61,5.0,0.71,4.71,0.72,15.0,0.09,0.09,43.468861,1776234093000
1776234094.941,94.941,0.29,4.71,0.28,15.0,0.38,10.0,0.39,5.0,0.62,10.0,0.61,5.0,0.71,4.71,0.72,15.0,0.09,0.09,43.474599,1776234094000
1776234096.078,96.078,0.29,4.71,0.28,15.0,0.38,10.0,0.39,5.0,0.62,10.0,0.61,5.0,0.71,4.71,0.72,15.0,0.09,0.09,43.475808,1776234095000
1776234097.695,97.695,0.29,4.71,0.28,15.0,0.38,10.0,0.39,5.0,0.62,10.0,0.61,5.0,0.71,4.71,0.72,15.0,0.09,0.09,43.472987,1776234096000
1776234098.357,98.357,0.29,4.71,0.28,15.0,0.38,10.0,0.39,5.0,0.62,10.0,0.61,5.0,0.71,4.71,0.72,15.0,0.09,0.09,43.473317,1776234097000
1776234099.17,99.17,0.29,4.71,0.28,15.0,0.38,10.0,0.39,5.0,0.62,10.0,0.61,5.0,0.71,4.71,0.72,15.0,0.09,0.09,43.473423,1776234098000
1776234100.219,100.219,0.29,4.71,0.28,15.0,0.38,10.0,0.39,5.0,0.62,10.0,0.61,5.0,0.71,4.71,0.72,15.0,0.09,0.09,43.473077,1776234099000
1776234101.254,101.254,0.29,4.71,0.28,15.0,0.38,10.0,0.39,5.0,0.62,10.0,0.61,5.0,0.71,4.71,0.72,15.0,0.09,0.09,43.47483,1776234100000
1776234102.237,102.237,0.29,4.71,0.28,15.0,0.38,10.0,0.39,5.0,0.62,10.0,0.61,5.0,0.71,4.71,0.72,15.0,0.09,0.09,43.474367,1776234101000
1776234103.203,103.203,0.29,4.71,0.28,15.0,0.38,10.0,0.39,5.0,0.62,10.0,0.61,5.0,0.71,4.71,0.72,15.0,0.09,0.09,43.476368,1776234102000
1776234104.248,104.248,0.29,4.71,0.28,15.0,0.38,10.0,0.39,5.0,0.62,10.0,0.61,5.0,0.71,4.71,0.72,15.0,0.09,0.09,43.476241,1776234103000
1776234105.268,105.268,0.29,4.71,0.28,15.0,0.38,10.0,0.39,5.0,0.62,10.0,0.61,5.0,0.71,4.71,0.72,15.0,0.09,0.09,43.476197,1776234104000
1776234106.256,106.256,0.29,4.71,0.28,15.0,0.38,10.0,0.39,5.0,0.62,10.0,0.61,5.0,0.71,4.71,0.72,15.0,0.09,0.09,43.476261,1776234105000
1776234107.294,107.294,0.29,4.71,0.28,15.0,0.38,10.0,0.39,5.0,0.62,10.0,0.61,5.0,0.71,4.71,0.72,15.0,0.09,0.09,43.475977,1776234106000
1776234108.261,108.261,0.29,4.71,0.28,15.0,0.38,10.0,0.39,5.0,0.62,10.0,0.61,5.0,0.71,4.71,0.72,15.0,0.09,0.09,43.475921,1776234107000
1776234109.365,109.365,0.29,4.71,0.28,15.0,0.38,10.0,0.39,5.0,0.62,10.0,0.61,5.0,0.71,4.71,0.72,15.0,0.09,0.09,43.473668,1776234108000
1776234110.766,110.766,0.29,4.71,0.28,15.0,0.38,10.0,0.39,5.0,0.62,10.0,0.61,5.0,0.71,4.71,0.72,15.0,0.09,0.09,43.474682,1776234109000
1776234111.317,111.317,0.29,4.71,0.28,15.0,0.38,10.0,0.39,5.0,0.62,10.0,0.61,5.0,0.71,4.71,0.72,15.0,0.09,0.09,43.475074,1776234110000
1776234112.342,112.342,0.29,4.71,0.28,15.0,0.38,10.0,0.39,5.0,0.62,10.0,0.61,5.0,0.71,4.71,0.72,15.0,0.09,0.09,43.475272,1776234111000
1776234112.857,112.857,0.29,4.71,0.28,15.0,0.38,10.0,0.39,5.0,0.62,10.0,0.61,5.0,0.71,4.71,0.72,15.0,0.09,0.09,43.474487,1776234112000
1776234113.955,113.955,0.29,4.71,0.28,15.0,0.38,10.0,0.39,5.0,0.62,10.0,0.61,5.0,0.71,4.71,0.72,15.0,0.09,0.09,43.484146,1776234113000
1776234115.001,115.001,0.29,4.71,0.28,15.0,0.38,10.0,0.39,5.0,0.62,10.0,0.61,5.0,0.71,4.71,0.72,15.0,0.09,0.09,43.485411,1776234114000
1776234116.056,116.056,0.29,4.71,0.28,15.0,0.38,10.0,0.39,5.0,0.62,10.0,0.61,5.0,0.71,4.71,0.72,15.0,0.09,0.09,43.487353,1776234115000
1776234117.145,117.145,0.29,4.71,0.28,15.0,0.38,10.0,0.39,5.0,0.62,10.0,0.61,5.0,0.71,4.71,0.72,15.0,0.09,0.09,43.488884,1776234116000
1776234118.137,118.137,0.29,4.71,0.28,15.0,0.38,10.0,0.39,5.0,0.62,10.0,0.61,5.0,0.71,4.71,0.72,15.0,0.09,0.09,43.489255,1776234117000
1776234119.137,119.137,0.29,4.71,0.28,15.0,0.38,10.0,0.39,5.0,0.62,10.0,0.61,5.0,0.71,4.71,0.72,15.0,0.09,0.09,43.489255,1776234118000
1776234120.186,120.186,0.29,4.71,0.28,15.0,0.38,10.0,0.39,5.0,0.62,10.0,0.61,5.0,0.71,4.71,0.72,15.0,0.09,0.09,43.489106,1776234119000
1776234121.154,121.154,0.29,4.71,0.28,15.0,0.38,10.0,0.39,5.0,0.62,10.0,0.61,5.0,0.71,4.71,0.72,15.0,0.09,0.09,43.489511,1776234120000
1776234122.305,122.305,0.29,4.71,0.28,15.0,0.38,10.0,0.39,5.0,0.62,10.0,0.61,5.0,0.71,4.71,0.72,15.0,0.09,0.09,43.488673,1776234121000
1776234123.344,123.344,0.29,4.71,0.28,15.0,0.38,10.0,0.39,5.0,0.62,10.0,0.61,5.0,0.71,4.71,0.72,15.0,0.09,0.09,43.481572,1776234122000
1776234124.216,124.216,0.29,4.71,0.28,15.0,0.38,10.0,0.39,5.0,0.62,10.0,0.61,5.0,0.71,4.71,0.72,15.0,0.09,0.09,43.481572,1776234123000
1776234125.248,125.248,0.29,4.71,0.28,15.0,0.38,10.0,0.39,5.0,0.62,10.0,0.61,5.0,0.71,4.71,0.72,15.0,0.09,0.09,43.481896,1776234124000
1776234126.141,126.141,0.29,4.71,0.28,15.0,0.38,10.0,0.39,5.0,0.62,10.0,0.61,5.0,0.71,4.71,0.72,15.0,0.09,0.09,43.481358,1776234125000
1776234127.947,127.947,0.29,4.71,0.28,15.0,0.38,10.0,0.39,5.0,0.62,10.0,0.61,5.0,0.71,4.71,0.72,15.0,0.09,0.09,43.483209,1776234126000
1776234128.5,128.5,0.29,4.71,0.28,15.0,0.38,10.0,0.39,5.0,0.62,10.0,0.61,5.0,0.71,4.71,0.72,15.0,0.09,0.09,43.479711,1776234127000
1776234129.142,129.142,0.29,4.71,0.28,15.0,0.38,10.0,0.39,5.0,0.62,10.0,0.61,5.0,0.71,4.71,0.72,15.0,0.09,0.09,43.477311,1776234128000
1776234130.782,130.782,0.29,4.71,0.28,15.0,0.38,10.0,0.39,5.0,0.62,10.0,0.61,5.0,0.71,4.71,0.72,15.0,0.09,0.09,43.471483,1776234129000
1776234131.385,131.385,0.29,4.71,0.28,15.0,0.38,10.0,0.39,5.0,0.62,10.0,0.61,5.0,0.71,4.71,0.72,15.0,0.09,0.09,43.46887,1776234130000
1776234132.512,132.512,0.29,4.71,0.28,15.0,0.38,10.0,0.39,5.0,0.62,10.0,0.61,5.0,0.71,4.71,0.72,15.0,0.09,0.09,43.466219,1776234131000
1776234133.107,133.107,0.29,4.71,0.28,15.0,0.38,10.0,0.39,5.0,0.62,10.0,0.61,5.0,0.71,4.71,0.72,15.0,0.09,0.09,43.466301,1776234132000
1776234134.289,134.289,0.29,4.71,0.28,15.0,0.38,10.0,0.39,5.0,0.62,10.0,0.61,5.0,0.71,4.71,0.72,15.0,0.09,0.09,43.471303,1776234133000
1776234135.439,135.439,0.29,4.71,0.28,15.0,0.38,10.0,0.39,5.0,0.62,10.0,0.61,5.0,0.71,4.71,0.72,15.0,0.09,0.09,43.474232,1776234134000
1776234136.109,136.109,0.29,4.71,0.28,15.0,0.38,10.0,0.39,5.0,0.62,10.0,0.61,5.0,0.71,4.71,0.72,15.0,0.09,0.09,43.474232,1776234135000
1776234137.382,137.382,0.29,4.71,0.28,15.0,0.38,10.0,0.39,5.0,0.62,10.0,0.61,5.0,0.71,4.71,0.72,15.0,0.09,0.09,43.474808,1776234136000
1776234138.683,138.683,0.29,4.71,0.28,15.0,0.38,10.0,0.39,5.0,0.62,10.0,0.61,5.0,0.71,4.71,0.72,15.0,0.09,0.09,43.47515,1776234137000
1776234139.104,139.104,0.29,4.71,0.28,15.0,0.38,10.0,0.39,5.0,0.62,10.0,0.61,5.0,0.71,4.71,0.72,15.0,0.09,0.09,43.480661,1776234138000
1776234141.103,141.103,0.29,4.71,0.28,15.0,0.38,10.0,0.39,5.0,0.62,10.0,0.61,5.0,0.71,4.71,0.72,15.0,0.09,0.09,43.479797,1776234139000
1776234142.123,142.123,0.29,4.71,0.28,15.0,0.38,10.0,0.39,5.0,0.62,10.0,0.61,5.0,0.71,4.71,0.72,15.0,0.09,0.09,43.483075,1776234140000
1776234143.073,143.073,0.29,4.71,0.28,15.0,0.38,10.0,0.39,5.0,0.62,10.0,0.61,5.0,0.71,4.71,0.72,15.0,0.09,0.09,43.480951,1776234141000
1776234143.833,143.833,0.29,4.71,0.28,15.0,0.38,10.0,0.39,5.0,0.62,10.0,0.61,5.0,0.71,4.71,0.72,15.0,0.09,0.09,43.480866,1776234142000
1776234144.592,144.592,0.29,4.71,0.28,15.0,0.38,10.0,0.39,5.0,0.62,10.0,0.61,5.0,0.71,4.71,0.72,15.0,0.09,0.09,43.48103,1776234143000
1776234145.339,145.339,0.29,4.71,0.28,15.0,0.38,10.0,0.39,5.0,0.62,10.0,0.61,5.0,0.71,4.71,0.72,15.0,0.09,0.09,43.48103,1776234144000
1776234146.739,146.739,0.29,4.71,0.28,15.0,0.38,10.0,0.39,5.0,0.62,10.0,0.61,5.0,0.71,4.71,0.72,15.0,0.09,0.09,43.481039,1776234145000
1776234147.326,147.326,0.29,4.71,0.28,15.0,0.38,10.0,0.39,5.0,0.62,10.0,0.61,5.0,0.71,4.71,0.72,15.0,0.09,0.09,43.481259,1776234146000
1776234148.038,148.038,0.29,4.71,0.28,15.0,0.38,10.0,0.39,5.0,0.62,10.0,0.61,5.0,0.71,4.71,0.72,15.0,0.09,0.09,43.481259,1776234147000
1776234149.291,149.291,0.29,4.71,0.28,15.0,0.38,10.0,0.39,5.0,0.62,10.0,0.61,5.0,0.71,4.71,0.72,15.0,0.09,0.09,43.481251,1776234148000
1776234150.516,150.516,0.29,4.71,0.28,15.0,0.38,10.0,0.39,5.0,0.62,10.0,0.61,5.0,0.71,4.71,0.72,15.0,0.09,0.09,43.484047,1776234149000
1776234151.156,151.156,0.29,4.71,0.28,15.0,0.38,10.0,0.39,5.0,0.62,10.0,0.61,5.0,0.71,4.71,0.72,15.0,0.09,0.09,43.484714,1776234150000
1776234151.498,151.498,0.3,13.57,0.29,15.0,0.4,10.0,0.42,15.0,0.62,10.0,0.61,5.0,0.71,4.71,0.72,15.0,0.1,0.09,43.484714,1776234150000
1776234152.36,152.36,0.3,13.57,0.29,15.0,0.4,10.0,0.42,15.0,0.6,10.0,0.58,15.0,0.7,13.57,0.71,15.0,0.1,0.1,43.484714,1776234151000
1776234153.021,153.021,0.3,13.57,0.29,15.0,0.4,10.0,0.42,15.0,0.6,10.0,0.58,15.0,0.7,13.57,0.71,15.0,0.1,0.1,43.484934,1776234152000
1776234153.685,153.685,0.4,10.0,0.35,15.0,0.57,24.17,0.58,15.0,0.6,10.0,0.58,15.0,0.7,13.57,0.71,15.0,0.17,0.1,43.484934,1776234152000
1776234154.147,154.147,0.4,10.0,0.35,15.0,0.57,24.17,0.58,15.0,0.43,24.17,0.42,15.0,0.6,10.0,0.65,15.0,0.17,0.17,43.484983,1776234153000
1776234155.547,155.547,0.4,10.0,0.35,15.0,0.57,24.17,0.58,15.0,0.43,24.17,0.42,15.0,0.6,10.0,0.65,15.0,0.17,0.17,43.49143,1776234154000
1776234156.026,156.026,0.4,10.0,0.35,15.0,0.57,24.17,0.58,15.0,0.43,24.17,0.42,15.0,0.6,10.0,0.65,15.0,0.17,0.17,43.491636,1776234155000
1776234157.297,157.297,0.4,10.0,0.35,15.0,0.57,24.17,0.58,15.0,0.43,24.17,0.42,15.0,0.6,10.0,0.65,15.0,0.17,0.17,43.495559,1776234156000
1776234158.294,158.294,0.4,10.0,0.35,15.0,0.57,24.17,0.58,15.0,0.43,24.17,0.42,15.0,0.6,10.0,0.65,15.0,0.17,0.17,43.496323,1776234157000
1776234159.286,159.286,0.4,10.0,0.35,15.0,0.57,24.17,0.58,15.0,0.43,24.17,0.42,15.0,0.6,10.0,0.65,15.0,0.17,0.17,43.496233,1776234158000
1776234160.179,160.179,0.4,10.0,0.35,15.0,0.57,24.17,0.58,15.0,0.43,24.17,0.42,15.0,0.6,10.0,0.65,15.0,0.17,0.17,43.497235,1776234159000
1776234161.215,161.215,0.4,10.0,0.35,15.0,0.57,24.17,0.58,15.0,0.43,24.17,0.42,15.0,0.6,10.0,0.65,15.0,0.17,0.17,43.497434,1776234160000
1776234162.262,162.262,0.4,10.0,0.35,15.0,0.57,24.17,0.58,15.0,0.43,24.17,0.42,15.0,0.6,10.0,0.65,15.0,0.17,0.17,43.497872,1776234161000
1776234163.22,163.22,0.4,10.0,0.35,15.0,0.57,24.17,0.58,15.0,0.43,24.17,0.42,15.0,0.6,10.0,0.65,15.0,0.17,0.17,43.502776,1776234162000
1776234164.21,164.21,0.4,10.0,0.35,15.0,0.57,24.17,0.58,15.0,0.43,24.17,0.42,15.0,0.6,10.0,0.65,15.0,0.17,0.17,43.504054,1776234163000
1776234165.147,165.147,0.4,10.0,0.35,15.0,0.57,24.17,0.58,15.0,0.43,24.17,0.42,15.0,0.6,10.0,0.65,15.0,0.17,0.17,43.506511,1776234164000
1776234166.17,166.17,0.4,10.0,0.35,15.0,0.57,24.17,0.58,15.0,0.43,24.17,0.42,15.0,0.6,10.0,0.65,15.0,0.17,0.17,43.506742,1776234165000
1776234167.184,167.184,0.4,10.0,0.35,15.0,0.57,24.17,0.58,15.0,0.43,24.17,0.42,15.0,0.6,10.0,0.65,15.0,0.17,0.17,43.507017,1776234166000
1776234168.187,168.187,0.4,10.0,0.35,15.0,0.57,24.17,0.58,15.0,0.43,24.17,0.42,15.0,0.6,10.0,0.65,15.0,0.17,0.17,43.507184,1776234167000
1776234169.218,169.218,0.4,10.0,0.35,15.0,0.57,24.17,0.58,15.0,0.43,24.17,0.42,15.0,0.6,10.0,0.65,15.0,0.17,0.17,43.507098,1776234168000
1776234170.211,170.211,0.4,10.0,0.35,15.0,0.57,24.17,0.58,15.0,0.43,24.17,0.42,15.0,0.6,10.0,0.65,15.0,0.17,0.17,43.506791,1776234169000
1776234171.221,171.221,0.4,10.0,0.35,15.0,0.57,24.17,0.58,15.0,0.43,24.17,0.42,15.0,0.6,10.0,0.65,15.0,0.17,0.17,43.506791,1776234170000
1776234173.036,173.036,0.4,10.0,0.35,15.0,0.57,24.17,0.58,15.0,0.43,24.17,0.42,15.0,0.6,10.0,0.65,15.0,0.17,0.17,43.506945,1776234171000
1776234173.637,173.637,0.4,10.0,0.35,15.0,0.57,24.17,0.58,15.0,0.43,24.17,0.42,15.0,0.6,10.0,0.65,15.0,0.17,0.17,43.507053,1776234172000
1776234174.252,174.252,0.4,10.0,0.35,15.0,0.57,24.17,0.58,15.0,0.43,24.17,0.42,15.0,0.6,10.0,0.65,15.0,0.17,0.17,43.503643,1776234173000
1776234175.556,175.556,0.4,10.0,0.35,15.0,0.57,24.17,0.58,15.0,0.43,24.17,0.42,15.0,0.6,10.0,0.65,15.0,0.17,0.17,43.50492,1776234174000
1776234176.219,176.219,0.4,10.0,0.35,15.0,0.57,24.17,0.58,15.0,0.43,24.17,0.42,15.0,0.6,10.0,0.65,15.0,0.17,0.17,43.500539,1776234175000
1776234177.588,177.588,0.4,10.0,0.35,15.0,0.57,24.17,0.58,15.0,0.43,24.17,0.42,15.0,0.6,10.0,0.65,15.0,0.17,0.17,43.501447,1776234176000
1776234178.185,178.185,0.4,10.0,0.35,15.0,0.57,24.17,0.58,15.0,0.43,24.17,0.42,15.0,0.6,10.0,0.65,15.0,0.17,0.17,43.501447,1776234177000
1776234179.366,179.366,0.4,10.0,0.35,15.0,0.57,24.17,0.58,15.0,0.43,24.17,0.42,15.0,0.6,10.0,0.65,15.0,0.17,0.17,43.501803,1776234178000
1776234180.261,180.261,0.4,10.0,0.35,15.0,0.57,24.17,0.58,15.0,0.43,24.17,0.42,15.0,0.6,10.0,0.65,15.0,0.17,0.17,43.501981,1776234179000
1776234181.344,181.344,0.4,10.0,0.35,15.0,0.57,24.17,0.58,15.0,0.43,24.17,0.42,15.0,0.6,10.0,0.65,15.0,0.17,0.17,43.501527,1776234180000
1776234182.514,182.514,0.4,10.0,0.35,15.0,0.57,24.17,0.58,15.0,0.43,24.17,0.42,15.0,0.6,10.0,0.65,15.0,0.17,0.17,43.500105,1776234181000
1776234183.219,183.219,0.4,10.0,0.35,15.0,0.57,24.17,0.58,15.0,0.43,24.17,0.42,15.0,0.6,10.0,0.65,15.0,0.17,0.17,43.500096,1776234182000
1776234184.363,184.363,0.4,10.0,0.35,15.0,0.57,24.17,0.58,15.0,0.43,24.17,0.42,15.0,0.6,10.0,0.65,15.0,0.17,0.17,43.497155,1776234183000
1776234185.005,185.005,0.4,10.0,0.35,15.0,0.57,24.17,0.58,15.0,0.43,24.17,0.42,15.0,0.6,10.0,0.65,15.0,0.17,0.17,43.497155,1776234184000
1776234186.141,186.141,0.4,10.0,0.35,15.0,0.57,24.17,0.58,15.0,0.43,24.17,0.42,15.0,0.6,10.0,0.65,15.0,0.17,0.17,43.497635,1776234185000
1776234187.878,187.878,0.4,10.0,0.35,15.0,0.57,24.17,0.58,15.0,0.43,24.17,0.42,15.0,0.6,10.0,0.65,15.0,0.17,0.17,43.497029,1776234186000
1776234188.663,188.663,0.4,10.0,0.35,15.0,0.57,24.17,0.58,15.0,0.43,24.17,0.42,15.0,0.6,10.0,0.65,15.0,0.17,0.17,43.496079,1776234187000
1776234189.451,189.451,0.4,10.0,0.35,15.0,0.57,24.17,0.58,15.0,0.43,24.17,0.42,15.0,0.6,10.0,0.65,15.0,0.17,0.17,43.495147,1776234188000
1776234189.993,189.993,0.4,10.0,0.35,15.0,0.57,24.17,0.58,15.0,0.43,24.17,0.42,15.0,0.6,10.0,0.65,15.0,0.17,0.17,43.495138,1776234189000
1776234191.505,191.505,0.4,10.0,0.35,15.0,0.57,24.17,0.58,15.0,0.43,24.17,0.42,15.0,0.6,10.0,0.65,15.0,0.17,0.17,43.49496,1776234190000
1776234192.16,192.16,0.4,10.0,0.35,15.0,0.57,24.17,0.58,15.0,0.43,24.17,0.42,15.0,0.6,10.0,0.65,15.0,0.17,0.17,43.494246,1776234191000
1776234193.576,193.576,0.4,10.0,0.35,15.0,0.57,24.17,0.58,15.0,0.43,24.17,0.42,15.0,0.6,10.0,0.65,15.0,0.17,0.17,43.494692,1776234192000
1776234194.122,194.122,0.4,10.0,0.35,15.0,0.57,24.17,0.58,15.0,0.43,24.17,0.42,15.0,0.6,10.0,0.65,15.0,0.17,0.17,43.494701,1776234193000
1776234195.5,195.5,0.4,10.0,0.35,15.0,0.57,24.17,0.58,15.0,0.43,24.17,0.42,15.0,0.6,10.0,0.65,15.0,0.17,0.17,43.494701,1776234194000
1776234196.28,196.28,0.4,10.0,0.35,15.0,0.57,24.17,0.58,15.0,0.43,24.17,0.42,15.0,0.6,10.0,0.65,15.0,0.17,0.17,43.494523,1776234195000
1776234196.985,196.985,0.4,10.0,0.35,15.0,0.57,24.17,0.58,15.0,0.43,24.17,0.42,15.0,0.6,10.0,0.65,15.0,0.17,0.17,43.493905,1776234196000
1776234197.545,197.545,0.27,10.89,0.26,15.0,0.38,15.0,0.39,25.0,0.43,24.17,0.42,15.0,0.6,10.0,0.65,15.0,0.11,0.17,43.493905,1776234196000
1776234198.575,198.575,0.27,10.89,0.26,15.0,0.38,15.0,0.39,25.0,0.62,15.0,0.61,25.0,0.73,10.89,0.74,15.0,0.11,0.11,43.493057,1776234197000
1776234199.163,199.163,0.27,10.89,0.26,15.0,0.38,15.0,0.39,25.0,0.62,15.0,0.61,25.0,0.73,10.89,0.74,15.0,0.11,0.11,43.493057,1776234198000
1776234200.582,200.582,0.27,10.89,0.26,15.0,0.38,15.0,0.39,25.0,0.62,15.0,0.61,25.0,0.73,10.89,0.74,15.0,0.11,0.11,43.492878,1776234199000
1776234201.507,201.507,0.27,10.89,0.26,15.0,0.38,15.0,0.39,25.0,0.62,15.0,0.61,25.0,0.73,10.89,0.74,15.0,0.11,0.11,43.493228,1776234200000
1776234202.192,202.192,0.27,10.89,0.26,15.0,0.38,15.0,0.39,25.0,0.62,15.0,0.61,25.0,0.73,10.89,0.74,15.0,0.11,0.11,43.494151,1776234201000
1776234203.667,203.667,0.27,10.89,0.26,15.0,0.38,15.0,0.39,25.0,0.62,15.0,0.61,25.0,0.73,10.89,0.74,15.0,0.11,0.11,43.494425,1776234202000
1776234204.312,204.312,0.27,10.89,0.26,15.0,0.38,15.0,0.39,25.0,0.62,15.0,0.61,25.0,0.73,10.89,0.74,15.0,0.11,0.11,43.494416,1776234203000
1776234205.04,205.04,0.27,10.89,0.26,15.0,0.38,15.0,0.39,25.0,0.62,15.0,0.61,25.0,0.73,10.89,0.74,15.0,0.11,0.11,43.494416,1776234204000
1776234206.231,206.231,0.27,10.89,0.26,15.0,0.38,15.0,0.39,25.0,0.62,15.0,0.61,25.0,0.73,10.89,0.74,15.0,0.11,0.11,43.494598,1776234205000
1776234207.312,207.312,0.34,13.48,0.33,15.0,0.47,15.0,0.48,15.0,0.62,15.0,0.61,25.0,0.73,10.89,0.74,15.0,0.13,0.11,43.494598,1776234205000
1776234207.535,207.535,0.34,13.48,0.33,15.0,0.47,15.0,0.48,15.0,0.53,15.0,0.52,15.0,0.66,13.48,0.67,15.0,0.13,0.13,43.494397,1776234206000
1776234208.402,208.402,0.34,13.48,0.33,15.0,0.47,15.0,0.48,15.0,0.53,15.0,0.52,15.0,0.66,13.48,0.67,15.0,0.13,0.13,43.494361,1776234207000
1776234208.985,208.985,0.34,13.48,0.33,15.0,0.47,15.0,0.48,15.0,0.53,15.0,0.52,15.0,0.66,13.48,0.67,15.0,0.13,0.13,43.494361,1776234208000
1776234210.276,210.276,0.34,13.48,0.33,15.0,0.47,15.0,0.48,15.0,0.53,15.0,0.52,15.0,0.66,13.48,0.67,15.0,0.13,0.13,43.494505,1776234209000
1776234211.612,211.612,0.34,13.48,0.33,15.0,0.47,15.0,0.48,15.0,0.53,15.0,0.52,15.0,0.66,13.48,0.67,15.0,0.13,0.13,43.494683,1776234210000
1776234212.155,212.155,0.34,13.48,0.33,15.0,0.47,15.0,0.48,15.0,0.53,15.0,0.52,15.0,0.66,13.48,0.67,15.0,0.13,0.13,43.494158,1776234211000
1776234213.576,213.576,0.34,13.48,0.33,15.0,0.47,15.0,0.48,15.0,0.53,15.0,0.52,15.0,0.66,13.48,0.67,15.0,0.13,0.13,43.494514,1776234212000
1776234214.279,214.279,0.34,13.48,0.33,15.0,0.47,15.0,0.48,15.0,0.53,15.0,0.52,15.0,0.66,13.48,0.67,15.0,0.13,0.13,43.493269,1776234213000
1776234215.51,215.51,0.34,13.48,0.33,15.0,0.47,15.0,0.48,15.0,0.53,15.0,0.52,15.0,0.66,13.48,0.67,15.0,0.13,0.13,43.493236,1776234214000
1776234215.97,215.97,0.34,13.48,0.33,15.0,0.47,15.0,0.48,15.0,0.53,15.0,0.52,15.0,0.66,13.48,0.67,15.0,0.13,0.13,43.493482,1776234215000
1776234217.507,217.507,0.34,13.48,0.33,15.0,0.47,15.0,0.48,15.0,0.53,15.0,0.52,15.0,0.66,13.48,0.67,15.0,0.13,0.13,43.493613,1776234216000
1776234218.166,218.166,0.34,13.48,0.33,15.0,0.47,15.0,0.48,15.0,0.53,15.0,0.52,15.0,0.66,13.48,0.67,15.0,0.13,0.13,43.493761,1776234217000
1776234219.545,219.545,0.34,13.48,0.33,15.0,0.47,15.0,0.48,15.0,0.53,15.0,0.52,15.0,0.66,13.48,0.67,15.0,0.13,0.13,43.493924,1776234218000
1776234220.253,220.253,0.34,13.48,0.33,15.0,0.47,15.0,0.48,15.0,0.53,15.0,0.52,15.0,0.66,13.48,0.67,15.0,0.13,0.13,43.493582,1776234219000
1776234221.089,221.089,0.34,13.48,0.33,15.0,0.47,15.0,0.48,15.0,0.53,15.0,0.52,15.0,0.66,13.48,0.67,15.0,0.13,0.13,43.493214,1776234220000
1776234222.242,222.242,0.34,13.48,0.33,15.0,0.47,15.0,0.48,15.0,0.53,15.0,0.52,15.0,0.66,13.48,0.67,15.0,0.13,0.13,43.492696,1776234221000
1776234223.362,223.362,0.34,13.48,0.33,15.0,0.47,15.0,0.48,15.0,0.53,15.0,0.52,15.0,0.66,13.48,0.67,15.0,0.13,0.13,43.492695,1776234222000
1776234224.096,224.096,0.34,13.48,0.33,15.0,0.47,15.0,0.48,15.0,0.53,15.0,0.52,15.0,0.66,13.48,0.67,15.0,0.13,0.13,43.493216,1776234223000
1776234225.129,225.129,0.34,13.48,0.33,15.0,0.47,15.0,0.48,15.0,0.53,15.0,0.52,15.0,0.66,13.48,0.67,15.0,0.13,0.13,43.493314,1776234224000
1776234226.365,226.365,0.34,13.48,0.33,15.0,0.47,15.0,0.48,15.0,0.53,15.0,0.52,15.0,0.66,13.48,0.67,15.0,0.13,0.13,43.49332,1776234225000
1776234226.952,226.952,0.34,13.48,0.33,15.0,0.47,15.0,0.48,15.0,0.53,15.0,0.52,15.0,0.66,13.48,0.67,15.0,0.13,0.13,43.49332,1776234226000
1776234228.032,228.032,0.34,13.48,0.33,15.0,0.47,15.0,0.48,15.0,0.53,15.0,0.52,15.0,0.66,13.48,0.67,15.0,0.13,0.13,43.49332,1776234227000
1776234229.162,229.162,0.34,13.48,0.33,15.0,0.47,15.0,0.48,15.0,0.53,15.0,0.52,15.0,0.66,13.48,0.67,15.0,0.13,0.13,43.493753,1776234228000
1776234230.398,230.398,0.34,13.48,0.33,15.0,0.47,15.0,0.48,15.0,0.53,15.0,0.52,15.0,0.66,13.48,0.67,15.0,0.13,0.13,43.496274,1776234229000
1776234230.907,230.907,0.34,13.48,0.33,15.0,0.47,15.0,0.48,15.0,0.53,15.0,0.52,15.0,0.66,13.48,0.67,15.0,0.13,0.13,43.496448,1776234230000
1776234232.048,232.048,0.34,13.48,0.33,15.0,0.47,15.0,0.48,15.0,0.53,15.0,0.52,15.0,0.66,13.48,0.67,15.0,0.13,0.13,43.496656,1776234231000
1776234233.177,233.177,0.34,13.48,0.33,15.0,0.47,15.0,0.48,15.0,0.53,15.0,0.52,15.0,0.66,13.48,0.67,15.0,0.13,0.13,43.496639,1776234232000
1776234234.333,234.333,0.34,13.48,0.33,15.0,0.47,15.0,0.48,15.0,0.53,15.0,0.52,15.0,0.66,13.48,0.67,15.0,0.13,0.13,43.496854,1776234233000
1776234234.953,234.953,0.34,13.48,0.33,15.0,0.47,15.0,0.48,15.0,0.53,15.0,0.52,15.0,0.66,13.48,0.67,15.0,0.13,0.13,43.496854,1776234234000
1776234236.056,236.056,0.34,13.48,0.33,15.0,0.47,15.0,0.48,15.0,0.53,15.0,0.52,15.0,0.66,13.48,0.67,15.0,0.13,0.13,43.49701,1776234235000
1776234237.163,237.163,0.34,13.48,0.33,15.0,0.47,15.0,0.48,15.0,0.53,15.0,0.52,15.0,0.66,13.48,0.67,15.0,0.13,0.13,43.497512,1776234236000
1776234238.238,238.238,0.34,13.48,0.33,15.0,0.47,15.0,0.48,15.0,0.53,15.0,0.52,15.0,0.66,13.48,0.67,15.0,0.13,0.13,43.497771,1776234237000
1776234239.135,239.135,0.34,13.48,0.33,15.0,0.47,15.0,0.48,15.0,0.53,15.0,0.52,15.0,0.66,13.48,0.67,15.0,0.13,0.13,43.497771,1776234238000
1776234240.294,240.294,0.34,13.48,0.33,15.0,0.47,15.0,0.48,15.0,0.53,15.0,0.52,15.0,0.66,13.48,0.67,15.0,0.13,0.13,43.497771,1776234239000
1776234241.156,241.156,0.34,13.48,0.33,15.0,0.47,15.0,0.48,15.0,0.53,15.0,0.52,15.0,0.66,13.48,0.67,15.0,0.13,0.13,43.497771,1776234240000
1776234242.204,242.204,0.34,13.48,0.33,15.0,0.47,15.0,0.48,15.0,0.53,15.0,0.52,15.0,0.66,13.48,0.67,15.0,0.13,0.13,43.497771,1776234241000
1776234243.274,243.274,0.34,13.48,0.33,15.0,0.47,15.0,0.48,15.0,0.53,15.0,0.52,15.0,0.66,13.48,0.67,15.0,0.13,0.13,43.498107,1776234242000
1776234244.34,244.34,0.34,13.48,0.33,15.0,0.47,15.0,0.48,15.0,0.53,15.0,0.52,15.0,0.66,13.48,0.67,15.0,0.13,0.13,43.501234,1776234243000
1776234245.379,245.379,0.34,13.48,0.33,15.0,0.47,15.0,0.48,15.0,0.53,15.0,0.52,15.0,0.66,13.48,0.67,15.0,0.13,0.13,43.501234,1776234244000
1776234246.4,246.4,0.34,13.48,0.33,15.0,0.47,15.0,0.48,15.0,0.53,15.0,0.52,15.0,0.66,13.48,0.67,15.0,0.13,0.13,43.501383,1776234245000
1776234246.904,246.904,0.34,13.48,0.33,15.0,0.47,15.0,0.48,15.0,0.53,15.0,0.52,15.0,0.66,13.48,0.67,15.0,0.13,0.13,43.50133,1776234246000
1776234247.943,247.943,0.34,13.48,0.33,15.0,0.47,15.0,0.48,15.0,0.53,15.0,0.52,15.0,0.66,13.48,0.67,15.0,0.13,0.13,43.501329,1776234247000
1776234249.004,249.004,0.34,13.48,0.33,15.0,0.47,15.0,0.48,15.0,0.53,15.0,0.52,15.0,0.66,13.48,0.67,15.0,0.13,0.13,43.501378,1776234248000
1776234250.013,250.013,0.34,13.48,0.33,15.0,0.47,15.0,0.48,15.0,0.53,15.0,0.52,15.0,0.66,13.48,0.67,15.0,0.13,0.13,43.500917,1776234249000
1776234251.481,251.481,0.34,13.48,0.33,15.0,0.47,15.0,0.48,15.0,0.53,15.0,0.52,15.0,0.66,13.48,0.67,15.0,0.13,0.13,43.500824,1776234250000
1776234252.053,252.053,0.34,13.48,0.33,15.0,0.47,15.0,0.48,15.0,0.53,15.0,0.52,15.0,0.66,13.48,0.67,15.0,0.13,0.13,43.500824,1776234251000
1776234253.071,253.071,0.34,13.48,0.33,15.0,0.47,15.0,0.48,15.0,0.53,15.0,0.52,15.0,0.66,13.48,0.67,15.0,0.13,0.13,43.500823,1776234252000
1776234254.18,254.18,0.34,13.48,0.33,15.0,0.47,15.0,0.48,15.0,0.53,15.0,0.52,15.0,0.66,13.48,0.67,15.0,0.13,0.13,43.501182,1776234253000
1776234255.257,255.257,0.34,13.48,0.33,15.0,0.47,15.0,0.48,15.0,0.53,15.0,0.52,15.0,0.66,13.48,0.67,15.0,0.13,0.13,43.501557,1776234254000
1776234256.289,256.289,0.34,13.48,0.33,15.0,0.47,15.0,0.48,15.0,0.53,15.0,0.52,15.0,0.66,13.48,0.67,15.0,0.13,0.13,43.501557,1776234255000
1776234257.363,257.363,0.34,13.48,0.33,15.0,0.47,15.0,0.48,15.0,0.53,15.0,0.52,15.0,0.66,13.48,0.67,15.0,0.13,0.13,43.501557,1776234256000
1776234258.405,258.405,0.34,13.48,0.33,15.0,0.47,15.0,0.48,15.0,0.53,15.0,0.52,15.0,0.66,13.48,0.67,15.0,0.13,0.13,43.501388,1776234257000
1776234259.008,259.008,0.34,13.48,0.33,15.0,0.47,15.0,0.48,15.0,0.53,15.0,0.52,15.0,0.66,13.48,0.67,15.0,0.13,0.13,43.501171,1776234258000
1776234259.977,259.977,0.34,13.48,0.33,15.0,0.47,15.0,0.48,15.0,0.53,15.0,0.52,15.0,0.66,13.48,0.67,15.0,0.13,0.13,43.497826,1776234259000
1776234261.018,261.018,0.34,13.48,0.33,15.0,0.47,15.0,0.48,15.0,0.53,15.0,0.52,15.0,0.66,13.48,0.67,15.0,0.13,0.13,43.497826,1776234260000
1776234262.022,262.022,0.34,13.48,0.33,15.0,0.47,15.0,0.48,15.0,0.53,15.0,0.52,15.0,0.66,13.48,0.67,15.0,0.13,0.13,43.497554,1776234261000
1776234263.061,263.061,0.34,13.48,0.33,15.0,0.47,15.0,0.48,15.0,0.53,15.0,0.52,15.0,0.66,13.48,0.67,15.0,0.13,0.13,43.495703,1776234262000
1776234263.782,263.782,0.18,15.0,0.17,15.0,0.44,40.0,0.45,33.0,0.53,15.0,0.52,15.0,0.66,13.48,0.67,15.0,0.26,0.13,43.495703,1776234262000
1776234264.051,264.051,0.18,15.0,0.17,15.0,0.44,40.0,0.45,33.0,0.56,40.0,0.55,33.0,0.82,15.0,0.83,15.0,0.26,0.26,43.496207,1776234263000
1776234264.978,264.978,0.18,15.0,0.17,15.0,0.44,40.0,0.45,33.0,0.56,40.0,0.55,33.0,0.82,15.0,0.83,15.0,0.26,0.26,43.495675,1776234264000
1776234266.159,266.159,0.18,15.0,0.17,15.0,0.44,40.0,0.45,33.0,0.56,40.0,0.55,33.0,0.82,15.0,0.83,15.0,0.26,0.26,43.496342,1776234265000
1776234267.109,267.109,0.18,15.0,0.17,15.0,0.44,40.0,0.45,33.0,0.56,40.0,0.55,33.0,0.82,15.0,0.83,15.0,0.26,0.26,43.497883,1776234266000
1776234268.027,268.027,0.18,15.0,0.17,15.0,0.44,40.0,0.45,33.0,0.56,40.0,0.55,33.0,0.82,15.0,0.83,15.0,0.26,0.26,43.497838,1776234267000
1776234269.06,269.06,0.18,15.0,0.17,15.0,0.44,40.0,0.45,33.0,0.56,40.0,0.55,33.0,0.82,15.0,0.83,15.0,0.26,0.26,43.497838,1776234268000
1776234269.457,269.457,0.28,15.0,0.27,15.0,0.44,25.0,0.45,18.0,0.56,40.0,0.55,33.0,0.82,15.0,0.83,15.0,0.16,0.26,43.497838,1776234268000
1776234269.991,269.991,0.28,15.0,0.27,15.0,0.44,25.0,0.45,18.0,0.56,25.0,0.55,18.0,0.72,15.0,0.73,15.0,0.16,0.16,43.498017,1776234269000
1776234271.01,271.01,0.28,15.0,0.27,15.0,0.44,25.0,0.45,18.0,0.56,25.0,0.55,18.0,0.72,15.0,0.73,15.0,0.16,0.16,43.498017,1776234270000
1776234271.998,271.998,0.28,15.0,0.27,15.0,0.44,25.0,0.45,18.0,0.56,25.0,0.55,18.0,0.72,15.0,0.73,15.0,0.16,0.16,43.498165,1776234271000
1776234272.957,272.957,0.28,15.0,0.27,15.0,0.44,25.0,0.45,18.0,0.56,25.0,0.55,18.0,0.72,15.0,0.73,15.0,0.16,0.16,43.498119,1776234272000
1776234273.926,273.926,0.28,15.0,0.27,15.0,0.44,25.0,0.45,18.0,0.56,25.0,0.55,18.0,0.72,15.0,0.73,15.0,0.16,0.16,43.497755,1776234273000
1776234274.863,274.863,0.28,15.0,0.27,15.0,0.44,25.0,0.45,18.0,0.56,25.0,0.55,18.0,0.72,15.0,0.73,15.0,0.16,0.16,43.497664,1776234274000
1776234276.251,276.251,0.28,15.0,0.27,15.0,0.44,25.0,0.45,18.0,0.56,25.0,0.55,18.0,0.72,15.0,0.73,15.0,0.16,0.16,43.497715,1776234275000
1776234277.771,277.771,0.28,15.0,0.27,15.0,0.44,25.0,0.45,18.0,0.56,25.0,0.55,18.0,0.72,15.0,0.73,15.0,0.16,0.16,43.497894,1776234276000
1776234278.284,278.284,0.28,15.0,0.27,15.0,0.44,25.0,0.45,18.0,0.56,25.0,0.55,18.0,0.72,15.0,0.73,15.0,0.16,0.16,43.497894,1776234277000
1776234278.607,278.607,0.07,14.28,0.04,5.0,0.44,25.0,0.45,18.0,0.56,25.0,0.55,18.0,0.72,15.0,0.73,15.0,0.37,0.16,43.497894,1776234277000
1776234279.202,279.202,0.07,14.28,0.04,5.0,0.44,25.0,0.45,18.0,0.56,25.0,0.55,18.0,0.93,14.28,0.96,5.0,0.37,0.37,43.496835,1776234278000
1776234280.189,280.189,0.07,14.28,0.04,5.0,0.44,25.0,0.45,18.0,0.56,25.0,0.55,18.0,0.93,14.28,0.96,5.0,0.37,0.37,43.496341,1776234279000
1776234281.196,281.196,0.07,14.28,0.04,5.0,0.44,25.0,0.45,18.0,0.56,25.0,0.55,18.0,0.93,14.28,0.96,5.0,0.37,0.37,43.496341,1776234280000
1776234281.709,281.709,0.14,8.83,0.04,5.0,0.31,10.0,0.44,25.0,0.56,25.0,0.55,18.0,0.93,14.28,0.96,5.0,0.17,0.37,43.496341,1776234280000
1776234282.196,282.196,0.14,8.83,0.04,5.0,0.31,10.0,0.44,25.0,0.69,10.0,0.56,25.0,0.86,8.83,0.96,5.0,0.17,0.17,43.495981,1776234281000
1776234283.237,283.237,0.14,8.83,0.04,5.0,0.31,10.0,0.44,25.0,0.69,10.0,0.56,25.0,0.86,8.83,0.96,5.0,0.17,0.17,43.495648,1776234282000
1776234284.298,284.298,0.14,8.83,0.04,5.0,0.31,10.0,0.44,25.0,0.69,10.0,0.56,25.0,0.86,8.83,0.96,5.0,0.17,0.17,43.495831,1776234283000
1776234285.338,285.338,0.14,8.83,0.04,5.0,0.31,10.0,0.44,25.0,0.69,10.0,0.56,25.0,0.86,8.83,0.96,5.0,0.17,0.17,43.495878,1776234284000
1776234286.298,286.298,0.14,8.83,0.04,5.0,0.31,10.0,0.44,25.0,0.69,10.0,0.56,25.0,0.86,8.83,0.96,5.0,0.17,0.17,43.495878,1776234285000
1776234287.28,287.28,0.14,8.83,0.04,5.0,0.31,10.0,0.44,25.0,0.69,10.0,0.56,25.0,0.86,8.83,0.96,5.0,0.17,0.17,43.496417,1776234286000
1776234288.295,288.295,0.14,8.83,0.04,5.0,0.31,10.0,0.44,25.0,0.69,10.0,0.56,25.0,0.86,8.83,0.96,5.0,0.17,0.17,43.496195,1776234287000
1776234289.242,289.242,0.14,8.83,0.04,5.0,0.31,10.0,0.44,25.0,0.69,10.0,0.56,25.0,0.86,8.83,0.96,5.0,0.17,0.17,43.496121,1776234288000
1776234290.781,290.781,0.14,8.83,0.04,5.0,0.31,10.0,0.44,25.0,0.69,10.0,0.56,25.0,0.86,8.83,0.96,5.0,0.17,0.17,43.495731,1776234289000
1776234291.299,291.299,0.14,8.83,0.04,5.0,0.31,10.0,0.44,25.0,0.69,10.0,0.56,25.0,0.86,8.83,0.96,5.0,0.17,0.17,43.495993,1776234290000
1776234292.35,292.35,0.14,8.83,0.04,5.0,0.31,10.0,0.44,25.0,0.69,10.0,0.56,25.0,0.86,8.83,0.96,5.0,0.17,0.17,43.496308,1776234291000
1776234293.391,293.391,0.14,8.83,0.04,5.0,0.31,10.0,0.44,25.0,0.69,10.0,0.56,25.0,0.86,8.83,0.96,5.0,0.17,0.17,43.496197,1776234292000
1776234294.38,294.38,0.14,8.83,0.04,5.0,0.31,10.0,0.44,25.0,0.69,10.0,0.56,25.0,0.86,8.83,0.96,5.0,0.17,0.17,43.496189,1776234293000
1776234294.967,294.967,0.14,8.83,0.04,5.0,0.31,10.0,0.44,25.0,0.69,10.0,0.56,25.0,0.86,8.83,0.96,5.0,0.17,0.17,43.496189,1776234294000
1776234295.411,295.411,0.04,2.64,0.02,10.0,0.18,10.0,0.44,25.0,0.69,10.0,0.56,25.0,0.86,8.83,0.96,5.0,0.14,0.17,43.496189,1776234294000
1776234295.962,295.962,0.04,2.64,0.02,10.0,0.18,10.0,0.44,25.0,0.82,10.0,0.56,25.0,0.96,2.64,0.98,10.0,0.14,0.14,43.496171,1776234295000
1776234296.45,296.45,0.04,1.5,0.02,10.0,0.17,10.0,0.44,17.0,0.82,10.0,0.56,25.0,0.96,2.64,0.98,10.0,0.13,0.14,43.496171,1776234295000
1776234296.722,296.722,0.02,0.5,0.01,85.0,0.17,10.0,0.44,17.0,0.83,10.0,0.56,17.0,0.98,6.5,0.99,85.0,0.15,0.15,43.496171,1776234295000
1776234297.008,297.008,0.02,0.5,0.01,85.0,0.17,10.0,0.44,17.0,0.83,10.0,0.56,17.0,0.98,0.5,0.99,85.0,0.15,0.15,43.496179,1776234296000
1776234297.429,297.429,0.01,84.38,,,0.15,10.0,0.44,17.0,0.83,10.0,0.56,17.0,0.98,0.5,0.99,85.0,0.14,0.15,43.496179,1776234296000
1776234298.113,298.113,0.01,84.38,,,0.15,10.0,0.44,17.0,0.85,10.0,0.56,17.0,0.99,84.38,,,0.14,0.14,43.495957,1776234297000
1776234298.446,298.446,0.01,53.38,,,0.1,10.0,0.39,6.0,0.9,10.0,0.61,6.0,0.99,63.38,,,0.09,0.09,43.495957,1776234297000
1776234298.962,298.962,,,,,0.01,29.28,0.1,10.0,0.99,29.28,0.9,10.0,,,,,,,43.495957,1776234298000
1776234300.055,300.055,,,,,0.09,2.14,0.39,6.0,0.91,2.14,0.61,6.0,,,,,,,43.495907,1776234299000

# RESULT,winner=Down,slug=hype-updown-5m-1776234000,ticks=314
