timestamp,elapsed_sec,up_bid_p1,up_bid_s1,up_bid_p2,up_bid_s2,up_ask_p1,up_ask_s1,up_ask_p2,up_ask_s2,down_bid_p1,down_bid_s1,down_bid_p2,down_bid_s2,down_ask_p1,down_ask_s1,down_ask_p2,down_ask_s2,up_spread,down_spread,hype_price,hype_oracle_ts
1776219011.223,11.223,,,,,,,,,,,,,,,,,,,44.286195,1776219010000
1776219011.439,11.439,0.36,10.0,0.32,5.0,0.5,5.0,0.53,10.0,0.5,5.0,0.47,10.0,0.64,10.0,0.68,5.0,0.14,0.14,44.286195,1776219010000
1776219011.913,11.913,0.36,10.0,0.32,5.0,0.5,5.0,0.53,10.0,0.5,5.0,0.47,10.0,0.64,10.0,0.68,5.0,0.14,0.14,44.286195,1776219010000
1776219012.358,12.358,0.36,10.0,0.32,5.0,0.5,5.0,0.53,10.0,0.5,5.0,0.47,10.0,0.64,10.0,0.68,5.0,0.14,0.14,44.28566,1776219011000
1776219012.966,12.966,0.36,10.0,0.32,5.0,0.5,5.0,0.53,10.0,0.5,5.0,0.47,10.0,0.64,10.0,0.68,5.0,0.14,0.14,44.284741,1776219012000
1776219014.337,14.337,0.36,10.0,0.32,5.0,0.5,5.0,0.53,10.0,0.5,5.0,0.47,10.0,0.64,10.0,0.68,5.0,0.14,0.14,44.2802,1776219013000
1776219015.116,15.116,0.36,10.0,0.32,5.0,0.5,5.0,0.53,10.0,0.5,5.0,0.47,10.0,0.64,10.0,0.68,5.0,0.14,0.14,44.28116,1776219014000
1776219016.43,16.43,0.36,10.0,0.32,5.0,0.5,5.0,0.53,10.0,0.5,5.0,0.47,10.0,0.64,10.0,0.68,5.0,0.14,0.14,44.280995,1776219015000
1776219017.094,17.094,0.36,10.0,0.32,5.0,0.5,5.0,0.53,10.0,0.5,5.0,0.47,10.0,0.64,10.0,0.68,5.0,0.14,0.14,44.280253,1776219016000
1776219018.399,18.399,0.36,10.0,0.32,5.0,0.5,5.0,0.53,10.0,0.5,5.0,0.47,10.0,0.64,10.0,0.68,5.0,0.14,0.14,44.28049,1776219017000
1776219019.129,19.129,0.36,10.0,0.32,5.0,0.5,5.0,0.53,10.0,0.5,5.0,0.47,10.0,0.64,10.0,0.68,5.0,0.14,0.14,44.280413,1776219018000
1776219020.489,20.489,0.36,10.0,0.32,5.0,0.5,5.0,0.53,10.0,0.5,5.0,0.47,10.0,0.64,10.0,0.68,5.0,0.14,0.14,44.280708,1776219019000
1776219021.075,21.075,0.36,10.0,0.32,5.0,0.5,5.0,0.53,10.0,0.5,5.0,0.47,10.0,0.64,10.0,0.68,5.0,0.14,0.14,44.280708,1776219020000
1776219022.254,22.254,0.36,10.0,0.32,5.0,0.5,5.0,0.53,10.0,0.5,5.0,0.47,10.0,0.64,10.0,0.68,5.0,0.14,0.14,44.280012,1776219021000
1776219023.306,23.306,0.36,10.0,0.32,5.0,0.5,5.0,0.53,10.0,0.5,5.0,0.47,10.0,0.64,10.0,0.68,5.0,0.14,0.14,44.279955,1776219022000
1776219024.228,24.228,0.36,10.0,0.32,5.0,0.5,5.0,0.53,10.0,0.5,5.0,0.47,10.0,0.64,10.0,0.68,5.0,0.14,0.14,44.279912,1776219023000
1776219025.935,25.935,0.36,10.0,0.32,5.0,0.5,5.0,0.53,10.0,0.5,5.0,0.47,10.0,0.64,10.0,0.68,5.0,0.14,0.14,44.279395,1776219025000
1776219027.531,27.531,0.36,10.0,0.32,5.0,0.5,5.0,0.53,10.0,0.5,5.0,0.47,10.0,0.64,10.0,0.68,5.0,0.14,0.14,44.279324,1776219026000
1776219028.179,28.179,0.36,10.0,0.32,5.0,0.5,5.0,0.53,10.0,0.5,5.0,0.47,10.0,0.64,10.0,0.68,5.0,0.14,0.14,44.279162,1776219027000
1776219029.638,29.638,0.36,10.0,0.32,5.0,0.5,5.0,0.53,10.0,0.5,5.0,0.47,10.0,0.64,10.0,0.68,5.0,0.14,0.14,44.278649,1776219028000
1776219030.319,30.319,0.36,10.0,0.32,5.0,0.5,5.0,0.53,10.0,0.5,5.0,0.47,10.0,0.64,10.0,0.68,5.0,0.14,0.14,44.277857,1776219029000
1776219031.002,31.002,0.36,10.0,0.32,5.0,0.5,5.0,0.53,10.0,0.5,5.0,0.47,10.0,0.64,10.0,0.68,5.0,0.14,0.14,44.277016,1776219030000
1776219032.513,32.513,0.36,10.0,0.32,5.0,0.5,5.0,0.53,10.0,0.5,5.0,0.47,10.0,0.64,10.0,0.68,5.0,0.14,0.14,44.276553,1776219031000
1776219033.307,33.307,0.36,10.0,0.32,5.0,0.5,5.0,0.53,10.0,0.5,5.0,0.47,10.0,0.64,10.0,0.68,5.0,0.14,0.14,44.27655,1776219032000
1776219034.801,34.801,0.36,10.0,0.32,5.0,0.5,5.0,0.53,10.0,0.5,5.0,0.47,10.0,0.64,10.0,0.68,5.0,0.14,0.14,44.275573,1776219033000
1776219035.596,35.596,0.36,10.0,0.32,5.0,0.5,5.0,0.53,10.0,0.5,5.0,0.47,10.0,0.64,10.0,0.68,5.0,0.14,0.14,44.274538,1776219034000
1776219036.333,36.333,0.36,10.0,0.32,5.0,0.5,5.0,0.53,10.0,0.5,5.0,0.47,10.0,0.64,10.0,0.68,5.0,0.14,0.14,44.274481,1776219035000
1776219037.085,37.085,0.36,10.0,0.32,5.0,0.5,5.0,0.53,10.0,0.5,5.0,0.47,10.0,0.64,10.0,0.68,5.0,0.14,0.14,44.274567,1776219036000
1776219038.646,38.646,0.36,10.0,0.32,5.0,0.5,5.0,0.53,10.0,0.5,5.0,0.47,10.0,0.64,10.0,0.68,5.0,0.14,0.14,44.274494,1776219037000
1776219039.398,39.398,0.36,10.0,0.32,5.0,0.5,5.0,0.53,10.0,0.5,5.0,0.47,10.0,0.64,10.0,0.68,5.0,0.14,0.14,44.274577,1776219038000
1776219040.202,40.202,0.36,10.0,0.32,5.0,0.5,5.0,0.53,10.0,0.5,5.0,0.47,10.0,0.64,10.0,0.68,5.0,0.14,0.14,44.274577,1776219039000
1776219043.225,43.225,0.36,10.0,0.32,5.0,0.5,5.0,0.53,10.0,0.5,5.0,0.47,10.0,0.64,10.0,0.68,5.0,0.14,0.14,44.280053,1776219040000
1776219043.841,43.841,0.36,10.0,0.32,5.0,0.5,5.0,0.53,10.0,0.5,5.0,0.47,10.0,0.64,10.0,0.68,5.0,0.14,0.14,44.280452,1776219042000
1776219044.349,44.349,0.36,10.0,0.32,5.0,0.5,5.0,0.53,10.0,0.5,5.0,0.47,10.0,0.64,10.0,0.68,5.0,0.14,0.14,44.278768,1776219043000
1776219045.308,45.308,0.36,10.0,0.32,5.0,0.5,5.0,0.53,10.0,0.5,5.0,0.47,10.0,0.64,10.0,0.68,5.0,0.14,0.14,44.278366,1776219044000
1776219045.831,45.831,0.36,10.0,0.32,5.0,0.5,5.0,0.53,10.0,0.5,5.0,0.47,10.0,0.64,10.0,0.68,5.0,0.14,0.14,44.279602,1776219045000
1776219046.881,46.881,0.36,10.0,0.32,5.0,0.5,5.0,0.53,10.0,0.5,5.0,0.47,10.0,0.64,10.0,0.68,5.0,0.14,0.14,44.278418,1776219046000
1776219047.84,47.84,0.36,10.0,0.32,5.0,0.5,5.0,0.53,10.0,0.5,5.0,0.47,10.0,0.64,10.0,0.68,5.0,0.14,0.14,44.28001,1776219047000
1776219048.917,48.917,0.36,10.0,0.32,5.0,0.5,5.0,0.53,10.0,0.5,5.0,0.47,10.0,0.64,10.0,0.68,5.0,0.14,0.14,44.279205,1776219048000
1776219049.947,49.947,0.36,10.0,0.32,5.0,0.5,5.0,0.53,10.0,0.5,5.0,0.47,10.0,0.64,10.0,0.68,5.0,0.14,0.14,44.279188,1776219049000
1776219050.924,50.924,0.36,10.0,0.32,5.0,0.5,5.0,0.53,10.0,0.5,5.0,0.47,10.0,0.64,10.0,0.68,5.0,0.14,0.14,44.279455,1776219050000
1776219051.836,51.836,0.36,10.0,0.32,5.0,0.5,5.0,0.53,10.0,0.5,5.0,0.47,10.0,0.64,10.0,0.68,5.0,0.14,0.14,44.282208,1776219051000
1776219052.953,52.953,0.36,10.0,0.32,5.0,0.5,5.0,0.53,10.0,0.5,5.0,0.47,10.0,0.64,10.0,0.68,5.0,0.14,0.14,44.28374,1776219052000
1776219053.992,53.992,0.36,10.0,0.32,5.0,0.5,5.0,0.53,10.0,0.5,5.0,0.47,10.0,0.64,10.0,0.68,5.0,0.14,0.14,44.284078,1776219053000
1776219054.89,54.89,0.36,10.0,0.32,5.0,0.5,5.0,0.53,10.0,0.5,5.0,0.47,10.0,0.64,10.0,0.68,5.0,0.14,0.14,44.286676,1776219054000
1776219055.998,55.998,0.36,10.0,0.32,5.0,0.5,5.0,0.53,10.0,0.5,5.0,0.47,10.0,0.64,10.0,0.68,5.0,0.14,0.14,44.287099,1776219055000
1776219057.726,57.726,0.36,10.0,0.32,5.0,0.5,5.0,0.53,10.0,0.5,5.0,0.47,10.0,0.64,10.0,0.68,5.0,0.14,0.14,44.288033,1776219056000
1776219058.332,58.332,0.36,10.0,0.32,5.0,0.5,5.0,0.53,10.0,0.5,5.0,0.47,10.0,0.64,10.0,0.68,5.0,0.14,0.14,44.287765,1776219057000
1776219059.031,59.031,0.36,10.0,0.32,5.0,0.5,5.0,0.53,10.0,0.5,5.0,0.47,10.0,0.64,10.0,0.68,5.0,0.14,0.14,44.287764,1776219058000
1776219060.56,60.56,0.36,10.0,0.32,5.0,0.5,5.0,0.53,10.0,0.5,5.0,0.47,10.0,0.64,10.0,0.68,5.0,0.14,0.14,44.286931,1776219059000
1776219061.539,61.539,0.36,10.0,0.32,5.0,0.5,5.0,0.53,10.0,0.5,5.0,0.47,10.0,0.64,10.0,0.68,5.0,0.14,0.14,44.286931,1776219060000
1776219062.151,62.151,0.36,10.0,0.32,5.0,0.5,5.0,0.53,10.0,0.5,5.0,0.47,10.0,0.64,10.0,0.68,5.0,0.14,0.14,44.286559,1776219061000
1776219063.435,63.435,0.36,10.0,0.32,5.0,0.5,5.0,0.53,10.0,0.5,5.0,0.47,10.0,0.64,10.0,0.68,5.0,0.14,0.14,44.286881,1776219062000
1776219064.126,64.126,0.36,10.0,0.32,5.0,0.5,5.0,0.53,10.0,0.5,5.0,0.47,10.0,0.64,10.0,0.68,5.0,0.14,0.14,44.288516,1776219063000
1776219065.308,65.308,0.36,10.0,0.32,5.0,0.5,5.0,0.53,10.0,0.5,5.0,0.47,10.0,0.64,10.0,0.68,5.0,0.14,0.14,44.288259,1776219064000
1776219066.538,66.538,0.36,10.0,0.32,5.0,0.5,5.0,0.53,10.0,0.5,5.0,0.47,10.0,0.64,10.0,0.68,5.0,0.14,0.14,44.287604,1776219065000
1776219067.166,67.166,0.36,10.0,0.32,5.0,0.5,5.0,0.53,10.0,0.5,5.0,0.47,10.0,0.64,10.0,0.68,5.0,0.14,0.14,44.287604,1776219066000
1776219068.499,68.499,0.36,10.0,0.32,5.0,0.5,5.0,0.53,10.0,0.5,5.0,0.47,10.0,0.64,10.0,0.68,5.0,0.14,0.14,44.283279,1776219067000
1776219069.118,69.118,0.36,10.0,0.32,5.0,0.5,5.0,0.53,10.0,0.5,5.0,0.47,10.0,0.64,10.0,0.68,5.0,0.14,0.14,44.28249,1776219068000
1776219070.259,70.259,0.36,10.0,0.32,5.0,0.5,5.0,0.53,10.0,0.5,5.0,0.47,10.0,0.64,10.0,0.68,5.0,0.14,0.14,44.278431,1776219069000
1776219071.469,71.469,0.36,10.0,0.32,5.0,0.5,5.0,0.53,10.0,0.5,5.0,0.47,10.0,0.64,10.0,0.68,5.0,0.14,0.14,44.278353,1776219070000
1776219072.136,72.136,0.36,10.0,0.32,5.0,0.5,5.0,0.53,10.0,0.5,5.0,0.47,10.0,0.64,10.0,0.68,5.0,0.14,0.14,44.280609,1776219071000
1776219073.715,73.715,0.36,10.0,0.32,5.0,0.5,5.0,0.53,10.0,0.5,5.0,0.47,10.0,0.64,10.0,0.68,5.0,0.14,0.14,44.280521,1776219072000
1776219074.306,74.306,0.36,10.0,0.32,5.0,0.5,5.0,0.53,10.0,0.5,5.0,0.47,10.0,0.64,10.0,0.68,5.0,0.14,0.14,44.280638,1776219073000
1776219075.701,75.701,0.36,10.0,0.32,5.0,0.5,5.0,0.53,10.0,0.5,5.0,0.47,10.0,0.64,10.0,0.68,5.0,0.14,0.14,44.278735,1776219074000
1776219076.473,76.473,0.36,10.0,0.32,5.0,0.5,5.0,0.53,10.0,0.5,5.0,0.47,10.0,0.64,10.0,0.68,5.0,0.14,0.14,44.279193,1776219075000
1776219077.415,77.415,0.36,10.0,0.32,5.0,0.5,5.0,0.53,10.0,0.5,5.0,0.47,10.0,0.64,10.0,0.68,5.0,0.14,0.14,44.27984,1776219076000
1776219077.997,77.997,0.36,10.0,0.32,5.0,0.5,5.0,0.53,10.0,0.5,5.0,0.47,10.0,0.64,10.0,0.68,5.0,0.14,0.14,44.280954,1776219077000
1776219078.983,78.983,0.36,10.0,0.32,5.0,0.5,5.0,0.53,10.0,0.5,5.0,0.47,10.0,0.64,10.0,0.68,5.0,0.14,0.14,44.280856,1776219078000
1776219080.076,80.076,0.36,10.0,0.32,5.0,0.5,5.0,0.53,10.0,0.5,5.0,0.47,10.0,0.64,10.0,0.68,5.0,0.14,0.14,44.28089,1776219079000
1776219081.188,81.188,0.36,10.0,0.32,5.0,0.5,5.0,0.53,10.0,0.5,5.0,0.47,10.0,0.64,10.0,0.68,5.0,0.14,0.14,44.281146,1776219080000
1776219082.523,82.523,0.36,10.0,0.32,5.0,0.5,5.0,0.53,10.0,0.5,5.0,0.47,10.0,0.64,10.0,0.68,5.0,0.14,0.14,44.281164,1776219081000
1776219083.381,83.381,0.36,10.0,0.32,5.0,0.5,5.0,0.53,10.0,0.5,5.0,0.47,10.0,0.64,10.0,0.68,5.0,0.14,0.14,44.278555,1776219082000
1776219084.176,84.176,0.36,10.0,0.32,5.0,0.5,5.0,0.53,10.0,0.5,5.0,0.47,10.0,0.64,10.0,0.68,5.0,0.14,0.14,44.282966,1776219083000
1776219085.453,85.453,0.36,10.0,0.32,5.0,0.5,5.0,0.53,10.0,0.5,5.0,0.47,10.0,0.64,10.0,0.68,5.0,0.14,0.14,44.282401,1776219084000
1776219086.142,86.142,0.36,10.0,0.32,5.0,0.5,5.0,0.53,10.0,0.5,5.0,0.47,10.0,0.64,10.0,0.68,5.0,0.14,0.14,44.281779,1776219085000
1776219087.322,87.322,0.36,10.0,0.32,5.0,0.5,5.0,0.53,10.0,0.5,5.0,0.47,10.0,0.64,10.0,0.68,5.0,0.14,0.14,44.280979,1776219086000
1776219087.937,87.937,0.36,10.0,0.32,5.0,0.5,5.0,0.53,10.0,0.5,5.0,0.47,10.0,0.64,10.0,0.68,5.0,0.14,0.14,44.279363,1776219087000
1776219089.416,89.416,0.36,10.0,0.32,5.0,0.5,5.0,0.53,10.0,0.5,5.0,0.47,10.0,0.64,10.0,0.68,5.0,0.14,0.14,44.279943,1776219088000
1776219089.899,89.899,0.36,10.0,0.32,5.0,0.5,5.0,0.53,10.0,0.5,5.0,0.47,10.0,0.64,10.0,0.68,5.0,0.14,0.14,44.280058,1776219089000
1776219090.9,90.9,0.36,10.0,0.32,5.0,0.5,5.0,0.53,10.0,0.5,5.0,0.47,10.0,0.64,10.0,0.68,5.0,0.14,0.14,44.280266,1776219090000
1776219091.855,91.855,0.36,10.0,0.32,5.0,0.5,5.0,0.53,10.0,0.5,5.0,0.47,10.0,0.64,10.0,0.68,5.0,0.14,0.14,44.280406,1776219091000
1776219092.976,92.976,0.36,10.0,0.32,5.0,0.5,5.0,0.53,10.0,0.5,5.0,0.47,10.0,0.64,10.0,0.68,5.0,0.14,0.14,44.279885,1776219092000
1776219093.962,93.962,0.36,10.0,0.32,5.0,0.5,5.0,0.53,10.0,0.5,5.0,0.47,10.0,0.64,10.0,0.68,5.0,0.14,0.14,44.279579,1776219093000
1776219095.009,95.009,0.36,10.0,0.32,5.0,0.5,5.0,0.53,10.0,0.5,5.0,0.47,10.0,0.64,10.0,0.68,5.0,0.14,0.14,44.28169,1776219094000
1776219096.043,96.043,0.36,10.0,0.32,5.0,0.5,5.0,0.53,10.0,0.5,5.0,0.47,10.0,0.64,10.0,0.68,5.0,0.14,0.14,44.281875,1776219095000
1776219097.018,97.018,0.36,10.0,0.32,5.0,0.5,5.0,0.53,10.0,0.5,5.0,0.47,10.0,0.64,10.0,0.68,5.0,0.14,0.14,44.28235,1776219096000
1776219098.077,98.077,0.36,10.0,0.32,5.0,0.5,5.0,0.53,10.0,0.5,5.0,0.47,10.0,0.64,10.0,0.68,5.0,0.14,0.14,44.282483,1776219097000
1776219099.074,99.074,0.39,15.0,0.38,15.0,0.5,5.0,0.52,15.0,0.5,5.0,0.48,15.0,0.61,15.0,0.62,15.0,0.11,0.11,44.282482,1776219098000
1776219100.122,100.122,0.39,15.0,0.38,15.0,0.5,5.0,0.52,15.0,0.5,5.0,0.48,15.0,0.61,15.0,0.62,15.0,0.11,0.11,44.282149,1776219099000
1776219101.158,101.158,0.39,15.0,0.38,15.0,0.5,5.0,0.52,15.0,0.5,5.0,0.48,15.0,0.61,15.0,0.62,15.0,0.11,0.11,44.282149,1776219100000
1776219102.704,102.704,0.39,15.0,0.38,15.0,0.5,5.0,0.52,15.0,0.5,5.0,0.48,15.0,0.61,15.0,0.62,15.0,0.11,0.11,44.282401,1776219101000
1776219103.264,103.264,0.39,15.0,0.38,15.0,0.5,5.0,0.52,15.0,0.5,5.0,0.48,15.0,0.61,15.0,0.62,15.0,0.11,0.11,44.282329,1776219102000
1776219104.383,104.383,0.39,15.0,0.38,15.0,0.5,5.0,0.52,15.0,0.5,5.0,0.48,15.0,0.61,15.0,0.62,15.0,0.11,0.11,44.28202,1776219103000
1776219105.268,105.268,0.39,15.0,0.38,15.0,0.5,5.0,0.52,15.0,0.5,5.0,0.48,15.0,0.61,15.0,0.62,15.0,0.11,0.11,44.28181,1776219104000
1776219106.278,106.278,0.37,15.0,0.36,15.0,0.5,20.0,0.51,25.0,0.5,20.0,0.49,25.0,0.63,15.0,0.64,15.0,0.13,0.13,44.281646,1776219105000
1776219107.321,107.321,0.37,15.0,0.36,15.0,0.5,20.0,0.51,25.0,0.5,20.0,0.49,25.0,0.63,15.0,0.64,15.0,0.13,0.13,44.281671,1776219106000
1776219108.307,108.307,0.37,15.0,0.36,15.0,0.5,20.0,0.51,25.0,0.5,20.0,0.49,25.0,0.63,15.0,0.64,15.0,0.13,0.13,44.281495,1776219107000
1776219109.005,109.005,0.37,15.0,0.36,15.0,0.5,20.0,0.51,25.0,0.5,20.0,0.49,25.0,0.63,15.0,0.64,15.0,0.13,0.13,44.281508,1776219108000
1776219110.007,110.007,0.37,15.0,0.36,15.0,0.5,20.0,0.51,25.0,0.5,20.0,0.49,25.0,0.63,15.0,0.64,15.0,0.13,0.13,44.280829,1776219109000
1776219110.947,110.947,0.37,15.0,0.36,15.0,0.5,20.0,0.51,25.0,0.5,20.0,0.49,25.0,0.63,15.0,0.64,15.0,0.13,0.13,44.281355,1776219110000
1776219112.006,112.006,0.37,15.0,0.36,15.0,0.5,20.0,0.51,25.0,0.5,20.0,0.49,25.0,0.63,15.0,0.64,15.0,0.13,0.13,44.281304,1776219111000
1776219113.177,113.177,0.37,15.0,0.36,15.0,0.5,20.0,0.51,25.0,0.5,20.0,0.49,25.0,0.63,15.0,0.64,15.0,0.13,0.13,44.282168,1776219112000
1776219114.275,114.275,0.37,15.0,0.36,15.0,0.5,20.0,0.51,25.0,0.5,20.0,0.49,25.0,0.63,15.0,0.64,15.0,0.13,0.13,44.281898,1776219113000
1776219115.328,115.328,0.37,15.0,0.36,15.0,0.5,20.0,0.51,25.0,0.5,20.0,0.49,25.0,0.63,15.0,0.64,15.0,0.13,0.13,44.283192,1776219114000
1776219116.786,116.786,0.37,15.0,0.36,15.0,0.5,20.0,0.51,25.0,0.5,20.0,0.49,25.0,0.63,15.0,0.64,15.0,0.13,0.13,44.28665,1776219115000
1776219117.15,117.15,0.49,15.0,0.48,15.0,0.6,10.0,0.61,5.0,0.5,20.0,0.49,25.0,0.63,15.0,0.64,15.0,0.11,0.13,44.28665,1776219115000
1776219118.361,118.361,0.49,15.0,0.48,15.0,0.6,10.0,0.61,5.0,0.4,10.0,0.39,5.0,0.51,15.0,0.52,15.0,0.11,0.11,44.287526,1776219117000
1776219118.98,118.98,0.49,15.0,0.48,15.0,0.6,10.0,0.61,5.0,0.4,10.0,0.39,5.0,0.51,15.0,0.52,15.0,0.11,0.11,44.287642,1776219118000
1776219120.207,120.207,0.49,15.0,0.48,15.0,0.6,10.0,0.61,5.0,0.4,10.0,0.39,5.0,0.51,15.0,0.52,15.0,0.11,0.11,44.28764,1776219119000
1776219121.238,121.238,0.49,15.0,0.48,15.0,0.6,10.0,0.61,5.0,0.4,10.0,0.39,5.0,0.51,15.0,0.52,15.0,0.11,0.11,44.287094,1776219120000
1776219122.449,122.449,0.49,15.0,0.48,15.0,0.6,10.0,0.61,5.0,0.4,10.0,0.39,5.0,0.51,15.0,0.52,15.0,0.11,0.11,44.287008,1776219121000
1776219122.99,122.99,0.49,15.0,0.48,15.0,0.6,10.0,0.61,5.0,0.4,10.0,0.39,5.0,0.51,15.0,0.52,15.0,0.11,0.11,44.287099,1776219122000
1776219124.191,124.191,0.49,15.0,0.48,15.0,0.6,10.0,0.61,5.0,0.4,10.0,0.39,5.0,0.51,15.0,0.52,15.0,0.11,0.11,44.287448,1776219123000
1776219125.334,125.334,0.49,15.0,0.48,15.0,0.6,10.0,0.61,5.0,0.4,10.0,0.39,5.0,0.51,15.0,0.52,15.0,0.11,0.11,44.287561,1776219124000
1776219125.942,125.942,0.49,15.0,0.48,15.0,0.6,10.0,0.61,5.0,0.4,10.0,0.39,5.0,0.51,15.0,0.52,15.0,0.11,0.11,44.287565,1776219125000
1776219127.035,127.035,0.49,15.0,0.48,15.0,0.6,10.0,0.61,5.0,0.4,10.0,0.39,5.0,0.51,15.0,0.52,15.0,0.11,0.11,44.287675,1776219126000
1776219128.183,128.183,0.49,15.0,0.48,15.0,0.6,10.0,0.61,5.0,0.4,10.0,0.39,5.0,0.51,15.0,0.52,15.0,0.11,0.11,44.287675,1776219127000
1776219129.322,129.322,0.49,15.0,0.48,15.0,0.6,10.0,0.61,5.0,0.4,10.0,0.39,5.0,0.51,15.0,0.52,15.0,0.11,0.11,44.287674,1776219128000
1776219130.094,130.094,0.49,15.0,0.48,15.0,0.6,10.0,0.61,5.0,0.4,10.0,0.39,5.0,0.51,15.0,0.52,15.0,0.11,0.11,44.287674,1776219129000
1776219131.485,131.485,0.49,15.0,0.48,15.0,0.6,10.0,0.61,5.0,0.4,10.0,0.39,5.0,0.51,15.0,0.52,15.0,0.11,0.11,44.287507,1776219130000
1776219132.059,132.059,0.49,15.0,0.48,15.0,0.6,10.0,0.61,5.0,0.4,10.0,0.39,5.0,0.51,15.0,0.52,15.0,0.11,0.11,44.289694,1776219131000
1776219133.147,133.147,0.49,15.0,0.48,15.0,0.6,10.0,0.61,5.0,0.4,10.0,0.39,5.0,0.51,15.0,0.52,15.0,0.11,0.11,44.289728,1776219132000
1776219134.331,134.331,0.49,15.0,0.48,15.0,0.6,10.0,0.61,5.0,0.4,10.0,0.39,5.0,0.51,15.0,0.52,15.0,0.11,0.11,44.289715,1776219133000
1776219135.425,135.425,0.49,15.0,0.48,15.0,0.6,10.0,0.61,5.0,0.4,10.0,0.39,5.0,0.51,15.0,0.52,15.0,0.11,0.11,44.289672,1776219134000
1776219135.98,135.98,0.49,15.0,0.48,15.0,0.6,10.0,0.61,5.0,0.4,10.0,0.39,5.0,0.51,15.0,0.52,15.0,0.11,0.11,44.289209,1776219135000
1776219137.138,137.138,0.49,15.0,0.48,15.0,0.6,10.0,0.61,5.0,0.4,10.0,0.39,5.0,0.51,15.0,0.52,15.0,0.11,0.11,44.289237,1776219136000
1776219138.284,138.284,0.49,15.0,0.48,15.0,0.6,10.0,0.61,5.0,0.4,10.0,0.39,5.0,0.51,15.0,0.52,15.0,0.11,0.11,44.289201,1776219137000
1776219139.431,139.431,0.49,15.0,0.48,15.0,0.6,10.0,0.61,5.0,0.4,10.0,0.39,5.0,0.51,15.0,0.52,15.0,0.11,0.11,44.289901,1776219138000
1776219140.07,140.07,0.49,15.0,0.48,15.0,0.6,10.0,0.61,5.0,0.4,10.0,0.39,5.0,0.51,15.0,0.52,15.0,0.11,0.11,44.289362,1776219139000
1776219141.23,141.23,0.49,15.0,0.48,15.0,0.6,10.0,0.61,5.0,0.4,10.0,0.39,5.0,0.51,15.0,0.52,15.0,0.11,0.11,44.283469,1776219140000
1776219142.294,142.294,0.49,15.0,0.48,15.0,0.6,10.0,0.61,5.0,0.4,10.0,0.39,5.0,0.51,15.0,0.52,15.0,0.11,0.11,44.283111,1776219141000
1776219143.489,143.489,0.49,15.0,0.48,15.0,0.6,10.0,0.61,5.0,0.4,10.0,0.39,5.0,0.51,15.0,0.52,15.0,0.11,0.11,44.282401,1776219142000
1776219144.067,144.067,0.49,15.0,0.48,15.0,0.6,10.0,0.61,5.0,0.4,10.0,0.39,5.0,0.51,15.0,0.52,15.0,0.11,0.11,44.28198,1776219143000
1776219145.237,145.237,0.49,15.0,0.48,15.0,0.6,10.0,0.61,5.0,0.4,10.0,0.39,5.0,0.51,15.0,0.52,15.0,0.11,0.11,44.28094,1776219144000
1776219146.132,146.132,0.49,15.0,0.48,15.0,0.6,10.0,0.61,5.0,0.4,10.0,0.39,5.0,0.51,15.0,0.52,15.0,0.11,0.11,44.281576,1776219145000
1776219147.183,147.183,0.49,15.0,0.48,15.0,0.6,10.0,0.61,5.0,0.4,10.0,0.39,5.0,0.51,15.0,0.52,15.0,0.11,0.11,44.28211,1776219146000
1776219148.212,148.212,0.49,15.0,0.48,15.0,0.6,10.0,0.61,5.0,0.4,10.0,0.39,5.0,0.51,15.0,0.52,15.0,0.11,0.11,44.282215,1776219147000
1776219149.162,149.162,0.49,15.0,0.48,15.0,0.6,10.0,0.61,5.0,0.4,10.0,0.39,5.0,0.51,15.0,0.52,15.0,0.11,0.11,44.282237,1776219148000
1776219150.793,150.793,0.49,15.0,0.48,15.0,0.6,10.0,0.61,5.0,0.4,10.0,0.39,5.0,0.51,15.0,0.52,15.0,0.11,0.11,44.281966,1776219149000
1776219151.457,151.457,0.49,15.0,0.48,15.0,0.6,10.0,0.61,5.0,0.4,10.0,0.39,5.0,0.51,15.0,0.52,15.0,0.11,0.11,44.281587,1776219150000
1776219151.965,151.965,0.49,15.0,0.48,15.0,0.6,10.0,0.61,5.0,0.4,10.0,0.39,5.0,0.51,15.0,0.52,15.0,0.11,0.11,44.281587,1776219151000
1776219153.092,153.092,0.49,15.0,0.48,15.0,0.6,10.0,0.61,5.0,0.4,10.0,0.39,5.0,0.51,15.0,0.52,15.0,0.11,0.11,44.281618,1776219152000
1776219154.117,154.117,0.49,15.0,0.48,15.0,0.6,10.0,0.61,5.0,0.4,10.0,0.39,5.0,0.51,15.0,0.52,15.0,0.11,0.11,44.281549,1776219153000
1776219155.155,155.155,0.49,15.0,0.48,15.0,0.6,10.0,0.61,5.0,0.4,10.0,0.39,5.0,0.51,15.0,0.52,15.0,0.11,0.11,44.281355,1776219154000
1776219156.215,156.215,0.49,15.0,0.48,15.0,0.6,10.0,0.61,5.0,0.4,10.0,0.39,5.0,0.51,15.0,0.52,15.0,0.11,0.11,44.282085,1776219155000
1776219157.315,157.315,0.49,15.0,0.48,15.0,0.6,10.0,0.61,5.0,0.4,10.0,0.39,5.0,0.51,15.0,0.52,15.0,0.11,0.11,44.282545,1776219156000
1776219158.403,158.403,0.49,15.0,0.48,15.0,0.6,10.0,0.61,5.0,0.4,10.0,0.39,5.0,0.51,15.0,0.52,15.0,0.11,0.11,44.282745,1776219157000
1776219158.879,158.879,0.49,15.0,0.48,15.0,0.6,10.0,0.61,5.0,0.4,10.0,0.39,5.0,0.51,15.0,0.52,15.0,0.11,0.11,44.282135,1776219158000
1776219160.432,160.432,0.49,15.0,0.48,15.0,0.6,10.0,0.61,5.0,0.4,10.0,0.39,5.0,0.51,15.0,0.52,15.0,0.11,0.11,44.282623,1776219159000
1776219160.879,160.879,0.49,15.0,0.48,15.0,0.6,10.0,0.61,5.0,0.4,10.0,0.39,5.0,0.51,15.0,0.52,15.0,0.11,0.11,44.282692,1776219160000
1776219162.027,162.027,0.49,15.0,0.48,15.0,0.6,10.0,0.61,5.0,0.4,10.0,0.39,5.0,0.51,15.0,0.52,15.0,0.11,0.11,44.283173,1776219161000
1776219162.91,162.91,0.49,15.0,0.48,15.0,0.6,10.0,0.61,5.0,0.4,10.0,0.39,5.0,0.51,15.0,0.52,15.0,0.11,0.11,44.280294,1776219162000
1776219163.849,163.849,0.49,15.0,0.48,15.0,0.6,10.0,0.61,5.0,0.4,10.0,0.39,5.0,0.51,15.0,0.52,15.0,0.11,0.11,44.282905,1776219163000
1776219164.853,164.853,0.49,15.0,0.48,15.0,0.6,10.0,0.61,5.0,0.4,10.0,0.39,5.0,0.51,15.0,0.52,15.0,0.11,0.11,44.282696,1776219164000
1776219165.863,165.863,0.49,15.0,0.48,15.0,0.6,10.0,0.61,5.0,0.4,10.0,0.39,5.0,0.51,15.0,0.52,15.0,0.11,0.11,44.282401,1776219165000
1776219166.839,166.839,0.49,15.0,0.48,15.0,0.6,10.0,0.61,5.0,0.4,10.0,0.39,5.0,0.51,15.0,0.52,15.0,0.11,0.11,44.273838,1776219166000
1776219168.238,168.238,0.49,15.0,0.48,15.0,0.6,10.0,0.61,5.0,0.4,10.0,0.39,5.0,0.51,15.0,0.52,15.0,0.11,0.11,44.272138,1776219167000
1776219169.247,169.247,0.49,15.0,0.48,15.0,0.6,10.0,0.61,5.0,0.4,10.0,0.39,5.0,0.51,15.0,0.52,15.0,0.11,0.11,44.271192,1776219168000
1776219170.217,170.217,0.49,15.0,0.48,15.0,0.6,10.0,0.61,5.0,0.4,10.0,0.39,5.0,0.51,15.0,0.52,15.0,0.11,0.11,44.271271,1776219169000
1776219171.177,171.177,0.49,15.0,0.48,15.0,0.6,10.0,0.61,5.0,0.4,10.0,0.39,5.0,0.51,15.0,0.52,15.0,0.11,0.11,44.272011,1776219170000
1776219172.145,172.145,0.49,15.0,0.48,15.0,0.6,10.0,0.61,5.0,0.4,10.0,0.39,5.0,0.51,15.0,0.52,15.0,0.11,0.11,44.270703,1776219171000
1776219173.121,173.121,0.49,15.0,0.48,15.0,0.6,10.0,0.61,5.0,0.4,10.0,0.39,5.0,0.51,15.0,0.52,15.0,0.11,0.11,44.270894,1776219172000
1776219174.194,174.194,0.49,15.0,0.48,15.0,0.6,10.0,0.61,5.0,0.4,10.0,0.39,5.0,0.51,15.0,0.52,15.0,0.11,0.11,44.270826,1776219173000
1776219175.198,175.198,0.49,15.0,0.48,15.0,0.6,10.0,0.61,5.0,0.4,10.0,0.39,5.0,0.51,15.0,0.52,15.0,0.11,0.11,44.271103,1776219174000
1776219176.204,176.204,0.49,15.0,0.48,15.0,0.6,10.0,0.61,5.0,0.4,10.0,0.39,5.0,0.51,15.0,0.52,15.0,0.11,0.11,44.270529,1776219175000
1776219177.218,177.218,0.49,15.0,0.48,15.0,0.6,10.0,0.61,5.0,0.4,10.0,0.39,5.0,0.51,15.0,0.52,15.0,0.11,0.11,44.269415,1776219176000
1776219178.114,178.114,0.49,15.0,0.48,15.0,0.6,10.0,0.61,5.0,0.4,10.0,0.39,5.0,0.51,15.0,0.52,15.0,0.11,0.11,44.269423,1776219177000
1776219179.064,179.064,0.49,15.0,0.48,15.0,0.6,10.0,0.61,5.0,0.4,10.0,0.39,5.0,0.51,15.0,0.52,15.0,0.11,0.11,44.268439,1776219178000
1776219180.048,180.048,0.49,15.0,0.48,15.0,0.6,10.0,0.61,5.0,0.4,10.0,0.39,5.0,0.51,15.0,0.52,15.0,0.11,0.11,44.268589,1776219179000
1776219180.985,180.985,0.49,15.0,0.48,15.0,0.6,10.0,0.61,5.0,0.4,10.0,0.39,5.0,0.51,15.0,0.52,15.0,0.11,0.11,44.26817,1776219180000
1776219182.115,182.115,0.49,15.0,0.48,15.0,0.6,10.0,0.61,5.0,0.4,10.0,0.39,5.0,0.51,15.0,0.52,15.0,0.11,0.11,44.267906,1776219181000
1776219183.052,183.052,0.49,15.0,0.48,15.0,0.6,10.0,0.61,5.0,0.4,10.0,0.39,5.0,0.51,15.0,0.52,15.0,0.11,0.11,44.267021,1776219182000
1776219184.08,184.08,0.49,15.0,0.48,15.0,0.6,10.0,0.61,5.0,0.4,10.0,0.39,5.0,0.51,15.0,0.52,15.0,0.11,0.11,44.26697,1776219183000
1776219185.074,185.074,0.49,15.0,0.48,15.0,0.6,10.0,0.61,5.0,0.4,10.0,0.39,5.0,0.51,15.0,0.52,15.0,0.11,0.11,44.266599,1776219184000
1776219186.035,186.035,0.49,15.0,0.48,15.0,0.6,10.0,0.61,5.0,0.4,10.0,0.39,5.0,0.51,15.0,0.52,15.0,0.11,0.11,44.266564,1776219185000
1776219187.128,187.128,0.49,15.0,0.48,15.0,0.6,10.0,0.61,5.0,0.4,10.0,0.39,5.0,0.51,15.0,0.52,15.0,0.11,0.11,44.266564,1776219186000
1776219188.36,188.36,0.49,15.0,0.48,15.0,0.6,10.0,0.61,5.0,0.4,10.0,0.39,5.0,0.51,15.0,0.52,15.0,0.11,0.11,44.266598,1776219187000
1776219188.876,188.876,0.49,15.0,0.48,15.0,0.6,10.0,0.61,5.0,0.4,10.0,0.39,5.0,0.51,15.0,0.52,15.0,0.11,0.11,44.266605,1776219188000
1776219190.035,190.035,0.49,15.0,0.48,15.0,0.6,10.0,0.61,5.0,0.4,10.0,0.39,5.0,0.51,15.0,0.52,15.0,0.11,0.11,44.266788,1776219189000
1776219191.252,191.252,0.49,15.0,0.48,15.0,0.6,10.0,0.61,5.0,0.4,10.0,0.39,5.0,0.51,15.0,0.52,15.0,0.11,0.11,44.26796,1776219190000
1776219192.362,192.362,0.49,15.0,0.48,15.0,0.6,10.0,0.61,5.0,0.4,10.0,0.39,5.0,0.51,15.0,0.52,15.0,0.11,0.11,44.267801,1776219191000
1776219192.943,192.943,0.49,15.0,0.48,15.0,0.6,10.0,0.61,5.0,0.4,10.0,0.39,5.0,0.51,15.0,0.52,15.0,0.11,0.11,44.267519,1776219192000
1776219194.093,194.093,0.49,15.0,0.48,15.0,0.6,10.0,0.61,5.0,0.4,10.0,0.39,5.0,0.51,15.0,0.52,15.0,0.11,0.11,44.267172,1776219193000
1776219195.212,195.212,0.49,15.0,0.48,15.0,0.6,10.0,0.61,5.0,0.4,10.0,0.39,5.0,0.51,15.0,0.52,15.0,0.11,0.11,44.265329,1776219194000
1776219196.268,196.268,0.49,15.0,0.48,15.0,0.6,10.0,0.61,5.0,0.4,10.0,0.39,5.0,0.51,15.0,0.52,15.0,0.11,0.11,44.266265,1776219195000
1776219196.892,196.892,0.49,15.0,0.48,15.0,0.6,10.0,0.61,5.0,0.4,10.0,0.39,5.0,0.51,15.0,0.52,15.0,0.11,0.11,44.268144,1776219196000
1776219197.982,197.982,0.49,15.0,0.48,15.0,0.6,10.0,0.61,5.0,0.4,10.0,0.39,5.0,0.51,15.0,0.52,15.0,0.11,0.11,44.271626,1776219197000
1776219199.045,199.045,0.49,15.0,0.48,15.0,0.6,10.0,0.61,5.0,0.4,10.0,0.39,5.0,0.51,15.0,0.52,15.0,0.11,0.11,44.271759,1776219198000
1776219200.88,200.88,0.49,15.0,0.48,15.0,0.6,10.0,0.61,5.0,0.4,10.0,0.39,5.0,0.51,15.0,0.52,15.0,0.11,0.11,44.271765,1776219199000
1776219201.377,201.377,0.49,15.0,0.48,15.0,0.6,10.0,0.61,5.0,0.4,10.0,0.39,5.0,0.51,15.0,0.52,15.0,0.11,0.11,44.272012,1776219200000
1776219202.004,202.004,0.49,15.0,0.48,15.0,0.6,10.0,0.61,5.0,0.4,10.0,0.39,5.0,0.51,15.0,0.52,15.0,0.11,0.11,44.272012,1776219201000
1776219203.145,203.145,0.49,15.0,0.48,15.0,0.6,10.0,0.61,5.0,0.4,10.0,0.39,5.0,0.51,15.0,0.52,15.0,0.11,0.11,44.270824,1776219202000
1776219203.624,203.624,0.41,5.0,0.35,52.0,0.58,10.0,0.65,15.0,0.64,5.0,0.44,10.0,0.66,15.0,0.67,15.0,0.17,0.02,44.270824,1776219202000
1776219204.497,204.497,0.41,5.0,0.35,52.0,0.58,10.0,0.65,15.0,0.42,10.0,0.35,15.0,0.59,5.0,0.65,52.0,0.17,0.17,44.272798,1776219203000
1776219205.179,205.179,0.41,5.0,0.35,52.0,0.58,10.0,0.65,15.0,0.42,10.0,0.35,15.0,0.59,5.0,0.65,52.0,0.17,0.17,44.280357,1776219204000
1776219206.32,206.32,0.41,5.0,0.35,52.0,0.58,10.0,0.65,15.0,0.42,10.0,0.35,15.0,0.59,5.0,0.65,52.0,0.17,0.17,44.282483,1776219205000
1776219206.884,206.884,0.41,5.0,0.35,52.0,0.58,10.0,0.65,15.0,0.42,10.0,0.35,15.0,0.59,5.0,0.65,52.0,0.17,0.17,44.282327,1776219206000
1776219208.177,208.177,0.41,5.0,0.35,52.0,0.58,10.0,0.65,15.0,0.42,10.0,0.35,15.0,0.59,5.0,0.65,52.0,0.17,0.17,44.282232,1776219207000
1776219209.235,209.235,0.41,5.0,0.35,52.0,0.58,10.0,0.65,15.0,0.42,10.0,0.35,15.0,0.59,5.0,0.65,52.0,0.17,0.17,44.28212,1776219208000
1776219210.304,210.304,0.41,5.0,0.35,52.0,0.58,10.0,0.65,15.0,0.42,10.0,0.35,15.0,0.59,5.0,0.65,52.0,0.17,0.17,44.281427,1776219209000
1776219211.483,211.483,0.41,5.0,0.35,52.0,0.58,10.0,0.65,15.0,0.42,10.0,0.35,15.0,0.59,5.0,0.65,52.0,0.17,0.17,44.281536,1776219210000
1776219212.133,212.133,0.41,5.0,0.35,52.0,0.58,10.0,0.65,15.0,0.42,10.0,0.35,15.0,0.59,5.0,0.65,52.0,0.17,0.17,44.281536,1776219211000
1776219213.311,213.311,0.41,5.0,0.35,52.0,0.58,10.0,0.65,15.0,0.42,10.0,0.35,15.0,0.59,5.0,0.65,52.0,0.17,0.17,44.280773,1776219212000
1776219214.364,214.364,0.41,5.0,0.35,52.0,0.58,10.0,0.65,15.0,0.42,10.0,0.35,15.0,0.59,5.0,0.65,52.0,0.17,0.17,44.280849,1776219213000
1776219215.069,215.069,0.41,5.0,0.35,52.0,0.58,10.0,0.65,15.0,0.42,10.0,0.35,15.0,0.59,5.0,0.65,52.0,0.17,0.17,44.280948,1776219214000
1776219216.333,216.333,0.41,5.0,0.35,52.0,0.58,10.0,0.65,15.0,0.42,10.0,0.35,15.0,0.59,5.0,0.65,52.0,0.17,0.17,44.281533,1776219215000
1776219217.315,217.315,0.41,5.0,0.35,52.0,0.58,10.0,0.65,15.0,0.42,10.0,0.35,15.0,0.59,5.0,0.65,52.0,0.17,0.17,44.281739,1776219216000
1776219218.284,218.284,0.41,5.0,0.35,52.0,0.58,10.0,0.65,15.0,0.42,10.0,0.35,15.0,0.59,5.0,0.65,52.0,0.17,0.17,44.281856,1776219217000
1776219219.33,219.33,0.41,5.0,0.35,52.0,0.58,10.0,0.65,15.0,0.42,10.0,0.35,15.0,0.59,5.0,0.65,52.0,0.17,0.17,44.282883,1776219218000
1776219219.916,219.916,0.41,5.0,0.35,52.0,0.58,10.0,0.65,15.0,0.42,10.0,0.35,15.0,0.59,5.0,0.65,52.0,0.17,0.17,44.282714,1776219219000
1776219220.986,220.986,0.41,5.0,0.35,52.0,0.58,10.0,0.65,15.0,0.42,10.0,0.35,15.0,0.59,5.0,0.65,52.0,0.17,0.17,44.282885,1776219220000
1776219222.046,222.046,0.41,5.0,0.35,52.0,0.58,10.0,0.65,15.0,0.42,10.0,0.35,15.0,0.59,5.0,0.65,52.0,0.17,0.17,44.283697,1776219221000
1776219223.102,223.102,0.41,5.0,0.35,52.0,0.58,10.0,0.65,15.0,0.42,10.0,0.35,15.0,0.59,5.0,0.65,52.0,0.17,0.17,44.284598,1776219222000
1776219224.147,224.147,0.41,5.0,0.35,52.0,0.58,10.0,0.65,15.0,0.42,10.0,0.35,15.0,0.59,5.0,0.65,52.0,0.17,0.17,44.284711,1776219223000
1776219225.081,225.081,0.41,5.0,0.35,52.0,0.58,10.0,0.65,15.0,0.42,10.0,0.35,15.0,0.59,5.0,0.65,52.0,0.17,0.17,44.283997,1776219224000
1776219226.115,226.115,0.41,5.0,0.35,52.0,0.58,10.0,0.65,15.0,0.42,10.0,0.35,15.0,0.59,5.0,0.65,52.0,0.17,0.17,44.284143,1776219225000
1776219227.065,227.065,0.41,5.0,0.35,52.0,0.58,10.0,0.65,15.0,0.42,10.0,0.35,15.0,0.59,5.0,0.65,52.0,0.17,0.17,44.284012,1776219226000
1776219228.064,228.064,0.41,5.0,0.35,52.0,0.58,10.0,0.65,15.0,0.42,10.0,0.35,15.0,0.59,5.0,0.65,52.0,0.17,0.17,44.283993,1776219227000
1776219228.959,228.959,0.41,5.0,0.35,52.0,0.58,10.0,0.65,15.0,0.42,10.0,0.35,15.0,0.59,5.0,0.65,52.0,0.17,0.17,44.28414,1776219228000
1776219229.28,229.28,0.38,12.0,0.28,15.0,0.39,4.47,0.51,15.0,0.42,10.0,0.35,15.0,0.59,5.0,0.65,52.0,0.01,0.17,44.28414,1776219228000
1776219230.077,230.077,0.38,12.0,0.28,15.0,0.39,4.47,0.51,15.0,0.61,4.47,0.49,15.0,0.62,12.0,0.72,15.0,0.01,0.01,44.283896,1776219229000
1776219231.33,231.33,0.38,12.0,0.28,15.0,0.39,4.47,0.51,15.0,0.61,4.47,0.49,15.0,0.62,12.0,0.72,15.0,0.01,0.01,44.282482,1776219230000
1776219232.296,232.296,0.38,12.0,0.28,15.0,0.39,4.47,0.51,15.0,0.61,4.47,0.49,15.0,0.62,12.0,0.72,15.0,0.01,0.01,44.281989,1776219231000
1776219233.426,233.426,0.38,12.0,0.28,15.0,0.39,4.47,0.51,15.0,0.61,4.47,0.49,15.0,0.62,12.0,0.72,15.0,0.01,0.01,44.280931,1776219232000
1776219233.914,233.914,0.38,12.0,0.28,15.0,0.39,4.47,0.51,15.0,0.61,4.47,0.49,15.0,0.62,12.0,0.72,15.0,0.01,0.01,44.280767,1776219233000
1776219235.208,235.208,0.38,12.0,0.28,15.0,0.39,4.47,0.51,15.0,0.61,4.47,0.49,15.0,0.62,12.0,0.72,15.0,0.01,0.01,44.278598,1776219234000
1776219236.096,236.096,0.38,12.0,0.28,15.0,0.39,4.47,0.51,15.0,0.61,4.47,0.49,15.0,0.62,12.0,0.72,15.0,0.01,0.01,44.2784,1776219235000
1776219237.206,237.206,0.38,12.0,0.28,15.0,0.39,4.47,0.51,15.0,0.61,4.47,0.49,15.0,0.62,12.0,0.72,15.0,0.01,0.01,44.279715,1776219236000
1776219238.28,238.28,0.38,12.0,0.28,15.0,0.39,4.47,0.51,15.0,0.61,4.47,0.49,15.0,0.62,12.0,0.72,15.0,0.01,0.01,44.278742,1776219237000
1776219239.42,239.42,0.38,12.0,0.28,15.0,0.39,4.47,0.51,15.0,0.61,4.47,0.49,15.0,0.62,12.0,0.72,15.0,0.01,0.01,44.278718,1776219238000
1776219239.973,239.973,0.38,12.0,0.28,15.0,0.39,4.47,0.51,15.0,0.61,4.47,0.49,15.0,0.62,12.0,0.72,15.0,0.01,0.01,44.278729,1776219239000
1776219241.106,241.106,0.38,12.0,0.28,15.0,0.39,4.47,0.51,15.0,0.61,4.47,0.49,15.0,0.62,12.0,0.72,15.0,0.01,0.01,44.278615,1776219240000
1776219242.201,242.201,0.38,12.0,0.28,15.0,0.39,4.47,0.51,15.0,0.61,4.47,0.49,15.0,0.62,12.0,0.72,15.0,0.01,0.01,44.278648,1776219241000
1776219245.56,245.56,0.38,12.0,0.28,15.0,0.39,4.47,0.51,15.0,0.61,4.47,0.49,15.0,0.62,12.0,0.72,15.0,0.01,0.01,44.278435,1776219244000
1776219245.955,245.955,0.38,12.0,0.28,15.0,0.39,4.47,0.51,15.0,0.61,4.47,0.49,15.0,0.62,12.0,0.72,15.0,0.01,0.01,44.278595,1776219245000
1776219247.106,247.106,0.38,12.0,0.28,15.0,0.39,4.47,0.51,15.0,0.61,4.47,0.49,15.0,0.62,12.0,0.72,15.0,0.01,0.01,44.280208,1776219246000
1776219248.067,248.067,0.38,12.0,0.28,15.0,0.39,4.47,0.51,15.0,0.61,4.47,0.49,15.0,0.62,12.0,0.72,15.0,0.01,0.01,44.279956,1776219247000
1776219249.138,249.138,0.38,12.0,0.28,15.0,0.39,4.47,0.51,15.0,0.61,4.47,0.49,15.0,0.62,12.0,0.72,15.0,0.01,0.01,44.279979,1776219248000
1776219250.206,250.206,0.38,12.0,0.28,15.0,0.39,4.47,0.51,15.0,0.61,4.47,0.49,15.0,0.62,12.0,0.72,15.0,0.01,0.01,44.281104,1776219249000
1776219250.538,250.538,0.38,4.72,0.28,15.0,0.41,10.0,0.51,15.0,0.61,4.47,0.49,15.0,0.62,12.0,0.72,15.0,0.03,0.01,44.281104,1776219249000
1776219251.217,251.217,0.38,4.72,0.28,15.0,0.41,10.0,0.51,15.0,0.59,10.0,0.49,15.0,0.62,4.72,0.72,15.0,0.03,0.03,44.280968,1776219250000
1776219252.335,252.335,0.38,4.72,0.28,15.0,0.41,10.0,0.51,15.0,0.59,10.0,0.49,15.0,0.62,4.72,0.72,15.0,0.03,0.03,44.279599,1776219251000
1776219253.516,253.516,0.38,4.72,0.28,15.0,0.41,10.0,0.51,15.0,0.59,10.0,0.49,15.0,0.62,4.72,0.72,15.0,0.03,0.03,44.280076,1776219252000
1776219254.153,254.153,0.38,4.72,0.28,15.0,0.41,10.0,0.51,15.0,0.59,10.0,0.49,15.0,0.62,4.72,0.72,15.0,0.03,0.03,44.280019,1776219253000
1776219255.018,255.018,0.38,4.72,0.28,15.0,0.41,10.0,0.51,15.0,0.59,10.0,0.49,15.0,0.62,4.72,0.72,15.0,0.03,0.03,44.280716,1776219254000
1776219255.439,255.439,0.27,15.0,0.26,15.0,0.4,15.0,0.41,15.0,0.59,10.0,0.49,15.0,0.62,4.72,0.72,15.0,0.13,0.03,44.280716,1776219254000
1776219256.039,256.039,0.27,15.0,0.26,15.0,0.4,15.0,0.41,15.0,0.6,15.0,0.59,15.0,0.73,15.0,0.74,15.0,0.13,0.13,44.281744,1776219255000
1776219257.085,257.085,0.27,15.0,0.26,15.0,0.4,15.0,0.41,15.0,0.6,15.0,0.59,15.0,0.73,15.0,0.74,15.0,0.13,0.13,44.28129,1776219256000
1776219258.124,258.124,0.27,15.0,0.26,15.0,0.4,15.0,0.41,15.0,0.6,15.0,0.59,15.0,0.73,15.0,0.74,15.0,0.13,0.13,44.281254,1776219257000
1776219259.189,259.189,0.27,15.0,0.26,15.0,0.4,15.0,0.41,15.0,0.6,15.0,0.59,15.0,0.73,15.0,0.74,15.0,0.13,0.13,44.281677,1776219258000
1776219260.278,260.278,0.27,15.0,0.26,15.0,0.4,15.0,0.41,15.0,0.6,15.0,0.59,15.0,0.73,15.0,0.74,15.0,0.13,0.13,44.282005,1776219259000
1776219261.46,261.46,0.27,15.0,0.26,15.0,0.4,15.0,0.41,15.0,0.6,15.0,0.59,15.0,0.73,15.0,0.74,15.0,0.13,0.13,44.283009,1776219260000
1776219262.052,262.052,0.27,15.0,0.26,15.0,0.4,15.0,0.41,15.0,0.6,15.0,0.59,15.0,0.73,15.0,0.74,15.0,0.13,0.13,44.283009,1776219261000
1776219263.145,263.145,0.27,15.0,0.26,15.0,0.4,15.0,0.41,15.0,0.6,15.0,0.59,15.0,0.73,15.0,0.74,15.0,0.13,0.13,44.283104,1776219262000
1776219264.272,264.272,0.27,15.0,0.26,15.0,0.4,15.0,0.41,15.0,0.6,15.0,0.59,15.0,0.73,15.0,0.74,15.0,0.13,0.13,44.28335,1776219263000
1776219265.196,265.196,0.27,15.0,0.26,15.0,0.4,15.0,0.41,15.0,0.6,15.0,0.59,15.0,0.73,15.0,0.74,15.0,0.13,0.13,44.282524,1776219264000
1776219266.321,266.321,0.27,15.0,0.26,15.0,0.4,15.0,0.41,15.0,0.6,15.0,0.59,15.0,0.73,15.0,0.74,15.0,0.13,0.13,44.282237,1776219265000
1776219266.869,266.869,0.27,15.0,0.26,15.0,0.4,15.0,0.41,15.0,0.6,15.0,0.59,15.0,0.73,15.0,0.74,15.0,0.13,0.13,44.282071,1776219266000
1776219268.038,268.038,0.27,15.0,0.26,15.0,0.4,15.0,0.41,15.0,0.6,15.0,0.59,15.0,0.73,15.0,0.74,15.0,0.13,0.13,44.281585,1776219267000
1776219269.016,269.016,0.27,15.0,0.26,15.0,0.4,15.0,0.41,15.0,0.6,15.0,0.59,15.0,0.73,15.0,0.74,15.0,0.13,0.13,44.281695,1776219268000
1776219270.077,270.077,0.27,15.0,0.26,15.0,0.4,15.0,0.41,15.0,0.6,15.0,0.59,15.0,0.73,15.0,0.74,15.0,0.13,0.13,44.281726,1776219269000
1776219271.129,271.129,0.27,15.0,0.26,15.0,0.4,15.0,0.41,15.0,0.6,15.0,0.59,15.0,0.73,15.0,0.74,15.0,0.13,0.13,44.281611,1776219270000
1776219272.331,272.331,0.27,15.0,0.26,15.0,0.4,15.0,0.41,15.0,0.6,15.0,0.59,15.0,0.73,15.0,0.74,15.0,0.13,0.13,44.281231,1776219271000
1776219273.37,273.37,0.27,15.0,0.26,15.0,0.4,15.0,0.41,15.0,0.6,15.0,0.59,15.0,0.73,15.0,0.74,15.0,0.13,0.13,44.28145,1776219272000
1776219273.907,273.907,0.27,15.0,0.26,15.0,0.4,15.0,0.41,15.0,0.6,15.0,0.59,15.0,0.73,15.0,0.74,15.0,0.13,0.13,44.281526,1776219273000
1776219274.911,274.911,0.27,15.0,0.26,15.0,0.4,15.0,0.41,15.0,0.6,15.0,0.59,15.0,0.73,15.0,0.74,15.0,0.13,0.13,44.282613,1776219274000
1776219275.995,275.995,0.27,15.0,0.26,15.0,0.4,15.0,0.41,15.0,0.6,15.0,0.59,15.0,0.73,15.0,0.74,15.0,0.13,0.13,44.281753,1776219275000
1776219277.085,277.085,0.27,15.0,0.26,15.0,0.4,15.0,0.41,15.0,0.6,15.0,0.59,15.0,0.73,15.0,0.74,15.0,0.13,0.13,44.282085,1776219276000
1776219278.001,278.001,0.27,15.0,0.26,15.0,0.4,15.0,0.41,15.0,0.6,15.0,0.59,15.0,0.73,15.0,0.74,15.0,0.13,0.13,44.281765,1776219277000
1776219279.03,279.03,0.27,15.0,0.26,15.0,0.4,15.0,0.41,15.0,0.6,15.0,0.59,15.0,0.73,15.0,0.74,15.0,0.13,0.13,44.279844,1776219278000
1776219280.067,280.067,0.27,15.0,0.26,15.0,0.4,15.0,0.41,15.0,0.6,15.0,0.59,15.0,0.73,15.0,0.74,15.0,0.13,0.13,44.280366,1776219279000
1776219281.07,281.07,0.27,15.0,0.26,15.0,0.4,15.0,0.41,15.0,0.6,15.0,0.59,15.0,0.73,15.0,0.74,15.0,0.13,0.13,44.279832,1776219280000
1776219281.742,281.742,0.14,6.54,0.04,5.0,0.31,10.0,0.89,30.01,0.6,15.0,0.59,15.0,0.73,15.0,0.74,15.0,0.17,0.13,44.279832,1776219280000
1776219282.072,282.072,0.14,6.54,0.04,5.0,0.31,10.0,0.89,30.01,0.69,10.0,0.11,30.01,0.86,6.54,0.96,5.0,0.17,0.17,44.280861,1776219281000
1776219283.179,283.179,0.14,6.54,0.04,5.0,0.31,10.0,0.89,30.01,0.69,10.0,0.11,30.01,0.86,6.54,0.96,5.0,0.17,0.17,44.278118,1776219282000
1776219284.044,284.044,0.14,6.54,0.04,5.0,0.31,10.0,0.89,30.01,0.69,10.0,0.11,30.01,0.86,6.54,0.96,5.0,0.17,0.17,44.277443,1776219283000
1776219285.035,285.035,0.14,6.54,0.04,5.0,0.31,10.0,0.89,30.01,0.69,10.0,0.11,30.01,0.86,6.54,0.96,5.0,0.17,0.17,44.276486,1776219284000
1776219286.62,286.62,0.14,6.54,0.04,5.0,0.31,10.0,0.89,30.01,0.69,10.0,0.11,30.01,0.86,6.54,0.96,5.0,0.17,0.17,44.276577,1776219285000
1776219287.064,287.064,0.2,10.0,0.04,5.0,0.37,1.97,0.9,100.0,0.69,10.0,0.11,30.01,0.86,6.54,0.96,5.0,0.17,0.17,44.276577,1776219285000
1776219287.521,287.521,0.2,10.0,0.04,5.0,0.37,1.97,0.9,100.0,0.63,1.97,0.1,100.0,0.8,10.0,0.96,5.0,0.17,0.17,44.276886,1776219286000
1776219288.178,288.178,0.2,10.0,0.04,5.0,0.37,1.97,0.9,100.0,0.63,1.97,0.1,100.0,0.8,10.0,0.96,5.0,0.17,0.17,44.276526,1776219287000
1776219289.346,289.346,0.2,10.0,0.04,5.0,0.37,1.97,0.9,100.0,0.63,1.97,0.1,100.0,0.8,10.0,0.96,5.0,0.17,0.17,44.27741,1776219288000
1776219290.078,290.078,0.2,10.0,0.04,5.0,0.37,1.97,0.9,100.0,0.63,1.97,0.1,100.0,0.8,10.0,0.96,5.0,0.17,0.17,44.277869,1776219289000
1776219291.843,291.843,0.2,10.0,0.04,5.0,0.37,1.97,0.9,100.0,0.63,1.97,0.1,100.0,0.8,10.0,0.96,5.0,0.17,0.17,44.278638,1776219291000
1776219292.989,292.989,0.04,5.0,0.03,100.0,0.95,15.83,0.96,5.0,0.63,1.97,0.1,100.0,0.8,10.0,0.96,5.0,0.91,0.17,44.278638,1776219291000
1776219293.512,293.512,0.45,6.66,0.04,5.0,0.85,96.5,0.95,67.0,0.05,15.83,0.04,5.0,0.96,5.0,0.97,100.0,0.4,0.91,44.278552,1776219292000
1776219294.003,294.003,0.45,6.66,0.06,10.0,0.85,76.5,0.96,5.0,0.15,86.5,0.04,5.0,0.55,6.66,0.96,5.0,0.4,0.4,44.278552,1776219292000
1776219294.275,294.275,0.06,10.0,0.04,5.0,0.9,100.0,0.96,5.0,0.15,76.5,0.04,5.0,0.55,6.66,0.94,10.0,0.84,0.4,44.280097,1776219293000
1776219294.487,294.487,0.85,7.46,0.06,10.0,0.9,100.0,0.96,5.0,0.1,100.0,0.04,5.0,0.94,10.0,0.96,5.0,0.05,0.84,44.280097,1776219293000
1776219295.211,295.211,0.85,7.46,0.06,10.0,0.9,100.0,0.96,5.0,0.1,100.0,0.04,5.0,0.15,7.46,0.94,10.0,0.05,0.05,44.291852,1776219294000
1776219296.309,296.309,0.85,7.46,0.06,10.0,0.9,100.0,0.96,5.0,0.1,100.0,0.04,5.0,0.15,7.46,0.94,10.0,0.05,0.05,44.295588,1776219295000
1776219296.534,296.534,0.86,0.8,0.06,10.0,0.95,18.85,0.96,5.0,0.05,18.85,0.04,5.0,0.14,7.46,0.94,10.0,0.09,0.09,44.295588,1776219295000
1776219297.359,297.359,0.06,10.0,0.05,67.0,0.96,4.65,0.97,100.0,0.04,4.65,0.03,100.0,0.94,10.0,0.95,67.0,0.9,0.9,44.297814,1776219296000
1776219298.12,298.12,0.06,10.0,0.05,67.0,0.96,3.51,0.97,100.0,0.04,3.51,0.03,100.0,0.94,10.0,0.95,67.0,0.9,0.9,44.298132,1776219297000
1776219298.417,298.417,0.06,79.78,0.05,67.0,0.97,92.27,0.98,10.0,0.03,93.41,0.02,10.0,0.95,67.0,0.96,5.0,0.91,0.92,44.298132,1776219297000
1776219298.932,298.932,0.06,79.78,0.05,67.0,0.97,90.2,0.98,10.0,0.03,92.27,0.02,10.0,0.94,79.78,0.95,67.0,0.91,0.91,44.298132,1776219297000
1776219299.213,299.213,0.06,79.78,0.05,67.0,0.97,90.2,0.98,10.0,0.03,90.2,0.02,10.0,0.94,79.78,0.95,67.0,0.91,0.91,44.298439,1776219298000
1776219299.496,299.496,0.77,20.0,0.6,6.0,0.97,85.15,0.98,10.0,0.03,90.2,0.02,10.0,0.94,79.78,0.95,67.0,0.2,0.91,44.298439,1776219298000
1776219300.309,300.309,0.77,20.0,0.6,6.0,0.97,64.95,0.98,10.0,0.03,64.95,0.02,10.0,0.23,20.0,0.4,6.0,0.2,0.2,44.298463,1776219299000
1776219300.512,300.512,0.85,8.0,0.8,5.0,0.97,43.95,0.98,10.0,0.03,48.95,0.02,10.0,0.15,8.0,0.2,5.0,0.12,0.12,44.298463,1776219299000
1776219300.87,300.87,0.8,5.0,0.77,25.0,0.97,22.95,0.98,10.0,0.03,37.95,0.02,10.0,0.15,8.0,0.2,5.0,0.17,0.12,44.298463,1776219299000

# RESULT,winner=Up,slug=hype-updown-5m-1776219000,ticks=302
