timestamp,elapsed_sec,up_bid_p1,up_bid_s1,up_bid_p2,up_bid_s2,up_ask_p1,up_ask_s1,up_ask_p2,up_ask_s2,down_bid_p1,down_bid_s1,down_bid_p2,down_bid_s2,down_ask_p1,down_ask_s1,down_ask_p2,down_ask_s2,up_spread,down_spread,hype_price,hype_oracle_ts
1776205801.227,1.227,,,,,,,,,,,,,,,,,,,43.371025,1776205800000
1776205801.514,1.514,0.11,100.0,0.08,100.0,0.5,10.0,0.89,100.0,0.5,10.0,0.11,100.0,0.89,100.0,0.92,100.0,0.39,0.39,43.371025,1776205800000
1776205801.855,1.855,0.11,100.0,0.08,100.0,0.5,10.0,0.89,100.0,0.5,10.0,0.11,100.0,0.89,100.0,0.92,100.0,0.39,0.39,43.371025,1776205800000
1776205803.02,3.02,0.11,100.0,0.08,100.0,0.5,10.0,0.89,100.0,0.5,10.0,0.11,100.0,0.89,100.0,0.92,100.0,0.39,0.39,43.371309,1776205801000
1776205803.659,3.659,0.11,100.0,0.08,100.0,0.5,10.0,0.89,100.0,0.5,10.0,0.11,100.0,0.89,100.0,0.92,100.0,0.39,0.39,43.373452,1776205802000
1776205804.608,4.608,0.11,100.0,0.08,100.0,0.5,10.0,0.89,100.0,0.5,10.0,0.11,100.0,0.89,100.0,0.92,100.0,0.39,0.39,43.373452,1776205803000
1776205805.463,5.463,0.11,100.0,0.08,100.0,0.5,10.0,0.89,100.0,0.5,10.0,0.11,100.0,0.89,100.0,0.92,100.0,0.39,0.39,43.373092,1776205804000
1776205806.651,6.651,0.11,100.0,0.08,100.0,0.5,10.0,0.89,100.0,0.5,10.0,0.11,100.0,0.89,100.0,0.92,100.0,0.39,0.39,43.372501,1776205805000
1776205807.509,7.509,0.11,100.0,0.08,100.0,0.5,10.0,0.89,100.0,0.5,10.0,0.11,100.0,0.89,100.0,0.92,100.0,0.39,0.39,43.370048,1776205806000
1776205808.644,8.644,0.11,100.0,0.08,100.0,0.5,10.0,0.89,100.0,0.5,10.0,0.11,100.0,0.89,100.0,0.92,100.0,0.39,0.39,43.369842,1776205807000
1776205810.082,10.082,0.11,100.0,0.08,100.0,0.5,10.0,0.89,100.0,0.5,10.0,0.11,100.0,0.89,100.0,0.92,100.0,0.39,0.39,43.369188,1776205808000
1776205810.98,10.98,0.11,100.0,0.08,100.0,0.5,10.0,0.89,100.0,0.5,10.0,0.11,100.0,0.89,100.0,0.92,100.0,0.39,0.39,43.369056,1776205809000
1776205812.003,12.003,0.11,100.0,0.08,100.0,0.5,10.0,0.89,100.0,0.5,10.0,0.11,100.0,0.89,100.0,0.92,100.0,0.39,0.39,43.3694,1776205810000
1776205813.185,13.185,0.11,100.0,0.08,100.0,0.5,10.0,0.89,100.0,0.5,10.0,0.11,100.0,0.89,100.0,0.92,100.0,0.39,0.39,43.371279,1776205812000
1776205814.301,14.301,0.11,100.0,0.08,100.0,0.5,10.0,0.89,100.0,0.5,10.0,0.11,100.0,0.89,100.0,0.92,100.0,0.39,0.39,43.371176,1776205813000
1776205815.494,15.494,0.11,100.0,0.08,100.0,0.5,10.0,0.89,100.0,0.5,10.0,0.11,100.0,0.89,100.0,0.92,100.0,0.39,0.39,43.370364,1776205814000
1776205815.991,15.991,0.11,100.0,0.08,100.0,0.5,10.0,0.89,100.0,0.5,10.0,0.11,100.0,0.89,100.0,0.92,100.0,0.39,0.39,43.37009,1776205815000
1776205817.019,17.019,0.11,100.0,0.08,100.0,0.5,10.0,0.89,100.0,0.5,10.0,0.11,100.0,0.89,100.0,0.92,100.0,0.39,0.39,43.369289,1776205816000
1776205818.319,18.319,0.11,100.0,0.08,100.0,0.5,10.0,0.89,100.0,0.5,10.0,0.11,100.0,0.89,100.0,0.92,100.0,0.39,0.39,43.367643,1776205817000
1776205819.04,19.04,0.11,100.0,0.08,100.0,0.5,10.0,0.89,100.0,0.5,10.0,0.11,100.0,0.89,100.0,0.92,100.0,0.39,0.39,43.367278,1776205818000
1776205819.945,19.945,0.11,100.0,0.08,100.0,0.5,10.0,0.89,100.0,0.5,10.0,0.11,100.0,0.89,100.0,0.92,100.0,0.39,0.39,43.367278,1776205819000
1776205821.017,21.017,0.11,100.0,0.08,100.0,0.5,10.0,0.89,100.0,0.5,10.0,0.11,100.0,0.89,100.0,0.92,100.0,0.39,0.39,43.370122,1776205820000
1776205822.214,22.214,0.11,100.0,0.08,100.0,0.5,10.0,0.89,100.0,0.5,10.0,0.11,100.0,0.89,100.0,0.92,100.0,0.39,0.39,43.38184,1776205821000
1776205823.392,23.392,0.11,100.0,0.08,100.0,0.5,10.0,0.89,100.0,0.5,10.0,0.11,100.0,0.89,100.0,0.92,100.0,0.39,0.39,43.382397,1776205822000
1776205823.958,23.958,0.11,100.0,0.08,100.0,0.5,10.0,0.89,100.0,0.5,10.0,0.11,100.0,0.89,100.0,0.92,100.0,0.39,0.39,43.381743,1776205823000
1776205824.955,24.955,0.11,100.0,0.08,100.0,0.5,10.0,0.89,100.0,0.5,10.0,0.11,100.0,0.89,100.0,0.92,100.0,0.39,0.39,43.381452,1776205824000
1776205826.139,26.139,0.42,5.0,0.41,5.0,0.66,5.0,0.67,15.0,0.34,5.0,0.33,15.0,0.58,5.0,0.59,5.0,0.24,0.24,43.37723,1776205825000
1776205827.87,27.87,0.42,5.0,0.41,5.0,0.66,5.0,0.67,15.0,0.34,5.0,0.33,15.0,0.58,5.0,0.59,5.0,0.24,0.24,43.389917,1776205826000
1776205828.57,28.57,0.42,5.0,0.41,5.0,0.66,5.0,0.67,15.0,0.34,5.0,0.33,15.0,0.58,5.0,0.59,5.0,0.24,0.24,43.402707,1776205827000
1776205829.483,29.483,0.42,5.0,0.41,5.0,0.66,5.0,0.67,15.0,0.34,5.0,0.33,15.0,0.58,5.0,0.59,5.0,0.24,0.24,43.403943,1776205828000
1776205830.285,30.285,0.42,5.0,0.41,5.0,0.66,5.0,0.67,15.0,0.34,5.0,0.33,15.0,0.58,5.0,0.59,5.0,0.24,0.24,43.40706,1776205829000
1776205830.958,30.958,0.42,5.0,0.41,5.0,0.66,5.0,0.67,15.0,0.34,5.0,0.33,15.0,0.58,5.0,0.59,5.0,0.24,0.24,43.410589,1776205830000
1776205832.202,32.202,0.42,5.0,0.41,5.0,0.66,5.0,0.67,15.0,0.34,5.0,0.33,15.0,0.58,5.0,0.59,5.0,0.24,0.24,43.422016,1776205831000
1776205833.386,33.386,0.42,5.0,0.41,5.0,0.66,5.0,0.67,15.0,0.34,5.0,0.33,15.0,0.58,5.0,0.59,5.0,0.24,0.24,43.409141,1776205832000
1776205833.933,33.933,0.42,5.0,0.41,5.0,0.66,5.0,0.67,15.0,0.34,5.0,0.33,15.0,0.58,5.0,0.59,5.0,0.24,0.24,43.406987,1776205833000
1776205835.109,35.109,0.42,5.0,0.41,5.0,0.66,5.0,0.67,15.0,0.34,5.0,0.33,15.0,0.58,5.0,0.59,5.0,0.24,0.24,43.403794,1776205834000
1776205836.227,36.227,0.42,5.0,0.41,5.0,0.66,5.0,0.67,15.0,0.34,5.0,0.33,15.0,0.58,5.0,0.59,5.0,0.24,0.24,43.3986,1776205835000
1776205836.815,36.815,0.42,5.0,0.41,5.0,0.66,5.0,0.67,15.0,0.34,5.0,0.33,15.0,0.58,5.0,0.59,5.0,0.24,0.24,43.3986,1776205836000
1776205837.921,37.921,0.42,5.0,0.41,5.0,0.66,5.0,0.67,15.0,0.34,5.0,0.33,15.0,0.58,5.0,0.59,5.0,0.24,0.24,43.399732,1776205837000
1776205839.257,39.257,0.42,5.0,0.41,5.0,0.66,5.0,0.67,15.0,0.34,5.0,0.33,15.0,0.58,5.0,0.59,5.0,0.24,0.24,43.399074,1776205838000
1776205840.349,40.349,0.42,5.0,0.41,5.0,0.66,5.0,0.67,15.0,0.34,5.0,0.33,15.0,0.58,5.0,0.59,5.0,0.24,0.24,43.398771,1776205839000
1776205840.951,40.951,0.42,5.0,0.41,5.0,0.66,5.0,0.67,15.0,0.34,5.0,0.33,15.0,0.58,5.0,0.59,5.0,0.24,0.24,43.398692,1776205840000
1776205842.081,42.081,0.42,5.0,0.41,5.0,0.66,5.0,0.67,15.0,0.34,5.0,0.33,15.0,0.58,5.0,0.59,5.0,0.24,0.24,43.397687,1776205841000
1776205843.885,43.885,0.42,5.0,0.41,5.0,0.66,5.0,0.67,15.0,0.34,5.0,0.33,15.0,0.58,5.0,0.59,5.0,0.24,0.24,43.396614,1776205842000
1776205844.483,44.483,0.42,5.0,0.41,5.0,0.66,5.0,0.67,15.0,0.34,5.0,0.33,15.0,0.58,5.0,0.59,5.0,0.24,0.24,43.397011,1776205843000
1776205845.088,45.088,0.42,5.0,0.41,5.0,0.66,5.0,0.67,15.0,0.34,5.0,0.33,15.0,0.58,5.0,0.59,5.0,0.24,0.24,43.397011,1776205844000
1776205846.194,46.194,0.42,5.0,0.41,5.0,0.66,5.0,0.67,15.0,0.34,5.0,0.33,15.0,0.58,5.0,0.59,5.0,0.24,0.24,43.394056,1776205845000
1776205847.122,47.122,0.42,5.0,0.41,5.0,0.66,5.0,0.67,15.0,0.34,5.0,0.33,15.0,0.58,5.0,0.59,5.0,0.24,0.24,43.388342,1776205846000
1776205848.265,48.265,0.42,5.0,0.41,5.0,0.66,5.0,0.67,15.0,0.34,5.0,0.33,15.0,0.58,5.0,0.59,5.0,0.24,0.24,43.379808,1776205847000
1776205848.943,48.943,0.42,5.0,0.41,5.0,0.66,5.0,0.67,15.0,0.34,5.0,0.33,15.0,0.58,5.0,0.59,5.0,0.24,0.24,43.379646,1776205848000
1776205849.964,49.964,0.42,5.0,0.41,5.0,0.66,5.0,0.67,15.0,0.34,5.0,0.33,15.0,0.58,5.0,0.59,5.0,0.24,0.24,43.377782,1776205849000
1776205851.035,51.035,0.42,5.0,0.41,5.0,0.66,5.0,0.67,15.0,0.34,5.0,0.33,15.0,0.58,5.0,0.59,5.0,0.24,0.24,43.377113,1776205850000
1776205852.264,52.264,0.42,5.0,0.41,5.0,0.66,5.0,0.67,15.0,0.34,5.0,0.33,15.0,0.58,5.0,0.59,5.0,0.24,0.24,43.373273,1776205851000
1776205853.319,53.319,0.42,5.0,0.41,5.0,0.66,5.0,0.67,15.0,0.34,5.0,0.33,15.0,0.58,5.0,0.59,5.0,0.24,0.24,43.37006,1776205852000
1776205853.913,53.913,0.42,5.0,0.41,5.0,0.66,5.0,0.67,15.0,0.34,5.0,0.33,15.0,0.58,5.0,0.59,5.0,0.24,0.24,43.372429,1776205853000
1776205855.125,55.125,0.42,5.0,0.41,5.0,0.66,5.0,0.67,15.0,0.34,5.0,0.33,15.0,0.58,5.0,0.59,5.0,0.24,0.24,43.376804,1776205854000
1776205856.211,56.211,0.42,5.0,0.41,5.0,0.66,5.0,0.67,15.0,0.34,5.0,0.33,15.0,0.58,5.0,0.59,5.0,0.24,0.24,43.376941,1776205855000
1776205857.302,57.302,0.42,5.0,0.41,5.0,0.66,5.0,0.67,15.0,0.34,5.0,0.33,15.0,0.58,5.0,0.59,5.0,0.24,0.24,43.372704,1776205856000
1776205858.811,58.811,0.42,5.0,0.41,5.0,0.66,5.0,0.67,15.0,0.34,5.0,0.33,15.0,0.58,5.0,0.59,5.0,0.24,0.24,43.368758,1776205857000
1776205859.379,59.379,0.42,5.0,0.41,5.0,0.66,5.0,0.67,15.0,0.34,5.0,0.33,15.0,0.58,5.0,0.59,5.0,0.24,0.24,43.368762,1776205858000
1776205860.376,60.376,0.42,5.0,0.41,5.0,0.66,5.0,0.67,15.0,0.34,5.0,0.33,15.0,0.58,5.0,0.59,5.0,0.24,0.24,43.367765,1776205859000
1776205861.405,61.405,0.42,5.0,0.41,5.0,0.66,5.0,0.67,15.0,0.34,5.0,0.33,15.0,0.58,5.0,0.59,5.0,0.24,0.24,43.371478,1776205860000
1776205861.963,61.963,0.42,5.0,0.41,5.0,0.66,5.0,0.67,15.0,0.34,5.0,0.33,15.0,0.58,5.0,0.59,5.0,0.24,0.24,43.375393,1776205861000
1776205862.968,62.968,0.42,5.0,0.41,5.0,0.66,5.0,0.67,15.0,0.34,5.0,0.33,15.0,0.58,5.0,0.59,5.0,0.24,0.24,43.372371,1776205862000
1776205864.05,64.05,0.42,5.0,0.41,5.0,0.66,5.0,0.67,15.0,0.34,5.0,0.33,15.0,0.58,5.0,0.59,5.0,0.24,0.24,43.364679,1776205863000
1776205865.022,65.022,0.42,5.0,0.41,5.0,0.66,5.0,0.67,15.0,0.34,5.0,0.33,15.0,0.58,5.0,0.59,5.0,0.24,0.24,43.359033,1776205864000
1776205866.02,66.02,0.42,5.0,0.41,5.0,0.66,5.0,0.67,15.0,0.34,5.0,0.33,15.0,0.58,5.0,0.59,5.0,0.24,0.24,43.359033,1776205865000
1776205866.995,66.995,0.42,5.0,0.41,5.0,0.66,5.0,0.67,15.0,0.34,5.0,0.33,15.0,0.58,5.0,0.59,5.0,0.24,0.24,43.361073,1776205866000
1776205868.051,68.051,0.42,5.0,0.41,5.0,0.66,5.0,0.67,15.0,0.34,5.0,0.33,15.0,0.58,5.0,0.59,5.0,0.24,0.24,43.361476,1776205867000
1776205869.122,69.122,0.42,5.0,0.41,5.0,0.66,5.0,0.67,15.0,0.34,5.0,0.33,15.0,0.58,5.0,0.59,5.0,0.24,0.24,43.364053,1776205868000
1776205869.604,69.604,0.53,5.0,0.52,5.0,0.73,15.0,0.74,15.0,0.34,5.0,0.33,15.0,0.58,5.0,0.59,5.0,0.2,0.24,43.364053,1776205868000
1776205870.087,70.087,0.53,5.0,0.52,5.0,0.73,15.0,0.74,15.0,0.27,15.0,0.26,15.0,0.47,5.0,0.48,5.0,0.2,0.2,43.387544,1776205869000
1776205871.126,71.126,0.53,5.0,0.52,5.0,0.73,15.0,0.74,15.0,0.27,15.0,0.26,15.0,0.47,5.0,0.48,5.0,0.2,0.2,43.398278,1776205870000
1776205872.203,72.203,0.53,5.0,0.52,5.0,0.73,15.0,0.74,15.0,0.27,15.0,0.26,15.0,0.47,5.0,0.48,5.0,0.2,0.2,43.396622,1776205871000
1776205873.196,73.196,0.53,5.0,0.52,5.0,0.73,15.0,0.74,15.0,0.27,15.0,0.26,15.0,0.47,5.0,0.48,5.0,0.2,0.2,43.391663,1776205872000
1776205874.194,74.194,0.53,5.0,0.52,5.0,0.73,15.0,0.74,15.0,0.27,15.0,0.26,15.0,0.47,5.0,0.48,5.0,0.2,0.2,43.383448,1776205873000
1776205875.178,75.178,0.53,5.0,0.52,5.0,0.73,15.0,0.74,15.0,0.27,15.0,0.26,15.0,0.47,5.0,0.48,5.0,0.2,0.2,43.376512,1776205874000
1776205876.292,76.292,0.53,5.0,0.52,5.0,0.73,15.0,0.74,15.0,0.27,15.0,0.26,15.0,0.47,5.0,0.48,5.0,0.2,0.2,43.385798,1776205875000
1776205877.273,77.273,0.53,5.0,0.52,5.0,0.73,15.0,0.74,15.0,0.27,15.0,0.26,15.0,0.47,5.0,0.48,5.0,0.2,0.2,43.399855,1776205876000
1776205878.151,78.151,0.5,3.96,0.49,5.0,0.56,10.0,0.74,15.0,0.27,15.0,0.26,15.0,0.47,5.0,0.48,5.0,0.06,0.2,43.399855,1776205876000
1776205878.394,78.394,0.5,3.96,0.49,5.0,0.56,4.22,0.73,15.0,0.44,10.0,0.26,15.0,0.5,3.96,0.51,5.0,0.06,0.06,43.401752,1776205877000
1776205879.202,79.202,0.56,5.34,0.5,3.96,0.73,15.0,0.74,15.0,0.27,15.0,0.26,15.0,0.44,5.34,0.5,3.96,0.17,0.17,43.398885,1776205878000
1776205880.358,80.358,0.56,5.34,0.5,3.96,0.73,15.0,0.74,15.0,0.27,15.0,0.26,15.0,0.44,5.34,0.5,3.96,0.17,0.17,43.385331,1776205879000
1776205881.157,81.157,0.56,5.34,0.5,3.96,0.73,15.0,0.74,15.0,0.27,15.0,0.26,15.0,0.44,5.34,0.5,3.96,0.17,0.17,43.376893,1776205880000
1776205882.106,82.106,0.56,5.34,0.5,3.96,0.73,15.0,0.74,15.0,0.27,15.0,0.26,15.0,0.44,5.34,0.5,3.96,0.17,0.17,43.37345,1776205881000
1776205883.186,83.186,0.56,5.34,0.5,3.96,0.73,15.0,0.74,15.0,0.27,15.0,0.26,15.0,0.44,5.34,0.5,3.96,0.17,0.17,43.371435,1776205882000
1776205884.157,84.157,0.56,5.34,0.5,3.96,0.73,15.0,0.74,15.0,0.27,15.0,0.26,15.0,0.44,5.34,0.5,3.96,0.17,0.17,43.371486,1776205883000
1776205885.458,85.458,0.56,5.34,0.5,3.96,0.73,15.0,0.74,15.0,0.27,15.0,0.26,15.0,0.44,5.34,0.5,3.96,0.17,0.17,43.387472,1776205884000
1776205886.049,86.049,0.56,5.34,0.5,3.96,0.73,15.0,0.74,15.0,0.27,15.0,0.26,15.0,0.44,5.34,0.5,3.96,0.17,0.17,43.389655,1776205885000
1776205887.422,87.422,0.56,5.34,0.5,3.96,0.73,15.0,0.74,15.0,0.27,15.0,0.26,15.0,0.44,5.34,0.5,3.96,0.17,0.17,43.404781,1776205886000
1776205888.166,88.166,0.56,5.34,0.5,3.96,0.73,15.0,0.74,15.0,0.27,15.0,0.26,15.0,0.44,5.34,0.5,3.96,0.17,0.17,43.406158,1776205887000
1776205889.392,89.392,0.56,5.34,0.5,3.96,0.73,15.0,0.74,15.0,0.27,15.0,0.26,15.0,0.44,5.34,0.5,3.96,0.17,0.17,43.419278,1776205888000
1776205890.503,90.503,0.56,5.34,0.5,3.96,0.73,15.0,0.74,15.0,0.27,15.0,0.26,15.0,0.44,5.34,0.5,3.96,0.17,0.17,43.428894,1776205889000
1776205891.063,91.063,0.56,5.34,0.5,3.96,0.73,15.0,0.74,15.0,0.27,15.0,0.26,15.0,0.44,5.34,0.5,3.96,0.17,0.17,43.431893,1776205890000
1776205892.167,92.167,0.56,5.34,0.5,3.96,0.73,15.0,0.74,15.0,0.27,15.0,0.26,15.0,0.44,5.34,0.5,3.96,0.17,0.17,43.427751,1776205891000
1776205893.408,93.408,0.56,5.34,0.5,3.96,0.73,15.0,0.74,15.0,0.27,15.0,0.26,15.0,0.44,5.34,0.5,3.96,0.17,0.17,43.430678,1776205892000
1776205893.953,93.953,0.56,5.34,0.5,3.96,0.73,15.0,0.74,15.0,0.27,15.0,0.26,15.0,0.44,5.34,0.5,3.96,0.17,0.17,43.430678,1776205893000
1776205895.155,95.155,0.56,5.34,0.5,3.96,0.73,15.0,0.74,15.0,0.27,15.0,0.26,15.0,0.44,5.34,0.5,3.96,0.17,0.17,43.429853,1776205894000
1776205896.428,96.428,0.56,5.34,0.5,3.96,0.73,15.0,0.74,15.0,0.27,15.0,0.26,15.0,0.44,5.34,0.5,3.96,0.17,0.17,43.427323,1776205895000
1776205897.442,97.442,0.56,5.34,0.5,3.96,0.73,15.0,0.74,15.0,0.27,15.0,0.26,15.0,0.44,5.34,0.5,3.96,0.17,0.17,43.427104,1776205896000
1776205898.037,98.037,0.56,5.34,0.5,3.96,0.73,15.0,0.74,15.0,0.27,15.0,0.26,15.0,0.44,5.34,0.5,3.96,0.17,0.17,43.427104,1776205897000
1776205899.168,99.168,0.56,5.34,0.5,3.96,0.73,15.0,0.74,15.0,0.27,15.0,0.26,15.0,0.44,5.34,0.5,3.96,0.17,0.17,43.426305,1776205898000
1776205901.177,101.177,0.56,5.34,0.5,3.96,0.73,15.0,0.74,15.0,0.27,15.0,0.26,15.0,0.44,5.34,0.5,3.96,0.17,0.17,43.428576,1776205899000
1776205901.798,101.798,0.56,5.34,0.5,3.96,0.73,15.0,0.74,15.0,0.27,15.0,0.26,15.0,0.44,5.34,0.5,3.96,0.17,0.17,43.428576,1776205900000
1776205902.645,102.645,0.56,5.34,0.5,3.96,0.73,15.0,0.74,15.0,0.27,15.0,0.26,15.0,0.44,5.34,0.5,3.96,0.17,0.17,43.424221,1776205901000
1776205903.376,103.376,0.56,5.34,0.5,3.96,0.73,15.0,0.74,15.0,0.27,15.0,0.26,15.0,0.44,5.34,0.5,3.96,0.17,0.17,43.422772,1776205902000
1776205904.501,104.501,0.78,4.66,0.77,21.0,0.84,15.0,0.85,15.0,0.16,15.0,0.15,15.0,0.22,4.66,0.23,21.0,0.06,0.06,43.426117,1776205903000
1776205905.347,105.347,0.78,4.66,0.77,21.0,0.84,15.0,0.85,15.0,0.16,15.0,0.15,15.0,0.22,4.66,0.23,21.0,0.06,0.06,43.428591,1776205904000
1776205906.085,106.085,0.78,4.66,0.77,21.0,0.84,15.0,0.85,15.0,0.16,15.0,0.15,15.0,0.22,4.66,0.23,21.0,0.06,0.06,43.432982,1776205905000
1776205907.385,107.385,0.78,4.66,0.77,21.0,0.84,15.0,0.85,15.0,0.16,15.0,0.15,15.0,0.22,4.66,0.23,21.0,0.06,0.06,43.437357,1776205906000
1776205907.992,107.992,0.78,4.66,0.77,21.0,0.84,15.0,0.85,15.0,0.16,15.0,0.15,15.0,0.22,4.66,0.23,21.0,0.06,0.06,43.437381,1776205907000
1776205909.395,109.395,0.78,4.66,0.77,21.0,0.84,15.0,0.85,15.0,0.16,15.0,0.15,15.0,0.22,4.66,0.23,21.0,0.06,0.06,43.437988,1776205908000
1776205909.958,109.958,0.78,4.66,0.77,21.0,0.84,15.0,0.85,15.0,0.16,15.0,0.15,15.0,0.22,4.66,0.23,21.0,0.06,0.06,43.43857,1776205909000
1776205911.54,111.54,0.78,4.66,0.77,21.0,0.84,15.0,0.85,15.0,0.16,15.0,0.15,15.0,0.22,4.66,0.23,21.0,0.06,0.06,43.439665,1776205910000
1776205912.182,112.182,0.78,4.66,0.77,21.0,0.84,15.0,0.85,15.0,0.16,15.0,0.15,15.0,0.22,4.66,0.23,21.0,0.06,0.06,43.439746,1776205911000
1776205914.273,114.273,0.78,4.66,0.77,21.0,0.84,15.0,0.85,15.0,0.16,15.0,0.15,15.0,0.22,4.66,0.23,21.0,0.06,0.06,43.447942,1776205913000
1776205915.697,115.697,0.81,32.0,0.77,10.0,0.85,13.82,0.86,15.0,0.16,15.0,0.15,15.0,0.22,4.66,0.23,21.0,0.04,0.06,43.447942,1776205913000
1776205915.979,115.979,0.81,32.0,0.77,10.0,0.85,13.82,0.86,15.0,0.15,13.82,0.14,15.0,0.19,32.0,0.23,10.0,0.04,0.04,43.446879,1776205914000
1776205916.678,116.678,0.81,32.0,0.77,10.0,0.85,13.82,0.86,15.0,0.15,13.82,0.14,15.0,0.19,32.0,0.23,10.0,0.04,0.04,43.444856,1776205915000
1776205917.555,117.555,0.81,32.0,0.77,10.0,0.85,13.82,0.86,15.0,0.15,13.82,0.14,15.0,0.19,32.0,0.23,10.0,0.04,0.04,43.443391,1776205916000
1776205918.555,118.555,0.81,32.0,0.77,10.0,0.85,13.82,0.86,15.0,0.15,13.82,0.14,15.0,0.19,32.0,0.23,10.0,0.04,0.04,43.443139,1776205917000
1776205919.176,119.176,0.81,32.0,0.77,10.0,0.85,13.82,0.86,15.0,0.15,13.82,0.14,15.0,0.19,32.0,0.23,10.0,0.04,0.04,43.443085,1776205918000
1776205920.318,120.318,0.81,32.0,0.77,10.0,0.85,13.82,0.86,15.0,0.15,13.82,0.14,15.0,0.19,32.0,0.23,10.0,0.04,0.04,43.442806,1776205919000
1776205922.153,122.153,0.81,32.0,0.77,10.0,0.85,13.82,0.86,15.0,0.15,13.82,0.14,15.0,0.19,32.0,0.23,10.0,0.04,0.04,43.442676,1776205920000
1776205922.744,122.744,0.81,32.0,0.77,10.0,0.85,13.82,0.86,15.0,0.15,13.82,0.14,15.0,0.19,32.0,0.23,10.0,0.04,0.04,43.442721,1776205921000
1776205923.444,123.444,0.81,32.0,0.77,10.0,0.85,13.82,0.86,15.0,0.15,13.82,0.14,15.0,0.19,32.0,0.23,10.0,0.04,0.04,43.445808,1776205922000
1776205924.635,124.635,0.81,32.0,0.77,10.0,0.85,13.82,0.86,15.0,0.15,13.82,0.14,15.0,0.19,32.0,0.23,10.0,0.04,0.04,43.447643,1776205923000
1776205925.116,125.116,0.81,32.0,0.77,10.0,0.85,13.82,0.86,15.0,0.15,13.82,0.14,15.0,0.19,32.0,0.23,10.0,0.04,0.04,43.449032,1776205924000
1776205926.502,126.502,0.81,32.0,0.77,10.0,0.85,13.82,0.86,15.0,0.15,13.82,0.14,15.0,0.19,32.0,0.23,10.0,0.04,0.04,43.44943,1776205925000
1776205927.113,127.113,0.81,32.0,0.77,10.0,0.85,13.82,0.86,15.0,0.15,13.82,0.14,15.0,0.19,32.0,0.23,10.0,0.04,0.04,43.450225,1776205926000
1776205928.23,128.23,0.81,32.0,0.77,10.0,0.85,13.82,0.86,15.0,0.15,13.82,0.14,15.0,0.19,32.0,0.23,10.0,0.04,0.04,43.458249,1776205927000
1776205929.45,129.45,0.81,32.0,0.77,10.0,0.85,13.82,0.86,15.0,0.15,13.82,0.14,15.0,0.19,32.0,0.23,10.0,0.04,0.04,43.46033,1776205928000
1776205930.11,130.11,0.81,32.0,0.77,10.0,0.85,13.82,0.86,15.0,0.15,13.82,0.14,15.0,0.19,32.0,0.23,10.0,0.04,0.04,43.460376,1776205929000
1776205931.379,131.379,0.81,32.0,0.77,10.0,0.85,13.82,0.86,15.0,0.15,13.82,0.14,15.0,0.19,32.0,0.23,10.0,0.04,0.04,43.458259,1776205930000
1776205932.07,132.07,0.81,32.0,0.77,10.0,0.85,13.82,0.86,15.0,0.15,13.82,0.14,15.0,0.19,32.0,0.23,10.0,0.04,0.04,43.456818,1776205931000
1776205933.481,133.481,0.81,32.0,0.77,10.0,0.85,13.82,0.86,15.0,0.15,13.82,0.14,15.0,0.19,32.0,0.23,10.0,0.04,0.04,43.456326,1776205932000
1776205934.009,134.009,0.81,32.0,0.77,10.0,0.85,13.82,0.86,15.0,0.15,13.82,0.14,15.0,0.19,32.0,0.23,10.0,0.04,0.04,43.456217,1776205933000
1776205935.237,135.237,0.81,32.0,0.77,10.0,0.85,13.82,0.86,15.0,0.15,13.82,0.14,15.0,0.19,32.0,0.23,10.0,0.04,0.04,43.454639,1776205934000
1776205935.543,135.543,0.85,30.0,0.81,10.0,0.89,15.0,0.9,15.0,0.15,13.82,0.14,15.0,0.19,32.0,0.23,10.0,0.04,0.04,43.454639,1776205934000
1776205935.969,135.969,0.85,30.0,0.81,10.0,0.89,15.0,0.9,15.0,0.11,15.0,0.1,15.0,0.15,30.0,0.19,10.0,0.04,0.04,43.451915,1776205935000
1776205937.085,137.085,0.85,30.0,0.81,10.0,0.89,15.0,0.9,15.0,0.11,15.0,0.1,15.0,0.15,30.0,0.19,10.0,0.04,0.04,43.447142,1776205936000
1776205938.033,138.033,0.85,30.0,0.81,10.0,0.89,15.0,0.9,15.0,0.11,15.0,0.1,15.0,0.15,30.0,0.19,10.0,0.04,0.04,43.447148,1776205937000
1776205939.159,139.159,0.85,30.0,0.81,10.0,0.89,15.0,0.9,15.0,0.11,15.0,0.1,15.0,0.15,30.0,0.19,10.0,0.04,0.04,43.445429,1776205938000
1776205940.353,140.353,0.85,30.0,0.81,10.0,0.89,15.0,0.9,15.0,0.11,15.0,0.1,15.0,0.15,30.0,0.19,10.0,0.04,0.04,43.444827,1776205939000
1776205941.261,141.261,0.85,30.0,0.81,10.0,0.89,15.0,0.9,15.0,0.11,15.0,0.1,15.0,0.15,30.0,0.19,10.0,0.04,0.04,43.444632,1776205940000
1776205942.316,142.316,0.85,30.0,0.81,10.0,0.89,15.0,0.9,15.0,0.11,15.0,0.1,15.0,0.15,30.0,0.19,10.0,0.04,0.04,43.443938,1776205941000
1776205942.942,142.942,0.85,30.0,0.81,10.0,0.89,15.0,0.9,15.0,0.11,15.0,0.1,15.0,0.15,30.0,0.19,10.0,0.04,0.04,43.443928,1776205942000
1776205943.89,143.89,0.85,30.0,0.81,10.0,0.89,15.0,0.9,15.0,0.11,15.0,0.1,15.0,0.15,30.0,0.19,10.0,0.04,0.04,43.443738,1776205943000
1776205944.96,144.96,0.85,30.0,0.81,10.0,0.89,15.0,0.9,15.0,0.11,15.0,0.1,15.0,0.15,30.0,0.19,10.0,0.04,0.04,43.448129,1776205944000
1776205945.969,145.969,0.85,30.0,0.81,10.0,0.89,15.0,0.9,15.0,0.11,15.0,0.1,15.0,0.15,30.0,0.19,10.0,0.04,0.04,43.455818,1776205945000
1776205947.055,147.055,0.85,30.0,0.81,10.0,0.89,15.0,0.9,15.0,0.11,15.0,0.1,15.0,0.15,30.0,0.19,10.0,0.04,0.04,43.454838,1776205946000
1776205948.031,148.031,0.85,30.0,0.81,10.0,0.89,15.0,0.9,15.0,0.11,15.0,0.1,15.0,0.15,30.0,0.19,10.0,0.04,0.04,43.451596,1776205947000
1776205949.017,149.017,0.85,30.0,0.81,10.0,0.89,15.0,0.9,15.0,0.11,15.0,0.1,15.0,0.15,30.0,0.19,10.0,0.04,0.04,43.451516,1776205948000
1776205950.452,150.452,0.85,30.0,0.81,10.0,0.89,15.0,0.9,15.0,0.11,15.0,0.1,15.0,0.15,30.0,0.19,10.0,0.04,0.04,43.452435,1776205949000
1776205951.044,151.044,0.85,30.0,0.81,10.0,0.89,15.0,0.9,15.0,0.11,15.0,0.1,15.0,0.15,30.0,0.19,10.0,0.04,0.04,43.452535,1776205950000
1776205952.16,152.16,0.85,30.0,0.81,10.0,0.89,15.0,0.9,15.0,0.11,15.0,0.1,15.0,0.15,30.0,0.19,10.0,0.04,0.04,43.454939,1776205951000
1776205953.149,153.149,0.85,30.0,0.81,10.0,0.89,15.0,0.9,15.0,0.11,15.0,0.1,15.0,0.15,30.0,0.19,10.0,0.04,0.04,43.455521,1776205952000
1776205961.354,161.354,0.85,30.0,0.81,10.0,0.89,15.0,0.9,15.0,0.11,15.0,0.1,15.0,0.15,30.0,0.19,10.0,0.04,0.04,43.453034,1776205960000
1776205962.237,162.237,0.85,30.0,0.81,10.0,0.89,15.0,0.9,15.0,0.11,15.0,0.1,15.0,0.15,30.0,0.19,10.0,0.04,0.04,43.455549,1776205961000
1776205963.338,163.338,0.85,30.0,0.81,10.0,0.89,15.0,0.9,15.0,0.11,15.0,0.1,15.0,0.15,30.0,0.19,10.0,0.04,0.04,43.454385,1776205962000
1776205964.492,164.492,0.85,30.0,0.81,10.0,0.89,15.0,0.9,15.0,0.11,15.0,0.1,15.0,0.15,30.0,0.19,10.0,0.04,0.04,43.453732,1776205963000
1776205965.062,165.062,0.85,30.0,0.81,10.0,0.89,15.0,0.9,15.0,0.11,15.0,0.1,15.0,0.15,30.0,0.19,10.0,0.04,0.04,43.452419,1776205964000
1776205966.199,166.199,0.85,30.0,0.81,10.0,0.89,15.0,0.9,15.0,0.11,15.0,0.1,15.0,0.15,30.0,0.19,10.0,0.04,0.04,43.45556,1776205965000
1776205967.453,167.453,0.91,25.0,0.89,15.0,0.95,4.47,0.96,20.0,0.05,4.47,0.04,20.0,0.09,25.0,0.11,15.0,0.04,0.04,43.464945,1776205966000
1776205967.799,167.799,0.95,35.53,0.91,40.0,0.96,20.0,0.97,54.83,0.05,4.47,0.04,20.0,0.09,25.0,0.11,15.0,0.01,0.04,43.464945,1776205966000
1776205968.027,168.027,0.95,35.53,0.91,40.0,0.96,20.0,0.97,54.83,0.04,20.0,0.03,54.83,0.05,35.53,0.09,40.0,0.01,0.01,43.465689,1776205967000
1776205968.318,168.318,0.95,35.53,0.91,40.0,0.96,18.95,0.97,54.83,0.04,20.0,0.03,54.83,0.05,35.53,0.09,40.0,0.01,0.01,43.465689,1776205967000
1776205969.129,169.129,0.95,35.53,0.91,40.0,0.96,18.95,0.97,54.83,0.04,18.95,0.03,54.83,0.05,35.53,0.09,40.0,0.01,0.01,43.465724,1776205968000
1776205970.328,170.328,0.95,35.53,0.91,40.0,0.96,18.95,0.97,54.83,0.04,18.95,0.03,54.83,0.05,35.53,0.09,40.0,0.01,0.01,43.470799,1776205969000
1776205970.912,170.912,0.95,35.53,0.91,40.0,0.96,18.95,0.97,54.83,0.04,18.95,0.03,54.83,0.05,35.53,0.09,40.0,0.01,0.01,43.472964,1776205970000
1776205971.189,171.189,0.95,40.53,0.93,15.0,0.97,54.83,0.98,25.0,0.04,18.95,0.03,54.83,0.05,35.53,0.09,40.0,0.02,0.01,43.472964,1776205970000
1776205971.442,171.442,0.95,40.53,0.93,15.0,0.96,13.95,0.97,54.83,0.03,54.83,0.02,25.0,0.05,40.53,0.07,15.0,0.01,0.02,43.472964,1776205970000
1776205972.15,172.15,0.95,40.53,0.93,15.0,0.96,8.95,0.97,54.83,0.04,8.95,0.03,54.83,0.05,40.53,0.07,15.0,0.01,0.01,43.476829,1776205971000
1776205972.492,172.492,0.95,40.53,0.93,15.0,0.96,0.01,0.97,54.83,0.04,8.95,0.03,54.83,0.05,40.53,0.07,15.0,0.01,0.01,43.476829,1776205971000
1776205973.327,173.327,0.95,40.53,0.93,15.0,0.96,0.01,0.97,54.83,0.04,0.01,0.03,54.83,0.05,40.53,0.07,15.0,0.01,0.01,43.477472,1776205972000
1776205973.903,173.903,0.95,40.53,0.93,15.0,0.96,0.01,0.97,54.83,0.04,0.01,0.03,54.83,0.05,40.53,0.07,15.0,0.01,0.01,43.477075,1776205973000
1776205975.065,175.065,0.95,40.53,0.93,15.0,0.96,0.01,0.97,54.83,0.04,0.01,0.03,54.83,0.05,40.53,0.07,15.0,0.01,0.01,43.476829,1776205974000
1776205976.213,176.213,0.95,40.53,0.93,15.0,0.96,0.01,0.97,54.83,0.04,0.01,0.03,54.83,0.05,40.53,0.07,15.0,0.01,0.01,43.474667,1776205975000
1776205977.306,177.306,0.95,40.53,0.93,15.0,0.96,0.01,0.97,54.83,0.04,0.01,0.03,54.83,0.05,40.53,0.07,15.0,0.01,0.01,43.475595,1776205976000
1776205977.922,177.922,0.95,40.53,0.93,15.0,0.96,0.01,0.97,54.83,0.04,0.01,0.03,54.83,0.05,40.53,0.07,15.0,0.01,0.01,43.475475,1776205977000
1776205979.632,179.632,0.95,40.53,0.93,15.0,0.96,0.01,0.97,54.83,0.04,0.01,0.03,54.83,0.05,40.53,0.07,15.0,0.01,0.01,43.47574,1776205978000
1776205980.243,180.243,0.95,40.53,0.93,15.0,0.96,0.01,0.97,54.83,0.04,0.01,0.03,54.83,0.05,40.53,0.07,15.0,0.01,0.01,43.47574,1776205979000
1776205981.61,181.61,0.95,40.53,0.93,15.0,0.96,0.01,0.97,54.83,0.04,0.01,0.03,54.83,0.05,40.53,0.07,15.0,0.01,0.01,43.475639,1776205980000
1776205982.336,182.336,0.95,40.53,0.93,15.0,0.96,0.01,0.97,54.83,0.04,0.01,0.03,54.83,0.05,40.53,0.07,15.0,0.01,0.01,43.475639,1776205981000
1776205983.481,183.481,0.95,40.53,0.93,15.0,0.96,0.01,0.97,54.83,0.04,0.01,0.03,54.83,0.05,40.53,0.07,15.0,0.01,0.01,43.480382,1776205982000
1776205984.058,184.058,0.95,40.53,0.93,15.0,0.96,0.01,0.97,54.83,0.04,0.01,0.03,54.83,0.05,40.53,0.07,15.0,0.01,0.01,43.479943,1776205983000
1776205985.169,185.169,0.95,40.53,0.93,15.0,0.96,0.01,0.97,54.83,0.04,0.01,0.03,54.83,0.05,40.53,0.07,15.0,0.01,0.01,43.482342,1776205984000
1776205985.39,185.39,0.96,5.0,0.95,55.53,0.97,25.03,0.98,25.0,0.04,0.01,0.03,54.83,0.05,40.53,0.07,15.0,0.01,0.01,43.482342,1776205984000
1776205986.272,186.272,0.96,5.0,0.95,55.53,0.97,25.03,0.98,25.0,0.03,25.03,0.02,25.0,0.04,5.0,0.05,55.53,0.01,0.01,43.483149,1776205985000
1776205987.244,187.244,0.96,5.0,0.95,55.53,0.97,25.03,0.98,25.0,0.03,25.03,0.02,25.0,0.04,5.0,0.05,55.53,0.01,0.01,43.481607,1776205986000
1776205988.464,188.464,0.96,5.0,0.95,55.53,0.97,25.03,0.98,25.0,0.03,25.03,0.02,25.0,0.04,5.0,0.05,55.53,0.01,0.01,43.480193,1776205987000
1776205988.92,188.92,0.96,5.0,0.95,55.53,0.97,25.03,0.98,25.0,0.03,25.03,0.02,25.0,0.04,5.0,0.05,55.53,0.01,0.01,43.479944,1776205988000
1776205990.136,190.136,0.96,5.0,0.95,55.53,0.97,25.03,0.98,25.0,0.03,25.03,0.02,25.0,0.04,5.0,0.05,55.53,0.01,0.01,43.479169,1776205989000
1776205991.187,191.187,0.96,5.0,0.95,55.53,0.97,25.03,0.98,25.0,0.03,25.03,0.02,25.0,0.04,5.0,0.05,55.53,0.01,0.01,43.477183,1776205990000
1776205992.424,192.424,0.96,5.0,0.95,55.53,0.97,25.03,0.98,25.0,0.03,25.03,0.02,25.0,0.04,5.0,0.05,55.53,0.01,0.01,43.476411,1776205991000
1776205993.012,193.012,0.96,5.0,0.95,55.53,0.97,25.03,0.98,25.0,0.03,25.03,0.02,25.0,0.04,5.0,0.05,55.53,0.01,0.01,43.474108,1776205992000
1776205994.464,194.464,0.96,5.0,0.95,55.53,0.97,25.03,0.98,25.0,0.03,25.03,0.02,25.0,0.04,5.0,0.05,55.53,0.01,0.01,43.47578,1776205993000
1776205995.109,195.109,0.96,5.0,0.95,55.53,0.97,25.03,0.98,25.0,0.03,25.03,0.02,25.0,0.04,5.0,0.05,55.53,0.01,0.01,43.465446,1776205994000
1776205996.181,196.181,0.96,5.0,0.95,55.53,0.97,25.03,0.98,25.0,0.03,25.03,0.02,25.0,0.04,5.0,0.05,55.53,0.01,0.01,43.463413,1776205995000
1776205997.233,197.233,0.96,5.0,0.95,55.53,0.97,25.03,0.98,25.0,0.03,25.03,0.02,25.0,0.04,5.0,0.05,55.53,0.01,0.01,43.459692,1776205996000
1776205998.383,198.383,0.96,5.0,0.95,55.53,0.97,25.03,0.98,25.0,0.03,25.03,0.02,25.0,0.04,5.0,0.05,55.53,0.01,0.01,43.45921,1776205997000
1776205998.965,198.965,0.96,5.0,0.95,55.53,0.97,25.03,0.98,25.0,0.03,25.03,0.02,25.0,0.04,5.0,0.05,55.53,0.01,0.01,43.459211,1776205998000
1776206000.028,200.028,0.96,5.0,0.95,55.53,0.97,25.03,0.98,25.0,0.03,25.03,0.02,25.0,0.04,5.0,0.05,55.53,0.01,0.01,43.460277,1776205999000
1776206001.014,201.014,0.96,5.0,0.95,55.53,0.97,25.03,0.98,25.0,0.03,25.03,0.02,25.0,0.04,5.0,0.05,55.53,0.01,0.01,43.45962,1776206000000
1776206002.281,202.281,0.96,5.0,0.95,55.53,0.97,25.03,0.98,25.0,0.03,25.03,0.02,25.0,0.04,5.0,0.05,55.53,0.01,0.01,43.459493,1776206001000
1776206003.334,203.334,0.96,5.0,0.95,55.53,0.97,25.03,0.98,25.0,0.03,25.03,0.02,25.0,0.04,5.0,0.05,55.53,0.01,0.01,43.460076,1776206002000
1776206004.328,204.328,0.96,5.0,0.95,55.53,0.97,25.03,0.98,25.0,0.03,25.03,0.02,25.0,0.04,5.0,0.05,55.53,0.01,0.01,43.460127,1776206003000
1776206004.95,204.95,0.96,5.0,0.95,55.53,0.97,25.03,0.98,25.0,0.03,25.03,0.02,25.0,0.04,5.0,0.05,55.53,0.01,0.01,43.460127,1776206004000
1776206005.896,205.896,0.96,5.0,0.95,55.53,0.97,25.03,0.98,25.0,0.03,25.03,0.02,25.0,0.04,5.0,0.05,55.53,0.01,0.01,43.460424,1776206005000
1776206006.924,206.924,0.96,5.0,0.95,55.53,0.97,25.03,0.98,25.0,0.03,25.03,0.02,25.0,0.04,5.0,0.05,55.53,0.01,0.01,43.460424,1776206006000
1776206008.641,208.641,0.96,5.0,0.95,55.53,0.97,25.03,0.98,25.0,0.03,25.03,0.02,25.0,0.04,5.0,0.05,55.53,0.01,0.01,43.461768,1776206007000
1776206009.348,209.348,0.96,5.0,0.95,55.53,0.97,25.03,0.98,25.0,0.03,25.03,0.02,25.0,0.04,5.0,0.05,55.53,0.01,0.01,43.462905,1776206008000
1776206009.942,209.942,0.96,5.0,0.95,55.53,0.97,25.03,0.98,25.0,0.03,25.03,0.02,25.0,0.04,5.0,0.05,55.53,0.01,0.01,43.46382,1776206009000
1776206011.38,211.38,0.96,15.0,0.95,55.53,0.97,4.41,0.98,10.0,0.03,4.41,0.02,10.0,0.04,15.0,0.05,55.53,0.01,0.01,43.465187,1776206010000
1776206012.559,212.559,0.96,15.0,0.95,55.53,0.97,4.41,0.98,10.0,0.03,4.41,0.02,10.0,0.04,15.0,0.05,55.53,0.01,0.01,43.468373,1776206011000
1776206013.32,213.32,0.96,15.0,0.95,55.53,0.97,4.41,0.98,10.0,0.03,4.41,0.02,10.0,0.04,15.0,0.05,55.53,0.01,0.01,43.46418,1776206012000
1776206014.08,214.08,0.96,15.0,0.95,55.53,0.97,4.41,0.98,10.0,0.03,4.41,0.02,10.0,0.04,15.0,0.05,55.53,0.01,0.01,43.463792,1776206013000
1776206015.376,215.376,0.96,15.0,0.95,55.53,0.97,4.41,0.98,10.0,0.03,4.41,0.02,10.0,0.04,15.0,0.05,55.53,0.01,0.01,43.463065,1776206014000
1776206016.069,216.069,0.96,15.0,0.95,55.53,0.97,4.41,0.98,10.0,0.03,4.41,0.02,10.0,0.04,15.0,0.05,55.53,0.01,0.01,43.463022,1776206015000
1776206017.377,217.377,0.96,15.0,0.95,55.53,0.97,4.41,0.98,10.0,0.03,4.41,0.02,10.0,0.04,15.0,0.05,55.53,0.01,0.01,43.460958,1776206016000
1776206018.048,218.048,0.96,15.0,0.95,55.53,0.97,4.41,0.98,10.0,0.03,4.41,0.02,10.0,0.04,15.0,0.05,55.53,0.01,0.01,43.459815,1776206017000
1776206019.462,219.462,0.96,15.0,0.95,55.53,0.97,4.41,0.98,10.0,0.03,4.41,0.02,10.0,0.04,15.0,0.05,55.53,0.01,0.01,43.459871,1776206018000
1776206020.227,220.227,0.96,15.0,0.95,55.53,0.97,4.41,0.98,10.0,0.03,4.41,0.02,10.0,0.04,15.0,0.05,55.53,0.01,0.01,43.459871,1776206019000
1776206021.658,221.658,0.96,15.0,0.95,55.53,0.97,4.41,0.98,10.0,0.03,4.41,0.02,10.0,0.04,15.0,0.05,55.53,0.01,0.01,43.460578,1776206020000
1776206022.236,222.236,0.96,15.0,0.95,55.53,0.97,4.41,0.98,10.0,0.03,4.41,0.02,10.0,0.04,15.0,0.05,55.53,0.01,0.01,43.458144,1776206021000
1776206023.721,223.721,0.96,15.0,0.95,55.53,0.97,4.41,0.98,10.0,0.03,4.41,0.02,10.0,0.04,15.0,0.05,55.53,0.01,0.01,43.447467,1776206022000
1776206024.302,224.302,0.96,15.0,0.95,55.53,0.97,4.41,0.98,10.0,0.03,4.41,0.02,10.0,0.04,15.0,0.05,55.53,0.01,0.01,43.446088,1776206023000
1776206025.992,225.992,0.96,15.0,0.95,55.53,0.97,4.41,0.98,10.0,0.03,4.41,0.02,10.0,0.04,15.0,0.05,55.53,0.01,0.01,43.445378,1776206024000
1776206026.499,226.499,0.96,15.0,0.95,55.53,0.97,4.41,0.98,10.0,0.03,4.41,0.02,10.0,0.04,15.0,0.05,55.53,0.01,0.01,43.447138,1776206025000
1776206027.076,227.076,0.96,15.0,0.95,55.53,0.97,4.41,0.98,10.0,0.03,4.41,0.02,10.0,0.04,15.0,0.05,55.53,0.01,0.01,43.449376,1776206026000
1776206027.865,227.865,0.96,15.0,0.95,55.53,0.97,4.41,0.98,10.0,0.03,4.41,0.02,10.0,0.04,15.0,0.05,55.53,0.01,0.01,43.448681,1776206027000
1776206028.931,228.931,0.96,15.0,0.95,55.53,0.97,4.41,0.98,10.0,0.03,4.41,0.02,10.0,0.04,15.0,0.05,55.53,0.01,0.01,43.445246,1776206028000
1776206029.848,229.848,0.96,15.0,0.95,55.53,0.97,4.41,0.98,10.0,0.03,4.41,0.02,10.0,0.04,15.0,0.05,55.53,0.01,0.01,43.44516,1776206029000
1776206030.847,230.847,0.96,15.0,0.95,55.53,0.97,4.41,0.98,10.0,0.03,4.41,0.02,10.0,0.04,15.0,0.05,55.53,0.01,0.01,43.444526,1776206030000
1776206031.847,231.847,0.96,15.0,0.95,55.53,0.97,4.41,0.98,10.0,0.03,4.41,0.02,10.0,0.04,15.0,0.05,55.53,0.01,0.01,43.442771,1776206031000
1776206033.284,233.284,0.96,15.0,0.95,55.53,0.97,4.41,0.98,10.0,0.03,4.41,0.02,10.0,0.04,15.0,0.05,55.53,0.01,0.01,43.442241,1776206032000
1776206034.225,234.225,0.96,15.0,0.95,55.53,0.97,4.41,0.98,10.0,0.03,4.41,0.02,10.0,0.04,15.0,0.05,55.53,0.01,0.01,43.446902,1776206033000
1776206035.211,235.211,0.96,15.0,0.95,55.53,0.97,4.41,0.98,10.0,0.03,4.41,0.02,10.0,0.04,15.0,0.05,55.53,0.01,0.01,43.451151,1776206034000
1776206036.227,236.227,0.96,15.0,0.95,55.53,0.97,4.41,0.98,10.0,0.03,4.41,0.02,10.0,0.04,15.0,0.05,55.53,0.01,0.01,43.451151,1776206035000
1776206037.228,237.228,0.96,15.0,0.95,55.53,0.97,4.41,0.98,10.0,0.03,4.41,0.02,10.0,0.04,15.0,0.05,55.53,0.01,0.01,43.450454,1776206036000
1776206039.02,239.02,0.96,15.0,0.95,55.53,0.97,4.41,0.98,10.0,0.03,4.41,0.02,10.0,0.04,15.0,0.05,55.53,0.01,0.01,43.449775,1776206037000
1776206040.166,240.166,0.96,15.0,0.95,55.53,0.97,4.41,0.98,10.0,0.03,4.41,0.02,10.0,0.04,15.0,0.05,55.53,0.01,0.01,43.447271,1776206038000
1776206040.941,240.941,0.96,15.0,0.95,55.53,0.97,4.41,0.98,10.0,0.03,4.41,0.02,10.0,0.04,15.0,0.05,55.53,0.01,0.01,43.447129,1776206039000
1776206041.687,241.687,0.96,15.0,0.95,55.53,0.97,4.41,0.98,10.0,0.03,4.41,0.02,10.0,0.04,15.0,0.05,55.53,0.01,0.01,43.446879,1776206040000
1776206042.526,242.526,0.96,15.0,0.95,55.53,0.97,4.41,0.98,10.0,0.03,4.41,0.02,10.0,0.04,15.0,0.05,55.53,0.01,0.01,43.445666,1776206041000
1776206043.12,243.12,0.96,15.0,0.95,55.53,0.97,4.41,0.98,10.0,0.03,4.41,0.02,10.0,0.04,15.0,0.05,55.53,0.01,0.01,43.442619,1776206042000
1776206044.52,244.52,0.96,15.0,0.95,55.53,0.97,4.41,0.98,10.0,0.03,4.41,0.02,10.0,0.04,15.0,0.05,55.53,0.01,0.01,43.429368,1776206043000
1776206045.177,245.177,0.96,15.0,0.95,55.53,0.97,4.41,0.98,10.0,0.03,4.41,0.02,10.0,0.04,15.0,0.05,55.53,0.01,0.01,43.422858,1776206044000
1776206045.439,245.439,0.95,1.87,0.83,10.0,0.96,15.0,0.97,19.41,0.03,4.41,0.02,10.0,0.04,15.0,0.05,55.53,0.01,0.01,43.422858,1776206044000
1776206046.563,246.563,0.83,10.0,0.81,15.0,0.95,38.66,0.96,15.0,0.05,38.66,0.04,15.0,0.17,10.0,0.19,15.0,0.12,0.12,43.419535,1776206045000
1776206047.249,247.249,0.83,10.0,0.81,15.0,0.95,38.66,0.96,15.0,0.05,38.66,0.04,15.0,0.17,10.0,0.19,15.0,0.12,0.12,43.418171,1776206046000
1776206048.599,248.599,0.83,10.0,0.81,15.0,0.95,38.66,0.96,15.0,0.05,38.66,0.04,15.0,0.17,10.0,0.19,15.0,0.12,0.12,43.417124,1776206047000
1776206049.257,249.257,0.83,10.0,0.81,15.0,0.95,38.66,0.96,15.0,0.05,38.66,0.04,15.0,0.17,10.0,0.19,15.0,0.12,0.12,43.417299,1776206048000
1776206050.853,250.853,0.83,10.0,0.81,15.0,0.95,38.66,0.96,15.0,0.05,38.66,0.04,15.0,0.17,10.0,0.19,15.0,0.12,0.12,43.420521,1776206049000
1776206051.609,251.609,0.83,10.0,0.81,15.0,0.95,38.66,0.96,15.0,0.05,38.66,0.04,15.0,0.17,10.0,0.19,15.0,0.12,0.12,43.422083,1776206050000
1776206052.207,252.207,0.94,15.0,0.93,15.0,0.95,36.55,0.97,4.41,0.05,38.66,0.04,15.0,0.17,10.0,0.19,15.0,0.01,0.12,43.422083,1776206050000
1776206052.628,252.628,0.94,29.0,0.93,15.0,0.95,34.44,0.97,4.41,0.05,34.44,0.03,4.41,0.06,15.0,0.07,15.0,0.01,0.01,43.432065,1776206051000
1776206053.53,253.53,0.94,29.0,0.93,15.0,0.95,34.44,0.97,4.41,0.05,34.44,0.03,4.41,0.06,29.0,0.07,15.0,0.01,0.01,43.436007,1776206052000
1776206054.187,254.187,0.94,29.0,0.93,15.0,0.95,28.1,0.96,15.0,0.05,34.44,0.03,4.41,0.06,29.0,0.07,15.0,0.01,0.01,43.436007,1776206052000
1776206055.568,255.568,0.94,29.0,0.93,15.0,0.95,28.1,0.96,15.0,0.05,28.1,0.04,15.0,0.06,29.0,0.07,15.0,0.01,0.01,43.433556,1776206054000
1776206056.207,256.207,0.94,29.0,0.93,15.0,0.95,28.1,0.96,15.0,0.05,28.1,0.04,15.0,0.06,29.0,0.07,15.0,0.01,0.01,43.432869,1776206055000
1776206057.217,257.217,0.94,29.0,0.93,15.0,0.95,28.1,0.96,15.0,0.05,28.1,0.04,15.0,0.06,29.0,0.07,15.0,0.01,0.01,43.433538,1776206056000
1776206058.234,258.234,0.94,29.0,0.93,15.0,0.95,28.1,0.96,15.0,0.05,28.1,0.04,15.0,0.06,29.0,0.07,15.0,0.01,0.01,43.435813,1776206057000
1776206059.29,259.29,0.94,29.0,0.93,15.0,0.95,28.1,0.96,15.0,0.05,28.1,0.04,15.0,0.06,29.0,0.07,15.0,0.01,0.01,43.435817,1776206058000
1776206060.281,260.281,0.94,29.0,0.93,15.0,0.95,28.1,0.96,15.0,0.05,28.1,0.04,15.0,0.06,29.0,0.07,15.0,0.01,0.01,43.436173,1776206059000
1776206061.437,261.437,0.94,29.0,0.93,15.0,0.95,28.1,0.96,15.0,0.05,28.1,0.04,15.0,0.06,29.0,0.07,15.0,0.01,0.01,43.436174,1776206060000
1776206062.383,262.383,0.94,29.0,0.93,15.0,0.95,28.1,0.96,15.0,0.05,28.1,0.04,15.0,0.06,29.0,0.07,15.0,0.01,0.01,43.436249,1776206061000
1776206062.83,262.83,0.94,29.0,0.93,15.0,0.95,28.1,0.96,15.0,0.05,28.1,0.04,15.0,0.06,29.0,0.07,15.0,0.01,0.01,43.436484,1776206062000
1776206063.045,263.045,0.94,44.0,0.93,15.0,0.95,18.26,0.97,4.41,0.05,28.1,0.04,15.0,0.06,29.0,0.07,15.0,0.01,0.01,43.436484,1776206062000
1776206063.769,263.769,0.94,44.0,0.93,15.0,0.95,17.2,0.97,4.41,0.05,18.26,0.03,4.41,0.06,44.0,0.07,15.0,0.01,0.01,43.436484,1776206062000
1776206063.976,263.976,0.94,44.0,0.93,15.0,0.95,12.96,0.97,4.41,0.05,14.02,0.03,4.41,0.06,44.0,0.07,15.0,0.01,0.01,43.436484,1776206062000
1776206064.352,264.352,0.94,44.0,0.93,15.0,0.95,9.78,0.97,4.41,0.05,9.78,0.03,4.41,0.06,44.0,0.07,15.0,0.01,0.01,43.437243,1776206063000
1776206064.864,264.864,0.94,44.0,0.93,15.0,0.98,9.57,0.99,205.0,0.05,4.52,0.03,4.41,0.06,44.0,0.07,15.0,0.04,0.01,43.437243,1776206063000
1776206065.522,265.522,0.98,10.43,0.95,15.0,0.99,205.0,,,0.02,9.57,0.01,205.0,0.06,44.0,0.07,15.0,0.01,0.04,43.437243,1776206064000
1776206065.811,265.811,0.98,10.43,0.95,15.0,0.99,205.0,,,0.01,205.0,,,0.02,10.43,0.05,15.0,0.01,0.01,43.43739,1776206065000
1776206066.439,266.439,0.98,15.0,0.97,15.0,0.99,194.57,,,0.01,205.0,,,0.02,10.43,0.05,15.0,0.01,0.01,43.43739,1776206065000
1776206066.752,266.752,0.98,15.0,0.97,15.0,0.99,169.57,,,0.01,194.57,,,0.02,15.0,0.03,15.0,0.01,0.01,43.43739,1776206065000
1776206067.006,267.006,0.98,15.0,0.97,15.0,0.99,139.57,,,0.01,169.57,,,0.02,15.0,0.03,15.0,0.01,0.01,43.43739,1776206066000
1776206067.918,267.918,0.98,15.0,0.97,15.0,0.99,139.57,,,0.01,139.57,,,0.02,15.0,0.03,15.0,0.01,0.01,43.43739,1776206067000
1776206068.961,268.961,0.98,15.0,0.97,15.0,0.99,139.57,,,0.01,139.57,,,0.02,15.0,0.03,15.0,0.01,0.01,43.437702,1776206068000
1776206069.448,269.448,0.98,15.0,0.97,15.0,0.99,134.12,,,0.01,139.57,,,0.02,15.0,0.03,15.0,0.01,0.01,43.437702,1776206068000
1776206069.714,269.714,0.98,15.0,0.97,15.0,0.99,124.12,,,0.01,134.12,,,0.02,15.0,0.03,15.0,0.01,0.01,43.437702,1776206068000
1776206070.374,270.374,0.98,15.0,0.97,15.0,0.99,124.12,,,0.01,124.12,,,0.02,15.0,0.03,15.0,0.01,0.01,43.443714,1776206069000
1776206070.948,270.948,0.98,15.0,0.97,15.0,0.99,124.12,,,0.01,124.12,,,0.02,15.0,0.03,15.0,0.01,0.01,43.445064,1776206070000
1776206072.043,272.043,0.98,15.0,0.97,15.0,0.99,124.12,,,0.01,124.12,,,0.02,15.0,0.03,15.0,0.01,0.01,43.448004,1776206071000
1776206072.674,272.674,0.98,20.0,0.97,15.0,0.99,114.12,,,0.01,124.12,,,0.02,15.0,0.03,15.0,0.01,0.01,43.448004,1776206071000
1776206073.04,273.04,0.98,20.0,0.97,15.0,0.99,114.12,,,0.01,114.12,,,0.02,20.0,0.03,15.0,0.01,0.01,43.451651,1776206072000
1776206073.746,273.746,0.98,20.0,0.97,15.0,0.99,113.1,,,0.01,114.12,,,0.02,20.0,0.03,15.0,0.01,0.01,43.451651,1776206072000
1776206073.992,273.992,0.98,20.0,0.97,15.0,0.99,113.1,,,0.01,113.1,,,0.02,20.0,0.03,15.0,0.01,0.01,43.455573,1776206073000
1776206075.019,275.019,0.98,20.0,0.97,15.0,0.99,113.1,,,0.01,113.1,,,0.02,20.0,0.03,15.0,0.01,0.01,43.45747,1776206074000
1776206075.512,275.512,0.98,5.0,0.94,29.0,0.99,103.1,,,0.01,113.1,,,0.02,20.0,0.03,15.0,0.01,0.01,43.45747,1776206074000
1776206075.919,275.919,0.99,896.9,0.98,5.0,,,,,,,,,0.01,896.9,0.02,5.0,,,43.457971,1776206075000
1776206076.915,276.915,0.99,896.9,0.98,5.0,,,,,,,,,0.01,896.9,0.02,5.0,,,43.456625,1776206076000
1776206078.019,278.019,0.99,896.9,0.98,5.0,,,,,,,,,0.01,896.9,0.02,5.0,,,43.458984,1776206077000
1776206078.978,278.978,0.99,896.9,0.98,5.0,,,,,,,,,0.01,896.9,0.02,5.0,,,43.461268,1776206078000
1776206079.924,279.924,0.99,896.9,0.98,5.0,,,,,,,,,0.01,896.9,0.02,5.0,,,43.461862,1776206079000
1776206081.095,281.095,0.99,896.9,0.98,5.0,,,,,,,,,0.01,896.9,0.02,5.0,,,43.460812,1776206080000
1776206082.023,282.023,0.99,896.9,0.98,5.0,,,,,,,,,0.01,896.9,0.02,5.0,,,43.460535,1776206081000
1776206083.685,283.685,0.99,896.9,0.98,5.0,,,,,,,,,0.01,896.9,0.02,5.0,,,43.460373,1776206082000
1776206084.753,284.753,0.99,896.9,0.98,5.0,,,,,,,,,0.01,896.9,0.02,5.0,,,43.460154,1776206083000
1776206085.427,285.427,0.99,896.9,0.98,5.0,,,,,,,,,0.01,896.9,0.02,5.0,,,43.460023,1776206084000
1776206086.082,286.082,0.99,896.9,0.98,5.0,,,,,,,,,0.01,896.9,0.02,5.0,,,43.459952,1776206085000
1776206087.249,287.249,0.99,896.9,0.98,5.0,,,,,,,,,0.01,896.9,0.02,5.0,,,43.459175,1776206086000
1776206088.576,288.576,0.99,896.9,0.98,5.0,,,,,,,,,0.01,896.9,0.02,5.0,,,43.455001,1776206087000
1776206089.395,289.395,0.99,896.9,0.98,5.0,,,,,,,,,0.01,896.9,0.02,5.0,,,43.457716,1776206088000
1776206090.036,290.036,0.99,896.9,0.98,5.0,,,,,,,,,0.01,896.9,0.02,5.0,,,43.457748,1776206089000
1776206091.471,291.471,0.99,896.9,0.98,5.0,,,,,,,,,0.01,896.9,0.02,5.0,,,43.456451,1776206090000
1776206092.12,292.12,0.99,896.9,0.98,5.0,,,,,,,,,0.01,896.9,0.02,5.0,,,43.456451,1776206091000
1776206093.381,293.381,0.99,896.9,0.98,5.0,,,,,,,,,0.01,896.9,0.02,5.0,,,43.459923,1776206092000
1776206094.102,294.102,0.99,896.9,0.98,5.0,,,,,,,,,0.01,896.9,0.02,5.0,,,43.459923,1776206093000
1776206095.328,295.328,0.99,896.9,0.98,5.0,,,,,,,,,0.01,896.9,0.02,5.0,,,43.45619,1776206094000
1776206095.964,295.964,0.99,896.9,0.98,5.0,,,,,,,,,0.01,896.9,0.02,5.0,,,43.456132,1776206095000
1776206097.371,297.371,0.99,896.9,0.98,5.0,,,,,,,,,0.01,896.9,0.02,5.0,,,43.454411,1776206096000
1776206098.055,298.055,0.99,896.9,0.98,5.0,,,,,,,,,0.01,896.9,0.02,5.0,,,43.454411,1776206097000
1776206099.267,299.267,0.99,896.9,0.98,5.0,,,,,,,,,0.01,896.9,0.02,5.0,,,43.454034,1776206098000
1776206100.911,300.911,0.99,896.9,0.98,5.0,,,,,,,,,0.01,896.9,0.02,5.0,,,43.452993,1776206099000

# RESULT,winner=Up,slug=hype-updown-5m-1776205800,ticks=316
