timestamp,elapsed_sec,up_bid_p1,up_bid_s1,up_bid_p2,up_bid_s2,up_ask_p1,up_ask_s1,up_ask_p2,up_ask_s2,down_bid_p1,down_bid_s1,down_bid_p2,down_bid_s2,down_ask_p1,down_ask_s1,down_ask_p2,down_ask_s2,up_spread,down_spread,hype_price,hype_oracle_ts
1776230711.424,11.424,0.51,10.0,0.4,10.0,0.57,10.0,0.6,5.0,0.43,10.0,0.4,5.0,0.49,10.0,0.6,10.0,0.06,0.06,43.68852,1776230709000
1776230711.713,11.713,0.51,10.0,0.4,10.0,0.57,10.0,0.6,5.0,0.43,10.0,0.4,5.0,0.49,10.0,0.6,10.0,0.06,0.06,43.688507,1776230710000
1776230712.395,12.395,0.51,10.0,0.4,10.0,0.57,10.0,0.6,5.0,0.43,10.0,0.4,5.0,0.49,10.0,0.6,10.0,0.06,0.06,43.688507,1776230711000
1776230712.973,12.973,0.51,10.0,0.4,10.0,0.57,10.0,0.6,5.0,0.43,10.0,0.4,5.0,0.49,10.0,0.6,10.0,0.06,0.06,43.688507,1776230712000
1776230714.055,14.055,0.51,10.0,0.4,10.0,0.57,10.0,0.6,5.0,0.43,10.0,0.4,5.0,0.49,10.0,0.6,10.0,0.06,0.06,43.688507,1776230713000
1776230715.227,15.227,0.51,10.0,0.4,10.0,0.57,10.0,0.6,5.0,0.43,10.0,0.4,5.0,0.49,10.0,0.6,10.0,0.06,0.06,43.688715,1776230714000
1776230716.189,16.189,0.51,10.0,0.4,10.0,0.57,10.0,0.6,5.0,0.43,10.0,0.4,5.0,0.49,10.0,0.6,10.0,0.06,0.06,43.688709,1776230715000
1776230717.418,17.418,0.51,10.0,0.4,10.0,0.57,10.0,0.6,5.0,0.43,10.0,0.4,5.0,0.49,10.0,0.6,10.0,0.06,0.06,43.688788,1776230716000
1776230718.473,18.473,0.51,10.0,0.4,10.0,0.57,10.0,0.6,5.0,0.43,10.0,0.4,5.0,0.49,10.0,0.6,10.0,0.06,0.06,43.689377,1776230717000
1776230719.132,19.132,0.51,10.0,0.4,10.0,0.57,10.0,0.6,5.0,0.43,10.0,0.4,5.0,0.49,10.0,0.6,10.0,0.06,0.06,43.689788,1776230718000
1776230720.72,20.72,0.51,10.0,0.4,10.0,0.57,10.0,0.6,5.0,0.43,10.0,0.4,5.0,0.49,10.0,0.6,10.0,0.06,0.06,43.689949,1776230719000
1776230721.161,21.161,0.51,10.0,0.4,10.0,0.57,10.0,0.6,5.0,0.43,10.0,0.4,5.0,0.49,10.0,0.6,10.0,0.06,0.06,43.69009,1776230720000
1776230722.239,22.239,0.51,10.0,0.4,10.0,0.57,10.0,0.6,5.0,0.43,10.0,0.4,5.0,0.49,10.0,0.6,10.0,0.06,0.06,43.690128,1776230721000
1776230723.241,23.241,0.51,10.0,0.4,10.0,0.57,10.0,0.6,5.0,0.43,10.0,0.4,5.0,0.49,10.0,0.6,10.0,0.06,0.06,43.689961,1776230722000
1776230724.267,24.267,0.32,10.0,0.3,5.0,0.55,5.0,0.56,5.0,0.45,5.0,0.44,5.0,0.68,10.0,0.7,5.0,0.23,0.23,43.689685,1776230723000
1776230725.308,25.308,0.32,10.0,0.3,5.0,0.55,5.0,0.56,5.0,0.45,5.0,0.44,5.0,0.68,10.0,0.7,5.0,0.23,0.23,43.684546,1776230724000
1776230726.33,26.33,0.32,10.0,0.3,5.0,0.55,5.0,0.56,5.0,0.45,5.0,0.44,5.0,0.68,10.0,0.7,5.0,0.23,0.23,43.67999,1776230725000
1776230727.377,27.377,0.32,10.0,0.3,5.0,0.55,5.0,0.56,5.0,0.45,5.0,0.44,5.0,0.68,10.0,0.7,5.0,0.23,0.23,43.682117,1776230726000
1776230727.899,27.899,0.32,10.0,0.3,5.0,0.55,5.0,0.56,5.0,0.45,5.0,0.44,5.0,0.68,10.0,0.7,5.0,0.23,0.23,43.682117,1776230727000
1776230728.997,28.997,0.32,10.0,0.3,5.0,0.55,5.0,0.56,5.0,0.45,5.0,0.44,5.0,0.68,10.0,0.7,5.0,0.23,0.23,43.683324,1776230728000
1776230729.929,29.929,0.32,10.0,0.3,5.0,0.55,5.0,0.56,5.0,0.45,5.0,0.44,5.0,0.68,10.0,0.7,5.0,0.23,0.23,43.68373,1776230729000
1776230731.157,31.157,0.32,10.0,0.3,5.0,0.55,5.0,0.56,5.0,0.45,5.0,0.44,5.0,0.68,10.0,0.7,5.0,0.23,0.23,43.683584,1776230730000
1776230732.179,32.179,0.32,10.0,0.3,5.0,0.55,5.0,0.56,5.0,0.45,5.0,0.44,5.0,0.68,10.0,0.7,5.0,0.23,0.23,43.683584,1776230731000
1776230732.884,32.884,0.41,5.0,0.4,5.0,0.65,5.0,0.66,5.0,0.45,5.0,0.44,5.0,0.68,10.0,0.7,5.0,0.24,0.23,43.683584,1776230731000
1776230733.302,33.302,0.41,5.0,0.4,5.0,0.65,5.0,0.66,5.0,0.35,5.0,0.34,5.0,0.59,5.0,0.6,5.0,0.24,0.24,43.68358,1776230732000
1776230734.37,34.37,0.41,5.0,0.4,5.0,0.65,5.0,0.66,5.0,0.35,5.0,0.34,5.0,0.59,5.0,0.6,5.0,0.24,0.24,43.689717,1776230733000
1776230735.276,35.276,0.41,5.0,0.4,5.0,0.65,5.0,0.66,5.0,0.35,5.0,0.34,5.0,0.59,5.0,0.6,5.0,0.24,0.24,43.689567,1776230734000
1776230736.446,36.446,0.41,5.0,0.4,5.0,0.65,5.0,0.66,5.0,0.35,5.0,0.34,5.0,0.59,5.0,0.6,5.0,0.24,0.24,43.691759,1776230735000
1776230737.456,37.456,0.41,5.0,0.4,5.0,0.65,5.0,0.66,5.0,0.35,5.0,0.34,5.0,0.59,5.0,0.6,5.0,0.24,0.24,43.692199,1776230736000
1776230738.288,38.288,0.41,5.0,0.4,5.0,0.65,5.0,0.66,5.0,0.35,5.0,0.34,5.0,0.59,5.0,0.6,5.0,0.24,0.24,43.692199,1776230737000
1776230739.208,39.208,0.41,5.0,0.4,5.0,0.65,5.0,0.66,5.0,0.35,5.0,0.34,5.0,0.59,5.0,0.6,5.0,0.24,0.24,43.692199,1776230738000
1776230740.158,40.158,0.41,5.0,0.4,5.0,0.65,5.0,0.66,5.0,0.35,5.0,0.34,5.0,0.59,5.0,0.6,5.0,0.24,0.24,43.689946,1776230739000
1776230741.264,41.264,0.41,5.0,0.4,5.0,0.65,5.0,0.66,5.0,0.35,5.0,0.34,5.0,0.59,5.0,0.6,5.0,0.24,0.24,43.689204,1776230740000
1776230742.224,42.224,0.41,5.0,0.4,5.0,0.65,5.0,0.66,5.0,0.35,5.0,0.34,5.0,0.59,5.0,0.6,5.0,0.24,0.24,43.689464,1776230741000
1776230743.242,43.242,0.41,5.0,0.4,5.0,0.65,5.0,0.66,5.0,0.35,5.0,0.34,5.0,0.59,5.0,0.6,5.0,0.24,0.24,43.68901,1776230742000
1776230744.193,44.193,0.41,5.0,0.4,5.0,0.65,5.0,0.66,5.0,0.35,5.0,0.34,5.0,0.59,5.0,0.6,5.0,0.24,0.24,43.68901,1776230743000
1776230745.202,45.202,0.41,5.0,0.4,5.0,0.65,5.0,0.66,5.0,0.35,5.0,0.34,5.0,0.59,5.0,0.6,5.0,0.24,0.24,43.688073,1776230744000
1776230746.221,46.221,0.41,5.0,0.4,5.0,0.65,5.0,0.66,5.0,0.35,5.0,0.34,5.0,0.59,5.0,0.6,5.0,0.24,0.24,43.68935,1776230745000
1776230747.242,47.242,0.41,5.0,0.4,5.0,0.65,5.0,0.66,5.0,0.35,5.0,0.34,5.0,0.59,5.0,0.6,5.0,0.24,0.24,43.690376,1776230746000
1776230748.628,48.628,0.41,5.0,0.4,5.0,0.65,5.0,0.66,5.0,0.35,5.0,0.34,5.0,0.59,5.0,0.6,5.0,0.24,0.24,43.690817,1776230747000
1776230749.266,49.266,0.41,5.0,0.4,5.0,0.65,5.0,0.66,5.0,0.35,5.0,0.34,5.0,0.59,5.0,0.6,5.0,0.24,0.24,43.690817,1776230748000
1776230750.716,50.716,0.41,5.0,0.4,5.0,0.65,5.0,0.66,5.0,0.35,5.0,0.34,5.0,0.59,5.0,0.6,5.0,0.24,0.24,43.691925,1776230749000
1776230751.474,51.474,0.41,5.0,0.4,5.0,0.65,5.0,0.66,5.0,0.35,5.0,0.34,5.0,0.59,5.0,0.6,5.0,0.24,0.24,43.691925,1776230750000
1776230752.106,52.106,0.41,5.0,0.4,5.0,0.65,5.0,0.66,5.0,0.35,5.0,0.34,5.0,0.59,5.0,0.6,5.0,0.24,0.24,43.690601,1776230751000
1776230753.491,53.491,0.41,5.0,0.4,5.0,0.65,5.0,0.66,5.0,0.35,5.0,0.34,5.0,0.59,5.0,0.6,5.0,0.24,0.24,43.681038,1776230752000
1776230754.136,54.136,0.41,5.0,0.4,5.0,0.65,5.0,0.66,5.0,0.35,5.0,0.34,5.0,0.59,5.0,0.6,5.0,0.24,0.24,43.680736,1776230753000
1776230755.432,55.432,0.41,5.0,0.4,5.0,0.65,5.0,0.66,5.0,0.35,5.0,0.34,5.0,0.59,5.0,0.6,5.0,0.24,0.24,43.684404,1776230754000
1776230756.103,56.103,0.41,5.0,0.4,5.0,0.65,5.0,0.66,5.0,0.35,5.0,0.34,5.0,0.59,5.0,0.6,5.0,0.24,0.24,43.688538,1776230755000
1776230757.484,57.484,0.41,5.0,0.4,5.0,0.65,5.0,0.66,5.0,0.35,5.0,0.34,5.0,0.59,5.0,0.6,5.0,0.24,0.24,43.688444,1776230756000
1776230758.066,58.066,0.41,5.0,0.4,5.0,0.65,5.0,0.66,5.0,0.35,5.0,0.34,5.0,0.59,5.0,0.6,5.0,0.24,0.24,43.688595,1776230757000
1776230759.431,59.431,0.41,5.0,0.4,5.0,0.65,5.0,0.66,5.0,0.35,5.0,0.34,5.0,0.59,5.0,0.6,5.0,0.24,0.24,43.689299,1776230758000
1776230760.519,60.519,0.41,5.0,0.4,5.0,0.65,5.0,0.66,5.0,0.35,5.0,0.34,5.0,0.59,5.0,0.6,5.0,0.24,0.24,43.689299,1776230759000
1776230761.1,61.1,0.41,5.0,0.4,5.0,0.65,5.0,0.66,5.0,0.35,5.0,0.34,5.0,0.59,5.0,0.6,5.0,0.24,0.24,43.689299,1776230760000
1776230762.448,62.448,0.41,5.0,0.4,5.0,0.65,5.0,0.66,5.0,0.35,5.0,0.34,5.0,0.59,5.0,0.6,5.0,0.24,0.24,43.689992,1776230761000
1776230762.989,62.989,0.41,5.0,0.4,5.0,0.65,5.0,0.66,5.0,0.35,5.0,0.34,5.0,0.59,5.0,0.6,5.0,0.24,0.24,43.689893,1776230762000
1776230764.004,64.004,0.41,5.0,0.4,5.0,0.65,5.0,0.66,5.0,0.35,5.0,0.34,5.0,0.59,5.0,0.6,5.0,0.24,0.24,43.689992,1776230763000
1776230765.123,65.123,0.41,5.0,0.4,5.0,0.65,5.0,0.66,5.0,0.35,5.0,0.34,5.0,0.59,5.0,0.6,5.0,0.24,0.24,43.691215,1776230764000
1776230766.113,66.113,0.41,5.0,0.4,5.0,0.65,5.0,0.66,5.0,0.35,5.0,0.34,5.0,0.59,5.0,0.6,5.0,0.24,0.24,43.697804,1776230765000
1776230767.064,67.064,0.41,5.0,0.4,5.0,0.65,5.0,0.66,5.0,0.35,5.0,0.34,5.0,0.59,5.0,0.6,5.0,0.24,0.24,43.699619,1776230766000
1776230768.098,68.098,0.41,5.0,0.4,5.0,0.65,5.0,0.66,5.0,0.35,5.0,0.34,5.0,0.59,5.0,0.6,5.0,0.24,0.24,43.699921,1776230767000
1776230769.074,69.074,0.41,5.0,0.4,5.0,0.65,5.0,0.66,5.0,0.35,5.0,0.34,5.0,0.59,5.0,0.6,5.0,0.24,0.24,43.700239,1776230768000
1776230770.067,70.067,0.41,5.0,0.4,5.0,0.65,5.0,0.66,5.0,0.35,5.0,0.34,5.0,0.59,5.0,0.6,5.0,0.24,0.24,43.698726,1776230769000
1776230771.026,71.026,0.41,5.0,0.4,5.0,0.65,5.0,0.66,5.0,0.35,5.0,0.34,5.0,0.59,5.0,0.6,5.0,0.24,0.24,43.697297,1776230770000
1776230772.032,72.032,0.41,5.0,0.4,5.0,0.65,5.0,0.66,5.0,0.35,5.0,0.34,5.0,0.59,5.0,0.6,5.0,0.24,0.24,43.697041,1776230771000
1776230773.087,73.087,0.41,5.0,0.4,5.0,0.65,5.0,0.66,5.0,0.35,5.0,0.34,5.0,0.59,5.0,0.6,5.0,0.24,0.24,43.69706,1776230772000
1776230774.018,74.018,0.41,5.0,0.4,5.0,0.65,5.0,0.66,5.0,0.35,5.0,0.34,5.0,0.59,5.0,0.6,5.0,0.24,0.24,43.695622,1776230773000
1776230775.131,75.131,0.41,5.0,0.4,5.0,0.65,5.0,0.66,5.0,0.35,5.0,0.34,5.0,0.59,5.0,0.6,5.0,0.24,0.24,43.69357,1776230774000
1776230776.138,76.138,0.41,5.0,0.4,5.0,0.65,5.0,0.66,5.0,0.35,5.0,0.34,5.0,0.59,5.0,0.6,5.0,0.24,0.24,43.69252,1776230775000
1776230777.186,77.186,0.41,5.0,0.4,5.0,0.65,5.0,0.66,5.0,0.35,5.0,0.34,5.0,0.59,5.0,0.6,5.0,0.24,0.24,43.693144,1776230776000
1776230778.562,78.562,0.41,5.0,0.4,5.0,0.65,5.0,0.66,5.0,0.35,5.0,0.34,5.0,0.59,5.0,0.6,5.0,0.24,0.24,43.693098,1776230777000
1776230779.368,79.368,0.41,5.0,0.4,5.0,0.65,5.0,0.66,5.0,0.35,5.0,0.34,5.0,0.59,5.0,0.6,5.0,0.24,0.24,43.692113,1776230778000
1776230779.98,79.98,0.41,5.0,0.4,5.0,0.65,5.0,0.66,5.0,0.35,5.0,0.34,5.0,0.59,5.0,0.6,5.0,0.24,0.24,43.68529,1776230779000
1776230781.185,81.185,0.41,5.0,0.4,5.0,0.65,5.0,0.66,5.0,0.35,5.0,0.34,5.0,0.59,5.0,0.6,5.0,0.24,0.24,43.683813,1776230780000
1776230782.339,82.339,0.41,5.0,0.4,5.0,0.65,5.0,0.66,5.0,0.35,5.0,0.34,5.0,0.59,5.0,0.6,5.0,0.24,0.24,43.683644,1776230781000
1776230782.967,82.967,0.41,5.0,0.4,5.0,0.65,5.0,0.66,5.0,0.35,5.0,0.34,5.0,0.59,5.0,0.6,5.0,0.24,0.24,43.679822,1776230782000
1776230784.052,84.052,0.41,5.0,0.4,5.0,0.65,5.0,0.66,5.0,0.35,5.0,0.34,5.0,0.59,5.0,0.6,5.0,0.24,0.24,43.679363,1776230783000
1776230785.249,85.249,0.41,5.0,0.4,5.0,0.65,5.0,0.66,5.0,0.35,5.0,0.34,5.0,0.59,5.0,0.6,5.0,0.24,0.24,43.680668,1776230784000
1776230786.566,86.566,0.41,5.0,0.4,5.0,0.65,5.0,0.66,5.0,0.35,5.0,0.34,5.0,0.59,5.0,0.6,5.0,0.24,0.24,43.681346,1776230785000
1776230787.035,87.035,0.41,5.0,0.4,5.0,0.65,5.0,0.66,5.0,0.35,5.0,0.34,5.0,0.59,5.0,0.6,5.0,0.24,0.24,43.681643,1776230786000
1776230788.935,88.935,0.41,5.0,0.4,5.0,0.65,5.0,0.66,5.0,0.35,5.0,0.34,5.0,0.59,5.0,0.6,5.0,0.24,0.24,43.680529,1776230787000
1776230789.712,89.712,0.41,5.0,0.4,5.0,0.65,5.0,0.66,5.0,0.35,5.0,0.34,5.0,0.59,5.0,0.6,5.0,0.24,0.24,43.680681,1776230788000
1776230790.335,90.335,0.41,5.0,0.4,5.0,0.65,5.0,0.66,5.0,0.35,5.0,0.34,5.0,0.59,5.0,0.6,5.0,0.24,0.24,43.680681,1776230789000
1776230791.049,91.049,0.41,5.0,0.4,5.0,0.65,5.0,0.66,5.0,0.35,5.0,0.34,5.0,0.59,5.0,0.6,5.0,0.24,0.24,43.680832,1776230790000
1776230792.321,92.321,0.41,5.0,0.4,5.0,0.65,5.0,0.66,5.0,0.35,5.0,0.34,5.0,0.59,5.0,0.6,5.0,0.24,0.24,43.680681,1776230791000
1776230792.935,92.935,0.41,5.0,0.4,5.0,0.65,5.0,0.66,5.0,0.35,5.0,0.34,5.0,0.59,5.0,0.6,5.0,0.24,0.24,43.679526,1776230792000
1776230793.975,93.975,0.41,5.0,0.4,5.0,0.65,5.0,0.66,5.0,0.35,5.0,0.34,5.0,0.59,5.0,0.6,5.0,0.24,0.24,43.678934,1776230793000
1776230795.426,95.426,0.41,5.0,0.4,5.0,0.65,5.0,0.66,5.0,0.35,5.0,0.34,5.0,0.59,5.0,0.6,5.0,0.24,0.24,43.678882,1776230794000
1776230796.079,96.079,0.41,5.0,0.4,5.0,0.65,5.0,0.66,5.0,0.35,5.0,0.34,5.0,0.59,5.0,0.6,5.0,0.24,0.24,43.678027,1776230795000
1776230797.5,97.5,0.41,5.0,0.4,5.0,0.65,5.0,0.66,5.0,0.35,5.0,0.34,5.0,0.59,5.0,0.6,5.0,0.24,0.24,43.675338,1776230796000
1776230798.1,98.1,0.41,5.0,0.4,5.0,0.65,5.0,0.66,5.0,0.35,5.0,0.34,5.0,0.59,5.0,0.6,5.0,0.24,0.24,43.675701,1776230797000
1776230799.36,99.36,0.41,5.0,0.4,5.0,0.65,5.0,0.66,5.0,0.35,5.0,0.34,5.0,0.59,5.0,0.6,5.0,0.24,0.24,43.675701,1776230798000
1776230800.017,100.017,0.41,5.0,0.4,5.0,0.65,5.0,0.66,5.0,0.35,5.0,0.34,5.0,0.59,5.0,0.6,5.0,0.24,0.24,43.675701,1776230799000
1776230801.157,101.157,0.41,5.0,0.4,5.0,0.65,5.0,0.66,5.0,0.35,5.0,0.34,5.0,0.59,5.0,0.6,5.0,0.24,0.24,43.675454,1776230800000
1776230802.297,102.297,0.41,5.0,0.4,5.0,0.65,5.0,0.66,5.0,0.35,5.0,0.34,5.0,0.59,5.0,0.6,5.0,0.24,0.24,43.67453,1776230801000
1776230803.579,103.579,0.41,5.0,0.4,5.0,0.65,5.0,0.66,5.0,0.35,5.0,0.34,5.0,0.59,5.0,0.6,5.0,0.24,0.24,43.672311,1776230802000
1776230804.156,104.156,0.41,5.0,0.4,5.0,0.65,5.0,0.66,5.0,0.35,5.0,0.34,5.0,0.59,5.0,0.6,5.0,0.24,0.24,43.671598,1776230803000
1776230805.19,105.19,0.21,15.0,0.2,25.0,0.36,1.61,0.37,15.0,0.35,5.0,0.34,5.0,0.59,5.0,0.6,5.0,0.15,0.24,43.671598,1776230803000
1776230806.364,106.364,0.21,15.0,0.2,25.0,0.36,1.61,0.37,15.0,0.64,1.61,0.63,15.0,0.79,15.0,0.8,25.0,0.15,0.15,43.670296,1776230805000
1776230807.012,107.012,0.21,15.0,0.2,25.0,0.36,1.61,0.37,15.0,0.64,1.61,0.63,15.0,0.79,15.0,0.8,25.0,0.15,0.15,43.662168,1776230806000
1776230808.092,108.092,0.21,15.0,0.2,25.0,0.36,1.61,0.37,15.0,0.64,1.61,0.63,15.0,0.79,15.0,0.8,25.0,0.15,0.15,43.655266,1776230807000
1776230809.923,109.923,0.21,15.0,0.2,25.0,0.36,1.61,0.37,15.0,0.64,1.61,0.63,15.0,0.79,15.0,0.8,25.0,0.15,0.15,43.655022,1776230808000
1776230810.723,110.723,0.21,15.0,0.2,25.0,0.36,1.61,0.37,15.0,0.64,1.61,0.63,15.0,0.79,15.0,0.8,25.0,0.15,0.15,43.65467,1776230809000
1776230811.529,111.529,0.21,15.0,0.2,25.0,0.36,1.61,0.37,15.0,0.64,1.61,0.63,15.0,0.79,15.0,0.8,25.0,0.15,0.15,43.651992,1776230810000
1776230812.039,112.039,0.21,15.0,0.2,25.0,0.36,1.61,0.37,15.0,0.64,1.61,0.63,15.0,0.79,15.0,0.8,25.0,0.15,0.15,43.651992,1776230811000
1776230813.524,113.524,0.21,15.0,0.2,25.0,0.36,1.61,0.37,15.0,0.64,1.61,0.63,15.0,0.79,15.0,0.8,25.0,0.15,0.15,43.651006,1776230812000
1776230814.372,114.372,0.21,15.0,0.2,25.0,0.36,1.61,0.37,15.0,0.64,1.61,0.63,15.0,0.79,15.0,0.8,25.0,0.15,0.15,43.651165,1776230813000
1776230815.55,115.55,0.21,15.0,0.2,25.0,0.36,1.61,0.37,15.0,0.64,1.61,0.63,15.0,0.79,15.0,0.8,25.0,0.15,0.15,43.65121,1776230814000
1776230816.087,116.087,0.21,15.0,0.2,25.0,0.36,1.61,0.37,15.0,0.64,1.61,0.63,15.0,0.79,15.0,0.8,25.0,0.15,0.15,43.651131,1776230815000
1776230817.537,117.537,0.21,15.0,0.2,25.0,0.36,1.61,0.37,15.0,0.64,1.61,0.63,15.0,0.79,15.0,0.8,25.0,0.15,0.15,43.650513,1776230816000
1776230818.166,118.166,0.21,15.0,0.2,25.0,0.36,1.61,0.37,15.0,0.64,1.61,0.63,15.0,0.79,15.0,0.8,25.0,0.15,0.15,43.650513,1776230817000
1776230819.431,119.431,0.21,15.0,0.2,25.0,0.36,1.61,0.37,15.0,0.64,1.61,0.63,15.0,0.79,15.0,0.8,25.0,0.15,0.15,43.650634,1776230818000
1776230820.067,120.067,0.21,15.0,0.2,25.0,0.36,1.61,0.37,15.0,0.64,1.61,0.63,15.0,0.79,15.0,0.8,25.0,0.15,0.15,43.650635,1776230819000
1776230821.32,121.32,0.21,15.0,0.2,25.0,0.36,1.61,0.37,15.0,0.64,1.61,0.63,15.0,0.79,15.0,0.8,25.0,0.15,0.15,43.647992,1776230820000
1776230821.983,121.983,0.21,15.0,0.2,25.0,0.36,1.61,0.37,15.0,0.64,1.61,0.63,15.0,0.79,15.0,0.8,25.0,0.15,0.15,43.647992,1776230821000
1776230823.274,123.274,0.21,15.0,0.2,25.0,0.36,1.61,0.37,15.0,0.64,1.61,0.63,15.0,0.79,15.0,0.8,25.0,0.15,0.15,43.642808,1776230822000
1776230824.507,124.507,0.21,15.0,0.2,25.0,0.36,1.61,0.37,15.0,0.64,1.61,0.63,15.0,0.79,15.0,0.8,25.0,0.15,0.15,43.643974,1776230823000
1776230825.303,125.303,0.21,15.0,0.2,25.0,0.36,1.61,0.37,15.0,0.64,1.61,0.63,15.0,0.79,15.0,0.8,25.0,0.15,0.15,43.646168,1776230824000
1776230826.649,126.649,0.24,68.0,0.23,15.0,0.52,4.78,0.53,15.0,0.64,1.61,0.63,15.0,0.79,15.0,0.8,25.0,0.28,0.15,43.646168,1776230824000
1776230826.996,126.996,0.24,68.0,0.23,15.0,0.52,4.78,0.53,15.0,0.48,4.78,0.47,15.0,0.76,68.0,0.77,15.0,0.28,0.28,43.656008,1776230825000
1776230827.485,127.485,0.24,68.0,0.23,15.0,0.52,4.78,0.53,15.0,0.48,4.78,0.47,15.0,0.76,68.0,0.77,15.0,0.28,0.28,43.65467,1776230826000
1776230827.896,127.896,0.24,68.0,0.23,15.0,0.52,4.78,0.53,15.0,0.48,4.78,0.47,15.0,0.76,68.0,0.77,15.0,0.28,0.28,43.657643,1776230827000
1776230829.0,129.0,0.24,68.0,0.23,15.0,0.52,4.78,0.53,15.0,0.48,4.78,0.47,15.0,0.76,68.0,0.77,15.0,0.28,0.28,43.673278,1776230828000
1776230829.956,129.956,0.24,68.0,0.23,15.0,0.52,4.78,0.53,15.0,0.48,4.78,0.47,15.0,0.76,68.0,0.77,15.0,0.28,0.28,43.673657,1776230829000
1776230830.971,130.971,0.24,68.0,0.23,15.0,0.52,4.78,0.53,15.0,0.48,4.78,0.47,15.0,0.76,68.0,0.77,15.0,0.28,0.28,43.674897,1776230830000
1776230831.962,131.962,0.24,68.0,0.23,15.0,0.52,4.78,0.53,15.0,0.48,4.78,0.47,15.0,0.76,68.0,0.77,15.0,0.28,0.28,43.674897,1776230831000
1776230832.392,132.392,0.35,13.46,0.34,15.0,0.5,10.0,0.55,15.0,0.48,4.78,0.47,15.0,0.76,68.0,0.77,15.0,0.15,0.28,43.674897,1776230831000
1776230832.906,132.906,0.35,13.46,0.34,15.0,0.5,10.0,0.55,15.0,0.5,10.0,0.45,15.0,0.65,13.46,0.66,15.0,0.15,0.15,43.674022,1776230832000
1776230833.956,133.956,0.35,13.46,0.34,15.0,0.5,10.0,0.55,15.0,0.5,10.0,0.45,15.0,0.65,13.46,0.66,15.0,0.15,0.15,43.673774,1776230833000
1776230835.083,135.083,0.35,13.46,0.34,15.0,0.5,10.0,0.55,15.0,0.5,10.0,0.45,15.0,0.65,13.46,0.66,15.0,0.15,0.15,43.675268,1776230834000
1776230836.014,136.014,0.35,13.46,0.34,15.0,0.5,10.0,0.55,15.0,0.5,10.0,0.45,15.0,0.65,13.46,0.66,15.0,0.15,0.15,43.675518,1776230835000
1776230837.164,137.164,0.35,13.46,0.34,15.0,0.5,10.0,0.55,15.0,0.5,10.0,0.45,15.0,0.65,13.46,0.66,15.0,0.15,0.15,43.6749,1776230836000
1776230838.006,138.006,0.35,13.46,0.34,15.0,0.5,10.0,0.55,15.0,0.5,10.0,0.45,15.0,0.65,13.46,0.66,15.0,0.15,0.15,43.67281,1776230837000
1776230839.068,139.068,0.35,13.46,0.34,15.0,0.5,10.0,0.55,15.0,0.5,10.0,0.45,15.0,0.65,13.46,0.66,15.0,0.15,0.15,43.673413,1776230838000
1776230839.814,139.814,0.17,11.42,0.16,15.0,0.2,10.0,0.44,15.0,0.5,10.0,0.45,15.0,0.65,13.46,0.66,15.0,0.03,0.15,43.673413,1776230838000
1776230840.215,140.215,0.17,11.42,0.16,15.0,0.2,10.0,0.44,15.0,0.8,10.0,0.56,15.0,0.83,11.42,0.84,15.0,0.03,0.03,43.673157,1776230839000
1776230841.795,141.795,0.17,11.42,0.16,15.0,0.2,10.0,0.44,15.0,0.8,10.0,0.56,15.0,0.83,11.42,0.84,15.0,0.03,0.03,43.662329,1776230840000
1776230842.398,142.398,0.17,11.42,0.16,15.0,0.2,10.0,0.44,15.0,0.8,10.0,0.56,15.0,0.83,11.42,0.84,15.0,0.03,0.03,43.653763,1776230841000
1776230843.67,143.67,0.17,11.42,0.16,15.0,0.2,10.0,0.44,15.0,0.8,10.0,0.56,15.0,0.83,11.42,0.84,15.0,0.03,0.03,43.647351,1776230842000
1776230844.303,144.303,0.17,11.42,0.16,15.0,0.2,10.0,0.44,15.0,0.8,10.0,0.56,15.0,0.83,11.42,0.84,15.0,0.03,0.03,43.640728,1776230843000
1776230845.018,145.018,0.16,15.0,0.15,15.0,0.19,0.61,0.36,15.0,0.81,0.61,0.64,15.0,0.84,15.0,0.85,15.0,0.03,0.03,43.636455,1776230844000
1776230846.675,146.675,0.16,15.0,0.15,15.0,0.19,0.61,0.36,15.0,0.81,0.61,0.64,15.0,0.84,15.0,0.85,15.0,0.03,0.03,43.635477,1776230845000
1776230847.396,147.396,0.16,15.0,0.15,15.0,0.19,0.61,0.36,15.0,0.81,0.61,0.64,15.0,0.84,15.0,0.85,15.0,0.03,0.03,43.62721,1776230846000
1776230848.185,148.185,0.16,15.0,0.15,15.0,0.19,0.61,0.36,15.0,0.81,0.61,0.64,15.0,0.84,15.0,0.85,15.0,0.03,0.03,43.624179,1776230847000
1776230849.563,149.563,0.16,15.0,0.15,15.0,0.19,0.61,0.36,15.0,0.81,0.61,0.64,15.0,0.84,15.0,0.85,15.0,0.03,0.03,43.6256,1776230848000
1776230850.317,150.317,0.16,15.0,0.15,15.0,0.19,0.61,0.36,15.0,0.81,0.61,0.64,15.0,0.84,15.0,0.85,15.0,0.03,0.03,43.6256,1776230849000
1776230851.652,151.652,0.16,15.0,0.15,15.0,0.19,0.61,0.36,15.0,0.81,0.61,0.64,15.0,0.84,15.0,0.85,15.0,0.03,0.03,43.631705,1776230850000
1776230852.295,152.295,0.16,15.0,0.15,15.0,0.19,0.61,0.36,15.0,0.81,0.61,0.64,15.0,0.84,15.0,0.85,15.0,0.03,0.03,43.631877,1776230851000
1776230853.669,153.669,0.16,15.0,0.15,15.0,0.19,0.61,0.36,15.0,0.81,0.61,0.64,15.0,0.84,15.0,0.85,15.0,0.03,0.03,43.633445,1776230852000
1776230854.357,154.357,0.11,15.0,0.1,15.0,0.18,8.51,0.19,15.0,0.81,0.61,0.64,15.0,0.84,15.0,0.85,15.0,0.07,0.03,43.633445,1776230852000
1776230854.676,154.676,0.11,15.0,0.1,15.0,0.18,8.51,0.19,15.0,0.82,8.51,0.81,15.0,0.89,15.0,0.9,15.0,0.07,0.07,43.633445,1776230853000
1776230855.037,155.037,0.11,15.0,0.1,15.0,0.18,8.51,0.19,15.0,0.82,8.51,0.81,15.0,0.89,15.0,0.9,15.0,0.07,0.07,43.632768,1776230854000
1776230856.541,156.541,0.11,15.0,0.1,15.0,0.18,8.51,0.19,15.0,0.82,8.51,0.81,15.0,0.89,15.0,0.9,15.0,0.07,0.07,43.629874,1776230855000
1776230857.194,157.194,0.11,15.0,0.1,15.0,0.18,8.51,0.19,15.0,0.82,8.51,0.81,15.0,0.89,15.0,0.9,15.0,0.07,0.07,43.626774,1776230856000
1776230859.069,159.069,0.11,15.0,0.1,15.0,0.18,8.51,0.19,15.0,0.82,8.51,0.81,15.0,0.89,15.0,0.9,15.0,0.07,0.07,43.622563,1776230857000
1776230859.627,159.627,0.11,15.0,0.1,15.0,0.18,8.51,0.19,15.0,0.82,8.51,0.81,15.0,0.89,15.0,0.9,15.0,0.07,0.07,43.620459,1776230858000
1776230860.09,160.09,0.11,15.0,0.1,15.0,0.18,8.51,0.19,15.0,0.82,8.51,0.81,15.0,0.89,15.0,0.9,15.0,0.07,0.07,43.619067,1776230859000
1776230860.991,160.991,0.11,15.0,0.1,15.0,0.18,8.51,0.19,15.0,0.82,8.51,0.81,15.0,0.89,15.0,0.9,15.0,0.07,0.07,43.616872,1776230860000
1776230861.971,161.971,0.11,15.0,0.1,15.0,0.18,8.51,0.19,15.0,0.82,8.51,0.81,15.0,0.89,15.0,0.9,15.0,0.07,0.07,43.613409,1776230861000
1776230863.011,163.011,0.11,15.0,0.1,15.0,0.18,8.51,0.19,15.0,0.82,8.51,0.81,15.0,0.89,15.0,0.9,15.0,0.07,0.07,43.613408,1776230862000
1776230863.925,163.925,0.11,15.0,0.1,15.0,0.18,8.51,0.19,15.0,0.82,8.51,0.81,15.0,0.89,15.0,0.9,15.0,0.07,0.07,43.613695,1776230863000
1776230864.934,164.934,0.11,15.0,0.1,15.0,0.18,8.51,0.19,15.0,0.82,8.51,0.81,15.0,0.89,15.0,0.9,15.0,0.07,0.07,43.613579,1776230864000
1776230865.942,165.942,0.11,15.0,0.1,15.0,0.18,8.51,0.19,15.0,0.82,8.51,0.81,15.0,0.89,15.0,0.9,15.0,0.07,0.07,43.613576,1776230865000
1776230867.607,167.607,0.11,15.0,0.1,15.0,0.18,8.51,0.19,15.0,0.82,8.51,0.81,15.0,0.89,15.0,0.9,15.0,0.07,0.07,43.605358,1776230866000
1776230868.079,168.079,0.11,15.0,0.1,15.0,0.18,8.51,0.19,15.0,0.82,8.51,0.81,15.0,0.89,15.0,0.9,15.0,0.07,0.07,43.601379,1776230867000
1776230868.608,168.608,0.04,15.0,0.03,15.0,0.09,31.0,0.1,15.0,0.82,8.51,0.81,15.0,0.89,15.0,0.9,15.0,0.05,0.07,43.601379,1776230867000
1776230869.241,169.241,0.04,15.0,0.03,15.0,0.09,31.0,0.1,15.0,0.91,31.0,0.9,15.0,0.96,15.0,0.97,15.0,0.05,0.05,43.600734,1776230868000
1776230870.389,170.389,0.04,15.0,0.03,15.0,0.09,31.0,0.1,15.0,0.91,31.0,0.9,15.0,0.96,15.0,0.97,15.0,0.05,0.05,43.600569,1776230869000
1776230870.908,170.908,0.04,15.0,0.03,15.0,0.09,31.0,0.1,15.0,0.91,31.0,0.9,15.0,0.96,15.0,0.97,15.0,0.05,0.05,43.600569,1776230870000
1776230872.004,172.004,0.04,15.0,0.03,15.0,0.09,31.0,0.1,15.0,0.91,31.0,0.9,15.0,0.96,15.0,0.97,15.0,0.05,0.05,43.599499,1776230871000
1776230873.023,173.023,0.04,15.0,0.03,15.0,0.09,31.0,0.1,15.0,0.91,31.0,0.9,15.0,0.96,15.0,0.97,15.0,0.05,0.05,43.599717,1776230872000
1776230874.08,174.08,0.04,15.0,0.03,15.0,0.09,31.0,0.1,15.0,0.91,31.0,0.9,15.0,0.96,15.0,0.97,15.0,0.05,0.05,43.59981,1776230873000
1776230875.054,175.054,0.04,15.0,0.03,15.0,0.09,31.0,0.1,15.0,0.91,31.0,0.9,15.0,0.96,15.0,0.97,15.0,0.05,0.05,43.59981,1776230874000
1776230875.999,175.999,0.03,13.96,0.02,25.0,0.07,38.0,0.08,15.0,0.93,38.0,0.92,15.0,0.97,13.96,0.98,25.0,0.04,0.04,43.588325,1776230875000
1776230876.926,176.926,0.03,13.96,0.02,25.0,0.07,38.0,0.08,15.0,0.93,38.0,0.92,15.0,0.97,13.96,0.98,25.0,0.04,0.04,43.58538,1776230876000
1776230877.995,177.995,0.03,13.96,0.02,25.0,0.07,38.0,0.08,15.0,0.93,38.0,0.92,15.0,0.97,13.96,0.98,25.0,0.04,0.04,43.585361,1776230877000
1776230878.965,178.965,0.03,13.96,0.02,25.0,0.07,38.0,0.08,15.0,0.93,38.0,0.92,15.0,0.97,13.96,0.98,25.0,0.04,0.04,43.585781,1776230878000
1776230879.988,179.988,0.03,13.96,0.02,25.0,0.07,38.0,0.08,15.0,0.93,38.0,0.92,15.0,0.97,13.96,0.98,25.0,0.04,0.04,43.586323,1776230879000
1776230881.092,181.092,0.03,13.96,0.02,25.0,0.07,38.0,0.08,15.0,0.93,38.0,0.92,15.0,0.97,13.96,0.98,25.0,0.04,0.04,43.587449,1776230880000
1776230881.748,181.748,0.04,13.65,0.03,13.96,0.07,30.0,0.08,15.0,0.93,38.0,0.92,15.0,0.97,13.96,0.98,25.0,0.03,0.04,43.587449,1776230880000
1776230882.03,182.03,0.04,13.65,0.03,13.96,0.07,30.0,0.08,15.0,0.93,30.0,0.92,15.0,0.96,13.65,0.97,13.96,0.03,0.03,43.587599,1776230881000
1776230882.281,182.281,0.02,6.87,0.01,100.0,0.07,30.0,0.08,15.0,0.93,30.0,0.92,15.0,0.96,13.65,0.97,13.96,0.05,0.03,43.587599,1776230881000
1776230883.071,183.071,0.02,6.87,0.01,100.0,0.07,30.0,0.08,15.0,0.93,30.0,0.92,15.0,0.98,6.87,0.99,100.0,0.05,0.05,43.588319,1776230882000
1776230883.762,183.762,0.04,13.95,0.03,15.0,0.07,27.0,0.08,15.0,0.93,30.0,0.92,15.0,0.98,6.87,0.99,100.0,0.03,0.05,43.588319,1776230882000
1776230884.086,184.086,0.04,13.95,0.03,15.0,0.07,27.0,0.08,15.0,0.93,27.0,0.92,15.0,0.96,13.95,0.97,15.0,0.03,0.03,43.588985,1776230883000
1776230885.157,185.157,0.04,13.95,0.03,15.0,0.07,27.0,0.08,15.0,0.93,27.0,0.92,15.0,0.96,13.95,0.97,15.0,0.03,0.03,43.593838,1776230884000
1776230886.165,186.165,0.04,13.95,0.03,15.0,0.07,27.0,0.08,15.0,0.93,27.0,0.92,15.0,0.96,13.95,0.97,15.0,0.03,0.03,43.593838,1776230885000
1776230887.457,187.457,0.04,13.95,0.03,15.0,0.07,27.0,0.08,15.0,0.93,27.0,0.92,15.0,0.96,13.95,0.97,15.0,0.03,0.03,43.592104,1776230886000
1776230888.063,188.063,0.04,13.95,0.03,15.0,0.07,27.0,0.08,15.0,0.93,27.0,0.92,15.0,0.96,13.95,0.97,15.0,0.03,0.03,43.592103,1776230887000
1776230889.357,189.357,0.04,13.95,0.03,15.0,0.07,27.0,0.08,15.0,0.93,27.0,0.92,15.0,0.96,13.95,0.97,15.0,0.03,0.03,43.592233,1776230888000
1776230890.685,190.685,0.04,13.95,0.03,15.0,0.07,27.0,0.08,15.0,0.93,27.0,0.92,15.0,0.96,13.95,0.97,15.0,0.03,0.03,43.593422,1776230889000
1776230891.342,191.342,0.04,13.95,0.03,15.0,0.07,27.0,0.08,15.0,0.93,27.0,0.92,15.0,0.96,13.95,0.97,15.0,0.03,0.03,43.594684,1776230890000
1776230892.434,192.434,0.04,13.95,0.03,15.0,0.07,27.0,0.08,15.0,0.93,27.0,0.92,15.0,0.96,13.95,0.97,15.0,0.03,0.03,43.595981,1776230891000
1776230893.013,193.013,0.04,13.95,0.03,15.0,0.07,27.0,0.08,15.0,0.93,27.0,0.92,15.0,0.96,13.95,0.97,15.0,0.03,0.03,43.59551,1776230892000
1776230894.192,194.192,0.04,13.95,0.03,15.0,0.07,27.0,0.08,15.0,0.93,27.0,0.92,15.0,0.96,13.95,0.97,15.0,0.03,0.03,43.59664,1776230893000
1776230895.504,195.504,0.04,13.95,0.03,15.0,0.07,27.0,0.08,15.0,0.93,27.0,0.92,15.0,0.96,13.95,0.97,15.0,0.03,0.03,43.596698,1776230894000
1776230896.059,196.059,0.04,13.95,0.03,15.0,0.07,27.0,0.08,15.0,0.93,27.0,0.92,15.0,0.96,13.95,0.97,15.0,0.03,0.03,43.596066,1776230895000
1776230897.156,197.156,0.04,13.95,0.03,15.0,0.07,27.0,0.08,15.0,0.93,27.0,0.92,15.0,0.96,13.95,0.97,15.0,0.03,0.03,43.59564,1776230896000
1776230898.511,198.511,0.04,13.95,0.03,15.0,0.07,27.0,0.08,15.0,0.93,27.0,0.92,15.0,0.96,13.95,0.97,15.0,0.03,0.03,43.596214,1776230897000
1776230899.081,199.081,0.04,13.95,0.03,15.0,0.07,27.0,0.08,15.0,0.93,27.0,0.92,15.0,0.96,13.95,0.97,15.0,0.03,0.03,43.596214,1776230898000
1776230900.297,200.297,0.04,13.95,0.03,15.0,0.07,27.0,0.08,15.0,0.93,27.0,0.92,15.0,0.96,13.95,0.97,15.0,0.03,0.03,43.595998,1776230899000
1776230900.798,200.798,0.01,74.27,,,0.05,20.0,0.06,15.0,0.93,27.0,0.92,15.0,0.96,13.95,0.97,15.0,0.04,0.03,43.595998,1776230899000
1776230901.862,201.862,0.01,74.27,,,0.05,20.0,0.06,15.0,0.95,20.0,0.94,15.0,0.99,74.27,,,0.04,0.04,43.595927,1776230900000
1776230902.435,202.435,0.01,74.27,,,0.05,20.0,0.06,15.0,0.95,20.0,0.94,15.0,0.99,74.27,,,0.04,0.04,43.595568,1776230901000
1776230902.949,202.949,0.01,74.27,,,0.05,20.0,0.06,15.0,0.95,20.0,0.94,15.0,0.99,74.27,,,0.04,0.04,43.595496,1776230902000
1776230904.014,204.014,0.01,74.27,,,0.05,20.0,0.06,15.0,0.95,20.0,0.94,15.0,0.99,74.27,,,0.04,0.04,43.595783,1776230903000
1776230905.053,205.053,0.01,74.27,,,0.05,20.0,0.06,15.0,0.95,20.0,0.94,15.0,0.99,74.27,,,0.04,0.04,43.595783,1776230904000
1776230906.103,206.103,0.01,74.27,,,0.05,20.0,0.06,15.0,0.95,20.0,0.94,15.0,0.99,74.27,,,0.04,0.04,43.589346,1776230905000
1776230907.178,207.178,0.01,74.27,,,0.05,20.0,0.06,15.0,0.95,20.0,0.94,15.0,0.99,74.27,,,0.04,0.04,43.587449,1776230906000
1776230908.163,208.163,0.01,74.27,,,0.05,20.0,0.06,15.0,0.95,20.0,0.94,15.0,0.99,74.27,,,0.04,0.04,43.58731,1776230907000
1776230909.253,209.253,0.01,74.27,,,0.05,20.0,0.06,15.0,0.95,20.0,0.94,15.0,0.99,74.27,,,0.04,0.04,43.587517,1776230908000
1776230910.263,210.263,0.01,74.27,,,0.05,20.0,0.06,15.0,0.95,20.0,0.94,15.0,0.99,74.27,,,0.04,0.04,43.587464,1776230909000
1776230911.334,211.334,0.01,74.27,,,0.05,20.0,0.06,15.0,0.95,20.0,0.94,15.0,0.99,74.27,,,0.04,0.04,43.587315,1776230910000
1776230912.403,212.403,0.01,74.27,,,0.05,20.0,0.06,15.0,0.95,20.0,0.94,15.0,0.99,74.27,,,0.04,0.04,43.58748,1776230911000
1776230912.926,212.926,0.01,74.27,,,0.05,20.0,0.06,15.0,0.95,20.0,0.94,15.0,0.99,74.27,,,0.04,0.04,43.58748,1776230912000
1776230913.975,213.975,0.01,74.27,,,0.05,20.0,0.06,15.0,0.95,20.0,0.94,15.0,0.99,74.27,,,0.04,0.04,43.587436,1776230913000
1776230915.377,215.377,0.01,71.23,,,0.02,20.0,0.03,20.0,0.95,20.0,0.94,15.0,0.99,74.27,,,0.01,0.04,43.587436,1776230913000
1776230915.665,215.665,0.01,71.23,,,0.02,20.0,0.03,20.0,0.98,20.0,0.97,20.0,0.99,71.23,,,0.01,0.01,43.587713,1776230914000
1776230916.246,216.246,0.01,71.23,,,0.02,20.0,0.03,20.0,0.98,20.0,0.97,20.0,0.99,71.23,,,0.01,0.01,43.587719,1776230915000
1776230917.415,217.415,0.01,71.23,,,0.02,20.0,0.03,20.0,0.98,20.0,0.97,20.0,0.99,71.23,,,0.01,0.01,43.587574,1776230916000
1776230918.0,218.0,0.01,71.23,,,0.02,20.0,0.03,20.0,0.98,20.0,0.97,20.0,0.99,71.23,,,0.01,0.01,43.587574,1776230917000
1776230919.175,219.175,0.01,71.23,,,0.02,20.0,0.03,20.0,0.98,20.0,0.97,20.0,0.99,71.23,,,0.01,0.01,43.587315,1776230918000
1776230920.196,220.196,0.01,71.23,,,0.02,20.0,0.03,20.0,0.98,20.0,0.97,20.0,0.99,71.23,,,0.01,0.01,43.587315,1776230919000
1776230921.147,221.147,0.01,61.13,,,0.02,20.0,0.03,20.0,0.98,20.0,0.97,20.0,0.99,71.23,,,0.01,0.01,43.587315,1776230919000
1776230921.381,221.381,0.01,61.13,,,0.02,20.0,0.03,20.0,0.98,20.0,0.97,20.0,0.99,61.13,,,0.01,0.01,43.58718,1776230920000
1776230921.886,221.886,0.01,61.13,,,0.02,20.0,0.03,20.0,0.98,20.0,0.97,20.0,0.99,61.13,,,0.01,0.01,43.58718,1776230921000
1776230923.39,223.39,0.01,61.13,,,0.02,20.0,0.03,20.0,0.98,20.0,0.97,20.0,0.99,61.13,,,0.01,0.01,43.58718,1776230922000
1776230923.893,223.893,0.01,61.13,,,0.02,20.0,0.03,20.0,0.98,20.0,0.97,20.0,0.99,61.13,,,0.01,0.01,43.587177,1776230923000
1776230925.038,225.038,0.01,61.13,,,0.02,20.0,0.03,20.0,0.98,20.0,0.97,20.0,0.99,61.13,,,0.01,0.01,43.587319,1776230924000
1776230925.834,225.834,0.01,61.13,,,0.02,20.0,0.03,20.0,0.98,20.0,0.97,20.0,0.99,61.13,,,0.01,0.01,43.58734,1776230925000
1776230927.082,227.082,0.01,61.13,,,0.02,20.0,0.03,20.0,0.98,20.0,0.97,20.0,0.99,61.13,,,0.01,0.01,43.586615,1776230926000
1776230928.236,228.236,0.01,61.13,,,0.02,20.0,0.03,20.0,0.98,20.0,0.97,20.0,0.99,61.13,,,0.01,0.01,43.586757,1776230927000
1776230929.555,229.555,0.01,61.13,,,0.02,20.0,0.03,20.0,0.98,20.0,0.97,20.0,0.99,61.13,,,0.01,0.01,43.587258,1776230928000
1776230930.301,230.301,0.01,61.13,,,0.02,20.0,0.03,20.0,0.98,20.0,0.97,20.0,0.99,61.13,,,0.01,0.01,43.587258,1776230929000
1776230931.302,231.302,0.01,61.13,,,0.02,20.0,0.03,20.0,0.98,20.0,0.97,20.0,0.99,61.13,,,0.01,0.01,43.587091,1776230930000
1776230932.262,232.262,0.01,61.13,,,0.02,20.0,0.03,20.0,0.98,20.0,0.97,20.0,0.99,61.13,,,0.01,0.01,43.587091,1776230931000
1776230933.216,233.216,0.01,61.13,,,0.02,20.0,0.03,20.0,0.98,20.0,0.97,20.0,0.99,61.13,,,0.01,0.01,43.587266,1776230932000
1776230934.363,234.363,0.01,61.13,,,0.02,20.0,0.03,20.0,0.98,20.0,0.97,20.0,0.99,61.13,,,0.01,0.01,43.586999,1776230933000
1776230934.921,234.921,0.01,61.13,,,0.02,20.0,0.03,20.0,0.98,20.0,0.97,20.0,0.99,61.13,,,0.01,0.01,43.586912,1776230934000
1776230935.942,235.942,0.01,61.13,,,0.02,20.0,0.03,20.0,0.98,20.0,0.97,20.0,0.99,61.13,,,0.01,0.01,43.592396,1776230935000
1776230936.934,236.934,0.01,61.13,,,0.02,20.0,0.03,20.0,0.98,20.0,0.97,20.0,0.99,61.13,,,0.01,0.01,43.593942,1776230936000
1776230937.988,237.988,0.01,61.13,,,0.02,20.0,0.03,20.0,0.98,20.0,0.97,20.0,0.99,61.13,,,0.01,0.01,43.593397,1776230937000
1776230938.985,238.985,0.01,61.13,,,0.02,20.0,0.03,20.0,0.98,20.0,0.97,20.0,0.99,61.13,,,0.01,0.01,43.593824,1776230938000
1776230939.441,239.441,0.01,42.08,,,0.02,15.0,0.03,15.0,0.98,20.0,0.97,20.0,0.99,61.13,,,0.01,0.01,43.593824,1776230938000
1776230939.963,239.963,0.01,42.08,,,0.02,15.0,0.03,15.0,0.98,15.0,0.97,15.0,0.99,42.08,,,0.01,0.01,43.593778,1776230939000
1776230941.066,241.066,0.01,42.08,,,0.02,15.0,0.03,15.0,0.98,15.0,0.97,15.0,0.99,42.08,,,0.01,0.01,43.593942,1776230940000
1776230942.082,242.082,0.01,12.08,,,0.02,20.0,0.03,15.0,0.98,15.0,0.97,15.0,0.99,42.08,,,0.01,0.01,43.593942,1776230940000
1776230943.239,243.239,0.01,12.08,,,0.02,20.0,0.03,15.0,0.98,20.0,0.97,15.0,0.99,12.08,,,0.01,0.01,43.594078,1776230942000
1776230944.478,244.478,0.01,12.08,,,0.02,20.0,0.03,15.0,0.98,20.0,0.97,15.0,0.99,12.08,,,0.01,0.01,43.594122,1776230943000
1776230945.002,245.002,0.01,12.08,,,0.02,20.0,0.03,15.0,0.98,20.0,0.97,15.0,0.99,12.08,,,0.01,0.01,43.59424,1776230944000
1776230946.049,246.049,0.01,12.08,,,0.02,20.0,0.03,15.0,0.98,20.0,0.97,15.0,0.99,12.08,,,0.01,0.01,43.595219,1776230945000
1776230947.255,247.255,0.01,12.08,,,0.02,20.0,0.03,15.0,0.98,20.0,0.97,15.0,0.99,12.08,,,0.01,0.01,43.595687,1776230946000
1776230948.261,248.261,0.01,12.08,,,0.02,20.0,0.03,15.0,0.98,20.0,0.97,15.0,0.99,12.08,,,0.01,0.01,43.596059,1776230947000
1776230949.212,249.212,0.01,12.08,,,0.02,20.0,0.03,15.0,0.98,20.0,0.97,15.0,0.99,12.08,,,0.01,0.01,43.596059,1776230948000
1776230949.544,249.544,,,,,0.01,7.92,0.02,20.0,0.98,20.0,0.97,15.0,0.99,12.08,,,,0.01,43.596059,1776230948000
1776230950.223,250.223,,,,,0.01,7.92,0.02,20.0,0.99,7.92,0.98,20.0,,,,,,,43.596054,1776230949000
1776230951.239,251.239,,,,,0.01,7.92,0.02,20.0,0.99,7.92,0.98,20.0,,,,,,,43.596099,1776230950000
1776230952.385,252.385,,,,,0.01,7.92,0.02,20.0,0.99,7.92,0.98,20.0,,,,,,,43.596099,1776230951000
1776230952.815,252.815,,,,,0.01,7.92,0.02,20.0,0.99,7.92,0.98,20.0,,,,,,,43.596099,1776230952000
1776230953.909,253.909,,,,,0.01,7.92,0.02,20.0,0.99,7.92,0.98,20.0,,,,,,,43.596099,1776230953000
1776230954.977,254.977,,,,,0.01,7.92,0.02,20.0,0.99,7.92,0.98,20.0,,,,,,,43.595918,1776230954000
1776230956.126,256.126,,,,,0.01,7.92,0.02,20.0,0.99,7.92,0.98,20.0,,,,,,,43.595827,1776230955000
1776230957.179,257.179,,,,,0.01,7.92,0.02,20.0,0.99,7.92,0.98,20.0,,,,,,,43.595873,1776230956000
1776230958.203,258.203,,,,,0.01,7.92,0.02,20.0,0.99,7.92,0.98,20.0,,,,,,,43.595918,1776230957000
1776230959.41,259.41,,,,,0.01,7.92,0.02,20.0,0.99,7.92,0.98,20.0,,,,,,,43.595918,1776230958000
1776230959.921,259.921,,,,,0.01,7.92,0.02,20.0,0.99,7.92,0.98,20.0,,,,,,,43.595918,1776230959000
1776230961.014,261.014,,,,,0.01,7.92,0.02,20.0,0.99,7.92,0.98,20.0,,,,,,,43.596009,1776230960000
1776230962.708,262.708,,,,,0.01,7.92,0.02,20.0,0.99,7.92,0.98,20.0,,,,,,,43.596008,1776230961000
1776230963.172,263.172,,,,,0.01,7.92,0.02,20.0,0.99,7.92,0.98,20.0,,,,,,,43.596009,1776230962000
1776230963.973,263.973,,,,,0.01,7.92,0.02,20.0,0.99,7.92,0.98,20.0,,,,,,,43.596009,1776230963000
1776230965.107,265.107,,,,,0.01,7.92,0.02,20.0,0.99,7.92,0.98,20.0,,,,,,,43.594892,1776230964000
1776230966.221,266.221,,,,,0.01,7.92,0.02,20.0,0.99,7.92,0.98,20.0,,,,,,,43.592402,1776230965000
1776230967.051,267.051,,,,,0.01,7.92,0.02,20.0,0.99,7.92,0.98,20.0,,,,,,,43.588148,1776230966000
1776230968.184,268.184,,,,,0.01,7.92,0.02,20.0,0.99,7.92,0.98,20.0,,,,,,,43.586566,1776230967000
1776230969.31,269.31,,,,,0.01,7.92,0.02,20.0,0.99,7.92,0.98,20.0,,,,,,,43.586753,1776230968000
1776230969.936,269.936,,,,,0.01,7.92,0.02,20.0,0.99,7.92,0.98,20.0,,,,,,,43.586753,1776230969000
1776230971.034,271.034,,,,,0.01,7.92,0.02,20.0,0.99,7.92,0.98,20.0,,,,,,,43.588201,1776230970000
1776230972.308,272.308,,,,,0.01,7.92,0.02,20.0,0.99,7.92,0.98,20.0,,,,,,,43.592476,1776230971000
1776230972.899,272.899,,,,,0.01,7.92,0.02,20.0,0.99,7.92,0.98,20.0,,,,,,,43.592476,1776230972000
1776230974.389,274.389,,,,,0.01,7.92,0.02,20.0,0.99,7.92,0.98,20.0,,,,,,,43.592803,1776230973000
1776230975.051,275.051,,,,,0.01,7.92,0.02,20.0,0.99,7.92,0.98,20.0,,,,,,,43.592803,1776230974000
1776230976.014,276.014,,,,,0.01,7.92,0.02,20.0,0.99,7.92,0.98,20.0,,,,,,,43.594272,1776230975000
1776230977.107,277.107,,,,,0.01,7.92,0.02,20.0,0.99,7.92,0.98,20.0,,,,,,,43.594272,1776230976000
1776230978.273,278.273,,,,,0.01,7.92,0.02,20.0,0.99,7.92,0.98,20.0,,,,,,,43.594599,1776230977000
1776230979.365,279.365,,,,,0.01,7.92,0.02,20.0,0.99,7.92,0.98,20.0,,,,,,,43.595997,1776230978000
1776230979.963,279.963,,,,,0.01,7.92,0.02,20.0,0.99,7.92,0.98,20.0,,,,,,,43.595997,1776230979000
1776230980.991,280.991,,,,,0.01,7.92,0.02,20.0,0.99,7.92,0.98,20.0,,,,,,,43.59587,1776230980000
1776230981.945,281.945,,,,,0.01,7.92,0.02,20.0,0.99,7.92,0.98,20.0,,,,,,,43.596142,1776230981000
1776230983.018,283.018,,,,,0.01,7.92,0.02,20.0,0.99,7.92,0.98,20.0,,,,,,,43.596696,1776230982000
1776230983.9,283.9,,,,,0.01,7.92,0.02,20.0,0.99,7.92,0.98,20.0,,,,,,,43.596696,1776230983000
1776230984.91,284.91,,,,,0.01,7.92,0.02,20.0,0.99,7.92,0.98,20.0,,,,,,,43.596977,1776230984000
1776230986.673,286.673,,,,,0.01,7.92,0.02,20.0,0.99,7.92,0.98,20.0,,,,,,,43.596723,1776230985000
1776230987.287,287.287,,,,,0.01,7.92,0.02,20.0,0.99,7.92,0.98,20.0,,,,,,,43.595133,1776230986000
1776230990.706,290.706,,,,,0.01,7.92,0.02,20.0,0.99,7.92,0.98,20.0,,,,,,,43.596249,1776230989000
1776230991.215,291.215,,,,,0.01,7.92,0.02,20.0,0.99,7.92,0.98,20.0,,,,,,,43.596297,1776230990000
1776230992.394,292.394,,,,,0.01,7.92,0.02,20.0,0.99,7.92,0.98,20.0,,,,,,,43.596297,1776230991000
1776230993.323,293.323,,,,,0.01,7.92,0.02,20.0,0.99,7.92,0.98,20.0,,,,,,,43.596533,1776230992000
1776230993.9,293.9,,,,,0.01,7.92,0.02,20.0,0.99,7.92,0.98,20.0,,,,,,,43.596533,1776230993000
1776230995.043,295.043,,,,,0.01,7.92,0.02,20.0,0.99,7.92,0.98,20.0,,,,,,,43.59767,1776230994000
1776230996.165,296.165,,,,,0.01,7.92,0.02,20.0,0.99,7.92,0.98,20.0,,,,,,,43.614628,1776230995000
1776230997.155,297.155,,,,,0.01,7.92,0.02,20.0,0.99,7.92,0.98,20.0,,,,,,,43.614628,1776230996000
1776230998.258,298.258,,,,,0.01,7.92,0.02,20.0,0.99,7.92,0.98,20.0,,,,,,,43.61478,1776230997000
1776230999.346,299.346,,,,,0.01,7.92,0.02,20.0,0.99,7.92,0.98,20.0,,,,,,,43.6144,1776230998000
1776230999.972,299.972,,,,,0.01,3550.37,0.12,10.0,0.99,3550.37,0.88,10.0,,,,,,,43.614324,1776230999000
1776231001.053,301.053,,,,,0.01,3550.37,0.12,10.0,0.99,3550.37,0.88,10.0,,,,,,,43.614161,1776231000000
1776231002.146,302.146,,,,,0.01,3550.37,0.12,10.0,0.99,3550.37,0.88,10.0,,,,,,,43.61516,1776231001000

# RESULT,winner=Down,slug=hype-updown-5m-1776230700,ticks=305
