timestamp,elapsed_sec,up_bid_p1,up_bid_s1,up_bid_p2,up_bid_s2,up_ask_p1,up_ask_s1,up_ask_p2,up_ask_s2,down_bid_p1,down_bid_s1,down_bid_p2,down_bid_s2,down_ask_p1,down_ask_s1,down_ask_p2,down_ask_s2,up_spread,down_spread,hype_price,hype_oracle_ts
1776208501.476,1.476,0.11,100.0,0.08,100.0,0.89,100.0,0.92,115.0,0.11,100.0,0.08,115.0,0.89,100.0,0.92,100.0,0.78,0.78,43.453048,1776208500000
1776208501.776,1.776,0.11,100.0,0.08,100.0,0.89,100.0,0.92,115.0,0.11,100.0,0.08,115.0,0.89,100.0,0.92,100.0,0.78,0.78,43.453048,1776208500000
1776208502.655,2.655,0.11,100.0,0.08,100.0,0.89,100.0,0.92,115.0,0.11,100.0,0.08,115.0,0.89,100.0,0.92,100.0,0.78,0.78,43.45305,1776208501000
1776208503.306,3.306,0.11,100.0,0.08,100.0,0.89,100.0,0.92,115.0,0.11,100.0,0.08,115.0,0.89,100.0,0.92,100.0,0.78,0.78,43.453051,1776208502000
1776208505.106,5.106,0.11,100.0,0.08,100.0,0.89,100.0,0.92,115.0,0.11,100.0,0.08,115.0,0.89,100.0,0.92,100.0,0.78,0.78,43.452541,1776208504000
1776208506.237,6.237,0.11,100.0,0.08,100.0,0.89,100.0,0.92,115.0,0.11,100.0,0.08,115.0,0.89,100.0,0.92,100.0,0.78,0.78,43.452991,1776208505000
1776208507.374,7.374,0.11,100.0,0.08,100.0,0.89,100.0,0.92,115.0,0.11,100.0,0.08,115.0,0.89,100.0,0.92,100.0,0.78,0.78,43.453158,1776208506000
1776208507.947,7.947,0.11,100.0,0.08,100.0,0.89,100.0,0.92,115.0,0.11,100.0,0.08,115.0,0.89,100.0,0.92,100.0,0.78,0.78,43.453158,1776208507000
1776208508.918,8.918,0.11,100.0,0.08,100.0,0.89,100.0,0.92,115.0,0.11,100.0,0.08,115.0,0.89,100.0,0.92,100.0,0.78,0.78,43.453117,1776208508000
1776208510.036,10.036,0.11,100.0,0.08,100.0,0.89,100.0,0.92,115.0,0.11,100.0,0.08,115.0,0.89,100.0,0.92,100.0,0.78,0.78,43.453076,1776208509000
1776208511.057,11.057,0.11,100.0,0.08,100.0,0.89,100.0,0.92,115.0,0.11,100.0,0.08,115.0,0.89,100.0,0.92,100.0,0.78,0.78,43.453106,1776208510000
1776208512.112,12.112,0.11,100.0,0.08,100.0,0.89,100.0,0.92,115.0,0.11,100.0,0.08,115.0,0.89,100.0,0.92,100.0,0.78,0.78,43.45309,1776208511000
1776208513.215,13.215,0.11,100.0,0.08,100.0,0.89,100.0,0.92,115.0,0.11,100.0,0.08,115.0,0.89,100.0,0.92,100.0,0.78,0.78,43.453093,1776208512000
1776208514.3,14.3,0.11,100.0,0.08,100.0,0.89,100.0,0.92,115.0,0.11,100.0,0.08,115.0,0.89,100.0,0.92,100.0,0.78,0.78,43.453209,1776208513000
1776208515.294,15.294,0.11,100.0,0.08,100.0,0.89,100.0,0.92,115.0,0.11,100.0,0.08,115.0,0.89,100.0,0.92,100.0,0.78,0.78,43.453141,1776208514000
1776208516.269,16.269,0.11,100.0,0.08,100.0,0.89,100.0,0.92,115.0,0.11,100.0,0.08,115.0,0.89,100.0,0.92,100.0,0.78,0.78,43.452761,1776208515000
1776208517.263,17.263,0.11,100.0,0.08,100.0,0.89,100.0,0.92,115.0,0.11,100.0,0.08,115.0,0.89,100.0,0.92,100.0,0.78,0.78,43.452166,1776208516000
1776208519.613,19.613,0.11,100.0,0.08,100.0,0.89,100.0,0.92,115.0,0.11,100.0,0.08,115.0,0.89,100.0,0.92,100.0,0.78,0.78,43.453145,1776208518000
1776208520.036,20.036,0.11,100.0,0.08,100.0,0.89,100.0,0.92,115.0,0.11,100.0,0.08,115.0,0.89,100.0,0.92,100.0,0.78,0.78,43.453131,1776208519000
1776208521.235,21.235,0.11,100.0,0.08,100.0,0.89,100.0,0.92,115.0,0.11,100.0,0.08,115.0,0.89,100.0,0.92,100.0,0.78,0.78,43.453129,1776208520000
1776208522.32,22.32,0.11,100.0,0.08,100.0,0.89,100.0,0.92,115.0,0.11,100.0,0.08,115.0,0.89,100.0,0.92,100.0,0.78,0.78,43.4527,1776208521000
1776208522.894,22.894,0.11,100.0,0.08,100.0,0.89,100.0,0.92,115.0,0.11,100.0,0.08,115.0,0.89,100.0,0.92,100.0,0.78,0.78,43.452278,1776208522000
1776208523.88,23.88,0.11,100.0,0.08,100.0,0.89,100.0,0.92,115.0,0.11,100.0,0.08,115.0,0.89,100.0,0.92,100.0,0.78,0.78,43.452343,1776208523000
1776208524.958,24.958,0.11,100.0,0.08,100.0,0.89,100.0,0.92,115.0,0.11,100.0,0.08,115.0,0.89,100.0,0.92,100.0,0.78,0.78,43.452395,1776208524000
1776208525.894,25.894,0.11,100.0,0.08,100.0,0.89,100.0,0.92,115.0,0.11,100.0,0.08,115.0,0.89,100.0,0.92,100.0,0.78,0.78,43.452386,1776208525000
1776208526.895,26.895,0.11,100.0,0.08,100.0,0.89,100.0,0.92,115.0,0.11,100.0,0.08,115.0,0.89,100.0,0.92,100.0,0.78,0.78,43.452397,1776208526000
1776208528.104,28.104,0.11,100.0,0.08,100.0,0.89,100.0,0.92,115.0,0.11,100.0,0.08,115.0,0.89,100.0,0.92,100.0,0.78,0.78,43.45302,1776208527000
1776208529.163,29.163,0.11,100.0,0.08,100.0,0.89,100.0,0.92,115.0,0.11,100.0,0.08,115.0,0.89,100.0,0.92,100.0,0.78,0.78,43.451952,1776208528000
1776208530.227,30.227,0.11,100.0,0.08,100.0,0.89,100.0,0.92,115.0,0.11,100.0,0.08,115.0,0.89,100.0,0.92,100.0,0.78,0.78,43.452288,1776208529000
1776208531.353,31.353,0.11,100.0,0.08,100.0,0.89,100.0,0.92,115.0,0.11,100.0,0.08,115.0,0.89,100.0,0.92,100.0,0.78,0.78,43.453265,1776208530000
1776208532.534,32.534,0.11,100.0,0.08,100.0,0.89,100.0,0.92,115.0,0.11,100.0,0.08,115.0,0.89,100.0,0.92,100.0,0.78,0.78,43.45345,1776208531000
1776208533.331,33.331,0.11,100.0,0.08,100.0,0.89,100.0,0.92,115.0,0.11,100.0,0.08,115.0,0.89,100.0,0.92,100.0,0.78,0.78,43.453439,1776208532000
1776208534.243,34.243,0.11,100.0,0.08,100.0,0.89,100.0,0.92,115.0,0.11,100.0,0.08,115.0,0.89,100.0,0.92,100.0,0.78,0.78,43.453437,1776208533000
1776208535.383,35.383,0.11,100.0,0.08,100.0,0.89,100.0,0.92,115.0,0.11,100.0,0.08,115.0,0.89,100.0,0.92,100.0,0.78,0.78,43.45347,1776208534000
1776208535.959,35.959,0.11,100.0,0.08,100.0,0.89,100.0,0.92,115.0,0.11,100.0,0.08,115.0,0.89,100.0,0.92,100.0,0.78,0.78,43.453469,1776208535000
1776208536.928,36.928,0.11,100.0,0.08,100.0,0.89,100.0,0.92,115.0,0.11,100.0,0.08,115.0,0.89,100.0,0.92,100.0,0.78,0.78,43.453733,1776208536000
1776208538.002,38.002,0.11,100.0,0.08,100.0,0.89,100.0,0.92,115.0,0.11,100.0,0.08,115.0,0.89,100.0,0.92,100.0,0.78,0.78,43.453737,1776208537000
1776208539.239,39.239,0.11,100.0,0.08,100.0,0.89,100.0,0.92,115.0,0.11,100.0,0.08,115.0,0.89,100.0,0.92,100.0,0.78,0.78,43.453737,1776208538000
1776208540.274,40.274,0.11,100.0,0.08,100.0,0.89,100.0,0.92,115.0,0.11,100.0,0.08,115.0,0.89,100.0,0.92,100.0,0.78,0.78,43.453739,1776208539000
1776208541.335,41.335,0.11,100.0,0.08,100.0,0.89,100.0,0.92,115.0,0.11,100.0,0.08,115.0,0.89,100.0,0.92,100.0,0.78,0.78,43.453739,1776208540000
1776208542.409,42.409,0.11,100.0,0.08,100.0,0.89,100.0,0.92,115.0,0.11,100.0,0.08,115.0,0.89,100.0,0.92,100.0,0.78,0.78,43.453736,1776208541000
1776208542.948,42.948,0.11,100.0,0.08,100.0,0.89,100.0,0.92,115.0,0.11,100.0,0.08,115.0,0.89,100.0,0.92,100.0,0.78,0.78,43.453736,1776208542000
1776208543.994,43.994,0.11,100.0,0.08,100.0,0.89,100.0,0.92,115.0,0.11,100.0,0.08,115.0,0.89,100.0,0.92,100.0,0.78,0.78,43.453728,1776208543000
1776208545.089,45.089,0.11,100.0,0.08,100.0,0.89,100.0,0.92,115.0,0.11,100.0,0.08,115.0,0.89,100.0,0.92,100.0,0.78,0.78,43.453721,1776208544000
1776208546.137,46.137,0.11,100.0,0.08,100.0,0.89,100.0,0.92,115.0,0.11,100.0,0.08,115.0,0.89,100.0,0.92,100.0,0.78,0.78,43.453719,1776208545000
1776208547.222,47.222,0.11,100.0,0.08,100.0,0.89,100.0,0.92,115.0,0.11,100.0,0.08,115.0,0.89,100.0,0.92,100.0,0.78,0.78,43.453721,1776208546000
1776208548.326,48.326,0.11,100.0,0.08,100.0,0.89,100.0,0.92,115.0,0.11,100.0,0.08,115.0,0.89,100.0,0.92,100.0,0.78,0.78,43.45372,1776208547000
1776208549.008,49.008,0.11,100.0,0.08,100.0,0.89,100.0,0.92,115.0,0.11,100.0,0.08,115.0,0.89,100.0,0.92,100.0,0.78,0.78,43.453721,1776208548000
1776208549.944,49.944,0.11,100.0,0.08,100.0,0.89,100.0,0.92,115.0,0.11,100.0,0.08,115.0,0.89,100.0,0.92,100.0,0.78,0.78,43.45134,1776208549000
1776208551.028,51.028,0.11,100.0,0.08,100.0,0.89,100.0,0.92,115.0,0.11,100.0,0.08,115.0,0.89,100.0,0.92,100.0,0.78,0.78,43.450094,1776208550000
1776208552.14,52.14,0.11,100.0,0.08,100.0,0.89,100.0,0.92,115.0,0.11,100.0,0.08,115.0,0.89,100.0,0.92,100.0,0.78,0.78,43.443867,1776208551000
1776208553.247,53.247,0.11,100.0,0.08,100.0,0.89,100.0,0.92,115.0,0.11,100.0,0.08,115.0,0.89,100.0,0.92,100.0,0.78,0.78,43.444557,1776208552000
1776208554.255,54.255,0.11,100.0,0.08,100.0,0.89,100.0,0.92,115.0,0.11,100.0,0.08,115.0,0.89,100.0,0.92,100.0,0.78,0.78,43.443147,1776208553000
1776208555.306,55.306,0.11,100.0,0.08,100.0,0.89,100.0,0.92,115.0,0.11,100.0,0.08,115.0,0.89,100.0,0.92,100.0,0.78,0.78,43.442605,1776208554000
1776208555.889,55.889,0.11,100.0,0.08,100.0,0.89,100.0,0.92,115.0,0.11,100.0,0.08,115.0,0.89,100.0,0.92,100.0,0.78,0.78,43.442566,1776208555000
1776208556.976,56.976,0.11,100.0,0.08,100.0,0.89,100.0,0.92,115.0,0.11,100.0,0.08,115.0,0.89,100.0,0.92,100.0,0.78,0.78,43.442855,1776208556000
1776208557.897,57.897,0.11,100.0,0.08,100.0,0.89,100.0,0.92,115.0,0.11,100.0,0.08,115.0,0.89,100.0,0.92,100.0,0.78,0.78,43.443603,1776208557000
1776208559.03,59.03,0.11,100.0,0.08,100.0,0.89,100.0,0.92,115.0,0.11,100.0,0.08,115.0,0.89,100.0,0.92,100.0,0.78,0.78,43.443549,1776208558000
1776208560.013,60.013,0.33,5.0,0.32,5.0,0.53,15.0,0.54,15.0,0.47,15.0,0.46,15.0,0.67,5.0,0.68,5.0,0.2,0.2,43.442371,1776208559000
1776208561.251,61.251,0.33,5.0,0.32,5.0,0.53,15.0,0.54,15.0,0.47,15.0,0.46,15.0,0.67,5.0,0.68,5.0,0.2,0.2,43.438264,1776208560000
1776208562.024,62.024,0.33,5.0,0.32,5.0,0.53,15.0,0.54,15.0,0.47,15.0,0.46,15.0,0.67,5.0,0.68,5.0,0.2,0.2,43.434694,1776208561000
1776208563.367,63.367,0.33,5.0,0.32,5.0,0.53,15.0,0.54,15.0,0.47,15.0,0.46,15.0,0.67,5.0,0.68,5.0,0.2,0.2,43.433898,1776208562000
1776208564.494,64.494,0.33,5.0,0.32,5.0,0.53,15.0,0.54,15.0,0.47,15.0,0.46,15.0,0.67,5.0,0.68,5.0,0.2,0.2,43.433908,1776208563000
1776208565.091,65.091,0.33,5.0,0.32,5.0,0.53,15.0,0.54,15.0,0.47,15.0,0.46,15.0,0.67,5.0,0.68,5.0,0.2,0.2,43.433515,1776208564000
1776208566.276,66.276,0.33,5.0,0.32,5.0,0.53,15.0,0.54,15.0,0.47,15.0,0.46,15.0,0.67,5.0,0.68,5.0,0.2,0.2,43.433291,1776208565000
1776208567.52,67.52,0.33,5.0,0.32,5.0,0.53,15.0,0.54,15.0,0.47,15.0,0.46,15.0,0.67,5.0,0.68,5.0,0.2,0.2,43.430855,1776208566000
1776208568.064,68.064,0.33,5.0,0.32,5.0,0.53,15.0,0.54,15.0,0.47,15.0,0.46,15.0,0.67,5.0,0.68,5.0,0.2,0.2,43.430854,1776208567000
1776208569.193,69.193,0.33,5.0,0.32,5.0,0.53,15.0,0.54,15.0,0.47,15.0,0.46,15.0,0.67,5.0,0.68,5.0,0.2,0.2,43.430854,1776208568000
1776208570.278,70.278,0.33,5.0,0.32,5.0,0.53,15.0,0.54,15.0,0.47,15.0,0.46,15.0,0.67,5.0,0.68,5.0,0.2,0.2,43.430854,1776208569000
1776208571.331,71.331,0.33,5.0,0.32,5.0,0.53,15.0,0.54,15.0,0.47,15.0,0.46,15.0,0.67,5.0,0.68,5.0,0.2,0.2,43.4308,1776208570000
1776208571.878,71.878,0.33,5.0,0.32,5.0,0.53,15.0,0.54,15.0,0.47,15.0,0.46,15.0,0.67,5.0,0.68,5.0,0.2,0.2,43.430666,1776208571000
1776208572.948,72.948,0.33,5.0,0.32,5.0,0.53,15.0,0.54,15.0,0.47,15.0,0.46,15.0,0.67,5.0,0.68,5.0,0.2,0.2,43.430666,1776208572000
1776208574.14,74.14,0.33,5.0,0.32,5.0,0.53,15.0,0.54,15.0,0.47,15.0,0.46,15.0,0.67,5.0,0.68,5.0,0.2,0.2,43.430666,1776208573000
1776208575.243,75.243,0.33,5.0,0.32,5.0,0.53,15.0,0.54,15.0,0.47,15.0,0.46,15.0,0.67,5.0,0.68,5.0,0.2,0.2,43.431228,1776208574000
1776208576.228,76.228,0.33,5.0,0.32,5.0,0.53,15.0,0.54,15.0,0.47,15.0,0.46,15.0,0.67,5.0,0.68,5.0,0.2,0.2,43.4314,1776208575000
1776208576.494,76.494,0.34,20.0,0.33,30.0,0.5,10.0,0.52,15.0,0.47,15.0,0.46,15.0,0.67,5.0,0.68,5.0,0.16,0.2,43.4314,1776208575000
1776208577.365,77.365,0.34,20.0,0.33,30.0,0.5,10.0,0.52,15.0,0.5,10.0,0.48,15.0,0.66,20.0,0.67,30.0,0.16,0.16,43.43185,1776208576000
1776208578.236,78.236,0.34,20.0,0.33,30.0,0.5,10.0,0.52,15.0,0.5,10.0,0.48,15.0,0.66,20.0,0.67,30.0,0.16,0.16,43.43241,1776208577000
1776208578.64,78.64,0.36,15.0,0.35,15.0,0.5,10.0,0.51,15.0,0.5,10.0,0.48,15.0,0.66,20.0,0.67,30.0,0.14,0.16,43.43241,1776208577000
1776208579.26,79.26,0.36,15.0,0.35,15.0,0.5,10.0,0.51,15.0,0.5,10.0,0.49,15.0,0.64,15.0,0.65,15.0,0.14,0.14,43.434302,1776208578000
1776208580.228,80.228,0.36,15.0,0.35,15.0,0.5,10.0,0.51,15.0,0.5,10.0,0.49,15.0,0.64,15.0,0.65,15.0,0.14,0.14,43.434331,1776208579000
1776208581.146,81.146,0.36,15.0,0.35,15.0,0.5,10.0,0.51,15.0,0.5,10.0,0.49,15.0,0.64,15.0,0.65,15.0,0.14,0.14,43.43422,1776208580000
1776208582.165,82.165,0.36,15.0,0.35,15.0,0.5,10.0,0.51,15.0,0.5,10.0,0.49,15.0,0.64,15.0,0.65,15.0,0.14,0.14,43.43411,1776208581000
1776208583.136,83.136,0.36,15.0,0.35,15.0,0.5,10.0,0.51,15.0,0.5,10.0,0.49,15.0,0.64,15.0,0.65,15.0,0.14,0.14,43.43411,1776208582000
1776208584.129,84.129,0.36,15.0,0.35,15.0,0.5,10.0,0.51,15.0,0.5,10.0,0.49,15.0,0.64,15.0,0.65,15.0,0.14,0.14,43.434093,1776208583000
1776208585.076,85.076,0.36,15.0,0.35,15.0,0.5,10.0,0.51,15.0,0.5,10.0,0.49,15.0,0.64,15.0,0.65,15.0,0.14,0.14,43.434093,1776208584000
1776208586.311,86.311,0.36,15.0,0.35,15.0,0.5,10.0,0.51,15.0,0.5,10.0,0.49,15.0,0.64,15.0,0.65,15.0,0.14,0.14,43.434122,1776208585000
1776208587.236,87.236,0.36,15.0,0.35,15.0,0.5,10.0,0.51,15.0,0.5,10.0,0.49,15.0,0.64,15.0,0.65,15.0,0.14,0.14,43.435593,1776208586000
1776208588.225,88.225,0.36,15.0,0.35,15.0,0.5,10.0,0.51,15.0,0.5,10.0,0.49,15.0,0.64,15.0,0.65,15.0,0.14,0.14,43.4357,1776208587000
1776208589.058,89.058,0.36,15.0,0.35,15.0,0.5,10.0,0.51,15.0,0.5,10.0,0.49,15.0,0.64,15.0,0.65,15.0,0.14,0.14,43.436215,1776208588000
1776208590.178,90.178,0.36,15.0,0.35,15.0,0.5,10.0,0.51,15.0,0.5,10.0,0.49,15.0,0.64,15.0,0.65,15.0,0.14,0.14,43.438236,1776208589000
1776208591.233,91.233,0.36,15.0,0.35,15.0,0.5,10.0,0.51,15.0,0.5,10.0,0.49,15.0,0.64,15.0,0.65,15.0,0.14,0.14,43.438711,1776208590000
1776208592.302,92.302,0.36,15.0,0.35,15.0,0.5,10.0,0.51,15.0,0.5,10.0,0.49,15.0,0.64,15.0,0.65,15.0,0.14,0.14,43.442723,1776208591000
1776208593.448,93.448,0.36,15.0,0.35,15.0,0.5,10.0,0.51,15.0,0.5,10.0,0.49,15.0,0.64,15.0,0.65,15.0,0.14,0.14,43.451181,1776208592000
1776208594.038,94.038,0.36,15.0,0.35,15.0,0.5,10.0,0.51,15.0,0.5,10.0,0.49,15.0,0.64,15.0,0.65,15.0,0.14,0.14,43.451182,1776208593000
1776208595.115,95.115,0.36,15.0,0.35,15.0,0.5,10.0,0.51,15.0,0.5,10.0,0.49,15.0,0.64,15.0,0.65,15.0,0.14,0.14,43.45131,1776208594000
1776208596.319,96.319,0.36,15.0,0.35,15.0,0.5,10.0,0.51,15.0,0.5,10.0,0.49,15.0,0.64,15.0,0.65,15.0,0.14,0.14,43.45131,1776208595000
1776208597.429,97.429,0.36,15.0,0.35,15.0,0.5,10.0,0.51,15.0,0.5,10.0,0.49,15.0,0.64,15.0,0.65,15.0,0.14,0.14,43.45114,1776208596000
1776208597.96,97.96,0.36,15.0,0.35,15.0,0.5,10.0,0.51,15.0,0.5,10.0,0.49,15.0,0.64,15.0,0.65,15.0,0.14,0.14,43.450907,1776208597000
1776208599.061,99.061,0.36,15.0,0.35,15.0,0.5,10.0,0.51,15.0,0.5,10.0,0.49,15.0,0.64,15.0,0.65,15.0,0.14,0.14,43.450264,1776208598000
1776208600.297,100.297,0.36,15.0,0.35,15.0,0.5,10.0,0.51,15.0,0.5,10.0,0.49,15.0,0.64,15.0,0.65,15.0,0.14,0.14,43.451518,1776208599000
1776208601.296,101.296,0.36,15.0,0.35,15.0,0.5,10.0,0.51,15.0,0.5,10.0,0.49,15.0,0.64,15.0,0.65,15.0,0.14,0.14,43.454004,1776208600000
1776208602.368,102.368,0.36,15.0,0.35,15.0,0.5,10.0,0.51,15.0,0.5,10.0,0.49,15.0,0.64,15.0,0.65,15.0,0.14,0.14,43.45628,1776208601000
1776208604.046,104.046,0.36,15.0,0.35,15.0,0.5,10.0,0.51,15.0,0.5,10.0,0.49,15.0,0.64,15.0,0.65,15.0,0.14,0.14,43.45667,1776208602000
1776208605.1,105.1,0.36,15.0,0.35,15.0,0.5,10.0,0.51,15.0,0.5,10.0,0.49,15.0,0.64,15.0,0.65,15.0,0.14,0.14,43.457121,1776208603000
1776208606.091,106.091,0.36,15.0,0.35,15.0,0.5,10.0,0.51,15.0,0.5,10.0,0.49,15.0,0.64,15.0,0.65,15.0,0.14,0.14,43.457343,1776208604000
1776208606.962,106.962,0.36,15.0,0.35,15.0,0.5,10.0,0.51,15.0,0.5,10.0,0.49,15.0,0.64,15.0,0.65,15.0,0.14,0.14,43.45773,1776208605000
1776208607.706,107.706,0.36,15.0,0.35,15.0,0.5,10.0,0.51,15.0,0.5,10.0,0.49,15.0,0.64,15.0,0.65,15.0,0.14,0.14,43.45773,1776208606000
1776208608.33,108.33,0.36,15.0,0.35,15.0,0.5,10.0,0.51,15.0,0.5,10.0,0.49,15.0,0.64,15.0,0.65,15.0,0.14,0.14,43.45773,1776208607000
1776208609.078,109.078,0.36,15.0,0.35,15.0,0.5,10.0,0.51,15.0,0.5,10.0,0.49,15.0,0.64,15.0,0.65,15.0,0.14,0.14,43.45773,1776208608000
1776208610.308,110.308,0.36,15.0,0.35,15.0,0.5,10.0,0.51,15.0,0.5,10.0,0.49,15.0,0.64,15.0,0.65,15.0,0.14,0.14,43.458003,1776208609000
1776208611.222,111.222,0.36,15.0,0.35,15.0,0.5,10.0,0.51,15.0,0.5,10.0,0.49,15.0,0.64,15.0,0.65,15.0,0.14,0.14,43.458778,1776208610000
1776208612.704,112.704,0.36,15.0,0.35,15.0,0.5,10.0,0.51,15.0,0.5,10.0,0.49,15.0,0.64,15.0,0.65,15.0,0.14,0.14,43.458778,1776208611000
1776208613.331,113.331,0.36,15.0,0.35,15.0,0.5,10.0,0.51,15.0,0.5,10.0,0.49,15.0,0.64,15.0,0.65,15.0,0.14,0.14,43.458677,1776208612000
1776208613.99,113.99,0.36,15.0,0.35,15.0,0.5,10.0,0.51,15.0,0.5,10.0,0.49,15.0,0.64,15.0,0.65,15.0,0.14,0.14,43.458661,1776208613000
1776208615.309,115.309,0.36,15.0,0.35,15.0,0.5,10.0,0.51,15.0,0.5,10.0,0.49,15.0,0.64,15.0,0.65,15.0,0.14,0.14,43.459983,1776208614000
1776208616.596,116.596,0.36,15.0,0.35,15.0,0.5,10.0,0.51,15.0,0.5,10.0,0.49,15.0,0.64,15.0,0.65,15.0,0.14,0.14,43.459983,1776208615000
1776208617.16,117.16,0.36,15.0,0.35,15.0,0.5,10.0,0.51,15.0,0.5,10.0,0.49,15.0,0.64,15.0,0.65,15.0,0.14,0.14,43.459998,1776208616000
1776208618.367,118.367,0.36,15.0,0.35,15.0,0.5,10.0,0.51,15.0,0.5,10.0,0.49,15.0,0.64,15.0,0.65,15.0,0.14,0.14,43.460148,1776208617000
1776208618.956,118.956,0.36,15.0,0.35,15.0,0.5,10.0,0.51,15.0,0.5,10.0,0.49,15.0,0.64,15.0,0.65,15.0,0.14,0.14,43.460148,1776208618000
1776208620.248,120.248,0.36,15.0,0.35,15.0,0.5,10.0,0.51,15.0,0.5,10.0,0.49,15.0,0.64,15.0,0.65,15.0,0.14,0.14,43.458885,1776208619000
1776208621.87,121.87,0.36,15.0,0.35,15.0,0.5,10.0,0.51,15.0,0.5,10.0,0.49,15.0,0.64,15.0,0.65,15.0,0.14,0.14,43.459013,1776208620000
1776208622.491,122.491,0.36,15.0,0.35,15.0,0.5,10.0,0.51,15.0,0.5,10.0,0.49,15.0,0.64,15.0,0.65,15.0,0.14,0.14,43.459013,1776208621000
1776208623.016,123.016,0.36,15.0,0.35,15.0,0.5,10.0,0.51,15.0,0.5,10.0,0.49,15.0,0.64,15.0,0.65,15.0,0.14,0.14,43.459015,1776208622000
1776208623.957,123.957,0.36,15.0,0.35,15.0,0.5,10.0,0.51,15.0,0.5,10.0,0.49,15.0,0.64,15.0,0.65,15.0,0.14,0.14,43.45942,1776208623000
1776208625.094,125.094,0.36,15.0,0.35,15.0,0.5,10.0,0.51,15.0,0.5,10.0,0.49,15.0,0.64,15.0,0.65,15.0,0.14,0.14,43.466272,1776208624000
1776208626.057,126.057,0.36,15.0,0.35,15.0,0.5,10.0,0.51,15.0,0.5,10.0,0.49,15.0,0.64,15.0,0.65,15.0,0.14,0.14,43.470872,1776208625000
1776208626.337,126.337,0.58,15.0,0.57,15.0,0.75,15.0,0.76,15.0,0.5,10.0,0.49,15.0,0.64,15.0,0.65,15.0,0.17,0.14,43.470872,1776208625000
1776208627.054,127.054,0.58,15.0,0.57,15.0,0.75,15.0,0.76,15.0,0.25,15.0,0.24,15.0,0.42,15.0,0.43,15.0,0.17,0.17,43.470917,1776208626000
1776208628.063,128.063,0.58,15.0,0.57,15.0,0.75,15.0,0.76,15.0,0.25,15.0,0.24,15.0,0.42,15.0,0.43,15.0,0.17,0.17,43.472181,1776208627000
1776208629.006,129.006,0.58,15.0,0.57,15.0,0.75,15.0,0.76,15.0,0.25,15.0,0.24,15.0,0.42,15.0,0.43,15.0,0.17,0.17,43.472181,1776208628000
1776208630.127,130.127,0.58,15.0,0.57,15.0,0.75,15.0,0.76,15.0,0.25,15.0,0.24,15.0,0.42,15.0,0.43,15.0,0.17,0.17,43.470856,1776208629000
1776208631.174,131.174,0.58,15.0,0.57,15.0,0.75,15.0,0.76,15.0,0.25,15.0,0.24,15.0,0.42,15.0,0.43,15.0,0.17,0.17,43.470347,1776208630000
1776208632.118,132.118,0.58,15.0,0.57,15.0,0.75,15.0,0.76,15.0,0.25,15.0,0.24,15.0,0.42,15.0,0.43,15.0,0.17,0.17,43.471071,1776208631000
1776208633.126,133.126,0.58,15.0,0.57,15.0,0.75,15.0,0.76,15.0,0.25,15.0,0.24,15.0,0.42,15.0,0.43,15.0,0.17,0.17,43.481072,1776208632000
1776208634.07,134.07,0.58,15.0,0.57,15.0,0.75,15.0,0.76,15.0,0.25,15.0,0.24,15.0,0.42,15.0,0.43,15.0,0.17,0.17,43.484001,1776208633000
1776208634.977,134.977,0.58,15.0,0.57,15.0,0.75,15.0,0.76,15.0,0.25,15.0,0.24,15.0,0.42,15.0,0.43,15.0,0.17,0.17,43.483512,1776208634000
1776208635.992,135.992,0.58,15.0,0.57,15.0,0.75,15.0,0.76,15.0,0.25,15.0,0.24,15.0,0.42,15.0,0.43,15.0,0.17,0.17,43.482881,1776208635000
1776208636.984,136.984,0.58,15.0,0.57,15.0,0.75,15.0,0.76,15.0,0.25,15.0,0.24,15.0,0.42,15.0,0.43,15.0,0.17,0.17,43.478578,1776208636000
1776208637.972,137.972,0.58,15.0,0.57,15.0,0.75,15.0,0.76,15.0,0.25,15.0,0.24,15.0,0.42,15.0,0.43,15.0,0.17,0.17,43.4764,1776208637000
1776208638.986,138.986,0.58,15.0,0.57,15.0,0.75,15.0,0.76,15.0,0.25,15.0,0.24,15.0,0.42,15.0,0.43,15.0,0.17,0.17,43.47601,1776208638000
1776208639.205,139.205,0.64,10.0,0.55,15.0,0.71,15.0,0.72,15.0,0.25,15.0,0.24,15.0,0.42,15.0,0.43,15.0,0.07,0.17,43.47601,1776208638000
1776208639.96,139.96,0.64,10.0,0.55,15.0,0.71,15.0,0.72,15.0,0.29,15.0,0.28,15.0,0.36,10.0,0.45,15.0,0.07,0.07,43.476149,1776208639000
1776208640.849,140.849,0.64,10.0,0.55,15.0,0.71,15.0,0.72,15.0,0.29,15.0,0.28,15.0,0.36,10.0,0.45,15.0,0.07,0.07,43.475585,1776208640000
1776208641.862,141.862,0.64,10.0,0.55,15.0,0.71,15.0,0.72,15.0,0.29,15.0,0.28,15.0,0.36,10.0,0.45,15.0,0.07,0.07,43.475524,1776208641000
1776208642.442,142.442,0.65,10.0,0.58,15.0,0.71,5.88,0.72,15.0,0.29,15.0,0.28,15.0,0.36,10.0,0.45,15.0,0.06,0.07,43.475524,1776208641000
1776208643.272,143.272,0.65,10.0,0.58,15.0,0.71,5.88,0.72,15.0,0.29,5.88,0.28,15.0,0.35,10.0,0.42,15.0,0.06,0.06,43.475526,1776208642000
1776208644.25,144.25,0.65,10.0,0.58,15.0,0.71,5.88,0.72,15.0,0.29,5.88,0.28,15.0,0.35,10.0,0.42,15.0,0.06,0.06,43.475404,1776208643000
1776208644.558,144.558,0.65,10.0,0.59,15.0,0.72,15.0,0.73,15.0,0.29,5.88,0.28,15.0,0.35,10.0,0.42,15.0,0.07,0.06,43.475404,1776208643000
1776208645.206,145.206,0.65,10.0,0.59,15.0,0.72,15.0,0.73,15.0,0.28,15.0,0.27,15.0,0.35,10.0,0.41,15.0,0.07,0.07,43.475991,1776208644000
1776208646.185,146.185,0.65,10.0,0.59,15.0,0.72,15.0,0.73,15.0,0.28,15.0,0.27,15.0,0.35,10.0,0.41,15.0,0.07,0.07,43.476001,1776208645000
1776208647.628,147.628,0.65,10.0,0.59,15.0,0.72,15.0,0.73,15.0,0.28,15.0,0.27,15.0,0.35,10.0,0.41,15.0,0.07,0.07,43.477646,1776208646000
1776208648.231,148.231,0.64,15.0,0.63,15.0,0.89,11.66,0.9,15.0,0.11,11.66,0.1,15.0,0.36,15.0,0.37,15.0,0.25,0.25,43.480074,1776208647000
1776208648.443,148.443,0.66,15.0,0.65,15.0,0.9,15.0,0.91,15.0,0.1,15.0,0.09,15.0,0.12,10.0,0.34,15.0,0.24,0.02,43.480074,1776208647000
1776208649.897,149.897,0.66,15.0,0.65,15.0,0.9,15.0,0.91,15.0,0.1,15.0,0.09,15.0,0.34,15.0,0.35,15.0,0.24,0.24,43.485547,1776208649000
1776208651.475,151.475,0.66,15.0,0.65,15.0,0.9,15.0,0.91,15.0,0.1,15.0,0.09,15.0,0.34,15.0,0.35,15.0,0.24,0.24,43.505319,1776208650000
1776208652.114,152.114,0.66,15.0,0.65,15.0,0.9,15.0,0.91,15.0,0.1,15.0,0.09,15.0,0.34,15.0,0.35,15.0,0.24,0.24,43.50683,1776208651000
1776208652.625,152.625,0.88,25.0,0.75,15.0,0.92,1.92,0.93,15.0,0.1,15.0,0.09,15.0,0.34,15.0,0.35,15.0,0.04,0.24,43.50683,1776208651000
1776208653.323,153.323,0.88,25.0,0.75,15.0,0.92,1.92,0.93,15.0,0.08,1.92,0.07,15.0,0.12,25.0,0.25,15.0,0.04,0.04,43.516901,1776208652000
1776208654.11,154.11,0.88,15.0,0.78,15.0,0.94,11.92,0.95,35.0,0.08,1.92,0.07,15.0,0.12,25.0,0.25,15.0,0.06,0.04,43.516901,1776208652000
1776208654.498,154.498,0.88,15.0,0.78,15.0,0.94,11.92,0.95,35.0,0.06,11.92,0.05,35.0,0.12,15.0,0.22,15.0,0.06,0.06,43.520713,1776208653000
1776208655.28,155.28,0.88,15.0,0.78,15.0,0.94,11.92,0.95,35.0,0.06,11.92,0.05,35.0,0.12,15.0,0.22,15.0,0.06,0.06,43.520852,1776208654000
1776208655.953,155.953,0.88,15.0,0.78,15.0,0.94,11.92,0.95,35.0,0.06,11.92,0.05,35.0,0.12,15.0,0.22,15.0,0.06,0.06,43.521159,1776208655000
1776208656.214,156.214,0.82,15.0,0.81,15.0,0.93,15.0,0.94,11.92,0.06,11.92,0.05,35.0,0.12,15.0,0.22,15.0,0.11,0.06,43.521159,1776208655000
1776208657.288,157.288,0.82,15.0,0.81,15.0,0.93,15.0,0.94,11.92,0.07,15.0,0.06,11.92,0.18,15.0,0.19,15.0,0.11,0.11,43.521994,1776208656000
1776208657.515,157.515,0.86,1.51,0.85,15.0,0.94,11.92,0.95,35.0,0.07,15.0,0.06,11.92,0.18,15.0,0.19,15.0,0.08,0.11,43.521994,1776208656000
1776208658.521,158.521,0.86,1.51,0.85,15.0,0.94,11.92,0.95,35.0,0.06,11.92,0.05,35.0,0.14,1.51,0.15,15.0,0.08,0.08,43.522361,1776208657000
1776208659.314,159.314,0.86,1.51,0.85,15.0,0.94,11.92,0.95,35.0,0.06,11.92,0.05,35.0,0.14,1.51,0.15,15.0,0.08,0.08,43.527622,1776208658000
1776208659.84,159.84,0.89,15.0,0.88,15.0,0.95,25.74,0.96,20.0,0.06,11.92,0.05,35.0,0.14,1.51,0.15,15.0,0.06,0.08,43.527622,1776208658000
1776208660.048,160.048,0.89,15.0,0.88,15.0,0.95,0.74,0.96,20.0,0.05,25.74,0.04,20.0,0.11,15.0,0.12,15.0,0.06,0.06,43.527622,1776208658000
1776208660.491,160.491,0.89,15.0,0.88,15.0,0.95,0.74,0.96,20.0,0.05,0.74,0.04,20.0,0.11,15.0,0.12,15.0,0.06,0.06,43.527534,1776208659000
1776208660.963,160.963,0.89,25.0,0.88,15.0,0.94,20.0,0.95,0.74,0.05,0.74,0.04,20.0,0.11,15.0,0.12,15.0,0.05,0.06,43.527534,1776208659000
1776208661.229,161.229,0.89,25.0,0.88,15.0,0.94,20.0,0.95,0.74,0.06,20.0,0.05,0.74,0.11,25.0,0.12,15.0,0.05,0.05,43.527493,1776208660000
1776208662.469,162.469,0.88,15.0,0.87,15.0,0.94,20.0,0.95,0.74,0.06,20.0,0.05,0.74,0.12,15.0,0.13,15.0,0.06,0.06,43.527525,1776208661000
1776208663.039,163.039,0.88,15.0,0.87,15.0,0.94,20.0,0.95,0.74,0.06,20.0,0.05,0.74,0.12,15.0,0.13,15.0,0.06,0.06,43.527913,1776208662000
1776208665.577,165.577,0.88,15.0,0.87,15.0,0.94,20.0,0.95,0.74,0.06,20.0,0.05,0.74,0.12,15.0,0.13,15.0,0.06,0.06,43.526618,1776208664000
1776208666.195,166.195,0.88,15.0,0.87,15.0,0.94,20.0,0.95,0.74,0.06,20.0,0.05,0.74,0.12,15.0,0.13,15.0,0.06,0.06,43.526185,1776208665000
1776208667.307,167.307,0.88,15.0,0.87,15.0,0.94,20.0,0.95,0.74,0.06,20.0,0.05,0.74,0.12,15.0,0.13,15.0,0.06,0.06,43.524557,1776208666000
1776208668.718,168.718,0.88,15.0,0.87,15.0,0.94,20.0,0.95,0.74,0.06,20.0,0.05,0.74,0.12,15.0,0.13,15.0,0.06,0.06,43.524509,1776208667000
1776208669.48,169.48,0.88,15.0,0.87,15.0,0.94,20.0,0.95,0.74,0.06,20.0,0.05,0.74,0.12,15.0,0.13,15.0,0.06,0.06,43.524463,1776208668000
1776208670.041,170.041,0.88,15.0,0.87,15.0,0.94,20.0,0.95,0.74,0.06,20.0,0.05,0.74,0.12,15.0,0.13,15.0,0.06,0.06,43.524463,1776208669000
1776208671.21,171.21,0.88,15.0,0.87,15.0,0.94,20.0,0.95,0.74,0.06,20.0,0.05,0.74,0.12,15.0,0.13,15.0,0.06,0.06,43.523605,1776208670000
1776208672.314,172.314,0.88,15.0,0.87,15.0,0.94,20.0,0.95,0.74,0.06,20.0,0.05,0.74,0.12,15.0,0.13,15.0,0.06,0.06,43.523221,1776208671000
1776208676.8,176.8,0.88,15.0,0.87,15.0,0.94,20.0,0.95,0.74,0.06,20.0,0.05,0.74,0.12,15.0,0.13,15.0,0.06,0.06,43.515157,1776208675000
1776208677.341,177.341,0.88,15.0,0.87,15.0,0.94,20.0,0.95,0.74,0.06,20.0,0.05,0.74,0.12,15.0,0.13,15.0,0.06,0.06,43.520686,1776208676000
1776208678.331,178.331,0.88,15.0,0.87,15.0,0.94,20.0,0.95,0.74,0.06,20.0,0.05,0.74,0.12,15.0,0.13,15.0,0.06,0.06,43.512549,1776208677000
1776208679.241,179.241,0.88,15.0,0.87,15.0,0.94,20.0,0.95,0.74,0.06,20.0,0.05,0.74,0.12,15.0,0.13,15.0,0.06,0.06,43.512582,1776208678000
1776208680.275,180.275,0.88,15.0,0.87,15.0,0.94,20.0,0.95,0.74,0.06,20.0,0.05,0.74,0.12,15.0,0.13,15.0,0.06,0.06,43.51779,1776208679000
1776208681.179,181.179,0.88,15.0,0.87,15.0,0.94,20.0,0.95,0.74,0.06,20.0,0.05,0.74,0.12,15.0,0.13,15.0,0.06,0.06,43.515898,1776208680000
1776208682.21,182.21,0.88,15.0,0.87,15.0,0.94,20.0,0.95,0.74,0.06,20.0,0.05,0.74,0.12,15.0,0.13,15.0,0.06,0.06,43.515849,1776208681000
1776208683.2,183.2,0.88,15.0,0.87,15.0,0.94,20.0,0.95,0.74,0.06,20.0,0.05,0.74,0.12,15.0,0.13,15.0,0.06,0.06,43.515849,1776208682000
1776208684.246,184.246,0.88,15.0,0.87,15.0,0.94,20.0,0.95,0.74,0.06,20.0,0.05,0.74,0.12,15.0,0.13,15.0,0.06,0.06,43.514825,1776208683000
1776208685.185,185.185,0.88,15.0,0.87,15.0,0.94,20.0,0.95,0.74,0.06,20.0,0.05,0.74,0.12,15.0,0.13,15.0,0.06,0.06,43.514811,1776208684000
1776208686.174,186.174,0.88,15.0,0.87,15.0,0.94,20.0,0.95,0.74,0.06,20.0,0.05,0.74,0.12,15.0,0.13,15.0,0.06,0.06,43.51449,1776208685000
1776208687.151,187.151,0.88,15.0,0.87,15.0,0.94,20.0,0.95,0.74,0.06,20.0,0.05,0.74,0.12,15.0,0.13,15.0,0.06,0.06,43.513797,1776208686000
1776208688.267,188.267,0.88,15.0,0.87,15.0,0.94,20.0,0.95,0.74,0.06,20.0,0.05,0.74,0.12,15.0,0.13,15.0,0.06,0.06,43.503935,1776208687000
1776208689.905,189.905,0.88,15.0,0.87,15.0,0.94,20.0,0.95,0.74,0.06,20.0,0.05,0.74,0.12,15.0,0.13,15.0,0.06,0.06,43.505141,1776208688000
1776208691.3,191.3,0.88,15.0,0.87,15.0,0.94,20.0,0.95,0.74,0.06,20.0,0.05,0.74,0.12,15.0,0.13,15.0,0.06,0.06,43.514195,1776208689000
1776208691.878,191.878,0.88,15.0,0.87,15.0,0.94,20.0,0.95,0.74,0.06,20.0,0.05,0.74,0.12,15.0,0.13,15.0,0.06,0.06,43.515155,1776208690000
1776208692.948,192.948,0.88,15.0,0.87,15.0,0.94,20.0,0.95,0.74,0.06,20.0,0.05,0.74,0.12,15.0,0.13,15.0,0.06,0.06,43.516134,1776208691000
1776208693.585,193.585,0.88,15.0,0.87,15.0,0.94,20.0,0.95,0.74,0.06,20.0,0.05,0.74,0.12,15.0,0.13,15.0,0.06,0.06,43.516717,1776208692000
1776208694.366,194.366,0.88,15.0,0.87,15.0,0.94,20.0,0.95,0.74,0.06,20.0,0.05,0.74,0.12,15.0,0.13,15.0,0.06,0.06,43.51672,1776208693000
1776208695.084,195.084,0.88,15.0,0.87,15.0,0.94,20.0,0.95,0.74,0.06,20.0,0.05,0.74,0.12,15.0,0.13,15.0,0.06,0.06,43.516681,1776208694000
1776208696.653,196.653,0.88,15.0,0.87,15.0,0.94,20.0,0.95,0.74,0.06,20.0,0.05,0.74,0.12,15.0,0.13,15.0,0.06,0.06,43.516692,1776208695000
1776208697.343,197.343,0.88,15.0,0.87,15.0,0.94,20.0,0.95,0.74,0.06,20.0,0.05,0.74,0.12,15.0,0.13,15.0,0.06,0.06,43.516638,1776208696000
1776208698.691,198.691,0.88,15.0,0.87,15.0,0.94,20.0,0.95,0.74,0.06,20.0,0.05,0.74,0.12,15.0,0.13,15.0,0.06,0.06,43.516446,1776208697000
1776208699.302,199.302,0.88,15.0,0.87,15.0,0.94,20.0,0.95,0.74,0.06,20.0,0.05,0.74,0.12,15.0,0.13,15.0,0.06,0.06,43.513761,1776208698000
1776208699.996,199.996,0.88,15.0,0.87,15.0,0.94,20.0,0.95,0.74,0.06,20.0,0.05,0.74,0.12,15.0,0.13,15.0,0.06,0.06,43.511324,1776208699000
1776208701.589,201.589,0.88,15.0,0.87,15.0,0.94,20.0,0.95,0.74,0.06,20.0,0.05,0.74,0.12,15.0,0.13,15.0,0.06,0.06,43.505843,1776208700000
1776208702.206,202.206,0.88,15.0,0.87,15.0,0.94,20.0,0.95,0.74,0.06,20.0,0.05,0.74,0.12,15.0,0.13,15.0,0.06,0.06,43.505783,1776208701000
1776208703.727,203.727,0.88,15.0,0.87,15.0,0.94,20.0,0.95,0.74,0.06,20.0,0.05,0.74,0.12,15.0,0.13,15.0,0.06,0.06,43.511531,1776208702000
1776208704.47,204.47,0.88,15.0,0.87,15.0,0.94,20.0,0.95,0.74,0.06,20.0,0.05,0.74,0.12,15.0,0.13,15.0,0.06,0.06,43.511899,1776208703000
1776208705.307,205.307,0.88,15.0,0.87,15.0,0.94,20.0,0.95,0.74,0.06,20.0,0.05,0.74,0.12,15.0,0.13,15.0,0.06,0.06,43.511899,1776208704000
1776208706.711,206.711,0.88,15.0,0.87,15.0,0.94,20.0,0.95,0.74,0.06,20.0,0.05,0.74,0.12,15.0,0.13,15.0,0.06,0.06,43.51192,1776208705000
1776208707.433,207.433,0.88,15.0,0.87,15.0,0.94,20.0,0.95,0.74,0.06,20.0,0.05,0.74,0.12,15.0,0.13,15.0,0.06,0.06,43.512065,1776208706000
1776208708.24,208.24,0.88,15.0,0.87,15.0,0.94,20.0,0.95,0.74,0.06,20.0,0.05,0.74,0.12,15.0,0.13,15.0,0.06,0.06,43.511961,1776208707000
1776208709.191,209.191,0.88,15.0,0.87,15.0,0.94,20.0,0.95,0.74,0.06,20.0,0.05,0.74,0.12,15.0,0.13,15.0,0.06,0.06,43.512018,1776208708000
1776208710.134,210.134,0.88,15.0,0.87,15.0,0.94,20.0,0.95,0.74,0.06,20.0,0.05,0.74,0.12,15.0,0.13,15.0,0.06,0.06,43.512139,1776208709000
1776208711.151,211.151,0.88,15.0,0.87,15.0,0.94,20.0,0.95,0.74,0.06,20.0,0.05,0.74,0.12,15.0,0.13,15.0,0.06,0.06,43.512147,1776208710000
1776208711.444,211.444,0.85,25.0,0.84,15.0,0.92,15.0,0.93,15.0,0.06,20.0,0.05,0.74,0.12,15.0,0.13,15.0,0.07,0.06,43.512147,1776208710000
1776208712.313,212.313,0.85,25.0,0.84,15.0,0.92,15.0,0.93,15.0,0.08,15.0,0.07,15.0,0.15,25.0,0.16,15.0,0.07,0.07,43.512054,1776208711000
1776208713.134,213.134,0.85,25.0,0.84,15.0,0.92,15.0,0.93,15.0,0.08,15.0,0.07,15.0,0.15,25.0,0.16,15.0,0.07,0.07,43.511751,1776208712000
1776208713.452,213.452,0.86,15.0,0.85,25.0,0.93,15.0,0.94,30.0,0.08,15.0,0.07,15.0,0.15,25.0,0.16,15.0,0.07,0.07,43.511751,1776208712000
1776208714.109,214.109,0.86,15.0,0.85,25.0,0.93,15.0,0.94,30.0,0.07,15.0,0.06,30.0,0.14,15.0,0.15,25.0,0.07,0.07,43.50595,1776208713000
1776208715.011,215.011,0.86,15.0,0.85,25.0,0.93,15.0,0.94,30.0,0.07,15.0,0.06,30.0,0.14,15.0,0.15,25.0,0.07,0.07,43.502743,1776208714000
1776208715.927,215.927,0.86,15.0,0.85,25.0,0.93,15.0,0.94,30.0,0.07,15.0,0.06,30.0,0.14,15.0,0.15,25.0,0.07,0.07,43.502354,1776208715000
1776208716.878,216.878,0.86,15.0,0.85,25.0,0.93,15.0,0.94,30.0,0.07,15.0,0.06,30.0,0.14,15.0,0.15,25.0,0.07,0.07,43.505972,1776208716000
1776208717.821,217.821,0.86,15.0,0.85,25.0,0.93,15.0,0.94,30.0,0.07,15.0,0.06,30.0,0.14,15.0,0.15,25.0,0.07,0.07,43.50567,1776208717000
1776208719.287,219.287,0.86,15.0,0.85,25.0,0.93,15.0,0.94,30.0,0.07,15.0,0.06,30.0,0.14,15.0,0.15,25.0,0.07,0.07,43.503079,1776208718000
1776208720.179,220.179,0.86,15.0,0.85,25.0,0.93,15.0,0.94,30.0,0.07,15.0,0.06,30.0,0.14,15.0,0.15,25.0,0.07,0.07,43.505134,1776208719000
1776208721.642,221.642,0.89,15.0,0.88,15.0,0.94,27.87,0.95,15.0,0.07,15.0,0.06,30.0,0.14,15.0,0.15,25.0,0.05,0.07,43.505134,1776208719000
1776208722.157,222.157,0.89,15.0,0.88,15.0,0.94,27.87,0.95,15.0,0.06,27.87,0.05,15.0,0.11,15.0,0.12,15.0,0.05,0.05,43.504977,1776208720000
1776208722.592,222.592,0.89,15.0,0.88,15.0,0.94,25.74,0.95,15.0,0.06,27.87,0.05,15.0,0.11,15.0,0.12,15.0,0.05,0.05,43.504977,1776208720000
1776208723.561,223.561,0.89,15.0,0.88,15.0,0.94,25.74,0.95,15.0,0.06,25.74,0.05,15.0,0.11,15.0,0.12,15.0,0.05,0.05,43.505267,1776208722000
1776208724.335,224.335,0.89,15.0,0.88,15.0,0.94,25.74,0.95,15.0,0.06,25.74,0.05,15.0,0.11,15.0,0.12,15.0,0.05,0.05,43.505256,1776208723000
1776208725.23,225.23,0.89,15.0,0.88,15.0,0.94,25.74,0.95,15.0,0.06,25.74,0.05,15.0,0.11,15.0,0.12,15.0,0.05,0.05,43.505263,1776208724000
1776208725.507,225.507,0.87,15.0,0.86,25.0,0.93,15.0,0.94,25.74,0.06,25.74,0.05,15.0,0.11,15.0,0.12,15.0,0.06,0.05,43.505263,1776208724000
1776208726.467,226.467,0.87,15.0,0.86,25.0,0.93,15.0,0.94,25.74,0.07,15.0,0.06,25.74,0.13,15.0,0.14,25.0,0.06,0.06,43.504375,1776208725000
1776208727.013,227.013,0.87,15.0,0.86,25.0,0.93,15.0,0.94,25.74,0.07,15.0,0.06,25.74,0.13,15.0,0.14,25.0,0.06,0.06,43.504712,1776208726000
1776208728.369,228.369,0.87,15.0,0.86,25.0,0.93,15.0,0.94,25.74,0.07,15.0,0.06,25.74,0.13,15.0,0.14,25.0,0.06,0.06,43.504712,1776208727000
1776208729.011,229.011,0.87,15.0,0.86,25.0,0.93,15.0,0.94,25.74,0.07,15.0,0.06,25.74,0.13,15.0,0.14,25.0,0.06,0.06,43.504707,1776208728000
1776208729.375,229.375,0.86,15.0,0.85,25.0,0.92,15.0,0.93,15.0,0.07,15.0,0.06,25.74,0.13,15.0,0.14,25.0,0.06,0.06,43.504707,1776208728000
1776208730.301,230.301,0.86,15.0,0.85,25.0,0.92,15.0,0.93,15.0,0.08,15.0,0.07,15.0,0.14,15.0,0.15,25.0,0.06,0.06,43.504206,1776208729000
1776208731.751,231.751,0.86,15.0,0.85,25.0,0.92,15.0,0.93,15.0,0.08,15.0,0.07,15.0,0.14,15.0,0.15,25.0,0.06,0.06,43.504119,1776208730000
1776208732.277,232.277,0.86,15.0,0.85,25.0,0.92,15.0,0.93,15.0,0.08,15.0,0.07,15.0,0.14,15.0,0.15,25.0,0.06,0.06,43.504144,1776208731000
1776208733.719,233.719,0.86,15.0,0.85,25.0,0.92,15.0,0.93,15.0,0.08,15.0,0.07,15.0,0.14,15.0,0.15,25.0,0.06,0.06,43.502983,1776208732000
1776208734.338,234.338,0.86,15.0,0.85,25.0,0.92,15.0,0.93,15.0,0.08,15.0,0.07,15.0,0.14,15.0,0.15,25.0,0.06,0.06,43.502646,1776208733000
1776208734.664,234.664,0.86,15.0,0.85,25.0,0.93,15.0,0.94,25.74,0.08,15.0,0.07,15.0,0.14,15.0,0.15,25.0,0.07,0.06,43.502646,1776208733000
1776208734.977,234.977,0.86,15.0,0.85,25.0,0.93,15.0,0.94,25.74,0.07,15.0,0.06,25.74,0.14,15.0,0.15,25.0,0.07,0.07,43.502774,1776208734000
1776208736.483,236.483,0.86,15.0,0.85,25.0,0.93,15.0,0.94,25.74,0.07,15.0,0.06,25.74,0.14,15.0,0.15,25.0,0.07,0.07,43.502281,1776208735000
1776208737.072,237.072,0.86,15.0,0.85,25.0,0.93,15.0,0.94,25.74,0.07,15.0,0.06,25.74,0.14,15.0,0.15,25.0,0.07,0.07,43.503055,1776208736000
1776208738.402,238.402,0.86,15.0,0.85,25.0,0.93,15.0,0.94,25.74,0.07,15.0,0.06,25.74,0.14,15.0,0.15,25.0,0.07,0.07,43.502811,1776208737000
1776208739.306,239.306,0.86,15.0,0.85,25.0,0.93,15.0,0.94,25.74,0.07,15.0,0.06,25.74,0.14,15.0,0.15,25.0,0.07,0.07,43.502769,1776208738000
1776208740.329,240.329,0.86,15.0,0.85,25.0,0.93,15.0,0.94,25.74,0.07,15.0,0.06,25.74,0.14,15.0,0.15,25.0,0.07,0.07,43.502767,1776208739000
1776208740.896,240.896,0.86,15.0,0.85,25.0,0.93,15.0,0.94,25.74,0.07,15.0,0.06,25.74,0.14,15.0,0.15,25.0,0.07,0.07,43.502783,1776208740000
1776208742.013,242.013,0.86,15.0,0.85,25.0,0.93,15.0,0.94,25.74,0.07,15.0,0.06,25.74,0.14,15.0,0.15,25.0,0.07,0.07,43.499397,1776208741000
1776208743.177,243.177,0.86,15.0,0.85,25.0,0.93,15.0,0.94,25.74,0.07,15.0,0.06,25.74,0.14,15.0,0.15,25.0,0.07,0.07,43.498422,1776208742000
1776208744.179,244.179,0.86,15.0,0.85,25.0,0.93,15.0,0.94,25.74,0.07,15.0,0.06,25.74,0.14,15.0,0.15,25.0,0.07,0.07,43.490203,1776208743000
1776208745.203,245.203,0.86,15.0,0.85,25.0,0.93,15.0,0.94,25.74,0.07,15.0,0.06,25.74,0.14,15.0,0.15,25.0,0.07,0.07,43.482525,1776208744000
1776208746.331,246.331,0.86,15.0,0.85,25.0,0.93,15.0,0.94,25.74,0.07,15.0,0.06,25.74,0.14,15.0,0.15,25.0,0.07,0.07,43.48172,1776208745000
1776208747.344,247.344,0.86,15.0,0.85,25.0,0.93,15.0,0.94,25.74,0.07,15.0,0.06,25.74,0.14,15.0,0.15,25.0,0.07,0.07,43.481733,1776208746000
1776208747.859,247.859,0.86,15.0,0.85,25.0,0.93,15.0,0.94,25.74,0.07,15.0,0.06,25.74,0.14,15.0,0.15,25.0,0.07,0.07,43.481248,1776208747000
1776208748.996,248.996,0.86,15.0,0.85,25.0,0.93,15.0,0.94,25.74,0.07,15.0,0.06,25.74,0.14,15.0,0.15,25.0,0.07,0.07,43.479589,1776208748000
1776208750.14,250.14,0.86,15.0,0.85,25.0,0.93,15.0,0.94,25.74,0.07,15.0,0.06,25.74,0.14,15.0,0.15,25.0,0.07,0.07,43.483678,1776208749000
1776208751.203,251.203,0.86,15.0,0.85,25.0,0.93,15.0,0.94,25.74,0.07,15.0,0.06,25.74,0.14,15.0,0.15,25.0,0.07,0.07,43.483192,1776208750000
1776208752.288,252.288,0.86,15.0,0.85,25.0,0.93,15.0,0.94,25.74,0.07,15.0,0.06,25.74,0.14,15.0,0.15,25.0,0.07,0.07,43.483192,1776208751000
1776208753.22,253.22,0.86,15.0,0.85,25.0,0.93,15.0,0.94,25.74,0.07,15.0,0.06,25.74,0.14,15.0,0.15,25.0,0.07,0.07,43.483085,1776208752000
1776208754.297,254.297,0.86,15.0,0.85,25.0,0.93,15.0,0.94,25.74,0.07,15.0,0.06,25.74,0.14,15.0,0.15,25.0,0.07,0.07,43.483006,1776208753000
1776208755.238,255.238,0.86,15.0,0.85,25.0,0.93,15.0,0.94,25.74,0.07,15.0,0.06,25.74,0.14,15.0,0.15,25.0,0.07,0.07,43.482973,1776208754000
1776208756.387,256.387,0.86,15.0,0.85,25.0,0.93,15.0,0.94,25.74,0.07,15.0,0.06,25.74,0.14,15.0,0.15,25.0,0.07,0.07,43.482942,1776208755000
1776208757.232,257.232,0.86,15.0,0.85,25.0,0.93,15.0,0.94,25.74,0.07,15.0,0.06,25.74,0.14,15.0,0.15,25.0,0.07,0.07,43.482942,1776208756000
1776208758.243,258.243,0.86,15.0,0.85,25.0,0.93,15.0,0.94,25.74,0.07,15.0,0.06,25.74,0.14,15.0,0.15,25.0,0.07,0.07,43.483153,1776208757000
1776208759.149,259.149,0.86,15.0,0.85,25.0,0.93,15.0,0.94,25.74,0.07,15.0,0.06,25.74,0.14,15.0,0.15,25.0,0.07,0.07,43.483204,1776208758000
1776208760.141,260.141,0.86,15.0,0.85,25.0,0.93,15.0,0.94,25.74,0.07,15.0,0.06,25.74,0.14,15.0,0.15,25.0,0.07,0.07,43.483296,1776208759000
1776208760.536,260.536,0.92,15.0,0.91,15.0,0.94,10.74,0.96,5.0,0.07,15.0,0.06,25.74,0.14,15.0,0.15,25.0,0.02,0.07,43.483296,1776208759000
1776208761.175,261.175,0.92,15.0,0.91,15.0,0.94,10.74,0.96,5.0,0.06,10.74,0.04,5.0,0.08,15.0,0.09,15.0,0.02,0.02,43.483306,1776208760000
1776208762.1,262.1,0.92,15.0,0.91,15.0,0.94,10.74,0.96,5.0,0.06,10.74,0.04,5.0,0.08,15.0,0.09,15.0,0.02,0.02,43.483306,1776208761000
1776208763.051,263.051,0.92,15.0,0.91,15.0,0.94,10.74,0.96,5.0,0.06,10.74,0.04,5.0,0.08,15.0,0.09,15.0,0.02,0.02,43.483305,1776208762000
1776208764.073,264.073,0.92,15.0,0.91,15.0,0.94,10.74,0.96,5.0,0.06,10.74,0.04,5.0,0.08,15.0,0.09,15.0,0.02,0.02,43.483307,1776208763000
1776208765.075,265.075,0.92,15.0,0.91,15.0,0.94,10.74,0.96,5.0,0.06,10.74,0.04,5.0,0.08,15.0,0.09,15.0,0.02,0.02,43.483306,1776208764000
1776208766.107,266.107,0.92,15.0,0.91,15.0,0.94,10.74,0.96,5.0,0.06,10.74,0.04,5.0,0.08,15.0,0.09,15.0,0.02,0.02,43.482381,1776208765000
1776208767.131,267.131,0.92,15.0,0.91,15.0,0.94,10.74,0.96,5.0,0.06,10.74,0.04,5.0,0.08,15.0,0.09,15.0,0.02,0.02,43.481529,1776208766000
1776208768.031,268.031,0.92,15.0,0.91,15.0,0.94,10.74,0.96,5.0,0.06,10.74,0.04,5.0,0.08,15.0,0.09,15.0,0.02,0.02,43.481582,1776208767000
1776208769.359,269.359,0.92,15.0,0.91,15.0,0.94,10.74,0.96,5.0,0.06,10.74,0.04,5.0,0.08,15.0,0.09,15.0,0.02,0.02,43.476015,1776208768000
1776208770.011,270.011,0.92,15.0,0.91,15.0,0.94,10.74,0.96,5.0,0.06,10.74,0.04,5.0,0.08,15.0,0.09,15.0,0.02,0.02,43.481164,1776208769000
1776208771.07,271.07,0.92,15.0,0.91,15.0,0.94,10.74,0.96,5.0,0.06,10.74,0.04,5.0,0.08,15.0,0.09,15.0,0.02,0.02,43.481164,1776208770000
1776208772.254,272.254,0.92,15.0,0.91,15.0,0.94,10.74,0.96,5.0,0.06,10.74,0.04,5.0,0.08,15.0,0.09,15.0,0.02,0.02,43.481176,1776208771000
1776208773.505,273.505,0.92,15.0,0.91,15.0,0.94,10.74,0.96,5.0,0.06,10.74,0.04,5.0,0.08,15.0,0.09,15.0,0.02,0.02,43.481176,1776208772000
1776208773.986,273.986,0.92,15.0,0.91,15.0,0.94,10.74,0.96,5.0,0.06,10.74,0.04,5.0,0.08,15.0,0.09,15.0,0.02,0.02,43.481116,1776208773000
1776208774.931,274.931,0.92,15.0,0.91,15.0,0.94,10.74,0.96,5.0,0.06,10.74,0.04,5.0,0.08,15.0,0.09,15.0,0.02,0.02,43.481026,1776208774000
1776208775.896,275.896,0.92,15.0,0.91,15.0,0.94,10.74,0.96,5.0,0.06,10.74,0.04,5.0,0.08,15.0,0.09,15.0,0.02,0.02,43.48101,1776208775000
1776208776.613,276.613,0.89,7.9,0.86,10.0,0.98,10.0,0.99,330.0,0.06,10.74,0.04,5.0,0.08,15.0,0.09,15.0,0.09,0.02,43.48101,1776208775000
1776208776.882,276.882,0.89,7.9,0.86,10.0,0.98,10.0,0.99,330.0,0.02,10.0,0.01,330.0,0.11,7.9,0.14,10.0,0.09,0.09,43.480996,1776208776000
1776208777.864,277.864,0.89,7.9,0.86,10.0,0.98,10.0,0.99,330.0,0.02,10.0,0.01,330.0,0.11,7.9,0.14,10.0,0.09,0.09,43.481692,1776208777000
1776208779.019,279.019,0.89,7.9,0.86,10.0,0.98,10.0,0.99,330.0,0.02,10.0,0.01,330.0,0.11,7.9,0.14,10.0,0.09,0.09,43.481188,1776208778000
1776208780.7,280.7,0.89,7.9,0.86,10.0,0.98,10.0,0.99,330.0,0.02,10.0,0.01,330.0,0.11,7.9,0.14,10.0,0.09,0.09,43.481239,1776208779000
1776208781.35,281.35,0.89,7.9,0.86,10.0,0.98,10.0,0.99,330.0,0.02,10.0,0.01,330.0,0.11,7.9,0.14,10.0,0.09,0.09,43.4812,1776208780000
1776208782.289,282.289,0.89,7.9,0.86,10.0,0.98,10.0,0.99,330.0,0.02,10.0,0.01,330.0,0.11,7.9,0.14,10.0,0.09,0.09,43.481245,1776208781000
1776208782.948,282.948,0.89,7.9,0.86,10.0,0.98,10.0,0.99,330.0,0.02,10.0,0.01,330.0,0.11,7.9,0.14,10.0,0.09,0.09,43.481241,1776208782000
1776208784.083,284.083,0.89,7.9,0.86,10.0,0.98,10.0,0.99,330.0,0.02,10.0,0.01,330.0,0.11,7.9,0.14,10.0,0.09,0.09,43.481241,1776208783000
1776208785.139,285.139,0.89,7.9,0.86,10.0,0.98,10.0,0.99,330.0,0.02,10.0,0.01,330.0,0.11,7.9,0.14,10.0,0.09,0.09,43.481227,1776208784000
1776208786.216,286.216,0.89,7.9,0.86,10.0,0.98,10.0,0.99,330.0,0.02,10.0,0.01,330.0,0.11,7.9,0.14,10.0,0.09,0.09,43.481207,1776208785000
1776208787.283,287.283,0.89,7.9,0.86,10.0,0.98,10.0,0.99,330.0,0.02,10.0,0.01,330.0,0.11,7.9,0.14,10.0,0.09,0.09,43.481205,1776208786000
1776208788.421,288.421,0.89,7.9,0.86,10.0,0.98,10.0,0.99,330.0,0.02,10.0,0.01,330.0,0.11,7.9,0.14,10.0,0.09,0.09,43.48078,1776208787000
1776208789.114,289.114,0.7,10.0,0.56,5.0,0.98,10.0,0.99,230.0,0.02,10.0,0.01,230.0,0.3,10.0,0.44,5.0,0.28,0.28,43.480785,1776208788000
1776208789.958,289.958,0.3,93.91,0.04,5.0,0.99,205.0,,,0.01,205.0,,,0.23,10.0,0.44,5.0,0.69,0.22,43.480785,1776208788000
1776208791.191,291.191,0.3,93.91,0.04,5.0,0.99,205.0,,,0.01,205.0,,,0.7,93.91,0.96,5.0,0.69,0.69,43.474032,1776208790000
1776208792.486,292.486,0.3,93.91,0.04,5.0,0.99,205.0,,,0.01,205.0,,,0.7,93.91,0.96,5.0,0.69,0.69,43.469241,1776208791000
1776208793.016,293.016,0.3,93.91,0.04,5.0,0.99,205.0,,,0.01,205.0,,,0.7,93.91,0.96,5.0,0.69,0.69,43.468852,1776208792000
1776208794.722,294.722,0.3,93.91,0.04,5.0,0.99,205.0,,,0.01,205.0,,,0.7,93.91,0.96,5.0,0.69,0.69,43.467294,1776208793000
1776208795.441,295.441,0.86,10.0,0.15,100.0,0.99,284.79,,,0.01,205.0,,,0.7,93.91,0.96,5.0,0.13,0.69,43.467294,1776208793000
1776208795.673,295.673,0.86,10.0,0.15,100.0,0.99,284.79,,,0.01,284.79,,,0.14,10.0,0.85,100.0,0.13,0.13,43.467294,1776208794000
1776208795.893,295.893,0.87,10.0,0.15,100.0,0.99,264.58,,,0.01,284.79,,,0.14,10.0,0.85,100.0,0.12,0.13,43.467294,1776208794000
1776208796.346,296.346,0.87,10.0,0.15,100.0,0.99,264.58,,,0.01,264.58,,,0.13,10.0,0.85,100.0,0.12,0.12,43.469748,1776208795000
1776208797.073,297.073,0.88,10.0,0.04,5.0,0.99,163.47,,,0.01,163.47,,,0.12,10.0,0.96,5.0,0.11,0.11,43.469752,1776208796000
1776208797.401,297.401,0.89,10.0,0.04,5.0,0.94,3.83,0.99,163.47,0.06,5.0,0.01,163.47,0.11,10.0,0.96,5.0,0.05,0.05,43.469752,1776208796000
1776208797.734,297.734,0.89,10.0,0.04,5.0,0.99,112.3,,,0.01,133.3,,,0.11,10.0,0.96,5.0,0.1,0.1,43.469752,1776208796000
1776208797.953,297.953,0.89,10.0,0.11,11.0,0.99,102.3,,,0.01,112.3,,,0.11,10.0,0.96,5.0,0.1,0.1,43.469752,1776208796000
1776208798.428,298.428,0.9,10.0,0.12,68.55,0.99,96.19,,,0.01,97.3,,,0.11,10.0,0.89,11.0,0.09,0.1,43.469752,1776208796000
1776208798.638,298.638,0.9,10.0,0.12,68.55,0.99,43.27,,,0.01,69.73,,,0.1,10.0,0.88,68.55,0.09,0.09,43.469749,1776208797000
1776208799.178,299.178,0.99,9.65,0.9,10.0,,,,,,,,,0.01,9.65,0.1,10.0,,,43.469751,1776208798000
1776208800.41,300.41,0.99,9.65,0.9,10.0,,,,,,,,,0.01,9.65,0.1,10.0,,,43.469748,1776208799000
1776208801.02,301.02,0.99,9.65,0.9,10.0,,,,,,,,,0.01,9.65,0.1,10.0,,,43.469749,1776208800000
1776208802.384,302.384,0.99,9.65,0.9,10.0,,,,,,,,,0.01,9.65,0.1,10.0,,,43.469746,1776208801000

# RESULT,winner=Up,slug=hype-updown-5m-1776208500,ticks=324
