timestamp,elapsed_sec,up_bid_p1,up_bid_s1,up_bid_p2,up_bid_s2,up_ask_p1,up_ask_s1,up_ask_p2,up_ask_s2,down_bid_p1,down_bid_s1,down_bid_p2,down_bid_s2,down_ask_p1,down_ask_s1,down_ask_p2,down_ask_s2,up_spread,down_spread,hype_price,hype_oracle_ts
1776190811.153,11.153,,,,,,,,,,,,,,,,,,,43.441108,1776190810000
1776190811.687,11.687,0.55,10.0,0.51,24.0,0.71,17.0,0.72,15.0,0.29,17.0,0.28,15.0,0.45,10.0,0.49,24.0,0.16,0.16,43.441108,1776190810000
1776190812.167,12.167,0.55,10.0,0.51,24.0,0.71,17.0,0.72,15.0,0.29,17.0,0.28,15.0,0.45,10.0,0.49,24.0,0.16,0.16,43.441108,1776190810000
1776190813.416,13.416,0.55,10.0,0.51,24.0,0.71,17.0,0.72,15.0,0.29,17.0,0.28,15.0,0.45,10.0,0.49,24.0,0.16,0.16,43.443226,1776190812000
1776190813.919,13.919,0.55,10.0,0.51,24.0,0.71,17.0,0.72,15.0,0.29,17.0,0.28,15.0,0.45,10.0,0.49,24.0,0.16,0.16,43.443226,1776190813000
1776190815.753,15.753,0.55,10.0,0.51,24.0,0.71,17.0,0.72,15.0,0.29,17.0,0.28,15.0,0.45,10.0,0.49,24.0,0.16,0.16,43.443526,1776190814000
1776190816.233,16.233,0.55,10.0,0.51,24.0,0.71,17.0,0.72,15.0,0.29,17.0,0.28,15.0,0.45,10.0,0.49,24.0,0.16,0.16,43.443045,1776190815000
1776190817.309,17.309,0.55,10.0,0.51,24.0,0.71,17.0,0.72,15.0,0.29,17.0,0.28,15.0,0.45,10.0,0.49,24.0,0.16,0.16,43.442921,1776190816000
1776190818.4,18.4,0.55,10.0,0.51,24.0,0.71,17.0,0.72,15.0,0.29,17.0,0.28,15.0,0.45,10.0,0.49,24.0,0.16,0.16,43.44281,1776190817000
1776190819.013,19.013,0.55,10.0,0.51,24.0,0.71,17.0,0.72,15.0,0.29,17.0,0.28,15.0,0.45,10.0,0.49,24.0,0.16,0.16,43.439419,1776190818000
1776190820.057,20.057,0.55,10.0,0.51,24.0,0.71,17.0,0.72,15.0,0.29,17.0,0.28,15.0,0.45,10.0,0.49,24.0,0.16,0.16,43.439797,1776190819000
1776190821.199,21.199,0.55,10.0,0.51,24.0,0.71,17.0,0.72,15.0,0.29,17.0,0.28,15.0,0.45,10.0,0.49,24.0,0.16,0.16,43.438819,1776190820000
1776190822.255,22.255,0.55,10.0,0.51,24.0,0.71,17.0,0.72,15.0,0.29,17.0,0.28,15.0,0.45,10.0,0.49,24.0,0.16,0.16,43.437955,1776190821000
1776190823.355,23.355,0.55,10.0,0.51,24.0,0.71,17.0,0.72,15.0,0.29,17.0,0.28,15.0,0.45,10.0,0.49,24.0,0.16,0.16,43.437951,1776190822000
1776190824.619,24.619,0.55,10.0,0.51,24.0,0.71,17.0,0.72,15.0,0.29,17.0,0.28,15.0,0.45,10.0,0.49,24.0,0.16,0.16,43.437933,1776190823000
1776190825.128,25.128,0.55,10.0,0.51,24.0,0.71,17.0,0.72,15.0,0.29,17.0,0.28,15.0,0.45,10.0,0.49,24.0,0.16,0.16,43.43729,1776190824000
1776190826.252,26.252,0.55,10.0,0.51,24.0,0.71,17.0,0.72,15.0,0.29,17.0,0.28,15.0,0.45,10.0,0.49,24.0,0.16,0.16,43.437173,1776190825000
1776190827.4,27.4,0.55,10.0,0.51,24.0,0.71,17.0,0.72,15.0,0.29,17.0,0.28,15.0,0.45,10.0,0.49,24.0,0.16,0.16,43.436551,1776190826000
1776190828.392,28.392,0.55,10.0,0.51,24.0,0.71,17.0,0.72,15.0,0.29,17.0,0.28,15.0,0.45,10.0,0.49,24.0,0.16,0.16,43.436293,1776190827000
1776190828.989,28.989,0.55,10.0,0.51,24.0,0.71,17.0,0.72,15.0,0.29,17.0,0.28,15.0,0.45,10.0,0.49,24.0,0.16,0.16,43.435815,1776190828000
1776190829.544,29.544,0.41,12.0,0.37,10.0,0.53,5.0,0.54,15.0,0.29,17.0,0.28,15.0,0.45,10.0,0.49,24.0,0.12,0.16,43.435815,1776190828000
1776190830.121,30.121,0.41,12.0,0.37,10.0,0.53,5.0,0.54,15.0,0.47,5.0,0.46,15.0,0.59,12.0,0.63,10.0,0.12,0.12,43.429138,1776190829000
1776190831.075,31.075,0.41,12.0,0.37,10.0,0.53,5.0,0.54,15.0,0.47,5.0,0.46,15.0,0.59,12.0,0.63,10.0,0.12,0.12,43.424432,1776190830000
1776190832.097,32.097,0.41,12.0,0.37,10.0,0.53,5.0,0.54,15.0,0.47,5.0,0.46,15.0,0.59,12.0,0.63,10.0,0.12,0.12,43.424254,1776190831000
1776190832.919,32.919,0.41,5.0,0.36,10.0,0.51,5.0,0.52,5.0,0.47,5.0,0.46,15.0,0.59,12.0,0.63,10.0,0.1,0.12,43.424254,1776190831000
1776190834.135,34.135,0.41,5.0,0.36,10.0,0.51,5.0,0.52,5.0,0.49,5.0,0.48,5.0,0.59,5.0,0.64,10.0,0.1,0.1,43.418915,1776190833000
1776190835.049,35.049,0.41,5.0,0.36,10.0,0.51,5.0,0.52,5.0,0.49,5.0,0.48,5.0,0.59,5.0,0.64,10.0,0.1,0.1,43.415806,1776190834000
1776190835.523,35.523,0.41,5.0,0.29,10.0,0.45,3.0,0.46,15.0,0.49,5.0,0.48,5.0,0.59,5.0,0.64,10.0,0.04,0.1,43.415806,1776190834000
1776190836.076,36.076,0.41,5.0,0.29,10.0,0.45,3.0,0.46,15.0,0.55,3.0,0.54,15.0,0.59,5.0,0.71,10.0,0.04,0.04,43.418288,1776190835000
1776190837.136,37.136,0.41,5.0,0.29,10.0,0.45,3.0,0.46,15.0,0.55,3.0,0.54,15.0,0.59,5.0,0.71,10.0,0.04,0.04,43.415806,1776190836000
1776190838.195,38.195,0.41,5.0,0.29,10.0,0.45,3.0,0.46,15.0,0.55,3.0,0.54,15.0,0.59,5.0,0.71,10.0,0.04,0.04,43.408803,1776190837000
1776190838.661,38.661,0.33,15.0,0.24,10.0,0.45,3.0,0.46,5.0,0.55,3.0,0.54,15.0,0.59,5.0,0.71,10.0,0.12,0.04,43.408803,1776190837000
1776190839.138,39.138,0.33,15.0,0.24,10.0,0.45,3.0,0.46,5.0,0.55,3.0,0.54,5.0,0.67,15.0,0.76,10.0,0.12,0.12,43.408118,1776190838000
1776190840.201,40.201,0.33,15.0,0.24,10.0,0.45,3.0,0.46,5.0,0.55,3.0,0.54,5.0,0.67,15.0,0.76,10.0,0.12,0.12,43.40929,1776190839000
1776190841.188,41.188,0.33,15.0,0.24,10.0,0.45,3.0,0.46,5.0,0.55,3.0,0.54,5.0,0.67,15.0,0.76,10.0,0.12,0.12,43.400093,1776190840000
1776190842.269,42.269,0.33,15.0,0.24,10.0,0.45,3.0,0.46,5.0,0.55,3.0,0.54,5.0,0.67,15.0,0.76,10.0,0.12,0.12,43.399822,1776190841000
1776190843.767,43.767,0.33,15.0,0.24,10.0,0.45,3.0,0.46,5.0,0.55,3.0,0.54,5.0,0.67,15.0,0.76,10.0,0.12,0.12,43.399006,1776190842000
1776190844.307,44.307,0.33,15.0,0.24,10.0,0.45,3.0,0.46,5.0,0.55,3.0,0.54,5.0,0.67,15.0,0.76,10.0,0.12,0.12,43.39969,1776190843000
1776190845.55,45.55,0.33,15.0,0.24,10.0,0.45,3.0,0.46,5.0,0.55,3.0,0.54,5.0,0.67,15.0,0.76,10.0,0.12,0.12,43.395024,1776190844000
1776190846.288,46.288,0.33,15.0,0.24,10.0,0.45,3.0,0.46,5.0,0.55,3.0,0.54,5.0,0.67,15.0,0.76,10.0,0.12,0.12,43.391774,1776190845000
1776190847.622,47.622,0.33,15.0,0.24,10.0,0.45,3.0,0.46,5.0,0.55,3.0,0.54,5.0,0.67,15.0,0.76,10.0,0.12,0.12,43.391287,1776190846000
1776190848.174,48.174,0.33,15.0,0.24,10.0,0.45,3.0,0.46,5.0,0.55,3.0,0.54,5.0,0.67,15.0,0.76,10.0,0.12,0.12,43.389013,1776190847000
1776190849.602,49.602,0.33,15.0,0.24,10.0,0.45,3.0,0.46,5.0,0.55,3.0,0.54,5.0,0.67,15.0,0.76,10.0,0.12,0.12,43.387671,1776190848000
1776190849.998,49.998,0.33,15.0,0.24,10.0,0.45,3.0,0.46,5.0,0.55,3.0,0.54,5.0,0.67,15.0,0.76,10.0,0.12,0.12,43.380408,1776190849000
1776190851.405,51.405,0.33,15.0,0.24,10.0,0.45,3.0,0.46,5.0,0.55,3.0,0.54,5.0,0.67,15.0,0.76,10.0,0.12,0.12,43.37659,1776190850000
1776190852.623,52.623,0.33,15.0,0.24,10.0,0.45,3.0,0.46,5.0,0.55,3.0,0.54,5.0,0.67,15.0,0.76,10.0,0.12,0.12,43.380543,1776190851000
1776190853.281,53.281,0.33,15.0,0.24,10.0,0.45,3.0,0.46,5.0,0.55,3.0,0.54,5.0,0.67,15.0,0.76,10.0,0.12,0.12,43.393098,1776190852000
1776190854.524,54.524,0.33,15.0,0.24,10.0,0.45,3.0,0.46,5.0,0.55,3.0,0.54,5.0,0.67,15.0,0.76,10.0,0.12,0.12,43.398824,1776190853000
1776190855.444,55.444,0.33,15.0,0.24,10.0,0.45,3.0,0.46,5.0,0.55,3.0,0.54,5.0,0.67,15.0,0.76,10.0,0.12,0.12,43.399636,1776190854000
1776190856.233,56.233,0.33,15.0,0.24,10.0,0.45,3.0,0.46,5.0,0.55,3.0,0.54,5.0,0.67,15.0,0.76,10.0,0.12,0.12,43.401998,1776190855000
1776190858.154,58.154,0.33,15.0,0.24,10.0,0.45,3.0,0.46,5.0,0.55,3.0,0.54,5.0,0.67,15.0,0.76,10.0,0.12,0.12,43.401638,1776190856000
1776190858.863,58.863,0.33,15.0,0.24,10.0,0.45,3.0,0.46,5.0,0.55,3.0,0.54,5.0,0.67,15.0,0.76,10.0,0.12,0.12,43.401415,1776190857000
1776190859.571,59.571,0.33,15.0,0.24,10.0,0.45,3.0,0.46,5.0,0.55,3.0,0.54,5.0,0.67,15.0,0.76,10.0,0.12,0.12,43.401327,1776190858000
1776190860.308,60.308,0.33,15.0,0.24,10.0,0.45,3.0,0.46,5.0,0.55,3.0,0.54,5.0,0.67,15.0,0.76,10.0,0.12,0.12,43.401297,1776190859000
1776190861.564,61.564,0.33,15.0,0.24,10.0,0.45,3.0,0.46,5.0,0.55,3.0,0.54,5.0,0.67,15.0,0.76,10.0,0.12,0.12,43.400467,1776190860000
1776190862.326,62.326,0.33,15.0,0.24,10.0,0.45,3.0,0.46,5.0,0.55,3.0,0.54,5.0,0.67,15.0,0.76,10.0,0.12,0.12,43.400303,1776190861000
1776190864.186,64.186,0.33,15.0,0.24,10.0,0.45,3.0,0.46,5.0,0.55,3.0,0.54,5.0,0.67,15.0,0.76,10.0,0.12,0.12,43.394846,1776190862000
1776190865.201,65.201,0.33,15.0,0.24,10.0,0.45,3.0,0.46,5.0,0.55,3.0,0.54,5.0,0.67,15.0,0.76,10.0,0.12,0.12,43.394846,1776190863000
1776190865.939,65.939,0.33,15.0,0.24,10.0,0.45,3.0,0.46,5.0,0.55,3.0,0.54,5.0,0.67,15.0,0.76,10.0,0.12,0.12,43.394486,1776190864000
1776190866.659,66.659,0.33,15.0,0.24,10.0,0.45,3.0,0.46,5.0,0.55,3.0,0.54,5.0,0.67,15.0,0.76,10.0,0.12,0.12,43.394759,1776190865000
1776190867.458,67.458,0.33,15.0,0.24,10.0,0.45,3.0,0.46,5.0,0.55,3.0,0.54,5.0,0.67,15.0,0.76,10.0,0.12,0.12,43.394755,1776190866000
1776190868.109,68.109,0.33,15.0,0.24,10.0,0.45,3.0,0.46,5.0,0.55,3.0,0.54,5.0,0.67,15.0,0.76,10.0,0.12,0.12,43.392569,1776190867000
1776190869.738,69.738,0.33,15.0,0.24,10.0,0.45,3.0,0.46,5.0,0.55,3.0,0.54,5.0,0.67,15.0,0.76,10.0,0.12,0.12,43.392558,1776190868000
1776190870.438,70.438,0.33,15.0,0.24,10.0,0.45,3.0,0.46,5.0,0.55,3.0,0.54,5.0,0.67,15.0,0.76,10.0,0.12,0.12,43.392558,1776190869000
1776190871.206,71.206,0.33,15.0,0.24,10.0,0.45,3.0,0.46,5.0,0.55,3.0,0.54,5.0,0.67,15.0,0.76,10.0,0.12,0.12,43.389726,1776190870000
1776190872.617,72.617,0.33,15.0,0.24,10.0,0.45,3.0,0.46,5.0,0.55,3.0,0.54,5.0,0.67,15.0,0.76,10.0,0.12,0.12,43.379541,1776190871000
1776190873.335,73.335,0.33,15.0,0.24,10.0,0.45,3.0,0.46,5.0,0.55,3.0,0.54,5.0,0.67,15.0,0.76,10.0,0.12,0.12,43.377058,1776190872000
1776190874.923,74.923,0.33,15.0,0.24,10.0,0.45,3.0,0.46,5.0,0.55,3.0,0.54,5.0,0.67,15.0,0.76,10.0,0.12,0.12,43.375337,1776190873000
1776190875.556,75.556,0.33,15.0,0.24,10.0,0.45,3.0,0.46,5.0,0.55,3.0,0.54,5.0,0.67,15.0,0.76,10.0,0.12,0.12,43.368951,1776190874000
1776190876.294,76.294,0.33,15.0,0.24,10.0,0.45,3.0,0.46,5.0,0.55,3.0,0.54,5.0,0.67,15.0,0.76,10.0,0.12,0.12,43.369324,1776190875000
1776190877.869,77.869,0.33,15.0,0.24,10.0,0.45,3.0,0.46,5.0,0.55,3.0,0.54,5.0,0.67,15.0,0.76,10.0,0.12,0.12,43.360487,1776190876000
1776190878.512,78.512,0.33,15.0,0.24,10.0,0.45,3.0,0.46,5.0,0.55,3.0,0.54,5.0,0.67,15.0,0.76,10.0,0.12,0.12,43.358625,1776190877000
1776190879.247,79.247,0.33,15.0,0.24,10.0,0.45,3.0,0.46,5.0,0.55,3.0,0.54,5.0,0.67,15.0,0.76,10.0,0.12,0.12,43.358625,1776190878000
1776190881.148,81.148,0.33,15.0,0.24,10.0,0.45,3.0,0.46,5.0,0.55,3.0,0.54,5.0,0.67,15.0,0.76,10.0,0.12,0.12,43.359446,1776190880000
1776190882.262,82.262,0.33,15.0,0.24,10.0,0.45,3.0,0.46,5.0,0.55,3.0,0.54,5.0,0.67,15.0,0.76,10.0,0.12,0.12,43.359398,1776190881000
1776190883.302,83.302,0.33,15.0,0.24,10.0,0.45,3.0,0.46,5.0,0.55,3.0,0.54,5.0,0.67,15.0,0.76,10.0,0.12,0.12,43.359505,1776190882000
1776190884.434,84.434,0.33,15.0,0.24,10.0,0.45,3.0,0.46,5.0,0.55,3.0,0.54,5.0,0.67,15.0,0.76,10.0,0.12,0.12,43.359072,1776190883000
1776190885.057,85.057,0.33,15.0,0.24,10.0,0.45,3.0,0.46,5.0,0.55,3.0,0.54,5.0,0.67,15.0,0.76,10.0,0.12,0.12,43.358798,1776190884000
1776190885.901,85.901,0.12,31.0,0.11,15.0,0.26,15.0,0.27,53.0,0.55,3.0,0.54,5.0,0.67,15.0,0.76,10.0,0.14,0.12,43.358798,1776190884000
1776190887.896,87.896,0.12,31.0,0.11,15.0,0.26,15.0,0.27,53.0,0.74,15.0,0.73,53.0,0.88,31.0,0.89,15.0,0.14,0.14,43.353082,1776190886000
1776190888.353,88.353,0.12,31.0,0.11,15.0,0.26,15.0,0.27,53.0,0.74,15.0,0.73,53.0,0.88,31.0,0.89,15.0,0.14,0.14,43.338346,1776190887000
1776190889.036,89.036,0.12,31.0,0.11,15.0,0.26,15.0,0.27,53.0,0.74,15.0,0.73,53.0,0.88,31.0,0.89,15.0,0.14,0.14,43.337999,1776190888000
1776190890.156,90.156,0.12,31.0,0.11,15.0,0.26,15.0,0.27,53.0,0.74,15.0,0.73,53.0,0.88,31.0,0.89,15.0,0.14,0.14,43.336405,1776190889000
1776190891.14,91.14,0.12,31.0,0.11,15.0,0.26,15.0,0.27,53.0,0.74,15.0,0.73,53.0,0.88,31.0,0.89,15.0,0.14,0.14,43.333037,1776190890000
1776190892.358,92.358,0.12,31.0,0.11,15.0,0.26,15.0,0.27,53.0,0.74,15.0,0.73,53.0,0.88,31.0,0.89,15.0,0.14,0.14,43.333477,1776190891000
1776190893.067,93.067,0.12,31.0,0.11,15.0,0.26,15.0,0.27,53.0,0.74,15.0,0.73,53.0,0.88,31.0,0.89,15.0,0.14,0.14,43.332724,1776190892000
1776190894.078,94.078,0.12,31.0,0.11,15.0,0.26,15.0,0.27,53.0,0.74,15.0,0.73,53.0,0.88,31.0,0.89,15.0,0.14,0.14,43.329035,1776190893000
1776190894.667,94.667,0.09,13.9,0.08,15.0,0.13,30.0,0.15,15.0,0.74,15.0,0.73,53.0,0.88,31.0,0.89,15.0,0.04,0.14,43.329035,1776190893000
1776190895.306,95.306,0.09,13.9,0.08,15.0,0.13,30.0,0.15,15.0,0.87,30.0,0.85,15.0,0.91,13.9,0.92,15.0,0.04,0.04,43.32813,1776190894000
1776190896.253,96.253,0.09,13.9,0.08,15.0,0.13,30.0,0.15,15.0,0.87,30.0,0.85,15.0,0.91,13.9,0.92,15.0,0.04,0.04,43.329343,1776190895000
1776190897.434,97.434,0.09,13.9,0.08,15.0,0.13,30.0,0.15,15.0,0.87,30.0,0.85,15.0,0.91,13.9,0.92,15.0,0.04,0.04,43.328573,1776190896000
1776190897.972,97.972,0.09,13.9,0.08,15.0,0.13,30.0,0.15,15.0,0.87,30.0,0.85,15.0,0.91,13.9,0.92,15.0,0.04,0.04,43.328573,1776190897000
1776190898.954,98.954,0.09,13.9,0.08,15.0,0.13,30.0,0.15,15.0,0.87,30.0,0.85,15.0,0.91,13.9,0.92,15.0,0.04,0.04,43.327583,1776190898000
1776190900.134,100.134,0.09,13.9,0.08,15.0,0.13,30.0,0.15,15.0,0.87,30.0,0.85,15.0,0.91,13.9,0.92,15.0,0.04,0.04,43.320551,1776190899000
1776190901.111,101.111,0.09,13.9,0.08,15.0,0.13,30.0,0.15,15.0,0.87,30.0,0.85,15.0,0.91,13.9,0.92,15.0,0.04,0.04,43.303477,1776190900000
1776190902.145,102.145,0.09,13.9,0.08,15.0,0.13,30.0,0.15,15.0,0.87,30.0,0.85,15.0,0.91,13.9,0.92,15.0,0.04,0.04,43.292432,1776190901000
1776190902.831,102.831,0.03,10.0,0.02,20.0,0.07,38.0,0.08,15.0,0.87,30.0,0.85,15.0,0.91,13.9,0.92,15.0,0.04,0.04,43.292432,1776190901000
1776190903.228,103.228,0.03,10.0,0.02,20.0,0.07,38.0,0.08,15.0,0.93,38.0,0.92,15.0,0.97,10.0,0.98,20.0,0.04,0.04,43.286907,1776190902000
1776190904.374,104.374,0.03,10.0,0.02,20.0,0.07,38.0,0.08,15.0,0.93,38.0,0.92,15.0,0.97,10.0,0.98,20.0,0.04,0.04,43.28112,1776190903000
1776190905.228,105.228,0.03,10.0,0.02,20.0,0.07,38.0,0.08,15.0,0.93,38.0,0.92,15.0,0.97,10.0,0.98,20.0,0.04,0.04,43.282825,1776190904000
1776190906.281,106.281,0.03,10.0,0.02,20.0,0.07,38.0,0.08,15.0,0.93,38.0,0.92,15.0,0.97,10.0,0.98,20.0,0.04,0.04,43.2942,1776190905000
1776190907.307,107.307,0.03,10.0,0.02,20.0,0.07,38.0,0.08,15.0,0.93,38.0,0.92,15.0,0.97,10.0,0.98,20.0,0.04,0.04,43.307238,1776190906000
1776190908.456,108.456,0.03,10.0,0.02,20.0,0.07,38.0,0.08,15.0,0.93,38.0,0.92,15.0,0.97,10.0,0.98,20.0,0.04,0.04,43.307159,1776190907000
1776190908.859,108.859,0.03,10.0,0.02,20.0,0.07,38.0,0.08,15.0,0.93,38.0,0.92,15.0,0.97,10.0,0.98,20.0,0.04,0.04,43.307352,1776190908000
1776190910.466,110.466,0.03,10.0,0.02,20.0,0.07,38.0,0.08,15.0,0.93,38.0,0.92,15.0,0.97,10.0,0.98,20.0,0.04,0.04,43.309872,1776190909000
1776190910.97,110.97,0.03,10.0,0.02,20.0,0.07,38.0,0.08,15.0,0.93,38.0,0.92,15.0,0.97,10.0,0.98,20.0,0.04,0.04,43.30902,1776190910000
1776190912.009,112.009,0.03,10.0,0.02,20.0,0.07,38.0,0.08,15.0,0.93,38.0,0.92,15.0,0.97,10.0,0.98,20.0,0.04,0.04,43.310588,1776190911000
1776190913.081,113.081,0.03,10.0,0.02,20.0,0.07,38.0,0.08,15.0,0.93,38.0,0.92,15.0,0.97,10.0,0.98,20.0,0.04,0.04,43.313661,1776190912000
1776190914.113,114.113,0.03,10.0,0.02,20.0,0.07,38.0,0.08,15.0,0.93,38.0,0.92,15.0,0.97,10.0,0.98,20.0,0.04,0.04,43.313631,1776190913000
1776190915.104,115.104,0.03,10.0,0.02,20.0,0.07,38.0,0.08,15.0,0.93,38.0,0.92,15.0,0.97,10.0,0.98,20.0,0.04,0.04,43.317267,1776190914000
1776190916.175,116.175,0.03,10.0,0.02,20.0,0.07,38.0,0.08,15.0,0.93,38.0,0.92,15.0,0.97,10.0,0.98,20.0,0.04,0.04,43.323624,1776190915000
1776190917.175,117.175,0.03,10.0,0.02,20.0,0.07,38.0,0.08,15.0,0.93,38.0,0.92,15.0,0.97,10.0,0.98,20.0,0.04,0.04,43.33269,1776190916000
1776190918.214,118.214,0.03,10.0,0.02,20.0,0.07,38.0,0.08,15.0,0.93,38.0,0.92,15.0,0.97,10.0,0.98,20.0,0.04,0.04,43.335258,1776190917000
1776190919.286,119.286,0.03,10.0,0.02,20.0,0.07,38.0,0.08,15.0,0.93,38.0,0.92,15.0,0.97,10.0,0.98,20.0,0.04,0.04,43.336186,1776190918000
1776190919.889,119.889,0.03,10.0,0.02,20.0,0.07,38.0,0.08,15.0,0.93,38.0,0.92,15.0,0.97,10.0,0.98,20.0,0.04,0.04,43.33531,1776190919000
1776190920.692,120.692,0.12,15.0,0.11,15.0,0.13,9.14,0.2,10.0,0.93,38.0,0.92,15.0,0.97,10.0,0.98,20.0,0.01,0.04,43.33531,1776190919000
1776190921.274,121.274,0.12,15.0,0.11,15.0,0.13,9.14,0.2,10.0,0.87,9.14,0.8,10.0,0.88,15.0,0.89,15.0,0.01,0.01,43.332997,1776190920000
1776190922.369,122.369,0.12,15.0,0.11,15.0,0.13,9.14,0.2,10.0,0.87,9.14,0.8,10.0,0.88,15.0,0.89,15.0,0.01,0.01,43.334838,1776190921000
1776190923.338,123.338,0.12,15.0,0.11,15.0,0.13,9.14,0.2,10.0,0.87,9.14,0.8,10.0,0.88,15.0,0.89,15.0,0.01,0.01,43.340378,1776190922000
1776190923.628,123.628,0.12,15.0,0.11,15.0,0.13,0.64,0.15,10.0,0.87,9.14,0.8,10.0,0.88,15.0,0.89,15.0,0.01,0.01,43.340378,1776190922000
1776190924.533,124.533,0.12,15.0,0.11,15.0,0.13,0.64,0.15,10.0,0.87,0.64,0.85,10.0,0.88,15.0,0.89,15.0,0.01,0.01,43.340357,1776190923000
1776190925.11,125.11,0.12,15.0,0.11,15.0,0.13,0.64,0.15,10.0,0.87,0.64,0.85,10.0,0.88,15.0,0.89,15.0,0.01,0.01,43.34106,1776190924000
1776190926.291,126.291,0.12,15.0,0.11,15.0,0.13,0.64,0.15,10.0,0.87,0.64,0.85,10.0,0.88,15.0,0.89,15.0,0.01,0.01,43.345065,1776190925000
1776190927.141,127.141,0.13,9.36,0.11,60.0,0.3,10.0,0.36,7.0,0.87,0.64,0.85,10.0,0.88,15.0,0.89,15.0,0.17,0.01,43.345065,1776190925000
1776190927.415,127.415,0.13,9.36,0.11,60.0,0.3,10.0,0.36,7.0,0.7,10.0,0.64,7.0,0.87,9.36,0.89,60.0,0.17,0.17,43.343504,1776190926000
1776190927.974,127.974,0.13,9.36,0.11,60.0,0.3,10.0,0.36,7.0,0.7,10.0,0.64,7.0,0.87,9.36,0.89,60.0,0.17,0.17,43.343504,1776190927000
1776190929.131,129.131,0.13,9.36,0.11,60.0,0.3,10.0,0.36,7.0,0.7,10.0,0.64,7.0,0.87,9.36,0.89,60.0,0.17,0.17,43.355642,1776190928000
1776190930.208,130.208,0.13,9.36,0.11,60.0,0.3,10.0,0.36,7.0,0.7,10.0,0.64,7.0,0.87,9.36,0.89,60.0,0.17,0.17,43.387536,1776190929000
1776190931.392,131.392,0.13,9.36,0.11,60.0,0.3,10.0,0.36,7.0,0.7,10.0,0.64,7.0,0.87,9.36,0.89,60.0,0.17,0.17,43.387781,1776190930000
1776190932.409,132.409,0.13,9.36,0.11,60.0,0.3,10.0,0.36,7.0,0.7,10.0,0.64,7.0,0.87,9.36,0.89,60.0,0.17,0.17,43.3845,1776190931000
1776190932.916,132.916,0.13,9.36,0.11,60.0,0.3,10.0,0.36,7.0,0.7,10.0,0.64,7.0,0.87,9.36,0.89,60.0,0.17,0.17,43.3845,1776190932000
1776190934.094,134.094,0.13,9.36,0.11,60.0,0.3,10.0,0.36,7.0,0.7,10.0,0.64,7.0,0.87,9.36,0.89,60.0,0.17,0.17,43.386632,1776190933000
1776190935.23,135.23,0.13,9.36,0.11,60.0,0.3,10.0,0.36,7.0,0.7,10.0,0.64,7.0,0.87,9.36,0.89,60.0,0.17,0.17,43.386513,1776190934000
1776190936.424,136.424,0.13,9.36,0.11,60.0,0.3,10.0,0.36,7.0,0.7,10.0,0.64,7.0,0.87,9.36,0.89,60.0,0.17,0.17,43.385,1776190935000
1776190936.974,136.974,0.13,9.36,0.11,60.0,0.3,10.0,0.36,7.0,0.7,10.0,0.64,7.0,0.87,9.36,0.89,60.0,0.17,0.17,43.384563,1776190936000
1776190937.529,137.529,0.29,15.0,0.28,15.0,0.31,5.0,0.41,8.0,0.7,10.0,0.64,7.0,0.87,9.36,0.89,60.0,0.02,0.17,43.384563,1776190936000
1776190938.312,138.312,0.29,15.0,0.28,15.0,0.31,5.0,0.41,8.0,0.69,5.0,0.59,8.0,0.71,15.0,0.72,15.0,0.02,0.02,43.382269,1776190937000
1776190939.413,139.413,0.3,15.0,0.29,15.0,0.32,5.0,0.4,8.0,0.68,5.0,0.6,8.0,0.7,15.0,0.71,15.0,0.02,0.02,43.384128,1776190938000
1776190939.976,139.976,0.3,15.0,0.29,15.0,0.32,5.0,0.4,8.0,0.68,5.0,0.6,8.0,0.7,15.0,0.71,15.0,0.02,0.02,43.38403,1776190939000
1776190941.116,141.116,0.3,15.0,0.29,15.0,0.32,5.0,0.4,8.0,0.68,5.0,0.6,8.0,0.7,15.0,0.71,15.0,0.02,0.02,43.383689,1776190940000
1776190942.214,142.214,0.3,15.0,0.29,15.0,0.32,5.0,0.4,8.0,0.68,5.0,0.6,8.0,0.7,15.0,0.71,15.0,0.02,0.02,43.383867,1776190941000
1776190943.296,143.296,0.3,15.0,0.29,15.0,0.32,5.0,0.4,8.0,0.68,5.0,0.6,8.0,0.7,15.0,0.71,15.0,0.02,0.02,43.384208,1776190942000
1776190944.388,144.388,0.3,15.0,0.29,15.0,0.32,5.0,0.4,8.0,0.68,5.0,0.6,8.0,0.7,15.0,0.71,15.0,0.02,0.02,43.384346,1776190943000
1776190945.021,145.021,0.3,15.0,0.29,15.0,0.32,5.0,0.4,8.0,0.68,5.0,0.6,8.0,0.7,15.0,0.71,15.0,0.02,0.02,43.3829,1776190944000
1776190946.059,146.059,0.3,15.0,0.29,15.0,0.32,5.0,0.4,8.0,0.68,5.0,0.6,8.0,0.7,15.0,0.71,15.0,0.02,0.02,43.385717,1776190945000
1776190947.183,147.183,0.3,15.0,0.29,15.0,0.32,5.0,0.4,8.0,0.68,5.0,0.6,8.0,0.7,15.0,0.71,15.0,0.02,0.02,43.385796,1776190946000
1776190948.253,148.253,0.3,15.0,0.29,15.0,0.32,5.0,0.4,8.0,0.68,5.0,0.6,8.0,0.7,15.0,0.71,15.0,0.02,0.02,43.385888,1776190947000
1776190949.351,149.351,0.3,15.0,0.29,15.0,0.32,5.0,0.4,8.0,0.68,5.0,0.6,8.0,0.7,15.0,0.71,15.0,0.02,0.02,43.385943,1776190948000
1776190950.501,150.501,0.3,15.0,0.29,15.0,0.32,5.0,0.4,8.0,0.68,5.0,0.6,8.0,0.7,15.0,0.71,15.0,0.02,0.02,43.387,1776190949000
1776190951.165,151.165,0.3,15.0,0.29,15.0,0.32,5.0,0.4,8.0,0.68,5.0,0.6,8.0,0.7,15.0,0.71,15.0,0.02,0.02,43.387,1776190950000
1776190952.947,152.947,0.3,15.0,0.29,15.0,0.32,5.0,0.4,8.0,0.68,5.0,0.6,8.0,0.7,15.0,0.71,15.0,0.02,0.02,43.39045,1776190951000
1776190953.475,153.475,0.3,15.0,0.29,15.0,0.32,5.0,0.4,8.0,0.68,5.0,0.6,8.0,0.7,15.0,0.71,15.0,0.02,0.02,43.39045,1776190952000
1776190954.128,154.128,0.3,15.0,0.29,15.0,0.32,5.0,0.4,8.0,0.68,5.0,0.6,8.0,0.7,15.0,0.71,15.0,0.02,0.02,43.39045,1776190953000
1776190955.279,155.279,0.3,15.0,0.29,15.0,0.32,5.0,0.4,8.0,0.68,5.0,0.6,8.0,0.7,15.0,0.71,15.0,0.02,0.02,43.390407,1776190954000
1776190956.408,156.408,0.3,15.0,0.29,15.0,0.32,5.0,0.4,8.0,0.68,5.0,0.6,8.0,0.7,15.0,0.71,15.0,0.02,0.02,43.392804,1776190955000
1776190957.068,157.068,0.3,15.0,0.29,15.0,0.32,5.0,0.4,8.0,0.68,5.0,0.6,8.0,0.7,15.0,0.71,15.0,0.02,0.02,43.392771,1776190956000
1776190958.14,158.14,0.3,15.0,0.29,15.0,0.32,5.0,0.4,8.0,0.68,5.0,0.6,8.0,0.7,15.0,0.71,15.0,0.02,0.02,43.392097,1776190957000
1776190959.194,159.194,0.3,15.0,0.29,15.0,0.32,5.0,0.4,8.0,0.68,5.0,0.6,8.0,0.7,15.0,0.71,15.0,0.02,0.02,43.391,1776190958000
1776190960.407,160.407,0.3,15.0,0.29,15.0,0.32,5.0,0.4,8.0,0.68,5.0,0.6,8.0,0.7,15.0,0.71,15.0,0.02,0.02,43.390555,1776190959000
1776190960.985,160.985,0.3,15.0,0.29,15.0,0.32,5.0,0.4,8.0,0.68,5.0,0.6,8.0,0.7,15.0,0.71,15.0,0.02,0.02,43.390298,1776190960000
1776190962.113,162.113,0.3,15.0,0.29,15.0,0.32,5.0,0.4,8.0,0.68,5.0,0.6,8.0,0.7,15.0,0.71,15.0,0.02,0.02,43.390261,1776190961000
1776190963.243,163.243,0.3,15.0,0.29,15.0,0.32,5.0,0.4,8.0,0.68,5.0,0.6,8.0,0.7,15.0,0.71,15.0,0.02,0.02,43.3879,1776190962000
1776190964.38,164.38,0.3,15.0,0.29,15.0,0.32,5.0,0.4,8.0,0.68,5.0,0.6,8.0,0.7,15.0,0.71,15.0,0.02,0.02,43.3904,1776190963000
1776190964.948,164.948,0.3,15.0,0.29,15.0,0.32,5.0,0.4,8.0,0.68,5.0,0.6,8.0,0.7,15.0,0.71,15.0,0.02,0.02,43.3904,1776190964000
1776190966.226,166.226,0.3,15.0,0.29,15.0,0.32,5.0,0.4,8.0,0.68,5.0,0.6,8.0,0.7,15.0,0.71,15.0,0.02,0.02,43.3904,1776190965000
1776190967.868,167.868,0.3,15.0,0.29,15.0,0.32,5.0,0.4,8.0,0.68,5.0,0.6,8.0,0.7,15.0,0.71,15.0,0.02,0.02,43.3895,1776190966000
1776190968.483,168.483,0.3,15.0,0.29,15.0,0.32,5.0,0.4,8.0,0.68,5.0,0.6,8.0,0.7,15.0,0.71,15.0,0.02,0.02,43.392716,1776190967000
1776190969.386,169.386,0.3,15.0,0.29,15.0,0.32,5.0,0.4,8.0,0.68,5.0,0.6,8.0,0.7,15.0,0.71,15.0,0.02,0.02,43.3931,1776190968000
1776190969.993,169.993,0.3,15.0,0.29,15.0,0.32,5.0,0.4,8.0,0.68,5.0,0.6,8.0,0.7,15.0,0.71,15.0,0.02,0.02,43.3931,1776190969000
1776190971.168,171.168,0.3,15.0,0.29,15.0,0.32,5.0,0.4,8.0,0.68,5.0,0.6,8.0,0.7,15.0,0.71,15.0,0.02,0.02,43.3926,1776190970000
1776190972.148,172.148,0.3,15.0,0.29,15.0,0.32,5.0,0.4,8.0,0.68,5.0,0.6,8.0,0.7,15.0,0.71,15.0,0.02,0.02,43.3932,1776190971000
1776190973.224,173.224,0.3,15.0,0.29,15.0,0.32,5.0,0.4,8.0,0.68,5.0,0.6,8.0,0.7,15.0,0.71,15.0,0.02,0.02,43.393788,1776190972000
1776190974.255,174.255,0.3,15.0,0.29,15.0,0.32,5.0,0.4,8.0,0.68,5.0,0.6,8.0,0.7,15.0,0.71,15.0,0.02,0.02,43.386977,1776190973000
1776190975.403,175.403,0.3,15.0,0.29,15.0,0.32,5.0,0.4,8.0,0.68,5.0,0.6,8.0,0.7,15.0,0.71,15.0,0.02,0.02,43.3892,1776190974000
1776190975.934,175.934,0.3,15.0,0.29,15.0,0.32,5.0,0.4,8.0,0.68,5.0,0.6,8.0,0.7,15.0,0.71,15.0,0.02,0.02,43.3892,1776190975000
1776190976.992,176.992,0.3,15.0,0.29,15.0,0.32,5.0,0.4,8.0,0.68,5.0,0.6,8.0,0.7,15.0,0.71,15.0,0.02,0.02,43.3906,1776190976000
1776190978.021,178.021,0.3,15.0,0.29,15.0,0.32,5.0,0.4,8.0,0.68,5.0,0.6,8.0,0.7,15.0,0.71,15.0,0.02,0.02,43.3919,1776190977000
1776190979.124,179.124,0.3,15.0,0.29,15.0,0.32,5.0,0.4,8.0,0.68,5.0,0.6,8.0,0.7,15.0,0.71,15.0,0.02,0.02,43.38627,1776190978000
1776190980.131,180.131,0.3,15.0,0.29,15.0,0.32,5.0,0.4,8.0,0.68,5.0,0.6,8.0,0.7,15.0,0.71,15.0,0.02,0.02,43.383028,1776190979000
1776190981.39,181.39,0.4,8.0,0.33,15.0,0.55,1.0,0.68,15.0,0.68,5.0,0.6,8.0,0.7,15.0,0.71,15.0,0.15,0.02,43.383028,1776190979000
1776190981.949,181.949,0.4,8.0,0.33,15.0,0.55,1.0,0.68,15.0,0.45,1.0,0.32,15.0,0.6,8.0,0.67,15.0,0.15,0.15,43.397003,1776190980000
1776190982.393,182.393,0.4,8.0,0.33,15.0,0.55,1.0,0.68,15.0,0.45,1.0,0.32,15.0,0.6,8.0,0.67,15.0,0.15,0.15,43.406144,1776190981000
1776190983.428,183.428,0.4,8.0,0.33,15.0,0.55,1.0,0.68,15.0,0.45,1.0,0.32,15.0,0.6,8.0,0.67,15.0,0.15,0.15,43.414742,1776190982000
1776190984.448,184.448,0.4,8.0,0.33,15.0,0.55,1.0,0.68,15.0,0.45,1.0,0.32,15.0,0.6,8.0,0.67,15.0,0.15,0.15,43.4178,1776190983000
1776190985.026,185.026,0.4,8.0,0.33,15.0,0.55,1.0,0.68,15.0,0.45,1.0,0.32,15.0,0.6,8.0,0.67,15.0,0.15,0.15,43.417444,1776190984000
1776190986.106,186.106,0.4,8.0,0.33,15.0,0.55,1.0,0.68,15.0,0.45,1.0,0.32,15.0,0.6,8.0,0.67,15.0,0.15,0.15,43.417064,1776190985000
1776190987.206,187.206,0.4,8.0,0.33,15.0,0.55,1.0,0.68,15.0,0.45,1.0,0.32,15.0,0.6,8.0,0.67,15.0,0.15,0.15,43.4164,1776190986000
1776190988.168,188.168,0.4,8.0,0.33,15.0,0.55,1.0,0.68,15.0,0.45,1.0,0.32,15.0,0.6,8.0,0.67,15.0,0.15,0.15,43.415,1776190987000
1776190989.395,189.395,0.4,8.0,0.33,15.0,0.55,1.0,0.68,15.0,0.45,1.0,0.32,15.0,0.6,8.0,0.67,15.0,0.15,0.15,43.414738,1776190988000
1776190989.978,189.978,0.3,15.0,0.29,15.0,0.47,33.0,0.58,15.0,0.45,1.0,0.32,15.0,0.6,8.0,0.67,15.0,0.17,0.15,43.414738,1776190988000
1776190990.372,190.372,0.3,15.0,0.29,15.0,0.47,33.0,0.58,15.0,0.53,33.0,0.42,15.0,0.7,15.0,0.71,15.0,0.17,0.17,43.408939,1776190989000
1776190990.895,190.895,0.3,15.0,0.29,15.0,0.47,33.0,0.58,15.0,0.53,33.0,0.42,15.0,0.7,15.0,0.71,15.0,0.17,0.17,43.40882,1776190990000
1776190991.964,191.964,0.3,15.0,0.29,15.0,0.47,33.0,0.58,15.0,0.53,33.0,0.42,15.0,0.7,15.0,0.71,15.0,0.17,0.17,43.406415,1776190991000
1776190993.101,193.101,0.3,15.0,0.29,15.0,0.47,33.0,0.58,15.0,0.53,33.0,0.42,15.0,0.7,15.0,0.71,15.0,0.17,0.17,43.4066,1776190992000
1776190993.606,193.606,0.24,35.0,0.23,15.0,0.46,9.0,0.47,24.0,0.53,33.0,0.42,15.0,0.7,15.0,0.71,15.0,0.22,0.17,43.4066,1776190992000
1776190994.255,194.255,0.24,35.0,0.23,15.0,0.46,9.0,0.47,24.0,0.54,9.0,0.53,24.0,0.76,35.0,0.77,15.0,0.22,0.22,43.40082,1776190993000
1776190995.821,195.821,0.24,35.0,0.23,15.0,0.46,9.0,0.47,24.0,0.54,9.0,0.53,24.0,0.76,35.0,0.77,15.0,0.22,0.22,43.3998,1776190994000
1776190996.436,196.436,0.24,35.0,0.23,15.0,0.46,9.0,0.47,24.0,0.54,9.0,0.53,24.0,0.76,35.0,0.77,15.0,0.22,0.22,43.398948,1776190995000
1776190997.109,197.109,0.24,35.0,0.23,15.0,0.46,9.0,0.47,24.0,0.54,9.0,0.53,24.0,0.76,35.0,0.77,15.0,0.22,0.22,43.394677,1776190996000
1776190998.17,198.17,0.24,35.0,0.23,15.0,0.46,9.0,0.47,24.0,0.54,9.0,0.53,24.0,0.76,35.0,0.77,15.0,0.22,0.22,43.3945,1776190997000
1776190999.306,199.306,0.24,35.0,0.23,15.0,0.46,9.0,0.47,24.0,0.54,9.0,0.53,24.0,0.76,35.0,0.77,15.0,0.22,0.22,43.3924,1776190998000
1776191000.444,200.444,0.24,35.0,0.23,15.0,0.46,9.0,0.47,24.0,0.54,9.0,0.53,24.0,0.76,35.0,0.77,15.0,0.22,0.22,43.389,1776190999000
1776191001.136,201.136,0.24,35.0,0.23,15.0,0.46,9.0,0.47,24.0,0.54,9.0,0.53,24.0,0.76,35.0,0.77,15.0,0.22,0.22,43.391692,1776191000000
1776191002.126,202.126,0.23,13.7,0.22,15.0,0.31,26.62,0.34,7.0,0.54,9.0,0.53,24.0,0.76,35.0,0.77,15.0,0.08,0.22,43.391692,1776191000000
1776191002.431,202.431,0.23,13.7,0.22,15.0,0.31,26.62,0.34,7.0,0.69,26.62,0.66,7.0,0.77,13.7,0.78,15.0,0.08,0.08,43.389974,1776191001000
1776191003.057,203.057,0.23,13.7,0.22,15.0,0.31,26.62,0.34,7.0,0.69,26.62,0.66,7.0,0.77,13.7,0.78,15.0,0.08,0.08,43.3901,1776191002000
1776191004.093,204.093,0.23,13.7,0.22,15.0,0.31,26.62,0.34,7.0,0.69,26.62,0.66,7.0,0.77,13.7,0.78,15.0,0.08,0.08,43.3901,1776191003000
1776191005.187,205.187,0.23,13.7,0.22,15.0,0.31,26.62,0.34,7.0,0.69,26.62,0.66,7.0,0.77,13.7,0.78,15.0,0.08,0.08,43.391,1776191004000
1776191006.273,206.273,0.23,13.7,0.22,15.0,0.31,26.62,0.34,7.0,0.69,26.62,0.66,7.0,0.77,13.7,0.78,15.0,0.08,0.08,43.385434,1776191005000
1776191007.326,207.326,0.2,25.0,0.14,15.0,0.45,8.2,0.46,15.0,0.55,8.2,0.54,15.0,0.8,25.0,0.86,15.0,0.25,0.25,43.383593,1776191006000
1776191008.2,208.2,0.18,12.56,0.17,15.0,0.32,7.62,0.36,7.0,0.55,8.2,0.54,15.0,0.8,25.0,0.86,15.0,0.14,0.25,43.383593,1776191006000
1776191008.467,208.467,0.18,12.56,0.17,15.0,0.32,7.62,0.36,7.0,0.68,7.62,0.64,7.0,0.82,12.56,0.83,15.0,0.14,0.14,43.384845,1776191007000
1776191008.982,208.982,0.18,12.56,0.17,15.0,0.32,7.62,0.36,7.0,0.68,7.62,0.64,7.0,0.82,12.56,0.83,15.0,0.14,0.14,43.390735,1776191008000
1776191010.36,210.36,0.18,12.56,0.17,15.0,0.32,7.62,0.36,7.0,0.68,7.62,0.64,7.0,0.82,12.56,0.83,15.0,0.14,0.14,43.3909,1776191009000
1776191010.818,210.818,0.22,4.95,0.21,15.0,0.36,7.0,0.39,7.62,0.68,7.62,0.64,7.0,0.82,12.56,0.83,15.0,0.14,0.14,43.3909,1776191009000
1776191012.005,212.005,0.21,14.9,0.2,15.0,0.36,7.0,0.39,7.62,0.64,7.0,0.61,7.62,0.79,14.9,0.8,15.0,0.15,0.15,43.385641,1776191011000
1776191012.276,212.276,0.23,15.0,0.22,37.0,0.5,10.0,0.55,15.0,0.64,7.0,0.61,7.62,0.79,14.9,0.8,15.0,0.27,0.15,43.385641,1776191011000
1776191013.147,213.147,0.23,15.0,0.22,37.0,0.5,10.0,0.55,15.0,0.5,10.0,0.45,15.0,0.77,15.0,0.78,37.0,0.27,0.27,43.389329,1776191012000
1776191014.22,214.22,0.23,15.0,0.22,37.0,0.5,10.0,0.55,15.0,0.5,10.0,0.45,15.0,0.77,15.0,0.78,37.0,0.27,0.27,43.399816,1776191013000
1776191015.209,215.209,0.23,15.0,0.22,37.0,0.5,10.0,0.55,15.0,0.5,10.0,0.45,15.0,0.77,15.0,0.78,37.0,0.27,0.27,43.403634,1776191014000
1776191016.363,216.363,0.23,15.0,0.22,37.0,0.5,10.0,0.55,15.0,0.5,10.0,0.45,15.0,0.77,15.0,0.78,37.0,0.27,0.27,43.407549,1776191015000
1776191017.081,217.081,0.23,15.0,0.22,37.0,0.5,10.0,0.55,15.0,0.5,10.0,0.45,15.0,0.77,15.0,0.78,37.0,0.27,0.27,43.4071,1776191016000
1776191018.012,218.012,0.23,15.0,0.22,37.0,0.5,10.0,0.55,15.0,0.5,10.0,0.45,15.0,0.77,15.0,0.78,37.0,0.27,0.27,43.40277,1776191017000
1776191019.037,219.037,0.23,15.0,0.22,37.0,0.5,10.0,0.55,15.0,0.5,10.0,0.45,15.0,0.77,15.0,0.78,37.0,0.27,0.27,43.400642,1776191018000
1776191020.215,220.215,0.23,15.0,0.22,37.0,0.5,10.0,0.55,15.0,0.5,10.0,0.45,15.0,0.77,15.0,0.78,37.0,0.27,0.27,43.3946,1776191019000
1776191021.327,221.327,0.23,15.0,0.22,37.0,0.5,10.0,0.55,15.0,0.5,10.0,0.45,15.0,0.77,15.0,0.78,37.0,0.27,0.27,43.393406,1776191020000
1776191022.214,222.214,0.23,15.0,0.22,37.0,0.5,10.0,0.55,15.0,0.5,10.0,0.45,15.0,0.77,15.0,0.78,37.0,0.27,0.27,43.3893,1776191021000
1776191023.225,223.225,0.23,15.0,0.22,37.0,0.5,10.0,0.55,15.0,0.5,10.0,0.45,15.0,0.77,15.0,0.78,37.0,0.27,0.27,43.3893,1776191022000
1776191024.121,224.121,0.23,15.0,0.22,37.0,0.5,10.0,0.55,15.0,0.5,10.0,0.45,15.0,0.77,15.0,0.78,37.0,0.27,0.27,43.389287,1776191023000
1776191025.236,225.236,0.23,15.0,0.22,37.0,0.5,10.0,0.55,15.0,0.5,10.0,0.45,15.0,0.77,15.0,0.78,37.0,0.27,0.27,43.380446,1776191024000
1776191026.258,226.258,0.23,15.0,0.22,37.0,0.5,10.0,0.55,15.0,0.5,10.0,0.45,15.0,0.77,15.0,0.78,37.0,0.27,0.27,43.378576,1776191025000
1776191027.264,227.264,0.23,15.0,0.22,37.0,0.5,10.0,0.55,15.0,0.5,10.0,0.45,15.0,0.77,15.0,0.78,37.0,0.27,0.27,43.37884,1776191026000
1776191028.319,228.319,0.23,15.0,0.22,37.0,0.5,10.0,0.55,15.0,0.5,10.0,0.45,15.0,0.77,15.0,0.78,37.0,0.27,0.27,43.3792,1776191027000
1776191029.415,229.415,0.23,15.0,0.22,37.0,0.5,10.0,0.55,15.0,0.5,10.0,0.45,15.0,0.77,15.0,0.78,37.0,0.27,0.27,43.3892,1776191028000
1776191030.021,230.021,0.23,15.0,0.22,37.0,0.5,10.0,0.55,15.0,0.5,10.0,0.45,15.0,0.77,15.0,0.78,37.0,0.27,0.27,43.3892,1776191029000
1776191031.029,231.029,0.23,15.0,0.22,37.0,0.5,10.0,0.55,15.0,0.5,10.0,0.45,15.0,0.77,15.0,0.78,37.0,0.27,0.27,43.3887,1776191030000
1776191032.114,232.114,0.23,15.0,0.22,37.0,0.5,10.0,0.55,15.0,0.5,10.0,0.45,15.0,0.77,15.0,0.78,37.0,0.27,0.27,43.386159,1776191031000
1776191033.189,233.189,0.23,15.0,0.22,37.0,0.5,10.0,0.55,15.0,0.5,10.0,0.45,15.0,0.77,15.0,0.78,37.0,0.27,0.27,43.386173,1776191032000
1776191033.751,233.751,0.18,15.0,0.17,15.0,0.19,7.4,0.22,10.0,0.5,10.0,0.45,15.0,0.77,15.0,0.78,37.0,0.01,0.27,43.386173,1776191032000
1776191034.215,234.215,0.18,15.0,0.17,15.0,0.19,7.4,0.22,10.0,0.81,7.4,0.78,10.0,0.82,15.0,0.83,15.0,0.01,0.01,43.386173,1776191033000
1776191035.286,235.286,0.18,15.0,0.17,15.0,0.19,7.4,0.22,10.0,0.81,7.4,0.78,10.0,0.82,15.0,0.83,15.0,0.01,0.01,43.3864,1776191034000
1776191036.335,236.335,0.18,13.78,0.17,15.0,0.19,7.4,0.21,10.0,0.81,7.4,0.79,10.0,0.82,13.78,0.83,15.0,0.01,0.01,43.3864,1776191035000
1776191036.92,236.92,0.18,13.78,0.17,15.0,0.19,7.4,0.21,10.0,0.81,7.4,0.79,10.0,0.82,13.78,0.83,15.0,0.01,0.01,43.3853,1776191036000
1776191038.48,238.48,0.18,13.78,0.17,15.0,0.19,7.4,0.21,10.0,0.81,7.4,0.79,10.0,0.82,13.78,0.83,15.0,0.01,0.01,43.38501,1776191037000
1776191038.967,238.967,0.18,13.78,0.17,15.0,0.19,7.4,0.21,10.0,0.81,7.4,0.79,10.0,0.82,13.78,0.83,15.0,0.01,0.01,43.38501,1776191038000
1776191039.907,239.907,0.18,3.78,0.17,15.0,0.19,13.4,0.28,15.0,0.81,7.4,0.79,10.0,0.82,13.78,0.83,15.0,0.01,0.01,43.38501,1776191038000
1776191040.638,240.638,0.17,15.0,0.16,15.0,0.19,13.4,0.27,15.0,0.81,13.4,0.72,15.0,0.82,3.78,0.83,15.0,0.02,0.01,43.38501,1776191038000
1776191041.241,241.241,0.17,15.0,0.16,15.0,0.19,13.4,0.27,15.0,0.81,13.4,0.73,15.0,0.83,15.0,0.84,15.0,0.02,0.02,43.384968,1776191040000
1776191041.851,241.851,0.16,13.15,0.15,15.0,0.18,6.0,0.19,7.4,0.82,6.0,0.81,7.4,0.83,7.77,0.84,15.0,0.02,0.01,43.384968,1776191040000
1776191042.38,242.38,0.17,10.54,0.16,13.15,0.18,6.0,0.27,15.0,0.82,6.0,0.81,7.4,0.84,13.15,0.85,15.0,0.01,0.02,43.384968,1776191040000
1776191043.029,243.029,0.17,10.54,0.16,13.15,0.18,6.0,0.27,15.0,0.82,6.0,0.73,15.0,0.83,10.54,0.84,13.15,0.01,0.01,43.384825,1776191042000
1776191044.082,244.082,0.17,10.54,0.16,13.15,0.18,6.0,0.27,15.0,0.82,6.0,0.73,15.0,0.83,10.54,0.84,13.15,0.01,0.01,43.384716,1776191043000
1776191045.185,245.185,0.17,10.54,0.16,13.15,0.18,6.0,0.27,15.0,0.82,6.0,0.73,15.0,0.83,10.54,0.84,13.15,0.01,0.01,43.382696,1776191044000
1776191047.802,247.802,0.17,10.54,0.16,13.15,0.18,6.0,0.27,15.0,0.82,6.0,0.73,15.0,0.83,10.54,0.84,13.15,0.01,0.01,43.383075,1776191045000
1776191048.518,248.518,0.17,10.54,0.16,13.15,0.18,6.0,0.27,15.0,0.82,6.0,0.73,15.0,0.83,10.54,0.84,13.15,0.01,0.01,43.3852,1776191047000
1776191049.04,249.04,0.17,10.54,0.16,13.15,0.18,6.0,0.27,15.0,0.82,6.0,0.73,15.0,0.83,10.54,0.84,13.15,0.01,0.01,43.3852,1776191048000
1776191050.261,250.261,0.17,10.54,0.16,13.15,0.18,6.0,0.27,15.0,0.82,6.0,0.73,15.0,0.83,10.54,0.84,13.15,0.01,0.01,43.3852,1776191049000
1776191051.423,251.423,0.17,10.54,0.16,13.15,0.18,6.0,0.27,15.0,0.82,6.0,0.73,15.0,0.83,10.54,0.84,13.15,0.01,0.01,43.3852,1776191050000
1776191051.907,251.907,0.17,10.54,0.16,13.15,0.18,6.0,0.27,15.0,0.82,6.0,0.73,15.0,0.83,10.54,0.84,13.15,0.01,0.01,43.386079,1776191051000
1776191052.418,252.418,0.02,16.7,0.01,300.0,0.17,6.06,0.18,6.0,0.82,6.0,0.73,15.0,0.83,10.54,0.84,13.15,0.15,0.01,43.386079,1776191051000
1776191053.492,253.492,0.02,16.7,0.01,300.0,0.17,6.06,0.18,6.0,0.83,6.06,0.82,6.0,0.98,16.7,0.99,300.0,0.15,0.15,43.387517,1776191052000
1776191054.007,254.007,0.02,16.7,0.01,300.0,0.17,6.06,0.18,6.0,0.83,6.06,0.82,6.0,0.98,16.7,0.99,300.0,0.15,0.15,43.385797,1776191053000
1776191054.735,254.735,0.01,252.23,,,0.16,15.0,0.17,6.06,0.83,6.06,0.82,6.0,0.98,16.7,0.99,300.0,0.15,0.15,43.385797,1776191053000
1776191055.011,255.011,0.01,252.23,,,0.16,15.0,0.17,6.06,0.84,15.0,0.83,6.06,0.99,252.23,,,0.15,0.15,43.387895,1776191054000
1776191055.783,255.783,0.12,11.59,0.01,252.23,0.15,10.0,0.16,5.0,0.84,15.0,0.83,6.06,0.99,252.23,,,0.03,0.15,43.387895,1776191054000
1776191056.078,256.078,0.12,11.59,0.01,252.23,0.15,10.0,0.16,5.0,0.85,10.0,0.84,5.0,0.88,11.59,0.99,252.23,0.03,0.03,43.386223,1776191055000
1776191057.048,257.048,0.12,11.59,0.01,252.23,0.15,10.0,0.16,5.0,0.85,10.0,0.84,5.0,0.88,11.59,0.99,252.23,0.03,0.03,43.3852,1776191056000
1776191058.128,258.128,0.12,4.77,0.01,252.23,0.14,5.0,0.15,10.0,0.85,10.0,0.84,5.0,0.88,11.59,0.99,252.23,0.02,0.03,43.3852,1776191056000
1776191059.146,259.146,0.12,4.77,0.01,252.23,0.14,5.0,0.15,10.0,0.86,5.0,0.85,10.0,0.88,4.77,0.99,252.23,0.02,0.02,43.3862,1776191058000
1776191060.227,260.227,0.12,4.77,0.01,252.23,0.14,5.0,0.15,10.0,0.86,5.0,0.85,10.0,0.88,4.77,0.99,252.23,0.02,0.02,43.3866,1776191059000
1776191061.212,261.212,0.12,4.77,0.01,252.23,0.14,5.0,0.15,10.0,0.86,5.0,0.85,10.0,0.88,4.77,0.99,252.23,0.02,0.02,43.3861,1776191060000
1776191062.465,262.465,0.12,4.77,0.01,252.23,0.14,5.0,0.15,10.0,0.86,5.0,0.85,10.0,0.88,4.77,0.99,252.23,0.02,0.02,43.3861,1776191061000
1776191063.104,263.104,0.12,4.77,0.01,252.23,0.14,5.0,0.15,10.0,0.86,5.0,0.85,10.0,0.88,4.77,0.99,252.23,0.02,0.02,43.3861,1776191062000
1776191063.982,263.982,0.11,10.5,0.1,15.0,0.12,5.0,0.17,21.06,0.86,5.0,0.85,10.0,0.88,4.77,0.99,252.23,0.01,0.02,43.3861,1776191062000
1776191065.083,265.083,0.11,10.5,0.1,15.0,0.12,5.0,0.17,21.06,0.88,5.0,0.83,21.06,0.89,10.5,0.9,15.0,0.01,0.01,43.3877,1776191064000
1776191066.699,266.699,0.11,10.5,0.1,15.0,0.12,5.0,0.17,21.06,0.88,5.0,0.83,21.06,0.89,10.5,0.9,15.0,0.01,0.01,43.384995,1776191065000
1776191067.232,267.232,0.05,12.89,0.04,15.0,0.09,10.0,0.11,20.0,0.88,5.0,0.83,21.06,0.89,10.5,0.9,15.0,0.04,0.01,43.384995,1776191065000
1776191067.6,267.6,0.05,10.78,0.04,15.0,0.09,10.0,0.1,15.0,0.91,10.0,0.89,20.0,0.95,12.89,0.96,15.0,0.04,0.04,43.38,1776191066000
1776191068.67,268.67,0.05,10.78,0.04,15.0,0.09,10.0,0.1,15.0,0.91,10.0,0.9,15.0,0.95,10.78,0.96,15.0,0.04,0.04,43.3786,1776191067000
1776191069.043,269.043,0.05,10.78,0.04,15.0,0.09,10.0,0.1,15.0,0.91,10.0,0.9,15.0,0.95,10.78,0.96,15.0,0.04,0.04,43.3782,1776191068000
1776191070.239,270.239,0.05,10.78,0.04,15.0,0.09,10.0,0.1,15.0,0.91,10.0,0.9,15.0,0.95,10.78,0.96,15.0,0.04,0.04,43.377833,1776191069000
1776191070.517,270.517,0.01,132.03,,,0.05,15.0,0.06,15.0,0.95,15.0,0.94,15.0,0.99,147.18,,,0.04,0.04,43.377833,1776191069000
1776191071.249,271.249,0.01,126.98,,,0.05,15.0,0.06,15.0,0.95,15.0,0.94,15.0,0.99,126.98,,,0.04,0.04,43.37717,1776191070000
1776191072.584,272.584,0.01,126.98,,,0.05,15.0,0.06,15.0,0.95,15.0,0.94,15.0,0.99,126.98,,,0.04,0.04,43.379879,1776191071000
1776191072.997,272.997,0.01,126.98,,,0.05,15.0,0.06,15.0,0.95,15.0,0.94,15.0,0.99,126.98,,,0.04,0.04,43.37942,1776191072000
1776191074.159,274.159,0.01,126.98,,,0.05,15.0,0.06,15.0,0.95,15.0,0.94,15.0,0.99,126.98,,,0.04,0.04,43.37942,1776191073000
1776191074.611,274.611,0.02,9.89,0.01,126.98,0.04,20.0,0.05,15.0,0.95,15.0,0.94,15.0,0.99,126.98,,,0.02,0.04,43.37942,1776191073000
1776191074.913,274.913,0.02,8.86,0.01,126.98,0.04,20.0,0.05,15.0,0.96,20.0,0.95,15.0,0.98,9.89,0.99,126.98,0.02,0.02,43.37942,1776191073000
1776191075.323,275.323,0.02,8.86,0.01,126.98,0.04,20.0,0.05,15.0,0.96,20.0,0.95,15.0,0.98,8.86,0.99,126.98,0.02,0.02,43.379454,1776191074000
1776191076.101,276.101,0.01,108.94,,,0.04,5.0,0.09,10.0,0.96,20.0,0.95,15.0,0.98,8.86,0.99,126.98,0.03,0.02,43.379454,1776191074000
1776191076.384,276.384,0.01,108.94,,,0.04,5.0,0.09,10.0,0.96,5.0,0.91,10.0,0.99,108.94,,,0.03,0.03,43.379454,1776191075000
1776191076.89,276.89,0.01,108.94,,,0.04,5.0,0.09,10.0,0.96,5.0,0.91,10.0,0.99,108.94,,,0.03,0.03,43.379924,1776191076000
1776191078.0,278.0,0.01,108.94,,,0.04,5.0,0.09,10.0,0.96,5.0,0.91,10.0,0.99,108.94,,,0.03,0.03,43.379852,1776191077000
1776191079.009,279.009,0.1,5.0,0.03,166.0,0.17,6.06,0.27,10.0,0.96,5.0,0.91,10.0,0.99,108.94,,,0.07,0.03,43.379852,1776191077000
1776191080.222,280.222,0.1,5.0,0.03,166.0,0.17,6.06,0.27,10.0,0.83,6.06,0.73,10.0,0.9,5.0,0.97,166.0,0.07,0.07,43.38461,1776191079000
1776191081.274,281.274,0.06,8.01,0.01,108.94,0.17,6.06,0.23,10.0,0.83,6.06,0.77,10.0,0.94,8.01,0.99,108.94,0.11,0.11,43.387191,1776191080000
1776191082.405,282.405,0.06,8.01,0.01,108.94,0.17,6.06,0.23,10.0,0.83,6.06,0.77,10.0,0.94,8.01,0.99,108.94,0.11,0.11,43.393696,1776191081000
1776191083.112,283.112,0.06,8.01,0.01,108.94,0.17,6.06,0.23,10.0,0.83,6.06,0.77,10.0,0.94,8.01,0.99,108.94,0.11,0.11,43.394005,1776191082000
1776191084.244,284.244,0.06,8.01,0.01,108.94,0.17,6.06,0.23,10.0,0.83,6.06,0.77,10.0,0.94,8.01,0.99,108.94,0.11,0.11,43.394072,1776191083000
1776191085.287,285.287,0.06,8.01,0.01,108.94,0.17,6.06,0.23,10.0,0.83,6.06,0.77,10.0,0.94,8.01,0.99,108.94,0.11,0.11,43.394831,1776191084000
1776191085.494,285.494,0.01,203.94,,,0.16,10.0,0.17,6.06,0.83,6.06,0.77,10.0,0.94,8.01,0.99,108.94,0.15,0.11,43.394831,1776191084000
1776191086.453,286.453,0.01,203.94,,,0.16,10.0,0.17,6.06,0.84,10.0,0.83,6.06,0.99,203.94,,,0.15,0.15,43.395344,1776191085000
1776191087.029,287.029,0.01,1739.94,,,0.29,7.0,0.4,10.0,0.71,7.0,0.6,10.0,0.99,1739.94,,,0.28,0.28,43.395344,1776191086000
1776191088.233,288.233,0.01,1739.94,,,0.29,7.0,0.4,10.0,0.71,7.0,0.6,10.0,0.99,1739.94,,,0.28,0.28,43.400177,1776191087000
1776191088.831,288.831,0.01,1739.94,,,0.11,1.27,0.14,10.0,0.71,7.0,0.6,10.0,0.99,1739.94,,,0.1,0.28,43.400177,1776191087000
1776191089.311,289.311,0.01,1739.94,,,0.11,1.27,0.14,10.0,0.89,1.27,0.86,10.0,0.99,1739.94,,,0.1,0.1,43.4057,1776191088000
1776191089.734,289.734,0.01,1733.08,,,0.11,1.27,0.14,10.0,0.89,1.27,0.86,10.0,0.99,1739.94,,,0.1,0.1,43.4057,1776191088000
1776191090.411,290.411,0.01,1733.08,,,0.11,1.27,0.14,10.0,0.89,1.27,0.86,10.0,0.99,1733.08,,,0.1,0.1,43.402961,1776191089000
1776191091.046,291.046,0.01,1733.08,,,0.11,1.27,0.14,10.0,0.89,1.27,0.86,10.0,0.99,1733.08,,,0.1,0.1,43.402947,1776191090000
1776191092.225,292.225,0.01,1733.08,,,0.11,1.27,0.14,10.0,0.89,1.27,0.86,10.0,0.99,1733.08,,,0.1,0.1,43.400321,1776191091000
1776191093.248,293.248,0.01,1712.87,,,0.09,10.0,0.11,1.27,0.89,1.27,0.86,10.0,0.99,1733.08,,,0.08,0.1,43.400321,1776191091000
1776191093.456,293.456,0.01,1712.87,,,0.09,10.0,0.11,1.27,0.91,10.0,0.89,1.27,0.99,1712.87,,,0.08,0.08,43.393923,1776191092000
1776191093.941,293.941,0.01,1712.87,,,0.09,10.0,0.11,1.27,0.91,10.0,0.89,1.27,0.99,1712.87,,,0.08,0.08,43.391851,1776191093000
1776191095.037,295.037,0.01,1712.87,,,0.09,10.0,0.11,1.27,0.91,10.0,0.89,1.27,0.99,1712.87,,,0.08,0.08,43.3896,1776191094000
1776191095.374,295.374,0.01,1592.87,,,0.09,10.0,0.11,1.27,0.91,10.0,0.89,1.27,0.99,1712.87,,,0.08,0.08,43.3896,1776191094000
1776191095.685,295.685,0.01,1589.87,,,0.09,10.0,0.11,1.27,0.91,10.0,0.89,1.27,0.99,1592.87,,,0.08,0.08,43.3896,1776191094000
1776191096.045,296.045,0.01,1589.87,,,0.09,10.0,0.11,1.27,0.91,10.0,0.89,1.27,0.99,1589.87,,,0.08,0.08,43.388023,1776191095000
1776191097.01,297.01,0.01,13.82,,,0.09,10.0,0.11,1.27,0.91,10.0,0.89,1.27,0.99,1589.87,,,0.08,0.08,43.388023,1776191095000
1776191097.237,297.237,,,,,0.09,10.0,0.11,1.27,0.91,10.0,0.89,1.27,0.99,13.82,,,,0.08,43.388214,1776191096000
1776191098.171,298.171,,,,,0.09,10.0,0.11,1.27,0.91,10.0,0.89,1.27,,,,,,,43.387461,1776191097000
1776191099.127,299.127,,,,,0.09,10.0,0.11,1.27,0.91,10.0,0.89,1.27,,,,,,,43.388397,1776191098000
1776191100.139,300.139,,,,,0.09,10.0,0.11,1.27,0.91,10.0,0.89,1.27,,,,,,,43.3895,1776191099000
1776191101.199,301.199,,,,,0.09,10.0,0.11,1.27,0.91,10.0,0.89,1.27,,,,,,,43.398391,1776191100000
1776191102.178,302.178,,,,,0.09,10.0,0.11,1.27,0.91,10.0,0.89,1.27,,,,,,,43.399512,1776191101000

# RESULT,winner=Down,slug=hype-updown-5m-1776190800,ticks=324
