timestamp,elapsed_sec,up_bid_p1,up_bid_s1,up_bid_p2,up_bid_s2,up_bid_p3,up_bid_s3,up_bid_p4,up_bid_s4,up_bid_p5,up_bid_s5,up_ask_p1,up_ask_s1,up_ask_p2,up_ask_s2,up_ask_p3,up_ask_s3,up_ask_p4,up_ask_s4,up_ask_p5,up_ask_s5,down_bid_p1,down_bid_s1,down_bid_p2,down_bid_s2,down_bid_p3,down_bid_s3,down_bid_p4,down_bid_s4,down_bid_p5,down_bid_s5,down_ask_p1,down_ask_s1,down_ask_p2,down_ask_s2,down_ask_p3,down_ask_s3,down_ask_p4,down_ask_s4,down_ask_p5,down_ask_s5,up_spread,down_spread,hype_price,hype_oracle_ts
1776167411.313,11.313,0.43,10.0,0.42,5.0,0.41,5.0,0.4,5.0,0.39,5.0,0.57,11.0,0.6,10.0,0.66,5.0,0.67,5.0,0.68,5.0,0.43,11.0,0.4,10.0,0.34,5.0,0.33,5.0,0.32,5.0,0.57,10.0,0.58,5.0,0.59,5.0,0.6,5.0,0.61,5.0,0.14,0.14,44.873583,1776167410000
1776167411.595,11.595,0.43,10.0,0.42,5.0,0.41,5.0,0.4,5.0,0.39,5.0,0.57,11.0,0.6,10.0,0.66,5.0,0.67,5.0,0.68,5.0,0.43,11.0,0.34,5.0,0.33,5.0,0.32,5.0,0.31,5.0,0.58,5.0,0.59,5.0,0.6,5.0,0.61,5.0,0.62,5.0,0.14,0.15,44.873583,1776167410000
1776167412.481,12.481,0.42,5.0,0.41,5.0,0.4,5.0,0.39,5.0,0.38,5.0,0.57,11.0,0.66,5.0,0.67,5.0,0.68,5.0,0.69,5.0,0.43,11.0,0.34,5.0,0.33,5.0,0.32,5.0,0.31,5.0,0.58,5.0,0.59,5.0,0.6,5.0,0.61,5.0,0.62,5.0,0.15,0.15,44.874494,1776167411000
1776167412.933,12.933,0.42,5.0,0.41,5.0,0.4,5.0,0.39,5.0,0.38,5.0,0.57,11.0,0.66,5.0,0.67,5.0,0.68,5.0,0.69,5.0,0.43,11.0,0.34,5.0,0.33,5.0,0.32,5.0,0.31,5.0,0.58,5.0,0.59,5.0,0.6,5.0,0.61,5.0,0.62,5.0,0.15,0.15,44.874405,1776167412000
1776167414.101,14.101,0.42,5.0,0.41,5.0,0.4,5.0,0.39,5.0,0.38,5.0,0.57,11.0,0.66,5.0,0.67,5.0,0.68,5.0,0.69,5.0,0.43,11.0,0.34,5.0,0.33,5.0,0.32,5.0,0.31,5.0,0.58,5.0,0.59,5.0,0.6,5.0,0.61,5.0,0.62,5.0,0.15,0.15,44.872871,1776167413000
1776167415.226,15.226,0.42,5.0,0.41,5.0,0.4,5.0,0.39,5.0,0.38,5.0,0.57,11.0,0.66,5.0,0.67,5.0,0.68,5.0,0.69,5.0,0.43,11.0,0.34,5.0,0.33,5.0,0.32,5.0,0.31,5.0,0.58,5.0,0.59,5.0,0.6,5.0,0.61,5.0,0.62,5.0,0.15,0.15,44.872183,1776167414000
1776167415.917,15.917,0.42,5.0,0.41,5.0,0.4,5.0,0.39,5.0,0.38,5.0,0.57,11.0,0.66,5.0,0.67,5.0,0.68,5.0,0.69,5.0,0.43,11.0,0.34,5.0,0.33,5.0,0.32,5.0,0.31,5.0,0.58,5.0,0.59,5.0,0.6,5.0,0.61,5.0,0.62,5.0,0.15,0.15,44.872183,1776167415000
1776167417.073,17.073,0.42,5.0,0.41,5.0,0.4,5.0,0.39,5.0,0.38,5.0,0.57,11.0,0.66,5.0,0.67,5.0,0.68,5.0,0.69,5.0,0.43,11.0,0.34,5.0,0.33,5.0,0.32,5.0,0.31,5.0,0.58,5.0,0.59,5.0,0.6,5.0,0.61,5.0,0.62,5.0,0.15,0.15,44.872383,1776167416000
1776167418.215,18.215,0.42,5.0,0.41,5.0,0.4,5.0,0.39,5.0,0.38,5.0,0.57,11.0,0.66,5.0,0.67,5.0,0.68,5.0,0.69,5.0,0.43,11.0,0.34,5.0,0.33,5.0,0.32,5.0,0.31,5.0,0.58,5.0,0.59,5.0,0.6,5.0,0.61,5.0,0.62,5.0,0.15,0.15,44.872383,1776167417000
1776167419.509,19.509,0.42,5.0,0.41,5.0,0.4,5.0,0.39,5.0,0.38,5.0,0.57,11.0,0.66,5.0,0.67,5.0,0.68,5.0,0.69,5.0,0.43,11.0,0.34,5.0,0.33,5.0,0.32,5.0,0.31,5.0,0.58,5.0,0.59,5.0,0.6,5.0,0.61,5.0,0.62,5.0,0.15,0.15,44.872178,1776167418000
1776167419.71,19.71,0.46,10.86,0.44,10.0,0.43,5.0,0.42,5.0,0.41,5.0,0.6,12.0,0.61,10.0,0.67,5.0,0.68,5.0,0.69,5.0,0.52,4.61,0.4,12.0,0.39,10.0,0.33,5.0,0.32,5.0,0.54,10.86,0.56,10.0,0.57,5.0,0.58,5.0,0.59,5.0,0.14,0.02,44.872178,1776167418000
1776167421.089,21.089,0.46,10.86,0.44,10.0,0.43,5.0,0.42,5.0,0.41,5.0,0.6,12.0,0.61,10.0,0.67,5.0,0.68,5.0,0.69,5.0,0.4,12.0,0.39,10.0,0.33,5.0,0.32,5.0,0.31,5.0,0.54,10.86,0.56,10.0,0.57,5.0,0.58,5.0,0.59,5.0,0.14,0.14,44.872692,1776167420000
1776167422.182,22.182,0.46,10.86,0.44,10.0,0.43,5.0,0.42,5.0,0.41,5.0,0.6,12.0,0.61,10.0,0.67,5.0,0.68,5.0,0.69,5.0,0.4,12.0,0.39,10.0,0.33,5.0,0.32,5.0,0.31,5.0,0.54,10.86,0.56,10.0,0.57,5.0,0.58,5.0,0.59,5.0,0.14,0.14,44.872751,1776167421000
1776167423.227,23.227,0.46,10.86,0.44,10.0,0.43,5.0,0.42,5.0,0.41,5.0,0.6,12.0,0.61,10.0,0.67,5.0,0.68,5.0,0.69,5.0,0.4,12.0,0.39,10.0,0.33,5.0,0.32,5.0,0.31,5.0,0.54,10.86,0.56,10.0,0.57,5.0,0.58,5.0,0.59,5.0,0.14,0.14,44.872841,1776167422000
1776167424.307,24.307,0.46,10.86,0.44,10.0,0.43,5.0,0.42,5.0,0.41,5.0,0.6,12.0,0.61,10.0,0.67,5.0,0.68,5.0,0.69,5.0,0.4,12.0,0.39,10.0,0.33,5.0,0.32,5.0,0.31,5.0,0.54,10.86,0.56,10.0,0.57,5.0,0.58,5.0,0.59,5.0,0.14,0.14,44.873528,1776167423000
1776167425.32,25.32,0.46,10.86,0.44,10.0,0.43,5.0,0.42,5.0,0.41,5.0,0.6,12.0,0.61,10.0,0.67,5.0,0.68,5.0,0.69,5.0,0.4,12.0,0.39,10.0,0.33,5.0,0.32,5.0,0.31,5.0,0.54,10.86,0.56,10.0,0.57,5.0,0.58,5.0,0.59,5.0,0.14,0.14,44.873626,1776167424000
1776167426.412,26.412,0.46,10.86,0.44,10.0,0.43,5.0,0.42,5.0,0.41,5.0,0.6,12.0,0.61,10.0,0.67,5.0,0.68,5.0,0.69,5.0,0.4,12.0,0.39,10.0,0.33,5.0,0.32,5.0,0.31,5.0,0.54,10.86,0.56,10.0,0.57,5.0,0.58,5.0,0.59,5.0,0.14,0.14,44.873626,1776167425000
1776167427.029,27.029,0.46,10.86,0.44,10.0,0.43,5.0,0.42,5.0,0.41,5.0,0.6,12.0,0.61,10.0,0.67,5.0,0.68,5.0,0.69,5.0,0.4,12.0,0.39,10.0,0.33,5.0,0.32,5.0,0.31,5.0,0.54,10.86,0.56,10.0,0.57,5.0,0.58,5.0,0.59,5.0,0.14,0.14,44.873626,1776167426000
1776167428.279,28.279,0.46,10.86,0.44,10.0,0.43,5.0,0.42,5.0,0.41,5.0,0.6,12.0,0.61,10.0,0.67,5.0,0.68,5.0,0.69,5.0,0.4,12.0,0.39,10.0,0.33,5.0,0.32,5.0,0.31,5.0,0.54,10.86,0.56,10.0,0.57,5.0,0.58,5.0,0.59,5.0,0.14,0.14,44.873366,1776167427000
1776167429.146,29.146,0.46,10.86,0.44,10.0,0.43,5.0,0.42,5.0,0.41,5.0,0.6,12.0,0.61,10.0,0.67,5.0,0.68,5.0,0.69,5.0,0.4,12.0,0.39,10.0,0.33,5.0,0.32,5.0,0.31,5.0,0.54,10.86,0.56,10.0,0.57,5.0,0.58,5.0,0.59,5.0,0.14,0.14,44.875164,1776167428000
1776167430.132,30.132,0.46,10.86,0.44,10.0,0.43,5.0,0.42,5.0,0.41,5.0,0.6,12.0,0.61,10.0,0.67,5.0,0.68,5.0,0.69,5.0,0.4,12.0,0.39,10.0,0.33,5.0,0.32,5.0,0.31,5.0,0.54,10.86,0.56,10.0,0.57,5.0,0.58,5.0,0.59,5.0,0.14,0.14,44.881329,1776167429000
1776167431.124,31.124,0.46,10.86,0.44,10.0,0.43,5.0,0.42,5.0,0.41,5.0,0.6,12.0,0.61,10.0,0.67,5.0,0.68,5.0,0.69,5.0,0.4,12.0,0.39,10.0,0.33,5.0,0.32,5.0,0.31,5.0,0.54,10.86,0.56,10.0,0.57,5.0,0.58,5.0,0.59,5.0,0.14,0.14,44.876312,1776167430000
1776167432.13,32.13,0.46,10.86,0.44,10.0,0.43,5.0,0.42,5.0,0.41,5.0,0.6,12.0,0.61,10.0,0.67,5.0,0.68,5.0,0.69,5.0,0.4,12.0,0.39,10.0,0.33,5.0,0.32,5.0,0.31,5.0,0.54,10.86,0.56,10.0,0.57,5.0,0.58,5.0,0.59,5.0,0.14,0.14,44.876168,1776167431000
1776167433.094,33.094,0.46,10.86,0.44,10.0,0.43,5.0,0.42,5.0,0.41,5.0,0.6,12.0,0.61,10.0,0.67,5.0,0.68,5.0,0.69,5.0,0.4,12.0,0.39,10.0,0.33,5.0,0.32,5.0,0.31,5.0,0.54,10.86,0.56,10.0,0.57,5.0,0.58,5.0,0.59,5.0,0.14,0.14,44.875484,1776167432000
1776167434.056,34.056,0.46,10.86,0.44,10.0,0.43,5.0,0.42,5.0,0.41,5.0,0.6,12.0,0.61,10.0,0.67,5.0,0.68,5.0,0.69,5.0,0.4,12.0,0.39,10.0,0.33,5.0,0.32,5.0,0.31,5.0,0.54,10.86,0.56,10.0,0.57,5.0,0.58,5.0,0.59,5.0,0.14,0.14,44.876168,1776167433000
1776167435.098,35.098,0.46,10.86,0.44,10.0,0.43,5.0,0.42,5.0,0.41,5.0,0.6,12.0,0.61,10.0,0.67,5.0,0.68,5.0,0.69,5.0,0.4,12.0,0.39,10.0,0.33,5.0,0.32,5.0,0.31,5.0,0.54,10.86,0.56,10.0,0.57,5.0,0.58,5.0,0.59,5.0,0.14,0.14,44.877557,1776167434000
1776167435.991,35.991,0.46,10.86,0.44,10.0,0.43,5.0,0.42,5.0,0.41,5.0,0.6,12.0,0.61,10.0,0.67,5.0,0.68,5.0,0.69,5.0,0.4,12.0,0.39,10.0,0.33,5.0,0.32,5.0,0.31,5.0,0.54,10.86,0.56,10.0,0.57,5.0,0.58,5.0,0.59,5.0,0.14,0.14,44.8762,1776167435000
1776167436.896,36.896,0.46,10.86,0.44,10.0,0.43,5.0,0.42,5.0,0.41,5.0,0.6,12.0,0.61,10.0,0.67,5.0,0.68,5.0,0.69,5.0,0.4,12.0,0.39,10.0,0.33,5.0,0.32,5.0,0.31,5.0,0.54,10.86,0.56,10.0,0.57,5.0,0.58,5.0,0.59,5.0,0.14,0.14,44.8762,1776167436000
1776167437.94,37.94,0.46,10.86,0.44,10.0,0.43,5.0,0.42,5.0,0.41,5.0,0.6,12.0,0.61,10.0,0.67,5.0,0.68,5.0,0.69,5.0,0.4,12.0,0.39,10.0,0.33,5.0,0.32,5.0,0.31,5.0,0.54,10.86,0.56,10.0,0.57,5.0,0.58,5.0,0.59,5.0,0.14,0.14,44.878967,1776167437000
1776167439.293,39.293,0.46,10.86,0.44,10.0,0.43,5.0,0.42,5.0,0.41,5.0,0.6,12.0,0.61,10.0,0.67,5.0,0.68,5.0,0.69,5.0,0.4,12.0,0.39,10.0,0.33,5.0,0.32,5.0,0.31,5.0,0.54,10.86,0.56,10.0,0.57,5.0,0.58,5.0,0.59,5.0,0.14,0.14,44.879855,1776167438000
1776167439.93,39.93,0.46,10.86,0.44,10.0,0.43,5.0,0.42,5.0,0.41,5.0,0.6,12.0,0.61,10.0,0.67,5.0,0.68,5.0,0.69,5.0,0.4,12.0,0.39,10.0,0.33,5.0,0.32,5.0,0.31,5.0,0.54,10.86,0.56,10.0,0.57,5.0,0.58,5.0,0.59,5.0,0.14,0.14,44.880162,1776167439000
1776167441.015,41.015,0.46,10.86,0.44,10.0,0.43,5.0,0.42,5.0,0.41,5.0,0.6,12.0,0.61,10.0,0.67,5.0,0.68,5.0,0.69,5.0,0.4,12.0,0.39,10.0,0.33,5.0,0.32,5.0,0.31,5.0,0.54,10.86,0.56,10.0,0.57,5.0,0.58,5.0,0.59,5.0,0.14,0.14,44.880427,1776167440000
1776167442.019,42.019,0.46,10.86,0.44,10.0,0.43,5.0,0.42,5.0,0.41,5.0,0.6,12.0,0.61,10.0,0.67,5.0,0.68,5.0,0.69,5.0,0.4,12.0,0.39,10.0,0.33,5.0,0.32,5.0,0.31,5.0,0.54,10.86,0.56,10.0,0.57,5.0,0.58,5.0,0.59,5.0,0.14,0.14,44.880427,1776167441000
1776167443.314,43.314,0.46,10.86,0.44,10.0,0.43,5.0,0.42,5.0,0.41,5.0,0.6,12.0,0.61,10.0,0.67,5.0,0.68,5.0,0.69,5.0,0.4,12.0,0.39,10.0,0.33,5.0,0.32,5.0,0.31,5.0,0.54,10.86,0.56,10.0,0.57,5.0,0.58,5.0,0.59,5.0,0.14,0.14,44.88043,1776167442000
1776167444.335,44.335,0.46,10.86,0.44,10.0,0.43,5.0,0.42,5.0,0.41,5.0,0.6,12.0,0.61,10.0,0.67,5.0,0.68,5.0,0.69,5.0,0.4,12.0,0.39,10.0,0.33,5.0,0.32,5.0,0.31,5.0,0.54,10.86,0.56,10.0,0.57,5.0,0.58,5.0,0.59,5.0,0.14,0.14,44.880628,1776167443000
1776167444.896,44.896,0.46,10.86,0.44,10.0,0.43,5.0,0.42,5.0,0.41,5.0,0.6,12.0,0.61,10.0,0.67,5.0,0.68,5.0,0.69,5.0,0.4,12.0,0.39,10.0,0.33,5.0,0.32,5.0,0.31,5.0,0.54,10.86,0.56,10.0,0.57,5.0,0.58,5.0,0.59,5.0,0.14,0.14,44.880356,1776167444000
1776167446.017,46.017,0.46,10.86,0.44,10.0,0.43,5.0,0.42,5.0,0.41,5.0,0.6,12.0,0.61,10.0,0.67,5.0,0.68,5.0,0.69,5.0,0.4,12.0,0.39,10.0,0.33,5.0,0.32,5.0,0.31,5.0,0.54,10.86,0.56,10.0,0.57,5.0,0.58,5.0,0.59,5.0,0.14,0.14,44.879245,1776167445000
1776167447.03,47.03,0.46,10.86,0.44,10.0,0.43,5.0,0.42,5.0,0.41,5.0,0.6,12.0,0.61,10.0,0.67,5.0,0.68,5.0,0.69,5.0,0.4,12.0,0.39,10.0,0.33,5.0,0.32,5.0,0.31,5.0,0.54,10.86,0.56,10.0,0.57,5.0,0.58,5.0,0.59,5.0,0.14,0.14,44.878408,1776167446000
1776167448.206,48.206,0.46,10.86,0.44,10.0,0.43,5.0,0.42,5.0,0.41,5.0,0.6,12.0,0.61,10.0,0.67,5.0,0.68,5.0,0.69,5.0,0.4,12.0,0.39,10.0,0.33,5.0,0.32,5.0,0.31,5.0,0.54,10.86,0.56,10.0,0.57,5.0,0.58,5.0,0.59,5.0,0.14,0.14,44.874198,1776167447000
1776167449.451,49.451,0.46,10.86,0.44,10.0,0.43,5.0,0.42,5.0,0.41,5.0,0.6,12.0,0.61,10.0,0.67,5.0,0.68,5.0,0.69,5.0,0.4,12.0,0.39,10.0,0.33,5.0,0.32,5.0,0.31,5.0,0.54,10.86,0.56,10.0,0.57,5.0,0.58,5.0,0.59,5.0,0.14,0.14,44.872518,1776167448000
1776167449.937,49.937,0.46,10.86,0.44,10.0,0.43,5.0,0.42,5.0,0.41,5.0,0.6,12.0,0.61,10.0,0.67,5.0,0.68,5.0,0.69,5.0,0.4,12.0,0.39,10.0,0.33,5.0,0.32,5.0,0.31,5.0,0.54,10.86,0.56,10.0,0.57,5.0,0.58,5.0,0.59,5.0,0.14,0.14,44.872518,1776167449000
1776167451.068,51.068,0.46,10.86,0.44,10.0,0.43,5.0,0.42,5.0,0.41,5.0,0.6,12.0,0.61,10.0,0.67,5.0,0.68,5.0,0.69,5.0,0.4,12.0,0.39,10.0,0.33,5.0,0.32,5.0,0.31,5.0,0.54,10.86,0.56,10.0,0.57,5.0,0.58,5.0,0.59,5.0,0.14,0.14,44.869396,1776167450000
1776167452.117,52.117,0.46,10.86,0.44,10.0,0.43,5.0,0.42,5.0,0.41,5.0,0.6,12.0,0.61,10.0,0.67,5.0,0.68,5.0,0.69,5.0,0.4,12.0,0.39,10.0,0.33,5.0,0.32,5.0,0.31,5.0,0.54,10.86,0.56,10.0,0.57,5.0,0.58,5.0,0.59,5.0,0.14,0.14,44.869377,1776167451000
1776167453.073,53.073,0.46,10.86,0.44,10.0,0.43,5.0,0.42,5.0,0.41,5.0,0.6,12.0,0.61,10.0,0.67,5.0,0.68,5.0,0.69,5.0,0.4,12.0,0.39,10.0,0.33,5.0,0.32,5.0,0.31,5.0,0.54,10.86,0.56,10.0,0.57,5.0,0.58,5.0,0.59,5.0,0.14,0.14,44.86908,1776167452000
1776167453.998,53.998,0.46,10.86,0.44,10.0,0.43,5.0,0.42,5.0,0.41,5.0,0.6,12.0,0.61,10.0,0.67,5.0,0.68,5.0,0.69,5.0,0.4,12.0,0.39,10.0,0.33,5.0,0.32,5.0,0.31,5.0,0.54,10.86,0.56,10.0,0.57,5.0,0.58,5.0,0.59,5.0,0.14,0.14,44.86908,1776167453000
1776167455.157,55.157,0.46,10.86,0.44,10.0,0.43,5.0,0.42,5.0,0.41,5.0,0.6,12.0,0.61,10.0,0.67,5.0,0.68,5.0,0.69,5.0,0.4,12.0,0.39,10.0,0.33,5.0,0.32,5.0,0.31,5.0,0.54,10.86,0.56,10.0,0.57,5.0,0.58,5.0,0.59,5.0,0.14,0.14,44.869954,1776167454000
1776167456.286,56.286,0.46,10.86,0.44,10.0,0.43,5.0,0.42,5.0,0.41,5.0,0.6,12.0,0.61,10.0,0.67,5.0,0.68,5.0,0.69,5.0,0.4,12.0,0.39,10.0,0.33,5.0,0.32,5.0,0.31,5.0,0.54,10.86,0.56,10.0,0.57,5.0,0.58,5.0,0.59,5.0,0.14,0.14,44.869728,1776167455000
1776167457.32,57.32,0.46,10.86,0.44,10.0,0.43,5.0,0.42,5.0,0.41,5.0,0.6,12.0,0.61,10.0,0.67,5.0,0.68,5.0,0.69,5.0,0.4,12.0,0.39,10.0,0.33,5.0,0.32,5.0,0.31,5.0,0.54,10.86,0.56,10.0,0.57,5.0,0.58,5.0,0.59,5.0,0.14,0.14,44.868504,1776167456000
1776167458.35,58.35,0.46,10.86,0.44,10.0,0.43,5.0,0.42,5.0,0.41,5.0,0.6,12.0,0.61,10.0,0.67,5.0,0.68,5.0,0.69,5.0,0.4,12.0,0.39,10.0,0.33,5.0,0.32,5.0,0.31,5.0,0.54,10.86,0.56,10.0,0.57,5.0,0.58,5.0,0.59,5.0,0.14,0.14,44.868504,1776167457000
1776167459.334,59.334,0.46,10.86,0.44,10.0,0.43,5.0,0.42,5.0,0.41,5.0,0.6,12.0,0.61,10.0,0.67,5.0,0.68,5.0,0.69,5.0,0.4,12.0,0.39,10.0,0.33,5.0,0.32,5.0,0.31,5.0,0.54,10.86,0.56,10.0,0.57,5.0,0.58,5.0,0.59,5.0,0.14,0.14,44.868504,1776167458000
1776167459.913,59.913,0.46,10.86,0.44,10.0,0.43,5.0,0.42,5.0,0.41,5.0,0.6,12.0,0.61,10.0,0.67,5.0,0.68,5.0,0.69,5.0,0.4,12.0,0.39,10.0,0.33,5.0,0.32,5.0,0.31,5.0,0.54,10.86,0.56,10.0,0.57,5.0,0.58,5.0,0.59,5.0,0.14,0.14,44.868495,1776167459000
1776167461.29,61.29,0.46,10.86,0.44,10.0,0.43,5.0,0.42,5.0,0.41,5.0,0.6,12.0,0.61,10.0,0.67,5.0,0.68,5.0,0.69,5.0,0.4,12.0,0.39,10.0,0.33,5.0,0.32,5.0,0.31,5.0,0.54,10.86,0.56,10.0,0.57,5.0,0.58,5.0,0.59,5.0,0.14,0.14,44.868854,1776167460000
1776167462.366,62.366,0.46,10.86,0.44,10.0,0.43,5.0,0.42,5.0,0.41,5.0,0.6,12.0,0.61,10.0,0.67,5.0,0.68,5.0,0.69,5.0,0.4,12.0,0.39,10.0,0.33,5.0,0.32,5.0,0.31,5.0,0.54,10.86,0.56,10.0,0.57,5.0,0.58,5.0,0.59,5.0,0.14,0.14,44.868582,1776167461000
1776167462.972,62.972,0.46,10.86,0.44,10.0,0.43,5.0,0.42,5.0,0.41,5.0,0.6,12.0,0.61,10.0,0.67,5.0,0.68,5.0,0.69,5.0,0.4,12.0,0.39,10.0,0.33,5.0,0.32,5.0,0.31,5.0,0.54,10.86,0.56,10.0,0.57,5.0,0.58,5.0,0.59,5.0,0.14,0.14,44.868582,1776167462000
1776167463.946,63.946,0.46,10.86,0.44,10.0,0.43,5.0,0.42,5.0,0.41,5.0,0.6,12.0,0.61,10.0,0.67,5.0,0.68,5.0,0.69,5.0,0.4,12.0,0.39,10.0,0.33,5.0,0.32,5.0,0.31,5.0,0.54,10.86,0.56,10.0,0.57,5.0,0.58,5.0,0.59,5.0,0.14,0.14,44.868569,1776167463000
1776167465.12,65.12,0.46,10.86,0.44,10.0,0.43,5.0,0.42,5.0,0.41,5.0,0.6,12.0,0.61,10.0,0.67,5.0,0.68,5.0,0.69,5.0,0.4,12.0,0.39,10.0,0.33,5.0,0.32,5.0,0.31,5.0,0.54,10.86,0.56,10.0,0.57,5.0,0.58,5.0,0.59,5.0,0.14,0.14,44.869398,1776167464000
1776167465.983,65.983,0.46,10.86,0.44,10.0,0.43,5.0,0.42,5.0,0.41,5.0,0.6,12.0,0.61,10.0,0.67,5.0,0.68,5.0,0.69,5.0,0.4,12.0,0.39,10.0,0.33,5.0,0.32,5.0,0.31,5.0,0.54,10.86,0.56,10.0,0.57,5.0,0.58,5.0,0.59,5.0,0.14,0.14,44.868907,1776167465000
1776167467.135,67.135,0.46,10.86,0.44,10.0,0.43,5.0,0.42,5.0,0.41,5.0,0.6,12.0,0.61,10.0,0.67,5.0,0.68,5.0,0.69,5.0,0.4,12.0,0.39,10.0,0.33,5.0,0.32,5.0,0.31,5.0,0.54,10.86,0.56,10.0,0.57,5.0,0.58,5.0,0.59,5.0,0.14,0.14,44.869736,1776167466000
1776167468.235,68.235,0.46,10.86,0.44,10.0,0.43,5.0,0.42,5.0,0.41,5.0,0.6,12.0,0.61,10.0,0.67,5.0,0.68,5.0,0.69,5.0,0.4,12.0,0.39,10.0,0.33,5.0,0.32,5.0,0.31,5.0,0.54,10.86,0.56,10.0,0.57,5.0,0.58,5.0,0.59,5.0,0.14,0.14,44.869105,1776167467000
1776167469.113,69.113,0.46,10.86,0.44,10.0,0.43,5.0,0.42,5.0,0.41,5.0,0.6,12.0,0.61,10.0,0.67,5.0,0.68,5.0,0.69,5.0,0.4,12.0,0.39,10.0,0.33,5.0,0.32,5.0,0.31,5.0,0.54,10.86,0.56,10.0,0.57,5.0,0.58,5.0,0.59,5.0,0.14,0.14,44.869105,1776167468000
1776167469.617,69.617,0.31,1.75,0.3,15.0,0.29,20.0,0.28,37.0,0.27,20.0,0.51,15.0,0.52,15.0,0.53,25.0,0.54,20.0,0.55,20.0,0.4,12.0,0.39,10.0,0.33,5.0,0.32,5.0,0.31,5.0,0.54,10.86,0.56,10.0,0.57,5.0,0.58,5.0,0.59,5.0,0.2,0.14,44.869105,1776167468000
1776167470.148,70.148,0.31,1.75,0.3,15.0,0.29,20.0,0.28,37.0,0.27,20.0,0.51,15.0,0.52,15.0,0.53,25.0,0.54,20.0,0.55,20.0,0.49,15.0,0.48,15.0,0.47,25.0,0.46,20.0,0.45,20.0,0.69,1.75,0.7,15.0,0.71,20.0,0.72,37.0,0.73,20.0,0.2,0.2,44.868865,1776167469000
1776167471.675,71.675,0.31,1.75,0.3,15.0,0.29,20.0,0.28,37.0,0.27,20.0,0.51,15.0,0.52,15.0,0.53,25.0,0.54,20.0,0.55,20.0,0.49,15.0,0.48,15.0,0.47,25.0,0.46,20.0,0.45,20.0,0.69,1.75,0.7,15.0,0.71,20.0,0.72,37.0,0.73,20.0,0.2,0.2,44.861358,1776167470000
1776167472.132,72.132,0.31,1.75,0.3,15.0,0.29,20.0,0.28,37.0,0.27,20.0,0.51,15.0,0.52,15.0,0.53,25.0,0.54,20.0,0.55,20.0,0.49,15.0,0.48,15.0,0.47,25.0,0.46,20.0,0.45,20.0,0.69,1.75,0.7,15.0,0.71,20.0,0.72,37.0,0.73,20.0,0.2,0.2,44.852939,1776167471000
1776167472.96,72.96,0.25,20.0,0.24,20.0,0.23,20.0,0.22,20.0,0.21,43.0,0.44,15.0,0.45,24.0,0.46,15.0,0.47,15.0,0.48,15.0,0.49,15.0,0.48,15.0,0.47,25.0,0.46,20.0,0.45,20.0,0.69,1.75,0.7,15.0,0.71,20.0,0.72,37.0,0.73,20.0,0.19,0.2,44.852939,1776167471000
1776167473.162,73.162,0.25,20.0,0.24,20.0,0.23,20.0,0.22,20.0,0.21,43.0,0.44,15.0,0.45,24.0,0.46,15.0,0.47,15.0,0.48,15.0,0.56,15.0,0.55,24.0,0.54,15.0,0.53,15.0,0.52,15.0,0.75,20.0,0.76,20.0,0.77,20.0,0.78,20.0,0.79,43.0,0.19,0.19,44.844616,1776167472000
1776167473.974,73.974,0.26,13.25,0.25,20.0,0.24,30.0,0.23,41.0,0.22,20.0,0.41,10.0,0.42,15.0,0.43,15.0,0.44,15.0,0.45,15.0,0.56,15.0,0.55,24.0,0.54,15.0,0.53,15.0,0.52,15.0,0.75,20.0,0.76,20.0,0.77,20.0,0.78,20.0,0.79,43.0,0.15,0.19,44.844616,1776167472000
1776167474.347,74.347,0.26,13.25,0.25,20.0,0.24,30.0,0.23,41.0,0.22,20.0,0.41,10.0,0.42,15.0,0.43,15.0,0.44,15.0,0.45,15.0,0.59,10.0,0.58,15.0,0.57,15.0,0.56,15.0,0.55,15.0,0.74,13.25,0.75,20.0,0.76,30.0,0.77,41.0,0.78,20.0,0.15,0.15,44.843904,1776167473000
1776167474.965,74.965,0.29,11.02,0.28,15.0,0.27,30.0,0.26,13.25,0.25,20.0,0.43,15.0,0.44,25.0,0.45,15.0,0.46,15.0,0.47,15.0,0.59,10.0,0.58,15.0,0.57,15.0,0.56,15.0,0.55,15.0,0.74,13.25,0.75,20.0,0.76,30.0,0.77,41.0,0.78,20.0,0.14,0.15,44.843904,1776167473000
1776167475.328,75.328,0.29,11.02,0.28,15.0,0.27,30.0,0.26,13.25,0.25,20.0,0.43,15.0,0.44,25.0,0.45,15.0,0.46,15.0,0.47,15.0,0.57,15.0,0.56,25.0,0.55,15.0,0.54,15.0,0.53,15.0,0.71,11.02,0.72,15.0,0.73,30.0,0.74,13.25,0.75,20.0,0.14,0.14,44.843133,1776167474000
1776167476.007,76.007,0.3,9.85,0.29,26.02,0.28,15.0,0.27,20.0,0.26,23.25,0.43,25.0,0.44,15.0,0.45,15.0,0.46,15.0,0.47,15.0,0.57,15.0,0.56,25.0,0.55,15.0,0.54,15.0,0.53,15.0,0.71,11.02,0.72,15.0,0.73,30.0,0.74,13.25,0.75,20.0,0.13,0.14,44.843133,1776167474000
1776167476.446,76.446,0.3,9.85,0.29,26.02,0.28,15.0,0.27,20.0,0.26,23.25,0.43,25.0,0.44,15.0,0.45,15.0,0.46,15.0,0.47,15.0,0.57,25.0,0.56,15.0,0.55,15.0,0.54,15.0,0.53,15.0,0.7,9.85,0.71,26.02,0.72,15.0,0.73,20.0,0.74,23.25,0.13,0.13,44.848562,1776167475000
1776167477.004,77.004,0.3,5.47,0.29,26.02,0.28,15.0,0.27,20.0,0.26,23.25,0.43,25.0,0.44,15.0,0.45,15.0,0.46,15.0,0.47,15.0,0.57,25.0,0.56,15.0,0.55,15.0,0.54,15.0,0.53,15.0,0.7,9.85,0.71,26.02,0.72,15.0,0.73,20.0,0.74,23.25,0.13,0.13,44.848562,1776167475000
1776167477.992,77.992,0.3,1.75,0.29,15.0,0.28,15.0,0.27,20.0,0.26,23.25,0.43,25.0,0.44,15.0,0.45,15.0,0.46,15.0,0.47,24.0,0.57,25.0,0.56,15.0,0.55,15.0,0.54,15.0,0.53,15.0,0.7,5.47,0.71,26.02,0.72,15.0,0.73,20.0,0.74,23.25,0.13,0.13,44.848562,1776167476000
1776167478.556,78.556,0.28,15.0,0.27,20.0,0.26,13.25,0.25,20.0,0.24,40.0,0.4,4.0,0.42,15.0,0.43,15.0,0.44,15.0,0.45,15.0,0.57,25.0,0.56,15.0,0.55,15.0,0.54,15.0,0.53,24.0,0.7,1.75,0.71,15.0,0.72,15.0,0.73,20.0,0.74,23.25,0.12,0.13,44.849021,1776167477000
1776167478.972,78.972,0.28,15.0,0.27,20.0,0.26,13.25,0.25,20.0,0.24,40.0,0.4,4.0,0.42,15.0,0.43,15.0,0.44,15.0,0.45,15.0,0.6,4.0,0.58,15.0,0.57,15.0,0.56,15.0,0.55,15.0,0.72,15.0,0.73,20.0,0.74,13.25,0.75,20.0,0.76,40.0,0.12,0.12,44.849021,1776167478000
1776167480.063,80.063,0.27,11.97,0.26,13.25,0.25,20.0,0.24,50.0,0.23,15.0,0.41,25.0,0.42,15.0,0.43,15.0,0.44,15.0,0.45,15.0,0.59,25.0,0.58,15.0,0.57,15.0,0.56,15.0,0.55,15.0,0.73,11.97,0.74,13.25,0.75,20.0,0.76,50.0,0.77,15.0,0.14,0.14,44.847592,1776167479000
1776167481.068,81.068,0.27,11.97,0.26,13.25,0.25,20.0,0.24,50.0,0.23,15.0,0.41,25.0,0.42,15.0,0.43,15.0,0.44,15.0,0.45,15.0,0.59,25.0,0.58,15.0,0.57,15.0,0.56,15.0,0.55,15.0,0.73,11.97,0.74,13.25,0.75,20.0,0.76,50.0,0.77,15.0,0.14,0.14,44.847592,1776167480000
1776167482.199,82.199,0.27,11.97,0.26,13.25,0.25,20.0,0.24,50.0,0.23,15.0,0.41,25.0,0.42,15.0,0.43,15.0,0.44,15.0,0.45,15.0,0.59,25.0,0.58,15.0,0.57,15.0,0.56,15.0,0.55,15.0,0.73,11.97,0.74,13.25,0.75,20.0,0.76,50.0,0.77,15.0,0.14,0.14,44.84705,1776167481000
1776167483.368,83.368,0.27,11.97,0.26,13.25,0.25,20.0,0.24,50.0,0.23,15.0,0.41,25.0,0.42,15.0,0.43,15.0,0.44,15.0,0.45,15.0,0.59,25.0,0.58,15.0,0.57,15.0,0.56,15.0,0.55,15.0,0.73,11.97,0.74,13.25,0.75,20.0,0.76,50.0,0.77,15.0,0.14,0.14,44.845881,1776167482000
1776167483.888,83.888,0.27,11.97,0.26,13.25,0.25,20.0,0.24,50.0,0.23,15.0,0.41,25.0,0.42,15.0,0.43,15.0,0.44,15.0,0.45,15.0,0.59,25.0,0.58,15.0,0.57,15.0,0.56,15.0,0.55,15.0,0.73,11.97,0.74,13.25,0.75,20.0,0.76,50.0,0.77,15.0,0.14,0.14,44.845881,1776167483000
1776167485.031,85.031,0.27,11.97,0.26,13.25,0.25,20.0,0.24,50.0,0.23,15.0,0.41,25.0,0.42,15.0,0.43,15.0,0.44,15.0,0.45,15.0,0.59,25.0,0.58,15.0,0.57,15.0,0.56,15.0,0.55,15.0,0.73,11.97,0.74,13.25,0.75,20.0,0.76,50.0,0.77,15.0,0.14,0.14,44.845526,1776167484000
1776167486.178,86.178,0.27,11.97,0.26,13.25,0.25,20.0,0.24,50.0,0.23,15.0,0.41,25.0,0.42,15.0,0.43,15.0,0.44,15.0,0.45,15.0,0.59,25.0,0.58,15.0,0.57,15.0,0.56,15.0,0.55,15.0,0.73,11.97,0.74,13.25,0.75,20.0,0.76,50.0,0.77,15.0,0.14,0.14,44.845291,1776167485000
1776167487.29,87.29,0.27,11.97,0.26,13.25,0.25,20.0,0.24,50.0,0.23,15.0,0.41,25.0,0.42,15.0,0.43,15.0,0.44,15.0,0.45,15.0,0.59,25.0,0.58,15.0,0.57,15.0,0.56,15.0,0.55,15.0,0.73,11.97,0.74,13.25,0.75,20.0,0.76,50.0,0.77,15.0,0.14,0.14,44.845291,1776167486000
1776167488.451,88.451,0.27,11.97,0.26,13.25,0.25,20.0,0.24,50.0,0.23,15.0,0.41,25.0,0.42,15.0,0.43,15.0,0.44,15.0,0.45,15.0,0.59,25.0,0.58,15.0,0.57,15.0,0.56,15.0,0.55,15.0,0.73,11.97,0.74,13.25,0.75,20.0,0.76,50.0,0.77,15.0,0.14,0.14,44.846445,1776167487000
1776167489.011,89.011,0.27,11.97,0.26,13.25,0.25,20.0,0.24,50.0,0.23,15.0,0.41,25.0,0.42,15.0,0.43,15.0,0.44,15.0,0.45,15.0,0.59,25.0,0.58,15.0,0.57,15.0,0.56,15.0,0.55,15.0,0.73,11.97,0.74,13.25,0.75,20.0,0.76,50.0,0.77,15.0,0.14,0.14,44.84418,1776167488000
1776167490.078,90.078,0.27,11.97,0.26,13.25,0.25,20.0,0.24,50.0,0.23,15.0,0.41,25.0,0.42,15.0,0.43,15.0,0.44,15.0,0.45,15.0,0.59,25.0,0.58,15.0,0.57,15.0,0.56,15.0,0.55,15.0,0.73,11.97,0.74,13.25,0.75,20.0,0.76,50.0,0.77,15.0,0.14,0.14,44.84405,1776167489000
1776167491.155,91.155,0.27,11.97,0.26,13.25,0.25,20.0,0.24,50.0,0.23,15.0,0.41,25.0,0.42,15.0,0.43,15.0,0.44,15.0,0.45,15.0,0.59,25.0,0.58,15.0,0.57,15.0,0.56,15.0,0.55,15.0,0.73,11.97,0.74,13.25,0.75,20.0,0.76,50.0,0.77,15.0,0.14,0.14,44.844189,1776167490000
1776167492.389,92.389,0.27,11.97,0.26,13.25,0.25,20.0,0.24,50.0,0.23,15.0,0.41,25.0,0.42,15.0,0.43,15.0,0.44,15.0,0.45,15.0,0.59,25.0,0.58,15.0,0.57,15.0,0.56,15.0,0.55,15.0,0.73,11.97,0.74,13.25,0.75,20.0,0.76,50.0,0.77,15.0,0.14,0.14,44.844189,1776167491000
1776167492.956,92.956,0.27,11.97,0.26,13.25,0.25,20.0,0.24,50.0,0.23,15.0,0.41,25.0,0.42,15.0,0.43,15.0,0.44,15.0,0.45,15.0,0.59,25.0,0.58,15.0,0.57,15.0,0.56,15.0,0.55,15.0,0.73,11.97,0.74,13.25,0.75,20.0,0.76,50.0,0.77,15.0,0.14,0.14,44.844189,1776167492000
1776167494.005,94.005,0.27,11.97,0.26,13.25,0.25,20.0,0.24,50.0,0.23,15.0,0.41,25.0,0.42,15.0,0.43,15.0,0.44,15.0,0.45,15.0,0.59,25.0,0.58,15.0,0.57,15.0,0.56,15.0,0.55,15.0,0.73,11.97,0.74,13.25,0.75,20.0,0.76,50.0,0.77,15.0,0.14,0.14,44.846244,1776167493000
1776167495.508,95.508,0.27,11.97,0.26,13.25,0.25,20.0,0.24,50.0,0.23,15.0,0.41,25.0,0.42,15.0,0.43,15.0,0.44,15.0,0.45,15.0,0.59,25.0,0.58,15.0,0.57,15.0,0.56,15.0,0.55,15.0,0.73,11.97,0.74,13.25,0.75,20.0,0.76,50.0,0.77,15.0,0.14,0.14,44.847151,1776167494000
1776167496.014,96.014,0.27,11.97,0.26,13.25,0.25,20.0,0.24,50.0,0.23,15.0,0.41,25.0,0.42,15.0,0.43,15.0,0.44,15.0,0.45,15.0,0.59,25.0,0.58,15.0,0.57,15.0,0.56,15.0,0.55,15.0,0.73,11.97,0.74,13.25,0.75,20.0,0.76,50.0,0.77,15.0,0.14,0.14,44.848247,1776167495000
1776167497.04,97.04,0.27,11.97,0.26,13.25,0.25,20.0,0.24,50.0,0.23,15.0,0.41,25.0,0.42,15.0,0.43,15.0,0.44,15.0,0.45,15.0,0.59,25.0,0.58,15.0,0.57,15.0,0.56,15.0,0.55,15.0,0.73,11.97,0.74,13.25,0.75,20.0,0.76,50.0,0.77,15.0,0.14,0.14,44.850036,1776167496000
1776167498.171,98.171,0.27,11.97,0.26,13.25,0.25,20.0,0.24,50.0,0.23,15.0,0.41,25.0,0.42,15.0,0.43,15.0,0.44,15.0,0.45,15.0,0.59,25.0,0.58,15.0,0.57,15.0,0.56,15.0,0.55,15.0,0.73,11.97,0.74,13.25,0.75,20.0,0.76,50.0,0.77,15.0,0.14,0.14,44.856738,1776167497000
1776167499.162,99.162,0.27,11.97,0.26,13.25,0.25,20.0,0.24,50.0,0.23,15.0,0.41,25.0,0.42,15.0,0.43,15.0,0.44,15.0,0.45,15.0,0.59,25.0,0.58,15.0,0.57,15.0,0.56,15.0,0.55,15.0,0.73,11.97,0.74,13.25,0.75,20.0,0.76,50.0,0.77,15.0,0.14,0.14,44.855505,1776167498000
1776167500.137,100.137,0.27,11.97,0.26,13.25,0.25,20.0,0.24,50.0,0.23,15.0,0.41,25.0,0.42,15.0,0.43,15.0,0.44,15.0,0.45,15.0,0.59,25.0,0.58,15.0,0.57,15.0,0.56,15.0,0.55,15.0,0.73,11.97,0.74,13.25,0.75,20.0,0.76,50.0,0.77,15.0,0.14,0.14,44.857226,1776167499000
1776167501.072,101.072,0.27,11.97,0.26,13.25,0.25,20.0,0.24,50.0,0.23,15.0,0.41,25.0,0.42,15.0,0.43,15.0,0.44,15.0,0.45,15.0,0.59,25.0,0.58,15.0,0.57,15.0,0.56,15.0,0.55,15.0,0.73,11.97,0.74,13.25,0.75,20.0,0.76,50.0,0.77,15.0,0.14,0.14,44.858308,1776167500000
1776167502.02,102.02,0.27,11.97,0.26,13.25,0.25,20.0,0.24,50.0,0.23,15.0,0.41,25.0,0.42,15.0,0.43,15.0,0.44,15.0,0.45,15.0,0.59,25.0,0.58,15.0,0.57,15.0,0.56,15.0,0.55,15.0,0.73,11.97,0.74,13.25,0.75,20.0,0.76,50.0,0.77,15.0,0.14,0.14,44.857226,1776167501000
1776167502.979,102.979,0.27,11.97,0.26,13.25,0.25,20.0,0.24,50.0,0.23,15.0,0.41,25.0,0.42,15.0,0.43,15.0,0.44,15.0,0.45,15.0,0.59,25.0,0.58,15.0,0.57,15.0,0.56,15.0,0.55,15.0,0.73,11.97,0.74,13.25,0.75,20.0,0.76,50.0,0.77,15.0,0.14,0.14,44.858314,1776167502000
1776167503.866,103.866,0.27,11.97,0.26,13.25,0.25,20.0,0.24,50.0,0.23,15.0,0.41,25.0,0.42,15.0,0.43,15.0,0.44,15.0,0.45,15.0,0.59,25.0,0.58,15.0,0.57,15.0,0.56,15.0,0.55,15.0,0.73,11.97,0.74,13.25,0.75,20.0,0.76,50.0,0.77,15.0,0.14,0.14,44.857674,1776167503000
1776167504.9,104.9,0.27,11.97,0.26,13.25,0.25,20.0,0.24,50.0,0.23,15.0,0.41,25.0,0.42,15.0,0.43,15.0,0.44,15.0,0.45,15.0,0.59,25.0,0.58,15.0,0.57,15.0,0.56,15.0,0.55,15.0,0.73,11.97,0.74,13.25,0.75,20.0,0.76,50.0,0.77,15.0,0.14,0.14,44.857611,1776167504000
1776167505.82,105.82,0.27,11.97,0.26,13.25,0.25,20.0,0.24,50.0,0.23,15.0,0.41,25.0,0.42,15.0,0.43,15.0,0.44,15.0,0.45,15.0,0.59,25.0,0.58,15.0,0.57,15.0,0.56,15.0,0.55,15.0,0.73,11.97,0.74,13.25,0.75,20.0,0.76,50.0,0.77,15.0,0.14,0.14,44.853353,1776167505000
1776167506.352,106.352,0.23,14.61,0.22,15.0,0.21,25.0,0.2,15.0,0.19,15.0,0.38,10.0,0.4,8.0,0.42,15.0,0.43,15.0,0.44,15.0,0.59,25.0,0.58,15.0,0.57,15.0,0.56,15.0,0.55,15.0,0.73,11.97,0.74,13.25,0.75,20.0,0.76,50.0,0.77,15.0,0.15,0.14,44.853353,1776167505000
1776167506.859,106.859,0.23,14.61,0.22,15.0,0.21,25.0,0.2,15.0,0.19,15.0,0.38,10.0,0.4,8.0,0.42,15.0,0.43,15.0,0.44,15.0,0.62,10.0,0.6,8.0,0.58,15.0,0.57,15.0,0.56,15.0,0.77,14.61,0.78,15.0,0.79,25.0,0.8,15.0,0.81,15.0,0.15,0.15,44.85024,1776167506000
1776167508.18,108.18,0.23,14.61,0.22,15.0,0.21,25.0,0.2,15.0,0.19,15.0,0.38,10.0,0.4,8.0,0.42,15.0,0.43,15.0,0.44,15.0,0.62,10.0,0.6,8.0,0.58,15.0,0.57,15.0,0.56,15.0,0.77,14.61,0.78,15.0,0.79,25.0,0.8,15.0,0.81,15.0,0.15,0.15,44.8465,1776167507000
1776167509.186,109.186,0.23,14.61,0.22,15.0,0.21,25.0,0.2,15.0,0.19,15.0,0.38,10.0,0.4,8.0,0.42,15.0,0.43,15.0,0.44,15.0,0.62,10.0,0.6,8.0,0.58,15.0,0.57,15.0,0.56,15.0,0.77,14.61,0.78,15.0,0.79,25.0,0.8,15.0,0.81,15.0,0.15,0.15,44.846452,1776167508000
1776167510.301,110.301,0.23,14.61,0.22,15.0,0.21,25.0,0.2,15.0,0.19,15.0,0.38,10.0,0.4,8.0,0.42,15.0,0.43,15.0,0.44,15.0,0.62,10.0,0.6,8.0,0.58,15.0,0.57,15.0,0.56,15.0,0.77,14.61,0.78,15.0,0.79,25.0,0.8,15.0,0.81,15.0,0.15,0.15,44.846452,1776167509000
1776167511.549,111.549,0.23,14.61,0.22,15.0,0.21,25.0,0.2,15.0,0.19,15.0,0.38,10.0,0.4,8.0,0.42,15.0,0.43,15.0,0.44,15.0,0.62,10.0,0.6,8.0,0.58,15.0,0.57,15.0,0.56,15.0,0.77,14.61,0.78,15.0,0.79,25.0,0.8,15.0,0.81,15.0,0.15,0.15,44.846326,1776167510000
1776167512.059,112.059,0.23,14.61,0.22,15.0,0.21,25.0,0.2,15.0,0.19,15.0,0.38,10.0,0.4,8.0,0.42,15.0,0.43,15.0,0.44,15.0,0.62,10.0,0.6,8.0,0.58,15.0,0.57,15.0,0.56,15.0,0.77,14.61,0.78,15.0,0.79,25.0,0.8,15.0,0.81,15.0,0.15,0.15,44.846264,1776167511000
1776167513.323,113.323,0.23,14.61,0.22,15.0,0.21,25.0,0.2,15.0,0.19,15.0,0.38,10.0,0.4,8.0,0.42,15.0,0.43,15.0,0.44,15.0,0.62,10.0,0.6,8.0,0.58,15.0,0.57,15.0,0.56,15.0,0.77,14.61,0.78,15.0,0.79,25.0,0.8,15.0,0.81,15.0,0.15,0.15,44.846264,1776167512000
1776167514.641,114.641,0.23,14.61,0.22,15.0,0.21,25.0,0.2,15.0,0.19,15.0,0.38,10.0,0.4,8.0,0.42,15.0,0.43,15.0,0.44,15.0,0.62,10.0,0.6,8.0,0.58,15.0,0.57,15.0,0.56,15.0,0.77,14.61,0.78,15.0,0.79,25.0,0.8,15.0,0.81,15.0,0.15,0.15,44.84627,1776167513000
1776167514.955,114.955,0.23,14.61,0.22,15.0,0.21,25.0,0.2,15.0,0.19,15.0,0.38,10.0,0.4,8.0,0.42,15.0,0.43,15.0,0.44,15.0,0.62,10.0,0.6,8.0,0.58,15.0,0.57,15.0,0.56,15.0,0.77,14.61,0.78,15.0,0.79,25.0,0.8,15.0,0.81,15.0,0.15,0.15,44.846253,1776167514000
1776167516.0,116.0,0.23,14.61,0.22,15.0,0.21,25.0,0.2,15.0,0.19,15.0,0.38,10.0,0.4,8.0,0.42,15.0,0.43,15.0,0.44,15.0,0.62,10.0,0.6,8.0,0.58,15.0,0.57,15.0,0.56,15.0,0.77,14.61,0.78,15.0,0.79,25.0,0.8,15.0,0.81,15.0,0.15,0.15,44.84678,1776167515000
1776167517.024,117.024,0.23,14.61,0.22,15.0,0.21,25.0,0.2,15.0,0.19,15.0,0.38,10.0,0.4,8.0,0.42,15.0,0.43,15.0,0.44,15.0,0.62,10.0,0.6,8.0,0.58,15.0,0.57,15.0,0.56,15.0,0.77,14.61,0.78,15.0,0.79,25.0,0.8,15.0,0.81,15.0,0.15,0.15,44.846841,1776167516000
1776167518.171,118.171,0.23,14.61,0.22,15.0,0.21,25.0,0.2,15.0,0.19,15.0,0.38,10.0,0.4,8.0,0.42,15.0,0.43,15.0,0.44,15.0,0.62,10.0,0.6,8.0,0.58,15.0,0.57,15.0,0.56,15.0,0.77,14.61,0.78,15.0,0.79,25.0,0.8,15.0,0.81,15.0,0.15,0.15,44.846613,1776167517000
1776167519.26,119.26,0.23,14.61,0.22,15.0,0.21,25.0,0.2,15.0,0.19,15.0,0.38,10.0,0.4,8.0,0.42,15.0,0.43,15.0,0.44,15.0,0.62,10.0,0.6,8.0,0.58,15.0,0.57,15.0,0.56,15.0,0.77,14.61,0.78,15.0,0.79,25.0,0.8,15.0,0.81,15.0,0.15,0.15,44.849616,1776167518000
1776167520.389,120.389,0.23,14.61,0.22,15.0,0.21,25.0,0.2,15.0,0.19,15.0,0.38,10.0,0.4,8.0,0.42,15.0,0.43,15.0,0.44,15.0,0.62,10.0,0.6,8.0,0.58,15.0,0.57,15.0,0.56,15.0,0.77,14.61,0.78,15.0,0.79,25.0,0.8,15.0,0.81,15.0,0.15,0.15,44.849648,1776167519000
1776167521.383,121.383,0.23,14.61,0.22,15.0,0.21,25.0,0.2,15.0,0.19,15.0,0.38,10.0,0.4,8.0,0.42,15.0,0.43,15.0,0.44,15.0,0.62,10.0,0.6,8.0,0.58,15.0,0.57,15.0,0.56,15.0,0.77,14.61,0.78,15.0,0.79,25.0,0.8,15.0,0.81,15.0,0.15,0.15,44.851235,1776167520000
1776167522.363,122.363,0.23,14.61,0.22,15.0,0.21,25.0,0.2,15.0,0.19,15.0,0.38,10.0,0.4,8.0,0.42,15.0,0.43,15.0,0.44,15.0,0.62,10.0,0.6,8.0,0.58,15.0,0.57,15.0,0.56,15.0,0.77,14.61,0.78,15.0,0.79,25.0,0.8,15.0,0.81,15.0,0.15,0.15,44.85107,1776167521000
1776167522.9,122.9,0.23,14.61,0.22,15.0,0.21,25.0,0.2,15.0,0.19,15.0,0.38,10.0,0.4,8.0,0.42,15.0,0.43,15.0,0.44,15.0,0.62,10.0,0.6,8.0,0.58,15.0,0.57,15.0,0.56,15.0,0.77,14.61,0.78,15.0,0.79,25.0,0.8,15.0,0.81,15.0,0.15,0.15,44.851035,1776167522000
1776167523.913,123.913,0.23,14.61,0.22,15.0,0.21,25.0,0.2,15.0,0.19,15.0,0.38,10.0,0.4,8.0,0.42,15.0,0.43,15.0,0.44,15.0,0.62,10.0,0.6,8.0,0.58,15.0,0.57,15.0,0.56,15.0,0.77,14.61,0.78,15.0,0.79,25.0,0.8,15.0,0.81,15.0,0.15,0.15,44.846338,1776167523000
1776167525.07,125.07,0.23,14.61,0.22,15.0,0.21,25.0,0.2,15.0,0.19,15.0,0.38,10.0,0.4,8.0,0.42,15.0,0.43,15.0,0.44,15.0,0.62,10.0,0.6,8.0,0.58,15.0,0.57,15.0,0.56,15.0,0.77,14.61,0.78,15.0,0.79,25.0,0.8,15.0,0.81,15.0,0.15,0.15,44.84599,1776167524000
1776167526.066,126.066,0.23,14.61,0.22,15.0,0.21,25.0,0.2,15.0,0.19,15.0,0.38,10.0,0.4,8.0,0.42,15.0,0.43,15.0,0.44,15.0,0.62,10.0,0.6,8.0,0.58,15.0,0.57,15.0,0.56,15.0,0.77,14.61,0.78,15.0,0.79,25.0,0.8,15.0,0.81,15.0,0.15,0.15,44.845791,1776167525000
1776167527.217,127.217,0.23,14.61,0.22,15.0,0.21,25.0,0.2,15.0,0.19,15.0,0.38,10.0,0.4,8.0,0.42,15.0,0.43,15.0,0.44,15.0,0.62,10.0,0.6,8.0,0.58,15.0,0.57,15.0,0.56,15.0,0.77,14.61,0.78,15.0,0.79,25.0,0.8,15.0,0.81,15.0,0.15,0.15,44.845861,1776167526000
1776167528.316,128.316,0.23,14.61,0.22,15.0,0.21,25.0,0.2,15.0,0.19,15.0,0.38,10.0,0.4,8.0,0.42,15.0,0.43,15.0,0.44,15.0,0.62,10.0,0.6,8.0,0.58,15.0,0.57,15.0,0.56,15.0,0.77,14.61,0.78,15.0,0.79,25.0,0.8,15.0,0.81,15.0,0.15,0.15,44.845864,1776167527000
1776167529.289,129.289,0.23,14.61,0.22,15.0,0.21,25.0,0.2,15.0,0.19,15.0,0.38,10.0,0.4,8.0,0.42,15.0,0.43,15.0,0.44,15.0,0.62,10.0,0.6,8.0,0.58,15.0,0.57,15.0,0.56,15.0,0.77,14.61,0.78,15.0,0.79,25.0,0.8,15.0,0.81,15.0,0.15,0.15,44.84259,1776167528000
1776167530.32,130.32,0.23,14.61,0.22,15.0,0.21,25.0,0.2,15.0,0.19,15.0,0.38,10.0,0.4,8.0,0.42,15.0,0.43,15.0,0.44,15.0,0.62,10.0,0.6,8.0,0.58,15.0,0.57,15.0,0.56,15.0,0.77,14.61,0.78,15.0,0.79,25.0,0.8,15.0,0.81,15.0,0.15,0.15,44.841409,1776167529000
1776167531.382,131.382,0.23,14.61,0.22,15.0,0.21,25.0,0.2,15.0,0.19,15.0,0.38,10.0,0.4,8.0,0.42,15.0,0.43,15.0,0.44,15.0,0.62,10.0,0.6,8.0,0.58,15.0,0.57,15.0,0.56,15.0,0.77,14.61,0.78,15.0,0.79,25.0,0.8,15.0,0.81,15.0,0.15,0.15,44.838329,1776167530000
1776167531.848,131.848,0.23,14.61,0.22,15.0,0.21,25.0,0.2,15.0,0.19,15.0,0.38,10.0,0.4,8.0,0.42,15.0,0.43,15.0,0.44,15.0,0.62,10.0,0.6,8.0,0.58,15.0,0.57,15.0,0.56,15.0,0.77,14.61,0.78,15.0,0.79,25.0,0.8,15.0,0.81,15.0,0.15,0.15,44.835571,1776167531000
1776167532.925,132.925,0.23,14.61,0.22,15.0,0.21,25.0,0.2,15.0,0.19,15.0,0.38,10.0,0.4,8.0,0.42,15.0,0.43,15.0,0.44,15.0,0.62,10.0,0.6,8.0,0.58,15.0,0.57,15.0,0.56,15.0,0.77,14.61,0.78,15.0,0.79,25.0,0.8,15.0,0.81,15.0,0.15,0.15,44.835571,1776167532000
1776167533.867,133.867,0.23,14.61,0.22,15.0,0.21,25.0,0.2,15.0,0.19,15.0,0.38,10.0,0.4,8.0,0.42,15.0,0.43,15.0,0.44,15.0,0.62,10.0,0.6,8.0,0.58,15.0,0.57,15.0,0.56,15.0,0.77,14.61,0.78,15.0,0.79,25.0,0.8,15.0,0.81,15.0,0.15,0.15,44.835571,1776167533000
1776167534.882,134.882,0.23,14.61,0.22,15.0,0.21,25.0,0.2,15.0,0.19,15.0,0.38,10.0,0.4,8.0,0.42,15.0,0.43,15.0,0.44,15.0,0.62,10.0,0.6,8.0,0.58,15.0,0.57,15.0,0.56,15.0,0.77,14.61,0.78,15.0,0.79,25.0,0.8,15.0,0.81,15.0,0.15,0.15,44.834467,1776167534000
1776167537.275,137.275,0.23,14.61,0.22,15.0,0.21,25.0,0.2,15.0,0.19,15.0,0.38,10.0,0.4,8.0,0.42,15.0,0.43,15.0,0.44,15.0,0.62,10.0,0.6,8.0,0.58,15.0,0.57,15.0,0.56,15.0,0.77,14.61,0.78,15.0,0.79,25.0,0.8,15.0,0.81,15.0,0.15,0.15,44.837263,1776167535000
1776167537.956,137.956,0.23,14.61,0.22,15.0,0.21,25.0,0.2,15.0,0.19,15.0,0.38,10.0,0.4,8.0,0.42,15.0,0.43,15.0,0.44,15.0,0.62,10.0,0.6,8.0,0.58,15.0,0.57,15.0,0.56,15.0,0.77,14.61,0.78,15.0,0.79,25.0,0.8,15.0,0.81,15.0,0.15,0.15,44.840967,1776167536000
1776167538.602,138.602,0.23,14.61,0.22,15.0,0.21,25.0,0.2,15.0,0.19,15.0,0.38,10.0,0.4,8.0,0.42,15.0,0.43,15.0,0.44,15.0,0.62,10.0,0.6,8.0,0.58,15.0,0.57,15.0,0.56,15.0,0.77,14.61,0.78,15.0,0.79,25.0,0.8,15.0,0.81,15.0,0.15,0.15,44.842341,1776167537000
1776167539.229,139.229,0.23,14.61,0.22,15.0,0.21,25.0,0.2,15.0,0.19,15.0,0.38,10.0,0.4,8.0,0.42,15.0,0.43,15.0,0.44,15.0,0.62,10.0,0.6,8.0,0.58,15.0,0.57,15.0,0.56,15.0,0.77,14.61,0.78,15.0,0.79,25.0,0.8,15.0,0.81,15.0,0.15,0.15,44.842694,1776167538000
1776167540.787,140.787,0.23,14.61,0.22,15.0,0.21,25.0,0.2,15.0,0.19,15.0,0.38,10.0,0.4,8.0,0.42,15.0,0.43,15.0,0.44,15.0,0.62,10.0,0.6,8.0,0.58,15.0,0.57,15.0,0.56,15.0,0.77,14.61,0.78,15.0,0.79,25.0,0.8,15.0,0.81,15.0,0.15,0.15,44.844619,1776167539000
1776167541.393,141.393,0.23,14.61,0.22,15.0,0.21,25.0,0.2,15.0,0.19,15.0,0.38,10.0,0.4,8.0,0.42,15.0,0.43,15.0,0.44,15.0,0.62,10.0,0.6,8.0,0.58,15.0,0.57,15.0,0.56,15.0,0.77,14.61,0.78,15.0,0.79,25.0,0.8,15.0,0.81,15.0,0.15,0.15,44.845446,1776167540000
1776167542.142,142.142,0.23,14.61,0.22,15.0,0.21,25.0,0.2,15.0,0.19,15.0,0.38,10.0,0.4,8.0,0.42,15.0,0.43,15.0,0.44,15.0,0.62,10.0,0.6,8.0,0.58,15.0,0.57,15.0,0.56,15.0,0.77,14.61,0.78,15.0,0.79,25.0,0.8,15.0,0.81,15.0,0.15,0.15,44.845446,1776167541000
1776167543.577,143.577,0.23,14.61,0.22,15.0,0.21,25.0,0.2,15.0,0.19,15.0,0.38,10.0,0.4,8.0,0.42,15.0,0.43,15.0,0.44,15.0,0.62,10.0,0.6,8.0,0.58,15.0,0.57,15.0,0.56,15.0,0.77,14.61,0.78,15.0,0.79,25.0,0.8,15.0,0.81,15.0,0.15,0.15,44.84563,1776167542000
1776167544.301,144.301,0.23,14.61,0.22,15.0,0.21,25.0,0.2,15.0,0.19,15.0,0.38,10.0,0.4,8.0,0.42,15.0,0.43,15.0,0.44,15.0,0.62,10.0,0.6,8.0,0.58,15.0,0.57,15.0,0.56,15.0,0.77,14.61,0.78,15.0,0.79,25.0,0.8,15.0,0.81,15.0,0.15,0.15,44.847413,1776167543000
1776167545.63,145.63,0.23,14.61,0.22,15.0,0.21,25.0,0.2,15.0,0.19,15.0,0.38,10.0,0.4,8.0,0.42,15.0,0.43,15.0,0.44,15.0,0.62,10.0,0.6,8.0,0.58,15.0,0.57,15.0,0.56,15.0,0.77,14.61,0.78,15.0,0.79,25.0,0.8,15.0,0.81,15.0,0.15,0.15,44.848109,1776167544000
1776167546.206,146.206,0.23,14.61,0.22,15.0,0.21,25.0,0.2,15.0,0.19,15.0,0.38,10.0,0.4,8.0,0.42,15.0,0.43,15.0,0.44,15.0,0.62,10.0,0.6,8.0,0.58,15.0,0.57,15.0,0.56,15.0,0.77,14.61,0.78,15.0,0.79,25.0,0.8,15.0,0.81,15.0,0.15,0.15,44.849745,1776167545000
1776167547.659,147.659,0.23,14.61,0.22,15.0,0.21,25.0,0.2,15.0,0.19,15.0,0.38,10.0,0.4,8.0,0.42,15.0,0.43,15.0,0.44,15.0,0.62,10.0,0.6,8.0,0.58,15.0,0.57,15.0,0.56,15.0,0.77,14.61,0.78,15.0,0.79,25.0,0.8,15.0,0.81,15.0,0.15,0.15,44.851445,1776167546000
1776167548.349,148.349,0.23,14.61,0.22,15.0,0.21,25.0,0.2,15.0,0.19,15.0,0.38,10.0,0.4,8.0,0.42,15.0,0.43,15.0,0.44,15.0,0.62,10.0,0.6,8.0,0.58,15.0,0.57,15.0,0.56,15.0,0.77,14.61,0.78,15.0,0.79,25.0,0.8,15.0,0.81,15.0,0.15,0.15,44.851576,1776167547000
1776167549.632,149.632,0.23,14.61,0.22,15.0,0.21,25.0,0.2,15.0,0.19,15.0,0.38,10.0,0.4,8.0,0.42,15.0,0.43,15.0,0.44,15.0,0.62,10.0,0.6,8.0,0.58,15.0,0.57,15.0,0.56,15.0,0.77,14.61,0.78,15.0,0.79,25.0,0.8,15.0,0.81,15.0,0.15,0.15,44.851852,1776167548000
1776167550.355,150.355,0.23,14.61,0.22,15.0,0.21,25.0,0.2,15.0,0.19,15.0,0.38,10.0,0.4,8.0,0.42,15.0,0.43,15.0,0.44,15.0,0.62,10.0,0.6,8.0,0.58,15.0,0.57,15.0,0.56,15.0,0.77,14.61,0.78,15.0,0.79,25.0,0.8,15.0,0.81,15.0,0.15,0.15,44.853678,1776167549000
1776167551.638,151.638,0.23,14.61,0.22,15.0,0.21,25.0,0.2,15.0,0.19,15.0,0.38,10.0,0.4,8.0,0.42,15.0,0.43,15.0,0.44,15.0,0.62,10.0,0.6,8.0,0.58,15.0,0.57,15.0,0.56,15.0,0.77,14.61,0.78,15.0,0.79,25.0,0.8,15.0,0.81,15.0,0.15,0.15,44.854105,1776167550000
1776167552.426,152.426,0.23,14.61,0.22,15.0,0.21,25.0,0.2,15.0,0.19,15.0,0.38,10.0,0.4,8.0,0.42,15.0,0.43,15.0,0.44,15.0,0.62,10.0,0.6,8.0,0.58,15.0,0.57,15.0,0.56,15.0,0.77,14.61,0.78,15.0,0.79,25.0,0.8,15.0,0.81,15.0,0.15,0.15,44.855488,1776167551000
1776167553.188,153.188,0.23,14.61,0.22,15.0,0.21,25.0,0.2,15.0,0.19,15.0,0.38,10.0,0.4,8.0,0.42,15.0,0.43,15.0,0.44,15.0,0.62,10.0,0.6,8.0,0.58,15.0,0.57,15.0,0.56,15.0,0.77,14.61,0.78,15.0,0.79,25.0,0.8,15.0,0.81,15.0,0.15,0.15,44.856463,1776167552000
1776167554.413,154.413,0.23,14.61,0.22,15.0,0.21,25.0,0.2,15.0,0.19,15.0,0.38,10.0,0.4,8.0,0.42,15.0,0.43,15.0,0.44,15.0,0.62,10.0,0.6,8.0,0.58,15.0,0.57,15.0,0.56,15.0,0.77,14.61,0.78,15.0,0.79,25.0,0.8,15.0,0.81,15.0,0.15,0.15,44.856955,1776167553000
1776167554.986,154.986,0.23,14.61,0.22,15.0,0.21,25.0,0.2,15.0,0.19,15.0,0.38,10.0,0.4,8.0,0.42,15.0,0.43,15.0,0.44,15.0,0.62,10.0,0.6,8.0,0.58,15.0,0.57,15.0,0.56,15.0,0.77,14.61,0.78,15.0,0.79,25.0,0.8,15.0,0.81,15.0,0.15,0.15,44.857231,1776167554000
1776167556.195,156.195,0.23,14.61,0.22,15.0,0.21,25.0,0.2,15.0,0.19,15.0,0.38,10.0,0.4,8.0,0.42,15.0,0.43,15.0,0.44,15.0,0.62,10.0,0.6,8.0,0.58,15.0,0.57,15.0,0.56,15.0,0.77,14.61,0.78,15.0,0.79,25.0,0.8,15.0,0.81,15.0,0.15,0.15,44.857175,1776167555000
1776167557.45,157.45,0.23,14.61,0.22,15.0,0.21,25.0,0.2,15.0,0.19,15.0,0.38,10.0,0.4,8.0,0.42,15.0,0.43,15.0,0.44,15.0,0.62,10.0,0.6,8.0,0.58,15.0,0.57,15.0,0.56,15.0,0.77,14.61,0.78,15.0,0.79,25.0,0.8,15.0,0.81,15.0,0.15,0.15,44.857385,1776167556000
1776167558.194,158.194,0.23,14.61,0.22,15.0,0.21,25.0,0.2,15.0,0.19,15.0,0.38,10.0,0.4,8.0,0.42,15.0,0.43,15.0,0.44,15.0,0.62,10.0,0.6,8.0,0.58,15.0,0.57,15.0,0.56,15.0,0.77,14.61,0.78,15.0,0.79,25.0,0.8,15.0,0.81,15.0,0.15,0.15,44.857385,1776167557000
1776167559.596,159.596,0.23,14.61,0.22,15.0,0.21,25.0,0.2,15.0,0.19,15.0,0.38,10.0,0.4,8.0,0.42,15.0,0.43,15.0,0.44,15.0,0.62,10.0,0.6,8.0,0.58,15.0,0.57,15.0,0.56,15.0,0.77,14.61,0.78,15.0,0.79,25.0,0.8,15.0,0.81,15.0,0.15,0.15,44.85766,1776167558000
1776167560.219,160.219,0.23,14.61,0.22,15.0,0.21,25.0,0.2,15.0,0.19,15.0,0.38,10.0,0.4,8.0,0.42,15.0,0.43,15.0,0.44,15.0,0.62,10.0,0.6,8.0,0.58,15.0,0.57,15.0,0.56,15.0,0.77,14.61,0.78,15.0,0.79,25.0,0.8,15.0,0.81,15.0,0.15,0.15,44.855842,1776167559000
1776167561.446,161.446,0.23,14.61,0.22,15.0,0.21,25.0,0.2,15.0,0.19,15.0,0.38,10.0,0.4,8.0,0.42,15.0,0.43,15.0,0.44,15.0,0.62,10.0,0.6,8.0,0.58,15.0,0.57,15.0,0.56,15.0,0.77,14.61,0.78,15.0,0.79,25.0,0.8,15.0,0.81,15.0,0.15,0.15,44.854895,1776167560000
1776167562.068,162.068,0.23,14.61,0.22,15.0,0.21,25.0,0.2,15.0,0.19,15.0,0.38,10.0,0.4,8.0,0.42,15.0,0.43,15.0,0.44,15.0,0.62,10.0,0.6,8.0,0.58,15.0,0.57,15.0,0.56,15.0,0.77,14.61,0.78,15.0,0.79,25.0,0.8,15.0,0.81,15.0,0.15,0.15,44.851772,1776167561000
1776167563.37,163.37,0.23,14.61,0.22,15.0,0.21,25.0,0.2,15.0,0.19,15.0,0.38,10.0,0.4,8.0,0.42,15.0,0.43,15.0,0.44,15.0,0.62,10.0,0.6,8.0,0.58,15.0,0.57,15.0,0.56,15.0,0.77,14.61,0.78,15.0,0.79,25.0,0.8,15.0,0.81,15.0,0.15,0.15,44.851772,1776167562000
1776167563.926,163.926,0.23,14.61,0.22,15.0,0.21,25.0,0.2,15.0,0.19,15.0,0.38,10.0,0.4,8.0,0.42,15.0,0.43,15.0,0.44,15.0,0.62,10.0,0.6,8.0,0.58,15.0,0.57,15.0,0.56,15.0,0.77,14.61,0.78,15.0,0.79,25.0,0.8,15.0,0.81,15.0,0.15,0.15,44.850007,1776167563000
1776167565.309,165.309,0.23,14.61,0.22,15.0,0.21,25.0,0.2,15.0,0.19,15.0,0.38,10.0,0.4,8.0,0.42,15.0,0.43,15.0,0.44,15.0,0.62,10.0,0.6,8.0,0.58,15.0,0.57,15.0,0.56,15.0,0.77,14.61,0.78,15.0,0.79,25.0,0.8,15.0,0.81,15.0,0.15,0.15,44.849769,1776167564000
1776167566.437,166.437,0.23,14.61,0.22,15.0,0.21,25.0,0.2,15.0,0.19,15.0,0.38,10.0,0.4,8.0,0.42,15.0,0.43,15.0,0.44,15.0,0.62,10.0,0.6,8.0,0.58,15.0,0.57,15.0,0.56,15.0,0.77,14.61,0.78,15.0,0.79,25.0,0.8,15.0,0.81,15.0,0.15,0.15,44.849097,1776167565000
1776167567.003,167.003,0.23,14.61,0.22,15.0,0.21,25.0,0.2,15.0,0.19,15.0,0.38,10.0,0.4,8.0,0.42,15.0,0.43,15.0,0.44,15.0,0.62,10.0,0.6,8.0,0.58,15.0,0.57,15.0,0.56,15.0,0.77,14.61,0.78,15.0,0.79,25.0,0.8,15.0,0.81,15.0,0.15,0.15,44.848821,1776167566000
1776167568.276,168.276,0.23,14.61,0.22,15.0,0.21,25.0,0.2,15.0,0.19,15.0,0.38,10.0,0.4,8.0,0.42,15.0,0.43,15.0,0.44,15.0,0.62,10.0,0.6,8.0,0.58,15.0,0.57,15.0,0.56,15.0,0.77,14.61,0.78,15.0,0.79,25.0,0.8,15.0,0.81,15.0,0.15,0.15,44.850077,1776167567000
1776167569.425,169.425,0.23,14.61,0.22,15.0,0.21,25.0,0.2,15.0,0.19,15.0,0.38,10.0,0.4,8.0,0.42,15.0,0.43,15.0,0.44,15.0,0.62,10.0,0.6,8.0,0.58,15.0,0.57,15.0,0.56,15.0,0.77,14.61,0.78,15.0,0.79,25.0,0.8,15.0,0.81,15.0,0.15,0.15,44.849351,1776167568000
1776167570.506,170.506,0.23,14.61,0.22,15.0,0.21,25.0,0.2,15.0,0.19,15.0,0.38,10.0,0.4,8.0,0.42,15.0,0.43,15.0,0.44,15.0,0.62,10.0,0.6,8.0,0.58,15.0,0.57,15.0,0.56,15.0,0.77,14.61,0.78,15.0,0.79,25.0,0.8,15.0,0.81,15.0,0.15,0.15,44.849351,1776167569000
1776167570.964,170.964,0.23,14.61,0.22,15.0,0.21,25.0,0.2,15.0,0.19,15.0,0.38,10.0,0.4,8.0,0.42,15.0,0.43,15.0,0.44,15.0,0.62,10.0,0.6,8.0,0.58,15.0,0.57,15.0,0.56,15.0,0.77,14.61,0.78,15.0,0.79,25.0,0.8,15.0,0.81,15.0,0.15,0.15,44.849351,1776167570000
1776167572.041,172.041,0.23,14.61,0.22,15.0,0.21,25.0,0.2,15.0,0.19,15.0,0.38,10.0,0.4,8.0,0.42,15.0,0.43,15.0,0.44,15.0,0.62,10.0,0.6,8.0,0.58,15.0,0.57,15.0,0.56,15.0,0.77,14.61,0.78,15.0,0.79,25.0,0.8,15.0,0.81,15.0,0.15,0.15,44.849627,1776167571000
1776167572.966,172.966,0.23,14.61,0.22,15.0,0.21,25.0,0.2,15.0,0.19,15.0,0.38,10.0,0.4,8.0,0.42,15.0,0.43,15.0,0.44,15.0,0.62,10.0,0.6,8.0,0.58,15.0,0.57,15.0,0.56,15.0,0.77,14.61,0.78,15.0,0.79,25.0,0.8,15.0,0.81,15.0,0.15,0.15,44.849639,1776167572000
1776167573.94,173.94,0.23,14.61,0.22,15.0,0.21,25.0,0.2,15.0,0.19,15.0,0.38,10.0,0.4,8.0,0.42,15.0,0.43,15.0,0.44,15.0,0.62,10.0,0.6,8.0,0.58,15.0,0.57,15.0,0.56,15.0,0.77,14.61,0.78,15.0,0.79,25.0,0.8,15.0,0.81,15.0,0.15,0.15,44.849645,1776167573000
1776167574.922,174.922,0.23,14.61,0.22,15.0,0.21,25.0,0.2,15.0,0.19,15.0,0.38,10.0,0.4,8.0,0.42,15.0,0.43,15.0,0.44,15.0,0.62,10.0,0.6,8.0,0.58,15.0,0.57,15.0,0.56,15.0,0.77,14.61,0.78,15.0,0.79,25.0,0.8,15.0,0.81,15.0,0.15,0.15,44.849668,1776167574000
1776167575.898,175.898,0.23,14.61,0.22,15.0,0.21,25.0,0.2,15.0,0.19,15.0,0.38,10.0,0.4,8.0,0.42,15.0,0.43,15.0,0.44,15.0,0.62,10.0,0.6,8.0,0.58,15.0,0.57,15.0,0.56,15.0,0.77,14.61,0.78,15.0,0.79,25.0,0.8,15.0,0.81,15.0,0.15,0.15,44.849669,1776167575000
1776167577.22,177.22,0.23,14.61,0.22,15.0,0.21,25.0,0.2,15.0,0.19,15.0,0.38,10.0,0.4,8.0,0.42,15.0,0.43,15.0,0.44,15.0,0.62,10.0,0.6,8.0,0.58,15.0,0.57,15.0,0.56,15.0,0.77,14.61,0.78,15.0,0.79,25.0,0.8,15.0,0.81,15.0,0.15,0.15,44.852592,1776167576000
1776167577.923,177.923,0.29,5.0,0.28,15.0,0.27,15.0,0.26,15.0,0.25,15.0,0.46,34.0,0.47,15.0,0.48,15.0,0.49,15.0,0.5,15.0,0.62,10.0,0.6,8.0,0.58,15.0,0.57,15.0,0.56,15.0,0.77,14.61,0.78,15.0,0.79,25.0,0.8,15.0,0.81,15.0,0.17,0.15,44.852592,1776167576000
1776167578.174,178.174,0.29,5.0,0.28,15.0,0.27,15.0,0.26,15.0,0.25,15.0,0.46,34.0,0.47,15.0,0.48,15.0,0.49,15.0,0.5,15.0,0.54,34.0,0.53,15.0,0.52,15.0,0.51,15.0,0.5,15.0,0.71,5.0,0.72,15.0,0.73,15.0,0.74,15.0,0.75,15.0,0.17,0.17,44.855453,1776167577000
1776167579.159,179.159,0.29,5.0,0.28,15.0,0.27,15.0,0.26,15.0,0.25,15.0,0.46,34.0,0.47,15.0,0.48,15.0,0.49,15.0,0.5,15.0,0.54,34.0,0.53,15.0,0.52,15.0,0.51,15.0,0.5,15.0,0.71,5.0,0.72,15.0,0.73,15.0,0.74,15.0,0.75,15.0,0.17,0.17,44.855691,1776167578000
1776167580.195,180.195,0.29,5.0,0.28,15.0,0.27,15.0,0.26,15.0,0.25,15.0,0.46,34.0,0.47,15.0,0.48,15.0,0.49,15.0,0.5,15.0,0.54,34.0,0.53,15.0,0.52,15.0,0.51,15.0,0.5,15.0,0.71,5.0,0.72,15.0,0.73,15.0,0.74,15.0,0.75,15.0,0.17,0.17,44.85569,1776167579000
1776167581.097,181.097,0.29,5.0,0.28,15.0,0.27,15.0,0.26,15.0,0.25,15.0,0.46,34.0,0.47,15.0,0.48,15.0,0.49,15.0,0.5,15.0,0.54,34.0,0.53,15.0,0.52,15.0,0.51,15.0,0.5,15.0,0.71,5.0,0.72,15.0,0.73,15.0,0.74,15.0,0.75,15.0,0.17,0.17,44.855363,1776167580000
1776167582.141,182.141,0.29,5.0,0.28,15.0,0.27,15.0,0.26,15.0,0.25,15.0,0.46,34.0,0.47,15.0,0.48,15.0,0.49,15.0,0.5,15.0,0.54,34.0,0.53,15.0,0.52,15.0,0.51,15.0,0.5,15.0,0.71,5.0,0.72,15.0,0.73,15.0,0.74,15.0,0.75,15.0,0.17,0.17,44.853372,1776167581000
1776167583.1,183.1,0.29,5.0,0.28,15.0,0.27,15.0,0.26,15.0,0.25,15.0,0.46,34.0,0.47,15.0,0.48,15.0,0.49,15.0,0.5,15.0,0.54,34.0,0.53,15.0,0.52,15.0,0.51,15.0,0.5,15.0,0.71,5.0,0.72,15.0,0.73,15.0,0.74,15.0,0.75,15.0,0.17,0.17,44.853323,1776167582000
1776167584.359,184.359,0.29,5.0,0.28,15.0,0.27,15.0,0.26,15.0,0.25,15.0,0.46,34.0,0.47,15.0,0.48,15.0,0.49,15.0,0.5,15.0,0.54,34.0,0.53,15.0,0.52,15.0,0.51,15.0,0.5,15.0,0.71,5.0,0.72,15.0,0.73,15.0,0.74,15.0,0.75,15.0,0.17,0.17,44.853162,1776167583000
1776167584.952,184.952,0.29,5.0,0.28,15.0,0.27,15.0,0.26,15.0,0.25,15.0,0.46,34.0,0.47,15.0,0.48,15.0,0.49,15.0,0.5,15.0,0.54,34.0,0.53,15.0,0.52,15.0,0.51,15.0,0.5,15.0,0.71,5.0,0.72,15.0,0.73,15.0,0.74,15.0,0.75,15.0,0.17,0.17,44.853224,1776167584000
1776167586.25,186.25,0.29,5.0,0.28,15.0,0.27,15.0,0.26,15.0,0.25,15.0,0.46,34.0,0.47,15.0,0.48,15.0,0.49,15.0,0.5,15.0,0.54,34.0,0.53,15.0,0.52,15.0,0.51,15.0,0.5,15.0,0.71,5.0,0.72,15.0,0.73,15.0,0.74,15.0,0.75,15.0,0.17,0.17,44.853645,1776167585000
1776167587.534,187.534,0.29,5.0,0.28,15.0,0.27,15.0,0.26,15.0,0.25,15.0,0.46,34.0,0.47,15.0,0.48,15.0,0.49,15.0,0.5,15.0,0.54,34.0,0.53,15.0,0.52,15.0,0.51,15.0,0.5,15.0,0.71,5.0,0.72,15.0,0.73,15.0,0.74,15.0,0.75,15.0,0.17,0.17,44.853622,1776167586000
1776167588.192,188.192,0.29,5.0,0.28,15.0,0.27,15.0,0.26,15.0,0.25,15.0,0.46,34.0,0.47,15.0,0.48,15.0,0.49,15.0,0.5,15.0,0.54,34.0,0.53,15.0,0.52,15.0,0.51,15.0,0.5,15.0,0.71,5.0,0.72,15.0,0.73,15.0,0.74,15.0,0.75,15.0,0.17,0.17,44.857979,1776167587000
1776167589.412,189.412,0.29,5.0,0.28,15.0,0.27,15.0,0.26,15.0,0.25,15.0,0.46,34.0,0.47,15.0,0.48,15.0,0.49,15.0,0.5,15.0,0.54,34.0,0.53,15.0,0.52,15.0,0.51,15.0,0.5,15.0,0.71,5.0,0.72,15.0,0.73,15.0,0.74,15.0,0.75,15.0,0.17,0.17,44.853934,1776167588000
1776167590.164,190.164,0.29,5.0,0.28,15.0,0.27,15.0,0.26,15.0,0.25,15.0,0.46,34.0,0.47,15.0,0.48,15.0,0.49,15.0,0.5,15.0,0.54,34.0,0.53,15.0,0.52,15.0,0.51,15.0,0.5,15.0,0.71,5.0,0.72,15.0,0.73,15.0,0.74,15.0,0.75,15.0,0.17,0.17,44.853934,1776167589000
1776167591.318,191.318,0.29,5.0,0.28,15.0,0.27,15.0,0.26,15.0,0.25,15.0,0.46,34.0,0.47,15.0,0.48,15.0,0.49,15.0,0.5,15.0,0.54,34.0,0.53,15.0,0.52,15.0,0.51,15.0,0.5,15.0,0.71,5.0,0.72,15.0,0.73,15.0,0.74,15.0,0.75,15.0,0.17,0.17,44.853464,1776167590000
1776167592.711,192.711,0.26,9.0,0.25,15.0,0.24,15.0,0.23,15.0,0.22,15.0,0.31,7.0,0.38,25.0,0.39,15.0,0.4,15.0,0.41,15.0,0.69,7.0,0.62,25.0,0.61,15.0,0.6,15.0,0.59,15.0,0.74,9.0,0.75,15.0,0.76,15.0,0.77,15.0,0.78,15.0,0.05,0.05,44.853408,1776167591000
1776167593.276,193.276,0.26,9.0,0.25,15.0,0.24,15.0,0.23,15.0,0.22,15.0,0.31,7.0,0.38,25.0,0.39,15.0,0.4,15.0,0.41,15.0,0.69,7.0,0.62,25.0,0.61,15.0,0.6,15.0,0.59,15.0,0.74,9.0,0.75,15.0,0.76,15.0,0.77,15.0,0.78,15.0,0.05,0.05,44.853408,1776167592000
1776167594.451,194.451,0.26,9.0,0.25,15.0,0.24,15.0,0.23,15.0,0.22,15.0,0.31,7.0,0.38,25.0,0.39,15.0,0.4,15.0,0.41,15.0,0.69,7.0,0.62,25.0,0.61,15.0,0.6,15.0,0.59,15.0,0.74,9.0,0.75,15.0,0.76,15.0,0.77,15.0,0.78,15.0,0.05,0.05,44.853374,1776167593000
1776167595.071,195.071,0.26,9.0,0.25,15.0,0.24,15.0,0.23,15.0,0.22,15.0,0.31,7.0,0.38,25.0,0.39,15.0,0.4,15.0,0.41,15.0,0.69,7.0,0.62,25.0,0.61,15.0,0.6,15.0,0.59,15.0,0.74,9.0,0.75,15.0,0.76,15.0,0.77,15.0,0.78,15.0,0.05,0.05,44.853374,1776167594000
1776167596.386,196.386,0.26,9.0,0.25,15.0,0.24,15.0,0.23,15.0,0.22,15.0,0.31,7.0,0.38,25.0,0.39,15.0,0.4,15.0,0.41,15.0,0.69,7.0,0.62,25.0,0.61,15.0,0.6,15.0,0.59,15.0,0.74,9.0,0.75,15.0,0.76,15.0,0.77,15.0,0.78,15.0,0.05,0.05,44.853106,1776167595000
1776167597.127,197.127,0.26,9.0,0.25,15.0,0.24,15.0,0.23,15.0,0.22,15.0,0.31,7.0,0.38,25.0,0.39,15.0,0.4,15.0,0.41,15.0,0.69,7.0,0.62,25.0,0.61,15.0,0.6,15.0,0.59,15.0,0.74,9.0,0.75,15.0,0.76,15.0,0.77,15.0,0.78,15.0,0.05,0.05,44.853005,1776167596000
1776167598.443,198.443,0.25,8.92,0.24,15.0,0.23,15.0,0.22,15.0,0.21,15.0,0.29,7.0,0.36,15.0,0.37,25.0,0.38,15.0,0.39,15.0,0.71,7.0,0.64,15.0,0.63,25.0,0.62,15.0,0.61,15.0,0.75,8.92,0.76,15.0,0.77,15.0,0.78,15.0,0.79,15.0,0.04,0.04,44.852971,1776167597000
1776167599.322,199.322,0.25,8.92,0.24,15.0,0.23,15.0,0.22,15.0,0.21,15.0,0.29,7.0,0.36,15.0,0.37,25.0,0.38,15.0,0.39,15.0,0.71,7.0,0.64,15.0,0.63,25.0,0.62,15.0,0.61,15.0,0.75,8.92,0.76,15.0,0.77,15.0,0.78,15.0,0.79,15.0,0.04,0.04,44.853005,1776167598000
1776167599.925,199.925,0.25,8.92,0.24,15.0,0.23,15.0,0.22,15.0,0.21,15.0,0.29,7.0,0.36,15.0,0.37,25.0,0.38,15.0,0.39,15.0,0.71,7.0,0.64,15.0,0.63,25.0,0.62,15.0,0.61,15.0,0.75,8.92,0.76,15.0,0.77,15.0,0.78,15.0,0.79,15.0,0.04,0.04,44.853164,1776167599000
1776167601.337,201.337,0.24,8.92,0.23,15.0,0.22,15.0,0.21,15.0,0.2,25.0,0.28,6.0,0.36,15.0,0.37,25.0,0.38,15.0,0.39,15.0,0.72,6.0,0.64,15.0,0.63,25.0,0.62,15.0,0.61,15.0,0.76,8.92,0.77,15.0,0.78,15.0,0.79,15.0,0.8,25.0,0.04,0.04,44.853155,1776167600000
1776167602.499,202.499,0.24,8.92,0.23,15.0,0.22,15.0,0.21,15.0,0.2,25.0,0.28,6.0,0.36,15.0,0.37,25.0,0.38,15.0,0.39,15.0,0.72,6.0,0.64,15.0,0.63,25.0,0.62,15.0,0.61,15.0,0.76,8.92,0.77,15.0,0.78,15.0,0.79,15.0,0.8,25.0,0.04,0.04,44.853159,1776167601000
1776167603.219,203.219,0.24,8.92,0.23,15.0,0.22,15.0,0.21,15.0,0.2,25.0,0.28,6.0,0.36,15.0,0.37,25.0,0.38,15.0,0.39,15.0,0.72,6.0,0.64,15.0,0.63,25.0,0.62,15.0,0.61,15.0,0.76,8.92,0.77,15.0,0.78,15.0,0.79,15.0,0.8,25.0,0.04,0.04,44.853547,1776167602000
1776167604.34,204.34,0.24,8.92,0.23,15.0,0.22,15.0,0.21,15.0,0.2,25.0,0.28,6.0,0.36,15.0,0.37,25.0,0.38,15.0,0.39,15.0,0.72,6.0,0.64,15.0,0.63,25.0,0.62,15.0,0.61,15.0,0.76,8.92,0.77,15.0,0.78,15.0,0.79,15.0,0.8,25.0,0.04,0.04,44.853547,1776167603000
1776167605.208,205.208,0.25,15.0,0.24,8.92,0.23,15.0,0.22,15.0,0.21,15.0,0.43,10.0,0.45,15.0,0.46,15.0,0.47,15.0,0.48,15.0,0.72,6.0,0.64,15.0,0.63,25.0,0.62,15.0,0.61,15.0,0.76,8.92,0.77,15.0,0.78,15.0,0.79,15.0,0.8,25.0,0.18,0.04,44.853547,1776167603000
1776167606.392,206.392,0.25,15.0,0.24,8.92,0.23,15.0,0.22,15.0,0.21,15.0,0.43,10.0,0.45,15.0,0.46,15.0,0.47,15.0,0.48,15.0,0.57,10.0,0.55,15.0,0.54,15.0,0.53,15.0,0.52,15.0,0.75,15.0,0.76,8.92,0.77,15.0,0.78,15.0,0.79,15.0,0.18,0.18,44.852558,1776167605000
1776167607.021,207.021,0.25,15.0,0.24,8.92,0.23,15.0,0.22,15.0,0.21,15.0,0.43,10.0,0.45,15.0,0.46,15.0,0.47,15.0,0.48,15.0,0.57,10.0,0.55,15.0,0.54,15.0,0.53,15.0,0.52,15.0,0.75,15.0,0.76,8.92,0.77,15.0,0.78,15.0,0.79,15.0,0.18,0.18,44.852558,1776167606000
1776167608.119,208.119,0.25,15.0,0.24,8.92,0.23,15.0,0.22,15.0,0.21,15.0,0.43,10.0,0.45,15.0,0.46,15.0,0.47,15.0,0.48,15.0,0.57,10.0,0.55,15.0,0.54,15.0,0.53,15.0,0.52,15.0,0.75,15.0,0.76,8.92,0.77,15.0,0.78,15.0,0.79,15.0,0.18,0.18,44.852559,1776167607000
1776167609.2,209.2,0.25,15.0,0.24,8.92,0.23,15.0,0.22,15.0,0.21,15.0,0.43,10.0,0.45,15.0,0.46,15.0,0.47,15.0,0.48,15.0,0.57,10.0,0.55,15.0,0.54,15.0,0.53,15.0,0.52,15.0,0.75,15.0,0.76,8.92,0.77,15.0,0.78,15.0,0.79,15.0,0.18,0.18,44.86298,1776167608000
1776167610.33,210.33,0.25,15.0,0.24,8.92,0.23,15.0,0.22,15.0,0.21,15.0,0.43,10.0,0.45,15.0,0.46,15.0,0.47,15.0,0.48,15.0,0.57,10.0,0.55,15.0,0.54,15.0,0.53,15.0,0.52,15.0,0.75,15.0,0.76,8.92,0.77,15.0,0.78,15.0,0.79,15.0,0.18,0.18,44.870056,1776167609000
1776167610.547,210.547,0.51,10.0,0.36,15.0,0.35,15.0,0.34,15.0,0.33,30.0,0.69,14.9,0.7,15.0,0.71,15.0,0.72,15.0,0.73,15.0,0.31,14.9,0.3,15.0,0.29,15.0,0.28,15.0,0.27,15.0,0.49,10.0,0.64,15.0,0.65,15.0,0.66,15.0,0.67,30.0,0.18,0.18,44.870056,1776167609000
1776167611.428,211.428,0.51,10.0,0.36,15.0,0.35,15.0,0.34,15.0,0.33,30.0,0.69,14.9,0.7,15.0,0.71,15.0,0.72,15.0,0.73,15.0,0.31,14.9,0.3,15.0,0.29,15.0,0.28,15.0,0.27,15.0,0.49,10.0,0.64,15.0,0.65,15.0,0.66,15.0,0.67,30.0,0.18,0.18,44.874195,1776167610000
1776167611.921,211.921,0.51,10.0,0.36,15.0,0.35,15.0,0.34,15.0,0.33,30.0,0.69,14.9,0.7,15.0,0.71,15.0,0.72,15.0,0.73,15.0,0.31,14.9,0.3,15.0,0.29,15.0,0.28,15.0,0.27,15.0,0.49,10.0,0.64,15.0,0.65,15.0,0.66,15.0,0.67,30.0,0.18,0.18,44.874195,1776167611000
1776167613.097,213.097,0.51,10.0,0.36,15.0,0.35,15.0,0.34,15.0,0.33,30.0,0.69,14.9,0.7,15.0,0.71,15.0,0.72,15.0,0.73,15.0,0.31,14.9,0.3,15.0,0.29,15.0,0.28,15.0,0.27,15.0,0.49,10.0,0.64,15.0,0.65,15.0,0.66,15.0,0.67,30.0,0.18,0.18,44.875603,1776167612000
1776167614.098,214.098,0.51,10.0,0.36,15.0,0.35,15.0,0.34,15.0,0.33,30.0,0.69,14.9,0.7,15.0,0.71,15.0,0.72,15.0,0.73,15.0,0.31,14.9,0.3,15.0,0.29,15.0,0.28,15.0,0.27,15.0,0.49,10.0,0.64,15.0,0.65,15.0,0.66,15.0,0.67,30.0,0.18,0.18,44.878084,1776167613000
1776167614.941,214.941,0.51,10.0,0.36,15.0,0.35,15.0,0.34,15.0,0.33,30.0,0.69,14.9,0.7,15.0,0.71,15.0,0.72,15.0,0.73,15.0,0.31,14.9,0.3,15.0,0.29,15.0,0.28,15.0,0.27,15.0,0.49,10.0,0.64,15.0,0.65,15.0,0.66,15.0,0.67,30.0,0.18,0.18,44.878214,1776167614000
1776167616.079,216.079,0.51,10.0,0.36,15.0,0.35,15.0,0.34,15.0,0.33,30.0,0.69,14.9,0.7,15.0,0.71,15.0,0.72,15.0,0.73,15.0,0.31,14.9,0.3,15.0,0.29,15.0,0.28,15.0,0.27,15.0,0.49,10.0,0.64,15.0,0.65,15.0,0.66,15.0,0.67,30.0,0.18,0.18,44.878565,1776167615000
1776167616.916,216.916,0.51,10.0,0.36,15.0,0.35,15.0,0.34,15.0,0.33,30.0,0.69,14.9,0.7,15.0,0.71,15.0,0.72,15.0,0.73,15.0,0.31,14.9,0.3,15.0,0.29,15.0,0.28,15.0,0.27,15.0,0.49,10.0,0.64,15.0,0.65,15.0,0.66,15.0,0.67,30.0,0.18,0.18,44.878565,1776167616000
1776167617.957,217.957,0.51,10.0,0.36,15.0,0.35,15.0,0.34,15.0,0.33,30.0,0.69,14.9,0.7,15.0,0.71,15.0,0.72,15.0,0.73,15.0,0.31,14.9,0.3,15.0,0.29,15.0,0.28,15.0,0.27,15.0,0.49,10.0,0.64,15.0,0.65,15.0,0.66,15.0,0.67,30.0,0.18,0.18,44.880065,1776167617000
1776167619.012,219.012,0.51,10.0,0.36,15.0,0.35,15.0,0.34,15.0,0.33,30.0,0.69,14.9,0.7,15.0,0.71,15.0,0.72,15.0,0.73,15.0,0.31,14.9,0.3,15.0,0.29,15.0,0.28,15.0,0.27,15.0,0.49,10.0,0.64,15.0,0.65,15.0,0.66,15.0,0.67,30.0,0.18,0.18,44.880197,1776167618000
1776167620.01,220.01,0.51,10.0,0.36,15.0,0.35,15.0,0.34,15.0,0.33,30.0,0.69,14.9,0.7,15.0,0.71,15.0,0.72,15.0,0.73,15.0,0.31,14.9,0.3,15.0,0.29,15.0,0.28,15.0,0.27,15.0,0.49,10.0,0.64,15.0,0.65,15.0,0.66,15.0,0.67,30.0,0.18,0.18,44.880998,1776167619000
1776167620.942,220.942,0.51,10.0,0.36,15.0,0.35,15.0,0.34,15.0,0.33,30.0,0.69,14.9,0.7,15.0,0.71,15.0,0.72,15.0,0.73,15.0,0.31,14.9,0.3,15.0,0.29,15.0,0.28,15.0,0.27,15.0,0.49,10.0,0.64,15.0,0.65,15.0,0.66,15.0,0.67,30.0,0.18,0.18,44.880866,1776167620000
1776167621.939,221.939,0.51,10.0,0.36,15.0,0.35,15.0,0.34,15.0,0.33,30.0,0.69,14.9,0.7,15.0,0.71,15.0,0.72,15.0,0.73,15.0,0.31,14.9,0.3,15.0,0.29,15.0,0.28,15.0,0.27,15.0,0.49,10.0,0.64,15.0,0.65,15.0,0.66,15.0,0.67,30.0,0.18,0.18,44.880866,1776167621000
1776167622.932,222.932,0.51,10.0,0.36,15.0,0.35,15.0,0.34,15.0,0.33,30.0,0.69,14.9,0.7,15.0,0.71,15.0,0.72,15.0,0.73,15.0,0.31,14.9,0.3,15.0,0.29,15.0,0.28,15.0,0.27,15.0,0.49,10.0,0.64,15.0,0.65,15.0,0.66,15.0,0.67,30.0,0.18,0.18,44.880986,1776167622000
1776167623.937,223.937,0.51,10.0,0.36,15.0,0.35,15.0,0.34,15.0,0.33,30.0,0.69,14.9,0.7,15.0,0.71,15.0,0.72,15.0,0.73,15.0,0.31,14.9,0.3,15.0,0.29,15.0,0.28,15.0,0.27,15.0,0.49,10.0,0.64,15.0,0.65,15.0,0.66,15.0,0.67,30.0,0.18,0.18,44.881465,1776167623000
1776167624.843,224.843,0.51,10.0,0.36,15.0,0.35,15.0,0.34,15.0,0.33,30.0,0.69,14.9,0.7,15.0,0.71,15.0,0.72,15.0,0.73,15.0,0.31,14.9,0.3,15.0,0.29,15.0,0.28,15.0,0.27,15.0,0.49,10.0,0.64,15.0,0.65,15.0,0.66,15.0,0.67,30.0,0.18,0.18,44.881399,1776167624000
1776167625.844,225.844,0.51,10.0,0.36,15.0,0.35,15.0,0.34,15.0,0.33,30.0,0.69,14.9,0.7,15.0,0.71,15.0,0.72,15.0,0.73,15.0,0.31,14.9,0.3,15.0,0.29,15.0,0.28,15.0,0.27,15.0,0.49,10.0,0.64,15.0,0.65,15.0,0.66,15.0,0.67,30.0,0.18,0.18,44.881136,1776167625000
1776167626.824,226.824,0.34,20.5,0.33,15.0,0.32,15.0,0.31,15.0,0.3,15.0,0.51,10.0,0.67,15.0,0.68,15.0,0.69,15.0,0.7,15.0,0.31,14.9,0.3,15.0,0.29,15.0,0.28,15.0,0.27,15.0,0.49,10.0,0.64,15.0,0.65,15.0,0.66,15.0,0.67,30.0,0.17,0.18,44.881136,1776167625000
1776167627.835,227.835,0.34,20.5,0.33,15.0,0.32,15.0,0.31,15.0,0.3,15.0,0.51,10.0,0.67,15.0,0.68,15.0,0.69,15.0,0.7,15.0,0.49,10.0,0.33,15.0,0.32,15.0,0.31,15.0,0.3,15.0,0.66,20.5,0.67,15.0,0.68,15.0,0.69,15.0,0.7,15.0,0.17,0.17,44.881136,1776167626000
1776167628.798,228.798,0.34,20.5,0.33,15.0,0.32,15.0,0.31,15.0,0.3,15.0,0.51,10.0,0.67,15.0,0.68,15.0,0.69,15.0,0.7,15.0,0.49,10.0,0.33,15.0,0.32,15.0,0.31,15.0,0.3,15.0,0.66,20.5,0.67,15.0,0.68,15.0,0.69,15.0,0.7,15.0,0.17,0.17,44.881296,1776167627000
1776167629.923,229.923,0.34,20.5,0.33,15.0,0.32,15.0,0.31,15.0,0.3,15.0,0.51,10.0,0.67,15.0,0.68,15.0,0.69,15.0,0.7,15.0,0.49,10.0,0.33,15.0,0.32,15.0,0.31,15.0,0.3,15.0,0.66,20.5,0.67,15.0,0.68,15.0,0.69,15.0,0.7,15.0,0.17,0.17,44.880609,1776167628000
1776167630.791,230.791,0.34,20.5,0.33,15.0,0.32,15.0,0.31,15.0,0.3,15.0,0.51,10.0,0.67,15.0,0.68,15.0,0.69,15.0,0.7,15.0,0.49,10.0,0.33,15.0,0.32,15.0,0.31,15.0,0.3,15.0,0.66,20.5,0.67,15.0,0.68,15.0,0.69,15.0,0.7,15.0,0.17,0.17,44.877201,1776167629000
1776167631.745,231.745,0.34,20.5,0.33,15.0,0.32,15.0,0.31,15.0,0.3,15.0,0.51,10.0,0.67,15.0,0.68,15.0,0.69,15.0,0.7,15.0,0.49,10.0,0.33,15.0,0.32,15.0,0.31,15.0,0.3,15.0,0.66,20.5,0.67,15.0,0.68,15.0,0.69,15.0,0.7,15.0,0.17,0.17,44.877201,1776167630000
1776167632.715,232.715,0.34,20.5,0.33,15.0,0.32,15.0,0.31,15.0,0.3,15.0,0.51,10.0,0.67,15.0,0.68,15.0,0.69,15.0,0.7,15.0,0.49,10.0,0.33,15.0,0.32,15.0,0.31,15.0,0.3,15.0,0.66,20.5,0.67,15.0,0.68,15.0,0.69,15.0,0.7,15.0,0.17,0.17,44.874708,1776167631000
1776167633.675,233.675,0.34,20.5,0.33,15.0,0.32,15.0,0.31,15.0,0.3,15.0,0.51,10.0,0.67,15.0,0.68,15.0,0.69,15.0,0.7,15.0,0.49,10.0,0.33,15.0,0.32,15.0,0.31,15.0,0.3,15.0,0.66,20.5,0.67,15.0,0.68,15.0,0.69,15.0,0.7,15.0,0.17,0.17,44.874708,1776167632000
1776167634.449,234.449,0.34,20.5,0.33,15.0,0.32,15.0,0.31,15.0,0.3,15.0,0.51,10.0,0.67,15.0,0.68,15.0,0.69,15.0,0.7,15.0,0.49,10.0,0.33,15.0,0.32,15.0,0.31,15.0,0.3,15.0,0.66,20.5,0.67,15.0,0.68,15.0,0.69,15.0,0.7,15.0,0.17,0.17,44.874708,1776167633000
1776167635.389,235.389,0.34,20.5,0.33,15.0,0.32,15.0,0.31,15.0,0.3,15.0,0.51,10.0,0.67,15.0,0.68,15.0,0.69,15.0,0.7,15.0,0.49,10.0,0.33,15.0,0.32,15.0,0.31,15.0,0.3,15.0,0.66,20.5,0.67,15.0,0.68,15.0,0.69,15.0,0.7,15.0,0.17,0.17,44.874573,1776167634000
1776167636.942,236.942,0.34,20.5,0.33,15.0,0.32,15.0,0.31,15.0,0.3,15.0,0.51,10.0,0.67,15.0,0.68,15.0,0.69,15.0,0.7,15.0,0.49,10.0,0.33,15.0,0.32,15.0,0.31,15.0,0.3,15.0,0.66,20.5,0.67,15.0,0.68,15.0,0.69,15.0,0.7,15.0,0.17,0.17,44.873121,1776167635000
1776167637.812,237.812,0.34,20.5,0.33,15.0,0.32,15.0,0.31,15.0,0.3,15.0,0.51,10.0,0.67,15.0,0.68,15.0,0.69,15.0,0.7,15.0,0.49,10.0,0.33,15.0,0.32,15.0,0.31,15.0,0.3,15.0,0.66,20.5,0.67,15.0,0.68,15.0,0.69,15.0,0.7,15.0,0.17,0.17,44.873122,1776167636000
1776167638.715,238.715,0.34,20.5,0.33,15.0,0.32,15.0,0.31,15.0,0.3,15.0,0.51,10.0,0.67,15.0,0.68,15.0,0.69,15.0,0.7,15.0,0.49,10.0,0.33,15.0,0.32,15.0,0.31,15.0,0.3,15.0,0.66,20.5,0.67,15.0,0.68,15.0,0.69,15.0,0.7,15.0,0.17,0.17,44.873122,1776167637000
1776167639.471,239.471,0.34,20.5,0.33,15.0,0.32,15.0,0.31,15.0,0.3,15.0,0.51,10.0,0.67,15.0,0.68,15.0,0.69,15.0,0.7,15.0,0.49,10.0,0.33,15.0,0.32,15.0,0.31,15.0,0.3,15.0,0.66,20.5,0.67,15.0,0.68,15.0,0.69,15.0,0.7,15.0,0.17,0.17,44.873123,1776167638000
1776167640.117,240.117,0.34,20.5,0.33,15.0,0.32,15.0,0.31,15.0,0.3,15.0,0.51,10.0,0.67,15.0,0.68,15.0,0.69,15.0,0.7,15.0,0.49,10.0,0.33,15.0,0.32,15.0,0.31,15.0,0.3,15.0,0.66,20.5,0.67,15.0,0.68,15.0,0.69,15.0,0.7,15.0,0.17,0.17,44.873123,1776167639000
1776167641.725,241.725,0.34,20.5,0.33,15.0,0.32,15.0,0.31,15.0,0.3,15.0,0.51,10.0,0.67,15.0,0.68,15.0,0.69,15.0,0.7,15.0,0.49,10.0,0.33,15.0,0.32,15.0,0.31,15.0,0.3,15.0,0.66,20.5,0.67,15.0,0.68,15.0,0.69,15.0,0.7,15.0,0.17,0.17,44.873619,1776167640000
1776167642.358,242.358,0.34,20.5,0.33,15.0,0.32,15.0,0.31,15.0,0.3,15.0,0.51,10.0,0.67,15.0,0.68,15.0,0.69,15.0,0.7,15.0,0.49,10.0,0.33,15.0,0.32,15.0,0.31,15.0,0.3,15.0,0.66,20.5,0.67,15.0,0.68,15.0,0.69,15.0,0.7,15.0,0.17,0.17,44.87232,1776167641000
1776167643.097,243.097,0.34,20.5,0.33,15.0,0.32,15.0,0.31,15.0,0.3,15.0,0.51,10.0,0.67,15.0,0.68,15.0,0.69,15.0,0.7,15.0,0.49,10.0,0.33,15.0,0.32,15.0,0.31,15.0,0.3,15.0,0.66,20.5,0.67,15.0,0.68,15.0,0.69,15.0,0.7,15.0,0.17,0.17,44.87232,1776167642000
1776167644.595,244.595,0.21,15.0,0.2,15.0,0.19,15.0,0.18,15.0,0.17,15.0,0.49,8.93,0.5,15.0,0.51,15.0,0.52,15.0,0.53,15.0,0.49,10.0,0.33,15.0,0.32,15.0,0.31,15.0,0.3,15.0,0.66,20.5,0.67,15.0,0.68,15.0,0.69,15.0,0.7,15.0,0.28,0.17,44.87232,1776167642000
1776167645.491,245.491,0.21,15.0,0.2,15.0,0.19,15.0,0.18,15.0,0.17,15.0,0.49,8.93,0.5,15.0,0.51,15.0,0.52,15.0,0.53,15.0,0.51,8.93,0.5,15.0,0.49,15.0,0.48,15.0,0.47,15.0,0.79,15.0,0.8,15.0,0.81,15.0,0.82,15.0,0.83,15.0,0.28,0.28,44.871673,1776167644000
1776167646.183,246.183,0.21,15.0,0.2,15.0,0.19,15.0,0.18,15.0,0.17,15.0,0.49,8.93,0.5,15.0,0.51,15.0,0.52,15.0,0.53,15.0,0.51,8.93,0.5,15.0,0.49,15.0,0.48,15.0,0.47,15.0,0.79,15.0,0.8,15.0,0.81,15.0,0.82,15.0,0.83,15.0,0.28,0.28,44.867032,1776167645000
1776167647.561,247.561,0.21,15.0,0.2,15.0,0.19,15.0,0.18,15.0,0.17,15.0,0.49,8.93,0.5,15.0,0.51,15.0,0.52,15.0,0.53,15.0,0.51,8.93,0.5,15.0,0.49,15.0,0.48,15.0,0.47,15.0,0.79,15.0,0.8,15.0,0.81,15.0,0.82,15.0,0.83,15.0,0.28,0.28,44.865382,1776167646000
1776167648.466,248.466,0.21,15.0,0.2,15.0,0.19,15.0,0.18,15.0,0.17,15.0,0.49,8.93,0.5,15.0,0.51,15.0,0.52,15.0,0.53,15.0,0.51,8.93,0.5,15.0,0.49,15.0,0.48,15.0,0.47,15.0,0.79,15.0,0.8,15.0,0.81,15.0,0.82,15.0,0.83,15.0,0.28,0.28,44.865382,1776167647000
1776167648.958,248.958,0.21,15.0,0.2,15.0,0.19,15.0,0.18,15.0,0.17,15.0,0.49,8.93,0.5,15.0,0.51,15.0,0.52,15.0,0.53,15.0,0.51,8.93,0.5,15.0,0.49,15.0,0.48,15.0,0.47,15.0,0.79,15.0,0.8,15.0,0.81,15.0,0.82,15.0,0.83,15.0,0.28,0.28,44.865382,1776167648000
1776167649.947,249.947,0.21,15.0,0.2,15.0,0.19,15.0,0.18,15.0,0.17,15.0,0.49,8.93,0.5,15.0,0.51,15.0,0.52,15.0,0.53,15.0,0.51,8.93,0.5,15.0,0.49,15.0,0.48,15.0,0.47,15.0,0.79,15.0,0.8,15.0,0.81,15.0,0.82,15.0,0.83,15.0,0.28,0.28,44.866498,1776167649000
1776167650.917,250.917,0.21,15.0,0.2,15.0,0.19,15.0,0.18,15.0,0.17,15.0,0.49,8.93,0.5,15.0,0.51,15.0,0.52,15.0,0.53,15.0,0.51,8.93,0.5,15.0,0.49,15.0,0.48,15.0,0.47,15.0,0.79,15.0,0.8,15.0,0.81,15.0,0.82,15.0,0.83,15.0,0.28,0.28,44.86636,1776167650000
1776167651.412,251.412,0.41,4.96,0.4,26.0,0.34,15.0,0.33,15.0,0.32,15.0,0.58,10.0,0.69,15.0,0.7,15.0,0.71,15.0,0.72,15.0,0.51,8.93,0.5,15.0,0.49,15.0,0.48,15.0,0.47,15.0,0.79,15.0,0.8,15.0,0.81,15.0,0.82,15.0,0.83,15.0,0.17,0.28,44.86636,1776167650000
1776167652.179,252.179,0.41,4.96,0.4,26.0,0.34,15.0,0.33,15.0,0.32,15.0,0.58,10.0,0.69,15.0,0.7,15.0,0.71,15.0,0.72,15.0,0.42,10.0,0.31,15.0,0.3,15.0,0.29,15.0,0.28,15.0,0.59,4.96,0.6,26.0,0.66,15.0,0.67,15.0,0.68,15.0,0.17,0.17,44.86636,1776167651000
1776167653.168,253.168,0.41,4.96,0.4,26.0,0.34,15.0,0.33,15.0,0.32,15.0,0.58,10.0,0.69,15.0,0.7,15.0,0.71,15.0,0.72,15.0,0.42,10.0,0.31,15.0,0.3,15.0,0.29,15.0,0.28,15.0,0.59,4.96,0.6,26.0,0.66,15.0,0.67,15.0,0.68,15.0,0.17,0.17,44.867113,1776167652000
1776167653.968,253.968,0.41,4.96,0.4,26.0,0.34,15.0,0.33,15.0,0.32,15.0,0.58,10.0,0.69,15.0,0.7,15.0,0.71,15.0,0.72,15.0,0.42,10.0,0.31,15.0,0.3,15.0,0.29,15.0,0.28,15.0,0.59,4.96,0.6,26.0,0.66,15.0,0.67,15.0,0.68,15.0,0.17,0.17,44.868456,1776167653000
1776167654.929,254.929,0.28,3.06,0.16,15.0,0.15,15.0,0.14,15.0,0.13,15.0,0.45,10.0,0.62,15.0,0.63,15.0,0.64,15.0,0.65,15.0,0.42,10.0,0.31,15.0,0.3,15.0,0.29,15.0,0.28,15.0,0.59,4.96,0.6,26.0,0.66,15.0,0.67,15.0,0.68,15.0,0.17,0.17,44.868456,1776167653000
1776167655.88,255.88,0.28,3.06,0.16,15.0,0.15,15.0,0.14,15.0,0.13,15.0,0.45,10.0,0.62,15.0,0.63,15.0,0.64,15.0,0.65,15.0,0.55,10.0,0.38,15.0,0.37,15.0,0.36,15.0,0.35,15.0,0.72,3.06,0.84,15.0,0.85,15.0,0.86,15.0,0.87,15.0,0.17,0.17,44.865242,1776167655000
1776167656.338,256.338,0.27,8.31,0.18,15.0,0.17,15.0,0.16,15.0,0.15,15.0,0.44,10.0,0.61,15.0,0.62,15.0,0.63,15.0,0.64,15.0,0.55,10.0,0.38,15.0,0.37,15.0,0.36,15.0,0.35,15.0,0.72,3.06,0.84,15.0,0.85,15.0,0.86,15.0,0.87,15.0,0.17,0.17,44.865242,1776167655000
1776167657.194,257.194,0.27,8.31,0.18,15.0,0.17,15.0,0.16,15.0,0.15,15.0,0.44,10.0,0.61,15.0,0.62,15.0,0.63,15.0,0.64,15.0,0.56,10.0,0.39,15.0,0.38,15.0,0.37,15.0,0.36,15.0,0.73,8.31,0.82,15.0,0.83,15.0,0.84,15.0,0.85,15.0,0.17,0.17,44.861316,1776167656000
1776167658.14,258.14,0.27,8.31,0.18,15.0,0.17,15.0,0.16,15.0,0.15,15.0,0.44,10.0,0.61,15.0,0.62,15.0,0.63,15.0,0.64,15.0,0.56,10.0,0.39,15.0,0.38,15.0,0.37,15.0,0.36,15.0,0.73,8.31,0.82,15.0,0.83,15.0,0.84,15.0,0.85,15.0,0.17,0.17,44.861286,1776167657000
1776167659.082,259.082,0.27,8.31,0.18,15.0,0.17,15.0,0.16,15.0,0.15,15.0,0.44,10.0,0.61,15.0,0.62,15.0,0.63,15.0,0.64,15.0,0.56,10.0,0.39,15.0,0.38,15.0,0.37,15.0,0.36,15.0,0.73,8.31,0.82,15.0,0.83,15.0,0.84,15.0,0.85,15.0,0.17,0.17,44.861286,1776167658000
1776167660.603,260.603,0.27,8.31,0.18,15.0,0.17,15.0,0.16,15.0,0.15,15.0,0.44,10.0,0.61,15.0,0.62,15.0,0.63,15.0,0.64,15.0,0.56,10.0,0.39,15.0,0.38,15.0,0.37,15.0,0.36,15.0,0.73,8.31,0.82,15.0,0.83,15.0,0.84,15.0,0.85,15.0,0.17,0.17,44.861373,1776167659000
1776167661.139,261.139,0.27,8.31,0.18,15.0,0.17,15.0,0.16,15.0,0.15,15.0,0.44,10.0,0.61,15.0,0.62,15.0,0.63,15.0,0.64,15.0,0.56,10.0,0.39,15.0,0.38,15.0,0.37,15.0,0.36,15.0,0.73,8.31,0.82,15.0,0.83,15.0,0.84,15.0,0.85,15.0,0.17,0.17,44.861373,1776167660000
1776167662.057,262.057,0.27,8.31,0.18,15.0,0.17,15.0,0.16,15.0,0.15,15.0,0.44,10.0,0.61,15.0,0.62,15.0,0.63,15.0,0.64,15.0,0.56,10.0,0.39,15.0,0.38,15.0,0.37,15.0,0.36,15.0,0.73,8.31,0.82,15.0,0.83,15.0,0.84,15.0,0.85,15.0,0.17,0.17,44.863584,1776167661000
1776167663.059,263.059,0.27,8.31,0.18,15.0,0.17,15.0,0.16,15.0,0.15,15.0,0.44,10.0,0.61,15.0,0.62,15.0,0.63,15.0,0.64,15.0,0.56,10.0,0.39,15.0,0.38,15.0,0.37,15.0,0.36,15.0,0.73,8.31,0.82,15.0,0.83,15.0,0.84,15.0,0.85,15.0,0.17,0.17,44.863584,1776167662000
1776167663.973,263.973,0.27,8.31,0.18,15.0,0.17,15.0,0.16,15.0,0.15,15.0,0.44,10.0,0.61,15.0,0.62,15.0,0.63,15.0,0.64,15.0,0.56,10.0,0.39,15.0,0.38,15.0,0.37,15.0,0.36,15.0,0.73,8.31,0.82,15.0,0.83,15.0,0.84,15.0,0.85,15.0,0.17,0.17,44.863584,1776167663000
1776167665.052,265.052,0.27,8.31,0.18,15.0,0.17,15.0,0.16,15.0,0.15,15.0,0.44,10.0,0.61,15.0,0.62,15.0,0.63,15.0,0.64,15.0,0.56,10.0,0.39,15.0,0.38,15.0,0.37,15.0,0.36,15.0,0.73,8.31,0.82,15.0,0.83,15.0,0.84,15.0,0.85,15.0,0.17,0.17,44.862941,1776167664000
1776167666.038,266.038,0.27,8.31,0.18,15.0,0.17,15.0,0.16,15.0,0.15,15.0,0.44,10.0,0.61,15.0,0.62,15.0,0.63,15.0,0.64,15.0,0.56,10.0,0.39,15.0,0.38,15.0,0.37,15.0,0.36,15.0,0.73,8.31,0.82,15.0,0.83,15.0,0.84,15.0,0.85,15.0,0.17,0.17,44.862914,1776167665000
1776167667.017,267.017,0.27,8.31,0.18,15.0,0.17,15.0,0.16,15.0,0.15,15.0,0.44,10.0,0.61,15.0,0.62,15.0,0.63,15.0,0.64,15.0,0.56,10.0,0.39,15.0,0.38,15.0,0.37,15.0,0.36,15.0,0.73,8.31,0.82,15.0,0.83,15.0,0.84,15.0,0.85,15.0,0.17,0.17,44.862914,1776167666000
1776167668.012,268.012,0.27,8.31,0.18,15.0,0.17,15.0,0.16,15.0,0.15,15.0,0.44,10.0,0.61,15.0,0.62,15.0,0.63,15.0,0.64,15.0,0.56,10.0,0.39,15.0,0.38,15.0,0.37,15.0,0.36,15.0,0.73,8.31,0.82,15.0,0.83,15.0,0.84,15.0,0.85,15.0,0.17,0.17,44.863009,1776167667000
1776167669.029,269.029,0.27,8.31,0.18,15.0,0.17,15.0,0.16,15.0,0.15,15.0,0.44,10.0,0.61,15.0,0.62,15.0,0.63,15.0,0.64,15.0,0.56,10.0,0.39,15.0,0.38,15.0,0.37,15.0,0.36,15.0,0.73,8.31,0.82,15.0,0.83,15.0,0.84,15.0,0.85,15.0,0.17,0.17,44.863994,1776167668000
1776167669.946,269.946,0.27,8.31,0.18,15.0,0.17,15.0,0.16,15.0,0.15,15.0,0.44,10.0,0.61,15.0,0.62,15.0,0.63,15.0,0.64,15.0,0.56,10.0,0.39,15.0,0.38,15.0,0.37,15.0,0.36,15.0,0.73,8.31,0.82,15.0,0.83,15.0,0.84,15.0,0.85,15.0,0.17,0.17,44.864358,1776167669000
1776167670.501,270.501,0.36,10.0,0.34,15.0,0.33,15.0,0.32,15.0,0.31,15.0,0.53,7.87,0.54,15.0,0.55,15.0,0.56,15.0,0.57,15.0,0.56,10.0,0.39,15.0,0.38,15.0,0.37,15.0,0.36,15.0,0.73,8.31,0.82,15.0,0.83,15.0,0.84,15.0,0.85,15.0,0.17,0.17,44.864358,1776167669000
1776167670.784,270.784,0.37,4.95,0.35,15.0,0.34,15.0,0.33,15.0,0.32,15.0,0.54,25.0,0.55,15.0,0.56,15.0,0.57,15.0,0.58,15.0,0.47,7.87,0.46,15.0,0.45,15.0,0.44,15.0,0.43,15.0,0.64,10.0,0.66,15.0,0.67,15.0,0.68,15.0,0.69,15.0,0.17,0.17,44.864358,1776167669000
1776167671.95,271.95,0.34,14.75,0.33,15.0,0.32,15.0,0.31,15.0,0.3,15.0,0.54,25.0,0.55,15.0,0.56,15.0,0.57,15.0,0.58,15.0,0.46,25.0,0.45,15.0,0.44,15.0,0.43,15.0,0.42,15.0,0.66,14.75,0.67,15.0,0.68,15.0,0.69,15.0,0.7,15.0,0.2,0.2,44.865438,1776167671000
1776167673.374,273.374,0.34,14.75,0.33,15.0,0.32,15.0,0.31,15.0,0.3,15.0,0.54,25.0,0.55,15.0,0.56,15.0,0.57,15.0,0.58,15.0,0.46,25.0,0.45,15.0,0.44,15.0,0.43,15.0,0.42,15.0,0.66,14.75,0.67,15.0,0.68,15.0,0.69,15.0,0.7,15.0,0.2,0.2,44.865551,1776167672000
1776167673.926,273.926,0.34,14.75,0.33,15.0,0.32,15.0,0.31,15.0,0.3,15.0,0.54,25.0,0.55,15.0,0.56,15.0,0.57,15.0,0.58,15.0,0.46,25.0,0.45,15.0,0.44,15.0,0.43,15.0,0.42,15.0,0.66,14.75,0.67,15.0,0.68,15.0,0.69,15.0,0.7,15.0,0.2,0.2,44.86519,1776167673000
1776167674.802,274.802,0.34,14.75,0.33,15.0,0.32,15.0,0.31,15.0,0.3,15.0,0.54,25.0,0.55,15.0,0.56,15.0,0.57,15.0,0.58,15.0,0.46,25.0,0.45,15.0,0.44,15.0,0.43,15.0,0.42,15.0,0.66,14.75,0.67,15.0,0.68,15.0,0.69,15.0,0.7,15.0,0.2,0.2,44.867085,1776167674000
1776167675.772,275.772,0.34,14.75,0.33,15.0,0.32,15.0,0.31,15.0,0.3,15.0,0.54,25.0,0.55,15.0,0.56,15.0,0.57,15.0,0.58,15.0,0.46,25.0,0.45,15.0,0.44,15.0,0.43,15.0,0.42,15.0,0.66,14.75,0.67,15.0,0.68,15.0,0.69,15.0,0.7,15.0,0.2,0.2,44.867523,1776167675000
1776167677.232,277.232,0.34,14.75,0.33,15.0,0.32,15.0,0.31,15.0,0.3,15.0,0.54,25.0,0.55,15.0,0.56,15.0,0.57,15.0,0.58,15.0,0.46,25.0,0.45,15.0,0.44,15.0,0.43,15.0,0.42,15.0,0.66,14.75,0.67,15.0,0.68,15.0,0.69,15.0,0.7,15.0,0.2,0.2,44.867489,1776167676000
1776167678.096,278.096,0.34,14.75,0.33,15.0,0.32,15.0,0.31,15.0,0.3,15.0,0.54,25.0,0.55,15.0,0.56,15.0,0.57,15.0,0.58,15.0,0.46,25.0,0.45,15.0,0.44,15.0,0.43,15.0,0.42,15.0,0.66,14.75,0.67,15.0,0.68,15.0,0.69,15.0,0.7,15.0,0.2,0.2,44.867393,1776167677000
1776167679.151,279.151,0.34,14.75,0.33,15.0,0.32,15.0,0.31,15.0,0.3,15.0,0.54,25.0,0.55,15.0,0.56,15.0,0.57,15.0,0.58,15.0,0.46,25.0,0.45,15.0,0.44,15.0,0.43,15.0,0.42,15.0,0.66,14.75,0.67,15.0,0.68,15.0,0.69,15.0,0.7,15.0,0.2,0.2,44.867393,1776167678000
1776167679.718,279.718,0.68,10.0,0.1,50.0,0.04,105.0,0.02,10.0,0.01,1281.09,0.84,5.55,0.85,10.0,0.95,122.0,0.96,5.0,0.98,10.0,0.46,25.0,0.45,15.0,0.44,15.0,0.43,15.0,0.42,15.0,0.66,14.75,0.67,15.0,0.68,15.0,0.69,15.0,0.7,15.0,0.16,0.2,44.867393,1776167678000
1776167680.059,280.059,0.68,10.0,0.1,50.0,0.04,105.0,0.02,10.0,0.01,1281.09,0.84,5.55,0.85,10.0,0.95,122.0,0.96,5.0,0.98,10.0,0.16,5.55,0.15,10.0,0.05,122.0,0.04,5.0,0.02,10.0,0.32,10.0,0.9,50.0,0.96,105.0,0.98,10.0,0.99,1281.09,0.16,0.16,44.867393,1776167679000
1776167681.018,281.018,0.68,10.0,0.1,50.0,0.04,105.0,0.02,10.0,0.01,1281.09,0.84,5.55,0.85,10.0,0.95,122.0,0.96,5.0,0.98,10.0,0.16,5.55,0.15,10.0,0.05,122.0,0.04,5.0,0.02,10.0,0.32,10.0,0.9,50.0,0.96,105.0,0.98,10.0,0.99,1281.09,0.16,0.16,44.867393,1776167680000
1776167682.011,282.011,0.68,10.0,0.1,50.0,0.04,105.0,0.02,10.0,0.01,1281.09,0.84,5.55,0.85,10.0,0.95,122.0,0.96,5.0,0.98,10.0,0.16,5.55,0.15,10.0,0.05,122.0,0.04,5.0,0.02,10.0,0.32,10.0,0.9,50.0,0.96,105.0,0.98,10.0,0.99,1281.09,0.16,0.16,44.880064,1776167681000
1776167682.928,282.928,0.68,10.0,0.1,50.0,0.04,105.0,0.02,10.0,0.01,1281.09,0.84,5.55,0.85,10.0,0.95,122.0,0.96,5.0,0.98,10.0,0.16,5.55,0.15,10.0,0.05,122.0,0.04,5.0,0.02,10.0,0.32,10.0,0.9,50.0,0.96,105.0,0.98,10.0,0.99,1281.09,0.16,0.16,44.884383,1776167682000
1776167683.882,283.882,0.68,10.0,0.1,50.0,0.04,105.0,0.02,10.0,0.01,1281.09,0.84,5.55,0.85,10.0,0.95,122.0,0.96,5.0,0.98,10.0,0.16,5.55,0.15,10.0,0.05,122.0,0.04,5.0,0.02,10.0,0.32,10.0,0.9,50.0,0.96,105.0,0.98,10.0,0.99,1281.09,0.16,0.16,44.884699,1776167683000
1776167684.925,284.925,0.68,10.0,0.1,50.0,0.04,105.0,0.02,10.0,0.01,1281.09,0.84,5.55,0.85,10.0,0.95,122.0,0.96,5.0,0.98,10.0,0.16,5.55,0.15,10.0,0.05,122.0,0.04,5.0,0.02,10.0,0.32,10.0,0.9,50.0,0.96,105.0,0.98,10.0,0.99,1281.09,0.16,0.16,44.885719,1776167684000
1776167686.433,286.433,0.68,10.0,0.1,50.0,0.04,105.0,0.02,10.0,0.01,1281.09,0.84,5.55,0.85,10.0,0.95,122.0,0.96,5.0,0.98,10.0,0.16,5.55,0.15,10.0,0.05,122.0,0.04,5.0,0.02,10.0,0.32,10.0,0.9,50.0,0.96,105.0,0.98,10.0,0.99,1281.09,0.16,0.16,44.884858,1776167685000
1776167686.959,286.959,0.68,10.0,0.1,50.0,0.04,105.0,0.02,10.0,0.01,1281.09,0.84,5.55,0.85,10.0,0.95,122.0,0.96,5.0,0.98,10.0,0.16,5.55,0.15,10.0,0.05,122.0,0.04,5.0,0.02,10.0,0.32,10.0,0.9,50.0,0.96,105.0,0.98,10.0,0.99,1281.09,0.16,0.16,44.884901,1776167686000
1776167688.174,288.174,0.68,10.0,0.1,50.0,0.04,105.0,0.02,10.0,0.01,1281.09,0.84,5.55,0.85,10.0,0.95,122.0,0.96,5.0,0.98,10.0,0.16,5.55,0.15,10.0,0.05,122.0,0.04,5.0,0.02,10.0,0.32,10.0,0.9,50.0,0.96,105.0,0.98,10.0,0.99,1281.09,0.16,0.16,44.885203,1776167687000
1776167689.24,289.24,0.68,10.0,0.1,50.0,0.04,105.0,0.02,10.0,0.01,1281.09,0.84,5.55,0.85,10.0,0.95,122.0,0.96,5.0,0.98,10.0,0.16,5.55,0.15,10.0,0.05,122.0,0.04,5.0,0.02,10.0,0.32,10.0,0.9,50.0,0.96,105.0,0.98,10.0,0.99,1281.09,0.16,0.16,44.884816,1776167688000
1776167690.384,290.384,0.68,10.0,0.1,50.0,0.04,105.0,0.02,10.0,0.01,1281.09,0.84,5.55,0.85,10.0,0.95,122.0,0.96,5.0,0.98,10.0,0.16,5.55,0.15,10.0,0.05,122.0,0.04,5.0,0.02,10.0,0.32,10.0,0.9,50.0,0.96,105.0,0.98,10.0,0.99,1281.09,0.16,0.16,44.885181,1776167689000
1776167691.252,291.252,0.68,10.0,0.1,50.0,0.04,105.0,0.02,10.0,0.01,1281.09,0.84,5.55,0.85,10.0,0.95,122.0,0.96,5.0,0.98,10.0,0.16,5.55,0.15,10.0,0.05,122.0,0.04,5.0,0.02,10.0,0.32,10.0,0.9,50.0,0.96,105.0,0.98,10.0,0.99,1281.09,0.16,0.16,44.883429,1776167690000
1776167693.616,293.616,0.68,10.0,0.1,50.0,0.04,105.0,0.02,10.0,0.01,1281.09,0.84,5.55,0.85,10.0,0.95,122.0,0.96,5.0,0.98,10.0,0.16,5.55,0.15,10.0,0.05,122.0,0.04,5.0,0.02,10.0,0.32,10.0,0.9,50.0,0.96,105.0,0.98,10.0,0.99,1281.09,0.16,0.16,44.883108,1776167692000
1776167694.148,294.148,0.68,10.0,0.1,50.0,0.04,105.0,0.02,10.0,0.01,1281.09,0.84,5.55,0.85,10.0,0.95,122.0,0.96,5.0,0.98,10.0,0.16,5.55,0.15,10.0,0.05,122.0,0.04,5.0,0.02,10.0,0.32,10.0,0.9,50.0,0.96,105.0,0.98,10.0,0.99,1281.09,0.16,0.16,44.883108,1776167693000
1776167695.503,295.503,0.68,10.0,0.1,50.0,0.04,105.0,0.02,10.0,0.01,1281.09,0.84,5.55,0.85,10.0,0.95,122.0,0.96,5.0,0.98,10.0,0.16,5.55,0.15,10.0,0.05,122.0,0.04,5.0,0.02,10.0,0.32,10.0,0.9,50.0,0.96,105.0,0.98,10.0,0.99,1281.09,0.16,0.16,44.883135,1776167694000
1776167696.043,296.043,0.62,10.0,0.61,8.0,0.15,100.0,0.05,22.0,0.04,5.0,0.79,4.49,0.84,5.55,0.96,5.0,0.98,10.0,0.99,281.09,0.21,4.49,0.16,5.55,0.04,5.0,0.02,10.0,0.01,281.09,0.38,10.0,0.39,8.0,0.85,100.0,0.95,22.0,0.96,5.0,0.17,0.17,44.883135,1776167695000
1776167697.555,297.555,0.85,19.78,0.65,10.0,0.05,22.0,0.04,5.0,0.02,10.0,0.96,5.0,0.98,10.0,0.99,151.09,,,,,0.21,4.49,0.16,5.55,0.04,5.0,0.02,10.0,0.01,281.09,0.38,10.0,0.39,8.0,0.85,100.0,0.95,22.0,0.96,5.0,0.11,0.17,44.883135,1776167695000
1776167697.887,297.887,0.85,9.78,0.67,10.0,0.11,11.0,0.05,34.0,0.04,5.0,0.96,5.0,0.98,10.0,0.99,151.09,,,,,0.04,5.0,0.02,10.0,0.01,151.09,,,,,0.15,19.78,0.35,10.0,0.95,22.0,0.96,5.0,0.98,10.0,0.11,0.11,44.883135,1776167695000
1776167698.241,298.241,0.85,18.11,0.73,10.0,0.61,6.0,0.51,7.0,0.41,8.0,0.9,5.0,0.96,5.0,0.98,10.0,0.99,146.09,,,0.04,5.0,0.02,10.0,0.01,151.09,,,,,0.15,9.78,0.33,10.0,0.89,11.0,0.95,34.0,0.96,5.0,0.05,0.11,44.883815,1776167696000
1776167698.53,298.53,0.85,18.11,0.73,10.0,0.61,6.0,0.51,7.0,0.41,8.0,0.9,5.0,0.96,5.0,0.98,10.0,0.99,146.09,,,0.1,5.0,0.04,5.0,0.02,10.0,0.01,146.09,,,0.15,18.11,0.27,10.0,0.39,6.0,0.49,7.0,0.59,8.0,0.05,0.05,44.883741,1776167697000
1776167699.067,299.067,0.91,10.0,0.85,9.78,0.61,6.0,0.51,7.0,0.41,8.0,0.98,10.0,0.99,146.09,,,,,,,0.02,10.0,0.01,146.09,,,,,,,0.09,10.0,0.15,9.78,0.39,6.0,0.49,7.0,0.59,8.0,0.07,0.07,44.883741,1776167698000
1776167700.026,300.026,0.91,10.0,0.85,17.78,0.78,12.0,0.77,15.0,0.7,25.0,0.98,4.89,0.99,151.09,,,,,,,0.02,10.0,0.01,146.09,,,,,,,0.09,10.0,0.15,9.78,0.39,6.0,0.49,7.0,0.59,8.0,0.07,0.07,44.883741,1776167698000
1776167700.27,300.27,0.91,10.0,0.85,17.78,0.78,12.0,0.77,20.0,0.7,25.0,0.99,18.95,,,,,,,,,0.01,79.95,,,,,,,,,0.09,10.0,0.15,17.78,0.22,12.0,0.23,20.0,0.3,25.0,0.08,0.08,44.883741,1776167698000
1776167701.078,301.078,0.99,39.05,0.91,10.0,0.85,17.78,0.78,12.0,0.77,20.0,,,,,,,,,,,,,,,,,,,,,0.01,39.05,0.09,10.0,0.15,17.78,0.22,12.0,0.23,20.0,,,44.883693,1776167700000
1776167702.106,302.106,0.99,39.05,0.91,10.0,0.85,17.78,0.78,12.0,0.77,20.0,,,,,,,,,,,,,,,,,,,,,0.01,39.05,0.09,10.0,0.15,17.78,0.22,12.0,0.23,20.0,,,44.883967,1776167701000

# RESULT,winner=Up,slug=hype-updown-5m-1776167400,ticks=309
