timestamp,elapsed_sec,up_bid_p1,up_bid_s1,up_bid_p2,up_bid_s2,up_ask_p1,up_ask_s1,up_ask_p2,up_ask_s2,down_bid_p1,down_bid_s1,down_bid_p2,down_bid_s2,down_ask_p1,down_ask_s1,down_ask_p2,down_ask_s2,up_spread,down_spread,hype_price,hype_oracle_ts
1776250501.395,1.395,0.11,100.0,0.08,57.5,0.51,5.0,0.89,100.0,0.49,5.0,0.11,100.0,0.89,100.0,0.92,57.5,0.4,0.4,43.925905,1776250500000
1776250501.698,1.698,0.11,100.0,0.08,57.5,0.51,5.0,0.89,100.0,0.49,5.0,0.11,100.0,0.89,100.0,0.92,57.5,0.4,0.4,43.925905,1776250500000
1776250502.113,2.113,0.11,100.0,0.08,57.5,0.51,5.0,0.89,100.0,0.49,5.0,0.11,100.0,0.89,100.0,0.92,57.5,0.4,0.4,43.925699,1776250501000
1776250503.081,3.081,0.11,100.0,0.08,57.5,0.51,5.0,0.89,100.0,0.49,5.0,0.11,100.0,0.89,100.0,0.92,57.5,0.4,0.4,43.924145,1776250502000
1776250504.107,4.107,0.11,100.0,0.08,57.5,0.51,5.0,0.89,100.0,0.49,5.0,0.11,100.0,0.89,100.0,0.92,57.5,0.4,0.4,43.923696,1776250503000
1776250505.138,5.138,0.11,100.0,0.08,57.5,0.51,5.0,0.89,100.0,0.49,5.0,0.11,100.0,0.89,100.0,0.92,57.5,0.4,0.4,43.915324,1776250504000
1776250506.158,6.158,0.11,100.0,0.08,57.5,0.51,5.0,0.89,100.0,0.49,5.0,0.11,100.0,0.89,100.0,0.92,57.5,0.4,0.4,43.91202,1776250505000
1776250507.001,7.001,0.11,100.0,0.08,57.5,0.51,5.0,0.89,100.0,0.49,5.0,0.11,100.0,0.89,100.0,0.92,57.5,0.4,0.4,43.907539,1776250506000
1776250507.988,7.988,0.11,100.0,0.08,57.5,0.51,5.0,0.89,100.0,0.49,5.0,0.11,100.0,0.89,100.0,0.92,57.5,0.4,0.4,43.90669,1776250507000
1776250508.999,8.999,0.45,5.0,0.44,5.0,0.47,5.0,0.48,5.0,0.53,5.0,0.52,5.0,0.55,5.0,0.56,5.0,0.02,0.02,43.906297,1776250508000
1776250510.024,10.024,0.45,5.0,0.44,5.0,0.47,5.0,0.48,5.0,0.53,5.0,0.52,5.0,0.55,5.0,0.56,5.0,0.02,0.02,43.906592,1776250509000
1776250510.974,10.974,0.48,5.0,0.47,5.0,0.5,5.0,0.51,10.0,0.5,5.0,0.49,10.0,0.52,5.0,0.53,5.0,0.02,0.02,43.906791,1776250510000
1776250512.583,12.583,0.48,5.0,0.47,5.0,0.5,5.0,0.51,10.0,0.5,5.0,0.49,10.0,0.52,5.0,0.53,5.0,0.02,0.02,43.917995,1776250511000
1776250513.159,13.159,0.48,5.0,0.47,5.0,0.5,5.0,0.51,10.0,0.5,5.0,0.49,10.0,0.52,5.0,0.53,5.0,0.02,0.02,43.920893,1776250512000
1776250514.071,14.071,0.48,5.0,0.47,5.0,0.5,5.0,0.51,10.0,0.5,5.0,0.49,10.0,0.52,5.0,0.53,5.0,0.02,0.02,43.919313,1776250513000
1776250515.075,15.075,0.48,5.0,0.47,5.0,0.5,5.0,0.51,10.0,0.5,5.0,0.49,10.0,0.52,5.0,0.53,5.0,0.02,0.02,43.919313,1776250514000
1776250516.104,16.104,0.48,5.0,0.47,5.0,0.5,5.0,0.51,10.0,0.5,5.0,0.49,10.0,0.52,5.0,0.53,5.0,0.02,0.02,43.919313,1776250515000
1776250516.502,16.502,0.35,0.43,0.34,10.0,0.36,5.0,0.37,5.0,0.5,5.0,0.49,10.0,0.52,5.0,0.53,5.0,0.01,0.02,43.919313,1776250515000
1776250517.149,17.149,0.35,0.43,0.34,5.0,0.39,5.0,0.4,5.0,0.61,5.0,0.6,5.0,0.65,0.43,0.66,5.0,0.04,0.04,43.919216,1776250516000
1776250518.125,18.125,0.35,0.43,0.34,5.0,0.39,5.0,0.4,5.0,0.61,5.0,0.6,5.0,0.65,0.43,0.66,5.0,0.04,0.04,43.911824,1776250517000
1776250519.034,19.034,0.35,0.43,0.34,5.0,0.39,5.0,0.4,5.0,0.61,5.0,0.6,5.0,0.65,0.43,0.66,5.0,0.04,0.04,43.904361,1776250518000
1776250520.004,20.004,0.35,0.43,0.34,5.0,0.39,5.0,0.4,5.0,0.61,5.0,0.6,5.0,0.65,0.43,0.66,5.0,0.04,0.04,43.902078,1776250519000
1776250520.965,20.965,0.35,0.43,0.34,5.0,0.39,5.0,0.4,5.0,0.61,5.0,0.6,5.0,0.65,0.43,0.66,5.0,0.04,0.04,43.902902,1776250520000
1776250521.984,21.984,0.35,0.43,0.34,5.0,0.39,5.0,0.4,5.0,0.61,5.0,0.6,5.0,0.65,0.43,0.66,5.0,0.04,0.04,43.902902,1776250521000
1776250522.926,22.926,0.35,0.43,0.34,5.0,0.39,5.0,0.4,5.0,0.61,5.0,0.6,5.0,0.65,0.43,0.66,5.0,0.04,0.04,43.902902,1776250522000
1776250523.901,23.901,0.35,0.43,0.34,5.0,0.39,5.0,0.4,5.0,0.61,5.0,0.6,5.0,0.65,0.43,0.66,5.0,0.04,0.04,43.903,1776250523000
1776250525.383,25.383,0.35,0.43,0.34,5.0,0.39,5.0,0.4,5.0,0.61,5.0,0.6,5.0,0.65,0.43,0.66,5.0,0.04,0.04,43.902635,1776250524000
1776250526.594,26.594,0.35,0.43,0.34,5.0,0.39,5.0,0.4,5.0,0.61,5.0,0.6,5.0,0.65,0.43,0.66,5.0,0.04,0.04,43.902635,1776250525000
1776250527.381,27.381,0.35,0.43,0.34,5.0,0.39,5.0,0.4,5.0,0.61,5.0,0.6,5.0,0.65,0.43,0.66,5.0,0.04,0.04,43.902635,1776250526000
1776250528.548,28.548,0.35,0.43,0.34,5.0,0.39,5.0,0.4,5.0,0.61,5.0,0.6,5.0,0.65,0.43,0.66,5.0,0.04,0.04,43.902635,1776250527000
1776250529.122,29.122,0.35,0.43,0.34,5.0,0.39,5.0,0.4,5.0,0.61,5.0,0.6,5.0,0.65,0.43,0.66,5.0,0.04,0.04,43.902428,1776250528000
1776250530.387,30.387,0.35,0.43,0.34,5.0,0.39,5.0,0.4,5.0,0.61,5.0,0.6,5.0,0.65,0.43,0.66,5.0,0.04,0.04,43.902606,1776250529000
1776250531.009,31.009,0.35,0.43,0.34,5.0,0.39,5.0,0.4,5.0,0.61,5.0,0.6,5.0,0.65,0.43,0.66,5.0,0.04,0.04,43.902693,1776250530000
1776250532.344,32.344,0.35,0.43,0.34,5.0,0.39,5.0,0.4,5.0,0.61,5.0,0.6,5.0,0.65,0.43,0.66,5.0,0.04,0.04,43.901452,1776250531000
1776250533.045,33.045,0.35,0.43,0.34,5.0,0.39,5.0,0.4,5.0,0.61,5.0,0.6,5.0,0.65,0.43,0.66,5.0,0.04,0.04,43.901452,1776250532000
1776250534.186,34.186,0.35,0.43,0.34,5.0,0.39,5.0,0.4,5.0,0.61,5.0,0.6,5.0,0.65,0.43,0.66,5.0,0.04,0.04,43.901378,1776250533000
1776250535.622,35.622,0.35,0.43,0.34,5.0,0.39,5.0,0.4,5.0,0.61,5.0,0.6,5.0,0.65,0.43,0.66,5.0,0.04,0.04,43.901179,1776250534000
1776250536.247,36.247,0.35,0.43,0.34,5.0,0.39,5.0,0.4,5.0,0.61,5.0,0.6,5.0,0.65,0.43,0.66,5.0,0.04,0.04,43.901179,1776250535000
1776250537.509,37.509,0.35,0.43,0.34,5.0,0.39,5.0,0.4,5.0,0.61,5.0,0.6,5.0,0.65,0.43,0.66,5.0,0.04,0.04,43.901019,1776250536000
1776250538.195,38.195,0.37,5.0,0.36,5.0,0.38,5.0,0.39,5.0,0.62,5.0,0.61,5.0,0.63,5.0,0.64,5.0,0.01,0.01,43.900756,1776250537000
1776250539.644,39.644,0.37,5.0,0.36,5.0,0.38,5.0,0.39,5.0,0.62,5.0,0.61,5.0,0.63,5.0,0.64,5.0,0.01,0.01,43.900435,1776250538000
1776250540.371,40.371,0.37,5.0,0.36,5.0,0.38,5.0,0.39,5.0,0.62,5.0,0.61,5.0,0.63,5.0,0.64,5.0,0.01,0.01,43.900435,1776250539000
1776250541.801,41.801,0.37,5.0,0.36,5.0,0.38,5.0,0.39,5.0,0.62,5.0,0.61,5.0,0.63,5.0,0.64,5.0,0.01,0.01,43.899771,1776250540000
1776250542.922,42.922,0.37,5.0,0.36,5.0,0.38,5.0,0.39,5.0,0.62,5.0,0.61,5.0,0.63,5.0,0.64,5.0,0.01,0.01,43.899684,1776250541000
1776250543.385,43.385,0.37,5.0,0.36,5.0,0.38,5.0,0.39,5.0,0.62,5.0,0.61,5.0,0.63,5.0,0.64,5.0,0.01,0.01,43.899684,1776250542000
1776250544.09,44.09,0.37,5.0,0.36,5.0,0.38,5.0,0.39,5.0,0.62,5.0,0.61,5.0,0.63,5.0,0.64,5.0,0.01,0.01,43.900235,1776250543000
1776250545.151,45.151,0.37,5.0,0.36,5.0,0.38,5.0,0.39,5.0,0.62,5.0,0.61,5.0,0.63,5.0,0.64,5.0,0.01,0.01,43.900825,1776250544000
1776250546.128,46.128,0.37,5.0,0.36,5.0,0.38,5.0,0.39,5.0,0.62,5.0,0.61,5.0,0.63,5.0,0.64,5.0,0.01,0.01,43.901597,1776250545000
1776250547.208,47.208,0.37,5.0,0.36,5.0,0.38,5.0,0.39,5.0,0.62,5.0,0.61,5.0,0.63,5.0,0.64,5.0,0.01,0.01,43.901389,1776250546000
1776250548.313,48.313,0.37,5.0,0.36,5.0,0.38,5.0,0.39,5.0,0.62,5.0,0.61,5.0,0.63,5.0,0.64,5.0,0.01,0.01,43.902136,1776250547000
1776250549.308,49.308,0.37,5.0,0.36,5.0,0.38,5.0,0.39,5.0,0.62,5.0,0.61,5.0,0.63,5.0,0.64,5.0,0.01,0.01,43.902075,1776250548000
1776250550.369,50.369,0.37,5.0,0.36,5.0,0.38,5.0,0.39,5.0,0.62,5.0,0.61,5.0,0.63,5.0,0.64,5.0,0.01,0.01,43.901786,1776250549000
1776250551.274,51.274,0.37,5.0,0.36,5.0,0.38,5.0,0.39,5.0,0.62,5.0,0.61,5.0,0.63,5.0,0.64,5.0,0.01,0.01,43.902351,1776250550000
1776250552.347,52.347,0.37,5.0,0.36,5.0,0.38,5.0,0.39,5.0,0.62,5.0,0.61,5.0,0.63,5.0,0.64,5.0,0.01,0.01,43.902351,1776250551000
1776250553.339,53.339,0.37,5.0,0.36,5.0,0.38,5.0,0.39,5.0,0.62,5.0,0.61,5.0,0.63,5.0,0.64,5.0,0.01,0.01,43.902351,1776250552000
1776250553.875,53.875,0.37,5.0,0.36,5.0,0.38,5.0,0.39,5.0,0.62,5.0,0.61,5.0,0.63,5.0,0.64,5.0,0.01,0.01,43.902158,1776250553000
1776250554.961,54.961,0.37,5.0,0.36,5.0,0.38,5.0,0.39,5.0,0.62,5.0,0.61,5.0,0.63,5.0,0.64,5.0,0.01,0.01,43.902158,1776250554000
1776250556.431,56.431,0.37,5.0,0.36,5.0,0.38,5.0,0.39,5.0,0.62,5.0,0.61,5.0,0.63,5.0,0.64,5.0,0.01,0.01,43.902021,1776250555000
1776250556.961,56.961,0.37,5.0,0.36,5.0,0.38,5.0,0.39,5.0,0.62,5.0,0.61,5.0,0.63,5.0,0.64,5.0,0.01,0.01,43.901812,1776250556000
1776250557.976,57.976,0.37,5.0,0.36,5.0,0.38,5.0,0.39,5.0,0.62,5.0,0.61,5.0,0.63,5.0,0.64,5.0,0.01,0.01,43.901519,1776250557000
1776250559.029,59.029,0.37,5.0,0.36,5.0,0.38,5.0,0.39,5.0,0.62,5.0,0.61,5.0,0.63,5.0,0.64,5.0,0.01,0.01,43.901696,1776250558000
1776250560.12,60.12,0.37,5.0,0.36,5.0,0.38,5.0,0.39,5.0,0.62,5.0,0.61,5.0,0.63,5.0,0.64,5.0,0.01,0.01,43.892797,1776250559000
1776250561.05,61.05,0.37,5.0,0.36,5.0,0.38,5.0,0.39,5.0,0.62,5.0,0.61,5.0,0.63,5.0,0.64,5.0,0.01,0.01,43.885831,1776250560000
1776250562.026,62.026,0.37,5.0,0.36,5.0,0.38,5.0,0.39,5.0,0.62,5.0,0.61,5.0,0.63,5.0,0.64,5.0,0.01,0.01,43.882507,1776250561000
1776250562.991,62.991,0.37,5.0,0.36,5.0,0.38,5.0,0.39,5.0,0.62,5.0,0.61,5.0,0.63,5.0,0.64,5.0,0.01,0.01,43.882507,1776250562000
1776250564.07,64.07,0.25,5.0,0.24,5.0,0.29,5.0,0.3,5.0,0.71,5.0,0.7,5.0,0.75,5.0,0.76,5.0,0.04,0.04,43.882814,1776250563000
1776250565.18,65.18,0.25,5.0,0.24,5.0,0.29,5.0,0.3,5.0,0.71,5.0,0.7,5.0,0.75,5.0,0.76,5.0,0.04,0.04,43.882038,1776250564000
1776250566.049,66.049,0.25,5.0,0.24,5.0,0.29,5.0,0.3,5.0,0.71,5.0,0.7,5.0,0.75,5.0,0.76,5.0,0.04,0.04,43.876729,1776250565000
1776250567.074,67.074,0.25,5.0,0.24,5.0,0.29,5.0,0.3,5.0,0.71,5.0,0.7,5.0,0.75,5.0,0.76,5.0,0.04,0.04,43.876643,1776250566000
1776250568.147,68.147,0.25,5.0,0.24,5.0,0.29,5.0,0.3,5.0,0.71,5.0,0.7,5.0,0.75,5.0,0.76,5.0,0.04,0.04,43.877935,1776250567000
1776250569.659,69.659,0.26,16.0,0.25,10.0,0.27,1.61,0.32,5.0,0.71,5.0,0.7,5.0,0.75,5.0,0.76,5.0,0.01,0.04,43.877935,1776250567000
1776250569.925,69.925,0.26,16.0,0.25,10.0,0.27,1.61,0.32,5.0,0.73,1.61,0.68,5.0,0.74,16.0,0.75,10.0,0.01,0.01,43.876477,1776250568000
1776250570.489,70.489,0.26,16.0,0.25,10.0,0.27,1.61,0.32,5.0,0.73,1.61,0.68,5.0,0.74,16.0,0.75,10.0,0.01,0.01,43.876477,1776250569000
1776250571.265,71.265,0.26,16.0,0.25,10.0,0.27,1.61,0.32,5.0,0.73,1.61,0.68,5.0,0.74,16.0,0.75,10.0,0.01,0.01,43.88242,1776250570000
1776250571.891,71.891,0.25,3.3,0.24,10.0,0.28,5.0,0.29,5.0,0.73,1.61,0.68,5.0,0.74,16.0,0.75,10.0,0.03,0.01,43.88242,1776250570000
1776250572.373,72.373,0.25,3.3,0.24,10.0,0.28,5.0,0.29,5.0,0.72,5.0,0.71,5.0,0.75,3.3,0.76,10.0,0.03,0.03,43.886836,1776250571000
1776250572.98,72.98,0.25,3.3,0.24,10.0,0.28,5.0,0.29,5.0,0.72,5.0,0.71,5.0,0.75,3.3,0.76,10.0,0.03,0.03,43.887685,1776250572000
1776250574.217,74.217,0.25,3.3,0.24,10.0,0.28,5.0,0.29,5.0,0.72,5.0,0.71,5.0,0.75,3.3,0.76,10.0,0.03,0.03,43.888016,1776250573000
1776250575.433,75.433,0.25,3.3,0.24,10.0,0.28,5.0,0.29,5.0,0.72,5.0,0.71,5.0,0.75,3.3,0.76,10.0,0.03,0.03,43.887953,1776250574000
1776250576.158,76.158,0.25,3.3,0.24,10.0,0.28,5.0,0.29,5.0,0.72,5.0,0.71,5.0,0.75,3.3,0.76,10.0,0.03,0.03,43.888149,1776250575000
1776250577.065,77.065,0.19,5.0,0.18,10.0,0.26,5.0,0.27,5.0,0.72,5.0,0.71,5.0,0.75,3.3,0.76,10.0,0.07,0.03,43.888149,1776250575000
1776250577.315,77.315,0.19,5.0,0.18,10.0,0.26,5.0,0.27,5.0,0.74,5.0,0.73,5.0,0.81,5.0,0.82,10.0,0.07,0.07,43.888168,1776250576000
1776250577.611,77.611,0.19,5.0,0.18,10.0,0.22,5.0,0.23,5.0,0.74,5.0,0.73,5.0,0.81,5.0,0.82,10.0,0.03,0.07,43.888168,1776250576000
1776250577.926,77.926,0.19,5.0,0.18,10.0,0.22,5.0,0.23,5.0,0.78,5.0,0.77,5.0,0.81,5.0,0.82,10.0,0.03,0.03,43.887625,1776250577000
1776250579.064,79.064,0.19,5.0,0.18,10.0,0.22,5.0,0.23,5.0,0.78,5.0,0.77,5.0,0.81,5.0,0.82,10.0,0.03,0.03,43.875489,1776250578000
1776250580.315,80.315,0.19,5.0,0.18,10.0,0.22,5.0,0.23,5.0,0.78,5.0,0.77,5.0,0.81,5.0,0.82,10.0,0.03,0.03,43.87515,1776250579000
1776250581.51,81.51,0.19,5.0,0.18,10.0,0.22,5.0,0.23,5.0,0.78,5.0,0.77,5.0,0.81,5.0,0.82,10.0,0.03,0.03,43.873137,1776250580000
1776250582.102,82.102,0.19,5.0,0.18,10.0,0.22,5.0,0.23,5.0,0.78,5.0,0.77,5.0,0.81,5.0,0.82,10.0,0.03,0.03,43.873137,1776250581000
1776250583.15,83.15,0.19,5.0,0.18,10.0,0.22,5.0,0.23,5.0,0.78,5.0,0.77,5.0,0.81,5.0,0.82,10.0,0.03,0.03,43.872414,1776250582000
1776250584.292,84.292,0.19,5.0,0.18,10.0,0.22,5.0,0.23,5.0,0.78,5.0,0.77,5.0,0.81,5.0,0.82,10.0,0.03,0.03,43.872318,1776250583000
1776250585.799,85.799,0.19,5.0,0.18,10.0,0.22,5.0,0.23,5.0,0.78,5.0,0.77,5.0,0.81,5.0,0.82,10.0,0.03,0.03,43.871699,1776250584000
1776250586.858,86.858,0.19,5.0,0.18,10.0,0.22,5.0,0.23,5.0,0.78,5.0,0.77,5.0,0.81,5.0,0.82,10.0,0.03,0.03,43.869731,1776250585000
1776250587.824,87.824,0.19,5.0,0.18,10.0,0.22,5.0,0.23,5.0,0.78,5.0,0.77,5.0,0.81,5.0,0.82,10.0,0.03,0.03,43.870006,1776250586000
1776250589.071,89.071,0.19,5.0,0.18,10.0,0.22,5.0,0.23,5.0,0.78,5.0,0.77,5.0,0.81,5.0,0.82,10.0,0.03,0.03,43.869629,1776250587000
1776250590.01,90.01,0.19,5.0,0.18,10.0,0.22,5.0,0.23,5.0,0.78,5.0,0.77,5.0,0.81,5.0,0.82,10.0,0.03,0.03,43.867273,1776250588000
1776250591.144,91.144,0.19,5.0,0.18,10.0,0.22,5.0,0.23,5.0,0.78,5.0,0.77,5.0,0.81,5.0,0.82,10.0,0.03,0.03,43.862773,1776250589000
1776250592.098,92.098,0.19,5.0,0.18,10.0,0.22,5.0,0.23,5.0,0.78,5.0,0.77,5.0,0.81,5.0,0.82,10.0,0.03,0.03,43.859484,1776250590000
1776250592.894,92.894,0.19,5.0,0.18,10.0,0.22,5.0,0.23,5.0,0.78,5.0,0.77,5.0,0.81,5.0,0.82,10.0,0.03,0.03,43.858111,1776250591000
1776250593.675,93.675,0.19,5.0,0.18,10.0,0.22,5.0,0.23,5.0,0.78,5.0,0.77,5.0,0.81,5.0,0.82,10.0,0.03,0.03,43.853476,1776250592000
1776250594.245,94.245,0.19,5.0,0.18,10.0,0.22,5.0,0.23,5.0,0.78,5.0,0.77,5.0,0.81,5.0,0.82,10.0,0.03,0.03,43.853277,1776250593000
1776250595.762,95.762,0.19,5.0,0.18,10.0,0.22,5.0,0.23,5.0,0.78,5.0,0.77,5.0,0.81,5.0,0.82,10.0,0.03,0.03,43.853137,1776250594000
1776250596.45,96.45,0.19,5.0,0.18,10.0,0.22,5.0,0.23,5.0,0.78,5.0,0.77,5.0,0.81,5.0,0.82,10.0,0.03,0.03,43.853137,1776250595000
1776250597.232,97.232,0.19,5.0,0.18,10.0,0.22,5.0,0.23,5.0,0.78,5.0,0.77,5.0,0.81,5.0,0.82,10.0,0.03,0.03,43.853137,1776250596000
1776250598.799,98.799,0.19,5.0,0.18,10.0,0.22,5.0,0.23,5.0,0.78,5.0,0.77,5.0,0.81,5.0,0.82,10.0,0.03,0.03,43.853137,1776250597000
1776250599.581,99.581,0.19,5.0,0.18,10.0,0.22,5.0,0.23,5.0,0.78,5.0,0.77,5.0,0.81,5.0,0.82,10.0,0.03,0.03,43.85321,1776250598000
1776250600.602,100.602,0.19,5.0,0.18,10.0,0.22,5.0,0.23,5.0,0.78,5.0,0.77,5.0,0.81,5.0,0.82,10.0,0.03,0.03,43.85321,1776250599000
1776250601.51,101.51,0.19,5.0,0.18,10.0,0.22,5.0,0.23,5.0,0.78,5.0,0.77,5.0,0.81,5.0,0.82,10.0,0.03,0.03,43.858449,1776250600000
1776250602.092,102.092,0.19,5.0,0.18,10.0,0.22,5.0,0.23,5.0,0.78,5.0,0.77,5.0,0.81,5.0,0.82,10.0,0.03,0.03,43.860713,1776250601000
1776250603.629,103.629,0.19,5.0,0.18,10.0,0.22,5.0,0.23,5.0,0.78,5.0,0.77,5.0,0.81,5.0,0.82,10.0,0.03,0.03,43.861648,1776250602000
1776250604.452,104.452,0.19,5.0,0.18,10.0,0.22,5.0,0.23,5.0,0.78,5.0,0.77,5.0,0.81,5.0,0.82,10.0,0.03,0.03,43.865442,1776250603000
1776250604.969,104.969,0.19,5.0,0.18,10.0,0.22,5.0,0.23,5.0,0.78,5.0,0.77,5.0,0.81,5.0,0.82,10.0,0.03,0.03,43.866392,1776250604000
1776250606.665,106.665,0.19,5.0,0.18,10.0,0.22,5.0,0.23,5.0,0.78,5.0,0.77,5.0,0.81,5.0,0.82,10.0,0.03,0.03,43.872068,1776250605000
1776250607.276,107.276,0.19,5.0,0.18,10.0,0.22,5.0,0.23,5.0,0.78,5.0,0.77,5.0,0.81,5.0,0.82,10.0,0.03,0.03,43.876166,1776250606000
1776250608.463,108.463,0.19,5.0,0.18,10.0,0.22,5.0,0.23,5.0,0.78,5.0,0.77,5.0,0.81,5.0,0.82,10.0,0.03,0.03,43.894047,1776250607000
1776250608.943,108.943,0.19,5.0,0.18,10.0,0.22,5.0,0.23,5.0,0.78,5.0,0.77,5.0,0.81,5.0,0.82,10.0,0.03,0.03,43.895563,1776250608000
1776250609.888,109.888,0.19,5.0,0.18,10.0,0.22,5.0,0.23,5.0,0.78,5.0,0.77,5.0,0.81,5.0,0.82,10.0,0.03,0.03,43.89752,1776250609000
1776250610.963,110.963,0.19,5.0,0.18,10.0,0.22,5.0,0.23,5.0,0.78,5.0,0.77,5.0,0.81,5.0,0.82,10.0,0.03,0.03,43.899239,1776250610000
1776250612.044,112.044,0.19,5.0,0.18,10.0,0.22,5.0,0.23,5.0,0.78,5.0,0.77,5.0,0.81,5.0,0.82,10.0,0.03,0.03,43.897886,1776250611000
1776250612.977,112.977,0.19,5.0,0.18,10.0,0.22,5.0,0.23,5.0,0.78,5.0,0.77,5.0,0.81,5.0,0.82,10.0,0.03,0.03,43.89327,1776250612000
1776250613.809,113.809,0.19,5.0,0.18,10.0,0.22,5.0,0.23,5.0,0.78,5.0,0.77,5.0,0.81,5.0,0.82,10.0,0.03,0.03,43.891855,1776250613000
1776250614.84,114.84,0.19,5.0,0.18,10.0,0.22,5.0,0.23,5.0,0.78,5.0,0.77,5.0,0.81,5.0,0.82,10.0,0.03,0.03,43.89035,1776250614000
1776250616.279,116.279,0.19,5.0,0.18,10.0,0.22,5.0,0.23,5.0,0.78,5.0,0.77,5.0,0.81,5.0,0.82,10.0,0.03,0.03,43.889122,1776250615000
1776250617.257,117.257,0.19,5.0,0.18,10.0,0.22,5.0,0.23,5.0,0.78,5.0,0.77,5.0,0.81,5.0,0.82,10.0,0.03,0.03,43.889835,1776250616000
1776250618.739,118.739,0.19,5.0,0.18,10.0,0.22,5.0,0.23,5.0,0.78,5.0,0.77,5.0,0.81,5.0,0.82,10.0,0.03,0.03,43.890237,1776250617000
1776250619.745,119.745,0.19,5.0,0.18,10.0,0.22,5.0,0.23,5.0,0.78,5.0,0.77,5.0,0.81,5.0,0.82,10.0,0.03,0.03,43.883456,1776250618000
1776250620.788,120.788,0.19,5.0,0.18,10.0,0.22,5.0,0.23,5.0,0.78,5.0,0.77,5.0,0.81,5.0,0.82,10.0,0.03,0.03,43.887141,1776250619000
1776250621.314,121.314,0.19,5.0,0.18,10.0,0.22,5.0,0.23,5.0,0.78,5.0,0.77,5.0,0.81,5.0,0.82,10.0,0.03,0.03,43.89054,1776250620000
1776250622.327,122.327,0.19,5.0,0.18,10.0,0.22,5.0,0.23,5.0,0.78,5.0,0.77,5.0,0.81,5.0,0.82,10.0,0.03,0.03,43.891811,1776250621000
1776250622.979,122.979,0.19,5.0,0.18,10.0,0.22,5.0,0.23,5.0,0.78,5.0,0.77,5.0,0.81,5.0,0.82,10.0,0.03,0.03,43.892015,1776250622000
1776250624.009,124.009,0.19,5.0,0.18,10.0,0.22,5.0,0.23,5.0,0.78,5.0,0.77,5.0,0.81,5.0,0.82,10.0,0.03,0.03,43.892868,1776250623000
1776250625.007,125.007,0.26,10.0,0.25,15.0,0.27,5.0,0.28,5.0,0.73,5.0,0.72,5.0,0.74,10.0,0.75,15.0,0.01,0.01,43.892775,1776250624000
1776250626.231,126.231,0.26,10.0,0.25,15.0,0.27,5.0,0.28,5.0,0.73,5.0,0.72,5.0,0.74,10.0,0.75,15.0,0.01,0.01,43.892672,1776250625000
1776250627.474,127.474,0.26,10.0,0.25,15.0,0.27,5.0,0.28,5.0,0.73,5.0,0.72,5.0,0.74,10.0,0.75,15.0,0.01,0.01,43.892778,1776250626000
1776250628.004,128.004,0.26,10.0,0.25,15.0,0.27,5.0,0.28,5.0,0.73,5.0,0.72,5.0,0.74,10.0,0.75,15.0,0.01,0.01,43.892926,1776250627000
1776250629.143,129.143,0.26,10.0,0.25,15.0,0.27,5.0,0.28,5.0,0.73,5.0,0.72,5.0,0.74,10.0,0.75,15.0,0.01,0.01,43.893268,1776250628000
1776250630.198,130.198,0.26,10.0,0.25,15.0,0.27,5.0,0.28,5.0,0.73,5.0,0.72,5.0,0.74,10.0,0.75,15.0,0.01,0.01,43.892957,1776250629000
1776250631.231,131.231,0.26,10.0,0.25,15.0,0.27,5.0,0.28,5.0,0.73,5.0,0.72,5.0,0.74,10.0,0.75,15.0,0.01,0.01,43.892957,1776250630000
1776250632.399,132.399,0.26,10.0,0.25,15.0,0.27,5.0,0.28,5.0,0.73,5.0,0.72,5.0,0.74,10.0,0.75,15.0,0.01,0.01,43.893127,1776250631000
1776250632.918,132.918,0.26,10.0,0.25,15.0,0.27,5.0,0.28,5.0,0.73,5.0,0.72,5.0,0.74,10.0,0.75,15.0,0.01,0.01,43.892957,1776250632000
1776250634.016,134.016,0.26,10.0,0.25,15.0,0.27,5.0,0.28,5.0,0.73,5.0,0.72,5.0,0.74,10.0,0.75,15.0,0.01,0.01,43.892888,1776250633000
1776250635.086,135.086,0.26,10.0,0.25,15.0,0.27,5.0,0.28,5.0,0.73,5.0,0.72,5.0,0.74,10.0,0.75,15.0,0.01,0.01,43.892888,1776250634000
1776250636.148,136.148,0.26,10.0,0.25,15.0,0.27,5.0,0.28,5.0,0.73,5.0,0.72,5.0,0.74,10.0,0.75,15.0,0.01,0.01,43.892888,1776250635000
1776250637.163,137.163,0.26,10.0,0.25,15.0,0.27,5.0,0.28,5.0,0.73,5.0,0.72,5.0,0.74,10.0,0.75,15.0,0.01,0.01,43.892743,1776250636000
1776250638.293,138.293,0.26,10.0,0.25,15.0,0.27,5.0,0.28,5.0,0.73,5.0,0.72,5.0,0.74,10.0,0.75,15.0,0.01,0.01,43.89265,1776250637000
1776250639.431,139.431,0.26,10.0,0.25,15.0,0.27,5.0,0.28,5.0,0.73,5.0,0.72,5.0,0.74,10.0,0.75,15.0,0.01,0.01,43.89265,1776250638000
1776250640.429,140.429,0.26,10.0,0.25,15.0,0.27,5.0,0.28,5.0,0.73,5.0,0.72,5.0,0.74,10.0,0.75,15.0,0.01,0.01,43.892547,1776250639000
1776250641.335,141.335,0.26,10.0,0.25,15.0,0.27,5.0,0.28,5.0,0.73,5.0,0.72,5.0,0.74,10.0,0.75,15.0,0.01,0.01,43.892471,1776250640000
1776250642.312,142.312,0.26,10.0,0.25,15.0,0.27,5.0,0.28,5.0,0.73,5.0,0.72,5.0,0.74,10.0,0.75,15.0,0.01,0.01,43.890646,1776250641000
1776250642.87,142.87,0.26,10.0,0.25,15.0,0.27,5.0,0.28,5.0,0.73,5.0,0.72,5.0,0.74,10.0,0.75,15.0,0.01,0.01,43.890436,1776250642000
1776250643.877,143.877,0.26,10.0,0.25,15.0,0.27,5.0,0.28,5.0,0.73,5.0,0.72,5.0,0.74,10.0,0.75,15.0,0.01,0.01,43.890137,1776250643000
1776250645.028,145.028,0.26,10.0,0.25,15.0,0.27,5.0,0.28,5.0,0.73,5.0,0.72,5.0,0.74,10.0,0.75,15.0,0.01,0.01,43.892499,1776250644000
1776250646.031,146.031,0.26,10.0,0.25,15.0,0.27,5.0,0.28,5.0,0.73,5.0,0.72,5.0,0.74,10.0,0.75,15.0,0.01,0.01,43.892537,1776250645000
1776250647.118,147.118,0.26,10.0,0.25,15.0,0.27,5.0,0.28,5.0,0.73,5.0,0.72,5.0,0.74,10.0,0.75,15.0,0.01,0.01,43.892366,1776250646000
1776250648.664,148.664,0.26,10.0,0.25,15.0,0.27,5.0,0.28,5.0,0.73,5.0,0.72,5.0,0.74,10.0,0.75,15.0,0.01,0.01,43.892328,1776250647000
1776250649.074,149.074,0.26,10.0,0.25,15.0,0.27,5.0,0.28,5.0,0.73,5.0,0.72,5.0,0.74,10.0,0.75,15.0,0.01,0.01,43.892328,1776250648000
1776250650.164,150.164,0.26,10.0,0.25,15.0,0.27,5.0,0.28,5.0,0.73,5.0,0.72,5.0,0.74,10.0,0.75,15.0,0.01,0.01,43.891823,1776250649000
1776250651.92,151.92,0.26,10.0,0.25,15.0,0.27,5.0,0.28,5.0,0.73,5.0,0.72,5.0,0.74,10.0,0.75,15.0,0.01,0.01,43.890006,1776250650000
1776250652.507,152.507,0.26,10.0,0.25,15.0,0.27,5.0,0.28,5.0,0.73,5.0,0.72,5.0,0.74,10.0,0.75,15.0,0.01,0.01,43.888952,1776250651000
1776250653.131,153.131,0.26,10.0,0.25,15.0,0.27,5.0,0.28,5.0,0.73,5.0,0.72,5.0,0.74,10.0,0.75,15.0,0.01,0.01,43.888952,1776250652000
1776250654.25,154.25,0.26,10.0,0.25,15.0,0.27,5.0,0.28,5.0,0.73,5.0,0.72,5.0,0.74,10.0,0.75,15.0,0.01,0.01,43.887248,1776250653000
1776250655.44,155.44,0.26,10.0,0.25,15.0,0.27,5.0,0.28,5.0,0.73,5.0,0.72,5.0,0.74,10.0,0.75,15.0,0.01,0.01,43.886906,1776250654000
1776250656.012,156.012,0.26,10.0,0.25,15.0,0.27,5.0,0.28,5.0,0.73,5.0,0.72,5.0,0.74,10.0,0.75,15.0,0.01,0.01,43.887058,1776250655000
1776250657.152,157.152,0.26,10.0,0.25,15.0,0.27,5.0,0.28,5.0,0.73,5.0,0.72,5.0,0.74,10.0,0.75,15.0,0.01,0.01,43.88352,1776250656000
1776250657.527,157.527,0.14,11.0,0.13,15.0,0.15,5.0,0.16,5.0,0.73,5.0,0.72,5.0,0.74,10.0,0.75,15.0,0.01,0.01,43.88352,1776250656000
1776250658.343,158.343,0.14,11.0,0.13,15.0,0.15,5.0,0.16,5.0,0.85,5.0,0.84,5.0,0.86,11.0,0.87,15.0,0.01,0.01,43.882844,1776250657000
1776250658.762,158.762,0.09,15.0,0.08,15.0,0.11,2.0,0.12,5.0,0.85,5.0,0.84,5.0,0.86,11.0,0.87,15.0,0.02,0.01,43.882844,1776250657000
1776250659.529,159.529,0.09,15.0,0.08,15.0,0.11,2.0,0.12,5.0,0.89,2.0,0.88,5.0,0.91,15.0,0.92,15.0,0.02,0.02,43.880515,1776250658000
1776250660.155,160.155,0.09,15.0,0.08,15.0,0.11,2.0,0.12,5.0,0.89,2.0,0.88,5.0,0.91,15.0,0.92,15.0,0.02,0.02,43.872101,1776250659000
1776250661.337,161.337,0.09,15.0,0.08,15.0,0.11,2.0,0.12,5.0,0.89,2.0,0.88,5.0,0.91,15.0,0.92,15.0,0.02,0.02,43.869746,1776250660000
1776250662.548,162.548,0.09,15.0,0.08,15.0,0.11,2.0,0.12,5.0,0.89,2.0,0.88,5.0,0.91,15.0,0.92,15.0,0.02,0.02,43.870324,1776250661000
1776250663.11,163.11,0.09,15.0,0.08,15.0,0.11,2.0,0.12,5.0,0.89,2.0,0.88,5.0,0.91,15.0,0.92,15.0,0.02,0.02,43.870324,1776250662000
1776250664.475,164.475,0.09,15.0,0.08,15.0,0.11,2.0,0.12,5.0,0.89,2.0,0.88,5.0,0.91,15.0,0.92,15.0,0.02,0.02,43.870671,1776250663000
1776250665.171,165.171,0.09,15.0,0.08,15.0,0.11,2.0,0.12,5.0,0.89,2.0,0.88,5.0,0.91,15.0,0.92,15.0,0.02,0.02,43.871568,1776250664000
1776250666.413,166.413,0.09,15.0,0.08,15.0,0.11,2.0,0.12,5.0,0.89,2.0,0.88,5.0,0.91,15.0,0.92,15.0,0.02,0.02,43.872465,1776250665000
1776250667.083,167.083,0.09,15.0,0.08,15.0,0.11,2.0,0.12,5.0,0.89,2.0,0.88,5.0,0.91,15.0,0.92,15.0,0.02,0.02,43.872465,1776250666000
1776250668.211,168.211,0.09,15.0,0.08,15.0,0.11,2.0,0.12,5.0,0.89,2.0,0.88,5.0,0.91,15.0,0.92,15.0,0.02,0.02,43.872228,1776250667000
1776250670.038,170.038,0.09,15.0,0.08,15.0,0.11,2.0,0.12,5.0,0.89,2.0,0.88,5.0,0.91,15.0,0.92,15.0,0.02,0.02,43.866715,1776250668000
1776250670.893,170.893,0.09,15.0,0.08,15.0,0.11,2.0,0.12,5.0,0.89,2.0,0.88,5.0,0.91,15.0,0.92,15.0,0.02,0.02,43.868211,1776250669000
1776250671.803,171.803,0.09,15.0,0.08,15.0,0.11,2.0,0.12,5.0,0.89,2.0,0.88,5.0,0.91,15.0,0.92,15.0,0.02,0.02,43.864589,1776250670000
1776250672.624,172.624,0.09,15.0,0.08,15.0,0.11,2.0,0.12,5.0,0.89,2.0,0.88,5.0,0.91,15.0,0.92,15.0,0.02,0.02,43.864151,1776250671000
1776250673.481,173.481,0.09,15.0,0.08,15.0,0.11,2.0,0.12,5.0,0.89,2.0,0.88,5.0,0.91,15.0,0.92,15.0,0.02,0.02,43.864292,1776250672000
1776250674.192,174.192,0.09,15.0,0.08,15.0,0.11,2.0,0.12,5.0,0.89,2.0,0.88,5.0,0.91,15.0,0.92,15.0,0.02,0.02,43.864292,1776250673000
1776250675.808,175.808,0.09,15.0,0.08,15.0,0.11,2.0,0.12,5.0,0.89,2.0,0.88,5.0,0.91,15.0,0.92,15.0,0.02,0.02,43.864348,1776250674000
1776250676.535,176.535,0.09,15.0,0.08,15.0,0.11,2.0,0.12,5.0,0.89,2.0,0.88,5.0,0.91,15.0,0.92,15.0,0.02,0.02,43.864348,1776250675000
1776250677.43,177.43,0.09,15.0,0.08,15.0,0.11,2.0,0.12,5.0,0.89,2.0,0.88,5.0,0.91,15.0,0.92,15.0,0.02,0.02,43.864349,1776250676000
1776250678.165,178.165,0.09,15.0,0.08,15.0,0.11,2.0,0.12,5.0,0.89,2.0,0.88,5.0,0.91,15.0,0.92,15.0,0.02,0.02,43.864348,1776250677000
1776250679.648,179.648,0.09,15.0,0.08,15.0,0.11,2.0,0.12,5.0,0.89,2.0,0.88,5.0,0.91,15.0,0.92,15.0,0.02,0.02,43.863659,1776250678000
1776250680.511,180.511,0.09,15.0,0.08,15.0,0.11,2.0,0.12,5.0,0.89,2.0,0.88,5.0,0.91,15.0,0.92,15.0,0.02,0.02,43.863491,1776250679000
1776250681.243,181.243,0.09,15.0,0.08,15.0,0.11,2.0,0.12,5.0,0.89,2.0,0.88,5.0,0.91,15.0,0.92,15.0,0.02,0.02,43.863374,1776250680000
1776250682.786,182.786,0.09,15.0,0.08,15.0,0.11,2.0,0.12,5.0,0.89,2.0,0.88,5.0,0.91,15.0,0.92,15.0,0.02,0.02,43.854167,1776250681000
1776250683.88,183.88,0.09,15.0,0.08,15.0,0.11,2.0,0.12,5.0,0.89,2.0,0.88,5.0,0.91,15.0,0.92,15.0,0.02,0.02,43.84941,1776250682000
1776250684.369,184.369,0.09,15.0,0.08,15.0,0.11,2.0,0.12,5.0,0.89,2.0,0.88,5.0,0.91,15.0,0.92,15.0,0.02,0.02,43.848891,1776250683000
1776250684.928,184.928,0.09,15.0,0.08,15.0,0.11,2.0,0.12,5.0,0.89,2.0,0.88,5.0,0.91,15.0,0.92,15.0,0.02,0.02,43.848891,1776250684000
1776250686.052,186.052,0.09,15.0,0.08,15.0,0.11,2.0,0.12,5.0,0.89,2.0,0.88,5.0,0.91,15.0,0.92,15.0,0.02,0.02,43.84894,1776250685000
1776250687.178,187.178,0.09,15.0,0.08,15.0,0.11,2.0,0.12,5.0,0.89,2.0,0.88,5.0,0.91,15.0,0.92,15.0,0.02,0.02,43.84894,1776250686000
1776250688.163,188.163,0.09,15.0,0.08,15.0,0.11,2.0,0.12,5.0,0.89,2.0,0.88,5.0,0.91,15.0,0.92,15.0,0.02,0.02,43.848837,1776250687000
1776250689.285,189.285,0.09,15.0,0.08,15.0,0.11,2.0,0.12,5.0,0.89,2.0,0.88,5.0,0.91,15.0,0.92,15.0,0.02,0.02,43.848628,1776250688000
1776250690.288,190.288,0.09,15.0,0.08,15.0,0.11,2.0,0.12,5.0,0.89,2.0,0.88,5.0,0.91,15.0,0.92,15.0,0.02,0.02,43.848526,1776250689000
1776250691.273,191.273,0.09,15.0,0.08,15.0,0.11,2.0,0.12,5.0,0.89,2.0,0.88,5.0,0.91,15.0,0.92,15.0,0.02,0.02,43.848502,1776250690000
1776250692.467,192.467,0.09,15.0,0.08,15.0,0.11,2.0,0.12,5.0,0.89,2.0,0.88,5.0,0.91,15.0,0.92,15.0,0.02,0.02,43.849526,1776250691000
1776250692.893,192.893,0.09,15.0,0.08,15.0,0.11,2.0,0.12,5.0,0.89,2.0,0.88,5.0,0.91,15.0,0.92,15.0,0.02,0.02,43.849526,1776250692000
1776250693.972,193.972,0.09,15.0,0.08,15.0,0.11,2.0,0.12,5.0,0.89,2.0,0.88,5.0,0.91,15.0,0.92,15.0,0.02,0.02,43.853022,1776250693000
1776250695.061,195.061,0.09,15.0,0.08,15.0,0.11,2.0,0.12,5.0,0.89,2.0,0.88,5.0,0.91,15.0,0.92,15.0,0.02,0.02,43.849113,1776250694000
1776250696.242,196.242,0.09,15.0,0.08,15.0,0.11,2.0,0.12,5.0,0.89,2.0,0.88,5.0,0.91,15.0,0.92,15.0,0.02,0.02,43.846409,1776250695000
1776250696.476,196.476,0.02,16.93,0.01,265.0,0.03,5.0,0.04,5.0,0.89,2.0,0.88,5.0,0.91,15.0,0.92,15.0,0.01,0.02,43.846409,1776250695000
1776250697.605,197.605,0.01,261.93,,,0.03,5.0,0.04,5.0,0.97,5.0,0.96,5.0,0.99,261.93,,,0.02,0.02,43.843721,1776250696000
1776250698.16,198.16,0.01,261.93,,,0.03,5.0,0.04,5.0,0.97,5.0,0.96,5.0,0.99,261.93,,,0.02,0.02,43.843721,1776250697000
1776250699.327,199.327,0.01,261.93,,,0.03,5.0,0.04,5.0,0.97,5.0,0.96,5.0,0.99,261.93,,,0.02,0.02,43.839675,1776250698000
1776250700.409,200.409,0.01,261.93,,,0.03,5.0,0.04,5.0,0.97,5.0,0.96,5.0,0.99,261.93,,,0.02,0.02,43.838161,1776250699000
1776250700.956,200.956,0.01,261.93,,,0.03,5.0,0.04,5.0,0.97,5.0,0.96,5.0,0.99,261.93,,,0.02,0.02,43.838161,1776250700000
1776250701.976,201.976,0.01,261.93,,,0.03,5.0,0.04,5.0,0.97,5.0,0.96,5.0,0.99,261.93,,,0.02,0.02,43.83804,1776250701000
1776250702.887,202.887,0.01,261.93,,,0.03,5.0,0.04,5.0,0.97,5.0,0.96,5.0,0.99,261.93,,,0.02,0.02,43.83804,1776250702000
1776250703.902,203.902,0.01,261.93,,,0.03,5.0,0.04,5.0,0.97,5.0,0.96,5.0,0.99,261.93,,,0.02,0.02,43.837977,1776250703000
1776250705.356,205.356,0.01,261.93,,,0.03,5.0,0.04,5.0,0.97,5.0,0.96,5.0,0.99,261.93,,,0.02,0.02,43.836803,1776250704000
1776250706.371,206.371,0.01,261.93,,,0.03,5.0,0.04,5.0,0.97,5.0,0.96,5.0,0.99,261.93,,,0.02,0.02,43.836563,1776250705000
1776250707.532,207.532,0.01,261.93,,,0.03,5.0,0.04,5.0,0.97,5.0,0.96,5.0,0.99,261.93,,,0.02,0.02,43.835294,1776250706000
1776250708.652,208.652,0.01,261.93,,,0.03,5.0,0.04,5.0,0.97,5.0,0.96,5.0,0.99,261.93,,,0.02,0.02,43.834678,1776250707000
1776250709.114,209.114,0.01,261.93,,,0.03,5.0,0.04,5.0,0.97,5.0,0.96,5.0,0.99,261.93,,,0.02,0.02,43.833684,1776250708000
1776250710.143,210.143,0.01,261.93,,,0.03,5.0,0.04,5.0,0.97,5.0,0.96,5.0,0.99,261.93,,,0.02,0.02,43.833719,1776250709000
1776250711.208,211.208,0.01,261.93,,,0.03,5.0,0.04,5.0,0.97,5.0,0.96,5.0,0.99,261.93,,,0.02,0.02,43.83363,1776250710000
1776250712.422,212.422,0.01,261.93,,,0.03,5.0,0.04,5.0,0.97,5.0,0.96,5.0,0.99,261.93,,,0.02,0.02,43.833998,1776250711000
1776250713.341,213.341,0.01,256.87,,,0.02,5.0,0.03,20.0,0.98,5.0,0.97,20.0,0.99,256.87,,,0.01,0.01,43.836252,1776250712000
1776250714.381,214.381,0.01,256.87,,,0.02,5.0,0.03,20.0,0.98,5.0,0.97,20.0,0.99,256.87,,,0.01,0.01,43.835266,1776250713000
1776250715.419,215.419,0.01,256.87,,,0.02,5.0,0.03,20.0,0.98,5.0,0.97,20.0,0.99,256.87,,,0.01,0.01,43.837876,1776250714000
1776250716.324,216.324,0.01,256.87,,,0.02,5.0,0.03,20.0,0.98,5.0,0.97,20.0,0.99,256.87,,,0.01,0.01,43.833809,1776250715000
1776250717.288,217.288,0.01,256.87,,,0.02,5.0,0.03,20.0,0.98,5.0,0.97,20.0,0.99,256.87,,,0.01,0.01,43.833809,1776250716000
1776250717.892,217.892,0.01,211.87,,,0.02,20.0,0.03,20.0,0.98,5.0,0.97,20.0,0.99,256.87,,,0.01,0.01,43.833809,1776250716000
1776250718.307,218.307,0.01,211.87,,,0.02,20.0,0.03,20.0,0.98,20.0,0.97,20.0,0.99,211.87,,,0.01,0.01,43.833093,1776250717000
1776250719.599,219.599,0.01,211.87,,,0.02,20.0,0.03,20.0,0.98,20.0,0.97,20.0,0.99,211.87,,,0.01,0.01,43.827308,1776250718000
1776250720.255,220.255,0.01,211.87,,,0.02,20.0,0.03,20.0,0.98,20.0,0.97,20.0,0.99,211.87,,,0.01,0.01,43.827811,1776250719000
1776250721.221,221.221,0.01,211.87,,,0.02,20.0,0.03,20.0,0.98,20.0,0.97,20.0,0.99,211.87,,,0.01,0.01,43.827661,1776250720000
1776250722.172,222.172,0.01,211.87,,,0.02,20.0,0.03,20.0,0.98,20.0,0.97,20.0,0.99,211.87,,,0.01,0.01,43.825462,1776250721000
1776250723.254,223.254,0.01,211.87,,,0.02,20.0,0.03,20.0,0.98,20.0,0.97,20.0,0.99,211.87,,,0.01,0.01,43.825421,1776250722000
1776250724.121,224.121,0.01,211.87,,,0.02,20.0,0.03,20.0,0.98,20.0,0.97,20.0,0.99,211.87,,,0.01,0.01,43.825463,1776250723000
1776250725.18,225.18,0.01,211.87,,,0.02,20.0,0.03,20.0,0.98,20.0,0.97,20.0,0.99,211.87,,,0.01,0.01,43.825255,1776250724000
1776250726.53,226.53,0.01,211.87,,,0.02,20.0,0.03,20.0,0.98,20.0,0.97,20.0,0.99,211.87,,,0.01,0.01,43.828187,1776250725000
1776250727.13,227.13,0.01,211.87,,,0.02,20.0,0.03,20.0,0.98,20.0,0.97,20.0,0.99,211.87,,,0.01,0.01,43.828187,1776250726000
1776250728.204,228.204,0.01,211.87,,,0.02,20.0,0.03,20.0,0.98,20.0,0.97,20.0,0.99,211.87,,,0.01,0.01,43.827818,1776250727000
1776250728.931,228.931,0.01,201.77,,,0.02,20.0,0.03,20.0,0.98,20.0,0.97,20.0,0.99,211.87,,,0.01,0.01,43.827818,1776250727000
1776250729.303,229.303,0.01,201.77,,,0.02,20.0,0.03,20.0,0.98,20.0,0.97,20.0,0.99,201.77,,,0.01,0.01,43.828973,1776250728000
1776250730.745,230.745,0.01,201.77,,,0.02,20.0,0.03,20.0,0.98,20.0,0.97,20.0,0.99,201.77,,,0.01,0.01,43.828308,1776250729000
1776250731.263,231.263,0.01,201.77,,,0.02,20.0,0.03,20.0,0.98,20.0,0.97,20.0,0.99,201.77,,,0.01,0.01,43.828973,1776250730000
1776250732.343,232.343,0.01,201.77,,,0.02,20.0,0.03,20.0,0.98,20.0,0.97,20.0,0.99,201.77,,,0.01,0.01,43.825742,1776250731000
1776250733.071,233.071,0.01,201.77,,,0.02,20.0,0.03,20.0,0.98,20.0,0.97,20.0,0.99,201.77,,,0.01,0.01,43.825742,1776250732000
1776250734.173,234.173,0.01,201.77,,,0.02,20.0,0.03,20.0,0.98,20.0,0.97,20.0,0.99,201.77,,,0.01,0.01,43.825256,1776250733000
1776250735.395,235.395,0.01,201.77,,,0.02,20.0,0.03,20.0,0.98,20.0,0.97,20.0,0.99,201.77,,,0.01,0.01,43.825625,1776250734000
1776250736.491,236.491,0.01,201.77,,,0.02,20.0,0.03,20.0,0.98,20.0,0.97,20.0,0.99,201.77,,,0.01,0.01,43.83583,1776250735000
1776250737.083,237.083,0.01,201.77,,,0.02,20.0,0.03,20.0,0.98,20.0,0.97,20.0,0.99,201.77,,,0.01,0.01,43.835112,1776250736000
1776250738.224,238.224,0.01,201.77,,,0.02,20.0,0.03,20.0,0.98,20.0,0.97,20.0,0.99,201.77,,,0.01,0.01,43.834807,1776250737000
1776250739.517,239.517,0.01,201.77,,,0.02,20.0,0.03,20.0,0.98,20.0,0.97,20.0,0.99,201.77,,,0.01,0.01,43.834181,1776250738000
1776250740.242,240.242,0.01,201.77,,,0.02,20.0,0.03,20.0,0.98,20.0,0.97,20.0,0.99,201.77,,,0.01,0.01,43.834056,1776250739000
1776250741.641,241.641,0.01,201.77,,,0.02,20.0,0.03,20.0,0.98,20.0,0.97,20.0,0.99,201.77,,,0.01,0.01,43.834019,1776250740000
1776250742.339,242.339,0.01,201.77,,,0.02,20.0,0.03,20.0,0.98,20.0,0.97,20.0,0.99,201.77,,,0.01,0.01,43.833917,1776250741000
1776250743.614,243.614,0.01,201.77,,,0.02,20.0,0.03,20.0,0.98,20.0,0.97,20.0,0.99,201.77,,,0.01,0.01,43.834006,1776250742000
1776250744.03,244.03,0.01,200.75,,,0.02,20.0,0.03,20.0,0.98,20.0,0.97,20.0,0.99,201.77,,,0.01,0.01,43.834006,1776250742000
1776250744.285,244.285,0.01,200.75,,,0.02,20.0,0.03,20.0,0.98,20.0,0.97,20.0,0.99,200.75,,,0.01,0.01,43.833735,1776250743000
1776250744.938,244.938,0.01,200.75,,,0.02,20.0,0.03,20.0,0.98,20.0,0.97,20.0,0.99,200.75,,,0.01,0.01,43.833329,1776250744000
1776250746.254,246.254,0.01,200.75,,,0.02,20.0,0.03,20.0,0.98,20.0,0.97,20.0,0.99,200.75,,,0.01,0.01,43.828017,1776250745000
1776250747.588,247.588,0.01,200.75,,,0.02,20.0,0.03,20.0,0.98,20.0,0.97,20.0,0.99,200.75,,,0.01,0.01,43.822681,1776250746000
1776250748.22,248.22,0.01,200.75,,,0.02,20.0,0.03,20.0,0.98,20.0,0.97,20.0,0.99,200.75,,,0.01,0.01,43.824923,1776250747000
1776250748.794,248.794,0.01,182.75,,,0.02,20.0,0.03,20.0,0.98,20.0,0.97,20.0,0.99,200.75,,,0.01,0.01,43.824923,1776250747000
1776250749.365,249.365,0.01,182.75,,,0.02,20.0,0.03,20.0,0.98,20.0,0.97,20.0,0.99,182.75,,,0.01,0.01,43.81542,1776250748000
1776250750.009,250.009,0.01,182.75,,,0.02,20.0,0.03,20.0,0.98,20.0,0.97,20.0,0.99,182.75,,,0.01,0.01,43.814464,1776250749000
1776250750.263,250.263,0.01,144.36,,,0.02,20.0,0.03,20.0,0.98,20.0,0.97,20.0,0.99,149.42,,,0.01,0.01,43.814464,1776250749000
1776250751.233,251.233,0.01,144.36,,,0.02,20.0,0.03,20.0,0.98,20.0,0.97,20.0,0.99,144.36,,,0.01,0.01,43.809274,1776250750000
1776250752.456,252.456,0.01,144.36,,,0.02,20.0,0.03,20.0,0.98,20.0,0.97,20.0,0.99,144.36,,,0.01,0.01,43.810371,1776250751000
1776250752.995,252.995,0.01,144.36,,,0.02,20.0,0.03,20.0,0.98,20.0,0.97,20.0,0.99,144.36,,,0.01,0.01,43.810476,1776250752000
1776250754.231,254.231,0.01,144.36,,,0.02,20.0,0.03,20.0,0.98,20.0,0.97,20.0,0.99,144.36,,,0.01,0.01,43.811535,1776250753000
1776250754.597,254.597,0.01,114.36,,,0.02,20.0,0.03,20.0,0.98,20.0,0.97,20.0,0.99,144.36,,,0.01,0.01,43.811535,1776250753000
1776250755.765,255.765,0.01,103.36,,,0.02,20.0,0.03,20.0,0.98,20.0,0.97,20.0,0.99,114.36,,,0.01,0.01,43.811535,1776250753000
1776250756.545,256.545,0.01,103.36,,,0.02,20.0,0.03,20.0,0.98,20.0,0.97,20.0,0.99,103.36,,,0.01,0.01,43.806264,1776250755000
1776250757.063,257.063,0.01,83.36,,,0.02,20.0,0.03,20.0,0.98,20.0,0.97,20.0,0.99,103.36,,,0.01,0.01,43.806264,1776250755000
1776250757.389,257.389,0.01,53.36,,,0.02,20.0,0.03,20.0,0.98,20.0,0.97,20.0,0.99,83.36,,,0.01,0.01,43.808003,1776250756000
1776250758.673,258.673,0.01,53.36,,,0.02,20.0,0.03,20.0,0.98,20.0,0.97,20.0,0.99,53.36,,,0.01,0.01,43.800038,1776250757000
1776250759.699,259.699,0.01,38.36,,,0.02,20.0,0.03,20.0,0.98,20.0,0.97,20.0,0.99,38.36,,,0.01,0.01,43.799117,1776250758000
1776250760.163,260.163,0.01,18.36,,,0.02,20.0,0.03,20.0,0.98,20.0,0.97,20.0,0.99,18.36,,,0.01,0.01,43.800243,1776250759000
1776250761.465,261.465,0.01,18.36,,,0.02,20.0,0.03,20.0,0.98,20.0,0.97,20.0,0.99,18.36,,,0.01,0.01,43.799786,1776250760000
1776250762.2,262.2,0.01,6.36,,,0.02,20.0,0.03,20.0,0.98,20.0,0.97,20.0,0.99,6.36,,,0.01,0.01,43.799652,1776250761000
1776250762.403,262.403,0.01,1.31,,,0.02,20.0,0.03,20.0,0.98,20.0,0.97,20.0,0.99,6.36,,,0.01,0.01,43.799652,1776250761000
1776250762.763,262.763,,,,,0.01,998.69,0.02,20.0,0.98,20.0,0.97,20.0,0.99,1.31,,,,0.01,43.799652,1776250761000
1776250763.478,263.478,,,,,0.01,998.69,0.02,20.0,0.99,998.69,0.98,20.0,,,,,,,43.799652,1776250762000
1776250764.097,264.097,,,,,0.01,998.69,0.02,20.0,0.99,998.69,0.98,20.0,,,,,,,43.79969,1776250763000
1776250765.611,265.611,,,,,0.01,998.69,0.02,20.0,0.99,998.69,0.98,20.0,,,,,,,43.799525,1776250764000
1776250766.356,266.356,,,,,0.01,998.69,0.02,20.0,0.99,998.69,0.98,20.0,,,,,,,43.800314,1776250765000
1776250767.832,267.832,,,,,0.01,998.69,0.02,20.0,0.99,998.69,0.98,20.0,,,,,,,43.800624,1776250766000
1776250768.497,268.497,,,,,0.01,998.69,0.02,20.0,0.99,998.69,0.98,20.0,,,,,,,43.800509,1776250767000
1776250769.214,269.214,,,,,0.01,998.69,0.02,20.0,0.99,998.69,0.98,20.0,,,,,,,43.800509,1776250768000
1776250770.793,270.793,,,,,0.01,998.69,0.02,20.0,0.99,998.69,0.98,20.0,,,,,,,43.800361,1776250769000
1776250771.638,271.638,,,,,0.01,998.69,0.02,20.0,0.99,998.69,0.98,20.0,,,,,,,43.800361,1776250770000
1776250772.326,272.326,,,,,0.01,998.69,0.02,20.0,0.99,998.69,0.98,20.0,,,,,,,43.797665,1776250771000
1776250774.235,274.235,,,,,0.01,998.69,0.02,20.0,0.99,998.69,0.98,20.0,,,,,,,43.780031,1776250773000
1776250775.359,275.359,,,,,0.01,998.69,0.02,20.0,0.99,998.69,0.98,20.0,,,,,,,43.780031,1776250774000
1776250775.965,275.965,,,,,0.01,998.69,0.02,20.0,0.99,998.69,0.98,20.0,,,,,,,43.779929,1776250775000
1776250776.937,276.937,,,,,0.01,998.69,0.02,20.0,0.99,998.69,0.98,20.0,,,,,,,43.779598,1776250776000
1776250778.034,278.034,,,,,0.01,998.69,0.02,20.0,0.99,998.69,0.98,20.0,,,,,,,43.781112,1776250777000
1776250779.171,279.171,,,,,0.01,998.69,0.02,20.0,0.99,998.69,0.98,20.0,,,,,,,43.781112,1776250778000
1776250780.253,280.253,,,,,0.01,998.69,0.02,20.0,0.99,998.69,0.98,20.0,,,,,,,43.782041,1776250779000
1776250780.814,280.814,,,,,0.01,998.69,0.02,20.0,0.99,998.69,0.98,20.0,,,,,,,43.782653,1776250780000
1776250781.993,281.993,,,,,0.01,998.69,0.02,20.0,0.99,998.69,0.98,20.0,,,,,,,43.782497,1776250781000
1776250783.091,283.091,,,,,0.01,998.69,0.02,20.0,0.99,998.69,0.98,20.0,,,,,,,43.782463,1776250782000
1776250784.278,284.278,,,,,0.01,998.69,0.02,20.0,0.99,998.69,0.98,20.0,,,,,,,43.782563,1776250783000
1776250785.163,285.163,,,,,0.01,998.69,0.02,20.0,0.99,998.69,0.98,20.0,,,,,,,43.78268,1776250784000
1776250786.308,286.308,,,,,0.01,998.69,0.02,20.0,0.99,998.69,0.98,20.0,,,,,,,43.782446,1776250785000
1776250787.359,287.359,,,,,0.01,998.69,0.02,20.0,0.99,998.69,0.98,20.0,,,,,,,43.782365,1776250786000
1776250788.433,288.433,,,,,0.01,998.69,0.02,20.0,0.99,998.69,0.98,20.0,,,,,,,43.782364,1776250787000
1776250789.367,289.367,,,,,0.01,998.69,0.02,20.0,0.99,998.69,0.98,20.0,,,,,,,43.782364,1776250788000
1776250790.698,290.698,,,,,0.01,998.69,0.02,20.0,0.99,998.69,0.98,20.0,,,,,,,43.782516,1776250789000
1776250791.515,291.515,,,,,0.01,998.69,0.02,20.0,0.99,998.69,0.98,20.0,,,,,,,43.792505,1776250790000
1776250792.221,292.221,,,,,0.01,998.69,0.02,20.0,0.99,998.69,0.98,20.0,,,,,,,43.794562,1776250791000
1776250793.424,293.424,,,,,0.01,998.69,0.02,20.0,0.99,998.69,0.98,20.0,,,,,,,43.796449,1776250792000
1776250794.0,294.0,,,,,0.01,998.69,0.02,20.0,0.99,998.69,0.98,20.0,,,,,,,43.796989,1776250793000
1776250795.259,295.259,,,,,0.01,998.69,0.02,20.0,0.99,998.69,0.98,20.0,,,,,,,43.798213,1776250794000
1776250796.493,296.493,,,,,0.01,998.69,0.02,20.0,0.99,998.69,0.98,20.0,,,,,,,43.798616,1776250795000
1776250797.108,297.108,,,,,0.01,998.69,0.02,20.0,0.99,998.69,0.98,20.0,,,,,,,43.798616,1776250796000
1776250798.342,298.342,,,,,0.01,998.69,0.02,20.0,0.99,998.69,0.98,20.0,,,,,,,43.798966,1776250797000
1776250799.543,299.543,,,,,0.01,998.69,0.02,20.0,0.99,998.69,0.98,20.0,,,,,,,43.798994,1776250798000
1776250799.778,299.778,,,,,0.01,1172.46,0.02,5.0,0.99,1172.46,0.98,5.0,,,,,,,43.798994,1776250798000
1776250800.178,300.178,,,,,0.01,1172.46,0.02,5.0,0.99,1172.46,0.98,5.0,,,,,,,43.798616,1776250799000
