timestamp,elapsed_sec,up_bid_p1,up_bid_s1,up_bid_p2,up_bid_s2,up_ask_p1,up_ask_s1,up_ask_p2,up_ask_s2,down_bid_p1,down_bid_s1,down_bid_p2,down_bid_s2,down_ask_p1,down_ask_s1,down_ask_p2,down_ask_s2,up_spread,down_spread,hype_price,hype_oracle_ts
1776362700.945,0.945,0.41,37.0,0.4,33.0,0.59,37.0,0.6,33.0,0.41,37.0,0.4,33.0,0.59,37.0,0.6,33.0,0.18,0.18,43.709193,1776362699000
1776362701.494,1.494,0.41,37.0,0.4,33.0,0.59,37.0,0.6,33.0,0.41,37.0,0.4,33.0,0.59,37.0,0.6,33.0,0.18,0.18,43.709483,1776362700000
1776362701.931,1.931,0.41,37.0,0.4,33.0,0.59,37.0,0.6,33.0,0.41,37.0,0.4,33.0,0.59,37.0,0.6,33.0,0.18,0.18,43.709473,1776362701000
1776362702.981,2.981,0.41,37.0,0.4,33.0,0.59,37.0,0.6,33.0,0.41,37.0,0.4,33.0,0.59,37.0,0.6,33.0,0.18,0.18,43.710205,1776362702000
1776362704.038,4.038,0.41,37.0,0.4,33.0,0.59,37.0,0.6,33.0,0.41,37.0,0.4,33.0,0.59,37.0,0.6,33.0,0.18,0.18,43.711226,1776362703000
1776362705.012,5.012,0.41,37.0,0.4,33.0,0.59,37.0,0.6,33.0,0.41,37.0,0.4,33.0,0.59,37.0,0.6,33.0,0.18,0.18,43.721091,1776362704000
1776362706.036,6.036,0.41,37.0,0.4,33.0,0.59,37.0,0.6,33.0,0.41,37.0,0.4,33.0,0.59,37.0,0.6,33.0,0.18,0.18,43.724012,1776362705000
1776362707.056,7.056,0.41,37.0,0.4,33.0,0.59,37.0,0.6,33.0,0.41,37.0,0.4,33.0,0.59,37.0,0.6,33.0,0.18,0.18,43.717635,1776362706000
1776362707.331,7.331,0.52,2.91,0.51,5.0,0.53,5.0,0.54,5.0,0.41,37.0,0.4,33.0,0.59,37.0,0.6,33.0,0.01,0.18,43.717635,1776362706000
1776362707.901,7.901,0.52,2.91,0.51,5.0,0.54,1.87,0.55,5.0,0.47,5.0,0.46,5.0,0.48,2.91,0.49,5.0,0.02,0.01,43.717635,1776362706000
1776362708.136,8.136,0.52,2.91,0.51,5.0,0.54,1.87,0.55,5.0,0.46,1.87,0.45,5.0,0.48,2.91,0.49,5.0,0.02,0.02,43.717942,1776362707000
1776362709.192,9.192,0.52,2.91,0.51,5.0,0.54,1.87,0.55,5.0,0.46,1.87,0.45,5.0,0.48,2.91,0.49,5.0,0.02,0.02,43.716746,1776362708000
1776362710.105,10.105,0.52,2.91,0.51,5.0,0.54,1.87,0.55,5.0,0.46,1.87,0.45,5.0,0.48,2.91,0.49,5.0,0.02,0.02,43.716608,1776362709000
1776362711.146,11.146,0.52,2.91,0.51,5.0,0.54,1.87,0.55,5.0,0.46,1.87,0.45,5.0,0.48,2.91,0.49,5.0,0.02,0.02,43.718521,1776362710000
1776362712.154,12.154,0.52,2.91,0.51,5.0,0.54,1.87,0.55,5.0,0.46,1.87,0.45,5.0,0.48,2.91,0.49,5.0,0.02,0.02,43.717553,1776362711000
1776362713.184,13.184,0.52,2.91,0.51,5.0,0.54,1.87,0.55,5.0,0.46,1.87,0.45,5.0,0.48,2.91,0.49,5.0,0.02,0.02,43.720446,1776362712000
1776362714.277,14.277,0.52,2.91,0.51,5.0,0.54,1.87,0.55,5.0,0.46,1.87,0.45,5.0,0.48,2.91,0.49,5.0,0.02,0.02,43.720749,1776362713000
1776362715.699,15.699,0.52,2.91,0.51,5.0,0.54,1.87,0.55,5.0,0.46,1.87,0.45,5.0,0.48,2.91,0.49,5.0,0.02,0.02,43.72168,1776362714000
1776362716.13,16.13,0.52,2.91,0.51,5.0,0.54,1.87,0.55,5.0,0.46,1.87,0.45,5.0,0.48,2.91,0.49,5.0,0.02,0.02,43.72168,1776362715000
1776362717.436,17.436,0.52,2.91,0.51,5.0,0.54,1.87,0.55,5.0,0.46,1.87,0.45,5.0,0.48,2.91,0.49,5.0,0.02,0.02,43.725403,1776362716000
1776362717.908,17.908,0.52,2.91,0.51,5.0,0.54,1.87,0.55,5.0,0.46,1.87,0.45,5.0,0.48,2.91,0.49,5.0,0.02,0.02,43.726033,1776362717000
1776362719.072,19.072,0.52,2.91,0.51,5.0,0.54,1.87,0.55,5.0,0.46,1.87,0.45,5.0,0.48,2.91,0.49,5.0,0.02,0.02,43.726762,1776362718000
1776362720.184,20.184,0.52,2.91,0.51,5.0,0.54,1.87,0.55,5.0,0.46,1.87,0.45,5.0,0.48,2.91,0.49,5.0,0.02,0.02,43.726449,1776362719000
1776362721.374,21.374,0.52,2.91,0.51,5.0,0.54,1.87,0.55,5.0,0.46,1.87,0.45,5.0,0.48,2.91,0.49,5.0,0.02,0.02,43.72698,1776362720000
1776362721.899,21.899,0.52,2.91,0.51,5.0,0.54,1.87,0.55,5.0,0.46,1.87,0.45,5.0,0.48,2.91,0.49,5.0,0.02,0.02,43.727138,1776362721000
1776362722.987,22.987,0.52,2.91,0.51,5.0,0.54,1.87,0.55,5.0,0.46,1.87,0.45,5.0,0.48,2.91,0.49,5.0,0.02,0.02,43.727316,1776362722000
1776362724.165,24.165,0.52,2.91,0.51,5.0,0.54,1.87,0.55,5.0,0.46,1.87,0.45,5.0,0.48,2.91,0.49,5.0,0.02,0.02,43.726298,1776362723000
1776362725.301,25.301,0.52,2.91,0.51,5.0,0.54,1.87,0.55,5.0,0.46,1.87,0.45,5.0,0.48,2.91,0.49,5.0,0.02,0.02,43.724984,1776362724000
1776362726.561,26.561,0.52,2.91,0.51,5.0,0.54,1.87,0.55,5.0,0.46,1.87,0.45,5.0,0.48,2.91,0.49,5.0,0.02,0.02,43.725212,1776362725000
1776362727.094,27.094,0.52,2.91,0.51,5.0,0.54,1.87,0.55,5.0,0.46,1.87,0.45,5.0,0.48,2.91,0.49,5.0,0.02,0.02,43.725455,1776362726000
1776362728.183,28.183,0.52,2.91,0.51,5.0,0.54,1.87,0.55,5.0,0.46,1.87,0.45,5.0,0.48,2.91,0.49,5.0,0.02,0.02,43.726397,1776362727000
1776362729.327,29.327,0.52,2.91,0.51,5.0,0.54,1.87,0.55,5.0,0.46,1.87,0.45,5.0,0.48,2.91,0.49,5.0,0.02,0.02,43.727962,1776362728000
1776362730.525,30.525,0.52,2.91,0.51,5.0,0.54,1.87,0.55,5.0,0.46,1.87,0.45,5.0,0.48,2.91,0.49,5.0,0.02,0.02,43.727227,1776362729000
1776362731.126,31.126,0.52,2.91,0.51,5.0,0.54,1.87,0.55,5.0,0.46,1.87,0.45,5.0,0.48,2.91,0.49,5.0,0.02,0.02,43.724231,1776362730000
1776362732.338,32.338,0.52,2.91,0.51,5.0,0.54,1.87,0.55,5.0,0.46,1.87,0.45,5.0,0.48,2.91,0.49,5.0,0.02,0.02,43.724523,1776362731000
1776362733.427,33.427,0.52,2.91,0.51,5.0,0.54,1.87,0.55,5.0,0.46,1.87,0.45,5.0,0.48,2.91,0.49,5.0,0.02,0.02,43.719927,1776362732000
1776362734.047,34.047,0.52,2.91,0.51,5.0,0.54,1.87,0.55,5.0,0.46,1.87,0.45,5.0,0.48,2.91,0.49,5.0,0.02,0.02,43.713932,1776362733000
1776362735.149,35.149,0.52,2.91,0.51,5.0,0.54,1.87,0.55,5.0,0.46,1.87,0.45,5.0,0.48,2.91,0.49,5.0,0.02,0.02,43.710458,1776362734000
1776362736.382,36.382,0.52,2.91,0.51,5.0,0.54,1.87,0.55,5.0,0.46,1.87,0.45,5.0,0.48,2.91,0.49,5.0,0.02,0.02,43.710118,1776362735000
1776362737.044,37.044,0.52,2.91,0.51,5.0,0.54,1.87,0.55,5.0,0.46,1.87,0.45,5.0,0.48,2.91,0.49,5.0,0.02,0.02,43.709371,1776362736000
1776362738.209,38.209,0.52,2.91,0.51,5.0,0.54,1.87,0.55,5.0,0.46,1.87,0.45,5.0,0.48,2.91,0.49,5.0,0.02,0.02,43.707885,1776362737000
1776362739.44,39.44,0.52,2.91,0.51,5.0,0.54,1.87,0.55,5.0,0.46,1.87,0.45,5.0,0.48,2.91,0.49,5.0,0.02,0.02,43.708194,1776362738000
1776362740.032,40.032,0.52,2.91,0.51,5.0,0.54,1.87,0.55,5.0,0.46,1.87,0.45,5.0,0.48,2.91,0.49,5.0,0.02,0.02,43.708194,1776362739000
1776362741.052,41.052,0.52,2.91,0.51,5.0,0.54,1.87,0.55,5.0,0.46,1.87,0.45,5.0,0.48,2.91,0.49,5.0,0.02,0.02,43.710333,1776362740000
1776362742.237,42.237,0.52,2.91,0.51,5.0,0.54,1.87,0.55,5.0,0.46,1.87,0.45,5.0,0.48,2.91,0.49,5.0,0.02,0.02,43.709074,1776362741000
1776362743.169,43.169,0.51,2.95,0.5,5.0,0.53,5.0,0.54,5.0,0.46,1.87,0.45,5.0,0.48,2.91,0.49,5.0,0.02,0.02,43.709074,1776362741000
1776362743.529,43.529,0.51,2.95,0.5,5.0,0.53,5.0,0.54,5.0,0.47,5.0,0.46,5.0,0.49,2.95,0.5,5.0,0.02,0.02,43.708568,1776362742000
1776362744.509,44.509,0.51,2.95,0.5,5.0,0.53,5.0,0.54,5.0,0.47,5.0,0.46,5.0,0.49,2.95,0.5,5.0,0.02,0.02,43.708786,1776362743000
1776362744.966,44.966,0.51,2.95,0.5,5.0,0.53,5.0,0.54,5.0,0.47,5.0,0.46,5.0,0.49,2.95,0.5,5.0,0.02,0.02,43.708338,1776362744000
1776362746.024,46.024,0.51,2.95,0.5,5.0,0.53,5.0,0.54,5.0,0.47,5.0,0.46,5.0,0.49,2.95,0.5,5.0,0.02,0.02,43.708338,1776362745000
1776362747.01,47.01,0.51,2.95,0.5,5.0,0.53,5.0,0.54,5.0,0.47,5.0,0.46,5.0,0.49,2.95,0.5,5.0,0.02,0.02,43.708609,1776362746000
1776362748.042,48.042,0.51,2.95,0.5,5.0,0.53,5.0,0.54,5.0,0.47,5.0,0.46,5.0,0.49,2.95,0.5,5.0,0.02,0.02,43.708698,1776362747000
1776362749.164,49.164,0.51,2.95,0.5,5.0,0.53,5.0,0.54,5.0,0.47,5.0,0.46,5.0,0.49,2.95,0.5,5.0,0.02,0.02,43.70844,1776362748000
1776362750.308,50.308,0.51,2.95,0.5,5.0,0.53,5.0,0.54,5.0,0.47,5.0,0.46,5.0,0.49,2.95,0.5,5.0,0.02,0.02,43.708586,1776362749000
1776362751.248,51.248,0.51,2.95,0.5,5.0,0.53,5.0,0.54,5.0,0.47,5.0,0.46,5.0,0.49,2.95,0.5,5.0,0.02,0.02,43.708792,1776362750000
1776362752.271,52.271,0.51,2.95,0.5,5.0,0.53,5.0,0.54,5.0,0.47,5.0,0.46,5.0,0.49,2.95,0.5,5.0,0.02,0.02,43.709022,1776362751000
1776362753.303,53.303,0.51,2.95,0.5,5.0,0.53,5.0,0.54,5.0,0.47,5.0,0.46,5.0,0.49,2.95,0.5,5.0,0.02,0.02,43.708938,1776362752000
1776362754.224,54.224,0.51,2.95,0.5,5.0,0.53,5.0,0.54,5.0,0.47,5.0,0.46,5.0,0.49,2.95,0.5,5.0,0.02,0.02,43.713323,1776362753000
1776362755.254,55.254,0.51,2.95,0.5,5.0,0.53,5.0,0.54,5.0,0.47,5.0,0.46,5.0,0.49,2.95,0.5,5.0,0.02,0.02,43.714114,1776362754000
1776362756.224,56.224,0.51,2.95,0.5,5.0,0.53,5.0,0.54,5.0,0.47,5.0,0.46,5.0,0.49,2.95,0.5,5.0,0.02,0.02,43.716525,1776362755000
1776362757.905,57.905,0.51,2.95,0.5,5.0,0.53,5.0,0.54,5.0,0.47,5.0,0.46,5.0,0.49,2.95,0.5,5.0,0.02,0.02,43.716687,1776362756000
1776362758.378,58.378,0.51,2.95,0.5,5.0,0.53,5.0,0.54,5.0,0.47,5.0,0.46,5.0,0.49,2.95,0.5,5.0,0.02,0.02,43.716761,1776362757000
1776362758.899,58.899,0.51,2.95,0.5,5.0,0.53,5.0,0.54,5.0,0.47,5.0,0.46,5.0,0.49,2.95,0.5,5.0,0.02,0.02,43.717184,1776362758000
1776362760.01,60.01,0.51,2.95,0.5,5.0,0.53,5.0,0.54,5.0,0.47,5.0,0.46,5.0,0.49,2.95,0.5,5.0,0.02,0.02,43.717452,1776362759000
1776362761.114,61.114,0.51,2.95,0.5,5.0,0.53,5.0,0.54,5.0,0.47,5.0,0.46,5.0,0.49,2.95,0.5,5.0,0.02,0.02,43.717447,1776362760000
1776362761.742,61.742,0.59,5.0,0.58,5.0,0.6,18.33,0.64,5.0,0.47,5.0,0.46,5.0,0.49,2.95,0.5,5.0,0.01,0.02,43.717447,1776362760000
1776362762.183,62.183,0.59,5.0,0.58,5.0,0.6,18.33,0.64,5.0,0.4,18.33,0.36,5.0,0.41,5.0,0.42,5.0,0.01,0.01,43.716759,1776362761000
1776362763.276,63.276,0.59,5.0,0.58,5.0,0.6,18.33,0.64,5.0,0.4,18.33,0.36,5.0,0.41,5.0,0.42,5.0,0.01,0.01,43.723794,1776362762000
1776362764.391,64.391,0.59,5.0,0.58,5.0,0.6,18.33,0.64,5.0,0.4,18.33,0.36,5.0,0.41,5.0,0.42,5.0,0.01,0.01,43.731843,1776362763000
1776362764.889,64.889,0.59,5.0,0.58,5.0,0.6,18.33,0.64,5.0,0.4,18.33,0.36,5.0,0.41,5.0,0.42,5.0,0.01,0.01,43.730749,1776362764000
1776362765.898,65.898,0.59,5.0,0.58,5.0,0.6,18.33,0.64,5.0,0.4,18.33,0.36,5.0,0.41,5.0,0.42,5.0,0.01,0.01,43.728332,1776362765000
1776362767.539,67.539,0.59,5.0,0.58,5.0,0.6,18.33,0.64,5.0,0.4,18.33,0.36,5.0,0.41,5.0,0.42,5.0,0.01,0.01,43.729546,1776362766000
1776362768.091,68.091,0.59,5.0,0.58,5.0,0.6,18.33,0.64,5.0,0.4,18.33,0.36,5.0,0.41,5.0,0.42,5.0,0.01,0.01,43.730128,1776362767000
1776362769.274,69.274,0.59,5.0,0.58,5.0,0.6,18.33,0.64,5.0,0.4,18.33,0.36,5.0,0.41,5.0,0.42,5.0,0.01,0.01,43.728998,1776362768000
1776362769.981,69.981,0.59,5.0,0.58,5.0,0.6,18.33,0.64,5.0,0.4,18.33,0.36,5.0,0.41,5.0,0.42,5.0,0.01,0.01,43.728922,1776362769000
1776362771.004,71.004,0.59,5.0,0.58,5.0,0.6,18.33,0.64,5.0,0.4,18.33,0.36,5.0,0.41,5.0,0.42,5.0,0.01,0.01,43.728678,1776362770000
1776362772.636,72.636,0.59,5.0,0.58,5.0,0.6,18.33,0.64,5.0,0.4,18.33,0.36,5.0,0.41,5.0,0.42,5.0,0.01,0.01,43.728678,1776362771000
1776362772.968,72.968,0.59,5.0,0.58,5.0,0.6,16.33,0.65,5.0,0.4,18.33,0.36,5.0,0.41,5.0,0.42,5.0,0.01,0.01,43.728678,1776362771000
1776362773.555,73.555,0.59,5.0,0.58,5.0,0.6,16.33,0.65,5.0,0.4,16.33,0.35,5.0,0.41,5.0,0.42,5.0,0.01,0.01,43.728678,1776362772000
1776362774.204,74.204,0.59,5.0,0.58,5.0,0.6,16.33,0.65,5.0,0.4,16.33,0.35,5.0,0.41,5.0,0.42,5.0,0.01,0.01,43.728743,1776362773000
1776362776.142,76.142,0.59,5.0,0.58,5.0,0.6,16.33,0.65,5.0,0.4,16.33,0.35,5.0,0.41,5.0,0.42,5.0,0.01,0.01,43.73437,1776362774000
1776362776.69,76.69,0.59,5.0,0.58,20.0,0.6,11.24,0.65,5.0,0.4,11.24,0.35,5.0,0.41,5.0,0.42,20.0,0.01,0.01,43.735691,1776362775000
1776362777.378,77.378,0.59,5.0,0.58,20.0,0.6,11.24,0.65,5.0,0.4,11.24,0.35,5.0,0.41,5.0,0.42,20.0,0.01,0.01,43.735691,1776362776000
1776362778.243,78.243,0.59,5.0,0.58,20.0,0.6,0.83,0.64,5.0,0.4,0.83,0.36,5.0,0.41,5.0,0.42,20.0,0.01,0.01,43.736056,1776362777000
1776362779.773,79.773,0.59,5.0,0.58,20.0,0.6,0.83,0.64,5.0,0.4,0.83,0.36,5.0,0.41,5.0,0.42,20.0,0.01,0.01,43.735796,1776362778000
1776362780.713,80.713,0.59,5.0,0.58,20.0,0.6,0.83,0.64,5.0,0.4,0.83,0.36,5.0,0.41,5.0,0.42,20.0,0.01,0.01,43.735479,1776362779000
1776362781.404,81.404,0.59,5.0,0.58,20.0,0.6,0.83,0.64,5.0,0.4,0.83,0.36,5.0,0.41,5.0,0.42,20.0,0.01,0.01,43.734402,1776362780000
1776362782.12,82.12,0.59,5.0,0.58,20.0,0.6,0.83,0.64,5.0,0.4,0.83,0.36,5.0,0.41,5.0,0.42,20.0,0.01,0.01,43.734402,1776362781000
1776362783.681,83.681,0.59,5.0,0.58,20.0,0.6,0.83,0.64,5.0,0.4,0.83,0.36,5.0,0.41,5.0,0.42,20.0,0.01,0.01,43.734791,1776362782000
1776362784.273,84.273,0.59,5.0,0.58,20.0,0.6,0.83,0.64,5.0,0.4,0.83,0.36,5.0,0.41,5.0,0.42,20.0,0.01,0.01,43.735003,1776362783000
1776362784.673,84.673,0.6,14.17,0.59,20.0,0.68,5.0,0.69,5.0,0.4,0.83,0.36,5.0,0.41,5.0,0.42,20.0,0.08,0.01,43.735003,1776362783000
1776362785.046,85.046,0.6,14.17,0.59,20.0,0.68,5.0,0.69,5.0,0.32,5.0,0.31,5.0,0.4,14.17,0.41,20.0,0.08,0.08,43.737514,1776362784000
1776362785.357,85.357,0.7,1.66,0.69,5.0,0.71,5.0,0.72,5.0,0.32,5.0,0.31,5.0,0.4,14.17,0.41,20.0,0.01,0.08,43.737514,1776362784000
1776362786.477,86.477,0.68,5.0,0.67,5.0,0.7,0.84,0.71,5.0,0.29,5.0,0.28,5.0,0.3,1.66,0.31,5.0,0.02,0.01,43.737514,1776362784000
1776362786.751,86.751,0.68,5.0,0.67,5.0,0.7,0.84,0.71,5.0,0.3,0.84,0.29,5.0,0.32,5.0,0.33,5.0,0.02,0.02,43.739587,1776362785000
1776362787.417,87.417,0.69,1.77,0.68,5.0,0.71,5.0,0.72,5.0,0.29,5.0,0.28,5.0,0.31,1.77,0.32,5.0,0.02,0.02,43.739331,1776362786000
1776362787.669,87.669,0.7,5.0,0.69,1.77,0.71,0.9,0.72,5.0,0.29,5.0,0.28,5.0,0.31,1.77,0.32,5.0,0.01,0.02,43.739331,1776362786000
1776362788.165,88.165,0.7,5.0,0.69,1.77,0.71,0.9,0.72,5.0,0.29,0.9,0.28,5.0,0.3,5.0,0.31,1.77,0.01,0.01,43.744769,1776362787000
1776362789.671,89.671,0.7,5.0,0.69,1.77,0.71,0.9,0.72,5.0,0.29,0.9,0.28,5.0,0.3,5.0,0.31,1.77,0.01,0.01,43.750453,1776362788000
1776362790.367,90.367,0.7,5.0,0.69,1.77,0.71,0.9,0.72,5.0,0.29,0.9,0.28,5.0,0.3,5.0,0.31,1.77,0.01,0.01,43.75398,1776362789000
1776362791.325,91.325,0.7,5.0,0.69,1.77,0.71,0.9,0.72,5.0,0.29,0.9,0.28,5.0,0.3,5.0,0.31,1.77,0.01,0.01,43.754472,1776362790000
1776362792.302,92.302,0.7,5.0,0.69,1.77,0.71,0.9,0.72,5.0,0.29,0.9,0.28,5.0,0.3,5.0,0.31,1.77,0.01,0.01,43.758362,1776362791000
1776362792.665,92.665,0.79,5.0,0.78,5.0,0.81,20.0,0.82,20.0,0.29,0.9,0.28,5.0,0.3,5.0,0.31,1.77,0.02,0.01,43.758362,1776362791000
1776362792.95,92.95,0.79,5.0,0.78,5.0,0.81,20.0,0.82,20.0,0.19,20.0,0.18,20.0,0.21,5.0,0.22,5.0,0.02,0.02,43.759054,1776362792000
1776362793.534,93.534,0.78,5.0,0.77,5.0,0.81,18.74,0.82,20.0,0.19,20.0,0.18,20.0,0.21,5.0,0.22,5.0,0.03,0.02,43.759054,1776362792000
1776362793.827,93.827,0.78,0.45,0.77,5.0,0.8,5.0,0.81,18.74,0.19,18.74,0.18,20.0,0.22,5.0,0.23,5.0,0.02,0.03,43.759054,1776362792000
1776362794.05,94.05,0.78,0.45,0.77,5.0,0.8,5.0,0.81,18.74,0.2,5.0,0.19,18.74,0.22,0.45,0.23,5.0,0.02,0.02,43.759536,1776362793000
1776362794.397,94.397,0.77,5.0,0.76,5.0,0.8,5.0,0.81,3.74,0.2,5.0,0.19,18.74,0.22,0.45,0.23,5.0,0.03,0.02,43.759536,1776362793000
1776362794.681,94.681,0.79,5.0,0.78,5.0,0.81,3.74,0.82,28.0,0.2,5.0,0.19,3.74,0.23,5.0,0.24,5.0,0.02,0.03,43.759536,1776362793000
1776362794.995,94.995,0.79,5.0,0.78,5.0,0.81,3.74,0.82,28.0,0.19,3.74,0.18,28.0,0.21,5.0,0.22,5.0,0.02,0.02,43.765451,1776362794000
1776362795.525,95.525,0.78,5.0,0.77,5.0,0.81,17.48,0.82,20.0,0.19,3.74,0.18,28.0,0.21,5.0,0.22,5.0,0.03,0.02,43.765451,1776362794000
1776362796.071,96.071,0.78,5.0,0.77,5.0,0.81,17.48,0.82,20.0,0.19,17.48,0.18,20.0,0.22,5.0,0.23,5.0,0.03,0.03,43.766286,1776362795000
1776362797.096,97.096,0.78,5.0,0.77,5.0,0.81,17.48,0.82,20.0,0.19,17.48,0.18,20.0,0.22,5.0,0.23,5.0,0.03,0.03,43.767307,1776362796000
1776362798.151,98.151,0.78,5.0,0.77,5.0,0.81,17.48,0.82,20.0,0.19,17.48,0.18,20.0,0.22,5.0,0.23,5.0,0.03,0.03,43.767395,1776362797000
1776362799.084,99.084,0.78,5.0,0.77,5.0,0.81,17.48,0.82,20.0,0.19,17.48,0.18,20.0,0.22,5.0,0.23,5.0,0.03,0.03,43.767096,1776362798000
1776362800.173,100.173,0.78,5.0,0.77,5.0,0.81,17.48,0.82,20.0,0.19,17.48,0.18,20.0,0.22,5.0,0.23,5.0,0.03,0.03,43.767868,1776362799000
1776362801.141,101.141,0.78,5.0,0.77,5.0,0.81,17.48,0.82,20.0,0.19,17.48,0.18,20.0,0.22,5.0,0.23,5.0,0.03,0.03,43.768183,1776362800000
1776362802.205,102.205,0.78,5.0,0.77,5.0,0.81,17.48,0.82,20.0,0.19,17.48,0.18,20.0,0.22,5.0,0.23,5.0,0.03,0.03,43.767159,1776362801000
1776362803.256,103.256,0.78,5.0,0.77,5.0,0.81,17.48,0.82,20.0,0.19,17.48,0.18,20.0,0.22,5.0,0.23,5.0,0.03,0.03,43.767437,1776362802000
1776362804.142,104.142,0.78,5.0,0.77,5.0,0.81,17.48,0.82,20.0,0.19,17.48,0.18,20.0,0.22,5.0,0.23,5.0,0.03,0.03,43.76742,1776362803000
1776362805.798,105.798,0.82,5.0,0.81,5.0,0.84,6.01,0.85,28.0,0.19,17.48,0.18,20.0,0.22,5.0,0.23,5.0,0.02,0.03,43.76742,1776362803000
1776362806.495,106.495,0.82,5.0,0.81,5.0,0.84,6.01,0.85,28.0,0.16,6.01,0.15,28.0,0.18,5.0,0.19,5.0,0.02,0.02,43.767568,1776362805000
1776362807.037,107.037,0.82,5.0,0.81,5.0,0.84,6.01,0.85,28.0,0.16,6.01,0.15,28.0,0.18,5.0,0.19,5.0,0.02,0.02,43.767568,1776362806000
1776362808.314,108.314,0.82,5.0,0.81,5.0,0.84,6.01,0.85,28.0,0.16,6.01,0.15,28.0,0.18,5.0,0.19,5.0,0.02,0.02,43.768911,1776362807000
1776362809.622,109.622,0.82,5.0,0.81,5.0,0.84,6.01,0.85,28.0,0.16,6.01,0.15,28.0,0.18,5.0,0.19,5.0,0.02,0.02,43.768621,1776362808000
1776362810.246,110.246,0.82,5.0,0.81,5.0,0.84,6.01,0.85,28.0,0.16,6.01,0.15,28.0,0.18,5.0,0.19,5.0,0.02,0.02,43.76851,1776362809000
1776362811.618,111.618,0.82,5.0,0.81,5.0,0.84,6.01,0.85,28.0,0.16,6.01,0.15,28.0,0.18,5.0,0.19,5.0,0.02,0.02,43.768108,1776362810000
1776362812.189,112.189,0.82,5.0,0.81,5.0,0.84,6.01,0.85,28.0,0.16,6.01,0.15,28.0,0.18,5.0,0.19,5.0,0.02,0.02,43.768217,1776362811000
1776362813.421,113.421,0.82,5.0,0.81,5.0,0.84,6.01,0.85,28.0,0.16,6.01,0.15,28.0,0.18,5.0,0.19,5.0,0.02,0.02,43.767192,1776362812000
1776362814.041,114.041,0.82,5.0,0.81,5.0,0.84,6.01,0.85,28.0,0.16,6.01,0.15,28.0,0.18,5.0,0.19,5.0,0.02,0.02,43.767699,1776362813000
1776362815.217,115.217,0.82,5.0,0.81,5.0,0.84,6.01,0.85,28.0,0.16,6.01,0.15,28.0,0.18,5.0,0.19,5.0,0.02,0.02,43.767412,1776362814000
1776362816.512,116.512,0.82,5.0,0.81,5.0,0.84,6.01,0.85,28.0,0.16,6.01,0.15,28.0,0.18,5.0,0.19,5.0,0.02,0.02,43.76762,1776362815000
1776362817.053,117.053,0.82,5.0,0.81,5.0,0.84,6.01,0.85,28.0,0.16,6.01,0.15,28.0,0.18,5.0,0.19,5.0,0.02,0.02,43.767491,1776362816000
1776362818.301,118.301,0.82,5.0,0.81,5.0,0.84,6.01,0.85,28.0,0.16,6.01,0.15,28.0,0.18,5.0,0.19,5.0,0.02,0.02,43.765373,1776362817000
1776362819.591,119.591,0.82,5.0,0.81,5.0,0.84,6.01,0.85,28.0,0.16,6.01,0.15,28.0,0.18,5.0,0.19,5.0,0.02,0.02,43.765228,1776362818000
1776362820.087,120.087,0.82,5.0,0.81,5.0,0.84,6.01,0.85,28.0,0.16,6.01,0.15,28.0,0.18,5.0,0.19,5.0,0.02,0.02,43.765163,1776362819000
1776362822.314,122.314,0.82,5.0,0.81,5.0,0.84,6.01,0.85,28.0,0.16,6.01,0.15,28.0,0.18,5.0,0.19,5.0,0.02,0.02,43.764893,1776362820000
1776362822.648,122.648,0.82,5.0,0.81,5.0,0.84,6.01,0.85,28.0,0.16,6.01,0.15,28.0,0.18,5.0,0.19,5.0,0.02,0.02,43.759942,1776362821000
1776362823.509,123.509,0.82,5.0,0.81,5.0,0.84,6.01,0.85,28.0,0.16,6.01,0.15,28.0,0.18,5.0,0.19,5.0,0.02,0.02,43.756094,1776362822000
1776362824.491,124.491,0.82,5.0,0.81,5.0,0.84,6.01,0.85,28.0,0.16,6.01,0.15,28.0,0.18,5.0,0.19,5.0,0.02,0.02,43.761364,1776362823000
1776362825.027,125.027,0.82,5.0,0.81,5.0,0.84,6.01,0.85,28.0,0.16,6.01,0.15,28.0,0.18,5.0,0.19,5.0,0.02,0.02,43.764311,1776362824000
1776362826.225,126.225,0.82,5.0,0.81,5.0,0.84,6.01,0.85,28.0,0.16,6.01,0.15,28.0,0.18,5.0,0.19,5.0,0.02,0.02,43.766292,1776362825000
1776362826.503,126.503,0.88,1.25,0.87,5.0,0.9,25.0,0.91,26.0,0.1,25.0,0.09,26.0,0.12,1.25,0.13,5.0,0.02,0.02,43.766292,1776362825000
1776362826.977,126.977,0.87,5.0,0.86,5.0,0.9,25.0,0.91,31.0,0.1,25.0,0.09,26.0,0.12,1.25,0.13,5.0,0.03,0.02,43.766292,1776362825000
1776362827.403,127.403,0.87,5.0,0.86,5.0,0.9,25.0,0.91,31.0,0.1,25.0,0.09,31.0,0.13,5.0,0.14,5.0,0.03,0.03,43.775918,1776362826000
1776362827.828,127.828,0.86,2.5,0.85,5.0,0.89,5.0,0.9,30.0,0.1,25.0,0.09,31.0,0.13,5.0,0.14,5.0,0.03,0.03,43.775918,1776362826000
1776362828.673,128.673,0.87,1.92,0.86,17.5,0.9,15.0,0.91,31.0,0.11,5.0,0.1,30.0,0.14,2.5,0.15,5.0,0.03,0.03,43.780573,1776362827000
1776362829.104,129.104,0.87,1.92,0.86,17.5,0.9,15.0,0.91,31.0,0.1,15.0,0.09,31.0,0.13,1.92,0.14,17.5,0.03,0.03,43.785544,1776362828000
1776362829.512,129.512,0.86,10.35,0.85,5.0,0.87,5.0,0.88,5.0,0.1,15.0,0.09,31.0,0.13,1.92,0.14,17.5,0.01,0.03,43.785544,1776362828000
1776362830.305,130.305,0.86,10.35,0.85,5.0,0.87,5.0,0.88,5.0,0.13,5.0,0.12,5.0,0.14,10.35,0.15,5.0,0.01,0.01,43.789362,1776362829000
1776362831.21,131.21,0.87,16.92,0.86,35.0,0.89,5.0,0.9,15.0,0.13,5.0,0.12,5.0,0.14,3.2,0.15,20.0,0.02,0.01,43.789362,1776362829000
1776362831.447,131.447,0.87,16.92,0.86,35.0,0.89,5.0,0.9,15.0,0.11,5.0,0.1,15.0,0.13,16.92,0.14,35.0,0.02,0.02,43.793678,1776362830000
1776362832.028,132.028,0.87,16.92,0.86,35.0,0.89,5.0,0.9,15.0,0.11,5.0,0.1,15.0,0.13,16.92,0.14,35.0,0.02,0.02,43.795848,1776362831000
1776362832.624,132.624,0.87,16.92,0.86,35.0,0.89,5.0,0.9,15.0,0.11,5.0,0.1,15.0,0.12,6.66,0.13,16.92,0.02,0.01,43.795848,1776362831000
1776362833.247,133.247,0.87,16.92,0.86,35.0,0.89,5.0,0.9,15.0,0.11,5.0,0.1,15.0,0.13,16.92,0.14,35.0,0.02,0.02,43.803884,1776362832000
1776362833.471,133.471,0.88,6.66,0.87,16.92,0.89,5.0,0.9,15.0,0.11,5.0,0.1,15.0,0.13,16.92,0.14,35.0,0.01,0.02,43.803884,1776362832000
1776362834.037,134.037,0.89,10.9,0.88,11.66,0.9,10.0,0.91,11.0,0.1,15.0,0.09,16.0,0.12,6.66,0.13,16.92,0.01,0.02,43.803884,1776362832000
1776362834.372,134.372,0.89,10.9,0.88,11.66,0.9,8.67,0.91,11.0,0.1,8.67,0.09,11.0,0.11,10.9,0.12,11.66,0.01,0.01,43.805182,1776362833000
1776362834.611,134.611,0.89,1.8,0.88,11.66,0.9,8.67,0.91,11.0,0.1,8.67,0.09,11.0,0.11,10.9,0.12,11.66,0.01,0.01,43.805182,1776362833000
1776362835.006,135.006,0.89,1.8,0.88,11.66,0.9,8.67,0.91,11.0,0.1,8.67,0.09,11.0,0.11,1.8,0.12,11.66,0.01,0.01,43.805394,1776362834000
1776362835.468,135.468,0.89,3.37,0.88,26.66,0.9,8.67,0.91,11.0,0.1,8.67,0.09,11.0,0.11,1.8,0.12,11.66,0.01,0.01,43.805394,1776362834000
1776362836.275,136.275,0.89,3.37,0.88,26.66,0.9,8.67,0.91,11.0,0.1,8.67,0.09,11.0,0.11,3.37,0.12,26.66,0.01,0.01,43.812293,1776362835000
1776362836.867,136.867,0.89,49.37,0.88,11.66,0.9,7.55,0.91,11.0,0.1,8.67,0.09,11.0,0.11,3.37,0.12,26.66,0.01,0.01,43.812293,1776362835000
1776362838.451,138.451,0.89,49.37,0.88,11.66,0.9,7.55,0.91,11.0,0.1,7.55,0.09,11.0,0.11,49.37,0.12,11.66,0.01,0.01,43.8306,1776362837000
1776362839.354,139.354,0.89,49.37,0.88,11.66,0.9,7.55,0.91,11.0,0.1,7.55,0.09,11.0,0.11,49.37,0.12,11.66,0.01,0.01,43.832477,1776362838000
1776362840.498,140.498,0.89,49.37,0.88,11.66,0.9,7.55,0.91,11.0,0.1,7.55,0.09,11.0,0.11,49.37,0.12,11.66,0.01,0.01,43.834153,1776362839000
1776362840.991,140.991,0.89,49.37,0.88,11.66,0.9,7.55,0.91,11.0,0.1,7.55,0.09,11.0,0.11,49.37,0.12,11.66,0.01,0.01,43.830747,1776362840000
1776362842.371,142.371,0.89,49.37,0.88,11.66,0.9,7.55,0.91,11.0,0.1,7.55,0.09,11.0,0.11,49.37,0.12,11.66,0.01,0.01,43.828461,1776362841000
1776362843.106,143.106,0.89,49.37,0.88,11.66,0.9,7.55,0.91,11.0,0.1,7.55,0.09,11.0,0.11,49.37,0.12,11.66,0.01,0.01,43.828241,1776362842000
1776362844.46,144.46,0.89,49.37,0.88,11.66,0.9,7.55,0.91,11.0,0.1,7.55,0.09,11.0,0.11,49.37,0.12,11.66,0.01,0.01,43.827888,1776362843000
1776362845.148,145.148,0.89,49.37,0.88,11.66,0.9,7.55,0.91,11.0,0.1,7.55,0.09,11.0,0.11,49.37,0.12,11.66,0.01,0.01,43.827888,1776362844000
1776362846.679,146.679,0.89,49.37,0.88,11.66,0.9,7.55,0.91,11.0,0.1,7.55,0.09,11.0,0.11,49.37,0.12,11.66,0.01,0.01,43.828896,1776362845000
1776362847.172,147.172,0.89,49.37,0.88,11.66,0.9,7.55,0.91,11.0,0.1,7.55,0.09,11.0,0.11,49.37,0.12,11.66,0.01,0.01,43.828903,1776362846000
1776362848.515,148.515,0.89,49.37,0.88,11.66,0.9,7.55,0.91,11.0,0.1,7.55,0.09,11.0,0.11,49.37,0.12,11.66,0.01,0.01,43.830078,1776362847000
1776362849.135,149.135,0.89,49.37,0.88,11.66,0.9,7.55,0.91,11.0,0.1,7.55,0.09,11.0,0.11,49.37,0.12,11.66,0.01,0.01,43.832292,1776362848000
1776362850.407,150.407,0.89,49.37,0.88,11.66,0.9,7.55,0.91,11.0,0.1,7.55,0.09,11.0,0.11,49.37,0.12,11.66,0.01,0.01,43.832985,1776362849000
1776362851.189,151.189,0.89,49.37,0.88,11.66,0.9,7.55,0.91,11.0,0.1,7.55,0.09,11.0,0.11,49.37,0.12,11.66,0.01,0.01,43.833185,1776362850000
1776362851.447,151.447,0.89,69.37,0.88,11.66,0.9,1.6,0.91,11.0,0.1,7.55,0.09,11.0,0.11,49.37,0.12,11.66,0.01,0.01,43.833185,1776362850000
1776362852.644,152.644,0.89,69.37,0.88,11.66,0.9,1.6,0.91,11.0,0.1,1.6,0.09,11.0,0.11,69.37,0.12,11.66,0.01,0.01,43.833601,1776362851000
1776362853.458,153.458,0.89,54.37,0.88,26.66,0.9,0.48,0.91,11.0,0.1,0.48,0.09,11.0,0.11,54.37,0.12,26.66,0.01,0.01,43.835744,1776362852000
1776362854.216,154.216,0.89,54.37,0.88,26.66,0.9,0.48,0.91,11.0,0.1,0.48,0.09,11.0,0.11,54.37,0.12,26.66,0.01,0.01,43.833841,1776362853000
1776362855.594,155.594,0.89,54.37,0.88,26.66,0.9,0.48,0.91,11.0,0.1,0.48,0.09,11.0,0.11,54.37,0.12,26.66,0.01,0.01,43.826535,1776362854000
1776362856.592,156.592,0.89,54.37,0.88,26.66,0.9,0.48,0.91,11.0,0.1,0.48,0.09,11.0,0.11,54.37,0.12,26.66,0.01,0.01,43.818989,1776362855000
1776362857.16,157.16,0.89,54.37,0.88,26.66,0.9,0.48,0.91,11.0,0.1,0.48,0.09,11.0,0.11,54.37,0.12,26.66,0.01,0.01,43.809575,1776362856000
1776362858.343,158.343,0.89,25.0,0.88,20.0,0.91,15.37,0.92,17.0,0.09,15.37,0.08,17.0,0.11,25.0,0.12,20.0,0.02,0.02,43.808024,1776362857000
1776362859.621,159.621,0.9,5.0,0.89,40.0,0.91,14.27,0.92,17.0,0.09,14.27,0.08,17.0,0.1,5.0,0.11,40.0,0.01,0.01,43.807932,1776362858000
1776362860.208,160.208,0.9,5.0,0.89,40.0,0.91,14.27,0.92,17.0,0.09,14.27,0.08,17.0,0.1,5.0,0.11,40.0,0.01,0.01,43.807503,1776362859000
1776362861.56,161.56,0.9,5.0,0.89,40.0,0.91,14.27,0.92,17.0,0.09,14.27,0.08,17.0,0.1,5.0,0.11,40.0,0.01,0.01,43.807198,1776362860000
1776362862.011,162.011,0.9,5.0,0.89,40.0,0.91,14.27,0.92,17.0,0.09,14.27,0.08,17.0,0.1,5.0,0.11,40.0,0.01,0.01,43.807086,1776362861000
1776362863.122,163.122,0.9,5.0,0.89,40.0,0.91,14.27,0.92,17.0,0.09,14.27,0.08,17.0,0.1,5.0,0.11,40.0,0.01,0.01,43.807908,1776362862000
1776362864.165,164.165,0.9,20.0,0.89,40.0,0.91,13.17,0.92,17.0,0.09,14.27,0.08,17.0,0.1,5.0,0.11,40.0,0.01,0.01,43.807908,1776362862000
1776362864.931,164.931,0.9,20.0,0.89,40.0,0.91,13.17,0.92,17.0,0.09,13.17,0.08,17.0,0.1,20.0,0.11,40.0,0.01,0.01,43.80826,1776362864000
1776362866.073,166.073,0.9,20.0,0.89,40.0,0.91,13.17,0.92,17.0,0.09,13.17,0.08,17.0,0.1,20.0,0.11,40.0,0.01,0.01,43.808169,1776362865000
1776362867.151,167.151,0.9,20.0,0.89,40.0,0.91,13.17,0.92,17.0,0.09,13.17,0.08,17.0,0.1,20.0,0.11,40.0,0.01,0.01,43.806516,1776362866000
1776362868.498,168.498,0.9,20.0,0.89,40.0,0.91,13.17,0.92,17.0,0.09,13.17,0.08,17.0,0.1,20.0,0.11,40.0,0.01,0.01,43.806875,1776362867000
1776362869.023,169.023,0.9,20.0,0.89,40.0,0.91,13.17,0.92,17.0,0.09,13.17,0.08,17.0,0.1,20.0,0.11,40.0,0.01,0.01,43.806959,1776362868000
1776362870.083,170.083,0.9,20.0,0.89,40.0,0.91,13.17,0.92,17.0,0.09,13.17,0.08,17.0,0.1,20.0,0.11,40.0,0.01,0.01,43.807508,1776362869000
1776362872.06,172.06,0.9,20.0,0.89,40.0,0.91,13.17,0.92,17.0,0.09,13.17,0.08,17.0,0.1,20.0,0.11,40.0,0.01,0.01,43.804214,1776362870000
1776362872.819,172.819,0.9,20.0,0.89,40.0,0.91,13.17,0.92,17.0,0.09,13.17,0.08,17.0,0.1,20.0,0.11,40.0,0.01,0.01,43.804335,1776362871000
1776362873.512,173.512,0.9,20.0,0.89,40.0,0.91,13.17,0.92,17.0,0.09,13.17,0.08,17.0,0.1,20.0,0.11,40.0,0.01,0.01,43.803693,1776362872000
1776362874.128,174.128,0.9,20.0,0.89,40.0,0.91,13.17,0.92,17.0,0.09,13.17,0.08,17.0,0.1,20.0,0.11,40.0,0.01,0.01,43.800964,1776362873000
1776362875.567,175.567,0.9,20.0,0.89,40.0,0.91,13.17,0.92,17.0,0.09,13.17,0.08,17.0,0.1,20.0,0.11,40.0,0.01,0.01,43.800964,1776362874000
1776362876.283,176.283,0.9,20.0,0.89,40.0,0.91,13.17,0.92,17.0,0.09,13.17,0.08,17.0,0.1,20.0,0.11,40.0,0.01,0.01,43.799869,1776362875000
1776362877.076,177.076,0.9,20.0,0.89,40.0,0.91,13.17,0.92,17.0,0.09,13.17,0.08,17.0,0.1,20.0,0.11,40.0,0.01,0.01,43.800253,1776362876000
1776362878.33,178.33,0.9,20.0,0.89,40.0,0.91,13.17,0.92,17.0,0.09,13.17,0.08,17.0,0.1,20.0,0.11,40.0,0.01,0.01,43.800241,1776362877000
1776362879.443,179.443,0.9,20.0,0.89,40.0,0.91,13.17,0.92,17.0,0.09,13.17,0.08,17.0,0.1,20.0,0.11,40.0,0.01,0.01,43.799785,1776362878000
1776362880.241,180.241,0.9,20.0,0.89,40.0,0.91,13.17,0.92,17.0,0.09,13.17,0.08,17.0,0.1,20.0,0.11,40.0,0.01,0.01,43.799974,1776362879000
1776362881.678,181.678,0.9,20.0,0.89,40.0,0.91,13.17,0.92,17.0,0.09,13.17,0.08,17.0,0.1,20.0,0.11,40.0,0.01,0.01,43.803604,1776362880000
1776362882.8,182.8,0.9,20.0,0.89,40.0,0.91,13.17,0.92,17.0,0.09,13.17,0.08,17.0,0.1,20.0,0.11,40.0,0.01,0.01,43.803968,1776362881000
1776362883.614,183.614,0.9,20.0,0.89,40.0,0.91,13.17,0.92,17.0,0.09,13.17,0.08,17.0,0.1,20.0,0.11,40.0,0.01,0.01,43.798655,1776362882000
1776362884.519,184.519,0.9,20.0,0.89,40.0,0.91,13.17,0.92,17.0,0.09,13.17,0.08,17.0,0.1,20.0,0.11,40.0,0.01,0.01,43.798535,1776362883000
1776362885.284,185.284,0.9,15.0,0.89,40.0,0.93,14.17,0.94,21.0,0.07,14.17,0.06,21.0,0.1,15.0,0.11,40.0,0.03,0.03,43.798875,1776362884000
1776362886.889,186.889,0.9,15.0,0.89,40.0,0.93,14.17,0.94,21.0,0.07,14.17,0.06,21.0,0.1,15.0,0.11,40.0,0.03,0.03,43.799646,1776362885000
1776362887.81,187.81,0.9,15.0,0.89,40.0,0.93,14.17,0.94,21.0,0.07,14.17,0.06,21.0,0.1,15.0,0.11,40.0,0.03,0.03,43.799245,1776362886000
1776362888.518,188.518,0.9,15.0,0.89,40.0,0.93,14.17,0.94,21.0,0.07,14.17,0.06,21.0,0.1,15.0,0.11,40.0,0.03,0.03,43.798342,1776362887000
1776362889.219,189.219,0.9,15.0,0.89,40.0,0.93,14.17,0.94,21.0,0.07,14.17,0.06,21.0,0.1,15.0,0.11,40.0,0.03,0.03,43.796752,1776362888000
1776362890.13,190.13,0.9,15.0,0.89,40.0,0.93,14.17,0.94,21.0,0.07,14.17,0.06,21.0,0.1,15.0,0.11,40.0,0.03,0.03,43.79727,1776362889000
1776362892.433,192.433,0.9,15.0,0.89,40.0,0.93,14.17,0.94,21.0,0.07,14.17,0.06,21.0,0.1,15.0,0.11,40.0,0.03,0.03,43.789797,1776362891000
1776362893.49,193.49,0.9,15.0,0.89,40.0,0.93,14.17,0.94,21.0,0.07,14.17,0.06,21.0,0.1,15.0,0.11,40.0,0.03,0.03,43.78781,1776362892000
1776362894.078,194.078,0.9,15.0,0.89,40.0,0.93,14.17,0.94,21.0,0.07,14.17,0.06,21.0,0.1,15.0,0.11,40.0,0.03,0.03,43.786858,1776362893000
1776362895.309,195.309,0.9,15.0,0.89,40.0,0.93,14.17,0.94,21.0,0.07,14.17,0.06,21.0,0.1,15.0,0.11,40.0,0.03,0.03,43.781671,1776362894000
1776362896.086,196.086,0.9,15.0,0.89,40.0,0.93,14.17,0.94,21.0,0.07,14.17,0.06,21.0,0.1,15.0,0.11,40.0,0.03,0.03,43.781673,1776362895000
1776362897.175,197.175,0.9,15.0,0.89,40.0,0.93,14.17,0.94,21.0,0.07,14.17,0.06,21.0,0.1,15.0,0.11,40.0,0.03,0.03,43.781407,1776362896000
1776362898.416,198.416,0.9,15.0,0.89,40.0,0.93,14.17,0.94,21.0,0.07,14.17,0.06,21.0,0.1,15.0,0.11,40.0,0.03,0.03,43.779343,1776362897000
1776362898.914,198.914,0.9,15.0,0.89,40.0,0.93,14.17,0.94,21.0,0.07,14.17,0.06,21.0,0.1,15.0,0.11,40.0,0.03,0.03,43.779044,1776362898000
1776362900.115,200.115,0.9,15.0,0.89,40.0,0.93,14.17,0.94,21.0,0.07,14.17,0.06,21.0,0.1,15.0,0.11,40.0,0.03,0.03,43.779521,1776362899000
1776362901.324,201.324,0.9,15.0,0.89,40.0,0.93,14.17,0.94,21.0,0.07,14.17,0.06,21.0,0.1,15.0,0.11,40.0,0.03,0.03,43.77828,1776362900000
1776362901.982,201.982,0.9,15.0,0.89,40.0,0.93,14.17,0.94,21.0,0.07,14.17,0.06,21.0,0.1,15.0,0.11,40.0,0.03,0.03,43.77828,1776362901000
1776362903.195,203.195,0.9,15.0,0.89,40.0,0.93,14.17,0.94,21.0,0.07,14.17,0.06,21.0,0.1,15.0,0.11,40.0,0.03,0.03,43.773297,1776362902000
1776362904.508,204.508,0.9,15.0,0.89,40.0,0.93,14.17,0.94,21.0,0.07,14.17,0.06,21.0,0.1,15.0,0.11,40.0,0.03,0.03,43.774933,1776362903000
1776362905.039,205.039,0.9,15.0,0.89,40.0,0.93,14.17,0.94,21.0,0.07,14.17,0.06,21.0,0.1,15.0,0.11,40.0,0.03,0.03,43.776688,1776362904000
1776362906.762,206.762,0.9,15.0,0.89,40.0,0.93,14.17,0.94,21.0,0.07,14.17,0.06,21.0,0.1,15.0,0.11,40.0,0.03,0.03,43.777527,1776362905000
1776362907.513,207.513,0.9,15.0,0.89,40.0,0.93,14.17,0.94,21.0,0.07,14.17,0.06,21.0,0.1,15.0,0.11,40.0,0.03,0.03,43.777527,1776362906000
1776362909.606,209.606,0.9,15.0,0.89,40.0,0.93,14.17,0.94,21.0,0.07,14.17,0.06,21.0,0.1,15.0,0.11,40.0,0.03,0.03,43.777469,1776362908000
1776362910.284,210.284,0.9,15.0,0.89,40.0,0.93,14.17,0.94,21.0,0.07,14.17,0.06,21.0,0.1,15.0,0.11,40.0,0.03,0.03,43.776701,1776362909000
1776362911.457,211.457,0.9,15.0,0.89,40.0,0.93,14.17,0.94,21.0,0.07,14.17,0.06,21.0,0.1,15.0,0.11,40.0,0.03,0.03,43.777683,1776362910000
1776362911.975,211.975,0.9,15.0,0.89,40.0,0.93,14.17,0.94,21.0,0.07,14.17,0.06,21.0,0.1,15.0,0.11,40.0,0.03,0.03,43.77785,1776362911000
1776362913.266,213.266,0.9,15.0,0.89,40.0,0.93,14.17,0.94,21.0,0.07,14.17,0.06,21.0,0.1,15.0,0.11,40.0,0.03,0.03,43.77865,1776362912000
1776362914.295,214.295,0.9,15.0,0.89,40.0,0.93,14.17,0.94,21.0,0.07,14.17,0.06,21.0,0.1,15.0,0.11,40.0,0.03,0.03,43.778326,1776362913000
1776362915.394,215.394,0.9,15.0,0.89,40.0,0.93,14.17,0.94,21.0,0.07,14.17,0.06,21.0,0.1,15.0,0.11,40.0,0.03,0.03,43.777414,1776362914000
1776362916.11,216.11,0.9,15.0,0.89,40.0,0.93,14.17,0.94,21.0,0.07,14.17,0.06,21.0,0.1,15.0,0.11,40.0,0.03,0.03,43.775843,1776362915000
1776362917.373,217.373,0.9,15.0,0.89,40.0,0.93,14.17,0.94,21.0,0.07,14.17,0.06,21.0,0.1,15.0,0.11,40.0,0.03,0.03,43.776751,1776362916000
1776362918.695,218.695,0.9,15.0,0.89,40.0,0.93,14.17,0.94,21.0,0.07,14.17,0.06,21.0,0.1,15.0,0.11,40.0,0.03,0.03,43.778628,1776362917000
1776362919.337,219.337,0.9,15.0,0.89,40.0,0.93,14.17,0.94,21.0,0.07,14.17,0.06,21.0,0.1,15.0,0.11,40.0,0.03,0.03,43.779288,1776362918000
1776362920.3,220.3,0.9,15.0,0.89,40.0,0.93,14.17,0.94,21.0,0.07,14.17,0.06,21.0,0.1,15.0,0.11,40.0,0.03,0.03,43.779638,1776362919000
1776362920.959,220.959,0.9,15.0,0.89,40.0,0.93,14.17,0.94,21.0,0.07,14.17,0.06,21.0,0.1,15.0,0.11,40.0,0.03,0.03,43.779461,1776362920000
1776362922.071,222.071,0.9,15.0,0.89,40.0,0.93,14.17,0.94,21.0,0.07,14.17,0.06,21.0,0.1,15.0,0.11,40.0,0.03,0.03,43.77952,1776362921000
1776362923.254,223.254,0.9,15.0,0.89,40.0,0.93,14.17,0.94,21.0,0.07,14.17,0.06,21.0,0.1,15.0,0.11,40.0,0.03,0.03,43.78104,1776362922000
1776362923.491,223.491,0.9,5.0,0.89,25.0,0.92,20.0,0.93,29.17,0.07,14.17,0.06,21.0,0.1,15.0,0.11,40.0,0.02,0.03,43.78104,1776362922000
1776362924.929,224.929,0.9,5.0,0.89,25.0,0.92,20.0,0.93,29.17,0.08,20.0,0.07,29.17,0.1,5.0,0.11,25.0,0.02,0.02,43.775759,1776362923000
1776362925.572,225.572,0.9,5.0,0.89,25.0,0.92,20.0,0.93,29.17,0.08,20.0,0.07,29.17,0.1,5.0,0.11,25.0,0.02,0.02,43.776061,1776362924000
1776362926.044,226.044,0.9,5.0,0.89,25.0,0.92,20.0,0.93,29.17,0.08,20.0,0.07,29.17,0.1,5.0,0.11,25.0,0.02,0.02,43.776926,1776362925000
1776362927.062,227.062,0.9,5.0,0.89,25.0,0.92,20.0,0.93,29.17,0.08,20.0,0.07,29.17,0.1,5.0,0.11,25.0,0.02,0.02,43.776838,1776362926000
1776362928.136,228.136,0.9,5.0,0.89,25.0,0.92,20.0,0.93,29.17,0.08,20.0,0.07,29.17,0.1,5.0,0.11,25.0,0.02,0.02,43.777878,1776362927000
1776362929.122,229.122,0.9,5.0,0.89,25.0,0.92,20.0,0.93,29.17,0.08,20.0,0.07,29.17,0.1,5.0,0.11,25.0,0.02,0.02,43.780219,1776362928000
1776362930.224,230.224,0.9,5.0,0.89,25.0,0.92,20.0,0.93,29.17,0.08,20.0,0.07,29.17,0.1,5.0,0.11,25.0,0.02,0.02,43.781528,1776362929000
1776362931.257,231.257,0.9,5.0,0.89,25.0,0.92,20.0,0.93,29.17,0.08,20.0,0.07,29.17,0.1,5.0,0.11,25.0,0.02,0.02,43.780847,1776362930000
1776362932.221,232.221,0.9,5.0,0.89,25.0,0.92,20.0,0.93,29.17,0.08,20.0,0.07,29.17,0.1,5.0,0.11,25.0,0.02,0.02,43.779873,1776362931000
1776362933.278,233.278,0.9,5.0,0.89,25.0,0.92,20.0,0.93,29.17,0.08,20.0,0.07,29.17,0.1,5.0,0.11,25.0,0.02,0.02,43.777702,1776362932000
1776362934.323,234.323,0.9,5.0,0.89,25.0,0.92,20.0,0.93,29.17,0.08,20.0,0.07,29.17,0.1,5.0,0.11,25.0,0.02,0.02,43.776077,1776362933000
1776362935.332,235.332,0.9,5.0,0.89,25.0,0.92,20.0,0.93,29.17,0.08,20.0,0.07,29.17,0.1,5.0,0.11,25.0,0.02,0.02,43.776109,1776362934000
1776362936.504,236.504,0.9,5.0,0.89,25.0,0.92,20.0,0.93,29.17,0.08,20.0,0.07,29.17,0.1,5.0,0.11,25.0,0.02,0.02,43.776334,1776362935000
1776362937.467,237.467,0.9,5.0,0.89,25.0,0.92,20.0,0.93,29.17,0.08,20.0,0.07,29.17,0.1,5.0,0.11,25.0,0.02,0.02,43.776777,1776362936000
1776362938.504,238.504,0.9,5.0,0.89,25.0,0.92,20.0,0.93,29.17,0.08,20.0,0.07,29.17,0.1,5.0,0.11,25.0,0.02,0.02,43.776313,1776362937000
1776362939.404,239.404,0.9,5.0,0.89,25.0,0.92,20.0,0.93,29.17,0.08,20.0,0.07,29.17,0.1,5.0,0.11,25.0,0.02,0.02,43.776313,1776362938000
1776362940.041,240.041,0.9,5.0,0.89,25.0,0.92,20.0,0.93,29.17,0.08,20.0,0.07,29.17,0.1,5.0,0.11,25.0,0.02,0.02,43.776167,1776362939000
1776362940.948,240.948,0.92,20.0,0.91,20.0,0.93,12.17,0.94,21.0,0.08,20.0,0.07,29.17,0.1,5.0,0.11,25.0,0.01,0.02,43.776167,1776362939000
1776362942.001,242.001,0.92,20.0,0.91,20.0,0.93,12.17,0.94,21.0,0.07,12.17,0.06,21.0,0.08,20.0,0.09,20.0,0.01,0.01,43.776987,1776362940000
1776362942.793,242.793,0.92,20.0,0.91,20.0,0.93,12.17,0.94,21.0,0.07,12.17,0.06,21.0,0.08,20.0,0.09,20.0,0.01,0.01,43.77656,1776362941000
1776362943.649,243.649,0.92,20.0,0.91,20.0,0.93,12.17,0.94,21.0,0.07,12.17,0.06,21.0,0.08,20.0,0.09,20.0,0.01,0.01,43.777306,1776362942000
1776362944.373,244.373,0.91,5.0,0.9,5.0,0.93,11.09,0.94,21.0,0.07,11.09,0.06,21.0,0.09,5.0,0.1,5.0,0.02,0.02,43.777306,1776362943000
1776362945.095,245.095,0.91,5.0,0.9,5.0,0.93,11.09,0.94,21.0,0.07,11.09,0.06,21.0,0.09,5.0,0.1,5.0,0.02,0.02,43.776372,1776362944000
1776362946.558,246.558,0.91,5.0,0.9,5.0,0.93,11.09,0.94,21.0,0.07,11.09,0.06,21.0,0.09,5.0,0.1,5.0,0.02,0.02,43.773835,1776362945000
1776362947.387,247.387,0.91,5.0,0.9,5.0,0.93,11.09,0.94,21.0,0.07,11.09,0.06,21.0,0.09,5.0,0.1,5.0,0.02,0.02,43.773331,1776362946000
1776362948.086,248.086,0.91,5.0,0.9,5.0,0.93,11.09,0.94,21.0,0.07,11.09,0.06,21.0,0.09,5.0,0.1,5.0,0.02,0.02,43.773082,1776362947000
1776362949.583,249.583,0.91,5.0,0.9,5.0,0.93,11.09,0.94,21.0,0.07,11.09,0.06,21.0,0.09,5.0,0.1,5.0,0.02,0.02,43.772899,1776362948000
1776362950.424,250.424,0.91,5.0,0.9,5.0,0.93,11.09,0.94,21.0,0.07,11.09,0.06,21.0,0.09,5.0,0.1,5.0,0.02,0.02,43.771604,1776362949000
1776362951.077,251.077,0.91,5.0,0.9,5.0,0.93,11.09,0.94,21.0,0.07,11.09,0.06,21.0,0.09,5.0,0.1,5.0,0.02,0.02,43.771615,1776362950000
1776362951.426,251.426,0.92,47.0,0.91,20.0,0.94,21.0,0.95,25.0,0.07,11.09,0.06,21.0,0.09,5.0,0.1,5.0,0.02,0.02,43.771615,1776362950000
1776362952.703,252.703,0.92,47.0,0.91,20.0,0.94,21.0,0.95,25.0,0.06,21.0,0.05,25.0,0.08,47.0,0.09,20.0,0.02,0.02,43.773083,1776362951000
1776362953.419,253.419,0.92,47.0,0.91,20.0,0.94,21.0,0.95,25.0,0.06,21.0,0.05,25.0,0.08,47.0,0.09,20.0,0.02,0.02,43.772935,1776362952000
1776362954.181,254.181,0.92,47.0,0.91,20.0,0.94,21.0,0.95,25.0,0.06,21.0,0.05,25.0,0.08,47.0,0.09,20.0,0.02,0.02,43.772933,1776362953000
1776362955.094,255.094,0.92,20.0,0.91,20.0,0.94,18.86,0.95,25.0,0.06,21.0,0.05,25.0,0.08,47.0,0.09,20.0,0.02,0.02,43.772933,1776362953000
1776362955.677,255.677,0.92,20.0,0.91,20.0,0.94,18.86,0.95,25.0,0.06,18.86,0.05,25.0,0.08,20.0,0.09,20.0,0.02,0.02,43.771263,1776362954000
1776362956.522,256.522,0.92,20.0,0.91,20.0,0.94,18.86,0.95,25.0,0.06,18.86,0.05,25.0,0.08,20.0,0.09,20.0,0.02,0.02,43.768746,1776362955000
1776362957.33,257.33,0.92,20.0,0.91,20.0,0.94,18.86,0.95,25.0,0.06,18.86,0.05,25.0,0.08,20.0,0.09,20.0,0.02,0.02,43.767673,1776362956000
1776362957.54,257.54,0.93,5.0,0.92,20.0,0.95,25.0,0.96,70.0,0.06,18.86,0.05,25.0,0.08,20.0,0.09,20.0,0.02,0.02,43.767673,1776362956000
1776362958.631,258.631,0.93,5.0,0.92,20.0,0.95,25.0,0.96,70.0,0.05,25.0,0.04,70.0,0.07,5.0,0.08,20.0,0.02,0.02,43.769247,1776362957000
1776362959.315,259.315,0.93,5.0,0.92,20.0,0.95,25.0,0.96,70.0,0.05,25.0,0.04,70.0,0.07,5.0,0.08,20.0,0.02,0.02,43.769997,1776362958000
1776362960.535,260.535,0.94,20.0,0.93,20.0,0.96,55.0,0.97,53.0,0.04,55.0,0.03,53.0,0.06,20.0,0.07,20.0,0.02,0.02,43.769084,1776362959000
1776362960.908,260.908,0.95,5.0,0.94,20.0,0.96,53.95,0.97,53.0,0.04,55.0,0.03,53.0,0.06,20.0,0.07,20.0,0.01,0.02,43.769084,1776362959000
1776362961.379,261.379,0.95,5.0,0.94,20.0,0.96,53.95,0.97,53.0,0.04,53.95,0.03,53.0,0.05,5.0,0.06,20.0,0.01,0.01,43.768579,1776362960000
1776362962.484,262.484,0.95,5.0,0.94,20.0,0.96,53.95,0.97,53.0,0.04,53.95,0.03,53.0,0.05,5.0,0.06,20.0,0.01,0.01,43.765966,1776362961000
1776362962.732,262.732,0.89,25.0,0.88,5.0,0.91,0.36,0.92,3.91,0.08,3.91,0.07,5.0,0.1,5.0,0.11,25.0,0.02,0.02,43.765966,1776362961000
1776362963.048,263.048,0.89,25.0,0.88,5.0,0.91,0.36,0.92,3.91,0.09,0.36,0.08,3.91,0.11,25.0,0.12,5.0,0.02,0.02,43.764466,1776362962000
1776362964.24,264.24,0.89,25.0,0.88,5.0,0.91,0.36,0.92,3.91,0.09,0.36,0.08,3.91,0.11,25.0,0.12,5.0,0.02,0.02,43.75006,1776362963000
1776362965.457,265.457,0.89,25.0,0.88,5.0,0.91,0.36,0.92,3.91,0.09,0.36,0.08,3.91,0.11,25.0,0.12,5.0,0.02,0.02,43.743703,1776362964000
1776362966.108,266.108,0.89,25.0,0.88,5.0,0.91,0.36,0.92,3.91,0.09,0.36,0.08,3.91,0.11,25.0,0.12,5.0,0.02,0.02,43.743711,1776362965000
1776362966.423,266.423,0.89,25.0,0.88,5.0,0.91,12.52,0.92,15.0,0.09,12.52,0.08,15.0,0.1,5.0,0.11,25.0,0.02,0.01,43.743711,1776362965000
1776362967.305,267.305,0.89,25.0,0.88,5.0,0.91,12.52,0.92,15.0,0.09,12.52,0.08,15.0,0.11,25.0,0.12,5.0,0.02,0.02,43.742585,1776362966000
1776362967.952,267.952,0.89,25.0,0.88,5.0,0.91,12.52,0.92,15.0,0.09,12.52,0.08,15.0,0.11,25.0,0.12,5.0,0.02,0.02,43.741462,1776362967000
1776362969.194,269.194,0.89,25.0,0.88,5.0,0.91,12.52,0.92,20.0,0.09,12.52,0.08,20.0,0.11,25.0,0.12,5.0,0.02,0.02,43.740471,1776362968000
1776362969.428,269.428,0.88,5.0,0.87,1.92,0.9,15.0,0.91,17.52,0.09,12.52,0.08,20.0,0.11,25.0,0.12,5.0,0.02,0.02,43.740471,1776362968000
1776362970.367,270.367,0.88,5.0,0.87,1.92,0.9,15.0,0.91,17.52,0.1,15.0,0.09,17.52,0.12,5.0,0.13,1.92,0.02,0.02,43.741618,1776362969000
1776362971.118,271.118,0.89,5.0,0.88,5.0,0.9,9.45,0.91,17.52,0.1,9.45,0.09,17.52,0.11,5.0,0.12,5.0,0.01,0.01,43.739992,1776362970000
1776362971.612,271.612,0.8,5.0,0.79,5.0,0.81,40.0,0.83,5.0,0.1,9.45,0.09,17.52,0.11,5.0,0.12,5.0,0.01,0.01,43.739992,1776362970000
1776362972.163,272.163,0.8,5.0,0.79,5.0,0.81,40.0,0.83,5.0,0.19,40.0,0.17,5.0,0.2,5.0,0.21,5.0,0.01,0.01,43.740397,1776362971000
1776362973.639,273.639,0.8,5.0,0.79,5.0,0.81,40.0,0.83,5.0,0.19,40.0,0.17,5.0,0.2,5.0,0.21,5.0,0.01,0.01,43.732095,1776362972000
1776362974.769,274.769,0.8,5.0,0.79,5.0,0.81,40.0,0.83,5.0,0.19,40.0,0.17,5.0,0.2,5.0,0.21,5.0,0.01,0.01,43.730293,1776362973000
1776362975.43,275.43,0.8,5.0,0.79,5.0,0.81,40.0,0.83,15.0,0.19,40.0,0.17,15.0,0.2,5.0,0.21,5.0,0.01,0.01,43.728195,1776362974000
1776362976.052,276.052,0.8,5.0,0.79,5.0,0.81,40.0,0.83,15.0,0.19,40.0,0.17,15.0,0.2,5.0,0.21,5.0,0.01,0.01,43.727325,1776362975000
1776362977.302,277.302,0.84,5.0,0.83,5.0,0.86,5.0,0.87,5.0,0.14,5.0,0.13,5.0,0.16,5.0,0.17,5.0,0.02,0.02,43.726258,1776362976000
1776362977.895,277.895,0.8,5.0,0.79,5.0,0.81,45.0,0.83,5.0,0.14,5.0,0.13,5.0,0.16,5.0,0.17,5.0,0.01,0.02,43.726258,1776362976000
1776362978.418,278.418,0.81,5.0,0.8,5.0,0.84,4.0,0.85,5.0,0.19,45.0,0.17,5.0,0.2,5.0,0.21,5.0,0.03,0.01,43.726258,1776362976000
1776362979.072,279.072,0.81,5.0,0.8,5.0,0.84,4.0,0.85,5.0,0.16,4.0,0.15,5.0,0.19,5.0,0.2,5.0,0.03,0.03,43.72741,1776362978000
1776362979.304,279.304,0.78,5.0,0.77,5.0,0.8,5.0,0.81,5.0,0.16,4.0,0.15,5.0,0.19,5.0,0.2,5.0,0.02,0.03,43.72741,1776362978000
1776362979.731,279.731,0.78,5.0,0.77,5.0,0.8,3.53,0.81,5.0,0.2,5.0,0.19,5.0,0.22,5.0,0.23,5.0,0.02,0.02,43.72741,1776362978000
1776362980.234,280.234,0.78,5.0,0.77,5.0,0.8,3.53,0.81,5.0,0.2,3.53,0.19,5.0,0.22,5.0,0.23,5.0,0.02,0.02,43.726066,1776362979000
1776362981.315,281.315,0.78,5.0,0.77,5.0,0.8,3.53,0.81,5.0,0.2,3.53,0.19,5.0,0.22,5.0,0.23,5.0,0.02,0.02,43.722593,1776362980000
1776362981.715,281.715,0.63,2.29,0.62,5.0,0.64,69.0,0.65,5.0,0.2,3.53,0.19,5.0,0.22,5.0,0.23,5.0,0.01,0.02,43.722593,1776362980000
1776362982.488,282.488,0.6,5.0,0.59,5.0,0.61,40.0,0.64,69.0,0.39,40.0,0.36,69.0,0.4,5.0,0.41,5.0,0.01,0.01,43.722307,1776362981000
1776362983.223,283.223,0.59,5.0,0.58,5.0,0.6,48.33,0.61,40.0,0.4,48.33,0.39,40.0,0.41,5.0,0.42,5.0,0.01,0.01,43.717325,1776362982000
1776362984.329,284.329,0.59,5.0,0.58,5.0,0.6,48.33,0.61,40.0,0.4,48.33,0.39,40.0,0.41,5.0,0.42,5.0,0.01,0.01,43.711807,1776362983000
1776362984.628,284.628,0.26,2.55,0.25,5.0,0.28,5.0,0.29,5.0,0.4,48.33,0.39,40.0,0.41,5.0,0.42,5.0,0.02,0.01,43.711807,1776362983000
1776362984.908,284.908,0.32,10.0,0.26,2.55,0.33,5.0,0.34,5.0,0.67,5.0,0.66,5.0,0.68,10.0,0.74,2.55,0.01,0.01,43.710929,1776362984000
1776362985.537,285.537,0.2,20.0,0.19,5.0,0.33,5.0,0.34,5.0,0.67,5.0,0.66,5.0,0.68,2.66,0.72,5.0,0.13,0.01,43.710929,1776362984000
1776362985.972,285.972,0.2,15.0,0.16,5.0,0.21,0.23,0.22,5.0,0.78,0.45,0.77,5.0,0.79,5.0,0.8,20.0,0.01,0.01,43.710929,1776362984000
1776362986.277,286.277,0.1,10.0,0.09,11.0,0.12,1.25,0.13,5.0,0.79,0.23,0.78,5.0,0.8,13.0,0.83,5.0,0.02,0.01,43.697361,1776362985000
1776362986.574,286.574,0.1,10.0,0.09,11.0,0.12,1.25,0.13,5.0,0.86,1.25,0.85,5.0,0.9,10.0,0.91,11.0,0.02,0.04,43.697361,1776362985000
1776362986.872,286.872,0.09,11.0,0.08,12.0,0.11,0.45,0.12,1.25,0.89,5.0,0.88,1.25,0.91,11.0,0.92,12.0,0.02,0.02,43.697361,1776362985000
1776362987.283,287.283,0.08,12.0,0.07,14.0,0.1,5.0,0.11,22.45,0.9,5.0,0.89,22.45,0.92,12.0,0.93,14.0,0.02,0.02,43.688341,1776362986000
1776362987.509,287.509,0.05,8.04,0.04,30.0,0.09,5.0,0.1,5.0,0.9,5.0,0.89,22.45,0.92,12.0,0.93,14.0,0.04,0.02,43.688341,1776362986000
1776362988.372,288.372,0.06,20.39,0.05,13.04,0.07,16.12,0.1,5.0,0.91,5.0,0.9,5.0,0.95,8.04,0.96,30.0,0.01,0.04,43.688341,1776362986000
1776362988.583,288.583,0.06,3.73,0.05,13.04,0.07,1.83,0.1,5.0,0.93,16.12,0.9,5.0,0.94,20.39,0.95,13.04,0.01,0.01,43.685471,1776362987000
1776362988.961,288.961,0.06,3.73,0.05,13.04,0.07,1.83,0.1,5.0,0.93,1.83,0.9,5.0,0.94,3.73,0.95,13.04,0.01,0.01,43.679112,1776362988000
1776362989.163,289.163,0.06,3.73,0.05,13.04,0.08,5.0,0.09,5.0,0.93,1.83,0.9,5.0,0.94,3.73,0.95,13.04,0.02,0.01,43.679112,1776362988000
1776362989.743,289.743,0.05,12.01,0.04,30.0,0.06,5.0,0.07,5.0,0.92,5.0,0.91,5.0,0.94,3.73,0.95,13.04,0.01,0.02,43.679112,1776362988000
1776362990.56,290.56,0.06,5.0,0.05,12.01,0.08,5.0,0.09,20.0,0.92,5.0,0.91,20.0,0.95,12.01,0.96,30.0,0.02,0.03,43.677611,1776362989000
1776362991.076,291.076,0.09,3.9,0.08,5.0,0.1,5.0,0.11,0.45,0.91,17.22,0.9,5.0,0.94,5.0,0.95,12.01,0.01,0.03,43.677611,1776362989000
1776362991.445,291.445,0.05,3.31,0.04,30.0,0.1,20.0,0.11,0.45,0.9,5.0,0.89,0.45,0.91,1.7,0.92,5.0,0.05,0.01,43.679325,1776362990000
1776362992.473,292.473,0.07,5.0,0.06,5.0,0.09,10.55,0.1,5.0,0.91,2.22,0.9,20.0,0.95,2.25,0.96,30.0,0.02,0.04,43.67736,1776362991000
1776362993.078,293.078,0.08,3.86,0.07,5.0,0.09,10.55,0.1,5.0,0.91,10.55,0.9,5.0,0.93,5.0,0.94,5.0,0.01,0.02,43.67736,1776362991000
1776362993.339,293.339,0.08,3.86,0.07,5.0,0.1,4.49,0.11,0.45,0.91,10.55,0.9,5.0,0.92,3.86,0.93,5.0,0.02,0.01,43.678012,1776362992000
1776362993.717,293.717,0.04,18.93,0.03,38.0,0.08,5.0,0.09,5.0,0.9,19.49,0.89,0.45,0.93,2.73,0.94,5.0,0.04,0.03,43.678012,1776362992000
1776362994.762,294.762,0.08,0.3,0.07,5.0,0.1,4.49,0.11,0.45,0.92,5.0,0.91,5.0,0.95,5.0,0.96,18.93,0.02,0.03,43.675737,1776362993000
1776362995.339,295.339,0.05,5.0,0.04,18.93,0.08,5.0,0.09,5.0,0.91,5.0,0.9,5.0,0.94,0.02,0.95,5.0,0.03,0.03,43.675737,1776362993000
1776362996.235,296.235,0.06,5.0,0.05,5.0,0.1,3.5,0.11,15.45,0.92,5.0,0.91,5.0,0.95,5.0,0.96,18.93,0.04,0.03,43.677294,1776362995000
1776362996.436,296.436,0.03,8.74,0.02,60.0,0.07,5.0,0.08,5.0,0.9,3.5,0.89,15.45,0.95,5.0,0.96,18.93,0.04,0.05,43.677294,1776362995000
1776362996.716,296.716,0.03,7.17,0.02,60.0,0.06,5.0,0.07,5.0,0.93,5.0,0.92,5.0,0.94,3.83,0.95,5.0,0.03,0.01,43.677294,1776362995000
1776362997.042,297.042,0.03,7.17,0.02,60.0,0.06,5.0,0.07,5.0,0.92,5.0,0.91,5.0,0.97,7.17,0.98,60.0,0.03,0.05,43.678707,1776362996000
1776362997.373,297.373,0.02,58.87,0.01,300.0,0.03,7.83,0.04,5.0,0.97,7.83,0.96,5.0,0.98,60.0,0.99,300.0,0.01,0.01,43.678707,1776362996000
1776362997.576,297.576,0.01,259.51,,,0.03,7.83,0.17,15.0,0.97,7.83,0.88,1.25,0.99,276.7,,,0.02,0.02,43.678707,1776362996000
1776362997.786,297.786,0.11,42.17,0.02,2.95,0.12,5.0,0.13,5.0,0.97,7.83,0.89,5.0,0.98,2.95,0.99,94.24,0.01,0.01,43.678707,1776362996000
1776362998.068,298.068,0.14,5.0,0.13,5.0,0.26,5.0,0.28,5.0,0.83,5.0,0.82,5.0,0.88,5.0,0.89,5.0,0.12,0.05,43.680141,1776362997000
1776362998.353,298.353,0.01,4.95,,,0.04,5.0,0.05,5.0,0.91,5.0,0.9,5.0,0.97,3.0,0.98,5.0,0.03,0.06,43.680141,1776362997000

# RESULT,winner=Down,slug=hype-updown-5m-1776362700,ticks=355
