timestamp,elapsed_sec,up_bid_p1,up_bid_s1,up_bid_p2,up_bid_s2,up_ask_p1,up_ask_s1,up_ask_p2,up_ask_s2,down_bid_p1,down_bid_s1,down_bid_p2,down_bid_s2,down_ask_p1,down_ask_s1,down_ask_p2,down_ask_s2,up_spread,down_spread,hype_price,hype_oracle_ts
1776181501.503,1.503,,,,,,,,,,,,,,,,,,,43.647113,1776181500000
1776181502.129,2.129,0.5,14.98,0.41,8.0,0.59,8.0,0.6,20.0,0.41,8.0,0.4,20.0,0.5,14.98,0.59,8.0,0.09,0.09,43.647113,1776181500000
1776181503.487,3.487,0.5,14.98,0.41,8.0,0.59,8.0,0.6,20.0,0.41,8.0,0.4,20.0,0.5,14.98,0.59,8.0,0.09,0.09,43.644968,1776181502000
1776181504.098,4.098,0.5,14.98,0.41,8.0,0.59,8.0,0.6,20.0,0.41,8.0,0.4,20.0,0.5,14.98,0.59,8.0,0.09,0.09,43.648266,1776181503000
1776181505.31,5.31,0.5,14.98,0.41,8.0,0.59,8.0,0.6,20.0,0.41,8.0,0.4,20.0,0.5,14.98,0.59,8.0,0.09,0.09,43.645428,1776181504000
1776181506.528,6.528,0.5,14.98,0.41,8.0,0.59,8.0,0.6,20.0,0.41,8.0,0.4,20.0,0.5,14.98,0.59,8.0,0.09,0.09,43.646636,1776181505000
1776181507.082,7.082,0.5,14.98,0.41,8.0,0.59,8.0,0.6,20.0,0.41,8.0,0.4,20.0,0.5,14.98,0.59,8.0,0.09,0.09,43.644477,1776181506000
1776181508.434,8.434,0.5,14.98,0.41,8.0,0.59,8.0,0.6,20.0,0.41,8.0,0.4,20.0,0.5,14.98,0.59,8.0,0.09,0.09,43.644574,1776181507000
1776181509.035,9.035,0.5,14.98,0.41,8.0,0.59,8.0,0.6,20.0,0.41,8.0,0.4,20.0,0.5,14.98,0.59,8.0,0.09,0.09,43.64332,1776181508000
1776181510.495,10.495,0.5,14.98,0.41,8.0,0.59,8.0,0.6,20.0,0.41,8.0,0.4,20.0,0.5,14.98,0.59,8.0,0.09,0.09,43.641828,1776181509000
1776181511.558,11.558,0.5,14.98,0.41,8.0,0.59,8.0,0.6,20.0,0.41,8.0,0.4,20.0,0.5,14.98,0.59,8.0,0.09,0.09,43.641294,1776181510000
1776181512.124,12.124,0.5,14.98,0.41,8.0,0.59,8.0,0.6,20.0,0.41,8.0,0.4,20.0,0.5,14.98,0.59,8.0,0.09,0.09,43.641005,1776181511000
1776181513.481,13.481,0.5,14.98,0.41,8.0,0.59,8.0,0.6,20.0,0.41,8.0,0.4,20.0,0.5,14.98,0.59,8.0,0.09,0.09,43.642701,1776181512000
1776181514.167,14.167,0.5,14.98,0.41,8.0,0.59,8.0,0.6,20.0,0.41,8.0,0.4,20.0,0.5,14.98,0.59,8.0,0.09,0.09,43.642553,1776181513000
1776181514.736,14.736,0.33,10.0,0.32,15.0,0.5,5.02,0.53,32.0,0.43,39.0,0.42,5.0,0.5,4.98,0.64,13.0,0.17,0.07,43.642553,1776181513000
1776181515.406,15.406,0.33,10.0,0.32,15.0,0.5,5.02,0.53,32.0,0.5,5.02,0.47,32.0,0.67,10.0,0.68,15.0,0.17,0.17,43.640604,1776181514000
1776181516.235,16.235,0.33,10.0,0.32,15.0,0.5,5.02,0.53,32.0,0.5,5.02,0.47,32.0,0.67,10.0,0.68,15.0,0.17,0.17,43.639563,1776181515000
1776181517.503,17.503,0.33,10.0,0.32,15.0,0.5,5.02,0.53,32.0,0.5,5.02,0.47,32.0,0.67,10.0,0.68,15.0,0.17,0.17,43.630838,1776181516000
1776181518.266,18.266,0.33,10.0,0.32,15.0,0.5,5.02,0.53,32.0,0.5,5.02,0.47,32.0,0.67,10.0,0.68,15.0,0.17,0.17,43.629487,1776181517000
1776181519.483,19.483,0.33,10.0,0.32,15.0,0.5,5.02,0.53,32.0,0.5,5.02,0.47,32.0,0.67,10.0,0.68,15.0,0.17,0.17,43.628885,1776181518000
1776181520.101,20.101,0.33,10.0,0.32,15.0,0.5,5.02,0.53,32.0,0.5,5.02,0.47,32.0,0.67,10.0,0.68,15.0,0.17,0.17,43.634837,1776181519000
1776181521.278,21.278,0.33,10.0,0.32,15.0,0.5,5.02,0.53,32.0,0.5,5.02,0.47,32.0,0.67,10.0,0.68,15.0,0.17,0.17,43.640353,1776181520000
1776181522.518,22.518,0.33,10.0,0.32,15.0,0.5,5.02,0.53,32.0,0.5,5.02,0.47,32.0,0.67,10.0,0.68,15.0,0.17,0.17,43.641019,1776181521000
1776181523.12,23.12,0.33,10.0,0.32,15.0,0.5,5.02,0.53,32.0,0.5,5.02,0.47,32.0,0.67,10.0,0.68,15.0,0.17,0.17,43.638982,1776181522000
1776181524.714,24.714,0.33,10.0,0.32,15.0,0.5,5.02,0.53,32.0,0.5,5.02,0.47,32.0,0.67,10.0,0.68,15.0,0.17,0.17,43.642988,1776181523000
1776181525.185,25.185,0.33,10.0,0.32,15.0,0.5,5.02,0.53,32.0,0.5,5.02,0.47,32.0,0.67,10.0,0.68,15.0,0.17,0.17,43.644755,1776181524000
1776181526.374,26.374,0.33,10.0,0.32,15.0,0.5,5.02,0.53,32.0,0.5,5.02,0.47,32.0,0.67,10.0,0.68,15.0,0.17,0.17,43.644227,1776181525000
1776181528.085,28.085,0.33,10.0,0.32,15.0,0.5,5.02,0.53,32.0,0.5,5.02,0.47,32.0,0.67,10.0,0.68,15.0,0.17,0.17,43.643379,1776181527000
1776181529.067,29.067,0.33,10.0,0.32,15.0,0.5,5.02,0.53,32.0,0.5,5.02,0.47,32.0,0.67,10.0,0.68,15.0,0.17,0.17,43.6465,1776181528000
1776181530.102,30.102,0.33,10.0,0.32,15.0,0.5,5.02,0.53,32.0,0.5,5.02,0.47,32.0,0.67,10.0,0.68,15.0,0.17,0.17,43.646025,1776181529000
1776181531.637,31.637,0.33,10.0,0.32,15.0,0.5,5.02,0.53,32.0,0.5,5.02,0.47,32.0,0.67,10.0,0.68,15.0,0.17,0.17,43.646176,1776181530000
1776181532.241,32.241,0.33,10.0,0.32,15.0,0.5,5.02,0.53,32.0,0.5,5.02,0.47,32.0,0.67,10.0,0.68,15.0,0.17,0.17,43.646161,1776181531000
1776181533.408,33.408,0.33,10.0,0.32,15.0,0.5,5.02,0.53,32.0,0.5,5.02,0.47,32.0,0.67,10.0,0.68,15.0,0.17,0.17,43.645084,1776181532000
1776181534.734,34.734,0.33,10.0,0.32,15.0,0.5,5.02,0.53,32.0,0.5,5.02,0.47,32.0,0.67,10.0,0.68,15.0,0.17,0.17,43.641657,1776181533000
1776181535.397,35.397,0.33,10.0,0.32,15.0,0.5,5.02,0.53,32.0,0.5,5.02,0.47,32.0,0.67,10.0,0.68,15.0,0.17,0.17,43.643621,1776181534000
1776181536.445,36.445,0.33,10.0,0.32,15.0,0.5,5.02,0.53,32.0,0.5,5.02,0.47,32.0,0.67,10.0,0.68,15.0,0.17,0.17,43.643417,1776181535000
1776181537.046,37.046,0.33,10.0,0.32,15.0,0.5,5.02,0.53,32.0,0.5,5.02,0.47,32.0,0.67,10.0,0.68,15.0,0.17,0.17,43.644762,1776181536000
1776181538.105,38.105,0.33,10.0,0.32,15.0,0.5,5.02,0.53,32.0,0.5,5.02,0.47,32.0,0.67,10.0,0.68,15.0,0.17,0.17,43.644274,1776181537000
1776181539.211,39.211,0.33,10.0,0.32,15.0,0.5,5.02,0.53,32.0,0.5,5.02,0.47,32.0,0.67,10.0,0.68,15.0,0.17,0.17,43.643699,1776181538000
1776181540.319,40.319,0.33,10.0,0.32,15.0,0.5,5.02,0.53,32.0,0.5,5.02,0.47,32.0,0.67,10.0,0.68,15.0,0.17,0.17,43.644138,1776181539000
1776181541.575,41.575,0.33,10.0,0.32,15.0,0.5,5.02,0.53,32.0,0.5,5.02,0.47,32.0,0.67,10.0,0.68,15.0,0.17,0.17,43.649859,1776181540000
1776181542.168,42.168,0.33,10.0,0.32,15.0,0.5,5.02,0.53,32.0,0.5,5.02,0.47,32.0,0.67,10.0,0.68,15.0,0.17,0.17,43.649698,1776181541000
1776181543.148,43.148,0.33,10.0,0.32,15.0,0.5,5.02,0.53,32.0,0.5,5.02,0.47,32.0,0.67,10.0,0.68,15.0,0.17,0.17,43.651248,1776181542000
1776181543.957,43.957,0.33,10.0,0.32,15.0,0.5,5.02,0.53,32.0,0.5,5.02,0.47,32.0,0.67,10.0,0.68,15.0,0.17,0.17,43.64852,1776181543000
1776181545.098,45.098,0.33,10.0,0.32,15.0,0.5,5.02,0.53,32.0,0.5,5.02,0.47,32.0,0.67,10.0,0.68,15.0,0.17,0.17,43.651889,1776181544000
1776181545.94,45.94,0.33,10.0,0.32,15.0,0.5,5.02,0.53,32.0,0.5,5.02,0.47,32.0,0.67,10.0,0.68,15.0,0.17,0.17,43.651567,1776181545000
1776181546.889,46.889,0.33,10.0,0.32,15.0,0.5,5.02,0.53,32.0,0.5,5.02,0.47,32.0,0.67,10.0,0.68,15.0,0.17,0.17,43.664816,1776181546000
1776181547.915,47.915,0.33,10.0,0.32,15.0,0.5,5.02,0.53,32.0,0.5,5.02,0.47,32.0,0.67,10.0,0.68,15.0,0.17,0.17,43.670231,1776181547000
1776181549.329,49.329,0.33,10.0,0.32,15.0,0.5,5.02,0.53,32.0,0.5,5.02,0.47,32.0,0.67,10.0,0.68,15.0,0.17,0.17,43.681,1776181548000
1776181550.352,50.352,0.33,10.0,0.32,15.0,0.5,5.02,0.53,32.0,0.5,5.02,0.47,32.0,0.67,10.0,0.68,15.0,0.17,0.17,43.68027,1776181549000
1776181551.232,51.232,0.33,10.0,0.32,15.0,0.5,5.02,0.53,32.0,0.5,5.02,0.47,32.0,0.67,10.0,0.68,15.0,0.17,0.17,43.676136,1776181550000
1776181552.113,52.113,0.64,4.86,0.59,5.0,0.68,15.0,0.69,15.0,0.5,5.02,0.47,32.0,0.67,10.0,0.68,15.0,0.04,0.17,43.676136,1776181550000
1776181552.321,52.321,0.64,4.86,0.59,5.0,0.68,15.0,0.69,15.0,0.32,15.0,0.31,15.0,0.36,4.86,0.41,5.0,0.04,0.04,43.676136,1776181551000
1776181553.122,53.122,0.64,4.86,0.59,5.0,0.68,15.0,0.69,15.0,0.32,15.0,0.31,15.0,0.36,4.86,0.41,5.0,0.04,0.04,43.678141,1776181552000
1776181554.179,54.179,0.64,4.86,0.59,5.0,0.68,15.0,0.69,15.0,0.32,15.0,0.31,15.0,0.36,4.86,0.41,5.0,0.04,0.04,43.67817,1776181553000
1776181555.827,55.827,0.64,4.86,0.59,5.0,0.68,15.0,0.69,15.0,0.32,15.0,0.31,15.0,0.36,4.86,0.41,5.0,0.04,0.04,43.68162,1776181554000
1776181556.572,56.572,0.64,4.86,0.59,5.0,0.68,15.0,0.69,15.0,0.32,15.0,0.31,15.0,0.36,4.86,0.41,5.0,0.04,0.04,43.68187,1776181555000
1776181557.266,57.266,0.64,4.86,0.59,5.0,0.68,15.0,0.69,15.0,0.32,15.0,0.31,15.0,0.36,4.86,0.41,5.0,0.04,0.04,43.68165,1776181556000
1776181558.924,58.924,0.64,4.86,0.59,5.0,0.68,15.0,0.69,15.0,0.32,15.0,0.31,15.0,0.36,4.86,0.41,5.0,0.04,0.04,43.681419,1776181557000
1776181559.564,59.564,0.64,4.86,0.59,5.0,0.68,15.0,0.69,15.0,0.32,15.0,0.31,15.0,0.36,4.86,0.41,5.0,0.04,0.04,43.673685,1776181558000
1776181560.336,60.336,0.64,4.86,0.59,5.0,0.68,15.0,0.69,15.0,0.32,15.0,0.31,15.0,0.36,4.86,0.41,5.0,0.04,0.04,43.672813,1776181559000
1776181561.138,61.138,0.64,4.86,0.59,5.0,0.68,15.0,0.69,15.0,0.32,15.0,0.31,15.0,0.36,4.86,0.41,5.0,0.04,0.04,43.67149,1776181560000
1776181562.479,62.479,0.64,4.86,0.59,5.0,0.68,15.0,0.69,15.0,0.32,15.0,0.31,15.0,0.36,4.86,0.41,5.0,0.04,0.04,43.673997,1776181561000
1776181563.179,63.179,0.64,4.86,0.59,5.0,0.68,15.0,0.69,15.0,0.32,15.0,0.31,15.0,0.36,4.86,0.41,5.0,0.04,0.04,43.675359,1776181562000
1776181564.565,64.565,0.64,4.86,0.59,5.0,0.68,15.0,0.69,15.0,0.32,15.0,0.31,15.0,0.36,4.86,0.41,5.0,0.04,0.04,43.677632,1776181563000
1776181565.308,65.308,0.64,4.86,0.59,5.0,0.68,15.0,0.69,15.0,0.32,15.0,0.31,15.0,0.36,4.86,0.41,5.0,0.04,0.04,43.677632,1776181564000
1776181566.648,66.648,0.64,4.86,0.59,5.0,0.68,15.0,0.69,15.0,0.32,15.0,0.31,15.0,0.36,4.86,0.41,5.0,0.04,0.04,43.677006,1776181565000
1776181567.263,67.263,0.64,4.86,0.59,5.0,0.68,15.0,0.69,15.0,0.32,15.0,0.31,15.0,0.36,4.86,0.41,5.0,0.04,0.04,43.677533,1776181566000
1776181568.884,68.884,0.64,4.86,0.59,5.0,0.68,15.0,0.69,15.0,0.32,15.0,0.31,15.0,0.36,4.86,0.41,5.0,0.04,0.04,43.679551,1776181567000
1776181569.414,69.414,0.64,4.86,0.59,5.0,0.68,15.0,0.69,15.0,0.32,15.0,0.31,15.0,0.36,4.86,0.41,5.0,0.04,0.04,43.679551,1776181568000
1776181570.147,70.147,0.64,4.86,0.59,5.0,0.68,15.0,0.69,15.0,0.32,15.0,0.31,15.0,0.36,4.86,0.41,5.0,0.04,0.04,43.677655,1776181569000
1776181571.453,71.453,0.64,4.86,0.59,5.0,0.68,15.0,0.69,15.0,0.32,15.0,0.31,15.0,0.36,4.86,0.41,5.0,0.04,0.04,43.679401,1776181570000
1776181572.156,72.156,0.64,4.86,0.59,5.0,0.68,15.0,0.69,15.0,0.32,15.0,0.31,15.0,0.36,4.86,0.41,5.0,0.04,0.04,43.681054,1776181571000
1776181574.117,74.117,0.64,4.86,0.59,5.0,0.68,15.0,0.69,15.0,0.32,15.0,0.31,15.0,0.36,4.86,0.41,5.0,0.04,0.04,43.683116,1776181573000
1776181575.833,75.833,0.64,4.86,0.59,5.0,0.68,15.0,0.69,15.0,0.32,15.0,0.31,15.0,0.36,4.86,0.41,5.0,0.04,0.04,43.687115,1776181574000
1776181576.665,76.665,0.64,4.86,0.59,5.0,0.68,15.0,0.69,15.0,0.32,15.0,0.31,15.0,0.36,4.86,0.41,5.0,0.04,0.04,43.692753,1776181575000
1776181577.337,77.337,0.64,4.86,0.59,5.0,0.68,15.0,0.69,15.0,0.32,15.0,0.31,15.0,0.36,4.86,0.41,5.0,0.04,0.04,43.692621,1776181576000
1776181578.032,78.032,0.64,4.86,0.59,5.0,0.68,15.0,0.69,15.0,0.32,15.0,0.31,15.0,0.36,4.86,0.41,5.0,0.04,0.04,43.692621,1776181577000
1776181579.267,79.267,0.64,4.86,0.59,5.0,0.68,15.0,0.69,15.0,0.32,15.0,0.31,15.0,0.36,4.86,0.41,5.0,0.04,0.04,43.693713,1776181578000
1776181580.571,80.571,0.64,4.86,0.59,5.0,0.68,15.0,0.69,15.0,0.32,15.0,0.31,15.0,0.36,4.86,0.41,5.0,0.04,0.04,43.694553,1776181579000
1776181581.304,81.304,0.64,4.86,0.59,5.0,0.68,15.0,0.69,15.0,0.32,15.0,0.31,15.0,0.36,4.86,0.41,5.0,0.04,0.04,43.69484,1776181580000
1776181582.581,82.581,0.64,4.86,0.59,5.0,0.68,15.0,0.69,15.0,0.32,15.0,0.31,15.0,0.36,4.86,0.41,5.0,0.04,0.04,43.696108,1776181581000
1776181583.335,83.335,0.64,4.86,0.59,5.0,0.68,15.0,0.69,15.0,0.32,15.0,0.31,15.0,0.36,4.86,0.41,5.0,0.04,0.04,43.700961,1776181582000
1776181584.555,84.555,0.64,4.86,0.59,5.0,0.68,15.0,0.69,15.0,0.32,15.0,0.31,15.0,0.36,4.86,0.41,5.0,0.04,0.04,43.704308,1776181583000
1776181585.374,85.374,0.64,4.86,0.59,5.0,0.68,15.0,0.69,15.0,0.32,15.0,0.31,15.0,0.36,4.86,0.41,5.0,0.04,0.04,43.70449,1776181584000
1776181586.044,86.044,0.64,4.86,0.59,5.0,0.68,15.0,0.69,15.0,0.32,15.0,0.31,15.0,0.36,4.86,0.41,5.0,0.04,0.04,43.704077,1776181585000
1776181587.425,87.425,0.64,4.86,0.59,5.0,0.68,15.0,0.69,15.0,0.32,15.0,0.31,15.0,0.36,4.86,0.41,5.0,0.04,0.04,43.699412,1776181586000
1776181588.153,88.153,0.64,4.86,0.59,5.0,0.68,15.0,0.69,15.0,0.32,15.0,0.31,15.0,0.36,4.86,0.41,5.0,0.04,0.04,43.697435,1776181587000
1776181589.344,89.344,0.64,4.86,0.59,5.0,0.68,15.0,0.69,15.0,0.32,15.0,0.31,15.0,0.36,4.86,0.41,5.0,0.04,0.04,43.701161,1776181588000
1776181590.008,90.008,0.64,4.86,0.59,5.0,0.68,15.0,0.69,15.0,0.32,15.0,0.31,15.0,0.36,4.86,0.41,5.0,0.04,0.04,43.701722,1776181589000
1776181591.888,91.888,0.64,4.86,0.59,5.0,0.68,15.0,0.69,15.0,0.32,15.0,0.31,15.0,0.36,4.86,0.41,5.0,0.04,0.04,43.706381,1776181590000
1776181592.329,92.329,0.64,4.86,0.59,5.0,0.68,15.0,0.69,15.0,0.32,15.0,0.31,15.0,0.36,4.86,0.41,5.0,0.04,0.04,43.706042,1776181591000
1776181593.448,93.448,0.64,4.86,0.59,5.0,0.68,15.0,0.69,15.0,0.32,15.0,0.31,15.0,0.36,4.86,0.41,5.0,0.04,0.04,43.703169,1776181592000
1776181594.003,94.003,0.64,4.86,0.59,5.0,0.68,15.0,0.69,15.0,0.32,15.0,0.31,15.0,0.36,4.86,0.41,5.0,0.04,0.04,43.703169,1776181593000
1776181594.972,94.972,0.64,4.86,0.59,5.0,0.68,15.0,0.69,15.0,0.32,15.0,0.31,15.0,0.36,4.86,0.41,5.0,0.04,0.04,43.704089,1776181594000
1776181595.966,95.966,0.64,4.86,0.59,5.0,0.68,15.0,0.69,15.0,0.32,15.0,0.31,15.0,0.36,4.86,0.41,5.0,0.04,0.04,43.706718,1776181595000
1776181597.105,97.105,0.64,4.86,0.59,5.0,0.68,15.0,0.69,15.0,0.32,15.0,0.31,15.0,0.36,4.86,0.41,5.0,0.04,0.04,43.709205,1776181596000
1776181598.059,98.059,0.64,4.86,0.59,5.0,0.68,15.0,0.69,15.0,0.32,15.0,0.31,15.0,0.36,4.86,0.41,5.0,0.04,0.04,43.708709,1776181597000
1776181599.102,99.102,0.64,4.86,0.59,5.0,0.68,15.0,0.69,15.0,0.32,15.0,0.31,15.0,0.36,4.86,0.41,5.0,0.04,0.04,43.708968,1776181598000
1776181600.119,100.119,0.64,4.86,0.59,5.0,0.68,15.0,0.69,15.0,0.32,15.0,0.31,15.0,0.36,4.86,0.41,5.0,0.04,0.04,43.706882,1776181599000
1776181601.148,101.148,0.64,4.86,0.59,5.0,0.68,15.0,0.69,15.0,0.32,15.0,0.31,15.0,0.36,4.86,0.41,5.0,0.04,0.04,43.702802,1776181600000
1776181602.104,102.104,0.64,4.86,0.59,5.0,0.68,15.0,0.69,15.0,0.32,15.0,0.31,15.0,0.36,4.86,0.41,5.0,0.04,0.04,43.704114,1776181601000
1776181605.351,105.351,0.64,4.86,0.59,5.0,0.68,15.0,0.69,15.0,0.32,15.0,0.31,15.0,0.36,4.86,0.41,5.0,0.04,0.04,43.704101,1776181602000
1776181606.158,106.158,0.64,4.86,0.59,5.0,0.68,15.0,0.69,15.0,0.32,15.0,0.31,15.0,0.36,4.86,0.41,5.0,0.04,0.04,43.705444,1776181605000
1776181607.208,107.208,0.64,4.86,0.59,5.0,0.68,15.0,0.69,15.0,0.32,15.0,0.31,15.0,0.36,4.86,0.41,5.0,0.04,0.04,43.704833,1776181606000
1776181608.212,108.212,0.64,4.86,0.59,5.0,0.68,15.0,0.69,15.0,0.32,15.0,0.31,15.0,0.36,4.86,0.41,5.0,0.04,0.04,43.705974,1776181607000
1776181609.197,109.197,0.64,4.86,0.59,5.0,0.68,15.0,0.69,15.0,0.32,15.0,0.31,15.0,0.36,4.86,0.41,5.0,0.04,0.04,43.705021,1776181608000
1776181610.141,110.141,0.64,4.86,0.59,5.0,0.68,15.0,0.69,15.0,0.32,15.0,0.31,15.0,0.36,4.86,0.41,5.0,0.04,0.04,43.706339,1776181609000
1776181611.167,111.167,0.64,4.86,0.59,5.0,0.68,15.0,0.69,15.0,0.32,15.0,0.31,15.0,0.36,4.86,0.41,5.0,0.04,0.04,43.706887,1776181610000
1776181612.235,112.235,0.64,4.86,0.59,5.0,0.68,15.0,0.69,15.0,0.32,15.0,0.31,15.0,0.36,4.86,0.41,5.0,0.04,0.04,43.70611,1776181611000
1776181613.136,113.136,0.64,4.86,0.59,5.0,0.68,15.0,0.69,15.0,0.32,15.0,0.31,15.0,0.36,4.86,0.41,5.0,0.04,0.04,43.704928,1776181612000
1776181614.111,114.111,0.64,4.86,0.59,5.0,0.68,15.0,0.69,15.0,0.32,15.0,0.31,15.0,0.36,4.86,0.41,5.0,0.04,0.04,43.704462,1776181613000
1776181615.021,115.021,0.64,4.86,0.59,5.0,0.68,15.0,0.69,15.0,0.32,15.0,0.31,15.0,0.36,4.86,0.41,5.0,0.04,0.04,43.704462,1776181614000
1776181616.014,116.014,0.64,4.86,0.59,5.0,0.68,15.0,0.69,15.0,0.32,15.0,0.31,15.0,0.36,4.86,0.41,5.0,0.04,0.04,43.7036,1776181615000
1776181617.071,117.071,0.64,4.86,0.59,5.0,0.68,15.0,0.69,15.0,0.32,15.0,0.31,15.0,0.36,4.86,0.41,5.0,0.04,0.04,43.704346,1776181616000
1776181617.97,117.97,0.64,4.86,0.59,5.0,0.68,15.0,0.69,15.0,0.32,15.0,0.31,15.0,0.36,4.86,0.41,5.0,0.04,0.04,43.706471,1776181617000
1776181619.093,119.093,0.64,4.86,0.59,5.0,0.68,15.0,0.69,15.0,0.32,15.0,0.31,15.0,0.36,4.86,0.41,5.0,0.04,0.04,43.706459,1776181618000
1776181619.4,119.4,0.73,10.0,0.69,5.0,0.74,6.8,0.75,15.0,0.32,15.0,0.31,15.0,0.36,4.86,0.41,5.0,0.01,0.04,43.706459,1776181618000
1776181620.173,120.173,0.73,10.0,0.69,5.0,0.74,6.8,0.75,15.0,0.26,6.8,0.25,15.0,0.27,10.0,0.31,5.0,0.01,0.01,43.705777,1776181619000
1776181621.357,121.357,0.73,10.0,0.69,5.0,0.74,6.8,0.75,15.0,0.26,6.8,0.25,15.0,0.27,10.0,0.31,5.0,0.01,0.01,43.70525,1776181620000
1776181622.426,122.426,0.73,10.0,0.69,5.0,0.74,6.8,0.75,15.0,0.26,6.8,0.25,15.0,0.27,10.0,0.31,5.0,0.01,0.01,43.707136,1776181621000
1776181622.931,122.931,0.73,10.0,0.69,5.0,0.74,6.8,0.75,15.0,0.26,6.8,0.25,15.0,0.27,10.0,0.31,5.0,0.01,0.01,43.707136,1776181622000
1776181624.078,124.078,0.73,10.0,0.69,5.0,0.74,6.8,0.75,15.0,0.26,6.8,0.25,15.0,0.27,10.0,0.31,5.0,0.01,0.01,43.698882,1776181623000
1776181624.305,124.305,0.73,10.0,0.67,7.0,0.74,0.71,0.75,15.0,0.26,6.8,0.25,15.0,0.27,10.0,0.31,5.0,0.01,0.01,43.698882,1776181623000
1776181625.185,125.185,0.73,10.0,0.67,7.0,0.74,0.71,0.75,15.0,0.26,0.71,0.25,15.0,0.27,10.0,0.33,7.0,0.01,0.01,43.694753,1776181624000
1776181626.387,126.387,0.73,10.0,0.67,7.0,0.74,0.71,0.75,15.0,0.26,0.71,0.25,15.0,0.27,10.0,0.33,7.0,0.01,0.01,43.69748,1776181625000
1776181627.502,127.502,0.73,10.0,0.67,7.0,0.74,0.71,0.75,15.0,0.26,0.71,0.25,15.0,0.27,10.0,0.33,7.0,0.01,0.01,43.699267,1776181626000
1776181628.08,128.08,0.73,10.0,0.67,7.0,0.74,0.71,0.75,15.0,0.26,0.71,0.25,15.0,0.27,10.0,0.33,7.0,0.01,0.01,43.699267,1776181627000
1776181629.334,129.334,0.73,10.0,0.67,7.0,0.74,0.71,0.75,15.0,0.26,0.71,0.25,15.0,0.27,10.0,0.33,7.0,0.01,0.01,43.693004,1776181628000
1776181630.274,130.274,0.73,10.0,0.67,7.0,0.74,0.71,0.75,15.0,0.26,0.71,0.25,15.0,0.27,10.0,0.33,7.0,0.01,0.01,43.684974,1776181629000
1776181631.402,131.402,0.74,9.29,0.71,7.0,0.75,15.0,0.76,15.0,0.26,0.71,0.25,15.0,0.27,10.0,0.33,7.0,0.01,0.01,43.684974,1776181629000
1776181632.553,132.553,0.74,9.29,0.71,7.0,0.75,15.0,0.76,15.0,0.25,15.0,0.24,15.0,0.26,9.29,0.29,7.0,0.01,0.01,43.686765,1776181631000
1776181633.164,133.164,0.74,9.29,0.71,7.0,0.75,15.0,0.76,15.0,0.25,15.0,0.24,15.0,0.26,9.29,0.29,7.0,0.01,0.01,43.694904,1776181632000
1776181634.743,134.743,0.74,9.29,0.71,7.0,0.75,15.0,0.76,15.0,0.25,15.0,0.24,15.0,0.26,9.29,0.29,7.0,0.01,0.01,43.699995,1776181633000
1776181635.439,135.439,0.74,9.29,0.71,7.0,0.75,15.0,0.76,15.0,0.25,15.0,0.24,15.0,0.26,9.29,0.29,7.0,0.01,0.01,43.703285,1776181634000
1776181636.275,136.275,0.74,9.29,0.71,7.0,0.75,15.0,0.76,15.0,0.25,15.0,0.24,15.0,0.26,9.29,0.29,7.0,0.01,0.01,43.706617,1776181635000
1776181637.526,137.526,0.79,5.23,0.73,6.0,0.8,15.0,0.81,15.0,0.2,15.0,0.19,15.0,0.21,5.23,0.27,6.0,0.01,0.01,43.706405,1776181636000
1776181638.382,138.382,0.79,5.23,0.73,6.0,0.8,15.0,0.81,15.0,0.2,15.0,0.19,15.0,0.21,5.23,0.27,6.0,0.01,0.01,43.70855,1776181637000
1776181639.173,139.173,0.79,5.23,0.73,6.0,0.8,15.0,0.81,15.0,0.2,15.0,0.19,15.0,0.21,5.23,0.27,6.0,0.01,0.01,43.708797,1776181638000
1776181640.526,140.526,0.78,19.0,0.66,15.0,0.84,5.0,0.85,15.0,0.16,5.0,0.15,15.0,0.22,19.0,0.34,15.0,0.06,0.06,43.711362,1776181639000
1776181641.195,141.195,0.78,19.0,0.66,15.0,0.84,5.0,0.85,15.0,0.16,5.0,0.15,15.0,0.22,19.0,0.34,15.0,0.06,0.06,43.715286,1776181640000
1776181642.624,142.624,0.78,19.0,0.66,15.0,0.84,5.0,0.85,15.0,0.16,5.0,0.15,15.0,0.22,19.0,0.34,15.0,0.06,0.06,43.72287,1776181641000
1776181643.156,143.156,0.78,19.0,0.66,15.0,0.84,5.0,0.85,15.0,0.16,5.0,0.15,15.0,0.22,19.0,0.34,15.0,0.06,0.06,43.72647,1776181642000
1776181644.744,144.744,0.78,19.0,0.66,15.0,0.84,5.0,0.85,15.0,0.16,5.0,0.15,15.0,0.22,19.0,0.34,15.0,0.06,0.06,43.724888,1776181643000
1776181645.628,145.628,0.78,19.0,0.66,15.0,0.84,5.0,0.85,15.0,0.16,5.0,0.15,15.0,0.22,19.0,0.34,15.0,0.06,0.06,43.724839,1776181644000
1776181646.304,146.304,0.78,19.0,0.66,15.0,0.84,5.0,0.85,15.0,0.16,5.0,0.15,15.0,0.22,19.0,0.34,15.0,0.06,0.06,43.720885,1776181645000
1776181647.777,147.777,0.78,19.0,0.66,15.0,0.84,5.0,0.85,15.0,0.16,5.0,0.15,15.0,0.22,19.0,0.34,15.0,0.06,0.06,43.713419,1776181646000
1776181648.486,148.486,0.78,19.0,0.66,15.0,0.84,5.0,0.85,15.0,0.16,5.0,0.15,15.0,0.22,19.0,0.34,15.0,0.06,0.06,43.717082,1776181647000
1776181649.249,149.249,0.78,19.0,0.66,15.0,0.84,5.0,0.85,15.0,0.16,5.0,0.15,15.0,0.22,19.0,0.34,15.0,0.06,0.06,43.717727,1776181648000
1776181651.224,151.224,0.78,19.0,0.66,15.0,0.84,5.0,0.85,15.0,0.16,5.0,0.15,15.0,0.22,19.0,0.34,15.0,0.06,0.06,43.719016,1776181650000
1776181652.536,152.536,0.78,19.0,0.66,15.0,0.84,5.0,0.85,15.0,0.16,5.0,0.15,15.0,0.22,19.0,0.34,15.0,0.06,0.06,43.719258,1776181651000
1776181653.195,153.195,0.78,19.0,0.66,15.0,0.84,5.0,0.85,15.0,0.16,5.0,0.15,15.0,0.22,19.0,0.34,15.0,0.06,0.06,43.718775,1776181652000
1776181654.381,154.381,0.78,19.0,0.66,15.0,0.84,5.0,0.85,15.0,0.16,5.0,0.15,15.0,0.22,19.0,0.34,15.0,0.06,0.06,43.72106,1776181653000
1776181655.633,155.633,0.78,19.0,0.66,15.0,0.84,5.0,0.85,15.0,0.16,5.0,0.15,15.0,0.22,19.0,0.34,15.0,0.06,0.06,43.724716,1776181654000
1776181656.496,156.496,0.78,19.0,0.66,15.0,0.84,5.0,0.85,15.0,0.16,5.0,0.15,15.0,0.22,19.0,0.34,15.0,0.06,0.06,43.72438,1776181655000
1776181657.053,157.053,0.78,19.0,0.66,15.0,0.84,5.0,0.85,15.0,0.16,5.0,0.15,15.0,0.22,19.0,0.34,15.0,0.06,0.06,43.72438,1776181656000
1776181658.134,158.134,0.78,19.0,0.66,15.0,0.84,5.0,0.85,15.0,0.16,5.0,0.15,15.0,0.22,19.0,0.34,15.0,0.06,0.06,43.724162,1776181657000
1776181659.187,159.187,0.78,19.0,0.66,15.0,0.84,5.0,0.85,15.0,0.16,5.0,0.15,15.0,0.22,19.0,0.34,15.0,0.06,0.06,43.724246,1776181658000
1776181660.365,160.365,0.78,19.0,0.66,15.0,0.84,5.0,0.85,15.0,0.16,5.0,0.15,15.0,0.22,19.0,0.34,15.0,0.06,0.06,43.724185,1776181659000
1776181661.264,161.264,0.78,19.0,0.66,15.0,0.84,5.0,0.85,15.0,0.16,5.0,0.15,15.0,0.22,19.0,0.34,15.0,0.06,0.06,43.72439,1776181660000
1776181662.377,162.377,0.81,6.0,0.76,10.0,0.83,15.0,0.84,15.0,0.17,15.0,0.16,15.0,0.19,6.0,0.24,10.0,0.02,0.02,43.720406,1776181661000
1776181663.44,163.44,0.81,6.0,0.76,10.0,0.83,15.0,0.84,15.0,0.17,15.0,0.16,15.0,0.19,6.0,0.24,10.0,0.02,0.02,43.717747,1776181662000
1776181664.005,164.005,0.81,6.0,0.76,10.0,0.83,15.0,0.84,15.0,0.17,15.0,0.16,15.0,0.19,6.0,0.24,10.0,0.02,0.02,43.717196,1776181663000
1776181665.114,165.114,0.81,6.0,0.76,10.0,0.83,15.0,0.84,15.0,0.17,15.0,0.16,15.0,0.19,6.0,0.24,10.0,0.02,0.02,43.715434,1776181664000
1776181666.777,166.777,0.81,6.0,0.76,10.0,0.83,15.0,0.84,15.0,0.17,15.0,0.16,15.0,0.19,6.0,0.24,10.0,0.02,0.02,43.714198,1776181665000
1776181667.281,167.281,0.81,6.0,0.76,10.0,0.83,15.0,0.84,15.0,0.17,15.0,0.16,15.0,0.19,6.0,0.24,10.0,0.02,0.02,43.711035,1776181666000
1776181668.414,168.414,0.81,6.0,0.76,10.0,0.83,15.0,0.84,15.0,0.17,15.0,0.16,15.0,0.19,6.0,0.24,10.0,0.02,0.02,43.708964,1776181667000
1776181669.099,169.099,0.81,6.0,0.76,10.0,0.83,15.0,0.84,15.0,0.17,15.0,0.16,15.0,0.19,6.0,0.24,10.0,0.02,0.02,43.706116,1776181668000
1776181669.98,169.98,0.81,6.0,0.76,10.0,0.83,15.0,0.84,15.0,0.17,15.0,0.16,15.0,0.19,6.0,0.24,10.0,0.02,0.02,43.704796,1776181669000
1776181671.01,171.01,0.81,6.0,0.76,10.0,0.83,15.0,0.84,15.0,0.17,15.0,0.16,15.0,0.19,6.0,0.24,10.0,0.02,0.02,43.70332,1776181670000
1776181672.021,172.021,0.81,6.0,0.76,10.0,0.83,15.0,0.84,15.0,0.17,15.0,0.16,15.0,0.19,6.0,0.24,10.0,0.02,0.02,43.705454,1776181671000
1776181673.1,173.1,0.81,6.0,0.76,10.0,0.83,15.0,0.84,15.0,0.17,15.0,0.16,15.0,0.19,6.0,0.24,10.0,0.02,0.02,43.708573,1776181672000
1776181674.187,174.187,0.81,6.0,0.76,10.0,0.83,15.0,0.84,15.0,0.17,15.0,0.16,15.0,0.19,6.0,0.24,10.0,0.02,0.02,43.710591,1776181673000
1776181675.196,175.196,0.81,6.0,0.76,10.0,0.83,15.0,0.84,15.0,0.17,15.0,0.16,15.0,0.19,6.0,0.24,10.0,0.02,0.02,43.71696,1776181674000
1776181676.199,176.199,0.81,6.0,0.76,10.0,0.83,15.0,0.84,15.0,0.17,15.0,0.16,15.0,0.19,6.0,0.24,10.0,0.02,0.02,43.722537,1776181675000
1776181677.178,177.178,0.81,6.0,0.76,10.0,0.83,15.0,0.84,15.0,0.17,15.0,0.16,15.0,0.19,6.0,0.24,10.0,0.02,0.02,43.727783,1776181676000
1776181678.267,178.267,0.81,6.0,0.76,10.0,0.83,15.0,0.84,15.0,0.17,15.0,0.16,15.0,0.19,6.0,0.24,10.0,0.02,0.02,43.732668,1776181677000
1776181679.34,179.34,0.81,6.0,0.76,10.0,0.83,15.0,0.84,15.0,0.17,15.0,0.16,15.0,0.19,6.0,0.24,10.0,0.02,0.02,43.733523,1776181678000
1776181679.887,179.887,0.84,24.0,0.82,15.0,0.85,3.82,0.89,15.0,0.17,15.0,0.16,15.0,0.19,6.0,0.24,10.0,0.01,0.02,43.733523,1776181678000
1776181680.536,180.536,0.84,24.0,0.82,15.0,0.85,3.82,0.89,15.0,0.15,3.82,0.11,15.0,0.16,24.0,0.18,15.0,0.01,0.01,43.734091,1776181679000
1776181681.391,181.391,0.85,6.18,0.84,14.0,0.91,15.0,0.92,15.0,0.09,15.0,0.08,15.0,0.15,6.18,0.16,14.0,0.06,0.06,43.733706,1776181680000
1776181682.351,182.351,0.85,6.18,0.84,14.0,0.91,15.0,0.92,15.0,0.09,15.0,0.08,15.0,0.15,6.18,0.16,14.0,0.06,0.06,43.734057,1776181681000
1776181683.007,183.007,0.85,6.18,0.84,14.0,0.91,15.0,0.92,15.0,0.09,15.0,0.08,15.0,0.15,6.18,0.16,14.0,0.06,0.06,43.743522,1776181682000
1776181684.217,184.217,0.85,6.18,0.84,14.0,0.91,15.0,0.92,15.0,0.09,15.0,0.08,15.0,0.15,6.18,0.16,14.0,0.06,0.06,43.746564,1776181683000
1776181685.516,185.516,0.85,6.18,0.84,14.0,0.91,15.0,0.92,15.0,0.09,15.0,0.08,15.0,0.15,6.18,0.16,14.0,0.06,0.06,43.739927,1776181684000
1776181686.144,186.144,0.85,6.18,0.84,14.0,0.91,15.0,0.92,15.0,0.09,15.0,0.08,15.0,0.15,6.18,0.16,14.0,0.06,0.06,43.739456,1776181685000
1776181687.464,187.464,0.85,6.18,0.84,14.0,0.91,15.0,0.92,15.0,0.09,15.0,0.08,15.0,0.15,6.18,0.16,14.0,0.06,0.06,43.73714,1776181686000
1776181688.035,188.035,0.85,6.18,0.84,14.0,0.91,15.0,0.92,15.0,0.09,15.0,0.08,15.0,0.15,6.18,0.16,14.0,0.06,0.06,43.737276,1776181687000
1776181689.57,189.57,0.85,6.18,0.84,14.0,0.91,15.0,0.92,15.0,0.09,15.0,0.08,15.0,0.15,6.18,0.16,14.0,0.06,0.06,43.737306,1776181688000
1776181690.159,190.159,0.85,6.18,0.84,14.0,0.91,15.0,0.92,15.0,0.09,15.0,0.08,15.0,0.15,6.18,0.16,14.0,0.06,0.06,43.736922,1776181689000
1776181691.338,191.338,0.85,6.18,0.84,14.0,0.91,15.0,0.92,15.0,0.09,15.0,0.08,15.0,0.15,6.18,0.16,14.0,0.06,0.06,43.736222,1776181690000
1776181691.997,191.997,0.85,6.18,0.84,14.0,0.91,15.0,0.92,15.0,0.09,15.0,0.08,15.0,0.15,6.18,0.16,14.0,0.06,0.06,43.736222,1776181691000
1776181693.179,193.179,0.85,6.18,0.84,14.0,0.91,15.0,0.92,15.0,0.09,15.0,0.08,15.0,0.15,6.18,0.16,14.0,0.06,0.06,43.737577,1776181692000
1776181694.483,194.483,0.85,6.18,0.84,14.0,0.91,15.0,0.92,15.0,0.09,15.0,0.08,15.0,0.15,6.18,0.16,14.0,0.06,0.06,43.743833,1776181693000
1776181695.03,195.03,0.85,6.18,0.84,14.0,0.91,15.0,0.92,15.0,0.09,15.0,0.08,15.0,0.15,6.18,0.16,14.0,0.06,0.06,43.7512,1776181694000
1776181695.622,195.622,0.89,20.0,0.88,15.0,0.94,13.93,0.95,15.0,0.09,15.0,0.08,15.0,0.15,6.18,0.16,14.0,0.05,0.06,43.7512,1776181694000
1776181696.87,196.87,0.89,20.0,0.88,15.0,0.93,13.92,0.94,13.93,0.07,13.92,0.06,13.93,0.11,20.0,0.12,15.0,0.04,0.04,43.751984,1776181695000
1776181697.468,197.468,0.89,20.0,0.88,15.0,0.93,13.92,0.94,13.93,0.07,13.92,0.06,13.93,0.11,20.0,0.12,15.0,0.04,0.04,43.750626,1776181696000
1776181697.95,197.95,0.89,20.0,0.88,15.0,0.93,13.92,0.94,13.93,0.07,13.92,0.06,13.93,0.11,20.0,0.12,15.0,0.04,0.04,43.750985,1776181697000
1776181699.013,199.013,0.89,20.0,0.88,15.0,0.93,13.92,0.94,13.93,0.07,13.92,0.06,13.93,0.11,20.0,0.12,15.0,0.04,0.04,43.75231,1776181698000
1776181700.005,200.005,0.89,20.0,0.88,15.0,0.93,13.92,0.94,13.93,0.07,13.92,0.06,13.93,0.11,20.0,0.12,15.0,0.04,0.04,43.752628,1776181699000
1776181701.063,201.063,0.89,20.0,0.88,15.0,0.93,13.92,0.94,13.93,0.07,13.92,0.06,13.93,0.11,20.0,0.12,15.0,0.04,0.04,43.754043,1776181700000
1776181702.024,202.024,0.89,20.0,0.88,15.0,0.93,13.92,0.94,13.93,0.07,13.92,0.06,13.93,0.11,20.0,0.12,15.0,0.04,0.04,43.754433,1776181701000
1776181702.979,202.979,0.89,20.0,0.88,15.0,0.93,13.92,0.94,13.93,0.07,13.92,0.06,13.93,0.11,20.0,0.12,15.0,0.04,0.04,43.754531,1776181702000
1776181703.981,203.981,0.89,20.0,0.88,15.0,0.93,13.92,0.94,13.93,0.07,13.92,0.06,13.93,0.11,20.0,0.12,15.0,0.04,0.04,43.753886,1776181703000
1776181705.08,205.08,0.94,15.0,0.93,20.0,0.96,3.95,0.97,15.0,0.04,3.95,0.03,15.0,0.06,15.0,0.07,20.0,0.02,0.02,43.755159,1776181704000
1776181705.358,205.358,0.94,15.0,0.93,20.0,0.96,0.82,0.97,15.0,0.04,3.95,0.03,15.0,0.06,15.0,0.07,20.0,0.02,0.02,43.755159,1776181704000
1776181706.011,206.011,0.94,15.0,0.93,20.0,0.96,0.82,0.97,15.0,0.04,0.82,0.03,15.0,0.06,15.0,0.07,20.0,0.02,0.02,43.756935,1776181705000
1776181707.212,207.212,0.94,15.0,0.93,20.0,0.96,0.82,0.97,15.0,0.04,0.82,0.03,15.0,0.06,15.0,0.07,20.0,0.02,0.02,43.758545,1776181706000
1776181707.706,207.706,0.93,5.0,0.92,15.0,0.96,5.41,0.97,15.0,0.04,0.82,0.03,15.0,0.06,15.0,0.07,20.0,0.03,0.02,43.758545,1776181706000
1776181708.053,208.053,0.93,5.0,0.92,15.0,0.96,5.41,0.97,15.0,0.04,5.41,0.03,15.0,0.07,5.0,0.08,15.0,0.03,0.03,43.756216,1776181707000
1776181709.103,209.103,0.93,5.0,0.92,15.0,0.96,5.41,0.97,15.0,0.04,5.41,0.03,15.0,0.07,5.0,0.08,15.0,0.03,0.03,43.753883,1776181708000
1776181710.011,210.011,0.93,5.0,0.92,15.0,0.96,5.41,0.97,15.0,0.04,5.41,0.03,15.0,0.07,5.0,0.08,15.0,0.03,0.03,43.754375,1776181709000
1776181710.967,210.967,0.93,5.0,0.92,15.0,0.96,5.41,0.97,15.0,0.04,5.41,0.03,15.0,0.07,5.0,0.08,15.0,0.03,0.03,43.75511,1776181710000
1776181711.248,211.248,0.93,20.0,0.92,15.0,0.96,9.95,0.97,15.0,0.04,5.41,0.03,15.0,0.07,5.0,0.08,15.0,0.03,0.03,43.75511,1776181710000
1776181711.944,211.944,0.93,20.0,0.92,15.0,0.96,4.9,0.97,15.0,0.04,4.9,0.03,15.0,0.07,20.0,0.08,15.0,0.03,0.03,43.754807,1776181711000
1776181712.873,212.873,0.93,20.0,0.92,15.0,0.96,4.9,0.97,15.0,0.04,4.9,0.03,15.0,0.07,20.0,0.08,15.0,0.03,0.03,43.751733,1776181712000
1776181714.314,214.314,0.93,20.0,0.92,15.0,0.96,4.9,0.97,15.0,0.04,4.9,0.03,15.0,0.07,20.0,0.08,15.0,0.03,0.03,43.752362,1776181713000
1776181715.276,215.276,0.93,20.0,0.92,15.0,0.96,4.9,0.97,15.0,0.04,4.9,0.03,15.0,0.07,20.0,0.08,15.0,0.03,0.03,43.752453,1776181714000
1776181716.299,216.299,0.93,20.0,0.92,15.0,0.96,4.9,0.97,15.0,0.04,4.9,0.03,15.0,0.07,20.0,0.08,15.0,0.03,0.03,43.753474,1776181715000
1776181717.2,217.2,0.93,20.0,0.92,15.0,0.96,4.9,0.97,15.0,0.04,4.9,0.03,15.0,0.07,20.0,0.08,15.0,0.03,0.03,43.75643,1776181716000
1776181718.165,218.165,0.93,20.0,0.92,15.0,0.96,4.9,0.97,15.0,0.04,4.9,0.03,15.0,0.07,20.0,0.08,15.0,0.03,0.03,43.759682,1776181717000
1776181719.096,219.096,0.93,20.0,0.92,15.0,0.96,4.9,0.97,15.0,0.04,4.9,0.03,15.0,0.07,20.0,0.08,15.0,0.03,0.03,43.759399,1776181718000
1776181720.04,220.04,0.93,20.0,0.92,15.0,0.96,4.9,0.97,15.0,0.04,4.9,0.03,15.0,0.07,20.0,0.08,15.0,0.03,0.03,43.759438,1776181719000
1776181721.034,221.034,0.93,20.0,0.92,15.0,0.96,4.9,0.97,15.0,0.04,4.9,0.03,15.0,0.07,20.0,0.08,15.0,0.03,0.03,43.759781,1776181720000
1776181722.545,222.545,0.93,20.0,0.92,15.0,0.96,4.9,0.97,15.0,0.04,4.9,0.03,15.0,0.07,20.0,0.08,15.0,0.03,0.03,43.760882,1776181721000
1776181723.121,223.121,0.93,20.0,0.92,15.0,0.96,4.9,0.97,15.0,0.04,4.9,0.03,15.0,0.07,20.0,0.08,15.0,0.03,0.03,43.761274,1776181722000
1776181724.193,224.193,0.93,20.0,0.92,15.0,0.96,4.9,0.97,15.0,0.04,4.9,0.03,15.0,0.07,20.0,0.08,15.0,0.03,0.03,43.759627,1776181723000
1776181725.26,225.26,0.93,20.0,0.92,15.0,0.96,4.9,0.97,15.0,0.04,4.9,0.03,15.0,0.07,20.0,0.08,15.0,0.03,0.03,43.759627,1776181724000
1776181725.978,225.978,0.93,20.0,0.92,15.0,0.96,4.9,0.97,15.0,0.04,4.9,0.03,15.0,0.07,20.0,0.08,15.0,0.03,0.03,43.759577,1776181725000
1776181727.096,227.096,0.93,20.0,0.92,15.0,0.96,4.9,0.97,15.0,0.04,4.9,0.03,15.0,0.07,20.0,0.08,15.0,0.03,0.03,43.758194,1776181726000
1776181728.019,228.019,0.96,15.0,0.95,15.0,0.98,6.93,0.99,300.36,0.04,4.9,0.03,15.0,0.07,20.0,0.08,15.0,0.02,0.03,43.758194,1776181726000
1776181728.228,228.228,0.96,15.0,0.95,15.0,0.98,6.93,0.99,300.36,0.02,6.93,0.01,300.36,0.04,15.0,0.05,15.0,0.02,0.02,43.760292,1776181727000
1776181729.065,229.065,0.96,15.0,0.95,15.0,0.99,297.11,,,0.02,6.93,0.01,300.36,0.04,15.0,0.05,15.0,0.03,0.02,43.760292,1776181727000
1776181729.373,229.373,0.96,15.0,0.95,15.0,0.99,297.11,,,0.01,297.11,,,0.04,15.0,0.05,15.0,0.03,0.03,43.760292,1776181728000
1776181729.615,229.615,0.96,15.0,0.95,15.0,0.99,262.11,,,0.01,292.11,,,0.04,15.0,0.05,15.0,0.03,0.03,43.760292,1776181728000
1776181730.448,230.448,0.96,15.0,0.95,15.0,0.99,262.11,,,0.01,262.11,,,0.04,15.0,0.05,15.0,0.03,0.03,43.760342,1776181729000
1776181731.007,231.007,0.96,15.0,0.95,15.0,0.99,262.11,,,0.01,262.11,,,0.04,15.0,0.05,15.0,0.03,0.03,43.760735,1776181730000
1776181732.097,232.097,0.96,15.0,0.95,15.0,0.99,262.11,,,0.01,262.11,,,0.04,15.0,0.05,15.0,0.03,0.03,43.760587,1776181731000
1776181733.145,233.145,0.96,15.0,0.95,15.0,0.99,262.11,,,0.01,262.11,,,0.04,15.0,0.05,15.0,0.03,0.03,43.759627,1776181732000
1776181734.302,234.302,0.96,15.0,0.95,15.0,0.99,262.11,,,0.01,262.11,,,0.04,15.0,0.05,15.0,0.03,0.03,43.761381,1776181733000
1776181734.877,234.877,0.96,15.0,0.95,15.0,0.99,262.11,,,0.01,262.11,,,0.04,15.0,0.05,15.0,0.03,0.03,43.762797,1776181734000
1776181735.972,235.972,0.96,15.0,0.95,15.0,0.99,262.11,,,0.01,262.11,,,0.04,15.0,0.05,15.0,0.03,0.03,43.764779,1776181735000
1776181737.401,237.401,0.96,15.0,0.95,15.0,0.99,262.11,,,0.01,262.11,,,0.04,15.0,0.05,15.0,0.03,0.03,43.764774,1776181736000
1776181737.989,237.989,0.98,15.0,0.97,15.0,0.99,259.07,,,0.01,259.07,,,0.02,15.0,0.03,15.0,0.01,0.01,43.764774,1776181737000
1776181738.917,238.917,0.98,15.0,0.97,15.0,0.99,259.07,,,0.01,259.07,,,0.02,15.0,0.03,15.0,0.01,0.01,43.765333,1776181738000
1776181739.902,239.902,0.98,15.0,0.97,15.0,0.99,259.07,,,0.01,259.07,,,0.02,15.0,0.03,15.0,0.01,0.01,43.766225,1776181739000
1776181740.487,240.487,0.98,15.0,0.97,15.0,0.99,210.74,,,0.01,259.07,,,0.02,15.0,0.03,15.0,0.01,0.01,43.766225,1776181739000
1776181740.942,240.942,0.98,15.0,0.97,15.0,0.99,210.74,,,0.01,210.74,,,0.02,15.0,0.03,15.0,0.01,0.01,43.769773,1776181740000
1776181741.76,241.76,0.98,15.0,0.97,15.0,0.99,205.68,,,0.01,210.74,,,0.02,15.0,0.03,15.0,0.01,0.01,43.769773,1776181740000
1776181742.085,242.085,0.98,15.0,0.97,15.0,0.99,205.68,,,0.01,205.68,,,0.02,15.0,0.03,15.0,0.01,0.01,43.770778,1776181741000
1776181743.203,243.203,0.98,15.0,0.97,15.0,0.99,205.68,,,0.01,205.68,,,0.02,15.0,0.03,15.0,0.01,0.01,43.772582,1776181742000
1776181743.653,243.653,0.98,15.0,0.97,15.0,0.99,177.8,,,0.01,205.68,,,0.02,15.0,0.03,15.0,0.01,0.01,43.772582,1776181742000
1776181744.243,244.243,0.98,15.0,0.97,15.0,0.99,177.8,,,0.01,177.8,,,0.02,15.0,0.03,15.0,0.01,0.01,43.773833,1776181743000
1776181745.229,245.229,0.98,15.0,0.97,15.0,0.99,177.8,,,0.01,177.8,,,0.02,15.0,0.03,15.0,0.01,0.01,43.777474,1776181744000
1776181746.292,246.292,0.98,15.0,0.97,15.0,0.99,177.8,,,0.01,177.8,,,0.02,15.0,0.03,15.0,0.01,0.01,43.777474,1776181745000
1776181747.36,247.36,0.98,15.0,0.97,15.0,0.99,177.8,,,0.01,177.8,,,0.02,15.0,0.03,15.0,0.01,0.01,43.780105,1776181746000
1776181748.535,248.535,0.98,15.0,0.97,15.0,0.99,177.8,,,0.01,177.8,,,0.02,15.0,0.03,15.0,0.01,0.01,43.777552,1776181747000
1776181749.019,249.019,0.98,15.0,0.97,15.0,0.99,177.8,,,0.01,177.8,,,0.02,15.0,0.03,15.0,0.01,0.01,43.777312,1776181748000
1776181750.686,250.686,0.98,15.0,0.97,15.0,0.99,177.8,,,0.01,177.8,,,0.02,15.0,0.03,15.0,0.01,0.01,43.776722,1776181749000
1776181751.193,251.193,0.98,15.0,0.97,15.0,0.99,177.8,,,0.01,177.8,,,0.02,15.0,0.03,15.0,0.01,0.01,43.775203,1776181750000
1776181752.096,252.096,0.98,15.0,0.97,15.0,0.99,177.8,,,0.01,177.8,,,0.02,15.0,0.03,15.0,0.01,0.01,43.774914,1776181751000
1776181753.147,253.147,0.98,15.0,0.97,15.0,0.99,177.8,,,0.01,177.8,,,0.02,15.0,0.03,15.0,0.01,0.01,43.774063,1776181752000
1776181754.138,254.138,0.98,15.0,0.97,15.0,0.99,177.8,,,0.01,177.8,,,0.02,15.0,0.03,15.0,0.01,0.01,43.771652,1776181753000
1776181755.096,255.096,0.98,15.0,0.97,15.0,0.99,177.8,,,0.01,177.8,,,0.02,15.0,0.03,15.0,0.01,0.01,43.772872,1776181754000
1776181756.122,256.122,0.98,15.0,0.97,15.0,0.99,177.8,,,0.01,177.8,,,0.02,15.0,0.03,15.0,0.01,0.01,43.771173,1776181755000
1776181757.182,257.182,0.98,15.0,0.97,15.0,0.99,177.8,,,0.01,177.8,,,0.02,15.0,0.03,15.0,0.01,0.01,43.770889,1776181756000
1776181758.106,258.106,0.98,15.0,0.97,15.0,0.99,177.8,,,0.01,177.8,,,0.02,15.0,0.03,15.0,0.01,0.01,43.771013,1776181757000
1776181759.05,259.05,0.98,15.0,0.97,15.0,0.99,177.8,,,0.01,177.8,,,0.02,15.0,0.03,15.0,0.01,0.01,43.7711,1776181758000
1776181760.134,260.134,0.98,15.0,0.97,15.0,0.99,177.8,,,0.01,177.8,,,0.02,15.0,0.03,15.0,0.01,0.01,43.776181,1776181759000
1776181761.116,261.116,0.98,15.0,0.97,15.0,0.99,177.8,,,0.01,177.8,,,0.02,15.0,0.03,15.0,0.01,0.01,43.78096,1776181760000
1776181761.515,261.515,0.98,15.0,0.97,15.0,0.99,76.8,,,0.01,177.8,,,0.02,15.0,0.03,15.0,0.01,0.01,43.78096,1776181760000
1776181762.105,262.105,0.98,15.0,0.97,15.0,0.99,76.8,,,0.01,76.8,,,0.02,15.0,0.03,15.0,0.01,0.01,43.784126,1776181761000
1776181763.395,263.395,0.98,15.0,0.97,15.0,0.99,54.83,,,0.01,66.7,,,0.02,15.0,0.03,15.0,0.01,0.01,43.784126,1776181761000
1776181763.959,263.959,0.98,15.0,0.97,15.0,0.99,34.83,,,0.01,54.83,,,0.02,15.0,0.03,15.0,0.01,0.01,43.781015,1776181762000
1776181765.073,265.073,0.98,15.0,0.97,15.0,0.99,34.83,,,0.01,34.83,,,0.02,15.0,0.03,15.0,0.01,0.01,43.780539,1776181764000
1776181765.482,265.482,0.98,15.0,0.97,15.0,0.99,19.83,,,0.01,34.83,,,0.02,15.0,0.03,15.0,0.01,0.01,43.780539,1776181764000
1776181766.116,266.116,0.98,15.0,0.97,15.0,0.99,19.83,,,0.01,19.83,,,0.02,15.0,0.03,15.0,0.01,0.01,43.780383,1776181765000
1776181767.292,267.292,0.98,15.0,0.97,15.0,0.99,19.83,,,0.01,19.83,,,0.02,15.0,0.03,15.0,0.01,0.01,43.780394,1776181766000
1776181768.317,268.317,0.98,15.0,0.97,15.0,0.99,19.83,,,0.01,19.83,,,0.02,15.0,0.03,15.0,0.01,0.01,43.779705,1776181767000
1776181769.343,269.343,0.98,15.0,0.97,15.0,0.99,19.83,,,0.01,19.83,,,0.02,15.0,0.03,15.0,0.01,0.01,43.775917,1776181768000
1776181770.4,270.4,0.98,15.0,0.97,15.0,0.99,19.83,,,0.01,19.83,,,0.02,15.0,0.03,15.0,0.01,0.01,43.776494,1776181769000
1776181770.629,270.629,0.98,15.0,0.97,15.0,0.99,14.78,,,0.01,19.83,,,0.02,15.0,0.03,15.0,0.01,0.01,43.776494,1776181769000
1776181771.069,271.069,0.98,15.0,0.97,15.0,,,,,,,,,0.02,15.0,0.03,15.0,,,43.776422,1776181770000
1776181772.111,272.111,0.98,15.0,0.97,15.0,,,,,,,,,0.02,15.0,0.03,15.0,,,43.776681,1776181771000
1776181773.183,273.183,0.98,15.0,0.97,15.0,,,,,,,,,0.02,15.0,0.03,15.0,,,43.776451,1776181772000
1776181774.259,274.259,0.98,15.0,0.97,15.0,,,,,,,,,0.02,15.0,0.03,15.0,,,43.778366,1776181773000
1776181775.399,275.399,0.98,15.0,0.97,15.0,,,,,,,,,0.02,15.0,0.03,15.0,,,43.783458,1776181774000
1776181776.0,276.0,0.98,15.0,0.97,15.0,,,,,,,,,0.02,15.0,0.03,15.0,,,43.783458,1776181775000
1776181777.704,277.704,0.98,15.0,0.97,15.0,,,,,,,,,0.02,15.0,0.03,15.0,,,43.783501,1776181776000
1776181778.357,278.357,0.98,15.0,0.97,15.0,,,,,,,,,0.02,15.0,0.03,15.0,,,43.783343,1776181777000
1776181779.359,279.359,0.98,15.0,0.97,15.0,,,,,,,,,0.02,15.0,0.03,15.0,,,43.782288,1776181778000
1776181780.745,280.745,0.98,15.0,0.97,15.0,,,,,,,,,0.02,15.0,0.03,15.0,,,43.781469,1776181779000
1776181781.577,281.577,0.98,15.0,0.97,15.0,,,,,,,,,0.02,15.0,0.03,15.0,,,43.78062,1776181780000
1776181782.157,282.157,0.98,15.0,0.97,15.0,,,,,,,,,0.02,15.0,0.03,15.0,,,43.780591,1776181781000
1776181783.708,283.708,0.98,15.0,0.97,15.0,,,,,,,,,0.02,15.0,0.03,15.0,,,43.780979,1776181782000
1776181785.221,285.221,0.98,15.0,0.97,15.0,,,,,,,,,0.02,15.0,0.03,15.0,,,43.77815,1776181783000
1776181785.725,285.725,0.98,15.0,0.97,15.0,,,,,,,,,0.02,15.0,0.03,15.0,,,43.779628,1776181784000
1776181786.524,286.524,0.98,15.0,0.97,15.0,,,,,,,,,0.02,15.0,0.03,15.0,,,43.779751,1776181785000
1776181787.312,287.312,0.98,15.0,0.97,15.0,,,,,,,,,0.02,15.0,0.03,15.0,,,43.779946,1776181786000
1776181788.608,288.608,0.98,15.0,0.97,15.0,,,,,,,,,0.02,15.0,0.03,15.0,,,43.778072,1776181787000
1776181789.417,289.417,0.98,15.0,0.97,15.0,,,,,,,,,0.02,15.0,0.03,15.0,,,43.778073,1776181788000
1776181790.133,290.133,0.98,15.0,0.97,15.0,,,,,,,,,0.02,15.0,0.03,15.0,,,43.778055,1776181789000
1776181791.452,291.452,0.98,15.0,0.97,15.0,,,,,,,,,0.02,15.0,0.03,15.0,,,43.778073,1776181790000
1776181792.078,292.078,0.98,15.0,0.97,15.0,,,,,,,,,0.02,15.0,0.03,15.0,,,43.780374,1776181791000
1776181793.634,293.634,0.98,15.0,0.97,15.0,,,,,,,,,0.02,15.0,0.03,15.0,,,43.780503,1776181792000
1776181794.263,294.263,0.98,15.0,0.97,15.0,,,,,,,,,0.02,15.0,0.03,15.0,,,43.782449,1776181793000
1776181795.618,295.618,0.98,15.0,0.97,15.0,,,,,,,,,0.02,15.0,0.03,15.0,,,43.78604,1776181794000
1776181796.432,296.432,0.98,15.0,0.97,15.0,,,,,,,,,0.02,15.0,0.03,15.0,,,43.78604,1776181795000
1776181796.952,296.952,0.98,15.0,0.97,15.0,,,,,,,,,0.02,15.0,0.03,15.0,,,43.786039,1776181796000
1776181797.984,297.984,0.98,15.0,0.97,15.0,,,,,,,,,0.02,15.0,0.03,15.0,,,43.786645,1776181797000
1776181798.884,298.884,0.98,15.0,0.97,15.0,,,,,,,,,0.02,15.0,0.03,15.0,,,43.789899,1776181798000
1776181800.283,300.283,0.98,15.0,0.97,15.0,,,,,,,,,0.02,15.0,0.03,15.0,,,43.801012,1776181799000
1776181801.224,301.224,0.98,15.0,0.97,15.0,,,,,,,,,0.02,15.0,0.03,15.0,,,43.802862,1776181800000
1776181802.222,302.222,0.98,15.0,0.97,15.0,,,,,,,,,0.02,15.0,0.03,15.0,,,43.803913,1776181801000

# RESULT,winner=Up,slug=hype-updown-5m-1776181500,ticks=315
