timestamp,elapsed_sec,up_bid_p1,up_bid_s1,up_bid_p2,up_bid_s2,up_ask_p1,up_ask_s1,up_ask_p2,up_ask_s2,down_bid_p1,down_bid_s1,down_bid_p2,down_bid_s2,down_ask_p1,down_ask_s1,down_ask_p2,down_ask_s2,up_spread,down_spread,hype_price,hype_oracle_ts
1776200411.127,11.127,,,,,,,,,,,,,,,,,,,43.142818,1776200410000
1776200411.337,11.337,0.48,10.0,0.47,5.0,0.65,10.0,0.71,5.0,0.35,10.0,0.29,5.0,0.52,10.0,0.53,5.0,0.17,0.17,43.142818,1776200410000
1776200411.674,11.674,0.48,10.0,0.47,5.0,0.65,10.0,0.71,5.0,0.35,10.0,0.29,5.0,0.52,10.0,0.53,5.0,0.17,0.17,43.142818,1776200410000
1776200412.065,12.065,0.48,10.0,0.47,5.0,0.65,10.0,0.71,5.0,0.35,10.0,0.29,5.0,0.52,10.0,0.53,5.0,0.17,0.17,43.141662,1776200411000
1776200413.091,13.091,0.48,10.0,0.47,5.0,0.65,10.0,0.71,5.0,0.35,10.0,0.29,5.0,0.52,10.0,0.53,5.0,0.17,0.17,43.14169,1776200412000
1776200414.12,14.12,0.48,10.0,0.47,5.0,0.65,10.0,0.71,5.0,0.35,10.0,0.29,5.0,0.52,10.0,0.53,5.0,0.17,0.17,43.141517,1776200413000
1776200415.28,15.28,0.48,10.0,0.47,5.0,0.65,10.0,0.71,5.0,0.35,10.0,0.29,5.0,0.52,10.0,0.53,5.0,0.17,0.17,43.141689,1776200414000
1776200416.351,16.351,0.48,10.0,0.47,5.0,0.65,10.0,0.71,5.0,0.35,10.0,0.29,5.0,0.52,10.0,0.53,5.0,0.17,0.17,43.14443,1776200415000
1776200417.333,17.333,0.48,10.0,0.47,5.0,0.65,10.0,0.71,5.0,0.35,10.0,0.29,5.0,0.52,10.0,0.53,5.0,0.17,0.17,43.14469,1776200416000
1776200418.021,18.021,0.48,10.0,0.47,5.0,0.65,10.0,0.71,5.0,0.35,10.0,0.29,5.0,0.52,10.0,0.53,5.0,0.17,0.17,43.144231,1776200417000
1776200419.115,19.115,0.48,10.0,0.47,5.0,0.65,10.0,0.71,5.0,0.35,10.0,0.29,5.0,0.52,10.0,0.53,5.0,0.17,0.17,43.144231,1776200418000
1776200420.808,20.808,0.48,10.0,0.47,5.0,0.65,10.0,0.71,5.0,0.35,10.0,0.29,5.0,0.52,10.0,0.53,5.0,0.17,0.17,43.144718,1776200419000
1776200421.575,21.575,0.48,10.0,0.47,5.0,0.65,10.0,0.71,5.0,0.35,10.0,0.29,5.0,0.52,10.0,0.53,5.0,0.17,0.17,43.144263,1776200420000
1776200422.092,22.092,0.45,10.0,0.43,5.0,0.68,0.66,0.69,5.0,0.35,10.0,0.29,5.0,0.52,10.0,0.53,5.0,0.23,0.17,43.144263,1776200420000
1776200422.47,22.47,0.45,10.0,0.43,5.0,0.68,0.66,0.69,5.0,0.32,0.66,0.31,5.0,0.55,10.0,0.57,5.0,0.23,0.23,43.144261,1776200421000
1776200423.656,23.656,0.45,10.0,0.43,5.0,0.68,0.66,0.69,5.0,0.32,0.66,0.31,5.0,0.55,10.0,0.57,5.0,0.23,0.23,43.142185,1776200422000
1776200424.285,24.285,0.45,10.0,0.43,5.0,0.68,0.66,0.69,5.0,0.32,0.66,0.31,5.0,0.55,10.0,0.57,5.0,0.23,0.23,43.135339,1776200423000
1776200425.478,25.478,0.45,10.0,0.43,5.0,0.68,0.66,0.69,5.0,0.32,0.66,0.31,5.0,0.55,10.0,0.57,5.0,0.23,0.23,43.134129,1776200424000
1776200426.146,26.146,0.45,10.0,0.43,5.0,0.68,0.66,0.69,5.0,0.32,0.66,0.31,5.0,0.55,10.0,0.57,5.0,0.23,0.23,43.134129,1776200425000
1776200427.457,27.457,0.45,10.0,0.43,5.0,0.68,0.66,0.69,5.0,0.32,0.66,0.31,5.0,0.55,10.0,0.57,5.0,0.23,0.23,43.134785,1776200426000
1776200428.068,28.068,0.45,10.0,0.43,5.0,0.68,0.66,0.69,5.0,0.32,0.66,0.31,5.0,0.55,10.0,0.57,5.0,0.23,0.23,43.134785,1776200427000
1776200429.465,29.465,0.45,10.0,0.43,5.0,0.68,0.66,0.69,5.0,0.32,0.66,0.31,5.0,0.55,10.0,0.57,5.0,0.23,0.23,43.13116,1776200428000
1776200430.273,30.273,0.45,10.0,0.43,5.0,0.68,0.66,0.69,5.0,0.32,0.66,0.31,5.0,0.55,10.0,0.57,5.0,0.23,0.23,43.13116,1776200429000
1776200431.808,31.808,0.45,10.0,0.43,5.0,0.68,0.66,0.69,5.0,0.32,0.66,0.31,5.0,0.55,10.0,0.57,5.0,0.23,0.23,43.133938,1776200430000
1776200432.412,32.412,0.45,10.0,0.43,5.0,0.68,0.66,0.69,5.0,0.32,0.66,0.31,5.0,0.55,10.0,0.57,5.0,0.23,0.23,43.133765,1776200431000
1776200433.234,33.234,0.45,10.0,0.43,5.0,0.68,0.66,0.69,5.0,0.32,0.66,0.31,5.0,0.55,10.0,0.57,5.0,0.23,0.23,43.133765,1776200432000
1776200434.528,34.528,0.45,10.0,0.43,5.0,0.68,0.66,0.69,5.0,0.32,0.66,0.31,5.0,0.55,10.0,0.57,5.0,0.23,0.23,43.132976,1776200433000
1776200435.291,35.291,0.45,10.0,0.43,5.0,0.68,0.66,0.69,5.0,0.32,0.66,0.31,5.0,0.55,10.0,0.57,5.0,0.23,0.23,43.132976,1776200434000
1776200436.626,36.626,0.45,10.0,0.43,5.0,0.68,0.66,0.69,5.0,0.32,0.66,0.31,5.0,0.55,10.0,0.57,5.0,0.23,0.23,43.131248,1776200435000
1776200437.475,37.475,0.45,10.0,0.43,5.0,0.68,0.66,0.69,5.0,0.32,0.66,0.31,5.0,0.55,10.0,0.57,5.0,0.23,0.23,43.129206,1776200436000
1776200438.474,38.474,0.45,10.0,0.43,5.0,0.68,0.66,0.69,5.0,0.32,0.66,0.31,5.0,0.55,10.0,0.57,5.0,0.23,0.23,43.128972,1776200437000
1776200439.097,39.097,0.45,10.0,0.43,5.0,0.68,0.66,0.69,5.0,0.32,0.66,0.31,5.0,0.55,10.0,0.57,5.0,0.23,0.23,43.128276,1776200438000
1776200440.117,40.117,0.45,10.0,0.43,5.0,0.68,0.66,0.69,5.0,0.32,0.66,0.31,5.0,0.55,10.0,0.57,5.0,0.23,0.23,43.124632,1776200439000
1776200441.281,41.281,0.45,10.0,0.43,5.0,0.68,0.66,0.69,5.0,0.32,0.66,0.31,5.0,0.55,10.0,0.57,5.0,0.23,0.23,43.123969,1776200440000
1776200442.205,42.205,0.45,10.0,0.43,5.0,0.68,0.66,0.69,5.0,0.32,0.66,0.31,5.0,0.55,10.0,0.57,5.0,0.23,0.23,43.123241,1776200441000
1776200443.234,43.234,0.45,10.0,0.43,5.0,0.68,0.66,0.69,5.0,0.32,0.66,0.31,5.0,0.55,10.0,0.57,5.0,0.23,0.23,43.123242,1776200442000
1776200444.384,44.384,0.45,10.0,0.43,5.0,0.68,0.66,0.69,5.0,0.32,0.66,0.31,5.0,0.55,10.0,0.57,5.0,0.23,0.23,43.123621,1776200443000
1776200445.357,45.357,0.45,10.0,0.43,5.0,0.68,0.66,0.69,5.0,0.32,0.66,0.31,5.0,0.55,10.0,0.57,5.0,0.23,0.23,43.123702,1776200444000
1776200446.371,46.371,0.45,10.0,0.43,5.0,0.68,0.66,0.69,5.0,0.32,0.66,0.31,5.0,0.55,10.0,0.57,5.0,0.23,0.23,43.127228,1776200445000
1776200446.907,46.907,0.45,10.0,0.43,5.0,0.68,0.66,0.69,5.0,0.32,0.66,0.31,5.0,0.55,10.0,0.57,5.0,0.23,0.23,43.127328,1776200446000
1776200447.947,47.947,0.45,10.0,0.43,5.0,0.68,0.66,0.69,5.0,0.32,0.66,0.31,5.0,0.55,10.0,0.57,5.0,0.23,0.23,43.126022,1776200447000
1776200448.966,48.966,0.45,10.0,0.43,5.0,0.68,0.66,0.69,5.0,0.32,0.66,0.31,5.0,0.55,10.0,0.57,5.0,0.23,0.23,43.124999,1776200448000
1776200450.078,50.078,0.45,10.0,0.43,5.0,0.68,0.66,0.69,5.0,0.32,0.66,0.31,5.0,0.55,10.0,0.57,5.0,0.23,0.23,43.12543,1776200449000
1776200451.04,51.04,0.45,10.0,0.43,5.0,0.68,0.66,0.69,5.0,0.32,0.66,0.31,5.0,0.55,10.0,0.57,5.0,0.23,0.23,43.125856,1776200450000
1776200452.985,52.985,0.45,10.0,0.43,5.0,0.68,0.66,0.69,5.0,0.32,0.66,0.31,5.0,0.55,10.0,0.57,5.0,0.23,0.23,43.125662,1776200451000
1776200454.08,54.08,0.45,10.0,0.43,5.0,0.68,0.66,0.69,5.0,0.32,0.66,0.31,5.0,0.55,10.0,0.57,5.0,0.23,0.23,43.12578,1776200452000
1776200455.149,55.149,0.45,10.0,0.43,5.0,0.68,0.66,0.69,5.0,0.32,0.66,0.31,5.0,0.55,10.0,0.57,5.0,0.23,0.23,43.122264,1776200453000
1776200455.93,55.93,0.45,10.0,0.43,5.0,0.68,0.66,0.69,5.0,0.32,0.66,0.31,5.0,0.55,10.0,0.57,5.0,0.23,0.23,43.122264,1776200454000
1776200456.882,56.882,0.45,10.0,0.43,5.0,0.68,0.66,0.69,5.0,0.32,0.66,0.31,5.0,0.55,10.0,0.57,5.0,0.23,0.23,43.121862,1776200455000
1776200457.652,57.652,0.45,10.0,0.43,5.0,0.68,0.66,0.69,5.0,0.32,0.66,0.31,5.0,0.55,10.0,0.57,5.0,0.23,0.23,43.121228,1776200456000
1776200458.638,58.638,0.45,10.0,0.43,5.0,0.68,0.66,0.69,5.0,0.32,0.66,0.31,5.0,0.55,10.0,0.57,5.0,0.23,0.23,43.120871,1776200457000
1776200459.51,59.51,0.45,10.0,0.43,5.0,0.68,0.66,0.69,5.0,0.32,0.66,0.31,5.0,0.55,10.0,0.57,5.0,0.23,0.23,43.12075,1776200458000
1776200460.702,60.702,0.45,10.0,0.43,5.0,0.68,0.66,0.69,5.0,0.32,0.66,0.31,5.0,0.55,10.0,0.57,5.0,0.23,0.23,43.120788,1776200459000
1776200461.732,61.732,0.45,10.0,0.43,5.0,0.68,0.66,0.69,5.0,0.32,0.66,0.31,5.0,0.55,10.0,0.57,5.0,0.23,0.23,43.121257,1776200460000
1776200462.824,62.824,0.45,10.0,0.43,5.0,0.68,0.66,0.69,5.0,0.32,0.66,0.31,5.0,0.55,10.0,0.57,5.0,0.23,0.23,43.121533,1776200461000
1776200463.846,63.846,0.45,10.0,0.43,5.0,0.68,0.66,0.69,5.0,0.32,0.66,0.31,5.0,0.55,10.0,0.57,5.0,0.23,0.23,43.122339,1776200462000
1776200465.105,65.105,0.45,10.0,0.43,5.0,0.68,0.66,0.69,5.0,0.32,0.66,0.31,5.0,0.55,10.0,0.57,5.0,0.23,0.23,43.122339,1776200463000
1776200466.014,66.014,0.45,10.0,0.43,5.0,0.68,0.66,0.69,5.0,0.32,0.66,0.31,5.0,0.55,10.0,0.57,5.0,0.23,0.23,43.12296,1776200464000
1776200466.789,66.789,0.45,10.0,0.43,5.0,0.68,0.66,0.69,5.0,0.32,0.66,0.31,5.0,0.55,10.0,0.57,5.0,0.23,0.23,43.127673,1776200465000
1776200467.455,67.455,0.45,10.0,0.43,5.0,0.68,0.66,0.69,5.0,0.32,0.66,0.31,5.0,0.55,10.0,0.57,5.0,0.23,0.23,43.128209,1776200466000
1776200468.193,68.193,0.45,10.0,0.43,5.0,0.68,0.66,0.69,5.0,0.32,0.66,0.31,5.0,0.55,10.0,0.57,5.0,0.23,0.23,43.130764,1776200467000
1776200469.725,69.725,0.45,10.0,0.43,5.0,0.68,0.66,0.69,5.0,0.32,0.66,0.31,5.0,0.55,10.0,0.57,5.0,0.23,0.23,43.130431,1776200468000
1776200470.4,70.4,0.45,10.0,0.43,5.0,0.68,0.66,0.69,5.0,0.32,0.66,0.31,5.0,0.55,10.0,0.57,5.0,0.23,0.23,43.130431,1776200469000
1776200471.084,71.084,0.45,10.0,0.43,5.0,0.68,0.66,0.69,5.0,0.32,0.66,0.31,5.0,0.55,10.0,0.57,5.0,0.23,0.23,43.135858,1776200470000
1776200472.353,72.353,0.45,10.0,0.43,5.0,0.68,0.66,0.69,5.0,0.32,0.66,0.31,5.0,0.55,10.0,0.57,5.0,0.23,0.23,43.140646,1776200471000
1776200473.856,73.856,0.45,10.0,0.43,5.0,0.68,0.66,0.69,5.0,0.32,0.66,0.31,5.0,0.55,10.0,0.57,5.0,0.23,0.23,43.147438,1776200472000
1776200475.09,75.09,0.45,10.0,0.43,5.0,0.68,0.66,0.69,5.0,0.32,0.66,0.31,5.0,0.55,10.0,0.57,5.0,0.23,0.23,43.148075,1776200474000
1776200476.293,76.293,0.45,10.0,0.43,5.0,0.68,0.66,0.69,5.0,0.32,0.66,0.31,5.0,0.55,10.0,0.57,5.0,0.23,0.23,43.147784,1776200475000
1776200477.378,77.378,0.45,10.0,0.43,5.0,0.68,0.66,0.69,5.0,0.32,0.66,0.31,5.0,0.55,10.0,0.57,5.0,0.23,0.23,43.148782,1776200476000
1776200477.925,77.925,0.45,10.0,0.43,5.0,0.68,0.66,0.69,5.0,0.32,0.66,0.31,5.0,0.55,10.0,0.57,5.0,0.23,0.23,43.148146,1776200477000
1776200479.251,79.251,0.45,10.0,0.43,5.0,0.68,0.66,0.69,5.0,0.32,0.66,0.31,5.0,0.55,10.0,0.57,5.0,0.23,0.23,43.146281,1776200478000
1776200480.357,80.357,0.45,10.0,0.43,5.0,0.68,0.66,0.69,5.0,0.32,0.66,0.31,5.0,0.55,10.0,0.57,5.0,0.23,0.23,43.139763,1776200479000
1776200481.528,81.528,0.45,10.0,0.43,5.0,0.68,0.66,0.69,5.0,0.32,0.66,0.31,5.0,0.55,10.0,0.57,5.0,0.23,0.23,43.139852,1776200480000
1776200482.188,82.188,0.45,10.0,0.43,5.0,0.68,0.66,0.69,5.0,0.32,0.66,0.31,5.0,0.55,10.0,0.57,5.0,0.23,0.23,43.139821,1776200481000
1776200483.333,83.333,0.45,10.0,0.43,5.0,0.68,0.66,0.69,5.0,0.32,0.66,0.31,5.0,0.55,10.0,0.57,5.0,0.23,0.23,43.140034,1776200482000
1776200483.923,83.923,0.45,10.0,0.43,5.0,0.68,0.66,0.69,5.0,0.32,0.66,0.31,5.0,0.55,10.0,0.57,5.0,0.23,0.23,43.140034,1776200483000
1776200485.103,85.103,0.45,10.0,0.43,5.0,0.68,0.66,0.69,5.0,0.32,0.66,0.31,5.0,0.55,10.0,0.57,5.0,0.23,0.23,43.139839,1776200484000
1776200486.365,86.365,0.45,10.0,0.43,5.0,0.68,0.66,0.69,5.0,0.32,0.66,0.31,5.0,0.55,10.0,0.57,5.0,0.23,0.23,43.140175,1776200485000
1776200487.35,87.35,0.45,10.0,0.43,5.0,0.68,0.66,0.69,5.0,0.32,0.66,0.31,5.0,0.55,10.0,0.57,5.0,0.23,0.23,43.140372,1776200486000
1776200487.9,87.9,0.45,10.0,0.43,5.0,0.68,0.66,0.69,5.0,0.32,0.66,0.31,5.0,0.55,10.0,0.57,5.0,0.23,0.23,43.140372,1776200487000
1776200489.035,89.035,0.45,10.0,0.43,5.0,0.68,0.66,0.69,5.0,0.32,0.66,0.31,5.0,0.55,10.0,0.57,5.0,0.23,0.23,43.140633,1776200488000
1776200490.136,90.136,0.45,10.0,0.43,5.0,0.68,0.66,0.69,5.0,0.32,0.66,0.31,5.0,0.55,10.0,0.57,5.0,0.23,0.23,43.140639,1776200489000
1776200491.295,91.295,0.45,10.0,0.43,5.0,0.68,0.66,0.69,5.0,0.32,0.66,0.31,5.0,0.55,10.0,0.57,5.0,0.23,0.23,43.140878,1776200490000
1776200492.373,92.373,0.45,10.0,0.43,5.0,0.68,0.66,0.69,5.0,0.32,0.66,0.31,5.0,0.55,10.0,0.57,5.0,0.23,0.23,43.141402,1776200491000
1776200493.087,93.087,0.45,10.0,0.43,5.0,0.68,0.66,0.69,5.0,0.32,0.66,0.31,5.0,0.55,10.0,0.57,5.0,0.23,0.23,43.142207,1776200492000
1776200494.259,94.259,0.45,10.0,0.43,5.0,0.68,0.66,0.69,5.0,0.32,0.66,0.31,5.0,0.55,10.0,0.57,5.0,0.23,0.23,43.143207,1776200493000
1776200495.479,95.479,0.45,10.0,0.43,5.0,0.68,0.66,0.69,5.0,0.32,0.66,0.31,5.0,0.55,10.0,0.57,5.0,0.23,0.23,43.155019,1776200494000
1776200495.95,95.95,0.45,10.0,0.43,5.0,0.68,0.66,0.69,5.0,0.32,0.66,0.31,5.0,0.55,10.0,0.57,5.0,0.23,0.23,43.156061,1776200495000
1776200497.037,97.037,0.45,10.0,0.43,5.0,0.68,0.66,0.69,5.0,0.32,0.66,0.31,5.0,0.55,10.0,0.57,5.0,0.23,0.23,43.161875,1776200496000
1776200498.687,98.687,0.45,10.0,0.43,5.0,0.68,0.66,0.69,5.0,0.32,0.66,0.31,5.0,0.55,10.0,0.57,5.0,0.23,0.23,43.160699,1776200497000
1776200499.217,99.217,0.45,10.0,0.43,5.0,0.68,0.66,0.69,5.0,0.32,0.66,0.31,5.0,0.55,10.0,0.57,5.0,0.23,0.23,43.161943,1776200498000
1776200500.529,100.529,0.45,10.0,0.43,5.0,0.68,0.66,0.69,5.0,0.32,0.66,0.31,5.0,0.55,10.0,0.57,5.0,0.23,0.23,43.164546,1776200499000
1776200501.02,101.02,0.45,10.0,0.43,5.0,0.68,0.66,0.69,5.0,0.32,0.66,0.31,5.0,0.55,10.0,0.57,5.0,0.23,0.23,43.164545,1776200500000
1776200501.464,101.464,0.73,15.0,0.72,15.0,0.83,15.0,0.84,15.0,0.32,0.66,0.31,5.0,0.55,10.0,0.57,5.0,0.1,0.23,43.164545,1776200500000
1776200502.191,102.191,0.73,15.0,0.72,15.0,0.83,15.0,0.84,15.0,0.17,15.0,0.16,15.0,0.27,15.0,0.28,15.0,0.1,0.1,43.174278,1776200501000
1776200503.264,103.264,0.73,15.0,0.72,15.0,0.83,15.0,0.84,15.0,0.17,15.0,0.16,15.0,0.27,15.0,0.28,15.0,0.1,0.1,43.180798,1776200502000
1776200504.394,104.394,0.73,15.0,0.72,15.0,0.83,15.0,0.84,15.0,0.17,15.0,0.16,15.0,0.27,15.0,0.28,15.0,0.1,0.1,43.182154,1776200503000
1776200505.618,105.618,0.73,15.0,0.72,15.0,0.83,15.0,0.84,15.0,0.17,15.0,0.16,15.0,0.27,15.0,0.28,15.0,0.1,0.1,43.182977,1776200504000
1776200506.284,106.284,0.73,15.0,0.72,15.0,0.83,15.0,0.84,15.0,0.17,15.0,0.16,15.0,0.27,15.0,0.28,15.0,0.1,0.1,43.183185,1776200505000
1776200506.518,106.518,0.78,5.0,0.77,5.0,0.88,5.0,0.89,15.0,0.17,15.0,0.16,15.0,0.27,15.0,0.28,15.0,0.1,0.1,43.183185,1776200505000
1776200507.32,107.32,0.78,5.0,0.77,5.0,0.88,5.0,0.89,15.0,0.12,5.0,0.11,15.0,0.22,5.0,0.23,5.0,0.1,0.1,43.184889,1776200506000
1776200508.435,108.435,0.78,5.0,0.77,5.0,0.88,5.0,0.89,15.0,0.12,5.0,0.11,15.0,0.22,5.0,0.23,5.0,0.1,0.1,43.2036,1776200507000
1776200509.038,109.038,0.78,5.0,0.77,5.0,0.88,5.0,0.89,15.0,0.12,5.0,0.11,15.0,0.22,5.0,0.23,5.0,0.1,0.1,43.2036,1776200508000
1776200510.097,110.097,0.78,5.0,0.77,5.0,0.88,5.0,0.89,15.0,0.12,5.0,0.11,15.0,0.22,5.0,0.23,5.0,0.1,0.1,43.220667,1776200509000
1776200511.229,111.229,0.78,5.0,0.77,5.0,0.88,5.0,0.89,15.0,0.12,5.0,0.11,15.0,0.22,5.0,0.23,5.0,0.1,0.1,43.223797,1776200510000
1776200512.246,112.246,0.78,5.0,0.77,5.0,0.88,5.0,0.89,15.0,0.12,5.0,0.11,15.0,0.22,5.0,0.23,5.0,0.1,0.1,43.228886,1776200511000
1776200513.413,113.413,0.78,5.0,0.77,5.0,0.88,5.0,0.89,15.0,0.12,5.0,0.11,15.0,0.22,5.0,0.23,5.0,0.1,0.1,43.228145,1776200512000
1776200514.438,114.438,0.78,5.0,0.77,5.0,0.88,5.0,0.89,15.0,0.12,5.0,0.11,15.0,0.22,5.0,0.23,5.0,0.1,0.1,43.229424,1776200513000
1776200514.932,114.932,0.78,5.0,0.77,5.0,0.88,5.0,0.89,15.0,0.12,5.0,0.11,15.0,0.22,5.0,0.23,5.0,0.1,0.1,43.229424,1776200514000
1776200516.04,116.04,0.78,5.0,0.77,5.0,0.88,5.0,0.89,15.0,0.12,5.0,0.11,15.0,0.22,5.0,0.23,5.0,0.1,0.1,43.22913,1776200515000
1776200517.107,117.107,0.78,5.0,0.77,5.0,0.88,5.0,0.89,15.0,0.12,5.0,0.11,15.0,0.22,5.0,0.23,5.0,0.1,0.1,43.22913,1776200516000
1776200518.284,118.284,0.78,5.0,0.77,5.0,0.88,5.0,0.89,15.0,0.12,5.0,0.11,15.0,0.22,5.0,0.23,5.0,0.1,0.1,43.229339,1776200517000
1776200519.691,119.691,0.78,5.0,0.77,5.0,0.88,5.0,0.89,15.0,0.12,5.0,0.11,15.0,0.22,5.0,0.23,5.0,0.1,0.1,43.229954,1776200518000
1776200520.331,120.331,0.78,5.0,0.77,5.0,0.88,5.0,0.89,15.0,0.12,5.0,0.11,15.0,0.22,5.0,0.23,5.0,0.1,0.1,43.229952,1776200519000
1776200521.516,121.516,0.78,5.0,0.77,5.0,0.88,5.0,0.89,15.0,0.12,5.0,0.11,15.0,0.22,5.0,0.23,5.0,0.1,0.1,43.23042,1776200520000
1776200522.351,122.351,0.78,5.0,0.77,5.0,0.88,5.0,0.89,15.0,0.12,5.0,0.11,15.0,0.22,5.0,0.23,5.0,0.1,0.1,43.230421,1776200521000
1776200523.38,123.38,0.78,5.0,0.77,5.0,0.88,5.0,0.89,15.0,0.12,5.0,0.11,15.0,0.22,5.0,0.23,5.0,0.1,0.1,43.230589,1776200522000
1776200523.918,123.918,0.9,17.0,0.87,25.0,0.93,10.0,0.94,15.0,0.12,5.0,0.11,15.0,0.22,5.0,0.23,5.0,0.03,0.1,43.230589,1776200522000
1776200524.929,124.929,0.87,22.69,0.86,15.0,0.92,15.0,0.93,10.0,0.07,10.0,0.06,15.0,0.1,17.0,0.13,25.0,0.05,0.03,43.232879,1776200523000
1776200525.299,125.299,0.87,22.69,0.86,15.0,0.92,15.0,0.93,10.0,0.08,15.0,0.07,10.0,0.13,22.69,0.14,15.0,0.05,0.05,43.232832,1776200524000
1776200526.45,126.45,0.87,22.69,0.86,15.0,0.92,15.0,0.93,10.0,0.08,15.0,0.07,10.0,0.13,22.69,0.14,15.0,0.05,0.05,43.227368,1776200525000
1776200527.065,127.065,0.87,22.69,0.86,15.0,0.92,15.0,0.93,10.0,0.08,15.0,0.07,10.0,0.13,22.69,0.14,15.0,0.05,0.05,43.227264,1776200526000
1776200528.236,128.236,0.87,22.69,0.86,15.0,0.92,15.0,0.93,10.0,0.08,15.0,0.07,10.0,0.13,22.69,0.14,15.0,0.05,0.05,43.226948,1776200527000
1776200529.385,129.385,0.87,22.69,0.86,15.0,0.92,15.0,0.93,10.0,0.08,15.0,0.07,10.0,0.13,22.69,0.14,15.0,0.05,0.05,43.224622,1776200528000
1776200530.015,130.015,0.87,22.69,0.86,15.0,0.92,15.0,0.93,10.0,0.08,15.0,0.07,10.0,0.13,22.69,0.14,15.0,0.05,0.05,43.224622,1776200529000
1776200531.125,131.125,0.87,22.69,0.86,15.0,0.92,15.0,0.93,10.0,0.08,15.0,0.07,10.0,0.13,22.69,0.14,15.0,0.05,0.05,43.224709,1776200530000
1776200532.199,132.199,0.87,22.69,0.86,15.0,0.92,15.0,0.93,10.0,0.08,15.0,0.07,10.0,0.13,22.69,0.14,15.0,0.05,0.05,43.224357,1776200531000
1776200533.295,133.295,0.87,22.69,0.86,15.0,0.92,15.0,0.93,10.0,0.08,15.0,0.07,10.0,0.13,22.69,0.14,15.0,0.05,0.05,43.224355,1776200532000
1776200535.046,135.046,0.87,22.69,0.86,15.0,0.92,15.0,0.93,10.0,0.08,15.0,0.07,10.0,0.13,22.69,0.14,15.0,0.05,0.05,43.224146,1776200533000
1776200535.661,135.661,0.87,22.69,0.86,15.0,0.92,15.0,0.93,10.0,0.08,15.0,0.07,10.0,0.13,22.69,0.14,15.0,0.05,0.05,43.223923,1776200534000
1776200536.302,136.302,0.87,22.69,0.86,15.0,0.92,15.0,0.93,10.0,0.08,15.0,0.07,10.0,0.13,22.69,0.14,15.0,0.05,0.05,43.221949,1776200535000
1776200537.033,137.033,0.87,22.69,0.86,15.0,0.92,15.0,0.93,10.0,0.08,15.0,0.07,10.0,0.13,22.69,0.14,15.0,0.05,0.05,43.221949,1776200536000
1776200538.175,138.175,0.87,22.69,0.86,15.0,0.92,15.0,0.93,10.0,0.08,15.0,0.07,10.0,0.13,22.69,0.14,15.0,0.05,0.05,43.221455,1776200537000
1776200539.295,139.295,0.87,22.69,0.86,15.0,0.92,15.0,0.93,10.0,0.08,15.0,0.07,10.0,0.13,22.69,0.14,15.0,0.05,0.05,43.221664,1776200538000
1776200540.463,140.463,0.87,22.69,0.86,15.0,0.92,15.0,0.93,10.0,0.08,15.0,0.07,10.0,0.13,22.69,0.14,15.0,0.05,0.05,43.221026,1776200539000
1776200541.034,141.034,0.87,22.69,0.86,15.0,0.92,15.0,0.93,10.0,0.08,15.0,0.07,10.0,0.13,22.69,0.14,15.0,0.05,0.05,43.221026,1776200540000
1776200542.196,142.196,0.87,22.69,0.86,15.0,0.92,15.0,0.93,10.0,0.08,15.0,0.07,10.0,0.13,22.69,0.14,15.0,0.05,0.05,43.221001,1776200541000
1776200543.225,143.225,0.87,22.69,0.86,15.0,0.92,15.0,0.93,10.0,0.08,15.0,0.07,10.0,0.13,22.69,0.14,15.0,0.05,0.05,43.220793,1776200542000
1776200543.919,143.919,0.87,22.69,0.86,15.0,0.92,15.0,0.93,10.0,0.08,15.0,0.07,10.0,0.13,22.69,0.14,15.0,0.05,0.05,43.221001,1776200543000
1776200545.145,145.145,0.87,22.69,0.86,15.0,0.92,15.0,0.93,10.0,0.08,15.0,0.07,10.0,0.13,22.69,0.14,15.0,0.05,0.05,43.22309,1776200544000
1776200546.464,146.464,0.87,22.69,0.86,15.0,0.92,15.0,0.93,10.0,0.08,15.0,0.07,10.0,0.13,22.69,0.14,15.0,0.05,0.05,43.223112,1776200545000
1776200547.592,147.592,0.87,22.69,0.86,15.0,0.92,15.0,0.93,10.0,0.08,15.0,0.07,10.0,0.13,22.69,0.14,15.0,0.05,0.05,43.223325,1776200546000
1776200548.149,148.149,0.87,22.69,0.86,15.0,0.92,15.0,0.93,10.0,0.08,15.0,0.07,10.0,0.13,22.69,0.14,15.0,0.05,0.05,43.223598,1776200547000
1776200549.353,149.353,0.87,22.69,0.86,15.0,0.92,15.0,0.93,10.0,0.08,15.0,0.07,10.0,0.13,22.69,0.14,15.0,0.05,0.05,43.223598,1776200548000
1776200549.854,149.854,0.87,22.69,0.86,15.0,0.92,15.0,0.93,10.0,0.08,15.0,0.07,10.0,0.13,22.69,0.14,15.0,0.05,0.05,43.223599,1776200549000
1776200551.339,151.339,0.87,22.69,0.86,15.0,0.92,15.0,0.93,10.0,0.08,15.0,0.07,10.0,0.13,22.69,0.14,15.0,0.05,0.05,43.22359,1776200550000
1776200552.346,152.346,0.87,22.69,0.86,15.0,0.92,15.0,0.93,10.0,0.08,15.0,0.07,10.0,0.13,22.69,0.14,15.0,0.05,0.05,43.223587,1776200551000
1776200552.917,152.917,0.87,22.69,0.86,15.0,0.92,15.0,0.93,10.0,0.08,15.0,0.07,10.0,0.13,22.69,0.14,15.0,0.05,0.05,43.223587,1776200552000
1776200553.84,153.84,0.87,22.69,0.86,15.0,0.92,15.0,0.93,10.0,0.08,15.0,0.07,10.0,0.13,22.69,0.14,15.0,0.05,0.05,43.223587,1776200553000
1776200554.932,154.932,0.87,22.69,0.86,15.0,0.92,15.0,0.93,10.0,0.08,15.0,0.07,10.0,0.13,22.69,0.14,15.0,0.05,0.05,43.223345,1776200554000
1776200555.964,155.964,0.87,22.69,0.86,15.0,0.92,15.0,0.93,10.0,0.08,15.0,0.07,10.0,0.13,22.69,0.14,15.0,0.05,0.05,43.223442,1776200555000
1776200556.968,156.968,0.87,22.69,0.86,15.0,0.92,15.0,0.93,10.0,0.08,15.0,0.07,10.0,0.13,22.69,0.14,15.0,0.05,0.05,43.223442,1776200556000
1776200557.959,157.959,0.87,22.69,0.86,15.0,0.92,15.0,0.93,10.0,0.08,15.0,0.07,10.0,0.13,22.69,0.14,15.0,0.05,0.05,43.223456,1776200557000
1776200559.005,159.005,0.87,22.69,0.86,15.0,0.92,15.0,0.93,10.0,0.08,15.0,0.07,10.0,0.13,22.69,0.14,15.0,0.05,0.05,43.223611,1776200558000
1776200560.021,160.021,0.87,22.69,0.86,15.0,0.92,15.0,0.93,10.0,0.08,15.0,0.07,10.0,0.13,22.69,0.14,15.0,0.05,0.05,43.223611,1776200559000
1776200561.129,161.129,0.87,22.69,0.86,15.0,0.92,15.0,0.93,10.0,0.08,15.0,0.07,10.0,0.13,22.69,0.14,15.0,0.05,0.05,43.223057,1776200560000
1776200562.069,162.069,0.87,22.69,0.86,15.0,0.92,15.0,0.93,10.0,0.08,15.0,0.07,10.0,0.13,22.69,0.14,15.0,0.05,0.05,43.222843,1776200561000
1776200563.186,163.186,0.87,22.69,0.86,15.0,0.92,15.0,0.93,10.0,0.08,15.0,0.07,10.0,0.13,22.69,0.14,15.0,0.05,0.05,43.222818,1776200562000
1776200564.192,164.192,0.87,22.69,0.86,15.0,0.92,15.0,0.93,10.0,0.08,15.0,0.07,10.0,0.13,22.69,0.14,15.0,0.05,0.05,43.222577,1776200563000
1776200565.506,165.506,0.87,22.69,0.86,15.0,0.92,15.0,0.93,10.0,0.08,15.0,0.07,10.0,0.13,22.69,0.14,15.0,0.05,0.05,43.220121,1776200564000
1776200565.968,165.968,0.87,22.69,0.86,15.0,0.92,15.0,0.93,10.0,0.08,15.0,0.07,10.0,0.13,22.69,0.14,15.0,0.05,0.05,43.218774,1776200565000
1776200566.99,166.99,0.87,22.69,0.86,15.0,0.92,15.0,0.93,10.0,0.08,15.0,0.07,10.0,0.13,22.69,0.14,15.0,0.05,0.05,43.218775,1776200566000
1776200567.389,167.389,0.95,35.0,0.91,15.0,0.96,20.0,0.97,51.8,0.08,15.0,0.07,10.0,0.13,22.69,0.14,15.0,0.01,0.05,43.218775,1776200566000
1776200568.04,168.04,0.95,35.0,0.91,15.0,0.96,20.0,0.97,51.8,0.04,20.0,0.03,51.8,0.05,35.0,0.09,15.0,0.01,0.01,43.219689,1776200567000
1776200569.114,169.114,0.95,35.0,0.91,15.0,0.96,20.0,0.97,51.8,0.04,20.0,0.03,51.8,0.05,35.0,0.09,15.0,0.01,0.01,43.219817,1776200568000
1776200570.243,170.243,0.95,35.0,0.91,15.0,0.96,20.0,0.97,51.8,0.04,20.0,0.03,51.8,0.05,35.0,0.09,15.0,0.01,0.01,43.219777,1776200569000
1776200571.414,171.414,0.95,35.0,0.91,15.0,0.96,20.0,0.97,51.8,0.04,20.0,0.03,51.8,0.05,35.0,0.09,15.0,0.01,0.01,43.219608,1776200570000
1776200571.853,171.853,0.95,35.0,0.91,15.0,0.96,20.0,0.97,51.8,0.04,20.0,0.03,51.8,0.05,35.0,0.09,15.0,0.01,0.01,43.219608,1776200571000
1776200573.642,173.642,0.95,35.0,0.91,15.0,0.96,20.0,0.97,51.8,0.04,20.0,0.03,51.8,0.05,35.0,0.09,15.0,0.01,0.01,43.219151,1776200572000
1776200574.306,174.306,0.95,35.0,0.91,15.0,0.96,20.0,0.97,51.8,0.04,20.0,0.03,51.8,0.05,35.0,0.09,15.0,0.01,0.01,43.218775,1776200573000
1776200575.318,175.318,0.95,35.0,0.91,15.0,0.96,20.0,0.97,51.8,0.04,20.0,0.03,51.8,0.05,35.0,0.09,15.0,0.01,0.01,43.21785,1776200574000
1776200576.002,176.002,0.95,35.0,0.91,15.0,0.96,20.0,0.97,51.8,0.04,20.0,0.03,51.8,0.05,35.0,0.09,15.0,0.01,0.01,43.217849,1776200575000
1776200576.314,176.314,0.95,10.0,0.94,15.0,0.96,5.0,0.97,51.8,0.04,20.0,0.03,51.8,0.05,35.0,0.09,15.0,0.01,0.01,43.217849,1776200575000
1776200577.113,177.113,0.95,10.0,0.94,15.0,0.96,5.0,0.97,51.8,0.04,5.0,0.03,51.8,0.05,10.0,0.06,15.0,0.01,0.01,43.218768,1776200576000
1776200578.432,178.432,0.95,10.0,0.94,15.0,0.96,5.0,0.97,51.8,0.04,5.0,0.03,51.8,0.05,10.0,0.06,15.0,0.01,0.01,43.220692,1776200577000
1776200579.466,179.466,0.95,10.0,0.94,15.0,0.96,5.0,0.97,51.8,0.04,5.0,0.03,51.8,0.05,10.0,0.06,15.0,0.01,0.01,43.221588,1776200578000
1776200580.004,180.004,0.95,10.0,0.94,15.0,0.96,5.0,0.97,51.8,0.04,5.0,0.03,51.8,0.05,10.0,0.06,15.0,0.01,0.01,43.221588,1776200579000
1776200580.821,180.821,0.95,25.0,0.94,15.0,0.97,11.8,0.98,10.0,0.04,5.0,0.03,51.8,0.05,10.0,0.06,15.0,0.02,0.01,43.221588,1776200579000
1776200581.203,181.203,0.95,25.0,0.94,15.0,0.97,11.8,0.98,10.0,0.03,11.8,0.02,10.0,0.05,25.0,0.06,15.0,0.02,0.02,43.227732,1776200580000
1776200582.452,182.452,0.95,25.0,0.94,15.0,0.97,11.8,0.98,10.0,0.03,11.8,0.02,10.0,0.05,25.0,0.06,15.0,0.02,0.02,43.230369,1776200581000
1776200582.977,182.977,0.95,25.0,0.94,15.0,0.97,11.8,0.98,10.0,0.03,11.8,0.02,10.0,0.05,25.0,0.06,15.0,0.02,0.02,43.230369,1776200582000
1776200584.033,184.033,0.95,25.0,0.94,15.0,0.97,11.8,0.98,10.0,0.03,11.8,0.02,10.0,0.05,25.0,0.06,15.0,0.02,0.02,43.232181,1776200583000
1776200585.135,185.135,0.95,25.0,0.94,15.0,0.97,11.8,0.98,10.0,0.03,11.8,0.02,10.0,0.05,25.0,0.06,15.0,0.02,0.02,43.232605,1776200584000
1776200586.432,186.432,0.95,25.0,0.94,15.0,0.97,11.8,0.98,10.0,0.03,11.8,0.02,10.0,0.05,25.0,0.06,15.0,0.02,0.02,43.233014,1776200585000
1776200587.023,187.023,0.95,25.0,0.94,15.0,0.97,11.8,0.98,10.0,0.03,11.8,0.02,10.0,0.05,25.0,0.06,15.0,0.02,0.02,43.233039,1776200586000
1776200588.348,188.348,0.95,25.0,0.94,15.0,0.97,11.8,0.98,10.0,0.03,11.8,0.02,10.0,0.05,25.0,0.06,15.0,0.02,0.02,43.233096,1776200587000
1776200588.926,188.926,0.95,25.0,0.94,15.0,0.97,11.8,0.98,10.0,0.03,11.8,0.02,10.0,0.05,25.0,0.06,15.0,0.02,0.02,43.233096,1776200588000
1776200589.988,189.988,0.95,25.0,0.94,15.0,0.97,11.8,0.98,10.0,0.03,11.8,0.02,10.0,0.05,25.0,0.06,15.0,0.02,0.02,43.233096,1776200589000
1776200591.463,191.463,0.95,25.0,0.94,15.0,0.97,11.8,0.98,10.0,0.03,11.8,0.02,10.0,0.05,25.0,0.06,15.0,0.02,0.02,43.233218,1776200590000
1776200592.083,192.083,0.95,25.0,0.94,15.0,0.97,11.8,0.98,10.0,0.03,11.8,0.02,10.0,0.05,25.0,0.06,15.0,0.02,0.02,43.233218,1776200591000
1776200593.173,193.173,0.95,25.0,0.94,15.0,0.97,11.8,0.98,10.0,0.03,11.8,0.02,10.0,0.05,25.0,0.06,15.0,0.02,0.02,43.233147,1776200592000
1776200594.842,194.842,0.95,25.0,0.94,15.0,0.97,11.8,0.98,10.0,0.03,11.8,0.02,10.0,0.05,25.0,0.06,15.0,0.02,0.02,43.233147,1776200593000
1776200595.552,195.552,0.96,15.0,0.95,25.0,0.98,10.0,0.99,220.0,0.02,10.0,0.01,220.0,0.04,15.0,0.05,25.0,0.02,0.02,43.237207,1776200594000
1776200596.407,196.407,0.96,15.0,0.95,25.0,0.98,10.0,0.99,220.0,0.02,10.0,0.01,220.0,0.04,15.0,0.05,25.0,0.02,0.02,43.240682,1776200595000
1776200597.292,197.292,0.96,15.0,0.95,25.0,0.98,10.0,0.99,220.0,0.02,10.0,0.01,220.0,0.04,15.0,0.05,25.0,0.02,0.02,43.241933,1776200596000
1776200598.056,198.056,0.96,15.0,0.95,25.0,0.98,10.0,0.99,220.0,0.02,10.0,0.01,220.0,0.04,15.0,0.05,25.0,0.02,0.02,43.245082,1776200597000
1776200599.408,199.408,0.96,15.0,0.95,25.0,0.98,10.0,0.99,220.0,0.02,10.0,0.01,220.0,0.04,15.0,0.05,25.0,0.02,0.02,43.246912,1776200598000
1776200600.22,200.22,0.96,15.0,0.95,25.0,0.98,10.0,0.99,220.0,0.02,10.0,0.01,220.0,0.04,15.0,0.05,25.0,0.02,0.02,43.246912,1776200599000
1776200601.6,201.6,0.96,15.0,0.95,25.0,0.98,10.0,0.99,220.0,0.02,10.0,0.01,220.0,0.04,15.0,0.05,25.0,0.02,0.02,43.251391,1776200600000
1776200602.285,202.285,0.96,15.0,0.95,25.0,0.98,10.0,0.99,220.0,0.02,10.0,0.01,220.0,0.04,15.0,0.05,25.0,0.02,0.02,43.252228,1776200601000
1776200603.779,203.779,0.96,15.0,0.95,25.0,0.98,10.0,0.99,220.0,0.02,10.0,0.01,220.0,0.04,15.0,0.05,25.0,0.02,0.02,43.258111,1776200602000
1776200604.465,204.465,0.96,15.0,0.95,25.0,0.98,10.0,0.99,220.0,0.02,10.0,0.01,220.0,0.04,15.0,0.05,25.0,0.02,0.02,43.256871,1776200603000
1776200605.253,205.253,0.96,15.0,0.95,25.0,0.98,10.0,0.99,220.0,0.02,10.0,0.01,220.0,0.04,15.0,0.05,25.0,0.02,0.02,43.257912,1776200604000
1776200606.622,206.622,0.96,15.0,0.95,25.0,0.98,10.0,0.99,220.0,0.02,10.0,0.01,220.0,0.04,15.0,0.05,25.0,0.02,0.02,43.267228,1776200605000
1776200607.262,207.262,0.96,15.0,0.95,25.0,0.98,10.0,0.99,220.0,0.02,10.0,0.01,220.0,0.04,15.0,0.05,25.0,0.02,0.02,43.268738,1776200606000
1776200607.562,207.562,0.98,10.0,0.97,15.0,0.99,220.0,,,0.02,10.0,0.01,220.0,0.04,15.0,0.05,25.0,0.01,0.02,43.268738,1776200606000
1776200608.697,208.697,0.98,10.0,0.97,15.0,0.99,220.0,,,0.01,220.0,,,0.02,10.0,0.03,15.0,0.01,0.01,43.268652,1776200607000
1776200609.013,209.013,0.98,20.0,0.97,15.0,0.99,210.0,,,0.01,220.0,,,0.02,10.0,0.03,15.0,0.01,0.01,43.268652,1776200607000
1776200609.454,209.454,0.98,20.0,0.97,15.0,0.99,210.0,,,0.01,210.0,,,0.02,20.0,0.03,15.0,0.01,0.01,43.268734,1776200608000
1776200610.043,210.043,0.98,20.0,0.97,15.0,0.99,200.0,,,0.01,210.0,,,0.02,20.0,0.03,15.0,0.01,0.01,43.268734,1776200608000
1776200610.723,210.723,0.98,20.0,0.97,15.0,0.99,182.0,,,0.01,200.0,,,0.02,20.0,0.03,15.0,0.01,0.01,43.268734,1776200608000
1776200617.607,217.607,0.99,818.0,0.98,20.0,,,,,,,,,0.01,818.0,0.02,20.0,,,43.266782,1776200616000
1776200618.277,218.277,0.99,818.0,0.98,20.0,,,,,,,,,0.01,818.0,0.02,20.0,,,43.266574,1776200617000
1776200619.746,219.746,0.99,818.0,0.98,20.0,,,,,,,,,0.01,818.0,0.02,20.0,,,43.266116,1776200618000
1776200620.44,220.44,0.99,818.0,0.98,20.0,,,,,,,,,0.01,818.0,0.02,20.0,,,43.264915,1776200619000
1776200621.233,221.233,0.99,818.0,0.98,20.0,,,,,,,,,0.01,818.0,0.02,20.0,,,43.264178,1776200620000
1776200622.697,222.697,0.99,818.0,0.98,20.0,,,,,,,,,0.01,818.0,0.02,20.0,,,43.258293,1776200621000
1776200623.26,223.26,0.99,818.0,0.98,20.0,,,,,,,,,0.01,818.0,0.02,20.0,,,43.228945,1776200622000
1776200624.71,224.71,0.99,818.0,0.98,20.0,,,,,,,,,0.01,818.0,0.02,20.0,,,43.211129,1776200623000
1776200625.414,225.414,0.99,818.0,0.98,20.0,,,,,,,,,0.01,818.0,0.02,20.0,,,43.2069,1776200624000
1776200626.71,226.71,0.99,818.0,0.98,20.0,,,,,,,,,0.01,818.0,0.02,20.0,,,43.199249,1776200625000
1776200627.338,227.338,0.99,818.0,0.98,20.0,,,,,,,,,0.01,818.0,0.02,20.0,,,43.198584,1776200626000
1776200628.25,228.25,0.99,818.0,0.98,20.0,,,,,,,,,0.01,818.0,0.02,20.0,,,43.198584,1776200627000
1776200629.422,229.422,0.99,818.0,0.98,20.0,,,,,,,,,0.01,818.0,0.02,20.0,,,43.199134,1776200628000
1776200630.137,230.137,0.99,818.0,0.98,20.0,,,,,,,,,0.01,818.0,0.02,20.0,,,43.198891,1776200629000
1776200632.169,232.169,0.99,818.0,0.98,20.0,,,,,,,,,0.01,818.0,0.02,20.0,,,43.189513,1776200631000
1776200632.462,232.462,0.95,10.0,0.85,10.0,0.99,89.9,,,,,,,0.01,818.0,0.02,20.0,0.04,,43.189513,1776200631000
1776200633.683,233.683,0.95,10.0,0.85,10.0,0.99,89.9,,,0.01,89.9,,,0.05,10.0,0.15,10.0,0.04,0.04,43.187575,1776200632000
1776200634.585,234.585,0.95,10.0,0.85,10.0,0.99,89.9,,,0.01,89.9,,,0.05,10.0,0.15,10.0,0.04,0.04,43.181483,1776200633000
1776200635.604,235.604,0.95,10.0,0.88,10.0,0.96,3.75,0.97,15.0,0.04,3.75,0.03,15.0,0.05,10.0,0.12,10.0,0.01,0.01,43.178801,1776200634000
1776200636.153,236.153,0.95,10.0,0.88,10.0,0.96,3.75,0.97,15.0,0.04,3.75,0.03,15.0,0.05,10.0,0.12,10.0,0.01,0.01,43.178617,1776200635000
1776200637.474,237.474,0.95,10.0,0.88,10.0,0.96,3.75,0.97,15.0,0.04,3.75,0.03,15.0,0.05,10.0,0.12,10.0,0.01,0.01,43.183515,1776200636000
1776200638.276,238.276,0.95,10.0,0.88,10.0,0.96,3.75,0.97,15.0,0.04,3.75,0.03,15.0,0.05,10.0,0.12,10.0,0.01,0.01,43.183662,1776200637000
1776200639.609,239.609,0.95,10.0,0.88,10.0,0.96,3.75,0.97,15.0,0.04,3.75,0.03,15.0,0.05,10.0,0.12,10.0,0.01,0.01,43.185407,1776200638000
1776200640.36,240.36,0.95,10.0,0.88,10.0,0.96,3.75,0.97,15.0,0.04,3.75,0.03,15.0,0.05,10.0,0.12,10.0,0.01,0.01,43.185663,1776200639000
1776200641.036,241.036,0.95,10.0,0.88,10.0,0.96,3.75,0.97,15.0,0.04,3.75,0.03,15.0,0.05,10.0,0.12,10.0,0.01,0.01,43.186597,1776200640000
1776200642.493,242.493,0.95,10.0,0.88,10.0,0.96,3.75,0.97,15.0,0.04,3.75,0.03,15.0,0.05,10.0,0.12,10.0,0.01,0.01,43.193625,1776200641000
1776200643.216,243.216,0.95,10.0,0.88,10.0,0.96,3.75,0.97,15.0,0.04,3.75,0.03,15.0,0.05,10.0,0.12,10.0,0.01,0.01,43.194833,1776200642000
1776200644.786,244.786,0.95,10.0,0.88,10.0,0.96,3.75,0.97,15.0,0.04,3.75,0.03,15.0,0.05,10.0,0.12,10.0,0.01,0.01,43.196066,1776200643000
1776200645.397,245.397,0.95,10.0,0.88,10.0,0.96,3.75,0.97,15.0,0.04,3.75,0.03,15.0,0.05,10.0,0.12,10.0,0.01,0.01,43.196066,1776200644000
1776200646.12,246.12,0.95,10.0,0.88,10.0,0.96,3.75,0.97,15.0,0.04,3.75,0.03,15.0,0.05,10.0,0.12,10.0,0.01,0.01,43.195965,1776200645000
1776200647.58,247.58,0.95,10.0,0.88,10.0,0.96,3.75,0.97,15.0,0.04,3.75,0.03,15.0,0.05,10.0,0.12,10.0,0.01,0.01,43.195529,1776200646000
1776200648.29,248.29,0.95,10.0,0.88,10.0,0.96,3.75,0.97,15.0,0.04,3.75,0.03,15.0,0.05,10.0,0.12,10.0,0.01,0.01,43.199517,1776200647000
1776200649.053,249.053,0.95,10.0,0.88,10.0,0.96,3.75,0.97,15.0,0.04,3.75,0.03,15.0,0.05,10.0,0.12,10.0,0.01,0.01,43.200204,1776200648000
1776200650.917,250.917,0.95,10.0,0.88,10.0,0.96,3.75,0.97,15.0,0.04,3.75,0.03,15.0,0.05,10.0,0.12,10.0,0.01,0.01,43.205856,1776200649000
1776200651.691,251.691,0.95,10.0,0.88,10.0,0.96,3.75,0.97,15.0,0.04,3.75,0.03,15.0,0.05,10.0,0.12,10.0,0.01,0.01,43.206087,1776200650000
1776200652.351,252.351,0.95,10.0,0.88,10.0,0.96,3.75,0.97,15.0,0.04,3.75,0.03,15.0,0.05,10.0,0.12,10.0,0.01,0.01,43.206908,1776200651000
1776200653.368,253.368,0.95,10.0,0.88,10.0,0.96,3.75,0.97,15.0,0.04,3.75,0.03,15.0,0.05,10.0,0.12,10.0,0.01,0.01,43.207395,1776200652000
1776200654.022,254.022,0.95,10.0,0.88,10.0,0.96,3.75,0.97,15.0,0.04,3.75,0.03,15.0,0.05,10.0,0.12,10.0,0.01,0.01,43.207575,1776200653000
1776200655.056,255.056,0.95,10.0,0.88,10.0,0.96,3.75,0.97,15.0,0.04,3.75,0.03,15.0,0.05,10.0,0.12,10.0,0.01,0.01,43.210166,1776200654000
1776200656.11,256.11,0.95,10.0,0.88,10.0,0.96,3.75,0.97,15.0,0.04,3.75,0.03,15.0,0.05,10.0,0.12,10.0,0.01,0.01,43.210081,1776200655000
1776200657.148,257.148,0.95,10.0,0.88,10.0,0.96,3.75,0.97,15.0,0.04,3.75,0.03,15.0,0.05,10.0,0.12,10.0,0.01,0.01,43.214203,1776200656000
1776200658.239,258.239,0.95,10.0,0.88,10.0,0.96,3.75,0.97,15.0,0.04,3.75,0.03,15.0,0.05,10.0,0.12,10.0,0.01,0.01,43.216083,1776200657000
1776200659.276,259.276,0.95,10.0,0.88,10.0,0.96,3.75,0.97,15.0,0.04,3.75,0.03,15.0,0.05,10.0,0.12,10.0,0.01,0.01,43.216683,1776200658000
1776200659.978,259.978,0.98,5.0,0.97,11.21,0.99,4.98,,,0.04,3.75,0.03,15.0,0.05,10.0,0.12,10.0,0.01,0.01,43.216683,1776200658000
1776200660.544,260.544,0.98,5.0,0.97,11.21,0.99,4.98,,,0.01,4.98,,,0.02,5.0,0.03,11.21,0.01,0.01,43.21121,1776200659000
1776200661.145,261.145,0.98,5.0,0.97,11.21,0.99,4.98,,,0.01,4.98,,,0.02,5.0,0.03,11.21,0.01,0.01,43.207399,1776200660000
1776200661.358,261.358,0.99,15.02,0.98,5.0,,,,,0.01,4.98,,,0.02,5.0,0.03,11.21,,0.01,43.207399,1776200660000
1776200662.236,262.236,0.99,15.02,0.98,5.0,,,,,,,,,0.01,15.02,0.02,5.0,,,43.206023,1776200661000
1776200663.477,263.477,0.99,15.02,0.98,5.0,,,,,,,,,0.01,15.02,0.02,5.0,,,43.209643,1776200662000
1776200663.943,263.943,0.99,15.02,0.98,5.0,,,,,,,,,0.01,15.02,0.02,5.0,,,43.210724,1776200663000
1776200665.635,265.635,0.99,15.02,0.98,5.0,,,,,,,,,0.01,15.02,0.02,5.0,,,43.218499,1776200664000
1776200666.237,266.237,0.99,15.02,0.98,5.0,,,,,,,,,0.01,15.02,0.02,5.0,,,43.213124,1776200665000
1776200667.383,267.383,0.99,15.02,0.98,5.0,,,,,,,,,0.01,15.02,0.02,5.0,,,43.213535,1776200666000
1776200667.977,267.977,0.99,15.02,0.98,5.0,,,,,,,,,0.01,15.02,0.02,5.0,,,43.213946,1776200667000
1776200669.209,269.209,0.99,15.02,0.98,5.0,,,,,,,,,0.01,15.02,0.02,5.0,,,43.209436,1776200668000
1776200670.348,270.348,0.99,15.02,0.98,5.0,,,,,,,,,0.01,15.02,0.02,5.0,,,43.207954,1776200669000
1776200670.933,270.933,0.99,15.02,0.98,5.0,,,,,,,,,0.01,15.02,0.02,5.0,,,43.206379,1776200670000
1776200672.093,272.093,0.99,15.02,0.98,5.0,,,,,,,,,0.01,15.02,0.02,5.0,,,43.213282,1776200671000
1776200673.153,273.153,0.99,15.02,0.98,5.0,,,,,,,,,0.01,15.02,0.02,5.0,,,43.220557,1776200672000
1776200674.339,274.339,0.99,15.02,0.98,5.0,,,,,,,,,0.01,15.02,0.02,5.0,,,43.223723,1776200673000
1776200674.995,274.995,0.99,15.02,0.98,5.0,,,,,,,,,0.01,15.02,0.02,5.0,,,43.22464,1776200674000
1776200676.217,276.217,0.99,15.02,0.98,5.0,,,,,,,,,0.01,15.02,0.02,5.0,,,43.225437,1776200675000
1776200677.395,277.395,0.99,15.02,0.98,5.0,,,,,,,,,0.01,15.02,0.02,5.0,,,43.230807,1776200676000
1776200677.96,277.96,0.99,15.02,0.98,5.0,,,,,,,,,0.01,15.02,0.02,5.0,,,43.227354,1776200677000
1776200679.159,279.159,0.99,15.02,0.98,5.0,,,,,,,,,0.01,15.02,0.02,5.0,,,43.227623,1776200678000
1776200680.972,280.972,0.99,15.02,0.98,5.0,,,,,,,,,0.01,15.02,0.02,5.0,,,43.224335,1776200679000
1776200681.554,281.554,0.99,15.02,0.98,5.0,,,,,,,,,0.01,15.02,0.02,5.0,,,43.22299,1776200680000
1776200682.467,282.467,0.99,15.02,0.98,5.0,,,,,,,,,0.01,15.02,0.02,5.0,,,43.226382,1776200681000
1776200683.003,283.003,0.99,15.02,0.98,5.0,,,,,,,,,0.01,15.02,0.02,5.0,,,43.231749,1776200682000
1776200684.189,284.189,0.99,15.02,0.98,5.0,,,,,,,,,0.01,15.02,0.02,5.0,,,43.231864,1776200683000
1776200685.545,285.545,0.99,15.02,0.98,5.0,,,,,,,,,0.01,15.02,0.02,5.0,,,43.235233,1776200684000
1776200686.007,286.007,0.99,15.02,0.98,5.0,,,,,,,,,0.01,15.02,0.02,5.0,,,43.2361,1776200685000
1776200687.459,287.459,0.99,15.02,0.98,5.0,,,,,,,,,0.01,15.02,0.02,5.0,,,43.237082,1776200686000
1776200688.06,288.06,0.99,15.02,0.98,5.0,,,,,,,,,0.01,15.02,0.02,5.0,,,43.237178,1776200687000
1776200689.22,289.22,0.99,15.02,0.98,5.0,,,,,,,,,0.01,15.02,0.02,5.0,,,43.2476,1776200688000
1776200690.503,290.503,0.99,15.02,0.98,5.0,,,,,,,,,0.01,15.02,0.02,5.0,,,43.255571,1776200689000
1776200691.061,291.061,0.99,15.02,0.98,5.0,,,,,,,,,0.01,15.02,0.02,5.0,,,43.257923,1776200690000
1776200692.315,292.315,0.99,15.02,0.98,5.0,,,,,,,,,0.01,15.02,0.02,5.0,,,43.259033,1776200691000
1776200693.464,293.464,0.99,15.02,0.98,5.0,,,,,,,,,0.01,15.02,0.02,5.0,,,43.259366,1776200692000
1776200694.039,294.039,0.99,15.02,0.98,5.0,,,,,,,,,0.01,15.02,0.02,5.0,,,43.258942,1776200693000
1776200695.43,295.43,0.99,15.02,0.98,5.0,,,,,,,,,0.01,15.02,0.02,5.0,,,43.263469,1776200694000
1776200695.932,295.932,0.99,15.02,0.98,5.0,,,,,,,,,0.01,15.02,0.02,5.0,,,43.267,1776200695000
1776200696.962,296.962,0.99,15.02,0.98,5.0,,,,,,,,,0.01,15.02,0.02,5.0,,,43.278797,1776200696000
1776200698.01,298.01,0.99,15.02,0.98,5.0,,,,,,,,,0.01,15.02,0.02,5.0,,,43.29274,1776200697000
1776200698.965,298.965,0.99,15.02,0.98,5.0,,,,,,,,,0.01,15.02,0.02,5.0,,,43.29901,1776200698000
1776200699.963,299.963,0.99,15.02,0.98,5.0,,,,,,,,,0.01,15.02,0.02,5.0,,,43.294681,1776200699000
1776200701.03,301.03,0.99,15.02,0.98,5.0,,,,,,,,,0.01,15.02,0.02,5.0,,,43.28442,1776200700000
1776200702.106,302.106,0.99,15.02,0.98,5.0,,,,,,,,,0.01,15.02,0.02,5.0,,,43.282006,1776200701000

# RESULT,winner=Up,slug=hype-updown-5m-1776200400,ticks=299
