timestamp,elapsed_sec,up_bid_p1,up_bid_s1,up_bid_p2,up_bid_s2,up_ask_p1,up_ask_s1,up_ask_p2,up_ask_s2,down_bid_p1,down_bid_s1,down_bid_p2,down_bid_s2,down_ask_p1,down_ask_s1,down_ask_p2,down_ask_s2,up_spread,down_spread,hype_price,hype_oracle_ts
1776221711.38,11.38,,,,,,,,,,,,,,,,,,,44.223959,1776221710000
1776221711.765,11.765,0.5,30.0,0.42,5.0,0.66,5.0,0.67,15.0,0.33,5.0,0.32,15.0,0.49,10.0,0.5,20.0,0.16,0.16,44.223959,1776221710000
1776221712.218,12.218,0.51,10.0,0.5,20.0,0.67,5.0,0.68,15.0,0.33,5.0,0.32,15.0,0.49,10.0,0.5,20.0,0.16,0.16,44.224224,1776221711000
1776221714.312,14.312,0.51,10.0,0.5,20.0,0.67,5.0,0.68,15.0,0.33,5.0,0.32,15.0,0.49,10.0,0.5,20.0,0.16,0.16,44.225403,1776221713000
1776221717.594,17.594,0.51,10.0,0.5,20.0,0.67,5.0,0.68,15.0,0.33,5.0,0.32,15.0,0.49,10.0,0.5,20.0,0.16,0.16,44.228882,1776221716000
1776221718.068,18.068,0.51,10.0,0.5,20.0,0.67,5.0,0.68,15.0,0.33,5.0,0.32,15.0,0.49,10.0,0.5,20.0,0.16,0.16,44.228871,1776221717000
1776221719.065,19.065,0.51,10.0,0.5,20.0,0.67,5.0,0.68,15.0,0.33,5.0,0.32,15.0,0.49,10.0,0.5,20.0,0.16,0.16,44.227202,1776221718000
1776221720.164,20.164,0.51,10.0,0.5,20.0,0.67,5.0,0.68,15.0,0.33,5.0,0.32,15.0,0.49,10.0,0.5,20.0,0.16,0.16,44.226555,1776221719000
1776221721.306,21.306,0.51,10.0,0.5,20.0,0.67,5.0,0.68,15.0,0.33,5.0,0.32,15.0,0.49,10.0,0.5,20.0,0.16,0.16,44.226555,1776221720000
1776221722.372,22.372,0.51,10.0,0.5,20.0,0.67,5.0,0.68,15.0,0.33,5.0,0.32,15.0,0.49,10.0,0.5,20.0,0.16,0.16,44.225402,1776221721000
1776221722.945,22.945,0.51,10.0,0.5,20.0,0.67,5.0,0.68,15.0,0.33,5.0,0.32,15.0,0.49,10.0,0.5,20.0,0.16,0.16,44.221683,1776221722000
1776221724.092,24.092,0.51,10.0,0.5,20.0,0.67,5.0,0.68,15.0,0.33,5.0,0.32,15.0,0.49,10.0,0.5,20.0,0.16,0.16,44.222955,1776221723000
1776221725.153,25.153,0.51,10.0,0.5,20.0,0.67,5.0,0.68,15.0,0.33,5.0,0.32,15.0,0.49,10.0,0.5,20.0,0.16,0.16,44.22819,1776221724000
1776221726.224,26.224,0.51,10.0,0.5,20.0,0.67,5.0,0.68,15.0,0.33,5.0,0.32,15.0,0.49,10.0,0.5,20.0,0.16,0.16,44.230449,1776221725000
1776221727.249,27.249,0.51,10.0,0.5,20.0,0.67,5.0,0.68,15.0,0.33,5.0,0.32,15.0,0.49,10.0,0.5,20.0,0.16,0.16,44.228384,1776221726000
1776221728.296,28.296,0.51,10.0,0.5,20.0,0.67,5.0,0.68,15.0,0.33,5.0,0.32,15.0,0.49,10.0,0.5,20.0,0.16,0.16,44.22689,1776221727000
1776221729.393,29.393,0.51,10.0,0.5,20.0,0.67,5.0,0.68,15.0,0.33,5.0,0.32,15.0,0.49,10.0,0.5,20.0,0.16,0.16,44.226525,1776221728000
1776221730.324,30.324,0.51,10.0,0.5,20.0,0.67,5.0,0.68,15.0,0.33,5.0,0.32,15.0,0.49,10.0,0.5,20.0,0.16,0.16,44.226143,1776221729000
1776221731.343,31.343,0.51,10.0,0.5,20.0,0.67,5.0,0.68,15.0,0.33,5.0,0.32,15.0,0.49,10.0,0.5,20.0,0.16,0.16,44.225248,1776221730000
1776221732.175,32.175,0.51,10.0,0.5,20.0,0.67,5.0,0.68,15.0,0.33,5.0,0.32,15.0,0.49,10.0,0.5,20.0,0.16,0.16,44.225419,1776221731000
1776221733.773,33.773,0.51,10.0,0.5,20.0,0.67,5.0,0.68,15.0,0.33,5.0,0.32,15.0,0.49,10.0,0.5,20.0,0.16,0.16,44.225833,1776221732000
1776221734.41,34.41,0.51,10.0,0.5,20.0,0.67,5.0,0.68,15.0,0.33,5.0,0.32,15.0,0.49,10.0,0.5,20.0,0.16,0.16,44.22506,1776221733000
1776221735.062,35.062,0.51,10.0,0.5,20.0,0.67,5.0,0.68,15.0,0.33,5.0,0.32,15.0,0.49,10.0,0.5,20.0,0.16,0.16,44.224479,1776221734000
1776221736.463,36.463,0.51,10.0,0.5,20.0,0.67,5.0,0.68,15.0,0.33,5.0,0.32,15.0,0.49,10.0,0.5,20.0,0.16,0.16,44.224344,1776221735000
1776221737.032,37.032,0.51,10.0,0.5,20.0,0.67,5.0,0.68,15.0,0.33,5.0,0.32,15.0,0.49,10.0,0.5,20.0,0.16,0.16,44.224142,1776221736000
1776221738.414,38.414,0.51,10.0,0.5,20.0,0.67,5.0,0.68,15.0,0.33,5.0,0.32,15.0,0.49,10.0,0.5,20.0,0.16,0.16,44.223852,1776221737000
1776221739.073,39.073,0.51,10.0,0.5,20.0,0.67,5.0,0.68,15.0,0.33,5.0,0.32,15.0,0.49,10.0,0.5,20.0,0.16,0.16,44.223994,1776221738000
1776221740.488,40.488,0.51,10.0,0.5,20.0,0.67,5.0,0.68,15.0,0.33,5.0,0.32,15.0,0.49,10.0,0.5,20.0,0.16,0.16,44.224362,1776221739000
1776221741.044,41.044,0.51,10.0,0.5,20.0,0.67,5.0,0.68,15.0,0.33,5.0,0.32,15.0,0.49,10.0,0.5,20.0,0.16,0.16,44.225522,1776221740000
1776221742.533,42.533,0.51,10.0,0.5,20.0,0.67,5.0,0.68,15.0,0.33,5.0,0.32,15.0,0.49,10.0,0.5,20.0,0.16,0.16,44.225918,1776221741000
1776221743.169,43.169,0.51,10.0,0.5,20.0,0.67,5.0,0.68,15.0,0.33,5.0,0.32,15.0,0.49,10.0,0.5,20.0,0.16,0.16,44.225918,1776221742000
1776221744.55,44.55,0.51,10.0,0.5,20.0,0.67,5.0,0.68,15.0,0.33,5.0,0.32,15.0,0.49,10.0,0.5,20.0,0.16,0.16,44.226595,1776221743000
1776221745.017,45.017,0.51,10.0,0.5,20.0,0.67,5.0,0.68,15.0,0.33,5.0,0.32,15.0,0.49,10.0,0.5,20.0,0.16,0.16,44.226595,1776221744000
1776221746.404,46.404,0.51,10.0,0.5,20.0,0.67,5.0,0.68,15.0,0.33,5.0,0.32,15.0,0.49,10.0,0.5,20.0,0.16,0.16,44.226196,1776221745000
1776221746.949,46.949,0.51,10.0,0.5,20.0,0.67,5.0,0.68,15.0,0.33,5.0,0.32,15.0,0.49,10.0,0.5,20.0,0.16,0.16,44.226504,1776221746000
1776221749.109,49.109,0.51,10.0,0.5,20.0,0.67,5.0,0.68,15.0,0.33,5.0,0.32,15.0,0.49,10.0,0.5,20.0,0.16,0.16,44.226504,1776221748000
1776221750.24,50.24,0.51,10.0,0.5,20.0,0.67,5.0,0.68,15.0,0.33,5.0,0.32,15.0,0.49,10.0,0.5,20.0,0.16,0.16,44.226484,1776221749000
1776221751.337,51.337,0.51,10.0,0.5,20.0,0.67,5.0,0.68,15.0,0.33,5.0,0.32,15.0,0.49,10.0,0.5,20.0,0.16,0.16,44.22626,1776221750000
1776221751.856,51.856,0.51,10.0,0.5,20.0,0.67,5.0,0.68,15.0,0.33,5.0,0.32,15.0,0.49,10.0,0.5,20.0,0.16,0.16,44.225441,1776221751000
1776221753.078,53.078,0.51,10.0,0.5,20.0,0.67,5.0,0.68,15.0,0.33,5.0,0.32,15.0,0.49,10.0,0.5,20.0,0.16,0.16,44.223876,1776221752000
1776221754.167,54.167,0.51,10.0,0.5,20.0,0.67,5.0,0.68,15.0,0.33,5.0,0.32,15.0,0.49,10.0,0.5,20.0,0.16,0.16,44.223565,1776221753000
1776221755.228,55.228,0.51,10.0,0.5,20.0,0.67,5.0,0.68,15.0,0.33,5.0,0.32,15.0,0.49,10.0,0.5,20.0,0.16,0.16,44.232564,1776221754000
1776221756.368,56.368,0.51,10.0,0.5,20.0,0.67,5.0,0.68,15.0,0.33,5.0,0.32,15.0,0.49,10.0,0.5,20.0,0.16,0.16,44.236349,1776221755000
1776221756.906,56.906,0.51,10.0,0.5,20.0,0.67,5.0,0.68,15.0,0.33,5.0,0.32,15.0,0.49,10.0,0.5,20.0,0.16,0.16,44.237392,1776221756000
1776221758.264,58.264,0.51,10.0,0.5,20.0,0.67,5.0,0.68,15.0,0.33,5.0,0.32,15.0,0.49,10.0,0.5,20.0,0.16,0.16,44.239563,1776221757000
1776221759.245,59.245,0.51,10.0,0.5,20.0,0.67,5.0,0.68,15.0,0.33,5.0,0.32,15.0,0.49,10.0,0.5,20.0,0.16,0.16,44.239584,1776221758000
1776221760.261,60.261,0.51,10.0,0.5,20.0,0.67,5.0,0.68,15.0,0.33,5.0,0.32,15.0,0.49,10.0,0.5,20.0,0.16,0.16,44.24105,1776221759000
1776221761.376,61.376,0.51,10.0,0.5,20.0,0.67,5.0,0.68,15.0,0.33,5.0,0.32,15.0,0.49,10.0,0.5,20.0,0.16,0.16,44.243329,1776221760000
1776221761.972,61.972,0.51,10.0,0.5,20.0,0.67,5.0,0.68,15.0,0.33,5.0,0.32,15.0,0.49,10.0,0.5,20.0,0.16,0.16,44.243329,1776221761000
1776221762.182,62.182,0.61,10.0,0.51,5.0,0.62,9.59,0.73,15.0,0.33,5.0,0.32,15.0,0.49,10.0,0.5,20.0,0.01,0.16,44.243329,1776221761000
1776221763.662,63.662,0.61,10.0,0.51,5.0,0.62,9.59,0.73,15.0,0.38,9.59,0.27,15.0,0.39,10.0,0.49,5.0,0.01,0.01,44.243544,1776221762000
1776221764.222,64.222,0.61,10.0,0.51,5.0,0.62,9.59,0.73,15.0,0.38,9.59,0.27,15.0,0.39,10.0,0.49,5.0,0.01,0.01,44.243221,1776221763000
1776221764.564,64.564,0.56,15.0,0.55,15.0,0.62,2.1,0.74,15.0,0.38,9.59,0.27,15.0,0.39,10.0,0.49,5.0,0.06,0.01,44.243221,1776221763000
1776221765.254,65.254,0.62,7.9,0.56,15.0,0.74,15.0,0.75,20.0,0.26,15.0,0.25,20.0,0.38,7.9,0.44,15.0,0.12,0.12,44.244945,1776221764000
1776221766.199,66.199,0.62,7.9,0.56,15.0,0.74,15.0,0.75,20.0,0.26,15.0,0.25,20.0,0.38,7.9,0.44,15.0,0.12,0.12,44.244894,1776221765000
1776221768.053,68.053,0.62,7.9,0.56,15.0,0.74,15.0,0.75,20.0,0.26,15.0,0.25,20.0,0.38,7.9,0.44,15.0,0.12,0.12,44.244936,1776221766000
1776221768.668,68.668,0.62,7.9,0.56,15.0,0.74,15.0,0.75,20.0,0.26,15.0,0.25,20.0,0.38,7.9,0.44,15.0,0.12,0.12,44.246184,1776221767000
1776221769.485,69.485,0.62,7.9,0.56,15.0,0.74,15.0,0.75,20.0,0.26,15.0,0.25,20.0,0.38,7.9,0.44,15.0,0.12,0.12,44.248023,1776221768000
1776221770.133,70.133,0.62,7.9,0.56,15.0,0.74,15.0,0.75,20.0,0.26,15.0,0.25,20.0,0.38,7.9,0.44,15.0,0.12,0.12,44.248337,1776221769000
1776221771.286,71.286,0.62,7.9,0.56,15.0,0.74,15.0,0.75,20.0,0.26,15.0,0.25,20.0,0.38,7.9,0.44,15.0,0.12,0.12,44.248427,1776221770000
1776221772.422,72.422,0.62,7.9,0.56,15.0,0.74,15.0,0.75,20.0,0.26,15.0,0.25,20.0,0.38,7.9,0.44,15.0,0.12,0.12,44.251676,1776221771000
1776221773.121,73.121,0.62,7.9,0.56,15.0,0.74,15.0,0.75,20.0,0.26,15.0,0.25,20.0,0.38,7.9,0.44,15.0,0.12,0.12,44.251704,1776221772000
1776221774.228,74.228,0.62,7.9,0.56,15.0,0.74,15.0,0.75,20.0,0.26,15.0,0.25,20.0,0.38,7.9,0.44,15.0,0.12,0.12,44.253942,1776221773000
1776221775.316,75.316,0.62,7.9,0.56,15.0,0.74,15.0,0.75,20.0,0.26,15.0,0.25,20.0,0.38,7.9,0.44,15.0,0.12,0.12,44.254788,1776221774000
1776221775.949,75.949,0.62,7.9,0.56,15.0,0.74,15.0,0.75,20.0,0.26,15.0,0.25,20.0,0.38,7.9,0.44,15.0,0.12,0.12,44.254788,1776221775000
1776221777.047,77.047,0.62,7.9,0.56,15.0,0.74,15.0,0.75,20.0,0.26,15.0,0.25,20.0,0.38,7.9,0.44,15.0,0.12,0.12,44.253237,1776221776000
1776221778.2,78.2,0.62,7.9,0.56,15.0,0.74,15.0,0.75,20.0,0.26,15.0,0.25,20.0,0.38,7.9,0.44,15.0,0.12,0.12,44.253768,1776221777000
1776221779.389,79.389,0.62,7.9,0.56,15.0,0.74,15.0,0.75,20.0,0.26,15.0,0.25,20.0,0.38,7.9,0.44,15.0,0.12,0.12,44.252305,1776221778000
1776221780.316,80.316,0.62,7.9,0.56,15.0,0.74,15.0,0.75,20.0,0.26,15.0,0.25,20.0,0.38,7.9,0.44,15.0,0.12,0.12,44.252444,1776221779000
1776221780.908,80.908,0.62,7.9,0.56,15.0,0.74,15.0,0.75,20.0,0.26,15.0,0.25,20.0,0.38,7.9,0.44,15.0,0.12,0.12,44.252444,1776221780000
1776221781.911,81.911,0.62,7.9,0.56,15.0,0.74,15.0,0.75,20.0,0.26,15.0,0.25,20.0,0.38,7.9,0.44,15.0,0.12,0.12,44.252444,1776221781000
1776221782.941,82.941,0.62,7.9,0.56,15.0,0.74,15.0,0.75,20.0,0.26,15.0,0.25,20.0,0.38,7.9,0.44,15.0,0.12,0.12,44.252577,1776221782000
1776221783.924,83.924,0.62,7.9,0.56,15.0,0.74,15.0,0.75,20.0,0.26,15.0,0.25,20.0,0.38,7.9,0.44,15.0,0.12,0.12,44.25298,1776221783000
1776221784.987,84.987,0.62,7.9,0.56,15.0,0.74,15.0,0.75,20.0,0.26,15.0,0.25,20.0,0.38,7.9,0.44,15.0,0.12,0.12,44.252933,1776221784000
1776221785.948,85.948,0.62,7.9,0.56,15.0,0.74,15.0,0.75,20.0,0.26,15.0,0.25,20.0,0.38,7.9,0.44,15.0,0.12,0.12,44.252526,1776221785000
1776221787.07,87.07,0.62,7.9,0.56,15.0,0.74,15.0,0.75,20.0,0.26,15.0,0.25,20.0,0.38,7.9,0.44,15.0,0.12,0.12,44.252436,1776221786000
1776221787.53,87.53,0.75,5.0,0.66,15.0,0.84,15.0,0.85,15.0,0.26,15.0,0.25,20.0,0.38,7.9,0.44,15.0,0.09,0.12,44.252436,1776221786000
1776221787.959,87.959,0.75,5.0,0.66,15.0,0.84,15.0,0.85,15.0,0.16,15.0,0.15,15.0,0.25,5.0,0.34,15.0,0.09,0.09,44.253881,1776221787000
1776221789.002,89.002,0.75,5.0,0.66,15.0,0.84,15.0,0.85,15.0,0.16,15.0,0.15,15.0,0.25,5.0,0.34,15.0,0.09,0.09,44.257199,1776221788000
1776221789.903,89.903,0.75,5.0,0.66,15.0,0.84,15.0,0.85,15.0,0.16,15.0,0.15,15.0,0.25,5.0,0.34,15.0,0.09,0.09,44.259901,1776221789000
1776221790.945,90.945,0.75,5.0,0.66,15.0,0.84,15.0,0.85,15.0,0.16,15.0,0.15,15.0,0.25,5.0,0.34,15.0,0.09,0.09,44.265035,1776221790000
1776221792.519,92.519,0.75,5.0,0.66,15.0,0.84,15.0,0.85,15.0,0.16,15.0,0.15,15.0,0.25,5.0,0.34,15.0,0.09,0.09,44.266478,1776221791000
1776221793.014,93.014,0.75,5.0,0.66,15.0,0.84,15.0,0.85,15.0,0.16,15.0,0.15,15.0,0.25,5.0,0.34,15.0,0.09,0.09,44.266587,1776221792000
1776221794.044,94.044,0.75,5.0,0.66,15.0,0.84,15.0,0.85,15.0,0.16,15.0,0.15,15.0,0.25,5.0,0.34,15.0,0.09,0.09,44.268453,1776221793000
1776221795.05,95.05,0.75,5.0,0.66,15.0,0.84,15.0,0.85,15.0,0.16,15.0,0.15,15.0,0.25,5.0,0.34,15.0,0.09,0.09,44.268142,1776221794000
1776221796.045,96.045,0.75,5.0,0.66,15.0,0.84,15.0,0.85,15.0,0.16,15.0,0.15,15.0,0.25,5.0,0.34,15.0,0.09,0.09,44.271152,1776221795000
1776221797.036,97.036,0.75,5.0,0.66,15.0,0.84,15.0,0.85,15.0,0.16,15.0,0.15,15.0,0.25,5.0,0.34,15.0,0.09,0.09,44.26927,1776221796000
1776221797.973,97.973,0.75,5.0,0.66,15.0,0.84,15.0,0.85,15.0,0.16,15.0,0.15,15.0,0.25,5.0,0.34,15.0,0.09,0.09,44.262256,1776221797000
1776221799.078,99.078,0.75,5.0,0.66,15.0,0.84,15.0,0.85,15.0,0.16,15.0,0.15,15.0,0.25,5.0,0.34,15.0,0.09,0.09,44.259795,1776221798000
1776221800.01,100.01,0.75,5.0,0.66,15.0,0.84,15.0,0.85,15.0,0.16,15.0,0.15,15.0,0.25,5.0,0.34,15.0,0.09,0.09,44.259601,1776221799000
1776221801.024,101.024,0.75,5.0,0.66,15.0,0.84,15.0,0.85,15.0,0.16,15.0,0.15,15.0,0.25,5.0,0.34,15.0,0.09,0.09,44.262464,1776221800000
1776221801.986,101.986,0.75,5.0,0.66,15.0,0.84,15.0,0.85,15.0,0.16,15.0,0.15,15.0,0.25,5.0,0.34,15.0,0.09,0.09,44.262972,1776221801000
1776221802.959,102.959,0.75,5.0,0.66,15.0,0.84,15.0,0.85,15.0,0.16,15.0,0.15,15.0,0.25,5.0,0.34,15.0,0.09,0.09,44.267007,1776221802000
1776221803.907,103.907,0.75,5.0,0.66,15.0,0.84,15.0,0.85,15.0,0.16,15.0,0.15,15.0,0.25,5.0,0.34,15.0,0.09,0.09,44.267141,1776221803000
1776221805.286,105.286,0.75,5.0,0.66,15.0,0.84,15.0,0.85,15.0,0.16,15.0,0.15,15.0,0.25,5.0,0.34,15.0,0.09,0.09,44.267141,1776221804000
1776221806.382,106.382,0.75,5.0,0.66,15.0,0.84,15.0,0.85,15.0,0.16,15.0,0.15,15.0,0.25,5.0,0.34,15.0,0.09,0.09,44.267547,1776221805000
1776221806.93,106.93,0.75,5.0,0.66,15.0,0.84,15.0,0.85,15.0,0.16,15.0,0.15,15.0,0.25,5.0,0.34,15.0,0.09,0.09,44.267547,1776221806000
1776221808.118,108.118,0.75,5.0,0.66,15.0,0.84,15.0,0.85,15.0,0.16,15.0,0.15,15.0,0.25,5.0,0.34,15.0,0.09,0.09,44.268564,1776221807000
1776221809.186,109.186,0.75,5.0,0.66,15.0,0.84,15.0,0.85,15.0,0.16,15.0,0.15,15.0,0.25,5.0,0.34,15.0,0.09,0.09,44.269729,1776221808000
1776221810.353,110.353,0.75,5.0,0.66,15.0,0.84,15.0,0.85,15.0,0.16,15.0,0.15,15.0,0.25,5.0,0.34,15.0,0.09,0.09,44.268952,1776221809000
1776221811.385,111.385,0.75,5.0,0.66,15.0,0.84,15.0,0.85,15.0,0.16,15.0,0.15,15.0,0.25,5.0,0.34,15.0,0.09,0.09,44.270394,1776221810000
1776221811.98,111.98,0.75,5.0,0.66,15.0,0.84,15.0,0.85,15.0,0.16,15.0,0.15,15.0,0.25,5.0,0.34,15.0,0.09,0.09,44.270394,1776221811000
1776221813.063,113.063,0.75,5.0,0.66,15.0,0.84,15.0,0.85,15.0,0.16,15.0,0.15,15.0,0.25,5.0,0.34,15.0,0.09,0.09,44.270315,1776221812000
1776221814.221,114.221,0.75,5.0,0.66,15.0,0.84,15.0,0.85,15.0,0.16,15.0,0.15,15.0,0.25,5.0,0.34,15.0,0.09,0.09,44.270429,1776221813000
1776221815.29,115.29,0.75,5.0,0.66,15.0,0.84,15.0,0.85,15.0,0.16,15.0,0.15,15.0,0.25,5.0,0.34,15.0,0.09,0.09,44.270125,1776221814000
1776221816.468,116.468,0.75,5.0,0.66,15.0,0.84,15.0,0.85,15.0,0.16,15.0,0.15,15.0,0.25,5.0,0.34,15.0,0.09,0.09,44.270264,1776221815000
1776221816.953,116.953,0.75,5.0,0.66,15.0,0.84,15.0,0.85,15.0,0.16,15.0,0.15,15.0,0.25,5.0,0.34,15.0,0.09,0.09,44.270264,1776221816000
1776221818.087,118.087,0.75,5.0,0.66,15.0,0.84,15.0,0.85,15.0,0.16,15.0,0.15,15.0,0.25,5.0,0.34,15.0,0.09,0.09,44.272243,1776221817000
1776221819.808,119.808,0.75,5.0,0.66,15.0,0.84,15.0,0.85,15.0,0.16,15.0,0.15,15.0,0.25,5.0,0.34,15.0,0.09,0.09,44.268581,1776221818000
1776221820.855,120.855,0.75,5.0,0.66,15.0,0.84,15.0,0.85,15.0,0.16,15.0,0.15,15.0,0.25,5.0,0.34,15.0,0.09,0.09,44.264897,1776221819000
1776221821.567,121.567,0.75,5.0,0.66,15.0,0.84,15.0,0.85,15.0,0.16,15.0,0.15,15.0,0.25,5.0,0.34,15.0,0.09,0.09,44.264897,1776221820000
1776221822.477,122.477,0.75,5.0,0.66,15.0,0.84,15.0,0.85,15.0,0.16,15.0,0.15,15.0,0.25,5.0,0.34,15.0,0.09,0.09,44.265803,1776221821000
1776221823.194,123.194,0.75,5.0,0.66,15.0,0.84,15.0,0.85,15.0,0.16,15.0,0.15,15.0,0.25,5.0,0.34,15.0,0.09,0.09,44.267772,1776221822000
1776221824.48,124.48,0.75,5.0,0.66,15.0,0.84,15.0,0.85,15.0,0.16,15.0,0.15,15.0,0.25,5.0,0.34,15.0,0.09,0.09,44.268177,1776221823000
1776221825.274,125.274,0.75,5.0,0.66,15.0,0.84,15.0,0.85,15.0,0.16,15.0,0.15,15.0,0.25,5.0,0.34,15.0,0.09,0.09,44.268132,1776221824000
1776221826.792,126.792,0.75,5.0,0.66,15.0,0.84,15.0,0.85,15.0,0.16,15.0,0.15,15.0,0.25,5.0,0.34,15.0,0.09,0.09,44.26805,1776221825000
1776221827.599,127.599,0.75,5.0,0.66,15.0,0.84,15.0,0.85,15.0,0.16,15.0,0.15,15.0,0.25,5.0,0.34,15.0,0.09,0.09,44.26665,1776221826000
1776221828.271,128.271,0.75,5.0,0.66,15.0,0.84,15.0,0.85,15.0,0.16,15.0,0.15,15.0,0.25,5.0,0.34,15.0,0.09,0.09,44.267768,1776221827000
1776221829.722,129.722,0.75,5.0,0.66,15.0,0.84,15.0,0.85,15.0,0.16,15.0,0.15,15.0,0.25,5.0,0.34,15.0,0.09,0.09,44.26805,1776221828000
1776221830.614,130.614,0.75,5.0,0.66,15.0,0.84,15.0,0.85,15.0,0.16,15.0,0.15,15.0,0.25,5.0,0.34,15.0,0.09,0.09,44.269478,1776221829000
1776221831.306,131.306,0.75,5.0,0.66,15.0,0.84,15.0,0.85,15.0,0.16,15.0,0.15,15.0,0.25,5.0,0.34,15.0,0.09,0.09,44.269478,1776221830000
1776221832.716,132.716,0.75,5.0,0.66,15.0,0.84,15.0,0.85,15.0,0.16,15.0,0.15,15.0,0.25,5.0,0.34,15.0,0.09,0.09,44.269342,1776221831000
1776221833.408,133.408,0.75,5.0,0.66,15.0,0.84,15.0,0.85,15.0,0.16,15.0,0.15,15.0,0.25,5.0,0.34,15.0,0.09,0.09,44.269771,1776221832000
1776221834.222,134.222,0.75,5.0,0.66,15.0,0.84,15.0,0.85,15.0,0.16,15.0,0.15,15.0,0.25,5.0,0.34,15.0,0.09,0.09,44.269816,1776221833000
1776221835.7,135.7,0.75,5.0,0.66,15.0,0.84,15.0,0.85,15.0,0.16,15.0,0.15,15.0,0.25,5.0,0.34,15.0,0.09,0.09,44.269816,1776221834000
1776221836.328,136.328,0.75,5.0,0.66,15.0,0.84,15.0,0.85,15.0,0.16,15.0,0.15,15.0,0.25,5.0,0.34,15.0,0.09,0.09,44.270082,1776221835000
1776221837.079,137.079,0.75,5.0,0.66,15.0,0.84,15.0,0.85,15.0,0.16,15.0,0.15,15.0,0.25,5.0,0.34,15.0,0.09,0.09,44.270422,1776221836000
1776221838.846,138.846,0.75,5.0,0.66,15.0,0.84,15.0,0.85,15.0,0.16,15.0,0.15,15.0,0.25,5.0,0.34,15.0,0.09,0.09,44.271754,1776221837000
1776221839.183,139.183,0.75,5.0,0.66,15.0,0.84,15.0,0.85,15.0,0.16,15.0,0.15,15.0,0.25,5.0,0.34,15.0,0.09,0.09,44.271754,1776221838000
1776221840.421,140.421,0.75,5.0,0.66,15.0,0.84,15.0,0.85,15.0,0.16,15.0,0.15,15.0,0.25,5.0,0.34,15.0,0.09,0.09,44.272625,1776221839000
1776221840.935,140.935,0.75,5.0,0.66,15.0,0.84,15.0,0.85,15.0,0.16,15.0,0.15,15.0,0.25,5.0,0.34,15.0,0.09,0.09,44.272459,1776221840000
1776221842.107,142.107,0.75,5.0,0.66,15.0,0.84,15.0,0.85,15.0,0.16,15.0,0.15,15.0,0.25,5.0,0.34,15.0,0.09,0.09,44.270403,1776221841000
1776221843.145,143.145,0.75,5.0,0.66,15.0,0.84,15.0,0.85,15.0,0.16,15.0,0.15,15.0,0.25,5.0,0.34,15.0,0.09,0.09,44.270536,1776221842000
1776221844.384,144.384,0.75,5.0,0.66,15.0,0.84,15.0,0.85,15.0,0.16,15.0,0.15,15.0,0.25,5.0,0.34,15.0,0.09,0.09,44.269658,1776221843000
1776221845.354,145.354,0.75,5.0,0.66,15.0,0.84,15.0,0.85,15.0,0.16,15.0,0.15,15.0,0.25,5.0,0.34,15.0,0.09,0.09,44.26972,1776221844000
1776221846.032,146.032,0.75,5.0,0.66,15.0,0.84,15.0,0.85,15.0,0.16,15.0,0.15,15.0,0.25,5.0,0.34,15.0,0.09,0.09,44.267268,1776221845000
1776221847.057,147.057,0.75,5.0,0.66,15.0,0.84,15.0,0.85,15.0,0.16,15.0,0.15,15.0,0.25,5.0,0.34,15.0,0.09,0.09,44.262172,1776221846000
1776221848.188,148.188,0.75,5.0,0.66,15.0,0.84,15.0,0.85,15.0,0.16,15.0,0.15,15.0,0.25,5.0,0.34,15.0,0.09,0.09,44.261333,1776221847000
1776221849.315,149.315,0.75,5.0,0.66,15.0,0.84,15.0,0.85,15.0,0.16,15.0,0.15,15.0,0.25,5.0,0.34,15.0,0.09,0.09,44.260597,1776221848000
1776221849.839,149.839,0.75,5.0,0.66,15.0,0.84,15.0,0.85,15.0,0.16,15.0,0.15,15.0,0.25,5.0,0.34,15.0,0.09,0.09,44.261318,1776221849000
1776221851.011,151.011,0.75,5.0,0.66,15.0,0.84,15.0,0.85,15.0,0.16,15.0,0.15,15.0,0.25,5.0,0.34,15.0,0.09,0.09,44.261539,1776221850000
1776221852.119,152.119,0.75,5.0,0.66,15.0,0.84,15.0,0.85,15.0,0.16,15.0,0.15,15.0,0.25,5.0,0.34,15.0,0.09,0.09,44.261717,1776221851000
1776221853.212,153.212,0.75,5.0,0.66,15.0,0.84,15.0,0.85,15.0,0.16,15.0,0.15,15.0,0.25,5.0,0.34,15.0,0.09,0.09,44.261717,1776221852000
1776221854.116,154.116,0.75,5.0,0.66,15.0,0.84,15.0,0.85,15.0,0.16,15.0,0.15,15.0,0.25,5.0,0.34,15.0,0.09,0.09,44.272605,1776221853000
1776221855.182,155.182,0.75,5.0,0.66,15.0,0.84,15.0,0.85,15.0,0.16,15.0,0.15,15.0,0.25,5.0,0.34,15.0,0.09,0.09,44.28341,1776221854000
1776221856.174,156.174,0.75,5.0,0.66,15.0,0.84,15.0,0.85,15.0,0.16,15.0,0.15,15.0,0.25,5.0,0.34,15.0,0.09,0.09,44.283411,1776221855000
1776221857.175,157.175,0.75,5.0,0.66,15.0,0.84,15.0,0.85,15.0,0.16,15.0,0.15,15.0,0.25,5.0,0.34,15.0,0.09,0.09,44.284497,1776221856000
1776221858.224,158.224,0.75,5.0,0.66,15.0,0.84,15.0,0.85,15.0,0.16,15.0,0.15,15.0,0.25,5.0,0.34,15.0,0.09,0.09,44.284497,1776221857000
1776221859.243,159.243,0.75,5.0,0.66,15.0,0.84,15.0,0.85,15.0,0.16,15.0,0.15,15.0,0.25,5.0,0.34,15.0,0.09,0.09,44.283696,1776221858000
1776221860.147,160.147,0.75,5.0,0.66,15.0,0.84,15.0,0.85,15.0,0.16,15.0,0.15,15.0,0.25,5.0,0.34,15.0,0.09,0.09,44.28141,1776221859000
1776221861.214,161.214,0.75,5.0,0.66,15.0,0.84,15.0,0.85,15.0,0.16,15.0,0.15,15.0,0.25,5.0,0.34,15.0,0.09,0.09,44.282302,1776221860000
1776221862.16,162.16,0.75,5.0,0.66,15.0,0.84,15.0,0.85,15.0,0.16,15.0,0.15,15.0,0.25,5.0,0.34,15.0,0.09,0.09,44.285061,1776221861000
1776221863.136,163.136,0.75,5.0,0.66,15.0,0.84,15.0,0.85,15.0,0.16,15.0,0.15,15.0,0.25,5.0,0.34,15.0,0.09,0.09,44.286452,1776221862000
1776221864.139,164.139,0.75,5.0,0.66,15.0,0.84,15.0,0.85,15.0,0.16,15.0,0.15,15.0,0.25,5.0,0.34,15.0,0.09,0.09,44.286452,1776221863000
1776221865.033,165.033,0.75,5.0,0.66,15.0,0.84,15.0,0.85,15.0,0.16,15.0,0.15,15.0,0.25,5.0,0.34,15.0,0.09,0.09,44.286185,1776221864000
1776221866.241,166.241,0.75,5.0,0.66,15.0,0.84,15.0,0.85,15.0,0.16,15.0,0.15,15.0,0.25,5.0,0.34,15.0,0.09,0.09,44.286185,1776221865000
1776221867.691,167.691,0.75,5.0,0.66,15.0,0.84,15.0,0.85,15.0,0.16,15.0,0.15,15.0,0.25,5.0,0.34,15.0,0.09,0.09,44.286416,1776221866000
1776221868.27,168.27,0.75,5.0,0.66,15.0,0.84,15.0,0.85,15.0,0.16,15.0,0.15,15.0,0.25,5.0,0.34,15.0,0.09,0.09,44.286416,1776221867000
1776221869.488,169.488,0.75,5.0,0.66,15.0,0.84,15.0,0.85,15.0,0.16,15.0,0.15,15.0,0.25,5.0,0.34,15.0,0.09,0.09,44.286868,1776221868000
1776221869.97,169.97,0.75,5.0,0.66,15.0,0.84,15.0,0.85,15.0,0.16,15.0,0.15,15.0,0.25,5.0,0.34,15.0,0.09,0.09,44.28725,1776221869000
1776221871.102,171.102,0.75,5.0,0.66,15.0,0.84,15.0,0.85,15.0,0.16,15.0,0.15,15.0,0.25,5.0,0.34,15.0,0.09,0.09,44.288313,1776221870000
1776221872.2,172.2,0.75,5.0,0.66,15.0,0.84,15.0,0.85,15.0,0.16,15.0,0.15,15.0,0.25,5.0,0.34,15.0,0.09,0.09,44.289081,1776221871000
1776221873.43,173.43,0.75,5.0,0.66,15.0,0.84,15.0,0.85,15.0,0.16,15.0,0.15,15.0,0.25,5.0,0.34,15.0,0.09,0.09,44.289228,1776221872000
1776221874.007,174.007,0.75,5.0,0.66,15.0,0.84,15.0,0.85,15.0,0.16,15.0,0.15,15.0,0.25,5.0,0.34,15.0,0.09,0.09,44.289236,1776221873000
1776221875.169,175.169,0.75,5.0,0.66,15.0,0.84,15.0,0.85,15.0,0.16,15.0,0.15,15.0,0.25,5.0,0.34,15.0,0.09,0.09,44.289614,1776221874000
1776221876.218,176.218,0.75,5.0,0.66,15.0,0.84,15.0,0.85,15.0,0.16,15.0,0.15,15.0,0.25,5.0,0.34,15.0,0.09,0.09,44.290987,1776221875000
1776221876.65,176.65,0.94,9.39,0.93,15.0,0.96,5.0,0.97,115.0,0.16,15.0,0.15,15.0,0.25,5.0,0.34,15.0,0.02,0.09,44.290987,1776221875000
1776221877.353,177.353,0.94,9.39,0.93,15.0,0.96,5.0,0.97,115.0,0.04,5.0,0.03,115.0,0.06,9.39,0.07,15.0,0.02,0.02,44.293281,1776221876000
1776221878.067,178.067,0.94,9.39,0.93,15.0,0.96,5.0,0.97,115.0,0.04,5.0,0.03,115.0,0.06,9.39,0.07,15.0,0.02,0.02,44.293603,1776221877000
1776221879.18,179.18,0.94,9.39,0.93,15.0,0.96,5.0,0.97,115.0,0.04,5.0,0.03,115.0,0.06,9.39,0.07,15.0,0.02,0.02,44.295558,1776221878000
1776221880.631,180.631,0.94,9.39,0.93,15.0,0.96,5.0,0.97,115.0,0.04,5.0,0.03,115.0,0.06,9.39,0.07,15.0,0.02,0.02,44.295303,1776221879000
1776221882.077,182.077,0.94,9.39,0.93,15.0,0.96,5.0,0.97,115.0,0.04,5.0,0.03,115.0,0.06,9.39,0.07,15.0,0.02,0.02,44.295386,1776221880000
1776221882.917,182.917,0.94,9.39,0.93,15.0,0.96,5.0,0.97,115.0,0.04,5.0,0.03,115.0,0.06,9.39,0.07,15.0,0.02,0.02,44.295428,1776221881000
1776221883.934,183.934,0.94,9.39,0.93,15.0,0.96,5.0,0.97,115.0,0.04,5.0,0.03,115.0,0.06,9.39,0.07,15.0,0.02,0.02,44.295428,1776221882000
1776221884.817,184.817,0.94,9.39,0.93,15.0,0.96,5.0,0.97,115.0,0.04,5.0,0.03,115.0,0.06,9.39,0.07,15.0,0.02,0.02,44.295429,1776221883000
1776221885.509,185.509,0.94,9.39,0.93,15.0,0.96,5.0,0.97,115.0,0.04,5.0,0.03,115.0,0.06,9.39,0.07,15.0,0.02,0.02,44.295625,1776221884000
1776221886.223,186.223,0.94,9.39,0.93,15.0,0.96,5.0,0.97,115.0,0.04,5.0,0.03,115.0,0.06,9.39,0.07,15.0,0.02,0.02,44.295625,1776221885000
1776221886.981,186.981,0.94,9.39,0.93,15.0,0.96,5.0,0.97,115.0,0.04,5.0,0.03,115.0,0.06,9.39,0.07,15.0,0.02,0.02,44.294846,1776221886000
1776221888.258,188.258,0.94,9.39,0.93,15.0,0.96,5.0,0.97,115.0,0.04,5.0,0.03,115.0,0.06,9.39,0.07,15.0,0.02,0.02,44.294713,1776221887000
1776221889.746,189.746,0.94,9.39,0.93,15.0,0.96,5.0,0.97,115.0,0.04,5.0,0.03,115.0,0.06,9.39,0.07,15.0,0.02,0.02,44.292515,1776221888000
1776221890.23,190.23,0.94,9.39,0.93,15.0,0.96,5.0,0.97,115.0,0.04,5.0,0.03,115.0,0.06,9.39,0.07,15.0,0.02,0.02,44.291799,1776221889000
1776221891.685,191.685,0.94,9.39,0.93,15.0,0.96,5.0,0.97,115.0,0.04,5.0,0.03,115.0,0.06,9.39,0.07,15.0,0.02,0.02,44.291387,1776221890000
1776221892.243,192.243,0.94,9.39,0.93,15.0,0.96,5.0,0.97,115.0,0.04,5.0,0.03,115.0,0.06,9.39,0.07,15.0,0.02,0.02,44.291387,1776221891000
1776221893.525,193.525,0.94,9.39,0.93,15.0,0.96,5.0,0.97,115.0,0.04,5.0,0.03,115.0,0.06,9.39,0.07,15.0,0.02,0.02,44.291696,1776221892000
1776221894.317,194.317,0.94,9.39,0.93,15.0,0.96,5.0,0.97,115.0,0.04,5.0,0.03,115.0,0.06,9.39,0.07,15.0,0.02,0.02,44.291696,1776221893000
1776221895.809,195.809,0.94,9.39,0.93,15.0,0.96,5.0,0.97,115.0,0.04,5.0,0.03,115.0,0.06,9.39,0.07,15.0,0.02,0.02,44.295545,1776221894000
1776221896.535,196.535,0.94,9.39,0.93,15.0,0.96,5.0,0.97,115.0,0.04,5.0,0.03,115.0,0.06,9.39,0.07,15.0,0.02,0.02,44.295813,1776221895000
1776221897.234,197.234,0.94,9.39,0.93,15.0,0.96,5.0,0.97,115.0,0.04,5.0,0.03,115.0,0.06,9.39,0.07,15.0,0.02,0.02,44.295813,1776221896000
1776221898.739,198.739,0.94,9.39,0.93,15.0,0.96,5.0,0.97,115.0,0.04,5.0,0.03,115.0,0.06,9.39,0.07,15.0,0.02,0.02,44.295828,1776221897000
1776221899.456,199.456,0.94,9.39,0.93,15.0,0.96,5.0,0.97,115.0,0.04,5.0,0.03,115.0,0.06,9.39,0.07,15.0,0.02,0.02,44.294721,1776221898000
1776221900.611,200.611,0.94,9.39,0.93,15.0,0.96,5.0,0.97,115.0,0.04,5.0,0.03,115.0,0.06,9.39,0.07,15.0,0.02,0.02,44.295855,1776221899000
1776221901.208,201.208,0.94,9.39,0.93,15.0,0.96,5.0,0.97,115.0,0.04,5.0,0.03,115.0,0.06,9.39,0.07,15.0,0.02,0.02,44.29729,1776221900000
1776221902.583,202.583,0.94,9.39,0.93,15.0,0.96,5.0,0.97,115.0,0.04,5.0,0.03,115.0,0.06,9.39,0.07,15.0,0.02,0.02,44.297246,1776221901000
1776221903.279,203.279,0.94,9.39,0.93,15.0,0.96,5.0,0.97,115.0,0.04,5.0,0.03,115.0,0.06,9.39,0.07,15.0,0.02,0.02,44.297068,1776221902000
1776221904.68,204.68,0.94,9.39,0.93,15.0,0.96,5.0,0.97,115.0,0.04,5.0,0.03,115.0,0.06,9.39,0.07,15.0,0.02,0.02,44.295186,1776221903000
1776221905.296,205.296,0.94,9.39,0.93,15.0,0.96,5.0,0.97,115.0,0.04,5.0,0.03,115.0,0.06,9.39,0.07,15.0,0.02,0.02,44.295097,1776221904000
1776221905.977,205.977,0.94,9.39,0.93,15.0,0.96,5.0,0.97,115.0,0.04,5.0,0.03,115.0,0.06,9.39,0.07,15.0,0.02,0.02,44.294993,1776221905000
1776221907.21,207.21,0.94,9.39,0.93,15.0,0.96,5.0,0.97,115.0,0.04,5.0,0.03,115.0,0.06,9.39,0.07,15.0,0.02,0.02,44.296127,1776221906000
1776221908.42,208.42,0.94,9.39,0.93,15.0,0.96,5.0,0.97,115.0,0.04,5.0,0.03,115.0,0.06,9.39,0.07,15.0,0.02,0.02,44.29628,1776221907000
1776221909.035,209.035,0.94,9.39,0.93,15.0,0.96,5.0,0.97,115.0,0.04,5.0,0.03,115.0,0.06,9.39,0.07,15.0,0.02,0.02,44.296018,1776221908000
1776221909.949,209.949,0.95,15.0,0.94,15.0,0.96,10.25,0.97,100.0,0.03,100.0,0.02,25.0,0.05,15.0,0.06,15.0,0.01,0.02,44.296018,1776221908000
1776221910.49,210.49,0.95,15.0,0.94,15.0,0.97,100.0,0.98,25.0,0.04,10.25,0.03,100.0,0.05,15.0,0.06,15.0,0.02,0.01,44.295976,1776221909000
1776221911.319,211.319,0.95,15.0,0.94,15.0,0.97,100.0,0.98,25.0,0.03,100.0,0.02,25.0,0.05,15.0,0.06,15.0,0.02,0.02,44.295443,1776221910000
1776221911.907,211.907,0.95,15.0,0.94,15.0,0.97,100.0,0.98,25.0,0.03,100.0,0.02,25.0,0.05,15.0,0.06,15.0,0.02,0.02,44.296032,1776221911000
1776221913.005,213.005,0.95,15.0,0.94,15.0,0.97,100.0,0.98,25.0,0.03,100.0,0.02,25.0,0.05,15.0,0.06,15.0,0.02,0.02,44.295944,1776221912000
1776221913.326,213.326,0.95,15.0,0.94,15.0,0.96,10.25,0.97,100.0,0.03,100.0,0.02,25.0,0.05,15.0,0.06,15.0,0.01,0.02,44.295944,1776221912000
1776221914.179,214.179,0.95,15.0,0.94,15.0,0.96,10.25,0.97,100.0,0.04,10.25,0.03,100.0,0.05,15.0,0.06,15.0,0.01,0.01,44.295899,1776221913000
1776221915.309,215.309,0.95,15.0,0.94,15.0,0.96,10.25,0.97,100.0,0.04,10.25,0.03,100.0,0.05,15.0,0.06,15.0,0.01,0.01,44.296585,1776221914000
1776221915.592,215.592,0.96,15.0,0.95,15.0,0.97,70.0,0.98,10.0,0.03,100.0,0.02,10.0,0.05,15.0,0.06,15.0,0.01,0.02,44.296585,1776221914000
1776221916.47,216.47,0.96,15.0,0.95,15.0,0.97,70.0,0.98,10.0,0.03,70.0,0.02,10.0,0.04,15.0,0.05,15.0,0.01,0.01,44.295343,1776221915000
1776221917.055,217.055,0.96,15.0,0.95,15.0,0.97,70.0,0.98,10.0,0.03,70.0,0.02,10.0,0.04,15.0,0.05,15.0,0.01,0.01,44.295343,1776221916000
1776221918.155,218.155,0.96,15.0,0.95,15.0,0.97,70.0,0.98,10.0,0.03,70.0,0.02,10.0,0.04,15.0,0.05,15.0,0.01,0.01,44.294532,1776221917000
1776221919.31,219.31,0.96,15.0,0.95,15.0,0.97,70.0,0.98,10.0,0.03,70.0,0.02,10.0,0.04,15.0,0.05,15.0,0.01,0.01,44.292122,1776221918000
1776221919.949,219.949,0.96,15.0,0.95,15.0,0.97,70.0,0.98,10.0,0.03,70.0,0.02,10.0,0.04,15.0,0.05,15.0,0.01,0.01,44.292153,1776221919000
1776221921.395,221.395,0.96,15.0,0.95,15.0,0.97,70.0,0.98,10.0,0.03,70.0,0.02,10.0,0.04,15.0,0.05,15.0,0.01,0.01,44.292419,1776221920000
1776221922.088,222.088,0.96,15.0,0.95,15.0,0.97,70.0,0.98,10.0,0.03,70.0,0.02,10.0,0.04,15.0,0.05,15.0,0.01,0.01,44.292419,1776221921000
1776221923.187,223.187,0.96,15.0,0.95,15.0,0.97,70.0,0.98,10.0,0.03,70.0,0.02,10.0,0.04,15.0,0.05,15.0,0.01,0.01,44.292292,1776221922000
1776221924.379,224.379,0.96,15.0,0.95,15.0,0.97,70.0,0.98,10.0,0.03,70.0,0.02,10.0,0.04,15.0,0.05,15.0,0.01,0.01,44.293183,1776221923000
1776221924.916,224.916,0.96,15.0,0.95,15.0,0.97,70.0,0.98,10.0,0.03,70.0,0.02,10.0,0.04,15.0,0.05,15.0,0.01,0.01,44.293183,1776221924000
1776221925.133,225.133,0.96,15.0,0.95,15.0,0.97,53.89,0.98,10.0,0.03,70.0,0.02,10.0,0.04,15.0,0.05,15.0,0.01,0.01,44.293183,1776221924000
1776221926.05,226.05,0.96,15.0,0.95,15.0,0.97,53.89,0.98,10.0,0.03,53.89,0.02,10.0,0.04,15.0,0.05,15.0,0.01,0.01,44.293138,1776221925000
1776221926.56,226.56,0.96,15.0,0.95,15.0,0.97,37.77,0.98,10.0,0.03,53.89,0.02,10.0,0.04,15.0,0.05,15.0,0.01,0.01,44.293138,1776221925000
1776221927.149,227.149,0.96,15.0,0.95,15.0,0.97,37.77,0.98,10.0,0.03,37.77,0.02,10.0,0.04,15.0,0.05,15.0,0.01,0.01,44.293138,1776221926000
1776221928.502,228.502,0.96,15.0,0.95,15.0,0.97,37.77,0.98,10.0,0.03,37.77,0.02,10.0,0.04,15.0,0.05,15.0,0.01,0.01,44.293183,1776221927000
1776221929.035,229.035,0.96,15.0,0.95,15.0,0.97,37.77,0.98,10.0,0.03,37.77,0.02,10.0,0.04,15.0,0.05,15.0,0.01,0.01,44.293099,1776221928000
1776221929.275,229.275,0.83,60.0,0.78,10.0,0.95,20.0,0.96,15.0,0.03,37.77,0.02,10.0,0.04,15.0,0.05,15.0,0.12,0.01,44.293099,1776221928000
1776221930.065,230.065,0.83,60.0,0.79,10.0,0.95,10.0,0.96,40.0,0.05,20.0,0.04,15.0,0.17,60.0,0.22,10.0,0.12,0.12,44.293099,1776221928000
1776221931.48,231.48,0.83,60.0,0.79,10.0,0.95,10.0,0.96,40.0,0.05,10.0,0.04,40.0,0.17,60.0,0.21,10.0,0.12,0.12,44.261048,1776221930000
1776221932.548,232.548,0.83,60.0,0.79,10.0,0.95,10.0,0.96,40.0,0.05,10.0,0.04,40.0,0.17,60.0,0.21,10.0,0.12,0.12,44.256313,1776221931000
1776221933.356,233.356,0.83,60.0,0.79,10.0,0.95,10.0,0.96,40.0,0.05,10.0,0.04,40.0,0.17,60.0,0.21,10.0,0.12,0.12,44.260506,1776221932000
1776221934.807,234.807,0.83,60.0,0.79,10.0,0.95,10.0,0.96,40.0,0.05,10.0,0.04,40.0,0.17,60.0,0.21,10.0,0.12,0.12,44.259472,1776221933000
1776221935.473,235.473,0.83,60.0,0.79,10.0,0.95,10.0,0.96,40.0,0.05,10.0,0.04,40.0,0.17,60.0,0.21,10.0,0.12,0.12,44.259694,1776221934000
1776221936.266,236.266,0.83,60.0,0.79,10.0,0.95,10.0,0.96,40.0,0.05,10.0,0.04,40.0,0.17,60.0,0.21,10.0,0.12,0.12,44.259197,1776221935000
1776221936.519,236.519,0.83,10.27,0.82,15.0,0.89,15.0,0.9,15.0,0.05,10.0,0.04,40.0,0.17,60.0,0.21,10.0,0.06,0.12,44.259197,1776221935000
1776221937.492,237.492,0.83,10.27,0.82,15.0,0.89,15.0,0.9,15.0,0.11,15.0,0.1,15.0,0.17,10.27,0.18,15.0,0.06,0.06,44.257888,1776221936000
1776221938.189,238.189,0.83,10.27,0.82,15.0,0.89,15.0,0.9,15.0,0.11,15.0,0.1,15.0,0.17,10.27,0.18,15.0,0.06,0.06,44.257221,1776221937000
1776221939.45,239.45,0.83,10.27,0.82,15.0,0.89,15.0,0.9,15.0,0.11,15.0,0.1,15.0,0.17,10.27,0.18,15.0,0.06,0.06,44.257593,1776221938000
1776221940.163,240.163,0.83,10.27,0.82,15.0,0.89,15.0,0.9,15.0,0.11,15.0,0.1,15.0,0.17,10.27,0.18,15.0,0.06,0.06,44.257593,1776221939000
1776221941.521,241.521,0.83,10.27,0.82,15.0,0.89,15.0,0.9,15.0,0.11,15.0,0.1,15.0,0.17,10.27,0.18,15.0,0.06,0.06,44.258668,1776221940000
1776221942.267,242.267,0.83,10.27,0.82,15.0,0.89,15.0,0.9,15.0,0.11,15.0,0.1,15.0,0.17,10.27,0.18,15.0,0.06,0.06,44.258907,1776221941000
1776221943.436,243.436,0.83,10.27,0.82,15.0,0.89,15.0,0.9,15.0,0.11,15.0,0.1,15.0,0.17,10.27,0.18,15.0,0.06,0.06,44.259006,1776221942000
1776221944.25,244.25,0.83,10.27,0.82,15.0,0.89,15.0,0.9,15.0,0.11,15.0,0.1,15.0,0.17,10.27,0.18,15.0,0.06,0.06,44.258963,1776221943000
1776221945.648,245.648,0.83,10.27,0.82,15.0,0.89,15.0,0.9,15.0,0.11,15.0,0.1,15.0,0.17,10.27,0.18,15.0,0.06,0.06,44.26008,1776221944000
1776221946.218,246.218,0.83,10.27,0.82,15.0,0.89,15.0,0.9,15.0,0.11,15.0,0.1,15.0,0.17,10.27,0.18,15.0,0.06,0.06,44.259677,1776221945000
1776221946.44,246.44,0.91,25.32,0.9,22.22,0.94,15.0,0.95,10.0,0.11,15.0,0.1,15.0,0.17,10.27,0.18,15.0,0.03,0.06,44.259677,1776221945000
1776221947.617,247.617,0.91,25.32,0.9,22.22,0.94,15.0,0.95,10.0,0.06,15.0,0.05,10.0,0.09,25.32,0.1,22.22,0.03,0.03,44.258757,1776221946000
1776221948.305,248.305,0.91,25.32,0.9,22.22,0.94,15.0,0.95,10.0,0.06,15.0,0.05,10.0,0.09,25.32,0.1,22.22,0.03,0.03,44.258709,1776221947000
1776221949.522,249.522,0.91,14.1,0.9,22.22,0.94,15.0,0.95,15.0,0.06,15.0,0.05,10.0,0.09,25.32,0.1,22.22,0.03,0.03,44.258709,1776221947000
1776221950.219,250.219,0.91,14.1,0.9,22.22,0.94,15.0,0.95,15.0,0.06,15.0,0.05,15.0,0.09,14.1,0.1,22.22,0.03,0.03,44.25888,1776221949000
1776221950.48,250.48,0.9,22.22,0.85,15.0,0.92,15.0,0.93,15.0,0.06,15.0,0.05,15.0,0.09,14.1,0.1,22.22,0.02,0.03,44.25888,1776221949000
1776221951.291,251.291,0.9,22.22,0.85,15.0,0.92,15.0,0.93,15.0,0.08,15.0,0.07,15.0,0.1,22.22,0.15,15.0,0.02,0.02,44.254867,1776221950000
1776221952.145,252.145,0.9,12.22,0.85,15.0,0.91,135.0,0.92,15.0,0.08,15.0,0.07,15.0,0.1,22.22,0.15,15.0,0.01,0.02,44.254867,1776221950000
1776221952.842,252.842,0.9,2.12,0.85,15.0,0.91,135.0,0.92,27.5,0.09,135.0,0.08,15.0,0.1,12.22,0.15,15.0,0.01,0.01,44.254867,1776221950000
1776221953.065,253.065,0.9,2.12,0.85,15.0,0.91,135.0,0.92,27.5,0.09,135.0,0.08,27.5,0.1,2.12,0.15,15.0,0.01,0.01,44.252097,1776221951000
1776221953.524,253.524,0.9,2.12,0.85,15.0,0.91,135.0,0.92,27.5,0.09,135.0,0.08,27.5,0.1,2.12,0.15,15.0,0.01,0.01,44.246284,1776221952000
1776221954.425,254.425,0.9,2.12,0.85,15.0,0.91,135.0,0.92,27.5,0.09,135.0,0.08,27.5,0.1,2.12,0.15,15.0,0.01,0.01,44.242533,1776221953000
1776221955.036,255.036,0.9,2.12,0.85,15.0,0.91,135.0,0.92,27.5,0.09,135.0,0.08,27.5,0.1,2.12,0.15,15.0,0.01,0.01,44.241871,1776221954000
1776221956.157,256.157,0.85,15.0,0.83,0.27,0.9,7.98,0.91,135.0,0.09,135.0,0.08,27.5,0.1,2.12,0.15,15.0,0.05,0.01,44.241871,1776221954000
1776221956.477,256.477,0.85,3.76,0.83,0.27,0.9,7.98,0.91,135.0,0.1,7.98,0.09,135.0,0.15,15.0,0.17,0.27,0.05,0.05,44.242125,1776221955000
1776221957.595,257.595,0.85,3.76,0.83,0.27,0.9,7.98,0.91,135.0,0.1,7.98,0.09,135.0,0.15,3.76,0.17,0.27,0.05,0.05,44.241911,1776221956000
1776221958.224,258.224,0.85,3.76,0.83,0.27,0.9,7.98,0.91,135.0,0.1,7.98,0.09,135.0,0.15,3.76,0.17,0.27,0.05,0.05,44.24197,1776221957000
1776221959.635,259.635,0.85,3.76,0.83,0.27,0.9,7.98,0.91,135.0,0.1,7.98,0.09,135.0,0.15,3.76,0.17,0.27,0.05,0.05,44.242535,1776221958000
1776221960.265,260.265,0.85,3.76,0.83,0.27,0.9,7.98,0.91,135.0,0.1,7.98,0.09,135.0,0.15,3.76,0.17,0.27,0.05,0.05,44.242407,1776221959000
1776221961.413,261.413,0.85,3.76,0.83,0.27,0.9,7.98,0.91,135.0,0.1,7.98,0.09,135.0,0.15,3.76,0.17,0.27,0.05,0.05,44.242351,1776221960000
1776221962.099,262.099,0.85,3.76,0.83,0.27,0.9,7.98,0.91,135.0,0.1,7.98,0.09,135.0,0.15,3.76,0.17,0.27,0.05,0.05,44.242341,1776221961000
1776221963.326,263.326,0.62,38.57,0.59,10.0,0.86,131.0,0.87,15.0,0.14,131.0,0.13,15.0,0.38,38.57,0.41,10.0,0.24,0.24,44.242024,1776221962000
1776221964.01,264.01,0.62,38.57,0.59,10.0,0.86,131.0,0.87,15.0,0.14,131.0,0.13,15.0,0.38,38.57,0.41,10.0,0.24,0.24,44.233853,1776221963000
1776221965.277,265.277,0.62,38.57,0.59,10.0,0.86,131.0,0.87,15.0,0.14,131.0,0.13,15.0,0.38,38.57,0.41,10.0,0.24,0.24,44.225785,1776221964000
1776221966.797,266.797,0.62,38.57,0.59,10.0,0.86,131.0,0.87,15.0,0.14,131.0,0.13,15.0,0.38,38.57,0.41,10.0,0.24,0.24,44.223561,1776221965000
1776221967.42,267.42,0.62,38.57,0.59,10.0,0.86,131.0,0.87,15.0,0.14,131.0,0.13,15.0,0.38,38.57,0.41,10.0,0.24,0.24,44.223603,1776221966000
1776221968.319,268.319,0.62,38.57,0.59,10.0,0.86,131.0,0.87,15.0,0.14,131.0,0.13,15.0,0.38,38.57,0.41,10.0,0.24,0.24,44.223736,1776221967000
1776221969.37,269.37,0.62,38.57,0.59,10.0,0.86,131.0,0.87,15.0,0.14,131.0,0.13,15.0,0.38,38.57,0.41,10.0,0.24,0.24,44.225071,1776221968000
1776221970.373,270.373,0.62,38.57,0.59,10.0,0.86,131.0,0.87,15.0,0.14,131.0,0.13,15.0,0.38,38.57,0.41,10.0,0.24,0.24,44.226462,1776221969000
1776221971.356,271.356,0.62,38.57,0.59,10.0,0.86,131.0,0.87,15.0,0.14,131.0,0.13,15.0,0.38,38.57,0.41,10.0,0.24,0.24,44.230987,1776221970000
1776221972.31,272.31,0.62,38.57,0.59,10.0,0.86,131.0,0.87,15.0,0.14,131.0,0.13,15.0,0.38,38.57,0.41,10.0,0.24,0.24,44.230908,1776221971000
1776221973.421,273.421,0.62,38.57,0.59,10.0,0.86,131.0,0.87,15.0,0.14,131.0,0.13,15.0,0.38,38.57,0.41,10.0,0.24,0.24,44.230198,1776221972000
1776221973.871,273.871,0.62,38.57,0.59,10.0,0.86,131.0,0.87,15.0,0.14,131.0,0.13,15.0,0.38,38.57,0.41,10.0,0.24,0.24,44.230198,1776221973000
1776221975.008,275.008,0.62,38.57,0.59,10.0,0.86,131.0,0.87,15.0,0.14,131.0,0.13,15.0,0.38,38.57,0.41,10.0,0.24,0.24,44.2298,1776221974000
1776221975.995,275.995,0.62,38.57,0.59,10.0,0.86,131.0,0.87,15.0,0.14,131.0,0.13,15.0,0.38,38.57,0.41,10.0,0.24,0.24,44.229712,1776221975000
1776221977.082,277.082,0.73,5.0,0.62,38.57,0.84,64.0,0.9,17.98,0.16,64.0,0.1,17.98,0.27,5.0,0.38,38.57,0.11,0.11,44.229757,1776221976000
1776221978.076,278.076,0.73,5.0,0.62,38.57,0.84,64.0,0.9,17.98,0.16,64.0,0.1,17.98,0.27,5.0,0.38,38.57,0.11,0.11,44.229624,1776221977000
1776221979.047,279.047,0.73,5.0,0.62,38.57,0.84,64.0,0.9,17.98,0.16,64.0,0.1,17.98,0.27,5.0,0.38,38.57,0.11,0.11,44.229228,1776221978000
1776221980.016,280.016,0.69,10.0,0.62,38.57,0.84,58.56,0.85,120.0,0.16,64.0,0.1,17.98,0.27,5.0,0.38,38.57,0.15,0.11,44.229228,1776221978000
1776221981.26,281.26,0.69,10.0,0.62,38.57,0.84,58.56,0.85,120.0,0.16,58.56,0.15,120.0,0.31,10.0,0.38,38.57,0.15,0.15,44.228928,1776221980000
1776221981.696,281.696,0.74,5.0,0.62,38.57,0.84,58.56,0.85,120.0,0.16,58.56,0.15,120.0,0.31,10.0,0.38,38.57,0.1,0.15,44.228928,1776221980000
1776221982.31,282.31,0.74,5.0,0.62,38.57,0.84,58.56,0.85,120.0,0.16,58.56,0.15,120.0,0.26,5.0,0.38,38.57,0.1,0.1,44.229109,1776221981000
1776221983.051,283.051,0.74,5.0,0.62,38.57,0.84,58.56,0.85,120.0,0.16,58.56,0.15,120.0,0.26,5.0,0.38,38.57,0.1,0.1,44.229535,1776221982000
1776221984.011,284.011,0.74,5.0,0.62,38.57,0.84,58.56,0.85,120.0,0.16,58.56,0.15,120.0,0.26,5.0,0.38,38.57,0.1,0.1,44.229801,1776221983000
1776221985.079,285.079,0.74,5.0,0.62,38.57,0.84,58.56,0.85,120.0,0.16,58.56,0.15,120.0,0.26,5.0,0.38,38.57,0.1,0.1,44.229801,1776221984000
1776221986.201,286.201,0.74,5.0,0.62,38.57,0.84,58.56,0.85,120.0,0.16,58.56,0.15,120.0,0.26,5.0,0.38,38.57,0.1,0.1,44.228555,1776221985000
1776221987.257,287.257,0.74,5.0,0.62,38.57,0.84,58.56,0.85,120.0,0.16,58.56,0.15,120.0,0.26,5.0,0.38,38.57,0.1,0.1,44.228006,1776221986000
1776221988.315,288.315,0.74,5.0,0.62,38.57,0.84,58.56,0.85,120.0,0.16,58.56,0.15,120.0,0.26,5.0,0.38,38.57,0.1,0.1,44.226451,1776221987000
1776221989.35,289.35,0.74,5.0,0.62,38.57,0.84,58.56,0.85,120.0,0.16,58.56,0.15,120.0,0.26,5.0,0.38,38.57,0.1,0.1,44.226626,1776221988000
1776221990.394,290.394,0.74,5.0,0.62,38.57,0.84,58.56,0.85,120.0,0.16,58.56,0.15,120.0,0.26,5.0,0.38,38.57,0.1,0.1,44.227022,1776221989000
1776221990.716,290.716,0.62,48.57,0.5,20.0,0.79,8.72,0.85,120.0,0.16,58.56,0.15,120.0,0.26,5.0,0.38,38.57,0.17,0.1,44.227022,1776221989000
1776221990.977,290.977,0.62,48.57,0.5,20.0,0.79,8.72,0.85,120.0,0.21,8.72,0.15,120.0,0.38,48.57,0.5,20.0,0.17,0.17,44.225002,1776221990000
1776221991.915,291.915,0.62,48.57,0.5,20.0,0.79,8.72,0.85,120.0,0.21,8.72,0.15,120.0,0.38,48.57,0.5,20.0,0.17,0.17,44.225002,1776221991000
1776221993.064,293.064,0.62,48.57,0.5,20.0,0.79,8.72,0.85,120.0,0.21,8.72,0.15,120.0,0.38,48.57,0.5,20.0,0.17,0.17,44.225068,1776221992000
1776221993.421,293.421,0.62,48.57,0.5,20.0,0.79,8.74,0.85,120.0,0.21,8.72,0.15,120.0,0.38,48.57,0.5,20.0,0.17,0.17,44.225068,1776221992000
1776221994.047,294.047,0.62,48.57,0.5,20.0,0.79,8.74,0.85,120.0,0.21,8.74,0.15,120.0,0.38,48.57,0.5,20.0,0.17,0.17,44.225068,1776221993000
1776221995.233,295.233,0.62,48.57,0.5,20.0,0.79,8.74,0.85,120.0,0.21,8.74,0.15,120.0,0.38,48.57,0.5,20.0,0.17,0.17,44.224963,1776221994000
1776221996.277,296.277,0.62,48.57,0.5,20.0,0.79,8.74,0.85,120.0,0.21,8.74,0.15,120.0,0.38,48.57,0.5,20.0,0.17,0.17,44.224963,1776221995000
1776221996.583,296.583,0.67,10.0,0.62,38.57,0.85,103.96,0.9,7.98,0.16,8.65,0.15,120.0,0.33,10.0,0.38,38.57,0.18,0.17,44.224963,1776221995000
1776221997.264,297.264,0.62,28.57,0.5,20.0,0.85,102.73,0.9,7.98,0.15,102.73,0.1,7.98,0.33,10.0,0.38,38.57,0.23,0.18,44.224963,1776221995000
1776221997.491,297.491,0.62,28.57,0.5,20.0,0.85,89.67,0.9,7.98,0.15,101.44,0.1,7.98,0.38,28.57,0.5,20.0,0.23,0.23,44.225087,1776221996000
1776221998.407,298.407,0.62,10.57,0.5,20.0,0.85,88.38,0.9,7.98,0.15,89.67,0.1,7.98,0.38,10.57,0.5,20.0,0.23,0.23,44.225087,1776221996000
1776221998.677,298.677,0.82,10.0,0.62,10.57,0.85,77.21,0.9,7.98,0.15,78.38,0.1,7.98,0.38,10.57,0.5,20.0,0.03,0.23,44.224965,1776221997000
1776221998.929,298.929,0.82,10.0,0.62,10.57,0.85,77.21,0.9,7.98,0.15,77.21,0.1,7.98,0.18,10.0,0.38,10.57,0.03,0.03,44.22355,1776221998000
1776221999.369,299.369,0.81,10.0,0.62,9.54,0.85,74.85,0.9,7.98,0.15,76.03,0.1,7.98,0.38,9.54,0.4,6.0,0.04,0.23,44.22355,1776221998000
1776221999.612,299.612,0.79,10.0,0.62,9.54,0.81,86.0,0.85,74.85,0.19,91.0,0.15,74.85,0.38,9.54,0.4,6.0,0.02,0.19,44.22355,1776221998000
1776221999.875,299.875,0.79,10.0,0.62,9.54,0.81,80.0,0.85,74.85,0.19,80.0,0.15,74.85,0.21,10.0,0.38,9.54,0.02,0.02,44.220203,1776221999000
1776222000.154,300.154,0.77,5.0,0.66,5.0,0.81,53.77,0.85,74.85,0.19,80.0,0.15,74.85,0.21,10.0,0.38,9.54,0.04,0.02,44.220203,1776221999000
1776222000.988,300.988,0.77,5.0,0.66,5.0,0.81,53.77,0.85,74.85,0.19,53.77,0.15,74.85,0.23,5.0,0.34,5.0,0.04,0.04,44.217953,1776222000000
1776222001.954,301.954,0.77,5.0,0.66,5.0,0.81,53.77,0.85,74.85,0.19,53.77,0.15,74.85,0.23,5.0,0.34,5.0,0.04,0.04,44.216863,1776222001000

# RESULT,winner=Down,slug=hype-updown-5m-1776221700,ticks=314
