timestamp,elapsed_sec,up_bid_p1,up_bid_s1,up_bid_p2,up_bid_s2,up_bid_p3,up_bid_s3,up_bid_p4,up_bid_s4,up_bid_p5,up_bid_s5,up_ask_p1,up_ask_s1,up_ask_p2,up_ask_s2,up_ask_p3,up_ask_s3,up_ask_p4,up_ask_s4,up_ask_p5,up_ask_s5,down_bid_p1,down_bid_s1,down_bid_p2,down_bid_s2,down_bid_p3,down_bid_s3,down_bid_p4,down_bid_s4,down_bid_p5,down_bid_s5,down_ask_p1,down_ask_s1,down_ask_p2,down_ask_s2,down_ask_p3,down_ask_s3,down_ask_p4,down_ask_s4,down_ask_p5,down_ask_s5,up_spread,down_spread,hype_price,hype_oracle_ts
1776161101.436,1.436,,,,,,,,,,,,,,,,,,,,,,,,,,,,,,,,,,,,,,,,,,,44.910099,1776161100000
1776161101.875,1.875,0.44,5.0,0.33,15.0,0.11,100.0,0.08,57.5,0.07,50.0,0.54,10.0,0.56,5.0,0.89,100.0,0.92,50.0,0.93,50.0,0.46,10.0,0.44,5.0,0.11,100.0,0.08,50.0,0.07,50.0,0.56,5.0,0.67,15.0,0.89,100.0,0.92,57.5,0.93,50.0,0.1,0.1,44.910099,1776161100000
1776161102.154,2.154,0.44,5.0,0.33,15.0,0.11,100.0,0.08,57.5,0.07,50.0,0.54,10.0,0.56,5.0,0.89,100.0,0.92,50.0,0.93,50.0,0.46,10.0,0.44,5.0,0.11,100.0,0.08,50.0,0.07,50.0,0.56,5.0,0.67,15.0,0.89,100.0,0.92,57.5,0.93,50.0,0.1,0.1,44.910005,1776161101000
1776161103.473,3.473,0.44,5.0,0.33,15.0,0.11,100.0,0.08,57.5,0.07,50.0,0.54,10.0,0.56,5.0,0.89,100.0,0.92,50.0,0.93,50.0,0.46,10.0,0.44,5.0,0.11,100.0,0.08,50.0,0.07,50.0,0.56,5.0,0.67,15.0,0.89,100.0,0.92,57.5,0.93,50.0,0.1,0.1,44.910064,1776161102000
1776161104.045,4.045,0.44,5.0,0.33,15.0,0.11,100.0,0.08,57.5,0.07,50.0,0.54,10.0,0.56,5.0,0.89,100.0,0.92,50.0,0.93,50.0,0.46,10.0,0.44,5.0,0.11,100.0,0.08,50.0,0.07,50.0,0.56,5.0,0.67,15.0,0.89,100.0,0.92,57.5,0.93,50.0,0.1,0.1,44.912619,1776161103000
1776161105.275,5.275,0.44,5.0,0.33,15.0,0.11,100.0,0.08,57.5,0.07,50.0,0.54,10.0,0.56,5.0,0.89,100.0,0.92,50.0,0.93,50.0,0.46,10.0,0.44,5.0,0.11,100.0,0.08,50.0,0.07,50.0,0.56,5.0,0.67,15.0,0.89,100.0,0.92,57.5,0.93,50.0,0.1,0.1,44.904153,1776161104000
1776161106.594,6.594,0.44,5.0,0.33,15.0,0.11,100.0,0.08,57.5,0.07,50.0,0.54,10.0,0.56,5.0,0.89,100.0,0.92,50.0,0.93,50.0,0.46,10.0,0.44,5.0,0.11,100.0,0.08,50.0,0.07,50.0,0.56,5.0,0.67,15.0,0.89,100.0,0.92,57.5,0.93,50.0,0.1,0.1,44.908168,1776161105000
1776161107.369,7.369,0.44,5.0,0.33,15.0,0.11,100.0,0.08,57.5,0.07,50.0,0.54,10.0,0.56,5.0,0.89,100.0,0.92,50.0,0.93,50.0,0.46,10.0,0.44,5.0,0.11,100.0,0.08,50.0,0.07,50.0,0.56,5.0,0.67,15.0,0.89,100.0,0.92,57.5,0.93,50.0,0.1,0.1,44.906872,1776161106000
1776161108.741,8.741,0.44,5.0,0.33,15.0,0.11,100.0,0.08,57.5,0.07,50.0,0.54,10.0,0.56,5.0,0.89,100.0,0.92,50.0,0.93,50.0,0.46,10.0,0.44,5.0,0.11,100.0,0.08,50.0,0.07,50.0,0.56,5.0,0.67,15.0,0.89,100.0,0.92,57.5,0.93,50.0,0.1,0.1,44.916714,1776161107000
1776161109.855,9.855,0.44,5.0,0.33,15.0,0.11,100.0,0.08,57.5,0.07,50.0,0.54,10.0,0.56,5.0,0.89,100.0,0.92,50.0,0.93,50.0,0.46,10.0,0.44,5.0,0.11,100.0,0.08,50.0,0.07,50.0,0.56,5.0,0.67,15.0,0.89,100.0,0.92,57.5,0.93,50.0,0.1,0.1,44.918314,1776161108000
1776161110.149,10.149,0.61,5.0,0.55,11.08,0.44,5.0,0.11,100.0,0.07,50.0,0.78,32.0,0.83,5.0,0.84,5.0,0.85,5.0,0.86,5.0,0.46,10.0,0.44,5.0,0.11,100.0,0.08,50.0,0.07,50.0,0.56,5.0,0.67,15.0,0.89,100.0,0.92,57.5,0.93,50.0,0.17,0.1,44.918314,1776161108000
1776161110.4,10.4,0.61,5.0,0.55,11.08,0.44,5.0,0.11,100.0,0.07,50.0,0.78,32.0,0.83,5.0,0.84,5.0,0.85,5.0,0.86,5.0,0.22,32.0,0.17,5.0,0.16,5.0,0.15,5.0,0.14,5.0,0.39,5.0,0.45,11.08,0.56,5.0,0.89,100.0,0.93,50.0,0.17,0.17,44.920802,1776161109000
1776161111.379,11.379,0.61,5.0,0.55,11.08,0.44,5.0,0.11,100.0,0.07,50.0,0.78,32.0,0.83,5.0,0.84,5.0,0.85,5.0,0.86,5.0,0.22,32.0,0.17,5.0,0.16,5.0,0.15,5.0,0.14,5.0,0.39,5.0,0.45,11.08,0.56,5.0,0.89,100.0,0.93,50.0,0.17,0.17,44.927814,1776161110000
1776161112.016,12.016,0.61,5.0,0.55,11.08,0.44,5.0,0.11,100.0,0.07,50.0,0.78,32.0,0.83,5.0,0.84,5.0,0.85,5.0,0.86,5.0,0.22,32.0,0.17,5.0,0.16,5.0,0.15,5.0,0.14,5.0,0.39,5.0,0.45,11.08,0.56,5.0,0.89,100.0,0.93,50.0,0.17,0.17,44.933521,1776161111000
1776161113.398,13.398,0.61,5.0,0.55,11.08,0.44,5.0,0.11,100.0,0.07,50.0,0.78,32.0,0.83,5.0,0.84,5.0,0.85,5.0,0.86,5.0,0.22,32.0,0.17,5.0,0.16,5.0,0.15,5.0,0.14,5.0,0.39,5.0,0.45,11.08,0.56,5.0,0.89,100.0,0.93,50.0,0.17,0.17,44.940728,1776161112000
1776161114.15,14.15,0.61,5.0,0.55,11.08,0.44,5.0,0.11,100.0,0.07,50.0,0.78,32.0,0.83,5.0,0.84,5.0,0.85,5.0,0.86,5.0,0.22,32.0,0.17,5.0,0.16,5.0,0.15,5.0,0.14,5.0,0.39,5.0,0.45,11.08,0.56,5.0,0.89,100.0,0.93,50.0,0.17,0.17,44.942173,1776161113000
1776161115.253,15.253,0.61,5.0,0.55,11.08,0.44,5.0,0.11,100.0,0.07,50.0,0.78,32.0,0.83,5.0,0.84,5.0,0.85,5.0,0.86,5.0,0.22,32.0,0.17,5.0,0.16,5.0,0.15,5.0,0.14,5.0,0.39,5.0,0.45,11.08,0.56,5.0,0.89,100.0,0.93,50.0,0.17,0.17,44.943542,1776161114000
1776161116.599,16.599,0.61,5.0,0.55,11.08,0.44,5.0,0.11,100.0,0.07,50.0,0.78,32.0,0.83,5.0,0.84,5.0,0.85,5.0,0.86,5.0,0.22,32.0,0.17,5.0,0.16,5.0,0.15,5.0,0.14,5.0,0.39,5.0,0.45,11.08,0.56,5.0,0.89,100.0,0.93,50.0,0.17,0.17,44.942228,1776161115000
1776161116.956,16.956,0.61,5.0,0.55,11.08,0.44,5.0,0.11,100.0,0.07,50.0,0.78,32.0,0.83,5.0,0.84,5.0,0.85,5.0,0.86,5.0,0.22,32.0,0.17,5.0,0.16,5.0,0.15,5.0,0.14,5.0,0.39,5.0,0.45,11.08,0.56,5.0,0.89,100.0,0.93,50.0,0.17,0.17,44.942739,1776161116000
1776161118.197,18.197,0.61,5.0,0.55,11.08,0.44,5.0,0.11,100.0,0.07,50.0,0.78,32.0,0.83,5.0,0.84,5.0,0.85,5.0,0.86,5.0,0.22,32.0,0.17,5.0,0.16,5.0,0.15,5.0,0.14,5.0,0.39,5.0,0.45,11.08,0.56,5.0,0.89,100.0,0.93,50.0,0.17,0.17,44.943443,1776161117000
1776161119.24,19.24,0.61,5.0,0.55,11.08,0.44,5.0,0.11,100.0,0.07,50.0,0.78,32.0,0.83,5.0,0.84,5.0,0.85,5.0,0.86,5.0,0.22,32.0,0.17,5.0,0.16,5.0,0.15,5.0,0.14,5.0,0.39,5.0,0.45,11.08,0.56,5.0,0.89,100.0,0.93,50.0,0.17,0.17,44.943298,1776161118000
1776161120.49,20.49,0.61,5.0,0.55,11.08,0.44,5.0,0.11,100.0,0.07,50.0,0.78,32.0,0.83,5.0,0.84,5.0,0.85,5.0,0.86,5.0,0.22,32.0,0.17,5.0,0.16,5.0,0.15,5.0,0.14,5.0,0.39,5.0,0.45,11.08,0.56,5.0,0.89,100.0,0.93,50.0,0.17,0.17,44.943298,1776161119000
1776161120.897,20.897,0.61,5.0,0.55,11.08,0.44,5.0,0.11,100.0,0.07,50.0,0.78,32.0,0.83,5.0,0.84,5.0,0.85,5.0,0.86,5.0,0.22,32.0,0.17,5.0,0.16,5.0,0.15,5.0,0.14,5.0,0.39,5.0,0.45,11.08,0.56,5.0,0.89,100.0,0.93,50.0,0.17,0.17,44.943506,1776161120000
1776161122.07,22.07,0.61,5.0,0.55,11.08,0.44,5.0,0.11,100.0,0.07,50.0,0.78,32.0,0.83,5.0,0.84,5.0,0.85,5.0,0.86,5.0,0.22,32.0,0.17,5.0,0.16,5.0,0.15,5.0,0.14,5.0,0.39,5.0,0.45,11.08,0.56,5.0,0.89,100.0,0.93,50.0,0.17,0.17,44.943506,1776161121000
1776161123.252,23.252,0.61,5.0,0.55,11.08,0.44,5.0,0.11,100.0,0.07,50.0,0.78,32.0,0.83,5.0,0.84,5.0,0.85,5.0,0.86,5.0,0.22,32.0,0.17,5.0,0.16,5.0,0.15,5.0,0.14,5.0,0.39,5.0,0.45,11.08,0.56,5.0,0.89,100.0,0.93,50.0,0.17,0.17,44.943584,1776161122000
1776161124.72,24.72,0.61,5.0,0.55,11.08,0.44,5.0,0.11,100.0,0.07,50.0,0.78,32.0,0.83,5.0,0.84,5.0,0.85,5.0,0.86,5.0,0.22,32.0,0.17,5.0,0.16,5.0,0.15,5.0,0.14,5.0,0.39,5.0,0.45,11.08,0.56,5.0,0.89,100.0,0.93,50.0,0.17,0.17,44.95916,1776161123000
1776161125.529,25.529,0.61,5.0,0.55,11.08,0.44,5.0,0.11,100.0,0.07,50.0,0.78,32.0,0.83,5.0,0.84,5.0,0.85,5.0,0.86,5.0,0.22,32.0,0.17,5.0,0.16,5.0,0.15,5.0,0.14,5.0,0.39,5.0,0.45,11.08,0.56,5.0,0.89,100.0,0.93,50.0,0.17,0.17,44.958365,1776161124000
1776161126.099,26.099,0.61,5.0,0.55,11.08,0.44,5.0,0.11,100.0,0.07,50.0,0.78,32.0,0.83,5.0,0.84,5.0,0.85,5.0,0.86,5.0,0.22,32.0,0.17,5.0,0.16,5.0,0.15,5.0,0.14,5.0,0.39,5.0,0.45,11.08,0.56,5.0,0.89,100.0,0.93,50.0,0.17,0.17,44.960657,1776161125000
1776161127.66,27.66,0.61,5.0,0.55,11.08,0.44,5.0,0.11,100.0,0.07,50.0,0.78,32.0,0.83,5.0,0.84,5.0,0.85,5.0,0.86,5.0,0.22,32.0,0.17,5.0,0.16,5.0,0.15,5.0,0.14,5.0,0.39,5.0,0.45,11.08,0.56,5.0,0.89,100.0,0.93,50.0,0.17,0.17,44.959835,1776161126000
1776161128.474,28.474,0.61,5.0,0.55,11.08,0.44,5.0,0.11,100.0,0.07,50.0,0.78,32.0,0.83,5.0,0.84,5.0,0.85,5.0,0.86,5.0,0.22,32.0,0.17,5.0,0.16,5.0,0.15,5.0,0.14,5.0,0.39,5.0,0.45,11.08,0.56,5.0,0.89,100.0,0.93,50.0,0.17,0.17,44.959379,1776161127000
1776161129.058,29.058,0.61,5.0,0.55,11.08,0.44,5.0,0.11,100.0,0.07,50.0,0.78,32.0,0.83,5.0,0.84,5.0,0.85,5.0,0.86,5.0,0.22,32.0,0.17,5.0,0.16,5.0,0.15,5.0,0.14,5.0,0.39,5.0,0.45,11.08,0.56,5.0,0.89,100.0,0.93,50.0,0.17,0.17,44.960145,1776161128000
1776161130.469,30.469,0.61,5.0,0.55,11.08,0.44,5.0,0.11,100.0,0.07,50.0,0.78,32.0,0.83,5.0,0.84,5.0,0.85,5.0,0.86,5.0,0.22,32.0,0.17,5.0,0.16,5.0,0.15,5.0,0.14,5.0,0.39,5.0,0.45,11.08,0.56,5.0,0.89,100.0,0.93,50.0,0.17,0.17,44.961172,1776161129000
1776161131.079,31.079,0.61,5.0,0.55,11.08,0.44,5.0,0.11,100.0,0.07,50.0,0.78,32.0,0.83,5.0,0.84,5.0,0.85,5.0,0.86,5.0,0.22,32.0,0.17,5.0,0.16,5.0,0.15,5.0,0.14,5.0,0.39,5.0,0.45,11.08,0.56,5.0,0.89,100.0,0.93,50.0,0.17,0.17,44.961172,1776161130000
1776161132.282,32.282,0.61,5.0,0.55,11.08,0.44,5.0,0.11,100.0,0.07,50.0,0.78,32.0,0.83,5.0,0.84,5.0,0.85,5.0,0.86,5.0,0.22,32.0,0.17,5.0,0.16,5.0,0.15,5.0,0.14,5.0,0.39,5.0,0.45,11.08,0.56,5.0,0.89,100.0,0.93,50.0,0.17,0.17,44.963174,1776161131000
1776161133.003,33.003,0.61,5.0,0.55,11.08,0.44,5.0,0.11,100.0,0.07,50.0,0.78,32.0,0.83,5.0,0.84,5.0,0.85,5.0,0.86,5.0,0.22,32.0,0.17,5.0,0.16,5.0,0.15,5.0,0.14,5.0,0.39,5.0,0.45,11.08,0.56,5.0,0.89,100.0,0.93,50.0,0.17,0.17,44.96402,1776161132000
1776161134.236,34.236,0.61,5.0,0.55,11.08,0.44,5.0,0.11,100.0,0.07,50.0,0.78,32.0,0.83,5.0,0.84,5.0,0.85,5.0,0.86,5.0,0.22,32.0,0.17,5.0,0.16,5.0,0.15,5.0,0.14,5.0,0.39,5.0,0.45,11.08,0.56,5.0,0.89,100.0,0.93,50.0,0.17,0.17,44.96812,1776161133000
1776161135.523,35.523,0.61,5.0,0.55,11.08,0.44,5.0,0.11,100.0,0.07,50.0,0.78,32.0,0.83,5.0,0.84,5.0,0.85,5.0,0.86,5.0,0.22,32.0,0.17,5.0,0.16,5.0,0.15,5.0,0.14,5.0,0.39,5.0,0.45,11.08,0.56,5.0,0.89,100.0,0.93,50.0,0.17,0.17,44.96903,1776161134000
1776161136.194,36.194,0.61,5.0,0.55,11.08,0.44,5.0,0.11,100.0,0.07,50.0,0.78,32.0,0.83,5.0,0.84,5.0,0.85,5.0,0.86,5.0,0.22,32.0,0.17,5.0,0.16,5.0,0.15,5.0,0.14,5.0,0.39,5.0,0.45,11.08,0.56,5.0,0.89,100.0,0.93,50.0,0.17,0.17,44.96903,1776161135000
1776161137.595,37.595,0.61,5.0,0.55,11.08,0.44,5.0,0.11,100.0,0.07,50.0,0.78,32.0,0.83,5.0,0.84,5.0,0.85,5.0,0.86,5.0,0.22,32.0,0.17,5.0,0.16,5.0,0.15,5.0,0.14,5.0,0.39,5.0,0.45,11.08,0.56,5.0,0.89,100.0,0.93,50.0,0.17,0.17,44.96926,1776161136000
1776161138.213,38.213,0.61,5.0,0.55,11.08,0.44,5.0,0.11,100.0,0.07,50.0,0.78,32.0,0.83,5.0,0.84,5.0,0.85,5.0,0.86,5.0,0.22,32.0,0.17,5.0,0.16,5.0,0.15,5.0,0.14,5.0,0.39,5.0,0.45,11.08,0.56,5.0,0.89,100.0,0.93,50.0,0.17,0.17,44.96926,1776161137000
1776161139.587,39.587,0.61,5.0,0.55,11.08,0.44,5.0,0.11,100.0,0.07,50.0,0.78,32.0,0.83,5.0,0.84,5.0,0.85,5.0,0.86,5.0,0.22,32.0,0.17,5.0,0.16,5.0,0.15,5.0,0.14,5.0,0.39,5.0,0.45,11.08,0.56,5.0,0.89,100.0,0.93,50.0,0.17,0.17,44.969847,1776161138000
1776161140.135,40.135,0.61,5.0,0.55,11.08,0.44,5.0,0.11,100.0,0.07,50.0,0.78,32.0,0.83,5.0,0.84,5.0,0.85,5.0,0.86,5.0,0.22,32.0,0.17,5.0,0.16,5.0,0.15,5.0,0.14,5.0,0.39,5.0,0.45,11.08,0.56,5.0,0.89,100.0,0.93,50.0,0.17,0.17,44.969847,1776161139000
1776161141.825,41.825,0.61,5.0,0.55,11.08,0.44,5.0,0.11,100.0,0.07,50.0,0.78,32.0,0.83,5.0,0.84,5.0,0.85,5.0,0.86,5.0,0.22,32.0,0.17,5.0,0.16,5.0,0.15,5.0,0.14,5.0,0.39,5.0,0.45,11.08,0.56,5.0,0.89,100.0,0.93,50.0,0.17,0.17,44.971433,1776161140000
1776161142.432,42.432,0.61,5.0,0.55,11.08,0.44,5.0,0.11,100.0,0.07,50.0,0.78,32.0,0.83,5.0,0.84,5.0,0.85,5.0,0.86,5.0,0.22,32.0,0.17,5.0,0.16,5.0,0.15,5.0,0.14,5.0,0.39,5.0,0.45,11.08,0.56,5.0,0.89,100.0,0.93,50.0,0.17,0.17,44.970832,1776161141000
1776161143.016,43.016,0.61,5.0,0.55,11.08,0.44,5.0,0.11,100.0,0.07,50.0,0.78,32.0,0.83,5.0,0.84,5.0,0.85,5.0,0.86,5.0,0.22,32.0,0.17,5.0,0.16,5.0,0.15,5.0,0.14,5.0,0.39,5.0,0.45,11.08,0.56,5.0,0.89,100.0,0.93,50.0,0.17,0.17,44.970832,1776161142000
1776161144.213,44.213,0.61,5.0,0.55,11.08,0.44,5.0,0.11,100.0,0.07,50.0,0.78,32.0,0.83,5.0,0.84,5.0,0.85,5.0,0.86,5.0,0.22,32.0,0.17,5.0,0.16,5.0,0.15,5.0,0.14,5.0,0.39,5.0,0.45,11.08,0.56,5.0,0.89,100.0,0.93,50.0,0.17,0.17,44.974607,1776161143000
1776161145.248,45.248,0.61,5.0,0.55,11.08,0.44,5.0,0.11,100.0,0.07,50.0,0.78,32.0,0.83,5.0,0.84,5.0,0.85,5.0,0.86,5.0,0.22,32.0,0.17,5.0,0.16,5.0,0.15,5.0,0.14,5.0,0.39,5.0,0.45,11.08,0.56,5.0,0.89,100.0,0.93,50.0,0.17,0.17,44.974916,1776161144000
1776161146.336,46.336,0.61,5.0,0.55,11.08,0.44,5.0,0.11,100.0,0.07,50.0,0.78,32.0,0.83,5.0,0.84,5.0,0.85,5.0,0.86,5.0,0.22,32.0,0.17,5.0,0.16,5.0,0.15,5.0,0.14,5.0,0.39,5.0,0.45,11.08,0.56,5.0,0.89,100.0,0.93,50.0,0.17,0.17,44.974466,1776161145000
1776161147.527,47.527,0.61,5.0,0.55,11.08,0.44,5.0,0.11,100.0,0.07,50.0,0.78,32.0,0.83,5.0,0.84,5.0,0.85,5.0,0.86,5.0,0.22,32.0,0.17,5.0,0.16,5.0,0.15,5.0,0.14,5.0,0.39,5.0,0.45,11.08,0.56,5.0,0.89,100.0,0.93,50.0,0.17,0.17,44.992945,1776161146000
1776161148.18,48.18,0.61,5.0,0.55,11.08,0.44,5.0,0.11,100.0,0.07,50.0,0.78,32.0,0.83,5.0,0.84,5.0,0.85,5.0,0.86,5.0,0.22,32.0,0.17,5.0,0.16,5.0,0.15,5.0,0.14,5.0,0.39,5.0,0.45,11.08,0.56,5.0,0.89,100.0,0.93,50.0,0.17,0.17,44.993775,1776161147000
1776161149.283,49.283,0.61,5.0,0.55,11.08,0.44,5.0,0.11,100.0,0.07,50.0,0.78,32.0,0.83,5.0,0.84,5.0,0.85,5.0,0.86,5.0,0.22,32.0,0.17,5.0,0.16,5.0,0.15,5.0,0.14,5.0,0.39,5.0,0.45,11.08,0.56,5.0,0.89,100.0,0.93,50.0,0.17,0.17,44.998605,1776161148000
1776161150.342,50.342,0.61,5.0,0.55,11.08,0.44,5.0,0.11,100.0,0.07,50.0,0.78,32.0,0.83,5.0,0.84,5.0,0.85,5.0,0.86,5.0,0.22,32.0,0.17,5.0,0.16,5.0,0.15,5.0,0.14,5.0,0.39,5.0,0.45,11.08,0.56,5.0,0.89,100.0,0.93,50.0,0.17,0.17,44.99638,1776161149000
1776161151.073,51.073,0.61,5.0,0.55,11.08,0.44,5.0,0.11,100.0,0.07,50.0,0.78,32.0,0.83,5.0,0.84,5.0,0.85,5.0,0.86,5.0,0.22,32.0,0.17,5.0,0.16,5.0,0.15,5.0,0.14,5.0,0.39,5.0,0.45,11.08,0.56,5.0,0.89,100.0,0.93,50.0,0.17,0.17,44.996377,1776161150000
1776161152.084,52.084,0.61,5.0,0.55,11.08,0.44,5.0,0.11,100.0,0.07,50.0,0.78,32.0,0.83,5.0,0.84,5.0,0.85,5.0,0.86,5.0,0.22,32.0,0.17,5.0,0.16,5.0,0.15,5.0,0.14,5.0,0.39,5.0,0.45,11.08,0.56,5.0,0.89,100.0,0.93,50.0,0.17,0.17,45.002552,1776161151000
1776161153.182,53.182,0.61,5.0,0.55,11.08,0.44,5.0,0.11,100.0,0.07,50.0,0.78,32.0,0.83,5.0,0.84,5.0,0.85,5.0,0.86,5.0,0.22,32.0,0.17,5.0,0.16,5.0,0.15,5.0,0.14,5.0,0.39,5.0,0.45,11.08,0.56,5.0,0.89,100.0,0.93,50.0,0.17,0.17,44.993572,1776161152000
1776161154.196,54.196,0.61,5.0,0.55,11.08,0.44,5.0,0.11,100.0,0.07,50.0,0.78,32.0,0.83,5.0,0.84,5.0,0.85,5.0,0.86,5.0,0.22,32.0,0.17,5.0,0.16,5.0,0.15,5.0,0.14,5.0,0.39,5.0,0.45,11.08,0.56,5.0,0.89,100.0,0.93,50.0,0.17,0.17,44.993605,1776161153000
1776161155.313,55.313,0.61,5.0,0.55,11.08,0.44,5.0,0.11,100.0,0.07,50.0,0.78,32.0,0.83,5.0,0.84,5.0,0.85,5.0,0.86,5.0,0.22,32.0,0.17,5.0,0.16,5.0,0.15,5.0,0.14,5.0,0.39,5.0,0.45,11.08,0.56,5.0,0.89,100.0,0.93,50.0,0.17,0.17,44.991074,1776161154000
1776161156.271,56.271,0.61,5.0,0.55,11.08,0.44,5.0,0.11,100.0,0.07,50.0,0.78,32.0,0.83,5.0,0.84,5.0,0.85,5.0,0.86,5.0,0.22,32.0,0.17,5.0,0.16,5.0,0.15,5.0,0.14,5.0,0.39,5.0,0.45,11.08,0.56,5.0,0.89,100.0,0.93,50.0,0.17,0.17,44.991074,1776161155000
1776161157.304,57.304,0.61,5.0,0.55,11.08,0.44,5.0,0.11,100.0,0.07,50.0,0.78,32.0,0.83,5.0,0.84,5.0,0.85,5.0,0.86,5.0,0.22,32.0,0.17,5.0,0.16,5.0,0.15,5.0,0.14,5.0,0.39,5.0,0.45,11.08,0.56,5.0,0.89,100.0,0.93,50.0,0.17,0.17,44.991138,1776161156000
1776161157.844,57.844,0.61,5.0,0.55,11.08,0.44,5.0,0.11,100.0,0.07,50.0,0.78,32.0,0.83,5.0,0.84,5.0,0.85,5.0,0.86,5.0,0.22,32.0,0.17,5.0,0.16,5.0,0.15,5.0,0.14,5.0,0.39,5.0,0.45,11.08,0.56,5.0,0.89,100.0,0.93,50.0,0.17,0.17,44.991179,1776161157000
1776161158.944,58.944,0.61,5.0,0.55,11.08,0.44,5.0,0.11,100.0,0.07,50.0,0.78,32.0,0.83,5.0,0.84,5.0,0.85,5.0,0.86,5.0,0.22,32.0,0.17,5.0,0.16,5.0,0.15,5.0,0.14,5.0,0.39,5.0,0.45,11.08,0.56,5.0,0.89,100.0,0.93,50.0,0.17,0.17,44.991179,1776161158000
1776161159.874,59.874,0.61,5.0,0.55,11.08,0.44,5.0,0.11,100.0,0.07,50.0,0.78,32.0,0.83,5.0,0.84,5.0,0.85,5.0,0.86,5.0,0.22,32.0,0.17,5.0,0.16,5.0,0.15,5.0,0.14,5.0,0.39,5.0,0.45,11.08,0.56,5.0,0.89,100.0,0.93,50.0,0.17,0.17,44.991413,1776161159000
1776161160.903,60.903,0.61,5.0,0.55,11.08,0.44,5.0,0.11,100.0,0.07,50.0,0.78,32.0,0.83,5.0,0.84,5.0,0.85,5.0,0.86,5.0,0.22,32.0,0.17,5.0,0.16,5.0,0.15,5.0,0.14,5.0,0.39,5.0,0.45,11.08,0.56,5.0,0.89,100.0,0.93,50.0,0.17,0.17,44.990191,1776161160000
1776161161.961,61.961,0.61,5.0,0.55,11.08,0.44,5.0,0.11,100.0,0.07,50.0,0.78,32.0,0.83,5.0,0.84,5.0,0.85,5.0,0.86,5.0,0.22,32.0,0.17,5.0,0.16,5.0,0.15,5.0,0.14,5.0,0.39,5.0,0.45,11.08,0.56,5.0,0.89,100.0,0.93,50.0,0.17,0.17,44.990089,1776161161000
1776161162.27,62.27,0.76,11.0,0.75,36.0,0.74,15.0,0.73,5.0,0.72,5.0,0.82,2.8,0.83,15.0,0.84,15.0,0.85,15.0,0.86,15.0,0.22,32.0,0.17,5.0,0.16,5.0,0.15,5.0,0.14,5.0,0.39,5.0,0.45,11.08,0.56,5.0,0.89,100.0,0.93,50.0,0.06,0.17,44.990089,1776161161000
1776161162.981,62.981,0.76,11.0,0.75,36.0,0.74,15.0,0.73,5.0,0.72,5.0,0.82,2.8,0.83,15.0,0.84,15.0,0.85,15.0,0.86,15.0,0.18,2.8,0.17,15.0,0.16,15.0,0.15,15.0,0.14,15.0,0.24,11.0,0.25,36.0,0.26,15.0,0.27,5.0,0.28,5.0,0.06,0.06,44.991587,1776161162000
1776161164.006,64.006,0.76,11.0,0.75,36.0,0.74,15.0,0.73,5.0,0.72,5.0,0.82,2.8,0.83,15.0,0.84,15.0,0.85,15.0,0.86,15.0,0.18,2.8,0.17,15.0,0.16,15.0,0.15,15.0,0.14,15.0,0.24,11.0,0.25,36.0,0.26,15.0,0.27,5.0,0.28,5.0,0.06,0.06,44.991064,1776161163000
1776161164.869,64.869,0.76,11.0,0.75,36.0,0.74,15.0,0.73,5.0,0.72,5.0,0.82,2.8,0.83,15.0,0.84,15.0,0.85,15.0,0.86,15.0,0.18,2.8,0.17,15.0,0.16,15.0,0.15,15.0,0.14,15.0,0.24,11.0,0.25,36.0,0.26,15.0,0.27,5.0,0.28,5.0,0.06,0.06,44.991316,1776161164000
1776161165.828,65.828,0.76,11.0,0.75,36.0,0.74,15.0,0.73,5.0,0.72,5.0,0.82,2.8,0.83,15.0,0.84,15.0,0.85,15.0,0.86,15.0,0.18,2.8,0.17,15.0,0.16,15.0,0.15,15.0,0.14,15.0,0.24,11.0,0.25,36.0,0.26,15.0,0.27,5.0,0.28,5.0,0.06,0.06,44.991136,1776161165000
1776161166.827,66.827,0.76,11.0,0.75,36.0,0.74,15.0,0.73,5.0,0.72,5.0,0.82,2.8,0.83,15.0,0.84,15.0,0.85,15.0,0.86,15.0,0.18,2.8,0.17,15.0,0.16,15.0,0.15,15.0,0.14,15.0,0.24,11.0,0.25,36.0,0.26,15.0,0.27,5.0,0.28,5.0,0.06,0.06,44.990428,1776161166000
1776161167.861,67.861,0.76,11.0,0.75,36.0,0.74,15.0,0.73,5.0,0.72,5.0,0.82,2.8,0.83,15.0,0.84,15.0,0.85,15.0,0.86,15.0,0.18,2.8,0.17,15.0,0.16,15.0,0.15,15.0,0.14,15.0,0.24,11.0,0.25,36.0,0.26,15.0,0.27,5.0,0.28,5.0,0.06,0.06,44.990394,1776161167000
1776161169.22,69.22,0.76,11.0,0.75,36.0,0.74,15.0,0.73,5.0,0.72,5.0,0.82,2.8,0.83,15.0,0.84,15.0,0.85,15.0,0.86,15.0,0.18,2.8,0.17,15.0,0.16,15.0,0.15,15.0,0.14,15.0,0.24,11.0,0.25,36.0,0.26,15.0,0.27,5.0,0.28,5.0,0.06,0.06,44.991229,1776161168000
1776161170.129,70.129,0.76,11.0,0.75,36.0,0.74,15.0,0.73,5.0,0.72,5.0,0.82,2.8,0.83,15.0,0.84,15.0,0.85,15.0,0.86,15.0,0.18,2.8,0.17,15.0,0.16,15.0,0.15,15.0,0.14,15.0,0.24,11.0,0.25,36.0,0.26,15.0,0.27,5.0,0.28,5.0,0.06,0.06,44.992734,1776161169000
1776161171.398,71.398,0.76,11.0,0.75,36.0,0.74,15.0,0.73,5.0,0.72,5.0,0.82,2.8,0.83,15.0,0.84,15.0,0.85,15.0,0.86,15.0,0.18,2.8,0.17,15.0,0.16,15.0,0.15,15.0,0.14,15.0,0.24,11.0,0.25,36.0,0.26,15.0,0.27,5.0,0.28,5.0,0.06,0.06,44.992472,1776161170000
1776161172.409,72.409,0.76,11.0,0.75,36.0,0.74,15.0,0.73,5.0,0.72,5.0,0.82,2.8,0.83,15.0,0.84,15.0,0.85,15.0,0.86,15.0,0.18,2.8,0.17,15.0,0.16,15.0,0.15,15.0,0.14,15.0,0.24,11.0,0.25,36.0,0.26,15.0,0.27,5.0,0.28,5.0,0.06,0.06,44.993354,1776161171000
1776161172.949,72.949,0.76,11.0,0.75,36.0,0.74,15.0,0.73,5.0,0.72,5.0,0.82,2.8,0.83,15.0,0.84,15.0,0.85,15.0,0.86,15.0,0.18,2.8,0.17,15.0,0.16,15.0,0.15,15.0,0.14,15.0,0.24,11.0,0.25,36.0,0.26,15.0,0.27,5.0,0.28,5.0,0.06,0.06,44.99795,1776161172000
1776161174.064,74.064,0.76,11.0,0.75,36.0,0.74,15.0,0.73,5.0,0.72,5.0,0.82,2.8,0.83,15.0,0.84,15.0,0.85,15.0,0.86,15.0,0.18,2.8,0.17,15.0,0.16,15.0,0.15,15.0,0.14,15.0,0.24,11.0,0.25,36.0,0.26,15.0,0.27,5.0,0.28,5.0,0.06,0.06,44.996007,1776161173000
1776161175.072,75.072,0.76,11.0,0.75,36.0,0.74,15.0,0.73,5.0,0.72,5.0,0.82,2.8,0.83,15.0,0.84,15.0,0.85,15.0,0.86,15.0,0.18,2.8,0.17,15.0,0.16,15.0,0.15,15.0,0.14,15.0,0.24,11.0,0.25,36.0,0.26,15.0,0.27,5.0,0.28,5.0,0.06,0.06,44.999106,1776161174000
1776161176.454,76.454,0.76,11.0,0.75,36.0,0.74,15.0,0.73,5.0,0.72,5.0,0.82,2.8,0.83,15.0,0.84,15.0,0.85,15.0,0.86,15.0,0.18,2.8,0.17,15.0,0.16,15.0,0.15,15.0,0.14,15.0,0.24,11.0,0.25,36.0,0.26,15.0,0.27,5.0,0.28,5.0,0.06,0.06,45.001151,1776161175000
1776161177.087,77.087,0.76,11.0,0.75,36.0,0.74,15.0,0.73,5.0,0.72,5.0,0.82,2.8,0.83,15.0,0.84,15.0,0.85,15.0,0.86,15.0,0.18,2.8,0.17,15.0,0.16,15.0,0.15,15.0,0.14,15.0,0.24,11.0,0.25,36.0,0.26,15.0,0.27,5.0,0.28,5.0,0.06,0.06,44.998948,1776161176000
1776161178.354,78.354,0.76,11.0,0.75,36.0,0.74,15.0,0.73,5.0,0.72,5.0,0.82,2.8,0.83,15.0,0.84,15.0,0.85,15.0,0.86,15.0,0.18,2.8,0.17,15.0,0.16,15.0,0.15,15.0,0.14,15.0,0.24,11.0,0.25,36.0,0.26,15.0,0.27,5.0,0.28,5.0,0.06,0.06,44.998951,1776161177000
1776161178.902,78.902,0.76,11.0,0.75,36.0,0.74,15.0,0.73,5.0,0.72,5.0,0.82,2.8,0.83,15.0,0.84,15.0,0.85,15.0,0.86,15.0,0.18,2.8,0.17,15.0,0.16,15.0,0.15,15.0,0.14,15.0,0.24,11.0,0.25,36.0,0.26,15.0,0.27,5.0,0.28,5.0,0.06,0.06,44.998994,1776161178000
1776161180.02,80.02,0.76,11.0,0.75,36.0,0.74,15.0,0.73,5.0,0.72,5.0,0.82,2.8,0.83,15.0,0.84,15.0,0.85,15.0,0.86,15.0,0.18,2.8,0.17,15.0,0.16,15.0,0.15,15.0,0.14,15.0,0.24,11.0,0.25,36.0,0.26,15.0,0.27,5.0,0.28,5.0,0.06,0.06,44.999475,1776161179000
1776161181.166,81.166,0.76,11.0,0.75,36.0,0.74,15.0,0.73,5.0,0.72,5.0,0.82,2.8,0.83,15.0,0.84,15.0,0.85,15.0,0.86,15.0,0.18,2.8,0.17,15.0,0.16,15.0,0.15,15.0,0.14,15.0,0.24,11.0,0.25,36.0,0.26,15.0,0.27,5.0,0.28,5.0,0.06,0.06,44.999574,1776161180000
1776161182.417,82.417,0.76,11.0,0.75,36.0,0.74,15.0,0.73,5.0,0.72,5.0,0.82,2.8,0.83,15.0,0.84,15.0,0.85,15.0,0.86,15.0,0.18,2.8,0.17,15.0,0.16,15.0,0.15,15.0,0.14,15.0,0.24,11.0,0.25,36.0,0.26,15.0,0.27,5.0,0.28,5.0,0.06,0.06,44.999565,1776161181000
1776161183.003,83.003,0.76,11.0,0.75,36.0,0.74,15.0,0.73,5.0,0.72,5.0,0.82,2.8,0.83,15.0,0.84,15.0,0.85,15.0,0.86,15.0,0.18,2.8,0.17,15.0,0.16,15.0,0.15,15.0,0.14,15.0,0.24,11.0,0.25,36.0,0.26,15.0,0.27,5.0,0.28,5.0,0.06,0.06,44.999617,1776161182000
1776161183.932,83.932,0.76,11.0,0.75,36.0,0.74,15.0,0.73,5.0,0.72,5.0,0.82,2.8,0.83,15.0,0.84,15.0,0.85,15.0,0.86,15.0,0.18,2.8,0.17,15.0,0.16,15.0,0.15,15.0,0.14,15.0,0.24,11.0,0.25,36.0,0.26,15.0,0.27,5.0,0.28,5.0,0.06,0.06,44.999647,1776161183000
1776161184.89,84.89,0.76,11.0,0.75,36.0,0.74,15.0,0.73,5.0,0.72,5.0,0.82,2.8,0.83,15.0,0.84,15.0,0.85,15.0,0.86,15.0,0.18,2.8,0.17,15.0,0.16,15.0,0.15,15.0,0.14,15.0,0.24,11.0,0.25,36.0,0.26,15.0,0.27,5.0,0.28,5.0,0.06,0.06,45.003063,1776161184000
1776161185.862,85.862,0.85,15.0,0.84,30.0,0.83,20.0,0.82,20.0,0.81,20.0,0.92,13.91,0.93,15.0,0.94,15.0,0.95,15.0,0.96,15.0,0.18,2.8,0.17,15.0,0.16,15.0,0.15,15.0,0.14,15.0,0.24,11.0,0.25,36.0,0.26,15.0,0.27,5.0,0.28,5.0,0.07,0.06,45.003063,1776161184000
1776161186.802,86.802,0.85,15.0,0.84,30.0,0.83,20.0,0.82,20.0,0.81,20.0,0.92,13.91,0.93,15.0,0.94,15.0,0.95,15.0,0.96,15.0,0.08,13.91,0.07,15.0,0.06,15.0,0.05,15.0,0.04,15.0,0.15,15.0,0.16,30.0,0.17,20.0,0.18,20.0,0.19,20.0,0.07,0.07,45.005854,1776161186000
1776161188.308,88.308,0.85,15.0,0.84,30.0,0.83,20.0,0.82,20.0,0.81,20.0,0.92,13.91,0.93,15.0,0.94,15.0,0.95,15.0,0.96,15.0,0.08,13.91,0.07,15.0,0.06,15.0,0.05,15.0,0.04,15.0,0.15,15.0,0.16,30.0,0.17,20.0,0.18,20.0,0.19,20.0,0.07,0.07,45.006703,1776161187000
1776161189.305,89.305,0.85,15.0,0.84,30.0,0.83,20.0,0.82,20.0,0.81,20.0,0.92,13.91,0.93,15.0,0.94,15.0,0.95,15.0,0.96,15.0,0.08,13.91,0.07,15.0,0.06,15.0,0.05,15.0,0.04,15.0,0.15,15.0,0.16,30.0,0.17,20.0,0.18,20.0,0.19,20.0,0.07,0.07,45.007733,1776161188000
1776161190.151,90.151,0.85,15.0,0.84,30.0,0.83,20.0,0.82,20.0,0.81,20.0,0.92,13.91,0.93,15.0,0.94,15.0,0.95,15.0,0.96,15.0,0.08,13.91,0.07,15.0,0.06,15.0,0.05,15.0,0.04,15.0,0.15,15.0,0.16,30.0,0.17,20.0,0.18,20.0,0.19,20.0,0.07,0.07,45.007733,1776161189000
1776161190.879,90.879,0.83,16.0,0.82,15.0,0.81,20.0,0.8,20.0,0.79,20.0,0.89,13.77,0.9,15.0,0.91,15.0,0.92,13.91,0.93,15.0,0.08,13.91,0.07,15.0,0.06,15.0,0.05,15.0,0.04,15.0,0.15,15.0,0.16,30.0,0.17,20.0,0.18,20.0,0.19,20.0,0.06,0.07,45.007733,1776161189000
1776161191.095,91.095,0.83,16.0,0.82,15.0,0.81,20.0,0.8,20.0,0.79,20.0,0.89,13.77,0.9,15.0,0.91,15.0,0.92,13.91,0.93,15.0,0.11,13.77,0.1,15.0,0.09,15.0,0.08,13.91,0.07,15.0,0.17,16.0,0.18,15.0,0.19,20.0,0.2,20.0,0.21,20.0,0.06,0.06,45.007624,1776161190000
1776161192.054,92.054,0.83,16.0,0.82,15.0,0.81,20.0,0.8,20.0,0.79,20.0,0.89,13.77,0.9,15.0,0.91,15.0,0.92,13.91,0.93,15.0,0.11,13.77,0.1,15.0,0.09,15.0,0.08,13.91,0.07,15.0,0.17,16.0,0.18,15.0,0.19,20.0,0.2,20.0,0.21,20.0,0.06,0.06,45.007695,1776161191000
1776161193.128,93.128,0.83,16.0,0.82,15.0,0.81,20.0,0.8,20.0,0.79,20.0,0.89,13.77,0.9,15.0,0.91,15.0,0.92,13.91,0.93,15.0,0.11,13.77,0.1,15.0,0.09,15.0,0.08,13.91,0.07,15.0,0.17,16.0,0.18,15.0,0.19,20.0,0.2,20.0,0.21,20.0,0.06,0.06,45.007435,1776161192000
1776161194.186,94.186,0.83,16.0,0.82,15.0,0.81,20.0,0.8,20.0,0.79,20.0,0.89,13.77,0.9,15.0,0.91,15.0,0.92,13.91,0.93,15.0,0.11,13.77,0.1,15.0,0.09,15.0,0.08,13.91,0.07,15.0,0.17,16.0,0.18,15.0,0.19,20.0,0.2,20.0,0.21,20.0,0.06,0.06,45.007022,1776161193000
1776161195.063,95.063,0.83,16.0,0.82,15.0,0.81,20.0,0.8,20.0,0.79,20.0,0.89,13.77,0.9,15.0,0.91,15.0,0.92,13.91,0.93,15.0,0.11,13.77,0.1,15.0,0.09,15.0,0.08,13.91,0.07,15.0,0.17,16.0,0.18,15.0,0.19,20.0,0.2,20.0,0.21,20.0,0.06,0.06,45.006647,1776161194000
1776161196.449,96.449,0.83,16.0,0.82,15.0,0.81,20.0,0.8,20.0,0.79,20.0,0.89,13.77,0.9,15.0,0.91,15.0,0.92,13.91,0.93,15.0,0.11,13.77,0.1,15.0,0.09,15.0,0.08,13.91,0.07,15.0,0.17,16.0,0.18,15.0,0.19,20.0,0.2,20.0,0.21,20.0,0.06,0.06,45.00805,1776161195000
1776161196.98,96.98,0.83,16.0,0.82,15.0,0.81,20.0,0.8,20.0,0.79,20.0,0.89,13.77,0.9,15.0,0.91,15.0,0.92,13.91,0.93,15.0,0.11,13.77,0.1,15.0,0.09,15.0,0.08,13.91,0.07,15.0,0.17,16.0,0.18,15.0,0.19,20.0,0.2,20.0,0.21,20.0,0.06,0.06,45.00805,1776161196000
1776161198.061,98.061,0.83,16.0,0.82,15.0,0.81,20.0,0.8,20.0,0.79,20.0,0.89,13.77,0.9,15.0,0.91,15.0,0.92,13.91,0.93,15.0,0.11,13.77,0.1,15.0,0.09,15.0,0.08,13.91,0.07,15.0,0.17,16.0,0.18,15.0,0.19,20.0,0.2,20.0,0.21,20.0,0.06,0.06,45.005542,1776161197000
1776161199.087,99.087,0.83,16.0,0.82,15.0,0.81,20.0,0.8,20.0,0.79,20.0,0.89,13.77,0.9,15.0,0.91,15.0,0.92,13.91,0.93,15.0,0.11,13.77,0.1,15.0,0.09,15.0,0.08,13.91,0.07,15.0,0.17,16.0,0.18,15.0,0.19,20.0,0.2,20.0,0.21,20.0,0.06,0.06,45.005479,1776161198000
1776161200.185,100.185,0.83,16.0,0.82,15.0,0.81,20.0,0.8,20.0,0.79,20.0,0.89,13.77,0.9,15.0,0.91,15.0,0.92,13.91,0.93,15.0,0.11,13.77,0.1,15.0,0.09,15.0,0.08,13.91,0.07,15.0,0.17,16.0,0.18,15.0,0.19,20.0,0.2,20.0,0.21,20.0,0.06,0.06,45.00521,1776161199000
1776161201.303,101.303,0.83,16.0,0.82,15.0,0.81,20.0,0.8,20.0,0.79,20.0,0.89,13.77,0.9,15.0,0.91,15.0,0.92,13.91,0.93,15.0,0.11,13.77,0.1,15.0,0.09,15.0,0.08,13.91,0.07,15.0,0.17,16.0,0.18,15.0,0.19,20.0,0.2,20.0,0.21,20.0,0.06,0.06,45.00521,1776161200000
1776161202.335,102.335,0.83,16.0,0.82,15.0,0.81,20.0,0.8,20.0,0.79,20.0,0.89,13.77,0.9,15.0,0.91,15.0,0.92,13.91,0.93,15.0,0.11,13.77,0.1,15.0,0.09,15.0,0.08,13.91,0.07,15.0,0.17,16.0,0.18,15.0,0.19,20.0,0.2,20.0,0.21,20.0,0.06,0.06,45.004378,1776161201000
1776161202.965,102.965,0.83,16.0,0.82,15.0,0.81,20.0,0.8,20.0,0.79,20.0,0.89,13.77,0.9,15.0,0.91,15.0,0.92,13.91,0.93,15.0,0.11,13.77,0.1,15.0,0.09,15.0,0.08,13.91,0.07,15.0,0.17,16.0,0.18,15.0,0.19,20.0,0.2,20.0,0.21,20.0,0.06,0.06,45.0037,1776161202000
1776161203.996,103.996,0.83,16.0,0.82,15.0,0.81,20.0,0.8,20.0,0.79,20.0,0.89,13.77,0.9,15.0,0.91,15.0,0.92,13.91,0.93,15.0,0.11,13.77,0.1,15.0,0.09,15.0,0.08,13.91,0.07,15.0,0.17,16.0,0.18,15.0,0.19,20.0,0.2,20.0,0.21,20.0,0.06,0.06,45.003466,1776161203000
1776161205.146,105.146,0.83,16.0,0.82,15.0,0.81,20.0,0.8,20.0,0.79,20.0,0.89,13.77,0.9,15.0,0.91,15.0,0.92,13.91,0.93,15.0,0.11,13.77,0.1,15.0,0.09,15.0,0.08,13.91,0.07,15.0,0.17,16.0,0.18,15.0,0.19,20.0,0.2,20.0,0.21,20.0,0.06,0.06,45.003363,1776161204000
1776161206.205,106.205,0.83,16.0,0.82,15.0,0.81,20.0,0.8,20.0,0.79,20.0,0.89,13.77,0.9,15.0,0.91,15.0,0.92,13.91,0.93,15.0,0.11,13.77,0.1,15.0,0.09,15.0,0.08,13.91,0.07,15.0,0.17,16.0,0.18,15.0,0.19,20.0,0.2,20.0,0.21,20.0,0.06,0.06,45.003681,1776161205000
1776161207.265,107.265,0.83,16.0,0.82,15.0,0.81,20.0,0.8,20.0,0.79,20.0,0.89,13.77,0.9,15.0,0.91,15.0,0.92,13.91,0.93,15.0,0.11,13.77,0.1,15.0,0.09,15.0,0.08,13.91,0.07,15.0,0.17,16.0,0.18,15.0,0.19,20.0,0.2,20.0,0.21,20.0,0.06,0.06,45.003683,1776161206000
1776161208.389,108.389,0.83,16.0,0.82,15.0,0.81,20.0,0.8,20.0,0.79,20.0,0.89,13.77,0.9,15.0,0.91,15.0,0.92,13.91,0.93,15.0,0.11,13.77,0.1,15.0,0.09,15.0,0.08,13.91,0.07,15.0,0.17,16.0,0.18,15.0,0.19,20.0,0.2,20.0,0.21,20.0,0.06,0.06,45.003568,1776161207000
1776161208.963,108.963,0.83,16.0,0.82,15.0,0.81,20.0,0.8,20.0,0.79,20.0,0.89,13.77,0.9,15.0,0.91,15.0,0.92,13.91,0.93,15.0,0.11,13.77,0.1,15.0,0.09,15.0,0.08,13.91,0.07,15.0,0.17,16.0,0.18,15.0,0.19,20.0,0.2,20.0,0.21,20.0,0.06,0.06,45.001713,1776161208000
1776161211.01,111.01,0.83,16.0,0.82,15.0,0.81,20.0,0.8,20.0,0.79,20.0,0.89,13.77,0.9,15.0,0.91,15.0,0.92,13.91,0.93,15.0,0.11,13.77,0.1,15.0,0.09,15.0,0.08,13.91,0.07,15.0,0.17,16.0,0.18,15.0,0.19,20.0,0.2,20.0,0.21,20.0,0.06,0.06,45.001869,1776161209000
1776161211.861,111.861,0.83,16.0,0.82,15.0,0.81,20.0,0.8,20.0,0.79,20.0,0.89,13.77,0.9,15.0,0.91,15.0,0.92,13.91,0.93,15.0,0.11,13.77,0.1,15.0,0.09,15.0,0.08,13.91,0.07,15.0,0.17,16.0,0.18,15.0,0.19,20.0,0.2,20.0,0.21,20.0,0.06,0.06,45.001716,1776161210000
1776161212.993,112.993,0.83,16.0,0.82,15.0,0.81,20.0,0.8,20.0,0.79,20.0,0.89,13.77,0.9,15.0,0.91,15.0,0.92,13.91,0.93,15.0,0.11,13.77,0.1,15.0,0.09,15.0,0.08,13.91,0.07,15.0,0.17,16.0,0.18,15.0,0.19,20.0,0.2,20.0,0.21,20.0,0.06,0.06,45.001716,1776161211000
1776161214.073,114.073,0.83,16.0,0.82,15.0,0.81,20.0,0.8,20.0,0.79,20.0,0.89,13.77,0.9,15.0,0.91,15.0,0.92,13.91,0.93,15.0,0.11,13.77,0.1,15.0,0.09,15.0,0.08,13.91,0.07,15.0,0.17,16.0,0.18,15.0,0.19,20.0,0.2,20.0,0.21,20.0,0.06,0.06,45.001945,1776161212000
1776161215.13,115.13,0.83,16.0,0.82,15.0,0.81,20.0,0.8,20.0,0.79,20.0,0.89,13.77,0.9,15.0,0.91,15.0,0.92,13.91,0.93,15.0,0.11,13.77,0.1,15.0,0.09,15.0,0.08,13.91,0.07,15.0,0.17,16.0,0.18,15.0,0.19,20.0,0.2,20.0,0.21,20.0,0.06,0.06,45.001945,1776161213000
1776161216.079,116.079,0.83,16.0,0.82,15.0,0.81,20.0,0.8,20.0,0.79,20.0,0.89,13.77,0.9,15.0,0.91,15.0,0.92,13.91,0.93,15.0,0.11,13.77,0.1,15.0,0.09,15.0,0.08,13.91,0.07,15.0,0.17,16.0,0.18,15.0,0.19,20.0,0.2,20.0,0.21,20.0,0.06,0.06,45.008383,1776161214000
1776161217.143,117.143,0.83,16.0,0.82,15.0,0.81,20.0,0.8,20.0,0.79,20.0,0.89,13.77,0.9,15.0,0.91,15.0,0.92,13.91,0.93,15.0,0.11,13.77,0.1,15.0,0.09,15.0,0.08,13.91,0.07,15.0,0.17,16.0,0.18,15.0,0.19,20.0,0.2,20.0,0.21,20.0,0.06,0.06,45.010831,1776161215000
1776161218.119,118.119,0.83,16.0,0.82,15.0,0.81,20.0,0.8,20.0,0.79,20.0,0.89,13.77,0.9,15.0,0.91,15.0,0.92,13.91,0.93,15.0,0.11,13.77,0.1,15.0,0.09,15.0,0.08,13.91,0.07,15.0,0.17,16.0,0.18,15.0,0.19,20.0,0.2,20.0,0.21,20.0,0.06,0.06,45.012531,1776161216000
1776161219.237,119.237,0.83,16.0,0.82,15.0,0.81,20.0,0.8,20.0,0.79,20.0,0.89,13.77,0.9,15.0,0.91,15.0,0.92,13.91,0.93,15.0,0.11,13.77,0.1,15.0,0.09,15.0,0.08,13.91,0.07,15.0,0.17,16.0,0.18,15.0,0.19,20.0,0.2,20.0,0.21,20.0,0.06,0.06,45.012726,1776161217000
1776161219.905,119.905,0.83,16.0,0.82,15.0,0.81,20.0,0.8,20.0,0.79,20.0,0.89,13.77,0.9,15.0,0.91,15.0,0.92,13.91,0.93,15.0,0.11,13.77,0.1,15.0,0.09,15.0,0.08,13.91,0.07,15.0,0.17,16.0,0.18,15.0,0.19,20.0,0.2,20.0,0.21,20.0,0.06,0.06,45.013069,1776161218000
1776161220.719,120.719,0.83,16.0,0.82,15.0,0.81,20.0,0.8,20.0,0.79,20.0,0.89,13.77,0.9,15.0,0.91,15.0,0.92,13.91,0.93,15.0,0.11,13.77,0.1,15.0,0.09,15.0,0.08,13.91,0.07,15.0,0.17,16.0,0.18,15.0,0.19,20.0,0.2,20.0,0.21,20.0,0.06,0.06,45.013069,1776161219000
1776161221.415,121.415,0.83,16.0,0.82,15.0,0.81,20.0,0.8,20.0,0.79,20.0,0.89,13.77,0.9,15.0,0.91,15.0,0.92,13.91,0.93,15.0,0.11,13.77,0.1,15.0,0.09,15.0,0.08,13.91,0.07,15.0,0.17,16.0,0.18,15.0,0.19,20.0,0.2,20.0,0.21,20.0,0.06,0.06,45.013569,1776161220000
1776161222.62,122.62,0.83,16.0,0.82,15.0,0.81,20.0,0.8,20.0,0.79,20.0,0.89,13.77,0.9,15.0,0.91,15.0,0.92,13.91,0.93,15.0,0.11,13.77,0.1,15.0,0.09,15.0,0.08,13.91,0.07,15.0,0.17,16.0,0.18,15.0,0.19,20.0,0.2,20.0,0.21,20.0,0.06,0.06,45.013569,1776161221000
1776161223.585,123.585,0.83,16.0,0.82,15.0,0.81,20.0,0.8,20.0,0.79,20.0,0.89,13.77,0.9,15.0,0.91,15.0,0.92,13.91,0.93,15.0,0.11,13.77,0.1,15.0,0.09,15.0,0.08,13.91,0.07,15.0,0.17,16.0,0.18,15.0,0.19,20.0,0.2,20.0,0.21,20.0,0.06,0.06,45.01522,1776161222000
1776161224.435,124.435,0.83,16.0,0.82,15.0,0.81,20.0,0.8,20.0,0.79,20.0,0.89,13.77,0.9,15.0,0.91,15.0,0.92,13.91,0.93,15.0,0.11,13.77,0.1,15.0,0.09,15.0,0.08,13.91,0.07,15.0,0.17,16.0,0.18,15.0,0.19,20.0,0.2,20.0,0.21,20.0,0.06,0.06,45.017777,1776161223000
1776161225.085,125.085,0.83,16.0,0.82,15.0,0.81,20.0,0.8,20.0,0.79,20.0,0.89,13.77,0.9,15.0,0.91,15.0,0.92,13.91,0.93,15.0,0.11,13.77,0.1,15.0,0.09,15.0,0.08,13.91,0.07,15.0,0.17,16.0,0.18,15.0,0.19,20.0,0.2,20.0,0.21,20.0,0.06,0.06,45.017767,1776161224000
1776161226.518,126.518,0.83,16.0,0.82,15.0,0.81,20.0,0.8,20.0,0.79,20.0,0.89,13.77,0.9,15.0,0.91,15.0,0.92,13.91,0.93,15.0,0.11,13.77,0.1,15.0,0.09,15.0,0.08,13.91,0.07,15.0,0.17,16.0,0.18,15.0,0.19,20.0,0.2,20.0,0.21,20.0,0.06,0.06,45.017686,1776161225000
1776161227.268,127.268,0.83,16.0,0.82,15.0,0.81,20.0,0.8,20.0,0.79,20.0,0.89,13.77,0.9,15.0,0.91,15.0,0.92,13.91,0.93,15.0,0.11,13.77,0.1,15.0,0.09,15.0,0.08,13.91,0.07,15.0,0.17,16.0,0.18,15.0,0.19,20.0,0.2,20.0,0.21,20.0,0.06,0.06,45.017686,1776161226000
1776161228.579,128.579,0.83,16.0,0.82,15.0,0.81,20.0,0.8,20.0,0.79,20.0,0.89,13.77,0.9,15.0,0.91,15.0,0.92,13.91,0.93,15.0,0.11,13.77,0.1,15.0,0.09,15.0,0.08,13.91,0.07,15.0,0.17,16.0,0.18,15.0,0.19,20.0,0.2,20.0,0.21,20.0,0.06,0.06,45.017899,1776161227000
1776161229.443,129.443,0.83,16.0,0.82,15.0,0.81,20.0,0.8,20.0,0.79,20.0,0.89,13.77,0.9,15.0,0.91,15.0,0.92,13.91,0.93,15.0,0.11,13.77,0.1,15.0,0.09,15.0,0.08,13.91,0.07,15.0,0.17,16.0,0.18,15.0,0.19,20.0,0.2,20.0,0.21,20.0,0.06,0.06,45.018602,1776161228000
1776161230.198,130.198,0.83,16.0,0.82,15.0,0.81,20.0,0.8,20.0,0.79,20.0,0.89,13.77,0.9,15.0,0.91,15.0,0.92,13.91,0.93,15.0,0.11,13.77,0.1,15.0,0.09,15.0,0.08,13.91,0.07,15.0,0.17,16.0,0.18,15.0,0.19,20.0,0.2,20.0,0.21,20.0,0.06,0.06,45.018602,1776161229000
1776161231.676,131.676,0.83,16.0,0.82,15.0,0.81,20.0,0.8,20.0,0.79,20.0,0.89,13.77,0.9,15.0,0.91,15.0,0.92,13.91,0.93,15.0,0.11,13.77,0.1,15.0,0.09,15.0,0.08,13.91,0.07,15.0,0.17,16.0,0.18,15.0,0.19,20.0,0.2,20.0,0.21,20.0,0.06,0.06,45.018956,1776161230000
1776161233.252,133.252,0.83,16.0,0.82,15.0,0.81,20.0,0.8,20.0,0.79,20.0,0.89,13.77,0.9,15.0,0.91,15.0,0.92,13.91,0.93,15.0,0.11,13.77,0.1,15.0,0.09,15.0,0.08,13.91,0.07,15.0,0.17,16.0,0.18,15.0,0.19,20.0,0.2,20.0,0.21,20.0,0.06,0.06,45.020127,1776161232000
1776161234.155,134.155,0.83,16.0,0.82,15.0,0.81,20.0,0.8,20.0,0.79,20.0,0.89,13.77,0.9,15.0,0.91,15.0,0.92,13.91,0.93,15.0,0.11,13.77,0.1,15.0,0.09,15.0,0.08,13.91,0.07,15.0,0.17,16.0,0.18,15.0,0.19,20.0,0.2,20.0,0.21,20.0,0.06,0.06,45.023539,1776161233000
1776161235.198,135.198,0.83,16.0,0.82,15.0,0.81,20.0,0.8,20.0,0.79,20.0,0.89,13.77,0.9,15.0,0.91,15.0,0.92,13.91,0.93,15.0,0.11,13.77,0.1,15.0,0.09,15.0,0.08,13.91,0.07,15.0,0.17,16.0,0.18,15.0,0.19,20.0,0.2,20.0,0.21,20.0,0.06,0.06,45.026082,1776161234000
1776161236.313,136.313,0.83,16.0,0.82,15.0,0.81,20.0,0.8,20.0,0.79,20.0,0.89,13.77,0.9,15.0,0.91,15.0,0.92,13.91,0.93,15.0,0.11,13.77,0.1,15.0,0.09,15.0,0.08,13.91,0.07,15.0,0.17,16.0,0.18,15.0,0.19,20.0,0.2,20.0,0.21,20.0,0.06,0.06,45.026549,1776161235000
1776161236.976,136.976,0.83,16.0,0.82,15.0,0.81,20.0,0.8,20.0,0.79,20.0,0.89,13.77,0.9,15.0,0.91,15.0,0.92,13.91,0.93,15.0,0.11,13.77,0.1,15.0,0.09,15.0,0.08,13.91,0.07,15.0,0.17,16.0,0.18,15.0,0.19,20.0,0.2,20.0,0.21,20.0,0.06,0.06,45.026588,1776161236000
1776161237.463,137.463,0.94,15.0,0.93,15.0,0.92,15.0,0.91,15.0,0.9,20.05,0.97,12.94,0.98,20.0,0.99,391.09,,,,,0.11,13.77,0.1,15.0,0.09,15.0,0.08,13.91,0.07,15.0,0.17,16.0,0.18,15.0,0.19,20.0,0.2,20.0,0.21,20.0,0.03,0.06,45.026588,1776161236000
1776161238.268,138.268,0.94,15.0,0.93,15.0,0.92,15.0,0.91,15.0,0.9,20.05,0.97,12.94,0.98,20.0,0.99,391.09,,,,,0.03,12.94,0.02,20.0,0.01,391.09,,,,,0.06,15.0,0.07,15.0,0.08,15.0,0.09,15.0,0.1,20.05,0.03,0.03,45.027128,1776161237000
1776161239.031,139.031,0.94,15.0,0.93,15.0,0.92,15.0,0.91,15.0,0.9,20.05,0.97,11.9,0.98,20.0,0.99,391.09,,,,,0.03,11.9,0.02,20.0,0.01,391.09,,,,,0.06,15.0,0.07,15.0,0.08,15.0,0.09,15.0,0.1,20.05,0.03,0.03,45.027128,1776161238000
1776161240.565,140.565,0.94,15.0,0.93,15.0,0.92,15.0,0.91,15.0,0.9,20.05,0.97,11.9,0.98,20.0,0.99,391.09,,,,,0.03,11.9,0.02,20.0,0.01,391.09,,,,,0.06,15.0,0.07,15.0,0.08,15.0,0.09,15.0,0.1,20.05,0.03,0.03,45.028855,1776161239000
1776161241.851,141.851,0.94,15.0,0.93,15.0,0.92,15.0,0.91,15.0,0.9,20.05,0.97,11.9,0.98,20.0,0.99,391.09,,,,,0.03,11.9,0.02,20.0,0.01,391.09,,,,,0.06,15.0,0.07,15.0,0.08,15.0,0.09,15.0,0.1,20.05,0.03,0.03,45.030029,1776161240000
1776161242.473,142.473,0.94,15.0,0.93,15.0,0.92,15.0,0.91,15.0,0.9,20.05,0.97,11.9,0.98,20.0,0.99,391.09,,,,,0.03,11.9,0.02,20.0,0.01,391.09,,,,,0.06,15.0,0.07,15.0,0.08,15.0,0.09,15.0,0.1,20.05,0.03,0.03,45.032356,1776161241000
1776161242.998,142.998,0.94,15.0,0.93,15.0,0.92,15.0,0.91,15.0,0.9,20.05,0.97,11.9,0.98,20.0,0.99,391.09,,,,,0.03,11.9,0.02,20.0,0.01,391.09,,,,,0.06,15.0,0.07,15.0,0.08,15.0,0.09,15.0,0.1,20.05,0.03,0.03,45.034047,1776161242000
1776161244.269,144.269,0.94,15.0,0.93,15.0,0.92,15.0,0.91,15.0,0.9,20.05,0.97,11.9,0.98,20.0,0.99,391.09,,,,,0.03,11.9,0.02,20.0,0.01,391.09,,,,,0.06,15.0,0.07,15.0,0.08,15.0,0.09,15.0,0.1,20.05,0.03,0.03,45.034318,1776161243000
1776161244.799,144.799,0.95,5.0,0.93,15.0,0.92,15.0,0.91,15.0,0.9,20.05,0.97,12.94,0.98,20.0,0.99,391.09,,,,,0.03,11.9,0.02,20.0,0.01,391.09,,,,,0.06,15.0,0.07,15.0,0.08,15.0,0.09,15.0,0.1,20.05,0.02,0.03,45.034318,1776161243000
1776161245.531,145.531,0.95,5.0,0.94,15.0,0.93,15.0,0.92,15.0,0.91,15.0,0.97,9.84,0.98,20.0,0.99,391.09,,,,,0.03,11.9,0.02,20.0,0.01,391.09,,,,,0.05,5.0,0.07,15.0,0.08,15.0,0.09,15.0,0.1,20.05,0.02,0.02,45.034318,1776161244000
1776161246.216,146.216,0.95,5.0,0.94,15.0,0.93,15.0,0.92,15.0,0.91,15.0,0.97,9.84,0.98,20.0,0.99,391.09,,,,,0.03,9.84,0.02,20.0,0.01,391.09,,,,,0.05,5.0,0.06,15.0,0.07,15.0,0.08,15.0,0.09,15.0,0.02,0.02,45.033476,1776161245000
1776161247.331,147.331,0.95,5.0,0.94,15.0,0.93,15.0,0.92,15.0,0.91,15.0,0.97,9.84,0.98,20.0,0.99,391.09,,,,,0.03,9.84,0.02,20.0,0.01,391.09,,,,,0.05,5.0,0.06,15.0,0.07,15.0,0.08,15.0,0.09,15.0,0.02,0.02,45.032605,1776161246000
1776161247.907,147.907,0.95,5.0,0.94,15.0,0.93,15.0,0.92,15.0,0.91,15.0,0.97,9.84,0.98,20.0,0.99,391.09,,,,,0.03,9.84,0.02,20.0,0.01,391.09,,,,,0.05,5.0,0.06,15.0,0.07,15.0,0.08,15.0,0.09,15.0,0.02,0.02,45.031337,1776161247000
1776161249.34,149.34,0.95,5.0,0.94,15.0,0.93,15.0,0.92,15.0,0.91,15.0,0.97,9.84,0.98,20.0,0.99,391.09,,,,,0.03,9.84,0.02,20.0,0.01,391.09,,,,,0.05,5.0,0.06,15.0,0.07,15.0,0.08,15.0,0.09,15.0,0.02,0.02,45.031183,1776161248000
1776161250.107,150.107,0.95,5.0,0.94,15.0,0.93,15.0,0.92,15.0,0.91,15.0,0.97,9.84,0.98,20.0,0.99,391.09,,,,,0.03,9.84,0.02,20.0,0.01,391.09,,,,,0.05,5.0,0.06,15.0,0.07,15.0,0.08,15.0,0.09,15.0,0.02,0.02,45.030252,1776161249000
1776161251.207,151.207,0.95,5.0,0.94,15.0,0.93,15.0,0.92,15.0,0.91,15.0,0.97,9.84,0.98,20.0,0.99,391.09,,,,,0.03,9.84,0.02,20.0,0.01,391.09,,,,,0.05,5.0,0.06,15.0,0.07,15.0,0.08,15.0,0.09,15.0,0.02,0.02,45.028625,1776161250000
1776161252.967,152.967,0.95,5.0,0.94,15.0,0.93,15.0,0.92,15.0,0.91,15.0,0.97,9.84,0.98,20.0,0.99,391.09,,,,,0.03,9.84,0.02,20.0,0.01,391.09,,,,,0.05,5.0,0.06,15.0,0.07,15.0,0.08,15.0,0.09,15.0,0.02,0.02,45.025508,1776161251000
1776161253.57,153.57,0.95,5.0,0.94,15.0,0.93,15.0,0.92,15.0,0.91,15.0,0.97,9.84,0.98,20.0,0.99,391.09,,,,,0.03,9.84,0.02,20.0,0.01,391.09,,,,,0.05,5.0,0.06,15.0,0.07,15.0,0.08,15.0,0.09,15.0,0.02,0.02,45.021829,1776161252000
1776161254.363,154.363,0.95,5.0,0.94,15.0,0.93,15.0,0.92,15.0,0.91,15.0,0.97,9.84,0.98,20.0,0.99,391.09,,,,,0.03,9.84,0.02,20.0,0.01,391.09,,,,,0.05,5.0,0.06,15.0,0.07,15.0,0.08,15.0,0.09,15.0,0.02,0.02,45.020436,1776161253000
1776161255.562,155.562,0.95,5.0,0.94,15.0,0.93,15.0,0.92,15.0,0.91,15.0,0.97,9.84,0.98,20.0,0.99,391.09,,,,,0.03,9.84,0.02,20.0,0.01,391.09,,,,,0.05,5.0,0.06,15.0,0.07,15.0,0.08,15.0,0.09,15.0,0.02,0.02,45.022074,1776161254000
1776161256.206,156.206,0.95,5.0,0.94,15.0,0.93,15.0,0.92,15.0,0.91,15.0,0.97,9.84,0.98,20.0,0.99,391.09,,,,,0.03,9.84,0.02,20.0,0.01,391.09,,,,,0.05,5.0,0.06,15.0,0.07,15.0,0.08,15.0,0.09,15.0,0.02,0.02,45.022871,1776161255000
1776161257.552,157.552,0.95,5.0,0.94,15.0,0.93,15.0,0.92,15.0,0.91,15.0,0.97,9.84,0.98,20.0,0.99,391.09,,,,,0.03,9.84,0.02,20.0,0.01,391.09,,,,,0.05,5.0,0.06,15.0,0.07,15.0,0.08,15.0,0.09,15.0,0.02,0.02,45.023472,1776161256000
1776161258.381,158.381,0.95,5.0,0.94,15.0,0.93,15.0,0.92,15.0,0.91,15.0,0.97,9.84,0.98,20.0,0.99,391.09,,,,,0.03,9.84,0.02,20.0,0.01,391.09,,,,,0.05,5.0,0.06,15.0,0.07,15.0,0.08,15.0,0.09,15.0,0.02,0.02,45.023472,1776161257000
1776161259.517,159.517,0.95,5.0,0.94,15.0,0.93,15.0,0.92,15.0,0.91,15.0,0.97,9.84,0.98,20.0,0.99,391.09,,,,,0.03,9.84,0.02,20.0,0.01,391.09,,,,,0.05,5.0,0.06,15.0,0.07,15.0,0.08,15.0,0.09,15.0,0.02,0.02,45.025245,1776161258000
1776161260.251,160.251,0.95,5.0,0.94,15.0,0.93,15.0,0.92,15.0,0.91,15.0,0.97,9.84,0.98,20.0,0.99,391.09,,,,,0.03,9.84,0.02,20.0,0.01,391.09,,,,,0.05,5.0,0.06,15.0,0.07,15.0,0.08,15.0,0.09,15.0,0.02,0.02,45.025929,1776161259000
1776161261.616,161.616,0.95,5.0,0.94,15.0,0.93,15.0,0.92,15.0,0.91,15.0,0.97,9.84,0.98,20.0,0.99,391.09,,,,,0.03,9.84,0.02,20.0,0.01,391.09,,,,,0.05,5.0,0.06,15.0,0.07,15.0,0.08,15.0,0.09,15.0,0.02,0.02,45.025972,1776161260000
1776161262.272,162.272,0.95,5.0,0.94,15.0,0.93,15.0,0.92,15.0,0.91,15.0,0.97,9.84,0.98,20.0,0.99,391.09,,,,,0.03,9.84,0.02,20.0,0.01,391.09,,,,,0.05,5.0,0.06,15.0,0.07,15.0,0.08,15.0,0.09,15.0,0.02,0.02,45.025972,1776161261000
1776161263.624,163.624,0.95,5.0,0.94,15.0,0.93,15.0,0.92,15.0,0.91,15.0,0.97,9.84,0.98,20.0,0.99,391.09,,,,,0.03,9.84,0.02,20.0,0.01,391.09,,,,,0.05,5.0,0.06,15.0,0.07,15.0,0.08,15.0,0.09,15.0,0.02,0.02,45.026832,1776161262000
1776161264.368,164.368,0.95,5.0,0.94,15.0,0.93,15.0,0.92,15.0,0.91,15.0,0.97,9.84,0.98,20.0,0.99,391.09,,,,,0.03,9.84,0.02,20.0,0.01,391.09,,,,,0.05,5.0,0.06,15.0,0.07,15.0,0.08,15.0,0.09,15.0,0.02,0.02,45.026832,1776161263000
1776161265.249,165.249,0.95,5.0,0.94,15.0,0.93,15.0,0.92,15.0,0.91,15.0,0.97,9.84,0.98,20.0,0.99,391.09,,,,,0.03,9.84,0.02,20.0,0.01,391.09,,,,,0.05,5.0,0.06,15.0,0.07,15.0,0.08,15.0,0.09,15.0,0.02,0.02,45.027596,1776161264000
1776161266.46,166.46,0.95,5.0,0.94,15.0,0.93,15.0,0.92,15.0,0.91,15.0,0.97,9.84,0.98,20.0,0.99,391.09,,,,,0.03,9.84,0.02,20.0,0.01,391.09,,,,,0.05,5.0,0.06,15.0,0.07,15.0,0.08,15.0,0.09,15.0,0.02,0.02,45.027636,1776161265000
1776161267.253,167.253,0.95,5.0,0.94,15.0,0.93,15.0,0.92,15.0,0.91,15.0,0.97,9.84,0.98,20.0,0.99,391.09,,,,,0.03,9.84,0.02,20.0,0.01,391.09,,,,,0.05,5.0,0.06,15.0,0.07,15.0,0.08,15.0,0.09,15.0,0.02,0.02,45.027755,1776161266000
1776161268.967,168.967,0.95,5.0,0.94,15.0,0.93,15.0,0.92,15.0,0.91,15.0,0.97,9.84,0.98,20.0,0.99,391.09,,,,,0.03,9.84,0.02,20.0,0.01,391.09,,,,,0.05,5.0,0.06,15.0,0.07,15.0,0.08,15.0,0.09,15.0,0.02,0.02,45.041302,1776161268000
1776161270.025,170.025,0.95,5.0,0.94,15.0,0.93,15.0,0.92,15.0,0.91,15.0,0.97,9.84,0.98,20.0,0.99,391.09,,,,,0.03,9.84,0.02,20.0,0.01,391.09,,,,,0.05,5.0,0.06,15.0,0.07,15.0,0.08,15.0,0.09,15.0,0.02,0.02,45.041201,1776161269000
1776161271.126,171.126,0.95,5.0,0.94,15.0,0.93,15.0,0.92,15.0,0.91,15.0,0.97,9.84,0.98,20.0,0.99,391.09,,,,,0.03,9.84,0.02,20.0,0.01,391.09,,,,,0.05,5.0,0.06,15.0,0.07,15.0,0.08,15.0,0.09,15.0,0.02,0.02,45.041359,1776161270000
1776161272.196,172.196,0.95,5.0,0.94,15.0,0.93,15.0,0.92,15.0,0.91,15.0,0.97,9.84,0.98,20.0,0.99,391.09,,,,,0.03,9.84,0.02,20.0,0.01,391.09,,,,,0.05,5.0,0.06,15.0,0.07,15.0,0.08,15.0,0.09,15.0,0.02,0.02,45.040383,1776161271000
1776161273.911,173.911,0.95,5.0,0.94,15.0,0.93,15.0,0.92,15.0,0.91,15.0,0.97,9.84,0.98,20.0,0.99,391.09,,,,,0.03,9.84,0.02,20.0,0.01,391.09,,,,,0.05,5.0,0.06,15.0,0.07,15.0,0.08,15.0,0.09,15.0,0.02,0.02,45.032822,1776161272000
1776161274.611,174.611,0.95,5.0,0.94,15.0,0.93,15.0,0.92,15.0,0.91,15.0,0.97,9.84,0.98,20.0,0.99,391.09,,,,,0.03,9.84,0.02,20.0,0.01,391.09,,,,,0.05,5.0,0.06,15.0,0.07,15.0,0.08,15.0,0.09,15.0,0.02,0.02,45.033557,1776161273000
1776161275.067,175.067,0.95,5.0,0.94,15.0,0.93,15.0,0.92,15.0,0.91,15.0,0.97,9.84,0.98,20.0,0.99,391.09,,,,,0.03,9.84,0.02,20.0,0.01,391.09,,,,,0.05,5.0,0.06,15.0,0.07,15.0,0.08,15.0,0.09,15.0,0.02,0.02,45.033557,1776161274000
1776161276.127,176.127,0.97,20.0,0.96,20.0,0.95,15.0,0.94,15.0,0.93,20.37,0.98,3.47,0.99,391.09,,,,,,,0.02,3.47,0.01,391.09,,,,,,,0.03,20.0,0.04,20.0,0.05,15.0,0.06,15.0,0.07,20.37,0.01,0.01,45.033927,1776161275000
1776161277.146,177.146,0.97,20.0,0.96,20.0,0.95,15.0,0.94,15.0,0.93,20.37,0.98,3.47,0.99,391.09,,,,,,,0.02,3.47,0.01,391.09,,,,,,,0.03,20.0,0.04,20.0,0.05,15.0,0.06,15.0,0.07,20.37,0.01,0.01,45.03779,1776161276000
1776161277.409,177.409,0.96,20.0,0.95,15.0,0.94,15.0,0.93,20.37,0.92,15.0,0.99,391.09,,,,,,,,,0.02,3.47,0.01,391.09,,,,,,,0.03,20.0,0.04,20.0,0.05,15.0,0.06,15.0,0.07,20.37,0.03,0.01,45.03779,1776161276000
1776161278.41,178.41,0.96,20.0,0.95,15.0,0.94,15.0,0.93,20.37,0.92,15.0,0.99,391.09,,,,,,,,,0.01,391.09,,,,,,,,,0.04,20.0,0.05,15.0,0.06,15.0,0.07,20.37,0.08,15.0,0.03,0.03,45.03779,1776161277000
1776161279.032,179.032,0.96,20.0,0.95,15.0,0.94,15.0,0.93,20.37,0.92,15.0,0.99,391.09,,,,,,,,,0.01,391.09,,,,,,,,,0.04,20.0,0.05,15.0,0.06,15.0,0.07,20.37,0.08,15.0,0.03,0.03,45.037748,1776161278000
1776161280.076,180.076,0.96,20.0,0.95,15.0,0.94,15.0,0.93,20.37,0.92,15.0,0.99,391.09,,,,,,,,,0.01,391.09,,,,,,,,,0.04,20.0,0.05,15.0,0.06,15.0,0.07,20.37,0.08,15.0,0.03,0.03,45.037499,1776161279000
1776161280.642,180.642,0.96,20.0,0.95,15.0,0.94,15.0,0.93,20.37,0.92,15.0,0.99,376.09,,,,,,,,,0.01,391.09,,,,,,,,,0.04,20.0,0.05,15.0,0.06,15.0,0.07,20.37,0.08,15.0,0.03,0.03,45.037499,1776161279000
1776161281.214,181.214,0.96,20.0,0.95,15.0,0.94,15.0,0.93,20.37,0.92,15.0,0.99,376.09,,,,,,,,,0.01,376.09,,,,,,,,,0.04,20.0,0.05,15.0,0.06,15.0,0.07,20.37,0.08,15.0,0.03,0.03,45.033874,1776161280000
1776161282.483,182.483,0.96,20.0,0.95,15.0,0.94,15.0,0.93,20.37,0.92,15.0,0.99,376.09,,,,,,,,,0.01,376.09,,,,,,,,,0.04,20.0,0.05,15.0,0.06,15.0,0.07,20.37,0.08,15.0,0.03,0.03,45.032351,1776161281000
1776161282.749,182.749,0.96,20.0,0.95,15.0,0.94,15.0,0.93,20.37,0.92,15.0,0.99,376.09,,,,,,,,,0.01,376.09,,,,,,,,,0.04,20.0,0.05,15.0,0.06,15.0,0.07,20.37,0.08,15.0,0.03,0.03,45.032351,1776161281000
1776161283.194,183.194,0.96,20.0,0.95,15.0,0.94,15.0,0.93,20.37,0.92,15.0,0.99,376.09,,,,,,,,,0.01,376.09,,,,,,,,,0.04,20.0,0.05,15.0,0.06,15.0,0.07,20.37,0.08,15.0,0.03,0.03,45.032351,1776161282000
1776161283.993,183.993,0.96,20.0,0.95,15.0,0.94,15.0,0.93,20.37,0.92,15.0,0.99,376.09,,,,,,,,,0.01,376.09,,,,,,,,,0.04,20.0,0.05,15.0,0.06,15.0,0.07,20.37,0.08,15.0,0.03,0.03,45.027112,1776161283000
1776161284.966,184.966,0.96,20.0,0.95,15.0,0.94,15.0,0.93,20.37,0.92,15.0,0.99,376.09,,,,,,,,,0.01,376.09,,,,,,,,,0.04,20.0,0.05,15.0,0.06,15.0,0.07,20.37,0.08,15.0,0.03,0.03,45.027073,1776161284000
1776161285.949,185.949,0.96,20.0,0.95,15.0,0.94,15.0,0.93,20.37,0.92,15.0,0.99,376.09,,,,,,,,,0.01,376.09,,,,,,,,,0.04,20.0,0.05,15.0,0.06,15.0,0.07,20.37,0.08,15.0,0.03,0.03,45.032039,1776161285000
1776161286.975,186.975,0.96,20.0,0.95,15.0,0.94,15.0,0.93,20.37,0.92,15.0,0.99,376.09,,,,,,,,,0.01,376.09,,,,,,,,,0.04,20.0,0.05,15.0,0.06,15.0,0.07,20.37,0.08,15.0,0.03,0.03,45.033493,1776161286000
1776161287.922,187.922,0.96,20.0,0.95,15.0,0.94,15.0,0.93,20.37,0.92,15.0,0.99,376.09,,,,,,,,,0.01,376.09,,,,,,,,,0.04,20.0,0.05,15.0,0.06,15.0,0.07,20.37,0.08,15.0,0.03,0.03,45.033271,1776161287000
1776161288.285,188.285,0.94,15.0,0.93,20.37,0.92,15.0,0.91,15.0,0.9,20.05,0.99,369.82,,,,,,,,,0.01,376.09,,,,,,,,,0.04,20.0,0.05,15.0,0.06,15.0,0.07,20.37,0.08,15.0,0.05,0.03,45.033271,1776161287000
1776161288.957,188.957,0.94,15.0,0.93,20.37,0.92,15.0,0.91,15.0,0.9,20.05,0.99,369.82,,,,,,,,,0.01,369.82,,,,,,,,,0.06,15.0,0.07,20.37,0.08,15.0,0.09,15.0,0.1,20.05,0.05,0.05,45.032056,1776161288000
1776161289.626,189.626,0.94,15.0,0.93,20.37,0.92,15.0,0.91,15.0,0.9,20.05,0.99,369.82,,,,,,,,,0.01,369.82,,,,,,,,,0.06,15.0,0.07,20.37,0.08,15.0,0.09,15.0,0.1,20.05,0.05,0.05,45.032056,1776161288000
1776161289.929,189.929,0.94,15.0,0.93,20.37,0.92,15.0,0.91,15.0,0.9,20.05,0.99,369.82,,,,,,,,,0.01,369.82,,,,,,,,,0.06,15.0,0.07,20.37,0.08,15.0,0.09,15.0,0.1,20.05,0.05,0.05,45.029634,1776161289000
1776161290.851,190.851,0.94,15.0,0.93,20.37,0.92,15.0,0.91,15.0,0.9,20.05,0.99,369.82,,,,,,,,,0.01,369.82,,,,,,,,,0.06,15.0,0.07,20.37,0.08,15.0,0.09,15.0,0.1,20.05,0.05,0.05,45.024062,1776161290000
1776161291.826,191.826,0.94,15.0,0.93,20.37,0.92,15.0,0.91,15.0,0.9,20.05,0.99,369.82,,,,,,,,,0.01,369.82,,,,,,,,,0.06,15.0,0.07,20.37,0.08,15.0,0.09,15.0,0.1,20.05,0.05,0.05,45.017977,1776161291000
1776161292.777,192.777,0.94,15.0,0.93,20.37,0.92,15.0,0.91,15.0,0.9,20.05,0.99,369.82,,,,,,,,,0.01,369.82,,,,,,,,,0.06,15.0,0.07,20.37,0.08,15.0,0.09,15.0,0.1,20.05,0.05,0.05,45.017662,1776161292000
1776161293.485,193.485,0.96,20.0,0.95,20.0,0.94,15.0,0.93,20.37,0.92,15.0,0.98,13.97,0.99,369.82,,,,,,,0.01,369.82,,,,,,,,,0.06,15.0,0.07,20.37,0.08,15.0,0.09,15.0,0.1,20.05,0.02,0.05,45.017662,1776161292000
1776161294.206,194.206,0.96,20.0,0.95,20.0,0.94,15.0,0.93,20.37,0.92,15.0,0.98,13.97,0.99,369.82,,,,,,,0.02,13.97,0.01,369.82,,,,,,,0.04,20.0,0.05,20.0,0.06,15.0,0.07,20.37,0.08,15.0,0.02,0.02,45.016992,1776161293000
1776161295.211,195.211,0.96,20.0,0.95,20.0,0.94,15.0,0.93,20.37,0.92,15.0,0.98,13.97,0.99,369.82,,,,,,,0.02,13.97,0.01,369.82,,,,,,,0.04,20.0,0.05,20.0,0.06,15.0,0.07,20.37,0.08,15.0,0.02,0.02,45.016758,1776161294000
1776161296.796,196.796,0.96,20.0,0.95,20.0,0.94,15.0,0.93,20.37,0.92,15.0,0.98,13.97,0.99,369.82,,,,,,,0.02,13.97,0.01,369.82,,,,,,,0.04,20.0,0.05,20.0,0.06,15.0,0.07,20.37,0.08,15.0,0.02,0.02,45.016663,1776161295000
1776161297.124,197.124,0.96,20.0,0.95,20.0,0.94,15.0,0.93,20.37,0.92,15.0,0.98,13.97,0.99,369.82,,,,,,,0.02,13.97,0.01,369.82,,,,,,,0.04,20.0,0.05,20.0,0.06,15.0,0.07,20.37,0.08,15.0,0.02,0.02,45.016663,1776161296000
1776161298.095,198.095,0.96,20.0,0.95,20.0,0.94,15.0,0.93,20.37,0.92,15.0,0.98,13.97,0.99,369.82,,,,,,,0.02,13.97,0.01,369.82,,,,,,,0.04,20.0,0.05,20.0,0.06,15.0,0.07,20.37,0.08,15.0,0.02,0.02,45.016728,1776161297000
1776161299.092,199.092,0.96,20.0,0.95,20.0,0.94,15.0,0.93,20.37,0.92,15.0,0.98,13.97,0.99,369.82,,,,,,,0.02,13.97,0.01,369.82,,,,,,,0.04,20.0,0.05,20.0,0.06,15.0,0.07,20.37,0.08,15.0,0.02,0.02,45.016766,1776161298000
1776161300.125,200.125,0.96,20.0,0.95,20.0,0.94,15.0,0.93,20.37,0.92,15.0,0.98,13.97,0.99,369.82,,,,,,,0.02,13.97,0.01,369.82,,,,,,,0.04,20.0,0.05,20.0,0.06,15.0,0.07,20.37,0.08,15.0,0.02,0.02,45.016766,1776161299000
1776161300.976,200.976,0.96,20.0,0.95,20.0,0.94,15.0,0.93,20.37,0.92,15.0,0.98,13.97,0.99,369.82,,,,,,,0.02,13.97,0.01,369.82,,,,,,,0.04,20.0,0.05,20.0,0.06,15.0,0.07,20.37,0.08,15.0,0.02,0.02,45.016803,1776161300000
1776161301.977,201.977,0.96,20.0,0.95,20.0,0.94,15.0,0.93,20.37,0.92,15.0,0.98,13.97,0.99,369.82,,,,,,,0.02,13.97,0.01,369.82,,,,,,,0.04,20.0,0.05,20.0,0.06,15.0,0.07,20.37,0.08,15.0,0.02,0.02,45.017245,1776161301000
1776161302.857,202.857,0.96,20.0,0.95,20.0,0.94,15.0,0.93,20.37,0.92,15.0,0.98,13.97,0.99,369.82,,,,,,,0.02,13.97,0.01,369.82,,,,,,,0.04,20.0,0.05,20.0,0.06,15.0,0.07,20.37,0.08,15.0,0.02,0.02,45.01729,1776161302000
1776161303.848,203.848,0.96,20.0,0.95,20.0,0.94,15.0,0.93,20.37,0.92,15.0,0.98,13.97,0.99,369.82,,,,,,,0.02,13.97,0.01,369.82,,,,,,,0.04,20.0,0.05,20.0,0.06,15.0,0.07,20.37,0.08,15.0,0.02,0.02,45.018359,1776161303000
1776161304.852,204.852,0.96,20.0,0.95,20.0,0.94,15.0,0.93,20.37,0.92,15.0,0.98,13.97,0.99,369.82,,,,,,,0.02,13.97,0.01,369.82,,,,,,,0.04,20.0,0.05,20.0,0.06,15.0,0.07,20.37,0.08,15.0,0.02,0.02,45.018827,1776161304000
1776161306.237,206.237,0.96,20.0,0.95,20.0,0.94,15.0,0.93,20.37,0.92,15.0,0.98,13.97,0.99,369.82,,,,,,,0.02,13.97,0.01,369.82,,,,,,,0.04,20.0,0.05,20.0,0.06,15.0,0.07,20.37,0.08,15.0,0.02,0.02,45.020823,1776161305000
1776161307.246,207.246,0.96,20.0,0.95,20.0,0.94,15.0,0.93,20.37,0.92,15.0,0.98,13.97,0.99,369.82,,,,,,,0.02,13.97,0.01,369.82,,,,,,,0.04,20.0,0.05,20.0,0.06,15.0,0.07,20.37,0.08,15.0,0.02,0.02,45.022803,1776161306000
1776161307.491,207.491,0.56,14.86,0.55,15.0,0.54,15.0,0.53,15.0,0.52,24.0,0.98,250.0,0.99,369.82,,,,,,,0.02,13.97,0.01,369.82,,,,,,,0.04,20.0,0.05,20.0,0.06,15.0,0.07,20.37,0.08,15.0,0.42,0.02,45.022803,1776161306000
1776161308.2,208.2,0.55,5.1,0.43,15.0,0.42,15.0,0.41,15.0,0.4,15.0,0.8,22.51,0.91,31.0,0.97,15.0,0.98,933.0,0.99,369.82,0.02,250.0,0.01,369.82,,,,,,,0.44,14.86,0.45,15.0,0.46,15.0,0.47,15.0,0.48,24.0,0.25,0.42,45.022803,1776161306000
1776161309.196,209.196,0.43,13.81,0.42,15.0,0.41,15.0,0.4,15.0,0.39,15.0,0.8,22.51,0.91,31.0,0.97,15.0,0.98,933.0,0.99,369.82,0.2,22.51,0.09,31.0,0.03,15.0,0.02,933.0,0.01,369.82,0.57,13.81,0.58,15.0,0.59,15.0,0.6,15.0,0.61,15.0,0.37,0.37,45.016842,1776161308000
1776161310.331,210.331,0.43,13.81,0.42,15.0,0.41,15.0,0.4,15.0,0.39,15.0,0.8,22.51,0.91,31.0,0.97,15.0,0.98,933.0,0.99,369.82,0.2,22.51,0.09,31.0,0.03,15.0,0.02,933.0,0.01,369.82,0.57,13.81,0.58,15.0,0.59,15.0,0.6,15.0,0.61,15.0,0.37,0.37,44.914394,1776161309000
1776161311.231,211.231,0.55,4.95,0.42,9.95,0.41,15.0,0.4,15.0,0.39,15.0,0.72,10.0,0.81,26.0,0.91,31.0,0.94,15.0,0.95,15.0,0.28,10.0,0.19,26.0,0.09,31.0,0.06,15.0,0.05,15.0,0.45,4.95,0.58,9.95,0.59,15.0,0.6,15.0,0.61,15.0,0.17,0.17,44.908877,1776161310000
1776161312.17,212.17,0.55,4.95,0.42,9.95,0.41,15.0,0.4,15.0,0.39,15.0,0.72,10.0,0.81,26.0,0.91,31.0,0.94,15.0,0.95,15.0,0.28,10.0,0.19,26.0,0.09,31.0,0.06,15.0,0.05,15.0,0.45,4.95,0.58,9.95,0.59,15.0,0.6,15.0,0.61,15.0,0.17,0.17,44.901553,1776161311000
1776161313.347,213.347,0.55,4.95,0.42,9.95,0.41,15.0,0.4,15.0,0.39,15.0,0.72,10.0,0.81,26.0,0.91,31.0,0.94,15.0,0.95,15.0,0.28,10.0,0.19,26.0,0.09,31.0,0.06,15.0,0.05,15.0,0.45,4.95,0.58,9.95,0.59,15.0,0.6,15.0,0.61,15.0,0.17,0.17,44.901622,1776161312000
1776161313.852,213.852,0.63,27.0,0.59,5.1,0.44,15.0,0.43,26.0,0.42,9.95,0.64,0.08,0.65,14.0,0.88,15.0,0.89,15.0,0.9,15.0,0.28,10.0,0.19,26.0,0.09,31.0,0.06,15.0,0.05,15.0,0.45,4.95,0.58,9.95,0.59,15.0,0.6,15.0,0.61,15.0,0.01,0.17,44.901622,1776161312000
1776161314.869,214.869,0.63,27.0,0.59,5.1,0.44,15.0,0.43,26.0,0.42,9.95,0.64,0.08,0.65,14.0,0.88,15.0,0.89,15.0,0.9,15.0,0.36,0.08,0.35,14.0,0.12,15.0,0.11,15.0,0.1,15.0,0.37,27.0,0.41,5.1,0.56,15.0,0.57,26.0,0.58,9.95,0.01,0.01,44.902805,1776161314000
1776161315.912,215.912,0.63,27.0,0.59,5.1,0.44,15.0,0.43,26.0,0.42,9.95,0.64,0.08,0.65,14.0,0.88,15.0,0.89,15.0,0.9,15.0,0.36,0.08,0.35,14.0,0.12,15.0,0.11,15.0,0.1,15.0,0.37,27.0,0.41,5.1,0.56,15.0,0.57,26.0,0.58,9.95,0.01,0.01,44.907586,1776161315000
1776161316.222,216.222,0.57,9.94,0.46,15.0,0.45,15.0,0.44,15.0,0.43,15.0,0.65,14.0,0.74,10.0,0.85,15.0,0.86,15.0,0.87,15.0,0.36,0.08,0.35,14.0,0.12,15.0,0.11,15.0,0.1,15.0,0.37,27.0,0.41,5.1,0.56,15.0,0.57,26.0,0.58,9.95,0.08,0.01,44.907586,1776161315000
1776161316.933,216.933,0.57,9.94,0.46,15.0,0.45,15.0,0.44,15.0,0.43,15.0,0.65,14.0,0.74,10.0,0.85,15.0,0.86,15.0,0.87,15.0,0.35,14.0,0.26,10.0,0.15,15.0,0.14,15.0,0.13,15.0,0.43,9.94,0.54,15.0,0.55,15.0,0.56,15.0,0.57,15.0,0.08,0.08,44.907763,1776161316000
1776161317.636,217.636,0.56,9.94,0.48,15.0,0.47,15.0,0.46,15.0,0.45,15.0,0.61,6.26,0.73,10.0,0.83,15.0,0.84,15.0,0.85,15.0,0.35,14.0,0.26,10.0,0.15,15.0,0.14,15.0,0.13,15.0,0.43,9.94,0.54,15.0,0.55,15.0,0.56,15.0,0.57,15.0,0.05,0.08,44.907763,1776161316000
1776161317.966,217.966,0.56,9.94,0.48,15.0,0.47,15.0,0.46,15.0,0.45,15.0,0.61,6.26,0.73,10.0,0.83,15.0,0.84,15.0,0.85,15.0,0.39,6.26,0.27,10.0,0.17,15.0,0.16,15.0,0.15,15.0,0.44,9.94,0.52,15.0,0.53,15.0,0.54,15.0,0.55,15.0,0.05,0.05,44.906398,1776161317000
1776161318.903,218.903,0.56,9.94,0.48,15.0,0.47,15.0,0.46,15.0,0.45,15.0,0.61,6.26,0.73,10.0,0.83,15.0,0.84,15.0,0.85,15.0,0.39,6.26,0.27,10.0,0.17,15.0,0.16,15.0,0.15,15.0,0.44,9.94,0.52,15.0,0.53,15.0,0.54,15.0,0.55,15.0,0.05,0.05,44.906307,1776161318000
1776161319.819,219.819,0.56,9.94,0.48,15.0,0.47,15.0,0.46,15.0,0.45,15.0,0.61,6.26,0.73,10.0,0.83,15.0,0.84,15.0,0.85,15.0,0.39,6.26,0.27,10.0,0.17,15.0,0.16,15.0,0.15,15.0,0.44,9.94,0.52,15.0,0.53,15.0,0.54,15.0,0.55,15.0,0.05,0.05,44.906042,1776161319000
1776161320.833,220.833,0.56,9.94,0.48,15.0,0.47,15.0,0.46,15.0,0.45,15.0,0.61,6.26,0.73,10.0,0.83,15.0,0.84,15.0,0.85,15.0,0.39,6.26,0.27,10.0,0.17,15.0,0.16,15.0,0.15,15.0,0.44,9.94,0.52,15.0,0.53,15.0,0.54,15.0,0.55,15.0,0.05,0.05,44.905904,1776161320000
1776161322.566,222.566,0.56,9.94,0.48,15.0,0.47,15.0,0.46,15.0,0.45,15.0,0.61,6.26,0.73,10.0,0.83,15.0,0.84,15.0,0.85,15.0,0.39,6.26,0.27,10.0,0.17,15.0,0.16,15.0,0.15,15.0,0.44,9.94,0.52,15.0,0.53,15.0,0.54,15.0,0.55,15.0,0.05,0.05,44.904187,1776161321000
1776161323.467,223.467,0.56,9.94,0.48,15.0,0.47,15.0,0.46,15.0,0.45,15.0,0.61,6.26,0.73,10.0,0.83,15.0,0.84,15.0,0.85,15.0,0.39,6.26,0.27,10.0,0.17,15.0,0.16,15.0,0.15,15.0,0.44,9.94,0.52,15.0,0.53,15.0,0.54,15.0,0.55,15.0,0.05,0.05,44.903357,1776161322000
1776161323.988,223.988,0.56,9.94,0.48,15.0,0.47,15.0,0.46,15.0,0.45,15.0,0.61,6.26,0.73,10.0,0.83,15.0,0.84,15.0,0.85,15.0,0.39,6.26,0.27,10.0,0.17,15.0,0.16,15.0,0.15,15.0,0.44,9.94,0.52,15.0,0.53,15.0,0.54,15.0,0.55,15.0,0.05,0.05,44.902104,1776161323000
1776161325.812,225.812,0.56,9.94,0.48,15.0,0.47,15.0,0.46,15.0,0.45,15.0,0.61,6.26,0.73,10.0,0.83,15.0,0.84,15.0,0.85,15.0,0.39,6.26,0.27,10.0,0.17,15.0,0.16,15.0,0.15,15.0,0.44,9.94,0.52,15.0,0.53,15.0,0.54,15.0,0.55,15.0,0.05,0.05,44.901471,1776161324000
1776161326.373,226.373,0.56,9.94,0.48,15.0,0.47,15.0,0.46,15.0,0.45,15.0,0.61,6.26,0.73,10.0,0.83,15.0,0.84,15.0,0.85,15.0,0.39,6.26,0.27,10.0,0.17,15.0,0.16,15.0,0.15,15.0,0.44,9.94,0.52,15.0,0.53,15.0,0.54,15.0,0.55,15.0,0.05,0.05,44.901471,1776161325000
1776161327.855,227.855,0.56,9.94,0.48,15.0,0.47,15.0,0.46,15.0,0.45,15.0,0.61,6.26,0.73,10.0,0.83,15.0,0.84,15.0,0.85,15.0,0.39,6.26,0.27,10.0,0.17,15.0,0.16,15.0,0.15,15.0,0.44,9.94,0.52,15.0,0.53,15.0,0.54,15.0,0.55,15.0,0.05,0.05,44.901511,1776161326000
1776161328.587,228.587,0.56,9.94,0.48,15.0,0.47,15.0,0.46,15.0,0.45,15.0,0.61,6.26,0.73,10.0,0.83,15.0,0.84,15.0,0.85,15.0,0.39,6.26,0.27,10.0,0.17,15.0,0.16,15.0,0.15,15.0,0.44,9.94,0.52,15.0,0.53,15.0,0.54,15.0,0.55,15.0,0.05,0.05,44.901511,1776161327000
1776161329.229,229.229,0.56,9.94,0.48,15.0,0.47,15.0,0.46,15.0,0.45,15.0,0.61,6.26,0.73,10.0,0.83,15.0,0.84,15.0,0.85,15.0,0.39,6.26,0.27,10.0,0.17,15.0,0.16,15.0,0.15,15.0,0.44,9.94,0.52,15.0,0.53,15.0,0.54,15.0,0.55,15.0,0.05,0.05,44.901956,1776161328000
1776161330.725,230.725,0.56,9.94,0.48,15.0,0.47,15.0,0.46,15.0,0.45,15.0,0.61,6.26,0.73,10.0,0.83,15.0,0.84,15.0,0.85,15.0,0.39,6.26,0.27,10.0,0.17,15.0,0.16,15.0,0.15,15.0,0.44,9.94,0.52,15.0,0.53,15.0,0.54,15.0,0.55,15.0,0.05,0.05,44.905467,1776161329000
1776161331.394,231.394,0.56,9.94,0.48,15.0,0.47,15.0,0.46,15.0,0.45,15.0,0.61,6.26,0.73,10.0,0.83,15.0,0.84,15.0,0.85,15.0,0.39,6.26,0.27,10.0,0.17,15.0,0.16,15.0,0.15,15.0,0.44,9.94,0.52,15.0,0.53,15.0,0.54,15.0,0.55,15.0,0.05,0.05,44.902949,1776161330000
1776161332.093,232.093,0.56,9.94,0.48,15.0,0.47,15.0,0.46,15.0,0.45,15.0,0.61,6.26,0.73,10.0,0.83,15.0,0.84,15.0,0.85,15.0,0.39,6.26,0.27,10.0,0.17,15.0,0.16,15.0,0.15,15.0,0.44,9.94,0.52,15.0,0.53,15.0,0.54,15.0,0.55,15.0,0.05,0.05,44.905003,1776161331000
1776161333.54,233.54,0.56,9.94,0.48,15.0,0.47,15.0,0.46,15.0,0.45,15.0,0.61,6.26,0.73,10.0,0.83,15.0,0.84,15.0,0.85,15.0,0.39,6.26,0.27,10.0,0.17,15.0,0.16,15.0,0.15,15.0,0.44,9.94,0.52,15.0,0.53,15.0,0.54,15.0,0.55,15.0,0.05,0.05,44.904536,1776161332000
1776161334.299,234.299,0.56,9.94,0.48,15.0,0.47,15.0,0.46,15.0,0.45,15.0,0.61,6.26,0.73,10.0,0.83,15.0,0.84,15.0,0.85,15.0,0.39,6.26,0.27,10.0,0.17,15.0,0.16,15.0,0.15,15.0,0.44,9.94,0.52,15.0,0.53,15.0,0.54,15.0,0.55,15.0,0.05,0.05,44.904536,1776161333000
1776161335.199,235.199,0.5,5.0,0.38,13.0,0.37,15.0,0.36,24.94,0.35,15.0,0.52,15.0,0.53,25.0,0.54,15.0,0.55,15.0,0.56,15.0,0.39,6.26,0.27,10.0,0.17,15.0,0.16,15.0,0.15,15.0,0.44,9.94,0.52,15.0,0.53,15.0,0.54,15.0,0.55,15.0,0.02,0.05,44.904536,1776161333000
1776161335.623,235.623,0.38,13.0,0.37,15.0,0.36,24.94,0.35,15.0,0.34,15.0,0.51,15.0,0.52,15.0,0.53,25.0,0.54,15.0,0.55,15.0,0.48,15.0,0.47,25.0,0.46,15.0,0.45,15.0,0.44,15.0,0.5,5.0,0.62,13.0,0.63,15.0,0.64,24.94,0.65,15.0,0.13,0.02,44.904536,1776161333000
1776161336.344,236.344,0.38,13.0,0.37,15.0,0.36,24.94,0.35,15.0,0.34,15.0,0.51,15.0,0.52,15.0,0.53,25.0,0.54,15.0,0.55,15.0,0.49,15.0,0.48,15.0,0.47,25.0,0.46,15.0,0.45,15.0,0.62,13.0,0.63,15.0,0.64,24.94,0.65,15.0,0.66,15.0,0.13,0.13,44.900971,1776161335000
1776161337.082,237.082,0.38,13.0,0.37,15.0,0.36,24.94,0.35,15.0,0.34,15.0,0.51,15.0,0.52,15.0,0.53,25.0,0.54,15.0,0.55,15.0,0.49,15.0,0.48,15.0,0.47,25.0,0.46,15.0,0.45,15.0,0.62,13.0,0.63,15.0,0.64,24.94,0.65,15.0,0.66,15.0,0.13,0.13,44.900375,1776161336000
1776161338.435,238.435,0.38,13.0,0.37,15.0,0.36,24.94,0.35,15.0,0.34,15.0,0.51,15.0,0.52,15.0,0.53,25.0,0.54,15.0,0.55,15.0,0.49,15.0,0.48,15.0,0.47,25.0,0.46,15.0,0.45,15.0,0.62,13.0,0.63,15.0,0.64,24.94,0.65,15.0,0.66,15.0,0.13,0.13,44.901111,1776161337000
1776161339.214,239.214,0.38,13.0,0.37,15.0,0.36,24.94,0.35,15.0,0.34,15.0,0.51,15.0,0.52,15.0,0.53,25.0,0.54,15.0,0.55,15.0,0.49,15.0,0.48,15.0,0.47,25.0,0.46,15.0,0.45,15.0,0.62,13.0,0.63,15.0,0.64,24.94,0.65,15.0,0.66,15.0,0.13,0.13,44.901111,1776161338000
1776161341.174,241.174,0.38,13.0,0.37,15.0,0.36,24.94,0.35,15.0,0.34,15.0,0.51,15.0,0.52,15.0,0.53,25.0,0.54,15.0,0.55,15.0,0.49,15.0,0.48,15.0,0.47,25.0,0.46,15.0,0.45,15.0,0.62,13.0,0.63,15.0,0.64,24.94,0.65,15.0,0.66,15.0,0.13,0.13,44.901531,1776161340000
1776161342.371,242.371,0.38,13.0,0.37,15.0,0.36,24.94,0.35,15.0,0.34,15.0,0.51,15.0,0.52,15.0,0.53,25.0,0.54,15.0,0.55,15.0,0.49,15.0,0.48,15.0,0.47,25.0,0.46,15.0,0.45,15.0,0.62,13.0,0.63,15.0,0.64,24.94,0.65,15.0,0.66,15.0,0.13,0.13,44.901245,1776161341000
1776161343.05,243.05,0.38,13.0,0.37,15.0,0.36,24.94,0.35,15.0,0.34,15.0,0.51,15.0,0.52,15.0,0.53,25.0,0.54,15.0,0.55,15.0,0.49,15.0,0.48,15.0,0.47,25.0,0.46,15.0,0.45,15.0,0.62,13.0,0.63,15.0,0.64,24.94,0.65,15.0,0.66,15.0,0.13,0.13,44.89751,1776161342000
1776161344.154,244.154,0.38,13.0,0.37,15.0,0.36,24.94,0.35,15.0,0.34,15.0,0.51,15.0,0.52,15.0,0.53,25.0,0.54,15.0,0.55,15.0,0.49,15.0,0.48,15.0,0.47,25.0,0.46,15.0,0.45,15.0,0.62,13.0,0.63,15.0,0.64,24.94,0.65,15.0,0.66,15.0,0.13,0.13,44.897226,1776161343000
1776161345.394,245.394,0.38,13.0,0.37,15.0,0.36,24.94,0.35,15.0,0.34,15.0,0.51,15.0,0.52,15.0,0.53,25.0,0.54,15.0,0.55,15.0,0.49,15.0,0.48,15.0,0.47,25.0,0.46,15.0,0.45,15.0,0.62,13.0,0.63,15.0,0.64,24.94,0.65,15.0,0.66,15.0,0.13,0.13,44.897605,1776161344000
1776161346.016,246.016,0.38,13.0,0.37,15.0,0.36,24.94,0.35,15.0,0.34,15.0,0.51,15.0,0.52,15.0,0.53,25.0,0.54,15.0,0.55,15.0,0.49,15.0,0.48,15.0,0.47,25.0,0.46,15.0,0.45,15.0,0.62,13.0,0.63,15.0,0.64,24.94,0.65,15.0,0.66,15.0,0.13,0.13,44.897409,1776161345000
1776161347.109,247.109,0.38,13.0,0.37,15.0,0.36,24.94,0.35,15.0,0.34,15.0,0.51,15.0,0.52,15.0,0.53,25.0,0.54,15.0,0.55,15.0,0.49,15.0,0.48,15.0,0.47,25.0,0.46,15.0,0.45,15.0,0.62,13.0,0.63,15.0,0.64,24.94,0.65,15.0,0.66,15.0,0.13,0.13,44.897737,1776161346000
1776161347.82,247.82,0.38,13.0,0.37,15.0,0.36,24.94,0.35,15.0,0.34,15.0,0.51,15.0,0.52,15.0,0.53,25.0,0.54,15.0,0.55,15.0,0.49,15.0,0.48,15.0,0.47,25.0,0.46,15.0,0.45,15.0,0.62,13.0,0.63,15.0,0.64,24.94,0.65,15.0,0.66,15.0,0.13,0.13,44.897737,1776161347000
1776161348.615,248.615,0.32,7.66,0.31,31.0,0.3,15.0,0.29,15.0,0.28,15.0,0.36,10.0,0.45,15.0,0.46,15.0,0.47,15.0,0.48,15.0,0.49,15.0,0.48,15.0,0.47,25.0,0.46,15.0,0.45,15.0,0.62,13.0,0.63,15.0,0.64,24.94,0.65,15.0,0.66,15.0,0.04,0.13,44.897737,1776161347000
1776161348.956,248.956,0.32,7.66,0.31,31.0,0.3,15.0,0.29,15.0,0.28,15.0,0.36,10.0,0.45,15.0,0.46,15.0,0.47,15.0,0.48,15.0,0.64,10.0,0.55,15.0,0.54,15.0,0.53,15.0,0.52,15.0,0.68,7.66,0.69,31.0,0.7,15.0,0.71,15.0,0.72,15.0,0.04,0.04,44.897518,1776161348000
1776161349.295,249.295,0.33,12.96,0.32,7.66,0.31,31.0,0.3,15.0,0.29,15.0,0.36,10.0,0.45,15.0,0.46,15.0,0.47,15.0,0.48,15.0,0.64,10.0,0.55,15.0,0.54,15.0,0.53,15.0,0.52,15.0,0.68,7.66,0.69,31.0,0.7,15.0,0.71,15.0,0.72,15.0,0.03,0.04,44.897518,1776161348000
1776161350.335,250.335,0.33,12.96,0.32,7.66,0.31,31.0,0.3,15.0,0.29,15.0,0.36,10.0,0.45,15.0,0.46,15.0,0.47,15.0,0.48,15.0,0.64,10.0,0.55,15.0,0.54,15.0,0.53,15.0,0.52,15.0,0.67,12.96,0.68,7.66,0.69,31.0,0.7,15.0,0.71,15.0,0.03,0.03,44.897429,1776161349000
1776161351.294,251.294,0.33,12.96,0.32,7.66,0.31,31.0,0.3,15.0,0.29,15.0,0.36,10.0,0.45,15.0,0.46,15.0,0.47,15.0,0.48,15.0,0.64,10.0,0.55,15.0,0.54,15.0,0.53,15.0,0.52,15.0,0.67,12.96,0.68,7.66,0.69,31.0,0.7,15.0,0.71,15.0,0.03,0.03,44.897172,1776161350000
1776161351.881,251.881,0.33,12.96,0.32,7.66,0.31,31.0,0.3,15.0,0.29,15.0,0.36,10.0,0.45,15.0,0.46,15.0,0.47,15.0,0.48,15.0,0.64,10.0,0.55,15.0,0.54,15.0,0.53,15.0,0.52,15.0,0.67,12.96,0.68,7.66,0.69,31.0,0.7,15.0,0.71,15.0,0.03,0.03,44.896947,1776161351000
1776161352.999,252.999,0.33,12.96,0.32,7.66,0.31,31.0,0.3,15.0,0.29,15.0,0.36,10.0,0.45,15.0,0.46,15.0,0.47,15.0,0.48,15.0,0.64,10.0,0.55,15.0,0.54,15.0,0.53,15.0,0.52,15.0,0.67,12.96,0.68,7.66,0.69,31.0,0.7,15.0,0.71,15.0,0.03,0.03,44.896494,1776161352000
1776161354.137,254.137,0.25,10.0,0.21,15.0,0.2,15.0,0.19,15.0,0.18,15.0,0.44,15.0,0.45,51.0,0.46,24.0,0.47,15.0,0.48,15.0,0.64,10.0,0.55,15.0,0.54,15.0,0.53,15.0,0.52,15.0,0.67,12.96,0.68,7.66,0.69,31.0,0.7,15.0,0.71,15.0,0.19,0.03,44.896494,1776161352000
1776161354.536,254.536,0.21,15.0,0.2,15.0,0.19,15.0,0.18,15.0,0.17,15.0,0.44,50.0,0.45,15.0,0.46,24.0,0.47,15.0,0.48,15.0,0.56,15.0,0.55,51.0,0.54,24.0,0.53,15.0,0.52,15.0,0.75,10.0,0.79,15.0,0.8,15.0,0.81,15.0,0.82,15.0,0.23,0.19,44.896732,1776161353000
1776161355.389,255.389,0.21,15.0,0.2,15.0,0.19,15.0,0.18,15.0,0.17,15.0,0.44,50.0,0.45,15.0,0.46,24.0,0.47,15.0,0.48,15.0,0.56,50.0,0.55,15.0,0.54,24.0,0.53,15.0,0.52,15.0,0.79,15.0,0.8,15.0,0.81,15.0,0.82,15.0,0.83,15.0,0.23,0.23,44.896677,1776161354000
1776161356.658,256.658,0.21,15.0,0.2,15.0,0.19,15.0,0.18,15.0,0.17,15.0,0.44,50.0,0.45,15.0,0.46,24.0,0.47,15.0,0.48,15.0,0.56,50.0,0.55,15.0,0.54,24.0,0.53,15.0,0.52,15.0,0.79,15.0,0.8,15.0,0.81,15.0,0.82,15.0,0.83,15.0,0.23,0.23,44.892656,1776161355000
1776161357.004,257.004,0.15,33.0,0.14,15.0,0.13,15.0,0.12,15.0,0.11,15.0,0.37,30.78,0.38,15.0,0.39,15.0,0.4,23.0,0.41,15.0,0.56,50.0,0.55,15.0,0.54,24.0,0.53,15.0,0.52,15.0,0.79,15.0,0.8,15.0,0.81,15.0,0.82,15.0,0.83,15.0,0.22,0.23,44.892656,1776161355000
1776161357.225,257.225,0.15,33.0,0.14,15.0,0.13,15.0,0.12,15.0,0.11,15.0,0.37,30.78,0.38,15.0,0.39,15.0,0.4,23.0,0.41,15.0,0.63,30.78,0.62,15.0,0.61,15.0,0.6,23.0,0.59,15.0,0.85,33.0,0.86,15.0,0.87,15.0,0.88,15.0,0.89,15.0,0.22,0.22,44.890699,1776161356000
1776161358.319,258.319,0.15,33.0,0.14,15.0,0.13,15.0,0.12,15.0,0.11,15.0,0.37,30.78,0.38,15.0,0.39,15.0,0.4,23.0,0.41,15.0,0.63,30.78,0.62,15.0,0.61,15.0,0.6,23.0,0.59,15.0,0.85,33.0,0.86,15.0,0.87,15.0,0.88,15.0,0.89,15.0,0.22,0.22,44.883373,1776161357000
1776161359.286,259.286,0.15,33.0,0.14,15.0,0.13,15.0,0.12,15.0,0.11,15.0,0.37,30.78,0.38,15.0,0.39,15.0,0.4,23.0,0.41,15.0,0.63,30.78,0.62,15.0,0.61,15.0,0.6,23.0,0.59,15.0,0.85,33.0,0.86,15.0,0.87,15.0,0.88,15.0,0.89,15.0,0.22,0.22,44.87929,1776161358000
1776161360.303,260.303,0.15,33.0,0.14,15.0,0.13,15.0,0.12,15.0,0.11,15.0,0.37,30.78,0.38,15.0,0.39,15.0,0.4,23.0,0.41,15.0,0.63,30.78,0.62,15.0,0.61,15.0,0.6,23.0,0.59,15.0,0.85,33.0,0.86,15.0,0.87,15.0,0.88,15.0,0.89,15.0,0.22,0.22,44.877704,1776161359000
1776161361.345,261.345,0.15,33.0,0.14,15.0,0.13,15.0,0.12,15.0,0.11,15.0,0.37,30.78,0.38,15.0,0.39,15.0,0.4,23.0,0.41,15.0,0.63,30.78,0.62,15.0,0.61,15.0,0.6,23.0,0.59,15.0,0.85,33.0,0.86,15.0,0.87,15.0,0.88,15.0,0.89,15.0,0.22,0.22,44.877507,1776161360000
1776161361.807,261.807,0.15,33.0,0.14,15.0,0.13,15.0,0.12,15.0,0.11,15.0,0.37,30.78,0.38,15.0,0.39,15.0,0.4,23.0,0.41,15.0,0.63,30.78,0.62,15.0,0.61,15.0,0.6,23.0,0.59,15.0,0.85,33.0,0.86,15.0,0.87,15.0,0.88,15.0,0.89,15.0,0.22,0.22,44.87744,1776161361000
1776161362.891,262.891,0.15,33.0,0.14,15.0,0.13,15.0,0.12,15.0,0.11,15.0,0.37,30.78,0.38,15.0,0.39,15.0,0.4,23.0,0.41,15.0,0.63,30.78,0.62,15.0,0.61,15.0,0.6,23.0,0.59,15.0,0.85,33.0,0.86,15.0,0.87,15.0,0.88,15.0,0.89,15.0,0.22,0.22,44.87732,1776161362000
1776161363.928,263.928,0.15,33.0,0.14,15.0,0.13,15.0,0.12,15.0,0.11,15.0,0.37,30.78,0.38,15.0,0.39,15.0,0.4,23.0,0.41,15.0,0.63,30.78,0.62,15.0,0.61,15.0,0.6,23.0,0.59,15.0,0.85,33.0,0.86,15.0,0.87,15.0,0.88,15.0,0.89,15.0,0.22,0.22,44.876802,1776161363000
1776161364.99,264.99,0.15,33.0,0.14,15.0,0.13,15.0,0.12,15.0,0.11,15.0,0.37,30.78,0.38,15.0,0.39,15.0,0.4,23.0,0.41,15.0,0.63,30.78,0.62,15.0,0.61,15.0,0.6,23.0,0.59,15.0,0.85,33.0,0.86,15.0,0.87,15.0,0.88,15.0,0.89,15.0,0.22,0.22,44.876802,1776161364000
1776161365.98,265.98,0.15,33.0,0.14,15.0,0.13,15.0,0.12,15.0,0.11,15.0,0.37,30.78,0.38,15.0,0.39,15.0,0.4,23.0,0.41,15.0,0.63,30.78,0.62,15.0,0.61,15.0,0.6,23.0,0.59,15.0,0.85,33.0,0.86,15.0,0.87,15.0,0.88,15.0,0.89,15.0,0.22,0.22,44.876531,1776161365000
1776161366.934,266.934,0.15,33.0,0.14,15.0,0.13,15.0,0.12,15.0,0.11,15.0,0.37,30.78,0.38,15.0,0.39,15.0,0.4,23.0,0.41,15.0,0.63,30.78,0.62,15.0,0.61,15.0,0.6,23.0,0.59,15.0,0.85,33.0,0.86,15.0,0.87,15.0,0.88,15.0,0.89,15.0,0.22,0.22,44.873941,1776161366000
1776161368.014,268.014,0.15,33.0,0.14,15.0,0.13,15.0,0.12,15.0,0.11,15.0,0.37,30.78,0.38,15.0,0.39,15.0,0.4,23.0,0.41,15.0,0.63,30.78,0.62,15.0,0.61,15.0,0.6,23.0,0.59,15.0,0.85,33.0,0.86,15.0,0.87,15.0,0.88,15.0,0.89,15.0,0.22,0.22,44.873941,1776161367000
1776161369.033,269.033,0.15,33.0,0.14,15.0,0.13,15.0,0.12,15.0,0.11,15.0,0.37,30.78,0.38,15.0,0.39,15.0,0.4,23.0,0.41,15.0,0.63,30.78,0.62,15.0,0.61,15.0,0.6,23.0,0.59,15.0,0.85,33.0,0.86,15.0,0.87,15.0,0.88,15.0,0.89,15.0,0.22,0.22,44.873749,1776161368000
1776161370.117,270.117,0.15,33.0,0.14,15.0,0.13,15.0,0.12,15.0,0.11,15.0,0.37,30.78,0.38,15.0,0.39,15.0,0.4,23.0,0.41,15.0,0.63,30.78,0.62,15.0,0.61,15.0,0.6,23.0,0.59,15.0,0.85,33.0,0.86,15.0,0.87,15.0,0.88,15.0,0.89,15.0,0.22,0.22,44.873749,1776161369000
1776161370.66,270.66,0.12,14.85,0.11,15.0,0.1,15.0,0.09,15.0,0.08,15.0,0.21,32.0,0.22,25.0,0.23,15.0,0.24,15.0,0.25,15.0,0.63,30.78,0.62,15.0,0.61,15.0,0.6,23.0,0.59,15.0,0.85,33.0,0.86,15.0,0.87,15.0,0.88,15.0,0.89,15.0,0.09,0.22,44.873749,1776161369000
1776161371.098,271.098,0.12,4.75,0.11,15.0,0.1,15.0,0.09,15.0,0.08,15.0,0.21,32.0,0.22,25.0,0.23,15.0,0.24,15.0,0.25,15.0,0.79,32.0,0.78,25.0,0.77,15.0,0.76,15.0,0.75,15.0,0.88,4.75,0.89,15.0,0.9,15.0,0.91,15.0,0.92,15.0,0.09,0.09,44.873925,1776161370000
1776161372.055,272.055,0.12,4.75,0.11,15.0,0.1,15.0,0.09,15.0,0.08,15.0,0.21,32.0,0.22,25.0,0.23,15.0,0.24,15.0,0.25,15.0,0.79,32.0,0.78,25.0,0.77,15.0,0.76,15.0,0.75,15.0,0.88,4.75,0.89,15.0,0.9,15.0,0.91,15.0,0.92,15.0,0.09,0.09,44.873925,1776161371000
1776161373.14,273.14,0.12,4.75,0.11,15.0,0.1,15.0,0.09,15.0,0.08,15.0,0.21,32.0,0.22,25.0,0.23,15.0,0.24,15.0,0.25,15.0,0.79,32.0,0.78,25.0,0.77,15.0,0.76,15.0,0.75,15.0,0.88,4.75,0.89,15.0,0.9,15.0,0.91,15.0,0.92,15.0,0.09,0.09,44.873907,1776161372000
1776161374.01,274.01,0.12,4.75,0.11,15.0,0.1,15.0,0.09,15.0,0.08,15.0,0.21,32.0,0.22,25.0,0.23,15.0,0.24,15.0,0.25,15.0,0.79,32.0,0.78,25.0,0.77,15.0,0.76,15.0,0.75,15.0,0.88,4.75,0.89,15.0,0.9,15.0,0.91,15.0,0.92,15.0,0.09,0.09,44.874638,1776161373000
1776161374.243,274.243,0.16,12.55,0.15,15.0,0.14,25.0,0.13,15.0,0.12,4.75,0.27,14.0,0.31,10.0,0.32,15.0,0.33,15.0,0.34,15.0,0.79,32.0,0.78,25.0,0.77,15.0,0.76,15.0,0.75,15.0,0.88,4.75,0.89,15.0,0.9,15.0,0.91,15.0,0.92,15.0,0.11,0.09,44.874638,1776161373000
1776161375.053,275.053,0.16,10.51,0.15,15.0,0.14,25.0,0.13,15.0,0.12,4.75,0.27,14.0,0.31,10.0,0.32,15.0,0.33,15.0,0.34,15.0,0.73,14.0,0.69,10.0,0.68,15.0,0.67,15.0,0.66,15.0,0.84,10.51,0.85,15.0,0.86,25.0,0.87,15.0,0.88,4.75,0.11,0.11,44.877033,1776161374000
1776161376.036,276.036,0.16,10.51,0.15,15.0,0.14,25.0,0.13,15.0,0.12,4.75,0.27,14.0,0.31,10.0,0.32,15.0,0.33,15.0,0.34,15.0,0.73,14.0,0.69,10.0,0.68,15.0,0.67,15.0,0.66,15.0,0.84,10.51,0.85,15.0,0.86,25.0,0.87,15.0,0.88,4.75,0.11,0.11,44.878722,1776161375000
1776161377.085,277.085,0.16,10.51,0.15,15.0,0.14,25.0,0.13,15.0,0.12,4.75,0.27,14.0,0.31,10.0,0.32,15.0,0.33,15.0,0.34,15.0,0.73,14.0,0.69,10.0,0.68,15.0,0.67,15.0,0.66,15.0,0.84,10.51,0.85,15.0,0.86,25.0,0.87,15.0,0.88,4.75,0.11,0.11,44.879393,1776161376000
1776161378.081,278.081,0.16,10.51,0.15,15.0,0.14,25.0,0.13,15.0,0.12,4.75,0.27,14.0,0.31,10.0,0.32,15.0,0.33,15.0,0.34,15.0,0.73,14.0,0.69,10.0,0.68,15.0,0.67,15.0,0.66,15.0,0.84,10.51,0.85,15.0,0.86,25.0,0.87,15.0,0.88,4.75,0.11,0.11,44.878696,1776161377000
1776161379.163,279.163,0.16,10.51,0.15,15.0,0.14,25.0,0.13,15.0,0.12,4.75,0.27,14.0,0.31,10.0,0.32,15.0,0.33,15.0,0.34,15.0,0.73,14.0,0.69,10.0,0.68,15.0,0.67,15.0,0.66,15.0,0.84,10.51,0.85,15.0,0.86,25.0,0.87,15.0,0.88,4.75,0.11,0.11,44.880254,1776161378000
1776161380.026,280.026,0.16,10.51,0.15,15.0,0.14,25.0,0.13,15.0,0.12,4.75,0.27,14.0,0.31,10.0,0.32,15.0,0.33,15.0,0.34,15.0,0.73,14.0,0.69,10.0,0.68,15.0,0.67,15.0,0.66,15.0,0.84,10.51,0.85,15.0,0.86,25.0,0.87,15.0,0.88,4.75,0.11,0.11,44.882842,1776161379000
1776161381.066,281.066,0.16,10.51,0.15,15.0,0.14,25.0,0.13,15.0,0.12,4.75,0.27,14.0,0.31,10.0,0.32,15.0,0.33,15.0,0.34,15.0,0.73,14.0,0.69,10.0,0.68,15.0,0.67,15.0,0.66,15.0,0.84,10.51,0.85,15.0,0.86,25.0,0.87,15.0,0.88,4.75,0.11,0.11,44.887966,1776161380000
1776161382.13,282.13,0.16,10.51,0.15,15.0,0.14,25.0,0.13,15.0,0.12,4.75,0.27,14.0,0.31,10.0,0.32,15.0,0.33,15.0,0.34,15.0,0.73,14.0,0.69,10.0,0.68,15.0,0.67,15.0,0.66,15.0,0.84,10.51,0.85,15.0,0.86,25.0,0.87,15.0,0.88,4.75,0.11,0.11,44.895093,1776161381000
1776161382.952,282.952,0.16,10.51,0.15,15.0,0.14,25.0,0.13,15.0,0.12,4.75,0.27,14.0,0.31,10.0,0.32,15.0,0.33,15.0,0.34,15.0,0.73,14.0,0.69,10.0,0.68,15.0,0.67,15.0,0.66,15.0,0.84,10.51,0.85,15.0,0.86,25.0,0.87,15.0,0.88,4.75,0.11,0.11,44.895093,1776161382000
1776161383.971,283.971,0.16,10.51,0.15,15.0,0.14,25.0,0.13,15.0,0.12,4.75,0.27,14.0,0.31,10.0,0.32,15.0,0.33,15.0,0.34,15.0,0.73,14.0,0.69,10.0,0.68,15.0,0.67,15.0,0.66,15.0,0.84,10.51,0.85,15.0,0.86,25.0,0.87,15.0,0.88,4.75,0.11,0.11,44.898101,1776161383000
1776161385.073,285.073,0.16,10.51,0.15,15.0,0.14,25.0,0.13,15.0,0.12,4.75,0.27,14.0,0.31,10.0,0.32,15.0,0.33,15.0,0.34,15.0,0.73,14.0,0.69,10.0,0.68,15.0,0.67,15.0,0.66,15.0,0.84,10.51,0.85,15.0,0.86,25.0,0.87,15.0,0.88,4.75,0.11,0.11,44.895267,1776161384000
1776161386.323,286.323,0.16,10.51,0.15,15.0,0.14,25.0,0.13,15.0,0.12,4.75,0.27,14.0,0.31,10.0,0.32,15.0,0.33,15.0,0.34,15.0,0.73,14.0,0.69,10.0,0.68,15.0,0.67,15.0,0.66,15.0,0.84,10.51,0.85,15.0,0.86,25.0,0.87,15.0,0.88,4.75,0.11,0.11,44.895267,1776161385000
1776161387.177,287.177,0.16,10.51,0.15,15.0,0.14,25.0,0.13,15.0,0.12,4.75,0.27,14.0,0.31,10.0,0.32,15.0,0.33,15.0,0.34,15.0,0.73,14.0,0.69,10.0,0.68,15.0,0.67,15.0,0.66,15.0,0.84,10.51,0.85,15.0,0.86,25.0,0.87,15.0,0.88,4.75,0.11,0.11,44.895333,1776161386000
1776161388.332,288.332,0.16,10.51,0.15,15.0,0.14,25.0,0.13,15.0,0.12,4.75,0.27,14.0,0.31,10.0,0.32,15.0,0.33,15.0,0.34,15.0,0.73,14.0,0.69,10.0,0.68,15.0,0.67,15.0,0.66,15.0,0.84,10.51,0.85,15.0,0.86,25.0,0.87,15.0,0.88,4.75,0.11,0.11,44.895333,1776161387000
1776161389.501,289.501,0.16,10.51,0.15,15.0,0.14,25.0,0.13,15.0,0.12,4.75,0.27,14.0,0.31,10.0,0.32,15.0,0.33,15.0,0.34,15.0,0.73,14.0,0.69,10.0,0.68,15.0,0.67,15.0,0.66,15.0,0.84,10.51,0.85,15.0,0.86,25.0,0.87,15.0,0.88,4.75,0.11,0.11,44.895331,1776161388000
1776161390.025,290.025,0.16,10.51,0.15,15.0,0.14,25.0,0.13,15.0,0.12,4.75,0.27,14.0,0.31,10.0,0.32,15.0,0.33,15.0,0.34,15.0,0.73,14.0,0.69,10.0,0.68,15.0,0.67,15.0,0.66,15.0,0.84,10.51,0.85,15.0,0.86,25.0,0.87,15.0,0.88,4.75,0.11,0.11,44.895331,1776161389000
1776161391.199,291.199,0.16,10.51,0.15,15.0,0.14,25.0,0.13,15.0,0.12,4.75,0.27,14.0,0.31,10.0,0.32,15.0,0.33,15.0,0.34,15.0,0.73,14.0,0.69,10.0,0.68,15.0,0.67,15.0,0.66,15.0,0.84,10.51,0.85,15.0,0.86,25.0,0.87,15.0,0.88,4.75,0.11,0.11,44.896227,1776161390000
1776161392.342,292.342,0.16,10.51,0.15,15.0,0.14,25.0,0.13,15.0,0.12,4.75,0.27,14.0,0.31,10.0,0.32,15.0,0.33,15.0,0.34,15.0,0.73,14.0,0.69,10.0,0.68,15.0,0.67,15.0,0.66,15.0,0.84,10.51,0.85,15.0,0.86,25.0,0.87,15.0,0.88,4.75,0.11,0.11,44.895493,1776161391000
1776161392.89,292.89,0.16,10.51,0.15,15.0,0.14,25.0,0.13,15.0,0.12,4.75,0.27,14.0,0.31,10.0,0.32,15.0,0.33,15.0,0.34,15.0,0.73,14.0,0.69,10.0,0.68,15.0,0.67,15.0,0.66,15.0,0.84,10.51,0.85,15.0,0.86,25.0,0.87,15.0,0.88,4.75,0.11,0.11,44.895493,1776161392000
1776161393.959,293.959,0.16,10.51,0.15,15.0,0.14,25.0,0.13,15.0,0.12,4.75,0.27,14.0,0.31,10.0,0.32,15.0,0.33,15.0,0.34,15.0,0.73,14.0,0.69,10.0,0.68,15.0,0.67,15.0,0.66,15.0,0.84,10.51,0.85,15.0,0.86,25.0,0.87,15.0,0.88,4.75,0.11,0.11,44.895519,1776161393000
1776161394.927,294.927,0.01,970.93,,,,,,,,,0.2,10.0,0.59,12.0,0.85,100.0,0.99,1454.82,,,0.77,10.0,0.41,12.0,0.15,100.0,0.01,1454.82,,,0.96,109.2,0.98,5.0,0.99,476.09,,,,,0.19,0.19,44.895519,1776161393000
1776161396.231,296.231,0.01,970.93,,,,,,,,,0.2,10.0,0.59,12.0,0.85,100.0,0.99,1454.82,,,0.8,10.0,0.41,12.0,0.15,100.0,0.01,1454.82,,,0.99,970.93,,,,,,,,,0.19,0.19,44.896391,1776161395000
1776161397.82,297.82,0.01,970.93,,,,,,,,,0.2,10.0,0.59,12.0,0.85,100.0,0.99,1454.82,,,0.8,10.0,0.41,12.0,0.15,100.0,0.01,1454.82,,,0.99,970.93,,,,,,,,,0.19,0.19,44.896639,1776161396000
1776161398.049,298.049,0.01,334.91,,,,,,,,,0.13,10.0,0.39,6.0,0.44,8.0,0.49,7.0,0.59,8.0,0.8,10.0,0.41,12.0,0.15,100.0,0.01,1454.82,,,0.99,970.93,,,,,,,,,0.12,0.19,44.896639,1776161396000
1776161398.254,298.254,0.01,319.91,,,,,,,,,0.13,10.0,0.14,5.0,0.39,6.0,0.49,7.0,0.59,8.0,0.87,10.0,0.86,5.0,0.61,6.0,0.51,7.0,0.41,8.0,0.99,329.91,,,,,,,,,0.12,0.12,44.896639,1776161396000
1776161399.282,299.282,0.01,319.91,,,,,,,,,0.13,10.0,0.14,5.0,0.39,6.0,0.49,7.0,0.59,8.0,0.87,10.0,0.86,5.0,0.61,6.0,0.51,7.0,0.41,8.0,0.99,319.91,,,,,,,,,0.12,0.12,44.896638,1776161398000
1776161399.574,299.574,0.01,309.91,,,,,,,,,0.11,10.0,0.14,5.0,0.23,15.0,0.39,6.0,0.49,7.0,0.87,10.0,0.86,5.0,0.61,6.0,0.51,7.0,0.41,8.0,0.99,319.91,,,,,,,,,0.1,0.12,44.896638,1776161398000
1776161400.215,300.215,0.01,308.89,,,,,,,,,0.11,10.0,0.23,15.0,0.24,6.0,0.35,10.0,0.39,6.0,0.89,10.0,0.86,5.0,0.77,15.0,0.61,6.0,0.51,7.0,0.99,309.91,,,,,,,,,0.1,0.1,44.896638,1776161398000
1776161400.539,300.539,0.01,269.89,,,,,,,,,0.11,10.0,0.23,20.0,0.24,6.0,0.35,10.0,0.39,6.0,0.89,10.0,0.77,15.0,0.76,6.0,0.65,10.0,0.61,6.0,0.99,308.89,,,,,,,,,0.1,0.1,44.896638,1776161399000
1776161400.848,300.848,0.01,254.89,,,,,,,,,0.11,10.0,0.23,20.0,0.39,6.0,0.4,6.0,0.45,5.0,0.89,10.0,0.77,20.0,0.76,6.0,0.65,10.0,0.61,6.0,0.99,269.89,,,,,,,,,0.1,0.1,44.896638,1776161399000

# RESULT,winner=Down,slug=hype-updown-5m-1776161100,ticks=323
