timestamp,elapsed_sec,up_bid_p1,up_bid_s1,up_bid_p2,up_bid_s2,up_ask_p1,up_ask_s1,up_ask_p2,up_ask_s2,down_bid_p1,down_bid_s1,down_bid_p2,down_bid_s2,down_ask_p1,down_ask_s1,down_ask_p2,down_ask_s2,up_spread,down_spread,hype_price,hype_oracle_ts
1776206701.458,1.458,,,,,,,,,,,,,,,,,,,43.314985,1776206700000
1776206701.941,1.941,0.11,100.0,0.09,57.5,0.89,100.0,0.91,57.5,0.11,100.0,0.09,57.5,0.89,100.0,0.91,57.5,0.78,0.78,43.314985,1776206700000
1776206702.307,2.307,0.11,100.0,0.09,57.5,0.89,100.0,0.91,57.5,0.11,100.0,0.09,57.5,0.89,100.0,0.91,57.5,0.78,0.78,43.317824,1776206701000
1776206703.948,3.948,0.11,100.0,0.09,57.5,0.89,100.0,0.91,57.5,0.11,100.0,0.09,57.5,0.89,100.0,0.91,57.5,0.78,0.78,43.317188,1776206703000
1776206705.176,5.176,0.11,100.0,0.09,57.5,0.89,100.0,0.91,57.5,0.11,100.0,0.09,57.5,0.89,100.0,0.91,57.5,0.78,0.78,43.310051,1776206704000
1776206706.299,6.299,0.11,100.0,0.09,57.5,0.89,100.0,0.91,57.5,0.11,100.0,0.09,57.5,0.89,100.0,0.91,57.5,0.78,0.78,43.302375,1776206705000
1776206707.511,7.511,0.11,100.0,0.09,57.5,0.89,100.0,0.91,57.5,0.11,100.0,0.09,57.5,0.89,100.0,0.91,57.5,0.78,0.78,43.301672,1776206706000
1776206707.918,7.918,0.11,100.0,0.09,57.5,0.89,100.0,0.91,57.5,0.11,100.0,0.09,57.5,0.89,100.0,0.91,57.5,0.78,0.78,43.300307,1776206707000
1776206708.997,8.997,0.11,100.0,0.09,57.5,0.89,100.0,0.91,57.5,0.11,100.0,0.09,57.5,0.89,100.0,0.91,57.5,0.78,0.78,43.300307,1776206708000
1776206710.033,10.033,0.11,100.0,0.09,57.5,0.89,100.0,0.91,57.5,0.11,100.0,0.09,57.5,0.89,100.0,0.91,57.5,0.78,0.78,43.299215,1776206709000
1776206711.158,11.158,0.11,100.0,0.09,57.5,0.89,100.0,0.91,57.5,0.11,100.0,0.09,57.5,0.89,100.0,0.91,57.5,0.78,0.78,43.294672,1776206710000
1776206713.049,13.049,0.11,100.0,0.09,57.5,0.89,100.0,0.91,57.5,0.11,100.0,0.09,57.5,0.89,100.0,0.91,57.5,0.78,0.78,43.295857,1776206711000
1776206713.591,13.591,0.11,100.0,0.09,57.5,0.89,100.0,0.91,57.5,0.11,100.0,0.09,57.5,0.89,100.0,0.91,57.5,0.78,0.78,43.295855,1776206712000
1776206714.113,14.113,0.11,100.0,0.09,57.5,0.89,100.0,0.91,57.5,0.11,100.0,0.09,57.5,0.89,100.0,0.91,57.5,0.78,0.78,43.295867,1776206713000
1776206715.967,15.967,0.11,100.0,0.09,57.5,0.89,100.0,0.91,57.5,0.11,100.0,0.09,57.5,0.89,100.0,0.91,57.5,0.78,0.78,43.295944,1776206714000
1776206716.834,16.834,0.11,100.0,0.09,57.5,0.89,100.0,0.91,57.5,0.11,100.0,0.09,57.5,0.89,100.0,0.91,57.5,0.78,0.78,43.29608,1776206715000
1776206717.568,17.568,0.11,100.0,0.09,57.5,0.89,100.0,0.91,57.5,0.11,100.0,0.09,57.5,0.89,100.0,0.91,57.5,0.78,0.78,43.296124,1776206716000
1776206718.32,18.32,0.11,100.0,0.09,57.5,0.89,100.0,0.91,57.5,0.11,100.0,0.09,57.5,0.89,100.0,0.91,57.5,0.78,0.78,43.296125,1776206717000
1776206719.056,19.056,0.11,100.0,0.09,57.5,0.89,100.0,0.91,57.5,0.11,100.0,0.09,57.5,0.89,100.0,0.91,57.5,0.78,0.78,43.296125,1776206718000
1776206720.301,20.301,0.11,100.0,0.09,57.5,0.89,100.0,0.91,57.5,0.11,100.0,0.09,57.5,0.89,100.0,0.91,57.5,0.78,0.78,43.297122,1776206719000
1776206721.172,21.172,0.11,100.0,0.09,57.5,0.89,100.0,0.91,57.5,0.11,100.0,0.09,57.5,0.89,100.0,0.91,57.5,0.78,0.78,43.297013,1776206720000
1776206722.771,22.771,0.11,100.0,0.09,57.5,0.89,100.0,0.91,57.5,0.11,100.0,0.09,57.5,0.89,100.0,0.91,57.5,0.78,0.78,43.30028,1776206721000
1776206723.487,23.487,0.11,100.0,0.09,57.5,0.89,100.0,0.91,57.5,0.11,100.0,0.09,57.5,0.89,100.0,0.91,57.5,0.78,0.78,43.301155,1776206722000
1776206724.211,24.211,0.11,100.0,0.09,57.5,0.89,100.0,0.91,57.5,0.11,100.0,0.09,57.5,0.89,100.0,0.91,57.5,0.78,0.78,43.304113,1776206723000
1776206724.774,24.774,0.32,0.63,0.31,5.0,0.56,5.0,0.57,5.0,0.11,100.0,0.09,57.5,0.89,100.0,0.91,57.5,0.24,0.78,43.304113,1776206723000
1776206725.601,25.601,0.32,0.63,0.31,5.0,0.56,5.0,0.57,5.0,0.44,5.0,0.43,5.0,0.68,0.63,0.69,5.0,0.24,0.24,43.310333,1776206724000
1776206726.363,26.363,0.32,0.63,0.31,5.0,0.56,5.0,0.57,5.0,0.44,5.0,0.43,5.0,0.68,0.63,0.69,5.0,0.24,0.24,43.316242,1776206725000
1776206727.205,27.205,0.32,0.63,0.31,5.0,0.56,5.0,0.57,5.0,0.44,5.0,0.43,5.0,0.68,0.63,0.69,5.0,0.24,0.24,43.320782,1776206726000
1776206728.873,28.873,0.32,0.63,0.31,5.0,0.56,5.0,0.57,5.0,0.44,5.0,0.43,5.0,0.68,0.63,0.69,5.0,0.24,0.24,43.320642,1776206727000
1776206729.493,29.493,0.32,0.63,0.31,5.0,0.56,5.0,0.57,5.0,0.44,5.0,0.43,5.0,0.68,0.63,0.69,5.0,0.24,0.24,43.319929,1776206728000
1776206730.26,30.26,0.32,0.63,0.31,5.0,0.56,5.0,0.57,5.0,0.44,5.0,0.43,5.0,0.68,0.63,0.69,5.0,0.24,0.24,43.319938,1776206729000
1776206730.483,30.483,0.58,1.88,0.14,15.0,0.75,10.0,0.89,100.0,0.44,5.0,0.43,5.0,0.68,0.63,0.69,5.0,0.17,0.24,43.319938,1776206729000
1776206731.576,31.576,0.58,1.88,0.14,15.0,0.75,10.0,0.89,100.0,0.25,10.0,0.11,100.0,0.42,1.88,0.86,15.0,0.17,0.17,43.324105,1776206730000
1776206732.421,32.421,0.58,1.88,0.14,15.0,0.75,10.0,0.89,100.0,0.25,10.0,0.11,100.0,0.42,1.88,0.86,15.0,0.17,0.17,43.328121,1776206731000
1776206733.145,33.145,0.58,1.88,0.14,15.0,0.75,10.0,0.89,100.0,0.25,10.0,0.11,100.0,0.42,1.88,0.86,15.0,0.17,0.17,43.333776,1776206732000
1776206734.849,34.849,0.58,1.88,0.14,15.0,0.75,10.0,0.89,100.0,0.25,10.0,0.11,100.0,0.42,1.88,0.86,15.0,0.17,0.17,43.340186,1776206733000
1776206735.629,35.629,0.58,1.88,0.14,15.0,0.75,10.0,0.89,100.0,0.25,10.0,0.11,100.0,0.42,1.88,0.86,15.0,0.17,0.17,43.340186,1776206734000
1776206736.288,36.288,0.58,1.88,0.14,15.0,0.75,10.0,0.89,100.0,0.25,10.0,0.11,100.0,0.42,1.88,0.86,15.0,0.17,0.17,43.339406,1776206735000
1776206737.544,37.544,0.58,1.88,0.14,15.0,0.75,10.0,0.89,100.0,0.25,10.0,0.11,100.0,0.42,1.88,0.86,15.0,0.17,0.17,43.339959,1776206736000
1776206738.23,38.23,0.58,1.88,0.14,15.0,0.75,10.0,0.89,100.0,0.25,10.0,0.11,100.0,0.42,1.88,0.86,15.0,0.17,0.17,43.341394,1776206737000
1776206739.37,39.37,0.58,1.88,0.14,15.0,0.75,10.0,0.89,100.0,0.25,10.0,0.11,100.0,0.42,1.88,0.86,15.0,0.17,0.17,43.343491,1776206738000
1776206740.129,40.129,0.58,1.88,0.14,15.0,0.75,10.0,0.89,100.0,0.25,10.0,0.11,100.0,0.42,1.88,0.86,15.0,0.17,0.17,43.343494,1776206739000
1776206741.532,41.532,0.58,1.88,0.14,15.0,0.75,10.0,0.89,100.0,0.25,10.0,0.11,100.0,0.42,1.88,0.86,15.0,0.17,0.17,43.347889,1776206740000
1776206742.246,42.246,0.58,1.88,0.14,15.0,0.75,10.0,0.89,100.0,0.25,10.0,0.11,100.0,0.42,1.88,0.86,15.0,0.17,0.17,43.35109,1776206741000
1776206743.789,43.789,0.58,1.88,0.14,15.0,0.75,10.0,0.89,100.0,0.25,10.0,0.11,100.0,0.42,1.88,0.86,15.0,0.17,0.17,43.346143,1776206742000
1776206744.471,44.471,0.58,1.88,0.14,15.0,0.75,10.0,0.89,100.0,0.25,10.0,0.11,100.0,0.42,1.88,0.86,15.0,0.17,0.17,43.346143,1776206743000
1776206745.12,45.12,0.58,1.88,0.14,15.0,0.75,10.0,0.89,100.0,0.25,10.0,0.11,100.0,0.42,1.88,0.86,15.0,0.17,0.17,43.347954,1776206744000
1776206745.833,45.833,0.62,5.0,0.61,5.0,0.81,14.91,0.82,15.0,0.25,10.0,0.11,100.0,0.42,1.88,0.86,15.0,0.19,0.17,43.347954,1776206744000
1776206746.648,46.648,0.62,5.0,0.61,5.0,0.81,14.91,0.82,15.0,0.19,14.91,0.18,15.0,0.38,5.0,0.39,5.0,0.19,0.19,43.349744,1776206745000
1776206747.354,47.354,0.62,5.0,0.61,5.0,0.81,14.91,0.82,15.0,0.19,14.91,0.18,15.0,0.38,5.0,0.39,5.0,0.19,0.19,43.349852,1776206746000
1776206748.915,48.915,0.62,5.0,0.61,5.0,0.81,14.91,0.82,15.0,0.19,14.91,0.18,15.0,0.38,5.0,0.39,5.0,0.19,0.19,43.344334,1776206747000
1776206749.45,49.45,0.62,5.0,0.61,5.0,0.81,14.91,0.82,15.0,0.19,14.91,0.18,15.0,0.38,5.0,0.39,5.0,0.19,0.19,43.338627,1776206748000
1776206750.178,50.178,0.62,5.0,0.61,5.0,0.81,14.91,0.82,15.0,0.19,14.91,0.18,15.0,0.38,5.0,0.39,5.0,0.19,0.19,43.338244,1776206749000
1776206751.712,51.712,0.62,5.0,0.61,5.0,0.81,14.91,0.82,15.0,0.19,14.91,0.18,15.0,0.38,5.0,0.39,5.0,0.19,0.19,43.339346,1776206750000
1776206752.685,52.685,0.62,5.0,0.61,5.0,0.81,14.91,0.82,15.0,0.19,14.91,0.18,15.0,0.38,5.0,0.39,5.0,0.19,0.19,43.341106,1776206751000
1776206753.122,53.122,0.62,5.0,0.61,5.0,0.81,14.91,0.82,15.0,0.19,14.91,0.18,15.0,0.38,5.0,0.39,5.0,0.19,0.19,43.342118,1776206752000
1776206754.132,54.132,0.62,5.0,0.61,5.0,0.81,14.91,0.82,15.0,0.19,14.91,0.18,15.0,0.38,5.0,0.39,5.0,0.19,0.19,43.348014,1776206753000
1776206755.286,55.286,0.62,5.0,0.61,5.0,0.81,14.91,0.82,15.0,0.19,14.91,0.18,15.0,0.38,5.0,0.39,5.0,0.19,0.19,43.350952,1776206754000
1776206756.464,56.464,0.62,5.0,0.61,5.0,0.81,14.91,0.82,15.0,0.19,14.91,0.18,15.0,0.38,5.0,0.39,5.0,0.19,0.19,43.351604,1776206755000
1776206757.353,57.353,0.62,5.0,0.61,5.0,0.81,14.91,0.82,15.0,0.19,14.91,0.18,15.0,0.38,5.0,0.39,5.0,0.19,0.19,43.352985,1776206756000
1776206757.982,57.982,0.62,5.0,0.61,5.0,0.81,14.91,0.82,15.0,0.19,14.91,0.18,15.0,0.38,5.0,0.39,5.0,0.19,0.19,43.352985,1776206757000
1776206758.864,58.864,0.62,5.0,0.61,5.0,0.81,14.91,0.82,15.0,0.19,14.91,0.18,15.0,0.38,5.0,0.39,5.0,0.19,0.19,43.353461,1776206758000
1776206759.862,59.862,0.62,5.0,0.61,5.0,0.81,14.91,0.82,15.0,0.19,14.91,0.18,15.0,0.38,5.0,0.39,5.0,0.19,0.19,43.353202,1776206759000
1776206760.991,60.991,0.62,5.0,0.61,5.0,0.81,14.91,0.82,15.0,0.19,14.91,0.18,15.0,0.38,5.0,0.39,5.0,0.19,0.19,43.352845,1776206760000
1776206761.935,61.935,0.62,5.0,0.61,5.0,0.81,14.91,0.82,15.0,0.19,14.91,0.18,15.0,0.38,5.0,0.39,5.0,0.19,0.19,43.350264,1776206761000
1776206762.9,62.9,0.62,5.0,0.61,5.0,0.81,14.91,0.82,15.0,0.19,14.91,0.18,15.0,0.38,5.0,0.39,5.0,0.19,0.19,43.348389,1776206762000
1776206763.872,63.872,0.62,5.0,0.61,5.0,0.81,14.91,0.82,15.0,0.19,14.91,0.18,15.0,0.38,5.0,0.39,5.0,0.19,0.19,43.348391,1776206763000
1776206764.831,64.831,0.62,5.0,0.61,5.0,0.81,14.91,0.82,15.0,0.19,14.91,0.18,15.0,0.38,5.0,0.39,5.0,0.19,0.19,43.347428,1776206764000
1776206766.371,66.371,0.62,5.0,0.61,5.0,0.81,14.91,0.82,15.0,0.19,14.91,0.18,15.0,0.38,5.0,0.39,5.0,0.19,0.19,43.347394,1776206765000
1776206766.992,66.992,0.62,5.0,0.61,5.0,0.81,14.91,0.82,15.0,0.19,14.91,0.18,15.0,0.38,5.0,0.39,5.0,0.19,0.19,43.34763,1776206766000
1776206767.891,67.891,0.62,5.0,0.61,5.0,0.81,14.91,0.82,15.0,0.19,14.91,0.18,15.0,0.38,5.0,0.39,5.0,0.19,0.19,43.347414,1776206767000
1776206768.906,68.906,0.62,5.0,0.61,5.0,0.81,14.91,0.82,15.0,0.19,14.91,0.18,15.0,0.38,5.0,0.39,5.0,0.19,0.19,43.347414,1776206768000
1776206769.879,69.879,0.62,5.0,0.61,5.0,0.81,14.91,0.82,15.0,0.19,14.91,0.18,15.0,0.38,5.0,0.39,5.0,0.19,0.19,43.345227,1776206769000
1776206770.886,70.886,0.62,5.0,0.61,5.0,0.81,14.91,0.82,15.0,0.19,14.91,0.18,15.0,0.38,5.0,0.39,5.0,0.19,0.19,43.345109,1776206770000
1776206771.811,71.811,0.62,5.0,0.61,5.0,0.81,14.91,0.82,15.0,0.19,14.91,0.18,15.0,0.38,5.0,0.39,5.0,0.19,0.19,43.344174,1776206771000
1776206773.31,73.31,0.62,5.0,0.61,5.0,0.81,14.91,0.82,15.0,0.19,14.91,0.18,15.0,0.38,5.0,0.39,5.0,0.19,0.19,43.344081,1776206772000
1776206774.316,74.316,0.62,5.0,0.61,5.0,0.81,14.91,0.82,15.0,0.19,14.91,0.18,15.0,0.38,5.0,0.39,5.0,0.19,0.19,43.344219,1776206773000
1776206775.231,75.231,0.62,5.0,0.61,5.0,0.81,14.91,0.82,15.0,0.19,14.91,0.18,15.0,0.38,5.0,0.39,5.0,0.19,0.19,43.344162,1776206774000
1776206776.212,76.212,0.62,5.0,0.61,5.0,0.81,14.91,0.82,15.0,0.19,14.91,0.18,15.0,0.38,5.0,0.39,5.0,0.19,0.19,43.3443,1776206775000
1776206777.192,77.192,0.62,5.0,0.61,5.0,0.81,14.91,0.82,15.0,0.19,14.91,0.18,15.0,0.38,5.0,0.39,5.0,0.19,0.19,43.345096,1776206776000
1776206778.646,78.646,0.62,5.0,0.61,5.0,0.81,14.91,0.82,15.0,0.19,14.91,0.18,15.0,0.38,5.0,0.39,5.0,0.19,0.19,43.345585,1776206777000
1776206779.218,79.218,0.62,5.0,0.61,5.0,0.81,14.91,0.82,15.0,0.19,14.91,0.18,15.0,0.38,5.0,0.39,5.0,0.19,0.19,43.345585,1776206778000
1776206780.189,80.189,0.62,5.0,0.61,5.0,0.81,14.91,0.82,15.0,0.19,14.91,0.18,15.0,0.38,5.0,0.39,5.0,0.19,0.19,43.345997,1776206779000
1776206781.36,81.36,0.62,5.0,0.61,5.0,0.81,14.91,0.82,15.0,0.19,14.91,0.18,15.0,0.38,5.0,0.39,5.0,0.19,0.19,43.345894,1776206780000
1776206782.315,82.315,0.62,5.0,0.61,5.0,0.81,14.91,0.82,15.0,0.19,14.91,0.18,15.0,0.38,5.0,0.39,5.0,0.19,0.19,43.345894,1776206781000
1776206783.066,83.066,0.62,5.0,0.61,5.0,0.81,14.91,0.82,15.0,0.19,14.91,0.18,15.0,0.38,5.0,0.39,5.0,0.19,0.19,43.345898,1776206782000
1776206783.946,83.946,0.62,5.0,0.61,5.0,0.81,14.91,0.82,15.0,0.19,14.91,0.18,15.0,0.38,5.0,0.39,5.0,0.19,0.19,43.345604,1776206783000
1776206784.967,84.967,0.62,5.0,0.61,5.0,0.81,14.91,0.82,15.0,0.19,14.91,0.18,15.0,0.38,5.0,0.39,5.0,0.19,0.19,43.345604,1776206784000
1776206786.04,86.04,0.62,5.0,0.61,5.0,0.81,14.91,0.82,15.0,0.19,14.91,0.18,15.0,0.38,5.0,0.39,5.0,0.19,0.19,43.345583,1776206785000
1776206786.372,86.372,0.62,10.0,0.56,15.0,0.7,15.0,0.71,15.0,0.19,14.91,0.18,15.0,0.38,5.0,0.39,5.0,0.08,0.19,43.345583,1776206785000
1776206787.054,87.054,0.62,10.0,0.56,15.0,0.7,15.0,0.71,15.0,0.3,15.0,0.29,15.0,0.38,10.0,0.44,15.0,0.08,0.08,43.345571,1776206786000
1776206787.96,87.96,0.62,10.0,0.56,15.0,0.7,15.0,0.71,15.0,0.3,15.0,0.29,15.0,0.38,10.0,0.44,15.0,0.08,0.08,43.343632,1776206787000
1776206788.99,88.99,0.62,10.0,0.56,15.0,0.7,15.0,0.71,15.0,0.3,15.0,0.29,15.0,0.38,10.0,0.44,15.0,0.08,0.08,43.343617,1776206788000
1776206789.959,89.959,0.62,10.0,0.56,15.0,0.7,15.0,0.71,15.0,0.3,15.0,0.29,15.0,0.38,10.0,0.44,15.0,0.08,0.08,43.343617,1776206789000
1776206791.012,91.012,0.62,10.0,0.56,15.0,0.7,15.0,0.71,15.0,0.3,15.0,0.29,15.0,0.38,10.0,0.44,15.0,0.08,0.08,43.347939,1776206790000
1776206792.702,92.702,0.62,10.0,0.56,15.0,0.7,15.0,0.71,15.0,0.3,15.0,0.29,15.0,0.38,10.0,0.44,15.0,0.08,0.08,43.356025,1776206791000
1776206793.573,93.573,0.62,10.0,0.56,15.0,0.7,15.0,0.71,15.0,0.3,15.0,0.29,15.0,0.38,10.0,0.44,15.0,0.08,0.08,43.352567,1776206792000
1776206794.612,94.612,0.62,10.0,0.56,15.0,0.7,15.0,0.71,15.0,0.3,15.0,0.29,15.0,0.38,10.0,0.44,15.0,0.08,0.08,43.352991,1776206793000
1776206795.195,95.195,0.62,10.0,0.56,15.0,0.7,15.0,0.71,15.0,0.3,15.0,0.29,15.0,0.38,10.0,0.44,15.0,0.08,0.08,43.356006,1776206794000
1776206796.37,96.37,0.62,10.0,0.56,15.0,0.7,15.0,0.71,15.0,0.3,15.0,0.29,15.0,0.38,10.0,0.44,15.0,0.08,0.08,43.358564,1776206795000
1776206796.98,96.98,0.62,10.0,0.56,15.0,0.7,15.0,0.71,15.0,0.3,15.0,0.29,15.0,0.38,10.0,0.44,15.0,0.08,0.08,43.359629,1776206796000
1776206798.181,98.181,0.62,10.0,0.56,15.0,0.7,15.0,0.71,15.0,0.3,15.0,0.29,15.0,0.38,10.0,0.44,15.0,0.08,0.08,43.358039,1776206797000
1776206799.211,99.211,0.62,10.0,0.56,15.0,0.7,15.0,0.71,15.0,0.3,15.0,0.29,15.0,0.38,10.0,0.44,15.0,0.08,0.08,43.358039,1776206798000
1776206800.363,100.363,0.62,10.0,0.56,15.0,0.7,15.0,0.71,15.0,0.3,15.0,0.29,15.0,0.38,10.0,0.44,15.0,0.08,0.08,43.358661,1776206799000
1776206801.501,101.501,0.62,10.0,0.56,15.0,0.7,15.0,0.71,15.0,0.3,15.0,0.29,15.0,0.38,10.0,0.44,15.0,0.08,0.08,43.357407,1776206800000
1776206801.995,101.995,0.62,10.0,0.56,15.0,0.7,15.0,0.71,15.0,0.3,15.0,0.29,15.0,0.38,10.0,0.44,15.0,0.08,0.08,43.357379,1776206801000
1776206803.177,103.177,0.62,10.0,0.56,15.0,0.7,15.0,0.71,15.0,0.3,15.0,0.29,15.0,0.38,10.0,0.44,15.0,0.08,0.08,43.35724,1776206802000
1776206804.246,104.246,0.62,10.0,0.56,15.0,0.7,15.0,0.71,15.0,0.3,15.0,0.29,15.0,0.38,10.0,0.44,15.0,0.08,0.08,43.351606,1776206803000
1776206805.377,105.377,0.62,10.0,0.56,15.0,0.7,15.0,0.71,15.0,0.3,15.0,0.29,15.0,0.38,10.0,0.44,15.0,0.08,0.08,43.349391,1776206804000
1776206805.89,105.89,0.62,10.0,0.56,15.0,0.7,15.0,0.71,15.0,0.3,15.0,0.29,15.0,0.38,10.0,0.44,15.0,0.08,0.08,43.349379,1776206805000
1776206807.475,107.475,0.62,10.0,0.56,15.0,0.7,15.0,0.71,15.0,0.3,15.0,0.29,15.0,0.38,10.0,0.44,15.0,0.08,0.08,43.347468,1776206806000
1776206808.019,108.019,0.62,10.0,0.56,15.0,0.7,15.0,0.71,15.0,0.3,15.0,0.29,15.0,0.38,10.0,0.44,15.0,0.08,0.08,43.346742,1776206807000
1776206808.433,108.433,0.65,15.0,0.64,15.0,0.78,15.0,0.79,15.0,0.3,15.0,0.29,15.0,0.38,10.0,0.44,15.0,0.13,0.08,43.346742,1776206807000
1776206809.181,109.181,0.65,15.0,0.64,15.0,0.78,15.0,0.79,15.0,0.22,15.0,0.21,15.0,0.35,15.0,0.36,15.0,0.13,0.13,43.349244,1776206808000
1776206810.437,110.437,0.65,15.0,0.64,15.0,0.78,15.0,0.79,15.0,0.22,15.0,0.21,15.0,0.35,15.0,0.36,15.0,0.13,0.13,43.349974,1776206809000
1776206811.037,111.037,0.65,15.0,0.64,15.0,0.78,15.0,0.79,15.0,0.22,15.0,0.21,15.0,0.35,15.0,0.36,15.0,0.13,0.13,43.349554,1776206810000
1776206812.259,112.259,0.65,15.0,0.64,15.0,0.78,15.0,0.79,15.0,0.22,15.0,0.21,15.0,0.35,15.0,0.36,15.0,0.13,0.13,43.349554,1776206811000
1776206813.335,113.335,0.65,15.0,0.64,15.0,0.78,15.0,0.79,15.0,0.22,15.0,0.21,15.0,0.35,15.0,0.36,15.0,0.13,0.13,43.349854,1776206812000
1776206813.897,113.897,0.65,15.0,0.64,15.0,0.78,15.0,0.79,15.0,0.22,15.0,0.21,15.0,0.35,15.0,0.36,15.0,0.13,0.13,43.349998,1776206813000
1776206815.023,115.023,0.65,15.0,0.64,15.0,0.78,15.0,0.79,15.0,0.22,15.0,0.21,15.0,0.35,15.0,0.36,15.0,0.13,0.13,43.34761,1776206814000
1776206816.225,116.225,0.65,15.0,0.64,15.0,0.78,15.0,0.79,15.0,0.22,15.0,0.21,15.0,0.35,15.0,0.36,15.0,0.13,0.13,43.34761,1776206815000
1776206817.367,117.367,0.65,15.0,0.64,15.0,0.78,15.0,0.79,15.0,0.22,15.0,0.21,15.0,0.35,15.0,0.36,15.0,0.13,0.13,43.347814,1776206816000
1776206818.036,118.036,0.65,15.0,0.64,15.0,0.78,15.0,0.79,15.0,0.22,15.0,0.21,15.0,0.35,15.0,0.36,15.0,0.13,0.13,43.347828,1776206817000
1776206819.135,119.135,0.65,15.0,0.64,15.0,0.78,15.0,0.79,15.0,0.22,15.0,0.21,15.0,0.35,15.0,0.36,15.0,0.13,0.13,43.348102,1776206818000
1776206820.355,120.355,0.65,15.0,0.64,15.0,0.78,15.0,0.79,15.0,0.22,15.0,0.21,15.0,0.35,15.0,0.36,15.0,0.13,0.13,43.348104,1776206819000
1776206821.024,121.024,0.65,15.0,0.64,15.0,0.78,15.0,0.79,15.0,0.22,15.0,0.21,15.0,0.35,15.0,0.36,15.0,0.13,0.13,43.347295,1776206820000
1776206822.309,122.309,0.65,15.0,0.64,15.0,0.78,15.0,0.79,15.0,0.22,15.0,0.21,15.0,0.35,15.0,0.36,15.0,0.13,0.13,43.347281,1776206821000
1776206823.597,123.597,0.65,15.0,0.64,15.0,0.78,15.0,0.79,15.0,0.22,15.0,0.21,15.0,0.35,15.0,0.36,15.0,0.13,0.13,43.347143,1776206822000
1776206824.307,124.307,0.65,15.0,0.64,15.0,0.78,15.0,0.79,15.0,0.22,15.0,0.21,15.0,0.35,15.0,0.36,15.0,0.13,0.13,43.347116,1776206823000
1776206825.808,125.808,0.65,15.0,0.64,15.0,0.78,15.0,0.79,15.0,0.22,15.0,0.21,15.0,0.35,15.0,0.36,15.0,0.13,0.13,43.347116,1776206824000
1776206826.736,126.736,0.65,15.0,0.64,15.0,0.78,15.0,0.79,15.0,0.22,15.0,0.21,15.0,0.35,15.0,0.36,15.0,0.13,0.13,43.347116,1776206825000
1776206827.288,127.288,0.65,15.0,0.64,15.0,0.78,15.0,0.79,15.0,0.22,15.0,0.21,15.0,0.35,15.0,0.36,15.0,0.13,0.13,43.347182,1776206826000
1776206828.626,128.626,0.65,15.0,0.64,15.0,0.78,15.0,0.79,15.0,0.22,15.0,0.21,15.0,0.35,15.0,0.36,15.0,0.13,0.13,43.346878,1776206827000
1776206829.297,129.297,0.65,15.0,0.64,15.0,0.78,15.0,0.79,15.0,0.22,15.0,0.21,15.0,0.35,15.0,0.36,15.0,0.13,0.13,43.346878,1776206828000
1776206830.062,130.062,0.65,15.0,0.64,15.0,0.78,15.0,0.79,15.0,0.22,15.0,0.21,15.0,0.35,15.0,0.36,15.0,0.13,0.13,43.346557,1776206829000
1776206831.36,131.36,0.65,15.0,0.64,15.0,0.78,15.0,0.79,15.0,0.22,15.0,0.21,15.0,0.35,15.0,0.36,15.0,0.13,0.13,43.346557,1776206830000
1776206831.996,131.996,0.65,15.0,0.64,15.0,0.78,15.0,0.79,15.0,0.22,15.0,0.21,15.0,0.35,15.0,0.36,15.0,0.13,0.13,43.346832,1776206831000
1776206833.364,133.364,0.65,15.0,0.64,15.0,0.78,15.0,0.79,15.0,0.22,15.0,0.21,15.0,0.35,15.0,0.36,15.0,0.13,0.13,43.346714,1776206832000
1776206834.239,134.239,0.65,15.0,0.64,15.0,0.78,15.0,0.79,15.0,0.22,15.0,0.21,15.0,0.35,15.0,0.36,15.0,0.13,0.13,43.346439,1776206833000
1776206835.557,135.557,0.65,15.0,0.64,15.0,0.78,15.0,0.79,15.0,0.22,15.0,0.21,15.0,0.35,15.0,0.36,15.0,0.13,0.13,43.346958,1776206834000
1776206836.347,136.347,0.65,15.0,0.64,15.0,0.78,15.0,0.79,15.0,0.22,15.0,0.21,15.0,0.35,15.0,0.36,15.0,0.13,0.13,43.346986,1776206835000
1776206837.13,137.13,0.65,15.0,0.64,15.0,0.78,15.0,0.79,15.0,0.22,15.0,0.21,15.0,0.35,15.0,0.36,15.0,0.13,0.13,43.346982,1776206836000
1776206838.512,138.512,0.65,15.0,0.64,15.0,0.78,15.0,0.79,15.0,0.22,15.0,0.21,15.0,0.35,15.0,0.36,15.0,0.13,0.13,43.347713,1776206837000
1776206839.418,139.418,0.65,15.0,0.64,15.0,0.78,15.0,0.79,15.0,0.22,15.0,0.21,15.0,0.35,15.0,0.36,15.0,0.13,0.13,43.347748,1776206838000
1776206840.623,140.623,0.65,15.0,0.64,15.0,0.78,15.0,0.79,15.0,0.22,15.0,0.21,15.0,0.35,15.0,0.36,15.0,0.13,0.13,43.348405,1776206839000
1776206841.152,141.152,0.65,15.0,0.64,15.0,0.78,15.0,0.79,15.0,0.22,15.0,0.21,15.0,0.35,15.0,0.36,15.0,0.13,0.13,43.348266,1776206840000
1776206842.294,142.294,0.65,15.0,0.64,15.0,0.78,15.0,0.79,15.0,0.22,15.0,0.21,15.0,0.35,15.0,0.36,15.0,0.13,0.13,43.348152,1776206841000
1776206843.367,143.367,0.65,15.0,0.64,15.0,0.78,15.0,0.79,15.0,0.22,15.0,0.21,15.0,0.35,15.0,0.36,15.0,0.13,0.13,43.348152,1776206842000
1776206843.96,143.96,0.65,15.0,0.64,15.0,0.78,15.0,0.79,15.0,0.22,15.0,0.21,15.0,0.35,15.0,0.36,15.0,0.13,0.13,43.348018,1776206843000
1776206845.024,145.024,0.65,15.0,0.64,15.0,0.78,15.0,0.79,15.0,0.22,15.0,0.21,15.0,0.35,15.0,0.36,15.0,0.13,0.13,43.347979,1776206844000
1776206846.047,146.047,0.65,15.0,0.64,15.0,0.78,15.0,0.79,15.0,0.22,15.0,0.21,15.0,0.35,15.0,0.36,15.0,0.13,0.13,43.348211,1776206845000
1776206847.211,147.211,0.65,15.0,0.64,15.0,0.78,15.0,0.79,15.0,0.22,15.0,0.21,15.0,0.35,15.0,0.36,15.0,0.13,0.13,43.349611,1776206846000
1776206848.305,148.305,0.65,15.0,0.64,15.0,0.78,15.0,0.79,15.0,0.22,15.0,0.21,15.0,0.35,15.0,0.36,15.0,0.13,0.13,43.352318,1776206847000
1776206849.378,149.378,0.65,15.0,0.64,15.0,0.78,15.0,0.79,15.0,0.22,15.0,0.21,15.0,0.35,15.0,0.36,15.0,0.13,0.13,43.357411,1776206848000
1776206849.892,149.892,0.65,15.0,0.64,15.0,0.78,15.0,0.79,15.0,0.22,15.0,0.21,15.0,0.35,15.0,0.36,15.0,0.13,0.13,43.358076,1776206849000
1776206850.958,150.958,0.65,15.0,0.64,15.0,0.78,15.0,0.79,15.0,0.22,15.0,0.21,15.0,0.35,15.0,0.36,15.0,0.13,0.13,43.35801,1776206850000
1776206852.119,152.119,0.65,15.0,0.64,15.0,0.78,15.0,0.79,15.0,0.22,15.0,0.21,15.0,0.35,15.0,0.36,15.0,0.13,0.13,43.358148,1776206851000
1776206853.114,153.114,0.65,15.0,0.64,15.0,0.78,15.0,0.79,15.0,0.22,15.0,0.21,15.0,0.35,15.0,0.36,15.0,0.13,0.13,43.357826,1776206852000
1776206854.869,154.869,0.65,15.0,0.64,15.0,0.78,15.0,0.79,15.0,0.22,15.0,0.21,15.0,0.35,15.0,0.36,15.0,0.13,0.13,43.355316,1776206853000
1776206855.377,155.377,0.65,15.0,0.64,15.0,0.78,15.0,0.79,15.0,0.22,15.0,0.21,15.0,0.35,15.0,0.36,15.0,0.13,0.13,43.35562,1776206854000
1776206856.685,156.685,0.65,15.0,0.64,15.0,0.78,15.0,0.79,15.0,0.22,15.0,0.21,15.0,0.35,15.0,0.36,15.0,0.13,0.13,43.35562,1776206855000
1776206857.136,157.136,0.65,15.0,0.64,15.0,0.78,15.0,0.79,15.0,0.22,15.0,0.21,15.0,0.35,15.0,0.36,15.0,0.13,0.13,43.35572,1776206856000
1776206858.708,158.708,0.65,15.0,0.64,15.0,0.78,15.0,0.79,15.0,0.22,15.0,0.21,15.0,0.35,15.0,0.36,15.0,0.13,0.13,43.360943,1776206857000
1776206859.335,159.335,0.65,15.0,0.64,15.0,0.78,15.0,0.79,15.0,0.22,15.0,0.21,15.0,0.35,15.0,0.36,15.0,0.13,0.13,43.361026,1776206858000
1776206860.237,160.237,0.65,15.0,0.64,15.0,0.78,15.0,0.79,15.0,0.22,15.0,0.21,15.0,0.35,15.0,0.36,15.0,0.13,0.13,43.361026,1776206859000
1776206861.5,161.5,0.65,15.0,0.64,15.0,0.78,15.0,0.79,15.0,0.22,15.0,0.21,15.0,0.35,15.0,0.36,15.0,0.13,0.13,43.371316,1776206860000
1776206862.115,162.115,0.65,15.0,0.64,15.0,0.78,15.0,0.79,15.0,0.22,15.0,0.21,15.0,0.35,15.0,0.36,15.0,0.13,0.13,43.371858,1776206861000
1776206863.458,163.458,0.65,15.0,0.64,15.0,0.78,15.0,0.79,15.0,0.22,15.0,0.21,15.0,0.35,15.0,0.36,15.0,0.13,0.13,43.374811,1776206862000
1776206864.347,164.347,0.65,15.0,0.64,15.0,0.78,15.0,0.79,15.0,0.22,15.0,0.21,15.0,0.35,15.0,0.36,15.0,0.13,0.13,43.376827,1776206863000
1776206865.759,165.759,0.65,15.0,0.64,15.0,0.78,15.0,0.79,15.0,0.22,15.0,0.21,15.0,0.35,15.0,0.36,15.0,0.13,0.13,43.380046,1776206864000
1776206866.351,166.351,0.65,15.0,0.64,15.0,0.78,15.0,0.79,15.0,0.22,15.0,0.21,15.0,0.35,15.0,0.36,15.0,0.13,0.13,43.38067,1776206865000
1776206866.558,166.558,0.9,15.0,0.89,15.0,0.95,15.0,0.96,20.0,0.22,15.0,0.21,15.0,0.35,15.0,0.36,15.0,0.05,0.13,43.38067,1776206865000
1776206867.205,167.205,0.9,15.0,0.89,15.0,0.95,15.0,0.96,20.0,0.05,15.0,0.04,20.0,0.1,15.0,0.11,15.0,0.05,0.05,43.387441,1776206866000
1776206867.754,167.754,0.91,30.0,0.9,15.0,0.97,54.8,0.98,25.0,0.05,15.0,0.04,20.0,0.1,15.0,0.11,15.0,0.06,0.05,43.387441,1776206866000
1776206868.624,168.624,0.91,30.0,0.9,15.0,0.97,54.8,0.98,25.0,0.03,54.8,0.02,25.0,0.09,30.0,0.1,15.0,0.06,0.06,43.390916,1776206867000
1776206869.243,169.243,0.91,30.0,0.9,15.0,0.97,54.8,0.98,25.0,0.03,54.8,0.02,25.0,0.09,30.0,0.1,15.0,0.06,0.06,43.392753,1776206868000
1776206870.581,170.581,0.91,30.0,0.9,15.0,0.97,54.8,0.98,25.0,0.03,54.8,0.02,25.0,0.09,30.0,0.1,15.0,0.06,0.06,43.393333,1776206869000
1776206871.22,171.22,0.91,30.0,0.9,15.0,0.97,54.8,0.98,25.0,0.03,54.8,0.02,25.0,0.09,30.0,0.1,15.0,0.06,0.06,43.393333,1776206870000
1776206871.61,171.61,0.93,11.0,0.92,15.0,0.96,15.0,0.97,54.8,0.03,54.8,0.02,25.0,0.09,30.0,0.1,15.0,0.03,0.06,43.393333,1776206870000
1776206872.845,172.845,0.92,15.0,0.91,15.0,0.96,15.0,0.97,54.8,0.04,15.0,0.03,54.8,0.08,15.0,0.09,15.0,0.04,0.04,43.394301,1776206871000
1776206873.381,173.381,0.92,15.0,0.91,15.0,0.96,15.0,0.97,54.8,0.04,15.0,0.03,54.8,0.08,15.0,0.09,15.0,0.04,0.04,43.394708,1776206872000
1776206873.888,173.888,0.92,15.0,0.91,15.0,0.96,15.0,0.97,54.8,0.04,15.0,0.03,54.8,0.08,15.0,0.09,15.0,0.04,0.04,43.395027,1776206873000
1776206874.327,174.327,0.94,15.0,0.93,25.0,0.97,39.8,0.98,25.0,0.04,15.0,0.03,54.8,0.08,15.0,0.09,15.0,0.03,0.04,43.395027,1776206873000
1776206875.005,175.005,0.94,15.0,0.93,25.0,0.97,39.8,0.98,25.0,0.03,39.8,0.02,25.0,0.06,15.0,0.07,25.0,0.03,0.03,43.404246,1776206874000
1776206875.548,175.548,0.95,15.0,0.94,15.0,0.97,34.8,0.98,25.0,0.03,39.8,0.02,25.0,0.06,15.0,0.07,25.0,0.02,0.03,43.404246,1776206874000
1776206876.099,176.099,0.95,15.0,0.94,15.0,0.97,34.8,0.98,25.0,0.03,34.8,0.02,25.0,0.05,15.0,0.06,15.0,0.02,0.02,43.410744,1776206875000
1776206877.272,177.272,0.95,15.0,0.94,15.0,0.97,34.8,0.98,25.0,0.03,34.8,0.02,25.0,0.05,15.0,0.06,15.0,0.02,0.02,43.411341,1776206876000
1776206878.381,178.381,0.95,15.0,0.94,15.0,0.97,34.8,0.98,25.0,0.03,34.8,0.02,25.0,0.05,15.0,0.06,15.0,0.02,0.02,43.413608,1776206877000
1776206879.444,179.444,0.95,15.0,0.94,15.0,0.97,34.8,0.98,25.0,0.03,34.8,0.02,25.0,0.05,15.0,0.06,15.0,0.02,0.02,43.40964,1776206878000
1776206879.96,179.96,0.95,15.0,0.94,15.0,0.97,34.8,0.98,25.0,0.03,34.8,0.02,25.0,0.05,15.0,0.06,15.0,0.02,0.02,43.408329,1776206879000
1776206881.193,181.193,0.95,15.0,0.94,15.0,0.97,34.8,0.98,25.0,0.03,34.8,0.02,25.0,0.05,15.0,0.06,15.0,0.02,0.02,43.40834,1776206880000
1776206882.28,182.28,0.95,15.0,0.94,15.0,0.97,34.8,0.98,25.0,0.03,34.8,0.02,25.0,0.05,15.0,0.06,15.0,0.02,0.02,43.408633,1776206881000
1776206883.362,183.362,0.95,15.0,0.94,15.0,0.97,34.8,0.98,25.0,0.03,34.8,0.02,25.0,0.05,15.0,0.06,15.0,0.02,0.02,43.406219,1776206882000
1776206884.385,184.385,0.95,15.0,0.94,15.0,0.97,34.8,0.98,25.0,0.03,34.8,0.02,25.0,0.05,15.0,0.06,15.0,0.02,0.02,43.404559,1776206883000
1776206885.027,185.027,0.95,15.0,0.94,15.0,0.97,34.8,0.98,25.0,0.03,34.8,0.02,25.0,0.05,15.0,0.06,15.0,0.02,0.02,43.404044,1776206884000
1776206886.003,186.003,0.95,15.0,0.94,15.0,0.97,34.8,0.98,25.0,0.03,34.8,0.02,25.0,0.05,15.0,0.06,15.0,0.02,0.02,43.403949,1776206885000
1776206887.671,187.671,0.95,15.0,0.94,15.0,0.97,34.8,0.98,25.0,0.03,34.8,0.02,25.0,0.05,15.0,0.06,15.0,0.02,0.02,43.40061,1776206886000
1776206888.362,188.362,0.95,15.0,0.94,15.0,0.97,34.8,0.98,25.0,0.03,34.8,0.02,25.0,0.05,15.0,0.06,15.0,0.02,0.02,43.397089,1776206887000
1776206889.118,189.118,0.95,15.0,0.94,15.0,0.97,34.8,0.98,25.0,0.03,34.8,0.02,25.0,0.05,15.0,0.06,15.0,0.02,0.02,43.397126,1776206888000
1776206890.353,190.353,0.95,15.0,0.94,15.0,0.97,34.8,0.98,25.0,0.03,34.8,0.02,25.0,0.05,15.0,0.06,15.0,0.02,0.02,43.397105,1776206889000
1776206890.98,190.98,0.95,15.0,0.94,15.0,0.97,34.8,0.98,25.0,0.03,34.8,0.02,25.0,0.05,15.0,0.06,15.0,0.02,0.02,43.397105,1776206890000
1776206892.16,192.16,0.95,15.0,0.94,15.0,0.97,34.8,0.98,25.0,0.03,34.8,0.02,25.0,0.05,15.0,0.06,15.0,0.02,0.02,43.396961,1776206891000
1776206893.367,193.367,0.95,15.0,0.94,15.0,0.97,34.8,0.98,25.0,0.03,34.8,0.02,25.0,0.05,15.0,0.06,15.0,0.02,0.02,43.395587,1776206892000
1776206894.514,194.514,0.95,15.0,0.94,15.0,0.97,34.8,0.98,25.0,0.03,34.8,0.02,25.0,0.05,15.0,0.06,15.0,0.02,0.02,43.395587,1776206893000
1776206895.144,195.144,0.95,15.0,0.94,15.0,0.97,34.8,0.98,25.0,0.03,34.8,0.02,25.0,0.05,15.0,0.06,15.0,0.02,0.02,43.39418,1776206894000
1776206896.301,196.301,0.95,15.0,0.94,15.0,0.97,34.8,0.98,25.0,0.03,34.8,0.02,25.0,0.05,15.0,0.06,15.0,0.02,0.02,43.39398,1776206895000
1776206897.463,197.463,0.95,15.0,0.94,15.0,0.97,34.8,0.98,25.0,0.03,34.8,0.02,25.0,0.05,15.0,0.06,15.0,0.02,0.02,43.393947,1776206896000
1776206897.984,197.984,0.95,15.0,0.94,15.0,0.97,34.8,0.98,25.0,0.03,34.8,0.02,25.0,0.05,15.0,0.06,15.0,0.02,0.02,43.392458,1776206897000
1776206899.116,199.116,0.95,15.0,0.94,15.0,0.97,34.8,0.98,25.0,0.03,34.8,0.02,25.0,0.05,15.0,0.06,15.0,0.02,0.02,43.394116,1776206898000
1776206900.232,200.232,0.95,15.0,0.94,15.0,0.97,34.8,0.98,25.0,0.03,34.8,0.02,25.0,0.05,15.0,0.06,15.0,0.02,0.02,43.394896,1776206899000
1776206901.366,201.366,0.95,15.0,0.94,15.0,0.97,34.8,0.98,25.0,0.03,34.8,0.02,25.0,0.05,15.0,0.06,15.0,0.02,0.02,43.395034,1776206900000
1776206902.064,202.064,0.95,15.0,0.94,15.0,0.97,34.8,0.98,25.0,0.03,34.8,0.02,25.0,0.05,15.0,0.06,15.0,0.02,0.02,43.397056,1776206901000
1776206903.08,203.08,0.95,15.0,0.94,15.0,0.97,34.8,0.98,25.0,0.03,34.8,0.02,25.0,0.05,15.0,0.06,15.0,0.02,0.02,43.400167,1776206902000
1776206904.934,204.934,0.95,15.0,0.94,15.0,0.97,34.8,0.98,25.0,0.03,34.8,0.02,25.0,0.05,15.0,0.06,15.0,0.02,0.02,43.402434,1776206903000
1776206905.715,205.715,0.95,15.0,0.94,15.0,0.97,34.8,0.98,25.0,0.03,34.8,0.02,25.0,0.05,15.0,0.06,15.0,0.02,0.02,43.403266,1776206904000
1776206906.483,206.483,0.95,15.0,0.94,15.0,0.97,34.8,0.98,25.0,0.03,34.8,0.02,25.0,0.05,15.0,0.06,15.0,0.02,0.02,43.402911,1776206905000
1776206907.074,207.074,0.95,15.0,0.94,15.0,0.97,34.8,0.98,25.0,0.03,34.8,0.02,25.0,0.05,15.0,0.06,15.0,0.02,0.02,43.402851,1776206906000
1776206908.335,208.335,0.95,15.0,0.94,15.0,0.97,34.8,0.98,25.0,0.03,34.8,0.02,25.0,0.05,15.0,0.06,15.0,0.02,0.02,43.404825,1776206907000
1776206909.165,209.165,0.95,15.0,0.94,15.0,0.97,34.8,0.98,25.0,0.03,34.8,0.02,25.0,0.05,15.0,0.06,15.0,0.02,0.02,43.404825,1776206908000
1776206910.312,210.312,0.95,15.0,0.94,15.0,0.97,34.8,0.98,25.0,0.03,34.8,0.02,25.0,0.05,15.0,0.06,15.0,0.02,0.02,43.401071,1776206909000
1776206911.023,211.023,0.95,15.0,0.94,15.0,0.97,34.8,0.98,25.0,0.03,34.8,0.02,25.0,0.05,15.0,0.06,15.0,0.02,0.02,43.398598,1776206910000
1776206912.389,212.389,0.95,15.0,0.94,15.0,0.97,34.8,0.98,25.0,0.03,34.8,0.02,25.0,0.05,15.0,0.06,15.0,0.02,0.02,43.403565,1776206911000
1776206913.215,213.215,0.95,15.0,0.94,15.0,0.97,34.8,0.98,25.0,0.03,34.8,0.02,25.0,0.05,15.0,0.06,15.0,0.02,0.02,43.403241,1776206912000
1776206914.476,214.476,0.95,15.0,0.94,15.0,0.97,34.8,0.98,25.0,0.03,34.8,0.02,25.0,0.05,15.0,0.06,15.0,0.02,0.02,43.403247,1776206913000
1776206915.128,215.128,0.95,15.0,0.94,15.0,0.97,34.8,0.98,25.0,0.03,34.8,0.02,25.0,0.05,15.0,0.06,15.0,0.02,0.02,43.403247,1776206914000
1776206915.533,215.533,0.95,15.0,0.94,15.0,0.98,10.0,0.99,205.0,0.03,34.8,0.02,25.0,0.05,15.0,0.06,15.0,0.03,0.02,43.403247,1776206914000
1776206916.579,216.579,0.95,15.0,0.94,15.0,0.98,10.0,0.99,205.0,0.02,10.0,0.01,205.0,0.05,15.0,0.06,15.0,0.03,0.03,43.406047,1776206915000
1776206917.246,217.246,0.95,15.0,0.94,15.0,0.98,10.0,0.99,205.0,0.02,10.0,0.01,205.0,0.05,15.0,0.06,15.0,0.03,0.03,43.406048,1776206916000
1776206918.656,218.656,0.9,15.0,0.89,25.0,0.95,7.5,0.96,15.0,0.05,7.5,0.04,15.0,0.1,15.0,0.11,25.0,0.05,0.05,43.393487,1776206917000
1776206919.358,219.358,0.9,15.0,0.89,25.0,0.95,7.5,0.96,15.0,0.05,7.5,0.04,15.0,0.1,15.0,0.11,25.0,0.05,0.05,43.390112,1776206918000
1776206920.054,220.054,0.93,15.0,0.92,15.0,0.97,12.93,0.98,25.0,0.04,15.0,0.03,12.93,0.07,15.0,0.08,15.0,0.04,0.03,43.390359,1776206919000
1776206920.977,220.977,0.93,15.0,0.92,15.0,0.96,12.91,0.97,12.93,0.04,12.91,0.03,12.93,0.07,15.0,0.08,15.0,0.03,0.03,43.390617,1776206920000
1776206922.007,222.007,0.93,15.0,0.92,15.0,0.96,12.91,0.97,12.93,0.04,12.91,0.03,12.93,0.07,15.0,0.08,15.0,0.03,0.03,43.39099,1776206921000
1776206922.997,222.997,0.93,15.0,0.92,15.0,0.96,12.91,0.97,12.93,0.04,12.91,0.03,12.93,0.07,15.0,0.08,15.0,0.03,0.03,43.389493,1776206922000
1776206924.005,224.005,0.93,15.0,0.92,15.0,0.96,12.91,0.97,12.93,0.04,12.91,0.03,12.93,0.07,15.0,0.08,15.0,0.03,0.03,43.387513,1776206923000
1776206924.859,224.859,0.93,15.0,0.92,15.0,0.96,12.91,0.97,12.93,0.04,12.91,0.03,12.93,0.07,15.0,0.08,15.0,0.03,0.03,43.386071,1776206924000
1776206925.928,225.928,0.93,15.0,0.92,15.0,0.96,12.91,0.97,12.93,0.04,12.91,0.03,12.93,0.07,15.0,0.08,15.0,0.03,0.03,43.386763,1776206925000
1776206926.835,226.835,0.93,15.0,0.92,15.0,0.96,12.91,0.97,12.93,0.04,12.91,0.03,12.93,0.07,15.0,0.08,15.0,0.03,0.03,43.386627,1776206926000
1776206928.237,228.237,0.93,15.0,0.92,15.0,0.96,12.91,0.97,12.93,0.04,12.91,0.03,12.93,0.07,15.0,0.08,15.0,0.03,0.03,43.388579,1776206927000
1776206929.175,229.175,0.93,15.0,0.92,15.0,0.96,12.91,0.97,12.93,0.04,12.91,0.03,12.93,0.07,15.0,0.08,15.0,0.03,0.03,43.387814,1776206928000
1776206930.221,230.221,0.93,15.0,0.92,15.0,0.96,12.91,0.97,12.93,0.04,12.91,0.03,12.93,0.07,15.0,0.08,15.0,0.03,0.03,43.387613,1776206929000
1776206931.27,231.27,0.93,15.0,0.92,15.0,0.96,12.91,0.97,12.93,0.04,12.91,0.03,12.93,0.07,15.0,0.08,15.0,0.03,0.03,43.387717,1776206930000
1776206932.166,232.166,0.93,15.0,0.92,15.0,0.96,12.91,0.97,12.93,0.04,12.91,0.03,12.93,0.07,15.0,0.08,15.0,0.03,0.03,43.387717,1776206931000
1776206933.736,233.736,0.93,15.0,0.92,15.0,0.96,12.91,0.97,12.93,0.04,12.91,0.03,12.93,0.07,15.0,0.08,15.0,0.03,0.03,43.387241,1776206932000
1776206934.272,234.272,0.93,15.0,0.92,15.0,0.96,12.91,0.97,12.93,0.04,12.91,0.03,12.93,0.07,15.0,0.08,15.0,0.03,0.03,43.386922,1776206933000
1776206935.282,235.282,0.93,15.0,0.92,15.0,0.96,12.91,0.97,12.93,0.04,12.91,0.03,12.93,0.07,15.0,0.08,15.0,0.03,0.03,43.387138,1776206934000
1776206936.287,236.287,0.93,15.0,0.92,15.0,0.96,12.91,0.97,12.93,0.04,12.91,0.03,12.93,0.07,15.0,0.08,15.0,0.03,0.03,43.385339,1776206935000
1776206937.354,237.354,0.93,15.0,0.92,15.0,0.96,12.91,0.97,12.93,0.04,12.91,0.03,12.93,0.07,15.0,0.08,15.0,0.03,0.03,43.382137,1776206936000
1776206938.213,238.213,0.93,15.0,0.92,15.0,0.96,12.91,0.97,12.93,0.04,12.91,0.03,12.93,0.07,15.0,0.08,15.0,0.03,0.03,43.379341,1776206937000
1776206939.152,239.152,0.93,15.0,0.92,15.0,0.96,12.91,0.97,12.93,0.04,12.91,0.03,12.93,0.07,15.0,0.08,15.0,0.03,0.03,43.371365,1776206938000
1776206940.086,240.086,0.93,15.0,0.92,15.0,0.96,12.91,0.97,12.93,0.04,12.91,0.03,12.93,0.07,15.0,0.08,15.0,0.03,0.03,43.36896,1776206939000
1776206941.069,241.069,0.93,15.0,0.92,15.0,0.96,12.91,0.97,12.93,0.04,12.91,0.03,12.93,0.07,15.0,0.08,15.0,0.03,0.03,43.368501,1776206940000
1776206942.123,242.123,0.93,15.0,0.92,15.0,0.96,12.91,0.97,12.93,0.04,12.91,0.03,12.93,0.07,15.0,0.08,15.0,0.03,0.03,43.36748,1776206941000
1776206943.059,243.059,0.93,15.0,0.92,15.0,0.96,12.91,0.97,12.93,0.04,12.91,0.03,12.93,0.07,15.0,0.08,15.0,0.03,0.03,43.368708,1776206942000
1776206944.004,244.004,0.93,15.0,0.92,15.0,0.96,12.91,0.97,12.93,0.04,12.91,0.03,12.93,0.07,15.0,0.08,15.0,0.03,0.03,43.371126,1776206943000
1776206944.975,244.975,0.93,15.0,0.92,15.0,0.96,12.91,0.97,12.93,0.04,12.91,0.03,12.93,0.07,15.0,0.08,15.0,0.03,0.03,43.371127,1776206944000
1776206946.475,246.475,0.93,15.0,0.92,15.0,0.96,12.91,0.97,12.93,0.04,12.91,0.03,12.93,0.07,15.0,0.08,15.0,0.03,0.03,43.368695,1776206945000
1776206947.042,247.042,0.93,15.0,0.92,15.0,0.96,12.91,0.97,12.93,0.04,12.91,0.03,12.93,0.07,15.0,0.08,15.0,0.03,0.03,43.368695,1776206946000
1776206948.209,248.209,0.93,15.0,0.92,15.0,0.96,12.91,0.97,12.93,0.04,12.91,0.03,12.93,0.07,15.0,0.08,15.0,0.03,0.03,43.367914,1776206947000
1776206949.209,249.209,0.93,15.0,0.92,15.0,0.96,12.91,0.97,12.93,0.04,12.91,0.03,12.93,0.07,15.0,0.08,15.0,0.03,0.03,43.368135,1776206948000
1776206950.092,250.092,0.93,15.0,0.92,15.0,0.96,12.91,0.97,12.93,0.04,12.91,0.03,12.93,0.07,15.0,0.08,15.0,0.03,0.03,43.369509,1776206949000
1776206951.196,251.196,0.93,15.0,0.92,15.0,0.96,12.91,0.97,12.93,0.04,12.91,0.03,12.93,0.07,15.0,0.08,15.0,0.03,0.03,43.369965,1776206950000
1776206952.178,252.178,0.93,15.0,0.92,15.0,0.96,12.91,0.97,12.93,0.04,12.91,0.03,12.93,0.07,15.0,0.08,15.0,0.03,0.03,43.371762,1776206951000
1776206953.146,253.146,0.93,15.0,0.92,15.0,0.96,12.91,0.97,12.93,0.04,12.91,0.03,12.93,0.07,15.0,0.08,15.0,0.03,0.03,43.371614,1776206952000
1776206954.205,254.205,0.93,15.0,0.92,15.0,0.96,12.91,0.97,12.93,0.04,12.91,0.03,12.93,0.07,15.0,0.08,15.0,0.03,0.03,43.371828,1776206953000
1776206954.51,254.51,0.92,25.0,0.91,15.0,0.93,2.52,0.98,10.0,0.04,12.91,0.03,12.93,0.07,15.0,0.08,15.0,0.01,0.03,43.371828,1776206953000
1776206954.859,254.859,0.92,25.0,0.91,15.0,0.98,10.0,0.99,205.0,0.07,2.52,0.02,10.0,0.08,25.0,0.09,15.0,0.06,0.01,43.371828,1776206953000
1776206955.479,255.479,0.92,25.0,0.91,15.0,0.98,10.0,0.99,205.0,0.02,10.0,0.01,205.0,0.08,25.0,0.09,15.0,0.06,0.06,43.37179,1776206954000
1776206956.27,256.27,0.92,25.0,0.91,15.0,0.98,10.0,0.99,205.0,0.02,10.0,0.01,205.0,0.08,25.0,0.09,15.0,0.06,0.06,43.371794,1776206955000
1776206957.197,257.197,0.92,25.0,0.91,15.0,0.98,10.0,0.99,205.0,0.02,10.0,0.01,205.0,0.08,25.0,0.09,15.0,0.06,0.06,43.374113,1776206956000
1776206958.23,258.23,0.92,25.0,0.91,15.0,0.98,10.0,0.99,205.0,0.02,10.0,0.01,205.0,0.08,25.0,0.09,15.0,0.06,0.06,43.378053,1776206957000
1776206959.711,259.711,0.92,25.0,0.91,15.0,0.98,10.0,0.99,205.0,0.02,10.0,0.01,205.0,0.08,25.0,0.09,15.0,0.06,0.06,43.38235,1776206958000
1776206960.311,260.311,0.92,25.0,0.91,15.0,0.98,10.0,0.99,205.0,0.02,10.0,0.01,205.0,0.08,25.0,0.09,15.0,0.06,0.06,43.381817,1776206959000
1776206961.207,261.207,0.92,25.0,0.91,15.0,0.98,10.0,0.99,205.0,0.02,10.0,0.01,205.0,0.08,25.0,0.09,15.0,0.06,0.06,43.382032,1776206960000
1776206962.176,262.176,0.92,25.0,0.91,15.0,0.98,10.0,0.99,205.0,0.02,10.0,0.01,205.0,0.08,25.0,0.09,15.0,0.06,0.06,43.384427,1776206961000
1776206962.651,262.651,0.97,20.0,0.96,15.0,0.99,189.92,,,0.02,10.0,0.01,205.0,0.08,25.0,0.09,15.0,0.02,0.06,43.384427,1776206961000
1776206963.21,263.21,0.97,20.0,0.96,15.0,0.99,180.83,,,0.01,180.83,,,0.03,20.0,0.04,15.0,0.02,0.02,43.384414,1776206962000
1776206964.291,264.291,0.98,20.0,0.97,20.0,0.99,160.83,,,0.01,180.83,,,0.03,20.0,0.04,15.0,0.01,0.02,43.384414,1776206962000
1776206964.912,264.912,0.98,20.0,0.97,20.0,0.99,160.83,,,0.01,160.83,,,0.02,20.0,0.03,20.0,0.01,0.01,43.384428,1776206964000
1776206965.213,265.213,0.98,20.0,0.97,20.0,0.99,150.83,,,0.01,160.83,,,0.02,20.0,0.03,20.0,0.01,0.01,43.384428,1776206964000
1776206965.932,265.932,0.98,20.0,0.97,20.0,0.99,150.83,,,0.01,150.83,,,0.02,20.0,0.03,20.0,0.01,0.01,43.384364,1776206965000
1776206966.456,266.456,0.98,20.0,0.97,20.0,0.99,130.83,,,0.01,150.83,,,0.02,20.0,0.03,20.0,0.01,0.01,43.384364,1776206965000
1776206966.945,266.945,0.98,20.0,0.97,20.0,0.99,130.83,,,0.01,130.83,,,0.02,20.0,0.03,20.0,0.01,0.01,43.383448,1776206966000
1776206968.056,268.056,0.98,20.0,0.97,20.0,0.99,120.83,,,0.01,130.83,,,0.02,20.0,0.03,20.0,0.01,0.01,43.383448,1776206966000
1776206968.996,268.996,0.98,20.0,0.97,20.0,0.99,120.83,,,0.01,120.83,,,0.02,20.0,0.03,20.0,0.01,0.01,43.383503,1776206968000
1776206970.009,270.009,0.98,20.0,0.97,20.0,0.99,120.83,,,0.01,120.83,,,0.02,20.0,0.03,20.0,0.01,0.01,43.383503,1776206969000
1776206970.987,270.987,0.98,20.0,0.97,15.0,0.99,110.83,,,0.01,120.83,,,0.02,20.0,0.03,20.0,0.01,0.01,43.383503,1776206969000
1776206971.607,271.607,0.98,20.0,0.97,15.0,0.99,80.83,,,0.01,110.83,,,0.02,20.0,0.03,15.0,0.01,0.01,43.38345,1776206970000
1776206972.139,272.139,0.98,20.0,0.97,15.0,0.99,80.83,,,0.01,80.83,,,0.02,20.0,0.03,15.0,0.01,0.01,43.382963,1776206971000
1776206973.247,273.247,0.98,20.0,0.97,15.0,0.99,80.83,,,0.01,80.83,,,0.02,20.0,0.03,15.0,0.01,0.01,43.382963,1776206972000
1776206973.756,273.756,0.98,20.0,0.97,15.0,0.99,94.81,,,0.01,80.83,,,0.02,20.0,0.03,15.0,0.01,0.01,43.382963,1776206972000
1776206973.967,273.967,0.98,20.0,0.97,15.0,0.99,84.81,,,0.01,94.81,,,0.02,20.0,0.03,15.0,0.01,0.01,43.382963,1776206972000
1776206975.018,275.018,0.98,20.0,0.97,15.0,0.99,84.81,,,0.01,84.81,,,0.02,20.0,0.03,15.0,0.01,0.01,43.378138,1776206973000
1776206975.732,275.732,0.98,20.0,0.97,15.0,0.99,84.81,,,0.01,84.81,,,0.02,20.0,0.03,15.0,0.01,0.01,43.375519,1776206974000
1776206976.706,276.706,0.98,20.0,0.97,15.0,0.99,84.81,,,0.01,84.81,,,0.02,20.0,0.03,15.0,0.01,0.01,43.373678,1776206975000
1776206977.171,277.171,0.98,20.0,0.97,15.0,0.99,84.81,,,0.01,84.81,,,0.02,20.0,0.03,15.0,0.01,0.01,43.373482,1776206976000
1776206977.57,277.57,0.98,5.0,0.9,10.0,0.99,61.7,,,0.01,84.81,,,0.02,20.0,0.03,15.0,0.01,0.01,43.373482,1776206976000
1776206978.764,278.764,0.98,5.0,0.9,10.0,0.99,61.7,,,0.01,61.7,,,0.02,5.0,0.1,10.0,0.01,0.01,43.372293,1776206977000
1776206979.533,279.533,0.98,5.0,0.9,10.0,0.99,61.7,,,0.01,61.7,,,0.02,5.0,0.1,10.0,0.01,0.01,43.372273,1776206978000
1776206980.132,280.132,0.98,5.0,0.9,10.0,0.99,61.7,,,0.01,61.7,,,0.02,5.0,0.1,10.0,0.01,0.01,43.372467,1776206979000
1776206981.58,281.58,0.98,5.0,0.9,10.0,0.99,61.7,,,0.01,61.7,,,0.02,5.0,0.1,10.0,0.01,0.01,43.372332,1776206980000
1776206982.301,282.301,0.9,10.0,0.3,100.0,0.99,40.74,,,0.01,40.74,,,0.1,10.0,0.7,100.0,0.09,0.09,43.372196,1776206981000
1776206983.676,283.676,0.9,10.0,0.3,100.0,0.99,40.74,,,0.01,40.74,,,0.1,10.0,0.7,100.0,0.09,0.09,43.371824,1776206982000
1776206984.366,284.366,0.9,10.0,0.3,100.0,0.99,40.74,,,0.01,40.74,,,0.1,10.0,0.7,100.0,0.09,0.09,43.369135,1776206983000
1776206985.019,285.019,0.9,45.0,0.3,100.0,0.99,35.74,,,0.01,35.74,,,0.1,45.0,0.7,100.0,0.09,0.09,43.367523,1776206984000
1776206985.44,285.44,0.9,35.0,0.89,10.0,0.99,30.74,,,0.01,35.74,,,0.1,45.0,0.7,100.0,0.09,0.09,43.367523,1776206984000
1776206986.468,286.468,0.9,35.0,0.89,10.0,0.99,30.74,,,0.01,30.74,,,0.1,35.0,0.11,10.0,0.09,0.09,43.361835,1776206985000
1776206986.721,286.721,0.9,45.0,0.3,100.0,0.99,21.38,,,0.01,30.74,,,0.1,35.0,0.11,10.0,0.09,0.09,43.361835,1776206985000
1776206987.186,287.186,0.9,45.0,0.3,100.0,0.99,21.38,,,0.01,21.38,,,0.1,45.0,0.7,100.0,0.09,0.09,43.360228,1776206986000
1776206988.616,288.616,0.9,45.0,0.3,100.0,0.99,21.38,,,0.01,21.38,,,0.1,45.0,0.7,100.0,0.09,0.09,43.359283,1776206987000
1776206989.287,289.287,0.9,45.0,0.3,100.0,0.99,21.38,,,0.01,21.38,,,0.1,45.0,0.7,100.0,0.09,0.09,43.359283,1776206988000
1776206990.626,290.626,0.9,45.0,0.3,100.0,0.99,18.95,,,0.01,21.38,,,0.1,45.0,0.7,100.0,0.09,0.09,43.359283,1776206988000
1776206991.668,291.668,0.9,45.0,0.3,100.0,0.99,18.95,,,0.01,18.95,,,0.1,45.0,0.7,100.0,0.09,0.09,43.361208,1776206990000
1776206992.055,292.055,0.99,981.05,0.9,10.0,,,,,0.01,18.95,,,0.1,45.0,0.7,100.0,,0.09,43.361208,1776206990000
1776206992.294,292.294,0.99,981.05,0.9,10.0,,,,,,,,,0.01,981.05,0.1,10.0,,,43.361354,1776206991000
1776206993.103,293.103,0.99,981.05,0.9,10.0,,,,,,,,,0.01,981.05,0.1,10.0,,,43.359971,1776206992000
1776206994.828,294.828,0.99,981.05,0.9,10.0,,,,,,,,,0.01,981.05,0.1,10.0,,,43.364169,1776206993000
1776206995.42,295.42,0.99,981.05,0.9,10.0,,,,,,,,,0.01,981.05,0.1,10.0,,,43.365469,1776206994000
1776206995.971,295.971,0.99,981.05,0.9,10.0,,,,,,,,,0.01,981.05,0.1,10.0,,,43.365436,1776206995000
1776206996.991,296.991,0.99,981.05,0.9,10.0,,,,,,,,,0.01,981.05,0.1,10.0,,,43.365619,1776206996000
1776206998.068,298.068,0.99,981.05,0.9,10.0,,,,,,,,,0.01,981.05,0.1,10.0,,,43.364944,1776206997000
1776206999.093,299.093,0.99,981.05,0.9,10.0,,,,,,,,,0.01,981.05,0.1,10.0,,,43.364723,1776206998000
1776207000.212,300.212,0.99,981.05,0.9,10.0,,,,,,,,,0.01,981.05,0.1,10.0,,,43.364157,1776206999000

# RESULT,winner=Up,slug=hype-updown-5m-1776206700,ticks=323
