timestamp,elapsed_sec,up_bid_p1,up_bid_s1,up_bid_p2,up_bid_s2,up_ask_p1,up_ask_s1,up_ask_p2,up_ask_s2,down_bid_p1,down_bid_s1,down_bid_p2,down_bid_s2,down_ask_p1,down_ask_s1,down_ask_p2,down_ask_s2,up_spread,down_spread,hype_price,hype_oracle_ts
1776218111.167,11.167,,,,,,,,,,,,,,,,,,,44.211712,1776218110000
1776218111.405,11.405,0.51,10.0,0.41,5.0,0.68,15.0,0.69,5.0,0.32,15.0,0.31,5.0,0.49,10.0,0.59,5.0,0.17,0.17,44.211712,1776218110000
1776218111.712,11.712,0.51,10.0,0.44,5.0,0.68,15.0,0.69,5.0,0.32,15.0,0.31,5.0,0.49,10.0,0.59,5.0,0.17,0.17,44.211712,1776218110000
1776218112.321,12.321,0.51,10.0,0.44,5.0,0.68,15.0,0.69,5.0,0.32,15.0,0.31,5.0,0.49,10.0,0.56,5.0,0.17,0.17,44.217037,1776218111000
1776218113.563,13.563,0.51,10.0,0.44,5.0,0.68,15.0,0.69,5.0,0.32,15.0,0.31,5.0,0.49,10.0,0.56,5.0,0.17,0.17,44.225711,1776218112000
1776218114.1,14.1,0.51,10.0,0.44,5.0,0.68,15.0,0.69,5.0,0.32,15.0,0.31,5.0,0.49,10.0,0.56,5.0,0.17,0.17,44.225711,1776218113000
1776218115.35,15.35,0.51,10.0,0.44,5.0,0.68,15.0,0.69,5.0,0.32,15.0,0.31,5.0,0.49,10.0,0.56,5.0,0.17,0.17,44.227553,1776218114000
1776218116.556,16.556,0.51,10.0,0.44,5.0,0.68,15.0,0.69,5.0,0.32,15.0,0.31,5.0,0.49,10.0,0.56,5.0,0.17,0.17,44.227987,1776218115000
1776218117.086,17.086,0.51,10.0,0.44,5.0,0.68,15.0,0.69,5.0,0.32,15.0,0.31,5.0,0.49,10.0,0.56,5.0,0.17,0.17,44.228584,1776218116000
1776218118.229,18.229,0.51,10.0,0.44,5.0,0.68,15.0,0.69,5.0,0.32,15.0,0.31,5.0,0.49,10.0,0.56,5.0,0.17,0.17,44.228584,1776218117000
1776218119.401,19.401,0.51,10.0,0.44,5.0,0.68,15.0,0.69,5.0,0.32,15.0,0.31,5.0,0.49,10.0,0.56,5.0,0.17,0.17,44.228776,1776218118000
1776218119.978,19.978,0.51,10.0,0.44,5.0,0.68,15.0,0.69,5.0,0.32,15.0,0.31,5.0,0.49,10.0,0.56,5.0,0.17,0.17,44.228776,1776218119000
1776218121.082,21.082,0.51,10.0,0.44,5.0,0.68,15.0,0.69,5.0,0.32,15.0,0.31,5.0,0.49,10.0,0.56,5.0,0.17,0.17,44.228806,1776218120000
1776218122.272,22.272,0.51,10.0,0.44,5.0,0.68,15.0,0.69,5.0,0.32,15.0,0.31,5.0,0.49,10.0,0.56,5.0,0.17,0.17,44.228469,1776218121000
1776218123.465,23.465,0.51,10.0,0.44,5.0,0.68,15.0,0.69,5.0,0.32,15.0,0.31,5.0,0.49,10.0,0.56,5.0,0.17,0.17,44.226655,1776218122000
1776218124.056,24.056,0.51,10.0,0.44,5.0,0.68,15.0,0.69,5.0,0.32,15.0,0.31,5.0,0.49,10.0,0.56,5.0,0.17,0.17,44.22401,1776218123000
1776218125.406,25.406,0.51,10.0,0.44,5.0,0.68,15.0,0.69,5.0,0.32,15.0,0.31,5.0,0.49,10.0,0.56,5.0,0.17,0.17,44.22272,1776218124000
1776218126.099,26.099,0.51,10.0,0.44,5.0,0.68,15.0,0.69,5.0,0.32,15.0,0.31,5.0,0.49,10.0,0.56,5.0,0.17,0.17,44.221163,1776218125000
1776218127.789,27.789,0.51,10.0,0.44,5.0,0.68,15.0,0.69,5.0,0.32,15.0,0.31,5.0,0.49,10.0,0.56,5.0,0.17,0.17,44.220935,1776218126000
1776218128.435,28.435,0.51,10.0,0.44,5.0,0.68,15.0,0.69,5.0,0.32,15.0,0.31,5.0,0.49,10.0,0.56,5.0,0.17,0.17,44.220935,1776218127000
1776218129.205,29.205,0.51,10.0,0.44,5.0,0.68,15.0,0.69,5.0,0.32,15.0,0.31,5.0,0.49,10.0,0.56,5.0,0.17,0.17,44.218561,1776218128000
1776218130.659,30.659,0.51,10.0,0.44,5.0,0.68,15.0,0.69,5.0,0.32,15.0,0.31,5.0,0.49,10.0,0.56,5.0,0.17,0.17,44.218684,1776218129000
1776218131.22,31.22,0.51,10.0,0.44,5.0,0.68,15.0,0.69,5.0,0.32,15.0,0.31,5.0,0.49,10.0,0.56,5.0,0.17,0.17,44.218688,1776218130000
1776218132.516,32.516,0.51,10.0,0.44,5.0,0.68,15.0,0.69,5.0,0.32,15.0,0.31,5.0,0.49,10.0,0.56,5.0,0.17,0.17,44.219061,1776218131000
1776218133.22,33.22,0.51,10.0,0.44,5.0,0.68,15.0,0.69,5.0,0.32,15.0,0.31,5.0,0.49,10.0,0.56,5.0,0.17,0.17,44.219061,1776218132000
1776218134.567,34.567,0.51,10.0,0.44,5.0,0.68,15.0,0.69,5.0,0.32,15.0,0.31,5.0,0.49,10.0,0.56,5.0,0.17,0.17,44.21977,1776218133000
1776218135.138,35.138,0.51,10.0,0.44,5.0,0.68,15.0,0.69,5.0,0.32,15.0,0.31,5.0,0.49,10.0,0.56,5.0,0.17,0.17,44.219972,1776218134000
1776218136.521,36.521,0.51,10.0,0.44,5.0,0.68,15.0,0.69,5.0,0.32,15.0,0.31,5.0,0.49,10.0,0.56,5.0,0.17,0.17,44.219938,1776218135000
1776218137.06,37.06,0.51,10.0,0.44,5.0,0.68,15.0,0.69,5.0,0.32,15.0,0.31,5.0,0.49,10.0,0.56,5.0,0.17,0.17,44.219942,1776218136000
1776218138.348,38.348,0.51,10.0,0.44,5.0,0.68,15.0,0.69,5.0,0.32,15.0,0.31,5.0,0.49,10.0,0.56,5.0,0.17,0.17,44.222492,1776218137000
1776218139.488,39.488,0.51,10.0,0.44,5.0,0.68,15.0,0.69,5.0,0.32,15.0,0.31,5.0,0.49,10.0,0.56,5.0,0.17,0.17,44.228115,1776218138000
1776218140.172,40.172,0.51,10.0,0.44,5.0,0.68,15.0,0.69,5.0,0.32,15.0,0.31,5.0,0.49,10.0,0.56,5.0,0.17,0.17,44.228115,1776218139000
1776218141.39,41.39,0.51,10.0,0.44,5.0,0.68,15.0,0.69,5.0,0.32,15.0,0.31,5.0,0.49,10.0,0.56,5.0,0.17,0.17,44.2294,1776218140000
1776218142.73,42.73,0.51,10.0,0.44,5.0,0.68,15.0,0.69,5.0,0.32,15.0,0.31,5.0,0.49,10.0,0.56,5.0,0.17,0.17,44.228646,1776218141000
1776218143.359,43.359,0.51,10.0,0.44,5.0,0.68,15.0,0.69,5.0,0.32,15.0,0.31,5.0,0.49,10.0,0.56,5.0,0.17,0.17,44.225878,1776218142000
1776218144.478,44.478,0.51,10.0,0.44,5.0,0.68,15.0,0.69,5.0,0.32,15.0,0.31,5.0,0.49,10.0,0.56,5.0,0.17,0.17,44.224674,1776218143000
1776218145.212,45.212,0.51,10.0,0.44,5.0,0.68,15.0,0.69,5.0,0.32,15.0,0.31,5.0,0.49,10.0,0.56,5.0,0.17,0.17,44.222887,1776218144000
1776218146.644,46.644,0.51,10.0,0.44,5.0,0.68,15.0,0.69,5.0,0.32,15.0,0.31,5.0,0.49,10.0,0.56,5.0,0.17,0.17,44.222867,1776218145000
1776218147.355,47.355,0.51,10.0,0.44,5.0,0.68,15.0,0.69,5.0,0.32,15.0,0.31,5.0,0.49,10.0,0.56,5.0,0.17,0.17,44.222865,1776218146000
1776218148.02,48.02,0.51,10.0,0.44,5.0,0.68,15.0,0.69,5.0,0.32,15.0,0.31,5.0,0.49,10.0,0.56,5.0,0.17,0.17,44.22373,1776218147000
1776218149.322,49.322,0.51,10.0,0.44,5.0,0.68,15.0,0.69,5.0,0.32,15.0,0.31,5.0,0.49,10.0,0.56,5.0,0.17,0.17,44.225446,1776218148000
1776218150.124,50.124,0.51,10.0,0.44,5.0,0.68,15.0,0.69,5.0,0.32,15.0,0.31,5.0,0.49,10.0,0.56,5.0,0.17,0.17,44.22558,1776218149000
1776218151.819,51.819,0.51,10.0,0.44,5.0,0.68,15.0,0.69,5.0,0.32,15.0,0.31,5.0,0.49,10.0,0.56,5.0,0.17,0.17,44.228168,1776218150000
1776218152.581,52.581,0.51,10.0,0.44,5.0,0.68,15.0,0.69,5.0,0.32,15.0,0.31,5.0,0.49,10.0,0.56,5.0,0.17,0.17,44.228068,1776218151000
1776218153.202,53.202,0.51,10.0,0.44,5.0,0.68,15.0,0.69,5.0,0.32,15.0,0.31,5.0,0.49,10.0,0.56,5.0,0.17,0.17,44.223808,1776218152000
1776218154.707,54.707,0.51,10.0,0.44,5.0,0.68,15.0,0.69,5.0,0.32,15.0,0.31,5.0,0.49,10.0,0.56,5.0,0.17,0.17,44.223065,1776218153000
1776218155.53,55.53,0.51,10.0,0.44,5.0,0.68,15.0,0.69,5.0,0.32,15.0,0.31,5.0,0.49,10.0,0.56,5.0,0.17,0.17,44.223287,1776218154000
1776218156.312,56.312,0.51,10.0,0.44,5.0,0.68,15.0,0.69,5.0,0.32,15.0,0.31,5.0,0.49,10.0,0.56,5.0,0.17,0.17,44.224669,1776218155000
1776218157.089,57.089,0.51,10.0,0.44,5.0,0.68,15.0,0.69,5.0,0.32,15.0,0.31,5.0,0.49,10.0,0.56,5.0,0.17,0.17,44.226495,1776218156000
1776218158.643,58.643,0.51,10.0,0.44,5.0,0.68,15.0,0.69,5.0,0.32,15.0,0.31,5.0,0.49,10.0,0.56,5.0,0.17,0.17,44.227456,1776218157000
1776218159.498,59.498,0.51,10.0,0.44,5.0,0.68,15.0,0.69,5.0,0.32,15.0,0.31,5.0,0.49,10.0,0.56,5.0,0.17,0.17,44.229913,1776218158000
1776218160.404,60.404,0.51,10.0,0.44,5.0,0.68,15.0,0.69,5.0,0.32,15.0,0.31,5.0,0.49,10.0,0.56,5.0,0.17,0.17,44.233545,1776218159000
1776218161.236,61.236,0.51,10.0,0.44,5.0,0.68,15.0,0.69,5.0,0.32,15.0,0.31,5.0,0.49,10.0,0.56,5.0,0.17,0.17,44.239449,1776218160000
1776218162.195,62.195,0.51,10.0,0.44,5.0,0.68,15.0,0.69,5.0,0.32,15.0,0.31,5.0,0.49,10.0,0.56,5.0,0.17,0.17,44.250256,1776218161000
1776218163.163,63.163,0.51,10.0,0.44,5.0,0.68,15.0,0.69,5.0,0.32,15.0,0.31,5.0,0.49,10.0,0.56,5.0,0.17,0.17,44.25509,1776218162000
1776218164.213,64.213,0.51,10.0,0.44,5.0,0.68,15.0,0.69,5.0,0.32,15.0,0.31,5.0,0.49,10.0,0.56,5.0,0.17,0.17,44.26029,1776218163000
1776218165.198,65.198,0.51,10.0,0.44,5.0,0.68,15.0,0.69,5.0,0.32,15.0,0.31,5.0,0.49,10.0,0.56,5.0,0.17,0.17,44.2669,1776218164000
1776218166.307,66.307,0.51,10.0,0.44,5.0,0.68,15.0,0.69,5.0,0.32,15.0,0.31,5.0,0.49,10.0,0.56,5.0,0.17,0.17,44.267415,1776218165000
1776218167.295,67.295,0.51,10.0,0.44,5.0,0.68,15.0,0.69,5.0,0.32,15.0,0.31,5.0,0.49,10.0,0.56,5.0,0.17,0.17,44.267356,1776218166000
1776218168.302,68.302,0.51,10.0,0.44,5.0,0.68,15.0,0.69,5.0,0.32,15.0,0.31,5.0,0.49,10.0,0.56,5.0,0.17,0.17,44.267343,1776218167000
1776218169.313,69.313,0.51,10.0,0.44,5.0,0.68,15.0,0.69,5.0,0.32,15.0,0.31,5.0,0.49,10.0,0.56,5.0,0.17,0.17,44.269997,1776218168000
1776218170.218,70.218,0.51,10.0,0.44,5.0,0.68,15.0,0.69,5.0,0.32,15.0,0.31,5.0,0.49,10.0,0.56,5.0,0.17,0.17,44.271253,1776218169000
1776218171.217,71.217,0.51,10.0,0.44,5.0,0.68,15.0,0.69,5.0,0.32,15.0,0.31,5.0,0.49,10.0,0.56,5.0,0.17,0.17,44.276964,1776218170000
1776218172.203,72.203,0.51,10.0,0.44,5.0,0.68,15.0,0.69,5.0,0.32,15.0,0.31,5.0,0.49,10.0,0.56,5.0,0.17,0.17,44.278707,1776218171000
1776218173.201,73.201,0.51,10.0,0.44,5.0,0.68,15.0,0.69,5.0,0.32,15.0,0.31,5.0,0.49,10.0,0.56,5.0,0.17,0.17,44.278711,1776218172000
1776218174.234,74.234,0.51,10.0,0.44,5.0,0.68,15.0,0.69,5.0,0.32,15.0,0.31,5.0,0.49,10.0,0.56,5.0,0.17,0.17,44.279444,1776218173000
1776218175.269,75.269,0.51,10.0,0.44,5.0,0.68,15.0,0.69,5.0,0.32,15.0,0.31,5.0,0.49,10.0,0.56,5.0,0.17,0.17,44.27973,1776218174000
1776218176.287,76.287,0.51,10.0,0.44,5.0,0.68,15.0,0.69,5.0,0.32,15.0,0.31,5.0,0.49,10.0,0.56,5.0,0.17,0.17,44.27973,1776218175000
1776218176.933,76.933,0.51,10.0,0.44,5.0,0.68,15.0,0.69,5.0,0.32,15.0,0.31,5.0,0.49,10.0,0.56,5.0,0.17,0.17,44.27973,1776218176000
1776218178.198,78.198,0.51,10.0,0.44,5.0,0.68,15.0,0.69,5.0,0.32,15.0,0.31,5.0,0.49,10.0,0.56,5.0,0.17,0.17,44.279623,1776218177000
1776218179.275,79.275,0.51,10.0,0.44,5.0,0.68,15.0,0.69,5.0,0.32,15.0,0.31,5.0,0.49,10.0,0.56,5.0,0.17,0.17,44.279825,1776218178000
1776218180.009,80.009,0.51,10.0,0.44,5.0,0.68,15.0,0.69,5.0,0.32,15.0,0.31,5.0,0.49,10.0,0.56,5.0,0.17,0.17,44.278125,1776218179000
1776218181.068,81.068,0.51,10.0,0.44,5.0,0.68,15.0,0.69,5.0,0.32,15.0,0.31,5.0,0.49,10.0,0.56,5.0,0.17,0.17,44.277723,1776218180000
1776218182.215,82.215,0.51,10.0,0.44,5.0,0.68,15.0,0.69,5.0,0.32,15.0,0.31,5.0,0.49,10.0,0.56,5.0,0.17,0.17,44.277563,1776218181000
1776218183.338,83.338,0.51,10.0,0.44,5.0,0.68,15.0,0.69,5.0,0.32,15.0,0.31,5.0,0.49,10.0,0.56,5.0,0.17,0.17,44.274991,1776218182000
1776218183.834,83.834,0.51,10.0,0.44,5.0,0.68,15.0,0.69,5.0,0.32,15.0,0.31,5.0,0.49,10.0,0.56,5.0,0.17,0.17,44.274991,1776218183000
1776218184.932,84.932,0.51,10.0,0.44,5.0,0.68,15.0,0.69,5.0,0.32,15.0,0.31,5.0,0.49,10.0,0.56,5.0,0.17,0.17,44.26999,1776218184000
1776218185.975,85.975,0.51,10.0,0.44,5.0,0.68,15.0,0.69,5.0,0.32,15.0,0.31,5.0,0.49,10.0,0.56,5.0,0.17,0.17,44.266001,1776218185000
1776218187.122,87.122,0.51,10.0,0.44,5.0,0.68,15.0,0.69,5.0,0.32,15.0,0.31,5.0,0.49,10.0,0.56,5.0,0.17,0.17,44.26487,1776218186000
1776218188.252,88.252,0.51,10.0,0.44,5.0,0.68,15.0,0.69,5.0,0.32,15.0,0.31,5.0,0.49,10.0,0.56,5.0,0.17,0.17,44.262044,1776218187000
1776218189.912,89.912,0.51,10.0,0.44,5.0,0.68,15.0,0.69,5.0,0.32,15.0,0.31,5.0,0.49,10.0,0.56,5.0,0.17,0.17,44.261744,1776218188000
1776218190.624,90.624,0.51,10.0,0.44,5.0,0.68,15.0,0.69,5.0,0.32,15.0,0.31,5.0,0.49,10.0,0.56,5.0,0.17,0.17,44.261926,1776218189000
1776218191.327,91.327,0.51,10.0,0.44,5.0,0.68,15.0,0.69,5.0,0.32,15.0,0.31,5.0,0.49,10.0,0.56,5.0,0.17,0.17,44.261889,1776218190000
1776218191.558,91.558,0.78,15.0,0.77,25.0,0.85,5.0,0.86,5.0,0.32,15.0,0.31,5.0,0.49,10.0,0.56,5.0,0.07,0.17,44.261889,1776218190000
1776218192.142,92.142,0.78,15.0,0.77,25.0,0.85,5.0,0.86,5.0,0.15,5.0,0.14,5.0,0.22,15.0,0.23,25.0,0.07,0.07,44.262488,1776218191000
1776218193.345,93.345,0.78,15.0,0.77,25.0,0.85,5.0,0.86,5.0,0.15,5.0,0.14,5.0,0.22,15.0,0.23,25.0,0.07,0.07,44.270411,1776218192000
1776218193.856,93.856,0.78,15.0,0.77,25.0,0.85,5.0,0.86,5.0,0.15,5.0,0.14,5.0,0.22,15.0,0.23,25.0,0.07,0.07,44.270411,1776218193000
1776218195.001,95.001,0.78,15.0,0.77,25.0,0.85,5.0,0.86,5.0,0.15,5.0,0.14,5.0,0.22,15.0,0.23,25.0,0.07,0.07,44.266399,1776218194000
1776218196.456,96.456,0.78,15.0,0.77,25.0,0.85,5.0,0.86,5.0,0.15,5.0,0.14,5.0,0.22,15.0,0.23,25.0,0.07,0.07,44.262379,1776218195000
1776218197.129,97.129,0.78,15.0,0.77,25.0,0.85,5.0,0.86,5.0,0.15,5.0,0.14,5.0,0.22,15.0,0.23,25.0,0.07,0.07,44.262079,1776218196000
1776218198.61,98.61,0.78,15.0,0.77,25.0,0.85,5.0,0.86,5.0,0.15,5.0,0.14,5.0,0.22,15.0,0.23,25.0,0.07,0.07,44.261229,1776218197000
1776218199.361,99.361,0.78,15.0,0.77,25.0,0.85,5.0,0.86,5.0,0.15,5.0,0.14,5.0,0.22,15.0,0.23,25.0,0.07,0.07,44.248881,1776218198000
1776218200.197,100.197,0.78,15.0,0.77,25.0,0.85,5.0,0.86,5.0,0.15,5.0,0.14,5.0,0.22,15.0,0.23,25.0,0.07,0.07,44.242291,1776218199000
1776218201.447,101.447,0.78,15.0,0.77,25.0,0.85,5.0,0.86,5.0,0.15,5.0,0.14,5.0,0.22,15.0,0.23,25.0,0.07,0.07,44.23627,1776218200000
1776218201.726,101.726,0.65,10.0,0.54,10.0,0.67,5.0,0.68,5.0,0.15,5.0,0.14,5.0,0.22,15.0,0.23,25.0,0.02,0.07,44.23627,1776218200000
1776218201.963,101.963,0.65,10.0,0.54,10.0,0.67,5.0,0.68,5.0,0.33,5.0,0.32,5.0,0.35,10.0,0.46,10.0,0.02,0.02,44.234263,1776218201000
1776218203.121,103.121,0.65,10.0,0.54,10.0,0.67,5.0,0.68,5.0,0.33,5.0,0.32,5.0,0.35,10.0,0.46,10.0,0.02,0.02,44.230556,1776218202000
1776218204.205,104.205,0.65,10.0,0.54,10.0,0.67,5.0,0.68,5.0,0.33,5.0,0.32,5.0,0.35,10.0,0.46,10.0,0.02,0.02,44.228857,1776218203000
1776218204.519,104.519,0.56,10.0,0.52,15.0,0.68,5.0,0.69,5.0,0.33,5.0,0.32,5.0,0.35,10.0,0.46,10.0,0.12,0.02,44.228857,1776218203000
1776218205.578,105.578,0.56,10.0,0.52,15.0,0.68,5.0,0.69,5.0,0.32,5.0,0.31,5.0,0.44,10.0,0.48,15.0,0.12,0.12,44.232394,1776218204000
1776218206.718,106.718,0.56,10.0,0.52,15.0,0.68,5.0,0.69,5.0,0.32,5.0,0.31,5.0,0.44,10.0,0.48,15.0,0.12,0.12,44.232227,1776218205000
1776218207.431,107.431,0.56,10.0,0.52,15.0,0.68,5.0,0.69,5.0,0.32,5.0,0.31,5.0,0.44,10.0,0.48,15.0,0.12,0.12,44.231524,1776218206000
1776218207.966,107.966,0.56,10.0,0.52,15.0,0.68,5.0,0.69,5.0,0.32,5.0,0.31,5.0,0.44,10.0,0.48,15.0,0.12,0.12,44.231362,1776218207000
1776218209.077,109.077,0.56,10.0,0.52,15.0,0.68,5.0,0.69,5.0,0.32,5.0,0.31,5.0,0.44,10.0,0.48,15.0,0.12,0.12,44.23088,1776218208000
1776218210.177,110.177,0.56,10.0,0.52,15.0,0.68,5.0,0.69,5.0,0.32,5.0,0.31,5.0,0.44,10.0,0.48,15.0,0.12,0.12,44.230239,1776218209000
1776218211.239,111.239,0.56,10.0,0.52,15.0,0.68,5.0,0.69,5.0,0.32,5.0,0.31,5.0,0.44,10.0,0.48,15.0,0.12,0.12,44.230237,1776218210000
1776218212.376,112.376,0.56,10.0,0.52,15.0,0.68,5.0,0.69,5.0,0.32,5.0,0.31,5.0,0.44,10.0,0.48,15.0,0.12,0.12,44.230224,1776218211000
1776218212.975,112.975,0.56,10.0,0.52,15.0,0.68,5.0,0.69,5.0,0.32,5.0,0.31,5.0,0.44,10.0,0.48,15.0,0.12,0.12,44.230336,1776218212000
1776218214.11,114.11,0.56,10.0,0.52,15.0,0.68,5.0,0.69,5.0,0.32,5.0,0.31,5.0,0.44,10.0,0.48,15.0,0.12,0.12,44.23067,1776218213000
1776218215.222,115.222,0.56,10.0,0.52,15.0,0.68,5.0,0.69,5.0,0.32,5.0,0.31,5.0,0.44,10.0,0.48,15.0,0.12,0.12,44.230867,1776218214000
1776218216.149,116.149,0.56,10.0,0.52,15.0,0.68,5.0,0.69,5.0,0.32,5.0,0.31,5.0,0.44,10.0,0.48,15.0,0.12,0.12,44.230972,1776218215000
1776218217.102,117.102,0.56,10.0,0.52,15.0,0.68,5.0,0.69,5.0,0.32,5.0,0.31,5.0,0.44,10.0,0.48,15.0,0.12,0.12,44.230973,1776218216000
1776218217.385,117.385,0.39,5.13,0.38,15.0,0.56,10.0,0.67,15.0,0.32,5.0,0.31,5.0,0.44,10.0,0.48,15.0,0.17,0.12,44.230973,1776218216000
1776218218.149,118.149,0.39,5.13,0.38,15.0,0.56,10.0,0.67,15.0,0.44,10.0,0.33,15.0,0.61,5.13,0.62,15.0,0.17,0.17,44.230571,1776218217000
1776218219.204,119.204,0.39,5.13,0.38,15.0,0.56,10.0,0.67,15.0,0.44,10.0,0.33,15.0,0.61,5.13,0.62,15.0,0.17,0.17,44.213615,1776218218000
1776218219.824,119.824,0.39,5.13,0.38,15.0,0.56,10.0,0.67,15.0,0.44,10.0,0.33,15.0,0.61,5.13,0.62,15.0,0.17,0.17,44.205786,1776218219000
1776218221.578,121.578,0.39,5.13,0.38,15.0,0.56,10.0,0.67,15.0,0.44,10.0,0.33,15.0,0.61,5.13,0.62,15.0,0.17,0.17,44.203366,1776218220000
1776218222.098,122.098,0.39,5.13,0.38,15.0,0.56,10.0,0.67,15.0,0.44,10.0,0.33,15.0,0.61,5.13,0.62,15.0,0.17,0.17,44.202571,1776218221000
1776218222.524,122.524,0.3,14.55,0.29,15.0,0.56,15.0,0.57,15.0,0.44,10.0,0.33,15.0,0.61,5.13,0.62,15.0,0.26,0.17,44.202571,1776218221000
1776218223.2,123.2,0.3,14.55,0.29,15.0,0.56,15.0,0.57,15.0,0.44,15.0,0.43,15.0,0.7,14.55,0.71,15.0,0.26,0.26,44.193467,1776218222000
1776218224.249,124.249,0.3,14.55,0.29,15.0,0.56,15.0,0.57,15.0,0.44,15.0,0.43,15.0,0.7,14.55,0.71,15.0,0.26,0.26,44.194125,1776218223000
1776218225.308,125.308,0.3,14.55,0.29,15.0,0.56,15.0,0.57,15.0,0.44,15.0,0.43,15.0,0.7,14.55,0.71,15.0,0.26,0.26,44.204222,1776218224000
1776218226.348,126.348,0.3,14.55,0.29,15.0,0.56,15.0,0.57,15.0,0.44,15.0,0.43,15.0,0.7,14.55,0.71,15.0,0.26,0.26,44.204243,1776218225000
1776218227.006,127.006,0.3,14.55,0.29,15.0,0.56,15.0,0.57,15.0,0.44,15.0,0.43,15.0,0.7,14.55,0.71,15.0,0.26,0.26,44.204639,1776218226000
1776218228.013,128.013,0.3,14.55,0.29,15.0,0.56,15.0,0.57,15.0,0.44,15.0,0.43,15.0,0.7,14.55,0.71,15.0,0.26,0.26,44.204795,1776218227000
1776218229.116,129.116,0.3,14.55,0.29,15.0,0.56,15.0,0.57,15.0,0.44,15.0,0.43,15.0,0.7,14.55,0.71,15.0,0.26,0.26,44.204505,1776218228000
1776218230.162,130.162,0.3,14.55,0.29,15.0,0.56,15.0,0.57,15.0,0.44,15.0,0.43,15.0,0.7,14.55,0.71,15.0,0.26,0.26,44.204664,1776218229000
1776218231.352,131.352,0.3,14.55,0.29,15.0,0.56,15.0,0.57,15.0,0.44,15.0,0.43,15.0,0.7,14.55,0.71,15.0,0.26,0.26,44.204664,1776218230000
1776218232.338,132.338,0.3,14.55,0.29,15.0,0.56,15.0,0.57,15.0,0.44,15.0,0.43,15.0,0.7,14.55,0.71,15.0,0.26,0.26,44.199958,1776218231000
1776218232.938,132.938,0.3,14.55,0.29,15.0,0.56,15.0,0.57,15.0,0.44,15.0,0.43,15.0,0.7,14.55,0.71,15.0,0.26,0.26,44.199299,1776218232000
1776218233.934,133.934,0.3,14.55,0.29,15.0,0.56,15.0,0.57,15.0,0.44,15.0,0.43,15.0,0.7,14.55,0.71,15.0,0.26,0.26,44.196006,1776218233000
1776218235.407,135.407,0.3,14.55,0.29,15.0,0.56,15.0,0.57,15.0,0.44,15.0,0.43,15.0,0.7,14.55,0.71,15.0,0.26,0.26,44.19465,1776218234000
1776218235.977,135.977,0.3,14.55,0.29,15.0,0.56,15.0,0.57,15.0,0.44,15.0,0.43,15.0,0.7,14.55,0.71,15.0,0.26,0.26,44.19465,1776218235000
1776218237.051,137.051,0.3,14.55,0.29,15.0,0.56,15.0,0.57,15.0,0.44,15.0,0.43,15.0,0.7,14.55,0.71,15.0,0.26,0.26,44.194277,1776218236000
1776218238.13,138.13,0.3,14.55,0.29,15.0,0.56,15.0,0.57,15.0,0.44,15.0,0.43,15.0,0.7,14.55,0.71,15.0,0.26,0.26,44.194071,1776218237000
1776218239.22,139.22,0.3,14.55,0.29,15.0,0.56,15.0,0.57,15.0,0.44,15.0,0.43,15.0,0.7,14.55,0.71,15.0,0.26,0.26,44.193972,1776218238000
1776218240.176,140.176,0.3,14.55,0.29,15.0,0.56,15.0,0.57,15.0,0.44,15.0,0.43,15.0,0.7,14.55,0.71,15.0,0.26,0.26,44.193971,1776218239000
1776218241.19,141.19,0.3,14.55,0.29,15.0,0.56,15.0,0.57,15.0,0.44,15.0,0.43,15.0,0.7,14.55,0.71,15.0,0.26,0.26,44.193903,1776218240000
1776218242.285,142.285,0.3,14.55,0.29,15.0,0.56,15.0,0.57,15.0,0.44,15.0,0.43,15.0,0.7,14.55,0.71,15.0,0.26,0.26,44.193716,1776218241000
1776218243.35,143.35,0.3,14.55,0.29,15.0,0.56,15.0,0.57,15.0,0.44,15.0,0.43,15.0,0.7,14.55,0.71,15.0,0.26,0.26,44.193499,1776218242000
1776218244.226,144.226,0.3,14.55,0.29,15.0,0.56,15.0,0.57,15.0,0.44,15.0,0.43,15.0,0.7,14.55,0.71,15.0,0.26,0.26,44.189807,1776218243000
1776218245.212,145.212,0.3,14.55,0.29,15.0,0.56,15.0,0.57,15.0,0.44,15.0,0.43,15.0,0.7,14.55,0.71,15.0,0.26,0.26,44.190465,1776218244000
1776218246.23,146.23,0.3,14.55,0.29,15.0,0.56,15.0,0.57,15.0,0.44,15.0,0.43,15.0,0.7,14.55,0.71,15.0,0.26,0.26,44.190352,1776218245000
1776218247.213,147.213,0.3,14.55,0.29,15.0,0.56,15.0,0.57,15.0,0.44,15.0,0.43,15.0,0.7,14.55,0.71,15.0,0.26,0.26,44.190335,1776218246000
1776218248.171,148.171,0.3,14.55,0.29,15.0,0.56,15.0,0.57,15.0,0.44,15.0,0.43,15.0,0.7,14.55,0.71,15.0,0.26,0.26,44.190183,1776218247000
1776218249.252,149.252,0.3,14.55,0.29,15.0,0.56,15.0,0.57,15.0,0.44,15.0,0.43,15.0,0.7,14.55,0.71,15.0,0.26,0.26,44.190183,1776218248000
1776218250.31,150.31,0.3,14.55,0.29,15.0,0.56,15.0,0.57,15.0,0.44,15.0,0.43,15.0,0.7,14.55,0.71,15.0,0.26,0.26,44.190293,1776218249000
1776218251.921,151.921,0.3,14.55,0.29,15.0,0.56,15.0,0.57,15.0,0.44,15.0,0.43,15.0,0.7,14.55,0.71,15.0,0.26,0.26,44.189929,1776218251000
1776218253.06,153.06,0.3,14.55,0.29,15.0,0.56,15.0,0.57,15.0,0.44,15.0,0.43,15.0,0.7,14.55,0.71,15.0,0.26,0.26,44.188488,1776218252000
1776218253.381,153.381,0.27,15.0,0.26,15.0,0.39,14.87,0.4,15.0,0.44,15.0,0.43,15.0,0.7,14.55,0.71,15.0,0.12,0.26,44.188488,1776218252000
1776218254.144,154.144,0.27,15.0,0.26,15.0,0.39,14.87,0.4,15.0,0.61,14.87,0.6,15.0,0.73,15.0,0.74,15.0,0.12,0.12,44.188009,1776218253000
1776218254.449,154.449,0.28,15.0,0.27,15.0,0.44,12.5,0.45,15.0,0.61,14.87,0.6,15.0,0.73,15.0,0.74,15.0,0.16,0.12,44.188009,1776218253000
1776218255.223,155.223,0.28,15.0,0.27,15.0,0.44,12.5,0.45,15.0,0.56,12.5,0.55,15.0,0.72,15.0,0.73,15.0,0.16,0.16,44.187579,1776218254000
1776218256.317,156.317,0.28,15.0,0.27,15.0,0.44,12.5,0.45,15.0,0.56,12.5,0.55,15.0,0.72,15.0,0.73,15.0,0.16,0.16,44.187847,1776218255000
1776218257.292,157.292,0.28,15.0,0.27,15.0,0.44,12.5,0.45,15.0,0.56,12.5,0.55,15.0,0.72,15.0,0.73,15.0,0.16,0.16,44.192014,1776218256000
1776218258.349,158.349,0.28,15.0,0.27,15.0,0.44,12.5,0.45,15.0,0.56,12.5,0.55,15.0,0.72,15.0,0.73,15.0,0.16,0.16,44.195819,1776218257000
1776218258.902,158.902,0.28,15.0,0.27,15.0,0.44,12.5,0.45,15.0,0.56,12.5,0.55,15.0,0.72,15.0,0.73,15.0,0.16,0.16,44.197336,1776218258000
1776218259.958,159.958,0.28,15.0,0.27,15.0,0.44,12.5,0.45,15.0,0.56,12.5,0.55,15.0,0.72,15.0,0.73,15.0,0.16,0.16,44.198814,1776218259000
1776218261.119,161.119,0.28,15.0,0.27,15.0,0.44,12.5,0.45,15.0,0.56,12.5,0.55,15.0,0.72,15.0,0.73,15.0,0.16,0.16,44.198735,1776218260000
1776218262.258,162.258,0.28,15.0,0.27,15.0,0.44,12.5,0.45,15.0,0.56,12.5,0.55,15.0,0.72,15.0,0.73,15.0,0.16,0.16,44.198119,1776218261000
1776218263.725,163.725,0.28,15.0,0.27,15.0,0.44,12.5,0.45,15.0,0.56,12.5,0.55,15.0,0.72,15.0,0.73,15.0,0.16,0.16,44.199549,1776218262000
1776218264.258,164.258,0.28,15.0,0.27,15.0,0.44,12.5,0.45,15.0,0.56,12.5,0.55,15.0,0.72,15.0,0.73,15.0,0.16,0.16,44.199549,1776218263000
1776218265.432,165.432,0.28,15.0,0.27,15.0,0.44,12.5,0.45,15.0,0.56,12.5,0.55,15.0,0.72,15.0,0.73,15.0,0.16,0.16,44.2,1776218264000
1776218266.292,166.292,0.28,15.0,0.27,15.0,0.44,12.5,0.45,15.0,0.56,12.5,0.55,15.0,0.72,15.0,0.73,15.0,0.16,0.16,44.2,1776218265000
1776218267.574,167.574,0.28,15.0,0.27,15.0,0.44,12.5,0.45,15.0,0.56,12.5,0.55,15.0,0.72,15.0,0.73,15.0,0.16,0.16,44.2,1776218266000
1776218268.133,168.133,0.28,15.0,0.27,15.0,0.44,12.5,0.45,15.0,0.56,12.5,0.55,15.0,0.72,15.0,0.73,15.0,0.16,0.16,44.200396,1776218267000
1776218269.532,169.532,0.28,15.0,0.27,15.0,0.44,12.5,0.45,15.0,0.56,12.5,0.55,15.0,0.72,15.0,0.73,15.0,0.16,0.16,44.200336,1776218268000
1776218270.346,170.346,0.28,15.0,0.27,15.0,0.44,12.5,0.45,15.0,0.56,12.5,0.55,15.0,0.72,15.0,0.73,15.0,0.16,0.16,44.200336,1776218269000
1776218271.187,171.187,0.28,15.0,0.27,15.0,0.44,12.5,0.45,15.0,0.56,12.5,0.55,15.0,0.72,15.0,0.73,15.0,0.16,0.16,44.200573,1776218270000
1776218272.451,172.451,0.28,15.0,0.27,15.0,0.44,12.5,0.45,15.0,0.56,12.5,0.55,15.0,0.72,15.0,0.73,15.0,0.16,0.16,44.19944,1776218271000
1776218272.983,172.983,0.28,15.0,0.27,15.0,0.44,12.5,0.45,15.0,0.56,12.5,0.55,15.0,0.72,15.0,0.73,15.0,0.16,0.16,44.199406,1776218272000
1776218274.108,174.108,0.28,15.0,0.27,15.0,0.44,12.5,0.45,15.0,0.56,12.5,0.55,15.0,0.72,15.0,0.73,15.0,0.16,0.16,44.199406,1776218273000
1776218275.08,175.08,0.28,15.0,0.27,15.0,0.44,12.5,0.45,15.0,0.56,12.5,0.55,15.0,0.72,15.0,0.73,15.0,0.16,0.16,44.200767,1776218274000
1776218276.445,176.445,0.28,15.0,0.27,15.0,0.44,12.5,0.45,15.0,0.56,12.5,0.55,15.0,0.72,15.0,0.73,15.0,0.16,0.16,44.20991,1776218275000
1776218277.01,177.01,0.28,15.0,0.27,15.0,0.44,12.5,0.45,15.0,0.56,12.5,0.55,15.0,0.72,15.0,0.73,15.0,0.16,0.16,44.20991,1776218276000
1776218278.249,178.249,0.28,15.0,0.27,15.0,0.44,12.5,0.45,15.0,0.56,12.5,0.55,15.0,0.72,15.0,0.73,15.0,0.16,0.16,44.209632,1776218277000
1776218279.959,179.959,0.28,15.0,0.27,15.0,0.44,12.5,0.45,15.0,0.56,12.5,0.55,15.0,0.72,15.0,0.73,15.0,0.16,0.16,44.209774,1776218278000
1776218280.608,180.608,0.28,15.0,0.27,15.0,0.44,12.5,0.45,15.0,0.56,12.5,0.55,15.0,0.72,15.0,0.73,15.0,0.16,0.16,44.209918,1776218279000
1776218281.655,181.655,0.28,15.0,0.27,15.0,0.44,12.5,0.45,15.0,0.56,12.5,0.55,15.0,0.72,15.0,0.73,15.0,0.16,0.16,44.215943,1776218280000
1776218282.391,182.391,0.28,15.0,0.27,15.0,0.44,12.5,0.45,15.0,0.56,12.5,0.55,15.0,0.72,15.0,0.73,15.0,0.16,0.16,44.215943,1776218281000
1776218283.223,183.223,0.28,15.0,0.27,15.0,0.44,12.5,0.45,15.0,0.56,12.5,0.55,15.0,0.72,15.0,0.73,15.0,0.16,0.16,44.215646,1776218282000
1776218284.544,184.544,0.28,15.0,0.27,15.0,0.44,12.5,0.45,15.0,0.56,12.5,0.55,15.0,0.72,15.0,0.73,15.0,0.16,0.16,44.215886,1776218283000
1776218285.28,185.28,0.28,15.0,0.27,15.0,0.44,12.5,0.45,15.0,0.56,12.5,0.55,15.0,0.72,15.0,0.73,15.0,0.16,0.16,44.215886,1776218284000
1776218286.734,186.734,0.28,15.0,0.27,15.0,0.44,12.5,0.45,15.0,0.56,12.5,0.55,15.0,0.72,15.0,0.73,15.0,0.16,0.16,44.215854,1776218285000
1776218287.388,187.388,0.28,15.0,0.27,15.0,0.44,12.5,0.45,15.0,0.56,12.5,0.55,15.0,0.72,15.0,0.73,15.0,0.16,0.16,44.218693,1776218286000
1776218288.235,188.235,0.28,15.0,0.27,15.0,0.44,12.5,0.45,15.0,0.56,12.5,0.55,15.0,0.72,15.0,0.73,15.0,0.16,0.16,44.219103,1776218287000
1776218289.585,189.585,0.28,15.0,0.27,15.0,0.44,12.5,0.45,15.0,0.56,12.5,0.55,15.0,0.72,15.0,0.73,15.0,0.16,0.16,44.219991,1776218288000
1776218290.343,190.343,0.28,15.0,0.27,15.0,0.44,12.5,0.45,15.0,0.56,12.5,0.55,15.0,0.72,15.0,0.73,15.0,0.16,0.16,44.220914,1776218289000
1776218291.691,191.691,0.28,15.0,0.27,15.0,0.44,12.5,0.45,15.0,0.56,12.5,0.55,15.0,0.72,15.0,0.73,15.0,0.16,0.16,44.223146,1776218290000
1776218292.409,192.409,0.28,15.0,0.27,15.0,0.44,12.5,0.45,15.0,0.56,12.5,0.55,15.0,0.72,15.0,0.73,15.0,0.16,0.16,44.223446,1776218291000
1776218293.139,193.139,0.28,15.0,0.27,15.0,0.44,12.5,0.45,15.0,0.56,12.5,0.55,15.0,0.72,15.0,0.73,15.0,0.16,0.16,44.223446,1776218292000
1776218294.431,194.431,0.28,15.0,0.27,15.0,0.44,12.5,0.45,15.0,0.56,12.5,0.55,15.0,0.72,15.0,0.73,15.0,0.16,0.16,44.22363,1776218293000
1776218295.194,195.194,0.28,15.0,0.27,15.0,0.44,12.5,0.45,15.0,0.56,12.5,0.55,15.0,0.72,15.0,0.73,15.0,0.16,0.16,44.22363,1776218294000
1776218297.104,197.104,0.28,15.0,0.27,15.0,0.44,12.5,0.45,15.0,0.56,12.5,0.55,15.0,0.72,15.0,0.73,15.0,0.16,0.16,44.223405,1776218295000
1776218297.635,197.635,0.28,15.0,0.27,15.0,0.44,12.5,0.45,15.0,0.56,12.5,0.55,15.0,0.72,15.0,0.73,15.0,0.16,0.16,44.223405,1776218296000
1776218298.202,198.202,0.28,15.0,0.27,15.0,0.44,12.5,0.45,15.0,0.56,12.5,0.55,15.0,0.72,15.0,0.73,15.0,0.16,0.16,44.22313,1776218297000
1776218299.313,199.313,0.28,15.0,0.27,15.0,0.44,12.5,0.45,15.0,0.56,12.5,0.55,15.0,0.72,15.0,0.73,15.0,0.16,0.16,44.223322,1776218298000
1776218299.852,199.852,0.56,15.0,0.55,15.0,0.69,22.39,0.7,15.0,0.56,12.5,0.55,15.0,0.72,15.0,0.73,15.0,0.13,0.16,44.223322,1776218298000
1776218301.032,201.032,0.56,15.0,0.55,15.0,0.69,22.39,0.7,15.0,0.31,22.39,0.3,15.0,0.44,15.0,0.45,15.0,0.13,0.13,44.223321,1776218300000
1776218302.162,202.162,0.56,15.0,0.55,15.0,0.69,22.39,0.7,15.0,0.31,22.39,0.3,15.0,0.44,15.0,0.45,15.0,0.13,0.13,44.223321,1776218301000
1776218303.291,203.291,0.56,15.0,0.55,15.0,0.69,22.39,0.7,15.0,0.31,22.39,0.3,15.0,0.44,15.0,0.45,15.0,0.13,0.13,44.223418,1776218302000
1776218303.857,203.857,0.56,15.0,0.55,15.0,0.69,22.39,0.7,15.0,0.31,22.39,0.3,15.0,0.44,15.0,0.45,15.0,0.13,0.13,44.223418,1776218303000
1776218304.93,204.93,0.56,15.0,0.55,15.0,0.69,22.39,0.7,15.0,0.31,22.39,0.3,15.0,0.44,15.0,0.45,15.0,0.13,0.13,44.224466,1776218304000
1776218306.107,206.107,0.56,15.0,0.55,15.0,0.69,22.39,0.7,15.0,0.31,22.39,0.3,15.0,0.44,15.0,0.45,15.0,0.13,0.13,44.224466,1776218305000
1776218307.243,207.243,0.56,15.0,0.55,15.0,0.69,22.39,0.7,15.0,0.31,22.39,0.3,15.0,0.44,15.0,0.45,15.0,0.13,0.13,44.223914,1776218306000
1776218308.338,208.338,0.56,15.0,0.55,15.0,0.69,22.39,0.7,15.0,0.31,22.39,0.3,15.0,0.44,15.0,0.45,15.0,0.13,0.13,44.223716,1776218307000
1776218308.933,208.933,0.56,15.0,0.55,15.0,0.69,22.39,0.7,15.0,0.31,22.39,0.3,15.0,0.44,15.0,0.45,15.0,0.13,0.13,44.223716,1776218308000
1776218310.041,210.041,0.56,15.0,0.55,15.0,0.69,22.39,0.7,15.0,0.31,22.39,0.3,15.0,0.44,15.0,0.45,15.0,0.13,0.13,44.223797,1776218309000
1776218311.724,211.724,0.56,15.0,0.55,15.0,0.69,22.39,0.7,15.0,0.31,22.39,0.3,15.0,0.44,15.0,0.45,15.0,0.13,0.13,44.223731,1776218310000
1776218312.259,212.259,0.56,15.0,0.55,15.0,0.69,22.39,0.7,15.0,0.31,22.39,0.3,15.0,0.44,15.0,0.45,15.0,0.13,0.13,44.223731,1776218311000
1776218313.088,213.088,0.56,15.0,0.55,15.0,0.69,22.39,0.7,15.0,0.31,22.39,0.3,15.0,0.44,15.0,0.45,15.0,0.13,0.13,44.223849,1776218312000
1776218314.097,214.097,0.56,15.0,0.55,15.0,0.69,22.39,0.7,15.0,0.31,22.39,0.3,15.0,0.44,15.0,0.45,15.0,0.13,0.13,44.223845,1776218313000
1776218315.068,215.068,0.56,15.0,0.55,15.0,0.69,22.39,0.7,15.0,0.31,22.39,0.3,15.0,0.44,15.0,0.45,15.0,0.13,0.13,44.224373,1776218314000
1776218316.061,216.061,0.56,15.0,0.55,15.0,0.69,22.39,0.7,15.0,0.31,22.39,0.3,15.0,0.44,15.0,0.45,15.0,0.13,0.13,44.224339,1776218315000
1776218317.088,217.088,0.56,15.0,0.55,15.0,0.69,22.39,0.7,15.0,0.31,22.39,0.3,15.0,0.44,15.0,0.45,15.0,0.13,0.13,44.224337,1776218316000
1776218318.119,218.119,0.56,15.0,0.55,15.0,0.69,22.39,0.7,15.0,0.31,22.39,0.3,15.0,0.44,15.0,0.45,15.0,0.13,0.13,44.224406,1776218317000
1776218319.107,219.107,0.56,15.0,0.55,15.0,0.69,22.39,0.7,15.0,0.31,22.39,0.3,15.0,0.44,15.0,0.45,15.0,0.13,0.13,44.224406,1776218318000
1776218320.134,220.134,0.56,15.0,0.55,15.0,0.69,22.39,0.7,15.0,0.31,22.39,0.3,15.0,0.44,15.0,0.45,15.0,0.13,0.13,44.224454,1776218319000
1776218321.05,221.05,0.56,15.0,0.55,15.0,0.69,22.39,0.7,15.0,0.31,22.39,0.3,15.0,0.44,15.0,0.45,15.0,0.13,0.13,44.224354,1776218320000
1776218322.095,222.095,0.56,15.0,0.55,15.0,0.69,22.39,0.7,15.0,0.31,22.39,0.3,15.0,0.44,15.0,0.45,15.0,0.13,0.13,44.224749,1776218321000
1776218323.026,223.026,0.56,15.0,0.55,15.0,0.69,22.39,0.7,15.0,0.31,22.39,0.3,15.0,0.44,15.0,0.45,15.0,0.13,0.13,44.224749,1776218322000
1776218324.452,224.452,0.56,15.0,0.55,15.0,0.69,22.39,0.7,15.0,0.31,22.39,0.3,15.0,0.44,15.0,0.45,15.0,0.13,0.13,44.225311,1776218323000
1776218325.086,225.086,0.56,15.0,0.55,15.0,0.69,22.39,0.7,15.0,0.31,22.39,0.3,15.0,0.44,15.0,0.45,15.0,0.13,0.13,44.224784,1776218324000
1776218326.065,226.065,0.56,15.0,0.55,15.0,0.69,22.39,0.7,15.0,0.31,22.39,0.3,15.0,0.44,15.0,0.45,15.0,0.13,0.13,44.224784,1776218325000
1776218327.293,227.293,0.56,15.0,0.55,15.0,0.69,22.39,0.7,15.0,0.31,22.39,0.3,15.0,0.44,15.0,0.45,15.0,0.13,0.13,44.224747,1776218326000
1776218328.331,228.331,0.56,15.0,0.55,15.0,0.69,22.39,0.7,15.0,0.31,22.39,0.3,15.0,0.44,15.0,0.45,15.0,0.13,0.13,44.224783,1776218327000
1776218329.31,229.31,0.56,15.0,0.55,15.0,0.69,22.39,0.7,15.0,0.31,22.39,0.3,15.0,0.44,15.0,0.45,15.0,0.13,0.13,44.232128,1776218328000
1776218330.341,230.341,0.56,15.0,0.55,15.0,0.69,22.39,0.7,15.0,0.31,22.39,0.3,15.0,0.44,15.0,0.45,15.0,0.13,0.13,44.233378,1776218329000
1776218331.327,231.327,0.56,15.0,0.55,15.0,0.69,22.39,0.7,15.0,0.31,22.39,0.3,15.0,0.44,15.0,0.45,15.0,0.13,0.13,44.238545,1776218330000
1776218332.097,232.097,0.56,15.0,0.55,15.0,0.69,22.39,0.7,15.0,0.31,22.39,0.3,15.0,0.44,15.0,0.45,15.0,0.13,0.13,44.239765,1776218331000
1776218333.028,233.028,0.56,15.0,0.55,15.0,0.69,22.39,0.7,15.0,0.31,22.39,0.3,15.0,0.44,15.0,0.45,15.0,0.13,0.13,44.243516,1776218332000
1776218334.062,234.062,0.56,15.0,0.55,15.0,0.69,22.39,0.7,15.0,0.31,22.39,0.3,15.0,0.44,15.0,0.45,15.0,0.13,0.13,44.245539,1776218333000
1776218335.076,235.076,0.56,15.0,0.55,15.0,0.69,22.39,0.7,15.0,0.31,22.39,0.3,15.0,0.44,15.0,0.45,15.0,0.13,0.13,44.246948,1776218334000
1776218335.992,235.992,0.56,15.0,0.55,15.0,0.69,22.39,0.7,15.0,0.31,22.39,0.3,15.0,0.44,15.0,0.45,15.0,0.13,0.13,44.246947,1776218335000
1776218336.968,236.968,0.56,15.0,0.55,15.0,0.69,22.39,0.7,15.0,0.31,22.39,0.3,15.0,0.44,15.0,0.45,15.0,0.13,0.13,44.248865,1776218336000
1776218337.964,237.964,0.56,15.0,0.55,15.0,0.69,22.39,0.7,15.0,0.31,22.39,0.3,15.0,0.44,15.0,0.45,15.0,0.13,0.13,44.248863,1776218337000
1776218339.006,239.006,0.56,15.0,0.55,15.0,0.69,22.39,0.7,15.0,0.31,22.39,0.3,15.0,0.44,15.0,0.45,15.0,0.13,0.13,44.249383,1776218338000
1776218340.081,240.081,0.56,15.0,0.55,15.0,0.69,22.39,0.7,15.0,0.31,22.39,0.3,15.0,0.44,15.0,0.45,15.0,0.13,0.13,44.249679,1776218339000
1776218341.122,241.122,0.56,15.0,0.55,15.0,0.69,22.39,0.7,15.0,0.31,22.39,0.3,15.0,0.44,15.0,0.45,15.0,0.13,0.13,44.24967,1776218340000
1776218342.149,242.149,0.56,15.0,0.55,15.0,0.69,22.39,0.7,15.0,0.31,22.39,0.3,15.0,0.44,15.0,0.45,15.0,0.13,0.13,44.253373,1776218341000
1776218343.083,243.083,0.56,15.0,0.55,15.0,0.69,22.39,0.7,15.0,0.31,22.39,0.3,15.0,0.44,15.0,0.45,15.0,0.13,0.13,44.253629,1776218342000
1776218344.152,244.152,0.56,15.0,0.55,15.0,0.69,22.39,0.7,15.0,0.31,22.39,0.3,15.0,0.44,15.0,0.45,15.0,0.13,0.13,44.254117,1776218343000
1776218345.167,245.167,0.56,15.0,0.55,15.0,0.69,22.39,0.7,15.0,0.31,22.39,0.3,15.0,0.44,15.0,0.45,15.0,0.13,0.13,44.253938,1776218344000
1776218346.16,246.16,0.56,15.0,0.55,15.0,0.69,22.39,0.7,15.0,0.31,22.39,0.3,15.0,0.44,15.0,0.45,15.0,0.13,0.13,44.246714,1776218345000
1776218347.088,247.088,0.56,15.0,0.55,15.0,0.69,22.39,0.7,15.0,0.31,22.39,0.3,15.0,0.44,15.0,0.45,15.0,0.13,0.13,44.23916,1776218346000
1776218348.17,248.17,0.56,15.0,0.55,15.0,0.69,22.39,0.7,15.0,0.31,22.39,0.3,15.0,0.44,15.0,0.45,15.0,0.13,0.13,44.237765,1776218347000
1776218349.186,249.186,0.56,15.0,0.55,15.0,0.69,22.39,0.7,15.0,0.31,22.39,0.3,15.0,0.44,15.0,0.45,15.0,0.13,0.13,44.233573,1776218348000
1776218350.205,250.205,0.56,15.0,0.55,15.0,0.69,22.39,0.7,15.0,0.31,22.39,0.3,15.0,0.44,15.0,0.45,15.0,0.13,0.13,44.232764,1776218349000
1776218351.475,251.475,0.52,15.0,0.51,25.0,0.83,86.0,0.84,15.0,0.17,86.0,0.16,15.0,0.48,15.0,0.49,25.0,0.31,0.31,44.23174,1776218350000
1776218352.673,252.673,0.52,15.0,0.51,25.0,0.83,86.0,0.84,15.0,0.17,86.0,0.16,15.0,0.48,15.0,0.49,25.0,0.31,0.31,44.23174,1776218351000
1776218353.448,253.448,0.52,15.0,0.51,25.0,0.83,86.0,0.84,15.0,0.17,86.0,0.16,15.0,0.48,15.0,0.49,25.0,0.31,0.31,44.224795,1776218352000
1776218354.105,254.105,0.52,15.0,0.51,25.0,0.83,86.0,0.84,15.0,0.17,86.0,0.16,15.0,0.48,15.0,0.49,25.0,0.31,0.31,44.224807,1776218353000
1776218355.625,255.625,0.52,15.0,0.51,25.0,0.83,86.0,0.84,15.0,0.17,86.0,0.16,15.0,0.48,15.0,0.49,25.0,0.31,0.31,44.22418,1776218354000
1776218356.287,256.287,0.52,15.0,0.51,25.0,0.83,86.0,0.84,15.0,0.17,86.0,0.16,15.0,0.48,15.0,0.49,25.0,0.31,0.31,44.224268,1776218355000
1776218357.705,257.705,0.52,15.0,0.51,25.0,0.83,86.0,0.84,15.0,0.17,86.0,0.16,15.0,0.48,15.0,0.49,25.0,0.31,0.31,44.224957,1776218356000
1776218358.535,258.535,0.52,15.0,0.51,25.0,0.83,86.0,0.84,15.0,0.17,86.0,0.16,15.0,0.48,15.0,0.49,25.0,0.31,0.31,44.224934,1776218357000
1776218359.125,259.125,0.52,15.0,0.51,25.0,0.83,86.0,0.84,15.0,0.17,86.0,0.16,15.0,0.48,15.0,0.49,25.0,0.31,0.31,44.225238,1776218358000
1776218360.686,260.686,0.52,15.0,0.51,25.0,0.83,86.0,0.84,15.0,0.17,86.0,0.16,15.0,0.48,15.0,0.49,25.0,0.31,0.31,44.2262,1776218359000
1776218361.578,261.578,0.52,15.0,0.51,25.0,0.83,86.0,0.84,15.0,0.17,86.0,0.16,15.0,0.48,15.0,0.49,25.0,0.31,0.31,44.2262,1776218360000
1776218362.172,262.172,0.52,15.0,0.51,25.0,0.83,86.0,0.84,15.0,0.17,86.0,0.16,15.0,0.48,15.0,0.49,25.0,0.31,0.31,44.226194,1776218361000
1776218363.992,263.992,0.52,15.0,0.51,25.0,0.83,86.0,0.84,15.0,0.17,86.0,0.16,15.0,0.48,15.0,0.49,25.0,0.31,0.31,44.226097,1776218362000
1776218364.661,264.661,0.52,15.0,0.51,25.0,0.83,86.0,0.84,15.0,0.17,86.0,0.16,15.0,0.48,15.0,0.49,25.0,0.31,0.31,44.227824,1776218363000
1776218365.412,265.412,0.52,15.0,0.51,25.0,0.83,86.0,0.84,15.0,0.17,86.0,0.16,15.0,0.48,15.0,0.49,25.0,0.31,0.31,44.231237,1776218364000
1776218366.052,266.052,0.52,15.0,0.51,25.0,0.83,86.0,0.84,15.0,0.17,86.0,0.16,15.0,0.48,15.0,0.49,25.0,0.31,0.31,44.231237,1776218365000
1776218367.554,267.554,0.52,15.0,0.51,25.0,0.83,86.0,0.84,15.0,0.17,86.0,0.16,15.0,0.48,15.0,0.49,25.0,0.31,0.31,44.239214,1776218366000
1776218368.223,268.223,0.52,15.0,0.51,25.0,0.83,86.0,0.84,15.0,0.17,86.0,0.16,15.0,0.48,15.0,0.49,25.0,0.31,0.31,44.239313,1776218367000
1776218369.698,269.698,0.52,15.0,0.51,25.0,0.83,86.0,0.84,15.0,0.17,86.0,0.16,15.0,0.48,15.0,0.49,25.0,0.31,0.31,44.241182,1776218368000
1776218370.731,270.731,0.52,15.0,0.51,25.0,0.83,86.0,0.84,15.0,0.17,86.0,0.16,15.0,0.48,15.0,0.49,25.0,0.31,0.31,44.242515,1776218369000
1776218371.317,271.317,0.52,15.0,0.51,25.0,0.83,86.0,0.84,15.0,0.17,86.0,0.16,15.0,0.48,15.0,0.49,25.0,0.31,0.31,44.242799,1776218370000
1776218372.397,272.397,0.52,15.0,0.51,25.0,0.83,86.0,0.84,15.0,0.17,86.0,0.16,15.0,0.48,15.0,0.49,25.0,0.31,0.31,44.244991,1776218371000
1776218373.019,273.019,0.52,15.0,0.51,25.0,0.83,86.0,0.84,15.0,0.17,86.0,0.16,15.0,0.48,15.0,0.49,25.0,0.31,0.31,44.244991,1776218372000
1776218374.151,274.151,0.52,15.0,0.51,25.0,0.83,86.0,0.84,15.0,0.17,86.0,0.16,15.0,0.48,15.0,0.49,25.0,0.31,0.31,44.246015,1776218373000
1776218375.193,275.193,0.52,15.0,0.51,25.0,0.83,86.0,0.84,15.0,0.17,86.0,0.16,15.0,0.48,15.0,0.49,25.0,0.31,0.31,44.24983,1776218374000
1776218375.421,275.421,0.96,15.94,0.91,10.0,0.97,100.0,0.98,10.0,0.17,86.0,0.16,15.0,0.48,15.0,0.49,25.0,0.01,0.31,44.24983,1776218374000
1776218376.156,276.156,0.96,15.94,0.91,10.0,0.97,100.0,0.98,10.0,0.03,100.0,0.02,10.0,0.04,15.94,0.09,10.0,0.01,0.01,44.250356,1776218375000
1776218377.275,277.275,0.96,15.94,0.91,10.0,0.97,100.0,0.98,10.0,0.03,100.0,0.02,10.0,0.04,15.94,0.09,10.0,0.01,0.01,44.250719,1776218376000
1776218377.93,277.93,0.96,15.94,0.91,10.0,0.97,96.9,0.98,10.0,0.03,100.0,0.02,10.0,0.04,15.94,0.09,10.0,0.01,0.01,44.250719,1776218376000
1776218378.172,278.172,0.96,15.94,0.91,10.0,0.97,76.9,0.98,10.0,0.03,96.9,0.02,10.0,0.04,15.94,0.09,10.0,0.01,0.01,44.250719,1776218376000
1776218378.42,278.42,0.96,15.94,0.91,10.0,0.97,76.9,0.98,10.0,0.03,76.9,0.02,10.0,0.04,15.94,0.09,10.0,0.01,0.01,44.250571,1776218377000
1776218378.932,278.932,0.96,15.94,0.91,10.0,0.97,76.9,0.98,10.0,0.03,76.9,0.02,10.0,0.04,15.94,0.09,10.0,0.01,0.01,44.250571,1776218378000
1776218379.132,279.132,0.96,15.94,0.91,10.0,0.97,74.83,0.98,10.0,0.03,76.9,0.02,10.0,0.04,15.94,0.09,10.0,0.01,0.01,44.250571,1776218378000
1776218380.051,280.051,0.96,15.94,0.91,10.0,0.97,74.83,0.98,10.0,0.03,74.83,0.02,10.0,0.04,15.94,0.09,10.0,0.01,0.01,44.250692,1776218379000
1776218381.116,281.116,0.96,15.94,0.91,10.0,0.97,74.83,0.98,10.0,0.03,74.83,0.02,10.0,0.04,15.94,0.09,10.0,0.01,0.01,44.250846,1776218380000
1776218382.129,282.129,0.96,15.94,0.91,10.0,0.97,74.83,0.98,10.0,0.03,74.83,0.02,10.0,0.04,15.94,0.09,10.0,0.01,0.01,44.249382,1776218381000
1776218383.198,283.198,0.96,15.94,0.91,10.0,0.97,74.83,0.98,10.0,0.03,74.83,0.02,10.0,0.04,15.94,0.09,10.0,0.01,0.01,44.249543,1776218382000
1776218384.766,284.766,0.96,15.94,0.91,10.0,0.97,74.83,0.98,10.0,0.03,74.83,0.02,10.0,0.04,15.94,0.09,10.0,0.01,0.01,44.249673,1776218383000
1776218385.239,285.239,0.96,15.94,0.91,10.0,0.97,74.83,0.98,10.0,0.03,74.83,0.02,10.0,0.04,15.94,0.09,10.0,0.01,0.01,44.249706,1776218384000
1776218386.291,286.291,0.96,15.94,0.91,10.0,0.97,74.83,0.98,10.0,0.03,74.83,0.02,10.0,0.04,15.94,0.09,10.0,0.01,0.01,44.249706,1776218385000
1776218386.82,286.82,0.96,15.94,0.91,10.0,0.97,66.5,0.98,10.0,0.03,74.83,0.02,10.0,0.04,15.94,0.09,10.0,0.01,0.01,44.249706,1776218385000
1776218387.222,287.222,0.96,15.94,0.91,10.0,0.97,66.5,0.98,10.0,0.03,66.5,0.02,10.0,0.04,15.94,0.09,10.0,0.01,0.01,44.24949,1776218386000
1776218388.295,288.295,0.96,15.94,0.91,10.0,0.97,66.5,0.98,10.0,0.03,66.5,0.02,10.0,0.04,15.94,0.09,10.0,0.01,0.01,44.24949,1776218387000
1776218389.201,289.201,0.96,15.94,0.91,10.0,0.97,66.5,0.98,10.0,0.03,66.5,0.02,10.0,0.04,15.94,0.09,10.0,0.01,0.01,44.249305,1776218388000
1776218390.361,290.361,0.96,15.94,0.91,10.0,0.97,66.5,0.98,10.0,0.03,66.5,0.02,10.0,0.04,15.94,0.09,10.0,0.01,0.01,44.249306,1776218389000
1776218391.366,291.366,0.96,15.94,0.91,10.0,0.97,66.5,0.98,10.0,0.03,66.5,0.02,10.0,0.04,15.94,0.09,10.0,0.01,0.01,44.248733,1776218390000
1776218391.911,291.911,0.96,15.94,0.91,10.0,0.97,55.92,0.98,10.0,0.03,55.92,0.02,10.0,0.04,15.94,0.09,10.0,0.01,0.01,44.248733,1776218391000
1776218392.163,292.163,0.96,15.94,0.91,10.0,0.97,50.92,0.98,10.0,0.03,55.92,0.02,10.0,0.04,15.94,0.09,10.0,0.01,0.01,44.248733,1776218391000
1776218392.613,292.613,0.96,15.94,0.91,10.0,0.97,44.92,0.98,10.0,0.03,50.92,0.02,10.0,0.04,15.94,0.09,10.0,0.01,0.01,44.248733,1776218391000
1776218392.965,292.965,0.96,15.94,0.91,10.0,0.97,44.92,0.98,10.0,0.03,44.92,0.02,10.0,0.04,15.94,0.09,10.0,0.01,0.01,44.248785,1776218392000
1776218393.354,293.354,0.96,15.94,0.91,10.0,0.97,22.46,0.98,10.0,0.03,44.92,0.02,10.0,0.04,15.94,0.09,10.0,0.01,0.01,44.248785,1776218392000
1776218393.741,293.741,0.99,777.54,0.96,15.94,,,,,0.03,22.46,0.02,10.0,0.04,15.94,0.09,10.0,,0.01,44.248785,1776218392000
1776218394.141,294.141,0.99,777.54,0.96,15.94,,,,,,,,,0.01,777.54,0.04,15.94,,,44.24878,1776218393000
1776218395.347,295.347,0.99,777.54,0.96,15.94,,,,,,,,,0.01,777.54,0.04,15.94,,,44.253887,1776218394000
1776218396.311,296.311,0.99,777.54,0.96,15.94,,,,,,,,,0.01,777.54,0.04,15.94,,,44.258905,1776218395000
1776218397.351,297.351,0.99,777.54,0.96,15.94,,,,,,,,,0.01,777.54,0.04,15.94,,,44.267669,1776218396000
1776218398.333,298.333,0.99,777.54,0.96,15.94,,,,,,,,,0.01,777.54,0.04,15.94,,,44.267669,1776218397000
1776218398.952,298.952,0.99,777.54,0.96,15.94,,,,,,,,,0.01,777.54,0.04,15.94,,,44.267872,1776218398000
1776218400.108,300.108,0.99,777.54,0.96,15.94,,,,,,,,,0.01,777.54,0.04,15.94,,,44.268083,1776218399000
1776218401.14,301.14,0.99,777.54,0.96,15.94,,,,,,,,,0.01,777.54,0.04,15.94,,,44.268083,1776218400000

# RESULT,winner=Up,slug=hype-updown-5m-1776218100,ticks=308
