timestamp,elapsed_sec,up_bid_p1,up_bid_s1,up_bid_p2,up_bid_s2,up_ask_p1,up_ask_s1,up_ask_p2,up_ask_s2,down_bid_p1,down_bid_s1,down_bid_p2,down_bid_s2,down_ask_p1,down_ask_s1,down_ask_p2,down_ask_s2,up_spread,down_spread,hype_price,hype_oracle_ts
1776199501.497,1.497,0.23,5.0,0.11,100.0,0.77,5.0,0.89,100.0,0.23,5.0,0.11,100.0,0.77,5.0,0.89,100.0,0.54,0.54,43.288915,1776199499000
1776199501.812,1.812,0.23,5.0,0.11,100.0,0.77,5.0,0.89,100.0,0.33,5.0,0.32,5.0,0.58,5.0,0.59,5.0,0.54,0.25,43.287705,1776199500000
1776199502.094,2.094,0.42,5.0,0.41,5.0,0.67,5.0,0.68,5.0,0.33,5.0,0.32,5.0,0.58,5.0,0.59,5.0,0.25,0.25,43.287705,1776199501000
1776199503.339,3.339,0.42,5.0,0.41,5.0,0.67,5.0,0.68,5.0,0.33,5.0,0.32,5.0,0.58,5.0,0.59,5.0,0.25,0.25,43.288386,1776199502000
1776199504.024,4.024,0.42,5.0,0.41,5.0,0.67,5.0,0.68,5.0,0.33,5.0,0.32,5.0,0.58,5.0,0.59,5.0,0.25,0.25,43.289501,1776199503000
1776199505.057,5.057,0.42,5.0,0.41,5.0,0.67,5.0,0.68,5.0,0.33,5.0,0.32,5.0,0.58,5.0,0.59,5.0,0.25,0.25,43.29739,1776199504000
1776199506.149,6.149,0.42,5.0,0.41,5.0,0.67,5.0,0.68,5.0,0.33,5.0,0.32,5.0,0.58,5.0,0.59,5.0,0.25,0.25,43.296908,1776199505000
1776199507.07,7.07,0.42,5.0,0.41,5.0,0.67,5.0,0.68,5.0,0.33,5.0,0.32,5.0,0.58,5.0,0.59,5.0,0.25,0.25,43.296476,1776199506000
1776199508.144,8.144,0.42,5.0,0.41,5.0,0.67,5.0,0.68,5.0,0.33,5.0,0.32,5.0,0.58,5.0,0.59,5.0,0.25,0.25,43.299111,1776199507000
1776199509.198,9.198,0.42,5.0,0.41,5.0,0.67,5.0,0.68,5.0,0.33,5.0,0.32,5.0,0.58,5.0,0.59,5.0,0.25,0.25,43.300187,1776199508000
1776199509.985,9.985,0.52,5.0,0.51,5.0,0.76,1.09,0.77,10.0,0.33,5.0,0.32,5.0,0.58,5.0,0.59,5.0,0.24,0.25,43.300187,1776199508000
1776199510.317,10.317,0.52,5.0,0.51,5.0,0.76,1.09,0.77,10.0,0.24,1.09,0.23,10.0,0.48,5.0,0.49,5.0,0.24,0.24,43.299988,1776199509000
1776199511.405,11.405,0.52,5.0,0.51,5.0,0.76,1.09,0.77,10.0,0.24,1.09,0.23,10.0,0.48,5.0,0.49,5.0,0.24,0.24,43.304768,1776199510000
1776199512.119,12.119,0.52,5.0,0.51,5.0,0.76,1.09,0.77,10.0,0.24,1.09,0.23,10.0,0.48,5.0,0.49,5.0,0.24,0.24,43.3166,1776199511000
1776199513.233,13.233,0.52,5.0,0.51,5.0,0.76,1.09,0.77,10.0,0.24,1.09,0.23,10.0,0.48,5.0,0.49,5.0,0.24,0.24,43.324325,1776199512000
1776199514.34,14.34,0.52,5.0,0.51,5.0,0.76,1.09,0.77,10.0,0.24,1.09,0.23,10.0,0.48,5.0,0.49,5.0,0.24,0.24,43.324509,1776199513000
1776199516.461,16.461,0.52,5.0,0.51,5.0,0.76,1.09,0.77,10.0,0.24,1.09,0.23,10.0,0.48,5.0,0.49,5.0,0.24,0.24,43.329198,1776199514000
1776199517.25,17.25,0.52,5.0,0.51,5.0,0.76,1.09,0.77,10.0,0.24,1.09,0.23,10.0,0.48,5.0,0.49,5.0,0.24,0.24,43.333199,1776199516000
1776199518.757,18.757,0.52,5.0,0.51,5.0,0.76,1.09,0.77,10.0,0.24,1.09,0.23,10.0,0.48,5.0,0.49,5.0,0.24,0.24,43.335649,1776199517000
1776199519.376,19.376,0.52,5.0,0.51,5.0,0.76,1.09,0.77,10.0,0.24,1.09,0.23,10.0,0.48,5.0,0.49,5.0,0.24,0.24,43.335649,1776199518000
1776199520.07,20.07,0.52,5.0,0.51,5.0,0.76,1.09,0.77,10.0,0.24,1.09,0.23,10.0,0.48,5.0,0.49,5.0,0.24,0.24,43.334117,1776199519000
1776199521.274,21.274,0.52,5.0,0.51,5.0,0.76,1.09,0.77,10.0,0.24,1.09,0.23,10.0,0.48,5.0,0.49,5.0,0.24,0.24,43.334118,1776199520000
1776199521.98,21.98,0.52,5.0,0.51,5.0,0.76,1.09,0.77,10.0,0.24,1.09,0.23,10.0,0.48,5.0,0.49,5.0,0.24,0.24,43.334384,1776199521000
1776199523.185,23.185,0.52,5.0,0.51,5.0,0.76,1.09,0.77,10.0,0.24,1.09,0.23,10.0,0.48,5.0,0.49,5.0,0.24,0.24,43.334422,1776199522000
1776199524.367,24.367,0.52,5.0,0.51,5.0,0.76,1.09,0.77,10.0,0.24,1.09,0.23,10.0,0.48,5.0,0.49,5.0,0.24,0.24,43.33467,1776199523000
1776199524.962,24.962,0.52,5.0,0.51,5.0,0.76,1.09,0.77,10.0,0.24,1.09,0.23,10.0,0.48,5.0,0.49,5.0,0.24,0.24,43.33467,1776199524000
1776199526.086,26.086,0.52,5.0,0.51,5.0,0.76,1.09,0.77,10.0,0.24,1.09,0.23,10.0,0.48,5.0,0.49,5.0,0.24,0.24,43.33492,1776199525000
1776199527.214,27.214,0.52,5.0,0.51,5.0,0.76,1.09,0.77,10.0,0.24,1.09,0.23,10.0,0.48,5.0,0.49,5.0,0.24,0.24,43.334919,1776199526000
1776199528.316,28.316,0.52,5.0,0.51,5.0,0.76,1.09,0.77,10.0,0.24,1.09,0.23,10.0,0.48,5.0,0.49,5.0,0.24,0.24,43.334919,1776199527000
1776199528.991,28.991,0.52,5.0,0.51,5.0,0.76,1.09,0.77,10.0,0.24,1.09,0.23,10.0,0.48,5.0,0.49,5.0,0.24,0.24,43.334359,1776199528000
1776199530.191,30.191,0.52,5.0,0.51,5.0,0.76,1.09,0.77,10.0,0.24,1.09,0.23,10.0,0.48,5.0,0.49,5.0,0.24,0.24,43.334365,1776199529000
1776199531.237,31.237,0.52,5.0,0.51,5.0,0.76,1.09,0.77,10.0,0.24,1.09,0.23,10.0,0.48,5.0,0.49,5.0,0.24,0.24,43.335872,1776199530000
1776199532.374,32.374,0.52,5.0,0.51,5.0,0.76,1.09,0.77,10.0,0.24,1.09,0.23,10.0,0.48,5.0,0.49,5.0,0.24,0.24,43.333675,1776199531000
1776199532.919,32.919,0.52,5.0,0.51,5.0,0.76,1.09,0.77,10.0,0.24,1.09,0.23,10.0,0.48,5.0,0.49,5.0,0.24,0.24,43.331239,1776199532000
1776199533.791,33.791,0.53,0.85,0.52,5.0,0.77,5.0,0.79,10.0,0.24,1.09,0.23,10.0,0.48,5.0,0.49,5.0,0.24,0.24,43.331239,1776199532000
1776199534.641,34.641,0.53,0.85,0.52,5.0,0.77,5.0,0.79,10.0,0.23,5.0,0.21,10.0,0.47,0.85,0.48,5.0,0.24,0.24,43.331094,1776199533000
1776199535.33,35.33,0.53,0.85,0.52,5.0,0.77,5.0,0.79,10.0,0.23,5.0,0.21,10.0,0.47,0.85,0.48,5.0,0.24,0.24,43.326733,1776199534000
1776199536.538,36.538,0.53,0.85,0.52,5.0,0.77,5.0,0.79,10.0,0.23,5.0,0.21,10.0,0.47,0.85,0.48,5.0,0.24,0.24,43.325231,1776199535000
1776199537.161,37.161,0.53,0.85,0.52,5.0,0.77,5.0,0.79,10.0,0.23,5.0,0.21,10.0,0.47,0.85,0.48,5.0,0.24,0.24,43.324997,1776199536000
1776199538.348,38.348,0.53,0.85,0.52,5.0,0.77,5.0,0.79,10.0,0.23,5.0,0.21,10.0,0.47,0.85,0.48,5.0,0.24,0.24,43.325637,1776199537000
1776199539.069,39.069,0.53,0.85,0.52,5.0,0.77,5.0,0.79,10.0,0.23,5.0,0.21,10.0,0.47,0.85,0.48,5.0,0.24,0.24,43.325627,1776199538000
1776199540.271,40.271,0.53,0.85,0.52,5.0,0.77,5.0,0.79,10.0,0.23,5.0,0.21,10.0,0.47,0.85,0.48,5.0,0.24,0.24,43.325917,1776199539000
1776199541.564,41.564,0.53,0.85,0.52,5.0,0.77,5.0,0.79,10.0,0.23,5.0,0.21,10.0,0.47,0.85,0.48,5.0,0.24,0.24,43.325921,1776199540000
1776199542.223,42.223,0.53,0.85,0.52,5.0,0.77,5.0,0.79,10.0,0.23,5.0,0.21,10.0,0.47,0.85,0.48,5.0,0.24,0.24,43.327225,1776199541000
1776199543.474,43.474,0.53,0.85,0.52,5.0,0.77,5.0,0.79,10.0,0.23,5.0,0.21,10.0,0.47,0.85,0.48,5.0,0.24,0.24,43.334242,1776199542000
1776199544.098,44.098,0.53,0.85,0.52,5.0,0.77,5.0,0.79,10.0,0.23,5.0,0.21,10.0,0.47,0.85,0.48,5.0,0.24,0.24,43.338646,1776199543000
1776199545.351,45.351,0.53,0.85,0.52,5.0,0.77,5.0,0.79,10.0,0.23,5.0,0.21,10.0,0.47,0.85,0.48,5.0,0.24,0.24,43.339434,1776199544000
1776199546.013,46.013,0.53,0.85,0.52,5.0,0.77,5.0,0.79,10.0,0.23,5.0,0.21,10.0,0.47,0.85,0.48,5.0,0.24,0.24,43.337191,1776199545000
1776199547.355,47.355,0.53,0.85,0.52,5.0,0.77,5.0,0.79,10.0,0.23,5.0,0.21,10.0,0.47,0.85,0.48,5.0,0.24,0.24,43.337133,1776199546000
1776199548.178,48.178,0.53,0.85,0.52,5.0,0.77,5.0,0.79,10.0,0.23,5.0,0.21,10.0,0.47,0.85,0.48,5.0,0.24,0.24,43.337133,1776199547000
1776199549.107,49.107,0.53,0.85,0.52,5.0,0.77,5.0,0.79,10.0,0.23,5.0,0.21,10.0,0.47,0.85,0.48,5.0,0.24,0.24,43.336813,1776199548000
1776199550.122,50.122,0.53,0.85,0.52,5.0,0.77,5.0,0.79,10.0,0.23,5.0,0.21,10.0,0.47,0.85,0.48,5.0,0.24,0.24,43.336806,1776199549000
1776199551.245,51.245,0.53,0.85,0.52,5.0,0.77,5.0,0.79,10.0,0.23,5.0,0.21,10.0,0.47,0.85,0.48,5.0,0.24,0.24,43.337025,1776199550000
1776199552.36,52.36,0.53,0.85,0.52,5.0,0.77,5.0,0.79,10.0,0.23,5.0,0.21,10.0,0.47,0.85,0.48,5.0,0.24,0.24,43.336983,1776199551000
1776199553.008,53.008,0.53,0.85,0.52,5.0,0.77,5.0,0.79,10.0,0.23,5.0,0.21,10.0,0.47,0.85,0.48,5.0,0.24,0.24,43.336415,1776199552000
1776199554.294,54.294,0.53,0.85,0.52,5.0,0.77,5.0,0.79,10.0,0.23,5.0,0.21,10.0,0.47,0.85,0.48,5.0,0.24,0.24,43.328672,1776199553000
1776199555.318,55.318,0.53,0.85,0.52,5.0,0.77,5.0,0.79,10.0,0.23,5.0,0.21,10.0,0.47,0.85,0.48,5.0,0.24,0.24,43.325808,1776199554000
1776199556.317,56.317,0.53,0.85,0.52,5.0,0.77,5.0,0.79,10.0,0.23,5.0,0.21,10.0,0.47,0.85,0.48,5.0,0.24,0.24,43.32481,1776199555000
1776199556.988,56.988,0.53,0.85,0.52,5.0,0.77,5.0,0.79,10.0,0.23,5.0,0.21,10.0,0.47,0.85,0.48,5.0,0.24,0.24,43.32481,1776199556000
1776199558.018,58.018,0.53,0.85,0.52,5.0,0.77,5.0,0.79,10.0,0.23,5.0,0.21,10.0,0.47,0.85,0.48,5.0,0.24,0.24,43.324607,1776199557000
1776199559.112,59.112,0.53,0.85,0.52,5.0,0.77,5.0,0.79,10.0,0.23,5.0,0.21,10.0,0.47,0.85,0.48,5.0,0.24,0.24,43.324247,1776199558000
1776199560.157,60.157,0.53,0.85,0.52,5.0,0.77,5.0,0.79,10.0,0.23,5.0,0.21,10.0,0.47,0.85,0.48,5.0,0.24,0.24,43.323946,1776199559000
1776199561.235,61.235,0.53,0.85,0.52,5.0,0.77,5.0,0.79,10.0,0.23,5.0,0.21,10.0,0.47,0.85,0.48,5.0,0.24,0.24,43.323446,1776199560000
1776199562.214,62.214,0.53,0.85,0.52,5.0,0.77,5.0,0.79,10.0,0.23,5.0,0.21,10.0,0.47,0.85,0.48,5.0,0.24,0.24,43.323446,1776199561000
1776199562.841,62.841,0.65,10.0,0.58,15.0,0.8,9.31,0.81,20.0,0.23,5.0,0.21,10.0,0.47,0.85,0.48,5.0,0.15,0.24,43.323446,1776199561000
1776199563.378,63.378,0.65,10.0,0.58,15.0,0.8,9.31,0.81,20.0,0.2,9.31,0.19,20.0,0.35,10.0,0.42,15.0,0.15,0.15,43.323245,1776199562000
1776199564.391,64.391,0.65,10.0,0.58,15.0,0.8,9.31,0.81,20.0,0.2,9.31,0.19,20.0,0.35,10.0,0.42,15.0,0.15,0.15,43.322579,1776199563000
1776199564.765,64.765,0.62,10.0,0.58,15.0,0.83,6.56,0.84,15.0,0.2,9.31,0.19,20.0,0.35,10.0,0.42,15.0,0.21,0.15,43.322579,1776199563000
1776199564.995,64.995,0.62,10.0,0.58,15.0,0.83,6.56,0.84,15.0,0.17,6.56,0.16,15.0,0.38,10.0,0.42,15.0,0.21,0.21,43.322178,1776199564000
1776199566.104,66.104,0.62,10.0,0.58,15.0,0.83,6.56,0.84,15.0,0.17,6.56,0.16,15.0,0.38,10.0,0.42,15.0,0.21,0.21,43.317742,1776199565000
1776199566.834,66.834,0.63,10.0,0.57,30.0,0.9,13.32,0.91,15.0,0.17,6.56,0.16,15.0,0.38,10.0,0.42,15.0,0.27,0.21,43.317742,1776199565000
1776199567.308,67.308,0.63,10.0,0.57,30.0,0.9,13.32,0.91,15.0,0.1,13.32,0.09,15.0,0.37,10.0,0.43,30.0,0.27,0.27,43.317251,1776199566000
1776199567.955,67.955,0.63,10.0,0.57,30.0,0.9,13.32,0.91,15.0,0.1,13.32,0.09,15.0,0.37,10.0,0.43,30.0,0.27,0.27,43.317251,1776199567000
1776199568.795,68.795,0.66,10.0,0.58,15.0,0.95,14.3,0.96,20.0,0.1,13.32,0.09,15.0,0.37,10.0,0.43,30.0,0.29,0.27,43.317251,1776199567000
1776199569.151,69.151,0.66,10.0,0.58,15.0,0.95,14.3,0.96,20.0,0.05,14.3,0.04,20.0,0.34,10.0,0.42,15.0,0.29,0.29,43.315704,1776199568000
1776199570.407,70.407,0.66,10.0,0.58,15.0,0.95,14.3,0.96,20.0,0.05,14.3,0.04,20.0,0.34,10.0,0.42,15.0,0.29,0.29,43.314537,1776199569000
1776199570.957,70.957,0.49,7.25,0.48,15.0,0.76,15.0,0.89,10.0,0.05,14.3,0.04,20.0,0.34,10.0,0.42,15.0,0.27,0.29,43.314537,1776199569000
1776199572.144,72.144,0.49,7.25,0.48,15.0,0.76,15.0,0.89,10.0,0.24,15.0,0.11,10.0,0.51,7.25,0.52,15.0,0.27,0.27,43.316467,1776199571000
1776199573.034,73.034,0.39,7.37,0.38,15.0,0.73,15.0,0.74,15.0,0.24,15.0,0.11,10.0,0.51,7.25,0.52,15.0,0.34,0.27,43.316467,1776199571000
1776199574.27,74.27,0.39,7.37,0.38,15.0,0.73,15.0,0.74,15.0,0.27,15.0,0.26,15.0,0.61,7.37,0.62,15.0,0.34,0.34,43.31656,1776199573000
1776199574.869,74.869,0.39,7.37,0.38,15.0,0.73,15.0,0.74,15.0,0.27,15.0,0.26,15.0,0.61,7.37,0.62,15.0,0.34,0.34,43.316625,1776199574000
1776199575.98,75.98,0.62,10.26,0.61,15.0,0.74,15.0,0.75,15.0,0.26,15.0,0.25,15.0,0.38,10.26,0.39,15.0,0.12,0.12,43.316625,1776199575000
1776199576.854,76.854,0.32,3.37,0.31,15.0,0.88,5.0,0.89,5.0,0.26,15.0,0.25,15.0,0.38,10.26,0.39,15.0,0.56,0.12,43.316625,1776199575000
1776199577.079,77.079,0.32,3.37,0.31,15.0,0.88,5.0,0.89,5.0,0.12,5.0,0.11,5.0,0.68,3.37,0.69,15.0,0.56,0.56,43.316626,1776199576000
1776199578.228,78.228,0.32,3.37,0.31,15.0,0.88,5.0,0.89,5.0,0.12,5.0,0.11,5.0,0.68,3.37,0.69,15.0,0.56,0.56,43.318594,1776199577000
1776199578.833,78.833,0.71,10.0,0.63,33.0,0.97,39.58,0.98,325.0,0.12,5.0,0.11,5.0,0.68,3.37,0.69,15.0,0.26,0.56,43.318594,1776199577000
1776199580.391,80.391,0.71,10.0,0.63,33.0,0.97,39.58,0.98,325.0,0.03,39.58,0.02,325.0,0.29,10.0,0.37,33.0,0.26,0.26,43.331112,1776199579000
1776199581.869,81.869,0.71,10.0,0.63,33.0,0.97,39.58,0.98,325.0,0.03,39.58,0.02,325.0,0.29,10.0,0.37,33.0,0.26,0.26,43.334518,1776199580000
1776199582.52,82.52,0.71,10.0,0.63,33.0,0.97,39.58,0.98,325.0,0.03,39.58,0.02,325.0,0.29,10.0,0.37,33.0,0.26,0.26,43.335518,1776199581000
1776199582.849,82.849,0.27,12.59,0.26,15.0,0.83,15.0,0.93,19.28,0.03,39.58,0.02,325.0,0.29,10.0,0.37,33.0,0.56,0.26,43.335518,1776199581000
1776199583.436,83.436,0.27,12.59,0.26,15.0,0.83,15.0,0.93,19.28,0.17,15.0,0.07,19.28,0.73,12.59,0.74,15.0,0.56,0.56,43.336814,1776199582000
1776199584.128,84.128,0.27,12.59,0.26,15.0,0.83,15.0,0.93,19.28,0.17,15.0,0.07,19.28,0.73,12.59,0.74,15.0,0.56,0.56,43.337345,1776199583000
1776199584.727,84.727,0.75,10.0,0.72,15.0,0.99,2079.38,,,0.17,15.0,0.07,19.28,0.73,12.59,0.74,15.0,0.24,0.56,43.337345,1776199583000
1776199585.516,85.516,0.75,10.0,0.72,15.0,0.99,2079.38,,,0.01,2079.38,,,0.25,10.0,0.28,15.0,0.24,0.24,43.337342,1776199584000
1776199586.315,86.315,0.75,10.0,0.72,15.0,0.99,2079.38,,,0.01,2079.38,,,0.25,10.0,0.28,15.0,0.24,0.24,43.337463,1776199585000
1776199586.713,86.713,0.21,2.26,0.2,15.0,0.83,15.0,0.84,15.0,0.01,2079.38,,,0.25,10.0,0.28,15.0,0.62,0.24,43.337463,1776199585000
1776199587.99,87.99,0.21,2.26,0.2,15.0,0.83,15.0,0.84,15.0,0.17,15.0,0.16,15.0,0.79,2.26,0.8,15.0,0.62,0.62,43.336919,1776199586000
1776199588.643,88.643,0.21,2.26,0.2,15.0,0.83,15.0,0.84,15.0,0.17,15.0,0.16,15.0,0.79,2.26,0.8,15.0,0.62,0.62,43.33722,1776199587000
1776199589.446,89.446,0.74,25.0,0.21,2.26,0.99,1337.05,,,0.01,1337.05,,,0.26,25.0,0.79,2.26,0.25,0.25,43.337219,1776199588000
1776199590.037,90.037,0.74,25.0,0.21,2.26,0.99,1337.05,,,0.01,1337.05,,,0.26,25.0,0.79,2.26,0.25,0.25,43.336968,1776199589000
1776199591.59,91.59,0.74,25.0,0.21,2.26,0.99,1337.05,,,0.01,1337.05,,,0.26,25.0,0.79,2.26,0.25,0.25,43.336969,1776199590000
1776199592.374,92.374,0.74,25.0,0.21,2.26,0.99,1337.05,,,0.01,1337.05,,,0.26,25.0,0.79,2.26,0.25,0.25,43.336956,1776199591000
1776199593.184,93.184,0.74,25.0,0.21,2.26,0.99,1337.05,,,0.01,1337.05,,,0.26,25.0,0.79,2.26,0.25,0.25,43.337419,1776199592000
1776199594.716,94.716,0.74,25.0,0.21,2.26,0.99,1337.05,,,0.01,1337.05,,,0.26,25.0,0.79,2.26,0.25,0.25,43.337419,1776199593000
1776199595.363,95.363,0.74,25.0,0.21,2.26,0.99,1337.05,,,0.01,1337.05,,,0.26,25.0,0.79,2.26,0.25,0.25,43.337998,1776199594000
1776199596.144,96.144,0.74,25.0,0.21,2.26,0.99,1337.05,,,0.01,1337.05,,,0.26,25.0,0.79,2.26,0.25,0.25,43.337998,1776199595000
1776199596.818,96.818,0.15,96.74,0.14,15.0,0.95,20.0,0.96,5.0,0.01,1337.05,,,0.26,25.0,0.79,2.26,0.8,0.25,43.337998,1776199595000
1776199598.005,98.005,0.15,96.74,0.14,15.0,0.95,20.0,0.96,5.0,0.05,20.0,0.04,5.0,0.85,96.74,0.86,15.0,0.8,0.8,43.338119,1776199596000
1776199598.669,98.669,0.15,96.74,0.14,15.0,0.95,20.0,0.96,5.0,0.05,20.0,0.04,5.0,0.85,96.74,0.86,15.0,0.8,0.8,43.341026,1776199597000
1776199599.094,99.094,0.15,96.74,0.14,15.0,0.95,20.0,0.96,5.0,0.05,20.0,0.04,5.0,0.85,96.74,0.86,15.0,0.8,0.8,43.347031,1776199598000
1776199600.014,100.014,0.15,301.74,0.14,15.0,0.99,224.62,,,0.01,224.62,,,0.85,301.74,0.86,15.0,0.84,0.84,43.344637,1776199599000
1776199601.053,101.053,0.14,11.89,0.13,15.0,0.88,15.0,0.89,15.0,0.01,224.62,,,0.85,301.74,0.86,15.0,0.74,0.84,43.344637,1776199599000
1776199602.196,102.196,0.14,11.89,0.13,15.0,0.88,15.0,0.89,15.0,0.12,15.0,0.11,15.0,0.86,11.89,0.87,15.0,0.74,0.74,43.345076,1776199601000
1776199602.884,102.884,0.77,15.0,0.76,15.0,0.99,186.18,,,0.12,15.0,0.11,15.0,0.86,11.89,0.87,15.0,0.22,0.74,43.345076,1776199601000
1776199603.284,103.284,0.77,15.0,0.76,15.0,0.99,186.18,,,0.01,186.18,,,0.23,15.0,0.24,15.0,0.22,0.22,43.345073,1776199602000
1776199604.324,104.324,0.77,15.0,0.76,15.0,0.99,186.18,,,0.01,186.18,,,0.23,15.0,0.24,15.0,0.22,0.22,43.345073,1776199603000
1776199604.793,104.793,0.78,15.0,0.77,15.0,0.99,143.68,,,0.01,186.18,,,0.23,15.0,0.24,15.0,0.21,0.22,43.345073,1776199603000
1776199605.954,105.954,0.78,15.0,0.77,15.0,0.99,143.68,,,0.01,143.68,,,0.22,15.0,0.23,15.0,0.21,0.21,43.349708,1776199605000
1776199606.865,106.865,0.08,8.56,0.07,15.0,0.85,15.0,0.99,148.68,0.01,143.68,,,0.22,15.0,0.23,15.0,0.77,0.21,43.349708,1776199605000
1776199607.978,107.978,0.08,8.56,0.07,15.0,0.85,15.0,0.99,148.68,0.15,15.0,0.01,148.68,0.92,8.56,0.93,15.0,0.77,0.77,43.349536,1776199607000
1776199609.009,109.009,0.08,8.56,0.07,15.0,0.85,15.0,0.99,148.68,0.15,15.0,0.01,148.68,0.92,8.56,0.93,15.0,0.77,0.77,43.349334,1776199608000
1776199610.015,110.015,0.08,8.56,0.07,15.0,0.85,15.0,0.99,148.68,0.15,15.0,0.01,148.68,0.92,8.56,0.93,15.0,0.77,0.77,43.348276,1776199609000
1776199610.697,110.697,0.03,66.62,0.02,77.5,0.84,15.0,0.85,15.0,0.15,15.0,0.01,148.68,0.92,8.56,0.93,15.0,0.81,0.77,43.348276,1776199609000
1776199611.495,111.495,0.03,66.62,0.02,77.5,0.84,15.0,0.85,15.0,0.16,15.0,0.15,15.0,0.97,66.62,0.98,77.5,0.81,0.81,43.347866,1776199610000
1776199612.619,112.619,0.03,66.62,0.02,77.5,0.84,15.0,0.85,15.0,0.16,15.0,0.15,15.0,0.97,66.62,0.98,77.5,0.81,0.81,43.346865,1776199611000
1776199613.179,113.179,0.02,55.96,0.01,1300.0,0.99,143.68,,,0.01,143.68,,,0.98,55.96,0.99,1300.0,0.97,0.97,43.346858,1776199612000
1776199614.661,114.661,0.02,55.96,0.01,1300.0,0.99,143.68,,,0.01,143.68,,,0.98,55.96,0.99,1300.0,0.97,0.97,43.355635,1776199613000
1776199615.524,115.524,0.78,15.0,0.77,15.0,0.99,92.41,,,0.01,92.41,,,0.22,15.0,0.23,15.0,0.21,0.21,43.361634,1776199614000
1776199616.957,116.957,0.83,10.0,0.81,15.0,0.99,21.65,,,0.01,92.41,,,0.22,15.0,0.23,15.0,0.16,0.21,43.361634,1776199614000
1776199623.357,123.357,0.1,19.88,0.02,55.96,0.85,10.0,0.89,15.0,0.01,21.65,,,0.17,10.0,0.19,15.0,0.75,0.16,43.361634,1776199614000
1776199624.92,124.92,0.1,19.88,0.02,55.96,0.85,10.0,0.89,15.0,0.15,10.0,0.11,15.0,0.9,19.88,0.98,55.96,0.75,0.75,43.32038,1776199623000
1776199625.506,125.506,0.01,1288.87,,,0.83,10.0,0.86,15.0,0.15,10.0,0.11,15.0,0.9,19.88,0.98,55.96,0.82,0.75,43.32038,1776199623000
1776199626.458,126.458,0.01,1288.87,,,0.83,10.0,0.86,15.0,0.17,10.0,0.14,15.0,0.99,1288.87,,,0.82,0.82,43.321683,1776199625000
1776199627.237,127.237,0.01,1288.87,,,0.83,10.0,0.86,15.0,0.17,10.0,0.14,15.0,0.99,1288.87,,,0.82,0.82,43.321468,1776199626000
1776199628.904,128.904,0.61,15.0,0.01,3996.59,0.89,13.25,0.9,15.0,0.18,10.0,0.15,15.0,0.99,1201.59,,,0.28,0.81,43.321468,1776199626000
1776199629.593,129.593,0.61,15.0,0.01,3996.59,0.89,13.25,0.9,15.0,0.11,13.25,0.1,15.0,0.39,15.0,0.99,3996.59,0.28,0.28,43.32051,1776199628000
1776199630.305,130.305,0.61,15.0,0.01,3996.59,0.89,13.25,0.9,15.0,0.11,13.25,0.1,15.0,0.39,15.0,0.99,3996.59,0.28,0.28,43.320432,1776199629000
1776199630.82,130.82,0.73,10.0,0.63,15.0,0.93,1.87,0.94,15.0,0.11,13.25,0.1,15.0,0.39,15.0,0.99,3996.59,0.2,0.28,43.320432,1776199629000
1776199632.26,132.26,0.73,10.0,0.63,15.0,0.93,1.87,0.94,15.0,0.07,1.87,0.06,15.0,0.27,10.0,0.37,15.0,0.2,0.2,43.322559,1776199630000
1776199633.094,133.094,0.73,10.0,0.63,15.0,0.93,1.87,0.94,15.0,0.07,1.87,0.06,15.0,0.27,10.0,0.37,15.0,0.2,0.2,43.327963,1776199631000
1776199634.065,134.065,0.73,10.0,0.63,15.0,0.93,1.87,0.94,15.0,0.07,1.87,0.06,15.0,0.27,10.0,0.37,15.0,0.2,0.2,43.330317,1776199632000
1776199635.049,135.049,0.73,10.0,0.63,15.0,0.93,1.87,0.94,15.0,0.07,1.87,0.06,15.0,0.27,10.0,0.37,15.0,0.2,0.2,43.330358,1776199633000
1776199636.15,136.15,0.73,10.0,0.63,15.0,0.93,1.87,0.94,15.0,0.07,1.87,0.06,15.0,0.27,10.0,0.37,15.0,0.2,0.2,43.330761,1776199634000
1776199636.744,136.744,0.15,41.94,0.01,1201.59,0.78,15.0,0.79,15.0,0.07,1.87,0.06,15.0,0.27,10.0,0.37,15.0,0.63,0.2,43.330761,1776199634000
1776199637.059,137.059,0.15,41.94,0.01,1201.59,0.78,15.0,0.79,15.0,0.22,15.0,0.21,15.0,0.85,41.94,0.99,1201.59,0.63,0.63,43.330761,1776199635000
1776199638.004,138.004,0.15,41.94,0.01,1201.59,0.78,15.0,0.79,15.0,0.22,15.0,0.21,15.0,0.85,41.94,0.99,1201.59,0.63,0.63,43.330796,1776199636000
1776199638.811,138.811,0.15,139.99,0.01,1206.59,0.76,15.0,0.77,15.0,0.22,15.0,0.21,15.0,0.85,41.94,0.99,1201.59,0.61,0.63,43.330796,1776199636000
1776199639.921,139.921,0.15,139.99,0.01,1206.59,0.76,15.0,0.77,15.0,0.24,15.0,0.23,15.0,0.85,139.99,0.99,1206.59,0.61,0.61,43.329911,1776199638000
1776199640.778,140.778,0.01,3770.59,,,0.8,0.62,0.81,15.0,0.24,15.0,0.23,15.0,0.85,139.99,0.99,1206.59,0.79,0.61,43.329911,1776199638000
1776199641.812,141.812,0.01,3770.59,,,0.8,0.62,0.81,15.0,0.2,0.62,0.19,15.0,0.99,3770.59,,,0.79,0.79,43.327009,1776199640000
1776199642.749,142.749,0.52,10.0,0.01,3229.59,0.99,1195.74,,,0.2,0.62,0.19,15.0,0.99,3770.59,,,0.47,0.79,43.327009,1776199640000
1776199643.762,143.762,0.52,10.0,0.01,3229.59,0.99,1195.74,,,0.01,1195.74,,,0.48,10.0,0.99,3229.59,0.47,0.47,43.319226,1776199642000
1776199644.521,144.521,0.52,10.0,0.01,3229.59,0.99,1195.74,,,0.01,1195.74,,,0.48,10.0,0.99,3229.59,0.47,0.47,43.318616,1776199643000
1776199645.093,145.093,0.5,10.0,0.36,15.0,0.98,28.92,0.99,1095.74,0.01,1195.74,,,0.48,10.0,0.99,3229.59,0.48,0.47,43.318616,1776199643000
1776199645.398,145.398,0.5,10.0,0.36,15.0,0.98,28.92,0.99,1095.74,0.02,28.92,0.01,1095.74,0.5,10.0,0.64,15.0,0.48,0.48,43.310805,1776199644000
1776199646.181,146.181,0.5,10.0,0.36,15.0,0.98,28.92,0.99,1095.74,0.02,28.92,0.01,1095.74,0.5,10.0,0.64,15.0,0.48,0.48,43.303142,1776199645000
1776199647.85,147.85,0.5,10.0,0.36,15.0,0.98,28.92,0.99,1095.74,0.02,28.92,0.01,1095.74,0.5,10.0,0.64,15.0,0.48,0.48,43.29522,1776199646000
1776199648.565,148.565,0.5,10.0,0.36,15.0,0.98,28.92,0.99,1095.74,0.02,28.92,0.01,1095.74,0.5,10.0,0.64,15.0,0.48,0.48,43.29522,1776199647000
1776199649.344,149.344,0.5,10.0,0.36,15.0,0.98,28.92,0.99,1095.74,0.02,28.92,0.01,1095.74,0.5,10.0,0.64,15.0,0.48,0.48,43.29522,1776199648000
1776199650.311,150.311,0.5,10.0,0.36,15.0,0.98,28.92,0.99,1095.74,0.02,28.92,0.01,1095.74,0.5,10.0,0.64,15.0,0.48,0.48,43.295098,1776199649000
1776199650.883,150.883,0.05,12.52,0.01,1206.59,0.6,10.0,0.69,15.0,0.02,28.92,0.01,1095.74,0.5,10.0,0.64,15.0,0.55,0.48,43.295098,1776199649000
1776199651.969,151.969,0.05,12.52,0.01,1206.59,0.6,10.0,0.69,15.0,0.4,10.0,0.31,15.0,0.95,12.52,0.99,1206.59,0.55,0.55,43.293642,1776199650000
1776199652.78,152.78,0.05,12.52,0.01,1206.59,0.6,10.0,0.69,15.0,0.4,10.0,0.31,15.0,0.95,12.52,0.99,1206.59,0.55,0.55,43.292643,1776199651000
1776199652.988,152.988,0.05,166.67,0.01,1206.59,0.63,10.0,0.65,15.0,0.4,10.0,0.31,15.0,0.95,12.52,0.99,1206.59,0.58,0.55,43.292643,1776199651000
1776199653.84,153.84,0.05,166.67,0.01,1206.59,0.63,10.0,0.65,15.0,0.37,10.0,0.35,15.0,0.95,166.67,0.99,1206.59,0.58,0.58,43.291176,1776199652000
1776199654.772,154.772,0.59,10.0,0.28,15.0,0.73,5.13,0.74,15.0,0.37,10.0,0.35,15.0,0.95,166.67,0.99,1206.59,0.14,0.58,43.291176,1776199652000
1776199655.283,155.283,0.59,10.0,0.28,15.0,0.73,5.13,0.74,15.0,0.27,5.13,0.26,15.0,0.41,10.0,0.72,15.0,0.14,0.14,43.291984,1776199654000
1776199656.029,156.029,0.59,10.0,0.28,15.0,0.73,5.13,0.74,15.0,0.27,5.13,0.26,15.0,0.41,10.0,0.72,15.0,0.14,0.14,43.300501,1776199655000
1776199656.45,156.45,0.6,5.0,0.3,15.0,0.62,15.0,0.63,15.0,0.27,5.13,0.26,15.0,0.41,10.0,0.72,15.0,0.02,0.14,43.300501,1776199655000
1776199656.748,156.748,0.01,1173.66,,,0.62,15.0,0.63,15.0,0.38,15.0,0.37,15.0,0.4,5.0,0.7,15.0,0.61,0.02,43.300501,1776199655000
1776199656.999,156.999,0.01,1173.66,,,0.62,15.0,0.63,15.0,0.38,15.0,0.37,15.0,0.99,1173.66,,,0.61,0.61,43.303877,1776199656000
1776199658.105,158.105,0.01,1173.66,,,0.62,15.0,0.63,15.0,0.38,15.0,0.37,15.0,0.99,1173.66,,,0.61,0.61,43.304366,1776199657000
1776199659.468,159.468,0.01,1173.66,,,0.62,15.0,0.63,15.0,0.38,15.0,0.37,15.0,0.99,1173.66,,,0.61,0.61,43.304863,1776199658000
1776199659.955,159.955,0.01,1173.66,,,0.62,15.0,0.63,15.0,0.38,15.0,0.37,15.0,0.99,1173.66,,,0.61,0.61,43.304996,1776199659000
1776199660.964,160.964,0.01,1173.66,,,0.62,15.0,0.63,15.0,0.38,15.0,0.37,15.0,0.99,1173.66,,,0.61,0.61,43.307934,1776199660000
1776199662.124,162.124,0.01,1173.66,,,0.62,15.0,0.63,15.0,0.38,15.0,0.37,15.0,0.99,1173.66,,,0.61,0.61,43.307934,1776199661000
1776199662.981,162.981,0.38,70.2,0.37,15.0,0.67,10.0,0.69,15.0,0.38,15.0,0.37,15.0,0.99,1173.66,,,0.29,0.61,43.307934,1776199661000
1776199663.263,163.263,0.38,70.2,0.37,15.0,0.67,10.0,0.69,15.0,0.33,10.0,0.31,15.0,0.62,70.2,0.63,15.0,0.29,0.29,43.309094,1776199662000
1776199664.385,164.385,0.38,70.2,0.37,15.0,0.67,10.0,0.69,15.0,0.33,10.0,0.31,15.0,0.62,70.2,0.63,15.0,0.29,0.29,43.311117,1776199663000
1776199664.837,164.837,0.4,15.0,0.39,15.0,0.98,79.17,0.99,1095.74,0.33,10.0,0.31,15.0,0.62,70.2,0.63,15.0,0.58,0.29,43.311117,1776199663000
1776199666.042,166.042,0.4,15.0,0.39,15.0,0.98,79.17,0.99,1095.74,0.02,79.17,0.01,1095.74,0.6,15.0,0.61,15.0,0.58,0.58,43.305994,1776199665000
1776199666.625,166.625,0.43,15.0,0.42,30.0,0.99,1086.18,,,0.02,79.17,0.01,1095.74,0.6,15.0,0.61,15.0,0.56,0.58,43.305994,1776199665000
1776199667.151,167.151,0.43,15.0,0.42,30.0,0.99,1086.18,,,0.01,1086.18,,,0.57,15.0,0.58,30.0,0.56,0.56,43.305117,1776199666000
1776199668.364,168.364,0.43,15.0,0.42,30.0,0.99,1086.18,,,0.01,1086.18,,,0.57,15.0,0.58,30.0,0.56,0.56,43.305332,1776199667000
1776199668.692,168.692,0.62,10.0,0.44,43.0,0.99,1035.06,,,0.01,1086.18,,,0.57,15.0,0.58,30.0,0.37,0.56,43.305332,1776199667000
1776199670.469,170.469,0.62,10.0,0.44,43.0,0.99,1035.06,,,0.01,1035.06,,,0.38,10.0,0.56,43.0,0.37,0.37,43.303865,1776199669000
1776199670.749,170.749,0.37,1.82,0.36,15.0,0.65,15.0,0.8,10.0,0.01,1035.06,,,0.38,10.0,0.56,43.0,0.28,0.37,43.303865,1776199669000
1776199671.092,171.092,0.37,1.82,0.36,15.0,0.65,15.0,0.8,10.0,0.35,15.0,0.2,10.0,0.63,1.82,0.64,15.0,0.28,0.28,43.304157,1776199670000
1776199672.127,172.127,0.37,1.82,0.36,15.0,0.65,15.0,0.8,10.0,0.35,15.0,0.2,10.0,0.63,1.82,0.64,15.0,0.28,0.28,43.307605,1776199671000
1776199673.167,173.167,0.37,1.82,0.36,15.0,0.65,15.0,0.8,10.0,0.35,15.0,0.2,10.0,0.63,1.82,0.64,15.0,0.28,0.28,43.307359,1776199672000
1776199674.246,174.246,0.37,1.82,0.36,15.0,0.65,15.0,0.8,10.0,0.35,15.0,0.2,10.0,0.63,1.82,0.64,15.0,0.28,0.28,43.308048,1776199673000
1776199674.726,174.726,0.31,9.56,0.3,15.0,0.61,15.0,0.62,15.0,0.35,15.0,0.2,10.0,0.63,1.82,0.64,15.0,0.3,0.28,43.308048,1776199673000
1776199675.323,175.323,0.31,9.56,0.3,15.0,0.61,15.0,0.62,15.0,0.39,15.0,0.38,15.0,0.69,9.56,0.7,15.0,0.3,0.3,43.30832,1776199674000
1776199676.315,176.315,0.31,9.56,0.3,15.0,0.61,15.0,0.62,15.0,0.39,15.0,0.38,15.0,0.69,9.56,0.7,15.0,0.3,0.3,43.308255,1776199675000
1776199676.941,176.941,0.31,9.56,0.3,15.0,0.61,15.0,0.62,15.0,0.39,15.0,0.38,15.0,0.69,9.56,0.7,15.0,0.3,0.3,43.308295,1776199676000
1776199677.976,177.976,0.31,9.56,0.3,15.0,0.61,15.0,0.62,15.0,0.39,15.0,0.38,15.0,0.69,9.56,0.7,15.0,0.3,0.3,43.308786,1776199677000
1776199678.635,178.635,0.45,43.0,0.31,9.56,0.99,1033.79,,,0.39,15.0,0.38,15.0,0.69,9.56,0.7,15.0,0.54,0.3,43.308786,1776199677000
1776199679.153,179.153,0.45,43.0,0.31,9.56,0.99,1033.79,,,0.01,1033.79,,,0.55,43.0,0.69,9.56,0.54,0.54,43.308336,1776199678000
1776199680.235,180.235,0.45,43.0,0.31,9.56,0.99,1033.79,,,0.01,1033.79,,,0.55,43.0,0.69,9.56,0.54,0.54,43.308148,1776199679000
1776199680.844,180.844,0.1,52.82,0.01,1173.66,0.58,15.0,0.72,10.0,0.01,1033.79,,,0.55,43.0,0.69,9.56,0.48,0.54,43.308148,1776199679000
1776199681.501,181.501,0.1,52.82,0.01,1173.66,0.58,15.0,0.72,10.0,0.42,15.0,0.28,10.0,0.9,52.82,0.99,1173.66,0.48,0.48,43.308136,1776199680000
1776199681.997,181.997,0.1,52.82,0.01,1173.66,0.58,15.0,0.72,10.0,0.42,15.0,0.28,10.0,0.9,52.82,0.99,1173.66,0.48,0.48,43.308136,1776199681000
1776199682.794,182.794,0.48,15.0,0.47,15.0,0.99,949.69,,,0.42,15.0,0.28,10.0,0.9,52.82,0.99,1173.66,0.51,0.48,43.308136,1776199681000
1776199683.135,183.135,0.48,15.0,0.47,15.0,0.99,949.69,,,0.01,949.69,,,0.52,15.0,0.53,15.0,0.51,0.51,43.308134,1776199682000
1776199684.257,184.257,0.48,15.0,0.47,15.0,0.99,949.69,,,0.01,949.69,,,0.52,15.0,0.53,15.0,0.51,0.51,43.308135,1776199683000
1776199684.645,184.645,0.01,1157.43,,,0.61,15.0,0.72,10.0,0.01,949.69,,,0.52,15.0,0.53,15.0,0.6,0.51,43.308135,1776199683000
1776199685.564,185.564,0.01,1157.43,,,0.61,15.0,0.72,10.0,0.39,15.0,0.28,10.0,0.99,1157.43,,,0.6,0.6,43.307932,1776199684000
1776199686.482,186.482,0.01,1157.43,,,0.61,15.0,0.72,10.0,0.39,15.0,0.28,10.0,0.99,1157.43,,,0.6,0.6,43.307816,1776199685000
1776199686.727,186.727,0.01,1075.61,,,0.61,15.0,0.71,10.0,0.39,15.0,0.28,10.0,0.99,1157.43,,,0.6,0.6,43.307816,1776199685000
1776199687.196,187.196,0.01,1075.61,,,0.61,15.0,0.71,10.0,0.39,15.0,0.29,10.0,0.99,1075.61,,,0.6,0.6,43.30785,1776199686000
1776199688.353,188.353,0.01,1075.61,,,0.61,15.0,0.71,10.0,0.39,15.0,0.29,10.0,0.99,1075.61,,,0.6,0.6,43.307662,1776199687000
1776199688.62,188.62,0.5,15.0,0.01,1075.61,0.99,866.2,,,0.39,15.0,0.29,10.0,0.99,1075.61,,,0.49,0.6,43.307662,1776199687000
1776199689.221,189.221,0.5,15.0,0.01,1075.61,0.99,866.2,,,0.01,866.2,,,0.5,15.0,0.99,1075.61,0.49,0.49,43.307627,1776199688000
1776199690.513,190.513,0.5,15.0,0.01,1075.61,0.99,866.2,,,0.01,866.2,,,0.5,15.0,0.99,1075.61,0.49,0.49,43.307627,1776199689000
1776199691.143,191.143,0.5,15.0,0.01,1075.61,0.99,866.2,,,0.01,866.2,,,0.5,15.0,0.99,1075.61,0.49,0.49,43.307627,1776199690000
1776199692.339,192.339,0.5,15.0,0.01,1075.61,0.99,866.2,,,0.01,866.2,,,0.5,15.0,0.99,1075.61,0.49,0.49,43.307041,1776199691000
1776199692.698,192.698,0.56,10.0,0.46,15.0,0.99,792.51,,,0.01,866.2,,,0.5,15.0,0.99,1075.61,0.43,0.49,43.307041,1776199691000
1776199693.09,193.09,0.56,10.0,0.46,15.0,0.99,792.51,,,0.01,792.51,,,0.44,10.0,0.54,15.0,0.43,0.43,43.307041,1776199692000
1776199694.385,194.385,0.56,10.0,0.46,15.0,0.99,792.51,,,0.01,792.51,,,0.44,10.0,0.54,15.0,0.43,0.43,43.305366,1776199693000
1776199694.791,194.791,0.57,10.0,0.48,15.0,0.99,714.83,,,0.01,792.51,,,0.44,10.0,0.54,15.0,0.42,0.43,43.305366,1776199693000
1776199695.162,195.162,0.57,10.0,0.48,15.0,0.99,714.83,,,0.01,714.83,,,0.43,10.0,0.52,15.0,0.42,0.42,43.305366,1776199694000
1776199696.359,196.359,0.57,10.0,0.48,15.0,0.99,714.83,,,0.01,714.83,,,0.43,10.0,0.52,15.0,0.42,0.42,43.305391,1776199695000
1776199696.945,196.945,0.01,1011.67,,,0.67,15.0,0.68,15.0,0.01,714.83,,,0.43,10.0,0.52,15.0,0.66,0.42,43.305391,1776199695000
1776199698.29,198.29,0.01,1011.67,,,0.67,15.0,0.68,15.0,0.33,15.0,0.32,15.0,0.99,1011.67,,,0.66,0.66,43.305265,1776199697000
1776199698.758,198.758,0.01,924.59,,,0.66,15.0,0.67,15.0,0.33,15.0,0.32,15.0,0.99,1011.67,,,0.65,0.66,43.305265,1776199697000
1776199699.227,199.227,0.01,924.59,,,0.66,15.0,0.67,15.0,0.34,15.0,0.33,15.0,0.99,924.59,,,0.65,0.65,43.305265,1776199698000
1776199700.348,200.348,0.39,10.0,0.31,15.0,0.56,6.78,0.64,15.0,0.34,15.0,0.33,15.0,0.99,924.59,,,0.17,0.65,43.305265,1776199698000
1776199700.624,200.624,0.39,10.0,0.31,15.0,0.56,6.78,0.64,15.0,0.44,6.78,0.36,15.0,0.61,10.0,0.69,15.0,0.17,0.17,43.304267,1776199699000
1776199700.825,200.825,0.01,2726.71,,,0.57,10.0,0.63,15.0,0.44,6.78,0.36,15.0,0.61,10.0,0.69,15.0,0.56,0.17,43.304267,1776199699000
1776199701.657,201.657,0.01,2726.71,,,0.57,10.0,0.63,15.0,0.43,10.0,0.37,15.0,0.99,2726.71,,,0.56,0.56,43.301438,1776199700000
1776199702.227,202.227,0.01,2726.71,,,0.57,10.0,0.63,15.0,0.43,10.0,0.37,15.0,0.99,2726.71,,,0.56,0.56,43.294531,1776199701000
1776199702.765,202.765,0.05,17.42,0.01,2726.71,0.56,10.0,0.61,15.0,0.43,10.0,0.37,15.0,0.99,2726.71,,,0.51,0.56,43.294531,1776199701000
1776199703.288,203.288,0.05,17.42,0.01,2726.71,0.56,10.0,0.61,15.0,0.44,10.0,0.39,15.0,0.95,17.42,0.99,2726.71,0.51,0.51,43.293115,1776199702000
1776199704.34,204.34,0.05,17.42,0.01,2726.71,0.56,10.0,0.61,15.0,0.44,10.0,0.39,15.0,0.95,17.42,0.99,2726.71,0.51,0.51,43.293103,1776199703000
1776199705.401,205.401,0.05,17.42,0.01,2726.71,0.56,10.0,0.61,15.0,0.44,10.0,0.39,15.0,0.95,17.42,0.99,2726.71,0.51,0.51,43.291154,1776199704000
1776199706.012,206.012,0.05,17.42,0.01,2726.71,0.56,10.0,0.61,15.0,0.44,10.0,0.39,15.0,0.95,17.42,0.99,2726.71,0.51,0.51,43.290168,1776199705000
1776199706.808,206.808,0.17,15.0,0.05,17.42,0.65,5.07,0.66,15.0,0.44,10.0,0.39,15.0,0.95,17.42,0.99,2726.71,0.48,0.51,43.290168,1776199705000
1776199708.13,208.13,0.17,15.0,0.05,17.42,0.65,5.07,0.66,15.0,0.35,5.07,0.34,15.0,0.83,15.0,0.95,17.42,0.48,0.48,43.276971,1776199707000
1776199709.143,209.143,0.17,15.0,0.05,17.42,0.65,5.07,0.66,15.0,0.35,5.07,0.34,15.0,0.83,15.0,0.95,17.42,0.48,0.48,43.270228,1776199708000
1776199710.197,210.197,0.17,15.0,0.05,17.42,0.65,5.07,0.66,15.0,0.35,5.07,0.34,15.0,0.83,15.0,0.95,17.42,0.48,0.48,43.269225,1776199709000
1776199711.284,211.284,0.17,15.0,0.05,17.42,0.65,5.07,0.66,15.0,0.35,5.07,0.34,15.0,0.83,15.0,0.95,17.42,0.48,0.48,43.268897,1776199710000
1776199712.335,212.335,0.17,15.0,0.05,17.42,0.65,5.07,0.66,15.0,0.35,5.07,0.34,15.0,0.83,15.0,0.95,17.42,0.48,0.48,43.268896,1776199711000
1776199713.363,213.363,0.17,15.0,0.05,17.42,0.65,5.07,0.66,15.0,0.35,5.07,0.34,15.0,0.83,15.0,0.95,17.42,0.48,0.48,43.267767,1776199712000
1776199714.397,214.397,0.17,15.0,0.05,17.42,0.65,5.07,0.66,15.0,0.35,5.07,0.34,15.0,0.83,15.0,0.95,17.42,0.48,0.48,43.266657,1776199713000
1776199715.466,215.466,0.17,15.0,0.05,17.42,0.65,5.07,0.66,15.0,0.35,5.07,0.34,15.0,0.83,15.0,0.95,17.42,0.48,0.48,43.266657,1776199714000
1776199716.083,216.083,0.17,15.0,0.05,17.42,0.65,5.07,0.66,15.0,0.35,5.07,0.34,15.0,0.83,15.0,0.95,17.42,0.48,0.48,43.266657,1776199715000
1776199717.456,217.456,0.17,15.0,0.05,17.42,0.65,5.07,0.66,15.0,0.35,5.07,0.34,15.0,0.83,15.0,0.95,17.42,0.48,0.48,43.251976,1776199716000
1776199717.986,217.986,0.17,15.0,0.05,17.42,0.65,5.07,0.66,15.0,0.35,5.07,0.34,15.0,0.83,15.0,0.95,17.42,0.48,0.48,43.251976,1776199717000
1776199718.555,218.555,0.1,10.0,0.07,15.0,0.34,10.97,0.35,15.0,0.35,5.07,0.34,15.0,0.83,15.0,0.95,17.42,0.24,0.48,43.251976,1776199717000
1776199719.206,219.206,0.1,10.0,0.07,15.0,0.34,10.97,0.35,15.0,0.66,10.97,0.65,15.0,0.9,10.0,0.93,15.0,0.24,0.24,43.260539,1776199718000
1776199720.439,220.439,0.1,10.0,0.07,15.0,0.34,10.97,0.35,15.0,0.66,10.97,0.65,15.0,0.9,10.0,0.93,15.0,0.24,0.24,43.258841,1776199719000
1776199721.032,221.032,0.1,10.0,0.07,15.0,0.34,10.97,0.35,15.0,0.66,10.97,0.65,15.0,0.9,10.0,0.93,15.0,0.24,0.24,43.258841,1776199720000
1776199722.211,222.211,0.1,10.0,0.07,15.0,0.34,10.97,0.35,15.0,0.66,10.97,0.65,15.0,0.9,10.0,0.93,15.0,0.24,0.24,43.258522,1776199721000
1776199723.34,223.34,0.1,10.0,0.07,15.0,0.34,10.97,0.35,15.0,0.66,10.97,0.65,15.0,0.9,10.0,0.93,15.0,0.24,0.24,43.25884,1776199722000
1776199724.486,224.486,0.1,10.0,0.07,15.0,0.34,10.97,0.35,15.0,0.66,10.97,0.65,15.0,0.9,10.0,0.93,15.0,0.24,0.24,43.260287,1776199723000
1776199725.045,225.045,0.1,10.0,0.07,15.0,0.34,10.97,0.35,15.0,0.66,10.97,0.65,15.0,0.9,10.0,0.93,15.0,0.24,0.24,43.261835,1776199724000
1776199726.231,226.231,0.1,10.0,0.07,15.0,0.34,10.97,0.35,15.0,0.66,10.97,0.65,15.0,0.9,10.0,0.93,15.0,0.24,0.24,43.262633,1776199725000
1776199727.404,227.404,0.1,10.0,0.07,15.0,0.34,10.97,0.35,15.0,0.66,10.97,0.65,15.0,0.9,10.0,0.93,15.0,0.24,0.24,43.263481,1776199726000
1776199727.95,227.95,0.1,10.0,0.07,15.0,0.34,10.97,0.35,15.0,0.66,10.97,0.65,15.0,0.9,10.0,0.93,15.0,0.24,0.24,43.263417,1776199727000
1776199729.17,229.17,0.1,10.0,0.07,15.0,0.34,10.97,0.35,15.0,0.66,10.97,0.65,15.0,0.9,10.0,0.93,15.0,0.24,0.24,43.259548,1776199728000
1776199730.703,230.703,0.1,15.0,0.09,15.0,0.15,2.05,0.16,15.0,0.66,10.97,0.65,15.0,0.9,10.0,0.93,15.0,0.05,0.24,43.259548,1776199728000
1776199731.261,231.261,0.1,15.0,0.09,15.0,0.15,2.05,0.16,15.0,0.85,2.05,0.84,15.0,0.9,15.0,0.91,15.0,0.05,0.05,43.257435,1776199729000
1776199731.701,231.701,0.1,15.0,0.09,15.0,0.15,2.05,0.16,15.0,0.85,2.05,0.84,15.0,0.9,15.0,0.91,15.0,0.05,0.05,43.257147,1776199730000
1776199732.294,232.294,0.1,15.0,0.09,15.0,0.15,2.05,0.16,15.0,0.85,2.05,0.84,15.0,0.9,15.0,0.91,15.0,0.05,0.05,43.256913,1776199731000
1776199733.513,233.513,0.09,7.3,0.08,15.0,0.13,15.0,0.14,15.0,0.87,15.0,0.86,15.0,0.91,7.3,0.92,15.0,0.04,0.04,43.256913,1776199732000
1776199734.107,234.107,0.09,7.3,0.08,15.0,0.13,15.0,0.14,15.0,0.87,15.0,0.86,15.0,0.91,7.3,0.92,15.0,0.04,0.04,43.25644,1776199733000
1776199735.108,235.108,0.09,7.3,0.08,15.0,0.13,15.0,0.14,15.0,0.87,15.0,0.86,15.0,0.91,7.3,0.92,15.0,0.04,0.04,43.256187,1776199734000
1776199736.177,236.177,0.08,14.61,0.07,15.0,0.12,15.0,0.13,15.0,0.87,15.0,0.86,15.0,0.91,7.3,0.92,15.0,0.04,0.04,43.256187,1776199734000
1776199737.437,237.437,0.08,14.61,0.07,15.0,0.12,15.0,0.13,15.0,0.88,15.0,0.87,15.0,0.92,14.61,0.93,15.0,0.04,0.04,43.2557,1776199736000
1776199737.967,237.967,0.08,14.61,0.07,15.0,0.12,15.0,0.13,15.0,0.88,15.0,0.87,15.0,0.92,14.61,0.93,15.0,0.04,0.04,43.2557,1776199737000
1776199739.117,239.117,0.08,14.61,0.07,15.0,0.12,15.0,0.13,15.0,0.88,15.0,0.87,15.0,0.92,14.61,0.93,15.0,0.04,0.04,43.2557,1776199738000
1776199740.28,240.28,0.08,14.61,0.07,15.0,0.12,15.0,0.13,15.0,0.88,15.0,0.87,15.0,0.92,14.61,0.93,15.0,0.04,0.04,43.255217,1776199739000
1776199740.77,240.77,0.01,105.0,,,0.1,15.0,0.11,15.0,0.88,15.0,0.87,15.0,0.92,14.61,0.93,15.0,0.09,0.04,43.255217,1776199739000
1776199741.967,241.967,0.01,97.92,,,0.1,15.0,0.11,15.0,0.9,15.0,0.89,15.0,0.99,97.92,,,0.09,0.09,43.255383,1776199741000
1776199743.012,243.012,0.01,97.92,,,0.1,15.0,0.11,15.0,0.9,15.0,0.89,15.0,0.99,97.92,,,0.09,0.09,43.254592,1776199742000
1776199744.289,244.289,0.01,97.92,,,0.1,15.0,0.11,15.0,0.9,15.0,0.89,15.0,0.99,97.92,,,0.09,0.09,43.253388,1776199743000
1776199744.933,244.933,0.01,97.92,,,0.1,15.0,0.11,15.0,0.9,15.0,0.89,15.0,0.99,97.92,,,0.09,0.09,43.253422,1776199744000
1776199746.174,246.174,0.08,27.09,0.07,15.0,0.14,15.0,0.15,2.05,0.87,14.61,0.86,15.0,0.93,15.0,0.99,107.92,0.06,0.06,43.253422,1776199744000
1776199746.505,246.505,0.08,19.48,0.07,15.0,0.14,15.0,0.15,2.05,0.86,15.0,0.85,2.05,0.92,27.09,0.93,15.0,0.06,0.06,43.253422,1776199744000
1776199747.162,247.162,0.08,19.48,0.07,15.0,0.14,15.0,0.15,2.05,0.86,15.0,0.85,2.05,0.92,19.48,0.93,15.0,0.06,0.06,43.253795,1776199746000
1776199748.39,248.39,0.08,19.48,0.07,15.0,0.14,15.0,0.15,2.05,0.86,15.0,0.85,2.05,0.92,19.48,0.93,15.0,0.06,0.06,43.253831,1776199747000
1776199748.984,248.984,0.08,19.48,0.07,15.0,0.14,15.0,0.15,2.05,0.86,15.0,0.85,2.05,0.92,19.48,0.93,15.0,0.06,0.06,43.255754,1776199748000
1776199750.194,250.194,0.08,19.48,0.07,15.0,0.14,15.0,0.15,2.05,0.86,15.0,0.85,2.05,0.92,19.48,0.93,15.0,0.06,0.06,43.256047,1776199749000
1776199750.842,250.842,0.07,11.9,0.01,97.92,0.1,15.0,0.11,15.0,0.86,15.0,0.85,2.05,0.92,19.48,0.93,15.0,0.03,0.06,43.256047,1776199749000
1776199751.78,251.78,0.07,11.9,0.01,97.92,0.1,15.0,0.11,15.0,0.9,15.0,0.89,15.0,0.93,11.9,0.99,97.92,0.03,0.03,43.256042,1776199750000
1776199752.377,252.377,0.07,11.9,0.01,97.92,0.1,15.0,0.11,15.0,0.9,15.0,0.89,15.0,0.93,11.9,0.99,97.92,0.03,0.03,43.256256,1776199751000
1776199753.082,253.082,0.07,11.9,0.01,97.92,0.1,15.0,0.11,15.0,0.9,15.0,0.89,15.0,0.93,11.9,0.99,97.92,0.03,0.03,43.255931,1776199752000
1776199753.367,253.367,0.08,15.0,0.07,188.0,0.32,15.0,0.33,15.0,0.9,15.0,0.89,15.0,0.93,11.9,0.99,97.92,0.24,0.03,43.255931,1776199752000
1776199754.37,254.37,0.08,15.0,0.07,188.0,0.32,15.0,0.33,15.0,0.68,15.0,0.67,15.0,0.92,15.0,0.93,188.0,0.24,0.24,43.259158,1776199753000
1776199754.961,254.961,0.08,15.0,0.07,188.0,0.32,15.0,0.33,15.0,0.68,15.0,0.67,15.0,0.92,15.0,0.93,188.0,0.24,0.24,43.265177,1776199754000
1776199756.135,256.135,0.08,15.0,0.07,188.0,0.32,15.0,0.33,15.0,0.68,15.0,0.67,15.0,0.92,15.0,0.93,188.0,0.24,0.24,43.277402,1776199755000
1776199756.596,256.596,0.16,8.79,0.14,15.0,0.33,10.0,0.41,15.0,0.68,15.0,0.67,15.0,0.92,15.0,0.93,188.0,0.17,0.24,43.277402,1776199755000
1776199757.622,257.622,0.16,8.79,0.14,15.0,0.33,10.0,0.41,15.0,0.67,10.0,0.59,15.0,0.84,8.79,0.86,15.0,0.17,0.17,43.277059,1776199756000
1776199758.37,258.37,0.16,8.79,0.14,15.0,0.33,10.0,0.41,15.0,0.67,10.0,0.59,15.0,0.84,8.79,0.86,15.0,0.17,0.17,43.276093,1776199757000
1776199759.554,259.554,0.16,12.53,0.15,15.0,0.37,10.0,0.38,15.0,0.67,10.0,0.59,15.0,0.84,8.79,0.86,15.0,0.21,0.17,43.276093,1776199757000
1776199760.215,260.215,0.16,12.53,0.15,15.0,0.37,10.0,0.38,15.0,0.63,10.0,0.62,15.0,0.84,12.53,0.85,15.0,0.21,0.21,43.276647,1776199759000
1776199761.422,261.422,0.16,12.53,0.15,15.0,0.37,10.0,0.38,15.0,0.63,10.0,0.62,15.0,0.84,12.53,0.85,15.0,0.21,0.21,43.276812,1776199760000
1776199762.324,262.324,0.16,12.53,0.15,15.0,0.37,10.0,0.38,15.0,0.63,10.0,0.62,15.0,0.84,12.53,0.85,15.0,0.21,0.21,43.278185,1776199761000
1776199762.842,262.842,0.16,12.53,0.15,15.0,0.37,10.0,0.38,15.0,0.63,10.0,0.62,15.0,0.84,12.53,0.85,15.0,0.21,0.21,43.279123,1776199762000
1776199764.004,264.004,0.16,12.53,0.15,15.0,0.37,10.0,0.38,15.0,0.63,10.0,0.62,15.0,0.84,12.53,0.85,15.0,0.21,0.21,43.282858,1776199763000
1776199764.949,264.949,0.16,12.53,0.15,15.0,0.37,10.0,0.38,15.0,0.63,10.0,0.62,15.0,0.84,12.53,0.85,15.0,0.21,0.21,43.284287,1776199764000
1776199766.071,266.071,0.16,12.53,0.15,15.0,0.37,10.0,0.38,15.0,0.63,10.0,0.62,15.0,0.84,12.53,0.85,15.0,0.21,0.21,43.28556,1776199765000
1776199767.0,267.0,0.16,12.53,0.15,15.0,0.37,10.0,0.38,15.0,0.63,10.0,0.62,15.0,0.84,12.53,0.85,15.0,0.21,0.21,43.28864,1776199766000
1776199768.101,268.101,0.16,12.53,0.15,15.0,0.37,10.0,0.38,15.0,0.63,10.0,0.62,15.0,0.84,12.53,0.85,15.0,0.21,0.21,43.289358,1776199767000
1776199769.119,269.119,0.16,12.53,0.15,15.0,0.37,10.0,0.38,15.0,0.63,10.0,0.62,15.0,0.84,12.53,0.85,15.0,0.21,0.21,43.28982,1776199768000
1776199770.221,270.221,0.16,12.53,0.15,15.0,0.37,10.0,0.38,15.0,0.63,10.0,0.62,15.0,0.84,12.53,0.85,15.0,0.21,0.21,43.289403,1776199769000
1776199771.284,271.284,0.16,12.53,0.15,15.0,0.37,10.0,0.38,15.0,0.63,10.0,0.62,15.0,0.84,12.53,0.85,15.0,0.21,0.21,43.289801,1776199770000
1776199772.071,272.071,0.34,49.5,0.24,15.0,0.5,15.0,0.51,15.0,0.63,10.0,0.62,15.0,0.84,12.53,0.85,15.0,0.16,0.21,43.289801,1776199770000
1776199773.306,273.306,0.34,49.5,0.24,15.0,0.5,15.0,0.51,15.0,0.5,15.0,0.49,15.0,0.66,49.5,0.76,15.0,0.16,0.16,43.291564,1776199772000
1776199774.356,274.356,0.34,49.5,0.24,15.0,0.5,15.0,0.51,15.0,0.5,15.0,0.49,15.0,0.66,49.5,0.76,15.0,0.16,0.16,43.289645,1776199773000
1776199774.903,274.903,0.34,49.5,0.24,15.0,0.5,15.0,0.51,15.0,0.5,15.0,0.49,15.0,0.66,49.5,0.76,15.0,0.16,0.16,43.290462,1776199774000
1776199776.477,276.477,0.34,49.5,0.24,15.0,0.5,15.0,0.51,15.0,0.5,15.0,0.49,15.0,0.66,49.5,0.76,15.0,0.16,0.16,43.290453,1776199775000
1776199776.99,276.99,0.34,49.5,0.24,15.0,0.5,15.0,0.51,15.0,0.5,15.0,0.49,15.0,0.66,49.5,0.76,15.0,0.16,0.16,43.290477,1776199776000
1776199777.949,277.949,0.34,49.5,0.24,15.0,0.5,15.0,0.51,15.0,0.5,15.0,0.49,15.0,0.66,49.5,0.76,15.0,0.16,0.16,43.290477,1776199777000
1776199779.466,279.466,0.34,49.5,0.24,15.0,0.5,15.0,0.51,15.0,0.5,15.0,0.49,15.0,0.66,49.5,0.76,15.0,0.16,0.16,43.291336,1776199778000
1776199780.121,280.121,0.05,159.63,0.01,1005.0,0.52,10.0,0.96,100.0,0.48,10.0,0.04,100.0,0.95,159.63,0.99,1005.0,0.47,0.47,43.291336,1776199779000
1776199781.222,281.222,0.05,159.63,0.01,1005.0,0.52,10.0,0.96,100.0,0.48,10.0,0.04,100.0,0.95,159.63,0.99,1005.0,0.47,0.47,43.291294,1776199780000
1776199782.325,282.325,0.05,159.63,0.01,1005.0,0.52,10.0,0.96,100.0,0.48,10.0,0.04,100.0,0.95,159.63,0.99,1005.0,0.47,0.47,43.291209,1776199781000
1776199783.318,283.318,0.1,202.22,0.05,159.63,0.52,10.0,0.96,100.0,0.48,10.0,0.04,100.0,0.95,159.63,0.99,1005.0,0.42,0.47,43.291209,1776199781000
1776199784.08,284.08,0.1,202.22,0.05,159.63,0.52,10.0,0.96,100.0,0.48,10.0,0.04,100.0,0.9,202.22,0.95,159.63,0.42,0.42,43.291272,1776199783000
1776199785.553,285.553,0.1,202.22,0.05,159.63,0.52,10.0,0.96,100.0,0.48,10.0,0.04,100.0,0.9,202.22,0.95,159.63,0.42,0.42,43.291272,1776199784000
1776199786.088,286.088,0.1,202.22,0.05,159.63,0.92,9.27,0.96,100.0,0.08,9.27,0.04,100.0,0.9,202.22,0.95,159.63,0.82,0.82,43.29042,1776199785000
1776199787.243,287.243,0.76,8.0,0.75,5.24,0.96,56.01,0.99,719.83,0.08,9.27,0.04,100.0,0.9,202.22,0.95,159.63,0.2,0.82,43.29042,1776199785000
1776199788.36,288.36,0.76,8.0,0.75,5.24,0.96,56.01,0.99,719.83,0.04,56.01,0.01,719.83,0.24,8.0,0.25,5.24,0.2,0.2,43.297727,1776199787000
1776199788.949,288.949,0.76,8.0,0.75,5.24,0.96,56.01,0.99,719.83,0.04,56.01,0.01,719.83,0.24,8.0,0.25,5.24,0.2,0.2,43.297981,1776199788000
1776199790.225,290.225,0.76,8.0,0.75,5.24,0.96,56.01,0.99,719.83,0.04,56.01,0.01,719.83,0.24,8.0,0.25,5.24,0.2,0.2,43.299921,1776199789000
1776199791.246,291.246,0.8,10.0,0.45,6.66,0.95,15.0,0.99,100.0,0.04,56.01,0.01,719.83,0.24,8.0,0.25,5.24,0.15,0.2,43.299921,1776199789000
1776199791.991,291.991,0.8,10.0,0.45,6.66,0.95,15.0,0.99,100.0,0.05,15.0,0.01,100.0,0.2,10.0,0.55,6.66,0.15,0.15,43.302904,1776199791000
1776199792.655,292.655,0.7,3.34,0.45,6.66,0.87,10.0,0.95,15.0,0.05,15.0,0.01,100.0,0.2,10.0,0.55,6.66,0.17,0.15,43.302904,1776199791000
1776199793.181,293.181,0.7,3.34,0.45,6.66,0.87,10.0,0.95,15.0,0.13,10.0,0.05,15.0,0.3,3.34,0.55,6.66,0.17,0.17,43.302904,1776199792000
1776199793.59,293.59,0.34,9.55,0.15,100.0,0.51,10.0,0.95,15.0,0.13,10.0,0.05,15.0,0.3,3.34,0.55,6.66,0.17,0.17,43.302904,1776199792000
1776199793.863,293.863,0.34,9.55,0.15,100.0,0.51,0.21,0.95,15.0,0.49,10.0,0.05,15.0,0.66,9.55,0.85,100.0,0.17,0.17,43.302904,1776199792000
1776199794.338,294.338,0.34,9.55,0.15,100.0,0.51,0.21,0.95,15.0,0.49,0.21,0.05,15.0,0.66,9.55,0.85,100.0,0.17,0.17,43.303384,1776199793000
1776199794.711,294.711,0.15,100.0,0.1,2.22,0.95,13.22,0.99,100.0,0.49,0.21,0.05,15.0,0.66,9.55,0.85,100.0,0.8,0.17,43.303384,1776199793000
1776199795.419,295.419,0.15,100.0,0.1,2.22,0.95,11.44,0.99,100.0,0.05,11.44,0.01,100.0,0.85,100.0,0.9,2.22,0.8,0.8,43.299221,1776199794000
1776199795.874,295.874,0.15,100.0,0.1,2.22,0.95,11.44,0.99,100.0,0.05,11.44,0.01,100.0,0.85,100.0,0.9,2.22,0.8,0.8,43.297499,1776199795000
1776199796.999,296.999,0.15,100.0,0.1,2.22,0.95,11.44,0.99,100.0,0.05,11.44,0.01,100.0,0.85,100.0,0.9,2.22,0.8,0.8,43.295986,1776199796000
1776199797.236,297.236,0.7,10.0,0.1,2.22,0.95,7.64,0.99,10.0,0.05,11.44,0.01,100.0,0.85,100.0,0.9,2.22,0.25,0.8,43.295986,1776199796000
1776199797.73,297.73,0.73,10.0,0.1,2.22,0.9,6.22,0.95,7.64,0.11,8.81,0.05,7.64,0.9,2.22,0.95,59.63,0.17,0.79,43.295986,1776199796000
1776199798.074,298.074,0.73,10.0,0.1,2.22,0.9,6.22,0.95,7.64,0.1,6.22,0.05,7.64,0.27,10.0,0.9,2.22,0.17,0.17,43.296465,1776199797000
1776199798.308,298.308,0.87,10.0,0.3,40.0,0.9,1.22,0.95,7.64,0.1,6.22,0.05,7.64,0.27,10.0,0.9,2.22,0.03,0.17,43.296465,1776199797000
1776199798.516,298.516,0.88,10.0,0.31,12.94,0.99,3.07,,,0.05,3.99,0.01,10.0,0.12,10.0,0.7,40.0,0.11,0.07,43.296465,1776199797000
1776199798.836,298.836,0.88,10.0,0.31,12.94,,,,,0.01,3.07,,,0.12,10.0,0.69,12.94,,0.11,43.296465,1776199797000
1776199799.11,299.11,0.88,10.0,0.31,12.94,,,,,,,,,0.12,10.0,0.69,12.94,,,43.295735,1776199798000
1776199800.303,300.303,0.88,10.0,0.31,12.94,,,,,,,,,0.12,10.0,0.69,12.94,,,43.29572,1776199799000
1776199801.291,301.291,0.88,10.0,0.31,12.94,,,,,,,,,0.12,10.0,0.69,12.94,,,43.295685,1776199800000
1776199802.365,302.365,0.88,10.0,0.31,12.94,,,,,,,,,0.12,10.0,0.69,12.94,,,43.295623,1776199801000
1776199802.976,302.976,0.88,10.0,0.31,12.94,,,,,,,,,0.12,10.0,0.69,12.94,,,43.295623,1776199802000

# RESULT,winner=Up,slug=hype-updown-5m-1776199500,ticks=348
