timestamp,elapsed_sec,up_bid_p1,up_bid_s1,up_bid_p2,up_bid_s2,up_ask_p1,up_ask_s1,up_ask_p2,up_ask_s2,down_bid_p1,down_bid_s1,down_bid_p2,down_bid_s2,down_ask_p1,down_ask_s1,down_ask_p2,down_ask_s2,up_spread,down_spread,hype_price,hype_oracle_ts
1776203701.487,1.487,0.11,100.0,0.08,57.5,0.89,100.0,0.92,50.0,0.11,100.0,0.08,50.0,0.89,100.0,0.92,57.5,0.78,0.78,43.179181,1776201481000
1776203701.822,1.822,0.11,100.0,0.08,57.5,0.89,100.0,0.92,50.0,0.11,100.0,0.08,50.0,0.89,100.0,0.92,57.5,0.78,0.78,43.179181,1776201481000
1776203714.286,14.286,0.11,100.0,0.08,57.5,0.89,100.0,0.92,50.0,0.11,100.0,0.08,50.0,0.89,100.0,0.92,57.5,0.78,0.78,43.164293,1776203713000
1776203715.518,15.518,0.11,100.0,0.08,57.5,0.89,100.0,0.92,50.0,0.11,100.0,0.08,50.0,0.89,100.0,0.92,57.5,0.78,0.78,43.164482,1776203714000
1776203716.053,16.053,0.11,100.0,0.08,57.5,0.89,100.0,0.92,50.0,0.11,100.0,0.08,50.0,0.89,100.0,0.92,57.5,0.78,0.78,43.163996,1776203715000
1776203717.273,17.273,0.11,100.0,0.08,57.5,0.89,100.0,0.92,50.0,0.11,100.0,0.08,50.0,0.89,100.0,0.92,57.5,0.78,0.78,43.164291,1776203716000
1776203718.621,18.621,0.11,100.0,0.08,57.5,0.89,100.0,0.92,50.0,0.11,100.0,0.08,50.0,0.89,100.0,0.92,57.5,0.78,0.78,43.164319,1776203717000
1776203719.255,19.255,0.11,100.0,0.08,57.5,0.89,100.0,0.92,50.0,0.11,100.0,0.08,50.0,0.89,100.0,0.92,57.5,0.78,0.78,43.164584,1776203718000
1776203719.938,19.938,0.11,100.0,0.08,57.5,0.89,100.0,0.92,50.0,0.11,100.0,0.08,50.0,0.89,100.0,0.92,57.5,0.78,0.78,43.165383,1776203719000
1776203721.065,21.065,0.11,100.0,0.08,57.5,0.89,100.0,0.92,50.0,0.11,100.0,0.08,50.0,0.89,100.0,0.92,57.5,0.78,0.78,43.167359,1776203720000
1776203722.274,22.274,0.11,100.0,0.08,57.5,0.89,100.0,0.92,50.0,0.11,100.0,0.08,50.0,0.89,100.0,0.92,57.5,0.78,0.78,43.167388,1776203721000
1776203723.453,23.453,0.11,100.0,0.08,57.5,0.89,100.0,0.92,50.0,0.11,100.0,0.08,50.0,0.89,100.0,0.92,57.5,0.78,0.78,43.167957,1776203722000
1776203723.951,23.951,0.11,100.0,0.08,57.5,0.89,100.0,0.92,50.0,0.11,100.0,0.08,50.0,0.89,100.0,0.92,57.5,0.78,0.78,43.179245,1776203723000
1776203724.985,24.985,0.11,100.0,0.08,57.5,0.89,100.0,0.92,50.0,0.11,100.0,0.08,50.0,0.89,100.0,0.92,57.5,0.78,0.78,43.185233,1776203724000
1776203726.132,26.132,0.11,100.0,0.08,57.5,0.89,100.0,0.92,50.0,0.11,100.0,0.08,50.0,0.89,100.0,0.92,57.5,0.78,0.78,43.189232,1776203725000
1776203727.308,27.308,0.11,100.0,0.08,57.5,0.89,100.0,0.92,50.0,0.11,100.0,0.08,50.0,0.89,100.0,0.92,57.5,0.78,0.78,43.189139,1776203726000
1776203727.951,27.951,0.11,100.0,0.08,57.5,0.89,100.0,0.92,50.0,0.11,100.0,0.08,50.0,0.89,100.0,0.92,57.5,0.78,0.78,43.188983,1776203727000
1776203729.282,29.282,0.11,100.0,0.08,57.5,0.89,100.0,0.92,50.0,0.11,100.0,0.08,50.0,0.89,100.0,0.92,57.5,0.78,0.78,43.187417,1776203728000
1776203730.506,30.506,0.11,100.0,0.08,57.5,0.89,100.0,0.92,50.0,0.11,100.0,0.08,50.0,0.89,100.0,0.92,57.5,0.78,0.78,43.187545,1776203729000
1776203731.071,31.071,0.11,100.0,0.08,57.5,0.89,100.0,0.92,50.0,0.11,100.0,0.08,50.0,0.89,100.0,0.92,57.5,0.78,0.78,43.186973,1776203730000
1776203732.368,32.368,0.11,100.0,0.08,57.5,0.89,100.0,0.92,50.0,0.11,100.0,0.08,50.0,0.89,100.0,0.92,57.5,0.78,0.78,43.186504,1776203731000
1776203732.973,32.973,0.11,100.0,0.08,57.5,0.89,100.0,0.92,50.0,0.11,100.0,0.08,50.0,0.89,100.0,0.92,57.5,0.78,0.78,43.185993,1776203732000
1776203734.155,34.155,0.11,100.0,0.08,57.5,0.89,100.0,0.92,50.0,0.11,100.0,0.08,50.0,0.89,100.0,0.92,57.5,0.78,0.78,43.191733,1776203733000
1776203735.302,35.302,0.11,100.0,0.08,57.5,0.89,100.0,0.92,50.0,0.11,100.0,0.08,50.0,0.89,100.0,0.92,57.5,0.78,0.78,43.191716,1776203734000
1776203736.43,36.43,0.11,100.0,0.08,57.5,0.89,100.0,0.92,50.0,0.11,100.0,0.08,50.0,0.89,100.0,0.92,57.5,0.78,0.78,43.193051,1776203735000
1776203737.042,37.042,0.11,100.0,0.08,57.5,0.89,100.0,0.92,50.0,0.11,100.0,0.08,50.0,0.89,100.0,0.92,57.5,0.78,0.78,43.193431,1776203736000
1776203738.117,38.117,0.11,100.0,0.08,57.5,0.89,100.0,0.92,50.0,0.11,100.0,0.08,50.0,0.89,100.0,0.92,57.5,0.78,0.78,43.193357,1776203737000
1776203739.26,39.26,0.11,100.0,0.08,57.5,0.89,100.0,0.92,50.0,0.11,100.0,0.08,50.0,0.89,100.0,0.92,57.5,0.78,0.78,43.193502,1776203738000
1776203740.408,40.408,0.11,100.0,0.08,57.5,0.89,100.0,0.92,50.0,0.11,100.0,0.08,50.0,0.89,100.0,0.92,57.5,0.78,0.78,43.193897,1776203739000
1776203741.445,41.445,0.11,100.0,0.08,57.5,0.89,100.0,0.92,50.0,0.11,100.0,0.08,50.0,0.89,100.0,0.92,57.5,0.78,0.78,43.193897,1776203740000
1776203741.889,41.889,0.11,100.0,0.08,57.5,0.89,100.0,0.92,50.0,0.11,100.0,0.08,50.0,0.89,100.0,0.92,57.5,0.78,0.78,43.193914,1776203741000
1776203742.93,42.93,0.11,100.0,0.08,57.5,0.89,100.0,0.92,50.0,0.11,100.0,0.08,50.0,0.89,100.0,0.92,57.5,0.78,0.78,43.193895,1776203742000
1776203743.891,43.891,0.11,100.0,0.08,57.5,0.89,100.0,0.92,50.0,0.11,100.0,0.08,50.0,0.89,100.0,0.92,57.5,0.78,0.78,43.193697,1776203743000
1776203744.748,44.748,0.11,100.0,0.08,57.5,0.89,100.0,0.92,50.0,0.11,100.0,0.08,50.0,0.89,100.0,0.92,57.5,0.78,0.78,43.19416,1776203744000
1776203745.823,45.823,0.11,100.0,0.08,57.5,0.89,100.0,0.92,50.0,0.11,100.0,0.08,50.0,0.89,100.0,0.92,57.5,0.78,0.78,43.195496,1776203745000
1776203746.781,46.781,0.11,100.0,0.08,57.5,0.89,100.0,0.92,50.0,0.11,100.0,0.08,50.0,0.89,100.0,0.92,57.5,0.78,0.78,43.195496,1776203746000
1776203748.178,48.178,0.11,100.0,0.08,57.5,0.89,100.0,0.92,50.0,0.11,100.0,0.08,50.0,0.89,100.0,0.92,57.5,0.78,0.78,43.197744,1776203747000
1776203749.223,49.223,0.11,100.0,0.08,57.5,0.89,100.0,0.92,50.0,0.11,100.0,0.08,50.0,0.89,100.0,0.92,57.5,0.78,0.78,43.198672,1776203748000
1776203750.085,50.085,0.11,100.0,0.08,57.5,0.89,100.0,0.92,50.0,0.11,100.0,0.08,50.0,0.89,100.0,0.92,57.5,0.78,0.78,43.199389,1776203749000
1776203751.073,51.073,0.11,100.0,0.08,57.5,0.89,100.0,0.92,50.0,0.11,100.0,0.08,50.0,0.89,100.0,0.92,57.5,0.78,0.78,43.199506,1776203750000
1776203752.1,52.1,0.11,100.0,0.08,57.5,0.89,100.0,0.92,50.0,0.11,100.0,0.08,50.0,0.89,100.0,0.92,57.5,0.78,0.78,43.199819,1776203751000
1776203753.065,53.065,0.11,100.0,0.08,57.5,0.89,100.0,0.92,50.0,0.11,100.0,0.08,50.0,0.89,100.0,0.92,57.5,0.78,0.78,43.200846,1776203752000
1776203754.23,54.23,0.11,100.0,0.08,57.5,0.89,100.0,0.92,50.0,0.11,100.0,0.08,50.0,0.89,100.0,0.92,57.5,0.78,0.78,43.200969,1776203753000
1776203755.899,55.899,0.11,100.0,0.08,57.5,0.89,100.0,0.92,50.0,0.11,100.0,0.08,50.0,0.89,100.0,0.92,57.5,0.78,0.78,43.200955,1776203754000
1776203756.609,56.609,0.11,100.0,0.08,57.5,0.89,100.0,0.92,50.0,0.11,100.0,0.08,50.0,0.89,100.0,0.92,57.5,0.78,0.78,43.200815,1776203755000
1776203756.943,56.943,0.7,10.0,0.64,5.0,0.8,11.28,0.81,15.0,0.11,100.0,0.08,50.0,0.89,100.0,0.92,57.5,0.1,0.78,43.200815,1776203755000
1776203757.557,57.557,0.7,10.0,0.64,5.0,0.8,11.28,0.81,15.0,0.2,11.28,0.19,15.0,0.3,10.0,0.36,5.0,0.1,0.1,43.200821,1776203756000
1776203758.346,58.346,0.7,10.0,0.64,5.0,0.8,11.28,0.81,15.0,0.2,11.28,0.19,15.0,0.3,10.0,0.36,5.0,0.1,0.1,43.20284,1776203757000
1776203759.226,59.226,0.7,10.0,0.64,5.0,0.8,11.28,0.81,15.0,0.2,11.28,0.19,15.0,0.3,10.0,0.36,5.0,0.1,0.1,43.210058,1776203758000
1776203760.617,60.617,0.7,10.0,0.64,5.0,0.8,11.28,0.81,15.0,0.2,11.28,0.19,15.0,0.3,10.0,0.36,5.0,0.1,0.1,43.221816,1776203759000
1776203761.258,61.258,0.7,10.0,0.64,5.0,0.8,11.28,0.81,15.0,0.2,11.28,0.19,15.0,0.3,10.0,0.36,5.0,0.1,0.1,43.224581,1776203760000
1776203762.61,62.61,0.7,10.0,0.64,5.0,0.8,11.28,0.81,15.0,0.2,11.28,0.19,15.0,0.3,10.0,0.36,5.0,0.1,0.1,43.226594,1776203761000
1776203763.405,63.405,0.7,10.0,0.64,5.0,0.8,11.28,0.81,15.0,0.2,11.28,0.19,15.0,0.3,10.0,0.36,5.0,0.1,0.1,43.226898,1776203762000
1776203764.272,64.272,0.7,10.0,0.64,5.0,0.8,11.28,0.81,15.0,0.2,11.28,0.19,15.0,0.3,10.0,0.36,5.0,0.1,0.1,43.227385,1776203763000
1776203765.644,65.644,0.7,10.0,0.64,5.0,0.8,11.28,0.81,15.0,0.2,11.28,0.19,15.0,0.3,10.0,0.36,5.0,0.1,0.1,43.227688,1776203764000
1776203766.494,66.494,0.7,10.0,0.64,5.0,0.8,11.28,0.81,15.0,0.2,11.28,0.19,15.0,0.3,10.0,0.36,5.0,0.1,0.1,43.227699,1776203765000
1776203767.296,67.296,0.7,10.0,0.64,5.0,0.8,11.28,0.81,15.0,0.2,11.28,0.19,15.0,0.3,10.0,0.36,5.0,0.1,0.1,43.228319,1776203766000
1776203768.814,68.814,0.7,10.0,0.64,5.0,0.8,11.28,0.81,15.0,0.2,11.28,0.19,15.0,0.3,10.0,0.36,5.0,0.1,0.1,43.228322,1776203767000
1776203769.474,69.474,0.7,10.0,0.64,5.0,0.8,11.28,0.81,15.0,0.2,11.28,0.19,15.0,0.3,10.0,0.36,5.0,0.1,0.1,43.228573,1776203768000
1776203770.185,70.185,0.7,10.0,0.64,5.0,0.8,11.28,0.81,15.0,0.2,11.28,0.19,15.0,0.3,10.0,0.36,5.0,0.1,0.1,43.227877,1776203769000
1776203771.533,71.533,0.7,10.0,0.64,5.0,0.8,11.28,0.81,15.0,0.2,11.28,0.19,15.0,0.3,10.0,0.36,5.0,0.1,0.1,43.228024,1776203770000
1776203772.164,72.164,0.7,10.0,0.64,5.0,0.8,11.28,0.81,15.0,0.2,11.28,0.19,15.0,0.3,10.0,0.36,5.0,0.1,0.1,43.227911,1776203771000
1776203774.274,74.274,0.7,10.0,0.64,5.0,0.8,11.28,0.81,15.0,0.2,11.28,0.19,15.0,0.3,10.0,0.36,5.0,0.1,0.1,43.228503,1776203772000
1776203775.505,75.505,0.7,10.0,0.64,5.0,0.8,11.28,0.81,15.0,0.2,11.28,0.19,15.0,0.3,10.0,0.36,5.0,0.1,0.1,43.228659,1776203774000
1776203776.032,76.032,0.7,10.0,0.64,5.0,0.8,11.28,0.81,15.0,0.2,11.28,0.19,15.0,0.3,10.0,0.36,5.0,0.1,0.1,43.228659,1776203775000
1776203776.873,76.873,0.7,10.0,0.64,5.0,0.8,11.28,0.81,15.0,0.2,11.28,0.19,15.0,0.3,10.0,0.36,5.0,0.1,0.1,43.228659,1776203776000
1776203777.919,77.919,0.7,10.0,0.64,5.0,0.8,11.28,0.81,15.0,0.2,11.28,0.19,15.0,0.3,10.0,0.36,5.0,0.1,0.1,43.228192,1776203777000
1776203778.823,78.823,0.7,10.0,0.64,5.0,0.8,11.28,0.81,15.0,0.2,11.28,0.19,15.0,0.3,10.0,0.36,5.0,0.1,0.1,43.228387,1776203778000
1776203779.862,79.862,0.7,10.0,0.64,5.0,0.8,11.28,0.81,15.0,0.2,11.28,0.19,15.0,0.3,10.0,0.36,5.0,0.1,0.1,43.229006,1776203779000
1776203781.205,81.205,0.7,10.0,0.64,5.0,0.8,11.28,0.81,15.0,0.2,11.28,0.19,15.0,0.3,10.0,0.36,5.0,0.1,0.1,43.228742,1776203780000
1776203782.17,82.17,0.7,10.0,0.64,5.0,0.8,11.28,0.81,15.0,0.2,11.28,0.19,15.0,0.3,10.0,0.36,5.0,0.1,0.1,43.228742,1776203781000
1776203783.118,83.118,0.7,10.0,0.64,5.0,0.8,11.28,0.81,15.0,0.2,11.28,0.19,15.0,0.3,10.0,0.36,5.0,0.1,0.1,43.229555,1776203782000
1776203784.144,84.144,0.7,10.0,0.64,5.0,0.8,11.28,0.81,15.0,0.2,11.28,0.19,15.0,0.3,10.0,0.36,5.0,0.1,0.1,43.229867,1776203783000
1776203785.058,85.058,0.7,10.0,0.64,5.0,0.8,11.28,0.81,15.0,0.2,11.28,0.19,15.0,0.3,10.0,0.36,5.0,0.1,0.1,43.229859,1776203784000
1776203786.063,86.063,0.7,10.0,0.64,5.0,0.8,11.28,0.81,15.0,0.2,11.28,0.19,15.0,0.3,10.0,0.36,5.0,0.1,0.1,43.229572,1776203785000
1776203787.031,87.031,0.7,10.0,0.64,5.0,0.8,11.28,0.81,15.0,0.2,11.28,0.19,15.0,0.3,10.0,0.36,5.0,0.1,0.1,43.229069,1776203786000
1776203788.153,88.153,0.7,10.0,0.64,5.0,0.8,11.28,0.81,15.0,0.2,11.28,0.19,15.0,0.3,10.0,0.36,5.0,0.1,0.1,43.22829,1776203787000
1776203789.213,89.213,0.7,10.0,0.64,5.0,0.8,11.28,0.81,15.0,0.2,11.28,0.19,15.0,0.3,10.0,0.36,5.0,0.1,0.1,43.227822,1776203788000
1776203790.228,90.228,0.7,10.0,0.64,5.0,0.8,11.28,0.81,15.0,0.2,11.28,0.19,15.0,0.3,10.0,0.36,5.0,0.1,0.1,43.227918,1776203789000
1776203791.353,91.353,0.7,10.0,0.64,5.0,0.8,11.28,0.81,15.0,0.2,11.28,0.19,15.0,0.3,10.0,0.36,5.0,0.1,0.1,43.22714,1776203790000
1776203792.358,92.358,0.7,10.0,0.64,5.0,0.8,11.28,0.81,15.0,0.2,11.28,0.19,15.0,0.3,10.0,0.36,5.0,0.1,0.1,43.227102,1776203791000
1776203793.019,93.019,0.7,10.0,0.64,5.0,0.8,11.28,0.81,15.0,0.2,11.28,0.19,15.0,0.3,10.0,0.36,5.0,0.1,0.1,43.226634,1776203792000
1776203794.042,94.042,0.7,10.0,0.64,5.0,0.8,11.28,0.81,15.0,0.2,11.28,0.19,15.0,0.3,10.0,0.36,5.0,0.1,0.1,43.226634,1776203793000
1776203795.2,95.2,0.7,10.0,0.64,5.0,0.8,11.28,0.81,15.0,0.2,11.28,0.19,15.0,0.3,10.0,0.36,5.0,0.1,0.1,43.226634,1776203794000
1776203796.202,96.202,0.7,10.0,0.64,5.0,0.8,11.28,0.81,15.0,0.2,11.28,0.19,15.0,0.3,10.0,0.36,5.0,0.1,0.1,43.226015,1776203795000
1776203797.434,97.434,0.7,10.0,0.64,5.0,0.8,11.28,0.81,15.0,0.2,11.28,0.19,15.0,0.3,10.0,0.36,5.0,0.1,0.1,43.226053,1776203796000
1776203798.376,98.376,0.7,10.0,0.64,5.0,0.8,11.28,0.81,15.0,0.2,11.28,0.19,15.0,0.3,10.0,0.36,5.0,0.1,0.1,43.225939,1776203797000
1776203798.922,98.922,0.7,10.0,0.64,5.0,0.8,11.28,0.81,15.0,0.2,11.28,0.19,15.0,0.3,10.0,0.36,5.0,0.1,0.1,43.225939,1776203798000
1776203800.046,100.046,0.7,10.0,0.64,5.0,0.8,11.28,0.81,15.0,0.2,11.28,0.19,15.0,0.3,10.0,0.36,5.0,0.1,0.1,43.225832,1776203799000
1776203801.132,101.132,0.7,10.0,0.64,5.0,0.8,11.28,0.81,15.0,0.2,11.28,0.19,15.0,0.3,10.0,0.36,5.0,0.1,0.1,43.224821,1776203800000
1776203802.09,102.09,0.7,10.0,0.64,5.0,0.8,11.28,0.81,15.0,0.2,11.28,0.19,15.0,0.3,10.0,0.36,5.0,0.1,0.1,43.224998,1776203801000
1776203803.394,103.394,0.7,10.0,0.64,5.0,0.8,11.28,0.81,15.0,0.2,11.28,0.19,15.0,0.3,10.0,0.36,5.0,0.1,0.1,43.224998,1776203802000
1776203804.405,104.405,0.7,10.0,0.64,5.0,0.8,11.28,0.81,15.0,0.2,11.28,0.19,15.0,0.3,10.0,0.36,5.0,0.1,0.1,43.224907,1776203803000
1776203804.963,104.963,0.7,10.0,0.64,5.0,0.8,11.28,0.81,15.0,0.2,11.28,0.19,15.0,0.3,10.0,0.36,5.0,0.1,0.1,43.224907,1776203804000
1776203806.031,106.031,0.7,10.0,0.64,5.0,0.8,11.28,0.81,15.0,0.2,11.28,0.19,15.0,0.3,10.0,0.36,5.0,0.1,0.1,43.226716,1776203805000
1776203807.148,107.148,0.7,10.0,0.64,5.0,0.8,11.28,0.81,15.0,0.2,11.28,0.19,15.0,0.3,10.0,0.36,5.0,0.1,0.1,43.22624,1776203806000
1776203808.23,108.23,0.7,10.0,0.64,5.0,0.8,11.28,0.81,15.0,0.2,11.28,0.19,15.0,0.3,10.0,0.36,5.0,0.1,0.1,43.225929,1776203807000
1776203809.309,109.309,0.7,10.0,0.64,5.0,0.8,11.28,0.81,15.0,0.2,11.28,0.19,15.0,0.3,10.0,0.36,5.0,0.1,0.1,43.225192,1776203808000
1776203810.313,110.313,0.7,10.0,0.64,5.0,0.8,11.28,0.81,15.0,0.2,11.28,0.19,15.0,0.3,10.0,0.36,5.0,0.1,0.1,43.225192,1776203809000
1776203811.532,111.532,0.7,10.0,0.64,5.0,0.8,11.28,0.81,15.0,0.2,11.28,0.19,15.0,0.3,10.0,0.36,5.0,0.1,0.1,43.224897,1776203810000
1776203812.097,112.097,0.7,10.0,0.64,5.0,0.8,11.28,0.81,15.0,0.2,11.28,0.19,15.0,0.3,10.0,0.36,5.0,0.1,0.1,43.224897,1776203811000
1776203813.047,113.047,0.7,10.0,0.64,5.0,0.8,11.28,0.81,15.0,0.2,11.28,0.19,15.0,0.3,10.0,0.36,5.0,0.1,0.1,43.225052,1776203812000
1776203814.051,114.051,0.7,10.0,0.64,5.0,0.8,11.28,0.81,15.0,0.2,11.28,0.19,15.0,0.3,10.0,0.36,5.0,0.1,0.1,43.225131,1776203813000
1776203815.041,115.041,0.7,10.0,0.64,5.0,0.8,11.28,0.81,15.0,0.2,11.28,0.19,15.0,0.3,10.0,0.36,5.0,0.1,0.1,43.225246,1776203814000
1776203816.327,116.327,0.7,10.0,0.64,5.0,0.8,11.28,0.81,15.0,0.2,11.28,0.19,15.0,0.3,10.0,0.36,5.0,0.1,0.1,43.22484,1776203815000
1776203816.882,116.882,0.7,10.0,0.64,5.0,0.8,11.28,0.81,15.0,0.2,11.28,0.19,15.0,0.3,10.0,0.36,5.0,0.1,0.1,43.22484,1776203816000
1776203818.081,118.081,0.7,10.0,0.64,5.0,0.8,11.28,0.81,15.0,0.2,11.28,0.19,15.0,0.3,10.0,0.36,5.0,0.1,0.1,43.22484,1776203817000
1776203819.494,119.494,0.7,10.0,0.64,5.0,0.8,11.28,0.81,15.0,0.2,11.28,0.19,15.0,0.3,10.0,0.36,5.0,0.1,0.1,43.22484,1776203818000
1776203820.141,120.141,0.7,10.0,0.64,5.0,0.8,11.28,0.81,15.0,0.2,11.28,0.19,15.0,0.3,10.0,0.36,5.0,0.1,0.1,43.23028,1776203819000
1776203821.37,121.37,0.7,10.0,0.64,5.0,0.8,11.28,0.81,15.0,0.2,11.28,0.19,15.0,0.3,10.0,0.36,5.0,0.1,0.1,43.233372,1776203820000
1776203822.276,122.276,0.85,3.27,0.84,15.0,0.9,15.0,0.91,15.0,0.2,11.28,0.19,15.0,0.3,10.0,0.36,5.0,0.05,0.1,43.233372,1776203820000
1776203823.736,123.736,0.85,3.27,0.84,15.0,0.9,15.0,0.91,15.0,0.1,15.0,0.09,15.0,0.15,3.27,0.16,15.0,0.05,0.05,43.237312,1776203822000
1776203824.596,124.596,0.85,3.27,0.84,15.0,0.9,15.0,0.91,15.0,0.1,15.0,0.09,15.0,0.15,3.27,0.16,15.0,0.05,0.05,43.237652,1776203823000
1776203825.382,125.382,0.85,3.27,0.84,15.0,0.9,15.0,0.91,15.0,0.1,15.0,0.09,15.0,0.15,3.27,0.16,15.0,0.05,0.05,43.238834,1776203824000
1776203826.064,126.064,0.85,3.27,0.84,15.0,0.9,15.0,0.91,15.0,0.1,15.0,0.09,15.0,0.15,3.27,0.16,15.0,0.05,0.05,43.238796,1776203825000
1776203827.66,127.66,0.85,3.27,0.84,15.0,0.9,15.0,0.91,15.0,0.1,15.0,0.09,15.0,0.15,3.27,0.16,15.0,0.05,0.05,43.236058,1776203826000
1776203828.238,128.238,0.85,3.27,0.84,15.0,0.9,15.0,0.91,15.0,0.1,15.0,0.09,15.0,0.15,3.27,0.16,15.0,0.05,0.05,43.236058,1776203827000
1776203829.868,129.868,0.85,3.27,0.84,15.0,0.9,15.0,0.91,15.0,0.1,15.0,0.09,15.0,0.15,3.27,0.16,15.0,0.05,0.05,43.235802,1776203828000
1776203830.566,130.566,0.85,3.27,0.84,15.0,0.9,15.0,0.91,15.0,0.1,15.0,0.09,15.0,0.15,3.27,0.16,15.0,0.05,0.05,43.235819,1776203829000
1776203831.189,131.189,0.85,3.27,0.84,15.0,0.9,15.0,0.91,15.0,0.1,15.0,0.09,15.0,0.15,3.27,0.16,15.0,0.05,0.05,43.235819,1776203830000
1776203832.507,132.507,0.85,3.27,0.84,15.0,0.9,15.0,0.91,15.0,0.1,15.0,0.09,15.0,0.15,3.27,0.16,15.0,0.05,0.05,43.235819,1776203831000
1776203833.214,133.214,0.85,3.27,0.84,15.0,0.9,15.0,0.91,15.0,0.1,15.0,0.09,15.0,0.15,3.27,0.16,15.0,0.05,0.05,43.235678,1776203832000
1776203834.144,134.144,0.85,3.27,0.84,15.0,0.9,15.0,0.91,15.0,0.1,15.0,0.09,15.0,0.15,3.27,0.16,15.0,0.05,0.05,43.236718,1776203833000
1776203835.278,135.278,0.85,3.27,0.84,15.0,0.9,15.0,0.91,15.0,0.1,15.0,0.09,15.0,0.15,3.27,0.16,15.0,0.05,0.05,43.237102,1776203834000
1776203836.305,136.305,0.85,3.27,0.84,15.0,0.9,15.0,0.91,15.0,0.1,15.0,0.09,15.0,0.15,3.27,0.16,15.0,0.05,0.05,43.236773,1776203835000
1776203837.362,137.362,0.85,3.27,0.84,15.0,0.9,15.0,0.91,15.0,0.1,15.0,0.09,15.0,0.15,3.27,0.16,15.0,0.05,0.05,43.236926,1776203836000
1776203837.87,137.87,0.85,3.27,0.84,15.0,0.9,15.0,0.91,15.0,0.1,15.0,0.09,15.0,0.15,3.27,0.16,15.0,0.05,0.05,43.237393,1776203837000
1776203838.919,138.919,0.85,3.27,0.84,15.0,0.9,15.0,0.91,15.0,0.1,15.0,0.09,15.0,0.15,3.27,0.16,15.0,0.05,0.05,43.237698,1776203838000
1776203840.084,140.084,0.85,3.27,0.84,15.0,0.9,15.0,0.91,15.0,0.1,15.0,0.09,15.0,0.15,3.27,0.16,15.0,0.05,0.05,43.237878,1776203839000
1776203841.227,141.227,0.85,3.27,0.84,15.0,0.9,15.0,0.91,15.0,0.1,15.0,0.09,15.0,0.15,3.27,0.16,15.0,0.05,0.05,43.238031,1776203840000
1776203842.238,142.238,0.85,3.27,0.84,15.0,0.9,15.0,0.91,15.0,0.1,15.0,0.09,15.0,0.15,3.27,0.16,15.0,0.05,0.05,43.238337,1776203841000
1776203843.324,143.324,0.85,3.27,0.84,15.0,0.9,15.0,0.91,15.0,0.1,15.0,0.09,15.0,0.15,3.27,0.16,15.0,0.05,0.05,43.23845,1776203842000
1776203844.368,144.368,0.85,3.27,0.84,15.0,0.9,15.0,0.91,15.0,0.1,15.0,0.09,15.0,0.15,3.27,0.16,15.0,0.05,0.05,43.245431,1776203843000
1776203844.898,144.898,0.85,3.27,0.84,15.0,0.9,15.0,0.91,15.0,0.1,15.0,0.09,15.0,0.15,3.27,0.16,15.0,0.05,0.05,43.25106,1776203844000
1776203846.04,146.04,0.85,3.27,0.84,15.0,0.9,15.0,0.91,15.0,0.1,15.0,0.09,15.0,0.15,3.27,0.16,15.0,0.05,0.05,43.257605,1776203845000
1776203846.617,146.617,0.87,15.0,0.86,15.0,0.94,8.56,0.95,15.0,0.1,15.0,0.09,15.0,0.15,3.27,0.16,15.0,0.07,0.05,43.257605,1776203845000
1776203847.139,147.139,0.87,15.0,0.86,15.0,0.94,8.56,0.95,15.0,0.06,8.56,0.05,15.0,0.13,15.0,0.14,15.0,0.07,0.07,43.256325,1776203846000
1776203848.125,148.125,0.87,15.0,0.86,15.0,0.94,8.56,0.95,15.0,0.06,8.56,0.05,15.0,0.13,15.0,0.14,15.0,0.07,0.07,43.253224,1776203847000
1776203849.165,149.165,0.87,15.0,0.86,15.0,0.94,8.56,0.95,15.0,0.06,8.56,0.05,15.0,0.13,15.0,0.14,15.0,0.07,0.07,43.252691,1776203848000
1776203850.19,150.19,0.87,15.0,0.86,15.0,0.94,8.56,0.95,15.0,0.06,8.56,0.05,15.0,0.13,15.0,0.14,15.0,0.07,0.07,43.251627,1776203849000
1776203851.328,151.328,0.87,15.0,0.86,15.0,0.94,8.56,0.95,15.0,0.06,8.56,0.05,15.0,0.13,15.0,0.14,15.0,0.07,0.07,43.251474,1776203850000
1776203852.429,152.429,0.87,15.0,0.86,15.0,0.94,8.56,0.95,15.0,0.06,8.56,0.05,15.0,0.13,15.0,0.14,15.0,0.07,0.07,43.251072,1776203851000
1776203852.896,152.896,0.87,15.0,0.86,15.0,0.94,8.56,0.95,15.0,0.06,8.56,0.05,15.0,0.13,15.0,0.14,15.0,0.07,0.07,43.249775,1776203852000
1776203853.996,153.996,0.87,15.0,0.86,15.0,0.94,8.56,0.95,15.0,0.06,8.56,0.05,15.0,0.13,15.0,0.14,15.0,0.07,0.07,43.25153,1776203853000
1776203854.999,154.999,0.87,15.0,0.86,15.0,0.94,8.56,0.95,15.0,0.06,8.56,0.05,15.0,0.13,15.0,0.14,15.0,0.07,0.07,43.254896,1776203854000
1776203856.045,156.045,0.87,15.0,0.86,15.0,0.94,8.56,0.95,15.0,0.06,8.56,0.05,15.0,0.13,15.0,0.14,15.0,0.07,0.07,43.257549,1776203855000
1776203857.104,157.104,0.87,15.0,0.86,15.0,0.94,8.56,0.95,15.0,0.06,8.56,0.05,15.0,0.13,15.0,0.14,15.0,0.07,0.07,43.260698,1776203856000
1776203858.171,158.171,0.87,15.0,0.86,15.0,0.94,8.56,0.95,15.0,0.06,8.56,0.05,15.0,0.13,15.0,0.14,15.0,0.07,0.07,43.261043,1776203857000
1776203859.173,159.173,0.87,15.0,0.86,15.0,0.94,8.56,0.95,15.0,0.06,8.56,0.05,15.0,0.13,15.0,0.14,15.0,0.07,0.07,43.261167,1776203858000
1776203860.288,160.288,0.87,15.0,0.86,15.0,0.94,8.56,0.95,15.0,0.06,8.56,0.05,15.0,0.13,15.0,0.14,15.0,0.07,0.07,43.263965,1776203859000
1776203860.941,160.941,0.87,15.0,0.86,15.0,0.94,8.56,0.95,15.0,0.06,8.56,0.05,15.0,0.13,15.0,0.14,15.0,0.07,0.07,43.265123,1776203860000
1776203862.39,162.39,0.87,15.0,0.86,15.0,0.94,8.56,0.95,15.0,0.06,8.56,0.05,15.0,0.13,15.0,0.14,15.0,0.07,0.07,43.269171,1776203861000
1776203862.942,162.942,0.87,15.0,0.86,15.0,0.94,8.56,0.95,15.0,0.06,8.56,0.05,15.0,0.13,15.0,0.14,15.0,0.07,0.07,43.269171,1776203862000
1776203864.029,164.029,0.87,15.0,0.86,15.0,0.94,8.56,0.95,15.0,0.06,8.56,0.05,15.0,0.13,15.0,0.14,15.0,0.07,0.07,43.268918,1776203863000
1776203865.076,165.076,0.87,15.0,0.86,15.0,0.94,8.56,0.95,15.0,0.06,8.56,0.05,15.0,0.13,15.0,0.14,15.0,0.07,0.07,43.268766,1776203864000
1776203865.91,165.91,0.87,15.0,0.86,15.0,0.94,8.56,0.95,15.0,0.06,8.56,0.05,15.0,0.13,15.0,0.14,15.0,0.07,0.07,43.271646,1776203865000
1776203866.906,166.906,0.87,15.0,0.86,15.0,0.94,8.56,0.95,15.0,0.06,8.56,0.05,15.0,0.13,15.0,0.14,15.0,0.07,0.07,43.272998,1776203866000
1776203867.862,167.862,0.87,15.0,0.86,15.0,0.94,8.56,0.95,15.0,0.06,8.56,0.05,15.0,0.13,15.0,0.14,15.0,0.07,0.07,43.272982,1776203867000
1776203868.792,168.792,0.87,15.0,0.86,15.0,0.94,8.56,0.95,15.0,0.06,8.56,0.05,15.0,0.13,15.0,0.14,15.0,0.07,0.07,43.273319,1776203868000
1776203870.249,170.249,0.87,15.0,0.86,15.0,0.94,8.56,0.95,15.0,0.06,8.56,0.05,15.0,0.13,15.0,0.14,15.0,0.07,0.07,43.273466,1776203869000
1776203871.233,171.233,0.87,15.0,0.86,15.0,0.94,8.56,0.95,15.0,0.06,8.56,0.05,15.0,0.13,15.0,0.14,15.0,0.07,0.07,43.274273,1776203870000
1776203872.226,172.226,0.87,15.0,0.86,15.0,0.94,8.56,0.95,15.0,0.06,8.56,0.05,15.0,0.13,15.0,0.14,15.0,0.07,0.07,43.273898,1776203871000
1776203873.222,173.222,0.87,15.0,0.86,15.0,0.94,8.56,0.95,15.0,0.06,8.56,0.05,15.0,0.13,15.0,0.14,15.0,0.07,0.07,43.273815,1776203872000
1776203873.818,173.818,0.94,15.0,0.93,15.0,0.97,53.28,0.98,25.0,0.06,8.56,0.05,15.0,0.13,15.0,0.14,15.0,0.03,0.07,43.273815,1776203872000
1776203875.026,175.026,0.94,15.0,0.93,15.0,0.97,53.28,0.98,25.0,0.03,53.28,0.02,25.0,0.06,15.0,0.07,15.0,0.03,0.03,43.274091,1776203873000
1776203875.504,175.504,0.94,15.0,0.93,15.0,0.97,53.28,0.98,25.0,0.03,53.28,0.02,25.0,0.06,15.0,0.07,15.0,0.03,0.03,43.274041,1776203874000
1776203876.075,176.075,0.94,15.0,0.93,15.0,0.97,53.28,0.98,25.0,0.03,53.28,0.02,25.0,0.06,15.0,0.07,15.0,0.03,0.03,43.273879,1776203875000
1776203877.14,177.14,0.94,15.0,0.93,15.0,0.97,53.28,0.98,25.0,0.03,53.28,0.02,25.0,0.06,15.0,0.07,15.0,0.03,0.03,43.271548,1776203876000
1776203878.21,178.21,0.94,15.0,0.93,15.0,0.97,53.28,0.98,25.0,0.03,53.28,0.02,25.0,0.06,15.0,0.07,15.0,0.03,0.03,43.266961,1776203877000
1776203879.326,179.326,0.94,15.0,0.93,15.0,0.97,53.28,0.98,25.0,0.03,53.28,0.02,25.0,0.06,15.0,0.07,15.0,0.03,0.03,43.264679,1776203878000
1776203880.502,180.502,0.94,15.0,0.93,15.0,0.97,53.28,0.98,25.0,0.03,53.28,0.02,25.0,0.06,15.0,0.07,15.0,0.03,0.03,43.263975,1776203879000
1776203881.065,181.065,0.94,15.0,0.93,15.0,0.97,53.28,0.98,25.0,0.03,53.28,0.02,25.0,0.06,15.0,0.07,15.0,0.03,0.03,43.263975,1776203880000
1776203882.238,182.238,0.94,15.0,0.93,15.0,0.97,53.28,0.98,25.0,0.03,53.28,0.02,25.0,0.06,15.0,0.07,15.0,0.03,0.03,43.264686,1776203881000
1776203883.323,183.323,0.94,15.0,0.93,15.0,0.97,53.28,0.98,25.0,0.03,53.28,0.02,25.0,0.06,15.0,0.07,15.0,0.03,0.03,43.264357,1776203882000
1776203883.954,183.954,0.94,15.0,0.93,15.0,0.97,53.28,0.98,25.0,0.03,53.28,0.02,25.0,0.06,15.0,0.07,15.0,0.03,0.03,43.264359,1776203883000
1776203885.0,185.0,0.94,15.0,0.93,15.0,0.97,53.28,0.98,25.0,0.03,53.28,0.02,25.0,0.06,15.0,0.07,15.0,0.03,0.03,43.271759,1776203884000
1776203886.187,186.187,0.94,15.0,0.93,15.0,0.97,53.28,0.98,25.0,0.03,53.28,0.02,25.0,0.06,15.0,0.07,15.0,0.03,0.03,43.274586,1776203885000
1776203887.378,187.378,0.94,15.0,0.93,15.0,0.97,53.28,0.98,25.0,0.03,53.28,0.02,25.0,0.06,15.0,0.07,15.0,0.03,0.03,43.27446,1776203886000
1776203888.376,188.376,0.94,15.0,0.93,15.0,0.97,53.28,0.98,25.0,0.03,53.28,0.02,25.0,0.06,15.0,0.07,15.0,0.03,0.03,43.274444,1776203887000
1776203889.492,189.492,0.94,15.0,0.93,15.0,0.97,53.28,0.98,25.0,0.03,53.28,0.02,25.0,0.06,15.0,0.07,15.0,0.03,0.03,43.27453,1776203888000
1776203890.023,190.023,0.94,15.0,0.93,15.0,0.97,53.28,0.98,25.0,0.03,53.28,0.02,25.0,0.06,15.0,0.07,15.0,0.03,0.03,43.275172,1776203889000
1776203891.944,191.944,0.94,15.0,0.93,15.0,0.97,53.28,0.98,25.0,0.03,53.28,0.02,25.0,0.06,15.0,0.07,15.0,0.03,0.03,43.275176,1776203890000
1776203892.393,192.393,0.94,15.0,0.93,15.0,0.97,53.28,0.98,25.0,0.03,53.28,0.02,25.0,0.06,15.0,0.07,15.0,0.03,0.03,43.267926,1776203891000
1776203892.996,192.996,0.94,15.0,0.93,15.0,0.97,53.28,0.98,25.0,0.03,53.28,0.02,25.0,0.06,15.0,0.07,15.0,0.03,0.03,43.267926,1776203892000
1776203894.142,194.142,0.94,15.0,0.93,15.0,0.97,53.28,0.98,25.0,0.03,53.28,0.02,25.0,0.06,15.0,0.07,15.0,0.03,0.03,43.274603,1776203893000
1776203894.388,194.388,0.95,15.0,0.94,15.0,0.97,32.14,0.98,25.0,0.03,53.28,0.02,25.0,0.06,15.0,0.07,15.0,0.02,0.03,43.274603,1776203893000
1776203895.278,195.278,0.95,15.0,0.94,15.0,0.97,32.14,0.98,25.0,0.03,32.14,0.02,25.0,0.05,15.0,0.06,15.0,0.02,0.02,43.272616,1776203894000
1776203896.334,196.334,0.95,15.0,0.94,15.0,0.97,32.14,0.98,25.0,0.03,32.14,0.02,25.0,0.05,15.0,0.06,15.0,0.02,0.02,43.271145,1776203895000
1776203897.465,197.465,0.95,15.0,0.94,15.0,0.97,32.14,0.98,25.0,0.03,32.14,0.02,25.0,0.05,15.0,0.06,15.0,0.02,0.02,43.270823,1776203896000
1776203898.012,198.012,0.95,15.0,0.94,15.0,0.97,32.14,0.98,25.0,0.03,32.14,0.02,25.0,0.05,15.0,0.06,15.0,0.02,0.02,43.274029,1776203897000
1776203898.883,198.883,0.95,15.0,0.94,15.0,0.97,32.14,0.98,25.0,0.03,32.14,0.02,25.0,0.05,15.0,0.06,15.0,0.02,0.02,43.275751,1776203898000
1776203899.181,199.181,0.96,20.0,0.95,15.0,0.97,22.54,0.98,10.0,0.03,32.14,0.02,25.0,0.05,15.0,0.06,15.0,0.01,0.02,43.275751,1776203898000
1776203899.798,199.798,0.96,20.0,0.95,15.0,0.98,2.54,0.99,235.0,0.03,22.54,0.02,10.0,0.04,20.0,0.05,15.0,0.02,0.01,43.275751,1776203898000
1776203901.348,201.348,0.96,20.0,0.95,15.0,0.98,2.54,0.99,235.0,0.02,2.54,0.01,235.0,0.04,20.0,0.05,15.0,0.02,0.02,43.282217,1776203900000
1776203902.013,202.013,0.96,20.0,0.95,15.0,0.98,2.54,0.99,235.0,0.02,2.54,0.01,235.0,0.04,20.0,0.05,15.0,0.02,0.02,43.282162,1776203901000
1776203903.051,203.051,0.96,20.0,0.95,15.0,0.98,2.54,0.99,235.0,0.02,2.54,0.01,235.0,0.04,20.0,0.05,15.0,0.02,0.02,43.282701,1776203902000
1776203904.814,204.814,0.96,20.0,0.95,15.0,0.98,2.54,0.99,235.0,0.02,2.54,0.01,235.0,0.04,20.0,0.05,15.0,0.02,0.02,43.283182,1776203903000
1776203905.24,205.24,0.96,20.0,0.95,15.0,0.98,2.54,0.99,235.0,0.02,2.54,0.01,235.0,0.04,20.0,0.05,15.0,0.02,0.02,43.283028,1776203904000
1776203906.236,206.236,0.96,20.0,0.95,15.0,0.98,2.54,0.99,235.0,0.02,2.54,0.01,235.0,0.04,20.0,0.05,15.0,0.02,0.02,43.282231,1776203905000
1776203907.323,207.323,0.96,20.0,0.95,15.0,0.98,2.54,0.99,235.0,0.02,2.54,0.01,235.0,0.04,20.0,0.05,15.0,0.02,0.02,43.282231,1776203906000
1776203908.298,208.298,0.96,20.0,0.95,15.0,0.98,2.54,0.99,235.0,0.02,2.54,0.01,235.0,0.04,20.0,0.05,15.0,0.02,0.02,43.283286,1776203907000
1776203909.765,209.765,0.96,20.0,0.95,15.0,0.98,2.54,0.99,235.0,0.02,2.54,0.01,235.0,0.04,20.0,0.05,15.0,0.02,0.02,43.284286,1776203908000
1776203910.278,210.278,0.96,20.0,0.95,15.0,0.98,2.54,0.99,235.0,0.02,2.54,0.01,235.0,0.04,20.0,0.05,15.0,0.02,0.02,43.284697,1776203909000
1776203911.306,211.306,0.96,20.0,0.95,15.0,0.98,2.54,0.99,235.0,0.02,2.54,0.01,235.0,0.04,20.0,0.05,15.0,0.02,0.02,43.286001,1776203910000
1776203912.0,212.0,0.96,20.0,0.95,15.0,0.98,2.54,0.99,235.0,0.02,2.54,0.01,235.0,0.04,20.0,0.05,15.0,0.02,0.02,43.286926,1776203911000
1776203912.684,212.684,0.97,20.0,0.96,15.0,0.98,0.5,0.99,235.0,0.02,2.54,0.01,235.0,0.04,20.0,0.05,15.0,0.01,0.02,43.286926,1776203911000
1776203913.037,213.037,0.97,20.0,0.96,15.0,0.98,0.5,0.99,235.0,0.02,0.5,0.01,235.0,0.03,20.0,0.04,15.0,0.01,0.01,43.287529,1776203912000
1776203914.105,214.105,0.97,20.0,0.96,15.0,0.98,0.5,0.99,235.0,0.02,0.5,0.01,235.0,0.03,20.0,0.04,15.0,0.01,0.01,43.286208,1776203913000
1776203915.258,215.258,0.97,20.0,0.96,15.0,0.98,0.5,0.99,235.0,0.02,0.5,0.01,235.0,0.03,20.0,0.04,15.0,0.01,0.01,43.283985,1776203914000
1776203916.245,216.245,0.97,20.0,0.96,15.0,0.98,0.5,0.99,235.0,0.02,0.5,0.01,235.0,0.03,20.0,0.04,15.0,0.01,0.01,43.282701,1776203915000
1776203917.667,217.667,0.97,20.0,0.96,15.0,0.98,0.5,0.99,235.0,0.02,0.5,0.01,235.0,0.03,20.0,0.04,15.0,0.01,0.01,43.282814,1776203916000
1776203918.22,218.22,0.97,20.0,0.96,15.0,0.98,0.5,0.99,235.0,0.02,0.5,0.01,235.0,0.03,20.0,0.04,15.0,0.01,0.01,43.282814,1776203917000
1776203919.181,219.181,0.97,20.0,0.96,15.0,0.98,0.5,0.99,235.0,0.02,0.5,0.01,235.0,0.03,20.0,0.04,15.0,0.01,0.01,43.283918,1776203918000
1776203920.255,220.255,0.97,20.0,0.96,15.0,0.98,0.5,0.99,235.0,0.02,0.5,0.01,235.0,0.03,20.0,0.04,15.0,0.01,0.01,43.290359,1776203919000
1776203921.283,221.283,0.97,20.0,0.96,15.0,0.98,0.5,0.99,235.0,0.02,0.5,0.01,235.0,0.03,20.0,0.04,15.0,0.01,0.01,43.2919,1776203920000
1776203922.297,222.297,0.97,20.0,0.96,15.0,0.98,0.5,0.99,235.0,0.02,0.5,0.01,235.0,0.03,20.0,0.04,15.0,0.01,0.01,43.292024,1776203921000
1776203923.345,223.345,0.97,20.0,0.96,15.0,0.98,0.5,0.99,235.0,0.02,0.5,0.01,235.0,0.03,20.0,0.04,15.0,0.01,0.01,43.292144,1776203922000
1776203924.238,224.238,0.97,20.0,0.96,15.0,0.98,0.5,0.99,235.0,0.02,0.5,0.01,235.0,0.03,20.0,0.04,15.0,0.01,0.01,43.292015,1776203923000
1776203925.3,225.3,0.97,20.0,0.96,15.0,0.98,0.5,0.99,235.0,0.02,0.5,0.01,235.0,0.03,20.0,0.04,15.0,0.01,0.01,43.292312,1776203924000
1776203926.354,226.354,0.97,20.0,0.96,15.0,0.98,0.5,0.99,235.0,0.02,0.5,0.01,235.0,0.03,20.0,0.04,15.0,0.01,0.01,43.292222,1776203925000
1776203927.31,227.31,0.97,20.0,0.96,15.0,0.98,0.5,0.99,235.0,0.02,0.5,0.01,235.0,0.03,20.0,0.04,15.0,0.01,0.01,43.292116,1776203926000
1776203928.312,228.312,0.97,20.0,0.96,15.0,0.98,0.5,0.99,235.0,0.02,0.5,0.01,235.0,0.03,20.0,0.04,15.0,0.01,0.01,43.291489,1776203927000
1776203929.391,229.391,0.97,20.0,0.96,15.0,0.98,0.5,0.99,235.0,0.02,0.5,0.01,235.0,0.03,20.0,0.04,15.0,0.01,0.01,43.291485,1776203928000
1776203930.363,230.363,0.97,20.0,0.96,15.0,0.98,0.5,0.99,235.0,0.02,0.5,0.01,235.0,0.03,20.0,0.04,15.0,0.01,0.01,43.292105,1776203929000
1776203931.274,231.274,0.97,20.0,0.96,15.0,0.98,0.5,0.99,235.0,0.02,0.5,0.01,235.0,0.03,20.0,0.04,15.0,0.01,0.01,43.289188,1776203930000
1776203932.223,232.223,0.97,20.0,0.96,15.0,0.98,0.5,0.99,235.0,0.02,0.5,0.01,235.0,0.03,20.0,0.04,15.0,0.01,0.01,43.288862,1776203931000
1776203933.463,233.463,0.97,20.0,0.96,15.0,0.98,0.5,0.99,235.0,0.02,0.5,0.01,235.0,0.03,20.0,0.04,15.0,0.01,0.01,43.288862,1776203932000
1776203934.115,234.115,0.97,20.0,0.96,15.0,0.98,0.5,0.99,235.0,0.02,0.5,0.01,235.0,0.03,20.0,0.04,15.0,0.01,0.01,43.288682,1776203933000
1776203935.23,235.23,0.97,20.0,0.96,15.0,0.98,0.5,0.99,235.0,0.02,0.5,0.01,235.0,0.03,20.0,0.04,15.0,0.01,0.01,43.288608,1776203934000
1776203936.374,236.374,0.97,20.0,0.96,15.0,0.98,0.5,0.99,235.0,0.02,0.5,0.01,235.0,0.03,20.0,0.04,15.0,0.01,0.01,43.288797,1776203935000
1776203936.883,236.883,0.97,20.0,0.96,15.0,0.98,0.5,0.99,235.0,0.02,0.5,0.01,235.0,0.03,20.0,0.04,15.0,0.01,0.01,43.288468,1776203936000
1776203938.073,238.073,0.97,20.0,0.96,15.0,0.98,0.5,0.99,235.0,0.02,0.5,0.01,235.0,0.03,20.0,0.04,15.0,0.01,0.01,43.28846,1776203937000
1776203939.23,239.23,0.97,20.0,0.96,15.0,0.98,0.5,0.99,235.0,0.02,0.5,0.01,235.0,0.03,20.0,0.04,15.0,0.01,0.01,43.287903,1776203938000
1776203940.464,240.464,0.97,20.0,0.96,15.0,0.98,0.5,0.99,235.0,0.02,0.5,0.01,235.0,0.03,20.0,0.04,15.0,0.01,0.01,43.286285,1776203939000
1776203941.058,241.058,0.97,20.0,0.96,15.0,0.98,0.5,0.99,235.0,0.02,0.5,0.01,235.0,0.03,20.0,0.04,15.0,0.01,0.01,43.286341,1776203940000
1776203942.282,242.282,0.97,20.0,0.96,15.0,0.98,0.5,0.99,235.0,0.02,0.5,0.01,235.0,0.03,20.0,0.04,15.0,0.01,0.01,43.288479,1776203941000
1776203943.373,243.373,0.97,20.0,0.96,15.0,0.98,0.5,0.99,235.0,0.02,0.5,0.01,235.0,0.03,20.0,0.04,15.0,0.01,0.01,43.291995,1776203942000
1776203943.99,243.99,0.97,20.0,0.96,15.0,0.98,0.5,0.99,235.0,0.02,0.5,0.01,235.0,0.03,20.0,0.04,15.0,0.01,0.01,43.292444,1776203943000
1776203945.267,245.267,0.97,20.0,0.96,15.0,0.98,0.5,0.99,235.0,0.02,0.5,0.01,235.0,0.03,20.0,0.04,15.0,0.01,0.01,43.294344,1776203944000
1776203946.442,246.442,0.97,20.0,0.96,15.0,0.99,219.48,,,0.02,0.5,0.01,235.0,0.03,20.0,0.04,15.0,0.02,0.01,43.294344,1776203944000
1776203947.688,247.688,0.97,20.0,0.96,15.0,0.99,219.48,,,0.01,219.48,,,0.03,20.0,0.04,15.0,0.02,0.02,43.292785,1776203946000
1776203948.284,248.284,0.97,20.0,0.96,15.0,0.99,219.48,,,0.01,219.48,,,0.03,20.0,0.04,15.0,0.02,0.02,43.294241,1776203947000
1776203949.366,249.366,0.97,20.0,0.96,15.0,0.99,219.48,,,0.01,219.48,,,0.03,20.0,0.04,15.0,0.02,0.02,43.294691,1776203948000
1776203949.937,249.937,0.97,20.0,0.96,15.0,0.99,219.48,,,0.01,219.48,,,0.03,20.0,0.04,15.0,0.02,0.02,43.295151,1776203949000
1776203951.047,251.047,0.97,20.0,0.96,15.0,0.99,219.48,,,0.01,219.48,,,0.03,20.0,0.04,15.0,0.02,0.02,43.294918,1776203950000
1776203951.566,251.566,0.98,20.0,0.97,20.0,0.99,199.48,,,0.01,219.48,,,0.03,20.0,0.04,15.0,0.01,0.02,43.294918,1776203950000
1776203952.209,252.209,0.98,20.0,0.97,20.0,0.99,199.48,,,0.01,199.48,,,0.02,20.0,0.03,20.0,0.01,0.01,43.295739,1776203951000
1776203952.49,252.49,0.98,20.0,0.97,20.0,0.99,189.48,,,0.01,199.48,,,0.02,20.0,0.03,20.0,0.01,0.01,43.295739,1776203951000
1776203953.325,253.325,0.98,20.0,0.97,20.0,0.99,189.48,,,0.01,189.48,,,0.02,20.0,0.03,20.0,0.01,0.01,43.295739,1776203952000
1776203953.98,253.98,0.98,20.0,0.97,20.0,0.99,169.48,,,0.01,189.48,,,0.02,20.0,0.03,20.0,0.01,0.01,43.295739,1776203952000
1776203954.438,254.438,0.98,20.0,0.97,20.0,0.99,169.48,,,0.01,169.48,,,0.02,20.0,0.03,20.0,0.01,0.01,43.296226,1776203953000
1776203955.103,255.103,0.98,20.0,0.97,20.0,0.99,159.48,,,0.01,169.48,,,0.02,20.0,0.03,20.0,0.01,0.01,43.296226,1776203953000
1776203956.316,256.316,0.98,20.0,0.97,20.0,0.99,149.48,,,0.01,149.48,,,0.02,20.0,0.03,20.0,0.01,0.01,43.299059,1776203955000
1776203957.443,257.443,0.99,850.52,0.98,20.0,,,,,,,,,0.01,850.52,0.02,20.0,,,43.297639,1776203956000
1776203957.964,257.964,0.99,850.52,0.98,20.0,,,,,,,,,0.01,850.52,0.02,20.0,,,43.297281,1776203957000
1776203959.103,259.103,0.99,850.52,0.98,20.0,,,,,,,,,0.01,850.52,0.02,20.0,,,43.298713,1776203958000
1776203960.199,260.199,0.99,850.52,0.98,20.0,,,,,,,,,0.01,850.52,0.02,20.0,,,43.298261,1776203959000
1776203961.283,261.283,0.99,850.52,0.98,20.0,,,,,,,,,0.01,850.52,0.02,20.0,,,43.298369,1776203960000
1776203962.32,262.32,0.99,850.52,0.98,20.0,,,,,,,,,0.01,850.52,0.02,20.0,,,43.29902,1776203961000
1776203963.337,263.337,0.99,850.52,0.98,20.0,,,,,,,,,0.01,850.52,0.02,20.0,,,43.29902,1776203962000
1776203964.268,264.268,0.99,850.52,0.98,20.0,,,,,,,,,0.01,850.52,0.02,20.0,,,43.298557,1776203963000
1776203965.264,265.264,0.99,850.52,0.98,20.0,,,,,,,,,0.01,850.52,0.02,20.0,,,43.298245,1776203964000
1776203966.2,266.2,0.99,850.52,0.98,20.0,,,,,,,,,0.01,850.52,0.02,20.0,,,43.297934,1776203965000
1776203967.139,267.139,0.99,850.52,0.98,20.0,,,,,,,,,0.01,850.52,0.02,20.0,,,43.297544,1776203966000
1776203968.115,268.115,0.99,850.52,0.98,20.0,,,,,,,,,0.01,850.52,0.02,20.0,,,43.298629,1776203967000
1776203969.132,269.132,0.99,850.52,0.98,20.0,,,,,,,,,0.01,850.52,0.02,20.0,,,43.300564,1776203968000
1776203970.127,270.127,0.99,850.52,0.98,20.0,,,,,,,,,0.01,850.52,0.02,20.0,,,43.300564,1776203969000
1776203971.008,271.008,0.99,850.52,0.98,20.0,,,,,,,,,0.01,850.52,0.02,20.0,,,43.300101,1776203970000
1776203972.031,272.031,0.99,850.52,0.98,20.0,,,,,,,,,0.01,850.52,0.02,20.0,,,43.300245,1776203971000
1776203972.913,272.913,0.99,850.52,0.98,20.0,,,,,,,,,0.01,850.52,0.02,20.0,,,43.30022,1776203972000
1776203973.993,273.993,0.99,850.52,0.98,20.0,,,,,,,,,0.01,850.52,0.02,20.0,,,43.300301,1776203973000
1776203975.005,275.005,0.99,850.52,0.98,20.0,,,,,,,,,0.01,850.52,0.02,20.0,,,43.300456,1776203974000
1776203975.954,275.954,0.99,850.52,0.98,20.0,,,,,,,,,0.01,850.52,0.02,20.0,,,43.300295,1776203975000
1776203977.054,277.054,0.99,850.52,0.98,20.0,,,,,,,,,0.01,850.52,0.02,20.0,,,43.299226,1776203976000
1776203977.916,277.916,0.99,850.52,0.98,20.0,,,,,,,,,0.01,850.52,0.02,20.0,,,43.297452,1776203977000
1776203978.916,278.916,0.99,850.52,0.98,20.0,,,,,,,,,0.01,850.52,0.02,20.0,,,43.297425,1776203978000
1776203979.918,279.918,0.99,850.52,0.98,20.0,,,,,,,,,0.01,850.52,0.02,20.0,,,43.296064,1776203979000
1776203981.006,281.006,0.99,850.52,0.98,20.0,,,,,,,,,0.01,850.52,0.02,20.0,,,43.295554,1776203980000
1776203981.953,281.953,0.99,850.52,0.98,20.0,,,,,,,,,0.01,850.52,0.02,20.0,,,43.295697,1776203981000
1776203982.853,282.853,0.99,850.52,0.98,20.0,,,,,,,,,0.01,850.52,0.02,20.0,,,43.295233,1776203982000
1776203983.822,283.822,0.99,850.52,0.98,20.0,,,,,,,,,0.01,850.52,0.02,20.0,,,43.295056,1776203983000
1776203984.82,284.82,0.99,850.52,0.98,20.0,,,,,,,,,0.01,850.52,0.02,20.0,,,43.295132,1776203984000
1776203986.372,286.372,0.99,850.52,0.98,20.0,,,,,,,,,0.01,850.52,0.02,20.0,,,43.295304,1776203985000
1776203987.774,287.774,0.99,850.52,0.98,20.0,,,,,,,,,0.01,850.52,0.02,20.0,,,43.295227,1776203986000
1776203988.591,288.591,0.99,850.52,0.98,20.0,,,,,,,,,0.01,850.52,0.02,20.0,,,43.295072,1776203987000
1776203989.657,289.657,0.99,850.52,0.98,20.0,,,,,,,,,0.01,850.52,0.02,20.0,,,43.294588,1776203988000
1776203990.34,290.34,0.99,850.52,0.98,20.0,,,,,,,,,0.01,850.52,0.02,20.0,,,43.294349,1776203989000
1776203991.088,291.088,0.99,850.52,0.98,20.0,,,,,,,,,0.01,850.52,0.02,20.0,,,43.294805,1776203990000
1776203992.231,292.231,0.99,850.52,0.98,20.0,,,,,,,,,0.01,850.52,0.02,20.0,,,43.294348,1776203991000
1776203993.583,293.583,0.99,850.52,0.98,20.0,,,,,,,,,0.01,850.52,0.02,20.0,,,43.294348,1776203992000
1776203994.222,294.222,0.99,850.52,0.98,20.0,,,,,,,,,0.01,850.52,0.02,20.0,,,43.294597,1776203993000
1776203995.484,295.484,0.99,850.52,0.98,20.0,,,,,,,,,0.01,850.52,0.02,20.0,,,43.294601,1776203994000
1776203996.123,296.123,0.99,850.52,0.98,20.0,,,,,,,,,0.01,850.52,0.02,20.0,,,43.295002,1776203995000
1776203997.398,297.398,0.99,850.52,0.98,20.0,,,,,,,,,0.01,850.52,0.02,20.0,,,43.294483,1776203996000
1776203998.062,298.062,0.99,850.52,0.98,20.0,,,,,,,,,0.01,850.52,0.02,20.0,,,43.294483,1776203997000
1776203999.315,299.315,0.99,850.52,0.98,20.0,,,,,,,,,0.01,850.52,0.02,20.0,,,43.294532,1776203998000
1776204000.478,300.478,0.99,850.52,0.98,20.0,,,,,,,,,0.01,850.52,0.02,20.0,,,43.294553,1776203999000

# RESULT,winner=Up,slug=hype-updown-5m-1776203700,ticks=297
