timestamp,elapsed_sec,up_bid_p1,up_bid_s1,up_bid_p2,up_bid_s2,up_ask_p1,up_ask_s1,up_ask_p2,up_ask_s2,down_bid_p1,down_bid_s1,down_bid_p2,down_bid_s2,down_ask_p1,down_ask_s1,down_ask_p2,down_ask_s2,up_spread,down_spread,hype_price,hype_oracle_ts
1776193801.51,1.51,0.51,5.0,0.41,12.0,0.62,13.0,0.89,100.0,0.38,13.0,0.11,100.0,0.49,5.0,0.59,12.0,0.11,0.11,43.5217,1776193800000
1776193802.059,2.059,0.51,5.0,0.41,12.0,0.62,13.0,0.89,100.0,0.38,13.0,0.11,100.0,0.49,5.0,0.59,12.0,0.11,0.11,43.5217,1776193800000
1776193802.366,2.366,0.51,5.0,0.41,12.0,0.62,13.0,0.89,100.0,0.38,13.0,0.11,100.0,0.49,5.0,0.59,12.0,0.11,0.11,43.5198,1776193801000
1776193802.946,2.946,0.51,5.0,0.41,12.0,0.62,13.0,0.89,100.0,0.38,13.0,0.11,100.0,0.49,5.0,0.59,12.0,0.11,0.11,43.5196,1776193802000
1776193804.04,4.04,0.51,5.0,0.41,12.0,0.62,13.0,0.89,100.0,0.38,13.0,0.11,100.0,0.49,5.0,0.59,12.0,0.11,0.11,43.515724,1776193803000
1776193804.679,4.679,0.34,24.0,0.33,5.0,0.51,5.0,0.55,11.0,0.38,13.0,0.11,100.0,0.49,5.0,0.59,12.0,0.17,0.11,43.515724,1776193803000
1776193812.61,12.61,0.34,24.0,0.33,5.0,0.51,5.0,0.55,11.0,0.49,5.0,0.45,11.0,0.66,24.0,0.67,5.0,0.17,0.17,43.5033,1776193811000
1776193813.405,13.405,0.34,24.0,0.33,5.0,0.51,5.0,0.55,11.0,0.49,5.0,0.45,11.0,0.66,24.0,0.67,5.0,0.17,0.17,43.5036,1776193812000
1776193814.64,14.64,0.34,24.0,0.33,5.0,0.51,5.0,0.55,11.0,0.49,5.0,0.45,11.0,0.66,24.0,0.67,5.0,0.17,0.17,43.5016,1776193813000
1776193815.246,15.246,0.34,24.0,0.33,5.0,0.51,5.0,0.55,11.0,0.49,5.0,0.45,11.0,0.66,24.0,0.67,5.0,0.17,0.17,43.5016,1776193814000
1776193816.488,16.488,0.34,24.0,0.33,5.0,0.51,5.0,0.55,11.0,0.49,5.0,0.45,11.0,0.66,24.0,0.67,5.0,0.17,0.17,43.5016,1776193815000
1776193817.042,17.042,0.34,24.0,0.33,5.0,0.51,5.0,0.55,11.0,0.49,5.0,0.45,11.0,0.66,24.0,0.67,5.0,0.17,0.17,43.5016,1776193816000
1776193818.143,18.143,0.34,24.0,0.33,5.0,0.51,5.0,0.55,11.0,0.49,5.0,0.45,11.0,0.66,24.0,0.67,5.0,0.17,0.17,43.5015,1776193817000
1776193819.377,19.377,0.34,24.0,0.33,5.0,0.51,5.0,0.55,11.0,0.49,5.0,0.45,11.0,0.66,24.0,0.67,5.0,0.17,0.17,43.5015,1776193818000
1776193820.534,20.534,0.34,24.0,0.33,5.0,0.51,5.0,0.55,11.0,0.49,5.0,0.45,11.0,0.66,24.0,0.67,5.0,0.17,0.17,43.5014,1776193819000
1776193821.013,21.013,0.34,24.0,0.33,5.0,0.51,5.0,0.55,11.0,0.49,5.0,0.45,11.0,0.66,24.0,0.67,5.0,0.17,0.17,43.5008,1776193820000
1776193822.172,22.172,0.34,24.0,0.33,5.0,0.51,5.0,0.55,11.0,0.49,5.0,0.45,11.0,0.66,24.0,0.67,5.0,0.17,0.17,43.500126,1776193821000
1776193823.358,23.358,0.34,24.0,0.33,5.0,0.51,5.0,0.55,11.0,0.49,5.0,0.45,11.0,0.66,24.0,0.67,5.0,0.17,0.17,43.4984,1776193822000
1776193823.992,23.992,0.34,24.0,0.33,5.0,0.51,5.0,0.55,11.0,0.49,5.0,0.45,11.0,0.66,24.0,0.67,5.0,0.17,0.17,43.4975,1776193823000
1776193825.106,25.106,0.34,24.0,0.33,5.0,0.51,5.0,0.55,11.0,0.49,5.0,0.45,11.0,0.66,24.0,0.67,5.0,0.17,0.17,43.496749,1776193824000
1776193826.381,26.381,0.34,24.0,0.33,5.0,0.51,5.0,0.55,11.0,0.49,5.0,0.45,11.0,0.66,24.0,0.67,5.0,0.17,0.17,43.4961,1776193825000
1776193827.842,27.842,0.34,24.0,0.33,5.0,0.51,5.0,0.55,11.0,0.49,5.0,0.45,11.0,0.66,24.0,0.67,5.0,0.17,0.17,43.4956,1776193826000
1776193828.539,28.539,0.34,24.0,0.33,5.0,0.51,5.0,0.55,11.0,0.49,5.0,0.45,11.0,0.66,24.0,0.67,5.0,0.17,0.17,43.4956,1776193827000
1776193829.263,29.263,0.34,24.0,0.33,5.0,0.51,5.0,0.55,11.0,0.49,5.0,0.45,11.0,0.66,24.0,0.67,5.0,0.17,0.17,43.4953,1776193828000
1776193830.825,30.825,0.34,24.0,0.33,5.0,0.51,5.0,0.55,11.0,0.49,5.0,0.45,11.0,0.66,24.0,0.67,5.0,0.17,0.17,43.495609,1776193829000
1776193831.632,31.632,0.34,24.0,0.33,5.0,0.51,5.0,0.55,11.0,0.49,5.0,0.45,11.0,0.66,24.0,0.67,5.0,0.17,0.17,43.4945,1776193830000
1776193832.578,32.578,0.34,24.0,0.33,5.0,0.51,5.0,0.55,11.0,0.49,5.0,0.45,11.0,0.66,24.0,0.67,5.0,0.17,0.17,43.4945,1776193831000
1776193833.404,33.404,0.34,24.0,0.33,5.0,0.51,5.0,0.55,11.0,0.49,5.0,0.45,11.0,0.66,24.0,0.67,5.0,0.17,0.17,43.493727,1776193832000
1776193834.237,34.237,0.34,24.0,0.33,5.0,0.51,5.0,0.55,11.0,0.49,5.0,0.45,11.0,0.66,24.0,0.67,5.0,0.17,0.17,43.493059,1776193833000
1776193835.862,35.862,0.34,24.0,0.33,5.0,0.51,5.0,0.55,11.0,0.49,5.0,0.45,11.0,0.66,24.0,0.67,5.0,0.17,0.17,43.492425,1776193834000
1776193836.587,36.587,0.34,24.0,0.33,5.0,0.51,5.0,0.55,11.0,0.49,5.0,0.45,11.0,0.66,24.0,0.67,5.0,0.17,0.17,43.492374,1776193835000
1776193837.299,37.299,0.34,24.0,0.33,5.0,0.51,5.0,0.55,11.0,0.49,5.0,0.45,11.0,0.66,24.0,0.67,5.0,0.17,0.17,43.4923,1776193836000
1776193838.919,38.919,0.34,24.0,0.33,5.0,0.51,5.0,0.55,11.0,0.49,5.0,0.45,11.0,0.66,24.0,0.67,5.0,0.17,0.17,43.4923,1776193837000
1776193839.655,39.655,0.3,16.0,0.26,5.0,0.5,3.0,0.51,15.0,0.5,3.0,0.49,15.0,0.7,16.0,0.74,5.0,0.2,0.2,43.490071,1776193838000
1776193840.338,40.338,0.3,16.0,0.26,5.0,0.5,3.0,0.51,15.0,0.5,3.0,0.49,15.0,0.7,16.0,0.74,5.0,0.2,0.2,43.490138,1776193839000
1776193840.769,40.769,0.3,16.0,0.26,5.0,0.5,1.3,0.51,15.0,0.5,3.0,0.49,15.0,0.7,16.0,0.74,5.0,0.2,0.2,43.490138,1776193839000
1776193841.835,41.835,0.3,16.0,0.26,5.0,0.5,1.3,0.51,15.0,0.5,1.3,0.49,15.0,0.7,16.0,0.74,5.0,0.2,0.2,43.4864,1776193840000
1776193842.671,42.671,0.3,16.0,0.26,5.0,0.5,1.3,0.51,15.0,0.5,1.3,0.49,15.0,0.7,16.0,0.74,5.0,0.2,0.2,43.485957,1776193841000
1776193843.463,43.463,0.3,16.0,0.26,5.0,0.5,1.3,0.51,15.0,0.5,1.3,0.49,15.0,0.7,16.0,0.74,5.0,0.2,0.2,43.485617,1776193842000
1776193844.114,44.114,0.3,16.0,0.26,5.0,0.5,1.3,0.51,15.0,0.5,1.3,0.49,15.0,0.7,16.0,0.74,5.0,0.2,0.2,43.485617,1776193843000
1776193845.921,45.921,0.3,16.0,0.26,5.0,0.5,1.3,0.51,15.0,0.5,1.3,0.49,15.0,0.7,16.0,0.74,5.0,0.2,0.2,43.484142,1776193844000
1776193846.499,46.499,0.3,16.0,0.26,5.0,0.5,1.3,0.51,15.0,0.5,1.3,0.49,15.0,0.7,16.0,0.74,5.0,0.2,0.2,43.4838,1776193845000
1776193847.115,47.115,0.3,16.0,0.26,5.0,0.5,1.3,0.51,15.0,0.5,1.3,0.49,15.0,0.7,16.0,0.74,5.0,0.2,0.2,43.4838,1776193846000
1776193848.158,48.158,0.3,16.0,0.26,5.0,0.5,1.3,0.51,15.0,0.5,1.3,0.49,15.0,0.7,16.0,0.74,5.0,0.2,0.2,43.483048,1776193847000
1776193849.25,49.25,0.3,16.0,0.26,5.0,0.5,1.3,0.51,15.0,0.5,1.3,0.49,15.0,0.7,16.0,0.74,5.0,0.2,0.2,43.482948,1776193848000
1776193850.316,50.316,0.3,16.0,0.26,5.0,0.5,1.3,0.51,15.0,0.5,1.3,0.49,15.0,0.7,16.0,0.74,5.0,0.2,0.2,43.482913,1776193849000
1776193850.988,50.988,0.3,16.0,0.26,5.0,0.5,1.3,0.51,15.0,0.5,1.3,0.49,15.0,0.7,16.0,0.74,5.0,0.2,0.2,43.482658,1776193850000
1776193852.093,52.093,0.3,16.0,0.26,5.0,0.5,1.3,0.51,15.0,0.5,1.3,0.49,15.0,0.7,16.0,0.74,5.0,0.2,0.2,43.482223,1776193851000
1776193853.17,53.17,0.3,16.0,0.26,5.0,0.5,1.3,0.51,15.0,0.5,1.3,0.49,15.0,0.7,16.0,0.74,5.0,0.2,0.2,43.482203,1776193852000
1776193854.304,54.304,0.3,16.0,0.26,5.0,0.5,1.3,0.51,15.0,0.5,1.3,0.49,15.0,0.7,16.0,0.74,5.0,0.2,0.2,43.481786,1776193853000
1776193855.461,55.461,0.3,16.0,0.26,5.0,0.5,1.3,0.51,15.0,0.5,1.3,0.49,15.0,0.7,16.0,0.74,5.0,0.2,0.2,43.481938,1776193854000
1776193855.936,55.936,0.3,16.0,0.26,5.0,0.5,1.3,0.51,15.0,0.5,1.3,0.49,15.0,0.7,16.0,0.74,5.0,0.2,0.2,43.4817,1776193855000
1776193857.032,57.032,0.3,16.0,0.26,5.0,0.5,1.3,0.51,15.0,0.5,1.3,0.49,15.0,0.7,16.0,0.74,5.0,0.2,0.2,43.481787,1776193856000
1776193858.055,58.055,0.3,16.0,0.26,5.0,0.5,1.3,0.51,15.0,0.5,1.3,0.49,15.0,0.7,16.0,0.74,5.0,0.2,0.2,43.48199,1776193857000
1776193859.225,59.225,0.3,16.0,0.26,5.0,0.5,1.3,0.51,15.0,0.5,1.3,0.49,15.0,0.7,16.0,0.74,5.0,0.2,0.2,43.482017,1776193858000
1776193860.33,60.33,0.3,16.0,0.26,5.0,0.5,1.3,0.51,15.0,0.5,1.3,0.49,15.0,0.7,16.0,0.74,5.0,0.2,0.2,43.482037,1776193859000
1776193860.979,60.979,0.3,16.0,0.26,5.0,0.5,1.3,0.51,15.0,0.5,1.3,0.49,15.0,0.7,16.0,0.74,5.0,0.2,0.2,43.482009,1776193860000
1776193861.951,61.951,0.3,16.0,0.26,5.0,0.5,1.3,0.51,15.0,0.5,1.3,0.49,15.0,0.7,16.0,0.74,5.0,0.2,0.2,43.481948,1776193861000
1776193862.969,62.969,0.3,16.0,0.26,5.0,0.5,1.3,0.51,15.0,0.5,1.3,0.49,15.0,0.7,16.0,0.74,5.0,0.2,0.2,43.479538,1776193862000
1776193864.022,64.022,0.3,16.0,0.26,5.0,0.5,1.3,0.51,15.0,0.5,1.3,0.49,15.0,0.7,16.0,0.74,5.0,0.2,0.2,43.479776,1776193863000
1776193865.008,65.008,0.3,16.0,0.26,5.0,0.5,1.3,0.51,15.0,0.5,1.3,0.49,15.0,0.7,16.0,0.74,5.0,0.2,0.2,43.480616,1776193864000
1776193866.161,66.161,0.3,16.0,0.26,5.0,0.5,1.3,0.51,15.0,0.5,1.3,0.49,15.0,0.7,16.0,0.74,5.0,0.2,0.2,43.480532,1776193865000
1776193867.166,67.166,0.3,16.0,0.26,5.0,0.5,1.3,0.51,15.0,0.5,1.3,0.49,15.0,0.7,16.0,0.74,5.0,0.2,0.2,43.481297,1776193866000
1776193868.193,68.193,0.3,16.0,0.26,5.0,0.5,1.3,0.51,15.0,0.5,1.3,0.49,15.0,0.7,16.0,0.74,5.0,0.2,0.2,43.481149,1776193867000
1776193869.372,69.372,0.3,16.0,0.26,5.0,0.5,1.3,0.51,15.0,0.5,1.3,0.49,15.0,0.7,16.0,0.74,5.0,0.2,0.2,43.480108,1776193868000
1776193870.362,70.362,0.3,16.0,0.26,5.0,0.5,1.3,0.51,15.0,0.5,1.3,0.49,15.0,0.7,16.0,0.74,5.0,0.2,0.2,43.479746,1776193869000
1776193871.346,71.346,0.3,16.0,0.26,5.0,0.5,1.3,0.51,15.0,0.5,1.3,0.49,15.0,0.7,16.0,0.74,5.0,0.2,0.2,43.478217,1776193870000
1776193872.324,72.324,0.3,16.0,0.26,5.0,0.5,1.3,0.51,15.0,0.5,1.3,0.49,15.0,0.7,16.0,0.74,5.0,0.2,0.2,43.4764,1776193871000
1776193872.929,72.929,0.3,16.0,0.26,5.0,0.5,1.3,0.51,15.0,0.5,1.3,0.49,15.0,0.7,16.0,0.74,5.0,0.2,0.2,43.4764,1776193872000
1776193874.292,74.292,0.3,16.0,0.26,5.0,0.5,1.3,0.51,15.0,0.5,1.3,0.49,15.0,0.7,16.0,0.74,5.0,0.2,0.2,43.474907,1776193873000
1776193876.114,76.114,0.3,16.0,0.26,5.0,0.5,1.3,0.51,15.0,0.5,1.3,0.49,15.0,0.7,16.0,0.74,5.0,0.2,0.2,43.474239,1776193874000
1776193877.341,77.341,0.3,16.0,0.26,5.0,0.5,1.3,0.51,15.0,0.5,1.3,0.49,15.0,0.7,16.0,0.74,5.0,0.2,0.2,43.4724,1776193875000
1776193878.2,78.2,0.3,16.0,0.26,5.0,0.5,1.3,0.51,15.0,0.5,1.3,0.49,15.0,0.7,16.0,0.74,5.0,0.2,0.2,43.471096,1776193876000
1776193879.048,79.048,0.3,16.0,0.26,5.0,0.5,1.3,0.51,15.0,0.5,1.3,0.49,15.0,0.7,16.0,0.74,5.0,0.2,0.2,43.470771,1776193877000
1776193880.087,80.087,0.3,16.0,0.26,5.0,0.5,1.3,0.51,15.0,0.5,1.3,0.49,15.0,0.7,16.0,0.74,5.0,0.2,0.2,43.470668,1776193878000
1776193881.003,81.003,0.3,16.0,0.26,5.0,0.5,1.3,0.51,15.0,0.5,1.3,0.49,15.0,0.7,16.0,0.74,5.0,0.2,0.2,43.4712,1776193879000
1776193881.77,81.77,0.3,16.0,0.26,5.0,0.5,1.3,0.51,15.0,0.5,1.3,0.49,15.0,0.7,16.0,0.74,5.0,0.2,0.2,43.470623,1776193880000
1776193882.606,82.606,0.3,16.0,0.26,5.0,0.5,1.3,0.51,15.0,0.5,1.3,0.49,15.0,0.7,16.0,0.74,5.0,0.2,0.2,43.470057,1776193881000
1776193883.289,83.289,0.3,16.0,0.26,5.0,0.5,1.3,0.51,15.0,0.5,1.3,0.49,15.0,0.7,16.0,0.74,5.0,0.2,0.2,43.468959,1776193882000
1776193884.291,84.291,0.3,16.0,0.26,5.0,0.5,1.3,0.51,15.0,0.5,1.3,0.49,15.0,0.7,16.0,0.74,5.0,0.2,0.2,43.4672,1776193883000
1776193885.848,85.848,0.3,16.0,0.26,5.0,0.5,1.3,0.51,15.0,0.5,1.3,0.49,15.0,0.7,16.0,0.74,5.0,0.2,0.2,43.46154,1776193884000
1776193886.79,86.79,0.3,16.0,0.26,5.0,0.5,1.3,0.51,15.0,0.5,1.3,0.49,15.0,0.7,16.0,0.74,5.0,0.2,0.2,43.46157,1776193885000
1776193887.743,87.743,0.3,16.0,0.26,5.0,0.5,1.3,0.51,15.0,0.5,1.3,0.49,15.0,0.7,16.0,0.74,5.0,0.2,0.2,43.461317,1776193886000
1776193888.702,88.702,0.3,16.0,0.26,5.0,0.5,1.3,0.51,15.0,0.5,1.3,0.49,15.0,0.7,16.0,0.74,5.0,0.2,0.2,43.461952,1776193887000
1776193889.677,89.677,0.3,16.0,0.26,5.0,0.5,1.3,0.51,15.0,0.5,1.3,0.49,15.0,0.7,16.0,0.74,5.0,0.2,0.2,43.465418,1776193888000
1776193890.811,90.811,0.3,16.0,0.26,5.0,0.5,1.3,0.51,15.0,0.5,1.3,0.49,15.0,0.7,16.0,0.74,5.0,0.2,0.2,43.468436,1776193889000
1776193891.203,91.203,0.23,15.0,0.22,15.0,0.27,0.81,0.36,5.0,0.68,7.0,0.62,15.0,0.74,13.5,0.75,15.0,0.04,0.06,43.468436,1776193889000
1776193891.672,91.672,0.23,15.0,0.22,15.0,0.27,0.81,0.36,5.0,0.73,0.81,0.64,5.0,0.77,15.0,0.78,15.0,0.04,0.04,43.469079,1776193890000
1776193892.882,92.882,0.23,15.0,0.22,15.0,0.27,0.81,0.36,5.0,0.73,0.81,0.64,5.0,0.77,15.0,0.78,15.0,0.04,0.04,43.4709,1776193891000
1776193893.693,93.693,0.23,15.0,0.22,15.0,0.27,0.81,0.36,5.0,0.73,0.81,0.64,5.0,0.77,15.0,0.78,15.0,0.04,0.04,43.4699,1776193892000
1776193894.655,94.655,0.23,15.0,0.22,15.0,0.27,0.81,0.36,5.0,0.73,0.81,0.64,5.0,0.77,15.0,0.78,15.0,0.04,0.04,43.466887,1776193893000
1776193895.639,95.639,0.23,15.0,0.22,15.0,0.27,0.81,0.36,5.0,0.73,0.81,0.64,5.0,0.77,15.0,0.78,15.0,0.04,0.04,43.460247,1776193894000
1776193896.639,96.639,0.23,15.0,0.22,15.0,0.27,0.81,0.36,5.0,0.73,0.81,0.64,5.0,0.77,15.0,0.78,15.0,0.04,0.04,43.459556,1776193895000
1776193897.789,97.789,0.23,15.0,0.22,15.0,0.27,0.81,0.36,5.0,0.73,0.81,0.64,5.0,0.77,15.0,0.78,15.0,0.04,0.04,43.46011,1776193896000
1776193898.517,98.517,0.23,15.0,0.22,15.0,0.27,0.81,0.36,5.0,0.73,0.81,0.64,5.0,0.77,15.0,0.78,15.0,0.04,0.04,43.460276,1776193897000
1776193899.3,99.3,0.23,15.0,0.22,15.0,0.27,0.81,0.36,5.0,0.73,0.81,0.64,5.0,0.77,15.0,0.78,15.0,0.04,0.04,43.4534,1776193898000
1776193900.755,100.755,0.23,15.0,0.22,15.0,0.27,0.81,0.36,5.0,0.73,0.81,0.64,5.0,0.77,15.0,0.78,15.0,0.04,0.04,43.4485,1776193899000
1776193901.144,101.144,0.11,15.0,0.1,20.0,0.22,4.99,0.23,26.0,0.73,0.81,0.64,5.0,0.77,15.0,0.78,15.0,0.11,0.04,43.4485,1776193899000
1776193901.446,101.446,0.11,15.0,0.1,20.0,0.22,4.99,0.23,26.0,0.78,4.99,0.77,26.0,0.89,15.0,0.9,20.0,0.11,0.11,43.444673,1776193900000
1776193902.074,102.074,0.11,15.0,0.1,20.0,0.22,4.99,0.23,26.0,0.78,4.99,0.77,26.0,0.89,15.0,0.9,20.0,0.11,0.11,43.4399,1776193901000
1776193903.614,103.614,0.11,15.0,0.1,20.0,0.22,4.99,0.23,26.0,0.78,4.99,0.77,26.0,0.89,15.0,0.9,20.0,0.11,0.11,43.431512,1776193902000
1776193904.3,104.3,0.11,15.0,0.1,20.0,0.22,4.99,0.23,26.0,0.78,4.99,0.77,26.0,0.89,15.0,0.9,20.0,0.11,0.11,43.435367,1776193903000
1776193905.675,105.675,0.11,15.0,0.1,20.0,0.22,4.99,0.23,26.0,0.78,4.99,0.77,26.0,0.89,15.0,0.9,20.0,0.11,0.11,43.43558,1776193904000
1776193906.274,106.274,0.11,15.0,0.1,20.0,0.22,4.99,0.23,26.0,0.78,4.99,0.77,26.0,0.89,15.0,0.9,20.0,0.11,0.11,43.43558,1776193905000
1776193907.779,107.779,0.11,15.0,0.1,20.0,0.22,4.99,0.23,26.0,0.78,4.99,0.77,26.0,0.89,15.0,0.9,20.0,0.11,0.11,43.436569,1776193906000
1776193908.483,108.483,0.11,15.0,0.1,20.0,0.22,4.99,0.23,26.0,0.78,4.99,0.77,26.0,0.89,15.0,0.9,20.0,0.11,0.11,43.436569,1776193907000
1776193909.109,109.109,0.1,9.44,0.09,15.0,0.19,11.0,0.21,15.0,0.78,4.99,0.77,26.0,0.89,15.0,0.9,20.0,0.09,0.11,43.436569,1776193907000
1776193910.498,110.498,0.1,9.44,0.09,15.0,0.19,11.0,0.21,15.0,0.81,11.0,0.79,15.0,0.9,9.44,0.91,15.0,0.09,0.09,43.436446,1776193909000
1776193911.182,111.182,0.1,9.44,0.09,15.0,0.19,11.0,0.21,15.0,0.81,11.0,0.79,15.0,0.9,9.44,0.91,15.0,0.09,0.09,43.432497,1776193910000
1776193912.548,112.548,0.1,9.44,0.09,15.0,0.19,11.0,0.21,15.0,0.81,11.0,0.79,15.0,0.9,9.44,0.91,15.0,0.09,0.09,43.419553,1776193911000
1776193913.299,113.299,0.1,9.44,0.09,15.0,0.19,11.0,0.21,15.0,0.81,11.0,0.79,15.0,0.9,9.44,0.91,15.0,0.09,0.09,43.418468,1776193912000
1776193914.516,114.516,0.1,9.44,0.09,15.0,0.19,11.0,0.21,15.0,0.81,11.0,0.79,15.0,0.9,9.44,0.91,15.0,0.09,0.09,43.411,1776193913000
1776193915.376,115.376,0.1,9.44,0.09,15.0,0.19,11.0,0.21,15.0,0.81,11.0,0.79,15.0,0.9,9.44,0.91,15.0,0.09,0.09,43.4064,1776193914000
1776193915.969,115.969,0.1,9.44,0.09,15.0,0.19,11.0,0.21,15.0,0.81,11.0,0.79,15.0,0.9,9.44,0.91,15.0,0.09,0.09,43.405569,1776193915000
1776193916.905,116.905,0.06,13.93,0.05,15.0,0.12,15.0,0.13,20.0,0.81,11.0,0.79,15.0,0.9,9.44,0.91,15.0,0.06,0.09,43.405569,1776193915000
1776193917.897,117.897,0.06,13.93,0.05,15.0,0.12,15.0,0.13,20.0,0.88,15.0,0.87,20.0,0.94,13.93,0.95,15.0,0.06,0.06,43.402429,1776193917000
1776193919.01,119.01,0.06,13.93,0.05,15.0,0.12,15.0,0.13,20.0,0.88,15.0,0.87,20.0,0.94,13.93,0.95,15.0,0.06,0.06,43.398511,1776193918000
1776193919.988,119.988,0.06,13.93,0.05,15.0,0.12,15.0,0.13,20.0,0.88,15.0,0.87,20.0,0.94,13.93,0.95,15.0,0.06,0.06,43.398531,1776193919000
1776193921.024,121.024,0.06,13.93,0.05,15.0,0.12,15.0,0.13,20.0,0.88,15.0,0.87,20.0,0.94,13.93,0.95,15.0,0.06,0.06,43.398868,1776193920000
1776193922.106,122.106,0.06,13.93,0.05,15.0,0.12,15.0,0.13,20.0,0.88,15.0,0.87,20.0,0.94,13.93,0.95,15.0,0.06,0.06,43.401087,1776193921000
1776193923.093,123.093,0.06,13.93,0.05,15.0,0.12,15.0,0.13,20.0,0.88,15.0,0.87,20.0,0.94,13.93,0.95,15.0,0.06,0.06,43.40362,1776193922000
1776193924.141,124.141,0.06,13.93,0.05,15.0,0.12,15.0,0.13,20.0,0.88,15.0,0.87,20.0,0.94,13.93,0.95,15.0,0.06,0.06,43.407282,1776193923000
1776193925.25,125.25,0.06,13.93,0.05,15.0,0.12,15.0,0.13,20.0,0.88,15.0,0.87,20.0,0.94,13.93,0.95,15.0,0.06,0.06,43.402453,1776193924000
1776193926.227,126.227,0.06,13.93,0.05,15.0,0.12,15.0,0.13,20.0,0.88,15.0,0.87,20.0,0.94,13.93,0.95,15.0,0.06,0.06,43.402651,1776193925000
1776193927.235,127.235,0.06,13.93,0.05,15.0,0.12,15.0,0.13,20.0,0.88,15.0,0.87,20.0,0.94,13.93,0.95,15.0,0.06,0.06,43.402627,1776193926000
1776193928.782,128.782,0.06,13.93,0.05,15.0,0.12,15.0,0.13,20.0,0.88,15.0,0.87,20.0,0.94,13.93,0.95,15.0,0.06,0.06,43.4068,1776193927000
1776193929.345,129.345,0.06,13.93,0.05,15.0,0.12,15.0,0.13,20.0,0.88,15.0,0.87,20.0,0.94,13.93,0.95,15.0,0.06,0.06,43.410457,1776193928000
1776193930.028,130.028,0.06,13.93,0.05,15.0,0.12,15.0,0.13,20.0,0.88,15.0,0.87,20.0,0.94,13.93,0.95,15.0,0.06,0.06,43.413138,1776193929000
1776193931.031,131.031,0.06,13.93,0.05,15.0,0.12,15.0,0.13,20.0,0.88,15.0,0.87,20.0,0.94,13.93,0.95,15.0,0.06,0.06,43.431431,1776193930000
1776193932.109,132.109,0.06,13.93,0.05,15.0,0.12,15.0,0.13,20.0,0.88,15.0,0.87,20.0,0.94,13.93,0.95,15.0,0.06,0.06,43.432569,1776193931000
1776193933.207,133.207,0.06,13.93,0.05,15.0,0.12,15.0,0.13,20.0,0.88,15.0,0.87,20.0,0.94,13.93,0.95,15.0,0.06,0.06,43.4363,1776193932000
1776193934.253,134.253,0.06,13.93,0.05,15.0,0.12,15.0,0.13,20.0,0.88,15.0,0.87,20.0,0.94,13.93,0.95,15.0,0.06,0.06,43.436009,1776193933000
1776193935.253,135.253,0.06,13.93,0.05,15.0,0.12,15.0,0.13,20.0,0.88,15.0,0.87,20.0,0.94,13.93,0.95,15.0,0.06,0.06,43.4355,1776193934000
1776193936.354,136.354,0.06,13.93,0.05,15.0,0.12,15.0,0.13,20.0,0.88,15.0,0.87,20.0,0.94,13.93,0.95,15.0,0.06,0.06,43.4369,1776193935000
1776193937.359,137.359,0.06,13.93,0.05,15.0,0.12,15.0,0.13,20.0,0.88,15.0,0.87,20.0,0.94,13.93,0.95,15.0,0.06,0.06,43.4392,1776193936000
1776193938.457,138.457,0.06,13.93,0.05,15.0,0.12,15.0,0.13,20.0,0.88,15.0,0.87,20.0,0.94,13.93,0.95,15.0,0.06,0.06,43.4377,1776193937000
1776193938.944,138.944,0.06,13.93,0.05,15.0,0.12,15.0,0.13,20.0,0.88,15.0,0.87,20.0,0.94,13.93,0.95,15.0,0.06,0.06,43.4377,1776193938000
1776193939.997,139.997,0.06,13.93,0.05,15.0,0.12,15.0,0.13,20.0,0.88,15.0,0.87,20.0,0.94,13.93,0.95,15.0,0.06,0.06,43.426262,1776193939000
1776193941.06,141.06,0.06,13.93,0.05,15.0,0.12,15.0,0.13,20.0,0.88,15.0,0.87,20.0,0.94,13.93,0.95,15.0,0.06,0.06,43.421626,1776193940000
1776193942.738,142.738,0.06,13.93,0.05,15.0,0.12,15.0,0.13,20.0,0.88,15.0,0.87,20.0,0.94,13.93,0.95,15.0,0.06,0.06,43.421121,1776193941000
1776193943.256,143.256,0.06,13.93,0.05,15.0,0.12,15.0,0.13,20.0,0.88,15.0,0.87,20.0,0.94,13.93,0.95,15.0,0.06,0.06,43.4211,1776193942000
1776193944.344,144.344,0.06,13.93,0.05,15.0,0.12,15.0,0.13,20.0,0.88,15.0,0.87,20.0,0.94,13.93,0.95,15.0,0.06,0.06,43.422354,1776193943000
1776193945.366,145.366,0.06,13.93,0.05,15.0,0.12,15.0,0.13,20.0,0.88,15.0,0.87,20.0,0.94,13.93,0.95,15.0,0.06,0.06,43.423412,1776193944000
1776193945.958,145.958,0.06,13.93,0.05,15.0,0.12,15.0,0.13,20.0,0.88,15.0,0.87,20.0,0.94,13.93,0.95,15.0,0.06,0.06,43.423412,1776193945000
1776193947.071,147.071,0.06,13.93,0.05,15.0,0.12,15.0,0.13,20.0,0.88,15.0,0.87,20.0,0.94,13.93,0.95,15.0,0.06,0.06,43.420151,1776193946000
1776193948.01,148.01,0.06,13.93,0.05,15.0,0.12,15.0,0.13,20.0,0.88,15.0,0.87,20.0,0.94,13.93,0.95,15.0,0.06,0.06,43.419933,1776193947000
1776193949.124,149.124,0.06,13.93,0.05,15.0,0.12,15.0,0.13,20.0,0.88,15.0,0.87,20.0,0.94,13.93,0.95,15.0,0.06,0.06,43.4222,1776193948000
1776193950.042,150.042,0.06,13.93,0.05,15.0,0.12,15.0,0.13,20.0,0.88,15.0,0.87,20.0,0.94,13.93,0.95,15.0,0.06,0.06,43.422628,1776193949000
1776193951.186,151.186,0.06,13.93,0.05,15.0,0.12,15.0,0.13,20.0,0.88,15.0,0.87,20.0,0.94,13.93,0.95,15.0,0.06,0.06,43.428,1776193950000
1776193952.203,152.203,0.06,13.93,0.05,15.0,0.12,15.0,0.13,20.0,0.88,15.0,0.87,20.0,0.94,13.93,0.95,15.0,0.06,0.06,43.428773,1776193951000
1776193953.273,153.273,0.06,13.93,0.05,15.0,0.12,15.0,0.13,20.0,0.88,15.0,0.87,20.0,0.94,13.93,0.95,15.0,0.06,0.06,43.430074,1776193952000
1776193954.295,154.295,0.06,13.93,0.05,15.0,0.12,15.0,0.13,20.0,0.88,15.0,0.87,20.0,0.94,13.93,0.95,15.0,0.06,0.06,43.43012,1776193953000
1776193955.287,155.287,0.06,13.93,0.05,15.0,0.12,15.0,0.13,20.0,0.88,15.0,0.87,20.0,0.94,13.93,0.95,15.0,0.06,0.06,43.43012,1776193954000
1776193956.358,156.358,0.06,13.93,0.05,15.0,0.12,15.0,0.13,20.0,0.88,15.0,0.87,20.0,0.94,13.93,0.95,15.0,0.06,0.06,43.430018,1776193955000
1776193957.491,157.491,0.06,13.93,0.05,15.0,0.12,15.0,0.13,20.0,0.88,15.0,0.87,20.0,0.94,13.93,0.95,15.0,0.06,0.06,43.428824,1776193956000
1776193958.32,158.32,0.06,13.93,0.05,15.0,0.12,15.0,0.13,20.0,0.88,15.0,0.87,20.0,0.94,13.93,0.95,15.0,0.06,0.06,43.428824,1776193957000
1776193959.253,159.253,0.06,13.93,0.05,15.0,0.12,15.0,0.13,20.0,0.88,15.0,0.87,20.0,0.94,13.93,0.95,15.0,0.06,0.06,43.430557,1776193958000
1776193960.381,160.381,0.06,13.93,0.05,15.0,0.12,15.0,0.13,20.0,0.88,15.0,0.87,20.0,0.94,13.93,0.95,15.0,0.06,0.06,43.431095,1776193959000
1776193961.012,161.012,0.06,13.93,0.05,15.0,0.12,15.0,0.13,20.0,0.88,15.0,0.87,20.0,0.94,13.93,0.95,15.0,0.06,0.06,43.432644,1776193960000
1776193962.084,162.084,0.06,13.93,0.05,15.0,0.12,15.0,0.13,20.0,0.88,15.0,0.87,20.0,0.94,13.93,0.95,15.0,0.06,0.06,43.434163,1776193961000
1776193963.187,163.187,0.06,13.93,0.05,15.0,0.12,15.0,0.13,20.0,0.88,15.0,0.87,20.0,0.94,13.93,0.95,15.0,0.06,0.06,43.4363,1776193962000
1776193964.314,164.314,0.06,13.93,0.05,15.0,0.12,15.0,0.13,20.0,0.88,15.0,0.87,20.0,0.94,13.93,0.95,15.0,0.06,0.06,43.4311,1776193963000
1776193965.075,165.075,0.06,13.93,0.05,15.0,0.12,15.0,0.13,20.0,0.88,15.0,0.87,20.0,0.94,13.93,0.95,15.0,0.06,0.06,43.4311,1776193964000
1776193966.009,166.009,0.06,13.93,0.05,15.0,0.12,15.0,0.13,20.0,0.88,15.0,0.87,20.0,0.94,13.93,0.95,15.0,0.06,0.06,43.4295,1776193965000
1776193967.185,167.185,0.06,13.93,0.05,15.0,0.12,15.0,0.13,20.0,0.88,15.0,0.87,20.0,0.94,13.93,0.95,15.0,0.06,0.06,43.429621,1776193966000
1776193968.29,168.29,0.06,13.93,0.05,15.0,0.12,15.0,0.13,20.0,0.88,15.0,0.87,20.0,0.94,13.93,0.95,15.0,0.06,0.06,43.430018,1776193967000
1776193969.419,169.419,0.06,13.93,0.05,15.0,0.12,15.0,0.13,20.0,0.88,15.0,0.87,20.0,0.94,13.93,0.95,15.0,0.06,0.06,43.43,1776193968000
1776193970.002,170.002,0.06,13.93,0.05,15.0,0.12,15.0,0.13,20.0,0.88,15.0,0.87,20.0,0.94,13.93,0.95,15.0,0.06,0.06,43.43,1776193969000
1776193971.367,171.367,0.06,13.93,0.05,15.0,0.12,15.0,0.13,20.0,0.88,15.0,0.87,20.0,0.94,13.93,0.95,15.0,0.06,0.06,43.43,1776193970000
1776193971.946,171.946,0.06,13.93,0.05,15.0,0.12,15.0,0.13,20.0,0.88,15.0,0.87,20.0,0.94,13.93,0.95,15.0,0.06,0.06,43.428804,1776193971000
1776193973.013,173.013,0.06,13.93,0.05,15.0,0.12,15.0,0.13,20.0,0.88,15.0,0.87,20.0,0.94,13.93,0.95,15.0,0.06,0.06,43.4257,1776193972000
1776193974.226,174.226,0.06,13.93,0.05,15.0,0.12,15.0,0.13,20.0,0.88,15.0,0.87,20.0,0.94,13.93,0.95,15.0,0.06,0.06,43.417983,1776193973000
1776193975.2,175.2,0.06,13.93,0.05,15.0,0.12,15.0,0.13,20.0,0.88,15.0,0.87,20.0,0.94,13.93,0.95,15.0,0.06,0.06,43.412522,1776193974000
1776193976.267,176.267,0.06,13.93,0.05,15.0,0.12,15.0,0.13,20.0,0.88,15.0,0.87,20.0,0.94,13.93,0.95,15.0,0.06,0.06,43.408697,1776193975000
1776193977.451,177.451,0.03,43.33,0.02,20.0,0.06,15.0,0.07,15.0,0.94,15.0,0.93,15.0,0.97,43.33,0.98,20.0,0.03,0.03,43.405767,1776193976000
1776193978.033,178.033,0.03,43.33,0.02,20.0,0.06,15.0,0.07,15.0,0.94,15.0,0.93,15.0,0.97,43.33,0.98,20.0,0.03,0.03,43.405767,1776193977000
1776193979.114,179.114,0.03,43.33,0.02,20.0,0.06,15.0,0.07,15.0,0.94,15.0,0.93,15.0,0.97,43.33,0.98,20.0,0.03,0.03,43.406078,1776193978000
1776193980.279,180.279,0.03,43.33,0.02,20.0,0.06,15.0,0.07,15.0,0.94,15.0,0.93,15.0,0.97,43.33,0.98,20.0,0.03,0.03,43.405485,1776193979000
1776193981.208,181.208,0.03,43.33,0.02,20.0,0.06,15.0,0.07,15.0,0.94,15.0,0.93,15.0,0.97,43.33,0.98,20.0,0.03,0.03,43.405482,1776193980000
1776193982.336,182.336,0.03,22.14,0.02,20.0,0.05,15.0,0.06,15.0,0.94,15.0,0.93,15.0,0.97,43.33,0.98,20.0,0.02,0.03,43.405482,1776193980000
1776193982.982,182.982,0.03,22.14,0.02,20.0,0.05,15.0,0.06,15.0,0.95,15.0,0.94,15.0,0.97,22.14,0.98,20.0,0.02,0.02,43.405102,1776193982000
1776193984.047,184.047,0.03,22.14,0.02,20.0,0.05,15.0,0.06,15.0,0.95,15.0,0.94,15.0,0.97,22.14,0.98,20.0,0.02,0.02,43.405601,1776193983000
1776193985.02,185.02,0.03,22.14,0.02,20.0,0.05,15.0,0.06,15.0,0.95,15.0,0.94,15.0,0.97,22.14,0.98,20.0,0.02,0.02,43.405081,1776193984000
1776193986.684,186.684,0.03,22.14,0.02,20.0,0.05,15.0,0.06,15.0,0.95,15.0,0.94,15.0,0.97,22.14,0.98,20.0,0.02,0.02,43.405082,1776193985000
1776193987.346,187.346,0.03,22.14,0.02,20.0,0.05,15.0,0.06,15.0,0.95,15.0,0.94,15.0,0.97,22.14,0.98,20.0,0.02,0.02,43.405081,1776193986000
1776193988.49,188.49,0.03,22.14,0.02,20.0,0.05,15.0,0.06,15.0,0.95,15.0,0.94,15.0,0.97,22.14,0.98,20.0,0.02,0.02,43.405554,1776193987000
1776193989.143,189.143,0.03,22.14,0.02,20.0,0.05,15.0,0.06,15.0,0.95,15.0,0.94,15.0,0.97,22.14,0.98,20.0,0.02,0.02,43.405103,1776193988000
1776193990.346,190.346,0.03,22.14,0.02,20.0,0.05,15.0,0.06,15.0,0.95,15.0,0.94,15.0,0.97,22.14,0.98,20.0,0.02,0.02,43.404624,1776193989000
1776193991.636,191.636,0.03,22.14,0.02,20.0,0.05,15.0,0.06,15.0,0.95,15.0,0.94,15.0,0.97,22.14,0.98,20.0,0.02,0.02,43.400141,1776193990000
1776193992.403,192.403,0.03,22.14,0.02,20.0,0.05,15.0,0.06,15.0,0.95,15.0,0.94,15.0,0.97,22.14,0.98,20.0,0.02,0.02,43.400141,1776193991000
1776193993.187,193.187,0.03,21.1,0.02,5.0,0.04,15.0,0.05,15.0,0.95,15.0,0.94,15.0,0.97,22.14,0.98,20.0,0.01,0.02,43.400141,1776193991000
1776193994.041,194.041,0.01,205.8,,,0.04,15.0,0.05,15.0,0.96,15.0,0.95,15.0,0.97,10.8,0.98,5.0,0.03,0.01,43.399032,1776193992000
1776193994.444,194.444,0.01,205.8,,,0.04,15.0,0.05,15.0,0.96,15.0,0.95,15.0,0.99,205.8,,,0.03,0.03,43.398339,1776193993000
1776193995.221,195.221,0.01,205.8,,,0.04,15.0,0.05,15.0,0.96,15.0,0.95,15.0,0.99,205.8,,,0.03,0.03,43.397675,1776193994000
1776193996.601,196.601,0.01,205.8,,,0.04,15.0,0.05,15.0,0.96,15.0,0.95,15.0,0.99,205.8,,,0.03,0.03,43.3817,1776193995000
1776193997.194,197.194,0.01,205.8,,,0.04,15.0,0.05,15.0,0.96,15.0,0.95,15.0,0.99,205.8,,,0.03,0.03,43.37957,1776193996000
1776193998.636,198.636,0.01,205.8,,,0.04,15.0,0.05,15.0,0.96,15.0,0.95,15.0,0.99,205.8,,,0.03,0.03,43.3806,1776193997000
1776193999.305,199.305,0.01,205.8,,,0.04,15.0,0.05,15.0,0.96,15.0,0.95,15.0,0.99,205.8,,,0.03,0.03,43.3806,1776193998000
1776194000.571,200.571,0.01,205.8,,,0.04,15.0,0.05,15.0,0.96,15.0,0.95,15.0,0.99,205.8,,,0.03,0.03,43.38109,1776193999000
1776194001.207,201.207,0.01,205.8,,,0.04,15.0,0.05,15.0,0.96,15.0,0.95,15.0,0.99,205.8,,,0.03,0.03,43.3851,1776194000000
1776194002.414,202.414,0.01,205.8,,,0.04,15.0,0.05,15.0,0.96,15.0,0.95,15.0,0.99,205.8,,,0.03,0.03,43.391951,1776194001000
1776194002.706,202.706,0.04,1.46,0.03,15.0,0.08,15.0,0.09,15.0,0.96,15.0,0.95,15.0,0.99,205.8,,,0.04,0.03,43.391951,1776194001000
1776194002.963,202.963,0.04,1.46,0.03,15.0,0.08,15.0,0.09,15.0,0.92,15.0,0.91,15.0,0.96,1.46,0.97,15.0,0.04,0.04,43.400871,1776194002000
1776194004.048,204.048,0.04,1.46,0.03,15.0,0.08,15.0,0.09,15.0,0.92,15.0,0.91,15.0,0.96,1.46,0.97,15.0,0.04,0.04,43.4071,1776194003000
1776194005.143,205.143,0.04,1.46,0.03,15.0,0.08,15.0,0.09,15.0,0.92,15.0,0.91,15.0,0.96,1.46,0.97,15.0,0.04,0.04,43.412867,1776194004000
1776194006.345,206.345,0.04,1.46,0.03,15.0,0.08,15.0,0.09,15.0,0.92,15.0,0.91,15.0,0.96,1.46,0.97,15.0,0.04,0.04,43.4161,1776194005000
1776194006.983,206.983,0.04,1.46,0.03,15.0,0.08,15.0,0.09,15.0,0.92,15.0,0.91,15.0,0.96,1.46,0.97,15.0,0.04,0.04,43.4202,1776194006000
1776194008.054,208.054,0.04,1.46,0.03,15.0,0.08,15.0,0.09,15.0,0.92,15.0,0.91,15.0,0.96,1.46,0.97,15.0,0.04,0.04,43.419835,1776194007000
1776194009.168,209.168,0.04,1.46,0.03,15.0,0.08,15.0,0.09,15.0,0.92,15.0,0.91,15.0,0.96,1.46,0.97,15.0,0.04,0.04,43.415888,1776194008000
1776194010.25,210.25,0.04,1.46,0.03,15.0,0.08,15.0,0.09,15.0,0.92,15.0,0.91,15.0,0.96,1.46,0.97,15.0,0.04,0.04,43.4123,1776194009000
1776194010.54,210.54,0.01,234.44,,,0.03,15.0,0.04,15.0,0.97,15.0,0.96,15.0,0.99,239.49,,,0.02,0.02,43.4123,1776194009000
1776194011.398,211.398,0.01,234.44,,,0.03,15.0,0.04,15.0,0.97,15.0,0.96,15.0,0.99,234.44,,,0.02,0.02,43.407345,1776194010000
1776194011.959,211.959,0.01,234.44,,,0.03,15.0,0.04,15.0,0.97,15.0,0.96,15.0,0.99,234.44,,,0.02,0.02,43.406938,1776194011000
1776194013.029,213.029,0.01,234.44,,,0.03,15.0,0.04,15.0,0.97,15.0,0.96,15.0,0.99,234.44,,,0.02,0.02,43.405147,1776194012000
1776194014.089,214.089,0.01,234.44,,,0.03,15.0,0.04,15.0,0.97,15.0,0.96,15.0,0.99,234.44,,,0.02,0.02,43.404529,1776194013000
1776194015.18,215.18,0.01,234.44,,,0.03,15.0,0.04,15.0,0.97,15.0,0.96,15.0,0.99,234.44,,,0.02,0.02,43.402433,1776194014000
1776194016.63,216.63,0.01,234.44,,,0.03,15.0,0.04,15.0,0.97,15.0,0.96,15.0,0.99,234.44,,,0.02,0.02,43.402431,1776194015000
1776194017.245,217.245,0.01,234.44,,,0.03,15.0,0.04,15.0,0.97,15.0,0.96,15.0,0.99,234.44,,,0.02,0.02,43.40258,1776194016000
1776194018.465,218.465,0.01,234.44,,,0.03,15.0,0.04,15.0,0.97,15.0,0.96,15.0,0.99,234.44,,,0.02,0.02,43.402419,1776194017000
1776194019.001,219.001,0.01,234.44,,,0.03,15.0,0.04,15.0,0.97,15.0,0.96,15.0,0.99,234.44,,,0.02,0.02,43.402227,1776194018000
1776194020.13,220.13,0.01,234.44,,,0.03,15.0,0.04,15.0,0.97,15.0,0.96,15.0,0.99,234.44,,,0.02,0.02,43.402059,1776194019000
1776194021.251,221.251,0.01,234.44,,,0.03,15.0,0.04,15.0,0.97,15.0,0.96,15.0,0.99,234.44,,,0.02,0.02,43.40246,1776194020000
1776194022.296,222.296,0.01,234.44,,,0.03,15.0,0.04,15.0,0.97,15.0,0.96,15.0,0.99,234.44,,,0.02,0.02,43.400742,1776194021000
1776194022.96,222.96,0.01,234.44,,,0.03,15.0,0.04,15.0,0.97,15.0,0.96,15.0,0.99,234.44,,,0.02,0.02,43.398407,1776194022000
1776194024.053,224.053,0.01,234.44,,,0.03,15.0,0.04,15.0,0.97,15.0,0.96,15.0,0.99,234.44,,,0.02,0.02,43.390258,1776194023000
1776194025.132,225.132,0.01,234.44,,,0.03,15.0,0.04,15.0,0.97,15.0,0.96,15.0,0.99,234.44,,,0.02,0.02,43.381168,1776194024000
1776194026.204,226.204,0.01,234.44,,,0.03,15.0,0.04,15.0,0.97,15.0,0.96,15.0,0.99,234.44,,,0.02,0.02,43.37288,1776194025000
1776194027.409,227.409,0.01,234.44,,,0.03,15.0,0.04,15.0,0.97,15.0,0.96,15.0,0.99,234.44,,,0.02,0.02,43.372566,1776194026000
1776194027.965,227.965,0.01,234.44,,,0.03,15.0,0.04,15.0,0.97,15.0,0.96,15.0,0.99,234.44,,,0.02,0.02,43.372159,1776194027000
1776194029.094,229.094,0.01,234.44,,,0.03,15.0,0.04,15.0,0.97,15.0,0.96,15.0,0.99,234.44,,,0.02,0.02,43.371949,1776194028000
1776194029.602,229.602,0.01,201.44,,,0.02,15.0,0.03,15.0,0.97,15.0,0.96,15.0,0.99,234.44,,,0.01,0.02,43.371949,1776194028000
1776194030.095,230.095,0.01,181.44,,,0.02,15.0,0.03,15.0,0.98,15.0,0.97,15.0,0.99,201.44,,,0.01,0.01,43.371949,1776194028000
1776194031.385,231.385,0.01,181.44,,,0.02,15.0,0.03,15.0,0.98,15.0,0.97,15.0,0.99,181.44,,,0.01,0.01,43.36259,1776194030000
1776194031.797,231.797,0.01,161.44,,,0.02,15.0,0.03,15.0,0.98,15.0,0.97,15.0,0.99,181.44,,,0.01,0.01,43.36259,1776194030000
1776194032.001,232.001,0.01,151.44,,,0.02,15.0,0.03,15.0,0.98,15.0,0.97,15.0,0.99,161.44,,,0.01,0.01,43.36259,1776194030000
1776194033.58,233.58,0.01,151.44,,,0.02,15.0,0.03,15.0,0.98,15.0,0.97,15.0,0.99,151.44,,,0.01,0.01,43.350192,1776194032000
1776194034.387,234.387,0.01,108.01,,,0.02,15.0,0.03,15.0,0.98,15.0,0.97,15.0,0.99,118.11,,,0.01,0.01,43.350192,1776194032000
1776194034.807,234.807,0.01,87.91,,,0.02,15.0,0.03,15.0,0.98,15.0,0.97,15.0,0.99,97.91,,,0.01,0.01,43.349813,1776194033000
1776194035.544,235.544,0.01,87.91,,,0.02,15.0,0.03,15.0,0.98,15.0,0.97,15.0,0.99,87.91,,,0.01,0.01,43.3532,1776194034000
1776194036.362,236.362,0.01,87.91,,,0.02,15.0,0.03,15.0,0.98,15.0,0.97,15.0,0.99,87.91,,,0.01,0.01,43.357366,1776194035000
1776194037.593,237.593,0.01,87.91,,,0.02,15.0,0.03,15.0,0.98,15.0,0.97,15.0,0.99,87.91,,,0.01,0.01,43.365186,1776194036000
1776194038.28,238.28,0.01,77.91,,,0.02,15.0,0.03,15.0,0.98,15.0,0.97,15.0,0.99,77.91,,,0.01,0.01,43.369238,1776194037000
1776194039.587,239.587,0.01,77.91,,,0.02,15.0,0.03,15.0,0.98,15.0,0.97,15.0,0.99,77.91,,,0.01,0.01,43.3704,1776194038000
1776194040.283,240.283,0.01,77.91,,,0.02,15.0,0.03,15.0,0.98,15.0,0.97,15.0,0.99,77.91,,,0.01,0.01,43.3715,1776194039000
1776194041.591,241.591,0.01,77.91,,,0.02,15.0,0.03,15.0,0.98,15.0,0.97,15.0,0.99,77.91,,,0.01,0.01,43.371387,1776194040000
1776194042.108,242.108,0.01,67.91,,,0.02,15.0,0.03,15.0,0.98,15.0,0.97,15.0,0.99,77.91,,,0.01,0.01,43.371387,1776194040000
1776194044.42,244.42,0.01,67.91,,,0.02,15.0,0.03,15.0,0.98,15.0,0.97,15.0,0.99,67.91,,,0.01,0.01,43.370589,1776194043000
1776194045.909,245.909,0.01,67.91,,,0.02,15.0,0.03,15.0,0.98,15.0,0.97,15.0,0.99,67.91,,,0.01,0.01,43.3668,1776194044000
1776194046.597,246.597,0.01,67.91,,,0.02,15.0,0.03,15.0,0.98,15.0,0.97,15.0,0.99,67.91,,,0.01,0.01,43.3639,1776194045000
1776194047.364,247.364,0.01,67.91,,,0.02,15.0,0.03,15.0,0.98,15.0,0.97,15.0,0.99,67.91,,,0.01,0.01,43.3639,1776194046000
1776194048.154,248.154,0.01,67.91,,,0.02,15.0,0.03,15.0,0.98,15.0,0.97,15.0,0.99,67.91,,,0.01,0.01,43.3647,1776194047000
1776194049.892,249.892,0.01,67.91,,,0.02,15.0,0.03,15.0,0.98,15.0,0.97,15.0,0.99,67.91,,,0.01,0.01,43.365,1776194048000
1776194050.55,250.55,0.01,67.91,,,0.02,15.0,0.03,15.0,0.98,15.0,0.97,15.0,0.99,67.91,,,0.01,0.01,43.3677,1776194049000
1776194051.39,251.39,0.01,67.91,,,0.02,15.0,0.03,15.0,0.98,15.0,0.97,15.0,0.99,67.91,,,0.01,0.01,43.3678,1776194050000
1776194052.512,252.512,0.01,67.91,,,0.02,15.0,0.03,15.0,0.98,15.0,0.97,15.0,0.99,67.91,,,0.01,0.01,43.367998,1776194051000
1776194053.329,253.329,0.01,67.91,,,0.02,15.0,0.03,15.0,0.98,15.0,0.97,15.0,0.99,67.91,,,0.01,0.01,43.367974,1776194052000
1776194054.526,254.526,0.01,67.91,,,0.02,15.0,0.03,15.0,0.98,15.0,0.97,15.0,0.99,67.91,,,0.01,0.01,43.368164,1776194053000
1776194055.12,255.12,0.01,67.91,,,0.02,15.0,0.03,15.0,0.98,15.0,0.97,15.0,0.99,67.91,,,0.01,0.01,43.368164,1776194054000
1776194056.366,256.366,0.01,67.91,,,0.02,15.0,0.03,15.0,0.98,15.0,0.97,15.0,0.99,67.91,,,0.01,0.01,43.366645,1776194055000
1776194057.571,257.571,0.01,67.91,,,0.02,15.0,0.03,15.0,0.98,15.0,0.97,15.0,0.99,67.91,,,0.01,0.01,43.367911,1776194056000
1776194058.241,258.241,0.01,67.91,,,0.02,15.0,0.03,15.0,0.98,15.0,0.97,15.0,0.99,67.91,,,0.01,0.01,43.367538,1776194057000
1776194059.375,259.375,0.01,67.91,,,0.02,15.0,0.03,15.0,0.98,15.0,0.97,15.0,0.99,67.91,,,0.01,0.01,43.366721,1776194058000
1776194059.974,259.974,0.01,67.91,,,0.02,15.0,0.03,15.0,0.98,15.0,0.97,15.0,0.99,67.91,,,0.01,0.01,43.367227,1776194059000
1776194061.102,261.102,0.01,67.91,,,0.02,15.0,0.03,15.0,0.98,15.0,0.97,15.0,0.99,67.91,,,0.01,0.01,43.367227,1776194060000
1776194062.695,262.695,0.01,67.91,,,0.02,15.0,0.03,15.0,0.98,15.0,0.97,15.0,0.99,67.91,,,0.01,0.01,43.367014,1776194061000
1776194063.471,263.471,0.01,55.4,,,0.02,15.0,0.03,15.0,0.98,15.0,0.97,15.0,0.99,67.91,,,0.01,0.01,43.367014,1776194061000
1776194064.3,264.3,0.01,55.4,,,0.02,15.0,0.03,15.0,0.98,15.0,0.97,15.0,0.99,55.4,,,0.01,0.01,43.367071,1776194063000
1776194065.27,265.27,0.01,55.4,,,0.02,15.0,0.03,15.0,0.98,15.0,0.97,15.0,0.99,55.4,,,0.01,0.01,43.367071,1776194064000
1776194066.324,266.324,0.01,55.4,,,0.02,15.0,0.03,15.0,0.98,15.0,0.97,15.0,0.99,55.4,,,0.01,0.01,43.367077,1776194065000
1776194067.384,267.384,0.01,55.4,,,0.02,15.0,0.03,15.0,0.98,15.0,0.97,15.0,0.99,55.4,,,0.01,0.01,43.367431,1776194066000
1776194068.467,268.467,0.01,55.4,,,0.02,15.0,0.03,15.0,0.98,15.0,0.97,15.0,0.99,55.4,,,0.01,0.01,43.367448,1776194067000
1776194069.061,269.061,0.01,55.4,,,0.02,15.0,0.03,15.0,0.98,15.0,0.97,15.0,0.99,55.4,,,0.01,0.01,43.3676,1776194068000
1776194070.439,270.439,0.01,55.4,,,0.02,15.0,0.03,15.0,0.98,15.0,0.97,15.0,0.99,55.4,,,0.01,0.01,43.367999,1776194069000
1776194070.656,270.656,0.01,40.25,,,0.02,15.0,0.03,15.0,0.98,15.0,0.97,15.0,0.99,55.4,,,0.01,0.01,43.367999,1776194069000
1776194071.068,271.068,0.01,30.15,,,0.02,15.0,0.03,15.0,0.98,15.0,0.97,15.0,0.99,30.15,,,0.01,0.01,43.368252,1776194070000
1776194071.664,271.664,,,,,0.01,971.88,0.02,15.0,0.98,15.0,0.97,15.0,0.99,28.12,,,,0.01,43.368252,1776194070000
1776194072.378,272.378,,,,,0.01,971.88,0.02,15.0,0.99,971.88,0.98,15.0,,,,,,,43.368203,1776194071000
1776194073.644,273.644,,,,,0.01,971.88,0.02,15.0,0.99,971.88,0.98,15.0,,,,,,,43.368359,1776194072000
1776194074.377,274.377,,,,,0.01,971.88,0.02,15.0,0.99,971.88,0.98,15.0,,,,,,,43.368612,1776194073000
1776194075.467,275.467,,,,,0.01,971.88,0.02,15.0,0.99,971.88,0.98,15.0,,,,,,,43.368612,1776194074000
1776194076.086,276.086,,,,,0.01,971.88,0.02,15.0,0.99,971.88,0.98,15.0,,,,,,,43.36861,1776194075000
1776194077.281,277.281,,,,,0.01,971.88,0.02,15.0,0.99,971.88,0.98,15.0,,,,,,,43.36861,1776194076000
1776194078.581,278.581,,,,,0.01,971.88,0.02,15.0,0.99,971.88,0.98,15.0,,,,,,,43.368149,1776194077000
1776194079.164,279.164,,,,,0.01,971.88,0.02,15.0,0.99,971.88,0.98,15.0,,,,,,,43.366632,1776194078000
1776194080.436,280.436,,,,,0.01,971.88,0.02,15.0,0.99,971.88,0.98,15.0,,,,,,,43.363992,1776194079000
1776194081.081,281.081,,,,,0.01,971.88,0.02,15.0,0.99,971.88,0.98,15.0,,,,,,,43.364322,1776194080000
1776194082.995,282.995,,,,,0.01,971.88,0.02,15.0,0.99,971.88,0.98,15.0,,,,,,,43.361431,1776194081000
1776194083.642,283.642,,,,,0.01,971.88,0.02,15.0,0.99,971.88,0.98,15.0,,,,,,,43.359155,1776194082000
1776194084.243,284.243,,,,,0.01,971.88,0.02,15.0,0.99,971.88,0.98,15.0,,,,,,,43.359154,1776194083000
1776194085.516,285.516,,,,,0.01,971.88,0.02,15.0,0.99,971.88,0.98,15.0,,,,,,,43.358696,1776194084000
1776194086.237,286.237,,,,,0.01,971.88,0.02,15.0,0.99,971.88,0.98,15.0,,,,,,,43.361116,1776194085000
1776194087.68,287.68,,,,,0.01,971.88,0.02,15.0,0.99,971.88,0.98,15.0,,,,,,,43.360063,1776194086000
1776194088.356,288.356,,,,,0.01,971.88,0.02,15.0,0.99,971.88,0.98,15.0,,,,,,,43.357135,1776194087000
1776194089.563,289.563,,,,,0.01,971.88,0.02,15.0,0.99,971.88,0.98,15.0,,,,,,,43.353585,1776194088000
1776194090.115,290.115,,,,,0.01,971.88,0.02,15.0,0.99,971.88,0.98,15.0,,,,,,,43.352461,1776194089000
1776194091.414,291.414,,,,,0.01,971.88,0.02,15.0,0.99,971.88,0.98,15.0,,,,,,,43.352205,1776194090000
1776194092.136,292.136,,,,,0.01,971.88,0.02,15.0,0.99,971.88,0.98,15.0,,,,,,,43.35205,1776194091000
1776194093.579,293.579,,,,,0.01,971.88,0.02,15.0,0.99,971.88,0.98,15.0,,,,,,,43.352161,1776194092000
1776194094.196,294.196,,,,,0.01,971.88,0.02,15.0,0.99,971.88,0.98,15.0,,,,,,,43.351655,1776194093000
1776194095.689,295.689,,,,,0.01,971.88,0.02,15.0,0.99,971.88,0.98,15.0,,,,,,,43.350152,1776194094000
1776194096.167,296.167,,,,,0.01,971.88,0.02,15.0,0.99,971.88,0.98,15.0,,,,,,,43.350143,1776194095000
1776194097.566,297.566,,,,,0.01,971.88,0.02,15.0,0.99,971.88,0.98,15.0,,,,,,,43.349928,1776194096000
1776194098.257,298.257,,,,,0.01,971.88,0.02,15.0,0.99,971.88,0.98,15.0,,,,,,,43.349734,1776194097000
1776194100.014,300.014,,,,,0.01,971.88,0.02,15.0,0.99,971.88,0.98,15.0,,,,,,,43.349742,1776194098000
1776194100.63,300.63,,,,,0.01,971.88,0.02,15.0,0.99,971.88,0.98,15.0,,,,,,,43.344442,1776194099000

# RESULT,winner=Down,slug=hype-updown-5m-1776193800,ticks=305
