timestamp,elapsed_sec,up_bid_p1,up_bid_s1,up_bid_p2,up_bid_s2,up_ask_p1,up_ask_s1,up_ask_p2,up_ask_s2,down_bid_p1,down_bid_s1,down_bid_p2,down_bid_s2,down_ask_p1,down_ask_s1,down_ask_p2,down_ask_s2,up_spread,down_spread,hype_price,hype_oracle_ts
1776207601.476,1.476,,,,,,,,,,,,,,,,,,,43.383047,1776207600000
1776207601.944,1.944,0.11,100.0,0.08,50.0,0.5,5.0,0.89,100.0,0.5,5.0,0.11,100.0,0.89,100.0,0.92,50.0,0.39,0.39,43.383047,1776207600000
1776207602.549,2.549,0.11,100.0,0.08,50.0,0.5,5.0,0.89,100.0,0.5,5.0,0.11,100.0,0.89,100.0,0.92,50.0,0.39,0.39,43.38353,1776207601000
1776207603.071,3.071,0.11,100.0,0.08,50.0,0.5,5.0,0.89,100.0,0.5,5.0,0.11,100.0,0.89,100.0,0.92,50.0,0.39,0.39,43.38353,1776207602000
1776207604.289,4.289,0.11,100.0,0.08,50.0,0.5,5.0,0.89,100.0,0.5,5.0,0.11,100.0,0.89,100.0,0.92,50.0,0.39,0.39,43.387541,1776207603000
1776207605.239,5.239,0.5,5.0,0.11,100.0,0.67,10.0,0.89,100.0,0.5,5.0,0.11,100.0,0.89,100.0,0.92,50.0,0.17,0.39,43.387541,1776207603000
1776207606.477,6.477,0.5,5.0,0.11,100.0,0.67,10.0,0.89,100.0,0.33,10.0,0.11,100.0,0.5,5.0,0.89,100.0,0.17,0.17,43.393199,1776207605000
1776207606.992,6.992,0.5,5.0,0.11,100.0,0.67,10.0,0.89,100.0,0.33,10.0,0.11,100.0,0.5,5.0,0.89,100.0,0.17,0.17,43.396843,1776207606000
1776207608.226,8.226,0.5,5.0,0.11,100.0,0.67,10.0,0.89,100.0,0.33,10.0,0.11,100.0,0.5,5.0,0.89,100.0,0.17,0.17,43.403313,1776207607000
1776207609.411,9.411,0.5,5.0,0.11,100.0,0.67,10.0,0.89,100.0,0.33,10.0,0.11,100.0,0.5,5.0,0.89,100.0,0.17,0.17,43.399317,1776207608000
1776207609.906,9.906,0.5,5.0,0.11,100.0,0.67,10.0,0.89,100.0,0.33,10.0,0.11,100.0,0.5,5.0,0.89,100.0,0.17,0.17,43.399291,1776207609000
1776207611.046,11.046,0.5,5.0,0.11,100.0,0.67,10.0,0.89,100.0,0.33,10.0,0.11,100.0,0.5,5.0,0.89,100.0,0.17,0.17,43.399056,1776207610000
1776207612.221,12.221,0.5,5.0,0.11,100.0,0.67,10.0,0.89,100.0,0.33,10.0,0.11,100.0,0.5,5.0,0.89,100.0,0.17,0.17,43.398582,1776207611000
1776207613.398,13.398,0.5,5.0,0.11,100.0,0.67,10.0,0.89,100.0,0.33,10.0,0.11,100.0,0.5,5.0,0.89,100.0,0.17,0.17,43.398514,1776207612000
1776207614.021,14.021,0.5,5.0,0.11,100.0,0.67,10.0,0.89,100.0,0.33,10.0,0.11,100.0,0.5,5.0,0.89,100.0,0.17,0.17,43.398585,1776207613000
1776207615.228,15.228,0.5,5.0,0.11,100.0,0.67,10.0,0.89,100.0,0.33,10.0,0.11,100.0,0.5,5.0,0.89,100.0,0.17,0.17,43.398017,1776207614000
1776207616.283,16.283,0.5,5.0,0.11,100.0,0.67,10.0,0.89,100.0,0.33,10.0,0.11,100.0,0.5,5.0,0.89,100.0,0.17,0.17,43.396937,1776207615000
1776207617.54,17.54,0.5,5.0,0.11,100.0,0.67,10.0,0.89,100.0,0.33,10.0,0.11,100.0,0.5,5.0,0.89,100.0,0.17,0.17,43.396641,1776207616000
1776207618.186,18.186,0.5,5.0,0.11,100.0,0.67,10.0,0.89,100.0,0.33,10.0,0.11,100.0,0.5,5.0,0.89,100.0,0.17,0.17,43.395987,1776207617000
1776207619.221,19.221,0.5,5.0,0.11,100.0,0.67,10.0,0.89,100.0,0.33,10.0,0.11,100.0,0.5,5.0,0.89,100.0,0.17,0.17,43.394819,1776207618000
1776207620.271,20.271,0.5,5.0,0.11,100.0,0.67,10.0,0.89,100.0,0.33,10.0,0.11,100.0,0.5,5.0,0.89,100.0,0.17,0.17,43.394819,1776207619000
1776207621.416,21.416,0.5,5.0,0.11,100.0,0.67,10.0,0.89,100.0,0.33,10.0,0.11,100.0,0.5,5.0,0.89,100.0,0.17,0.17,43.395987,1776207620000
1776207622.073,22.073,0.5,5.0,0.11,100.0,0.67,10.0,0.89,100.0,0.33,10.0,0.11,100.0,0.5,5.0,0.89,100.0,0.17,0.17,43.396803,1776207621000
1776207623.415,23.415,0.5,5.0,0.11,100.0,0.67,10.0,0.89,100.0,0.33,10.0,0.11,100.0,0.5,5.0,0.89,100.0,0.17,0.17,43.396887,1776207622000
1776207624.037,24.037,0.5,5.0,0.11,100.0,0.67,10.0,0.89,100.0,0.33,10.0,0.11,100.0,0.5,5.0,0.89,100.0,0.17,0.17,43.396853,1776207623000
1776207625.374,25.374,0.5,5.0,0.11,100.0,0.67,10.0,0.89,100.0,0.33,10.0,0.11,100.0,0.5,5.0,0.89,100.0,0.17,0.17,43.396887,1776207624000
1776207626.047,26.047,0.5,5.0,0.11,100.0,0.67,10.0,0.89,100.0,0.33,10.0,0.11,100.0,0.5,5.0,0.89,100.0,0.17,0.17,43.396984,1776207625000
1776207627.087,27.087,0.5,5.0,0.11,100.0,0.67,10.0,0.89,100.0,0.33,10.0,0.11,100.0,0.5,5.0,0.89,100.0,0.17,0.17,43.39669,1776207626000
1776207628.226,28.226,0.5,5.0,0.11,100.0,0.67,10.0,0.89,100.0,0.33,10.0,0.11,100.0,0.5,5.0,0.89,100.0,0.17,0.17,43.397236,1776207627000
1776207629.438,29.438,0.5,5.0,0.11,100.0,0.67,10.0,0.89,100.0,0.33,10.0,0.11,100.0,0.5,5.0,0.89,100.0,0.17,0.17,43.397337,1776207628000
1776207630.05,30.05,0.5,5.0,0.11,100.0,0.67,10.0,0.89,100.0,0.33,10.0,0.11,100.0,0.5,5.0,0.89,100.0,0.17,0.17,43.397944,1776207629000
1776207631.134,31.134,0.5,5.0,0.11,100.0,0.67,10.0,0.89,100.0,0.33,10.0,0.11,100.0,0.5,5.0,0.89,100.0,0.17,0.17,43.397796,1776207630000
1776207632.35,32.35,0.5,5.0,0.11,100.0,0.67,10.0,0.89,100.0,0.33,10.0,0.11,100.0,0.5,5.0,0.89,100.0,0.17,0.17,43.397816,1776207631000
1776207632.967,32.967,0.5,5.0,0.11,100.0,0.67,10.0,0.89,100.0,0.33,10.0,0.11,100.0,0.5,5.0,0.89,100.0,0.17,0.17,43.397292,1776207632000
1776207634.168,34.168,0.5,5.0,0.11,100.0,0.67,10.0,0.89,100.0,0.33,10.0,0.11,100.0,0.5,5.0,0.89,100.0,0.17,0.17,43.397359,1776207633000
1776207635.316,35.316,0.5,5.0,0.11,100.0,0.67,10.0,0.89,100.0,0.33,10.0,0.11,100.0,0.5,5.0,0.89,100.0,0.17,0.17,43.397465,1776207634000
1776207636.921,36.921,0.5,5.0,0.11,100.0,0.67,10.0,0.89,100.0,0.33,10.0,0.11,100.0,0.5,5.0,0.89,100.0,0.17,0.17,43.397335,1776207635000
1776207637.379,37.379,0.5,5.0,0.11,100.0,0.67,10.0,0.89,100.0,0.33,10.0,0.11,100.0,0.5,5.0,0.89,100.0,0.17,0.17,43.397322,1776207636000
1776207637.934,37.934,0.5,5.0,0.11,100.0,0.67,10.0,0.89,100.0,0.33,10.0,0.11,100.0,0.5,5.0,0.89,100.0,0.17,0.17,43.397322,1776207637000
1776207638.998,38.998,0.5,5.0,0.11,100.0,0.67,10.0,0.89,100.0,0.33,10.0,0.11,100.0,0.5,5.0,0.89,100.0,0.17,0.17,43.397392,1776207638000
1776207640.115,40.115,0.5,5.0,0.11,100.0,0.67,10.0,0.89,100.0,0.33,10.0,0.11,100.0,0.5,5.0,0.89,100.0,0.17,0.17,43.397545,1776207639000
1776207640.998,40.998,0.5,5.0,0.11,100.0,0.67,10.0,0.89,100.0,0.33,10.0,0.11,100.0,0.5,5.0,0.89,100.0,0.17,0.17,43.396625,1776207640000
1776207642.041,42.041,0.5,5.0,0.11,100.0,0.67,10.0,0.89,100.0,0.33,10.0,0.11,100.0,0.5,5.0,0.89,100.0,0.17,0.17,43.400017,1776207641000
1776207643.015,43.015,0.5,5.0,0.11,100.0,0.67,10.0,0.89,100.0,0.33,10.0,0.11,100.0,0.5,5.0,0.89,100.0,0.17,0.17,43.402814,1776207642000
1776207644.029,44.029,0.5,5.0,0.11,100.0,0.67,10.0,0.89,100.0,0.33,10.0,0.11,100.0,0.5,5.0,0.89,100.0,0.17,0.17,43.404076,1776207643000
1776207644.943,44.943,0.5,5.0,0.11,100.0,0.67,10.0,0.89,100.0,0.33,10.0,0.11,100.0,0.5,5.0,0.89,100.0,0.17,0.17,43.40529,1776207644000
1776207645.966,45.966,0.5,5.0,0.11,100.0,0.67,10.0,0.89,100.0,0.33,10.0,0.11,100.0,0.5,5.0,0.89,100.0,0.17,0.17,43.406565,1776207645000
1776207646.964,46.964,0.5,5.0,0.11,100.0,0.67,10.0,0.89,100.0,0.33,10.0,0.11,100.0,0.5,5.0,0.89,100.0,0.17,0.17,43.406747,1776207646000
1776207647.991,47.991,0.5,5.0,0.11,100.0,0.67,10.0,0.89,100.0,0.33,10.0,0.11,100.0,0.5,5.0,0.89,100.0,0.17,0.17,43.40688,1776207647000
1776207648.983,48.983,0.5,5.0,0.11,100.0,0.67,10.0,0.89,100.0,0.33,10.0,0.11,100.0,0.5,5.0,0.89,100.0,0.17,0.17,43.40771,1776207648000
1776207650.523,50.523,0.5,5.0,0.11,100.0,0.67,10.0,0.89,100.0,0.33,10.0,0.11,100.0,0.5,5.0,0.89,100.0,0.17,0.17,43.407656,1776207649000
1776207651.975,51.975,0.5,5.0,0.11,100.0,0.67,10.0,0.89,100.0,0.33,10.0,0.11,100.0,0.5,5.0,0.89,100.0,0.17,0.17,43.407656,1776207650000
1776207652.621,52.621,0.5,5.0,0.11,100.0,0.67,10.0,0.89,100.0,0.33,10.0,0.11,100.0,0.5,5.0,0.89,100.0,0.17,0.17,43.407859,1776207651000
1776207653.358,53.358,0.5,5.0,0.11,100.0,0.67,10.0,0.89,100.0,0.33,10.0,0.11,100.0,0.5,5.0,0.89,100.0,0.17,0.17,43.407866,1776207652000
1776207654.018,54.018,0.5,5.0,0.11,100.0,0.67,10.0,0.89,100.0,0.33,10.0,0.11,100.0,0.5,5.0,0.89,100.0,0.17,0.17,43.407258,1776207653000
1776207655.876,55.876,0.56,43.0,0.55,5.0,0.76,5.0,0.77,15.0,0.24,5.0,0.23,15.0,0.44,43.0,0.45,5.0,0.2,0.2,43.415852,1776207654000
1776207656.452,56.452,0.56,43.0,0.55,5.0,0.76,5.0,0.77,15.0,0.24,5.0,0.23,15.0,0.44,43.0,0.45,5.0,0.2,0.2,43.420937,1776207655000
1776207657.046,57.046,0.56,43.0,0.55,5.0,0.76,5.0,0.77,15.0,0.24,5.0,0.23,15.0,0.44,43.0,0.45,5.0,0.2,0.2,43.422665,1776207656000
1776207657.254,57.254,0.75,4.56,0.74,10.0,0.76,5.0,0.77,15.0,0.24,5.0,0.23,15.0,0.44,43.0,0.45,5.0,0.01,0.2,43.422665,1776207656000
1776207658.488,58.488,0.75,4.56,0.74,10.0,0.76,5.0,0.77,15.0,0.24,5.0,0.23,15.0,0.25,4.56,0.26,10.0,0.01,0.01,43.425945,1776207657000
1776207659.118,59.118,0.75,4.56,0.74,10.0,0.76,5.0,0.77,15.0,0.24,5.0,0.23,15.0,0.25,4.56,0.26,10.0,0.01,0.01,43.426582,1776207658000
1776207659.354,59.354,0.66,10.0,0.6,5.0,0.75,7.0,0.76,5.0,0.24,5.0,0.23,15.0,0.25,4.56,0.26,10.0,0.09,0.01,43.426582,1776207658000
1776207660.333,60.333,0.66,10.0,0.6,5.0,0.75,7.0,0.76,5.0,0.25,7.0,0.24,5.0,0.34,10.0,0.4,5.0,0.09,0.09,43.426605,1776207659000
1776207661.567,61.567,0.66,10.0,0.6,5.0,0.75,7.0,0.76,5.0,0.25,7.0,0.24,5.0,0.34,10.0,0.4,5.0,0.09,0.09,43.424549,1776207660000
1776207662.259,62.259,0.66,10.0,0.6,5.0,0.75,7.0,0.76,5.0,0.25,7.0,0.24,5.0,0.34,10.0,0.4,5.0,0.09,0.09,43.420421,1776207661000
1776207663.509,63.509,0.66,10.0,0.6,5.0,0.75,7.0,0.76,5.0,0.25,7.0,0.24,5.0,0.34,10.0,0.4,5.0,0.09,0.09,43.41452,1776207662000
1776207664.141,64.141,0.66,10.0,0.6,5.0,0.75,7.0,0.76,5.0,0.25,7.0,0.24,5.0,0.34,10.0,0.4,5.0,0.09,0.09,43.415332,1776207663000
1776207665.417,65.417,0.66,10.0,0.6,5.0,0.75,7.0,0.76,5.0,0.25,7.0,0.24,5.0,0.34,10.0,0.4,5.0,0.09,0.09,43.4147,1776207664000
1776207666.104,66.104,0.66,10.0,0.6,5.0,0.75,7.0,0.76,5.0,0.25,7.0,0.24,5.0,0.34,10.0,0.4,5.0,0.09,0.09,43.413786,1776207665000
1776207668.035,68.035,0.66,10.0,0.6,5.0,0.75,7.0,0.76,5.0,0.25,7.0,0.24,5.0,0.34,10.0,0.4,5.0,0.09,0.09,43.413154,1776207666000
1776207668.778,68.778,0.66,10.0,0.6,5.0,0.75,7.0,0.76,5.0,0.25,7.0,0.24,5.0,0.34,10.0,0.4,5.0,0.09,0.09,43.413151,1776207667000
1776207669.75,69.75,0.66,10.0,0.6,5.0,0.75,7.0,0.76,5.0,0.25,7.0,0.24,5.0,0.34,10.0,0.4,5.0,0.09,0.09,43.412959,1776207668000
1776207671.214,71.214,0.66,10.0,0.6,5.0,0.75,7.0,0.76,5.0,0.25,7.0,0.24,5.0,0.34,10.0,0.4,5.0,0.09,0.09,43.413026,1776207669000
1776207671.738,71.738,0.66,10.0,0.6,5.0,0.75,7.0,0.76,5.0,0.25,7.0,0.24,5.0,0.34,10.0,0.4,5.0,0.09,0.09,43.412092,1776207670000
1776207672.406,72.406,0.66,10.0,0.6,5.0,0.75,7.0,0.76,5.0,0.25,7.0,0.24,5.0,0.34,10.0,0.4,5.0,0.09,0.09,43.408976,1776207671000
1776207673.173,73.173,0.66,10.0,0.6,5.0,0.75,7.0,0.76,5.0,0.25,7.0,0.24,5.0,0.34,10.0,0.4,5.0,0.09,0.09,43.404505,1776207672000
1776207674.515,74.515,0.66,10.0,0.6,5.0,0.75,7.0,0.76,5.0,0.25,7.0,0.24,5.0,0.34,10.0,0.4,5.0,0.09,0.09,43.399266,1776207673000
1776207675.351,75.351,0.66,10.0,0.6,5.0,0.75,7.0,0.76,5.0,0.25,7.0,0.24,5.0,0.34,10.0,0.4,5.0,0.09,0.09,43.399266,1776207674000
1776207675.978,75.978,0.66,10.0,0.6,5.0,0.75,7.0,0.76,5.0,0.25,7.0,0.24,5.0,0.34,10.0,0.4,5.0,0.09,0.09,43.399236,1776207675000
1776207677.39,77.39,0.66,10.0,0.6,5.0,0.75,7.0,0.76,5.0,0.25,7.0,0.24,5.0,0.34,10.0,0.4,5.0,0.09,0.09,43.399088,1776207676000
1776207678.045,78.045,0.66,10.0,0.6,5.0,0.75,7.0,0.76,5.0,0.25,7.0,0.24,5.0,0.34,10.0,0.4,5.0,0.09,0.09,43.399799,1776207677000
1776207678.357,78.357,0.42,4.79,0.41,5.0,0.49,10.0,0.59,15.0,0.25,7.0,0.24,5.0,0.34,10.0,0.4,5.0,0.07,0.09,43.399799,1776207677000
1776207679.385,79.385,0.42,4.79,0.41,5.0,0.49,10.0,0.59,15.0,0.51,10.0,0.41,15.0,0.58,4.79,0.59,5.0,0.07,0.07,43.399613,1776207678000
1776207680.164,80.164,0.42,4.79,0.41,5.0,0.49,10.0,0.59,15.0,0.51,10.0,0.41,15.0,0.58,4.79,0.59,5.0,0.07,0.07,43.392377,1776207679000
1776207681.54,81.54,0.42,4.79,0.41,5.0,0.49,10.0,0.59,15.0,0.51,10.0,0.41,15.0,0.58,4.79,0.59,5.0,0.07,0.07,43.382473,1776207680000
1776207682.211,82.211,0.42,4.79,0.41,5.0,0.49,10.0,0.59,15.0,0.51,10.0,0.41,15.0,0.58,4.79,0.59,5.0,0.07,0.07,43.384308,1776207681000
1776207683.648,83.648,0.42,4.79,0.41,5.0,0.49,10.0,0.59,15.0,0.51,10.0,0.41,15.0,0.58,4.79,0.59,5.0,0.07,0.07,43.386508,1776207682000
1776207684.376,84.376,0.42,4.79,0.41,5.0,0.49,10.0,0.59,15.0,0.51,10.0,0.41,15.0,0.58,4.79,0.59,5.0,0.07,0.07,43.392334,1776207683000
1776207684.999,84.999,0.42,4.79,0.41,5.0,0.49,10.0,0.59,15.0,0.51,10.0,0.41,15.0,0.58,4.79,0.59,5.0,0.07,0.07,43.393849,1776207684000
1776207687.21,87.21,0.42,4.79,0.41,5.0,0.49,10.0,0.59,15.0,0.51,10.0,0.41,15.0,0.58,4.79,0.59,5.0,0.07,0.07,43.395215,1776207685000
1776207687.679,87.679,0.42,4.79,0.41,5.0,0.49,10.0,0.59,15.0,0.51,10.0,0.41,15.0,0.58,4.79,0.59,5.0,0.07,0.07,43.400065,1776207686000
1776207688.271,88.271,0.42,4.79,0.41,5.0,0.49,10.0,0.59,15.0,0.51,10.0,0.41,15.0,0.58,4.79,0.59,5.0,0.07,0.07,43.40032,1776207687000
1776207689.415,89.415,0.42,4.79,0.41,5.0,0.49,10.0,0.59,15.0,0.51,10.0,0.41,15.0,0.58,4.79,0.59,5.0,0.07,0.07,43.404557,1776207688000
1776207690.01,90.01,0.42,4.79,0.41,5.0,0.49,10.0,0.59,15.0,0.51,10.0,0.41,15.0,0.58,4.79,0.59,5.0,0.07,0.07,43.404557,1776207689000
1776207691.388,91.388,0.42,4.79,0.41,5.0,0.49,10.0,0.59,15.0,0.51,10.0,0.41,15.0,0.58,4.79,0.59,5.0,0.07,0.07,43.406262,1776207690000
1776207691.987,91.987,0.42,4.79,0.41,5.0,0.49,10.0,0.59,15.0,0.51,10.0,0.41,15.0,0.58,4.79,0.59,5.0,0.07,0.07,43.407319,1776207691000
1776207693.092,93.092,0.42,4.79,0.41,5.0,0.49,10.0,0.59,15.0,0.51,10.0,0.41,15.0,0.58,4.79,0.59,5.0,0.07,0.07,43.409026,1776207692000
1776207694.269,94.269,0.42,4.79,0.41,5.0,0.49,10.0,0.59,15.0,0.51,10.0,0.41,15.0,0.58,4.79,0.59,5.0,0.07,0.07,43.410245,1776207693000
1776207694.992,94.992,0.42,4.79,0.41,5.0,0.49,10.0,0.59,15.0,0.51,10.0,0.41,15.0,0.58,4.79,0.59,5.0,0.07,0.07,43.410244,1776207694000
1776207696.233,96.233,0.42,4.79,0.41,5.0,0.49,10.0,0.59,15.0,0.51,10.0,0.41,15.0,0.58,4.79,0.59,5.0,0.07,0.07,43.41044,1776207695000
1776207697.406,97.406,0.42,4.79,0.41,5.0,0.49,10.0,0.59,15.0,0.51,10.0,0.41,15.0,0.58,4.79,0.59,5.0,0.07,0.07,43.408959,1776207696000
1776207698.438,98.438,0.42,4.79,0.41,5.0,0.49,10.0,0.59,15.0,0.51,10.0,0.41,15.0,0.58,4.79,0.59,5.0,0.07,0.07,43.409526,1776207697000
1776207698.963,98.963,0.42,4.79,0.41,5.0,0.49,10.0,0.59,15.0,0.51,10.0,0.41,15.0,0.58,4.79,0.59,5.0,0.07,0.07,43.409433,1776207698000
1776207700.062,100.062,0.42,4.79,0.41,5.0,0.49,10.0,0.59,15.0,0.51,10.0,0.41,15.0,0.58,4.79,0.59,5.0,0.07,0.07,43.410491,1776207699000
1776207701.179,101.179,0.42,4.79,0.41,5.0,0.49,10.0,0.59,15.0,0.51,10.0,0.41,15.0,0.58,4.79,0.59,5.0,0.07,0.07,43.410491,1776207700000
1776207702.244,102.244,0.42,4.79,0.41,5.0,0.49,10.0,0.59,15.0,0.51,10.0,0.41,15.0,0.58,4.79,0.59,5.0,0.07,0.07,43.410457,1776207701000
1776207703.327,103.327,0.42,4.79,0.41,5.0,0.49,10.0,0.59,15.0,0.51,10.0,0.41,15.0,0.58,4.79,0.59,5.0,0.07,0.07,43.410231,1776207702000
1776207704.236,104.236,0.42,4.79,0.41,5.0,0.49,10.0,0.59,15.0,0.51,10.0,0.41,15.0,0.58,4.79,0.59,5.0,0.07,0.07,43.410187,1776207703000
1776207705.218,105.218,0.42,4.79,0.41,5.0,0.49,10.0,0.59,15.0,0.51,10.0,0.41,15.0,0.58,4.79,0.59,5.0,0.07,0.07,43.410187,1776207704000
1776207706.248,106.248,0.42,4.79,0.41,5.0,0.49,10.0,0.59,15.0,0.51,10.0,0.41,15.0,0.58,4.79,0.59,5.0,0.07,0.07,43.410391,1776207705000
1776207707.381,107.381,0.42,4.79,0.41,5.0,0.49,10.0,0.59,15.0,0.51,10.0,0.41,15.0,0.58,4.79,0.59,5.0,0.07,0.07,43.41102,1776207706000
1776207708.341,108.341,0.42,4.79,0.41,5.0,0.49,10.0,0.59,15.0,0.51,10.0,0.41,15.0,0.58,4.79,0.59,5.0,0.07,0.07,43.412175,1776207707000
1776207709.329,109.329,0.42,4.79,0.41,5.0,0.49,10.0,0.59,15.0,0.51,10.0,0.41,15.0,0.58,4.79,0.59,5.0,0.07,0.07,43.412238,1776207708000
1776207710.365,110.365,0.42,4.79,0.41,5.0,0.49,10.0,0.59,15.0,0.51,10.0,0.41,15.0,0.58,4.79,0.59,5.0,0.07,0.07,43.412515,1776207709000
1776207710.947,110.947,0.42,4.79,0.41,5.0,0.49,10.0,0.59,15.0,0.51,10.0,0.41,15.0,0.58,4.79,0.59,5.0,0.07,0.07,43.414585,1776207710000
1776207711.925,111.925,0.42,4.79,0.41,5.0,0.49,10.0,0.59,15.0,0.51,10.0,0.41,15.0,0.58,4.79,0.59,5.0,0.07,0.07,43.414586,1776207711000
1776207713.05,113.05,0.42,4.79,0.41,5.0,0.49,10.0,0.59,15.0,0.51,10.0,0.41,15.0,0.58,4.79,0.59,5.0,0.07,0.07,43.416802,1776207712000
1776207714.063,114.063,0.42,4.79,0.41,5.0,0.49,10.0,0.59,15.0,0.51,10.0,0.41,15.0,0.58,4.79,0.59,5.0,0.07,0.07,43.416537,1776207713000
1776207715.501,115.501,0.42,4.79,0.41,5.0,0.49,10.0,0.59,15.0,0.51,10.0,0.41,15.0,0.58,4.79,0.59,5.0,0.07,0.07,43.416904,1776207714000
1776207716.025,116.025,0.42,4.79,0.41,5.0,0.49,10.0,0.59,15.0,0.51,10.0,0.41,15.0,0.58,4.79,0.59,5.0,0.07,0.07,43.416908,1776207715000
1776207717.119,117.119,0.42,4.79,0.41,5.0,0.49,10.0,0.59,15.0,0.51,10.0,0.41,15.0,0.58,4.79,0.59,5.0,0.07,0.07,43.418565,1776207716000
1776207717.985,117.985,0.42,4.79,0.41,5.0,0.49,10.0,0.59,15.0,0.51,10.0,0.41,15.0,0.58,4.79,0.59,5.0,0.07,0.07,43.418565,1776207717000
1776207719.059,119.059,0.42,4.79,0.41,5.0,0.49,10.0,0.59,15.0,0.51,10.0,0.41,15.0,0.58,4.79,0.59,5.0,0.07,0.07,43.418351,1776207718000
1776207720.009,120.009,0.42,4.79,0.41,5.0,0.49,10.0,0.59,15.0,0.51,10.0,0.41,15.0,0.58,4.79,0.59,5.0,0.07,0.07,43.418092,1776207719000
1776207721.062,121.062,0.42,4.79,0.41,5.0,0.49,10.0,0.59,15.0,0.51,10.0,0.41,15.0,0.58,4.79,0.59,5.0,0.07,0.07,43.418092,1776207720000
1776207722.076,122.076,0.42,4.79,0.41,5.0,0.49,10.0,0.59,15.0,0.51,10.0,0.41,15.0,0.58,4.79,0.59,5.0,0.07,0.07,43.417211,1776207721000
1776207723.125,123.125,0.42,4.79,0.41,5.0,0.49,10.0,0.59,15.0,0.51,10.0,0.41,15.0,0.58,4.79,0.59,5.0,0.07,0.07,43.415193,1776207722000
1776207724.197,124.197,0.42,4.79,0.41,5.0,0.49,10.0,0.59,15.0,0.51,10.0,0.41,15.0,0.58,4.79,0.59,5.0,0.07,0.07,43.413188,1776207723000
1776207724.693,124.693,0.58,10.0,0.52,15.0,0.67,3.24,0.68,15.0,0.51,10.0,0.41,15.0,0.58,4.79,0.59,5.0,0.09,0.07,43.413188,1776207723000
1776207725.185,125.185,0.58,10.0,0.52,15.0,0.67,3.24,0.68,15.0,0.33,3.24,0.32,15.0,0.42,10.0,0.48,15.0,0.09,0.09,43.409519,1776207724000
1776207726.345,126.345,0.58,10.0,0.52,15.0,0.67,3.24,0.68,15.0,0.33,3.24,0.32,15.0,0.42,10.0,0.48,15.0,0.09,0.09,43.407409,1776207725000
1776207727.384,127.384,0.58,10.0,0.52,15.0,0.67,3.24,0.68,15.0,0.33,3.24,0.32,15.0,0.42,10.0,0.48,15.0,0.09,0.09,43.407074,1776207726000
1776207728.583,128.583,0.58,10.0,0.52,15.0,0.67,3.24,0.68,15.0,0.33,3.24,0.32,15.0,0.42,10.0,0.48,15.0,0.09,0.09,43.399867,1776207727000
1776207729.118,129.118,0.58,10.0,0.52,15.0,0.67,3.24,0.68,15.0,0.33,3.24,0.32,15.0,0.42,10.0,0.48,15.0,0.09,0.09,43.398349,1776207728000
1776207730.169,130.169,0.58,10.0,0.52,15.0,0.67,3.24,0.68,15.0,0.33,3.24,0.32,15.0,0.42,10.0,0.48,15.0,0.09,0.09,43.398431,1776207729000
1776207731.165,131.165,0.58,10.0,0.52,15.0,0.67,3.24,0.68,15.0,0.33,3.24,0.32,15.0,0.42,10.0,0.48,15.0,0.09,0.09,43.398218,1776207730000
1776207731.471,131.471,0.45,10.0,0.41,15.0,0.55,7.57,0.56,15.0,0.33,3.24,0.32,15.0,0.42,10.0,0.48,15.0,0.1,0.09,43.398218,1776207730000
1776207732.069,132.069,0.45,10.0,0.41,15.0,0.55,7.57,0.56,15.0,0.45,7.57,0.44,15.0,0.55,10.0,0.59,15.0,0.1,0.1,43.395504,1776207731000
1776207733.045,133.045,0.45,10.0,0.41,15.0,0.55,7.57,0.56,15.0,0.45,7.57,0.44,15.0,0.55,10.0,0.59,15.0,0.1,0.1,43.391069,1776207732000
1776207734.103,134.103,0.45,10.0,0.41,15.0,0.55,7.57,0.56,15.0,0.45,7.57,0.44,15.0,0.55,10.0,0.59,15.0,0.1,0.1,43.389797,1776207733000
1776207735.114,135.114,0.45,10.0,0.41,15.0,0.55,7.57,0.56,15.0,0.45,7.57,0.44,15.0,0.55,10.0,0.59,15.0,0.1,0.1,43.389797,1776207734000
1776207736.144,136.144,0.45,10.0,0.41,15.0,0.55,7.57,0.56,15.0,0.45,7.57,0.44,15.0,0.55,10.0,0.59,15.0,0.1,0.1,43.389462,1776207735000
1776207737.12,137.12,0.45,10.0,0.41,15.0,0.55,7.57,0.56,15.0,0.45,7.57,0.44,15.0,0.55,10.0,0.59,15.0,0.1,0.1,43.390667,1776207736000
1776207738.113,138.113,0.45,10.0,0.41,15.0,0.55,7.57,0.56,15.0,0.45,7.57,0.44,15.0,0.55,10.0,0.59,15.0,0.1,0.1,43.394482,1776207737000
1776207739.301,139.301,0.45,10.0,0.41,15.0,0.55,7.57,0.56,15.0,0.45,7.57,0.44,15.0,0.55,10.0,0.59,15.0,0.1,0.1,43.394996,1776207738000
1776207739.902,139.902,0.45,10.0,0.41,15.0,0.55,7.57,0.56,15.0,0.45,7.57,0.44,15.0,0.55,10.0,0.59,15.0,0.1,0.1,43.397759,1776207739000
1776207740.864,140.864,0.45,10.0,0.41,15.0,0.55,7.57,0.56,15.0,0.45,7.57,0.44,15.0,0.55,10.0,0.59,15.0,0.1,0.1,43.400001,1776207740000
1776207742.257,142.257,0.45,10.0,0.41,15.0,0.55,7.57,0.56,15.0,0.45,7.57,0.44,15.0,0.55,10.0,0.59,15.0,0.1,0.1,43.400138,1776207741000
1776207743.728,143.728,0.45,10.0,0.41,15.0,0.55,7.57,0.56,15.0,0.45,7.57,0.44,15.0,0.55,10.0,0.59,15.0,0.1,0.1,43.400664,1776207742000
1776207744.268,144.268,0.45,10.0,0.41,15.0,0.55,7.57,0.56,15.0,0.45,7.57,0.44,15.0,0.55,10.0,0.59,15.0,0.1,0.1,43.400711,1776207743000
1776207745.305,145.305,0.45,10.0,0.41,15.0,0.55,7.57,0.56,15.0,0.45,7.57,0.44,15.0,0.55,10.0,0.59,15.0,0.1,0.1,43.401258,1776207744000
1776207745.92,145.92,0.45,10.0,0.41,15.0,0.55,7.57,0.56,15.0,0.45,7.57,0.44,15.0,0.55,10.0,0.59,15.0,0.1,0.1,43.401173,1776207745000
1776207747.106,147.106,0.45,10.0,0.41,15.0,0.55,7.57,0.56,15.0,0.45,7.57,0.44,15.0,0.55,10.0,0.59,15.0,0.1,0.1,43.404114,1776207746000
1776207748.226,148.226,0.45,10.0,0.41,15.0,0.55,7.57,0.56,15.0,0.45,7.57,0.44,15.0,0.55,10.0,0.59,15.0,0.1,0.1,43.405043,1776207747000
1776207749.343,149.343,0.45,10.0,0.41,15.0,0.55,7.57,0.56,15.0,0.45,7.57,0.44,15.0,0.55,10.0,0.59,15.0,0.1,0.1,43.409451,1776207748000
1776207749.928,149.928,0.45,10.0,0.41,15.0,0.55,7.57,0.56,15.0,0.45,7.57,0.44,15.0,0.55,10.0,0.59,15.0,0.1,0.1,43.409588,1776207749000
1776207751.079,151.079,0.45,10.0,0.41,15.0,0.55,7.57,0.56,15.0,0.45,7.57,0.44,15.0,0.55,10.0,0.59,15.0,0.1,0.1,43.409954,1776207750000
1776207751.29,151.29,0.68,15.0,0.67,15.0,0.81,15.0,0.82,15.0,0.45,7.57,0.44,15.0,0.55,10.0,0.59,15.0,0.13,0.1,43.409954,1776207750000
1776207752.194,152.194,0.68,15.0,0.67,15.0,0.81,15.0,0.82,15.0,0.19,15.0,0.18,15.0,0.32,15.0,0.33,15.0,0.13,0.13,43.410495,1776207751000
1776207753.454,153.454,0.68,15.0,0.67,15.0,0.81,15.0,0.82,15.0,0.19,15.0,0.18,15.0,0.32,15.0,0.33,15.0,0.13,0.13,43.41462,1776207752000
1776207753.918,153.918,0.68,15.0,0.67,15.0,0.81,15.0,0.82,15.0,0.19,15.0,0.18,15.0,0.32,15.0,0.33,15.0,0.13,0.13,43.416979,1776207753000
1776207755.112,155.112,0.68,15.0,0.67,15.0,0.81,15.0,0.82,15.0,0.19,15.0,0.18,15.0,0.32,15.0,0.33,15.0,0.13,0.13,43.419624,1776207754000
1776207756.35,156.35,0.68,15.0,0.67,15.0,0.81,15.0,0.82,15.0,0.19,15.0,0.18,15.0,0.32,15.0,0.33,15.0,0.13,0.13,43.419556,1776207755000
1776207757.428,157.428,0.68,15.0,0.67,15.0,0.81,15.0,0.82,15.0,0.19,15.0,0.18,15.0,0.32,15.0,0.33,15.0,0.13,0.13,43.419943,1776207756000
1776207757.988,157.988,0.68,15.0,0.67,15.0,0.81,15.0,0.82,15.0,0.19,15.0,0.18,15.0,0.32,15.0,0.33,15.0,0.13,0.13,43.418711,1776207757000
1776207758.935,158.935,0.68,15.0,0.67,15.0,0.81,15.0,0.82,15.0,0.19,15.0,0.18,15.0,0.32,15.0,0.33,15.0,0.13,0.13,43.419242,1776207758000
1776207760.088,160.088,0.68,15.0,0.67,15.0,0.81,15.0,0.82,15.0,0.19,15.0,0.18,15.0,0.32,15.0,0.33,15.0,0.13,0.13,43.421769,1776207759000
1776207761.065,161.065,0.68,15.0,0.67,15.0,0.81,15.0,0.82,15.0,0.19,15.0,0.18,15.0,0.32,15.0,0.33,15.0,0.13,0.13,43.421794,1776207760000
1776207762.217,162.217,0.68,15.0,0.67,15.0,0.81,15.0,0.82,15.0,0.19,15.0,0.18,15.0,0.32,15.0,0.33,15.0,0.13,0.13,43.422066,1776207761000
1776207763.242,163.242,0.68,15.0,0.67,15.0,0.81,15.0,0.82,15.0,0.19,15.0,0.18,15.0,0.32,15.0,0.33,15.0,0.13,0.13,43.421848,1776207762000
1776207764.096,164.096,0.68,15.0,0.67,15.0,0.81,15.0,0.82,15.0,0.19,15.0,0.18,15.0,0.32,15.0,0.33,15.0,0.13,0.13,43.421797,1776207763000
1776207765.085,165.085,0.68,15.0,0.67,15.0,0.81,15.0,0.82,15.0,0.19,15.0,0.18,15.0,0.32,15.0,0.33,15.0,0.13,0.13,43.421809,1776207764000
1776207766.234,166.234,0.68,15.0,0.67,15.0,0.81,15.0,0.82,15.0,0.19,15.0,0.18,15.0,0.32,15.0,0.33,15.0,0.13,0.13,43.421809,1776207765000
1776207767.183,167.183,0.68,15.0,0.67,15.0,0.81,15.0,0.82,15.0,0.19,15.0,0.18,15.0,0.32,15.0,0.33,15.0,0.13,0.13,43.419112,1776207766000
1776207768.187,168.187,0.68,15.0,0.67,15.0,0.81,15.0,0.82,15.0,0.19,15.0,0.18,15.0,0.32,15.0,0.33,15.0,0.13,0.13,43.419276,1776207767000
1776207769.404,169.404,0.68,15.0,0.67,15.0,0.81,15.0,0.82,15.0,0.19,15.0,0.18,15.0,0.32,15.0,0.33,15.0,0.13,0.13,43.419226,1776207768000
1776207769.824,169.824,0.68,15.0,0.67,15.0,0.81,15.0,0.82,15.0,0.19,15.0,0.18,15.0,0.32,15.0,0.33,15.0,0.13,0.13,43.41982,1776207769000
1776207771.507,171.507,0.68,15.0,0.67,15.0,0.81,15.0,0.82,15.0,0.19,15.0,0.18,15.0,0.32,15.0,0.33,15.0,0.13,0.13,43.420527,1776207770000
1776207772.368,172.368,0.68,15.0,0.67,15.0,0.81,15.0,0.82,15.0,0.19,15.0,0.18,15.0,0.32,15.0,0.33,15.0,0.13,0.13,43.417669,1776207771000
1776207773.03,173.03,0.68,15.0,0.67,15.0,0.81,15.0,0.82,15.0,0.19,15.0,0.18,15.0,0.32,15.0,0.33,15.0,0.13,0.13,43.417528,1776207772000
1776207774.209,174.209,0.68,15.0,0.67,15.0,0.81,15.0,0.82,15.0,0.19,15.0,0.18,15.0,0.32,15.0,0.33,15.0,0.13,0.13,43.416796,1776207773000
1776207775.047,175.047,0.68,15.0,0.67,15.0,0.81,15.0,0.82,15.0,0.19,15.0,0.18,15.0,0.32,15.0,0.33,15.0,0.13,0.13,43.416659,1776207774000
1776207776.453,176.453,0.68,15.0,0.67,15.0,0.81,15.0,0.82,15.0,0.19,15.0,0.18,15.0,0.32,15.0,0.33,15.0,0.13,0.13,43.416185,1776207775000
1776207777.188,177.188,0.68,15.0,0.67,15.0,0.81,15.0,0.82,15.0,0.19,15.0,0.18,15.0,0.32,15.0,0.33,15.0,0.13,0.13,43.417202,1776207776000
1776207778.435,178.435,0.68,15.0,0.67,15.0,0.81,15.0,0.82,15.0,0.19,15.0,0.18,15.0,0.32,15.0,0.33,15.0,0.13,0.13,43.418386,1776207777000
1776207779.407,179.407,0.68,15.0,0.67,15.0,0.81,15.0,0.82,15.0,0.19,15.0,0.18,15.0,0.32,15.0,0.33,15.0,0.13,0.13,43.418386,1776207778000
1776207780.627,180.627,0.68,15.0,0.67,15.0,0.81,15.0,0.82,15.0,0.19,15.0,0.18,15.0,0.32,15.0,0.33,15.0,0.13,0.13,43.417471,1776207779000
1776207781.425,181.425,0.68,15.0,0.67,15.0,0.81,15.0,0.82,15.0,0.19,15.0,0.18,15.0,0.32,15.0,0.33,15.0,0.13,0.13,43.417481,1776207780000
1776207782.077,182.077,0.68,15.0,0.67,15.0,0.81,15.0,0.82,15.0,0.19,15.0,0.18,15.0,0.32,15.0,0.33,15.0,0.13,0.13,43.417528,1776207781000
1776207783.648,183.648,0.68,15.0,0.67,15.0,0.81,15.0,0.82,15.0,0.19,15.0,0.18,15.0,0.32,15.0,0.33,15.0,0.13,0.13,43.417414,1776207782000
1776207784.717,184.717,0.68,15.0,0.67,15.0,0.81,15.0,0.82,15.0,0.19,15.0,0.18,15.0,0.32,15.0,0.33,15.0,0.13,0.13,43.417345,1776207783000
1776207785.838,185.838,0.68,15.0,0.67,15.0,0.81,15.0,0.82,15.0,0.19,15.0,0.18,15.0,0.32,15.0,0.33,15.0,0.13,0.13,43.417408,1776207784000
1776207786.425,186.425,0.68,15.0,0.67,15.0,0.81,15.0,0.82,15.0,0.19,15.0,0.18,15.0,0.32,15.0,0.33,15.0,0.13,0.13,43.418629,1776207785000
1776207787.211,187.211,0.68,15.0,0.67,15.0,0.81,15.0,0.82,15.0,0.19,15.0,0.18,15.0,0.32,15.0,0.33,15.0,0.13,0.13,43.419225,1776207786000
1776207788.738,188.738,0.68,15.0,0.67,15.0,0.81,15.0,0.82,15.0,0.19,15.0,0.18,15.0,0.32,15.0,0.33,15.0,0.13,0.13,43.421305,1776207787000
1776207789.698,189.698,0.68,15.0,0.67,15.0,0.81,15.0,0.82,15.0,0.19,15.0,0.18,15.0,0.32,15.0,0.33,15.0,0.13,0.13,43.421305,1776207788000
1776207790.387,190.387,0.68,15.0,0.67,15.0,0.81,15.0,0.82,15.0,0.19,15.0,0.18,15.0,0.32,15.0,0.33,15.0,0.13,0.13,43.422315,1776207789000
1776207790.888,190.888,0.68,15.0,0.67,15.0,0.81,15.0,0.82,15.0,0.19,15.0,0.18,15.0,0.32,15.0,0.33,15.0,0.13,0.13,43.422553,1776207790000
1776207791.932,191.932,0.68,15.0,0.67,15.0,0.81,15.0,0.82,15.0,0.19,15.0,0.18,15.0,0.32,15.0,0.33,15.0,0.13,0.13,43.422556,1776207791000
1776207793.102,193.102,0.68,15.0,0.67,15.0,0.81,15.0,0.82,15.0,0.19,15.0,0.18,15.0,0.32,15.0,0.33,15.0,0.13,0.13,43.42242,1776207792000
1776207794.131,194.131,0.68,15.0,0.67,15.0,0.81,15.0,0.82,15.0,0.19,15.0,0.18,15.0,0.32,15.0,0.33,15.0,0.13,0.13,43.42522,1776207793000
1776207795.222,195.222,0.68,15.0,0.67,15.0,0.81,15.0,0.82,15.0,0.19,15.0,0.18,15.0,0.32,15.0,0.33,15.0,0.13,0.13,43.425384,1776207794000
1776207796.375,196.375,0.68,15.0,0.67,15.0,0.81,15.0,0.82,15.0,0.19,15.0,0.18,15.0,0.32,15.0,0.33,15.0,0.13,0.13,43.425304,1776207795000
1776207796.849,196.849,0.68,15.0,0.67,15.0,0.81,15.0,0.82,15.0,0.19,15.0,0.18,15.0,0.32,15.0,0.33,15.0,0.13,0.13,43.424408,1776207796000
1776207797.877,197.877,0.68,15.0,0.67,15.0,0.81,15.0,0.82,15.0,0.19,15.0,0.18,15.0,0.32,15.0,0.33,15.0,0.13,0.13,43.423669,1776207797000
1776207799.052,199.052,0.68,15.0,0.67,15.0,0.81,15.0,0.82,15.0,0.19,15.0,0.18,15.0,0.32,15.0,0.33,15.0,0.13,0.13,43.423376,1776207798000
1776207800.029,200.029,0.68,15.0,0.67,15.0,0.81,15.0,0.82,15.0,0.19,15.0,0.18,15.0,0.32,15.0,0.33,15.0,0.13,0.13,43.425443,1776207799000
1776207801.054,201.054,0.68,15.0,0.67,15.0,0.81,15.0,0.82,15.0,0.19,15.0,0.18,15.0,0.32,15.0,0.33,15.0,0.13,0.13,43.425931,1776207800000
1776207802.049,202.049,0.68,15.0,0.67,15.0,0.81,15.0,0.82,15.0,0.19,15.0,0.18,15.0,0.32,15.0,0.33,15.0,0.13,0.13,43.428512,1776207801000
1776207803.558,203.558,0.68,15.0,0.67,15.0,0.81,15.0,0.82,15.0,0.19,15.0,0.18,15.0,0.32,15.0,0.33,15.0,0.13,0.13,43.428866,1776207802000
1776207804.201,204.201,0.68,15.0,0.67,15.0,0.81,15.0,0.82,15.0,0.19,15.0,0.18,15.0,0.32,15.0,0.33,15.0,0.13,0.13,43.428797,1776207803000
1776207805.424,205.424,0.68,15.0,0.67,15.0,0.81,15.0,0.82,15.0,0.19,15.0,0.18,15.0,0.32,15.0,0.33,15.0,0.13,0.13,43.427502,1776207804000
1776207806.079,206.079,0.68,15.0,0.67,15.0,0.81,15.0,0.82,15.0,0.19,15.0,0.18,15.0,0.32,15.0,0.33,15.0,0.13,0.13,43.42757,1776207805000
1776207806.398,206.398,0.84,6.0,0.82,15.0,0.89,5.54,0.9,15.0,0.19,15.0,0.18,15.0,0.32,15.0,0.33,15.0,0.05,0.13,43.42757,1776207805000
1776207807.273,207.273,0.84,6.0,0.82,15.0,0.89,5.54,0.9,15.0,0.11,5.54,0.1,15.0,0.16,6.0,0.18,15.0,0.05,0.05,43.427673,1776207806000
1776207808.392,208.392,0.84,6.0,0.82,15.0,0.89,5.54,0.9,15.0,0.11,5.54,0.1,15.0,0.16,6.0,0.18,15.0,0.05,0.05,43.42649,1776207807000
1776207809.049,209.049,0.84,6.0,0.82,15.0,0.89,5.54,0.9,15.0,0.11,5.54,0.1,15.0,0.16,6.0,0.18,15.0,0.05,0.05,43.427389,1776207808000
1776207810.079,210.079,0.84,6.0,0.82,15.0,0.89,5.54,0.9,15.0,0.11,5.54,0.1,15.0,0.16,6.0,0.18,15.0,0.05,0.05,43.426559,1776207809000
1776207811.182,211.182,0.84,6.0,0.82,15.0,0.89,5.54,0.9,15.0,0.11,5.54,0.1,15.0,0.16,6.0,0.18,15.0,0.05,0.05,43.426388,1776207810000
1776207812.485,212.485,0.84,6.0,0.82,15.0,0.89,5.54,0.9,15.0,0.11,5.54,0.1,15.0,0.16,6.0,0.18,15.0,0.05,0.05,43.428415,1776207811000
1776207813.361,213.361,0.84,6.0,0.82,15.0,0.89,5.54,0.9,15.0,0.11,5.54,0.1,15.0,0.16,6.0,0.18,15.0,0.05,0.05,43.428856,1776207812000
1776207813.888,213.888,0.84,6.0,0.82,15.0,0.89,5.54,0.9,15.0,0.11,5.54,0.1,15.0,0.16,6.0,0.18,15.0,0.05,0.05,43.428806,1776207813000
1776207815.174,215.174,0.84,6.0,0.82,15.0,0.89,5.54,0.9,15.0,0.11,5.54,0.1,15.0,0.16,6.0,0.18,15.0,0.05,0.05,43.428402,1776207814000
1776207816.367,216.367,0.84,6.0,0.82,15.0,0.89,5.54,0.9,15.0,0.11,5.54,0.1,15.0,0.16,6.0,0.18,15.0,0.05,0.05,43.428787,1776207815000
1776207816.589,216.589,0.82,22.0,0.81,20.0,0.9,15.0,0.91,15.0,0.11,5.54,0.1,15.0,0.16,6.0,0.18,15.0,0.08,0.05,43.428787,1776207815000
1776207817.355,217.355,0.82,22.0,0.81,20.0,0.9,15.0,0.91,15.0,0.1,15.0,0.09,15.0,0.18,22.0,0.19,20.0,0.08,0.08,43.426448,1776207816000
1776207818.757,218.757,0.82,22.0,0.81,20.0,0.9,15.0,0.91,15.0,0.1,15.0,0.09,15.0,0.18,22.0,0.19,20.0,0.08,0.08,43.426446,1776207817000
1776207819.359,219.359,0.82,22.0,0.81,20.0,0.9,15.0,0.91,15.0,0.1,15.0,0.09,15.0,0.18,22.0,0.19,20.0,0.08,0.08,43.426236,1776207818000
1776207819.649,219.649,0.82,7.0,0.8,20.0,0.89,15.0,0.9,15.0,0.1,15.0,0.09,15.0,0.18,22.0,0.19,20.0,0.07,0.08,43.426236,1776207818000
1776207819.954,219.954,0.82,7.0,0.8,20.0,0.89,15.0,0.9,15.0,0.11,15.0,0.1,15.0,0.18,7.0,0.2,20.0,0.07,0.07,43.426236,1776207819000
1776207821.197,221.197,0.82,7.0,0.8,20.0,0.89,15.0,0.9,15.0,0.11,15.0,0.1,15.0,0.18,7.0,0.2,20.0,0.07,0.07,43.426632,1776207820000
1776207822.314,222.314,0.82,7.0,0.8,20.0,0.89,15.0,0.9,15.0,0.11,15.0,0.1,15.0,0.18,7.0,0.2,20.0,0.07,0.07,43.426039,1776207821000
1776207822.874,222.874,0.82,7.0,0.8,20.0,0.89,15.0,0.9,15.0,0.11,15.0,0.1,15.0,0.18,7.0,0.2,20.0,0.07,0.07,43.425929,1776207822000
1776207824.045,224.045,0.82,7.0,0.8,20.0,0.89,15.0,0.9,15.0,0.11,15.0,0.1,15.0,0.18,7.0,0.2,20.0,0.07,0.07,43.425112,1776207823000
1776207824.512,224.512,0.74,10.0,0.72,15.0,0.83,15.0,0.84,15.0,0.11,15.0,0.1,15.0,0.18,7.0,0.2,20.0,0.09,0.07,43.425112,1776207823000
1776207825.204,225.204,0.74,10.0,0.72,15.0,0.83,15.0,0.84,15.0,0.17,15.0,0.16,15.0,0.26,10.0,0.28,15.0,0.09,0.09,43.420073,1776207824000
1776207826.156,226.156,0.74,10.0,0.72,15.0,0.83,15.0,0.84,15.0,0.17,15.0,0.16,15.0,0.26,10.0,0.28,15.0,0.09,0.09,43.415315,1776207825000
1776207827.508,227.508,0.74,10.0,0.72,15.0,0.83,15.0,0.84,15.0,0.17,15.0,0.16,15.0,0.26,10.0,0.28,15.0,0.09,0.09,43.41691,1776207826000
1776207828.147,228.147,0.74,10.0,0.72,15.0,0.83,15.0,0.84,15.0,0.17,15.0,0.16,15.0,0.26,10.0,0.28,15.0,0.09,0.09,43.417552,1776207827000
1776207829.622,229.622,0.74,10.0,0.72,15.0,0.83,15.0,0.84,15.0,0.17,15.0,0.16,15.0,0.26,10.0,0.28,15.0,0.09,0.09,43.416618,1776207828000
1776207830.112,230.112,0.74,10.0,0.72,15.0,0.83,15.0,0.84,15.0,0.17,15.0,0.16,15.0,0.26,10.0,0.28,15.0,0.09,0.09,43.418095,1776207829000
1776207831.313,231.313,0.74,10.0,0.72,15.0,0.83,15.0,0.84,15.0,0.17,15.0,0.16,15.0,0.26,10.0,0.28,15.0,0.09,0.09,43.418975,1776207830000
1776207831.848,231.848,0.74,10.0,0.72,15.0,0.83,15.0,0.84,15.0,0.17,15.0,0.16,15.0,0.26,10.0,0.28,15.0,0.09,0.09,43.418922,1776207831000
1776207832.975,232.975,0.74,10.0,0.72,15.0,0.83,15.0,0.84,15.0,0.17,15.0,0.16,15.0,0.26,10.0,0.28,15.0,0.09,0.09,43.418654,1776207832000
1776207835.004,235.004,0.74,10.0,0.72,15.0,0.83,15.0,0.84,15.0,0.17,15.0,0.16,15.0,0.26,10.0,0.28,15.0,0.09,0.09,43.420627,1776207833000
1776207835.428,235.428,0.74,10.0,0.72,15.0,0.83,15.0,0.84,15.0,0.17,15.0,0.16,15.0,0.26,10.0,0.28,15.0,0.09,0.09,43.420996,1776207834000
1776207836.041,236.041,0.74,10.0,0.72,15.0,0.83,15.0,0.84,15.0,0.17,15.0,0.16,15.0,0.26,10.0,0.28,15.0,0.09,0.09,43.420996,1776207835000
1776207837.198,237.198,0.74,10.0,0.72,15.0,0.83,15.0,0.84,15.0,0.17,15.0,0.16,15.0,0.26,10.0,0.28,15.0,0.09,0.09,43.420346,1776207836000
1776207838.19,238.19,0.74,10.0,0.72,15.0,0.83,15.0,0.84,15.0,0.17,15.0,0.16,15.0,0.26,10.0,0.28,15.0,0.09,0.09,43.420642,1776207837000
1776207839.189,239.189,0.74,10.0,0.72,15.0,0.83,15.0,0.84,15.0,0.17,15.0,0.16,15.0,0.26,10.0,0.28,15.0,0.09,0.09,43.422282,1776207838000
1776207840.252,240.252,0.74,10.0,0.72,15.0,0.83,15.0,0.84,15.0,0.17,15.0,0.16,15.0,0.26,10.0,0.28,15.0,0.09,0.09,43.421416,1776207839000
1776207841.279,241.279,0.74,10.0,0.72,15.0,0.83,15.0,0.84,15.0,0.17,15.0,0.16,15.0,0.26,10.0,0.28,15.0,0.09,0.09,43.426362,1776207840000
1776207843.021,243.021,0.74,10.0,0.72,15.0,0.83,15.0,0.84,15.0,0.17,15.0,0.16,15.0,0.26,10.0,0.28,15.0,0.09,0.09,43.423049,1776207842000
1776207844.341,244.341,0.74,10.0,0.72,15.0,0.83,15.0,0.84,15.0,0.17,15.0,0.16,15.0,0.26,10.0,0.28,15.0,0.09,0.09,43.425841,1776207843000
1776207844.849,244.849,0.74,10.0,0.72,15.0,0.83,15.0,0.84,15.0,0.17,15.0,0.16,15.0,0.26,10.0,0.28,15.0,0.09,0.09,43.425318,1776207844000
1776207845.88,245.88,0.74,10.0,0.72,15.0,0.83,15.0,0.84,15.0,0.17,15.0,0.16,15.0,0.26,10.0,0.28,15.0,0.09,0.09,43.424624,1776207845000
1776207847.061,247.061,0.74,10.0,0.72,15.0,0.83,15.0,0.84,15.0,0.17,15.0,0.16,15.0,0.26,10.0,0.28,15.0,0.09,0.09,43.425326,1776207846000
1776207847.968,247.968,0.74,10.0,0.72,15.0,0.83,15.0,0.84,15.0,0.17,15.0,0.16,15.0,0.26,10.0,0.28,15.0,0.09,0.09,43.425326,1776207847000
1776207849.73,249.73,0.74,10.0,0.72,15.0,0.83,15.0,0.84,15.0,0.17,15.0,0.16,15.0,0.26,10.0,0.28,15.0,0.09,0.09,43.425709,1776207848000
1776207850.376,250.376,0.74,10.0,0.72,15.0,0.83,15.0,0.84,15.0,0.17,15.0,0.16,15.0,0.26,10.0,0.28,15.0,0.09,0.09,43.425639,1776207849000
1776207852.021,252.021,0.74,10.0,0.72,15.0,0.83,15.0,0.84,15.0,0.17,15.0,0.16,15.0,0.26,10.0,0.28,15.0,0.09,0.09,43.4257,1776207850000
1776207852.605,252.605,0.74,10.0,0.72,15.0,0.83,15.0,0.84,15.0,0.17,15.0,0.16,15.0,0.26,10.0,0.28,15.0,0.09,0.09,43.426158,1776207851000
1776207853.447,253.447,0.74,10.0,0.72,15.0,0.83,15.0,0.84,15.0,0.17,15.0,0.16,15.0,0.26,10.0,0.28,15.0,0.09,0.09,43.426545,1776207852000
1776207854.552,254.552,0.74,10.0,0.72,15.0,0.83,15.0,0.84,15.0,0.17,15.0,0.16,15.0,0.26,10.0,0.28,15.0,0.09,0.09,43.426351,1776207853000
1776207855.252,255.252,0.94,15.0,0.93,15.0,0.99,305.0,,,0.01,305.0,,,0.06,15.0,0.07,15.0,0.05,0.05,43.426165,1776207854000
1776207856.477,256.477,0.95,7.36,0.93,15.0,0.96,12.91,0.97,15.0,0.01,305.0,,,0.06,15.0,0.07,15.0,0.01,0.05,43.426165,1776207854000
1776207857.108,257.108,0.95,7.36,0.93,15.0,0.96,12.91,0.97,15.0,0.04,12.91,0.03,15.0,0.05,7.36,0.07,15.0,0.01,0.01,43.427185,1776207856000
1776207857.407,257.407,0.95,12.36,0.92,15.0,0.96,6.46,0.97,15.0,0.04,12.91,0.03,15.0,0.05,7.36,0.07,15.0,0.01,0.01,43.427185,1776207856000
1776207858.455,258.455,0.95,12.36,0.92,15.0,0.96,6.46,0.97,15.0,0.04,6.46,0.03,15.0,0.05,12.36,0.08,15.0,0.01,0.01,43.427539,1776207857000
1776207859.006,259.006,0.95,12.36,0.92,15.0,0.96,6.46,0.97,15.0,0.04,6.46,0.03,15.0,0.05,12.36,0.08,15.0,0.01,0.01,43.425362,1776207858000
1776207859.457,259.457,0.95,12.36,0.92,15.0,0.97,15.0,0.98,15.0,0.04,6.46,0.03,15.0,0.05,12.36,0.08,15.0,0.02,0.01,43.425362,1776207858000
1776207860.326,260.326,0.95,12.36,0.92,15.0,0.97,15.0,0.98,15.0,0.03,15.0,0.02,15.0,0.05,12.36,0.08,15.0,0.02,0.02,43.423826,1776207859000
1776207860.928,260.928,0.95,12.36,0.92,15.0,0.97,15.0,0.98,15.0,0.03,15.0,0.02,15.0,0.05,12.36,0.08,15.0,0.02,0.02,43.423673,1776207860000
1776207862.206,262.206,0.95,12.36,0.92,15.0,0.97,15.0,0.98,15.0,0.03,15.0,0.02,15.0,0.05,12.36,0.08,15.0,0.02,0.02,43.423049,1776207861000
1776207863.619,263.619,0.95,12.36,0.92,15.0,0.97,15.0,0.98,15.0,0.03,15.0,0.02,15.0,0.05,12.36,0.08,15.0,0.02,0.02,43.423766,1776207862000
1776207864.178,264.178,0.95,12.36,0.92,15.0,0.97,15.0,0.98,15.0,0.03,15.0,0.02,15.0,0.05,12.36,0.08,15.0,0.02,0.02,43.423766,1776207863000
1776207865.475,265.475,0.95,12.36,0.92,15.0,0.97,15.0,0.98,15.0,0.03,15.0,0.02,15.0,0.05,12.36,0.08,15.0,0.02,0.02,43.425117,1776207864000
1776207866.346,266.346,0.95,12.36,0.92,15.0,0.97,15.0,0.98,15.0,0.03,15.0,0.02,15.0,0.05,12.36,0.08,15.0,0.02,0.02,43.425117,1776207865000
1776207866.915,266.915,0.95,12.36,0.92,15.0,0.97,15.0,0.98,15.0,0.03,15.0,0.02,15.0,0.05,12.36,0.08,15.0,0.02,0.02,43.425995,1776207866000
1776207867.895,267.895,0.95,12.36,0.92,15.0,0.97,15.0,0.98,15.0,0.03,15.0,0.02,15.0,0.05,12.36,0.08,15.0,0.02,0.02,43.425913,1776207867000
1776207868.875,268.875,0.95,12.36,0.92,15.0,0.97,15.0,0.98,15.0,0.03,15.0,0.02,15.0,0.05,12.36,0.08,15.0,0.02,0.02,43.426072,1776207868000
1776207869.746,269.746,0.97,15.0,0.96,20.0,0.99,185.0,,,0.03,15.0,0.02,15.0,0.05,12.36,0.08,15.0,0.02,0.02,43.426072,1776207868000
1776207870.339,270.339,0.97,15.0,0.96,20.0,0.99,185.0,,,0.01,185.0,,,0.03,15.0,0.04,20.0,0.02,0.02,43.425955,1776207869000
1776207871.16,271.16,0.97,5.0,0.96,20.0,0.99,182.97,,,0.01,185.0,,,0.03,15.0,0.04,20.0,0.02,0.02,43.425955,1776207869000
1776207872.683,272.683,0.97,5.0,0.96,20.0,0.99,182.97,,,0.01,182.97,,,0.03,5.0,0.04,20.0,0.02,0.02,43.426303,1776207871000
1776207873.219,273.219,0.97,5.0,0.96,20.0,0.99,182.97,,,0.01,182.97,,,0.03,5.0,0.04,20.0,0.02,0.02,43.425848,1776207872000
1776207873.937,273.937,0.97,5.0,0.96,5.0,0.98,13.97,0.99,182.97,0.01,182.97,,,0.03,5.0,0.04,20.0,0.01,0.02,43.425848,1776207872000
1776207874.41,274.41,0.97,5.0,0.96,5.0,0.98,13.97,0.99,182.97,0.02,13.97,0.01,182.97,0.03,5.0,0.04,5.0,0.01,0.01,43.423397,1776207873000
1776207874.969,274.969,0.97,5.0,0.96,5.0,0.98,13.97,0.99,182.97,0.02,13.97,0.01,182.97,0.03,5.0,0.04,5.0,0.01,0.01,43.423092,1776207874000
1776207876.095,276.095,0.97,5.0,0.96,5.0,0.98,13.97,0.99,182.97,0.02,13.97,0.01,182.97,0.03,5.0,0.04,5.0,0.01,0.01,43.42008,1776207875000
1776207877.346,277.346,0.97,5.0,0.96,5.0,0.98,13.97,0.99,182.97,0.02,13.97,0.01,182.97,0.03,5.0,0.04,5.0,0.01,0.01,43.418352,1776207876000
1776207878.417,278.417,0.97,5.0,0.96,5.0,0.98,13.97,0.99,182.97,0.02,13.97,0.01,182.97,0.03,5.0,0.04,5.0,0.01,0.01,43.422619,1776207877000
1776207878.995,278.995,0.97,5.0,0.96,5.0,0.98,13.97,0.99,182.97,0.02,13.97,0.01,182.97,0.03,5.0,0.04,5.0,0.01,0.01,43.422619,1776207878000
1776207880.447,280.447,0.97,5.0,0.96,5.0,0.98,13.97,0.99,182.97,0.02,13.97,0.01,182.97,0.03,5.0,0.04,5.0,0.01,0.01,43.422787,1776207879000
1776207881.036,281.036,0.97,5.0,0.96,5.0,0.98,13.97,0.99,182.97,0.02,13.97,0.01,182.97,0.03,5.0,0.04,5.0,0.01,0.01,43.42287,1776207880000
1776207882.186,282.186,0.97,5.0,0.96,5.0,0.98,13.97,0.99,182.97,0.02,13.97,0.01,182.97,0.03,5.0,0.04,5.0,0.01,0.01,43.420496,1776207881000
1776207883.273,283.273,0.97,5.0,0.96,5.0,0.98,13.97,0.99,182.97,0.02,13.97,0.01,182.97,0.03,5.0,0.04,5.0,0.01,0.01,43.42001,1776207882000
1776207884.292,284.292,0.97,5.0,0.96,5.0,0.98,13.97,0.99,182.97,0.02,13.97,0.01,182.97,0.03,5.0,0.04,5.0,0.01,0.01,43.419325,1776207883000
1776207885.214,285.214,0.96,5.0,0.95,12.36,0.99,167.97,,,0.02,13.97,0.01,182.97,0.03,5.0,0.04,5.0,0.03,0.01,43.419325,1776207883000
1776207886.384,286.384,0.78,5.0,0.3,100.0,0.99,167.97,,,0.01,167.97,,,0.22,5.0,0.7,100.0,0.21,0.21,43.407492,1776207885000
1776207887.008,287.008,0.78,5.0,0.3,100.0,0.99,167.97,,,0.01,167.97,,,0.22,5.0,0.7,100.0,0.21,0.21,43.403688,1776207886000
1776207888.019,288.019,0.78,5.0,0.3,100.0,0.99,167.97,,,0.01,167.97,,,0.22,5.0,0.7,100.0,0.21,0.21,43.402427,1776207887000
1776207888.388,288.388,0.86,10.0,0.15,100.0,0.99,265.94,,,0.01,167.97,,,0.22,5.0,0.7,100.0,0.13,0.21,43.402427,1776207887000
1776207889.14,289.14,0.86,10.0,0.15,100.0,0.99,265.94,,,0.01,265.94,,,0.14,10.0,0.85,100.0,0.13,0.13,43.402122,1776207888000
1776207890.198,290.198,0.86,10.0,0.15,100.0,0.99,265.94,,,0.01,265.94,,,0.14,10.0,0.85,100.0,0.13,0.13,43.401179,1776207889000
1776207891.363,291.363,0.86,10.0,0.15,100.0,0.99,265.94,,,0.01,265.94,,,0.14,10.0,0.85,100.0,0.13,0.13,43.401408,1776207890000
1776207892.369,292.369,0.86,10.0,0.15,100.0,0.99,265.94,,,0.01,265.94,,,0.14,10.0,0.85,100.0,0.13,0.13,43.401554,1776207891000
1776207892.986,292.986,0.86,10.0,0.15,100.0,0.99,265.94,,,0.01,265.94,,,0.14,10.0,0.85,100.0,0.13,0.13,43.401572,1776207892000
1776207894.362,294.362,0.9,10.0,0.15,100.0,0.99,235.63,,,0.01,255.84,,,0.1,10.0,0.85,100.0,0.09,0.09,43.401572,1776207892000
1776207894.952,294.952,0.9,10.0,0.15,100.0,0.99,235.63,,,0.01,235.63,,,0.1,10.0,0.85,100.0,0.09,0.09,43.408765,1776207894000
1776207895.337,295.337,0.9,10.0,0.65,5.0,0.99,126.99,,,0.01,235.63,,,0.1,10.0,0.85,100.0,0.09,0.09,43.408765,1776207894000
1776207895.68,295.68,0.9,10.0,0.65,5.0,0.99,74.99,,,0.01,101.99,,,0.1,10.0,0.35,5.0,0.09,0.09,43.408765,1776207894000
1776207895.972,295.972,0.9,10.0,0.65,5.0,0.99,74.99,,,0.01,74.99,,,0.1,10.0,0.35,5.0,0.09,0.09,43.408461,1776207895000
1776207896.479,296.479,0.9,10.0,0.65,5.0,0.99,73.88,,,0.01,74.99,,,0.1,10.0,0.35,5.0,0.09,0.09,43.408461,1776207895000
1776207896.914,296.914,0.9,10.0,0.65,5.0,0.99,73.88,,,0.01,73.88,,,0.1,10.0,0.35,5.0,0.09,0.09,43.408461,1776207896000
1776207897.379,297.379,0.9,10.0,0.65,5.0,0.99,63.88,,,0.01,73.88,,,0.1,10.0,0.35,5.0,0.09,0.09,43.408461,1776207896000
1776207897.61,297.61,0.9,10.0,0.65,5.0,0.99,51.77,,,0.01,62.77,,,0.1,10.0,0.35,5.0,0.09,0.09,43.408461,1776207896000
1776207897.954,297.954,0.9,10.0,0.65,5.0,0.99,51.77,,,0.01,51.77,,,0.1,10.0,0.35,5.0,0.09,0.09,43.409172,1776207897000
1776207898.21,298.21,0.9,10.0,0.65,5.0,0.99,36.77,,,0.01,41.77,,,0.1,10.0,0.35,5.0,0.09,0.09,43.409172,1776207897000
1776207898.919,298.919,0.99,13.73,0.9,10.0,,,,,,,,,0.01,13.73,0.1,10.0,,,43.409475,1776207898000
1776207899.926,299.926,0.99,13.73,0.9,10.0,,,,,,,,,0.01,13.73,0.1,10.0,,,43.409348,1776207899000
1776207900.944,300.944,0.99,13.73,0.9,10.0,,,,,,,,,0.01,13.73,0.1,10.0,,,43.409076,1776207900000

# RESULT,winner=Up,slug=hype-updown-5m-1776207600,ticks=322
