timestamp,elapsed_sec,up_bid_p1,up_bid_s1,up_bid_p2,up_bid_s2,up_ask_p1,up_ask_s1,up_ask_p2,up_ask_s2,down_bid_p1,down_bid_s1,down_bid_p2,down_bid_s2,down_ask_p1,down_ask_s1,down_ask_p2,down_ask_s2,up_spread,down_spread,hype_price,hype_oracle_ts
1776193201.602,1.602,0.11,100.0,0.08,50.0,0.51,5.0,0.69,6.14,0.49,5.0,0.31,6.14,0.89,100.0,0.92,50.0,0.4,0.4,43.421,1776193200000
1776193202.049,2.049,0.11,100.0,0.08,50.0,0.51,5.0,0.69,6.14,0.49,5.0,0.31,6.14,0.89,100.0,0.92,50.0,0.4,0.4,43.421,1776193200000
1776193203.253,3.253,0.11,100.0,0.08,50.0,0.51,5.0,0.69,6.14,0.49,5.0,0.31,6.14,0.89,100.0,0.92,50.0,0.4,0.4,43.413898,1776193202000
1776193204.313,4.313,0.11,100.0,0.08,50.0,0.51,5.0,0.69,6.14,0.49,5.0,0.31,6.14,0.89,100.0,0.92,50.0,0.4,0.4,43.412926,1776193203000
1776193205.789,5.789,0.11,100.0,0.08,50.0,0.51,5.0,0.69,6.14,0.49,5.0,0.31,6.14,0.89,100.0,0.92,50.0,0.4,0.4,43.4099,1776193204000
1776193206.396,6.396,0.11,100.0,0.08,50.0,0.51,5.0,0.69,6.14,0.49,5.0,0.31,6.14,0.89,100.0,0.92,50.0,0.4,0.4,43.408821,1776193205000
1776193206.921,6.921,0.11,100.0,0.08,50.0,0.51,5.0,0.69,6.14,0.49,5.0,0.31,6.14,0.89,100.0,0.92,50.0,0.4,0.4,43.4084,1776193206000
1776193208.217,8.217,0.11,100.0,0.08,50.0,0.51,5.0,0.69,6.14,0.49,5.0,0.31,6.14,0.89,100.0,0.92,50.0,0.4,0.4,43.4084,1776193207000
1776193209.229,9.229,0.11,100.0,0.08,50.0,0.51,5.0,0.69,6.14,0.49,5.0,0.31,6.14,0.89,100.0,0.92,50.0,0.4,0.4,43.404833,1776193208000
1776193210.327,10.327,0.11,100.0,0.08,50.0,0.51,5.0,0.69,6.14,0.49,5.0,0.31,6.14,0.89,100.0,0.92,50.0,0.4,0.4,43.40502,1776193209000
1776193211.919,11.919,0.11,100.0,0.08,50.0,0.51,5.0,0.69,6.14,0.49,5.0,0.31,6.14,0.89,100.0,0.92,50.0,0.4,0.4,43.4073,1776193211000
1776193213.214,13.214,0.11,100.0,0.08,50.0,0.51,5.0,0.69,6.14,0.49,5.0,0.31,6.14,0.89,100.0,0.92,50.0,0.4,0.4,43.407451,1776193212000
1776193214.431,14.431,0.11,100.0,0.08,50.0,0.51,5.0,0.69,6.14,0.49,5.0,0.31,6.14,0.89,100.0,0.92,50.0,0.4,0.4,43.407205,1776193213000
1776193214.975,14.975,0.11,100.0,0.08,50.0,0.51,5.0,0.69,6.14,0.49,5.0,0.31,6.14,0.89,100.0,0.92,50.0,0.4,0.4,43.407205,1776193214000
1776193216.169,16.169,0.11,100.0,0.08,50.0,0.51,5.0,0.69,6.14,0.49,5.0,0.31,6.14,0.89,100.0,0.92,50.0,0.4,0.4,43.407177,1776193215000
1776193217.856,17.856,0.11,100.0,0.08,50.0,0.51,5.0,0.69,6.14,0.49,5.0,0.31,6.14,0.89,100.0,0.92,50.0,0.4,0.4,43.407376,1776193216000
1776193218.647,18.647,0.11,100.0,0.08,50.0,0.51,5.0,0.69,6.14,0.49,5.0,0.31,6.14,0.89,100.0,0.92,50.0,0.4,0.4,43.407246,1776193217000
1776193219.366,19.366,0.11,100.0,0.08,50.0,0.51,5.0,0.69,6.14,0.49,5.0,0.31,6.14,0.89,100.0,0.92,50.0,0.4,0.4,43.406723,1776193218000
1776193219.917,19.917,0.11,100.0,0.08,50.0,0.51,5.0,0.69,6.14,0.49,5.0,0.31,6.14,0.89,100.0,0.92,50.0,0.4,0.4,43.406684,1776193219000
1776193221.417,21.417,0.11,100.0,0.08,50.0,0.51,5.0,0.69,6.14,0.49,5.0,0.31,6.14,0.89,100.0,0.92,50.0,0.4,0.4,43.406299,1776193220000
1776193222.212,22.212,0.11,100.0,0.08,50.0,0.51,5.0,0.69,6.14,0.49,5.0,0.31,6.14,0.89,100.0,0.92,50.0,0.4,0.4,43.406074,1776193221000
1776193223.604,23.604,0.11,100.0,0.08,50.0,0.51,5.0,0.69,6.14,0.49,5.0,0.31,6.14,0.89,100.0,0.92,50.0,0.4,0.4,43.406074,1776193222000
1776193224.143,24.143,0.11,100.0,0.08,50.0,0.51,5.0,0.69,6.14,0.49,5.0,0.31,6.14,0.89,100.0,0.92,50.0,0.4,0.4,43.406033,1776193223000
1776193225.481,25.481,0.11,100.0,0.08,50.0,0.51,5.0,0.69,6.14,0.49,5.0,0.31,6.14,0.89,100.0,0.92,50.0,0.4,0.4,43.398367,1776193224000
1776193226.132,26.132,0.11,100.0,0.08,50.0,0.51,5.0,0.69,6.14,0.49,5.0,0.31,6.14,0.89,100.0,0.92,50.0,0.4,0.4,43.39551,1776193225000
1776193227.545,27.545,0.11,100.0,0.08,50.0,0.51,5.0,0.69,6.14,0.49,5.0,0.31,6.14,0.89,100.0,0.92,50.0,0.4,0.4,43.393278,1776193226000
1776193228.22,28.22,0.11,100.0,0.08,50.0,0.51,5.0,0.69,6.14,0.49,5.0,0.31,6.14,0.89,100.0,0.92,50.0,0.4,0.4,43.388028,1776193227000
1776193229.76,29.76,0.11,100.0,0.08,50.0,0.51,5.0,0.69,6.14,0.49,5.0,0.31,6.14,0.89,100.0,0.92,50.0,0.4,0.4,43.388046,1776193228000
1776193230.536,30.536,0.11,100.0,0.08,50.0,0.51,5.0,0.69,6.14,0.49,5.0,0.31,6.14,0.89,100.0,0.92,50.0,0.4,0.4,43.387523,1776193229000
1776193231.227,31.227,0.11,100.0,0.08,50.0,0.51,5.0,0.69,6.14,0.49,5.0,0.31,6.14,0.89,100.0,0.92,50.0,0.4,0.4,43.387523,1776193230000
1776193232.748,32.748,0.11,100.0,0.08,50.0,0.51,5.0,0.69,6.14,0.49,5.0,0.31,6.14,0.89,100.0,0.92,50.0,0.4,0.4,43.3864,1776193231000
1776193233.531,33.531,0.11,100.0,0.08,50.0,0.51,5.0,0.69,6.14,0.49,5.0,0.31,6.14,0.89,100.0,0.92,50.0,0.4,0.4,43.387508,1776193232000
1776193234.549,34.549,0.11,100.0,0.08,50.0,0.51,5.0,0.69,6.14,0.49,5.0,0.31,6.14,0.89,100.0,0.92,50.0,0.4,0.4,43.3851,1776193233000
1776193235.213,35.213,0.11,100.0,0.08,50.0,0.51,5.0,0.69,6.14,0.49,5.0,0.31,6.14,0.89,100.0,0.92,50.0,0.4,0.4,43.387623,1776193234000
1776193236.211,36.211,0.11,100.0,0.08,50.0,0.51,5.0,0.69,6.14,0.49,5.0,0.31,6.14,0.89,100.0,0.92,50.0,0.4,0.4,43.388943,1776193235000
1776193237.256,37.256,0.11,100.0,0.08,50.0,0.51,5.0,0.69,6.14,0.49,5.0,0.31,6.14,0.89,100.0,0.92,50.0,0.4,0.4,43.388944,1776193236000
1776193238.261,38.261,0.11,100.0,0.08,50.0,0.51,5.0,0.69,6.14,0.49,5.0,0.31,6.14,0.89,100.0,0.92,50.0,0.4,0.4,43.394696,1776193237000
1776193239.326,39.326,0.11,100.0,0.08,50.0,0.51,5.0,0.69,6.14,0.49,5.0,0.31,6.14,0.89,100.0,0.92,50.0,0.4,0.4,43.394774,1776193238000
1776193240.0,40.0,0.39,8.36,0.35,5.0,0.51,5.0,0.53,10.0,0.49,5.0,0.31,6.14,0.89,100.0,0.92,50.0,0.12,0.4,43.394774,1776193238000
1776193240.281,40.281,0.39,8.36,0.35,5.0,0.51,5.0,0.53,10.0,0.49,5.0,0.47,10.0,0.61,8.36,0.65,5.0,0.12,0.12,43.400312,1776193239000
1776193240.925,40.925,0.39,8.36,0.35,5.0,0.51,5.0,0.53,10.0,0.49,5.0,0.47,10.0,0.61,8.36,0.65,5.0,0.12,0.12,43.4061,1776193240000
1776193241.888,41.888,0.39,8.36,0.35,5.0,0.51,5.0,0.53,10.0,0.49,5.0,0.47,10.0,0.61,8.36,0.65,5.0,0.12,0.12,43.410101,1776193241000
1776193242.886,42.886,0.39,8.36,0.35,5.0,0.51,5.0,0.53,10.0,0.49,5.0,0.47,10.0,0.61,8.36,0.65,5.0,0.12,0.12,43.413199,1776193242000
1776193243.928,43.928,0.39,8.36,0.35,5.0,0.51,5.0,0.53,10.0,0.49,5.0,0.47,10.0,0.61,8.36,0.65,5.0,0.12,0.12,43.413295,1776193243000
1776193244.877,44.877,0.39,8.36,0.35,5.0,0.51,5.0,0.53,10.0,0.49,5.0,0.47,10.0,0.61,8.36,0.65,5.0,0.12,0.12,43.413672,1776193244000
1776193245.823,45.823,0.39,8.36,0.35,5.0,0.51,5.0,0.53,10.0,0.49,5.0,0.47,10.0,0.61,8.36,0.65,5.0,0.12,0.12,43.414448,1776193245000
1776193248.145,48.145,0.39,8.36,0.35,5.0,0.51,5.0,0.53,10.0,0.49,5.0,0.47,10.0,0.61,8.36,0.65,5.0,0.12,0.12,43.418949,1776193246000
1776193248.669,48.669,0.39,8.36,0.35,5.0,0.51,5.0,0.53,10.0,0.49,5.0,0.47,10.0,0.61,8.36,0.65,5.0,0.12,0.12,43.420801,1776193247000
1776193249.301,49.301,0.39,8.36,0.35,5.0,0.51,5.0,0.53,10.0,0.49,5.0,0.47,10.0,0.61,8.36,0.65,5.0,0.12,0.12,43.422627,1776193248000
1776193250.43,50.43,0.39,8.36,0.35,5.0,0.51,5.0,0.53,10.0,0.49,5.0,0.47,10.0,0.61,8.36,0.65,5.0,0.12,0.12,43.423988,1776193249000
1776193251.011,51.011,0.39,8.36,0.35,5.0,0.51,5.0,0.53,10.0,0.49,5.0,0.47,10.0,0.61,8.36,0.65,5.0,0.12,0.12,43.423988,1776193250000
1776193252.146,52.146,0.39,8.36,0.35,5.0,0.51,5.0,0.53,10.0,0.49,5.0,0.47,10.0,0.61,8.36,0.65,5.0,0.12,0.12,43.423821,1776193251000
1776193253.231,53.231,0.39,8.36,0.35,5.0,0.51,5.0,0.53,10.0,0.49,5.0,0.47,10.0,0.61,8.36,0.65,5.0,0.12,0.12,43.423821,1776193252000
1776193254.463,54.463,0.39,8.36,0.35,5.0,0.51,5.0,0.53,10.0,0.49,5.0,0.47,10.0,0.61,8.36,0.65,5.0,0.12,0.12,43.423822,1776193253000
1776193255.081,55.081,0.39,8.36,0.35,5.0,0.51,5.0,0.53,10.0,0.49,5.0,0.47,10.0,0.61,8.36,0.65,5.0,0.12,0.12,43.4243,1776193254000
1776193256.242,56.242,0.39,8.36,0.35,5.0,0.51,5.0,0.53,10.0,0.49,5.0,0.47,10.0,0.61,8.36,0.65,5.0,0.12,0.12,43.424938,1776193255000
1776193257.268,57.268,0.39,8.36,0.35,5.0,0.51,5.0,0.53,10.0,0.49,5.0,0.47,10.0,0.61,8.36,0.65,5.0,0.12,0.12,43.42763,1776193256000
1776193258.45,58.45,0.39,8.36,0.35,5.0,0.51,5.0,0.53,10.0,0.49,5.0,0.47,10.0,0.61,8.36,0.65,5.0,0.12,0.12,43.4296,1776193257000
1776193259.035,59.035,0.39,8.36,0.35,5.0,0.51,5.0,0.53,10.0,0.49,5.0,0.47,10.0,0.61,8.36,0.65,5.0,0.12,0.12,43.43166,1776193258000
1776193260.375,60.375,0.39,8.36,0.35,5.0,0.51,5.0,0.53,10.0,0.49,5.0,0.47,10.0,0.61,8.36,0.65,5.0,0.12,0.12,43.433397,1776193259000
1776193261.47,61.47,0.39,8.36,0.35,5.0,0.51,5.0,0.53,10.0,0.49,5.0,0.47,10.0,0.61,8.36,0.65,5.0,0.12,0.12,43.433248,1776193260000
1776193261.925,61.925,0.51,5.0,0.46,15.0,0.64,28.0,0.65,15.0,0.36,28.0,0.35,15.0,0.49,5.0,0.54,15.0,0.13,0.13,43.433249,1776193261000
1776193263.961,63.961,0.51,5.0,0.46,15.0,0.64,28.0,0.65,15.0,0.36,28.0,0.35,15.0,0.49,5.0,0.54,15.0,0.13,0.13,43.4329,1776193262000
1776193264.543,64.543,0.51,5.0,0.46,15.0,0.64,28.0,0.65,15.0,0.36,28.0,0.35,15.0,0.49,5.0,0.54,15.0,0.13,0.13,43.435052,1776193263000
1776193265.132,65.132,0.51,5.0,0.46,15.0,0.64,28.0,0.65,15.0,0.36,28.0,0.35,15.0,0.49,5.0,0.54,15.0,0.13,0.13,43.43937,1776193264000
1776193266.27,66.27,0.51,5.0,0.46,15.0,0.64,28.0,0.65,15.0,0.36,28.0,0.35,15.0,0.49,5.0,0.54,15.0,0.13,0.13,43.440419,1776193265000
1776193267.334,67.334,0.51,5.0,0.46,15.0,0.64,28.0,0.65,15.0,0.36,28.0,0.35,15.0,0.49,5.0,0.54,15.0,0.13,0.13,43.440941,1776193266000
1776193267.958,67.958,0.51,5.0,0.46,15.0,0.64,28.0,0.65,15.0,0.36,28.0,0.35,15.0,0.49,5.0,0.54,15.0,0.13,0.13,43.441157,1776193267000
1776193269.267,69.267,0.51,5.0,0.46,15.0,0.64,28.0,0.65,15.0,0.36,28.0,0.35,15.0,0.49,5.0,0.54,15.0,0.13,0.13,43.444697,1776193268000
1776193270.473,70.473,0.51,5.0,0.46,15.0,0.64,28.0,0.65,15.0,0.36,28.0,0.35,15.0,0.49,5.0,0.54,15.0,0.13,0.13,43.447742,1776193269000
1776193271.031,71.031,0.51,5.0,0.46,15.0,0.64,28.0,0.65,15.0,0.36,28.0,0.35,15.0,0.49,5.0,0.54,15.0,0.13,0.13,43.447742,1776193270000
1776193272.211,72.211,0.51,5.0,0.46,15.0,0.64,28.0,0.65,15.0,0.36,28.0,0.35,15.0,0.49,5.0,0.54,15.0,0.13,0.13,43.447743,1776193271000
1776193273.261,73.261,0.51,5.0,0.46,15.0,0.64,28.0,0.65,15.0,0.36,28.0,0.35,15.0,0.49,5.0,0.54,15.0,0.13,0.13,43.447833,1776193272000
1776193274.557,74.557,0.51,5.0,0.46,15.0,0.64,28.0,0.65,15.0,0.36,28.0,0.35,15.0,0.49,5.0,0.54,15.0,0.13,0.13,43.448108,1776193273000
1776193275.064,75.064,0.51,5.0,0.46,15.0,0.64,28.0,0.65,15.0,0.36,28.0,0.35,15.0,0.49,5.0,0.54,15.0,0.13,0.13,43.4483,1776193274000
1776193276.182,76.182,0.51,5.0,0.46,15.0,0.64,28.0,0.65,15.0,0.36,28.0,0.35,15.0,0.49,5.0,0.54,15.0,0.13,0.13,43.44744,1776193275000
1776193277.285,77.285,0.51,5.0,0.46,15.0,0.64,28.0,0.65,15.0,0.36,28.0,0.35,15.0,0.49,5.0,0.54,15.0,0.13,0.13,43.447026,1776193276000
1776193279.179,79.179,0.51,5.0,0.46,15.0,0.64,28.0,0.65,15.0,0.36,28.0,0.35,15.0,0.49,5.0,0.54,15.0,0.13,0.13,43.448199,1776193277000
1776193280.046,80.046,0.51,5.0,0.46,15.0,0.64,28.0,0.65,15.0,0.36,28.0,0.35,15.0,0.49,5.0,0.54,15.0,0.13,0.13,43.447752,1776193278000
1776193280.586,80.586,0.51,5.0,0.46,15.0,0.64,28.0,0.65,15.0,0.36,28.0,0.35,15.0,0.49,5.0,0.54,15.0,0.13,0.13,43.448349,1776193279000
1776193281.477,81.477,0.51,5.0,0.46,15.0,0.64,28.0,0.65,15.0,0.36,28.0,0.35,15.0,0.49,5.0,0.54,15.0,0.13,0.13,43.450446,1776193280000
1776193282.026,82.026,0.51,5.0,0.46,15.0,0.64,28.0,0.65,15.0,0.36,28.0,0.35,15.0,0.49,5.0,0.54,15.0,0.13,0.13,43.449105,1776193281000
1776193283.571,83.571,0.51,5.0,0.46,15.0,0.64,28.0,0.65,15.0,0.36,28.0,0.35,15.0,0.49,5.0,0.54,15.0,0.13,0.13,43.448809,1776193282000
1776193284.169,84.169,0.51,5.0,0.46,15.0,0.64,28.0,0.65,15.0,0.36,28.0,0.35,15.0,0.49,5.0,0.54,15.0,0.13,0.13,43.448809,1776193283000
1776193285.663,85.663,0.51,5.0,0.46,15.0,0.64,28.0,0.65,15.0,0.36,28.0,0.35,15.0,0.49,5.0,0.54,15.0,0.13,0.13,43.436461,1776193284000
1776193286.718,86.718,0.51,5.0,0.46,15.0,0.64,28.0,0.65,15.0,0.36,28.0,0.35,15.0,0.49,5.0,0.54,15.0,0.13,0.13,43.436461,1776193285000
1776193287.517,87.517,0.51,5.0,0.46,15.0,0.64,28.0,0.65,15.0,0.36,28.0,0.35,15.0,0.49,5.0,0.54,15.0,0.13,0.13,43.437992,1776193286000
1776193288.319,88.319,0.51,5.0,0.46,15.0,0.64,28.0,0.65,15.0,0.36,28.0,0.35,15.0,0.49,5.0,0.54,15.0,0.13,0.13,43.437989,1776193287000
1776193289.213,89.213,0.51,5.0,0.46,15.0,0.64,28.0,0.65,15.0,0.36,28.0,0.35,15.0,0.49,5.0,0.54,15.0,0.13,0.13,43.4359,1776193288000
1776193290.655,90.655,0.51,5.0,0.46,15.0,0.64,28.0,0.65,15.0,0.36,28.0,0.35,15.0,0.49,5.0,0.54,15.0,0.13,0.13,43.4344,1776193289000
1776193291.575,91.575,0.51,5.0,0.46,15.0,0.64,28.0,0.65,15.0,0.36,28.0,0.35,15.0,0.49,5.0,0.54,15.0,0.13,0.13,43.4344,1776193290000
1776193292.193,92.193,0.51,5.0,0.46,15.0,0.64,28.0,0.65,15.0,0.36,28.0,0.35,15.0,0.49,5.0,0.54,15.0,0.13,0.13,43.4334,1776193291000
1776193293.573,93.573,0.51,5.0,0.46,15.0,0.64,28.0,0.65,15.0,0.36,28.0,0.35,15.0,0.49,5.0,0.54,15.0,0.13,0.13,43.4305,1776193292000
1776193294.245,94.245,0.51,5.0,0.46,15.0,0.64,28.0,0.65,15.0,0.36,28.0,0.35,15.0,0.49,5.0,0.54,15.0,0.13,0.13,43.429066,1776193293000
1776193295.568,95.568,0.51,5.0,0.46,15.0,0.64,28.0,0.65,15.0,0.36,28.0,0.35,15.0,0.49,5.0,0.54,15.0,0.13,0.13,43.4289,1776193294000
1776193296.178,96.178,0.51,5.0,0.46,15.0,0.64,28.0,0.65,15.0,0.36,28.0,0.35,15.0,0.49,5.0,0.54,15.0,0.13,0.13,43.434672,1776193295000
1776193296.958,96.958,0.51,5.0,0.46,15.0,0.64,28.0,0.65,15.0,0.36,28.0,0.35,15.0,0.49,5.0,0.54,15.0,0.13,0.13,43.438984,1776193296000
1776193298.227,98.227,0.51,5.0,0.46,15.0,0.64,28.0,0.65,15.0,0.36,28.0,0.35,15.0,0.49,5.0,0.54,15.0,0.13,0.13,43.4409,1776193297000
1776193299.582,99.582,0.51,5.0,0.46,15.0,0.64,28.0,0.65,15.0,0.36,28.0,0.35,15.0,0.49,5.0,0.54,15.0,0.13,0.13,43.4469,1776193298000
1776193300.161,100.161,0.51,5.0,0.46,15.0,0.64,28.0,0.65,15.0,0.36,28.0,0.35,15.0,0.49,5.0,0.54,15.0,0.13,0.13,43.446044,1776193299000
1776193301.462,101.462,0.51,5.0,0.46,15.0,0.64,28.0,0.65,15.0,0.36,28.0,0.35,15.0,0.49,5.0,0.54,15.0,0.13,0.13,43.4439,1776193300000
1776193302.107,102.107,0.51,5.0,0.46,15.0,0.64,28.0,0.65,15.0,0.36,28.0,0.35,15.0,0.49,5.0,0.54,15.0,0.13,0.13,43.4439,1776193301000
1776193303.465,103.465,0.51,5.0,0.46,15.0,0.64,28.0,0.65,15.0,0.36,28.0,0.35,15.0,0.49,5.0,0.54,15.0,0.13,0.13,43.4392,1776193302000
1776193304.022,104.022,0.51,5.0,0.46,15.0,0.64,28.0,0.65,15.0,0.36,28.0,0.35,15.0,0.49,5.0,0.54,15.0,0.13,0.13,43.4399,1776193303000
1776193305.297,105.297,0.51,5.0,0.46,15.0,0.64,28.0,0.65,15.0,0.36,28.0,0.35,15.0,0.49,5.0,0.54,15.0,0.13,0.13,43.4406,1776193304000
1776193305.949,105.949,0.51,5.0,0.46,15.0,0.64,28.0,0.65,15.0,0.36,28.0,0.35,15.0,0.49,5.0,0.54,15.0,0.13,0.13,43.4406,1776193305000
1776193307.08,107.08,0.51,5.0,0.46,15.0,0.64,28.0,0.65,15.0,0.36,28.0,0.35,15.0,0.49,5.0,0.54,15.0,0.13,0.13,43.4405,1776193306000
1776193308.268,108.268,0.51,5.0,0.46,15.0,0.64,28.0,0.65,15.0,0.36,28.0,0.35,15.0,0.49,5.0,0.54,15.0,0.13,0.13,43.437,1776193307000
1776193309.644,109.644,0.51,5.0,0.46,15.0,0.64,28.0,0.65,15.0,0.36,28.0,0.35,15.0,0.49,5.0,0.54,15.0,0.13,0.13,43.437,1776193308000
1776193310.303,110.303,0.51,5.0,0.46,15.0,0.64,28.0,0.65,15.0,0.36,28.0,0.35,15.0,0.49,5.0,0.54,15.0,0.13,0.13,43.4395,1776193309000
1776193311.081,111.081,0.51,5.0,0.46,15.0,0.64,28.0,0.65,15.0,0.36,28.0,0.35,15.0,0.49,5.0,0.54,15.0,0.13,0.13,43.439734,1776193310000
1776193312.396,112.396,0.51,5.0,0.46,15.0,0.64,28.0,0.65,15.0,0.36,28.0,0.35,15.0,0.49,5.0,0.54,15.0,0.13,0.13,43.439659,1776193311000
1776193312.976,112.976,0.51,5.0,0.46,15.0,0.64,28.0,0.65,15.0,0.36,28.0,0.35,15.0,0.49,5.0,0.54,15.0,0.13,0.13,43.439651,1776193312000
1776193315.044,115.044,0.51,5.0,0.46,15.0,0.64,28.0,0.65,15.0,0.36,28.0,0.35,15.0,0.49,5.0,0.54,15.0,0.13,0.13,43.440561,1776193313000
1776193315.785,115.785,0.51,5.0,0.46,15.0,0.64,28.0,0.65,15.0,0.36,28.0,0.35,15.0,0.49,5.0,0.54,15.0,0.13,0.13,43.440561,1776193314000
1776193316.55,116.55,0.51,5.0,0.46,15.0,0.64,28.0,0.65,15.0,0.36,28.0,0.35,15.0,0.49,5.0,0.54,15.0,0.13,0.13,43.442019,1776193315000
1776193317.31,117.31,0.51,5.0,0.46,15.0,0.64,28.0,0.65,15.0,0.36,28.0,0.35,15.0,0.49,5.0,0.54,15.0,0.13,0.13,43.44614,1776193316000
1776193318.091,118.091,0.51,5.0,0.46,15.0,0.64,28.0,0.65,15.0,0.36,28.0,0.35,15.0,0.49,5.0,0.54,15.0,0.13,0.13,43.45929,1776193317000
1776193319.402,119.402,0.51,5.0,0.46,15.0,0.64,28.0,0.65,15.0,0.36,28.0,0.35,15.0,0.49,5.0,0.54,15.0,0.13,0.13,43.462686,1776193318000
1776193319.953,119.953,0.51,5.0,0.46,15.0,0.64,28.0,0.65,15.0,0.36,28.0,0.35,15.0,0.49,5.0,0.54,15.0,0.13,0.13,43.462513,1776193319000
1776193321.449,121.449,0.51,5.0,0.46,15.0,0.64,28.0,0.65,15.0,0.36,28.0,0.35,15.0,0.49,5.0,0.54,15.0,0.13,0.13,43.462608,1776193320000
1776193322.119,122.119,0.51,5.0,0.46,15.0,0.64,28.0,0.65,15.0,0.36,28.0,0.35,15.0,0.49,5.0,0.54,15.0,0.13,0.13,43.460823,1776193321000
1776193322.417,122.417,0.67,7.0,0.66,10.0,0.75,15.0,0.76,15.0,0.36,28.0,0.35,15.0,0.49,5.0,0.54,15.0,0.08,0.13,43.460823,1776193321000
1776193323.51,123.51,0.67,7.0,0.66,10.0,0.75,15.0,0.76,15.0,0.25,15.0,0.24,15.0,0.33,7.0,0.34,10.0,0.08,0.08,43.463335,1776193322000
1776193324.149,124.149,0.67,7.0,0.66,10.0,0.75,15.0,0.76,15.0,0.25,15.0,0.24,15.0,0.33,7.0,0.34,10.0,0.08,0.08,43.464643,1776193323000
1776193325.26,125.26,0.67,7.0,0.66,10.0,0.75,15.0,0.76,15.0,0.25,15.0,0.24,15.0,0.33,7.0,0.34,10.0,0.08,0.08,43.465753,1776193324000
1776193326.442,126.442,0.67,7.0,0.66,10.0,0.75,15.0,0.76,15.0,0.25,15.0,0.24,15.0,0.33,7.0,0.34,10.0,0.08,0.08,43.46821,1776193325000
1776193327.027,127.027,0.67,7.0,0.66,10.0,0.75,15.0,0.76,15.0,0.25,15.0,0.24,15.0,0.33,7.0,0.34,10.0,0.08,0.08,43.46821,1776193326000
1776193328.408,128.408,0.67,7.0,0.66,10.0,0.75,15.0,0.76,15.0,0.25,15.0,0.24,15.0,0.33,7.0,0.34,10.0,0.08,0.08,43.468884,1776193327000
1776193329.041,129.041,0.67,7.0,0.66,10.0,0.75,15.0,0.76,15.0,0.25,15.0,0.24,15.0,0.33,7.0,0.34,10.0,0.08,0.08,43.468884,1776193328000
1776193330.182,130.182,0.67,7.0,0.66,10.0,0.75,15.0,0.76,15.0,0.25,15.0,0.24,15.0,0.33,7.0,0.34,10.0,0.08,0.08,43.475,1776193329000
1776193331.917,131.917,0.67,7.0,0.66,10.0,0.75,15.0,0.76,15.0,0.25,15.0,0.24,15.0,0.33,7.0,0.34,10.0,0.08,0.08,43.485301,1776193330000
1776193332.727,132.727,0.67,7.0,0.66,10.0,0.75,15.0,0.76,15.0,0.25,15.0,0.24,15.0,0.33,7.0,0.34,10.0,0.08,0.08,43.486542,1776193331000
1776193333.375,133.375,0.67,7.0,0.66,10.0,0.75,15.0,0.76,15.0,0.25,15.0,0.24,15.0,0.33,7.0,0.34,10.0,0.08,0.08,43.487572,1776193332000
1776193334.064,134.064,0.67,7.0,0.66,10.0,0.75,15.0,0.76,15.0,0.25,15.0,0.24,15.0,0.33,7.0,0.34,10.0,0.08,0.08,43.48772,1776193333000
1776193335.32,135.32,0.67,7.0,0.66,10.0,0.75,15.0,0.76,15.0,0.25,15.0,0.24,15.0,0.33,7.0,0.34,10.0,0.08,0.08,43.49204,1776193334000
1776193336.582,136.582,0.67,7.0,0.66,10.0,0.75,15.0,0.76,15.0,0.25,15.0,0.24,15.0,0.33,7.0,0.34,10.0,0.08,0.08,43.4978,1776193335000
1776193337.142,137.142,0.67,7.0,0.66,10.0,0.75,15.0,0.76,15.0,0.25,15.0,0.24,15.0,0.33,7.0,0.34,10.0,0.08,0.08,43.503509,1776193336000
1776193338.357,138.357,0.67,7.0,0.66,10.0,0.75,15.0,0.76,15.0,0.25,15.0,0.24,15.0,0.33,7.0,0.34,10.0,0.08,0.08,43.514755,1776193337000
1776193339.405,139.405,0.67,7.0,0.66,10.0,0.75,15.0,0.76,15.0,0.25,15.0,0.24,15.0,0.33,7.0,0.34,10.0,0.08,0.08,43.516259,1776193338000
1776193339.943,139.943,0.67,7.0,0.66,10.0,0.75,15.0,0.76,15.0,0.25,15.0,0.24,15.0,0.33,7.0,0.34,10.0,0.08,0.08,43.516197,1776193339000
1776193341.114,141.114,0.67,7.0,0.66,10.0,0.75,15.0,0.76,15.0,0.25,15.0,0.24,15.0,0.33,7.0,0.34,10.0,0.08,0.08,43.5134,1776193340000
1776193342.265,142.265,0.67,7.0,0.66,10.0,0.75,15.0,0.76,15.0,0.25,15.0,0.24,15.0,0.33,7.0,0.34,10.0,0.08,0.08,43.510325,1776193341000
1776193343.417,143.417,0.67,7.0,0.66,10.0,0.75,15.0,0.76,15.0,0.25,15.0,0.24,15.0,0.33,7.0,0.34,10.0,0.08,0.08,43.5071,1776193342000
1776193344.424,144.424,0.67,7.0,0.66,10.0,0.75,15.0,0.76,15.0,0.25,15.0,0.24,15.0,0.33,7.0,0.34,10.0,0.08,0.08,43.5055,1776193343000
1776193345.036,145.036,0.67,7.0,0.66,10.0,0.75,15.0,0.76,15.0,0.25,15.0,0.24,15.0,0.33,7.0,0.34,10.0,0.08,0.08,43.503313,1776193344000
1776193346.095,146.095,0.67,7.0,0.66,10.0,0.75,15.0,0.76,15.0,0.25,15.0,0.24,15.0,0.33,7.0,0.34,10.0,0.08,0.08,43.503572,1776193345000
1776193347.26,147.26,0.67,7.0,0.66,10.0,0.75,15.0,0.76,15.0,0.25,15.0,0.24,15.0,0.33,7.0,0.34,10.0,0.08,0.08,43.503593,1776193346000
1776193348.206,148.206,0.67,7.0,0.66,10.0,0.75,15.0,0.76,15.0,0.25,15.0,0.24,15.0,0.33,7.0,0.34,10.0,0.08,0.08,43.499998,1776193347000
1776193349.148,149.148,0.67,7.0,0.66,10.0,0.75,15.0,0.76,15.0,0.25,15.0,0.24,15.0,0.33,7.0,0.34,10.0,0.08,0.08,43.4995,1776193348000
1776193350.088,150.088,0.67,7.0,0.66,10.0,0.75,15.0,0.76,15.0,0.25,15.0,0.24,15.0,0.33,7.0,0.34,10.0,0.08,0.08,43.503258,1776193349000
1776193351.103,151.103,0.67,7.0,0.66,10.0,0.75,15.0,0.76,15.0,0.25,15.0,0.24,15.0,0.33,7.0,0.34,10.0,0.08,0.08,43.503258,1776193350000
1776193352.165,152.165,0.67,7.0,0.66,10.0,0.75,15.0,0.76,15.0,0.25,15.0,0.24,15.0,0.33,7.0,0.34,10.0,0.08,0.08,43.5057,1776193351000
1776193353.079,153.079,0.67,7.0,0.66,10.0,0.75,15.0,0.76,15.0,0.25,15.0,0.24,15.0,0.33,7.0,0.34,10.0,0.08,0.08,43.507798,1776193352000
1776193354.036,154.036,0.67,7.0,0.66,10.0,0.75,15.0,0.76,15.0,0.25,15.0,0.24,15.0,0.33,7.0,0.34,10.0,0.08,0.08,43.507797,1776193353000
1776193354.98,154.98,0.67,7.0,0.66,10.0,0.75,15.0,0.76,15.0,0.25,15.0,0.24,15.0,0.33,7.0,0.34,10.0,0.08,0.08,43.507862,1776193354000
1776193355.873,155.873,0.67,7.0,0.66,10.0,0.75,15.0,0.76,15.0,0.25,15.0,0.24,15.0,0.33,7.0,0.34,10.0,0.08,0.08,43.5092,1776193355000
1776193356.891,156.891,0.67,7.0,0.66,10.0,0.75,15.0,0.76,15.0,0.25,15.0,0.24,15.0,0.33,7.0,0.34,10.0,0.08,0.08,43.515432,1776193356000
1776193357.879,157.879,0.67,7.0,0.66,10.0,0.75,15.0,0.76,15.0,0.25,15.0,0.24,15.0,0.33,7.0,0.34,10.0,0.08,0.08,43.516196,1776193357000
1776193358.855,158.855,0.67,7.0,0.66,10.0,0.75,15.0,0.76,15.0,0.25,15.0,0.24,15.0,0.33,7.0,0.34,10.0,0.08,0.08,43.5214,1776193358000
1776193360.223,160.223,0.67,7.0,0.66,10.0,0.75,15.0,0.76,15.0,0.25,15.0,0.24,15.0,0.33,7.0,0.34,10.0,0.08,0.08,43.527226,1776193359000
1776193361.899,161.899,0.67,7.0,0.66,10.0,0.75,15.0,0.76,15.0,0.25,15.0,0.24,15.0,0.33,7.0,0.34,10.0,0.08,0.08,43.525976,1776193360000
1776193362.652,162.652,0.67,7.0,0.66,10.0,0.75,15.0,0.76,15.0,0.25,15.0,0.24,15.0,0.33,7.0,0.34,10.0,0.08,0.08,43.524658,1776193361000
1776193363.291,163.291,0.67,7.0,0.66,10.0,0.75,15.0,0.76,15.0,0.25,15.0,0.24,15.0,0.33,7.0,0.34,10.0,0.08,0.08,43.524658,1776193362000
1776193364.133,164.133,0.67,7.0,0.66,10.0,0.75,15.0,0.76,15.0,0.25,15.0,0.24,15.0,0.33,7.0,0.34,10.0,0.08,0.08,43.524658,1776193363000
1776193365.427,165.427,0.67,7.0,0.66,10.0,0.75,15.0,0.76,15.0,0.25,15.0,0.24,15.0,0.33,7.0,0.34,10.0,0.08,0.08,43.523633,1776193364000
1776193366.262,166.262,0.67,7.0,0.66,10.0,0.75,15.0,0.76,15.0,0.25,15.0,0.24,15.0,0.33,7.0,0.34,10.0,0.08,0.08,43.523472,1776193365000
1776193367.474,167.474,0.67,7.0,0.66,10.0,0.75,15.0,0.76,15.0,0.25,15.0,0.24,15.0,0.33,7.0,0.34,10.0,0.08,0.08,43.516413,1776193366000
1776193368.353,168.353,0.67,7.0,0.66,10.0,0.75,15.0,0.76,15.0,0.25,15.0,0.24,15.0,0.33,7.0,0.34,10.0,0.08,0.08,43.517111,1776193367000
1776193369.823,169.823,0.67,7.0,0.66,10.0,0.75,15.0,0.76,15.0,0.25,15.0,0.24,15.0,0.33,7.0,0.34,10.0,0.08,0.08,43.5169,1776193368000
1776193370.528,170.528,0.67,7.0,0.66,10.0,0.75,15.0,0.76,15.0,0.25,15.0,0.24,15.0,0.33,7.0,0.34,10.0,0.08,0.08,43.519244,1776193369000
1776193371.215,171.215,0.67,7.0,0.66,10.0,0.75,15.0,0.76,15.0,0.25,15.0,0.24,15.0,0.33,7.0,0.34,10.0,0.08,0.08,43.521359,1776193370000
1776193372.595,172.595,0.67,7.0,0.66,10.0,0.75,15.0,0.76,15.0,0.25,15.0,0.24,15.0,0.33,7.0,0.34,10.0,0.08,0.08,43.5263,1776193371000
1776193373.289,173.289,0.67,7.0,0.66,10.0,0.75,15.0,0.76,15.0,0.25,15.0,0.24,15.0,0.33,7.0,0.34,10.0,0.08,0.08,43.525,1776193372000
1776193374.796,174.796,0.67,7.0,0.66,10.0,0.75,15.0,0.76,15.0,0.25,15.0,0.24,15.0,0.33,7.0,0.34,10.0,0.08,0.08,43.532112,1776193373000
1776193375.551,175.551,0.67,7.0,0.66,10.0,0.75,15.0,0.76,15.0,0.25,15.0,0.24,15.0,0.33,7.0,0.34,10.0,0.08,0.08,43.53662,1776193374000
1776193376.272,176.272,0.67,7.0,0.66,10.0,0.75,15.0,0.76,15.0,0.25,15.0,0.24,15.0,0.33,7.0,0.34,10.0,0.08,0.08,43.543406,1776193375000
1776193377.599,177.599,0.9,14.0,0.89,5.0,0.94,10.0,0.95,15.0,0.06,10.0,0.05,15.0,0.1,14.0,0.11,5.0,0.04,0.04,43.545193,1776193376000
1776193378.743,178.743,0.9,14.0,0.89,5.0,0.94,10.0,0.95,15.0,0.06,10.0,0.05,15.0,0.1,14.0,0.11,5.0,0.04,0.04,43.543934,1776193377000
1776193379.347,179.347,0.9,14.0,0.89,5.0,0.94,10.0,0.95,15.0,0.06,10.0,0.05,15.0,0.1,14.0,0.11,5.0,0.04,0.04,43.542415,1776193378000
1776193380.055,180.055,0.9,14.0,0.89,5.0,0.94,10.0,0.95,15.0,0.06,10.0,0.05,15.0,0.1,14.0,0.11,5.0,0.04,0.04,43.542412,1776193379000
1776193381.258,181.258,0.9,14.0,0.89,5.0,0.94,10.0,0.95,15.0,0.06,10.0,0.05,15.0,0.1,14.0,0.11,5.0,0.04,0.04,43.542412,1776193380000
1776193382.483,182.483,0.9,14.0,0.89,5.0,0.94,10.0,0.95,15.0,0.06,10.0,0.05,15.0,0.1,14.0,0.11,5.0,0.04,0.04,43.545465,1776193381000
1776193383.022,183.022,0.9,14.0,0.89,5.0,0.94,10.0,0.95,15.0,0.06,10.0,0.05,15.0,0.1,14.0,0.11,5.0,0.04,0.04,43.545465,1776193382000
1776193384.225,184.225,0.9,14.0,0.89,5.0,0.94,10.0,0.95,15.0,0.06,10.0,0.05,15.0,0.1,14.0,0.11,5.0,0.04,0.04,43.545256,1776193383000
1776193385.421,185.421,0.9,14.0,0.89,5.0,0.94,10.0,0.95,15.0,0.06,10.0,0.05,15.0,0.1,14.0,0.11,5.0,0.04,0.04,43.5453,1776193384000
1776193385.978,185.978,0.9,14.0,0.89,5.0,0.94,10.0,0.95,15.0,0.06,10.0,0.05,15.0,0.1,14.0,0.11,5.0,0.04,0.04,43.5453,1776193385000
1776193387.21,187.21,0.9,14.0,0.89,5.0,0.94,10.0,0.95,15.0,0.06,10.0,0.05,15.0,0.1,14.0,0.11,5.0,0.04,0.04,43.545821,1776193386000
1776193388.367,188.367,0.9,14.0,0.89,5.0,0.94,10.0,0.95,15.0,0.06,10.0,0.05,15.0,0.1,14.0,0.11,5.0,0.04,0.04,43.545604,1776193387000
1776193388.727,188.727,0.94,15.0,0.93,15.0,0.97,88.03,0.98,20.0,0.06,10.0,0.05,15.0,0.1,14.0,0.11,5.0,0.03,0.04,43.545604,1776193387000
1776193389.378,189.378,0.94,15.0,0.93,15.0,0.97,36.49,0.98,20.0,0.03,88.03,0.02,20.0,0.06,15.0,0.07,15.0,0.03,0.03,43.545604,1776193387000
1776193389.991,189.991,0.94,15.0,0.93,15.0,0.97,36.49,0.98,20.0,0.03,36.49,0.02,20.0,0.06,15.0,0.07,15.0,0.03,0.03,43.545085,1776193389000
1776193391.235,191.235,0.94,15.0,0.93,15.0,0.97,36.49,0.98,20.0,0.03,36.49,0.02,20.0,0.06,15.0,0.07,15.0,0.03,0.03,43.544071,1776193390000
1776193392.333,192.333,0.94,15.0,0.93,15.0,0.97,36.49,0.98,20.0,0.03,36.49,0.02,20.0,0.06,15.0,0.07,15.0,0.03,0.03,43.54396,1776193391000
1776193393.9,193.9,0.94,15.0,0.93,15.0,0.97,36.49,0.98,20.0,0.03,36.49,0.02,20.0,0.06,15.0,0.07,15.0,0.03,0.03,43.543309,1776193392000
1776193394.449,194.449,0.94,15.0,0.93,15.0,0.97,36.49,0.98,20.0,0.03,36.49,0.02,20.0,0.06,15.0,0.07,15.0,0.03,0.03,43.543536,1776193393000
1776193394.962,194.962,0.94,15.0,0.93,15.0,0.97,36.49,0.98,20.0,0.03,36.49,0.02,20.0,0.06,15.0,0.07,15.0,0.03,0.03,43.544705,1776193394000
1776193395.321,195.321,0.94,15.0,0.93,15.0,0.97,35.45,0.98,20.0,0.03,36.49,0.02,20.0,0.06,15.0,0.07,15.0,0.03,0.03,43.544705,1776193394000
1776193395.945,195.945,0.94,15.0,0.93,15.0,0.97,35.45,0.98,20.0,0.03,35.45,0.02,20.0,0.06,15.0,0.07,15.0,0.03,0.03,43.545675,1776193395000
1776193397.414,197.414,0.94,15.0,0.93,15.0,0.97,35.45,0.98,20.0,0.03,35.45,0.02,20.0,0.06,15.0,0.07,15.0,0.03,0.03,43.544061,1776193396000
1776193398.03,198.03,0.94,15.0,0.93,15.0,0.97,35.45,0.98,20.0,0.03,35.45,0.02,20.0,0.06,15.0,0.07,15.0,0.03,0.03,43.538034,1776193397000
1776193399.182,199.182,0.94,15.0,0.93,15.0,0.97,35.45,0.98,20.0,0.03,35.45,0.02,20.0,0.06,15.0,0.07,15.0,0.03,0.03,43.5401,1776193398000
1776193400.6,200.6,0.94,15.0,0.93,15.0,0.97,35.45,0.98,20.0,0.03,35.45,0.02,20.0,0.06,15.0,0.07,15.0,0.03,0.03,43.540409,1776193399000
1776193401.221,201.221,0.94,15.0,0.93,15.0,0.97,35.45,0.98,20.0,0.03,35.45,0.02,20.0,0.06,15.0,0.07,15.0,0.03,0.03,43.5418,1776193400000
1776193402.446,202.446,0.94,15.0,0.93,15.0,0.97,35.45,0.98,20.0,0.03,35.45,0.02,20.0,0.06,15.0,0.07,15.0,0.03,0.03,43.54513,1776193401000
1776193403.168,203.168,0.94,15.0,0.93,15.0,0.97,35.45,0.98,20.0,0.03,35.45,0.02,20.0,0.06,15.0,0.07,15.0,0.03,0.03,43.545896,1776193402000
1776193404.174,204.174,0.94,15.0,0.93,15.0,0.97,35.45,0.98,20.0,0.03,35.45,0.02,20.0,0.06,15.0,0.07,15.0,0.03,0.03,43.54696,1776193403000
1776193405.363,205.363,0.94,15.0,0.93,15.0,0.97,35.45,0.98,20.0,0.03,35.45,0.02,20.0,0.06,15.0,0.07,15.0,0.03,0.03,43.546954,1776193404000
1776193406.51,206.51,0.94,15.0,0.93,15.0,0.97,35.45,0.98,20.0,0.03,35.45,0.02,20.0,0.06,15.0,0.07,15.0,0.03,0.03,43.546835,1776193405000
1776193407.163,207.163,0.94,15.0,0.93,15.0,0.97,35.45,0.98,20.0,0.03,35.45,0.02,20.0,0.06,15.0,0.07,15.0,0.03,0.03,43.546835,1776193406000
1776193408.259,208.259,0.94,15.0,0.93,15.0,0.97,35.45,0.98,20.0,0.03,35.45,0.02,20.0,0.06,15.0,0.07,15.0,0.03,0.03,43.546938,1776193407000
1776193409.106,209.106,0.94,15.0,0.93,15.0,0.97,35.45,0.98,20.0,0.03,35.45,0.02,20.0,0.06,15.0,0.07,15.0,0.03,0.03,43.547091,1776193408000
1776193410.436,210.436,0.94,15.0,0.93,15.0,0.97,35.45,0.98,20.0,0.03,35.45,0.02,20.0,0.06,15.0,0.07,15.0,0.03,0.03,43.5502,1776193409000
1776193410.694,210.694,0.97,15.0,0.96,15.0,0.99,291.57,,,0.01,296.62,,,0.03,15.0,0.04,15.0,0.02,0.02,43.5502,1776193409000
1776193411.012,211.012,0.97,15.0,0.96,15.0,0.99,291.57,,,0.01,291.57,,,0.03,15.0,0.04,15.0,0.02,0.02,43.5502,1776193410000
1776193412.269,212.269,0.97,15.0,0.96,15.0,0.99,291.57,,,0.01,291.57,,,0.03,15.0,0.04,15.0,0.02,0.02,43.556222,1776193411000
1776193413.466,213.466,0.97,15.0,0.96,15.0,0.99,291.57,,,0.01,291.57,,,0.03,15.0,0.04,15.0,0.02,0.02,43.556658,1776193412000
1776193414.097,214.097,0.97,15.0,0.96,15.0,0.99,291.57,,,0.01,291.57,,,0.03,15.0,0.04,15.0,0.02,0.02,43.556916,1776193413000
1776193415.258,215.258,0.97,15.0,0.96,15.0,0.99,291.57,,,0.01,291.57,,,0.03,15.0,0.04,15.0,0.02,0.02,43.556995,1776193414000
1776193416.452,216.452,0.97,15.0,0.96,15.0,0.99,291.57,,,0.01,291.57,,,0.03,15.0,0.04,15.0,0.02,0.02,43.557277,1776193415000
1776193416.893,216.893,0.98,15.0,0.97,15.0,0.99,246.57,,,0.01,291.57,,,0.03,15.0,0.04,15.0,0.01,0.02,43.557277,1776193415000
1776193418.139,218.139,0.98,15.0,0.97,15.0,0.99,246.57,,,0.01,246.57,,,0.02,15.0,0.03,15.0,0.01,0.01,43.557182,1776193417000
1776193419.237,219.237,0.98,15.0,0.97,15.0,0.99,246.57,,,0.01,246.57,,,0.02,15.0,0.03,15.0,0.01,0.01,43.5606,1776193418000
1776193420.209,220.209,0.98,15.0,0.97,15.0,0.99,246.57,,,0.01,246.57,,,0.02,15.0,0.03,15.0,0.01,0.01,43.572267,1776193419000
1776193421.255,221.255,0.98,15.0,0.97,15.0,0.99,246.57,,,0.01,246.57,,,0.02,15.0,0.03,15.0,0.01,0.01,43.578,1776193420000
1776193421.826,221.826,0.98,15.0,0.97,15.0,0.99,226.57,,,0.01,246.57,,,0.02,15.0,0.03,15.0,0.01,0.01,43.578,1776193420000
1776193422.32,222.32,0.98,15.0,0.97,15.0,0.99,226.57,,,0.01,226.57,,,0.02,15.0,0.03,15.0,0.01,0.01,43.578604,1776193421000
1776193423.107,223.107,0.98,15.0,0.97,15.0,0.99,216.57,,,0.01,226.57,,,0.02,15.0,0.03,15.0,0.01,0.01,43.578604,1776193421000
1776193423.992,223.992,0.98,15.0,0.97,15.0,0.99,196.57,,,0.01,216.57,,,0.02,15.0,0.03,15.0,0.01,0.01,43.578604,1776193421000
1776193424.213,224.213,0.98,15.0,0.97,15.0,0.99,196.57,,,0.01,196.57,,,0.02,15.0,0.03,15.0,0.01,0.01,43.574,1776193422000
1776193424.908,224.908,0.98,15.0,0.97,15.0,0.99,196.57,,,0.01,196.57,,,0.02,15.0,0.03,15.0,0.01,0.01,43.5727,1776193423000
1776193425.513,225.513,0.98,15.0,0.97,15.0,0.99,196.57,,,0.01,196.57,,,0.02,15.0,0.03,15.0,0.01,0.01,43.5738,1776193424000
1776193426.109,226.109,0.98,15.0,0.97,15.0,0.99,186.57,,,0.01,196.57,,,0.02,15.0,0.03,15.0,0.01,0.01,43.5738,1776193424000
1776193427.52,227.52,0.98,15.0,0.97,15.0,0.99,186.57,,,0.01,186.57,,,0.02,15.0,0.03,15.0,0.01,0.01,43.574957,1776193426000
1776193428.171,228.171,0.98,15.0,0.97,15.0,0.99,186.57,,,0.01,186.57,,,0.02,15.0,0.03,15.0,0.01,0.01,43.574957,1776193427000
1776193428.777,228.777,0.98,15.0,0.97,15.0,0.99,176.57,,,0.01,186.57,,,0.02,15.0,0.03,15.0,0.01,0.01,43.574957,1776193427000
1776193429.503,229.503,0.98,15.0,0.97,15.0,0.99,158.57,,,0.01,158.57,,,0.02,15.0,0.03,15.0,0.01,0.01,43.578062,1776193428000
1776193430.119,230.119,0.98,15.0,0.97,15.0,0.99,158.57,,,0.01,158.57,,,0.02,15.0,0.03,15.0,0.01,0.01,43.578062,1776193429000
1776193431.346,231.346,0.98,15.0,0.97,15.0,0.99,158.57,,,0.01,158.57,,,0.02,15.0,0.03,15.0,0.01,0.01,43.5799,1776193430000
1776193431.977,231.977,0.98,15.0,0.97,15.0,0.99,158.57,,,0.01,158.57,,,0.02,15.0,0.03,15.0,0.01,0.01,43.5799,1776193431000
1776193432.338,232.338,0.98,15.0,0.97,15.0,0.99,148.57,,,0.01,158.57,,,0.02,15.0,0.03,15.0,0.01,0.01,43.5799,1776193431000
1776193433.237,233.237,0.98,15.0,0.97,15.0,0.99,148.57,,,0.01,148.57,,,0.02,15.0,0.03,15.0,0.01,0.01,43.5801,1776193432000
1776193433.725,233.725,0.98,15.0,0.97,15.0,0.99,115.24,,,0.01,148.57,,,0.02,15.0,0.03,15.0,0.01,0.01,43.5801,1776193432000
1776193434.446,234.446,0.98,15.0,0.97,15.0,0.99,115.24,,,0.01,115.24,,,0.02,15.0,0.03,15.0,0.01,0.01,43.5807,1776193433000
1776193435.068,235.068,0.98,15.0,0.97,15.0,0.99,115.24,,,0.01,115.24,,,0.02,15.0,0.03,15.0,0.01,0.01,43.579796,1776193434000
1776193436.332,236.332,0.98,15.0,0.97,15.0,0.99,115.24,,,0.01,115.24,,,0.02,15.0,0.03,15.0,0.01,0.01,43.5787,1776193435000
1776193437.015,237.015,0.98,15.0,0.97,15.0,0.99,115.24,,,0.01,115.24,,,0.02,15.0,0.03,15.0,0.01,0.01,43.5774,1776193436000
1776193438.167,238.167,0.98,15.0,0.97,15.0,0.99,115.24,,,0.01,115.24,,,0.02,15.0,0.03,15.0,0.01,0.01,43.5774,1776193437000
1776193439.357,239.357,0.98,15.0,0.97,15.0,0.99,115.24,,,0.01,115.24,,,0.02,15.0,0.03,15.0,0.01,0.01,43.5778,1776193438000
1776193440.713,240.713,0.98,15.0,0.97,15.0,0.99,115.24,,,0.01,115.24,,,0.02,15.0,0.03,15.0,0.01,0.01,43.5775,1776193439000
1776193441.44,241.44,0.98,15.0,0.97,15.0,0.99,108.16,,,0.01,115.24,,,0.02,15.0,0.03,15.0,0.01,0.01,43.5775,1776193439000
1776193441.824,241.824,0.98,15.0,0.97,15.0,0.99,103.1,,,0.01,108.16,,,0.02,15.0,0.03,15.0,0.01,0.01,43.5777,1776193440000
1776193442.363,242.363,0.98,15.0,0.97,15.0,0.99,103.1,,,0.01,103.1,,,0.02,15.0,0.03,15.0,0.01,0.01,43.575999,1776193441000
1776193443.267,243.267,0.98,15.0,0.97,15.0,0.99,103.1,,,0.01,103.1,,,0.02,15.0,0.03,15.0,0.01,0.01,43.575999,1776193442000
1776193444.895,244.895,0.98,15.0,0.97,15.0,0.99,103.1,,,0.01,103.1,,,0.02,15.0,0.03,15.0,0.01,0.01,43.5756,1776193443000
1776193445.594,245.594,0.98,15.0,0.97,15.0,0.99,103.1,,,0.01,103.1,,,0.02,15.0,0.03,15.0,0.01,0.01,43.575523,1776193444000
1776193445.927,245.927,0.98,15.0,0.97,15.0,0.99,90.1,,,0.01,103.1,,,0.02,15.0,0.03,15.0,0.01,0.01,43.575523,1776193444000
1776193446.361,246.361,0.98,15.0,0.97,15.0,0.99,77.1,,,0.01,90.1,,,0.02,15.0,0.03,15.0,0.01,0.01,43.575523,1776193444000
1776193446.664,246.664,0.98,15.0,0.97,15.0,0.99,67.0,,,0.01,77.1,,,0.02,15.0,0.03,15.0,0.01,0.01,43.57504,1776193445000
1776193447.239,247.239,0.98,15.0,0.97,15.0,0.99,67.0,,,0.01,67.0,,,0.02,15.0,0.03,15.0,0.01,0.01,43.573016,1776193446000
1776193448.912,248.912,0.98,15.0,0.97,15.0,0.99,67.0,,,0.01,67.0,,,0.02,15.0,0.03,15.0,0.01,0.01,43.56643,1776193447000
1776193449.572,249.572,0.98,15.0,0.97,15.0,0.99,67.0,,,0.01,67.0,,,0.02,15.0,0.03,15.0,0.01,0.01,43.5648,1776193448000
1776193450.342,250.342,0.98,15.0,0.97,15.0,0.99,67.0,,,0.01,67.0,,,0.02,15.0,0.03,15.0,0.01,0.01,43.5648,1776193449000
1776193451.255,251.255,0.98,15.0,0.97,15.0,0.99,67.0,,,0.01,67.0,,,0.02,15.0,0.03,15.0,0.01,0.01,43.564863,1776193450000
1776193452.797,252.797,0.98,15.0,0.97,15.0,0.99,67.0,,,0.01,67.0,,,0.02,15.0,0.03,15.0,0.01,0.01,43.565443,1776193451000
1776193453.583,253.583,0.98,15.0,0.97,15.0,0.99,67.0,,,0.01,67.0,,,0.02,15.0,0.03,15.0,0.01,0.01,43.564328,1776193452000
1776193454.357,254.357,0.98,15.0,0.97,15.0,0.99,67.0,,,0.01,67.0,,,0.02,15.0,0.03,15.0,0.01,0.01,43.564328,1776193453000
1776193455.179,255.179,0.98,15.0,0.97,15.0,0.99,67.0,,,0.01,67.0,,,0.02,15.0,0.03,15.0,0.01,0.01,43.5625,1776193454000
1776193456.887,256.887,0.98,15.0,0.97,15.0,0.99,67.0,,,0.01,67.0,,,0.02,15.0,0.03,15.0,0.01,0.01,43.560906,1776193455000
1776193457.615,257.615,0.98,15.0,0.97,15.0,0.99,67.0,,,0.01,67.0,,,0.02,15.0,0.03,15.0,0.01,0.01,43.560777,1776193456000
1776193458.302,258.302,0.98,15.0,0.97,15.0,0.99,67.0,,,0.01,67.0,,,0.02,15.0,0.03,15.0,0.01,0.01,43.5574,1776193457000
1776193459.74,259.74,0.98,15.0,0.97,15.0,0.99,67.0,,,0.01,67.0,,,0.02,15.0,0.03,15.0,0.01,0.01,43.556,1776193458000
1776193460.729,260.729,0.98,15.0,0.97,15.0,0.99,67.0,,,0.01,67.0,,,0.02,15.0,0.03,15.0,0.01,0.01,43.551312,1776193459000
1776193461.323,261.323,0.98,15.0,0.97,15.0,0.99,54.0,,,0.01,54.0,,,0.02,15.0,0.03,15.0,0.01,0.01,43.547368,1776193460000
1776193462.346,262.346,0.98,15.0,0.97,15.0,0.99,54.0,,,0.01,54.0,,,0.02,15.0,0.03,15.0,0.01,0.01,43.547791,1776193461000
1776193463.018,263.018,0.98,15.0,0.97,15.0,0.99,41.5,,,0.01,54.0,,,0.02,15.0,0.03,15.0,0.01,0.01,43.547791,1776193461000
1776193463.325,263.325,0.98,15.0,0.97,15.0,0.99,41.5,,,0.01,41.5,,,0.02,15.0,0.03,15.0,0.01,0.01,43.5474,1776193462000
1776193463.616,263.616,0.98,15.0,0.97,15.0,0.99,19.64,,,0.01,41.5,,,0.02,15.0,0.03,15.0,0.01,0.01,43.5474,1776193462000
1776193464.392,264.392,0.98,15.0,0.97,15.0,0.99,19.64,,,0.01,19.64,,,0.02,15.0,0.03,15.0,0.01,0.01,43.547369,1776193463000
1776193464.899,264.899,0.98,15.0,0.97,15.0,0.99,19.64,,,0.01,19.64,,,0.02,15.0,0.03,15.0,0.01,0.01,43.5463,1776193464000
1776193465.976,265.976,0.98,15.0,0.97,15.0,0.99,19.64,,,0.01,19.64,,,0.02,15.0,0.03,15.0,0.01,0.01,43.5455,1776193465000
1776193466.493,266.493,0.98,15.0,0.97,15.0,0.99,8.64,,,0.01,19.64,,,0.02,15.0,0.03,15.0,0.01,0.01,43.5455,1776193465000
1776193467.043,267.043,0.98,15.0,0.97,15.0,0.99,8.64,,,0.01,8.64,,,0.02,15.0,0.03,15.0,0.01,0.01,43.54406,1776193466000
1776193468.051,268.051,0.98,15.0,0.97,15.0,0.99,8.64,,,0.01,8.64,,,0.02,15.0,0.03,15.0,0.01,0.01,43.5439,1776193467000
1776193469.078,269.078,0.98,15.0,0.97,15.0,0.99,8.64,,,0.01,8.64,,,0.02,15.0,0.03,15.0,0.01,0.01,43.5418,1776193468000
1776193470.179,270.179,0.98,15.0,0.97,15.0,0.99,8.64,,,0.01,8.64,,,0.02,15.0,0.03,15.0,0.01,0.01,43.5412,1776193469000
1776193470.452,270.452,0.99,11.56,0.98,15.0,,,,,0.01,3.59,,,0.02,15.0,0.03,15.0,,0.01,43.5412,1776193469000
1776193471.275,271.275,0.99,11.56,0.98,15.0,,,,,,,,,0.01,11.56,0.02,15.0,,,43.5416,1776193470000
1776193472.328,272.328,0.99,11.56,0.98,15.0,,,,,,,,,0.01,11.56,0.02,15.0,,,43.5419,1776193471000
1776193473.371,273.371,0.99,11.56,0.98,15.0,,,,,,,,,0.01,11.56,0.02,15.0,,,43.541,1776193472000
1776193474.461,274.461,0.99,11.56,0.98,15.0,,,,,,,,,0.01,11.56,0.02,15.0,,,43.5414,1776193473000
1776193475.158,275.158,0.99,11.56,0.98,15.0,,,,,,,,,0.01,11.56,0.02,15.0,,,43.5414,1776193474000
1776193476.441,276.441,0.99,11.56,0.98,15.0,,,,,,,,,0.01,11.56,0.02,15.0,,,43.5416,1776193475000
1776193477.175,277.175,0.99,11.56,0.98,15.0,,,,,,,,,0.01,11.56,0.02,15.0,,,43.5416,1776193476000
1776193478.679,278.679,0.99,11.56,0.98,15.0,,,,,,,,,0.01,11.56,0.02,15.0,,,43.5406,1776193477000
1776193479.309,279.309,0.99,11.56,0.98,15.0,,,,,,,,,0.01,11.56,0.02,15.0,,,43.5406,1776193478000
1776193480.055,280.055,0.99,11.56,0.98,15.0,,,,,,,,,0.01,11.56,0.02,15.0,,,43.5402,1776193479000
1776193481.274,281.274,0.99,11.56,0.98,15.0,,,,,,,,,0.01,11.56,0.02,15.0,,,43.535296,1776193480000
1776193482.714,282.714,0.99,11.56,0.98,15.0,,,,,,,,,0.01,11.56,0.02,15.0,,,43.5334,1776193481000
1776193483.368,283.368,0.99,11.56,0.98,15.0,,,,,,,,,0.01,11.56,0.02,15.0,,,43.535092,1776193482000
1776193484.074,284.074,0.99,11.56,0.98,15.0,,,,,,,,,0.01,11.56,0.02,15.0,,,43.535199,1776193483000
1776193485.351,285.351,0.99,11.56,0.98,15.0,,,,,,,,,0.01,11.56,0.02,15.0,,,43.5343,1776193484000
1776193486.022,286.022,0.99,11.56,0.98,15.0,,,,,,,,,0.01,11.56,0.02,15.0,,,43.534014,1776193485000
1776193487.509,287.509,0.99,11.56,0.98,15.0,,,,,,,,,0.01,11.56,0.02,15.0,,,43.533354,1776193486000
1776193488.223,288.223,0.99,11.56,0.98,15.0,,,,,,,,,0.01,11.56,0.02,15.0,,,43.5305,1776193487000
1776193489.551,289.551,0.99,11.56,0.98,15.0,,,,,,,,,0.01,11.56,0.02,15.0,,,43.5294,1776193488000
1776193490.139,290.139,0.99,11.56,0.98,15.0,,,,,,,,,0.01,11.56,0.02,15.0,,,43.5294,1776193489000
1776193492.19,292.19,0.99,11.56,0.98,15.0,,,,,,,,,0.01,11.56,0.02,15.0,,,43.5301,1776193490000
1776193492.656,292.656,0.99,11.56,0.98,15.0,,,,,,,,,0.01,11.56,0.02,15.0,,,43.5298,1776193491000
1776193493.411,293.411,0.99,11.56,0.98,15.0,,,,,,,,,0.01,11.56,0.02,15.0,,,43.53,1776193492000
1776193493.905,293.905,0.99,11.56,0.98,15.0,,,,,,,,,0.01,11.56,0.02,15.0,,,43.531362,1776193493000
1776193495.11,295.11,0.99,11.56,0.98,15.0,,,,,,,,,0.01,11.56,0.02,15.0,,,43.5321,1776193494000
1776193496.235,296.235,0.99,11.56,0.98,15.0,,,,,,,,,0.01,11.56,0.02,15.0,,,43.5324,1776193495000
1776193497.361,297.361,0.99,11.56,0.98,15.0,,,,,,,,,0.01,11.56,0.02,15.0,,,43.53359,1776193496000
1776193498.006,298.006,0.99,11.56,0.98,15.0,,,,,,,,,0.01,11.56,0.02,15.0,,,43.53355,1776193497000
1776193499.167,299.167,0.99,11.56,0.98,15.0,,,,,,,,,0.01,11.56,0.02,15.0,,,43.533,1776193498000
1776193500.324,300.324,0.99,11.56,0.98,15.0,,,,,,,,,0.01,11.56,0.02,15.0,,,43.5328,1776193499000

# RESULT,winner=Up,slug=hype-updown-5m-1776193200,ticks=317
