timestamp,elapsed_sec,up_bid_p1,up_bid_s1,up_bid_p2,up_bid_s2,up_ask_p1,up_ask_s1,up_ask_p2,up_ask_s2,down_bid_p1,down_bid_s1,down_bid_p2,down_bid_s2,down_ask_p1,down_ask_s1,down_ask_p2,down_ask_s2,up_spread,down_spread,hype_price,hype_oracle_ts
1776228911.747,11.747,0.5,5.0,0.39,10.0,0.56,10.0,0.62,5.0,0.44,10.0,0.38,5.0,0.5,5.0,0.61,10.0,0.06,0.06,43.754814,1776228910000
1776228912.048,12.048,0.5,5.0,0.39,10.0,0.56,10.0,0.62,5.0,0.44,10.0,0.38,5.0,0.5,5.0,0.61,10.0,0.06,0.06,43.754896,1776228911000
1776228912.923,12.923,0.5,5.0,0.39,10.0,0.56,10.0,0.62,5.0,0.44,10.0,0.38,5.0,0.5,5.0,0.61,10.0,0.06,0.06,43.754652,1776228912000
1776228913.842,13.842,0.5,5.0,0.39,10.0,0.56,10.0,0.62,5.0,0.44,10.0,0.38,5.0,0.5,5.0,0.61,10.0,0.06,0.06,43.754929,1776228913000
1776228914.348,14.348,0.38,15.0,0.37,5.0,0.55,10.0,0.62,5.0,0.44,10.0,0.38,5.0,0.5,5.0,0.61,10.0,0.17,0.06,43.754929,1776228913000
1776228914.902,14.902,0.38,15.0,0.37,5.0,0.55,10.0,0.62,5.0,0.45,10.0,0.38,5.0,0.62,15.0,0.63,5.0,0.17,0.17,43.754644,1776228914000
1776228915.896,15.896,0.38,15.0,0.37,5.0,0.55,10.0,0.62,5.0,0.45,10.0,0.38,5.0,0.62,15.0,0.63,5.0,0.17,0.17,43.754518,1776228915000
1776228916.98,16.98,0.38,15.0,0.37,5.0,0.55,10.0,0.62,5.0,0.45,10.0,0.38,5.0,0.62,15.0,0.63,5.0,0.17,0.17,43.754667,1776228916000
1776228917.921,17.921,0.38,15.0,0.37,5.0,0.55,10.0,0.62,5.0,0.45,10.0,0.38,5.0,0.62,15.0,0.63,5.0,0.17,0.17,43.754389,1776228917000
1776228919.452,19.452,0.38,15.0,0.37,5.0,0.55,10.0,0.62,5.0,0.45,10.0,0.38,5.0,0.62,15.0,0.63,5.0,0.17,0.17,43.754759,1776228918000
1776228920.019,20.019,0.38,15.0,0.37,5.0,0.55,10.0,0.62,5.0,0.45,10.0,0.38,5.0,0.62,15.0,0.63,5.0,0.17,0.17,43.754759,1776228919000
1776228921.132,21.132,0.38,15.0,0.37,5.0,0.55,10.0,0.62,5.0,0.45,10.0,0.38,5.0,0.62,15.0,0.63,5.0,0.17,0.17,43.753255,1776228920000
1776228922.511,22.511,0.38,15.0,0.37,5.0,0.55,10.0,0.62,5.0,0.45,10.0,0.38,5.0,0.62,15.0,0.63,5.0,0.17,0.17,43.752605,1776228921000
1776228923.185,23.185,0.38,15.0,0.37,5.0,0.55,10.0,0.62,5.0,0.45,10.0,0.38,5.0,0.62,15.0,0.63,5.0,0.17,0.17,43.752605,1776228922000
1776228924.335,24.335,0.38,15.0,0.37,5.0,0.55,10.0,0.62,5.0,0.45,10.0,0.38,5.0,0.62,15.0,0.63,5.0,0.17,0.17,43.752899,1776228923000
1776228925.992,25.992,0.38,15.0,0.37,5.0,0.55,10.0,0.62,5.0,0.45,10.0,0.38,5.0,0.62,15.0,0.63,5.0,0.17,0.17,43.752701,1776228924000
1776228926.551,26.551,0.38,15.0,0.37,5.0,0.55,10.0,0.62,5.0,0.45,10.0,0.38,5.0,0.62,15.0,0.63,5.0,0.17,0.17,43.752701,1776228925000
1776228927.263,27.263,0.38,15.0,0.37,5.0,0.55,10.0,0.62,5.0,0.45,10.0,0.38,5.0,0.62,15.0,0.63,5.0,0.17,0.17,43.752746,1776228926000
1776228928.001,28.001,0.38,15.0,0.37,5.0,0.55,10.0,0.62,5.0,0.45,10.0,0.38,5.0,0.62,15.0,0.63,5.0,0.17,0.17,43.75283,1776228927000
1776228929.469,29.469,0.38,15.0,0.37,5.0,0.55,10.0,0.62,5.0,0.45,10.0,0.38,5.0,0.62,15.0,0.63,5.0,0.17,0.17,43.75283,1776228928000
1776228930.123,30.123,0.38,15.0,0.37,5.0,0.55,10.0,0.62,5.0,0.45,10.0,0.38,5.0,0.62,15.0,0.63,5.0,0.17,0.17,43.752747,1776228929000
1776228930.876,30.876,0.38,15.0,0.37,5.0,0.55,10.0,0.62,5.0,0.45,10.0,0.38,5.0,0.62,15.0,0.63,5.0,0.17,0.17,43.752744,1776228930000
1776228932.087,32.087,0.38,15.0,0.37,5.0,0.55,10.0,0.62,5.0,0.45,10.0,0.38,5.0,0.62,15.0,0.63,5.0,0.17,0.17,43.752744,1776228931000
1776228933.444,33.444,0.38,15.0,0.37,5.0,0.55,10.0,0.62,5.0,0.45,10.0,0.38,5.0,0.62,15.0,0.63,5.0,0.17,0.17,43.753312,1776228932000
1776228933.95,33.95,0.38,15.0,0.37,5.0,0.55,10.0,0.62,5.0,0.45,10.0,0.38,5.0,0.62,15.0,0.63,5.0,0.17,0.17,43.753253,1776228933000
1776228935.056,35.056,0.38,15.0,0.37,5.0,0.55,10.0,0.62,5.0,0.45,10.0,0.38,5.0,0.62,15.0,0.63,5.0,0.17,0.17,43.753096,1776228934000
1776228936.748,36.748,0.38,15.0,0.37,5.0,0.55,10.0,0.62,5.0,0.45,10.0,0.38,5.0,0.62,15.0,0.63,5.0,0.17,0.17,43.752728,1776228935000
1776228937.353,37.353,0.38,15.0,0.37,5.0,0.55,10.0,0.62,5.0,0.45,10.0,0.38,5.0,0.62,15.0,0.63,5.0,0.17,0.17,43.752728,1776228936000
1776228938.226,38.226,0.38,15.0,0.37,5.0,0.55,10.0,0.62,5.0,0.45,10.0,0.38,5.0,0.62,15.0,0.63,5.0,0.17,0.17,43.753052,1776228937000
1776228939.207,39.207,0.38,15.0,0.37,5.0,0.55,10.0,0.62,5.0,0.45,10.0,0.38,5.0,0.62,15.0,0.63,5.0,0.17,0.17,43.753186,1776228938000
1776228940.154,40.154,0.38,15.0,0.37,5.0,0.55,10.0,0.62,5.0,0.45,10.0,0.38,5.0,0.62,15.0,0.63,5.0,0.17,0.17,43.753073,1776228939000
1776228941.081,41.081,0.38,15.0,0.37,5.0,0.55,10.0,0.62,5.0,0.45,10.0,0.38,5.0,0.62,15.0,0.63,5.0,0.17,0.17,43.753073,1776228940000
1776228942.12,42.12,0.38,15.0,0.37,5.0,0.55,10.0,0.62,5.0,0.45,10.0,0.38,5.0,0.62,15.0,0.63,5.0,0.17,0.17,43.753216,1776228941000
1776228943.042,43.042,0.38,15.0,0.37,5.0,0.55,10.0,0.62,5.0,0.45,10.0,0.38,5.0,0.62,15.0,0.63,5.0,0.17,0.17,43.753278,1776228942000
1776228944.125,44.125,0.38,15.0,0.37,5.0,0.55,10.0,0.62,5.0,0.45,10.0,0.38,5.0,0.62,15.0,0.63,5.0,0.17,0.17,43.75328,1776228943000
1776228945.144,45.144,0.38,15.0,0.37,5.0,0.55,10.0,0.62,5.0,0.45,10.0,0.38,5.0,0.62,15.0,0.63,5.0,0.17,0.17,43.75328,1776228944000
1776228946.053,46.053,0.38,15.0,0.37,5.0,0.55,10.0,0.62,5.0,0.45,10.0,0.38,5.0,0.62,15.0,0.63,5.0,0.17,0.17,43.753198,1776228945000
1776228947.05,47.05,0.38,15.0,0.37,5.0,0.55,10.0,0.62,5.0,0.45,10.0,0.38,5.0,0.62,15.0,0.63,5.0,0.17,0.17,43.753122,1776228946000
1776228947.983,47.983,0.38,15.0,0.37,5.0,0.55,10.0,0.62,5.0,0.45,10.0,0.38,5.0,0.62,15.0,0.63,5.0,0.17,0.17,43.752765,1776228947000
1776228949.441,49.441,0.38,15.0,0.37,5.0,0.55,10.0,0.62,5.0,0.45,10.0,0.38,5.0,0.62,15.0,0.63,5.0,0.17,0.17,43.761331,1776228948000
1776228949.968,49.968,0.38,15.0,0.37,5.0,0.55,10.0,0.62,5.0,0.45,10.0,0.38,5.0,0.62,15.0,0.63,5.0,0.17,0.17,43.761137,1776228949000
1776228950.996,50.996,0.38,15.0,0.37,5.0,0.55,10.0,0.62,5.0,0.45,10.0,0.38,5.0,0.62,15.0,0.63,5.0,0.17,0.17,43.761221,1776228950000
1776228952.009,52.009,0.38,15.0,0.37,5.0,0.55,10.0,0.62,5.0,0.45,10.0,0.38,5.0,0.62,15.0,0.63,5.0,0.17,0.17,43.761363,1776228951000
1776228953.074,53.074,0.38,15.0,0.37,5.0,0.55,10.0,0.62,5.0,0.45,10.0,0.38,5.0,0.62,15.0,0.63,5.0,0.17,0.17,43.760399,1776228952000
1776228953.964,53.964,0.38,15.0,0.37,5.0,0.55,10.0,0.62,5.0,0.45,10.0,0.38,5.0,0.62,15.0,0.63,5.0,0.17,0.17,43.760399,1776228953000
1776228955.057,55.057,0.38,15.0,0.37,5.0,0.55,10.0,0.62,5.0,0.45,10.0,0.38,5.0,0.62,15.0,0.63,5.0,0.17,0.17,43.760159,1776228954000
1776228956.037,56.037,0.38,15.0,0.37,5.0,0.55,10.0,0.62,5.0,0.45,10.0,0.38,5.0,0.62,15.0,0.63,5.0,0.17,0.17,43.76013,1776228955000
1776228957.231,57.231,0.38,15.0,0.37,5.0,0.55,10.0,0.62,5.0,0.45,10.0,0.38,5.0,0.62,15.0,0.63,5.0,0.17,0.17,43.759909,1776228956000
1776228958.176,58.176,0.38,15.0,0.37,5.0,0.55,10.0,0.62,5.0,0.45,10.0,0.38,5.0,0.62,15.0,0.63,5.0,0.17,0.17,43.760102,1776228957000
1776228959.128,59.128,0.38,15.0,0.37,5.0,0.55,10.0,0.62,5.0,0.45,10.0,0.38,5.0,0.62,15.0,0.63,5.0,0.17,0.17,43.759102,1776228958000
1776228960.082,60.082,0.38,15.0,0.37,5.0,0.55,10.0,0.62,5.0,0.45,10.0,0.38,5.0,0.62,15.0,0.63,5.0,0.17,0.17,43.759643,1776228959000
1776228961.117,61.117,0.38,15.0,0.37,5.0,0.55,10.0,0.62,5.0,0.45,10.0,0.38,5.0,0.62,15.0,0.63,5.0,0.17,0.17,43.759605,1776228960000
1776228962.631,62.631,0.38,15.0,0.37,5.0,0.55,10.0,0.62,5.0,0.45,10.0,0.38,5.0,0.62,15.0,0.63,5.0,0.17,0.17,43.759434,1776228961000
1776228963.124,63.124,0.38,15.0,0.37,5.0,0.55,10.0,0.62,5.0,0.45,10.0,0.38,5.0,0.62,15.0,0.63,5.0,0.17,0.17,43.75941,1776228962000
1776228964.106,64.106,0.38,15.0,0.37,5.0,0.55,10.0,0.62,5.0,0.45,10.0,0.38,5.0,0.62,15.0,0.63,5.0,0.17,0.17,43.759325,1776228963000
1776228965.204,65.204,0.38,15.0,0.37,5.0,0.55,10.0,0.62,5.0,0.45,10.0,0.38,5.0,0.62,15.0,0.63,5.0,0.17,0.17,43.759307,1776228964000
1776228966.151,66.151,0.38,15.0,0.37,5.0,0.55,10.0,0.62,5.0,0.45,10.0,0.38,5.0,0.62,15.0,0.63,5.0,0.17,0.17,43.759287,1776228965000
1776228967.083,67.083,0.38,15.0,0.37,5.0,0.55,10.0,0.62,5.0,0.45,10.0,0.38,5.0,0.62,15.0,0.63,5.0,0.17,0.17,43.759487,1776228966000
1776228968.168,68.168,0.38,15.0,0.37,5.0,0.55,10.0,0.62,5.0,0.45,10.0,0.38,5.0,0.62,15.0,0.63,5.0,0.17,0.17,43.760228,1776228967000
1776228969.276,69.276,0.38,15.0,0.37,5.0,0.55,10.0,0.62,5.0,0.45,10.0,0.38,5.0,0.62,15.0,0.63,5.0,0.17,0.17,43.760308,1776228968000
1776228970.154,70.154,0.38,15.0,0.37,5.0,0.55,10.0,0.62,5.0,0.45,10.0,0.38,5.0,0.62,15.0,0.63,5.0,0.17,0.17,43.760636,1776228969000
1776228971.106,71.106,0.38,15.0,0.37,5.0,0.55,10.0,0.62,5.0,0.45,10.0,0.38,5.0,0.62,15.0,0.63,5.0,0.17,0.17,43.760175,1776228970000
1776228972.077,72.077,0.38,15.0,0.37,5.0,0.55,10.0,0.62,5.0,0.45,10.0,0.38,5.0,0.62,15.0,0.63,5.0,0.17,0.17,43.758972,1776228971000
1776228973.141,73.141,0.38,15.0,0.37,5.0,0.55,10.0,0.62,5.0,0.45,10.0,0.38,5.0,0.62,15.0,0.63,5.0,0.17,0.17,43.759143,1776228972000
1776228974.104,74.104,0.38,15.0,0.37,5.0,0.55,10.0,0.62,5.0,0.45,10.0,0.38,5.0,0.62,15.0,0.63,5.0,0.17,0.17,43.759202,1776228973000
1776228975.665,75.665,0.38,15.0,0.37,5.0,0.55,10.0,0.62,5.0,0.45,10.0,0.38,5.0,0.62,15.0,0.63,5.0,0.17,0.17,43.759253,1776228974000
1776228976.19,76.19,0.38,15.0,0.37,5.0,0.55,10.0,0.62,5.0,0.45,10.0,0.38,5.0,0.62,15.0,0.63,5.0,0.17,0.17,43.759377,1776228975000
1776228977.946,77.946,0.38,15.0,0.37,5.0,0.55,10.0,0.62,5.0,0.45,10.0,0.38,5.0,0.62,15.0,0.63,5.0,0.17,0.17,43.758992,1776228976000
1776228978.416,78.416,0.38,15.0,0.37,5.0,0.55,10.0,0.62,5.0,0.45,10.0,0.38,5.0,0.62,15.0,0.63,5.0,0.17,0.17,43.758676,1776228977000
1776228979.052,79.052,0.38,15.0,0.37,5.0,0.55,10.0,0.62,5.0,0.45,10.0,0.38,5.0,0.62,15.0,0.63,5.0,0.17,0.17,43.7587,1776228978000
1776228980.569,80.569,0.38,15.0,0.37,5.0,0.55,10.0,0.62,5.0,0.45,10.0,0.38,5.0,0.62,15.0,0.63,5.0,0.17,0.17,43.758703,1776228979000
1776228981.162,81.162,0.38,15.0,0.37,5.0,0.55,10.0,0.62,5.0,0.45,10.0,0.38,5.0,0.62,15.0,0.63,5.0,0.17,0.17,43.758681,1776228980000
1776228982.392,82.392,0.38,15.0,0.37,5.0,0.55,10.0,0.62,5.0,0.45,10.0,0.38,5.0,0.62,15.0,0.63,5.0,0.17,0.17,43.758353,1776228981000
1776228982.916,82.916,0.38,15.0,0.37,5.0,0.55,10.0,0.62,5.0,0.45,10.0,0.38,5.0,0.62,15.0,0.63,5.0,0.17,0.17,43.758335,1776228982000
1776228984.083,84.083,0.38,15.0,0.37,5.0,0.55,10.0,0.62,5.0,0.45,10.0,0.38,5.0,0.62,15.0,0.63,5.0,0.17,0.17,43.758351,1776228983000
1776228985.295,85.295,0.38,15.0,0.37,5.0,0.55,10.0,0.62,5.0,0.45,10.0,0.38,5.0,0.62,15.0,0.63,5.0,0.17,0.17,43.758155,1776228984000
1776228986.374,86.374,0.38,15.0,0.37,5.0,0.55,10.0,0.62,5.0,0.45,10.0,0.38,5.0,0.62,15.0,0.63,5.0,0.17,0.17,43.757898,1776228985000
1776228986.902,86.902,0.38,15.0,0.37,5.0,0.55,10.0,0.62,5.0,0.45,10.0,0.38,5.0,0.62,15.0,0.63,5.0,0.17,0.17,43.756892,1776228986000
1776228988.102,88.102,0.38,15.0,0.37,5.0,0.55,10.0,0.62,5.0,0.45,10.0,0.38,5.0,0.62,15.0,0.63,5.0,0.17,0.17,43.756827,1776228987000
1776228989.278,89.278,0.38,15.0,0.37,5.0,0.55,10.0,0.62,5.0,0.45,10.0,0.38,5.0,0.62,15.0,0.63,5.0,0.17,0.17,43.757041,1776228988000
1776228989.774,89.774,0.63,10.0,0.42,41.0,0.76,11.09,0.77,15.0,0.45,10.0,0.38,5.0,0.62,15.0,0.63,5.0,0.13,0.17,43.757041,1776228988000
1776228990.468,90.468,0.63,10.0,0.42,41.0,0.76,11.09,0.77,15.0,0.24,11.09,0.23,15.0,0.37,10.0,0.58,41.0,0.13,0.13,43.758501,1776228989000
1776228991.805,91.805,0.63,10.0,0.42,41.0,0.76,11.09,0.77,15.0,0.24,11.09,0.23,15.0,0.37,10.0,0.58,41.0,0.13,0.13,43.76987,1776228990000
1776228992.523,92.523,0.63,10.0,0.42,41.0,0.76,11.09,0.77,15.0,0.24,11.09,0.23,15.0,0.37,10.0,0.58,41.0,0.13,0.13,43.786719,1776228991000
1776228993.323,93.323,0.63,10.0,0.42,41.0,0.76,11.09,0.77,15.0,0.24,11.09,0.23,15.0,0.37,10.0,0.58,41.0,0.13,0.13,43.786719,1776228992000
1776228994.152,94.152,0.63,10.0,0.42,41.0,0.76,11.09,0.77,15.0,0.24,11.09,0.23,15.0,0.37,10.0,0.58,41.0,0.13,0.13,43.786962,1776228993000
1776228995.751,95.751,0.63,10.0,0.42,41.0,0.76,11.09,0.77,15.0,0.24,11.09,0.23,15.0,0.37,10.0,0.58,41.0,0.13,0.13,43.787934,1776228994000
1776228996.508,96.508,0.63,10.0,0.42,41.0,0.76,11.09,0.77,15.0,0.24,11.09,0.23,15.0,0.37,10.0,0.58,41.0,0.13,0.13,43.789661,1776228995000
1776228997.176,97.176,0.63,10.0,0.42,41.0,0.76,11.09,0.77,15.0,0.24,11.09,0.23,15.0,0.37,10.0,0.58,41.0,0.13,0.13,43.7894,1776228996000
1776228998.0,98.0,0.63,10.0,0.42,41.0,0.76,11.09,0.77,15.0,0.24,11.09,0.23,15.0,0.37,10.0,0.58,41.0,0.13,0.13,43.789166,1776228997000
1776228999.424,99.424,0.63,10.0,0.42,41.0,0.76,11.09,0.77,15.0,0.24,11.09,0.23,15.0,0.37,10.0,0.58,41.0,0.13,0.13,43.789138,1776228998000
1776229000.111,100.111,0.63,10.0,0.42,41.0,0.76,11.09,0.77,15.0,0.24,11.09,0.23,15.0,0.37,10.0,0.58,41.0,0.13,0.13,43.78937,1776228999000
1776229001.515,101.515,0.63,10.0,0.42,41.0,0.76,11.09,0.77,15.0,0.24,11.09,0.23,15.0,0.37,10.0,0.58,41.0,0.13,0.13,43.789869,1776229000000
1776229002.19,102.19,0.63,10.0,0.42,41.0,0.76,11.09,0.77,15.0,0.24,11.09,0.23,15.0,0.37,10.0,0.58,41.0,0.13,0.13,43.79002,1776229001000
1776229003.447,103.447,0.63,10.0,0.42,41.0,0.76,11.09,0.77,15.0,0.24,11.09,0.23,15.0,0.37,10.0,0.58,41.0,0.13,0.13,43.79002,1776229002000
1776229004.234,104.234,0.63,10.0,0.42,41.0,0.76,11.09,0.77,15.0,0.24,11.09,0.23,15.0,0.37,10.0,0.58,41.0,0.13,0.13,43.79002,1776229003000
1776229005.331,105.331,0.63,10.0,0.42,41.0,0.76,11.09,0.77,15.0,0.24,11.09,0.23,15.0,0.37,10.0,0.58,41.0,0.13,0.13,43.79088,1776229004000
1776229005.964,105.964,0.63,10.0,0.42,41.0,0.76,11.09,0.77,15.0,0.24,11.09,0.23,15.0,0.37,10.0,0.58,41.0,0.13,0.13,43.790962,1776229005000
1776229007.315,107.315,0.63,10.0,0.42,41.0,0.76,11.09,0.77,15.0,0.24,11.09,0.23,15.0,0.37,10.0,0.58,41.0,0.13,0.13,43.79126,1776229006000
1776229008.594,108.594,0.63,10.0,0.42,41.0,0.76,11.09,0.77,15.0,0.24,11.09,0.23,15.0,0.37,10.0,0.58,41.0,0.13,0.13,43.791922,1776229007000
1776229009.639,109.639,0.63,10.0,0.42,41.0,0.76,11.09,0.77,15.0,0.24,11.09,0.23,15.0,0.37,10.0,0.58,41.0,0.13,0.13,43.792039,1776229008000
1776229010.134,110.134,0.63,10.0,0.42,41.0,0.76,11.09,0.77,15.0,0.24,11.09,0.23,15.0,0.37,10.0,0.58,41.0,0.13,0.13,43.792039,1776229009000
1776229011.074,111.074,0.63,10.0,0.42,41.0,0.76,11.09,0.77,15.0,0.24,11.09,0.23,15.0,0.37,10.0,0.58,41.0,0.13,0.13,43.79209,1776229010000
1776229012.12,112.12,0.63,10.0,0.42,41.0,0.76,11.09,0.77,15.0,0.24,11.09,0.23,15.0,0.37,10.0,0.58,41.0,0.13,0.13,43.792169,1776229011000
1776229013.075,113.075,0.63,10.0,0.42,41.0,0.76,11.09,0.77,15.0,0.24,11.09,0.23,15.0,0.37,10.0,0.58,41.0,0.13,0.13,43.792375,1776229012000
1776229014.084,114.084,0.63,10.0,0.42,41.0,0.76,11.09,0.77,15.0,0.24,11.09,0.23,15.0,0.37,10.0,0.58,41.0,0.13,0.13,43.792361,1776229013000
1776229015.073,115.073,0.63,10.0,0.42,41.0,0.76,11.09,0.77,15.0,0.24,11.09,0.23,15.0,0.37,10.0,0.58,41.0,0.13,0.13,43.792404,1776229014000
1776229016.109,116.109,0.63,10.0,0.42,41.0,0.76,11.09,0.77,15.0,0.24,11.09,0.23,15.0,0.37,10.0,0.58,41.0,0.13,0.13,43.792324,1776229015000
1776229017.148,117.148,0.63,10.0,0.42,41.0,0.76,11.09,0.77,15.0,0.24,11.09,0.23,15.0,0.37,10.0,0.58,41.0,0.13,0.13,43.791914,1776229016000
1776229018.076,118.076,0.63,10.0,0.42,41.0,0.76,11.09,0.77,15.0,0.24,11.09,0.23,15.0,0.37,10.0,0.58,41.0,0.13,0.13,43.792253,1776229017000
1776229019.051,119.051,0.63,10.0,0.42,41.0,0.76,11.09,0.77,15.0,0.24,11.09,0.23,15.0,0.37,10.0,0.58,41.0,0.13,0.13,43.792038,1776229018000
1776229019.972,119.972,0.63,10.0,0.42,41.0,0.76,11.09,0.77,15.0,0.24,11.09,0.23,15.0,0.37,10.0,0.58,41.0,0.13,0.13,43.792245,1776229019000
1776229020.919,120.919,0.63,10.0,0.42,41.0,0.76,11.09,0.77,15.0,0.24,11.09,0.23,15.0,0.37,10.0,0.58,41.0,0.13,0.13,43.792245,1776229020000
1776229022.654,122.654,0.63,10.0,0.42,41.0,0.76,11.09,0.77,15.0,0.24,11.09,0.23,15.0,0.37,10.0,0.58,41.0,0.13,0.13,43.7923,1776229021000
1776229023.324,123.324,0.63,10.0,0.42,41.0,0.76,11.09,0.77,15.0,0.24,11.09,0.23,15.0,0.37,10.0,0.58,41.0,0.13,0.13,43.792506,1776229022000
1776229024.307,124.307,0.63,10.0,0.42,41.0,0.76,11.09,0.77,15.0,0.24,11.09,0.23,15.0,0.37,10.0,0.58,41.0,0.13,0.13,43.798833,1776229023000
1776229024.928,124.928,0.63,10.0,0.42,41.0,0.76,11.09,0.77,15.0,0.24,11.09,0.23,15.0,0.37,10.0,0.58,41.0,0.13,0.13,43.798991,1776229024000
1776229025.182,125.182,0.77,15.0,0.76,15.0,0.91,15.0,0.92,15.0,0.24,11.09,0.23,15.0,0.37,10.0,0.58,41.0,0.14,0.13,43.798991,1776229024000
1776229025.977,125.977,0.77,15.0,0.76,15.0,0.91,15.0,0.92,15.0,0.09,15.0,0.08,15.0,0.23,15.0,0.24,15.0,0.14,0.14,43.818253,1776229025000
1776229027.088,127.088,0.77,15.0,0.76,15.0,0.91,15.0,0.92,15.0,0.09,15.0,0.08,15.0,0.23,15.0,0.24,15.0,0.14,0.14,43.820377,1776229026000
1776229028.282,128.282,0.77,15.0,0.76,15.0,0.91,15.0,0.92,15.0,0.09,15.0,0.08,15.0,0.23,15.0,0.24,15.0,0.14,0.14,43.821167,1776229027000
1776229029.429,129.429,0.77,15.0,0.76,15.0,0.91,15.0,0.92,15.0,0.09,15.0,0.08,15.0,0.23,15.0,0.24,15.0,0.14,0.14,43.817473,1776229028000
1776229030.383,130.383,0.77,15.0,0.76,15.0,0.91,15.0,0.92,15.0,0.09,15.0,0.08,15.0,0.23,15.0,0.24,15.0,0.14,0.14,43.806411,1776229029000
1776229030.932,130.932,0.77,15.0,0.76,15.0,0.91,15.0,0.92,15.0,0.09,15.0,0.08,15.0,0.23,15.0,0.24,15.0,0.14,0.14,43.801871,1776229030000
1776229032.032,132.032,0.77,15.0,0.76,15.0,0.91,15.0,0.92,15.0,0.09,15.0,0.08,15.0,0.23,15.0,0.24,15.0,0.14,0.14,43.80108,1776229031000
1776229033.088,133.088,0.77,15.0,0.76,15.0,0.91,15.0,0.92,15.0,0.09,15.0,0.08,15.0,0.23,15.0,0.24,15.0,0.14,0.14,43.79868,1776229032000
1776229034.235,134.235,0.77,15.0,0.76,15.0,0.91,15.0,0.92,15.0,0.09,15.0,0.08,15.0,0.23,15.0,0.24,15.0,0.14,0.14,43.794206,1776229033000
1776229035.476,135.476,0.77,15.0,0.76,15.0,0.91,15.0,0.92,15.0,0.09,15.0,0.08,15.0,0.23,15.0,0.24,15.0,0.14,0.14,43.794206,1776229034000
1776229036.059,136.059,0.77,15.0,0.76,15.0,0.91,15.0,0.92,15.0,0.09,15.0,0.08,15.0,0.23,15.0,0.24,15.0,0.14,0.14,43.794091,1776229035000
1776229037.111,137.111,0.77,15.0,0.76,15.0,0.91,15.0,0.92,15.0,0.09,15.0,0.08,15.0,0.23,15.0,0.24,15.0,0.14,0.14,43.793594,1776229036000
1776229038.095,138.095,0.77,15.0,0.76,15.0,0.91,15.0,0.92,15.0,0.09,15.0,0.08,15.0,0.23,15.0,0.24,15.0,0.14,0.14,43.793495,1776229037000
1776229038.992,138.992,0.77,15.0,0.76,15.0,0.91,15.0,0.92,15.0,0.09,15.0,0.08,15.0,0.23,15.0,0.24,15.0,0.14,0.14,43.793525,1776229038000
1776229039.99,139.99,0.77,15.0,0.76,15.0,0.91,15.0,0.92,15.0,0.09,15.0,0.08,15.0,0.23,15.0,0.24,15.0,0.14,0.14,43.793753,1776229039000
1776229040.947,140.947,0.77,15.0,0.76,15.0,0.91,15.0,0.92,15.0,0.09,15.0,0.08,15.0,0.23,15.0,0.24,15.0,0.14,0.14,43.794556,1776229040000
1776229041.954,141.954,0.77,15.0,0.76,15.0,0.91,15.0,0.92,15.0,0.09,15.0,0.08,15.0,0.23,15.0,0.24,15.0,0.14,0.14,43.809649,1776229041000
1776229042.95,142.95,0.77,15.0,0.76,15.0,0.91,15.0,0.92,15.0,0.09,15.0,0.08,15.0,0.23,15.0,0.24,15.0,0.14,0.14,43.810044,1776229042000
1776229043.88,143.88,0.77,15.0,0.76,15.0,0.91,15.0,0.92,15.0,0.09,15.0,0.08,15.0,0.23,15.0,0.24,15.0,0.14,0.14,43.810823,1776229043000
1776229044.905,144.905,0.77,15.0,0.76,15.0,0.91,15.0,0.92,15.0,0.09,15.0,0.08,15.0,0.23,15.0,0.24,15.0,0.14,0.14,43.810934,1776229044000
1776229045.859,145.859,0.77,15.0,0.76,15.0,0.91,15.0,0.92,15.0,0.09,15.0,0.08,15.0,0.23,15.0,0.24,15.0,0.14,0.14,43.811133,1776229045000
1776229046.872,146.872,0.77,15.0,0.76,15.0,0.91,15.0,0.92,15.0,0.09,15.0,0.08,15.0,0.23,15.0,0.24,15.0,0.14,0.14,43.811255,1776229046000
1776229048.291,148.291,0.77,15.0,0.76,15.0,0.91,15.0,0.92,15.0,0.09,15.0,0.08,15.0,0.23,15.0,0.24,15.0,0.14,0.14,43.811088,1776229047000
1776229049.831,149.831,0.77,15.0,0.76,15.0,0.91,15.0,0.92,15.0,0.09,15.0,0.08,15.0,0.23,15.0,0.24,15.0,0.14,0.14,43.810599,1776229048000
1776229050.841,150.841,0.77,15.0,0.76,15.0,0.91,15.0,0.92,15.0,0.09,15.0,0.08,15.0,0.23,15.0,0.24,15.0,0.14,0.14,43.810384,1776229049000
1776229051.707,151.707,0.77,15.0,0.76,15.0,0.91,15.0,0.92,15.0,0.09,15.0,0.08,15.0,0.23,15.0,0.24,15.0,0.14,0.14,43.810297,1776229050000
1776229052.399,152.399,0.77,15.0,0.76,15.0,0.91,15.0,0.92,15.0,0.09,15.0,0.08,15.0,0.23,15.0,0.24,15.0,0.14,0.14,43.810419,1776229051000
1776229053.022,153.022,0.77,15.0,0.76,15.0,0.91,15.0,0.92,15.0,0.09,15.0,0.08,15.0,0.23,15.0,0.24,15.0,0.14,0.14,43.810671,1776229052000
1776229054.537,154.537,0.77,15.0,0.76,15.0,0.91,15.0,0.92,15.0,0.09,15.0,0.08,15.0,0.23,15.0,0.24,15.0,0.14,0.14,43.811413,1776229053000
1776229055.124,155.124,0.77,15.0,0.76,15.0,0.91,15.0,0.92,15.0,0.09,15.0,0.08,15.0,0.23,15.0,0.24,15.0,0.14,0.14,43.811747,1776229054000
1776229056.607,156.607,0.77,15.0,0.76,15.0,0.91,15.0,0.92,15.0,0.09,15.0,0.08,15.0,0.23,15.0,0.24,15.0,0.14,0.14,43.813573,1776229055000
1776229057.361,157.361,0.77,15.0,0.76,15.0,0.91,15.0,0.92,15.0,0.09,15.0,0.08,15.0,0.23,15.0,0.24,15.0,0.14,0.14,43.815509,1776229056000
1776229057.864,157.864,0.89,15.0,0.88,15.0,0.94,9.68,0.95,15.0,0.09,15.0,0.08,15.0,0.23,15.0,0.24,15.0,0.05,0.14,43.815509,1776229056000
1776229058.123,158.123,0.89,15.0,0.88,15.0,0.94,9.68,0.95,15.0,0.06,9.68,0.05,15.0,0.11,15.0,0.12,15.0,0.05,0.05,43.822462,1776229057000
1776229059.574,159.574,0.89,15.0,0.88,15.0,0.94,9.68,0.95,15.0,0.06,9.68,0.05,15.0,0.11,15.0,0.12,15.0,0.05,0.05,43.822799,1776229058000
1776229060.432,160.432,0.89,15.0,0.88,15.0,0.94,9.68,0.95,15.0,0.06,9.68,0.05,15.0,0.11,15.0,0.12,15.0,0.05,0.05,43.822799,1776229059000
1776229060.975,160.975,0.89,15.0,0.88,15.0,0.94,9.68,0.95,15.0,0.06,9.68,0.05,15.0,0.11,15.0,0.12,15.0,0.05,0.05,43.822914,1776229060000
1776229062.312,162.312,0.89,15.0,0.88,15.0,0.94,9.68,0.95,15.0,0.06,9.68,0.05,15.0,0.11,15.0,0.12,15.0,0.05,0.05,43.822958,1776229061000
1776229063.595,163.595,0.89,15.0,0.88,15.0,0.94,9.68,0.95,15.0,0.06,9.68,0.05,15.0,0.11,15.0,0.12,15.0,0.05,0.05,43.822868,1776229062000
1776229064.349,164.349,0.89,15.0,0.88,15.0,0.94,9.68,0.95,15.0,0.06,9.68,0.05,15.0,0.11,15.0,0.12,15.0,0.05,0.05,43.822983,1776229063000
1776229064.927,164.927,0.89,15.0,0.88,15.0,0.94,9.68,0.95,15.0,0.06,9.68,0.05,15.0,0.11,15.0,0.12,15.0,0.05,0.05,43.822983,1776229064000
1776229066.231,166.231,0.89,15.0,0.88,15.0,0.94,9.68,0.95,15.0,0.06,9.68,0.05,15.0,0.11,15.0,0.12,15.0,0.05,0.05,43.822959,1776229065000
1776229067.87,167.87,0.89,15.0,0.88,15.0,0.94,9.68,0.95,15.0,0.06,9.68,0.05,15.0,0.11,15.0,0.12,15.0,0.05,0.05,43.822987,1776229066000
1776229068.429,168.429,0.89,15.0,0.88,15.0,0.94,9.68,0.95,15.0,0.06,9.68,0.05,15.0,0.11,15.0,0.12,15.0,0.05,0.05,43.822925,1776229067000
1776229068.956,168.956,0.89,15.0,0.88,15.0,0.94,9.68,0.95,15.0,0.06,9.68,0.05,15.0,0.11,15.0,0.12,15.0,0.05,0.05,43.822925,1776229068000
1776229069.914,169.914,0.89,15.0,0.88,15.0,0.94,9.68,0.95,15.0,0.06,9.68,0.05,15.0,0.11,15.0,0.12,15.0,0.05,0.05,43.822997,1776229069000
1776229070.984,170.984,0.89,15.0,0.88,15.0,0.94,9.68,0.95,15.0,0.06,9.68,0.05,15.0,0.11,15.0,0.12,15.0,0.05,0.05,43.8455,1776229070000
1776229071.67,171.67,0.94,15.0,0.93,15.0,0.96,3.95,0.97,15.0,0.06,9.68,0.05,15.0,0.11,15.0,0.12,15.0,0.02,0.05,43.8455,1776229070000
1776229071.962,171.962,0.94,15.0,0.93,15.0,0.96,3.95,0.97,15.0,0.04,3.95,0.03,15.0,0.06,15.0,0.07,15.0,0.02,0.02,43.849899,1776229071000
1776229072.724,172.724,0.95,15.0,0.94,15.0,0.98,8.95,0.99,100.0,0.04,3.95,0.03,15.0,0.06,15.0,0.07,15.0,0.03,0.02,43.849899,1776229071000
1776229072.963,172.963,0.95,15.0,0.94,15.0,0.98,8.95,0.99,100.0,0.02,8.95,0.01,100.0,0.05,15.0,0.06,15.0,0.03,0.03,43.850101,1776229072000
1776229073.906,173.906,0.95,15.0,0.94,15.0,0.98,8.95,0.99,100.0,0.02,8.95,0.01,100.0,0.05,15.0,0.06,15.0,0.03,0.03,43.85022,1776229073000
1776229074.847,174.847,0.95,15.0,0.94,15.0,0.98,8.95,0.99,100.0,0.02,8.95,0.01,100.0,0.05,15.0,0.06,15.0,0.03,0.03,43.850514,1776229074000
1776229076.298,176.298,0.95,15.0,0.94,15.0,0.98,8.95,0.99,100.0,0.02,8.95,0.01,100.0,0.05,15.0,0.06,15.0,0.03,0.03,43.850705,1776229075000
1776229076.88,176.88,0.95,15.0,0.94,15.0,0.98,8.95,0.99,100.0,0.02,8.95,0.01,100.0,0.05,15.0,0.06,15.0,0.03,0.03,43.850459,1776229076000
1776229078.308,178.308,0.95,15.0,0.94,15.0,0.98,8.95,0.99,100.0,0.02,8.95,0.01,100.0,0.05,15.0,0.06,15.0,0.03,0.03,43.84856,1776229077000
1776229079.337,179.337,0.95,15.0,0.94,15.0,0.98,8.95,0.99,100.0,0.02,8.95,0.01,100.0,0.05,15.0,0.06,15.0,0.03,0.03,43.84879,1776229078000
1776229080.892,180.892,0.95,15.0,0.94,15.0,0.98,8.95,0.99,100.0,0.02,8.95,0.01,100.0,0.05,15.0,0.06,15.0,0.03,0.03,43.84824,1776229079000
1776229081.707,181.707,0.95,15.0,0.94,15.0,0.98,8.95,0.99,100.0,0.02,8.95,0.01,100.0,0.05,15.0,0.06,15.0,0.03,0.03,43.848369,1776229080000
1776229082.506,182.506,0.95,15.0,0.94,15.0,0.98,8.95,0.99,100.0,0.02,8.95,0.01,100.0,0.05,15.0,0.06,15.0,0.03,0.03,43.848574,1776229081000
1776229083.215,183.215,0.95,15.0,0.94,15.0,0.98,8.95,0.99,100.0,0.02,8.95,0.01,100.0,0.05,15.0,0.06,15.0,0.03,0.03,43.850285,1776229082000
1776229084.66,184.66,0.95,15.0,0.94,15.0,0.98,8.95,0.99,100.0,0.02,8.95,0.01,100.0,0.05,15.0,0.06,15.0,0.03,0.03,43.850294,1776229083000
1776229085.269,185.269,0.95,15.0,0.94,15.0,0.98,8.95,0.99,100.0,0.02,8.95,0.01,100.0,0.05,15.0,0.06,15.0,0.03,0.03,43.850323,1776229084000
1776229086.069,186.069,0.95,15.0,0.94,15.0,0.98,8.95,0.99,100.0,0.02,8.95,0.01,100.0,0.05,15.0,0.06,15.0,0.03,0.03,43.85055,1776229085000
1776229087.565,187.565,0.95,15.0,0.94,15.0,0.98,8.95,0.99,100.0,0.02,8.95,0.01,100.0,0.05,15.0,0.06,15.0,0.03,0.03,43.85054,1776229086000
1776229088.265,188.265,0.95,15.0,0.94,15.0,0.98,8.95,0.99,100.0,0.02,8.95,0.01,100.0,0.05,15.0,0.06,15.0,0.03,0.03,43.850091,1776229087000
1776229089.527,189.527,0.95,15.0,0.94,15.0,0.98,8.95,0.99,100.0,0.02,8.95,0.01,100.0,0.05,15.0,0.06,15.0,0.03,0.03,43.850091,1776229088000
1776229090.253,190.253,0.95,15.0,0.94,15.0,0.98,8.95,0.99,100.0,0.02,8.95,0.01,100.0,0.05,15.0,0.06,15.0,0.03,0.03,43.850343,1776229089000
1776229091.563,191.563,0.95,15.0,0.94,15.0,0.98,8.95,0.99,100.0,0.02,8.95,0.01,100.0,0.05,15.0,0.06,15.0,0.03,0.03,43.850532,1776229090000
1776229092.309,192.309,0.95,15.0,0.94,15.0,0.98,8.95,0.99,100.0,0.02,8.95,0.01,100.0,0.05,15.0,0.06,15.0,0.03,0.03,43.85045,1776229091000
1776229093.019,193.019,0.95,15.0,0.94,15.0,0.98,8.95,0.99,100.0,0.02,8.95,0.01,100.0,0.05,15.0,0.06,15.0,0.03,0.03,43.850368,1776229092000
1776229094.438,194.438,0.95,15.0,0.94,15.0,0.98,8.95,0.99,100.0,0.02,8.95,0.01,100.0,0.05,15.0,0.06,15.0,0.03,0.03,43.850142,1776229093000
1776229095.179,195.179,0.95,15.0,0.94,15.0,0.98,8.95,0.99,100.0,0.02,8.95,0.01,100.0,0.05,15.0,0.06,15.0,0.03,0.03,43.849964,1776229094000
1776229096.527,196.527,0.95,15.0,0.94,15.0,0.98,8.95,0.99,100.0,0.02,8.95,0.01,100.0,0.05,15.0,0.06,15.0,0.03,0.03,43.849966,1776229095000
1776229097.278,197.278,0.95,15.0,0.94,15.0,0.98,8.95,0.99,100.0,0.02,8.95,0.01,100.0,0.05,15.0,0.06,15.0,0.03,0.03,43.850007,1776229096000
1776229098.942,198.942,0.95,15.0,0.94,15.0,0.98,8.95,0.99,100.0,0.02,8.95,0.01,100.0,0.05,15.0,0.06,15.0,0.03,0.03,43.850065,1776229098000
1776229100.068,200.068,0.95,15.0,0.94,15.0,0.98,8.95,0.99,100.0,0.02,8.95,0.01,100.0,0.05,15.0,0.06,15.0,0.03,0.03,43.84998,1776229099000
1776229101.107,201.107,0.95,15.0,0.94,15.0,0.98,8.95,0.99,100.0,0.02,8.95,0.01,100.0,0.05,15.0,0.06,15.0,0.03,0.03,43.849752,1776229100000
1776229102.29,202.29,0.95,15.0,0.94,15.0,0.98,8.95,0.99,100.0,0.02,8.95,0.01,100.0,0.05,15.0,0.06,15.0,0.03,0.03,43.849752,1776229101000
1776229103.388,203.388,0.95,15.0,0.94,15.0,0.98,8.95,0.99,100.0,0.02,8.95,0.01,100.0,0.05,15.0,0.06,15.0,0.03,0.03,43.848294,1776229102000
1776229104.337,204.337,0.95,15.0,0.94,15.0,0.98,8.95,0.99,100.0,0.02,8.95,0.01,100.0,0.05,15.0,0.06,15.0,0.03,0.03,43.84625,1776229103000
1776229105.038,205.038,0.95,15.0,0.94,15.0,0.98,8.95,0.99,100.0,0.02,8.95,0.01,100.0,0.05,15.0,0.06,15.0,0.03,0.03,43.842167,1776229104000
1776229106.107,206.107,0.95,15.0,0.94,15.0,0.98,8.95,0.99,100.0,0.02,8.95,0.01,100.0,0.05,15.0,0.06,15.0,0.03,0.03,43.842167,1776229105000
1776229107.202,207.202,0.95,15.0,0.94,15.0,0.98,8.95,0.99,100.0,0.02,8.95,0.01,100.0,0.05,15.0,0.06,15.0,0.03,0.03,43.842054,1776229106000
1776229108.333,208.333,0.95,15.0,0.94,15.0,0.98,8.95,0.99,100.0,0.02,8.95,0.01,100.0,0.05,15.0,0.06,15.0,0.03,0.03,43.841418,1776229107000
1776229109.296,209.296,0.95,15.0,0.94,15.0,0.98,8.95,0.99,100.0,0.02,8.95,0.01,100.0,0.05,15.0,0.06,15.0,0.03,0.03,43.841355,1776229108000
1776229110.312,210.312,0.95,15.0,0.94,15.0,0.98,8.95,0.99,100.0,0.02,8.95,0.01,100.0,0.05,15.0,0.06,15.0,0.03,0.03,43.84107,1776229109000
1776229110.986,210.986,0.95,15.0,0.94,15.0,0.98,8.95,0.99,100.0,0.02,8.95,0.01,100.0,0.05,15.0,0.06,15.0,0.03,0.03,43.835187,1776229110000
1776229112.071,212.071,0.95,15.0,0.94,15.0,0.98,8.95,0.99,100.0,0.02,8.95,0.01,100.0,0.05,15.0,0.06,15.0,0.03,0.03,43.833831,1776229111000
1776229113.135,213.135,0.95,15.0,0.94,15.0,0.98,8.95,0.99,100.0,0.02,8.95,0.01,100.0,0.05,15.0,0.06,15.0,0.03,0.03,43.833489,1776229112000
1776229114.048,214.048,0.95,15.0,0.94,15.0,0.98,8.95,0.99,100.0,0.02,8.95,0.01,100.0,0.05,15.0,0.06,15.0,0.03,0.03,43.833661,1776229113000
1776229115.09,215.09,0.95,15.0,0.94,15.0,0.98,8.95,0.99,100.0,0.02,8.95,0.01,100.0,0.05,15.0,0.06,15.0,0.03,0.03,43.833568,1776229114000
1776229116.101,216.101,0.95,15.0,0.94,15.0,0.98,8.95,0.99,100.0,0.02,8.95,0.01,100.0,0.05,15.0,0.06,15.0,0.03,0.03,43.833855,1776229115000
1776229117.052,217.052,0.95,15.0,0.94,15.0,0.98,8.95,0.99,100.0,0.02,8.95,0.01,100.0,0.05,15.0,0.06,15.0,0.03,0.03,43.833648,1776229116000
1776229117.988,217.988,0.95,15.0,0.94,15.0,0.98,8.95,0.99,100.0,0.02,8.95,0.01,100.0,0.05,15.0,0.06,15.0,0.03,0.03,43.833343,1776229117000
1776229118.96,218.96,0.95,15.0,0.94,15.0,0.98,8.95,0.99,100.0,0.02,8.95,0.01,100.0,0.05,15.0,0.06,15.0,0.03,0.03,43.833455,1776229118000
1776229120.057,220.057,0.95,15.0,0.94,15.0,0.98,8.95,0.99,100.0,0.02,8.95,0.01,100.0,0.05,15.0,0.06,15.0,0.03,0.03,43.833842,1776229119000
1776229121.123,221.123,0.95,15.0,0.94,15.0,0.98,8.95,0.99,100.0,0.02,8.95,0.01,100.0,0.05,15.0,0.06,15.0,0.03,0.03,43.83368,1776229120000
1776229122.244,222.244,0.95,15.0,0.94,15.0,0.98,8.95,0.99,100.0,0.02,8.95,0.01,100.0,0.05,15.0,0.06,15.0,0.03,0.03,43.833346,1776229121000
1776229123.21,223.21,0.95,15.0,0.94,15.0,0.98,8.95,0.99,100.0,0.02,8.95,0.01,100.0,0.05,15.0,0.06,15.0,0.03,0.03,43.833346,1776229122000
1776229124.182,224.182,0.95,15.0,0.94,15.0,0.98,8.95,0.99,100.0,0.02,8.95,0.01,100.0,0.05,15.0,0.06,15.0,0.03,0.03,43.833182,1776229123000
1776229125.186,225.186,0.95,15.0,0.94,15.0,0.98,8.95,0.99,100.0,0.02,8.95,0.01,100.0,0.05,15.0,0.06,15.0,0.03,0.03,43.833182,1776229124000
1776229126.233,226.233,0.95,15.0,0.94,15.0,0.98,8.95,0.99,100.0,0.02,8.95,0.01,100.0,0.05,15.0,0.06,15.0,0.03,0.03,43.833287,1776229125000
1776229127.096,227.096,0.95,15.0,0.94,15.0,0.98,8.95,0.99,100.0,0.02,8.95,0.01,100.0,0.05,15.0,0.06,15.0,0.03,0.03,43.832946,1776229126000
1776229127.456,227.456,0.97,15.0,0.96,15.0,0.99,95.0,,,0.02,8.95,0.01,100.0,0.05,15.0,0.06,15.0,0.02,0.03,43.832946,1776229126000
1776229128.126,228.126,0.97,15.0,0.96,15.0,0.99,95.0,,,0.01,95.0,,,0.03,15.0,0.04,15.0,0.02,0.02,43.832455,1776229127000
1776229129.065,229.065,0.97,15.0,0.96,15.0,0.99,95.0,,,0.01,95.0,,,0.03,15.0,0.04,15.0,0.02,0.02,43.833024,1776229128000
1776229130.099,230.099,0.97,15.0,0.96,15.0,0.99,95.0,,,0.01,95.0,,,0.03,15.0,0.04,15.0,0.02,0.02,43.833407,1776229129000
1776229131.062,231.062,0.97,15.0,0.96,15.0,0.99,95.0,,,0.01,95.0,,,0.03,15.0,0.04,15.0,0.02,0.02,43.833351,1776229130000
1776229132.03,232.03,0.97,15.0,0.96,15.0,0.99,95.0,,,0.01,95.0,,,0.03,15.0,0.04,15.0,0.02,0.02,43.833688,1776229131000
1776229133.026,233.026,0.97,15.0,0.96,15.0,0.99,95.0,,,0.01,95.0,,,0.03,15.0,0.04,15.0,0.02,0.02,43.833697,1776229132000
1776229133.4,233.4,0.98,15.0,0.97,15.0,0.99,50.0,,,0.01,95.0,,,0.03,15.0,0.04,15.0,0.01,0.02,43.833697,1776229132000
1776229133.959,233.959,0.98,15.0,0.97,15.0,0.99,50.0,,,0.01,50.0,,,0.02,15.0,0.03,15.0,0.01,0.01,43.833603,1776229133000
1776229134.924,234.924,0.98,15.0,0.97,15.0,0.99,50.0,,,0.01,50.0,,,0.02,15.0,0.03,15.0,0.01,0.01,43.841981,1776229134000
1776229135.925,235.925,0.98,15.0,0.97,15.0,0.99,50.0,,,0.01,50.0,,,0.02,15.0,0.03,15.0,0.01,0.01,43.849023,1776229135000
1776229136.871,236.871,0.98,15.0,0.97,15.0,0.99,50.0,,,0.01,50.0,,,0.02,15.0,0.03,15.0,0.01,0.01,43.850157,1776229136000
1776229137.786,237.786,0.98,15.0,0.97,15.0,0.99,50.0,,,0.01,50.0,,,0.02,15.0,0.03,15.0,0.01,0.01,43.863247,1776229137000
1776229139.026,239.026,0.98,15.0,0.97,15.0,0.99,30.0,,,0.01,50.0,,,0.02,15.0,0.03,15.0,0.01,0.01,43.863247,1776229137000
1776229139.396,239.396,0.98,15.0,0.97,15.0,0.99,30.0,,,0.01,30.0,,,0.02,15.0,0.03,15.0,0.01,0.01,43.865077,1776229138000
1776229139.982,239.982,0.98,15.0,0.97,15.0,0.99,19.9,,,0.01,19.9,,,0.02,15.0,0.03,15.0,0.01,0.01,43.865077,1776229139000
1776229140.811,240.811,0.98,15.0,0.97,15.0,0.99,9.9,,,0.01,19.9,,,0.02,15.0,0.03,15.0,0.01,0.01,43.865077,1776229139000
1776229141.767,241.767,0.99,10.1,0.98,15.0,,,,,0.01,9.9,,,0.02,15.0,0.03,15.0,,0.01,43.865254,1776229140000
1776229142.026,242.026,0.99,10.1,0.98,15.0,,,,,,,,,0.01,10.1,0.02,15.0,,,43.865031,1776229141000
1776229142.837,242.837,0.99,29.89,0.98,15.0,,,,,,,,,0.01,10.1,0.02,15.0,,,43.865031,1776229141000
1776229143.059,243.059,0.99,29.89,0.98,15.0,,,,,,,,,0.01,29.89,0.02,15.0,,,43.865028,1776229142000
1776229144.053,244.053,0.99,29.89,0.98,15.0,,,,,,,,,0.01,29.89,0.02,15.0,,,43.865028,1776229143000
1776229145.082,245.082,0.99,29.89,0.98,15.0,,,,,,,,,0.01,29.89,0.02,15.0,,,43.864893,1776229144000
1776229146.128,246.128,0.99,29.89,0.98,15.0,,,,,,,,,0.01,29.89,0.02,15.0,,,43.865126,1776229145000
1776229147.109,247.109,0.99,29.89,0.98,15.0,,,,,,,,,0.01,29.89,0.02,15.0,,,43.864168,1776229146000
1776229148.11,248.11,0.99,29.89,0.98,15.0,,,,,,,,,0.01,29.89,0.02,15.0,,,43.864005,1776229147000
1776229149.081,249.081,0.99,29.89,0.98,15.0,,,,,,,,,0.01,29.89,0.02,15.0,,,43.862873,1776229148000
1776229150.066,250.066,0.99,29.89,0.98,15.0,,,,,,,,,0.01,29.89,0.02,15.0,,,43.861783,1776229149000
1776229151.131,251.131,0.99,29.89,0.98,15.0,,,,,,,,,0.01,29.89,0.02,15.0,,,43.860778,1776229150000
1776229152.135,252.135,0.99,29.89,0.98,15.0,,,,,,,,,0.01,29.89,0.02,15.0,,,43.860944,1776229151000
1776229153.155,253.155,0.99,29.89,0.98,15.0,,,,,,,,,0.01,29.89,0.02,15.0,,,43.861047,1776229152000
1776229154.122,254.122,0.99,29.89,0.98,15.0,,,,,,,,,0.01,29.89,0.02,15.0,,,43.860978,1776229153000
1776229155.04,255.04,0.99,29.89,0.98,15.0,,,,,,,,,0.01,29.89,0.02,15.0,,,43.860978,1776229154000
1776229156.098,256.098,0.99,29.89,0.98,15.0,,,,,,,,,0.01,29.89,0.02,15.0,,,43.859029,1776229155000
1776229157.043,257.043,0.99,29.89,0.98,15.0,,,,,,,,,0.01,29.89,0.02,15.0,,,43.860069,1776229156000
1776229158.154,258.154,0.99,29.89,0.98,15.0,,,,,,,,,0.01,29.89,0.02,15.0,,,43.860138,1776229157000
1776229159.278,259.278,0.99,29.89,0.98,15.0,,,,,,,,,0.01,29.89,0.02,15.0,,,43.860729,1776229158000
1776229160.133,260.133,0.99,29.89,0.98,15.0,,,,,,,,,0.01,29.89,0.02,15.0,,,43.861012,1776229159000
1776229161.072,261.072,0.99,29.89,0.98,15.0,,,,,,,,,0.01,29.89,0.02,15.0,,,43.861001,1776229160000
1776229162.003,262.003,0.99,29.89,0.98,15.0,,,,,,,,,0.01,29.89,0.02,15.0,,,43.861497,1776229161000
1776229163.045,263.045,0.99,29.89,0.98,15.0,,,,,,,,,0.01,29.89,0.02,15.0,,,43.861497,1776229162000
1776229164.009,264.009,0.99,29.89,0.98,15.0,,,,,,,,,0.01,29.89,0.02,15.0,,,43.861317,1776229163000
1776229165.034,265.034,0.99,29.89,0.98,15.0,,,,,,,,,0.01,29.89,0.02,15.0,,,43.861317,1776229164000
1776229166.179,266.179,0.99,29.89,0.98,15.0,,,,,,,,,0.01,29.89,0.02,15.0,,,43.861434,1776229165000
1776229166.894,266.894,0.99,29.89,0.98,15.0,,,,,,,,,0.01,29.89,0.02,15.0,,,43.861398,1776229166000
1776229167.889,267.889,0.99,29.89,0.98,15.0,,,,,,,,,0.01,29.89,0.02,15.0,,,43.861363,1776229167000
1776229168.831,268.831,0.99,29.89,0.98,15.0,,,,,,,,,0.01,29.89,0.02,15.0,,,43.861497,1776229168000
1776229169.847,269.847,0.99,29.89,0.98,15.0,,,,,,,,,0.01,29.89,0.02,15.0,,,43.861476,1776229169000
1776229170.79,270.79,0.99,29.89,0.98,15.0,,,,,,,,,0.01,29.89,0.02,15.0,,,43.861571,1776229170000
1776229171.839,271.839,0.99,29.89,0.98,15.0,,,,,,,,,0.01,29.89,0.02,15.0,,,43.861661,1776229171000
1776229172.815,272.815,0.99,29.89,0.98,15.0,,,,,,,,,0.01,29.89,0.02,15.0,,,43.861661,1776229172000
1776229173.88,273.88,0.99,29.89,0.98,15.0,,,,,,,,,0.01,29.89,0.02,15.0,,,43.861661,1776229173000
1776229174.861,274.861,0.99,29.89,0.98,15.0,,,,,,,,,0.01,29.89,0.02,15.0,,,43.861786,1776229174000
1776229175.865,275.865,0.99,29.89,0.98,15.0,,,,,,,,,0.01,29.89,0.02,15.0,,,43.861886,1776229175000
1776229176.832,276.832,0.99,29.89,0.98,15.0,,,,,,,,,0.01,29.89,0.02,15.0,,,43.861886,1776229176000
1776229178.468,278.468,0.99,29.89,0.98,15.0,,,,,,,,,0.01,29.89,0.02,15.0,,,43.861886,1776229177000
1776229179.0,279.0,0.99,29.89,0.98,15.0,,,,,,,,,0.01,29.89,0.02,15.0,,,43.86185,1776229178000
1776229180.111,280.111,0.99,29.89,0.98,15.0,,,,,,,,,0.01,29.89,0.02,15.0,,,43.86185,1776229179000
1776229181.155,281.155,0.99,29.89,0.98,15.0,,,,,,,,,0.01,29.89,0.02,15.0,,,43.86185,1776229180000
1776229182.117,282.117,0.99,29.89,0.98,15.0,,,,,,,,,0.01,29.89,0.02,15.0,,,43.86185,1776229181000
1776229183.105,283.105,0.99,29.89,0.98,15.0,,,,,,,,,0.01,29.89,0.02,15.0,,,43.862764,1776229182000
1776229184.32,284.32,0.99,29.89,0.98,15.0,,,,,,,,,0.01,29.89,0.02,15.0,,,43.862859,1776229183000
1776229185.31,285.31,0.99,29.89,0.98,15.0,,,,,,,,,0.01,29.89,0.02,15.0,,,43.862859,1776229184000
1776229185.915,285.915,0.99,29.89,0.98,15.0,,,,,,,,,0.01,29.89,0.02,15.0,,,43.86286,1776229185000
1776229186.96,286.96,0.99,29.89,0.98,15.0,,,,,,,,,0.01,29.89,0.02,15.0,,,43.86286,1776229186000
1776229187.96,287.96,0.99,29.89,0.98,15.0,,,,,,,,,0.01,29.89,0.02,15.0,,,43.862765,1776229187000
1776229189.027,289.027,0.99,29.89,0.98,15.0,,,,,,,,,0.01,29.89,0.02,15.0,,,43.863177,1776229188000
1776229190.077,290.077,0.99,29.89,0.98,15.0,,,,,,,,,0.01,29.89,0.02,15.0,,,43.863188,1776229189000
1776229191.473,291.473,0.99,29.89,0.98,15.0,,,,,,,,,0.01,29.89,0.02,15.0,,,43.863194,1776229190000
1776229191.977,291.977,0.99,29.89,0.98,15.0,,,,,,,,,0.01,29.89,0.02,15.0,,,43.863194,1776229191000
1776229192.916,292.916,0.99,29.89,0.98,15.0,,,,,,,,,0.01,29.89,0.02,15.0,,,43.863194,1776229192000
1776229193.943,293.943,0.99,29.89,0.98,15.0,,,,,,,,,0.01,29.89,0.02,15.0,,,43.863194,1776229193000
1776229194.996,294.996,0.99,29.89,0.98,15.0,,,,,,,,,0.01,29.89,0.02,15.0,,,43.863839,1776229194000
1776229195.94,295.94,0.99,29.89,0.98,15.0,,,,,,,,,0.01,29.89,0.02,15.0,,,43.863953,1776229195000
1776229197.228,297.228,0.99,29.89,0.98,15.0,,,,,,,,,0.01,29.89,0.02,15.0,,,43.86327,1776229196000
1776229198.322,298.322,0.99,29.89,0.98,15.0,,,,,,,,,0.01,29.89,0.02,15.0,,,43.86327,1776229197000
1776229199.262,299.262,0.99,29.89,0.98,15.0,,,,,,,,,0.01,29.89,0.02,15.0,,,43.86327,1776229198000
1776229200.313,300.313,0.99,2783.51,0.89,10.0,,,,,,,,,0.01,2783.51,0.11,10.0,,,43.86327,1776229199000

# RESULT,winner=Up,slug=hype-updown-5m-1776228900,ticks=300
