timestamp,elapsed_sec,up_bid_p1,up_bid_s1,up_bid_p2,up_bid_s2,up_ask_p1,up_ask_s1,up_ask_p2,up_ask_s2,down_bid_p1,down_bid_s1,down_bid_p2,down_bid_s2,down_ask_p1,down_ask_s1,down_ask_p2,down_ask_s2,up_spread,down_spread,hype_price,hype_oracle_ts
1776219601.453,1.453,,,,,,,,,,,,,,,,,,,44.47409,1776219600000
1776219601.94,1.94,0.11,100.0,0.08,50.0,0.5,10.0,0.89,100.0,0.5,10.0,0.11,100.0,0.89,100.0,0.92,50.0,0.39,0.39,44.47409,1776219600000
1776219602.182,2.182,0.11,100.0,0.08,50.0,0.5,10.0,0.89,100.0,0.5,10.0,0.11,100.0,0.89,100.0,0.92,50.0,0.39,0.39,44.478743,1776219601000
1776219603.509,3.509,0.11,100.0,0.08,50.0,0.5,10.0,0.89,100.0,0.5,10.0,0.11,100.0,0.89,100.0,0.92,50.0,0.39,0.39,44.480916,1776219602000
1776219604.267,4.267,0.11,100.0,0.08,50.0,0.5,10.0,0.89,100.0,0.5,10.0,0.11,100.0,0.89,100.0,0.92,50.0,0.39,0.39,44.480319,1776219603000
1776219604.704,4.704,0.11,277.0,0.08,50.0,0.71,10.0,0.89,100.0,0.5,10.0,0.11,100.0,0.89,100.0,0.92,50.0,0.6,0.39,44.480319,1776219603000
1776219605.785,5.785,0.11,277.0,0.08,50.0,0.71,10.0,0.89,100.0,0.29,10.0,0.11,100.0,0.89,277.0,0.92,50.0,0.6,0.6,44.481066,1776219604000
1776219606.491,6.491,0.11,277.0,0.08,50.0,0.71,10.0,0.89,100.0,0.29,10.0,0.11,100.0,0.89,277.0,0.92,50.0,0.6,0.6,44.483845,1776219605000
1776219607.097,7.097,0.11,277.0,0.08,50.0,0.71,10.0,0.89,100.0,0.29,10.0,0.11,100.0,0.89,277.0,0.92,50.0,0.6,0.6,44.48404,1776219606000
1776219608.637,8.637,0.11,277.0,0.08,50.0,0.71,10.0,0.89,100.0,0.29,10.0,0.11,100.0,0.89,277.0,0.92,50.0,0.6,0.6,44.484712,1776219607000
1776219609.288,9.288,0.11,277.0,0.08,50.0,0.71,10.0,0.89,100.0,0.29,10.0,0.11,100.0,0.89,277.0,0.92,50.0,0.6,0.6,44.48743,1776219608000
1776219610.125,10.125,0.11,277.0,0.08,50.0,0.71,10.0,0.89,100.0,0.29,10.0,0.11,100.0,0.89,277.0,0.92,50.0,0.6,0.6,44.489503,1776219609000
1776219611.436,11.436,0.11,277.0,0.08,50.0,0.71,10.0,0.89,100.0,0.29,10.0,0.11,100.0,0.89,277.0,0.92,50.0,0.6,0.6,44.489489,1776219610000
1776219612.358,12.358,0.11,277.0,0.08,50.0,0.71,10.0,0.89,100.0,0.29,10.0,0.11,100.0,0.89,277.0,0.92,50.0,0.6,0.6,44.491142,1776219611000
1776219612.969,12.969,0.11,277.0,0.08,50.0,0.71,10.0,0.89,100.0,0.29,10.0,0.11,100.0,0.89,277.0,0.92,50.0,0.6,0.6,44.49556,1776219612000
1776219615.665,15.665,0.11,277.0,0.08,50.0,0.71,10.0,0.89,100.0,0.29,10.0,0.11,100.0,0.89,277.0,0.92,50.0,0.6,0.6,44.501394,1776219614000
1776219616.192,16.192,0.11,277.0,0.08,50.0,0.71,10.0,0.89,100.0,0.29,10.0,0.11,100.0,0.89,277.0,0.92,50.0,0.6,0.6,44.500322,1776219615000
1776219617.3,17.3,0.11,277.0,0.08,50.0,0.71,10.0,0.89,100.0,0.29,10.0,0.11,100.0,0.89,277.0,0.92,50.0,0.6,0.6,44.499714,1776219616000
1776219618.313,18.313,0.11,277.0,0.08,50.0,0.71,10.0,0.89,100.0,0.29,10.0,0.11,100.0,0.89,277.0,0.92,50.0,0.6,0.6,44.497451,1776219617000
1776219619.303,19.303,0.11,277.0,0.08,50.0,0.71,10.0,0.89,100.0,0.29,10.0,0.11,100.0,0.89,277.0,0.92,50.0,0.6,0.6,44.496919,1776219618000
1776219620.21,20.21,0.11,277.0,0.08,50.0,0.71,10.0,0.89,100.0,0.29,10.0,0.11,100.0,0.89,277.0,0.92,50.0,0.6,0.6,44.495972,1776219619000
1776219621.154,21.154,0.11,277.0,0.08,50.0,0.71,10.0,0.89,100.0,0.29,10.0,0.11,100.0,0.89,277.0,0.92,50.0,0.6,0.6,44.489001,1776219620000
1776219622.195,22.195,0.11,277.0,0.08,50.0,0.71,10.0,0.89,100.0,0.29,10.0,0.11,100.0,0.89,277.0,0.92,50.0,0.6,0.6,44.486938,1776219621000
1776219623.164,23.164,0.11,277.0,0.08,50.0,0.71,10.0,0.89,100.0,0.29,10.0,0.11,100.0,0.89,277.0,0.92,50.0,0.6,0.6,44.488107,1776219622000
1776219624.233,24.233,0.11,277.0,0.08,50.0,0.71,10.0,0.89,100.0,0.29,10.0,0.11,100.0,0.89,277.0,0.92,50.0,0.6,0.6,44.490796,1776219623000
1776219625.236,25.236,0.11,277.0,0.08,50.0,0.71,10.0,0.89,100.0,0.29,10.0,0.11,100.0,0.89,277.0,0.92,50.0,0.6,0.6,44.489822,1776219624000
1776219626.22,26.22,0.11,277.0,0.08,50.0,0.71,10.0,0.89,100.0,0.29,10.0,0.11,100.0,0.89,277.0,0.92,50.0,0.6,0.6,44.490332,1776219625000
1776219627.111,27.111,0.11,277.0,0.08,50.0,0.71,10.0,0.89,100.0,0.29,10.0,0.11,100.0,0.89,277.0,0.92,50.0,0.6,0.6,44.490225,1776219626000
1776219628.656,28.656,0.11,277.0,0.08,50.0,0.71,10.0,0.89,100.0,0.29,10.0,0.11,100.0,0.89,277.0,0.92,50.0,0.6,0.6,44.489874,1776219627000
1776219629.168,29.168,0.11,277.0,0.08,50.0,0.71,10.0,0.89,100.0,0.29,10.0,0.11,100.0,0.89,277.0,0.92,50.0,0.6,0.6,44.489779,1776219628000
1776219630.394,30.394,0.11,277.0,0.08,50.0,0.71,10.0,0.89,100.0,0.29,10.0,0.11,100.0,0.89,277.0,0.92,50.0,0.6,0.6,44.490165,1776219629000
1776219630.958,30.958,0.11,277.0,0.08,50.0,0.71,10.0,0.89,100.0,0.29,10.0,0.11,100.0,0.89,277.0,0.92,50.0,0.6,0.6,44.490677,1776219630000
1776219632.111,32.111,0.11,277.0,0.08,50.0,0.71,10.0,0.89,100.0,0.29,10.0,0.11,100.0,0.89,277.0,0.92,50.0,0.6,0.6,44.494996,1776219631000
1776219633.219,33.219,0.11,277.0,0.08,50.0,0.71,10.0,0.89,100.0,0.29,10.0,0.11,100.0,0.89,277.0,0.92,50.0,0.6,0.6,44.494782,1776219632000
1776219634.279,34.279,0.11,277.0,0.08,50.0,0.71,10.0,0.89,100.0,0.29,10.0,0.11,100.0,0.89,277.0,0.92,50.0,0.6,0.6,44.494779,1776219633000
1776219635.269,35.269,0.11,277.0,0.08,50.0,0.71,10.0,0.89,100.0,0.29,10.0,0.11,100.0,0.89,277.0,0.92,50.0,0.6,0.6,44.494817,1776219634000
1776219636.43,36.43,0.11,277.0,0.08,50.0,0.71,10.0,0.89,100.0,0.29,10.0,0.11,100.0,0.89,277.0,0.92,50.0,0.6,0.6,44.504511,1776219635000
1776219637.016,37.016,0.11,277.0,0.08,50.0,0.71,10.0,0.89,100.0,0.29,10.0,0.11,100.0,0.89,277.0,0.92,50.0,0.6,0.6,44.505432,1776219636000
1776219638.111,38.111,0.11,277.0,0.08,50.0,0.71,10.0,0.89,100.0,0.29,10.0,0.11,100.0,0.89,277.0,0.92,50.0,0.6,0.6,44.503537,1776219637000
1776219639.23,39.23,0.11,277.0,0.08,50.0,0.71,10.0,0.89,100.0,0.29,10.0,0.11,100.0,0.89,277.0,0.92,50.0,0.6,0.6,44.508673,1776219638000
1776219640.334,40.334,0.11,277.0,0.08,50.0,0.71,10.0,0.89,100.0,0.29,10.0,0.11,100.0,0.89,277.0,0.92,50.0,0.6,0.6,44.511283,1776219639000
1776219641.374,41.374,0.11,277.0,0.08,50.0,0.71,10.0,0.89,100.0,0.29,10.0,0.11,100.0,0.89,277.0,0.92,50.0,0.6,0.6,44.512817,1776219640000
1776219641.979,41.979,0.11,277.0,0.08,50.0,0.71,10.0,0.89,100.0,0.29,10.0,0.11,100.0,0.89,277.0,0.92,50.0,0.6,0.6,44.512817,1776219641000
1776219643.189,43.189,0.11,277.0,0.08,50.0,0.71,10.0,0.89,100.0,0.29,10.0,0.11,100.0,0.89,277.0,0.92,50.0,0.6,0.6,44.51243,1776219642000
1776219645.432,45.432,0.11,277.0,0.08,50.0,0.71,10.0,0.89,100.0,0.29,10.0,0.11,100.0,0.89,277.0,0.92,50.0,0.6,0.6,44.511304,1776219644000
1776219646.059,46.059,0.11,277.0,0.08,50.0,0.71,10.0,0.89,100.0,0.29,10.0,0.11,100.0,0.89,277.0,0.92,50.0,0.6,0.6,44.51151,1776219645000
1776219647.281,47.281,0.11,277.0,0.08,50.0,0.71,10.0,0.89,100.0,0.29,10.0,0.11,100.0,0.89,277.0,0.92,50.0,0.6,0.6,44.513669,1776219646000
1776219648.687,48.687,0.11,277.0,0.08,50.0,0.71,10.0,0.89,100.0,0.29,10.0,0.11,100.0,0.89,277.0,0.92,50.0,0.6,0.6,44.513737,1776219647000
1776219649.397,49.397,0.11,277.0,0.08,50.0,0.71,10.0,0.89,100.0,0.29,10.0,0.11,100.0,0.89,277.0,0.92,50.0,0.6,0.6,44.512935,1776219648000
1776219650.634,50.634,0.11,277.0,0.08,50.0,0.71,10.0,0.89,100.0,0.29,10.0,0.11,100.0,0.89,277.0,0.92,50.0,0.6,0.6,44.513262,1776219649000
1776219651.482,51.482,0.11,277.0,0.08,50.0,0.71,10.0,0.89,100.0,0.29,10.0,0.11,100.0,0.89,277.0,0.92,50.0,0.6,0.6,44.513528,1776219650000
1776219652.102,52.102,0.11,277.0,0.08,50.0,0.71,10.0,0.89,100.0,0.29,10.0,0.11,100.0,0.89,277.0,0.92,50.0,0.6,0.6,44.513528,1776219651000
1776219653.454,53.454,0.11,277.0,0.08,50.0,0.71,10.0,0.89,100.0,0.29,10.0,0.11,100.0,0.89,277.0,0.92,50.0,0.6,0.6,44.512831,1776219652000
1776219654.107,54.107,0.11,277.0,0.08,50.0,0.71,10.0,0.89,100.0,0.29,10.0,0.11,100.0,0.89,277.0,0.92,50.0,0.6,0.6,44.51295,1776219653000
1776219655.317,55.317,0.11,277.0,0.08,50.0,0.71,10.0,0.89,100.0,0.29,10.0,0.11,100.0,0.89,277.0,0.92,50.0,0.6,0.6,44.512591,1776219654000
1776219655.965,55.965,0.11,277.0,0.08,50.0,0.71,10.0,0.89,100.0,0.29,10.0,0.11,100.0,0.89,277.0,0.92,50.0,0.6,0.6,44.512591,1776219655000
1776219657.207,57.207,0.11,277.0,0.08,50.0,0.71,10.0,0.89,100.0,0.29,10.0,0.11,100.0,0.89,277.0,0.92,50.0,0.6,0.6,44.512524,1776219656000
1776219658.526,58.526,0.11,277.0,0.08,50.0,0.71,10.0,0.89,100.0,0.29,10.0,0.11,100.0,0.89,277.0,0.92,50.0,0.6,0.6,44.512635,1776219657000
1776219659.222,59.222,0.11,277.0,0.08,50.0,0.71,10.0,0.89,100.0,0.29,10.0,0.11,100.0,0.89,277.0,0.92,50.0,0.6,0.6,44.511992,1776219658000
1776219660.649,60.649,0.11,277.0,0.08,50.0,0.71,10.0,0.89,100.0,0.29,10.0,0.11,100.0,0.89,277.0,0.92,50.0,0.6,0.6,44.512403,1776219659000
1776219661.265,61.265,0.11,277.0,0.08,50.0,0.71,10.0,0.89,100.0,0.29,10.0,0.11,100.0,0.89,277.0,0.92,50.0,0.6,0.6,44.512403,1776219660000
1776219662.365,62.365,0.11,277.0,0.08,50.0,0.71,10.0,0.89,100.0,0.29,10.0,0.11,100.0,0.89,277.0,0.92,50.0,0.6,0.6,44.512118,1776219661000
1776219662.939,62.939,0.11,277.0,0.08,50.0,0.71,10.0,0.89,100.0,0.29,10.0,0.11,100.0,0.89,277.0,0.92,50.0,0.6,0.6,44.507676,1776219662000
1776219664.119,64.119,0.11,277.0,0.08,50.0,0.71,10.0,0.89,100.0,0.29,10.0,0.11,100.0,0.89,277.0,0.92,50.0,0.6,0.6,44.50312,1776219663000
1776219665.313,65.313,0.11,277.0,0.08,50.0,0.71,10.0,0.89,100.0,0.29,10.0,0.11,100.0,0.89,277.0,0.92,50.0,0.6,0.6,44.498328,1776219664000
1776219665.649,65.649,0.39,11.72,0.38,15.0,0.59,10.0,0.6,15.0,0.29,10.0,0.11,100.0,0.89,277.0,0.92,50.0,0.2,0.6,44.498328,1776219664000
1776219666.471,66.471,0.39,11.72,0.38,15.0,0.59,10.0,0.6,15.0,0.41,10.0,0.4,15.0,0.61,11.72,0.62,15.0,0.2,0.2,44.487363,1776219665000
1776219667.106,67.106,0.39,11.72,0.38,15.0,0.59,10.0,0.6,15.0,0.41,10.0,0.4,15.0,0.61,11.72,0.62,15.0,0.2,0.2,44.481313,1776219666000
1776219668.259,68.259,0.39,11.72,0.38,15.0,0.59,10.0,0.6,15.0,0.41,10.0,0.4,15.0,0.61,11.72,0.62,15.0,0.2,0.2,44.479097,1776219667000
1776219668.975,68.975,0.39,11.72,0.38,15.0,0.59,10.0,0.6,15.0,0.41,10.0,0.4,15.0,0.61,11.72,0.62,15.0,0.2,0.2,44.473096,1776219668000
1776219670.082,70.082,0.39,11.72,0.38,15.0,0.59,10.0,0.6,15.0,0.41,10.0,0.4,15.0,0.61,11.72,0.62,15.0,0.2,0.2,44.472404,1776219669000
1776219671.174,71.174,0.39,11.72,0.38,15.0,0.59,10.0,0.6,15.0,0.41,10.0,0.4,15.0,0.61,11.72,0.62,15.0,0.2,0.2,44.47262,1776219670000
1776219672.303,72.303,0.39,11.72,0.38,15.0,0.59,10.0,0.6,15.0,0.41,10.0,0.4,15.0,0.61,11.72,0.62,15.0,0.2,0.2,44.48596,1776219671000
1776219673.35,73.35,0.39,11.72,0.38,15.0,0.59,10.0,0.6,15.0,0.41,10.0,0.4,15.0,0.61,11.72,0.62,15.0,0.2,0.2,44.487482,1776219672000
1776219673.929,73.929,0.39,11.72,0.38,15.0,0.59,10.0,0.6,15.0,0.41,10.0,0.4,15.0,0.61,11.72,0.62,15.0,0.2,0.2,44.488585,1776219673000
1776219675.487,75.487,0.39,11.72,0.38,15.0,0.59,10.0,0.6,15.0,0.41,10.0,0.4,15.0,0.61,11.72,0.62,15.0,0.2,0.2,44.490627,1776219674000
1776219676.092,76.092,0.39,11.72,0.38,15.0,0.59,10.0,0.6,15.0,0.41,10.0,0.4,15.0,0.61,11.72,0.62,15.0,0.2,0.2,44.491232,1776219675000
1776219677.24,77.24,0.39,11.72,0.38,15.0,0.59,10.0,0.6,15.0,0.41,10.0,0.4,15.0,0.61,11.72,0.62,15.0,0.2,0.2,44.491517,1776219676000
1776219678.238,78.238,0.39,11.72,0.38,15.0,0.59,10.0,0.6,15.0,0.41,10.0,0.4,15.0,0.61,11.72,0.62,15.0,0.2,0.2,44.487144,1776219677000
1776219679.309,79.309,0.39,11.72,0.38,15.0,0.59,10.0,0.6,15.0,0.41,10.0,0.4,15.0,0.61,11.72,0.62,15.0,0.2,0.2,44.476311,1776219678000
1776219679.887,79.887,0.39,11.72,0.38,15.0,0.59,10.0,0.6,15.0,0.41,10.0,0.4,15.0,0.61,11.72,0.62,15.0,0.2,0.2,44.474395,1776219679000
1776219681.026,81.026,0.39,11.72,0.38,15.0,0.59,10.0,0.6,15.0,0.41,10.0,0.4,15.0,0.61,11.72,0.62,15.0,0.2,0.2,44.473841,1776219680000
1776219682.11,82.11,0.39,11.72,0.38,15.0,0.59,10.0,0.6,15.0,0.41,10.0,0.4,15.0,0.61,11.72,0.62,15.0,0.2,0.2,44.471176,1776219681000
1776219683.187,83.187,0.39,11.72,0.38,15.0,0.59,10.0,0.6,15.0,0.41,10.0,0.4,15.0,0.61,11.72,0.62,15.0,0.2,0.2,44.47122,1776219682000
1776219684.374,84.374,0.39,11.72,0.38,15.0,0.59,10.0,0.6,15.0,0.41,10.0,0.4,15.0,0.61,11.72,0.62,15.0,0.2,0.2,44.472259,1776219683000
1776219684.945,84.945,0.39,11.72,0.38,15.0,0.59,10.0,0.6,15.0,0.41,10.0,0.4,15.0,0.61,11.72,0.62,15.0,0.2,0.2,44.471525,1776219684000
1776219686.212,86.212,0.39,11.72,0.38,15.0,0.59,10.0,0.6,15.0,0.41,10.0,0.4,15.0,0.61,11.72,0.62,15.0,0.2,0.2,44.46655,1776219685000
1776219687.141,87.141,0.39,11.72,0.38,15.0,0.59,10.0,0.6,15.0,0.41,10.0,0.4,15.0,0.61,11.72,0.62,15.0,0.2,0.2,44.466035,1776219686000
1776219688.256,88.256,0.39,11.72,0.38,15.0,0.59,10.0,0.6,15.0,0.41,10.0,0.4,15.0,0.61,11.72,0.62,15.0,0.2,0.2,44.464583,1776219687000
1776219689.749,89.749,0.39,11.72,0.38,15.0,0.59,10.0,0.6,15.0,0.41,10.0,0.4,15.0,0.61,11.72,0.62,15.0,0.2,0.2,44.464566,1776219688000
1776219690.197,90.197,0.39,11.72,0.38,15.0,0.59,10.0,0.6,15.0,0.41,10.0,0.4,15.0,0.61,11.72,0.62,15.0,0.2,0.2,44.463474,1776219689000
1776219691.244,91.244,0.39,11.72,0.38,15.0,0.59,10.0,0.6,15.0,0.41,10.0,0.4,15.0,0.61,11.72,0.62,15.0,0.2,0.2,44.46417,1776219690000
1776219692.325,92.325,0.39,11.72,0.38,15.0,0.59,10.0,0.6,15.0,0.41,10.0,0.4,15.0,0.61,11.72,0.62,15.0,0.2,0.2,44.464787,1776219691000
1776219693.351,93.351,0.39,11.72,0.38,15.0,0.59,10.0,0.6,15.0,0.41,10.0,0.4,15.0,0.61,11.72,0.62,15.0,0.2,0.2,44.464407,1776219692000
1776219693.938,93.938,0.39,11.72,0.38,15.0,0.59,10.0,0.6,15.0,0.41,10.0,0.4,15.0,0.61,11.72,0.62,15.0,0.2,0.2,44.464001,1776219693000
1776219694.95,94.95,0.39,11.72,0.38,15.0,0.59,10.0,0.6,15.0,0.41,10.0,0.4,15.0,0.61,11.72,0.62,15.0,0.2,0.2,44.46314,1776219694000
1776219695.162,95.162,0.38,15.0,0.37,15.0,0.44,1.97,0.48,10.0,0.41,10.0,0.4,15.0,0.61,11.72,0.62,15.0,0.06,0.2,44.46314,1776219694000
1776219695.934,95.934,0.38,15.0,0.37,15.0,0.44,1.97,0.48,10.0,0.56,1.97,0.52,10.0,0.62,15.0,0.63,15.0,0.06,0.06,44.461925,1776219695000
1776219696.994,96.994,0.38,15.0,0.37,15.0,0.44,1.97,0.48,10.0,0.56,1.97,0.52,10.0,0.62,15.0,0.63,15.0,0.06,0.06,44.465753,1776219696000
1776219697.983,97.983,0.38,15.0,0.37,15.0,0.44,1.97,0.48,10.0,0.56,1.97,0.52,10.0,0.62,15.0,0.63,15.0,0.06,0.06,44.467028,1776219697000
1776219698.956,98.956,0.38,15.0,0.37,15.0,0.44,1.97,0.48,10.0,0.56,1.97,0.52,10.0,0.62,15.0,0.63,15.0,0.06,0.06,44.468211,1776219698000
1776219699.891,99.891,0.38,15.0,0.37,15.0,0.44,1.97,0.48,10.0,0.56,1.97,0.52,10.0,0.62,15.0,0.63,15.0,0.06,0.06,44.466524,1776219699000
1776219700.49,100.49,0.38,19.32,0.37,43.0,0.44,1.97,0.49,15.0,0.56,1.97,0.52,10.0,0.62,15.0,0.63,15.0,0.06,0.06,44.466524,1776219699000
1776219700.943,100.943,0.38,19.32,0.37,43.0,0.44,1.97,0.49,15.0,0.56,1.97,0.51,15.0,0.62,19.32,0.63,43.0,0.06,0.06,44.465709,1776219700000
1776219701.268,101.268,0.4,15.0,0.39,15.0,0.49,10.93,0.53,10.0,0.56,1.97,0.51,15.0,0.62,19.32,0.63,43.0,0.09,0.06,44.465709,1776219700000
1776219701.89,101.89,0.4,15.0,0.39,15.0,0.49,10.93,0.53,10.0,0.51,10.93,0.47,10.0,0.6,15.0,0.61,15.0,0.09,0.09,44.469164,1776219701000
1776219703.133,103.133,0.4,15.0,0.39,15.0,0.49,10.93,0.53,10.0,0.51,10.93,0.47,10.0,0.6,15.0,0.61,15.0,0.09,0.09,44.470276,1776219702000
1776219704.335,104.335,0.4,15.0,0.39,15.0,0.49,10.93,0.53,10.0,0.51,10.93,0.47,10.0,0.6,15.0,0.61,15.0,0.09,0.09,44.470261,1776219703000
1776219705.155,105.155,0.4,15.0,0.39,15.0,0.49,10.93,0.53,10.0,0.51,10.93,0.47,10.0,0.6,15.0,0.61,15.0,0.09,0.09,44.470252,1776219704000
1776219706.471,106.471,0.4,15.0,0.39,15.0,0.49,10.93,0.53,10.0,0.51,10.93,0.47,10.0,0.6,15.0,0.61,15.0,0.09,0.09,44.470562,1776219705000
1776219707.303,107.303,0.4,15.0,0.39,15.0,0.49,10.93,0.53,10.0,0.51,10.93,0.47,10.0,0.6,15.0,0.61,15.0,0.09,0.09,44.468581,1776219706000
1776219709.054,109.054,0.4,15.0,0.39,15.0,0.49,10.93,0.53,10.0,0.51,10.93,0.47,10.0,0.6,15.0,0.61,15.0,0.09,0.09,44.469231,1776219708000
1776219710.303,110.303,0.4,15.0,0.39,15.0,0.49,10.93,0.53,10.0,0.51,10.93,0.47,10.0,0.6,15.0,0.61,15.0,0.09,0.09,44.469382,1776219709000
1776219710.729,110.729,0.44,1.0,0.35,15.0,0.49,10.93,0.52,15.0,0.51,10.93,0.47,10.0,0.6,15.0,0.61,15.0,0.05,0.09,44.469382,1776219709000
1776219711.792,111.792,0.44,1.0,0.35,15.0,0.49,10.93,0.52,15.0,0.51,10.93,0.48,15.0,0.56,1.0,0.65,15.0,0.05,0.05,44.469239,1776219710000
1776219712.01,112.01,0.36,15.0,0.35,15.0,0.46,10.0,0.49,10.93,0.51,10.93,0.48,15.0,0.56,1.0,0.65,15.0,0.1,0.05,44.469239,1776219710000
1776219712.454,112.454,0.36,15.0,0.35,15.0,0.46,10.0,0.49,10.93,0.54,10.0,0.51,10.93,0.64,15.0,0.65,15.0,0.1,0.1,44.469239,1776219711000
1776219713.695,113.695,0.36,15.0,0.35,15.0,0.46,10.0,0.49,10.93,0.54,10.0,0.51,10.93,0.64,15.0,0.65,15.0,0.1,0.1,44.464532,1776219712000
1776219714.394,114.394,0.36,15.0,0.35,15.0,0.46,10.0,0.49,10.93,0.54,10.0,0.51,10.93,0.64,15.0,0.65,15.0,0.1,0.1,44.465409,1776219713000
1776219715.569,115.569,0.36,15.0,0.35,15.0,0.46,10.0,0.49,10.93,0.54,10.0,0.51,10.93,0.64,15.0,0.65,15.0,0.1,0.1,44.468986,1776219714000
1776219716.228,116.228,0.36,15.0,0.35,15.0,0.46,10.0,0.49,10.93,0.54,10.0,0.51,10.93,0.64,15.0,0.65,15.0,0.1,0.1,44.468986,1776219715000
1776219717.458,117.458,0.36,15.0,0.35,15.0,0.46,10.0,0.49,10.93,0.54,10.0,0.51,10.93,0.64,15.0,0.65,15.0,0.1,0.1,44.480419,1776219716000
1776219718.023,118.023,0.48,10.0,0.43,15.0,0.49,5.41,0.57,10.0,0.54,10.0,0.51,10.93,0.64,15.0,0.65,15.0,0.01,0.1,44.480419,1776219716000
1776219718.929,118.929,0.48,10.0,0.44,15.0,0.49,0.3,0.61,15.0,0.51,5.41,0.43,10.0,0.52,10.0,0.57,15.0,0.01,0.01,44.480419,1776219717000
1776219719.264,119.264,0.48,10.0,0.45,15.0,0.59,10.0,0.61,15.0,0.51,0.3,0.39,15.0,0.52,10.0,0.56,15.0,0.11,0.01,44.480419,1776219717000
1776219719.47,119.47,0.48,10.0,0.45,15.0,0.59,10.0,0.61,15.0,0.41,10.0,0.39,15.0,0.52,10.0,0.55,15.0,0.11,0.11,44.480306,1776219718000
1776219720.142,120.142,0.48,10.0,0.45,15.0,0.59,10.0,0.61,15.0,0.41,10.0,0.39,15.0,0.52,10.0,0.55,15.0,0.11,0.11,44.48032,1776219719000
1776219721.369,121.369,0.48,10.0,0.45,15.0,0.59,10.0,0.61,15.0,0.41,10.0,0.39,15.0,0.52,10.0,0.55,15.0,0.11,0.11,44.483511,1776219720000
1776219722.623,122.623,0.48,10.0,0.45,15.0,0.59,10.0,0.61,15.0,0.41,10.0,0.39,15.0,0.52,10.0,0.55,15.0,0.11,0.11,44.482024,1776219721000
1776219723.428,123.428,0.48,10.0,0.45,15.0,0.59,10.0,0.61,15.0,0.41,10.0,0.39,15.0,0.52,10.0,0.55,15.0,0.11,0.11,44.484004,1776219722000
1776219724.644,124.644,0.48,10.0,0.45,15.0,0.59,10.0,0.61,15.0,0.41,10.0,0.39,15.0,0.52,10.0,0.55,15.0,0.11,0.11,44.484632,1776219723000
1776219725.397,125.397,0.48,10.0,0.45,15.0,0.59,10.0,0.61,15.0,0.41,10.0,0.39,15.0,0.52,10.0,0.55,15.0,0.11,0.11,44.484322,1776219724000
1776219726.779,126.779,0.48,10.0,0.45,15.0,0.59,10.0,0.61,15.0,0.41,10.0,0.39,15.0,0.52,10.0,0.55,15.0,0.11,0.11,44.487959,1776219725000
1776219727.441,127.441,0.48,10.0,0.45,15.0,0.59,10.0,0.61,15.0,0.41,10.0,0.39,15.0,0.52,10.0,0.55,15.0,0.11,0.11,44.488865,1776219726000
1776219728.098,128.098,0.48,10.0,0.45,15.0,0.59,10.0,0.61,15.0,0.41,10.0,0.39,15.0,0.52,10.0,0.55,15.0,0.11,0.11,44.488866,1776219727000
1776219729.413,129.413,0.48,10.0,0.45,15.0,0.59,10.0,0.61,15.0,0.41,10.0,0.39,15.0,0.52,10.0,0.55,15.0,0.11,0.11,44.488955,1776219728000
1776219730.494,130.494,0.48,10.0,0.45,15.0,0.59,10.0,0.61,15.0,0.41,10.0,0.39,15.0,0.52,10.0,0.55,15.0,0.11,0.11,44.492449,1776219729000
1776219731.182,131.182,0.48,10.0,0.45,15.0,0.59,10.0,0.61,15.0,0.41,10.0,0.39,15.0,0.52,10.0,0.55,15.0,0.11,0.11,44.493162,1776219730000
1776219732.288,132.288,0.48,10.0,0.45,15.0,0.59,10.0,0.61,15.0,0.41,10.0,0.39,15.0,0.52,10.0,0.55,15.0,0.11,0.11,44.500553,1776219731000
1776219733.526,133.526,0.48,10.0,0.45,15.0,0.59,10.0,0.61,15.0,0.41,10.0,0.39,15.0,0.52,10.0,0.55,15.0,0.11,0.11,44.505788,1776219732000
1776219734.048,134.048,0.48,10.0,0.45,15.0,0.59,10.0,0.61,15.0,0.41,10.0,0.39,15.0,0.52,10.0,0.55,15.0,0.11,0.11,44.506864,1776219733000
1776219735.182,135.182,0.48,10.0,0.45,15.0,0.59,10.0,0.61,15.0,0.41,10.0,0.39,15.0,0.52,10.0,0.55,15.0,0.11,0.11,44.507709,1776219734000
1776219736.367,136.367,0.48,10.0,0.45,15.0,0.59,10.0,0.61,15.0,0.41,10.0,0.39,15.0,0.52,10.0,0.55,15.0,0.11,0.11,44.509117,1776219735000
1776219737.393,137.393,0.48,10.0,0.45,15.0,0.59,10.0,0.61,15.0,0.41,10.0,0.39,15.0,0.52,10.0,0.55,15.0,0.11,0.11,44.509819,1776219736000
1776219737.997,137.997,0.48,10.0,0.45,15.0,0.59,10.0,0.61,15.0,0.41,10.0,0.39,15.0,0.52,10.0,0.55,15.0,0.11,0.11,44.509908,1776219737000
1776219739.03,139.03,0.48,10.0,0.45,15.0,0.59,10.0,0.61,15.0,0.41,10.0,0.39,15.0,0.52,10.0,0.55,15.0,0.11,0.11,44.513166,1776219738000
1776219740.597,140.597,0.48,10.0,0.45,15.0,0.59,10.0,0.61,15.0,0.41,10.0,0.39,15.0,0.52,10.0,0.55,15.0,0.11,0.11,44.511157,1776219739000
1776219741.266,141.266,0.48,10.0,0.45,15.0,0.59,10.0,0.61,15.0,0.41,10.0,0.39,15.0,0.52,10.0,0.55,15.0,0.11,0.11,44.511111,1776219740000
1776219742.391,142.391,0.48,10.0,0.45,15.0,0.59,10.0,0.61,15.0,0.41,10.0,0.39,15.0,0.52,10.0,0.55,15.0,0.11,0.11,44.510045,1776219741000
1776219743.206,143.206,0.48,10.0,0.45,15.0,0.59,10.0,0.61,15.0,0.41,10.0,0.39,15.0,0.52,10.0,0.55,15.0,0.11,0.11,44.510045,1776219742000
1776219744.476,144.476,0.48,10.0,0.45,15.0,0.59,10.0,0.61,15.0,0.41,10.0,0.39,15.0,0.52,10.0,0.55,15.0,0.11,0.11,44.510985,1776219743000
1776219745.036,145.036,0.48,10.0,0.45,15.0,0.59,10.0,0.61,15.0,0.41,10.0,0.39,15.0,0.52,10.0,0.55,15.0,0.11,0.11,44.511006,1776219744000
1776219746.209,146.209,0.48,10.0,0.45,15.0,0.59,10.0,0.61,15.0,0.41,10.0,0.39,15.0,0.52,10.0,0.55,15.0,0.11,0.11,44.511261,1776219745000
1776219747.358,147.358,0.48,10.0,0.45,15.0,0.59,10.0,0.61,15.0,0.41,10.0,0.39,15.0,0.52,10.0,0.55,15.0,0.11,0.11,44.51032,1776219746000
1776219748.048,148.048,0.48,10.0,0.45,15.0,0.59,10.0,0.61,15.0,0.41,10.0,0.39,15.0,0.52,10.0,0.55,15.0,0.11,0.11,44.51032,1776219747000
1776219749.234,149.234,0.48,10.0,0.45,15.0,0.59,10.0,0.61,15.0,0.41,10.0,0.39,15.0,0.52,10.0,0.55,15.0,0.11,0.11,44.502275,1776219748000
1776219750.355,150.355,0.48,10.0,0.45,15.0,0.59,10.0,0.61,15.0,0.41,10.0,0.39,15.0,0.52,10.0,0.55,15.0,0.11,0.11,44.501394,1776219749000
1776219751.037,151.037,0.48,10.0,0.45,15.0,0.59,10.0,0.61,15.0,0.41,10.0,0.39,15.0,0.52,10.0,0.55,15.0,0.11,0.11,44.499187,1776219750000
1776219752.123,152.123,0.48,10.0,0.45,15.0,0.59,10.0,0.61,15.0,0.41,10.0,0.39,15.0,0.52,10.0,0.55,15.0,0.11,0.11,44.495941,1776219751000
1776219753.309,153.309,0.48,10.0,0.45,15.0,0.59,10.0,0.61,15.0,0.41,10.0,0.39,15.0,0.52,10.0,0.55,15.0,0.11,0.11,44.491491,1776219752000
1776219753.897,153.897,0.48,10.0,0.45,15.0,0.59,10.0,0.61,15.0,0.41,10.0,0.39,15.0,0.52,10.0,0.55,15.0,0.11,0.11,44.492762,1776219753000
1776219755.024,155.024,0.48,10.0,0.45,15.0,0.59,10.0,0.61,15.0,0.41,10.0,0.39,15.0,0.52,10.0,0.55,15.0,0.11,0.11,44.494236,1776219754000
1776219756.128,156.128,0.48,10.0,0.45,15.0,0.59,10.0,0.61,15.0,0.41,10.0,0.39,15.0,0.52,10.0,0.55,15.0,0.11,0.11,44.492919,1776219755000
1776219757.344,157.344,0.48,10.0,0.45,15.0,0.59,10.0,0.61,15.0,0.41,10.0,0.39,15.0,0.52,10.0,0.55,15.0,0.11,0.11,44.492839,1776219756000
1776219758.45,158.45,0.48,10.0,0.45,15.0,0.59,10.0,0.61,15.0,0.41,10.0,0.39,15.0,0.52,10.0,0.55,15.0,0.11,0.11,44.492839,1776219757000
1776219759.007,159.007,0.48,10.0,0.45,15.0,0.59,10.0,0.61,15.0,0.41,10.0,0.39,15.0,0.52,10.0,0.55,15.0,0.11,0.11,44.492839,1776219758000
1776219759.937,159.937,0.66,10.0,0.55,15.0,0.73,10.93,0.77,15.0,0.41,10.0,0.39,15.0,0.52,10.0,0.55,15.0,0.07,0.11,44.492839,1776219758000
1776219760.184,160.184,0.66,10.0,0.55,15.0,0.73,10.93,0.77,15.0,0.27,10.93,0.23,15.0,0.34,10.0,0.45,15.0,0.07,0.07,44.492839,1776219759000
1776219761.235,161.235,0.66,10.0,0.55,15.0,0.73,10.93,0.77,15.0,0.27,10.93,0.23,15.0,0.34,10.0,0.45,15.0,0.07,0.07,44.496199,1776219760000
1776219762.395,162.395,0.66,10.0,0.55,15.0,0.73,10.93,0.77,15.0,0.27,10.93,0.23,15.0,0.34,10.0,0.45,15.0,0.07,0.07,44.501311,1776219761000
1776219762.962,162.962,0.66,10.0,0.55,15.0,0.73,10.93,0.77,15.0,0.27,10.93,0.23,15.0,0.34,10.0,0.45,15.0,0.07,0.07,44.501224,1776219762000
1776219764.159,164.159,0.66,10.0,0.55,15.0,0.73,10.93,0.77,15.0,0.27,10.93,0.23,15.0,0.34,10.0,0.45,15.0,0.07,0.07,44.502104,1776219763000
1776219765.233,165.233,0.66,10.0,0.55,15.0,0.73,10.93,0.77,15.0,0.27,10.93,0.23,15.0,0.34,10.0,0.45,15.0,0.07,0.07,44.506576,1776219764000
1776219766.186,166.186,0.72,10.0,0.68,15.0,0.73,2.71,0.8,15.0,0.27,10.93,0.23,15.0,0.34,10.0,0.45,15.0,0.01,0.07,44.506576,1776219764000
1776219766.426,166.426,0.72,10.0,0.68,15.0,0.73,2.71,0.8,15.0,0.27,2.71,0.2,15.0,0.28,10.0,0.32,15.0,0.01,0.01,44.508901,1776219765000
1776219766.96,166.96,0.72,10.0,0.68,15.0,0.73,2.71,0.8,15.0,0.27,2.71,0.2,15.0,0.28,10.0,0.32,15.0,0.01,0.01,44.511247,1776219766000
1776219767.521,167.521,0.72,10.0,0.7,15.0,0.8,15.0,0.81,15.0,0.27,2.71,0.2,15.0,0.28,10.0,0.32,15.0,0.08,0.01,44.511247,1776219766000
1776219768.304,168.304,0.72,10.0,0.7,15.0,0.8,15.0,0.81,15.0,0.2,15.0,0.19,15.0,0.28,10.0,0.3,15.0,0.08,0.08,44.512904,1776219767000
1776219769.385,169.385,0.72,10.0,0.7,15.0,0.8,15.0,0.81,15.0,0.2,15.0,0.19,15.0,0.28,10.0,0.3,15.0,0.08,0.08,44.5128,1776219768000
1776219770.281,170.281,0.72,10.0,0.7,15.0,0.8,15.0,0.81,15.0,0.2,15.0,0.19,15.0,0.28,10.0,0.3,15.0,0.08,0.08,44.513015,1776219769000
1776219771.215,171.215,0.72,10.0,0.7,15.0,0.8,15.0,0.81,15.0,0.2,15.0,0.19,15.0,0.28,10.0,0.3,15.0,0.08,0.08,44.513015,1776219770000
1776219772.25,172.25,0.72,10.0,0.7,15.0,0.8,15.0,0.81,15.0,0.2,15.0,0.19,15.0,0.28,10.0,0.3,15.0,0.08,0.08,44.515998,1776219771000
1776219773.299,173.299,0.72,10.0,0.7,15.0,0.8,15.0,0.81,15.0,0.2,15.0,0.19,15.0,0.28,10.0,0.3,15.0,0.08,0.08,44.516565,1776219772000
1776219774.305,174.305,0.72,10.0,0.7,15.0,0.8,15.0,0.81,15.0,0.2,15.0,0.19,15.0,0.28,10.0,0.3,15.0,0.08,0.08,44.517766,1776219773000
1776219774.869,174.869,0.72,10.0,0.7,15.0,0.8,15.0,0.81,15.0,0.2,15.0,0.19,15.0,0.28,10.0,0.3,15.0,0.08,0.08,44.517766,1776219774000
1776219775.879,175.879,0.72,10.0,0.7,15.0,0.8,15.0,0.81,15.0,0.2,15.0,0.19,15.0,0.28,10.0,0.3,15.0,0.08,0.08,44.517886,1776219775000
1776219777.354,177.354,0.72,10.0,0.7,15.0,0.8,15.0,0.81,15.0,0.2,15.0,0.19,15.0,0.28,10.0,0.3,15.0,0.08,0.08,44.514788,1776219776000
1776219778.302,178.302,0.72,10.0,0.7,15.0,0.8,15.0,0.81,15.0,0.2,15.0,0.19,15.0,0.28,10.0,0.3,15.0,0.08,0.08,44.514584,1776219777000
1776219779.247,179.247,0.72,10.0,0.7,15.0,0.8,15.0,0.81,15.0,0.2,15.0,0.19,15.0,0.28,10.0,0.3,15.0,0.08,0.08,44.514639,1776219778000
1776219780.754,180.754,0.72,10.0,0.7,15.0,0.8,15.0,0.81,15.0,0.2,15.0,0.19,15.0,0.28,10.0,0.3,15.0,0.08,0.08,44.513467,1776219779000
1776219781.386,181.386,0.72,10.0,0.7,15.0,0.8,15.0,0.81,15.0,0.2,15.0,0.19,15.0,0.28,10.0,0.3,15.0,0.08,0.08,44.513121,1776219780000
1776219782.093,182.093,0.72,10.0,0.7,15.0,0.8,15.0,0.81,15.0,0.2,15.0,0.19,15.0,0.28,10.0,0.3,15.0,0.08,0.08,44.512936,1776219781000
1776219783.332,183.332,0.72,10.0,0.7,15.0,0.8,15.0,0.81,15.0,0.2,15.0,0.19,15.0,0.28,10.0,0.3,15.0,0.08,0.08,44.511398,1776219782000
1776219783.937,183.937,0.72,10.0,0.7,15.0,0.8,15.0,0.81,15.0,0.2,15.0,0.19,15.0,0.28,10.0,0.3,15.0,0.08,0.08,44.512127,1776219783000
1776219785.062,185.062,0.72,10.0,0.7,15.0,0.8,15.0,0.81,15.0,0.2,15.0,0.19,15.0,0.28,10.0,0.3,15.0,0.08,0.08,44.512255,1776219784000
1776219786.15,186.15,0.72,10.0,0.7,15.0,0.8,15.0,0.81,15.0,0.2,15.0,0.19,15.0,0.28,10.0,0.3,15.0,0.08,0.08,44.511745,1776219785000
1776219787.367,187.367,0.72,10.0,0.7,15.0,0.8,15.0,0.81,15.0,0.2,15.0,0.19,15.0,0.28,10.0,0.3,15.0,0.08,0.08,44.512309,1776219786000
1776219787.96,187.96,0.72,10.0,0.7,15.0,0.8,15.0,0.81,15.0,0.2,15.0,0.19,15.0,0.28,10.0,0.3,15.0,0.08,0.08,44.515418,1776219787000
1776219789.317,189.317,0.72,10.0,0.7,15.0,0.8,15.0,0.81,15.0,0.2,15.0,0.19,15.0,0.28,10.0,0.3,15.0,0.08,0.08,44.517766,1776219788000
1776219790.424,190.424,0.72,10.0,0.7,15.0,0.8,15.0,0.81,15.0,0.2,15.0,0.19,15.0,0.28,10.0,0.3,15.0,0.08,0.08,44.518659,1776219789000
1776219790.952,190.952,0.72,10.0,0.7,15.0,0.8,15.0,0.81,15.0,0.2,15.0,0.19,15.0,0.28,10.0,0.3,15.0,0.08,0.08,44.518093,1776219790000
1776219792.117,192.117,0.72,10.0,0.7,15.0,0.8,15.0,0.81,15.0,0.2,15.0,0.19,15.0,0.28,10.0,0.3,15.0,0.08,0.08,44.517548,1776219791000
1776219793.214,193.214,0.72,10.0,0.7,15.0,0.8,15.0,0.81,15.0,0.2,15.0,0.19,15.0,0.28,10.0,0.3,15.0,0.08,0.08,44.518578,1776219792000
1776219793.748,193.748,0.74,10.0,0.73,15.0,0.83,13.78,0.84,15.0,0.2,15.0,0.19,15.0,0.28,10.0,0.3,15.0,0.09,0.08,44.518578,1776219792000
1776219794.308,194.308,0.74,10.0,0.73,15.0,0.83,13.78,0.84,15.0,0.17,13.78,0.16,15.0,0.26,10.0,0.27,15.0,0.09,0.09,44.519636,1776219793000
1776219796.058,196.058,0.74,10.0,0.73,15.0,0.83,13.78,0.84,15.0,0.17,13.78,0.16,15.0,0.26,10.0,0.27,15.0,0.09,0.09,44.520514,1776219794000
1776219796.586,196.586,0.74,10.0,0.73,15.0,0.83,13.78,0.84,15.0,0.17,13.78,0.16,15.0,0.26,10.0,0.27,15.0,0.09,0.09,44.52027,1776219795000
1776219797.114,197.114,0.74,10.0,0.73,15.0,0.83,13.78,0.84,15.0,0.17,13.78,0.16,15.0,0.26,10.0,0.27,15.0,0.09,0.09,44.520554,1776219796000
1776219798.185,198.185,0.74,10.0,0.73,15.0,0.83,13.78,0.84,15.0,0.17,13.78,0.16,15.0,0.26,10.0,0.27,15.0,0.09,0.09,44.519094,1776219797000
1776219799.206,199.206,0.74,10.0,0.73,15.0,0.83,13.78,0.84,15.0,0.17,13.78,0.16,15.0,0.26,10.0,0.27,15.0,0.09,0.09,44.515648,1776219798000
1776219800.218,200.218,0.74,10.0,0.73,15.0,0.83,13.78,0.84,15.0,0.17,13.78,0.16,15.0,0.26,10.0,0.27,15.0,0.09,0.09,44.514921,1776219799000
1776219801.235,201.235,0.74,10.0,0.73,15.0,0.83,13.78,0.84,15.0,0.17,13.78,0.16,15.0,0.26,10.0,0.27,15.0,0.09,0.09,44.515218,1776219800000
1776219802.355,202.355,0.74,10.0,0.73,15.0,0.83,13.78,0.84,15.0,0.17,13.78,0.16,15.0,0.26,10.0,0.27,15.0,0.09,0.09,44.514018,1776219801000
1776219802.922,202.922,0.77,10.0,0.76,15.0,0.86,13.83,0.87,15.0,0.17,13.78,0.16,15.0,0.26,10.0,0.27,15.0,0.09,0.09,44.514018,1776219801000
1776219803.841,203.841,0.77,10.0,0.76,15.0,0.86,13.83,0.87,15.0,0.14,13.83,0.13,15.0,0.23,10.0,0.24,15.0,0.09,0.09,44.519851,1776219803000
1776219804.884,204.884,0.77,10.0,0.76,15.0,0.86,13.83,0.87,15.0,0.14,13.83,0.13,15.0,0.23,10.0,0.24,15.0,0.09,0.09,44.520582,1776219804000
1776219805.898,205.898,0.77,10.0,0.76,15.0,0.86,13.83,0.87,15.0,0.14,13.83,0.13,15.0,0.23,10.0,0.24,15.0,0.09,0.09,44.519976,1776219805000
1776219806.932,206.932,0.77,10.0,0.76,15.0,0.86,13.83,0.87,15.0,0.14,13.83,0.13,15.0,0.23,10.0,0.24,15.0,0.09,0.09,44.520562,1776219806000
1776219807.863,207.863,0.77,10.0,0.76,15.0,0.86,13.83,0.87,15.0,0.14,13.83,0.13,15.0,0.23,10.0,0.24,15.0,0.09,0.09,44.520976,1776219807000
1776219809.612,209.612,0.77,10.0,0.76,15.0,0.86,13.83,0.87,15.0,0.14,13.83,0.13,15.0,0.23,10.0,0.24,15.0,0.09,0.09,44.52077,1776219808000
1776219810.183,210.183,0.77,10.0,0.76,15.0,0.86,13.83,0.87,15.0,0.14,13.83,0.13,15.0,0.23,10.0,0.24,15.0,0.09,0.09,44.521271,1776219809000
1776219811.532,211.532,0.77,10.0,0.76,15.0,0.86,13.83,0.87,15.0,0.14,13.83,0.13,15.0,0.23,10.0,0.24,15.0,0.09,0.09,44.521505,1776219810000
1776219812.195,212.195,0.77,10.0,0.76,15.0,0.86,13.83,0.87,15.0,0.14,13.83,0.13,15.0,0.23,10.0,0.24,15.0,0.09,0.09,44.521506,1776219811000
1776219813.409,213.409,0.77,10.0,0.76,15.0,0.86,13.83,0.87,15.0,0.14,13.83,0.13,15.0,0.23,10.0,0.24,15.0,0.09,0.09,44.521966,1776219812000
1776219814.015,214.015,0.77,10.0,0.76,15.0,0.86,13.83,0.87,15.0,0.14,13.83,0.13,15.0,0.23,10.0,0.24,15.0,0.09,0.09,44.522256,1776219813000
1776219815.283,215.283,0.77,10.0,0.76,15.0,0.86,13.83,0.87,15.0,0.14,13.83,0.13,15.0,0.23,10.0,0.24,15.0,0.09,0.09,44.520892,1776219814000
1776219816.512,216.512,0.77,10.0,0.76,15.0,0.86,13.83,0.87,15.0,0.14,13.83,0.13,15.0,0.23,10.0,0.24,15.0,0.09,0.09,44.521682,1776219815000
1776219817.052,217.052,0.77,10.0,0.76,15.0,0.86,13.83,0.87,15.0,0.14,13.83,0.13,15.0,0.23,10.0,0.24,15.0,0.09,0.09,44.521682,1776219816000
1776219818.276,218.276,0.77,10.0,0.76,15.0,0.86,13.83,0.87,15.0,0.14,13.83,0.13,15.0,0.23,10.0,0.24,15.0,0.09,0.09,44.521572,1776219817000
1776219818.875,218.875,0.77,10.0,0.76,15.0,0.86,13.83,0.87,15.0,0.14,13.83,0.13,15.0,0.23,10.0,0.24,15.0,0.09,0.09,44.521594,1776219818000
1776219820.049,220.049,0.77,10.0,0.76,15.0,0.86,13.83,0.87,15.0,0.14,13.83,0.13,15.0,0.23,10.0,0.24,15.0,0.09,0.09,44.518859,1776219819000
1776219821.242,221.242,0.77,10.0,0.76,15.0,0.86,13.83,0.87,15.0,0.14,13.83,0.13,15.0,0.23,10.0,0.24,15.0,0.09,0.09,44.519192,1776219820000
1776219822.342,222.342,0.77,10.0,0.76,15.0,0.86,13.83,0.87,15.0,0.14,13.83,0.13,15.0,0.23,10.0,0.24,15.0,0.09,0.09,44.52019,1776219821000
1776219822.907,222.907,0.77,10.0,0.76,15.0,0.86,13.83,0.87,15.0,0.14,13.83,0.13,15.0,0.23,10.0,0.24,15.0,0.09,0.09,44.519363,1776219822000
1776219824.053,224.053,0.77,10.0,0.76,15.0,0.86,13.83,0.87,15.0,0.14,13.83,0.13,15.0,0.23,10.0,0.24,15.0,0.09,0.09,44.515589,1776219823000
1776219825.235,225.235,0.77,10.0,0.76,15.0,0.86,13.83,0.87,15.0,0.14,13.83,0.13,15.0,0.23,10.0,0.24,15.0,0.09,0.09,44.513682,1776219824000
1776219826.292,226.292,0.77,10.0,0.76,15.0,0.86,13.83,0.87,15.0,0.14,13.83,0.13,15.0,0.23,10.0,0.24,15.0,0.09,0.09,44.512109,1776219825000
1776219827.491,227.491,0.77,10.0,0.76,15.0,0.86,13.83,0.87,15.0,0.14,13.83,0.13,15.0,0.23,10.0,0.24,15.0,0.09,0.09,44.513038,1776219826000
1776219827.985,227.985,0.77,10.0,0.76,15.0,0.86,13.83,0.87,15.0,0.14,13.83,0.13,15.0,0.23,10.0,0.24,15.0,0.09,0.09,44.513216,1776219827000
1776219829.242,229.242,0.77,10.0,0.76,15.0,0.86,13.83,0.87,15.0,0.14,13.83,0.13,15.0,0.23,10.0,0.24,15.0,0.09,0.09,44.523632,1776219828000
1776219830.198,230.198,0.49,5.29,0.38,15.0,0.93,15.0,0.94,15.0,0.14,13.83,0.13,15.0,0.23,10.0,0.24,15.0,0.44,0.09,44.523632,1776219828000
1776219830.495,230.495,0.49,5.29,0.38,15.0,0.93,15.0,0.94,15.0,0.07,15.0,0.06,15.0,0.51,5.29,0.62,15.0,0.44,0.44,44.528239,1776219829000
1776219831.161,231.161,0.38,10.2,0.37,15.0,0.92,15.0,0.93,162.0,0.08,15.0,0.07,162.0,0.62,10.2,0.63,15.0,0.54,0.54,44.526747,1776219830000
1776219831.738,231.738,0.35,15.0,0.34,15.0,0.49,7.95,0.9,15.0,0.08,15.0,0.07,162.0,0.62,10.2,0.63,15.0,0.14,0.54,44.526747,1776219830000
1776219832.282,232.282,0.35,15.0,0.34,15.0,0.49,7.95,0.9,15.0,0.51,7.95,0.1,15.0,0.65,15.0,0.66,15.0,0.14,0.14,44.486674,1776219831000
1776219833.356,233.356,0.35,15.0,0.34,15.0,0.49,7.95,0.9,15.0,0.51,7.95,0.1,15.0,0.65,15.0,0.66,15.0,0.14,0.14,44.474364,1776219832000
1776219834.034,234.034,0.35,15.0,0.34,15.0,0.49,7.95,0.9,15.0,0.51,7.95,0.1,15.0,0.65,15.0,0.66,15.0,0.14,0.14,44.473521,1776219833000
1776219835.197,235.197,0.35,15.0,0.34,15.0,0.49,7.95,0.9,15.0,0.51,7.95,0.1,15.0,0.65,15.0,0.66,15.0,0.14,0.14,44.476725,1776219834000
1776219836.352,236.352,0.35,15.0,0.34,15.0,0.49,7.95,0.9,15.0,0.51,7.95,0.1,15.0,0.65,15.0,0.66,15.0,0.14,0.14,44.48256,1776219835000
1776219837.135,237.135,0.35,15.0,0.34,15.0,0.49,7.95,0.9,15.0,0.51,7.95,0.1,15.0,0.65,15.0,0.66,15.0,0.14,0.14,44.479386,1776219836000
1776219837.877,237.877,0.36,15.0,0.35,15.0,0.8,11.28,0.81,15.0,0.51,7.95,0.1,15.0,0.65,15.0,0.66,15.0,0.44,0.14,44.479386,1776219836000
1776219838.317,238.317,0.36,15.0,0.35,15.0,0.8,11.28,0.81,15.0,0.2,11.28,0.19,15.0,0.64,15.0,0.65,15.0,0.44,0.44,44.476582,1776219837000
1776219839.157,239.157,0.36,15.0,0.35,15.0,0.8,11.28,0.81,15.0,0.2,11.28,0.19,15.0,0.64,15.0,0.65,15.0,0.44,0.44,44.476393,1776219838000
1776219840.911,240.911,0.36,15.0,0.35,15.0,0.8,11.28,0.81,15.0,0.2,11.28,0.19,15.0,0.64,15.0,0.65,15.0,0.44,0.44,44.471987,1776219839000
1776219841.408,241.408,0.3,13.57,0.29,15.0,0.35,9.23,0.39,10.0,0.2,11.28,0.19,15.0,0.64,15.0,0.65,15.0,0.05,0.44,44.471987,1776219839000
1776219841.965,241.965,0.3,13.57,0.29,15.0,0.35,9.23,0.39,10.0,0.65,9.23,0.61,10.0,0.7,13.57,0.71,15.0,0.05,0.05,44.473079,1776219840000
1776219842.619,242.619,0.3,13.57,0.29,15.0,0.35,9.23,0.39,10.0,0.65,9.23,0.61,10.0,0.7,13.57,0.71,15.0,0.05,0.05,44.472862,1776219841000
1776219843.062,243.062,0.3,6.44,0.29,15.0,0.35,9.23,0.4,10.0,0.65,9.23,0.61,10.0,0.7,13.57,0.71,15.0,0.05,0.05,44.472862,1776219841000
1776219843.804,243.804,0.3,6.44,0.29,15.0,0.35,9.23,0.4,10.0,0.65,9.23,0.6,10.0,0.7,6.44,0.71,15.0,0.05,0.05,44.465597,1776219842000
1776219844.639,244.639,0.3,6.44,0.29,15.0,0.35,9.23,0.4,10.0,0.65,9.23,0.6,10.0,0.7,6.44,0.71,15.0,0.05,0.05,44.462592,1776219843000
1776219845.268,245.268,0.3,6.44,0.29,15.0,0.35,9.23,0.4,10.0,0.65,9.23,0.6,10.0,0.7,6.44,0.71,15.0,0.05,0.05,44.462592,1776219844000
1776219846.688,246.688,0.3,6.44,0.29,15.0,0.35,9.23,0.4,10.0,0.65,9.23,0.6,10.0,0.7,6.44,0.71,15.0,0.05,0.05,44.460582,1776219845000
1776219847.479,247.479,0.3,6.44,0.29,15.0,0.35,9.23,0.4,10.0,0.65,9.23,0.6,10.0,0.7,6.44,0.71,15.0,0.05,0.05,44.46159,1776219846000
1776219848.253,248.253,0.3,6.44,0.29,15.0,0.35,9.23,0.4,10.0,0.65,9.23,0.6,10.0,0.7,6.44,0.71,15.0,0.05,0.05,44.463151,1776219847000
1776219849.664,249.664,0.3,6.44,0.29,15.0,0.35,9.23,0.4,10.0,0.65,9.23,0.6,10.0,0.7,6.44,0.71,15.0,0.05,0.05,44.462293,1776219848000
1776219850.299,250.299,0.3,6.44,0.29,15.0,0.35,9.23,0.4,10.0,0.65,9.23,0.6,10.0,0.7,6.44,0.71,15.0,0.05,0.05,44.463324,1776219849000
1776219851.0,251.0,0.3,6.44,0.29,15.0,0.35,9.23,0.4,10.0,0.65,9.23,0.6,10.0,0.7,6.44,0.71,15.0,0.05,0.05,44.463324,1776219850000
1776219852.488,252.488,0.3,6.44,0.29,15.0,0.35,9.23,0.4,10.0,0.65,9.23,0.6,10.0,0.7,6.44,0.71,15.0,0.05,0.05,44.462947,1776219851000
1776219853.227,253.227,0.3,6.44,0.29,15.0,0.35,9.23,0.4,10.0,0.65,9.23,0.6,10.0,0.7,6.44,0.71,15.0,0.05,0.05,44.463691,1776219852000
1776219854.642,254.642,0.3,6.44,0.29,15.0,0.35,9.23,0.4,10.0,0.65,9.23,0.6,10.0,0.7,6.44,0.71,15.0,0.05,0.05,44.465265,1776219853000
1776219855.334,255.334,0.3,6.44,0.29,15.0,0.35,9.23,0.4,10.0,0.65,9.23,0.6,10.0,0.7,6.44,0.71,15.0,0.05,0.05,44.465099,1776219854000
1776219856.17,256.17,0.3,6.44,0.29,15.0,0.35,9.23,0.4,10.0,0.65,9.23,0.6,10.0,0.7,6.44,0.71,15.0,0.05,0.05,44.464933,1776219855000
1776219857.676,257.676,0.3,6.44,0.29,15.0,0.35,9.23,0.4,10.0,0.65,9.23,0.6,10.0,0.7,6.44,0.71,15.0,0.05,0.05,44.464987,1776219856000
1776219858.486,258.486,0.3,6.44,0.29,15.0,0.35,9.23,0.4,10.0,0.65,9.23,0.6,10.0,0.7,6.44,0.71,15.0,0.05,0.05,44.464987,1776219857000
1776219859.171,259.171,0.3,6.44,0.29,15.0,0.35,9.23,0.4,10.0,0.65,9.23,0.6,10.0,0.7,6.44,0.71,15.0,0.05,0.05,44.46502,1776219858000
1776219860.287,260.287,0.3,6.44,0.29,15.0,0.35,9.23,0.4,10.0,0.65,9.23,0.6,10.0,0.7,6.44,0.71,15.0,0.05,0.05,44.465668,1776219859000
1776219861.349,261.349,0.3,6.44,0.29,15.0,0.35,9.23,0.4,10.0,0.65,9.23,0.6,10.0,0.7,6.44,0.71,15.0,0.05,0.05,44.466697,1776219860000
1776219862.32,262.32,0.3,6.44,0.29,15.0,0.35,9.23,0.4,10.0,0.65,9.23,0.6,10.0,0.7,6.44,0.71,15.0,0.05,0.05,44.466717,1776219861000
1776219862.885,262.885,0.3,6.44,0.29,15.0,0.35,9.23,0.4,10.0,0.65,9.23,0.6,10.0,0.7,6.44,0.71,15.0,0.05,0.05,44.466717,1776219862000
1776219863.932,263.932,0.3,6.44,0.29,15.0,0.35,9.23,0.4,10.0,0.65,9.23,0.6,10.0,0.7,6.44,0.71,15.0,0.05,0.05,44.464288,1776219863000
1776219864.928,264.928,0.3,6.44,0.29,15.0,0.35,9.23,0.4,10.0,0.65,9.23,0.6,10.0,0.7,6.44,0.71,15.0,0.05,0.05,44.457355,1776219864000
1776219866.044,266.044,0.3,6.44,0.29,15.0,0.35,9.23,0.4,10.0,0.65,9.23,0.6,10.0,0.7,6.44,0.71,15.0,0.05,0.05,44.453395,1776219865000
1776219867.086,267.086,0.3,6.44,0.29,15.0,0.35,9.23,0.4,10.0,0.65,9.23,0.6,10.0,0.7,6.44,0.71,15.0,0.05,0.05,44.449639,1776219866000
1776219868.049,268.049,0.05,10.0,0.04,20.0,0.09,10.0,0.32,15.0,0.65,9.23,0.6,10.0,0.7,6.44,0.71,15.0,0.04,0.05,44.449639,1776219866000
1776219869.046,269.046,0.05,10.0,0.04,20.0,0.09,10.0,0.32,15.0,0.91,10.0,0.68,15.0,0.95,10.0,0.96,20.0,0.04,0.04,44.433874,1776219868000
1776219870.022,270.022,0.05,10.0,0.04,20.0,0.09,10.0,0.32,15.0,0.91,10.0,0.68,15.0,0.95,10.0,0.96,20.0,0.04,0.04,44.434487,1776219869000
1776219870.401,270.401,0.05,4.0,0.04,20.0,0.09,10.0,0.27,15.0,0.91,10.0,0.68,15.0,0.95,10.0,0.96,20.0,0.04,0.04,44.434487,1776219869000
1776219870.731,270.731,0.04,19.0,0.03,115.0,0.09,10.0,0.26,15.0,0.91,10.0,0.73,15.0,0.95,4.0,0.96,20.0,0.05,0.04,44.434487,1776219869000
1776219871.041,271.041,0.04,19.0,0.03,115.0,0.09,10.0,0.26,15.0,0.91,10.0,0.74,15.0,0.96,19.0,0.97,115.0,0.05,0.05,44.435798,1776219870000
1776219871.983,271.983,0.04,19.0,0.03,115.0,0.09,10.0,0.26,15.0,0.91,10.0,0.74,15.0,0.96,19.0,0.97,115.0,0.05,0.05,44.434931,1776219871000
1776219873.547,273.547,0.04,19.0,0.03,115.0,0.09,10.0,0.26,15.0,0.91,10.0,0.74,15.0,0.96,19.0,0.97,115.0,0.05,0.05,44.433853,1776219872000
1776219873.95,273.95,0.04,17.95,0.03,115.0,0.09,10.0,0.2,15.0,0.91,10.0,0.74,15.0,0.96,19.0,0.97,115.0,0.05,0.05,44.433853,1776219872000
1776219874.185,274.185,0.04,10.73,0.03,115.0,0.09,10.0,0.19,15.0,0.91,10.0,0.8,15.0,0.96,17.95,0.97,115.0,0.05,0.05,44.433853,1776219872000
1776219875.194,275.194,0.04,10.73,0.03,115.0,0.09,10.0,0.19,15.0,0.91,10.0,0.81,15.0,0.96,10.73,0.97,115.0,0.05,0.05,44.432974,1776219874000
1776219876.292,276.292,0.04,10.73,0.03,115.0,0.09,10.0,0.19,15.0,0.91,10.0,0.81,15.0,0.96,10.73,0.97,115.0,0.05,0.05,44.433471,1776219875000
1776219877.352,277.352,0.04,10.73,0.03,115.0,0.09,10.0,0.19,15.0,0.91,10.0,0.81,15.0,0.96,10.73,0.97,115.0,0.05,0.05,44.433471,1776219876000
1776219878.825,278.825,0.04,10.73,0.03,115.0,0.09,10.0,0.19,15.0,0.91,10.0,0.81,15.0,0.96,10.73,0.97,115.0,0.05,0.05,44.430891,1776219877000
1776219879.359,279.359,0.03,94.95,0.02,10.0,0.09,10.0,0.35,9.23,0.91,10.0,0.65,9.23,0.97,94.95,0.98,10.0,0.06,0.06,44.430891,1776219878000
1776219880.549,280.549,0.03,94.95,0.02,10.0,0.09,10.0,0.35,9.23,0.91,10.0,0.65,9.23,0.97,94.95,0.98,10.0,0.06,0.06,44.429148,1776219879000
1776219881.013,281.013,0.03,94.95,0.02,10.0,0.09,10.0,0.35,9.23,0.91,10.0,0.65,9.23,0.97,94.95,0.98,10.0,0.06,0.06,44.4279,1776219880000
1776219882.254,282.254,0.03,94.95,0.02,10.0,0.09,10.0,0.35,9.23,0.91,10.0,0.65,9.23,0.97,94.95,0.98,10.0,0.06,0.06,44.42563,1776219881000
1776219883.281,283.281,0.03,94.95,0.02,10.0,0.09,10.0,0.35,9.23,0.91,10.0,0.65,9.23,0.97,94.95,0.98,10.0,0.06,0.06,44.417274,1776219882000
1776219884.444,284.444,0.03,94.95,0.02,10.0,0.09,10.0,0.35,9.23,0.91,10.0,0.65,9.23,0.97,94.95,0.98,10.0,0.06,0.06,44.411855,1776219883000
1776219884.993,284.993,0.03,64.95,0.02,10.0,0.09,10.0,0.35,9.23,0.91,10.0,0.65,9.23,0.97,94.95,0.98,10.0,0.06,0.06,44.411855,1776219883000
1776219885.458,285.458,0.03,57.88,0.02,10.0,0.09,10.0,0.35,9.23,0.91,10.0,0.65,9.23,0.97,62.88,0.98,10.0,0.06,0.06,44.410216,1776219884000
1776219885.662,285.662,0.03,24.83,0.02,10.0,0.09,10.0,0.35,9.23,0.91,10.0,0.65,9.23,0.97,50.6,0.98,10.0,0.06,0.06,44.410216,1776219884000
1776219885.866,285.866,0.03,13.49,0.02,10.0,0.09,10.0,0.35,9.23,0.91,10.0,0.65,9.23,0.97,14.53,0.98,10.0,0.06,0.06,44.410216,1776219884000
1776219886.182,286.182,0.03,8.34,0.02,10.0,0.09,10.0,0.35,9.23,0.91,10.0,0.65,9.23,0.97,8.34,0.98,10.0,0.06,0.06,44.410419,1776219885000
1776219886.863,286.863,0.02,4.28,0.01,150.0,0.09,58.0,0.35,9.23,0.91,10.0,0.65,9.23,0.97,8.34,0.98,10.0,0.07,0.06,44.410419,1776219885000
1776219887.353,287.353,0.02,4.28,0.01,150.0,0.09,58.0,0.35,9.23,0.91,58.0,0.65,9.23,0.98,4.28,0.99,150.0,0.07,0.07,44.408911,1776219886000
1776219888.293,288.293,0.02,4.28,0.01,150.0,0.09,58.0,0.35,9.23,0.91,58.0,0.65,9.23,0.98,4.28,0.99,150.0,0.07,0.07,44.407786,1776219887000
1776219888.997,288.997,0.01,149.28,,,0.09,58.0,0.35,9.23,0.91,58.0,0.65,9.23,0.98,4.28,0.99,150.0,0.08,0.07,44.407786,1776219887000
1776219889.314,289.314,,,,,0.01,850.72,0.09,58.0,0.99,850.72,0.91,58.0,,,,,,,44.405691,1776219888000
1776219890.299,290.299,,,,,0.01,850.72,0.09,58.0,0.99,850.72,0.91,58.0,,,,,,,44.404145,1776219889000
1776219891.092,291.092,,,,,0.01,858.23,0.09,58.0,0.99,835.03,0.91,58.0,,,,,,,44.404145,1776219889000
1776219891.332,291.332,,,,,0.01,853.11,0.09,58.0,0.99,853.11,0.91,58.0,,,,,,,44.402014,1776219890000
1776219892.331,292.331,,,,,0.01,853.11,0.09,58.0,0.99,853.11,0.91,58.0,,,,,,,44.383833,1776219891000
1776219893.265,293.265,,,,,0.01,853.11,0.09,58.0,0.99,853.11,0.91,58.0,,,,,,,44.383728,1776219892000
1776219894.276,294.276,,,,,0.01,853.11,0.09,58.0,0.99,853.11,0.91,58.0,,,,,,,44.382063,1776219893000
1776219895.317,295.317,,,,,0.01,853.11,0.09,58.0,0.99,853.11,0.91,58.0,,,,,,,44.381352,1776219894000
1776219896.253,296.253,,,,,0.01,853.11,0.09,58.0,0.99,853.11,0.91,58.0,,,,,,,44.381352,1776219895000
1776219897.324,297.324,,,,,0.01,853.11,0.09,58.0,0.99,853.11,0.91,58.0,,,,,,,44.381221,1776219896000
1776219898.222,298.222,,,,,0.01,853.11,0.09,58.0,0.99,853.11,0.91,58.0,,,,,,,44.383313,1776219897000
1776219899.168,299.168,,,,,0.01,853.11,0.09,58.0,0.99,853.11,0.91,58.0,,,,,,,44.386915,1776219898000
1776219900.115,300.115,,,,,0.01,853.11,0.09,58.0,0.99,853.11,0.91,58.0,,,,,,,44.386286,1776219899000

# RESULT,winner=Down,slug=hype-updown-5m-1776219600,ticks=325
