timestamp,elapsed_sec,up_bid_p1,up_bid_s1,up_bid_p2,up_bid_s2,up_ask_p1,up_ask_s1,up_ask_p2,up_ask_s2,down_bid_p1,down_bid_s1,down_bid_p2,down_bid_s2,down_ask_p1,down_ask_s1,down_ask_p2,down_ask_s2,up_spread,down_spread,hype_price,hype_oracle_ts
1776394201.06,1.06,0.41,10.0,0.11,100.0,0.59,10.0,0.89,100.0,0.41,10.0,0.11,100.0,0.59,10.0,0.89,100.0,0.18,0.18,43.333426,1776394200000
1776394202.378,2.378,0.41,10.0,0.11,100.0,0.59,10.0,0.89,100.0,0.41,10.0,0.11,100.0,0.59,10.0,0.89,100.0,0.18,0.18,43.333431,1776394201000
1776394203.098,3.098,0.41,10.0,0.11,100.0,0.59,10.0,0.89,100.0,0.41,10.0,0.11,100.0,0.59,10.0,0.89,100.0,0.18,0.18,43.33345,1776394202000
1776394204.513,4.513,0.41,10.0,0.11,100.0,0.59,10.0,0.89,100.0,0.41,10.0,0.11,100.0,0.59,10.0,0.89,100.0,0.18,0.18,43.334909,1776394203000
1776394205.141,5.141,0.41,10.0,0.11,100.0,0.59,10.0,0.89,100.0,0.41,10.0,0.11,100.0,0.59,10.0,0.89,100.0,0.18,0.18,43.334923,1776394204000
1776394207.415,7.415,0.41,10.0,0.11,100.0,0.59,10.0,0.89,100.0,0.41,10.0,0.11,100.0,0.59,10.0,0.89,100.0,0.18,0.18,43.335491,1776394206000
1776394208.32,8.32,0.41,10.0,0.11,100.0,0.59,10.0,0.89,100.0,0.41,10.0,0.11,100.0,0.59,10.0,0.89,100.0,0.18,0.18,43.335702,1776394207000
1776394209.462,9.462,0.46,1.29,0.45,5.0,0.47,5.0,0.48,5.0,0.53,5.0,0.52,5.0,0.54,1.29,0.55,5.0,0.01,0.01,43.335961,1776394208000
1776394209.882,9.882,0.46,1.29,0.45,5.0,0.47,5.0,0.48,5.0,0.53,5.0,0.52,5.0,0.54,1.29,0.55,5.0,0.01,0.01,43.335887,1776394209000
1776394217.997,17.997,0.49,5.0,0.48,5.0,0.51,4.5,0.52,5.0,0.53,5.0,0.52,5.0,0.54,1.29,0.55,5.0,0.02,0.01,43.32778,1776394216000
1776394245.179,45.179,0.42,5.0,0.41,5.0,0.47,5.0,0.48,5.0,0.49,4.5,0.48,5.0,0.51,5.0,0.52,5.0,0.05,0.02,43.330883,1776394243000
1776394250.45,50.45,0.49,5.0,0.48,5.0,0.51,5.0,0.52,5.0,0.53,5.0,0.52,5.0,0.58,5.0,0.59,5.0,0.02,0.05,43.326199,1776394249000
1776394264.998,64.998,0.31,15.0,0.3,20.0,0.35,13.0,0.36,13.0,0.49,5.0,0.48,5.0,0.51,5.0,0.52,5.0,0.04,0.02,43.332517,1776394263000
1776394265.36,65.36,0.32,5.0,0.31,15.0,0.36,5.0,0.37,5.0,0.65,13.0,0.64,13.0,0.69,15.0,0.7,20.0,0.04,0.04,43.334694,1776394264000
1776394278.233,78.233,0.25,15.0,0.24,15.0,0.26,6.62,0.27,13.0,0.65,2.0,0.64,5.0,0.67,5.0,0.68,5.0,0.01,0.02,43.308304,1776394276000
1776394289.361,89.361,0.27,5.0,0.26,20.0,0.3,5.0,0.31,13.0,0.74,6.62,0.73,13.0,0.75,15.0,0.76,15.0,0.03,0.01,43.288942,1776394288000
1776394304.234,104.234,0.31,5.0,0.3,5.0,0.33,5.0,0.34,5.0,0.7,5.0,0.69,13.0,0.73,5.0,0.74,20.0,0.02,0.03,43.300503,1776394303000
1776394343.482,143.482,0.1,8.67,0.09,11.0,0.11,20.0,0.12,5.0,0.67,5.0,0.66,5.0,0.69,5.0,0.7,5.0,0.01,0.02,43.267235,1776394342000
1776394351.684,151.684,0.1,8.67,0.09,11.0,0.12,5.0,0.13,20.0,0.89,20.0,0.88,5.0,0.9,8.67,0.91,11.0,0.02,0.01,43.244493,1776394349000
1776394358.509,158.509,0.1,0.67,0.09,11.0,0.11,5.0,0.12,5.0,0.88,5.0,0.87,20.0,0.9,8.67,0.91,11.0,0.01,0.02,43.243053,1776394356000
1776394363.497,163.497,0.09,11.0,0.08,12.0,0.1,6.33,0.11,5.0,0.89,5.0,0.88,5.0,0.9,0.67,0.91,11.0,0.01,0.01,43.244087,1776394361000
1776394370.306,170.306,0.09,9.68,0.08,12.0,0.1,11.33,0.11,20.0,0.9,6.33,0.89,5.0,0.91,11.0,0.92,12.0,0.01,0.01,43.24732,1776394369000
1776394371.047,171.047,0.08,11.89,0.07,14.0,0.1,26.33,0.11,35.0,0.9,11.33,0.89,20.0,0.91,9.68,0.92,12.0,0.02,0.01,43.24732,1776394369000
1776394374.684,174.684,0.08,11.89,0.07,14.0,0.1,1.19,0.11,20.0,0.9,26.33,0.89,35.0,0.92,11.89,0.93,14.0,0.02,0.02,43.229244,1776394373000
1776394375.128,175.128,0.07,14.0,0.06,16.0,0.08,8.11,0.09,5.0,0.9,1.19,0.89,20.0,0.92,11.89,0.93,14.0,0.01,0.02,43.229244,1776394373000
1776394377.462,177.462,0.08,20.0,0.07,34.0,0.1,1.19,0.11,5.0,0.92,8.11,0.91,5.0,0.93,14.0,0.94,16.0,0.02,0.01,43.234689,1776394376000
1776394380.721,180.721,0.08,3.91,0.07,34.0,0.09,5.0,0.1,6.19,0.9,1.19,0.89,5.0,0.92,20.0,0.93,34.0,0.01,0.02,43.243139,1776394379000
1776394382.862,182.862,0.09,5.0,0.08,20.0,0.1,0.19,0.11,5.0,0.91,5.0,0.9,6.19,0.92,3.91,0.93,34.0,0.01,0.01,43.246773,1776394381000
1776394395.688,195.688,0.07,12.92,0.06,16.0,0.08,5.0,0.09,20.0,0.9,0.19,0.89,5.0,0.91,5.0,0.92,20.0,0.01,0.01,43.252985,1776394394000
1776394403.243,203.243,0.08,18.91,0.07,32.92,0.09,5.0,0.1,5.0,0.92,5.0,0.91,20.0,0.93,12.92,0.94,16.0,0.01,0.01,43.254862,1776394402000
1776394406.422,206.422,0.08,1.0,0.07,27.92,0.09,5.0,0.1,5.0,0.91,5.0,0.9,5.0,0.92,18.91,0.93,32.92,0.01,0.01,43.264769,1776394405000
1776394410.321,210.321,0.07,10.22,0.06,31.0,0.08,5.0,0.09,5.0,0.91,5.0,0.9,5.0,0.92,1.0,0.93,27.92,0.01,0.01,43.268541,1776394409000
1776394413.674,213.674,0.06,19.0,0.05,40.0,0.07,5.0,0.08,5.0,0.92,5.0,0.91,5.0,0.93,10.22,0.94,31.0,0.01,0.01,43.269756,1776394412000
1776394415.788,215.788,0.06,14.0,0.05,40.0,0.07,5.0,0.08,5.0,0.93,5.0,0.92,5.0,0.94,19.0,0.95,40.0,0.01,0.01,43.268567,1776394414000
1776394419.095,219.095,0.05,13.74,0.04,25.0,0.06,24.0,0.07,5.0,0.93,5.0,0.92,5.0,0.94,8.0,0.95,40.0,0.01,0.01,43.269529,1776394418000
1776394420.915,220.915,0.04,25.0,0.03,33.0,0.05,36.26,0.06,39.0,0.94,24.0,0.93,5.0,0.95,13.74,0.96,25.0,0.01,0.01,43.268728,1776394419000
1776394426.749,226.749,0.04,23.95,0.03,33.0,0.05,56.26,0.06,39.0,0.95,36.26,0.94,39.0,0.96,25.0,0.97,33.0,0.01,0.01,43.25121,1776394425000
1776394436.477,236.477,0.04,11.98,0.03,33.0,0.05,56.26,0.06,39.0,0.95,56.26,0.94,39.0,0.96,23.95,0.97,33.0,0.01,0.01,43.251409,1776394435000
1776394439.426,239.426,0.03,33.0,0.02,65.0,0.05,56.26,0.06,39.0,0.95,56.26,0.94,39.0,0.96,11.98,0.97,33.0,0.02,0.01,43.254154,1776394438000
1776394442.609,242.609,0.03,31.96,0.02,65.0,0.04,20.0,0.05,61.26,0.95,56.26,0.94,39.0,0.97,33.0,0.98,65.0,0.01,0.02,43.249048,1776394441000
1776394443.03,243.03,0.03,30.92,0.02,65.0,0.04,20.0,0.05,61.26,0.96,20.0,0.95,61.26,0.97,31.96,0.98,65.0,0.01,0.01,43.249048,1776394441000
1776394445.871,245.871,0.03,15.38,0.02,65.0,0.04,20.0,0.05,61.26,0.96,20.0,0.95,61.26,0.97,30.92,0.98,65.0,0.01,0.01,43.255331,1776394444000
1776394448.257,248.257,0.03,7.69,0.02,65.0,0.04,20.0,0.05,61.26,0.96,20.0,0.95,61.26,0.97,15.38,0.98,65.0,0.01,0.01,43.251819,1776394447000
1776394448.823,248.823,0.03,5.63,0.02,65.0,0.04,20.0,0.05,61.26,0.96,20.0,0.95,61.26,0.97,7.69,0.98,65.0,0.01,0.01,43.251819,1776394447000
1776394449.06,249.06,0.02,50.18,0.01,168.67,0.03,5.0,0.04,20.0,0.97,5.0,0.96,20.0,0.98,55.28,0.99,168.67,0.01,0.01,43.251819,1776394447000
1776394449.6,249.6,0.01,168.67,,,0.02,5.32,0.03,20.0,0.97,5.0,0.96,20.0,0.98,24.68,0.99,168.67,0.01,0.01,43.251011,1776394448000
1776394450.509,250.509,0.01,163.35,,,0.02,20.0,0.03,20.0,0.98,5.32,0.97,20.0,0.99,168.67,,,0.01,0.01,43.246807,1776394449000
1776394451.765,251.765,,,,,0.01,836.65,0.02,20.0,0.98,20.0,0.97,20.0,0.99,163.35,,,,0.01,43.245819,1776394450000
1776394452.822,252.822,,,,,0.01,851.58,0.02,20.0,0.99,836.65,0.98,20.0,,,,,,,43.240057,1776394451000
1776394453.059,253.059,,,,,0.01,831.24,0.02,20.0,0.99,836.31,0.98,20.0,,,,,,,43.240057,1776394451000
1776394464.398,264.398,,,,,0.02,25.0,0.03,20.0,0.99,816.03,0.98,20.0,,,,,,,43.260738,1776394463000
1776394466.228,266.228,,,,,0.01,4.83,0.02,40.0,0.98,25.0,0.97,20.0,,,,,,,43.26641,1776394465000

# RESULT,winner=Down,slug=hype-updown-5m-1776394200,ticks=52
