timestamp,elapsed_sec,up_bid_p1,up_bid_s1,up_bid_p2,up_bid_s2,up_bid_p3,up_bid_s3,up_bid_p4,up_bid_s4,up_bid_p5,up_bid_s5,up_ask_p1,up_ask_s1,up_ask_p2,up_ask_s2,up_ask_p3,up_ask_s3,up_ask_p4,up_ask_s4,up_ask_p5,up_ask_s5,down_bid_p1,down_bid_s1,down_bid_p2,down_bid_s2,down_bid_p3,down_bid_s3,down_bid_p4,down_bid_s4,down_bid_p5,down_bid_s5,down_ask_p1,down_ask_s1,down_ask_p2,down_ask_s2,down_ask_p3,down_ask_s3,down_ask_p4,down_ask_s4,down_ask_p5,down_ask_s5,up_spread,down_spread,hype_price,hype_oracle_ts
1776164711.755,11.755,0.44,5.0,0.38,10.0,0.34,14.0,0.33,5.0,0.32,5.0,0.55,21.0,0.56,5.0,0.57,5.0,0.58,5.0,0.59,5.0,0.45,21.0,0.44,5.0,0.43,5.0,0.42,5.0,0.41,5.0,0.56,5.0,0.62,10.0,0.66,14.0,0.67,5.0,0.68,5.0,0.11,0.11,44.925797,1776164710000
1776164712.037,12.037,0.44,5.0,0.38,10.0,0.34,14.0,0.33,5.0,0.32,5.0,0.55,21.0,0.56,5.0,0.57,5.0,0.58,5.0,0.59,5.0,0.45,21.0,0.44,5.0,0.43,5.0,0.42,5.0,0.41,5.0,0.56,5.0,0.62,10.0,0.66,14.0,0.67,5.0,0.68,5.0,0.11,0.11,44.925797,1776164710000
1776164713.178,13.178,0.44,5.0,0.38,10.0,0.34,14.0,0.33,5.0,0.32,5.0,0.55,21.0,0.56,5.0,0.57,5.0,0.58,5.0,0.59,5.0,0.45,21.0,0.44,5.0,0.43,5.0,0.42,5.0,0.41,5.0,0.56,5.0,0.62,10.0,0.66,14.0,0.67,5.0,0.68,5.0,0.11,0.11,44.928258,1776164712000
1776164714.245,14.245,0.44,5.0,0.38,10.0,0.34,14.0,0.33,5.0,0.32,5.0,0.55,21.0,0.56,5.0,0.57,5.0,0.58,5.0,0.59,5.0,0.45,21.0,0.44,5.0,0.43,5.0,0.42,5.0,0.41,5.0,0.56,5.0,0.62,10.0,0.66,14.0,0.67,5.0,0.68,5.0,0.11,0.11,44.926527,1776164713000
1776164715.24,15.24,0.44,5.0,0.38,10.0,0.34,14.0,0.33,5.0,0.32,5.0,0.55,21.0,0.56,5.0,0.57,5.0,0.58,5.0,0.59,5.0,0.45,21.0,0.44,5.0,0.43,5.0,0.42,5.0,0.41,5.0,0.56,5.0,0.62,10.0,0.66,14.0,0.67,5.0,0.68,5.0,0.11,0.11,44.926527,1776164714000
1776164716.425,16.425,0.44,5.0,0.38,10.0,0.34,14.0,0.33,5.0,0.32,5.0,0.55,21.0,0.56,5.0,0.57,5.0,0.58,5.0,0.59,5.0,0.45,21.0,0.44,5.0,0.43,5.0,0.42,5.0,0.41,5.0,0.56,5.0,0.62,10.0,0.66,14.0,0.67,5.0,0.68,5.0,0.11,0.11,44.927527,1776164715000
1776164718.112,18.112,0.44,5.0,0.38,10.0,0.34,14.0,0.33,5.0,0.32,5.0,0.55,21.0,0.56,5.0,0.57,5.0,0.58,5.0,0.59,5.0,0.45,21.0,0.44,5.0,0.43,5.0,0.42,5.0,0.41,5.0,0.56,5.0,0.62,10.0,0.66,14.0,0.67,5.0,0.68,5.0,0.11,0.11,44.928775,1776164717000
1776164718.758,18.758,0.54,5.0,0.53,5.0,0.52,5.0,0.51,5.0,0.5,5.0,0.67,15.0,0.71,10.0,0.77,5.0,0.78,5.0,0.79,5.0,0.45,21.0,0.44,5.0,0.43,5.0,0.42,5.0,0.41,5.0,0.56,5.0,0.62,10.0,0.66,14.0,0.67,5.0,0.68,5.0,0.13,0.11,44.928775,1776164717000
1776164719.062,19.062,0.54,5.0,0.53,5.0,0.52,5.0,0.51,5.0,0.5,5.0,0.67,15.0,0.71,10.0,0.77,5.0,0.78,5.0,0.79,5.0,0.33,15.0,0.29,10.0,0.23,5.0,0.22,5.0,0.21,5.0,0.46,5.0,0.47,5.0,0.48,5.0,0.49,5.0,0.5,5.0,0.13,0.13,44.928636,1776164718000
1776164720.139,20.139,0.54,5.0,0.53,5.0,0.52,5.0,0.51,5.0,0.5,5.0,0.67,15.0,0.71,10.0,0.77,5.0,0.78,5.0,0.79,5.0,0.33,15.0,0.29,10.0,0.23,5.0,0.22,5.0,0.21,5.0,0.46,5.0,0.47,5.0,0.48,5.0,0.49,5.0,0.5,5.0,0.13,0.13,44.934219,1776164719000
1776164721.092,21.092,0.54,5.0,0.53,5.0,0.52,5.0,0.51,5.0,0.5,5.0,0.67,15.0,0.71,10.0,0.77,5.0,0.78,5.0,0.79,5.0,0.33,15.0,0.29,10.0,0.23,5.0,0.22,5.0,0.21,5.0,0.46,5.0,0.47,5.0,0.48,5.0,0.49,5.0,0.5,5.0,0.13,0.13,44.94036,1776164720000
1776164722.147,22.147,0.54,5.0,0.53,5.0,0.52,5.0,0.51,5.0,0.5,5.0,0.67,15.0,0.71,10.0,0.77,5.0,0.78,5.0,0.79,5.0,0.33,15.0,0.29,10.0,0.23,5.0,0.22,5.0,0.21,5.0,0.46,5.0,0.47,5.0,0.48,5.0,0.49,5.0,0.5,5.0,0.13,0.13,44.94692,1776164721000
1776164723.165,23.165,0.54,5.0,0.53,5.0,0.52,5.0,0.51,5.0,0.5,5.0,0.67,15.0,0.71,10.0,0.77,5.0,0.78,5.0,0.79,5.0,0.33,15.0,0.29,10.0,0.23,5.0,0.22,5.0,0.21,5.0,0.46,5.0,0.47,5.0,0.48,5.0,0.49,5.0,0.5,5.0,0.13,0.13,44.943241,1776164722000
1776164724.107,24.107,0.54,5.0,0.53,5.0,0.52,5.0,0.51,5.0,0.5,5.0,0.67,15.0,0.71,10.0,0.77,5.0,0.78,5.0,0.79,5.0,0.33,15.0,0.29,10.0,0.23,5.0,0.22,5.0,0.21,5.0,0.46,5.0,0.47,5.0,0.48,5.0,0.49,5.0,0.5,5.0,0.13,0.13,44.943409,1776164723000
1776164725.191,25.191,0.54,5.0,0.53,5.0,0.52,5.0,0.51,5.0,0.5,5.0,0.67,15.0,0.71,10.0,0.77,5.0,0.78,5.0,0.79,5.0,0.33,15.0,0.29,10.0,0.23,5.0,0.22,5.0,0.21,5.0,0.46,5.0,0.47,5.0,0.48,5.0,0.49,5.0,0.5,5.0,0.13,0.13,44.944042,1776164724000
1776164726.134,26.134,0.54,5.0,0.53,5.0,0.52,5.0,0.51,5.0,0.5,5.0,0.67,15.0,0.71,10.0,0.77,5.0,0.78,5.0,0.79,5.0,0.33,15.0,0.29,10.0,0.23,5.0,0.22,5.0,0.21,5.0,0.46,5.0,0.47,5.0,0.48,5.0,0.49,5.0,0.5,5.0,0.13,0.13,44.939498,1776164725000
1776164727.133,27.133,0.54,5.0,0.53,5.0,0.52,5.0,0.51,5.0,0.5,5.0,0.67,15.0,0.71,10.0,0.77,5.0,0.78,5.0,0.79,5.0,0.33,15.0,0.29,10.0,0.23,5.0,0.22,5.0,0.21,5.0,0.46,5.0,0.47,5.0,0.48,5.0,0.49,5.0,0.5,5.0,0.13,0.13,44.939195,1776164726000
1776164728.126,28.126,0.54,5.0,0.53,5.0,0.52,5.0,0.51,5.0,0.5,5.0,0.67,15.0,0.71,10.0,0.77,5.0,0.78,5.0,0.79,5.0,0.33,15.0,0.29,10.0,0.23,5.0,0.22,5.0,0.21,5.0,0.46,5.0,0.47,5.0,0.48,5.0,0.49,5.0,0.5,5.0,0.13,0.13,44.939084,1776164727000
1776164729.118,29.118,0.54,5.0,0.53,5.0,0.52,5.0,0.51,5.0,0.5,5.0,0.67,15.0,0.71,10.0,0.77,5.0,0.78,5.0,0.79,5.0,0.33,15.0,0.29,10.0,0.23,5.0,0.22,5.0,0.21,5.0,0.46,5.0,0.47,5.0,0.48,5.0,0.49,5.0,0.5,5.0,0.13,0.13,44.938832,1776164728000
1776164730.109,30.109,0.54,5.0,0.53,5.0,0.52,5.0,0.51,5.0,0.5,5.0,0.67,15.0,0.71,10.0,0.77,5.0,0.78,5.0,0.79,5.0,0.33,15.0,0.29,10.0,0.23,5.0,0.22,5.0,0.21,5.0,0.46,5.0,0.47,5.0,0.48,5.0,0.49,5.0,0.5,5.0,0.13,0.13,44.935255,1776164729000
1776164731.171,31.171,0.54,5.0,0.53,5.0,0.52,5.0,0.51,5.0,0.5,5.0,0.67,15.0,0.71,10.0,0.77,5.0,0.78,5.0,0.79,5.0,0.33,15.0,0.29,10.0,0.23,5.0,0.22,5.0,0.21,5.0,0.46,5.0,0.47,5.0,0.48,5.0,0.49,5.0,0.5,5.0,0.13,0.13,44.935255,1776164730000
1776164732.299,32.299,0.54,5.0,0.53,5.0,0.52,5.0,0.51,5.0,0.5,5.0,0.67,15.0,0.71,10.0,0.77,5.0,0.78,5.0,0.79,5.0,0.33,15.0,0.29,10.0,0.23,5.0,0.22,5.0,0.21,5.0,0.46,5.0,0.47,5.0,0.48,5.0,0.49,5.0,0.5,5.0,0.13,0.13,44.936032,1776164731000
1776164733.696,33.696,0.54,5.0,0.53,5.0,0.52,5.0,0.51,5.0,0.5,5.0,0.67,15.0,0.71,10.0,0.77,5.0,0.78,5.0,0.79,5.0,0.33,15.0,0.29,10.0,0.23,5.0,0.22,5.0,0.21,5.0,0.46,5.0,0.47,5.0,0.48,5.0,0.49,5.0,0.5,5.0,0.13,0.13,44.936364,1776164732000
1776164734.213,34.213,0.54,5.0,0.53,5.0,0.52,5.0,0.51,5.0,0.5,5.0,0.67,15.0,0.71,10.0,0.77,5.0,0.78,5.0,0.79,5.0,0.33,15.0,0.29,10.0,0.23,5.0,0.22,5.0,0.21,5.0,0.46,5.0,0.47,5.0,0.48,5.0,0.49,5.0,0.5,5.0,0.13,0.13,44.935445,1776164733000
1776164742.565,42.565,0.54,5.0,0.53,5.0,0.52,5.0,0.51,5.0,0.5,5.0,0.67,15.0,0.71,10.0,0.77,5.0,0.78,5.0,0.79,5.0,0.33,15.0,0.29,10.0,0.23,5.0,0.22,5.0,0.21,5.0,0.46,5.0,0.47,5.0,0.48,5.0,0.49,5.0,0.5,5.0,0.13,0.13,44.937685,1776164741000
1776164743.141,43.141,0.54,5.0,0.53,5.0,0.52,5.0,0.51,5.0,0.5,5.0,0.67,15.0,0.71,10.0,0.77,5.0,0.78,5.0,0.79,5.0,0.33,15.0,0.29,10.0,0.23,5.0,0.22,5.0,0.21,5.0,0.46,5.0,0.47,5.0,0.48,5.0,0.49,5.0,0.5,5.0,0.13,0.13,44.937288,1776164742000
1776164744.24,44.24,0.54,5.0,0.53,5.0,0.52,5.0,0.51,5.0,0.5,5.0,0.67,15.0,0.71,10.0,0.77,5.0,0.78,5.0,0.79,5.0,0.33,15.0,0.29,10.0,0.23,5.0,0.22,5.0,0.21,5.0,0.46,5.0,0.47,5.0,0.48,5.0,0.49,5.0,0.5,5.0,0.13,0.13,44.939093,1776164743000
1776164745.309,45.309,0.54,5.0,0.53,5.0,0.52,5.0,0.51,5.0,0.5,5.0,0.67,15.0,0.71,10.0,0.77,5.0,0.78,5.0,0.79,5.0,0.33,15.0,0.29,10.0,0.23,5.0,0.22,5.0,0.21,5.0,0.46,5.0,0.47,5.0,0.48,5.0,0.49,5.0,0.5,5.0,0.13,0.13,44.938968,1776164744000
1776164746.355,46.355,0.54,5.0,0.53,5.0,0.52,5.0,0.51,5.0,0.5,5.0,0.67,15.0,0.71,10.0,0.77,5.0,0.78,5.0,0.79,5.0,0.33,15.0,0.29,10.0,0.23,5.0,0.22,5.0,0.21,5.0,0.46,5.0,0.47,5.0,0.48,5.0,0.49,5.0,0.5,5.0,0.13,0.13,44.940324,1776164745000
1776164746.967,46.967,0.54,5.0,0.53,5.0,0.52,5.0,0.51,5.0,0.5,5.0,0.67,15.0,0.71,10.0,0.77,5.0,0.78,5.0,0.79,5.0,0.33,15.0,0.29,10.0,0.23,5.0,0.22,5.0,0.21,5.0,0.46,5.0,0.47,5.0,0.48,5.0,0.49,5.0,0.5,5.0,0.13,0.13,44.939592,1776164746000
1776164747.867,47.867,0.54,5.0,0.53,5.0,0.52,5.0,0.51,5.0,0.5,5.0,0.67,15.0,0.71,10.0,0.77,5.0,0.78,5.0,0.79,5.0,0.33,15.0,0.29,10.0,0.23,5.0,0.22,5.0,0.21,5.0,0.46,5.0,0.47,5.0,0.48,5.0,0.49,5.0,0.5,5.0,0.13,0.13,44.939592,1776164747000
1776164749.21,49.21,0.54,5.0,0.53,5.0,0.52,5.0,0.51,5.0,0.5,5.0,0.67,15.0,0.71,10.0,0.77,5.0,0.78,5.0,0.79,5.0,0.33,15.0,0.29,10.0,0.23,5.0,0.22,5.0,0.21,5.0,0.46,5.0,0.47,5.0,0.48,5.0,0.49,5.0,0.5,5.0,0.13,0.13,44.939342,1776164748000
1776164750.129,50.129,0.54,5.0,0.53,5.0,0.52,5.0,0.51,5.0,0.5,5.0,0.67,15.0,0.71,10.0,0.77,5.0,0.78,5.0,0.79,5.0,0.33,15.0,0.29,10.0,0.23,5.0,0.22,5.0,0.21,5.0,0.46,5.0,0.47,5.0,0.48,5.0,0.49,5.0,0.5,5.0,0.13,0.13,44.939258,1776164749000
1776164751.181,51.181,0.54,5.0,0.53,5.0,0.52,5.0,0.51,5.0,0.5,5.0,0.67,15.0,0.71,10.0,0.77,5.0,0.78,5.0,0.79,5.0,0.33,15.0,0.29,10.0,0.23,5.0,0.22,5.0,0.21,5.0,0.46,5.0,0.47,5.0,0.48,5.0,0.49,5.0,0.5,5.0,0.13,0.13,44.938297,1776164750000
1776164752.11,52.11,0.54,5.0,0.53,5.0,0.52,5.0,0.51,5.0,0.5,5.0,0.67,15.0,0.71,10.0,0.77,5.0,0.78,5.0,0.79,5.0,0.33,15.0,0.29,10.0,0.23,5.0,0.22,5.0,0.21,5.0,0.46,5.0,0.47,5.0,0.48,5.0,0.49,5.0,0.5,5.0,0.13,0.13,44.928439,1776164751000
1776164753.048,53.048,0.54,5.0,0.53,5.0,0.52,5.0,0.51,5.0,0.5,5.0,0.67,15.0,0.71,10.0,0.77,5.0,0.78,5.0,0.79,5.0,0.33,15.0,0.29,10.0,0.23,5.0,0.22,5.0,0.21,5.0,0.46,5.0,0.47,5.0,0.48,5.0,0.49,5.0,0.5,5.0,0.13,0.13,44.93196,1776164752000
1776164753.971,53.971,0.54,5.0,0.53,5.0,0.52,5.0,0.51,5.0,0.5,5.0,0.67,15.0,0.71,10.0,0.77,5.0,0.78,5.0,0.79,5.0,0.33,15.0,0.29,10.0,0.23,5.0,0.22,5.0,0.21,5.0,0.46,5.0,0.47,5.0,0.48,5.0,0.49,5.0,0.5,5.0,0.13,0.13,44.933605,1776164753000
1776164754.808,54.808,0.54,5.0,0.53,5.0,0.52,5.0,0.51,5.0,0.5,5.0,0.67,15.0,0.71,10.0,0.77,5.0,0.78,5.0,0.79,5.0,0.33,15.0,0.29,10.0,0.23,5.0,0.22,5.0,0.21,5.0,0.46,5.0,0.47,5.0,0.48,5.0,0.49,5.0,0.5,5.0,0.13,0.13,44.93391,1776164754000
1776164755.87,55.87,0.54,5.0,0.53,5.0,0.52,5.0,0.51,5.0,0.5,5.0,0.67,15.0,0.71,10.0,0.77,5.0,0.78,5.0,0.79,5.0,0.33,15.0,0.29,10.0,0.23,5.0,0.22,5.0,0.21,5.0,0.46,5.0,0.47,5.0,0.48,5.0,0.49,5.0,0.5,5.0,0.13,0.13,44.934104,1776164755000
1776164756.768,56.768,0.54,5.0,0.53,5.0,0.52,5.0,0.51,5.0,0.5,5.0,0.67,15.0,0.71,10.0,0.77,5.0,0.78,5.0,0.79,5.0,0.33,15.0,0.29,10.0,0.23,5.0,0.22,5.0,0.21,5.0,0.46,5.0,0.47,5.0,0.48,5.0,0.49,5.0,0.5,5.0,0.13,0.13,44.934145,1776164756000
1776164758.769,58.769,0.54,5.0,0.53,5.0,0.52,5.0,0.51,5.0,0.5,5.0,0.67,15.0,0.71,10.0,0.77,5.0,0.78,5.0,0.79,5.0,0.33,15.0,0.29,10.0,0.23,5.0,0.22,5.0,0.21,5.0,0.46,5.0,0.47,5.0,0.48,5.0,0.49,5.0,0.5,5.0,0.13,0.13,44.934873,1776164757000
1776164759.198,59.198,0.54,5.0,0.53,5.0,0.52,5.0,0.51,5.0,0.5,5.0,0.67,15.0,0.71,10.0,0.77,5.0,0.78,5.0,0.79,5.0,0.33,15.0,0.29,10.0,0.23,5.0,0.22,5.0,0.21,5.0,0.46,5.0,0.47,5.0,0.48,5.0,0.49,5.0,0.5,5.0,0.13,0.13,44.936629,1776164758000
1776164760.033,60.033,0.54,5.0,0.53,5.0,0.52,5.0,0.51,5.0,0.5,5.0,0.67,15.0,0.71,10.0,0.77,5.0,0.78,5.0,0.79,5.0,0.33,15.0,0.29,10.0,0.23,5.0,0.22,5.0,0.21,5.0,0.46,5.0,0.47,5.0,0.48,5.0,0.49,5.0,0.5,5.0,0.13,0.13,44.938032,1776164759000
1776164761.087,61.087,0.54,5.0,0.53,5.0,0.52,5.0,0.51,5.0,0.5,5.0,0.67,15.0,0.71,10.0,0.77,5.0,0.78,5.0,0.79,5.0,0.33,15.0,0.29,10.0,0.23,5.0,0.22,5.0,0.21,5.0,0.46,5.0,0.47,5.0,0.48,5.0,0.49,5.0,0.5,5.0,0.13,0.13,44.937518,1776164760000
1776164762.008,62.008,0.54,5.0,0.53,5.0,0.52,5.0,0.51,5.0,0.5,5.0,0.67,15.0,0.71,10.0,0.77,5.0,0.78,5.0,0.79,5.0,0.33,15.0,0.29,10.0,0.23,5.0,0.22,5.0,0.21,5.0,0.46,5.0,0.47,5.0,0.48,5.0,0.49,5.0,0.5,5.0,0.13,0.13,44.936982,1776164761000
1776164762.935,62.935,0.54,5.0,0.53,5.0,0.52,5.0,0.51,5.0,0.5,5.0,0.67,15.0,0.71,10.0,0.77,5.0,0.78,5.0,0.79,5.0,0.33,15.0,0.29,10.0,0.23,5.0,0.22,5.0,0.21,5.0,0.46,5.0,0.47,5.0,0.48,5.0,0.49,5.0,0.5,5.0,0.13,0.13,44.937103,1776164762000
1776164763.938,63.938,0.54,5.0,0.53,5.0,0.52,5.0,0.51,5.0,0.5,5.0,0.67,15.0,0.71,10.0,0.77,5.0,0.78,5.0,0.79,5.0,0.33,15.0,0.29,10.0,0.23,5.0,0.22,5.0,0.21,5.0,0.46,5.0,0.47,5.0,0.48,5.0,0.49,5.0,0.5,5.0,0.13,0.13,44.937153,1776164763000
1776164764.782,64.782,0.54,5.0,0.53,5.0,0.52,5.0,0.51,5.0,0.5,5.0,0.67,15.0,0.71,10.0,0.77,5.0,0.78,5.0,0.79,5.0,0.33,15.0,0.29,10.0,0.23,5.0,0.22,5.0,0.21,5.0,0.46,5.0,0.47,5.0,0.48,5.0,0.49,5.0,0.5,5.0,0.13,0.13,44.937358,1776164764000
1776164766.221,66.221,0.54,5.0,0.53,5.0,0.52,5.0,0.51,5.0,0.5,5.0,0.67,15.0,0.71,10.0,0.77,5.0,0.78,5.0,0.79,5.0,0.33,15.0,0.29,10.0,0.23,5.0,0.22,5.0,0.21,5.0,0.46,5.0,0.47,5.0,0.48,5.0,0.49,5.0,0.5,5.0,0.13,0.13,44.937753,1776164765000
1776164767.126,67.126,0.54,5.0,0.53,5.0,0.52,5.0,0.51,5.0,0.5,5.0,0.67,15.0,0.71,10.0,0.77,5.0,0.78,5.0,0.79,5.0,0.33,15.0,0.29,10.0,0.23,5.0,0.22,5.0,0.21,5.0,0.46,5.0,0.47,5.0,0.48,5.0,0.49,5.0,0.5,5.0,0.13,0.13,44.93769,1776164766000
1776164768.126,68.126,0.54,5.0,0.53,5.0,0.52,5.0,0.51,5.0,0.5,5.0,0.67,15.0,0.71,10.0,0.77,5.0,0.78,5.0,0.79,5.0,0.33,15.0,0.29,10.0,0.23,5.0,0.22,5.0,0.21,5.0,0.46,5.0,0.47,5.0,0.48,5.0,0.49,5.0,0.5,5.0,0.13,0.13,44.93803,1776164767000
1776164769.11,69.11,0.54,5.0,0.53,5.0,0.52,5.0,0.51,5.0,0.5,5.0,0.67,15.0,0.71,10.0,0.77,5.0,0.78,5.0,0.79,5.0,0.33,15.0,0.29,10.0,0.23,5.0,0.22,5.0,0.21,5.0,0.46,5.0,0.47,5.0,0.48,5.0,0.49,5.0,0.5,5.0,0.13,0.13,44.93945,1776164768000
1776164770.052,70.052,0.54,5.0,0.53,5.0,0.52,5.0,0.51,5.0,0.5,5.0,0.67,15.0,0.71,10.0,0.77,5.0,0.78,5.0,0.79,5.0,0.33,15.0,0.29,10.0,0.23,5.0,0.22,5.0,0.21,5.0,0.46,5.0,0.47,5.0,0.48,5.0,0.49,5.0,0.5,5.0,0.13,0.13,44.93945,1776164769000
1776164771.297,71.297,0.54,5.0,0.53,5.0,0.52,5.0,0.51,5.0,0.5,5.0,0.67,15.0,0.71,10.0,0.77,5.0,0.78,5.0,0.79,5.0,0.33,15.0,0.29,10.0,0.23,5.0,0.22,5.0,0.21,5.0,0.46,5.0,0.47,5.0,0.48,5.0,0.49,5.0,0.5,5.0,0.13,0.13,44.940933,1776164770000
1776164771.905,71.905,0.54,5.0,0.53,5.0,0.52,5.0,0.51,5.0,0.5,5.0,0.67,15.0,0.71,10.0,0.77,5.0,0.78,5.0,0.79,5.0,0.33,15.0,0.29,10.0,0.23,5.0,0.22,5.0,0.21,5.0,0.46,5.0,0.47,5.0,0.48,5.0,0.49,5.0,0.5,5.0,0.13,0.13,44.95023,1776164771000
1776164773.154,73.154,0.54,5.0,0.53,5.0,0.52,5.0,0.51,5.0,0.5,5.0,0.67,15.0,0.71,10.0,0.77,5.0,0.78,5.0,0.79,5.0,0.33,15.0,0.29,10.0,0.23,5.0,0.22,5.0,0.21,5.0,0.46,5.0,0.47,5.0,0.48,5.0,0.49,5.0,0.5,5.0,0.13,0.13,44.948046,1776164772000
1776164773.528,73.528,0.72,4.1,0.71,5.0,0.68,10.0,0.66,7.0,0.53,15.0,0.74,15.0,0.75,15.0,0.76,15.0,0.77,15.0,0.78,15.0,0.33,15.0,0.29,10.0,0.23,5.0,0.22,5.0,0.21,5.0,0.46,5.0,0.47,5.0,0.48,5.0,0.49,5.0,0.5,5.0,0.02,0.13,44.948046,1776164772000
1776164774.256,74.256,0.72,4.1,0.71,5.0,0.68,10.0,0.66,7.0,0.53,15.0,0.74,15.0,0.75,15.0,0.76,15.0,0.77,15.0,0.78,15.0,0.26,15.0,0.25,15.0,0.24,15.0,0.23,15.0,0.22,15.0,0.28,4.1,0.29,5.0,0.32,10.0,0.34,7.0,0.47,15.0,0.02,0.02,44.947127,1776164773000
1776164775.379,75.379,0.72,4.1,0.71,5.0,0.68,10.0,0.66,7.0,0.53,15.0,0.74,15.0,0.75,15.0,0.76,15.0,0.77,15.0,0.78,15.0,0.26,15.0,0.25,15.0,0.24,15.0,0.23,15.0,0.22,15.0,0.28,4.1,0.29,5.0,0.32,10.0,0.34,7.0,0.47,15.0,0.02,0.02,44.965496,1776164774000
1776164775.914,75.914,0.72,4.1,0.71,5.0,0.68,10.0,0.66,7.0,0.53,15.0,0.74,15.0,0.75,15.0,0.76,15.0,0.77,15.0,0.78,15.0,0.26,15.0,0.25,15.0,0.24,15.0,0.23,15.0,0.22,15.0,0.28,4.1,0.29,5.0,0.32,10.0,0.34,7.0,0.47,15.0,0.02,0.02,44.96606,1776164775000
1776164777.078,77.078,0.72,4.1,0.71,5.0,0.68,10.0,0.66,7.0,0.53,15.0,0.74,15.0,0.75,15.0,0.76,15.0,0.77,15.0,0.78,15.0,0.26,15.0,0.25,15.0,0.24,15.0,0.23,15.0,0.22,15.0,0.28,4.1,0.29,5.0,0.32,10.0,0.34,7.0,0.47,15.0,0.02,0.02,44.971082,1776164776000
1776164778.18,78.18,0.72,4.1,0.71,5.0,0.68,10.0,0.66,7.0,0.53,15.0,0.74,15.0,0.75,15.0,0.76,15.0,0.77,15.0,0.78,15.0,0.26,15.0,0.25,15.0,0.24,15.0,0.23,15.0,0.22,15.0,0.28,4.1,0.29,5.0,0.32,10.0,0.34,7.0,0.47,15.0,0.02,0.02,44.968287,1776164777000
1776164779.367,79.367,0.72,4.1,0.71,5.0,0.68,10.0,0.66,7.0,0.53,15.0,0.74,15.0,0.75,15.0,0.76,15.0,0.77,15.0,0.78,15.0,0.26,15.0,0.25,15.0,0.24,15.0,0.23,15.0,0.22,15.0,0.28,4.1,0.29,5.0,0.32,10.0,0.34,7.0,0.47,15.0,0.02,0.02,44.972016,1776164778000
1776164779.95,79.95,0.72,4.1,0.71,5.0,0.68,10.0,0.66,7.0,0.53,15.0,0.74,15.0,0.75,15.0,0.76,15.0,0.77,15.0,0.78,15.0,0.26,15.0,0.25,15.0,0.24,15.0,0.23,15.0,0.22,15.0,0.28,4.1,0.29,5.0,0.32,10.0,0.34,7.0,0.47,15.0,0.02,0.02,44.972016,1776164779000
1776164781.193,81.193,0.72,4.1,0.71,5.0,0.68,10.0,0.66,7.0,0.53,15.0,0.74,15.0,0.75,15.0,0.76,15.0,0.77,15.0,0.78,15.0,0.26,15.0,0.25,15.0,0.24,15.0,0.23,15.0,0.22,15.0,0.28,4.1,0.29,5.0,0.32,10.0,0.34,7.0,0.47,15.0,0.02,0.02,44.965146,1776164780000
1776164782.329,82.329,0.72,4.1,0.71,5.0,0.68,10.0,0.66,7.0,0.53,15.0,0.74,15.0,0.75,15.0,0.76,15.0,0.77,15.0,0.78,15.0,0.26,15.0,0.25,15.0,0.24,15.0,0.23,15.0,0.22,15.0,0.28,4.1,0.29,5.0,0.32,10.0,0.34,7.0,0.47,15.0,0.02,0.02,44.962583,1776164781000
1776164782.942,82.942,0.72,4.1,0.71,5.0,0.68,10.0,0.66,7.0,0.53,15.0,0.74,15.0,0.75,15.0,0.76,15.0,0.77,15.0,0.78,15.0,0.26,15.0,0.25,15.0,0.24,15.0,0.23,15.0,0.22,15.0,0.28,4.1,0.29,5.0,0.32,10.0,0.34,7.0,0.47,15.0,0.02,0.02,44.962583,1776164782000
1776164784.168,84.168,0.72,4.1,0.71,5.0,0.68,10.0,0.66,7.0,0.53,15.0,0.74,15.0,0.75,15.0,0.76,15.0,0.77,15.0,0.78,15.0,0.26,15.0,0.25,15.0,0.24,15.0,0.23,15.0,0.22,15.0,0.28,4.1,0.29,5.0,0.32,10.0,0.34,7.0,0.47,15.0,0.02,0.02,44.968463,1776164783000
1776164784.37,84.37,0.84,10.0,0.64,7.0,0.59,73.0,0.58,15.0,0.57,15.0,0.85,6.5,0.86,15.0,0.87,15.0,0.88,15.0,0.89,15.0,0.26,15.0,0.25,15.0,0.24,15.0,0.23,15.0,0.22,15.0,0.28,4.1,0.29,5.0,0.32,10.0,0.34,7.0,0.47,15.0,0.01,0.02,44.968463,1776164783000
1776164785.302,85.302,0.84,10.0,0.64,7.0,0.59,73.0,0.58,15.0,0.57,15.0,0.85,6.5,0.86,15.0,0.87,15.0,0.88,15.0,0.89,15.0,0.15,6.5,0.14,15.0,0.13,15.0,0.12,15.0,0.11,15.0,0.16,10.0,0.36,7.0,0.41,73.0,0.42,15.0,0.43,15.0,0.01,0.01,44.976668,1776164784000
1776164786.454,86.454,0.84,10.0,0.64,7.0,0.59,73.0,0.58,15.0,0.57,15.0,0.85,6.5,0.86,15.0,0.87,15.0,0.88,15.0,0.89,15.0,0.15,6.5,0.14,15.0,0.13,15.0,0.12,15.0,0.11,15.0,0.16,10.0,0.36,7.0,0.41,73.0,0.42,15.0,0.43,15.0,0.01,0.01,44.99285,1776164785000
1776164787.007,87.007,0.84,10.0,0.64,7.0,0.59,73.0,0.58,15.0,0.57,15.0,0.85,6.5,0.86,15.0,0.87,15.0,0.88,15.0,0.89,15.0,0.15,6.5,0.14,15.0,0.13,15.0,0.12,15.0,0.11,15.0,0.16,10.0,0.36,7.0,0.41,73.0,0.42,15.0,0.43,15.0,0.01,0.01,44.99991,1776164786000
1776164787.928,87.928,0.84,10.0,0.64,7.0,0.59,73.0,0.58,15.0,0.57,15.0,0.85,6.5,0.86,15.0,0.87,15.0,0.88,15.0,0.89,15.0,0.15,6.5,0.14,15.0,0.13,15.0,0.12,15.0,0.11,15.0,0.16,10.0,0.36,7.0,0.41,73.0,0.42,15.0,0.43,15.0,0.01,0.01,45.002466,1776164787000
1776164788.916,88.916,0.84,10.0,0.64,7.0,0.59,73.0,0.58,15.0,0.57,15.0,0.85,6.5,0.86,15.0,0.87,15.0,0.88,15.0,0.89,15.0,0.15,6.5,0.14,15.0,0.13,15.0,0.12,15.0,0.11,15.0,0.16,10.0,0.36,7.0,0.41,73.0,0.42,15.0,0.43,15.0,0.01,0.01,45.002787,1776164788000
1776164789.908,89.908,0.84,10.0,0.64,7.0,0.59,73.0,0.58,15.0,0.57,15.0,0.85,6.5,0.86,15.0,0.87,15.0,0.88,15.0,0.89,15.0,0.15,6.5,0.14,15.0,0.13,15.0,0.12,15.0,0.11,15.0,0.16,10.0,0.36,7.0,0.41,73.0,0.42,15.0,0.43,15.0,0.01,0.01,45.001026,1776164789000
1776164790.96,90.96,0.84,10.0,0.64,7.0,0.59,73.0,0.58,15.0,0.57,15.0,0.85,6.5,0.86,15.0,0.87,15.0,0.88,15.0,0.89,15.0,0.15,6.5,0.14,15.0,0.13,15.0,0.12,15.0,0.11,15.0,0.16,10.0,0.36,7.0,0.41,73.0,0.42,15.0,0.43,15.0,0.01,0.01,44.998066,1776164790000
1776164791.876,91.876,0.84,10.0,0.64,7.0,0.59,73.0,0.58,15.0,0.57,15.0,0.85,6.5,0.86,15.0,0.87,15.0,0.88,15.0,0.89,15.0,0.15,6.5,0.14,15.0,0.13,15.0,0.12,15.0,0.11,15.0,0.16,10.0,0.36,7.0,0.41,73.0,0.42,15.0,0.43,15.0,0.01,0.01,44.996159,1776164791000
1776164792.958,92.958,0.83,11.77,0.81,10.0,0.72,15.0,0.71,15.0,0.7,15.0,0.84,15.0,0.85,15.0,0.86,15.0,0.87,15.0,0.88,15.0,0.16,15.0,0.15,15.0,0.14,15.0,0.13,15.0,0.12,15.0,0.17,11.77,0.19,10.0,0.28,15.0,0.29,15.0,0.3,15.0,0.01,0.01,44.995553,1776164792000
1776164794.042,94.042,0.83,11.77,0.81,10.0,0.72,15.0,0.71,15.0,0.7,15.0,0.84,15.0,0.85,15.0,0.86,15.0,0.87,15.0,0.88,15.0,0.16,15.0,0.15,15.0,0.14,15.0,0.13,15.0,0.12,15.0,0.17,11.77,0.19,10.0,0.28,15.0,0.29,15.0,0.3,15.0,0.01,0.01,44.994685,1776164793000
1776164794.94,94.94,0.83,11.77,0.81,10.0,0.72,15.0,0.71,15.0,0.7,15.0,0.84,15.0,0.85,15.0,0.86,15.0,0.87,15.0,0.88,15.0,0.16,15.0,0.15,15.0,0.14,15.0,0.13,15.0,0.12,15.0,0.17,11.77,0.19,10.0,0.28,15.0,0.29,15.0,0.3,15.0,0.01,0.01,44.995647,1776164794000
1776164795.988,95.988,0.83,11.77,0.81,10.0,0.72,15.0,0.71,15.0,0.7,15.0,0.84,15.0,0.85,15.0,0.86,15.0,0.87,15.0,0.88,15.0,0.16,15.0,0.15,15.0,0.14,15.0,0.13,15.0,0.12,15.0,0.17,11.77,0.19,10.0,0.28,15.0,0.29,15.0,0.3,15.0,0.01,0.01,44.995109,1776164795000
1776164797.002,97.002,0.83,11.77,0.81,10.0,0.72,15.0,0.71,15.0,0.7,15.0,0.84,15.0,0.85,15.0,0.86,15.0,0.87,15.0,0.88,15.0,0.16,15.0,0.15,15.0,0.14,15.0,0.13,15.0,0.12,15.0,0.17,11.77,0.19,10.0,0.28,15.0,0.29,15.0,0.3,15.0,0.01,0.01,44.993973,1776164796000
1776164798.009,98.009,0.83,11.77,0.81,10.0,0.72,15.0,0.71,15.0,0.7,15.0,0.84,15.0,0.85,15.0,0.86,15.0,0.87,15.0,0.88,15.0,0.16,15.0,0.15,15.0,0.14,15.0,0.13,15.0,0.12,15.0,0.17,11.77,0.19,10.0,0.28,15.0,0.29,15.0,0.3,15.0,0.01,0.01,44.990292,1776164797000
1776164799.677,99.677,0.83,11.77,0.81,10.0,0.72,15.0,0.71,15.0,0.7,15.0,0.84,15.0,0.85,15.0,0.86,15.0,0.87,15.0,0.88,15.0,0.16,15.0,0.15,15.0,0.14,15.0,0.13,15.0,0.12,15.0,0.17,11.77,0.19,10.0,0.28,15.0,0.29,15.0,0.3,15.0,0.01,0.01,44.990533,1776164798000
1776164800.434,100.434,0.83,11.77,0.81,10.0,0.72,15.0,0.71,15.0,0.7,15.0,0.84,15.0,0.85,15.0,0.86,15.0,0.87,15.0,0.88,15.0,0.16,15.0,0.15,15.0,0.14,15.0,0.13,15.0,0.12,15.0,0.17,11.77,0.19,10.0,0.28,15.0,0.29,15.0,0.3,15.0,0.01,0.01,44.992912,1776164799000
1776164801.165,101.165,0.83,11.77,0.81,10.0,0.72,15.0,0.71,15.0,0.7,15.0,0.84,15.0,0.85,15.0,0.86,15.0,0.87,15.0,0.88,15.0,0.16,15.0,0.15,15.0,0.14,15.0,0.13,15.0,0.12,15.0,0.17,11.77,0.19,10.0,0.28,15.0,0.29,15.0,0.3,15.0,0.01,0.01,44.993223,1776164800000
1776164802.703,102.703,0.83,11.77,0.81,10.0,0.72,15.0,0.71,15.0,0.7,15.0,0.84,15.0,0.85,15.0,0.86,15.0,0.87,15.0,0.88,15.0,0.16,15.0,0.15,15.0,0.14,15.0,0.13,15.0,0.12,15.0,0.17,11.77,0.19,10.0,0.28,15.0,0.29,15.0,0.3,15.0,0.01,0.01,44.992854,1776164801000
1776164803.58,103.58,0.83,11.77,0.81,10.0,0.72,15.0,0.71,15.0,0.7,15.0,0.84,15.0,0.85,15.0,0.86,15.0,0.87,15.0,0.88,15.0,0.16,15.0,0.15,15.0,0.14,15.0,0.13,15.0,0.12,15.0,0.17,11.77,0.19,10.0,0.28,15.0,0.29,15.0,0.3,15.0,0.01,0.01,44.991689,1776164802000
1776164804.107,104.107,0.83,11.77,0.81,10.0,0.72,15.0,0.71,15.0,0.7,15.0,0.84,15.0,0.85,15.0,0.86,15.0,0.87,15.0,0.88,15.0,0.16,15.0,0.15,15.0,0.14,15.0,0.13,15.0,0.12,15.0,0.17,11.77,0.19,10.0,0.28,15.0,0.29,15.0,0.3,15.0,0.01,0.01,44.991827,1776164803000
1776164805.327,105.327,0.83,11.77,0.81,10.0,0.72,15.0,0.71,15.0,0.7,15.0,0.84,15.0,0.85,15.0,0.86,15.0,0.87,15.0,0.88,15.0,0.16,15.0,0.15,15.0,0.14,15.0,0.13,15.0,0.12,15.0,0.17,11.77,0.19,10.0,0.28,15.0,0.29,15.0,0.3,15.0,0.01,0.01,44.993229,1776164804000
1776164806.734,106.734,0.83,11.77,0.81,10.0,0.72,15.0,0.71,15.0,0.7,15.0,0.84,15.0,0.85,15.0,0.86,15.0,0.87,15.0,0.88,15.0,0.16,15.0,0.15,15.0,0.14,15.0,0.13,15.0,0.12,15.0,0.17,11.77,0.19,10.0,0.28,15.0,0.29,15.0,0.3,15.0,0.01,0.01,44.993076,1776164805000
1776164807.258,107.258,0.83,11.77,0.81,10.0,0.72,15.0,0.71,15.0,0.7,15.0,0.84,15.0,0.85,15.0,0.86,15.0,0.87,15.0,0.88,15.0,0.16,15.0,0.15,15.0,0.14,15.0,0.13,15.0,0.12,15.0,0.17,11.77,0.19,10.0,0.28,15.0,0.29,15.0,0.3,15.0,0.01,0.01,44.993536,1776164806000
1776164808.825,108.825,0.83,11.77,0.81,10.0,0.72,15.0,0.71,15.0,0.7,15.0,0.84,15.0,0.85,15.0,0.86,15.0,0.87,15.0,0.88,15.0,0.16,15.0,0.15,15.0,0.14,15.0,0.13,15.0,0.12,15.0,0.17,11.77,0.19,10.0,0.28,15.0,0.29,15.0,0.3,15.0,0.01,0.01,44.993836,1776164807000
1776164809.526,109.526,0.83,11.77,0.81,10.0,0.72,15.0,0.71,15.0,0.7,15.0,0.84,15.0,0.85,15.0,0.86,15.0,0.87,15.0,0.88,15.0,0.16,15.0,0.15,15.0,0.14,15.0,0.13,15.0,0.12,15.0,0.17,11.77,0.19,10.0,0.28,15.0,0.29,15.0,0.3,15.0,0.01,0.01,44.993898,1776164808000
1776164810.119,110.119,0.83,11.77,0.81,10.0,0.72,15.0,0.71,15.0,0.7,15.0,0.84,15.0,0.85,15.0,0.86,15.0,0.87,15.0,0.88,15.0,0.16,15.0,0.15,15.0,0.14,15.0,0.13,15.0,0.12,15.0,0.17,11.77,0.19,10.0,0.28,15.0,0.29,15.0,0.3,15.0,0.01,0.01,44.993796,1776164809000
1776164811.518,111.518,0.83,11.77,0.81,10.0,0.72,15.0,0.71,15.0,0.7,15.0,0.84,15.0,0.85,15.0,0.86,15.0,0.87,15.0,0.88,15.0,0.16,15.0,0.15,15.0,0.14,15.0,0.13,15.0,0.12,15.0,0.17,11.77,0.19,10.0,0.28,15.0,0.29,15.0,0.3,15.0,0.01,0.01,44.992537,1776164810000
1776164812.064,112.064,0.83,11.77,0.81,10.0,0.72,15.0,0.71,15.0,0.7,15.0,0.84,15.0,0.85,15.0,0.86,15.0,0.87,15.0,0.88,15.0,0.16,15.0,0.15,15.0,0.14,15.0,0.13,15.0,0.12,15.0,0.17,11.77,0.19,10.0,0.28,15.0,0.29,15.0,0.3,15.0,0.01,0.01,44.991115,1776164811000
1776164813.51,113.51,0.83,11.77,0.81,10.0,0.72,15.0,0.71,15.0,0.7,15.0,0.84,15.0,0.85,15.0,0.86,15.0,0.87,15.0,0.88,15.0,0.16,15.0,0.15,15.0,0.14,15.0,0.13,15.0,0.12,15.0,0.17,11.77,0.19,10.0,0.28,15.0,0.29,15.0,0.3,15.0,0.01,0.01,44.993788,1776164812000
1776164814.115,114.115,0.83,11.77,0.81,10.0,0.72,15.0,0.71,15.0,0.7,15.0,0.84,15.0,0.85,15.0,0.86,15.0,0.87,15.0,0.88,15.0,0.16,15.0,0.15,15.0,0.14,15.0,0.13,15.0,0.12,15.0,0.17,11.77,0.19,10.0,0.28,15.0,0.29,15.0,0.3,15.0,0.01,0.01,44.993788,1776164813000
1776164815.423,115.423,0.83,11.77,0.81,10.0,0.72,15.0,0.71,15.0,0.7,15.0,0.84,15.0,0.85,15.0,0.86,15.0,0.87,15.0,0.88,15.0,0.16,15.0,0.15,15.0,0.14,15.0,0.13,15.0,0.12,15.0,0.17,11.77,0.19,10.0,0.28,15.0,0.29,15.0,0.3,15.0,0.01,0.01,44.996247,1776164814000
1776164816.063,116.063,0.83,11.77,0.81,10.0,0.72,15.0,0.71,15.0,0.7,15.0,0.84,15.0,0.85,15.0,0.86,15.0,0.87,15.0,0.88,15.0,0.16,15.0,0.15,15.0,0.14,15.0,0.13,15.0,0.12,15.0,0.17,11.77,0.19,10.0,0.28,15.0,0.29,15.0,0.3,15.0,0.01,0.01,44.996247,1776164815000
1776164816.974,116.974,0.83,11.77,0.81,10.0,0.72,15.0,0.71,15.0,0.7,15.0,0.84,15.0,0.85,15.0,0.86,15.0,0.87,15.0,0.88,15.0,0.16,15.0,0.15,15.0,0.14,15.0,0.13,15.0,0.12,15.0,0.17,11.77,0.19,10.0,0.28,15.0,0.29,15.0,0.3,15.0,0.01,0.01,44.996247,1776164816000
1776164817.959,117.959,0.83,11.77,0.81,10.0,0.72,15.0,0.71,15.0,0.7,15.0,0.84,15.0,0.85,15.0,0.86,15.0,0.87,15.0,0.88,15.0,0.16,15.0,0.15,15.0,0.14,15.0,0.13,15.0,0.12,15.0,0.17,11.77,0.19,10.0,0.28,15.0,0.29,15.0,0.3,15.0,0.01,0.01,44.996376,1776164817000
1776164819.069,119.069,0.83,11.77,0.81,10.0,0.72,15.0,0.71,15.0,0.7,15.0,0.84,15.0,0.85,15.0,0.86,15.0,0.87,15.0,0.88,15.0,0.16,15.0,0.15,15.0,0.14,15.0,0.13,15.0,0.12,15.0,0.17,11.77,0.19,10.0,0.28,15.0,0.29,15.0,0.3,15.0,0.01,0.01,44.996282,1776164818000
1776164820.009,120.009,0.83,11.77,0.81,10.0,0.72,15.0,0.71,15.0,0.7,15.0,0.84,15.0,0.85,15.0,0.86,15.0,0.87,15.0,0.88,15.0,0.16,15.0,0.15,15.0,0.14,15.0,0.13,15.0,0.12,15.0,0.17,11.77,0.19,10.0,0.28,15.0,0.29,15.0,0.3,15.0,0.01,0.01,44.996463,1776164819000
1776164820.985,120.985,0.83,11.77,0.81,10.0,0.72,15.0,0.71,15.0,0.7,15.0,0.84,15.0,0.85,15.0,0.86,15.0,0.87,15.0,0.88,15.0,0.16,15.0,0.15,15.0,0.14,15.0,0.13,15.0,0.12,15.0,0.17,11.77,0.19,10.0,0.28,15.0,0.29,15.0,0.3,15.0,0.01,0.01,44.996523,1776164820000
1776164822.038,122.038,0.83,11.77,0.81,10.0,0.72,15.0,0.71,15.0,0.7,15.0,0.84,15.0,0.85,15.0,0.86,15.0,0.87,15.0,0.88,15.0,0.16,15.0,0.15,15.0,0.14,15.0,0.13,15.0,0.12,15.0,0.17,11.77,0.19,10.0,0.28,15.0,0.29,15.0,0.3,15.0,0.01,0.01,44.996481,1776164821000
1776164823.059,123.059,0.83,11.77,0.81,10.0,0.72,15.0,0.71,15.0,0.7,15.0,0.84,15.0,0.85,15.0,0.86,15.0,0.87,15.0,0.88,15.0,0.16,15.0,0.15,15.0,0.14,15.0,0.13,15.0,0.12,15.0,0.17,11.77,0.19,10.0,0.28,15.0,0.29,15.0,0.3,15.0,0.01,0.01,44.997606,1776164822000
1776164824.058,124.058,0.83,11.77,0.81,10.0,0.72,15.0,0.71,15.0,0.7,15.0,0.84,15.0,0.85,15.0,0.86,15.0,0.87,15.0,0.88,15.0,0.16,15.0,0.15,15.0,0.14,15.0,0.13,15.0,0.12,15.0,0.17,11.77,0.19,10.0,0.28,15.0,0.29,15.0,0.3,15.0,0.01,0.01,44.99762,1776164823000
1776164824.946,124.946,0.83,11.77,0.81,10.0,0.72,15.0,0.71,15.0,0.7,15.0,0.84,15.0,0.85,15.0,0.86,15.0,0.87,15.0,0.88,15.0,0.16,15.0,0.15,15.0,0.14,15.0,0.13,15.0,0.12,15.0,0.17,11.77,0.19,10.0,0.28,15.0,0.29,15.0,0.3,15.0,0.01,0.01,44.99735,1776164824000
1776164826.045,126.045,0.83,11.77,0.81,10.0,0.72,15.0,0.71,15.0,0.7,15.0,0.84,15.0,0.85,15.0,0.86,15.0,0.87,15.0,0.88,15.0,0.16,15.0,0.15,15.0,0.14,15.0,0.13,15.0,0.12,15.0,0.17,11.77,0.19,10.0,0.28,15.0,0.29,15.0,0.3,15.0,0.01,0.01,44.996493,1776164825000
1776164826.936,126.936,0.83,11.77,0.81,10.0,0.72,15.0,0.71,15.0,0.7,15.0,0.84,15.0,0.85,15.0,0.86,15.0,0.87,15.0,0.88,15.0,0.16,15.0,0.15,15.0,0.14,15.0,0.13,15.0,0.12,15.0,0.17,11.77,0.19,10.0,0.28,15.0,0.29,15.0,0.3,15.0,0.01,0.01,44.996505,1776164826000
1776164827.95,127.95,0.83,11.77,0.81,10.0,0.72,15.0,0.71,15.0,0.7,15.0,0.84,15.0,0.85,15.0,0.86,15.0,0.87,15.0,0.88,15.0,0.16,15.0,0.15,15.0,0.14,15.0,0.13,15.0,0.12,15.0,0.17,11.77,0.19,10.0,0.28,15.0,0.29,15.0,0.3,15.0,0.01,0.01,44.996505,1776164827000
1776164828.85,128.85,0.83,11.77,0.81,10.0,0.72,15.0,0.71,15.0,0.7,15.0,0.84,15.0,0.85,15.0,0.86,15.0,0.87,15.0,0.88,15.0,0.16,15.0,0.15,15.0,0.14,15.0,0.13,15.0,0.12,15.0,0.17,11.77,0.19,10.0,0.28,15.0,0.29,15.0,0.3,15.0,0.01,0.01,44.997266,1776164828000
1776164830.38,130.38,0.83,11.77,0.81,10.0,0.72,15.0,0.71,15.0,0.7,15.0,0.84,15.0,0.85,15.0,0.86,15.0,0.87,15.0,0.88,15.0,0.16,15.0,0.15,15.0,0.14,15.0,0.13,15.0,0.12,15.0,0.17,11.77,0.19,10.0,0.28,15.0,0.29,15.0,0.3,15.0,0.01,0.01,44.99742,1776164829000
1776164831.014,131.014,0.83,11.77,0.81,10.0,0.72,15.0,0.71,15.0,0.7,15.0,0.84,15.0,0.85,15.0,0.86,15.0,0.87,15.0,0.88,15.0,0.16,15.0,0.15,15.0,0.14,15.0,0.13,15.0,0.12,15.0,0.17,11.77,0.19,10.0,0.28,15.0,0.29,15.0,0.3,15.0,0.01,0.01,44.99742,1776164830000
1776164832.211,132.211,0.83,11.77,0.81,10.0,0.72,15.0,0.71,15.0,0.7,15.0,0.84,15.0,0.85,15.0,0.86,15.0,0.87,15.0,0.88,15.0,0.16,15.0,0.15,15.0,0.14,15.0,0.13,15.0,0.12,15.0,0.17,11.77,0.19,10.0,0.28,15.0,0.29,15.0,0.3,15.0,0.01,0.01,44.997424,1776164831000
1776164833.256,133.256,0.83,11.77,0.81,10.0,0.72,15.0,0.71,15.0,0.7,15.0,0.84,15.0,0.85,15.0,0.86,15.0,0.87,15.0,0.88,15.0,0.16,15.0,0.15,15.0,0.14,15.0,0.13,15.0,0.12,15.0,0.17,11.77,0.19,10.0,0.28,15.0,0.29,15.0,0.3,15.0,0.01,0.01,44.997306,1776164832000
1776164835.06,135.06,0.83,11.77,0.81,10.0,0.72,15.0,0.71,15.0,0.7,15.0,0.84,15.0,0.85,15.0,0.86,15.0,0.87,15.0,0.88,15.0,0.16,15.0,0.15,15.0,0.14,15.0,0.13,15.0,0.12,15.0,0.17,11.77,0.19,10.0,0.28,15.0,0.29,15.0,0.3,15.0,0.01,0.01,44.997101,1776164834000
1776164836.39,136.39,0.83,11.77,0.81,10.0,0.72,15.0,0.71,15.0,0.7,15.0,0.84,15.0,0.85,15.0,0.86,15.0,0.87,15.0,0.88,15.0,0.16,15.0,0.15,15.0,0.14,15.0,0.13,15.0,0.12,15.0,0.17,11.77,0.19,10.0,0.28,15.0,0.29,15.0,0.3,15.0,0.01,0.01,44.995981,1776164835000
1776164837.548,137.548,0.83,11.77,0.81,10.0,0.72,15.0,0.71,15.0,0.7,15.0,0.84,15.0,0.85,15.0,0.86,15.0,0.87,15.0,0.88,15.0,0.16,15.0,0.15,15.0,0.14,15.0,0.13,15.0,0.12,15.0,0.17,11.77,0.19,10.0,0.28,15.0,0.29,15.0,0.3,15.0,0.01,0.01,44.992788,1776164836000
1776164838.302,138.302,0.78,21.0,0.77,15.0,0.76,15.0,0.75,15.0,0.74,15.0,0.86,15.0,0.87,15.0,0.88,15.0,0.89,15.0,0.9,15.0,0.14,15.0,0.13,15.0,0.12,15.0,0.11,15.0,0.1,15.0,0.22,21.0,0.23,15.0,0.24,15.0,0.25,15.0,0.26,15.0,0.08,0.08,44.992788,1776164837000
1776164839.427,139.427,0.78,21.0,0.77,15.0,0.76,15.0,0.75,15.0,0.74,15.0,0.86,15.0,0.87,15.0,0.88,15.0,0.89,15.0,0.9,15.0,0.14,15.0,0.13,15.0,0.12,15.0,0.11,15.0,0.1,15.0,0.22,21.0,0.23,15.0,0.24,15.0,0.25,15.0,0.26,15.0,0.08,0.08,44.992648,1776164838000
1776164840.169,140.169,0.78,21.0,0.77,15.0,0.76,15.0,0.75,15.0,0.74,15.0,0.86,15.0,0.87,15.0,0.88,15.0,0.89,15.0,0.9,15.0,0.14,15.0,0.13,15.0,0.12,15.0,0.11,15.0,0.1,15.0,0.22,21.0,0.23,15.0,0.24,15.0,0.25,15.0,0.26,15.0,0.08,0.08,44.992648,1776164839000
1776164841.358,141.358,0.78,21.0,0.77,15.0,0.76,15.0,0.75,15.0,0.74,15.0,0.86,15.0,0.87,15.0,0.88,15.0,0.89,15.0,0.9,15.0,0.14,15.0,0.13,15.0,0.12,15.0,0.11,15.0,0.1,15.0,0.22,21.0,0.23,15.0,0.24,15.0,0.25,15.0,0.26,15.0,0.08,0.08,44.99387,1776164840000
1776164842.64,142.64,0.78,21.0,0.77,15.0,0.76,15.0,0.75,15.0,0.74,15.0,0.86,15.0,0.87,15.0,0.88,15.0,0.89,15.0,0.9,15.0,0.14,15.0,0.13,15.0,0.12,15.0,0.11,15.0,0.1,15.0,0.22,21.0,0.23,15.0,0.24,15.0,0.25,15.0,0.26,15.0,0.08,0.08,44.992236,1776164841000
1776164843.347,143.347,0.78,21.0,0.77,15.0,0.76,15.0,0.75,15.0,0.74,15.0,0.86,15.0,0.87,15.0,0.88,15.0,0.89,15.0,0.9,15.0,0.14,15.0,0.13,15.0,0.12,15.0,0.11,15.0,0.1,15.0,0.22,21.0,0.23,15.0,0.24,15.0,0.25,15.0,0.26,15.0,0.08,0.08,44.992236,1776164842000
1776164844.684,144.684,0.78,21.0,0.77,15.0,0.76,15.0,0.75,15.0,0.74,15.0,0.86,15.0,0.87,15.0,0.88,15.0,0.89,15.0,0.9,15.0,0.14,15.0,0.13,15.0,0.12,15.0,0.11,15.0,0.1,15.0,0.22,21.0,0.23,15.0,0.24,15.0,0.25,15.0,0.26,15.0,0.08,0.08,44.992236,1776164843000
1776164845.42,145.42,0.78,21.0,0.77,15.0,0.76,15.0,0.75,15.0,0.74,15.0,0.86,15.0,0.87,15.0,0.88,15.0,0.89,15.0,0.9,15.0,0.14,15.0,0.13,15.0,0.12,15.0,0.11,15.0,0.1,15.0,0.22,21.0,0.23,15.0,0.24,15.0,0.25,15.0,0.26,15.0,0.08,0.08,44.992705,1776164844000
1776164846.272,146.272,0.78,21.0,0.77,15.0,0.76,15.0,0.75,15.0,0.74,15.0,0.86,15.0,0.87,15.0,0.88,15.0,0.89,15.0,0.9,15.0,0.14,15.0,0.13,15.0,0.12,15.0,0.11,15.0,0.1,15.0,0.22,21.0,0.23,15.0,0.24,15.0,0.25,15.0,0.26,15.0,0.08,0.08,44.992705,1776164845000
1776164847.248,147.248,0.78,21.0,0.77,15.0,0.76,15.0,0.75,15.0,0.74,15.0,0.86,15.0,0.87,15.0,0.88,15.0,0.89,15.0,0.9,15.0,0.14,15.0,0.13,15.0,0.12,15.0,0.11,15.0,0.1,15.0,0.22,21.0,0.23,15.0,0.24,15.0,0.25,15.0,0.26,15.0,0.08,0.08,44.992705,1776164846000
1776164848.291,148.291,0.78,21.0,0.77,15.0,0.76,15.0,0.75,15.0,0.74,15.0,0.86,15.0,0.87,15.0,0.88,15.0,0.89,15.0,0.9,15.0,0.14,15.0,0.13,15.0,0.12,15.0,0.11,15.0,0.1,15.0,0.22,21.0,0.23,15.0,0.24,15.0,0.25,15.0,0.26,15.0,0.08,0.08,44.992901,1776164847000
1776164849.405,149.405,0.78,21.0,0.77,15.0,0.76,15.0,0.75,15.0,0.74,15.0,0.86,15.0,0.87,15.0,0.88,15.0,0.89,15.0,0.9,15.0,0.14,15.0,0.13,15.0,0.12,15.0,0.11,15.0,0.1,15.0,0.22,21.0,0.23,15.0,0.24,15.0,0.25,15.0,0.26,15.0,0.08,0.08,44.992845,1776164848000
1776164850.069,150.069,0.78,21.0,0.77,15.0,0.76,15.0,0.75,15.0,0.74,15.0,0.86,15.0,0.87,15.0,0.88,15.0,0.89,15.0,0.9,15.0,0.14,15.0,0.13,15.0,0.12,15.0,0.11,15.0,0.1,15.0,0.22,21.0,0.23,15.0,0.24,15.0,0.25,15.0,0.26,15.0,0.08,0.08,44.992048,1776164849000
1776164851.084,151.084,0.78,21.0,0.77,15.0,0.76,15.0,0.75,15.0,0.74,15.0,0.86,15.0,0.87,15.0,0.88,15.0,0.89,15.0,0.9,15.0,0.14,15.0,0.13,15.0,0.12,15.0,0.11,15.0,0.1,15.0,0.22,21.0,0.23,15.0,0.24,15.0,0.25,15.0,0.26,15.0,0.08,0.08,44.992048,1776164850000
1776164852.226,152.226,0.78,21.0,0.77,15.0,0.76,15.0,0.75,15.0,0.74,15.0,0.86,15.0,0.87,15.0,0.88,15.0,0.89,15.0,0.9,15.0,0.14,15.0,0.13,15.0,0.12,15.0,0.11,15.0,0.1,15.0,0.22,21.0,0.23,15.0,0.24,15.0,0.25,15.0,0.26,15.0,0.08,0.08,44.990469,1776164851000
1776164853.18,153.18,0.78,21.0,0.77,15.0,0.76,15.0,0.75,15.0,0.74,15.0,0.86,15.0,0.87,15.0,0.88,15.0,0.89,15.0,0.9,15.0,0.14,15.0,0.13,15.0,0.12,15.0,0.11,15.0,0.1,15.0,0.22,21.0,0.23,15.0,0.24,15.0,0.25,15.0,0.26,15.0,0.08,0.08,44.986106,1776164852000
1776164854.185,154.185,0.78,21.0,0.77,15.0,0.76,15.0,0.75,15.0,0.74,15.0,0.86,15.0,0.87,15.0,0.88,15.0,0.89,15.0,0.9,15.0,0.14,15.0,0.13,15.0,0.12,15.0,0.11,15.0,0.1,15.0,0.22,21.0,0.23,15.0,0.24,15.0,0.25,15.0,0.26,15.0,0.08,0.08,44.986623,1776164853000
1776164855.456,155.456,0.78,21.0,0.77,15.0,0.76,15.0,0.75,15.0,0.74,15.0,0.86,15.0,0.87,15.0,0.88,15.0,0.89,15.0,0.9,15.0,0.14,15.0,0.13,15.0,0.12,15.0,0.11,15.0,0.1,15.0,0.22,21.0,0.23,15.0,0.24,15.0,0.25,15.0,0.26,15.0,0.08,0.08,44.993265,1776164854000
1776164855.945,155.945,0.78,21.0,0.77,15.0,0.76,15.0,0.75,15.0,0.74,15.0,0.86,15.0,0.87,15.0,0.88,15.0,0.89,15.0,0.9,15.0,0.14,15.0,0.13,15.0,0.12,15.0,0.11,15.0,0.1,15.0,0.22,21.0,0.23,15.0,0.24,15.0,0.25,15.0,0.26,15.0,0.08,0.08,44.99571,1776164855000
1776164857.044,157.044,0.78,21.0,0.77,15.0,0.76,15.0,0.75,15.0,0.74,15.0,0.86,15.0,0.87,15.0,0.88,15.0,0.89,15.0,0.9,15.0,0.14,15.0,0.13,15.0,0.12,15.0,0.11,15.0,0.1,15.0,0.22,21.0,0.23,15.0,0.24,15.0,0.25,15.0,0.26,15.0,0.08,0.08,44.996391,1776164856000
1776164858.205,158.205,0.78,21.0,0.77,15.0,0.76,15.0,0.75,15.0,0.74,15.0,0.86,15.0,0.87,15.0,0.88,15.0,0.89,15.0,0.9,15.0,0.14,15.0,0.13,15.0,0.12,15.0,0.11,15.0,0.1,15.0,0.22,21.0,0.23,15.0,0.24,15.0,0.25,15.0,0.26,15.0,0.08,0.08,44.996453,1776164857000
1776164859.112,159.112,0.78,21.0,0.77,15.0,0.76,15.0,0.75,15.0,0.74,15.0,0.86,15.0,0.87,15.0,0.88,15.0,0.89,15.0,0.9,15.0,0.14,15.0,0.13,15.0,0.12,15.0,0.11,15.0,0.1,15.0,0.22,21.0,0.23,15.0,0.24,15.0,0.25,15.0,0.26,15.0,0.08,0.08,44.996453,1776164858000
1776164860.206,160.206,0.78,21.0,0.77,15.0,0.76,15.0,0.75,15.0,0.74,15.0,0.86,15.0,0.87,15.0,0.88,15.0,0.89,15.0,0.9,15.0,0.14,15.0,0.13,15.0,0.12,15.0,0.11,15.0,0.1,15.0,0.22,21.0,0.23,15.0,0.24,15.0,0.25,15.0,0.26,15.0,0.08,0.08,44.996452,1776164859000
1776164862.176,162.176,0.78,21.0,0.77,15.0,0.76,15.0,0.75,15.0,0.74,15.0,0.86,15.0,0.87,15.0,0.88,15.0,0.89,15.0,0.9,15.0,0.14,15.0,0.13,15.0,0.12,15.0,0.11,15.0,0.1,15.0,0.22,21.0,0.23,15.0,0.24,15.0,0.25,15.0,0.26,15.0,0.08,0.08,44.996445,1776164861000
1776164863.249,163.249,0.78,21.0,0.77,15.0,0.76,15.0,0.75,15.0,0.74,15.0,0.86,15.0,0.87,15.0,0.88,15.0,0.89,15.0,0.9,15.0,0.14,15.0,0.13,15.0,0.12,15.0,0.11,15.0,0.1,15.0,0.22,21.0,0.23,15.0,0.24,15.0,0.25,15.0,0.26,15.0,0.08,0.08,44.996445,1776164862000
1776164864.47,164.47,0.78,21.0,0.77,15.0,0.76,15.0,0.75,15.0,0.74,15.0,0.86,15.0,0.87,15.0,0.88,15.0,0.89,15.0,0.9,15.0,0.14,15.0,0.13,15.0,0.12,15.0,0.11,15.0,0.1,15.0,0.22,21.0,0.23,15.0,0.24,15.0,0.25,15.0,0.26,15.0,0.08,0.08,44.996445,1776164863000
1776164864.926,164.926,0.78,21.0,0.77,15.0,0.76,15.0,0.75,15.0,0.74,15.0,0.86,15.0,0.87,15.0,0.88,15.0,0.89,15.0,0.9,15.0,0.14,15.0,0.13,15.0,0.12,15.0,0.11,15.0,0.1,15.0,0.22,21.0,0.23,15.0,0.24,15.0,0.25,15.0,0.26,15.0,0.08,0.08,44.98945,1776164864000
1776164866.167,166.167,0.78,21.0,0.77,15.0,0.76,15.0,0.75,15.0,0.74,15.0,0.86,15.0,0.87,15.0,0.88,15.0,0.89,15.0,0.9,15.0,0.14,15.0,0.13,15.0,0.12,15.0,0.11,15.0,0.1,15.0,0.22,21.0,0.23,15.0,0.24,15.0,0.25,15.0,0.26,15.0,0.08,0.08,44.982072,1776164865000
1776164867.76,167.76,0.78,21.0,0.77,15.0,0.76,15.0,0.75,15.0,0.74,15.0,0.86,15.0,0.87,15.0,0.88,15.0,0.89,15.0,0.9,15.0,0.14,15.0,0.13,15.0,0.12,15.0,0.11,15.0,0.1,15.0,0.22,21.0,0.23,15.0,0.24,15.0,0.25,15.0,0.26,15.0,0.08,0.08,44.982511,1776164866000
1776164868.465,168.465,0.78,21.0,0.77,15.0,0.76,15.0,0.75,15.0,0.74,15.0,0.86,15.0,0.87,15.0,0.88,15.0,0.89,15.0,0.9,15.0,0.14,15.0,0.13,15.0,0.12,15.0,0.11,15.0,0.1,15.0,0.22,21.0,0.23,15.0,0.24,15.0,0.25,15.0,0.26,15.0,0.08,0.08,44.982511,1776164867000
1776164868.992,168.992,0.78,21.0,0.77,15.0,0.76,15.0,0.75,15.0,0.74,15.0,0.86,15.0,0.87,15.0,0.88,15.0,0.89,15.0,0.9,15.0,0.14,15.0,0.13,15.0,0.12,15.0,0.11,15.0,0.1,15.0,0.22,21.0,0.23,15.0,0.24,15.0,0.25,15.0,0.26,15.0,0.08,0.08,44.982505,1776164868000
1776164870.094,170.094,0.78,21.0,0.77,15.0,0.76,15.0,0.75,15.0,0.74,15.0,0.86,15.0,0.87,15.0,0.88,15.0,0.89,15.0,0.9,15.0,0.14,15.0,0.13,15.0,0.12,15.0,0.11,15.0,0.1,15.0,0.22,21.0,0.23,15.0,0.24,15.0,0.25,15.0,0.26,15.0,0.08,0.08,44.979609,1776164869000
1776164871.239,171.239,0.78,21.0,0.77,15.0,0.76,15.0,0.75,15.0,0.74,15.0,0.86,15.0,0.87,15.0,0.88,15.0,0.89,15.0,0.9,15.0,0.14,15.0,0.13,15.0,0.12,15.0,0.11,15.0,0.1,15.0,0.22,21.0,0.23,15.0,0.24,15.0,0.25,15.0,0.26,15.0,0.08,0.08,44.975771,1776164870000
1776164872.462,172.462,0.78,21.0,0.77,15.0,0.76,15.0,0.75,15.0,0.74,15.0,0.86,15.0,0.87,15.0,0.88,15.0,0.89,15.0,0.9,15.0,0.14,15.0,0.13,15.0,0.12,15.0,0.11,15.0,0.1,15.0,0.22,21.0,0.23,15.0,0.24,15.0,0.25,15.0,0.26,15.0,0.08,0.08,44.975741,1776164871000
1776164873.128,173.128,0.78,21.0,0.77,15.0,0.76,15.0,0.75,15.0,0.74,15.0,0.86,15.0,0.87,15.0,0.88,15.0,0.89,15.0,0.9,15.0,0.14,15.0,0.13,15.0,0.12,15.0,0.11,15.0,0.1,15.0,0.22,21.0,0.23,15.0,0.24,15.0,0.25,15.0,0.26,15.0,0.08,0.08,44.97629,1776164872000
1776164874.23,174.23,0.78,21.0,0.77,15.0,0.76,15.0,0.75,15.0,0.74,15.0,0.86,15.0,0.87,15.0,0.88,15.0,0.89,15.0,0.9,15.0,0.14,15.0,0.13,15.0,0.12,15.0,0.11,15.0,0.1,15.0,0.22,21.0,0.23,15.0,0.24,15.0,0.25,15.0,0.26,15.0,0.08,0.08,44.976711,1776164873000
1776164875.323,175.323,0.78,21.0,0.77,15.0,0.76,15.0,0.75,15.0,0.74,15.0,0.86,15.0,0.87,15.0,0.88,15.0,0.89,15.0,0.9,15.0,0.14,15.0,0.13,15.0,0.12,15.0,0.11,15.0,0.1,15.0,0.22,21.0,0.23,15.0,0.24,15.0,0.25,15.0,0.26,15.0,0.08,0.08,44.976517,1776164874000
1776164876.412,176.412,0.78,21.0,0.77,15.0,0.76,15.0,0.75,15.0,0.74,15.0,0.86,15.0,0.87,15.0,0.88,15.0,0.89,15.0,0.9,15.0,0.14,15.0,0.13,15.0,0.12,15.0,0.11,15.0,0.1,15.0,0.22,21.0,0.23,15.0,0.24,15.0,0.25,15.0,0.26,15.0,0.08,0.08,44.976789,1776164875000
1776164876.92,176.92,0.78,21.0,0.77,15.0,0.76,15.0,0.75,15.0,0.74,15.0,0.86,15.0,0.87,15.0,0.88,15.0,0.89,15.0,0.9,15.0,0.14,15.0,0.13,15.0,0.12,15.0,0.11,15.0,0.1,15.0,0.22,21.0,0.23,15.0,0.24,15.0,0.25,15.0,0.26,15.0,0.08,0.08,44.976789,1776164876000
1776164877.848,177.848,0.78,21.0,0.77,15.0,0.76,15.0,0.75,15.0,0.74,15.0,0.86,15.0,0.87,15.0,0.88,15.0,0.89,15.0,0.9,15.0,0.14,15.0,0.13,15.0,0.12,15.0,0.11,15.0,0.1,15.0,0.22,21.0,0.23,15.0,0.24,15.0,0.25,15.0,0.26,15.0,0.08,0.08,44.976993,1776164877000
1776164878.828,178.828,0.78,21.0,0.77,15.0,0.76,15.0,0.75,15.0,0.74,15.0,0.86,15.0,0.87,15.0,0.88,15.0,0.89,15.0,0.9,15.0,0.14,15.0,0.13,15.0,0.12,15.0,0.11,15.0,0.1,15.0,0.22,21.0,0.23,15.0,0.24,15.0,0.25,15.0,0.26,15.0,0.08,0.08,44.976278,1776164878000
1776164879.886,179.886,0.78,21.0,0.77,15.0,0.76,15.0,0.75,15.0,0.74,15.0,0.86,15.0,0.87,15.0,0.88,15.0,0.89,15.0,0.9,15.0,0.14,15.0,0.13,15.0,0.12,15.0,0.11,15.0,0.1,15.0,0.22,21.0,0.23,15.0,0.24,15.0,0.25,15.0,0.26,15.0,0.08,0.08,44.976278,1776164879000
1776164880.871,180.871,0.78,21.0,0.77,15.0,0.76,15.0,0.75,15.0,0.74,15.0,0.86,15.0,0.87,15.0,0.88,15.0,0.89,15.0,0.9,15.0,0.14,15.0,0.13,15.0,0.12,15.0,0.11,15.0,0.1,15.0,0.22,21.0,0.23,15.0,0.24,15.0,0.25,15.0,0.26,15.0,0.08,0.08,44.980404,1776164880000
1776164881.906,181.906,0.78,21.0,0.77,15.0,0.76,15.0,0.75,15.0,0.74,15.0,0.86,15.0,0.87,15.0,0.88,15.0,0.89,15.0,0.9,15.0,0.14,15.0,0.13,15.0,0.12,15.0,0.11,15.0,0.1,15.0,0.22,21.0,0.23,15.0,0.24,15.0,0.25,15.0,0.26,15.0,0.08,0.08,44.97427,1776164881000
1776164882.853,182.853,0.78,21.0,0.77,15.0,0.76,15.0,0.75,15.0,0.74,15.0,0.86,15.0,0.87,15.0,0.88,15.0,0.89,15.0,0.9,15.0,0.14,15.0,0.13,15.0,0.12,15.0,0.11,15.0,0.1,15.0,0.22,21.0,0.23,15.0,0.24,15.0,0.25,15.0,0.26,15.0,0.08,0.08,44.97242,1776164882000
1776164883.973,183.973,0.78,21.0,0.77,15.0,0.76,15.0,0.75,15.0,0.74,15.0,0.86,15.0,0.87,15.0,0.88,15.0,0.89,15.0,0.9,15.0,0.14,15.0,0.13,15.0,0.12,15.0,0.11,15.0,0.1,15.0,0.22,21.0,0.23,15.0,0.24,15.0,0.25,15.0,0.26,15.0,0.08,0.08,44.971623,1776164883000
1776164884.884,184.884,0.78,21.0,0.77,15.0,0.76,15.0,0.75,15.0,0.74,15.0,0.86,15.0,0.87,15.0,0.88,15.0,0.89,15.0,0.9,15.0,0.14,15.0,0.13,15.0,0.12,15.0,0.11,15.0,0.1,15.0,0.22,21.0,0.23,15.0,0.24,15.0,0.25,15.0,0.26,15.0,0.08,0.08,44.968982,1776164884000
1776164885.851,185.851,0.78,21.0,0.77,15.0,0.76,15.0,0.75,15.0,0.74,15.0,0.86,15.0,0.87,15.0,0.88,15.0,0.89,15.0,0.9,15.0,0.14,15.0,0.13,15.0,0.12,15.0,0.11,15.0,0.1,15.0,0.22,21.0,0.23,15.0,0.24,15.0,0.25,15.0,0.26,15.0,0.08,0.08,44.968061,1776164885000
1776164886.913,186.913,0.78,21.0,0.77,15.0,0.76,15.0,0.75,15.0,0.74,15.0,0.86,15.0,0.87,15.0,0.88,15.0,0.89,15.0,0.9,15.0,0.14,15.0,0.13,15.0,0.12,15.0,0.11,15.0,0.1,15.0,0.22,21.0,0.23,15.0,0.24,15.0,0.25,15.0,0.26,15.0,0.08,0.08,44.968094,1776164886000
1776164888.255,188.255,0.78,21.0,0.77,15.0,0.76,15.0,0.75,15.0,0.74,15.0,0.86,15.0,0.87,15.0,0.88,15.0,0.89,15.0,0.9,15.0,0.14,15.0,0.13,15.0,0.12,15.0,0.11,15.0,0.1,15.0,0.22,21.0,0.23,15.0,0.24,15.0,0.25,15.0,0.26,15.0,0.08,0.08,44.968602,1776164887000
1776164889.258,189.258,0.78,21.0,0.77,15.0,0.76,15.0,0.75,15.0,0.74,15.0,0.86,15.0,0.87,15.0,0.88,15.0,0.89,15.0,0.9,15.0,0.14,15.0,0.13,15.0,0.12,15.0,0.11,15.0,0.1,15.0,0.22,21.0,0.23,15.0,0.24,15.0,0.25,15.0,0.26,15.0,0.08,0.08,44.964611,1776164888000
1776164890.226,190.226,0.78,21.0,0.77,15.0,0.76,15.0,0.75,15.0,0.74,15.0,0.86,15.0,0.87,15.0,0.88,15.0,0.89,15.0,0.9,15.0,0.14,15.0,0.13,15.0,0.12,15.0,0.11,15.0,0.1,15.0,0.22,21.0,0.23,15.0,0.24,15.0,0.25,15.0,0.26,15.0,0.08,0.08,44.964087,1776164889000
1776164891.344,191.344,0.78,21.0,0.77,15.0,0.76,15.0,0.75,15.0,0.74,15.0,0.86,15.0,0.87,15.0,0.88,15.0,0.89,15.0,0.9,15.0,0.14,15.0,0.13,15.0,0.12,15.0,0.11,15.0,0.1,15.0,0.22,21.0,0.23,15.0,0.24,15.0,0.25,15.0,0.26,15.0,0.08,0.08,44.963556,1776164890000
1776164892.297,192.297,0.78,21.0,0.77,15.0,0.76,15.0,0.75,15.0,0.74,15.0,0.86,15.0,0.87,15.0,0.88,15.0,0.89,15.0,0.9,15.0,0.14,15.0,0.13,15.0,0.12,15.0,0.11,15.0,0.1,15.0,0.22,21.0,0.23,15.0,0.24,15.0,0.25,15.0,0.26,15.0,0.08,0.08,44.960698,1776164891000
1776164892.886,192.886,0.78,21.0,0.77,15.0,0.76,15.0,0.75,15.0,0.74,15.0,0.86,15.0,0.87,15.0,0.88,15.0,0.89,15.0,0.9,15.0,0.14,15.0,0.13,15.0,0.12,15.0,0.11,15.0,0.1,15.0,0.22,21.0,0.23,15.0,0.24,15.0,0.25,15.0,0.26,15.0,0.08,0.08,44.963029,1776164892000
1776164893.859,193.859,0.78,21.0,0.77,15.0,0.76,15.0,0.75,15.0,0.74,15.0,0.86,15.0,0.87,15.0,0.88,15.0,0.89,15.0,0.9,15.0,0.14,15.0,0.13,15.0,0.12,15.0,0.11,15.0,0.1,15.0,0.22,21.0,0.23,15.0,0.24,15.0,0.25,15.0,0.26,15.0,0.08,0.08,44.963865,1776164893000
1776164896.06,196.06,0.78,21.0,0.77,15.0,0.76,15.0,0.75,15.0,0.74,15.0,0.86,15.0,0.87,15.0,0.88,15.0,0.89,15.0,0.9,15.0,0.14,15.0,0.13,15.0,0.12,15.0,0.11,15.0,0.1,15.0,0.22,21.0,0.23,15.0,0.24,15.0,0.25,15.0,0.26,15.0,0.08,0.08,44.963678,1776164895000
1776164897.277,197.277,0.78,21.0,0.77,15.0,0.76,15.0,0.75,15.0,0.74,15.0,0.86,15.0,0.87,15.0,0.88,15.0,0.89,15.0,0.9,15.0,0.14,15.0,0.13,15.0,0.12,15.0,0.11,15.0,0.1,15.0,0.22,21.0,0.23,15.0,0.24,15.0,0.25,15.0,0.26,15.0,0.08,0.08,44.964181,1776164896000
1776164898.175,198.175,0.78,21.0,0.77,15.0,0.76,15.0,0.75,15.0,0.74,15.0,0.86,15.0,0.87,15.0,0.88,15.0,0.89,15.0,0.9,15.0,0.14,15.0,0.13,15.0,0.12,15.0,0.11,15.0,0.1,15.0,0.22,21.0,0.23,15.0,0.24,15.0,0.25,15.0,0.26,15.0,0.08,0.08,44.964104,1776164897000
1776164899.788,199.788,0.78,21.0,0.77,15.0,0.76,15.0,0.75,15.0,0.74,15.0,0.86,15.0,0.87,15.0,0.88,15.0,0.89,15.0,0.9,15.0,0.14,15.0,0.13,15.0,0.12,15.0,0.11,15.0,0.1,15.0,0.22,21.0,0.23,15.0,0.24,15.0,0.25,15.0,0.26,15.0,0.08,0.08,44.966087,1776164898000
1776164900.274,200.274,0.78,21.0,0.77,15.0,0.76,15.0,0.75,15.0,0.74,15.0,0.86,15.0,0.87,15.0,0.88,15.0,0.89,15.0,0.9,15.0,0.14,15.0,0.13,15.0,0.12,15.0,0.11,15.0,0.1,15.0,0.22,21.0,0.23,15.0,0.24,15.0,0.25,15.0,0.26,15.0,0.08,0.08,44.964385,1776164899000
1776164901.438,201.438,0.78,21.0,0.77,15.0,0.76,15.0,0.75,15.0,0.74,15.0,0.86,15.0,0.87,15.0,0.88,15.0,0.89,15.0,0.9,15.0,0.14,15.0,0.13,15.0,0.12,15.0,0.11,15.0,0.1,15.0,0.22,21.0,0.23,15.0,0.24,15.0,0.25,15.0,0.26,15.0,0.08,0.08,44.966483,1776164900000
1776164902.217,202.217,0.78,21.0,0.77,15.0,0.76,15.0,0.75,15.0,0.74,15.0,0.86,15.0,0.87,15.0,0.88,15.0,0.89,15.0,0.9,15.0,0.14,15.0,0.13,15.0,0.12,15.0,0.11,15.0,0.1,15.0,0.22,21.0,0.23,15.0,0.24,15.0,0.25,15.0,0.26,15.0,0.08,0.08,44.966449,1776164901000
1776164903.243,203.243,0.78,21.0,0.77,15.0,0.76,15.0,0.75,15.0,0.74,15.0,0.86,15.0,0.87,15.0,0.88,15.0,0.89,15.0,0.9,15.0,0.14,15.0,0.13,15.0,0.12,15.0,0.11,15.0,0.1,15.0,0.22,21.0,0.23,15.0,0.24,15.0,0.25,15.0,0.26,15.0,0.08,0.08,44.967322,1776164902000
1776164904.379,204.379,0.78,21.0,0.77,15.0,0.76,15.0,0.75,15.0,0.74,15.0,0.86,15.0,0.87,15.0,0.88,15.0,0.89,15.0,0.9,15.0,0.14,15.0,0.13,15.0,0.12,15.0,0.11,15.0,0.1,15.0,0.22,21.0,0.23,15.0,0.24,15.0,0.25,15.0,0.26,15.0,0.08,0.08,44.969137,1776164903000
1776164905.138,205.138,0.78,21.0,0.77,15.0,0.76,15.0,0.75,15.0,0.74,15.0,0.86,15.0,0.87,15.0,0.88,15.0,0.89,15.0,0.9,15.0,0.14,15.0,0.13,15.0,0.12,15.0,0.11,15.0,0.1,15.0,0.22,21.0,0.23,15.0,0.24,15.0,0.25,15.0,0.26,15.0,0.08,0.08,44.969125,1776164904000
1776164906.471,206.471,0.78,21.0,0.77,15.0,0.76,15.0,0.75,15.0,0.74,15.0,0.86,15.0,0.87,15.0,0.88,15.0,0.89,15.0,0.9,15.0,0.14,15.0,0.13,15.0,0.12,15.0,0.11,15.0,0.1,15.0,0.22,21.0,0.23,15.0,0.24,15.0,0.25,15.0,0.26,15.0,0.08,0.08,44.969127,1776164905000
1776164907.115,207.115,0.78,21.0,0.77,15.0,0.76,15.0,0.75,15.0,0.74,15.0,0.86,15.0,0.87,15.0,0.88,15.0,0.89,15.0,0.9,15.0,0.14,15.0,0.13,15.0,0.12,15.0,0.11,15.0,0.1,15.0,0.22,21.0,0.23,15.0,0.24,15.0,0.25,15.0,0.26,15.0,0.08,0.08,44.96901,1776164906000
1776164908.477,208.477,0.78,21.0,0.77,15.0,0.76,15.0,0.75,15.0,0.74,15.0,0.86,15.0,0.87,15.0,0.88,15.0,0.89,15.0,0.9,15.0,0.14,15.0,0.13,15.0,0.12,15.0,0.11,15.0,0.1,15.0,0.22,21.0,0.23,15.0,0.24,15.0,0.25,15.0,0.26,15.0,0.08,0.08,44.967816,1776164907000
1776164909.183,209.183,0.78,21.0,0.77,15.0,0.76,15.0,0.75,15.0,0.74,15.0,0.86,15.0,0.87,15.0,0.88,15.0,0.89,15.0,0.9,15.0,0.14,15.0,0.13,15.0,0.12,15.0,0.11,15.0,0.1,15.0,0.22,21.0,0.23,15.0,0.24,15.0,0.25,15.0,0.26,15.0,0.08,0.08,44.965958,1776164908000
1776164910.338,210.338,0.78,21.0,0.77,15.0,0.76,15.0,0.75,15.0,0.74,15.0,0.86,15.0,0.87,15.0,0.88,15.0,0.89,15.0,0.9,15.0,0.14,15.0,0.13,15.0,0.12,15.0,0.11,15.0,0.1,15.0,0.22,21.0,0.23,15.0,0.24,15.0,0.25,15.0,0.26,15.0,0.08,0.08,44.972767,1776164909000
1776164910.61,210.61,0.8,10.0,0.77,15.0,0.76,15.0,0.75,21.0,0.74,15.0,0.87,4.9,0.88,15.0,0.89,15.0,0.9,15.0,0.91,15.0,0.13,9.95,0.12,15.0,0.11,15.0,0.1,15.0,0.09,15.0,0.2,10.0,0.24,15.0,0.25,21.0,0.26,15.0,0.27,15.0,0.07,0.07,44.972767,1776164909000
1776164911.022,211.022,0.8,10.0,0.77,15.0,0.76,15.0,0.75,21.0,0.74,15.0,0.87,4.9,0.88,15.0,0.89,15.0,0.9,15.0,0.91,15.0,0.13,4.9,0.12,15.0,0.11,15.0,0.1,15.0,0.09,15.0,0.2,10.0,0.23,15.0,0.24,15.0,0.25,21.0,0.26,15.0,0.07,0.07,44.977888,1776164910000
1776164912.234,212.234,0.8,10.0,0.77,15.0,0.76,15.0,0.75,21.0,0.74,15.0,0.87,4.9,0.88,15.0,0.89,15.0,0.9,15.0,0.91,15.0,0.13,4.9,0.12,15.0,0.11,15.0,0.1,15.0,0.09,15.0,0.2,10.0,0.23,15.0,0.24,15.0,0.25,21.0,0.26,15.0,0.07,0.07,44.985075,1776164911000
1776164913.45,213.45,0.8,10.0,0.77,15.0,0.76,15.0,0.75,21.0,0.74,15.0,0.87,4.9,0.88,15.0,0.89,15.0,0.9,15.0,0.91,15.0,0.13,4.9,0.12,15.0,0.11,15.0,0.1,15.0,0.09,15.0,0.2,10.0,0.23,15.0,0.24,15.0,0.25,21.0,0.26,15.0,0.07,0.07,44.98492,1776164912000
1776164914.147,214.147,0.8,10.0,0.77,15.0,0.76,15.0,0.75,21.0,0.74,15.0,0.87,4.9,0.88,15.0,0.89,15.0,0.9,15.0,0.91,15.0,0.13,4.9,0.12,15.0,0.11,15.0,0.1,15.0,0.09,15.0,0.2,10.0,0.23,15.0,0.24,15.0,0.25,21.0,0.26,15.0,0.07,0.07,44.984914,1776164913000
1776164915.427,215.427,0.8,10.0,0.77,15.0,0.76,15.0,0.75,21.0,0.74,15.0,0.87,4.9,0.88,15.0,0.89,15.0,0.9,15.0,0.91,15.0,0.13,4.9,0.12,15.0,0.11,15.0,0.1,15.0,0.09,15.0,0.2,10.0,0.23,15.0,0.24,15.0,0.25,21.0,0.26,15.0,0.07,0.07,44.978383,1776164914000
1776164916.119,216.119,0.8,10.0,0.77,15.0,0.76,15.0,0.75,21.0,0.74,15.0,0.87,4.9,0.88,15.0,0.89,15.0,0.9,15.0,0.91,15.0,0.13,4.9,0.12,15.0,0.11,15.0,0.1,15.0,0.09,15.0,0.2,10.0,0.23,15.0,0.24,15.0,0.25,21.0,0.26,15.0,0.07,0.07,44.978383,1776164915000
1776164917.273,217.273,0.8,10.0,0.77,15.0,0.76,15.0,0.75,21.0,0.74,15.0,0.87,4.9,0.88,15.0,0.89,15.0,0.9,15.0,0.91,15.0,0.13,4.9,0.12,15.0,0.11,15.0,0.1,15.0,0.09,15.0,0.2,10.0,0.23,15.0,0.24,15.0,0.25,21.0,0.26,15.0,0.07,0.07,44.983376,1776164916000
1776164918.541,218.541,0.8,10.0,0.77,15.0,0.76,15.0,0.75,21.0,0.74,15.0,0.87,4.9,0.88,15.0,0.89,15.0,0.9,15.0,0.91,15.0,0.13,4.9,0.12,15.0,0.11,15.0,0.1,15.0,0.09,15.0,0.2,10.0,0.23,15.0,0.24,15.0,0.25,21.0,0.26,15.0,0.07,0.07,44.984326,1776164917000
1776164919.181,219.181,0.8,10.0,0.77,15.0,0.76,15.0,0.75,21.0,0.74,15.0,0.87,4.9,0.88,15.0,0.89,15.0,0.9,15.0,0.91,15.0,0.13,4.9,0.12,15.0,0.11,15.0,0.1,15.0,0.09,15.0,0.2,10.0,0.23,15.0,0.24,15.0,0.25,21.0,0.26,15.0,0.07,0.07,44.984326,1776164918000
1776164920.637,220.637,0.8,10.0,0.77,15.0,0.76,15.0,0.75,21.0,0.74,15.0,0.87,4.9,0.88,15.0,0.89,15.0,0.9,15.0,0.91,15.0,0.13,4.9,0.12,15.0,0.11,15.0,0.1,15.0,0.09,15.0,0.2,10.0,0.23,15.0,0.24,15.0,0.25,21.0,0.26,15.0,0.07,0.07,44.994457,1776164919000
1776164921.127,221.127,0.88,15.0,0.87,15.0,0.86,28.0,0.85,25.0,0.84,15.0,0.93,11.77,0.94,15.0,0.95,15.0,0.96,20.0,0.97,15.0,0.07,11.77,0.06,15.0,0.05,15.0,0.04,20.0,0.03,15.0,0.12,15.0,0.13,15.0,0.14,28.0,0.15,25.0,0.16,15.0,0.05,0.05,44.990744,1776164920000
1776164921.586,221.586,0.88,15.0,0.87,15.0,0.86,28.0,0.85,25.0,0.84,15.0,0.93,10.69,0.94,15.0,0.95,15.0,0.96,20.0,0.97,15.0,0.07,11.77,0.06,15.0,0.05,15.0,0.04,20.0,0.03,15.0,0.12,15.0,0.13,15.0,0.14,28.0,0.15,25.0,0.16,15.0,0.05,0.05,44.990744,1776164920000
1776164922.075,222.075,0.88,15.0,0.87,15.0,0.86,28.0,0.85,25.0,0.84,15.0,0.93,10.69,0.94,15.0,0.95,15.0,0.96,20.0,0.97,15.0,0.07,10.69,0.06,15.0,0.05,15.0,0.04,20.0,0.03,15.0,0.12,15.0,0.13,15.0,0.14,28.0,0.15,25.0,0.16,15.0,0.05,0.05,44.990744,1776164921000
1776164922.995,222.995,0.88,15.0,0.87,15.0,0.86,28.0,0.85,25.0,0.84,15.0,0.94,10.0,0.95,15.0,0.96,20.0,0.97,15.0,0.98,25.0,0.07,10.69,0.06,15.0,0.05,15.0,0.04,20.0,0.03,15.0,0.12,15.0,0.13,15.0,0.14,28.0,0.15,25.0,0.16,15.0,0.06,0.05,44.990744,1776164921000
1776164924.014,224.014,0.88,15.0,0.87,15.0,0.86,28.0,0.85,25.0,0.84,15.0,0.94,10.0,0.95,15.0,0.96,20.0,0.97,15.0,0.98,25.0,0.06,10.0,0.05,15.0,0.04,20.0,0.03,15.0,0.02,25.0,0.12,15.0,0.13,15.0,0.14,28.0,0.15,25.0,0.16,15.0,0.06,0.06,44.98553,1776164923000
1776164924.955,224.955,0.88,15.0,0.87,15.0,0.86,28.0,0.85,25.0,0.84,15.0,0.94,10.0,0.95,15.0,0.96,20.0,0.97,15.0,0.98,25.0,0.06,10.0,0.05,15.0,0.04,20.0,0.03,15.0,0.02,25.0,0.12,15.0,0.13,15.0,0.14,28.0,0.15,25.0,0.16,15.0,0.06,0.06,44.99057,1776164924000
1776164925.922,225.922,0.88,15.0,0.87,15.0,0.86,28.0,0.85,25.0,0.84,15.0,0.94,10.0,0.95,15.0,0.96,20.0,0.97,15.0,0.98,25.0,0.06,10.0,0.05,15.0,0.04,20.0,0.03,15.0,0.02,25.0,0.12,15.0,0.13,15.0,0.14,28.0,0.15,25.0,0.16,15.0,0.06,0.06,44.990579,1776164925000
1776164926.948,226.948,0.88,15.0,0.87,15.0,0.86,28.0,0.85,25.0,0.84,15.0,0.94,10.0,0.95,15.0,0.96,20.0,0.97,15.0,0.98,25.0,0.06,10.0,0.05,15.0,0.04,20.0,0.03,15.0,0.02,25.0,0.12,15.0,0.13,15.0,0.14,28.0,0.15,25.0,0.16,15.0,0.06,0.06,44.990486,1776164926000
1776164927.957,227.957,0.88,15.0,0.87,15.0,0.86,28.0,0.85,25.0,0.84,15.0,0.94,10.0,0.95,15.0,0.96,20.0,0.97,15.0,0.98,25.0,0.06,10.0,0.05,15.0,0.04,20.0,0.03,15.0,0.02,25.0,0.12,15.0,0.13,15.0,0.14,28.0,0.15,25.0,0.16,15.0,0.06,0.06,44.989526,1776164927000
1776164928.889,228.889,0.88,15.0,0.87,15.0,0.86,28.0,0.85,25.0,0.84,15.0,0.94,10.0,0.95,15.0,0.96,20.0,0.97,15.0,0.98,25.0,0.06,10.0,0.05,15.0,0.04,20.0,0.03,15.0,0.02,25.0,0.12,15.0,0.13,15.0,0.14,28.0,0.15,25.0,0.16,15.0,0.06,0.06,44.989456,1776164928000
1776164930.353,230.353,0.88,15.0,0.87,15.0,0.86,28.0,0.85,25.0,0.84,15.0,0.94,10.0,0.95,15.0,0.96,20.0,0.97,15.0,0.98,25.0,0.06,10.0,0.05,15.0,0.04,20.0,0.03,15.0,0.02,25.0,0.12,15.0,0.13,15.0,0.14,28.0,0.15,25.0,0.16,15.0,0.06,0.06,44.98949,1776164929000
1776164931.287,231.287,0.88,15.0,0.87,15.0,0.86,28.0,0.85,25.0,0.84,15.0,0.94,10.0,0.95,15.0,0.96,20.0,0.97,15.0,0.98,25.0,0.06,10.0,0.05,15.0,0.04,20.0,0.03,15.0,0.02,25.0,0.12,15.0,0.13,15.0,0.14,28.0,0.15,25.0,0.16,15.0,0.06,0.06,44.984461,1776164930000
1776164932.282,232.282,0.88,15.0,0.87,15.0,0.86,28.0,0.85,25.0,0.84,15.0,0.94,10.0,0.95,15.0,0.96,20.0,0.97,15.0,0.98,25.0,0.06,10.0,0.05,15.0,0.04,20.0,0.03,15.0,0.02,25.0,0.12,15.0,0.13,15.0,0.14,28.0,0.15,25.0,0.16,15.0,0.06,0.06,44.990056,1776164931000
1776164933.328,233.328,0.88,15.0,0.87,15.0,0.86,28.0,0.85,25.0,0.84,15.0,0.94,10.0,0.95,15.0,0.96,20.0,0.97,15.0,0.98,25.0,0.06,10.0,0.05,15.0,0.04,20.0,0.03,15.0,0.02,25.0,0.12,15.0,0.13,15.0,0.14,28.0,0.15,25.0,0.16,15.0,0.06,0.06,44.985142,1776164932000
1776164934.495,234.495,0.88,15.0,0.87,15.0,0.86,28.0,0.85,25.0,0.84,15.0,0.94,10.0,0.95,15.0,0.96,20.0,0.97,15.0,0.98,25.0,0.06,10.0,0.05,15.0,0.04,20.0,0.03,15.0,0.02,25.0,0.12,15.0,0.13,15.0,0.14,28.0,0.15,25.0,0.16,15.0,0.06,0.06,44.985202,1776164933000
1776164935.207,235.207,0.88,15.0,0.87,15.0,0.86,28.0,0.85,25.0,0.84,15.0,0.94,10.0,0.95,15.0,0.96,20.0,0.97,15.0,0.98,25.0,0.06,10.0,0.05,15.0,0.04,20.0,0.03,15.0,0.02,25.0,0.12,15.0,0.13,15.0,0.14,28.0,0.15,25.0,0.16,15.0,0.06,0.06,44.986041,1776164934000
1776164936.682,236.682,0.88,15.0,0.87,15.0,0.86,28.0,0.85,25.0,0.84,15.0,0.94,10.0,0.95,15.0,0.96,20.0,0.97,15.0,0.98,25.0,0.06,10.0,0.05,15.0,0.04,20.0,0.03,15.0,0.02,25.0,0.12,15.0,0.13,15.0,0.14,28.0,0.15,25.0,0.16,15.0,0.06,0.06,44.984389,1776164935000
1776164937.338,237.338,0.88,15.0,0.87,15.0,0.86,28.0,0.85,25.0,0.84,15.0,0.94,10.0,0.95,15.0,0.96,20.0,0.97,15.0,0.98,25.0,0.06,10.0,0.05,15.0,0.04,20.0,0.03,15.0,0.02,25.0,0.12,15.0,0.13,15.0,0.14,28.0,0.15,25.0,0.16,15.0,0.06,0.06,44.984424,1776164936000
1776164937.984,237.984,0.88,15.0,0.87,15.0,0.86,28.0,0.85,25.0,0.84,15.0,0.94,10.0,0.95,15.0,0.96,20.0,0.97,15.0,0.98,25.0,0.06,10.0,0.05,15.0,0.04,20.0,0.03,15.0,0.02,25.0,0.12,15.0,0.13,15.0,0.14,28.0,0.15,25.0,0.16,15.0,0.06,0.06,44.991167,1776164937000
1776164939.643,239.643,0.88,15.0,0.87,15.0,0.86,28.0,0.85,25.0,0.84,15.0,0.94,10.0,0.95,15.0,0.96,20.0,0.97,15.0,0.98,25.0,0.06,10.0,0.05,15.0,0.04,20.0,0.03,15.0,0.02,25.0,0.12,15.0,0.13,15.0,0.14,28.0,0.15,25.0,0.16,15.0,0.06,0.06,44.990408,1776164938000
1776164940.429,240.429,0.88,15.0,0.87,15.0,0.86,28.0,0.85,25.0,0.84,15.0,0.94,10.0,0.95,15.0,0.96,20.0,0.97,15.0,0.98,25.0,0.06,10.0,0.05,15.0,0.04,20.0,0.03,15.0,0.02,25.0,0.12,15.0,0.13,15.0,0.14,28.0,0.15,25.0,0.16,15.0,0.06,0.06,44.990404,1776164939000
1776164941.037,241.037,0.88,15.0,0.87,15.0,0.86,28.0,0.85,25.0,0.84,15.0,0.94,10.0,0.95,15.0,0.96,20.0,0.97,15.0,0.98,25.0,0.06,10.0,0.05,15.0,0.04,20.0,0.03,15.0,0.02,25.0,0.12,15.0,0.13,15.0,0.14,28.0,0.15,25.0,0.16,15.0,0.06,0.06,44.99069,1776164940000
1776164942.519,242.519,0.88,15.0,0.87,15.0,0.86,28.0,0.85,25.0,0.84,15.0,0.94,10.0,0.95,15.0,0.96,20.0,0.97,15.0,0.98,25.0,0.06,10.0,0.05,15.0,0.04,20.0,0.03,15.0,0.02,25.0,0.12,15.0,0.13,15.0,0.14,28.0,0.15,25.0,0.16,15.0,0.06,0.06,44.989516,1776164941000
1776164943.227,243.227,0.88,15.0,0.87,15.0,0.86,28.0,0.85,25.0,0.84,15.0,0.94,10.0,0.95,15.0,0.96,20.0,0.97,15.0,0.98,25.0,0.06,10.0,0.05,15.0,0.04,20.0,0.03,15.0,0.02,25.0,0.12,15.0,0.13,15.0,0.14,28.0,0.15,25.0,0.16,15.0,0.06,0.06,44.989367,1776164942000
1776164944.89,244.89,0.88,15.0,0.87,15.0,0.86,28.0,0.85,25.0,0.84,15.0,0.94,10.0,0.95,15.0,0.96,20.0,0.97,15.0,0.98,25.0,0.06,10.0,0.05,15.0,0.04,20.0,0.03,15.0,0.02,25.0,0.12,15.0,0.13,15.0,0.14,28.0,0.15,25.0,0.16,15.0,0.06,0.06,44.988948,1776164943000
1776164945.683,245.683,0.88,15.0,0.87,15.0,0.86,28.0,0.85,25.0,0.84,15.0,0.94,10.0,0.95,15.0,0.96,20.0,0.97,15.0,0.98,25.0,0.06,10.0,0.05,15.0,0.04,20.0,0.03,15.0,0.02,25.0,0.12,15.0,0.13,15.0,0.14,28.0,0.15,25.0,0.16,15.0,0.06,0.06,44.988933,1776164944000
1776164946.325,246.325,0.88,15.0,0.87,15.0,0.86,28.0,0.85,25.0,0.84,15.0,0.94,10.0,0.95,15.0,0.96,20.0,0.97,15.0,0.98,25.0,0.06,10.0,0.05,15.0,0.04,20.0,0.03,15.0,0.02,25.0,0.12,15.0,0.13,15.0,0.14,28.0,0.15,25.0,0.16,15.0,0.06,0.06,44.988935,1776164945000
1776164947.12,247.12,0.94,15.0,0.93,15.0,0.92,15.0,0.91,24.0,0.9,15.0,0.96,3.95,0.97,15.0,0.98,25.0,0.99,791.09,,,0.06,10.0,0.05,15.0,0.04,20.0,0.03,15.0,0.02,25.0,0.12,15.0,0.13,15.0,0.14,28.0,0.15,25.0,0.16,15.0,0.02,0.06,44.988935,1776164945000
1776164947.807,247.807,0.94,15.0,0.93,15.0,0.92,15.0,0.91,24.0,0.9,15.0,0.96,2.9,0.97,15.0,0.98,25.0,0.99,791.09,,,0.04,3.95,0.03,15.0,0.02,25.0,0.01,791.09,,,0.06,15.0,0.07,15.0,0.08,15.0,0.09,24.0,0.1,15.0,0.02,0.02,44.989856,1776164946000
1776164948.926,248.926,0.94,15.0,0.93,15.0,0.92,15.0,0.91,24.0,0.9,15.0,0.96,2.9,0.97,15.0,0.98,25.0,0.99,791.09,,,0.04,2.9,0.03,15.0,0.02,25.0,0.01,791.09,,,0.06,15.0,0.07,15.0,0.08,15.0,0.09,24.0,0.1,15.0,0.02,0.02,44.989855,1776164947000
1776164949.586,249.586,0.94,15.0,0.93,15.0,0.92,15.0,0.91,24.0,0.9,15.0,0.96,2.9,0.97,15.0,0.98,25.0,0.99,791.09,,,0.04,2.9,0.03,15.0,0.02,25.0,0.01,791.09,,,0.06,15.0,0.07,15.0,0.08,15.0,0.09,24.0,0.1,15.0,0.02,0.02,44.990056,1776164948000
1776164950.455,250.455,0.94,15.0,0.93,15.0,0.92,15.0,0.91,24.0,0.9,15.0,0.96,2.9,0.97,15.0,0.98,25.0,0.99,791.09,,,0.04,2.9,0.03,15.0,0.02,25.0,0.01,791.09,,,0.06,15.0,0.07,15.0,0.08,15.0,0.09,24.0,0.1,15.0,0.02,0.02,44.988944,1776164949000
1776164950.922,250.922,0.92,15.0,0.91,15.0,0.9,15.0,0.89,20.0,0.88,15.0,0.96,16.85,0.97,15.0,0.98,25.0,0.99,791.09,,,0.04,2.9,0.03,15.0,0.02,25.0,0.01,791.09,,,0.06,15.0,0.07,15.0,0.08,15.0,0.09,24.0,0.1,15.0,0.04,0.02,44.988944,1776164949000
1776164951.158,251.158,0.92,15.0,0.91,15.0,0.9,15.0,0.89,20.0,0.88,15.0,0.96,16.85,0.97,15.0,0.98,25.0,0.99,791.09,,,0.04,16.85,0.03,15.0,0.02,25.0,0.01,791.09,,,0.08,15.0,0.09,15.0,0.1,15.0,0.11,20.0,0.12,15.0,0.04,0.04,44.988853,1776164950000
1776164953.406,253.406,0.92,15.0,0.91,15.0,0.9,15.0,0.89,20.0,0.88,15.0,0.96,16.85,0.97,15.0,0.98,25.0,0.99,791.09,,,0.04,16.85,0.03,15.0,0.02,25.0,0.01,791.09,,,0.08,15.0,0.09,15.0,0.1,15.0,0.11,20.0,0.12,15.0,0.04,0.04,44.983998,1776164952000
1776164953.888,253.888,0.92,15.0,0.91,15.0,0.9,15.0,0.89,20.0,0.88,15.0,0.96,16.85,0.97,15.0,0.98,25.0,0.99,791.09,,,0.04,16.85,0.03,15.0,0.02,25.0,0.01,791.09,,,0.08,15.0,0.09,15.0,0.1,15.0,0.11,20.0,0.12,15.0,0.04,0.04,44.983907,1776164953000
1776164955.176,255.176,0.92,15.0,0.91,15.0,0.9,15.0,0.89,20.0,0.88,15.0,0.96,16.85,0.97,15.0,0.98,25.0,0.99,791.09,,,0.04,16.85,0.03,15.0,0.02,25.0,0.01,791.09,,,0.08,15.0,0.09,15.0,0.1,15.0,0.11,20.0,0.12,15.0,0.04,0.04,44.983297,1776164954000
1776164956.219,256.219,0.92,15.0,0.91,15.0,0.9,15.0,0.89,20.0,0.88,15.0,0.96,16.85,0.97,15.0,0.98,25.0,0.99,791.09,,,0.04,16.85,0.03,15.0,0.02,25.0,0.01,791.09,,,0.08,15.0,0.09,15.0,0.1,15.0,0.11,20.0,0.12,15.0,0.04,0.04,44.988433,1776164955000
1776164957.41,257.41,0.92,15.0,0.91,15.0,0.9,15.0,0.89,20.0,0.88,15.0,0.96,16.85,0.97,15.0,0.98,25.0,0.99,791.09,,,0.04,16.85,0.03,15.0,0.02,25.0,0.01,791.09,,,0.08,15.0,0.09,15.0,0.1,15.0,0.11,20.0,0.12,15.0,0.04,0.04,44.983187,1776164956000
1776164958.004,258.004,0.92,15.0,0.91,15.0,0.9,15.0,0.89,20.0,0.88,15.0,0.96,16.85,0.97,15.0,0.98,25.0,0.99,791.09,,,0.04,16.85,0.03,15.0,0.02,25.0,0.01,791.09,,,0.08,15.0,0.09,15.0,0.1,15.0,0.11,20.0,0.12,15.0,0.04,0.04,44.981936,1776164957000
1776164959.066,259.066,0.92,15.0,0.91,15.0,0.9,15.0,0.89,20.0,0.88,15.0,0.96,16.85,0.97,15.0,0.98,25.0,0.99,791.09,,,0.04,16.85,0.03,15.0,0.02,25.0,0.01,791.09,,,0.08,15.0,0.09,15.0,0.1,15.0,0.11,20.0,0.12,15.0,0.04,0.04,44.981732,1776164958000
1776164960.06,260.06,0.92,15.0,0.91,15.0,0.9,15.0,0.89,20.0,0.88,15.0,0.96,16.85,0.97,15.0,0.98,25.0,0.99,791.09,,,0.04,16.85,0.03,15.0,0.02,25.0,0.01,791.09,,,0.08,15.0,0.09,15.0,0.1,15.0,0.11,20.0,0.12,15.0,0.04,0.04,44.981337,1776164959000
1776164961.157,261.157,0.92,15.0,0.91,15.0,0.9,15.0,0.89,20.0,0.88,15.0,0.96,16.85,0.97,15.0,0.98,25.0,0.99,791.09,,,0.04,16.85,0.03,15.0,0.02,25.0,0.01,791.09,,,0.08,15.0,0.09,15.0,0.1,15.0,0.11,20.0,0.12,15.0,0.04,0.04,44.980522,1776164960000
1776164962.365,262.365,0.92,15.0,0.91,15.0,0.9,15.0,0.89,20.0,0.88,15.0,0.96,16.85,0.97,15.0,0.98,25.0,0.99,791.09,,,0.04,16.85,0.03,15.0,0.02,25.0,0.01,791.09,,,0.08,15.0,0.09,15.0,0.1,15.0,0.11,20.0,0.12,15.0,0.04,0.04,44.977717,1776164961000
1776164962.831,262.831,0.92,15.0,0.91,15.0,0.9,15.0,0.89,20.0,0.88,15.0,0.96,16.85,0.97,15.0,0.98,25.0,0.99,791.09,,,0.04,16.85,0.03,15.0,0.02,25.0,0.01,791.09,,,0.08,15.0,0.09,15.0,0.1,15.0,0.11,20.0,0.12,15.0,0.04,0.04,44.977423,1776164962000
1776164963.898,263.898,0.92,15.0,0.91,15.0,0.9,15.0,0.89,20.0,0.88,15.0,0.96,16.85,0.97,15.0,0.98,25.0,0.99,791.09,,,0.04,16.85,0.03,15.0,0.02,25.0,0.01,791.09,,,0.08,15.0,0.09,15.0,0.1,15.0,0.11,20.0,0.12,15.0,0.04,0.04,44.977423,1776164963000
1776164964.975,264.975,0.92,15.0,0.91,15.0,0.9,15.0,0.89,20.0,0.88,15.0,0.96,16.85,0.97,15.0,0.98,25.0,0.99,791.09,,,0.04,16.85,0.03,15.0,0.02,25.0,0.01,791.09,,,0.08,15.0,0.09,15.0,0.1,15.0,0.11,20.0,0.12,15.0,0.04,0.04,44.977394,1776164964000
1776164966.083,266.083,0.92,15.0,0.91,15.0,0.9,15.0,0.89,20.0,0.88,15.0,0.96,16.85,0.97,15.0,0.98,25.0,0.99,791.09,,,0.04,16.85,0.03,15.0,0.02,25.0,0.01,791.09,,,0.08,15.0,0.09,15.0,0.1,15.0,0.11,20.0,0.12,15.0,0.04,0.04,44.985589,1776164965000
1776164966.779,266.779,0.95,15.0,0.94,38.0,0.93,15.0,0.92,15.0,0.91,15.0,0.96,0.8,0.98,10.0,0.99,676.09,,,,,0.04,16.85,0.03,15.0,0.02,25.0,0.01,791.09,,,0.08,15.0,0.09,15.0,0.1,15.0,0.11,20.0,0.12,15.0,0.01,0.04,44.985589,1776164965000
1776164967.064,267.064,0.96,15.0,0.95,15.0,0.94,38.0,0.93,15.0,0.92,15.0,0.98,6.67,0.99,676.09,,,,,,,0.02,7.7,0.01,676.09,,,,,,,0.05,15.0,0.06,38.0,0.07,15.0,0.08,15.0,0.09,15.0,0.02,0.03,44.985589,1776164965000
1776164967.644,267.644,0.96,15.0,0.95,15.0,0.94,38.0,0.93,15.0,0.92,15.0,0.98,4.61,0.99,676.09,,,,,,,0.02,4.61,0.01,676.09,,,,,,,0.04,15.0,0.05,15.0,0.06,38.0,0.07,15.0,0.08,15.0,0.02,0.02,44.984155,1776164966000
1776164968.208,268.208,0.97,15.0,0.96,15.0,0.95,15.0,0.94,38.0,0.93,15.0,0.98,2.57,0.99,676.09,,,,,,,0.02,2.57,0.01,676.09,,,,,,,0.03,15.0,0.04,15.0,0.05,15.0,0.06,38.0,0.07,15.0,0.01,0.01,44.991647,1776164967000
1776164968.784,268.784,0.97,15.0,0.96,15.0,0.95,15.0,0.94,38.0,0.93,15.0,0.98,1.54,0.99,676.09,,,,,,,0.02,2.57,0.01,676.09,,,,,,,0.03,15.0,0.04,15.0,0.05,15.0,0.06,38.0,0.07,15.0,0.01,0.01,44.991647,1776164967000
1776164969.079,269.079,0.97,15.0,0.96,15.0,0.95,15.0,0.94,38.0,0.93,15.0,0.98,1.54,0.99,676.09,,,,,,,0.02,1.54,0.01,676.09,,,,,,,0.03,15.0,0.04,15.0,0.05,15.0,0.06,38.0,0.07,15.0,0.01,0.01,44.991655,1776164968000
1776164969.313,269.313,0.94,15.0,0.93,15.0,0.92,15.0,0.91,15.0,0.9,15.0,0.98,0.51,0.99,691.09,,,,,,,0.02,1.54,0.01,676.09,,,,,,,0.03,15.0,0.04,15.0,0.05,15.0,0.06,38.0,0.07,15.0,0.04,0.01,44.991655,1776164968000
1776164970.088,270.088,0.94,15.0,0.93,15.0,0.92,15.0,0.91,15.0,0.9,15.0,0.98,0.51,0.99,691.09,,,,,,,0.02,0.51,0.01,691.09,,,,,,,0.06,15.0,0.07,15.0,0.08,15.0,0.09,15.0,0.1,15.0,0.04,0.04,44.984572,1776164969000
1776164971.08,271.08,0.94,15.0,0.93,15.0,0.92,15.0,0.91,15.0,0.9,15.0,0.98,0.51,0.99,691.09,,,,,,,0.02,0.51,0.01,691.09,,,,,,,0.06,15.0,0.07,15.0,0.08,15.0,0.09,15.0,0.1,15.0,0.04,0.04,44.984047,1776164970000
1776164972.085,272.085,0.94,15.0,0.93,15.0,0.92,15.0,0.91,15.0,0.9,15.0,0.98,5.26,0.99,691.09,,,,,,,0.02,5.26,0.01,691.09,,,,,,,0.06,15.0,0.07,15.0,0.08,15.0,0.09,15.0,0.1,15.0,0.04,0.04,44.982308,1776164971000
1776164973.075,273.075,0.94,15.0,0.93,15.0,0.92,15.0,0.91,15.0,0.9,15.0,0.98,5.26,0.99,691.09,,,,,,,0.02,5.26,0.01,691.09,,,,,,,0.06,15.0,0.07,15.0,0.08,15.0,0.09,15.0,0.1,15.0,0.04,0.04,44.981305,1776164972000
1776164973.873,273.873,0.97,15.0,0.96,15.0,0.95,15.0,0.94,15.0,0.93,15.0,0.99,690.07,,,,,,,,,0.01,690.07,,,,,,,,,0.03,15.0,0.04,15.0,0.05,15.0,0.06,15.0,0.07,15.0,0.02,0.02,44.98173,1776164973000
1776164974.874,274.874,0.97,15.0,0.96,15.0,0.95,15.0,0.94,15.0,0.93,15.0,0.99,690.07,,,,,,,,,0.01,690.07,,,,,,,,,0.03,15.0,0.04,15.0,0.05,15.0,0.06,15.0,0.07,15.0,0.02,0.02,44.981056,1776164974000
1776164975.864,275.864,0.97,15.0,0.96,15.0,0.95,15.0,0.94,15.0,0.93,15.0,0.99,690.07,,,,,,,,,0.01,690.07,,,,,,,,,0.03,15.0,0.04,15.0,0.05,15.0,0.06,15.0,0.07,15.0,0.02,0.02,44.981056,1776164975000
1776164976.816,276.816,0.97,15.0,0.96,15.0,0.95,15.0,0.94,15.0,0.93,15.0,0.99,690.07,,,,,,,,,0.01,690.07,,,,,,,,,0.03,15.0,0.04,15.0,0.05,15.0,0.06,15.0,0.07,15.0,0.02,0.02,44.980119,1776164976000
1776164977.806,277.806,0.97,15.0,0.96,15.0,0.95,15.0,0.94,15.0,0.93,15.0,0.99,690.07,,,,,,,,,0.01,690.07,,,,,,,,,0.03,15.0,0.04,15.0,0.05,15.0,0.06,15.0,0.07,15.0,0.02,0.02,44.978892,1776164977000
1776164979.262,279.262,0.97,15.0,0.96,15.0,0.95,15.0,0.94,15.0,0.93,15.0,0.99,690.07,,,,,,,,,0.01,690.07,,,,,,,,,0.03,15.0,0.04,15.0,0.05,15.0,0.06,15.0,0.07,15.0,0.02,0.02,44.978892,1776164978000
1776164979.768,279.768,0.89,32.0,0.88,10.0,0.3,100.0,0.04,5.0,0.02,10.0,0.99,667.14,,,,,,,,,0.01,690.07,,,,,,,,,0.03,15.0,0.04,15.0,0.05,15.0,0.06,15.0,0.07,15.0,0.1,0.02,44.978892,1776164978000
1776164980.124,280.124,0.89,32.0,0.88,10.0,0.3,100.0,0.04,5.0,0.02,10.0,0.99,667.14,,,,,,,,,0.01,667.14,,,,,,,,,0.11,32.0,0.12,10.0,0.7,100.0,0.96,5.0,0.98,10.0,0.1,0.1,44.97827,1776164979000
1776164981.202,281.202,0.89,32.0,0.88,10.0,0.3,100.0,0.04,5.0,0.02,10.0,0.99,667.14,,,,,,,,,0.01,667.14,,,,,,,,,0.11,32.0,0.12,10.0,0.7,100.0,0.96,5.0,0.98,10.0,0.1,0.1,44.977723,1776164980000
1776164982.335,282.335,0.89,32.0,0.88,10.0,0.3,100.0,0.04,5.0,0.02,10.0,0.99,667.14,,,,,,,,,0.01,667.14,,,,,,,,,0.11,32.0,0.12,10.0,0.7,100.0,0.96,5.0,0.98,10.0,0.1,0.1,44.97634,1776164981000
1776164983.496,283.496,0.89,32.0,0.88,10.0,0.3,100.0,0.04,5.0,0.02,10.0,0.99,667.14,,,,,,,,,0.01,667.14,,,,,,,,,0.11,32.0,0.12,10.0,0.7,100.0,0.96,5.0,0.98,10.0,0.1,0.1,44.974544,1776164982000
1776164983.995,283.995,0.89,32.0,0.88,10.0,0.3,100.0,0.04,5.0,0.02,10.0,0.99,667.14,,,,,,,,,0.01,667.14,,,,,,,,,0.11,32.0,0.12,10.0,0.7,100.0,0.96,5.0,0.98,10.0,0.1,0.1,44.974544,1776164983000
1776164985.103,285.103,0.89,32.0,0.88,10.0,0.3,100.0,0.04,5.0,0.02,10.0,0.99,667.14,,,,,,,,,0.01,667.14,,,,,,,,,0.11,32.0,0.12,10.0,0.7,100.0,0.96,5.0,0.98,10.0,0.1,0.1,44.975085,1776164984000
1776164985.462,285.462,0.89,32.0,0.88,10.0,0.3,100.0,0.04,5.0,0.02,10.0,0.99,662.14,,,,,,,,,0.01,667.14,,,,,,,,,0.11,32.0,0.12,10.0,0.7,100.0,0.96,5.0,0.98,10.0,0.1,0.1,44.975085,1776164984000
1776164986.255,286.255,0.89,32.0,0.88,10.0,0.3,100.0,0.04,5.0,0.02,10.0,0.99,662.14,,,,,,,,,0.01,662.14,,,,,,,,,0.11,32.0,0.12,10.0,0.7,100.0,0.96,5.0,0.98,10.0,0.1,0.1,44.97522,1776164985000
1776164987.401,287.401,0.89,32.0,0.88,10.0,0.3,100.0,0.04,5.0,0.02,10.0,0.99,662.14,,,,,,,,,0.01,662.14,,,,,,,,,0.11,32.0,0.12,10.0,0.7,100.0,0.96,5.0,0.98,10.0,0.1,0.1,44.97522,1776164986000
1776164987.814,287.814,0.89,40.6,0.88,10.0,0.3,100.0,0.04,5.0,0.02,10.0,0.99,624.8,,,,,,,,,0.01,632.14,,,,,,,,,0.11,40.6,0.12,10.0,0.7,100.0,0.96,5.0,0.98,10.0,0.1,0.1,44.97522,1776164986000
1776164988.218,288.218,0.99,375.2,0.89,40.6,0.88,10.0,0.3,100.0,0.04,5.0,,,,,,,,,,,0.01,624.8,,,,,,,,,0.11,40.6,0.12,10.0,0.7,100.0,0.96,5.0,0.98,10.0,,0.1,44.974512,1776164987000
1776164989.084,289.084,0.99,375.2,0.89,40.6,0.88,10.0,0.3,100.0,0.04,5.0,,,,,,,,,,,,,,,,,,,,,0.01,375.2,0.11,40.6,0.12,10.0,0.7,100.0,0.96,5.0,,,44.975786,1776164988000
1776164990.219,290.219,0.99,375.2,0.89,40.6,0.88,10.0,0.3,100.0,0.04,5.0,,,,,,,,,,,,,,,,,,,,,0.01,375.2,0.11,40.6,0.12,10.0,0.7,100.0,0.96,5.0,,,44.982306,1776164989000
1776164991.411,291.411,0.99,375.2,0.89,40.6,0.88,10.0,0.3,100.0,0.04,5.0,,,,,,,,,,,,,,,,,,,,,0.01,375.2,0.11,40.6,0.12,10.0,0.7,100.0,0.96,5.0,,,44.991459,1776164990000
1776164991.953,291.953,0.99,375.2,0.89,40.6,0.88,10.0,0.3,100.0,0.04,5.0,,,,,,,,,,,,,,,,,,,,,0.01,375.2,0.11,40.6,0.12,10.0,0.7,100.0,0.96,5.0,,,44.992482,1776164991000
1776164993.072,293.072,0.99,375.2,0.89,40.6,0.88,10.0,0.3,100.0,0.04,5.0,,,,,,,,,,,,,,,,,,,,,0.01,375.2,0.11,40.6,0.12,10.0,0.7,100.0,0.96,5.0,,,44.992077,1776164992000
1776164995.15,295.15,0.99,375.2,0.89,40.6,0.88,10.0,0.3,100.0,0.04,5.0,,,,,,,,,,,,,,,,,,,,,0.01,375.2,0.11,40.6,0.12,10.0,0.7,100.0,0.96,5.0,,,44.992405,1776164993000
1776164995.905,295.905,0.99,375.2,0.89,40.6,0.88,10.0,0.3,100.0,0.04,5.0,,,,,,,,,,,,,,,,,,,,,0.01,375.2,0.11,40.6,0.12,10.0,0.7,100.0,0.96,5.0,,,44.993361,1776164994000
1776164996.724,296.724,0.99,375.2,0.89,40.6,0.88,10.0,0.3,100.0,0.04,5.0,,,,,,,,,,,,,,,,,,,,,0.01,375.2,0.11,40.6,0.12,10.0,0.7,100.0,0.96,5.0,,,44.993862,1776164995000
1776164997.664,297.664,0.99,375.2,0.89,40.6,0.88,10.0,0.3,100.0,0.04,5.0,,,,,,,,,,,,,,,,,,,,,0.01,375.2,0.11,40.6,0.12,10.0,0.7,100.0,0.96,5.0,,,44.994327,1776164996000
1776164998.564,298.564,0.99,375.2,0.89,40.6,0.88,10.0,0.3,100.0,0.04,5.0,,,,,,,,,,,,,,,,,,,,,0.01,375.2,0.11,40.6,0.12,10.0,0.7,100.0,0.96,5.0,,,44.994389,1776164997000
1776164999.308,299.308,0.99,375.2,0.89,40.6,0.88,10.0,0.3,100.0,0.04,5.0,,,,,,,,,,,,,,,,,,,,,0.01,375.2,0.11,40.6,0.12,10.0,0.7,100.0,0.96,5.0,,,44.995372,1776164998000
1776165000.062,300.062,0.99,375.2,0.89,40.6,0.88,10.0,0.3,100.0,0.04,5.0,,,,,,,,,,,,,,,,,,,,,0.01,375.2,0.11,40.6,0.12,10.0,0.7,100.0,0.96,5.0,,,44.995372,1776164999000
1776165001.283,301.283,0.99,375.2,0.89,40.6,0.88,10.0,0.3,100.0,0.04,5.0,,,,,,,,,,,,,,,,,,,,,0.01,375.2,0.11,40.6,0.12,10.0,0.7,100.0,0.96,5.0,,,44.995374,1776165000000
1776165002.486,302.486,0.99,375.2,0.89,40.6,0.88,10.0,0.3,100.0,0.04,5.0,,,,,,,,,,,,,,,,,,,,,0.01,375.2,0.11,40.6,0.12,10.0,0.7,100.0,0.96,5.0,,,44.996486,1776165001000

# RESULT,winner=Up,slug=hype-updown-5m-1776164700,ticks=294
