timestamp,elapsed_sec,up_bid_p1,up_bid_s1,up_bid_p2,up_bid_s2,up_ask_p1,up_ask_s1,up_ask_p2,up_ask_s2,down_bid_p1,down_bid_s1,down_bid_p2,down_bid_s2,down_ask_p1,down_ask_s1,down_ask_p2,down_ask_s2,up_spread,down_spread,hype_price,hype_oracle_ts
1776192311.261,11.261,,,,,,,,,,,,,,,,,,,43.406636,1776192310000
1776192311.472,11.472,0.48,17.94,0.44,16.0,0.65,24.0,0.68,5.0,0.35,24.0,0.32,5.0,0.52,17.94,0.56,16.0,0.17,0.17,43.406636,1776192310000
1776192311.99,11.99,0.48,17.94,0.44,16.0,0.65,24.0,0.68,5.0,0.35,24.0,0.32,5.0,0.52,17.94,0.56,16.0,0.17,0.17,43.406636,1776192310000
1776192313.046,13.046,0.48,17.94,0.44,16.0,0.65,24.0,0.68,5.0,0.35,24.0,0.32,5.0,0.52,17.94,0.56,16.0,0.17,0.17,43.406964,1776192311000
1776192314.06,14.06,0.48,17.94,0.44,16.0,0.65,24.0,0.68,5.0,0.35,24.0,0.32,5.0,0.52,17.94,0.56,16.0,0.17,0.17,43.406944,1776192312000
1776192314.77,14.77,0.48,17.94,0.44,16.0,0.65,24.0,0.68,5.0,0.35,24.0,0.32,5.0,0.52,17.94,0.56,16.0,0.17,0.17,43.406944,1776192313000
1776192315.512,15.512,0.48,17.94,0.44,16.0,0.65,24.0,0.68,5.0,0.35,24.0,0.32,5.0,0.52,17.94,0.56,16.0,0.17,0.17,43.406925,1776192314000
1776192316.715,16.715,0.48,17.94,0.44,16.0,0.65,24.0,0.68,5.0,0.35,24.0,0.32,5.0,0.52,17.94,0.56,16.0,0.17,0.17,43.406925,1776192315000
1776192317.41,17.41,0.48,17.94,0.44,16.0,0.65,24.0,0.68,5.0,0.35,24.0,0.32,5.0,0.52,17.94,0.56,16.0,0.17,0.17,43.406906,1776192316000
1776192318.243,18.243,0.48,17.94,0.44,16.0,0.65,24.0,0.68,5.0,0.35,24.0,0.32,5.0,0.52,17.94,0.56,16.0,0.17,0.17,43.406906,1776192317000
1776192319.689,19.689,0.48,17.94,0.44,16.0,0.65,24.0,0.68,5.0,0.35,24.0,0.32,5.0,0.52,17.94,0.56,16.0,0.17,0.17,43.406157,1776192318000
1776192320.441,20.441,0.48,17.94,0.44,16.0,0.65,24.0,0.68,5.0,0.35,24.0,0.32,5.0,0.52,17.94,0.56,16.0,0.17,0.17,43.406085,1776192319000
1776192321.128,21.128,0.48,17.94,0.44,16.0,0.65,24.0,0.68,5.0,0.35,24.0,0.32,5.0,0.52,17.94,0.56,16.0,0.17,0.17,43.406086,1776192320000
1776192322.623,22.623,0.48,17.94,0.44,16.0,0.65,24.0,0.68,5.0,0.35,24.0,0.32,5.0,0.52,17.94,0.56,16.0,0.17,0.17,43.405799,1776192321000
1776192323.511,23.511,0.48,17.94,0.44,16.0,0.65,24.0,0.68,5.0,0.35,24.0,0.32,5.0,0.52,17.94,0.56,16.0,0.17,0.17,43.405799,1776192322000
1776192323.999,23.999,0.48,17.94,0.44,16.0,0.65,24.0,0.68,5.0,0.35,24.0,0.32,5.0,0.52,17.94,0.56,16.0,0.17,0.17,43.405799,1776192323000
1776192325.383,25.383,0.48,17.94,0.44,16.0,0.65,24.0,0.68,5.0,0.35,24.0,0.32,5.0,0.52,17.94,0.56,16.0,0.17,0.17,43.407129,1776192324000
1776192326.304,26.304,0.48,17.94,0.44,16.0,0.65,24.0,0.68,5.0,0.35,24.0,0.32,5.0,0.52,17.94,0.56,16.0,0.17,0.17,43.407129,1776192325000
1776192327.7,27.7,0.48,17.94,0.44,16.0,0.65,24.0,0.68,5.0,0.35,24.0,0.32,5.0,0.52,17.94,0.56,16.0,0.17,0.17,43.406803,1776192326000
1776192328.387,28.387,0.57,10.0,0.5,10.0,0.74,5.98,0.76,20.0,0.26,5.98,0.24,20.0,0.43,10.0,0.5,10.0,0.17,0.17,43.406802,1776192327000
1776192330.416,30.416,0.57,10.0,0.5,10.0,0.74,5.98,0.76,20.0,0.26,5.98,0.24,20.0,0.43,10.0,0.5,10.0,0.17,0.17,43.408894,1776192329000
1776192330.951,30.951,0.57,10.0,0.5,10.0,0.74,5.98,0.76,20.0,0.26,5.98,0.24,20.0,0.43,10.0,0.5,10.0,0.17,0.17,43.4183,1776192330000
1776192331.982,31.982,0.57,10.0,0.5,10.0,0.74,5.98,0.76,20.0,0.26,5.98,0.24,20.0,0.43,10.0,0.5,10.0,0.17,0.17,43.4213,1776192331000
1776192333.095,33.095,0.57,10.0,0.5,10.0,0.74,5.98,0.76,20.0,0.26,5.98,0.24,20.0,0.43,10.0,0.5,10.0,0.17,0.17,43.421427,1776192332000
1776192334.197,34.197,0.57,10.0,0.5,10.0,0.74,5.98,0.76,20.0,0.26,5.98,0.24,20.0,0.43,10.0,0.5,10.0,0.17,0.17,43.4219,1776192333000
1776192335.228,35.228,0.57,10.0,0.5,10.0,0.74,5.98,0.76,20.0,0.26,5.98,0.24,20.0,0.43,10.0,0.5,10.0,0.17,0.17,43.4226,1776192334000
1776192336.334,36.334,0.57,10.0,0.5,10.0,0.74,5.98,0.76,20.0,0.26,5.98,0.24,20.0,0.43,10.0,0.5,10.0,0.17,0.17,43.425205,1776192335000
1776192336.824,36.824,0.57,10.0,0.5,10.0,0.74,5.98,0.76,20.0,0.26,5.98,0.24,20.0,0.43,10.0,0.5,10.0,0.17,0.17,43.426409,1776192336000
1776192338.03,38.03,0.57,10.0,0.5,10.0,0.74,5.98,0.76,20.0,0.26,5.98,0.24,20.0,0.43,10.0,0.5,10.0,0.17,0.17,43.432279,1776192337000
1776192339.133,39.133,0.57,10.0,0.5,10.0,0.74,5.98,0.76,20.0,0.26,5.98,0.24,20.0,0.43,10.0,0.5,10.0,0.17,0.17,43.432889,1776192338000
1776192340.358,40.358,0.57,10.0,0.5,10.0,0.74,5.98,0.76,20.0,0.26,5.98,0.24,20.0,0.43,10.0,0.5,10.0,0.17,0.17,43.433899,1776192339000
1776192341.44,41.44,0.57,10.0,0.5,10.0,0.74,5.98,0.76,20.0,0.26,5.98,0.24,20.0,0.43,10.0,0.5,10.0,0.17,0.17,43.436184,1776192340000
1776192342.033,42.033,0.57,10.0,0.5,10.0,0.74,5.98,0.76,20.0,0.26,5.98,0.24,20.0,0.43,10.0,0.5,10.0,0.17,0.17,43.436184,1776192341000
1776192343.073,43.073,0.57,10.0,0.5,10.0,0.74,5.98,0.76,20.0,0.26,5.98,0.24,20.0,0.43,10.0,0.5,10.0,0.17,0.17,43.4385,1776192342000
1776192344.884,44.884,0.57,10.0,0.5,10.0,0.74,5.98,0.76,20.0,0.26,5.98,0.24,20.0,0.43,10.0,0.5,10.0,0.17,0.17,43.4346,1776192343000
1776192345.388,45.388,0.57,10.0,0.5,10.0,0.74,5.98,0.76,20.0,0.26,5.98,0.24,20.0,0.43,10.0,0.5,10.0,0.17,0.17,43.4361,1776192344000
1776192346.081,46.081,0.57,10.0,0.5,10.0,0.74,5.98,0.76,20.0,0.26,5.98,0.24,20.0,0.43,10.0,0.5,10.0,0.17,0.17,43.4361,1776192345000
1776192347.035,47.035,0.57,10.0,0.5,10.0,0.74,5.98,0.76,20.0,0.26,5.98,0.24,20.0,0.43,10.0,0.5,10.0,0.17,0.17,43.4377,1776192346000
1776192348.037,48.037,0.57,10.0,0.5,10.0,0.74,5.98,0.76,20.0,0.26,5.98,0.24,20.0,0.43,10.0,0.5,10.0,0.17,0.17,43.438531,1776192347000
1776192349.121,49.121,0.57,10.0,0.5,10.0,0.74,5.98,0.76,20.0,0.26,5.98,0.24,20.0,0.43,10.0,0.5,10.0,0.17,0.17,43.438482,1776192348000
1776192350.189,50.189,0.57,10.0,0.5,10.0,0.74,5.98,0.76,20.0,0.26,5.98,0.24,20.0,0.43,10.0,0.5,10.0,0.17,0.17,43.438482,1776192349000
1776192351.223,51.223,0.57,10.0,0.5,10.0,0.74,5.98,0.76,20.0,0.26,5.98,0.24,20.0,0.43,10.0,0.5,10.0,0.17,0.17,43.4387,1776192350000
1776192352.248,52.248,0.57,10.0,0.5,10.0,0.74,5.98,0.76,20.0,0.26,5.98,0.24,20.0,0.43,10.0,0.5,10.0,0.17,0.17,43.4379,1776192351000
1776192353.442,53.442,0.57,10.0,0.5,10.0,0.74,5.98,0.76,20.0,0.26,5.98,0.24,20.0,0.43,10.0,0.5,10.0,0.17,0.17,43.4383,1776192352000
1776192354.338,54.338,0.57,10.0,0.5,10.0,0.74,5.98,0.76,20.0,0.26,5.98,0.24,20.0,0.43,10.0,0.5,10.0,0.17,0.17,43.4383,1776192353000
1776192354.845,54.845,0.57,10.0,0.5,10.0,0.74,5.98,0.76,20.0,0.26,5.98,0.24,20.0,0.43,10.0,0.5,10.0,0.17,0.17,43.4383,1776192354000
1776192355.922,55.922,0.57,10.0,0.5,10.0,0.74,5.98,0.76,20.0,0.26,5.98,0.24,20.0,0.43,10.0,0.5,10.0,0.17,0.17,43.4383,1776192355000
1776192356.937,56.937,0.57,10.0,0.5,10.0,0.74,5.98,0.76,20.0,0.26,5.98,0.24,20.0,0.43,10.0,0.5,10.0,0.17,0.17,43.4382,1776192356000
1776192358.562,58.562,0.57,10.0,0.5,10.0,0.74,5.98,0.76,20.0,0.26,5.98,0.24,20.0,0.43,10.0,0.5,10.0,0.17,0.17,43.437826,1776192357000
1776192359.04,59.04,0.57,10.0,0.5,10.0,0.74,5.98,0.76,20.0,0.26,5.98,0.24,20.0,0.43,10.0,0.5,10.0,0.17,0.17,43.437505,1776192358000
1776192360.402,60.402,0.57,10.0,0.5,10.0,0.74,5.98,0.76,20.0,0.26,5.98,0.24,20.0,0.43,10.0,0.5,10.0,0.17,0.17,43.435703,1776192359000
1776192361.451,61.451,0.57,10.0,0.5,10.0,0.74,5.98,0.76,20.0,0.26,5.98,0.24,20.0,0.43,10.0,0.5,10.0,0.17,0.17,43.435954,1776192360000
1776192361.996,61.996,0.57,10.0,0.5,10.0,0.74,5.98,0.76,20.0,0.26,5.98,0.24,20.0,0.43,10.0,0.5,10.0,0.17,0.17,43.435764,1776192361000
1776192363.08,63.08,0.57,10.0,0.5,10.0,0.74,5.98,0.76,20.0,0.26,5.98,0.24,20.0,0.43,10.0,0.5,10.0,0.17,0.17,43.432887,1776192362000
1776192364.082,64.082,0.57,10.0,0.5,10.0,0.74,5.98,0.76,20.0,0.26,5.98,0.24,20.0,0.43,10.0,0.5,10.0,0.17,0.17,43.424355,1776192363000
1776192365.06,65.06,0.57,10.0,0.5,10.0,0.74,5.98,0.76,20.0,0.26,5.98,0.24,20.0,0.43,10.0,0.5,10.0,0.17,0.17,43.4202,1776192364000
1776192366.041,66.041,0.57,10.0,0.5,10.0,0.74,5.98,0.76,20.0,0.26,5.98,0.24,20.0,0.43,10.0,0.5,10.0,0.17,0.17,43.4202,1776192365000
1776192367.118,67.118,0.57,10.0,0.5,10.0,0.74,5.98,0.76,20.0,0.26,5.98,0.24,20.0,0.43,10.0,0.5,10.0,0.17,0.17,43.4172,1776192366000
1776192368.17,68.17,0.57,10.0,0.5,10.0,0.74,5.98,0.76,20.0,0.26,5.98,0.24,20.0,0.43,10.0,0.5,10.0,0.17,0.17,43.4174,1776192367000
1776192369.399,69.399,0.57,10.0,0.5,10.0,0.74,5.98,0.76,20.0,0.26,5.98,0.24,20.0,0.43,10.0,0.5,10.0,0.17,0.17,43.4174,1776192368000
1776192370.507,70.507,0.57,10.0,0.5,10.0,0.74,5.98,0.76,20.0,0.26,5.98,0.24,20.0,0.43,10.0,0.5,10.0,0.17,0.17,43.4159,1776192369000
1776192371.014,71.014,0.57,10.0,0.5,10.0,0.74,5.98,0.76,20.0,0.26,5.98,0.24,20.0,0.43,10.0,0.5,10.0,0.17,0.17,43.4159,1776192370000
1776192372.837,72.837,0.57,10.0,0.5,10.0,0.74,5.98,0.76,20.0,0.26,5.98,0.24,20.0,0.43,10.0,0.5,10.0,0.17,0.17,43.4145,1776192371000
1776192373.354,73.354,0.57,10.0,0.5,10.0,0.74,5.98,0.76,20.0,0.26,5.98,0.24,20.0,0.43,10.0,0.5,10.0,0.17,0.17,43.4151,1776192372000
1776192374.281,74.281,0.57,10.0,0.5,10.0,0.74,5.98,0.76,20.0,0.26,5.98,0.24,20.0,0.43,10.0,0.5,10.0,0.17,0.17,43.4137,1776192373000
1776192374.765,74.765,0.55,4.0,0.48,17.94,0.57,15.0,0.58,15.0,0.26,5.98,0.24,20.0,0.43,10.0,0.5,10.0,0.02,0.17,43.4137,1776192373000
1776192375.287,75.287,0.55,4.0,0.48,17.94,0.57,15.0,0.58,15.0,0.43,15.0,0.42,15.0,0.45,4.0,0.52,17.94,0.02,0.02,43.410511,1776192374000
1776192376.241,76.241,0.55,4.0,0.48,17.94,0.57,15.0,0.58,15.0,0.43,15.0,0.42,15.0,0.45,4.0,0.52,17.94,0.02,0.02,43.409581,1776192375000
1776192376.447,76.447,0.48,7.94,0.32,25.0,0.49,6.0,0.56,15.0,0.43,15.0,0.42,15.0,0.45,4.0,0.52,17.94,0.01,0.02,43.409581,1776192375000
1776192376.798,76.798,0.31,15.0,0.3,15.0,0.56,52.0,0.57,15.0,0.51,6.0,0.44,15.0,0.52,7.94,0.68,25.0,0.25,0.01,43.409581,1776192375000
1776192377.214,77.214,0.31,15.0,0.3,15.0,0.56,52.0,0.57,15.0,0.44,52.0,0.43,15.0,0.69,15.0,0.7,15.0,0.25,0.25,43.4087,1776192376000
1776192377.615,77.615,0.28,15.0,0.27,15.0,0.42,5.0,0.43,5.0,0.44,52.0,0.43,15.0,0.69,15.0,0.7,15.0,0.14,0.25,43.4087,1776192376000
1776192378.247,78.247,0.28,15.0,0.27,15.0,0.42,5.0,0.43,5.0,0.58,5.0,0.57,5.0,0.72,15.0,0.73,15.0,0.14,0.14,43.40637,1776192377000
1776192379.227,79.227,0.28,15.0,0.27,15.0,0.42,5.0,0.43,5.0,0.58,5.0,0.57,5.0,0.72,15.0,0.73,15.0,0.14,0.14,43.379305,1776192378000
1776192380.292,80.292,0.28,15.0,0.27,15.0,0.42,5.0,0.43,5.0,0.58,5.0,0.57,5.0,0.72,15.0,0.73,15.0,0.14,0.14,43.374709,1776192379000
1776192381.314,81.314,0.28,15.0,0.27,15.0,0.42,5.0,0.43,5.0,0.58,5.0,0.57,5.0,0.72,15.0,0.73,15.0,0.14,0.14,43.366004,1776192380000
1776192382.312,82.312,0.28,15.0,0.27,15.0,0.42,5.0,0.43,5.0,0.58,5.0,0.57,5.0,0.72,15.0,0.73,15.0,0.14,0.14,43.3608,1776192381000
1776192382.966,82.966,0.19,16.0,0.13,15.0,0.27,5.0,0.28,5.0,0.58,5.0,0.57,5.0,0.72,15.0,0.73,15.0,0.08,0.14,43.3608,1776192381000
1776192383.279,83.279,0.19,16.0,0.13,15.0,0.27,5.0,0.28,5.0,0.73,5.0,0.72,5.0,0.81,16.0,0.87,15.0,0.08,0.08,43.361556,1776192382000
1776192384.306,84.306,0.19,16.0,0.13,15.0,0.27,5.0,0.28,5.0,0.73,5.0,0.72,5.0,0.81,16.0,0.87,15.0,0.08,0.08,43.353763,1776192383000
1776192385.612,85.612,0.19,16.0,0.13,15.0,0.27,5.0,0.28,5.0,0.73,5.0,0.72,5.0,0.81,16.0,0.87,15.0,0.08,0.08,43.327479,1776192384000
1776192386.27,86.27,0.19,16.0,0.13,15.0,0.27,5.0,0.28,5.0,0.73,5.0,0.72,5.0,0.81,16.0,0.87,15.0,0.08,0.08,43.324,1776192385000
1776192387.187,87.187,0.19,16.0,0.13,15.0,0.27,5.0,0.28,5.0,0.73,5.0,0.72,5.0,0.81,16.0,0.87,15.0,0.08,0.08,43.325854,1776192386000
1776192388.177,88.177,0.19,16.0,0.13,15.0,0.27,5.0,0.28,5.0,0.73,5.0,0.72,5.0,0.81,16.0,0.87,15.0,0.08,0.08,43.327289,1776192387000
1776192389.112,89.112,0.19,16.0,0.13,15.0,0.27,5.0,0.28,5.0,0.73,5.0,0.72,5.0,0.81,16.0,0.87,15.0,0.08,0.08,43.3277,1776192388000
1776192390.228,90.228,0.19,16.0,0.13,15.0,0.27,5.0,0.28,5.0,0.73,5.0,0.72,5.0,0.81,16.0,0.87,15.0,0.08,0.08,43.3289,1776192389000
1776192391.249,91.249,0.19,16.0,0.13,15.0,0.27,5.0,0.28,5.0,0.73,5.0,0.72,5.0,0.81,16.0,0.87,15.0,0.08,0.08,43.333764,1776192390000
1776192392.291,92.291,0.19,16.0,0.13,15.0,0.27,5.0,0.28,5.0,0.73,5.0,0.72,5.0,0.81,16.0,0.87,15.0,0.08,0.08,43.337048,1776192391000
1776192393.432,93.432,0.19,16.0,0.13,15.0,0.27,5.0,0.28,5.0,0.73,5.0,0.72,5.0,0.81,16.0,0.87,15.0,0.08,0.08,43.341,1776192392000
1776192394.306,94.306,0.19,16.0,0.13,15.0,0.27,5.0,0.28,5.0,0.73,5.0,0.72,5.0,0.81,16.0,0.87,15.0,0.08,0.08,43.327635,1776192393000
1776192395.095,95.095,0.19,16.0,0.13,15.0,0.27,5.0,0.28,5.0,0.73,5.0,0.72,5.0,0.81,16.0,0.87,15.0,0.08,0.08,43.327635,1776192394000
1776192395.957,95.957,0.19,16.0,0.13,15.0,0.27,5.0,0.28,5.0,0.73,5.0,0.72,5.0,0.81,16.0,0.87,15.0,0.08,0.08,43.319101,1776192395000
1776192396.828,96.828,0.1,13.88,0.09,15.0,0.21,34.0,0.22,20.0,0.73,5.0,0.72,5.0,0.81,16.0,0.87,15.0,0.11,0.08,43.319101,1776192395000
1776192397.105,97.105,0.1,13.88,0.09,15.0,0.21,34.0,0.22,20.0,0.79,34.0,0.78,20.0,0.9,13.88,0.91,15.0,0.11,0.11,43.3187,1776192396000
1776192398.076,98.076,0.1,13.88,0.09,15.0,0.21,34.0,0.22,20.0,0.79,34.0,0.78,20.0,0.9,13.88,0.91,15.0,0.11,0.11,43.3187,1776192397000
1776192399.039,99.039,0.1,13.88,0.09,15.0,0.21,34.0,0.22,20.0,0.79,34.0,0.78,20.0,0.9,13.88,0.91,15.0,0.11,0.11,43.301617,1776192398000
1776192400.256,100.256,0.1,13.88,0.09,15.0,0.21,34.0,0.22,20.0,0.79,34.0,0.78,20.0,0.9,13.88,0.91,15.0,0.11,0.11,43.2978,1776192399000
1776192402.762,102.762,0.1,13.88,0.09,15.0,0.21,34.0,0.22,20.0,0.79,34.0,0.78,20.0,0.9,13.88,0.91,15.0,0.11,0.11,43.296333,1776192400000
1776192403.29,103.29,0.1,13.88,0.09,15.0,0.21,34.0,0.22,20.0,0.79,34.0,0.78,20.0,0.9,13.88,0.91,15.0,0.11,0.11,43.2951,1776192402000
1776192404.28,104.28,0.1,13.88,0.09,15.0,0.21,34.0,0.22,20.0,0.79,34.0,0.78,20.0,0.9,13.88,0.91,15.0,0.11,0.11,43.294,1776192403000
1776192405.268,105.268,0.1,13.88,0.09,15.0,0.21,34.0,0.22,20.0,0.79,34.0,0.78,20.0,0.9,13.88,0.91,15.0,0.11,0.11,43.293657,1776192404000
1776192406.688,106.688,0.1,13.88,0.09,15.0,0.21,34.0,0.22,20.0,0.79,34.0,0.78,20.0,0.9,13.88,0.91,15.0,0.11,0.11,43.293381,1776192405000
1776192407.366,107.366,0.1,13.88,0.09,15.0,0.21,34.0,0.22,20.0,0.79,34.0,0.78,20.0,0.9,13.88,0.91,15.0,0.11,0.11,43.29199,1776192406000
1776192407.958,107.958,0.1,13.88,0.09,15.0,0.21,34.0,0.22,20.0,0.79,34.0,0.78,20.0,0.9,13.88,0.91,15.0,0.11,0.11,43.289661,1776192407000
1776192408.967,108.967,0.1,13.88,0.09,15.0,0.21,34.0,0.22,20.0,0.79,34.0,0.78,20.0,0.9,13.88,0.91,15.0,0.11,0.11,43.283782,1776192408000
1776192409.932,109.932,0.1,13.88,0.09,15.0,0.21,34.0,0.22,20.0,0.79,34.0,0.78,20.0,0.9,13.88,0.91,15.0,0.11,0.11,43.277126,1776192409000
1776192410.591,110.591,0.08,10.0,0.07,15.0,0.12,31.0,0.14,15.0,0.79,34.0,0.78,20.0,0.9,13.88,0.91,15.0,0.04,0.11,43.277126,1776192409000
1776192410.972,110.972,0.08,10.0,0.07,15.0,0.12,31.0,0.14,15.0,0.88,31.0,0.86,15.0,0.92,10.0,0.93,15.0,0.04,0.04,43.279721,1776192410000
1776192412.544,112.544,0.08,10.0,0.07,15.0,0.12,31.0,0.14,15.0,0.88,31.0,0.86,15.0,0.92,10.0,0.93,15.0,0.04,0.04,43.2808,1776192411000
1776192413.094,113.094,0.08,10.0,0.07,15.0,0.12,31.0,0.14,15.0,0.88,31.0,0.86,15.0,0.92,10.0,0.93,15.0,0.04,0.04,43.2808,1776192412000
1776192414.276,114.276,0.08,10.0,0.07,15.0,0.12,31.0,0.14,15.0,0.88,31.0,0.86,15.0,0.92,10.0,0.93,15.0,0.04,0.04,43.2806,1776192413000
1776192415.321,115.321,0.08,10.0,0.07,15.0,0.12,31.0,0.14,15.0,0.88,31.0,0.86,15.0,0.92,10.0,0.93,15.0,0.04,0.04,43.282019,1776192414000
1776192416.718,116.718,0.08,10.0,0.07,15.0,0.12,31.0,0.14,15.0,0.88,31.0,0.86,15.0,0.92,10.0,0.93,15.0,0.04,0.04,43.284596,1776192415000
1776192417.294,117.294,0.08,10.0,0.07,15.0,0.12,31.0,0.14,15.0,0.88,31.0,0.86,15.0,0.92,10.0,0.93,15.0,0.04,0.04,43.289567,1776192416000
1776192418.717,118.717,0.08,10.0,0.07,15.0,0.12,31.0,0.14,15.0,0.88,31.0,0.86,15.0,0.92,10.0,0.93,15.0,0.04,0.04,43.290542,1776192417000
1776192419.098,119.098,0.08,10.0,0.07,15.0,0.12,31.0,0.14,15.0,0.88,31.0,0.86,15.0,0.92,10.0,0.93,15.0,0.04,0.04,43.292179,1776192418000
1776192420.233,120.233,0.08,10.0,0.07,15.0,0.12,31.0,0.14,15.0,0.88,31.0,0.86,15.0,0.92,10.0,0.93,15.0,0.04,0.04,43.297226,1776192419000
1776192421.388,121.388,0.08,10.0,0.07,15.0,0.12,31.0,0.14,15.0,0.88,31.0,0.86,15.0,0.92,10.0,0.93,15.0,0.04,0.04,43.297218,1776192420000
1776192421.921,121.921,0.08,10.0,0.07,15.0,0.12,31.0,0.14,15.0,0.88,31.0,0.86,15.0,0.92,10.0,0.93,15.0,0.04,0.04,43.297218,1776192421000
1776192423.028,123.028,0.08,10.0,0.07,15.0,0.12,31.0,0.14,15.0,0.88,31.0,0.86,15.0,0.92,10.0,0.93,15.0,0.04,0.04,43.2967,1776192422000
1776192424.198,124.198,0.08,10.0,0.07,15.0,0.12,31.0,0.14,15.0,0.88,31.0,0.86,15.0,0.92,10.0,0.93,15.0,0.04,0.04,43.289481,1776192423000
1776192425.265,125.265,0.08,10.0,0.07,15.0,0.12,31.0,0.14,15.0,0.88,31.0,0.86,15.0,0.92,10.0,0.93,15.0,0.04,0.04,43.2885,1776192424000
1776192425.947,125.947,0.08,10.0,0.07,15.0,0.12,31.0,0.14,15.0,0.88,31.0,0.86,15.0,0.92,10.0,0.93,15.0,0.04,0.04,43.2861,1776192425000
1776192427.52,127.52,0.08,10.0,0.07,15.0,0.12,31.0,0.14,15.0,0.88,31.0,0.86,15.0,0.92,10.0,0.93,15.0,0.04,0.04,43.26909,1776192426000
1776192428.122,128.122,0.08,10.0,0.07,15.0,0.12,31.0,0.14,15.0,0.88,31.0,0.86,15.0,0.92,10.0,0.93,15.0,0.04,0.04,43.265813,1776192427000
1776192429.094,129.094,0.08,10.0,0.07,15.0,0.12,31.0,0.14,15.0,0.88,31.0,0.86,15.0,0.92,10.0,0.93,15.0,0.04,0.04,43.248057,1776192428000
1776192429.465,129.465,0.03,47.29,0.02,20.0,0.06,15.0,0.07,15.0,0.88,31.0,0.86,15.0,0.92,10.0,0.93,15.0,0.03,0.04,43.248057,1776192428000
1776192430.02,130.02,0.03,47.29,0.02,20.0,0.06,15.0,0.07,15.0,0.94,15.0,0.93,15.0,0.97,47.29,0.98,20.0,0.03,0.03,43.241176,1776192429000
1776192430.249,130.249,0.03,27.29,0.02,20.0,0.06,15.0,0.07,15.0,0.94,15.0,0.93,15.0,0.97,47.29,0.98,20.0,0.03,0.03,43.241176,1776192429000
1776192430.597,130.597,0.03,17.29,0.02,20.0,0.06,15.0,0.07,15.0,0.94,15.0,0.93,15.0,0.97,27.29,0.98,20.0,0.03,0.03,43.241176,1776192429000
1776192431.094,131.094,0.03,17.29,0.02,20.0,0.06,15.0,0.07,15.0,0.94,15.0,0.93,15.0,0.97,17.29,0.98,20.0,0.03,0.03,43.24751,1776192430000
1776192432.063,132.063,0.02,20.0,0.01,195.0,0.06,15.0,0.07,15.0,0.94,15.0,0.93,15.0,0.97,17.29,0.98,20.0,0.04,0.03,43.24751,1776192430000
1776192433.134,133.134,0.02,20.0,0.01,195.0,0.06,15.0,0.07,15.0,0.94,15.0,0.93,15.0,0.98,20.0,0.99,195.0,0.04,0.04,43.239322,1776192432000
1776192433.456,133.456,0.03,5.0,0.02,20.0,0.06,15.0,0.07,15.0,0.94,15.0,0.93,15.0,0.98,20.0,0.99,195.0,0.03,0.04,43.239322,1776192432000
1776192434.506,134.506,0.03,5.0,0.02,20.0,0.06,15.0,0.07,15.0,0.94,15.0,0.93,15.0,0.97,5.0,0.98,20.0,0.03,0.03,43.240704,1776192433000
1776192435.026,135.026,0.03,5.0,0.02,20.0,0.06,15.0,0.07,15.0,0.94,15.0,0.93,15.0,0.97,5.0,0.98,20.0,0.03,0.03,43.244946,1776192434000
1776192436.24,136.24,0.03,5.0,0.02,20.0,0.06,15.0,0.07,15.0,0.94,15.0,0.93,15.0,0.97,5.0,0.98,20.0,0.03,0.03,43.252011,1776192435000
1776192437.188,137.188,0.02,20.0,0.01,195.0,0.03,5.0,0.07,39.0,0.97,5.0,0.93,39.0,0.98,20.0,0.99,195.0,0.01,0.01,43.257195,1776192436000
1776192438.319,138.319,0.02,20.0,0.01,195.0,0.03,5.0,0.07,39.0,0.97,5.0,0.93,39.0,0.98,20.0,0.99,195.0,0.01,0.01,43.2617,1776192437000
1776192438.525,138.525,0.04,10.0,0.03,15.0,0.07,15.0,0.08,41.0,0.97,5.0,0.93,39.0,0.98,20.0,0.99,195.0,0.03,0.01,43.2617,1776192437000
1776192439.354,139.354,0.04,10.0,0.03,15.0,0.07,15.0,0.08,41.0,0.93,15.0,0.92,41.0,0.96,10.0,0.97,15.0,0.03,0.03,43.2622,1776192438000
1776192440.57,140.57,0.04,10.0,0.03,15.0,0.07,15.0,0.08,41.0,0.93,15.0,0.92,41.0,0.96,10.0,0.97,15.0,0.03,0.03,43.2625,1776192439000
1776192441.411,141.411,0.03,5.0,0.02,20.0,0.07,39.0,0.08,15.0,0.93,15.0,0.92,41.0,0.96,10.0,0.97,15.0,0.04,0.03,43.2625,1776192439000
1776192442.117,142.117,0.03,5.0,0.02,20.0,0.07,39.0,0.08,15.0,0.93,39.0,0.92,15.0,0.97,5.0,0.98,20.0,0.04,0.04,43.261121,1776192441000
1776192443.244,143.244,0.03,5.0,0.02,20.0,0.07,39.0,0.08,15.0,0.93,39.0,0.92,15.0,0.97,5.0,0.98,20.0,0.04,0.04,43.256569,1776192442000
1776192444.477,144.477,0.03,5.0,0.02,20.0,0.07,39.0,0.08,15.0,0.93,39.0,0.92,15.0,0.97,5.0,0.98,20.0,0.04,0.04,43.261532,1776192443000
1776192445.016,145.016,0.03,5.0,0.02,20.0,0.07,39.0,0.08,15.0,0.93,39.0,0.92,15.0,0.97,5.0,0.98,20.0,0.04,0.04,43.261,1776192444000
1776192446.137,146.137,0.03,5.0,0.02,20.0,0.07,39.0,0.08,15.0,0.93,39.0,0.92,15.0,0.97,5.0,0.98,20.0,0.04,0.04,43.257045,1776192445000
1776192447.516,147.516,0.03,5.0,0.02,20.0,0.07,39.0,0.08,15.0,0.93,39.0,0.92,15.0,0.97,5.0,0.98,20.0,0.04,0.04,43.2497,1776192446000
1776192448.07,148.07,0.03,5.0,0.02,20.0,0.07,39.0,0.08,15.0,0.93,39.0,0.92,15.0,0.97,5.0,0.98,20.0,0.04,0.04,43.248486,1776192447000
1776192449.299,149.299,0.03,5.0,0.02,20.0,0.07,39.0,0.08,15.0,0.93,39.0,0.92,15.0,0.97,5.0,0.98,20.0,0.04,0.04,43.2444,1776192448000
1776192450.299,150.299,0.03,5.0,0.02,20.0,0.07,39.0,0.08,15.0,0.93,39.0,0.92,15.0,0.97,5.0,0.98,20.0,0.04,0.04,43.247551,1776192449000
1776192451.446,151.446,0.03,5.0,0.02,20.0,0.07,39.0,0.08,15.0,0.93,39.0,0.92,15.0,0.97,5.0,0.98,20.0,0.04,0.04,43.2468,1776192450000
1776192452.008,152.008,0.03,5.0,0.02,20.0,0.07,39.0,0.08,15.0,0.93,39.0,0.92,15.0,0.97,5.0,0.98,20.0,0.04,0.04,43.242959,1776192451000
1776192453.156,153.156,0.03,5.0,0.02,20.0,0.07,39.0,0.08,15.0,0.93,39.0,0.92,15.0,0.97,5.0,0.98,20.0,0.04,0.04,43.237211,1776192452000
1776192454.351,154.351,0.03,5.0,0.02,20.0,0.07,39.0,0.08,15.0,0.93,39.0,0.92,15.0,0.97,5.0,0.98,20.0,0.04,0.04,43.236271,1776192453000
1776192455.441,155.441,0.03,5.0,0.02,20.0,0.07,39.0,0.08,15.0,0.93,39.0,0.92,15.0,0.97,5.0,0.98,20.0,0.04,0.04,43.236223,1776192454000
1776192456.626,156.626,0.03,5.0,0.02,20.0,0.07,39.0,0.08,15.0,0.93,39.0,0.92,15.0,0.97,5.0,0.98,20.0,0.04,0.04,43.237552,1776192455000
1776192457.997,157.997,0.03,5.0,0.02,20.0,0.07,39.0,0.08,15.0,0.93,39.0,0.92,15.0,0.97,5.0,0.98,20.0,0.04,0.04,43.2379,1776192456000
1776192458.662,158.662,0.03,5.0,0.02,20.0,0.07,39.0,0.08,15.0,0.93,39.0,0.92,15.0,0.97,5.0,0.98,20.0,0.04,0.04,43.244,1776192457000
1776192459.262,159.262,0.02,1.93,0.01,195.0,0.03,15.0,0.04,15.0,0.93,39.0,0.92,15.0,0.97,5.0,0.98,20.0,0.01,0.04,43.244,1776192457000
1776192459.705,159.705,0.02,1.93,0.01,195.0,0.03,15.0,0.04,15.0,0.97,15.0,0.96,15.0,0.98,1.93,0.99,195.0,0.01,0.01,43.242797,1776192458000
1776192460.429,160.429,0.02,1.93,0.01,195.0,0.03,15.0,0.04,15.0,0.97,15.0,0.96,15.0,0.98,1.93,0.99,195.0,0.01,0.01,43.2427,1776192459000
1776192461.153,161.153,0.02,1.93,0.01,195.0,0.03,15.0,0.04,15.0,0.97,15.0,0.96,15.0,0.98,1.93,0.99,195.0,0.01,0.01,43.2415,1776192460000
1776192462.868,162.868,0.02,1.93,0.01,195.0,0.03,15.0,0.04,15.0,0.97,15.0,0.96,15.0,0.98,1.93,0.99,195.0,0.01,0.01,43.2445,1776192461000
1776192463.536,163.536,0.02,1.93,0.01,195.0,0.03,15.0,0.04,15.0,0.97,15.0,0.96,15.0,0.98,1.93,0.99,195.0,0.01,0.01,43.247459,1776192462000
1776192464.251,164.251,0.02,1.93,0.01,195.0,0.03,15.0,0.04,15.0,0.97,15.0,0.96,15.0,0.98,1.93,0.99,195.0,0.01,0.01,43.247459,1776192463000
1776192465.997,165.997,0.02,1.93,0.01,195.0,0.03,15.0,0.04,15.0,0.97,15.0,0.96,15.0,0.98,1.93,0.99,195.0,0.01,0.01,43.2489,1776192464000
1776192466.728,166.728,0.02,1.93,0.01,195.0,0.03,15.0,0.04,15.0,0.97,15.0,0.96,15.0,0.98,1.93,0.99,195.0,0.01,0.01,43.2508,1776192465000
1776192467.505,167.505,0.02,1.93,0.01,195.0,0.03,15.0,0.04,15.0,0.97,15.0,0.96,15.0,0.98,1.93,0.99,195.0,0.01,0.01,43.2501,1776192466000
1776192468.222,168.222,0.02,1.93,0.01,195.0,0.03,15.0,0.04,15.0,0.97,15.0,0.96,15.0,0.98,1.93,0.99,195.0,0.01,0.01,43.24916,1776192467000
1776192469.756,169.756,0.02,1.93,0.01,195.0,0.03,15.0,0.04,15.0,0.97,15.0,0.96,15.0,0.98,1.93,0.99,195.0,0.01,0.01,43.254467,1776192468000
1776192470.422,170.422,0.02,1.93,0.01,195.0,0.03,15.0,0.04,15.0,0.97,15.0,0.96,15.0,0.98,1.93,0.99,195.0,0.01,0.01,43.2556,1776192469000
1776192471.297,171.297,0.02,1.93,0.01,195.0,0.03,15.0,0.04,15.0,0.97,15.0,0.96,15.0,0.98,1.93,0.99,195.0,0.01,0.01,43.256298,1776192470000
1776192471.72,171.72,0.01,186.83,,,0.03,15.0,0.04,15.0,0.97,15.0,0.96,15.0,0.98,1.93,0.99,195.0,0.02,0.01,43.256298,1776192470000
1776192472.669,172.669,0.01,186.83,,,0.03,15.0,0.04,15.0,0.97,15.0,0.96,15.0,0.99,186.83,,,0.02,0.02,43.247014,1776192471000
1776192473.463,173.463,0.01,186.83,,,0.03,15.0,0.04,15.0,0.97,15.0,0.96,15.0,0.99,186.83,,,0.02,0.02,43.229966,1776192472000
1776192474.183,174.183,0.01,186.83,,,0.03,15.0,0.04,15.0,0.97,15.0,0.96,15.0,0.99,186.83,,,0.02,0.02,43.199585,1776192473000
1776192475.639,175.639,0.01,186.83,,,0.03,15.0,0.04,15.0,0.97,15.0,0.96,15.0,0.99,186.83,,,0.02,0.02,43.195417,1776192474000
1776192476.936,176.936,0.01,186.83,,,0.03,15.0,0.04,15.0,0.97,15.0,0.96,15.0,0.99,186.83,,,0.02,0.02,43.192464,1776192475000
1776192477.555,177.555,0.01,186.83,,,0.03,15.0,0.04,15.0,0.97,15.0,0.96,15.0,0.99,186.83,,,0.02,0.02,43.191346,1776192476000
1776192478.202,178.202,0.01,186.83,,,0.03,15.0,0.04,15.0,0.97,15.0,0.96,15.0,0.99,186.83,,,0.02,0.02,43.186574,1776192477000
1776192479.372,179.372,0.01,186.83,,,0.03,15.0,0.04,15.0,0.97,15.0,0.96,15.0,0.99,186.83,,,0.02,0.02,43.184398,1776192478000
1776192480.554,180.554,0.01,186.83,,,0.03,15.0,0.04,15.0,0.97,15.0,0.96,15.0,0.99,186.83,,,0.02,0.02,43.180604,1776192479000
1776192480.792,180.792,0.01,176.73,,,0.02,15.0,0.03,15.0,0.97,15.0,0.96,15.0,0.99,186.83,,,0.01,0.02,43.180604,1776192479000
1776192481.146,181.146,0.01,176.73,,,0.02,15.0,0.03,15.0,0.98,15.0,0.97,15.0,0.99,176.73,,,0.01,0.01,43.181733,1776192480000
1776192481.817,181.817,0.01,171.67,,,0.02,15.0,0.03,15.0,0.98,15.0,0.97,15.0,0.99,176.73,,,0.01,0.01,43.181733,1776192480000
1776192482.294,182.294,0.01,171.67,,,0.02,15.0,0.03,15.0,0.98,15.0,0.97,15.0,0.99,171.67,,,0.01,0.01,43.188654,1776192481000
1776192483.597,183.597,0.01,171.67,,,0.02,15.0,0.03,15.0,0.98,15.0,0.97,15.0,0.99,171.67,,,0.01,0.01,43.194117,1776192482000
1776192484.286,184.286,0.01,171.67,,,0.02,15.0,0.03,15.0,0.98,15.0,0.97,15.0,0.99,171.67,,,0.01,0.01,43.19528,1776192483000
1776192485.236,185.236,0.01,171.67,,,0.02,15.0,0.03,15.0,0.98,15.0,0.97,15.0,0.99,171.67,,,0.01,0.01,43.199959,1776192484000
1776192486.317,186.317,0.01,171.67,,,0.02,15.0,0.03,15.0,0.98,15.0,0.97,15.0,0.99,171.67,,,0.01,0.01,43.196939,1776192485000
1776192486.877,186.877,0.01,171.67,,,0.02,15.0,0.03,15.0,0.98,15.0,0.97,15.0,0.99,171.67,,,0.01,0.01,43.195683,1776192486000
1776192488.15,188.15,0.01,171.67,,,0.02,15.0,0.03,15.0,0.98,15.0,0.97,15.0,0.99,171.67,,,0.01,0.01,43.193002,1776192487000
1776192489.218,189.218,0.01,171.67,,,0.02,15.0,0.03,15.0,0.98,15.0,0.97,15.0,0.99,171.67,,,0.01,0.01,43.195393,1776192488000
1776192490.323,190.323,0.01,171.67,,,0.02,15.0,0.03,15.0,0.98,15.0,0.97,15.0,0.99,171.67,,,0.01,0.01,43.197659,1776192489000
1776192492.035,192.035,0.01,171.67,,,0.02,15.0,0.03,15.0,0.98,15.0,0.97,15.0,0.99,171.67,,,0.01,0.01,43.19744,1776192490000
1776192492.654,192.654,0.01,171.67,,,0.02,15.0,0.03,15.0,0.98,15.0,0.97,15.0,0.99,171.67,,,0.01,0.01,43.197659,1776192491000
1776192493.129,193.129,0.01,171.67,,,0.02,15.0,0.03,15.0,0.98,15.0,0.97,15.0,0.99,171.67,,,0.01,0.01,43.201946,1776192492000
1776192494.429,194.429,0.01,171.67,,,0.02,15.0,0.03,15.0,0.98,15.0,0.97,15.0,0.99,171.67,,,0.01,0.01,43.205602,1776192493000
1776192494.971,194.971,0.01,171.67,,,0.02,15.0,0.03,15.0,0.98,15.0,0.97,15.0,0.99,171.67,,,0.01,0.01,43.2115,1776192494000
1776192496.077,196.077,0.01,171.67,,,0.02,15.0,0.03,15.0,0.98,15.0,0.97,15.0,0.99,171.67,,,0.01,0.01,43.216391,1776192495000
1776192497.189,197.189,0.01,171.67,,,0.02,15.0,0.03,15.0,0.98,15.0,0.97,15.0,0.99,171.67,,,0.01,0.01,43.216335,1776192496000
1776192498.338,198.338,0.01,171.67,,,0.02,15.0,0.03,15.0,0.98,15.0,0.97,15.0,0.99,171.67,,,0.01,0.01,43.215192,1776192497000
1776192498.899,198.899,0.01,171.67,,,0.02,15.0,0.03,15.0,0.98,15.0,0.97,15.0,0.99,171.67,,,0.01,0.01,43.215195,1776192498000
1776192500.147,200.147,0.01,171.67,,,0.02,15.0,0.03,15.0,0.98,15.0,0.97,15.0,0.99,171.67,,,0.01,0.01,43.214619,1776192499000
1776192501.299,201.299,0.01,171.67,,,0.02,15.0,0.03,15.0,0.98,15.0,0.97,15.0,0.99,171.67,,,0.01,0.01,43.2175,1776192500000
1776192502.407,202.407,0.01,171.67,,,0.02,15.0,0.03,15.0,0.98,15.0,0.97,15.0,0.99,171.67,,,0.01,0.01,43.22348,1776192501000
1776192503.023,203.023,0.01,171.67,,,0.02,15.0,0.03,15.0,0.98,15.0,0.97,15.0,0.99,171.67,,,0.01,0.01,43.2253,1776192502000
1776192504.237,204.237,0.01,171.67,,,0.02,15.0,0.03,15.0,0.98,15.0,0.97,15.0,0.99,171.67,,,0.01,0.01,43.225063,1776192503000
1776192505.302,205.302,0.01,171.67,,,0.02,15.0,0.03,15.0,0.98,15.0,0.97,15.0,0.99,171.67,,,0.01,0.01,43.225304,1776192504000
1776192506.81,206.81,0.01,171.67,,,0.02,15.0,0.03,15.0,0.98,15.0,0.97,15.0,0.99,171.67,,,0.01,0.01,43.224102,1776192505000
1776192507.096,207.096,0.01,151.67,,,0.02,15.0,0.03,15.0,0.98,15.0,0.97,15.0,0.99,171.67,,,0.01,0.01,43.224102,1776192505000
1776192507.43,207.43,0.01,151.67,,,0.02,15.0,0.03,15.0,0.98,15.0,0.97,15.0,0.99,151.67,,,0.01,0.01,43.223763,1776192506000
1776192507.968,207.968,0.01,151.67,,,0.02,15.0,0.03,15.0,0.98,15.0,0.97,15.0,0.99,151.67,,,0.01,0.01,43.2271,1776192507000
1776192509.048,209.048,0.01,151.67,,,0.02,15.0,0.03,15.0,0.98,15.0,0.97,15.0,0.99,151.67,,,0.01,0.01,43.22793,1776192508000
1776192510.235,210.235,0.01,151.67,,,0.02,15.0,0.03,15.0,0.98,15.0,0.97,15.0,0.99,151.67,,,0.01,0.01,43.234326,1776192509000
1776192510.494,210.494,0.01,146.62,,,0.02,15.0,0.03,15.0,0.98,15.0,0.97,15.0,0.99,151.67,,,0.01,0.01,43.234326,1776192509000
1776192511.373,211.373,0.01,141.57,,,0.02,15.0,0.03,15.0,0.98,15.0,0.97,15.0,0.99,141.57,,,0.01,0.01,43.251265,1776192510000
1776192512.589,212.589,0.01,141.57,,,0.02,15.0,0.03,15.0,0.98,15.0,0.97,15.0,0.99,141.57,,,0.01,0.01,43.247502,1776192511000
1776192513.086,213.086,0.01,141.57,,,0.02,15.0,0.03,15.0,0.98,15.0,0.97,15.0,0.99,141.57,,,0.01,0.01,43.239513,1776192512000
1776192514.157,214.157,0.01,134.22,,,0.02,15.0,0.03,15.0,0.98,15.0,0.97,15.0,0.99,141.57,,,0.01,0.01,43.239513,1776192512000
1776192515.462,215.462,0.01,134.22,,,0.02,15.0,0.03,15.0,0.98,15.0,0.97,15.0,0.99,134.22,,,0.01,0.01,43.2389,1776192514000
1776192516.01,216.01,0.01,134.22,,,0.02,15.0,0.03,15.0,0.98,15.0,0.97,15.0,0.99,134.22,,,0.01,0.01,43.239401,1776192515000
1776192517.275,217.275,0.01,134.22,,,0.02,15.0,0.03,15.0,0.98,15.0,0.97,15.0,0.99,134.22,,,0.01,0.01,43.235201,1776192516000
1776192520.94,220.94,0.01,124.12,,,0.02,15.0,0.03,15.0,0.98,15.0,0.97,15.0,0.99,134.22,,,0.01,0.01,43.235201,1776192516000
1776192525.524,225.524,0.01,124.12,,,0.02,15.0,0.03,15.0,0.98,15.0,0.97,15.0,0.99,124.12,,,0.01,0.01,43.2015,1776192524000
1776192526.586,226.586,0.01,124.12,,,0.02,15.0,0.03,15.0,0.98,15.0,0.97,15.0,0.99,124.12,,,0.01,0.01,43.2015,1776192525000
1776192527.359,227.359,0.01,124.12,,,0.02,15.0,0.03,15.0,0.98,15.0,0.97,15.0,0.99,124.12,,,0.01,0.01,43.2003,1776192526000
1776192527.972,227.972,0.01,124.12,,,0.02,15.0,0.03,15.0,0.98,15.0,0.97,15.0,0.99,124.12,,,0.01,0.01,43.2003,1776192527000
1776192529.171,229.171,0.01,124.12,,,0.02,15.0,0.03,15.0,0.98,15.0,0.97,15.0,0.99,124.12,,,0.01,0.01,43.2019,1776192528000
1776192530.712,230.712,,,,,0.01,875.88,0.02,15.0,0.99,875.88,0.98,15.0,,,,,,,43.19723,1776192529000
1776192531.29,231.29,,,,,0.01,875.88,0.02,15.0,0.99,875.88,0.98,15.0,,,,,,,43.194182,1776192530000
1776192532.718,232.718,,,,,0.01,875.88,0.02,15.0,0.99,875.88,0.98,15.0,,,,,,,43.183846,1776192531000
1776192533.318,233.318,,,,,0.01,875.88,0.02,15.0,0.99,875.88,0.98,15.0,,,,,,,43.18004,1776192532000
1776192534.644,234.644,,,,,0.01,875.88,0.02,15.0,0.99,875.88,0.98,15.0,,,,,,,43.181286,1776192533000
1776192535.213,235.213,,,,,0.01,875.88,0.02,15.0,0.99,875.88,0.98,15.0,,,,,,,43.181286,1776192534000
1776192536.438,236.438,,,,,0.01,875.88,0.02,15.0,0.99,875.88,0.98,15.0,,,,,,,43.182198,1776192535000
1776192537.054,237.054,,,,,0.01,875.88,0.02,15.0,0.99,875.88,0.98,15.0,,,,,,,43.185007,1776192536000
1776192539.453,239.453,,,,,0.01,875.88,0.02,15.0,0.99,875.88,0.98,15.0,,,,,,,43.18946,1776192538000
1776192540.516,240.516,,,,,0.01,875.88,0.02,15.0,0.99,875.88,0.98,15.0,,,,,,,43.1973,1776192539000
1776192541.091,241.091,,,,,0.01,875.88,0.02,15.0,0.99,875.88,0.98,15.0,,,,,,,43.1973,1776192540000
1776192542.333,242.333,,,,,0.01,875.88,0.02,15.0,0.99,875.88,0.98,15.0,,,,,,,43.202349,1776192541000
1776192543.11,243.11,,,,,0.01,875.88,0.02,15.0,0.99,875.88,0.98,15.0,,,,,,,43.20325,1776192542000
1776192544.193,244.193,,,,,0.01,875.88,0.02,15.0,0.99,875.88,0.98,15.0,,,,,,,43.205577,1776192543000
1776192545.308,245.308,,,,,0.01,875.88,0.02,15.0,0.99,875.88,0.98,15.0,,,,,,,43.207433,1776192544000
1776192545.844,245.844,,,,,0.01,875.88,0.02,15.0,0.99,875.88,0.98,15.0,,,,,,,43.19511,1776192545000
1776192547.024,247.024,,,,,0.01,875.88,0.02,15.0,0.99,875.88,0.98,15.0,,,,,,,43.183998,1776192546000
1776192548.08,248.08,,,,,0.01,875.88,0.02,15.0,0.99,875.88,0.98,15.0,,,,,,,43.173922,1776192547000
1776192549.245,249.245,,,,,0.01,875.88,0.02,15.0,0.99,875.88,0.98,15.0,,,,,,,43.174462,1776192548000
1776192551.09,251.09,,,,,0.01,875.88,0.02,15.0,0.99,875.88,0.98,15.0,,,,,,,43.177676,1776192550000
1776192552.329,252.329,,,,,0.01,875.88,0.02,15.0,0.99,875.88,0.98,15.0,,,,,,,43.174155,1776192551000
1776192553.151,253.151,,,,,0.01,875.88,0.02,15.0,0.99,875.88,0.98,15.0,,,,,,,43.173023,1776192552000
1776192554.217,254.217,,,,,0.01,875.88,0.02,15.0,0.99,875.88,0.98,15.0,,,,,,,43.174131,1776192553000
1776192555.18,255.18,,,,,0.01,875.88,0.02,15.0,0.99,875.88,0.98,15.0,,,,,,,43.170062,1776192554000
1776192556.192,256.192,,,,,0.01,875.88,0.02,15.0,0.99,875.88,0.98,15.0,,,,,,,43.170108,1776192555000
1776192557.217,257.217,,,,,0.01,875.88,0.02,15.0,0.99,875.88,0.98,15.0,,,,,,,43.163746,1776192556000
1776192558.222,258.222,,,,,0.01,875.88,0.02,15.0,0.99,875.88,0.98,15.0,,,,,,,43.166787,1776192557000
1776192559.149,259.149,,,,,0.01,875.88,0.02,15.0,0.99,875.88,0.98,15.0,,,,,,,43.166822,1776192558000
1776192560.203,260.203,,,,,0.01,875.88,0.02,15.0,0.99,875.88,0.98,15.0,,,,,,,43.168271,1776192559000
1776192561.178,261.178,,,,,0.01,875.88,0.02,15.0,0.99,875.88,0.98,15.0,,,,,,,43.175633,1776192560000
1776192562.166,262.166,,,,,0.01,875.88,0.02,15.0,0.99,875.88,0.98,15.0,,,,,,,43.183093,1776192561000
1776192563.185,263.185,,,,,0.01,875.88,0.02,15.0,0.99,875.88,0.98,15.0,,,,,,,43.185197,1776192562000
1776192564.216,264.216,,,,,0.01,875.88,0.02,15.0,0.99,875.88,0.98,15.0,,,,,,,43.185493,1776192563000
1776192565.212,265.212,,,,,0.01,875.88,0.02,15.0,0.99,875.88,0.98,15.0,,,,,,,43.184604,1776192564000
1776192566.241,266.241,,,,,0.01,875.88,0.02,15.0,0.99,875.88,0.98,15.0,,,,,,,43.184706,1776192565000
1776192567.274,267.274,,,,,0.01,875.88,0.02,15.0,0.99,875.88,0.98,15.0,,,,,,,43.184947,1776192566000
1776192568.291,268.291,,,,,0.01,875.88,0.02,15.0,0.99,875.88,0.98,15.0,,,,,,,43.178755,1776192567000
1776192569.367,269.367,,,,,0.01,875.88,0.02,15.0,0.99,875.88,0.98,15.0,,,,,,,43.173292,1776192568000
1776192570.568,270.568,,,,,0.01,875.88,0.02,15.0,0.99,875.88,0.98,15.0,,,,,,,43.170648,1776192569000
1776192571.095,271.095,,,,,0.01,875.88,0.02,15.0,0.99,875.88,0.98,15.0,,,,,,,43.172351,1776192570000
1776192572.117,272.117,,,,,0.01,875.88,0.02,15.0,0.99,875.88,0.98,15.0,,,,,,,43.174491,1776192571000
1776192573.195,273.195,,,,,0.01,875.88,0.02,15.0,0.99,875.88,0.98,15.0,,,,,,,43.169179,1776192572000
1776192574.679,274.679,,,,,0.01,875.88,0.02,15.0,0.99,875.88,0.98,15.0,,,,,,,43.163898,1776192573000
1776192575.19,275.19,,,,,0.01,875.88,0.02,15.0,0.99,875.88,0.98,15.0,,,,,,,43.162227,1776192574000
1776192576.318,276.318,,,,,0.01,875.88,0.02,15.0,0.99,875.88,0.98,15.0,,,,,,,43.159735,1776192575000
1776192577.491,277.491,,,,,0.01,875.88,0.02,15.0,0.99,875.88,0.98,15.0,,,,,,,43.157101,1776192576000
1776192578.051,278.051,,,,,0.01,875.88,0.02,15.0,0.99,875.88,0.98,15.0,,,,,,,43.158404,1776192577000
1776192579.112,279.112,,,,,0.01,875.88,0.02,15.0,0.99,875.88,0.98,15.0,,,,,,,43.158569,1776192578000
1776192580.191,280.191,,,,,0.01,875.88,0.02,15.0,0.99,875.88,0.98,15.0,,,,,,,43.160022,1776192579000
1776192581.297,281.297,,,,,0.01,875.88,0.02,15.0,0.99,875.88,0.98,15.0,,,,,,,43.161056,1776192580000
1776192582.717,282.717,,,,,0.01,875.88,0.02,15.0,0.99,875.88,0.98,15.0,,,,,,,43.16231,1776192581000
1776192583.288,283.288,,,,,0.01,875.88,0.02,15.0,0.99,875.88,0.98,15.0,,,,,,,43.162264,1776192582000
1776192583.853,283.853,,,,,0.01,875.88,0.02,15.0,0.99,875.88,0.98,15.0,,,,,,,43.157551,1776192583000
1776192584.843,284.843,,,,,0.01,875.88,0.02,15.0,0.99,875.88,0.98,15.0,,,,,,,43.157075,1776192584000
1776192585.924,285.924,,,,,0.01,875.88,0.02,15.0,0.99,875.88,0.98,15.0,,,,,,,43.158339,1776192585000
1776192587.119,287.119,,,,,0.01,875.88,0.02,15.0,0.99,875.88,0.98,15.0,,,,,,,43.158396,1776192586000
1776192588.119,288.119,,,,,0.01,875.88,0.02,15.0,0.99,875.88,0.98,15.0,,,,,,,43.162558,1776192587000
1776192589.184,289.184,,,,,0.01,875.88,0.02,15.0,0.99,875.88,0.98,15.0,,,,,,,43.162012,1776192588000
1776192590.252,290.252,,,,,0.01,875.88,0.02,15.0,0.99,875.88,0.98,15.0,,,,,,,43.15894,1776192589000
1776192591.249,291.249,,,,,0.01,875.88,0.02,15.0,0.99,875.88,0.98,15.0,,,,,,,43.153829,1776192590000
1776192592.329,292.329,,,,,0.01,875.88,0.02,15.0,0.99,875.88,0.98,15.0,,,,,,,43.153517,1776192591000
1776192593.377,293.377,,,,,0.01,875.88,0.02,15.0,0.99,875.88,0.98,15.0,,,,,,,43.15062,1776192592000
1776192594.377,294.377,,,,,0.01,875.88,0.02,15.0,0.99,875.88,0.98,15.0,,,,,,,43.14734,1776192593000
1776192594.93,294.93,,,,,0.01,875.88,0.02,15.0,0.99,875.88,0.98,15.0,,,,,,,43.146689,1776192594000
1776192596.596,296.596,,,,,0.01,875.88,0.02,15.0,0.99,875.88,0.98,15.0,,,,,,,43.146659,1776192595000
1776192597.133,297.133,,,,,0.01,875.88,0.02,15.0,0.99,875.88,0.98,15.0,,,,,,,43.14765,1776192596000
1776192598.213,298.213,,,,,0.01,875.88,0.02,15.0,0.99,875.88,0.98,15.0,,,,,,,43.148071,1776192597000
1776192599.357,299.357,,,,,0.01,875.88,0.02,15.0,0.99,875.88,0.98,15.0,,,,,,,43.146675,1776192598000
1776192599.931,299.931,,,,,0.01,875.88,0.02,15.0,0.99,875.88,0.98,15.0,,,,,,,43.146762,1776192599000
1776192600.86,300.86,,,,,0.01,875.88,0.02,15.0,0.99,875.88,0.98,15.0,,,,,,,43.157215,1776192600000

# RESULT,winner=Down,slug=hype-updown-5m-1776192300,ticks=301
