timestamp,elapsed_sec,up_bid_p1,up_bid_s1,up_bid_p2,up_bid_s2,up_bid_p3,up_bid_s3,up_bid_p4,up_bid_s4,up_bid_p5,up_bid_s5,up_ask_p1,up_ask_s1,up_ask_p2,up_ask_s2,up_ask_p3,up_ask_s3,up_ask_p4,up_ask_s4,up_ask_p5,up_ask_s5,down_bid_p1,down_bid_s1,down_bid_p2,down_bid_s2,down_bid_p3,down_bid_s3,down_bid_p4,down_bid_s4,down_bid_p5,down_bid_s5,down_ask_p1,down_ask_s1,down_ask_p2,down_ask_s2,down_ask_p3,down_ask_s3,down_ask_p4,down_ask_s4,down_ask_p5,down_ask_s5,up_spread,down_spread,hype_price,hype_oracle_ts
1776162911.249,11.249,,,,,,,,,,,,,,,,,,,,,,,,,,,,,,,,,,,,,,,,,,,44.839166,1776162910000
1776162911.809,11.809,0.52,9.0,0.49,5.0,0.48,5.0,0.47,5.0,0.46,5.0,0.56,5.0,0.73,5.0,0.74,5.0,0.75,5.0,0.76,5.0,0.39,5.0,0.31,10.0,0.27,5.0,0.26,5.0,0.25,5.0,0.48,19.0,0.51,5.0,0.52,10.0,0.53,5.0,0.54,5.0,0.04,0.09,44.839166,1776162910000
1776162912.436,12.436,0.52,19.0,0.49,5.0,0.48,10.0,0.47,5.0,0.46,5.0,0.61,5.0,0.69,10.0,0.73,5.0,0.74,5.0,0.75,5.0,0.39,5.0,0.31,10.0,0.27,5.0,0.26,5.0,0.25,5.0,0.48,19.0,0.51,5.0,0.52,10.0,0.53,5.0,0.54,5.0,0.09,0.09,44.840039,1776162911000
1776162912.905,12.905,0.52,19.0,0.49,5.0,0.48,10.0,0.47,5.0,0.46,5.0,0.61,5.0,0.69,10.0,0.73,5.0,0.74,5.0,0.75,5.0,0.39,5.0,0.31,10.0,0.27,5.0,0.26,5.0,0.25,5.0,0.48,19.0,0.51,5.0,0.52,10.0,0.53,5.0,0.54,5.0,0.09,0.09,44.841468,1776162912000
1776162914.135,14.135,0.52,19.0,0.49,5.0,0.48,10.0,0.47,5.0,0.46,5.0,0.61,5.0,0.69,10.0,0.73,5.0,0.74,5.0,0.75,5.0,0.39,5.0,0.31,10.0,0.27,5.0,0.26,5.0,0.25,5.0,0.48,19.0,0.51,5.0,0.52,10.0,0.53,5.0,0.54,5.0,0.09,0.09,44.843769,1776162913000
1776162915.171,15.171,0.62,5.0,0.6,5.0,0.59,5.0,0.58,5.0,0.57,5.0,0.79,10.0,0.8,25.0,0.84,5.0,0.85,5.0,0.86,5.0,0.21,10.0,0.2,25.0,0.16,5.0,0.15,5.0,0.14,5.0,0.38,5.0,0.4,5.0,0.41,5.0,0.42,5.0,0.43,5.0,0.17,0.17,44.849611,1776162914000
1776162916.245,16.245,0.62,5.0,0.6,5.0,0.59,5.0,0.58,5.0,0.57,5.0,0.79,10.0,0.8,25.0,0.84,5.0,0.85,5.0,0.86,5.0,0.21,10.0,0.2,25.0,0.16,5.0,0.15,5.0,0.14,5.0,0.38,5.0,0.4,5.0,0.41,5.0,0.42,5.0,0.43,5.0,0.17,0.17,44.85643,1776162915000
1776162917.319,17.319,0.62,5.0,0.6,5.0,0.59,5.0,0.58,5.0,0.57,5.0,0.79,10.0,0.8,25.0,0.84,5.0,0.85,5.0,0.86,5.0,0.21,10.0,0.2,25.0,0.16,5.0,0.15,5.0,0.14,5.0,0.38,5.0,0.4,5.0,0.41,5.0,0.42,5.0,0.43,5.0,0.17,0.17,44.858995,1776162916000
1776162918.467,18.467,0.62,5.0,0.6,5.0,0.59,5.0,0.58,5.0,0.57,5.0,0.79,10.0,0.8,25.0,0.84,5.0,0.85,5.0,0.86,5.0,0.21,10.0,0.2,25.0,0.16,5.0,0.15,5.0,0.14,5.0,0.38,5.0,0.4,5.0,0.41,5.0,0.42,5.0,0.43,5.0,0.17,0.17,44.863337,1776162917000
1776162918.921,18.921,0.62,5.0,0.6,5.0,0.59,5.0,0.58,5.0,0.57,5.0,0.79,10.0,0.8,25.0,0.84,5.0,0.85,5.0,0.86,5.0,0.21,10.0,0.2,25.0,0.16,5.0,0.15,5.0,0.14,5.0,0.38,5.0,0.4,5.0,0.41,5.0,0.42,5.0,0.43,5.0,0.17,0.17,44.865681,1776162918000
1776162919.984,19.984,0.62,5.0,0.6,5.0,0.59,5.0,0.58,5.0,0.57,5.0,0.79,10.0,0.8,25.0,0.84,5.0,0.85,5.0,0.86,5.0,0.21,10.0,0.2,25.0,0.16,5.0,0.15,5.0,0.14,5.0,0.38,5.0,0.4,5.0,0.41,5.0,0.42,5.0,0.43,5.0,0.17,0.17,44.863349,1776162919000
1776162921.144,21.144,0.62,5.0,0.6,5.0,0.59,5.0,0.58,5.0,0.57,5.0,0.79,10.0,0.8,25.0,0.84,5.0,0.85,5.0,0.86,5.0,0.21,10.0,0.2,25.0,0.16,5.0,0.15,5.0,0.14,5.0,0.38,5.0,0.4,5.0,0.41,5.0,0.42,5.0,0.43,5.0,0.17,0.17,44.867503,1776162920000
1776162922.145,22.145,0.62,5.0,0.6,5.0,0.59,5.0,0.58,5.0,0.57,5.0,0.79,10.0,0.8,25.0,0.84,5.0,0.85,5.0,0.86,5.0,0.21,10.0,0.2,25.0,0.16,5.0,0.15,5.0,0.14,5.0,0.38,5.0,0.4,5.0,0.41,5.0,0.42,5.0,0.43,5.0,0.17,0.17,44.868654,1776162921000
1776162923.213,23.213,0.62,5.0,0.6,5.0,0.59,5.0,0.58,5.0,0.57,5.0,0.79,10.0,0.8,25.0,0.84,5.0,0.85,5.0,0.86,5.0,0.21,10.0,0.2,25.0,0.16,5.0,0.15,5.0,0.14,5.0,0.38,5.0,0.4,5.0,0.41,5.0,0.42,5.0,0.43,5.0,0.17,0.17,44.870107,1776162922000
1776162924.299,24.299,0.62,5.0,0.6,5.0,0.59,5.0,0.58,5.0,0.57,5.0,0.79,10.0,0.8,25.0,0.84,5.0,0.85,5.0,0.86,5.0,0.21,10.0,0.2,25.0,0.16,5.0,0.15,5.0,0.14,5.0,0.38,5.0,0.4,5.0,0.41,5.0,0.42,5.0,0.43,5.0,0.17,0.17,44.870084,1776162923000
1776162925.252,25.252,0.62,5.0,0.6,5.0,0.59,5.0,0.58,5.0,0.57,5.0,0.79,10.0,0.8,25.0,0.84,5.0,0.85,5.0,0.86,5.0,0.21,10.0,0.2,25.0,0.16,5.0,0.15,5.0,0.14,5.0,0.38,5.0,0.4,5.0,0.41,5.0,0.42,5.0,0.43,5.0,0.17,0.17,44.870112,1776162924000
1776162926.234,26.234,0.62,5.0,0.6,5.0,0.59,5.0,0.58,5.0,0.57,5.0,0.79,10.0,0.8,25.0,0.84,5.0,0.85,5.0,0.86,5.0,0.21,10.0,0.2,25.0,0.16,5.0,0.15,5.0,0.14,5.0,0.38,5.0,0.4,5.0,0.41,5.0,0.42,5.0,0.43,5.0,0.17,0.17,44.870168,1776162925000
1776162927.161,27.161,0.62,5.0,0.6,5.0,0.59,5.0,0.58,5.0,0.57,5.0,0.79,10.0,0.8,25.0,0.84,5.0,0.85,5.0,0.86,5.0,0.21,10.0,0.2,25.0,0.16,5.0,0.15,5.0,0.14,5.0,0.38,5.0,0.4,5.0,0.41,5.0,0.42,5.0,0.43,5.0,0.17,0.17,44.869888,1776162926000
1776162928.174,28.174,0.62,5.0,0.6,5.0,0.59,5.0,0.58,5.0,0.57,5.0,0.79,10.0,0.8,25.0,0.84,5.0,0.85,5.0,0.86,5.0,0.21,10.0,0.2,25.0,0.16,5.0,0.15,5.0,0.14,5.0,0.38,5.0,0.4,5.0,0.41,5.0,0.42,5.0,0.43,5.0,0.17,0.17,44.869474,1776162927000
1776162929.187,29.187,0.62,5.0,0.6,5.0,0.59,5.0,0.58,5.0,0.57,5.0,0.79,10.0,0.8,25.0,0.84,5.0,0.85,5.0,0.86,5.0,0.21,10.0,0.2,25.0,0.16,5.0,0.15,5.0,0.14,5.0,0.38,5.0,0.4,5.0,0.41,5.0,0.42,5.0,0.43,5.0,0.17,0.17,44.867553,1776162928000
1776162930.095,30.095,0.62,5.0,0.6,5.0,0.59,5.0,0.58,5.0,0.57,5.0,0.79,10.0,0.8,25.0,0.84,5.0,0.85,5.0,0.86,5.0,0.21,10.0,0.2,25.0,0.16,5.0,0.15,5.0,0.14,5.0,0.38,5.0,0.4,5.0,0.41,5.0,0.42,5.0,0.43,5.0,0.17,0.17,44.867777,1776162929000
1776162931.1,31.1,0.62,5.0,0.6,5.0,0.59,5.0,0.58,5.0,0.57,5.0,0.79,10.0,0.8,25.0,0.84,5.0,0.85,5.0,0.86,5.0,0.21,10.0,0.2,25.0,0.16,5.0,0.15,5.0,0.14,5.0,0.38,5.0,0.4,5.0,0.41,5.0,0.42,5.0,0.43,5.0,0.17,0.17,44.869514,1776162930000
1776162932.021,32.021,0.62,5.0,0.6,5.0,0.59,5.0,0.58,5.0,0.57,5.0,0.79,10.0,0.8,25.0,0.84,5.0,0.85,5.0,0.86,5.0,0.21,10.0,0.2,25.0,0.16,5.0,0.15,5.0,0.14,5.0,0.38,5.0,0.4,5.0,0.41,5.0,0.42,5.0,0.43,5.0,0.17,0.17,44.867273,1776162931000
1776162933.042,33.042,0.62,5.0,0.6,5.0,0.59,5.0,0.58,5.0,0.57,5.0,0.79,10.0,0.8,25.0,0.84,5.0,0.85,5.0,0.86,5.0,0.21,10.0,0.2,25.0,0.16,5.0,0.15,5.0,0.14,5.0,0.38,5.0,0.4,5.0,0.41,5.0,0.42,5.0,0.43,5.0,0.17,0.17,44.867273,1776162932000
1776162934.001,34.001,0.62,5.0,0.6,5.0,0.59,5.0,0.58,5.0,0.57,5.0,0.79,10.0,0.8,25.0,0.84,5.0,0.85,5.0,0.86,5.0,0.21,10.0,0.2,25.0,0.16,5.0,0.15,5.0,0.14,5.0,0.38,5.0,0.4,5.0,0.41,5.0,0.42,5.0,0.43,5.0,0.17,0.17,44.869246,1776162933000
1776162935.014,35.014,0.62,5.0,0.6,5.0,0.59,5.0,0.58,5.0,0.57,5.0,0.79,10.0,0.8,25.0,0.84,5.0,0.85,5.0,0.86,5.0,0.21,10.0,0.2,25.0,0.16,5.0,0.15,5.0,0.14,5.0,0.38,5.0,0.4,5.0,0.41,5.0,0.42,5.0,0.43,5.0,0.17,0.17,44.871303,1776162934000
1776162936.395,36.395,0.62,5.0,0.6,5.0,0.59,5.0,0.58,5.0,0.57,5.0,0.79,10.0,0.8,25.0,0.84,5.0,0.85,5.0,0.86,5.0,0.21,10.0,0.2,25.0,0.16,5.0,0.15,5.0,0.14,5.0,0.38,5.0,0.4,5.0,0.41,5.0,0.42,5.0,0.43,5.0,0.17,0.17,44.871612,1776162935000
1776162937.157,37.157,0.62,5.0,0.6,5.0,0.59,5.0,0.58,5.0,0.57,5.0,0.79,10.0,0.8,25.0,0.84,5.0,0.85,5.0,0.86,5.0,0.21,10.0,0.2,25.0,0.16,5.0,0.15,5.0,0.14,5.0,0.38,5.0,0.4,5.0,0.41,5.0,0.42,5.0,0.43,5.0,0.17,0.17,44.872303,1776162936000
1776162938.497,38.497,0.62,5.0,0.6,5.0,0.59,5.0,0.58,5.0,0.57,5.0,0.79,10.0,0.8,25.0,0.84,5.0,0.85,5.0,0.86,5.0,0.21,10.0,0.2,25.0,0.16,5.0,0.15,5.0,0.14,5.0,0.38,5.0,0.4,5.0,0.41,5.0,0.42,5.0,0.43,5.0,0.17,0.17,44.872303,1776162937000
1776162938.984,38.984,0.62,5.0,0.6,5.0,0.59,5.0,0.58,5.0,0.57,5.0,0.79,10.0,0.8,25.0,0.84,5.0,0.85,5.0,0.86,5.0,0.21,10.0,0.2,25.0,0.16,5.0,0.15,5.0,0.14,5.0,0.38,5.0,0.4,5.0,0.41,5.0,0.42,5.0,0.43,5.0,0.17,0.17,44.873605,1776162938000
1776162940.148,40.148,0.62,5.0,0.6,5.0,0.59,5.0,0.58,5.0,0.57,5.0,0.79,10.0,0.8,25.0,0.84,5.0,0.85,5.0,0.86,5.0,0.21,10.0,0.2,25.0,0.16,5.0,0.15,5.0,0.14,5.0,0.38,5.0,0.4,5.0,0.41,5.0,0.42,5.0,0.43,5.0,0.17,0.17,44.872602,1776162939000
1776162941.24,41.24,0.62,5.0,0.6,5.0,0.59,5.0,0.58,5.0,0.57,5.0,0.79,10.0,0.8,25.0,0.84,5.0,0.85,5.0,0.86,5.0,0.21,10.0,0.2,25.0,0.16,5.0,0.15,5.0,0.14,5.0,0.38,5.0,0.4,5.0,0.41,5.0,0.42,5.0,0.43,5.0,0.17,0.17,44.872698,1776162940000
1776162942.469,42.469,0.62,5.0,0.6,5.0,0.59,5.0,0.58,5.0,0.57,5.0,0.79,10.0,0.8,25.0,0.84,5.0,0.85,5.0,0.86,5.0,0.21,10.0,0.2,25.0,0.16,5.0,0.15,5.0,0.14,5.0,0.38,5.0,0.4,5.0,0.41,5.0,0.42,5.0,0.43,5.0,0.17,0.17,44.872698,1776162941000
1776162942.969,42.969,0.62,5.0,0.6,5.0,0.59,5.0,0.58,5.0,0.57,5.0,0.79,10.0,0.8,25.0,0.84,5.0,0.85,5.0,0.86,5.0,0.21,10.0,0.2,25.0,0.16,5.0,0.15,5.0,0.14,5.0,0.38,5.0,0.4,5.0,0.41,5.0,0.42,5.0,0.43,5.0,0.17,0.17,44.874039,1776162942000
1776162944.041,44.041,0.62,5.0,0.6,5.0,0.59,5.0,0.58,5.0,0.57,5.0,0.79,10.0,0.8,25.0,0.84,5.0,0.85,5.0,0.86,5.0,0.21,10.0,0.2,25.0,0.16,5.0,0.15,5.0,0.14,5.0,0.38,5.0,0.4,5.0,0.41,5.0,0.42,5.0,0.43,5.0,0.17,0.17,44.880199,1776162943000
1776162945.305,45.305,0.62,5.0,0.6,5.0,0.59,5.0,0.58,5.0,0.57,5.0,0.79,10.0,0.8,25.0,0.84,5.0,0.85,5.0,0.86,5.0,0.21,10.0,0.2,25.0,0.16,5.0,0.15,5.0,0.14,5.0,0.38,5.0,0.4,5.0,0.41,5.0,0.42,5.0,0.43,5.0,0.17,0.17,44.882803,1776162944000
1776162946.333,46.333,0.62,5.0,0.6,5.0,0.59,5.0,0.58,5.0,0.57,5.0,0.79,10.0,0.8,25.0,0.84,5.0,0.85,5.0,0.86,5.0,0.21,10.0,0.2,25.0,0.16,5.0,0.15,5.0,0.14,5.0,0.38,5.0,0.4,5.0,0.41,5.0,0.42,5.0,0.43,5.0,0.17,0.17,44.881537,1776162945000
1776162946.93,46.93,0.62,5.0,0.6,5.0,0.59,5.0,0.58,5.0,0.57,5.0,0.79,10.0,0.8,25.0,0.84,5.0,0.85,5.0,0.86,5.0,0.21,10.0,0.2,25.0,0.16,5.0,0.15,5.0,0.14,5.0,0.38,5.0,0.4,5.0,0.41,5.0,0.42,5.0,0.43,5.0,0.17,0.17,44.878714,1776162946000
1776162948.119,48.119,0.62,5.0,0.6,5.0,0.59,5.0,0.58,5.0,0.57,5.0,0.79,10.0,0.8,25.0,0.84,5.0,0.85,5.0,0.86,5.0,0.21,10.0,0.2,25.0,0.16,5.0,0.15,5.0,0.14,5.0,0.38,5.0,0.4,5.0,0.41,5.0,0.42,5.0,0.43,5.0,0.17,0.17,44.863905,1776162947000
1776162949.349,49.349,0.62,5.0,0.6,5.0,0.59,5.0,0.58,5.0,0.57,5.0,0.79,10.0,0.8,25.0,0.84,5.0,0.85,5.0,0.86,5.0,0.21,10.0,0.2,25.0,0.16,5.0,0.15,5.0,0.14,5.0,0.38,5.0,0.4,5.0,0.41,5.0,0.42,5.0,0.43,5.0,0.17,0.17,44.859523,1776162948000
1776162949.976,49.976,0.62,5.0,0.6,5.0,0.59,5.0,0.58,5.0,0.57,5.0,0.79,10.0,0.8,25.0,0.84,5.0,0.85,5.0,0.86,5.0,0.21,10.0,0.2,25.0,0.16,5.0,0.15,5.0,0.14,5.0,0.38,5.0,0.4,5.0,0.41,5.0,0.42,5.0,0.43,5.0,0.17,0.17,44.858461,1776162949000
1776162951.106,51.106,0.62,5.0,0.6,5.0,0.59,5.0,0.58,5.0,0.57,5.0,0.79,10.0,0.8,25.0,0.84,5.0,0.85,5.0,0.86,5.0,0.21,10.0,0.2,25.0,0.16,5.0,0.15,5.0,0.14,5.0,0.38,5.0,0.4,5.0,0.41,5.0,0.42,5.0,0.43,5.0,0.17,0.17,44.858685,1776162950000
1776162952.186,52.186,0.62,5.0,0.6,5.0,0.59,5.0,0.58,5.0,0.57,5.0,0.79,10.0,0.8,25.0,0.84,5.0,0.85,5.0,0.86,5.0,0.21,10.0,0.2,25.0,0.16,5.0,0.15,5.0,0.14,5.0,0.38,5.0,0.4,5.0,0.41,5.0,0.42,5.0,0.43,5.0,0.17,0.17,44.857556,1776162951000
1776162953.199,53.199,0.62,5.0,0.6,5.0,0.59,5.0,0.58,5.0,0.57,5.0,0.79,10.0,0.8,25.0,0.84,5.0,0.85,5.0,0.86,5.0,0.21,10.0,0.2,25.0,0.16,5.0,0.15,5.0,0.14,5.0,0.38,5.0,0.4,5.0,0.41,5.0,0.42,5.0,0.43,5.0,0.17,0.17,44.857274,1776162952000
1776162954.128,54.128,0.62,5.0,0.6,5.0,0.59,5.0,0.58,5.0,0.57,5.0,0.79,10.0,0.8,25.0,0.84,5.0,0.85,5.0,0.86,5.0,0.21,10.0,0.2,25.0,0.16,5.0,0.15,5.0,0.14,5.0,0.38,5.0,0.4,5.0,0.41,5.0,0.42,5.0,0.43,5.0,0.17,0.17,44.857097,1776162953000
1776162955.142,55.142,0.62,5.0,0.6,5.0,0.59,5.0,0.58,5.0,0.57,5.0,0.79,10.0,0.8,25.0,0.84,5.0,0.85,5.0,0.86,5.0,0.21,10.0,0.2,25.0,0.16,5.0,0.15,5.0,0.14,5.0,0.38,5.0,0.4,5.0,0.41,5.0,0.42,5.0,0.43,5.0,0.17,0.17,44.857097,1776162954000
1776162956.141,56.141,0.62,5.0,0.6,5.0,0.59,5.0,0.58,5.0,0.57,5.0,0.79,10.0,0.8,25.0,0.84,5.0,0.85,5.0,0.86,5.0,0.21,10.0,0.2,25.0,0.16,5.0,0.15,5.0,0.14,5.0,0.38,5.0,0.4,5.0,0.41,5.0,0.42,5.0,0.43,5.0,0.17,0.17,44.857833,1776162955000
1776162957.162,57.162,0.62,5.0,0.6,5.0,0.59,5.0,0.58,5.0,0.57,5.0,0.79,10.0,0.8,25.0,0.84,5.0,0.85,5.0,0.86,5.0,0.21,10.0,0.2,25.0,0.16,5.0,0.15,5.0,0.14,5.0,0.38,5.0,0.4,5.0,0.41,5.0,0.42,5.0,0.43,5.0,0.17,0.17,44.86082,1776162956000
1776162958.168,58.168,0.62,5.0,0.6,5.0,0.59,5.0,0.58,5.0,0.57,5.0,0.79,10.0,0.8,25.0,0.84,5.0,0.85,5.0,0.86,5.0,0.21,10.0,0.2,25.0,0.16,5.0,0.15,5.0,0.14,5.0,0.38,5.0,0.4,5.0,0.41,5.0,0.42,5.0,0.43,5.0,0.17,0.17,44.860331,1776162957000
1776162959.13,59.13,0.62,5.0,0.6,5.0,0.59,5.0,0.58,5.0,0.57,5.0,0.79,10.0,0.8,25.0,0.84,5.0,0.85,5.0,0.86,5.0,0.21,10.0,0.2,25.0,0.16,5.0,0.15,5.0,0.14,5.0,0.38,5.0,0.4,5.0,0.41,5.0,0.42,5.0,0.43,5.0,0.17,0.17,44.863631,1776162958000
1776162960.188,60.188,0.62,5.0,0.6,5.0,0.59,5.0,0.58,5.0,0.57,5.0,0.79,10.0,0.8,25.0,0.84,5.0,0.85,5.0,0.86,5.0,0.21,10.0,0.2,25.0,0.16,5.0,0.15,5.0,0.14,5.0,0.38,5.0,0.4,5.0,0.41,5.0,0.42,5.0,0.43,5.0,0.17,0.17,44.863975,1776162959000
1776162961.222,61.222,0.62,5.0,0.6,5.0,0.59,5.0,0.58,5.0,0.57,5.0,0.79,10.0,0.8,25.0,0.84,5.0,0.85,5.0,0.86,5.0,0.21,10.0,0.2,25.0,0.16,5.0,0.15,5.0,0.14,5.0,0.38,5.0,0.4,5.0,0.41,5.0,0.42,5.0,0.43,5.0,0.17,0.17,44.864608,1776162960000
1776162962.259,62.259,0.62,5.0,0.6,5.0,0.59,5.0,0.58,5.0,0.57,5.0,0.79,10.0,0.8,25.0,0.84,5.0,0.85,5.0,0.86,5.0,0.21,10.0,0.2,25.0,0.16,5.0,0.15,5.0,0.14,5.0,0.38,5.0,0.4,5.0,0.41,5.0,0.42,5.0,0.43,5.0,0.17,0.17,44.865636,1776162961000
1776162963.271,63.271,0.62,5.0,0.6,5.0,0.59,5.0,0.58,5.0,0.57,5.0,0.79,10.0,0.8,25.0,0.84,5.0,0.85,5.0,0.86,5.0,0.21,10.0,0.2,25.0,0.16,5.0,0.15,5.0,0.14,5.0,0.38,5.0,0.4,5.0,0.41,5.0,0.42,5.0,0.43,5.0,0.17,0.17,44.863263,1776162962000
1776162964.341,64.341,0.62,5.0,0.6,5.0,0.59,5.0,0.58,5.0,0.57,5.0,0.79,10.0,0.8,25.0,0.84,5.0,0.85,5.0,0.86,5.0,0.21,10.0,0.2,25.0,0.16,5.0,0.15,5.0,0.14,5.0,0.38,5.0,0.4,5.0,0.41,5.0,0.42,5.0,0.43,5.0,0.17,0.17,44.860161,1776162963000
1776162965.718,65.718,0.62,5.0,0.6,5.0,0.59,5.0,0.58,5.0,0.57,5.0,0.79,10.0,0.8,25.0,0.84,5.0,0.85,5.0,0.86,5.0,0.21,10.0,0.2,25.0,0.16,5.0,0.15,5.0,0.14,5.0,0.38,5.0,0.4,5.0,0.41,5.0,0.42,5.0,0.43,5.0,0.17,0.17,44.859833,1776162964000
1776162966.242,66.242,0.62,5.0,0.6,5.0,0.59,5.0,0.58,5.0,0.57,5.0,0.79,10.0,0.8,25.0,0.84,5.0,0.85,5.0,0.86,5.0,0.21,10.0,0.2,25.0,0.16,5.0,0.15,5.0,0.14,5.0,0.38,5.0,0.4,5.0,0.41,5.0,0.42,5.0,0.43,5.0,0.17,0.17,44.859836,1776162965000
1776162967.511,67.511,0.62,5.0,0.6,5.0,0.59,5.0,0.58,5.0,0.57,5.0,0.79,10.0,0.8,25.0,0.84,5.0,0.85,5.0,0.86,5.0,0.21,10.0,0.2,25.0,0.16,5.0,0.15,5.0,0.14,5.0,0.38,5.0,0.4,5.0,0.41,5.0,0.42,5.0,0.43,5.0,0.17,0.17,44.859836,1776162966000
1776162968.332,68.332,0.62,5.0,0.6,5.0,0.59,5.0,0.58,5.0,0.57,5.0,0.79,10.0,0.8,25.0,0.84,5.0,0.85,5.0,0.86,5.0,0.21,10.0,0.2,25.0,0.16,5.0,0.15,5.0,0.14,5.0,0.38,5.0,0.4,5.0,0.41,5.0,0.42,5.0,0.43,5.0,0.17,0.17,44.861503,1776162967000
1776162969.06,69.06,0.62,5.0,0.6,5.0,0.59,5.0,0.58,5.0,0.57,5.0,0.79,10.0,0.8,25.0,0.84,5.0,0.85,5.0,0.86,5.0,0.21,10.0,0.2,25.0,0.16,5.0,0.15,5.0,0.14,5.0,0.38,5.0,0.4,5.0,0.41,5.0,0.42,5.0,0.43,5.0,0.17,0.17,44.862888,1776162968000
1776162970.718,70.718,0.62,5.0,0.6,5.0,0.59,5.0,0.58,5.0,0.57,5.0,0.79,10.0,0.8,25.0,0.84,5.0,0.85,5.0,0.86,5.0,0.21,10.0,0.2,25.0,0.16,5.0,0.15,5.0,0.14,5.0,0.38,5.0,0.4,5.0,0.41,5.0,0.42,5.0,0.43,5.0,0.17,0.17,44.863836,1776162969000
1776162971.286,71.286,0.62,5.0,0.6,5.0,0.59,5.0,0.58,5.0,0.57,5.0,0.79,10.0,0.8,25.0,0.84,5.0,0.85,5.0,0.86,5.0,0.21,10.0,0.2,25.0,0.16,5.0,0.15,5.0,0.14,5.0,0.38,5.0,0.4,5.0,0.41,5.0,0.42,5.0,0.43,5.0,0.17,0.17,44.863836,1776162970000
1776162972.667,72.667,0.62,5.0,0.6,5.0,0.59,5.0,0.58,5.0,0.57,5.0,0.79,10.0,0.8,25.0,0.84,5.0,0.85,5.0,0.86,5.0,0.21,10.0,0.2,25.0,0.16,5.0,0.15,5.0,0.14,5.0,0.38,5.0,0.4,5.0,0.41,5.0,0.42,5.0,0.43,5.0,0.17,0.17,44.86561,1776162971000
1776162973.388,73.388,0.62,5.0,0.6,5.0,0.59,5.0,0.58,5.0,0.57,5.0,0.79,10.0,0.8,25.0,0.84,5.0,0.85,5.0,0.86,5.0,0.21,10.0,0.2,25.0,0.16,5.0,0.15,5.0,0.14,5.0,0.38,5.0,0.4,5.0,0.41,5.0,0.42,5.0,0.43,5.0,0.17,0.17,44.86561,1776162972000
1776162974.075,74.075,0.62,5.0,0.6,5.0,0.59,5.0,0.58,5.0,0.57,5.0,0.79,10.0,0.8,25.0,0.84,5.0,0.85,5.0,0.86,5.0,0.21,10.0,0.2,25.0,0.16,5.0,0.15,5.0,0.14,5.0,0.38,5.0,0.4,5.0,0.41,5.0,0.42,5.0,0.43,5.0,0.17,0.17,44.868275,1776162973000
1776162975.503,75.503,0.62,5.0,0.6,5.0,0.59,5.0,0.58,5.0,0.57,5.0,0.79,10.0,0.8,25.0,0.84,5.0,0.85,5.0,0.86,5.0,0.21,10.0,0.2,25.0,0.16,5.0,0.15,5.0,0.14,5.0,0.38,5.0,0.4,5.0,0.41,5.0,0.42,5.0,0.43,5.0,0.17,0.17,44.871209,1776162974000
1776162976.109,76.109,0.62,5.0,0.6,5.0,0.59,5.0,0.58,5.0,0.57,5.0,0.79,10.0,0.8,25.0,0.84,5.0,0.85,5.0,0.86,5.0,0.21,10.0,0.2,25.0,0.16,5.0,0.15,5.0,0.14,5.0,0.38,5.0,0.4,5.0,0.41,5.0,0.42,5.0,0.43,5.0,0.17,0.17,44.871209,1776162975000
1776162977.37,77.37,0.62,5.0,0.6,5.0,0.59,5.0,0.58,5.0,0.57,5.0,0.79,10.0,0.8,25.0,0.84,5.0,0.85,5.0,0.86,5.0,0.21,10.0,0.2,25.0,0.16,5.0,0.15,5.0,0.14,5.0,0.38,5.0,0.4,5.0,0.41,5.0,0.42,5.0,0.43,5.0,0.17,0.17,44.870828,1776162976000
1776162978.067,78.067,0.62,5.0,0.6,5.0,0.59,5.0,0.58,5.0,0.57,5.0,0.79,10.0,0.8,25.0,0.84,5.0,0.85,5.0,0.86,5.0,0.21,10.0,0.2,25.0,0.16,5.0,0.15,5.0,0.14,5.0,0.38,5.0,0.4,5.0,0.41,5.0,0.42,5.0,0.43,5.0,0.17,0.17,44.87083,1776162977000
1776162979.403,79.403,0.62,5.0,0.6,5.0,0.59,5.0,0.58,5.0,0.57,5.0,0.79,10.0,0.8,25.0,0.84,5.0,0.85,5.0,0.86,5.0,0.21,10.0,0.2,25.0,0.16,5.0,0.15,5.0,0.14,5.0,0.38,5.0,0.4,5.0,0.41,5.0,0.42,5.0,0.43,5.0,0.17,0.17,44.872184,1776162978000
1776162980.035,80.035,0.62,5.0,0.6,5.0,0.59,5.0,0.58,5.0,0.57,5.0,0.79,10.0,0.8,25.0,0.84,5.0,0.85,5.0,0.86,5.0,0.21,10.0,0.2,25.0,0.16,5.0,0.15,5.0,0.14,5.0,0.38,5.0,0.4,5.0,0.41,5.0,0.42,5.0,0.43,5.0,0.17,0.17,44.872184,1776162979000
1776162981.427,81.427,0.62,5.0,0.6,5.0,0.59,5.0,0.58,5.0,0.57,5.0,0.79,10.0,0.8,25.0,0.84,5.0,0.85,5.0,0.86,5.0,0.21,10.0,0.2,25.0,0.16,5.0,0.15,5.0,0.14,5.0,0.38,5.0,0.4,5.0,0.41,5.0,0.42,5.0,0.43,5.0,0.17,0.17,44.874653,1776162980000
1776162982.431,82.431,0.62,5.0,0.6,5.0,0.59,5.0,0.58,5.0,0.57,5.0,0.79,10.0,0.8,25.0,0.84,5.0,0.85,5.0,0.86,5.0,0.21,10.0,0.2,25.0,0.16,5.0,0.15,5.0,0.14,5.0,0.38,5.0,0.4,5.0,0.41,5.0,0.42,5.0,0.43,5.0,0.17,0.17,44.879891,1776162981000
1776162982.914,82.914,0.62,5.0,0.6,5.0,0.59,5.0,0.58,5.0,0.57,5.0,0.79,10.0,0.8,25.0,0.84,5.0,0.85,5.0,0.86,5.0,0.21,10.0,0.2,25.0,0.16,5.0,0.15,5.0,0.14,5.0,0.38,5.0,0.4,5.0,0.41,5.0,0.42,5.0,0.43,5.0,0.17,0.17,44.879891,1776162982000
1776162984.269,84.269,0.62,5.0,0.6,5.0,0.59,5.0,0.58,5.0,0.57,5.0,0.79,10.0,0.8,25.0,0.84,5.0,0.85,5.0,0.86,5.0,0.21,10.0,0.2,25.0,0.16,5.0,0.15,5.0,0.14,5.0,0.38,5.0,0.4,5.0,0.41,5.0,0.42,5.0,0.43,5.0,0.17,0.17,44.885319,1776162983000
1776162985.245,85.245,0.62,5.0,0.6,5.0,0.59,5.0,0.58,5.0,0.57,5.0,0.79,10.0,0.8,25.0,0.84,5.0,0.85,5.0,0.86,5.0,0.21,10.0,0.2,25.0,0.16,5.0,0.15,5.0,0.14,5.0,0.38,5.0,0.4,5.0,0.41,5.0,0.42,5.0,0.43,5.0,0.17,0.17,44.885319,1776162984000
1776162986.15,86.15,0.62,5.0,0.6,5.0,0.59,5.0,0.58,5.0,0.57,5.0,0.79,10.0,0.8,25.0,0.84,5.0,0.85,5.0,0.86,5.0,0.21,10.0,0.2,25.0,0.16,5.0,0.15,5.0,0.14,5.0,0.38,5.0,0.4,5.0,0.41,5.0,0.42,5.0,0.43,5.0,0.17,0.17,44.884422,1776162985000
1776162987.147,87.147,0.62,5.0,0.6,5.0,0.59,5.0,0.58,5.0,0.57,5.0,0.79,10.0,0.8,25.0,0.84,5.0,0.85,5.0,0.86,5.0,0.21,10.0,0.2,25.0,0.16,5.0,0.15,5.0,0.14,5.0,0.38,5.0,0.4,5.0,0.41,5.0,0.42,5.0,0.43,5.0,0.17,0.17,44.884422,1776162986000
1776162988.172,88.172,0.62,5.0,0.6,5.0,0.59,5.0,0.58,5.0,0.57,5.0,0.79,10.0,0.8,25.0,0.84,5.0,0.85,5.0,0.86,5.0,0.21,10.0,0.2,25.0,0.16,5.0,0.15,5.0,0.14,5.0,0.38,5.0,0.4,5.0,0.41,5.0,0.42,5.0,0.43,5.0,0.17,0.17,44.882013,1776162987000
1776162989.153,89.153,0.62,5.0,0.6,5.0,0.59,5.0,0.58,5.0,0.57,5.0,0.79,10.0,0.8,25.0,0.84,5.0,0.85,5.0,0.86,5.0,0.21,10.0,0.2,25.0,0.16,5.0,0.15,5.0,0.14,5.0,0.38,5.0,0.4,5.0,0.41,5.0,0.42,5.0,0.43,5.0,0.17,0.17,44.879437,1776162988000
1776162990.126,90.126,0.62,5.0,0.6,5.0,0.59,5.0,0.58,5.0,0.57,5.0,0.79,10.0,0.8,25.0,0.84,5.0,0.85,5.0,0.86,5.0,0.21,10.0,0.2,25.0,0.16,5.0,0.15,5.0,0.14,5.0,0.38,5.0,0.4,5.0,0.41,5.0,0.42,5.0,0.43,5.0,0.17,0.17,44.878874,1776162989000
1776162990.88,90.88,0.75,8.8,0.72,5.0,0.71,5.0,0.7,5.0,0.69,35.0,0.79,13.61,0.8,15.0,0.81,15.0,0.82,15.0,0.83,15.0,0.21,10.0,0.2,25.0,0.16,5.0,0.15,5.0,0.14,5.0,0.38,5.0,0.4,5.0,0.41,5.0,0.42,5.0,0.43,5.0,0.04,0.17,44.878874,1776162989000
1776162992.006,92.006,0.75,8.8,0.72,5.0,0.71,5.0,0.7,5.0,0.69,35.0,0.79,13.61,0.8,15.0,0.81,15.0,0.82,15.0,0.83,15.0,0.21,13.61,0.2,15.0,0.19,15.0,0.18,15.0,0.17,15.0,0.25,8.8,0.28,5.0,0.29,5.0,0.3,5.0,0.31,35.0,0.04,0.04,44.878958,1776162991000
1776162992.879,92.879,0.75,8.8,0.72,5.0,0.71,5.0,0.7,5.0,0.69,35.0,0.79,13.61,0.8,15.0,0.81,15.0,0.82,15.0,0.83,15.0,0.21,13.61,0.2,15.0,0.19,15.0,0.18,15.0,0.17,15.0,0.25,8.8,0.28,5.0,0.29,5.0,0.3,5.0,0.31,35.0,0.04,0.04,44.877202,1776162992000
1776162993.835,93.835,0.75,8.8,0.72,5.0,0.71,5.0,0.7,5.0,0.69,35.0,0.79,13.61,0.8,15.0,0.81,15.0,0.82,15.0,0.83,15.0,0.21,13.61,0.2,15.0,0.19,15.0,0.18,15.0,0.17,15.0,0.25,8.8,0.28,5.0,0.29,5.0,0.3,5.0,0.31,35.0,0.04,0.04,44.879014,1776162993000
1776162995.258,95.258,0.75,8.8,0.72,5.0,0.71,5.0,0.7,5.0,0.69,35.0,0.79,13.61,0.8,15.0,0.81,15.0,0.82,15.0,0.83,15.0,0.21,13.61,0.2,15.0,0.19,15.0,0.18,15.0,0.17,15.0,0.25,8.8,0.28,5.0,0.29,5.0,0.3,5.0,0.31,35.0,0.04,0.04,44.875389,1776162994000
1776162996.34,96.34,0.75,8.8,0.72,5.0,0.71,5.0,0.7,5.0,0.69,35.0,0.79,13.61,0.8,15.0,0.81,15.0,0.82,15.0,0.83,15.0,0.21,13.61,0.2,15.0,0.19,15.0,0.18,15.0,0.17,15.0,0.25,8.8,0.28,5.0,0.29,5.0,0.3,5.0,0.31,35.0,0.04,0.04,44.872436,1776162995000
1776162997.458,97.458,0.75,8.8,0.72,5.0,0.71,5.0,0.7,5.0,0.69,35.0,0.79,13.61,0.8,15.0,0.81,15.0,0.82,15.0,0.83,15.0,0.21,13.61,0.2,15.0,0.19,15.0,0.18,15.0,0.17,15.0,0.25,8.8,0.28,5.0,0.29,5.0,0.3,5.0,0.31,35.0,0.04,0.04,44.872267,1776162996000
1776162997.979,97.979,0.75,8.8,0.72,5.0,0.71,5.0,0.7,5.0,0.69,35.0,0.79,13.61,0.8,15.0,0.81,15.0,0.82,15.0,0.83,15.0,0.21,13.61,0.2,15.0,0.19,15.0,0.18,15.0,0.17,15.0,0.25,8.8,0.28,5.0,0.29,5.0,0.3,5.0,0.31,35.0,0.04,0.04,44.87239,1776162997000
1776162999.217,99.217,0.75,8.8,0.72,5.0,0.71,5.0,0.7,5.0,0.69,35.0,0.79,13.61,0.8,15.0,0.81,15.0,0.82,15.0,0.83,15.0,0.21,13.61,0.2,15.0,0.19,15.0,0.18,15.0,0.17,15.0,0.25,8.8,0.28,5.0,0.29,5.0,0.3,5.0,0.31,35.0,0.04,0.04,44.872702,1776162998000
1776162999.973,99.973,0.7,4.93,0.69,20.0,0.68,30.0,0.67,20.0,0.66,15.0,0.79,15.0,0.8,15.0,0.81,15.0,0.82,15.0,0.83,15.0,0.21,13.61,0.2,15.0,0.19,15.0,0.18,15.0,0.17,15.0,0.25,8.8,0.28,5.0,0.29,5.0,0.3,5.0,0.31,35.0,0.09,0.04,44.872702,1776162998000
1776163000.287,100.287,0.7,4.93,0.69,20.0,0.68,30.0,0.67,20.0,0.66,15.0,0.79,15.0,0.8,15.0,0.81,15.0,0.82,15.0,0.83,15.0,0.21,15.0,0.2,15.0,0.19,15.0,0.18,15.0,0.17,15.0,0.3,4.93,0.31,20.0,0.32,30.0,0.33,20.0,0.34,15.0,0.09,0.09,44.872702,1776162999000
1776163001.335,101.335,0.7,4.93,0.69,20.0,0.68,30.0,0.67,20.0,0.66,15.0,0.79,15.0,0.8,15.0,0.81,15.0,0.82,15.0,0.83,15.0,0.21,15.0,0.2,15.0,0.19,15.0,0.18,15.0,0.17,15.0,0.3,4.93,0.31,20.0,0.32,30.0,0.33,20.0,0.34,15.0,0.09,0.09,44.8732,1776163000000
1776163001.892,101.892,0.7,4.93,0.69,20.0,0.68,30.0,0.67,20.0,0.66,15.0,0.79,15.0,0.8,15.0,0.81,15.0,0.82,15.0,0.83,15.0,0.21,15.0,0.2,15.0,0.19,15.0,0.18,15.0,0.17,15.0,0.3,4.93,0.31,20.0,0.32,30.0,0.33,20.0,0.34,15.0,0.09,0.09,44.873633,1776163001000
1776163002.929,102.929,0.7,4.93,0.69,20.0,0.68,30.0,0.67,20.0,0.66,15.0,0.79,15.0,0.8,15.0,0.81,15.0,0.82,15.0,0.83,15.0,0.21,15.0,0.2,15.0,0.19,15.0,0.18,15.0,0.17,15.0,0.3,4.93,0.31,20.0,0.32,30.0,0.33,20.0,0.34,15.0,0.09,0.09,44.874407,1776163002000
1776163004.044,104.044,0.7,4.93,0.69,20.0,0.68,30.0,0.67,20.0,0.66,15.0,0.79,15.0,0.8,15.0,0.81,15.0,0.82,15.0,0.83,15.0,0.21,15.0,0.2,15.0,0.19,15.0,0.18,15.0,0.17,15.0,0.3,4.93,0.31,20.0,0.32,30.0,0.33,20.0,0.34,15.0,0.09,0.09,44.871775,1776163003000
1776163005.126,105.126,0.7,4.93,0.69,20.0,0.68,30.0,0.67,20.0,0.66,15.0,0.79,15.0,0.8,15.0,0.81,15.0,0.82,15.0,0.83,15.0,0.21,15.0,0.2,15.0,0.19,15.0,0.18,15.0,0.17,15.0,0.3,4.93,0.31,20.0,0.32,30.0,0.33,20.0,0.34,15.0,0.09,0.09,44.869875,1776163004000
1776163006.176,106.176,0.7,4.93,0.69,20.0,0.68,30.0,0.67,20.0,0.66,15.0,0.79,15.0,0.8,15.0,0.81,15.0,0.82,15.0,0.83,15.0,0.21,15.0,0.2,15.0,0.19,15.0,0.18,15.0,0.17,15.0,0.3,4.93,0.31,20.0,0.32,30.0,0.33,20.0,0.34,15.0,0.09,0.09,44.867707,1776163005000
1776163007.221,107.221,0.7,4.93,0.69,20.0,0.68,30.0,0.67,20.0,0.66,15.0,0.79,15.0,0.8,15.0,0.81,15.0,0.82,15.0,0.83,15.0,0.21,15.0,0.2,15.0,0.19,15.0,0.18,15.0,0.17,15.0,0.3,4.93,0.31,20.0,0.32,30.0,0.33,20.0,0.34,15.0,0.09,0.09,44.868005,1776163006000
1776163008.59,108.59,0.7,4.93,0.69,20.0,0.68,30.0,0.67,20.0,0.66,15.0,0.79,15.0,0.8,15.0,0.81,15.0,0.82,15.0,0.83,15.0,0.21,15.0,0.2,15.0,0.19,15.0,0.18,15.0,0.17,15.0,0.3,4.93,0.31,20.0,0.32,30.0,0.33,20.0,0.34,15.0,0.09,0.09,44.869766,1776163007000
1776163009.097,109.097,0.7,4.93,0.69,20.0,0.68,30.0,0.67,20.0,0.66,15.0,0.79,15.0,0.8,15.0,0.81,15.0,0.82,15.0,0.83,15.0,0.21,15.0,0.2,15.0,0.19,15.0,0.18,15.0,0.17,15.0,0.3,4.93,0.31,20.0,0.32,30.0,0.33,20.0,0.34,15.0,0.09,0.09,44.869766,1776163008000
1776163010.06,110.06,0.7,4.93,0.69,20.0,0.68,30.0,0.67,20.0,0.66,15.0,0.79,15.0,0.8,15.0,0.81,15.0,0.82,15.0,0.83,15.0,0.21,15.0,0.2,15.0,0.19,15.0,0.18,15.0,0.17,15.0,0.3,4.93,0.31,20.0,0.32,30.0,0.33,20.0,0.34,15.0,0.09,0.09,44.864907,1776163009000
1776163011.025,111.025,0.66,25.0,0.65,15.0,0.64,15.0,0.63,20.0,0.62,15.0,0.77,15.0,0.78,15.0,0.79,15.0,0.8,15.0,0.81,15.0,0.23,15.0,0.22,15.0,0.21,15.0,0.2,15.0,0.19,15.0,0.34,25.0,0.35,15.0,0.36,15.0,0.37,20.0,0.38,15.0,0.11,0.11,44.864603,1776163010000
1776163012.019,112.019,0.66,25.0,0.65,15.0,0.64,15.0,0.63,20.0,0.62,15.0,0.77,15.0,0.78,15.0,0.79,15.0,0.8,15.0,0.81,15.0,0.23,15.0,0.22,15.0,0.21,15.0,0.2,15.0,0.19,15.0,0.34,25.0,0.35,15.0,0.36,15.0,0.37,20.0,0.38,15.0,0.11,0.11,44.864603,1776163011000
1776163012.908,112.908,0.66,25.0,0.65,15.0,0.64,15.0,0.63,20.0,0.62,15.0,0.77,15.0,0.78,15.0,0.79,15.0,0.8,15.0,0.81,15.0,0.23,15.0,0.22,15.0,0.21,15.0,0.2,15.0,0.19,15.0,0.34,25.0,0.35,15.0,0.36,15.0,0.37,20.0,0.38,15.0,0.11,0.11,44.864799,1776163012000
1776163014.115,114.115,0.66,25.0,0.65,15.0,0.64,15.0,0.63,20.0,0.62,15.0,0.77,15.0,0.78,15.0,0.79,15.0,0.8,15.0,0.81,15.0,0.23,15.0,0.22,15.0,0.21,15.0,0.2,15.0,0.19,15.0,0.34,25.0,0.35,15.0,0.36,15.0,0.37,20.0,0.38,15.0,0.11,0.11,44.865263,1776163013000
1776163015.304,115.304,0.66,25.0,0.65,15.0,0.64,15.0,0.63,20.0,0.62,15.0,0.77,15.0,0.78,15.0,0.79,15.0,0.8,15.0,0.81,15.0,0.23,15.0,0.22,15.0,0.21,15.0,0.2,15.0,0.19,15.0,0.34,25.0,0.35,15.0,0.36,15.0,0.37,20.0,0.38,15.0,0.11,0.11,44.865227,1776163014000
1776163016.319,116.319,0.66,25.0,0.65,15.0,0.64,15.0,0.63,20.0,0.62,15.0,0.77,15.0,0.78,15.0,0.79,15.0,0.8,15.0,0.81,15.0,0.23,15.0,0.22,15.0,0.21,15.0,0.2,15.0,0.19,15.0,0.34,25.0,0.35,15.0,0.36,15.0,0.37,20.0,0.38,15.0,0.11,0.11,44.865372,1776163015000
1776163016.839,116.839,0.66,25.0,0.65,15.0,0.64,15.0,0.63,20.0,0.62,15.0,0.77,15.0,0.78,15.0,0.79,15.0,0.8,15.0,0.81,15.0,0.23,15.0,0.22,15.0,0.21,15.0,0.2,15.0,0.19,15.0,0.34,25.0,0.35,15.0,0.36,15.0,0.37,20.0,0.38,15.0,0.11,0.11,44.865408,1776163016000
1776163017.842,117.842,0.66,25.0,0.65,15.0,0.64,15.0,0.63,20.0,0.62,15.0,0.77,15.0,0.78,15.0,0.79,15.0,0.8,15.0,0.81,15.0,0.23,15.0,0.22,15.0,0.21,15.0,0.2,15.0,0.19,15.0,0.34,25.0,0.35,15.0,0.36,15.0,0.37,20.0,0.38,15.0,0.11,0.11,44.865619,1776163017000
1776163018.824,118.824,0.66,25.0,0.65,15.0,0.64,15.0,0.63,20.0,0.62,15.0,0.77,15.0,0.78,15.0,0.79,15.0,0.8,15.0,0.81,15.0,0.23,15.0,0.22,15.0,0.21,15.0,0.2,15.0,0.19,15.0,0.34,25.0,0.35,15.0,0.36,15.0,0.37,20.0,0.38,15.0,0.11,0.11,44.865655,1776163018000
1776163020.282,120.282,0.66,25.0,0.65,15.0,0.64,15.0,0.63,20.0,0.62,15.0,0.77,15.0,0.78,15.0,0.79,15.0,0.8,15.0,0.81,15.0,0.23,15.0,0.22,15.0,0.21,15.0,0.2,15.0,0.19,15.0,0.34,25.0,0.35,15.0,0.36,15.0,0.37,20.0,0.38,15.0,0.11,0.11,44.865423,1776163019000
1776163021.677,121.677,0.66,25.0,0.65,15.0,0.64,15.0,0.63,20.0,0.62,15.0,0.77,15.0,0.78,15.0,0.79,15.0,0.8,15.0,0.81,15.0,0.23,15.0,0.22,15.0,0.21,15.0,0.2,15.0,0.19,15.0,0.34,25.0,0.35,15.0,0.36,15.0,0.37,20.0,0.38,15.0,0.11,0.11,44.869853,1776163020000
1776163022.25,122.25,0.66,25.0,0.65,15.0,0.64,15.0,0.63,20.0,0.62,15.0,0.77,15.0,0.78,15.0,0.79,15.0,0.8,15.0,0.81,15.0,0.23,15.0,0.22,15.0,0.21,15.0,0.2,15.0,0.19,15.0,0.34,25.0,0.35,15.0,0.36,15.0,0.37,20.0,0.38,15.0,0.11,0.11,44.869961,1776163021000
1776163023.42,123.42,0.66,25.0,0.65,15.0,0.64,15.0,0.63,20.0,0.62,15.0,0.77,15.0,0.78,15.0,0.79,15.0,0.8,15.0,0.81,15.0,0.23,15.0,0.22,15.0,0.21,15.0,0.2,15.0,0.19,15.0,0.34,25.0,0.35,15.0,0.36,15.0,0.37,20.0,0.38,15.0,0.11,0.11,44.871086,1776163022000
1776163024.044,124.044,0.66,25.0,0.65,15.0,0.64,15.0,0.63,20.0,0.62,15.0,0.77,15.0,0.78,15.0,0.79,15.0,0.8,15.0,0.81,15.0,0.23,15.0,0.22,15.0,0.21,15.0,0.2,15.0,0.19,15.0,0.34,25.0,0.35,15.0,0.36,15.0,0.37,20.0,0.38,15.0,0.11,0.11,44.871441,1776163023000
1776163025.061,125.061,0.66,25.0,0.65,15.0,0.64,15.0,0.63,20.0,0.62,15.0,0.77,15.0,0.78,15.0,0.79,15.0,0.8,15.0,0.81,15.0,0.23,15.0,0.22,15.0,0.21,15.0,0.2,15.0,0.19,15.0,0.34,25.0,0.35,15.0,0.36,15.0,0.37,20.0,0.38,15.0,0.11,0.11,44.871478,1776163024000
1776163026.205,126.205,0.66,25.0,0.65,15.0,0.64,15.0,0.63,20.0,0.62,15.0,0.77,15.0,0.78,15.0,0.79,15.0,0.8,15.0,0.81,15.0,0.23,15.0,0.22,15.0,0.21,15.0,0.2,15.0,0.19,15.0,0.34,25.0,0.35,15.0,0.36,15.0,0.37,20.0,0.38,15.0,0.11,0.11,44.871713,1776163025000
1776163027.331,127.331,0.66,25.0,0.65,15.0,0.64,15.0,0.63,20.0,0.62,15.0,0.77,15.0,0.78,15.0,0.79,15.0,0.8,15.0,0.81,15.0,0.23,15.0,0.22,15.0,0.21,15.0,0.2,15.0,0.19,15.0,0.34,25.0,0.35,15.0,0.36,15.0,0.37,20.0,0.38,15.0,0.11,0.11,44.871028,1776163026000
1776163027.933,127.933,0.66,25.0,0.65,15.0,0.64,15.0,0.63,20.0,0.62,15.0,0.77,15.0,0.78,15.0,0.79,15.0,0.8,15.0,0.81,15.0,0.23,15.0,0.22,15.0,0.21,15.0,0.2,15.0,0.19,15.0,0.34,25.0,0.35,15.0,0.36,15.0,0.37,20.0,0.38,15.0,0.11,0.11,44.871201,1776163027000
1776163029.168,129.168,0.66,25.0,0.65,15.0,0.64,15.0,0.63,20.0,0.62,15.0,0.77,15.0,0.78,15.0,0.79,15.0,0.8,15.0,0.81,15.0,0.23,15.0,0.22,15.0,0.21,15.0,0.2,15.0,0.19,15.0,0.34,25.0,0.35,15.0,0.36,15.0,0.37,20.0,0.38,15.0,0.11,0.11,44.872413,1776163028000
1776163030.207,130.207,0.66,25.0,0.65,15.0,0.64,15.0,0.63,20.0,0.62,15.0,0.77,15.0,0.78,15.0,0.79,15.0,0.8,15.0,0.81,15.0,0.23,15.0,0.22,15.0,0.21,15.0,0.2,15.0,0.19,15.0,0.34,25.0,0.35,15.0,0.36,15.0,0.37,20.0,0.38,15.0,0.11,0.11,44.873469,1776163029000
1776163031.289,131.289,0.66,25.0,0.65,15.0,0.64,15.0,0.63,20.0,0.62,15.0,0.77,15.0,0.78,15.0,0.79,15.0,0.8,15.0,0.81,15.0,0.23,15.0,0.22,15.0,0.21,15.0,0.2,15.0,0.19,15.0,0.34,25.0,0.35,15.0,0.36,15.0,0.37,20.0,0.38,15.0,0.11,0.11,44.873728,1776163030000
1776163032.35,132.35,0.66,25.0,0.65,15.0,0.64,15.0,0.63,20.0,0.62,15.0,0.77,15.0,0.78,15.0,0.79,15.0,0.8,15.0,0.81,15.0,0.23,15.0,0.22,15.0,0.21,15.0,0.2,15.0,0.19,15.0,0.34,25.0,0.35,15.0,0.36,15.0,0.37,20.0,0.38,15.0,0.11,0.11,44.874245,1776163031000
1776163033.436,133.436,0.66,25.0,0.65,15.0,0.64,15.0,0.63,20.0,0.62,15.0,0.77,15.0,0.78,15.0,0.79,15.0,0.8,15.0,0.81,15.0,0.23,15.0,0.22,15.0,0.21,15.0,0.2,15.0,0.19,15.0,0.34,25.0,0.35,15.0,0.36,15.0,0.37,20.0,0.38,15.0,0.11,0.11,44.873352,1776163032000
1776163034.138,134.138,0.67,5.0,0.52,10.0,0.51,15.0,0.5,15.0,0.49,15.0,0.71,7.0,0.77,15.0,0.78,15.0,0.79,15.0,0.8,15.0,0.29,7.0,0.23,15.0,0.22,15.0,0.21,15.0,0.2,15.0,0.33,5.0,0.48,10.0,0.49,15.0,0.5,15.0,0.51,15.0,0.04,0.04,44.8703,1776163033000
1776163035.102,135.102,0.67,5.0,0.52,10.0,0.51,15.0,0.5,15.0,0.49,15.0,0.71,7.0,0.77,15.0,0.78,15.0,0.79,15.0,0.8,15.0,0.29,7.0,0.23,15.0,0.22,15.0,0.21,15.0,0.2,15.0,0.33,5.0,0.48,10.0,0.49,15.0,0.5,15.0,0.51,15.0,0.04,0.04,44.858199,1776163034000
1776163036.019,136.019,0.67,5.0,0.52,10.0,0.51,15.0,0.5,15.0,0.49,15.0,0.71,7.0,0.77,15.0,0.78,15.0,0.79,15.0,0.8,15.0,0.29,7.0,0.23,15.0,0.22,15.0,0.21,15.0,0.2,15.0,0.33,5.0,0.48,10.0,0.49,15.0,0.5,15.0,0.51,15.0,0.04,0.04,44.849285,1776163035000
1776163037.015,137.015,0.67,5.0,0.52,10.0,0.51,15.0,0.5,15.0,0.49,15.0,0.71,7.0,0.77,15.0,0.78,15.0,0.79,15.0,0.8,15.0,0.29,7.0,0.23,15.0,0.22,15.0,0.21,15.0,0.2,15.0,0.33,5.0,0.48,10.0,0.49,15.0,0.5,15.0,0.51,15.0,0.04,0.04,44.850042,1776163036000
1776163037.902,137.902,0.67,5.0,0.52,10.0,0.51,15.0,0.5,15.0,0.49,15.0,0.71,7.0,0.77,15.0,0.78,15.0,0.79,15.0,0.8,15.0,0.29,7.0,0.23,15.0,0.22,15.0,0.21,15.0,0.2,15.0,0.33,5.0,0.48,10.0,0.49,15.0,0.5,15.0,0.51,15.0,0.04,0.04,44.849961,1776163037000
1776163038.928,138.928,0.67,5.0,0.52,10.0,0.51,15.0,0.5,15.0,0.49,15.0,0.71,7.0,0.77,15.0,0.78,15.0,0.79,15.0,0.8,15.0,0.29,7.0,0.23,15.0,0.22,15.0,0.21,15.0,0.2,15.0,0.33,5.0,0.48,10.0,0.49,15.0,0.5,15.0,0.51,15.0,0.04,0.04,44.850284,1776163038000
1776163040.343,140.343,0.67,5.0,0.52,10.0,0.51,15.0,0.5,15.0,0.49,15.0,0.71,7.0,0.77,15.0,0.78,15.0,0.79,15.0,0.8,15.0,0.29,7.0,0.23,15.0,0.22,15.0,0.21,15.0,0.2,15.0,0.33,5.0,0.48,10.0,0.49,15.0,0.5,15.0,0.51,15.0,0.04,0.04,44.858218,1776163039000
1776163041.545,141.545,0.67,5.0,0.52,10.0,0.51,15.0,0.5,15.0,0.49,15.0,0.71,7.0,0.77,15.0,0.78,15.0,0.79,15.0,0.8,15.0,0.29,7.0,0.23,15.0,0.22,15.0,0.21,15.0,0.2,15.0,0.33,5.0,0.48,10.0,0.49,15.0,0.5,15.0,0.51,15.0,0.04,0.04,44.861666,1776163040000
1776163042.109,142.109,0.67,5.0,0.52,10.0,0.51,15.0,0.5,15.0,0.49,15.0,0.71,7.0,0.77,15.0,0.78,15.0,0.79,15.0,0.8,15.0,0.29,7.0,0.23,15.0,0.22,15.0,0.21,15.0,0.2,15.0,0.33,5.0,0.48,10.0,0.49,15.0,0.5,15.0,0.51,15.0,0.04,0.04,44.860128,1776163041000
1776163042.999,142.999,0.67,5.0,0.52,10.0,0.51,15.0,0.5,15.0,0.49,15.0,0.71,7.0,0.77,15.0,0.78,15.0,0.79,15.0,0.8,15.0,0.29,7.0,0.23,15.0,0.22,15.0,0.21,15.0,0.2,15.0,0.33,5.0,0.48,10.0,0.49,15.0,0.5,15.0,0.51,15.0,0.04,0.04,44.862417,1776163042000
1776163044.119,144.119,0.67,5.0,0.52,10.0,0.51,15.0,0.5,15.0,0.49,15.0,0.71,7.0,0.77,15.0,0.78,15.0,0.79,15.0,0.8,15.0,0.29,7.0,0.23,15.0,0.22,15.0,0.21,15.0,0.2,15.0,0.33,5.0,0.48,10.0,0.49,15.0,0.5,15.0,0.51,15.0,0.04,0.04,44.858797,1776163043000
1776163045.173,145.173,0.67,5.0,0.52,10.0,0.51,15.0,0.5,15.0,0.49,15.0,0.71,7.0,0.77,15.0,0.78,15.0,0.79,15.0,0.8,15.0,0.29,7.0,0.23,15.0,0.22,15.0,0.21,15.0,0.2,15.0,0.33,5.0,0.48,10.0,0.49,15.0,0.5,15.0,0.51,15.0,0.04,0.04,44.860935,1776163044000
1776163046.08,146.08,0.67,5.0,0.52,10.0,0.51,15.0,0.5,15.0,0.49,15.0,0.71,7.0,0.77,15.0,0.78,15.0,0.79,15.0,0.8,15.0,0.29,7.0,0.23,15.0,0.22,15.0,0.21,15.0,0.2,15.0,0.33,5.0,0.48,10.0,0.49,15.0,0.5,15.0,0.51,15.0,0.04,0.04,44.8606,1776163045000
1776163047.046,147.046,0.67,5.0,0.52,10.0,0.51,15.0,0.5,15.0,0.49,15.0,0.71,7.0,0.77,15.0,0.78,15.0,0.79,15.0,0.8,15.0,0.29,7.0,0.23,15.0,0.22,15.0,0.21,15.0,0.2,15.0,0.33,5.0,0.48,10.0,0.49,15.0,0.5,15.0,0.51,15.0,0.04,0.04,44.861293,1776163046000
1776163048.002,148.002,0.67,5.0,0.52,10.0,0.51,15.0,0.5,15.0,0.49,15.0,0.71,7.0,0.77,15.0,0.78,15.0,0.79,15.0,0.8,15.0,0.29,7.0,0.23,15.0,0.22,15.0,0.21,15.0,0.2,15.0,0.33,5.0,0.48,10.0,0.49,15.0,0.5,15.0,0.51,15.0,0.04,0.04,44.861444,1776163047000
1776163049.029,149.029,0.67,5.0,0.52,10.0,0.51,15.0,0.5,15.0,0.49,15.0,0.71,7.0,0.77,15.0,0.78,15.0,0.79,15.0,0.8,15.0,0.29,7.0,0.23,15.0,0.22,15.0,0.21,15.0,0.2,15.0,0.33,5.0,0.48,10.0,0.49,15.0,0.5,15.0,0.51,15.0,0.04,0.04,44.863185,1776163048000
1776163050.355,150.355,0.67,5.0,0.52,10.0,0.51,15.0,0.5,15.0,0.49,15.0,0.71,7.0,0.77,15.0,0.78,15.0,0.79,15.0,0.8,15.0,0.29,7.0,0.23,15.0,0.22,15.0,0.21,15.0,0.2,15.0,0.33,5.0,0.48,10.0,0.49,15.0,0.5,15.0,0.51,15.0,0.04,0.04,44.861739,1776163049000
1776163051.578,151.578,0.67,5.0,0.52,10.0,0.51,15.0,0.5,15.0,0.49,15.0,0.71,7.0,0.77,15.0,0.78,15.0,0.79,15.0,0.8,15.0,0.29,7.0,0.23,15.0,0.22,15.0,0.21,15.0,0.2,15.0,0.33,5.0,0.48,10.0,0.49,15.0,0.5,15.0,0.51,15.0,0.04,0.04,44.861323,1776163050000
1776163052.071,152.071,0.67,5.0,0.52,10.0,0.51,15.0,0.5,15.0,0.49,15.0,0.71,7.0,0.77,15.0,0.78,15.0,0.79,15.0,0.8,15.0,0.29,7.0,0.23,15.0,0.22,15.0,0.21,15.0,0.2,15.0,0.33,5.0,0.48,10.0,0.49,15.0,0.5,15.0,0.51,15.0,0.04,0.04,44.861316,1776163051000
1776163053.53,153.53,0.67,5.0,0.52,10.0,0.51,15.0,0.5,15.0,0.49,15.0,0.71,7.0,0.77,15.0,0.78,15.0,0.79,15.0,0.8,15.0,0.29,7.0,0.23,15.0,0.22,15.0,0.21,15.0,0.2,15.0,0.33,5.0,0.48,10.0,0.49,15.0,0.5,15.0,0.51,15.0,0.04,0.04,44.863915,1776163052000
1776163054.113,154.113,0.67,5.0,0.52,10.0,0.51,15.0,0.5,15.0,0.49,15.0,0.71,7.0,0.77,15.0,0.78,15.0,0.79,15.0,0.8,15.0,0.29,7.0,0.23,15.0,0.22,15.0,0.21,15.0,0.2,15.0,0.33,5.0,0.48,10.0,0.49,15.0,0.5,15.0,0.51,15.0,0.04,0.04,44.865046,1776163053000
1776163055.577,155.577,0.67,5.0,0.52,10.0,0.51,15.0,0.5,15.0,0.49,15.0,0.71,7.0,0.77,15.0,0.78,15.0,0.79,15.0,0.8,15.0,0.29,7.0,0.23,15.0,0.22,15.0,0.21,15.0,0.2,15.0,0.33,5.0,0.48,10.0,0.49,15.0,0.5,15.0,0.51,15.0,0.04,0.04,44.86895,1776163054000
1776163056.254,156.254,0.67,5.0,0.52,10.0,0.51,15.0,0.5,15.0,0.49,15.0,0.71,7.0,0.77,15.0,0.78,15.0,0.79,15.0,0.8,15.0,0.29,7.0,0.23,15.0,0.22,15.0,0.21,15.0,0.2,15.0,0.33,5.0,0.48,10.0,0.49,15.0,0.5,15.0,0.51,15.0,0.04,0.04,44.86895,1776163055000
1776163057.803,157.803,0.67,5.0,0.52,10.0,0.51,15.0,0.5,15.0,0.49,15.0,0.71,7.0,0.77,15.0,0.78,15.0,0.79,15.0,0.8,15.0,0.29,7.0,0.23,15.0,0.22,15.0,0.21,15.0,0.2,15.0,0.33,5.0,0.48,10.0,0.49,15.0,0.5,15.0,0.51,15.0,0.04,0.04,44.867397,1776163056000
1776163058.368,158.368,0.67,5.0,0.52,10.0,0.51,15.0,0.5,15.0,0.49,15.0,0.71,7.0,0.77,15.0,0.78,15.0,0.79,15.0,0.8,15.0,0.29,7.0,0.23,15.0,0.22,15.0,0.21,15.0,0.2,15.0,0.33,5.0,0.48,10.0,0.49,15.0,0.5,15.0,0.51,15.0,0.04,0.04,44.872732,1776163057000
1776163058.6,158.6,0.76,5.07,0.75,21.0,0.74,15.0,0.73,15.0,0.72,15.0,0.86,15.0,0.87,15.0,0.88,15.0,0.89,15.0,0.9,20.0,0.24,0.93,0.14,15.0,0.13,15.0,0.12,15.0,0.11,15.0,0.25,21.0,0.26,15.0,0.27,15.0,0.28,15.0,0.29,15.0,0.1,0.01,44.872732,1776163057000
1776163059.075,159.075,0.76,5.07,0.75,21.0,0.74,15.0,0.73,15.0,0.72,15.0,0.86,15.0,0.87,15.0,0.88,15.0,0.89,15.0,0.9,20.0,0.14,15.0,0.13,15.0,0.12,15.0,0.11,15.0,0.1,20.0,0.24,5.07,0.25,21.0,0.26,15.0,0.27,15.0,0.28,15.0,0.1,0.1,44.871926,1776163058000
1776163060.451,160.451,0.76,5.07,0.75,21.0,0.74,15.0,0.73,15.0,0.72,15.0,0.86,15.0,0.87,15.0,0.88,15.0,0.89,15.0,0.9,20.0,0.14,15.0,0.13,15.0,0.12,15.0,0.11,15.0,0.1,20.0,0.24,5.07,0.25,21.0,0.26,15.0,0.27,15.0,0.28,15.0,0.1,0.1,44.876515,1776163059000
1776163061.006,161.006,0.76,5.07,0.75,21.0,0.74,15.0,0.73,15.0,0.72,15.0,0.86,15.0,0.87,15.0,0.88,15.0,0.89,15.0,0.9,20.0,0.14,15.0,0.13,15.0,0.12,15.0,0.11,15.0,0.1,20.0,0.24,5.07,0.25,21.0,0.26,15.0,0.27,15.0,0.28,15.0,0.1,0.1,44.879219,1776163060000
1776163062.316,162.316,0.76,5.07,0.75,21.0,0.74,15.0,0.73,15.0,0.72,15.0,0.86,15.0,0.87,15.0,0.88,15.0,0.89,15.0,0.9,20.0,0.14,15.0,0.13,15.0,0.12,15.0,0.11,15.0,0.1,20.0,0.24,5.07,0.25,21.0,0.26,15.0,0.27,15.0,0.28,15.0,0.1,0.1,44.88945,1776163061000
1776163063.521,163.521,0.76,5.07,0.75,21.0,0.74,15.0,0.73,15.0,0.72,15.0,0.86,15.0,0.87,15.0,0.88,15.0,0.89,15.0,0.9,20.0,0.14,15.0,0.13,15.0,0.12,15.0,0.11,15.0,0.1,20.0,0.24,5.07,0.25,21.0,0.26,15.0,0.27,15.0,0.28,15.0,0.1,0.1,44.890334,1776163062000
1776163064.24,164.24,0.76,5.07,0.75,21.0,0.74,15.0,0.73,15.0,0.72,15.0,0.86,15.0,0.87,15.0,0.88,15.0,0.89,15.0,0.9,20.0,0.14,15.0,0.13,15.0,0.12,15.0,0.11,15.0,0.1,20.0,0.24,5.07,0.25,21.0,0.26,15.0,0.27,15.0,0.28,15.0,0.1,0.1,44.890028,1776163063000
1776163066.201,166.201,0.76,5.07,0.75,21.0,0.74,15.0,0.73,15.0,0.72,15.0,0.86,15.0,0.87,15.0,0.88,15.0,0.89,15.0,0.9,20.0,0.14,15.0,0.13,15.0,0.12,15.0,0.11,15.0,0.1,20.0,0.24,5.07,0.25,21.0,0.26,15.0,0.27,15.0,0.28,15.0,0.1,0.1,44.890299,1776163064000
1776163066.929,166.929,0.76,5.07,0.75,21.0,0.74,15.0,0.73,15.0,0.72,15.0,0.86,15.0,0.87,15.0,0.88,15.0,0.89,15.0,0.9,20.0,0.14,15.0,0.13,15.0,0.12,15.0,0.11,15.0,0.1,20.0,0.24,5.07,0.25,21.0,0.26,15.0,0.27,15.0,0.28,15.0,0.1,0.1,44.890299,1776163065000
1776163067.593,167.593,0.76,5.07,0.75,21.0,0.74,15.0,0.73,15.0,0.72,15.0,0.86,15.0,0.87,15.0,0.88,15.0,0.89,15.0,0.9,20.0,0.14,15.0,0.13,15.0,0.12,15.0,0.11,15.0,0.1,20.0,0.24,5.07,0.25,21.0,0.26,15.0,0.27,15.0,0.28,15.0,0.1,0.1,44.891189,1776163066000
1776163068.514,168.514,0.76,5.07,0.75,21.0,0.74,15.0,0.73,15.0,0.72,15.0,0.86,15.0,0.87,15.0,0.88,15.0,0.89,15.0,0.9,20.0,0.14,15.0,0.13,15.0,0.12,15.0,0.11,15.0,0.1,20.0,0.24,5.07,0.25,21.0,0.26,15.0,0.27,15.0,0.28,15.0,0.1,0.1,44.891528,1776163067000
1776163069.233,169.233,0.76,5.07,0.75,21.0,0.74,15.0,0.73,15.0,0.72,15.0,0.86,15.0,0.87,15.0,0.88,15.0,0.89,15.0,0.9,20.0,0.14,15.0,0.13,15.0,0.12,15.0,0.11,15.0,0.1,20.0,0.24,5.07,0.25,21.0,0.26,15.0,0.27,15.0,0.28,15.0,0.1,0.1,44.891402,1776163068000
1776163070.629,170.629,0.76,5.07,0.75,21.0,0.74,15.0,0.73,15.0,0.72,15.0,0.86,15.0,0.87,15.0,0.88,15.0,0.89,15.0,0.9,20.0,0.14,15.0,0.13,15.0,0.12,15.0,0.11,15.0,0.1,20.0,0.24,5.07,0.25,21.0,0.26,15.0,0.27,15.0,0.28,15.0,0.1,0.1,44.891393,1776163069000
1776163071.41,171.41,0.76,5.07,0.75,21.0,0.74,15.0,0.73,15.0,0.72,15.0,0.86,15.0,0.87,15.0,0.88,15.0,0.89,15.0,0.9,20.0,0.14,15.0,0.13,15.0,0.12,15.0,0.11,15.0,0.1,20.0,0.24,5.07,0.25,21.0,0.26,15.0,0.27,15.0,0.28,15.0,0.1,0.1,44.890267,1776163070000
1776163072.261,172.261,0.76,5.07,0.75,21.0,0.74,15.0,0.73,15.0,0.72,15.0,0.86,15.0,0.87,15.0,0.88,15.0,0.89,15.0,0.9,20.0,0.14,15.0,0.13,15.0,0.12,15.0,0.11,15.0,0.1,20.0,0.24,5.07,0.25,21.0,0.26,15.0,0.27,15.0,0.28,15.0,0.1,0.1,44.891271,1776163071000
1776163073.693,173.693,0.76,5.07,0.75,21.0,0.74,15.0,0.73,15.0,0.72,15.0,0.86,15.0,0.87,15.0,0.88,15.0,0.89,15.0,0.9,20.0,0.14,15.0,0.13,15.0,0.12,15.0,0.11,15.0,0.1,20.0,0.24,5.07,0.25,21.0,0.26,15.0,0.27,15.0,0.28,15.0,0.1,0.1,44.890231,1776163072000
1776163074.505,174.505,0.76,5.07,0.75,21.0,0.74,15.0,0.73,15.0,0.72,15.0,0.86,15.0,0.87,15.0,0.88,15.0,0.89,15.0,0.9,20.0,0.14,15.0,0.13,15.0,0.12,15.0,0.11,15.0,0.1,20.0,0.24,5.07,0.25,21.0,0.26,15.0,0.27,15.0,0.28,15.0,0.1,0.1,44.89011,1776163073000
1776163075.305,175.305,0.76,5.07,0.75,21.0,0.74,15.0,0.73,15.0,0.72,15.0,0.86,15.0,0.87,15.0,0.88,15.0,0.89,15.0,0.9,20.0,0.14,15.0,0.13,15.0,0.12,15.0,0.11,15.0,0.1,20.0,0.24,5.07,0.25,21.0,0.26,15.0,0.27,15.0,0.28,15.0,0.1,0.1,44.890075,1776163074000
1776163076.887,176.887,0.76,5.07,0.75,21.0,0.74,15.0,0.73,15.0,0.72,15.0,0.86,15.0,0.87,15.0,0.88,15.0,0.89,15.0,0.9,20.0,0.14,15.0,0.13,15.0,0.12,15.0,0.11,15.0,0.1,20.0,0.24,5.07,0.25,21.0,0.26,15.0,0.27,15.0,0.28,15.0,0.1,0.1,44.892071,1776163075000
1776163077.793,177.793,0.76,5.07,0.75,21.0,0.74,15.0,0.73,15.0,0.72,15.0,0.86,15.0,0.87,15.0,0.88,15.0,0.89,15.0,0.9,20.0,0.14,15.0,0.13,15.0,0.12,15.0,0.11,15.0,0.1,20.0,0.24,5.07,0.25,21.0,0.26,15.0,0.27,15.0,0.28,15.0,0.1,0.1,44.892808,1776163076000
1776163078.415,178.415,0.76,5.07,0.75,21.0,0.74,15.0,0.73,15.0,0.72,15.0,0.86,15.0,0.87,15.0,0.88,15.0,0.89,15.0,0.9,20.0,0.14,15.0,0.13,15.0,0.12,15.0,0.11,15.0,0.1,20.0,0.24,5.07,0.25,21.0,0.26,15.0,0.27,15.0,0.28,15.0,0.1,0.1,44.892769,1776163077000
1776163079.252,179.252,0.76,5.07,0.75,21.0,0.74,15.0,0.73,15.0,0.72,15.0,0.86,15.0,0.87,15.0,0.88,15.0,0.89,15.0,0.9,20.0,0.14,15.0,0.13,15.0,0.12,15.0,0.11,15.0,0.1,20.0,0.24,5.07,0.25,21.0,0.26,15.0,0.27,15.0,0.28,15.0,0.1,0.1,44.892769,1776163078000
1776163080.096,180.096,0.76,5.07,0.75,21.0,0.74,15.0,0.73,15.0,0.72,15.0,0.86,15.0,0.87,15.0,0.88,15.0,0.89,15.0,0.9,20.0,0.14,15.0,0.13,15.0,0.12,15.0,0.11,15.0,0.1,20.0,0.24,5.07,0.25,21.0,0.26,15.0,0.27,15.0,0.28,15.0,0.1,0.1,44.890269,1776163079000
1776163081.815,181.815,0.76,5.07,0.75,21.0,0.74,15.0,0.73,15.0,0.72,15.0,0.86,15.0,0.87,15.0,0.88,15.0,0.89,15.0,0.9,20.0,0.14,15.0,0.13,15.0,0.12,15.0,0.11,15.0,0.1,20.0,0.24,5.07,0.25,21.0,0.26,15.0,0.27,15.0,0.28,15.0,0.1,0.1,44.89028,1776163080000
1776163082.501,182.501,0.76,5.07,0.75,21.0,0.74,15.0,0.73,15.0,0.72,15.0,0.86,15.0,0.87,15.0,0.88,15.0,0.89,15.0,0.9,20.0,0.14,15.0,0.13,15.0,0.12,15.0,0.11,15.0,0.1,20.0,0.24,5.07,0.25,21.0,0.26,15.0,0.27,15.0,0.28,15.0,0.1,0.1,44.890317,1776163081000
1776163083.31,183.31,0.76,5.07,0.75,21.0,0.74,15.0,0.73,15.0,0.72,15.0,0.86,15.0,0.87,15.0,0.88,15.0,0.89,15.0,0.9,20.0,0.14,15.0,0.13,15.0,0.12,15.0,0.11,15.0,0.1,20.0,0.24,5.07,0.25,21.0,0.26,15.0,0.27,15.0,0.28,15.0,0.1,0.1,44.890317,1776163082000
1776163083.998,183.998,0.76,5.07,0.75,21.0,0.74,15.0,0.73,15.0,0.72,15.0,0.86,15.0,0.87,15.0,0.88,15.0,0.89,15.0,0.9,20.0,0.14,15.0,0.13,15.0,0.12,15.0,0.11,15.0,0.1,20.0,0.24,5.07,0.25,21.0,0.26,15.0,0.27,15.0,0.28,15.0,0.1,0.1,44.890263,1776163083000
1776163086.28,186.28,0.76,5.07,0.75,21.0,0.74,15.0,0.73,15.0,0.72,15.0,0.86,15.0,0.87,15.0,0.88,15.0,0.89,15.0,0.9,20.0,0.14,15.0,0.13,15.0,0.12,15.0,0.11,15.0,0.1,20.0,0.24,5.07,0.25,21.0,0.26,15.0,0.27,15.0,0.28,15.0,0.1,0.1,44.89292,1776163085000
1776163087.015,187.015,0.76,5.07,0.75,21.0,0.74,15.0,0.73,15.0,0.72,15.0,0.86,15.0,0.87,15.0,0.88,15.0,0.89,15.0,0.9,20.0,0.14,15.0,0.13,15.0,0.12,15.0,0.11,15.0,0.1,20.0,0.24,5.07,0.25,21.0,0.26,15.0,0.27,15.0,0.28,15.0,0.1,0.1,44.896611,1776163086000
1776163088.325,188.325,0.76,5.07,0.75,21.0,0.74,15.0,0.73,15.0,0.72,15.0,0.86,15.0,0.87,15.0,0.88,15.0,0.89,15.0,0.9,20.0,0.14,15.0,0.13,15.0,0.12,15.0,0.11,15.0,0.1,20.0,0.24,5.07,0.25,21.0,0.26,15.0,0.27,15.0,0.28,15.0,0.1,0.1,44.894342,1776163087000
1776163089.352,189.352,0.76,5.07,0.75,21.0,0.74,15.0,0.73,15.0,0.72,15.0,0.86,15.0,0.87,15.0,0.88,15.0,0.89,15.0,0.9,20.0,0.14,15.0,0.13,15.0,0.12,15.0,0.11,15.0,0.1,20.0,0.24,5.07,0.25,21.0,0.26,15.0,0.27,15.0,0.28,15.0,0.1,0.1,44.895119,1776163088000
1776163090.576,190.576,0.76,5.07,0.75,21.0,0.74,15.0,0.73,15.0,0.72,15.0,0.86,15.0,0.87,15.0,0.88,15.0,0.89,15.0,0.9,20.0,0.14,15.0,0.13,15.0,0.12,15.0,0.11,15.0,0.1,20.0,0.24,5.07,0.25,21.0,0.26,15.0,0.27,15.0,0.28,15.0,0.1,0.1,44.899023,1776163089000
1776163091.121,191.121,0.76,5.07,0.75,21.0,0.74,15.0,0.73,15.0,0.72,15.0,0.86,15.0,0.87,15.0,0.88,15.0,0.89,15.0,0.9,20.0,0.14,15.0,0.13,15.0,0.12,15.0,0.11,15.0,0.1,20.0,0.24,5.07,0.25,21.0,0.26,15.0,0.27,15.0,0.28,15.0,0.1,0.1,44.898875,1776163090000
1776163091.333,191.333,0.89,48.34,0.88,25.0,0.87,15.0,0.86,15.0,0.85,20.0,0.91,5.0,0.95,15.0,0.96,15.0,0.97,15.0,0.98,20.0,0.14,15.0,0.13,15.0,0.12,15.0,0.11,15.0,0.1,20.0,0.24,5.07,0.25,21.0,0.26,15.0,0.27,15.0,0.28,15.0,0.02,0.1,44.898875,1776163090000
1776163092.493,192.493,0.89,48.34,0.88,25.0,0.87,15.0,0.86,15.0,0.85,20.0,0.91,5.0,0.95,15.0,0.96,15.0,0.97,15.0,0.98,20.0,0.09,5.0,0.05,15.0,0.04,15.0,0.03,15.0,0.02,20.0,0.11,48.34,0.12,25.0,0.13,15.0,0.14,15.0,0.15,20.0,0.02,0.02,44.898768,1776163091000
1776163093.526,193.526,0.89,48.34,0.88,25.0,0.87,15.0,0.86,15.0,0.85,20.0,0.91,5.0,0.95,15.0,0.96,15.0,0.97,15.0,0.98,20.0,0.09,5.0,0.05,15.0,0.04,15.0,0.03,15.0,0.02,20.0,0.11,48.34,0.12,25.0,0.13,15.0,0.14,15.0,0.15,20.0,0.02,0.02,44.898764,1776163092000
1776163094.152,194.152,0.89,48.34,0.88,25.0,0.87,15.0,0.86,15.0,0.85,20.0,0.91,5.0,0.95,15.0,0.96,15.0,0.97,15.0,0.98,20.0,0.09,5.0,0.05,15.0,0.04,15.0,0.03,15.0,0.02,20.0,0.11,48.34,0.12,25.0,0.13,15.0,0.14,15.0,0.15,20.0,0.02,0.02,44.898771,1776163093000
1776163095.696,195.696,0.9,34.63,0.85,5.0,0.84,10.0,0.83,15.0,0.82,15.0,0.94,15.0,0.95,15.0,0.96,15.0,0.97,15.0,0.98,20.0,0.06,15.0,0.05,15.0,0.04,15.0,0.03,15.0,0.02,20.0,0.1,34.63,0.15,5.0,0.16,10.0,0.17,15.0,0.18,15.0,0.04,0.04,44.896226,1776163094000
1776163096.421,196.421,0.9,34.63,0.85,5.0,0.84,10.0,0.83,15.0,0.82,15.0,0.94,15.0,0.95,15.0,0.96,15.0,0.97,15.0,0.98,20.0,0.06,15.0,0.05,15.0,0.04,15.0,0.03,15.0,0.02,20.0,0.1,34.63,0.15,5.0,0.16,10.0,0.17,15.0,0.18,15.0,0.04,0.04,44.89676,1776163095000
1776163097.229,197.229,0.9,34.63,0.85,5.0,0.84,10.0,0.83,15.0,0.82,15.0,0.94,15.0,0.95,15.0,0.96,15.0,0.97,15.0,0.98,20.0,0.06,15.0,0.05,15.0,0.04,15.0,0.03,15.0,0.02,20.0,0.1,34.63,0.15,5.0,0.16,10.0,0.17,15.0,0.18,15.0,0.04,0.04,44.896004,1776163096000
1776163098.659,198.659,0.9,34.63,0.85,5.0,0.84,10.0,0.83,15.0,0.82,15.0,0.94,15.0,0.95,15.0,0.96,15.0,0.97,15.0,0.98,20.0,0.06,15.0,0.05,15.0,0.04,15.0,0.03,15.0,0.02,20.0,0.1,34.63,0.15,5.0,0.16,10.0,0.17,15.0,0.18,15.0,0.04,0.04,44.88702,1776163097000
1776163099.481,199.481,0.9,34.63,0.85,5.0,0.84,10.0,0.83,15.0,0.82,15.0,0.94,15.0,0.95,15.0,0.96,15.0,0.97,15.0,0.98,20.0,0.06,15.0,0.05,15.0,0.04,15.0,0.03,15.0,0.02,20.0,0.1,34.63,0.15,5.0,0.16,10.0,0.17,15.0,0.18,15.0,0.04,0.04,44.886558,1776163098000
1776163100.198,200.198,0.9,34.63,0.85,5.0,0.84,10.0,0.83,15.0,0.82,15.0,0.94,15.0,0.95,15.0,0.96,15.0,0.97,15.0,0.98,20.0,0.06,15.0,0.05,15.0,0.04,15.0,0.03,15.0,0.02,20.0,0.1,34.63,0.15,5.0,0.16,10.0,0.17,15.0,0.18,15.0,0.04,0.04,44.897085,1776163099000
1776163101.57,201.57,0.9,34.63,0.85,5.0,0.84,10.0,0.83,15.0,0.82,15.0,0.94,15.0,0.95,15.0,0.96,15.0,0.97,15.0,0.98,20.0,0.06,15.0,0.05,15.0,0.04,15.0,0.03,15.0,0.02,20.0,0.1,34.63,0.15,5.0,0.16,10.0,0.17,15.0,0.18,15.0,0.04,0.04,44.886584,1776163100000
1776163102.233,202.233,0.9,34.63,0.85,5.0,0.84,10.0,0.83,15.0,0.82,15.0,0.94,15.0,0.95,15.0,0.96,15.0,0.97,15.0,0.98,20.0,0.06,15.0,0.05,15.0,0.04,15.0,0.03,15.0,0.02,20.0,0.1,34.63,0.15,5.0,0.16,10.0,0.17,15.0,0.18,15.0,0.04,0.04,44.886585,1776163101000
1776163103.66,203.66,0.9,34.63,0.85,5.0,0.84,10.0,0.83,15.0,0.82,15.0,0.94,15.0,0.95,15.0,0.96,15.0,0.97,15.0,0.98,20.0,0.06,15.0,0.05,15.0,0.04,15.0,0.03,15.0,0.02,20.0,0.1,34.63,0.15,5.0,0.16,10.0,0.17,15.0,0.18,15.0,0.04,0.04,44.887826,1776163102000
1776163104.541,204.541,0.9,34.63,0.85,5.0,0.84,10.0,0.83,15.0,0.82,15.0,0.94,15.0,0.95,15.0,0.96,15.0,0.97,15.0,0.98,20.0,0.06,15.0,0.05,15.0,0.04,15.0,0.03,15.0,0.02,20.0,0.1,34.63,0.15,5.0,0.16,10.0,0.17,15.0,0.18,15.0,0.04,0.04,44.887826,1776163103000
1776163104.955,204.955,0.9,34.63,0.85,5.0,0.84,10.0,0.83,15.0,0.82,15.0,0.94,15.0,0.95,15.0,0.96,15.0,0.97,15.0,0.98,20.0,0.06,15.0,0.05,15.0,0.04,15.0,0.03,15.0,0.02,20.0,0.1,34.63,0.15,5.0,0.16,10.0,0.17,15.0,0.18,15.0,0.04,0.04,44.887826,1776163104000
1776163105.892,205.892,0.9,34.63,0.84,30.0,0.83,15.0,0.82,15.0,0.81,15.0,0.91,11.7,0.92,15.0,0.93,15.0,0.94,15.0,0.95,15.0,0.09,11.7,0.08,15.0,0.07,15.0,0.06,15.0,0.05,15.0,0.1,34.63,0.16,30.0,0.17,15.0,0.18,15.0,0.19,15.0,0.01,0.01,44.887826,1776163105000
1776163106.813,206.813,0.9,34.63,0.84,30.0,0.83,15.0,0.82,15.0,0.81,15.0,0.91,11.7,0.92,15.0,0.93,15.0,0.94,15.0,0.95,15.0,0.09,11.7,0.08,15.0,0.07,15.0,0.06,15.0,0.05,15.0,0.1,34.63,0.16,30.0,0.17,15.0,0.18,15.0,0.19,15.0,0.01,0.01,44.887573,1776163106000
1776163108.189,208.189,0.9,34.63,0.84,30.0,0.83,15.0,0.82,15.0,0.81,15.0,0.91,11.7,0.92,15.0,0.93,15.0,0.94,15.0,0.95,15.0,0.09,11.7,0.08,15.0,0.07,15.0,0.06,15.0,0.05,15.0,0.1,34.63,0.16,30.0,0.17,15.0,0.18,15.0,0.19,15.0,0.01,0.01,44.883443,1776163107000
1776163109.091,209.091,0.9,34.63,0.84,30.0,0.83,15.0,0.82,15.0,0.81,15.0,0.91,11.7,0.92,15.0,0.93,15.0,0.94,15.0,0.95,15.0,0.09,11.7,0.08,15.0,0.07,15.0,0.06,15.0,0.05,15.0,0.1,34.63,0.16,30.0,0.17,15.0,0.18,15.0,0.19,15.0,0.01,0.01,44.880987,1776163108000
1776163110.151,210.151,0.9,34.63,0.84,30.0,0.83,15.0,0.82,15.0,0.81,15.0,0.91,11.7,0.92,15.0,0.93,15.0,0.94,15.0,0.95,15.0,0.09,11.7,0.08,15.0,0.07,15.0,0.06,15.0,0.05,15.0,0.1,34.63,0.16,30.0,0.17,15.0,0.18,15.0,0.19,15.0,0.01,0.01,44.8786,1776163109000
1776163110.363,210.363,0.9,34.63,0.77,10.0,0.76,5.07,0.72,15.0,0.71,15.0,0.91,1.6,0.92,15.0,0.93,86.0,0.94,31.66,0.95,15.0,0.09,6.65,0.08,15.0,0.07,86.0,0.06,31.66,0.05,15.0,0.1,34.63,0.23,10.0,0.24,5.07,0.28,15.0,0.29,15.0,0.01,0.01,44.8786,1776163109000
1776163111.179,211.179,0.9,34.63,0.77,10.0,0.76,5.07,0.72,15.0,0.71,15.0,0.91,1.6,0.92,15.0,0.93,86.0,0.94,31.66,0.95,15.0,0.09,1.6,0.08,15.0,0.07,86.0,0.06,31.66,0.05,15.0,0.1,34.63,0.23,10.0,0.24,5.07,0.28,15.0,0.29,15.0,0.01,0.01,44.873299,1776163110000
1776163111.477,211.477,0.9,26.58,0.76,15.07,0.74,15.0,0.73,15.0,0.72,15.0,0.91,1.6,0.92,15.0,0.93,100.28,0.94,15.0,0.95,15.0,0.09,1.6,0.08,15.0,0.07,86.0,0.06,31.66,0.05,15.0,0.1,34.63,0.23,10.0,0.24,5.07,0.28,15.0,0.29,15.0,0.01,0.01,44.873299,1776163110000
1776163112.194,212.194,0.9,26.58,0.76,15.07,0.74,15.0,0.73,15.0,0.72,15.0,0.91,1.6,0.92,15.0,0.93,100.28,0.94,15.0,0.95,15.0,0.09,1.6,0.08,15.0,0.07,100.28,0.06,15.0,0.05,15.0,0.1,26.58,0.24,15.07,0.26,15.0,0.27,15.0,0.28,15.0,0.01,0.01,44.871955,1776163111000
1776163113.06,213.06,0.9,26.58,0.76,15.07,0.74,15.0,0.73,15.0,0.72,15.0,0.91,1.6,0.92,15.0,0.93,100.28,0.94,15.0,0.95,15.0,0.09,1.6,0.08,15.0,0.07,100.28,0.06,15.0,0.05,15.0,0.1,26.58,0.24,15.07,0.26,15.0,0.27,15.0,0.28,15.0,0.01,0.01,44.871534,1776163112000
1776163113.955,213.955,0.9,26.58,0.76,15.07,0.74,15.0,0.73,15.0,0.72,15.0,0.91,1.6,0.92,15.0,0.93,100.28,0.94,15.0,0.95,15.0,0.09,1.6,0.08,15.0,0.07,100.28,0.06,15.0,0.05,15.0,0.1,26.58,0.24,15.07,0.26,15.0,0.27,15.0,0.28,15.0,0.01,0.01,44.871221,1776163113000
1776163115.037,215.037,0.9,26.58,0.76,15.07,0.74,15.0,0.73,15.0,0.72,15.0,0.91,1.6,0.92,15.0,0.93,100.28,0.94,15.0,0.95,15.0,0.09,1.6,0.08,15.0,0.07,100.28,0.06,15.0,0.05,15.0,0.1,26.58,0.24,15.07,0.26,15.0,0.27,15.0,0.28,15.0,0.01,0.01,44.871014,1776163114000
1776163115.854,215.854,0.9,26.58,0.76,15.07,0.74,15.0,0.73,15.0,0.72,15.0,0.91,1.6,0.92,15.0,0.93,100.28,0.94,15.0,0.95,15.0,0.09,1.6,0.08,15.0,0.07,100.28,0.06,15.0,0.05,15.0,0.1,26.58,0.24,15.07,0.26,15.0,0.27,15.0,0.28,15.0,0.01,0.01,44.869762,1776163115000
1776163117.192,217.192,0.9,26.58,0.76,15.07,0.74,15.0,0.73,15.0,0.72,15.0,0.91,1.6,0.92,15.0,0.93,100.28,0.94,15.0,0.95,15.0,0.09,1.6,0.08,15.0,0.07,100.28,0.06,15.0,0.05,15.0,0.1,26.58,0.24,15.07,0.26,15.0,0.27,15.0,0.28,15.0,0.01,0.01,44.870529,1776163116000
1776163118.361,218.361,0.9,26.58,0.76,15.07,0.74,15.0,0.73,15.0,0.72,15.0,0.91,1.6,0.92,15.0,0.93,100.28,0.94,15.0,0.95,15.0,0.09,1.6,0.08,15.0,0.07,100.28,0.06,15.0,0.05,15.0,0.1,26.58,0.24,15.07,0.26,15.0,0.27,15.0,0.28,15.0,0.01,0.01,44.869532,1776163117000
1776163119.458,219.458,0.9,26.58,0.76,15.07,0.74,15.0,0.73,15.0,0.72,15.0,0.91,1.6,0.92,15.0,0.93,100.28,0.94,15.0,0.95,15.0,0.09,1.6,0.08,15.0,0.07,100.28,0.06,15.0,0.05,15.0,0.1,26.58,0.24,15.07,0.26,15.0,0.27,15.0,0.28,15.0,0.01,0.01,44.867376,1776163118000
1776163119.911,219.911,0.9,26.58,0.76,15.07,0.74,15.0,0.73,15.0,0.72,15.0,0.91,1.6,0.92,15.0,0.93,100.28,0.94,15.0,0.95,15.0,0.09,1.6,0.08,15.0,0.07,100.28,0.06,15.0,0.05,15.0,0.1,26.58,0.24,15.07,0.26,15.0,0.27,15.0,0.28,15.0,0.01,0.01,44.86718,1776163119000
1776163121.251,221.251,0.9,26.58,0.76,15.07,0.74,15.0,0.73,15.0,0.72,15.0,0.91,1.6,0.92,15.0,0.93,100.28,0.94,15.0,0.95,15.0,0.09,1.6,0.08,15.0,0.07,100.28,0.06,15.0,0.05,15.0,0.1,26.58,0.24,15.07,0.26,15.0,0.27,15.0,0.28,15.0,0.01,0.01,44.867183,1776163120000
1776163122.334,222.334,0.9,26.58,0.76,15.07,0.74,15.0,0.73,15.0,0.72,15.0,0.91,1.6,0.92,15.0,0.93,100.28,0.94,15.0,0.95,15.0,0.09,1.6,0.08,15.0,0.07,100.28,0.06,15.0,0.05,15.0,0.1,26.58,0.24,15.07,0.26,15.0,0.27,15.0,0.28,15.0,0.01,0.01,44.866518,1776163121000
1776163122.631,222.631,0.9,16.58,0.76,5.07,0.7,10.0,0.66,7.0,0.62,5.0,0.91,9.65,0.92,77.0,0.93,15.0,0.94,15.0,0.95,15.0,0.09,1.6,0.08,15.0,0.07,100.28,0.06,15.0,0.05,15.0,0.1,26.58,0.24,15.07,0.26,15.0,0.27,15.0,0.28,15.0,0.01,0.01,44.866518,1776163121000
1776163123.48,223.48,0.9,16.58,0.76,5.07,0.7,10.0,0.66,7.0,0.62,5.0,0.91,9.65,0.92,77.0,0.93,15.0,0.94,15.0,0.95,15.0,0.09,9.65,0.08,77.0,0.07,15.0,0.06,15.0,0.05,15.0,0.1,16.58,0.24,5.07,0.3,10.0,0.34,7.0,0.38,5.0,0.01,0.01,44.866612,1776163122000
1776163124.045,224.045,0.9,16.58,0.76,5.07,0.7,10.0,0.66,7.0,0.62,5.0,0.91,9.65,0.92,77.0,0.93,15.0,0.94,15.0,0.95,15.0,0.09,9.65,0.08,77.0,0.07,15.0,0.06,15.0,0.05,15.0,0.1,16.58,0.24,5.07,0.3,10.0,0.34,7.0,0.38,5.0,0.01,0.01,44.866725,1776163123000
1776163124.264,224.264,0.62,5.0,0.61,10.0,0.52,15.0,0.51,15.0,0.5,15.0,0.78,32.0,0.82,18.05,0.88,15.0,0.89,15.0,0.9,15.0,0.09,9.65,0.08,77.0,0.07,15.0,0.06,15.0,0.05,15.0,0.1,16.58,0.24,5.07,0.3,10.0,0.34,7.0,0.38,5.0,0.16,0.01,44.866725,1776163123000
1776163125.17,225.17,0.62,5.0,0.61,10.0,0.52,15.0,0.51,15.0,0.5,15.0,0.78,32.0,0.82,18.05,0.88,15.0,0.89,15.0,0.9,15.0,0.22,32.0,0.18,18.05,0.12,15.0,0.11,15.0,0.1,15.0,0.38,5.0,0.39,10.0,0.48,15.0,0.49,15.0,0.5,15.0,0.16,0.16,44.864615,1776163124000
1776163126.236,226.236,0.62,5.0,0.61,10.0,0.52,15.0,0.51,15.0,0.5,15.0,0.78,32.0,0.82,18.05,0.88,15.0,0.89,15.0,0.9,15.0,0.22,32.0,0.18,18.05,0.12,15.0,0.11,15.0,0.1,15.0,0.38,5.0,0.39,10.0,0.48,15.0,0.49,15.0,0.5,15.0,0.16,0.16,44.846881,1776163125000
1776163126.911,226.911,0.62,5.0,0.61,10.0,0.52,15.0,0.51,15.0,0.5,15.0,0.78,32.0,0.82,18.05,0.88,15.0,0.89,15.0,0.9,15.0,0.22,32.0,0.18,18.05,0.12,15.0,0.11,15.0,0.1,15.0,0.38,5.0,0.39,10.0,0.48,15.0,0.49,15.0,0.5,15.0,0.16,0.16,44.846724,1776163126000
1776163127.948,227.948,0.62,5.0,0.61,10.0,0.52,15.0,0.51,15.0,0.5,15.0,0.78,32.0,0.82,18.05,0.88,15.0,0.89,15.0,0.9,15.0,0.22,32.0,0.18,18.05,0.12,15.0,0.11,15.0,0.1,15.0,0.38,5.0,0.39,10.0,0.48,15.0,0.49,15.0,0.5,15.0,0.16,0.16,44.847271,1776163127000
1776163128.973,228.973,0.62,5.0,0.61,10.0,0.52,15.0,0.51,15.0,0.5,15.0,0.78,32.0,0.82,18.05,0.88,15.0,0.89,15.0,0.9,15.0,0.22,32.0,0.18,18.05,0.12,15.0,0.11,15.0,0.1,15.0,0.38,5.0,0.39,10.0,0.48,15.0,0.49,15.0,0.5,15.0,0.16,0.16,44.846943,1776163128000
1776163130.05,230.05,0.62,5.0,0.61,10.0,0.52,15.0,0.51,15.0,0.5,15.0,0.78,32.0,0.82,18.05,0.88,15.0,0.89,15.0,0.9,15.0,0.22,32.0,0.18,18.05,0.12,15.0,0.11,15.0,0.1,15.0,0.38,5.0,0.39,10.0,0.48,15.0,0.49,15.0,0.5,15.0,0.16,0.16,44.846969,1776163129000
1776163131.663,231.663,0.62,5.0,0.61,10.0,0.52,15.0,0.51,15.0,0.5,15.0,0.78,32.0,0.82,18.05,0.88,15.0,0.89,15.0,0.9,15.0,0.22,32.0,0.18,18.05,0.12,15.0,0.11,15.0,0.1,15.0,0.38,5.0,0.39,10.0,0.48,15.0,0.49,15.0,0.5,15.0,0.16,0.16,44.846656,1776163130000
1776163132.202,232.202,0.62,5.0,0.61,10.0,0.52,15.0,0.51,15.0,0.5,15.0,0.78,32.0,0.82,18.05,0.88,15.0,0.89,15.0,0.9,15.0,0.22,32.0,0.18,18.05,0.12,15.0,0.11,15.0,0.1,15.0,0.38,5.0,0.39,10.0,0.48,15.0,0.49,15.0,0.5,15.0,0.16,0.16,44.846031,1776163131000
1776163133.595,233.595,0.62,5.0,0.61,10.0,0.52,15.0,0.51,15.0,0.5,15.0,0.78,32.0,0.82,18.05,0.88,15.0,0.89,15.0,0.9,15.0,0.22,32.0,0.18,18.05,0.12,15.0,0.11,15.0,0.1,15.0,0.38,5.0,0.39,10.0,0.48,15.0,0.49,15.0,0.5,15.0,0.16,0.16,44.845806,1776163132000
1776163134.045,234.045,0.62,5.0,0.61,10.0,0.52,15.0,0.51,15.0,0.5,15.0,0.78,32.0,0.82,18.05,0.88,15.0,0.89,15.0,0.9,15.0,0.22,32.0,0.18,18.05,0.12,15.0,0.11,15.0,0.1,15.0,0.38,5.0,0.39,10.0,0.48,15.0,0.49,15.0,0.5,15.0,0.16,0.16,44.845882,1776163133000
1776163135.267,235.267,0.62,5.0,0.61,10.0,0.52,15.0,0.51,15.0,0.5,15.0,0.78,32.0,0.82,18.05,0.88,15.0,0.89,15.0,0.9,15.0,0.22,32.0,0.18,18.05,0.12,15.0,0.11,15.0,0.1,15.0,0.38,5.0,0.39,10.0,0.48,15.0,0.49,15.0,0.5,15.0,0.16,0.16,44.845961,1776163134000
1776163136.412,236.412,0.55,5.42,0.46,15.0,0.45,15.0,0.44,15.0,0.43,15.0,0.67,18.05,0.69,15.0,0.7,31.0,0.71,15.0,0.72,25.0,0.33,18.05,0.31,15.0,0.3,31.0,0.29,15.0,0.28,25.0,0.45,5.42,0.54,15.0,0.55,15.0,0.56,15.0,0.57,15.0,0.12,0.12,44.845632,1776163135000
1776163137.047,237.047,0.55,5.42,0.46,15.0,0.45,15.0,0.44,15.0,0.43,15.0,0.67,18.05,0.69,15.0,0.7,31.0,0.71,15.0,0.72,25.0,0.33,18.05,0.31,15.0,0.3,31.0,0.29,15.0,0.28,25.0,0.45,5.42,0.54,15.0,0.55,15.0,0.56,15.0,0.57,15.0,0.12,0.12,44.845133,1776163136000
1776163138.33,238.33,0.55,5.42,0.46,15.0,0.45,15.0,0.44,15.0,0.43,15.0,0.67,18.05,0.69,15.0,0.7,31.0,0.71,15.0,0.72,25.0,0.33,18.05,0.31,15.0,0.3,31.0,0.29,15.0,0.28,25.0,0.45,5.42,0.54,15.0,0.55,15.0,0.56,15.0,0.57,15.0,0.12,0.12,44.838261,1776163137000
1776163139.406,239.406,0.55,5.42,0.46,15.0,0.45,15.0,0.44,15.0,0.43,15.0,0.67,18.05,0.69,15.0,0.7,31.0,0.71,15.0,0.72,25.0,0.33,18.05,0.31,15.0,0.3,31.0,0.29,15.0,0.28,25.0,0.45,5.42,0.54,15.0,0.55,15.0,0.56,15.0,0.57,15.0,0.12,0.12,44.831742,1776163138000
1776163139.903,239.903,0.55,5.42,0.46,15.0,0.45,15.0,0.44,15.0,0.43,15.0,0.67,18.05,0.69,15.0,0.7,31.0,0.71,15.0,0.72,25.0,0.33,18.05,0.31,15.0,0.3,31.0,0.29,15.0,0.28,25.0,0.45,5.42,0.54,15.0,0.55,15.0,0.56,15.0,0.57,15.0,0.12,0.12,44.831447,1776163139000
1776163141.254,241.254,0.55,5.42,0.46,15.0,0.45,15.0,0.44,15.0,0.43,15.0,0.67,18.05,0.69,15.0,0.7,31.0,0.71,15.0,0.72,25.0,0.33,18.05,0.31,15.0,0.3,31.0,0.29,15.0,0.28,25.0,0.45,5.42,0.54,15.0,0.55,15.0,0.56,15.0,0.57,15.0,0.12,0.12,44.8313,1776163140000
1776163142.147,242.147,0.55,5.42,0.46,15.0,0.45,15.0,0.44,15.0,0.43,15.0,0.67,18.05,0.69,15.0,0.7,31.0,0.71,15.0,0.72,25.0,0.33,18.05,0.31,15.0,0.3,31.0,0.29,15.0,0.28,25.0,0.45,5.42,0.54,15.0,0.55,15.0,0.56,15.0,0.57,15.0,0.12,0.12,44.832991,1776163141000
1776163143.253,243.253,0.55,5.42,0.46,15.0,0.45,15.0,0.44,15.0,0.43,15.0,0.67,18.05,0.69,15.0,0.7,31.0,0.71,15.0,0.72,25.0,0.33,18.05,0.31,15.0,0.3,31.0,0.29,15.0,0.28,25.0,0.45,5.42,0.54,15.0,0.55,15.0,0.56,15.0,0.57,15.0,0.12,0.12,44.834219,1776163142000
1776163144.31,244.31,0.55,5.42,0.46,15.0,0.45,15.0,0.44,15.0,0.43,15.0,0.67,18.05,0.69,15.0,0.7,31.0,0.71,15.0,0.72,25.0,0.33,18.05,0.31,15.0,0.3,31.0,0.29,15.0,0.28,25.0,0.45,5.42,0.54,15.0,0.55,15.0,0.56,15.0,0.57,15.0,0.12,0.12,44.833323,1776163143000
1776163145.298,245.298,0.55,5.42,0.46,15.0,0.45,15.0,0.44,15.0,0.43,15.0,0.67,18.05,0.69,15.0,0.7,31.0,0.71,15.0,0.72,25.0,0.33,18.05,0.31,15.0,0.3,31.0,0.29,15.0,0.28,25.0,0.45,5.42,0.54,15.0,0.55,15.0,0.56,15.0,0.57,15.0,0.12,0.12,44.824427,1776163144000
1776163145.595,245.595,0.29,17.0,0.17,15.0,0.16,15.0,0.15,15.0,0.14,15.0,0.3,8.05,0.47,10.0,0.52,15.0,0.53,15.0,0.54,15.0,0.33,18.05,0.31,15.0,0.3,31.0,0.29,15.0,0.28,25.0,0.45,5.42,0.54,15.0,0.55,15.0,0.56,15.0,0.57,15.0,0.01,0.12,44.824427,1776163144000
1776163146.333,246.333,0.29,17.0,0.17,15.0,0.16,15.0,0.15,15.0,0.14,15.0,0.3,1.05,0.47,10.0,0.52,15.0,0.53,15.0,0.54,15.0,0.7,1.05,0.53,10.0,0.48,15.0,0.47,15.0,0.46,15.0,0.71,17.0,0.83,15.0,0.84,15.0,0.85,15.0,0.86,15.0,0.01,0.01,44.822731,1776163145000
1776163147.452,247.452,0.29,17.0,0.17,15.0,0.16,15.0,0.15,15.0,0.14,15.0,0.3,1.05,0.47,10.0,0.52,15.0,0.53,15.0,0.54,15.0,0.7,1.05,0.53,10.0,0.48,15.0,0.47,15.0,0.46,15.0,0.71,17.0,0.83,15.0,0.84,15.0,0.85,15.0,0.86,15.0,0.01,0.01,44.822478,1776163146000
1776163148.245,248.245,0.29,17.0,0.17,15.0,0.16,15.0,0.15,15.0,0.14,15.0,0.3,1.05,0.47,10.0,0.52,15.0,0.53,15.0,0.54,15.0,0.7,1.05,0.53,10.0,0.48,15.0,0.47,15.0,0.46,15.0,0.71,17.0,0.83,15.0,0.84,15.0,0.85,15.0,0.86,15.0,0.01,0.01,44.82633,1776163147000
1776163149.844,249.844,0.29,17.0,0.17,15.0,0.16,15.0,0.15,15.0,0.14,15.0,0.3,1.05,0.47,10.0,0.52,15.0,0.53,15.0,0.54,15.0,0.7,1.05,0.53,10.0,0.48,15.0,0.47,15.0,0.46,15.0,0.71,17.0,0.83,15.0,0.84,15.0,0.85,15.0,0.86,15.0,0.01,0.01,44.82711,1776163148000
1776163150.306,250.306,0.29,17.0,0.17,15.0,0.16,15.0,0.15,15.0,0.14,15.0,0.3,1.05,0.47,10.0,0.52,15.0,0.53,15.0,0.54,15.0,0.7,1.05,0.53,10.0,0.48,15.0,0.47,15.0,0.46,15.0,0.71,17.0,0.83,15.0,0.84,15.0,0.85,15.0,0.86,15.0,0.01,0.01,44.830431,1776163149000
1776163151.358,251.358,0.29,17.0,0.17,15.0,0.16,15.0,0.15,15.0,0.14,15.0,0.3,1.05,0.47,10.0,0.52,15.0,0.53,15.0,0.54,15.0,0.7,1.05,0.53,10.0,0.48,15.0,0.47,15.0,0.46,15.0,0.71,17.0,0.83,15.0,0.84,15.0,0.85,15.0,0.86,15.0,0.01,0.01,44.831256,1776163150000
1776163152.127,252.127,0.29,17.0,0.17,15.0,0.16,15.0,0.15,15.0,0.14,15.0,0.3,1.05,0.47,10.0,0.52,15.0,0.53,15.0,0.54,15.0,0.7,1.05,0.53,10.0,0.48,15.0,0.47,15.0,0.46,15.0,0.71,17.0,0.83,15.0,0.84,15.0,0.85,15.0,0.86,15.0,0.01,0.01,44.832814,1776163151000
1776163153.072,253.072,0.26,14.98,0.21,15.0,0.2,15.0,0.19,15.0,0.18,15.0,0.58,56.0,0.59,15.0,0.6,25.0,0.61,15.0,0.62,28.0,0.7,1.05,0.53,10.0,0.48,15.0,0.47,15.0,0.46,15.0,0.71,17.0,0.83,15.0,0.84,15.0,0.85,15.0,0.86,15.0,0.32,0.01,44.832814,1776163151000
1776163153.534,253.534,0.26,14.98,0.21,15.0,0.2,15.0,0.19,15.0,0.18,15.0,0.58,56.0,0.59,15.0,0.6,25.0,0.61,15.0,0.62,28.0,0.43,15.0,0.42,56.0,0.41,15.0,0.4,25.0,0.39,15.0,0.74,14.98,0.79,15.0,0.8,15.0,0.81,15.0,0.82,15.0,0.32,0.31,44.833308,1776163152000
1776163153.89,253.89,0.17,11.42,0.16,15.0,0.15,15.0,0.14,15.0,0.13,15.0,0.53,15.0,0.57,15.0,0.58,15.0,0.59,15.0,0.6,15.0,0.43,15.0,0.42,56.0,0.41,15.0,0.4,25.0,0.39,15.0,0.74,14.98,0.79,15.0,0.8,15.0,0.81,15.0,0.82,15.0,0.36,0.31,44.833308,1776163152000
1776163154.395,254.395,0.17,11.42,0.16,15.0,0.15,15.0,0.14,15.0,0.13,15.0,0.53,15.0,0.57,15.0,0.58,15.0,0.59,15.0,0.6,15.0,0.47,15.0,0.43,15.0,0.42,15.0,0.41,15.0,0.4,15.0,0.83,11.42,0.84,15.0,0.85,15.0,0.86,15.0,0.87,15.0,0.36,0.36,44.833308,1776163153000
1776163154.969,254.969,0.17,11.42,0.16,15.0,0.15,15.0,0.14,15.0,0.13,15.0,0.53,15.0,0.57,15.0,0.58,15.0,0.59,15.0,0.6,15.0,0.47,15.0,0.43,15.0,0.42,15.0,0.41,15.0,0.4,15.0,0.83,11.42,0.84,15.0,0.85,15.0,0.86,15.0,0.87,15.0,0.36,0.36,44.83269,1776163154000
1776163156.102,256.102,0.17,11.42,0.16,15.0,0.15,15.0,0.14,15.0,0.13,15.0,0.53,15.0,0.57,15.0,0.58,15.0,0.59,15.0,0.6,15.0,0.47,15.0,0.43,15.0,0.42,15.0,0.41,15.0,0.4,15.0,0.83,11.42,0.84,15.0,0.85,15.0,0.86,15.0,0.87,15.0,0.36,0.36,44.822605,1776163155000
1776163157.283,257.283,0.17,11.42,0.16,15.0,0.15,15.0,0.14,15.0,0.13,15.0,0.53,15.0,0.57,15.0,0.58,15.0,0.59,15.0,0.6,15.0,0.47,15.0,0.43,15.0,0.42,15.0,0.41,15.0,0.4,15.0,0.83,11.42,0.84,15.0,0.85,15.0,0.86,15.0,0.87,15.0,0.36,0.36,44.821861,1776163156000
1776163158.055,258.055,0.17,11.42,0.16,15.0,0.15,15.0,0.14,15.0,0.13,15.0,0.53,15.0,0.57,15.0,0.58,15.0,0.59,15.0,0.6,15.0,0.47,15.0,0.43,15.0,0.42,15.0,0.41,15.0,0.4,15.0,0.83,11.42,0.84,15.0,0.85,15.0,0.86,15.0,0.87,15.0,0.36,0.36,44.822091,1776163157000
1776163159.433,259.433,0.17,11.42,0.16,15.0,0.15,15.0,0.14,15.0,0.13,15.0,0.53,15.0,0.57,15.0,0.58,15.0,0.59,15.0,0.6,15.0,0.47,15.0,0.43,15.0,0.42,15.0,0.41,15.0,0.4,15.0,0.83,11.42,0.84,15.0,0.85,15.0,0.86,15.0,0.87,15.0,0.36,0.36,44.818282,1776163158000
1776163159.999,259.999,0.17,11.42,0.16,15.0,0.15,15.0,0.14,15.0,0.13,15.0,0.53,15.0,0.57,15.0,0.58,15.0,0.59,15.0,0.6,15.0,0.47,15.0,0.43,15.0,0.42,15.0,0.41,15.0,0.4,15.0,0.83,11.42,0.84,15.0,0.85,15.0,0.86,15.0,0.87,15.0,0.36,0.36,44.818283,1776163159000
1776163161.229,261.229,0.17,11.42,0.16,15.0,0.15,15.0,0.14,15.0,0.13,15.0,0.53,15.0,0.57,15.0,0.58,15.0,0.59,15.0,0.6,15.0,0.47,15.0,0.43,15.0,0.42,15.0,0.41,15.0,0.4,15.0,0.83,11.42,0.84,15.0,0.85,15.0,0.86,15.0,0.87,15.0,0.36,0.36,44.818208,1776163160000
1776163163.239,263.239,0.17,11.42,0.16,15.0,0.15,15.0,0.14,15.0,0.13,15.0,0.53,15.0,0.57,15.0,0.58,15.0,0.59,15.0,0.6,15.0,0.47,15.0,0.43,15.0,0.42,15.0,0.41,15.0,0.4,15.0,0.83,11.42,0.84,15.0,0.85,15.0,0.86,15.0,0.87,15.0,0.36,0.36,44.817947,1776163162000
1776163164.138,264.138,0.17,11.42,0.16,15.0,0.15,15.0,0.14,15.0,0.13,15.0,0.53,15.0,0.57,15.0,0.58,15.0,0.59,15.0,0.6,15.0,0.47,15.0,0.43,15.0,0.42,15.0,0.41,15.0,0.4,15.0,0.83,11.42,0.84,15.0,0.85,15.0,0.86,15.0,0.87,15.0,0.36,0.36,44.819887,1776163163000
1776163165.225,265.225,0.17,11.42,0.16,15.0,0.15,15.0,0.14,15.0,0.13,15.0,0.53,15.0,0.57,15.0,0.58,15.0,0.59,15.0,0.6,15.0,0.47,15.0,0.43,15.0,0.42,15.0,0.41,15.0,0.4,15.0,0.83,11.42,0.84,15.0,0.85,15.0,0.86,15.0,0.87,15.0,0.36,0.36,44.820001,1776163164000
1776163166.323,266.323,0.17,11.42,0.16,15.0,0.15,15.0,0.14,15.0,0.13,15.0,0.53,15.0,0.57,15.0,0.58,15.0,0.59,15.0,0.6,15.0,0.47,15.0,0.43,15.0,0.42,15.0,0.41,15.0,0.4,15.0,0.83,11.42,0.84,15.0,0.85,15.0,0.86,15.0,0.87,15.0,0.36,0.36,44.820001,1776163165000
1776163166.877,266.877,0.17,11.42,0.16,15.0,0.15,15.0,0.14,15.0,0.13,15.0,0.53,15.0,0.57,15.0,0.58,15.0,0.59,15.0,0.6,15.0,0.47,15.0,0.43,15.0,0.42,15.0,0.41,15.0,0.4,15.0,0.83,11.42,0.84,15.0,0.85,15.0,0.86,15.0,0.87,15.0,0.36,0.36,44.819371,1776163166000
1776163168.024,268.024,0.17,11.42,0.16,15.0,0.15,15.0,0.14,15.0,0.13,15.0,0.53,15.0,0.57,15.0,0.58,15.0,0.59,15.0,0.6,15.0,0.47,15.0,0.43,15.0,0.42,15.0,0.41,15.0,0.4,15.0,0.83,11.42,0.84,15.0,0.85,15.0,0.86,15.0,0.87,15.0,0.36,0.36,44.819371,1776163167000
1776163169.071,269.071,0.17,11.42,0.16,15.0,0.15,15.0,0.14,15.0,0.13,15.0,0.53,15.0,0.57,15.0,0.58,15.0,0.59,15.0,0.6,15.0,0.47,15.0,0.43,15.0,0.42,15.0,0.41,15.0,0.4,15.0,0.83,11.42,0.84,15.0,0.85,15.0,0.86,15.0,0.87,15.0,0.36,0.36,44.820579,1776163168000
1776163170.109,270.109,0.17,11.42,0.16,15.0,0.15,15.0,0.14,15.0,0.13,15.0,0.53,15.0,0.57,15.0,0.58,15.0,0.59,15.0,0.6,15.0,0.47,15.0,0.43,15.0,0.42,15.0,0.41,15.0,0.4,15.0,0.83,11.42,0.84,15.0,0.85,15.0,0.86,15.0,0.87,15.0,0.36,0.36,44.820579,1776163169000
1776163170.328,270.328,0.24,14.85,0.23,15.0,0.22,15.0,0.21,25.0,0.2,15.0,0.37,15.0,0.38,37.81,0.39,15.0,0.4,15.0,0.41,15.0,0.47,15.0,0.43,15.0,0.42,15.0,0.41,15.0,0.4,15.0,0.83,11.42,0.84,15.0,0.85,15.0,0.86,15.0,0.87,15.0,0.13,0.36,44.820579,1776163169000
1776163171.15,271.15,0.24,4.75,0.23,15.0,0.22,15.0,0.21,25.0,0.2,15.0,0.37,15.0,0.38,37.81,0.39,15.0,0.4,15.0,0.41,15.0,0.63,15.0,0.62,37.81,0.61,15.0,0.6,15.0,0.59,15.0,0.76,4.75,0.77,15.0,0.78,15.0,0.79,25.0,0.8,15.0,0.13,0.13,44.8209,1776163170000
1776163172.199,272.199,0.24,4.75,0.23,15.0,0.22,15.0,0.21,25.0,0.2,15.0,0.37,15.0,0.38,37.81,0.39,15.0,0.4,15.0,0.41,15.0,0.63,15.0,0.62,37.81,0.61,15.0,0.6,15.0,0.59,15.0,0.76,4.75,0.77,15.0,0.78,15.0,0.79,25.0,0.8,15.0,0.13,0.13,44.825573,1776163171000
1776163173.339,273.339,0.24,4.75,0.23,15.0,0.22,15.0,0.21,25.0,0.2,15.0,0.37,15.0,0.38,37.81,0.39,15.0,0.4,15.0,0.41,15.0,0.63,15.0,0.62,37.81,0.61,15.0,0.6,15.0,0.59,15.0,0.76,4.75,0.77,15.0,0.78,15.0,0.79,25.0,0.8,15.0,0.13,0.13,44.82554,1776163172000
1776163173.91,273.91,0.24,4.75,0.23,15.0,0.22,15.0,0.21,25.0,0.2,15.0,0.37,15.0,0.38,37.81,0.39,15.0,0.4,15.0,0.41,15.0,0.63,15.0,0.62,37.81,0.61,15.0,0.6,15.0,0.59,15.0,0.76,4.75,0.77,15.0,0.78,15.0,0.79,25.0,0.8,15.0,0.13,0.13,44.826173,1776163173000
1776163174.907,274.907,0.24,4.75,0.23,15.0,0.22,15.0,0.21,25.0,0.2,15.0,0.37,15.0,0.38,37.81,0.39,15.0,0.4,15.0,0.41,15.0,0.63,15.0,0.62,37.81,0.61,15.0,0.6,15.0,0.59,15.0,0.76,4.75,0.77,15.0,0.78,15.0,0.79,25.0,0.8,15.0,0.13,0.13,44.82845,1776163174000
1776163175.658,275.658,0.47,10.0,0.16,31.0,0.05,22.0,0.02,105.0,0.01,1371.09,0.64,10.35,0.76,20.0,0.9,100.0,0.98,5.0,0.99,1376.09,0.63,15.0,0.62,37.81,0.61,15.0,0.6,15.0,0.59,15.0,0.76,4.75,0.77,15.0,0.78,15.0,0.79,25.0,0.8,15.0,0.17,0.13,44.82845,1776163174000
1776163175.989,275.989,0.47,10.0,0.16,31.0,0.05,22.0,0.02,105.0,0.01,1371.09,0.64,10.35,0.76,20.0,0.9,100.0,0.98,5.0,0.99,1376.09,0.36,10.35,0.24,20.0,0.1,100.0,0.02,5.0,0.01,1376.09,0.53,10.0,0.84,31.0,0.95,22.0,0.98,105.0,0.99,1371.09,0.17,0.17,44.831239,1776163175000
1776163176.943,276.943,0.47,10.0,0.16,31.0,0.05,22.0,0.02,105.0,0.01,1371.09,0.64,10.35,0.76,20.0,0.9,100.0,0.98,5.0,0.99,1376.09,0.36,10.35,0.24,20.0,0.1,100.0,0.02,5.0,0.01,1376.09,0.53,10.0,0.84,31.0,0.95,22.0,0.98,105.0,0.99,1371.09,0.17,0.17,44.838492,1776163176000
1776163177.897,277.897,0.47,10.0,0.16,31.0,0.05,22.0,0.02,105.0,0.01,1371.09,0.64,10.35,0.76,20.0,0.9,100.0,0.98,5.0,0.99,1376.09,0.36,10.35,0.24,20.0,0.1,100.0,0.02,5.0,0.01,1376.09,0.53,10.0,0.84,31.0,0.95,22.0,0.98,105.0,0.99,1371.09,0.17,0.17,44.838638,1776163177000
1776163178.883,278.883,0.47,10.0,0.16,31.0,0.05,22.0,0.02,105.0,0.01,1371.09,0.64,10.35,0.76,20.0,0.9,100.0,0.98,5.0,0.99,1376.09,0.36,10.35,0.24,20.0,0.1,100.0,0.02,5.0,0.01,1376.09,0.53,10.0,0.84,31.0,0.95,22.0,0.98,105.0,0.99,1371.09,0.17,0.17,44.842023,1776163178000
1776163179.829,279.829,0.47,10.0,0.16,31.0,0.05,22.0,0.02,105.0,0.01,1371.09,0.64,10.35,0.76,20.0,0.9,100.0,0.98,5.0,0.99,1376.09,0.36,10.35,0.24,20.0,0.1,100.0,0.02,5.0,0.01,1376.09,0.53,10.0,0.84,31.0,0.95,22.0,0.98,105.0,0.99,1371.09,0.17,0.17,44.841825,1776163179000
1776163181.354,281.354,0.47,10.0,0.16,31.0,0.05,22.0,0.02,105.0,0.01,1371.09,0.64,10.35,0.76,20.0,0.9,100.0,0.98,5.0,0.99,1376.09,0.36,10.35,0.24,20.0,0.1,100.0,0.02,5.0,0.01,1376.09,0.53,10.0,0.84,31.0,0.95,22.0,0.98,105.0,0.99,1371.09,0.17,0.17,44.845025,1776163180000
1776163182.283,282.283,0.47,10.0,0.16,31.0,0.05,22.0,0.02,105.0,0.01,1371.09,0.64,10.35,0.76,20.0,0.9,100.0,0.98,5.0,0.99,1376.09,0.36,10.35,0.24,20.0,0.1,100.0,0.02,5.0,0.01,1376.09,0.53,10.0,0.84,31.0,0.95,22.0,0.98,105.0,0.99,1371.09,0.17,0.17,44.845346,1776163181000
1776163183.231,283.231,0.47,10.0,0.16,31.0,0.05,22.0,0.02,105.0,0.01,1371.09,0.64,10.35,0.76,20.0,0.9,100.0,0.98,5.0,0.99,1376.09,0.36,10.35,0.24,20.0,0.1,100.0,0.02,5.0,0.01,1376.09,0.53,10.0,0.84,31.0,0.95,22.0,0.98,105.0,0.99,1371.09,0.17,0.17,44.844375,1776163182000
1776163184.213,284.213,0.47,10.0,0.16,31.0,0.05,22.0,0.02,105.0,0.01,1371.09,0.64,10.35,0.76,20.0,0.9,100.0,0.98,5.0,0.99,1376.09,0.36,10.35,0.24,20.0,0.1,100.0,0.02,5.0,0.01,1376.09,0.53,10.0,0.84,31.0,0.95,22.0,0.98,105.0,0.99,1371.09,0.17,0.17,44.84599,1776163183000
1776163185.246,285.246,0.47,10.0,0.16,31.0,0.05,22.0,0.02,105.0,0.01,1371.09,0.64,10.35,0.76,20.0,0.9,100.0,0.98,5.0,0.99,1376.09,0.36,10.35,0.24,20.0,0.1,100.0,0.02,5.0,0.01,1376.09,0.53,10.0,0.84,31.0,0.95,22.0,0.98,105.0,0.99,1371.09,0.17,0.17,44.846468,1776163184000
1776163185.482,285.482,0.48,10.0,0.1,100.0,0.02,5.0,0.01,1871.09,,,0.65,2.32,0.83,29.0,0.98,105.0,0.99,1376.09,,,0.36,10.35,0.24,20.0,0.1,100.0,0.02,5.0,0.01,1376.09,0.53,10.0,0.84,31.0,0.95,22.0,0.98,105.0,0.99,1371.09,0.17,0.17,44.846468,1776163184000
1776163186.154,286.154,0.48,10.0,0.1,100.0,0.02,5.0,0.01,1871.09,,,0.65,2.32,0.83,29.0,0.98,105.0,0.99,1376.09,,,0.35,2.32,0.17,29.0,0.02,105.0,0.01,1376.09,,,0.52,10.0,0.9,100.0,0.98,5.0,0.99,1871.09,,,0.17,0.17,44.846566,1776163185000
1776163187.113,287.113,0.55,5.0,0.49,10.0,0.1,100.0,0.02,5.0,0.01,1871.09,0.66,5.5,0.83,29.0,0.98,105.0,0.99,1376.09,,,0.35,2.32,0.17,29.0,0.02,105.0,0.01,1376.09,,,0.52,10.0,0.9,100.0,0.98,5.0,0.99,1871.09,,,0.11,0.17,44.846566,1776163185000
1776163187.924,287.924,0.5,4.06,0.1,100.0,0.02,5.0,0.01,1871.09,,,0.67,10.0,0.83,29.0,0.98,105.0,0.99,1376.09,,,0.34,5.5,0.17,29.0,0.02,105.0,0.01,1376.09,,,0.45,5.0,0.51,10.0,0.9,100.0,0.98,5.0,0.99,1871.09,0.17,0.11,44.846572,1776163186000
1776163188.145,288.145,0.5,4.06,0.1,100.0,0.02,5.0,0.01,1871.09,,,0.67,10.0,0.83,29.0,0.98,105.0,0.99,1376.09,,,0.33,10.0,0.17,29.0,0.02,105.0,0.01,1376.09,,,0.5,4.06,0.9,100.0,0.98,5.0,0.99,1871.09,,,0.17,0.17,44.848825,1776163187000
1776163189.519,289.519,0.5,4.06,0.1,100.0,0.02,5.0,0.01,1871.09,,,0.67,10.0,0.83,29.0,0.98,105.0,0.99,1376.09,,,0.33,10.0,0.17,29.0,0.02,105.0,0.01,1376.09,,,0.5,4.06,0.9,100.0,0.98,5.0,0.99,1871.09,,,0.17,0.17,44.842609,1776163188000
1776163190.273,290.273,0.5,4.06,0.1,100.0,0.02,5.0,0.01,1871.09,,,0.67,10.0,0.83,29.0,0.98,105.0,0.99,1376.09,,,0.33,10.0,0.17,29.0,0.02,105.0,0.01,1376.09,,,0.5,4.06,0.9,100.0,0.98,5.0,0.99,1871.09,,,0.17,0.17,44.842609,1776163189000
1776163190.558,290.558,0.64,10.0,0.1,100.0,0.02,5.0,0.01,1371.09,,,0.81,8.75,0.97,166.0,0.98,105.0,0.99,1376.09,,,0.33,10.0,0.17,29.0,0.02,105.0,0.01,1376.09,,,0.5,4.06,0.9,100.0,0.98,5.0,0.99,1871.09,,,0.17,0.17,44.842609,1776163189000
1776163191.326,291.326,0.64,10.0,0.1,100.0,0.02,5.0,0.01,1371.09,,,0.81,8.75,0.97,166.0,0.98,105.0,0.99,1376.09,,,0.19,8.75,0.03,166.0,0.02,105.0,0.01,1376.09,,,0.36,10.0,0.9,100.0,0.98,5.0,0.99,1371.09,,,0.17,0.17,44.84229,1776163190000
1776163191.996,291.996,0.64,10.0,0.1,100.0,0.02,5.0,0.01,1371.09,,,0.81,8.75,0.97,166.0,0.98,105.0,0.99,1376.09,,,0.19,8.75,0.03,166.0,0.02,105.0,0.01,1376.09,,,0.36,10.0,0.9,100.0,0.98,5.0,0.99,1371.09,,,0.17,0.17,44.843536,1776163191000
1776163192.927,292.927,0.64,10.0,0.1,100.0,0.02,5.0,0.01,1371.09,,,0.81,8.75,0.97,166.0,0.98,105.0,0.99,1376.09,,,0.19,8.75,0.03,166.0,0.02,105.0,0.01,1376.09,,,0.36,10.0,0.9,100.0,0.98,5.0,0.99,1371.09,,,0.17,0.17,44.844595,1776163192000
1776163193.226,293.226,0.68,10.0,0.1,100.0,0.02,5.0,0.01,1371.09,,,0.85,8.8,0.98,105.0,0.99,1376.09,,,,,0.19,8.75,0.03,166.0,0.02,105.0,0.01,1376.09,,,0.36,10.0,0.9,100.0,0.98,5.0,0.99,1371.09,,,0.17,0.17,44.844595,1776163192000
1776163194.071,294.071,0.68,10.0,0.1,100.0,0.02,5.0,0.01,1371.09,,,0.85,8.8,0.98,105.0,0.99,1376.09,,,,,0.15,8.8,0.02,105.0,0.01,1376.09,,,,,0.32,10.0,0.9,100.0,0.98,5.0,0.99,1371.09,,,0.17,0.17,44.84435,1776163193000
1776163195.279,295.279,0.68,10.0,0.1,100.0,0.02,5.0,0.01,1371.09,,,0.85,8.8,0.98,105.0,0.99,1376.09,,,,,0.15,8.8,0.02,105.0,0.01,1376.09,,,,,0.32,10.0,0.9,100.0,0.98,5.0,0.99,1371.09,,,0.17,0.17,44.844307,1776163194000
1776163195.627,295.627,0.71,10.0,0.15,100.0,0.02,5.0,0.01,1371.09,,,0.98,2.86,0.99,376.09,,,,,,,0.15,8.8,0.02,105.0,0.01,1376.09,,,,,0.32,10.0,0.9,100.0,0.98,5.0,0.99,1371.09,,,0.27,0.17,44.844307,1776163194000
1776163196.266,296.266,0.71,10.0,0.15,100.0,0.02,5.0,0.01,1371.09,,,0.98,2.86,0.99,376.09,,,,,,,0.02,2.86,0.01,376.09,,,,,,,0.29,10.0,0.85,100.0,0.98,5.0,0.99,1371.09,,,0.27,0.27,44.844619,1776163195000
1776163197.454,297.454,0.71,10.0,0.15,100.0,0.02,5.0,0.01,1371.09,,,0.98,2.86,0.99,376.09,,,,,,,0.02,2.86,0.01,376.09,,,,,,,0.29,10.0,0.85,100.0,0.98,5.0,0.99,1371.09,,,0.27,0.27,44.845242,1776163196000
1776163197.681,297.681,0.55,1.2,0.02,5.0,0.01,241.09,,,,,0.72,10.0,0.98,2.86,0.99,746.09,,,,,0.02,2.86,0.01,376.09,,,,,,,0.29,10.0,0.85,100.0,0.98,5.0,0.99,1371.09,,,0.17,0.27,44.845242,1776163196000
1776163197.912,297.912,0.85,25.33,0.53,10.0,0.21,10.0,0.11,11.0,0.05,12.0,0.99,721.95,,,,,,,,,0.01,721.95,,,,,,,,,0.98,5.0,0.99,259.09,,,,,,,0.14,0.97,44.845242,1776163196000
1776163198.155,298.155,0.85,25.33,0.53,10.0,0.21,10.0,0.11,11.0,0.05,12.0,0.99,721.95,,,,,,,,,0.01,721.95,,,,,,,,,0.15,25.33,0.47,10.0,0.79,10.0,0.89,11.0,0.95,12.0,0.14,0.14,44.845242,1776163197000
1776163198.357,298.357,0.72,20.86,0.61,6.0,0.51,7.0,0.41,8.0,0.31,9.0,0.99,183.38,,,,,,,,,0.01,210.77,,,,,,,,,0.28,20.86,0.39,6.0,0.49,7.0,0.59,8.0,0.69,9.0,0.27,0.27,44.845242,1776163197000
1776163199.267,299.267,0.91,10.0,0.79,5.0,0.77,15.0,0.72,20.86,0.61,6.0,0.99,175.68,,,,,,,,,0.01,183.38,,,,,,,,,0.28,20.86,0.39,6.0,0.49,7.0,0.59,8.0,0.69,9.0,0.08,0.27,44.845242,1776163197000
1776163199.721,299.721,0.91,10.0,0.79,5.0,0.77,15.0,0.72,20.86,0.61,6.0,0.99,169.68,,,,,,,,,0.01,175.68,,,,,,,,,0.09,10.0,0.21,5.0,0.23,15.0,0.28,20.86,0.39,6.0,0.08,0.08,44.845674,1776163198000
1776163199.922,299.922,0.91,10.0,0.79,5.0,0.77,20.0,0.72,20.86,0.61,6.0,0.99,160.68,,,,,,,,,0.01,169.68,,,,,,,,,0.09,10.0,0.21,5.0,0.23,15.0,0.28,20.86,0.39,6.0,0.08,0.08,44.845674,1776163198000
1776163200.173,300.173,0.91,10.0,0.79,5.0,0.77,20.0,0.72,20.86,0.65,10.0,0.99,149.66,,,,,,,,,0.01,155.68,,,,,,,,,0.09,10.0,0.21,5.0,0.23,20.0,0.28,20.86,0.35,10.0,0.08,0.08,44.842562,1776163199000
1776163201.124,301.124,0.99,39.34,0.91,10.0,0.79,5.0,0.77,20.0,0.72,20.86,,,,,,,,,,,,,,,,,,,,,0.01,39.34,0.09,10.0,0.21,5.0,0.23,20.0,0.28,20.86,,,44.842562,1776163200000
1776163202.362,302.362,0.99,39.34,0.91,10.0,0.79,5.0,0.77,20.0,0.72,20.86,,,,,,,,,,,,,,,,,,,,,0.01,39.34,0.09,10.0,0.21,5.0,0.23,20.0,0.28,20.86,,,44.842302,1776163201000

# RESULT,winner=Up,slug=hype-updown-5m-1776162900,ticks=313
