timestamp,elapsed_sec,up_bid_p1,up_bid_s1,up_bid_p2,up_bid_s2,up_ask_p1,up_ask_s1,up_ask_p2,up_ask_s2,down_bid_p1,down_bid_s1,down_bid_p2,down_bid_s2,down_ask_p1,down_ask_s1,down_ask_p2,down_ask_s2,up_spread,down_spread,hype_price,hype_oracle_ts
1776209711.539,11.539,0.41,10.0,0.35,5.0,0.58,10.0,0.59,5.0,0.42,10.0,0.41,5.0,0.59,10.0,0.65,5.0,0.17,0.17,43.436594,1776209710000
1776209711.825,11.825,0.41,10.0,0.35,5.0,0.58,10.0,0.59,5.0,0.42,10.0,0.41,5.0,0.59,10.0,0.65,5.0,0.17,0.17,43.436594,1776209710000
1776209712.847,12.847,0.41,10.0,0.35,5.0,0.58,10.0,0.59,5.0,0.42,10.0,0.41,5.0,0.59,10.0,0.65,5.0,0.17,0.17,43.434361,1776209712000
1776209713.909,13.909,0.41,10.0,0.35,5.0,0.58,10.0,0.59,5.0,0.42,10.0,0.41,5.0,0.59,10.0,0.65,5.0,0.17,0.17,43.434148,1776209713000
1776209715.227,15.227,0.41,10.0,0.35,5.0,0.58,10.0,0.59,5.0,0.42,10.0,0.41,5.0,0.59,10.0,0.65,5.0,0.17,0.17,43.433712,1776209714000
1776209716.696,16.696,0.41,10.0,0.35,5.0,0.58,10.0,0.59,5.0,0.42,10.0,0.41,5.0,0.59,10.0,0.65,5.0,0.17,0.17,43.433986,1776209715000
1776209717.216,17.216,0.41,10.0,0.35,5.0,0.58,10.0,0.59,5.0,0.42,10.0,0.41,5.0,0.59,10.0,0.65,5.0,0.17,0.17,43.433986,1776209716000
1776209718.34,18.34,0.41,10.0,0.35,5.0,0.58,10.0,0.59,5.0,0.42,10.0,0.41,5.0,0.59,10.0,0.65,5.0,0.17,0.17,43.434534,1776209717000
1776209718.906,18.906,0.41,10.0,0.35,5.0,0.58,10.0,0.59,5.0,0.42,10.0,0.41,5.0,0.59,10.0,0.65,5.0,0.17,0.17,43.438433,1776209718000
1776209719.999,19.999,0.41,10.0,0.35,5.0,0.58,10.0,0.59,5.0,0.42,10.0,0.41,5.0,0.59,10.0,0.65,5.0,0.17,0.17,43.43877,1776209719000
1776209721.144,21.144,0.41,10.0,0.35,5.0,0.58,10.0,0.59,5.0,0.42,10.0,0.41,5.0,0.59,10.0,0.65,5.0,0.17,0.17,43.429475,1776209720000
1776209722.28,22.28,0.41,10.0,0.35,5.0,0.58,10.0,0.59,5.0,0.42,10.0,0.41,5.0,0.59,10.0,0.65,5.0,0.17,0.17,43.425437,1776209721000
1776209723.422,23.422,0.41,10.0,0.35,5.0,0.58,10.0,0.59,5.0,0.42,10.0,0.41,5.0,0.59,10.0,0.65,5.0,0.17,0.17,43.432134,1776209722000
1776209723.941,23.941,0.41,10.0,0.35,5.0,0.58,10.0,0.59,5.0,0.42,10.0,0.41,5.0,0.59,10.0,0.65,5.0,0.17,0.17,43.433637,1776209723000
1776209725.059,25.059,0.41,10.0,0.35,5.0,0.58,10.0,0.59,5.0,0.42,10.0,0.41,5.0,0.59,10.0,0.65,5.0,0.17,0.17,43.434586,1776209724000
1776209726.036,26.036,0.41,10.0,0.35,5.0,0.58,10.0,0.59,5.0,0.42,10.0,0.41,5.0,0.59,10.0,0.65,5.0,0.17,0.17,43.436115,1776209725000
1776209727.315,27.315,0.41,10.0,0.35,5.0,0.58,10.0,0.59,5.0,0.42,10.0,0.41,5.0,0.59,10.0,0.65,5.0,0.17,0.17,43.438094,1776209726000
1776209728.206,28.206,0.41,10.0,0.35,5.0,0.58,10.0,0.59,5.0,0.42,10.0,0.41,5.0,0.59,10.0,0.65,5.0,0.17,0.17,43.43971,1776209727000
1776209729.258,29.258,0.41,10.0,0.35,5.0,0.58,10.0,0.59,5.0,0.42,10.0,0.41,5.0,0.59,10.0,0.65,5.0,0.17,0.17,43.440532,1776209728000
1776209731.693,31.693,0.41,10.0,0.35,5.0,0.58,10.0,0.59,5.0,0.42,10.0,0.41,5.0,0.59,10.0,0.65,5.0,0.17,0.17,43.441597,1776209730000
1776209732.756,32.756,0.41,10.0,0.35,5.0,0.58,10.0,0.59,5.0,0.42,10.0,0.41,5.0,0.59,10.0,0.65,5.0,0.17,0.17,43.440449,1776209731000
1776209733.58,33.58,0.41,10.0,0.35,5.0,0.58,10.0,0.59,5.0,0.42,10.0,0.41,5.0,0.59,10.0,0.65,5.0,0.17,0.17,43.441101,1776209732000
1776209734.747,34.747,0.41,10.0,0.35,5.0,0.58,10.0,0.59,5.0,0.42,10.0,0.41,5.0,0.59,10.0,0.65,5.0,0.17,0.17,43.439813,1776209733000
1776209735.776,35.776,0.41,10.0,0.35,5.0,0.58,10.0,0.59,5.0,0.42,10.0,0.41,5.0,0.59,10.0,0.65,5.0,0.17,0.17,43.44084,1776209734000
1776209736.588,36.588,0.41,10.0,0.35,5.0,0.58,10.0,0.59,5.0,0.42,10.0,0.41,5.0,0.59,10.0,0.65,5.0,0.17,0.17,43.441014,1776209735000
1776209737.843,37.843,0.41,10.0,0.35,5.0,0.58,10.0,0.59,5.0,0.42,10.0,0.41,5.0,0.59,10.0,0.65,5.0,0.17,0.17,43.441759,1776209736000
1776209738.86,38.86,0.41,10.0,0.35,5.0,0.58,10.0,0.59,5.0,0.42,10.0,0.41,5.0,0.59,10.0,0.65,5.0,0.17,0.17,43.4372,1776209737000
1776209739.873,39.873,0.41,10.0,0.35,5.0,0.58,10.0,0.59,5.0,0.42,10.0,0.41,5.0,0.59,10.0,0.65,5.0,0.17,0.17,43.435093,1776209738000
1776209740.741,40.741,0.41,10.0,0.35,5.0,0.58,10.0,0.59,5.0,0.42,10.0,0.41,5.0,0.59,10.0,0.65,5.0,0.17,0.17,43.434848,1776209739000
1776209741.883,41.883,0.41,10.0,0.35,5.0,0.58,10.0,0.59,5.0,0.42,10.0,0.41,5.0,0.59,10.0,0.65,5.0,0.17,0.17,43.434809,1776209740000
1776209742.775,42.775,0.41,10.0,0.35,5.0,0.58,10.0,0.59,5.0,0.42,10.0,0.41,5.0,0.59,10.0,0.65,5.0,0.17,0.17,43.434697,1776209741000
1776209743.597,43.597,0.41,10.0,0.35,5.0,0.58,10.0,0.59,5.0,0.42,10.0,0.41,5.0,0.59,10.0,0.65,5.0,0.17,0.17,43.430185,1776209742000
1776209744.216,44.216,0.41,10.0,0.35,5.0,0.58,10.0,0.59,5.0,0.42,10.0,0.41,5.0,0.59,10.0,0.65,5.0,0.17,0.17,43.429779,1776209743000
1776209745.594,45.594,0.41,10.0,0.35,5.0,0.58,10.0,0.59,5.0,0.42,10.0,0.41,5.0,0.59,10.0,0.65,5.0,0.17,0.17,43.424015,1776209744000
1776209746.369,46.369,0.41,10.0,0.35,5.0,0.58,10.0,0.59,5.0,0.42,10.0,0.41,5.0,0.59,10.0,0.65,5.0,0.17,0.17,43.422915,1776209745000
1776209747.065,47.065,0.41,10.0,0.35,5.0,0.58,10.0,0.59,5.0,0.42,10.0,0.41,5.0,0.59,10.0,0.65,5.0,0.17,0.17,43.420562,1776209746000
1776209748.427,48.427,0.41,10.0,0.35,5.0,0.58,10.0,0.59,5.0,0.42,10.0,0.41,5.0,0.59,10.0,0.65,5.0,0.17,0.17,43.417109,1776209747000
1776209749.084,49.084,0.41,10.0,0.35,5.0,0.58,10.0,0.59,5.0,0.42,10.0,0.41,5.0,0.59,10.0,0.65,5.0,0.17,0.17,43.415979,1776209748000
1776209750.686,50.686,0.41,10.0,0.35,5.0,0.58,10.0,0.59,5.0,0.42,10.0,0.41,5.0,0.59,10.0,0.65,5.0,0.17,0.17,43.414256,1776209749000
1776209751.459,51.459,0.41,10.0,0.35,5.0,0.58,10.0,0.59,5.0,0.42,10.0,0.41,5.0,0.59,10.0,0.65,5.0,0.17,0.17,43.41258,1776209750000
1776209752.166,52.166,0.41,10.0,0.35,5.0,0.58,10.0,0.59,5.0,0.42,10.0,0.41,5.0,0.59,10.0,0.65,5.0,0.17,0.17,43.413187,1776209751000
1776209753.36,53.36,0.41,10.0,0.35,5.0,0.58,10.0,0.59,5.0,0.42,10.0,0.41,5.0,0.59,10.0,0.65,5.0,0.17,0.17,43.416451,1776209752000
1776209753.978,53.978,0.41,10.0,0.35,5.0,0.58,10.0,0.59,5.0,0.42,10.0,0.41,5.0,0.59,10.0,0.65,5.0,0.17,0.17,43.41691,1776209753000
1776209755.628,55.628,0.41,10.0,0.35,5.0,0.58,10.0,0.59,5.0,0.42,10.0,0.41,5.0,0.59,10.0,0.65,5.0,0.17,0.17,43.41941,1776209754000
1776209756.428,56.428,0.41,10.0,0.35,5.0,0.58,10.0,0.59,5.0,0.42,10.0,0.41,5.0,0.59,10.0,0.65,5.0,0.17,0.17,43.418908,1776209755000
1776209757.143,57.143,0.41,10.0,0.35,5.0,0.58,10.0,0.59,5.0,0.42,10.0,0.41,5.0,0.59,10.0,0.65,5.0,0.17,0.17,43.418908,1776209756000
1776209758.449,58.449,0.41,10.0,0.35,5.0,0.58,10.0,0.59,5.0,0.42,10.0,0.41,5.0,0.59,10.0,0.65,5.0,0.17,0.17,43.419091,1776209757000
1776209759.183,59.183,0.41,10.0,0.35,5.0,0.58,10.0,0.59,5.0,0.42,10.0,0.41,5.0,0.59,10.0,0.65,5.0,0.17,0.17,43.418899,1776209758000
1776209760.45,60.45,0.41,10.0,0.35,5.0,0.58,10.0,0.59,5.0,0.42,10.0,0.41,5.0,0.59,10.0,0.65,5.0,0.17,0.17,43.417567,1776209759000
1776209761.088,61.088,0.41,10.0,0.35,5.0,0.58,10.0,0.59,5.0,0.42,10.0,0.41,5.0,0.59,10.0,0.65,5.0,0.17,0.17,43.415827,1776209760000
1776209762.342,62.342,0.41,10.0,0.35,5.0,0.58,10.0,0.59,5.0,0.42,10.0,0.41,5.0,0.59,10.0,0.65,5.0,0.17,0.17,43.416308,1776209761000
1776209763.234,63.234,0.41,10.0,0.35,5.0,0.58,10.0,0.59,5.0,0.42,10.0,0.41,5.0,0.59,10.0,0.65,5.0,0.17,0.17,43.416357,1776209762000
1776209764.493,64.493,0.41,10.0,0.35,5.0,0.58,10.0,0.59,5.0,0.42,10.0,0.41,5.0,0.59,10.0,0.65,5.0,0.17,0.17,43.417614,1776209763000
1776209765.108,65.108,0.41,10.0,0.35,5.0,0.58,10.0,0.59,5.0,0.42,10.0,0.41,5.0,0.59,10.0,0.65,5.0,0.17,0.17,43.410904,1776209764000
1776209766.398,66.398,0.41,10.0,0.35,5.0,0.58,10.0,0.59,5.0,0.42,10.0,0.41,5.0,0.59,10.0,0.65,5.0,0.17,0.17,43.410904,1776209765000
1776209766.967,66.967,0.41,10.0,0.35,5.0,0.58,10.0,0.59,5.0,0.42,10.0,0.41,5.0,0.59,10.0,0.65,5.0,0.17,0.17,43.410392,1776209766000
1776209768.188,68.188,0.41,10.0,0.35,5.0,0.58,10.0,0.59,5.0,0.42,10.0,0.41,5.0,0.59,10.0,0.65,5.0,0.17,0.17,43.409769,1776209767000
1776209769.566,69.566,0.41,10.0,0.35,5.0,0.58,10.0,0.59,5.0,0.42,10.0,0.41,5.0,0.59,10.0,0.65,5.0,0.17,0.17,43.40975,1776209768000
1776209770.734,70.734,0.41,10.0,0.35,5.0,0.58,10.0,0.59,5.0,0.42,10.0,0.41,5.0,0.59,10.0,0.65,5.0,0.17,0.17,43.409262,1776209769000
1776209771.28,71.28,0.41,10.0,0.35,5.0,0.58,10.0,0.59,5.0,0.42,10.0,0.41,5.0,0.59,10.0,0.65,5.0,0.17,0.17,43.409262,1776209770000
1776209772.422,72.422,0.41,10.0,0.35,5.0,0.58,10.0,0.59,5.0,0.42,10.0,0.41,5.0,0.59,10.0,0.65,5.0,0.17,0.17,43.413428,1776209771000
1776209773.069,73.069,0.41,10.0,0.35,5.0,0.58,10.0,0.59,5.0,0.42,10.0,0.41,5.0,0.59,10.0,0.65,5.0,0.17,0.17,43.413428,1776209772000
1776209774.137,74.137,0.41,10.0,0.35,5.0,0.58,10.0,0.59,5.0,0.42,10.0,0.41,5.0,0.59,10.0,0.65,5.0,0.17,0.17,43.413422,1776209773000
1776209775.416,75.416,0.41,10.0,0.35,5.0,0.58,10.0,0.59,5.0,0.42,10.0,0.41,5.0,0.59,10.0,0.65,5.0,0.17,0.17,43.416411,1776209774000
1776209776.432,76.432,0.41,10.0,0.35,5.0,0.58,10.0,0.59,5.0,0.42,10.0,0.41,5.0,0.59,10.0,0.65,5.0,0.17,0.17,43.418704,1776209775000
1776209777.032,77.032,0.41,10.0,0.35,5.0,0.58,10.0,0.59,5.0,0.42,10.0,0.41,5.0,0.59,10.0,0.65,5.0,0.17,0.17,43.418704,1776209776000
1776209778.13,78.13,0.41,10.0,0.35,5.0,0.58,10.0,0.59,5.0,0.42,10.0,0.41,5.0,0.59,10.0,0.65,5.0,0.17,0.17,43.419648,1776209777000
1776209778.397,78.397,0.49,10.0,0.4,41.0,0.6,4.96,0.61,5.0,0.42,10.0,0.41,5.0,0.59,10.0,0.65,5.0,0.11,0.17,43.419648,1776209777000
1776209779.316,79.316,0.41,15.0,0.4,46.0,0.63,15.0,0.64,15.0,0.37,15.0,0.36,15.0,0.59,15.0,0.6,46.0,0.22,0.22,43.420703,1776209778000
1776209780.369,80.369,0.41,15.0,0.4,46.0,0.63,15.0,0.64,15.0,0.37,15.0,0.36,15.0,0.59,15.0,0.6,46.0,0.22,0.22,43.424798,1776209779000
1776209780.932,80.932,0.41,15.0,0.4,46.0,0.63,15.0,0.64,15.0,0.37,15.0,0.36,15.0,0.59,15.0,0.6,46.0,0.22,0.22,43.426947,1776209780000
1776209782.013,82.013,0.41,15.0,0.4,46.0,0.63,15.0,0.64,15.0,0.37,15.0,0.36,15.0,0.59,15.0,0.6,46.0,0.22,0.22,43.435856,1776209781000
1776209783.169,83.169,0.41,15.0,0.4,46.0,0.63,15.0,0.64,15.0,0.37,15.0,0.36,15.0,0.59,15.0,0.6,46.0,0.22,0.22,43.43812,1776209782000
1776209784.157,84.157,0.41,15.0,0.4,46.0,0.63,15.0,0.64,15.0,0.37,15.0,0.36,15.0,0.59,15.0,0.6,46.0,0.22,0.22,43.438846,1776209783000
1776209785.365,85.365,0.41,15.0,0.4,46.0,0.63,15.0,0.64,15.0,0.37,15.0,0.36,15.0,0.59,15.0,0.6,46.0,0.22,0.22,43.43818,1776209784000
1776209786.45,86.45,0.41,15.0,0.4,46.0,0.63,15.0,0.64,15.0,0.37,15.0,0.36,15.0,0.59,15.0,0.6,46.0,0.22,0.22,43.43886,1776209785000
1776209787.08,87.08,0.41,15.0,0.4,46.0,0.63,15.0,0.64,15.0,0.37,15.0,0.36,15.0,0.59,15.0,0.6,46.0,0.22,0.22,43.442361,1776209786000
1776209788.207,88.207,0.41,15.0,0.4,46.0,0.63,15.0,0.64,15.0,0.37,15.0,0.36,15.0,0.59,15.0,0.6,46.0,0.22,0.22,43.445567,1776209787000
1776209789.283,89.283,0.41,15.0,0.4,46.0,0.63,15.0,0.64,15.0,0.37,15.0,0.36,15.0,0.59,15.0,0.6,46.0,0.22,0.22,43.442297,1776209788000
1776209789.881,89.881,0.41,15.0,0.4,46.0,0.63,15.0,0.64,15.0,0.37,15.0,0.36,15.0,0.59,15.0,0.6,46.0,0.22,0.22,43.442297,1776209789000
1776209791.0,91.0,0.41,15.0,0.4,46.0,0.63,15.0,0.64,15.0,0.37,15.0,0.36,15.0,0.59,15.0,0.6,46.0,0.22,0.22,43.445386,1776209790000
1776209792.114,92.114,0.41,15.0,0.4,46.0,0.63,15.0,0.64,15.0,0.37,15.0,0.36,15.0,0.59,15.0,0.6,46.0,0.22,0.22,43.449393,1776209791000
1776209793.426,93.426,0.41,15.0,0.4,46.0,0.63,15.0,0.64,15.0,0.37,15.0,0.36,15.0,0.59,15.0,0.6,46.0,0.22,0.22,43.449254,1776209792000
1776209794.004,94.004,0.41,15.0,0.4,46.0,0.63,15.0,0.64,15.0,0.37,15.0,0.36,15.0,0.59,15.0,0.6,46.0,0.22,0.22,43.448987,1776209793000
1776209795.023,95.023,0.41,15.0,0.4,46.0,0.63,15.0,0.64,15.0,0.37,15.0,0.36,15.0,0.59,15.0,0.6,46.0,0.22,0.22,43.449305,1776209794000
1776209796.219,96.219,0.41,15.0,0.4,46.0,0.63,15.0,0.64,15.0,0.37,15.0,0.36,15.0,0.59,15.0,0.6,46.0,0.22,0.22,43.443404,1776209795000
1776209797.437,97.437,0.41,15.0,0.4,46.0,0.63,15.0,0.64,15.0,0.37,15.0,0.36,15.0,0.59,15.0,0.6,46.0,0.22,0.22,43.443457,1776209796000
1776209797.999,97.999,0.41,15.0,0.4,46.0,0.63,15.0,0.64,15.0,0.37,15.0,0.36,15.0,0.59,15.0,0.6,46.0,0.22,0.22,43.443447,1776209797000
1776209799.089,99.089,0.41,15.0,0.4,46.0,0.63,15.0,0.64,15.0,0.37,15.0,0.36,15.0,0.59,15.0,0.6,46.0,0.22,0.22,43.443469,1776209798000
1776209800.184,100.184,0.41,15.0,0.4,46.0,0.63,15.0,0.64,15.0,0.37,15.0,0.36,15.0,0.59,15.0,0.6,46.0,0.22,0.22,43.444635,1776209799000
1776209801.165,101.165,0.41,15.0,0.4,46.0,0.63,15.0,0.64,15.0,0.37,15.0,0.36,15.0,0.59,15.0,0.6,46.0,0.22,0.22,43.444448,1776209800000
1776209802.15,102.15,0.41,15.0,0.4,46.0,0.63,15.0,0.64,15.0,0.37,15.0,0.36,15.0,0.59,15.0,0.6,46.0,0.22,0.22,43.444592,1776209801000
1776209803.17,103.17,0.41,15.0,0.4,46.0,0.63,15.0,0.64,15.0,0.37,15.0,0.36,15.0,0.59,15.0,0.6,46.0,0.22,0.22,43.445818,1776209802000
1776209804.166,104.166,0.41,15.0,0.4,46.0,0.63,15.0,0.64,15.0,0.37,15.0,0.36,15.0,0.59,15.0,0.6,46.0,0.22,0.22,43.449406,1776209803000
1776209805.222,105.222,0.41,15.0,0.4,46.0,0.63,15.0,0.64,15.0,0.37,15.0,0.36,15.0,0.59,15.0,0.6,46.0,0.22,0.22,43.449173,1776209804000
1776209806.183,106.183,0.41,15.0,0.4,46.0,0.63,15.0,0.64,15.0,0.37,15.0,0.36,15.0,0.59,15.0,0.6,46.0,0.22,0.22,43.448921,1776209805000
1776209807.163,107.163,0.41,15.0,0.4,46.0,0.63,15.0,0.64,15.0,0.37,15.0,0.36,15.0,0.59,15.0,0.6,46.0,0.22,0.22,43.449327,1776209806000
1776209808.207,108.207,0.41,15.0,0.4,46.0,0.63,15.0,0.64,15.0,0.37,15.0,0.36,15.0,0.59,15.0,0.6,46.0,0.22,0.22,43.450269,1776209807000
1776209809.154,109.154,0.41,15.0,0.4,46.0,0.63,15.0,0.64,15.0,0.37,15.0,0.36,15.0,0.59,15.0,0.6,46.0,0.22,0.22,43.449715,1776209808000
1776209810.134,110.134,0.41,15.0,0.4,46.0,0.63,15.0,0.64,15.0,0.37,15.0,0.36,15.0,0.59,15.0,0.6,46.0,0.22,0.22,43.448607,1776209809000
1776209811.184,111.184,0.41,15.0,0.4,46.0,0.63,15.0,0.64,15.0,0.37,15.0,0.36,15.0,0.59,15.0,0.6,46.0,0.22,0.22,43.448341,1776209810000
1776209812.133,112.133,0.41,15.0,0.4,46.0,0.63,15.0,0.64,15.0,0.37,15.0,0.36,15.0,0.59,15.0,0.6,46.0,0.22,0.22,43.444935,1776209811000
1776209813.206,113.206,0.41,15.0,0.4,46.0,0.63,15.0,0.64,15.0,0.37,15.0,0.36,15.0,0.59,15.0,0.6,46.0,0.22,0.22,43.43689,1776209812000
1776209814.28,114.28,0.41,15.0,0.4,46.0,0.63,15.0,0.64,15.0,0.37,15.0,0.36,15.0,0.59,15.0,0.6,46.0,0.22,0.22,43.434747,1776209813000
1776209815.2,115.2,0.46,10.37,0.45,15.0,0.61,25.0,0.62,15.0,0.37,15.0,0.36,15.0,0.59,15.0,0.6,46.0,0.15,0.22,43.434747,1776209813000
1776209815.918,115.918,0.46,10.37,0.45,15.0,0.61,25.0,0.62,15.0,0.39,25.0,0.38,15.0,0.54,10.37,0.55,15.0,0.15,0.15,43.435366,1776209815000
1776209817.077,117.077,0.46,10.37,0.45,15.0,0.61,25.0,0.62,15.0,0.39,25.0,0.38,15.0,0.54,10.37,0.55,15.0,0.15,0.15,43.436534,1776209816000
1776209818.36,118.36,0.46,10.37,0.45,15.0,0.61,25.0,0.62,15.0,0.39,25.0,0.38,15.0,0.54,10.37,0.55,15.0,0.15,0.15,43.437209,1776209817000
1776209819.303,119.303,0.46,10.37,0.45,15.0,0.61,25.0,0.62,15.0,0.39,25.0,0.38,15.0,0.54,10.37,0.55,15.0,0.15,0.15,43.43882,1776209818000
1776209820.403,120.403,0.46,10.37,0.45,15.0,0.61,25.0,0.62,15.0,0.39,25.0,0.38,15.0,0.54,10.37,0.55,15.0,0.15,0.15,43.439758,1776209819000
1776209820.939,120.939,0.46,10.37,0.45,15.0,0.61,25.0,0.62,15.0,0.39,25.0,0.38,15.0,0.54,10.37,0.55,15.0,0.15,0.15,43.439418,1776209820000
1776209822.133,122.133,0.46,10.37,0.45,15.0,0.61,25.0,0.62,15.0,0.39,25.0,0.38,15.0,0.54,10.37,0.55,15.0,0.15,0.15,43.439683,1776209821000
1776209823.039,123.039,0.46,10.37,0.45,15.0,0.61,25.0,0.62,15.0,0.39,25.0,0.38,15.0,0.54,10.37,0.55,15.0,0.15,0.15,43.444621,1776209822000
1776209824.299,124.299,0.46,10.37,0.45,15.0,0.61,25.0,0.62,15.0,0.39,25.0,0.38,15.0,0.54,10.37,0.55,15.0,0.15,0.15,43.445982,1776209823000
1776209825.239,125.239,0.46,10.37,0.45,15.0,0.61,25.0,0.62,15.0,0.39,25.0,0.38,15.0,0.54,10.37,0.55,15.0,0.15,0.15,43.444832,1776209824000
1776209826.344,126.344,0.46,10.37,0.45,15.0,0.61,25.0,0.62,15.0,0.39,25.0,0.38,15.0,0.54,10.37,0.55,15.0,0.15,0.15,43.443052,1776209825000
1776209827.404,127.404,0.46,10.37,0.45,15.0,0.61,25.0,0.62,15.0,0.39,25.0,0.38,15.0,0.54,10.37,0.55,15.0,0.15,0.15,43.442933,1776209826000
1776209828.325,128.325,0.46,10.37,0.45,15.0,0.61,25.0,0.62,15.0,0.39,25.0,0.38,15.0,0.54,10.37,0.55,15.0,0.15,0.15,43.442631,1776209827000
1776209829.014,129.014,0.46,10.37,0.45,15.0,0.61,25.0,0.62,15.0,0.39,25.0,0.38,15.0,0.54,10.37,0.55,15.0,0.15,0.15,43.442603,1776209828000
1776209830.766,130.766,0.46,10.37,0.45,15.0,0.61,25.0,0.62,15.0,0.39,25.0,0.38,15.0,0.54,10.37,0.55,15.0,0.15,0.15,43.442818,1776209829000
1776209831.297,131.297,0.46,10.37,0.45,15.0,0.61,25.0,0.62,15.0,0.39,25.0,0.38,15.0,0.54,10.37,0.55,15.0,0.15,0.15,43.441591,1776209830000
1776209832.246,132.246,0.46,10.37,0.45,15.0,0.61,25.0,0.62,15.0,0.39,25.0,0.38,15.0,0.54,10.37,0.55,15.0,0.15,0.15,43.441352,1776209831000
1776209833.821,133.821,0.46,10.37,0.45,15.0,0.61,25.0,0.62,15.0,0.39,25.0,0.38,15.0,0.54,10.37,0.55,15.0,0.15,0.15,43.441287,1776209832000
1776209834.586,134.586,0.46,10.37,0.45,15.0,0.61,25.0,0.62,15.0,0.39,25.0,0.38,15.0,0.54,10.37,0.55,15.0,0.15,0.15,43.440155,1776209833000
1776209835.241,135.241,0.46,10.37,0.45,15.0,0.61,25.0,0.62,15.0,0.39,25.0,0.38,15.0,0.54,10.37,0.55,15.0,0.15,0.15,43.440215,1776209834000
1776209835.468,135.468,0.52,15.0,0.51,15.0,0.75,15.0,0.76,15.0,0.39,25.0,0.38,15.0,0.54,10.37,0.55,15.0,0.23,0.15,43.440215,1776209834000
1776209837.021,137.021,0.52,15.0,0.51,15.0,0.75,15.0,0.76,15.0,0.25,15.0,0.24,15.0,0.48,15.0,0.49,15.0,0.23,0.23,43.449481,1776209835000
1776209837.828,137.828,0.52,15.0,0.51,15.0,0.75,15.0,0.76,15.0,0.25,15.0,0.24,15.0,0.48,15.0,0.49,15.0,0.23,0.23,43.451874,1776209836000
1776209838.734,138.734,0.52,15.0,0.51,15.0,0.75,15.0,0.76,15.0,0.25,15.0,0.24,15.0,0.48,15.0,0.49,15.0,0.23,0.23,43.453726,1776209837000
1776209839.472,139.472,0.52,15.0,0.51,15.0,0.75,15.0,0.76,15.0,0.25,15.0,0.24,15.0,0.48,15.0,0.49,15.0,0.23,0.23,43.454022,1776209838000
1776209840.291,140.291,0.52,15.0,0.51,15.0,0.75,15.0,0.76,15.0,0.25,15.0,0.24,15.0,0.48,15.0,0.49,15.0,0.23,0.23,43.45407,1776209839000
1776209841.148,141.148,0.52,15.0,0.51,15.0,0.75,15.0,0.76,15.0,0.25,15.0,0.24,15.0,0.48,15.0,0.49,15.0,0.23,0.23,43.454193,1776209840000
1776209842.859,142.859,0.52,15.0,0.51,15.0,0.75,15.0,0.76,15.0,0.25,15.0,0.24,15.0,0.48,15.0,0.49,15.0,0.23,0.23,43.455295,1776209841000
1776209843.693,143.693,0.52,15.0,0.51,15.0,0.75,15.0,0.76,15.0,0.25,15.0,0.24,15.0,0.48,15.0,0.49,15.0,0.23,0.23,43.455991,1776209842000
1776209844.496,144.496,0.52,15.0,0.51,15.0,0.75,15.0,0.76,15.0,0.25,15.0,0.24,15.0,0.48,15.0,0.49,15.0,0.23,0.23,43.455919,1776209843000
1776209845.367,145.367,0.52,15.0,0.51,15.0,0.75,15.0,0.76,15.0,0.25,15.0,0.24,15.0,0.48,15.0,0.49,15.0,0.23,0.23,43.455919,1776209844000
1776209846.237,146.237,0.52,15.0,0.51,15.0,0.75,15.0,0.76,15.0,0.25,15.0,0.24,15.0,0.48,15.0,0.49,15.0,0.23,0.23,43.455919,1776209845000
1776209848.451,148.451,0.52,15.0,0.51,15.0,0.75,15.0,0.76,15.0,0.25,15.0,0.24,15.0,0.48,15.0,0.49,15.0,0.23,0.23,43.456284,1776209847000
1776209848.966,148.966,0.52,15.0,0.51,15.0,0.75,15.0,0.76,15.0,0.25,15.0,0.24,15.0,0.48,15.0,0.49,15.0,0.23,0.23,43.456442,1776209848000
1776209850.082,150.082,0.52,15.0,0.51,15.0,0.75,15.0,0.76,15.0,0.25,15.0,0.24,15.0,0.48,15.0,0.49,15.0,0.23,0.23,43.456087,1776209849000
1776209851.25,151.25,0.52,15.0,0.51,15.0,0.75,15.0,0.76,15.0,0.25,15.0,0.24,15.0,0.48,15.0,0.49,15.0,0.23,0.23,43.455234,1776209850000
1776209852.47,152.47,0.52,15.0,0.51,15.0,0.75,15.0,0.76,15.0,0.25,15.0,0.24,15.0,0.48,15.0,0.49,15.0,0.23,0.23,43.455234,1776209851000
1776209853.046,153.046,0.52,15.0,0.51,15.0,0.75,15.0,0.76,15.0,0.25,15.0,0.24,15.0,0.48,15.0,0.49,15.0,0.23,0.23,43.454856,1776209852000
1776209854.251,154.251,0.52,15.0,0.51,15.0,0.75,15.0,0.76,15.0,0.25,15.0,0.24,15.0,0.48,15.0,0.49,15.0,0.23,0.23,43.454942,1776209853000
1776209855.301,155.301,0.52,15.0,0.51,15.0,0.75,15.0,0.76,15.0,0.25,15.0,0.24,15.0,0.48,15.0,0.49,15.0,0.23,0.23,43.454674,1776209854000
1776209856.515,156.515,0.52,15.0,0.51,15.0,0.75,15.0,0.76,15.0,0.25,15.0,0.24,15.0,0.48,15.0,0.49,15.0,0.23,0.23,43.45633,1776209855000
1776209857.216,157.216,0.52,15.0,0.51,15.0,0.75,15.0,0.76,15.0,0.25,15.0,0.24,15.0,0.48,15.0,0.49,15.0,0.23,0.23,43.457305,1776209856000
1776209858.539,158.539,0.52,15.0,0.51,15.0,0.75,15.0,0.76,15.0,0.25,15.0,0.24,15.0,0.48,15.0,0.49,15.0,0.23,0.23,43.457392,1776209857000
1776209859.139,159.139,0.52,15.0,0.51,15.0,0.75,15.0,0.76,15.0,0.25,15.0,0.24,15.0,0.48,15.0,0.49,15.0,0.23,0.23,43.458879,1776209858000
1776209860.434,160.434,0.52,15.0,0.51,15.0,0.75,15.0,0.76,15.0,0.25,15.0,0.24,15.0,0.48,15.0,0.49,15.0,0.23,0.23,43.458879,1776209859000
1776209860.967,160.967,0.52,15.0,0.51,15.0,0.75,15.0,0.76,15.0,0.25,15.0,0.24,15.0,0.48,15.0,0.49,15.0,0.23,0.23,43.460489,1776209860000
1776209862.136,162.136,0.52,15.0,0.51,15.0,0.75,15.0,0.76,15.0,0.25,15.0,0.24,15.0,0.48,15.0,0.49,15.0,0.23,0.23,43.463005,1776209861000
1776209863.773,163.773,0.52,15.0,0.51,15.0,0.75,15.0,0.76,15.0,0.25,15.0,0.24,15.0,0.48,15.0,0.49,15.0,0.23,0.23,43.463021,1776209862000
1776209864.236,164.236,0.52,15.0,0.51,15.0,0.75,15.0,0.76,15.0,0.25,15.0,0.24,15.0,0.48,15.0,0.49,15.0,0.23,0.23,43.463021,1776209863000
1776209864.848,164.848,0.52,15.0,0.51,15.0,0.75,15.0,0.76,15.0,0.25,15.0,0.24,15.0,0.48,15.0,0.49,15.0,0.23,0.23,43.463021,1776209864000
1776209865.777,165.777,0.52,15.0,0.51,15.0,0.75,15.0,0.76,15.0,0.25,15.0,0.24,15.0,0.48,15.0,0.49,15.0,0.23,0.23,43.463021,1776209865000
1776209867.276,167.276,0.52,15.0,0.51,15.0,0.75,15.0,0.76,15.0,0.25,15.0,0.24,15.0,0.48,15.0,0.49,15.0,0.23,0.23,43.463508,1776209866000
1776209867.91,167.91,0.69,25.0,0.68,15.0,0.82,13.78,0.83,15.0,0.25,15.0,0.24,15.0,0.48,15.0,0.49,15.0,0.13,0.23,43.463508,1776209866000
1776209868.193,168.193,0.69,25.0,0.68,15.0,0.82,13.78,0.83,15.0,0.18,13.78,0.17,15.0,0.31,25.0,0.32,15.0,0.13,0.13,43.463593,1776209867000
1776209869.291,169.291,0.69,25.0,0.68,15.0,0.82,13.78,0.83,15.0,0.18,13.78,0.17,15.0,0.31,25.0,0.32,15.0,0.13,0.13,43.463564,1776209868000
1776209870.213,170.213,0.69,25.0,0.68,15.0,0.82,13.78,0.83,15.0,0.18,13.78,0.17,15.0,0.31,25.0,0.32,15.0,0.13,0.13,43.462663,1776209869000
1776209871.319,171.319,0.69,25.0,0.68,15.0,0.82,13.78,0.83,15.0,0.18,13.78,0.17,15.0,0.31,25.0,0.32,15.0,0.13,0.13,43.456782,1776209870000
1776209873.012,173.012,0.69,25.0,0.68,15.0,0.82,13.78,0.83,15.0,0.18,13.78,0.17,15.0,0.31,25.0,0.32,15.0,0.13,0.13,43.451239,1776209871000
1776209873.492,173.492,0.69,25.0,0.68,15.0,0.82,13.78,0.83,15.0,0.18,13.78,0.17,15.0,0.31,25.0,0.32,15.0,0.13,0.13,43.446977,1776209872000
1776209874.144,174.144,0.69,25.0,0.68,15.0,0.82,13.78,0.83,15.0,0.18,13.78,0.17,15.0,0.31,25.0,0.32,15.0,0.13,0.13,43.446555,1776209873000
1776209875.163,175.163,0.69,25.0,0.68,15.0,0.82,13.78,0.83,15.0,0.18,13.78,0.17,15.0,0.31,25.0,0.32,15.0,0.13,0.13,43.434963,1776209874000
1776209876.161,176.161,0.69,25.0,0.68,15.0,0.82,13.78,0.83,15.0,0.18,13.78,0.17,15.0,0.31,25.0,0.32,15.0,0.13,0.13,43.434561,1776209875000
1776209877.679,177.679,0.69,25.0,0.68,15.0,0.82,13.78,0.83,15.0,0.18,13.78,0.17,15.0,0.31,25.0,0.32,15.0,0.13,0.13,43.42617,1776209876000
1776209878.308,178.308,0.69,25.0,0.68,15.0,0.82,13.78,0.83,15.0,0.18,13.78,0.17,15.0,0.31,25.0,0.32,15.0,0.13,0.13,43.428714,1776209877000
1776209879.4,179.4,0.69,25.0,0.68,15.0,0.82,13.78,0.83,15.0,0.18,13.78,0.17,15.0,0.31,25.0,0.32,15.0,0.13,0.13,43.429237,1776209878000
1776209879.918,179.918,0.69,25.0,0.68,15.0,0.82,13.78,0.83,15.0,0.18,13.78,0.17,15.0,0.31,25.0,0.32,15.0,0.13,0.13,43.432785,1776209879000
1776209881.059,181.059,0.69,25.0,0.68,15.0,0.82,13.78,0.83,15.0,0.18,13.78,0.17,15.0,0.31,25.0,0.32,15.0,0.13,0.13,43.432476,1776209880000
1776209882.175,182.175,0.69,25.0,0.68,15.0,0.82,13.78,0.83,15.0,0.18,13.78,0.17,15.0,0.31,25.0,0.32,15.0,0.13,0.13,43.432824,1776209881000
1776209882.54,182.54,0.36,15.0,0.35,15.0,0.6,15.0,0.61,15.0,0.18,13.78,0.17,15.0,0.31,25.0,0.32,15.0,0.24,0.13,43.432824,1776209881000
1776209883.262,183.262,0.36,15.0,0.35,15.0,0.6,15.0,0.61,15.0,0.4,15.0,0.39,15.0,0.64,15.0,0.65,15.0,0.24,0.24,43.43244,1776209882000
1776209884.784,184.784,0.36,15.0,0.35,15.0,0.6,15.0,0.61,15.0,0.4,15.0,0.39,15.0,0.64,15.0,0.65,15.0,0.24,0.24,43.428846,1776209883000
1776209885.403,185.403,0.36,15.0,0.35,15.0,0.6,15.0,0.61,15.0,0.4,15.0,0.39,15.0,0.64,15.0,0.65,15.0,0.24,0.24,43.426378,1776209884000
1776209885.931,185.931,0.36,15.0,0.35,15.0,0.6,15.0,0.61,15.0,0.4,15.0,0.39,15.0,0.64,15.0,0.65,15.0,0.24,0.24,43.425167,1776209885000
1776209887.019,187.019,0.36,15.0,0.35,15.0,0.6,15.0,0.61,15.0,0.4,15.0,0.39,15.0,0.64,15.0,0.65,15.0,0.24,0.24,43.419173,1776209886000
1776209888.174,188.174,0.36,15.0,0.35,15.0,0.6,15.0,0.61,15.0,0.4,15.0,0.39,15.0,0.64,15.0,0.65,15.0,0.24,0.24,43.418838,1776209887000
1776209889.361,189.361,0.36,15.0,0.35,15.0,0.6,15.0,0.61,15.0,0.4,15.0,0.39,15.0,0.64,15.0,0.65,15.0,0.24,0.24,43.418274,1776209888000
1776209889.6,189.6,0.23,15.0,0.22,15.0,0.44,15.0,0.45,15.0,0.4,15.0,0.39,15.0,0.64,15.0,0.65,15.0,0.21,0.24,43.418274,1776209888000
1776209890.438,190.438,0.23,15.0,0.22,15.0,0.44,15.0,0.45,15.0,0.56,15.0,0.55,15.0,0.77,15.0,0.78,15.0,0.21,0.21,43.418133,1776209889000
1776209890.85,190.85,0.23,15.0,0.22,15.0,0.44,15.0,0.45,15.0,0.56,15.0,0.55,15.0,0.77,15.0,0.78,15.0,0.21,0.21,43.418133,1776209890000
1776209892.716,192.716,0.22,15.0,0.21,15.0,0.41,15.0,0.42,15.0,0.59,15.0,0.58,15.0,0.78,15.0,0.79,15.0,0.19,0.19,43.414045,1776209891000
1776209893.224,193.224,0.22,15.0,0.21,15.0,0.41,15.0,0.42,15.0,0.59,15.0,0.58,15.0,0.78,15.0,0.79,15.0,0.19,0.19,43.411905,1776209892000
1776209894.623,194.623,0.22,15.0,0.21,15.0,0.41,15.0,0.42,15.0,0.59,15.0,0.58,15.0,0.78,15.0,0.79,15.0,0.19,0.19,43.409929,1776209893000
1776209895.422,195.422,0.22,15.0,0.21,15.0,0.41,15.0,0.42,15.0,0.59,15.0,0.58,15.0,0.78,15.0,0.79,15.0,0.19,0.19,43.410067,1776209894000
1776209896.647,196.647,0.22,15.0,0.21,15.0,0.41,15.0,0.42,15.0,0.59,15.0,0.58,15.0,0.78,15.0,0.79,15.0,0.19,0.19,43.422793,1776209895000
1776209897.541,197.541,0.22,15.0,0.21,15.0,0.41,15.0,0.42,15.0,0.59,15.0,0.58,15.0,0.78,15.0,0.79,15.0,0.19,0.19,43.429244,1776209896000
1776209898.408,198.408,0.22,15.0,0.21,15.0,0.41,15.0,0.42,15.0,0.59,15.0,0.58,15.0,0.78,15.0,0.79,15.0,0.19,0.19,43.432086,1776209897000
1776209899.166,199.166,0.22,15.0,0.21,15.0,0.41,15.0,0.42,15.0,0.59,15.0,0.58,15.0,0.78,15.0,0.79,15.0,0.19,0.19,43.433711,1776209898000
1776209900.622,200.622,0.22,15.0,0.21,15.0,0.41,15.0,0.42,15.0,0.59,15.0,0.58,15.0,0.78,15.0,0.79,15.0,0.19,0.19,43.437486,1776209899000
1776209901.419,201.419,0.22,15.0,0.21,15.0,0.41,15.0,0.42,15.0,0.59,15.0,0.58,15.0,0.78,15.0,0.79,15.0,0.19,0.19,43.437401,1776209900000
1776209902.128,202.128,0.22,15.0,0.21,15.0,0.41,15.0,0.42,15.0,0.59,15.0,0.58,15.0,0.78,15.0,0.79,15.0,0.19,0.19,43.437401,1776209901000
1776209903.515,203.515,0.22,15.0,0.21,15.0,0.41,15.0,0.42,15.0,0.59,15.0,0.58,15.0,0.78,15.0,0.79,15.0,0.19,0.19,43.436947,1776209902000
1776209904.203,204.203,0.22,15.0,0.21,15.0,0.41,15.0,0.42,15.0,0.59,15.0,0.58,15.0,0.78,15.0,0.79,15.0,0.19,0.19,43.438004,1776209903000
1776209905.598,205.598,0.22,15.0,0.21,15.0,0.41,15.0,0.42,15.0,0.59,15.0,0.58,15.0,0.78,15.0,0.79,15.0,0.19,0.19,43.442263,1776209904000
1776209906.29,206.29,0.22,15.0,0.21,15.0,0.41,15.0,0.42,15.0,0.59,15.0,0.58,15.0,0.78,15.0,0.79,15.0,0.19,0.19,43.441767,1776209905000
1776209906.856,206.856,0.46,15.0,0.45,15.0,0.69,15.0,0.7,15.0,0.59,15.0,0.58,15.0,0.78,15.0,0.79,15.0,0.23,0.19,43.441767,1776209905000
1776209907.755,207.755,0.46,15.0,0.45,15.0,0.69,15.0,0.7,15.0,0.31,15.0,0.3,15.0,0.54,15.0,0.55,15.0,0.23,0.23,43.441602,1776209906000
1776209908.461,208.461,0.46,15.0,0.45,15.0,0.69,15.0,0.7,15.0,0.31,15.0,0.3,15.0,0.54,15.0,0.55,15.0,0.23,0.23,43.441697,1776209907000
1776209909.207,209.207,0.46,15.0,0.45,15.0,0.69,15.0,0.7,15.0,0.31,15.0,0.3,15.0,0.54,15.0,0.55,15.0,0.23,0.23,43.443718,1776209908000
1776209909.692,209.692,0.52,15.0,0.51,15.0,0.73,15.0,0.74,15.0,0.31,15.0,0.3,15.0,0.54,15.0,0.55,15.0,0.21,0.23,43.443718,1776209908000
1776209910.594,210.594,0.52,15.0,0.51,15.0,0.73,15.0,0.74,15.0,0.27,15.0,0.26,15.0,0.48,15.0,0.49,15.0,0.21,0.21,43.445014,1776209909000
1776209911.378,211.378,0.52,15.0,0.51,15.0,0.73,15.0,0.74,15.0,0.27,15.0,0.26,15.0,0.48,15.0,0.49,15.0,0.21,0.21,43.446657,1776209910000
1776209912.373,212.373,0.52,15.0,0.51,15.0,0.73,15.0,0.74,15.0,0.27,15.0,0.26,15.0,0.48,15.0,0.49,15.0,0.21,0.21,43.44765,1776209911000
1776209912.928,212.928,0.52,15.0,0.51,15.0,0.73,15.0,0.74,15.0,0.27,15.0,0.26,15.0,0.48,15.0,0.49,15.0,0.21,0.21,43.447287,1776209912000
1776209913.89,213.89,0.52,15.0,0.51,15.0,0.73,15.0,0.74,15.0,0.27,15.0,0.26,15.0,0.48,15.0,0.49,15.0,0.21,0.21,43.446103,1776209913000
1776209914.962,214.962,0.52,15.0,0.51,15.0,0.73,15.0,0.74,15.0,0.27,15.0,0.26,15.0,0.48,15.0,0.49,15.0,0.21,0.21,43.443765,1776209914000
1776209915.871,215.871,0.52,15.0,0.51,15.0,0.73,15.0,0.74,15.0,0.27,15.0,0.26,15.0,0.48,15.0,0.49,15.0,0.21,0.21,43.443891,1776209915000
1776209916.855,216.855,0.52,15.0,0.51,15.0,0.73,15.0,0.74,15.0,0.27,15.0,0.26,15.0,0.48,15.0,0.49,15.0,0.21,0.21,43.443681,1776209916000
1776209917.894,217.894,0.52,15.0,0.51,15.0,0.73,15.0,0.74,15.0,0.27,15.0,0.26,15.0,0.48,15.0,0.49,15.0,0.21,0.21,43.44288,1776209917000
1776209918.882,218.882,0.52,15.0,0.51,15.0,0.73,15.0,0.74,15.0,0.27,15.0,0.26,15.0,0.48,15.0,0.49,15.0,0.21,0.21,43.443849,1776209918000
1776209919.871,219.871,0.52,15.0,0.51,15.0,0.73,15.0,0.74,15.0,0.27,15.0,0.26,15.0,0.48,15.0,0.49,15.0,0.21,0.21,43.44288,1776209919000
1776209921.058,221.058,0.52,15.0,0.51,15.0,0.73,15.0,0.74,15.0,0.27,15.0,0.26,15.0,0.48,15.0,0.49,15.0,0.21,0.21,43.444242,1776209920000
1776209921.986,221.986,0.52,15.0,0.51,15.0,0.73,15.0,0.74,15.0,0.27,15.0,0.26,15.0,0.48,15.0,0.49,15.0,0.21,0.21,43.447879,1776209921000
1776209923.032,223.032,0.52,15.0,0.51,15.0,0.73,15.0,0.74,15.0,0.27,15.0,0.26,15.0,0.48,15.0,0.49,15.0,0.21,0.21,43.452077,1776209922000
1776209924.113,224.113,0.52,15.0,0.51,15.0,0.73,15.0,0.74,15.0,0.27,15.0,0.26,15.0,0.48,15.0,0.49,15.0,0.21,0.21,43.45527,1776209923000
1776209925.666,225.666,0.52,15.0,0.51,15.0,0.73,15.0,0.74,15.0,0.27,15.0,0.26,15.0,0.48,15.0,0.49,15.0,0.21,0.21,43.458475,1776209924000
1776209926.117,226.117,0.52,15.0,0.51,15.0,0.73,15.0,0.74,15.0,0.27,15.0,0.26,15.0,0.48,15.0,0.49,15.0,0.21,0.21,43.458475,1776209925000
1776209927.192,227.192,0.52,15.0,0.51,15.0,0.73,15.0,0.74,15.0,0.27,15.0,0.26,15.0,0.48,15.0,0.49,15.0,0.21,0.21,43.457813,1776209926000
1776209928.153,228.153,0.52,15.0,0.51,15.0,0.73,15.0,0.74,15.0,0.27,15.0,0.26,15.0,0.48,15.0,0.49,15.0,0.21,0.21,43.457089,1776209927000
1776209929.314,229.314,0.52,15.0,0.51,15.0,0.73,15.0,0.74,15.0,0.27,15.0,0.26,15.0,0.48,15.0,0.49,15.0,0.21,0.21,43.457219,1776209928000
1776209930.289,230.289,0.81,18.9,0.71,15.0,0.9,15.0,0.91,15.0,0.1,15.0,0.09,15.0,0.19,18.9,0.29,15.0,0.09,0.09,43.457295,1776209929000
1776209931.264,231.264,0.81,18.9,0.71,15.0,0.9,15.0,0.91,15.0,0.1,15.0,0.09,15.0,0.19,18.9,0.29,15.0,0.09,0.09,43.463094,1776209930000
1776209932.305,232.305,0.81,18.9,0.71,15.0,0.9,15.0,0.91,15.0,0.1,15.0,0.09,15.0,0.19,18.9,0.29,15.0,0.09,0.09,43.46382,1776209931000
1776209933.623,233.623,0.81,18.9,0.71,15.0,0.9,15.0,0.91,15.0,0.1,15.0,0.09,15.0,0.19,18.9,0.29,15.0,0.09,0.09,43.46447,1776209932000
1776209934.417,234.417,0.81,18.9,0.71,15.0,0.9,15.0,0.91,15.0,0.1,15.0,0.09,15.0,0.19,18.9,0.29,15.0,0.09,0.09,43.469605,1776209933000
1776209935.357,235.357,0.81,18.9,0.71,15.0,0.9,15.0,0.91,15.0,0.1,15.0,0.09,15.0,0.19,18.9,0.29,15.0,0.09,0.09,43.473395,1776209934000
1776209936.259,236.259,0.81,18.9,0.71,15.0,0.9,15.0,0.91,15.0,0.1,15.0,0.09,15.0,0.19,18.9,0.29,15.0,0.09,0.09,43.47373,1776209935000
1776209936.511,236.511,0.87,5.1,0.86,15.0,0.94,15.0,0.95,15.0,0.1,15.0,0.09,15.0,0.19,18.9,0.29,15.0,0.07,0.09,43.47373,1776209935000
1776209937.283,237.283,0.87,5.1,0.86,15.0,0.94,15.0,0.95,15.0,0.06,15.0,0.05,15.0,0.13,5.1,0.14,15.0,0.07,0.07,43.473802,1776209936000
1776209938.874,238.874,0.87,5.1,0.86,15.0,0.94,15.0,0.95,15.0,0.06,15.0,0.05,15.0,0.13,5.1,0.14,15.0,0.07,0.07,43.473953,1776209937000
1776209939.475,239.475,0.87,5.1,0.86,15.0,0.94,15.0,0.95,15.0,0.06,15.0,0.05,15.0,0.13,5.1,0.14,15.0,0.07,0.07,43.473977,1776209938000
1776209940.068,240.068,0.87,5.1,0.86,15.0,0.94,15.0,0.95,15.0,0.06,15.0,0.05,15.0,0.13,5.1,0.14,15.0,0.07,0.07,43.473862,1776209939000
1776209941.196,241.196,0.87,5.1,0.86,15.0,0.94,15.0,0.95,15.0,0.06,15.0,0.05,15.0,0.13,5.1,0.14,15.0,0.07,0.07,43.470746,1776209940000
1776209942.362,242.362,0.87,5.1,0.86,15.0,0.94,15.0,0.95,15.0,0.06,15.0,0.05,15.0,0.13,5.1,0.14,15.0,0.07,0.07,43.461058,1776209941000
1776209943.541,243.541,0.87,5.1,0.86,15.0,0.94,15.0,0.95,15.0,0.06,15.0,0.05,15.0,0.13,5.1,0.14,15.0,0.07,0.07,43.456919,1776209942000
1776209943.915,243.915,0.87,5.1,0.86,15.0,0.94,15.0,0.95,15.0,0.06,15.0,0.05,15.0,0.13,5.1,0.14,15.0,0.07,0.07,43.456662,1776209943000
1776209945.09,245.09,0.87,5.1,0.86,15.0,0.94,15.0,0.95,15.0,0.06,15.0,0.05,15.0,0.13,5.1,0.14,15.0,0.07,0.07,43.455601,1776209944000
1776209946.108,246.108,0.87,5.1,0.86,15.0,0.94,15.0,0.95,15.0,0.06,15.0,0.05,15.0,0.13,5.1,0.14,15.0,0.07,0.07,43.455659,1776209945000
1776209947.316,247.316,0.87,5.1,0.86,15.0,0.94,15.0,0.95,15.0,0.06,15.0,0.05,15.0,0.13,5.1,0.14,15.0,0.07,0.07,43.456043,1776209946000
1776209948.436,248.436,0.87,5.1,0.86,15.0,0.94,15.0,0.95,15.0,0.06,15.0,0.05,15.0,0.13,5.1,0.14,15.0,0.07,0.07,43.454034,1776209947000
1776209949.13,249.13,0.87,5.1,0.86,15.0,0.94,15.0,0.95,15.0,0.06,15.0,0.05,15.0,0.13,5.1,0.14,15.0,0.07,0.07,43.451979,1776209948000
1776209950.12,250.12,0.87,5.1,0.86,15.0,0.94,15.0,0.95,15.0,0.06,15.0,0.05,15.0,0.13,5.1,0.14,15.0,0.07,0.07,43.447957,1776209949000
1776209951.295,251.295,0.87,5.1,0.86,15.0,0.94,15.0,0.95,15.0,0.06,15.0,0.05,15.0,0.13,5.1,0.14,15.0,0.07,0.07,43.449568,1776209950000
1776209951.959,251.959,0.87,5.1,0.86,15.0,0.94,15.0,0.95,15.0,0.06,15.0,0.05,15.0,0.13,5.1,0.14,15.0,0.07,0.07,43.449568,1776209951000
1776209953.589,253.589,0.87,5.1,0.86,15.0,0.94,15.0,0.95,15.0,0.06,15.0,0.05,15.0,0.13,5.1,0.14,15.0,0.07,0.07,43.44904,1776209952000
1776209954.246,254.246,0.87,5.1,0.86,15.0,0.94,15.0,0.95,15.0,0.06,15.0,0.05,15.0,0.13,5.1,0.14,15.0,0.07,0.07,43.453424,1776209953000
1776209954.472,254.472,0.8,5.0,0.68,15.0,0.89,15.0,0.9,15.0,0.06,15.0,0.05,15.0,0.13,5.1,0.14,15.0,0.09,0.07,43.453424,1776209953000
1776209955.708,255.708,0.8,5.0,0.68,15.0,0.89,15.0,0.9,15.0,0.11,15.0,0.1,15.0,0.2,5.0,0.32,15.0,0.09,0.09,43.453848,1776209954000
1776209956.321,256.321,0.8,5.0,0.68,15.0,0.89,15.0,0.9,15.0,0.11,15.0,0.1,15.0,0.2,5.0,0.32,15.0,0.09,0.09,43.453832,1776209955000
1776209957.115,257.115,0.8,5.0,0.68,15.0,0.89,15.0,0.9,15.0,0.11,15.0,0.1,15.0,0.2,5.0,0.32,15.0,0.09,0.09,43.454157,1776209956000
1776209957.39,257.39,0.85,5.89,0.75,63.0,0.96,1.9,0.97,15.0,0.11,15.0,0.1,15.0,0.2,5.0,0.32,15.0,0.11,0.09,43.454157,1776209956000
1776209958.365,258.365,0.85,5.89,0.75,63.0,0.96,1.9,0.97,15.0,0.04,1.9,0.03,15.0,0.15,5.89,0.25,63.0,0.11,0.11,43.45554,1776209957000
1776209958.976,258.976,0.85,5.89,0.75,63.0,0.96,1.9,0.97,15.0,0.04,1.9,0.03,15.0,0.15,5.89,0.25,63.0,0.11,0.11,43.465485,1776209958000
1776209960.209,260.209,0.85,5.89,0.75,63.0,0.96,1.9,0.97,15.0,0.04,1.9,0.03,15.0,0.15,5.89,0.25,63.0,0.11,0.11,43.468236,1776209959000
1776209961.459,261.459,0.85,5.89,0.75,63.0,0.96,1.9,0.97,15.0,0.04,1.9,0.03,15.0,0.15,5.89,0.25,63.0,0.11,0.11,43.468124,1776209960000
1776209962.052,262.052,0.85,5.89,0.75,63.0,0.96,1.9,0.97,15.0,0.04,1.9,0.03,15.0,0.15,5.89,0.25,63.0,0.11,0.11,43.463599,1776209961000
1776209963.359,263.359,0.85,5.89,0.75,63.0,0.96,1.9,0.97,15.0,0.04,1.9,0.03,15.0,0.15,5.89,0.25,63.0,0.11,0.11,43.461753,1776209962000
1776209963.978,263.978,0.85,5.89,0.75,63.0,0.96,1.9,0.97,15.0,0.04,1.9,0.03,15.0,0.15,5.89,0.25,63.0,0.11,0.11,43.459893,1776209963000
1776209965.274,265.274,0.85,5.89,0.75,63.0,0.96,1.9,0.97,15.0,0.04,1.9,0.03,15.0,0.15,5.89,0.25,63.0,0.11,0.11,43.460512,1776209964000
1776209966.578,266.578,0.85,5.89,0.75,63.0,0.96,1.9,0.97,15.0,0.04,1.9,0.03,15.0,0.15,5.89,0.25,63.0,0.11,0.11,43.460576,1776209965000
1776209967.125,267.125,0.85,5.89,0.75,63.0,0.96,1.9,0.97,15.0,0.04,1.9,0.03,15.0,0.15,5.89,0.25,63.0,0.11,0.11,43.46172,1776209966000
1776209968.38,268.38,0.85,5.89,0.75,63.0,0.96,1.9,0.97,15.0,0.04,1.9,0.03,15.0,0.15,5.89,0.25,63.0,0.11,0.11,43.460487,1776209967000
1776209969.004,269.004,0.85,5.89,0.75,63.0,0.96,1.9,0.97,15.0,0.04,1.9,0.03,15.0,0.15,5.89,0.25,63.0,0.11,0.11,43.460867,1776209968000
1776209970.124,270.124,0.85,5.89,0.75,63.0,0.96,1.9,0.97,15.0,0.04,1.9,0.03,15.0,0.15,5.89,0.25,63.0,0.11,0.11,43.459955,1776209969000
1776209972.326,272.326,0.85,5.89,0.75,63.0,0.96,1.9,0.97,15.0,0.04,1.9,0.03,15.0,0.15,5.89,0.25,63.0,0.11,0.11,43.46044,1776209970000
1776209972.96,272.96,0.85,5.89,0.75,63.0,0.96,1.9,0.97,15.0,0.04,1.9,0.03,15.0,0.15,5.89,0.25,63.0,0.11,0.11,43.460107,1776209971000
1776209973.716,273.716,0.85,5.89,0.75,63.0,0.96,1.9,0.97,15.0,0.04,1.9,0.03,15.0,0.15,5.89,0.25,63.0,0.11,0.11,43.46003,1776209972000
1776209974.417,274.417,0.85,5.89,0.75,63.0,0.96,1.9,0.97,15.0,0.04,1.9,0.03,15.0,0.15,5.89,0.25,63.0,0.11,0.11,43.46003,1776209973000
1776209975.163,275.163,0.85,5.89,0.75,63.0,0.96,1.9,0.97,15.0,0.04,1.9,0.03,15.0,0.15,5.89,0.25,63.0,0.11,0.11,43.460095,1776209974000
1776209976.475,276.475,0.85,5.89,0.75,63.0,0.96,1.9,0.97,15.0,0.04,1.9,0.03,15.0,0.15,5.89,0.25,63.0,0.11,0.11,43.459848,1776209975000
1776209977.182,277.182,0.85,5.89,0.75,63.0,0.96,1.9,0.97,15.0,0.04,1.9,0.03,15.0,0.15,5.89,0.25,63.0,0.11,0.11,43.461126,1776209976000
1776209978.719,278.719,0.85,5.89,0.75,63.0,0.96,1.9,0.97,15.0,0.04,1.9,0.03,15.0,0.15,5.89,0.25,63.0,0.11,0.11,43.464011,1776209977000
1776209979.44,279.44,0.85,5.89,0.75,63.0,0.96,1.9,0.97,15.0,0.04,1.9,0.03,15.0,0.15,5.89,0.25,63.0,0.11,0.11,43.466948,1776209978000
1776209980.161,280.161,0.85,5.89,0.75,63.0,0.96,1.9,0.97,15.0,0.04,1.9,0.03,15.0,0.15,5.89,0.25,63.0,0.11,0.11,43.467098,1776209979000
1776209981.579,281.579,0.85,5.89,0.75,63.0,0.96,1.9,0.97,15.0,0.04,1.9,0.03,15.0,0.15,5.89,0.25,63.0,0.11,0.11,43.468989,1776209980000
1776209981.893,281.893,0.86,5.89,0.85,36.0,0.96,0.85,0.98,10.0,0.04,1.9,0.03,15.0,0.15,5.89,0.25,63.0,0.1,0.11,43.468989,1776209980000
1776209982.198,282.198,0.86,5.89,0.85,36.0,0.99,210.85,,,0.04,0.85,0.02,10.0,0.14,5.89,0.15,36.0,0.13,0.1,43.468989,1776209980000
1776209983.061,283.061,0.86,58.89,0.3,100.0,0.99,190.85,,,0.01,210.85,,,0.14,5.89,0.15,36.0,0.13,0.13,43.469769,1776209981000
1776209983.633,283.633,0.86,58.89,0.3,100.0,0.99,190.85,,,0.01,190.85,,,0.14,58.89,0.7,100.0,0.13,0.13,43.473594,1776209982000
1776209984.279,284.279,0.86,58.89,0.3,100.0,0.99,190.85,,,0.01,190.85,,,0.14,58.89,0.7,100.0,0.13,0.13,43.473594,1776209983000
1776209985.604,285.604,0.86,58.89,0.3,100.0,0.99,190.85,,,0.01,190.85,,,0.14,58.89,0.7,100.0,0.13,0.13,43.473582,1776209984000
1776209986.176,286.176,0.86,58.89,0.3,100.0,0.99,182.17,,,0.01,190.85,,,0.14,58.89,0.7,100.0,0.13,0.13,43.473582,1776209984000
1776209987.52,287.52,0.86,58.89,0.3,100.0,0.99,182.17,,,0.01,182.17,,,0.14,58.89,0.7,100.0,0.13,0.13,43.474183,1776209986000
1776209988.66,288.66,0.86,58.89,0.3,100.0,0.99,182.17,,,0.01,182.17,,,0.14,58.89,0.7,100.0,0.13,0.13,43.475043,1776209987000
1776209989.281,289.281,0.86,58.89,0.3,100.0,0.99,182.17,,,0.01,182.17,,,0.14,58.89,0.7,100.0,0.13,0.13,43.475052,1776209988000
1776209990.196,290.196,0.86,58.89,0.3,100.0,0.99,182.17,,,0.01,182.17,,,0.14,58.89,0.7,100.0,0.13,0.13,43.475051,1776209989000
1776209990.777,290.777,0.99,817.83,0.86,58.89,,,,,0.01,182.17,,,0.14,58.89,0.7,100.0,,0.13,43.475051,1776209989000
1776209991.22,291.22,0.99,817.83,0.86,58.89,,,,,,,,,0.01,817.83,0.14,58.89,,,43.475058,1776209990000
1776209992.3,292.3,0.99,817.83,0.86,58.89,,,,,,,,,0.01,817.83,0.14,58.89,,,43.475104,1776209991000
1776209993.394,293.394,0.99,817.83,0.86,58.89,,,,,,,,,0.01,817.83,0.14,58.89,,,43.475214,1776209992000
1776209994.283,294.283,0.99,817.83,0.86,58.89,,,,,,,,,0.01,817.83,0.14,58.89,,,43.475215,1776209993000
1776209995.348,295.348,0.99,817.83,0.86,58.89,,,,,,,,,0.01,817.83,0.14,58.89,,,43.475205,1776209994000
1776209996.247,296.247,0.99,817.83,0.86,58.89,,,,,,,,,0.01,817.83,0.14,58.89,,,43.475155,1776209995000
1776209997.259,297.259,0.99,817.83,0.86,58.89,,,,,,,,,0.01,817.83,0.14,58.89,,,43.475184,1776209996000
1776209998.29,298.29,0.99,817.83,0.86,58.89,,,,,,,,,0.01,817.83,0.14,58.89,,,43.483498,1776209997000
1776209999.346,299.346,0.99,817.83,0.86,58.89,,,,,,,,,0.01,817.83,0.14,58.89,,,43.483387,1776209998000
1776209999.85,299.85,0.99,817.83,0.86,58.89,,,,,,,,,0.01,817.83,0.14,58.89,,,43.485104,1776209999000
1776210000.834,300.834,0.99,817.83,0.86,58.89,,,,,,,,,0.01,817.83,0.14,58.89,,,43.48541,1776210000000
1776210002.231,302.231,0.99,817.83,0.86,58.89,,,,,,,,,0.01,817.83,0.14,58.89,,,43.485956,1776210001000

# RESULT,winner=Up,slug=hype-updown-5m-1776209700,ticks=303
