timestamp,elapsed_sec,up_bid_p1,up_bid_s1,up_bid_p2,up_bid_s2,up_ask_p1,up_ask_s1,up_ask_p2,up_ask_s2,down_bid_p1,down_bid_s1,down_bid_p2,down_bid_s2,down_ask_p1,down_ask_s1,down_ask_p2,down_ask_s2,up_spread,down_spread,hype_price,hype_oracle_ts
1776195911.298,11.298,,,,,,,,,,,,,,,,,,,43.354664,1776195910000
1776195911.633,11.633,0.44,10.0,0.41,5.0,0.61,10.0,0.66,5.0,0.39,10.0,0.35,5.0,0.56,10.0,0.59,5.0,0.17,0.17,43.354664,1776195910000
1776195912.103,12.103,0.44,10.0,0.41,5.0,0.61,10.0,0.65,5.0,0.39,10.0,0.35,5.0,0.56,10.0,0.59,5.0,0.17,0.17,43.354664,1776195910000
1776195913.329,13.329,0.44,10.0,0.41,5.0,0.61,10.0,0.65,5.0,0.39,10.0,0.35,5.0,0.56,10.0,0.59,5.0,0.17,0.17,43.355737,1776195912000
1776195914.355,14.355,0.44,10.0,0.41,5.0,0.61,10.0,0.65,5.0,0.39,10.0,0.35,5.0,0.56,10.0,0.59,5.0,0.17,0.17,43.355041,1776195913000
1776195914.978,14.978,0.44,10.0,0.41,5.0,0.61,10.0,0.65,5.0,0.39,10.0,0.35,5.0,0.56,10.0,0.59,5.0,0.17,0.17,43.355041,1776195914000
1776195915.925,15.925,0.44,10.0,0.41,5.0,0.61,10.0,0.65,5.0,0.39,10.0,0.35,5.0,0.56,10.0,0.59,5.0,0.17,0.17,43.354852,1776195915000
1776195917.033,17.033,0.44,10.0,0.41,5.0,0.61,10.0,0.65,5.0,0.39,10.0,0.35,5.0,0.56,10.0,0.59,5.0,0.17,0.17,43.354833,1776195916000
1776195918.209,18.209,0.44,10.0,0.41,5.0,0.61,10.0,0.65,5.0,0.39,10.0,0.35,5.0,0.56,10.0,0.59,5.0,0.17,0.17,43.35459,1776195917000
1776195919.172,19.172,0.44,10.0,0.41,5.0,0.61,10.0,0.65,5.0,0.39,10.0,0.35,5.0,0.56,10.0,0.59,5.0,0.17,0.17,43.354521,1776195918000
1776195920.279,20.279,0.44,10.0,0.41,5.0,0.61,10.0,0.65,5.0,0.39,10.0,0.35,5.0,0.56,10.0,0.59,5.0,0.17,0.17,43.354516,1776195919000
1776195921.31,21.31,0.44,10.0,0.41,5.0,0.61,10.0,0.65,5.0,0.39,10.0,0.35,5.0,0.56,10.0,0.59,5.0,0.17,0.17,43.354237,1776195920000
1776195921.934,21.934,0.44,10.0,0.41,5.0,0.61,10.0,0.65,5.0,0.39,10.0,0.35,5.0,0.56,10.0,0.59,5.0,0.17,0.17,43.353636,1776195921000
1776195923.417,23.417,0.44,10.0,0.41,5.0,0.61,10.0,0.65,5.0,0.39,10.0,0.35,5.0,0.56,10.0,0.59,5.0,0.17,0.17,43.351005,1776195922000
1776195924.007,24.007,0.44,10.0,0.41,5.0,0.61,10.0,0.65,5.0,0.39,10.0,0.35,5.0,0.56,10.0,0.59,5.0,0.17,0.17,43.34828,1776195923000
1776195925.068,25.068,0.44,10.0,0.41,5.0,0.61,10.0,0.65,5.0,0.39,10.0,0.35,5.0,0.56,10.0,0.59,5.0,0.17,0.17,43.347681,1776195924000
1776195926.124,26.124,0.44,10.0,0.41,5.0,0.61,10.0,0.65,5.0,0.39,10.0,0.35,5.0,0.56,10.0,0.59,5.0,0.17,0.17,43.347619,1776195925000
1776195927.15,27.15,0.44,10.0,0.41,5.0,0.61,10.0,0.65,5.0,0.39,10.0,0.35,5.0,0.56,10.0,0.59,5.0,0.17,0.17,43.346987,1776195926000
1776195928.181,28.181,0.44,10.0,0.41,5.0,0.61,10.0,0.65,5.0,0.39,10.0,0.35,5.0,0.56,10.0,0.59,5.0,0.17,0.17,43.347805,1776195927000
1776195929.271,29.271,0.44,10.0,0.41,5.0,0.61,10.0,0.65,5.0,0.39,10.0,0.35,5.0,0.56,10.0,0.59,5.0,0.17,0.17,43.347808,1776195928000
1776195930.347,30.347,0.44,10.0,0.41,5.0,0.61,10.0,0.65,5.0,0.39,10.0,0.35,5.0,0.56,10.0,0.59,5.0,0.17,0.17,43.348114,1776195929000
1776195930.844,30.844,0.44,10.0,0.41,5.0,0.61,10.0,0.65,5.0,0.39,10.0,0.35,5.0,0.56,10.0,0.59,5.0,0.17,0.17,43.348114,1776195930000
1776195931.933,31.933,0.44,10.0,0.41,5.0,0.61,10.0,0.65,5.0,0.39,10.0,0.35,5.0,0.56,10.0,0.59,5.0,0.17,0.17,43.348998,1776195931000
1776195932.857,32.857,0.44,10.0,0.41,5.0,0.61,10.0,0.65,5.0,0.39,10.0,0.35,5.0,0.56,10.0,0.59,5.0,0.17,0.17,43.346201,1776195932000
1776195933.928,33.928,0.44,10.0,0.41,5.0,0.61,10.0,0.65,5.0,0.39,10.0,0.35,5.0,0.56,10.0,0.59,5.0,0.17,0.17,43.345077,1776195933000
1776195934.982,34.982,0.44,10.0,0.41,5.0,0.61,10.0,0.65,5.0,0.39,10.0,0.35,5.0,0.56,10.0,0.59,5.0,0.17,0.17,43.34416,1776195934000
1776195936.538,36.538,0.44,10.0,0.41,5.0,0.61,10.0,0.65,5.0,0.39,10.0,0.35,5.0,0.56,10.0,0.59,5.0,0.17,0.17,43.343915,1776195935000
1776195937.073,37.073,0.44,10.0,0.41,5.0,0.61,10.0,0.65,5.0,0.39,10.0,0.35,5.0,0.56,10.0,0.59,5.0,0.17,0.17,43.345205,1776195936000
1776195938.199,38.199,0.44,10.0,0.41,5.0,0.61,10.0,0.65,5.0,0.39,10.0,0.35,5.0,0.56,10.0,0.59,5.0,0.17,0.17,43.345596,1776195937000
1776195939.761,39.761,0.44,10.0,0.41,5.0,0.61,10.0,0.65,5.0,0.39,10.0,0.35,5.0,0.56,10.0,0.59,5.0,0.17,0.17,43.346094,1776195938000
1776195940.264,40.264,0.44,10.0,0.41,5.0,0.61,10.0,0.65,5.0,0.39,10.0,0.35,5.0,0.56,10.0,0.59,5.0,0.17,0.17,43.34565,1776195939000
1776195941.459,41.459,0.44,10.0,0.41,5.0,0.61,10.0,0.65,5.0,0.39,10.0,0.35,5.0,0.56,10.0,0.59,5.0,0.17,0.17,43.344611,1776195940000
1776195942.001,42.001,0.44,10.0,0.41,5.0,0.61,10.0,0.65,5.0,0.39,10.0,0.35,5.0,0.56,10.0,0.59,5.0,0.17,0.17,43.344604,1776195941000
1776195943.506,43.506,0.44,10.0,0.41,5.0,0.61,10.0,0.65,5.0,0.39,10.0,0.35,5.0,0.56,10.0,0.59,5.0,0.17,0.17,43.346954,1776195942000
1776195944.177,44.177,0.44,10.0,0.41,5.0,0.61,10.0,0.65,5.0,0.39,10.0,0.35,5.0,0.56,10.0,0.59,5.0,0.17,0.17,43.354795,1776195943000
1776195945.287,45.287,0.44,10.0,0.41,5.0,0.61,10.0,0.65,5.0,0.39,10.0,0.35,5.0,0.56,10.0,0.59,5.0,0.17,0.17,43.354444,1776195944000
1776195946.604,46.604,0.44,10.0,0.41,5.0,0.61,10.0,0.65,5.0,0.39,10.0,0.35,5.0,0.56,10.0,0.59,5.0,0.17,0.17,43.356998,1776195945000
1776195947.125,47.125,0.44,10.0,0.41,5.0,0.61,10.0,0.65,5.0,0.39,10.0,0.35,5.0,0.56,10.0,0.59,5.0,0.17,0.17,43.356998,1776195946000
1776195948.284,48.284,0.44,10.0,0.41,5.0,0.61,10.0,0.65,5.0,0.39,10.0,0.35,5.0,0.56,10.0,0.59,5.0,0.17,0.17,43.357389,1776195947000
1776195949.476,49.476,0.44,10.0,0.41,5.0,0.61,10.0,0.65,5.0,0.39,10.0,0.35,5.0,0.56,10.0,0.59,5.0,0.17,0.17,43.357361,1776195948000
1776195949.987,49.987,0.44,10.0,0.41,5.0,0.61,10.0,0.65,5.0,0.39,10.0,0.35,5.0,0.56,10.0,0.59,5.0,0.17,0.17,43.357445,1776195949000
1776195951.133,51.133,0.44,10.0,0.41,5.0,0.61,10.0,0.65,5.0,0.39,10.0,0.35,5.0,0.56,10.0,0.59,5.0,0.17,0.17,43.357035,1776195950000
1776195952.468,52.468,0.44,10.0,0.41,5.0,0.61,10.0,0.65,5.0,0.39,10.0,0.35,5.0,0.56,10.0,0.59,5.0,0.17,0.17,43.357063,1776195951000
1776195953.19,53.19,0.44,10.0,0.41,5.0,0.61,10.0,0.65,5.0,0.39,10.0,0.35,5.0,0.56,10.0,0.59,5.0,0.17,0.17,43.366233,1776195952000
1776195954.732,54.732,0.44,10.0,0.41,5.0,0.61,10.0,0.65,5.0,0.39,10.0,0.35,5.0,0.56,10.0,0.59,5.0,0.17,0.17,43.370425,1776195953000
1776195955.43,55.43,0.44,10.0,0.41,5.0,0.61,10.0,0.65,5.0,0.39,10.0,0.35,5.0,0.56,10.0,0.59,5.0,0.17,0.17,43.370445,1776195954000
1776195956.266,56.266,0.44,10.0,0.41,5.0,0.61,10.0,0.65,5.0,0.39,10.0,0.35,5.0,0.56,10.0,0.59,5.0,0.17,0.17,43.371993,1776195955000
1776195957.753,57.753,0.44,10.0,0.41,5.0,0.61,10.0,0.65,5.0,0.39,10.0,0.35,5.0,0.56,10.0,0.59,5.0,0.17,0.17,43.37777,1776195956000
1776195958.411,58.411,0.44,10.0,0.41,5.0,0.61,10.0,0.65,5.0,0.39,10.0,0.35,5.0,0.56,10.0,0.59,5.0,0.17,0.17,43.378364,1776195957000
1776195959.128,59.128,0.44,10.0,0.41,5.0,0.61,10.0,0.65,5.0,0.39,10.0,0.35,5.0,0.56,10.0,0.59,5.0,0.17,0.17,43.378487,1776195958000
1776195960.631,60.631,0.44,10.0,0.41,5.0,0.61,10.0,0.65,5.0,0.39,10.0,0.35,5.0,0.56,10.0,0.59,5.0,0.17,0.17,43.378347,1776195959000
1776195961.338,61.338,0.44,10.0,0.41,5.0,0.61,10.0,0.65,5.0,0.39,10.0,0.35,5.0,0.56,10.0,0.59,5.0,0.17,0.17,43.378061,1776195960000
1776195962.791,62.791,0.44,10.0,0.41,5.0,0.61,10.0,0.65,5.0,0.39,10.0,0.35,5.0,0.56,10.0,0.59,5.0,0.17,0.17,43.37775,1776195961000
1776195963.665,63.665,0.44,10.0,0.41,5.0,0.61,10.0,0.65,5.0,0.39,10.0,0.35,5.0,0.56,10.0,0.59,5.0,0.17,0.17,43.37874,1776195962000
1776195964.417,64.417,0.44,10.0,0.41,5.0,0.61,10.0,0.65,5.0,0.39,10.0,0.35,5.0,0.56,10.0,0.59,5.0,0.17,0.17,43.371074,1776195963000
1776195965.163,65.163,0.44,10.0,0.41,5.0,0.61,10.0,0.65,5.0,0.39,10.0,0.35,5.0,0.56,10.0,0.59,5.0,0.17,0.17,43.368531,1776195964000
1776195966.926,66.926,0.44,10.0,0.41,5.0,0.61,10.0,0.65,5.0,0.39,10.0,0.35,5.0,0.56,10.0,0.59,5.0,0.17,0.17,43.360587,1776195965000
1776195967.583,67.583,0.44,10.0,0.41,5.0,0.61,10.0,0.65,5.0,0.39,10.0,0.35,5.0,0.56,10.0,0.59,5.0,0.17,0.17,43.360557,1776195966000
1776195968.325,68.325,0.44,10.0,0.41,5.0,0.61,10.0,0.65,5.0,0.39,10.0,0.35,5.0,0.56,10.0,0.59,5.0,0.17,0.17,43.359294,1776195967000
1776195969.973,69.973,0.44,10.0,0.41,5.0,0.61,10.0,0.65,5.0,0.39,10.0,0.35,5.0,0.56,10.0,0.59,5.0,0.17,0.17,43.355825,1776195968000
1776195970.551,70.551,0.44,10.0,0.41,5.0,0.61,10.0,0.65,5.0,0.39,10.0,0.35,5.0,0.56,10.0,0.59,5.0,0.17,0.17,43.355825,1776195969000
1776195971.728,71.728,0.44,10.0,0.41,5.0,0.61,10.0,0.65,5.0,0.39,10.0,0.35,5.0,0.56,10.0,0.59,5.0,0.17,0.17,43.349776,1776195970000
1776195972.632,72.632,0.44,10.0,0.41,5.0,0.61,10.0,0.65,5.0,0.39,10.0,0.35,5.0,0.56,10.0,0.59,5.0,0.17,0.17,43.349758,1776195971000
1776195973.774,73.774,0.44,10.0,0.41,5.0,0.61,10.0,0.65,5.0,0.39,10.0,0.35,5.0,0.56,10.0,0.59,5.0,0.17,0.17,43.349772,1776195972000
1776195974.37,74.37,0.44,10.0,0.41,5.0,0.61,10.0,0.65,5.0,0.39,10.0,0.35,5.0,0.56,10.0,0.59,5.0,0.17,0.17,43.34942,1776195973000
1776195975.543,75.543,0.44,10.0,0.41,5.0,0.61,10.0,0.65,5.0,0.39,10.0,0.35,5.0,0.56,10.0,0.59,5.0,0.17,0.17,43.34942,1776195974000
1776195976.322,76.322,0.44,10.0,0.41,5.0,0.61,10.0,0.65,5.0,0.39,10.0,0.35,5.0,0.56,10.0,0.59,5.0,0.17,0.17,43.349518,1776195975000
1776195977.878,77.878,0.44,10.0,0.41,5.0,0.61,10.0,0.65,5.0,0.39,10.0,0.35,5.0,0.56,10.0,0.59,5.0,0.17,0.17,43.349086,1776195976000
1776195978.483,78.483,0.44,10.0,0.41,5.0,0.61,10.0,0.65,5.0,0.39,10.0,0.35,5.0,0.56,10.0,0.59,5.0,0.17,0.17,43.349086,1776195977000
1776195979.139,79.139,0.44,10.0,0.41,5.0,0.61,10.0,0.65,5.0,0.39,10.0,0.35,5.0,0.56,10.0,0.59,5.0,0.17,0.17,43.349086,1776195978000
1776195980.582,80.582,0.44,10.0,0.41,5.0,0.61,10.0,0.65,5.0,0.39,10.0,0.35,5.0,0.56,10.0,0.59,5.0,0.17,0.17,43.349025,1776195979000
1776195981.289,81.289,0.44,10.0,0.41,5.0,0.61,10.0,0.65,5.0,0.39,10.0,0.35,5.0,0.56,10.0,0.59,5.0,0.17,0.17,43.349025,1776195980000
1776195982.075,82.075,0.44,10.0,0.41,5.0,0.61,10.0,0.65,5.0,0.39,10.0,0.35,5.0,0.56,10.0,0.59,5.0,0.17,0.17,43.348644,1776195981000
1776195983.422,83.422,0.44,10.0,0.41,5.0,0.61,10.0,0.65,5.0,0.39,10.0,0.35,5.0,0.56,10.0,0.59,5.0,0.17,0.17,43.345142,1776195982000
1776195984.182,84.182,0.44,10.0,0.41,5.0,0.61,10.0,0.65,5.0,0.39,10.0,0.35,5.0,0.56,10.0,0.59,5.0,0.17,0.17,43.342077,1776195983000
1776195985.564,85.564,0.44,10.0,0.41,5.0,0.61,10.0,0.65,5.0,0.39,10.0,0.35,5.0,0.56,10.0,0.59,5.0,0.17,0.17,43.34177,1776195984000
1776195986.304,86.304,0.44,10.0,0.41,5.0,0.61,10.0,0.65,5.0,0.39,10.0,0.35,5.0,0.56,10.0,0.59,5.0,0.17,0.17,43.340604,1776195985000
1776195987.645,87.645,0.3,15.0,0.29,15.0,0.49,15.0,0.5,15.0,0.51,15.0,0.5,15.0,0.7,15.0,0.71,15.0,0.19,0.19,43.340155,1776195986000
1776195988.415,88.415,0.3,15.0,0.29,15.0,0.49,15.0,0.5,15.0,0.51,15.0,0.5,15.0,0.7,15.0,0.71,15.0,0.19,0.19,43.331939,1776195987000
1776195989.079,89.079,0.3,15.0,0.29,15.0,0.49,15.0,0.5,15.0,0.51,15.0,0.5,15.0,0.7,15.0,0.71,15.0,0.19,0.19,43.327916,1776195988000
1776195991.011,91.011,0.3,15.0,0.29,15.0,0.49,15.0,0.5,15.0,0.51,15.0,0.5,15.0,0.7,15.0,0.71,15.0,0.19,0.19,43.32661,1776195989000
1776195991.629,91.629,0.3,15.0,0.29,15.0,0.49,15.0,0.5,15.0,0.51,15.0,0.5,15.0,0.7,15.0,0.71,15.0,0.19,0.19,43.324401,1776195990000
1776195992.268,92.268,0.3,15.0,0.29,15.0,0.49,15.0,0.5,15.0,0.51,15.0,0.5,15.0,0.7,15.0,0.71,15.0,0.19,0.19,43.3244,1776195991000
1776195993.487,93.487,0.3,15.0,0.29,15.0,0.49,15.0,0.5,15.0,0.51,15.0,0.5,15.0,0.7,15.0,0.71,15.0,0.19,0.19,43.324678,1776195992000
1776195994.123,94.123,0.3,15.0,0.29,15.0,0.49,15.0,0.5,15.0,0.51,15.0,0.5,15.0,0.7,15.0,0.71,15.0,0.19,0.19,43.324998,1776195993000
1776195995.384,95.384,0.3,15.0,0.29,15.0,0.49,15.0,0.5,15.0,0.51,15.0,0.5,15.0,0.7,15.0,0.71,15.0,0.19,0.19,43.325987,1776195994000
1776195996.472,96.472,0.3,15.0,0.29,15.0,0.49,15.0,0.5,15.0,0.51,15.0,0.5,15.0,0.7,15.0,0.71,15.0,0.19,0.19,43.326014,1776195995000
1776195997.112,97.112,0.3,15.0,0.29,15.0,0.49,15.0,0.5,15.0,0.51,15.0,0.5,15.0,0.7,15.0,0.71,15.0,0.19,0.19,43.326014,1776195996000
1776195998.255,98.255,0.3,15.0,0.29,15.0,0.49,15.0,0.5,15.0,0.51,15.0,0.5,15.0,0.7,15.0,0.71,15.0,0.19,0.19,43.326012,1776195997000
1776195999.424,99.424,0.3,15.0,0.29,15.0,0.49,15.0,0.5,15.0,0.51,15.0,0.5,15.0,0.7,15.0,0.71,15.0,0.19,0.19,43.325826,1776195998000
1776196000.024,100.024,0.3,15.0,0.29,15.0,0.49,15.0,0.5,15.0,0.51,15.0,0.5,15.0,0.7,15.0,0.71,15.0,0.19,0.19,43.325826,1776195999000
1776196001.185,101.185,0.3,15.0,0.29,15.0,0.49,15.0,0.5,15.0,0.51,15.0,0.5,15.0,0.7,15.0,0.71,15.0,0.19,0.19,43.326125,1776196000000
1776196002.459,102.459,0.3,15.0,0.29,15.0,0.49,15.0,0.5,15.0,0.51,15.0,0.5,15.0,0.7,15.0,0.71,15.0,0.19,0.19,43.32631,1776196001000
1776196003.016,103.016,0.3,15.0,0.29,15.0,0.49,15.0,0.5,15.0,0.51,15.0,0.5,15.0,0.7,15.0,0.71,15.0,0.19,0.19,43.327327,1776196002000
1776196004.313,104.313,0.3,15.0,0.29,15.0,0.49,15.0,0.5,15.0,0.51,15.0,0.5,15.0,0.7,15.0,0.71,15.0,0.19,0.19,43.332948,1776196003000
1776196005.488,105.488,0.3,15.0,0.29,15.0,0.49,15.0,0.5,15.0,0.51,15.0,0.5,15.0,0.7,15.0,0.71,15.0,0.19,0.19,43.328031,1776196004000
1776196006.311,106.311,0.3,15.0,0.29,15.0,0.49,15.0,0.5,15.0,0.51,15.0,0.5,15.0,0.7,15.0,0.71,15.0,0.19,0.19,43.327117,1776196005000
1776196007.436,107.436,0.3,15.0,0.29,15.0,0.49,15.0,0.5,15.0,0.51,15.0,0.5,15.0,0.7,15.0,0.71,15.0,0.19,0.19,43.327083,1776196006000
1776196008.009,108.009,0.3,15.0,0.29,15.0,0.49,15.0,0.5,15.0,0.51,15.0,0.5,15.0,0.7,15.0,0.71,15.0,0.19,0.19,43.327078,1776196007000
1776196009.1,109.1,0.3,15.0,0.29,15.0,0.49,15.0,0.5,15.0,0.51,15.0,0.5,15.0,0.7,15.0,0.71,15.0,0.19,0.19,43.325883,1776196008000
1776196010.279,110.279,0.3,15.0,0.29,15.0,0.49,15.0,0.5,15.0,0.51,15.0,0.5,15.0,0.7,15.0,0.71,15.0,0.19,0.19,43.325885,1776196009000
1776196011.174,111.174,0.3,15.0,0.29,15.0,0.49,15.0,0.5,15.0,0.51,15.0,0.5,15.0,0.7,15.0,0.71,15.0,0.19,0.19,43.325885,1776196010000
1776196012.251,112.251,0.3,15.0,0.29,15.0,0.49,15.0,0.5,15.0,0.51,15.0,0.5,15.0,0.7,15.0,0.71,15.0,0.19,0.19,43.325856,1776196011000
1776196013.317,113.317,0.3,15.0,0.29,15.0,0.49,15.0,0.5,15.0,0.51,15.0,0.5,15.0,0.7,15.0,0.71,15.0,0.19,0.19,43.326358,1776196012000
1776196013.957,113.957,0.3,15.0,0.29,15.0,0.49,15.0,0.5,15.0,0.51,15.0,0.5,15.0,0.7,15.0,0.71,15.0,0.19,0.19,43.327662,1776196013000
1776196015.183,115.183,0.3,15.0,0.29,15.0,0.49,15.0,0.5,15.0,0.51,15.0,0.5,15.0,0.7,15.0,0.71,15.0,0.19,0.19,43.330804,1776196014000
1776196016.307,116.307,0.3,15.0,0.29,15.0,0.49,15.0,0.5,15.0,0.51,15.0,0.5,15.0,0.7,15.0,0.71,15.0,0.19,0.19,43.332894,1776196015000
1776196017.307,117.307,0.3,15.0,0.29,15.0,0.49,15.0,0.5,15.0,0.51,15.0,0.5,15.0,0.7,15.0,0.71,15.0,0.19,0.19,43.33262,1776196016000
1776196018.395,118.395,0.3,15.0,0.29,15.0,0.49,15.0,0.5,15.0,0.51,15.0,0.5,15.0,0.7,15.0,0.71,15.0,0.19,0.19,43.33235,1776196017000
1776196018.931,118.931,0.3,15.0,0.29,15.0,0.49,15.0,0.5,15.0,0.51,15.0,0.5,15.0,0.7,15.0,0.71,15.0,0.19,0.19,43.332405,1776196018000
1776196020.529,120.529,0.3,15.0,0.29,15.0,0.49,15.0,0.5,15.0,0.51,15.0,0.5,15.0,0.7,15.0,0.71,15.0,0.19,0.19,43.331702,1776196019000
1776196021.24,121.24,0.3,15.0,0.29,15.0,0.49,15.0,0.5,15.0,0.51,15.0,0.5,15.0,0.7,15.0,0.71,15.0,0.19,0.19,43.332278,1776196020000
1776196022.644,122.644,0.3,15.0,0.29,15.0,0.49,15.0,0.5,15.0,0.51,15.0,0.5,15.0,0.7,15.0,0.71,15.0,0.19,0.19,43.331035,1776196021000
1776196023.269,123.269,0.3,15.0,0.29,15.0,0.49,15.0,0.5,15.0,0.51,15.0,0.5,15.0,0.7,15.0,0.71,15.0,0.19,0.19,43.332012,1776196022000
1776196024.487,124.487,0.3,15.0,0.29,15.0,0.49,15.0,0.5,15.0,0.51,15.0,0.5,15.0,0.7,15.0,0.71,15.0,0.19,0.19,43.332376,1776196023000
1776196025.022,125.022,0.3,15.0,0.29,15.0,0.49,15.0,0.5,15.0,0.51,15.0,0.5,15.0,0.7,15.0,0.71,15.0,0.19,0.19,43.33232,1776196024000
1776196026.288,126.288,0.3,15.0,0.29,15.0,0.49,15.0,0.5,15.0,0.51,15.0,0.5,15.0,0.7,15.0,0.71,15.0,0.19,0.19,43.332649,1776196025000
1776196027.471,127.471,0.3,15.0,0.29,15.0,0.49,15.0,0.5,15.0,0.51,15.0,0.5,15.0,0.7,15.0,0.71,15.0,0.19,0.19,43.334423,1776196026000
1776196028.012,128.012,0.3,15.0,0.29,15.0,0.49,15.0,0.5,15.0,0.51,15.0,0.5,15.0,0.7,15.0,0.71,15.0,0.19,0.19,43.334397,1776196027000
1776196029.164,129.164,0.3,15.0,0.29,15.0,0.49,15.0,0.5,15.0,0.51,15.0,0.5,15.0,0.7,15.0,0.71,15.0,0.19,0.19,43.334396,1776196028000
1776196030.216,130.216,0.3,15.0,0.29,15.0,0.49,15.0,0.5,15.0,0.51,15.0,0.5,15.0,0.7,15.0,0.71,15.0,0.19,0.19,43.334217,1776196029000
1776196031.337,131.337,0.3,15.0,0.29,15.0,0.49,15.0,0.5,15.0,0.51,15.0,0.5,15.0,0.7,15.0,0.71,15.0,0.19,0.19,43.334055,1776196030000
1776196032.377,132.377,0.3,15.0,0.29,15.0,0.49,15.0,0.5,15.0,0.51,15.0,0.5,15.0,0.7,15.0,0.71,15.0,0.19,0.19,43.3343,1776196031000
1776196032.977,132.977,0.3,15.0,0.29,15.0,0.49,15.0,0.5,15.0,0.51,15.0,0.5,15.0,0.7,15.0,0.71,15.0,0.19,0.19,43.334512,1776196032000
1776196034.165,134.165,0.3,15.0,0.29,15.0,0.49,15.0,0.5,15.0,0.51,15.0,0.5,15.0,0.7,15.0,0.71,15.0,0.19,0.19,43.334512,1776196033000
1776196035.89,135.89,0.3,15.0,0.29,15.0,0.49,15.0,0.5,15.0,0.51,15.0,0.5,15.0,0.7,15.0,0.71,15.0,0.19,0.19,43.334586,1776196034000
1776196036.307,136.307,0.3,15.0,0.29,15.0,0.49,15.0,0.5,15.0,0.51,15.0,0.5,15.0,0.7,15.0,0.71,15.0,0.19,0.19,43.331479,1776196035000
1776196037.487,137.487,0.3,15.0,0.29,15.0,0.49,15.0,0.5,15.0,0.51,15.0,0.5,15.0,0.7,15.0,0.71,15.0,0.19,0.19,43.330642,1776196036000
1776196038.068,138.068,0.3,15.0,0.29,15.0,0.49,15.0,0.5,15.0,0.51,15.0,0.5,15.0,0.7,15.0,0.71,15.0,0.19,0.19,43.33605,1776196037000
1776196039.237,139.237,0.3,15.0,0.29,15.0,0.49,15.0,0.5,15.0,0.51,15.0,0.5,15.0,0.7,15.0,0.71,15.0,0.19,0.19,43.336881,1776196038000
1776196040.138,140.138,0.36,9.28,0.35,15.0,0.46,10.0,0.51,15.0,0.51,15.0,0.5,15.0,0.7,15.0,0.71,15.0,0.1,0.19,43.336881,1776196038000
1776196040.399,140.399,0.36,9.28,0.35,15.0,0.46,10.0,0.51,15.0,0.54,10.0,0.49,15.0,0.64,9.28,0.65,15.0,0.1,0.1,43.336648,1776196039000
1776196041.028,141.028,0.36,9.28,0.35,15.0,0.46,10.0,0.51,15.0,0.54,10.0,0.49,15.0,0.64,9.28,0.65,15.0,0.1,0.1,43.336547,1776196040000
1776196042.157,142.157,0.36,9.28,0.35,15.0,0.46,10.0,0.51,15.0,0.54,10.0,0.49,15.0,0.64,9.28,0.65,15.0,0.1,0.1,43.335991,1776196041000
1776196043.298,143.298,0.36,9.28,0.35,15.0,0.46,10.0,0.51,15.0,0.54,10.0,0.49,15.0,0.64,9.28,0.65,15.0,0.1,0.1,43.335993,1776196042000
1776196044.449,144.449,0.36,9.28,0.35,15.0,0.46,10.0,0.51,15.0,0.54,10.0,0.49,15.0,0.64,9.28,0.65,15.0,0.1,0.1,43.334586,1776196043000
1776196045.067,145.067,0.36,9.28,0.35,15.0,0.46,10.0,0.51,15.0,0.54,10.0,0.49,15.0,0.64,9.28,0.65,15.0,0.1,0.1,43.334998,1776196044000
1776196046.312,146.312,0.36,9.28,0.35,15.0,0.46,10.0,0.51,15.0,0.54,10.0,0.49,15.0,0.64,9.28,0.65,15.0,0.1,0.1,43.330575,1776196045000
1776196047.489,147.489,0.36,9.28,0.35,15.0,0.46,10.0,0.51,15.0,0.54,10.0,0.49,15.0,0.64,9.28,0.65,15.0,0.1,0.1,43.328767,1776196046000
1776196048.05,148.05,0.36,9.28,0.35,15.0,0.46,10.0,0.51,15.0,0.54,10.0,0.49,15.0,0.64,9.28,0.65,15.0,0.1,0.1,43.328602,1776196047000
1776196049.256,149.256,0.36,9.28,0.35,15.0,0.46,10.0,0.51,15.0,0.54,10.0,0.49,15.0,0.64,9.28,0.65,15.0,0.1,0.1,43.32436,1776196048000
1776196051.007,151.007,0.36,9.28,0.35,15.0,0.46,10.0,0.51,15.0,0.54,10.0,0.49,15.0,0.64,9.28,0.65,15.0,0.1,0.1,43.329411,1776196049000
1776196051.622,151.622,0.36,9.28,0.35,15.0,0.46,10.0,0.51,15.0,0.54,10.0,0.49,15.0,0.64,9.28,0.65,15.0,0.1,0.1,43.329413,1776196050000
1776196052.224,152.224,0.36,9.28,0.35,15.0,0.46,10.0,0.51,15.0,0.54,10.0,0.49,15.0,0.64,9.28,0.65,15.0,0.1,0.1,43.330187,1776196051000
1776196053.466,153.466,0.36,9.28,0.35,15.0,0.46,10.0,0.51,15.0,0.54,10.0,0.49,15.0,0.64,9.28,0.65,15.0,0.1,0.1,43.333941,1776196052000
1776196053.971,153.971,0.36,9.28,0.35,15.0,0.46,10.0,0.51,15.0,0.54,10.0,0.49,15.0,0.64,9.28,0.65,15.0,0.1,0.1,43.333941,1776196053000
1776196055.08,155.08,0.36,9.28,0.35,15.0,0.46,10.0,0.51,15.0,0.54,10.0,0.49,15.0,0.64,9.28,0.65,15.0,0.1,0.1,43.33593,1776196054000
1776196056.243,156.243,0.36,9.28,0.35,15.0,0.46,10.0,0.51,15.0,0.54,10.0,0.49,15.0,0.64,9.28,0.65,15.0,0.1,0.1,43.338024,1776196055000
1776196057.244,157.244,0.36,9.28,0.35,15.0,0.46,10.0,0.51,15.0,0.54,10.0,0.49,15.0,0.64,9.28,0.65,15.0,0.1,0.1,43.334897,1776196056000
1776196058.325,158.325,0.36,9.28,0.35,15.0,0.46,10.0,0.51,15.0,0.54,10.0,0.49,15.0,0.64,9.28,0.65,15.0,0.1,0.1,43.332977,1776196057000
1776196059.441,159.441,0.36,9.28,0.35,15.0,0.46,10.0,0.51,15.0,0.54,10.0,0.49,15.0,0.64,9.28,0.65,15.0,0.1,0.1,43.330649,1776196058000
1776196060.08,160.08,0.36,9.28,0.35,15.0,0.46,10.0,0.51,15.0,0.54,10.0,0.49,15.0,0.64,9.28,0.65,15.0,0.1,0.1,43.327495,1776196059000
1776196061.234,161.234,0.36,9.28,0.35,15.0,0.46,10.0,0.51,15.0,0.54,10.0,0.49,15.0,0.64,9.28,0.65,15.0,0.1,0.1,43.327325,1776196060000
1776196062.389,162.389,0.36,9.28,0.35,15.0,0.46,10.0,0.51,15.0,0.54,10.0,0.49,15.0,0.64,9.28,0.65,15.0,0.1,0.1,43.327418,1776196061000
1776196063.489,163.489,0.36,9.28,0.35,15.0,0.46,10.0,0.51,15.0,0.54,10.0,0.49,15.0,0.64,9.28,0.65,15.0,0.1,0.1,43.327418,1776196062000
1776196063.95,163.95,0.36,9.28,0.35,15.0,0.46,10.0,0.51,15.0,0.54,10.0,0.49,15.0,0.64,9.28,0.65,15.0,0.1,0.1,43.327419,1776196063000
1776196065.682,165.682,0.36,9.28,0.35,15.0,0.46,10.0,0.51,15.0,0.54,10.0,0.49,15.0,0.64,9.28,0.65,15.0,0.1,0.1,43.327032,1776196064000
1776196066.682,166.682,0.36,9.28,0.35,15.0,0.46,10.0,0.51,15.0,0.54,10.0,0.49,15.0,0.64,9.28,0.65,15.0,0.1,0.1,43.327031,1776196065000
1776196067.421,167.421,0.36,9.28,0.35,15.0,0.46,10.0,0.51,15.0,0.54,10.0,0.49,15.0,0.64,9.28,0.65,15.0,0.1,0.1,43.325761,1776196066000
1776196068.351,168.351,0.36,9.28,0.35,15.0,0.46,10.0,0.51,15.0,0.54,10.0,0.49,15.0,0.64,9.28,0.65,15.0,0.1,0.1,43.325594,1776196067000
1776196069.025,169.025,0.36,9.28,0.35,15.0,0.46,10.0,0.51,15.0,0.54,10.0,0.49,15.0,0.64,9.28,0.65,15.0,0.1,0.1,43.325429,1776196068000
1776196070.442,170.442,0.36,9.28,0.35,15.0,0.46,10.0,0.51,15.0,0.54,10.0,0.49,15.0,0.64,9.28,0.65,15.0,0.1,0.1,43.325427,1776196069000
1776196071.186,171.186,0.36,9.28,0.35,15.0,0.46,10.0,0.51,15.0,0.54,10.0,0.49,15.0,0.64,9.28,0.65,15.0,0.1,0.1,43.325427,1776196070000
1776196072.587,172.587,0.36,9.28,0.35,15.0,0.46,10.0,0.51,15.0,0.54,10.0,0.49,15.0,0.64,9.28,0.65,15.0,0.1,0.1,43.325366,1776196071000
1776196073.376,173.376,0.36,9.28,0.35,15.0,0.46,10.0,0.51,15.0,0.54,10.0,0.49,15.0,0.64,9.28,0.65,15.0,0.1,0.1,43.325366,1776196072000
1776196074.12,174.12,0.36,9.28,0.35,15.0,0.46,10.0,0.51,15.0,0.54,10.0,0.49,15.0,0.64,9.28,0.65,15.0,0.1,0.1,43.325357,1776196073000
1776196075.444,175.444,0.36,9.28,0.35,15.0,0.46,10.0,0.51,15.0,0.54,10.0,0.49,15.0,0.64,9.28,0.65,15.0,0.1,0.1,43.329565,1776196074000
1776196076.236,176.236,0.36,9.28,0.35,15.0,0.46,10.0,0.51,15.0,0.54,10.0,0.49,15.0,0.64,9.28,0.65,15.0,0.1,0.1,43.329576,1776196075000
1776196077.563,177.563,0.36,9.28,0.35,15.0,0.46,10.0,0.51,15.0,0.54,10.0,0.49,15.0,0.64,9.28,0.65,15.0,0.1,0.1,43.329578,1776196076000
1776196078.395,178.395,0.36,9.28,0.35,15.0,0.46,10.0,0.51,15.0,0.54,10.0,0.49,15.0,0.64,9.28,0.65,15.0,0.1,0.1,43.327791,1776196077000
1776196079.244,179.244,0.36,9.28,0.35,15.0,0.46,10.0,0.51,15.0,0.54,10.0,0.49,15.0,0.64,9.28,0.65,15.0,0.1,0.1,43.327459,1776196078000
1776196080.647,180.647,0.36,9.28,0.35,15.0,0.46,10.0,0.51,15.0,0.54,10.0,0.49,15.0,0.64,9.28,0.65,15.0,0.1,0.1,43.327445,1776196079000
1776196081.326,181.326,0.36,9.28,0.35,15.0,0.46,10.0,0.51,15.0,0.54,10.0,0.49,15.0,0.64,9.28,0.65,15.0,0.1,0.1,43.32761,1776196080000
1776196082.154,182.154,0.36,9.28,0.35,15.0,0.46,10.0,0.51,15.0,0.54,10.0,0.49,15.0,0.64,9.28,0.65,15.0,0.1,0.1,43.32761,1776196081000
1776196083.562,183.562,0.36,9.28,0.35,15.0,0.46,10.0,0.51,15.0,0.54,10.0,0.49,15.0,0.64,9.28,0.65,15.0,0.1,0.1,43.32761,1776196082000
1776196084.664,184.664,0.36,9.28,0.35,15.0,0.46,10.0,0.51,15.0,0.54,10.0,0.49,15.0,0.64,9.28,0.65,15.0,0.1,0.1,43.337237,1776196083000
1776196085.327,185.327,0.36,9.28,0.35,15.0,0.46,10.0,0.51,15.0,0.54,10.0,0.49,15.0,0.64,9.28,0.65,15.0,0.1,0.1,43.341871,1776196084000
1776196086.176,186.176,0.36,9.28,0.35,15.0,0.46,10.0,0.51,15.0,0.54,10.0,0.49,15.0,0.64,9.28,0.65,15.0,0.1,0.1,43.343374,1776196085000
1776196087.409,187.409,0.36,9.28,0.35,15.0,0.46,10.0,0.51,15.0,0.54,10.0,0.49,15.0,0.64,9.28,0.65,15.0,0.1,0.1,43.345705,1776196086000
1776196087.95,187.95,0.36,9.28,0.35,15.0,0.46,10.0,0.51,15.0,0.54,10.0,0.49,15.0,0.64,9.28,0.65,15.0,0.1,0.1,43.34587,1776196087000
1776196089.145,189.145,0.36,9.28,0.35,15.0,0.46,10.0,0.51,15.0,0.54,10.0,0.49,15.0,0.64,9.28,0.65,15.0,0.1,0.1,43.345565,1776196088000
1776196089.945,189.945,0.41,15.0,0.4,40.0,0.44,5.0,0.61,10.0,0.54,10.0,0.49,15.0,0.64,9.28,0.65,15.0,0.03,0.1,43.345565,1776196088000
1776196090.203,190.203,0.41,15.0,0.4,40.0,0.44,5.0,0.61,10.0,0.56,5.0,0.39,10.0,0.59,15.0,0.6,40.0,0.03,0.03,43.345565,1776196089000
1776196091.038,191.038,0.47,5.0,0.41,15.0,0.62,15.0,0.63,15.0,0.38,15.0,0.37,15.0,0.53,5.0,0.59,15.0,0.15,0.15,43.345636,1776196090000
1776196092.145,192.145,0.47,5.0,0.41,15.0,0.62,15.0,0.63,15.0,0.38,15.0,0.37,15.0,0.53,5.0,0.59,15.0,0.15,0.15,43.354714,1776196091000
1776196093.241,193.241,0.47,5.0,0.41,15.0,0.62,15.0,0.63,15.0,0.38,15.0,0.37,15.0,0.53,5.0,0.59,15.0,0.15,0.15,43.355706,1776196092000
1776196093.833,193.833,0.47,5.0,0.41,15.0,0.62,15.0,0.63,15.0,0.38,15.0,0.37,15.0,0.53,5.0,0.59,15.0,0.15,0.15,43.355706,1776196093000
1776196094.957,194.957,0.47,5.0,0.41,15.0,0.62,15.0,0.63,15.0,0.38,15.0,0.37,15.0,0.53,5.0,0.59,15.0,0.15,0.15,43.351953,1776196094000
1776196096.212,196.212,0.47,5.0,0.41,15.0,0.62,15.0,0.63,15.0,0.38,15.0,0.37,15.0,0.53,5.0,0.59,15.0,0.15,0.15,43.345373,1776196095000
1776196097.405,197.405,0.47,5.0,0.41,15.0,0.62,15.0,0.63,15.0,0.38,15.0,0.37,15.0,0.53,5.0,0.59,15.0,0.15,0.15,43.345207,1776196096000
1776196098.425,198.425,0.47,5.0,0.41,15.0,0.62,15.0,0.63,15.0,0.38,15.0,0.37,15.0,0.53,5.0,0.59,15.0,0.15,0.15,43.345143,1776196097000
1776196098.945,198.945,0.47,5.0,0.41,15.0,0.62,15.0,0.63,15.0,0.38,15.0,0.37,15.0,0.53,5.0,0.59,15.0,0.15,0.15,43.344978,1776196098000
1776196100.799,200.799,0.47,5.0,0.41,15.0,0.62,15.0,0.63,15.0,0.38,15.0,0.37,15.0,0.53,5.0,0.59,15.0,0.15,0.15,43.341596,1776196099000
1776196101.373,201.373,0.47,5.0,0.41,15.0,0.62,15.0,0.63,15.0,0.38,15.0,0.37,15.0,0.53,5.0,0.59,15.0,0.15,0.15,43.341596,1776196100000
1776196101.657,201.657,0.35,13.46,0.34,15.0,0.43,10.0,0.48,15.0,0.38,15.0,0.37,15.0,0.53,5.0,0.59,15.0,0.08,0.15,43.341596,1776196100000
1776196102.205,202.205,0.35,13.46,0.34,15.0,0.43,10.0,0.48,15.0,0.57,10.0,0.52,15.0,0.65,13.46,0.66,15.0,0.08,0.08,43.341596,1776196101000
1776196103.557,203.557,0.35,13.46,0.34,15.0,0.43,10.0,0.48,15.0,0.57,10.0,0.52,15.0,0.65,13.46,0.66,15.0,0.08,0.08,43.341231,1776196102000
1776196104.108,204.108,0.35,13.46,0.34,15.0,0.43,10.0,0.48,15.0,0.57,10.0,0.52,15.0,0.65,13.46,0.66,15.0,0.08,0.08,43.341231,1776196103000
1776196105.606,205.606,0.35,13.46,0.34,15.0,0.43,10.0,0.48,15.0,0.57,10.0,0.52,15.0,0.65,13.46,0.66,15.0,0.08,0.08,43.337753,1776196104000
1776196106.231,206.231,0.35,13.46,0.34,15.0,0.43,10.0,0.48,15.0,0.57,10.0,0.52,15.0,0.65,13.46,0.66,15.0,0.08,0.08,43.337753,1776196105000
1776196107.352,207.352,0.35,13.46,0.34,15.0,0.43,10.0,0.48,15.0,0.57,10.0,0.52,15.0,0.65,13.46,0.66,15.0,0.08,0.08,43.33767,1776196106000
1776196107.973,207.973,0.35,13.46,0.34,15.0,0.43,10.0,0.48,15.0,0.57,10.0,0.52,15.0,0.65,13.46,0.66,15.0,0.08,0.08,43.33767,1776196107000
1776196109.238,209.238,0.35,13.46,0.34,15.0,0.43,10.0,0.48,15.0,0.57,10.0,0.52,15.0,0.65,13.46,0.66,15.0,0.08,0.08,43.33449,1776196108000
1776196110.567,210.567,0.35,13.46,0.34,15.0,0.43,10.0,0.48,15.0,0.57,10.0,0.52,15.0,0.65,13.46,0.66,15.0,0.08,0.08,43.334419,1776196109000
1776196110.788,210.788,0.24,4.9,0.23,15.0,0.31,10.0,0.36,15.0,0.69,10.0,0.64,15.0,0.76,4.9,0.77,15.0,0.07,0.07,43.334419,1776196109000
1776196111.274,211.274,0.24,4.9,0.23,15.0,0.31,10.0,0.36,15.0,0.69,10.0,0.64,15.0,0.76,4.9,0.77,15.0,0.07,0.07,43.333583,1776196110000
1776196112.511,212.511,0.24,4.9,0.23,15.0,0.31,10.0,0.36,15.0,0.69,10.0,0.64,15.0,0.76,4.9,0.77,15.0,0.07,0.07,43.33258,1776196111000
1776196113.237,213.237,0.24,4.9,0.23,15.0,0.31,10.0,0.36,15.0,0.69,10.0,0.64,15.0,0.76,4.9,0.77,15.0,0.07,0.07,43.332303,1776196112000
1776196114.48,214.48,0.24,4.9,0.23,15.0,0.31,10.0,0.36,15.0,0.69,10.0,0.64,15.0,0.76,4.9,0.77,15.0,0.07,0.07,43.331999,1776196113000
1776196115.044,215.044,0.24,4.9,0.23,15.0,0.31,10.0,0.36,15.0,0.69,10.0,0.64,15.0,0.76,4.9,0.77,15.0,0.07,0.07,43.331857,1776196114000
1776196116.752,216.752,0.24,4.9,0.23,15.0,0.31,10.0,0.36,15.0,0.69,10.0,0.64,15.0,0.76,4.9,0.77,15.0,0.07,0.07,43.331842,1776196115000
1776196117.787,217.787,0.24,4.9,0.23,15.0,0.31,10.0,0.36,15.0,0.69,10.0,0.64,15.0,0.76,4.9,0.77,15.0,0.07,0.07,43.331842,1776196116000
1776196118.435,218.435,0.24,4.9,0.23,15.0,0.31,10.0,0.36,15.0,0.69,10.0,0.64,15.0,0.76,4.9,0.77,15.0,0.07,0.07,43.33184,1776196117000
1776196119.233,219.233,0.24,4.9,0.23,15.0,0.31,10.0,0.36,15.0,0.69,10.0,0.64,15.0,0.76,4.9,0.77,15.0,0.07,0.07,43.331428,1776196118000
1776196120.669,220.669,0.24,4.9,0.23,15.0,0.31,10.0,0.36,15.0,0.69,10.0,0.64,15.0,0.76,4.9,0.77,15.0,0.07,0.07,43.33301,1776196119000
1776196121.276,221.276,0.24,4.9,0.23,15.0,0.31,10.0,0.36,15.0,0.69,10.0,0.64,15.0,0.76,4.9,0.77,15.0,0.07,0.07,43.33628,1776196120000
1776196122.102,222.102,0.24,4.9,0.23,15.0,0.31,10.0,0.36,15.0,0.69,10.0,0.64,15.0,0.76,4.9,0.77,15.0,0.07,0.07,43.337604,1776196121000
1776196123.395,223.395,0.24,4.9,0.23,15.0,0.31,10.0,0.36,15.0,0.69,10.0,0.64,15.0,0.76,4.9,0.77,15.0,0.07,0.07,43.346377,1776196122000
1776196124.018,224.018,0.24,4.9,0.23,15.0,0.31,10.0,0.36,15.0,0.69,10.0,0.64,15.0,0.76,4.9,0.77,15.0,0.07,0.07,43.349324,1776196123000
1776196125.304,225.304,0.24,4.9,0.23,15.0,0.31,10.0,0.36,15.0,0.69,10.0,0.64,15.0,0.76,4.9,0.77,15.0,0.07,0.07,43.356239,1776196124000
1776196126.611,226.611,0.24,4.9,0.23,15.0,0.31,10.0,0.36,15.0,0.69,10.0,0.64,15.0,0.76,4.9,0.77,15.0,0.07,0.07,43.356984,1776196125000
1776196127.398,227.398,0.24,4.9,0.23,15.0,0.31,10.0,0.36,15.0,0.69,10.0,0.64,15.0,0.76,4.9,0.77,15.0,0.07,0.07,43.356984,1776196126000
1776196128.027,228.027,0.24,4.9,0.23,15.0,0.31,10.0,0.36,15.0,0.69,10.0,0.64,15.0,0.76,4.9,0.77,15.0,0.07,0.07,43.357524,1776196127000
1776196129.538,229.538,0.24,4.9,0.23,15.0,0.31,10.0,0.36,15.0,0.69,10.0,0.64,15.0,0.76,4.9,0.77,15.0,0.07,0.07,43.356723,1776196128000
1776196130.184,230.184,0.24,4.9,0.23,15.0,0.31,10.0,0.36,15.0,0.69,10.0,0.64,15.0,0.76,4.9,0.77,15.0,0.07,0.07,43.356723,1776196129000
1776196131.587,231.587,0.24,4.9,0.23,15.0,0.31,10.0,0.36,15.0,0.69,10.0,0.64,15.0,0.76,4.9,0.77,15.0,0.07,0.07,43.356452,1776196130000
1776196132.24,232.24,0.24,4.9,0.23,15.0,0.31,10.0,0.36,15.0,0.69,10.0,0.64,15.0,0.76,4.9,0.77,15.0,0.07,0.07,43.356337,1776196131000
1776196133.512,233.512,0.24,4.9,0.23,15.0,0.31,10.0,0.36,15.0,0.69,10.0,0.64,15.0,0.76,4.9,0.77,15.0,0.07,0.07,43.356008,1776196132000
1776196134.633,234.633,0.24,4.9,0.23,15.0,0.31,10.0,0.36,15.0,0.69,10.0,0.64,15.0,0.76,4.9,0.77,15.0,0.07,0.07,43.35736,1776196133000
1776196135.247,235.247,0.24,4.9,0.23,15.0,0.31,10.0,0.36,15.0,0.69,10.0,0.64,15.0,0.76,4.9,0.77,15.0,0.07,0.07,43.358527,1776196134000
1776196136.475,236.475,0.24,4.9,0.23,15.0,0.31,10.0,0.36,15.0,0.69,10.0,0.64,15.0,0.76,4.9,0.77,15.0,0.07,0.07,43.362711,1776196135000
1776196137.048,237.048,0.24,4.9,0.23,15.0,0.31,10.0,0.36,15.0,0.69,10.0,0.64,15.0,0.76,4.9,0.77,15.0,0.07,0.07,43.361232,1776196136000
1776196138.158,238.158,0.24,4.9,0.23,15.0,0.31,10.0,0.36,15.0,0.69,10.0,0.64,15.0,0.76,4.9,0.77,15.0,0.07,0.07,43.35688,1776196137000
1776196139.152,239.152,0.24,4.9,0.23,15.0,0.31,10.0,0.36,15.0,0.69,10.0,0.64,15.0,0.76,4.9,0.77,15.0,0.07,0.07,43.356715,1776196138000
1776196140.486,240.486,0.24,4.9,0.23,15.0,0.31,10.0,0.36,15.0,0.69,10.0,0.64,15.0,0.76,4.9,0.77,15.0,0.07,0.07,43.356311,1776196139000
1776196141.111,241.111,0.24,4.9,0.23,15.0,0.31,10.0,0.36,15.0,0.69,10.0,0.64,15.0,0.76,4.9,0.77,15.0,0.07,0.07,43.356311,1776196140000
1776196142.217,242.217,0.24,4.9,0.23,15.0,0.31,10.0,0.36,15.0,0.69,10.0,0.64,15.0,0.76,4.9,0.77,15.0,0.07,0.07,43.356313,1776196141000
1776196143.272,243.272,0.24,4.9,0.23,15.0,0.31,10.0,0.36,15.0,0.69,10.0,0.64,15.0,0.76,4.9,0.77,15.0,0.07,0.07,43.355976,1776196142000
1776196144.275,244.275,0.24,4.9,0.23,15.0,0.31,10.0,0.36,15.0,0.69,10.0,0.64,15.0,0.76,4.9,0.77,15.0,0.07,0.07,43.35533,1776196143000
1776196145.41,245.41,0.24,4.9,0.23,15.0,0.31,10.0,0.36,15.0,0.69,10.0,0.64,15.0,0.76,4.9,0.77,15.0,0.07,0.07,43.354194,1776196144000
1776196146.565,246.565,0.24,4.9,0.23,15.0,0.31,10.0,0.36,15.0,0.69,10.0,0.64,15.0,0.76,4.9,0.77,15.0,0.07,0.07,43.353332,1776196145000
1776196147.279,247.279,0.24,4.9,0.23,15.0,0.31,10.0,0.36,15.0,0.69,10.0,0.64,15.0,0.76,4.9,0.77,15.0,0.07,0.07,43.353194,1776196146000
1776196148.376,248.376,0.24,4.9,0.23,15.0,0.31,10.0,0.36,15.0,0.69,10.0,0.64,15.0,0.76,4.9,0.77,15.0,0.07,0.07,43.352952,1776196147000
1776196149.577,249.577,0.24,4.9,0.23,15.0,0.31,10.0,0.36,15.0,0.69,10.0,0.64,15.0,0.76,4.9,0.77,15.0,0.07,0.07,43.353292,1776196148000
1776196150.104,250.104,0.24,4.9,0.23,15.0,0.31,10.0,0.36,15.0,0.69,10.0,0.64,15.0,0.76,4.9,0.77,15.0,0.07,0.07,43.353148,1776196149000
1776196151.372,251.372,0.24,4.9,0.23,15.0,0.31,10.0,0.36,15.0,0.69,10.0,0.64,15.0,0.76,4.9,0.77,15.0,0.07,0.07,43.353146,1776196150000
1776196152.411,252.411,0.24,4.9,0.23,15.0,0.31,10.0,0.36,15.0,0.69,10.0,0.64,15.0,0.76,4.9,0.77,15.0,0.07,0.07,43.352791,1776196151000
1776196153.508,253.508,0.24,4.9,0.23,15.0,0.31,10.0,0.36,15.0,0.69,10.0,0.64,15.0,0.76,4.9,0.77,15.0,0.07,0.07,43.352144,1776196152000
1776196154.158,254.158,0.24,4.9,0.23,15.0,0.31,10.0,0.36,15.0,0.69,10.0,0.64,15.0,0.76,4.9,0.77,15.0,0.07,0.07,43.352055,1776196153000
1776196155.244,255.244,0.24,4.9,0.23,15.0,0.31,10.0,0.36,15.0,0.69,10.0,0.64,15.0,0.76,4.9,0.77,15.0,0.07,0.07,43.349299,1776196154000
1776196156.449,256.449,0.24,4.9,0.23,15.0,0.31,10.0,0.36,15.0,0.69,10.0,0.64,15.0,0.76,4.9,0.77,15.0,0.07,0.07,43.34963,1776196155000
1776196156.897,256.897,0.24,4.9,0.23,15.0,0.31,10.0,0.36,15.0,0.69,10.0,0.64,15.0,0.76,4.9,0.77,15.0,0.07,0.07,43.349653,1776196156000
1776196158.11,258.11,0.24,4.9,0.23,15.0,0.31,10.0,0.36,15.0,0.69,10.0,0.64,15.0,0.76,4.9,0.77,15.0,0.07,0.07,43.349647,1776196157000
1776196159.13,259.13,0.24,4.9,0.23,15.0,0.31,10.0,0.36,15.0,0.69,10.0,0.64,15.0,0.76,4.9,0.77,15.0,0.07,0.07,43.349647,1776196158000
1776196160.22,260.22,0.24,4.9,0.23,15.0,0.31,10.0,0.36,15.0,0.69,10.0,0.64,15.0,0.76,4.9,0.77,15.0,0.07,0.07,43.350174,1776196159000
1776196161.292,261.292,0.24,4.9,0.23,15.0,0.31,10.0,0.36,15.0,0.69,10.0,0.64,15.0,0.76,4.9,0.77,15.0,0.07,0.07,43.349844,1776196160000
1776196162.294,262.294,0.24,4.9,0.23,15.0,0.31,10.0,0.36,15.0,0.69,10.0,0.64,15.0,0.76,4.9,0.77,15.0,0.07,0.07,43.349798,1776196161000
1776196163.988,263.988,0.24,4.9,0.23,15.0,0.31,10.0,0.36,15.0,0.69,10.0,0.64,15.0,0.76,4.9,0.77,15.0,0.07,0.07,43.349566,1776196162000
1776196164.432,264.432,0.24,4.9,0.23,15.0,0.31,10.0,0.36,15.0,0.69,10.0,0.64,15.0,0.76,4.9,0.77,15.0,0.07,0.07,43.349108,1776196163000
1776196165.058,265.058,0.24,4.9,0.23,15.0,0.31,10.0,0.36,15.0,0.69,10.0,0.64,15.0,0.76,4.9,0.77,15.0,0.07,0.07,43.349108,1776196164000
1776196166.114,266.114,0.24,4.9,0.23,15.0,0.31,10.0,0.36,15.0,0.69,10.0,0.64,15.0,0.76,4.9,0.77,15.0,0.07,0.07,43.349135,1776196165000
1776196167.252,267.252,0.24,4.9,0.23,15.0,0.31,10.0,0.36,15.0,0.69,10.0,0.64,15.0,0.76,4.9,0.77,15.0,0.07,0.07,43.34872,1776196166000
1776196168.431,268.431,0.24,4.9,0.23,15.0,0.31,10.0,0.36,15.0,0.69,10.0,0.64,15.0,0.76,4.9,0.77,15.0,0.07,0.07,43.35036,1776196167000
1776196169.013,269.013,0.24,4.9,0.23,15.0,0.31,10.0,0.36,15.0,0.69,10.0,0.64,15.0,0.76,4.9,0.77,15.0,0.07,0.07,43.35036,1776196168000
1776196170.09,270.09,0.24,4.9,0.23,15.0,0.31,10.0,0.36,15.0,0.69,10.0,0.64,15.0,0.76,4.9,0.77,15.0,0.07,0.07,43.348945,1776196169000
1776196170.685,270.685,0.35,9.95,0.34,15.0,0.49,15.0,0.5,25.0,0.69,10.0,0.64,15.0,0.76,4.9,0.77,15.0,0.14,0.07,43.348945,1776196169000
1776196171.239,271.239,0.34,4.75,0.33,25.0,0.49,15.0,0.5,25.0,0.51,15.0,0.5,25.0,0.66,4.75,0.67,25.0,0.15,0.15,43.349002,1776196170000
1776196172.449,272.449,0.34,4.75,0.33,25.0,0.49,15.0,0.5,25.0,0.51,15.0,0.5,25.0,0.66,4.75,0.67,25.0,0.15,0.15,43.349062,1776196171000
1776196173.068,273.068,0.34,4.75,0.33,25.0,0.49,15.0,0.5,25.0,0.51,15.0,0.5,25.0,0.66,4.75,0.67,25.0,0.15,0.15,43.34838,1776196172000
1776196174.338,274.338,0.34,4.75,0.33,25.0,0.49,15.0,0.5,25.0,0.51,15.0,0.5,25.0,0.66,4.75,0.67,25.0,0.15,0.15,43.348378,1776196173000
1776196175.495,275.495,0.34,4.75,0.33,25.0,0.49,15.0,0.5,25.0,0.51,15.0,0.5,25.0,0.66,4.75,0.67,25.0,0.15,0.15,43.349624,1776196174000
1776196176.117,276.117,0.34,4.75,0.33,25.0,0.49,15.0,0.5,25.0,0.51,15.0,0.5,25.0,0.66,4.75,0.67,25.0,0.15,0.15,43.349624,1776196175000
1776196177.241,277.241,0.34,4.75,0.33,25.0,0.49,15.0,0.5,25.0,0.51,15.0,0.5,25.0,0.66,4.75,0.67,25.0,0.15,0.15,43.358474,1776196176000
1776196178.703,278.703,0.34,4.75,0.33,25.0,0.49,15.0,0.5,25.0,0.51,15.0,0.5,25.0,0.66,4.75,0.67,25.0,0.15,0.15,43.367086,1776196177000
1776196179.226,279.226,0.34,4.75,0.33,25.0,0.49,15.0,0.5,25.0,0.51,15.0,0.5,25.0,0.66,4.75,0.67,25.0,0.15,0.15,43.367086,1776196178000
1776196180.31,280.31,0.34,4.75,0.33,25.0,0.49,15.0,0.5,25.0,0.51,15.0,0.5,25.0,0.66,4.75,0.67,25.0,0.15,0.15,43.367516,1776196179000
1776196181.278,281.278,0.34,4.75,0.33,25.0,0.49,15.0,0.5,25.0,0.51,15.0,0.5,25.0,0.66,4.75,0.67,25.0,0.15,0.15,43.367964,1776196180000
1776196182.404,282.404,0.34,4.75,0.33,25.0,0.49,15.0,0.5,25.0,0.51,15.0,0.5,25.0,0.66,4.75,0.67,25.0,0.15,0.15,43.367993,1776196181000
1776196182.944,282.944,0.34,4.75,0.33,25.0,0.49,15.0,0.5,25.0,0.51,15.0,0.5,25.0,0.66,4.75,0.67,25.0,0.15,0.15,43.367984,1776196182000
1776196184.009,284.009,0.34,4.75,0.33,25.0,0.49,15.0,0.5,25.0,0.51,15.0,0.5,25.0,0.66,4.75,0.67,25.0,0.15,0.15,43.367981,1776196183000
1776196185.19,285.19,0.34,4.75,0.33,25.0,0.49,15.0,0.5,25.0,0.51,15.0,0.5,25.0,0.66,4.75,0.67,25.0,0.15,0.15,43.367981,1776196184000
1776196186.014,286.014,0.34,4.75,0.33,25.0,0.49,15.0,0.5,25.0,0.51,15.0,0.5,25.0,0.66,4.75,0.67,25.0,0.15,0.15,43.368631,1776196185000
1776196187.054,287.054,0.34,4.75,0.33,25.0,0.49,15.0,0.5,25.0,0.51,15.0,0.5,25.0,0.66,4.75,0.67,25.0,0.15,0.15,43.369356,1776196186000
1776196188.058,288.058,0.34,4.75,0.33,25.0,0.49,15.0,0.5,25.0,0.51,15.0,0.5,25.0,0.66,4.75,0.67,25.0,0.15,0.15,43.369356,1776196187000
1776196189.169,289.169,0.34,4.75,0.33,25.0,0.49,15.0,0.5,25.0,0.51,15.0,0.5,25.0,0.66,4.75,0.67,25.0,0.15,0.15,43.369424,1776196188000
1776196190.147,290.147,0.34,4.75,0.33,25.0,0.49,15.0,0.5,25.0,0.51,15.0,0.5,25.0,0.66,4.75,0.67,25.0,0.15,0.15,43.36926,1776196189000
1776196191.237,291.237,0.34,4.75,0.33,25.0,0.49,15.0,0.5,25.0,0.51,15.0,0.5,25.0,0.66,4.75,0.67,25.0,0.15,0.15,43.36923,1776196190000
1776196192.382,292.382,0.76,10.0,0.15,100.0,0.98,5.0,0.99,320.0,0.51,15.0,0.5,25.0,0.66,4.75,0.67,25.0,0.22,0.15,43.36923,1776196190000
1776196193.197,293.197,0.76,10.0,0.15,100.0,0.98,5.0,0.99,320.0,0.02,5.0,0.01,320.0,0.24,10.0,0.85,100.0,0.22,0.22,43.368918,1776196192000
1776196194.576,294.576,0.76,10.0,0.15,100.0,0.98,5.0,0.99,320.0,0.02,5.0,0.01,320.0,0.24,10.0,0.85,100.0,0.22,0.22,43.368701,1776196193000
1776196194.829,294.829,0.43,10.0,0.15,100.0,0.6,5.0,0.98,5.0,0.02,5.0,0.01,320.0,0.24,10.0,0.85,100.0,0.17,0.22,43.368701,1776196193000
1776196195.296,295.296,0.15,100.0,0.05,67.0,0.98,1.56,0.99,320.0,0.02,1.56,0.01,320.0,0.85,100.0,0.95,67.0,0.83,0.83,43.368519,1776196194000
1776196196.443,296.443,0.48,10.0,0.15,100.0,0.65,8.31,0.99,287.75,0.01,312.75,,,0.54,10.0,0.85,100.0,0.17,0.53,43.368519,1776196194000
1776196196.729,296.729,0.48,10.0,0.15,100.0,0.65,8.31,0.99,287.75,0.35,8.31,0.01,287.75,0.52,10.0,0.85,100.0,0.17,0.17,43.358989,1776196195000
1776196196.971,296.971,0.05,67.0,0.02,5.0,0.99,157.45,,,0.35,8.31,0.01,287.75,0.52,10.0,0.85,100.0,0.94,0.17,43.358989,1776196195000
1776196197.45,297.45,0.38,10.0,0.05,67.0,0.55,8.08,0.6,3.49,0.43,8.46,0.4,3.49,0.6,1.68,0.95,67.0,0.17,0.17,43.358989,1776196195000
1776196197.873,297.873,0.68,11.91,0.6,46.72,0.99,170.45,,,0.01,175.45,,,0.4,46.72,0.95,66.0,0.31,0.39,43.358329,1776196196000
1776196198.082,298.082,0.68,11.91,0.6,46.72,0.99,167.1,,,0.01,167.1,,,0.32,11.91,0.4,46.72,0.31,0.31,43.355539,1776196197000
1776196198.434,298.434,0.68,11.91,0.6,46.72,0.99,157.99,,,0.01,159.1,,,0.32,1.91,0.4,46.72,0.31,0.31,43.355539,1776196197000
1776196198.713,298.713,0.68,11.91,0.6,46.72,0.99,131.53,,,0.01,157.99,,,0.32,11.91,0.4,46.72,0.31,0.31,43.355539,1776196197000
1776196199.032,299.032,0.68,11.91,0.61,6.0,0.99,20.69,,,0.01,47.15,,,0.32,11.91,0.4,46.72,0.31,0.31,43.355539,1776196197000
1776196199.315,299.315,0.68,11.91,0.61,6.0,0.99,18.66,,,0.01,18.66,,,0.32,11.91,0.39,6.0,0.31,0.31,43.354652,1776196198000
1776196200.279,300.279,0.77,20.0,0.75,6.0,,,,,,,,,0.01,11.19,0.23,20.0,,,43.354652,1776196198000
1776196200.6,300.6,0.77,20.0,0.75,6.0,,,,,,,,,0.23,20.0,0.25,6.0,,,43.35741,1776196199000
1776196201.333,301.333,0.77,20.0,0.75,6.0,,,,,,,,,0.23,20.0,0.25,6.0,,,43.35741,1776196200000
1776196202.566,302.566,0.77,20.0,0.75,6.0,,,,,,,,,0.23,20.0,0.25,6.0,,,43.354559,1776196201000

# RESULT,winner=Up,slug=hype-updown-5m-1776195900,ticks=306
