timestamp,elapsed_sec,up_bid_p1,up_bid_s1,up_bid_p2,up_bid_s2,up_ask_p1,up_ask_s1,up_ask_p2,up_ask_s2,down_bid_p1,down_bid_s1,down_bid_p2,down_bid_s2,down_ask_p1,down_ask_s1,down_ask_p2,down_ask_s2,up_spread,down_spread,hype_price,hype_oracle_ts
1776319224.208,24.208,0.68,15.0,0.55,5.0,0.81,52.77,0.82,5.0,0.41,37.0,0.4,33.0,0.59,37.0,0.6,33.0,0.13,0.18,45.62346,1776319222000
1776319255.186,55.186,0.36,15.0,0.35,15.0,0.51,48.03,0.53,15.0,0.19,52.77,0.18,5.0,0.32,15.0,0.45,5.0,0.15,0.13,45.554969,1776319254000
1776319270.165,70.165,0.36,15.0,0.35,15.0,0.37,295.0,0.57,15.0,0.49,48.03,0.47,15.0,0.64,15.0,0.65,15.0,0.01,0.15,45.553726,1776319268000
1776319270.482,70.482,0.36,15.0,0.35,15.0,0.37,280.0,0.56,15.0,0.63,295.0,0.43,15.0,0.64,15.0,0.65,15.0,0.01,0.01,45.557552,1776319269000
1776319273.539,73.539,0.36,15.0,0.35,15.0,0.37,259.88,0.49,15.0,0.63,266.75,0.52,15.0,0.64,15.0,0.65,15.0,0.01,0.01,45.56314,1776319272000
1776319278.696,78.696,0.36,15.0,0.35,15.0,0.37,254.44,0.54,15.0,0.63,259.88,0.51,15.0,0.64,15.0,0.65,15.0,0.01,0.01,45.562797,1776319277000
1776319279.046,79.046,0.36,15.0,0.35,15.0,0.37,234.44,0.57,30.0,0.63,239.44,0.46,15.0,0.64,15.0,0.65,15.0,0.01,0.01,45.562797,1776319277000
1776319279.511,79.511,0.36,15.0,0.35,15.0,0.37,228.44,0.57,15.0,0.63,234.44,0.43,30.0,0.64,15.0,0.65,15.0,0.01,0.01,45.562797,1776319277000
1776319279.881,79.881,0.36,15.0,0.35,15.0,0.37,222.44,0.57,15.0,0.63,228.44,0.43,15.0,0.64,15.0,0.65,15.0,0.01,0.01,45.56158,1776319278000
1776319285.411,85.411,0.36,15.0,0.35,15.0,0.37,215.91,0.5,15.0,0.63,222.44,0.43,15.0,0.64,15.0,0.65,15.0,0.01,0.01,45.567506,1776319284000
1776319286.922,86.922,0.36,15.0,0.35,20.0,0.37,213.2,0.56,15.0,0.63,215.91,0.5,15.0,0.64,15.0,0.65,15.0,0.01,0.01,45.567506,1776319285000
1776319290.11,90.11,0.36,15.0,0.35,20.0,0.37,163.2,0.56,15.0,0.63,213.2,0.44,15.0,0.64,15.0,0.65,20.0,0.01,0.01,45.571956,1776319289000
1776319290.663,90.663,0.36,4.84,0.35,20.0,0.37,154.84,0.51,50.0,0.63,154.84,0.49,50.0,0.64,15.0,0.65,20.0,0.01,0.01,45.571956,1776319289000
1776319292.343,92.343,0.36,4.84,0.35,20.0,0.37,146.02,0.51,50.0,0.63,154.84,0.49,50.0,0.64,4.84,0.65,20.0,0.01,0.01,45.575501,1776319291000
1776319295.33,95.33,0.36,4.84,0.35,15.0,0.37,140.05,0.5,15.0,0.63,146.02,0.49,50.0,0.64,4.84,0.65,20.0,0.01,0.01,45.578273,1776319294000
1776319297.215,97.215,0.36,0.19,0.35,15.0,0.37,140.05,0.51,50.0,0.63,140.05,0.5,15.0,0.64,4.84,0.65,15.0,0.01,0.01,45.575962,1776319296000
1776319298.69,98.69,0.36,15.0,0.35,13.64,0.37,129.77,0.5,15.0,0.63,140.05,0.49,65.0,0.65,13.64,0.66,15.0,0.01,0.02,45.573769,1776319297000
1776319307.658,107.658,0.3,15.0,0.29,15.0,0.31,35.0,0.35,15.0,0.63,129.77,0.5,15.0,0.64,15.0,0.65,13.64,0.01,0.01,45.560764,1776319306000
1776319322.295,122.295,0.36,15.0,0.35,15.0,0.37,116.25,0.51,50.0,0.69,35.0,0.65,15.0,0.7,15.0,0.71,15.0,0.01,0.01,45.56697,1776319321000
1776319325.786,125.786,0.36,4.84,0.35,15.0,0.37,116.25,0.51,50.0,0.63,116.25,0.49,50.0,0.64,15.0,0.65,15.0,0.01,0.01,45.567293,1776319324000
1776319337.546,137.546,0.36,4.84,0.35,15.0,0.37,105.97,0.51,50.0,0.63,116.25,0.49,50.0,0.64,4.84,0.65,15.0,0.01,0.01,45.572385,1776319335000
1776319341.387,141.387,0.35,9.61,0.34,15.0,0.37,105.97,0.51,50.0,0.63,105.97,0.49,50.0,0.64,4.84,0.65,15.0,0.02,0.01,45.577028,1776319340000
1776319344.921,144.921,0.36,15.0,0.35,9.61,0.37,95.42,0.51,50.0,0.63,105.97,0.49,50.0,0.65,9.61,0.66,15.0,0.01,0.02,45.576229,1776319343000
1776319359.54,159.54,0.36,15.0,0.35,9.61,0.37,87.27,0.61,50.0,0.63,95.42,0.49,50.0,0.64,15.0,0.65,9.61,0.01,0.01,45.578559,1776319358000
1776319361.27,161.27,0.36,127.0,0.35,9.61,0.37,79.12,0.61,50.0,0.63,87.27,0.39,50.0,0.64,15.0,0.65,9.61,0.01,0.01,45.578702,1776319360000
1776319366.31,166.31,0.36,127.0,0.35,9.61,0.37,42.0,0.61,50.0,0.63,79.12,0.39,50.0,0.64,127.0,0.65,9.61,0.01,0.01,45.58923,1776319365000
1776319368.309,168.309,0.36,127.0,0.35,9.61,0.37,38.94,0.61,50.0,0.63,42.0,0.39,50.0,0.64,127.0,0.65,9.61,0.01,0.01,45.590131,1776319366000
1776319368.512,168.512,0.36,127.0,0.35,9.61,0.37,32.94,0.61,50.0,0.63,38.94,0.39,50.0,0.64,127.0,0.65,9.61,0.01,0.01,45.590745,1776319367000
1776319377.891,177.891,0.36,116.68,0.35,9.61,0.37,32.94,0.51,50.0,0.63,32.94,0.39,50.0,0.64,127.0,0.65,9.61,0.01,0.01,45.586493,1776319376000
1776319380.965,180.965,0.36,116.68,0.35,9.61,0.37,22.39,0.51,50.0,0.63,32.94,0.49,50.0,0.64,116.68,0.65,9.61,0.01,0.01,45.579124,1776319379000
1776319382.826,182.826,0.36,62.0,0.3,15.0,0.37,22.39,0.41,50.0,0.63,22.39,0.49,50.0,0.64,116.68,0.65,9.61,0.01,0.01,45.578516,1776319381000
1776319384.03,184.03,0.29,15.0,0.28,15.0,0.39,10.6,0.41,50.0,0.63,22.39,0.59,50.0,0.64,62.0,0.7,15.0,0.1,0.01,45.578815,1776319382000
1776319409.457,209.457,0.2,39.94,0.19,15.0,0.3,15.0,0.31,65.0,0.61,10.6,0.59,50.0,0.71,15.0,0.72,15.0,0.1,0.1,45.532515,1776319408000
1776319416.269,216.269,0.2,9.97,0.19,15.0,0.21,15.0,0.29,15.0,0.7,15.0,0.69,65.0,0.8,39.94,0.81,15.0,0.01,0.1,45.533141,1776319415000
1776319417.525,217.525,0.16,15.0,0.15,15.0,0.2,10.53,0.21,50.0,0.79,15.0,0.71,15.0,0.8,4.47,0.81,15.0,0.04,0.01,45.532888,1776319416000
1776319420.475,220.475,0.12,15.0,0.11,15.0,0.21,65.0,0.22,15.0,0.8,10.53,0.79,50.0,0.84,15.0,0.85,15.0,0.09,0.04,45.525293,1776319419000
1776319424.566,224.566,0.12,15.0,0.11,15.0,0.2,15.0,0.21,65.0,0.79,65.0,0.78,15.0,0.88,15.0,0.89,15.0,0.08,0.09,45.521573,1776319423000
1776319427.649,227.649,0.13,7.61,0.12,15.0,0.14,24.0,0.16,15.0,0.8,15.0,0.79,65.0,0.88,15.0,0.89,15.0,0.01,0.08,45.521331,1776319426000
1776319430.412,230.412,0.12,15.0,0.11,15.0,0.14,24.0,0.16,15.0,0.86,24.0,0.84,15.0,0.87,7.61,0.88,15.0,0.02,0.01,45.521509,1776319429000
1776319439.513,239.513,0.1,2.14,0.09,15.0,0.14,24.0,0.17,15.0,0.86,24.0,0.84,15.0,0.88,15.0,0.89,15.0,0.04,0.02,45.518275,1776319438000
1776319440.786,240.786,0.1,0.14,0.09,15.0,0.14,24.0,0.15,15.0,0.86,24.0,0.83,15.0,0.9,2.14,0.91,15.0,0.04,0.04,45.518866,1776319439000
1776319441.804,241.804,0.1,11.73,0.09,15.0,0.14,39.0,0.21,50.0,0.86,24.0,0.85,15.0,0.9,0.14,0.91,15.0,0.04,0.04,45.518866,1776319440000
1776319442.58,242.58,0.12,10.0,0.11,15.0,0.14,24.0,0.18,15.0,0.86,24.0,0.79,50.0,0.9,8.06,0.91,15.0,0.02,0.04,45.517672,1776319441000
1776319443.598,243.598,0.09,15.0,0.08,15.0,0.1,57.94,0.14,24.0,0.86,24.0,0.82,15.0,0.88,4.0,0.89,15.0,0.01,0.02,45.517672,1776319441000
1776319446.173,246.173,0.09,9.51,0.08,15.0,0.1,57.94,0.14,24.0,0.9,57.94,0.86,24.0,0.91,15.0,0.92,15.0,0.01,0.01,45.524322,1776319445000
1776319446.837,246.837,0.09,8.41,0.08,15.0,0.1,57.94,0.14,24.0,0.9,57.94,0.86,24.0,0.91,9.51,0.92,15.0,0.01,0.01,45.524322,1776319445000
1776319449.48,249.48,0.06,12.87,0.05,15.0,0.1,57.94,0.11,15.0,0.9,57.94,0.86,24.0,0.91,8.41,0.92,15.0,0.04,0.01,45.520041,1776319448000
1776319452.945,252.945,0.04,20.0,0.03,20.0,0.05,70.0,0.1,57.94,0.9,57.94,0.89,15.0,0.94,12.87,0.95,15.0,0.01,0.04,45.515241,1776319451000
1776319454.466,254.466,0.04,10.0,0.03,20.0,0.05,70.0,0.1,57.94,0.95,70.0,0.9,57.94,0.96,20.0,0.97,20.0,0.01,0.01,45.514658,1776319453000
1776319454.873,254.873,0.03,19.9,0.02,30.0,0.05,70.0,0.09,15.0,0.95,70.0,0.9,57.94,0.96,10.0,0.97,20.0,0.02,0.01,45.514658,1776319453000
1776319455.471,255.471,0.04,11.87,0.03,19.9,0.05,70.0,0.09,15.0,0.95,70.0,0.91,15.0,0.97,19.9,0.98,30.0,0.01,0.02,45.518735,1776319454000
1776319456.556,256.556,0.03,6.93,0.02,30.0,0.05,70.0,0.09,15.0,0.95,70.0,0.91,15.0,0.96,11.87,0.97,19.9,0.02,0.01,45.516586,1776319455000
1776319458.325,258.325,0.01,75.0,,,0.05,120.0,0.09,15.0,0.95,70.0,0.91,15.0,0.97,6.93,0.98,30.0,0.04,0.02,45.506233,1776319457000
1776319460.565,260.565,0.01,73.98,,,0.05,120.0,0.07,15.0,0.95,120.0,0.91,15.0,0.99,75.0,,,0.04,0.04,45.468921,1776319459000
1776319460.957,260.957,0.01,43.98,,,0.05,120.0,0.06,15.0,0.95,120.0,0.93,15.0,0.99,73.98,,,0.04,0.04,45.468921,1776319459000
1776319462.717,262.717,0.01,5.6,,,0.02,15.0,0.03,15.0,0.95,120.0,0.94,15.0,0.99,10.65,,,0.01,0.04,45.455342,1776319461000
1776319463.418,263.418,,,,,0.01,30.74,0.02,65.0,0.99,14.4,0.98,65.0,,,,,,,45.453662,1776319462000
1776319464.391,264.391,,,,,0.01,15.0,0.02,65.0,0.99,30.74,0.98,65.0,,,,,,,45.453662,1776319463000
1776319469.533,269.533,,,,,0.01,39.52,0.02,65.0,0.99,11.79,0.98,65.0,,,,,,,45.449597,1776319468000

# RESULT,winner=Down,slug=hype-updown-5m-1776319200,ticks=59
