timestamp,elapsed_sec,up_bid_p1,up_bid_s1,up_bid_p2,up_bid_s2,up_ask_p1,up_ask_s1,up_ask_p2,up_ask_s2,down_bid_p1,down_bid_s1,down_bid_p2,down_bid_s2,down_ask_p1,down_ask_s1,down_ask_p2,down_ask_s2,up_spread,down_spread,hype_price,hype_oracle_ts
1776228611.277,11.277,,,,,,,,,,,,,,,,,,,43.733717,1776228610000
1776228611.656,11.656,0.5,8.0,0.4,5.0,0.51,5.0,0.52,10.0,0.49,5.0,0.48,10.0,0.5,8.0,0.6,5.0,0.01,0.01,43.733717,1776228610000
1776228612.454,12.454,0.5,8.0,0.4,5.0,0.51,5.0,0.52,10.0,0.49,5.0,0.48,10.0,0.5,8.0,0.6,5.0,0.01,0.01,43.733628,1776228611000
1776228612.907,12.907,0.36,5.0,0.35,5.0,0.51,5.0,0.63,5.0,0.49,5.0,0.37,5.0,0.64,5.0,0.65,5.0,0.15,0.15,43.733451,1776228612000
1776228614.152,14.152,0.36,5.0,0.35,5.0,0.51,5.0,0.63,5.0,0.49,5.0,0.37,5.0,0.64,5.0,0.65,5.0,0.15,0.15,43.731185,1776228613000
1776228615.86,15.86,0.36,5.0,0.35,5.0,0.51,5.0,0.63,5.0,0.49,5.0,0.37,5.0,0.64,5.0,0.65,5.0,0.15,0.15,43.72344,1776228614000
1776228616.413,16.413,0.36,5.0,0.35,5.0,0.51,5.0,0.63,5.0,0.49,5.0,0.37,5.0,0.64,5.0,0.65,5.0,0.15,0.15,43.724714,1776228615000
1776228617.365,17.365,0.36,5.0,0.35,5.0,0.51,5.0,0.63,5.0,0.49,5.0,0.37,5.0,0.64,5.0,0.65,5.0,0.15,0.15,43.726927,1776228616000
1776228617.99,17.99,0.36,5.0,0.35,5.0,0.51,5.0,0.63,5.0,0.49,5.0,0.37,5.0,0.64,5.0,0.65,5.0,0.15,0.15,43.726927,1776228617000
1776228618.994,18.994,0.36,5.0,0.35,5.0,0.51,5.0,0.63,5.0,0.49,5.0,0.37,5.0,0.64,5.0,0.65,5.0,0.15,0.15,43.728193,1776228618000
1776228619.991,19.991,0.36,5.0,0.35,5.0,0.51,5.0,0.63,5.0,0.49,5.0,0.37,5.0,0.64,5.0,0.65,5.0,0.15,0.15,43.734337,1776228619000
1776228621.016,21.016,0.36,5.0,0.35,5.0,0.51,5.0,0.63,5.0,0.49,5.0,0.37,5.0,0.64,5.0,0.65,5.0,0.15,0.15,43.735175,1776228620000
1776228622.109,22.109,0.36,5.0,0.35,5.0,0.51,5.0,0.63,5.0,0.49,5.0,0.37,5.0,0.64,5.0,0.65,5.0,0.15,0.15,43.743815,1776228621000
1776228622.424,22.424,0.52,5.0,0.5,20.0,0.69,10.0,0.79,5.0,0.49,5.0,0.37,5.0,0.64,5.0,0.65,5.0,0.17,0.15,43.743815,1776228621000
1776228623.227,23.227,0.52,5.0,0.5,20.0,0.69,10.0,0.79,5.0,0.31,10.0,0.21,5.0,0.48,5.0,0.5,20.0,0.17,0.17,43.744059,1776228622000
1776228624.282,24.282,0.52,5.0,0.5,20.0,0.69,10.0,0.79,5.0,0.31,10.0,0.21,5.0,0.48,5.0,0.5,20.0,0.17,0.17,43.74524,1776228623000
1776228625.417,25.417,0.52,5.0,0.5,20.0,0.69,10.0,0.79,5.0,0.31,10.0,0.21,5.0,0.48,5.0,0.5,20.0,0.17,0.17,43.74567,1776228624000
1776228626.358,26.358,0.52,5.0,0.5,20.0,0.69,10.0,0.79,5.0,0.31,10.0,0.21,5.0,0.48,5.0,0.5,20.0,0.17,0.17,43.7512,1776228625000
1776228626.949,26.949,0.52,5.0,0.5,20.0,0.69,10.0,0.79,5.0,0.31,10.0,0.21,5.0,0.48,5.0,0.5,20.0,0.17,0.17,43.751146,1776228626000
1776228627.894,27.894,0.52,5.0,0.5,20.0,0.69,10.0,0.79,5.0,0.31,10.0,0.21,5.0,0.48,5.0,0.5,20.0,0.17,0.17,43.751646,1776228627000
1776228629.444,29.444,0.52,5.0,0.5,20.0,0.69,10.0,0.79,5.0,0.31,10.0,0.21,5.0,0.48,5.0,0.5,20.0,0.17,0.17,43.751509,1776228628000
1776228630.071,30.071,0.52,5.0,0.5,20.0,0.69,10.0,0.79,5.0,0.31,10.0,0.21,5.0,0.48,5.0,0.5,20.0,0.17,0.17,43.75158,1776228629000
1776228631.065,31.065,0.52,5.0,0.5,20.0,0.69,10.0,0.79,5.0,0.31,10.0,0.21,5.0,0.48,5.0,0.5,20.0,0.17,0.17,43.751061,1776228630000
1776228632.095,32.095,0.52,5.0,0.5,20.0,0.69,10.0,0.79,5.0,0.31,10.0,0.21,5.0,0.48,5.0,0.5,20.0,0.17,0.17,43.751046,1776228631000
1776228633.022,33.022,0.52,5.0,0.5,20.0,0.69,10.0,0.79,5.0,0.31,10.0,0.21,5.0,0.48,5.0,0.5,20.0,0.17,0.17,43.751461,1776228632000
1776228634.11,34.11,0.52,5.0,0.5,20.0,0.69,10.0,0.79,5.0,0.31,10.0,0.21,5.0,0.48,5.0,0.5,20.0,0.17,0.17,43.751029,1776228633000
1776228635.12,35.12,0.52,5.0,0.5,20.0,0.69,10.0,0.79,5.0,0.31,10.0,0.21,5.0,0.48,5.0,0.5,20.0,0.17,0.17,43.751246,1776228634000
1776228636.216,36.216,0.52,5.0,0.5,20.0,0.69,10.0,0.79,5.0,0.31,10.0,0.21,5.0,0.48,5.0,0.5,20.0,0.17,0.17,43.759552,1776228635000
1776228637.197,37.197,0.52,5.0,0.5,20.0,0.69,10.0,0.79,5.0,0.31,10.0,0.21,5.0,0.48,5.0,0.5,20.0,0.17,0.17,43.761064,1776228636000
1776228638.185,38.185,0.52,5.0,0.5,20.0,0.69,10.0,0.79,5.0,0.31,10.0,0.21,5.0,0.48,5.0,0.5,20.0,0.17,0.17,43.761064,1776228637000
1776228639.207,39.207,0.52,5.0,0.5,20.0,0.69,10.0,0.79,5.0,0.31,10.0,0.21,5.0,0.48,5.0,0.5,20.0,0.17,0.17,43.761866,1776228638000
1776228640.33,40.33,0.52,5.0,0.5,20.0,0.69,10.0,0.79,5.0,0.31,10.0,0.21,5.0,0.48,5.0,0.5,20.0,0.17,0.17,43.761867,1776228639000
1776228641.323,41.323,0.52,5.0,0.5,20.0,0.69,10.0,0.79,5.0,0.31,10.0,0.21,5.0,0.48,5.0,0.5,20.0,0.17,0.17,43.76188,1776228640000
1776228641.92,41.92,0.52,5.0,0.5,20.0,0.69,10.0,0.79,5.0,0.31,10.0,0.21,5.0,0.48,5.0,0.5,20.0,0.17,0.17,43.76188,1776228641000
1776228643.482,43.482,0.52,5.0,0.5,20.0,0.69,10.0,0.79,5.0,0.31,10.0,0.21,5.0,0.48,5.0,0.5,20.0,0.17,0.17,43.761881,1776228642000
1776228643.968,43.968,0.52,5.0,0.5,20.0,0.69,10.0,0.79,5.0,0.31,10.0,0.21,5.0,0.48,5.0,0.5,20.0,0.17,0.17,43.761881,1776228643000
1776228645.184,45.184,0.52,5.0,0.5,20.0,0.69,10.0,0.79,5.0,0.31,10.0,0.21,5.0,0.48,5.0,0.5,20.0,0.17,0.17,43.761882,1776228644000
1776228646.341,46.341,0.52,5.0,0.5,20.0,0.69,10.0,0.79,5.0,0.31,10.0,0.21,5.0,0.48,5.0,0.5,20.0,0.17,0.17,43.761705,1776228645000
1776228647.008,47.008,0.52,5.0,0.5,20.0,0.69,10.0,0.79,5.0,0.31,10.0,0.21,5.0,0.48,5.0,0.5,20.0,0.17,0.17,43.761701,1776228646000
1776228648.2,48.2,0.52,5.0,0.5,20.0,0.69,10.0,0.79,5.0,0.31,10.0,0.21,5.0,0.48,5.0,0.5,20.0,0.17,0.17,43.761591,1776228647000
1776228649.267,49.267,0.52,5.0,0.5,20.0,0.69,10.0,0.79,5.0,0.31,10.0,0.21,5.0,0.48,5.0,0.5,20.0,0.17,0.17,43.761523,1776228648000
1776228650.578,50.578,0.52,5.0,0.5,20.0,0.69,10.0,0.79,5.0,0.31,10.0,0.21,5.0,0.48,5.0,0.5,20.0,0.17,0.17,43.762428,1776228649000
1776228651.135,51.135,0.52,5.0,0.5,20.0,0.69,10.0,0.79,5.0,0.31,10.0,0.21,5.0,0.48,5.0,0.5,20.0,0.17,0.17,43.762508,1776228650000
1776228652.748,52.748,0.52,5.0,0.5,20.0,0.69,10.0,0.79,5.0,0.31,10.0,0.21,5.0,0.48,5.0,0.5,20.0,0.17,0.17,43.762496,1776228651000
1776228653.75,53.75,0.52,5.0,0.5,20.0,0.69,10.0,0.79,5.0,0.31,10.0,0.21,5.0,0.48,5.0,0.5,20.0,0.17,0.17,43.762496,1776228652000
1776228654.685,54.685,0.52,5.0,0.5,20.0,0.69,10.0,0.79,5.0,0.31,10.0,0.21,5.0,0.48,5.0,0.5,20.0,0.17,0.17,43.762496,1776228653000
1776228655.35,55.35,0.52,5.0,0.5,20.0,0.69,10.0,0.79,5.0,0.31,10.0,0.21,5.0,0.48,5.0,0.5,20.0,0.17,0.17,43.762013,1776228654000
1776228656.081,56.081,0.52,5.0,0.5,20.0,0.69,10.0,0.79,5.0,0.31,10.0,0.21,5.0,0.48,5.0,0.5,20.0,0.17,0.17,43.761648,1776228655000
1776228657.346,57.346,0.52,5.0,0.5,20.0,0.69,10.0,0.79,5.0,0.31,10.0,0.21,5.0,0.48,5.0,0.5,20.0,0.17,0.17,43.761306,1776228656000
1776228657.933,57.933,0.52,5.0,0.5,20.0,0.69,10.0,0.79,5.0,0.31,10.0,0.21,5.0,0.48,5.0,0.5,20.0,0.17,0.17,43.761306,1776228657000
1776228659.059,59.059,0.52,5.0,0.5,20.0,0.69,10.0,0.79,5.0,0.31,10.0,0.21,5.0,0.48,5.0,0.5,20.0,0.17,0.17,43.761306,1776228658000
1776228660.251,60.251,0.52,5.0,0.5,20.0,0.69,10.0,0.79,5.0,0.31,10.0,0.21,5.0,0.48,5.0,0.5,20.0,0.17,0.17,43.760762,1776228659000
1776228661.593,61.593,0.52,5.0,0.5,20.0,0.69,10.0,0.79,5.0,0.31,10.0,0.21,5.0,0.48,5.0,0.5,20.0,0.17,0.17,43.760759,1776228660000
1776228662.283,62.283,0.52,5.0,0.5,20.0,0.69,10.0,0.79,5.0,0.31,10.0,0.21,5.0,0.48,5.0,0.5,20.0,0.17,0.17,43.760376,1776228661000
1776228663.658,63.658,0.52,5.0,0.5,20.0,0.69,10.0,0.79,5.0,0.31,10.0,0.21,5.0,0.48,5.0,0.5,20.0,0.17,0.17,43.760187,1776228662000
1776228664.274,64.274,0.52,5.0,0.5,20.0,0.69,10.0,0.79,5.0,0.31,10.0,0.21,5.0,0.48,5.0,0.5,20.0,0.17,0.17,43.760087,1776228663000
1776228665.561,65.561,0.52,5.0,0.5,20.0,0.69,10.0,0.79,5.0,0.31,10.0,0.21,5.0,0.48,5.0,0.5,20.0,0.17,0.17,43.760361,1776228664000
1776228666.142,66.142,0.52,5.0,0.5,20.0,0.69,10.0,0.79,5.0,0.31,10.0,0.21,5.0,0.48,5.0,0.5,20.0,0.17,0.17,43.760361,1776228665000
1776228667.393,67.393,0.52,5.0,0.5,20.0,0.69,10.0,0.79,5.0,0.31,10.0,0.21,5.0,0.48,5.0,0.5,20.0,0.17,0.17,43.758037,1776228666000
1776228668.139,68.139,0.52,5.0,0.5,20.0,0.69,10.0,0.79,5.0,0.31,10.0,0.21,5.0,0.48,5.0,0.5,20.0,0.17,0.17,43.755487,1776228667000
1776228669.533,69.533,0.52,5.0,0.5,20.0,0.69,10.0,0.79,5.0,0.31,10.0,0.21,5.0,0.48,5.0,0.5,20.0,0.17,0.17,43.75424,1776228668000
1776228670.043,70.043,0.52,5.0,0.5,20.0,0.69,10.0,0.79,5.0,0.31,10.0,0.21,5.0,0.48,5.0,0.5,20.0,0.17,0.17,43.754239,1776228669000
1776228671.333,71.333,0.52,5.0,0.5,20.0,0.69,10.0,0.79,5.0,0.31,10.0,0.21,5.0,0.48,5.0,0.5,20.0,0.17,0.17,43.753187,1776228670000
1776228671.965,71.965,0.52,5.0,0.5,20.0,0.69,10.0,0.79,5.0,0.31,10.0,0.21,5.0,0.48,5.0,0.5,20.0,0.17,0.17,43.753046,1776228671000
1776228673.175,73.175,0.52,5.0,0.5,20.0,0.69,10.0,0.79,5.0,0.31,10.0,0.21,5.0,0.48,5.0,0.5,20.0,0.17,0.17,43.752969,1776228672000
1776228674.496,74.496,0.52,5.0,0.5,20.0,0.69,10.0,0.79,5.0,0.31,10.0,0.21,5.0,0.48,5.0,0.5,20.0,0.17,0.17,43.745046,1776228673000
1776228675.075,75.075,0.52,5.0,0.5,20.0,0.69,10.0,0.79,5.0,0.31,10.0,0.21,5.0,0.48,5.0,0.5,20.0,0.17,0.17,43.738561,1776228674000
1776228676.996,76.996,0.52,5.0,0.5,20.0,0.69,10.0,0.79,5.0,0.31,10.0,0.21,5.0,0.48,5.0,0.5,20.0,0.17,0.17,43.73437,1776228676000
1776228678.785,78.785,0.52,5.0,0.5,20.0,0.69,10.0,0.79,5.0,0.31,10.0,0.21,5.0,0.48,5.0,0.5,20.0,0.17,0.17,43.733558,1776228677000
1776228679.668,79.668,0.52,5.0,0.5,20.0,0.69,10.0,0.79,5.0,0.31,10.0,0.21,5.0,0.48,5.0,0.5,20.0,0.17,0.17,43.733512,1776228678000
1776228680.441,80.441,0.52,5.0,0.5,20.0,0.69,10.0,0.79,5.0,0.31,10.0,0.21,5.0,0.48,5.0,0.5,20.0,0.17,0.17,43.733445,1776228679000
1776228681.112,81.112,0.52,5.0,0.5,20.0,0.69,10.0,0.79,5.0,0.31,10.0,0.21,5.0,0.48,5.0,0.5,20.0,0.17,0.17,43.733445,1776228680000
1776228682.648,82.648,0.52,5.0,0.5,20.0,0.69,10.0,0.79,5.0,0.31,10.0,0.21,5.0,0.48,5.0,0.5,20.0,0.17,0.17,43.733628,1776228681000
1776228683.329,83.329,0.52,5.0,0.5,20.0,0.69,10.0,0.79,5.0,0.31,10.0,0.21,5.0,0.48,5.0,0.5,20.0,0.17,0.17,43.733628,1776228682000
1776228684.646,84.646,0.52,5.0,0.5,20.0,0.69,10.0,0.79,5.0,0.31,10.0,0.21,5.0,0.48,5.0,0.5,20.0,0.17,0.17,43.74177,1776228683000
1776228685.316,85.316,0.52,5.0,0.5,20.0,0.69,10.0,0.79,5.0,0.31,10.0,0.21,5.0,0.48,5.0,0.5,20.0,0.17,0.17,43.741815,1776228684000
1776228686.112,86.112,0.52,5.0,0.5,20.0,0.69,10.0,0.79,5.0,0.31,10.0,0.21,5.0,0.48,5.0,0.5,20.0,0.17,0.17,43.742817,1776228685000
1776228687.418,87.418,0.52,5.0,0.5,20.0,0.69,10.0,0.79,5.0,0.31,10.0,0.21,5.0,0.48,5.0,0.5,20.0,0.17,0.17,43.743784,1776228686000
1776228688.119,88.119,0.52,5.0,0.5,20.0,0.69,10.0,0.79,5.0,0.31,10.0,0.21,5.0,0.48,5.0,0.5,20.0,0.17,0.17,43.743784,1776228687000
1776228689.533,89.533,0.52,5.0,0.5,20.0,0.69,10.0,0.79,5.0,0.31,10.0,0.21,5.0,0.48,5.0,0.5,20.0,0.17,0.17,43.743483,1776228688000
1776228690.166,90.166,0.52,5.0,0.5,20.0,0.69,10.0,0.79,5.0,0.31,10.0,0.21,5.0,0.48,5.0,0.5,20.0,0.17,0.17,43.743483,1776228689000
1776228691.469,91.469,0.52,5.0,0.5,20.0,0.69,10.0,0.79,5.0,0.31,10.0,0.21,5.0,0.48,5.0,0.5,20.0,0.17,0.17,43.743483,1776228690000
1776228692.113,92.113,0.52,5.0,0.5,20.0,0.69,10.0,0.79,5.0,0.31,10.0,0.21,5.0,0.48,5.0,0.5,20.0,0.17,0.17,43.743483,1776228691000
1776228693.51,93.51,0.52,5.0,0.5,20.0,0.69,10.0,0.79,5.0,0.31,10.0,0.21,5.0,0.48,5.0,0.5,20.0,0.17,0.17,43.743072,1776228692000
1776228694.191,94.191,0.52,5.0,0.5,20.0,0.69,10.0,0.79,5.0,0.31,10.0,0.21,5.0,0.48,5.0,0.5,20.0,0.17,0.17,43.743072,1776228693000
1776228695.356,95.356,0.52,5.0,0.5,20.0,0.69,10.0,0.79,5.0,0.31,10.0,0.21,5.0,0.48,5.0,0.5,20.0,0.17,0.17,43.743072,1776228694000
1776228696.389,96.389,0.52,5.0,0.5,20.0,0.69,10.0,0.79,5.0,0.31,10.0,0.21,5.0,0.48,5.0,0.5,20.0,0.17,0.17,43.741577,1776228695000
1776228696.956,96.956,0.52,5.0,0.5,20.0,0.69,10.0,0.79,5.0,0.31,10.0,0.21,5.0,0.48,5.0,0.5,20.0,0.17,0.17,43.739947,1776228696000
1776228698.036,98.036,0.52,5.0,0.5,20.0,0.69,10.0,0.79,5.0,0.31,10.0,0.21,5.0,0.48,5.0,0.5,20.0,0.17,0.17,43.733289,1776228697000
1776228699.337,99.337,0.52,5.0,0.5,20.0,0.69,10.0,0.79,5.0,0.31,10.0,0.21,5.0,0.48,5.0,0.5,20.0,0.17,0.17,43.731886,1776228698000
1776228700.328,100.328,0.52,5.0,0.5,20.0,0.69,10.0,0.79,5.0,0.31,10.0,0.21,5.0,0.48,5.0,0.5,20.0,0.17,0.17,43.731284,1776228699000
1776228701.372,101.372,0.52,5.0,0.5,20.0,0.69,10.0,0.79,5.0,0.31,10.0,0.21,5.0,0.48,5.0,0.5,20.0,0.17,0.17,43.730473,1776228700000
1776228702.066,102.066,0.52,5.0,0.5,20.0,0.69,10.0,0.79,5.0,0.31,10.0,0.21,5.0,0.48,5.0,0.5,20.0,0.17,0.17,43.728233,1776228701000
1776228702.986,102.986,0.52,5.0,0.5,20.0,0.69,10.0,0.79,5.0,0.31,10.0,0.21,5.0,0.48,5.0,0.5,20.0,0.17,0.17,43.727942,1776228702000
1776228704.053,104.053,0.52,5.0,0.5,20.0,0.69,10.0,0.79,5.0,0.31,10.0,0.21,5.0,0.48,5.0,0.5,20.0,0.17,0.17,43.725142,1776228703000
1776228705.047,105.047,0.52,5.0,0.5,20.0,0.69,10.0,0.79,5.0,0.31,10.0,0.21,5.0,0.48,5.0,0.5,20.0,0.17,0.17,43.739685,1776228704000
1776228706.168,106.168,0.52,5.0,0.5,20.0,0.69,10.0,0.79,5.0,0.31,10.0,0.21,5.0,0.48,5.0,0.5,20.0,0.17,0.17,43.741243,1776228705000
1776228707.225,107.225,0.52,5.0,0.5,20.0,0.69,10.0,0.79,5.0,0.31,10.0,0.21,5.0,0.48,5.0,0.5,20.0,0.17,0.17,43.741963,1776228706000
1776228708.2,108.2,0.52,5.0,0.5,20.0,0.69,10.0,0.79,5.0,0.31,10.0,0.21,5.0,0.48,5.0,0.5,20.0,0.17,0.17,43.743268,1776228707000
1776228709.441,109.441,0.52,5.0,0.5,20.0,0.69,10.0,0.79,5.0,0.31,10.0,0.21,5.0,0.48,5.0,0.5,20.0,0.17,0.17,43.743406,1776228708000
1776228710.013,110.013,0.52,5.0,0.5,20.0,0.69,10.0,0.79,5.0,0.31,10.0,0.21,5.0,0.48,5.0,0.5,20.0,0.17,0.17,43.743896,1776228709000
1776228711.929,111.929,0.52,5.0,0.5,20.0,0.69,10.0,0.79,5.0,0.31,10.0,0.21,5.0,0.48,5.0,0.5,20.0,0.17,0.17,43.743452,1776228710000
1776228712.568,112.568,0.52,5.0,0.5,20.0,0.69,10.0,0.79,5.0,0.31,10.0,0.21,5.0,0.48,5.0,0.5,20.0,0.17,0.17,43.743452,1776228711000
1776228713.25,113.25,0.52,5.0,0.5,20.0,0.69,10.0,0.79,5.0,0.31,10.0,0.21,5.0,0.48,5.0,0.5,20.0,0.17,0.17,43.743525,1776228712000
1776228714.429,114.429,0.52,5.0,0.5,20.0,0.69,10.0,0.79,5.0,0.31,10.0,0.21,5.0,0.48,5.0,0.5,20.0,0.17,0.17,43.743452,1776228713000
1776228715.152,115.152,0.52,5.0,0.5,20.0,0.69,10.0,0.79,5.0,0.31,10.0,0.21,5.0,0.48,5.0,0.5,20.0,0.17,0.17,43.743964,1776228714000
1776228716.279,116.279,0.52,5.0,0.5,20.0,0.69,10.0,0.79,5.0,0.31,10.0,0.21,5.0,0.48,5.0,0.5,20.0,0.17,0.17,43.743822,1776228715000
1776228717.353,117.353,0.52,5.0,0.5,20.0,0.69,10.0,0.79,5.0,0.31,10.0,0.21,5.0,0.48,5.0,0.5,20.0,0.17,0.17,43.743778,1776228716000
1776228718.006,118.006,0.52,5.0,0.5,20.0,0.69,10.0,0.79,5.0,0.31,10.0,0.21,5.0,0.48,5.0,0.5,20.0,0.17,0.17,43.743593,1776228717000
1776228719.269,119.269,0.52,5.0,0.5,20.0,0.69,10.0,0.79,5.0,0.31,10.0,0.21,5.0,0.48,5.0,0.5,20.0,0.17,0.17,43.750131,1776228718000
1776228719.978,119.978,0.52,5.0,0.5,20.0,0.69,10.0,0.79,5.0,0.31,10.0,0.21,5.0,0.48,5.0,0.5,20.0,0.17,0.17,43.750154,1776228719000
1776228721.185,121.185,0.52,5.0,0.5,20.0,0.69,10.0,0.79,5.0,0.31,10.0,0.21,5.0,0.48,5.0,0.5,20.0,0.17,0.17,43.750866,1776228720000
1776228722.255,122.255,0.52,5.0,0.5,20.0,0.69,10.0,0.79,5.0,0.31,10.0,0.21,5.0,0.48,5.0,0.5,20.0,0.17,0.17,43.75251,1776228721000
1776228722.941,122.941,0.52,5.0,0.5,20.0,0.69,10.0,0.79,5.0,0.31,10.0,0.21,5.0,0.48,5.0,0.5,20.0,0.17,0.17,43.752547,1776228722000
1776228723.987,123.987,0.52,5.0,0.5,20.0,0.69,10.0,0.79,5.0,0.31,10.0,0.21,5.0,0.48,5.0,0.5,20.0,0.17,0.17,43.75319,1776228723000
1776228725.954,125.954,0.52,5.0,0.5,20.0,0.69,10.0,0.79,5.0,0.31,10.0,0.21,5.0,0.48,5.0,0.5,20.0,0.17,0.17,43.753174,1776228724000
1776228726.381,126.381,0.52,5.0,0.5,20.0,0.69,10.0,0.79,5.0,0.31,10.0,0.21,5.0,0.48,5.0,0.5,20.0,0.17,0.17,43.753206,1776228725000
1776228726.931,126.931,0.52,5.0,0.5,20.0,0.69,10.0,0.79,5.0,0.31,10.0,0.21,5.0,0.48,5.0,0.5,20.0,0.17,0.17,43.752928,1776228726000
1776228727.999,127.999,0.52,5.0,0.5,20.0,0.69,10.0,0.79,5.0,0.31,10.0,0.21,5.0,0.48,5.0,0.5,20.0,0.17,0.17,43.752145,1776228727000
1776228729.126,129.126,0.52,5.0,0.5,20.0,0.69,10.0,0.79,5.0,0.31,10.0,0.21,5.0,0.48,5.0,0.5,20.0,0.17,0.17,43.751654,1776228728000
1776228730.164,130.164,0.52,5.0,0.5,20.0,0.69,10.0,0.79,5.0,0.31,10.0,0.21,5.0,0.48,5.0,0.5,20.0,0.17,0.17,43.751104,1776228729000
1776228731.267,131.267,0.52,5.0,0.5,20.0,0.69,10.0,0.79,5.0,0.31,10.0,0.21,5.0,0.48,5.0,0.5,20.0,0.17,0.17,43.741684,1776228730000
1776228732.293,132.293,0.52,5.0,0.5,20.0,0.69,10.0,0.79,5.0,0.31,10.0,0.21,5.0,0.48,5.0,0.5,20.0,0.17,0.17,43.740094,1776228731000
1776228733.478,133.478,0.52,5.0,0.5,20.0,0.69,10.0,0.79,5.0,0.31,10.0,0.21,5.0,0.48,5.0,0.5,20.0,0.17,0.17,43.739733,1776228732000
1776228734.023,134.023,0.52,5.0,0.5,20.0,0.69,10.0,0.79,5.0,0.31,10.0,0.21,5.0,0.48,5.0,0.5,20.0,0.17,0.17,43.739733,1776228733000
1776228735.034,135.034,0.52,5.0,0.5,20.0,0.69,10.0,0.79,5.0,0.31,10.0,0.21,5.0,0.48,5.0,0.5,20.0,0.17,0.17,43.739806,1776228734000
1776228736.085,136.085,0.52,5.0,0.5,20.0,0.69,10.0,0.79,5.0,0.31,10.0,0.21,5.0,0.48,5.0,0.5,20.0,0.17,0.17,43.739856,1776228735000
1776228737.094,137.094,0.52,5.0,0.5,20.0,0.69,10.0,0.79,5.0,0.31,10.0,0.21,5.0,0.48,5.0,0.5,20.0,0.17,0.17,43.740395,1776228736000
1776228738.18,138.18,0.52,5.0,0.5,20.0,0.69,10.0,0.79,5.0,0.31,10.0,0.21,5.0,0.48,5.0,0.5,20.0,0.17,0.17,43.740716,1776228737000
1776228740.317,140.317,0.52,5.0,0.5,20.0,0.69,10.0,0.79,5.0,0.31,10.0,0.21,5.0,0.48,5.0,0.5,20.0,0.17,0.17,43.742577,1776228738000
1776228741.262,141.262,0.52,5.0,0.5,20.0,0.69,10.0,0.79,5.0,0.31,10.0,0.21,5.0,0.48,5.0,0.5,20.0,0.17,0.17,43.742519,1776228739000
1776228742.312,142.312,0.52,5.0,0.5,20.0,0.69,10.0,0.79,5.0,0.31,10.0,0.21,5.0,0.48,5.0,0.5,20.0,0.17,0.17,43.742888,1776228740000
1776228743.225,143.225,0.52,5.0,0.5,20.0,0.69,10.0,0.79,5.0,0.31,10.0,0.21,5.0,0.48,5.0,0.5,20.0,0.17,0.17,43.74351,1776228742000
1776228744.923,144.923,0.52,5.0,0.5,20.0,0.69,10.0,0.79,5.0,0.31,10.0,0.21,5.0,0.48,5.0,0.5,20.0,0.17,0.17,43.743463,1776228743000
1776228745.679,145.679,0.52,5.0,0.5,20.0,0.69,10.0,0.79,5.0,0.31,10.0,0.21,5.0,0.48,5.0,0.5,20.0,0.17,0.17,43.74377,1776228744000
1776228746.461,146.461,0.52,5.0,0.5,20.0,0.69,10.0,0.79,5.0,0.31,10.0,0.21,5.0,0.48,5.0,0.5,20.0,0.17,0.17,43.743743,1776228745000
1776228747.338,147.338,0.52,5.0,0.5,20.0,0.69,10.0,0.79,5.0,0.31,10.0,0.21,5.0,0.48,5.0,0.5,20.0,0.17,0.17,43.74374,1776228746000
1776228748.75,148.75,0.52,5.0,0.5,20.0,0.69,10.0,0.79,5.0,0.31,10.0,0.21,5.0,0.48,5.0,0.5,20.0,0.17,0.17,43.74346,1776228747000
1776228749.364,149.364,0.52,5.0,0.5,20.0,0.69,10.0,0.79,5.0,0.31,10.0,0.21,5.0,0.48,5.0,0.5,20.0,0.17,0.17,43.743677,1776228748000
1776228750.154,150.154,0.52,5.0,0.5,20.0,0.69,10.0,0.79,5.0,0.31,10.0,0.21,5.0,0.48,5.0,0.5,20.0,0.17,0.17,43.74372,1776228749000
1776228751.518,151.518,0.52,5.0,0.5,20.0,0.69,10.0,0.79,5.0,0.31,10.0,0.21,5.0,0.48,5.0,0.5,20.0,0.17,0.17,43.74435,1776228750000
1776228752.06,152.06,0.52,5.0,0.5,20.0,0.69,10.0,0.79,5.0,0.31,10.0,0.21,5.0,0.48,5.0,0.5,20.0,0.17,0.17,43.758219,1776228751000
1776228753.436,153.436,0.52,5.0,0.5,20.0,0.69,10.0,0.79,5.0,0.31,10.0,0.21,5.0,0.48,5.0,0.5,20.0,0.17,0.17,43.759523,1776228752000
1776228753.993,153.993,0.52,5.0,0.5,20.0,0.69,10.0,0.79,5.0,0.31,10.0,0.21,5.0,0.48,5.0,0.5,20.0,0.17,0.17,43.759748,1776228753000
1776228755.038,155.038,0.52,5.0,0.5,20.0,0.69,10.0,0.79,5.0,0.31,10.0,0.21,5.0,0.48,5.0,0.5,20.0,0.17,0.17,43.759748,1776228754000
1776228756.222,156.222,0.52,5.0,0.5,20.0,0.69,10.0,0.79,5.0,0.31,10.0,0.21,5.0,0.48,5.0,0.5,20.0,0.17,0.17,43.759743,1776228755000
1776228757.44,157.44,0.52,5.0,0.5,20.0,0.69,10.0,0.79,5.0,0.31,10.0,0.21,5.0,0.48,5.0,0.5,20.0,0.17,0.17,43.759879,1776228756000
1776228758.413,158.413,0.52,5.0,0.5,20.0,0.69,10.0,0.79,5.0,0.31,10.0,0.21,5.0,0.48,5.0,0.5,20.0,0.17,0.17,43.75997,1776228757000
1776228759.034,159.034,0.52,5.0,0.5,20.0,0.69,10.0,0.79,5.0,0.31,10.0,0.21,5.0,0.48,5.0,0.5,20.0,0.17,0.17,43.759965,1776228758000
1776228760.196,160.196,0.52,5.0,0.5,20.0,0.69,10.0,0.79,5.0,0.31,10.0,0.21,5.0,0.48,5.0,0.5,20.0,0.17,0.17,43.75997,1776228759000
1776228761.334,161.334,0.52,5.0,0.5,20.0,0.69,10.0,0.79,5.0,0.31,10.0,0.21,5.0,0.48,5.0,0.5,20.0,0.17,0.17,43.760179,1776228760000
1776228762.505,162.505,0.52,5.0,0.5,20.0,0.69,10.0,0.79,5.0,0.31,10.0,0.21,5.0,0.48,5.0,0.5,20.0,0.17,0.17,43.760335,1776228761000
1776228763.032,163.032,0.52,5.0,0.5,20.0,0.69,10.0,0.79,5.0,0.31,10.0,0.21,5.0,0.48,5.0,0.5,20.0,0.17,0.17,43.760335,1776228762000
1776228764.259,164.259,0.52,5.0,0.5,20.0,0.69,10.0,0.79,5.0,0.31,10.0,0.21,5.0,0.48,5.0,0.5,20.0,0.17,0.17,43.760328,1776228763000
1776228765.365,165.365,0.52,5.0,0.5,20.0,0.69,10.0,0.79,5.0,0.31,10.0,0.21,5.0,0.48,5.0,0.5,20.0,0.17,0.17,43.759498,1776228764000
1776228766.399,166.399,0.52,5.0,0.5,20.0,0.69,10.0,0.79,5.0,0.31,10.0,0.21,5.0,0.48,5.0,0.5,20.0,0.17,0.17,43.75898,1776228765000
1776228766.905,166.905,0.52,5.0,0.5,20.0,0.69,10.0,0.79,5.0,0.31,10.0,0.21,5.0,0.48,5.0,0.5,20.0,0.17,0.17,43.759053,1776228766000
1776228768.071,168.071,0.52,5.0,0.5,20.0,0.69,10.0,0.79,5.0,0.31,10.0,0.21,5.0,0.48,5.0,0.5,20.0,0.17,0.17,43.759194,1776228767000
1776228769.12,169.12,0.52,5.0,0.5,20.0,0.69,10.0,0.79,5.0,0.31,10.0,0.21,5.0,0.48,5.0,0.5,20.0,0.17,0.17,43.759526,1776228768000
1776228769.613,169.613,0.38,8.61,0.37,15.0,0.53,10.0,0.76,15.0,0.31,10.0,0.21,5.0,0.48,5.0,0.5,20.0,0.15,0.17,43.759526,1776228768000
1776228770.212,170.212,0.38,8.61,0.37,15.0,0.53,10.0,0.76,15.0,0.47,10.0,0.24,15.0,0.62,8.61,0.63,15.0,0.15,0.15,43.759382,1776228769000
1776228770.537,170.537,0.35,10.43,0.34,15.0,0.49,10.0,0.74,15.0,0.47,10.0,0.24,15.0,0.62,8.61,0.63,15.0,0.14,0.15,43.759382,1776228769000
1776228771.402,171.402,0.35,10.43,0.34,15.0,0.49,10.0,0.74,15.0,0.51,10.0,0.26,15.0,0.65,10.43,0.66,15.0,0.14,0.14,43.757204,1776228770000
1776228772.947,172.947,0.35,10.43,0.34,15.0,0.49,10.0,0.74,15.0,0.51,10.0,0.26,15.0,0.65,10.43,0.66,15.0,0.14,0.14,43.723441,1776228771000
1776228773.411,173.411,0.35,10.43,0.34,15.0,0.49,10.0,0.74,15.0,0.51,10.0,0.26,15.0,0.65,10.43,0.66,15.0,0.14,0.14,43.722295,1776228772000
1776228773.988,173.988,0.35,10.43,0.34,15.0,0.49,10.0,0.74,15.0,0.51,10.0,0.26,15.0,0.65,10.43,0.66,15.0,0.14,0.14,43.722236,1776228773000
1776228775.05,175.05,0.35,10.43,0.34,15.0,0.49,10.0,0.74,15.0,0.51,10.0,0.26,15.0,0.65,10.43,0.66,15.0,0.14,0.14,43.721915,1776228774000
1776228776.114,176.114,0.35,10.43,0.34,15.0,0.49,10.0,0.74,15.0,0.51,10.0,0.26,15.0,0.65,10.43,0.66,15.0,0.14,0.14,43.721915,1776228775000
1776228777.158,177.158,0.35,10.43,0.34,15.0,0.49,10.0,0.74,15.0,0.51,10.0,0.26,15.0,0.65,10.43,0.66,15.0,0.14,0.14,43.72187,1776228776000
1776228778.215,178.215,0.35,10.43,0.34,15.0,0.49,10.0,0.74,15.0,0.51,10.0,0.26,15.0,0.65,10.43,0.66,15.0,0.14,0.14,43.721655,1776228777000
1776228779.228,179.228,0.35,10.43,0.34,15.0,0.49,10.0,0.74,15.0,0.51,10.0,0.26,15.0,0.65,10.43,0.66,15.0,0.14,0.14,43.721775,1776228778000
1776228780.256,180.256,0.35,10.43,0.34,15.0,0.49,10.0,0.74,15.0,0.51,10.0,0.26,15.0,0.65,10.43,0.66,15.0,0.14,0.14,43.722109,1776228779000
1776228781.382,181.382,0.35,10.43,0.34,15.0,0.49,10.0,0.74,15.0,0.51,10.0,0.26,15.0,0.65,10.43,0.66,15.0,0.14,0.14,43.722569,1776228780000
1776228782.301,182.301,0.35,10.43,0.34,15.0,0.49,10.0,0.74,15.0,0.51,10.0,0.26,15.0,0.65,10.43,0.66,15.0,0.14,0.14,43.722304,1776228781000
1776228782.859,182.859,0.35,10.43,0.34,15.0,0.49,10.0,0.74,15.0,0.51,10.0,0.26,15.0,0.65,10.43,0.66,15.0,0.14,0.14,43.722304,1776228782000
1776228783.964,183.964,0.35,10.43,0.34,15.0,0.49,10.0,0.74,15.0,0.51,10.0,0.26,15.0,0.65,10.43,0.66,15.0,0.14,0.14,43.722472,1776228783000
1776228785.058,185.058,0.35,10.43,0.34,15.0,0.49,10.0,0.74,15.0,0.51,10.0,0.26,15.0,0.65,10.43,0.66,15.0,0.14,0.14,43.730381,1776228784000
1776228786.696,186.696,0.35,10.43,0.34,15.0,0.49,10.0,0.74,15.0,0.51,10.0,0.26,15.0,0.65,10.43,0.66,15.0,0.14,0.14,43.730857,1776228785000
1776228787.337,187.337,0.35,10.43,0.34,15.0,0.49,10.0,0.74,15.0,0.51,10.0,0.26,15.0,0.65,10.43,0.66,15.0,0.14,0.14,43.730584,1776228786000
1776228788.288,188.288,0.35,10.43,0.34,15.0,0.49,10.0,0.74,15.0,0.51,10.0,0.26,15.0,0.65,10.43,0.66,15.0,0.14,0.14,43.732167,1776228787000
1776228789.309,189.309,0.35,10.43,0.34,15.0,0.49,10.0,0.74,15.0,0.51,10.0,0.26,15.0,0.65,10.43,0.66,15.0,0.14,0.14,43.73207,1776228788000
1776228790.44,190.44,0.35,10.43,0.34,15.0,0.49,10.0,0.74,15.0,0.51,10.0,0.26,15.0,0.65,10.43,0.66,15.0,0.14,0.14,43.733532,1776228789000
1776228791.107,191.107,0.35,10.43,0.34,15.0,0.49,10.0,0.74,15.0,0.51,10.0,0.26,15.0,0.65,10.43,0.66,15.0,0.14,0.14,43.733992,1776228790000
1776228792.019,192.019,0.35,10.43,0.34,15.0,0.49,10.0,0.74,15.0,0.51,10.0,0.26,15.0,0.65,10.43,0.66,15.0,0.14,0.14,43.734956,1776228791000
1776228792.982,192.982,0.35,10.43,0.34,15.0,0.49,10.0,0.74,15.0,0.51,10.0,0.26,15.0,0.65,10.43,0.66,15.0,0.14,0.14,43.74221,1776228792000
1776228794.107,194.107,0.35,10.43,0.34,15.0,0.49,10.0,0.74,15.0,0.51,10.0,0.26,15.0,0.65,10.43,0.66,15.0,0.14,0.14,43.743495,1776228793000
1776228795.092,195.092,0.35,10.43,0.34,15.0,0.49,10.0,0.74,15.0,0.51,10.0,0.26,15.0,0.65,10.43,0.66,15.0,0.14,0.14,43.743608,1776228794000
1776228796.104,196.104,0.35,10.43,0.34,15.0,0.49,10.0,0.74,15.0,0.51,10.0,0.26,15.0,0.65,10.43,0.66,15.0,0.14,0.14,43.743675,1776228795000
1776228797.21,197.21,0.35,10.43,0.34,15.0,0.49,10.0,0.74,15.0,0.51,10.0,0.26,15.0,0.65,10.43,0.66,15.0,0.14,0.14,43.744031,1776228796000
1776228798.177,198.177,0.35,10.43,0.34,15.0,0.49,10.0,0.74,15.0,0.51,10.0,0.26,15.0,0.65,10.43,0.66,15.0,0.14,0.14,43.744031,1776228797000
1776228799.244,199.244,0.35,10.43,0.34,15.0,0.49,10.0,0.74,15.0,0.51,10.0,0.26,15.0,0.65,10.43,0.66,15.0,0.14,0.14,43.744525,1776228798000
1776228800.665,200.665,0.6,25.0,0.59,15.0,0.72,10.83,0.73,15.0,0.28,10.83,0.27,15.0,0.4,25.0,0.41,15.0,0.12,0.12,43.744985,1776228799000
1776228801.169,201.169,0.6,25.0,0.59,15.0,0.72,10.83,0.73,15.0,0.28,10.83,0.27,15.0,0.4,25.0,0.41,15.0,0.12,0.12,43.745268,1776228800000
1776228802.257,202.257,0.6,25.0,0.59,15.0,0.72,10.83,0.73,15.0,0.28,10.83,0.27,15.0,0.4,25.0,0.41,15.0,0.12,0.12,43.750161,1776228801000
1776228803.548,203.548,0.6,25.0,0.59,15.0,0.72,10.83,0.73,15.0,0.28,10.83,0.27,15.0,0.4,25.0,0.41,15.0,0.12,0.12,43.760071,1776228802000
1776228804.407,204.407,0.6,25.0,0.59,15.0,0.72,10.83,0.73,15.0,0.28,10.83,0.27,15.0,0.4,25.0,0.41,15.0,0.12,0.12,43.760713,1776228803000
1776228805.5,205.5,0.6,25.0,0.59,15.0,0.72,10.83,0.73,15.0,0.28,10.83,0.27,15.0,0.4,25.0,0.41,15.0,0.12,0.12,43.761676,1776228804000
1776228806.05,206.05,0.6,25.0,0.59,15.0,0.72,10.83,0.73,15.0,0.28,10.83,0.27,15.0,0.4,25.0,0.41,15.0,0.12,0.12,43.761357,1776228805000
1776228807.215,207.215,0.6,25.0,0.59,15.0,0.72,10.83,0.73,15.0,0.28,10.83,0.27,15.0,0.4,25.0,0.41,15.0,0.12,0.12,43.761934,1776228806000
1776228808.718,208.718,0.6,25.0,0.59,15.0,0.72,10.83,0.73,15.0,0.28,10.83,0.27,15.0,0.4,25.0,0.41,15.0,0.12,0.12,43.762042,1776228807000
1776228809.214,209.214,0.6,25.0,0.59,15.0,0.72,10.83,0.73,15.0,0.28,10.83,0.27,15.0,0.4,25.0,0.41,15.0,0.12,0.12,43.761514,1776228808000
1776228810.473,210.473,0.6,25.0,0.59,15.0,0.72,10.83,0.73,15.0,0.28,10.83,0.27,15.0,0.4,25.0,0.41,15.0,0.12,0.12,43.761628,1776228809000
1776228811.033,211.033,0.6,25.0,0.59,15.0,0.72,10.83,0.73,15.0,0.28,10.83,0.27,15.0,0.4,25.0,0.41,15.0,0.12,0.12,43.761628,1776228810000
1776228812.244,212.244,0.6,25.0,0.59,15.0,0.72,10.83,0.73,15.0,0.28,10.83,0.27,15.0,0.4,25.0,0.41,15.0,0.12,0.12,43.761544,1776228811000
1776228813.449,213.449,0.6,25.0,0.59,15.0,0.72,10.83,0.73,15.0,0.28,10.83,0.27,15.0,0.4,25.0,0.41,15.0,0.12,0.12,43.761991,1776228812000
1776228813.995,213.995,0.6,25.0,0.59,15.0,0.72,10.83,0.73,15.0,0.28,10.83,0.27,15.0,0.4,25.0,0.41,15.0,0.12,0.12,43.762004,1776228813000
1776228815.118,215.118,0.6,25.0,0.59,15.0,0.72,10.83,0.73,15.0,0.28,10.83,0.27,15.0,0.4,25.0,0.41,15.0,0.12,0.12,43.762004,1776228814000
1776228815.972,215.972,0.6,25.0,0.59,15.0,0.72,10.83,0.73,15.0,0.28,10.83,0.27,15.0,0.4,25.0,0.41,15.0,0.12,0.12,43.761664,1776228815000
1776228816.977,216.977,0.6,25.0,0.59,15.0,0.72,10.83,0.73,15.0,0.28,10.83,0.27,15.0,0.4,25.0,0.41,15.0,0.12,0.12,43.761494,1776228816000
1776228817.924,217.924,0.6,25.0,0.59,15.0,0.72,10.83,0.73,15.0,0.28,10.83,0.27,15.0,0.4,25.0,0.41,15.0,0.12,0.12,43.7569,1776228817000
1776228818.95,218.95,0.6,25.0,0.59,15.0,0.72,10.83,0.73,15.0,0.28,10.83,0.27,15.0,0.4,25.0,0.41,15.0,0.12,0.12,43.752877,1776228818000
1776228819.821,219.821,0.6,25.0,0.59,15.0,0.72,10.83,0.73,15.0,0.28,10.83,0.27,15.0,0.4,25.0,0.41,15.0,0.12,0.12,43.751666,1776228819000
1776228820.856,220.856,0.6,25.0,0.59,15.0,0.72,10.83,0.73,15.0,0.28,10.83,0.27,15.0,0.4,25.0,0.41,15.0,0.12,0.12,43.751455,1776228820000
1776228821.822,221.822,0.6,25.0,0.59,15.0,0.72,10.83,0.73,15.0,0.28,10.83,0.27,15.0,0.4,25.0,0.41,15.0,0.12,0.12,43.751472,1776228821000
1776228823.423,223.423,0.6,25.0,0.59,15.0,0.72,10.83,0.73,15.0,0.28,10.83,0.27,15.0,0.4,25.0,0.41,15.0,0.12,0.12,43.751517,1776228822000
1776228824.3,224.3,0.6,25.0,0.59,15.0,0.72,10.83,0.73,15.0,0.28,10.83,0.27,15.0,0.4,25.0,0.41,15.0,0.12,0.12,43.751355,1776228823000
1776228825.25,225.25,0.6,25.0,0.59,15.0,0.72,10.83,0.73,15.0,0.28,10.83,0.27,15.0,0.4,25.0,0.41,15.0,0.12,0.12,43.751451,1776228824000
1776228826.493,226.493,0.6,25.0,0.59,15.0,0.72,10.83,0.73,15.0,0.28,10.83,0.27,15.0,0.4,25.0,0.41,15.0,0.12,0.12,43.751313,1776228825000
1776228827.017,227.017,0.6,25.0,0.59,15.0,0.72,10.83,0.73,15.0,0.28,10.83,0.27,15.0,0.4,25.0,0.41,15.0,0.12,0.12,43.75151,1776228826000
1776228828.309,228.309,0.6,25.0,0.59,15.0,0.72,10.83,0.73,15.0,0.28,10.83,0.27,15.0,0.4,25.0,0.41,15.0,0.12,0.12,43.75165,1776228827000
1776228829.555,229.555,0.6,25.0,0.59,15.0,0.72,10.83,0.73,15.0,0.28,10.83,0.27,15.0,0.4,25.0,0.41,15.0,0.12,0.12,43.751487,1776228828000
1776228830.431,230.431,0.6,25.0,0.59,15.0,0.72,10.83,0.73,15.0,0.28,10.83,0.27,15.0,0.4,25.0,0.41,15.0,0.12,0.12,43.751527,1776228829000
1776228831.045,231.045,0.6,25.0,0.59,15.0,0.72,10.83,0.73,15.0,0.28,10.83,0.27,15.0,0.4,25.0,0.41,15.0,0.12,0.12,43.751389,1776228830000
1776228832.52,232.52,0.6,25.0,0.59,15.0,0.72,10.83,0.73,15.0,0.28,10.83,0.27,15.0,0.4,25.0,0.41,15.0,0.12,0.12,43.751389,1776228831000
1776228833.146,233.146,0.6,25.0,0.59,15.0,0.72,10.83,0.73,15.0,0.28,10.83,0.27,15.0,0.4,25.0,0.41,15.0,0.12,0.12,43.751184,1776228832000
1776228834.334,234.334,0.6,25.0,0.59,15.0,0.72,10.83,0.73,15.0,0.28,10.83,0.27,15.0,0.4,25.0,0.41,15.0,0.12,0.12,43.751209,1776228833000
1776228834.926,234.926,0.6,25.0,0.59,15.0,0.72,10.83,0.73,15.0,0.28,10.83,0.27,15.0,0.4,25.0,0.41,15.0,0.12,0.12,43.751209,1776228834000
1776228836.137,236.137,0.6,25.0,0.59,15.0,0.72,10.83,0.73,15.0,0.28,10.83,0.27,15.0,0.4,25.0,0.41,15.0,0.12,0.12,43.7512,1776228835000
1776228837.321,237.321,0.6,25.0,0.59,15.0,0.72,10.83,0.73,15.0,0.28,10.83,0.27,15.0,0.4,25.0,0.41,15.0,0.12,0.12,43.751367,1776228836000
1776228837.941,237.941,0.6,25.0,0.59,15.0,0.72,10.83,0.73,15.0,0.28,10.83,0.27,15.0,0.4,25.0,0.41,15.0,0.12,0.12,43.751347,1776228837000
1776228839.049,239.049,0.6,25.0,0.59,15.0,0.72,10.83,0.73,15.0,0.28,10.83,0.27,15.0,0.4,25.0,0.41,15.0,0.12,0.12,43.751898,1776228838000
1776228840.247,240.247,0.6,25.0,0.59,15.0,0.72,10.83,0.73,15.0,0.28,10.83,0.27,15.0,0.4,25.0,0.41,15.0,0.12,0.12,43.751538,1776228839000
1776228842.064,242.064,0.6,25.0,0.59,15.0,0.72,10.83,0.73,15.0,0.28,10.83,0.27,15.0,0.4,25.0,0.41,15.0,0.12,0.12,43.751477,1776228841000
1776228843.214,243.214,0.6,25.0,0.59,15.0,0.72,10.83,0.73,15.0,0.28,10.83,0.27,15.0,0.4,25.0,0.41,15.0,0.12,0.12,43.7516,1776228842000
1776228844.372,244.372,0.6,25.0,0.59,15.0,0.72,10.83,0.73,15.0,0.28,10.83,0.27,15.0,0.4,25.0,0.41,15.0,0.12,0.12,43.753794,1776228843000
1776228844.963,244.963,0.6,25.0,0.59,15.0,0.72,10.83,0.73,15.0,0.28,10.83,0.27,15.0,0.4,25.0,0.41,15.0,0.12,0.12,43.753715,1776228844000
1776228846.513,246.513,0.6,25.0,0.59,15.0,0.72,10.83,0.73,15.0,0.28,10.83,0.27,15.0,0.4,25.0,0.41,15.0,0.12,0.12,43.753434,1776228845000
1776228847.03,247.03,0.6,25.0,0.59,15.0,0.72,10.83,0.73,15.0,0.28,10.83,0.27,15.0,0.4,25.0,0.41,15.0,0.12,0.12,43.759349,1776228846000
1776228848.458,248.458,0.6,25.0,0.59,15.0,0.72,10.83,0.73,15.0,0.28,10.83,0.27,15.0,0.4,25.0,0.41,15.0,0.12,0.12,43.759173,1776228847000
1776228849.04,249.04,0.6,25.0,0.59,15.0,0.72,10.83,0.73,15.0,0.28,10.83,0.27,15.0,0.4,25.0,0.41,15.0,0.12,0.12,43.759173,1776228848000
1776228850.296,250.296,0.6,25.0,0.59,15.0,0.72,10.83,0.73,15.0,0.28,10.83,0.27,15.0,0.4,25.0,0.41,15.0,0.12,0.12,43.759173,1776228849000
1776228851.405,251.405,0.6,25.0,0.59,15.0,0.72,10.83,0.73,15.0,0.28,10.83,0.27,15.0,0.4,25.0,0.41,15.0,0.12,0.12,43.759033,1776228850000
1776228851.938,251.938,0.6,25.0,0.59,15.0,0.72,10.83,0.73,15.0,0.28,10.83,0.27,15.0,0.4,25.0,0.41,15.0,0.12,0.12,43.759745,1776228851000
1776228853.105,253.105,0.6,25.0,0.59,15.0,0.72,10.83,0.73,15.0,0.28,10.83,0.27,15.0,0.4,25.0,0.41,15.0,0.12,0.12,43.759678,1776228852000
1776228854.22,254.22,0.6,25.0,0.59,15.0,0.72,10.83,0.73,15.0,0.28,10.83,0.27,15.0,0.4,25.0,0.41,15.0,0.12,0.12,43.759698,1776228853000
1776228855.771,255.771,0.6,25.0,0.59,15.0,0.72,10.83,0.73,15.0,0.28,10.83,0.27,15.0,0.4,25.0,0.41,15.0,0.12,0.12,43.760501,1776228854000
1776228856.409,256.409,0.6,25.0,0.59,15.0,0.72,10.83,0.73,15.0,0.28,10.83,0.27,15.0,0.4,25.0,0.41,15.0,0.12,0.12,43.761016,1776228855000
1776228857.61,257.61,0.6,25.0,0.59,15.0,0.72,10.83,0.73,15.0,0.28,10.83,0.27,15.0,0.4,25.0,0.41,15.0,0.12,0.12,43.761016,1776228856000
1776228858.148,258.148,0.6,25.0,0.59,15.0,0.72,10.83,0.73,15.0,0.28,10.83,0.27,15.0,0.4,25.0,0.41,15.0,0.12,0.12,43.761715,1776228857000
1776228859.286,259.286,0.6,25.0,0.59,15.0,0.72,10.83,0.73,15.0,0.28,10.83,0.27,15.0,0.4,25.0,0.41,15.0,0.12,0.12,43.762912,1776228858000
1776228860.115,260.115,0.93,15.0,0.92,15.0,0.96,3.7,0.97,15.0,0.28,10.83,0.27,15.0,0.4,25.0,0.41,15.0,0.03,0.12,43.762912,1776228858000
1776228860.412,260.412,0.93,15.0,0.92,15.0,0.96,3.7,0.97,15.0,0.04,3.7,0.03,15.0,0.07,15.0,0.08,15.0,0.03,0.03,43.763642,1776228859000
1776228861.099,261.099,0.93,15.0,0.92,15.0,0.96,3.7,0.97,15.0,0.04,3.7,0.03,15.0,0.07,15.0,0.08,15.0,0.03,0.03,43.763773,1776228860000
1776228862.072,262.072,0.93,15.0,0.92,15.0,0.96,3.7,0.97,15.0,0.04,3.7,0.03,15.0,0.07,15.0,0.08,15.0,0.03,0.03,43.764121,1776228861000
1776228863.062,263.062,0.93,15.0,0.92,15.0,0.96,3.7,0.97,15.0,0.04,3.7,0.03,15.0,0.07,15.0,0.08,15.0,0.03,0.03,43.764108,1776228862000
1776228864.101,264.101,0.93,15.0,0.92,15.0,0.96,3.7,0.97,15.0,0.04,3.7,0.03,15.0,0.07,15.0,0.08,15.0,0.03,0.03,43.764174,1776228863000
1776228865.097,265.097,0.93,15.0,0.92,15.0,0.96,3.7,0.97,15.0,0.04,3.7,0.03,15.0,0.07,15.0,0.08,15.0,0.03,0.03,43.764723,1776228864000
1776228866.156,266.156,0.95,15.0,0.94,15.0,0.96,0.57,0.98,25.0,0.04,3.7,0.03,15.0,0.07,15.0,0.08,15.0,0.01,0.03,43.764723,1776228864000
1776228867.269,267.269,0.95,15.0,0.94,15.0,0.96,0.57,0.98,25.0,0.04,0.57,0.02,25.0,0.05,15.0,0.06,15.0,0.01,0.01,43.77225,1776228866000
1776228868.292,268.292,0.95,15.0,0.94,15.0,0.98,8.51,0.99,200.0,0.02,8.51,0.01,200.0,0.05,15.0,0.06,15.0,0.03,0.03,43.772206,1776228867000
1776228868.753,268.753,0.96,15.0,0.95,15.0,0.98,5.24,0.99,200.0,0.02,8.51,0.01,200.0,0.05,15.0,0.06,15.0,0.02,0.03,43.772206,1776228867000
1776228869.243,269.243,0.96,15.0,0.95,15.0,0.98,5.24,0.99,200.0,0.02,5.24,0.01,200.0,0.04,15.0,0.05,15.0,0.02,0.02,43.772296,1776228868000
1776228869.806,269.806,0.97,15.0,0.96,15.0,0.99,185.24,,,0.02,5.24,0.01,200.0,0.04,15.0,0.05,15.0,0.02,0.02,43.772296,1776228868000
1776228870.248,270.248,0.97,15.0,0.96,15.0,0.99,185.24,,,0.01,185.24,,,0.03,15.0,0.04,15.0,0.02,0.02,43.772294,1776228869000
1776228871.104,271.104,0.98,15.0,0.97,15.0,0.99,183.21,,,0.01,185.24,,,0.03,15.0,0.04,15.0,0.01,0.02,43.772294,1776228869000
1776228872.333,272.333,0.98,15.0,0.97,15.0,0.99,183.21,,,0.01,183.21,,,0.02,15.0,0.03,15.0,0.01,0.01,43.773483,1776228871000
1776228873.106,273.106,0.98,15.0,0.97,15.0,0.99,67.19,,,0.01,183.21,,,0.02,15.0,0.03,15.0,0.01,0.01,43.773483,1776228871000
1776228873.325,273.325,0.98,15.0,0.97,15.0,0.99,67.19,,,0.01,67.19,,,0.02,15.0,0.03,15.0,0.01,0.01,43.773663,1776228872000
1776228874.363,274.363,0.98,15.0,0.97,15.0,0.99,67.19,,,0.01,67.19,,,0.02,15.0,0.03,15.0,0.01,0.01,43.773478,1776228873000
1776228875.2,275.2,0.98,15.0,0.97,15.0,0.99,67.19,,,0.01,67.19,,,0.02,15.0,0.03,15.0,0.01,0.01,43.773539,1776228874000
1776228876.329,276.329,0.98,15.0,0.97,15.0,0.99,67.19,,,0.01,67.19,,,0.02,15.0,0.03,15.0,0.01,0.01,43.773499,1776228875000
1776228877.416,277.416,0.98,15.0,0.97,15.0,0.99,67.19,,,0.01,67.19,,,0.02,15.0,0.03,15.0,0.01,0.01,43.773273,1776228876000
1776228877.935,277.935,0.98,15.0,0.97,15.0,0.99,67.19,,,0.01,67.19,,,0.02,15.0,0.03,15.0,0.01,0.01,43.773122,1776228877000
1776228878.996,278.996,0.98,15.0,0.97,15.0,0.99,67.19,,,0.01,67.19,,,0.02,15.0,0.03,15.0,0.01,0.01,43.772315,1776228878000
1776228880.015,280.015,0.98,15.0,0.97,15.0,0.99,67.19,,,0.01,67.19,,,0.02,15.0,0.03,15.0,0.01,0.01,43.771511,1776228879000
1776228881.054,281.054,0.98,15.0,0.97,15.0,0.99,67.19,,,0.01,67.19,,,0.02,15.0,0.03,15.0,0.01,0.01,43.771591,1776228880000
1776228882.136,282.136,0.98,15.0,0.97,15.0,0.99,67.19,,,0.01,67.19,,,0.02,15.0,0.03,15.0,0.01,0.01,43.771893,1776228881000
1776228883.104,283.104,0.98,15.0,0.97,15.0,0.99,67.19,,,0.01,67.19,,,0.02,15.0,0.03,15.0,0.01,0.01,43.771814,1776228882000
1776228884.135,284.135,0.98,15.0,0.97,15.0,0.99,67.19,,,0.01,67.19,,,0.02,15.0,0.03,15.0,0.01,0.01,43.771934,1776228883000
1776228885.323,285.323,0.98,15.0,0.97,15.0,0.99,67.19,,,0.01,67.19,,,0.02,15.0,0.03,15.0,0.01,0.01,43.772013,1776228884000
1776228886.1,286.1,0.91,10.0,0.75,50.0,0.99,58.87,,,0.01,67.19,,,0.02,15.0,0.03,15.0,0.08,0.01,43.772013,1776228884000
1776228886.362,286.362,0.91,10.0,0.75,50.0,0.99,58.87,,,0.01,58.87,,,0.09,10.0,0.25,50.0,0.08,0.08,43.77233,1776228885000
1776228887.36,287.36,0.91,10.0,0.75,50.0,0.99,58.87,,,0.01,58.87,,,0.09,10.0,0.25,50.0,0.08,0.08,43.772542,1776228886000
1776228887.882,287.882,0.91,10.0,0.75,50.0,0.99,58.87,,,0.01,58.87,,,0.09,10.0,0.25,50.0,0.08,0.08,43.772803,1776228887000
1776228889.005,289.005,0.91,10.0,0.75,50.0,0.99,58.87,,,0.01,58.87,,,0.09,10.0,0.25,50.0,0.08,0.08,43.773169,1776228888000
1776228890.227,290.227,0.91,10.0,0.75,50.0,0.99,58.87,,,0.01,58.87,,,0.09,10.0,0.25,50.0,0.08,0.08,43.773169,1776228889000
1776228892.057,292.057,0.91,10.0,0.75,50.0,0.99,58.87,,,0.01,58.87,,,0.09,10.0,0.25,50.0,0.08,0.08,43.773016,1776228891000
1776228892.261,292.261,0.91,10.0,0.75,50.0,0.99,53.87,,,0.01,58.87,,,0.09,10.0,0.25,50.0,0.08,0.08,43.773016,1776228891000
1776228893.227,293.227,0.91,10.0,0.75,50.0,0.99,44.24,,,0.01,47.87,,,0.09,10.0,0.25,50.0,0.08,0.08,43.773016,1776228891000
1776228893.502,293.502,0.91,10.0,0.75,50.0,0.99,44.24,,,0.01,44.24,,,0.09,10.0,0.25,50.0,0.08,0.08,43.773094,1776228892000
1776228893.818,293.818,0.91,10.0,0.75,50.0,0.99,15.05,,,0.01,24.03,,,0.09,10.0,0.25,50.0,0.08,0.08,43.773094,1776228892000
1776228894.213,294.213,0.91,10.0,0.75,50.0,0.99,15.05,,,0.01,15.05,,,0.09,10.0,0.25,50.0,0.08,0.08,43.773104,1776228893000
1776228895.481,295.481,0.91,10.0,0.75,5.0,,,,,0.01,15.05,,,0.09,10.0,0.25,50.0,,0.08,43.773104,1776228893000
1776228896.322,296.322,0.91,10.0,0.75,5.0,,,,,,,,,0.09,10.0,0.25,5.0,,,43.772532,1776228895000
1776228897.619,297.619,0.91,10.0,0.75,5.0,,,,,,,,,0.09,10.0,0.25,5.0,,,43.771663,1776228896000
1776228898.173,298.173,0.91,10.0,0.75,5.0,,,,,,,,,0.09,10.0,0.25,5.0,,,43.765739,1776228897000
1776228899.511,299.511,0.91,10.0,0.75,5.0,,,,,,,,,0.09,10.0,0.25,5.0,,,43.763944,1776228898000
1776228900.241,300.241,0.99,1178.45,0.91,10.0,,,,,,,,,0.01,1178.45,0.09,10.0,,,43.763903,1776228899000
1776228901.482,301.482,0.99,1178.45,0.91,10.0,,,,,,,,,0.01,1178.45,0.09,10.0,,,43.761987,1776228900000
1776228902.154,302.154,0.99,1178.45,0.91,10.0,,,,,,,,,0.01,1178.45,0.09,10.0,,,43.757609,1776228901000

# RESULT,winner=Up,slug=hype-updown-5m-1776228600,ticks=300
