timestamp,elapsed_sec,up_bid_p1,up_bid_s1,up_bid_p2,up_bid_s2,up_ask_p1,up_ask_s1,up_ask_p2,up_ask_s2,down_bid_p1,down_bid_s1,down_bid_p2,down_bid_s2,down_ask_p1,down_ask_s1,down_ask_p2,down_ask_s2,up_spread,down_spread,hype_price,hype_oracle_ts
1776322201.127,1.127,0.41,37.0,0.4,33.0,0.59,37.0,0.6,33.0,0.41,37.0,0.4,33.0,0.59,37.0,0.6,33.0,0.18,0.18,45.650328,1776322200000
1776322202.277,2.277,0.41,37.0,0.4,33.0,0.59,37.0,0.6,33.0,0.41,37.0,0.4,33.0,0.59,37.0,0.6,33.0,0.18,0.18,45.66074,1776322201000
1776322203.354,3.354,0.41,37.0,0.4,33.0,0.59,37.0,0.6,33.0,0.41,37.0,0.4,33.0,0.59,37.0,0.6,33.0,0.18,0.18,45.655228,1776322202000
1776322203.933,3.933,0.41,37.0,0.4,33.0,0.59,37.0,0.6,33.0,0.41,37.0,0.4,33.0,0.59,37.0,0.6,33.0,0.18,0.18,45.655228,1776322203000
1776322205.093,5.093,0.41,37.0,0.4,33.0,0.59,37.0,0.6,33.0,0.41,37.0,0.4,33.0,0.59,37.0,0.6,33.0,0.18,0.18,45.656987,1776322204000
1776322206.252,6.252,0.41,37.0,0.4,33.0,0.59,37.0,0.6,33.0,0.41,37.0,0.4,33.0,0.59,37.0,0.6,33.0,0.18,0.18,45.659019,1776322205000
1776322207.237,7.237,0.41,37.0,0.4,33.0,0.59,37.0,0.6,33.0,0.41,37.0,0.4,33.0,0.59,37.0,0.6,33.0,0.18,0.18,45.659848,1776322206000
1776322208.316,8.316,0.41,37.0,0.4,33.0,0.59,37.0,0.6,33.0,0.41,37.0,0.4,33.0,0.59,37.0,0.6,33.0,0.18,0.18,45.65958,1776322207000
1776322209.319,9.319,0.41,37.0,0.4,33.0,0.59,37.0,0.6,33.0,0.41,37.0,0.4,33.0,0.59,37.0,0.6,33.0,0.18,0.18,45.661079,1776322208000
1776322210.403,10.403,0.41,37.0,0.4,33.0,0.59,37.0,0.6,33.0,0.41,37.0,0.4,33.0,0.59,37.0,0.6,33.0,0.18,0.18,45.664775,1776322209000
1776322210.962,10.962,0.41,37.0,0.4,33.0,0.59,37.0,0.6,33.0,0.41,37.0,0.4,33.0,0.59,37.0,0.6,33.0,0.18,0.18,45.666987,1776322210000
1776322238.442,38.442,0.5,25.0,0.34,5.0,0.58,5.0,0.59,5.0,0.41,37.0,0.4,33.0,0.59,37.0,0.6,33.0,0.08,0.18,45.659324,1776322237000
1776322239.673,39.673,0.5,25.0,0.36,15.0,0.53,0.28,0.58,5.0,0.42,5.0,0.41,5.0,0.5,25.0,0.66,5.0,0.03,0.08,45.654548,1776322238000
1776322242.312,42.312,0.5,19.9,0.38,15.0,0.51,56.0,0.55,15.0,0.47,0.28,0.42,5.0,0.5,25.0,0.64,15.0,0.01,0.03,45.644325,1776322241000
1776322247.54,47.54,0.5,14.66,0.33,15.0,0.51,56.0,0.53,5.0,0.49,56.0,0.45,15.0,0.5,19.9,0.62,15.0,0.01,0.01,45.640313,1776322246000
1776322248.926,48.926,0.33,13.5,0.31,15.0,0.47,6.0,0.49,5.0,0.49,56.0,0.47,5.0,0.67,15.0,0.72,15.0,0.14,0.18,45.640505,1776322247000
1776322290.251,90.251,0.26,10.0,0.15,15.0,0.28,6.0,0.3,15.0,0.53,6.0,0.51,5.0,0.67,13.5,0.69,15.0,0.02,0.14,45.607633,1776322289000
1776322305.409,105.409,0.11,15.0,0.1,15.0,0.21,49.11,0.27,96.0,0.72,6.0,0.7,15.0,0.74,0.89,0.85,15.0,0.1,0.02,45.586232,1776322304000
1776322321.207,121.207,0.14,9.63,0.13,15.0,0.2,6.0,0.23,15.0,0.79,49.11,0.73,96.0,0.89,15.0,0.9,15.0,0.06,0.1,45.575113,1776322320000
1776322369.921,169.921,0.12,21.0,0.11,65.0,0.41,37.92,0.43,15.0,0.8,6.0,0.77,15.0,0.86,9.63,0.87,15.0,0.29,0.06,45.587092,1776322368000
1776322404.069,204.069,0.06,13.93,0.05,15.0,0.11,15.0,0.12,15.0,0.59,37.92,0.57,15.0,0.88,21.0,0.89,65.0,0.05,0.29,45.591605,1776322402000
1776322406.706,206.706,0.05,13.94,0.04,20.0,0.09,15.0,0.1,15.0,0.89,15.0,0.88,15.0,0.94,13.93,0.95,15.0,0.04,0.05,45.585373,1776322404000
1776322407.207,207.207,0.05,11.83,0.04,20.0,0.09,15.0,0.1,15.0,0.91,15.0,0.9,15.0,0.95,13.94,0.96,20.0,0.04,0.04,45.584073,1776322405000
1776322412.533,212.533,0.05,9.0,0.04,20.0,0.1,15.0,0.11,15.0,0.91,15.0,0.9,15.0,0.95,11.83,0.96,20.0,0.05,0.04,45.581058,1776322410000
1776322421.214,221.214,0.13,0.79,0.12,15.0,0.18,6.0,0.21,15.0,0.9,15.0,0.89,15.0,0.95,4.0,0.96,20.0,0.05,0.05,45.591658,1776322419000
1776322426.353,226.353,0.03,13.0,0.02,30.0,0.1,27.23,0.11,15.0,0.82,6.0,0.79,15.0,0.87,0.79,0.88,15.0,0.07,0.05,45.596327,1776322424000
1776322439.04,239.04,0.01,78.93,,,0.04,15.0,0.05,15.0,0.9,27.23,0.89,15.0,0.97,13.0,0.98,30.0,0.03,0.07,45.564984,1776322437000
1776322442.978,242.978,0.01,62.91,,,0.02,15.0,0.03,15.0,0.96,15.0,0.95,15.0,0.99,78.93,,,0.01,0.03,45.563304,1776322441000
1776322445.933,245.933,0.01,31.89,,,0.02,15.0,0.03,15.0,0.98,15.0,0.97,15.0,0.99,61.89,,,0.01,0.01,45.560728,1776322444000
1776322447.649,247.649,0.01,11.89,,,0.02,15.0,0.03,15.0,0.98,15.0,0.97,15.0,0.99,31.89,,,0.01,0.01,45.556477,1776322446000
1776322451.12,251.12,0.01,10.87,,,0.02,15.0,0.03,15.0,0.98,15.0,0.97,15.0,0.99,11.89,,,0.01,0.01,45.555762,1776322450000
1776322455.487,255.487,0.01,5.87,,,0.02,15.0,0.03,15.0,0.98,15.0,0.97,15.0,0.99,10.87,,,0.01,0.01,45.552664,1776322454000
1776322456.382,256.382,,,,,0.01,994.13,0.02,15.0,0.98,15.0,0.97,15.0,0.99,5.87,,,,0.01,45.552664,1776322454000
1776322496.122,296.122,,,,,0.01,1039.49,0.1,12.23,0.99,994.13,0.98,15.0,,,,,,,45.532962,1776322495000

# RESULT,winner=Down,slug=hype-updown-5m-1776322200,ticks=34
