timestamp,elapsed_sec,up_bid_p1,up_bid_s1,up_bid_p2,up_bid_s2,up_ask_p1,up_ask_s1,up_ask_p2,up_ask_s2,down_bid_p1,down_bid_s1,down_bid_p2,down_bid_s2,down_ask_p1,down_ask_s1,down_ask_p2,down_ask_s2,up_spread,down_spread,hype_price,hype_oracle_ts
1776288000.565,0.565,0.41,37.0,0.4,33.0,0.59,37.0,0.6,33.0,0.48,5.0,0.47,25.0,0.52,5.0,0.53,25.0,0.18,0.04,44.609769,1776287998000
1776288001.073,1.073,0.41,37.0,0.4,33.0,0.59,37.0,0.6,33.0,0.41,37.0,0.4,33.0,0.59,37.0,0.6,33.0,0.18,0.18,44.610463,1776288000000
1776288002.243,2.243,0.41,37.0,0.4,33.0,0.59,37.0,0.6,33.0,0.41,37.0,0.4,33.0,0.59,37.0,0.6,33.0,0.18,0.18,44.626846,1776288001000
1776288003.25,3.25,0.41,37.0,0.4,33.0,0.59,37.0,0.6,33.0,0.41,37.0,0.4,33.0,0.59,37.0,0.6,33.0,0.18,0.18,44.626469,1776288002000
1776288004.258,4.258,0.41,37.0,0.4,33.0,0.59,37.0,0.6,33.0,0.41,37.0,0.4,33.0,0.59,37.0,0.6,33.0,0.18,0.18,44.622854,1776288003000
1776288005.423,5.423,0.41,37.0,0.4,33.0,0.59,37.0,0.6,33.0,0.41,37.0,0.4,33.0,0.59,37.0,0.6,33.0,0.18,0.18,44.622594,1776288004000
1776288006.005,6.005,0.41,37.0,0.4,33.0,0.59,37.0,0.6,33.0,0.41,37.0,0.4,33.0,0.59,37.0,0.6,33.0,0.18,0.18,44.616396,1776288005000
1776288007.163,7.163,0.41,37.0,0.4,33.0,0.59,37.0,0.6,33.0,0.41,37.0,0.4,33.0,0.59,37.0,0.6,33.0,0.18,0.18,44.608426,1776288006000
1776288008.259,8.259,0.41,37.0,0.4,33.0,0.59,37.0,0.6,33.0,0.41,37.0,0.4,33.0,0.59,37.0,0.6,33.0,0.18,0.18,44.607697,1776288007000
1776288009.265,9.265,0.41,37.0,0.4,33.0,0.59,37.0,0.6,33.0,0.41,37.0,0.4,33.0,0.59,37.0,0.6,33.0,0.18,0.18,44.606408,1776288008000
1776288010.403,10.403,0.41,37.0,0.4,33.0,0.59,37.0,0.6,33.0,0.41,37.0,0.4,33.0,0.59,37.0,0.6,33.0,0.18,0.18,44.605538,1776288009000
1776288033.443,33.443,0.41,5.0,0.4,5.0,0.43,5.0,0.44,5.0,0.41,37.0,0.4,33.0,0.59,37.0,0.6,33.0,0.02,0.18,44.612275,1776288032000
1776288037.545,37.545,0.45,5.0,0.44,5.0,0.47,5.0,0.48,5.0,0.57,5.0,0.56,5.0,0.59,5.0,0.6,5.0,0.02,0.02,44.600043,1776288036000
1776288065.913,65.913,0.49,5.0,0.48,20.0,0.53,5.0,0.54,5.0,0.53,5.0,0.52,5.0,0.55,5.0,0.56,5.0,0.04,0.02,44.611473,1776288064000
1776288088.487,88.487,0.56,5.0,0.55,5.0,0.59,5.0,0.6,5.0,0.47,5.0,0.46,5.0,0.51,5.0,0.52,20.0,0.03,0.04,44.611071,1776288087000
1776288093.512,93.512,0.57,20.0,0.56,20.0,0.6,5.0,0.61,5.0,0.41,5.0,0.4,5.0,0.44,5.0,0.45,5.0,0.03,0.03,44.62591,1776288092000
1776288121.776,121.776,0.57,2.67,0.56,5.0,0.58,5.0,0.59,5.0,0.4,5.0,0.39,5.0,0.43,20.0,0.44,20.0,0.01,0.03,44.618974,1776288120000
1776288142.487,142.487,0.55,5.0,0.54,20.0,0.58,5.0,0.59,5.0,0.42,5.0,0.41,5.0,0.44,5.0,0.45,5.0,0.03,0.02,44.62454,1776288141000
1776288165.693,165.693,0.57,5.0,0.56,5.0,0.6,5.0,0.61,55.0,0.42,5.0,0.41,5.0,0.45,5.0,0.46,20.0,0.03,0.03,44.629568,1776288163000
1776288207.007,207.007,0.6,5.0,0.59,5.0,0.61,45.08,0.63,5.0,0.4,5.0,0.39,55.0,0.43,5.0,0.44,5.0,0.01,0.03,44.625068,1776288205000
1776288230.587,230.587,0.37,15.37,0.36,20.0,0.39,5.0,0.4,5.0,0.39,45.08,0.37,5.0,0.4,5.0,0.41,5.0,0.02,0.01,44.60271,1776288229000
1776288233.476,233.476,0.39,5.0,0.38,5.0,0.41,50.0,0.51,50.0,0.61,5.0,0.6,5.0,0.63,15.37,0.64,20.0,0.02,0.02,44.602026,1776288232000
1776288235.47,235.47,0.49,5.0,0.48,5.0,0.51,50.0,0.52,5.0,0.59,39.26,0.49,50.0,0.6,5.0,0.61,5.0,0.02,0.01,44.604654,1776288234000
1776288240.339,240.339,0.4,20.0,0.39,20.0,0.41,5.0,0.44,5.0,0.49,50.0,0.48,5.0,0.51,5.0,0.52,5.0,0.01,0.02,44.609738,1776288238000
1776288240.562,240.562,0.4,15.0,0.39,15.0,0.42,5.0,0.43,5.0,0.59,5.0,0.56,5.0,0.6,20.0,0.61,20.0,0.02,0.01,44.609821,1776288239000
1776288244.347,244.347,0.37,15.0,0.36,15.0,0.39,5.0,0.4,5.0,0.58,5.0,0.57,5.0,0.6,15.0,0.61,15.0,0.02,0.02,44.609622,1776288243000
1776288246.15,246.15,0.79,5.0,0.78,5.0,0.8,11.28,0.81,65.0,0.61,5.0,0.6,5.0,0.63,15.0,0.64,15.0,0.01,0.02,44.609805,1776288244000
1776288246.62,246.62,0.7,5.0,0.69,5.0,0.71,5.0,0.8,11.28,0.2,11.28,0.19,65.0,0.22,5.0,0.23,5.0,0.01,0.02,44.609763,1776288245000
1776288249.772,249.772,0.7,5.0,0.69,5.0,0.71,3.59,0.73,5.0,0.29,5.0,0.2,11.28,0.3,5.0,0.31,5.0,0.01,0.01,44.621304,1776288248000
1776288250.309,250.309,0.69,5.0,0.68,5.0,0.71,3.59,0.73,5.0,0.29,3.59,0.27,5.0,0.3,5.0,0.31,5.0,0.02,0.01,44.621304,1776288248000
1776288257.057,257.057,0.7,5.0,0.69,5.0,0.71,2.16,0.75,15.0,0.29,3.59,0.27,5.0,0.31,5.0,0.32,5.0,0.01,0.02,44.623424,1776288255000
1776288260.783,260.783,0.7,5.0,0.69,5.0,0.83,20.0,0.84,20.0,0.29,2.16,0.25,15.0,0.3,5.0,0.31,5.0,0.13,0.01,44.623853,1776288259000
1776288263.096,263.096,0.76,3.63,0.75,5.0,0.77,5.0,0.78,5.0,0.17,20.0,0.16,20.0,0.3,5.0,0.31,5.0,0.01,0.13,44.623946,1776288261000
1776288264.591,264.591,0.82,5.0,0.81,5.0,0.84,1.46,0.85,5.0,0.23,5.0,0.22,5.0,0.24,3.63,0.25,5.0,0.02,0.01,44.623915,1776288262000
1776288265.886,265.886,0.83,5.0,0.82,5.0,0.85,5.0,0.86,5.0,0.16,1.46,0.15,5.0,0.18,5.0,0.19,5.0,0.02,0.02,44.624473,1776288264000
1776288267.261,267.261,0.78,0.22,0.77,5.0,0.84,5.0,0.85,5.0,0.15,5.0,0.14,5.0,0.17,5.0,0.18,5.0,0.06,0.02,44.625051,1776288265000
1776288269.351,269.351,0.78,15.0,0.77,20.0,0.8,5.0,0.81,5.0,0.16,5.0,0.15,5.0,0.22,0.22,0.23,5.0,0.02,0.06,44.629326,1776288268000
1776288272.386,272.386,0.8,15.0,0.79,20.0,0.82,5.0,0.83,5.0,0.2,5.0,0.19,5.0,0.22,15.0,0.23,20.0,0.02,0.02,44.63027,1776288271000
1776288272.759,272.759,0.8,20.0,0.79,20.0,0.84,3.69,0.85,5.0,0.18,5.0,0.17,5.0,0.2,15.0,0.21,20.0,0.04,0.02,44.63027,1776288271000
1776288277.186,277.186,0.91,11.31,0.83,5.0,0.92,5.0,0.93,5.0,0.16,3.69,0.15,5.0,0.2,20.0,0.21,20.0,0.01,0.04,44.63156,1776288275000
1776288279.499,279.499,0.91,61.31,0.9,5.0,0.93,5.0,0.94,5.0,0.08,5.0,0.07,5.0,0.09,11.31,0.17,5.0,0.02,0.01,44.639905,1776288278000
1776288280.232,280.232,0.93,5.75,0.92,5.0,0.94,5.0,0.95,5.0,0.07,5.0,0.06,5.0,0.09,61.31,0.1,5.0,0.01,0.02,44.639905,1776288278000
1776288280.701,280.701,0.93,57.75,0.92,5.0,0.98,10.0,0.99,190.0,0.06,5.0,0.05,5.0,0.07,5.75,0.08,5.0,0.05,0.01,44.63996,1776288279000
1776288281.468,281.468,0.97,5.0,0.96,5.0,0.98,7.95,0.99,190.0,0.02,10.0,0.01,190.0,0.07,57.75,0.08,5.0,0.01,0.05,44.641925,1776288280000
1776288281.824,281.824,0.97,5.0,0.96,5.0,0.98,2.9,0.99,190.0,0.02,7.95,0.01,190.0,0.03,5.0,0.04,5.0,0.01,0.01,44.641925,1776288280000
1776288283.64,283.64,0.98,5.0,0.97,5.0,0.99,86.83,,,0.01,187.85,,,0.03,5.0,0.04,5.0,0.01,0.02,44.662724,1776288282000
1776288284.672,284.672,0.98,5.0,0.97,5.0,0.99,85.81,,,0.01,86.83,,,0.02,5.0,0.03,5.0,0.01,0.01,44.664396,1776288283000
1776288287.347,287.347,0.98,5.0,0.97,5.0,0.99,72.66,,,0.01,85.81,,,0.02,5.0,0.03,5.0,0.01,0.01,44.666865,1776288286000
1776288287.703,287.703,0.98,5.0,0.97,5.0,0.99,71.64,,,0.01,72.66,,,0.02,5.0,0.03,5.0,0.01,0.01,44.666865,1776288286000
1776288293.741,293.741,0.98,5.0,0.97,5.0,0.99,51.43,,,0.01,71.64,,,0.02,5.0,0.03,5.0,0.01,0.01,44.662987,1776288292000
1776288294.468,294.468,0.98,5.0,0.97,5.0,0.99,47.05,,,0.01,51.43,,,0.02,5.0,0.03,5.0,0.01,0.01,44.663002,1776288293000
1776288295.285,295.285,0.98,5.0,0.97,5.0,0.99,42.67,,,0.01,47.05,,,0.02,5.0,0.03,5.0,0.01,0.01,44.663002,1776288294000
1776288295.839,295.839,0.98,5.0,0.97,5.0,0.99,26.24,,,0.01,42.67,,,0.02,5.0,0.03,5.0,0.01,0.01,44.663002,1776288294000
1776288296.091,296.091,0.98,5.0,0.97,5.0,0.99,11.08,,,0.01,26.24,,,0.02,5.0,0.03,5.0,0.01,0.01,44.6627,1776288295000
1776288296.385,296.385,0.98,5.0,0.97,5.0,0.99,6.7,,,0.01,11.08,,,0.02,5.0,0.03,5.0,0.01,0.01,44.6627,1776288295000

# RESULT,winner=Up,slug=hype-updown-5m-1776288000,ticks=55
