timestamp,elapsed_sec,up_bid_p1,up_bid_s1,up_bid_p2,up_bid_s2,up_ask_p1,up_ask_s1,up_ask_p2,up_ask_s2,down_bid_p1,down_bid_s1,down_bid_p2,down_bid_s2,down_ask_p1,down_ask_s1,down_ask_p2,down_ask_s2,up_spread,down_spread,hype_price,hype_oracle_ts
1776215401.284,1.284,,,,,,,,,,,,,,,,,,,43.970104,1776215400000
1776215401.516,1.516,0.11,100.0,0.08,50.0,0.51,5.0,0.89,100.0,0.49,5.0,0.11,100.0,0.89,100.0,0.92,50.0,0.4,0.4,43.970104,1776215400000
1776215401.894,1.894,0.11,100.0,0.08,50.0,0.51,5.0,0.89,100.0,0.49,5.0,0.11,100.0,0.89,100.0,0.92,50.0,0.4,0.4,43.970104,1776215400000
1776215402.522,2.522,0.11,100.0,0.08,50.0,0.51,5.0,0.89,100.0,0.49,5.0,0.11,100.0,0.89,100.0,0.92,50.0,0.4,0.4,43.970236,1776215401000
1776215403.269,3.269,0.11,100.0,0.08,50.0,0.51,5.0,0.89,100.0,0.49,5.0,0.11,100.0,0.89,100.0,0.92,50.0,0.4,0.4,43.970244,1776215402000
1776215404.459,4.459,0.11,100.0,0.08,50.0,0.51,5.0,0.89,100.0,0.49,5.0,0.11,100.0,0.89,100.0,0.92,50.0,0.4,0.4,43.964043,1776215403000
1776215406.836,6.836,0.11,100.0,0.08,50.0,0.51,5.0,0.89,100.0,0.49,5.0,0.11,100.0,0.89,100.0,0.92,50.0,0.4,0.4,43.9517,1776215405000
1776215407.481,7.481,0.11,100.0,0.08,50.0,0.51,5.0,0.89,100.0,0.49,5.0,0.11,100.0,0.89,100.0,0.92,50.0,0.4,0.4,43.9517,1776215406000
1776215408.028,8.028,0.11,100.0,0.08,50.0,0.51,5.0,0.89,100.0,0.49,5.0,0.11,100.0,0.89,100.0,0.92,50.0,0.4,0.4,43.950199,1776215407000
1776215409.119,9.119,0.11,100.0,0.08,50.0,0.51,5.0,0.89,100.0,0.49,5.0,0.11,100.0,0.89,100.0,0.92,50.0,0.4,0.4,43.954983,1776215408000
1776215410.416,10.416,0.11,100.0,0.08,50.0,0.51,5.0,0.89,100.0,0.49,5.0,0.11,100.0,0.89,100.0,0.92,50.0,0.4,0.4,43.956738,1776215409000
1776215410.96,10.96,0.11,100.0,0.08,50.0,0.51,5.0,0.89,100.0,0.49,5.0,0.11,100.0,0.89,100.0,0.92,50.0,0.4,0.4,43.956738,1776215410000
1776215412.19,12.19,0.11,100.0,0.08,50.0,0.51,5.0,0.89,100.0,0.49,5.0,0.11,100.0,0.89,100.0,0.92,50.0,0.4,0.4,43.962629,1776215411000
1776215413.458,13.458,0.11,100.0,0.08,50.0,0.51,5.0,0.89,100.0,0.49,5.0,0.11,100.0,0.89,100.0,0.92,50.0,0.4,0.4,43.962845,1776215412000
1776215413.987,13.987,0.11,100.0,0.08,50.0,0.51,5.0,0.89,100.0,0.49,5.0,0.11,100.0,0.89,100.0,0.92,50.0,0.4,0.4,43.962932,1776215413000
1776215415.253,15.253,0.11,100.0,0.08,50.0,0.51,5.0,0.89,100.0,0.49,5.0,0.11,100.0,0.89,100.0,0.92,50.0,0.4,0.4,43.961293,1776215414000
1776215416.612,16.612,0.11,100.0,0.08,50.0,0.51,5.0,0.89,100.0,0.49,5.0,0.11,100.0,0.89,100.0,0.92,50.0,0.4,0.4,43.960727,1776215415000
1776215417.122,17.122,0.11,100.0,0.08,50.0,0.51,5.0,0.89,100.0,0.49,5.0,0.11,100.0,0.89,100.0,0.92,50.0,0.4,0.4,43.96412,1776215416000
1776215418.264,18.264,0.11,100.0,0.08,50.0,0.51,5.0,0.89,100.0,0.49,5.0,0.11,100.0,0.89,100.0,0.92,50.0,0.4,0.4,43.965077,1776215417000
1776215418.962,18.962,0.11,100.0,0.08,50.0,0.51,5.0,0.89,100.0,0.49,5.0,0.11,100.0,0.89,100.0,0.92,50.0,0.4,0.4,43.965129,1776215418000
1776215419.17,19.17,0.39,10.0,0.33,5.0,0.42,70.21,0.51,5.0,0.49,5.0,0.11,100.0,0.89,100.0,0.92,50.0,0.03,0.4,43.965129,1776215418000
1776215420.527,20.527,0.39,10.0,0.33,5.0,0.42,70.21,0.51,5.0,0.58,70.21,0.49,5.0,0.61,10.0,0.67,5.0,0.03,0.03,43.964779,1776215419000
1776215420.995,20.995,0.39,10.0,0.33,5.0,0.42,70.21,0.51,5.0,0.58,70.21,0.49,5.0,0.61,10.0,0.67,5.0,0.03,0.03,43.965132,1776215420000
1776215422.599,22.599,0.39,10.0,0.33,5.0,0.42,70.21,0.51,5.0,0.58,70.21,0.49,5.0,0.61,10.0,0.67,5.0,0.03,0.03,43.965601,1776215421000
1776215423.175,23.175,0.39,10.0,0.33,5.0,0.42,70.21,0.51,5.0,0.58,70.21,0.49,5.0,0.61,10.0,0.67,5.0,0.03,0.03,43.96563,1776215422000
1776215424.595,24.595,0.39,10.0,0.33,5.0,0.42,70.21,0.51,5.0,0.58,70.21,0.49,5.0,0.61,10.0,0.67,5.0,0.03,0.03,43.965501,1776215423000
1776215425.233,25.233,0.39,10.0,0.33,5.0,0.42,70.21,0.51,5.0,0.58,70.21,0.49,5.0,0.61,10.0,0.67,5.0,0.03,0.03,43.965364,1776215424000
1776215426.464,26.464,0.39,10.0,0.33,5.0,0.42,70.21,0.51,5.0,0.58,70.21,0.49,5.0,0.61,10.0,0.67,5.0,0.03,0.03,43.965357,1776215425000
1776215426.943,26.943,0.39,10.0,0.33,5.0,0.42,70.21,0.51,5.0,0.58,70.21,0.49,5.0,0.61,10.0,0.67,5.0,0.03,0.03,43.965384,1776215426000
1776215428.196,28.196,0.39,10.0,0.33,5.0,0.42,70.21,0.51,5.0,0.58,70.21,0.49,5.0,0.61,10.0,0.67,5.0,0.03,0.03,43.965384,1776215427000
1776215429.308,29.308,0.39,10.0,0.33,5.0,0.42,70.21,0.51,5.0,0.58,70.21,0.49,5.0,0.61,10.0,0.67,5.0,0.03,0.03,43.96409,1776215428000
1776215430.486,30.486,0.39,10.0,0.33,5.0,0.42,70.21,0.51,5.0,0.58,70.21,0.49,5.0,0.61,10.0,0.67,5.0,0.03,0.03,43.963271,1776215429000
1776215431.038,31.038,0.39,10.0,0.33,5.0,0.42,70.21,0.51,5.0,0.58,70.21,0.49,5.0,0.61,10.0,0.67,5.0,0.03,0.03,43.959898,1776215430000
1776215432.162,32.162,0.39,10.0,0.33,5.0,0.42,70.21,0.51,5.0,0.58,70.21,0.49,5.0,0.61,10.0,0.67,5.0,0.03,0.03,43.958929,1776215431000
1776215433.245,33.245,0.39,10.0,0.33,5.0,0.42,70.21,0.51,5.0,0.58,70.21,0.49,5.0,0.61,10.0,0.67,5.0,0.03,0.03,43.951238,1776215432000
1776215434.415,34.415,0.39,10.0,0.33,5.0,0.42,70.21,0.51,5.0,0.58,70.21,0.49,5.0,0.61,10.0,0.67,5.0,0.03,0.03,43.947833,1776215433000
1776215435.122,35.122,0.39,10.0,0.33,5.0,0.42,70.21,0.51,5.0,0.58,70.21,0.49,5.0,0.61,10.0,0.67,5.0,0.03,0.03,43.939154,1776215434000
1776215435.967,35.967,0.39,10.0,0.33,5.0,0.42,70.21,0.51,5.0,0.58,70.21,0.49,5.0,0.61,10.0,0.67,5.0,0.03,0.03,43.929073,1776215435000
1776215437.723,37.723,0.39,10.0,0.33,5.0,0.42,70.21,0.51,5.0,0.58,70.21,0.49,5.0,0.61,10.0,0.67,5.0,0.03,0.03,43.915879,1776215436000
1776215438.376,38.376,0.39,10.0,0.33,5.0,0.42,70.21,0.51,5.0,0.58,70.21,0.49,5.0,0.61,10.0,0.67,5.0,0.03,0.03,43.913936,1776215437000
1776215439.273,39.273,0.39,10.0,0.33,5.0,0.42,70.21,0.51,5.0,0.58,70.21,0.49,5.0,0.61,10.0,0.67,5.0,0.03,0.03,43.911646,1776215438000
1776215440.513,40.513,0.39,10.0,0.33,5.0,0.42,70.21,0.51,5.0,0.58,70.21,0.49,5.0,0.61,10.0,0.67,5.0,0.03,0.03,43.911584,1776215439000
1776215441.225,41.225,0.39,10.0,0.33,5.0,0.42,70.21,0.51,5.0,0.58,70.21,0.49,5.0,0.61,10.0,0.67,5.0,0.03,0.03,43.911978,1776215440000
1776215442.603,42.603,0.39,10.0,0.33,5.0,0.42,70.21,0.51,5.0,0.58,70.21,0.49,5.0,0.61,10.0,0.67,5.0,0.03,0.03,43.918641,1776215441000
1776215443.301,43.301,0.39,10.0,0.33,5.0,0.42,70.21,0.51,5.0,0.58,70.21,0.49,5.0,0.61,10.0,0.67,5.0,0.03,0.03,43.919778,1776215442000
1776215443.939,43.939,0.39,10.0,0.33,5.0,0.42,70.21,0.51,5.0,0.58,70.21,0.49,5.0,0.61,10.0,0.67,5.0,0.03,0.03,43.919778,1776215443000
1776215445.212,45.212,0.39,10.0,0.33,5.0,0.42,70.21,0.51,5.0,0.58,70.21,0.49,5.0,0.61,10.0,0.67,5.0,0.03,0.03,43.915216,1776215444000
1776215446.497,46.497,0.39,10.0,0.33,5.0,0.42,70.21,0.51,5.0,0.58,70.21,0.49,5.0,0.61,10.0,0.67,5.0,0.03,0.03,43.918306,1776215445000
1776215447.118,47.118,0.39,10.0,0.33,5.0,0.42,70.21,0.51,5.0,0.58,70.21,0.49,5.0,0.61,10.0,0.67,5.0,0.03,0.03,43.918306,1776215446000
1776215448.358,48.358,0.39,10.0,0.33,5.0,0.42,70.21,0.51,5.0,0.58,70.21,0.49,5.0,0.61,10.0,0.67,5.0,0.03,0.03,43.917313,1776215447000
1776215448.977,48.977,0.39,10.0,0.33,5.0,0.42,70.21,0.51,5.0,0.58,70.21,0.49,5.0,0.61,10.0,0.67,5.0,0.03,0.03,43.917313,1776215448000
1776215450.376,50.376,0.39,10.0,0.33,5.0,0.42,70.21,0.51,5.0,0.58,70.21,0.49,5.0,0.61,10.0,0.67,5.0,0.03,0.03,43.916318,1776215449000
1776215450.99,50.99,0.39,10.0,0.33,5.0,0.42,70.21,0.51,5.0,0.58,70.21,0.49,5.0,0.61,10.0,0.67,5.0,0.03,0.03,43.916318,1776215450000
1776215452.368,52.368,0.39,10.0,0.33,5.0,0.42,70.21,0.51,5.0,0.58,70.21,0.49,5.0,0.61,10.0,0.67,5.0,0.03,0.03,43.914423,1776215451000
1776215453.098,53.098,0.39,10.0,0.33,5.0,0.42,70.21,0.51,5.0,0.58,70.21,0.49,5.0,0.61,10.0,0.67,5.0,0.03,0.03,43.909265,1776215452000
1776215455.124,55.124,0.39,10.0,0.33,5.0,0.42,70.21,0.51,5.0,0.58,70.21,0.49,5.0,0.61,10.0,0.67,5.0,0.03,0.03,43.894986,1776215454000
1776215456.295,56.295,0.39,10.0,0.33,5.0,0.42,70.21,0.51,5.0,0.58,70.21,0.49,5.0,0.61,10.0,0.67,5.0,0.03,0.03,43.893644,1776215455000
1776215457.047,57.047,0.39,10.0,0.33,5.0,0.42,70.21,0.51,5.0,0.58,70.21,0.49,5.0,0.61,10.0,0.67,5.0,0.03,0.03,43.893461,1776215456000
1776215458.139,58.139,0.11,90.0,0.09,15.0,0.24,34.0,0.25,5.0,0.76,34.0,0.75,5.0,0.89,90.0,0.91,15.0,0.13,0.13,43.886571,1776215457000
1776215459.386,59.386,0.11,90.0,0.09,15.0,0.24,34.0,0.25,5.0,0.76,34.0,0.75,5.0,0.89,90.0,0.91,15.0,0.13,0.13,43.878702,1776215458000
1776215460.053,60.053,0.11,90.0,0.09,15.0,0.24,34.0,0.25,5.0,0.76,34.0,0.75,5.0,0.89,90.0,0.91,15.0,0.13,0.13,43.877182,1776215459000
1776215461.211,61.211,0.11,90.0,0.09,15.0,0.24,34.0,0.25,5.0,0.76,34.0,0.75,5.0,0.89,90.0,0.91,15.0,0.13,0.13,43.877472,1776215460000
1776215462.38,62.38,0.11,90.0,0.09,15.0,0.24,34.0,0.25,5.0,0.76,34.0,0.75,5.0,0.89,90.0,0.91,15.0,0.13,0.13,43.877596,1776215461000
1776215463.11,63.11,0.11,90.0,0.09,15.0,0.24,34.0,0.25,5.0,0.76,34.0,0.75,5.0,0.89,90.0,0.91,15.0,0.13,0.13,43.878184,1776215462000
1776215464.198,64.198,0.11,90.0,0.09,15.0,0.24,34.0,0.25,5.0,0.76,34.0,0.75,5.0,0.89,90.0,0.91,15.0,0.13,0.13,43.877908,1776215463000
1776215465.43,65.43,0.11,90.0,0.09,15.0,0.24,34.0,0.25,5.0,0.76,34.0,0.75,5.0,0.89,90.0,0.91,15.0,0.13,0.13,43.877399,1776215464000
1776215465.996,65.996,0.11,90.0,0.09,15.0,0.24,34.0,0.25,5.0,0.76,34.0,0.75,5.0,0.89,90.0,0.91,15.0,0.13,0.13,43.877107,1776215465000
1776215467.197,67.197,0.11,90.0,0.09,15.0,0.24,34.0,0.25,5.0,0.76,34.0,0.75,5.0,0.89,90.0,0.91,15.0,0.13,0.13,43.876203,1776215466000
1776215468.49,68.49,0.11,90.0,0.09,15.0,0.24,34.0,0.25,5.0,0.76,34.0,0.75,5.0,0.89,90.0,0.91,15.0,0.13,0.13,43.875418,1776215467000
1776215469.054,69.054,0.07,13.92,0.06,15.0,0.1,5.0,0.12,5.0,0.76,34.0,0.75,5.0,0.89,90.0,0.91,15.0,0.03,0.13,43.875418,1776215467000
1776215470.899,70.899,0.07,13.92,0.06,15.0,0.1,5.0,0.12,5.0,0.9,5.0,0.88,5.0,0.93,13.92,0.94,15.0,0.03,0.03,43.875348,1776215469000
1776215471.423,71.423,0.07,13.92,0.06,15.0,0.1,5.0,0.12,5.0,0.9,5.0,0.88,5.0,0.93,13.92,0.94,15.0,0.03,0.03,43.875399,1776215470000
1776215471.991,71.991,0.07,13.92,0.06,15.0,0.1,5.0,0.12,5.0,0.9,5.0,0.88,5.0,0.93,13.92,0.94,15.0,0.03,0.03,43.875462,1776215471000
1776215472.445,72.445,0.08,15.0,0.07,13.92,0.1,5.0,0.12,5.0,0.9,5.0,0.88,5.0,0.93,13.92,0.94,15.0,0.02,0.03,43.875462,1776215471000
1776215472.986,72.986,0.08,15.0,0.07,13.92,0.1,5.0,0.12,5.0,0.9,5.0,0.88,5.0,0.92,15.0,0.93,13.92,0.02,0.02,43.882601,1776215472000
1776215473.944,73.944,0.08,15.0,0.07,13.92,0.1,5.0,0.12,5.0,0.9,5.0,0.88,5.0,0.92,15.0,0.93,13.92,0.02,0.02,43.883435,1776215473000
1776215474.952,74.952,0.08,15.0,0.07,13.92,0.1,5.0,0.12,5.0,0.9,5.0,0.88,5.0,0.92,15.0,0.93,13.92,0.02,0.02,43.884069,1776215474000
1776215475.995,75.995,0.08,15.0,0.07,13.92,0.1,5.0,0.12,5.0,0.9,5.0,0.88,5.0,0.92,15.0,0.93,13.92,0.02,0.02,43.883999,1776215475000
1776215477.016,77.016,0.08,15.0,0.07,13.92,0.1,5.0,0.12,5.0,0.9,5.0,0.88,5.0,0.92,15.0,0.93,13.92,0.02,0.02,43.88358,1776215476000
1776215477.985,77.985,0.08,15.0,0.07,13.92,0.1,5.0,0.12,5.0,0.9,5.0,0.88,5.0,0.92,15.0,0.93,13.92,0.02,0.02,43.883523,1776215477000
1776215478.983,78.983,0.08,15.0,0.07,13.92,0.1,5.0,0.12,5.0,0.9,5.0,0.88,5.0,0.92,15.0,0.93,13.92,0.02,0.02,43.882823,1776215478000
1776215479.961,79.961,0.08,15.0,0.07,13.92,0.1,5.0,0.12,5.0,0.9,5.0,0.88,5.0,0.92,15.0,0.93,13.92,0.02,0.02,43.881434,1776215479000
1776215481.002,81.002,0.08,15.0,0.07,13.92,0.1,5.0,0.12,5.0,0.9,5.0,0.88,5.0,0.92,15.0,0.93,13.92,0.02,0.02,43.876977,1776215480000
1776215482.081,82.081,0.08,15.0,0.07,13.92,0.1,5.0,0.12,5.0,0.9,5.0,0.88,5.0,0.92,15.0,0.93,13.92,0.02,0.02,43.86997,1776215481000
1776215482.557,82.557,0.03,55.63,0.02,25.0,0.1,20.0,0.11,15.0,0.9,5.0,0.88,5.0,0.92,15.0,0.93,13.92,0.07,0.02,43.86997,1776215481000
1776215483.101,83.101,0.03,55.63,0.02,25.0,0.1,20.0,0.11,15.0,0.9,20.0,0.89,15.0,0.97,55.63,0.98,25.0,0.07,0.07,43.861378,1776215482000
1776215484.202,84.202,0.03,55.63,0.02,25.0,0.1,20.0,0.11,15.0,0.9,20.0,0.89,15.0,0.97,55.63,0.98,25.0,0.07,0.07,43.859929,1776215483000
1776215486.116,86.116,0.03,55.63,0.02,25.0,0.1,20.0,0.11,15.0,0.9,20.0,0.89,15.0,0.97,55.63,0.98,25.0,0.07,0.07,43.858901,1776215484000
1776215486.703,86.703,0.03,55.63,0.02,25.0,0.1,20.0,0.11,15.0,0.9,20.0,0.89,15.0,0.97,55.63,0.98,25.0,0.07,0.07,43.859302,1776215485000
1776215487.783,87.783,0.03,55.63,0.02,25.0,0.1,20.0,0.11,15.0,0.9,20.0,0.89,15.0,0.97,55.63,0.98,25.0,0.07,0.07,43.859938,1776215486000
1776215488.628,88.628,0.03,55.63,0.02,25.0,0.1,20.0,0.11,15.0,0.9,20.0,0.89,15.0,0.97,55.63,0.98,25.0,0.07,0.07,43.859937,1776215487000
1776215489.211,89.211,0.03,55.63,0.02,25.0,0.1,20.0,0.11,15.0,0.9,20.0,0.89,15.0,0.97,55.63,0.98,25.0,0.07,0.07,43.859883,1776215488000
1776215490.684,90.684,0.03,55.63,0.02,25.0,0.1,20.0,0.11,15.0,0.9,20.0,0.89,15.0,0.97,55.63,0.98,25.0,0.07,0.07,43.85945,1776215489000
1776215491.294,91.294,0.03,54.5,0.02,25.0,0.06,15.0,0.07,15.0,0.94,15.0,0.93,15.0,0.97,54.5,0.98,25.0,0.03,0.03,43.858624,1776215490000
1776215492.64,92.64,0.03,54.5,0.02,25.0,0.06,15.0,0.07,15.0,0.94,15.0,0.93,15.0,0.97,54.5,0.98,25.0,0.03,0.03,43.854244,1776215491000
1776215493.408,93.408,0.03,54.5,0.02,25.0,0.06,15.0,0.07,15.0,0.94,15.0,0.93,15.0,0.97,54.5,0.98,25.0,0.03,0.03,43.85405,1776215492000
1776215494.121,94.121,0.03,54.5,0.02,25.0,0.06,15.0,0.07,15.0,0.94,15.0,0.93,15.0,0.97,54.5,0.98,25.0,0.03,0.03,43.853915,1776215493000
1776215495.723,95.723,0.03,54.5,0.02,25.0,0.06,15.0,0.07,15.0,0.94,15.0,0.93,15.0,0.97,54.5,0.98,25.0,0.03,0.03,43.849915,1776215494000
1776215496.305,96.305,0.03,54.5,0.02,25.0,0.06,15.0,0.07,15.0,0.94,15.0,0.93,15.0,0.97,54.5,0.98,25.0,0.03,0.03,43.849238,1776215495000
1776215497.817,97.817,0.03,54.5,0.02,25.0,0.06,15.0,0.07,15.0,0.94,15.0,0.93,15.0,0.97,54.5,0.98,25.0,0.03,0.03,43.847646,1776215496000
1776215498.436,98.436,0.03,54.5,0.02,25.0,0.06,15.0,0.07,15.0,0.94,15.0,0.93,15.0,0.97,54.5,0.98,25.0,0.03,0.03,43.848115,1776215497000
1776215499.168,99.168,0.03,54.5,0.02,25.0,0.06,15.0,0.07,15.0,0.94,15.0,0.93,15.0,0.97,54.5,0.98,25.0,0.03,0.03,43.848232,1776215498000
1776215500.615,100.615,0.03,54.5,0.02,25.0,0.06,15.0,0.07,15.0,0.94,15.0,0.93,15.0,0.97,54.5,0.98,25.0,0.03,0.03,43.848117,1776215499000
1776215501.227,101.227,0.03,54.5,0.02,25.0,0.06,15.0,0.07,15.0,0.94,15.0,0.93,15.0,0.97,54.5,0.98,25.0,0.03,0.03,43.847921,1776215500000
1776215503.229,103.229,0.03,54.5,0.02,25.0,0.06,15.0,0.07,15.0,0.94,15.0,0.93,15.0,0.97,54.5,0.98,25.0,0.03,0.03,43.847734,1776215502000
1776215504.197,104.197,0.03,138.46,0.02,25.0,0.04,15.0,0.05,15.0,0.94,15.0,0.93,15.0,0.97,54.5,0.98,25.0,0.01,0.03,43.847734,1776215502000
1776215505.221,105.221,0.03,138.46,0.02,25.0,0.04,15.0,0.05,15.0,0.96,15.0,0.95,15.0,0.97,138.46,0.98,25.0,0.01,0.01,43.845135,1776215504000
1776215506.581,106.581,0.03,138.46,0.02,25.0,0.04,15.0,0.05,15.0,0.96,15.0,0.95,15.0,0.97,138.46,0.98,25.0,0.01,0.01,43.835557,1776215505000
1776215507.369,107.369,0.03,138.46,0.02,25.0,0.04,15.0,0.05,15.0,0.96,15.0,0.95,15.0,0.97,138.46,0.98,25.0,0.01,0.01,43.835524,1776215506000
1776215508.16,108.16,0.03,99.64,0.02,10.0,0.04,15.0,0.05,15.0,0.96,15.0,0.95,15.0,0.97,99.64,0.98,10.0,0.01,0.01,43.835395,1776215507000
1776215509.558,109.558,0.03,99.64,0.02,10.0,0.04,15.0,0.05,15.0,0.96,15.0,0.95,15.0,0.97,99.64,0.98,10.0,0.01,0.01,43.835267,1776215508000
1776215510.211,110.211,0.03,99.64,0.02,10.0,0.04,15.0,0.05,15.0,0.96,15.0,0.95,15.0,0.97,99.64,0.98,10.0,0.01,0.01,43.835267,1776215509000
1776215510.578,110.578,0.03,65.99,0.02,10.0,0.04,15.0,0.05,15.0,0.96,15.0,0.95,15.0,0.97,99.64,0.98,10.0,0.01,0.01,43.835267,1776215509000
1776215511.577,111.577,0.03,65.99,0.02,10.0,0.04,15.0,0.05,15.0,0.96,15.0,0.95,15.0,0.97,65.99,0.98,10.0,0.01,0.01,43.835543,1776215510000
1776215512.231,112.231,0.03,65.99,0.02,10.0,0.04,15.0,0.05,15.0,0.96,15.0,0.95,15.0,0.97,65.99,0.98,10.0,0.01,0.01,43.834771,1776215511000
1776215513.594,113.594,0.03,65.99,0.02,10.0,0.04,15.0,0.05,15.0,0.96,15.0,0.95,15.0,0.97,65.99,0.98,10.0,0.01,0.01,43.844481,1776215512000
1776215514.333,114.333,0.03,65.99,0.02,10.0,0.04,15.0,0.05,15.0,0.96,15.0,0.95,15.0,0.97,65.99,0.98,10.0,0.01,0.01,43.846039,1776215513000
1776215515.046,115.046,0.03,65.99,0.02,10.0,0.04,15.0,0.05,15.0,0.96,15.0,0.95,15.0,0.97,65.99,0.98,10.0,0.01,0.01,43.850493,1776215514000
1776215516.421,116.421,0.03,65.99,0.02,10.0,0.04,15.0,0.05,15.0,0.96,15.0,0.95,15.0,0.97,65.99,0.98,10.0,0.01,0.01,43.859283,1776215515000
1776215517.095,117.095,0.03,65.99,0.02,10.0,0.04,15.0,0.05,15.0,0.96,15.0,0.95,15.0,0.97,65.99,0.98,10.0,0.01,0.01,43.861946,1776215516000
1776215518.44,118.44,0.03,65.99,0.02,10.0,0.04,15.0,0.05,15.0,0.96,15.0,0.95,15.0,0.97,65.99,0.98,10.0,0.01,0.01,43.865712,1776215517000
1776215519.068,119.068,0.03,65.99,0.02,10.0,0.04,15.0,0.05,15.0,0.96,15.0,0.95,15.0,0.97,65.99,0.98,10.0,0.01,0.01,43.866795,1776215518000
1776215520.405,120.405,0.03,65.99,0.02,10.0,0.04,15.0,0.05,15.0,0.96,15.0,0.95,15.0,0.97,65.99,0.98,10.0,0.01,0.01,43.865507,1776215519000
1776215521.563,121.563,0.03,65.99,0.02,10.0,0.04,15.0,0.05,15.0,0.96,15.0,0.95,15.0,0.97,65.99,0.98,10.0,0.01,0.01,43.866548,1776215520000
1776215522.206,122.206,0.03,65.99,0.02,10.0,0.04,15.0,0.05,15.0,0.96,15.0,0.95,15.0,0.97,65.99,0.98,10.0,0.01,0.01,43.866548,1776215521000
1776215523.438,123.438,0.03,65.99,0.02,10.0,0.04,15.0,0.05,15.0,0.96,15.0,0.95,15.0,0.97,65.99,0.98,10.0,0.01,0.01,43.865337,1776215522000
1776215523.936,123.936,0.03,65.99,0.02,10.0,0.04,15.0,0.05,15.0,0.96,15.0,0.95,15.0,0.97,65.99,0.98,10.0,0.01,0.01,43.865472,1776215523000
1776215525.028,125.028,0.03,65.99,0.02,10.0,0.04,15.0,0.05,15.0,0.96,15.0,0.95,15.0,0.97,65.99,0.98,10.0,0.01,0.01,43.867035,1776215524000
1776215526.224,126.224,0.03,65.99,0.02,10.0,0.04,15.0,0.05,15.0,0.96,15.0,0.95,15.0,0.97,65.99,0.98,10.0,0.01,0.01,43.873672,1776215525000
1776215527.355,127.355,0.03,65.99,0.02,10.0,0.04,15.0,0.05,15.0,0.96,15.0,0.95,15.0,0.97,65.99,0.98,10.0,0.01,0.01,43.87676,1776215526000
1776215527.896,127.896,0.03,65.99,0.02,10.0,0.04,15.0,0.05,15.0,0.96,15.0,0.95,15.0,0.97,65.99,0.98,10.0,0.01,0.01,43.87676,1776215527000
1776215529.006,129.006,0.03,65.99,0.02,10.0,0.04,15.0,0.05,15.0,0.96,15.0,0.95,15.0,0.97,65.99,0.98,10.0,0.01,0.01,43.881182,1776215528000
1776215530.026,130.026,0.03,65.99,0.02,10.0,0.04,15.0,0.05,15.0,0.96,15.0,0.95,15.0,0.97,65.99,0.98,10.0,0.01,0.01,43.889,1776215529000
1776215531.154,131.154,0.03,65.99,0.02,10.0,0.04,15.0,0.05,15.0,0.96,15.0,0.95,15.0,0.97,65.99,0.98,10.0,0.01,0.01,43.885989,1776215530000
1776215532.213,132.213,0.03,65.99,0.02,10.0,0.04,15.0,0.05,15.0,0.96,15.0,0.95,15.0,0.97,65.99,0.98,10.0,0.01,0.01,43.892191,1776215531000
1776215533.238,133.238,0.03,65.99,0.02,10.0,0.04,15.0,0.05,15.0,0.96,15.0,0.95,15.0,0.97,65.99,0.98,10.0,0.01,0.01,43.894258,1776215532000
1776215534.262,134.262,0.03,65.99,0.02,10.0,0.04,15.0,0.05,15.0,0.96,15.0,0.95,15.0,0.97,65.99,0.98,10.0,0.01,0.01,43.893979,1776215533000
1776215535.771,135.771,0.03,65.99,0.02,10.0,0.04,15.0,0.05,15.0,0.96,15.0,0.95,15.0,0.97,65.99,0.98,10.0,0.01,0.01,43.894028,1776215534000
1776215536.353,136.353,0.03,65.99,0.02,10.0,0.04,15.0,0.05,15.0,0.96,15.0,0.95,15.0,0.97,65.99,0.98,10.0,0.01,0.01,43.894028,1776215535000
1776215537.349,137.349,0.03,65.99,0.02,10.0,0.04,15.0,0.05,15.0,0.96,15.0,0.95,15.0,0.97,65.99,0.98,10.0,0.01,0.01,43.894028,1776215536000
1776215538.447,138.447,0.03,65.99,0.02,10.0,0.04,15.0,0.05,15.0,0.96,15.0,0.95,15.0,0.97,65.99,0.98,10.0,0.01,0.01,43.895026,1776215537000
1776215539.097,139.097,0.03,65.99,0.02,10.0,0.04,15.0,0.05,15.0,0.96,15.0,0.95,15.0,0.97,65.99,0.98,10.0,0.01,0.01,43.898746,1776215538000
1776215540.144,140.144,0.03,65.99,0.02,10.0,0.04,15.0,0.05,15.0,0.96,15.0,0.95,15.0,0.97,65.99,0.98,10.0,0.01,0.01,43.89835,1776215539000
1776215541.169,141.169,0.03,65.99,0.02,10.0,0.04,15.0,0.05,15.0,0.96,15.0,0.95,15.0,0.97,65.99,0.98,10.0,0.01,0.01,43.895548,1776215540000
1776215542.174,142.174,0.03,65.99,0.02,10.0,0.04,15.0,0.05,15.0,0.96,15.0,0.95,15.0,0.97,65.99,0.98,10.0,0.01,0.01,43.895612,1776215541000
1776215543.069,143.069,0.03,65.99,0.02,10.0,0.04,15.0,0.05,15.0,0.96,15.0,0.95,15.0,0.97,65.99,0.98,10.0,0.01,0.01,43.894397,1776215542000
1776215544.543,144.543,0.03,65.99,0.02,10.0,0.04,15.0,0.05,15.0,0.96,15.0,0.95,15.0,0.97,65.99,0.98,10.0,0.01,0.01,43.894755,1776215543000
1776215545.122,145.122,0.03,65.99,0.02,10.0,0.04,15.0,0.05,15.0,0.96,15.0,0.95,15.0,0.97,65.99,0.98,10.0,0.01,0.01,43.894754,1776215544000
1776215546.086,146.086,0.03,65.99,0.02,10.0,0.04,15.0,0.05,15.0,0.96,15.0,0.95,15.0,0.97,65.99,0.98,10.0,0.01,0.01,43.895032,1776215545000
1776215547.171,147.171,0.03,65.99,0.02,10.0,0.04,15.0,0.05,15.0,0.96,15.0,0.95,15.0,0.97,65.99,0.98,10.0,0.01,0.01,43.895063,1776215546000
1776215548.238,148.238,0.03,65.99,0.02,10.0,0.04,15.0,0.05,15.0,0.96,15.0,0.95,15.0,0.97,65.99,0.98,10.0,0.01,0.01,43.894285,1776215547000
1776215549.916,149.916,0.03,65.99,0.02,10.0,0.04,15.0,0.05,15.0,0.96,15.0,0.95,15.0,0.97,65.99,0.98,10.0,0.01,0.01,43.89434,1776215548000
1776215550.525,150.525,0.03,65.99,0.02,10.0,0.04,15.0,0.05,15.0,0.96,15.0,0.95,15.0,0.97,65.99,0.98,10.0,0.01,0.01,43.893058,1776215549000
1776215551.14,151.14,0.03,65.99,0.02,10.0,0.04,15.0,0.05,15.0,0.96,15.0,0.95,15.0,0.97,65.99,0.98,10.0,0.01,0.01,43.893056,1776215550000
1776215552.154,152.154,0.03,65.99,0.02,10.0,0.04,15.0,0.05,15.0,0.96,15.0,0.95,15.0,0.97,65.99,0.98,10.0,0.01,0.01,43.893246,1776215551000
1776215553.215,153.215,0.03,65.99,0.02,10.0,0.04,15.0,0.05,15.0,0.96,15.0,0.95,15.0,0.97,65.99,0.98,10.0,0.01,0.01,43.894066,1776215552000
1776215554.283,154.283,0.03,65.99,0.02,10.0,0.04,15.0,0.05,15.0,0.96,15.0,0.95,15.0,0.97,65.99,0.98,10.0,0.01,0.01,43.894064,1776215553000
1776215555.333,155.333,0.03,65.99,0.02,10.0,0.04,15.0,0.05,15.0,0.96,15.0,0.95,15.0,0.97,65.99,0.98,10.0,0.01,0.01,43.893993,1776215554000
1776215555.891,155.891,0.03,65.99,0.02,10.0,0.04,15.0,0.05,15.0,0.96,15.0,0.95,15.0,0.97,65.99,0.98,10.0,0.01,0.01,43.893993,1776215555000
1776215557.056,157.056,0.03,65.99,0.02,10.0,0.04,15.0,0.05,15.0,0.96,15.0,0.95,15.0,0.97,65.99,0.98,10.0,0.01,0.01,43.896226,1776215556000
1776215558.304,158.304,0.03,65.99,0.02,10.0,0.04,15.0,0.05,15.0,0.96,15.0,0.95,15.0,0.97,65.99,0.98,10.0,0.01,0.01,43.896226,1776215557000
1776215559.356,159.356,0.03,65.99,0.02,10.0,0.04,15.0,0.05,15.0,0.96,15.0,0.95,15.0,0.97,65.99,0.98,10.0,0.01,0.01,43.897536,1776215558000
1776215559.904,159.904,0.03,65.99,0.02,10.0,0.04,15.0,0.05,15.0,0.96,15.0,0.95,15.0,0.97,65.99,0.98,10.0,0.01,0.01,43.898337,1776215559000
1776215560.949,160.949,0.03,65.99,0.02,10.0,0.04,15.0,0.05,15.0,0.96,15.0,0.95,15.0,0.97,65.99,0.98,10.0,0.01,0.01,43.909585,1776215560000
1776215561.218,161.218,0.11,15.0,0.1,15.0,0.12,30.0,0.16,10.0,0.96,15.0,0.95,15.0,0.97,65.99,0.98,10.0,0.01,0.01,43.909585,1776215560000
1776215562.052,162.052,0.11,15.0,0.1,15.0,0.12,30.0,0.16,10.0,0.88,30.0,0.84,10.0,0.89,15.0,0.9,15.0,0.01,0.01,43.913083,1776215561000
1776215563.217,163.217,0.11,15.0,0.1,15.0,0.12,30.0,0.16,10.0,0.88,30.0,0.84,10.0,0.89,15.0,0.9,15.0,0.01,0.01,43.913957,1776215562000
1776215564.269,164.269,0.11,15.0,0.1,15.0,0.12,30.0,0.16,10.0,0.88,30.0,0.84,10.0,0.89,15.0,0.9,15.0,0.01,0.01,43.913963,1776215563000
1776215565.349,165.349,0.11,15.0,0.1,15.0,0.12,30.0,0.16,10.0,0.88,30.0,0.84,10.0,0.89,15.0,0.9,15.0,0.01,0.01,43.913969,1776215564000
1776215565.862,165.862,0.11,15.0,0.1,15.0,0.12,30.0,0.16,10.0,0.88,30.0,0.84,10.0,0.89,15.0,0.9,15.0,0.01,0.01,43.913969,1776215565000
1776215566.942,166.942,0.11,15.0,0.1,15.0,0.12,30.0,0.16,10.0,0.88,30.0,0.84,10.0,0.89,15.0,0.9,15.0,0.01,0.01,43.914016,1776215566000
1776215568.096,168.096,0.11,15.0,0.1,15.0,0.12,30.0,0.16,10.0,0.88,30.0,0.84,10.0,0.89,15.0,0.9,15.0,0.01,0.01,43.913639,1776215567000
1776215569.095,169.095,0.11,15.0,0.1,15.0,0.12,30.0,0.16,10.0,0.88,30.0,0.84,10.0,0.89,15.0,0.9,15.0,0.01,0.01,43.913875,1776215568000
1776215570.185,170.185,0.11,15.0,0.1,15.0,0.12,30.0,0.16,10.0,0.88,30.0,0.84,10.0,0.89,15.0,0.9,15.0,0.01,0.01,43.913774,1776215569000
1776215571.28,171.28,0.11,15.0,0.1,15.0,0.12,30.0,0.16,10.0,0.88,30.0,0.84,10.0,0.89,15.0,0.9,15.0,0.01,0.01,43.913783,1776215570000
1776215572.303,172.303,0.11,15.0,0.1,15.0,0.12,30.0,0.16,10.0,0.88,30.0,0.84,10.0,0.89,15.0,0.9,15.0,0.01,0.01,43.913477,1776215571000
1776215572.871,172.871,0.11,15.0,0.1,15.0,0.12,30.0,0.16,10.0,0.88,30.0,0.84,10.0,0.89,15.0,0.9,15.0,0.01,0.01,43.913477,1776215572000
1776215573.905,173.905,0.11,15.0,0.1,15.0,0.12,30.0,0.16,10.0,0.88,30.0,0.84,10.0,0.89,15.0,0.9,15.0,0.01,0.01,43.912492,1776215573000
1776215574.623,174.623,0.04,15.0,0.03,80.99,0.1,6.41,0.11,15.0,0.88,30.0,0.84,10.0,0.89,15.0,0.9,15.0,0.06,0.01,43.912492,1776215573000
1776215574.933,174.933,0.04,15.0,0.03,80.99,0.1,6.41,0.11,15.0,0.9,6.41,0.89,15.0,0.96,15.0,0.97,80.99,0.06,0.06,43.904758,1776215574000
1776215576.056,176.056,0.04,15.0,0.03,80.99,0.1,6.41,0.11,15.0,0.9,6.41,0.89,15.0,0.96,15.0,0.97,80.99,0.06,0.06,43.900677,1776215575000
1776215577.181,177.181,0.04,15.0,0.03,80.99,0.1,6.41,0.11,15.0,0.9,6.41,0.89,15.0,0.96,15.0,0.97,80.99,0.06,0.06,43.900197,1776215576000
1776215578.232,178.232,0.04,15.0,0.03,80.99,0.1,6.41,0.11,15.0,0.9,6.41,0.89,15.0,0.96,15.0,0.97,80.99,0.06,0.06,43.899564,1776215577000
1776215579.351,179.351,0.04,15.0,0.03,80.99,0.1,6.41,0.11,15.0,0.9,6.41,0.89,15.0,0.96,15.0,0.97,80.99,0.06,0.06,43.898003,1776215578000
1776215579.985,179.985,0.04,15.0,0.03,80.99,0.1,6.41,0.11,15.0,0.9,6.41,0.89,15.0,0.96,15.0,0.97,80.99,0.06,0.06,43.897801,1776215579000
1776215581.077,181.077,0.04,15.0,0.03,80.99,0.1,6.41,0.11,15.0,0.9,6.41,0.89,15.0,0.96,15.0,0.97,80.99,0.06,0.06,43.892913,1776215580000
1776215582.126,182.126,0.04,15.0,0.03,80.99,0.1,6.41,0.11,15.0,0.9,6.41,0.89,15.0,0.96,15.0,0.97,80.99,0.06,0.06,43.892023,1776215581000
1776215583.212,183.212,0.04,15.0,0.03,80.99,0.1,6.41,0.11,15.0,0.9,6.41,0.89,15.0,0.96,15.0,0.97,80.99,0.06,0.06,43.889825,1776215582000
1776215584.278,184.278,0.04,15.0,0.03,80.99,0.1,6.41,0.11,15.0,0.9,6.41,0.89,15.0,0.96,15.0,0.97,80.99,0.06,0.06,43.889451,1776215583000
1776215585.383,185.383,0.04,15.0,0.03,80.99,0.1,6.41,0.11,15.0,0.9,6.41,0.89,15.0,0.96,15.0,0.97,80.99,0.06,0.06,43.888793,1776215584000
1776215585.974,185.974,0.04,15.0,0.03,80.99,0.1,6.41,0.11,15.0,0.9,6.41,0.89,15.0,0.96,15.0,0.97,80.99,0.06,0.06,43.888793,1776215585000
1776215587.089,187.089,0.04,15.0,0.03,80.99,0.1,6.41,0.11,15.0,0.9,6.41,0.89,15.0,0.96,15.0,0.97,80.99,0.06,0.06,43.888793,1776215586000
1776215588.273,188.273,0.04,15.0,0.03,80.99,0.1,6.41,0.11,15.0,0.9,6.41,0.89,15.0,0.96,15.0,0.97,80.99,0.06,0.06,43.888658,1776215587000
1776215589.262,189.262,0.04,15.0,0.03,80.99,0.1,6.41,0.11,15.0,0.9,6.41,0.89,15.0,0.96,15.0,0.97,80.99,0.06,0.06,43.888319,1776215588000
1776215590.987,190.987,0.04,15.0,0.03,80.99,0.1,6.41,0.11,15.0,0.9,6.41,0.89,15.0,0.96,15.0,0.97,80.99,0.06,0.06,43.87882,1776215589000
1776215591.762,191.762,0.04,15.0,0.03,80.99,0.1,6.41,0.11,15.0,0.9,6.41,0.89,15.0,0.96,15.0,0.97,80.99,0.06,0.06,43.875937,1776215590000
1776215592.315,192.315,0.04,15.0,0.03,80.99,0.1,6.41,0.11,15.0,0.9,6.41,0.89,15.0,0.96,15.0,0.97,80.99,0.06,0.06,43.874554,1776215591000
1776215593.332,193.332,0.04,15.0,0.03,80.99,0.1,6.41,0.11,15.0,0.9,6.41,0.89,15.0,0.96,15.0,0.97,80.99,0.06,0.06,43.874458,1776215592000
1776215593.913,193.913,0.04,15.0,0.03,80.99,0.1,6.41,0.11,15.0,0.9,6.41,0.89,15.0,0.96,15.0,0.97,80.99,0.06,0.06,43.872452,1776215593000
1776215595.955,195.955,0.04,15.0,0.03,80.99,0.1,6.41,0.11,15.0,0.9,6.41,0.89,15.0,0.96,15.0,0.97,80.99,0.06,0.06,43.872152,1776215595000
1776215597.509,197.509,0.04,15.0,0.03,80.99,0.1,6.41,0.11,15.0,0.9,6.41,0.89,15.0,0.96,15.0,0.97,80.99,0.06,0.06,43.872029,1776215596000
1776215598.323,198.323,0.04,15.0,0.03,80.99,0.1,6.41,0.11,15.0,0.9,6.41,0.89,15.0,0.96,15.0,0.97,80.99,0.06,0.06,43.870402,1776215597000
1776215599.608,199.608,0.04,15.0,0.03,80.99,0.1,6.41,0.11,15.0,0.9,6.41,0.89,15.0,0.96,15.0,0.97,80.99,0.06,0.06,43.871253,1776215598000
1776215600.406,200.406,0.04,15.0,0.03,80.99,0.1,6.41,0.11,15.0,0.9,6.41,0.89,15.0,0.96,15.0,0.97,80.99,0.06,0.06,43.87124,1776215599000
1776215601.199,201.199,0.04,15.0,0.03,80.99,0.1,6.41,0.11,15.0,0.9,6.41,0.89,15.0,0.96,15.0,0.97,80.99,0.06,0.06,43.869612,1776215600000
1776215602.596,202.596,0.04,15.0,0.03,80.99,0.1,6.41,0.11,15.0,0.9,6.41,0.89,15.0,0.96,15.0,0.97,80.99,0.06,0.06,43.869516,1776215601000
1776215603.35,203.35,0.04,15.0,0.03,80.99,0.1,6.41,0.11,15.0,0.9,6.41,0.89,15.0,0.96,15.0,0.97,80.99,0.06,0.06,43.871758,1776215602000
1776215604.038,204.038,0.04,15.0,0.03,80.99,0.1,6.41,0.11,15.0,0.9,6.41,0.89,15.0,0.96,15.0,0.97,80.99,0.06,0.06,43.875551,1776215603000
1776215605.496,205.496,0.04,15.0,0.03,80.99,0.1,6.41,0.11,15.0,0.9,6.41,0.89,15.0,0.96,15.0,0.97,80.99,0.06,0.06,43.876773,1776215604000
1776215606.18,206.18,0.04,15.0,0.03,80.99,0.1,6.41,0.11,15.0,0.9,6.41,0.89,15.0,0.96,15.0,0.97,80.99,0.06,0.06,43.875758,1776215605000
1776215606.684,206.684,0.03,17.56,0.02,10.0,0.04,15.0,0.05,15.0,0.9,6.41,0.89,15.0,0.96,15.0,0.97,80.99,0.01,0.06,43.875758,1776215605000
1776215607.598,207.598,0.03,17.56,0.02,10.0,0.04,15.0,0.05,15.0,0.96,15.0,0.95,15.0,0.97,17.56,0.98,10.0,0.01,0.01,43.872928,1776215606000
1776215608.403,208.403,0.03,17.56,0.02,10.0,0.04,15.0,0.05,15.0,0.96,15.0,0.95,15.0,0.97,17.56,0.98,10.0,0.01,0.01,43.872065,1776215607000
1776215609.186,209.186,0.03,17.56,0.02,10.0,0.04,15.0,0.05,15.0,0.96,15.0,0.95,15.0,0.97,17.56,0.98,10.0,0.01,0.01,43.871594,1776215608000
1776215610.354,210.354,0.02,10.0,0.01,205.0,0.04,15.0,0.05,15.0,0.96,15.0,0.95,15.0,0.98,10.0,0.99,205.0,0.02,0.02,43.872827,1776215609000
1776215611.036,211.036,0.02,10.0,0.01,205.0,0.04,15.0,0.05,15.0,0.96,15.0,0.95,15.0,0.98,10.0,0.99,205.0,0.02,0.02,43.872827,1776215610000
1776215612.132,212.132,0.02,10.0,0.01,205.0,0.04,15.0,0.05,15.0,0.96,15.0,0.95,15.0,0.98,10.0,0.99,205.0,0.02,0.02,43.872987,1776215611000
1776215613.097,213.097,0.02,10.0,0.01,205.0,0.04,15.0,0.05,15.0,0.96,15.0,0.95,15.0,0.98,10.0,0.99,205.0,0.02,0.02,43.872054,1776215612000
1776215614.298,214.298,0.02,10.0,0.01,205.0,0.04,15.0,0.05,15.0,0.96,15.0,0.95,15.0,0.98,10.0,0.99,205.0,0.02,0.02,43.87201,1776215613000
1776215614.503,214.503,0.01,190.0,,,0.03,15.0,0.04,15.0,0.96,15.0,0.95,15.0,0.98,10.0,0.99,205.0,0.02,0.02,43.87201,1776215613000
1776215615.438,215.438,0.01,187.0,,,0.03,15.0,0.04,15.0,0.97,15.0,0.96,15.0,0.99,190.0,,,0.02,0.02,43.87201,1776215613000
1776215615.985,215.985,0.01,187.0,,,0.03,15.0,0.04,15.0,0.97,15.0,0.96,15.0,0.99,187.0,,,0.02,0.02,43.871584,1776215615000
1776215617.127,217.127,0.01,187.0,,,0.03,15.0,0.04,15.0,0.97,15.0,0.96,15.0,0.99,187.0,,,0.02,0.02,43.871883,1776215616000
1776215620.39,220.39,0.02,15.0,0.01,187.0,0.06,15.0,0.07,15.0,0.97,15.0,0.96,15.0,0.99,187.0,,,0.04,0.02,43.871883,1776215616000
1776215622.0,222.0,0.02,10.0,0.01,187.0,0.05,15.0,0.06,15.0,0.94,15.0,0.93,15.0,0.98,15.0,0.99,187.0,0.03,0.04,43.871883,1776215616000
1776215622.415,222.415,0.02,4.0,0.01,187.0,0.05,15.0,0.06,15.0,0.95,15.0,0.94,15.0,0.98,10.0,0.99,187.0,0.03,0.03,43.871883,1776215616000
1776215623.438,223.438,0.04,15.0,0.03,375.0,0.12,20.0,0.29,10.0,0.95,15.0,0.94,15.0,0.98,4.0,0.99,187.0,0.08,0.03,43.871883,1776215616000
1776215623.776,223.776,0.04,315.0,0.03,15.0,0.12,10.0,0.32,10.0,0.88,20.0,0.71,10.0,0.96,15.0,0.97,375.0,0.08,0.08,43.871883,1776215616000
1776215624.124,224.124,0.05,250.0,0.04,15.0,0.29,10.0,0.41,15.0,0.88,10.0,0.68,10.0,0.96,315.0,0.97,15.0,0.24,0.08,43.871883,1776215616000
1776215624.935,224.935,0.07,9.8,0.06,15.0,0.21,10.0,0.41,15.0,0.71,10.0,0.59,15.0,0.95,250.0,0.96,15.0,0.14,0.24,43.871883,1776215616000
1776215625.801,225.801,0.07,9.8,0.06,15.0,0.21,10.0,0.41,15.0,0.79,10.0,0.59,15.0,0.93,9.8,0.94,15.0,0.14,0.14,43.916476,1776215624000
1776215626.314,226.314,0.1,15.0,0.09,12.8,0.42,15.0,0.43,15.0,0.76,10.0,0.58,15.0,0.91,12.8,0.92,15.0,0.32,0.15,43.916476,1776215624000
1776215626.999,226.999,0.1,15.0,0.09,12.8,0.42,15.0,0.43,15.0,0.58,15.0,0.57,15.0,0.9,15.0,0.91,12.8,0.32,0.32,43.943932,1776215626000
1776215628.694,228.694,0.1,15.0,0.09,12.8,0.42,15.0,0.43,15.0,0.58,15.0,0.57,15.0,0.9,15.0,0.91,12.8,0.32,0.32,43.945992,1776215627000
1776215629.405,229.405,0.1,15.0,0.09,12.8,0.42,15.0,0.43,15.0,0.58,15.0,0.57,15.0,0.9,15.0,0.91,12.8,0.32,0.32,43.951691,1776215628000
1776215630.403,230.403,0.1,15.0,0.09,12.8,0.42,15.0,0.43,15.0,0.58,15.0,0.57,15.0,0.9,15.0,0.91,12.8,0.32,0.32,43.951984,1776215629000
1776215631.055,231.055,0.1,15.0,0.09,12.8,0.42,15.0,0.43,15.0,0.58,15.0,0.57,15.0,0.9,15.0,0.91,12.8,0.32,0.32,43.951914,1776215630000
1776215631.489,231.489,0.22,15.0,0.21,15.0,0.41,15.0,0.42,15.0,0.58,15.0,0.57,15.0,0.9,15.0,0.91,12.8,0.19,0.32,43.951914,1776215630000
1776215632.146,232.146,0.22,15.0,0.21,15.0,0.41,15.0,0.42,15.0,0.59,15.0,0.58,15.0,0.78,15.0,0.79,15.0,0.19,0.19,43.952326,1776215631000
1776215633.309,233.309,0.22,15.0,0.21,15.0,0.41,15.0,0.42,15.0,0.59,15.0,0.58,15.0,0.78,15.0,0.79,15.0,0.19,0.19,43.952356,1776215632000
1776215634.355,234.355,0.22,15.0,0.21,15.0,0.41,15.0,0.42,15.0,0.59,15.0,0.58,15.0,0.78,15.0,0.79,15.0,0.19,0.19,43.952386,1776215633000
1776215635.147,235.147,0.22,15.0,0.21,15.0,0.41,15.0,0.42,15.0,0.59,15.0,0.58,15.0,0.78,15.0,0.79,15.0,0.19,0.19,43.952386,1776215634000
1776215636.231,236.231,0.22,15.0,0.21,15.0,0.41,15.0,0.42,15.0,0.59,15.0,0.58,15.0,0.78,15.0,0.79,15.0,0.19,0.19,43.954157,1776215635000
1776215637.432,237.432,0.22,15.0,0.21,15.0,0.41,15.0,0.42,15.0,0.59,15.0,0.58,15.0,0.78,15.0,0.79,15.0,0.19,0.19,43.970176,1776215636000
1776215638.033,238.033,0.22,15.0,0.21,15.0,0.41,15.0,0.42,15.0,0.59,15.0,0.58,15.0,0.78,15.0,0.79,15.0,0.19,0.19,43.970235,1776215637000
1776215638.499,238.499,0.35,15.0,0.34,15.0,0.51,5.0,0.59,15.0,0.59,15.0,0.58,15.0,0.78,15.0,0.79,15.0,0.16,0.19,43.970235,1776215637000
1776215638.985,238.985,0.36,15.0,0.35,15.0,0.44,4.83,0.51,5.0,0.49,5.0,0.41,15.0,0.65,15.0,0.66,15.0,0.08,0.16,43.970235,1776215637000
1776215639.575,239.575,0.36,15.0,0.35,15.0,0.44,4.83,0.51,5.0,0.56,4.83,0.49,5.0,0.64,15.0,0.65,15.0,0.08,0.08,43.970864,1776215638000
1776215640.191,240.191,0.36,15.0,0.35,15.0,0.44,4.83,0.51,5.0,0.56,4.83,0.49,5.0,0.64,15.0,0.65,15.0,0.08,0.08,43.970309,1776215639000
1776215641.538,241.538,0.36,15.0,0.35,15.0,0.44,4.83,0.51,5.0,0.56,4.83,0.49,5.0,0.64,15.0,0.65,15.0,0.08,0.08,43.965161,1776215640000
1776215642.698,242.698,0.36,15.0,0.35,15.0,0.44,4.83,0.51,5.0,0.56,4.83,0.49,5.0,0.64,15.0,0.65,15.0,0.08,0.08,43.964227,1776215641000
1776215643.203,243.203,0.36,15.0,0.35,15.0,0.44,4.83,0.51,5.0,0.56,4.83,0.49,5.0,0.64,15.0,0.65,15.0,0.08,0.08,43.964208,1776215642000
1776215644.309,244.309,0.21,15.0,0.2,15.0,0.49,15.0,0.5,15.0,0.51,15.0,0.5,15.0,0.79,15.0,0.8,15.0,0.28,0.28,43.963003,1776215643000
1776215645.446,245.446,0.21,15.0,0.2,15.0,0.49,15.0,0.5,15.0,0.51,15.0,0.5,15.0,0.79,15.0,0.8,15.0,0.28,0.28,43.953456,1776215644000
1776215646.067,246.067,0.21,15.0,0.2,15.0,0.49,15.0,0.5,15.0,0.51,15.0,0.5,15.0,0.79,15.0,0.8,15.0,0.28,0.28,43.952899,1776215645000
1776215647.527,247.527,0.21,15.0,0.2,15.0,0.49,15.0,0.5,15.0,0.51,15.0,0.5,15.0,0.79,15.0,0.8,15.0,0.28,0.28,43.947871,1776215646000
1776215648.02,248.02,0.21,15.0,0.2,15.0,0.49,15.0,0.5,15.0,0.51,15.0,0.5,15.0,0.79,15.0,0.8,15.0,0.28,0.28,43.947818,1776215647000
1776215649.163,249.163,0.21,15.0,0.2,15.0,0.49,15.0,0.5,15.0,0.51,15.0,0.5,15.0,0.79,15.0,0.8,15.0,0.28,0.28,43.947971,1776215648000
1776215650.584,250.584,0.21,15.0,0.2,15.0,0.49,15.0,0.5,15.0,0.51,15.0,0.5,15.0,0.79,15.0,0.8,15.0,0.28,0.28,43.947834,1776215649000
1776215651.236,251.236,0.21,15.0,0.2,15.0,0.49,15.0,0.5,15.0,0.51,15.0,0.5,15.0,0.79,15.0,0.8,15.0,0.28,0.28,43.947515,1776215650000
1776215652.354,252.354,0.21,15.0,0.2,15.0,0.49,15.0,0.5,15.0,0.51,15.0,0.5,15.0,0.79,15.0,0.8,15.0,0.28,0.28,43.946534,1776215651000
1776215653.214,253.214,0.21,15.0,0.2,15.0,0.49,15.0,0.5,15.0,0.51,15.0,0.5,15.0,0.79,15.0,0.8,15.0,0.28,0.28,43.944932,1776215652000
1776215654.61,254.61,0.21,15.0,0.2,15.0,0.49,15.0,0.5,15.0,0.51,15.0,0.5,15.0,0.79,15.0,0.8,15.0,0.28,0.28,43.945508,1776215653000
1776215655.354,255.354,0.21,15.0,0.2,15.0,0.49,15.0,0.5,15.0,0.51,15.0,0.5,15.0,0.79,15.0,0.8,15.0,0.28,0.28,43.945508,1776215654000
1776215656.012,256.012,0.21,15.0,0.2,15.0,0.49,15.0,0.5,15.0,0.51,15.0,0.5,15.0,0.79,15.0,0.8,15.0,0.28,0.28,43.946177,1776215655000
1776215657.412,257.412,0.21,15.0,0.2,15.0,0.49,15.0,0.5,15.0,0.51,15.0,0.5,15.0,0.79,15.0,0.8,15.0,0.28,0.28,43.946941,1776215656000
1776215657.91,257.91,0.21,15.0,0.2,15.0,0.49,15.0,0.5,15.0,0.51,15.0,0.5,15.0,0.79,15.0,0.8,15.0,0.28,0.28,43.947132,1776215657000
1776215659.583,259.583,0.21,15.0,0.2,15.0,0.49,15.0,0.5,15.0,0.51,15.0,0.5,15.0,0.79,15.0,0.8,15.0,0.28,0.28,43.94714,1776215658000
1776215660.092,260.092,0.21,15.0,0.2,15.0,0.49,15.0,0.5,15.0,0.51,15.0,0.5,15.0,0.79,15.0,0.8,15.0,0.28,0.28,43.946823,1776215659000
1776215661.124,261.124,0.21,15.0,0.2,15.0,0.49,15.0,0.5,15.0,0.51,15.0,0.5,15.0,0.79,15.0,0.8,15.0,0.28,0.28,43.946823,1776215660000
1776215661.919,261.919,0.11,9.38,0.1,15.0,0.23,15.0,0.24,28.0,0.51,15.0,0.5,15.0,0.79,15.0,0.8,15.0,0.12,0.28,43.946823,1776215660000
1776215662.191,262.191,0.11,9.38,0.1,15.0,0.23,15.0,0.24,28.0,0.77,15.0,0.76,28.0,0.89,9.38,0.9,15.0,0.12,0.12,43.946183,1776215661000
1776215662.4,262.4,0.07,9.8,0.06,15.0,0.22,6.31,0.23,15.0,0.77,15.0,0.76,28.0,0.89,9.38,0.9,15.0,0.15,0.12,43.946183,1776215661000
1776215663.259,263.259,0.07,9.8,0.06,15.0,0.22,6.31,0.23,15.0,0.78,6.31,0.77,15.0,0.93,9.8,0.94,15.0,0.15,0.15,43.945064,1776215662000
1776215663.997,263.997,0.07,4.42,0.06,15.0,0.18,15.0,0.19,15.0,0.78,6.31,0.77,15.0,0.93,9.8,0.94,15.0,0.11,0.15,43.945064,1776215662000
1776215664.364,264.364,0.07,4.42,0.06,15.0,0.18,15.0,0.19,15.0,0.82,15.0,0.81,15.0,0.93,4.42,0.94,15.0,0.11,0.11,43.944058,1776215663000
1776215664.999,264.999,0.07,4.42,0.06,15.0,0.18,15.0,0.19,15.0,0.82,15.0,0.81,15.0,0.93,4.42,0.94,15.0,0.11,0.11,43.942993,1776215664000
1776215666.081,266.081,0.07,4.42,0.06,15.0,0.18,15.0,0.19,15.0,0.82,15.0,0.81,15.0,0.93,4.42,0.94,15.0,0.11,0.11,43.942856,1776215665000
1776215667.054,267.054,0.07,4.42,0.06,15.0,0.18,15.0,0.19,15.0,0.82,15.0,0.81,15.0,0.93,4.42,0.94,15.0,0.11,0.11,43.942965,1776215666000
1776215668.129,268.129,0.07,4.42,0.06,15.0,0.18,15.0,0.19,15.0,0.82,15.0,0.81,15.0,0.93,4.42,0.94,15.0,0.11,0.11,43.94271,1776215667000
1776215668.427,268.427,0.11,9.38,0.1,15.0,0.19,15.0,0.2,15.0,0.82,15.0,0.81,15.0,0.93,4.42,0.94,15.0,0.08,0.11,43.94271,1776215667000
1776215668.998,268.998,0.11,7.13,0.1,15.0,0.25,15.0,0.26,15.0,0.81,15.0,0.8,15.0,0.89,9.38,0.9,15.0,0.14,0.08,43.94271,1776215667000
1776215670.304,270.304,0.11,7.13,0.1,15.0,0.25,15.0,0.26,15.0,0.75,15.0,0.74,15.0,0.89,7.13,0.9,15.0,0.14,0.14,43.944517,1776215669000
1776215671.298,271.298,0.11,7.13,0.1,15.0,0.25,15.0,0.26,15.0,0.75,15.0,0.74,15.0,0.89,7.13,0.9,15.0,0.14,0.14,43.944863,1776215670000
1776215671.915,271.915,0.11,7.13,0.1,15.0,0.25,15.0,0.26,15.0,0.75,15.0,0.74,15.0,0.89,7.13,0.9,15.0,0.14,0.14,43.94581,1776215671000
1776215673.527,273.527,0.11,7.13,0.1,15.0,0.25,15.0,0.26,15.0,0.75,15.0,0.74,15.0,0.89,7.13,0.9,15.0,0.14,0.14,43.946008,1776215672000
1776215674.166,274.166,0.11,7.13,0.1,15.0,0.25,15.0,0.26,15.0,0.75,15.0,0.74,15.0,0.89,7.13,0.9,15.0,0.14,0.14,43.946861,1776215673000
1776215675.435,275.435,0.11,7.13,0.1,15.0,0.25,15.0,0.26,15.0,0.75,15.0,0.74,15.0,0.89,7.13,0.9,15.0,0.14,0.14,43.949936,1776215674000
1776215676.196,276.196,0.11,7.13,0.1,15.0,0.25,15.0,0.26,15.0,0.75,15.0,0.74,15.0,0.89,7.13,0.9,15.0,0.14,0.14,43.951399,1776215675000
1776215677.504,277.504,0.11,7.13,0.1,15.0,0.25,15.0,0.26,15.0,0.75,15.0,0.74,15.0,0.89,7.13,0.9,15.0,0.14,0.14,43.951525,1776215676000
1776215678.118,278.118,0.11,7.13,0.1,15.0,0.25,15.0,0.26,15.0,0.75,15.0,0.74,15.0,0.89,7.13,0.9,15.0,0.14,0.14,43.951525,1776215677000
1776215679.399,279.399,0.11,7.13,0.1,15.0,0.25,15.0,0.26,15.0,0.75,15.0,0.74,15.0,0.89,7.13,0.9,15.0,0.14,0.14,43.953394,1776215678000
1776215680.083,280.083,0.05,14.73,0.01,272.0,0.51,31.0,0.85,100.0,0.49,31.0,0.15,100.0,0.95,14.73,0.99,272.0,0.46,0.46,43.953298,1776215679000
1776215680.8,280.8,0.04,19.79,0.01,272.0,0.21,10.0,0.51,5.0,0.49,31.0,0.15,100.0,0.95,14.73,0.99,272.0,0.17,0.46,43.953298,1776215679000
1776215681.231,281.231,0.04,19.79,0.01,272.0,0.21,10.0,0.51,5.0,0.79,10.0,0.49,5.0,0.96,19.79,0.99,272.0,0.17,0.17,43.952696,1776215680000
1776215682.612,282.612,0.01,266.94,,,0.19,10.0,0.51,5.0,0.79,10.0,0.49,5.0,0.96,19.79,0.99,272.0,0.18,0.17,43.952696,1776215680000
1776215683.208,283.208,0.01,266.94,,,0.19,10.0,0.51,5.0,0.81,10.0,0.49,5.0,0.99,266.94,,,0.18,0.18,43.951791,1776215682000
1776215683.598,283.598,0.01,261.88,,,0.18,10.0,0.51,5.0,0.81,10.0,0.49,5.0,0.99,266.94,,,0.17,0.18,43.951791,1776215682000
1776215684.337,284.337,0.01,256.82,,,0.18,10.0,0.47,5.0,0.82,10.0,0.49,5.0,0.99,261.88,,,0.17,0.17,43.951791,1776215682000
1776215685.135,285.135,0.01,256.82,,,0.18,10.0,0.47,5.0,0.82,10.0,0.53,5.0,0.99,256.82,,,0.17,0.17,43.952052,1776215684000
1776215685.954,285.954,0.01,251.76,,,0.12,29.0,0.47,5.0,0.82,10.0,0.53,5.0,0.99,256.82,,,0.11,0.17,43.952052,1776215684000
1776215686.247,286.247,0.01,251.76,,,0.12,29.0,0.47,5.0,0.88,29.0,0.53,5.0,0.99,251.76,,,0.11,0.11,43.951878,1776215685000
1776215686.771,286.771,0.01,246.7,,,0.12,19.0,0.13,10.0,0.88,29.0,0.53,5.0,0.99,251.76,,,0.11,0.11,43.951878,1776215685000
1776215687.473,287.473,0.01,246.7,,,0.12,19.0,0.13,10.0,0.88,19.0,0.87,10.0,0.99,246.7,,,0.11,0.11,43.945768,1776215686000
1776215688.12,288.12,0.01,246.7,,,0.12,19.0,0.13,10.0,0.88,19.0,0.87,10.0,0.99,246.7,,,0.11,0.11,43.944371,1776215687000
1776215689.828,289.828,0.01,246.7,,,0.12,19.0,0.13,10.0,0.88,19.0,0.87,10.0,0.99,246.7,,,0.11,0.11,43.943957,1776215688000
1776215690.291,290.291,0.01,246.7,,,0.12,19.0,0.13,10.0,0.88,19.0,0.87,10.0,0.99,246.7,,,0.11,0.11,43.943492,1776215689000
1776215690.855,290.855,0.01,246.7,,,0.12,19.0,0.13,10.0,0.88,19.0,0.87,10.0,0.99,246.7,,,0.11,0.11,43.943492,1776215690000
1776215691.99,291.99,0.01,246.7,,,0.12,19.0,0.13,10.0,0.88,19.0,0.87,10.0,0.99,246.7,,,0.11,0.11,43.943335,1776215691000
1776215693.011,293.011,0.01,246.7,,,0.12,19.0,0.13,10.0,0.88,19.0,0.87,10.0,0.99,246.7,,,0.11,0.11,43.941928,1776215692000
1776215693.394,293.394,0.01,126.49,,,0.12,19.0,0.47,5.0,0.88,19.0,0.87,10.0,0.99,246.7,,,0.11,0.11,43.941928,1776215692000
1776215694.212,294.212,0.01,126.49,,,0.12,19.0,0.47,5.0,0.88,19.0,0.53,5.0,0.99,126.49,,,0.11,0.11,43.943255,1776215693000
1776215694.918,294.918,0.06,0.7,0.01,126.49,0.23,10.0,0.47,5.0,0.88,19.0,0.53,5.0,0.99,126.49,,,0.17,0.11,43.943255,1776215693000
1776215695.234,295.234,0.06,0.7,0.01,126.49,0.23,10.0,0.47,5.0,0.77,10.0,0.53,5.0,0.94,0.7,0.99,126.49,0.17,0.17,43.948896,1776215694000
1776215696.298,296.298,0.06,0.7,0.01,126.49,0.23,10.0,0.47,5.0,0.77,10.0,0.53,5.0,0.94,0.7,0.99,126.49,0.17,0.17,43.952905,1776215695000
1776215696.862,296.862,0.01,125.38,,,0.14,10.0,0.47,5.0,0.86,10.0,0.53,5.0,0.99,125.38,,,0.13,0.13,43.953679,1776215696000
1776215697.415,297.415,0.01,124.27,,,0.12,10.0,0.47,5.0,0.86,10.0,0.53,5.0,0.99,125.38,,,0.11,0.13,43.953679,1776215696000
1776215698.009,298.009,0.01,104.06,,,0.12,10.0,0.47,5.0,0.88,10.0,0.53,5.0,0.99,104.06,,,0.11,0.11,43.955256,1776215697000
1776215698.226,298.226,0.01,87.03,,,0.09,10.0,0.47,5.0,0.91,10.0,0.53,5.0,0.99,97.03,,,0.08,0.08,43.955256,1776215697000
1776215699.05,299.05,,,,,0.09,10.0,0.47,5.0,0.91,10.0,0.53,5.0,,,,,,,43.955351,1776215698000
1776215700.104,300.104,,,,,0.09,10.0,0.47,5.0,0.91,10.0,0.53,5.0,,,,,,,43.95554,1776215699000

# RESULT,winner=Down,slug=hype-updown-5m-1776215400,ticks=321
