timestamp,elapsed_sec,up_bid_p1,up_bid_s1,up_bid_p2,up_bid_s2,up_ask_p1,up_ask_s1,up_ask_p2,up_ask_s2,down_bid_p1,down_bid_s1,down_bid_p2,down_bid_s2,down_ask_p1,down_ask_s1,down_ask_p2,down_ask_s2,up_spread,down_spread,hype_price,hype_oracle_ts
1776223501.506,1.506,0.25,5.0,0.11,100.0,0.75,5.0,0.89,100.0,0.25,5.0,0.11,100.0,0.75,5.0,0.89,100.0,0.5,0.5,43.972978,1776223500000
1776223501.813,1.813,0.25,5.0,0.11,100.0,0.75,5.0,0.89,100.0,0.25,5.0,0.11,100.0,0.75,5.0,0.89,100.0,0.5,0.5,43.972978,1776223500000
1776223502.206,2.206,0.25,5.0,0.11,100.0,0.75,5.0,0.89,100.0,0.25,5.0,0.11,100.0,0.75,5.0,0.89,100.0,0.5,0.5,43.972796,1776223501000
1776223503.179,3.179,0.25,5.0,0.11,100.0,0.75,5.0,0.89,100.0,0.25,5.0,0.11,100.0,0.75,5.0,0.89,100.0,0.5,0.5,43.972271,1776223502000
1776223504.264,4.264,0.25,5.0,0.11,100.0,0.75,5.0,0.89,100.0,0.25,5.0,0.11,100.0,0.75,5.0,0.89,100.0,0.5,0.5,43.971693,1776223503000
1776223505.263,5.263,0.25,5.0,0.11,100.0,0.75,5.0,0.89,100.0,0.25,5.0,0.11,100.0,0.75,5.0,0.89,100.0,0.5,0.5,43.972336,1776223504000
1776223506.245,6.245,0.25,5.0,0.11,100.0,0.75,5.0,0.89,100.0,0.25,5.0,0.11,100.0,0.75,5.0,0.89,100.0,0.5,0.5,43.972258,1776223505000
1776223507.271,7.271,0.25,5.0,0.11,100.0,0.75,5.0,0.89,100.0,0.25,5.0,0.11,100.0,0.75,5.0,0.89,100.0,0.5,0.5,43.972592,1776223506000
1776223508.327,8.327,0.25,5.0,0.11,100.0,0.75,5.0,0.89,100.0,0.25,5.0,0.11,100.0,0.75,5.0,0.89,100.0,0.5,0.5,43.972624,1776223507000
1776223509.279,9.279,0.25,5.0,0.11,100.0,0.75,5.0,0.89,100.0,0.25,5.0,0.11,100.0,0.75,5.0,0.89,100.0,0.5,0.5,43.972287,1776223508000
1776223510.573,10.573,0.25,5.0,0.11,100.0,0.75,5.0,0.89,100.0,0.25,5.0,0.11,100.0,0.75,5.0,0.89,100.0,0.5,0.5,43.971792,1776223509000
1776223511.795,11.795,0.25,5.0,0.11,100.0,0.75,5.0,0.89,100.0,0.25,5.0,0.11,100.0,0.75,5.0,0.89,100.0,0.5,0.5,43.970512,1776223510000
1776223512.392,12.392,0.25,5.0,0.11,100.0,0.75,5.0,0.89,100.0,0.25,5.0,0.11,100.0,0.75,5.0,0.89,100.0,0.5,0.5,43.968992,1776223511000
1776223513.073,13.073,0.25,5.0,0.11,100.0,0.75,5.0,0.89,100.0,0.25,5.0,0.11,100.0,0.75,5.0,0.89,100.0,0.5,0.5,43.96934,1776223512000
1776223514.277,14.277,0.25,5.0,0.11,100.0,0.75,5.0,0.89,100.0,0.25,5.0,0.11,100.0,0.75,5.0,0.89,100.0,0.5,0.5,43.96916,1776223513000
1776223515.47,15.47,0.25,5.0,0.11,100.0,0.75,5.0,0.89,100.0,0.25,5.0,0.11,100.0,0.75,5.0,0.89,100.0,0.5,0.5,43.967892,1776223514000
1776223516.092,16.092,0.25,5.0,0.11,100.0,0.75,5.0,0.89,100.0,0.25,5.0,0.11,100.0,0.75,5.0,0.89,100.0,0.5,0.5,43.967874,1776223515000
1776223517.357,17.357,0.25,5.0,0.11,100.0,0.75,5.0,0.89,100.0,0.25,5.0,0.11,100.0,0.75,5.0,0.89,100.0,0.5,0.5,43.967644,1776223516000
1776223518.447,18.447,0.25,5.0,0.11,100.0,0.75,5.0,0.89,100.0,0.25,5.0,0.11,100.0,0.75,5.0,0.89,100.0,0.5,0.5,43.967924,1776223517000
1776223519.114,19.114,0.25,5.0,0.11,100.0,0.75,5.0,0.89,100.0,0.25,5.0,0.11,100.0,0.75,5.0,0.89,100.0,0.5,0.5,43.967924,1776223518000
1776223520.26,20.26,0.25,5.0,0.11,100.0,0.75,5.0,0.89,100.0,0.25,5.0,0.11,100.0,0.75,5.0,0.89,100.0,0.5,0.5,43.968748,1776223519000
1776223521.484,21.484,0.25,5.0,0.11,100.0,0.75,5.0,0.89,100.0,0.25,5.0,0.11,100.0,0.75,5.0,0.89,100.0,0.5,0.5,43.976505,1776223520000
1776223522.145,22.145,0.25,5.0,0.11,100.0,0.75,5.0,0.89,100.0,0.25,5.0,0.11,100.0,0.75,5.0,0.89,100.0,0.5,0.5,43.976505,1776223521000
1776223523.37,23.37,0.25,5.0,0.11,100.0,0.75,5.0,0.89,100.0,0.25,5.0,0.11,100.0,0.75,5.0,0.89,100.0,0.5,0.5,43.977081,1776223522000
1776223523.923,23.923,0.25,5.0,0.11,100.0,0.75,5.0,0.89,100.0,0.25,5.0,0.11,100.0,0.75,5.0,0.89,100.0,0.5,0.5,43.977081,1776223523000
1776223525.158,25.158,0.25,5.0,0.11,100.0,0.75,5.0,0.89,100.0,0.25,5.0,0.11,100.0,0.75,5.0,0.89,100.0,0.5,0.5,43.977134,1776223524000
1776223526.699,26.699,0.25,5.0,0.11,100.0,0.75,5.0,0.89,100.0,0.25,5.0,0.11,100.0,0.75,5.0,0.89,100.0,0.5,0.5,43.977389,1776223525000
1776223527.357,27.357,0.25,5.0,0.11,100.0,0.75,5.0,0.89,100.0,0.25,5.0,0.11,100.0,0.75,5.0,0.89,100.0,0.5,0.5,43.977507,1776223526000
1776223528.333,28.333,0.25,5.0,0.11,100.0,0.75,5.0,0.89,100.0,0.25,5.0,0.11,100.0,0.75,5.0,0.89,100.0,0.5,0.5,43.97758,1776223527000
1776223529.391,29.391,0.25,5.0,0.11,100.0,0.75,5.0,0.89,100.0,0.25,5.0,0.11,100.0,0.75,5.0,0.89,100.0,0.5,0.5,43.976619,1776223528000
1776223529.892,29.892,0.25,5.0,0.11,100.0,0.75,5.0,0.89,100.0,0.25,5.0,0.11,100.0,0.75,5.0,0.89,100.0,0.5,0.5,43.976619,1776223529000
1776223531.002,31.002,0.25,5.0,0.11,100.0,0.75,5.0,0.89,100.0,0.25,5.0,0.11,100.0,0.75,5.0,0.89,100.0,0.5,0.5,43.977573,1776223530000
1776223532.045,32.045,0.25,5.0,0.11,100.0,0.75,5.0,0.89,100.0,0.25,5.0,0.11,100.0,0.75,5.0,0.89,100.0,0.5,0.5,43.977052,1776223531000
1776223533.196,33.196,0.25,5.0,0.11,100.0,0.75,5.0,0.89,100.0,0.25,5.0,0.11,100.0,0.75,5.0,0.89,100.0,0.5,0.5,43.978289,1776223532000
1776223534.202,34.202,0.25,5.0,0.11,100.0,0.75,5.0,0.89,100.0,0.25,5.0,0.11,100.0,0.75,5.0,0.89,100.0,0.5,0.5,43.979205,1776223533000
1776223535.234,35.234,0.25,5.0,0.11,100.0,0.75,5.0,0.89,100.0,0.25,5.0,0.11,100.0,0.75,5.0,0.89,100.0,0.5,0.5,43.979205,1776223534000
1776223536.339,36.339,0.25,5.0,0.11,100.0,0.75,5.0,0.89,100.0,0.25,5.0,0.11,100.0,0.75,5.0,0.89,100.0,0.5,0.5,43.979181,1776223535000
1776223537.411,37.411,0.25,5.0,0.11,100.0,0.75,5.0,0.89,100.0,0.25,5.0,0.11,100.0,0.75,5.0,0.89,100.0,0.5,0.5,43.979111,1776223536000
1776223537.941,37.941,0.25,5.0,0.11,100.0,0.75,5.0,0.89,100.0,0.25,5.0,0.11,100.0,0.75,5.0,0.89,100.0,0.5,0.5,43.979111,1776223537000
1776223539.096,39.096,0.25,5.0,0.11,100.0,0.75,5.0,0.89,100.0,0.25,5.0,0.11,100.0,0.75,5.0,0.89,100.0,0.5,0.5,43.979199,1776223538000
1776223540.544,40.544,0.25,5.0,0.11,100.0,0.75,5.0,0.89,100.0,0.25,5.0,0.11,100.0,0.75,5.0,0.89,100.0,0.5,0.5,43.979257,1776223539000
1776223541.106,41.106,0.25,5.0,0.11,100.0,0.75,5.0,0.89,100.0,0.25,5.0,0.11,100.0,0.75,5.0,0.89,100.0,0.5,0.5,43.979257,1776223540000
1776223542.638,42.638,0.25,5.0,0.11,100.0,0.75,5.0,0.89,100.0,0.25,5.0,0.11,100.0,0.75,5.0,0.89,100.0,0.5,0.5,43.979829,1776223541000
1776223543.197,43.197,0.25,5.0,0.11,100.0,0.75,5.0,0.89,100.0,0.25,5.0,0.11,100.0,0.75,5.0,0.89,100.0,0.5,0.5,43.980363,1776223542000
1776223544.688,44.688,0.25,5.0,0.11,100.0,0.75,5.0,0.89,100.0,0.25,5.0,0.11,100.0,0.75,5.0,0.89,100.0,0.5,0.5,43.98775,1776223543000
1776223545.3,45.3,0.25,5.0,0.11,100.0,0.75,5.0,0.89,100.0,0.25,5.0,0.11,100.0,0.75,5.0,0.89,100.0,0.5,0.5,43.987754,1776223544000
1776223546.122,46.122,0.25,5.0,0.11,100.0,0.75,5.0,0.89,100.0,0.25,5.0,0.11,100.0,0.75,5.0,0.89,100.0,0.5,0.5,43.988321,1776223545000
1776223547.334,47.334,0.25,5.0,0.11,100.0,0.75,5.0,0.89,100.0,0.25,5.0,0.11,100.0,0.75,5.0,0.89,100.0,0.5,0.5,43.994701,1776223546000
1776223548.151,48.151,0.25,5.0,0.11,100.0,0.75,5.0,0.89,100.0,0.25,5.0,0.11,100.0,0.75,5.0,0.89,100.0,0.5,0.5,44.001678,1776223547000
1776223549.356,49.356,0.25,5.0,0.11,100.0,0.75,5.0,0.89,100.0,0.25,5.0,0.11,100.0,0.75,5.0,0.89,100.0,0.5,0.5,44.012791,1776223548000
1776223550.146,50.146,0.25,5.0,0.11,100.0,0.75,5.0,0.89,100.0,0.25,5.0,0.11,100.0,0.75,5.0,0.89,100.0,0.5,0.5,44.007813,1776223549000
1776223551.398,51.398,0.25,5.0,0.11,100.0,0.75,5.0,0.89,100.0,0.25,5.0,0.11,100.0,0.75,5.0,0.89,100.0,0.5,0.5,44.007369,1776223550000
1776223552.138,52.138,0.25,5.0,0.11,100.0,0.75,5.0,0.89,100.0,0.25,5.0,0.11,100.0,0.75,5.0,0.89,100.0,0.5,0.5,44.007486,1776223551000
1776223553.362,53.362,0.25,5.0,0.11,100.0,0.75,5.0,0.89,100.0,0.25,5.0,0.11,100.0,0.75,5.0,0.89,100.0,0.5,0.5,44.007557,1776223552000
1776223554.001,54.001,0.25,5.0,0.11,100.0,0.75,5.0,0.89,100.0,0.25,5.0,0.11,100.0,0.75,5.0,0.89,100.0,0.5,0.5,44.007726,1776223553000
1776223555.46,55.46,0.25,5.0,0.11,100.0,0.75,5.0,0.89,100.0,0.25,5.0,0.11,100.0,0.75,5.0,0.89,100.0,0.5,0.5,44.007651,1776223554000
1776223556.214,56.214,0.25,5.0,0.11,100.0,0.75,5.0,0.89,100.0,0.25,5.0,0.11,100.0,0.75,5.0,0.89,100.0,0.5,0.5,44.00805,1776223555000
1776223557.064,57.064,0.67,21.0,0.61,5.0,0.75,1.04,0.83,15.0,0.25,5.0,0.11,100.0,0.75,5.0,0.89,100.0,0.08,0.5,44.00805,1776223555000
1776223558.088,58.088,0.78,8.96,0.67,21.0,0.83,15.0,0.84,15.0,0.17,15.0,0.16,15.0,0.22,8.96,0.33,21.0,0.05,0.05,44.008047,1776223557000
1776223559.108,59.108,0.78,8.96,0.67,21.0,0.83,15.0,0.84,15.0,0.17,15.0,0.16,15.0,0.22,8.96,0.33,21.0,0.05,0.05,44.026296,1776223558000
1776223560.128,60.128,0.78,8.96,0.67,21.0,0.83,15.0,0.84,15.0,0.17,15.0,0.16,15.0,0.22,8.96,0.33,21.0,0.05,0.05,44.027981,1776223559000
1776223561.014,61.014,0.78,8.96,0.67,21.0,0.83,15.0,0.84,15.0,0.17,15.0,0.16,15.0,0.22,8.96,0.33,21.0,0.05,0.05,44.029402,1776223560000
1776223562.428,62.428,0.78,8.96,0.67,21.0,0.83,15.0,0.84,15.0,0.17,15.0,0.16,15.0,0.22,8.96,0.33,21.0,0.05,0.05,44.029602,1776223561000
1776223562.984,62.984,0.78,8.96,0.67,21.0,0.83,15.0,0.84,15.0,0.17,15.0,0.16,15.0,0.22,8.96,0.33,21.0,0.05,0.05,44.030774,1776223562000
1776223564.522,64.522,0.78,8.96,0.67,21.0,0.83,15.0,0.84,15.0,0.17,15.0,0.16,15.0,0.22,8.96,0.33,21.0,0.05,0.05,44.030655,1776223563000
1776223565.052,65.052,0.78,8.96,0.67,21.0,0.83,15.0,0.84,15.0,0.17,15.0,0.16,15.0,0.22,8.96,0.33,21.0,0.05,0.05,44.031262,1776223564000
1776223566.237,66.237,0.78,8.96,0.67,21.0,0.83,15.0,0.84,15.0,0.17,15.0,0.16,15.0,0.22,8.96,0.33,21.0,0.05,0.05,44.044187,1776223565000
1776223567.427,67.427,0.78,8.96,0.67,21.0,0.83,15.0,0.84,15.0,0.17,15.0,0.16,15.0,0.22,8.96,0.33,21.0,0.05,0.05,44.045113,1776223566000
1776223567.993,67.993,0.78,8.96,0.67,21.0,0.83,15.0,0.84,15.0,0.17,15.0,0.16,15.0,0.22,8.96,0.33,21.0,0.05,0.05,44.044944,1776223567000
1776223569.114,69.114,0.78,8.96,0.67,21.0,0.83,15.0,0.84,15.0,0.17,15.0,0.16,15.0,0.22,8.96,0.33,21.0,0.05,0.05,44.040511,1776223568000
1776223569.373,69.373,0.8,2.29,0.75,5.0,0.84,15.0,0.85,15.0,0.17,15.0,0.16,15.0,0.22,8.96,0.33,21.0,0.04,0.05,44.040511,1776223568000
1776223570.209,70.209,0.8,2.29,0.75,5.0,0.84,15.0,0.85,15.0,0.16,15.0,0.15,15.0,0.2,2.29,0.25,5.0,0.04,0.04,44.04019,1776223569000
1776223571.293,71.293,0.8,2.29,0.75,5.0,0.84,15.0,0.85,15.0,0.16,15.0,0.15,15.0,0.2,2.29,0.25,5.0,0.04,0.04,44.039122,1776223570000
1776223572.941,72.941,0.8,2.29,0.75,5.0,0.84,15.0,0.85,15.0,0.16,15.0,0.15,15.0,0.2,2.29,0.25,5.0,0.04,0.04,44.038845,1776223571000
1776223573.341,73.341,0.8,2.29,0.75,5.0,0.84,15.0,0.85,15.0,0.16,15.0,0.15,15.0,0.2,2.29,0.25,5.0,0.04,0.04,44.040892,1776223572000
1776223573.905,73.905,0.8,2.29,0.75,5.0,0.84,15.0,0.85,15.0,0.16,15.0,0.15,15.0,0.2,2.29,0.25,5.0,0.04,0.04,44.040943,1776223573000
1776223574.832,74.832,0.8,2.29,0.75,5.0,0.84,15.0,0.85,15.0,0.16,15.0,0.15,15.0,0.2,2.29,0.25,5.0,0.04,0.04,44.043797,1776223574000
1776223575.862,75.862,0.8,2.29,0.75,5.0,0.84,15.0,0.85,15.0,0.16,15.0,0.15,15.0,0.2,2.29,0.25,5.0,0.04,0.04,44.041893,1776223575000
1776223576.995,76.995,0.8,2.29,0.75,5.0,0.84,15.0,0.85,15.0,0.16,15.0,0.15,15.0,0.2,2.29,0.25,5.0,0.04,0.04,44.041778,1776223576000
1776223578.051,78.051,0.8,2.29,0.75,5.0,0.84,15.0,0.85,15.0,0.16,15.0,0.15,15.0,0.2,2.29,0.25,5.0,0.04,0.04,44.044534,1776223577000
1776223579.007,79.007,0.8,2.29,0.75,5.0,0.84,15.0,0.85,15.0,0.16,15.0,0.15,15.0,0.2,2.29,0.25,5.0,0.04,0.04,44.039966,1776223578000
1776223579.949,79.949,0.8,2.29,0.75,5.0,0.84,15.0,0.85,15.0,0.16,15.0,0.15,15.0,0.2,2.29,0.25,5.0,0.04,0.04,44.039798,1776223579000
1776223581.002,81.002,0.8,2.29,0.75,5.0,0.84,15.0,0.85,15.0,0.16,15.0,0.15,15.0,0.2,2.29,0.25,5.0,0.04,0.04,44.039797,1776223580000
1776223581.905,81.905,0.8,2.29,0.75,5.0,0.84,15.0,0.85,15.0,0.16,15.0,0.15,15.0,0.2,2.29,0.25,5.0,0.04,0.04,44.039492,1776223581000
1776223583.047,83.047,0.8,2.29,0.75,5.0,0.84,15.0,0.85,15.0,0.16,15.0,0.15,15.0,0.2,2.29,0.25,5.0,0.04,0.04,44.039492,1776223582000
1776223583.989,83.989,0.8,2.29,0.75,5.0,0.84,15.0,0.85,15.0,0.16,15.0,0.15,15.0,0.2,2.29,0.25,5.0,0.04,0.04,44.039514,1776223583000
1776223584.968,84.968,0.8,2.29,0.75,5.0,0.84,15.0,0.85,15.0,0.16,15.0,0.15,15.0,0.2,2.29,0.25,5.0,0.04,0.04,44.039492,1776223584000
1776223586.103,86.103,0.8,2.29,0.75,5.0,0.84,15.0,0.85,15.0,0.16,15.0,0.15,15.0,0.2,2.29,0.25,5.0,0.04,0.04,44.039251,1776223585000
1776223587.094,87.094,0.8,2.29,0.75,5.0,0.84,15.0,0.85,15.0,0.16,15.0,0.15,15.0,0.2,2.29,0.25,5.0,0.04,0.04,44.039021,1776223586000
1776223588.078,88.078,0.8,2.29,0.75,5.0,0.84,15.0,0.85,15.0,0.16,15.0,0.15,15.0,0.2,2.29,0.25,5.0,0.04,0.04,44.038853,1776223587000
1776223589.12,89.12,0.8,2.29,0.75,5.0,0.84,15.0,0.85,15.0,0.16,15.0,0.15,15.0,0.2,2.29,0.25,5.0,0.04,0.04,44.038853,1776223588000
1776223590.018,90.018,0.8,2.29,0.75,5.0,0.84,15.0,0.85,15.0,0.16,15.0,0.15,15.0,0.2,2.29,0.25,5.0,0.04,0.04,44.038852,1776223589000
1776223590.86,90.86,0.81,10.0,0.8,15.0,0.88,13.75,0.89,15.0,0.16,15.0,0.15,15.0,0.2,2.29,0.25,5.0,0.07,0.04,44.038852,1776223589000
1776223592.079,92.079,0.81,10.0,0.8,15.0,0.88,13.75,0.89,15.0,0.12,13.75,0.11,15.0,0.19,10.0,0.2,15.0,0.07,0.07,44.038853,1776223591000
1776223593.136,93.136,0.81,10.0,0.8,15.0,0.88,13.75,0.89,15.0,0.12,13.75,0.11,15.0,0.19,10.0,0.2,15.0,0.07,0.07,44.039043,1776223592000
1776223594.123,94.123,0.81,10.0,0.8,15.0,0.88,13.75,0.89,15.0,0.12,13.75,0.11,15.0,0.19,10.0,0.2,15.0,0.07,0.07,44.039137,1776223593000
1776223595.031,95.031,0.81,10.0,0.8,15.0,0.88,13.75,0.89,15.0,0.12,13.75,0.11,15.0,0.19,10.0,0.2,15.0,0.07,0.07,44.039009,1776223594000
1776223596.012,96.012,0.81,10.0,0.8,15.0,0.88,13.75,0.89,15.0,0.12,13.75,0.11,15.0,0.19,10.0,0.2,15.0,0.07,0.07,44.039008,1776223595000
1776223597.002,97.002,0.81,10.0,0.8,15.0,0.88,13.75,0.89,15.0,0.12,13.75,0.11,15.0,0.19,10.0,0.2,15.0,0.07,0.07,44.039008,1776223596000
1776223597.979,97.979,0.81,10.0,0.8,15.0,0.88,13.75,0.89,15.0,0.12,13.75,0.11,15.0,0.19,10.0,0.2,15.0,0.07,0.07,44.039073,1776223597000
1776223600.889,100.889,0.81,10.0,0.8,15.0,0.88,13.75,0.89,15.0,0.12,13.75,0.11,15.0,0.19,10.0,0.2,15.0,0.07,0.07,44.039073,1776223598000
1776223601.481,101.481,0.81,10.0,0.8,15.0,0.88,13.75,0.89,15.0,0.12,13.75,0.11,15.0,0.19,10.0,0.2,15.0,0.07,0.07,44.049058,1776223600000
1776223602.026,102.026,0.81,10.0,0.8,15.0,0.88,13.75,0.89,15.0,0.12,13.75,0.11,15.0,0.19,10.0,0.2,15.0,0.07,0.07,44.049223,1776223601000
1776223603.285,103.285,0.81,10.0,0.8,15.0,0.88,13.75,0.89,15.0,0.12,13.75,0.11,15.0,0.19,10.0,0.2,15.0,0.07,0.07,44.048717,1776223602000
1776223603.857,103.857,0.81,10.0,0.8,15.0,0.88,13.75,0.89,15.0,0.12,13.75,0.11,15.0,0.19,10.0,0.2,15.0,0.07,0.07,44.048878,1776223603000
1776223604.964,104.964,0.81,10.0,0.8,15.0,0.88,13.75,0.89,15.0,0.12,13.75,0.11,15.0,0.19,10.0,0.2,15.0,0.07,0.07,44.048807,1776223604000
1776223606.137,106.137,0.81,10.0,0.8,15.0,0.88,13.75,0.89,15.0,0.12,13.75,0.11,15.0,0.19,10.0,0.2,15.0,0.07,0.07,44.048684,1776223605000
1776223607.343,107.343,0.81,10.0,0.8,15.0,0.88,13.75,0.89,15.0,0.12,13.75,0.11,15.0,0.19,10.0,0.2,15.0,0.07,0.07,44.048838,1776223606000
1776223607.985,107.985,0.81,10.0,0.8,15.0,0.88,13.75,0.89,15.0,0.12,13.75,0.11,15.0,0.19,10.0,0.2,15.0,0.07,0.07,44.04895,1776223607000
1776223609.088,109.088,0.81,10.0,0.8,15.0,0.88,13.75,0.89,15.0,0.12,13.75,0.11,15.0,0.19,10.0,0.2,15.0,0.07,0.07,44.049267,1776223608000
1776223610.183,110.183,0.81,10.0,0.8,15.0,0.88,13.75,0.89,15.0,0.12,13.75,0.11,15.0,0.19,10.0,0.2,15.0,0.07,0.07,44.049267,1776223609000
1776223611.282,111.282,0.81,10.0,0.8,15.0,0.88,13.75,0.89,15.0,0.12,13.75,0.11,15.0,0.19,10.0,0.2,15.0,0.07,0.07,44.049611,1776223610000
1776223612.37,112.37,0.81,10.0,0.8,15.0,0.88,13.75,0.89,15.0,0.12,13.75,0.11,15.0,0.19,10.0,0.2,15.0,0.07,0.07,44.04967,1776223611000
1776223612.99,112.99,0.81,10.0,0.8,15.0,0.88,13.75,0.89,15.0,0.12,13.75,0.11,15.0,0.19,10.0,0.2,15.0,0.07,0.07,44.049712,1776223612000
1776223614.129,114.129,0.81,10.0,0.8,15.0,0.88,13.75,0.89,15.0,0.12,13.75,0.11,15.0,0.19,10.0,0.2,15.0,0.07,0.07,44.049834,1776223613000
1776223615.261,115.261,0.81,10.0,0.8,15.0,0.88,13.75,0.89,15.0,0.12,13.75,0.11,15.0,0.19,10.0,0.2,15.0,0.07,0.07,44.050159,1776223614000
1776223616.19,116.19,0.81,10.0,0.8,15.0,0.88,13.75,0.89,15.0,0.12,13.75,0.11,15.0,0.19,10.0,0.2,15.0,0.07,0.07,44.050159,1776223615000
1776223617.159,117.159,0.81,10.0,0.8,15.0,0.88,13.75,0.89,15.0,0.12,13.75,0.11,15.0,0.19,10.0,0.2,15.0,0.07,0.07,44.063785,1776223616000
1776223618.057,118.057,0.91,15.0,0.9,15.0,0.92,13.91,0.96,44.11,0.12,13.75,0.11,15.0,0.19,10.0,0.2,15.0,0.01,0.07,44.063785,1776223616000
1776223619.141,119.141,0.91,15.0,0.9,15.0,0.92,13.91,0.96,44.11,0.08,13.91,0.04,44.11,0.09,15.0,0.1,15.0,0.01,0.01,44.067342,1776223618000
1776223620.12,120.12,0.91,15.0,0.9,15.0,0.92,13.91,0.96,44.11,0.08,13.91,0.04,44.11,0.09,15.0,0.1,15.0,0.01,0.01,44.06655,1776223619000
1776223621.064,121.064,0.91,15.0,0.9,15.0,0.92,13.91,0.96,44.11,0.08,13.91,0.04,44.11,0.09,15.0,0.1,15.0,0.01,0.01,44.061431,1776223620000
1776223622.096,122.096,0.91,15.0,0.9,15.0,0.92,13.91,0.96,44.11,0.08,13.91,0.04,44.11,0.09,15.0,0.1,15.0,0.01,0.01,44.059435,1776223621000
1776223623.084,123.084,0.91,15.0,0.9,15.0,0.92,13.91,0.96,44.11,0.08,13.91,0.04,44.11,0.09,15.0,0.1,15.0,0.01,0.01,44.059558,1776223622000
1776223624.068,124.068,0.91,15.0,0.9,15.0,0.92,13.91,0.96,44.11,0.08,13.91,0.04,44.11,0.09,15.0,0.1,15.0,0.01,0.01,44.059194,1776223623000
1776223625.075,125.075,0.91,15.0,0.9,15.0,0.92,13.91,0.96,44.11,0.08,13.91,0.04,44.11,0.09,15.0,0.1,15.0,0.01,0.01,44.059295,1776223624000
1776223626.084,126.084,0.91,15.0,0.9,15.0,0.92,13.91,0.96,44.11,0.08,13.91,0.04,44.11,0.09,15.0,0.1,15.0,0.01,0.01,44.059278,1776223625000
1776223627.038,127.038,0.91,15.0,0.9,15.0,0.92,13.91,0.96,44.11,0.08,13.91,0.04,44.11,0.09,15.0,0.1,15.0,0.01,0.01,44.059279,1776223626000
1776223627.958,127.958,0.91,15.0,0.9,15.0,0.92,13.91,0.96,44.11,0.08,13.91,0.04,44.11,0.09,15.0,0.1,15.0,0.01,0.01,44.059329,1776223627000
1776223629.091,129.091,0.91,15.0,0.9,15.0,0.92,13.91,0.96,44.11,0.08,13.91,0.04,44.11,0.09,15.0,0.1,15.0,0.01,0.01,44.059329,1776223628000
1776223629.548,129.548,0.91,15.0,0.9,15.0,0.92,1.77,0.95,15.0,0.08,13.91,0.04,44.11,0.09,15.0,0.1,15.0,0.01,0.01,44.059329,1776223628000
1776223630.594,130.594,0.91,15.0,0.9,15.0,0.92,1.77,0.95,15.0,0.08,1.77,0.05,15.0,0.09,15.0,0.1,15.0,0.01,0.01,44.059177,1776223629000
1776223631.329,131.329,0.91,15.0,0.9,15.0,0.92,1.77,0.95,15.0,0.08,1.77,0.05,15.0,0.09,15.0,0.1,15.0,0.01,0.01,44.059203,1776223630000
1776223632.836,132.836,0.91,15.0,0.9,15.0,0.92,1.77,0.95,15.0,0.08,1.77,0.05,15.0,0.09,15.0,0.1,15.0,0.01,0.01,44.059298,1776223631000
1776223633.476,133.476,0.91,15.0,0.9,15.0,0.92,1.77,0.95,15.0,0.08,1.77,0.05,15.0,0.09,15.0,0.1,15.0,0.01,0.01,44.059252,1776223632000
1776223634.12,134.12,0.91,15.0,0.9,15.0,0.92,1.77,0.95,15.0,0.08,1.77,0.05,15.0,0.09,15.0,0.1,15.0,0.01,0.01,44.059252,1776223633000
1776223635.456,135.456,0.91,15.0,0.9,15.0,0.92,1.77,0.95,15.0,0.08,1.77,0.05,15.0,0.09,15.0,0.1,15.0,0.01,0.01,44.059273,1776223634000
1776223636.074,136.074,0.91,15.0,0.9,15.0,0.92,1.77,0.95,15.0,0.08,1.77,0.05,15.0,0.09,15.0,0.1,15.0,0.01,0.01,44.059273,1776223635000
1776223637.354,137.354,0.91,15.0,0.9,15.0,0.92,1.77,0.95,15.0,0.08,1.77,0.05,15.0,0.09,15.0,0.1,15.0,0.01,0.01,44.060855,1776223636000
1776223638.02,138.02,0.91,15.0,0.9,15.0,0.92,1.77,0.95,15.0,0.08,1.77,0.05,15.0,0.09,15.0,0.1,15.0,0.01,0.01,44.069079,1776223637000
1776223639.316,139.316,0.91,15.0,0.9,15.0,0.92,1.77,0.95,15.0,0.08,1.77,0.05,15.0,0.09,15.0,0.1,15.0,0.01,0.01,44.071847,1776223638000
1776223640.458,140.458,0.91,15.0,0.9,15.0,0.92,1.77,0.95,15.0,0.08,1.77,0.05,15.0,0.09,15.0,0.1,15.0,0.01,0.01,44.070069,1776223639000
1776223641.066,141.066,0.91,15.0,0.9,15.0,0.92,1.77,0.95,15.0,0.08,1.77,0.05,15.0,0.09,15.0,0.1,15.0,0.01,0.01,44.066029,1776223640000
1776223642.314,142.314,0.91,15.0,0.9,15.0,0.92,1.77,0.95,15.0,0.08,1.77,0.05,15.0,0.09,15.0,0.1,15.0,0.01,0.01,44.063668,1776223641000
1776223643.003,143.003,0.91,15.0,0.9,15.0,0.92,1.77,0.95,15.0,0.08,1.77,0.05,15.0,0.09,15.0,0.1,15.0,0.01,0.01,44.058689,1776223642000
1776223644.091,144.091,0.91,15.0,0.9,15.0,0.92,1.77,0.95,15.0,0.08,1.77,0.05,15.0,0.09,15.0,0.1,15.0,0.01,0.01,44.057892,1776223643000
1776223645.77,145.77,0.91,15.0,0.9,15.0,0.92,1.77,0.95,15.0,0.08,1.77,0.05,15.0,0.09,15.0,0.1,15.0,0.01,0.01,44.058734,1776223644000
1776223646.34,146.34,0.91,15.0,0.9,15.0,0.92,1.77,0.95,15.0,0.08,1.77,0.05,15.0,0.09,15.0,0.1,15.0,0.01,0.01,44.059151,1776223645000
1776223647.765,147.765,0.91,15.0,0.9,15.0,0.92,1.77,0.95,15.0,0.08,1.77,0.05,15.0,0.09,15.0,0.1,15.0,0.01,0.01,44.058881,1776223646000
1776223648.346,148.346,0.91,15.0,0.9,15.0,0.92,1.77,0.95,15.0,0.08,1.77,0.05,15.0,0.09,15.0,0.1,15.0,0.01,0.01,44.058881,1776223647000
1776223649.607,149.607,0.91,15.0,0.9,15.0,0.92,1.77,0.95,15.0,0.08,1.77,0.05,15.0,0.09,15.0,0.1,15.0,0.01,0.01,44.058287,1776223648000
1776223650.155,150.155,0.91,15.0,0.9,15.0,0.92,1.77,0.95,15.0,0.08,1.77,0.05,15.0,0.09,15.0,0.1,15.0,0.01,0.01,44.057762,1776223649000
1776223651.358,151.358,0.91,15.0,0.9,15.0,0.92,1.77,0.95,15.0,0.08,1.77,0.05,15.0,0.09,15.0,0.1,15.0,0.01,0.01,44.057586,1776223650000
1776223652.01,152.01,0.91,15.0,0.9,15.0,0.92,1.77,0.95,15.0,0.08,1.77,0.05,15.0,0.09,15.0,0.1,15.0,0.01,0.01,44.057586,1776223651000
1776223652.948,152.948,0.91,30.0,0.9,15.0,0.96,44.11,0.97,15.0,0.08,1.77,0.05,15.0,0.09,15.0,0.1,15.0,0.05,0.01,44.057586,1776223651000
1776223654.273,154.273,0.91,30.0,0.9,15.0,0.96,44.11,0.97,15.0,0.04,44.11,0.03,15.0,0.09,30.0,0.1,15.0,0.05,0.05,44.057996,1776223653000
1776223655.364,155.364,0.91,30.0,0.9,15.0,0.96,44.11,0.97,15.0,0.04,44.11,0.03,15.0,0.09,30.0,0.1,15.0,0.05,0.05,44.059865,1776223654000
1776223655.985,155.985,0.91,30.0,0.9,15.0,0.96,44.11,0.97,15.0,0.04,44.11,0.03,15.0,0.09,30.0,0.1,15.0,0.05,0.05,44.059865,1776223655000
1776223657.087,157.087,0.91,30.0,0.9,15.0,0.96,44.11,0.97,15.0,0.04,44.11,0.03,15.0,0.09,30.0,0.1,15.0,0.05,0.05,44.059372,1776223656000
1776223658.239,158.239,0.91,30.0,0.9,15.0,0.96,44.11,0.97,15.0,0.04,44.11,0.03,15.0,0.09,30.0,0.1,15.0,0.05,0.05,44.059071,1776223657000
1776223659.4,159.4,0.91,30.0,0.9,15.0,0.96,44.11,0.97,15.0,0.04,44.11,0.03,15.0,0.09,30.0,0.1,15.0,0.05,0.05,44.058935,1776223658000
1776223659.953,159.953,0.91,30.0,0.9,15.0,0.96,44.11,0.97,15.0,0.04,44.11,0.03,15.0,0.09,30.0,0.1,15.0,0.05,0.05,44.058935,1776223659000
1776223661.447,161.447,0.91,30.0,0.9,15.0,0.96,44.11,0.97,15.0,0.04,44.11,0.03,15.0,0.09,30.0,0.1,15.0,0.05,0.05,44.06005,1776223660000
1776223661.92,161.92,0.91,30.0,0.9,15.0,0.96,44.11,0.97,15.0,0.04,44.11,0.03,15.0,0.09,30.0,0.1,15.0,0.05,0.05,44.060214,1776223661000
1776223663.053,163.053,0.91,30.0,0.9,15.0,0.96,44.11,0.97,15.0,0.04,44.11,0.03,15.0,0.09,30.0,0.1,15.0,0.05,0.05,44.06052,1776223662000
1776223664.096,164.096,0.91,30.0,0.9,15.0,0.96,44.11,0.97,15.0,0.04,44.11,0.03,15.0,0.09,30.0,0.1,15.0,0.05,0.05,44.06052,1776223663000
1776223664.589,164.589,0.95,20.0,0.94,15.0,0.96,13.93,0.98,25.0,0.04,44.11,0.03,15.0,0.09,30.0,0.1,15.0,0.01,0.05,44.06052,1776223663000
1776223665.072,165.072,0.95,20.0,0.94,15.0,0.96,13.93,0.98,25.0,0.04,13.93,0.02,25.0,0.05,20.0,0.06,15.0,0.01,0.01,44.060383,1776223664000
1776223666.084,166.084,0.95,20.0,0.94,15.0,0.96,13.93,0.98,25.0,0.04,13.93,0.02,25.0,0.05,20.0,0.06,15.0,0.01,0.01,44.06023,1776223665000
1776223667.072,167.072,0.95,20.0,0.94,15.0,0.96,13.93,0.98,25.0,0.04,13.93,0.02,25.0,0.05,20.0,0.06,15.0,0.01,0.01,44.060404,1776223666000
1776223668.013,168.013,0.95,20.0,0.94,15.0,0.96,13.93,0.98,25.0,0.04,13.93,0.02,25.0,0.05,20.0,0.06,15.0,0.01,0.01,44.060417,1776223667000
1776223668.481,168.481,0.95,20.0,0.94,15.0,0.96,5.56,0.98,25.0,0.04,13.93,0.02,25.0,0.05,20.0,0.06,15.0,0.01,0.01,44.060417,1776223667000
1776223668.969,168.969,0.95,20.0,0.94,15.0,0.96,5.56,0.98,25.0,0.04,5.56,0.02,25.0,0.05,20.0,0.06,15.0,0.01,0.01,44.060681,1776223668000
1776223670.07,170.07,0.95,20.0,0.94,15.0,0.96,5.56,0.98,25.0,0.04,5.56,0.02,25.0,0.05,20.0,0.06,15.0,0.01,0.01,44.060495,1776223669000
1776223671.072,171.072,0.95,20.0,0.94,15.0,0.96,5.56,0.98,25.0,0.04,5.56,0.02,25.0,0.05,20.0,0.06,15.0,0.01,0.01,44.060744,1776223670000
1776223671.458,171.458,0.95,20.0,0.94,15.0,0.98,25.0,0.99,105.0,0.04,5.56,0.02,25.0,0.05,20.0,0.06,15.0,0.03,0.01,44.060744,1776223670000
1776223672.173,172.173,0.95,20.0,0.94,15.0,0.98,25.0,0.99,105.0,0.02,25.0,0.01,105.0,0.05,20.0,0.06,15.0,0.03,0.03,44.060583,1776223671000
1776223673.249,173.249,0.95,20.0,0.94,15.0,0.98,25.0,0.99,105.0,0.02,25.0,0.01,105.0,0.05,20.0,0.06,15.0,0.03,0.03,44.060558,1776223672000
1776223674.443,174.443,0.95,20.0,0.94,15.0,0.98,25.0,0.99,105.0,0.02,25.0,0.01,105.0,0.05,20.0,0.06,15.0,0.03,0.03,44.060559,1776223673000
1776223675.264,175.264,0.95,20.0,0.94,15.0,0.98,25.0,0.99,105.0,0.02,25.0,0.01,105.0,0.05,20.0,0.06,15.0,0.03,0.03,44.060894,1776223674000
1776223676.774,176.774,0.95,20.0,0.94,15.0,0.98,25.0,0.99,105.0,0.02,25.0,0.01,105.0,0.05,20.0,0.06,15.0,0.03,0.03,44.060891,1776223675000
1776223677.514,177.514,0.95,20.0,0.94,15.0,0.98,25.0,0.99,105.0,0.02,25.0,0.01,105.0,0.05,20.0,0.06,15.0,0.03,0.03,44.060647,1776223676000
1776223678.277,178.277,0.95,20.0,0.94,15.0,0.98,25.0,0.99,105.0,0.02,25.0,0.01,105.0,0.05,20.0,0.06,15.0,0.03,0.03,44.060424,1776223677000
1776223679.679,179.679,0.95,20.0,0.94,15.0,0.98,25.0,0.99,105.0,0.02,25.0,0.01,105.0,0.05,20.0,0.06,15.0,0.03,0.03,44.060694,1776223678000
1776223680.438,180.438,0.95,20.0,0.94,15.0,0.98,25.0,0.99,105.0,0.02,25.0,0.01,105.0,0.05,20.0,0.06,15.0,0.03,0.03,44.060546,1776223679000
1776223680.692,180.692,0.95,20.0,0.94,15.0,0.99,100.0,,,0.02,25.0,0.01,105.0,0.05,20.0,0.06,15.0,0.04,0.03,44.060546,1776223679000
1776223681.209,181.209,0.95,20.0,0.94,15.0,0.99,100.0,,,0.01,100.0,,,0.05,20.0,0.06,15.0,0.04,0.04,44.059959,1776223680000
1776223682.77,182.77,0.95,20.0,0.94,15.0,0.99,100.0,,,0.01,100.0,,,0.05,20.0,0.06,15.0,0.04,0.04,44.05991,1776223681000
1776223683.375,183.375,0.95,20.0,0.94,15.0,0.99,100.0,,,0.01,100.0,,,0.05,20.0,0.06,15.0,0.04,0.04,44.062249,1776223682000
1776223684.274,184.274,0.95,20.0,0.94,15.0,0.99,100.0,,,0.01,100.0,,,0.05,20.0,0.06,15.0,0.04,0.04,44.062249,1776223683000
1776223684.866,184.866,0.96,20.0,0.95,15.0,0.99,80.0,,,0.01,100.0,,,0.05,20.0,0.06,15.0,0.03,0.04,44.062249,1776223683000
1776223685.867,185.867,0.96,20.0,0.95,15.0,0.99,80.0,,,0.01,80.0,,,0.04,20.0,0.05,15.0,0.03,0.03,44.062785,1776223684000
1776223686.708,186.708,0.96,20.0,0.95,15.0,0.99,80.0,,,0.01,80.0,,,0.04,20.0,0.05,15.0,0.03,0.03,44.062912,1776223685000
1776223687.513,187.513,0.96,20.0,0.95,15.0,0.99,80.0,,,0.01,80.0,,,0.04,20.0,0.05,15.0,0.03,0.03,44.062711,1776223686000
1776223688.266,188.266,0.96,20.0,0.95,15.0,0.99,80.0,,,0.01,80.0,,,0.04,20.0,0.05,15.0,0.03,0.03,44.061116,1776223687000
1776223689.807,189.807,0.96,20.0,0.95,15.0,0.99,80.0,,,0.01,80.0,,,0.04,20.0,0.05,15.0,0.03,0.03,44.058876,1776223688000
1776223690.632,190.632,0.96,20.0,0.95,15.0,0.99,80.0,,,0.01,80.0,,,0.04,20.0,0.05,15.0,0.03,0.03,44.058893,1776223689000
1776223691.344,191.344,0.96,20.0,0.95,15.0,0.99,80.0,,,0.01,80.0,,,0.04,20.0,0.05,15.0,0.03,0.03,44.058743,1776223690000
1776223692.118,192.118,0.96,20.0,0.95,15.0,0.99,80.0,,,0.01,80.0,,,0.04,20.0,0.05,15.0,0.03,0.03,44.058544,1776223691000
1776223693.948,193.948,0.96,20.0,0.95,15.0,0.99,80.0,,,0.01,80.0,,,0.04,20.0,0.05,15.0,0.03,0.03,44.05873,1776223692000
1776223694.487,194.487,0.96,20.0,0.95,15.0,0.99,80.0,,,0.01,80.0,,,0.04,20.0,0.05,15.0,0.03,0.03,44.058755,1776223693000
1776223695.049,195.049,0.96,20.0,0.95,15.0,0.99,80.0,,,0.01,80.0,,,0.04,20.0,0.05,15.0,0.03,0.03,44.061454,1776223694000
1776223696.163,196.163,0.96,20.0,0.95,15.0,0.99,80.0,,,0.01,80.0,,,0.04,20.0,0.05,15.0,0.03,0.03,44.06097,1776223695000
1776223697.195,197.195,0.96,20.0,0.95,15.0,0.99,80.0,,,0.01,80.0,,,0.04,20.0,0.05,15.0,0.03,0.03,44.060895,1776223696000
1776223698.31,198.31,0.96,20.0,0.95,15.0,0.99,80.0,,,0.01,80.0,,,0.04,20.0,0.05,15.0,0.03,0.03,44.06097,1776223697000
1776223699.442,199.442,0.96,20.0,0.95,15.0,0.99,80.0,,,0.01,80.0,,,0.04,20.0,0.05,15.0,0.03,0.03,44.061132,1776223698000
1776223699.889,199.889,0.96,20.0,0.95,15.0,0.99,80.0,,,0.01,80.0,,,0.04,20.0,0.05,15.0,0.03,0.03,44.061244,1776223699000
1776223700.919,200.919,0.96,20.0,0.95,15.0,0.99,80.0,,,0.01,80.0,,,0.04,20.0,0.05,15.0,0.03,0.03,44.061518,1776223700000
1776223702.012,202.012,0.96,20.0,0.95,15.0,0.99,80.0,,,0.01,80.0,,,0.04,20.0,0.05,15.0,0.03,0.03,44.061518,1776223701000
1776223703.067,203.067,0.96,20.0,0.95,15.0,0.99,80.0,,,0.01,80.0,,,0.04,20.0,0.05,15.0,0.03,0.03,44.061855,1776223702000
1776223704.113,204.113,0.96,20.0,0.95,15.0,0.99,80.0,,,0.01,80.0,,,0.04,20.0,0.05,15.0,0.03,0.03,44.061856,1776223703000
1776223705.142,205.142,0.96,20.0,0.95,15.0,0.99,80.0,,,0.01,80.0,,,0.04,20.0,0.05,15.0,0.03,0.03,44.061855,1776223704000
1776223706.238,206.238,0.96,20.0,0.95,15.0,0.99,80.0,,,0.01,80.0,,,0.04,20.0,0.05,15.0,0.03,0.03,44.061855,1776223705000
1776223707.864,207.864,0.96,20.0,0.95,15.0,0.99,80.0,,,0.01,80.0,,,0.04,20.0,0.05,15.0,0.03,0.03,44.061903,1776223706000
1776223708.506,208.506,0.96,20.0,0.95,15.0,0.99,80.0,,,0.01,80.0,,,0.04,20.0,0.05,15.0,0.03,0.03,44.061903,1776223707000
1776223709.182,209.182,0.96,20.0,0.95,15.0,0.99,80.0,,,0.01,80.0,,,0.04,20.0,0.05,15.0,0.03,0.03,44.061902,1776223708000
1776223710.546,210.546,0.96,20.0,0.95,15.0,0.99,80.0,,,0.01,80.0,,,0.04,20.0,0.05,15.0,0.03,0.03,44.061902,1776223709000
1776223711.107,211.107,0.96,20.0,0.95,15.0,0.99,80.0,,,0.01,80.0,,,0.04,20.0,0.05,15.0,0.03,0.03,44.061902,1776223710000
1776223712.344,212.344,0.96,20.0,0.95,15.0,0.99,80.0,,,0.01,80.0,,,0.04,20.0,0.05,15.0,0.03,0.03,44.061579,1776223711000
1776223713.494,213.494,0.96,20.0,0.95,15.0,0.99,80.0,,,0.01,80.0,,,0.04,20.0,0.05,15.0,0.03,0.03,44.061629,1776223712000
1776223714.277,214.277,0.96,20.0,0.95,15.0,0.99,80.0,,,0.01,80.0,,,0.04,20.0,0.05,15.0,0.03,0.03,44.061035,1776223713000
1776223714.885,214.885,0.96,20.0,0.95,15.0,0.99,80.0,,,0.01,80.0,,,0.04,20.0,0.05,15.0,0.03,0.03,44.060986,1776223714000
1776223716.08,216.08,0.96,20.0,0.95,15.0,0.99,80.0,,,0.01,80.0,,,0.04,20.0,0.05,15.0,0.03,0.03,44.060662,1776223715000
1776223717.223,217.223,0.96,20.0,0.95,15.0,0.99,80.0,,,0.01,80.0,,,0.04,20.0,0.05,15.0,0.03,0.03,44.060665,1776223716000
1776223718.371,218.371,0.96,20.0,0.95,15.0,0.99,80.0,,,0.01,80.0,,,0.04,20.0,0.05,15.0,0.03,0.03,44.061102,1776223717000
1776223718.971,218.971,0.96,20.0,0.95,15.0,0.99,80.0,,,0.01,80.0,,,0.04,20.0,0.05,15.0,0.03,0.03,44.061774,1776223718000
1776223720.122,220.122,0.96,20.0,0.95,15.0,0.99,80.0,,,0.01,80.0,,,0.04,20.0,0.05,15.0,0.03,0.03,44.062332,1776223719000
1776223721.277,221.277,0.96,20.0,0.95,15.0,0.99,80.0,,,0.01,80.0,,,0.04,20.0,0.05,15.0,0.03,0.03,44.061598,1776223720000
1776223722.263,222.263,0.98,20.0,0.97,15.0,0.99,60.0,,,0.01,80.0,,,0.04,20.0,0.05,15.0,0.01,0.03,44.061598,1776223720000
1776223722.733,222.733,0.98,20.0,0.97,15.0,0.99,60.0,,,0.01,60.0,,,0.02,20.0,0.03,15.0,0.01,0.01,44.061473,1776223721000
1776223723.228,223.228,0.98,20.0,0.97,15.0,0.99,60.0,,,0.01,60.0,,,0.02,20.0,0.03,15.0,0.01,0.01,44.061473,1776223722000
1776223724.222,224.222,0.98,20.0,0.97,15.0,0.99,60.0,,,0.01,60.0,,,0.02,20.0,0.03,15.0,0.01,0.01,44.061498,1776223723000
1776223725.361,225.361,0.98,20.0,0.97,15.0,0.99,60.0,,,0.01,60.0,,,0.02,20.0,0.03,15.0,0.01,0.01,44.062043,1776223724000
1776223725.895,225.895,0.98,20.0,0.97,15.0,0.99,73.86,,,0.01,73.86,,,0.02,20.0,0.03,15.0,0.01,0.01,44.062043,1776223725000
1776223726.973,226.973,0.98,20.0,0.97,15.0,0.99,73.86,,,0.01,73.86,,,0.02,20.0,0.03,15.0,0.01,0.01,44.06189,1776223726000
1776223728.06,228.06,0.98,20.0,0.97,15.0,0.99,73.86,,,0.01,73.86,,,0.02,20.0,0.03,15.0,0.01,0.01,44.06189,1776223727000
1776223729.152,229.152,0.98,20.0,0.97,15.0,0.99,73.86,,,0.01,73.86,,,0.02,20.0,0.03,15.0,0.01,0.01,44.061865,1776223728000
1776223730.258,230.258,0.98,20.0,0.97,15.0,0.99,73.86,,,0.01,73.86,,,0.02,20.0,0.03,15.0,0.01,0.01,44.061796,1776223729000
1776223731.31,231.31,0.98,20.0,0.97,15.0,0.99,73.86,,,0.01,73.86,,,0.02,20.0,0.03,15.0,0.01,0.01,44.062329,1776223730000
1776223731.898,231.898,0.98,20.0,0.97,15.0,0.99,73.86,,,0.01,73.86,,,0.02,20.0,0.03,15.0,0.01,0.01,44.062329,1776223731000
1776223732.976,232.976,0.98,20.0,0.97,15.0,0.99,73.86,,,0.01,73.86,,,0.02,20.0,0.03,15.0,0.01,0.01,44.062647,1776223732000
1776223734.097,234.097,0.98,20.0,0.97,15.0,0.99,73.86,,,0.01,73.86,,,0.02,20.0,0.03,15.0,0.01,0.01,44.062647,1776223733000
1776223735.202,235.202,0.98,20.0,0.97,15.0,0.99,73.86,,,0.01,73.86,,,0.02,20.0,0.03,15.0,0.01,0.01,44.062514,1776223734000
1776223735.59,235.59,0.98,20.0,0.97,15.0,0.99,48.76,,,0.01,73.86,,,0.02,20.0,0.03,15.0,0.01,0.01,44.062514,1776223734000
1776223736.359,236.359,0.98,20.0,0.97,15.0,0.99,48.76,,,0.01,48.76,,,0.02,20.0,0.03,15.0,0.01,0.01,44.062196,1776223735000
1776223737.352,237.352,0.98,20.0,0.97,15.0,0.99,48.76,,,0.01,48.76,,,0.02,20.0,0.03,15.0,0.01,0.01,44.062196,1776223736000
1776223738.519,238.519,0.98,20.0,0.97,15.0,0.99,48.76,,,0.01,48.76,,,0.02,20.0,0.03,15.0,0.01,0.01,44.062354,1776223737000
1776223739.07,239.07,0.98,20.0,0.97,15.0,0.99,48.76,,,0.01,48.76,,,0.02,20.0,0.03,15.0,0.01,0.01,44.062363,1776223738000
1776223740.872,240.872,0.98,20.0,0.97,15.0,0.99,48.76,,,0.01,48.76,,,0.02,20.0,0.03,15.0,0.01,0.01,44.062417,1776223739000
1776223741.42,241.42,0.98,20.0,0.97,15.0,0.99,48.76,,,0.01,48.76,,,0.02,20.0,0.03,15.0,0.01,0.01,44.062441,1776223740000
1776223742.058,242.058,0.98,20.0,0.97,15.0,0.99,48.76,,,0.01,48.76,,,0.02,20.0,0.03,15.0,0.01,0.01,44.062441,1776223741000
1776223743.156,243.156,0.98,20.0,0.97,15.0,0.99,48.76,,,0.01,48.76,,,0.02,20.0,0.03,15.0,0.01,0.01,44.062442,1776223742000
1776223744.485,244.485,0.98,20.0,0.97,15.0,0.99,48.76,,,0.01,48.76,,,0.02,20.0,0.03,15.0,0.01,0.01,44.06228,1776223743000
1776223745.157,245.157,0.98,20.0,0.97,15.0,0.99,48.76,,,0.01,48.76,,,0.02,20.0,0.03,15.0,0.01,0.01,44.06228,1776223744000
1776223746.792,246.792,0.98,20.0,0.97,15.0,0.99,48.76,,,0.01,48.76,,,0.02,20.0,0.03,15.0,0.01,0.01,44.059698,1776223745000
1776223747.397,247.397,0.98,20.0,0.97,15.0,0.99,48.76,,,0.01,48.76,,,0.02,20.0,0.03,15.0,0.01,0.01,44.055753,1776223746000
1776223748.231,248.231,0.98,20.0,0.97,15.0,0.99,48.76,,,0.01,48.76,,,0.02,20.0,0.03,15.0,0.01,0.01,44.052216,1776223747000
1776223749.869,249.869,0.98,20.0,0.97,15.0,0.99,48.76,,,0.01,48.76,,,0.02,20.0,0.03,15.0,0.01,0.01,44.051982,1776223748000
1776223750.608,250.608,0.98,20.0,0.97,15.0,0.99,48.76,,,0.01,48.76,,,0.02,20.0,0.03,15.0,0.01,0.01,44.051854,1776223749000
1776223751.176,251.176,0.98,20.0,0.97,15.0,0.99,48.76,,,0.01,48.76,,,0.02,20.0,0.03,15.0,0.01,0.01,44.051822,1776223750000
1776223752.31,252.31,0.98,20.0,0.97,15.0,0.99,48.76,,,0.01,48.76,,,0.02,20.0,0.03,15.0,0.01,0.01,44.051503,1776223751000
1776223753.09,253.09,0.98,20.0,0.97,15.0,0.99,48.76,,,0.01,48.76,,,0.02,20.0,0.03,15.0,0.01,0.01,44.051502,1776223752000
1776223754.201,254.201,0.98,20.0,0.97,15.0,0.99,48.76,,,0.01,48.76,,,0.02,20.0,0.03,15.0,0.01,0.01,44.05131,1776223753000
1776223755.89,255.89,0.98,20.0,0.97,15.0,0.99,48.76,,,0.01,48.76,,,0.02,20.0,0.03,15.0,0.01,0.01,44.051137,1776223754000
1776223756.343,256.343,0.98,20.0,0.97,15.0,0.99,48.76,,,0.01,48.76,,,0.02,20.0,0.03,15.0,0.01,0.01,44.051137,1776223755000
1776223756.862,256.862,0.98,20.0,0.97,15.0,0.99,48.76,,,0.01,48.76,,,0.02,20.0,0.03,15.0,0.01,0.01,44.050829,1776223756000
1776223757.89,257.89,0.98,20.0,0.97,15.0,0.99,48.76,,,0.01,48.76,,,0.02,20.0,0.03,15.0,0.01,0.01,44.050616,1776223757000
1776223758.933,258.933,0.98,20.0,0.97,15.0,0.99,48.76,,,0.01,48.76,,,0.02,20.0,0.03,15.0,0.01,0.01,44.050324,1776223758000
1776223759.237,259.237,0.96,20.0,0.95,20.0,0.98,13.97,0.99,63.76,0.01,48.76,,,0.02,20.0,0.03,15.0,0.02,0.01,44.050324,1776223758000
1776223759.883,259.883,0.96,20.0,0.95,20.0,0.98,0.65,0.99,63.76,0.02,0.65,0.01,63.76,0.04,20.0,0.05,20.0,0.02,0.02,44.04379,1776223759000
1776223760.951,260.951,0.96,20.0,0.95,20.0,0.98,0.65,0.99,63.76,0.02,0.65,0.01,63.76,0.04,20.0,0.05,20.0,0.02,0.02,44.034341,1776223760000
1776223761.987,261.987,0.96,20.0,0.95,20.0,0.98,0.65,0.99,63.76,0.02,0.65,0.01,63.76,0.04,20.0,0.05,20.0,0.02,0.02,44.033789,1776223761000
1776223762.991,262.991,0.96,20.0,0.95,20.0,0.98,0.65,0.99,63.76,0.02,0.65,0.01,63.76,0.04,20.0,0.05,20.0,0.02,0.02,44.033976,1776223762000
1776223763.23,263.23,0.98,15.0,0.97,15.0,0.99,40.25,,,0.02,0.65,0.01,63.76,0.04,20.0,0.05,20.0,0.01,0.02,44.033976,1776223762000
1776223764.0,264.0,0.98,10.01,0.97,15.0,0.99,40.25,,,0.01,40.25,,,0.02,10.01,0.03,15.0,0.01,0.01,44.033949,1776223763000
1776223764.936,264.936,0.98,10.01,0.97,15.0,0.99,40.25,,,0.01,40.25,,,0.02,10.01,0.03,15.0,0.01,0.01,44.039649,1776223764000
1776223766.0,266.0,0.98,10.01,0.97,15.0,0.99,40.25,,,0.01,40.25,,,0.02,10.01,0.03,15.0,0.01,0.01,44.04055,1776223765000
1776223767.02,267.02,0.98,10.01,0.97,15.0,0.99,40.25,,,0.01,40.25,,,0.02,10.01,0.03,15.0,0.01,0.01,44.040762,1776223766000
1776223767.963,267.963,0.98,10.01,0.97,15.0,0.99,40.25,,,0.01,40.25,,,0.02,10.01,0.03,15.0,0.01,0.01,44.040825,1776223767000
1776223769.015,269.015,0.98,10.01,0.97,15.0,0.99,40.25,,,0.01,40.25,,,0.02,10.01,0.03,15.0,0.01,0.01,44.040947,1776223768000
1776223769.975,269.975,0.98,10.01,0.97,15.0,0.99,40.25,,,0.01,40.25,,,0.02,10.01,0.03,15.0,0.01,0.01,44.040947,1776223769000
1776223770.959,270.959,0.98,10.01,0.97,15.0,0.99,40.25,,,0.01,40.25,,,0.02,10.01,0.03,15.0,0.01,0.01,44.041291,1776223770000
1776223772.164,272.164,0.98,10.01,0.97,15.0,0.99,40.25,,,0.01,40.25,,,0.02,10.01,0.03,15.0,0.01,0.01,44.040256,1776223771000
1776223773.253,273.253,0.98,10.01,0.97,15.0,0.99,35.21,,,0.01,35.21,,,0.02,10.01,0.03,15.0,0.01,0.01,44.040119,1776223772000
1776223774.29,274.29,0.98,10.01,0.97,15.0,0.99,35.21,,,0.01,35.21,,,0.02,10.01,0.03,15.0,0.01,0.01,44.038209,1776223773000
1776223774.916,274.916,0.98,10.01,0.97,15.0,0.99,34.19,,,0.01,34.19,,,0.02,10.01,0.03,15.0,0.01,0.01,44.037891,1776223774000
1776223775.953,275.953,0.98,10.01,0.97,15.0,0.99,34.19,,,0.01,34.19,,,0.02,10.01,0.03,15.0,0.01,0.01,44.033775,1776223775000
1776223776.945,276.945,0.98,10.01,0.97,15.0,0.99,34.19,,,0.01,34.19,,,0.02,10.01,0.03,15.0,0.01,0.01,44.031971,1776223776000
1776223778.04,278.04,0.96,5.0,0.95,5.0,0.99,25.68,,,0.01,34.19,,,0.02,10.01,0.03,15.0,0.03,0.01,44.031971,1776223776000
1776223778.975,278.975,0.96,5.0,0.95,5.0,0.99,25.68,,,0.01,25.68,,,0.04,5.0,0.05,5.0,0.03,0.03,44.030579,1776223778000
1776223779.271,279.271,0.96,5.0,0.95,5.0,0.99,19.68,,,0.01,25.68,,,0.04,5.0,0.05,5.0,0.03,0.03,44.030579,1776223778000
1776223780.067,280.067,0.96,5.0,0.95,5.0,0.99,14.68,,,0.01,14.68,,,0.04,5.0,0.05,5.0,0.03,0.03,44.030577,1776223779000
1776223781.117,281.117,0.96,5.0,0.95,5.0,0.99,14.68,,,0.01,14.68,,,0.04,5.0,0.05,5.0,0.03,0.03,44.031527,1776223780000
1776223782.722,282.722,0.96,5.0,0.95,5.0,0.99,14.68,,,0.01,14.68,,,0.04,5.0,0.05,5.0,0.03,0.03,44.031805,1776223781000
1776223783.997,283.997,0.96,5.0,0.95,5.0,0.99,14.68,,,0.01,14.68,,,0.04,5.0,0.05,5.0,0.03,0.03,44.031645,1776223782000
1776223784.278,284.278,0.96,5.0,0.95,5.0,0.99,4.57,,,0.01,14.68,,,0.04,5.0,0.05,5.0,0.03,0.03,44.031645,1776223782000
1776223784.658,284.658,0.96,5.0,0.95,5.0,0.99,4.57,,,0.01,4.57,,,0.04,5.0,0.05,5.0,0.03,0.03,44.031963,1776223783000
1776223785.445,285.445,0.96,5.0,0.95,5.0,,,,,0.01,4.57,,,0.04,5.0,0.05,5.0,,0.03,44.031963,1776223783000
1776223786.284,286.284,0.96,5.0,0.95,5.0,,,,,,,,,0.04,5.0,0.05,5.0,,,44.031646,1776223785000
1776223786.991,286.991,0.96,5.0,0.95,5.0,,,,,,,,,0.04,5.0,0.05,5.0,,,44.031645,1776223786000
1776223788.401,288.401,0.96,5.0,0.95,5.0,,,,,,,,,0.04,5.0,0.05,5.0,,,44.031468,1776223787000
1776223789.05,289.05,0.96,5.0,0.95,5.0,,,,,,,,,0.04,5.0,0.05,5.0,,,44.03067,1776223788000
1776223790.601,290.601,0.96,5.0,0.95,5.0,,,,,,,,,0.04,5.0,0.05,5.0,,,44.030274,1776223789000
1776223791.368,291.368,0.96,5.0,0.95,5.0,,,,,,,,,0.04,5.0,0.05,5.0,,,44.030614,1776223790000
1776223792.159,292.159,0.96,5.0,0.95,5.0,,,,,,,,,0.04,5.0,0.05,5.0,,,44.031817,1776223791000
1776223793.578,293.578,0.96,5.0,0.95,5.0,,,,,,,,,0.04,5.0,0.05,5.0,,,44.030941,1776223792000
1776223794.333,294.333,0.96,5.0,0.95,5.0,,,,,,,,,0.04,5.0,0.05,5.0,,,44.03063,1776223793000
1776223794.915,294.915,0.99,1005.0,0.96,5.0,,,,,,,,,0.04,5.0,0.05,5.0,,,44.03063,1776223793000
1776223796.55,296.55,0.99,1005.0,0.96,5.0,,,,,,,,,0.01,1005.0,0.04,5.0,,,44.03224,1776223795000
1776223797.334,297.334,0.99,1005.0,0.96,5.0,,,,,,,,,0.01,1005.0,0.04,5.0,,,44.03214,1776223796000
1776223798.111,298.111,0.99,1005.0,0.96,5.0,,,,,,,,,0.01,1005.0,0.04,5.0,,,44.032358,1776223797000
1776223799.706,299.706,0.99,1005.0,0.96,5.0,,,,,,,,,0.01,1005.0,0.04,5.0,,,44.032413,1776223798000
1776223800.339,300.339,0.99,1371.4,0.96,5.0,,,,,,,,,0.01,1371.4,0.04,5.0,,,44.032567,1776223799000
1776223801.046,301.046,0.99,1371.4,0.96,5.0,,,,,,,,,0.01,1371.4,0.04,5.0,,,44.032567,1776223800000
1776223802.235,302.235,0.99,1371.4,0.96,5.0,,,,,,,,,0.01,1371.4,0.04,5.0,,,44.03209,1776223801000
1776223802.906,302.906,0.99,1371.4,0.96,5.0,,,,,,,,,0.01,1371.4,0.04,5.0,,,44.031541,1776223802000

# RESULT,winner=Up,slug=hype-updown-5m-1776223500,ticks=316
