timestamp,elapsed_sec,up_bid_p1,up_bid_s1,up_bid_p2,up_bid_s2,up_bid_p3,up_bid_s3,up_bid_p4,up_bid_s4,up_bid_p5,up_bid_s5,up_ask_p1,up_ask_s1,up_ask_p2,up_ask_s2,up_ask_p3,up_ask_s3,up_ask_p4,up_ask_s4,up_ask_p5,up_ask_s5,down_bid_p1,down_bid_s1,down_bid_p2,down_bid_s2,down_bid_p3,down_bid_s3,down_bid_p4,down_bid_s4,down_bid_p5,down_bid_s5,down_ask_p1,down_ask_s1,down_ask_p2,down_ask_s2,down_ask_p3,down_ask_s3,down_ask_p4,down_ask_s4,down_ask_p5,down_ask_s5,up_spread,down_spread,hype_price,hype_oracle_ts
1776169801.153,1.153,0.41,13.0,0.4,8.0,0.39,8.0,0.38,8.0,0.37,9.0,0.59,13.0,0.6,8.0,0.61,8.0,0.62,8.0,0.63,9.0,0.41,13.0,0.4,8.0,0.39,8.0,0.38,8.0,0.37,9.0,0.59,13.0,0.6,8.0,0.61,8.0,0.62,8.0,0.63,9.0,0.18,0.18,44.918377,1776169800000
1776169802.256,2.256,0.41,13.0,0.4,8.0,0.39,8.0,0.38,8.0,0.37,9.0,0.59,13.0,0.6,8.0,0.61,8.0,0.62,8.0,0.63,9.0,0.41,13.0,0.4,8.0,0.39,8.0,0.38,8.0,0.37,9.0,0.59,13.0,0.6,8.0,0.61,8.0,0.62,8.0,0.63,9.0,0.18,0.18,44.925162,1776169801000
1776169803.258,3.258,0.41,13.0,0.4,8.0,0.39,8.0,0.38,8.0,0.37,9.0,0.59,13.0,0.6,8.0,0.61,8.0,0.62,8.0,0.63,9.0,0.41,13.0,0.4,8.0,0.39,8.0,0.38,8.0,0.37,9.0,0.59,13.0,0.6,8.0,0.61,8.0,0.62,8.0,0.63,9.0,0.18,0.18,44.924269,1776169802000
1776169804.323,4.323,0.41,13.0,0.4,8.0,0.39,8.0,0.38,8.0,0.37,9.0,0.59,13.0,0.6,8.0,0.61,8.0,0.62,8.0,0.63,9.0,0.41,13.0,0.4,8.0,0.39,8.0,0.38,8.0,0.37,9.0,0.59,13.0,0.6,8.0,0.61,8.0,0.62,8.0,0.63,9.0,0.18,0.18,44.927623,1776169803000
1776169805.503,5.503,0.41,13.0,0.4,8.0,0.39,8.0,0.38,8.0,0.37,9.0,0.59,13.0,0.6,8.0,0.61,8.0,0.62,8.0,0.63,9.0,0.41,13.0,0.4,8.0,0.39,8.0,0.38,8.0,0.37,9.0,0.59,13.0,0.6,8.0,0.61,8.0,0.62,8.0,0.63,9.0,0.18,0.18,44.936977,1776169804000
1776169806.238,6.238,0.41,13.0,0.4,8.0,0.39,8.0,0.38,8.0,0.37,9.0,0.59,13.0,0.6,8.0,0.61,8.0,0.62,8.0,0.63,9.0,0.41,13.0,0.4,8.0,0.39,8.0,0.38,8.0,0.37,9.0,0.59,13.0,0.6,8.0,0.61,8.0,0.62,8.0,0.63,9.0,0.18,0.18,44.958211,1776169805000
1776169807.272,7.272,0.41,13.0,0.4,8.0,0.39,8.0,0.38,8.0,0.37,9.0,0.59,13.0,0.6,8.0,0.61,8.0,0.62,8.0,0.63,9.0,0.41,13.0,0.4,8.0,0.39,8.0,0.38,8.0,0.37,9.0,0.59,13.0,0.6,8.0,0.61,8.0,0.62,8.0,0.63,9.0,0.18,0.18,44.958605,1776169806000
1776169808.391,8.391,0.41,13.0,0.4,8.0,0.39,8.0,0.38,8.0,0.37,9.0,0.59,13.0,0.6,8.0,0.61,8.0,0.62,8.0,0.63,9.0,0.41,13.0,0.4,8.0,0.39,8.0,0.38,8.0,0.37,9.0,0.59,13.0,0.6,8.0,0.61,8.0,0.62,8.0,0.63,9.0,0.18,0.18,44.950298,1776169807000
1776169809.364,9.364,0.41,13.0,0.4,8.0,0.39,8.0,0.38,8.0,0.37,9.0,0.59,13.0,0.6,8.0,0.61,8.0,0.62,8.0,0.63,9.0,0.41,13.0,0.4,8.0,0.39,8.0,0.38,8.0,0.37,9.0,0.59,13.0,0.6,8.0,0.61,8.0,0.62,8.0,0.63,9.0,0.18,0.18,44.947252,1776169808000
1776169810.947,10.947,0.41,13.0,0.4,8.0,0.39,8.0,0.38,8.0,0.37,9.0,0.59,13.0,0.6,8.0,0.61,8.0,0.62,8.0,0.63,9.0,0.41,13.0,0.4,8.0,0.39,8.0,0.38,8.0,0.37,9.0,0.59,13.0,0.6,8.0,0.61,8.0,0.62,8.0,0.63,9.0,0.18,0.18,44.958122,1776169809000
1776169811.632,11.632,0.41,13.0,0.4,8.0,0.39,8.0,0.38,8.0,0.37,9.0,0.59,13.0,0.6,8.0,0.61,8.0,0.62,8.0,0.63,9.0,0.41,13.0,0.4,8.0,0.39,8.0,0.38,8.0,0.37,9.0,0.59,13.0,0.6,8.0,0.61,8.0,0.62,8.0,0.63,9.0,0.18,0.18,44.956619,1776169810000
1776169812.221,12.221,0.41,13.0,0.4,8.0,0.39,8.0,0.38,8.0,0.37,9.0,0.59,13.0,0.6,8.0,0.61,8.0,0.62,8.0,0.63,9.0,0.41,13.0,0.4,8.0,0.39,8.0,0.38,8.0,0.37,9.0,0.59,13.0,0.6,8.0,0.61,8.0,0.62,8.0,0.63,9.0,0.18,0.18,44.956619,1776169811000
1776169813.27,13.27,0.41,13.0,0.4,8.0,0.39,8.0,0.38,8.0,0.37,9.0,0.59,13.0,0.6,8.0,0.61,8.0,0.62,8.0,0.63,9.0,0.41,13.0,0.4,8.0,0.39,8.0,0.38,8.0,0.37,9.0,0.59,13.0,0.6,8.0,0.61,8.0,0.62,8.0,0.63,9.0,0.18,0.18,44.959788,1776169812000
1776169814.385,14.385,0.41,13.0,0.4,8.0,0.39,8.0,0.38,8.0,0.37,9.0,0.59,13.0,0.6,8.0,0.61,8.0,0.62,8.0,0.63,9.0,0.41,13.0,0.4,8.0,0.39,8.0,0.38,8.0,0.37,9.0,0.59,13.0,0.6,8.0,0.61,8.0,0.62,8.0,0.63,9.0,0.18,0.18,44.946007,1776169813000
1776169815.082,15.082,0.41,13.0,0.4,8.0,0.39,8.0,0.38,8.0,0.37,9.0,0.59,13.0,0.6,8.0,0.61,8.0,0.62,8.0,0.63,9.0,0.41,13.0,0.4,8.0,0.39,8.0,0.38,8.0,0.37,9.0,0.59,13.0,0.6,8.0,0.61,8.0,0.62,8.0,0.63,9.0,0.18,0.18,44.938648,1776169814000
1776169816.411,16.411,0.41,13.0,0.4,8.0,0.39,8.0,0.38,8.0,0.37,9.0,0.59,13.0,0.6,8.0,0.61,8.0,0.62,8.0,0.63,9.0,0.41,13.0,0.4,8.0,0.39,8.0,0.38,8.0,0.37,9.0,0.59,13.0,0.6,8.0,0.61,8.0,0.62,8.0,0.63,9.0,0.18,0.18,44.929585,1776169815000
1776169817.103,17.103,0.41,13.0,0.4,8.0,0.39,8.0,0.38,8.0,0.37,9.0,0.59,13.0,0.6,8.0,0.61,8.0,0.62,8.0,0.63,9.0,0.41,13.0,0.4,8.0,0.39,8.0,0.38,8.0,0.37,9.0,0.59,13.0,0.6,8.0,0.61,8.0,0.62,8.0,0.63,9.0,0.18,0.18,44.930118,1776169816000
1776169818.385,18.385,0.41,13.0,0.4,8.0,0.39,8.0,0.38,8.0,0.37,9.0,0.59,13.0,0.6,8.0,0.61,8.0,0.62,8.0,0.63,9.0,0.41,13.0,0.4,8.0,0.39,8.0,0.38,8.0,0.37,9.0,0.59,13.0,0.6,8.0,0.61,8.0,0.62,8.0,0.63,9.0,0.18,0.18,44.920565,1776169817000
1776169819.128,19.128,0.41,13.0,0.4,8.0,0.39,8.0,0.38,8.0,0.37,9.0,0.59,13.0,0.6,8.0,0.61,8.0,0.62,8.0,0.63,9.0,0.41,13.0,0.4,8.0,0.39,8.0,0.38,8.0,0.37,9.0,0.59,13.0,0.6,8.0,0.61,8.0,0.62,8.0,0.63,9.0,0.18,0.18,44.916772,1776169818000
1776169820.294,20.294,0.41,13.0,0.4,8.0,0.39,8.0,0.38,8.0,0.37,9.0,0.59,13.0,0.6,8.0,0.61,8.0,0.62,8.0,0.63,9.0,0.41,13.0,0.4,8.0,0.39,8.0,0.38,8.0,0.37,9.0,0.59,13.0,0.6,8.0,0.61,8.0,0.62,8.0,0.63,9.0,0.18,0.18,44.912333,1776169819000
1776169821.612,21.612,0.41,13.0,0.4,8.0,0.39,8.0,0.38,8.0,0.37,9.0,0.59,13.0,0.6,8.0,0.61,8.0,0.62,8.0,0.63,9.0,0.41,13.0,0.4,8.0,0.39,8.0,0.38,8.0,0.37,9.0,0.59,13.0,0.6,8.0,0.61,8.0,0.62,8.0,0.63,9.0,0.18,0.18,44.913843,1776169820000
1776169822.14,22.14,0.41,13.0,0.4,8.0,0.39,8.0,0.38,8.0,0.37,9.0,0.59,13.0,0.6,8.0,0.61,8.0,0.62,8.0,0.63,9.0,0.41,13.0,0.4,8.0,0.39,8.0,0.38,8.0,0.37,9.0,0.59,13.0,0.6,8.0,0.61,8.0,0.62,8.0,0.63,9.0,0.18,0.18,44.914473,1776169821000
1776169823.411,23.411,0.41,13.0,0.4,8.0,0.39,8.0,0.38,8.0,0.37,9.0,0.59,13.0,0.6,8.0,0.61,8.0,0.62,8.0,0.63,9.0,0.41,13.0,0.4,8.0,0.39,8.0,0.38,8.0,0.37,9.0,0.59,13.0,0.6,8.0,0.61,8.0,0.62,8.0,0.63,9.0,0.18,0.18,44.917698,1776169822000
1776169824.061,24.061,0.41,13.0,0.4,8.0,0.39,8.0,0.38,8.0,0.37,9.0,0.59,13.0,0.6,8.0,0.61,8.0,0.62,8.0,0.63,9.0,0.41,13.0,0.4,8.0,0.39,8.0,0.38,8.0,0.37,9.0,0.59,13.0,0.6,8.0,0.61,8.0,0.62,8.0,0.63,9.0,0.18,0.18,44.917245,1776169823000
1776169825.261,25.261,0.41,13.0,0.4,8.0,0.39,8.0,0.38,8.0,0.37,9.0,0.59,13.0,0.6,8.0,0.61,8.0,0.62,8.0,0.63,9.0,0.41,13.0,0.4,8.0,0.39,8.0,0.38,8.0,0.37,9.0,0.59,13.0,0.6,8.0,0.61,8.0,0.62,8.0,0.63,9.0,0.18,0.18,44.917798,1776169824000
1776169827.075,27.075,0.41,13.0,0.4,8.0,0.39,8.0,0.38,8.0,0.37,9.0,0.59,13.0,0.6,8.0,0.61,8.0,0.62,8.0,0.63,9.0,0.41,13.0,0.4,8.0,0.39,8.0,0.38,8.0,0.37,9.0,0.59,13.0,0.6,8.0,0.61,8.0,0.62,8.0,0.63,9.0,0.18,0.18,44.9213,1776169826000
1776169828.179,28.179,0.41,13.0,0.4,8.0,0.39,8.0,0.38,8.0,0.37,9.0,0.59,13.0,0.6,8.0,0.61,8.0,0.62,8.0,0.63,9.0,0.41,13.0,0.4,8.0,0.39,8.0,0.38,8.0,0.37,9.0,0.59,13.0,0.6,8.0,0.61,8.0,0.62,8.0,0.63,9.0,0.18,0.18,44.923754,1776169827000
1776169829.251,29.251,0.41,13.0,0.4,8.0,0.39,8.0,0.38,8.0,0.37,9.0,0.59,13.0,0.6,8.0,0.61,8.0,0.62,8.0,0.63,9.0,0.41,13.0,0.4,8.0,0.39,8.0,0.38,8.0,0.37,9.0,0.59,13.0,0.6,8.0,0.61,8.0,0.62,8.0,0.63,9.0,0.18,0.18,44.928675,1776169828000
1776169830.975,30.975,0.41,13.0,0.4,8.0,0.39,8.0,0.38,8.0,0.37,9.0,0.59,13.0,0.6,8.0,0.61,8.0,0.62,8.0,0.63,9.0,0.41,13.0,0.4,8.0,0.39,8.0,0.38,8.0,0.37,9.0,0.59,13.0,0.6,8.0,0.61,8.0,0.62,8.0,0.63,9.0,0.18,0.18,44.934018,1776169829000
1776169831.533,31.533,0.41,13.0,0.4,8.0,0.39,8.0,0.38,8.0,0.37,9.0,0.59,13.0,0.6,8.0,0.61,8.0,0.62,8.0,0.63,9.0,0.41,13.0,0.4,8.0,0.39,8.0,0.38,8.0,0.37,9.0,0.59,13.0,0.6,8.0,0.61,8.0,0.62,8.0,0.63,9.0,0.18,0.18,44.937512,1776169830000
1776169831.983,31.983,0.41,13.0,0.4,8.0,0.39,8.0,0.38,8.0,0.37,9.0,0.59,13.0,0.6,8.0,0.61,8.0,0.62,8.0,0.63,9.0,0.41,13.0,0.4,8.0,0.39,8.0,0.38,8.0,0.37,9.0,0.59,13.0,0.6,8.0,0.61,8.0,0.62,8.0,0.63,9.0,0.18,0.18,44.938784,1776169831000
1776169833.145,33.145,0.41,13.0,0.4,8.0,0.39,8.0,0.38,8.0,0.37,9.0,0.59,13.0,0.6,8.0,0.61,8.0,0.62,8.0,0.63,9.0,0.41,13.0,0.4,8.0,0.39,8.0,0.38,8.0,0.37,9.0,0.59,13.0,0.6,8.0,0.61,8.0,0.62,8.0,0.63,9.0,0.18,0.18,44.940205,1776169832000
1776169834.156,34.156,0.41,13.0,0.4,8.0,0.39,8.0,0.38,8.0,0.37,9.0,0.59,13.0,0.6,8.0,0.61,8.0,0.62,8.0,0.63,9.0,0.41,13.0,0.4,8.0,0.39,8.0,0.38,8.0,0.37,9.0,0.59,13.0,0.6,8.0,0.61,8.0,0.62,8.0,0.63,9.0,0.18,0.18,44.940498,1776169833000
1776169835.226,35.226,0.41,13.0,0.4,8.0,0.39,8.0,0.38,8.0,0.37,9.0,0.59,13.0,0.6,8.0,0.61,8.0,0.62,8.0,0.63,9.0,0.41,13.0,0.4,8.0,0.39,8.0,0.38,8.0,0.37,9.0,0.59,13.0,0.6,8.0,0.61,8.0,0.62,8.0,0.63,9.0,0.18,0.18,44.940693,1776169834000
1776169836.182,36.182,0.41,13.0,0.4,8.0,0.39,8.0,0.38,8.0,0.37,9.0,0.59,13.0,0.6,8.0,0.61,8.0,0.62,8.0,0.63,9.0,0.41,13.0,0.4,8.0,0.39,8.0,0.38,8.0,0.37,9.0,0.59,13.0,0.6,8.0,0.61,8.0,0.62,8.0,0.63,9.0,0.18,0.18,44.940702,1776169835000
1776169837.354,37.354,0.41,13.0,0.4,8.0,0.39,8.0,0.38,8.0,0.37,9.0,0.59,13.0,0.6,8.0,0.61,8.0,0.62,8.0,0.63,9.0,0.41,13.0,0.4,8.0,0.39,8.0,0.38,8.0,0.37,9.0,0.59,13.0,0.6,8.0,0.61,8.0,0.62,8.0,0.63,9.0,0.18,0.18,44.939383,1776169836000
1776169837.951,37.951,0.41,13.0,0.4,8.0,0.39,8.0,0.38,8.0,0.37,9.0,0.59,13.0,0.6,8.0,0.61,8.0,0.62,8.0,0.63,9.0,0.41,13.0,0.4,8.0,0.39,8.0,0.38,8.0,0.37,9.0,0.59,13.0,0.6,8.0,0.61,8.0,0.62,8.0,0.63,9.0,0.18,0.18,44.939208,1776169837000
1776169839.262,39.262,0.41,13.0,0.4,8.0,0.39,8.0,0.38,8.0,0.37,9.0,0.59,13.0,0.6,8.0,0.61,8.0,0.62,8.0,0.63,9.0,0.41,13.0,0.4,8.0,0.39,8.0,0.38,8.0,0.37,9.0,0.59,13.0,0.6,8.0,0.61,8.0,0.62,8.0,0.63,9.0,0.18,0.18,44.939484,1776169838000
1776169840.336,40.336,0.41,13.0,0.4,8.0,0.39,8.0,0.38,8.0,0.37,9.0,0.59,13.0,0.6,8.0,0.61,8.0,0.62,8.0,0.63,9.0,0.41,13.0,0.4,8.0,0.39,8.0,0.38,8.0,0.37,9.0,0.59,13.0,0.6,8.0,0.61,8.0,0.62,8.0,0.63,9.0,0.18,0.18,44.933988,1776169839000
1776169840.992,40.992,0.41,13.0,0.4,8.0,0.39,8.0,0.38,8.0,0.37,9.0,0.59,13.0,0.6,8.0,0.61,8.0,0.62,8.0,0.63,9.0,0.41,13.0,0.4,8.0,0.39,8.0,0.38,8.0,0.37,9.0,0.59,13.0,0.6,8.0,0.61,8.0,0.62,8.0,0.63,9.0,0.18,0.18,44.932543,1776169840000
1776169842.428,42.428,0.41,13.0,0.4,8.0,0.39,8.0,0.38,8.0,0.37,9.0,0.59,13.0,0.6,8.0,0.61,8.0,0.62,8.0,0.63,9.0,0.41,13.0,0.4,8.0,0.39,8.0,0.38,8.0,0.37,9.0,0.59,13.0,0.6,8.0,0.61,8.0,0.62,8.0,0.63,9.0,0.18,0.18,44.938236,1776169841000
1776169842.879,42.879,0.41,13.0,0.4,8.0,0.39,8.0,0.38,8.0,0.37,9.0,0.59,13.0,0.6,8.0,0.61,8.0,0.62,8.0,0.63,9.0,0.41,13.0,0.4,8.0,0.39,8.0,0.38,8.0,0.37,9.0,0.59,13.0,0.6,8.0,0.61,8.0,0.62,8.0,0.63,9.0,0.18,0.18,44.940702,1776169842000
1776169843.964,43.964,0.41,13.0,0.4,8.0,0.39,8.0,0.38,8.0,0.37,9.0,0.59,13.0,0.6,8.0,0.61,8.0,0.62,8.0,0.63,9.0,0.41,13.0,0.4,8.0,0.39,8.0,0.38,8.0,0.37,9.0,0.59,13.0,0.6,8.0,0.61,8.0,0.62,8.0,0.63,9.0,0.18,0.18,44.9427,1776169843000
1776169844.994,44.994,0.41,13.0,0.4,8.0,0.39,8.0,0.38,8.0,0.37,9.0,0.59,13.0,0.6,8.0,0.61,8.0,0.62,8.0,0.63,9.0,0.41,13.0,0.4,8.0,0.39,8.0,0.38,8.0,0.37,9.0,0.59,13.0,0.6,8.0,0.61,8.0,0.62,8.0,0.63,9.0,0.18,0.18,44.942594,1776169844000
1776169845.996,45.996,0.41,13.0,0.4,8.0,0.39,8.0,0.38,8.0,0.37,9.0,0.59,13.0,0.6,8.0,0.61,8.0,0.62,8.0,0.63,9.0,0.41,13.0,0.4,8.0,0.39,8.0,0.38,8.0,0.37,9.0,0.59,13.0,0.6,8.0,0.61,8.0,0.62,8.0,0.63,9.0,0.18,0.18,44.945979,1776169845000
1776169846.989,46.989,0.41,13.0,0.4,8.0,0.39,8.0,0.38,8.0,0.37,9.0,0.59,13.0,0.6,8.0,0.61,8.0,0.62,8.0,0.63,9.0,0.41,13.0,0.4,8.0,0.39,8.0,0.38,8.0,0.37,9.0,0.59,13.0,0.6,8.0,0.61,8.0,0.62,8.0,0.63,9.0,0.18,0.18,44.945959,1776169846000
1776169847.938,47.938,0.41,13.0,0.4,8.0,0.39,8.0,0.38,8.0,0.37,9.0,0.59,13.0,0.6,8.0,0.61,8.0,0.62,8.0,0.63,9.0,0.41,13.0,0.4,8.0,0.39,8.0,0.38,8.0,0.37,9.0,0.59,13.0,0.6,8.0,0.61,8.0,0.62,8.0,0.63,9.0,0.18,0.18,44.944617,1776169847000
1776169849.009,49.009,0.41,13.0,0.4,8.0,0.39,8.0,0.38,8.0,0.37,9.0,0.59,13.0,0.6,8.0,0.61,8.0,0.62,8.0,0.63,9.0,0.41,13.0,0.4,8.0,0.39,8.0,0.38,8.0,0.37,9.0,0.59,13.0,0.6,8.0,0.61,8.0,0.62,8.0,0.63,9.0,0.18,0.18,44.94565,1776169848000
1776169849.84,49.84,0.41,13.0,0.4,8.0,0.39,8.0,0.38,8.0,0.37,9.0,0.59,13.0,0.6,8.0,0.61,8.0,0.62,8.0,0.63,9.0,0.41,13.0,0.4,8.0,0.39,8.0,0.38,8.0,0.37,9.0,0.59,13.0,0.6,8.0,0.61,8.0,0.62,8.0,0.63,9.0,0.18,0.18,44.942815,1776169849000
1776169851.267,51.267,0.41,13.0,0.4,8.0,0.39,8.0,0.38,8.0,0.37,9.0,0.59,13.0,0.6,8.0,0.61,8.0,0.62,8.0,0.63,9.0,0.41,13.0,0.4,8.0,0.39,8.0,0.38,8.0,0.37,9.0,0.59,13.0,0.6,8.0,0.61,8.0,0.62,8.0,0.63,9.0,0.18,0.18,44.943077,1776169850000
1776169852.209,52.209,0.41,13.0,0.4,8.0,0.39,8.0,0.38,8.0,0.37,9.0,0.59,13.0,0.6,8.0,0.61,8.0,0.62,8.0,0.63,9.0,0.41,13.0,0.4,8.0,0.39,8.0,0.38,8.0,0.37,9.0,0.59,13.0,0.6,8.0,0.61,8.0,0.62,8.0,0.63,9.0,0.18,0.18,44.944617,1776169851000
1776169853.23,53.23,0.41,13.0,0.4,8.0,0.39,8.0,0.38,8.0,0.37,9.0,0.59,13.0,0.6,8.0,0.61,8.0,0.62,8.0,0.63,9.0,0.41,13.0,0.4,8.0,0.39,8.0,0.38,8.0,0.37,9.0,0.59,13.0,0.6,8.0,0.61,8.0,0.62,8.0,0.63,9.0,0.18,0.18,44.944464,1776169852000
1776169854.192,54.192,0.41,13.0,0.4,8.0,0.39,8.0,0.38,8.0,0.37,9.0,0.59,13.0,0.6,8.0,0.61,8.0,0.62,8.0,0.63,9.0,0.41,13.0,0.4,8.0,0.39,8.0,0.38,8.0,0.37,9.0,0.59,13.0,0.6,8.0,0.61,8.0,0.62,8.0,0.63,9.0,0.18,0.18,44.944528,1776169853000
1776169855.19,55.19,0.41,13.0,0.4,8.0,0.39,8.0,0.38,8.0,0.37,9.0,0.59,13.0,0.6,8.0,0.61,8.0,0.62,8.0,0.63,9.0,0.41,13.0,0.4,8.0,0.39,8.0,0.38,8.0,0.37,9.0,0.59,13.0,0.6,8.0,0.61,8.0,0.62,8.0,0.63,9.0,0.18,0.18,44.949752,1776169854000
1776169856.25,56.25,0.41,13.0,0.4,8.0,0.39,8.0,0.38,8.0,0.37,9.0,0.59,13.0,0.6,8.0,0.61,8.0,0.62,8.0,0.63,9.0,0.41,13.0,0.4,8.0,0.39,8.0,0.38,8.0,0.37,9.0,0.59,13.0,0.6,8.0,0.61,8.0,0.62,8.0,0.63,9.0,0.18,0.18,44.950654,1776169855000
1776169857.454,57.454,0.41,13.0,0.4,8.0,0.39,8.0,0.38,8.0,0.37,9.0,0.59,13.0,0.6,8.0,0.61,8.0,0.62,8.0,0.63,9.0,0.41,13.0,0.4,8.0,0.39,8.0,0.38,8.0,0.37,9.0,0.59,13.0,0.6,8.0,0.61,8.0,0.62,8.0,0.63,9.0,0.18,0.18,44.95607,1776169856000
1776169858.342,58.342,0.41,13.0,0.4,8.0,0.39,8.0,0.38,8.0,0.37,9.0,0.59,13.0,0.6,8.0,0.61,8.0,0.62,8.0,0.63,9.0,0.41,13.0,0.4,8.0,0.39,8.0,0.38,8.0,0.37,9.0,0.59,13.0,0.6,8.0,0.61,8.0,0.62,8.0,0.63,9.0,0.18,0.18,44.953643,1776169857000
1776169859.265,59.265,0.41,13.0,0.4,8.0,0.39,8.0,0.38,8.0,0.37,9.0,0.59,13.0,0.6,8.0,0.61,8.0,0.62,8.0,0.63,9.0,0.41,13.0,0.4,8.0,0.39,8.0,0.38,8.0,0.37,9.0,0.59,13.0,0.6,8.0,0.61,8.0,0.62,8.0,0.63,9.0,0.18,0.18,44.953061,1776169858000
1776169860.216,60.216,0.41,13.0,0.4,8.0,0.39,8.0,0.38,8.0,0.37,9.0,0.59,13.0,0.6,8.0,0.61,8.0,0.62,8.0,0.63,9.0,0.41,13.0,0.4,8.0,0.39,8.0,0.38,8.0,0.37,9.0,0.59,13.0,0.6,8.0,0.61,8.0,0.62,8.0,0.63,9.0,0.18,0.18,44.951821,1776169859000
1776169861.363,61.363,0.41,13.0,0.4,8.0,0.39,8.0,0.38,8.0,0.37,9.0,0.59,13.0,0.6,8.0,0.61,8.0,0.62,8.0,0.63,9.0,0.41,13.0,0.4,8.0,0.39,8.0,0.38,8.0,0.37,9.0,0.59,13.0,0.6,8.0,0.61,8.0,0.62,8.0,0.63,9.0,0.18,0.18,44.951454,1776169860000
1776169862.253,62.253,0.41,13.0,0.4,8.0,0.39,8.0,0.38,8.0,0.37,9.0,0.59,13.0,0.6,8.0,0.61,8.0,0.62,8.0,0.63,9.0,0.41,13.0,0.4,8.0,0.39,8.0,0.38,8.0,0.37,9.0,0.59,13.0,0.6,8.0,0.61,8.0,0.62,8.0,0.63,9.0,0.18,0.18,44.947497,1776169861000
1776169863.379,63.379,0.41,13.0,0.4,8.0,0.39,8.0,0.38,8.0,0.37,9.0,0.59,13.0,0.6,8.0,0.61,8.0,0.62,8.0,0.63,9.0,0.41,13.0,0.4,8.0,0.39,8.0,0.38,8.0,0.37,9.0,0.59,13.0,0.6,8.0,0.61,8.0,0.62,8.0,0.63,9.0,0.18,0.18,44.942072,1776169862000
1776169864.246,64.246,0.41,13.0,0.4,8.0,0.39,8.0,0.38,8.0,0.37,9.0,0.59,13.0,0.6,8.0,0.61,8.0,0.62,8.0,0.63,9.0,0.41,13.0,0.4,8.0,0.39,8.0,0.38,8.0,0.37,9.0,0.59,13.0,0.6,8.0,0.61,8.0,0.62,8.0,0.63,9.0,0.18,0.18,44.939993,1776169863000
1776169865.277,65.277,0.41,13.0,0.4,8.0,0.39,8.0,0.38,8.0,0.37,9.0,0.59,13.0,0.6,8.0,0.61,8.0,0.62,8.0,0.63,9.0,0.41,13.0,0.4,8.0,0.39,8.0,0.38,8.0,0.37,9.0,0.59,13.0,0.6,8.0,0.61,8.0,0.62,8.0,0.63,9.0,0.18,0.18,44.934006,1776169864000
1776169866.125,66.125,0.41,4.16,0.4,15.0,0.39,15.0,0.38,20.0,0.37,20.0,0.62,20.0,0.63,20.0,0.64,20.0,0.65,30.0,0.66,34.0,0.41,13.0,0.4,8.0,0.39,8.0,0.38,8.0,0.37,9.0,0.59,13.0,0.6,8.0,0.61,8.0,0.62,8.0,0.63,9.0,0.21,0.18,44.934006,1776169864000
1776169867.288,67.288,0.41,4.16,0.4,15.0,0.39,15.0,0.38,20.0,0.37,20.0,0.62,20.0,0.63,20.0,0.64,20.0,0.65,30.0,0.66,34.0,0.38,20.0,0.37,20.0,0.36,20.0,0.35,30.0,0.34,34.0,0.59,4.16,0.6,15.0,0.61,15.0,0.62,20.0,0.63,20.0,0.21,0.21,44.926426,1776169866000
1776169868.281,68.281,0.41,4.16,0.4,15.0,0.39,15.0,0.38,20.0,0.37,20.0,0.62,20.0,0.63,20.0,0.64,20.0,0.65,30.0,0.66,34.0,0.38,20.0,0.37,20.0,0.36,20.0,0.35,30.0,0.34,34.0,0.59,4.16,0.6,15.0,0.61,15.0,0.62,20.0,0.63,20.0,0.21,0.21,44.924782,1776169867000
1776169869.182,69.182,0.41,4.16,0.4,15.0,0.39,15.0,0.38,20.0,0.37,20.0,0.62,20.0,0.63,20.0,0.64,20.0,0.65,30.0,0.66,34.0,0.38,20.0,0.37,20.0,0.36,20.0,0.35,30.0,0.34,34.0,0.59,4.16,0.6,15.0,0.61,15.0,0.62,20.0,0.63,20.0,0.21,0.21,44.926162,1776169868000
1776169870.214,70.214,0.41,4.16,0.4,15.0,0.39,15.0,0.38,20.0,0.37,20.0,0.62,20.0,0.63,20.0,0.64,20.0,0.65,30.0,0.66,34.0,0.38,20.0,0.37,20.0,0.36,20.0,0.35,30.0,0.34,34.0,0.59,4.16,0.6,15.0,0.61,15.0,0.62,20.0,0.63,20.0,0.21,0.21,44.926335,1776169869000
1776169871.163,71.163,0.41,4.16,0.4,15.0,0.39,15.0,0.38,20.0,0.37,20.0,0.62,20.0,0.63,20.0,0.64,20.0,0.65,30.0,0.66,34.0,0.38,20.0,0.37,20.0,0.36,20.0,0.35,30.0,0.34,34.0,0.59,4.16,0.6,15.0,0.61,15.0,0.62,20.0,0.63,20.0,0.21,0.21,44.923549,1776169870000
1776169872.083,72.083,0.41,4.16,0.4,15.0,0.39,15.0,0.38,20.0,0.37,20.0,0.62,20.0,0.63,20.0,0.64,20.0,0.65,30.0,0.66,34.0,0.38,20.0,0.37,20.0,0.36,20.0,0.35,30.0,0.34,34.0,0.59,4.16,0.6,15.0,0.61,15.0,0.62,20.0,0.63,20.0,0.21,0.21,44.930789,1776169871000
1776169873.114,73.114,0.41,4.16,0.4,15.0,0.39,15.0,0.38,20.0,0.37,20.0,0.62,20.0,0.63,20.0,0.64,20.0,0.65,30.0,0.66,34.0,0.38,20.0,0.37,20.0,0.36,20.0,0.35,30.0,0.34,34.0,0.59,4.16,0.6,15.0,0.61,15.0,0.62,20.0,0.63,20.0,0.21,0.21,44.931181,1776169872000
1776169873.428,73.428,0.67,4.09,0.61,5.0,0.6,5.0,0.59,5.0,0.58,5.0,0.72,15.0,0.73,15.0,0.74,15.0,0.75,35.0,0.76,15.0,0.38,20.0,0.37,20.0,0.36,20.0,0.35,30.0,0.34,34.0,0.59,4.16,0.6,15.0,0.61,15.0,0.62,20.0,0.63,20.0,0.05,0.21,44.931181,1776169872000
1776169874.106,74.106,0.67,4.09,0.61,5.0,0.6,5.0,0.59,5.0,0.58,5.0,0.72,15.0,0.73,15.0,0.74,15.0,0.75,35.0,0.76,15.0,0.28,15.0,0.27,15.0,0.26,15.0,0.25,35.0,0.24,15.0,0.33,4.09,0.39,5.0,0.4,5.0,0.41,5.0,0.42,5.0,0.05,0.05,44.942076,1776169873000
1776169875.077,75.077,0.67,4.09,0.61,5.0,0.6,5.0,0.59,5.0,0.58,5.0,0.72,15.0,0.73,15.0,0.74,15.0,0.75,35.0,0.76,15.0,0.28,15.0,0.27,15.0,0.26,15.0,0.25,35.0,0.24,15.0,0.33,4.09,0.39,5.0,0.4,5.0,0.41,5.0,0.42,5.0,0.05,0.05,44.952315,1776169874000
1776169876.128,76.128,0.67,4.09,0.61,5.0,0.6,5.0,0.59,5.0,0.58,5.0,0.72,15.0,0.73,15.0,0.74,15.0,0.75,35.0,0.76,15.0,0.28,15.0,0.27,15.0,0.26,15.0,0.25,35.0,0.24,15.0,0.33,4.09,0.39,5.0,0.4,5.0,0.41,5.0,0.42,5.0,0.05,0.05,44.950961,1776169875000
1776169877.148,77.148,0.67,4.09,0.61,5.0,0.6,5.0,0.59,5.0,0.58,5.0,0.72,15.0,0.73,15.0,0.74,15.0,0.75,35.0,0.76,15.0,0.28,15.0,0.27,15.0,0.26,15.0,0.25,35.0,0.24,15.0,0.33,4.09,0.39,5.0,0.4,5.0,0.41,5.0,0.42,5.0,0.05,0.05,44.951016,1776169876000
1776169878.144,78.144,0.67,4.09,0.61,5.0,0.6,5.0,0.59,5.0,0.58,5.0,0.72,15.0,0.73,15.0,0.74,15.0,0.75,35.0,0.76,15.0,0.28,15.0,0.27,15.0,0.26,15.0,0.25,35.0,0.24,15.0,0.33,4.09,0.39,5.0,0.4,5.0,0.41,5.0,0.42,5.0,0.05,0.05,44.950957,1776169877000
1776169879.182,79.182,0.67,4.09,0.61,5.0,0.6,5.0,0.59,5.0,0.58,5.0,0.72,15.0,0.73,15.0,0.74,15.0,0.75,35.0,0.76,15.0,0.28,15.0,0.27,15.0,0.26,15.0,0.25,35.0,0.24,15.0,0.33,4.09,0.39,5.0,0.4,5.0,0.41,5.0,0.42,5.0,0.05,0.05,44.950327,1776169878000
1776169880.192,80.192,0.67,4.09,0.61,5.0,0.6,5.0,0.59,5.0,0.58,5.0,0.72,15.0,0.73,15.0,0.74,15.0,0.75,35.0,0.76,15.0,0.28,15.0,0.27,15.0,0.26,15.0,0.25,35.0,0.24,15.0,0.33,4.09,0.39,5.0,0.4,5.0,0.41,5.0,0.42,5.0,0.05,0.05,44.947404,1776169879000
1776169881.258,81.258,0.67,4.09,0.61,5.0,0.6,5.0,0.59,5.0,0.58,5.0,0.72,15.0,0.73,15.0,0.74,15.0,0.75,35.0,0.76,15.0,0.28,15.0,0.27,15.0,0.26,15.0,0.25,35.0,0.24,15.0,0.33,4.09,0.39,5.0,0.4,5.0,0.41,5.0,0.42,5.0,0.05,0.05,44.946986,1776169880000
1776169882.228,82.228,0.67,4.09,0.61,5.0,0.6,5.0,0.59,5.0,0.58,5.0,0.72,15.0,0.73,15.0,0.74,15.0,0.75,35.0,0.76,15.0,0.28,15.0,0.27,15.0,0.26,15.0,0.25,35.0,0.24,15.0,0.33,4.09,0.39,5.0,0.4,5.0,0.41,5.0,0.42,5.0,0.05,0.05,44.947646,1776169881000
1776169883.283,83.283,0.67,4.09,0.61,5.0,0.6,5.0,0.59,5.0,0.58,5.0,0.72,15.0,0.73,15.0,0.74,15.0,0.75,35.0,0.76,15.0,0.28,15.0,0.27,15.0,0.26,15.0,0.25,35.0,0.24,15.0,0.33,4.09,0.39,5.0,0.4,5.0,0.41,5.0,0.42,5.0,0.05,0.05,44.947645,1776169882000
1776169884.283,84.283,0.67,4.09,0.61,5.0,0.6,5.0,0.59,5.0,0.58,5.0,0.72,15.0,0.73,15.0,0.74,15.0,0.75,35.0,0.76,15.0,0.28,15.0,0.27,15.0,0.26,15.0,0.25,35.0,0.24,15.0,0.33,4.09,0.39,5.0,0.4,5.0,0.41,5.0,0.42,5.0,0.05,0.05,44.948716,1776169883000
1776169885.283,85.283,0.67,4.09,0.61,5.0,0.6,5.0,0.59,5.0,0.58,5.0,0.72,15.0,0.73,15.0,0.74,15.0,0.75,35.0,0.76,15.0,0.28,15.0,0.27,15.0,0.26,15.0,0.25,35.0,0.24,15.0,0.33,4.09,0.39,5.0,0.4,5.0,0.41,5.0,0.42,5.0,0.05,0.05,44.947764,1776169884000
1776169886.309,86.309,0.67,4.09,0.61,5.0,0.6,5.0,0.59,5.0,0.58,5.0,0.72,15.0,0.73,15.0,0.74,15.0,0.75,35.0,0.76,15.0,0.28,15.0,0.27,15.0,0.26,15.0,0.25,35.0,0.24,15.0,0.33,4.09,0.39,5.0,0.4,5.0,0.41,5.0,0.42,5.0,0.05,0.05,44.948565,1776169885000
1776169887.19,87.19,0.67,4.09,0.61,5.0,0.6,5.0,0.59,5.0,0.58,5.0,0.72,15.0,0.73,15.0,0.74,15.0,0.75,35.0,0.76,15.0,0.28,15.0,0.27,15.0,0.26,15.0,0.25,35.0,0.24,15.0,0.33,4.09,0.39,5.0,0.4,5.0,0.41,5.0,0.42,5.0,0.05,0.05,44.950012,1776169886000
1776169887.463,87.463,0.68,11.0,0.66,10.0,0.62,5.0,0.61,5.0,0.6,5.0,0.7,15.0,0.71,15.0,0.72,15.0,0.73,15.0,0.74,15.0,0.28,15.0,0.27,15.0,0.26,15.0,0.25,35.0,0.24,15.0,0.33,4.09,0.39,5.0,0.4,5.0,0.41,5.0,0.42,5.0,0.02,0.05,44.950012,1776169886000
1776169888.212,88.212,0.68,11.0,0.66,10.0,0.62,5.0,0.61,5.0,0.6,5.0,0.7,15.0,0.71,15.0,0.72,15.0,0.73,15.0,0.74,15.0,0.3,15.0,0.29,15.0,0.28,15.0,0.27,15.0,0.26,15.0,0.32,11.0,0.34,10.0,0.38,5.0,0.39,5.0,0.4,5.0,0.02,0.02,44.949878,1776169887000
1776169889.218,89.218,0.68,11.0,0.66,10.0,0.62,5.0,0.61,5.0,0.6,5.0,0.7,15.0,0.71,15.0,0.72,15.0,0.73,15.0,0.74,15.0,0.3,15.0,0.29,15.0,0.28,15.0,0.27,15.0,0.26,15.0,0.32,11.0,0.34,10.0,0.38,5.0,0.39,5.0,0.4,5.0,0.02,0.02,44.949338,1776169888000
1776169890.193,90.193,0.68,11.0,0.66,10.0,0.62,5.0,0.61,5.0,0.6,5.0,0.7,15.0,0.71,15.0,0.72,15.0,0.73,15.0,0.74,15.0,0.3,15.0,0.29,15.0,0.28,15.0,0.27,15.0,0.26,15.0,0.32,11.0,0.34,10.0,0.38,5.0,0.39,5.0,0.4,5.0,0.02,0.02,44.947791,1776169889000
1776169891.192,91.192,0.68,11.0,0.66,10.0,0.62,5.0,0.61,5.0,0.6,5.0,0.7,15.0,0.71,15.0,0.72,15.0,0.73,15.0,0.74,15.0,0.3,15.0,0.29,15.0,0.28,15.0,0.27,15.0,0.26,15.0,0.32,11.0,0.34,10.0,0.38,5.0,0.39,5.0,0.4,5.0,0.02,0.02,44.947833,1776169890000
1776169892.161,92.161,0.68,11.0,0.66,10.0,0.62,5.0,0.61,5.0,0.6,5.0,0.7,15.0,0.71,15.0,0.72,15.0,0.73,15.0,0.74,15.0,0.3,15.0,0.29,15.0,0.28,15.0,0.27,15.0,0.26,15.0,0.32,11.0,0.34,10.0,0.38,5.0,0.39,5.0,0.4,5.0,0.02,0.02,44.947972,1776169891000
1776169893.13,93.13,0.68,11.0,0.66,10.0,0.62,5.0,0.61,5.0,0.6,5.0,0.7,15.0,0.71,15.0,0.72,15.0,0.73,15.0,0.74,15.0,0.3,15.0,0.29,15.0,0.28,15.0,0.27,15.0,0.26,15.0,0.32,11.0,0.34,10.0,0.38,5.0,0.39,5.0,0.4,5.0,0.02,0.02,44.947972,1776169892000
1776169894.348,94.348,0.68,11.0,0.66,10.0,0.62,5.0,0.61,5.0,0.6,5.0,0.7,15.0,0.71,15.0,0.72,15.0,0.73,15.0,0.74,15.0,0.3,15.0,0.29,15.0,0.28,15.0,0.27,15.0,0.26,15.0,0.32,11.0,0.34,10.0,0.38,5.0,0.39,5.0,0.4,5.0,0.02,0.02,44.948494,1776169893000
1776169894.876,94.876,0.68,11.0,0.66,10.0,0.62,5.0,0.61,5.0,0.6,5.0,0.7,15.0,0.71,15.0,0.72,15.0,0.73,15.0,0.74,15.0,0.3,15.0,0.29,15.0,0.28,15.0,0.27,15.0,0.26,15.0,0.32,11.0,0.34,10.0,0.38,5.0,0.39,5.0,0.4,5.0,0.02,0.02,44.95663,1776169894000
1776169896.128,96.128,0.68,11.0,0.66,10.0,0.62,5.0,0.61,5.0,0.6,5.0,0.7,15.0,0.71,15.0,0.72,15.0,0.73,15.0,0.74,15.0,0.3,15.0,0.29,15.0,0.28,15.0,0.27,15.0,0.26,15.0,0.32,11.0,0.34,10.0,0.38,5.0,0.39,5.0,0.4,5.0,0.02,0.02,44.956708,1776169895000
1776169897.223,97.223,0.68,11.0,0.66,10.0,0.62,5.0,0.61,5.0,0.6,5.0,0.7,15.0,0.71,15.0,0.72,15.0,0.73,15.0,0.74,15.0,0.3,15.0,0.29,15.0,0.28,15.0,0.27,15.0,0.26,15.0,0.32,11.0,0.34,10.0,0.38,5.0,0.39,5.0,0.4,5.0,0.02,0.02,44.956835,1776169896000
1776169898.47,98.47,0.68,11.0,0.66,10.0,0.62,5.0,0.61,5.0,0.6,5.0,0.7,15.0,0.71,15.0,0.72,15.0,0.73,15.0,0.74,15.0,0.3,15.0,0.29,15.0,0.28,15.0,0.27,15.0,0.26,15.0,0.32,11.0,0.34,10.0,0.38,5.0,0.39,5.0,0.4,5.0,0.02,0.02,44.956959,1776169897000
1776169898.886,98.886,0.68,11.0,0.66,10.0,0.62,5.0,0.61,5.0,0.6,5.0,0.7,15.0,0.71,15.0,0.72,15.0,0.73,15.0,0.74,15.0,0.3,15.0,0.29,15.0,0.28,15.0,0.27,15.0,0.26,15.0,0.32,11.0,0.34,10.0,0.38,5.0,0.39,5.0,0.4,5.0,0.02,0.02,44.958914,1776169898000
1776169899.995,99.995,0.68,11.0,0.66,10.0,0.62,5.0,0.61,5.0,0.6,5.0,0.7,15.0,0.71,15.0,0.72,15.0,0.73,15.0,0.74,15.0,0.3,15.0,0.29,15.0,0.28,15.0,0.27,15.0,0.26,15.0,0.32,11.0,0.34,10.0,0.38,5.0,0.39,5.0,0.4,5.0,0.02,0.02,44.961504,1776169899000
1776169901.168,101.168,0.68,11.0,0.66,10.0,0.62,5.0,0.61,5.0,0.6,5.0,0.7,15.0,0.71,15.0,0.72,15.0,0.73,15.0,0.74,15.0,0.3,15.0,0.29,15.0,0.28,15.0,0.27,15.0,0.26,15.0,0.32,11.0,0.34,10.0,0.38,5.0,0.39,5.0,0.4,5.0,0.02,0.02,44.962812,1776169900000
1776169902.294,102.294,0.68,11.0,0.66,10.0,0.62,5.0,0.61,5.0,0.6,5.0,0.7,15.0,0.71,15.0,0.72,15.0,0.73,15.0,0.74,15.0,0.3,15.0,0.29,15.0,0.28,15.0,0.27,15.0,0.26,15.0,0.32,11.0,0.34,10.0,0.38,5.0,0.39,5.0,0.4,5.0,0.02,0.02,44.959214,1776169901000
1776169903.476,103.476,0.68,11.0,0.66,10.0,0.62,5.0,0.61,5.0,0.6,5.0,0.7,15.0,0.71,15.0,0.72,15.0,0.73,15.0,0.74,15.0,0.3,15.0,0.29,15.0,0.28,15.0,0.27,15.0,0.26,15.0,0.32,11.0,0.34,10.0,0.38,5.0,0.39,5.0,0.4,5.0,0.02,0.02,44.95791,1776169902000
1776169903.955,103.955,0.68,11.0,0.66,10.0,0.62,5.0,0.61,5.0,0.6,5.0,0.7,15.0,0.71,15.0,0.72,15.0,0.73,15.0,0.74,15.0,0.3,15.0,0.29,15.0,0.28,15.0,0.27,15.0,0.26,15.0,0.32,11.0,0.34,10.0,0.38,5.0,0.39,5.0,0.4,5.0,0.02,0.02,44.955117,1776169903000
1776169905.009,105.009,0.68,11.0,0.66,10.0,0.62,5.0,0.61,5.0,0.6,5.0,0.7,15.0,0.71,15.0,0.72,15.0,0.73,15.0,0.74,15.0,0.3,15.0,0.29,15.0,0.28,15.0,0.27,15.0,0.26,15.0,0.32,11.0,0.34,10.0,0.38,5.0,0.39,5.0,0.4,5.0,0.02,0.02,44.954995,1776169904000
1776169906.235,106.235,0.68,11.0,0.66,10.0,0.62,5.0,0.61,5.0,0.6,5.0,0.7,15.0,0.71,15.0,0.72,15.0,0.73,15.0,0.74,15.0,0.3,15.0,0.29,15.0,0.28,15.0,0.27,15.0,0.26,15.0,0.32,11.0,0.34,10.0,0.38,5.0,0.39,5.0,0.4,5.0,0.02,0.02,44.954722,1776169905000
1776169907.383,107.383,0.68,11.0,0.66,10.0,0.62,5.0,0.61,5.0,0.6,5.0,0.7,15.0,0.71,15.0,0.72,15.0,0.73,15.0,0.74,15.0,0.3,15.0,0.29,15.0,0.28,15.0,0.27,15.0,0.26,15.0,0.32,11.0,0.34,10.0,0.38,5.0,0.39,5.0,0.4,5.0,0.02,0.02,44.953941,1776169906000
1776169908.019,108.019,0.68,11.0,0.66,10.0,0.62,5.0,0.61,5.0,0.6,5.0,0.7,15.0,0.71,15.0,0.72,15.0,0.73,15.0,0.74,15.0,0.3,15.0,0.29,15.0,0.28,15.0,0.27,15.0,0.26,15.0,0.32,11.0,0.34,10.0,0.38,5.0,0.39,5.0,0.4,5.0,0.02,0.02,44.953941,1776169907000
1776169910.11,110.11,0.68,11.0,0.66,10.0,0.62,5.0,0.61,5.0,0.6,5.0,0.7,15.0,0.71,15.0,0.72,15.0,0.73,15.0,0.74,15.0,0.3,15.0,0.29,15.0,0.28,15.0,0.27,15.0,0.26,15.0,0.32,11.0,0.34,10.0,0.38,5.0,0.39,5.0,0.4,5.0,0.02,0.02,44.954383,1776169909000
1776169911.398,111.398,0.68,11.0,0.66,10.0,0.62,5.0,0.61,5.0,0.6,5.0,0.7,15.0,0.71,15.0,0.72,15.0,0.73,15.0,0.74,15.0,0.3,15.0,0.29,15.0,0.28,15.0,0.27,15.0,0.26,15.0,0.32,11.0,0.34,10.0,0.38,5.0,0.39,5.0,0.4,5.0,0.02,0.02,44.955927,1776169910000
1776169912.052,112.052,0.68,11.0,0.66,10.0,0.62,5.0,0.61,5.0,0.6,5.0,0.7,15.0,0.71,15.0,0.72,15.0,0.73,15.0,0.74,15.0,0.3,15.0,0.29,15.0,0.28,15.0,0.27,15.0,0.26,15.0,0.32,11.0,0.34,10.0,0.38,5.0,0.39,5.0,0.4,5.0,0.02,0.02,44.958446,1776169911000
1776169913.346,113.346,0.68,11.0,0.66,10.0,0.62,5.0,0.61,5.0,0.6,5.0,0.7,15.0,0.71,15.0,0.72,15.0,0.73,15.0,0.74,15.0,0.3,15.0,0.29,15.0,0.28,15.0,0.27,15.0,0.26,15.0,0.32,11.0,0.34,10.0,0.38,5.0,0.39,5.0,0.4,5.0,0.02,0.02,44.958413,1776169912000
1776169914.003,114.003,0.68,11.0,0.66,10.0,0.62,5.0,0.61,5.0,0.6,5.0,0.7,15.0,0.71,15.0,0.72,15.0,0.73,15.0,0.74,15.0,0.3,15.0,0.29,15.0,0.28,15.0,0.27,15.0,0.26,15.0,0.32,11.0,0.34,10.0,0.38,5.0,0.39,5.0,0.4,5.0,0.02,0.02,44.961074,1776169913000
1776169915.142,115.142,0.68,11.0,0.66,10.0,0.62,5.0,0.61,5.0,0.6,5.0,0.7,15.0,0.71,15.0,0.72,15.0,0.73,15.0,0.74,15.0,0.3,15.0,0.29,15.0,0.28,15.0,0.27,15.0,0.26,15.0,0.32,11.0,0.34,10.0,0.38,5.0,0.39,5.0,0.4,5.0,0.02,0.02,44.961966,1776169914000
1776169916.368,116.368,0.68,11.0,0.66,10.0,0.62,5.0,0.61,5.0,0.6,5.0,0.7,15.0,0.71,15.0,0.72,15.0,0.73,15.0,0.74,15.0,0.3,15.0,0.29,15.0,0.28,15.0,0.27,15.0,0.26,15.0,0.32,11.0,0.34,10.0,0.38,5.0,0.39,5.0,0.4,5.0,0.02,0.02,44.962449,1776169915000
1776169916.988,116.988,0.68,11.0,0.66,10.0,0.62,5.0,0.61,5.0,0.6,5.0,0.7,15.0,0.71,15.0,0.72,15.0,0.73,15.0,0.74,15.0,0.3,15.0,0.29,15.0,0.28,15.0,0.27,15.0,0.26,15.0,0.32,11.0,0.34,10.0,0.38,5.0,0.39,5.0,0.4,5.0,0.02,0.02,44.962392,1776169916000
1776169917.591,117.591,0.73,7.92,0.71,10.0,0.68,12.0,0.67,5.0,0.66,5.0,0.76,15.0,0.77,15.0,0.78,15.0,0.79,15.0,0.8,15.0,0.3,15.0,0.29,15.0,0.28,15.0,0.27,15.0,0.26,15.0,0.32,11.0,0.34,10.0,0.38,5.0,0.39,5.0,0.4,5.0,0.03,0.02,44.962392,1776169916000
1776169918.1,118.1,0.73,7.92,0.71,10.0,0.68,12.0,0.67,5.0,0.66,5.0,0.76,15.0,0.77,15.0,0.78,15.0,0.79,15.0,0.8,15.0,0.24,15.0,0.23,15.0,0.22,15.0,0.21,15.0,0.2,15.0,0.27,7.92,0.29,10.0,0.32,12.0,0.33,5.0,0.34,5.0,0.03,0.03,44.959355,1776169917000
1776169919.348,119.348,0.73,7.92,0.71,10.0,0.68,12.0,0.67,5.0,0.66,5.0,0.76,15.0,0.77,15.0,0.78,15.0,0.79,15.0,0.8,15.0,0.24,15.0,0.23,15.0,0.22,15.0,0.21,15.0,0.2,15.0,0.27,7.92,0.29,10.0,0.32,12.0,0.33,5.0,0.34,5.0,0.03,0.03,44.959548,1776169918000
1776169920.428,120.428,0.73,7.92,0.71,10.0,0.68,12.0,0.67,5.0,0.66,5.0,0.76,15.0,0.77,15.0,0.78,15.0,0.79,15.0,0.8,15.0,0.24,15.0,0.23,15.0,0.22,15.0,0.21,15.0,0.2,15.0,0.27,7.92,0.29,10.0,0.32,12.0,0.33,5.0,0.34,5.0,0.03,0.03,44.959458,1776169919000
1776169921.051,121.051,0.73,7.92,0.71,10.0,0.68,12.0,0.67,5.0,0.66,5.0,0.76,15.0,0.77,15.0,0.78,15.0,0.79,15.0,0.8,15.0,0.24,15.0,0.23,15.0,0.22,15.0,0.21,15.0,0.2,15.0,0.27,7.92,0.29,10.0,0.32,12.0,0.33,5.0,0.34,5.0,0.03,0.03,44.958905,1776169920000
1776169922.255,122.255,0.73,7.92,0.71,10.0,0.68,12.0,0.67,5.0,0.66,5.0,0.76,15.0,0.77,15.0,0.78,15.0,0.79,15.0,0.8,15.0,0.24,15.0,0.23,15.0,0.22,15.0,0.21,15.0,0.2,15.0,0.27,7.92,0.29,10.0,0.32,12.0,0.33,5.0,0.34,5.0,0.03,0.03,44.960864,1776169921000
1776169923.516,123.516,0.73,7.92,0.71,10.0,0.68,12.0,0.67,5.0,0.66,5.0,0.76,15.0,0.77,15.0,0.78,15.0,0.79,15.0,0.8,15.0,0.24,15.0,0.23,15.0,0.22,15.0,0.21,15.0,0.2,15.0,0.27,7.92,0.29,10.0,0.32,12.0,0.33,5.0,0.34,5.0,0.03,0.03,44.964938,1776169922000
1776169924.119,124.119,0.73,7.92,0.71,10.0,0.68,12.0,0.67,5.0,0.66,5.0,0.76,15.0,0.77,15.0,0.78,15.0,0.79,15.0,0.8,15.0,0.24,15.0,0.23,15.0,0.22,15.0,0.21,15.0,0.2,15.0,0.27,7.92,0.29,10.0,0.32,12.0,0.33,5.0,0.34,5.0,0.03,0.03,44.964975,1776169923000
1776169925.827,125.827,0.73,7.92,0.71,10.0,0.68,12.0,0.67,5.0,0.66,5.0,0.76,15.0,0.77,15.0,0.78,15.0,0.79,15.0,0.8,15.0,0.24,15.0,0.23,15.0,0.22,15.0,0.21,15.0,0.2,15.0,0.27,7.92,0.29,10.0,0.32,12.0,0.33,5.0,0.34,5.0,0.03,0.03,44.966878,1776169924000
1776169926.557,126.557,0.73,7.92,0.71,10.0,0.68,12.0,0.67,5.0,0.66,5.0,0.76,15.0,0.77,15.0,0.78,15.0,0.79,15.0,0.8,15.0,0.24,15.0,0.23,15.0,0.22,15.0,0.21,15.0,0.2,15.0,0.27,7.92,0.29,10.0,0.32,12.0,0.33,5.0,0.34,5.0,0.03,0.03,44.970765,1776169925000
1776169927.202,127.202,0.73,7.92,0.71,10.0,0.68,12.0,0.67,5.0,0.66,5.0,0.76,15.0,0.77,15.0,0.78,15.0,0.79,15.0,0.8,15.0,0.24,15.0,0.23,15.0,0.22,15.0,0.21,15.0,0.2,15.0,0.27,7.92,0.29,10.0,0.32,12.0,0.33,5.0,0.34,5.0,0.03,0.03,44.97107,1776169926000
1776169928.498,128.498,0.73,7.92,0.71,10.0,0.68,12.0,0.67,5.0,0.66,5.0,0.76,15.0,0.77,15.0,0.78,15.0,0.79,15.0,0.8,15.0,0.24,15.0,0.23,15.0,0.22,15.0,0.21,15.0,0.2,15.0,0.27,7.92,0.29,10.0,0.32,12.0,0.33,5.0,0.34,5.0,0.03,0.03,44.970954,1776169927000
1776169929.069,129.069,0.73,7.92,0.71,10.0,0.68,12.0,0.67,5.0,0.66,5.0,0.76,15.0,0.77,15.0,0.78,15.0,0.79,15.0,0.8,15.0,0.24,15.0,0.23,15.0,0.22,15.0,0.21,15.0,0.2,15.0,0.27,7.92,0.29,10.0,0.32,12.0,0.33,5.0,0.34,5.0,0.03,0.03,44.970954,1776169928000
1776169930.429,130.429,0.73,7.92,0.71,10.0,0.68,12.0,0.67,5.0,0.66,5.0,0.76,15.0,0.77,15.0,0.78,15.0,0.79,15.0,0.8,15.0,0.24,15.0,0.23,15.0,0.22,15.0,0.21,15.0,0.2,15.0,0.27,7.92,0.29,10.0,0.32,12.0,0.33,5.0,0.34,5.0,0.03,0.03,44.97025,1776169929000
1776169931.083,131.083,0.73,7.92,0.71,10.0,0.68,12.0,0.67,5.0,0.66,5.0,0.76,15.0,0.77,15.0,0.78,15.0,0.79,15.0,0.8,15.0,0.24,15.0,0.23,15.0,0.22,15.0,0.21,15.0,0.2,15.0,0.27,7.92,0.29,10.0,0.32,12.0,0.33,5.0,0.34,5.0,0.03,0.03,44.97025,1776169930000
1776169932.383,132.383,0.73,7.92,0.71,10.0,0.68,12.0,0.67,5.0,0.66,5.0,0.76,15.0,0.77,15.0,0.78,15.0,0.79,15.0,0.8,15.0,0.24,15.0,0.23,15.0,0.22,15.0,0.21,15.0,0.2,15.0,0.27,7.92,0.29,10.0,0.32,12.0,0.33,5.0,0.34,5.0,0.03,0.03,44.970127,1776169931000
1776169933.23,133.23,0.73,7.92,0.71,10.0,0.68,12.0,0.67,5.0,0.66,5.0,0.76,15.0,0.77,15.0,0.78,15.0,0.79,15.0,0.8,15.0,0.24,15.0,0.23,15.0,0.22,15.0,0.21,15.0,0.2,15.0,0.27,7.92,0.29,10.0,0.32,12.0,0.33,5.0,0.34,5.0,0.03,0.03,44.971267,1776169932000
1776169934.421,134.421,0.73,7.92,0.71,10.0,0.68,12.0,0.67,5.0,0.66,5.0,0.76,15.0,0.77,15.0,0.78,15.0,0.79,15.0,0.8,15.0,0.24,15.0,0.23,15.0,0.22,15.0,0.21,15.0,0.2,15.0,0.27,7.92,0.29,10.0,0.32,12.0,0.33,5.0,0.34,5.0,0.03,0.03,44.971235,1776169933000
1776169935.574,135.574,0.73,7.92,0.71,10.0,0.68,12.0,0.67,5.0,0.66,5.0,0.76,15.0,0.77,15.0,0.78,15.0,0.79,15.0,0.8,15.0,0.24,15.0,0.23,15.0,0.22,15.0,0.21,15.0,0.2,15.0,0.27,7.92,0.29,10.0,0.32,12.0,0.33,5.0,0.34,5.0,0.03,0.03,44.975563,1776169934000
1776169936.26,136.26,0.73,7.92,0.71,10.0,0.68,12.0,0.67,5.0,0.66,5.0,0.76,15.0,0.77,15.0,0.78,15.0,0.79,15.0,0.8,15.0,0.24,15.0,0.23,15.0,0.22,15.0,0.21,15.0,0.2,15.0,0.27,7.92,0.29,10.0,0.32,12.0,0.33,5.0,0.34,5.0,0.03,0.03,44.976175,1776169935000
1776169937.494,137.494,0.73,7.92,0.71,10.0,0.68,12.0,0.67,5.0,0.66,5.0,0.76,15.0,0.77,15.0,0.78,15.0,0.79,15.0,0.8,15.0,0.24,15.0,0.23,15.0,0.22,15.0,0.21,15.0,0.2,15.0,0.27,7.92,0.29,10.0,0.32,12.0,0.33,5.0,0.34,5.0,0.03,0.03,44.976905,1776169936000
1776169938.288,138.288,0.73,7.92,0.71,10.0,0.68,12.0,0.67,5.0,0.66,5.0,0.76,15.0,0.77,15.0,0.78,15.0,0.79,15.0,0.8,15.0,0.24,15.0,0.23,15.0,0.22,15.0,0.21,15.0,0.2,15.0,0.27,7.92,0.29,10.0,0.32,12.0,0.33,5.0,0.34,5.0,0.03,0.03,44.978647,1776169937000
1776169939.4,139.4,0.73,7.92,0.71,10.0,0.68,12.0,0.67,5.0,0.66,5.0,0.76,15.0,0.77,15.0,0.78,15.0,0.79,15.0,0.8,15.0,0.24,15.0,0.23,15.0,0.22,15.0,0.21,15.0,0.2,15.0,0.27,7.92,0.29,10.0,0.32,12.0,0.33,5.0,0.34,5.0,0.03,0.03,44.979383,1776169938000
1776169940.04,140.04,0.73,7.92,0.71,10.0,0.68,12.0,0.67,5.0,0.66,5.0,0.76,15.0,0.77,15.0,0.78,15.0,0.79,15.0,0.8,15.0,0.24,15.0,0.23,15.0,0.22,15.0,0.21,15.0,0.2,15.0,0.27,7.92,0.29,10.0,0.32,12.0,0.33,5.0,0.34,5.0,0.03,0.03,44.979383,1776169939000
1776169941.488,141.488,0.73,7.92,0.71,10.0,0.68,12.0,0.67,5.0,0.66,5.0,0.76,15.0,0.77,15.0,0.78,15.0,0.79,15.0,0.8,15.0,0.24,15.0,0.23,15.0,0.22,15.0,0.21,15.0,0.2,15.0,0.27,7.92,0.29,10.0,0.32,12.0,0.33,5.0,0.34,5.0,0.03,0.03,44.978906,1776169940000
1776169942.513,142.513,0.73,7.92,0.71,10.0,0.68,12.0,0.67,5.0,0.66,5.0,0.76,15.0,0.77,15.0,0.78,15.0,0.79,15.0,0.8,15.0,0.24,15.0,0.23,15.0,0.22,15.0,0.21,15.0,0.2,15.0,0.27,7.92,0.29,10.0,0.32,12.0,0.33,5.0,0.34,5.0,0.03,0.03,44.979502,1776169941000
1776169943.07,143.07,0.73,7.92,0.71,10.0,0.68,12.0,0.67,5.0,0.66,5.0,0.76,15.0,0.77,15.0,0.78,15.0,0.79,15.0,0.8,15.0,0.24,15.0,0.23,15.0,0.22,15.0,0.21,15.0,0.2,15.0,0.27,7.92,0.29,10.0,0.32,12.0,0.33,5.0,0.34,5.0,0.03,0.03,44.979569,1776169942000
1776169944.052,144.052,0.73,7.92,0.71,10.0,0.68,12.0,0.67,5.0,0.66,5.0,0.76,15.0,0.77,15.0,0.78,15.0,0.79,15.0,0.8,15.0,0.24,15.0,0.23,15.0,0.22,15.0,0.21,15.0,0.2,15.0,0.27,7.92,0.29,10.0,0.32,12.0,0.33,5.0,0.34,5.0,0.03,0.03,44.979071,1776169943000
1776169945.207,145.207,0.73,7.92,0.71,10.0,0.68,12.0,0.67,5.0,0.66,5.0,0.76,15.0,0.77,15.0,0.78,15.0,0.79,15.0,0.8,15.0,0.24,15.0,0.23,15.0,0.22,15.0,0.21,15.0,0.2,15.0,0.27,7.92,0.29,10.0,0.32,12.0,0.33,5.0,0.34,5.0,0.03,0.03,44.979925,1776169944000
1776169946.37,146.37,0.73,7.92,0.71,10.0,0.68,12.0,0.67,5.0,0.66,5.0,0.76,15.0,0.77,15.0,0.78,15.0,0.79,15.0,0.8,15.0,0.24,15.0,0.23,15.0,0.22,15.0,0.21,15.0,0.2,15.0,0.27,7.92,0.29,10.0,0.32,12.0,0.33,5.0,0.34,5.0,0.03,0.03,44.980265,1776169945000
1776169947.414,147.414,0.73,7.92,0.71,10.0,0.68,12.0,0.67,5.0,0.66,5.0,0.76,15.0,0.77,15.0,0.78,15.0,0.79,15.0,0.8,15.0,0.24,15.0,0.23,15.0,0.22,15.0,0.21,15.0,0.2,15.0,0.27,7.92,0.29,10.0,0.32,12.0,0.33,5.0,0.34,5.0,0.03,0.03,44.980333,1776169946000
1776169948.36,148.36,0.73,7.92,0.71,10.0,0.68,12.0,0.67,5.0,0.66,5.0,0.76,15.0,0.77,15.0,0.78,15.0,0.79,15.0,0.8,15.0,0.24,15.0,0.23,15.0,0.22,15.0,0.21,15.0,0.2,15.0,0.27,7.92,0.29,10.0,0.32,12.0,0.33,5.0,0.34,5.0,0.03,0.03,44.980209,1776169947000
1776169949.061,149.061,0.73,7.92,0.71,10.0,0.68,12.0,0.67,5.0,0.66,5.0,0.76,15.0,0.77,15.0,0.78,15.0,0.79,15.0,0.8,15.0,0.24,15.0,0.23,15.0,0.22,15.0,0.21,15.0,0.2,15.0,0.27,7.92,0.29,10.0,0.32,12.0,0.33,5.0,0.34,5.0,0.03,0.03,44.980209,1776169948000
1776169950.097,150.097,0.73,7.92,0.71,10.0,0.68,12.0,0.67,5.0,0.66,5.0,0.76,15.0,0.77,15.0,0.78,15.0,0.79,15.0,0.8,15.0,0.24,15.0,0.23,15.0,0.22,15.0,0.21,15.0,0.2,15.0,0.27,7.92,0.29,10.0,0.32,12.0,0.33,5.0,0.34,5.0,0.03,0.03,44.983308,1776169949000
1776169951.118,151.118,0.88,25.0,0.83,16.0,0.82,12.0,0.8,15.0,0.79,15.0,0.89,15.0,0.9,15.0,0.91,15.0,0.92,15.0,0.93,15.0,0.24,15.0,0.23,15.0,0.22,15.0,0.21,15.0,0.2,15.0,0.27,7.92,0.29,10.0,0.32,12.0,0.33,5.0,0.34,5.0,0.01,0.03,44.983308,1776169949000
1776169952.428,152.428,0.88,25.0,0.83,16.0,0.82,12.0,0.8,15.0,0.79,15.0,0.89,15.0,0.9,15.0,0.91,15.0,0.92,15.0,0.93,15.0,0.11,15.0,0.1,15.0,0.09,15.0,0.08,15.0,0.07,15.0,0.12,25.0,0.17,16.0,0.18,12.0,0.2,15.0,0.21,15.0,0.01,0.01,44.986388,1776169951000
1776169953.3,153.3,0.88,25.0,0.83,16.0,0.82,12.0,0.8,15.0,0.79,15.0,0.89,15.0,0.9,15.0,0.91,15.0,0.92,15.0,0.93,15.0,0.11,15.0,0.1,15.0,0.09,15.0,0.08,15.0,0.07,15.0,0.12,25.0,0.17,16.0,0.18,12.0,0.2,15.0,0.21,15.0,0.01,0.01,44.986171,1776169952000
1776169954.456,154.456,0.88,25.0,0.83,16.0,0.82,12.0,0.8,15.0,0.79,15.0,0.89,15.0,0.9,15.0,0.91,15.0,0.92,15.0,0.93,15.0,0.11,15.0,0.1,15.0,0.09,15.0,0.08,15.0,0.07,15.0,0.12,25.0,0.17,16.0,0.18,12.0,0.2,15.0,0.21,15.0,0.01,0.01,44.984777,1776169953000
1776169954.97,154.97,0.88,25.0,0.83,16.0,0.82,12.0,0.8,15.0,0.79,15.0,0.89,15.0,0.9,15.0,0.91,15.0,0.92,15.0,0.93,15.0,0.11,15.0,0.1,15.0,0.09,15.0,0.08,15.0,0.07,15.0,0.12,25.0,0.17,16.0,0.18,12.0,0.2,15.0,0.21,15.0,0.01,0.01,44.98441,1776169954000
1776169956.194,156.194,0.88,25.0,0.83,16.0,0.82,12.0,0.8,15.0,0.79,15.0,0.89,15.0,0.9,15.0,0.91,15.0,0.92,15.0,0.93,15.0,0.11,15.0,0.1,15.0,0.09,15.0,0.08,15.0,0.07,15.0,0.12,25.0,0.17,16.0,0.18,12.0,0.2,15.0,0.21,15.0,0.01,0.01,44.984384,1776169955000
1776169957.052,157.052,0.88,25.0,0.83,16.0,0.82,12.0,0.8,15.0,0.79,15.0,0.89,15.0,0.9,15.0,0.91,15.0,0.92,15.0,0.93,15.0,0.11,15.0,0.1,15.0,0.09,15.0,0.08,15.0,0.07,15.0,0.12,25.0,0.17,16.0,0.18,12.0,0.2,15.0,0.21,15.0,0.01,0.01,44.985064,1776169956000
1776169958.127,158.127,0.88,25.0,0.83,16.0,0.82,12.0,0.8,15.0,0.79,15.0,0.89,15.0,0.9,15.0,0.91,15.0,0.92,15.0,0.93,15.0,0.11,15.0,0.1,15.0,0.09,15.0,0.08,15.0,0.07,15.0,0.12,25.0,0.17,16.0,0.18,12.0,0.2,15.0,0.21,15.0,0.01,0.01,44.985013,1776169957000
1776169959.362,159.362,0.88,25.0,0.83,16.0,0.82,12.0,0.8,15.0,0.79,15.0,0.89,15.0,0.9,15.0,0.91,15.0,0.92,15.0,0.93,15.0,0.11,15.0,0.1,15.0,0.09,15.0,0.08,15.0,0.07,15.0,0.12,25.0,0.17,16.0,0.18,12.0,0.2,15.0,0.21,15.0,0.01,0.01,44.986871,1776169958000
1776169960.299,160.299,0.88,25.0,0.83,16.0,0.82,12.0,0.8,15.0,0.79,15.0,0.89,15.0,0.9,15.0,0.91,15.0,0.92,15.0,0.93,15.0,0.11,15.0,0.1,15.0,0.09,15.0,0.08,15.0,0.07,15.0,0.12,25.0,0.17,16.0,0.18,12.0,0.2,15.0,0.21,15.0,0.01,0.01,44.987057,1776169959000
1776169961.382,161.382,0.88,25.0,0.83,16.0,0.82,12.0,0.8,15.0,0.79,15.0,0.89,15.0,0.9,15.0,0.91,15.0,0.92,15.0,0.93,15.0,0.11,15.0,0.1,15.0,0.09,15.0,0.08,15.0,0.07,15.0,0.12,25.0,0.17,16.0,0.18,12.0,0.2,15.0,0.21,15.0,0.01,0.01,44.986839,1776169960000
1776169962.373,162.373,0.88,25.0,0.83,16.0,0.82,12.0,0.8,15.0,0.79,15.0,0.89,15.0,0.9,15.0,0.91,15.0,0.92,15.0,0.93,15.0,0.11,15.0,0.1,15.0,0.09,15.0,0.08,15.0,0.07,15.0,0.12,25.0,0.17,16.0,0.18,12.0,0.2,15.0,0.21,15.0,0.01,0.01,44.986905,1776169961000
1776169962.932,162.932,0.88,25.0,0.83,16.0,0.82,12.0,0.8,15.0,0.79,15.0,0.89,15.0,0.9,15.0,0.91,15.0,0.92,15.0,0.93,15.0,0.11,15.0,0.1,15.0,0.09,15.0,0.08,15.0,0.07,15.0,0.12,25.0,0.17,16.0,0.18,12.0,0.2,15.0,0.21,15.0,0.01,0.01,44.986881,1776169962000
1776169963.159,163.159,0.88,25.0,0.84,5.0,0.83,10.0,0.81,15.0,0.8,15.0,0.9,9.95,0.91,15.0,0.92,15.0,0.93,15.0,0.94,15.0,0.11,15.0,0.1,15.0,0.09,15.0,0.08,15.0,0.07,15.0,0.12,25.0,0.17,16.0,0.18,12.0,0.2,15.0,0.21,15.0,0.02,0.01,44.986881,1776169962000
1776169964.039,164.039,0.88,25.0,0.84,5.0,0.83,10.0,0.81,15.0,0.8,15.0,0.9,9.95,0.91,15.0,0.92,15.0,0.93,15.0,0.94,15.0,0.1,9.95,0.09,15.0,0.08,15.0,0.07,15.0,0.06,15.0,0.12,25.0,0.16,5.0,0.17,10.0,0.19,15.0,0.2,15.0,0.02,0.02,44.987132,1776169963000
1776169964.501,164.501,0.88,25.0,0.86,5.0,0.83,10.0,0.82,15.0,0.81,15.0,0.89,8.94,0.9,9.95,0.91,15.0,0.92,15.0,0.93,15.0,0.1,9.95,0.09,15.0,0.08,15.0,0.07,15.0,0.06,15.0,0.12,25.0,0.16,5.0,0.17,10.0,0.19,15.0,0.2,15.0,0.01,0.02,44.987132,1776169963000
1776169965.162,165.162,0.88,25.0,0.86,5.0,0.83,10.0,0.82,15.0,0.81,15.0,0.89,8.94,0.9,9.95,0.91,15.0,0.92,15.0,0.93,15.0,0.11,8.94,0.1,9.95,0.09,15.0,0.08,15.0,0.07,15.0,0.12,25.0,0.14,5.0,0.17,10.0,0.18,15.0,0.19,15.0,0.01,0.01,44.987667,1776169964000
1776169966.127,166.127,0.88,25.0,0.86,5.0,0.83,10.0,0.82,15.0,0.81,15.0,0.89,8.94,0.9,9.95,0.91,15.0,0.92,15.0,0.93,15.0,0.11,8.94,0.1,9.95,0.09,15.0,0.08,15.0,0.07,15.0,0.12,25.0,0.14,5.0,0.17,10.0,0.18,15.0,0.19,15.0,0.01,0.01,44.98831,1776169965000
1776169967.169,167.169,0.88,25.0,0.86,5.0,0.83,10.0,0.82,15.0,0.81,15.0,0.89,8.94,0.9,9.95,0.91,15.0,0.92,15.0,0.93,15.0,0.11,8.94,0.1,9.95,0.09,15.0,0.08,15.0,0.07,15.0,0.12,25.0,0.14,5.0,0.17,10.0,0.18,15.0,0.19,15.0,0.01,0.01,44.986979,1776169966000
1776169968.265,168.265,0.88,25.0,0.86,5.0,0.83,10.0,0.82,15.0,0.81,15.0,0.89,8.94,0.9,9.95,0.91,15.0,0.92,15.0,0.93,15.0,0.11,8.94,0.1,9.95,0.09,15.0,0.08,15.0,0.07,15.0,0.12,25.0,0.14,5.0,0.17,10.0,0.18,15.0,0.19,15.0,0.01,0.01,44.986979,1776169967000
1776169969.434,169.434,0.88,25.0,0.86,5.0,0.83,10.0,0.82,15.0,0.81,15.0,0.89,8.94,0.9,9.95,0.91,15.0,0.92,15.0,0.93,15.0,0.11,8.94,0.1,9.95,0.09,15.0,0.08,15.0,0.07,15.0,0.12,25.0,0.14,5.0,0.17,10.0,0.18,15.0,0.19,15.0,0.01,0.01,44.985891,1776169968000
1776169969.853,169.853,0.88,25.0,0.86,5.0,0.83,10.0,0.82,15.0,0.81,15.0,0.89,8.94,0.9,9.95,0.91,15.0,0.92,15.0,0.93,15.0,0.11,8.94,0.1,9.95,0.09,15.0,0.08,15.0,0.07,15.0,0.12,25.0,0.14,5.0,0.17,10.0,0.18,15.0,0.19,15.0,0.01,0.01,44.985891,1776169969000
1776169970.915,170.915,0.88,25.0,0.86,5.0,0.83,10.0,0.82,15.0,0.81,15.0,0.89,8.94,0.9,9.95,0.91,15.0,0.92,15.0,0.93,15.0,0.11,8.94,0.1,9.95,0.09,15.0,0.08,15.0,0.07,15.0,0.12,25.0,0.14,5.0,0.17,10.0,0.18,15.0,0.19,15.0,0.01,0.01,44.985883,1776169970000
1776169972.205,172.205,0.88,25.0,0.86,5.0,0.83,10.0,0.82,15.0,0.81,15.0,0.89,8.94,0.9,9.95,0.91,15.0,0.92,15.0,0.93,15.0,0.11,8.94,0.1,9.95,0.09,15.0,0.08,15.0,0.07,15.0,0.12,25.0,0.14,5.0,0.17,10.0,0.18,15.0,0.19,15.0,0.01,0.01,44.985882,1776169971000
1776169972.538,172.538,0.88,25.0,0.86,5.0,0.83,10.0,0.82,15.0,0.81,15.0,0.89,7.5,0.9,15.0,0.91,15.0,0.92,15.0,0.93,15.0,0.11,8.94,0.1,9.95,0.09,15.0,0.08,15.0,0.07,15.0,0.12,25.0,0.14,5.0,0.17,10.0,0.18,15.0,0.19,15.0,0.01,0.01,44.985882,1776169971000
1776169973.223,173.223,0.88,25.0,0.86,5.0,0.83,10.0,0.82,15.0,0.81,15.0,0.89,7.5,0.9,15.0,0.91,15.0,0.92,15.0,0.93,15.0,0.11,7.5,0.1,15.0,0.09,15.0,0.08,15.0,0.07,15.0,0.12,25.0,0.14,5.0,0.17,10.0,0.18,15.0,0.19,15.0,0.01,0.01,44.9833,1776169972000
1776169974.35,174.35,0.88,25.0,0.86,5.0,0.83,10.0,0.82,15.0,0.81,15.0,0.89,7.5,0.9,15.0,0.91,15.0,0.92,15.0,0.93,15.0,0.11,7.5,0.1,15.0,0.09,15.0,0.08,15.0,0.07,15.0,0.12,25.0,0.14,5.0,0.17,10.0,0.18,15.0,0.19,15.0,0.01,0.01,44.982115,1776169973000
1776169974.933,174.933,0.88,25.0,0.86,5.0,0.83,10.0,0.82,15.0,0.81,15.0,0.89,7.5,0.9,15.0,0.91,15.0,0.92,15.0,0.93,15.0,0.11,7.5,0.1,15.0,0.09,15.0,0.08,15.0,0.07,15.0,0.12,25.0,0.14,5.0,0.17,10.0,0.18,15.0,0.19,15.0,0.01,0.01,44.981723,1776169974000
1776169976.035,176.035,0.88,25.0,0.86,5.0,0.83,10.0,0.82,15.0,0.81,15.0,0.89,7.5,0.9,15.0,0.91,15.0,0.92,15.0,0.93,15.0,0.11,7.5,0.1,15.0,0.09,15.0,0.08,15.0,0.07,15.0,0.12,25.0,0.14,5.0,0.17,10.0,0.18,15.0,0.19,15.0,0.01,0.01,44.982013,1776169975000
1776169977.129,177.129,0.88,25.0,0.86,5.0,0.83,10.0,0.82,15.0,0.81,15.0,0.89,7.5,0.9,15.0,0.91,15.0,0.92,15.0,0.93,15.0,0.11,7.5,0.1,15.0,0.09,15.0,0.08,15.0,0.07,15.0,0.12,25.0,0.14,5.0,0.17,10.0,0.18,15.0,0.19,15.0,0.01,0.01,44.982013,1776169976000
1776169978.21,178.21,0.88,25.0,0.86,5.0,0.83,10.0,0.82,15.0,0.81,15.0,0.89,7.5,0.9,15.0,0.91,15.0,0.92,15.0,0.93,15.0,0.11,7.5,0.1,15.0,0.09,15.0,0.08,15.0,0.07,15.0,0.12,25.0,0.14,5.0,0.17,10.0,0.18,15.0,0.19,15.0,0.01,0.01,44.984464,1776169977000
1776169979.206,179.206,0.88,25.0,0.86,5.0,0.83,10.0,0.82,15.0,0.81,15.0,0.89,7.5,0.9,15.0,0.91,15.0,0.92,15.0,0.93,15.0,0.11,7.5,0.1,15.0,0.09,15.0,0.08,15.0,0.07,15.0,0.12,25.0,0.14,5.0,0.17,10.0,0.18,15.0,0.19,15.0,0.01,0.01,44.984523,1776169978000
1776169980.252,180.252,0.88,25.0,0.86,5.0,0.83,10.0,0.82,15.0,0.81,15.0,0.89,7.5,0.9,15.0,0.91,15.0,0.92,15.0,0.93,15.0,0.11,7.5,0.1,15.0,0.09,15.0,0.08,15.0,0.07,15.0,0.12,25.0,0.14,5.0,0.17,10.0,0.18,15.0,0.19,15.0,0.01,0.01,44.984523,1776169979000
1776169981.355,181.355,0.88,25.0,0.86,5.0,0.83,10.0,0.82,15.0,0.81,15.0,0.89,7.5,0.9,15.0,0.91,15.0,0.92,15.0,0.93,15.0,0.11,7.5,0.1,15.0,0.09,15.0,0.08,15.0,0.07,15.0,0.12,25.0,0.14,5.0,0.17,10.0,0.18,15.0,0.19,15.0,0.01,0.01,44.982913,1776169980000
1776169981.982,181.982,0.88,25.0,0.86,5.0,0.83,10.0,0.82,15.0,0.81,15.0,0.89,7.5,0.9,15.0,0.91,15.0,0.92,15.0,0.93,15.0,0.11,7.5,0.1,15.0,0.09,15.0,0.08,15.0,0.07,15.0,0.12,25.0,0.14,5.0,0.17,10.0,0.18,15.0,0.19,15.0,0.01,0.01,44.983348,1776169981000
1776169982.907,182.907,0.88,25.0,0.86,5.0,0.83,10.0,0.82,15.0,0.81,15.0,0.89,7.5,0.9,15.0,0.91,15.0,0.92,15.0,0.93,15.0,0.11,7.5,0.1,15.0,0.09,15.0,0.08,15.0,0.07,15.0,0.12,25.0,0.14,5.0,0.17,10.0,0.18,15.0,0.19,15.0,0.01,0.01,44.986,1776169982000
1776169984.072,184.072,0.88,25.0,0.86,5.0,0.83,10.0,0.82,15.0,0.81,15.0,0.89,7.5,0.9,15.0,0.91,15.0,0.92,15.0,0.93,15.0,0.11,7.5,0.1,15.0,0.09,15.0,0.08,15.0,0.07,15.0,0.12,25.0,0.14,5.0,0.17,10.0,0.18,15.0,0.19,15.0,0.01,0.01,44.98573,1776169983000
1776169985.115,185.115,0.88,25.0,0.86,5.0,0.83,10.0,0.82,15.0,0.81,15.0,0.89,7.5,0.9,15.0,0.91,15.0,0.92,15.0,0.93,15.0,0.11,7.5,0.1,15.0,0.09,15.0,0.08,15.0,0.07,15.0,0.12,25.0,0.14,5.0,0.17,10.0,0.18,15.0,0.19,15.0,0.01,0.01,44.982255,1776169984000
1776169986.166,186.166,0.88,25.0,0.86,5.0,0.83,10.0,0.82,15.0,0.81,15.0,0.89,7.5,0.9,15.0,0.91,15.0,0.92,15.0,0.93,15.0,0.11,7.5,0.1,15.0,0.09,15.0,0.08,15.0,0.07,15.0,0.12,25.0,0.14,5.0,0.17,10.0,0.18,15.0,0.19,15.0,0.01,0.01,44.981846,1776169985000
1776169986.419,186.419,0.88,25.0,0.87,5.0,0.79,15.0,0.78,15.0,0.77,15.0,0.9,15.0,0.91,15.0,0.92,15.0,0.93,15.0,0.94,15.0,0.11,7.5,0.1,15.0,0.09,15.0,0.08,15.0,0.07,15.0,0.12,25.0,0.14,5.0,0.17,10.0,0.18,15.0,0.19,15.0,0.02,0.01,44.981846,1776169985000
1776169987.135,187.135,0.88,25.0,0.87,5.0,0.79,15.0,0.78,15.0,0.77,15.0,0.9,15.0,0.91,15.0,0.92,15.0,0.93,15.0,0.94,15.0,0.1,15.0,0.09,15.0,0.08,15.0,0.07,15.0,0.06,15.0,0.12,25.0,0.13,5.0,0.21,15.0,0.22,15.0,0.23,15.0,0.02,0.02,44.981239,1776169986000
1776169988.08,188.08,0.88,25.0,0.87,5.0,0.79,15.0,0.78,15.0,0.77,15.0,0.9,15.0,0.91,15.0,0.92,15.0,0.93,15.0,0.94,15.0,0.1,15.0,0.09,15.0,0.08,15.0,0.07,15.0,0.06,15.0,0.12,25.0,0.13,5.0,0.21,15.0,0.22,15.0,0.23,15.0,0.02,0.02,44.97652,1776169987000
1776169989.149,189.149,0.88,25.0,0.87,5.0,0.79,15.0,0.78,15.0,0.77,15.0,0.9,15.0,0.91,15.0,0.92,15.0,0.93,15.0,0.94,15.0,0.1,15.0,0.09,15.0,0.08,15.0,0.07,15.0,0.06,15.0,0.12,25.0,0.13,5.0,0.21,15.0,0.22,15.0,0.23,15.0,0.02,0.02,44.972941,1776169988000
1776169990.112,190.112,0.88,25.0,0.87,5.0,0.79,15.0,0.78,15.0,0.77,15.0,0.9,15.0,0.91,15.0,0.92,15.0,0.93,15.0,0.94,15.0,0.1,15.0,0.09,15.0,0.08,15.0,0.07,15.0,0.06,15.0,0.12,25.0,0.13,5.0,0.21,15.0,0.22,15.0,0.23,15.0,0.02,0.02,44.972359,1776169989000
1776169991.004,191.004,0.88,25.0,0.87,5.0,0.79,15.0,0.78,15.0,0.77,15.0,0.9,15.0,0.91,15.0,0.92,15.0,0.93,15.0,0.94,15.0,0.1,15.0,0.09,15.0,0.08,15.0,0.07,15.0,0.06,15.0,0.12,25.0,0.13,5.0,0.21,15.0,0.22,15.0,0.23,15.0,0.02,0.02,44.973626,1776169990000
1776169992.035,192.035,0.88,25.0,0.87,5.0,0.79,15.0,0.78,15.0,0.77,15.0,0.9,15.0,0.91,15.0,0.92,15.0,0.93,15.0,0.94,15.0,0.1,15.0,0.09,15.0,0.08,15.0,0.07,15.0,0.06,15.0,0.12,25.0,0.13,5.0,0.21,15.0,0.22,15.0,0.23,15.0,0.02,0.02,44.974127,1776169991000
1776169993.07,193.07,0.88,25.0,0.87,5.0,0.79,15.0,0.78,15.0,0.77,15.0,0.9,15.0,0.91,15.0,0.92,15.0,0.93,15.0,0.94,15.0,0.1,15.0,0.09,15.0,0.08,15.0,0.07,15.0,0.06,15.0,0.12,25.0,0.13,5.0,0.21,15.0,0.22,15.0,0.23,15.0,0.02,0.02,44.974131,1776169992000
1776169993.99,193.99,0.88,25.0,0.87,5.0,0.79,15.0,0.78,15.0,0.77,15.0,0.9,15.0,0.91,15.0,0.92,15.0,0.93,15.0,0.94,15.0,0.1,15.0,0.09,15.0,0.08,15.0,0.07,15.0,0.06,15.0,0.12,25.0,0.13,5.0,0.21,15.0,0.22,15.0,0.23,15.0,0.02,0.02,44.968265,1776169993000
1776169995.012,195.012,0.88,25.0,0.87,5.0,0.79,15.0,0.78,15.0,0.77,15.0,0.9,15.0,0.91,15.0,0.92,15.0,0.93,15.0,0.94,15.0,0.1,15.0,0.09,15.0,0.08,15.0,0.07,15.0,0.06,15.0,0.12,25.0,0.13,5.0,0.21,15.0,0.22,15.0,0.23,15.0,0.02,0.02,44.968265,1776169994000
1776169995.966,195.966,0.88,25.0,0.87,5.0,0.79,15.0,0.78,15.0,0.77,15.0,0.9,15.0,0.91,15.0,0.92,15.0,0.93,15.0,0.94,15.0,0.1,15.0,0.09,15.0,0.08,15.0,0.07,15.0,0.06,15.0,0.12,25.0,0.13,5.0,0.21,15.0,0.22,15.0,0.23,15.0,0.02,0.02,44.971214,1776169995000
1776169996.915,196.915,0.88,25.0,0.87,5.0,0.79,15.0,0.78,15.0,0.77,15.0,0.9,15.0,0.91,15.0,0.92,15.0,0.93,15.0,0.94,15.0,0.1,15.0,0.09,15.0,0.08,15.0,0.07,15.0,0.06,15.0,0.12,25.0,0.13,5.0,0.21,15.0,0.22,15.0,0.23,15.0,0.02,0.02,44.974363,1776169996000
1776169997.883,197.883,0.88,25.0,0.87,5.0,0.79,15.0,0.78,15.0,0.77,15.0,0.9,15.0,0.91,15.0,0.92,15.0,0.93,15.0,0.94,15.0,0.1,15.0,0.09,15.0,0.08,15.0,0.07,15.0,0.06,15.0,0.12,25.0,0.13,5.0,0.21,15.0,0.22,15.0,0.23,15.0,0.02,0.02,44.97888,1776169997000
1776169998.953,198.953,0.88,25.0,0.87,5.0,0.79,15.0,0.78,15.0,0.77,15.0,0.9,15.0,0.91,15.0,0.92,15.0,0.93,15.0,0.94,15.0,0.1,15.0,0.09,15.0,0.08,15.0,0.07,15.0,0.06,15.0,0.12,25.0,0.13,5.0,0.21,15.0,0.22,15.0,0.23,15.0,0.02,0.02,44.979848,1776169998000
1776169999.908,199.908,0.88,25.0,0.87,5.0,0.79,15.0,0.78,15.0,0.77,15.0,0.9,15.0,0.91,15.0,0.92,15.0,0.93,15.0,0.94,15.0,0.1,15.0,0.09,15.0,0.08,15.0,0.07,15.0,0.06,15.0,0.12,25.0,0.13,5.0,0.21,15.0,0.22,15.0,0.23,15.0,0.02,0.02,44.979848,1776169999000
1776170000.933,200.933,0.88,25.0,0.87,5.0,0.79,15.0,0.78,15.0,0.77,15.0,0.9,15.0,0.91,15.0,0.92,15.0,0.93,15.0,0.94,15.0,0.1,15.0,0.09,15.0,0.08,15.0,0.07,15.0,0.06,15.0,0.12,25.0,0.13,5.0,0.21,15.0,0.22,15.0,0.23,15.0,0.02,0.02,44.976491,1776170000000
1776170001.879,201.879,0.88,25.0,0.87,5.0,0.79,15.0,0.78,15.0,0.77,15.0,0.9,15.0,0.91,15.0,0.92,15.0,0.93,15.0,0.94,15.0,0.1,15.0,0.09,15.0,0.08,15.0,0.07,15.0,0.06,15.0,0.12,25.0,0.13,5.0,0.21,15.0,0.22,15.0,0.23,15.0,0.02,0.02,44.976373,1776170001000
1776170002.953,202.953,0.88,25.0,0.87,5.0,0.79,15.0,0.78,15.0,0.77,15.0,0.9,15.0,0.91,15.0,0.92,15.0,0.93,15.0,0.94,15.0,0.1,15.0,0.09,15.0,0.08,15.0,0.07,15.0,0.06,15.0,0.12,25.0,0.13,5.0,0.21,15.0,0.22,15.0,0.23,15.0,0.02,0.02,44.976333,1776170002000
1776170003.837,203.837,0.88,25.0,0.87,5.0,0.79,15.0,0.78,15.0,0.77,15.0,0.9,15.0,0.91,15.0,0.92,15.0,0.93,15.0,0.94,15.0,0.1,15.0,0.09,15.0,0.08,15.0,0.07,15.0,0.06,15.0,0.12,25.0,0.13,5.0,0.21,15.0,0.22,15.0,0.23,15.0,0.02,0.02,44.976399,1776170003000
1776170005.303,205.303,0.88,25.0,0.87,5.0,0.79,15.0,0.78,15.0,0.77,15.0,0.9,15.0,0.91,15.0,0.92,15.0,0.93,15.0,0.94,15.0,0.1,15.0,0.09,15.0,0.08,15.0,0.07,15.0,0.06,15.0,0.12,25.0,0.13,5.0,0.21,15.0,0.22,15.0,0.23,15.0,0.02,0.02,44.976375,1776170004000
1776170006.178,206.178,0.88,25.0,0.87,5.0,0.79,15.0,0.78,15.0,0.77,15.0,0.9,15.0,0.91,15.0,0.92,15.0,0.93,15.0,0.94,15.0,0.1,15.0,0.09,15.0,0.08,15.0,0.07,15.0,0.06,15.0,0.12,25.0,0.13,5.0,0.21,15.0,0.22,15.0,0.23,15.0,0.02,0.02,44.9762,1776170005000
1776170007.239,207.239,0.88,30.0,0.87,15.0,0.86,15.0,0.85,25.0,0.84,15.0,0.92,11.73,0.93,15.0,0.94,15.0,0.95,15.0,0.96,20.0,0.08,11.73,0.07,15.0,0.06,15.0,0.05,15.0,0.04,20.0,0.12,30.0,0.13,15.0,0.14,15.0,0.15,25.0,0.16,15.0,0.04,0.04,44.976224,1776170006000
1776170008.162,208.162,0.88,30.0,0.87,15.0,0.86,15.0,0.85,25.0,0.84,15.0,0.92,11.73,0.93,15.0,0.94,15.0,0.95,15.0,0.96,20.0,0.08,11.73,0.07,15.0,0.06,15.0,0.05,15.0,0.04,20.0,0.12,30.0,0.13,15.0,0.14,15.0,0.15,25.0,0.16,15.0,0.04,0.04,44.97712,1776170007000
1776170009.161,209.161,0.88,30.0,0.87,15.0,0.86,15.0,0.85,25.0,0.84,15.0,0.92,11.73,0.93,15.0,0.94,15.0,0.95,15.0,0.96,20.0,0.08,11.73,0.07,15.0,0.06,15.0,0.05,15.0,0.04,20.0,0.12,30.0,0.13,15.0,0.14,15.0,0.15,25.0,0.16,15.0,0.04,0.04,44.98189,1776170008000
1776170010.69,210.69,0.88,30.0,0.87,15.0,0.86,15.0,0.85,25.0,0.84,15.0,0.92,11.73,0.93,15.0,0.94,15.0,0.95,15.0,0.96,20.0,0.08,11.73,0.07,15.0,0.06,15.0,0.05,15.0,0.04,20.0,0.12,30.0,0.13,15.0,0.14,15.0,0.15,25.0,0.16,15.0,0.04,0.04,44.98189,1776170009000
1776170010.893,210.893,0.94,20.0,0.93,15.0,0.92,15.0,0.91,15.0,0.9,15.0,0.97,9.9,0.98,25.0,0.99,341.0,,,,,0.03,14.95,0.02,25.0,0.01,341.0,,,,,0.06,20.0,0.07,15.0,0.08,15.0,0.09,15.0,0.1,15.0,0.03,0.03,44.98189,1776170009000
1776170011.114,211.114,0.94,20.0,0.93,15.0,0.92,15.0,0.91,15.0,0.9,15.0,0.97,9.9,0.98,25.0,0.99,341.0,,,,,0.03,9.9,0.02,25.0,0.01,341.0,,,,,0.06,20.0,0.07,15.0,0.08,15.0,0.09,15.0,0.1,15.0,0.03,0.03,44.985186,1776170010000
1776170012.131,212.131,0.94,20.0,0.93,15.0,0.92,15.0,0.91,15.0,0.9,15.0,0.97,9.9,0.98,25.0,0.99,341.0,,,,,0.03,9.9,0.02,25.0,0.01,341.0,,,,,0.06,20.0,0.07,15.0,0.08,15.0,0.09,15.0,0.1,15.0,0.03,0.03,44.985113,1776170011000
1776170013.108,213.108,0.94,20.0,0.93,15.0,0.92,15.0,0.91,15.0,0.9,15.0,0.97,9.9,0.98,25.0,0.99,341.0,,,,,0.03,9.9,0.02,25.0,0.01,341.0,,,,,0.06,20.0,0.07,15.0,0.08,15.0,0.09,15.0,0.1,15.0,0.03,0.03,44.986317,1776170012000
1776170014.221,214.221,0.94,20.0,0.93,15.0,0.92,15.0,0.91,15.0,0.9,15.0,0.97,9.9,0.98,25.0,0.99,341.0,,,,,0.03,9.9,0.02,25.0,0.01,341.0,,,,,0.06,20.0,0.07,15.0,0.08,15.0,0.09,15.0,0.1,15.0,0.03,0.03,44.985622,1776170013000
1776170015.039,215.039,0.94,20.0,0.93,15.0,0.92,15.0,0.91,15.0,0.9,15.0,0.97,9.9,0.98,25.0,0.99,341.0,,,,,0.03,9.9,0.02,25.0,0.01,341.0,,,,,0.06,20.0,0.07,15.0,0.08,15.0,0.09,15.0,0.1,15.0,0.03,0.03,44.985227,1776170014000
1776170016.073,216.073,0.94,20.0,0.93,15.0,0.92,15.0,0.91,15.0,0.9,15.0,0.97,9.9,0.98,25.0,0.99,341.0,,,,,0.03,9.9,0.02,25.0,0.01,341.0,,,,,0.06,20.0,0.07,15.0,0.08,15.0,0.09,15.0,0.1,15.0,0.03,0.03,44.985227,1776170015000
1776170017.011,217.011,0.94,20.0,0.93,15.0,0.92,15.0,0.91,15.0,0.9,15.0,0.97,9.9,0.98,25.0,0.99,341.0,,,,,0.03,9.9,0.02,25.0,0.01,341.0,,,,,0.06,20.0,0.07,15.0,0.08,15.0,0.09,15.0,0.1,15.0,0.03,0.03,44.985487,1776170016000
1776170017.967,217.967,0.94,20.0,0.93,15.0,0.92,15.0,0.91,15.0,0.9,15.0,0.97,9.9,0.98,25.0,0.99,341.0,,,,,0.03,9.9,0.02,25.0,0.01,341.0,,,,,0.06,20.0,0.07,15.0,0.08,15.0,0.09,15.0,0.1,15.0,0.03,0.03,44.985703,1776170017000
1776170018.969,218.969,0.94,15.0,0.93,15.0,0.92,15.0,0.91,15.0,0.9,15.0,0.97,4.74,0.98,25.0,0.99,341.0,,,,,0.03,4.74,0.02,25.0,0.01,341.0,,,,,0.06,15.0,0.07,15.0,0.08,15.0,0.09,15.0,0.1,15.0,0.03,0.03,44.985816,1776170018000
1776170019.914,219.914,0.94,15.0,0.93,15.0,0.92,15.0,0.91,15.0,0.9,15.0,0.97,4.74,0.98,25.0,0.99,341.0,,,,,0.03,4.74,0.02,25.0,0.01,341.0,,,,,0.06,15.0,0.07,15.0,0.08,15.0,0.09,15.0,0.1,15.0,0.03,0.03,44.992391,1776170019000
1776170020.618,220.618,0.94,15.0,0.93,15.0,0.92,15.0,0.91,15.0,0.9,15.0,0.99,240.74,,,,,,,,,0.03,4.74,0.02,25.0,0.01,341.0,,,,,0.06,15.0,0.07,15.0,0.08,15.0,0.09,15.0,0.1,15.0,0.05,0.03,44.992391,1776170019000
1776170020.991,220.991,0.94,15.0,0.93,15.0,0.92,15.0,0.91,15.0,0.9,15.0,0.99,240.74,,,,,,,,,0.01,240.74,,,,,,,,,0.06,15.0,0.07,15.0,0.08,15.0,0.09,15.0,0.1,15.0,0.05,0.05,44.992601,1776170020000
1776170021.908,221.908,0.94,15.0,0.93,15.0,0.92,15.0,0.91,15.0,0.9,15.0,0.99,240.74,,,,,,,,,0.01,240.74,,,,,,,,,0.06,15.0,0.07,15.0,0.08,15.0,0.09,15.0,0.1,15.0,0.05,0.05,44.990345,1776170021000
1776170023.44,223.44,0.94,15.0,0.93,15.0,0.92,15.0,0.91,15.0,0.9,15.0,0.99,240.74,,,,,,,,,0.01,240.74,,,,,,,,,0.06,15.0,0.07,15.0,0.08,15.0,0.09,15.0,0.1,15.0,0.05,0.05,44.991051,1776170022000
1776170023.995,223.995,0.94,15.0,0.93,15.0,0.92,15.0,0.91,15.0,0.9,15.0,0.99,240.74,,,,,,,,,0.01,240.74,,,,,,,,,0.06,15.0,0.07,15.0,0.08,15.0,0.09,15.0,0.1,15.0,0.05,0.05,44.992984,1776170023000
1776170025.748,225.748,0.94,15.0,0.93,15.0,0.92,15.0,0.91,15.0,0.9,15.0,0.99,240.74,,,,,,,,,0.01,240.74,,,,,,,,,0.06,15.0,0.07,15.0,0.08,15.0,0.09,15.0,0.1,15.0,0.05,0.05,44.993598,1776170024000
1776170026.434,226.434,0.94,15.0,0.93,15.0,0.92,15.0,0.91,15.0,0.9,15.0,0.99,240.74,,,,,,,,,0.01,240.74,,,,,,,,,0.06,15.0,0.07,15.0,0.08,15.0,0.09,15.0,0.1,15.0,0.05,0.05,44.993056,1776170025000
1776170027.031,227.031,0.94,15.0,0.93,15.0,0.92,15.0,0.91,15.0,0.9,15.0,0.99,240.74,,,,,,,,,0.01,240.74,,,,,,,,,0.06,15.0,0.07,15.0,0.08,15.0,0.09,15.0,0.1,15.0,0.05,0.05,44.993084,1776170026000
1776170028.417,228.417,0.94,15.0,0.93,15.0,0.92,15.0,0.91,15.0,0.9,15.0,0.99,240.74,,,,,,,,,0.01,240.74,,,,,,,,,0.06,15.0,0.07,15.0,0.08,15.0,0.09,15.0,0.1,15.0,0.05,0.05,44.993644,1776170027000
1776170029.013,229.013,0.94,15.0,0.93,15.0,0.92,15.0,0.91,15.0,0.9,15.0,0.99,240.74,,,,,,,,,0.01,240.74,,,,,,,,,0.06,15.0,0.07,15.0,0.08,15.0,0.09,15.0,0.1,15.0,0.05,0.05,44.993811,1776170028000
1776170030.262,230.262,0.94,15.0,0.93,15.0,0.92,15.0,0.91,15.0,0.9,15.0,0.99,240.74,,,,,,,,,0.01,240.74,,,,,,,,,0.06,15.0,0.07,15.0,0.08,15.0,0.09,15.0,0.1,15.0,0.05,0.05,44.994112,1776170029000
1776170031.515,231.515,0.94,15.0,0.93,15.0,0.92,15.0,0.91,15.0,0.9,15.0,0.99,240.74,,,,,,,,,0.01,240.74,,,,,,,,,0.06,15.0,0.07,15.0,0.08,15.0,0.09,15.0,0.1,15.0,0.05,0.05,44.994034,1776170030000
1776170032.228,232.228,0.94,15.0,0.93,15.0,0.92,15.0,0.91,15.0,0.9,15.0,0.99,240.74,,,,,,,,,0.01,240.74,,,,,,,,,0.06,15.0,0.07,15.0,0.08,15.0,0.09,15.0,0.1,15.0,0.05,0.05,44.993816,1776170031000
1776170033.398,233.398,0.94,15.0,0.93,15.0,0.92,15.0,0.91,15.0,0.9,15.0,0.99,240.74,,,,,,,,,0.01,240.74,,,,,,,,,0.06,15.0,0.07,15.0,0.08,15.0,0.09,15.0,0.1,15.0,0.05,0.05,44.993816,1776170032000
1776170033.981,233.981,0.94,15.0,0.93,15.0,0.92,15.0,0.91,15.0,0.9,15.0,0.99,240.74,,,,,,,,,0.01,240.74,,,,,,,,,0.06,15.0,0.07,15.0,0.08,15.0,0.09,15.0,0.1,15.0,0.05,0.05,44.993709,1776170033000
1776170035.423,235.423,0.94,15.0,0.93,15.0,0.92,15.0,0.91,15.0,0.9,15.0,0.99,240.74,,,,,,,,,0.01,240.74,,,,,,,,,0.06,15.0,0.07,15.0,0.08,15.0,0.09,15.0,0.1,15.0,0.05,0.05,44.999229,1776170034000
1776170036.055,236.055,0.94,15.0,0.93,15.0,0.92,15.0,0.91,15.0,0.9,15.0,0.99,240.74,,,,,,,,,0.01,240.74,,,,,,,,,0.06,15.0,0.07,15.0,0.08,15.0,0.09,15.0,0.1,15.0,0.05,0.05,44.999625,1776170035000
1776170037.306,237.306,0.94,15.0,0.93,15.0,0.92,15.0,0.91,15.0,0.9,15.0,0.99,240.74,,,,,,,,,0.01,240.74,,,,,,,,,0.06,15.0,0.07,15.0,0.08,15.0,0.09,15.0,0.1,15.0,0.05,0.05,45.005843,1776170036000
1776170038.007,238.007,0.94,15.0,0.93,15.0,0.92,15.0,0.91,15.0,0.9,15.0,0.99,240.74,,,,,,,,,0.01,240.74,,,,,,,,,0.06,15.0,0.07,15.0,0.08,15.0,0.09,15.0,0.1,15.0,0.05,0.05,45.0134,1776170037000
1776170039.219,239.219,0.98,15.0,0.97,15.0,0.96,15.0,0.95,15.0,0.94,15.0,0.99,222.7,,,,,,,,,0.01,240.74,,,,,,,,,0.06,15.0,0.07,15.0,0.08,15.0,0.09,15.0,0.1,15.0,0.01,0.05,45.0134,1776170037000
1776170039.687,239.687,0.98,15.0,0.97,15.0,0.96,15.0,0.95,15.0,0.94,15.0,0.99,212.6,,,,,,,,,0.01,222.7,,,,,,,,,0.02,15.0,0.03,15.0,0.04,15.0,0.05,15.0,0.06,15.0,0.01,0.01,45.020399,1776170038000
1776170040.258,240.258,0.98,15.0,0.97,15.0,0.96,15.0,0.95,15.0,0.94,15.0,0.99,212.6,,,,,,,,,0.01,212.6,,,,,,,,,0.02,15.0,0.03,15.0,0.04,15.0,0.05,15.0,0.06,15.0,0.01,0.01,45.024964,1776170039000
1776170041.993,241.993,0.98,15.0,0.97,15.0,0.96,15.0,0.95,15.0,0.94,15.0,0.99,212.6,,,,,,,,,0.01,212.6,,,,,,,,,0.02,15.0,0.03,15.0,0.04,15.0,0.05,15.0,0.06,15.0,0.01,0.01,45.024964,1776170040000
1776170043.001,243.001,0.98,15.0,0.97,15.0,0.96,15.0,0.95,15.0,0.94,15.0,0.99,212.6,,,,,,,,,0.01,212.6,,,,,,,,,0.02,15.0,0.03,15.0,0.04,15.0,0.05,15.0,0.06,15.0,0.01,0.01,45.02503,1776170041000
1776170043.539,243.539,0.98,15.0,0.97,15.0,0.96,15.0,0.95,15.0,0.94,15.0,0.99,212.6,,,,,,,,,0.01,212.6,,,,,,,,,0.02,15.0,0.03,15.0,0.04,15.0,0.05,15.0,0.06,15.0,0.01,0.01,45.025567,1776170042000
1776170044.082,244.082,0.98,15.0,0.97,15.0,0.96,15.0,0.95,15.0,0.94,15.0,0.99,212.6,,,,,,,,,0.01,212.6,,,,,,,,,0.02,15.0,0.03,15.0,0.04,15.0,0.05,15.0,0.06,15.0,0.01,0.01,45.02561,1776170043000
1776170045.586,245.586,0.98,15.0,0.97,15.0,0.96,15.0,0.95,15.0,0.94,15.0,0.99,212.6,,,,,,,,,0.01,212.6,,,,,,,,,0.02,15.0,0.03,15.0,0.04,15.0,0.05,15.0,0.06,15.0,0.01,0.01,45.025458,1776170044000
1776170046.075,246.075,0.98,15.0,0.97,15.0,0.96,15.0,0.95,15.0,0.94,15.0,0.99,212.6,,,,,,,,,0.01,212.6,,,,,,,,,0.02,15.0,0.03,15.0,0.04,15.0,0.05,15.0,0.06,15.0,0.01,0.01,45.025458,1776170045000
1776170047.247,247.247,0.98,15.0,0.97,15.0,0.96,15.0,0.95,15.0,0.94,15.0,0.99,212.6,,,,,,,,,0.01,212.6,,,,,,,,,0.02,15.0,0.03,15.0,0.04,15.0,0.05,15.0,0.06,15.0,0.01,0.01,45.025741,1776170046000
1776170048.099,248.099,0.99,787.4,0.98,15.0,0.97,15.0,0.96,15.0,0.95,15.0,,,,,,,,,,,0.01,212.6,,,,,,,,,0.02,15.0,0.03,15.0,0.04,15.0,0.05,15.0,0.06,15.0,,0.01,45.025741,1776170046000
1776170048.743,248.743,0.99,787.4,0.98,15.0,0.97,15.0,0.96,15.0,0.95,15.0,,,,,,,,,,,,,,,,,,,,,0.01,787.4,0.02,15.0,0.03,15.0,0.04,15.0,0.05,15.0,,,45.02616,1776170047000
1776170049.215,249.215,0.99,787.4,0.98,15.0,0.97,15.0,0.96,15.0,0.95,15.0,,,,,,,,,,,,,,,,,,,,,0.01,787.4,0.02,15.0,0.03,15.0,0.04,15.0,0.05,15.0,,,45.02714,1776170048000
1776170050.444,250.444,0.99,787.4,0.98,15.0,0.97,15.0,0.96,15.0,0.95,15.0,,,,,,,,,,,,,,,,,,,,,0.01,787.4,0.02,15.0,0.03,15.0,0.04,15.0,0.05,15.0,,,45.030293,1776170049000
1776170051.086,251.086,0.99,787.4,0.98,15.0,0.97,15.0,0.96,15.0,0.95,15.0,,,,,,,,,,,,,,,,,,,,,0.01,787.4,0.02,15.0,0.03,15.0,0.04,15.0,0.05,15.0,,,45.030293,1776170050000
1776170052.321,252.321,0.99,787.4,0.98,15.0,0.97,15.0,0.96,15.0,0.95,15.0,,,,,,,,,,,,,,,,,,,,,0.01,787.4,0.02,15.0,0.03,15.0,0.04,15.0,0.05,15.0,,,45.036221,1776170051000
1776170053.618,253.618,0.99,787.4,0.98,15.0,0.97,15.0,0.96,15.0,0.95,15.0,,,,,,,,,,,,,,,,,,,,,0.01,787.4,0.02,15.0,0.03,15.0,0.04,15.0,0.05,15.0,,,45.0381,1776170052000
1776170054.216,254.216,0.99,787.4,0.98,15.0,0.97,15.0,0.96,15.0,0.95,15.0,,,,,,,,,,,,,,,,,,,,,0.01,787.4,0.02,15.0,0.03,15.0,0.04,15.0,0.05,15.0,,,45.041401,1776170053000
1776170055.871,255.871,0.99,787.4,0.98,15.0,0.97,15.0,0.96,15.0,0.95,15.0,,,,,,,,,,,,,,,,,,,,,0.01,787.4,0.02,15.0,0.03,15.0,0.04,15.0,0.05,15.0,,,45.044141,1776170054000
1776170056.611,256.611,0.99,787.4,0.98,15.0,0.97,15.0,0.96,15.0,0.95,15.0,,,,,,,,,,,,,,,,,,,,,0.01,787.4,0.02,15.0,0.03,15.0,0.04,15.0,0.05,15.0,,,45.045406,1776170055000
1776170057.876,257.876,0.99,787.4,0.98,15.0,0.97,15.0,0.96,15.0,0.95,15.0,,,,,,,,,,,,,,,,,,,,,0.01,787.4,0.02,15.0,0.03,15.0,0.04,15.0,0.05,15.0,,,45.043593,1776170056000
1776170058.554,258.554,0.99,787.4,0.98,15.0,0.97,15.0,0.96,15.0,0.95,15.0,,,,,,,,,,,,,,,,,,,,,0.01,787.4,0.02,15.0,0.03,15.0,0.04,15.0,0.05,15.0,,,45.045029,1776170057000
1776170058.954,258.954,0.99,787.4,0.98,15.0,0.97,15.0,0.96,15.0,0.95,15.0,,,,,,,,,,,,,,,,,,,,,0.01,787.4,0.02,15.0,0.03,15.0,0.04,15.0,0.05,15.0,,,45.044539,1776170058000
1776170059.23,259.23,0.99,747.86,0.98,15.0,0.97,15.0,0.96,15.0,0.95,15.0,,,,,,,,,,,,,,,,,,,,,0.01,787.4,0.02,15.0,0.03,15.0,0.04,15.0,0.05,15.0,,,45.044539,1776170058000
1776170060.118,260.118,0.99,747.86,0.98,15.0,0.97,15.0,0.96,15.0,0.95,15.0,,,,,,,,,,,,,,,,,,,,,0.01,747.86,0.02,15.0,0.03,15.0,0.04,15.0,0.05,15.0,,,45.043839,1776170059000
1776170061.209,261.209,0.99,747.86,0.98,15.0,0.97,15.0,0.96,15.0,0.95,15.0,,,,,,,,,,,,,,,,,,,,,0.01,747.86,0.02,15.0,0.03,15.0,0.04,15.0,0.05,15.0,,,45.046876,1776170060000
1776170062.52,262.52,0.99,747.86,0.98,15.0,0.97,15.0,0.96,15.0,0.95,15.0,,,,,,,,,,,,,,,,,,,,,0.01,747.86,0.02,15.0,0.03,15.0,0.04,15.0,0.05,15.0,,,45.045525,1776170061000
1776170062.969,262.969,0.99,747.86,0.98,15.0,0.97,15.0,0.96,15.0,0.95,15.0,,,,,,,,,,,,,,,,,,,,,0.01,747.86,0.02,15.0,0.03,15.0,0.04,15.0,0.05,15.0,,,45.045525,1776170062000
1776170064.092,264.092,0.99,747.86,0.98,15.0,0.97,15.0,0.96,15.0,0.95,15.0,,,,,,,,,,,,,,,,,,,,,0.01,747.86,0.02,15.0,0.03,15.0,0.04,15.0,0.05,15.0,,,45.046626,1776170063000
1776170065.204,265.204,0.99,747.86,0.98,15.0,0.97,15.0,0.96,15.0,0.95,15.0,,,,,,,,,,,,,,,,,,,,,0.01,747.86,0.02,15.0,0.03,15.0,0.04,15.0,0.05,15.0,,,45.047421,1776170064000
1776170066.431,266.431,0.99,747.86,0.98,15.0,0.97,15.0,0.96,15.0,0.95,15.0,,,,,,,,,,,,,,,,,,,,,0.01,747.86,0.02,15.0,0.03,15.0,0.04,15.0,0.05,15.0,,,45.046376,1776170065000
1776170066.991,266.991,0.99,747.86,0.98,15.0,0.97,15.0,0.96,15.0,0.95,15.0,,,,,,,,,,,,,,,,,,,,,0.01,747.86,0.02,15.0,0.03,15.0,0.04,15.0,0.05,15.0,,,45.044959,1776170066000
1776170068.121,268.121,0.99,747.86,0.98,15.0,0.97,15.0,0.96,15.0,0.95,15.0,,,,,,,,,,,,,,,,,,,,,0.01,747.86,0.02,15.0,0.03,15.0,0.04,15.0,0.05,15.0,,,45.045641,1776170067000
1776170069.288,269.288,0.99,747.86,0.98,15.0,0.97,15.0,0.96,15.0,0.95,15.0,,,,,,,,,,,,,,,,,,,,,0.01,747.86,0.02,15.0,0.03,15.0,0.04,15.0,0.05,15.0,,,45.04663,1776170068000
1776170070.333,270.333,0.99,747.86,0.98,15.0,0.97,15.0,0.96,15.0,0.95,15.0,,,,,,,,,,,,,,,,,,,,,0.01,747.86,0.02,15.0,0.03,15.0,0.04,15.0,0.05,15.0,,,45.047634,1776170069000
1776170071.025,271.025,0.99,747.86,0.98,15.0,0.97,15.0,0.96,15.0,0.95,15.0,,,,,,,,,,,,,,,,,,,,,0.01,747.86,0.02,15.0,0.03,15.0,0.04,15.0,0.05,15.0,,,45.047634,1776170070000
1776170072.314,272.314,0.99,747.86,0.98,15.0,0.97,15.0,0.96,15.0,0.95,15.0,,,,,,,,,,,,,,,,,,,,,0.01,747.86,0.02,15.0,0.03,15.0,0.04,15.0,0.05,15.0,,,45.047281,1776170071000
1776170073.401,273.401,0.99,747.86,0.98,15.0,0.97,15.0,0.96,15.0,0.95,15.0,,,,,,,,,,,,,,,,,,,,,0.01,747.86,0.02,15.0,0.03,15.0,0.04,15.0,0.05,15.0,,,45.047281,1776170072000
1776170073.848,273.848,0.99,747.86,0.98,15.0,0.97,15.0,0.96,15.0,0.95,15.0,,,,,,,,,,,,,,,,,,,,,0.01,747.86,0.02,15.0,0.03,15.0,0.04,15.0,0.05,15.0,,,45.046859,1776170073000
1776170074.866,274.866,0.99,747.86,0.98,15.0,0.97,15.0,0.96,15.0,0.95,15.0,,,,,,,,,,,,,,,,,,,,,0.01,747.86,0.02,15.0,0.03,15.0,0.04,15.0,0.05,15.0,,,45.045542,1776170074000
1776170075.934,275.934,0.99,747.86,0.98,15.0,0.97,15.0,0.96,15.0,0.95,15.0,,,,,,,,,,,,,,,,,,,,,0.01,747.86,0.02,15.0,0.03,15.0,0.04,15.0,0.05,15.0,,,45.045542,1776170075000
1776170076.819,276.819,0.99,747.86,0.98,15.0,0.97,15.0,0.96,15.0,0.95,15.0,,,,,,,,,,,,,,,,,,,,,0.01,747.86,0.02,15.0,0.03,15.0,0.04,15.0,0.05,15.0,,,45.045616,1776170076000
1776170078.306,278.306,0.99,747.86,0.98,15.0,0.97,15.0,0.96,15.0,0.95,15.0,,,,,,,,,,,,,,,,,,,,,0.01,747.86,0.02,15.0,0.03,15.0,0.04,15.0,0.05,15.0,,,45.045778,1776170077000
1776170079.27,279.27,0.99,747.86,0.98,15.0,0.97,15.0,0.96,15.0,0.95,15.0,,,,,,,,,,,,,,,,,,,,,0.01,747.86,0.02,15.0,0.03,15.0,0.04,15.0,0.05,15.0,,,45.04717,1776170078000
1776170080.149,280.149,0.99,747.86,0.98,15.0,0.97,15.0,0.96,15.0,0.95,15.0,,,,,,,,,,,,,,,,,,,,,0.01,747.86,0.02,15.0,0.03,15.0,0.04,15.0,0.05,15.0,,,45.04717,1776170079000
1776170081.046,281.046,0.99,747.86,0.98,15.0,0.97,15.0,0.96,15.0,0.95,15.0,,,,,,,,,,,,,,,,,,,,,0.01,747.86,0.02,15.0,0.03,15.0,0.04,15.0,0.05,15.0,,,45.04717,1776170080000
1776170082.404,282.404,0.99,747.86,0.98,15.0,0.97,15.0,0.96,15.0,0.95,15.0,,,,,,,,,,,,,,,,,,,,,0.01,747.86,0.02,15.0,0.03,15.0,0.04,15.0,0.05,15.0,,,45.045282,1776170081000
1776170083.418,283.418,0.99,747.86,0.98,15.0,0.97,15.0,0.96,15.0,0.95,15.0,,,,,,,,,,,,,,,,,,,,,0.01,747.86,0.02,15.0,0.03,15.0,0.04,15.0,0.05,15.0,,,45.044934,1776170082000
1776170084.017,284.017,0.99,747.86,0.98,15.0,0.97,15.0,0.96,15.0,0.95,15.0,,,,,,,,,,,,,,,,,,,,,0.01,747.86,0.02,15.0,0.03,15.0,0.04,15.0,0.05,15.0,,,45.04484,1776170083000
1776170085.793,285.793,0.99,747.86,0.98,15.0,0.97,15.0,0.96,15.0,0.95,15.0,,,,,,,,,,,,,,,,,,,,,0.01,747.86,0.02,15.0,0.03,15.0,0.04,15.0,0.05,15.0,,,45.045549,1776170084000
1776170086.288,286.288,0.99,747.86,0.98,15.0,0.97,15.0,0.96,15.0,0.95,15.0,,,,,,,,,,,,,,,,,,,,,0.01,747.86,0.02,15.0,0.03,15.0,0.04,15.0,0.05,15.0,,,45.045546,1776170085000
1776170087.592,287.592,0.99,747.86,0.98,15.0,0.97,15.0,0.96,15.0,0.95,15.0,,,,,,,,,,,,,,,,,,,,,0.01,747.86,0.02,15.0,0.03,15.0,0.04,15.0,0.05,15.0,,,45.043434,1776170086000
1776170088.287,288.287,0.99,747.86,0.98,15.0,0.97,15.0,0.96,15.0,0.95,15.0,,,,,,,,,,,,,,,,,,,,,0.01,747.86,0.02,15.0,0.03,15.0,0.04,15.0,0.05,15.0,,,45.042734,1776170087000
1776170089.515,289.515,0.99,747.86,0.98,15.0,0.97,15.0,0.96,15.0,0.95,15.0,,,,,,,,,,,,,,,,,,,,,0.01,747.86,0.02,15.0,0.03,15.0,0.04,15.0,0.05,15.0,,,45.042734,1776170088000
1776170090.039,290.039,0.99,747.86,0.98,15.0,0.97,15.0,0.96,15.0,0.95,15.0,,,,,,,,,,,,,,,,,,,,,0.01,747.86,0.02,15.0,0.03,15.0,0.04,15.0,0.05,15.0,,,45.042469,1776170089000
1776170091.147,291.147,0.99,747.86,0.98,15.0,0.97,15.0,0.96,15.0,0.95,15.0,,,,,,,,,,,,,,,,,,,,,0.01,747.86,0.02,15.0,0.03,15.0,0.04,15.0,0.05,15.0,,,45.042738,1776170090000
1776170092.313,292.313,0.99,747.86,0.98,15.0,0.97,15.0,0.96,15.0,0.95,15.0,,,,,,,,,,,,,,,,,,,,,0.01,747.86,0.02,15.0,0.03,15.0,0.04,15.0,0.05,15.0,,,45.042738,1776170091000
1776170093.457,293.457,0.99,747.86,0.98,15.0,0.97,15.0,0.96,15.0,0.95,15.0,,,,,,,,,,,,,,,,,,,,,0.01,747.86,0.02,15.0,0.03,15.0,0.04,15.0,0.05,15.0,,,45.04354,1776170092000
1776170094.059,294.059,0.99,747.86,0.98,15.0,0.97,15.0,0.96,15.0,0.95,15.0,,,,,,,,,,,,,,,,,,,,,0.01,747.86,0.02,15.0,0.03,15.0,0.04,15.0,0.05,15.0,,,45.045298,1776170093000
1776170095.063,295.063,0.99,747.86,0.98,15.0,0.97,15.0,0.96,15.0,0.95,15.0,,,,,,,,,,,,,,,,,,,,,0.01,747.86,0.02,15.0,0.03,15.0,0.04,15.0,0.05,15.0,,,45.053428,1776170094000
1776170096.095,296.095,0.99,747.86,0.98,15.0,0.97,15.0,0.96,15.0,0.95,15.0,,,,,,,,,,,,,,,,,,,,,0.01,747.86,0.02,15.0,0.03,15.0,0.04,15.0,0.05,15.0,,,45.056865,1776170095000
1776170097.132,297.132,0.99,747.86,0.98,15.0,0.97,15.0,0.96,15.0,0.95,15.0,,,,,,,,,,,,,,,,,,,,,0.01,747.86,0.02,15.0,0.03,15.0,0.04,15.0,0.05,15.0,,,45.057674,1776170096000
1776170098.224,298.224,0.99,747.86,0.98,15.0,0.97,15.0,0.96,15.0,0.95,15.0,,,,,,,,,,,,,,,,,,,,,0.01,747.86,0.02,15.0,0.03,15.0,0.04,15.0,0.05,15.0,,,45.061178,1776170097000
1776170099.369,299.369,0.99,747.86,0.98,15.0,0.97,15.0,0.96,15.0,0.95,15.0,,,,,,,,,,,,,,,,,,,,,0.01,747.86,0.02,15.0,0.03,15.0,0.04,15.0,0.05,15.0,,,45.064135,1776170098000
1776170099.906,299.906,0.99,747.86,0.98,15.0,0.97,15.0,0.96,15.0,0.95,15.0,,,,,,,,,,,,,,,,,,,,,0.01,747.86,0.02,15.0,0.03,15.0,0.04,15.0,0.05,15.0,,,45.064135,1776170099000

# RESULT,winner=Up,slug=hype-updown-5m-1776169800,ticks=310
