timestamp,elapsed_sec,up_bid_p1,up_bid_s1,up_bid_p2,up_bid_s2,up_ask_p1,up_ask_s1,up_ask_p2,up_ask_s2,down_bid_p1,down_bid_s1,down_bid_p2,down_bid_s2,down_ask_p1,down_ask_s1,down_ask_p2,down_ask_s2,up_spread,down_spread,hype_price,hype_oracle_ts
1776200711.402,11.402,0.27,5.0,0.26,5.0,0.34,10.0,0.51,5.0,0.66,10.0,0.49,5.0,0.73,5.0,0.74,5.0,0.07,0.07,43.264569,1776200709000
1776200711.72,11.72,0.27,5.0,0.26,5.0,0.51,5.0,0.52,5.0,0.66,10.0,0.49,5.0,0.73,5.0,0.74,5.0,0.24,0.07,43.264569,1776200709000
1776200712.432,12.432,0.27,5.0,0.26,5.0,0.51,5.0,0.52,5.0,0.49,5.0,0.48,5.0,0.73,5.0,0.74,5.0,0.24,0.24,43.259272,1776200711000
1776200713.737,13.737,0.27,5.0,0.26,5.0,0.51,5.0,0.52,5.0,0.49,5.0,0.48,5.0,0.73,5.0,0.74,5.0,0.24,0.24,43.259272,1776200712000
1776200714.358,14.358,0.27,5.0,0.26,5.0,0.51,5.0,0.52,5.0,0.49,5.0,0.48,5.0,0.73,5.0,0.74,5.0,0.24,0.24,43.257057,1776200713000
1776200715.625,15.625,0.27,5.0,0.26,5.0,0.51,5.0,0.52,5.0,0.49,5.0,0.48,5.0,0.73,5.0,0.74,5.0,0.24,0.24,43.256295,1776200714000
1776200716.29,16.29,0.27,5.0,0.26,5.0,0.51,5.0,0.52,5.0,0.49,5.0,0.48,5.0,0.73,5.0,0.74,5.0,0.24,0.24,43.255904,1776200715000
1776200717.427,17.427,0.27,5.0,0.26,5.0,0.51,5.0,0.52,5.0,0.49,5.0,0.48,5.0,0.73,5.0,0.74,5.0,0.24,0.24,43.250933,1776200716000
1776200718.103,18.103,0.27,5.0,0.26,5.0,0.51,5.0,0.52,5.0,0.49,5.0,0.48,5.0,0.73,5.0,0.74,5.0,0.24,0.24,43.248551,1776200717000
1776200719.254,19.254,0.27,5.0,0.26,5.0,0.51,5.0,0.52,5.0,0.49,5.0,0.48,5.0,0.73,5.0,0.74,5.0,0.24,0.24,43.244947,1776200718000
1776200720.353,20.353,0.16,5.0,0.15,5.0,0.23,5.0,0.4,5.0,0.77,5.0,0.6,5.0,0.84,5.0,0.85,5.0,0.07,0.07,43.235351,1776200719000
1776200720.959,20.959,0.16,5.0,0.15,5.0,0.23,5.0,0.4,5.0,0.77,5.0,0.6,5.0,0.84,5.0,0.85,5.0,0.07,0.07,43.233055,1776200720000
1776200722.396,22.396,0.16,5.0,0.15,5.0,0.23,5.0,0.4,5.0,0.77,5.0,0.6,5.0,0.84,5.0,0.85,5.0,0.07,0.07,43.219925,1776200721000
1776200722.91,22.91,0.16,5.0,0.15,5.0,0.23,5.0,0.4,5.0,0.77,5.0,0.6,5.0,0.84,5.0,0.85,5.0,0.07,0.07,43.218355,1776200722000
1776200724.321,24.321,0.16,5.0,0.15,5.0,0.23,5.0,0.4,5.0,0.77,5.0,0.6,5.0,0.84,5.0,0.85,5.0,0.07,0.07,43.215619,1776200723000
1776200725.549,25.549,0.16,5.0,0.15,5.0,0.23,5.0,0.4,5.0,0.77,5.0,0.6,5.0,0.84,5.0,0.85,5.0,0.07,0.07,43.214011,1776200724000
1776200726.244,26.244,0.16,5.0,0.15,5.0,0.23,5.0,0.4,5.0,0.77,5.0,0.6,5.0,0.84,5.0,0.85,5.0,0.07,0.07,43.210963,1776200725000
1776200726.946,26.946,0.16,5.0,0.15,5.0,0.23,5.0,0.4,5.0,0.77,5.0,0.6,5.0,0.84,5.0,0.85,5.0,0.07,0.07,43.204584,1776200726000
1776200728.522,28.522,0.16,5.0,0.15,5.0,0.23,5.0,0.4,5.0,0.77,5.0,0.6,5.0,0.84,5.0,0.85,5.0,0.07,0.07,43.206835,1776200727000
1776200729.572,29.572,0.16,5.0,0.15,5.0,0.23,5.0,0.4,5.0,0.77,5.0,0.6,5.0,0.84,5.0,0.85,5.0,0.07,0.07,43.206856,1776200728000
1776200730.131,30.131,0.16,5.0,0.15,5.0,0.23,5.0,0.4,5.0,0.77,5.0,0.6,5.0,0.84,5.0,0.85,5.0,0.07,0.07,43.206365,1776200729000
1776200731.569,31.569,0.16,5.0,0.15,5.0,0.23,5.0,0.4,5.0,0.77,5.0,0.6,5.0,0.84,5.0,0.85,5.0,0.07,0.07,43.206728,1776200730000
1776200732.148,32.148,0.16,5.0,0.15,5.0,0.23,5.0,0.4,5.0,0.77,5.0,0.6,5.0,0.84,5.0,0.85,5.0,0.07,0.07,43.206756,1776200731000
1776200733.407,33.407,0.16,5.0,0.15,5.0,0.23,5.0,0.4,5.0,0.77,5.0,0.6,5.0,0.84,5.0,0.85,5.0,0.07,0.07,43.206754,1776200732000
1776200734.103,34.103,0.16,5.0,0.15,5.0,0.23,5.0,0.4,5.0,0.77,5.0,0.6,5.0,0.84,5.0,0.85,5.0,0.07,0.07,43.204884,1776200733000
1776200735.216,35.216,0.16,5.0,0.15,5.0,0.23,5.0,0.4,5.0,0.77,5.0,0.6,5.0,0.84,5.0,0.85,5.0,0.07,0.07,43.200878,1776200734000
1776200736.612,36.612,0.16,5.0,0.15,5.0,0.23,5.0,0.4,5.0,0.77,5.0,0.6,5.0,0.84,5.0,0.85,5.0,0.07,0.07,43.201664,1776200735000
1776200737.177,37.177,0.16,5.0,0.15,5.0,0.23,5.0,0.4,5.0,0.77,5.0,0.6,5.0,0.84,5.0,0.85,5.0,0.07,0.07,43.201668,1776200736000
1776200738.469,38.469,0.16,5.0,0.15,5.0,0.23,5.0,0.4,5.0,0.77,5.0,0.6,5.0,0.84,5.0,0.85,5.0,0.07,0.07,43.200831,1776200737000
1776200739.077,39.077,0.16,5.0,0.15,5.0,0.23,5.0,0.4,5.0,0.77,5.0,0.6,5.0,0.84,5.0,0.85,5.0,0.07,0.07,43.201417,1776200738000
1776200740.281,40.281,0.16,5.0,0.15,5.0,0.23,5.0,0.4,5.0,0.77,5.0,0.6,5.0,0.84,5.0,0.85,5.0,0.07,0.07,43.204805,1776200739000
1776200741.561,41.561,0.16,5.0,0.15,5.0,0.23,5.0,0.4,5.0,0.77,5.0,0.6,5.0,0.84,5.0,0.85,5.0,0.07,0.07,43.204825,1776200740000
1776200742.05,42.05,0.16,5.0,0.15,5.0,0.23,5.0,0.4,5.0,0.77,5.0,0.6,5.0,0.84,5.0,0.85,5.0,0.07,0.07,43.204825,1776200741000
1776200743.326,43.326,0.16,5.0,0.15,5.0,0.23,5.0,0.4,5.0,0.77,5.0,0.6,5.0,0.84,5.0,0.85,5.0,0.07,0.07,43.209316,1776200742000
1776200745.143,45.143,0.17,15.0,0.16,15.0,0.18,2.14,0.19,10.0,0.82,2.14,0.81,10.0,0.83,15.0,0.84,15.0,0.01,0.01,43.208696,1776200744000
1776200746.282,46.282,0.17,15.0,0.16,15.0,0.18,2.14,0.19,10.0,0.82,2.14,0.81,10.0,0.83,15.0,0.84,15.0,0.01,0.01,43.208425,1776200745000
1776200747.189,47.189,0.17,15.0,0.16,15.0,0.18,2.14,0.19,10.0,0.82,2.14,0.81,10.0,0.83,15.0,0.84,15.0,0.01,0.01,43.207639,1776200746000
1776200748.262,48.262,0.17,15.0,0.16,15.0,0.18,2.14,0.19,10.0,0.82,2.14,0.81,10.0,0.83,15.0,0.84,15.0,0.01,0.01,43.201056,1776200747000
1776200749.229,49.229,0.17,15.0,0.16,15.0,0.18,2.14,0.19,10.0,0.82,2.14,0.81,10.0,0.83,15.0,0.84,15.0,0.01,0.01,43.201769,1776200748000
1776200750.224,50.224,0.17,15.0,0.16,15.0,0.18,2.14,0.19,10.0,0.82,2.14,0.81,10.0,0.83,15.0,0.84,15.0,0.01,0.01,43.200837,1776200749000
1776200751.272,51.272,0.17,15.0,0.16,15.0,0.18,2.14,0.19,10.0,0.82,2.14,0.81,10.0,0.83,15.0,0.84,15.0,0.01,0.01,43.200883,1776200750000
1776200752.276,52.276,0.17,15.0,0.16,15.0,0.18,2.14,0.19,10.0,0.82,2.14,0.81,10.0,0.83,15.0,0.84,15.0,0.01,0.01,43.199396,1776200751000
1776200753.243,53.243,0.17,15.0,0.16,15.0,0.18,2.14,0.19,10.0,0.82,2.14,0.81,10.0,0.83,15.0,0.84,15.0,0.01,0.01,43.197489,1776200752000
1776200753.912,53.912,0.17,15.0,0.16,15.0,0.18,2.14,0.19,10.0,0.82,2.14,0.81,10.0,0.83,15.0,0.84,15.0,0.01,0.01,43.198808,1776200753000
1776200755.116,55.116,0.17,15.0,0.16,15.0,0.18,2.14,0.19,10.0,0.82,2.14,0.81,10.0,0.83,15.0,0.84,15.0,0.01,0.01,43.199641,1776200754000
1776200755.927,55.927,0.17,15.0,0.16,15.0,0.18,2.14,0.19,10.0,0.82,2.14,0.81,10.0,0.83,15.0,0.84,15.0,0.01,0.01,43.200698,1776200755000
1776200756.951,56.951,0.17,15.0,0.16,15.0,0.18,2.14,0.19,10.0,0.82,2.14,0.81,10.0,0.83,15.0,0.84,15.0,0.01,0.01,43.198325,1776200756000
1776200758.635,58.635,0.17,15.0,0.16,15.0,0.18,2.14,0.19,10.0,0.82,2.14,0.81,10.0,0.83,15.0,0.84,15.0,0.01,0.01,43.19887,1776200757000
1776200759.07,59.07,0.17,15.0,0.16,15.0,0.18,2.14,0.19,10.0,0.82,2.14,0.81,10.0,0.83,15.0,0.84,15.0,0.01,0.01,43.19887,1776200758000
1776200760.231,60.231,0.17,15.0,0.16,15.0,0.18,2.14,0.19,10.0,0.82,2.14,0.81,10.0,0.83,15.0,0.84,15.0,0.01,0.01,43.19909,1776200759000
1776200761.426,61.426,0.17,15.0,0.16,15.0,0.18,2.14,0.19,10.0,0.82,2.14,0.81,10.0,0.83,15.0,0.84,15.0,0.01,0.01,43.198128,1776200760000
1776200761.883,61.883,0.17,15.0,0.16,15.0,0.18,2.14,0.19,10.0,0.82,2.14,0.81,10.0,0.83,15.0,0.84,15.0,0.01,0.01,43.198128,1776200761000
1776200763.03,63.03,0.17,15.0,0.16,15.0,0.18,2.14,0.19,10.0,0.82,2.14,0.81,10.0,0.83,15.0,0.84,15.0,0.01,0.01,43.199537,1776200762000
1776200764.156,64.156,0.17,15.0,0.16,15.0,0.18,2.14,0.19,10.0,0.82,2.14,0.81,10.0,0.83,15.0,0.84,15.0,0.01,0.01,43.199491,1776200763000
1776200764.523,64.523,0.15,5.0,0.14,15.0,0.16,10.0,0.27,15.0,0.82,2.14,0.81,10.0,0.83,15.0,0.84,15.0,0.01,0.01,43.199491,1776200763000
1776200765.234,65.234,0.14,15.0,0.13,15.0,0.16,10.0,0.27,15.0,0.84,10.0,0.73,15.0,0.86,15.0,0.87,15.0,0.02,0.02,43.199613,1776200764000
1776200766.23,66.23,0.14,15.0,0.13,15.0,0.16,10.0,0.27,15.0,0.84,10.0,0.73,15.0,0.86,15.0,0.87,15.0,0.02,0.02,43.197728,1776200765000
1776200767.393,67.393,0.14,15.0,0.13,15.0,0.16,10.0,0.27,15.0,0.84,10.0,0.73,15.0,0.86,15.0,0.87,15.0,0.02,0.02,43.196738,1776200766000
1776200767.863,67.863,0.14,15.0,0.13,15.0,0.16,10.0,0.27,15.0,0.84,10.0,0.73,15.0,0.86,15.0,0.87,15.0,0.02,0.02,43.196447,1776200767000
1776200769.005,69.005,0.14,15.0,0.13,15.0,0.16,10.0,0.27,15.0,0.84,10.0,0.73,15.0,0.86,15.0,0.87,15.0,0.02,0.02,43.196446,1776200768000
1776200770.126,70.126,0.14,15.0,0.13,15.0,0.16,10.0,0.27,15.0,0.84,10.0,0.73,15.0,0.86,15.0,0.87,15.0,0.02,0.02,43.196767,1776200769000
1776200771.221,71.221,0.14,15.0,0.13,15.0,0.16,10.0,0.27,15.0,0.84,10.0,0.73,15.0,0.86,15.0,0.87,15.0,0.02,0.02,43.196758,1776200770000
1776200772.889,72.889,0.14,15.0,0.13,15.0,0.16,10.0,0.27,15.0,0.84,10.0,0.73,15.0,0.86,15.0,0.87,15.0,0.02,0.02,43.196835,1776200771000
1776200773.4,73.4,0.14,15.0,0.13,15.0,0.16,10.0,0.27,15.0,0.84,10.0,0.73,15.0,0.86,15.0,0.87,15.0,0.02,0.02,43.196835,1776200772000
1776200773.799,73.799,0.14,15.0,0.13,15.0,0.16,10.0,0.27,15.0,0.84,10.0,0.73,15.0,0.86,15.0,0.87,15.0,0.02,0.02,43.196835,1776200773000
1776200774.622,74.622,0.13,15.0,0.12,15.0,0.16,10.0,0.18,10.0,0.84,10.0,0.73,15.0,0.86,15.0,0.87,15.0,0.03,0.02,43.196835,1776200773000
1776200774.899,74.899,0.13,15.0,0.12,15.0,0.16,10.0,0.18,10.0,0.84,10.0,0.82,10.0,0.87,15.0,0.88,15.0,0.03,0.03,43.19691,1776200774000
1776200776.291,76.291,0.13,15.0,0.12,15.0,0.16,10.0,0.18,10.0,0.84,10.0,0.82,10.0,0.87,15.0,0.88,15.0,0.03,0.03,43.198346,1776200775000
1776200777.18,77.18,0.13,15.0,0.12,15.0,0.16,10.0,0.18,10.0,0.84,10.0,0.82,10.0,0.87,15.0,0.88,15.0,0.03,0.03,43.198894,1776200776000
1776200778.172,78.172,0.13,15.0,0.12,15.0,0.16,10.0,0.18,10.0,0.84,10.0,0.82,10.0,0.87,15.0,0.88,15.0,0.03,0.03,43.199007,1776200777000
1776200779.123,79.123,0.13,15.0,0.12,15.0,0.16,10.0,0.18,10.0,0.84,10.0,0.82,10.0,0.87,15.0,0.88,15.0,0.03,0.03,43.199206,1776200778000
1776200780.179,80.179,0.13,15.0,0.12,15.0,0.16,10.0,0.18,10.0,0.84,10.0,0.82,10.0,0.87,15.0,0.88,15.0,0.03,0.03,43.199282,1776200779000
1776200781.118,81.118,0.13,15.0,0.12,15.0,0.16,10.0,0.18,10.0,0.84,10.0,0.82,10.0,0.87,15.0,0.88,15.0,0.03,0.03,43.201034,1776200780000
1776200782.079,82.079,0.13,15.0,0.12,15.0,0.16,10.0,0.18,10.0,0.84,10.0,0.82,10.0,0.87,15.0,0.88,15.0,0.03,0.03,43.2011,1776200781000
1776200783.072,83.072,0.13,15.0,0.12,15.0,0.16,10.0,0.18,10.0,0.84,10.0,0.82,10.0,0.87,15.0,0.88,15.0,0.03,0.03,43.201558,1776200782000
1776200784.066,84.066,0.13,15.0,0.12,15.0,0.16,10.0,0.18,10.0,0.84,10.0,0.82,10.0,0.87,15.0,0.88,15.0,0.03,0.03,43.203656,1776200783000
1776200785.585,85.585,0.13,15.0,0.12,15.0,0.16,10.0,0.18,10.0,0.84,10.0,0.82,10.0,0.87,15.0,0.88,15.0,0.03,0.03,43.203581,1776200784000
1776200786.058,86.058,0.13,15.0,0.12,15.0,0.16,10.0,0.18,10.0,0.84,10.0,0.82,10.0,0.87,15.0,0.88,15.0,0.03,0.03,43.203595,1776200785000
1776200787.1,87.1,0.13,15.0,0.12,15.0,0.16,10.0,0.18,10.0,0.84,10.0,0.82,10.0,0.87,15.0,0.88,15.0,0.03,0.03,43.203511,1776200786000
1776200788.118,88.118,0.13,15.0,0.12,15.0,0.16,10.0,0.18,10.0,0.84,10.0,0.82,10.0,0.87,15.0,0.88,15.0,0.03,0.03,43.203483,1776200787000
1776200789.108,89.108,0.13,15.0,0.12,15.0,0.16,10.0,0.18,10.0,0.84,10.0,0.82,10.0,0.87,15.0,0.88,15.0,0.03,0.03,43.201534,1776200788000
1776200790.117,90.117,0.13,15.0,0.12,15.0,0.16,10.0,0.18,10.0,0.84,10.0,0.82,10.0,0.87,15.0,0.88,15.0,0.03,0.03,43.199974,1776200789000
1776200791.1,91.1,0.13,15.0,0.12,15.0,0.16,10.0,0.18,10.0,0.84,10.0,0.82,10.0,0.87,15.0,0.88,15.0,0.03,0.03,43.199181,1776200790000
1776200792.124,92.124,0.13,15.0,0.12,15.0,0.16,10.0,0.18,10.0,0.84,10.0,0.82,10.0,0.87,15.0,0.88,15.0,0.03,0.03,43.199181,1776200791000
1776200793.511,93.511,0.13,15.0,0.12,15.0,0.16,10.0,0.18,10.0,0.84,10.0,0.82,10.0,0.87,15.0,0.88,15.0,0.03,0.03,43.199204,1776200792000
1776200794.208,94.208,0.13,15.0,0.12,15.0,0.16,10.0,0.18,10.0,0.84,10.0,0.82,10.0,0.87,15.0,0.88,15.0,0.03,0.03,43.199005,1776200793000
1776200795.218,95.218,0.13,15.0,0.12,15.0,0.16,10.0,0.18,10.0,0.84,10.0,0.82,10.0,0.87,15.0,0.88,15.0,0.03,0.03,43.198805,1776200794000
1776200796.237,96.237,0.13,15.0,0.12,15.0,0.16,10.0,0.18,10.0,0.84,10.0,0.82,10.0,0.87,15.0,0.88,15.0,0.03,0.03,43.198372,1776200795000
1776200797.245,97.245,0.13,15.0,0.12,15.0,0.16,10.0,0.18,10.0,0.84,10.0,0.82,10.0,0.87,15.0,0.88,15.0,0.03,0.03,43.197379,1776200796000
1776200798.827,98.827,0.13,15.0,0.12,15.0,0.16,10.0,0.18,10.0,0.84,10.0,0.82,10.0,0.87,15.0,0.88,15.0,0.03,0.03,43.197406,1776200797000
1776200799.306,99.306,0.13,15.0,0.12,15.0,0.16,10.0,0.18,10.0,0.84,10.0,0.82,10.0,0.87,15.0,0.88,15.0,0.03,0.03,43.197405,1776200798000
1776200800.336,100.336,0.13,15.0,0.12,15.0,0.16,10.0,0.18,10.0,0.84,10.0,0.82,10.0,0.87,15.0,0.88,15.0,0.03,0.03,43.19697,1776200799000
1776200801.28,101.28,0.13,15.0,0.12,15.0,0.16,10.0,0.18,10.0,0.84,10.0,0.82,10.0,0.87,15.0,0.88,15.0,0.03,0.03,43.194511,1776200800000
1776200802.262,102.262,0.13,15.0,0.12,15.0,0.16,10.0,0.18,10.0,0.84,10.0,0.82,10.0,0.87,15.0,0.88,15.0,0.03,0.03,43.193122,1776200801000
1776200803.313,103.313,0.13,15.0,0.12,15.0,0.16,10.0,0.18,10.0,0.84,10.0,0.82,10.0,0.87,15.0,0.88,15.0,0.03,0.03,43.192259,1776200802000
1776200804.315,104.315,0.13,15.0,0.12,15.0,0.16,10.0,0.18,10.0,0.84,10.0,0.82,10.0,0.87,15.0,0.88,15.0,0.03,0.03,43.192071,1776200803000
1776200805.247,105.247,0.13,15.0,0.12,15.0,0.16,10.0,0.18,10.0,0.84,10.0,0.82,10.0,0.87,15.0,0.88,15.0,0.03,0.03,43.191876,1776200804000
1776200806.344,106.344,0.13,15.0,0.12,15.0,0.16,10.0,0.18,10.0,0.84,10.0,0.82,10.0,0.87,15.0,0.88,15.0,0.03,0.03,43.190608,1776200805000
1776200807.243,107.243,0.13,15.0,0.12,15.0,0.16,10.0,0.18,10.0,0.84,10.0,0.82,10.0,0.87,15.0,0.88,15.0,0.03,0.03,43.191875,1776200806000
1776200808.252,108.252,0.13,15.0,0.12,15.0,0.16,10.0,0.18,10.0,0.84,10.0,0.82,10.0,0.87,15.0,0.88,15.0,0.03,0.03,43.191952,1776200807000
1776200809.372,109.372,0.13,15.0,0.12,15.0,0.16,10.0,0.18,10.0,0.84,10.0,0.82,10.0,0.87,15.0,0.88,15.0,0.03,0.03,43.19215,1776200808000
1776200809.8,109.8,0.13,15.0,0.12,15.0,0.16,10.0,0.18,10.0,0.84,10.0,0.82,10.0,0.87,15.0,0.88,15.0,0.03,0.03,43.192639,1776200809000
1776200810.849,110.849,0.13,15.0,0.12,15.0,0.16,10.0,0.18,10.0,0.84,10.0,0.82,10.0,0.87,15.0,0.88,15.0,0.03,0.03,43.192638,1776200810000
1776200811.939,111.939,0.13,15.0,0.12,15.0,0.16,10.0,0.18,10.0,0.84,10.0,0.82,10.0,0.87,15.0,0.88,15.0,0.03,0.03,43.192638,1776200811000
1776200813.092,113.092,0.13,15.0,0.12,15.0,0.16,10.0,0.18,10.0,0.84,10.0,0.82,10.0,0.87,15.0,0.88,15.0,0.03,0.03,43.192477,1776200812000
1776200814.04,114.04,0.13,15.0,0.12,15.0,0.16,10.0,0.18,10.0,0.84,10.0,0.82,10.0,0.87,15.0,0.88,15.0,0.03,0.03,43.192477,1776200813000
1776200815.146,115.146,0.13,15.0,0.12,15.0,0.16,10.0,0.18,10.0,0.84,10.0,0.82,10.0,0.87,15.0,0.88,15.0,0.03,0.03,43.19208,1776200814000
1776200816.095,116.095,0.13,15.0,0.12,15.0,0.16,10.0,0.18,10.0,0.84,10.0,0.82,10.0,0.87,15.0,0.88,15.0,0.03,0.03,43.189279,1776200815000
1776200817.196,117.196,0.13,15.0,0.12,15.0,0.16,10.0,0.18,10.0,0.84,10.0,0.82,10.0,0.87,15.0,0.88,15.0,0.03,0.03,43.188384,1776200816000
1776200818.312,118.312,0.13,15.0,0.12,15.0,0.16,10.0,0.18,10.0,0.84,10.0,0.82,10.0,0.87,15.0,0.88,15.0,0.03,0.03,43.187789,1776200817000
1776200819.452,119.452,0.13,15.0,0.12,15.0,0.16,10.0,0.18,10.0,0.84,10.0,0.82,10.0,0.87,15.0,0.88,15.0,0.03,0.03,43.187789,1776200818000
1776200819.936,119.936,0.13,15.0,0.12,15.0,0.16,10.0,0.18,10.0,0.84,10.0,0.82,10.0,0.87,15.0,0.88,15.0,0.03,0.03,43.187526,1776200819000
1776200821.045,121.045,0.13,15.0,0.12,15.0,0.16,10.0,0.18,10.0,0.84,10.0,0.82,10.0,0.87,15.0,0.88,15.0,0.03,0.03,43.187219,1776200820000
1776200822.179,122.179,0.13,15.0,0.12,15.0,0.16,10.0,0.18,10.0,0.84,10.0,0.82,10.0,0.87,15.0,0.88,15.0,0.03,0.03,43.187219,1776200821000
1776200823.309,123.309,0.13,15.0,0.12,15.0,0.16,10.0,0.18,10.0,0.84,10.0,0.82,10.0,0.87,15.0,0.88,15.0,0.03,0.03,43.189001,1776200822000
1776200824.352,124.352,0.13,15.0,0.12,15.0,0.16,10.0,0.18,10.0,0.84,10.0,0.82,10.0,0.87,15.0,0.88,15.0,0.03,0.03,43.189228,1776200823000
1776200825.596,125.596,0.13,15.0,0.12,15.0,0.16,10.0,0.18,10.0,0.84,10.0,0.82,10.0,0.87,15.0,0.88,15.0,0.03,0.03,43.19106,1776200824000
1776200826.158,126.158,0.13,15.0,0.12,15.0,0.16,10.0,0.18,10.0,0.84,10.0,0.82,10.0,0.87,15.0,0.88,15.0,0.03,0.03,43.191483,1776200825000
1776200827.234,127.234,0.13,15.0,0.12,15.0,0.16,10.0,0.18,10.0,0.84,10.0,0.82,10.0,0.87,15.0,0.88,15.0,0.03,0.03,43.191483,1776200826000
1776200828.219,128.219,0.13,15.0,0.12,15.0,0.16,10.0,0.18,10.0,0.84,10.0,0.82,10.0,0.87,15.0,0.88,15.0,0.03,0.03,43.191881,1776200827000
1776200829.212,129.212,0.13,15.0,0.12,15.0,0.16,10.0,0.18,10.0,0.84,10.0,0.82,10.0,0.87,15.0,0.88,15.0,0.03,0.03,43.19196,1776200828000
1776200830.267,130.267,0.13,15.0,0.12,15.0,0.16,10.0,0.18,10.0,0.84,10.0,0.82,10.0,0.87,15.0,0.88,15.0,0.03,0.03,43.187476,1776200829000
1776200831.248,131.248,0.13,15.0,0.12,15.0,0.16,10.0,0.18,10.0,0.84,10.0,0.82,10.0,0.87,15.0,0.88,15.0,0.03,0.03,43.189558,1776200830000
1776200832.307,132.307,0.13,15.0,0.12,15.0,0.16,10.0,0.18,10.0,0.84,10.0,0.82,10.0,0.87,15.0,0.88,15.0,0.03,0.03,43.188128,1776200831000
1776200833.614,133.614,0.13,15.0,0.12,15.0,0.16,10.0,0.18,10.0,0.84,10.0,0.82,10.0,0.87,15.0,0.88,15.0,0.03,0.03,43.186968,1776200832000
1776200834.09,134.09,0.13,15.0,0.12,15.0,0.16,10.0,0.18,10.0,0.84,10.0,0.82,10.0,0.87,15.0,0.88,15.0,0.03,0.03,43.186451,1776200833000
1776200835.059,135.059,0.13,15.0,0.12,15.0,0.16,10.0,0.18,10.0,0.84,10.0,0.82,10.0,0.87,15.0,0.88,15.0,0.03,0.03,43.18645,1776200834000
1776200836.025,136.025,0.13,15.0,0.12,15.0,0.16,10.0,0.18,10.0,0.84,10.0,0.82,10.0,0.87,15.0,0.88,15.0,0.03,0.03,43.18537,1776200835000
1776200836.943,136.943,0.13,15.0,0.12,15.0,0.16,10.0,0.18,10.0,0.84,10.0,0.82,10.0,0.87,15.0,0.88,15.0,0.03,0.03,43.184765,1776200836000
1776200838.133,138.133,0.13,15.0,0.12,15.0,0.16,10.0,0.18,10.0,0.84,10.0,0.82,10.0,0.87,15.0,0.88,15.0,0.03,0.03,43.185256,1776200837000
1776200839.143,139.143,0.13,15.0,0.12,15.0,0.16,10.0,0.18,10.0,0.84,10.0,0.82,10.0,0.87,15.0,0.88,15.0,0.03,0.03,43.183739,1776200838000
1776200840.316,140.316,0.13,15.0,0.12,15.0,0.16,10.0,0.18,10.0,0.84,10.0,0.82,10.0,0.87,15.0,0.88,15.0,0.03,0.03,43.184226,1776200839000
1776200841.186,141.186,0.13,15.0,0.12,15.0,0.16,10.0,0.18,10.0,0.84,10.0,0.82,10.0,0.87,15.0,0.88,15.0,0.03,0.03,43.185015,1776200840000
1776200842.287,142.287,0.13,15.0,0.12,15.0,0.16,10.0,0.18,10.0,0.84,10.0,0.82,10.0,0.87,15.0,0.88,15.0,0.03,0.03,43.184866,1776200841000
1776200843.187,143.187,0.13,15.0,0.12,15.0,0.16,10.0,0.18,10.0,0.84,10.0,0.82,10.0,0.87,15.0,0.88,15.0,0.03,0.03,43.185566,1776200842000
1776200844.19,144.19,0.13,15.0,0.12,15.0,0.16,10.0,0.18,10.0,0.84,10.0,0.82,10.0,0.87,15.0,0.88,15.0,0.03,0.03,43.185746,1776200843000
1776200845.184,145.184,0.13,15.0,0.12,15.0,0.16,10.0,0.18,10.0,0.84,10.0,0.82,10.0,0.87,15.0,0.88,15.0,0.03,0.03,43.185746,1776200844000
1776200846.152,146.152,0.13,15.0,0.12,15.0,0.16,10.0,0.18,10.0,0.84,10.0,0.82,10.0,0.87,15.0,0.88,15.0,0.03,0.03,43.185764,1776200845000
1776200847.173,147.173,0.13,15.0,0.12,15.0,0.16,10.0,0.18,10.0,0.84,10.0,0.82,10.0,0.87,15.0,0.88,15.0,0.03,0.03,43.185553,1776200846000
1776200848.122,148.122,0.13,15.0,0.12,15.0,0.16,10.0,0.18,10.0,0.84,10.0,0.82,10.0,0.87,15.0,0.88,15.0,0.03,0.03,43.185539,1776200847000
1776200849.157,149.157,0.13,15.0,0.12,15.0,0.16,10.0,0.18,10.0,0.84,10.0,0.82,10.0,0.87,15.0,0.88,15.0,0.03,0.03,43.184204,1776200848000
1776200850.152,150.152,0.13,15.0,0.12,15.0,0.16,10.0,0.18,10.0,0.84,10.0,0.82,10.0,0.87,15.0,0.88,15.0,0.03,0.03,43.183523,1776200849000
1776200851.174,151.174,0.13,15.0,0.12,15.0,0.16,10.0,0.18,10.0,0.84,10.0,0.82,10.0,0.87,15.0,0.88,15.0,0.03,0.03,43.183502,1776200850000
1776200852.44,152.44,0.13,15.0,0.12,15.0,0.16,10.0,0.18,10.0,0.84,10.0,0.82,10.0,0.87,15.0,0.88,15.0,0.03,0.03,43.183505,1776200851000
1776200853.005,153.005,0.13,15.0,0.12,15.0,0.16,10.0,0.18,10.0,0.84,10.0,0.82,10.0,0.87,15.0,0.88,15.0,0.03,0.03,43.183505,1776200852000
1776200854.502,154.502,0.13,15.0,0.12,15.0,0.16,10.0,0.18,10.0,0.84,10.0,0.82,10.0,0.87,15.0,0.88,15.0,0.03,0.03,43.183529,1776200853000
1776200855.011,155.011,0.13,15.0,0.12,15.0,0.16,10.0,0.18,10.0,0.84,10.0,0.82,10.0,0.87,15.0,0.88,15.0,0.03,0.03,43.183529,1776200854000
1776200856.271,156.271,0.13,15.0,0.12,15.0,0.16,10.0,0.18,10.0,0.84,10.0,0.82,10.0,0.87,15.0,0.88,15.0,0.03,0.03,43.182431,1776200855000
1776200857.456,157.456,0.13,15.0,0.12,15.0,0.16,10.0,0.18,10.0,0.84,10.0,0.82,10.0,0.87,15.0,0.88,15.0,0.03,0.03,43.182469,1776200856000
1776200858.054,158.054,0.13,15.0,0.12,15.0,0.16,10.0,0.18,10.0,0.84,10.0,0.82,10.0,0.87,15.0,0.88,15.0,0.03,0.03,43.182469,1776200857000
1776200859.285,159.285,0.13,15.0,0.12,15.0,0.16,10.0,0.18,10.0,0.84,10.0,0.82,10.0,0.87,15.0,0.88,15.0,0.03,0.03,43.182469,1776200858000
1776200860.418,160.418,0.03,52.53,0.02,25.0,0.06,15.0,0.07,15.0,0.94,15.0,0.93,15.0,0.97,52.53,0.98,25.0,0.03,0.03,43.182445,1776200859000
1776200860.976,160.976,0.03,52.53,0.02,25.0,0.06,15.0,0.07,15.0,0.94,15.0,0.93,15.0,0.97,52.53,0.98,25.0,0.03,0.03,43.179858,1776200860000
1776200862.117,162.117,0.03,52.53,0.02,25.0,0.06,15.0,0.07,15.0,0.94,15.0,0.93,15.0,0.97,52.53,0.98,25.0,0.03,0.03,43.179941,1776200861000
1776200863.194,163.194,0.03,52.53,0.02,25.0,0.06,15.0,0.07,15.0,0.94,15.0,0.93,15.0,0.97,52.53,0.98,25.0,0.03,0.03,43.18022,1776200862000
1776200864.422,164.422,0.03,52.53,0.02,25.0,0.06,15.0,0.07,15.0,0.94,15.0,0.93,15.0,0.97,52.53,0.98,25.0,0.03,0.03,43.177998,1776200863000
1776200864.946,164.946,0.03,52.53,0.02,25.0,0.06,15.0,0.07,15.0,0.94,15.0,0.93,15.0,0.97,52.53,0.98,25.0,0.03,0.03,43.178195,1776200864000
1776200865.347,165.347,0.03,32.53,0.02,25.0,0.05,20.0,0.06,15.0,0.94,15.0,0.93,15.0,0.97,52.53,0.98,25.0,0.02,0.03,43.178195,1776200864000
1776200866.171,166.171,0.03,32.53,0.02,25.0,0.05,20.0,0.06,15.0,0.95,20.0,0.94,15.0,0.97,32.53,0.98,25.0,0.02,0.02,43.176581,1776200865000
1776200867.716,167.716,0.03,32.53,0.02,25.0,0.05,20.0,0.06,15.0,0.95,20.0,0.94,15.0,0.97,32.53,0.98,25.0,0.02,0.02,43.176321,1776200866000
1776200868.274,168.274,0.03,32.53,0.02,25.0,0.05,20.0,0.06,15.0,0.95,20.0,0.94,15.0,0.97,32.53,0.98,25.0,0.02,0.02,43.176321,1776200867000
1776200869.274,169.274,0.03,32.53,0.02,25.0,0.05,20.0,0.06,15.0,0.95,20.0,0.94,15.0,0.97,32.53,0.98,25.0,0.02,0.02,43.177192,1776200868000
1776200870.382,170.382,0.03,32.53,0.02,25.0,0.05,20.0,0.06,15.0,0.95,20.0,0.94,15.0,0.97,32.53,0.98,25.0,0.02,0.02,43.177785,1776200869000
1776200870.913,170.913,0.03,32.53,0.02,25.0,0.05,20.0,0.06,15.0,0.95,20.0,0.94,15.0,0.97,32.53,0.98,25.0,0.02,0.02,43.1777,1776200870000
1776200872.01,172.01,0.03,32.53,0.02,25.0,0.05,20.0,0.06,15.0,0.95,20.0,0.94,15.0,0.97,32.53,0.98,25.0,0.02,0.02,43.1777,1776200871000
1776200872.31,172.31,0.02,25.0,0.01,235.0,0.04,20.0,0.05,20.0,0.95,20.0,0.94,15.0,0.97,32.53,0.98,25.0,0.02,0.02,43.1777,1776200871000
1776200873.138,173.138,0.02,25.0,0.01,235.0,0.04,20.0,0.05,20.0,0.96,20.0,0.95,20.0,0.98,25.0,0.99,235.0,0.02,0.02,43.177502,1776200872000
1776200874.312,174.312,0.02,25.0,0.01,235.0,0.04,20.0,0.05,20.0,0.96,20.0,0.95,20.0,0.98,25.0,0.99,235.0,0.02,0.02,43.175675,1776200873000
1776200875.382,175.382,0.02,25.0,0.01,235.0,0.04,20.0,0.05,20.0,0.96,20.0,0.95,20.0,0.98,25.0,0.99,235.0,0.02,0.02,43.17164,1776200874000
1776200875.967,175.967,0.02,25.0,0.01,235.0,0.04,20.0,0.05,20.0,0.96,20.0,0.95,20.0,0.98,25.0,0.99,235.0,0.02,0.02,43.169764,1776200875000
1776200877.11,177.11,0.02,25.0,0.01,235.0,0.04,20.0,0.05,20.0,0.96,20.0,0.95,20.0,0.98,25.0,0.99,235.0,0.02,0.02,43.168505,1776200876000
1776200878.271,178.271,0.02,25.0,0.01,235.0,0.04,20.0,0.05,20.0,0.96,20.0,0.95,20.0,0.98,25.0,0.99,235.0,0.02,0.02,43.165708,1776200877000
1776200878.806,178.806,0.02,25.0,0.01,235.0,0.04,20.0,0.05,20.0,0.96,20.0,0.95,20.0,0.98,25.0,0.99,235.0,0.02,0.02,43.160528,1776200878000
1776200879.848,179.848,0.02,25.0,0.01,235.0,0.04,20.0,0.05,20.0,0.96,20.0,0.95,20.0,0.98,25.0,0.99,235.0,0.02,0.02,43.160286,1776200879000
1776200880.614,180.614,0.01,215.0,,,0.03,20.0,0.04,15.0,0.96,20.0,0.95,20.0,0.98,25.0,0.99,235.0,0.02,0.02,43.160286,1776200879000
1776200881.063,181.063,0.01,215.0,,,0.03,20.0,0.04,15.0,0.97,20.0,0.96,15.0,0.99,215.0,,,0.02,0.02,43.159661,1776200880000
1776200882.037,182.037,0.01,215.0,,,0.03,20.0,0.04,15.0,0.97,20.0,0.96,15.0,0.99,215.0,,,0.02,0.02,43.159419,1776200881000
1776200883.07,183.07,0.01,215.0,,,0.03,20.0,0.04,15.0,0.97,20.0,0.96,15.0,0.99,215.0,,,0.02,0.02,43.160094,1776200882000
1776200884.079,184.079,0.01,215.0,,,0.03,20.0,0.04,15.0,0.97,20.0,0.96,15.0,0.99,215.0,,,0.02,0.02,43.161762,1776200883000
1776200885.146,185.146,0.01,215.0,,,0.03,20.0,0.04,15.0,0.97,20.0,0.96,15.0,0.99,215.0,,,0.02,0.02,43.162293,1776200884000
1776200886.139,186.139,0.01,215.0,,,0.03,20.0,0.04,15.0,0.97,20.0,0.96,15.0,0.99,215.0,,,0.02,0.02,43.162758,1776200885000
1776200887.146,187.146,0.01,215.0,,,0.03,20.0,0.04,15.0,0.97,20.0,0.96,15.0,0.99,215.0,,,0.02,0.02,43.163349,1776200886000
1776200888.181,188.181,0.01,215.0,,,0.03,20.0,0.04,15.0,0.97,20.0,0.96,15.0,0.99,215.0,,,0.02,0.02,43.163276,1776200887000
1776200889.179,189.179,0.01,215.0,,,0.03,20.0,0.04,15.0,0.97,20.0,0.96,15.0,0.99,215.0,,,0.02,0.02,43.163834,1776200888000
1776200890.289,190.289,0.01,215.0,,,0.03,20.0,0.04,15.0,0.97,20.0,0.96,15.0,0.99,215.0,,,0.02,0.02,43.169359,1776200889000
1776200891.265,191.265,0.01,215.0,,,0.03,20.0,0.04,15.0,0.97,20.0,0.96,15.0,0.99,215.0,,,0.02,0.02,43.173762,1776200890000
1776200892.361,192.361,0.01,215.0,,,0.03,20.0,0.04,15.0,0.97,20.0,0.96,15.0,0.99,215.0,,,0.02,0.02,43.170539,1776200891000
1776200893.422,193.422,0.01,215.0,,,0.03,20.0,0.04,15.0,0.97,20.0,0.96,15.0,0.99,215.0,,,0.02,0.02,43.167348,1776200892000
1776200893.869,193.869,0.01,215.0,,,0.03,20.0,0.04,15.0,0.97,20.0,0.96,15.0,0.99,215.0,,,0.02,0.02,43.16651,1776200893000
1776200895.395,195.395,0.01,215.0,,,0.03,20.0,0.04,15.0,0.97,20.0,0.96,15.0,0.99,215.0,,,0.02,0.02,43.164919,1776200894000
1776200896.016,196.016,0.01,215.0,,,0.03,20.0,0.04,15.0,0.97,20.0,0.96,15.0,0.99,215.0,,,0.02,0.02,43.164722,1776200895000
1776200897.052,197.052,0.01,215.0,,,0.03,20.0,0.04,15.0,0.97,20.0,0.96,15.0,0.99,215.0,,,0.02,0.02,43.16492,1776200896000
1776200898.125,198.125,0.01,215.0,,,0.03,20.0,0.04,15.0,0.97,20.0,0.96,15.0,0.99,215.0,,,0.02,0.02,43.165064,1776200897000
1776200899.157,199.157,0.01,215.0,,,0.03,20.0,0.04,15.0,0.97,20.0,0.96,15.0,0.99,215.0,,,0.02,0.02,43.163758,1776200898000
1776200900.273,200.273,0.01,215.0,,,0.03,20.0,0.04,15.0,0.97,20.0,0.96,15.0,0.99,215.0,,,0.02,0.02,43.164229,1776200899000
1776200901.195,201.195,0.01,215.0,,,0.03,20.0,0.04,15.0,0.97,20.0,0.96,15.0,0.99,215.0,,,0.02,0.02,43.163045,1776200900000
1776200902.281,202.281,0.01,215.0,,,0.03,20.0,0.04,15.0,0.97,20.0,0.96,15.0,0.99,215.0,,,0.02,0.02,43.163045,1776200901000
1776200903.309,203.309,0.01,215.0,,,0.03,20.0,0.04,15.0,0.97,20.0,0.96,15.0,0.99,215.0,,,0.02,0.02,43.1622,1776200902000
1776200903.798,203.798,0.01,215.0,,,0.03,20.0,0.04,15.0,0.97,20.0,0.96,15.0,0.99,215.0,,,0.02,0.02,43.1622,1776200903000
1776200904.958,204.958,0.01,215.0,,,0.03,20.0,0.04,15.0,0.97,20.0,0.96,15.0,0.99,215.0,,,0.02,0.02,43.162133,1776200904000
1776200905.973,205.973,0.01,215.0,,,0.03,20.0,0.04,15.0,0.97,20.0,0.96,15.0,0.99,215.0,,,0.02,0.02,43.161936,1776200905000
1776200907.004,207.004,0.01,215.0,,,0.03,20.0,0.04,15.0,0.97,20.0,0.96,15.0,0.99,215.0,,,0.02,0.02,43.161936,1776200906000
1776200908.134,208.134,0.01,215.0,,,0.03,20.0,0.04,15.0,0.97,20.0,0.96,15.0,0.99,215.0,,,0.02,0.02,43.161848,1776200907000
1776200909.223,209.223,0.01,215.0,,,0.03,20.0,0.04,15.0,0.97,20.0,0.96,15.0,0.99,215.0,,,0.02,0.02,43.161899,1776200908000
1776200910.953,210.953,0.01,215.0,,,0.03,20.0,0.04,15.0,0.97,20.0,0.96,15.0,0.99,215.0,,,0.02,0.02,43.161641,1776200909000
1776200911.493,211.493,0.01,215.0,,,0.03,20.0,0.04,15.0,0.97,20.0,0.96,15.0,0.99,215.0,,,0.02,0.02,43.161281,1776200910000
1776200912.453,212.453,0.01,215.0,,,0.03,20.0,0.04,15.0,0.97,20.0,0.96,15.0,0.99,215.0,,,0.02,0.02,43.162269,1776200911000
1776200913.255,213.255,0.01,215.0,,,0.03,20.0,0.04,15.0,0.97,20.0,0.96,15.0,0.99,215.0,,,0.02,0.02,43.162974,1776200912000
1776200914.556,214.556,0.01,215.0,,,0.03,20.0,0.04,15.0,0.97,20.0,0.96,15.0,0.99,215.0,,,0.02,0.02,43.163468,1776200913000
1776200915.204,215.204,0.01,215.0,,,0.03,20.0,0.04,15.0,0.97,20.0,0.96,15.0,0.99,215.0,,,0.02,0.02,43.16417,1776200914000
1776200916.528,216.528,0.01,215.0,,,0.03,20.0,0.04,15.0,0.97,20.0,0.96,15.0,0.99,215.0,,,0.02,0.02,43.164832,1776200915000
1776200917.4,217.4,0.01,215.0,,,0.03,20.0,0.04,15.0,0.97,20.0,0.96,15.0,0.99,215.0,,,0.02,0.02,43.164793,1776200916000
1776200918.219,218.219,0.01,215.0,,,0.03,20.0,0.04,15.0,0.97,20.0,0.96,15.0,0.99,215.0,,,0.02,0.02,43.164687,1776200917000
1776200919.585,219.585,0.01,215.0,,,0.03,20.0,0.04,15.0,0.97,20.0,0.96,15.0,0.99,215.0,,,0.02,0.02,43.164884,1776200918000
1776200920.182,220.182,0.01,215.0,,,0.03,20.0,0.04,15.0,0.97,20.0,0.96,15.0,0.99,215.0,,,0.02,0.02,43.164883,1776200919000
1776200921.597,221.597,0.01,215.0,,,0.03,20.0,0.04,15.0,0.97,20.0,0.96,15.0,0.99,215.0,,,0.02,0.02,43.165081,1776200920000
1776200922.448,222.448,0.01,215.0,,,0.03,20.0,0.04,15.0,0.97,20.0,0.96,15.0,0.99,215.0,,,0.02,0.02,43.164585,1776200921000
1776200923.086,223.086,0.01,215.0,,,0.03,20.0,0.04,15.0,0.97,20.0,0.96,15.0,0.99,215.0,,,0.02,0.02,43.164663,1776200922000
1776200924.603,224.603,0.01,215.0,,,0.03,20.0,0.04,15.0,0.97,20.0,0.96,15.0,0.99,215.0,,,0.02,0.02,43.164662,1776200923000
1776200925.275,225.275,0.01,215.0,,,0.03,20.0,0.04,15.0,0.97,20.0,0.96,15.0,0.99,215.0,,,0.02,0.02,43.164662,1776200924000
1776200926.701,226.701,0.01,215.0,,,0.03,20.0,0.04,15.0,0.97,20.0,0.96,15.0,0.99,215.0,,,0.02,0.02,43.164959,1776200925000
1776200927.767,227.767,0.01,215.0,,,0.03,20.0,0.04,15.0,0.97,20.0,0.96,15.0,0.99,215.0,,,0.02,0.02,43.164959,1776200926000
1776200928.524,228.524,0.01,215.0,,,0.03,20.0,0.04,15.0,0.97,20.0,0.96,15.0,0.99,215.0,,,0.02,0.02,43.165039,1776200927000
1776200929.15,229.15,0.01,215.0,,,0.03,20.0,0.04,15.0,0.97,20.0,0.96,15.0,0.99,215.0,,,0.02,0.02,43.16318,1776200928000
1776200930.249,230.249,0.01,215.0,,,0.03,20.0,0.04,15.0,0.97,20.0,0.96,15.0,0.99,215.0,,,0.02,0.02,43.162196,1776200929000
1776200931.33,231.33,0.01,190.0,,,0.02,15.0,0.03,15.0,0.97,20.0,0.96,15.0,0.99,215.0,,,0.01,0.02,43.162196,1776200929000
1776200931.769,231.769,0.01,190.0,,,0.02,15.0,0.03,15.0,0.98,15.0,0.97,15.0,0.99,190.0,,,0.01,0.01,43.162647,1776200931000
1776200933.285,233.285,0.01,190.0,,,0.02,15.0,0.03,15.0,0.98,15.0,0.97,15.0,0.99,190.0,,,0.01,0.01,43.162647,1776200932000
1776200934.185,234.185,0.01,180.0,,,0.02,20.0,0.03,15.0,0.98,15.0,0.97,15.0,0.99,190.0,,,0.01,0.01,43.162647,1776200932000
1776200934.81,234.81,0.01,180.0,,,0.02,20.0,0.03,15.0,0.98,20.0,0.97,15.0,0.99,180.0,,,0.01,0.01,43.163425,1776200933000
1776200935.317,235.317,0.01,180.0,,,0.02,20.0,0.03,15.0,0.98,20.0,0.97,15.0,0.99,180.0,,,0.01,0.01,43.163425,1776200934000
1776200936.117,236.117,0.01,180.0,,,0.02,20.0,0.03,15.0,0.98,20.0,0.97,15.0,0.99,180.0,,,0.01,0.01,43.163425,1776200935000
1776200937.015,237.015,0.01,170.0,,,0.02,20.0,0.03,15.0,0.98,20.0,0.97,15.0,0.99,180.0,,,0.01,0.01,43.163425,1776200935000
1776200938.255,238.255,0.01,170.0,,,0.02,20.0,0.03,15.0,0.98,20.0,0.97,15.0,0.99,170.0,,,0.01,0.01,43.162121,1776200937000
1776200939.379,239.379,0.01,170.0,,,0.02,20.0,0.03,15.0,0.98,20.0,0.97,15.0,0.99,170.0,,,0.01,0.01,43.162151,1776200938000
1776200939.816,239.816,0.01,160.0,,,0.02,20.0,0.03,15.0,0.98,20.0,0.97,15.0,0.99,170.0,,,0.01,0.01,43.162151,1776200938000
1776200941.213,241.213,0.01,160.0,,,0.02,20.0,0.03,15.0,0.98,20.0,0.97,15.0,0.99,160.0,,,0.01,0.01,43.16269,1776200940000
1776200942.854,242.854,0.01,160.0,,,0.02,20.0,0.03,15.0,0.98,20.0,0.97,15.0,0.99,160.0,,,0.01,0.01,43.163074,1776200941000
1776200943.513,243.513,0.01,160.0,,,0.02,20.0,0.03,15.0,0.98,20.0,0.97,15.0,0.99,160.0,,,0.01,0.01,43.166847,1776200942000
1776200944.107,244.107,0.01,150.0,,,0.02,15.0,0.03,15.0,0.98,15.0,0.97,15.0,0.99,150.0,,,0.01,0.01,43.166847,1776200943000
1776200945.385,245.385,0.01,150.0,,,0.02,15.0,0.03,15.0,0.98,15.0,0.97,15.0,0.99,150.0,,,0.01,0.01,43.170569,1776200944000
1776200946.068,246.068,0.01,150.0,,,0.02,15.0,0.03,15.0,0.98,15.0,0.97,15.0,0.99,150.0,,,0.01,0.01,43.170569,1776200945000
1776200947.503,247.503,0.01,150.0,,,0.02,15.0,0.03,15.0,0.98,15.0,0.97,15.0,0.99,150.0,,,0.01,0.01,43.171322,1776200946000
1776200948.123,248.123,0.01,150.0,,,0.02,15.0,0.03,15.0,0.98,15.0,0.97,15.0,0.99,150.0,,,0.01,0.01,43.171486,1776200947000
1776200949.539,249.539,0.01,150.0,,,0.02,15.0,0.03,15.0,0.98,15.0,0.97,15.0,0.99,150.0,,,0.01,0.01,43.171721,1776200948000
1776200950.385,250.385,0.01,150.0,,,0.02,15.0,0.03,15.0,0.98,15.0,0.97,15.0,0.99,150.0,,,0.01,0.01,43.171732,1776200949000
1776200951.014,251.014,0.01,150.0,,,0.02,15.0,0.03,15.0,0.98,15.0,0.97,15.0,0.99,150.0,,,0.01,0.01,43.171711,1776200950000
1776200952.259,252.259,0.01,150.0,,,0.02,15.0,0.03,15.0,0.98,15.0,0.97,15.0,0.99,150.0,,,0.01,0.01,43.172106,1776200951000
1776200953.44,253.44,0.01,150.0,,,0.02,15.0,0.03,15.0,0.98,15.0,0.97,15.0,0.99,150.0,,,0.01,0.01,43.172105,1776200952000
1776200954.168,254.168,0.01,150.0,,,0.02,15.0,0.03,15.0,0.98,15.0,0.97,15.0,0.99,150.0,,,0.01,0.01,43.172188,1776200953000
1776200955.486,255.486,0.01,150.0,,,0.02,15.0,0.03,15.0,0.98,15.0,0.97,15.0,0.99,150.0,,,0.01,0.01,43.172497,1776200954000
1776200956.194,256.194,0.01,150.0,,,0.02,15.0,0.03,15.0,0.98,15.0,0.97,15.0,0.99,150.0,,,0.01,0.01,43.172679,1776200955000
1776200957.469,257.469,0.01,150.0,,,0.02,15.0,0.03,15.0,0.98,15.0,0.97,15.0,0.99,150.0,,,0.01,0.01,43.172169,1776200956000
1776200958.182,258.182,0.01,150.0,,,0.02,15.0,0.03,15.0,0.98,15.0,0.97,15.0,0.99,150.0,,,0.01,0.01,43.178295,1776200957000
1776200959.787,259.787,0.01,150.0,,,0.02,15.0,0.03,15.0,0.98,15.0,0.97,15.0,0.99,150.0,,,0.01,0.01,43.181137,1776200958000
1776200960.341,260.341,0.01,150.0,,,0.02,15.0,0.03,15.0,0.98,15.0,0.97,15.0,0.99,150.0,,,0.01,0.01,43.179101,1776200959000
1776200961.309,261.309,0.01,150.0,,,0.02,15.0,0.03,15.0,0.98,15.0,0.97,15.0,0.99,150.0,,,0.01,0.01,43.186588,1776200960000
1776200961.774,261.774,0.01,150.0,,,0.02,15.0,0.03,15.0,0.98,15.0,0.97,15.0,0.99,150.0,,,0.01,0.01,43.187032,1776200961000
1776200963.282,263.282,0.01,150.0,,,0.02,15.0,0.03,15.0,0.98,15.0,0.97,15.0,0.99,150.0,,,0.01,0.01,43.19854,1776200962000
1776200963.743,263.743,0.01,152.3,,,0.02,5.0,0.04,15.0,0.98,15.0,0.97,15.0,0.99,150.0,,,0.01,0.01,43.19854,1776200962000
1776200964.314,264.314,0.01,152.3,,,0.02,5.0,0.04,15.0,0.98,5.0,0.96,15.0,0.99,152.3,,,0.01,0.01,43.209468,1776200963000
1776200964.58,264.58,0.01,152.3,,,0.04,15.0,0.05,15.0,0.98,5.0,0.96,15.0,0.99,152.3,,,0.03,0.01,43.209468,1776200963000
1776200965.189,265.189,0.01,152.3,,,0.04,15.0,0.05,15.0,0.96,15.0,0.95,15.0,0.99,152.3,,,0.03,0.03,43.211976,1776200964000
1776200966.093,266.093,0.01,152.3,,,0.04,15.0,0.05,15.0,0.96,15.0,0.95,15.0,0.99,152.3,,,0.03,0.03,43.212299,1776200965000
1776200967.125,267.125,0.01,152.3,,,0.04,15.0,0.05,15.0,0.96,15.0,0.95,15.0,0.99,152.3,,,0.03,0.03,43.214478,1776200966000
1776200968.03,268.03,0.01,152.3,,,0.04,15.0,0.05,15.0,0.96,15.0,0.95,15.0,0.99,152.3,,,0.03,0.03,43.220058,1776200967000
1776200968.307,268.307,0.01,152.3,,,0.05,15.0,0.06,15.0,0.96,15.0,0.95,15.0,0.99,152.3,,,0.04,0.03,43.220058,1776200967000
1776200969.058,269.058,0.01,152.3,,,0.05,15.0,0.06,15.0,0.95,15.0,0.94,15.0,0.99,152.3,,,0.04,0.04,43.223143,1776200968000
1776200969.681,269.681,0.01,137.3,,,0.02,2.74,0.03,15.0,0.95,15.0,0.94,15.0,0.99,152.3,,,0.01,0.04,43.223143,1776200968000
1776200970.134,270.134,0.01,137.3,,,0.02,2.74,0.03,15.0,0.98,2.74,0.97,15.0,0.99,137.3,,,0.01,0.01,43.222537,1776200969000
1776200971.012,271.012,0.01,137.3,,,0.02,2.74,0.03,15.0,0.98,2.74,0.97,15.0,0.99,137.3,,,0.01,0.01,43.217981,1776200970000
1776200972.7,272.7,0.01,137.3,,,0.02,2.74,0.03,15.0,0.98,2.74,0.97,15.0,0.99,137.3,,,0.01,0.01,43.209692,1776200971000
1776200973.253,273.253,0.01,137.3,,,0.02,2.74,0.03,15.0,0.98,2.74,0.97,15.0,0.99,137.3,,,0.01,0.01,43.203276,1776200972000
1776200973.68,273.68,0.01,136.28,,,0.02,2.74,0.03,15.0,0.98,2.74,0.97,15.0,0.99,137.3,,,0.01,0.01,43.203276,1776200972000
1776200974.462,274.462,0.01,136.28,,,0.02,2.74,0.03,15.0,0.98,2.74,0.97,15.0,0.99,136.28,,,0.01,0.01,43.202879,1776200973000
1776200974.929,274.929,0.01,136.28,,,0.02,2.74,0.03,15.0,0.98,2.74,0.97,15.0,0.99,136.28,,,0.01,0.01,43.201783,1776200974000
1776200976.273,276.273,0.01,136.28,,,0.02,2.74,0.03,15.0,0.98,2.74,0.97,15.0,0.99,136.28,,,0.01,0.01,43.19956,1776200975000
1776200977.05,277.05,,,,,0.01,863.72,0.12,53.0,0.98,2.74,0.97,15.0,0.99,136.28,,,,0.01,43.19956,1776200975000
1776200977.293,277.293,,,,,0.01,863.72,0.12,53.0,0.99,863.72,0.88,53.0,,,,,,,43.197895,1776200976000
1776200977.881,277.881,,,,,0.01,863.72,0.12,53.0,0.99,863.72,0.88,53.0,,,,,,,43.197895,1776200977000
1776200978.317,278.317,,,,,0.01,929.15,0.12,53.0,0.99,863.72,0.88,53.0,,,,,,,43.197895,1776200977000
1776200978.977,278.977,,,,,0.01,929.15,0.12,53.0,0.99,929.15,0.88,53.0,,,,,,,43.197894,1776200978000
1776200980.057,280.057,,,,,0.01,929.15,0.12,53.0,0.99,929.15,0.88,53.0,,,,,,,43.197894,1776200979000
1776200981.18,281.18,,,,,0.01,929.15,0.12,53.0,0.99,929.15,0.88,53.0,,,,,,,43.197621,1776200980000
1776200982.302,282.302,,,,,0.01,929.15,0.12,53.0,0.99,929.15,0.88,53.0,,,,,,,43.198207,1776200981000
1776200983.548,283.548,,,,,0.01,929.15,0.12,53.0,0.99,929.15,0.88,53.0,,,,,,,43.198244,1776200982000
1776200984.071,284.071,,,,,0.01,929.15,0.12,53.0,0.99,929.15,0.88,53.0,,,,,,,43.198241,1776200983000
1776200985.116,285.116,,,,,0.01,929.15,0.12,53.0,0.99,929.15,0.88,53.0,,,,,,,43.198437,1776200984000
1776200988.39,288.39,,,,,0.01,929.15,0.12,53.0,0.99,929.15,0.88,53.0,,,,,,,43.19784,1776200987000
1776200989.011,289.011,,,,,0.01,929.15,0.12,53.0,0.99,929.15,0.88,53.0,,,,,,,43.19784,1776200988000
1776200990.422,290.422,,,,,0.01,929.15,0.12,53.0,0.99,929.15,0.88,53.0,,,,,,,43.197644,1776200989000
1776200991.047,291.047,,,,,0.01,929.15,0.12,53.0,0.99,929.15,0.88,53.0,,,,,,,43.197644,1776200990000
1776200992.746,292.746,,,,,0.01,929.15,0.12,53.0,0.99,929.15,0.88,53.0,,,,,,,43.197751,1776200991000
1776200993.421,293.421,,,,,0.01,929.15,0.12,53.0,0.99,929.15,0.88,53.0,,,,,,,43.19775,1776200992000
1776200994.038,294.038,,,,,0.01,929.15,0.12,53.0,0.99,929.15,0.88,53.0,,,,,,,43.19775,1776200993000
1776200995.423,295.423,,,,,0.01,929.15,0.12,53.0,0.99,929.15,0.88,53.0,,,,,,,43.19775,1776200994000
1776200995.953,295.953,,,,,0.01,929.15,0.12,53.0,0.99,929.15,0.88,53.0,,,,,,,43.19775,1776200995000
1776200997.235,297.235,,,,,0.01,929.15,0.12,53.0,0.99,929.15,0.88,53.0,,,,,,,43.19487,1776200996000
1776200998.698,298.698,,,,,0.01,929.15,0.12,53.0,0.99,929.15,0.88,53.0,,,,,,,43.19478,1776200997000
1776200999.297,299.297,,,,,0.01,929.15,0.12,53.0,0.99,929.15,0.88,53.0,,,,,,,43.19478,1776200998000
1776201000.7,300.7,,,,,0.01,929.15,0.12,53.0,0.99,929.15,0.88,53.0,,,,,,,43.194623,1776200999000

# RESULT,winner=Down,slug=hype-updown-5m-1776200700,ticks=301
