timestamp,elapsed_sec,up_bid_p1,up_bid_s1,up_bid_p2,up_bid_s2,up_ask_p1,up_ask_s1,up_ask_p2,up_ask_s2,down_bid_p1,down_bid_s1,down_bid_p2,down_bid_s2,down_ask_p1,down_ask_s1,down_ask_p2,down_ask_s2,up_spread,down_spread,bnb_price,bnb_oracle_ts
1776250511.298,11.298,0.31,5.0,0.3,5.0,0.33,5.0,0.34,5.0,0.67,5.0,0.66,5.0,0.69,5.0,0.7,5.0,0.02,0.02,617.502,1776250510000
1776250511.621,11.621,0.31,5.0,0.3,5.0,0.33,5.0,0.34,5.0,0.67,5.0,0.66,5.0,0.69,5.0,0.7,5.0,0.02,0.02,617.502,1776250510000
1776250512.534,12.534,0.31,5.0,0.3,5.0,0.33,5.0,0.34,5.0,0.67,5.0,0.66,5.0,0.69,5.0,0.7,5.0,0.02,0.02,617.494,1776250511000
1776250513.095,13.095,0.31,5.0,0.3,5.0,0.33,5.0,0.34,5.0,0.67,5.0,0.66,5.0,0.69,5.0,0.7,5.0,0.02,0.02,617.48999,1776250512000
1776250514.085,14.085,0.31,5.0,0.3,5.0,0.33,5.0,0.34,5.0,0.67,5.0,0.66,5.0,0.69,5.0,0.7,5.0,0.02,0.02,617.49,1776250513000
1776250515.12,15.12,0.31,5.0,0.3,5.0,0.33,5.0,0.34,5.0,0.67,5.0,0.66,5.0,0.69,5.0,0.7,5.0,0.02,0.02,617.488,1776250514000
1776250516.087,16.087,0.31,5.0,0.3,5.0,0.33,5.0,0.34,5.0,0.67,5.0,0.66,5.0,0.69,5.0,0.7,5.0,0.02,0.02,617.471,1776250515000
1776250517.075,17.075,0.31,5.0,0.3,5.0,0.33,5.0,0.34,5.0,0.67,5.0,0.66,5.0,0.69,5.0,0.7,5.0,0.02,0.02,617.472,1776250516000
1776250518.128,18.128,0.31,5.0,0.3,5.0,0.33,5.0,0.34,5.0,0.67,5.0,0.66,5.0,0.69,5.0,0.7,5.0,0.02,0.02,617.472,1776250517000
1776250519.116,19.116,0.31,5.0,0.3,5.0,0.33,5.0,0.34,5.0,0.67,5.0,0.66,5.0,0.69,5.0,0.7,5.0,0.02,0.02,617.475091,1776250518000
1776250520.132,20.132,0.31,5.0,0.3,5.0,0.33,5.0,0.34,5.0,0.67,5.0,0.66,5.0,0.69,5.0,0.7,5.0,0.02,0.02,617.477,1776250519000
1776250520.964,20.964,0.31,5.0,0.3,5.0,0.33,5.0,0.34,5.0,0.67,5.0,0.66,5.0,0.69,5.0,0.7,5.0,0.02,0.02,617.477,1776250520000
1776250522.094,22.094,0.31,5.0,0.3,5.0,0.33,5.0,0.34,5.0,0.67,5.0,0.66,5.0,0.69,5.0,0.7,5.0,0.02,0.02,617.478,1776250521000
1776250522.947,22.947,0.31,5.0,0.3,5.0,0.33,5.0,0.34,5.0,0.67,5.0,0.66,5.0,0.69,5.0,0.7,5.0,0.02,0.02,617.49,1776250522000
1776250523.888,23.888,0.31,5.0,0.3,5.0,0.33,5.0,0.34,5.0,0.67,5.0,0.66,5.0,0.69,5.0,0.7,5.0,0.02,0.02,617.49,1776250523000
1776250524.621,24.621,0.31,4.0,0.3,5.0,0.34,5.0,0.35,5.0,0.67,5.0,0.66,5.0,0.69,5.0,0.7,5.0,0.03,0.02,617.49,1776250523000
1776250525.325,25.325,0.3,5.0,0.29,5.0,0.32,5.0,0.33,5.0,0.66,5.0,0.65,5.0,0.69,4.0,0.7,5.0,0.02,0.03,617.49,1776250523000
1776250526.762,26.762,0.3,5.0,0.29,5.0,0.32,5.0,0.33,5.0,0.68,5.0,0.67,5.0,0.7,5.0,0.71,5.0,0.02,0.02,617.485641,1776250525000
1776250527.309,27.309,0.3,5.0,0.29,5.0,0.32,5.0,0.33,5.0,0.68,5.0,0.67,5.0,0.7,5.0,0.71,5.0,0.02,0.02,617.498,1776250526000
1776250527.72,27.72,0.31,5.0,0.3,5.0,0.34,70.01,0.37,5.0,0.68,5.0,0.67,5.0,0.7,5.0,0.71,5.0,0.03,0.02,617.498,1776250526000
1776250528.031,28.031,0.32,5.0,0.31,5.0,0.34,70.01,0.37,5.0,0.66,70.01,0.63,5.0,0.69,5.0,0.7,5.0,0.02,0.03,617.498,1776250526000
1776250528.555,28.555,0.33,4.0,0.32,5.0,0.36,5.0,0.37,5.0,0.64,5.0,0.63,5.0,0.67,4.0,0.68,5.0,0.03,0.03,617.5,1776250527000
1776250529.156,29.156,0.33,4.0,0.32,5.0,0.36,5.0,0.37,5.0,0.64,5.0,0.63,5.0,0.67,4.0,0.68,5.0,0.03,0.03,617.502,1776250528000
1776250530.341,30.341,0.29,5.0,0.28,10.0,0.32,5.0,0.33,5.0,0.64,5.0,0.63,5.0,0.67,4.0,0.68,5.0,0.03,0.03,617.502,1776250528000
1776250530.994,30.994,0.29,5.0,0.28,10.0,0.32,5.0,0.33,5.0,0.68,5.0,0.67,5.0,0.71,5.0,0.72,10.0,0.03,0.03,617.553,1776250530000
1776250531.347,31.347,0.3,1.0,0.29,5.0,0.31,5.0,0.32,5.0,0.68,5.0,0.67,5.0,0.71,5.0,0.72,10.0,0.01,0.03,617.553,1776250530000
1776250532.338,32.338,0.3,1.0,0.29,5.0,0.32,5.0,0.33,5.0,0.68,5.0,0.67,5.0,0.7,1.0,0.71,5.0,0.02,0.02,617.556,1776250531000
1776250532.974,32.974,0.3,1.0,0.29,5.0,0.32,5.0,0.33,5.0,0.68,5.0,0.67,5.0,0.7,1.0,0.71,5.0,0.02,0.02,617.555,1776250532000
1776250534.177,34.177,0.3,1.0,0.29,5.0,0.32,5.0,0.33,5.0,0.68,5.0,0.67,5.0,0.7,1.0,0.71,5.0,0.02,0.02,617.558,1776250533000
1776250534.69,34.69,0.31,7.0,0.3,5.0,0.32,5.0,0.33,5.0,0.68,5.0,0.67,5.0,0.7,1.0,0.71,5.0,0.01,0.02,617.558,1776250533000
1776250535.724,35.724,0.31,7.0,0.3,5.0,0.32,5.0,0.33,5.0,0.68,5.0,0.67,5.0,0.69,7.0,0.7,5.0,0.01,0.01,617.558,1776250534000
1776250536.294,36.294,0.31,7.0,0.3,5.0,0.32,5.0,0.33,5.0,0.68,5.0,0.67,5.0,0.69,7.0,0.7,5.0,0.01,0.01,617.509878,1776250535000
1776250537.447,37.447,0.31,7.0,0.3,5.0,0.32,5.0,0.33,5.0,0.68,5.0,0.67,5.0,0.69,7.0,0.7,5.0,0.01,0.01,617.557,1776250536000
1776250538.006,38.006,0.3,5.0,0.29,5.0,0.33,5.0,0.34,5.0,0.68,5.0,0.67,5.0,0.69,7.0,0.7,5.0,0.03,0.01,617.557,1776250536000
1776250539.341,39.341,0.31,12.0,0.3,5.0,0.32,4.09,0.33,5.0,0.67,5.0,0.66,5.0,0.7,5.0,0.71,5.0,0.01,0.03,617.5601,1776250537000
1776250539.626,39.626,0.31,12.0,0.3,5.0,0.32,4.09,0.33,5.0,0.68,4.09,0.67,5.0,0.69,12.0,0.7,5.0,0.01,0.01,617.55992,1776250538000
1776250540.351,40.351,0.31,12.0,0.3,5.0,0.32,4.09,0.33,5.0,0.68,4.09,0.67,5.0,0.69,12.0,0.7,5.0,0.01,0.01,617.56034,1776250539000
1776250541.34,41.34,0.32,5.0,0.31,5.0,0.35,4.02,0.36,5.0,0.65,4.02,0.64,5.0,0.69,12.0,0.7,5.0,0.03,0.04,617.56034,1776250539000
1776250541.795,41.795,0.32,5.0,0.31,5.0,0.35,4.02,0.36,5.0,0.65,4.02,0.64,5.0,0.68,5.0,0.69,5.0,0.03,0.03,617.498073,1776250540000
1776250542.961,42.961,0.32,5.0,0.31,5.0,0.35,4.02,0.36,5.0,0.65,4.02,0.64,5.0,0.68,5.0,0.69,5.0,0.03,0.03,617.56036,1776250541000
1776250543.354,43.354,0.32,5.0,0.31,5.0,0.35,4.02,0.36,5.0,0.65,4.02,0.64,5.0,0.68,5.0,0.69,5.0,0.03,0.03,617.55978,1776250542000
1776250543.697,43.697,0.38,5.0,0.37,5.0,0.41,5.0,0.42,5.0,0.65,4.02,0.64,5.0,0.68,5.0,0.69,5.0,0.03,0.03,617.55978,1776250542000
1776250544.081,44.081,0.38,5.0,0.37,5.0,0.41,5.0,0.42,5.0,0.59,5.0,0.58,5.0,0.62,5.0,0.63,5.0,0.03,0.03,617.498019,1776250543000
1776250545.048,45.048,0.38,5.0,0.37,5.0,0.41,5.0,0.42,5.0,0.59,5.0,0.58,5.0,0.62,5.0,0.63,5.0,0.03,0.03,617.55965,1776250544000
1776250546.116,46.116,0.38,5.0,0.37,5.0,0.41,5.0,0.42,5.0,0.59,5.0,0.58,5.0,0.62,5.0,0.63,5.0,0.03,0.03,617.569,1776250545000
1776250547.226,47.226,0.38,5.0,0.37,5.0,0.41,5.0,0.42,5.0,0.59,5.0,0.58,5.0,0.62,5.0,0.63,5.0,0.03,0.03,617.555,1776250546000
1776250548.361,48.361,0.38,5.0,0.37,5.0,0.41,5.0,0.42,5.0,0.59,5.0,0.58,5.0,0.62,5.0,0.63,5.0,0.03,0.03,617.567,1776250547000
1776250549.363,49.363,0.38,5.0,0.37,5.0,0.41,5.0,0.42,5.0,0.59,5.0,0.58,5.0,0.62,5.0,0.63,5.0,0.03,0.03,617.57669,1776250548000
1776250550.305,50.305,0.38,5.0,0.37,5.0,0.41,5.0,0.42,5.0,0.59,5.0,0.58,5.0,0.62,5.0,0.63,5.0,0.03,0.03,617.585,1776250549000
1776250551.255,51.255,0.38,5.0,0.37,5.0,0.41,5.0,0.42,5.0,0.59,5.0,0.58,5.0,0.62,5.0,0.63,5.0,0.03,0.03,617.608,1776250550000
1776250552.325,52.325,0.38,5.0,0.37,5.0,0.41,5.0,0.42,5.0,0.59,5.0,0.58,5.0,0.62,5.0,0.63,5.0,0.03,0.03,617.607,1776250551000
1776250553.504,53.504,0.38,5.0,0.37,5.0,0.41,5.0,0.42,5.0,0.59,5.0,0.58,5.0,0.62,5.0,0.63,5.0,0.03,0.03,617.607,1776250552000
1776250553.873,53.873,0.38,5.0,0.37,5.0,0.41,5.0,0.42,5.0,0.59,5.0,0.58,5.0,0.62,5.0,0.63,5.0,0.03,0.03,617.606,1776250553000
1776250554.91,54.91,0.38,5.0,0.37,5.0,0.41,5.0,0.42,5.0,0.59,5.0,0.58,5.0,0.62,5.0,0.63,5.0,0.03,0.03,617.623,1776250554000
1776250556.498,56.498,0.38,5.0,0.37,5.0,0.41,5.0,0.42,5.0,0.59,5.0,0.58,5.0,0.62,5.0,0.63,5.0,0.03,0.03,617.62388,1776250555000
1776250556.977,56.977,0.38,5.0,0.37,5.0,0.41,5.0,0.42,5.0,0.59,5.0,0.58,5.0,0.62,5.0,0.63,5.0,0.03,0.03,617.619519,1776250556000
1776250558.005,58.005,0.38,5.0,0.37,5.0,0.41,5.0,0.42,5.0,0.59,5.0,0.58,5.0,0.62,5.0,0.63,5.0,0.03,0.03,617.633,1776250557000
1776250559.077,59.077,0.38,5.0,0.37,5.0,0.41,5.0,0.42,5.0,0.59,5.0,0.58,5.0,0.62,5.0,0.63,5.0,0.03,0.03,617.62797,1776250558000
1776250559.363,59.363,0.39,5.0,0.38,5.0,0.42,5.0,0.43,5.0,0.59,5.0,0.58,5.0,0.62,5.0,0.63,5.0,0.03,0.03,617.62797,1776250558000
1776250559.7,59.7,0.39,5.0,0.38,5.0,0.41,5.0,0.42,5.0,0.58,5.0,0.57,5.0,0.61,5.0,0.62,5.0,0.02,0.03,617.62797,1776250558000
1776250560.068,60.068,0.39,5.0,0.38,5.0,0.41,5.0,0.42,5.0,0.59,5.0,0.58,5.0,0.61,5.0,0.62,5.0,0.02,0.02,617.622,1776250559000
1776250561.058,61.058,0.39,5.0,0.38,5.0,0.41,5.0,0.42,5.0,0.59,5.0,0.58,5.0,0.61,5.0,0.62,5.0,0.02,0.02,617.622,1776250560000
1776250562.014,62.014,0.39,5.0,0.38,5.0,0.41,5.0,0.42,5.0,0.59,5.0,0.58,5.0,0.61,5.0,0.62,5.0,0.02,0.02,617.633,1776250561000
1776250563.009,63.009,0.39,5.0,0.38,5.0,0.41,5.0,0.42,5.0,0.59,5.0,0.58,5.0,0.61,5.0,0.62,5.0,0.02,0.02,617.633,1776250562000
1776250563.218,63.218,0.41,5.0,0.4,5.0,0.44,5.0,0.45,5.0,0.59,5.0,0.58,5.0,0.61,5.0,0.62,5.0,0.03,0.02,617.633,1776250562000
1776250564.07,64.07,0.41,5.0,0.4,5.0,0.44,5.0,0.45,5.0,0.56,5.0,0.55,5.0,0.59,5.0,0.6,5.0,0.03,0.03,617.6,1776250563000
1776250565.105,65.105,0.41,5.0,0.4,5.0,0.44,5.0,0.45,5.0,0.56,5.0,0.55,5.0,0.59,5.0,0.6,5.0,0.03,0.03,617.619201,1776250564000
1776250566.02,66.02,0.41,5.0,0.4,5.0,0.44,5.0,0.45,5.0,0.56,5.0,0.55,5.0,0.59,5.0,0.6,5.0,0.03,0.03,617.621,1776250565000
1776250567.089,67.089,0.41,5.0,0.4,5.0,0.44,5.0,0.45,5.0,0.56,5.0,0.55,5.0,0.59,5.0,0.6,5.0,0.03,0.03,617.569,1776250566000
1776250568.146,68.146,0.41,5.0,0.4,5.0,0.44,5.0,0.45,5.0,0.56,5.0,0.55,5.0,0.59,5.0,0.6,5.0,0.03,0.03,617.592712,1776250567000
1776250569.811,69.811,0.29,0.81,0.28,15.0,0.3,5.0,0.31,5.0,0.56,5.0,0.55,5.0,0.59,5.0,0.6,5.0,0.01,0.03,617.592712,1776250567000
1776250570.441,70.441,0.29,0.81,0.28,15.0,0.3,5.0,0.31,5.0,0.7,5.0,0.69,5.0,0.71,0.81,0.72,15.0,0.01,0.01,617.634,1776250569000
1776250571.198,71.198,0.29,0.81,0.28,15.0,0.3,5.0,0.31,5.0,0.7,5.0,0.69,5.0,0.71,0.81,0.72,15.0,0.01,0.01,617.633,1776250570000
1776250572.352,72.352,0.29,0.81,0.28,15.0,0.3,5.0,0.31,5.0,0.7,5.0,0.69,5.0,0.71,0.81,0.72,15.0,0.01,0.01,617.576,1776250571000
1776250572.985,72.985,0.29,0.81,0.28,15.0,0.3,5.0,0.31,5.0,0.7,5.0,0.69,5.0,0.71,0.81,0.72,15.0,0.01,0.01,617.565,1776250572000
1776250574.134,74.134,0.29,0.81,0.28,15.0,0.3,5.0,0.31,5.0,0.7,5.0,0.69,5.0,0.71,0.81,0.72,15.0,0.01,0.01,617.552,1776250573000
1776250575.46,75.46,0.29,0.81,0.28,15.0,0.3,5.0,0.31,5.0,0.7,5.0,0.69,5.0,0.71,0.81,0.72,15.0,0.01,0.01,617.554,1776250574000
1776250576.131,76.131,0.29,0.81,0.28,15.0,0.3,5.0,0.31,5.0,0.7,5.0,0.69,5.0,0.71,0.81,0.72,15.0,0.01,0.01,617.548,1776250575000
1776250577.415,77.415,0.29,0.81,0.28,15.0,0.3,5.0,0.31,5.0,0.7,5.0,0.69,5.0,0.71,0.81,0.72,15.0,0.01,0.01,617.542,1776250576000
1776250577.929,77.929,0.29,0.81,0.28,15.0,0.3,5.0,0.31,5.0,0.7,5.0,0.69,5.0,0.71,0.81,0.72,15.0,0.01,0.01,617.548,1776250577000
1776250579.049,79.049,0.29,0.81,0.28,15.0,0.3,5.0,0.31,5.0,0.7,5.0,0.69,5.0,0.71,0.81,0.72,15.0,0.01,0.01,617.522,1776250578000
1776250580.203,80.203,0.29,0.81,0.28,15.0,0.3,5.0,0.31,5.0,0.7,5.0,0.69,5.0,0.71,0.81,0.72,15.0,0.01,0.01,617.533,1776250579000
1776250581.488,81.488,0.29,0.81,0.28,15.0,0.3,5.0,0.31,5.0,0.7,5.0,0.69,5.0,0.71,0.81,0.72,15.0,0.01,0.01,617.543725,1776250580000
1776250582.077,82.077,0.29,0.81,0.28,15.0,0.3,5.0,0.31,5.0,0.7,5.0,0.69,5.0,0.71,0.81,0.72,15.0,0.01,0.01,617.548733,1776250581000
1776250582.961,82.961,0.5,50.0,0.49,5.0,0.54,9.22,0.55,5.0,0.7,5.0,0.69,5.0,0.71,0.81,0.72,15.0,0.04,0.01,617.548733,1776250581000
1776250583.219,83.219,0.58,5.0,0.57,5.0,0.6,5.0,0.64,5.0,0.4,5.0,0.39,5.0,0.46,10.0,0.47,5.0,0.02,0.06,617.529726,1776250582000
1776250583.842,83.842,0.51,8.52,0.5,45.0,0.6,5.0,0.64,5.0,0.4,5.0,0.36,5.0,0.42,5.0,0.43,5.0,0.09,0.02,617.529726,1776250582000
1776250584.076,84.076,0.59,5.0,0.58,10.0,0.6,3.33,0.65,5.0,0.4,5.0,0.36,5.0,0.5,13.34,0.51,5.0,0.01,0.1,617.529726,1776250582000
1776250585.022,85.022,0.62,5.0,0.61,5.0,0.63,3.51,0.64,5.0,0.35,5.0,0.34,5.0,0.41,5.0,0.42,10.0,0.01,0.06,617.529633,1776250583000
1776250585.851,85.851,0.62,5.0,0.61,5.0,0.63,3.51,0.64,5.0,0.37,3.51,0.36,5.0,0.38,5.0,0.39,5.0,0.01,0.01,617.829665,1776250584000
1776250586.837,86.837,0.62,5.0,0.61,5.0,0.63,3.51,0.64,5.0,0.37,3.51,0.36,5.0,0.38,5.0,0.39,5.0,0.01,0.01,617.90808,1776250585000
1776250587.353,87.353,0.58,10.0,0.57,5.0,0.6,1.58,0.61,5.0,0.37,3.51,0.36,5.0,0.38,5.0,0.39,5.0,0.02,0.01,617.90808,1776250585000
1776250587.707,87.707,0.65,2.42,0.64,5.0,0.66,5.0,0.67,5.0,0.4,1.58,0.39,5.0,0.42,10.0,0.43,5.0,0.01,0.02,617.90808,1776250585000
1776250588.298,88.298,0.62,5.0,0.61,10.0,0.66,5.0,0.67,5.0,0.34,5.0,0.33,5.0,0.37,5.0,0.38,5.0,0.04,0.03,617.9185,1776250586000
1776250589.09,89.09,0.63,11.0,0.62,5.0,0.65,5.0,0.66,5.0,0.34,5.0,0.33,5.0,0.38,5.0,0.39,10.0,0.02,0.04,617.9185,1776250586000
1776250589.948,89.948,0.63,11.0,0.62,5.0,0.65,5.0,0.66,5.0,0.35,5.0,0.34,5.0,0.37,11.0,0.38,5.0,0.02,0.02,618.072526,1776250588000
1776250591.041,91.041,0.62,9.0,0.6,5.0,0.64,4.0,0.65,5.0,0.36,4.0,0.35,5.0,0.38,9.0,0.4,5.0,0.02,0.02,618.075,1776250589000
1776250592.113,92.113,0.62,9.0,0.6,5.0,0.64,4.0,0.65,5.0,0.36,4.0,0.35,5.0,0.38,9.0,0.4,5.0,0.02,0.02,618.072526,1776250590000
1776250592.867,92.867,0.62,9.0,0.6,5.0,0.64,4.0,0.65,5.0,0.36,4.0,0.35,5.0,0.38,9.0,0.4,5.0,0.02,0.02,618.020337,1776250591000
1776250593.531,93.531,0.62,9.0,0.6,5.0,0.64,4.0,0.65,5.0,0.36,4.0,0.35,5.0,0.38,9.0,0.4,5.0,0.02,0.02,617.98147,1776250592000
1776250594.25,94.25,0.62,9.0,0.6,5.0,0.64,4.0,0.65,5.0,0.36,4.0,0.35,5.0,0.38,9.0,0.4,5.0,0.02,0.02,617.94095,1776250593000
1776250595.733,95.733,0.56,5.0,0.47,5.0,0.57,5.0,0.58,5.0,0.36,4.0,0.35,5.0,0.38,9.0,0.4,5.0,0.01,0.02,617.94095,1776250593000
1776250596.49,96.49,0.43,5.0,0.4,5.0,0.57,5.0,0.58,5.0,0.43,5.0,0.42,5.0,0.57,5.0,0.6,5.0,0.14,0.14,617.94569,1776250595000
1776250597.213,97.213,0.43,5.0,0.4,5.0,0.57,5.0,0.58,5.0,0.43,5.0,0.42,5.0,0.57,5.0,0.6,5.0,0.14,0.14,617.841305,1776250596000
1776250597.687,97.687,0.43,3.39,0.42,5.0,0.45,1.51,0.46,5.0,0.56,2.0,0.55,5.0,0.57,3.39,0.58,5.0,0.02,0.01,617.841305,1776250596000
1776250598.65,98.65,0.37,1.2,0.36,26.3,0.41,5.0,0.42,5.0,0.55,1.51,0.54,5.0,0.57,3.39,0.58,5.0,0.04,0.02,617.841305,1776250596000
1776250599.565,99.565,0.37,1.2,0.36,26.3,0.41,5.0,0.42,5.0,0.59,5.0,0.58,5.0,0.63,1.2,0.64,26.3,0.04,0.04,617.758245,1776250598000
1776250600.611,100.611,0.37,1.2,0.36,26.3,0.41,5.0,0.42,5.0,0.59,5.0,0.58,5.0,0.63,1.2,0.64,26.3,0.04,0.04,617.773319,1776250599000
1776250601.51,101.51,0.37,1.2,0.36,26.3,0.41,5.0,0.42,5.0,0.59,5.0,0.58,5.0,0.63,1.2,0.64,26.3,0.04,0.04,617.771934,1776250600000
1776250601.924,101.924,0.51,1.81,0.5,5.0,0.52,5.0,0.53,10.0,0.59,5.0,0.58,5.0,0.63,1.2,0.64,26.3,0.01,0.04,617.771934,1776250600000
1776250603.092,103.092,0.54,5.0,0.53,5.0,0.56,5.0,0.57,5.0,0.48,5.0,0.47,10.0,0.49,1.81,0.5,5.0,0.02,0.01,617.760771,1776250601000
1776250603.678,103.678,0.54,5.0,0.53,5.0,0.56,5.0,0.57,5.0,0.44,5.0,0.43,5.0,0.46,5.0,0.47,5.0,0.02,0.02,617.776021,1776250602000
1776250604.459,104.459,0.54,5.0,0.53,5.0,0.56,5.0,0.57,5.0,0.44,5.0,0.43,5.0,0.46,5.0,0.47,5.0,0.02,0.02,617.779992,1776250603000
1776250604.97,104.97,0.54,5.0,0.53,5.0,0.56,5.0,0.57,5.0,0.44,5.0,0.43,5.0,0.46,5.0,0.47,5.0,0.02,0.02,617.860549,1776250604000
1776250606.637,106.637,0.54,5.0,0.53,5.0,0.56,5.0,0.57,5.0,0.44,5.0,0.43,5.0,0.46,5.0,0.47,5.0,0.02,0.02,617.908145,1776250605000
1776250607.287,107.287,0.54,5.0,0.53,5.0,0.56,5.0,0.57,5.0,0.44,5.0,0.43,5.0,0.46,5.0,0.47,5.0,0.02,0.02,617.908806,1776250606000
1776250607.614,107.614,0.6,5.0,0.59,5.0,0.62,5.0,0.63,5.0,0.44,5.0,0.43,5.0,0.46,5.0,0.47,5.0,0.02,0.02,617.908806,1776250606000
1776250607.884,107.884,0.61,2.13,0.6,5.0,0.62,5.0,0.63,5.0,0.38,5.0,0.37,5.0,0.4,5.0,0.41,5.0,0.01,0.02,617.908806,1776250606000
1776250608.538,108.538,0.6,5.0,0.59,5.0,0.61,3.3,0.62,5.0,0.39,3.3,0.38,5.0,0.4,5.0,0.41,5.0,0.01,0.01,617.95718,1776250607000
1776250608.898,108.898,0.6,5.0,0.59,5.0,0.61,1.6,0.62,5.0,0.39,3.3,0.38,5.0,0.4,5.0,0.41,5.0,0.01,0.01,617.95718,1776250607000
1776250609.959,109.959,0.6,5.0,0.59,5.0,0.61,1.6,0.62,5.0,0.39,1.6,0.38,5.0,0.4,5.0,0.41,5.0,0.01,0.01,617.933713,1776250609000
1776250610.979,110.979,0.6,5.0,0.59,5.0,0.61,1.6,0.62,5.0,0.39,1.6,0.38,5.0,0.4,5.0,0.41,5.0,0.01,0.01,617.930648,1776250610000
1776250611.572,111.572,0.59,5.0,0.58,5.0,0.61,0.01,0.62,5.0,0.39,1.6,0.38,5.0,0.4,5.0,0.41,5.0,0.02,0.01,617.930648,1776250610000
1776250611.992,111.992,0.59,5.0,0.58,5.0,0.61,0.01,0.62,5.0,0.39,0.01,0.38,5.0,0.41,5.0,0.42,5.0,0.02,0.02,617.96113,1776250611000
1776250612.933,112.933,0.59,5.0,0.58,5.0,0.61,0.01,0.62,5.0,0.39,0.01,0.38,5.0,0.41,5.0,0.42,5.0,0.02,0.02,617.907026,1776250612000
1776250613.879,113.879,0.59,5.0,0.58,5.0,0.61,0.01,0.62,5.0,0.39,0.01,0.38,5.0,0.41,5.0,0.42,5.0,0.02,0.02,617.9076,1776250613000
1776250614.856,114.856,0.59,5.0,0.58,5.0,0.61,0.01,0.62,5.0,0.39,0.01,0.38,5.0,0.41,5.0,0.42,5.0,0.02,0.02,617.91061,1776250614000
1776250615.422,115.422,0.6,17.0,0.59,5.0,0.65,10.0,0.66,5.0,0.39,0.01,0.38,5.0,0.41,5.0,0.42,5.0,0.05,0.02,617.91061,1776250614000
1776250616.284,116.284,0.6,17.0,0.59,5.0,0.65,10.0,0.66,5.0,0.35,10.0,0.34,5.0,0.4,17.0,0.41,5.0,0.05,0.05,617.92655,1776250615000
1776250617.247,117.247,0.6,17.0,0.59,5.0,0.65,10.0,0.66,5.0,0.35,10.0,0.34,5.0,0.4,17.0,0.41,5.0,0.05,0.05,617.910328,1776250616000
1776250618.705,118.705,0.6,17.0,0.59,5.0,0.65,10.0,0.66,5.0,0.35,10.0,0.34,5.0,0.4,17.0,0.41,5.0,0.05,0.05,617.92598,1776250617000
1776250619.75,119.75,0.6,17.0,0.59,5.0,0.65,10.0,0.66,5.0,0.35,10.0,0.34,5.0,0.4,17.0,0.41,5.0,0.05,0.05,617.917049,1776250618000
1776250620.583,120.583,0.69,5.0,0.68,5.0,0.71,55.0,0.73,5.0,0.35,10.0,0.34,5.0,0.4,17.0,0.41,5.0,0.02,0.05,617.917049,1776250618000
1776250621.281,121.281,0.69,5.0,0.68,5.0,0.71,55.0,0.73,5.0,0.29,55.0,0.27,5.0,0.31,5.0,0.32,5.0,0.02,0.02,617.906871,1776250620000
1776250622.419,122.419,0.69,5.0,0.68,5.0,0.71,55.0,0.73,5.0,0.29,55.0,0.27,5.0,0.31,5.0,0.32,5.0,0.02,0.02,618.004612,1776250621000
1776250622.94,122.94,0.69,5.0,0.68,5.0,0.71,55.0,0.73,5.0,0.29,55.0,0.27,5.0,0.31,5.0,0.32,5.0,0.02,0.02,618.03062,1776250622000
1776250623.958,123.958,0.69,5.0,0.68,5.0,0.71,55.0,0.73,5.0,0.29,55.0,0.27,5.0,0.31,5.0,0.32,5.0,0.02,0.02,617.982046,1776250623000
1776250625.026,125.026,0.69,5.0,0.68,5.0,0.71,55.0,0.73,5.0,0.29,55.0,0.27,5.0,0.31,5.0,0.32,5.0,0.02,0.02,618.0359,1776250624000
1776250626.205,126.205,0.69,5.0,0.68,5.0,0.71,55.0,0.73,5.0,0.29,55.0,0.27,5.0,0.31,5.0,0.32,5.0,0.02,0.02,618.03558,1776250625000
1776250627.496,127.496,0.69,5.0,0.68,5.0,0.71,55.0,0.73,5.0,0.29,55.0,0.27,5.0,0.31,5.0,0.32,5.0,0.02,0.02,618.017999,1776250626000
1776250628.031,128.031,0.69,5.0,0.68,5.0,0.71,55.0,0.73,5.0,0.29,55.0,0.27,5.0,0.31,5.0,0.32,5.0,0.02,0.02,618.03305,1776250627000
1776250628.73,128.73,0.72,5.0,0.71,5.0,0.76,5.0,0.77,5.0,0.29,55.0,0.27,5.0,0.31,5.0,0.32,5.0,0.04,0.02,618.03305,1776250627000
1776250629.077,129.077,0.72,5.0,0.71,5.0,0.76,5.0,0.77,5.0,0.24,5.0,0.23,5.0,0.28,5.0,0.29,5.0,0.04,0.04,618.03111,1776250628000
1776250630.121,130.121,0.72,5.0,0.71,5.0,0.76,5.0,0.77,5.0,0.24,5.0,0.23,5.0,0.28,5.0,0.29,5.0,0.04,0.04,618.03551,1776250629000
1776250631.167,131.167,0.72,5.0,0.71,5.0,0.76,5.0,0.77,5.0,0.24,5.0,0.23,5.0,0.28,5.0,0.29,5.0,0.04,0.04,618.0342,1776250630000
1776250632.339,132.339,0.72,5.0,0.71,5.0,0.76,5.0,0.77,5.0,0.24,5.0,0.23,5.0,0.28,5.0,0.29,5.0,0.04,0.04,618.03401,1776250631000
1776250632.929,132.929,0.72,5.0,0.71,5.0,0.76,5.0,0.77,5.0,0.24,5.0,0.23,5.0,0.28,5.0,0.29,5.0,0.04,0.04,618.04296,1776250632000
1776250633.996,133.996,0.72,5.0,0.71,5.0,0.76,5.0,0.77,5.0,0.24,5.0,0.23,5.0,0.28,5.0,0.29,5.0,0.04,0.04,618.03389,1776250633000
1776250635.108,135.108,0.72,5.0,0.71,5.0,0.76,5.0,0.77,5.0,0.24,5.0,0.23,5.0,0.28,5.0,0.29,5.0,0.04,0.04,618.041143,1776250634000
1776250636.161,136.161,0.72,5.0,0.71,5.0,0.76,5.0,0.77,5.0,0.24,5.0,0.23,5.0,0.28,5.0,0.29,5.0,0.04,0.04,618.04447,1776250635000
1776250636.375,136.375,0.75,17.0,0.74,5.0,0.77,5.0,0.78,5.0,0.24,5.0,0.23,5.0,0.28,5.0,0.29,5.0,0.02,0.04,618.04447,1776250635000
1776250637.184,137.184,0.75,17.0,0.74,5.0,0.77,5.0,0.78,5.0,0.23,5.0,0.22,5.0,0.25,17.0,0.26,5.0,0.02,0.02,618.04429,1776250636000
1776250638.328,138.328,0.75,17.0,0.74,5.0,0.77,5.0,0.78,5.0,0.23,5.0,0.22,5.0,0.25,17.0,0.26,5.0,0.02,0.02,618.04373,1776250637000
1776250639.387,139.387,0.75,17.0,0.74,5.0,0.77,5.0,0.78,5.0,0.23,5.0,0.22,5.0,0.25,17.0,0.26,5.0,0.02,0.02,618.04371,1776250638000
1776250640.403,140.403,0.75,17.0,0.74,5.0,0.77,5.0,0.78,5.0,0.23,5.0,0.22,5.0,0.25,17.0,0.26,5.0,0.02,0.02,618.037229,1776250639000
1776250641.346,141.346,0.75,17.0,0.74,5.0,0.77,5.0,0.78,5.0,0.23,5.0,0.22,5.0,0.25,17.0,0.26,5.0,0.02,0.02,618.05074,1776250640000
1776250642.326,142.326,0.75,17.0,0.74,5.0,0.77,5.0,0.78,5.0,0.23,5.0,0.22,5.0,0.25,17.0,0.26,5.0,0.02,0.02,618.05043,1776250641000
1776250642.987,142.987,0.75,17.0,0.74,5.0,0.77,5.0,0.78,5.0,0.23,5.0,0.22,5.0,0.25,17.0,0.26,5.0,0.02,0.02,618.046159,1776250642000
1776250643.881,143.881,0.75,17.0,0.74,5.0,0.77,5.0,0.78,5.0,0.23,5.0,0.22,5.0,0.25,17.0,0.26,5.0,0.02,0.02,618.007977,1776250643000
1776250644.952,144.952,0.75,17.0,0.74,5.0,0.77,5.0,0.78,5.0,0.23,5.0,0.22,5.0,0.25,17.0,0.26,5.0,0.02,0.02,617.910767,1776250644000
1776250645.199,145.199,0.7,6.16,0.69,17.2,0.71,55.0,0.72,15.0,0.23,5.0,0.22,5.0,0.25,17.0,0.26,5.0,0.01,0.02,617.910767,1776250644000
1776250646.063,146.063,0.7,6.16,0.69,17.2,0.71,55.0,0.72,15.0,0.29,55.0,0.28,15.0,0.3,6.16,0.31,17.2,0.01,0.01,617.977001,1776250645000
1776250647.069,147.069,0.7,6.16,0.69,17.2,0.71,55.0,0.72,15.0,0.29,55.0,0.28,15.0,0.3,6.16,0.31,17.2,0.01,0.01,617.979694,1776250646000
1776250648.652,148.652,0.7,6.16,0.69,17.2,0.71,55.0,0.72,15.0,0.29,55.0,0.28,15.0,0.3,6.16,0.31,17.2,0.01,0.01,617.978,1776250647000
1776250649.268,149.268,0.7,6.16,0.69,17.2,0.71,55.0,0.72,15.0,0.29,55.0,0.28,15.0,0.3,6.16,0.31,17.2,0.01,0.01,617.978,1776250648000
1776250650.177,150.177,0.7,6.16,0.69,17.2,0.71,55.0,0.72,15.0,0.29,55.0,0.28,15.0,0.3,6.16,0.31,17.2,0.01,0.01,617.985,1776250649000
1776250650.402,150.402,0.7,23.16,0.69,17.2,0.71,44.03,0.72,10.0,0.29,55.0,0.28,15.0,0.3,6.16,0.31,17.2,0.01,0.01,617.985,1776250649000
1776250651.824,151.824,0.7,23.16,0.69,17.2,0.71,44.03,0.72,10.0,0.29,44.03,0.28,10.0,0.3,23.16,0.31,17.2,0.01,0.01,617.989,1776250650000
1776250652.532,152.532,0.7,23.16,0.69,17.2,0.71,44.03,0.72,10.0,0.29,44.03,0.28,10.0,0.3,23.16,0.31,17.2,0.01,0.01,617.982,1776250651000
1776250653.049,153.049,0.7,23.16,0.69,17.2,0.71,44.03,0.72,10.0,0.29,44.03,0.28,10.0,0.3,23.16,0.31,17.2,0.01,0.01,617.982,1776250652000
1776250654.25,154.25,0.7,23.16,0.69,17.2,0.71,44.03,0.72,10.0,0.29,44.03,0.28,10.0,0.3,23.16,0.31,17.2,0.01,0.01,617.989,1776250653000
1776250655.427,155.427,0.7,23.16,0.69,17.2,0.71,44.03,0.72,10.0,0.29,44.03,0.28,10.0,0.3,23.16,0.31,17.2,0.01,0.01,617.989,1776250654000
1776250655.988,155.988,0.7,23.16,0.69,17.2,0.71,44.03,0.72,10.0,0.29,44.03,0.28,10.0,0.3,23.16,0.31,17.2,0.01,0.01,617.989,1776250655000
1776250657.155,157.155,0.7,23.16,0.69,17.2,0.71,44.03,0.72,10.0,0.29,44.03,0.28,10.0,0.3,23.16,0.31,17.2,0.01,0.01,617.984,1776250656000
1776250658.052,158.052,0.48,10.4,0.47,10.4,0.5,5.0,0.51,5.0,0.29,44.03,0.28,10.0,0.3,23.16,0.31,17.2,0.02,0.01,617.984,1776250656000
1776250658.321,158.321,0.48,10.4,0.47,10.4,0.5,5.0,0.51,5.0,0.5,5.0,0.49,5.0,0.52,10.4,0.53,10.4,0.02,0.02,617.984,1776250657000
1776250659.515,159.515,0.47,10.4,0.46,10.5,0.5,5.0,0.51,10.0,0.5,5.0,0.49,10.0,0.53,10.4,0.54,10.5,0.03,0.03,617.83732,1776250658000
1776250660.237,160.237,0.47,10.4,0.46,10.5,0.5,5.0,0.51,10.0,0.5,5.0,0.49,10.0,0.53,10.4,0.54,10.5,0.03,0.03,617.759028,1776250659000
1776250661.325,161.325,0.47,10.4,0.46,10.5,0.5,5.0,0.51,10.0,0.5,5.0,0.49,10.0,0.53,10.4,0.54,10.5,0.03,0.03,617.754,1776250660000
1776250662.449,162.449,0.47,10.4,0.46,10.5,0.5,5.0,0.51,10.0,0.5,5.0,0.49,10.0,0.53,10.4,0.54,10.5,0.03,0.03,617.745,1776250661000
1776250663.104,163.104,0.47,10.4,0.46,10.5,0.5,5.0,0.51,10.0,0.5,5.0,0.49,10.0,0.53,10.4,0.54,10.5,0.03,0.03,617.729,1776250662000
1776250664.494,164.494,0.49,5.0,0.48,15.4,0.51,5.0,0.52,5.0,0.49,5.0,0.48,5.0,0.51,5.0,0.52,15.4,0.02,0.02,617.729,1776250663000
1776250665.13,165.13,0.49,5.0,0.48,15.4,0.51,5.0,0.52,5.0,0.49,5.0,0.48,5.0,0.51,5.0,0.52,15.4,0.02,0.02,617.739,1776250664000
1776250666.328,166.328,0.49,5.0,0.48,15.4,0.51,5.0,0.52,5.0,0.49,5.0,0.48,5.0,0.51,5.0,0.52,15.4,0.02,0.02,617.74,1776250665000
1776250666.985,166.985,0.49,5.0,0.48,15.4,0.51,5.0,0.52,5.0,0.49,5.0,0.48,5.0,0.51,5.0,0.52,15.4,0.02,0.02,617.741615,1776250666000
1776250667.203,167.203,0.38,5.0,0.37,6.2,0.41,5.0,0.42,5.0,0.49,5.0,0.48,5.0,0.51,5.0,0.52,15.4,0.03,0.02,617.741615,1776250666000
1776250668.227,168.227,0.38,5.0,0.37,6.2,0.41,5.0,0.42,5.0,0.59,5.0,0.58,5.0,0.62,5.0,0.63,6.2,0.03,0.03,617.772,1776250667000
1776250670.046,170.046,0.38,5.0,0.37,6.2,0.41,5.0,0.42,5.0,0.59,5.0,0.58,5.0,0.62,5.0,0.63,6.2,0.03,0.03,617.705092,1776250668000
1776250670.881,170.881,0.38,5.0,0.37,6.2,0.41,5.0,0.42,5.0,0.59,5.0,0.58,5.0,0.62,5.0,0.63,6.2,0.03,0.03,617.70009,1776250669000
1776250671.793,171.793,0.38,5.0,0.37,6.2,0.41,5.0,0.42,5.0,0.59,5.0,0.58,5.0,0.62,5.0,0.63,6.2,0.03,0.03,617.70037,1776250670000
1776250672.597,172.597,0.38,5.0,0.37,6.2,0.41,5.0,0.42,5.0,0.59,5.0,0.58,5.0,0.62,5.0,0.63,6.2,0.03,0.03,617.69554,1776250671000
1776250673.494,173.494,0.38,5.0,0.37,6.2,0.41,5.0,0.42,5.0,0.59,5.0,0.58,5.0,0.62,5.0,0.63,6.2,0.03,0.03,617.69554,1776250672000
1776250674.154,174.154,0.38,5.0,0.37,6.2,0.41,5.0,0.42,5.0,0.59,5.0,0.58,5.0,0.62,5.0,0.63,6.2,0.03,0.03,617.7214,1776250673000
1776250674.382,174.382,0.36,11.3,0.35,11.4,0.38,5.0,0.39,5.0,0.59,5.0,0.58,5.0,0.62,5.0,0.63,6.2,0.02,0.03,617.7214,1776250673000
1776250675.826,175.826,0.36,11.3,0.35,11.4,0.38,5.0,0.39,5.0,0.62,5.0,0.61,5.0,0.64,11.3,0.65,11.4,0.02,0.02,617.72169,1776250674000
1776250676.57,176.57,0.36,11.3,0.35,11.4,0.38,5.0,0.39,5.0,0.62,5.0,0.61,5.0,0.64,11.3,0.65,11.4,0.02,0.02,617.671,1776250675000
1776250677.378,177.378,0.36,11.3,0.35,11.4,0.38,5.0,0.39,5.0,0.62,5.0,0.61,5.0,0.64,11.3,0.65,11.4,0.02,0.02,617.671,1776250676000
1776250678.104,178.104,0.36,11.3,0.35,11.4,0.38,5.0,0.39,5.0,0.62,5.0,0.61,5.0,0.64,11.3,0.65,11.4,0.02,0.02,617.665,1776250677000
1776250679.583,179.583,0.36,11.3,0.35,11.4,0.38,5.0,0.39,5.0,0.62,5.0,0.61,5.0,0.64,11.3,0.65,11.4,0.02,0.02,617.634556,1776250678000
1776250680.379,180.379,0.36,11.3,0.35,11.4,0.38,5.0,0.39,5.0,0.62,5.0,0.61,5.0,0.64,11.3,0.65,11.4,0.02,0.02,617.67831,1776250679000
1776250681.184,181.184,0.36,11.3,0.35,11.4,0.38,5.0,0.39,5.0,0.62,5.0,0.61,5.0,0.64,11.3,0.65,11.4,0.02,0.02,617.67722,1776250680000
1776250682.755,182.755,0.36,11.3,0.35,11.4,0.38,5.0,0.39,5.0,0.62,5.0,0.61,5.0,0.64,11.3,0.65,11.4,0.02,0.02,617.58521,1776250681000
1776250683.842,183.842,0.36,11.3,0.35,11.4,0.38,5.0,0.39,5.0,0.62,5.0,0.61,5.0,0.64,11.3,0.65,11.4,0.02,0.02,617.579,1776250682000
1776250684.325,184.325,0.38,5.0,0.37,5.0,0.4,5.0,0.41,5.0,0.65,2.14,0.6,5.0,0.66,5.0,0.67,5.0,0.02,0.01,617.579,1776250682000
1776250684.709,184.709,0.38,5.0,0.37,5.0,0.4,5.0,0.41,5.0,0.6,5.0,0.59,5.0,0.62,5.0,0.63,5.0,0.02,0.02,617.596402,1776250683000
1776250684.92,184.92,0.38,5.0,0.37,5.0,0.4,5.0,0.41,5.0,0.6,5.0,0.59,5.0,0.62,5.0,0.63,5.0,0.02,0.02,617.611,1776250684000
1776250686.08,186.08,0.38,5.0,0.37,5.0,0.4,5.0,0.41,5.0,0.6,5.0,0.59,5.0,0.62,5.0,0.63,5.0,0.02,0.02,617.590072,1776250685000
1776250687.074,187.074,0.36,5.0,0.35,5.0,0.39,5.0,0.4,16.0,0.61,5.0,0.6,16.0,0.64,5.0,0.65,5.0,0.03,0.03,617.619518,1776250686000
1776250688.155,188.155,0.36,5.0,0.35,5.0,0.39,5.0,0.4,16.0,0.61,5.0,0.6,16.0,0.64,5.0,0.65,5.0,0.03,0.03,617.611084,1776250687000
1776250689.198,189.198,0.36,5.0,0.35,5.0,0.39,5.0,0.4,16.0,0.61,5.0,0.6,16.0,0.64,5.0,0.65,5.0,0.03,0.03,617.601312,1776250688000
1776250690.223,190.223,0.36,5.0,0.35,5.0,0.39,5.0,0.4,16.0,0.61,5.0,0.6,16.0,0.64,5.0,0.65,5.0,0.03,0.03,617.624397,1776250689000
1776250691.259,191.259,0.36,5.0,0.35,5.0,0.39,5.0,0.4,16.0,0.61,5.0,0.6,16.0,0.64,5.0,0.65,5.0,0.03,0.03,617.612576,1776250690000
1776250692.405,192.405,0.36,5.0,0.35,5.0,0.39,5.0,0.4,16.0,0.61,5.0,0.6,16.0,0.64,5.0,0.65,5.0,0.03,0.03,617.62521,1776250691000
1776250692.912,192.912,0.36,5.0,0.35,5.0,0.39,5.0,0.4,16.0,0.61,5.0,0.6,16.0,0.64,5.0,0.65,5.0,0.03,0.03,617.59979,1776250692000
1776250693.949,193.949,0.36,5.0,0.35,5.0,0.39,5.0,0.4,16.0,0.61,5.0,0.6,16.0,0.64,5.0,0.65,5.0,0.03,0.03,617.59802,1776250693000
1776250694.989,194.989,0.36,5.0,0.35,5.0,0.39,5.0,0.4,16.0,0.61,5.0,0.6,16.0,0.64,5.0,0.65,5.0,0.03,0.03,617.589335,1776250694000
1776250696.138,196.138,0.36,5.0,0.35,5.0,0.39,5.0,0.4,16.0,0.61,5.0,0.6,16.0,0.64,5.0,0.65,5.0,0.03,0.03,617.589092,1776250695000
1776250697.616,197.616,0.36,5.0,0.35,5.0,0.39,5.0,0.4,16.0,0.61,5.0,0.6,16.0,0.64,5.0,0.65,5.0,0.03,0.03,617.583277,1776250696000
1776250698.185,198.185,0.36,5.0,0.35,5.0,0.39,5.0,0.4,16.0,0.61,5.0,0.6,16.0,0.64,5.0,0.65,5.0,0.03,0.03,617.582554,1776250697000
1776250699.23,199.23,0.36,5.0,0.35,5.0,0.39,5.0,0.4,16.0,0.61,5.0,0.6,16.0,0.64,5.0,0.65,5.0,0.03,0.03,617.584197,1776250698000
1776250700.478,200.478,0.36,5.0,0.35,5.0,0.39,5.0,0.4,16.0,0.61,5.0,0.6,16.0,0.64,5.0,0.65,5.0,0.03,0.03,617.583727,1776250699000
1776250700.902,200.902,0.36,5.0,0.35,5.0,0.39,5.0,0.4,16.0,0.61,5.0,0.6,16.0,0.64,5.0,0.65,5.0,0.03,0.03,617.583727,1776250700000
1776250701.856,201.856,0.21,15.7,0.2,16.2,0.23,5.0,0.24,5.0,0.77,5.0,0.76,5.0,0.79,15.7,0.8,16.2,0.02,0.02,617.583926,1776250701000
1776250702.832,202.832,0.21,15.7,0.2,16.2,0.23,5.0,0.24,5.0,0.77,5.0,0.76,5.0,0.79,15.7,0.8,16.2,0.02,0.02,617.542134,1776250702000
1776250703.761,203.761,0.21,15.7,0.2,16.2,0.23,5.0,0.24,5.0,0.77,5.0,0.76,5.0,0.79,15.7,0.8,16.2,0.02,0.02,617.532826,1776250703000
1776250704.822,204.822,0.15,15.21,0.14,21.6,0.16,5.0,0.17,5.0,0.77,5.0,0.76,5.0,0.79,15.7,0.8,16.2,0.01,0.02,617.532826,1776250703000
1776250705.243,205.243,0.15,15.21,0.14,21.6,0.16,5.0,0.17,5.0,0.84,5.0,0.83,5.0,0.85,15.21,0.86,21.6,0.01,0.01,617.529564,1776250704000
1776250706.33,206.33,0.15,15.21,0.14,21.6,0.16,5.0,0.17,5.0,0.84,5.0,0.83,5.0,0.85,15.21,0.86,21.6,0.01,0.01,617.49819,1776250705000
1776250707.452,207.452,0.15,15.21,0.14,21.6,0.16,5.0,0.17,5.0,0.84,5.0,0.83,5.0,0.85,15.21,0.86,21.6,0.01,0.01,617.494064,1776250706000
1776250708.441,208.441,0.13,7.65,0.12,24.6,0.14,5.0,0.15,5.0,0.84,5.0,0.83,5.0,0.85,15.21,0.86,21.6,0.01,0.01,617.494064,1776250706000
1776250708.681,208.681,0.13,7.65,0.12,24.6,0.14,5.0,0.15,5.0,0.86,5.0,0.85,5.0,0.87,7.65,0.88,24.6,0.01,0.01,617.4873,1776250707000
1776250708.985,208.985,0.13,7.65,0.12,24.6,0.14,5.0,0.15,5.0,0.86,5.0,0.85,5.0,0.87,7.65,0.88,24.6,0.01,0.01,617.47836,1776250708000
1776250710.159,210.159,0.13,7.65,0.12,24.6,0.14,5.0,0.15,5.0,0.86,5.0,0.85,5.0,0.87,7.65,0.88,24.6,0.01,0.01,617.47381,1776250709000
1776250711.218,211.218,0.13,7.65,0.12,24.6,0.14,5.0,0.15,5.0,0.86,5.0,0.85,5.0,0.87,7.65,0.88,24.6,0.01,0.01,617.4797,1776250710000
1776250712.242,212.242,0.13,7.65,0.12,24.6,0.14,5.0,0.15,5.0,0.86,5.0,0.85,5.0,0.87,7.65,0.88,24.6,0.01,0.01,617.47215,1776250711000
1776250713.273,213.273,0.13,7.65,0.12,24.6,0.14,5.0,0.15,5.0,0.86,5.0,0.85,5.0,0.87,7.65,0.88,24.6,0.01,0.01,617.47163,1776250712000
1776250714.291,214.291,0.13,7.65,0.12,24.6,0.14,5.0,0.15,5.0,0.86,5.0,0.85,5.0,0.87,7.65,0.88,24.6,0.01,0.01,617.506115,1776250713000
1776250715.307,215.307,0.13,7.65,0.12,24.6,0.14,5.0,0.15,5.0,0.86,5.0,0.85,5.0,0.87,7.65,0.88,24.6,0.01,0.01,617.480423,1776250714000
1776250716.329,216.329,0.13,7.65,0.12,24.6,0.14,5.0,0.15,5.0,0.86,5.0,0.85,5.0,0.87,7.65,0.88,24.6,0.01,0.01,617.443961,1776250715000
1776250717.434,217.434,0.13,7.65,0.12,24.6,0.14,5.0,0.15,5.0,0.86,5.0,0.85,5.0,0.87,7.65,0.88,24.6,0.01,0.01,617.42585,1776250716000
1776250718.298,218.298,0.13,7.65,0.12,24.6,0.14,5.0,0.15,5.0,0.86,5.0,0.85,5.0,0.87,7.65,0.88,24.6,0.01,0.01,617.42929,1776250717000
1776250719.529,219.529,0.13,7.65,0.12,24.6,0.14,5.0,0.15,5.0,0.86,5.0,0.85,5.0,0.87,7.65,0.88,24.6,0.01,0.01,617.45673,1776250718000
1776250720.298,220.298,0.06,46.1,0.05,54.7,0.09,2.22,0.1,5.0,0.91,2.22,0.9,5.0,0.94,46.1,0.95,54.7,0.03,0.03,617.433172,1776250719000
1776250721.279,221.279,0.06,46.1,0.05,54.7,0.09,2.22,0.1,5.0,0.91,2.22,0.9,5.0,0.94,46.1,0.95,54.7,0.03,0.03,617.40084,1776250720000
1776250722.196,222.196,0.06,46.1,0.05,54.7,0.09,2.22,0.1,5.0,0.91,2.22,0.9,5.0,0.94,46.1,0.95,54.7,0.03,0.03,617.403721,1776250721000
1776250723.241,223.241,0.06,46.1,0.05,54.7,0.09,2.22,0.1,5.0,0.91,2.22,0.9,5.0,0.94,46.1,0.95,54.7,0.03,0.03,617.41465,1776250722000
1776250724.146,224.146,0.06,46.1,0.05,54.7,0.09,2.22,0.1,5.0,0.91,2.22,0.9,5.0,0.94,46.1,0.95,54.7,0.03,0.03,617.40277,1776250723000
1776250725.144,225.144,0.06,46.1,0.05,54.7,0.09,2.22,0.1,5.0,0.91,2.22,0.9,5.0,0.94,46.1,0.95,54.7,0.03,0.03,617.37199,1776250724000
1776250726.463,226.463,0.06,46.1,0.05,54.7,0.09,2.22,0.1,5.0,0.91,2.22,0.9,5.0,0.94,46.1,0.95,54.7,0.03,0.03,617.35493,1776250725000
1776250727.121,227.121,0.06,46.1,0.05,54.7,0.09,2.22,0.1,5.0,0.91,2.22,0.9,5.0,0.94,46.1,0.95,54.7,0.03,0.03,617.39888,1776250726000
1776250728.15,228.15,0.06,46.1,0.05,54.7,0.09,2.22,0.1,5.0,0.91,2.22,0.9,5.0,0.94,46.1,0.95,54.7,0.03,0.03,617.401523,1776250727000
1776250729.36,229.36,0.06,46.1,0.05,54.7,0.09,2.22,0.1,5.0,0.91,2.22,0.9,5.0,0.94,46.1,0.95,54.7,0.03,0.03,617.39831,1776250728000
1776250730.694,230.694,0.06,46.1,0.05,54.7,0.09,2.22,0.1,5.0,0.91,2.22,0.9,5.0,0.94,46.1,0.95,54.7,0.03,0.03,617.482998,1776250729000
1776250730.998,230.998,0.15,5.0,0.14,5.0,0.17,5.0,0.18,5.0,0.91,2.22,0.9,5.0,0.94,46.1,0.95,54.7,0.02,0.03,617.482998,1776250729000
1776250731.3,231.3,0.15,5.0,0.14,5.0,0.17,5.0,0.18,5.0,0.83,5.0,0.82,5.0,0.85,5.0,0.86,5.0,0.02,0.02,617.527,1776250730000
1776250732.356,232.356,0.15,5.0,0.14,5.0,0.17,5.0,0.18,5.0,0.83,5.0,0.82,5.0,0.85,5.0,0.86,5.0,0.02,0.02,617.522,1776250731000
1776250732.951,232.951,0.15,5.0,0.14,5.0,0.17,5.0,0.18,5.0,0.83,5.0,0.82,5.0,0.85,5.0,0.86,5.0,0.02,0.02,617.522,1776250732000
1776250734.157,234.157,0.15,5.0,0.14,5.0,0.17,5.0,0.18,5.0,0.83,5.0,0.82,5.0,0.85,5.0,0.86,5.0,0.02,0.02,617.543581,1776250733000
1776250735.371,235.371,0.15,5.0,0.14,5.0,0.17,5.0,0.18,5.0,0.83,5.0,0.82,5.0,0.85,5.0,0.86,5.0,0.02,0.02,617.58787,1776250734000
1776250736.273,236.273,0.15,15.39,0.14,21.6,0.16,5.0,0.17,5.0,0.83,5.0,0.82,5.0,0.85,5.0,0.86,5.0,0.01,0.02,617.58787,1776250734000
1776250737.101,237.101,0.15,15.39,0.14,21.6,0.16,5.0,0.17,5.0,0.84,5.0,0.83,5.0,0.85,15.39,0.86,21.6,0.01,0.01,617.566,1776250736000
1776250738.207,238.207,0.15,15.39,0.14,21.6,0.16,5.0,0.17,5.0,0.84,5.0,0.83,5.0,0.85,15.39,0.86,21.6,0.01,0.01,617.54192,1776250737000
1776250739.433,239.433,0.15,15.39,0.14,21.6,0.16,5.0,0.17,5.0,0.84,5.0,0.83,5.0,0.85,15.39,0.86,21.6,0.01,0.01,617.501,1776250738000
1776250740.135,240.135,0.15,15.39,0.14,21.6,0.16,5.0,0.17,5.0,0.84,5.0,0.83,5.0,0.85,15.39,0.86,21.6,0.01,0.01,617.497,1776250739000
1776250740.814,240.814,0.17,17.18,0.16,24.3,0.18,5.0,0.19,5.0,0.84,5.0,0.83,5.0,0.85,15.39,0.86,21.6,0.01,0.01,617.497,1776250739000
1776250741.082,241.082,0.17,12.67,0.16,19.3,0.18,5.0,0.19,5.0,0.82,5.0,0.81,5.0,0.83,17.18,0.84,24.3,0.01,0.01,617.497,1776250739000
1776250741.437,241.437,0.17,10.26,0.16,19.3,0.18,5.0,0.19,5.0,0.82,5.0,0.81,5.0,0.83,12.67,0.84,19.3,0.01,0.01,617.497,1776250739000
1776250742.425,242.425,0.17,10.26,0.16,19.3,0.18,5.0,0.19,5.0,0.82,5.0,0.81,5.0,0.83,10.26,0.84,19.3,0.01,0.01,617.537,1776250741000
1776250743.707,243.707,0.17,1.63,0.16,19.3,0.18,5.0,0.19,5.0,0.82,5.0,0.81,5.0,0.83,1.63,0.84,19.3,0.01,0.01,617.536,1776250742000
1776250743.936,243.936,0.06,39.78,0.05,54.7,0.07,5.0,0.08,5.0,0.82,5.0,0.81,5.0,0.83,1.63,0.84,19.3,0.01,0.01,617.536,1776250742000
1776250744.368,244.368,0.06,39.78,0.05,54.7,0.07,5.0,0.08,5.0,0.93,5.0,0.92,5.0,0.94,39.78,0.95,54.7,0.01,0.01,617.533,1776250743000
1776250744.938,244.938,0.05,49.7,0.04,67.7,0.06,5.0,0.07,5.0,0.94,5.0,0.93,5.0,0.95,49.7,0.96,67.7,0.01,0.01,617.48447,1776250744000
1776250745.961,245.961,0.03,73.3,0.02,137.69,0.04,5.0,0.05,5.0,0.94,5.0,0.93,5.0,0.95,49.7,0.96,67.7,0.01,0.01,617.48447,1776250744000
1776250746.216,246.216,0.03,73.3,0.02,137.69,0.04,5.0,0.05,5.0,0.96,5.0,0.95,5.0,0.97,73.3,0.98,137.69,0.01,0.01,617.37624,1776250745000
1776250747.555,247.555,0.03,69.47,0.02,137.69,0.04,5.0,0.05,5.0,0.96,5.0,0.95,5.0,0.97,69.47,0.98,137.69,0.01,0.01,617.3503,1776250746000
1776250748.217,248.217,0.03,69.47,0.02,137.69,0.04,5.0,0.05,5.0,0.96,5.0,0.95,5.0,0.97,69.47,0.98,137.69,0.01,0.01,617.33366,1776250747000
1776250748.655,248.655,0.02,2.95,0.01,5577.6,0.03,5.0,0.04,5.0,0.96,5.0,0.95,5.0,0.97,69.47,0.98,137.69,0.01,0.01,617.33366,1776250747000
1776250749.374,249.374,0.02,2.95,0.01,5577.6,0.03,5.0,0.04,5.0,0.97,5.0,0.96,5.0,0.98,2.95,0.99,5577.6,0.01,0.01,617.345123,1776250748000
1776250750.024,250.024,0.02,2.95,0.01,5577.6,0.03,5.0,0.04,5.0,0.97,5.0,0.96,5.0,0.98,2.95,0.99,5577.6,0.01,0.01,617.292301,1776250749000
1776250751.257,251.257,0.02,2.95,0.01,5577.6,0.03,5.0,0.04,5.0,0.97,5.0,0.96,5.0,0.98,2.95,0.99,5577.6,0.01,0.01,617.2468,1776250750000
1776250752.415,252.415,0.02,2.95,0.01,5577.6,0.03,5.0,0.04,5.0,0.97,5.0,0.96,5.0,0.98,2.95,0.99,5577.6,0.01,0.01,617.27792,1776250751000
1776250752.974,252.974,0.02,2.95,0.01,5577.6,0.03,5.0,0.04,5.0,0.97,5.0,0.96,5.0,0.98,2.95,0.99,5577.6,0.01,0.01,617.28148,1776250752000
1776250754.213,254.213,0.02,2.95,0.01,5577.6,0.03,5.0,0.04,5.0,0.97,5.0,0.96,5.0,0.98,2.95,0.99,5577.6,0.01,0.01,617.285,1776250753000
1776250755.79,255.79,0.02,2.95,0.01,5577.6,0.03,5.0,0.04,5.0,0.97,5.0,0.96,5.0,0.98,2.95,0.99,5577.6,0.01,0.01,617.274219,1776250754000
1776250756.531,256.531,0.02,2.95,0.01,5577.6,0.03,5.0,0.04,5.0,0.97,5.0,0.96,5.0,0.98,2.95,0.99,5577.6,0.01,0.01,617.27397,1776250755000
1776250757.092,257.092,0.02,2.95,0.01,5577.6,0.03,5.0,0.04,5.0,0.97,5.0,0.96,5.0,0.98,2.95,0.99,5577.6,0.01,0.01,617.198562,1776250756000
1776250758.251,258.251,0.01,299.95,,,0.03,99.3,0.04,72.7,0.97,5.0,0.96,5.0,0.98,2.95,0.99,5577.6,0.02,0.01,617.198562,1776250756000
1776250758.744,258.744,0.01,299.95,,,0.03,99.3,0.04,72.7,0.97,99.3,0.96,72.7,0.99,299.95,,,0.02,0.02,617.170897,1776250757000
1776250759.699,259.699,0.01,299.95,,,0.03,99.3,0.04,72.7,0.97,99.3,0.96,72.7,0.99,299.95,,,0.02,0.02,617.189651,1776250758000
1776250760.133,260.133,0.01,299.95,,,0.03,99.3,0.04,72.7,0.97,99.3,0.96,72.7,0.99,299.95,,,0.02,0.02,617.19155,1776250759000
1776250761.523,261.523,0.01,299.95,,,0.03,99.3,0.04,72.7,0.97,99.3,0.96,72.7,0.99,299.95,,,0.02,0.02,617.190463,1776250760000
1776250762.229,262.229,0.01,299.95,,,0.03,99.3,0.04,72.7,0.97,99.3,0.96,72.7,0.99,299.95,,,0.02,0.02,617.191311,1776250761000
1776250763.49,263.49,0.01,299.95,,,0.03,99.3,0.04,72.7,0.97,99.3,0.96,72.7,0.99,299.95,,,0.02,0.02,617.233163,1776250762000
1776250763.74,263.74,0.01,279.74,,,0.02,137.69,0.03,99.3,0.97,99.3,0.96,72.7,0.99,299.95,,,0.01,0.02,617.233163,1776250762000
1776250764.043,264.043,0.01,279.74,,,0.02,137.69,0.03,99.3,0.98,137.69,0.97,99.3,0.99,279.74,,,0.01,0.01,617.23429,1776250763000
1776250765.509,265.509,0.01,149.63,,,0.02,150.69,0.03,99.3,0.98,150.69,0.97,99.3,0.99,269.63,,,0.01,0.01,617.23429,1776250763000
1776250766.219,266.219,0.01,149.63,,,0.02,150.69,0.03,99.3,0.98,150.69,0.97,99.3,0.99,149.63,,,0.01,0.01,617.17322,1776250765000
1776250766.669,266.669,0.01,138.63,,,0.02,150.69,0.03,99.3,0.98,150.69,0.97,99.3,0.99,149.63,,,0.01,0.01,617.17322,1776250765000
1776250767.77,267.77,0.01,138.63,,,0.02,150.69,0.03,99.3,0.98,150.69,0.97,99.3,0.99,138.63,,,0.01,0.01,617.15485,1776250766000
1776250768.526,268.526,0.01,108.32,,,0.02,150.69,0.03,99.3,0.98,150.69,0.97,99.3,0.99,108.32,,,0.01,0.01,617.15642,1776250767000
1776250769.226,269.226,0.01,108.32,,,0.02,150.69,0.03,99.3,0.98,150.69,0.97,99.3,0.99,108.32,,,0.01,0.01,617.15642,1776250768000
1776250770.757,270.757,0.01,108.32,,,0.02,150.69,0.03,99.3,0.98,150.69,0.97,99.3,0.99,108.32,,,0.01,0.01,617.15168,1776250769000
1776250771.598,271.598,0.01,108.32,,,0.02,150.69,0.03,99.3,0.98,150.69,0.97,99.3,0.99,108.32,,,0.01,0.01,617.14843,1776250770000
1776250772.317,272.317,0.01,108.32,,,0.02,150.69,0.03,99.3,0.98,150.69,0.97,99.3,0.99,108.32,,,0.01,0.01,617.14585,1776250771000
1776250774.251,274.251,0.01,104.27,,,0.02,150.69,0.03,99.3,0.98,150.69,0.97,99.3,0.99,104.27,,,0.01,0.01,617.14139,1776250773000
1776250774.668,274.668,0.01,84.06,,,0.02,150.69,0.03,99.3,0.98,150.69,0.97,99.3,0.99,104.27,,,0.01,0.01,617.14139,1776250773000
1776250775.357,275.357,0.01,84.06,,,0.02,150.69,0.03,99.3,0.98,150.69,0.97,99.3,0.99,84.06,,,0.01,0.01,617.11954,1776250774000
1776250775.884,275.884,0.01,84.06,,,0.02,150.69,0.03,99.3,0.98,150.69,0.97,99.3,0.99,84.06,,,0.01,0.01,617.10841,1776250775000
1776250776.631,276.631,,,,,0.01,915.94,0.02,18.0,0.98,150.69,0.97,99.3,0.99,84.06,,,,0.01,617.10841,1776250775000
1776250776.923,276.923,,,,,0.01,915.94,0.02,18.0,0.99,915.94,0.98,18.0,,,,,,,617.185207,1776250776000
1776250778.037,278.037,,,,,0.01,937.0,0.02,18.0,0.99,937.0,0.98,18.0,,,,,,,617.198332,1776250777000
1776250779.163,279.163,,,,,0.01,937.0,0.02,18.0,0.99,937.0,0.98,18.0,,,,,,,617.208551,1776250778000
1776250780.239,280.239,,,,,0.01,937.0,0.02,18.0,0.99,937.0,0.98,18.0,,,,,,,617.209769,1776250779000
1776250780.829,280.829,,,,,0.01,937.0,0.02,18.0,0.99,937.0,0.98,18.0,,,,,,,617.211281,1776250780000
1776250781.971,281.971,,,,,0.01,937.0,0.02,18.0,0.99,937.0,0.98,18.0,,,,,,,617.212789,1776250781000
1776250783.069,283.069,,,,,0.01,937.0,0.02,18.0,0.99,937.0,0.98,18.0,,,,,,,617.212507,1776250782000
1776250784.22,284.22,,,,,0.01,937.0,0.02,18.0,0.99,937.0,0.98,18.0,,,,,,,617.225963,1776250783000
1776250785.206,285.206,,,,,0.01,937.0,0.02,18.0,0.99,937.0,0.98,18.0,,,,,,,617.220573,1776250784000
1776250786.331,286.331,,,,,0.01,937.0,0.02,18.0,0.99,937.0,0.98,18.0,,,,,,,617.23913,1776250785000
1776250787.356,287.356,,,,,0.01,937.0,0.02,18.0,0.99,937.0,0.98,18.0,,,,,,,617.237337,1776250786000
1776250788.483,288.483,,,,,0.01,937.0,0.02,18.0,0.99,937.0,0.98,18.0,,,,,,,617.230935,1776250787000
1776250789.314,289.314,,,,,0.01,937.0,0.02,18.0,0.99,937.0,0.98,18.0,,,,,,,617.19487,1776250788000
1776250790.696,290.696,,,,,0.01,937.0,0.02,18.0,0.99,937.0,0.98,18.0,,,,,,,617.209893,1776250789000
1776250791.472,291.472,,,,,0.01,937.0,0.02,18.0,0.99,937.0,0.98,18.0,,,,,,,617.231906,1776250790000
1776250792.175,292.175,,,,,0.01,937.0,0.02,18.0,0.99,937.0,0.98,18.0,,,,,,,617.23042,1776250791000
1776250793.387,293.387,,,,,0.01,937.0,0.02,18.0,0.99,937.0,0.98,18.0,,,,,,,617.278083,1776250792000
1776250793.977,293.977,,,,,0.01,937.0,0.02,18.0,0.99,937.0,0.98,18.0,,,,,,,617.285825,1776250793000
1776250795.288,295.288,,,,,0.01,937.0,0.02,18.0,0.99,937.0,0.98,18.0,,,,,,,617.256639,1776250794000
1776250796.443,296.443,,,,,0.01,937.0,0.02,18.0,0.99,937.0,0.98,18.0,,,,,,,617.26729,1776250795000
1776250797.111,297.111,,,,,0.01,937.0,0.02,18.0,0.99,937.0,0.98,18.0,,,,,,,617.26908,1776250796000
1776250798.329,298.329,,,,,0.01,937.0,0.02,18.0,0.99,937.0,0.98,18.0,,,,,,,617.24049,1776250797000
1776250799.519,299.519,,,,,0.01,937.0,0.02,18.0,0.99,937.0,0.98,18.0,,,,,,,617.224202,1776250798000
1776250799.848,299.848,,,,,0.01,14075.47,0.02,32.0,0.99,937.0,0.98,18.0,,,,,,,617.224202,1776250798000
1776250800.159,300.159,,,,,0.01,14075.47,0.02,32.0,0.99,14075.47,0.98,32.0,,,,,,,617.224202,1776250799000
