timestamp,elapsed_sec,up_bid_p1,up_bid_s1,up_bid_p2,up_bid_s2,up_ask_p1,up_ask_s1,up_ask_p2,up_ask_s2,down_bid_p1,down_bid_s1,down_bid_p2,down_bid_s2,down_ask_p1,down_ask_s1,down_ask_p2,down_ask_s2,up_spread,down_spread,bnb_price,bnb_oracle_ts
1776374103.847,3.847,0.49,2.04,0.43,11.0,0.5,5.0,0.51,11.0,0.49,6.0,0.41,5.0,0.51,7.14,0.59,5.0,0.01,0.02,634.2929,1776374102000
1776374104.578,4.578,0.43,4.04,0.42,5.0,0.5,5.0,0.51,11.0,0.5,5.0,0.49,11.0,0.51,2.04,0.57,11.0,0.07,0.01,634.234113,1776374103000
1776374105.926,5.926,0.49,5.0,0.48,5.0,0.51,6.0,0.57,5.0,0.5,5.0,0.49,11.0,0.57,4.04,0.58,5.0,0.02,0.07,634.261181,1776374105000
1776374112.237,12.237,0.49,2.84,0.48,5.0,0.51,11.0,0.52,5.0,0.5,5.0,0.49,6.0,0.51,5.0,0.52,5.0,0.02,0.01,634.257811,1776374111000
1776374121.316,21.316,0.48,1.25,0.47,5.0,0.49,11.0,0.5,5.0,0.49,11.0,0.48,5.0,0.51,2.84,0.52,5.0,0.01,0.02,634.316,1776374120000
1776374124.985,24.985,0.46,2.0,0.37,8.0,0.47,10.0,0.48,5.0,0.51,11.0,0.5,5.0,0.52,1.25,0.53,5.0,0.01,0.01,634.31578,1776374123000
1776374125.645,25.645,0.35,13.0,0.34,8.0,0.38,5.0,0.39,5.0,0.53,7.46,0.52,5.0,0.63,8.0,0.64,8.0,0.03,0.1,634.316,1776374124000
1776374126.419,26.419,0.36,5.0,0.35,5.0,0.37,11.0,0.38,5.0,0.62,5.0,0.61,5.0,0.65,13.0,0.66,8.0,0.01,0.03,634.306,1776374125000
1776374127.609,27.609,0.35,15.0,0.34,5.0,0.37,11.0,0.38,5.0,0.63,11.0,0.62,5.0,0.64,5.0,0.65,5.0,0.02,0.01,634.262634,1776374126000
1776374131.954,31.954,0.35,7.78,0.3,5.0,0.36,16.0,0.37,5.0,0.63,11.0,0.62,5.0,0.65,15.0,0.66,5.0,0.01,0.02,634.164,1776374130000
1776374140.851,40.851,0.33,5.0,0.32,5.0,0.35,5.0,0.36,12.0,0.64,16.0,0.63,5.0,0.65,7.78,0.7,5.0,0.02,0.01,634.135,1776374139000
1776374142.039,42.039,0.32,5.0,0.31,12.89,0.35,5.0,0.36,5.0,0.65,5.0,0.64,12.0,0.67,5.0,0.68,5.0,0.03,0.02,634.135,1776374140000
1776374163.344,63.344,0.29,12.6,0.28,22.9,0.32,5.0,0.33,5.0,0.65,5.0,0.64,5.0,0.68,5.0,0.69,12.89,0.03,0.03,634.106215,1776374162000
1776374169.189,69.189,0.37,5.0,0.36,5.0,0.39,5.0,0.41,55.0,0.7,5.0,0.69,5.0,0.71,11.6,0.72,22.9,0.02,0.01,634.102902,1776374168000
1776374188.047,88.047,0.3,4.29,0.29,17.6,0.33,5.0,0.34,5.0,0.61,5.0,0.59,55.0,0.63,5.0,0.64,5.0,0.03,0.02,634.096994,1776374187000
1776374217.896,117.896,0.29,10.55,0.28,17.9,0.31,12.0,0.32,5.0,0.67,5.0,0.66,5.0,0.7,4.29,0.71,17.6,0.02,0.03,634.106355,1776374216000
1776374218.568,118.568,0.28,16.66,0.27,18.2,0.31,5.0,0.32,5.0,0.69,12.0,0.68,5.0,0.71,10.55,0.72,17.9,0.03,0.02,634.1043,1776374217000
1776374218.927,118.927,0.28,6.9,0.27,18.2,0.29,5.0,0.3,5.0,0.69,5.0,0.68,5.0,0.72,16.66,0.73,18.2,0.01,0.03,634.1043,1776374217000
1776374222.753,122.753,0.33,3.22,0.32,5.0,0.35,5.0,0.36,5.0,0.71,5.0,0.7,5.0,0.72,6.9,0.73,18.2,0.02,0.01,634.104253,1776374221000
1776374230.158,130.158,0.27,8.1,0.26,18.5,0.29,5.0,0.3,5.0,0.65,5.0,0.64,5.0,0.67,3.22,0.68,5.0,0.02,0.02,634.128093,1776374228000
1776374241.006,141.006,0.16,21.3,0.15,25.39,0.17,5.0,0.18,5.0,0.71,5.0,0.7,5.0,0.73,8.1,0.74,18.5,0.01,0.02,634.122604,1776374239000
1776374249.332,149.332,0.14,5.0,0.13,10.0,0.15,7.0,0.26,10.0,0.83,5.0,0.82,5.0,0.84,21.3,0.85,25.39,0.01,0.01,633.89438,1776374248000
1776374249.621,149.621,0.14,3.6,0.13,10.0,0.26,5.0,0.31,5.0,0.85,7.0,0.74,5.0,0.86,3.6,0.87,10.0,0.12,0.01,633.89438,1776374248000
1776374250.074,150.074,0.23,5.0,0.22,5.0,0.25,5.0,0.26,10.0,0.74,5.0,0.69,5.0,0.86,3.6,0.87,10.0,0.02,0.12,633.89438,1776374248000
1776374252.039,152.039,0.29,5.0,0.28,5.0,0.3,2.0,0.32,10.1,0.75,5.0,0.74,10.0,0.77,5.0,0.78,5.0,0.01,0.02,633.9595,1776374250000
1776374253.889,153.889,0.29,5.0,0.28,5.0,0.31,5.0,0.32,5.0,0.7,2.0,0.68,10.1,0.71,5.0,0.72,5.0,0.02,0.01,634.019432,1776374252000
1776374260.88,160.88,0.29,5.0,0.28,5.0,0.3,2.0,0.31,5.0,0.69,5.0,0.68,5.0,0.71,5.0,0.72,5.0,0.01,0.02,634.068612,1776374259000
1776374264.61,164.61,0.28,2.98,0.27,5.0,0.3,5.0,0.31,5.0,0.7,2.0,0.69,5.0,0.71,5.0,0.72,5.0,0.02,0.01,634.085918,1776374263000
1776374270.352,170.352,0.31,48.26,0.26,13.5,0.37,5.0,0.4,10.0,0.7,5.0,0.69,5.0,0.72,2.98,0.73,5.0,0.06,0.02,634.083555,1776374268000
1776374272.516,172.516,0.41,5.0,0.39,5.0,0.44,5.0,0.45,5.0,0.63,5.0,0.6,10.0,0.69,48.26,0.74,13.5,0.03,0.06,634.088,1776374270000
1776374274.479,174.479,0.43,4.59,0.42,5.0,0.44,5.0,0.45,5.0,0.56,5.0,0.55,5.0,0.59,5.0,0.61,5.0,0.01,0.03,634.296762,1776374272000
1776374280.973,180.973,0.5,5.0,0.49,5.0,0.51,3.0,0.57,10.0,0.56,5.0,0.55,5.0,0.57,4.59,0.58,5.0,0.01,0.01,634.306748,1776374280000
1776374281.415,181.415,0.51,48.97,0.5,55.0,0.57,10.0,0.61,7.14,0.49,1.03,0.43,10.0,0.5,5.0,0.51,5.0,0.06,0.01,634.306748,1776374280000
1776374298.983,198.983,0.6,5.0,0.59,5.0,0.61,4.14,0.63,10.0,0.43,1.0,0.39,7.14,0.49,48.97,0.5,55.0,0.01,0.06,634.395753,1776374298000
1776374302.87,202.87,0.73,11.0,0.72,5.0,0.75,3.14,0.76,5.0,0.37,10.0,0.34,5.0,0.4,10.0,0.41,5.0,0.02,0.03,634.525582,1776374301000
1776374304.065,204.065,0.76,29.0,0.75,5.0,0.77,8.44,0.79,5.0,0.25,3.14,0.24,5.0,0.27,11.0,0.28,5.0,0.01,0.02,634.530695,1776374302000
1776374304.493,204.493,0.77,9.0,0.76,5.0,0.78,5.0,0.79,5.0,0.23,8.44,0.21,5.0,0.24,29.0,0.25,5.0,0.01,0.01,634.541,1776374303000
1776374306.598,206.598,0.82,4.0,0.81,5.0,0.84,5.0,0.85,5.0,0.22,5.0,0.21,5.0,0.23,9.0,0.24,5.0,0.02,0.01,634.579,1776374305000
1776374307.529,207.529,0.84,5.0,0.83,5.0,0.85,6.65,0.89,10.0,0.16,5.0,0.15,5.0,0.18,4.0,0.19,5.0,0.01,0.02,634.579,1776374305000
1776374309.549,209.549,0.88,5.0,0.87,5.0,0.9,4.0,0.91,71.0,0.15,6.65,0.11,10.0,0.16,5.0,0.17,5.0,0.02,0.01,634.660692,1776374308000
1776374313.482,213.482,0.89,5.0,0.88,5.0,0.91,16.0,0.92,17.0,0.1,4.0,0.09,71.0,0.12,5.0,0.13,5.0,0.02,0.02,634.728,1776374311000
1776374317.107,217.107,0.9,37.64,0.89,31.6,0.91,11.0,0.92,12.0,0.09,16.0,0.08,17.0,0.11,5.0,0.12,5.0,0.01,0.02,634.715,1776374315000
1776374320.462,220.462,0.9,37.64,0.89,31.6,0.91,8.0,0.92,12.0,0.09,11.0,0.08,12.0,0.1,37.64,0.11,31.6,0.01,0.01,634.822369,1776374318000
1776374320.69,220.69,0.91,56.7,0.9,37.64,0.92,9.82,0.93,19.0,0.08,12.0,0.07,14.0,0.1,37.64,0.11,31.6,0.01,0.02,634.830547,1776374319000
1776374322.372,222.372,0.91,17.0,0.9,32.64,0.92,14.82,0.93,19.0,0.08,9.82,0.07,19.0,0.09,56.7,0.1,37.64,0.01,0.01,634.805,1776374320000
1776374322.986,222.986,0.9,9.44,0.89,26.6,0.92,14.82,0.93,19.0,0.08,14.82,0.07,19.0,0.09,17.0,0.1,32.64,0.02,0.01,634.855587,1776374321000
1776374324.488,224.488,0.88,12.31,0.87,28.0,0.9,5.0,0.91,5.0,0.08,14.82,0.07,19.0,0.1,9.44,0.11,26.6,0.02,0.02,634.85367,1776374322000
1776374327.527,227.527,0.89,31.6,0.88,12.31,0.91,4.57,0.92,14.82,0.1,5.0,0.09,5.0,0.12,12.31,0.13,28.0,0.02,0.02,634.789799,1776374326000
1776374331.332,231.332,0.91,36.7,0.9,33.9,0.92,6.82,0.93,14.0,0.09,4.57,0.08,14.82,0.11,31.6,0.12,12.31,0.01,0.02,634.825261,1776374330000
1776374339.57,239.57,0.91,2.0,0.9,33.9,0.92,5.52,0.93,19.0,0.08,5.52,0.07,14.0,0.09,36.7,0.1,33.9,0.01,0.01,634.964797,1776374337000
1776374340.497,240.497,0.9,28.9,0.89,31.6,0.92,9.0,0.93,19.0,0.08,5.52,0.07,19.0,0.09,2.0,0.1,33.9,0.02,0.01,634.969824,1776374339000
1776374340.922,240.922,0.91,31.7,0.9,33.9,0.92,4.0,0.93,19.0,0.08,9.0,0.07,19.0,0.1,28.9,0.11,31.6,0.01,0.02,634.969824,1776374339000
1776374341.77,241.77,0.92,93.0,0.89,26.6,0.93,19.0,0.94,21.0,0.07,19.0,0.06,21.0,0.08,96.0,0.09,31.7,0.01,0.01,634.867294,1776374340000
1776374342.061,242.061,0.92,93.0,0.89,26.6,0.95,16.89,0.96,30.0,0.07,19.0,0.06,21.0,0.08,93.0,0.11,26.6,0.03,0.01,634.867294,1776374341000
1776374354.765,254.765,0.94,51.1,0.93,44.9,0.95,10.83,0.96,25.0,0.05,16.89,0.04,30.0,0.08,93.0,0.11,26.6,0.01,0.03,634.80594,1776374353000
1776374357.352,257.352,0.94,51.1,0.93,44.9,0.96,25.0,0.97,33.0,0.05,8.75,0.04,25.0,0.06,51.1,0.07,44.9,0.02,0.01,634.82391,1776374356000
1776374360.209,260.209,0.95,59.7,0.94,51.1,0.96,23.75,0.97,33.0,0.04,25.0,0.03,33.0,0.06,51.1,0.07,44.9,0.01,0.02,634.813639,1776374358000
1776374361.156,261.156,0.95,59.7,0.94,51.1,0.97,33.0,0.98,60.0,0.04,8.75,0.03,33.0,0.05,59.7,0.06,51.1,0.02,0.01,634.856748,1776374360000
1776374361.94,261.94,0.96,72.7,0.95,59.7,0.97,17.69,0.98,60.0,0.03,33.0,0.02,60.0,0.05,59.7,0.06,51.1,0.01,0.02,634.856748,1776374360000
1776374363.573,263.573,0.96,72.7,0.95,59.7,0.97,1.79,0.98,60.0,0.03,17.69,0.02,60.0,0.04,72.7,0.05,59.7,0.01,0.01,634.91731,1776374362000
1776374363.982,263.982,0.96,72.7,0.95,59.7,0.98,60.0,0.99,195.0,0.03,1.79,0.02,60.0,0.04,72.7,0.05,59.7,0.02,0.01,634.91731,1776374362000
1776374364.929,264.929,0.97,94.3,0.96,72.7,0.98,57.56,0.99,195.0,0.02,60.0,0.01,195.0,0.04,72.7,0.05,59.7,0.01,0.02,634.926648,1776374363000
1776374365.625,265.625,0.97,94.3,0.96,72.7,0.98,52.47,0.99,195.0,0.02,57.56,0.01,195.0,0.03,94.3,0.04,72.7,0.01,0.01,634.929603,1776374364000
1776374366.186,266.186,0.97,94.3,0.96,72.7,0.98,47.99,0.99,195.0,0.02,50.03,0.01,195.0,0.03,94.3,0.04,72.7,0.01,0.01,634.929603,1776374364000
1776374366.44,266.44,0.97,94.3,0.96,72.7,0.98,45.55,0.99,195.0,0.02,47.99,0.01,195.0,0.03,94.3,0.04,72.7,0.01,0.01,634.933136,1776374365000
1776374366.894,266.894,0.99,832.66,0.98,137.69,,,,,,,,,0.01,810.45,0.02,5.0,,,634.933136,1776374365000
1776374367.208,267.208,0.99,827.66,0.98,137.69,,,,,,,,,0.01,832.66,0.02,137.69,,,634.933136,1776374365000
1776374370.953,270.953,0.99,1081.45,0.98,137.69,,,,,,,,,0.01,807.7,0.02,137.69,,,634.932,1776374370000
1776374399.454,299.454,0.99,5940.13,0.98,5.0,,,,,,,,,0.01,1081.45,0.02,137.69,,,634.891415,1776374398000

# RESULT,winner=Up,slug=bnb-updown-5m-1776374100,ticks=69
