timestamp,elapsed_sec,up_bid_p1,up_bid_s1,up_bid_p2,up_bid_s2,up_bid_p3,up_bid_s3,up_bid_p4,up_bid_s4,up_bid_p5,up_bid_s5,up_ask_p1,up_ask_s1,up_ask_p2,up_ask_s2,up_ask_p3,up_ask_s3,up_ask_p4,up_ask_s4,up_ask_p5,up_ask_s5,down_bid_p1,down_bid_s1,down_bid_p2,down_bid_s2,down_bid_p3,down_bid_s3,down_bid_p4,down_bid_s4,down_bid_p5,down_bid_s5,down_ask_p1,down_ask_s1,down_ask_p2,down_ask_s2,down_ask_p3,down_ask_s3,down_ask_p4,down_ask_s4,down_ask_p5,down_ask_s5,up_spread,down_spread,bnb_price,bnb_oracle_ts
1776167100.95,0.95,0.41,13.0,0.4,8.0,0.39,8.0,0.38,8.0,0.37,189.0,0.59,13.0,0.6,8.0,0.61,8.0,0.62,8.0,0.63,189.0,0.41,13.0,0.4,8.0,0.39,8.0,0.38,8.0,0.37,189.0,0.59,13.0,0.6,8.0,0.61,8.0,0.62,8.0,0.63,189.0,0.18,0.18,616.506599,1776167100000
1776167101.901,1.901,0.41,13.0,0.4,8.0,0.39,8.0,0.38,8.0,0.37,189.0,0.59,13.0,0.6,8.0,0.61,8.0,0.62,8.0,0.63,189.0,0.41,13.0,0.4,8.0,0.39,8.0,0.38,8.0,0.37,189.0,0.59,13.0,0.6,8.0,0.61,8.0,0.62,8.0,0.63,189.0,0.18,0.18,616.496,1776167101000
1776167102.96,2.96,0.41,13.0,0.4,8.0,0.39,8.0,0.38,8.0,0.37,189.0,0.59,13.0,0.6,8.0,0.61,8.0,0.62,8.0,0.63,189.0,0.41,13.0,0.4,8.0,0.39,8.0,0.38,8.0,0.37,189.0,0.59,13.0,0.6,8.0,0.61,8.0,0.62,8.0,0.63,189.0,0.18,0.18,616.458,1776167102000
1776167103.826,3.826,0.41,13.0,0.4,8.0,0.39,8.0,0.38,8.0,0.37,189.0,0.59,13.0,0.6,8.0,0.61,8.0,0.62,8.0,0.63,189.0,0.41,13.0,0.4,8.0,0.39,8.0,0.38,8.0,0.37,189.0,0.59,13.0,0.6,8.0,0.61,8.0,0.62,8.0,0.63,189.0,0.18,0.18,616.458,1776167103000
1776167105.348,5.348,0.41,13.0,0.4,8.0,0.39,8.0,0.38,8.0,0.37,189.0,0.59,13.0,0.6,8.0,0.61,8.0,0.62,8.0,0.63,189.0,0.41,13.0,0.4,8.0,0.39,8.0,0.38,8.0,0.37,189.0,0.59,13.0,0.6,8.0,0.61,8.0,0.62,8.0,0.63,189.0,0.18,0.18,616.475,1776167104000
1776167106.233,6.233,0.41,13.0,0.4,8.0,0.39,8.0,0.38,8.0,0.37,189.0,0.59,13.0,0.6,8.0,0.61,8.0,0.62,8.0,0.63,189.0,0.41,13.0,0.4,8.0,0.39,8.0,0.38,8.0,0.37,189.0,0.59,13.0,0.6,8.0,0.61,8.0,0.62,8.0,0.63,189.0,0.18,0.18,616.479,1776167105000
1776167107.279,7.279,0.41,13.0,0.4,8.0,0.39,8.0,0.38,8.0,0.37,189.0,0.59,13.0,0.6,8.0,0.61,8.0,0.62,8.0,0.63,189.0,0.41,13.0,0.4,8.0,0.39,8.0,0.38,8.0,0.37,189.0,0.59,13.0,0.6,8.0,0.61,8.0,0.62,8.0,0.63,189.0,0.18,0.18,616.487,1776167106000
1776167107.811,7.811,0.46,3.14,0.45,5.0,0.44,11.0,0.31,50.0,0.25,600.0,0.56,5.0,0.57,5.0,0.61,50.0,0.65,14.0,0.71,50.0,0.41,13.0,0.4,8.0,0.39,8.0,0.38,8.0,0.37,189.0,0.59,13.0,0.6,8.0,0.61,8.0,0.62,8.0,0.63,189.0,0.1,0.18,616.487,1776167106000
1776167108.222,8.222,0.46,3.14,0.45,5.0,0.44,11.0,0.31,50.0,0.25,600.0,0.56,5.0,0.57,5.0,0.61,50.0,0.65,14.0,0.71,50.0,0.44,5.0,0.43,5.0,0.39,50.0,0.35,14.0,0.29,50.0,0.54,3.14,0.55,5.0,0.56,11.0,0.69,50.0,0.75,600.0,0.1,0.1,616.488,1776167107000
1776167109.168,9.168,0.46,3.14,0.45,5.0,0.44,11.0,0.31,50.0,0.25,600.0,0.56,5.0,0.57,5.0,0.61,50.0,0.65,14.0,0.71,50.0,0.44,5.0,0.43,5.0,0.39,50.0,0.35,14.0,0.29,50.0,0.54,3.14,0.55,5.0,0.56,11.0,0.69,50.0,0.75,600.0,0.1,0.1,616.489,1776167108000
1776167110.178,10.178,0.46,3.14,0.45,5.0,0.44,11.0,0.31,50.0,0.25,600.0,0.56,5.0,0.57,5.0,0.61,50.0,0.65,14.0,0.71,50.0,0.44,5.0,0.43,5.0,0.39,50.0,0.35,14.0,0.29,50.0,0.54,3.14,0.55,5.0,0.56,11.0,0.69,50.0,0.75,600.0,0.1,0.1,616.514,1776167109000
1776167111.249,11.249,0.46,3.14,0.45,5.0,0.44,11.0,0.31,50.0,0.25,600.0,0.56,5.0,0.57,5.0,0.61,50.0,0.65,14.0,0.71,50.0,0.44,5.0,0.43,5.0,0.39,50.0,0.35,14.0,0.29,50.0,0.54,3.14,0.55,5.0,0.56,11.0,0.69,50.0,0.75,600.0,0.1,0.1,616.514,1776167110000
1776167112.155,12.155,0.46,3.14,0.45,5.0,0.44,11.0,0.31,50.0,0.25,600.0,0.56,5.0,0.57,5.0,0.61,50.0,0.65,14.0,0.71,50.0,0.44,5.0,0.43,5.0,0.39,50.0,0.35,14.0,0.29,50.0,0.54,3.14,0.55,5.0,0.56,11.0,0.69,50.0,0.75,600.0,0.1,0.1,616.513,1776167111000
1776167113.187,13.187,0.46,3.14,0.45,5.0,0.44,11.0,0.31,50.0,0.25,600.0,0.56,5.0,0.57,5.0,0.61,50.0,0.65,14.0,0.71,50.0,0.44,5.0,0.43,5.0,0.39,50.0,0.35,14.0,0.29,50.0,0.54,3.14,0.55,5.0,0.56,11.0,0.69,50.0,0.75,600.0,0.1,0.1,616.513,1776167112000
1776167114.725,14.725,0.46,3.14,0.45,5.0,0.44,11.0,0.31,50.0,0.25,600.0,0.56,5.0,0.57,5.0,0.61,50.0,0.65,14.0,0.71,50.0,0.44,5.0,0.43,5.0,0.39,50.0,0.35,14.0,0.29,50.0,0.54,3.14,0.55,5.0,0.56,11.0,0.69,50.0,0.75,600.0,0.1,0.1,616.515,1776167113000
1776167115.192,15.192,0.46,3.14,0.45,5.0,0.44,11.0,0.31,50.0,0.25,600.0,0.56,5.0,0.57,5.0,0.61,50.0,0.65,14.0,0.71,50.0,0.44,5.0,0.43,5.0,0.39,50.0,0.35,14.0,0.29,50.0,0.54,3.14,0.55,5.0,0.56,11.0,0.69,50.0,0.75,600.0,0.1,0.1,616.5434,1776167114000
1776167116.564,16.564,0.46,3.14,0.45,5.0,0.44,11.0,0.31,50.0,0.25,600.0,0.56,5.0,0.57,5.0,0.61,50.0,0.65,14.0,0.71,50.0,0.44,5.0,0.43,5.0,0.39,50.0,0.35,14.0,0.29,50.0,0.54,3.14,0.55,5.0,0.56,11.0,0.69,50.0,0.75,600.0,0.1,0.1,616.504,1776167115000
1776167117.002,17.002,0.46,3.14,0.45,5.0,0.44,11.0,0.31,50.0,0.25,600.0,0.56,5.0,0.57,5.0,0.61,50.0,0.65,14.0,0.71,50.0,0.44,5.0,0.43,5.0,0.39,50.0,0.35,14.0,0.29,50.0,0.54,3.14,0.55,5.0,0.56,11.0,0.69,50.0,0.75,600.0,0.1,0.1,616.513,1776167116000
1776167118.237,18.237,0.46,3.14,0.45,5.0,0.44,11.0,0.31,50.0,0.25,600.0,0.56,5.0,0.57,5.0,0.61,50.0,0.65,14.0,0.71,50.0,0.44,5.0,0.43,5.0,0.39,50.0,0.35,14.0,0.29,50.0,0.54,3.14,0.55,5.0,0.56,11.0,0.69,50.0,0.75,600.0,0.1,0.1,616.513,1776167117000
1776167119.36,19.36,0.46,3.14,0.45,5.0,0.44,11.0,0.31,50.0,0.25,600.0,0.56,5.0,0.57,5.0,0.61,50.0,0.65,14.0,0.71,50.0,0.44,5.0,0.43,5.0,0.39,50.0,0.35,14.0,0.29,50.0,0.54,3.14,0.55,5.0,0.56,11.0,0.69,50.0,0.75,600.0,0.1,0.1,616.50283,1776167118000
1776167120.476,20.476,0.46,3.14,0.45,5.0,0.44,11.0,0.31,50.0,0.25,600.0,0.56,5.0,0.57,5.0,0.61,50.0,0.65,14.0,0.71,50.0,0.44,5.0,0.43,5.0,0.39,50.0,0.35,14.0,0.29,50.0,0.54,3.14,0.55,5.0,0.56,11.0,0.69,50.0,0.75,600.0,0.1,0.1,616.5031,1776167119000
1776167120.965,20.965,0.46,3.14,0.45,5.0,0.44,11.0,0.31,50.0,0.25,600.0,0.56,5.0,0.57,5.0,0.61,50.0,0.65,14.0,0.71,50.0,0.44,5.0,0.43,5.0,0.39,50.0,0.35,14.0,0.29,50.0,0.54,3.14,0.55,5.0,0.56,11.0,0.69,50.0,0.75,600.0,0.1,0.1,616.48859,1776167120000
1776167122.15,22.15,0.46,3.14,0.45,5.0,0.44,11.0,0.31,50.0,0.25,600.0,0.56,5.0,0.57,5.0,0.61,50.0,0.65,14.0,0.71,50.0,0.44,5.0,0.43,5.0,0.39,50.0,0.35,14.0,0.29,50.0,0.54,3.14,0.55,5.0,0.56,11.0,0.69,50.0,0.75,600.0,0.1,0.1,616.47813,1776167121000
1776167123.13,23.13,0.46,3.14,0.45,5.0,0.44,11.0,0.31,50.0,0.25,600.0,0.56,5.0,0.57,5.0,0.61,50.0,0.65,14.0,0.71,50.0,0.44,5.0,0.43,5.0,0.39,50.0,0.35,14.0,0.29,50.0,0.54,3.14,0.55,5.0,0.56,11.0,0.69,50.0,0.75,600.0,0.1,0.1,616.45508,1776167122000
1776167124.294,24.294,0.46,3.14,0.45,5.0,0.44,11.0,0.31,50.0,0.25,600.0,0.56,5.0,0.57,5.0,0.61,50.0,0.65,14.0,0.71,50.0,0.44,5.0,0.43,5.0,0.39,50.0,0.35,14.0,0.29,50.0,0.54,3.14,0.55,5.0,0.56,11.0,0.69,50.0,0.75,600.0,0.1,0.1,616.46814,1776167123000
1776167125.289,25.289,0.46,3.14,0.45,5.0,0.44,11.0,0.31,50.0,0.25,600.0,0.56,5.0,0.57,5.0,0.61,50.0,0.65,14.0,0.71,50.0,0.44,5.0,0.43,5.0,0.39,50.0,0.35,14.0,0.29,50.0,0.54,3.14,0.55,5.0,0.56,11.0,0.69,50.0,0.75,600.0,0.1,0.1,616.494,1776167124000
1776167126.401,26.401,0.46,3.14,0.45,5.0,0.44,11.0,0.31,50.0,0.25,600.0,0.56,5.0,0.57,5.0,0.61,50.0,0.65,14.0,0.71,50.0,0.44,5.0,0.43,5.0,0.39,50.0,0.35,14.0,0.29,50.0,0.54,3.14,0.55,5.0,0.56,11.0,0.69,50.0,0.75,600.0,0.1,0.1,616.495,1776167125000
1776167126.957,26.957,0.46,3.14,0.45,5.0,0.44,11.0,0.31,50.0,0.25,600.0,0.56,5.0,0.57,5.0,0.61,50.0,0.65,14.0,0.71,50.0,0.44,5.0,0.43,5.0,0.39,50.0,0.35,14.0,0.29,50.0,0.54,3.14,0.55,5.0,0.56,11.0,0.69,50.0,0.75,600.0,0.1,0.1,616.495,1776167126000
1776167128.154,28.154,0.46,3.14,0.45,5.0,0.44,11.0,0.31,50.0,0.25,600.0,0.56,5.0,0.57,5.0,0.61,50.0,0.65,14.0,0.71,50.0,0.44,5.0,0.43,5.0,0.39,50.0,0.35,14.0,0.29,50.0,0.54,3.14,0.55,5.0,0.56,11.0,0.69,50.0,0.75,600.0,0.1,0.1,616.486,1776167127000
1776167129.427,29.427,0.46,3.14,0.45,5.0,0.44,11.0,0.31,50.0,0.25,600.0,0.56,5.0,0.57,5.0,0.61,50.0,0.65,14.0,0.71,50.0,0.44,5.0,0.43,5.0,0.39,50.0,0.35,14.0,0.29,50.0,0.54,3.14,0.55,5.0,0.56,11.0,0.69,50.0,0.75,600.0,0.1,0.1,616.502,1776167128000
1776167130.218,30.218,0.46,3.14,0.45,5.0,0.44,11.0,0.31,50.0,0.25,600.0,0.56,5.0,0.57,5.0,0.61,50.0,0.65,14.0,0.71,50.0,0.44,5.0,0.43,5.0,0.39,50.0,0.35,14.0,0.29,50.0,0.54,3.14,0.55,5.0,0.56,11.0,0.69,50.0,0.75,600.0,0.1,0.1,616.502,1776167129000
1776167131.447,31.447,0.46,3.14,0.45,5.0,0.44,11.0,0.31,50.0,0.25,600.0,0.56,5.0,0.57,5.0,0.61,50.0,0.65,14.0,0.71,50.0,0.44,5.0,0.43,5.0,0.39,50.0,0.35,14.0,0.29,50.0,0.54,3.14,0.55,5.0,0.56,11.0,0.69,50.0,0.75,600.0,0.1,0.1,616.51016,1776167130000
1776167132.327,32.327,0.46,3.14,0.45,5.0,0.44,11.0,0.31,50.0,0.25,600.0,0.56,5.0,0.57,5.0,0.61,50.0,0.65,14.0,0.71,50.0,0.44,5.0,0.43,5.0,0.39,50.0,0.35,14.0,0.29,50.0,0.54,3.14,0.55,5.0,0.56,11.0,0.69,50.0,0.75,600.0,0.1,0.1,616.51016,1776167131000
1776167133.048,33.048,0.46,3.14,0.45,5.0,0.44,11.0,0.31,50.0,0.25,600.0,0.56,5.0,0.57,5.0,0.61,50.0,0.65,14.0,0.71,50.0,0.44,5.0,0.43,5.0,0.39,50.0,0.35,14.0,0.29,50.0,0.54,3.14,0.55,5.0,0.56,11.0,0.69,50.0,0.75,600.0,0.1,0.1,616.51266,1776167132000
1776167134.143,34.143,0.46,3.14,0.45,5.0,0.44,11.0,0.31,50.0,0.25,600.0,0.56,5.0,0.57,5.0,0.61,50.0,0.65,14.0,0.71,50.0,0.44,5.0,0.43,5.0,0.39,50.0,0.35,14.0,0.29,50.0,0.54,3.14,0.55,5.0,0.56,11.0,0.69,50.0,0.75,600.0,0.1,0.1,616.50489,1776167133000
1776167135.46,35.46,0.46,3.14,0.45,5.0,0.44,11.0,0.31,50.0,0.25,600.0,0.56,5.0,0.57,5.0,0.61,50.0,0.65,14.0,0.71,50.0,0.44,5.0,0.43,5.0,0.39,50.0,0.35,14.0,0.29,50.0,0.54,3.14,0.55,5.0,0.56,11.0,0.69,50.0,0.75,600.0,0.1,0.1,616.50315,1776167134000
1776167136.125,36.125,0.46,3.14,0.45,5.0,0.44,11.0,0.31,50.0,0.25,600.0,0.56,5.0,0.57,5.0,0.61,50.0,0.65,14.0,0.71,50.0,0.44,5.0,0.43,5.0,0.39,50.0,0.35,14.0,0.29,50.0,0.54,3.14,0.55,5.0,0.56,11.0,0.69,50.0,0.75,600.0,0.1,0.1,616.518,1776167135000
1776167137.32,37.32,0.46,3.14,0.45,5.0,0.44,11.0,0.31,50.0,0.25,600.0,0.56,5.0,0.57,5.0,0.61,50.0,0.65,14.0,0.71,50.0,0.44,5.0,0.43,5.0,0.39,50.0,0.35,14.0,0.29,50.0,0.54,3.14,0.55,5.0,0.56,11.0,0.69,50.0,0.75,600.0,0.1,0.1,616.52614,1776167136000
1776167138.434,38.434,0.46,3.14,0.45,5.0,0.44,11.0,0.31,50.0,0.25,600.0,0.56,5.0,0.57,5.0,0.61,50.0,0.65,14.0,0.71,50.0,0.44,5.0,0.43,5.0,0.39,50.0,0.35,14.0,0.29,50.0,0.54,3.14,0.55,5.0,0.56,11.0,0.69,50.0,0.75,600.0,0.1,0.1,616.52596,1776167137000
1776167139.153,39.153,0.46,3.14,0.45,5.0,0.44,11.0,0.31,50.0,0.25,600.0,0.56,5.0,0.57,5.0,0.61,50.0,0.65,14.0,0.71,50.0,0.44,5.0,0.43,5.0,0.39,50.0,0.35,14.0,0.29,50.0,0.54,3.14,0.55,5.0,0.56,11.0,0.69,50.0,0.75,600.0,0.1,0.1,616.5257,1776167138000
1776167140.255,40.255,0.46,3.14,0.45,5.0,0.44,11.0,0.31,50.0,0.25,600.0,0.56,5.0,0.57,5.0,0.61,50.0,0.65,14.0,0.71,50.0,0.44,5.0,0.43,5.0,0.39,50.0,0.35,14.0,0.29,50.0,0.54,3.14,0.55,5.0,0.56,11.0,0.69,50.0,0.75,600.0,0.1,0.1,616.51576,1776167139000
1776167141.435,41.435,0.46,3.14,0.45,5.0,0.44,11.0,0.31,50.0,0.25,600.0,0.56,5.0,0.57,5.0,0.61,50.0,0.65,14.0,0.71,50.0,0.44,5.0,0.43,5.0,0.39,50.0,0.35,14.0,0.29,50.0,0.54,3.14,0.55,5.0,0.56,11.0,0.69,50.0,0.75,600.0,0.1,0.1,616.536,1776167140000
1776167142.139,42.139,0.46,3.14,0.45,5.0,0.44,11.0,0.31,50.0,0.25,600.0,0.56,5.0,0.57,5.0,0.61,50.0,0.65,14.0,0.71,50.0,0.44,5.0,0.43,5.0,0.39,50.0,0.35,14.0,0.29,50.0,0.54,3.14,0.55,5.0,0.56,11.0,0.69,50.0,0.75,600.0,0.1,0.1,616.536029,1776167141000
1776167143.434,43.434,0.46,3.14,0.45,5.0,0.44,11.0,0.31,50.0,0.25,600.0,0.56,5.0,0.57,5.0,0.61,50.0,0.65,14.0,0.71,50.0,0.44,5.0,0.43,5.0,0.39,50.0,0.35,14.0,0.29,50.0,0.54,3.14,0.55,5.0,0.56,11.0,0.69,50.0,0.75,600.0,0.1,0.1,616.50789,1776167142000
1776167144.538,44.538,0.46,3.14,0.45,5.0,0.44,11.0,0.31,50.0,0.25,600.0,0.56,5.0,0.57,5.0,0.61,50.0,0.65,14.0,0.71,50.0,0.44,5.0,0.43,5.0,0.39,50.0,0.35,14.0,0.29,50.0,0.54,3.14,0.55,5.0,0.56,11.0,0.69,50.0,0.75,600.0,0.1,0.1,616.51167,1776167143000
1776167145.171,45.171,0.46,3.14,0.45,5.0,0.44,11.0,0.31,50.0,0.25,600.0,0.56,5.0,0.57,5.0,0.61,50.0,0.65,14.0,0.71,50.0,0.44,5.0,0.43,5.0,0.39,50.0,0.35,14.0,0.29,50.0,0.54,3.14,0.55,5.0,0.56,11.0,0.69,50.0,0.75,600.0,0.1,0.1,616.510826,1776167144000
1776167146.559,46.559,0.46,3.14,0.45,5.0,0.44,11.0,0.31,50.0,0.25,600.0,0.56,5.0,0.57,5.0,0.61,50.0,0.65,14.0,0.71,50.0,0.44,5.0,0.43,5.0,0.39,50.0,0.35,14.0,0.29,50.0,0.54,3.14,0.55,5.0,0.56,11.0,0.69,50.0,0.75,600.0,0.1,0.1,616.511095,1776167145000
1776167147.627,47.627,0.46,3.14,0.45,5.0,0.44,11.0,0.31,50.0,0.25,600.0,0.56,5.0,0.57,5.0,0.61,50.0,0.65,14.0,0.71,50.0,0.44,5.0,0.43,5.0,0.39,50.0,0.35,14.0,0.29,50.0,0.54,3.14,0.55,5.0,0.56,11.0,0.69,50.0,0.75,600.0,0.1,0.1,616.51443,1776167146000
1776167148.484,48.484,0.46,3.14,0.45,5.0,0.44,11.0,0.31,50.0,0.25,600.0,0.56,5.0,0.57,5.0,0.61,50.0,0.65,14.0,0.71,50.0,0.44,5.0,0.43,5.0,0.39,50.0,0.35,14.0,0.29,50.0,0.54,3.14,0.55,5.0,0.56,11.0,0.69,50.0,0.75,600.0,0.1,0.1,616.50973,1776167147000
1776167149.075,49.075,0.46,3.14,0.45,5.0,0.44,11.0,0.31,50.0,0.25,600.0,0.56,5.0,0.57,5.0,0.61,50.0,0.65,14.0,0.71,50.0,0.44,5.0,0.43,5.0,0.39,50.0,0.35,14.0,0.29,50.0,0.54,3.14,0.55,5.0,0.56,11.0,0.69,50.0,0.75,600.0,0.1,0.1,616.51097,1776167148000
1776167150.67,50.67,0.46,3.14,0.45,5.0,0.44,11.0,0.31,50.0,0.25,600.0,0.56,5.0,0.57,5.0,0.61,50.0,0.65,14.0,0.71,50.0,0.44,5.0,0.43,5.0,0.39,50.0,0.35,14.0,0.29,50.0,0.54,3.14,0.55,5.0,0.56,11.0,0.69,50.0,0.75,600.0,0.1,0.1,616.52398,1776167149000
1776167151.304,51.304,0.46,3.14,0.45,5.0,0.44,11.0,0.31,50.0,0.25,600.0,0.56,5.0,0.57,5.0,0.61,50.0,0.65,14.0,0.71,50.0,0.44,5.0,0.43,5.0,0.39,50.0,0.35,14.0,0.29,50.0,0.54,3.14,0.55,5.0,0.56,11.0,0.69,50.0,0.75,600.0,0.1,0.1,616.52398,1776167150000
1776167152.536,52.536,0.46,3.14,0.45,5.0,0.44,11.0,0.31,50.0,0.25,600.0,0.56,5.0,0.57,5.0,0.61,50.0,0.65,14.0,0.71,50.0,0.44,5.0,0.43,5.0,0.39,50.0,0.35,14.0,0.29,50.0,0.54,3.14,0.55,5.0,0.56,11.0,0.69,50.0,0.75,600.0,0.1,0.1,616.541538,1776167151000
1776167153.314,53.314,0.46,3.14,0.45,5.0,0.44,11.0,0.31,50.0,0.25,600.0,0.56,5.0,0.57,5.0,0.61,50.0,0.65,14.0,0.71,50.0,0.44,5.0,0.43,5.0,0.39,50.0,0.35,14.0,0.29,50.0,0.54,3.14,0.55,5.0,0.56,11.0,0.69,50.0,0.75,600.0,0.1,0.1,616.542,1776167152000
1776167153.938,53.938,0.46,3.14,0.45,5.0,0.44,11.0,0.31,50.0,0.25,600.0,0.56,5.0,0.57,5.0,0.61,50.0,0.65,14.0,0.71,50.0,0.44,5.0,0.43,5.0,0.39,50.0,0.35,14.0,0.29,50.0,0.54,3.14,0.55,5.0,0.56,11.0,0.69,50.0,0.75,600.0,0.1,0.1,616.542,1776167153000
1776167155.192,55.192,0.46,3.14,0.45,5.0,0.44,11.0,0.31,50.0,0.25,600.0,0.56,5.0,0.57,5.0,0.61,50.0,0.65,14.0,0.71,50.0,0.44,5.0,0.43,5.0,0.39,50.0,0.35,14.0,0.29,50.0,0.54,3.14,0.55,5.0,0.56,11.0,0.69,50.0,0.75,600.0,0.1,0.1,616.54594,1776167154000
1776167156.51,56.51,0.46,3.14,0.45,5.0,0.44,11.0,0.31,50.0,0.25,600.0,0.56,5.0,0.57,5.0,0.61,50.0,0.65,14.0,0.71,50.0,0.44,5.0,0.43,5.0,0.39,50.0,0.35,14.0,0.29,50.0,0.54,3.14,0.55,5.0,0.56,11.0,0.69,50.0,0.75,600.0,0.1,0.1,616.542,1776167155000
1776167157.217,57.217,0.46,3.14,0.45,5.0,0.44,11.0,0.31,50.0,0.25,600.0,0.56,5.0,0.57,5.0,0.61,50.0,0.65,14.0,0.71,50.0,0.44,5.0,0.43,5.0,0.39,50.0,0.35,14.0,0.29,50.0,0.54,3.14,0.55,5.0,0.56,11.0,0.69,50.0,0.75,600.0,0.1,0.1,616.542,1776167156000
1776167158.412,58.412,0.46,3.14,0.45,5.0,0.44,11.0,0.31,50.0,0.25,600.0,0.56,5.0,0.57,5.0,0.61,50.0,0.65,14.0,0.71,50.0,0.44,5.0,0.43,5.0,0.39,50.0,0.35,14.0,0.29,50.0,0.54,3.14,0.55,5.0,0.56,11.0,0.69,50.0,0.75,600.0,0.1,0.1,616.543,1776167157000
1776167159.095,59.095,0.46,3.14,0.45,5.0,0.44,11.0,0.31,50.0,0.25,600.0,0.56,5.0,0.57,5.0,0.61,50.0,0.65,14.0,0.71,50.0,0.44,5.0,0.43,5.0,0.39,50.0,0.35,14.0,0.29,50.0,0.54,3.14,0.55,5.0,0.56,11.0,0.69,50.0,0.75,600.0,0.1,0.1,616.543,1776167158000
1776167160.281,60.281,0.46,3.14,0.45,5.0,0.44,11.0,0.31,50.0,0.25,600.0,0.56,5.0,0.57,5.0,0.61,50.0,0.65,14.0,0.71,50.0,0.44,5.0,0.43,5.0,0.39,50.0,0.35,14.0,0.29,50.0,0.54,3.14,0.55,5.0,0.56,11.0,0.69,50.0,0.75,600.0,0.1,0.1,616.539,1776167159000
1776167161.868,61.868,0.46,3.14,0.45,5.0,0.44,11.0,0.31,50.0,0.25,600.0,0.56,5.0,0.57,5.0,0.61,50.0,0.65,14.0,0.71,50.0,0.44,5.0,0.43,5.0,0.39,50.0,0.35,14.0,0.29,50.0,0.54,3.14,0.55,5.0,0.56,11.0,0.69,50.0,0.75,600.0,0.1,0.1,616.52492,1776167160000
1776167162.325,62.325,0.46,3.14,0.45,5.0,0.44,11.0,0.31,50.0,0.25,600.0,0.56,5.0,0.57,5.0,0.61,50.0,0.65,14.0,0.71,50.0,0.44,5.0,0.43,5.0,0.39,50.0,0.35,14.0,0.29,50.0,0.54,3.14,0.55,5.0,0.56,11.0,0.69,50.0,0.75,600.0,0.1,0.1,616.52443,1776167161000
1776167162.971,62.971,0.46,3.14,0.45,5.0,0.44,11.0,0.31,50.0,0.25,600.0,0.56,5.0,0.57,5.0,0.61,50.0,0.65,14.0,0.71,50.0,0.44,5.0,0.43,5.0,0.39,50.0,0.35,14.0,0.29,50.0,0.54,3.14,0.55,5.0,0.56,11.0,0.69,50.0,0.75,600.0,0.1,0.1,616.52864,1776167162000
1776167163.959,63.959,0.46,3.14,0.45,5.0,0.44,11.0,0.31,50.0,0.25,600.0,0.56,5.0,0.57,5.0,0.61,50.0,0.65,14.0,0.71,50.0,0.44,5.0,0.43,5.0,0.39,50.0,0.35,14.0,0.29,50.0,0.54,3.14,0.55,5.0,0.56,11.0,0.69,50.0,0.75,600.0,0.1,0.1,616.5468,1776167163000
1776167164.924,64.924,0.46,3.14,0.45,5.0,0.44,11.0,0.31,50.0,0.25,600.0,0.56,5.0,0.57,5.0,0.61,50.0,0.65,14.0,0.71,50.0,0.44,5.0,0.43,5.0,0.39,50.0,0.35,14.0,0.29,50.0,0.54,3.14,0.55,5.0,0.56,11.0,0.69,50.0,0.75,600.0,0.1,0.1,616.54436,1776167164000
1776167166.111,66.111,0.46,3.14,0.45,5.0,0.44,11.0,0.31,50.0,0.25,600.0,0.56,5.0,0.57,5.0,0.61,50.0,0.65,14.0,0.71,50.0,0.44,5.0,0.43,5.0,0.39,50.0,0.35,14.0,0.29,50.0,0.54,3.14,0.55,5.0,0.56,11.0,0.69,50.0,0.75,600.0,0.1,0.1,616.54448,1776167165000
1776167167.189,67.189,0.46,3.14,0.45,5.0,0.44,11.0,0.31,50.0,0.25,600.0,0.56,5.0,0.57,5.0,0.61,50.0,0.65,14.0,0.71,50.0,0.44,5.0,0.43,5.0,0.39,50.0,0.35,14.0,0.29,50.0,0.54,3.14,0.55,5.0,0.56,11.0,0.69,50.0,0.75,600.0,0.1,0.1,616.54204,1776167166000
1776167168.162,68.162,0.46,3.14,0.45,5.0,0.44,11.0,0.31,50.0,0.25,600.0,0.56,5.0,0.57,5.0,0.61,50.0,0.65,14.0,0.71,50.0,0.44,5.0,0.43,5.0,0.39,50.0,0.35,14.0,0.29,50.0,0.54,3.14,0.55,5.0,0.56,11.0,0.69,50.0,0.75,600.0,0.1,0.1,616.52758,1776167167000
1776167169.286,69.286,0.5,8.0,0.48,5.0,0.47,15.4,0.46,25.5,0.45,15.5,0.61,10.0,0.62,5.0,0.63,5.0,0.65,11.4,0.66,21.6,0.39,10.0,0.38,5.0,0.37,5.0,0.35,11.4,0.34,21.6,0.5,8.0,0.52,5.0,0.53,15.4,0.54,25.5,0.55,15.5,0.11,0.11,616.552913,1776167168000
1776167170.359,70.359,0.5,8.0,0.48,5.0,0.47,15.4,0.46,25.5,0.45,15.5,0.61,10.0,0.62,5.0,0.63,5.0,0.65,11.4,0.66,21.6,0.39,10.0,0.38,5.0,0.37,5.0,0.35,11.4,0.34,21.6,0.5,8.0,0.52,5.0,0.53,15.4,0.54,25.5,0.55,15.5,0.11,0.11,616.550414,1776167169000
1776167170.85,70.85,0.5,8.0,0.48,5.0,0.47,15.4,0.46,25.5,0.45,15.5,0.61,10.0,0.62,5.0,0.63,5.0,0.65,11.4,0.66,21.6,0.39,10.0,0.38,5.0,0.37,5.0,0.35,11.4,0.34,21.6,0.5,8.0,0.52,5.0,0.53,15.4,0.54,25.5,0.55,15.5,0.11,0.11,616.549565,1776167170000
1776167171.891,71.891,0.5,8.0,0.48,5.0,0.47,15.4,0.46,25.5,0.45,15.5,0.61,10.0,0.62,5.0,0.63,5.0,0.65,11.4,0.66,21.6,0.39,10.0,0.38,5.0,0.37,5.0,0.35,11.4,0.34,21.6,0.5,8.0,0.52,5.0,0.53,15.4,0.54,25.5,0.55,15.5,0.11,0.11,616.543425,1776167171000
1776167172.976,72.976,0.5,8.0,0.48,5.0,0.47,15.4,0.46,25.5,0.45,15.5,0.61,10.0,0.62,5.0,0.63,5.0,0.65,11.4,0.66,21.6,0.39,10.0,0.38,5.0,0.37,5.0,0.35,11.4,0.34,21.6,0.5,8.0,0.52,5.0,0.53,15.4,0.54,25.5,0.55,15.5,0.11,0.11,616.542705,1776167172000
1776167174.098,74.098,0.5,8.0,0.48,5.0,0.47,15.4,0.46,25.5,0.45,15.5,0.61,10.0,0.62,5.0,0.63,5.0,0.65,11.4,0.66,21.6,0.39,10.0,0.38,5.0,0.37,5.0,0.35,11.4,0.34,21.6,0.5,8.0,0.52,5.0,0.53,15.4,0.54,25.5,0.55,15.5,0.11,0.11,616.536385,1776167173000
1776167175.686,75.686,0.5,8.0,0.48,5.0,0.47,15.4,0.46,25.5,0.45,15.5,0.61,10.0,0.62,5.0,0.63,5.0,0.65,11.4,0.66,21.6,0.39,10.0,0.38,5.0,0.37,5.0,0.35,11.4,0.34,21.6,0.5,8.0,0.52,5.0,0.53,15.4,0.54,25.5,0.55,15.5,0.11,0.11,616.549503,1776167174000
1776167176.221,76.221,0.5,8.0,0.48,5.0,0.47,15.4,0.46,25.5,0.45,15.5,0.61,10.0,0.62,5.0,0.63,5.0,0.65,11.4,0.66,21.6,0.39,10.0,0.38,5.0,0.37,5.0,0.35,11.4,0.34,21.6,0.5,8.0,0.52,5.0,0.53,15.4,0.54,25.5,0.55,15.5,0.11,0.11,616.546588,1776167175000
1776167177.459,77.459,0.5,8.0,0.48,5.0,0.47,15.4,0.46,25.5,0.45,15.5,0.61,10.0,0.62,5.0,0.63,5.0,0.65,11.4,0.66,21.6,0.39,10.0,0.38,5.0,0.37,5.0,0.35,11.4,0.34,21.6,0.5,8.0,0.52,5.0,0.53,15.4,0.54,25.5,0.55,15.5,0.11,0.11,616.55361,1776167176000
1776167178.073,78.073,0.5,8.0,0.48,5.0,0.47,15.4,0.46,25.5,0.45,15.5,0.61,10.0,0.62,5.0,0.63,5.0,0.65,11.4,0.66,21.6,0.39,10.0,0.38,5.0,0.37,5.0,0.35,11.4,0.34,21.6,0.5,8.0,0.52,5.0,0.53,15.4,0.54,25.5,0.55,15.5,0.11,0.11,616.56868,1776167177000
1776167179.282,79.282,0.5,8.0,0.48,5.0,0.47,15.4,0.46,25.5,0.45,15.5,0.61,10.0,0.62,5.0,0.63,5.0,0.65,11.4,0.66,21.6,0.39,10.0,0.38,5.0,0.37,5.0,0.35,11.4,0.34,21.6,0.5,8.0,0.52,5.0,0.53,15.4,0.54,25.5,0.55,15.5,0.11,0.11,616.54206,1776167178000
1776167180.392,80.392,0.5,8.0,0.48,5.0,0.47,15.4,0.46,25.5,0.45,15.5,0.61,10.0,0.62,5.0,0.63,5.0,0.65,11.4,0.66,21.6,0.39,10.0,0.38,5.0,0.37,5.0,0.35,11.4,0.34,21.6,0.5,8.0,0.52,5.0,0.53,15.4,0.54,25.5,0.55,15.5,0.11,0.11,616.544467,1776167179000
1776167180.974,80.974,0.5,8.0,0.48,5.0,0.47,15.4,0.46,25.5,0.45,15.5,0.61,10.0,0.62,5.0,0.63,5.0,0.65,11.4,0.66,21.6,0.39,10.0,0.38,5.0,0.37,5.0,0.35,11.4,0.34,21.6,0.5,8.0,0.52,5.0,0.53,15.4,0.54,25.5,0.55,15.5,0.11,0.11,616.54413,1776167180000
1776167182.076,82.076,0.5,8.0,0.48,5.0,0.47,15.4,0.46,25.5,0.45,15.5,0.61,10.0,0.62,5.0,0.63,5.0,0.65,11.4,0.66,21.6,0.39,10.0,0.38,5.0,0.37,5.0,0.35,11.4,0.34,21.6,0.5,8.0,0.52,5.0,0.53,15.4,0.54,25.5,0.55,15.5,0.11,0.11,616.5417,1776167181000
1776167183.273,83.273,0.5,8.0,0.48,5.0,0.47,15.4,0.46,25.5,0.45,15.5,0.61,10.0,0.62,5.0,0.63,5.0,0.65,11.4,0.66,21.6,0.39,10.0,0.38,5.0,0.37,5.0,0.35,11.4,0.34,21.6,0.5,8.0,0.52,5.0,0.53,15.4,0.54,25.5,0.55,15.5,0.11,0.11,616.551917,1776167182000
1776167183.715,83.715,0.54,9.25,0.5,15.4,0.49,20.4,0.48,15.4,0.47,15.4,0.56,5.0,0.57,11.62,0.62,5.0,0.63,5.0,0.67,10.0,0.39,10.0,0.38,5.0,0.37,5.0,0.35,11.4,0.34,21.6,0.5,8.0,0.52,5.0,0.53,15.4,0.54,25.5,0.55,15.5,0.02,0.11,616.551917,1776167182000
1776167184.403,84.403,0.54,9.25,0.5,15.4,0.49,20.4,0.48,15.4,0.47,15.4,0.56,5.0,0.57,11.62,0.62,5.0,0.63,5.0,0.67,10.0,0.44,5.0,0.43,11.62,0.38,5.0,0.37,5.0,0.33,10.0,0.46,9.25,0.5,15.4,0.51,20.4,0.52,15.4,0.53,15.4,0.02,0.02,616.511287,1776167183000
1776167185.056,85.056,0.54,9.25,0.5,15.4,0.49,20.4,0.48,15.4,0.47,15.4,0.56,5.0,0.57,11.62,0.62,5.0,0.63,5.0,0.67,10.0,0.44,5.0,0.43,11.62,0.38,5.0,0.37,5.0,0.33,10.0,0.46,9.25,0.5,15.4,0.51,20.4,0.52,15.4,0.53,15.4,0.02,0.02,616.561639,1776167184000
1776167185.788,85.788,0.6,18.38,0.54,9.25,0.52,10.4,0.51,10.4,0.5,15.4,0.62,5.0,0.63,5.0,0.65,10.0,0.67,11.8,0.68,11.9,0.44,5.0,0.43,11.62,0.38,5.0,0.37,5.0,0.33,10.0,0.46,9.25,0.5,15.4,0.51,20.4,0.52,15.4,0.53,15.4,0.02,0.02,616.561639,1776167184000
1776167186.276,86.276,0.6,18.38,0.54,9.25,0.52,10.4,0.51,10.4,0.5,15.4,0.62,5.0,0.63,5.0,0.65,10.0,0.67,11.8,0.68,11.9,0.38,5.0,0.37,5.0,0.35,10.0,0.33,11.8,0.32,11.9,0.4,18.38,0.46,9.25,0.48,10.4,0.49,10.4,0.5,15.4,0.02,0.02,616.55911,1776167185000
1776167187.49,87.49,0.6,18.38,0.54,9.25,0.52,10.4,0.51,10.4,0.5,15.4,0.62,5.0,0.63,5.0,0.65,10.0,0.67,11.8,0.68,11.9,0.38,5.0,0.37,5.0,0.35,10.0,0.33,11.8,0.32,11.9,0.4,18.38,0.46,9.25,0.48,10.4,0.49,10.4,0.5,15.4,0.02,0.02,616.5592,1776167186000
1776167187.997,87.997,0.6,18.38,0.54,9.25,0.52,10.4,0.51,10.4,0.5,15.4,0.62,5.0,0.63,5.0,0.65,10.0,0.67,11.8,0.68,11.9,0.38,5.0,0.37,5.0,0.35,10.0,0.33,11.8,0.32,11.9,0.4,18.38,0.46,9.25,0.48,10.4,0.49,10.4,0.5,15.4,0.02,0.02,616.564124,1776167187000
1776167189.156,89.156,0.6,18.38,0.54,9.25,0.52,10.4,0.51,10.4,0.5,15.4,0.62,5.0,0.63,5.0,0.65,10.0,0.67,11.8,0.68,11.9,0.38,5.0,0.37,5.0,0.35,10.0,0.33,11.8,0.32,11.9,0.4,18.38,0.46,9.25,0.48,10.4,0.49,10.4,0.5,15.4,0.02,0.02,616.57072,1776167188000
1776167190.713,90.713,0.6,18.38,0.54,9.25,0.52,10.4,0.51,10.4,0.5,15.4,0.62,5.0,0.63,5.0,0.65,10.0,0.67,11.8,0.68,11.9,0.38,5.0,0.37,5.0,0.35,10.0,0.33,11.8,0.32,11.9,0.4,18.38,0.46,9.25,0.48,10.4,0.49,10.4,0.5,15.4,0.02,0.02,616.57087,1776167189000
1776167191.148,91.148,0.6,18.38,0.54,9.25,0.52,10.4,0.51,10.4,0.5,15.4,0.62,5.0,0.63,5.0,0.65,10.0,0.67,11.8,0.68,11.9,0.38,5.0,0.37,5.0,0.35,10.0,0.33,11.8,0.32,11.9,0.4,18.38,0.46,9.25,0.48,10.4,0.49,10.4,0.5,15.4,0.02,0.02,616.57087,1776167190000
1776167192.116,92.116,0.6,18.38,0.54,9.25,0.52,10.4,0.51,10.4,0.5,15.4,0.62,5.0,0.63,5.0,0.65,10.0,0.67,11.8,0.68,11.9,0.38,5.0,0.37,5.0,0.35,10.0,0.33,11.8,0.32,11.9,0.4,18.38,0.46,9.25,0.48,10.4,0.49,10.4,0.5,15.4,0.02,0.02,616.567954,1776167191000
1776167192.935,92.935,0.6,18.38,0.54,9.25,0.52,10.4,0.51,10.4,0.5,15.4,0.62,5.0,0.63,5.0,0.65,10.0,0.67,11.8,0.68,11.9,0.38,5.0,0.37,5.0,0.35,10.0,0.33,11.8,0.32,11.9,0.4,18.38,0.46,9.25,0.48,10.4,0.49,10.4,0.5,15.4,0.02,0.02,616.587774,1776167192000
1776167193.933,93.933,0.6,18.38,0.54,9.25,0.52,10.4,0.51,10.4,0.5,15.4,0.62,5.0,0.63,5.0,0.65,10.0,0.67,11.8,0.68,11.9,0.38,5.0,0.37,5.0,0.35,10.0,0.33,11.8,0.32,11.9,0.4,18.38,0.46,9.25,0.48,10.4,0.49,10.4,0.5,15.4,0.02,0.02,616.58617,1776167193000
1776167194.798,94.798,0.6,18.38,0.54,9.25,0.52,10.4,0.51,10.4,0.5,15.4,0.62,5.0,0.63,5.0,0.65,10.0,0.67,11.8,0.68,11.9,0.38,5.0,0.37,5.0,0.35,10.0,0.33,11.8,0.32,11.9,0.4,18.38,0.46,9.25,0.48,10.4,0.49,10.4,0.5,15.4,0.02,0.02,616.5858,1776167194000
1776167196.308,96.308,0.6,18.38,0.54,9.25,0.52,10.4,0.51,10.4,0.5,15.4,0.62,5.0,0.63,5.0,0.65,10.0,0.67,11.8,0.68,11.9,0.38,5.0,0.37,5.0,0.35,10.0,0.33,11.8,0.32,11.9,0.4,18.38,0.46,9.25,0.48,10.4,0.49,10.4,0.5,15.4,0.02,0.02,616.58677,1776167195000
1776167197.223,97.223,0.6,18.38,0.54,9.25,0.52,10.4,0.51,10.4,0.5,15.4,0.62,5.0,0.63,5.0,0.65,10.0,0.67,11.8,0.68,11.9,0.38,5.0,0.37,5.0,0.35,10.0,0.33,11.8,0.32,11.9,0.4,18.38,0.46,9.25,0.48,10.4,0.49,10.4,0.5,15.4,0.02,0.02,616.58884,1776167196000
1776167198.216,98.216,0.6,18.38,0.54,9.25,0.52,10.4,0.51,10.4,0.5,15.4,0.62,5.0,0.63,5.0,0.65,10.0,0.67,11.8,0.68,11.9,0.38,5.0,0.37,5.0,0.35,10.0,0.33,11.8,0.32,11.9,0.4,18.38,0.46,9.25,0.48,10.4,0.49,10.4,0.5,15.4,0.02,0.02,616.58969,1776167197000
1776167199.192,99.192,0.6,18.38,0.54,9.25,0.52,10.4,0.51,10.4,0.5,15.4,0.62,5.0,0.63,5.0,0.65,10.0,0.67,11.8,0.68,11.9,0.38,5.0,0.37,5.0,0.35,10.0,0.33,11.8,0.32,11.9,0.4,18.38,0.46,9.25,0.48,10.4,0.49,10.4,0.5,15.4,0.02,0.02,616.59223,1776167198000
1776167200.179,100.179,0.6,18.38,0.54,9.25,0.52,10.4,0.51,10.4,0.5,15.4,0.62,5.0,0.63,5.0,0.65,10.0,0.67,11.8,0.68,11.9,0.38,5.0,0.37,5.0,0.35,10.0,0.33,11.8,0.32,11.9,0.4,18.38,0.46,9.25,0.48,10.4,0.49,10.4,0.5,15.4,0.02,0.02,616.59211,1776167199000
1776167201.133,101.133,0.6,18.38,0.54,9.25,0.52,10.4,0.51,10.4,0.5,15.4,0.62,5.0,0.63,5.0,0.65,10.0,0.67,11.8,0.68,11.9,0.38,5.0,0.37,5.0,0.35,10.0,0.33,11.8,0.32,11.9,0.4,18.38,0.46,9.25,0.48,10.4,0.49,10.4,0.5,15.4,0.02,0.02,616.5924,1776167200000
1776167202.086,102.086,0.6,18.38,0.54,9.25,0.52,10.4,0.51,10.4,0.5,15.4,0.62,5.0,0.63,5.0,0.65,10.0,0.67,11.8,0.68,11.9,0.38,5.0,0.37,5.0,0.35,10.0,0.33,11.8,0.32,11.9,0.4,18.38,0.46,9.25,0.48,10.4,0.49,10.4,0.5,15.4,0.02,0.02,616.604,1776167201000
1776167202.924,102.924,0.6,18.38,0.54,9.25,0.52,10.4,0.51,10.4,0.5,15.4,0.62,5.0,0.63,5.0,0.65,10.0,0.67,11.8,0.68,11.9,0.38,5.0,0.37,5.0,0.35,10.0,0.33,11.8,0.32,11.9,0.4,18.38,0.46,9.25,0.48,10.4,0.49,10.4,0.5,15.4,0.02,0.02,616.611,1776167202000
1776167203.848,103.848,0.6,18.38,0.54,9.25,0.52,10.4,0.51,10.4,0.5,15.4,0.62,5.0,0.63,5.0,0.65,10.0,0.67,11.8,0.68,11.9,0.38,5.0,0.37,5.0,0.35,10.0,0.33,11.8,0.32,11.9,0.4,18.38,0.46,9.25,0.48,10.4,0.49,10.4,0.5,15.4,0.02,0.02,616.657,1776167203000
1776167205.241,105.241,0.6,18.38,0.54,9.25,0.52,10.4,0.51,10.4,0.5,15.4,0.62,5.0,0.63,5.0,0.65,10.0,0.67,11.8,0.68,11.9,0.38,5.0,0.37,5.0,0.35,10.0,0.33,11.8,0.32,11.9,0.4,18.38,0.46,9.25,0.48,10.4,0.49,10.4,0.5,15.4,0.02,0.02,616.67724,1776167204000
1776167206.169,106.169,0.6,18.38,0.54,9.25,0.52,10.4,0.51,10.4,0.5,15.4,0.62,5.0,0.63,5.0,0.65,10.0,0.67,11.8,0.68,11.9,0.38,5.0,0.37,5.0,0.35,10.0,0.33,11.8,0.32,11.9,0.4,18.38,0.46,9.25,0.48,10.4,0.49,10.4,0.5,15.4,0.02,0.02,616.663,1776167205000
1776167207.178,107.178,0.6,18.38,0.54,9.25,0.52,10.4,0.51,10.4,0.5,15.4,0.62,5.0,0.63,5.0,0.65,10.0,0.67,11.8,0.68,11.9,0.38,5.0,0.37,5.0,0.35,10.0,0.33,11.8,0.32,11.9,0.4,18.38,0.46,9.25,0.48,10.4,0.49,10.4,0.5,15.4,0.02,0.02,616.663,1776167206000
1776167208.243,108.243,0.6,18.38,0.54,9.25,0.52,10.4,0.51,10.4,0.5,15.4,0.62,5.0,0.63,5.0,0.65,10.0,0.67,11.8,0.68,11.9,0.38,5.0,0.37,5.0,0.35,10.0,0.33,11.8,0.32,11.9,0.4,18.38,0.46,9.25,0.48,10.4,0.49,10.4,0.5,15.4,0.02,0.02,616.679998,1776167207000
1776167209.161,109.161,0.6,18.38,0.54,9.25,0.52,10.4,0.51,10.4,0.5,15.4,0.62,5.0,0.63,5.0,0.65,10.0,0.67,11.8,0.68,11.9,0.38,5.0,0.37,5.0,0.35,10.0,0.33,11.8,0.32,11.9,0.4,18.38,0.46,9.25,0.48,10.4,0.49,10.4,0.5,15.4,0.02,0.02,616.680544,1776167208000
1776167210.236,110.236,0.6,18.38,0.54,9.25,0.52,10.4,0.51,10.4,0.5,15.4,0.62,5.0,0.63,5.0,0.65,10.0,0.67,11.8,0.68,11.9,0.38,5.0,0.37,5.0,0.35,10.0,0.33,11.8,0.32,11.9,0.4,18.38,0.46,9.25,0.48,10.4,0.49,10.4,0.5,15.4,0.02,0.02,616.67874,1776167209000
1776167211.155,111.155,0.6,18.38,0.54,9.25,0.52,10.4,0.51,10.4,0.5,15.4,0.62,5.0,0.63,5.0,0.65,10.0,0.67,11.8,0.68,11.9,0.38,5.0,0.37,5.0,0.35,10.0,0.33,11.8,0.32,11.9,0.4,18.38,0.46,9.25,0.48,10.4,0.49,10.4,0.5,15.4,0.02,0.02,616.67168,1776167210000
1776167212.159,112.159,0.6,18.38,0.54,9.25,0.52,10.4,0.51,10.4,0.5,15.4,0.62,5.0,0.63,5.0,0.65,10.0,0.67,11.8,0.68,11.9,0.38,5.0,0.37,5.0,0.35,10.0,0.33,11.8,0.32,11.9,0.4,18.38,0.46,9.25,0.48,10.4,0.49,10.4,0.5,15.4,0.02,0.02,616.655777,1776167211000
1776167213.025,113.025,0.6,18.38,0.54,9.25,0.52,10.4,0.51,10.4,0.5,15.4,0.62,5.0,0.63,5.0,0.65,10.0,0.67,11.8,0.68,11.9,0.38,5.0,0.37,5.0,0.35,10.0,0.33,11.8,0.32,11.9,0.4,18.38,0.46,9.25,0.48,10.4,0.49,10.4,0.5,15.4,0.02,0.02,616.647789,1776167212000
1776167214.009,114.009,0.6,18.38,0.54,9.25,0.52,10.4,0.51,10.4,0.5,15.4,0.62,5.0,0.63,5.0,0.65,10.0,0.67,11.8,0.68,11.9,0.38,5.0,0.37,5.0,0.35,10.0,0.33,11.8,0.32,11.9,0.4,18.38,0.46,9.25,0.48,10.4,0.49,10.4,0.5,15.4,0.02,0.02,616.646676,1776167213000
1776167215.7,115.7,0.6,18.38,0.54,9.25,0.52,10.4,0.51,10.4,0.5,15.4,0.62,5.0,0.63,5.0,0.65,10.0,0.67,11.8,0.68,11.9,0.38,5.0,0.37,5.0,0.35,10.0,0.33,11.8,0.32,11.9,0.4,18.38,0.46,9.25,0.48,10.4,0.49,10.4,0.5,15.4,0.02,0.02,616.63736,1776167214000
1776167216.212,116.212,0.6,18.38,0.54,9.25,0.52,10.4,0.51,10.4,0.5,15.4,0.62,5.0,0.63,5.0,0.65,10.0,0.67,11.8,0.68,11.9,0.38,5.0,0.37,5.0,0.35,10.0,0.33,11.8,0.32,11.9,0.4,18.38,0.46,9.25,0.48,10.4,0.49,10.4,0.5,15.4,0.02,0.02,616.63736,1776167215000
1776167217.368,117.368,0.6,18.38,0.54,9.25,0.52,10.4,0.51,10.4,0.5,15.4,0.62,5.0,0.63,5.0,0.65,10.0,0.67,11.8,0.68,11.9,0.38,5.0,0.37,5.0,0.35,10.0,0.33,11.8,0.32,11.9,0.4,18.38,0.46,9.25,0.48,10.4,0.49,10.4,0.5,15.4,0.02,0.02,616.65307,1776167216000
1776167217.797,117.797,0.6,13.38,0.54,9.25,0.47,10.0,0.45,5.0,0.44,5.0,0.61,10.0,0.65,10.0,0.67,5.0,0.68,5.0,0.69,5.0,0.38,5.0,0.37,5.0,0.35,10.0,0.33,11.8,0.32,11.9,0.4,18.38,0.46,9.25,0.48,10.4,0.49,10.4,0.5,15.4,0.01,0.02,616.65307,1776167216000
1776167218.209,118.209,0.6,13.38,0.54,9.25,0.47,10.0,0.45,5.0,0.44,5.0,0.61,10.0,0.65,10.0,0.67,5.0,0.68,5.0,0.69,5.0,0.39,10.0,0.35,10.0,0.33,5.0,0.32,5.0,0.31,5.0,0.4,13.38,0.46,9.25,0.53,10.0,0.55,5.0,0.56,5.0,0.01,0.01,616.65307,1776167217000
1776167219.349,119.349,0.6,13.38,0.54,9.25,0.47,10.0,0.45,5.0,0.44,5.0,0.61,10.0,0.65,10.0,0.67,5.0,0.68,5.0,0.69,5.0,0.39,10.0,0.35,10.0,0.33,5.0,0.32,5.0,0.31,5.0,0.4,13.38,0.46,9.25,0.53,10.0,0.55,5.0,0.56,5.0,0.01,0.01,616.52176,1776167218000
1776167220.293,120.293,0.6,5.57,0.54,9.25,0.48,10.0,0.45,5.0,0.44,5.0,0.61,10.0,0.66,10.0,0.67,5.0,0.68,5.0,0.69,5.0,0.39,10.0,0.34,10.0,0.33,5.0,0.32,5.0,0.31,5.0,0.4,5.57,0.46,9.25,0.52,10.0,0.55,5.0,0.56,5.0,0.01,0.01,616.51108,1776167219000
1776167220.624,120.624,0.6,2.49,0.54,9.25,0.45,5.0,0.44,5.0,0.41,60.7,0.61,10.0,0.66,10.0,0.68,11.9,0.69,12.2,0.7,12.4,0.39,10.0,0.34,10.0,0.33,5.0,0.32,5.0,0.31,5.0,0.4,5.57,0.46,9.25,0.52,10.0,0.55,5.0,0.56,5.0,0.01,0.01,616.51108,1776167219000
1776167221.509,121.509,0.6,2.49,0.54,9.25,0.45,5.0,0.44,5.0,0.41,60.7,0.61,10.0,0.66,10.0,0.68,11.9,0.69,12.2,0.7,12.4,0.39,10.0,0.34,10.0,0.32,11.9,0.31,12.2,0.3,12.4,0.4,2.49,0.46,9.25,0.55,5.0,0.56,5.0,0.59,60.7,0.01,0.01,616.50985,1776167220000
1776167222.027,122.027,0.54,9.25,0.45,5.0,0.44,5.0,0.42,10.7,0.41,60.7,0.61,10.0,0.66,21.6,0.67,11.8,0.68,26.9,0.69,12.2,0.39,10.0,0.34,10.0,0.32,11.9,0.31,12.2,0.3,12.4,0.4,2.49,0.46,9.25,0.55,5.0,0.56,5.0,0.59,60.7,0.07,0.01,616.50985,1776167220000
1776167222.266,122.266,0.54,9.25,0.45,5.0,0.44,5.0,0.42,10.7,0.41,60.7,0.61,10.0,0.66,21.6,0.67,11.8,0.68,26.9,0.69,12.2,0.39,10.0,0.34,21.6,0.33,11.8,0.32,26.9,0.31,12.2,0.46,9.25,0.55,5.0,0.56,5.0,0.58,10.7,0.59,60.7,0.07,0.07,616.50985,1776167221000
1776167223.445,123.445,0.54,9.25,0.45,5.0,0.44,5.0,0.42,10.7,0.41,60.7,0.61,10.0,0.66,21.6,0.67,11.8,0.68,26.9,0.69,12.2,0.39,10.0,0.34,21.6,0.33,11.8,0.32,26.9,0.31,12.2,0.46,9.25,0.55,5.0,0.56,5.0,0.58,10.7,0.59,60.7,0.07,0.07,616.50192,1776167222000
1776167224.012,124.012,0.54,9.25,0.45,5.0,0.44,5.0,0.42,10.7,0.41,60.7,0.61,10.0,0.66,21.6,0.67,11.8,0.68,26.9,0.69,12.2,0.39,10.0,0.34,21.6,0.33,11.8,0.32,26.9,0.31,12.2,0.46,9.25,0.55,5.0,0.56,5.0,0.58,10.7,0.59,60.7,0.07,0.07,616.50084,1776167223000
1776167224.221,124.221,0.36,13.0,0.31,50.0,0.3,12.4,0.29,17.6,0.28,12.9,0.48,8.95,0.55,10.0,0.57,10.0,0.58,5.1,0.61,62.0,0.45,10.0,0.43,10.0,0.42,5.1,0.39,62.0,0.38,11.0,0.46,6.05,0.64,13.0,0.69,50.0,0.7,12.4,0.71,17.6,0.12,0.01,616.50084,1776167223000
1776167225.206,125.206,0.36,13.0,0.31,50.0,0.3,12.4,0.29,17.6,0.28,12.9,0.48,8.95,0.55,10.0,0.57,10.0,0.58,5.1,0.61,62.0,0.52,8.95,0.45,10.0,0.43,10.0,0.42,5.1,0.39,62.0,0.64,13.0,0.69,50.0,0.7,12.4,0.71,17.6,0.72,12.9,0.12,0.12,616.50195,1776167224000
1776167226.43,126.43,0.36,13.0,0.31,50.0,0.3,12.4,0.29,17.6,0.28,12.9,0.48,8.95,0.55,10.0,0.57,10.0,0.58,5.1,0.61,62.0,0.52,8.95,0.45,10.0,0.43,10.0,0.42,5.1,0.39,62.0,0.64,13.0,0.69,50.0,0.7,12.4,0.71,17.6,0.72,12.9,0.12,0.12,616.39511,1776167225000
1776167226.977,126.977,0.36,13.0,0.31,50.0,0.3,12.4,0.29,17.6,0.28,12.9,0.48,8.95,0.55,10.0,0.57,10.0,0.58,5.1,0.61,62.0,0.52,8.95,0.45,10.0,0.43,10.0,0.42,5.1,0.39,62.0,0.64,13.0,0.69,50.0,0.7,12.4,0.71,17.6,0.72,12.9,0.12,0.12,616.39409,1776167226000
1776167228.051,128.051,0.36,13.0,0.31,50.0,0.3,12.4,0.29,17.6,0.28,12.9,0.48,8.95,0.55,10.0,0.57,10.0,0.58,5.1,0.61,62.0,0.52,8.95,0.45,10.0,0.43,10.0,0.42,5.1,0.39,62.0,0.64,13.0,0.69,50.0,0.7,12.4,0.71,17.6,0.72,12.9,0.12,0.12,616.42524,1776167227000
1776167229.276,129.276,0.36,13.0,0.31,50.0,0.3,12.4,0.29,17.6,0.28,12.9,0.48,8.95,0.55,10.0,0.57,10.0,0.58,5.1,0.61,62.0,0.52,8.95,0.45,10.0,0.43,10.0,0.42,5.1,0.39,62.0,0.64,13.0,0.69,50.0,0.7,12.4,0.71,17.6,0.72,12.9,0.12,0.12,616.41866,1776167228000
1776167230.446,130.446,0.36,13.0,0.31,50.0,0.3,12.4,0.29,17.6,0.28,12.9,0.48,8.95,0.55,10.0,0.57,10.0,0.58,5.1,0.61,62.0,0.52,8.95,0.45,10.0,0.43,10.0,0.42,5.1,0.39,62.0,0.64,13.0,0.69,50.0,0.7,12.4,0.71,17.6,0.72,12.9,0.12,0.12,616.41637,1776167229000
1776167231.572,131.572,0.36,13.0,0.31,50.0,0.3,12.4,0.29,17.6,0.28,12.9,0.48,8.95,0.55,10.0,0.57,10.0,0.58,5.1,0.61,62.0,0.52,8.95,0.45,10.0,0.43,10.0,0.42,5.1,0.39,62.0,0.64,13.0,0.69,50.0,0.7,12.4,0.71,17.6,0.72,12.9,0.12,0.12,616.41491,1776167230000
1776167232.951,132.951,0.36,13.0,0.31,50.0,0.3,12.4,0.29,17.6,0.28,12.9,0.48,8.95,0.55,10.0,0.57,10.0,0.58,5.1,0.61,62.0,0.52,8.95,0.45,10.0,0.43,10.0,0.42,5.1,0.39,62.0,0.64,13.0,0.69,50.0,0.7,12.4,0.71,17.6,0.72,12.9,0.12,0.12,616.41469,1776167231000
1776167233.635,133.635,0.36,13.0,0.31,50.0,0.3,12.4,0.29,17.6,0.28,12.9,0.48,8.95,0.55,10.0,0.57,10.0,0.58,5.1,0.61,62.0,0.52,8.95,0.45,10.0,0.43,10.0,0.42,5.1,0.39,62.0,0.64,13.0,0.69,50.0,0.7,12.4,0.71,17.6,0.72,12.9,0.12,0.12,616.38632,1776167232000
1776167234.705,134.705,0.36,13.0,0.31,50.0,0.3,12.4,0.29,17.6,0.28,12.9,0.48,8.95,0.55,10.0,0.57,10.0,0.58,5.1,0.61,62.0,0.52,8.95,0.45,10.0,0.43,10.0,0.42,5.1,0.39,62.0,0.64,13.0,0.69,50.0,0.7,12.4,0.71,17.6,0.72,12.9,0.12,0.12,616.31213,1776167233000
1776167235.399,135.399,0.36,13.0,0.31,50.0,0.3,12.4,0.29,17.6,0.28,12.9,0.48,8.95,0.55,10.0,0.57,10.0,0.58,5.1,0.61,62.0,0.52,8.95,0.45,10.0,0.43,10.0,0.42,5.1,0.39,62.0,0.64,13.0,0.69,50.0,0.7,12.4,0.71,17.6,0.72,12.9,0.12,0.12,616.34875,1776167234000
1776167236.117,136.117,0.36,13.0,0.31,50.0,0.3,12.4,0.29,17.6,0.28,12.9,0.48,8.95,0.55,10.0,0.57,10.0,0.58,5.1,0.61,62.0,0.52,8.95,0.45,10.0,0.43,10.0,0.42,5.1,0.39,62.0,0.64,13.0,0.69,50.0,0.7,12.4,0.71,17.6,0.72,12.9,0.12,0.12,616.36205,1776167235000
1776167237.622,137.622,0.36,13.0,0.31,50.0,0.3,12.4,0.29,17.6,0.28,12.9,0.48,8.95,0.55,10.0,0.57,10.0,0.58,5.1,0.61,62.0,0.52,8.95,0.45,10.0,0.43,10.0,0.42,5.1,0.39,62.0,0.64,13.0,0.69,50.0,0.7,12.4,0.71,17.6,0.72,12.9,0.12,0.12,616.35878,1776167236000
1776167238.451,138.451,0.36,13.0,0.31,50.0,0.3,12.4,0.29,17.6,0.28,12.9,0.48,8.95,0.55,10.0,0.57,10.0,0.58,5.1,0.61,62.0,0.52,8.95,0.45,10.0,0.43,10.0,0.42,5.1,0.39,62.0,0.64,13.0,0.69,50.0,0.7,12.4,0.71,17.6,0.72,12.9,0.12,0.12,616.36563,1776167237000
1776167239.218,139.218,0.36,13.0,0.31,50.0,0.3,12.4,0.29,17.6,0.28,12.9,0.48,8.95,0.55,10.0,0.57,10.0,0.58,5.1,0.61,62.0,0.52,8.95,0.45,10.0,0.43,10.0,0.42,5.1,0.39,62.0,0.64,13.0,0.69,50.0,0.7,12.4,0.71,17.6,0.72,12.9,0.12,0.12,616.35852,1776167238000
1776167240.72,140.72,0.36,13.0,0.31,50.0,0.3,12.4,0.29,17.6,0.28,12.9,0.48,8.95,0.55,10.0,0.57,10.0,0.58,5.1,0.61,62.0,0.52,8.95,0.45,10.0,0.43,10.0,0.42,5.1,0.39,62.0,0.64,13.0,0.69,50.0,0.7,12.4,0.71,17.6,0.72,12.9,0.12,0.12,616.37,1776167239000
1776167241.609,141.609,0.36,13.0,0.31,50.0,0.3,12.4,0.29,17.6,0.28,12.9,0.48,8.95,0.55,10.0,0.57,10.0,0.58,5.1,0.61,62.0,0.52,8.95,0.45,10.0,0.43,10.0,0.42,5.1,0.39,62.0,0.64,13.0,0.69,50.0,0.7,12.4,0.71,17.6,0.72,12.9,0.12,0.12,616.37014,1776167240000
1776167242.329,142.329,0.27,10.0,0.26,19.0,0.23,14.7,0.22,15.2,0.21,75.7,0.32,1.4,0.33,15.0,0.36,11.3,0.37,11.2,0.38,11.0,0.68,1.4,0.67,15.0,0.64,11.3,0.63,11.2,0.62,11.0,0.73,10.0,0.74,19.0,0.77,14.7,0.78,15.2,0.79,75.7,0.05,0.05,616.37131,1776167241000
1776167242.536,142.536,0.26,15.0,0.23,14.7,0.22,15.2,0.21,75.7,0.2,16.2,0.31,5.0,0.33,15.0,0.34,5.0,0.36,11.3,0.37,11.2,0.68,1.4,0.67,15.0,0.64,11.3,0.63,11.2,0.62,11.0,0.73,10.0,0.74,19.0,0.77,14.7,0.78,15.2,0.79,75.7,0.05,0.05,616.37131,1776167241000
1776167243.158,143.158,0.26,15.0,0.23,14.7,0.22,15.2,0.21,75.7,0.2,16.2,0.31,5.0,0.33,15.0,0.34,5.0,0.36,11.3,0.37,11.2,0.69,5.0,0.67,15.0,0.66,5.0,0.64,11.3,0.63,11.2,0.74,15.0,0.77,14.7,0.78,15.2,0.79,75.7,0.8,16.2,0.05,0.05,616.35943,1776167242000
1776167244.673,144.673,0.26,15.0,0.23,14.7,0.22,15.2,0.21,75.7,0.2,16.2,0.31,5.0,0.33,15.0,0.34,5.0,0.36,11.3,0.37,11.2,0.69,5.0,0.67,15.0,0.66,5.0,0.64,11.3,0.63,11.2,0.74,15.0,0.77,14.7,0.78,15.2,0.79,75.7,0.8,16.2,0.05,0.05,616.3551,1776167243000
1776167245.28,145.28,0.26,15.0,0.23,14.7,0.22,15.2,0.21,75.7,0.2,16.2,0.31,5.0,0.33,15.0,0.34,5.0,0.36,11.3,0.37,11.2,0.69,5.0,0.67,15.0,0.66,5.0,0.64,11.3,0.63,11.2,0.74,15.0,0.77,14.7,0.78,15.2,0.79,75.7,0.8,16.2,0.05,0.05,616.35516,1776167244000
1776167246.744,146.744,0.26,15.0,0.23,14.7,0.22,15.2,0.21,75.7,0.2,16.2,0.31,5.0,0.33,15.0,0.34,5.0,0.36,11.3,0.37,11.2,0.69,5.0,0.67,15.0,0.66,5.0,0.64,11.3,0.63,11.2,0.74,15.0,0.77,14.7,0.78,15.2,0.79,75.7,0.8,16.2,0.05,0.05,616.36695,1776167245000
1776167247.628,147.628,0.26,15.0,0.23,14.7,0.22,15.2,0.21,75.7,0.2,16.2,0.31,5.0,0.33,15.0,0.34,5.0,0.36,11.3,0.37,11.2,0.69,5.0,0.67,15.0,0.66,5.0,0.64,11.3,0.63,11.2,0.74,15.0,0.77,14.7,0.78,15.2,0.79,75.7,0.8,16.2,0.05,0.05,616.36637,1776167246000
1776167248.217,148.217,0.26,15.0,0.23,14.7,0.22,15.2,0.21,75.7,0.2,16.2,0.31,5.0,0.33,15.0,0.34,5.0,0.36,11.3,0.37,11.2,0.69,5.0,0.67,15.0,0.66,5.0,0.64,11.3,0.63,11.2,0.74,15.0,0.77,14.7,0.78,15.2,0.79,75.7,0.8,16.2,0.05,0.05,616.36637,1776167247000
1776167249.693,149.693,0.26,15.0,0.23,14.7,0.22,15.2,0.21,75.7,0.2,16.2,0.31,5.0,0.33,15.0,0.34,5.0,0.36,11.3,0.37,11.2,0.69,5.0,0.67,15.0,0.66,5.0,0.64,11.3,0.63,11.2,0.74,15.0,0.77,14.7,0.78,15.2,0.79,75.7,0.8,16.2,0.05,0.05,616.35635,1776167248000
1776167250.474,150.474,0.26,15.0,0.23,14.7,0.22,15.2,0.21,75.7,0.2,16.2,0.31,5.0,0.33,15.0,0.34,5.0,0.36,11.3,0.37,11.2,0.69,5.0,0.67,15.0,0.66,5.0,0.64,11.3,0.63,11.2,0.74,15.0,0.77,14.7,0.78,15.2,0.79,75.7,0.8,16.2,0.05,0.05,616.287684,1776167249000
1776167251.402,151.402,0.26,15.0,0.23,14.7,0.22,15.2,0.21,75.7,0.2,16.2,0.31,5.0,0.33,15.0,0.34,5.0,0.36,11.3,0.37,11.2,0.69,5.0,0.67,15.0,0.66,5.0,0.64,11.3,0.63,11.2,0.74,15.0,0.77,14.7,0.78,15.2,0.79,75.7,0.8,16.2,0.05,0.05,616.291288,1776167250000
1776167251.962,151.962,0.26,15.0,0.23,14.7,0.22,15.2,0.21,75.7,0.2,16.2,0.31,5.0,0.33,15.0,0.34,5.0,0.36,11.3,0.37,11.2,0.69,5.0,0.67,15.0,0.66,5.0,0.64,11.3,0.63,11.2,0.74,15.0,0.77,14.7,0.78,15.2,0.79,75.7,0.8,16.2,0.05,0.05,616.34392,1776167251000
1776167253.169,153.169,0.26,15.0,0.23,14.7,0.22,15.2,0.21,75.7,0.2,16.2,0.31,5.0,0.33,15.0,0.34,5.0,0.36,11.3,0.37,11.2,0.69,5.0,0.67,15.0,0.66,5.0,0.64,11.3,0.63,11.2,0.74,15.0,0.77,14.7,0.78,15.2,0.79,75.7,0.8,16.2,0.05,0.05,616.34453,1776167252000
1776167254.388,154.388,0.26,15.0,0.23,14.7,0.22,15.2,0.21,75.7,0.2,16.2,0.31,5.0,0.33,15.0,0.34,5.0,0.36,11.3,0.37,11.2,0.69,5.0,0.67,15.0,0.66,5.0,0.64,11.3,0.63,11.2,0.74,15.0,0.77,14.7,0.78,15.2,0.79,75.7,0.8,16.2,0.05,0.05,616.35519,1776167253000
1776167254.976,154.976,0.26,15.0,0.23,14.7,0.22,15.2,0.21,75.7,0.2,16.2,0.31,5.0,0.33,15.0,0.34,5.0,0.36,11.3,0.37,11.2,0.69,5.0,0.67,15.0,0.66,5.0,0.64,11.3,0.63,11.2,0.74,15.0,0.77,14.7,0.78,15.2,0.79,75.7,0.8,16.2,0.05,0.05,616.35568,1776167254000
1776167256.093,156.093,0.26,15.0,0.23,14.7,0.22,15.2,0.21,75.7,0.2,16.2,0.31,5.0,0.33,15.0,0.34,5.0,0.36,11.3,0.37,11.2,0.69,5.0,0.67,15.0,0.66,5.0,0.64,11.3,0.63,11.2,0.74,15.0,0.77,14.7,0.78,15.2,0.79,75.7,0.8,16.2,0.05,0.05,616.36027,1776167255000
1776167257.209,157.209,0.26,15.0,0.23,14.7,0.22,15.2,0.21,75.7,0.2,16.2,0.31,5.0,0.33,15.0,0.34,5.0,0.36,11.3,0.37,11.2,0.69,5.0,0.67,15.0,0.66,5.0,0.64,11.3,0.63,11.2,0.74,15.0,0.77,14.7,0.78,15.2,0.79,75.7,0.8,16.2,0.05,0.05,616.342122,1776167256000
1776167258.384,158.384,0.26,15.0,0.23,14.7,0.22,15.2,0.21,75.7,0.2,16.2,0.31,5.0,0.33,15.0,0.34,5.0,0.36,11.3,0.37,11.2,0.69,5.0,0.67,15.0,0.66,5.0,0.64,11.3,0.63,11.2,0.74,15.0,0.77,14.7,0.78,15.2,0.79,75.7,0.8,16.2,0.05,0.05,616.373563,1776167257000
1776167259.042,159.042,0.26,15.0,0.23,14.7,0.22,15.2,0.21,75.7,0.2,16.2,0.31,5.0,0.33,15.0,0.34,5.0,0.36,11.3,0.37,11.2,0.69,5.0,0.67,15.0,0.66,5.0,0.64,11.3,0.63,11.2,0.74,15.0,0.77,14.7,0.78,15.2,0.79,75.7,0.8,16.2,0.05,0.05,616.37803,1776167258000
1776167260.17,160.17,0.26,15.0,0.23,14.7,0.22,15.2,0.21,75.7,0.2,16.2,0.31,5.0,0.33,15.0,0.34,5.0,0.36,11.3,0.37,11.2,0.69,5.0,0.67,15.0,0.66,5.0,0.64,11.3,0.63,11.2,0.74,15.0,0.77,14.7,0.78,15.2,0.79,75.7,0.8,16.2,0.05,0.05,616.36944,1776167259000
1776167261.424,161.424,0.26,15.0,0.23,14.7,0.22,15.2,0.21,75.7,0.2,16.2,0.31,5.0,0.33,15.0,0.34,5.0,0.36,11.3,0.37,11.2,0.69,5.0,0.67,15.0,0.66,5.0,0.64,11.3,0.63,11.2,0.74,15.0,0.77,14.7,0.78,15.2,0.79,75.7,0.8,16.2,0.05,0.05,616.3695,1776167260000
1776167261.892,161.892,0.26,15.0,0.23,14.7,0.22,15.2,0.21,75.7,0.2,16.2,0.31,5.0,0.33,15.0,0.34,5.0,0.36,11.3,0.37,11.2,0.69,5.0,0.67,15.0,0.66,5.0,0.64,11.3,0.63,11.2,0.74,15.0,0.77,14.7,0.78,15.2,0.79,75.7,0.8,16.2,0.05,0.05,616.369902,1776167261000
1776167263.062,163.062,0.26,15.0,0.23,14.7,0.22,15.2,0.21,75.7,0.2,16.2,0.31,5.0,0.33,15.0,0.34,5.0,0.36,11.3,0.37,11.2,0.69,5.0,0.67,15.0,0.66,5.0,0.64,11.3,0.63,11.2,0.74,15.0,0.77,14.7,0.78,15.2,0.79,75.7,0.8,16.2,0.05,0.05,616.369276,1776167262000
1776167264.348,164.348,0.26,15.0,0.23,14.7,0.22,15.2,0.21,75.7,0.2,16.2,0.31,5.0,0.33,15.0,0.34,5.0,0.36,11.3,0.37,11.2,0.69,5.0,0.67,15.0,0.66,5.0,0.64,11.3,0.63,11.2,0.74,15.0,0.77,14.7,0.78,15.2,0.79,75.7,0.8,16.2,0.05,0.05,616.370342,1776167263000
1776167265.399,165.399,0.26,15.0,0.23,14.7,0.22,15.2,0.21,75.7,0.2,16.2,0.31,5.0,0.33,15.0,0.34,5.0,0.36,11.3,0.37,11.2,0.69,5.0,0.67,15.0,0.66,5.0,0.64,11.3,0.63,11.2,0.74,15.0,0.77,14.7,0.78,15.2,0.79,75.7,0.8,16.2,0.05,0.05,616.38255,1776167264000
1776167266.573,166.573,0.26,15.0,0.23,14.7,0.22,15.2,0.21,75.7,0.2,16.2,0.31,5.0,0.33,15.0,0.34,5.0,0.36,11.3,0.37,11.2,0.69,5.0,0.67,15.0,0.66,5.0,0.64,11.3,0.63,11.2,0.74,15.0,0.77,14.7,0.78,15.2,0.79,75.7,0.8,16.2,0.05,0.05,616.38267,1776167265000
1776167267.373,167.373,0.26,15.0,0.23,14.7,0.22,15.2,0.21,75.7,0.2,16.2,0.31,5.0,0.33,15.0,0.34,5.0,0.36,11.3,0.37,11.2,0.69,5.0,0.67,15.0,0.66,5.0,0.64,11.3,0.63,11.2,0.74,15.0,0.77,14.7,0.78,15.2,0.79,75.7,0.8,16.2,0.05,0.05,616.38267,1776167266000
1776167268.196,168.196,0.26,15.0,0.23,14.7,0.22,15.2,0.21,75.7,0.2,16.2,0.31,5.0,0.33,15.0,0.34,5.0,0.36,11.3,0.37,11.2,0.69,5.0,0.67,15.0,0.66,5.0,0.64,11.3,0.63,11.2,0.74,15.0,0.77,14.7,0.78,15.2,0.79,75.7,0.8,16.2,0.05,0.05,616.38298,1776167267000
1776167269.345,169.345,0.26,15.0,0.23,14.7,0.22,15.2,0.21,75.7,0.2,16.2,0.31,5.0,0.33,15.0,0.34,5.0,0.36,11.3,0.37,11.2,0.69,5.0,0.67,15.0,0.66,5.0,0.64,11.3,0.63,11.2,0.74,15.0,0.77,14.7,0.78,15.2,0.79,75.7,0.8,16.2,0.05,0.05,616.38324,1776167268000
1776167270.058,170.058,0.26,15.0,0.23,14.7,0.22,15.2,0.21,75.7,0.2,16.2,0.31,5.0,0.33,15.0,0.34,5.0,0.36,11.3,0.37,11.2,0.69,5.0,0.67,15.0,0.66,5.0,0.64,11.3,0.63,11.2,0.74,15.0,0.77,14.7,0.78,15.2,0.79,75.7,0.8,16.2,0.05,0.05,616.38362,1776167269000
1776167271.496,171.496,0.26,15.0,0.23,14.7,0.22,15.2,0.21,75.7,0.2,16.2,0.31,5.0,0.33,15.0,0.34,5.0,0.36,11.3,0.37,11.2,0.69,5.0,0.67,15.0,0.66,5.0,0.64,11.3,0.63,11.2,0.74,15.0,0.77,14.7,0.78,15.2,0.79,75.7,0.8,16.2,0.05,0.05,616.376217,1776167270000
1776167272.228,172.228,0.26,15.0,0.23,14.7,0.22,15.2,0.21,75.7,0.2,16.2,0.31,5.0,0.33,15.0,0.34,5.0,0.36,11.3,0.37,11.2,0.69,5.0,0.67,15.0,0.66,5.0,0.64,11.3,0.63,11.2,0.74,15.0,0.77,14.7,0.78,15.2,0.79,75.7,0.8,16.2,0.05,0.05,616.377525,1776167271000
1776167273.293,173.293,0.26,15.0,0.23,14.7,0.22,15.2,0.21,75.7,0.2,16.2,0.31,5.0,0.33,15.0,0.34,5.0,0.36,11.3,0.37,11.2,0.69,5.0,0.67,15.0,0.66,5.0,0.64,11.3,0.63,11.2,0.74,15.0,0.77,14.7,0.78,15.2,0.79,75.7,0.8,16.2,0.05,0.05,616.38257,1776167272000
1776167273.974,173.974,0.26,15.0,0.23,14.7,0.22,15.2,0.21,75.7,0.2,16.2,0.31,5.0,0.33,15.0,0.34,5.0,0.36,11.3,0.37,11.2,0.69,5.0,0.67,15.0,0.66,5.0,0.64,11.3,0.63,11.2,0.74,15.0,0.77,14.7,0.78,15.2,0.79,75.7,0.8,16.2,0.05,0.05,616.38235,1776167273000
1776167275.19,175.19,0.26,15.0,0.23,14.7,0.22,15.2,0.21,75.7,0.2,16.2,0.31,5.0,0.33,15.0,0.34,5.0,0.36,11.3,0.37,11.2,0.69,5.0,0.67,15.0,0.66,5.0,0.64,11.3,0.63,11.2,0.74,15.0,0.77,14.7,0.78,15.2,0.79,75.7,0.8,16.2,0.05,0.05,616.362734,1776167274000
1776167276.432,176.432,0.26,15.0,0.23,14.7,0.22,15.2,0.21,75.7,0.2,16.2,0.31,5.0,0.33,15.0,0.34,5.0,0.36,11.3,0.37,11.2,0.69,5.0,0.67,15.0,0.66,5.0,0.64,11.3,0.63,11.2,0.74,15.0,0.77,14.7,0.78,15.2,0.79,75.7,0.8,16.2,0.05,0.05,616.360789,1776167275000
1776167277.076,177.076,0.26,15.0,0.23,14.7,0.22,15.2,0.21,75.7,0.2,16.2,0.31,5.0,0.33,15.0,0.34,5.0,0.36,11.3,0.37,11.2,0.69,5.0,0.67,15.0,0.66,5.0,0.64,11.3,0.63,11.2,0.74,15.0,0.77,14.7,0.78,15.2,0.79,75.7,0.8,16.2,0.05,0.05,616.361042,1776167276000
1776167278.338,178.338,0.26,15.0,0.23,14.7,0.22,15.2,0.21,75.7,0.2,16.2,0.31,5.0,0.33,15.0,0.34,5.0,0.36,11.3,0.37,11.2,0.69,5.0,0.67,15.0,0.66,5.0,0.64,11.3,0.63,11.2,0.74,15.0,0.77,14.7,0.78,15.2,0.79,75.7,0.8,16.2,0.05,0.05,616.361197,1776167277000
1776167279.584,179.584,0.26,15.0,0.23,14.7,0.22,15.2,0.21,75.7,0.2,16.2,0.31,5.0,0.33,15.0,0.34,5.0,0.36,11.3,0.37,11.2,0.69,5.0,0.67,15.0,0.66,5.0,0.64,11.3,0.63,11.2,0.74,15.0,0.77,14.7,0.78,15.2,0.79,75.7,0.8,16.2,0.05,0.05,616.382302,1776167278000
1776167280.052,180.052,0.21,45.0,0.14,21.6,0.13,23.0,0.12,24.6,0.11,86.6,0.23,24.0,0.26,11.75,0.29,7.0,0.33,11.8,0.34,11.6,0.69,5.0,0.67,15.0,0.66,5.0,0.64,11.3,0.63,11.2,0.74,15.0,0.77,14.7,0.78,15.2,0.79,75.7,0.8,16.2,0.02,0.05,616.382302,1776167278000
1776167281.403,181.403,0.21,45.0,0.14,21.6,0.13,23.0,0.12,24.6,0.11,86.6,0.23,24.0,0.26,11.75,0.29,7.0,0.33,11.8,0.34,11.6,0.77,24.0,0.74,11.75,0.71,7.0,0.67,11.8,0.66,11.6,0.79,45.0,0.86,21.6,0.87,23.0,0.88,24.6,0.89,86.6,0.02,0.02,616.37062,1776167280000
1776167282.031,182.031,0.21,45.0,0.14,21.6,0.13,23.0,0.12,24.6,0.11,86.6,0.23,24.0,0.26,11.75,0.29,7.0,0.33,11.8,0.34,11.6,0.77,24.0,0.74,11.75,0.71,7.0,0.67,11.8,0.66,11.6,0.79,45.0,0.86,21.6,0.87,23.0,0.88,24.6,0.89,86.6,0.02,0.02,616.30614,1776167281000
1776167284.495,184.495,0.21,45.0,0.14,21.6,0.13,23.0,0.12,24.6,0.11,86.6,0.23,24.0,0.26,11.75,0.29,7.0,0.33,11.8,0.34,11.6,0.77,24.0,0.74,11.75,0.71,7.0,0.67,11.8,0.66,11.6,0.79,45.0,0.86,21.6,0.87,23.0,0.88,24.6,0.89,86.6,0.02,0.02,616.300442,1776167283000
1776167285.071,185.071,0.21,45.0,0.14,21.6,0.13,23.0,0.12,24.6,0.11,86.6,0.23,24.0,0.26,11.75,0.29,7.0,0.33,11.8,0.34,11.6,0.77,24.0,0.74,11.75,0.71,7.0,0.67,11.8,0.66,11.6,0.79,45.0,0.86,21.6,0.87,23.0,0.88,24.6,0.89,86.6,0.02,0.02,616.299876,1776167284000
1776167286.117,186.117,0.21,45.0,0.14,21.6,0.13,23.0,0.12,24.6,0.11,86.6,0.23,24.0,0.26,11.75,0.29,7.0,0.33,11.8,0.34,11.6,0.77,24.0,0.74,11.75,0.71,7.0,0.67,11.8,0.66,11.6,0.79,45.0,0.86,21.6,0.87,23.0,0.88,24.6,0.89,86.6,0.02,0.02,616.29795,1776167285000
1776167287.151,187.151,0.21,45.0,0.14,21.6,0.13,23.0,0.12,24.6,0.11,86.6,0.23,24.0,0.26,11.75,0.29,7.0,0.33,11.8,0.34,11.6,0.77,24.0,0.74,11.75,0.71,7.0,0.67,11.8,0.66,11.6,0.79,45.0,0.86,21.6,0.87,23.0,0.88,24.6,0.89,86.6,0.02,0.02,616.296474,1776167286000
1776167288.14,188.14,0.21,45.0,0.14,21.6,0.13,23.0,0.12,24.6,0.11,86.6,0.23,24.0,0.26,11.75,0.29,7.0,0.33,11.8,0.34,11.6,0.77,24.0,0.74,11.75,0.71,7.0,0.67,11.8,0.66,11.6,0.79,45.0,0.86,21.6,0.87,23.0,0.88,24.6,0.89,86.6,0.02,0.02,616.297942,1776167287000
1776167288.623,188.623,0.11,61.26,0.1,33.9,0.09,31.7,0.08,35.29,0.07,39.9,0.19,18.0,0.2,16.3,0.21,15.7,0.22,20.2,0.23,14.7,0.77,24.0,0.74,11.75,0.71,7.0,0.67,11.8,0.66,11.6,0.79,45.0,0.86,21.6,0.87,23.0,0.88,24.6,0.89,86.6,0.08,0.02,616.297942,1776167287000
1776167289.179,189.179,0.11,61.26,0.1,33.9,0.09,31.7,0.08,35.29,0.07,39.9,0.19,18.0,0.2,16.3,0.21,15.7,0.22,20.2,0.23,14.7,0.81,18.0,0.8,16.3,0.79,15.7,0.78,20.2,0.77,14.7,0.89,61.26,0.9,33.9,0.91,31.7,0.92,35.29,0.93,39.9,0.08,0.08,616.27005,1776167288000
1776167290.221,190.221,0.11,61.26,0.1,33.9,0.09,31.7,0.08,35.29,0.07,39.9,0.19,18.0,0.2,16.3,0.21,15.7,0.22,20.2,0.23,14.7,0.81,18.0,0.8,16.3,0.79,15.7,0.78,20.2,0.77,14.7,0.89,61.26,0.9,33.9,0.91,31.7,0.92,35.29,0.93,39.9,0.08,0.08,616.269919,1776167289000
1776167291.206,191.206,0.11,61.26,0.1,33.9,0.09,31.7,0.08,35.29,0.07,39.9,0.19,18.0,0.2,16.3,0.21,15.7,0.22,20.2,0.23,14.7,0.81,18.0,0.8,16.3,0.79,15.7,0.78,20.2,0.77,14.7,0.89,61.26,0.9,33.9,0.91,31.7,0.92,35.29,0.93,39.9,0.08,0.08,616.27766,1776167290000
1776167292.153,192.153,0.21,45.0,0.14,21.6,0.13,23.0,0.12,24.6,0.11,61.26,0.22,5.0,0.25,13.9,0.26,26.25,0.27,13.2,0.28,12.9,0.81,18.0,0.8,16.3,0.79,15.7,0.78,20.2,0.77,14.7,0.89,61.26,0.9,33.9,0.91,31.7,0.92,35.29,0.93,39.9,0.01,0.08,616.27766,1776167290000
1776167293.23,193.23,0.21,45.0,0.14,21.6,0.13,23.0,0.12,24.6,0.11,61.26,0.22,5.0,0.25,13.9,0.26,26.25,0.27,13.2,0.28,12.9,0.78,5.0,0.75,13.9,0.74,26.25,0.73,13.2,0.72,12.9,0.79,45.0,0.86,21.6,0.87,23.0,0.88,24.6,0.89,61.26,0.01,0.01,616.275678,1776167292000
1776167294.168,194.168,0.21,45.0,0.14,21.6,0.13,23.0,0.12,24.6,0.11,61.26,0.22,5.0,0.25,13.9,0.26,26.25,0.27,13.2,0.28,12.9,0.78,5.0,0.75,13.9,0.74,26.25,0.73,13.2,0.72,12.9,0.79,45.0,0.86,21.6,0.87,23.0,0.88,24.6,0.89,61.26,0.01,0.01,616.30419,1776167293000
1776167295.239,195.239,0.21,45.0,0.14,21.6,0.13,23.0,0.12,24.6,0.11,61.26,0.22,5.0,0.25,13.9,0.26,26.25,0.27,13.2,0.28,12.9,0.78,5.0,0.75,13.9,0.74,26.25,0.73,13.2,0.72,12.9,0.79,45.0,0.86,21.6,0.87,23.0,0.88,24.6,0.89,61.26,0.01,0.01,616.30262,1776167294000
1776167296.302,196.302,0.21,45.0,0.14,21.6,0.13,23.0,0.12,24.6,0.11,61.26,0.22,5.0,0.25,13.9,0.26,26.25,0.27,13.2,0.28,12.9,0.78,5.0,0.75,13.9,0.74,26.25,0.73,13.2,0.72,12.9,0.79,45.0,0.86,21.6,0.87,23.0,0.88,24.6,0.89,61.26,0.01,0.01,616.30083,1776167295000
1776167297.516,197.516,0.16,19.3,0.15,20.39,0.14,21.6,0.13,23.0,0.12,24.6,0.32,9.92,0.33,18.8,0.34,11.6,0.35,11.4,0.36,11.3,0.78,5.0,0.75,13.9,0.74,26.25,0.73,13.2,0.72,12.9,0.79,45.0,0.86,21.6,0.87,23.0,0.88,24.6,0.89,61.26,0.16,0.01,616.30083,1776167295000
1776167298.296,198.296,0.16,19.3,0.15,20.39,0.14,21.6,0.13,23.0,0.12,24.6,0.32,9.92,0.33,18.8,0.34,11.6,0.35,11.4,0.36,11.3,0.68,9.92,0.67,18.8,0.66,11.6,0.65,11.4,0.64,11.3,0.84,19.3,0.85,20.39,0.86,21.6,0.87,23.0,0.88,24.6,0.16,0.16,616.35463,1776167297000
1776167299.371,199.371,0.16,19.3,0.15,20.39,0.14,21.6,0.13,23.0,0.12,24.6,0.32,9.92,0.33,18.8,0.34,11.6,0.35,11.4,0.36,11.3,0.68,9.92,0.67,18.8,0.66,11.6,0.65,11.4,0.64,11.3,0.84,19.3,0.85,20.39,0.86,21.6,0.87,23.0,0.88,24.6,0.16,0.16,616.36176,1776167298000
1776167299.976,199.976,0.16,19.3,0.15,20.39,0.14,21.6,0.13,23.0,0.12,24.6,0.32,9.92,0.33,18.8,0.34,11.6,0.35,11.4,0.36,11.3,0.68,9.92,0.67,18.8,0.66,11.6,0.65,11.4,0.64,11.3,0.84,19.3,0.85,20.39,0.86,21.6,0.87,23.0,0.88,24.6,0.16,0.16,616.35867,1776167299000
1776167301.079,201.079,0.16,19.3,0.15,20.39,0.14,21.6,0.13,23.0,0.12,24.6,0.32,9.92,0.33,18.8,0.34,11.6,0.35,11.4,0.36,11.3,0.68,9.92,0.67,18.8,0.66,11.6,0.65,11.4,0.64,11.3,0.84,19.3,0.85,20.39,0.86,21.6,0.87,23.0,0.88,24.6,0.16,0.16,616.36104,1776167300000
1776167302.335,202.335,0.16,19.3,0.15,20.39,0.14,21.6,0.13,23.0,0.12,24.6,0.32,9.92,0.33,18.8,0.34,11.6,0.35,11.4,0.36,11.3,0.68,9.92,0.67,18.8,0.66,11.6,0.65,11.4,0.64,11.3,0.84,19.3,0.85,20.39,0.86,21.6,0.87,23.0,0.88,24.6,0.16,0.16,616.36098,1776167301000
1776167303.157,203.157,0.28,10.0,0.21,50.0,0.18,17.6,0.17,18.39,0.16,19.3,0.48,5.51,0.51,50.0,0.52,10.4,0.53,10.4,0.54,10.5,0.68,9.92,0.67,18.8,0.66,11.6,0.65,11.4,0.64,11.3,0.84,19.3,0.85,20.39,0.86,21.6,0.87,23.0,0.88,24.6,0.2,0.16,616.36098,1776167301000
1776167304.468,204.468,0.28,10.0,0.21,50.0,0.18,17.6,0.17,18.39,0.16,19.3,0.51,39.65,0.52,10.4,0.53,10.4,0.54,10.5,0.55,10.5,0.49,39.65,0.48,10.4,0.47,10.4,0.46,10.5,0.45,10.5,0.72,10.0,0.79,50.0,0.82,17.6,0.83,18.39,0.84,19.3,0.23,0.23,616.3611,1776167303000
1776167305.038,205.038,0.28,10.0,0.21,50.0,0.18,17.6,0.17,18.39,0.16,19.3,0.51,39.65,0.52,10.4,0.53,10.4,0.54,10.5,0.55,10.5,0.49,39.65,0.48,10.4,0.47,10.4,0.46,10.5,0.45,10.5,0.72,10.0,0.79,50.0,0.82,17.6,0.83,18.39,0.84,19.3,0.23,0.23,616.43834,1776167304000
1776167305.467,205.467,0.31,47.1,0.28,5.0,0.27,5.0,0.22,15.2,0.21,65.7,0.38,8.0,0.51,10.4,0.52,10.4,0.53,10.4,0.54,10.5,0.49,39.65,0.48,10.4,0.47,10.4,0.46,10.5,0.45,10.5,0.72,10.0,0.79,50.0,0.82,17.6,0.83,18.39,0.84,19.3,0.07,0.23,616.43834,1776167304000
1776167306.042,206.042,0.31,47.1,0.28,5.0,0.27,5.0,0.22,15.2,0.21,65.7,0.38,8.0,0.51,10.4,0.52,10.4,0.53,10.4,0.54,10.5,0.62,8.0,0.49,10.4,0.48,10.4,0.47,10.4,0.46,10.5,0.69,47.1,0.72,5.0,0.73,5.0,0.78,15.2,0.79,65.7,0.07,0.07,616.329029,1776167305000
1776167307.201,207.201,0.31,47.1,0.28,5.0,0.27,5.0,0.22,15.2,0.21,65.7,0.38,8.0,0.51,10.4,0.52,10.4,0.53,10.4,0.54,10.5,0.62,8.0,0.49,10.4,0.48,10.4,0.47,10.4,0.46,10.5,0.69,47.1,0.72,5.0,0.73,5.0,0.78,15.2,0.79,65.7,0.07,0.07,616.370947,1776167306000
1776167308.339,208.339,0.31,47.1,0.28,5.0,0.27,5.0,0.22,15.2,0.21,65.7,0.38,8.0,0.51,10.4,0.52,10.4,0.53,10.4,0.54,10.5,0.62,8.0,0.49,10.4,0.48,10.4,0.47,10.4,0.46,10.5,0.69,47.1,0.72,5.0,0.73,5.0,0.78,15.2,0.79,65.7,0.07,0.07,616.379043,1776167307000
1776167309.384,209.384,0.31,47.1,0.28,5.0,0.27,5.0,0.22,15.2,0.21,65.7,0.38,8.0,0.51,10.4,0.52,10.4,0.53,10.4,0.54,10.5,0.62,8.0,0.49,10.4,0.48,10.4,0.47,10.4,0.46,10.5,0.69,47.1,0.72,5.0,0.73,5.0,0.78,15.2,0.79,65.7,0.07,0.07,616.382835,1776167308000
1776167310.561,210.561,0.31,47.1,0.28,5.0,0.27,5.0,0.22,15.2,0.21,65.7,0.38,8.0,0.51,10.4,0.52,10.4,0.53,10.4,0.54,10.5,0.62,8.0,0.49,10.4,0.48,10.4,0.47,10.4,0.46,10.5,0.69,47.1,0.72,5.0,0.73,5.0,0.78,15.2,0.79,65.7,0.07,0.07,616.377476,1776167309000
1776167311.004,211.004,0.31,47.1,0.28,5.0,0.27,5.0,0.22,15.2,0.21,65.7,0.38,8.0,0.51,10.4,0.52,10.4,0.53,10.4,0.54,10.5,0.62,8.0,0.49,10.4,0.48,10.4,0.47,10.4,0.46,10.5,0.69,47.1,0.72,5.0,0.73,5.0,0.78,15.2,0.79,65.7,0.07,0.07,616.407053,1776167310000
1776167312.16,212.16,0.31,47.1,0.28,5.0,0.27,5.0,0.22,15.2,0.21,65.7,0.38,8.0,0.51,10.4,0.52,10.4,0.53,10.4,0.54,10.5,0.62,8.0,0.49,10.4,0.48,10.4,0.47,10.4,0.46,10.5,0.69,47.1,0.72,5.0,0.73,5.0,0.78,15.2,0.79,65.7,0.07,0.07,616.382876,1776167311000
1776167313.123,213.123,0.31,47.1,0.28,5.0,0.27,5.0,0.22,15.2,0.21,65.7,0.38,8.0,0.51,10.4,0.52,10.4,0.53,10.4,0.54,10.5,0.62,8.0,0.49,10.4,0.48,10.4,0.47,10.4,0.46,10.5,0.69,47.1,0.72,5.0,0.73,5.0,0.78,15.2,0.79,65.7,0.07,0.07,616.414093,1776167312000
1776167314.163,214.163,0.31,47.1,0.28,5.0,0.27,5.0,0.22,15.2,0.21,65.7,0.38,8.0,0.51,10.4,0.52,10.4,0.53,10.4,0.54,10.5,0.62,8.0,0.49,10.4,0.48,10.4,0.47,10.4,0.46,10.5,0.69,47.1,0.72,5.0,0.73,5.0,0.78,15.2,0.79,65.7,0.07,0.07,616.41442,1776167313000
1776167315.206,215.206,0.31,47.1,0.28,5.0,0.27,5.0,0.22,15.2,0.21,65.7,0.38,8.0,0.51,10.4,0.52,10.4,0.53,10.4,0.54,10.5,0.62,8.0,0.49,10.4,0.48,10.4,0.47,10.4,0.46,10.5,0.69,47.1,0.72,5.0,0.73,5.0,0.78,15.2,0.79,65.7,0.07,0.07,616.416648,1776167314000
1776167316.271,216.271,0.31,47.1,0.28,5.0,0.27,5.0,0.22,15.2,0.21,65.7,0.38,8.0,0.51,10.4,0.52,10.4,0.53,10.4,0.54,10.5,0.62,8.0,0.49,10.4,0.48,10.4,0.47,10.4,0.46,10.5,0.69,47.1,0.72,5.0,0.73,5.0,0.78,15.2,0.79,65.7,0.07,0.07,616.417968,1776167315000
1776167317.314,217.314,0.31,47.1,0.28,5.0,0.27,5.0,0.22,15.2,0.21,65.7,0.38,8.0,0.51,10.4,0.52,10.4,0.53,10.4,0.54,10.5,0.62,8.0,0.49,10.4,0.48,10.4,0.47,10.4,0.46,10.5,0.69,47.1,0.72,5.0,0.73,5.0,0.78,15.2,0.79,65.7,0.07,0.07,616.422887,1776167316000
1776167317.908,217.908,0.31,47.1,0.28,5.0,0.27,5.0,0.22,15.2,0.21,65.7,0.38,8.0,0.51,10.4,0.52,10.4,0.53,10.4,0.54,10.5,0.62,8.0,0.49,10.4,0.48,10.4,0.47,10.4,0.46,10.5,0.69,47.1,0.72,5.0,0.73,5.0,0.78,15.2,0.79,65.7,0.07,0.07,616.422887,1776167317000
1776167318.941,218.941,0.31,47.1,0.28,5.0,0.27,5.0,0.22,15.2,0.21,65.7,0.38,8.0,0.51,10.4,0.52,10.4,0.53,10.4,0.54,10.5,0.62,8.0,0.49,10.4,0.48,10.4,0.47,10.4,0.46,10.5,0.69,47.1,0.72,5.0,0.73,5.0,0.78,15.2,0.79,65.7,0.07,0.07,616.43276,1776167318000
1776167319.932,219.932,0.31,47.1,0.28,5.0,0.27,5.0,0.22,15.2,0.21,65.7,0.38,8.0,0.51,10.4,0.52,10.4,0.53,10.4,0.54,10.5,0.62,8.0,0.49,10.4,0.48,10.4,0.47,10.4,0.46,10.5,0.69,47.1,0.72,5.0,0.73,5.0,0.78,15.2,0.79,65.7,0.07,0.07,616.435223,1776167319000
1776167320.972,220.972,0.31,47.1,0.28,5.0,0.27,5.0,0.22,15.2,0.21,65.7,0.38,8.0,0.51,10.4,0.52,10.4,0.53,10.4,0.54,10.5,0.62,8.0,0.49,10.4,0.48,10.4,0.47,10.4,0.46,10.5,0.69,47.1,0.72,5.0,0.73,5.0,0.78,15.2,0.79,65.7,0.07,0.07,616.470561,1776167320000
1776167322.016,222.016,0.31,47.1,0.28,5.0,0.27,5.0,0.22,15.2,0.21,65.7,0.38,8.0,0.51,10.4,0.52,10.4,0.53,10.4,0.54,10.5,0.62,8.0,0.49,10.4,0.48,10.4,0.47,10.4,0.46,10.5,0.69,47.1,0.72,5.0,0.73,5.0,0.78,15.2,0.79,65.7,0.07,0.07,616.477266,1776167321000
1776167323.032,223.032,0.31,47.1,0.28,5.0,0.27,5.0,0.22,15.2,0.21,65.7,0.38,8.0,0.51,10.4,0.52,10.4,0.53,10.4,0.54,10.5,0.62,8.0,0.49,10.4,0.48,10.4,0.47,10.4,0.46,10.5,0.69,47.1,0.72,5.0,0.73,5.0,0.78,15.2,0.79,65.7,0.07,0.07,616.507521,1776167322000
1776167324.083,224.083,0.31,47.1,0.28,5.0,0.27,5.0,0.22,15.2,0.21,65.7,0.38,8.0,0.51,10.4,0.52,10.4,0.53,10.4,0.54,10.5,0.62,8.0,0.49,10.4,0.48,10.4,0.47,10.4,0.46,10.5,0.69,47.1,0.72,5.0,0.73,5.0,0.78,15.2,0.79,65.7,0.07,0.07,616.53382,1776167323000
1776167325.908,225.908,0.31,47.1,0.28,5.0,0.27,5.0,0.22,15.2,0.21,65.7,0.38,8.0,0.51,10.4,0.52,10.4,0.53,10.4,0.54,10.5,0.62,8.0,0.49,10.4,0.48,10.4,0.47,10.4,0.46,10.5,0.69,47.1,0.72,5.0,0.73,5.0,0.78,15.2,0.79,65.7,0.07,0.07,616.572321,1776167324000
1776167326.385,226.385,0.31,47.1,0.28,5.0,0.27,5.0,0.22,15.2,0.21,65.7,0.38,8.0,0.51,10.4,0.52,10.4,0.53,10.4,0.54,10.5,0.62,8.0,0.49,10.4,0.48,10.4,0.47,10.4,0.46,10.5,0.69,47.1,0.72,5.0,0.73,5.0,0.78,15.2,0.79,65.7,0.07,0.07,616.57348,1776167325000
1776167327.32,227.32,0.31,47.1,0.28,5.0,0.27,5.0,0.22,15.2,0.21,65.7,0.38,8.0,0.51,10.4,0.52,10.4,0.53,10.4,0.54,10.5,0.62,8.0,0.49,10.4,0.48,10.4,0.47,10.4,0.46,10.5,0.69,47.1,0.72,5.0,0.73,5.0,0.78,15.2,0.79,65.7,0.07,0.07,616.554644,1776167326000
1776167327.827,227.827,0.31,47.1,0.28,5.0,0.27,5.0,0.22,15.2,0.21,65.7,0.38,8.0,0.51,10.4,0.52,10.4,0.53,10.4,0.54,10.5,0.62,8.0,0.49,10.4,0.48,10.4,0.47,10.4,0.46,10.5,0.69,47.1,0.72,5.0,0.73,5.0,0.78,15.2,0.79,65.7,0.07,0.07,616.563206,1776167327000
1776167328.831,228.831,0.31,47.1,0.28,5.0,0.27,5.0,0.22,15.2,0.21,65.7,0.38,8.0,0.51,10.4,0.52,10.4,0.53,10.4,0.54,10.5,0.62,8.0,0.49,10.4,0.48,10.4,0.47,10.4,0.46,10.5,0.69,47.1,0.72,5.0,0.73,5.0,0.78,15.2,0.79,65.7,0.07,0.07,616.563048,1776167328000
1776167330.351,230.351,0.31,47.1,0.28,5.0,0.27,5.0,0.22,15.2,0.21,65.7,0.38,8.0,0.51,10.4,0.52,10.4,0.53,10.4,0.54,10.5,0.62,8.0,0.49,10.4,0.48,10.4,0.47,10.4,0.46,10.5,0.69,47.1,0.72,5.0,0.73,5.0,0.78,15.2,0.79,65.7,0.07,0.07,616.568328,1776167329000
1776167331.307,231.307,0.31,47.1,0.28,5.0,0.27,5.0,0.22,15.2,0.21,65.7,0.38,8.0,0.51,10.4,0.52,10.4,0.53,10.4,0.54,10.5,0.62,8.0,0.49,10.4,0.48,10.4,0.47,10.4,0.46,10.5,0.69,47.1,0.72,5.0,0.73,5.0,0.78,15.2,0.79,65.7,0.07,0.07,616.58471,1776167330000
1776167331.805,231.805,0.7,7.14,0.61,50.0,0.52,10.4,0.51,60.4,0.5,10.4,0.75,18.66,0.79,15.7,0.8,16.2,0.81,16.89,0.82,17.6,0.62,8.0,0.49,10.4,0.48,10.4,0.47,10.4,0.46,10.5,0.69,47.1,0.72,5.0,0.73,5.0,0.78,15.2,0.79,65.7,0.05,0.07,616.58471,1776167330000
1776167332.056,232.056,0.7,21.14,0.61,50.0,0.53,10.4,0.52,10.4,0.51,60.4,0.75,6.66,0.79,15.7,0.8,16.2,0.81,16.89,0.82,17.6,0.25,18.66,0.21,15.7,0.2,16.2,0.19,16.89,0.18,17.6,0.3,7.14,0.39,50.0,0.48,10.4,0.49,60.4,0.5,10.4,0.05,0.05,616.58471,1776167330000
1776167332.321,232.321,0.7,21.14,0.61,50.0,0.53,10.4,0.52,10.4,0.51,60.4,0.75,6.66,0.79,15.7,0.8,16.2,0.81,16.89,0.82,17.6,0.25,6.66,0.21,15.7,0.2,16.2,0.19,16.89,0.18,17.6,0.3,21.14,0.39,50.0,0.47,10.4,0.48,10.4,0.49,60.4,0.05,0.05,616.561627,1776167331000
1776167333.278,233.278,0.7,21.14,0.61,50.0,0.53,10.4,0.52,10.4,0.51,60.4,0.75,6.66,0.79,15.7,0.8,16.2,0.81,16.89,0.82,17.6,0.25,6.66,0.21,15.7,0.2,16.2,0.19,16.89,0.18,17.6,0.3,21.14,0.39,50.0,0.47,10.4,0.48,10.4,0.49,60.4,0.05,0.05,616.562311,1776167332000
1776167334.287,234.287,0.7,21.14,0.61,50.0,0.53,10.4,0.52,10.4,0.51,60.4,0.75,6.66,0.79,15.7,0.8,16.2,0.81,16.89,0.82,17.6,0.25,6.66,0.21,15.7,0.2,16.2,0.19,16.89,0.18,17.6,0.3,21.14,0.39,50.0,0.47,10.4,0.48,10.4,0.49,60.4,0.05,0.05,616.61612,1776167333000
1776167335.308,235.308,0.7,21.14,0.61,50.0,0.53,10.4,0.52,10.4,0.51,60.4,0.75,6.66,0.79,15.7,0.8,16.2,0.81,16.89,0.82,17.6,0.25,6.66,0.21,15.7,0.2,16.2,0.19,16.89,0.18,17.6,0.3,21.14,0.39,50.0,0.47,10.4,0.48,10.4,0.49,60.4,0.05,0.05,616.61606,1776167334000
1776167335.688,235.688,0.7,21.14,0.61,50.0,0.59,10.7,0.58,10.7,0.57,10.6,0.87,34.58,0.88,24.6,0.89,26.6,0.9,28.9,0.91,81.7,0.25,6.66,0.21,15.7,0.2,16.2,0.19,16.89,0.18,17.6,0.3,21.14,0.39,50.0,0.47,10.4,0.48,10.4,0.49,60.4,0.17,0.05,616.61606,1776167334000
1776167335.973,235.973,0.7,31.14,0.61,50.0,0.6,10.8,0.59,10.7,0.58,10.7,0.87,27.74,0.88,24.6,0.89,26.6,0.9,28.9,0.91,81.7,0.13,31.16,0.12,24.6,0.11,26.6,0.1,28.9,0.09,81.7,0.3,21.14,0.39,50.0,0.41,10.7,0.42,10.7,0.43,10.6,0.17,0.17,616.61606,1776167334000
1776167336.369,236.369,0.7,31.14,0.61,50.0,0.6,10.8,0.59,10.7,0.58,10.7,0.87,27.74,0.88,24.6,0.89,26.6,0.9,28.9,0.91,81.7,0.13,27.74,0.12,24.6,0.11,26.6,0.1,28.9,0.09,81.7,0.3,31.14,0.39,50.0,0.4,10.8,0.41,10.7,0.42,10.7,0.17,0.17,616.61524,1776167335000
1776167337.343,237.343,0.7,31.14,0.61,50.0,0.6,10.8,0.59,10.7,0.58,10.7,0.87,27.74,0.88,24.6,0.89,26.6,0.9,28.9,0.91,81.7,0.13,27.74,0.12,24.6,0.11,26.6,0.1,28.9,0.09,81.7,0.3,31.14,0.39,50.0,0.4,10.8,0.41,10.7,0.42,10.7,0.17,0.17,616.660773,1776167336000
1776167337.911,237.911,0.7,31.14,0.61,50.0,0.6,10.8,0.59,10.7,0.58,10.7,0.87,27.74,0.88,24.6,0.89,26.6,0.9,28.9,0.91,81.7,0.13,27.74,0.12,24.6,0.11,26.6,0.1,28.9,0.09,81.7,0.3,31.14,0.39,50.0,0.4,10.8,0.41,10.7,0.42,10.7,0.17,0.17,616.660773,1776167337000
1776167339.629,239.629,0.7,31.14,0.61,50.0,0.6,10.8,0.59,10.7,0.58,10.7,0.87,27.74,0.88,24.6,0.89,26.6,0.9,28.9,0.91,81.7,0.13,27.74,0.12,24.6,0.11,26.6,0.1,28.9,0.09,81.7,0.3,31.14,0.39,50.0,0.4,10.8,0.41,10.7,0.42,10.7,0.17,0.17,616.617516,1776167338000
1776167340.302,240.302,0.7,31.14,0.61,50.0,0.6,10.8,0.59,10.7,0.58,10.7,0.87,27.74,0.88,24.6,0.89,26.6,0.9,28.9,0.91,81.7,0.13,27.74,0.12,24.6,0.11,26.6,0.1,28.9,0.09,81.7,0.3,31.14,0.39,50.0,0.4,10.8,0.41,10.7,0.42,10.7,0.17,0.17,616.644584,1776167339000
1776167340.746,240.746,0.7,31.14,0.69,12.2,0.68,11.9,0.67,11.8,0.66,11.6,0.91,78.2,0.92,35.29,0.93,48.9,0.94,46.1,0.95,54.7,0.13,27.74,0.12,24.6,0.11,26.6,0.1,28.9,0.09,81.7,0.3,31.14,0.39,50.0,0.4,10.8,0.41,10.7,0.42,10.7,0.21,0.17,616.644584,1776167339000
1776167342.163,242.163,0.7,31.14,0.69,12.2,0.68,11.9,0.67,11.8,0.66,11.6,0.91,78.2,0.92,35.29,0.93,48.9,0.94,46.1,0.95,54.7,0.09,78.2,0.08,35.29,0.07,48.9,0.06,46.1,0.05,54.7,0.3,31.14,0.31,12.2,0.32,11.9,0.33,11.8,0.34,11.6,0.21,0.21,616.67,1776167340000
1776167342.954,242.954,0.7,31.14,0.69,12.2,0.68,11.9,0.67,11.8,0.66,11.6,0.91,78.2,0.92,35.29,0.93,48.9,0.94,46.1,0.95,54.7,0.09,78.2,0.08,35.29,0.07,48.9,0.06,46.1,0.05,54.7,0.3,31.14,0.31,12.2,0.32,11.9,0.33,11.8,0.34,11.6,0.21,0.21,616.648061,1776167341000
1776167343.361,243.361,0.74,13.5,0.73,13.2,0.72,12.9,0.71,62.6,0.7,29.54,0.92,54.61,0.94,46.1,0.95,54.7,0.96,72.7,0.97,89.3,0.09,78.2,0.08,35.29,0.07,48.9,0.06,46.1,0.05,54.7,0.3,31.14,0.31,12.2,0.32,11.9,0.33,11.8,0.34,11.6,0.18,0.21,616.648061,1776167341000
1776167343.717,243.717,0.74,13.5,0.73,13.2,0.72,12.9,0.71,62.6,0.7,29.54,0.92,54.61,0.94,46.1,0.95,54.7,0.96,72.7,0.97,89.3,0.08,54.61,0.06,46.1,0.05,54.7,0.04,72.7,0.03,89.3,0.26,13.5,0.27,13.2,0.28,12.9,0.29,62.6,0.3,29.54,0.18,0.18,616.656728,1776167342000
1776167344.646,244.646,0.74,13.5,0.73,13.2,0.72,12.9,0.71,62.6,0.7,29.54,0.92,54.61,0.94,46.1,0.95,54.7,0.96,72.7,0.97,89.3,0.08,54.61,0.06,46.1,0.05,54.7,0.04,72.7,0.03,89.3,0.26,13.5,0.27,13.2,0.28,12.9,0.29,62.6,0.3,29.54,0.18,0.18,616.71,1776167343000
1776167345.368,245.368,0.74,13.5,0.73,13.2,0.72,12.9,0.71,62.6,0.7,29.54,0.92,54.61,0.94,46.1,0.95,54.7,0.96,72.7,0.97,89.3,0.08,54.61,0.06,46.1,0.05,54.7,0.04,72.7,0.03,89.3,0.26,13.5,0.27,13.2,0.28,12.9,0.29,62.6,0.3,29.54,0.18,0.18,616.716,1776167344000
1776167346.18,246.18,0.74,13.5,0.73,13.2,0.72,12.9,0.71,62.6,0.7,29.54,0.92,54.61,0.94,46.1,0.95,54.7,0.96,72.7,0.97,89.3,0.08,54.61,0.06,46.1,0.05,54.7,0.04,72.7,0.03,89.3,0.26,13.5,0.27,13.2,0.28,12.9,0.29,62.6,0.3,29.54,0.18,0.18,616.716,1776167345000
1776167347.657,247.657,0.74,13.5,0.73,13.2,0.72,12.9,0.71,62.6,0.7,29.54,0.92,54.61,0.94,46.1,0.95,54.7,0.96,72.7,0.97,89.3,0.08,54.61,0.06,46.1,0.05,54.7,0.04,72.7,0.03,89.3,0.26,13.5,0.27,13.2,0.28,12.9,0.29,62.6,0.3,29.54,0.18,0.18,616.734937,1776167346000
1776167348.269,248.269,0.74,13.5,0.73,13.2,0.72,12.9,0.71,62.6,0.7,29.54,0.92,54.61,0.94,46.1,0.95,54.7,0.96,72.7,0.97,89.3,0.08,54.61,0.06,46.1,0.05,54.7,0.04,72.7,0.03,89.3,0.26,13.5,0.27,13.2,0.28,12.9,0.29,62.6,0.3,29.54,0.18,0.18,616.741308,1776167347000
1776167349.789,249.789,0.74,13.5,0.73,13.2,0.72,12.9,0.71,62.6,0.7,29.54,0.92,54.61,0.94,46.1,0.95,54.7,0.96,72.7,0.97,89.3,0.08,54.61,0.06,46.1,0.05,54.7,0.04,72.7,0.03,89.3,0.26,13.5,0.27,13.2,0.28,12.9,0.29,62.6,0.3,29.54,0.18,0.18,616.744302,1776167348000
1776167350.46,250.46,0.74,13.5,0.73,13.2,0.72,12.9,0.71,62.6,0.7,29.54,0.92,54.61,0.94,46.1,0.95,54.7,0.96,72.7,0.97,89.3,0.08,54.61,0.06,46.1,0.05,54.7,0.04,72.7,0.03,89.3,0.26,13.5,0.27,13.2,0.28,12.9,0.29,62.6,0.3,29.54,0.18,0.18,616.744302,1776167349000
1776167351.107,251.107,0.74,13.5,0.73,13.2,0.72,12.9,0.71,62.6,0.7,29.54,0.92,54.61,0.94,46.1,0.95,54.7,0.96,72.7,0.97,89.3,0.08,54.61,0.06,46.1,0.05,54.7,0.04,72.7,0.03,89.3,0.26,13.5,0.27,13.2,0.28,12.9,0.29,62.6,0.3,29.54,0.18,0.18,616.743161,1776167350000
1776167352.552,252.552,0.74,13.5,0.73,13.2,0.72,12.9,0.71,62.6,0.7,29.54,0.92,54.61,0.94,46.1,0.95,54.7,0.96,72.7,0.97,89.3,0.08,54.61,0.06,46.1,0.05,54.7,0.04,72.7,0.03,89.3,0.26,13.5,0.27,13.2,0.28,12.9,0.29,62.6,0.3,29.54,0.18,0.18,616.740209,1776167351000
1776167353.234,253.234,0.74,13.5,0.73,13.2,0.72,12.9,0.71,62.6,0.7,29.54,0.92,54.61,0.94,46.1,0.95,54.7,0.96,72.7,0.97,89.3,0.08,54.61,0.06,46.1,0.05,54.7,0.04,72.7,0.03,89.3,0.26,13.5,0.27,13.2,0.28,12.9,0.29,62.6,0.3,29.54,0.18,0.18,616.750797,1776167352000
1776167353.572,253.572,0.92,35.29,0.91,31.7,0.9,28.9,0.89,26.6,0.88,24.6,0.98,142.69,0.99,5698.6,,,,,,,0.08,54.61,0.06,46.1,0.05,54.7,0.04,72.7,0.03,89.3,0.26,13.5,0.27,13.2,0.28,12.9,0.29,62.6,0.3,29.54,0.06,0.18,616.750797,1776167352000
1776167355.009,255.009,0.92,35.29,0.91,31.7,0.9,28.9,0.89,26.6,0.88,24.6,0.98,142.69,0.99,5698.6,,,,,,,0.02,142.69,0.01,5698.6,,,,,,,0.08,35.29,0.09,31.7,0.1,28.9,0.11,26.6,0.12,24.6,0.06,0.06,616.749,1776167353000
1776167355.697,255.697,0.92,35.29,0.91,31.7,0.9,28.9,0.89,26.6,0.88,24.6,0.98,142.69,0.99,5698.6,,,,,,,0.02,142.69,0.01,5698.6,,,,,,,0.08,35.29,0.09,31.7,0.1,28.9,0.11,26.6,0.12,24.6,0.06,0.06,616.744,1776167354000
1776167356.398,256.398,0.92,35.29,0.91,31.7,0.9,28.9,0.89,26.6,0.88,24.6,0.98,142.69,0.99,5698.6,,,,,,,0.02,142.69,0.01,5698.6,,,,,,,0.08,35.29,0.09,31.7,0.1,28.9,0.11,26.6,0.12,24.6,0.06,0.06,616.744,1776167355000
1776167357.211,257.211,0.92,35.29,0.91,31.7,0.9,28.9,0.89,26.6,0.88,24.6,0.98,142.69,0.99,5698.6,,,,,,,0.02,142.69,0.01,5698.6,,,,,,,0.08,35.29,0.09,31.7,0.1,28.9,0.11,26.6,0.12,24.6,0.06,0.06,616.74,1776167356000
1776167358.184,258.184,0.92,35.29,0.91,31.7,0.9,28.9,0.89,26.6,0.88,24.6,0.98,142.69,0.99,5698.6,,,,,,,0.02,142.69,0.01,5698.6,,,,,,,0.08,35.29,0.09,31.7,0.1,28.9,0.11,26.6,0.12,24.6,0.06,0.06,616.732,1776167357000
1776167359.132,259.132,0.92,35.29,0.91,31.7,0.9,28.9,0.89,26.6,0.88,24.6,0.98,142.69,0.99,5698.6,,,,,,,0.02,142.69,0.01,5698.6,,,,,,,0.08,35.29,0.09,31.7,0.1,28.9,0.11,26.6,0.12,24.6,0.06,0.06,616.737,1776167358000
1776167360.255,260.255,0.92,35.29,0.91,31.7,0.9,28.9,0.89,26.6,0.88,24.6,0.98,142.69,0.99,5698.6,,,,,,,0.02,142.69,0.01,5698.6,,,,,,,0.08,35.29,0.09,31.7,0.1,28.9,0.11,26.6,0.12,24.6,0.06,0.06,616.792,1776167359000
1776167361.28,261.28,0.92,35.29,0.91,31.7,0.9,28.9,0.89,26.6,0.88,24.6,0.98,142.69,0.99,5698.6,,,,,,,0.02,142.69,0.01,5698.6,,,,,,,0.08,35.29,0.09,31.7,0.1,28.9,0.11,26.6,0.12,24.6,0.06,0.06,616.767,1776167360000
1776167362.318,262.318,0.92,35.29,0.91,31.7,0.9,28.9,0.89,26.6,0.88,24.6,0.98,142.69,0.99,5698.6,,,,,,,0.02,142.69,0.01,5698.6,,,,,,,0.08,35.29,0.09,31.7,0.1,28.9,0.11,26.6,0.12,24.6,0.06,0.06,616.776597,1776167361000
1776167363.293,263.293,0.97,89.3,0.96,67.7,0.95,54.7,0.94,46.1,0.93,39.9,0.98,6.93,0.99,5698.6,,,,,,,0.02,6.93,0.01,5698.6,,,,,,,0.03,89.3,0.04,67.7,0.05,54.7,0.06,46.1,0.07,39.9,0.01,0.01,616.793,1776167362000
1776167364.207,264.207,0.97,89.3,0.96,67.7,0.95,54.7,0.94,46.1,0.93,39.9,0.98,6.93,0.99,5698.6,,,,,,,0.02,6.93,0.01,5698.6,,,,,,,0.03,89.3,0.04,67.7,0.05,54.7,0.06,46.1,0.07,39.9,0.01,0.01,616.777,1776167363000
1776167364.598,264.598,0.97,89.3,0.96,67.7,0.95,54.7,0.94,46.1,0.93,39.9,0.98,4.87,0.99,698.6,,,,,,,0.02,5.9,0.01,698.6,,,,,,,0.03,89.3,0.04,67.7,0.05,54.7,0.06,46.1,0.07,39.9,0.01,0.01,616.777,1776167363000
1776167365.24,265.24,0.97,89.3,0.96,67.7,0.95,54.7,0.94,46.1,0.93,39.9,0.98,4.87,0.99,698.6,,,,,,,0.02,4.87,0.01,698.6,,,,,,,0.03,89.3,0.04,67.7,0.05,54.7,0.06,46.1,0.07,39.9,0.01,0.01,616.77,1776167364000
1776167365.913,265.913,0.97,88.0,0.96,67.7,0.95,54.7,0.94,46.1,0.93,39.9,0.98,4.87,0.99,698.6,,,,,,,0.02,4.87,0.01,698.6,,,,,,,0.03,89.3,0.04,67.7,0.05,54.7,0.06,46.1,0.07,39.9,0.01,0.01,616.77,1776167364000
1776167366.216,266.216,0.97,88.0,0.96,67.7,0.95,54.7,0.94,46.1,0.93,39.9,0.98,4.87,0.99,698.6,,,,,,,0.02,4.87,0.01,698.6,,,,,,,0.03,88.0,0.04,67.7,0.05,54.7,0.06,46.1,0.07,39.9,0.01,0.01,616.78,1776167365000
1776167367.202,267.202,0.97,88.0,0.96,67.7,0.95,54.7,0.94,46.1,0.93,39.9,0.98,4.87,0.99,698.6,,,,,,,0.02,4.87,0.01,698.6,,,,,,,0.03,88.0,0.04,67.7,0.05,54.7,0.06,46.1,0.07,39.9,0.01,0.01,616.804,1776167366000
1776167367.819,267.819,0.97,88.0,0.96,67.7,0.95,54.7,0.94,46.1,0.93,39.9,0.99,328.87,,,,,,,,,0.02,4.87,0.01,698.6,,,,,,,0.03,88.0,0.04,67.7,0.05,54.7,0.06,46.1,0.07,39.9,0.02,0.01,616.804,1776167366000
1776167368.24,268.24,0.97,88.0,0.96,67.7,0.95,54.7,0.94,46.1,0.93,39.9,0.99,328.87,,,,,,,,,0.01,328.87,,,,,,,,,0.03,88.0,0.04,67.7,0.05,54.7,0.06,46.1,0.07,39.9,0.02,0.02,616.811,1776167367000
1776167369.254,269.254,0.97,88.0,0.96,67.7,0.95,54.7,0.94,46.1,0.93,39.9,0.99,328.87,,,,,,,,,0.01,328.87,,,,,,,,,0.03,88.0,0.04,67.7,0.05,54.7,0.06,46.1,0.07,39.9,0.02,0.02,616.80542,1776167368000
1776167370.18,270.18,0.97,88.0,0.96,67.7,0.95,54.7,0.94,46.1,0.93,39.9,0.99,328.87,,,,,,,,,0.01,328.87,,,,,,,,,0.03,88.0,0.04,67.7,0.05,54.7,0.06,46.1,0.07,39.9,0.02,0.02,616.804897,1776167369000
1776167371.092,271.092,0.97,88.0,0.96,67.7,0.95,54.7,0.94,46.1,0.93,39.9,0.99,328.87,,,,,,,,,0.01,328.87,,,,,,,,,0.03,88.0,0.04,67.7,0.05,54.7,0.06,46.1,0.07,39.9,0.02,0.02,616.803849,1776167370000
1776167372.665,272.665,0.97,88.0,0.96,67.7,0.95,54.7,0.94,46.1,0.93,39.9,0.99,328.87,,,,,,,,,0.01,328.87,,,,,,,,,0.03,88.0,0.04,67.7,0.05,54.7,0.06,46.1,0.07,39.9,0.02,0.02,616.849481,1776167371000
1776167373.223,273.223,0.97,88.0,0.96,67.7,0.95,54.7,0.94,46.1,0.93,39.9,0.99,328.87,,,,,,,,,0.01,328.87,,,,,,,,,0.03,88.0,0.04,67.7,0.05,54.7,0.06,46.1,0.07,39.9,0.02,0.02,616.836829,1776167372000
1776167374.279,274.279,0.97,88.0,0.96,67.7,0.95,54.7,0.94,46.1,0.93,39.9,0.99,328.87,,,,,,,,,0.01,328.87,,,,,,,,,0.03,88.0,0.04,67.7,0.05,54.7,0.06,46.1,0.07,39.9,0.02,0.02,616.805278,1776167373000
1776167375.415,275.415,0.97,88.0,0.96,67.7,0.95,54.7,0.94,46.1,0.93,39.9,0.99,328.87,,,,,,,,,0.01,328.87,,,,,,,,,0.03,88.0,0.04,67.7,0.05,54.7,0.06,46.1,0.07,39.9,0.02,0.02,616.81025,1776167374000
1776167375.993,275.993,0.97,88.0,0.96,67.7,0.95,54.7,0.94,46.1,0.93,39.9,0.99,328.87,,,,,,,,,0.01,328.87,,,,,,,,,0.03,88.0,0.04,67.7,0.05,54.7,0.06,46.1,0.07,39.9,0.02,0.02,616.805697,1776167375000
1776167377.091,277.091,0.97,88.0,0.96,67.7,0.95,54.7,0.94,46.1,0.93,39.9,0.99,328.87,,,,,,,,,0.01,328.87,,,,,,,,,0.03,88.0,0.04,67.7,0.05,54.7,0.06,46.1,0.07,39.9,0.02,0.02,616.81183,1776167376000
1776167378.088,278.088,0.97,88.0,0.96,67.7,0.95,54.7,0.94,46.1,0.93,39.9,0.99,328.87,,,,,,,,,0.01,328.87,,,,,,,,,0.03,88.0,0.04,67.7,0.05,54.7,0.06,46.1,0.07,39.9,0.02,0.02,616.816215,1776167377000
1776167379.187,279.187,0.97,88.0,0.96,67.7,0.95,54.7,0.94,46.1,0.93,39.9,0.99,328.87,,,,,,,,,0.01,328.87,,,,,,,,,0.03,88.0,0.04,67.7,0.05,54.7,0.06,46.1,0.07,39.9,0.02,0.02,616.818,1776167378000
1776167380.235,280.235,0.97,88.0,0.96,67.7,0.95,54.7,0.94,46.1,0.93,39.9,0.99,328.87,,,,,,,,,0.01,328.87,,,,,,,,,0.03,88.0,0.04,67.7,0.05,54.7,0.06,46.1,0.07,39.9,0.02,0.02,616.813,1776167379000
1776167381.197,281.197,0.97,88.0,0.96,67.7,0.95,54.7,0.94,46.1,0.93,39.9,0.99,328.87,,,,,,,,,0.01,328.87,,,,,,,,,0.03,88.0,0.04,67.7,0.05,54.7,0.06,46.1,0.07,39.9,0.02,0.02,616.811,1776167380000
1776167382.651,282.651,0.97,88.0,0.96,67.7,0.95,54.7,0.94,46.1,0.93,39.9,0.99,328.87,,,,,,,,,0.01,328.87,,,,,,,,,0.03,88.0,0.04,67.7,0.05,54.7,0.06,46.1,0.07,39.9,0.02,0.02,616.79658,1776167381000
1776167383.177,283.177,0.97,88.0,0.96,67.7,0.95,54.7,0.94,46.1,0.93,39.9,0.99,328.87,,,,,,,,,0.01,328.87,,,,,,,,,0.03,88.0,0.04,67.7,0.05,54.7,0.06,46.1,0.07,39.9,0.02,0.02,616.79881,1776167382000
1776167384.376,284.376,0.97,88.0,0.96,67.7,0.95,54.7,0.94,46.1,0.93,39.9,0.99,328.87,,,,,,,,,0.01,328.87,,,,,,,,,0.03,88.0,0.04,67.7,0.05,54.7,0.06,46.1,0.07,39.9,0.02,0.02,616.80061,1776167383000
1776167384.994,284.994,0.97,88.0,0.96,67.7,0.95,54.7,0.94,46.1,0.93,39.9,0.99,328.87,,,,,,,,,0.01,328.87,,,,,,,,,0.03,88.0,0.04,67.7,0.05,54.7,0.06,46.1,0.07,39.9,0.02,0.02,616.800592,1776167384000
1776167385.824,285.824,0.89,48.0,0.81,50.0,0.74,10.0,0.71,50.0,0.7,7.14,0.99,228.81,,,,,,,,,0.01,328.87,,,,,,,,,0.03,88.0,0.04,67.7,0.05,54.7,0.06,46.1,0.07,39.9,0.1,0.02,616.800592,1776167384000
1776167386.384,286.384,0.89,48.0,0.81,50.0,0.74,10.0,0.71,50.0,0.7,7.14,0.99,228.81,,,,,,,,,0.01,228.81,,,,,,,,,0.11,48.0,0.19,50.0,0.26,10.0,0.29,50.0,0.3,7.14,0.1,0.1,616.806,1776167385000
1776167386.921,286.921,0.89,48.0,0.81,50.0,0.74,10.0,0.71,50.0,0.7,7.14,0.99,228.81,,,,,,,,,0.01,228.81,,,,,,,,,0.11,48.0,0.19,50.0,0.26,10.0,0.29,50.0,0.3,7.14,0.1,0.1,616.806,1776167386000
1776167388.213,288.213,0.89,48.0,0.81,50.0,0.74,10.0,0.71,50.0,0.7,7.14,0.99,228.81,,,,,,,,,0.01,228.81,,,,,,,,,0.11,48.0,0.19,50.0,0.26,10.0,0.29,50.0,0.3,7.14,0.1,0.1,616.75092,1776167387000
1776167389.218,289.218,0.89,48.0,0.81,50.0,0.74,10.0,0.71,50.0,0.7,7.14,0.99,228.81,,,,,,,,,0.01,228.81,,,,,,,,,0.11,48.0,0.19,50.0,0.26,10.0,0.29,50.0,0.3,7.14,0.1,0.1,616.75904,1776167388000
1776167390.104,290.104,0.89,48.0,0.81,50.0,0.74,10.0,0.71,50.0,0.7,7.14,0.99,228.81,,,,,,,,,0.01,228.81,,,,,,,,,0.11,48.0,0.19,50.0,0.26,10.0,0.29,50.0,0.3,7.14,0.1,0.1,616.69692,1776167389000
1776167391.075,291.075,0.89,48.0,0.81,50.0,0.74,10.0,0.71,50.0,0.7,7.14,0.99,228.81,,,,,,,,,0.01,228.81,,,,,,,,,0.11,48.0,0.19,50.0,0.26,10.0,0.29,50.0,0.3,7.14,0.1,0.1,616.6959,1776167390000
1776167391.454,291.454,0.89,5.0,0.81,50.0,0.71,50.0,0.7,7.14,0.68,10.0,0.99,143.75,,,,,,,,,0.01,228.81,,,,,,,,,0.11,48.0,0.19,50.0,0.26,10.0,0.29,50.0,0.3,7.14,0.1,0.1,616.6959,1776167390000
1776167392.127,292.127,0.89,5.0,0.81,50.0,0.71,50.0,0.7,7.14,0.68,10.0,0.99,143.75,,,,,,,,,0.01,143.75,,,,,,,,,0.11,5.0,0.19,50.0,0.29,50.0,0.3,7.14,0.32,10.0,0.1,0.1,616.69876,1776167391000
1776167393.075,293.075,0.89,5.0,0.81,50.0,0.71,50.0,0.7,7.14,0.68,10.0,0.99,143.75,,,,,,,,,0.01,143.75,,,,,,,,,0.11,5.0,0.19,50.0,0.29,50.0,0.3,7.14,0.32,10.0,0.1,0.1,616.69439,1776167392000
1776167393.972,293.972,0.89,5.0,0.81,50.0,0.71,50.0,0.7,7.14,0.68,10.0,0.99,143.75,,,,,,,,,0.01,143.75,,,,,,,,,0.11,5.0,0.19,50.0,0.29,50.0,0.3,7.14,0.32,10.0,0.1,0.1,616.69505,1776167393000
1776167394.851,294.851,0.89,5.0,0.81,50.0,0.71,50.0,0.7,7.14,0.68,10.0,0.99,143.75,,,,,,,,,0.01,143.75,,,,,,,,,0.11,5.0,0.19,50.0,0.29,50.0,0.3,7.14,0.32,10.0,0.1,0.1,616.69301,1776167394000
1776167395.822,295.822,0.89,5.0,0.81,50.0,0.71,50.0,0.7,7.14,0.68,10.0,0.99,143.75,,,,,,,,,0.01,143.75,,,,,,,,,0.11,5.0,0.19,50.0,0.29,50.0,0.3,7.14,0.32,10.0,0.1,0.1,616.70059,1776167395000
1776167397.177,297.177,0.89,13.0,0.86,10.0,0.81,50.0,0.71,50.0,0.7,7.14,0.99,108.69,,,,,,,,,0.01,143.75,,,,,,,,,0.11,5.0,0.19,50.0,0.29,50.0,0.3,7.14,0.32,10.0,0.1,0.1,616.70059,1776167395000
1776167397.388,297.388,0.89,5.0,0.86,10.0,0.81,50.0,0.71,50.0,0.7,7.14,0.99,37.97,,,,,,,,,0.01,58.17,,,,,,,,,0.11,5.0,0.14,10.0,0.19,50.0,0.29,50.0,0.3,7.14,0.1,0.1,616.70142,1776167396000
1776167397.63,297.63,0.99,967.08,0.89,5.0,0.85,10.0,0.81,50.0,0.71,50.0,,,,,,,,,,,0.01,32.92,,,,,,,,,0.11,5.0,0.19,50.0,0.29,50.0,0.3,7.14,0.39,50.0,,0.1,616.70142,1776167396000
1776167398.121,298.121,0.99,967.08,0.89,5.0,0.85,10.0,0.81,50.0,0.71,50.0,,,,,,,,,,,,,,,,,,,,,0.01,967.08,0.11,5.0,0.15,10.0,0.19,50.0,0.29,50.0,,,616.69234,1776167397000
1776167398.866,298.866,0.99,61.72,0.89,5.0,0.81,50.0,0.71,50.0,0.7,7.14,,,,,,,,,,,,,,,,,,,,,0.01,967.08,0.11,5.0,0.15,10.0,0.19,50.0,0.29,50.0,,,616.69234,1776167397000
1776167399.201,299.201,0.99,61.72,0.89,5.0,0.81,50.0,0.71,50.0,0.7,7.14,,,,,,,,,,,,,,,,,,,,,0.01,61.72,0.11,5.0,0.19,50.0,0.29,50.0,0.3,7.14,,,616.68795,1776167398000
1776167400.193,300.193,0.99,11.72,0.89,5.0,0.7,7.14,0.61,6.0,0.51,7.0,,,,,,,,,,,,,,,,,,,,,0.01,11.72,0.11,5.0,0.3,7.14,0.39,6.0,0.49,7.0,,,616.68835,1776167399000

# RESULT,winner=Up,slug=bnb-updown-5m-1776167100,ticks=324
