timestamp,elapsed_sec,up_bid_p1,up_bid_s1,up_bid_p2,up_bid_s2,up_ask_p1,up_ask_s1,up_ask_p2,up_ask_s2,down_bid_p1,down_bid_s1,down_bid_p2,down_bid_s2,down_ask_p1,down_ask_s1,down_ask_p2,down_ask_s2,up_spread,down_spread,bnb_price,bnb_oracle_ts
1776381600.508,0.508,0.48,5.0,0.47,40.0,0.52,5.0,0.53,40.0,0.41,5.0,0.4,65.0,0.59,5.0,0.6,65.0,0.04,0.18,634.1932,1776381598000
1776381600.948,0.948,0.41,5.0,0.4,65.0,0.59,5.0,0.6,65.0,0.41,5.0,0.4,65.0,0.59,5.0,0.6,65.0,0.18,0.18,634.2064,1776381599000
1776381601.513,1.513,0.41,5.0,0.4,65.0,0.59,5.0,0.6,65.0,0.41,5.0,0.4,65.0,0.59,5.0,0.6,65.0,0.18,0.18,634.19975,1776381600000
1776381602.517,2.517,0.41,5.0,0.4,65.0,0.59,5.0,0.6,65.0,0.41,5.0,0.4,65.0,0.59,5.0,0.6,65.0,0.18,0.18,634.204683,1776381601000
1776381603.235,3.235,0.41,5.0,0.4,65.0,0.59,5.0,0.6,65.0,0.41,5.0,0.4,65.0,0.59,5.0,0.6,65.0,0.18,0.18,634.197174,1776381602000
1776381604.703,4.703,0.41,5.0,0.4,65.0,0.59,5.0,0.6,65.0,0.41,5.0,0.4,65.0,0.59,5.0,0.6,65.0,0.18,0.18,634.226264,1776381603000
1776381605.445,5.445,0.41,5.0,0.4,65.0,0.59,5.0,0.6,65.0,0.41,5.0,0.4,65.0,0.59,5.0,0.6,65.0,0.18,0.18,634.233,1776381604000
1776381606.131,6.131,0.41,5.0,0.4,65.0,0.59,5.0,0.6,65.0,0.41,5.0,0.4,65.0,0.59,5.0,0.6,65.0,0.18,0.18,634.231128,1776381605000
1776381607.315,7.315,0.53,5.0,0.52,5.0,0.56,5.0,0.57,15.0,0.41,5.0,0.4,65.0,0.59,5.0,0.6,65.0,0.03,0.18,634.231128,1776381605000
1776381607.695,7.695,0.53,5.0,0.52,5.0,0.56,5.0,0.57,15.0,0.44,5.0,0.43,15.0,0.47,5.0,0.48,5.0,0.03,0.03,634.237771,1776381606000
1776381608.346,8.346,0.53,5.0,0.52,5.0,0.56,5.0,0.57,15.0,0.44,5.0,0.43,15.0,0.47,5.0,0.48,5.0,0.03,0.03,634.237049,1776381607000
1776381609.714,9.714,0.53,5.0,0.52,5.0,0.56,5.0,0.57,15.0,0.44,5.0,0.43,15.0,0.47,5.0,0.48,5.0,0.03,0.03,634.244282,1776381608000
1776381610.531,10.531,0.53,5.0,0.52,5.0,0.56,5.0,0.57,15.0,0.44,5.0,0.43,15.0,0.47,5.0,0.48,5.0,0.03,0.03,634.23913,1776381609000
1776381611.13,11.13,0.53,5.0,0.52,5.0,0.56,5.0,0.57,15.0,0.44,5.0,0.43,15.0,0.47,5.0,0.48,5.0,0.03,0.03,634.2388,1776381610000
1776381612.74,12.74,0.53,5.0,0.52,5.0,0.55,0.81,0.56,5.0,0.45,0.81,0.44,5.0,0.47,5.0,0.48,5.0,0.02,0.02,634.23833,1776381611000
1776381613.286,13.286,0.53,5.0,0.52,5.0,0.55,0.81,0.56,5.0,0.45,0.81,0.44,5.0,0.47,5.0,0.48,5.0,0.02,0.02,634.23851,1776381612000
1776381614.795,14.795,0.53,5.0,0.52,5.0,0.55,0.81,0.56,5.0,0.45,0.81,0.44,5.0,0.47,5.0,0.48,5.0,0.02,0.02,634.240032,1776381613000
1776381615.422,15.422,0.51,5.0,0.5,5.0,0.52,3.07,0.53,5.0,0.45,0.81,0.44,5.0,0.47,5.0,0.48,5.0,0.01,0.02,634.240032,1776381613000
1776381616.796,16.796,0.51,5.0,0.5,5.0,0.52,3.07,0.53,5.0,0.48,3.07,0.47,5.0,0.49,5.0,0.5,5.0,0.01,0.01,634.240756,1776381615000
1776381617.439,17.439,0.51,5.0,0.5,5.0,0.52,3.07,0.53,5.0,0.48,3.07,0.47,5.0,0.49,5.0,0.5,5.0,0.01,0.01,634.249,1776381616000
1776381618.073,18.073,0.51,5.0,0.5,5.0,0.52,3.07,0.53,5.0,0.48,3.07,0.47,5.0,0.49,5.0,0.5,5.0,0.01,0.01,634.249,1776381617000
1776381619.312,19.312,0.51,5.0,0.5,5.0,0.52,3.07,0.53,5.0,0.48,3.07,0.47,5.0,0.49,5.0,0.5,5.0,0.01,0.01,634.242,1776381618000
1776381620.661,20.661,0.51,5.0,0.5,5.0,0.52,3.07,0.53,5.0,0.48,3.07,0.47,5.0,0.49,5.0,0.5,5.0,0.01,0.01,634.244,1776381619000
1776381621.298,21.298,0.51,5.0,0.5,5.0,0.52,3.07,0.53,5.0,0.48,3.07,0.47,5.0,0.49,5.0,0.5,5.0,0.01,0.01,634.244,1776381620000
1776381622.493,22.493,0.51,5.0,0.5,5.0,0.52,3.07,0.53,5.0,0.48,3.07,0.47,5.0,0.49,5.0,0.5,5.0,0.01,0.01,634.239,1776381621000
1776381623.067,23.067,0.51,5.0,0.5,5.0,0.52,3.07,0.53,5.0,0.48,3.07,0.47,5.0,0.49,5.0,0.5,5.0,0.01,0.01,634.239,1776381622000
1776381624.231,24.231,0.51,5.0,0.5,5.0,0.52,3.07,0.53,5.0,0.48,3.07,0.47,5.0,0.49,5.0,0.5,5.0,0.01,0.01,634.242,1776381623000
1776381625.366,25.366,0.51,5.0,0.5,5.0,0.52,3.07,0.53,5.0,0.48,3.07,0.47,5.0,0.49,5.0,0.5,5.0,0.01,0.01,634.27115,1776381624000
1776381625.903,25.903,0.51,5.0,0.5,5.0,0.52,3.07,0.53,5.0,0.48,3.07,0.47,5.0,0.49,5.0,0.5,5.0,0.01,0.01,634.27115,1776381625000
1776381627.024,27.024,0.56,5.0,0.55,5.0,0.57,8.24,0.58,10.0,0.48,3.07,0.47,5.0,0.49,5.0,0.5,5.0,0.01,0.01,634.27115,1776381625000
1776381628.249,28.249,0.56,5.0,0.55,5.0,0.57,8.24,0.58,10.0,0.43,8.24,0.42,10.0,0.44,5.0,0.45,5.0,0.01,0.01,634.241541,1776381627000
1776381629.317,29.317,0.56,5.0,0.55,5.0,0.57,8.24,0.58,10.0,0.43,8.24,0.42,10.0,0.44,5.0,0.45,5.0,0.01,0.01,634.240507,1776381628000
1776381629.933,29.933,0.56,5.0,0.55,5.0,0.57,8.24,0.58,10.0,0.43,8.24,0.42,10.0,0.44,5.0,0.45,5.0,0.01,0.01,634.23932,1776381629000
1776381631.092,31.092,0.56,5.0,0.55,5.0,0.57,8.24,0.58,10.0,0.43,8.24,0.42,10.0,0.44,5.0,0.45,5.0,0.01,0.01,634.23786,1776381630000
1776381631.604,31.604,0.7,5.0,0.69,5.0,0.72,2.0,0.73,5.0,0.43,8.24,0.42,10.0,0.44,5.0,0.45,5.0,0.02,0.01,634.23786,1776381630000
1776381631.819,31.819,0.66,13.0,0.65,5.0,0.69,5.0,0.7,5.0,0.29,5.0,0.28,2.0,0.33,5.0,0.34,13.0,0.03,0.04,634.23786,1776381630000
1776381632.241,32.241,0.71,1.65,0.7,5.0,0.73,5.0,0.74,5.0,0.31,5.0,0.3,5.0,0.34,13.0,0.35,5.0,0.02,0.03,634.23786,1776381630000
1776381632.458,32.458,0.71,1.65,0.7,5.0,0.73,3.36,0.74,5.0,0.25,5.0,0.24,5.0,0.29,1.65,0.3,5.0,0.02,0.04,634.2376,1776381631000
1776381633.581,33.581,0.71,1.65,0.7,5.0,0.73,3.36,0.74,5.0,0.27,3.36,0.26,5.0,0.29,1.65,0.3,5.0,0.02,0.02,634.340081,1776381632000
1776381634.102,34.102,0.71,1.65,0.7,5.0,0.73,3.36,0.74,5.0,0.27,3.36,0.26,5.0,0.29,1.65,0.3,5.0,0.02,0.02,634.365,1776381633000
1776381635.372,35.372,0.71,1.65,0.7,5.0,0.73,3.36,0.74,5.0,0.27,3.36,0.26,5.0,0.29,1.65,0.3,5.0,0.02,0.02,634.376589,1776381634000
1776381635.868,35.868,0.71,1.65,0.7,5.0,0.73,3.36,0.74,5.0,0.27,3.36,0.26,5.0,0.29,1.65,0.3,5.0,0.02,0.02,634.36925,1776381635000
1776381636.148,36.148,0.69,5.0,0.68,5.0,0.71,5.0,0.72,5.0,0.27,3.36,0.26,5.0,0.29,1.65,0.3,5.0,0.02,0.02,634.36925,1776381635000
1776381636.7,36.7,0.7,5.0,0.69,5.0,0.73,3.15,0.74,5.0,0.29,5.0,0.28,5.0,0.31,5.0,0.32,5.0,0.03,0.02,634.36925,1776381635000
1776381636.967,36.967,0.7,5.0,0.69,5.0,0.73,3.15,0.74,5.0,0.27,3.15,0.26,5.0,0.3,5.0,0.31,5.0,0.03,0.03,634.394177,1776381636000
1776381637.444,37.444,0.72,0.08,0.71,10.0,0.73,5.0,0.74,5.0,0.27,3.15,0.26,5.0,0.3,5.0,0.31,5.0,0.01,0.03,634.394177,1776381636000
1776381637.7,37.7,0.71,10.0,0.7,5.0,0.72,3.47,0.73,5.0,0.27,5.0,0.26,5.0,0.28,0.08,0.29,10.0,0.01,0.01,634.394177,1776381636000
1776381638.068,38.068,0.71,10.0,0.7,5.0,0.72,3.47,0.73,5.0,0.28,3.47,0.27,5.0,0.29,10.0,0.3,5.0,0.01,0.01,634.397335,1776381637000
1776381639.143,39.143,0.71,10.0,0.7,5.0,0.72,3.47,0.73,5.0,0.28,3.47,0.27,5.0,0.29,10.0,0.3,5.0,0.01,0.01,634.476516,1776381638000
1776381640.182,40.182,0.71,10.0,0.7,5.0,0.72,3.47,0.73,5.0,0.28,3.47,0.27,5.0,0.29,10.0,0.3,5.0,0.01,0.01,634.478316,1776381639000
1776381641.325,41.325,0.71,10.0,0.7,5.0,0.72,3.47,0.73,5.0,0.28,3.47,0.27,5.0,0.29,10.0,0.3,5.0,0.01,0.01,634.501993,1776381640000
1776381642.287,42.287,0.71,10.0,0.7,5.0,0.72,3.47,0.73,5.0,0.28,3.47,0.27,5.0,0.29,10.0,0.3,5.0,0.01,0.01,634.500842,1776381641000
1776381643.033,43.033,0.74,6.0,0.73,5.0,0.75,5.0,0.76,5.0,0.28,3.47,0.27,5.0,0.29,10.0,0.3,5.0,0.01,0.01,634.500842,1776381641000
1776381643.306,43.306,0.74,6.0,0.73,5.0,0.75,5.0,0.76,5.0,0.25,5.0,0.24,5.0,0.26,6.0,0.27,5.0,0.01,0.01,634.486803,1776381642000
1776381643.876,43.876,0.74,6.0,0.73,5.0,0.75,5.0,0.76,5.0,0.25,5.0,0.24,5.0,0.26,6.0,0.27,5.0,0.01,0.01,634.517482,1776381643000
1776381644.735,44.735,0.73,4.0,0.72,5.0,0.75,5.0,0.76,5.0,0.25,5.0,0.24,5.0,0.26,6.0,0.27,5.0,0.02,0.01,634.517482,1776381643000
1776381645.091,45.091,0.72,5.0,0.71,10.0,0.75,5.0,0.76,5.0,0.25,5.0,0.24,5.0,0.27,4.0,0.28,5.0,0.03,0.02,634.521894,1776381644000
1776381646.593,46.593,0.72,5.0,0.71,10.0,0.75,5.0,0.76,5.0,0.25,5.0,0.24,5.0,0.28,5.0,0.29,10.0,0.03,0.03,634.519088,1776381645000
1776381647.777,47.777,0.72,5.0,0.71,10.0,0.75,5.0,0.76,5.0,0.25,5.0,0.24,5.0,0.28,5.0,0.29,10.0,0.03,0.03,634.519349,1776381646000
1776381648.345,48.345,0.72,5.0,0.71,10.0,0.75,5.0,0.76,5.0,0.25,5.0,0.24,5.0,0.28,5.0,0.29,10.0,0.03,0.03,634.5401,1776381647000
1776381648.814,48.814,0.66,2.0,0.65,5.0,0.67,5.0,0.68,5.0,0.25,5.0,0.24,5.0,0.28,5.0,0.29,10.0,0.01,0.03,634.5401,1776381647000
1776381649.441,49.441,0.66,2.0,0.65,5.0,0.67,5.0,0.68,5.0,0.33,5.0,0.32,5.0,0.34,2.0,0.35,5.0,0.01,0.01,634.515934,1776381648000
1776381650.193,50.193,0.66,2.0,0.65,5.0,0.67,5.0,0.68,5.0,0.33,5.0,0.32,5.0,0.34,2.0,0.35,5.0,0.01,0.01,634.504098,1776381649000
1776381651.664,51.664,0.66,2.0,0.65,5.0,0.67,5.0,0.68,5.0,0.33,5.0,0.32,5.0,0.34,2.0,0.35,5.0,0.01,0.01,634.44602,1776381650000
1776381652.393,52.393,0.66,2.0,0.65,5.0,0.67,5.0,0.68,5.0,0.33,5.0,0.32,5.0,0.34,2.0,0.35,5.0,0.01,0.01,634.44602,1776381651000
1776381652.63,52.63,0.64,10.0,0.63,5.0,0.66,5.0,0.67,5.0,0.33,5.0,0.32,5.0,0.34,2.0,0.35,5.0,0.02,0.01,634.44602,1776381651000
1776381653.258,53.258,0.64,10.0,0.63,5.0,0.66,5.0,0.67,5.0,0.34,5.0,0.33,5.0,0.36,10.0,0.37,5.0,0.02,0.02,634.45573,1776381652000
1776381654.719,54.719,0.64,10.0,0.63,5.0,0.66,5.0,0.67,5.0,0.34,5.0,0.33,5.0,0.36,10.0,0.37,5.0,0.02,0.02,634.411176,1776381653000
1776381655.495,55.495,0.64,10.0,0.63,5.0,0.66,5.0,0.67,5.0,0.34,5.0,0.33,5.0,0.36,10.0,0.37,5.0,0.02,0.02,634.429787,1776381654000
1776381656.376,56.376,0.64,10.0,0.63,5.0,0.66,5.0,0.67,5.0,0.34,5.0,0.33,5.0,0.36,10.0,0.37,5.0,0.02,0.02,634.411573,1776381655000
1776381656.969,56.969,0.64,10.0,0.63,5.0,0.66,5.0,0.67,5.0,0.34,5.0,0.33,5.0,0.36,10.0,0.37,5.0,0.02,0.02,634.430122,1776381656000
1776381658.585,58.585,0.64,10.0,0.63,5.0,0.66,5.0,0.67,5.0,0.34,5.0,0.33,5.0,0.36,10.0,0.37,5.0,0.02,0.02,634.433676,1776381657000
1776381659.498,59.498,0.64,10.0,0.63,5.0,0.66,5.0,0.67,5.0,0.34,5.0,0.33,5.0,0.36,10.0,0.37,5.0,0.02,0.02,634.43946,1776381658000
1776381660.216,60.216,0.64,10.0,0.63,5.0,0.66,5.0,0.67,5.0,0.34,5.0,0.33,5.0,0.36,10.0,0.37,5.0,0.02,0.02,634.43999,1776381659000
1776381661.128,61.128,0.77,5.0,0.76,5.0,0.79,17.7,0.8,21.2,0.34,5.0,0.33,5.0,0.36,10.0,0.37,5.0,0.02,0.02,634.43999,1776381659000
1776381661.88,61.88,0.77,5.0,0.76,5.0,0.79,17.7,0.8,21.2,0.21,17.7,0.2,21.2,0.23,5.0,0.24,5.0,0.02,0.02,634.431634,1776381660000
1776381662.326,62.326,0.83,5.0,0.82,5.0,0.84,16.3,0.85,20.39,0.21,17.7,0.2,21.2,0.23,5.0,0.24,5.0,0.01,0.02,634.431634,1776381660000
1776381662.767,62.767,0.83,5.0,0.82,5.0,0.84,16.3,0.85,20.39,0.16,16.3,0.15,20.39,0.17,5.0,0.18,5.0,0.01,0.01,634.422538,1776381661000
1776381663.361,63.361,0.83,5.0,0.82,5.0,0.84,16.3,0.85,20.39,0.16,16.3,0.15,20.39,0.17,5.0,0.18,5.0,0.01,0.01,634.425293,1776381662000
1776381664.056,64.056,0.83,5.0,0.82,5.0,0.84,15.3,0.85,20.39,0.16,15.3,0.15,20.39,0.17,5.0,0.18,5.0,0.01,0.01,634.485241,1776381663000
1776381665.571,65.571,0.83,5.0,0.82,5.0,0.84,15.3,0.85,20.39,0.16,15.3,0.15,20.39,0.17,5.0,0.18,5.0,0.01,0.01,634.567063,1776381664000
1776381666.859,66.859,0.83,5.0,0.82,5.0,0.84,15.3,0.85,20.39,0.16,15.3,0.15,20.39,0.17,5.0,0.18,5.0,0.01,0.01,634.546486,1776381665000
1776381667.398,67.398,0.83,5.0,0.82,5.0,0.84,15.3,0.85,20.39,0.16,15.3,0.15,20.39,0.17,5.0,0.18,5.0,0.01,0.01,634.565809,1776381666000
1776381668.28,68.28,0.83,5.0,0.82,5.0,0.84,15.3,0.85,20.39,0.16,15.3,0.15,20.39,0.17,5.0,0.18,5.0,0.01,0.01,634.565809,1776381667000
1776381669.532,69.532,0.83,5.0,0.82,5.0,0.84,15.3,0.85,20.39,0.16,15.3,0.15,20.39,0.17,5.0,0.18,5.0,0.01,0.01,634.589178,1776381668000
1776381670.161,70.161,0.83,5.0,0.82,5.0,0.84,15.3,0.85,20.39,0.16,15.3,0.15,20.39,0.17,5.0,0.18,5.0,0.01,0.01,634.567383,1776381669000
1776381671.248,71.248,0.83,5.0,0.82,5.0,0.84,15.3,0.85,20.39,0.16,15.3,0.15,20.39,0.17,5.0,0.18,5.0,0.01,0.01,634.566114,1776381670000
1776381672.173,72.173,0.8,7.0,0.76,8.0,0.81,55.0,0.82,5.0,0.16,15.3,0.15,20.39,0.17,5.0,0.18,5.0,0.01,0.01,634.566114,1776381670000
1776381672.523,72.523,0.8,7.0,0.76,8.0,0.81,55.0,0.82,5.0,0.19,55.0,0.18,5.0,0.2,7.0,0.24,8.0,0.01,0.01,634.577681,1776381671000
1776381673.156,73.156,0.8,7.0,0.76,8.0,0.81,55.0,0.82,5.0,0.19,55.0,0.18,5.0,0.2,7.0,0.24,8.0,0.01,0.01,634.579642,1776381672000
1776381674.435,74.435,0.8,7.0,0.76,8.0,0.81,55.0,0.82,5.0,0.19,55.0,0.18,5.0,0.2,7.0,0.24,8.0,0.01,0.01,634.549401,1776381673000
1776381675.079,75.079,0.8,7.0,0.76,8.0,0.81,55.0,0.82,5.0,0.19,55.0,0.18,5.0,0.2,7.0,0.24,8.0,0.01,0.01,634.54583,1776381674000
1776381676.16,76.16,0.8,7.0,0.76,8.0,0.81,55.0,0.82,5.0,0.19,55.0,0.18,5.0,0.2,7.0,0.24,8.0,0.01,0.01,634.537421,1776381675000
1776381677.497,77.497,0.8,7.0,0.76,8.0,0.81,55.0,0.82,5.0,0.19,55.0,0.18,5.0,0.2,7.0,0.24,8.0,0.01,0.01,634.530118,1776381676000
1776381678.127,78.127,0.8,7.0,0.76,8.0,0.81,55.0,0.82,5.0,0.19,55.0,0.18,5.0,0.2,7.0,0.24,8.0,0.01,0.01,634.530118,1776381677000
1776381679.317,79.317,0.8,7.0,0.76,8.0,0.81,55.0,0.82,5.0,0.19,55.0,0.18,5.0,0.2,7.0,0.24,8.0,0.01,0.01,634.530117,1776381678000
1776381679.799,79.799,0.82,5.0,0.81,5.0,0.83,15.39,0.84,19.3,0.19,55.0,0.18,5.0,0.2,7.0,0.24,8.0,0.01,0.01,634.530117,1776381678000
1776381680.045,80.045,0.82,5.0,0.81,5.0,0.83,15.39,0.84,19.3,0.17,15.39,0.16,19.3,0.18,5.0,0.19,5.0,0.01,0.01,634.478911,1776381679000
1776381681.322,81.322,0.82,5.0,0.81,5.0,0.83,15.39,0.84,19.3,0.17,15.39,0.16,19.3,0.18,5.0,0.19,5.0,0.01,0.01,634.522529,1776381680000
1776381682.991,82.991,0.82,5.0,0.81,5.0,0.83,15.39,0.84,19.3,0.17,15.39,0.16,19.3,0.18,5.0,0.19,5.0,0.01,0.01,634.527518,1776381681000
1776381690.514,90.514,0.82,5.0,0.81,5.0,0.83,15.39,0.84,19.3,0.17,15.39,0.16,19.3,0.18,5.0,0.19,5.0,0.01,0.01,634.529884,1776381689000
1776381690.994,90.994,0.82,5.0,0.81,5.0,0.83,15.39,0.84,19.3,0.17,15.39,0.16,19.3,0.18,5.0,0.19,5.0,0.01,0.01,634.533652,1776381690000
1776381691.947,91.947,0.82,5.0,0.81,5.0,0.83,15.39,0.84,19.3,0.17,15.39,0.16,19.3,0.18,5.0,0.19,5.0,0.01,0.01,634.533694,1776381691000
1776381692.856,92.856,0.82,5.0,0.81,5.0,0.83,15.39,0.84,19.3,0.17,15.39,0.16,19.3,0.18,5.0,0.19,5.0,0.01,0.01,634.540584,1776381692000
1776381693.857,93.857,0.82,5.0,0.81,5.0,0.83,15.39,0.84,19.3,0.17,15.39,0.16,19.3,0.18,5.0,0.19,5.0,0.01,0.01,634.604356,1776381693000
1776381695.918,95.918,0.82,5.0,0.81,5.0,0.83,15.39,0.84,19.3,0.17,15.39,0.16,19.3,0.18,5.0,0.19,5.0,0.01,0.01,634.622715,1776381694000
1776381696.463,96.463,0.82,5.0,0.81,5.0,0.83,15.39,0.84,19.3,0.17,15.39,0.16,19.3,0.18,5.0,0.19,5.0,0.01,0.01,634.617631,1776381695000
1776381697.062,97.062,0.89,5.0,0.88,5.0,0.9,35.9,0.91,97.7,0.17,15.39,0.16,19.3,0.18,5.0,0.19,5.0,0.01,0.01,634.617631,1776381695000
1776381698.282,98.282,0.89,5.0,0.88,5.0,0.9,35.9,0.91,97.7,0.1,35.9,0.09,97.7,0.11,5.0,0.12,5.0,0.01,0.01,634.617336,1776381697000
1776381699.457,99.457,0.89,5.0,0.88,5.0,0.9,35.9,0.91,97.7,0.1,35.9,0.09,97.7,0.11,5.0,0.12,5.0,0.01,0.01,634.655758,1776381698000
1776381700.068,100.068,0.89,5.0,0.88,5.0,0.9,35.9,0.91,97.7,0.1,35.9,0.09,97.7,0.11,5.0,0.12,5.0,0.01,0.01,634.682954,1776381699000
1776381701.241,101.241,0.89,5.0,0.88,5.0,0.9,35.9,0.91,97.7,0.1,35.9,0.09,97.7,0.11,5.0,0.12,5.0,0.01,0.01,634.65,1776381700000
1776381702.435,102.435,0.89,5.0,0.88,5.0,0.9,35.9,0.91,97.7,0.1,35.9,0.09,97.7,0.11,5.0,0.12,5.0,0.01,0.01,634.646,1776381701000
1776381703.008,103.008,0.89,5.0,0.88,5.0,0.9,35.9,0.91,97.7,0.1,35.9,0.09,97.7,0.11,5.0,0.12,5.0,0.01,0.01,634.646,1776381702000
1776381704.079,104.079,0.89,5.0,0.88,5.0,0.9,35.9,0.91,97.7,0.1,35.9,0.09,97.7,0.11,5.0,0.12,5.0,0.01,0.01,634.663,1776381703000
1776381705.733,105.733,0.89,5.0,0.88,5.0,0.9,35.9,0.91,97.7,0.1,35.9,0.09,97.7,0.11,5.0,0.12,5.0,0.01,0.01,634.673219,1776381704000
1776381705.961,105.961,0.89,5.0,0.88,5.0,0.9,35.9,0.91,97.7,0.1,35.9,0.09,97.7,0.11,5.0,0.12,5.0,0.01,0.01,634.70143,1776381705000
1776381707.11,107.11,0.89,5.0,0.88,5.0,0.9,35.9,0.91,97.7,0.1,35.9,0.09,97.7,0.11,5.0,0.12,5.0,0.01,0.01,634.702968,1776381706000
1776381708.123,108.123,0.89,5.0,0.88,5.0,0.9,35.9,0.91,97.7,0.1,35.9,0.09,97.7,0.11,5.0,0.12,5.0,0.01,0.01,634.702,1776381707000
1776381709.238,109.238,0.89,5.0,0.88,5.0,0.9,35.9,0.91,97.7,0.1,35.9,0.09,97.7,0.11,5.0,0.12,5.0,0.01,0.01,634.68094,1776381708000
1776381710.722,110.722,0.89,5.0,0.88,5.0,0.9,35.9,0.91,97.7,0.1,35.9,0.09,97.7,0.11,5.0,0.12,5.0,0.01,0.01,634.70564,1776381709000
1776381711.405,111.405,0.89,5.0,0.88,5.0,0.9,35.9,0.91,97.7,0.1,35.9,0.09,97.7,0.11,5.0,0.12,5.0,0.01,0.01,634.704195,1776381710000
1776381712.298,112.298,0.89,5.0,0.88,5.0,0.9,35.9,0.91,97.7,0.1,35.9,0.09,97.7,0.11,5.0,0.12,5.0,0.01,0.01,634.70413,1776381711000
1776381713.139,113.139,0.89,5.0,0.88,5.0,0.9,35.9,0.91,97.7,0.1,35.9,0.09,97.7,0.11,5.0,0.12,5.0,0.01,0.01,634.701085,1776381712000
1776381714.252,114.252,0.89,5.0,0.88,5.0,0.9,35.9,0.91,97.7,0.1,35.9,0.09,97.7,0.11,5.0,0.12,5.0,0.01,0.01,634.710006,1776381713000
1776381715.562,115.562,0.89,5.0,0.88,5.0,0.9,35.9,0.91,97.7,0.1,35.9,0.09,97.7,0.11,5.0,0.12,5.0,0.01,0.01,634.73116,1776381714000
1776381716.448,116.448,0.89,5.0,0.88,5.0,0.9,35.9,0.91,97.7,0.1,35.9,0.09,97.7,0.11,5.0,0.12,5.0,0.01,0.01,634.73179,1776381715000
1776381717.052,117.052,0.89,5.0,0.88,5.0,0.9,35.9,0.91,97.7,0.1,35.9,0.09,97.7,0.11,5.0,0.12,5.0,0.01,0.01,634.7331,1776381716000
1776381718.373,118.373,0.89,5.0,0.88,5.0,0.9,35.9,0.91,97.7,0.1,35.9,0.09,97.7,0.11,5.0,0.12,5.0,0.01,0.01,634.73406,1776381717000
1776381719.525,119.525,0.89,5.0,0.88,5.0,0.9,35.9,0.91,97.7,0.1,35.9,0.09,97.7,0.11,5.0,0.12,5.0,0.01,0.01,634.739374,1776381718000
1776381720.266,120.266,0.89,5.0,0.88,5.0,0.9,35.9,0.91,97.7,0.1,35.9,0.09,97.7,0.11,5.0,0.12,5.0,0.01,0.01,634.73936,1776381719000
1776381721.697,121.697,0.89,5.0,0.88,5.0,0.9,35.9,0.91,97.7,0.1,35.9,0.09,97.7,0.11,5.0,0.12,5.0,0.01,0.01,634.7344,1776381720000
1776381722.321,122.321,0.89,5.0,0.88,5.0,0.9,35.9,0.91,97.7,0.1,35.9,0.09,97.7,0.11,5.0,0.12,5.0,0.01,0.01,634.73352,1776381721000
1776381723.847,123.847,0.89,5.0,0.88,5.0,0.9,35.9,0.91,97.7,0.1,35.9,0.09,97.7,0.11,5.0,0.12,5.0,0.01,0.01,634.6827,1776381722000
1776381724.631,124.631,0.89,5.0,0.88,5.0,0.9,35.9,0.91,97.7,0.1,35.9,0.09,97.7,0.11,5.0,0.12,5.0,0.01,0.01,634.702664,1776381723000
1776381725.401,125.401,0.89,5.0,0.88,5.0,0.9,35.9,0.91,97.7,0.1,35.9,0.09,97.7,0.11,5.0,0.12,5.0,0.01,0.01,634.714925,1776381724000
1776381726.689,126.689,0.89,5.0,0.88,5.0,0.9,35.9,0.91,97.7,0.1,35.9,0.09,97.7,0.11,5.0,0.12,5.0,0.01,0.01,634.71044,1776381725000
1776381727.374,127.374,0.89,5.0,0.88,5.0,0.9,35.9,0.91,97.7,0.1,35.9,0.09,97.7,0.11,5.0,0.12,5.0,0.01,0.01,634.71075,1776381726000
1776381728.306,128.306,0.89,5.0,0.88,5.0,0.9,35.9,0.91,97.7,0.1,35.9,0.09,97.7,0.11,5.0,0.12,5.0,0.01,0.01,634.711665,1776381727000
1776381728.847,128.847,0.89,5.0,0.88,5.0,0.9,35.9,0.91,97.7,0.1,35.9,0.09,97.7,0.11,5.0,0.12,5.0,0.01,0.01,634.70586,1776381728000
1776381729.88,129.88,0.89,5.0,0.88,5.0,0.9,35.9,0.91,97.7,0.1,35.9,0.09,97.7,0.11,5.0,0.12,5.0,0.01,0.01,634.70535,1776381729000
1776381730.939,130.939,0.89,5.0,0.88,5.0,0.9,35.9,0.91,97.7,0.1,35.9,0.09,97.7,0.11,5.0,0.12,5.0,0.01,0.01,634.70499,1776381730000
1776381731.999,131.999,0.89,5.0,0.88,5.0,0.9,35.9,0.91,97.7,0.1,35.9,0.09,97.7,0.11,5.0,0.12,5.0,0.01,0.01,634.710402,1776381731000
1776381733.035,133.035,0.89,5.0,0.88,5.0,0.9,35.9,0.91,97.7,0.1,35.9,0.09,97.7,0.11,5.0,0.12,5.0,0.01,0.01,634.710537,1776381732000
1776381734.12,134.12,0.89,5.0,0.88,5.0,0.9,35.9,0.91,97.7,0.1,35.9,0.09,97.7,0.11,5.0,0.12,5.0,0.01,0.01,634.721899,1776381733000
1776381735.186,135.186,0.89,5.0,0.88,5.0,0.9,35.9,0.91,97.7,0.1,35.9,0.09,97.7,0.11,5.0,0.12,5.0,0.01,0.01,634.727754,1776381734000
1776381736.217,136.217,0.89,5.0,0.88,5.0,0.9,35.9,0.91,97.7,0.1,35.9,0.09,97.7,0.11,5.0,0.12,5.0,0.01,0.01,634.71329,1776381735000
1776381737.161,137.161,0.89,5.0,0.88,5.0,0.9,35.9,0.91,97.7,0.1,35.9,0.09,97.7,0.11,5.0,0.12,5.0,0.01,0.01,634.72136,1776381736000
1776381738.314,138.314,0.89,5.0,0.88,5.0,0.9,35.9,0.91,97.7,0.1,35.9,0.09,97.7,0.11,5.0,0.12,5.0,0.01,0.01,634.714,1776381737000
1776381739.311,139.311,0.89,5.0,0.88,5.0,0.9,35.9,0.91,97.7,0.1,35.9,0.09,97.7,0.11,5.0,0.12,5.0,0.01,0.01,634.712491,1776381738000
1776381740.465,140.465,0.89,5.0,0.88,5.0,0.9,35.9,0.91,97.7,0.1,35.9,0.09,97.7,0.11,5.0,0.12,5.0,0.01,0.01,634.695896,1776381739000
1776381740.914,140.914,0.89,5.0,0.88,5.0,0.9,35.9,0.91,97.7,0.1,35.9,0.09,97.7,0.11,5.0,0.12,5.0,0.01,0.01,634.696687,1776381740000
1776381742.06,142.06,0.89,5.0,0.88,5.0,0.9,35.9,0.91,97.7,0.1,35.9,0.09,97.7,0.11,5.0,0.12,5.0,0.01,0.01,634.695214,1776381741000
1776381743.123,143.123,0.89,5.0,0.88,5.0,0.9,35.9,0.91,97.7,0.1,35.9,0.09,97.7,0.11,5.0,0.12,5.0,0.01,0.01,634.695333,1776381742000
1776381744.313,144.313,0.89,5.0,0.88,5.0,0.9,35.9,0.91,97.7,0.1,35.9,0.09,97.7,0.11,5.0,0.12,5.0,0.01,0.01,634.696172,1776381743000
1776381746.178,146.178,0.89,5.0,0.88,5.0,0.9,35.9,0.91,97.7,0.1,35.9,0.09,97.7,0.11,5.0,0.12,5.0,0.01,0.01,634.694625,1776381745000
1776381747.304,147.304,0.89,5.0,0.88,5.0,0.9,35.9,0.91,97.7,0.1,35.9,0.09,97.7,0.11,5.0,0.12,5.0,0.01,0.01,634.696375,1776381746000
1776381748.46,148.46,0.89,5.0,0.88,5.0,0.9,35.9,0.91,97.7,0.1,35.9,0.09,97.7,0.11,5.0,0.12,5.0,0.01,0.01,634.696203,1776381747000
1776381749.124,149.124,0.89,5.0,0.88,5.0,0.9,35.9,0.91,97.7,0.1,35.9,0.09,97.7,0.11,5.0,0.12,5.0,0.01,0.01,634.68014,1776381748000
1776381750.142,150.142,0.89,5.0,0.88,5.0,0.9,35.9,0.91,97.7,0.1,35.9,0.09,97.7,0.11,5.0,0.12,5.0,0.01,0.01,634.675,1776381749000
1776381751.296,151.296,0.89,5.0,0.88,5.0,0.9,35.9,0.91,97.7,0.1,35.9,0.09,97.7,0.11,5.0,0.12,5.0,0.01,0.01,634.675,1776381750000
1776381752.484,152.484,0.89,5.0,0.88,5.0,0.9,35.9,0.91,97.7,0.1,35.9,0.09,97.7,0.11,5.0,0.12,5.0,0.01,0.01,634.682137,1776381751000
1776381753.064,153.064,0.89,5.0,0.88,5.0,0.9,35.9,0.91,97.7,0.1,35.9,0.09,97.7,0.11,5.0,0.12,5.0,0.01,0.01,634.686,1776381752000
1776381754.232,154.232,0.89,5.0,0.88,5.0,0.9,35.9,0.91,97.7,0.1,35.9,0.09,97.7,0.11,5.0,0.12,5.0,0.01,0.01,634.695331,1776381753000
1776381754.47,154.47,0.89,5.0,0.88,5.0,0.9,1.23,0.91,11.0,0.1,35.9,0.09,97.7,0.11,5.0,0.12,5.0,0.01,0.01,634.695331,1776381753000
1776381755.392,155.392,0.89,5.0,0.88,5.0,0.9,1.23,0.91,11.0,0.1,1.23,0.09,11.0,0.11,5.0,0.12,5.0,0.01,0.01,634.681776,1776381754000
1776381756.455,156.455,0.89,5.0,0.88,5.0,0.9,1.23,0.91,11.0,0.1,1.23,0.09,11.0,0.11,5.0,0.12,5.0,0.01,0.01,634.681369,1776381755000
1776381757.605,157.605,0.89,5.0,0.88,5.0,0.9,1.23,0.91,11.0,0.1,1.23,0.09,11.0,0.11,5.0,0.12,5.0,0.01,0.01,634.681369,1776381756000
1776381758.606,158.606,0.89,5.0,0.88,5.0,0.9,1.23,0.91,11.0,0.1,1.23,0.09,11.0,0.11,5.0,0.12,5.0,0.01,0.01,634.680873,1776381757000
1776381759.363,159.363,0.89,5.0,0.88,5.0,0.9,1.23,0.91,11.0,0.1,1.23,0.09,11.0,0.11,5.0,0.12,5.0,0.01,0.01,634.681035,1776381758000
1776381759.956,159.956,0.89,5.0,0.88,5.0,0.9,1.23,0.91,11.0,0.1,1.23,0.09,11.0,0.11,5.0,0.12,5.0,0.01,0.01,634.70391,1776381759000
1776381761.431,161.431,0.89,5.0,0.88,5.0,0.9,1.23,0.91,11.0,0.1,1.23,0.09,11.0,0.11,5.0,0.12,5.0,0.01,0.01,634.709006,1776381760000
1776381762.001,162.001,0.89,5.0,0.88,5.0,0.9,1.23,0.91,11.0,0.1,1.23,0.09,11.0,0.11,5.0,0.12,5.0,0.01,0.01,634.707519,1776381761000
1776381763.543,163.543,0.89,5.0,0.88,5.0,0.9,1.23,0.91,11.0,0.1,1.23,0.09,11.0,0.11,5.0,0.12,5.0,0.01,0.01,634.690247,1776381762000
1776381764.12,164.12,0.89,5.0,0.88,5.0,0.9,1.23,0.91,11.0,0.1,1.23,0.09,11.0,0.11,5.0,0.12,5.0,0.01,0.01,634.68522,1776381763000
1776381765.423,165.423,0.89,5.0,0.88,5.0,0.9,1.23,0.91,11.0,0.1,1.23,0.09,11.0,0.11,5.0,0.12,5.0,0.01,0.01,634.687279,1776381764000
1776381766.082,166.082,0.89,5.0,0.88,5.0,0.9,1.23,0.91,11.0,0.1,1.23,0.09,11.0,0.11,5.0,0.12,5.0,0.01,0.01,634.682717,1776381765000
1776381767.465,167.465,0.89,5.0,0.88,5.0,0.9,1.23,0.91,11.0,0.1,1.23,0.09,11.0,0.11,5.0,0.12,5.0,0.01,0.01,634.666561,1776381766000
1776381768.043,168.043,0.8,1.9,0.79,5.0,0.82,5.0,0.83,5.0,0.13,4.71,0.12,5.0,0.15,5.0,0.16,5.0,0.02,0.02,634.666561,1776381766000
1776381769.454,169.454,0.8,1.9,0.79,5.0,0.82,5.0,0.83,5.0,0.18,5.0,0.17,5.0,0.2,1.9,0.21,5.0,0.02,0.02,634.525036,1776381768000
1776381770.039,170.039,0.8,1.9,0.79,5.0,0.82,5.0,0.83,5.0,0.18,5.0,0.17,5.0,0.2,1.9,0.21,5.0,0.02,0.02,634.50825,1776381769000
1776381770.877,170.877,0.83,5.0,0.82,5.0,0.87,26.9,0.88,29.6,0.18,5.0,0.17,5.0,0.2,1.9,0.21,5.0,0.04,0.02,634.50825,1776381769000
1776381771.391,171.391,0.83,5.0,0.82,5.0,0.87,26.9,0.88,29.6,0.13,26.9,0.12,29.6,0.17,5.0,0.18,5.0,0.04,0.04,634.50854,1776381770000
1776381772.035,172.035,0.83,5.0,0.82,5.0,0.87,26.9,0.88,29.6,0.13,26.9,0.12,29.6,0.17,5.0,0.18,5.0,0.04,0.04,634.51285,1776381771000
1776381773.346,173.346,0.83,5.0,0.82,5.0,0.87,26.9,0.88,29.6,0.13,26.9,0.12,29.6,0.17,5.0,0.18,5.0,0.04,0.04,634.52688,1776381772000
1776381773.998,173.998,0.83,5.0,0.82,5.0,0.87,26.9,0.88,29.6,0.13,26.9,0.12,29.6,0.17,5.0,0.18,5.0,0.04,0.04,634.52647,1776381773000
1776381775.235,175.235,0.83,5.0,0.82,5.0,0.87,26.9,0.88,29.6,0.13,26.9,0.12,29.6,0.17,5.0,0.18,5.0,0.04,0.04,634.52753,1776381774000
1776381775.981,175.981,0.83,5.0,0.82,5.0,0.87,26.9,0.88,29.6,0.13,26.9,0.12,29.6,0.17,5.0,0.18,5.0,0.04,0.04,634.527717,1776381775000
1776381777.449,177.449,0.83,5.0,0.82,5.0,0.87,26.9,0.88,29.6,0.13,26.9,0.12,29.6,0.17,5.0,0.18,5.0,0.04,0.04,634.5048,1776381776000
1776381778.064,178.064,0.83,5.0,0.82,5.0,0.87,26.9,0.88,29.6,0.13,26.9,0.12,29.6,0.17,5.0,0.18,5.0,0.04,0.04,634.50444,1776381777000
1776381779.53,179.53,0.83,5.0,0.82,5.0,0.87,26.9,0.88,29.6,0.13,26.9,0.12,29.6,0.17,5.0,0.18,5.0,0.04,0.04,634.50366,1776381778000
1776381780.244,180.244,0.83,5.0,0.82,5.0,0.87,26.9,0.88,29.6,0.13,26.9,0.12,29.6,0.17,5.0,0.18,5.0,0.04,0.04,634.516459,1776381779000
1776381781.518,181.518,0.83,5.0,0.82,5.0,0.87,26.9,0.88,29.6,0.13,26.9,0.12,29.6,0.17,5.0,0.18,5.0,0.04,0.04,634.53209,1776381780000
1776381782.285,182.285,0.83,5.0,0.82,5.0,0.87,26.9,0.88,29.6,0.13,26.9,0.12,29.6,0.17,5.0,0.18,5.0,0.04,0.04,634.5429,1776381781000
1776381782.744,182.744,0.86,5.0,0.85,5.0,0.9,27.13,0.91,42.7,0.13,26.9,0.12,29.6,0.17,5.0,0.18,5.0,0.04,0.04,634.5429,1776381781000
1776381783.621,183.621,0.86,5.0,0.85,5.0,0.9,27.13,0.91,42.7,0.1,27.13,0.09,42.7,0.14,5.0,0.15,5.0,0.04,0.04,634.50945,1776381782000
1776381784.324,184.324,0.86,5.0,0.85,5.0,0.9,27.13,0.91,42.7,0.1,27.13,0.09,42.7,0.14,5.0,0.15,5.0,0.04,0.04,634.54904,1776381783000
1776381785.765,185.765,0.86,5.0,0.85,5.0,0.9,27.13,0.91,42.7,0.1,27.13,0.09,42.7,0.14,5.0,0.15,5.0,0.04,0.04,634.51865,1776381784000
1776381786.414,186.414,0.86,5.0,0.85,5.0,0.9,27.13,0.91,42.7,0.1,27.13,0.09,42.7,0.14,5.0,0.15,5.0,0.04,0.04,634.55762,1776381785000
1776381787.228,187.228,0.86,5.0,0.85,5.0,0.9,27.13,0.91,42.7,0.1,27.13,0.09,42.7,0.14,5.0,0.15,5.0,0.04,0.04,634.537735,1776381786000
1776381787.879,187.879,0.89,5.0,0.88,5.0,0.91,11.0,0.92,12.0,0.1,27.13,0.09,42.7,0.14,5.0,0.15,5.0,0.02,0.04,634.537735,1776381786000
1776381788.511,188.511,0.89,5.0,0.88,5.0,0.91,11.0,0.92,12.0,0.09,11.0,0.08,12.0,0.11,5.0,0.12,5.0,0.02,0.02,634.537522,1776381787000
1776381789.244,189.244,0.89,5.0,0.88,5.0,0.91,11.0,0.92,12.0,0.09,11.0,0.08,12.0,0.11,5.0,0.12,5.0,0.02,0.02,634.58361,1776381788000
1776381790.769,190.769,0.89,5.0,0.88,5.0,0.91,11.0,0.92,12.0,0.09,11.0,0.08,12.0,0.11,5.0,0.12,5.0,0.02,0.02,634.590406,1776381789000
1776381791.445,191.445,0.89,5.0,0.88,5.0,0.91,11.0,0.92,12.0,0.09,11.0,0.08,12.0,0.11,5.0,0.12,5.0,0.02,0.02,634.594356,1776381790000
1776381792.308,192.308,0.89,5.0,0.88,5.0,0.91,11.0,0.92,12.0,0.09,11.0,0.08,12.0,0.11,5.0,0.12,5.0,0.02,0.02,634.59214,1776381791000
1776381793.404,193.404,0.89,5.0,0.88,5.0,0.91,11.0,0.92,12.0,0.09,11.0,0.08,12.0,0.11,5.0,0.12,5.0,0.02,0.02,634.591676,1776381792000
1776381793.918,193.918,0.89,5.0,0.88,5.0,0.91,11.0,0.92,12.0,0.09,11.0,0.08,12.0,0.11,5.0,0.12,5.0,0.02,0.02,634.59651,1776381793000
1776381795.024,195.024,0.89,5.0,0.88,5.0,0.91,11.0,0.92,12.0,0.09,11.0,0.08,12.0,0.11,5.0,0.12,5.0,0.02,0.02,634.584937,1776381794000
1776381796.115,196.115,0.89,5.0,0.88,5.0,0.91,11.0,0.92,12.0,0.09,11.0,0.08,12.0,0.11,5.0,0.12,5.0,0.02,0.02,634.597867,1776381795000
1776381797.156,197.156,0.89,5.0,0.88,5.0,0.91,11.0,0.92,12.0,0.09,11.0,0.08,12.0,0.11,5.0,0.12,5.0,0.02,0.02,634.595476,1776381796000
1776381798.199,198.199,0.89,5.0,0.88,5.0,0.91,11.0,0.92,12.0,0.09,11.0,0.08,12.0,0.11,5.0,0.12,5.0,0.02,0.02,634.58719,1776381797000
1776381799.23,199.23,0.89,5.0,0.88,5.0,0.91,11.0,0.92,12.0,0.09,11.0,0.08,12.0,0.11,5.0,0.12,5.0,0.02,0.02,634.592564,1776381798000
1776381799.774,199.774,0.9,5.0,0.89,31.6,0.91,5.0,0.92,17.0,0.09,11.0,0.08,12.0,0.11,5.0,0.12,5.0,0.01,0.02,634.592564,1776381798000
1776381800.263,200.263,0.9,5.0,0.89,31.6,0.91,5.0,0.92,17.0,0.09,5.0,0.08,17.0,0.1,5.0,0.11,31.6,0.01,0.01,634.587188,1776381799000
1776381800.555,200.555,0.9,5.0,0.89,31.6,0.91,3.9,0.92,17.0,0.09,5.0,0.08,17.0,0.1,5.0,0.11,31.6,0.01,0.01,634.587188,1776381799000
1776381800.829,200.829,0.9,5.0,0.89,31.6,0.91,3.9,0.92,17.0,0.09,3.9,0.08,17.0,0.1,5.0,0.11,31.6,0.01,0.01,634.586241,1776381800000
1776381801.975,201.975,0.9,5.0,0.89,31.6,0.91,3.9,0.92,17.0,0.09,3.9,0.08,17.0,0.1,5.0,0.11,31.6,0.01,0.01,634.584629,1776381801000
1776381803.179,203.179,0.9,5.0,0.89,31.6,0.91,3.9,0.92,17.0,0.09,3.9,0.08,17.0,0.1,5.0,0.11,31.6,0.01,0.01,634.581672,1776381802000
1776381804.009,204.009,0.9,5.0,0.89,31.6,0.91,3.9,0.92,17.0,0.09,3.9,0.08,17.0,0.1,5.0,0.11,31.6,0.01,0.01,634.580229,1776381803000
1776381805.047,205.047,0.9,5.0,0.89,31.6,0.91,3.9,0.92,17.0,0.09,3.9,0.08,17.0,0.1,5.0,0.11,31.6,0.01,0.01,634.580229,1776381804000
1776381806.102,206.102,0.9,5.0,0.89,31.6,0.91,3.9,0.92,17.0,0.09,3.9,0.08,17.0,0.1,5.0,0.11,31.6,0.01,0.01,634.569908,1776381805000
1776381807.207,207.207,0.9,5.0,0.89,31.6,0.91,3.9,0.92,17.0,0.09,3.9,0.08,17.0,0.1,5.0,0.11,31.6,0.01,0.01,634.554108,1776381806000
1776381808.676,208.676,0.9,5.0,0.89,31.6,0.91,3.9,0.92,17.0,0.09,3.9,0.08,17.0,0.1,5.0,0.11,31.6,0.01,0.01,634.561821,1776381807000
1776381809.197,209.197,0.9,5.0,0.89,31.6,0.91,3.9,0.92,17.0,0.09,3.9,0.08,17.0,0.1,5.0,0.11,31.6,0.01,0.01,634.582526,1776381808000
1776381810.381,210.381,0.9,5.0,0.89,31.6,0.91,3.9,0.92,17.0,0.09,3.9,0.08,17.0,0.1,5.0,0.11,31.6,0.01,0.01,634.587044,1776381809000
1776381811.078,211.078,0.9,5.0,0.89,31.6,0.91,3.9,0.92,17.0,0.09,3.9,0.08,17.0,0.1,5.0,0.11,31.6,0.01,0.01,634.586702,1776381810000
1776381812.525,212.525,0.9,5.0,0.89,31.6,0.91,3.9,0.92,17.0,0.09,3.9,0.08,17.0,0.1,5.0,0.11,31.6,0.01,0.01,634.586655,1776381811000
1776381813.059,213.059,0.91,29.7,0.9,33.9,0.92,12.0,0.93,14.0,0.08,12.0,0.07,14.0,0.09,29.7,0.1,33.9,0.01,0.01,634.58647,1776381812000
1776381814.266,214.266,0.91,29.7,0.9,33.9,0.92,12.0,0.93,14.0,0.08,12.0,0.07,14.0,0.09,29.7,0.1,33.9,0.01,0.01,634.58485,1776381813000
1776381815.466,215.466,0.91,29.7,0.9,33.9,0.92,12.0,0.93,14.0,0.08,12.0,0.07,14.0,0.09,29.7,0.1,33.9,0.01,0.01,634.58244,1776381814000
1776381816.082,216.082,0.91,29.7,0.9,33.9,0.92,12.0,0.93,14.0,0.08,12.0,0.07,14.0,0.09,29.7,0.1,33.9,0.01,0.01,634.578,1776381815000
1776381817.224,217.224,0.91,29.7,0.9,33.9,0.92,12.0,0.93,14.0,0.08,12.0,0.07,14.0,0.09,29.7,0.1,33.9,0.01,0.01,634.57392,1776381816000
1776381817.874,217.874,0.91,29.7,0.9,33.9,0.92,7.0,0.93,14.0,0.08,12.0,0.07,14.0,0.09,29.7,0.1,33.9,0.01,0.01,634.57392,1776381816000
1776381818.385,218.385,0.91,29.7,0.9,33.9,0.92,7.0,0.93,14.0,0.08,7.0,0.07,14.0,0.09,29.7,0.1,33.9,0.01,0.01,634.581,1776381817000
1776381818.979,218.979,0.91,29.7,0.9,33.9,0.92,7.0,0.93,14.0,0.08,7.0,0.07,14.0,0.09,29.7,0.1,33.9,0.01,0.01,634.574,1776381818000
1776381820.114,220.114,0.91,29.7,0.9,33.9,0.92,7.0,0.93,14.0,0.08,7.0,0.07,14.0,0.09,29.7,0.1,33.9,0.01,0.01,634.56603,1776381819000
1776381821.415,221.415,0.91,29.7,0.9,33.9,0.92,7.0,0.93,14.0,0.08,7.0,0.07,14.0,0.09,29.7,0.1,33.9,0.01,0.01,634.56775,1776381820000
1776381822.061,222.061,0.91,29.7,0.9,33.9,0.92,7.0,0.93,14.0,0.08,7.0,0.07,14.0,0.09,29.7,0.1,33.9,0.01,0.01,634.55505,1776381821000
1776381823.243,223.243,0.91,29.7,0.9,33.9,0.92,7.0,0.93,14.0,0.08,7.0,0.07,14.0,0.09,29.7,0.1,33.9,0.01,0.01,634.54151,1776381822000
1776381824.359,224.359,0.91,29.7,0.9,33.9,0.92,7.0,0.93,14.0,0.08,7.0,0.07,14.0,0.09,29.7,0.1,33.9,0.01,0.01,634.55839,1776381823000
1776381824.62,224.62,0.91,5.0,0.9,33.9,0.93,19.0,0.94,21.0,0.08,7.0,0.07,14.0,0.09,29.7,0.1,33.9,0.02,0.01,634.55839,1776381823000
1776381824.904,224.904,0.91,5.0,0.9,33.9,0.93,19.0,0.94,21.0,0.07,19.0,0.06,21.0,0.09,5.0,0.1,33.9,0.02,0.02,634.56786,1776381824000
1776381826.053,226.053,0.91,5.0,0.9,33.9,0.93,19.0,0.94,21.0,0.07,19.0,0.06,21.0,0.09,5.0,0.1,33.9,0.02,0.02,634.568,1776381825000
1776381827.194,227.194,0.91,5.0,0.9,33.9,0.93,19.0,0.94,21.0,0.07,19.0,0.06,21.0,0.09,5.0,0.1,33.9,0.02,0.02,634.54523,1776381826000
1776381828.308,228.308,0.91,5.0,0.9,33.9,0.93,19.0,0.94,21.0,0.07,19.0,0.06,21.0,0.09,5.0,0.1,33.9,0.02,0.02,634.571055,1776381827000
1776381829.491,229.491,0.91,5.0,0.9,33.9,0.93,19.0,0.94,21.0,0.07,19.0,0.06,21.0,0.09,5.0,0.1,33.9,0.02,0.02,634.571055,1776381828000
1776381830.036,230.036,0.91,5.0,0.9,33.9,0.93,19.0,0.94,21.0,0.07,19.0,0.06,21.0,0.09,5.0,0.1,33.9,0.02,0.02,634.571055,1776381829000
1776381831.177,231.177,0.91,5.0,0.9,33.9,0.93,19.0,0.94,21.0,0.07,19.0,0.06,21.0,0.09,5.0,0.1,33.9,0.02,0.02,634.571055,1776381830000
1776381832.285,232.285,0.91,5.0,0.9,33.9,0.93,19.0,0.94,21.0,0.07,19.0,0.06,21.0,0.09,5.0,0.1,33.9,0.02,0.02,634.592,1776381831000
1776381832.861,232.861,0.91,5.0,0.9,33.9,0.93,19.0,0.94,21.0,0.07,19.0,0.06,21.0,0.09,5.0,0.1,33.9,0.02,0.02,634.592486,1776381832000
1776381833.505,233.505,0.92,68.29,0.91,36.7,0.93,8.54,0.94,16.0,0.07,19.0,0.06,21.0,0.09,5.0,0.1,33.9,0.01,0.02,634.592486,1776381832000
1776381833.967,233.967,0.92,68.29,0.91,36.7,0.93,7.46,0.94,16.0,0.07,7.46,0.06,16.0,0.08,68.29,0.09,36.7,0.01,0.01,634.597,1776381833000
1776381835.034,235.034,0.92,68.29,0.91,36.7,0.93,7.46,0.94,16.0,0.07,7.46,0.06,16.0,0.08,68.29,0.09,36.7,0.01,0.01,634.599,1776381834000
1776381835.902,235.902,0.93,44.9,0.92,68.29,0.94,11.74,0.95,20.0,0.06,16.0,0.05,20.0,0.08,68.29,0.09,36.7,0.01,0.02,634.599,1776381834000
1776381836.233,236.233,0.93,44.9,0.92,68.29,0.94,11.74,0.95,20.0,0.06,11.74,0.05,20.0,0.07,44.9,0.08,68.29,0.01,0.01,634.603,1776381835000
1776381837.788,237.788,0.93,44.9,0.92,68.29,0.94,11.74,0.95,20.0,0.06,11.74,0.05,20.0,0.07,44.9,0.08,68.29,0.01,0.01,634.598,1776381836000
1776381838.26,238.26,0.93,44.9,0.92,68.29,0.94,11.74,0.95,20.0,0.06,11.74,0.05,20.0,0.07,44.9,0.08,68.29,0.01,0.01,634.605,1776381837000
1776381839.31,239.31,0.93,44.9,0.92,68.29,0.94,11.74,0.95,20.0,0.06,11.74,0.05,20.0,0.07,44.9,0.08,68.29,0.01,0.01,634.596,1776381838000
1776381840.234,240.234,0.93,44.9,0.92,68.29,0.94,11.74,0.95,20.0,0.06,11.74,0.05,20.0,0.07,44.9,0.08,68.29,0.01,0.01,634.598,1776381839000
1776381840.819,240.819,0.93,44.9,0.92,68.29,0.94,9.61,0.95,20.0,0.06,11.74,0.05,20.0,0.07,44.9,0.08,68.29,0.01,0.01,634.598,1776381839000
1776381841.107,241.107,0.93,44.9,0.92,68.29,0.94,3.29,0.95,20.0,0.06,9.61,0.05,20.0,0.07,44.9,0.08,68.29,0.01,0.01,634.598,1776381839000
1776381842.055,242.055,0.93,44.9,0.92,68.29,0.95,13.25,0.96,30.0,0.06,3.29,0.05,20.0,0.07,44.9,0.08,68.29,0.02,0.01,634.598,1776381840000
1776381842.449,242.449,0.94,51.1,0.93,44.9,0.95,11.7,0.96,30.0,0.05,13.25,0.04,30.0,0.07,44.9,0.08,68.29,0.01,0.02,634.612,1776381841000
1776381843.157,243.157,0.94,51.1,0.93,44.9,0.95,11.7,0.96,30.0,0.05,11.7,0.04,30.0,0.06,51.1,0.07,44.9,0.01,0.01,634.612,1776381842000
1776381844.051,244.051,0.94,51.1,0.93,44.9,0.95,11.7,0.96,30.0,0.05,11.7,0.04,30.0,0.06,51.1,0.07,44.9,0.01,0.01,634.698894,1776381843000
1776381844.312,244.312,0.94,100.1,0.93,44.9,0.96,30.0,0.97,38.0,0.05,11.7,0.04,30.0,0.06,51.1,0.07,44.9,0.02,0.01,634.698894,1776381843000
1776381845.01,245.01,0.94,100.1,0.93,44.9,0.96,30.0,0.97,38.0,0.04,30.0,0.03,38.0,0.06,100.1,0.07,44.9,0.02,0.02,634.70798,1776381844000
1776381845.974,245.974,0.94,100.1,0.93,44.9,0.96,30.0,0.97,38.0,0.04,30.0,0.03,38.0,0.06,100.1,0.07,44.9,0.02,0.02,634.70798,1776381845000
1776381846.379,246.379,0.95,64.7,0.94,100.1,0.96,24.8,0.97,38.0,0.04,30.0,0.03,38.0,0.06,100.1,0.07,44.9,0.01,0.02,634.70798,1776381845000
1776381847.057,247.057,0.95,64.7,0.94,100.1,0.96,24.8,0.97,38.0,0.04,24.8,0.03,38.0,0.05,64.7,0.06,100.1,0.01,0.01,634.711516,1776381846000
1776381848.045,248.045,0.95,64.7,0.94,100.1,0.96,23.75,0.97,38.0,0.04,23.75,0.03,38.0,0.05,64.7,0.06,100.1,0.01,0.01,634.714634,1776381847000
1776381848.889,248.889,0.95,64.7,0.94,100.1,0.96,16.05,0.97,38.0,0.04,16.05,0.03,38.0,0.05,64.7,0.06,100.1,0.01,0.01,634.722008,1776381848000
1776381849.419,249.419,0.95,64.7,0.94,100.1,0.96,6.27,0.97,38.0,0.04,16.05,0.03,38.0,0.05,64.7,0.06,100.1,0.01,0.01,634.722008,1776381848000
1776381850.308,250.308,0.95,64.7,0.94,100.1,0.96,6.27,0.97,38.0,0.04,6.27,0.03,38.0,0.05,64.7,0.06,100.1,0.01,0.01,634.720215,1776381849000
1776381850.835,250.835,0.95,64.7,0.94,100.1,0.96,6.27,0.97,38.0,0.04,6.27,0.03,38.0,0.05,64.7,0.06,100.1,0.01,0.01,634.73017,1776381850000
1776381851.066,251.066,0.95,64.7,0.94,100.1,0.97,38.0,0.98,65.0,0.04,6.27,0.03,38.0,0.05,64.7,0.06,100.1,0.02,0.01,634.73017,1776381850000
1776381851.517,251.517,0.96,110.7,0.95,64.7,0.97,22.69,0.98,65.0,0.03,38.0,0.02,65.0,0.05,64.7,0.06,100.1,0.01,0.02,634.73017,1776381850000
1776381851.941,251.941,0.96,110.7,0.95,64.7,0.97,22.69,0.98,65.0,0.03,22.69,0.02,65.0,0.04,110.7,0.05,64.7,0.01,0.01,634.735382,1776381851000
1776381852.49,252.49,0.96,110.7,0.95,64.7,0.97,17.69,0.98,65.0,0.03,22.69,0.02,65.0,0.04,110.7,0.05,64.7,0.01,0.01,634.735382,1776381851000
1776381852.975,252.975,0.96,110.7,0.95,64.7,0.97,17.69,0.98,65.0,0.03,17.69,0.02,65.0,0.04,110.7,0.05,64.7,0.01,0.01,634.720417,1776381852000
1776381853.609,253.609,0.96,110.7,0.95,64.7,0.97,16.65,0.98,65.0,0.03,17.69,0.02,65.0,0.04,110.7,0.05,64.7,0.01,0.01,634.720417,1776381852000
1776381853.965,253.965,0.96,110.7,0.95,64.7,0.97,16.65,0.98,65.0,0.03,16.65,0.02,65.0,0.04,110.7,0.05,64.7,0.01,0.01,634.720417,1776381853000
1776381855.094,255.094,0.96,110.7,0.95,64.7,0.97,16.65,0.98,65.0,0.03,16.65,0.02,65.0,0.04,110.7,0.05,64.7,0.01,0.01,634.737302,1776381854000
1776381855.45,255.45,0.96,110.7,0.95,64.7,0.97,10.53,0.98,65.0,0.03,16.65,0.02,65.0,0.04,110.7,0.05,64.7,0.01,0.01,634.737302,1776381854000
1776381856.234,256.234,0.96,110.7,0.95,64.7,0.97,10.53,0.98,65.0,0.03,10.53,0.02,65.0,0.04,110.7,0.05,64.7,0.01,0.01,634.739318,1776381855000
1776381857.143,257.143,0.96,110.7,0.95,64.7,0.98,24.53,0.99,205.0,0.03,10.53,0.02,65.0,0.04,110.7,0.05,64.7,0.02,0.01,634.739318,1776381855000
1776381857.535,257.535,0.96,110.7,0.95,64.7,0.98,12.53,0.99,205.0,0.02,24.53,0.01,205.0,0.04,110.7,0.05,64.7,0.02,0.02,634.743453,1776381856000
1776381858.498,258.498,0.96,110.7,0.95,64.7,0.98,12.53,0.99,205.0,0.02,12.53,0.01,205.0,0.04,110.7,0.05,64.7,0.02,0.02,634.740205,1776381857000
1776381858.953,258.953,0.96,110.7,0.95,64.7,0.98,12.53,0.99,205.0,0.02,12.53,0.01,205.0,0.04,110.7,0.05,64.7,0.02,0.02,634.82962,1776381858000
1776381859.22,259.22,0.97,99.3,0.96,110.7,0.99,200.42,,,0.02,10.53,0.01,205.0,0.03,99.3,0.04,110.7,0.02,0.01,634.82962,1776381858000
1776381860.087,260.087,0.97,99.3,0.96,110.7,0.99,200.42,,,0.01,200.42,,,0.03,99.3,0.04,110.7,0.02,0.02,634.82962,1776381859000
1776381860.414,260.414,0.98,147.78,0.97,99.3,0.99,195.37,,,0.01,200.42,,,0.03,99.3,0.04,110.7,0.01,0.02,634.82962,1776381859000
1776381860.917,260.917,0.98,141.6,0.97,99.3,0.99,175.17,,,0.01,175.17,,,0.02,147.78,0.03,99.3,0.01,0.01,634.82962,1776381859000
1776381861.143,261.143,0.98,141.6,0.97,99.3,0.99,175.17,,,0.01,175.17,,,0.02,141.6,0.03,99.3,0.01,0.01,634.811253,1776381860000
1776381861.405,261.405,0.98,141.6,0.97,99.3,0.99,174.06,,,0.01,175.17,,,0.02,141.6,0.03,99.3,0.01,0.01,634.811253,1776381860000
1776381861.617,261.617,0.98,141.6,0.97,99.3,0.99,169.01,,,0.01,174.06,,,0.02,141.6,0.03,99.3,0.01,0.01,634.811253,1776381860000
1776381862.223,262.223,0.98,141.6,0.97,99.3,0.99,164.57,,,0.01,164.57,,,0.02,141.6,0.03,99.3,0.01,0.01,634.91278,1776381861000
1776381862.965,262.965,0.98,141.6,0.97,99.3,0.99,139.32,,,0.01,164.57,,,0.02,141.6,0.03,99.3,0.01,0.01,634.91278,1776381861000
1776381863.378,263.378,0.98,141.6,0.97,99.3,0.99,139.32,,,0.01,139.32,,,0.02,141.6,0.03,99.3,0.01,0.01,635.117612,1776381862000
1776381863.653,263.653,0.99,168.69,0.98,141.6,,,,,0.01,139.32,,,0.02,141.6,0.03,99.3,,0.01,635.117612,1776381862000
1776381863.899,263.899,0.99,2465.26,0.98,141.6,,,,,,,,,0.01,675.69,0.02,141.6,,,635.117612,1776381862000
1776381864.169,264.169,0.99,2468.72,0.98,141.6,,,,,,,,,0.01,2465.26,0.02,141.6,,,635.117612,1776381862000
1776381864.429,264.429,0.99,2468.72,0.98,141.6,,,,,,,,,0.01,2468.72,0.02,141.6,,,635.087002,1776381863000
1776381865.006,265.006,0.99,2468.72,0.98,141.6,,,,,,,,,0.01,2468.72,0.02,141.6,,,635.119623,1776381864000
1776381865.33,265.33,0.99,2406.74,0.98,141.6,,,,,,,,,0.01,2468.72,0.02,141.6,,,635.119623,1776381864000
1776381866.014,266.014,0.99,2406.74,0.98,141.6,,,,,,,,,0.01,2406.74,0.02,141.6,,,635.401047,1776381865000
1776381867.035,267.035,0.99,2406.74,0.98,141.6,,,,,,,,,0.01,2406.74,0.02,141.6,,,635.402166,1776381866000
1776381868.063,268.063,0.99,2406.74,0.98,141.6,,,,,,,,,0.01,2406.74,0.02,141.6,,,635.421942,1776381867000
1776381869.05,269.05,0.99,2406.74,0.98,141.6,,,,,,,,,0.01,2406.74,0.02,141.6,,,635.448527,1776381868000
1776381869.396,269.396,0.99,1947.14,0.98,141.6,,,,,,,,,0.01,2406.74,0.02,141.6,,,635.448527,1776381868000
1776381869.727,269.727,0.99,1447.14,0.98,141.6,,,,,,,,,0.01,1947.14,0.02,141.6,,,635.448527,1776381868000
1776381870.115,270.115,0.99,947.14,0.98,141.6,,,,,,,,,0.01,1447.14,0.02,141.6,,,635.448527,1776381868000
1776381870.408,270.408,0.99,522.89,0.98,141.6,,,,,,,,,0.01,947.14,0.02,141.6,,,635.81,1776381869000
1776381870.71,270.71,0.99,27.89,0.98,141.6,,,,,,,,,0.01,522.89,0.02,141.6,,,635.81,1776381869000
1776381871.014,271.014,0.98,141.6,0.97,99.3,0.99,472.11,,,,,,,0.01,27.89,0.02,141.6,0.01,,635.81,1776381869000
1776381871.215,271.215,0.98,141.6,0.97,99.3,0.99,454.91,,,0.01,454.91,,,0.02,141.6,0.03,99.3,0.01,0.01,635.74783,1776381870000
1776381871.43,271.43,0.98,141.6,0.97,99.3,0.99,355.89,,,0.01,357.91,,,0.02,141.6,0.03,99.3,0.01,0.01,635.74783,1776381870000
1776381871.768,271.768,0.98,141.6,0.97,99.3,0.99,289.2,,,0.01,291.23,,,0.02,141.6,0.03,99.3,0.01,0.01,635.74783,1776381870000
1776381872.046,272.046,0.98,141.6,0.97,99.3,0.99,277.97,,,0.01,288.08,,,0.02,141.6,0.03,99.3,0.01,0.01,635.74783,1776381870000
1776381872.25,272.25,0.98,141.6,0.97,99.3,0.99,173.07,,,0.01,174.18,,,0.02,141.6,0.03,99.3,0.01,0.01,635.633908,1776381871000
1776381873.097,273.097,0.98,141.6,0.97,99.3,0.99,168.94,,,0.01,173.07,,,0.02,141.6,0.03,99.3,0.01,0.01,635.633908,1776381871000
1776381873.46,273.46,0.98,141.6,0.97,99.3,0.99,166.92,,,0.01,168.94,,,0.02,141.6,0.03,99.3,0.01,0.01,635.633527,1776381872000
1776381873.922,273.922,0.98,141.6,0.97,99.3,0.99,51.47,,,0.01,64.47,,,0.02,141.6,0.03,99.3,0.01,0.01,635.633527,1776381872000
1776381874.261,274.261,0.98,141.6,0.97,99.3,0.99,50.36,,,0.01,50.36,,,0.02,141.6,0.03,99.3,0.01,0.01,635.630541,1776381873000
1776381874.552,274.552,0.98,141.6,0.97,99.3,,,,,0.01,50.36,,,0.02,141.6,0.03,99.3,,0.01,635.630541,1776381873000
1776381875.27,275.27,0.98,141.6,0.97,99.3,,,,,,,,,0.02,141.6,0.03,99.3,,,635.633488,1776381874000
1776381876.213,276.213,0.99,512.96,0.98,8.91,,,,,,,,,0.01,512.96,0.02,8.91,,,635.683,1776381875000
1776381877.967,277.967,0.99,512.96,0.98,8.91,,,,,,,,,0.01,512.96,0.02,8.91,,,635.744795,1776381876000
1776381878.733,278.733,0.99,512.96,0.98,8.91,,,,,,,,,0.01,512.96,0.02,8.91,,,635.743713,1776381877000
1776381879.397,279.397,0.99,512.96,0.98,8.91,,,,,,,,,0.01,512.96,0.02,8.91,,,635.743001,1776381878000
1776381879.983,279.983,0.99,512.96,0.98,8.91,,,,,,,,,0.01,512.96,0.02,8.91,,,635.736295,1776381879000
1776381881.332,281.332,0.99,512.96,0.98,8.91,,,,,,,,,0.01,512.96,0.02,8.91,,,635.75971,1776381880000
1776381882.678,282.678,0.99,512.96,0.98,8.91,,,,,,,,,0.01,512.96,0.02,8.91,,,635.750784,1776381881000
1776381883.398,283.398,0.99,512.96,0.98,8.91,,,,,,,,,0.01,512.96,0.02,8.91,,,635.749035,1776381882000
1776381884.315,284.315,0.99,512.96,0.98,8.91,,,,,,,,,0.01,512.96,0.02,8.91,,,635.74845,1776381883000
1776381885.576,285.576,0.99,512.96,0.98,8.91,,,,,,,,,0.01,512.96,0.02,8.91,,,635.743014,1776381884000
1776381886.268,286.268,0.99,512.96,0.98,8.91,,,,,,,,,0.01,512.96,0.02,8.91,,,635.735377,1776381885000
1776381887.385,287.385,0.99,512.96,0.98,8.91,,,,,,,,,0.01,512.96,0.02,8.91,,,635.68571,1776381886000
1776381888.452,288.452,0.99,512.96,0.98,8.91,,,,,,,,,0.01,512.96,0.02,8.91,,,635.68503,1776381887000
1776381889.394,289.394,0.99,512.96,0.98,8.91,,,,,,,,,0.01,512.96,0.02,8.91,,,635.68483,1776381888000

# RESULT,winner=Up,slug=bnb-updown-5m-1776381600,ticks=341
