timestamp,elapsed_sec,up_bid_p1,up_bid_s1,up_bid_p2,up_bid_s2,up_ask_p1,up_ask_s1,up_ask_p2,up_ask_s2,down_bid_p1,down_bid_s1,down_bid_p2,down_bid_s2,down_ask_p1,down_ask_s1,down_ask_p2,down_ask_s2,up_spread,down_spread,bnb_price,bnb_oracle_ts
1776201301.34,1.34,,,,,,,,,,,,,,,,,,,614.935756,1776201300000
1776201301.579,1.579,0.33,300.0,0.31,375.0,0.5,5.0,0.67,300.0,0.5,5.0,0.33,300.0,0.67,300.0,0.69,375.0,0.17,0.17,614.935756,1776201300000
1776201301.873,1.873,0.33,300.0,0.31,375.0,0.5,5.0,0.67,300.0,0.5,5.0,0.33,300.0,0.67,300.0,0.69,375.0,0.17,0.17,614.935756,1776201300000
1776201302.224,2.224,0.33,300.0,0.31,375.0,0.5,5.0,0.67,300.0,0.5,5.0,0.33,300.0,0.67,300.0,0.69,375.0,0.17,0.17,614.93649,1776201301000
1776201303.259,3.259,0.33,300.0,0.31,375.0,0.5,5.0,0.67,300.0,0.5,5.0,0.33,300.0,0.67,300.0,0.69,375.0,0.17,0.17,614.93649,1776201302000
1776201304.316,4.316,0.33,300.0,0.31,375.0,0.5,5.0,0.67,300.0,0.5,5.0,0.33,300.0,0.67,300.0,0.69,375.0,0.17,0.17,614.93649,1776201303000
1776201305.345,5.345,0.33,300.0,0.31,375.0,0.5,5.0,0.67,300.0,0.5,5.0,0.33,300.0,0.67,300.0,0.69,375.0,0.17,0.17,614.936204,1776201304000
1776201306.277,6.277,0.33,300.0,0.31,375.0,0.5,5.0,0.67,300.0,0.5,5.0,0.33,300.0,0.67,300.0,0.69,375.0,0.17,0.17,614.936204,1776201305000
1776201307.392,7.392,0.33,300.0,0.31,375.0,0.5,5.0,0.67,300.0,0.5,5.0,0.33,300.0,0.67,300.0,0.69,375.0,0.17,0.17,614.935362,1776201306000
1776201307.847,7.847,0.33,300.0,0.31,375.0,0.5,5.0,0.67,300.0,0.5,5.0,0.33,300.0,0.67,300.0,0.69,375.0,0.17,0.17,614.935309,1776201307000
1776201308.861,8.861,0.33,300.0,0.31,375.0,0.5,5.0,0.67,300.0,0.5,5.0,0.33,300.0,0.67,300.0,0.69,375.0,0.17,0.17,614.936603,1776201308000
1776201309.99,9.99,0.33,300.0,0.31,375.0,0.5,5.0,0.67,300.0,0.5,5.0,0.33,300.0,0.67,300.0,0.69,375.0,0.17,0.17,614.936603,1776201309000
1776201310.908,10.908,0.33,300.0,0.31,375.0,0.5,5.0,0.67,300.0,0.5,5.0,0.33,300.0,0.67,300.0,0.69,375.0,0.17,0.17,614.938627,1776201310000
1776201311.896,11.896,0.33,300.0,0.31,375.0,0.5,5.0,0.67,300.0,0.5,5.0,0.33,300.0,0.67,300.0,0.69,375.0,0.17,0.17,614.938627,1776201311000
1776201312.318,12.318,0.46,5.0,0.45,5.0,0.47,2.34,0.55,10.0,0.5,5.0,0.33,300.0,0.67,300.0,0.69,375.0,0.01,0.17,614.938627,1776201311000
1776201312.918,12.918,0.46,5.0,0.45,5.0,0.47,2.34,0.55,10.0,0.53,2.34,0.45,10.0,0.54,5.0,0.55,5.0,0.01,0.01,614.937472,1776201312000
1776201314.023,14.023,0.46,5.0,0.45,5.0,0.47,2.34,0.55,10.0,0.53,2.34,0.45,10.0,0.54,5.0,0.55,5.0,0.01,0.01,614.937418,1776201313000
1776201315.367,15.367,0.46,5.0,0.45,5.0,0.47,6.34,0.56,10.0,0.53,2.34,0.45,10.0,0.54,5.0,0.55,5.0,0.01,0.01,614.937418,1776201313000
1776201315.696,15.696,0.46,5.0,0.45,5.0,0.47,0.34,0.56,10.0,0.53,0.34,0.44,10.0,0.54,5.0,0.55,5.0,0.01,0.01,614.937287,1776201314000
1776201316.234,16.234,0.46,5.0,0.45,5.0,0.47,0.34,0.56,10.0,0.53,0.34,0.44,10.0,0.54,5.0,0.55,5.0,0.01,0.01,614.94,1776201315000
1776201317.205,17.205,0.46,5.0,0.45,5.0,0.47,0.34,0.56,10.0,0.53,0.34,0.44,10.0,0.54,5.0,0.55,5.0,0.01,0.01,614.937287,1776201316000
1776201318.281,18.281,0.46,5.0,0.45,5.0,0.47,0.34,0.56,10.0,0.53,0.34,0.44,10.0,0.54,5.0,0.55,5.0,0.01,0.01,614.942,1776201317000
1776201319.384,19.384,0.46,5.0,0.45,5.0,0.47,0.34,0.56,10.0,0.53,0.34,0.44,10.0,0.54,5.0,0.55,5.0,0.01,0.01,614.942,1776201318000
1776201319.887,19.887,0.46,5.0,0.45,5.0,0.47,0.34,0.56,10.0,0.53,0.34,0.44,10.0,0.54,5.0,0.55,5.0,0.01,0.01,614.942,1776201319000
1776201320.852,20.852,0.46,5.0,0.45,5.0,0.47,0.34,0.56,10.0,0.53,0.34,0.44,10.0,0.54,5.0,0.55,5.0,0.01,0.01,614.94,1776201320000
1776201321.9,21.9,0.46,5.0,0.45,5.0,0.47,0.34,0.56,10.0,0.53,0.34,0.44,10.0,0.54,5.0,0.55,5.0,0.01,0.01,614.94,1776201321000
1776201322.933,22.933,0.46,5.0,0.45,5.0,0.47,0.34,0.56,10.0,0.53,0.34,0.44,10.0,0.54,5.0,0.55,5.0,0.01,0.01,614.944,1776201322000
1776201323.959,23.959,0.46,5.0,0.45,5.0,0.47,0.34,0.56,10.0,0.53,0.34,0.44,10.0,0.54,5.0,0.55,5.0,0.01,0.01,614.944,1776201323000
1776201325.01,25.01,0.46,5.0,0.45,5.0,0.47,0.34,0.56,10.0,0.53,0.34,0.44,10.0,0.54,5.0,0.55,5.0,0.01,0.01,614.947,1776201324000
1776201325.972,25.972,0.46,5.0,0.45,5.0,0.47,0.34,0.56,10.0,0.53,0.34,0.44,10.0,0.54,5.0,0.55,5.0,0.01,0.01,614.944,1776201325000
1776201326.918,26.918,0.46,5.0,0.45,5.0,0.47,0.34,0.56,10.0,0.53,0.34,0.44,10.0,0.54,5.0,0.55,5.0,0.01,0.01,614.944,1776201326000
1776201327.928,27.928,0.46,5.0,0.45,5.0,0.47,0.34,0.56,10.0,0.53,0.34,0.44,10.0,0.54,5.0,0.55,5.0,0.01,0.01,614.946,1776201327000
1776201329.428,29.428,0.46,5.0,0.45,5.0,0.47,0.34,0.56,10.0,0.53,0.34,0.44,10.0,0.54,5.0,0.55,5.0,0.01,0.01,614.945,1776201328000
1776201329.971,29.971,0.46,5.0,0.45,5.0,0.47,0.34,0.56,10.0,0.53,0.34,0.44,10.0,0.54,5.0,0.55,5.0,0.01,0.01,614.945,1776201329000
1776201331.177,31.177,0.46,5.0,0.45,5.0,0.47,0.34,0.56,10.0,0.53,0.34,0.44,10.0,0.54,5.0,0.55,5.0,0.01,0.01,614.943,1776201330000
1776201332.035,32.035,0.46,5.0,0.45,5.0,0.47,0.34,0.56,10.0,0.53,0.34,0.44,10.0,0.54,5.0,0.55,5.0,0.01,0.01,614.945,1776201331000
1776201333.136,33.136,0.46,5.0,0.45,5.0,0.47,0.34,0.56,10.0,0.53,0.34,0.44,10.0,0.54,5.0,0.55,5.0,0.01,0.01,614.943,1776201332000
1776201334.116,34.116,0.46,5.0,0.45,5.0,0.47,0.34,0.56,10.0,0.53,0.34,0.44,10.0,0.54,5.0,0.55,5.0,0.01,0.01,614.943,1776201333000
1776201335.104,35.104,0.46,5.0,0.45,5.0,0.47,0.34,0.56,10.0,0.53,0.34,0.44,10.0,0.54,5.0,0.55,5.0,0.01,0.01,614.945,1776201334000
1776201336.086,36.086,0.46,5.0,0.45,5.0,0.47,0.34,0.56,10.0,0.53,0.34,0.44,10.0,0.54,5.0,0.55,5.0,0.01,0.01,614.947,1776201335000
1776201337.096,37.096,0.46,5.0,0.45,5.0,0.47,0.34,0.56,10.0,0.53,0.34,0.44,10.0,0.54,5.0,0.55,5.0,0.01,0.01,614.948,1776201336000
1776201338.156,38.156,0.46,5.0,0.45,5.0,0.47,0.34,0.56,10.0,0.53,0.34,0.44,10.0,0.54,5.0,0.55,5.0,0.01,0.01,614.948,1776201337000
1776201339.23,39.23,0.46,5.0,0.45,5.0,0.47,0.34,0.56,10.0,0.53,0.34,0.44,10.0,0.54,5.0,0.55,5.0,0.01,0.01,614.948,1776201338000
1776201340.277,40.277,0.46,5.0,0.45,5.0,0.47,0.34,0.56,10.0,0.53,0.34,0.44,10.0,0.54,5.0,0.55,5.0,0.01,0.01,614.948,1776201339000
1776201341.253,41.253,0.46,5.0,0.45,5.0,0.47,0.34,0.56,10.0,0.53,0.34,0.44,10.0,0.54,5.0,0.55,5.0,0.01,0.01,614.948,1776201340000
1776201342.309,42.309,0.46,5.0,0.45,5.0,0.47,0.34,0.56,10.0,0.53,0.34,0.44,10.0,0.54,5.0,0.55,5.0,0.01,0.01,614.939034,1776201341000
1776201343.727,43.727,0.46,5.0,0.45,5.0,0.47,0.34,0.56,10.0,0.53,0.34,0.44,10.0,0.54,5.0,0.55,5.0,0.01,0.01,614.93903,1776201342000
1776201344.342,44.342,0.46,5.0,0.45,5.0,0.47,0.34,0.56,10.0,0.53,0.34,0.44,10.0,0.54,5.0,0.55,5.0,0.01,0.01,614.939,1776201343000
1776201345.454,45.454,0.46,5.0,0.45,5.0,0.47,0.34,0.56,10.0,0.53,0.34,0.44,10.0,0.54,5.0,0.55,5.0,0.01,0.01,614.938992,1776201344000
1776201346.16,46.16,0.46,5.0,0.45,5.0,0.47,0.34,0.56,10.0,0.53,0.34,0.44,10.0,0.54,5.0,0.55,5.0,0.01,0.01,614.938887,1776201345000
1776201347.335,47.335,0.46,5.0,0.45,5.0,0.47,0.34,0.56,10.0,0.53,0.34,0.44,10.0,0.54,5.0,0.55,5.0,0.01,0.01,614.938834,1776201346000
1776201347.973,47.973,0.46,5.0,0.45,5.0,0.47,0.34,0.56,10.0,0.53,0.34,0.44,10.0,0.54,5.0,0.55,5.0,0.01,0.01,614.938834,1776201347000
1776201349.076,49.076,0.46,5.0,0.45,5.0,0.47,0.34,0.56,10.0,0.53,0.34,0.44,10.0,0.54,5.0,0.55,5.0,0.01,0.01,614.938794,1776201348000
1776201350.295,50.295,0.46,5.0,0.45,5.0,0.47,0.34,0.56,10.0,0.53,0.34,0.44,10.0,0.54,5.0,0.55,5.0,0.01,0.01,614.938653,1776201349000
1776201351.507,51.507,0.46,5.0,0.45,5.0,0.47,0.34,0.56,10.0,0.53,0.34,0.44,10.0,0.54,5.0,0.55,5.0,0.01,0.01,614.938682,1776201350000
1776201352.209,52.209,0.46,5.0,0.45,5.0,0.47,0.34,0.56,10.0,0.53,0.34,0.44,10.0,0.54,5.0,0.55,5.0,0.01,0.01,614.938788,1776201351000
1776201353.299,53.299,0.46,5.0,0.45,5.0,0.47,0.34,0.56,10.0,0.53,0.34,0.44,10.0,0.54,5.0,0.55,5.0,0.01,0.01,614.938788,1776201352000
1776201354.42,54.42,0.46,5.0,0.45,5.0,0.47,0.34,0.56,10.0,0.53,0.34,0.44,10.0,0.54,5.0,0.55,5.0,0.01,0.01,614.938781,1776201353000
1776201355.083,55.083,0.46,5.0,0.45,5.0,0.47,0.34,0.56,10.0,0.53,0.34,0.44,10.0,0.54,5.0,0.55,5.0,0.01,0.01,614.938781,1776201354000
1776201356.226,56.226,0.46,5.0,0.45,5.0,0.47,0.34,0.56,10.0,0.53,0.34,0.44,10.0,0.54,5.0,0.55,5.0,0.01,0.01,614.939434,1776201355000
1776201358.039,58.039,0.46,5.0,0.45,5.0,0.47,0.34,0.56,10.0,0.53,0.34,0.44,10.0,0.54,5.0,0.55,5.0,0.01,0.01,614.938445,1776201356000
1776201358.873,58.873,0.46,5.0,0.45,5.0,0.47,0.34,0.56,10.0,0.53,0.34,0.44,10.0,0.54,5.0,0.55,5.0,0.01,0.01,614.938445,1776201357000
1776201359.614,59.614,0.46,5.0,0.45,5.0,0.47,0.34,0.56,10.0,0.53,0.34,0.44,10.0,0.54,5.0,0.55,5.0,0.01,0.01,614.93576,1776201358000
1776201360.304,60.304,0.46,5.0,0.45,5.0,0.47,0.34,0.56,10.0,0.53,0.34,0.44,10.0,0.54,5.0,0.55,5.0,0.01,0.01,614.935487,1776201359000
1776201361.295,61.295,0.46,5.0,0.45,5.0,0.47,0.34,0.56,10.0,0.53,0.34,0.44,10.0,0.54,5.0,0.55,5.0,0.01,0.01,614.935487,1776201360000
1776201362.056,62.056,0.46,5.0,0.45,5.0,0.47,0.34,0.56,10.0,0.53,0.34,0.44,10.0,0.54,5.0,0.55,5.0,0.01,0.01,614.935489,1776201361000
1776201363.407,63.407,0.46,5.0,0.45,5.0,0.47,0.34,0.56,10.0,0.53,0.34,0.44,10.0,0.54,5.0,0.55,5.0,0.01,0.01,614.935492,1776201362000
1776201363.989,63.989,0.46,5.0,0.45,5.0,0.47,0.34,0.56,10.0,0.53,0.34,0.44,10.0,0.54,5.0,0.55,5.0,0.01,0.01,614.935482,1776201363000
1776201365.56,65.56,0.46,5.0,0.45,5.0,0.47,0.34,0.56,10.0,0.53,0.34,0.44,10.0,0.54,5.0,0.55,5.0,0.01,0.01,614.933,1776201364000
1776201366.312,66.312,0.46,5.0,0.45,5.0,0.47,0.34,0.56,10.0,0.53,0.34,0.44,10.0,0.54,5.0,0.55,5.0,0.01,0.01,614.933,1776201365000
1776201367.696,67.696,0.46,5.0,0.45,5.0,0.47,0.34,0.56,10.0,0.53,0.34,0.44,10.0,0.54,5.0,0.55,5.0,0.01,0.01,614.931046,1776201366000
1776201368.449,68.449,0.46,5.0,0.45,5.0,0.47,0.34,0.56,10.0,0.53,0.34,0.44,10.0,0.54,5.0,0.55,5.0,0.01,0.01,614.931046,1776201367000
1776201369.265,69.265,0.46,5.0,0.45,5.0,0.47,0.34,0.56,10.0,0.53,0.34,0.44,10.0,0.54,5.0,0.55,5.0,0.01,0.01,614.935831,1776201368000
1776201370.047,70.047,0.46,5.0,0.45,5.0,0.47,0.34,0.56,10.0,0.53,0.34,0.44,10.0,0.54,5.0,0.55,5.0,0.01,0.01,614.935831,1776201369000
1776201371.63,71.63,0.46,5.0,0.45,5.0,0.47,0.34,0.56,10.0,0.53,0.34,0.44,10.0,0.54,5.0,0.55,5.0,0.01,0.01,614.935871,1776201370000
1776201372.352,72.352,0.46,5.0,0.45,5.0,0.47,0.34,0.56,10.0,0.53,0.34,0.44,10.0,0.54,5.0,0.55,5.0,0.01,0.01,614.936,1776201371000
1776201373.115,73.115,0.46,5.0,0.45,5.0,0.47,0.34,0.56,10.0,0.53,0.34,0.44,10.0,0.54,5.0,0.55,5.0,0.01,0.01,614.936,1776201372000
1776201374.789,74.789,0.46,5.0,0.45,5.0,0.47,0.34,0.56,10.0,0.53,0.34,0.44,10.0,0.54,5.0,0.55,5.0,0.01,0.01,614.933542,1776201373000
1776201375.559,75.559,0.46,5.0,0.45,5.0,0.47,0.34,0.56,10.0,0.53,0.34,0.44,10.0,0.54,5.0,0.55,5.0,0.01,0.01,614.933538,1776201374000
1776201376.361,76.361,0.46,5.0,0.45,5.0,0.47,0.34,0.56,10.0,0.53,0.34,0.44,10.0,0.54,5.0,0.55,5.0,0.01,0.01,614.933538,1776201375000
1776201377.443,77.443,0.46,5.0,0.45,5.0,0.47,0.34,0.56,10.0,0.53,0.34,0.44,10.0,0.54,5.0,0.55,5.0,0.01,0.01,614.937,1776201376000
1776201377.917,77.917,0.46,5.0,0.45,5.0,0.47,0.34,0.56,10.0,0.53,0.34,0.44,10.0,0.54,5.0,0.55,5.0,0.01,0.01,614.937,1776201377000
1776201378.85,78.85,0.46,5.0,0.45,5.0,0.47,0.34,0.56,10.0,0.53,0.34,0.44,10.0,0.54,5.0,0.55,5.0,0.01,0.01,614.937,1776201378000
1776201379.842,79.842,0.46,5.0,0.45,5.0,0.47,0.34,0.56,10.0,0.53,0.34,0.44,10.0,0.54,5.0,0.55,5.0,0.01,0.01,614.936,1776201379000
1776201381.288,81.288,0.46,5.0,0.45,5.0,0.47,0.34,0.56,10.0,0.53,0.34,0.44,10.0,0.54,5.0,0.55,5.0,0.01,0.01,614.935888,1776201380000
1776201382.22,82.22,0.46,5.0,0.45,5.0,0.47,0.34,0.56,10.0,0.53,0.34,0.44,10.0,0.54,5.0,0.55,5.0,0.01,0.01,614.935881,1776201381000
1776201383.149,83.149,0.46,5.0,0.45,5.0,0.47,0.34,0.56,10.0,0.53,0.34,0.44,10.0,0.54,5.0,0.55,5.0,0.01,0.01,614.935881,1776201382000
1776201384.081,84.081,0.46,5.0,0.45,5.0,0.47,0.34,0.56,10.0,0.53,0.34,0.44,10.0,0.54,5.0,0.55,5.0,0.01,0.01,614.937,1776201383000
1776201385.119,85.119,0.46,5.0,0.45,5.0,0.47,0.34,0.56,10.0,0.53,0.34,0.44,10.0,0.54,5.0,0.55,5.0,0.01,0.01,614.937,1776201384000
1776201386.089,86.089,0.46,5.0,0.45,5.0,0.47,0.34,0.56,10.0,0.53,0.34,0.44,10.0,0.54,5.0,0.55,5.0,0.01,0.01,614.945,1776201385000
1776201387.173,87.173,0.46,5.0,0.45,5.0,0.47,0.34,0.56,10.0,0.53,0.34,0.44,10.0,0.54,5.0,0.55,5.0,0.01,0.01,614.945,1776201386000
1776201388.132,88.132,0.46,5.0,0.45,5.0,0.47,0.34,0.56,10.0,0.53,0.34,0.44,10.0,0.54,5.0,0.55,5.0,0.01,0.01,614.946709,1776201387000
1776201389.084,89.084,0.46,5.0,0.45,5.0,0.47,0.34,0.56,10.0,0.53,0.34,0.44,10.0,0.54,5.0,0.55,5.0,0.01,0.01,614.947424,1776201388000
1776201390.011,90.011,0.46,5.0,0.45,5.0,0.47,0.34,0.56,10.0,0.53,0.34,0.44,10.0,0.54,5.0,0.55,5.0,0.01,0.01,614.950099,1776201389000
1776201391.094,91.094,0.46,5.0,0.45,5.0,0.47,0.34,0.56,10.0,0.53,0.34,0.44,10.0,0.54,5.0,0.55,5.0,0.01,0.01,614.950126,1776201390000
1776201392.045,92.045,0.46,5.0,0.45,5.0,0.47,0.34,0.56,10.0,0.53,0.34,0.44,10.0,0.54,5.0,0.55,5.0,0.01,0.01,614.950571,1776201391000
1776201392.969,92.969,0.46,5.0,0.45,5.0,0.47,0.34,0.56,10.0,0.53,0.34,0.44,10.0,0.54,5.0,0.55,5.0,0.01,0.01,614.950571,1776201392000
1776201394.004,94.004,0.46,5.0,0.45,5.0,0.47,0.34,0.56,10.0,0.53,0.34,0.44,10.0,0.54,5.0,0.55,5.0,0.01,0.01,614.949391,1776201393000
1776201394.968,94.968,0.46,5.0,0.45,5.0,0.47,0.34,0.56,10.0,0.53,0.34,0.44,10.0,0.54,5.0,0.55,5.0,0.01,0.01,614.949452,1776201394000
1776201395.996,95.996,0.46,5.0,0.45,5.0,0.47,0.34,0.56,10.0,0.53,0.34,0.44,10.0,0.54,5.0,0.55,5.0,0.01,0.01,614.946753,1776201395000
1776201396.993,96.993,0.46,5.0,0.45,5.0,0.47,0.34,0.56,10.0,0.53,0.34,0.44,10.0,0.54,5.0,0.55,5.0,0.01,0.01,614.946754,1776201396000
1776201397.981,97.981,0.46,5.0,0.45,5.0,0.47,0.34,0.56,10.0,0.53,0.34,0.44,10.0,0.54,5.0,0.55,5.0,0.01,0.01,614.946754,1776201397000
1776201398.259,98.259,0.35,5.0,0.34,5.0,0.48,5.0,0.51,5.0,0.53,0.34,0.44,10.0,0.54,5.0,0.55,5.0,0.13,0.01,614.946754,1776201397000
1776201398.99,98.99,0.35,5.0,0.34,5.0,0.48,5.0,0.51,5.0,0.52,5.0,0.49,5.0,0.65,5.0,0.66,5.0,0.13,0.13,614.94686,1776201398000
1776201400.03,100.03,0.35,5.0,0.34,5.0,0.48,5.0,0.51,5.0,0.52,5.0,0.49,5.0,0.65,5.0,0.66,5.0,0.13,0.13,614.94284,1776201399000
1776201401.051,101.051,0.35,5.0,0.34,5.0,0.48,5.0,0.51,5.0,0.52,5.0,0.49,5.0,0.65,5.0,0.66,5.0,0.13,0.13,614.858222,1776201400000
1776201401.309,101.309,0.36,2.46,0.35,5.0,0.45,15.0,0.47,5.0,0.52,5.0,0.49,5.0,0.65,5.0,0.66,5.0,0.09,0.13,614.858222,1776201400000
1776201402.071,102.071,0.36,2.46,0.35,5.0,0.45,15.0,0.47,5.0,0.55,15.0,0.53,5.0,0.64,2.46,0.65,5.0,0.09,0.09,614.86102,1776201401000
1776201402.957,102.957,0.36,2.46,0.35,5.0,0.45,15.0,0.47,5.0,0.55,15.0,0.53,5.0,0.64,2.46,0.65,5.0,0.09,0.09,614.850954,1776201402000
1776201404.059,104.059,0.36,2.46,0.35,5.0,0.45,15.0,0.47,5.0,0.55,15.0,0.53,5.0,0.64,2.46,0.65,5.0,0.09,0.09,614.849105,1776201403000
1776201405.075,105.075,0.36,2.46,0.35,5.0,0.45,15.0,0.47,5.0,0.55,15.0,0.53,5.0,0.64,2.46,0.65,5.0,0.09,0.09,614.847129,1776201404000
1776201406.088,106.088,0.36,2.46,0.35,5.0,0.45,15.0,0.47,5.0,0.55,15.0,0.53,5.0,0.64,2.46,0.65,5.0,0.09,0.09,614.847253,1776201405000
1776201407.236,107.236,0.36,2.46,0.35,5.0,0.45,15.0,0.47,5.0,0.55,15.0,0.53,5.0,0.64,2.46,0.65,5.0,0.09,0.09,614.847253,1776201406000
1776201408.161,108.161,0.36,2.46,0.35,5.0,0.45,15.0,0.47,5.0,0.55,15.0,0.53,5.0,0.64,2.46,0.65,5.0,0.09,0.09,614.847253,1776201407000
1776201409.259,109.259,0.36,2.46,0.35,5.0,0.45,15.0,0.47,5.0,0.55,15.0,0.53,5.0,0.64,2.46,0.65,5.0,0.09,0.09,614.847278,1776201408000
1776201410.254,110.254,0.36,2.46,0.35,5.0,0.45,15.0,0.47,5.0,0.55,15.0,0.53,5.0,0.64,2.46,0.65,5.0,0.09,0.09,614.847278,1776201409000
1776201411.334,111.334,0.36,2.46,0.35,5.0,0.45,15.0,0.47,5.0,0.55,15.0,0.53,5.0,0.64,2.46,0.65,5.0,0.09,0.09,614.850209,1776201410000
1776201412.294,112.294,0.36,2.46,0.35,5.0,0.45,15.0,0.47,5.0,0.55,15.0,0.53,5.0,0.64,2.46,0.65,5.0,0.09,0.09,614.8502,1776201411000
1776201413.302,113.302,0.36,2.46,0.35,5.0,0.45,15.0,0.47,5.0,0.55,15.0,0.53,5.0,0.64,2.46,0.65,5.0,0.09,0.09,614.850278,1776201412000
1776201414.413,114.413,0.36,2.46,0.35,5.0,0.45,15.0,0.47,5.0,0.55,15.0,0.53,5.0,0.64,2.46,0.65,5.0,0.09,0.09,614.854317,1776201413000
1776201414.907,114.907,0.36,2.46,0.35,5.0,0.45,15.0,0.47,5.0,0.55,15.0,0.53,5.0,0.64,2.46,0.65,5.0,0.09,0.09,614.854317,1776201414000
1776201416.566,116.566,0.36,2.46,0.35,5.0,0.45,15.0,0.47,5.0,0.55,15.0,0.53,5.0,0.64,2.46,0.65,5.0,0.09,0.09,614.850801,1776201415000
1776201417.144,117.144,0.36,2.46,0.35,5.0,0.45,15.0,0.47,5.0,0.55,15.0,0.53,5.0,0.64,2.46,0.65,5.0,0.09,0.09,614.851274,1776201416000
1776201418.292,118.292,0.36,2.46,0.35,5.0,0.45,15.0,0.47,5.0,0.55,15.0,0.53,5.0,0.64,2.46,0.65,5.0,0.09,0.09,614.851281,1776201417000
1776201419.351,119.351,0.36,2.46,0.35,5.0,0.45,15.0,0.47,5.0,0.55,15.0,0.53,5.0,0.64,2.46,0.65,5.0,0.09,0.09,614.851851,1776201418000
1776201419.877,119.877,0.36,2.46,0.35,5.0,0.45,15.0,0.47,5.0,0.55,15.0,0.53,5.0,0.64,2.46,0.65,5.0,0.09,0.09,614.851851,1776201419000
1776201421.024,121.024,0.36,2.46,0.35,5.0,0.45,15.0,0.47,5.0,0.55,15.0,0.53,5.0,0.64,2.46,0.65,5.0,0.09,0.09,614.848804,1776201420000
1776201421.853,121.853,0.33,4.0,0.3,12.4,0.45,25.5,0.46,10.5,0.55,15.0,0.53,5.0,0.64,2.46,0.65,5.0,0.12,0.09,614.848804,1776201420000
1776201422.155,122.155,0.33,4.0,0.3,12.4,0.45,25.5,0.46,10.5,0.55,25.5,0.54,10.5,0.67,4.0,0.7,12.4,0.12,0.12,614.848804,1776201421000
1776201423.229,123.229,0.33,4.0,0.3,12.4,0.45,25.5,0.46,10.5,0.55,25.5,0.54,10.5,0.67,4.0,0.7,12.4,0.12,0.12,614.847165,1776201422000
1776201424.286,124.286,0.33,4.0,0.3,12.4,0.45,25.5,0.46,10.5,0.55,25.5,0.54,10.5,0.67,4.0,0.7,12.4,0.12,0.12,614.85074,1776201423000
1776201425.026,125.026,0.33,4.0,0.3,12.4,0.45,25.5,0.46,10.5,0.55,25.5,0.54,10.5,0.67,4.0,0.7,12.4,0.12,0.12,614.850753,1776201424000
1776201426.132,126.132,0.33,4.0,0.3,12.4,0.45,25.5,0.46,10.5,0.55,25.5,0.54,10.5,0.67,4.0,0.7,12.4,0.12,0.12,614.84931,1776201425000
1776201427.126,127.126,0.33,4.0,0.3,12.4,0.45,25.5,0.46,10.5,0.55,25.5,0.54,10.5,0.67,4.0,0.7,12.4,0.12,0.12,614.849291,1776201426000
1776201428.255,128.255,0.33,4.0,0.3,12.4,0.45,25.5,0.46,10.5,0.55,25.5,0.54,10.5,0.67,4.0,0.7,12.4,0.12,0.12,614.850527,1776201427000
1776201429.402,129.402,0.33,4.0,0.3,12.4,0.45,25.5,0.46,10.5,0.55,25.5,0.54,10.5,0.67,4.0,0.7,12.4,0.12,0.12,614.846633,1776201428000
1776201431.009,131.009,0.33,4.0,0.3,12.4,0.45,25.5,0.46,10.5,0.55,25.5,0.54,10.5,0.67,4.0,0.7,12.4,0.12,0.12,614.850371,1776201429000
1776201431.479,131.479,0.33,4.0,0.3,12.4,0.45,25.5,0.46,10.5,0.55,25.5,0.54,10.5,0.67,4.0,0.7,12.4,0.12,0.12,614.850344,1776201430000
1776201432.193,132.193,0.33,4.0,0.3,12.4,0.45,25.5,0.46,10.5,0.55,25.5,0.54,10.5,0.67,4.0,0.7,12.4,0.12,0.12,614.850211,1776201431000
1776201433.844,133.844,0.19,12.04,0.18,17.6,0.27,12.0,0.34,5.0,0.55,25.5,0.54,10.5,0.67,4.0,0.7,12.4,0.08,0.12,614.850211,1776201431000
1776201434.389,134.389,0.19,10.69,0.18,17.6,0.27,12.0,0.33,5.0,0.73,12.0,0.66,5.0,0.81,12.04,0.82,17.6,0.08,0.08,614.84417,1776201432000
1776201434.872,134.872,0.19,10.69,0.18,17.6,0.27,12.0,0.33,5.0,0.73,12.0,0.67,5.0,0.81,10.69,0.82,17.6,0.08,0.08,614.844134,1776201433000
1776201435.935,135.935,0.19,10.69,0.18,17.6,0.27,12.0,0.33,5.0,0.73,12.0,0.67,5.0,0.81,10.69,0.82,17.6,0.08,0.08,614.804537,1776201434000
1776201436.562,136.562,0.18,12.6,0.17,18.39,0.27,12.0,0.33,5.0,0.73,12.0,0.67,5.0,0.82,12.6,0.83,18.39,0.09,0.09,614.739241,1776201435000
1776201437.436,137.436,0.18,12.6,0.17,18.39,0.27,12.0,0.33,5.0,0.73,12.0,0.67,5.0,0.82,12.6,0.83,18.39,0.09,0.09,614.742138,1776201436000
1776201438.378,138.378,0.18,12.6,0.17,18.39,0.27,12.0,0.33,5.0,0.73,12.0,0.67,5.0,0.82,12.6,0.83,18.39,0.09,0.09,614.742194,1776201437000
1776201439.099,139.099,0.18,12.6,0.17,18.39,0.27,12.0,0.33,5.0,0.73,12.0,0.67,5.0,0.82,12.6,0.83,18.39,0.09,0.09,614.742313,1776201438000
1776201440.678,140.678,0.18,12.6,0.17,18.39,0.27,12.0,0.33,5.0,0.73,12.0,0.67,5.0,0.82,12.6,0.83,18.39,0.09,0.09,614.70281,1776201439000
1776201441.289,141.289,0.18,12.6,0.17,18.39,0.27,12.0,0.33,5.0,0.73,12.0,0.67,5.0,0.82,12.6,0.83,18.39,0.09,0.09,614.699,1776201440000
1776201442.002,142.002,0.18,12.6,0.17,18.39,0.27,12.0,0.33,5.0,0.73,12.0,0.67,5.0,0.82,12.6,0.83,18.39,0.09,0.09,614.699,1776201441000
1776201443.568,143.568,0.18,12.6,0.17,18.39,0.27,12.0,0.33,5.0,0.73,12.0,0.67,5.0,0.82,12.6,0.83,18.39,0.09,0.09,614.709,1776201442000
1776201444.319,144.319,0.18,12.6,0.17,18.39,0.27,12.0,0.33,5.0,0.73,12.0,0.67,5.0,0.82,12.6,0.83,18.39,0.09,0.09,614.705,1776201443000
1776201445.665,145.665,0.18,12.6,0.17,18.39,0.27,12.0,0.33,5.0,0.73,12.0,0.67,5.0,0.82,12.6,0.83,18.39,0.09,0.09,614.711,1776201444000
1776201446.326,146.326,0.18,12.6,0.17,18.39,0.27,12.0,0.33,5.0,0.73,12.0,0.67,5.0,0.82,12.6,0.83,18.39,0.09,0.09,614.713,1776201445000
1776201446.963,146.963,0.18,12.6,0.17,18.39,0.27,12.0,0.33,5.0,0.73,12.0,0.67,5.0,0.82,12.6,0.83,18.39,0.09,0.09,614.713,1776201446000
1776201448.683,148.683,0.18,12.6,0.17,18.39,0.27,12.0,0.33,5.0,0.73,12.0,0.67,5.0,0.82,12.6,0.83,18.39,0.09,0.09,614.715,1776201447000
1776201449.475,149.475,0.18,12.6,0.17,18.39,0.27,12.0,0.33,5.0,0.73,12.0,0.67,5.0,0.82,12.6,0.83,18.39,0.09,0.09,614.715,1776201448000
1776201450.909,150.909,0.18,12.6,0.17,18.39,0.27,12.0,0.33,5.0,0.73,12.0,0.67,5.0,0.82,12.6,0.83,18.39,0.09,0.09,614.739,1776201449000
1776201451.648,151.648,0.18,12.6,0.17,18.39,0.27,12.0,0.33,5.0,0.73,12.0,0.67,5.0,0.82,12.6,0.83,18.39,0.09,0.09,614.737,1776201450000
1776201452.431,152.431,0.18,12.6,0.17,18.39,0.27,12.0,0.33,5.0,0.73,12.0,0.67,5.0,0.82,12.6,0.83,18.39,0.09,0.09,614.731,1776201451000
1776201453.113,153.113,0.18,12.6,0.17,18.39,0.27,12.0,0.33,5.0,0.73,12.0,0.67,5.0,0.82,12.6,0.83,18.39,0.09,0.09,614.732,1776201452000
1776201454.375,154.375,0.18,12.6,0.17,18.39,0.27,12.0,0.33,5.0,0.73,12.0,0.67,5.0,0.82,12.6,0.83,18.39,0.09,0.09,614.734,1776201453000
1776201454.99,154.99,0.18,12.6,0.17,18.39,0.27,12.0,0.33,5.0,0.73,12.0,0.67,5.0,0.82,12.6,0.83,18.39,0.09,0.09,614.734,1776201454000
1776201456.14,156.14,0.18,12.6,0.17,18.39,0.27,12.0,0.33,5.0,0.73,12.0,0.67,5.0,0.82,12.6,0.83,18.39,0.09,0.09,614.774656,1776201455000
1776201457.239,157.239,0.18,12.6,0.17,18.39,0.27,12.0,0.33,5.0,0.73,12.0,0.67,5.0,0.82,12.6,0.83,18.39,0.09,0.09,614.785987,1776201456000
1776201458.379,158.379,0.18,12.6,0.17,18.39,0.27,12.0,0.33,5.0,0.73,12.0,0.67,5.0,0.82,12.6,0.83,18.39,0.09,0.09,614.846469,1776201457000
1776201459.047,159.047,0.18,12.6,0.17,18.39,0.27,12.0,0.33,5.0,0.73,12.0,0.67,5.0,0.82,12.6,0.83,18.39,0.09,0.09,614.848,1776201458000
1776201460.22,160.22,0.18,12.6,0.17,18.39,0.27,12.0,0.33,5.0,0.73,12.0,0.67,5.0,0.82,12.6,0.83,18.39,0.09,0.09,614.848,1776201459000
1776201461.389,161.389,0.18,12.6,0.17,18.39,0.27,12.0,0.33,5.0,0.73,12.0,0.67,5.0,0.82,12.6,0.83,18.39,0.09,0.09,614.831,1776201460000
1776201461.992,161.992,0.18,12.6,0.17,18.39,0.27,12.0,0.33,5.0,0.73,12.0,0.67,5.0,0.82,12.6,0.83,18.39,0.09,0.09,614.83259,1776201461000
1776201462.805,162.805,0.28,10.0,0.27,13.2,0.36,4.16,0.4,5.0,0.73,12.0,0.67,5.0,0.82,12.6,0.83,18.39,0.08,0.09,614.83259,1776201461000
1776201463.107,163.107,0.28,10.0,0.27,13.2,0.36,4.16,0.4,5.0,0.64,4.16,0.6,5.0,0.72,10.0,0.73,13.2,0.08,0.08,614.82563,1776201462000
1776201464.24,164.24,0.28,10.0,0.27,13.2,0.36,4.16,0.4,5.0,0.64,4.16,0.6,5.0,0.72,10.0,0.73,13.2,0.08,0.08,614.80277,1776201463000
1776201465.474,165.474,0.28,10.0,0.27,13.2,0.36,4.16,0.4,5.0,0.64,4.16,0.6,5.0,0.72,10.0,0.73,13.2,0.08,0.08,614.81952,1776201464000
1776201466.784,166.784,0.28,10.0,0.27,13.2,0.36,4.16,0.4,5.0,0.64,4.16,0.6,5.0,0.72,10.0,0.73,13.2,0.08,0.08,614.79289,1776201465000
1776201467.527,167.527,0.28,10.0,0.27,13.2,0.36,4.16,0.4,5.0,0.64,4.16,0.6,5.0,0.72,10.0,0.73,13.2,0.08,0.08,614.80064,1776201466000
1776201468.28,168.28,0.28,10.0,0.27,13.2,0.36,4.16,0.4,5.0,0.64,4.16,0.6,5.0,0.72,10.0,0.73,13.2,0.08,0.08,614.79858,1776201467000
1776201469.265,169.265,0.28,10.0,0.27,13.2,0.36,4.16,0.4,5.0,0.64,4.16,0.6,5.0,0.72,10.0,0.73,13.2,0.08,0.08,614.807,1776201468000
1776201471.194,171.194,0.28,10.0,0.27,13.2,0.36,4.16,0.4,5.0,0.64,4.16,0.6,5.0,0.72,10.0,0.73,13.2,0.08,0.08,614.815,1776201469000
1776201472.147,172.147,0.28,10.0,0.27,13.2,0.36,4.16,0.4,5.0,0.64,4.16,0.6,5.0,0.72,10.0,0.73,13.2,0.08,0.08,614.795,1776201470000
1776201472.926,172.926,0.28,10.0,0.27,13.2,0.36,4.16,0.4,5.0,0.64,4.16,0.6,5.0,0.72,10.0,0.73,13.2,0.08,0.08,614.801,1776201471000
1776201473.682,173.682,0.28,10.0,0.27,13.2,0.36,4.16,0.4,5.0,0.64,4.16,0.6,5.0,0.72,10.0,0.73,13.2,0.08,0.08,614.804,1776201472000
1776201474.828,174.828,0.28,10.0,0.27,13.2,0.36,4.16,0.4,5.0,0.64,4.16,0.6,5.0,0.72,10.0,0.73,13.2,0.08,0.08,614.803,1776201473000
1776201475.877,175.877,0.28,10.0,0.27,13.2,0.36,4.16,0.4,5.0,0.64,4.16,0.6,5.0,0.72,10.0,0.73,13.2,0.08,0.08,614.803,1776201474000
1776201476.739,176.739,0.28,10.0,0.27,13.2,0.36,4.16,0.4,5.0,0.64,4.16,0.6,5.0,0.72,10.0,0.73,13.2,0.08,0.08,614.802,1776201475000
1776201477.604,177.604,0.28,10.0,0.27,13.2,0.36,4.16,0.4,5.0,0.64,4.16,0.6,5.0,0.72,10.0,0.73,13.2,0.08,0.08,614.801,1776201476000
1776201478.299,178.299,0.28,10.0,0.27,13.2,0.36,4.16,0.4,5.0,0.64,4.16,0.6,5.0,0.72,10.0,0.73,13.2,0.08,0.08,614.804,1776201477000
1776201479.498,179.498,0.28,10.0,0.27,13.2,0.36,4.16,0.4,5.0,0.64,4.16,0.6,5.0,0.72,10.0,0.73,13.2,0.08,0.08,614.811,1776201478000
1776201480.072,180.072,0.28,10.0,0.27,13.2,0.36,4.16,0.4,5.0,0.64,4.16,0.6,5.0,0.72,10.0,0.73,13.2,0.08,0.08,614.811,1776201479000
1776201481.703,181.703,0.28,10.0,0.27,13.2,0.36,4.16,0.4,5.0,0.64,4.16,0.6,5.0,0.72,10.0,0.73,13.2,0.08,0.08,614.778,1776201480000
1776201482.404,182.404,0.28,10.0,0.27,13.2,0.36,4.16,0.4,5.0,0.64,4.16,0.6,5.0,0.72,10.0,0.73,13.2,0.08,0.08,614.773,1776201481000
1776201500.651,200.651,0.16,7.04,0.15,5.0,0.24,14.3,0.25,13.9,0.64,4.16,0.6,5.0,0.72,10.0,0.73,13.2,0.08,0.08,614.773,1776201481000
1776201545.714,245.714,0.12,24.6,0.11,26.6,0.21,15.7,0.22,15.2,0.76,14.3,0.75,13.9,0.84,7.04,0.85,5.0,0.09,0.08,614.773,1776201481000
1776201566.85,266.85,0.05,49.7,0.04,72.7,0.1,28.9,0.11,26.6,0.79,15.7,0.78,15.2,0.88,24.6,0.89,26.6,0.05,0.09,614.773,1776201481000
1776201570.534,270.534,0.05,38.9,0.04,72.7,0.09,63.4,0.1,28.9,0.9,28.9,0.89,26.6,0.95,49.7,0.96,72.7,0.04,0.05,614.773,1776201481000
1776201572.27,272.27,0.05,49.64,0.04,72.7,0.09,63.4,0.1,28.9,0.91,63.4,0.9,28.9,0.95,38.9,0.96,72.7,0.04,0.04,614.773,1776201481000
1776201575.531,275.531,0.02,10.0,0.01,510.0,0.21,50.0,0.31,50.0,0.91,63.4,0.9,28.9,0.95,49.64,0.96,72.7,0.19,0.04,614.773,1776201481000
1776201576.027,276.027,0.02,5.0,0.01,510.0,0.21,50.0,0.31,50.0,0.79,50.0,0.69,50.0,0.98,10.0,0.99,510.0,0.19,0.19,614.773,1776201481000
1776201579.079,279.079,0.01,510.0,,,0.21,50.0,0.31,50.0,0.79,50.0,0.69,50.0,0.98,5.0,0.99,510.0,0.2,0.19,614.773,1776201481000
1776201582.343,282.343,0.01,505.0,,,0.21,62.0,0.27,10.0,0.79,50.0,0.69,50.0,0.99,510.0,,,0.2,0.2,614.773,1776201481000
1776201585.718,285.718,0.01,420.0,,,0.21,62.0,0.27,10.0,0.79,62.0,0.73,10.0,0.99,505.0,,,0.2,0.2,614.773,1776201481000
1776201588.954,288.954,0.01,415.0,,,0.21,62.0,0.3,10.0,0.79,62.0,0.73,10.0,0.99,420.0,,,0.2,0.2,614.773,1776201481000
1776201592.303,292.303,0.01,310.0,,,0.11,50.0,0.21,50.0,0.79,62.0,0.7,10.0,0.99,415.0,,,0.1,0.2,614.773,1776201481000
1776201593.649,293.649,0.01,189.79,,,0.11,50.0,0.21,50.0,0.89,50.0,0.79,50.0,0.99,310.0,,,0.1,0.1,614.773,1776201481000
1776201597.31,297.31,0.01,154.73,,,0.11,50.0,0.21,50.0,0.89,50.0,0.79,50.0,0.99,189.79,,,0.1,0.1,614.773,1776201481000
1776201597.525,297.525,0.01,98.27,,,0.11,50.0,0.21,50.0,0.89,50.0,0.79,50.0,0.99,103.32,,,0.1,0.1,614.773,1776201481000
1776201597.945,297.945,0.01,42.82,,,0.11,50.0,0.21,50.0,0.89,50.0,0.79,50.0,0.99,52.82,,,0.1,0.1,614.773,1776201481000
1776201598.644,298.644,,,,,0.01,0.42,0.11,50.0,0.99,6.18,0.89,50.0,,,,,,,614.773,1776201481000

# RESULT,winner=Down,slug=bnb-updown-5m-1776201300,ticks=208
