timestamp,elapsed_sec,up_bid_p1,up_bid_s1,up_bid_p2,up_bid_s2,up_ask_p1,up_ask_s1,up_ask_p2,up_ask_s2,down_bid_p1,down_bid_s1,down_bid_p2,down_bid_s2,down_ask_p1,down_ask_s1,down_ask_p2,down_ask_s2,up_spread,down_spread,bnb_price,bnb_oracle_ts
1776352201.009,1.009,0.48,7.29,0.41,37.0,0.49,0.91,0.59,37.0,0.51,0.91,0.41,37.0,0.52,7.29,0.59,37.0,0.01,0.01,621.826,1776352200000
1776352202.266,2.266,0.48,7.29,0.41,37.0,0.49,0.91,0.59,37.0,0.51,0.91,0.41,37.0,0.52,7.29,0.59,37.0,0.01,0.01,621.826,1776352201000
1776352202.996,2.996,0.48,7.29,0.41,37.0,0.49,0.91,0.59,37.0,0.51,0.91,0.41,37.0,0.52,7.29,0.59,37.0,0.01,0.01,621.851,1776352202000
1776352203.741,3.741,0.48,12.29,0.47,5.0,0.55,5.0,0.56,5.0,0.51,0.91,0.41,37.0,0.52,7.29,0.59,37.0,0.07,0.01,621.851,1776352202000
1776352204.105,4.105,0.48,12.29,0.47,5.0,0.55,5.0,0.56,5.0,0.45,5.0,0.44,5.0,0.52,12.29,0.53,5.0,0.07,0.07,621.851309,1776352203000
1776352205.179,5.179,0.48,12.29,0.47,5.0,0.55,5.0,0.56,5.0,0.45,5.0,0.44,5.0,0.52,12.29,0.53,5.0,0.07,0.07,621.9,1776352204000
1776352205.83,5.83,0.52,7.0,0.51,5.0,0.53,5.0,0.54,5.0,0.45,5.0,0.44,5.0,0.52,12.29,0.53,5.0,0.01,0.07,621.9,1776352204000
1776352206.217,6.217,0.52,7.0,0.51,5.0,0.53,5.0,0.54,5.0,0.47,5.0,0.46,5.0,0.48,7.0,0.49,5.0,0.01,0.01,621.911,1776352205000
1776352207.2,7.2,0.52,7.0,0.51,5.0,0.53,5.0,0.54,5.0,0.47,5.0,0.46,5.0,0.48,7.0,0.49,5.0,0.01,0.01,621.908,1776352206000
1776352208.197,8.197,0.52,7.0,0.51,5.0,0.53,5.0,0.54,5.0,0.47,5.0,0.46,5.0,0.48,7.0,0.49,5.0,0.01,0.01,621.901756,1776352207000
1776352209.256,9.256,0.52,7.0,0.51,5.0,0.53,5.0,0.54,5.0,0.47,5.0,0.46,5.0,0.48,7.0,0.49,5.0,0.01,0.01,621.901756,1776352208000
1776352210.341,10.341,0.57,5.0,0.56,5.0,0.58,2.0,0.59,5.0,0.42,2.0,0.41,5.0,0.43,5.0,0.44,5.0,0.01,0.01,621.941244,1776352209000
1776352218.374,18.374,0.61,10.0,0.6,5.0,0.62,2.0,0.63,5.0,0.42,2.0,0.41,5.0,0.43,5.0,0.44,5.0,0.01,0.01,622.03379,1776352216000
1776352218.802,18.802,0.71,5.0,0.7,5.0,0.73,0.93,0.74,5.0,0.38,2.0,0.37,5.0,0.39,10.0,0.4,5.0,0.02,0.01,622.036934,1776352217000
1776352219.308,19.308,0.73,5.0,0.72,10.0,0.76,5.0,0.77,5.0,0.27,0.93,0.26,5.0,0.29,5.0,0.3,5.0,0.03,0.02,622.037669,1776352218000
1776352220.513,20.513,0.75,10.0,0.74,20.0,0.78,5.0,0.79,5.0,0.24,5.0,0.23,5.0,0.27,5.0,0.28,10.0,0.03,0.03,622.13589,1776352219000
1776352224.172,24.172,0.81,5.0,0.8,5.0,0.83,2.0,0.84,5.0,0.22,5.0,0.21,5.0,0.25,10.0,0.26,20.0,0.02,0.03,622.40921,1776352222000
1776352225.616,25.616,0.81,5.0,0.8,20.0,0.83,4.0,0.84,5.0,0.17,2.0,0.16,5.0,0.19,5.0,0.2,5.0,0.02,0.02,622.427252,1776352224000
1776352227.434,27.434,0.8,15.0,0.79,5.0,0.81,3.76,0.82,5.0,0.17,4.0,0.16,5.0,0.19,5.0,0.2,20.0,0.01,0.02,622.588672,1776352226000
1776352229.697,29.697,0.74,7.0,0.73,5.0,0.75,5.0,0.76,5.0,0.19,3.76,0.18,5.0,0.21,5.0,0.22,10.0,0.01,0.02,622.594,1776352228000
1776352239.173,39.173,0.75,27.1,0.74,2.0,0.77,5.0,0.78,5.0,0.25,5.0,0.24,5.0,0.26,7.0,0.27,5.0,0.02,0.01,622.474302,1776352237000
1776352245.298,45.298,0.76,11.36,0.75,5.0,0.77,5.0,0.78,5.0,0.23,5.0,0.22,5.0,0.25,27.1,0.26,2.0,0.01,0.02,622.39638,1776352244000
1776352246.804,46.804,0.77,5.0,0.76,21.36,0.78,2.0,0.79,5.0,0.23,5.0,0.22,5.0,0.24,11.36,0.25,5.0,0.01,0.01,622.401332,1776352245000
1776352252.434,52.434,0.81,5.0,0.8,5.0,0.82,19.6,0.83,22.39,0.22,2.0,0.21,5.0,0.23,5.0,0.24,21.36,0.01,0.01,622.415658,1776352251000
1776352254.454,54.454,0.79,12.0,0.78,10.0,0.8,5.0,0.81,21.89,0.18,19.6,0.17,22.39,0.19,5.0,0.2,5.0,0.01,0.01,622.467829,1776352253000
1776352256.673,56.673,0.79,17.0,0.78,5.0,0.8,11.2,0.81,16.89,0.2,5.0,0.19,21.89,0.21,12.0,0.22,10.0,0.01,0.01,622.45252,1776352255000
1776352260.001,60.001,0.79,9.0,0.76,11.36,0.8,16.2,0.81,21.89,0.2,11.2,0.19,16.89,0.21,17.0,0.22,5.0,0.01,0.01,622.415553,1776352258000
1776352261.116,61.116,0.79,11.0,0.76,11.36,0.8,121.2,0.81,21.89,0.2,16.2,0.19,21.89,0.21,9.0,0.24,11.36,0.01,0.01,622.410702,1776352259000
1776352261.496,61.496,0.79,1.0,0.76,11.36,0.8,126.2,0.81,21.89,0.2,121.2,0.19,21.89,0.21,11.0,0.24,11.36,0.01,0.01,622.40294,1776352260000
1776352267.747,67.747,0.76,11.36,0.73,5.0,0.8,121.2,0.81,21.89,0.2,126.2,0.19,21.89,0.21,1.0,0.24,11.36,0.04,0.01,622.317287,1776352266000
1776352271.39,71.39,0.71,5.0,0.7,5.0,0.77,19.7,0.78,20.2,0.23,5.0,0.22,5.0,0.24,1.36,0.27,5.0,0.06,0.01,622.266,1776352270000
1776352271.943,71.943,0.69,5.0,0.68,5.0,0.72,3.68,0.73,5.0,0.27,5.0,0.26,5.0,0.29,2.0,0.3,5.0,0.03,0.02,622.266,1776352270000
1776352273.975,73.975,0.7,2.0,0.69,5.0,0.71,5.0,0.72,3.68,0.28,3.68,0.27,5.0,0.31,5.0,0.32,5.0,0.01,0.03,622.224666,1776352272000
1776352274.771,74.771,0.69,5.0,0.68,5.0,0.71,2.95,0.72,3.68,0.29,5.0,0.28,3.68,0.3,2.0,0.31,5.0,0.02,0.01,622.20827,1776352273000
1776352276.024,76.024,0.68,2.0,0.67,5.0,0.7,5.0,0.71,5.0,0.29,2.95,0.28,3.68,0.31,5.0,0.32,5.0,0.02,0.02,622.17826,1776352274000
1776352277.994,77.994,0.68,5.0,0.67,5.0,0.7,22.4,0.71,17.6,0.32,8.0,0.31,10.0,0.33,5.0,0.34,5.0,0.02,0.01,622.151086,1776352276000
1776352285.729,85.729,0.64,5.0,0.63,5.0,0.66,21.6,0.67,16.8,0.3,22.4,0.29,17.6,0.32,5.0,0.33,5.0,0.02,0.02,622.098711,1776352284000
1776352290.122,90.122,0.62,2.0,0.61,5.0,0.63,21.2,0.64,21.3,0.34,21.6,0.33,16.8,0.36,5.0,0.37,5.0,0.01,0.02,622.003109,1776352288000
1776352290.461,90.461,0.6,5.0,0.59,5.0,0.62,11.0,0.63,16.2,0.37,21.2,0.36,21.3,0.38,2.0,0.39,5.0,0.02,0.01,622.023553,1776352289000
1776352295.041,95.041,0.55,2.0,0.54,5.0,0.56,5.0,0.57,10.0,0.38,11.0,0.37,16.2,0.41,5.0,0.42,5.0,0.01,0.03,621.971497,1776352293000
1776352302.354,102.354,0.5,2.0,0.49,5.0,0.51,15.0,0.52,5.0,0.44,5.0,0.43,10.0,0.45,2.0,0.46,5.0,0.01,0.01,621.823663,1776352300000
1776352302.617,102.617,0.49,5.0,0.48,5.0,0.51,25.0,0.52,15.4,0.49,15.0,0.48,5.0,0.5,2.0,0.51,5.0,0.02,0.01,621.801958,1776352301000
1776352303.801,103.801,0.45,2.0,0.44,5.0,0.47,10.0,0.48,5.0,0.49,25.0,0.48,15.4,0.52,5.0,0.53,5.0,0.02,0.03,621.807,1776352302000
1776352305.139,105.139,0.42,2.0,0.41,5.0,0.43,5.0,0.44,5.0,0.53,10.0,0.52,5.0,0.56,2.0,0.57,5.0,0.01,0.03,621.73192,1776352303000
1776352310.695,110.695,0.39,2.0,0.38,5.0,0.41,25.7,0.42,30.7,0.57,5.0,0.56,5.0,0.6,5.0,0.61,5.0,0.02,0.03,621.610155,1776352309000
1776352310.987,110.987,0.38,5.0,0.37,5.0,0.4,15.0,0.41,20.7,0.59,25.7,0.58,30.7,0.61,2.0,0.62,5.0,0.02,0.02,621.604,1776352310000
1776352312.297,112.297,0.36,2.0,0.35,5.0,0.37,5.0,0.38,25.0,0.6,15.0,0.59,20.7,0.62,5.0,0.63,5.0,0.01,0.02,621.603012,1776352311000
1776352314.743,114.743,0.35,5.0,0.34,5.0,0.37,16.2,0.38,21.0,0.63,5.0,0.62,25.0,0.64,2.0,0.65,5.0,0.02,0.01,621.56181,1776352313000
1776352315.276,115.276,0.35,5.0,0.34,5.0,0.37,21.2,0.38,21.0,0.63,16.2,0.62,21.0,0.65,5.0,0.66,5.0,0.02,0.02,621.56451,1776352314000
1776352317.0,117.0,0.38,5.0,0.37,5.0,0.39,2.0,0.4,15.0,0.63,21.2,0.62,21.0,0.65,5.0,0.66,5.0,0.01,0.02,621.54406,1776352315000
1776352321.757,121.757,0.33,2.0,0.32,5.0,0.34,5.0,0.35,5.0,0.61,2.0,0.6,15.0,0.62,5.0,0.63,5.0,0.01,0.01,621.546,1776352320000
1776352322.657,122.657,0.28,5.0,0.27,5.0,0.31,5.0,0.32,5.0,0.66,5.0,0.65,5.0,0.67,2.0,0.68,5.0,0.03,0.01,621.539588,1776352321000
1776352326.73,126.73,0.28,2.0,0.27,5.0,0.29,10.0,0.3,20.0,0.69,5.0,0.68,5.0,0.72,5.0,0.73,5.0,0.01,0.03,621.393571,1776352325000
1776352327.024,127.024,0.26,5.0,0.25,5.0,0.28,5.0,0.29,5.0,0.71,10.0,0.7,20.0,0.72,2.0,0.73,5.0,0.02,0.01,621.395878,1776352326000
1776352327.52,127.52,0.23,2.0,0.22,5.0,0.25,5.0,0.26,5.0,0.72,5.0,0.71,5.0,0.74,5.0,0.75,5.0,0.02,0.02,621.395878,1776352326000
1776352332.022,132.022,0.21,5.0,0.2,5.0,0.23,19.7,0.24,14.3,0.75,5.0,0.74,5.0,0.77,2.0,0.78,5.0,0.02,0.02,621.28,1776352330000
1776352337.249,137.249,0.23,5.0,0.22,5.0,0.25,13.9,0.26,28.5,0.77,19.7,0.76,14.3,0.79,5.0,0.8,5.0,0.02,0.02,621.291,1776352336000
1776352343.2,143.2,0.18,4.2,0.17,5.0,0.21,5.0,0.22,25.2,0.75,13.9,0.74,28.5,0.77,5.0,0.78,5.0,0.03,0.02,621.321,1776352341000
1776352345.683,145.683,0.19,5.0,0.18,4.2,0.2,6.0,0.22,5.0,0.79,5.0,0.78,25.2,0.82,4.2,0.83,5.0,0.01,0.03,621.287,1776352344000
1776352355.203,155.203,0.22,5.0,0.21,5.0,0.24,2.0,0.25,10.0,0.8,6.0,0.78,5.0,0.81,5.0,0.82,4.2,0.02,0.01,621.339,1776352353000
1776352357.165,157.165,0.24,5.0,0.23,5.0,0.26,2.0,0.27,5.0,0.76,2.0,0.75,10.0,0.78,5.0,0.79,5.0,0.02,0.02,621.360627,1776352356000
1776352379.612,179.612,0.25,5.0,0.24,5.0,0.28,5.0,0.29,5.0,0.74,2.0,0.73,5.0,0.76,5.0,0.77,5.0,0.03,0.02,621.447752,1776352378000
1776352382.502,182.502,0.31,30.0,0.29,5.0,0.32,5.0,0.33,5.0,0.72,5.0,0.71,5.0,0.75,5.0,0.76,5.0,0.01,0.03,621.548285,1776352380000
1776352383.192,183.192,0.31,33.55,0.3,5.0,0.32,5.0,0.33,5.0,0.68,5.0,0.67,5.0,0.69,30.0,0.71,5.0,0.01,0.01,621.548846,1776352381000
1776352385.234,185.234,0.35,5.0,0.34,5.0,0.36,2.0,0.37,5.0,0.68,5.0,0.67,5.0,0.69,33.55,0.7,5.0,0.01,0.01,621.555701,1776352383000
1776352385.657,185.657,0.41,13.0,0.38,10.0,0.43,5.0,0.44,5.0,0.58,5.0,0.57,5.0,0.59,13.0,0.67,5.0,0.02,0.01,621.578585,1776352384000
1776352399.233,199.233,0.45,5.0,0.44,10.0,0.46,2.0,0.47,5.0,0.58,5.0,0.57,5.0,0.62,7.0,0.63,15.0,0.01,0.04,621.708867,1776352397000
1776352406.383,206.383,0.36,2.0,0.35,5.0,0.38,5.0,0.39,5.0,0.54,2.0,0.53,5.0,0.55,5.0,0.56,10.0,0.02,0.01,621.775372,1776352405000
1776352410.717,210.717,0.42,5.0,0.41,5.0,0.44,3.89,0.45,20.5,0.6,5.0,0.59,5.0,0.61,5.0,0.64,2.0,0.02,0.01,621.675151,1776352409000
1776352423.669,223.669,0.23,5.0,0.22,5.0,0.25,18.9,0.26,18.5,0.56,3.89,0.55,20.5,0.58,5.0,0.59,5.0,0.02,0.02,621.56875,1776352422000
1776352437.611,237.611,0.19,113.0,0.18,5.0,0.24,10.0,0.25,5.0,0.75,18.9,0.74,18.5,0.77,5.0,0.78,5.0,0.05,0.02,621.566555,1776352436000
1776352441.639,241.639,0.23,5.0,0.22,5.0,0.24,7.0,0.25,5.0,0.76,10.0,0.75,5.0,0.81,113.0,0.82,5.0,0.01,0.05,621.572977,1776352440000
1776352443.2,243.2,0.23,112.7,0.22,20.2,0.25,0.75,0.33,5.0,0.76,0.75,0.75,5.0,0.77,5.0,0.78,5.0,0.02,0.01,621.572977,1776352441000
1776352443.465,243.465,0.24,5.0,0.23,112.7,0.31,0.84,0.32,5.0,0.75,0.75,0.67,5.0,0.77,112.7,0.78,20.2,0.07,0.02,621.631395,1776352442000
1776352443.768,243.768,0.31,5.0,0.3,5.0,0.34,5.0,0.35,5.0,0.69,0.84,0.68,5.0,0.76,5.0,0.77,112.7,0.03,0.07,621.631395,1776352442000
1776352445.847,245.847,0.3,5.0,0.29,5.0,0.33,5.0,0.34,5.0,0.66,5.0,0.65,5.0,0.69,5.0,0.7,5.0,0.03,0.03,621.650719,1776352443000
1776352457.341,257.341,0.45,5.0,0.44,5.0,0.48,5.0,0.49,5.0,0.67,5.0,0.66,5.0,0.7,5.0,0.71,5.0,0.03,0.03,621.73451,1776352456000
1776352468.308,268.308,0.67,5.0,0.66,5.0,0.69,12.2,0.7,12.4,0.52,5.0,0.51,5.0,0.55,5.0,0.56,5.0,0.02,0.03,621.792788,1776352467000
1776352469.104,269.104,0.67,5.0,0.66,5.0,0.69,71.2,0.72,12.9,0.31,71.2,0.3,12.4,0.32,5.0,0.33,5.0,0.02,0.01,621.792788,1776352467000
1776352471.457,271.457,0.68,5.0,0.67,5.0,0.69,41.2,0.74,5.0,0.31,71.2,0.28,12.9,0.33,5.0,0.34,5.0,0.01,0.02,621.861209,1776352470000
1776352471.809,271.809,0.85,5.0,0.84,5.0,0.86,18.14,0.87,23.0,0.31,41.2,0.26,5.0,0.32,5.0,0.33,5.0,0.01,0.01,621.861209,1776352470000
1776352473.072,273.072,0.85,5.0,0.84,5.0,0.86,110.83,0.87,23.0,0.14,123.22,0.13,23.0,0.15,5.0,0.16,5.0,0.01,0.01,621.871,1776352471000
1776352475.539,275.539,0.85,5.0,0.84,5.0,0.86,106.66,0.9,10.0,0.14,109.66,0.13,23.0,0.15,5.0,0.16,5.0,0.01,0.01,621.965563,1776352474000
1776352475.923,275.923,0.85,5.0,0.84,5.0,0.86,101.66,0.9,10.0,0.14,106.66,0.1,10.0,0.15,5.0,0.16,5.0,0.01,0.01,621.965563,1776352474000
1776352476.255,276.255,0.85,5.0,0.84,5.0,0.86,96.66,0.9,10.0,0.14,101.66,0.1,10.0,0.15,5.0,0.16,5.0,0.01,0.01,621.965563,1776352474000
1776352476.465,276.465,0.8,0.68,0.79,5.0,0.86,96.66,0.9,10.0,0.14,96.66,0.1,10.0,0.15,5.0,0.16,5.0,0.06,0.01,621.969343,1776352475000
1776352479.045,279.045,0.89,5.0,0.88,10.01,0.91,16.0,0.92,17.0,0.14,96.66,0.1,10.0,0.2,0.68,0.21,5.0,0.02,0.06,622.033156,1776352477000
1776352481.81,281.81,0.9,5.0,0.89,5.0,0.91,8.0,0.92,12.0,0.09,16.0,0.08,17.0,0.11,5.0,0.12,10.01,0.01,0.02,622.031419,1776352480000
1776352482.837,282.837,0.91,5.0,0.9,10.0,0.92,1.67,0.93,14.0,0.08,12.0,0.07,14.0,0.1,5.0,0.11,5.0,0.01,0.02,622.030663,1776352481000
1776352486.549,286.549,0.91,10.49,0.9,5.0,0.92,0.58,0.93,14.0,0.08,1.67,0.07,14.0,0.09,5.0,0.1,10.0,0.01,0.01,622.141652,1776352485000
1776352487.185,287.185,0.9,5.0,0.89,5.0,0.91,19.51,0.92,0.58,0.08,0.58,0.07,14.0,0.09,10.49,0.1,5.0,0.01,0.01,622.141652,1776352486000
1776352487.393,287.393,0.9,5.0,0.89,5.0,0.95,15.53,0.96,30.0,0.09,19.51,0.08,0.58,0.1,5.0,0.11,5.0,0.05,0.01,622.141652,1776352486000
1776352488.253,288.253,0.93,5.0,0.92,5.0,0.96,30.0,0.97,38.0,0.05,15.53,0.04,30.0,0.1,5.0,0.11,5.0,0.03,0.05,622.1398,1776352487000
1776352490.701,290.701,0.95,5.0,0.94,5.0,0.96,20.0,0.97,33.0,0.04,30.0,0.03,38.0,0.07,5.0,0.08,5.0,0.01,0.03,622.040069,1776352489000
1776352492.242,292.242,0.95,5.0,0.94,5.0,0.96,7.07,0.97,33.0,0.04,16.87,0.03,33.0,0.05,5.0,0.06,5.0,0.01,0.01,622.03999,1776352490000
1776352493.372,293.372,0.95,5.0,0.94,5.0,0.97,19.37,0.98,60.0,0.04,7.07,0.03,33.0,0.05,5.0,0.06,5.0,0.02,0.01,622.040812,1776352492000
1776352495.563,295.563,0.96,5.0,0.95,5.0,0.97,9.37,0.98,60.0,0.03,19.37,0.02,60.0,0.05,5.0,0.06,5.0,0.01,0.02,622.039647,1776352494000
1776352495.807,295.807,0.96,5.0,0.95,5.0,0.98,60.0,0.99,304.0,0.03,9.37,0.02,60.0,0.04,5.0,0.05,5.0,0.02,0.01,622.039647,1776352494000
1776352496.384,296.384,0.97,5.0,0.96,5.0,0.99,304.0,,,0.02,60.0,0.01,304.0,0.04,5.0,0.05,5.0,0.02,0.02,622.039579,1776352495000
1776352496.755,296.755,0.98,5.0,0.97,5.0,0.99,246.81,,,0.01,251.86,,,0.02,5.0,0.03,5.0,0.01,0.01,622.039579,1776352495000
1776352497.325,297.325,0.98,5.0,0.97,5.0,0.99,175.68,,,0.01,201.95,,,0.02,5.0,0.03,5.0,0.01,0.01,622.039579,1776352496000
1776352497.684,297.684,0.98,5.0,0.97,5.0,0.99,173.55,,,0.01,174.57,,,0.02,5.0,0.03,5.0,0.01,0.01,622.039579,1776352496000
1776352498.072,298.072,0.99,137.47,0.98,5.0,,,,,0.01,167.53,,,0.02,5.0,0.03,5.0,,0.01,622.038911,1776352497000
1776352498.558,298.558,0.99,539.32,0.98,5.0,,,,,,,,,0.01,137.47,0.02,5.0,,,622.038911,1776352497000

# RESULT,winner=Up,slug=bnb-updown-5m-1776352200,ticks=104
