timestamp,elapsed_sec,up_bid_p1,up_bid_s1,up_bid_p2,up_bid_s2,up_ask_p1,up_ask_s1,up_ask_p2,up_ask_s2,down_bid_p1,down_bid_s1,down_bid_p2,down_bid_s2,down_ask_p1,down_ask_s1,down_ask_p2,down_ask_s2,up_spread,down_spread,bnb_price,bnb_oracle_ts
1776216001.606,1.606,0.33,300.0,0.31,375.0,0.5,5.0,0.67,300.0,0.5,5.0,0.33,300.0,0.67,300.0,0.69,375.0,0.17,0.17,617.408,1776216000000
1776216001.912,1.912,0.34,9.0,0.33,300.0,0.49,12.0,0.5,5.0,0.5,5.0,0.33,300.0,0.67,300.0,0.69,375.0,0.15,0.17,617.408,1776216000000
1776216002.173,2.173,0.34,9.0,0.33,300.0,0.49,12.0,0.5,5.0,0.51,12.0,0.5,5.0,0.66,9.0,0.67,300.0,0.15,0.15,617.347278,1776216001000
1776216003.166,3.166,0.34,9.0,0.33,300.0,0.49,12.0,0.5,5.0,0.51,12.0,0.5,5.0,0.66,9.0,0.67,300.0,0.15,0.15,617.48,1776216002000
1776216004.13,4.13,0.34,9.0,0.33,300.0,0.49,12.0,0.5,5.0,0.51,12.0,0.5,5.0,0.66,9.0,0.67,300.0,0.15,0.15,617.435,1776216003000
1776216005.206,5.206,0.34,9.0,0.33,300.0,0.49,12.0,0.5,5.0,0.51,12.0,0.5,5.0,0.66,9.0,0.67,300.0,0.15,0.15,617.40212,1776216004000
1776216005.875,5.875,0.44,5.0,0.37,5.0,0.5,5.0,0.55,10.0,0.51,12.0,0.5,5.0,0.66,9.0,0.67,300.0,0.06,0.15,617.40212,1776216004000
1776216006.11,6.11,0.44,5.0,0.37,5.0,0.5,5.0,0.55,10.0,0.5,5.0,0.45,10.0,0.56,5.0,0.63,5.0,0.06,0.06,617.40443,1776216005000
1776216007.104,7.104,0.44,5.0,0.37,5.0,0.5,5.0,0.55,10.0,0.5,5.0,0.45,10.0,0.56,5.0,0.63,5.0,0.06,0.06,617.40242,1776216006000
1776216008.119,8.119,0.44,5.0,0.37,5.0,0.5,5.0,0.55,10.0,0.5,5.0,0.45,10.0,0.56,5.0,0.63,5.0,0.06,0.06,617.407,1776216007000
1776216009.081,9.081,0.44,8.19,0.37,5.0,0.48,5.0,0.5,5.0,0.5,5.0,0.45,10.0,0.56,5.0,0.63,5.0,0.04,0.06,617.407,1776216007000
1776216010.093,10.093,0.44,8.19,0.37,5.0,0.48,5.0,0.5,5.0,0.52,5.0,0.5,5.0,0.56,8.19,0.63,5.0,0.04,0.04,617.401,1776216009000
1776216011.235,11.235,0.44,8.19,0.37,5.0,0.48,5.0,0.5,5.0,0.52,5.0,0.5,5.0,0.56,8.19,0.63,5.0,0.04,0.04,617.400685,1776216010000
1776216012.276,12.276,0.44,8.19,0.37,5.0,0.48,5.0,0.5,5.0,0.52,5.0,0.5,5.0,0.56,8.19,0.63,5.0,0.04,0.04,617.348102,1776216011000
1776216013.364,13.364,0.44,8.19,0.37,5.0,0.48,5.0,0.5,5.0,0.52,5.0,0.5,5.0,0.56,8.19,0.63,5.0,0.04,0.04,617.282809,1776216012000
1776216013.961,13.961,0.44,8.19,0.37,5.0,0.48,5.0,0.5,5.0,0.52,5.0,0.5,5.0,0.56,8.19,0.63,5.0,0.04,0.04,617.27408,1776216013000
1776216015.026,15.026,0.44,8.19,0.37,5.0,0.48,5.0,0.5,5.0,0.52,5.0,0.5,5.0,0.56,8.19,0.63,5.0,0.04,0.04,617.241875,1776216014000
1776216016.197,16.197,0.44,8.19,0.37,5.0,0.48,5.0,0.5,5.0,0.52,5.0,0.5,5.0,0.56,8.19,0.63,5.0,0.04,0.04,617.22598,1776216015000
1776216017.27,17.27,0.44,8.19,0.37,5.0,0.48,5.0,0.5,5.0,0.52,5.0,0.5,5.0,0.56,8.19,0.63,5.0,0.04,0.04,617.2267,1776216016000
1776216017.746,17.746,0.25,10.0,0.21,50.0,0.41,15.0,0.42,10.0,0.52,5.0,0.5,5.0,0.56,8.19,0.63,5.0,0.16,0.04,617.2267,1776216016000
1776216018.273,18.273,0.25,10.0,0.21,50.0,0.41,15.0,0.42,10.0,0.59,15.0,0.58,10.0,0.75,10.0,0.79,50.0,0.16,0.16,617.24437,1776216017000
1776216018.908,18.908,0.25,10.0,0.21,50.0,0.41,15.0,0.42,10.0,0.59,15.0,0.58,10.0,0.75,10.0,0.79,50.0,0.16,0.16,617.24437,1776216018000
1776216019.969,19.969,0.25,10.0,0.21,50.0,0.41,15.0,0.42,10.0,0.59,15.0,0.58,10.0,0.75,10.0,0.79,50.0,0.16,0.16,617.26384,1776216019000
1776216021.048,21.048,0.25,10.0,0.21,50.0,0.41,15.0,0.42,10.0,0.59,15.0,0.58,10.0,0.75,10.0,0.79,50.0,0.16,0.16,617.29669,1776216020000
1776216022.09,22.09,0.25,10.0,0.21,50.0,0.41,15.0,0.42,10.0,0.59,15.0,0.58,10.0,0.75,10.0,0.79,50.0,0.16,0.16,617.33391,1776216021000
1776216023.133,23.133,0.25,10.0,0.21,50.0,0.41,15.0,0.42,10.0,0.59,15.0,0.58,10.0,0.75,10.0,0.79,50.0,0.16,0.16,617.33503,1776216022000
1776216024.264,24.264,0.25,10.0,0.21,50.0,0.41,15.0,0.42,10.0,0.59,15.0,0.58,10.0,0.75,10.0,0.79,50.0,0.16,0.16,617.33424,1776216023000
1776216025.257,25.257,0.25,10.0,0.21,50.0,0.41,15.0,0.42,10.0,0.59,15.0,0.58,10.0,0.75,10.0,0.79,50.0,0.16,0.16,617.34201,1776216024000
1776216026.296,26.296,0.25,10.0,0.21,50.0,0.41,15.0,0.42,10.0,0.59,15.0,0.58,10.0,0.75,10.0,0.79,50.0,0.16,0.16,617.3736,1776216025000
1776216027.41,27.41,0.25,10.0,0.21,50.0,0.41,15.0,0.42,10.0,0.59,15.0,0.58,10.0,0.75,10.0,0.79,50.0,0.16,0.16,617.38135,1776216026000
1776216027.91,27.91,0.25,10.0,0.21,50.0,0.41,15.0,0.42,10.0,0.59,15.0,0.58,10.0,0.75,10.0,0.79,50.0,0.16,0.16,617.354901,1776216027000
1776216028.989,28.989,0.25,10.0,0.21,50.0,0.41,15.0,0.42,10.0,0.59,15.0,0.58,10.0,0.75,10.0,0.79,50.0,0.16,0.16,617.37362,1776216028000
1776216030.185,30.185,0.25,10.0,0.21,50.0,0.41,15.0,0.42,10.0,0.59,15.0,0.58,10.0,0.75,10.0,0.79,50.0,0.16,0.16,617.38296,1776216029000
1776216031.224,31.224,0.25,10.0,0.21,50.0,0.41,15.0,0.42,10.0,0.59,15.0,0.58,10.0,0.75,10.0,0.79,50.0,0.16,0.16,617.38241,1776216030000
1776216032.336,32.336,0.25,10.0,0.21,50.0,0.41,15.0,0.42,10.0,0.59,15.0,0.58,10.0,0.75,10.0,0.79,50.0,0.16,0.16,617.39099,1776216031000
1776216032.963,32.963,0.25,10.0,0.21,50.0,0.41,15.0,0.42,10.0,0.59,15.0,0.58,10.0,0.75,10.0,0.79,50.0,0.16,0.16,617.40659,1776216032000
1776216033.951,33.951,0.25,10.0,0.21,50.0,0.41,15.0,0.42,10.0,0.59,15.0,0.58,10.0,0.75,10.0,0.79,50.0,0.16,0.16,617.41049,1776216033000
1776216035.226,35.226,0.25,10.0,0.21,50.0,0.41,15.0,0.42,10.0,0.59,15.0,0.58,10.0,0.75,10.0,0.79,50.0,0.16,0.16,617.40646,1776216034000
1776216036.336,36.336,0.25,10.0,0.21,50.0,0.41,15.0,0.42,10.0,0.59,15.0,0.58,10.0,0.75,10.0,0.79,50.0,0.16,0.16,617.418,1776216035000
1776216036.888,36.888,0.25,10.0,0.21,50.0,0.41,15.0,0.42,10.0,0.59,15.0,0.58,10.0,0.75,10.0,0.79,50.0,0.16,0.16,617.40171,1776216036000
1776216037.977,37.977,0.25,10.0,0.21,50.0,0.41,15.0,0.42,10.0,0.59,15.0,0.58,10.0,0.75,10.0,0.79,50.0,0.16,0.16,617.404,1776216037000
1776216039.7,39.7,0.25,10.0,0.21,50.0,0.41,15.0,0.42,10.0,0.59,15.0,0.58,10.0,0.75,10.0,0.79,50.0,0.16,0.16,617.409,1776216038000
1776216040.947,40.947,0.25,10.0,0.21,50.0,0.41,15.0,0.42,10.0,0.59,15.0,0.58,10.0,0.75,10.0,0.79,50.0,0.16,0.16,617.408,1776216039000
1776216041.794,41.794,0.25,10.0,0.21,50.0,0.41,15.0,0.42,10.0,0.59,15.0,0.58,10.0,0.75,10.0,0.79,50.0,0.16,0.16,617.403,1776216040000
1776216042.562,42.562,0.25,10.0,0.21,50.0,0.41,15.0,0.42,10.0,0.59,15.0,0.58,10.0,0.75,10.0,0.79,50.0,0.16,0.16,617.405,1776216041000
1776216043.495,43.495,0.25,10.0,0.21,50.0,0.41,15.0,0.42,10.0,0.59,15.0,0.58,10.0,0.75,10.0,0.79,50.0,0.16,0.16,617.405,1776216042000
1776216044.153,44.153,0.25,10.0,0.21,50.0,0.41,15.0,0.42,10.0,0.59,15.0,0.58,10.0,0.75,10.0,0.79,50.0,0.16,0.16,617.415,1776216043000
1776216045.538,45.538,0.25,10.0,0.21,50.0,0.41,15.0,0.42,10.0,0.59,15.0,0.58,10.0,0.75,10.0,0.79,50.0,0.16,0.16,617.40163,1776216044000
1776216046.369,46.369,0.25,10.0,0.21,50.0,0.41,15.0,0.42,10.0,0.59,15.0,0.58,10.0,0.75,10.0,0.79,50.0,0.16,0.16,617.437,1776216045000
1776216046.611,46.611,0.45,11.0,0.44,5.0,0.58,10.0,0.61,50.0,0.59,15.0,0.58,10.0,0.75,10.0,0.79,50.0,0.13,0.16,617.437,1776216045000
1776216046.981,46.981,0.45,11.0,0.44,5.0,0.58,10.0,0.61,50.0,0.42,10.0,0.39,50.0,0.55,11.0,0.56,5.0,0.13,0.13,617.437,1776216046000
1776216048.508,48.508,0.45,11.0,0.44,5.0,0.58,10.0,0.61,50.0,0.42,10.0,0.39,50.0,0.55,11.0,0.56,5.0,0.13,0.13,617.39,1776216047000
1776216049.302,49.302,0.45,11.0,0.44,5.0,0.58,10.0,0.61,50.0,0.42,10.0,0.39,50.0,0.55,11.0,0.56,5.0,0.13,0.13,617.39,1776216048000
1776216050.051,50.051,0.45,11.0,0.44,5.0,0.58,10.0,0.61,50.0,0.42,10.0,0.39,50.0,0.55,11.0,0.56,5.0,0.13,0.13,617.376565,1776216049000
1776216051.577,51.577,0.45,11.0,0.44,5.0,0.58,10.0,0.61,50.0,0.42,10.0,0.39,50.0,0.55,11.0,0.56,5.0,0.13,0.13,617.380679,1776216050000
1776216052.38,52.38,0.45,11.0,0.44,5.0,0.58,10.0,0.61,50.0,0.42,10.0,0.39,50.0,0.55,11.0,0.56,5.0,0.13,0.13,617.377504,1776216051000
1776216053.047,53.047,0.45,11.0,0.44,5.0,0.58,10.0,0.61,50.0,0.42,10.0,0.39,50.0,0.55,11.0,0.56,5.0,0.13,0.13,617.363897,1776216052000
1776216054.433,54.433,0.45,11.0,0.44,5.0,0.58,10.0,0.61,50.0,0.42,10.0,0.39,50.0,0.55,11.0,0.56,5.0,0.13,0.13,617.285695,1776216053000
1776216055.303,55.303,0.45,11.0,0.44,5.0,0.58,10.0,0.61,50.0,0.42,10.0,0.39,50.0,0.55,11.0,0.56,5.0,0.13,0.13,617.239,1776216054000
1776216056.634,56.634,0.45,11.0,0.44,5.0,0.58,10.0,0.61,50.0,0.42,10.0,0.39,50.0,0.55,11.0,0.56,5.0,0.13,0.13,617.269,1776216055000
1776216057.298,57.298,0.45,11.0,0.44,5.0,0.58,10.0,0.61,50.0,0.42,10.0,0.39,50.0,0.55,11.0,0.56,5.0,0.13,0.13,617.261,1776216056000
1776216058.047,58.047,0.45,11.0,0.44,5.0,0.58,10.0,0.61,50.0,0.42,10.0,0.39,50.0,0.55,11.0,0.56,5.0,0.13,0.13,617.263,1776216057000
1776216060.242,60.242,0.45,11.0,0.44,5.0,0.58,10.0,0.61,50.0,0.42,10.0,0.39,50.0,0.55,11.0,0.56,5.0,0.13,0.13,617.263,1776216058000
1776216061.239,61.239,0.45,11.0,0.44,5.0,0.58,10.0,0.61,50.0,0.42,10.0,0.39,50.0,0.55,11.0,0.56,5.0,0.13,0.13,617.24578,1776216060000
1776216062.326,62.326,0.45,11.0,0.44,5.0,0.58,10.0,0.61,50.0,0.42,10.0,0.39,50.0,0.55,11.0,0.56,5.0,0.13,0.13,617.2499,1776216061000
1776216062.844,62.844,0.45,11.0,0.44,5.0,0.58,10.0,0.61,50.0,0.42,10.0,0.39,50.0,0.55,11.0,0.56,5.0,0.13,0.13,617.265,1776216062000
1776216063.85,63.85,0.45,11.0,0.44,5.0,0.58,10.0,0.61,50.0,0.42,10.0,0.39,50.0,0.55,11.0,0.56,5.0,0.13,0.13,617.264,1776216063000
1776216064.847,64.847,0.45,11.0,0.44,5.0,0.58,10.0,0.61,50.0,0.42,10.0,0.39,50.0,0.55,11.0,0.56,5.0,0.13,0.13,617.263,1776216064000
1776216065.807,65.807,0.45,11.0,0.44,5.0,0.58,10.0,0.61,50.0,0.42,10.0,0.39,50.0,0.55,11.0,0.56,5.0,0.13,0.13,617.261,1776216065000
1776216066.856,66.856,0.45,11.0,0.44,5.0,0.58,10.0,0.61,50.0,0.42,10.0,0.39,50.0,0.55,11.0,0.56,5.0,0.13,0.13,617.259,1776216066000
1776216068.434,68.434,0.45,11.0,0.44,5.0,0.58,10.0,0.61,50.0,0.42,10.0,0.39,50.0,0.55,11.0,0.56,5.0,0.13,0.13,617.246,1776216067000
1776216068.952,68.952,0.45,11.0,0.44,5.0,0.58,10.0,0.61,50.0,0.42,10.0,0.39,50.0,0.55,11.0,0.56,5.0,0.13,0.13,617.246,1776216068000
1776216069.957,69.957,0.45,11.0,0.44,5.0,0.58,10.0,0.61,50.0,0.42,10.0,0.39,50.0,0.55,11.0,0.56,5.0,0.13,0.13,617.245,1776216069000
1776216071.233,71.233,0.45,11.0,0.44,5.0,0.58,10.0,0.61,50.0,0.42,10.0,0.39,50.0,0.55,11.0,0.56,5.0,0.13,0.13,617.248,1776216070000
1776216072.78,72.78,0.45,11.0,0.44,5.0,0.58,10.0,0.61,50.0,0.42,10.0,0.39,50.0,0.55,11.0,0.56,5.0,0.13,0.13,617.25,1776216071000
1776216073.426,73.426,0.45,11.0,0.44,5.0,0.58,10.0,0.61,50.0,0.42,10.0,0.39,50.0,0.55,11.0,0.56,5.0,0.13,0.13,617.245,1776216072000
1776216074.088,74.088,0.45,11.0,0.44,5.0,0.58,10.0,0.61,50.0,0.42,10.0,0.39,50.0,0.55,11.0,0.56,5.0,0.13,0.13,617.245,1776216073000
1776216075.199,75.199,0.45,11.0,0.44,5.0,0.58,10.0,0.61,50.0,0.42,10.0,0.39,50.0,0.55,11.0,0.56,5.0,0.13,0.13,617.262,1776216074000
1776216076.225,76.225,0.45,11.0,0.44,5.0,0.58,10.0,0.61,50.0,0.42,10.0,0.39,50.0,0.55,11.0,0.56,5.0,0.13,0.13,617.26044,1776216075000
1776216077.224,77.224,0.45,11.0,0.44,5.0,0.58,10.0,0.61,50.0,0.42,10.0,0.39,50.0,0.55,11.0,0.56,5.0,0.13,0.13,617.259,1776216076000
1776216078.218,78.218,0.45,11.0,0.44,5.0,0.58,10.0,0.61,50.0,0.42,10.0,0.39,50.0,0.55,11.0,0.56,5.0,0.13,0.13,617.26,1776216077000
1776216079.207,79.207,0.45,11.0,0.44,5.0,0.58,10.0,0.61,50.0,0.42,10.0,0.39,50.0,0.55,11.0,0.56,5.0,0.13,0.13,617.2618,1776216078000
1776216080.263,80.263,0.45,11.0,0.44,5.0,0.58,10.0,0.61,50.0,0.42,10.0,0.39,50.0,0.55,11.0,0.56,5.0,0.13,0.13,617.262175,1776216079000
1776216081.124,81.124,0.45,11.0,0.44,5.0,0.58,10.0,0.61,50.0,0.42,10.0,0.39,50.0,0.55,11.0,0.56,5.0,0.13,0.13,617.26235,1776216080000
1776216082.157,82.157,0.45,11.0,0.44,5.0,0.58,10.0,0.61,50.0,0.42,10.0,0.39,50.0,0.55,11.0,0.56,5.0,0.13,0.13,617.26309,1776216081000
1776216083.112,83.112,0.45,11.0,0.44,5.0,0.58,10.0,0.61,50.0,0.42,10.0,0.39,50.0,0.55,11.0,0.56,5.0,0.13,0.13,617.26321,1776216082000
1776216084.096,84.096,0.45,11.0,0.44,5.0,0.58,10.0,0.61,50.0,0.42,10.0,0.39,50.0,0.55,11.0,0.56,5.0,0.13,0.13,617.26,1776216083000
1776216084.355,84.355,0.19,13.22,0.18,17.6,0.25,5.0,0.26,15.0,0.42,10.0,0.39,50.0,0.55,11.0,0.56,5.0,0.06,0.13,617.26,1776216083000
1776216085.061,85.061,0.19,5.88,0.18,17.6,0.26,15.0,0.27,5.0,0.74,15.0,0.73,5.0,0.81,5.88,0.82,17.6,0.07,0.07,617.26,1776216084000
1776216086.114,86.114,0.19,5.88,0.18,17.6,0.26,15.0,0.27,5.0,0.74,15.0,0.73,5.0,0.81,5.88,0.82,17.6,0.07,0.07,617.1473,1776216085000
1776216087.128,87.128,0.19,5.88,0.18,17.6,0.26,15.0,0.27,5.0,0.74,15.0,0.73,5.0,0.81,5.88,0.82,17.6,0.07,0.07,617.09398,1776216086000
1776216088.135,88.135,0.19,5.88,0.18,17.6,0.26,15.0,0.27,5.0,0.74,15.0,0.73,5.0,0.81,5.88,0.82,17.6,0.07,0.07,617.048,1776216087000
1776216090.33,90.33,0.19,5.88,0.18,17.6,0.26,15.0,0.27,5.0,0.74,15.0,0.73,5.0,0.81,5.88,0.82,17.6,0.07,0.07,617.00761,1776216089000
1776216091.0,91.0,0.19,5.88,0.18,17.6,0.26,15.0,0.27,5.0,0.74,15.0,0.73,5.0,0.81,5.88,0.82,17.6,0.07,0.07,616.932382,1776216090000
1776216092.077,92.077,0.19,5.88,0.18,17.6,0.26,15.0,0.27,5.0,0.74,15.0,0.73,5.0,0.81,5.88,0.82,17.6,0.07,0.07,616.929118,1776216091000
1776216093.11,93.11,0.19,5.88,0.18,17.6,0.26,15.0,0.27,5.0,0.74,15.0,0.73,5.0,0.81,5.88,0.82,17.6,0.07,0.07,616.917099,1776216092000
1776216094.184,94.184,0.19,5.88,0.18,17.6,0.26,15.0,0.27,5.0,0.74,15.0,0.73,5.0,0.81,5.88,0.82,17.6,0.07,0.07,616.906956,1776216093000
1776216095.312,95.312,0.19,5.88,0.18,17.6,0.26,15.0,0.27,5.0,0.74,15.0,0.73,5.0,0.81,5.88,0.82,17.6,0.07,0.07,616.873,1776216094000
1776216096.43,96.43,0.19,5.88,0.18,17.6,0.26,15.0,0.27,5.0,0.74,15.0,0.73,5.0,0.81,5.88,0.82,17.6,0.07,0.07,616.866,1776216095000
1776216097.016,97.016,0.19,5.88,0.18,17.6,0.26,15.0,0.27,5.0,0.74,15.0,0.73,5.0,0.81,5.88,0.82,17.6,0.07,0.07,616.866,1776216096000
1776216098.125,98.125,0.19,5.88,0.18,17.6,0.26,15.0,0.27,5.0,0.74,15.0,0.73,5.0,0.81,5.88,0.82,17.6,0.07,0.07,616.86057,1776216097000
1776216099.239,99.239,0.19,5.88,0.18,17.6,0.26,15.0,0.27,5.0,0.74,15.0,0.73,5.0,0.81,5.88,0.82,17.6,0.07,0.07,616.779,1776216098000
1776216100.34,100.34,0.04,52.7,0.03,128.35,0.06,5.0,0.07,5.0,0.74,15.0,0.73,5.0,0.81,5.88,0.82,17.6,0.02,0.07,616.779,1776216098000
1776216100.724,100.724,0.11,15.0,0.04,52.7,0.12,44.0,0.13,48.0,0.87,23.0,0.86,21.6,0.89,20.0,0.96,52.7,0.01,0.02,616.779,1776216099000
1776216101.416,101.416,0.11,5.0,0.03,128.35,0.12,68.6,0.13,48.0,0.88,44.0,0.87,48.0,0.89,10.0,0.96,52.7,0.01,0.01,616.779,1776216099000
1776216101.978,101.978,0.03,128.35,0.02,152.69,0.08,5.0,0.12,68.6,0.92,5.0,0.88,68.6,0.97,128.35,0.98,152.69,0.05,0.05,616.572,1776216101000
1776216103.079,103.079,0.03,128.35,0.02,152.69,0.08,5.0,0.12,68.6,0.92,5.0,0.88,68.6,0.97,128.35,0.98,152.69,0.05,0.05,616.564872,1776216102000
1776216104.839,104.839,0.03,128.35,0.02,152.69,0.08,5.0,0.12,68.6,0.92,5.0,0.88,68.6,0.97,128.35,0.98,152.69,0.05,0.05,616.49963,1776216103000
1776216105.695,105.695,0.03,128.35,0.02,152.69,0.08,5.0,0.12,68.6,0.92,5.0,0.88,68.6,0.97,128.35,0.98,152.69,0.05,0.05,616.466,1776216104000
1776216106.433,106.433,0.03,128.35,0.02,152.69,0.08,5.0,0.12,68.6,0.92,5.0,0.88,68.6,0.97,128.35,0.98,152.69,0.05,0.05,616.45352,1776216105000
1776216107.102,107.102,0.03,128.35,0.02,152.69,0.08,5.0,0.12,68.6,0.92,5.0,0.88,68.6,0.97,128.35,0.98,152.69,0.05,0.05,616.390222,1776216106000
1776216108.581,108.581,0.03,128.35,0.02,152.69,0.08,5.0,0.12,68.6,0.92,5.0,0.88,68.6,0.97,128.35,0.98,152.69,0.05,0.05,616.343367,1776216107000
1776216109.246,109.246,0.03,128.35,0.02,152.69,0.08,5.0,0.12,68.6,0.92,5.0,0.88,68.6,0.97,128.35,0.98,152.69,0.05,0.05,616.25232,1776216108000
1776216110.751,110.751,0.03,139.05,0.02,20.0,0.04,33.85,0.05,54.7,0.96,33.85,0.95,54.7,0.97,139.05,0.98,20.0,0.01,0.01,616.231237,1776216109000
1776216111.396,111.396,0.03,139.05,0.02,20.0,0.04,33.85,0.05,54.7,0.96,33.85,0.95,54.7,0.97,139.05,0.98,20.0,0.01,0.01,616.168227,1776216110000
1776216111.603,111.603,0.03,139.05,0.02,20.0,0.05,54.7,0.06,46.1,0.96,33.85,0.95,54.7,0.97,139.05,0.98,20.0,0.02,0.01,616.168227,1776216110000
1776216112.091,112.091,0.03,139.05,0.02,20.0,0.05,54.7,0.06,46.1,0.95,54.7,0.94,46.1,0.97,139.05,0.98,20.0,0.02,0.02,616.165708,1776216111000
1776216113.62,113.62,0.03,139.05,0.02,20.0,0.05,54.7,0.06,46.1,0.95,54.7,0.94,46.1,0.97,139.05,0.98,20.0,0.02,0.02,616.167992,1776216112000
1776216114.333,114.333,0.03,139.05,0.02,20.0,0.05,54.7,0.06,46.1,0.95,54.7,0.94,46.1,0.97,139.05,0.98,20.0,0.02,0.02,616.169448,1776216113000
1776216114.956,114.956,0.03,139.05,0.02,20.0,0.05,54.7,0.06,46.1,0.95,54.7,0.94,46.1,0.97,139.05,0.98,20.0,0.02,0.02,616.22589,1776216114000
1776216115.298,115.298,0.03,139.05,0.02,20.0,0.04,33.48,0.05,59.7,0.95,54.7,0.94,46.1,0.97,139.05,0.98,20.0,0.01,0.02,616.22589,1776216114000
1776216116.321,116.321,0.03,139.05,0.02,20.0,0.04,33.48,0.05,59.7,0.96,33.48,0.95,59.7,0.97,139.05,0.98,20.0,0.01,0.01,616.264062,1776216115000
1776216117.074,117.074,0.03,139.05,0.02,20.0,0.04,33.48,0.05,59.7,0.96,33.48,0.95,59.7,0.97,139.05,0.98,20.0,0.01,0.01,616.26776,1776216116000
1776216118.445,118.445,0.03,139.05,0.02,20.0,0.04,33.48,0.05,59.7,0.96,33.48,0.95,59.7,0.97,139.05,0.98,20.0,0.01,0.01,616.269246,1776216117000
1776216119.13,119.13,0.03,139.05,0.02,20.0,0.04,33.48,0.05,59.7,0.96,33.48,0.95,59.7,0.97,139.05,0.98,20.0,0.01,0.01,616.269246,1776216118000
1776216120.534,120.534,0.03,139.05,0.02,20.0,0.04,33.48,0.05,59.7,0.96,33.48,0.95,59.7,0.97,139.05,0.98,20.0,0.01,0.01,616.26842,1776216119000
1776216121.247,121.247,0.03,139.05,0.02,20.0,0.04,33.48,0.05,59.7,0.96,33.48,0.95,59.7,0.97,139.05,0.98,20.0,0.01,0.01,616.26842,1776216120000
1776216122.986,122.986,0.03,133.89,0.02,20.0,0.04,33.48,0.05,54.7,0.96,33.48,0.95,59.7,0.97,139.05,0.98,20.0,0.01,0.01,616.26842,1776216120000
1776216123.246,123.246,0.03,133.89,0.02,20.0,0.04,33.48,0.05,54.7,0.96,33.48,0.95,54.7,0.97,133.89,0.98,20.0,0.01,0.01,616.258801,1776216122000
1776216124.587,124.587,0.03,133.89,0.02,20.0,0.04,33.48,0.05,54.7,0.96,33.48,0.95,54.7,0.97,133.89,0.98,20.0,0.01,0.01,616.261399,1776216123000
1776216125.084,125.084,0.03,133.89,0.02,20.0,0.04,33.48,0.05,54.7,0.96,33.48,0.95,54.7,0.97,133.89,0.98,20.0,0.01,0.01,616.263161,1776216124000
1776216126.337,126.337,0.03,133.89,0.02,20.0,0.04,33.48,0.05,54.7,0.96,33.48,0.95,54.7,0.97,133.89,0.98,20.0,0.01,0.01,616.308636,1776216125000
1776216126.807,126.807,0.03,132.89,0.02,20.0,0.04,33.48,0.05,54.7,0.96,33.48,0.95,54.7,0.97,133.89,0.98,20.0,0.01,0.01,616.308636,1776216125000
1776216128.155,128.155,0.03,132.89,0.02,20.0,0.04,33.48,0.05,54.7,0.96,33.48,0.95,54.7,0.97,132.89,0.98,20.0,0.01,0.01,616.304002,1776216127000
1776216129.478,129.478,0.03,132.89,0.02,20.0,0.04,33.48,0.05,54.7,0.96,33.48,0.95,54.7,0.97,132.89,0.98,20.0,0.01,0.01,616.303791,1776216128000
1776216130.014,130.014,0.03,132.89,0.02,20.0,0.04,33.48,0.05,54.7,0.96,33.48,0.95,54.7,0.97,132.89,0.98,20.0,0.01,0.01,616.298691,1776216129000
1776216131.261,131.261,0.03,132.89,0.02,20.0,0.04,33.48,0.05,54.7,0.96,33.48,0.95,54.7,0.97,132.89,0.98,20.0,0.01,0.01,616.300864,1776216130000
1776216132.47,132.47,0.03,132.89,0.02,20.0,0.04,33.48,0.05,54.7,0.96,33.48,0.95,54.7,0.97,132.89,0.98,20.0,0.01,0.01,616.30059,1776216131000
1776216132.982,132.982,0.03,132.89,0.02,20.0,0.04,33.48,0.05,54.7,0.96,33.48,0.95,54.7,0.97,132.89,0.98,20.0,0.01,0.01,616.30009,1776216132000
1776216134.084,134.084,0.03,132.89,0.02,20.0,0.04,33.48,0.05,54.7,0.96,33.48,0.95,54.7,0.97,132.89,0.98,20.0,0.01,0.01,616.303035,1776216133000
1776216135.222,135.222,0.03,132.89,0.02,20.0,0.04,33.48,0.05,54.7,0.96,33.48,0.95,54.7,0.97,132.89,0.98,20.0,0.01,0.01,616.302787,1776216134000
1776216136.377,136.377,0.03,132.89,0.02,20.0,0.04,33.48,0.05,54.7,0.96,33.48,0.95,54.7,0.97,132.89,0.98,20.0,0.01,0.01,616.301095,1776216135000
1776216137.017,137.017,0.03,132.89,0.02,20.0,0.04,33.48,0.05,54.7,0.96,33.48,0.95,54.7,0.97,132.89,0.98,20.0,0.01,0.01,616.301261,1776216136000
1776216139.29,139.29,0.03,132.89,0.02,20.0,0.04,33.48,0.05,54.7,0.96,33.48,0.95,54.7,0.97,132.89,0.98,20.0,0.01,0.01,616.302086,1776216138000
1776216140.624,140.624,0.03,132.89,0.02,20.0,0.04,33.48,0.05,54.7,0.96,33.48,0.95,54.7,0.97,132.89,0.98,20.0,0.01,0.01,616.302224,1776216139000
1776216141.276,141.276,0.03,132.89,0.02,20.0,0.04,33.48,0.05,54.7,0.96,33.48,0.95,54.7,0.97,132.89,0.98,20.0,0.01,0.01,616.302112,1776216140000
1776216142.73,142.73,0.03,132.89,0.02,20.0,0.04,33.48,0.05,54.7,0.96,33.48,0.95,54.7,0.97,132.89,0.98,20.0,0.01,0.01,616.303521,1776216141000
1776216143.213,143.213,0.03,132.89,0.02,20.0,0.04,33.48,0.05,54.7,0.96,33.48,0.95,54.7,0.97,132.89,0.98,20.0,0.01,0.01,616.303521,1776216142000
1776216144.535,144.535,0.03,132.89,0.02,20.0,0.04,33.48,0.05,54.7,0.96,33.48,0.95,54.7,0.97,132.89,0.98,20.0,0.01,0.01,616.303173,1776216143000
1776216145.098,145.098,0.03,132.89,0.02,20.0,0.04,33.48,0.05,54.7,0.96,33.48,0.95,54.7,0.97,132.89,0.98,20.0,0.01,0.01,616.303472,1776216144000
1776216146.943,146.943,0.03,132.89,0.02,20.0,0.04,33.48,0.05,54.7,0.96,33.48,0.95,54.7,0.97,132.89,0.98,20.0,0.01,0.01,616.305578,1776216146000
1776216148.703,148.703,0.03,132.89,0.02,20.0,0.04,33.48,0.05,54.7,0.96,33.48,0.95,54.7,0.97,132.89,0.98,20.0,0.01,0.01,616.323754,1776216147000
1776216149.32,149.32,0.03,117.89,0.02,20.0,0.04,33.48,0.05,54.7,0.96,33.48,0.95,54.7,0.97,117.89,0.98,20.0,0.01,0.01,616.323754,1776216148000
1776216150.798,150.798,0.03,117.89,0.02,20.0,0.04,33.48,0.05,54.7,0.96,33.48,0.95,54.7,0.97,117.89,0.98,20.0,0.01,0.01,616.320957,1776216149000
1776216151.5,151.5,0.03,117.89,0.02,20.0,0.04,33.48,0.05,54.7,0.96,33.48,0.95,54.7,0.97,117.89,0.98,20.0,0.01,0.01,616.318283,1776216150000
1776216152.657,152.657,0.03,117.89,0.02,20.0,0.04,33.48,0.05,54.7,0.96,33.48,0.95,54.7,0.97,117.89,0.98,20.0,0.01,0.01,616.318281,1776216151000
1776216153.21,153.21,0.03,117.89,0.02,20.0,0.04,33.48,0.05,54.7,0.96,33.48,0.95,54.7,0.97,117.89,0.98,20.0,0.01,0.01,616.318059,1776216152000
1776216153.49,153.49,0.02,20.0,0.01,310.0,0.04,33.48,0.05,54.7,0.96,33.48,0.95,54.7,0.97,117.89,0.98,20.0,0.02,0.01,616.318059,1776216152000
1776216154.679,154.679,0.02,20.0,0.01,310.0,0.04,33.48,0.05,54.7,0.96,33.48,0.95,54.7,0.98,20.0,0.99,310.0,0.02,0.02,616.317781,1776216153000
1776216155.238,155.238,0.02,20.0,0.01,310.0,0.04,33.48,0.05,54.7,0.96,33.48,0.95,54.7,0.98,20.0,0.99,310.0,0.02,0.02,616.35,1776216154000
1776216155.458,155.458,0.01,310.0,,,0.03,89.3,0.04,33.48,0.96,33.48,0.95,54.7,0.98,20.0,0.99,310.0,0.02,0.02,616.35,1776216154000
1776216155.76,155.76,0.01,305.0,,,0.03,89.3,0.04,33.48,0.97,89.3,0.96,33.48,0.99,310.0,,,0.02,0.02,616.35,1776216154000
1776216156.749,156.749,0.01,305.0,,,0.03,89.3,0.04,33.48,0.97,89.3,0.96,33.48,0.99,305.0,,,0.02,0.02,616.331,1776216155000
1776216156.949,156.949,0.01,294.89,,,0.02,132.69,0.03,89.3,0.97,89.3,0.96,33.48,0.99,305.0,,,0.01,0.02,616.331,1776216155000
1776216158.442,158.442,0.01,294.89,,,0.02,132.69,0.03,89.3,0.98,132.69,0.97,89.3,0.99,294.89,,,0.01,0.01,616.339,1776216157000
1776216159.103,159.103,0.01,294.89,,,0.02,132.69,0.03,89.3,0.98,132.69,0.97,89.3,0.99,294.89,,,0.01,0.01,616.339,1776216158000
1776216160.427,160.427,0.01,294.89,,,0.02,132.69,0.03,89.3,0.98,132.69,0.97,89.3,0.99,294.89,,,0.01,0.01,616.337,1776216159000
1776216161.089,161.089,0.01,294.89,,,0.02,132.69,0.03,89.3,0.98,132.69,0.97,89.3,0.99,294.89,,,0.01,0.01,616.338,1776216160000
1776216162.48,162.48,0.01,294.89,,,0.02,132.69,0.03,89.3,0.98,132.69,0.97,89.3,0.99,294.89,,,0.01,0.01,616.338,1776216161000
1776216163.154,163.154,0.01,294.89,,,0.02,132.69,0.03,89.3,0.98,132.69,0.97,89.3,0.99,294.89,,,0.01,0.01,616.354789,1776216162000
1776216164.398,164.398,0.01,294.89,,,0.02,132.69,0.03,89.3,0.98,132.69,0.97,89.3,0.99,294.89,,,0.01,0.01,616.373631,1776216163000
1776216165.118,165.118,0.01,294.89,,,0.02,132.69,0.03,89.3,0.98,132.69,0.97,89.3,0.99,294.89,,,0.01,0.01,616.375026,1776216164000
1776216166.347,166.347,0.01,294.89,,,0.02,132.69,0.03,89.3,0.98,132.69,0.97,89.3,0.99,294.89,,,0.01,0.01,616.391254,1776216165000
1776216167.041,167.041,0.01,294.89,,,0.02,132.69,0.03,89.3,0.98,132.69,0.97,89.3,0.99,294.89,,,0.01,0.01,616.391254,1776216166000
1776216168.282,168.282,0.01,294.89,,,0.02,132.69,0.03,89.3,0.98,132.69,0.97,89.3,0.99,294.89,,,0.01,0.01,616.392925,1776216167000
1776216169.556,169.556,0.01,294.89,,,0.02,132.69,0.03,89.3,0.98,132.69,0.97,89.3,0.99,294.89,,,0.01,0.01,616.397335,1776216168000
1776216170.158,170.158,0.01,294.89,,,0.02,132.69,0.03,89.3,0.98,132.69,0.97,89.3,0.99,294.89,,,0.01,0.01,616.397335,1776216169000
1776216170.622,170.622,0.01,224.89,,,0.02,5.0,0.03,94.3,0.98,132.69,0.97,89.3,0.99,294.89,,,0.01,0.01,616.397335,1776216169000
1776216171.379,171.379,0.01,224.89,,,0.02,5.0,0.03,94.3,0.98,5.0,0.97,94.3,0.99,224.89,,,0.01,0.01,616.413768,1776216170000
1776216172.106,172.106,0.01,224.89,,,0.02,5.0,0.03,94.3,0.98,5.0,0.97,94.3,0.99,224.89,,,0.01,0.01,616.41611,1776216171000
1776216173.441,173.441,0.01,224.89,,,0.02,5.0,0.03,94.3,0.98,5.0,0.97,94.3,0.99,224.89,,,0.01,0.01,616.421212,1776216172000
1776216174.213,174.213,0.01,224.89,,,0.02,5.0,0.03,94.3,0.98,5.0,0.97,94.3,0.99,224.89,,,0.01,0.01,616.420136,1776216173000
1776216175.44,175.44,0.01,224.89,,,0.02,5.0,0.03,94.3,0.98,5.0,0.97,94.3,0.99,224.89,,,0.01,0.01,616.423008,1776216174000
1776216176.041,176.041,0.01,224.89,,,0.02,5.0,0.03,94.3,0.98,5.0,0.97,94.3,0.99,224.89,,,0.01,0.01,616.423008,1776216175000
1776216177.384,177.384,0.01,224.89,,,0.02,5.0,0.03,94.3,0.98,5.0,0.97,94.3,0.99,224.89,,,0.01,0.01,616.422393,1776216176000
1776216178.055,178.055,0.01,224.89,,,0.02,5.0,0.03,94.3,0.98,5.0,0.97,94.3,0.99,224.89,,,0.01,0.01,616.423752,1776216177000
1776216179.199,179.199,0.01,224.89,,,0.02,5.0,0.03,94.3,0.98,5.0,0.97,94.3,0.99,224.89,,,0.01,0.01,616.424333,1776216178000
1776216180.328,180.328,0.01,224.89,,,0.02,5.0,0.03,94.3,0.98,5.0,0.97,94.3,0.99,224.89,,,0.01,0.01,616.42573,1776216179000
1776216181.03,181.03,0.01,224.89,,,0.02,5.0,0.03,94.3,0.98,5.0,0.97,94.3,0.99,224.89,,,0.01,0.01,616.422796,1776216180000
1776216182.1,182.1,0.01,222.86,,,0.02,5.0,0.03,94.3,0.98,5.0,0.97,94.3,0.99,222.86,,,0.01,0.01,616.422809,1776216181000
1776216182.748,182.748,0.01,119.83,,,0.02,5.0,0.03,94.3,0.98,5.0,0.97,94.3,0.99,222.86,,,0.01,0.01,616.422809,1776216181000
1776216183.597,183.597,0.01,119.83,,,0.02,5.0,0.03,94.3,0.98,5.0,0.97,94.3,0.99,119.83,,,0.01,0.01,616.482695,1776216182000
1776216184.513,184.513,0.01,119.83,,,0.02,5.0,0.03,94.3,0.98,5.0,0.97,94.3,0.99,119.83,,,0.01,0.01,616.504258,1776216183000
1776216185.024,185.024,0.01,119.83,,,0.02,5.0,0.03,94.3,0.98,5.0,0.97,94.3,0.99,119.83,,,0.01,0.01,616.50609,1776216184000
1776216186.148,186.148,0.01,119.83,,,0.02,5.0,0.03,94.3,0.98,5.0,0.97,94.3,0.99,119.83,,,0.01,0.01,616.506256,1776216185000
1776216187.35,187.35,0.01,119.83,,,0.02,5.0,0.03,94.3,0.98,5.0,0.97,94.3,0.99,119.83,,,0.01,0.01,616.50609,1776216186000
1776216187.996,187.996,0.01,119.83,,,0.02,5.0,0.03,94.3,0.98,5.0,0.97,94.3,0.99,119.83,,,0.01,0.01,616.504851,1776216187000
1776216189.244,189.244,0.01,119.83,,,0.02,5.0,0.03,94.3,0.98,5.0,0.97,94.3,0.99,119.83,,,0.01,0.01,616.50363,1776216188000
1776216190.487,190.487,0.01,119.83,,,0.02,5.0,0.03,94.3,0.98,5.0,0.97,94.3,0.99,119.83,,,0.01,0.01,616.505378,1776216189000
1776216191.048,191.048,0.01,119.83,,,0.02,5.0,0.03,94.3,0.98,5.0,0.97,94.3,0.99,119.83,,,0.01,0.01,616.505377,1776216190000
1776216192.065,192.065,0.01,119.83,,,0.02,5.0,0.03,94.3,0.98,5.0,0.97,94.3,0.99,119.83,,,0.01,0.01,616.505393,1776216191000
1776216193.229,193.229,0.01,119.83,,,0.02,5.0,0.03,94.3,0.98,5.0,0.97,94.3,0.99,119.83,,,0.01,0.01,616.506361,1776216192000
1776216194.262,194.262,0.01,119.83,,,0.02,5.0,0.03,94.3,0.98,5.0,0.97,94.3,0.99,119.83,,,0.01,0.01,616.507077,1776216193000
1776216195.299,195.299,0.01,119.83,,,0.02,5.0,0.03,94.3,0.98,5.0,0.97,94.3,0.99,119.83,,,0.01,0.01,616.505339,1776216194000
1776216196.345,196.345,0.01,119.83,,,0.02,5.0,0.03,94.3,0.98,5.0,0.97,94.3,0.99,119.83,,,0.01,0.01,616.50542,1776216195000
1776216196.897,196.897,0.01,119.83,,,0.02,5.0,0.03,94.3,0.98,5.0,0.97,94.3,0.99,119.83,,,0.01,0.01,616.505903,1776216196000
1776216197.965,197.965,0.01,119.83,,,0.02,5.0,0.03,94.3,0.98,5.0,0.97,94.3,0.99,119.83,,,0.01,0.01,616.505878,1776216197000
1776216198.986,198.986,0.01,119.83,,,0.02,5.0,0.03,94.3,0.98,5.0,0.97,94.3,0.99,119.83,,,0.01,0.01,616.505717,1776216198000
1776216200.1,200.1,0.01,119.83,,,0.02,5.0,0.03,94.3,0.98,5.0,0.97,94.3,0.99,119.83,,,0.01,0.01,616.504839,1776216199000
1776216201.159,201.159,0.01,119.83,,,0.02,5.0,0.03,94.3,0.98,5.0,0.97,94.3,0.99,119.83,,,0.01,0.01,616.504942,1776216200000
1776216202.213,202.213,0.01,119.83,,,0.02,5.0,0.03,94.3,0.98,5.0,0.97,94.3,0.99,119.83,,,0.01,0.01,616.506121,1776216201000
1776216203.176,203.176,0.01,119.83,,,0.02,5.0,0.03,94.3,0.98,5.0,0.97,94.3,0.99,119.83,,,0.01,0.01,616.506121,1776216202000
1776216204.169,204.169,0.01,119.83,,,0.02,5.0,0.03,94.3,0.98,5.0,0.97,94.3,0.99,119.83,,,0.01,0.01,616.505879,1776216203000
1776216204.623,204.623,0.01,68.83,,,0.02,137.69,0.03,89.3,0.98,5.0,0.97,94.3,0.99,119.83,,,0.01,0.01,616.505879,1776216203000
1776216205.792,205.792,0.01,68.83,,,0.02,137.69,0.03,89.3,0.98,137.69,0.97,89.3,0.99,68.83,,,0.01,0.01,616.50289,1776216204000
1776216206.299,206.299,0.01,68.83,,,0.02,137.69,0.03,89.3,0.98,137.69,0.97,89.3,0.99,68.83,,,0.01,0.01,616.502458,1776216205000
1776216206.948,206.948,0.01,63.83,,,0.02,137.69,0.03,89.3,0.98,137.69,0.97,89.3,0.99,68.83,,,0.01,0.01,616.502458,1776216205000
1776216207.959,207.959,0.01,63.83,,,0.02,137.69,0.03,89.3,0.98,137.69,0.97,89.3,0.99,63.83,,,0.01,0.01,616.502634,1776216207000
1776216209.067,209.067,0.01,63.83,,,0.02,137.69,0.03,89.3,0.98,137.69,0.97,89.3,0.99,63.83,,,0.01,0.01,616.503047,1776216208000
1776216210.164,210.164,0.01,63.83,,,0.02,137.69,0.03,89.3,0.98,137.69,0.97,89.3,0.99,63.83,,,0.01,0.01,616.499932,1776216209000
1776216211.159,211.159,0.01,63.83,,,0.02,137.69,0.03,89.3,0.98,137.69,0.97,89.3,0.99,63.83,,,0.01,0.01,616.502783,1776216210000
1776216212.317,212.317,0.01,63.83,,,0.02,137.69,0.03,89.3,0.98,137.69,0.97,89.3,0.99,63.83,,,0.01,0.01,616.502278,1776216211000
1776216212.868,212.868,0.01,63.83,,,0.02,137.69,0.03,89.3,0.98,137.69,0.97,89.3,0.99,63.83,,,0.01,0.01,616.500911,1776216212000
1776216213.939,213.939,0.01,63.83,,,0.02,137.69,0.03,89.3,0.98,137.69,0.97,89.3,0.99,63.83,,,0.01,0.01,616.500586,1776216213000
1776216214.934,214.934,0.01,63.83,,,0.02,137.69,0.03,89.3,0.98,137.69,0.97,89.3,0.99,63.83,,,0.01,0.01,616.476252,1776216214000
1776216216.009,216.009,0.01,63.83,,,0.02,137.69,0.03,89.3,0.98,137.69,0.97,89.3,0.99,63.83,,,0.01,0.01,616.47544,1776216215000
1776216216.322,216.322,0.01,38.58,,,0.02,137.69,0.03,89.3,0.98,137.69,0.97,89.3,0.99,63.83,,,0.01,0.01,616.47544,1776216215000
1776216217.1,217.1,0.01,38.58,,,0.02,137.69,0.03,89.3,0.98,137.69,0.97,89.3,0.99,38.58,,,0.01,0.01,616.472748,1776216216000
1776216218.209,218.209,0.01,38.58,,,0.02,137.69,0.03,89.3,0.98,137.69,0.97,89.3,0.99,38.58,,,0.01,0.01,616.414975,1776216217000
1776216218.595,218.595,0.01,20.58,,,0.02,137.69,0.03,89.3,0.98,137.69,0.97,89.3,0.99,38.58,,,0.01,0.01,616.414975,1776216217000
1776216219.833,219.833,0.01,20.58,,,0.02,137.69,0.03,89.3,0.98,137.69,0.97,89.3,0.99,20.58,,,0.01,0.01,616.414833,1776216218000
1776216220.384,220.384,0.01,20.58,,,0.02,137.69,0.03,89.3,0.98,137.69,0.97,89.3,0.99,20.58,,,0.01,0.01,616.414185,1776216219000
1776216220.98,220.98,0.01,20.58,,,0.02,137.69,0.03,89.3,0.98,137.69,0.97,89.3,0.99,20.58,,,0.01,0.01,616.418256,1776216220000
1776216222.163,222.163,0.01,20.58,,,0.02,137.69,0.03,89.3,0.98,137.69,0.97,89.3,0.99,20.58,,,0.01,0.01,616.418011,1776216221000
1776216223.35,223.35,0.01,20.58,,,0.02,137.69,0.03,89.3,0.98,137.69,0.97,89.3,0.99,20.58,,,0.01,0.01,616.41756,1776216222000
1776216224.439,224.439,0.01,20.58,,,0.02,137.69,0.03,89.3,0.98,137.69,0.97,89.3,0.99,20.58,,,0.01,0.01,616.418155,1776216223000
1776216225.003,225.003,0.01,20.58,,,0.02,137.69,0.03,89.3,0.98,137.69,0.97,89.3,0.99,20.58,,,0.01,0.01,616.415136,1776216224000
1776216226.079,226.079,0.01,20.58,,,0.02,137.69,0.03,89.3,0.98,137.69,0.97,89.3,0.99,20.58,,,0.01,0.01,616.415129,1776216225000
1776216227.212,227.212,0.01,20.58,,,0.02,137.69,0.03,89.3,0.98,137.69,0.97,89.3,0.99,20.58,,,0.01,0.01,616.414534,1776216226000
1776216228.33,228.33,0.01,20.58,,,0.02,137.69,0.03,89.3,0.98,137.69,0.97,89.3,0.99,20.58,,,0.01,0.01,616.416948,1776216227000
1776216229.41,229.41,0.01,20.58,,,0.02,137.69,0.03,89.3,0.98,137.69,0.97,89.3,0.99,20.58,,,0.01,0.01,616.419583,1776216228000
1776216229.896,229.896,0.01,20.58,,,0.02,137.69,0.03,89.3,0.98,137.69,0.97,89.3,0.99,20.58,,,0.01,0.01,616.419637,1776216229000
1776216231.07,231.07,0.01,10.58,,,0.02,137.69,0.03,89.3,0.98,137.69,0.97,89.3,0.99,20.58,,,0.01,0.01,616.419637,1776216229000
1776216232.221,232.221,0.01,10.58,,,0.02,137.69,0.03,89.3,0.98,137.69,0.97,89.3,0.99,10.58,,,0.01,0.01,616.418987,1776216231000
1776216233.307,233.307,0.01,10.58,,,0.02,137.69,0.03,89.3,0.98,137.69,0.97,89.3,0.99,10.58,,,0.01,0.01,616.420698,1776216232000
1776216234.802,234.802,0.01,10.58,,,0.02,137.69,0.03,89.3,0.98,137.69,0.97,89.3,0.99,10.58,,,0.01,0.01,616.420157,1776216233000
1776216235.497,235.497,0.01,10.58,,,0.02,137.69,0.03,89.3,0.98,137.69,0.97,89.3,0.99,10.58,,,0.01,0.01,616.420395,1776216234000
1776216236.3,236.3,0.01,10.58,,,0.02,137.69,0.03,89.3,0.98,137.69,0.97,89.3,0.99,10.58,,,0.01,0.01,616.420475,1776216235000
1776216237.056,237.056,0.01,10.58,,,0.02,137.69,0.03,89.3,0.98,137.69,0.97,89.3,0.99,10.58,,,0.01,0.01,616.420572,1776216236000
1776216238.472,238.472,0.01,10.58,,,0.02,137.69,0.03,89.3,0.98,137.69,0.97,89.3,0.99,10.58,,,0.01,0.01,616.417122,1776216237000
1776216239.289,239.289,0.01,10.58,,,0.02,137.69,0.03,89.3,0.98,137.69,0.97,89.3,0.99,10.58,,,0.01,0.01,616.417308,1776216238000
1776216240.138,240.138,0.01,10.58,,,0.02,137.69,0.03,89.3,0.98,137.69,0.97,89.3,0.99,10.58,,,0.01,0.01,616.417308,1776216239000
1776216241.39,241.39,0.01,10.58,,,0.02,137.69,0.03,89.3,0.98,137.69,0.97,89.3,0.99,10.58,,,0.01,0.01,616.417556,1776216240000
1776216242.082,242.082,0.01,10.58,,,0.02,137.69,0.03,89.3,0.98,137.69,0.97,89.3,0.99,10.58,,,0.01,0.01,616.4206,1776216241000
1776216242.287,242.287,,,,,0.01,989.42,0.02,137.69,0.98,137.69,0.97,89.3,0.99,10.58,,,,0.01,616.4206,1776216241000
1776216242.605,242.605,,,,,0.01,984.46,0.02,137.69,0.99,989.42,0.98,137.69,,,,,,,616.4206,1776216241000
1776216243.423,243.423,,,,,0.01,984.46,0.02,137.69,0.99,984.46,0.98,137.69,,,,,,,616.4206,1776216242000
1776216244.101,244.101,,,,,0.01,984.46,0.02,137.69,0.99,984.46,0.98,137.69,,,,,,,616.416064,1776216243000
1776216245.5,245.5,,,,,0.01,984.46,0.02,137.69,0.99,984.46,0.98,137.69,,,,,,,616.396608,1776216244000
1776216246.263,246.263,,,,,0.01,984.46,0.02,137.69,0.99,984.46,0.98,137.69,,,,,,,616.386774,1776216245000
1776216247.675,247.675,,,,,0.01,984.46,0.02,137.69,0.99,984.46,0.98,137.69,,,,,,,616.384268,1776216246000
1776216248.326,248.326,,,,,0.01,984.46,0.02,137.69,0.99,984.46,0.98,137.69,,,,,,,616.384648,1776216247000
1776216249.598,249.598,,,,,0.01,984.46,0.02,137.69,0.99,984.46,0.98,137.69,,,,,,,616.385371,1776216248000
1776216250.332,250.332,,,,,0.01,984.46,0.02,137.69,0.99,984.46,0.98,137.69,,,,,,,616.385371,1776216249000
1776216251.017,251.017,,,,,0.01,984.46,0.02,137.69,0.99,984.46,0.98,137.69,,,,,,,616.38084,1776216250000
1776216252.747,252.747,,,,,0.01,984.46,0.02,137.69,0.99,984.46,0.98,137.69,,,,,,,616.381558,1776216251000
1776216253.304,253.304,0.001,168.97,,,0.002,25.05,0.01,1540.97,0.998,25.05,0.99,1540.97,0.999,198.99,,,0.001,0.001,616.381558,1776216251000
1776216253.553,253.553,0.001,168.97,,,0.002,25.05,0.01,1540.97,0.998,25.05,0.99,1540.97,0.999,168.97,,,0.001,0.001,616.381342,1776216252000
1776216254.08,254.08,0.001,168.97,,,0.002,25.05,0.01,1540.97,0.998,25.05,0.99,1540.97,0.999,168.97,,,0.001,0.001,616.381326,1776216253000
1776216255.522,255.522,0.001,168.97,,,0.002,25.05,0.01,1540.97,0.998,25.05,0.99,1540.97,0.999,168.97,,,0.001,0.001,616.385646,1776216254000
1776216256.148,256.148,0.001,168.97,,,0.002,25.05,0.01,1540.97,0.998,25.05,0.99,1540.97,0.999,168.97,,,0.001,0.001,616.385808,1776216255000
1776216257.33,257.33,0.001,369.24,,,0.002,25.05,0.01,2077.97,0.998,25.05,0.99,1540.97,0.999,168.97,,,0.001,0.001,616.385808,1776216255000
1776216258.25,258.25,0.001,369.24,,,0.002,25.05,0.01,2077.97,0.998,25.05,0.99,2077.97,0.999,369.24,,,0.001,0.001,616.391842,1776216257000
1776216259.535,259.535,0.001,369.24,,,0.002,25.05,0.01,2077.97,0.998,25.05,0.99,2077.97,0.999,369.24,,,0.001,0.001,616.392187,1776216258000
1776216260.548,260.548,0.001,369.24,,,0.002,25.05,0.01,2077.97,0.998,25.05,0.99,2077.97,0.999,369.24,,,0.001,0.001,616.389472,1776216259000
1776216261.362,261.362,0.001,369.24,,,0.002,25.05,0.01,2077.97,0.998,25.05,0.99,2077.97,0.999,369.24,,,0.001,0.001,616.390738,1776216260000
1776216261.687,261.687,0.001,361.25,,,0.002,25.05,0.01,2077.97,0.998,25.05,0.99,2077.97,0.999,369.24,,,0.001,0.001,616.390738,1776216260000
1776216262.642,262.642,0.001,361.25,,,0.002,25.05,0.01,2077.97,0.998,25.05,0.99,2077.97,0.999,361.25,,,0.001,0.001,616.395242,1776216261000
1776216263.387,263.387,0.001,361.25,,,0.002,25.05,0.01,2077.97,0.998,25.05,0.99,2077.97,0.999,361.25,,,0.001,0.001,616.395189,1776216262000
1776216264.091,264.091,0.001,361.25,,,0.002,25.05,0.01,2077.97,0.998,25.05,0.99,2077.97,0.999,361.25,,,0.001,0.001,616.398055,1776216263000
1776216265.616,265.616,0.001,361.25,,,0.002,25.05,0.01,2077.97,0.998,25.05,0.99,2077.97,0.999,361.25,,,0.001,0.001,616.399538,1776216264000
1776216266.447,266.447,0.001,110.24,,,0.002,25.05,0.01,2077.97,0.998,25.05,0.99,2077.97,0.999,110.24,,,0.001,0.001,616.398567,1776216265000
1776216267.286,267.286,0.001,110.24,,,0.002,25.05,0.01,2077.97,0.998,25.05,0.99,2077.97,0.999,110.24,,,0.001,0.001,616.400243,1776216266000
1776216267.702,267.702,0.001,103.25,,,0.002,25.05,0.01,2077.97,0.998,25.05,0.99,2077.97,0.999,110.24,,,0.001,0.001,616.400243,1776216266000
1776216267.986,267.986,0.001,103.25,,,0.002,25.05,0.01,2077.97,0.998,25.05,0.99,2077.97,0.999,103.25,,,0.001,0.001,616.398928,1776216267000
1776216268.847,268.847,0.001,96.26,,,0.002,25.05,0.01,2077.97,0.998,25.05,0.99,2077.97,0.999,103.25,,,0.001,0.001,616.398928,1776216267000
1776216269.268,269.268,0.001,96.26,,,0.002,25.05,0.01,2077.97,0.998,25.05,0.99,2077.97,0.999,96.26,,,0.001,0.001,616.398928,1776216268000
1776216269.993,269.993,0.001,96.26,,,0.002,25.05,0.01,2077.97,0.998,25.05,0.99,2077.97,0.999,96.26,,,0.001,0.001,616.397316,1776216269000
1776216270.938,270.938,0.001,96.26,,,0.002,25.05,0.01,2077.97,0.998,25.05,0.99,2077.97,0.999,96.26,,,0.001,0.001,616.396837,1776216270000
1776216271.388,271.388,0.001,89.27,,,0.002,25.05,0.01,2736.53,0.998,25.05,0.99,2077.97,0.999,96.26,,,0.001,0.001,616.396837,1776216270000
1776216272.047,272.047,0.001,89.27,,,0.002,25.05,0.01,2736.53,0.998,25.05,0.99,2736.53,0.999,89.27,,,0.001,0.001,616.396905,1776216271000
1776216273.131,273.131,0.001,89.27,,,0.002,25.05,0.01,2736.53,0.998,25.05,0.99,2736.53,0.999,89.27,,,0.001,0.001,616.396905,1776216272000
1776216274.195,274.195,0.001,89.27,,,0.002,25.05,0.01,2736.53,0.998,25.05,0.99,2736.53,0.999,89.27,,,0.001,0.001,616.395735,1776216273000
1776216275.32,275.32,0.001,89.27,,,0.002,25.05,0.01,2736.53,0.998,25.05,0.99,2736.53,0.999,89.27,,,0.001,0.001,616.395765,1776216274000
1776216276.339,276.339,0.001,83.28,,,0.002,25.05,0.01,2736.28,0.998,25.05,0.99,2736.28,0.999,83.28,,,0.001,0.001,616.399716,1776216275000
1776216277.315,277.315,0.001,83.28,,,0.002,25.05,0.01,2736.28,0.998,25.05,0.99,2736.28,0.999,83.28,,,0.001,0.001,616.403674,1776216276000
1776216277.964,277.964,0.001,83.28,,,0.002,25.05,0.01,2736.28,0.998,25.05,0.99,2736.28,0.999,83.28,,,0.001,0.001,616.403674,1776216277000
1776216278.956,278.956,0.001,83.28,,,0.002,25.05,0.01,2736.28,0.998,25.05,0.99,2736.28,0.999,83.28,,,0.001,0.001,616.403004,1776216278000
1776216279.857,279.857,,,,,0.001,224.73,0.002,25.05,0.998,25.05,0.99,2736.28,0.999,83.28,,,,0.001,616.403004,1776216278000
1776216280.15,280.15,,,,,0.001,224.73,0.002,25.05,0.999,224.73,0.998,25.05,,,,,,,616.402452,1776216279000
1776216281.192,281.192,,,,,0.001,224.73,0.002,25.05,0.999,224.73,0.998,25.05,,,,,,,616.407255,1776216280000
1776216282.16,282.16,,,,,0.001,224.73,0.002,25.05,0.999,224.73,0.998,25.05,,,,,,,616.407255,1776216281000
1776216283.29,283.29,,,,,0.001,224.73,0.002,25.05,0.999,224.73,0.998,25.05,,,,,,,616.410475,1776216282000
1776216284.994,284.994,,,,,0.001,224.73,0.002,25.05,0.999,224.73,0.998,25.05,,,,,,,616.410475,1776216283000
1776216285.572,285.572,,,,,0.001,224.73,0.002,25.05,0.999,224.73,0.998,25.05,,,,,,,616.410225,1776216284000
1776216286.068,286.068,,,,,0.001,224.73,0.002,25.05,0.999,224.73,0.998,25.05,,,,,,,616.40619,1776216285000
1776216287.232,287.232,,,,,0.001,224.73,0.002,25.05,0.999,224.73,0.998,25.05,,,,,,,616.411134,1776216286000
1776216288.364,288.364,,,,,0.001,224.73,0.002,25.05,0.999,224.73,0.998,25.05,,,,,,,616.410633,1776216287000
1776216288.981,288.981,,,,,0.001,224.73,0.002,25.05,0.999,224.73,0.998,25.05,,,,,,,616.410633,1776216288000
1776216290.228,290.228,,,,,0.001,224.73,0.002,25.05,0.999,224.73,0.998,25.05,,,,,,,616.410047,1776216289000
1776216291.326,291.326,,,,,0.001,224.73,0.002,25.05,0.999,224.73,0.998,25.05,,,,,,,616.41154,1776216290000
1776216292.49,292.49,,,,,0.001,224.73,0.002,25.05,0.999,224.73,0.998,25.05,,,,,,,616.415747,1776216291000
1776216293.033,293.033,,,,,0.001,224.73,0.002,25.05,0.999,224.73,0.998,25.05,,,,,,,616.419858,1776216292000
1776216294.186,294.186,,,,,0.001,224.73,0.002,25.05,0.999,224.73,0.998,25.05,,,,,,,616.419673,1776216293000
1776216295.267,295.267,,,,,0.001,224.73,0.002,25.05,0.999,224.73,0.998,25.05,,,,,,,616.474108,1776216294000
1776216296.305,296.305,,,,,0.001,224.73,0.002,25.05,0.999,224.73,0.998,25.05,,,,,,,616.478483,1776216295000
1776216297.385,297.385,,,,,0.001,224.73,0.002,25.05,0.999,224.73,0.998,25.05,,,,,,,616.523,1776216296000
1776216297.947,297.947,,,,,0.001,224.73,0.002,25.05,0.999,224.73,0.998,25.05,,,,,,,616.523,1776216297000
1776216299.799,299.799,,,,,0.001,224.73,0.002,25.05,0.999,224.73,0.998,25.05,,,,,,,616.514141,1776216298000
1776216300.483,300.483,,,,,0.001,224.73,0.002,25.05,0.999,224.73,0.998,25.05,,,,,,,616.538449,1776216299000
1776216301.067,301.067,,,,,0.001,224.73,0.002,25.05,0.999,224.73,0.998,25.05,,,,,,,616.538449,1776216300000
1776216302.33,302.33,,,,,0.001,224.73,0.002,25.05,0.999,224.73,0.998,25.05,,,,,,,616.549684,1776216301000
1776216302.831,302.831,,,,,0.001,224.73,0.002,25.05,0.999,224.73,0.998,25.05,,,,,,,616.549684,1776216302000

# RESULT,winner=Down,slug=bnb-updown-5m-1776216000,ticks=323
