timestamp,elapsed_sec,up_bid_p1,up_bid_s1,up_bid_p2,up_bid_s2,up_ask_p1,up_ask_s1,up_ask_p2,up_ask_s2,down_bid_p1,down_bid_s1,down_bid_p2,down_bid_s2,down_ask_p1,down_ask_s1,down_ask_p2,down_ask_s2,up_spread,down_spread,bnb_price,bnb_oracle_ts
1776222001.417,1.417,0.33,300.0,0.31,375.0,0.67,300.0,0.69,375.0,0.33,300.0,0.31,375.0,0.67,300.0,0.69,375.0,0.34,0.34,616.298,1776222000000
1776222001.732,1.732,0.33,300.0,0.31,375.0,0.67,300.0,0.69,375.0,0.33,300.0,0.31,375.0,0.67,300.0,0.69,375.0,0.34,0.34,616.298,1776222000000
1776222001.941,1.941,0.33,300.0,0.31,375.0,0.67,300.0,0.69,375.0,0.33,300.0,0.31,375.0,0.67,300.0,0.69,375.0,0.34,0.34,616.299,1776222001000
1776222002.994,2.994,0.33,300.0,0.31,375.0,0.67,300.0,0.69,375.0,0.33,300.0,0.31,375.0,0.67,300.0,0.69,375.0,0.34,0.34,616.303,1776222002000
1776222003.997,3.997,0.33,300.0,0.31,375.0,0.67,300.0,0.69,375.0,0.33,300.0,0.31,375.0,0.67,300.0,0.69,375.0,0.34,0.34,616.314,1776222003000
1776222004.936,4.936,0.33,300.0,0.31,375.0,0.67,300.0,0.69,375.0,0.33,300.0,0.31,375.0,0.67,300.0,0.69,375.0,0.34,0.34,616.303227,1776222004000
1776222006.049,6.049,0.33,300.0,0.31,375.0,0.67,300.0,0.69,375.0,0.33,300.0,0.31,375.0,0.67,300.0,0.69,375.0,0.34,0.34,616.28872,1776222005000
1776222007.733,7.733,0.33,300.0,0.31,375.0,0.67,300.0,0.69,375.0,0.33,300.0,0.31,375.0,0.67,300.0,0.69,375.0,0.34,0.34,616.273,1776222006000
1776222008.413,8.413,0.33,300.0,0.31,375.0,0.67,300.0,0.69,375.0,0.33,300.0,0.31,375.0,0.67,300.0,0.69,375.0,0.34,0.34,616.285958,1776222007000
1776222008.907,8.907,0.55,5.0,0.54,5.0,0.64,4.4,0.65,5.0,0.33,300.0,0.31,375.0,0.67,300.0,0.69,375.0,0.09,0.34,616.285958,1776222007000
1776222010.226,10.226,0.55,5.0,0.54,5.0,0.64,4.4,0.65,5.0,0.36,4.4,0.35,5.0,0.45,5.0,0.46,5.0,0.09,0.09,616.343,1776222009000
1776222011.771,11.771,0.55,5.0,0.54,5.0,0.64,4.4,0.65,5.0,0.36,4.4,0.35,5.0,0.45,5.0,0.46,5.0,0.09,0.09,616.357225,1776222010000
1776222012.468,12.468,0.55,5.0,0.54,5.0,0.64,4.4,0.65,5.0,0.36,4.4,0.35,5.0,0.45,5.0,0.46,5.0,0.09,0.09,616.31921,1776222011000
1776222013.162,13.162,0.55,5.0,0.54,5.0,0.64,4.4,0.65,5.0,0.36,4.4,0.35,5.0,0.45,5.0,0.46,5.0,0.09,0.09,616.31862,1776222012000
1776222014.305,14.305,0.55,5.0,0.54,5.0,0.64,4.4,0.65,5.0,0.36,4.4,0.35,5.0,0.45,5.0,0.46,5.0,0.09,0.09,616.287819,1776222013000
1776222015.561,15.561,0.55,5.0,0.54,5.0,0.64,4.4,0.65,5.0,0.36,4.4,0.35,5.0,0.45,5.0,0.46,5.0,0.09,0.09,616.296649,1776222014000
1776222016.183,16.183,0.55,5.0,0.54,5.0,0.64,4.4,0.65,5.0,0.36,4.4,0.35,5.0,0.45,5.0,0.46,5.0,0.09,0.09,616.285772,1776222015000
1776222017.254,17.254,0.55,5.0,0.54,5.0,0.64,4.4,0.65,5.0,0.36,4.4,0.35,5.0,0.45,5.0,0.46,5.0,0.09,0.09,616.285772,1776222016000
1776222018.476,18.476,0.55,5.0,0.54,5.0,0.64,4.4,0.65,5.0,0.36,4.4,0.35,5.0,0.45,5.0,0.46,5.0,0.09,0.09,616.285709,1776222017000
1776222019.075,19.075,0.55,5.0,0.54,5.0,0.64,4.4,0.65,5.0,0.36,4.4,0.35,5.0,0.45,5.0,0.46,5.0,0.09,0.09,616.281788,1776222018000
1776222020.206,20.206,0.55,5.0,0.54,5.0,0.64,4.4,0.65,5.0,0.36,4.4,0.35,5.0,0.45,5.0,0.46,5.0,0.09,0.09,616.274387,1776222019000
1776222021.297,21.297,0.55,5.0,0.54,5.0,0.64,4.4,0.65,5.0,0.36,4.4,0.35,5.0,0.45,5.0,0.46,5.0,0.09,0.09,616.274378,1776222020000
1776222022.535,22.535,0.55,5.0,0.54,5.0,0.64,4.4,0.65,5.0,0.36,4.4,0.35,5.0,0.45,5.0,0.46,5.0,0.09,0.09,616.274884,1776222021000
1776222023.403,23.403,0.55,5.0,0.54,5.0,0.64,4.4,0.65,5.0,0.36,4.4,0.35,5.0,0.45,5.0,0.46,5.0,0.09,0.09,616.274922,1776222022000
1776222023.974,23.974,0.55,5.0,0.54,5.0,0.64,4.4,0.65,5.0,0.36,4.4,0.35,5.0,0.45,5.0,0.46,5.0,0.09,0.09,616.267405,1776222023000
1776222025.174,25.174,0.55,5.0,0.54,5.0,0.64,4.4,0.65,5.0,0.36,4.4,0.35,5.0,0.45,5.0,0.46,5.0,0.09,0.09,616.276,1776222024000
1776222026.313,26.313,0.55,5.0,0.54,5.0,0.64,4.4,0.65,5.0,0.36,4.4,0.35,5.0,0.45,5.0,0.46,5.0,0.09,0.09,616.288,1776222025000
1776222027.43,27.43,0.55,5.0,0.54,5.0,0.64,4.4,0.65,5.0,0.36,4.4,0.35,5.0,0.45,5.0,0.46,5.0,0.09,0.09,616.246615,1776222026000
1776222028.016,28.016,0.55,5.0,0.54,5.0,0.64,4.4,0.65,5.0,0.36,4.4,0.35,5.0,0.45,5.0,0.46,5.0,0.09,0.09,616.262906,1776222027000
1776222029.169,29.169,0.55,5.0,0.54,5.0,0.64,4.4,0.65,5.0,0.36,4.4,0.35,5.0,0.45,5.0,0.46,5.0,0.09,0.09,616.262769,1776222028000
1776222030.267,30.267,0.55,5.0,0.54,5.0,0.64,4.4,0.65,5.0,0.36,4.4,0.35,5.0,0.45,5.0,0.46,5.0,0.09,0.09,616.204975,1776222029000
1776222030.577,30.577,0.39,5.0,0.32,11.25,0.51,60.0,0.56,5.0,0.36,4.4,0.35,5.0,0.45,5.0,0.46,5.0,0.12,0.09,616.204975,1776222029000
1776222031.354,31.354,0.39,5.0,0.32,11.25,0.51,60.0,0.56,5.0,0.49,60.0,0.44,5.0,0.61,5.0,0.68,11.25,0.12,0.12,616.182803,1776222030000
1776222031.89,31.89,0.39,5.0,0.32,11.25,0.51,60.0,0.56,5.0,0.49,60.0,0.44,5.0,0.61,5.0,0.68,11.25,0.12,0.12,616.189276,1776222031000
1776222033.063,33.063,0.32,11.25,0.31,5.0,0.51,60.0,0.56,5.0,0.49,60.0,0.44,5.0,0.68,11.25,0.69,5.0,0.19,0.19,616.19,1776222032000
1776222034.264,34.264,0.32,11.25,0.31,5.0,0.51,60.0,0.56,5.0,0.49,60.0,0.44,5.0,0.68,11.25,0.69,5.0,0.19,0.19,616.188316,1776222033000
1776222035.308,35.308,0.32,11.25,0.31,5.0,0.51,60.0,0.56,5.0,0.49,60.0,0.44,5.0,0.68,11.25,0.69,5.0,0.19,0.19,616.188586,1776222034000
1776222036.406,36.406,0.32,11.25,0.31,5.0,0.51,60.0,0.56,5.0,0.49,60.0,0.44,5.0,0.68,11.25,0.69,5.0,0.19,0.19,616.177,1776222035000
1776222037.035,37.035,0.32,11.25,0.31,5.0,0.51,60.0,0.56,5.0,0.49,60.0,0.44,5.0,0.68,11.25,0.69,5.0,0.19,0.19,616.178,1776222036000
1776222038.098,38.098,0.32,11.25,0.31,5.0,0.51,60.0,0.56,5.0,0.49,60.0,0.44,5.0,0.68,11.25,0.69,5.0,0.19,0.19,616.1873,1776222037000
1776222039.225,39.225,0.32,11.25,0.31,5.0,0.51,60.0,0.56,5.0,0.49,60.0,0.44,5.0,0.68,11.25,0.69,5.0,0.19,0.19,616.186,1776222038000
1776222040.171,40.171,0.32,11.25,0.31,5.0,0.51,60.0,0.56,5.0,0.49,60.0,0.44,5.0,0.68,11.25,0.69,5.0,0.19,0.19,616.186,1776222039000
1776222041.205,41.205,0.32,11.25,0.31,5.0,0.51,60.0,0.56,5.0,0.49,60.0,0.44,5.0,0.68,11.25,0.69,5.0,0.19,0.19,616.15387,1776222040000
1776222042.313,42.313,0.32,11.25,0.31,5.0,0.51,60.0,0.56,5.0,0.49,60.0,0.44,5.0,0.68,11.25,0.69,5.0,0.19,0.19,616.15143,1776222041000
1776222043.294,43.294,0.32,11.25,0.31,5.0,0.51,60.0,0.56,5.0,0.49,60.0,0.44,5.0,0.68,11.25,0.69,5.0,0.19,0.19,616.15371,1776222042000
1776222043.947,43.947,0.32,11.25,0.31,5.0,0.51,60.0,0.56,5.0,0.49,60.0,0.44,5.0,0.68,11.25,0.69,5.0,0.19,0.19,616.15371,1776222043000
1776222044.944,44.944,0.32,11.25,0.31,5.0,0.51,60.0,0.56,5.0,0.49,60.0,0.44,5.0,0.68,11.25,0.69,5.0,0.19,0.19,616.157,1776222044000
1776222045.946,45.946,0.32,11.25,0.31,5.0,0.51,60.0,0.56,5.0,0.49,60.0,0.44,5.0,0.68,11.25,0.69,5.0,0.19,0.19,616.159,1776222045000
1776222046.963,46.963,0.32,11.25,0.31,5.0,0.51,60.0,0.56,5.0,0.49,60.0,0.44,5.0,0.68,11.25,0.69,5.0,0.19,0.19,616.155,1776222046000
1776222047.992,47.992,0.32,11.25,0.31,5.0,0.51,60.0,0.56,5.0,0.49,60.0,0.44,5.0,0.68,11.25,0.69,5.0,0.19,0.19,616.147,1776222047000
1776222049.063,49.063,0.32,11.25,0.31,5.0,0.51,60.0,0.56,5.0,0.49,60.0,0.44,5.0,0.68,11.25,0.69,5.0,0.19,0.19,616.147,1776222048000
1776222050.01,50.01,0.32,11.25,0.31,5.0,0.51,60.0,0.56,5.0,0.49,60.0,0.44,5.0,0.68,11.25,0.69,5.0,0.19,0.19,616.153702,1776222049000
1776222051.559,51.559,0.32,11.25,0.31,5.0,0.51,60.0,0.56,5.0,0.49,60.0,0.44,5.0,0.68,11.25,0.69,5.0,0.19,0.19,616.157912,1776222050000
1776222052.119,52.119,0.32,11.25,0.31,5.0,0.51,60.0,0.56,5.0,0.49,60.0,0.44,5.0,0.68,11.25,0.69,5.0,0.19,0.19,616.157969,1776222051000
1776222053.134,53.134,0.32,11.25,0.31,5.0,0.51,60.0,0.56,5.0,0.49,60.0,0.44,5.0,0.68,11.25,0.69,5.0,0.19,0.19,616.158016,1776222052000
1776222054.275,54.275,0.32,11.25,0.31,5.0,0.51,60.0,0.56,5.0,0.49,60.0,0.44,5.0,0.68,11.25,0.69,5.0,0.19,0.19,616.161,1776222053000
1776222055.383,55.383,0.32,11.25,0.31,5.0,0.51,60.0,0.56,5.0,0.49,60.0,0.44,5.0,0.68,11.25,0.69,5.0,0.19,0.19,616.152037,1776222054000
1776222056.001,56.001,0.32,11.25,0.31,5.0,0.51,60.0,0.56,5.0,0.49,60.0,0.44,5.0,0.68,11.25,0.69,5.0,0.19,0.19,616.167,1776222055000
1776222057.136,57.136,0.32,11.25,0.31,5.0,0.51,60.0,0.56,5.0,0.49,60.0,0.44,5.0,0.68,11.25,0.69,5.0,0.19,0.19,616.17893,1776222056000
1776222058.23,58.23,0.32,11.25,0.31,5.0,0.51,60.0,0.56,5.0,0.49,60.0,0.44,5.0,0.68,11.25,0.69,5.0,0.19,0.19,616.17478,1776222057000
1776222059.437,59.437,0.32,11.25,0.31,5.0,0.51,60.0,0.56,5.0,0.49,60.0,0.44,5.0,0.68,11.25,0.69,5.0,0.19,0.19,616.206466,1776222058000
1776222059.981,59.981,0.3,12.4,0.29,12.6,0.45,5.0,0.46,5.0,0.55,5.0,0.54,5.0,0.7,12.4,0.71,12.6,0.15,0.15,616.19629,1776222059000
1776222061.083,61.083,0.3,12.4,0.29,12.6,0.45,5.0,0.46,5.0,0.55,5.0,0.54,5.0,0.7,12.4,0.71,12.6,0.15,0.15,616.19672,1776222060000
1776222062.169,62.169,0.3,12.4,0.29,12.6,0.45,5.0,0.46,5.0,0.55,5.0,0.54,5.0,0.7,12.4,0.71,12.6,0.15,0.15,616.21601,1776222061000
1776222063.26,63.26,0.3,12.4,0.29,12.6,0.45,5.0,0.46,5.0,0.55,5.0,0.54,5.0,0.7,12.4,0.71,12.6,0.15,0.15,616.18391,1776222062000
1776222064.318,64.318,0.3,12.4,0.29,12.6,0.45,5.0,0.46,5.0,0.55,5.0,0.54,5.0,0.7,12.4,0.71,12.6,0.15,0.15,616.16441,1776222063000
1776222064.878,64.878,0.3,12.4,0.29,12.6,0.45,5.0,0.46,5.0,0.55,5.0,0.54,5.0,0.7,12.4,0.71,12.6,0.15,0.15,616.16473,1776222064000
1776222066.173,66.173,0.3,12.4,0.29,12.6,0.45,5.0,0.46,5.0,0.55,5.0,0.54,5.0,0.7,12.4,0.71,12.6,0.15,0.15,616.17896,1776222065000
1776222067.248,67.248,0.3,12.4,0.29,12.6,0.45,5.0,0.46,5.0,0.55,5.0,0.54,5.0,0.7,12.4,0.71,12.6,0.15,0.15,616.17695,1776222066000
1776222068.34,68.34,0.3,12.4,0.29,12.6,0.45,5.0,0.46,5.0,0.55,5.0,0.54,5.0,0.7,12.4,0.71,12.6,0.15,0.15,616.17619,1776222067000
1776222068.955,68.955,0.3,12.4,0.29,12.6,0.45,5.0,0.46,5.0,0.55,5.0,0.54,5.0,0.7,12.4,0.71,12.6,0.15,0.15,616.18109,1776222068000
1776222070.039,70.039,0.3,12.4,0.29,12.6,0.45,5.0,0.46,5.0,0.55,5.0,0.54,5.0,0.7,12.4,0.71,12.6,0.15,0.15,616.171001,1776222069000
1776222071.042,71.042,0.3,12.4,0.29,12.6,0.45,5.0,0.46,5.0,0.55,5.0,0.54,5.0,0.7,12.4,0.71,12.6,0.15,0.15,616.14087,1776222070000
1776222072.172,72.172,0.3,12.4,0.29,12.6,0.45,5.0,0.46,5.0,0.55,5.0,0.54,5.0,0.7,12.4,0.71,12.6,0.15,0.15,616.109279,1776222071000
1776222073.098,73.098,0.3,12.4,0.29,12.6,0.45,5.0,0.46,5.0,0.55,5.0,0.54,5.0,0.7,12.4,0.71,12.6,0.15,0.15,616.098,1776222072000
1776222074.078,74.078,0.3,12.4,0.29,12.6,0.45,5.0,0.46,5.0,0.55,5.0,0.54,5.0,0.7,12.4,0.71,12.6,0.15,0.15,616.082,1776222073000
1776222075.196,75.196,0.3,12.4,0.29,12.6,0.45,5.0,0.46,5.0,0.55,5.0,0.54,5.0,0.7,12.4,0.71,12.6,0.15,0.15,616.073,1776222074000
1776222076.261,76.261,0.3,12.4,0.29,12.6,0.45,5.0,0.46,5.0,0.55,5.0,0.54,5.0,0.7,12.4,0.71,12.6,0.15,0.15,616.073,1776222075000
1776222077.351,77.351,0.3,12.4,0.29,12.6,0.45,5.0,0.46,5.0,0.55,5.0,0.54,5.0,0.7,12.4,0.71,12.6,0.15,0.15,616.071822,1776222076000
1776222077.838,77.838,0.3,12.4,0.29,12.6,0.45,5.0,0.46,5.0,0.55,5.0,0.54,5.0,0.7,12.4,0.71,12.6,0.15,0.15,616.07182,1776222077000
1776222079.255,79.255,0.3,12.4,0.29,12.6,0.45,5.0,0.46,5.0,0.55,5.0,0.54,5.0,0.7,12.4,0.71,12.6,0.15,0.15,616.07182,1776222078000
1776222080.317,80.317,0.3,12.4,0.29,12.6,0.45,5.0,0.46,5.0,0.55,5.0,0.54,5.0,0.7,12.4,0.71,12.6,0.15,0.15,616.067124,1776222079000
1776222081.458,81.458,0.3,12.4,0.29,12.6,0.45,5.0,0.46,5.0,0.55,5.0,0.54,5.0,0.7,12.4,0.71,12.6,0.15,0.15,616.069,1776222080000
1776222081.978,81.978,0.3,12.4,0.29,12.6,0.45,5.0,0.46,5.0,0.55,5.0,0.54,5.0,0.7,12.4,0.71,12.6,0.15,0.15,616.069,1776222081000
1776222082.996,82.996,0.3,12.4,0.29,12.6,0.45,5.0,0.46,5.0,0.55,5.0,0.54,5.0,0.7,12.4,0.71,12.6,0.15,0.15,616.069434,1776222082000
1776222084.043,84.043,0.3,12.4,0.29,12.6,0.45,5.0,0.46,5.0,0.55,5.0,0.54,5.0,0.7,12.4,0.71,12.6,0.15,0.15,616.069434,1776222083000
1776222085.179,85.179,0.3,12.4,0.29,12.6,0.45,5.0,0.46,5.0,0.55,5.0,0.54,5.0,0.7,12.4,0.71,12.6,0.15,0.15,616.070225,1776222084000
1776222086.155,86.155,0.3,12.4,0.29,12.6,0.45,5.0,0.46,5.0,0.55,5.0,0.54,5.0,0.7,12.4,0.71,12.6,0.15,0.15,616.06524,1776222085000
1776222087.181,87.181,0.3,12.4,0.29,12.6,0.45,5.0,0.46,5.0,0.55,5.0,0.54,5.0,0.7,12.4,0.71,12.6,0.15,0.15,616.06213,1776222086000
1776222088.265,88.265,0.3,12.4,0.29,12.6,0.45,5.0,0.46,5.0,0.55,5.0,0.54,5.0,0.7,12.4,0.71,12.6,0.15,0.15,616.054,1776222087000
1776222089.243,89.243,0.3,12.4,0.29,12.6,0.45,5.0,0.46,5.0,0.55,5.0,0.54,5.0,0.7,12.4,0.71,12.6,0.15,0.15,616.054,1776222088000
1776222090.425,90.425,0.3,12.4,0.29,12.6,0.45,5.0,0.46,5.0,0.55,5.0,0.54,5.0,0.7,12.4,0.71,12.6,0.15,0.15,616.053,1776222089000
1776222090.879,90.879,0.3,12.4,0.29,12.6,0.45,5.0,0.46,5.0,0.55,5.0,0.54,5.0,0.7,12.4,0.71,12.6,0.15,0.15,616.053,1776222090000
1776222092.056,92.056,0.3,12.4,0.29,12.6,0.45,5.0,0.46,5.0,0.55,5.0,0.54,5.0,0.7,12.4,0.71,12.6,0.15,0.15,616.054046,1776222091000
1776222093.164,93.164,0.3,12.4,0.29,12.6,0.45,5.0,0.46,5.0,0.55,5.0,0.54,5.0,0.7,12.4,0.71,12.6,0.15,0.15,616.055,1776222092000
1776222094.313,94.313,0.3,12.4,0.29,12.6,0.45,5.0,0.46,5.0,0.55,5.0,0.54,5.0,0.7,12.4,0.71,12.6,0.15,0.15,616.056,1776222093000
1776222095.439,95.439,0.3,12.4,0.29,12.6,0.45,5.0,0.46,5.0,0.55,5.0,0.54,5.0,0.7,12.4,0.71,12.6,0.15,0.15,616.053,1776222094000
1776222096.074,96.074,0.3,12.4,0.29,12.6,0.45,5.0,0.46,5.0,0.55,5.0,0.54,5.0,0.7,12.4,0.71,12.6,0.15,0.15,616.053,1776222095000
1776222096.434,96.434,0.19,16.89,0.18,17.6,0.31,12.2,0.32,11.9,0.55,5.0,0.54,5.0,0.7,12.4,0.71,12.6,0.12,0.15,616.053,1776222095000
1776222097.133,97.133,0.19,16.89,0.18,17.6,0.31,12.2,0.32,11.9,0.69,12.2,0.68,11.9,0.81,16.89,0.82,17.6,0.12,0.12,616.051,1776222096000
1776222098.29,98.29,0.19,16.89,0.18,17.6,0.31,12.2,0.32,11.9,0.69,12.2,0.68,11.9,0.81,16.89,0.82,17.6,0.12,0.12,616.053,1776222097000
1776222099.4,99.4,0.19,16.89,0.18,17.6,0.31,12.2,0.32,11.9,0.69,12.2,0.68,11.9,0.81,16.89,0.82,17.6,0.12,0.12,616.03537,1776222098000
1776222099.882,99.882,0.19,16.89,0.18,17.6,0.31,12.2,0.32,11.9,0.69,12.2,0.68,11.9,0.81,16.89,0.82,17.6,0.12,0.12,616.028324,1776222099000
1776222101.038,101.038,0.19,16.89,0.18,17.6,0.31,12.2,0.32,11.9,0.69,12.2,0.68,11.9,0.81,16.89,0.82,17.6,0.12,0.12,616.015704,1776222100000
1776222102.102,102.102,0.19,16.89,0.18,17.6,0.31,12.2,0.32,11.9,0.69,12.2,0.68,11.9,0.81,16.89,0.82,17.6,0.12,0.12,616.014801,1776222101000
1776222103.221,103.221,0.19,16.89,0.18,17.6,0.31,12.2,0.32,11.9,0.69,12.2,0.68,11.9,0.81,16.89,0.82,17.6,0.12,0.12,616.014801,1776222102000
1776222104.37,104.37,0.19,16.89,0.18,17.6,0.31,12.2,0.32,11.9,0.69,12.2,0.68,11.9,0.81,16.89,0.82,17.6,0.12,0.12,616.010872,1776222103000
1776222105.043,105.043,0.19,16.89,0.18,17.6,0.31,12.2,0.32,11.9,0.69,12.2,0.68,11.9,0.81,16.89,0.82,17.6,0.12,0.12,616.010872,1776222104000
1776222106.094,106.094,0.19,16.89,0.18,17.6,0.31,12.2,0.32,11.9,0.69,12.2,0.68,11.9,0.81,16.89,0.82,17.6,0.12,0.12,616.011122,1776222105000
1776222107.456,107.456,0.19,16.89,0.18,17.6,0.31,12.2,0.32,11.9,0.69,12.2,0.68,11.9,0.81,16.89,0.82,17.6,0.12,0.12,616.003036,1776222106000
1776222108.071,108.071,0.19,16.89,0.18,17.6,0.31,12.2,0.32,11.9,0.69,12.2,0.68,11.9,0.81,16.89,0.82,17.6,0.12,0.12,616.004663,1776222107000
1776222109.141,109.141,0.19,16.89,0.18,17.6,0.31,12.2,0.32,11.9,0.69,12.2,0.68,11.9,0.81,16.89,0.82,17.6,0.12,0.12,616.006038,1776222108000
1776222110.235,110.235,0.19,16.89,0.18,17.6,0.31,12.2,0.32,11.9,0.69,12.2,0.68,11.9,0.81,16.89,0.82,17.6,0.12,0.12,616.006014,1776222109000
1776222111.386,111.386,0.19,16.89,0.18,17.6,0.31,12.2,0.32,11.9,0.69,12.2,0.68,11.9,0.81,16.89,0.82,17.6,0.12,0.12,615.95801,1776222110000
1776222111.862,111.862,0.19,16.89,0.18,17.6,0.31,12.2,0.32,11.9,0.69,12.2,0.68,11.9,0.81,16.89,0.82,17.6,0.12,0.12,615.95343,1776222111000
1776222112.955,112.955,0.19,16.89,0.18,17.6,0.31,12.2,0.32,11.9,0.69,12.2,0.68,11.9,0.81,16.89,0.82,17.6,0.12,0.12,615.9592,1776222112000
1776222113.267,113.267,0.15,20.39,0.14,21.6,0.24,10.0,0.25,10.0,0.69,12.2,0.68,11.9,0.81,16.89,0.82,17.6,0.09,0.12,615.9592,1776222112000
1776222114.077,114.077,0.15,20.39,0.14,21.6,0.24,10.0,0.25,10.0,0.76,10.0,0.75,10.0,0.85,20.39,0.86,21.6,0.09,0.09,615.973,1776222113000
1776222114.437,114.437,0.13,8.0,0.12,24.6,0.24,15.0,0.25,5.0,0.76,10.0,0.75,10.0,0.85,20.39,0.86,21.6,0.11,0.09,615.973,1776222113000
1776222115.19,115.19,0.13,8.0,0.12,24.6,0.24,15.0,0.25,5.0,0.76,15.0,0.75,5.0,0.87,8.0,0.88,24.6,0.11,0.11,615.943,1776222114000
1776222116.491,116.491,0.13,8.0,0.12,24.6,0.24,15.0,0.25,5.0,0.76,15.0,0.75,5.0,0.87,8.0,0.88,24.6,0.11,0.11,615.953,1776222115000
1776222117.007,117.007,0.13,8.0,0.12,24.6,0.24,15.0,0.25,5.0,0.76,15.0,0.75,5.0,0.87,8.0,0.88,24.6,0.11,0.11,615.954999,1776222116000
1776222118.164,118.164,0.13,8.0,0.12,24.6,0.24,15.0,0.25,5.0,0.76,15.0,0.75,5.0,0.87,8.0,0.88,24.6,0.11,0.11,615.967884,1776222117000
1776222119.424,119.424,0.13,8.0,0.12,24.6,0.24,15.0,0.25,5.0,0.76,15.0,0.75,5.0,0.87,8.0,0.88,24.6,0.11,0.11,615.967754,1776222118000
1776222119.927,119.927,0.13,8.0,0.12,24.6,0.24,15.0,0.25,5.0,0.76,15.0,0.75,5.0,0.87,8.0,0.88,24.6,0.11,0.11,615.976677,1776222119000
1776222121.08,121.08,0.13,8.0,0.12,24.6,0.24,15.0,0.25,5.0,0.76,15.0,0.75,5.0,0.87,8.0,0.88,24.6,0.11,0.11,615.944,1776222120000
1776222122.441,122.441,0.13,8.0,0.12,24.6,0.24,15.0,0.25,5.0,0.76,15.0,0.75,5.0,0.87,8.0,0.88,24.6,0.11,0.11,615.88004,1776222121000
1776222122.954,122.954,0.13,8.0,0.12,24.6,0.24,15.0,0.25,5.0,0.76,15.0,0.75,5.0,0.87,8.0,0.88,24.6,0.11,0.11,615.867413,1776222122000
1776222124.082,124.082,0.13,8.0,0.12,24.6,0.24,15.0,0.25,5.0,0.76,15.0,0.75,5.0,0.87,8.0,0.88,24.6,0.11,0.11,615.88828,1776222123000
1776222125.29,125.29,0.13,8.0,0.12,24.6,0.24,15.0,0.25,5.0,0.76,15.0,0.75,5.0,0.87,8.0,0.88,24.6,0.11,0.11,615.922851,1776222124000
1776222126.472,126.472,0.13,8.0,0.12,24.6,0.24,15.0,0.25,5.0,0.76,15.0,0.75,5.0,0.87,8.0,0.88,24.6,0.11,0.11,615.941,1776222125000
1776222126.993,126.993,0.13,8.0,0.12,24.6,0.24,15.0,0.25,5.0,0.76,15.0,0.75,5.0,0.87,8.0,0.88,24.6,0.11,0.11,615.941,1776222126000
1776222128.157,128.157,0.13,8.0,0.12,24.6,0.24,15.0,0.25,5.0,0.76,15.0,0.75,5.0,0.87,8.0,0.88,24.6,0.11,0.11,615.97157,1776222127000
1776222129.369,129.369,0.13,8.0,0.12,24.6,0.24,15.0,0.25,5.0,0.76,15.0,0.75,5.0,0.87,8.0,0.88,24.6,0.11,0.11,616.001959,1776222128000
1776222129.925,129.925,0.13,8.0,0.12,24.6,0.24,15.0,0.25,5.0,0.76,15.0,0.75,5.0,0.87,8.0,0.88,24.6,0.11,0.11,616.001959,1776222129000
1776222131.027,131.027,0.13,8.0,0.12,24.6,0.24,15.0,0.25,5.0,0.76,15.0,0.75,5.0,0.87,8.0,0.88,24.6,0.11,0.11,615.983172,1776222130000
1776222132.177,132.177,0.13,8.0,0.12,24.6,0.24,15.0,0.25,5.0,0.76,15.0,0.75,5.0,0.87,8.0,0.88,24.6,0.11,0.11,616.02,1776222131000
1776222133.349,133.349,0.13,8.0,0.12,24.6,0.24,15.0,0.25,5.0,0.76,15.0,0.75,5.0,0.87,8.0,0.88,24.6,0.11,0.11,616.022,1776222132000
1776222133.905,133.905,0.13,8.0,0.12,24.6,0.24,15.0,0.25,5.0,0.76,15.0,0.75,5.0,0.87,8.0,0.88,24.6,0.11,0.11,616.022,1776222133000
1776222135.012,135.012,0.13,8.0,0.12,24.6,0.24,15.0,0.25,5.0,0.76,15.0,0.75,5.0,0.87,8.0,0.88,24.6,0.11,0.11,616.015443,1776222134000
1776222136.124,136.124,0.13,8.0,0.12,24.6,0.24,15.0,0.25,5.0,0.76,15.0,0.75,5.0,0.87,8.0,0.88,24.6,0.11,0.11,616.012,1776222135000
1776222137.15,137.15,0.13,8.0,0.12,24.6,0.24,15.0,0.25,5.0,0.76,15.0,0.75,5.0,0.87,8.0,0.88,24.6,0.11,0.11,615.98495,1776222136000
1776222138.22,138.22,0.13,8.0,0.12,24.6,0.24,15.0,0.25,5.0,0.76,15.0,0.75,5.0,0.87,8.0,0.88,24.6,0.11,0.11,615.96354,1776222137000
1776222139.573,139.573,0.13,8.0,0.12,24.6,0.24,15.0,0.25,5.0,0.76,15.0,0.75,5.0,0.87,8.0,0.88,24.6,0.11,0.11,615.962,1776222138000
1776222140.067,140.067,0.13,8.0,0.12,24.6,0.24,15.0,0.25,5.0,0.76,15.0,0.75,5.0,0.87,8.0,0.88,24.6,0.11,0.11,615.973,1776222139000
1776222141.207,141.207,0.13,8.0,0.12,24.6,0.24,15.0,0.25,5.0,0.76,15.0,0.75,5.0,0.87,8.0,0.88,24.6,0.11,0.11,615.94665,1776222140000
1776222142.345,142.345,0.13,8.0,0.12,24.6,0.24,15.0,0.25,5.0,0.76,15.0,0.75,5.0,0.87,8.0,0.88,24.6,0.11,0.11,615.94678,1776222141000
1776222143.396,143.396,0.13,8.0,0.12,24.6,0.24,15.0,0.25,5.0,0.76,15.0,0.75,5.0,0.87,8.0,0.88,24.6,0.11,0.11,615.940006,1776222142000
1776222144.141,144.141,0.13,8.0,0.12,24.6,0.24,15.0,0.25,5.0,0.76,15.0,0.75,5.0,0.87,8.0,0.88,24.6,0.11,0.11,615.956034,1776222143000
1776222145.264,145.264,0.13,8.0,0.12,24.6,0.24,15.0,0.25,5.0,0.76,15.0,0.75,5.0,0.87,8.0,0.88,24.6,0.11,0.11,615.981,1776222144000
1776222146.615,146.615,0.13,8.0,0.12,24.6,0.24,15.0,0.25,5.0,0.76,15.0,0.75,5.0,0.87,8.0,0.88,24.6,0.11,0.11,615.986,1776222145000
1776222147.133,147.133,0.13,8.0,0.12,24.6,0.24,15.0,0.25,5.0,0.76,15.0,0.75,5.0,0.87,8.0,0.88,24.6,0.11,0.11,615.986,1776222146000
1776222148.39,148.39,0.13,8.0,0.12,24.6,0.24,15.0,0.25,5.0,0.76,15.0,0.75,5.0,0.87,8.0,0.88,24.6,0.11,0.11,615.991,1776222147000
1776222149.038,149.038,0.13,8.0,0.12,24.6,0.24,15.0,0.25,5.0,0.76,15.0,0.75,5.0,0.87,8.0,0.88,24.6,0.11,0.11,615.994,1776222148000
1776222149.824,149.824,0.12,9.25,0.11,26.6,0.22,10.0,0.23,19.7,0.76,15.0,0.75,5.0,0.87,8.0,0.88,24.6,0.1,0.11,615.994,1776222148000
1776222150.173,150.173,0.12,9.25,0.11,26.6,0.22,10.0,0.23,19.7,0.78,10.0,0.77,19.7,0.88,9.25,0.89,26.6,0.1,0.1,615.994,1776222149000
1776222151.302,151.302,0.12,9.25,0.11,26.6,0.22,10.0,0.23,19.7,0.78,10.0,0.77,19.7,0.88,9.25,0.89,26.6,0.1,0.1,616.0,1776222150000
1776222152.783,152.783,0.12,9.25,0.11,26.6,0.22,10.0,0.23,19.7,0.78,10.0,0.77,19.7,0.88,9.25,0.89,26.6,0.1,0.1,615.99956,1776222151000
1776222153.513,153.513,0.12,9.25,0.11,26.6,0.22,10.0,0.23,19.7,0.78,10.0,0.77,19.7,0.88,9.25,0.89,26.6,0.1,0.1,615.97201,1776222152000
1776222154.107,154.107,0.12,9.25,0.11,26.6,0.22,10.0,0.23,19.7,0.78,10.0,0.77,19.7,0.88,9.25,0.89,26.6,0.1,0.1,615.97201,1776222153000
1776222155.361,155.361,0.12,9.25,0.11,26.6,0.22,10.0,0.23,19.7,0.78,10.0,0.77,19.7,0.88,9.25,0.89,26.6,0.1,0.1,616.00367,1776222154000
1776222155.976,155.976,0.12,9.25,0.11,26.6,0.22,10.0,0.23,19.7,0.78,10.0,0.77,19.7,0.88,9.25,0.89,26.6,0.1,0.1,615.987509,1776222155000
1776222157.374,157.374,0.12,9.25,0.11,26.6,0.22,10.0,0.23,19.7,0.78,10.0,0.77,19.7,0.88,9.25,0.89,26.6,0.1,0.1,615.980353,1776222156000
1776222158.159,158.159,0.12,9.25,0.11,26.6,0.22,10.0,0.23,19.7,0.78,10.0,0.77,19.7,0.88,9.25,0.89,26.6,0.1,0.1,616.01,1776222157000
1776222159.471,159.471,0.12,9.25,0.11,26.6,0.22,10.0,0.23,19.7,0.78,10.0,0.77,19.7,0.88,9.25,0.89,26.6,0.1,0.1,616.098577,1776222158000
1776222160.184,160.184,0.12,9.25,0.11,26.6,0.22,10.0,0.23,19.7,0.78,10.0,0.77,19.7,0.88,9.25,0.89,26.6,0.1,0.1,616.12921,1776222159000
1776222161.387,161.387,0.12,9.25,0.11,26.6,0.22,10.0,0.23,19.7,0.78,10.0,0.77,19.7,0.88,9.25,0.89,26.6,0.1,0.1,616.129205,1776222160000
1776222162.013,162.013,0.12,9.25,0.11,26.6,0.22,10.0,0.23,19.7,0.78,10.0,0.77,19.7,0.88,9.25,0.89,26.6,0.1,0.1,616.16,1776222161000
1776222163.441,163.441,0.12,9.25,0.11,26.6,0.22,10.0,0.23,19.7,0.78,10.0,0.77,19.7,0.88,9.25,0.89,26.6,0.1,0.1,616.162,1776222162000
1776222164.008,164.008,0.12,9.25,0.11,26.6,0.22,10.0,0.23,19.7,0.78,10.0,0.77,19.7,0.88,9.25,0.89,26.6,0.1,0.1,616.176,1776222163000
1776222165.275,165.275,0.12,9.25,0.11,26.6,0.22,10.0,0.23,19.7,0.78,10.0,0.77,19.7,0.88,9.25,0.89,26.6,0.1,0.1,616.186,1776222164000
1776222166.488,166.488,0.12,9.25,0.11,26.6,0.22,10.0,0.23,19.7,0.78,10.0,0.77,19.7,0.88,9.25,0.89,26.6,0.1,0.1,616.166,1776222165000
1776222167.067,167.067,0.12,9.25,0.11,26.6,0.22,10.0,0.23,19.7,0.78,10.0,0.77,19.7,0.88,9.25,0.89,26.6,0.1,0.1,616.166,1776222166000
1776222168.381,168.381,0.12,9.25,0.11,26.6,0.22,10.0,0.23,19.7,0.78,10.0,0.77,19.7,0.88,9.25,0.89,26.6,0.1,0.1,616.17,1776222167000
1776222169.325,169.325,0.12,9.25,0.11,26.6,0.22,10.0,0.23,19.7,0.78,10.0,0.77,19.7,0.88,9.25,0.89,26.6,0.1,0.1,616.136856,1776222168000
1776222169.962,169.962,0.12,9.25,0.11,26.6,0.22,10.0,0.23,19.7,0.78,10.0,0.77,19.7,0.88,9.25,0.89,26.6,0.1,0.1,616.136425,1776222169000
1776222170.532,170.532,0.29,0.6,0.28,12.9,0.4,6.0,0.43,5.0,0.78,10.0,0.77,19.7,0.88,9.25,0.89,26.6,0.11,0.1,616.136425,1776222169000
1776222171.088,171.088,0.29,0.6,0.28,12.9,0.4,6.0,0.43,5.0,0.6,6.0,0.57,5.0,0.71,0.6,0.72,12.9,0.11,0.11,616.133533,1776222170000
1776222172.211,172.211,0.29,0.6,0.28,12.9,0.4,6.0,0.43,5.0,0.6,6.0,0.57,5.0,0.71,0.6,0.72,12.9,0.11,0.11,616.133171,1776222171000
1776222173.202,173.202,0.29,0.6,0.28,12.9,0.4,6.0,0.43,5.0,0.6,6.0,0.57,5.0,0.71,0.6,0.72,12.9,0.11,0.11,616.13,1776222172000
1776222174.287,174.287,0.29,0.6,0.28,12.9,0.4,6.0,0.43,5.0,0.6,6.0,0.57,5.0,0.71,0.6,0.72,12.9,0.11,0.11,616.131,1776222173000
1776222175.349,175.349,0.29,0.6,0.28,12.9,0.4,6.0,0.43,5.0,0.6,6.0,0.57,5.0,0.71,0.6,0.72,12.9,0.11,0.11,616.124001,1776222174000
1776222175.842,175.842,0.29,0.6,0.28,12.9,0.4,6.0,0.43,5.0,0.6,6.0,0.57,5.0,0.71,0.6,0.72,12.9,0.11,0.11,616.123788,1776222175000
1776222177.015,177.015,0.29,0.6,0.28,12.9,0.4,6.0,0.43,5.0,0.6,6.0,0.57,5.0,0.71,0.6,0.72,12.9,0.11,0.11,616.137543,1776222176000
1776222178.101,178.101,0.29,0.6,0.28,12.9,0.4,6.0,0.43,5.0,0.6,6.0,0.57,5.0,0.71,0.6,0.72,12.9,0.11,0.11,616.137751,1776222177000
1776222179.806,179.806,0.29,0.6,0.28,12.9,0.4,6.0,0.43,5.0,0.6,6.0,0.57,5.0,0.71,0.6,0.72,12.9,0.11,0.11,616.143872,1776222178000
1776222180.123,180.123,0.21,11.94,0.2,25.2,0.4,6.0,0.41,70.7,0.6,6.0,0.57,5.0,0.71,0.6,0.72,12.9,0.19,0.11,616.143872,1776222178000
1776222181.355,181.355,0.21,11.94,0.2,25.2,0.4,6.0,0.41,70.7,0.6,6.0,0.59,70.7,0.79,11.94,0.8,25.2,0.19,0.19,616.148433,1776222180000
1776222182.028,182.028,0.21,11.94,0.2,25.2,0.4,6.0,0.41,70.7,0.6,6.0,0.59,70.7,0.79,11.94,0.8,25.2,0.19,0.19,616.152433,1776222181000
1776222183.183,183.183,0.21,11.94,0.2,25.2,0.4,6.0,0.41,70.7,0.6,6.0,0.59,70.7,0.79,11.94,0.8,25.2,0.19,0.19,616.137563,1776222182000
1776222184.781,184.781,0.21,11.94,0.2,25.2,0.4,6.0,0.41,70.7,0.6,6.0,0.59,70.7,0.79,11.94,0.8,25.2,0.19,0.19,616.12796,1776222183000
1776222185.43,185.43,0.21,11.94,0.2,25.2,0.4,6.0,0.41,70.7,0.6,6.0,0.59,70.7,0.79,11.94,0.8,25.2,0.19,0.19,616.125086,1776222184000
1776222186.234,186.234,0.21,11.94,0.2,25.2,0.4,6.0,0.41,70.7,0.6,6.0,0.59,70.7,0.79,11.94,0.8,25.2,0.19,0.19,616.127612,1776222185000
1776222187.787,187.787,0.21,11.94,0.2,25.2,0.4,6.0,0.41,70.7,0.6,6.0,0.59,70.7,0.79,11.94,0.8,25.2,0.19,0.19,616.127603,1776222186000
1776222188.366,188.366,0.21,11.94,0.2,25.2,0.4,6.0,0.41,70.7,0.6,6.0,0.59,70.7,0.79,11.94,0.8,25.2,0.19,0.19,616.127603,1776222187000
1776222189.148,189.148,0.21,15.7,0.2,16.2,0.36,7.3,0.37,11.2,0.6,6.0,0.59,70.7,0.79,11.94,0.8,25.2,0.15,0.19,616.127603,1776222187000
1776222190.433,190.433,0.21,15.7,0.2,16.2,0.36,7.3,0.37,11.2,0.64,7.3,0.63,11.2,0.79,15.7,0.8,16.2,0.15,0.15,616.134696,1776222189000
1776222191.135,191.135,0.21,15.7,0.2,16.2,0.36,7.3,0.37,11.2,0.64,7.3,0.63,11.2,0.79,15.7,0.8,16.2,0.15,0.15,616.134868,1776222190000
1776222192.497,192.497,0.21,15.7,0.2,16.2,0.36,7.3,0.37,11.2,0.64,7.3,0.63,11.2,0.79,15.7,0.8,16.2,0.15,0.15,616.135613,1776222191000
1776222193.145,193.145,0.21,15.7,0.2,16.2,0.36,7.3,0.37,11.2,0.64,7.3,0.63,11.2,0.79,15.7,0.8,16.2,0.15,0.15,616.135613,1776222192000
1776222194.692,194.692,0.21,15.7,0.2,16.2,0.36,7.3,0.37,11.2,0.64,7.3,0.63,11.2,0.79,15.7,0.8,16.2,0.15,0.15,616.131935,1776222193000
1776222195.688,195.688,0.21,15.7,0.2,16.2,0.36,7.3,0.37,11.2,0.64,7.3,0.63,11.2,0.79,15.7,0.8,16.2,0.15,0.15,616.127565,1776222194000
1776222196.506,196.506,0.21,15.7,0.2,16.2,0.36,7.3,0.37,11.2,0.64,7.3,0.63,11.2,0.79,15.7,0.8,16.2,0.15,0.15,616.119848,1776222195000
1776222197.191,197.191,0.21,15.7,0.2,16.2,0.36,7.3,0.37,11.2,0.64,7.3,0.63,11.2,0.79,15.7,0.8,16.2,0.15,0.15,616.118824,1776222196000
1776222198.709,198.709,0.21,15.7,0.2,16.2,0.36,7.3,0.37,11.2,0.64,7.3,0.63,11.2,0.79,15.7,0.8,16.2,0.15,0.15,616.118734,1776222197000
1776222199.398,199.398,0.21,15.7,0.2,16.2,0.36,7.3,0.37,11.2,0.64,7.3,0.63,11.2,0.79,15.7,0.8,16.2,0.15,0.15,616.122995,1776222198000
1776222200.078,200.078,0.21,15.7,0.2,16.2,0.36,7.3,0.37,11.2,0.64,7.3,0.63,11.2,0.79,15.7,0.8,16.2,0.15,0.15,616.122995,1776222199000
1776222201.575,201.575,0.21,15.7,0.2,16.2,0.36,7.3,0.37,11.2,0.64,7.3,0.63,11.2,0.79,15.7,0.8,16.2,0.15,0.15,616.123596,1776222200000
1776222202.33,202.33,0.21,15.7,0.2,16.2,0.36,7.3,0.37,11.2,0.64,7.3,0.63,11.2,0.79,15.7,0.8,16.2,0.15,0.15,616.12361,1776222201000
1776222203.446,203.446,0.21,15.7,0.2,16.2,0.36,7.3,0.37,11.2,0.64,7.3,0.63,11.2,0.79,15.7,0.8,16.2,0.15,0.15,616.123602,1776222202000
1776222203.925,203.925,0.21,15.7,0.2,16.2,0.36,7.3,0.37,11.2,0.64,7.3,0.63,11.2,0.79,15.7,0.8,16.2,0.15,0.15,616.123602,1776222203000
1776222204.948,204.948,0.21,15.7,0.2,16.2,0.36,7.3,0.37,11.2,0.64,7.3,0.63,11.2,0.79,15.7,0.8,16.2,0.15,0.15,616.121736,1776222204000
1776222206.232,206.232,0.21,15.7,0.2,16.2,0.36,7.3,0.37,11.2,0.64,7.3,0.63,11.2,0.79,15.7,0.8,16.2,0.15,0.15,616.121505,1776222205000
1776222207.167,207.167,0.21,15.7,0.2,16.2,0.36,7.3,0.37,11.2,0.64,7.3,0.63,11.2,0.79,15.7,0.8,16.2,0.15,0.15,616.104824,1776222206000
1776222208.233,208.233,0.21,15.7,0.2,16.2,0.36,7.3,0.37,11.2,0.64,7.3,0.63,11.2,0.79,15.7,0.8,16.2,0.15,0.15,616.095285,1776222207000
1776222209.305,209.305,0.21,15.7,0.2,16.2,0.36,7.3,0.37,11.2,0.64,7.3,0.63,11.2,0.79,15.7,0.8,16.2,0.15,0.15,616.094432,1776222208000
1776222209.974,209.974,0.21,15.7,0.2,16.2,0.36,7.3,0.37,11.2,0.64,7.3,0.63,11.2,0.79,15.7,0.8,16.2,0.15,0.15,616.094432,1776222209000
1776222210.97,210.97,0.21,15.7,0.2,16.2,0.36,7.3,0.37,11.2,0.64,7.3,0.63,11.2,0.79,15.7,0.8,16.2,0.15,0.15,616.095641,1776222210000
1776222212.112,212.112,0.21,15.7,0.2,16.2,0.36,7.3,0.37,11.2,0.64,7.3,0.63,11.2,0.79,15.7,0.8,16.2,0.15,0.15,616.123138,1776222211000
1776222213.154,213.154,0.21,15.7,0.2,16.2,0.36,7.3,0.37,11.2,0.64,7.3,0.63,11.2,0.79,15.7,0.8,16.2,0.15,0.15,616.112645,1776222212000
1776222214.245,214.245,0.21,15.7,0.2,16.2,0.36,7.3,0.37,11.2,0.64,7.3,0.63,11.2,0.79,15.7,0.8,16.2,0.15,0.15,616.162243,1776222213000
1776222215.329,215.329,0.21,15.7,0.2,16.2,0.36,7.3,0.37,11.2,0.64,7.3,0.63,11.2,0.79,15.7,0.8,16.2,0.15,0.15,616.167142,1776222214000
1776222215.921,215.921,0.38,12.32,0.21,50.0,0.4,16.8,0.41,10.7,0.64,7.3,0.63,11.2,0.79,15.7,0.8,16.2,0.02,0.15,616.167142,1776222214000
1776222217.501,217.501,0.38,12.32,0.21,50.0,0.4,16.8,0.41,10.7,0.6,16.8,0.59,10.7,0.62,12.32,0.79,50.0,0.02,0.02,616.16719,1776222216000
1776222218.089,218.089,0.38,12.32,0.21,50.0,0.4,16.8,0.41,10.7,0.6,16.8,0.59,10.7,0.62,12.32,0.79,50.0,0.02,0.02,616.1698,1776222217000
1776222219.108,219.108,0.38,12.32,0.21,50.0,0.4,16.8,0.41,10.7,0.6,16.8,0.59,10.7,0.62,12.32,0.79,50.0,0.02,0.02,616.17615,1776222218000
1776222220.112,220.112,0.38,12.32,0.21,50.0,0.4,16.8,0.41,10.7,0.6,16.8,0.59,10.7,0.62,12.32,0.79,50.0,0.02,0.02,616.188,1776222219000
1776222221.002,221.002,0.38,12.32,0.21,50.0,0.4,16.8,0.41,10.7,0.6,16.8,0.59,10.7,0.62,12.32,0.79,50.0,0.02,0.02,616.205,1776222220000
1776222222.04,222.04,0.38,12.32,0.21,50.0,0.4,16.8,0.41,10.7,0.6,16.8,0.59,10.7,0.62,12.32,0.79,50.0,0.02,0.02,616.180781,1776222221000
1776222222.603,222.603,0.38,7.32,0.26,13.5,0.4,21.0,0.42,10.7,0.6,16.8,0.59,10.7,0.62,12.32,0.79,50.0,0.02,0.02,616.180781,1776222221000
1776222223.0,223.0,0.38,7.32,0.26,13.5,0.4,21.0,0.42,10.7,0.6,21.0,0.58,10.7,0.62,7.32,0.74,13.5,0.02,0.02,616.188,1776222222000
1776222224.009,224.009,0.38,7.32,0.26,13.5,0.4,21.0,0.42,10.7,0.6,21.0,0.58,10.7,0.62,7.32,0.74,13.5,0.02,0.02,616.176971,1776222223000
1776222224.391,224.391,0.25,13.9,0.24,14.3,0.4,21.0,0.41,10.7,0.6,21.0,0.58,10.7,0.62,7.32,0.74,13.5,0.15,0.02,616.176971,1776222223000
1776222225.026,225.026,0.25,13.9,0.24,14.3,0.4,21.0,0.41,10.7,0.6,21.0,0.59,10.7,0.75,13.9,0.76,14.3,0.15,0.15,616.176799,1776222224000
1776222225.973,225.973,0.25,13.9,0.24,14.3,0.4,21.0,0.41,10.7,0.6,21.0,0.59,10.7,0.75,13.9,0.76,14.3,0.15,0.15,616.176962,1776222225000
1776222226.952,226.952,0.25,13.9,0.24,14.3,0.4,21.0,0.41,10.7,0.6,21.0,0.59,10.7,0.75,13.9,0.76,14.3,0.15,0.15,616.187691,1776222226000
1776222227.997,227.997,0.25,13.9,0.24,14.3,0.4,21.0,0.41,10.7,0.6,21.0,0.59,10.7,0.75,13.9,0.76,14.3,0.15,0.15,616.191809,1776222227000
1776222229.008,229.008,0.25,13.9,0.24,14.3,0.4,21.0,0.41,10.7,0.6,21.0,0.59,10.7,0.75,13.9,0.76,14.3,0.15,0.15,616.191747,1776222228000
1776222230.445,230.445,0.25,13.9,0.24,14.3,0.4,21.0,0.41,10.7,0.6,21.0,0.59,10.7,0.75,13.9,0.76,14.3,0.15,0.15,616.19183,1776222229000
1776222231.047,231.047,0.25,13.9,0.24,14.3,0.4,21.0,0.41,10.7,0.6,21.0,0.59,10.7,0.75,13.9,0.76,14.3,0.15,0.15,616.18154,1776222230000
1776222232.278,232.278,0.25,13.9,0.24,14.3,0.4,21.0,0.41,10.7,0.6,21.0,0.59,10.7,0.75,13.9,0.76,14.3,0.15,0.15,616.180511,1776222231000
1776222233.826,233.826,0.25,13.9,0.24,14.3,0.4,21.0,0.41,10.7,0.6,21.0,0.59,10.7,0.75,13.9,0.76,14.3,0.15,0.15,616.180808,1776222232000
1776222234.535,234.535,0.25,13.9,0.24,14.3,0.4,21.0,0.41,10.7,0.6,21.0,0.59,10.7,0.75,13.9,0.76,14.3,0.15,0.15,616.183011,1776222233000
1776222235.266,235.266,0.25,13.9,0.24,14.3,0.4,21.0,0.41,10.7,0.6,21.0,0.59,10.7,0.75,13.9,0.76,14.3,0.15,0.15,616.183357,1776222234000
1776222236.778,236.778,0.25,13.9,0.24,14.3,0.4,21.0,0.41,10.7,0.6,21.0,0.59,10.7,0.75,13.9,0.76,14.3,0.15,0.15,616.18326,1776222235000
1776222237.561,237.561,0.25,13.9,0.24,14.3,0.4,21.0,0.41,10.7,0.6,21.0,0.59,10.7,0.75,13.9,0.76,14.3,0.15,0.15,616.18326,1776222236000
1776222238.335,238.335,0.25,13.9,0.24,14.3,0.4,21.0,0.41,10.7,0.6,21.0,0.59,10.7,0.75,13.9,0.76,14.3,0.15,0.15,616.186562,1776222237000
1776222239.617,239.617,0.25,13.9,0.24,14.3,0.4,21.0,0.41,10.7,0.6,21.0,0.59,10.7,0.75,13.9,0.76,14.3,0.15,0.15,616.191009,1776222238000
1776222240.331,240.331,0.25,13.9,0.24,14.3,0.4,21.0,0.41,10.7,0.6,21.0,0.59,10.7,0.75,13.9,0.76,14.3,0.15,0.15,616.192934,1776222239000
1776222241.103,241.103,0.25,13.9,0.24,14.3,0.4,21.0,0.41,10.7,0.6,21.0,0.59,10.7,0.75,13.9,0.76,14.3,0.15,0.15,616.176344,1776222240000
1776222242.465,242.465,0.25,13.9,0.24,14.3,0.4,21.0,0.41,10.7,0.6,21.0,0.59,10.7,0.75,13.9,0.76,14.3,0.15,0.15,616.192463,1776222241000
1776222243.164,243.164,0.25,13.9,0.24,14.3,0.4,21.0,0.41,10.7,0.6,21.0,0.59,10.7,0.75,13.9,0.76,14.3,0.15,0.15,616.192463,1776222242000
1776222244.521,244.521,0.25,13.9,0.24,14.3,0.4,21.0,0.41,10.7,0.6,21.0,0.59,10.7,0.75,13.9,0.76,14.3,0.15,0.15,616.1921,1776222243000
1776222245.201,245.201,0.25,13.9,0.24,14.3,0.4,21.0,0.41,10.7,0.6,21.0,0.59,10.7,0.75,13.9,0.76,14.3,0.15,0.15,616.1921,1776222244000
1776222246.616,246.616,0.25,13.9,0.24,14.3,0.4,21.0,0.41,10.7,0.6,21.0,0.59,10.7,0.75,13.9,0.76,14.3,0.15,0.15,616.188902,1776222245000
1776222247.25,247.25,0.25,13.9,0.24,14.3,0.4,21.0,0.41,10.7,0.6,21.0,0.59,10.7,0.75,13.9,0.76,14.3,0.15,0.15,616.1921,1776222246000
1776222248.533,248.533,0.25,13.9,0.24,14.3,0.4,21.0,0.41,10.7,0.6,21.0,0.59,10.7,0.75,13.9,0.76,14.3,0.15,0.15,616.191869,1776222247000
1776222249.34,249.34,0.25,13.9,0.24,14.3,0.4,21.0,0.41,10.7,0.6,21.0,0.59,10.7,0.75,13.9,0.76,14.3,0.15,0.15,616.191597,1776222248000
1776222250.199,250.199,0.25,13.9,0.24,14.3,0.4,21.0,0.41,10.7,0.6,21.0,0.59,10.7,0.75,13.9,0.76,14.3,0.15,0.15,616.184976,1776222249000
1776222251.666,251.666,0.25,13.9,0.24,14.3,0.4,21.0,0.41,10.7,0.6,21.0,0.59,10.7,0.75,13.9,0.76,14.3,0.15,0.15,616.187807,1776222250000
1776222252.316,252.316,0.25,13.9,0.24,14.3,0.4,21.0,0.41,10.7,0.6,21.0,0.59,10.7,0.75,13.9,0.76,14.3,0.15,0.15,616.192042,1776222251000
1776222253.594,253.594,0.25,13.9,0.24,14.3,0.4,21.0,0.41,10.7,0.6,21.0,0.59,10.7,0.75,13.9,0.76,14.3,0.15,0.15,616.200881,1776222252000
1776222254.207,254.207,0.25,13.9,0.24,14.3,0.4,21.0,0.41,10.7,0.6,21.0,0.59,10.7,0.75,13.9,0.76,14.3,0.15,0.15,616.200883,1776222253000
1776222255.437,255.437,0.25,13.9,0.24,14.3,0.4,21.0,0.41,10.7,0.6,21.0,0.59,10.7,0.75,13.9,0.76,14.3,0.15,0.15,616.207478,1776222254000
1776222256.133,256.133,0.25,13.9,0.24,14.3,0.4,21.0,0.41,10.7,0.6,21.0,0.59,10.7,0.75,13.9,0.76,14.3,0.15,0.15,616.227631,1776222255000
1776222257.275,257.275,0.25,13.9,0.24,14.3,0.4,21.0,0.41,10.7,0.6,21.0,0.59,10.7,0.75,13.9,0.76,14.3,0.15,0.15,616.214,1776222256000
1776222258.35,258.35,0.25,13.9,0.24,14.3,0.4,21.0,0.41,10.7,0.6,21.0,0.59,10.7,0.75,13.9,0.76,14.3,0.15,0.15,616.215,1776222257000
1776222258.95,258.95,0.25,13.9,0.24,14.3,0.4,21.0,0.41,10.7,0.6,21.0,0.59,10.7,0.75,13.9,0.76,14.3,0.15,0.15,616.215,1776222258000
1776222260.157,260.157,0.25,13.9,0.24,14.3,0.4,21.0,0.41,10.7,0.6,21.0,0.59,10.7,0.75,13.9,0.76,14.3,0.15,0.15,616.218,1776222259000
1776222261.362,261.362,0.25,13.9,0.24,14.3,0.4,21.0,0.41,10.7,0.6,21.0,0.59,10.7,0.75,13.9,0.76,14.3,0.15,0.15,616.236,1776222260000
1776222262.049,262.049,0.25,13.9,0.24,14.3,0.4,21.0,0.41,10.7,0.6,21.0,0.59,10.7,0.75,13.9,0.76,14.3,0.15,0.15,616.236,1776222261000
1776222263.095,263.095,0.25,13.9,0.24,14.3,0.4,21.0,0.41,10.7,0.6,21.0,0.59,10.7,0.75,13.9,0.76,14.3,0.15,0.15,616.253,1776222262000
1776222264.894,264.894,0.25,13.9,0.24,14.3,0.4,21.0,0.41,10.7,0.6,21.0,0.59,10.7,0.75,13.9,0.76,14.3,0.15,0.15,616.257,1776222263000
1776222265.322,265.322,0.25,13.9,0.24,14.3,0.4,21.0,0.41,10.7,0.6,21.0,0.59,10.7,0.75,13.9,0.76,14.3,0.15,0.15,616.253,1776222264000
1776222265.908,265.908,0.25,13.9,0.24,14.3,0.4,21.0,0.41,10.7,0.6,21.0,0.59,10.7,0.75,13.9,0.76,14.3,0.15,0.15,616.253,1776222265000
1776222266.992,266.992,0.25,13.9,0.24,14.3,0.4,21.0,0.41,10.7,0.6,21.0,0.59,10.7,0.75,13.9,0.76,14.3,0.15,0.15,616.254,1776222266000
1776222267.92,267.92,0.25,13.9,0.24,14.3,0.4,21.0,0.41,10.7,0.6,21.0,0.59,10.7,0.75,13.9,0.76,14.3,0.15,0.15,616.247,1776222267000
1776222268.87,268.87,0.25,13.9,0.24,14.3,0.4,21.0,0.41,10.7,0.6,21.0,0.59,10.7,0.75,13.9,0.76,14.3,0.15,0.15,616.245,1776222268000
1776222269.974,269.974,0.25,13.9,0.24,14.3,0.4,21.0,0.41,10.7,0.6,21.0,0.59,10.7,0.75,13.9,0.76,14.3,0.15,0.15,616.245,1776222269000
1776222271.275,271.275,0.25,13.9,0.24,14.3,0.4,21.0,0.41,10.7,0.6,21.0,0.59,10.7,0.75,13.9,0.76,14.3,0.15,0.15,616.241,1776222270000
1776222272.271,272.271,0.25,13.9,0.24,14.3,0.4,21.0,0.41,10.7,0.6,21.0,0.59,10.7,0.75,13.9,0.76,14.3,0.15,0.15,616.244,1776222271000
1776222273.314,273.314,0.25,13.9,0.24,14.3,0.4,21.0,0.41,10.7,0.6,21.0,0.59,10.7,0.75,13.9,0.76,14.3,0.15,0.15,616.243,1776222272000
1776222274.235,274.235,0.25,13.9,0.24,14.3,0.4,21.0,0.41,10.7,0.6,21.0,0.59,10.7,0.75,13.9,0.76,14.3,0.15,0.15,616.239,1776222273000
1776222275.185,275.185,0.25,13.9,0.24,14.3,0.4,21.0,0.41,10.7,0.6,21.0,0.59,10.7,0.75,13.9,0.76,14.3,0.15,0.15,616.241,1776222274000
1776222276.23,276.23,0.25,13.9,0.24,14.3,0.4,21.0,0.41,10.7,0.6,21.0,0.59,10.7,0.75,13.9,0.76,14.3,0.15,0.15,616.242,1776222275000
1776222277.953,277.953,0.25,13.9,0.24,14.3,0.4,21.0,0.41,10.7,0.6,21.0,0.59,10.7,0.75,13.9,0.76,14.3,0.15,0.15,616.244,1776222276000
1776222278.98,278.98,0.25,13.9,0.24,14.3,0.4,21.0,0.41,10.7,0.6,21.0,0.59,10.7,0.75,13.9,0.76,14.3,0.15,0.15,616.244,1776222277000
1776222279.774,279.774,0.25,13.9,0.24,14.3,0.4,21.0,0.41,10.7,0.6,21.0,0.59,10.7,0.75,13.9,0.76,14.3,0.15,0.15,616.265,1776222278000
1776222280.749,280.749,0.25,13.9,0.24,14.3,0.4,21.0,0.41,10.7,0.6,21.0,0.59,10.7,0.75,13.9,0.76,14.3,0.15,0.15,616.265,1776222279000
1776222281.456,281.456,0.25,13.9,0.24,14.3,0.4,21.0,0.41,10.7,0.6,21.0,0.59,10.7,0.75,13.9,0.76,14.3,0.15,0.15,616.276,1776222280000
1776222282.327,282.327,0.25,13.9,0.24,14.3,0.4,21.0,0.41,10.7,0.6,21.0,0.59,10.7,0.75,13.9,0.76,14.3,0.15,0.15,616.276,1776222281000
1776222282.788,282.788,0.21,65.0,0.11,50.0,0.4,2.47,0.51,50.0,0.6,21.0,0.59,10.7,0.75,13.9,0.76,14.3,0.19,0.15,616.276,1776222281000
1776222283.885,283.885,0.21,65.0,0.11,50.0,0.4,2.47,0.51,50.0,0.6,2.47,0.49,50.0,0.79,65.0,0.89,50.0,0.19,0.19,616.267,1776222282000
1776222284.697,284.697,0.21,65.0,0.11,50.0,0.4,2.47,0.51,50.0,0.6,2.47,0.49,50.0,0.79,65.0,0.89,50.0,0.19,0.19,616.274,1776222283000
1776222285.244,285.244,0.21,60.0,0.11,50.0,0.51,46.11,0.61,50.0,0.6,2.47,0.49,50.0,0.79,65.0,0.89,50.0,0.3,0.19,616.274,1776222283000
1776222285.496,285.496,0.21,60.0,0.11,50.0,0.51,46.11,0.61,50.0,0.49,46.11,0.39,50.0,0.79,60.0,0.89,50.0,0.3,0.3,616.273,1776222284000
1776222286.226,286.226,0.21,60.0,0.11,50.0,0.51,46.11,0.61,50.0,0.49,46.11,0.39,50.0,0.79,60.0,0.89,50.0,0.3,0.3,616.273,1776222285000
1776222286.914,286.914,0.04,196.9,0.03,100.0,0.31,50.0,0.41,50.0,0.49,46.11,0.39,50.0,0.79,60.0,0.89,50.0,0.27,0.3,616.273,1776222285000
1776222287.813,287.813,0.04,196.9,0.03,100.0,0.31,50.0,0.41,50.0,0.69,50.0,0.59,50.0,0.96,196.9,0.97,100.0,0.27,0.27,616.234751,1776222286000
1776222288.634,288.634,0.04,196.9,0.03,100.0,0.31,50.0,0.41,50.0,0.69,50.0,0.59,50.0,0.96,196.9,0.97,100.0,0.27,0.27,616.233128,1776222287000
1776222289.369,289.369,0.04,196.9,0.03,100.0,0.31,50.0,0.41,50.0,0.69,50.0,0.59,50.0,0.96,196.9,0.97,100.0,0.27,0.27,616.229595,1776222288000
1776222290.155,290.155,0.04,196.9,0.03,100.0,0.31,50.0,0.41,50.0,0.69,50.0,0.59,50.0,0.96,196.9,0.97,100.0,0.27,0.27,616.212821,1776222289000
1776222291.663,291.663,0.04,196.9,0.03,100.0,0.31,50.0,0.41,50.0,0.69,50.0,0.59,50.0,0.96,196.9,0.97,100.0,0.27,0.27,616.211058,1776222290000
1776222292.444,292.444,0.04,196.9,0.03,100.0,0.31,50.0,0.41,50.0,0.69,50.0,0.59,50.0,0.96,196.9,0.97,100.0,0.27,0.27,616.231023,1776222291000
1776222293.148,293.148,0.04,196.9,0.03,100.0,0.31,50.0,0.41,50.0,0.69,50.0,0.59,50.0,0.96,196.9,0.97,100.0,0.27,0.27,616.231023,1776222292000
1776222294.397,294.397,0.03,110.0,0.02,10.0,0.21,50.0,0.31,50.0,0.69,50.0,0.59,50.0,0.96,196.9,0.97,100.0,0.18,0.27,616.231023,1776222292000
1776222294.735,294.735,0.03,110.0,0.02,10.0,0.21,50.0,0.31,50.0,0.79,50.0,0.69,50.0,0.97,110.0,0.98,10.0,0.18,0.18,616.231018,1776222293000
1776222295.483,295.483,0.03,103.86,0.02,10.0,0.21,50.0,0.31,50.0,0.79,50.0,0.69,50.0,0.97,103.86,0.98,10.0,0.18,0.18,616.223434,1776222294000
1776222296.23,296.23,0.03,103.86,0.02,10.0,0.21,50.0,0.31,50.0,0.79,50.0,0.69,50.0,0.97,103.86,0.98,10.0,0.18,0.18,616.217079,1776222295000
1776222296.931,296.931,,,,,0.01,768.27,0.11,50.0,0.79,50.0,0.69,50.0,0.97,96.73,0.98,10.0,,0.18,616.217079,1776222295000
1776222297.467,297.467,,,,,0.01,653.27,0.11,50.0,0.99,668.27,0.89,50.0,,,,,,,616.217079,1776222295000
1776222298.147,298.147,,,,,0.01,653.27,0.11,50.0,0.99,653.27,0.89,50.0,,,,,,,616.221571,1776222297000
1776222299.212,299.212,,,,,0.01,653.27,0.11,50.0,0.99,653.27,0.89,50.0,,,,,,,616.15218,1776222298000
1776222300.372,300.372,,,,,0.01,653.27,0.11,50.0,0.99,653.27,0.89,50.0,,,,,,,616.14188,1776222299000
1776222301.008,301.008,,,,,0.01,653.27,0.11,50.0,0.99,653.27,0.89,50.0,,,,,,,616.14188,1776222300000
1776222302.178,302.178,,,,,0.01,653.27,0.11,50.0,0.99,653.27,0.89,50.0,,,,,,,616.142,1776222301000

# RESULT,winner=Down,slug=bnb-updown-5m-1776222000,ticks=316
