timestamp,elapsed_sec,up_bid_p1,up_bid_s1,up_bid_p2,up_bid_s2,up_bid_p3,up_bid_s3,up_bid_p4,up_bid_s4,up_bid_p5,up_bid_s5,up_ask_p1,up_ask_s1,up_ask_p2,up_ask_s2,up_ask_p3,up_ask_s3,up_ask_p4,up_ask_s4,up_ask_p5,up_ask_s5,down_bid_p1,down_bid_s1,down_bid_p2,down_bid_s2,down_bid_p3,down_bid_s3,down_bid_p4,down_bid_s4,down_bid_p5,down_bid_s5,down_ask_p1,down_ask_s1,down_ask_p2,down_ask_s2,down_ask_p3,down_ask_s3,down_ask_p4,down_ask_s4,down_ask_p5,down_ask_s5,up_spread,down_spread,bnb_price,bnb_oracle_ts
1776162601.639,1.639,0.41,13.0,0.4,8.0,0.39,8.0,0.38,8.0,0.37,189.0,0.59,13.0,0.6,8.0,0.61,8.0,0.62,8.0,0.63,189.0,0.41,13.0,0.4,8.0,0.39,8.0,0.38,8.0,0.37,189.0,0.59,13.0,0.6,8.0,0.61,8.0,0.62,8.0,0.63,189.0,0.18,0.18,619.051131,1776162600000
1776162602.212,2.212,0.41,13.0,0.4,8.0,0.39,8.0,0.38,8.0,0.37,189.0,0.59,13.0,0.6,8.0,0.61,8.0,0.62,8.0,0.63,189.0,0.41,13.0,0.4,8.0,0.39,8.0,0.38,8.0,0.37,189.0,0.59,13.0,0.6,8.0,0.61,8.0,0.62,8.0,0.63,189.0,0.18,0.18,619.056,1776162601000
1776162603.236,3.236,0.41,13.0,0.4,8.0,0.39,8.0,0.38,8.0,0.37,189.0,0.59,13.0,0.6,8.0,0.61,8.0,0.62,8.0,0.63,189.0,0.41,13.0,0.4,8.0,0.39,8.0,0.38,8.0,0.37,189.0,0.59,13.0,0.6,8.0,0.61,8.0,0.62,8.0,0.63,189.0,0.18,0.18,619.056168,1776162602000
1776162605.001,5.001,0.41,13.0,0.4,8.0,0.39,8.0,0.38,8.0,0.37,189.0,0.59,13.0,0.6,8.0,0.61,8.0,0.62,8.0,0.63,189.0,0.41,13.0,0.4,8.0,0.39,8.0,0.38,8.0,0.37,189.0,0.59,13.0,0.6,8.0,0.61,8.0,0.62,8.0,0.63,189.0,0.18,0.18,619.04,1776162603000
1776162605.767,5.767,0.41,13.0,0.4,8.0,0.39,8.0,0.38,8.0,0.37,189.0,0.59,13.0,0.6,8.0,0.61,8.0,0.62,8.0,0.63,189.0,0.41,13.0,0.4,8.0,0.39,8.0,0.38,8.0,0.37,189.0,0.59,13.0,0.6,8.0,0.61,8.0,0.62,8.0,0.63,189.0,0.18,0.18,619.042,1776162604000
1776162606.269,6.269,0.41,13.0,0.4,8.0,0.39,8.0,0.38,8.0,0.37,189.0,0.59,13.0,0.6,8.0,0.61,8.0,0.62,8.0,0.63,189.0,0.41,13.0,0.4,8.0,0.39,8.0,0.38,8.0,0.37,189.0,0.59,13.0,0.6,8.0,0.61,8.0,0.62,8.0,0.63,189.0,0.18,0.18,619.043,1776162605000
1776162607.443,7.443,0.41,13.0,0.4,8.0,0.39,8.0,0.38,8.0,0.37,189.0,0.59,13.0,0.6,8.0,0.61,8.0,0.62,8.0,0.63,189.0,0.41,13.0,0.4,8.0,0.39,8.0,0.38,8.0,0.37,189.0,0.59,13.0,0.6,8.0,0.61,8.0,0.62,8.0,0.63,189.0,0.18,0.18,619.043,1776162606000
1776162607.911,7.911,0.41,13.0,0.4,8.0,0.39,8.0,0.38,8.0,0.37,189.0,0.59,13.0,0.6,8.0,0.61,8.0,0.62,8.0,0.63,189.0,0.41,13.0,0.4,8.0,0.39,8.0,0.38,8.0,0.37,189.0,0.59,13.0,0.6,8.0,0.61,8.0,0.62,8.0,0.63,189.0,0.18,0.18,619.046442,1776162607000
1776162609.128,9.128,0.41,13.0,0.4,8.0,0.39,8.0,0.38,8.0,0.37,189.0,0.59,13.0,0.6,8.0,0.61,8.0,0.62,8.0,0.63,189.0,0.41,13.0,0.4,8.0,0.39,8.0,0.38,8.0,0.37,189.0,0.59,13.0,0.6,8.0,0.61,8.0,0.62,8.0,0.63,189.0,0.18,0.18,619.038774,1776162608000
1776162610.321,10.321,0.41,13.0,0.4,8.0,0.39,8.0,0.38,8.0,0.37,189.0,0.59,13.0,0.6,8.0,0.61,8.0,0.62,8.0,0.63,189.0,0.41,13.0,0.4,8.0,0.39,8.0,0.38,8.0,0.37,189.0,0.59,13.0,0.6,8.0,0.61,8.0,0.62,8.0,0.63,189.0,0.18,0.18,619.003847,1776162609000
1776162610.971,10.971,0.41,13.0,0.4,8.0,0.39,8.0,0.38,8.0,0.37,189.0,0.59,13.0,0.6,8.0,0.61,8.0,0.62,8.0,0.63,189.0,0.41,13.0,0.4,8.0,0.39,8.0,0.38,8.0,0.37,189.0,0.59,13.0,0.6,8.0,0.61,8.0,0.62,8.0,0.63,189.0,0.18,0.18,619.002846,1776162610000
1776162611.209,11.209,0.44,8.21,0.41,5.0,0.39,5.0,0.38,18.0,0.37,5.0,0.55,5.0,0.56,5.0,0.59,5.0,0.61,50.0,0.62,13.0,0.41,13.0,0.4,8.0,0.39,8.0,0.38,8.0,0.37,189.0,0.59,13.0,0.6,8.0,0.61,8.0,0.62,8.0,0.63,189.0,0.11,0.18,619.002846,1776162610000
1776162612.199,12.199,0.44,8.21,0.41,5.0,0.39,5.0,0.38,18.0,0.37,5.0,0.55,5.0,0.56,5.0,0.59,5.0,0.61,50.0,0.62,13.0,0.45,5.0,0.44,5.0,0.41,5.0,0.39,50.0,0.38,13.0,0.56,8.21,0.59,5.0,0.61,5.0,0.62,18.0,0.63,5.0,0.11,0.11,619.05117,1776162611000
1776162614.17,14.17,0.44,8.21,0.41,5.0,0.39,5.0,0.38,18.0,0.37,5.0,0.55,5.0,0.56,5.0,0.59,5.0,0.61,50.0,0.62,13.0,0.45,5.0,0.44,5.0,0.41,5.0,0.39,50.0,0.38,13.0,0.56,8.21,0.59,5.0,0.61,5.0,0.62,18.0,0.63,5.0,0.11,0.11,619.054142,1776162613000
1776162615.245,15.245,0.44,8.21,0.41,5.0,0.39,5.0,0.38,18.0,0.37,5.0,0.55,5.0,0.56,5.0,0.59,5.0,0.61,50.0,0.62,13.0,0.45,5.0,0.44,5.0,0.41,5.0,0.39,50.0,0.38,13.0,0.56,8.21,0.59,5.0,0.61,5.0,0.62,18.0,0.63,5.0,0.11,0.11,619.05,1776162614000
1776162616.188,16.188,0.44,8.21,0.41,5.0,0.39,5.0,0.38,18.0,0.37,5.0,0.55,5.0,0.56,5.0,0.59,5.0,0.61,50.0,0.62,13.0,0.45,5.0,0.44,5.0,0.41,5.0,0.39,50.0,0.38,13.0,0.56,8.21,0.59,5.0,0.61,5.0,0.62,18.0,0.63,5.0,0.11,0.11,619.058,1776162615000
1776162617.308,17.308,0.44,8.21,0.41,5.0,0.39,5.0,0.38,18.0,0.37,5.0,0.55,5.0,0.56,5.0,0.59,5.0,0.61,50.0,0.62,13.0,0.45,5.0,0.44,5.0,0.41,5.0,0.39,50.0,0.38,13.0,0.56,8.21,0.59,5.0,0.61,5.0,0.62,18.0,0.63,5.0,0.11,0.11,619.053,1776162616000
1776162618.269,18.269,0.44,8.21,0.41,5.0,0.39,5.0,0.38,18.0,0.37,5.0,0.55,5.0,0.56,5.0,0.59,5.0,0.61,50.0,0.62,13.0,0.45,5.0,0.44,5.0,0.41,5.0,0.39,50.0,0.38,13.0,0.56,8.21,0.59,5.0,0.61,5.0,0.62,18.0,0.63,5.0,0.11,0.11,619.06,1776162617000
1776162619.247,19.247,0.44,8.21,0.41,5.0,0.39,5.0,0.38,18.0,0.37,5.0,0.55,5.0,0.56,5.0,0.59,5.0,0.61,50.0,0.62,13.0,0.45,5.0,0.44,5.0,0.41,5.0,0.39,50.0,0.38,13.0,0.56,8.21,0.59,5.0,0.61,5.0,0.62,18.0,0.63,5.0,0.11,0.11,619.007941,1776162618000
1776162620.282,20.282,0.44,8.21,0.41,5.0,0.39,5.0,0.38,18.0,0.37,5.0,0.55,5.0,0.56,5.0,0.59,5.0,0.61,50.0,0.62,13.0,0.45,5.0,0.44,5.0,0.41,5.0,0.39,50.0,0.38,13.0,0.56,8.21,0.59,5.0,0.61,5.0,0.62,18.0,0.63,5.0,0.11,0.11,618.914,1776162619000
1776162620.628,20.628,0.42,5.0,0.41,5.0,0.33,15.0,0.32,10.0,0.31,50.0,0.43,10.0,0.48,10.1,0.49,5.0,0.5,5.0,0.51,5.0,0.45,5.0,0.44,5.0,0.41,5.0,0.39,50.0,0.38,13.0,0.56,8.21,0.59,5.0,0.61,5.0,0.62,18.0,0.63,5.0,0.01,0.11,618.914,1776162619000
1776162621.346,21.346,0.42,5.0,0.41,5.0,0.33,15.0,0.32,10.0,0.31,50.0,0.43,10.0,0.48,10.1,0.49,5.0,0.5,5.0,0.51,5.0,0.57,10.0,0.52,10.1,0.51,5.0,0.5,5.0,0.49,5.0,0.58,5.0,0.59,5.0,0.67,15.0,0.68,10.0,0.69,50.0,0.01,0.01,618.93,1776162620000
1776162621.919,21.919,0.42,5.0,0.41,5.0,0.33,15.0,0.32,10.0,0.31,50.0,0.43,10.0,0.48,10.1,0.49,5.0,0.5,5.0,0.51,5.0,0.57,10.0,0.52,10.1,0.51,5.0,0.5,5.0,0.49,5.0,0.58,5.0,0.59,5.0,0.67,15.0,0.68,10.0,0.69,50.0,0.01,0.01,618.93308,1776162621000
1776162622.159,22.159,0.27,5.0,0.26,5.0,0.24,10.0,0.21,50.0,0.19,31.0,0.42,10.0,0.43,10.1,0.44,5.0,0.45,14.0,0.46,5.0,0.57,50.1,0.56,5.0,0.55,14.0,0.54,5.0,0.53,5.0,0.59,3.0,0.73,5.0,0.74,5.0,0.76,10.0,0.79,50.0,0.15,0.02,618.93308,1776162621000
1776162622.774,22.774,0.27,5.0,0.26,5.0,0.24,10.0,0.21,50.0,0.19,31.0,0.42,10.0,0.43,10.1,0.44,5.0,0.45,14.0,0.46,5.0,0.58,10.0,0.57,10.1,0.56,5.0,0.55,14.0,0.54,5.0,0.73,5.0,0.74,5.0,0.76,10.0,0.79,50.0,0.81,31.0,0.15,0.15,618.939,1776162622000
1776162624.339,24.339,0.27,5.0,0.26,5.0,0.24,10.0,0.21,50.0,0.19,31.0,0.42,10.0,0.43,10.1,0.44,5.0,0.45,14.0,0.46,5.0,0.58,10.0,0.57,10.1,0.56,5.0,0.55,14.0,0.54,5.0,0.73,5.0,0.74,5.0,0.76,10.0,0.79,50.0,0.81,31.0,0.15,0.15,618.904,1776162623000
1776162625.349,25.349,0.27,5.0,0.26,5.0,0.24,10.0,0.21,50.0,0.19,31.0,0.42,10.0,0.43,10.1,0.44,5.0,0.45,14.0,0.46,5.0,0.58,10.0,0.57,10.1,0.56,5.0,0.55,14.0,0.54,5.0,0.73,5.0,0.74,5.0,0.76,10.0,0.79,50.0,0.81,31.0,0.15,0.15,618.910387,1776162624000
1776162626.28,26.28,0.27,5.0,0.26,5.0,0.24,10.0,0.21,50.0,0.19,31.0,0.42,10.0,0.43,10.1,0.44,5.0,0.45,14.0,0.46,5.0,0.58,10.0,0.57,10.1,0.56,5.0,0.55,14.0,0.54,5.0,0.73,5.0,0.74,5.0,0.76,10.0,0.79,50.0,0.81,31.0,0.15,0.15,618.8899,1776162625000
1776162627.317,27.317,0.27,5.0,0.26,5.0,0.24,10.0,0.21,50.0,0.19,31.0,0.42,10.0,0.43,10.1,0.44,5.0,0.45,14.0,0.46,5.0,0.58,10.0,0.57,10.1,0.56,5.0,0.55,14.0,0.54,5.0,0.73,5.0,0.74,5.0,0.76,10.0,0.79,50.0,0.81,31.0,0.15,0.15,618.88815,1776162626000
1776162628.304,28.304,0.27,5.0,0.26,5.0,0.24,10.0,0.21,50.0,0.19,31.0,0.42,10.0,0.43,10.1,0.44,5.0,0.45,14.0,0.46,5.0,0.58,10.0,0.57,10.1,0.56,5.0,0.55,14.0,0.54,5.0,0.73,5.0,0.74,5.0,0.76,10.0,0.79,50.0,0.81,31.0,0.15,0.15,618.900311,1776162627000
1776162629.239,29.239,0.27,5.0,0.26,5.0,0.24,10.0,0.21,50.0,0.19,31.0,0.42,10.0,0.43,10.1,0.44,5.0,0.45,14.0,0.46,5.0,0.58,10.0,0.57,10.1,0.56,5.0,0.55,14.0,0.54,5.0,0.73,5.0,0.74,5.0,0.76,10.0,0.79,50.0,0.81,31.0,0.15,0.15,618.900031,1776162628000
1776162630.378,30.378,0.27,5.0,0.26,5.0,0.24,10.0,0.21,50.0,0.19,31.0,0.42,10.0,0.43,10.1,0.44,5.0,0.45,14.0,0.46,5.0,0.58,10.0,0.57,10.1,0.56,5.0,0.55,14.0,0.54,5.0,0.73,5.0,0.74,5.0,0.76,10.0,0.79,50.0,0.81,31.0,0.15,0.15,618.897,1776162629000
1776162630.814,30.814,0.27,5.0,0.26,5.0,0.24,10.0,0.21,50.0,0.19,31.0,0.42,10.0,0.43,10.1,0.44,5.0,0.45,14.0,0.46,5.0,0.58,10.0,0.57,10.1,0.56,5.0,0.55,14.0,0.54,5.0,0.73,5.0,0.74,5.0,0.76,10.0,0.79,50.0,0.81,31.0,0.15,0.15,618.897,1776162630000
1776162632.213,32.213,0.27,5.0,0.26,5.0,0.24,10.0,0.21,50.0,0.19,31.0,0.42,10.0,0.43,10.1,0.44,5.0,0.45,14.0,0.46,5.0,0.58,10.0,0.57,10.1,0.56,5.0,0.55,14.0,0.54,5.0,0.73,5.0,0.74,5.0,0.76,10.0,0.79,50.0,0.81,31.0,0.15,0.15,618.9,1776162631000
1776162633.17,33.17,0.27,5.0,0.26,5.0,0.24,10.0,0.21,50.0,0.19,31.0,0.42,10.0,0.43,10.1,0.44,5.0,0.45,14.0,0.46,5.0,0.58,10.0,0.57,10.1,0.56,5.0,0.55,14.0,0.54,5.0,0.73,5.0,0.74,5.0,0.76,10.0,0.79,50.0,0.81,31.0,0.15,0.15,618.9,1776162632000
1776162634.151,34.151,0.27,5.0,0.26,5.0,0.24,10.0,0.21,50.0,0.19,31.0,0.42,10.0,0.43,10.1,0.44,5.0,0.45,14.0,0.46,5.0,0.58,10.0,0.57,10.1,0.56,5.0,0.55,14.0,0.54,5.0,0.73,5.0,0.74,5.0,0.76,10.0,0.79,50.0,0.81,31.0,0.15,0.15,618.778,1776162633000
1776162635.096,35.096,0.27,5.0,0.26,5.0,0.24,10.0,0.21,50.0,0.19,31.0,0.42,10.0,0.43,10.1,0.44,5.0,0.45,14.0,0.46,5.0,0.58,10.0,0.57,10.1,0.56,5.0,0.55,14.0,0.54,5.0,0.73,5.0,0.74,5.0,0.76,10.0,0.79,50.0,0.81,31.0,0.15,0.15,618.77491,1776162634000
1776162636.134,36.134,0.27,5.0,0.26,5.0,0.24,10.0,0.21,50.0,0.19,31.0,0.42,10.0,0.43,10.1,0.44,5.0,0.45,14.0,0.46,5.0,0.58,10.0,0.57,10.1,0.56,5.0,0.55,14.0,0.54,5.0,0.73,5.0,0.74,5.0,0.76,10.0,0.79,50.0,0.81,31.0,0.15,0.15,618.781784,1776162635000
1776162637.17,37.17,0.27,5.0,0.26,5.0,0.24,10.0,0.21,50.0,0.19,31.0,0.42,10.0,0.43,10.1,0.44,5.0,0.45,14.0,0.46,5.0,0.58,10.0,0.57,10.1,0.56,5.0,0.55,14.0,0.54,5.0,0.73,5.0,0.74,5.0,0.76,10.0,0.79,50.0,0.81,31.0,0.15,0.15,618.782778,1776162636000
1776162638.054,38.054,0.27,5.0,0.26,5.0,0.24,10.0,0.21,50.0,0.19,31.0,0.42,10.0,0.43,10.1,0.44,5.0,0.45,14.0,0.46,5.0,0.58,10.0,0.57,10.1,0.56,5.0,0.55,14.0,0.54,5.0,0.73,5.0,0.74,5.0,0.76,10.0,0.79,50.0,0.81,31.0,0.15,0.15,618.746866,1776162637000
1776162639.111,39.111,0.27,5.0,0.26,5.0,0.24,10.0,0.21,50.0,0.19,31.0,0.42,10.0,0.43,10.1,0.44,5.0,0.45,14.0,0.46,5.0,0.58,10.0,0.57,10.1,0.56,5.0,0.55,14.0,0.54,5.0,0.73,5.0,0.74,5.0,0.76,10.0,0.79,50.0,0.81,31.0,0.15,0.15,618.744942,1776162638000
1776162639.991,39.991,0.27,5.0,0.26,5.0,0.24,10.0,0.21,50.0,0.19,31.0,0.42,10.0,0.43,10.1,0.44,5.0,0.45,14.0,0.46,5.0,0.58,10.0,0.57,10.1,0.56,5.0,0.55,14.0,0.54,5.0,0.73,5.0,0.74,5.0,0.76,10.0,0.79,50.0,0.81,31.0,0.15,0.15,618.736995,1776162639000
1776162640.896,40.896,0.27,5.0,0.26,5.0,0.24,10.0,0.21,50.0,0.19,31.0,0.42,10.0,0.43,10.1,0.44,5.0,0.45,14.0,0.46,5.0,0.58,10.0,0.57,10.1,0.56,5.0,0.55,14.0,0.54,5.0,0.73,5.0,0.74,5.0,0.76,10.0,0.79,50.0,0.81,31.0,0.15,0.15,618.837314,1776162640000
1776162642.605,42.605,0.27,5.0,0.26,5.0,0.24,10.0,0.21,50.0,0.19,31.0,0.42,10.0,0.43,10.1,0.44,5.0,0.45,14.0,0.46,5.0,0.58,10.0,0.57,10.1,0.56,5.0,0.55,14.0,0.54,5.0,0.73,5.0,0.74,5.0,0.76,10.0,0.79,50.0,0.81,31.0,0.15,0.15,618.84518,1776162641000
1776162643.031,43.031,0.27,5.0,0.26,5.0,0.24,10.0,0.21,50.0,0.19,31.0,0.42,10.0,0.43,10.1,0.44,5.0,0.45,14.0,0.46,5.0,0.58,10.0,0.57,10.1,0.56,5.0,0.55,14.0,0.54,5.0,0.73,5.0,0.74,5.0,0.76,10.0,0.79,50.0,0.81,31.0,0.15,0.15,618.857,1776162642000
1776162644.038,44.038,0.27,5.0,0.26,5.0,0.24,10.0,0.21,50.0,0.19,31.0,0.42,10.0,0.43,10.1,0.44,5.0,0.45,14.0,0.46,5.0,0.58,10.0,0.57,10.1,0.56,5.0,0.55,14.0,0.54,5.0,0.73,5.0,0.74,5.0,0.76,10.0,0.79,50.0,0.81,31.0,0.15,0.15,618.857,1776162643000
1776162645.022,45.022,0.27,5.0,0.26,5.0,0.24,10.0,0.21,50.0,0.19,31.0,0.42,10.0,0.43,10.1,0.44,5.0,0.45,14.0,0.46,5.0,0.58,10.0,0.57,10.1,0.56,5.0,0.55,14.0,0.54,5.0,0.73,5.0,0.74,5.0,0.76,10.0,0.79,50.0,0.81,31.0,0.15,0.15,618.88476,1776162644000
1776162645.507,45.507,0.31,45.0,0.25,10.0,0.23,14.7,0.22,47.2,0.21,65.7,0.36,7.0,0.37,17.0,0.38,5.0,0.39,5.0,0.43,5.0,0.58,10.0,0.57,10.1,0.56,5.0,0.55,14.0,0.54,5.0,0.73,5.0,0.74,5.0,0.76,10.0,0.79,50.0,0.81,31.0,0.05,0.15,618.88476,1776162644000
1776162646.168,46.168,0.31,45.0,0.25,10.0,0.23,14.7,0.22,47.2,0.21,65.7,0.36,7.0,0.37,17.0,0.38,5.0,0.39,5.0,0.43,5.0,0.64,7.0,0.63,17.0,0.62,5.0,0.61,5.0,0.57,5.0,0.69,45.0,0.75,10.0,0.77,14.7,0.78,47.2,0.79,65.7,0.05,0.05,618.88482,1776162645000
1776162647.145,47.145,0.31,45.0,0.25,10.0,0.23,14.7,0.22,47.2,0.21,65.7,0.36,7.0,0.37,17.0,0.38,5.0,0.39,5.0,0.43,5.0,0.64,7.0,0.63,17.0,0.62,5.0,0.61,5.0,0.57,5.0,0.69,45.0,0.75,10.0,0.77,14.7,0.78,47.2,0.79,65.7,0.05,0.05,618.88128,1776162646000
1776162648.118,48.118,0.31,45.0,0.25,10.0,0.23,14.7,0.22,47.2,0.21,65.7,0.36,7.0,0.37,17.0,0.38,5.0,0.39,5.0,0.43,5.0,0.64,7.0,0.63,17.0,0.62,5.0,0.61,5.0,0.57,5.0,0.69,45.0,0.75,10.0,0.77,14.7,0.78,47.2,0.79,65.7,0.05,0.05,618.886279,1776162647000
1776162649.028,49.028,0.31,45.0,0.25,10.0,0.23,14.7,0.22,47.2,0.21,65.7,0.36,7.0,0.37,17.0,0.38,5.0,0.39,5.0,0.43,5.0,0.64,7.0,0.63,17.0,0.62,5.0,0.61,5.0,0.57,5.0,0.69,45.0,0.75,10.0,0.77,14.7,0.78,47.2,0.79,65.7,0.05,0.05,618.957162,1776162648000
1776162650.089,50.089,0.31,45.0,0.25,10.0,0.23,14.7,0.22,47.2,0.21,65.7,0.36,7.0,0.37,17.0,0.38,5.0,0.39,5.0,0.43,5.0,0.64,7.0,0.63,17.0,0.62,5.0,0.61,5.0,0.57,5.0,0.69,45.0,0.75,10.0,0.77,14.7,0.78,47.2,0.79,65.7,0.05,0.05,618.91583,1776162649000
1776162651.142,51.142,0.31,45.0,0.25,10.0,0.23,14.7,0.22,47.2,0.21,65.7,0.36,7.0,0.37,17.0,0.38,5.0,0.39,5.0,0.43,5.0,0.64,7.0,0.63,17.0,0.62,5.0,0.61,5.0,0.57,5.0,0.69,45.0,0.75,10.0,0.77,14.7,0.78,47.2,0.79,65.7,0.05,0.05,618.913625,1776162650000
1776162652.204,52.204,0.31,45.0,0.25,10.0,0.23,14.7,0.22,47.2,0.21,65.7,0.36,7.0,0.37,17.0,0.38,5.0,0.39,5.0,0.43,5.0,0.64,7.0,0.63,17.0,0.62,5.0,0.61,5.0,0.57,5.0,0.69,45.0,0.75,10.0,0.77,14.7,0.78,47.2,0.79,65.7,0.05,0.05,618.975,1776162651000
1776162653.271,53.271,0.31,45.0,0.25,10.0,0.23,14.7,0.22,47.2,0.21,65.7,0.36,7.0,0.37,17.0,0.38,5.0,0.39,5.0,0.43,5.0,0.64,7.0,0.63,17.0,0.62,5.0,0.61,5.0,0.57,5.0,0.69,45.0,0.75,10.0,0.77,14.7,0.78,47.2,0.79,65.7,0.05,0.05,618.967,1776162652000
1776162654.602,54.602,0.31,45.0,0.25,10.0,0.23,14.7,0.22,47.2,0.21,65.7,0.36,7.0,0.37,17.0,0.38,5.0,0.39,5.0,0.43,5.0,0.64,7.0,0.63,17.0,0.62,5.0,0.61,5.0,0.57,5.0,0.69,45.0,0.75,10.0,0.77,14.7,0.78,47.2,0.79,65.7,0.05,0.05,618.959,1776162653000
1776162655.503,55.503,0.34,11.6,0.33,11.8,0.32,11.9,0.31,62.2,0.3,17.4,0.36,2.0,0.37,17.0,0.43,10.0,0.45,9.0,0.48,5.0,0.64,7.0,0.63,17.0,0.62,5.0,0.61,5.0,0.57,5.0,0.69,45.0,0.75,10.0,0.77,14.7,0.78,47.2,0.79,65.7,0.02,0.05,618.959,1776162653000
1776162656.167,56.167,0.34,11.6,0.33,11.8,0.32,11.9,0.31,62.2,0.3,17.4,0.36,2.0,0.37,17.0,0.43,10.0,0.45,9.0,0.48,5.0,0.64,2.0,0.63,17.0,0.57,10.0,0.55,9.0,0.52,5.0,0.66,11.6,0.67,11.8,0.68,11.9,0.69,62.2,0.7,17.4,0.02,0.02,618.956,1776162655000
1776162657.294,57.294,0.34,11.6,0.33,11.8,0.32,11.9,0.31,62.2,0.3,17.4,0.36,2.0,0.37,17.0,0.43,10.0,0.45,9.0,0.48,5.0,0.64,2.0,0.63,17.0,0.57,10.0,0.55,9.0,0.52,5.0,0.66,11.6,0.67,11.8,0.68,11.9,0.69,62.2,0.7,17.4,0.02,0.02,618.934,1776162656000
1776162658.262,58.262,0.34,11.6,0.33,11.8,0.32,11.9,0.31,62.2,0.3,17.4,0.36,2.0,0.37,17.0,0.43,10.0,0.45,9.0,0.48,5.0,0.64,2.0,0.63,17.0,0.57,10.0,0.55,9.0,0.52,5.0,0.66,11.6,0.67,11.8,0.68,11.9,0.69,62.2,0.7,17.4,0.02,0.02,618.928,1776162657000
1776162659.408,59.408,0.34,11.6,0.33,11.8,0.32,11.9,0.31,62.2,0.3,17.4,0.36,2.0,0.37,17.0,0.43,10.0,0.45,9.0,0.48,5.0,0.64,2.0,0.63,17.0,0.57,10.0,0.55,9.0,0.52,5.0,0.66,11.6,0.67,11.8,0.68,11.9,0.69,62.2,0.7,17.4,0.02,0.02,618.935,1776162658000
1776162660.191,60.191,0.34,11.6,0.33,11.8,0.32,11.9,0.31,62.2,0.3,17.4,0.36,2.0,0.37,17.0,0.43,10.0,0.45,9.0,0.48,5.0,0.64,2.0,0.63,17.0,0.57,10.0,0.55,9.0,0.52,5.0,0.66,11.6,0.67,11.8,0.68,11.9,0.69,62.2,0.7,17.4,0.02,0.02,618.944,1776162659000
1776162661.245,61.245,0.34,11.6,0.33,11.8,0.32,11.9,0.31,62.2,0.3,17.4,0.36,2.0,0.37,17.0,0.43,10.0,0.45,9.0,0.48,5.0,0.64,2.0,0.63,17.0,0.57,10.0,0.55,9.0,0.52,5.0,0.66,11.6,0.67,11.8,0.68,11.9,0.69,62.2,0.7,17.4,0.02,0.02,618.938,1776162660000
1776162661.933,61.933,0.34,11.6,0.33,11.8,0.32,11.9,0.31,62.2,0.3,17.4,0.36,2.0,0.37,17.0,0.43,10.0,0.45,9.0,0.48,5.0,0.64,2.0,0.63,17.0,0.57,10.0,0.55,9.0,0.52,5.0,0.66,11.6,0.67,11.8,0.68,11.9,0.69,62.2,0.7,17.4,0.02,0.02,618.948,1776162661000
1776162663.188,63.188,0.34,11.6,0.33,11.8,0.32,11.9,0.31,62.2,0.3,17.4,0.36,2.0,0.37,17.0,0.43,10.0,0.45,9.0,0.48,5.0,0.64,2.0,0.63,17.0,0.57,10.0,0.55,9.0,0.52,5.0,0.66,11.6,0.67,11.8,0.68,11.9,0.69,62.2,0.7,17.4,0.02,0.02,618.93648,1776162662000
1776162664.317,64.317,0.32,11.9,0.31,57.2,0.3,22.4,0.29,12.6,0.28,12.9,0.37,15.94,0.42,5.0,0.47,5.0,0.48,5.0,0.49,5.0,0.63,15.94,0.58,5.0,0.53,5.0,0.52,5.0,0.51,5.0,0.68,11.9,0.69,57.2,0.7,22.4,0.71,12.6,0.72,12.9,0.05,0.05,618.907183,1776162663000
1776162664.964,64.964,0.32,11.9,0.31,57.2,0.3,22.4,0.29,12.6,0.28,12.9,0.37,15.94,0.42,5.0,0.47,5.0,0.48,5.0,0.49,5.0,0.63,15.94,0.58,5.0,0.53,5.0,0.52,5.0,0.51,5.0,0.68,11.9,0.69,57.2,0.7,22.4,0.71,12.6,0.72,12.9,0.05,0.05,618.96,1776162664000
1776162666.448,66.448,0.32,11.9,0.31,57.2,0.3,22.4,0.29,12.6,0.28,12.9,0.37,15.94,0.42,5.0,0.47,5.0,0.48,5.0,0.49,5.0,0.63,15.94,0.58,5.0,0.53,5.0,0.52,5.0,0.51,5.0,0.68,11.9,0.69,57.2,0.7,22.4,0.71,12.6,0.72,12.9,0.05,0.05,618.933586,1776162665000
1776162667.057,67.057,0.32,11.9,0.31,57.2,0.3,22.4,0.29,12.6,0.28,12.9,0.37,15.94,0.42,5.0,0.47,5.0,0.48,5.0,0.49,5.0,0.63,15.94,0.58,5.0,0.53,5.0,0.52,5.0,0.51,5.0,0.68,11.9,0.69,57.2,0.7,22.4,0.71,12.6,0.72,12.9,0.05,0.05,618.911928,1776162666000
1776162667.932,67.932,0.34,16.6,0.33,16.8,0.32,11.9,0.31,57.2,0.3,12.4,0.37,10.94,0.46,10.0,0.51,15.4,0.52,15.4,0.53,25.4,0.63,15.94,0.58,5.0,0.53,5.0,0.52,5.0,0.51,5.0,0.68,11.9,0.69,57.2,0.7,22.4,0.71,12.6,0.72,12.9,0.03,0.05,618.911928,1776162666000
1776162668.293,68.293,0.34,16.6,0.33,16.8,0.32,11.9,0.31,57.2,0.3,12.4,0.37,10.94,0.46,10.0,0.51,15.4,0.52,15.4,0.53,25.4,0.63,10.94,0.54,10.0,0.49,15.4,0.48,15.4,0.47,25.4,0.66,16.6,0.67,16.8,0.68,11.9,0.69,57.2,0.7,12.4,0.03,0.03,618.93308,1776162667000
1776162669.013,69.013,0.35,11.4,0.34,16.6,0.33,16.8,0.32,11.9,0.31,57.2,0.37,5.94,0.46,10.0,0.51,15.4,0.52,15.4,0.53,25.4,0.63,5.94,0.54,10.0,0.49,15.4,0.48,15.4,0.47,25.4,0.65,11.4,0.66,16.6,0.67,16.8,0.68,11.9,0.69,57.2,0.02,0.02,618.935077,1776162668000
1776162670.169,70.169,0.35,11.4,0.34,16.6,0.33,16.8,0.32,11.9,0.31,57.2,0.37,5.94,0.46,10.0,0.51,15.4,0.52,15.4,0.53,25.4,0.63,5.94,0.54,10.0,0.49,15.4,0.48,15.4,0.47,25.4,0.65,11.4,0.66,16.6,0.67,16.8,0.68,11.9,0.69,57.2,0.02,0.02,618.95955,1776162669000
1776162671.822,71.822,0.35,11.4,0.34,16.6,0.33,16.8,0.32,11.9,0.31,57.2,0.37,5.94,0.46,10.0,0.51,15.4,0.52,15.4,0.53,25.4,0.63,5.94,0.54,10.0,0.49,15.4,0.48,15.4,0.47,25.4,0.65,11.4,0.66,16.6,0.67,16.8,0.68,11.9,0.69,57.2,0.02,0.02,618.957436,1776162670000
1776162672.261,72.261,0.35,11.4,0.34,16.6,0.33,16.8,0.32,11.9,0.31,57.2,0.37,5.94,0.46,10.0,0.51,15.4,0.52,15.4,0.53,25.4,0.63,5.94,0.54,10.0,0.49,15.4,0.48,15.4,0.47,25.4,0.65,11.4,0.66,16.6,0.67,16.8,0.68,11.9,0.69,57.2,0.02,0.02,618.961,1776162671000
1776162673.182,73.182,0.35,11.4,0.34,16.6,0.33,16.8,0.32,11.9,0.31,57.2,0.37,5.94,0.46,10.0,0.51,15.4,0.52,15.4,0.53,25.4,0.63,5.94,0.54,10.0,0.49,15.4,0.48,15.4,0.47,25.4,0.65,11.4,0.66,16.6,0.67,16.8,0.68,11.9,0.69,57.2,0.02,0.02,618.961,1776162672000
1776162674.15,74.15,0.36,14.72,0.35,16.4,0.34,11.6,0.33,11.8,0.32,11.9,0.37,5.94,0.48,5.0,0.49,5.0,0.51,10.0,0.53,10.4,0.63,5.94,0.52,5.0,0.51,5.0,0.49,10.0,0.47,10.4,0.64,14.72,0.65,16.4,0.66,11.6,0.67,11.8,0.68,11.9,0.01,0.01,618.96,1776162673000
1776162675.18,75.18,0.36,14.72,0.35,16.4,0.34,11.6,0.33,11.8,0.32,11.9,0.37,5.94,0.48,5.0,0.49,5.0,0.51,10.0,0.53,10.4,0.63,5.94,0.52,5.0,0.51,5.0,0.49,10.0,0.47,10.4,0.64,14.72,0.65,16.4,0.66,11.6,0.67,11.8,0.68,11.9,0.01,0.01,618.951401,1776162674000
1776162676.155,76.155,0.36,14.72,0.35,16.4,0.34,11.6,0.33,11.8,0.32,11.9,0.37,5.94,0.48,5.0,0.49,5.0,0.51,10.0,0.53,10.4,0.63,5.94,0.52,5.0,0.51,5.0,0.49,10.0,0.47,10.4,0.64,14.72,0.65,16.4,0.66,11.6,0.67,11.8,0.68,11.9,0.01,0.01,618.952998,1776162675000
1776162677.104,77.104,0.36,14.72,0.35,16.4,0.34,11.6,0.33,11.8,0.32,11.9,0.37,5.94,0.48,5.0,0.49,5.0,0.51,10.0,0.53,10.4,0.63,5.94,0.52,5.0,0.51,5.0,0.49,10.0,0.47,10.4,0.64,14.72,0.65,16.4,0.66,11.6,0.67,11.8,0.68,11.9,0.01,0.01,618.964,1776162676000
1776162678.094,78.094,0.36,14.72,0.35,16.4,0.34,11.6,0.33,11.8,0.32,11.9,0.37,5.94,0.48,5.0,0.49,5.0,0.51,10.0,0.53,10.4,0.63,5.94,0.52,5.0,0.51,5.0,0.49,10.0,0.47,10.4,0.64,14.72,0.65,16.4,0.66,11.6,0.67,11.8,0.68,11.9,0.01,0.01,618.975,1776162677000
1776162678.999,78.999,0.36,11.3,0.35,21.4,0.34,11.6,0.33,11.8,0.32,11.9,0.37,2.85,0.48,10.0,0.51,10.0,0.52,10.4,0.53,10.4,0.63,5.94,0.52,5.0,0.51,5.0,0.49,10.0,0.47,10.4,0.64,14.72,0.65,16.4,0.66,11.6,0.67,11.8,0.68,11.9,0.01,0.01,618.975,1776162677000
1776162679.966,79.966,0.36,11.3,0.35,21.4,0.34,11.6,0.33,11.8,0.32,11.9,0.37,2.85,0.48,10.0,0.51,10.0,0.52,10.4,0.53,10.4,0.63,2.85,0.52,10.0,0.49,10.0,0.48,10.4,0.47,10.4,0.64,11.3,0.65,21.4,0.66,11.6,0.67,11.8,0.68,11.9,0.01,0.01,618.98376,1776162679000
1776162681.035,81.035,0.36,11.3,0.35,21.4,0.34,11.6,0.33,11.8,0.32,11.9,0.37,2.85,0.48,10.0,0.51,10.0,0.52,10.4,0.53,10.4,0.63,2.85,0.52,10.0,0.49,10.0,0.48,10.4,0.47,10.4,0.64,11.3,0.65,21.4,0.66,11.6,0.67,11.8,0.68,11.9,0.01,0.01,618.98373,1776162680000
1776162681.334,81.334,0.36,11.3,0.35,21.4,0.34,11.6,0.33,11.8,0.32,11.9,0.48,10.0,0.53,10.0,0.54,5.0,0.55,5.0,0.56,15.6,0.63,2.85,0.52,10.0,0.49,10.0,0.48,10.4,0.47,10.4,0.64,11.3,0.65,21.4,0.66,11.6,0.67,11.8,0.68,11.9,0.12,0.01,618.98373,1776162680000
1776162681.948,81.948,0.36,11.3,0.35,21.4,0.34,11.6,0.33,11.8,0.32,11.9,0.48,10.0,0.53,10.0,0.54,5.0,0.55,5.0,0.56,15.6,0.52,10.0,0.47,10.0,0.46,5.0,0.45,5.0,0.44,15.6,0.64,11.3,0.65,21.4,0.66,11.6,0.67,11.8,0.68,11.9,0.12,0.12,618.977089,1776162681000
1776162682.95,82.95,0.36,11.3,0.35,21.4,0.34,11.6,0.33,11.8,0.32,11.9,0.48,10.0,0.53,10.0,0.54,5.0,0.55,5.0,0.56,15.6,0.52,10.0,0.47,10.0,0.46,5.0,0.45,5.0,0.44,15.6,0.64,11.3,0.65,21.4,0.66,11.6,0.67,11.8,0.68,11.9,0.12,0.12,618.956524,1776162682000
1776162684.598,84.598,0.36,11.3,0.35,21.4,0.34,11.6,0.33,11.8,0.32,11.9,0.48,10.0,0.53,10.0,0.54,5.0,0.55,5.0,0.56,15.6,0.52,10.0,0.47,10.0,0.46,5.0,0.45,5.0,0.44,15.6,0.64,11.3,0.65,21.4,0.66,11.6,0.67,11.8,0.68,11.9,0.12,0.12,618.956329,1776162683000
1776162685.113,85.113,0.36,11.3,0.35,21.4,0.34,11.6,0.33,11.8,0.32,11.9,0.48,10.0,0.53,10.0,0.54,5.0,0.55,5.0,0.56,15.6,0.52,10.0,0.47,10.0,0.46,5.0,0.45,5.0,0.44,15.6,0.64,11.3,0.65,21.4,0.66,11.6,0.67,11.8,0.68,11.9,0.12,0.12,618.95487,1776162684000
1776162686.373,86.373,0.36,11.3,0.35,21.4,0.34,11.6,0.33,11.8,0.32,11.9,0.48,10.0,0.53,10.0,0.54,5.0,0.55,5.0,0.56,15.6,0.52,10.0,0.47,10.0,0.46,5.0,0.45,5.0,0.44,15.6,0.64,11.3,0.65,21.4,0.66,11.6,0.67,11.8,0.68,11.9,0.12,0.12,618.970607,1776162685000
1776162687.105,87.105,0.36,11.3,0.35,21.4,0.34,11.6,0.33,11.8,0.32,11.9,0.48,10.0,0.53,10.0,0.54,5.0,0.55,5.0,0.56,15.6,0.52,10.0,0.47,10.0,0.46,5.0,0.45,5.0,0.44,15.6,0.64,11.3,0.65,21.4,0.66,11.6,0.67,11.8,0.68,11.9,0.12,0.12,618.971021,1776162686000
1776162688.309,88.309,0.36,11.3,0.35,21.4,0.34,11.6,0.33,11.8,0.32,11.9,0.48,10.0,0.53,10.0,0.54,5.0,0.55,5.0,0.56,15.6,0.52,10.0,0.47,10.0,0.46,5.0,0.45,5.0,0.44,15.6,0.64,11.3,0.65,21.4,0.66,11.6,0.67,11.8,0.68,11.9,0.12,0.12,618.971021,1776162687000
1776162689.006,89.006,0.36,11.3,0.35,21.4,0.34,11.6,0.33,11.8,0.32,11.9,0.48,10.0,0.53,10.0,0.54,5.0,0.55,5.0,0.56,15.6,0.52,10.0,0.47,10.0,0.46,5.0,0.45,5.0,0.44,15.6,0.64,11.3,0.65,21.4,0.66,11.6,0.67,11.8,0.68,11.9,0.12,0.12,618.974344,1776162688000
1776162690.258,90.258,0.36,11.3,0.35,21.4,0.34,11.6,0.33,11.8,0.32,11.9,0.48,10.0,0.53,10.0,0.54,5.0,0.55,5.0,0.56,15.6,0.52,10.0,0.47,10.0,0.46,5.0,0.45,5.0,0.44,15.6,0.64,11.3,0.65,21.4,0.66,11.6,0.67,11.8,0.68,11.9,0.12,0.12,618.975272,1776162689000
1776162691.053,91.053,0.36,11.3,0.35,21.4,0.34,11.6,0.33,11.8,0.32,11.9,0.48,10.0,0.53,10.0,0.54,5.0,0.55,5.0,0.56,15.6,0.52,10.0,0.47,10.0,0.46,5.0,0.45,5.0,0.44,15.6,0.64,11.3,0.65,21.4,0.66,11.6,0.67,11.8,0.68,11.9,0.12,0.12,618.972953,1776162690000
1776162692.34,92.34,0.36,11.3,0.35,21.4,0.34,11.6,0.33,11.8,0.32,11.9,0.48,10.0,0.53,10.0,0.54,5.0,0.55,5.0,0.56,15.6,0.52,10.0,0.47,10.0,0.46,5.0,0.45,5.0,0.44,15.6,0.64,11.3,0.65,21.4,0.66,11.6,0.67,11.8,0.68,11.9,0.12,0.12,618.977334,1776162691000
1776162693.248,93.248,0.36,11.3,0.35,21.4,0.34,11.6,0.33,11.8,0.32,11.9,0.48,10.0,0.53,10.0,0.54,5.0,0.55,5.0,0.56,15.6,0.52,10.0,0.47,10.0,0.46,5.0,0.45,5.0,0.44,15.6,0.64,11.3,0.65,21.4,0.66,11.6,0.67,11.8,0.68,11.9,0.12,0.12,618.977647,1776162692000
1776162694.376,94.376,0.36,11.3,0.35,21.4,0.34,11.6,0.33,11.8,0.32,11.9,0.48,10.0,0.53,10.0,0.54,5.0,0.55,5.0,0.56,15.6,0.52,10.0,0.47,10.0,0.46,5.0,0.45,5.0,0.44,15.6,0.64,11.3,0.65,21.4,0.66,11.6,0.67,11.8,0.68,11.9,0.12,0.12,618.989,1776162693000
1776162695.18,95.18,0.36,11.3,0.35,21.4,0.34,11.6,0.33,11.8,0.32,11.9,0.48,10.0,0.53,10.0,0.54,5.0,0.55,5.0,0.56,15.6,0.52,10.0,0.47,10.0,0.46,5.0,0.45,5.0,0.44,15.6,0.64,11.3,0.65,21.4,0.66,11.6,0.67,11.8,0.68,11.9,0.12,0.12,618.989,1776162694000
1776162696.403,96.403,0.36,11.3,0.35,21.4,0.34,11.6,0.33,11.8,0.32,11.9,0.48,10.0,0.53,10.0,0.54,5.0,0.55,5.0,0.56,15.6,0.52,10.0,0.47,10.0,0.46,5.0,0.45,5.0,0.44,15.6,0.64,11.3,0.65,21.4,0.66,11.6,0.67,11.8,0.68,11.9,0.12,0.12,618.976127,1776162695000
1776162697.135,97.135,0.36,11.3,0.35,21.4,0.34,11.6,0.33,11.8,0.32,11.9,0.48,10.0,0.53,10.0,0.54,5.0,0.55,5.0,0.56,15.6,0.52,10.0,0.47,10.0,0.46,5.0,0.45,5.0,0.44,15.6,0.64,11.3,0.65,21.4,0.66,11.6,0.67,11.8,0.68,11.9,0.12,0.12,618.975916,1776162696000
1776162698.414,98.414,0.34,8.48,0.33,11.8,0.32,11.9,0.31,57.2,0.3,17.4,0.48,20.4,0.49,10.4,0.5,10.4,0.51,20.4,0.52,10.4,0.52,10.0,0.47,10.0,0.46,5.0,0.45,5.0,0.44,15.6,0.64,11.3,0.65,21.4,0.66,11.6,0.67,11.8,0.68,11.9,0.14,0.12,618.975916,1776162696000
1776162699.136,99.136,0.34,8.48,0.33,11.8,0.32,11.9,0.31,57.2,0.3,17.4,0.48,20.4,0.49,10.4,0.5,10.4,0.51,20.4,0.52,10.4,0.52,20.4,0.51,10.4,0.5,10.4,0.49,20.4,0.48,10.4,0.66,8.48,0.67,11.8,0.68,11.9,0.69,57.2,0.7,17.4,0.14,0.14,618.984083,1776162698000
1776162700.415,100.415,0.34,8.48,0.33,11.8,0.32,11.9,0.31,57.2,0.3,17.4,0.48,20.4,0.49,10.4,0.5,10.4,0.51,20.4,0.52,10.4,0.52,20.4,0.51,10.4,0.5,10.4,0.49,20.4,0.48,10.4,0.66,8.48,0.67,11.8,0.68,11.9,0.69,57.2,0.7,17.4,0.14,0.14,618.984034,1776162699000
1776162701.396,101.396,0.34,8.48,0.33,11.8,0.32,11.9,0.31,57.2,0.3,17.4,0.48,20.4,0.49,10.4,0.5,10.4,0.51,20.4,0.52,10.4,0.52,20.4,0.51,10.4,0.5,10.4,0.49,20.4,0.48,10.4,0.66,8.48,0.67,11.8,0.68,11.9,0.69,57.2,0.7,17.4,0.14,0.14,618.977245,1776162700000
1776162701.83,101.83,0.34,8.48,0.33,11.8,0.32,11.9,0.31,57.2,0.3,17.4,0.48,20.4,0.49,10.4,0.5,10.4,0.51,20.4,0.52,10.4,0.52,20.4,0.51,10.4,0.5,10.4,0.49,20.4,0.48,10.4,0.66,8.48,0.67,11.8,0.68,11.9,0.69,57.2,0.7,17.4,0.14,0.14,618.98542,1776162701000
1776162702.82,102.82,0.34,8.48,0.33,11.8,0.32,11.9,0.31,57.2,0.3,17.4,0.48,20.4,0.49,10.4,0.5,10.4,0.51,20.4,0.52,10.4,0.52,20.4,0.51,10.4,0.5,10.4,0.49,20.4,0.48,10.4,0.66,8.48,0.67,11.8,0.68,11.9,0.69,57.2,0.7,17.4,0.14,0.14,618.991,1776162702000
1776162704.346,104.346,0.34,8.48,0.33,11.8,0.32,11.9,0.31,57.2,0.3,17.4,0.48,20.4,0.49,10.4,0.5,10.4,0.51,20.4,0.52,10.4,0.52,20.4,0.51,10.4,0.5,10.4,0.49,20.4,0.48,10.4,0.66,8.48,0.67,11.8,0.68,11.9,0.69,57.2,0.7,17.4,0.14,0.14,618.987,1776162703000
1776162705.316,105.316,0.34,8.48,0.33,11.8,0.32,11.9,0.31,57.2,0.3,17.4,0.48,20.4,0.49,10.4,0.5,10.4,0.51,20.4,0.52,10.4,0.52,20.4,0.51,10.4,0.5,10.4,0.49,20.4,0.48,10.4,0.66,8.48,0.67,11.8,0.68,11.9,0.69,57.2,0.7,17.4,0.14,0.14,618.987,1776162704000
1776162706.165,106.165,0.34,8.48,0.33,11.8,0.32,11.9,0.31,57.2,0.3,17.4,0.48,20.4,0.49,10.4,0.5,10.4,0.51,20.4,0.52,10.4,0.52,20.4,0.51,10.4,0.5,10.4,0.49,20.4,0.48,10.4,0.66,8.48,0.67,11.8,0.68,11.9,0.69,57.2,0.7,17.4,0.14,0.14,618.988,1776162705000
1776162707.203,107.203,0.34,8.48,0.33,11.8,0.32,11.9,0.31,57.2,0.3,17.4,0.48,20.4,0.49,10.4,0.5,10.4,0.51,20.4,0.52,10.4,0.52,20.4,0.51,10.4,0.5,10.4,0.49,20.4,0.48,10.4,0.66,8.48,0.67,11.8,0.68,11.9,0.69,57.2,0.7,17.4,0.14,0.14,618.987,1776162706000
1776162708.18,108.18,0.34,8.48,0.33,11.8,0.32,11.9,0.31,57.2,0.3,17.4,0.48,20.4,0.49,10.4,0.5,10.4,0.51,20.4,0.52,10.4,0.52,20.4,0.51,10.4,0.5,10.4,0.49,20.4,0.48,10.4,0.66,8.48,0.67,11.8,0.68,11.9,0.69,57.2,0.7,17.4,0.14,0.14,618.988,1776162707000
1776162709.149,109.149,0.34,8.48,0.33,11.8,0.32,11.9,0.31,57.2,0.3,17.4,0.48,20.4,0.49,10.4,0.5,10.4,0.51,20.4,0.52,10.4,0.52,20.4,0.51,10.4,0.5,10.4,0.49,20.4,0.48,10.4,0.66,8.48,0.67,11.8,0.68,11.9,0.69,57.2,0.7,17.4,0.14,0.14,618.934839,1776162708000
1776162710.163,110.163,0.34,8.48,0.33,11.8,0.32,11.9,0.31,57.2,0.3,17.4,0.48,20.4,0.49,10.4,0.5,10.4,0.51,20.4,0.52,10.4,0.52,20.4,0.51,10.4,0.5,10.4,0.49,20.4,0.48,10.4,0.66,8.48,0.67,11.8,0.68,11.9,0.69,57.2,0.7,17.4,0.14,0.14,618.930944,1776162709000
1776162711.147,111.147,0.34,8.48,0.33,11.8,0.32,11.9,0.31,57.2,0.3,17.4,0.48,20.4,0.49,10.4,0.5,10.4,0.51,20.4,0.52,10.4,0.52,20.4,0.51,10.4,0.5,10.4,0.49,20.4,0.48,10.4,0.66,8.48,0.67,11.8,0.68,11.9,0.69,57.2,0.7,17.4,0.14,0.14,618.988,1776162710000
1776162712.227,112.227,0.34,8.48,0.33,11.8,0.32,11.9,0.31,57.2,0.3,17.4,0.48,20.4,0.49,10.4,0.5,10.4,0.51,20.4,0.52,10.4,0.52,20.4,0.51,10.4,0.5,10.4,0.49,20.4,0.48,10.4,0.66,8.48,0.67,11.8,0.68,11.9,0.69,57.2,0.7,17.4,0.14,0.14,618.989,1776162711000
1776162713.225,113.225,0.34,8.48,0.33,11.8,0.32,11.9,0.31,57.2,0.3,17.4,0.48,20.4,0.49,10.4,0.5,10.4,0.51,20.4,0.52,10.4,0.52,20.4,0.51,10.4,0.5,10.4,0.49,20.4,0.48,10.4,0.66,8.48,0.67,11.8,0.68,11.9,0.69,57.2,0.7,17.4,0.14,0.14,618.988,1776162712000
1776162714.339,114.339,0.34,8.48,0.33,11.8,0.32,11.9,0.31,57.2,0.3,17.4,0.48,20.4,0.49,10.4,0.5,10.4,0.51,20.4,0.52,10.4,0.52,20.4,0.51,10.4,0.5,10.4,0.49,20.4,0.48,10.4,0.66,8.48,0.67,11.8,0.68,11.9,0.69,57.2,0.7,17.4,0.14,0.14,618.989,1776162713000
1776162715.377,115.377,0.34,8.48,0.33,11.8,0.32,11.9,0.31,57.2,0.3,17.4,0.48,20.4,0.49,10.4,0.5,10.4,0.51,20.4,0.52,10.4,0.52,20.4,0.51,10.4,0.5,10.4,0.49,20.4,0.48,10.4,0.66,8.48,0.67,11.8,0.68,11.9,0.69,57.2,0.7,17.4,0.14,0.14,618.985,1776162714000
1776162715.911,115.911,0.34,8.48,0.33,11.8,0.32,11.9,0.31,57.2,0.3,17.4,0.48,20.4,0.49,10.4,0.5,10.4,0.51,20.4,0.52,10.4,0.52,20.4,0.51,10.4,0.5,10.4,0.49,20.4,0.48,10.4,0.66,8.48,0.67,11.8,0.68,11.9,0.69,57.2,0.7,17.4,0.14,0.14,618.985,1776162715000
1776162716.995,116.995,0.34,8.48,0.33,11.8,0.32,11.9,0.31,57.2,0.3,17.4,0.48,20.4,0.49,10.4,0.5,10.4,0.51,20.4,0.52,10.4,0.52,20.4,0.51,10.4,0.5,10.4,0.49,20.4,0.48,10.4,0.66,8.48,0.67,11.8,0.68,11.9,0.69,57.2,0.7,17.4,0.14,0.14,618.985303,1776162716000
1776162718.07,118.07,0.34,8.48,0.33,11.8,0.32,11.9,0.31,57.2,0.3,17.4,0.48,20.4,0.49,10.4,0.5,10.4,0.51,20.4,0.52,10.4,0.52,20.4,0.51,10.4,0.5,10.4,0.49,20.4,0.48,10.4,0.66,8.48,0.67,11.8,0.68,11.9,0.69,57.2,0.7,17.4,0.14,0.14,618.981469,1776162717000
1776162719.052,119.052,0.34,8.48,0.33,11.8,0.32,11.9,0.31,57.2,0.3,17.4,0.48,20.4,0.49,10.4,0.5,10.4,0.51,20.4,0.52,10.4,0.52,20.4,0.51,10.4,0.5,10.4,0.49,20.4,0.48,10.4,0.66,8.48,0.67,11.8,0.68,11.9,0.69,57.2,0.7,17.4,0.14,0.14,618.979123,1776162718000
1776162720.299,120.299,0.34,8.48,0.33,11.8,0.32,11.9,0.31,57.2,0.3,17.4,0.48,20.4,0.49,10.4,0.5,10.4,0.51,20.4,0.52,10.4,0.52,20.4,0.51,10.4,0.5,10.4,0.49,20.4,0.48,10.4,0.66,8.48,0.67,11.8,0.68,11.9,0.69,57.2,0.7,17.4,0.14,0.14,618.98107,1776162719000
1776162721.321,121.321,0.34,8.48,0.33,11.8,0.32,11.9,0.31,57.2,0.3,17.4,0.48,20.4,0.49,10.4,0.5,10.4,0.51,20.4,0.52,10.4,0.52,20.4,0.51,10.4,0.5,10.4,0.49,20.4,0.48,10.4,0.66,8.48,0.67,11.8,0.68,11.9,0.69,57.2,0.7,17.4,0.14,0.14,618.972236,1776162720000
1776162721.878,121.878,0.34,8.48,0.33,11.8,0.32,11.9,0.31,57.2,0.3,17.4,0.48,20.4,0.49,10.4,0.5,10.4,0.51,20.4,0.52,10.4,0.52,20.4,0.51,10.4,0.5,10.4,0.49,20.4,0.48,10.4,0.66,8.48,0.67,11.8,0.68,11.9,0.69,57.2,0.7,17.4,0.14,0.14,618.962416,1776162721000
1776162723.092,123.092,0.34,8.48,0.33,11.8,0.32,11.9,0.31,57.2,0.3,17.4,0.48,20.4,0.49,10.4,0.5,10.4,0.51,20.4,0.52,10.4,0.52,20.4,0.51,10.4,0.5,10.4,0.49,20.4,0.48,10.4,0.66,8.48,0.67,11.8,0.68,11.9,0.69,57.2,0.7,17.4,0.14,0.14,618.912,1776162722000
1776162724.14,124.14,0.34,8.48,0.33,11.8,0.32,11.9,0.31,57.2,0.3,17.4,0.48,20.4,0.49,10.4,0.5,10.4,0.51,20.4,0.52,10.4,0.52,20.4,0.51,10.4,0.5,10.4,0.49,20.4,0.48,10.4,0.66,8.48,0.67,11.8,0.68,11.9,0.69,57.2,0.7,17.4,0.14,0.14,618.910423,1776162723000
1776162725.183,125.183,0.34,8.48,0.33,11.8,0.32,11.9,0.31,57.2,0.3,17.4,0.48,20.4,0.49,10.4,0.5,10.4,0.51,20.4,0.52,10.4,0.52,20.4,0.51,10.4,0.5,10.4,0.49,20.4,0.48,10.4,0.66,8.48,0.67,11.8,0.68,11.9,0.69,57.2,0.7,17.4,0.14,0.14,618.912,1776162724000
1776162726.281,126.281,0.34,8.48,0.33,11.8,0.32,11.9,0.31,57.2,0.3,17.4,0.48,20.4,0.49,10.4,0.5,10.4,0.51,20.4,0.52,10.4,0.52,20.4,0.51,10.4,0.5,10.4,0.49,20.4,0.48,10.4,0.66,8.48,0.67,11.8,0.68,11.9,0.69,57.2,0.7,17.4,0.14,0.14,618.89056,1776162725000
1776162727.292,127.292,0.34,8.48,0.33,11.8,0.32,11.9,0.31,57.2,0.3,17.4,0.48,20.4,0.49,10.4,0.5,10.4,0.51,20.4,0.52,10.4,0.52,20.4,0.51,10.4,0.5,10.4,0.49,20.4,0.48,10.4,0.66,8.48,0.67,11.8,0.68,11.9,0.69,57.2,0.7,17.4,0.14,0.14,618.85807,1776162726000
1776162728.317,128.317,0.34,8.48,0.33,11.8,0.32,11.9,0.31,57.2,0.3,17.4,0.48,20.4,0.49,10.4,0.5,10.4,0.51,20.4,0.52,10.4,0.52,20.4,0.51,10.4,0.5,10.4,0.49,20.4,0.48,10.4,0.66,8.48,0.67,11.8,0.68,11.9,0.69,57.2,0.7,17.4,0.14,0.14,618.84563,1776162727000
1776162729.325,129.325,0.34,8.48,0.33,11.8,0.32,11.9,0.31,57.2,0.3,17.4,0.48,20.4,0.49,10.4,0.5,10.4,0.51,20.4,0.52,10.4,0.52,20.4,0.51,10.4,0.5,10.4,0.49,20.4,0.48,10.4,0.66,8.48,0.67,11.8,0.68,11.9,0.69,57.2,0.7,17.4,0.14,0.14,618.841,1776162728000
1776162729.978,129.978,0.34,8.48,0.33,11.8,0.32,11.9,0.31,57.2,0.3,17.4,0.48,20.4,0.49,10.4,0.5,10.4,0.51,20.4,0.52,10.4,0.52,20.4,0.51,10.4,0.5,10.4,0.49,20.4,0.48,10.4,0.66,8.48,0.67,11.8,0.68,11.9,0.69,57.2,0.7,17.4,0.14,0.14,618.841,1776162729000
1776162731.07,131.07,0.34,8.48,0.33,11.8,0.32,11.9,0.31,57.2,0.3,17.4,0.48,20.4,0.49,10.4,0.5,10.4,0.51,20.4,0.52,10.4,0.52,20.4,0.51,10.4,0.5,10.4,0.49,20.4,0.48,10.4,0.66,8.48,0.67,11.8,0.68,11.9,0.69,57.2,0.7,17.4,0.14,0.14,618.836,1776162730000
1776162732.216,132.216,0.34,8.48,0.33,11.8,0.32,11.9,0.31,57.2,0.3,17.4,0.48,20.4,0.49,10.4,0.5,10.4,0.51,20.4,0.52,10.4,0.52,20.4,0.51,10.4,0.5,10.4,0.49,20.4,0.48,10.4,0.66,8.48,0.67,11.8,0.68,11.9,0.69,57.2,0.7,17.4,0.14,0.14,618.833543,1776162731000
1776162733.594,133.594,0.34,8.48,0.33,11.8,0.32,11.9,0.31,57.2,0.3,17.4,0.48,20.4,0.49,10.4,0.5,10.4,0.51,20.4,0.52,10.4,0.52,20.4,0.51,10.4,0.5,10.4,0.49,20.4,0.48,10.4,0.66,8.48,0.67,11.8,0.68,11.9,0.69,57.2,0.7,17.4,0.14,0.14,618.823,1776162732000
1776162734.11,134.11,0.21,50.0,0.18,49.6,0.17,23.39,0.16,29.3,0.15,20.39,0.31,1.77,0.33,5.0,0.38,11.0,0.39,10.9,0.4,10.8,0.69,1.77,0.67,5.0,0.62,11.0,0.61,10.9,0.6,10.8,0.79,50.0,0.82,49.6,0.83,23.39,0.84,29.3,0.85,20.39,0.1,0.1,618.833543,1776162733000
1776162735.242,135.242,0.21,50.0,0.18,49.6,0.17,23.39,0.16,29.3,0.15,20.39,0.31,1.77,0.33,5.0,0.38,11.0,0.39,10.9,0.4,10.8,0.69,1.77,0.67,5.0,0.62,11.0,0.61,10.9,0.6,10.8,0.79,50.0,0.82,49.6,0.83,23.39,0.84,29.3,0.85,20.39,0.1,0.1,618.865,1776162734000
1776162735.467,135.467,0.21,48.73,0.18,32.0,0.17,23.39,0.16,29.3,0.15,20.39,0.32,10.0,0.34,11.6,0.35,11.4,0.36,11.3,0.37,11.2,0.69,1.77,0.67,5.0,0.62,11.0,0.61,10.9,0.6,10.8,0.79,50.0,0.82,49.6,0.83,23.39,0.84,29.3,0.85,20.39,0.11,0.1,618.865,1776162734000
1776162736.626,136.626,0.21,48.73,0.18,32.0,0.17,23.39,0.16,29.3,0.15,20.39,0.32,10.0,0.34,11.6,0.35,11.4,0.36,11.3,0.37,11.2,0.68,10.0,0.66,11.6,0.65,11.4,0.64,11.3,0.63,11.2,0.79,48.73,0.82,32.0,0.83,23.39,0.84,29.3,0.85,20.39,0.11,0.11,618.885,1776162735000
1776162737.307,137.307,0.21,48.73,0.18,32.0,0.17,23.39,0.16,29.3,0.15,20.39,0.32,10.0,0.34,11.6,0.35,11.4,0.36,11.3,0.37,11.2,0.68,10.0,0.66,11.6,0.65,11.4,0.64,11.3,0.63,11.2,0.79,48.73,0.82,32.0,0.83,23.39,0.84,29.3,0.85,20.39,0.11,0.11,618.877,1776162736000
1776162738.425,138.425,0.21,48.73,0.18,32.0,0.17,23.39,0.16,29.3,0.15,20.39,0.32,10.0,0.34,11.6,0.35,11.4,0.36,11.3,0.37,11.2,0.68,10.0,0.66,11.6,0.65,11.4,0.64,11.3,0.63,11.2,0.79,48.73,0.82,32.0,0.83,23.39,0.84,29.3,0.85,20.39,0.11,0.11,618.853459,1776162737000
1776162739.065,139.065,0.21,48.73,0.18,32.0,0.17,23.39,0.16,29.3,0.15,20.39,0.32,10.0,0.34,11.6,0.35,11.4,0.36,11.3,0.37,11.2,0.68,10.0,0.66,11.6,0.65,11.4,0.64,11.3,0.63,11.2,0.79,48.73,0.82,32.0,0.83,23.39,0.84,29.3,0.85,20.39,0.11,0.11,618.854553,1776162738000
1776162740.203,140.203,0.21,48.73,0.18,32.0,0.17,23.39,0.16,29.3,0.15,20.39,0.32,10.0,0.34,11.6,0.35,11.4,0.36,11.3,0.37,11.2,0.68,10.0,0.66,11.6,0.65,11.4,0.64,11.3,0.63,11.2,0.79,48.73,0.82,32.0,0.83,23.39,0.84,29.3,0.85,20.39,0.11,0.11,618.888,1776162739000
1776162741.395,141.395,0.21,48.73,0.18,32.0,0.17,23.39,0.16,29.3,0.15,20.39,0.32,10.0,0.34,11.6,0.35,11.4,0.36,11.3,0.37,11.2,0.68,10.0,0.66,11.6,0.65,11.4,0.64,11.3,0.63,11.2,0.79,48.73,0.82,32.0,0.83,23.39,0.84,29.3,0.85,20.39,0.11,0.11,618.888,1776162740000
1776162741.92,141.92,0.21,48.73,0.18,32.0,0.17,23.39,0.16,29.3,0.15,20.39,0.32,10.0,0.34,11.6,0.35,11.4,0.36,11.3,0.37,11.2,0.68,10.0,0.66,11.6,0.65,11.4,0.64,11.3,0.63,11.2,0.79,48.73,0.82,32.0,0.83,23.39,0.84,29.3,0.85,20.39,0.11,0.11,618.88352,1776162741000
1776162743.378,143.378,0.21,48.73,0.18,32.0,0.17,23.39,0.16,29.3,0.15,20.39,0.32,10.0,0.34,11.6,0.35,11.4,0.36,11.3,0.37,11.2,0.68,10.0,0.66,11.6,0.65,11.4,0.64,11.3,0.63,11.2,0.79,48.73,0.82,32.0,0.83,23.39,0.84,29.3,0.85,20.39,0.11,0.11,618.87091,1776162742000
1776162743.911,143.911,0.21,48.73,0.18,32.0,0.17,23.39,0.16,29.3,0.15,20.39,0.32,10.0,0.34,11.6,0.35,11.4,0.36,11.3,0.37,11.2,0.68,10.0,0.66,11.6,0.65,11.4,0.64,11.3,0.63,11.2,0.79,48.73,0.82,32.0,0.83,23.39,0.84,29.3,0.85,20.39,0.11,0.11,618.87091,1776162743000
1776162744.872,144.872,0.21,48.73,0.18,32.0,0.17,23.39,0.16,29.3,0.15,20.39,0.32,10.0,0.34,11.6,0.35,11.4,0.36,11.3,0.37,11.2,0.68,10.0,0.66,11.6,0.65,11.4,0.64,11.3,0.63,11.2,0.79,48.73,0.82,32.0,0.83,23.39,0.84,29.3,0.85,20.39,0.11,0.11,618.84063,1776162744000
1776162745.77,145.77,0.21,48.73,0.18,32.0,0.17,23.39,0.16,29.3,0.15,20.39,0.32,10.0,0.34,11.6,0.35,11.4,0.36,11.3,0.37,11.2,0.68,10.0,0.66,11.6,0.65,11.4,0.64,11.3,0.63,11.2,0.79,48.73,0.82,32.0,0.83,23.39,0.84,29.3,0.85,20.39,0.11,0.11,618.87589,1776162745000
1776162747.294,147.294,0.21,48.73,0.18,32.0,0.17,23.39,0.16,29.3,0.15,20.39,0.32,10.0,0.34,11.6,0.35,11.4,0.36,11.3,0.37,11.2,0.68,10.0,0.66,11.6,0.65,11.4,0.64,11.3,0.63,11.2,0.79,48.73,0.82,32.0,0.83,23.39,0.84,29.3,0.85,20.39,0.11,0.11,618.8738,1776162746000
1776162748.26,148.26,0.21,48.73,0.18,32.0,0.17,23.39,0.16,29.3,0.15,20.39,0.32,10.0,0.34,11.6,0.35,11.4,0.36,11.3,0.37,11.2,0.68,10.0,0.66,11.6,0.65,11.4,0.64,11.3,0.63,11.2,0.79,48.73,0.82,32.0,0.83,23.39,0.84,29.3,0.85,20.39,0.11,0.11,618.848184,1776162747000
1776162749.298,149.298,0.21,48.73,0.18,32.0,0.17,23.39,0.16,29.3,0.15,20.39,0.32,10.0,0.34,11.6,0.35,11.4,0.36,11.3,0.37,11.2,0.68,10.0,0.66,11.6,0.65,11.4,0.64,11.3,0.63,11.2,0.79,48.73,0.82,32.0,0.83,23.39,0.84,29.3,0.85,20.39,0.11,0.11,618.892948,1776162748000
1776162750.296,150.296,0.21,48.73,0.18,32.0,0.17,23.39,0.16,29.3,0.15,20.39,0.32,10.0,0.34,11.6,0.35,11.4,0.36,11.3,0.37,11.2,0.68,10.0,0.66,11.6,0.65,11.4,0.64,11.3,0.63,11.2,0.79,48.73,0.82,32.0,0.83,23.39,0.84,29.3,0.85,20.39,0.11,0.11,618.894075,1776162749000
1776162751.327,151.327,0.21,48.73,0.18,32.0,0.17,23.39,0.16,29.3,0.15,20.39,0.32,10.0,0.34,11.6,0.35,11.4,0.36,11.3,0.37,11.2,0.68,10.0,0.66,11.6,0.65,11.4,0.64,11.3,0.63,11.2,0.79,48.73,0.82,32.0,0.83,23.39,0.84,29.3,0.85,20.39,0.11,0.11,618.896,1776162750000
1776162751.943,151.943,0.21,48.73,0.18,32.0,0.17,23.39,0.16,29.3,0.15,20.39,0.32,10.0,0.34,11.6,0.35,11.4,0.36,11.3,0.37,11.2,0.68,10.0,0.66,11.6,0.65,11.4,0.64,11.3,0.63,11.2,0.79,48.73,0.82,32.0,0.83,23.39,0.84,29.3,0.85,20.39,0.11,0.11,618.894,1776162751000
1776162752.902,152.902,0.21,48.73,0.18,32.0,0.17,23.39,0.16,29.3,0.15,20.39,0.32,10.0,0.34,11.6,0.35,11.4,0.36,11.3,0.37,11.2,0.68,10.0,0.66,11.6,0.65,11.4,0.64,11.3,0.63,11.2,0.79,48.73,0.82,32.0,0.83,23.39,0.84,29.3,0.85,20.39,0.11,0.11,618.8781,1776162752000
1776162756.105,156.105,0.21,48.73,0.18,32.0,0.17,23.39,0.16,29.3,0.15,20.39,0.32,10.0,0.34,11.6,0.35,11.4,0.36,11.3,0.37,11.2,0.68,10.0,0.66,11.6,0.65,11.4,0.64,11.3,0.63,11.2,0.79,48.73,0.82,32.0,0.83,23.39,0.84,29.3,0.85,20.39,0.11,0.11,618.881782,1776162755000
1776162757.217,157.217,0.21,48.73,0.18,32.0,0.17,23.39,0.16,29.3,0.15,20.39,0.32,10.0,0.34,11.6,0.35,11.4,0.36,11.3,0.37,11.2,0.68,10.0,0.66,11.6,0.65,11.4,0.64,11.3,0.63,11.2,0.79,48.73,0.82,32.0,0.83,23.39,0.84,29.3,0.85,20.39,0.11,0.11,618.884892,1776162756000
1776162758.407,158.407,0.21,48.73,0.18,32.0,0.17,23.39,0.16,29.3,0.15,20.39,0.32,10.0,0.34,11.6,0.35,11.4,0.36,11.3,0.37,11.2,0.68,10.0,0.66,11.6,0.65,11.4,0.64,11.3,0.63,11.2,0.79,48.73,0.82,32.0,0.83,23.39,0.84,29.3,0.85,20.39,0.11,0.11,618.88484,1776162757000
1776162759.033,159.033,0.21,48.73,0.18,32.0,0.17,23.39,0.16,29.3,0.15,20.39,0.32,10.0,0.34,11.6,0.35,11.4,0.36,11.3,0.37,11.2,0.68,10.0,0.66,11.6,0.65,11.4,0.64,11.3,0.63,11.2,0.79,48.73,0.82,32.0,0.83,23.39,0.84,29.3,0.85,20.39,0.11,0.11,618.886757,1776162758000
1776162760.193,160.193,0.21,48.73,0.18,32.0,0.17,23.39,0.16,29.3,0.15,20.39,0.32,10.0,0.34,11.6,0.35,11.4,0.36,11.3,0.37,11.2,0.68,10.0,0.66,11.6,0.65,11.4,0.64,11.3,0.63,11.2,0.79,48.73,0.82,32.0,0.83,23.39,0.84,29.3,0.85,20.39,0.11,0.11,618.875536,1776162759000
1776162761.299,161.299,0.21,48.73,0.18,32.0,0.17,23.39,0.16,29.3,0.15,20.39,0.32,10.0,0.34,11.6,0.35,11.4,0.36,11.3,0.37,11.2,0.68,10.0,0.66,11.6,0.65,11.4,0.64,11.3,0.63,11.2,0.79,48.73,0.82,32.0,0.83,23.39,0.84,29.3,0.85,20.39,0.11,0.11,618.865623,1776162760000
1776162761.923,161.923,0.21,48.73,0.18,32.0,0.17,23.39,0.16,29.3,0.15,20.39,0.32,10.0,0.34,11.6,0.35,11.4,0.36,11.3,0.37,11.2,0.68,10.0,0.66,11.6,0.65,11.4,0.64,11.3,0.63,11.2,0.79,48.73,0.82,32.0,0.83,23.39,0.84,29.3,0.85,20.39,0.11,0.11,618.867841,1776162761000
1776162763.229,163.229,0.21,48.73,0.18,32.0,0.17,23.39,0.16,29.3,0.15,20.39,0.32,10.0,0.34,11.6,0.35,11.4,0.36,11.3,0.37,11.2,0.68,10.0,0.66,11.6,0.65,11.4,0.64,11.3,0.63,11.2,0.79,48.73,0.82,32.0,0.83,23.39,0.84,29.3,0.85,20.39,0.11,0.11,618.86888,1776162762000
1776162764.692,164.692,0.21,48.73,0.18,32.0,0.17,23.39,0.16,29.3,0.15,20.39,0.32,10.0,0.34,11.6,0.35,11.4,0.36,11.3,0.37,11.2,0.68,10.0,0.66,11.6,0.65,11.4,0.64,11.3,0.63,11.2,0.79,48.73,0.82,32.0,0.83,23.39,0.84,29.3,0.85,20.39,0.11,0.11,618.873689,1776162763000
1776162765.515,165.515,0.21,48.73,0.18,32.0,0.17,23.39,0.16,29.3,0.15,20.39,0.32,10.0,0.34,11.6,0.35,11.4,0.36,11.3,0.37,11.2,0.68,10.0,0.66,11.6,0.65,11.4,0.64,11.3,0.63,11.2,0.79,48.73,0.82,32.0,0.83,23.39,0.84,29.3,0.85,20.39,0.11,0.11,618.882446,1776162764000
1776162766.127,166.127,0.21,48.73,0.18,32.0,0.17,23.39,0.16,29.3,0.15,20.39,0.32,10.0,0.34,11.6,0.35,11.4,0.36,11.3,0.37,11.2,0.68,10.0,0.66,11.6,0.65,11.4,0.64,11.3,0.63,11.2,0.79,48.73,0.82,32.0,0.83,23.39,0.84,29.3,0.85,20.39,0.11,0.11,618.88406,1776162765000
1776162767.148,167.148,0.21,48.73,0.18,32.0,0.17,23.39,0.16,29.3,0.15,20.39,0.32,10.0,0.34,11.6,0.35,11.4,0.36,11.3,0.37,11.2,0.68,10.0,0.66,11.6,0.65,11.4,0.64,11.3,0.63,11.2,0.79,48.73,0.82,32.0,0.83,23.39,0.84,29.3,0.85,20.39,0.11,0.11,618.874269,1776162766000
1776162768.512,168.512,0.21,48.73,0.18,32.0,0.17,23.39,0.16,29.3,0.15,20.39,0.32,10.0,0.34,11.6,0.35,11.4,0.36,11.3,0.37,11.2,0.68,10.0,0.66,11.6,0.65,11.4,0.64,11.3,0.63,11.2,0.79,48.73,0.82,32.0,0.83,23.39,0.84,29.3,0.85,20.39,0.11,0.11,618.882241,1776162767000
1776162769.135,169.135,0.21,48.73,0.18,32.0,0.17,23.39,0.16,29.3,0.15,20.39,0.32,10.0,0.34,11.6,0.35,11.4,0.36,11.3,0.37,11.2,0.68,10.0,0.66,11.6,0.65,11.4,0.64,11.3,0.63,11.2,0.79,48.73,0.82,32.0,0.83,23.39,0.84,29.3,0.85,20.39,0.11,0.11,618.86718,1776162768000
1776162769.868,169.868,0.21,48.73,0.18,32.0,0.17,23.39,0.16,29.3,0.15,20.39,0.32,10.0,0.34,11.6,0.35,11.4,0.36,11.3,0.37,11.2,0.68,10.0,0.66,11.6,0.65,11.4,0.64,11.3,0.63,11.2,0.79,48.73,0.82,32.0,0.83,23.39,0.84,29.3,0.85,20.39,0.11,0.11,618.836127,1776162769000
1776162771.149,171.149,0.21,48.73,0.18,32.0,0.17,23.39,0.16,29.3,0.15,20.39,0.32,10.0,0.34,11.6,0.35,11.4,0.36,11.3,0.37,11.2,0.68,10.0,0.66,11.6,0.65,11.4,0.64,11.3,0.63,11.2,0.79,48.73,0.82,32.0,0.83,23.39,0.84,29.3,0.85,20.39,0.11,0.11,618.846405,1776162770000
1776162772.78,172.78,0.21,48.73,0.18,32.0,0.17,23.39,0.16,29.3,0.15,20.39,0.32,10.0,0.34,11.6,0.35,11.4,0.36,11.3,0.37,11.2,0.68,10.0,0.66,11.6,0.65,11.4,0.64,11.3,0.63,11.2,0.79,48.73,0.82,32.0,0.83,23.39,0.84,29.3,0.85,20.39,0.11,0.11,618.844,1776162771000
1776162773.383,173.383,0.21,48.73,0.18,32.0,0.17,23.39,0.16,29.3,0.15,20.39,0.32,10.0,0.34,11.6,0.35,11.4,0.36,11.3,0.37,11.2,0.68,10.0,0.66,11.6,0.65,11.4,0.64,11.3,0.63,11.2,0.79,48.73,0.82,32.0,0.83,23.39,0.84,29.3,0.85,20.39,0.11,0.11,618.844,1776162772000
1776162773.833,173.833,0.21,48.73,0.18,32.0,0.17,23.39,0.16,29.3,0.15,20.39,0.32,10.0,0.34,11.6,0.35,11.4,0.36,11.3,0.37,11.2,0.68,10.0,0.66,11.6,0.65,11.4,0.64,11.3,0.63,11.2,0.79,48.73,0.82,32.0,0.83,23.39,0.84,29.3,0.85,20.39,0.11,0.11,618.836075,1776162773000
1776162774.96,174.96,0.21,48.73,0.18,32.0,0.17,23.39,0.16,29.3,0.15,20.39,0.32,10.0,0.34,11.6,0.35,11.4,0.36,11.3,0.37,11.2,0.68,10.0,0.66,11.6,0.65,11.4,0.64,11.3,0.63,11.2,0.79,48.73,0.82,32.0,0.83,23.39,0.84,29.3,0.85,20.39,0.11,0.11,618.836093,1776162774000
1776162775.957,175.957,0.21,48.73,0.18,32.0,0.17,23.39,0.16,29.3,0.15,20.39,0.32,10.0,0.34,11.6,0.35,11.4,0.36,11.3,0.37,11.2,0.68,10.0,0.66,11.6,0.65,11.4,0.64,11.3,0.63,11.2,0.79,48.73,0.82,32.0,0.83,23.39,0.84,29.3,0.85,20.39,0.11,0.11,618.828306,1776162775000
1776162777.045,177.045,0.21,48.73,0.18,32.0,0.17,23.39,0.16,29.3,0.15,20.39,0.32,10.0,0.34,11.6,0.35,11.4,0.36,11.3,0.37,11.2,0.68,10.0,0.66,11.6,0.65,11.4,0.64,11.3,0.63,11.2,0.79,48.73,0.82,32.0,0.83,23.39,0.84,29.3,0.85,20.39,0.11,0.11,618.827323,1776162776000
1776162778.136,178.136,0.21,48.73,0.18,32.0,0.17,23.39,0.16,29.3,0.15,20.39,0.32,10.0,0.34,11.6,0.35,11.4,0.36,11.3,0.37,11.2,0.68,10.0,0.66,11.6,0.65,11.4,0.64,11.3,0.63,11.2,0.79,48.73,0.82,32.0,0.83,23.39,0.84,29.3,0.85,20.39,0.11,0.11,618.834884,1776162777000
1776162779.176,179.176,0.21,48.73,0.18,32.0,0.17,23.39,0.16,29.3,0.15,20.39,0.32,10.0,0.34,11.6,0.35,11.4,0.36,11.3,0.37,11.2,0.68,10.0,0.66,11.6,0.65,11.4,0.64,11.3,0.63,11.2,0.79,48.73,0.82,32.0,0.83,23.39,0.84,29.3,0.85,20.39,0.11,0.11,618.831009,1776162778000
1776162780.234,180.234,0.21,48.73,0.18,32.0,0.17,23.39,0.16,29.3,0.15,20.39,0.32,10.0,0.34,11.6,0.35,11.4,0.36,11.3,0.37,11.2,0.68,10.0,0.66,11.6,0.65,11.4,0.64,11.3,0.63,11.2,0.79,48.73,0.82,32.0,0.83,23.39,0.84,29.3,0.85,20.39,0.11,0.11,618.831022,1776162779000
1776162781.259,181.259,0.21,48.73,0.18,32.0,0.17,23.39,0.16,29.3,0.15,20.39,0.32,10.0,0.34,11.6,0.35,11.4,0.36,11.3,0.37,11.2,0.68,10.0,0.66,11.6,0.65,11.4,0.64,11.3,0.63,11.2,0.79,48.73,0.82,32.0,0.83,23.39,0.84,29.3,0.85,20.39,0.11,0.11,618.765797,1776162780000
1776162782.328,182.328,0.21,48.73,0.18,32.0,0.17,23.39,0.16,29.3,0.15,20.39,0.32,10.0,0.34,11.6,0.35,11.4,0.36,11.3,0.37,11.2,0.68,10.0,0.66,11.6,0.65,11.4,0.64,11.3,0.63,11.2,0.79,48.73,0.82,32.0,0.83,23.39,0.84,29.3,0.85,20.39,0.11,0.11,618.742561,1776162781000
1776162783.499,183.499,0.21,48.73,0.18,32.0,0.17,23.39,0.16,29.3,0.15,20.39,0.32,10.0,0.34,11.6,0.35,11.4,0.36,11.3,0.37,11.2,0.68,10.0,0.66,11.6,0.65,11.4,0.64,11.3,0.63,11.2,0.79,48.73,0.82,32.0,0.83,23.39,0.84,29.3,0.85,20.39,0.11,0.11,618.741575,1776162782000
1776162784.011,184.011,0.21,48.73,0.18,32.0,0.17,23.39,0.16,29.3,0.15,20.39,0.32,10.0,0.34,11.6,0.35,11.4,0.36,11.3,0.37,11.2,0.68,10.0,0.66,11.6,0.65,11.4,0.64,11.3,0.63,11.2,0.79,48.73,0.82,32.0,0.83,23.39,0.84,29.3,0.85,20.39,0.11,0.11,618.742561,1776162783000
1776162785.093,185.093,0.21,48.73,0.18,32.0,0.17,23.39,0.16,29.3,0.15,20.39,0.32,10.0,0.34,11.6,0.35,11.4,0.36,11.3,0.37,11.2,0.68,10.0,0.66,11.6,0.65,11.4,0.64,11.3,0.63,11.2,0.79,48.73,0.82,32.0,0.83,23.39,0.84,29.3,0.85,20.39,0.11,0.11,618.72699,1776162784000
1776162786.869,186.869,0.21,48.73,0.18,32.0,0.17,23.39,0.16,29.3,0.15,20.39,0.32,10.0,0.34,11.6,0.35,11.4,0.36,11.3,0.37,11.2,0.68,10.0,0.66,11.6,0.65,11.4,0.64,11.3,0.63,11.2,0.79,48.73,0.82,32.0,0.83,23.39,0.84,29.3,0.85,20.39,0.11,0.11,618.712128,1776162785000
1776162787.404,187.404,0.21,48.73,0.18,32.0,0.17,23.39,0.16,29.3,0.15,20.39,0.32,10.0,0.34,11.6,0.35,11.4,0.36,11.3,0.37,11.2,0.68,10.0,0.66,11.6,0.65,11.4,0.64,11.3,0.63,11.2,0.79,48.73,0.82,32.0,0.83,23.39,0.84,29.3,0.85,20.39,0.11,0.11,618.723309,1776162786000
1776162788.055,188.055,0.21,48.73,0.18,32.0,0.17,23.39,0.16,29.3,0.15,20.39,0.32,10.0,0.34,11.6,0.35,11.4,0.36,11.3,0.37,11.2,0.68,10.0,0.66,11.6,0.65,11.4,0.64,11.3,0.63,11.2,0.79,48.73,0.82,32.0,0.83,23.39,0.84,29.3,0.85,20.39,0.11,0.11,618.723309,1776162787000
1776162789.207,189.207,0.21,48.73,0.18,32.0,0.17,23.39,0.16,29.3,0.15,20.39,0.32,10.0,0.34,11.6,0.35,11.4,0.36,11.3,0.37,11.2,0.68,10.0,0.66,11.6,0.65,11.4,0.64,11.3,0.63,11.2,0.79,48.73,0.82,32.0,0.83,23.39,0.84,29.3,0.85,20.39,0.11,0.11,618.718123,1776162788000
1776162790.363,190.363,0.21,48.73,0.18,32.0,0.17,23.39,0.16,29.3,0.15,20.39,0.32,10.0,0.34,11.6,0.35,11.4,0.36,11.3,0.37,11.2,0.68,10.0,0.66,11.6,0.65,11.4,0.64,11.3,0.63,11.2,0.79,48.73,0.82,32.0,0.83,23.39,0.84,29.3,0.85,20.39,0.11,0.11,618.713901,1776162789000
1776162790.956,190.956,0.21,48.73,0.18,32.0,0.17,23.39,0.16,29.3,0.15,20.39,0.32,10.0,0.34,11.6,0.35,11.4,0.36,11.3,0.37,11.2,0.68,10.0,0.66,11.6,0.65,11.4,0.64,11.3,0.63,11.2,0.79,48.73,0.82,32.0,0.83,23.39,0.84,29.3,0.85,20.39,0.11,0.11,618.737,1776162790000
1776162792.191,192.191,0.21,48.73,0.18,32.0,0.17,23.39,0.16,29.3,0.15,20.39,0.32,10.0,0.34,11.6,0.35,11.4,0.36,11.3,0.37,11.2,0.68,10.0,0.66,11.6,0.65,11.4,0.64,11.3,0.63,11.2,0.79,48.73,0.82,32.0,0.83,23.39,0.84,29.3,0.85,20.39,0.11,0.11,618.716,1776162791000
1776162793.422,193.422,0.21,48.73,0.18,32.0,0.17,23.39,0.16,29.3,0.15,20.39,0.32,10.0,0.34,11.6,0.35,11.4,0.36,11.3,0.37,11.2,0.68,10.0,0.66,11.6,0.65,11.4,0.64,11.3,0.63,11.2,0.79,48.73,0.82,32.0,0.83,23.39,0.84,29.3,0.85,20.39,0.11,0.11,618.721,1776162792000
1776162794.081,194.081,0.21,48.73,0.18,32.0,0.17,23.39,0.16,29.3,0.15,20.39,0.32,10.0,0.34,11.6,0.35,11.4,0.36,11.3,0.37,11.2,0.68,10.0,0.66,11.6,0.65,11.4,0.64,11.3,0.63,11.2,0.79,48.73,0.82,32.0,0.83,23.39,0.84,29.3,0.85,20.39,0.11,0.11,618.721,1776162793000
1776162795.21,195.21,0.21,48.73,0.18,32.0,0.17,23.39,0.16,29.3,0.15,20.39,0.32,10.0,0.34,11.6,0.35,11.4,0.36,11.3,0.37,11.2,0.68,10.0,0.66,11.6,0.65,11.4,0.64,11.3,0.63,11.2,0.79,48.73,0.82,32.0,0.83,23.39,0.84,29.3,0.85,20.39,0.11,0.11,618.725,1776162794000
1776162796.63,196.63,0.21,48.73,0.18,32.0,0.17,23.39,0.16,29.3,0.15,20.39,0.32,10.0,0.34,11.6,0.35,11.4,0.36,11.3,0.37,11.2,0.68,10.0,0.66,11.6,0.65,11.4,0.64,11.3,0.63,11.2,0.79,48.73,0.82,32.0,0.83,23.39,0.84,29.3,0.85,20.39,0.11,0.11,618.721,1776162795000
1776162796.863,196.863,0.21,48.73,0.18,32.0,0.17,23.39,0.16,29.3,0.15,20.39,0.32,10.0,0.34,11.6,0.35,11.4,0.36,11.3,0.37,11.2,0.68,10.0,0.66,11.6,0.65,11.4,0.64,11.3,0.63,11.2,0.79,48.73,0.82,32.0,0.83,23.39,0.84,29.3,0.85,20.39,0.11,0.11,618.721,1776162796000
1776162798.075,198.075,0.21,48.73,0.18,32.0,0.17,23.39,0.16,29.3,0.15,20.39,0.32,10.0,0.34,11.6,0.35,11.4,0.36,11.3,0.37,11.2,0.68,10.0,0.66,11.6,0.65,11.4,0.64,11.3,0.63,11.2,0.79,48.73,0.82,32.0,0.83,23.39,0.84,29.3,0.85,20.39,0.11,0.11,618.727,1776162797000
1776162798.907,198.907,0.05,53.64,0.04,72.7,0.03,94.3,0.02,142.69,0.01,788.69,0.1,44.88,0.11,26.6,0.12,24.6,0.13,23.0,0.14,21.6,0.68,10.0,0.66,11.6,0.65,11.4,0.64,11.3,0.63,11.2,0.79,48.73,0.82,32.0,0.83,23.39,0.84,29.3,0.85,20.39,0.05,0.11,618.727,1776162797000
1776162799.197,199.197,0.05,53.64,0.04,72.7,0.03,94.3,0.02,142.69,0.01,788.69,0.1,44.88,0.11,26.6,0.12,24.6,0.13,23.0,0.14,21.6,0.9,44.88,0.89,26.6,0.88,24.6,0.87,23.0,0.86,21.6,0.95,53.64,0.96,72.7,0.97,94.3,0.98,142.69,0.99,788.69,0.05,0.05,618.725,1776162798000
1776162800.344,200.344,0.05,53.64,0.04,72.7,0.03,94.3,0.02,142.69,0.01,788.69,0.1,44.88,0.11,26.6,0.12,24.6,0.13,23.0,0.14,21.6,0.9,44.88,0.89,26.6,0.88,24.6,0.87,23.0,0.86,21.6,0.95,53.64,0.96,72.7,0.97,94.3,0.98,142.69,0.99,788.69,0.05,0.05,618.727,1776162799000
1776162800.889,200.889,0.05,53.64,0.04,72.7,0.03,94.3,0.02,142.69,0.01,788.69,0.1,44.88,0.11,26.6,0.12,24.6,0.13,23.0,0.14,21.6,0.9,44.88,0.89,26.6,0.88,24.6,0.87,23.0,0.86,21.6,0.95,53.64,0.96,72.7,0.97,94.3,0.98,142.69,0.99,788.69,0.05,0.05,618.739,1776162800000
1776162802.872,202.872,0.05,53.64,0.04,72.7,0.03,94.3,0.02,142.69,0.01,788.69,0.1,44.88,0.11,26.6,0.12,24.6,0.13,23.0,0.14,21.6,0.9,44.88,0.89,26.6,0.88,24.6,0.87,23.0,0.86,21.6,0.95,53.64,0.96,72.7,0.97,94.3,0.98,142.69,0.99,788.69,0.05,0.05,618.741,1776162801000
1776162804.124,204.124,0.05,53.64,0.04,72.7,0.03,94.3,0.02,142.69,0.01,788.69,0.1,44.88,0.11,26.6,0.12,24.6,0.13,23.0,0.14,21.6,0.9,44.88,0.89,26.6,0.88,24.6,0.87,23.0,0.86,21.6,0.95,53.64,0.96,72.7,0.97,94.3,0.98,142.69,0.99,788.69,0.05,0.05,618.741,1776162802000
1776162804.665,204.665,0.04,69.57,0.03,89.3,0.02,142.69,0.01,793.69,,,0.05,31.57,0.09,31.7,0.1,28.9,0.11,26.6,0.12,24.6,0.9,44.88,0.89,26.6,0.88,24.6,0.87,23.0,0.86,21.6,0.95,53.64,0.96,72.7,0.97,94.3,0.98,142.69,0.99,788.69,0.01,0.05,618.741,1776162802000
1776162805.093,205.093,0.04,69.57,0.03,89.3,0.02,142.69,0.01,793.69,,,0.05,31.57,0.09,31.7,0.1,28.9,0.11,26.6,0.12,24.6,0.95,31.57,0.91,31.7,0.9,28.9,0.89,26.6,0.88,24.6,0.96,69.57,0.97,89.3,0.98,142.69,0.99,793.69,,,0.01,0.01,618.741,1776162803000
1776162806.184,206.184,0.04,69.57,0.03,89.3,0.02,142.69,0.01,793.69,,,0.05,31.57,0.09,31.7,0.1,28.9,0.11,26.6,0.12,24.6,0.95,31.57,0.91,31.7,0.9,28.9,0.89,26.6,0.88,24.6,0.96,69.57,0.97,89.3,0.98,142.69,0.99,793.69,,,0.01,0.01,618.741,1776162804000
1776162807.006,207.006,0.04,69.57,0.03,89.3,0.02,142.69,0.01,793.69,,,0.05,31.57,0.09,31.7,0.1,28.9,0.11,26.6,0.12,24.6,0.95,31.57,0.91,31.7,0.9,28.9,0.89,26.6,0.88,24.6,0.96,69.57,0.97,89.3,0.98,142.69,0.99,793.69,,,0.01,0.01,618.744,1776162805000
1776162807.992,207.992,0.04,69.57,0.03,89.3,0.02,142.69,0.01,793.69,,,0.05,31.57,0.09,31.7,0.1,28.9,0.11,26.6,0.12,24.6,0.95,31.57,0.91,31.7,0.9,28.9,0.89,26.6,0.88,24.6,0.96,69.57,0.97,89.3,0.98,142.69,0.99,793.69,,,0.01,0.01,618.74591,1776162806000
1776162808.915,208.915,0.04,69.57,0.03,89.3,0.02,142.69,0.01,793.69,,,0.05,31.57,0.09,31.7,0.1,28.9,0.11,26.6,0.12,24.6,0.95,31.57,0.91,31.7,0.9,28.9,0.89,26.6,0.88,24.6,0.96,69.57,0.97,89.3,0.98,142.69,0.99,793.69,,,0.01,0.01,618.73623,1776162807000
1776162809.751,209.751,0.04,69.57,0.03,89.3,0.02,142.69,0.01,793.69,,,0.05,31.57,0.09,31.7,0.1,28.9,0.11,26.6,0.12,24.6,0.95,31.57,0.91,31.7,0.9,28.9,0.89,26.6,0.88,24.6,0.96,69.57,0.97,89.3,0.98,142.69,0.99,793.69,,,0.01,0.01,618.747,1776162808000
1776162810.505,210.505,0.04,69.57,0.03,89.3,0.02,142.69,0.01,793.69,,,0.05,31.57,0.09,31.7,0.1,28.9,0.11,26.6,0.12,24.6,0.95,31.57,0.91,31.7,0.9,28.9,0.89,26.6,0.88,24.6,0.96,69.57,0.97,89.3,0.98,142.69,0.99,793.69,,,0.01,0.01,618.747,1776162809000
1776162811.196,211.196,0.04,69.57,0.03,89.3,0.02,142.69,0.01,793.69,,,0.05,31.57,0.09,31.7,0.1,28.9,0.11,26.6,0.12,24.6,0.95,31.57,0.91,31.7,0.9,28.9,0.89,26.6,0.88,24.6,0.96,69.57,0.97,89.3,0.98,142.69,0.99,793.69,,,0.01,0.01,618.746,1776162810000
1776162812.458,212.458,0.04,69.57,0.03,89.3,0.02,142.69,0.01,793.69,,,0.05,31.57,0.09,31.7,0.1,28.9,0.11,26.6,0.12,24.6,0.95,31.57,0.91,31.7,0.9,28.9,0.89,26.6,0.88,24.6,0.96,69.57,0.97,89.3,0.98,142.69,0.99,793.69,,,0.01,0.01,618.748,1776162811000
1776162813.266,213.266,0.04,69.57,0.03,89.3,0.02,142.69,0.01,793.69,,,0.05,31.57,0.09,31.7,0.1,28.9,0.11,26.6,0.12,24.6,0.95,31.57,0.91,31.7,0.9,28.9,0.89,26.6,0.88,24.6,0.96,69.57,0.97,89.3,0.98,142.69,0.99,793.69,,,0.01,0.01,618.748,1776162812000
1776162814.567,214.567,0.04,69.57,0.03,89.3,0.02,142.69,0.01,793.69,,,0.05,31.57,0.09,31.7,0.1,28.9,0.11,26.6,0.12,24.6,0.95,31.57,0.91,31.7,0.9,28.9,0.89,26.6,0.88,24.6,0.96,69.57,0.97,89.3,0.98,142.69,0.99,793.69,,,0.01,0.01,618.746,1776162813000
1776162815.089,215.089,0.04,69.57,0.03,89.3,0.02,142.69,0.01,793.69,,,0.05,31.57,0.09,31.7,0.1,28.9,0.11,26.6,0.12,24.6,0.95,31.57,0.91,31.7,0.9,28.9,0.89,26.6,0.88,24.6,0.96,69.57,0.97,89.3,0.98,142.69,0.99,793.69,,,0.01,0.01,618.747,1776162814000
1776162816.464,216.464,0.04,69.57,0.03,89.3,0.02,142.69,0.01,793.69,,,0.05,31.57,0.09,31.7,0.1,28.9,0.11,26.6,0.12,24.6,0.95,31.57,0.91,31.7,0.9,28.9,0.89,26.6,0.88,24.6,0.96,69.57,0.97,89.3,0.98,142.69,0.99,793.69,,,0.01,0.01,618.745,1776162815000
1776162817.351,217.351,0.04,69.57,0.03,89.3,0.02,142.69,0.01,793.69,,,0.05,31.57,0.09,31.7,0.1,28.9,0.11,26.6,0.12,24.6,0.95,31.57,0.91,31.7,0.9,28.9,0.89,26.6,0.88,24.6,0.96,69.57,0.97,89.3,0.98,142.69,0.99,793.69,,,0.01,0.01,618.745,1776162816000
1776162818.011,218.011,0.04,69.57,0.03,89.3,0.02,142.69,0.01,793.69,,,0.05,31.57,0.09,31.7,0.1,28.9,0.11,26.6,0.12,24.6,0.95,31.57,0.91,31.7,0.9,28.9,0.89,26.6,0.88,24.6,0.96,69.57,0.97,89.3,0.98,142.69,0.99,793.69,,,0.01,0.01,618.71,1776162817000
1776162819.037,219.037,0.02,137.69,0.01,793.69,,,,,,,0.05,86.27,0.06,46.1,0.07,39.9,0.08,35.29,0.09,31.7,0.95,31.57,0.91,31.7,0.9,28.9,0.89,26.6,0.88,24.6,0.96,69.57,0.97,89.3,0.98,142.69,0.99,793.69,,,0.03,0.01,618.71,1776162817000
1776162819.248,219.248,0.02,137.69,0.01,793.69,,,,,,,0.05,86.27,0.06,46.1,0.07,39.9,0.08,35.29,0.09,31.7,0.95,86.27,0.94,46.1,0.93,39.9,0.92,35.29,0.91,31.7,0.98,137.69,0.99,793.69,,,,,,,0.03,0.03,618.69337,1776162818000
1776162820.816,220.816,0.02,137.69,0.01,793.69,,,,,,,0.05,86.27,0.06,46.1,0.07,39.9,0.08,35.29,0.09,31.7,0.95,86.27,0.94,46.1,0.93,39.9,0.92,35.29,0.91,31.7,0.98,137.69,0.99,793.69,,,,,,,0.03,0.03,618.700002,1776162819000
1776162821.196,221.196,0.02,5.0,0.01,793.69,,,,,,,0.05,42.62,0.06,46.1,0.07,39.9,0.08,35.29,0.09,31.7,0.95,86.27,0.94,46.1,0.93,39.9,0.92,35.29,0.91,31.7,0.98,137.69,0.99,793.69,,,,,,,0.03,0.03,618.700002,1776162819000
1776162821.461,221.461,0.02,5.0,0.01,793.69,,,,,,,0.05,42.62,0.06,46.1,0.07,39.9,0.08,35.29,0.09,31.7,0.95,42.62,0.94,46.1,0.93,39.9,0.92,35.29,0.91,31.7,0.98,5.0,0.99,793.69,,,,,,,0.03,0.03,618.711,1776162820000
1776162822.421,222.421,0.02,5.0,0.01,793.69,,,,,,,0.05,42.62,0.06,46.1,0.07,39.9,0.08,35.29,0.09,31.7,0.95,42.62,0.94,46.1,0.93,39.9,0.92,35.29,0.91,31.7,0.98,5.0,0.99,793.69,,,,,,,0.03,0.03,618.72,1776162821000
1776162822.894,222.894,0.02,5.0,0.01,793.69,,,,,,,0.05,42.62,0.06,46.1,0.07,39.9,0.08,35.29,0.09,31.7,0.95,42.62,0.94,46.1,0.93,39.9,0.92,35.29,0.91,31.7,0.98,5.0,0.99,793.69,,,,,,,0.03,0.03,618.72,1776162822000
1776162823.84,223.84,0.02,5.0,0.01,793.69,,,,,,,0.05,42.62,0.06,46.1,0.07,39.9,0.08,35.29,0.09,31.7,0.95,42.62,0.94,46.1,0.93,39.9,0.92,35.29,0.91,31.7,0.98,5.0,0.99,793.69,,,,,,,0.03,0.03,618.715,1776162823000
1776162825.214,225.214,0.02,5.0,0.01,793.69,,,,,,,0.05,42.62,0.06,46.1,0.07,39.9,0.08,35.29,0.09,31.7,0.95,42.62,0.94,46.1,0.93,39.9,0.92,35.29,0.91,31.7,0.98,5.0,0.99,793.69,,,,,,,0.03,0.03,618.704,1776162824000
1776162826.161,226.161,0.02,5.0,0.01,793.69,,,,,,,0.05,42.62,0.06,46.1,0.07,39.9,0.08,35.29,0.09,31.7,0.95,42.62,0.94,46.1,0.93,39.9,0.92,35.29,0.91,31.7,0.98,5.0,0.99,793.69,,,,,,,0.03,0.03,618.701,1776162825000
1776162827.083,227.083,0.02,5.0,0.01,793.69,,,,,,,0.05,42.62,0.06,46.1,0.07,39.9,0.08,35.29,0.09,31.7,0.95,42.62,0.94,46.1,0.93,39.9,0.92,35.29,0.91,31.7,0.98,5.0,0.99,793.69,,,,,,,0.03,0.03,618.697,1776162826000
1776162828.055,228.055,0.02,5.0,0.01,793.69,,,,,,,0.05,42.62,0.06,46.1,0.07,39.9,0.08,35.29,0.09,31.7,0.95,42.62,0.94,46.1,0.93,39.9,0.92,35.29,0.91,31.7,0.98,5.0,0.99,793.69,,,,,,,0.03,0.03,618.697,1776162827000
1776162828.985,228.985,0.02,5.0,0.01,793.69,,,,,,,0.05,42.62,0.06,46.1,0.07,39.9,0.08,35.29,0.09,31.7,0.95,42.62,0.94,46.1,0.93,39.9,0.92,35.29,0.91,31.7,0.98,5.0,0.99,793.69,,,,,,,0.03,0.03,618.681,1776162828000
1776162829.969,229.969,0.02,5.0,0.01,793.69,,,,,,,0.05,42.62,0.06,46.1,0.07,39.9,0.08,35.29,0.09,31.7,0.95,42.62,0.94,46.1,0.93,39.9,0.92,35.29,0.91,31.7,0.98,5.0,0.99,793.69,,,,,,,0.03,0.03,618.607746,1776162829000
1776162831.09,231.09,0.02,5.0,0.01,793.69,,,,,,,0.05,42.62,0.06,46.1,0.07,39.9,0.08,35.29,0.09,31.7,0.95,42.62,0.94,46.1,0.93,39.9,0.92,35.29,0.91,31.7,0.98,5.0,0.99,793.69,,,,,,,0.03,0.03,618.608976,1776162830000
1776162831.908,231.908,0.02,5.0,0.01,793.69,,,,,,,0.05,42.62,0.06,46.1,0.07,39.9,0.08,35.29,0.09,31.7,0.95,42.62,0.94,46.1,0.93,39.9,0.92,35.29,0.91,31.7,0.98,5.0,0.99,793.69,,,,,,,0.03,0.03,618.567,1776162831000
1776162832.714,232.714,0.02,1.76,0.01,281.09,,,,,,,0.03,89.3,0.04,67.7,0.05,42.62,0.06,46.1,0.07,39.9,0.95,42.62,0.94,46.1,0.93,39.9,0.92,35.29,0.91,31.7,0.98,5.0,0.99,793.69,,,,,,,0.01,0.03,618.567,1776162831000
1776162833.781,233.781,0.02,1.76,0.01,281.09,,,,,,,0.03,89.3,0.04,67.7,0.05,42.62,0.06,46.1,0.07,39.9,0.97,89.3,0.96,67.7,0.95,42.62,0.94,46.1,0.93,39.9,0.98,1.76,0.99,281.09,,,,,,,0.01,0.01,618.557,1776162833000
1776162835.821,235.821,0.02,1.76,0.01,281.09,,,,,,,0.03,89.3,0.04,67.7,0.05,42.62,0.06,46.1,0.07,39.9,0.97,89.3,0.96,67.7,0.95,42.62,0.94,46.1,0.93,39.9,0.98,1.76,0.99,281.09,,,,,,,0.01,0.01,618.554481,1776162834000
1776162836.411,236.411,0.02,1.76,0.01,281.09,,,,,,,0.03,89.3,0.04,67.7,0.05,42.62,0.06,46.1,0.07,39.9,0.97,89.3,0.96,67.7,0.95,42.62,0.94,46.1,0.93,39.9,0.98,1.76,0.99,281.09,,,,,,,0.01,0.01,618.553,1776162835000
1776162837.117,237.117,0.02,1.76,0.01,281.09,,,,,,,0.03,89.3,0.04,67.7,0.05,42.62,0.06,46.1,0.07,39.9,0.97,89.3,0.96,67.7,0.95,42.62,0.94,46.1,0.93,39.9,0.98,1.76,0.99,281.09,,,,,,,0.01,0.01,618.54474,1776162836000
1776162838.871,238.871,0.01,277.78,,,,,,,,,0.03,138.11,0.04,67.7,0.05,42.62,0.06,46.1,0.07,39.9,0.97,89.3,0.96,67.7,0.95,42.62,0.94,46.1,0.93,39.9,0.98,1.76,0.99,281.09,,,,,,,0.02,0.01,618.54474,1776162836000
1776162839.363,239.363,0.01,277.78,,,,,,,,,0.03,138.11,0.04,67.7,0.05,42.62,0.06,46.1,0.07,39.9,0.97,138.11,0.96,67.7,0.95,42.62,0.94,46.1,0.93,39.9,0.99,277.78,,,,,,,,,0.02,0.02,618.454759,1776162838000
1776162839.992,239.992,0.01,226.78,,,,,,,,,0.02,182.69,0.03,89.3,0.04,67.7,0.05,42.62,0.06,46.1,0.97,138.11,0.96,67.7,0.95,42.62,0.94,46.1,0.93,39.9,0.99,277.78,,,,,,,,,0.01,0.02,618.454759,1776162838000
1776162841.662,241.662,0.01,226.78,,,,,,,,,0.02,182.69,0.03,89.3,0.04,67.7,0.05,42.62,0.06,46.1,0.98,182.69,0.97,89.3,0.96,67.7,0.95,42.62,0.94,46.1,0.99,226.78,,,,,,,,,0.01,0.01,618.417,1776162840000
1776162842.516,242.516,0.01,221.78,,,,,,,,,0.02,182.69,0.03,89.3,0.04,67.7,0.05,42.62,0.06,56.1,0.98,182.69,0.97,89.3,0.96,67.7,0.95,42.62,0.94,56.1,0.99,221.78,,,,,,,,,0.01,0.01,618.413717,1776162841000
1776162843.253,243.253,0.01,221.78,,,,,,,,,0.02,182.69,0.03,89.3,0.04,67.7,0.05,42.62,0.06,56.1,0.98,182.69,0.97,89.3,0.96,67.7,0.95,42.62,0.94,56.1,0.99,221.78,,,,,,,,,0.01,0.01,618.39564,1776162842000
1776162844.711,244.711,0.01,130.78,,,,,,,,,0.02,182.69,0.03,89.3,0.04,67.7,0.05,42.62,0.06,56.1,0.98,182.69,0.97,89.3,0.96,67.7,0.95,42.62,0.94,56.1,0.99,130.78,,,,,,,,,0.01,0.01,618.40759,1776162843000
1776162845.153,245.153,0.01,110.58,,,,,,,,,0.02,182.69,0.03,89.3,0.04,67.7,0.05,42.62,0.06,56.1,0.98,182.69,0.97,89.3,0.96,67.7,0.95,42.62,0.94,56.1,0.99,130.78,,,,,,,,,0.01,0.01,618.40759,1776162843000
1776162845.514,245.514,0.01,110.58,,,,,,,,,0.02,182.69,0.03,89.3,0.04,67.7,0.05,42.62,0.06,56.1,0.98,182.69,0.97,89.3,0.96,67.7,0.95,42.62,0.94,56.1,0.99,110.58,,,,,,,,,0.01,0.01,618.465527,1776162844000
1776162845.832,245.832,0.01,5.44,,,,,,,,,0.02,192.79,0.03,89.3,0.04,67.7,0.05,42.62,0.06,56.1,0.98,182.69,0.97,89.3,0.96,67.7,0.95,42.62,0.94,56.1,0.99,110.58,,,,,,,,,0.01,0.01,618.465527,1776162844000
1776162846.301,246.301,0.01,5.44,,,,,,,,,0.02,192.79,0.03,89.3,0.04,67.7,0.05,42.62,0.06,56.1,0.98,192.79,0.97,89.3,0.96,67.7,0.95,42.62,0.94,56.1,0.99,5.44,,,,,,,,,0.01,0.01,618.466444,1776162845000
1776162847.24,247.24,0.01,0.39,,,,,,,,,0.02,192.79,0.03,89.3,0.04,67.7,0.05,42.62,0.06,56.1,0.98,192.79,0.97,89.3,0.96,67.7,0.95,42.62,0.94,56.1,0.99,5.44,,,,,,,,,0.01,0.01,618.466444,1776162845000
1776162847.807,247.807,0.01,0.39,,,,,,,,,0.02,192.79,0.03,89.3,0.04,67.7,0.05,42.62,0.06,56.1,0.98,192.79,0.97,89.3,0.96,67.7,0.95,42.62,0.94,56.1,0.99,0.39,,,,,,,,,0.01,0.01,618.468769,1776162846000
1776162848.702,248.702,0.01,0.39,,,,,,,,,0.02,192.79,0.03,89.3,0.04,67.7,0.05,42.62,0.06,56.1,0.98,192.79,0.97,89.3,0.96,67.7,0.95,42.62,0.94,56.1,0.99,0.39,,,,,,,,,0.01,0.01,618.5,1776162847000
1776162849.239,249.239,0.01,0.39,,,,,,,,,0.02,192.79,0.03,89.3,0.04,67.7,0.05,42.62,0.06,56.1,0.98,192.79,0.97,89.3,0.96,67.7,0.95,42.62,0.94,56.1,0.99,0.39,,,,,,,,,0.01,0.01,618.408912,1776162848000
1776162850.717,250.717,0.01,0.39,,,,,,,,,0.02,192.79,0.03,89.3,0.04,67.7,0.05,42.62,0.06,56.1,0.98,192.79,0.97,89.3,0.96,67.7,0.95,42.62,0.94,56.1,0.99,0.39,,,,,,,,,0.01,0.01,618.412727,1776162849000
1776162851.522,251.522,0.01,0.39,,,,,,,,,0.02,192.79,0.03,89.3,0.04,67.7,0.05,42.62,0.06,56.1,0.98,192.79,0.97,89.3,0.96,67.7,0.95,42.62,0.94,56.1,0.99,0.39,,,,,,,,,0.01,0.01,618.450579,1776162850000
1776162852.198,252.198,0.01,0.39,,,,,,,,,0.02,192.79,0.03,89.3,0.04,67.7,0.05,42.62,0.06,56.1,0.98,192.79,0.97,89.3,0.96,67.7,0.95,42.62,0.94,56.1,0.99,0.39,,,,,,,,,0.01,0.01,618.420892,1776162851000
1776162853.991,253.991,0.01,0.39,,,,,,,,,0.02,192.79,0.03,89.3,0.04,67.7,0.05,42.62,0.06,56.1,0.98,192.79,0.97,89.3,0.96,67.7,0.95,42.62,0.94,56.1,0.99,0.39,,,,,,,,,0.01,0.01,618.429413,1776162853000
1776162854.977,254.977,0.01,0.39,,,,,,,,,0.02,192.79,0.03,89.3,0.04,67.7,0.05,42.62,0.06,56.1,0.98,192.79,0.97,89.3,0.96,67.7,0.95,42.62,0.94,56.1,0.99,0.39,,,,,,,,,0.01,0.01,618.454759,1776162854000
1776162856.014,256.014,0.01,0.39,,,,,,,,,0.02,192.79,0.03,89.3,0.04,67.7,0.05,42.62,0.06,56.1,0.98,192.79,0.97,89.3,0.96,67.7,0.95,42.62,0.94,56.1,0.99,0.39,,,,,,,,,0.01,0.01,618.434039,1776162855000
1776162857.0,257.0,0.01,0.39,,,,,,,,,0.02,192.79,0.03,89.3,0.04,67.7,0.05,42.62,0.06,56.1,0.98,192.79,0.97,89.3,0.96,67.7,0.95,42.62,0.94,56.1,0.99,0.39,,,,,,,,,0.01,0.01,618.426,1776162856000
1776162857.911,257.911,0.01,0.39,,,,,,,,,0.02,192.79,0.03,89.3,0.04,67.7,0.05,42.62,0.06,56.1,0.98,192.79,0.97,89.3,0.96,67.7,0.95,42.62,0.94,56.1,0.99,0.39,,,,,,,,,0.01,0.01,618.408523,1776162857000
1776162859.095,259.095,0.01,0.39,,,,,,,,,0.02,192.79,0.03,89.3,0.04,67.7,0.05,42.62,0.06,56.1,0.98,192.79,0.97,89.3,0.96,67.7,0.95,42.62,0.94,56.1,0.99,0.39,,,,,,,,,0.01,0.01,618.410028,1776162858000
1776162860.081,260.081,0.01,0.39,,,,,,,,,0.02,192.79,0.03,89.3,0.04,67.7,0.05,42.62,0.06,56.1,0.98,192.79,0.97,89.3,0.96,67.7,0.95,42.62,0.94,56.1,0.99,0.39,,,,,,,,,0.01,0.01,618.410028,1776162859000
1776162860.311,260.311,,,,,,,,,,,0.02,192.79,0.03,89.3,0.04,77.7,0.05,42.62,0.06,46.1,0.98,192.79,0.97,89.3,0.96,67.7,0.95,42.62,0.94,56.1,0.99,0.39,,,,,,,,,,0.01,618.410028,1776162859000
1776162860.995,260.995,,,,,,,,,,,0.02,192.79,0.03,89.3,0.04,77.7,0.05,42.62,0.06,46.1,0.98,192.79,0.97,89.3,0.96,77.7,0.95,42.62,0.94,46.1,,,,,,,,,,,,,618.40999,1776162860000
1776162861.986,261.986,,,,,,,,,,,0.02,192.79,0.03,89.3,0.04,77.7,0.05,42.62,0.06,46.1,0.98,192.79,0.97,89.3,0.96,77.7,0.95,42.62,0.94,46.1,,,,,,,,,,,,,618.412,1776162861000
1776162862.922,262.922,,,,,,,,,,,0.02,192.79,0.03,89.3,0.04,77.7,0.05,42.62,0.06,46.1,0.98,192.79,0.97,89.3,0.96,77.7,0.95,42.62,0.94,46.1,,,,,,,,,,,,,618.41765,1776162862000
1776162863.925,263.925,,,,,,,,,,,0.02,192.79,0.03,89.3,0.04,77.7,0.05,42.62,0.06,46.1,0.98,192.79,0.97,89.3,0.96,77.7,0.95,42.62,0.94,46.1,,,,,,,,,,,,,618.443,1776162863000
1776162864.881,264.881,,,,,,,,,,,0.02,192.79,0.03,89.3,0.04,77.7,0.05,42.62,0.06,46.1,0.98,192.79,0.97,89.3,0.96,77.7,0.95,42.62,0.94,46.1,,,,,,,,,,,,,618.44,1776162864000
1776162865.843,265.843,,,,,,,,,,,0.02,192.79,0.03,89.3,0.04,77.7,0.05,42.62,0.06,46.1,0.98,192.79,0.97,89.3,0.96,77.7,0.95,42.62,0.94,46.1,,,,,,,,,,,,,618.44,1776162865000
1776162867.5,267.5,,,,,,,,,,,0.02,192.79,0.03,89.3,0.04,77.7,0.05,42.62,0.06,46.1,0.98,192.79,0.97,89.3,0.96,77.7,0.95,42.62,0.94,46.1,,,,,,,,,,,,,618.441,1776162866000
1776162868.019,268.019,,,,,,,,,,,0.02,192.79,0.03,89.3,0.04,77.7,0.05,42.62,0.06,46.1,0.98,192.79,0.97,89.3,0.96,77.7,0.95,42.62,0.94,46.1,,,,,,,,,,,,,618.441,1776162867000
1776162868.957,268.957,,,,,,,,,,,0.02,192.79,0.03,89.3,0.04,77.7,0.05,42.62,0.06,46.1,0.98,192.79,0.97,89.3,0.96,77.7,0.95,42.62,0.94,46.1,,,,,,,,,,,,,618.431,1776162868000
1776162870.018,270.018,,,,,,,,,,,0.02,192.79,0.03,89.3,0.04,77.7,0.05,42.62,0.06,46.1,0.98,192.79,0.97,89.3,0.96,77.7,0.95,42.62,0.94,46.1,,,,,,,,,,,,,618.374107,1776162869000
1776162870.999,270.999,,,,,,,,,,,0.02,192.79,0.03,89.3,0.04,77.7,0.05,42.62,0.06,46.1,0.98,192.79,0.97,89.3,0.96,77.7,0.95,42.62,0.94,46.1,,,,,,,,,,,,,618.402876,1776162870000
1776162871.953,271.953,,,,,,,,,,,0.02,192.79,0.03,89.3,0.04,77.7,0.05,42.62,0.06,46.1,0.98,192.79,0.97,89.3,0.96,77.7,0.95,42.62,0.94,46.1,,,,,,,,,,,,,618.369397,1776162871000
1776162872.921,272.921,,,,,,,,,,,0.02,192.79,0.03,89.3,0.04,77.7,0.05,42.62,0.06,46.1,0.98,192.79,0.97,89.3,0.96,77.7,0.95,42.62,0.94,46.1,,,,,,,,,,,,,618.35113,1776162872000
1776162873.981,273.981,,,,,,,,,,,0.02,192.79,0.03,89.3,0.04,77.7,0.05,42.62,0.06,46.1,0.98,192.79,0.97,89.3,0.96,77.7,0.95,42.62,0.94,46.1,,,,,,,,,,,,,618.396938,1776162873000
1776162874.988,274.988,,,,,,,,,,,0.02,192.79,0.03,89.3,0.04,77.7,0.05,42.62,0.06,46.1,0.98,192.79,0.97,89.3,0.96,77.7,0.95,42.62,0.94,46.1,,,,,,,,,,,,,618.412761,1776162874000
1776162875.926,275.926,,,,,,,,,,,0.02,192.79,0.03,89.3,0.04,77.7,0.05,42.62,0.06,46.1,0.98,192.79,0.97,89.3,0.96,77.7,0.95,42.62,0.94,46.1,,,,,,,,,,,,,618.394034,1776162875000
1776162876.87,276.87,,,,,,,,,,,0.02,192.79,0.03,89.3,0.04,77.7,0.05,42.62,0.06,46.1,0.98,192.79,0.97,89.3,0.96,77.7,0.95,42.62,0.94,46.1,,,,,,,,,,,,,618.414822,1776162876000
1776162877.886,277.886,,,,,,,,,,,0.02,192.79,0.03,89.3,0.04,77.7,0.05,42.62,0.06,46.1,0.98,192.79,0.97,89.3,0.96,77.7,0.95,42.62,0.94,46.1,,,,,,,,,,,,,618.449905,1776162877000
1776162878.895,278.895,,,,,,,,,,,0.02,192.79,0.03,89.3,0.04,77.7,0.05,42.62,0.06,46.1,0.98,192.79,0.97,89.3,0.96,77.7,0.95,42.62,0.94,46.1,,,,,,,,,,,,,618.44266,1776162878000
1776162880.441,280.441,,,,,,,,,,,0.02,192.79,0.03,89.3,0.04,77.7,0.05,42.62,0.06,46.1,0.98,192.79,0.97,89.3,0.96,77.7,0.95,42.62,0.94,46.1,,,,,,,,,,,,,618.385739,1776162879000
1776162880.95,280.95,,,,,,,,,,,0.02,192.79,0.03,89.3,0.04,77.7,0.05,42.62,0.06,46.1,0.98,192.79,0.97,89.3,0.96,77.7,0.95,42.62,0.94,46.1,,,,,,,,,,,,,618.385616,1776162880000
1776162882.081,282.081,,,,,,,,,,,0.02,192.79,0.03,89.3,0.04,77.7,0.05,42.62,0.06,46.1,0.98,192.79,0.97,89.3,0.96,77.7,0.95,42.62,0.94,46.1,,,,,,,,,,,,,618.390525,1776162881000
1776162883.187,283.187,,,,,,,,,,,0.02,192.79,0.03,89.3,0.04,77.7,0.05,42.62,0.06,46.1,0.98,192.79,0.97,89.3,0.96,77.7,0.95,42.62,0.94,46.1,,,,,,,,,,,,,618.429418,1776162882000
1776162884.332,284.332,,,,,,,,,,,0.02,192.79,0.03,89.3,0.04,77.7,0.05,42.62,0.06,46.1,0.98,192.79,0.97,89.3,0.96,77.7,0.95,42.62,0.94,46.1,,,,,,,,,,,,,618.478243,1776162883000
1776162884.885,284.885,,,,,,,,,,,0.02,192.79,0.03,89.3,0.04,77.7,0.05,42.62,0.06,46.1,0.98,192.79,0.97,89.3,0.96,77.7,0.95,42.62,0.94,46.1,,,,,,,,,,,,,618.481262,1776162884000
1776162886.012,286.012,,,,,,,,,,,0.02,192.79,0.03,89.3,0.04,77.7,0.05,42.62,0.06,46.1,0.98,192.79,0.97,89.3,0.96,77.7,0.95,42.62,0.94,46.1,,,,,,,,,,,,,618.491595,1776162885000
1776162887.138,287.138,,,,,,,,,,,0.02,192.79,0.03,89.3,0.04,77.7,0.05,42.62,0.06,46.1,0.98,192.79,0.97,89.3,0.96,77.7,0.95,42.62,0.94,46.1,,,,,,,,,,,,,618.494475,1776162886000
1776162888.272,288.272,,,,,,,,,,,0.02,192.79,0.03,89.3,0.04,77.7,0.05,42.62,0.06,46.1,0.98,192.79,0.97,89.3,0.96,77.7,0.95,42.62,0.94,46.1,,,,,,,,,,,,,618.479663,1776162887000
1776162888.493,288.493,,,,,,,,,,,0.01,2116.97,0.02,50.0,0.11,55.0,0.21,50.0,0.31,50.0,0.98,192.79,0.97,89.3,0.96,77.7,0.95,42.62,0.94,46.1,,,,,,,,,,,,,618.479663,1776162887000
1776162889.336,289.336,,,,,,,,,,,0.01,2116.97,0.02,50.0,0.11,55.0,0.21,50.0,0.31,50.0,0.99,2116.97,0.98,50.0,0.89,55.0,0.79,50.0,0.69,50.0,,,,,,,,,,,,,618.47245,1776162888000
1776162889.856,289.856,,,,,,,,,,,0.01,2116.97,0.02,50.0,0.11,55.0,0.21,50.0,0.31,50.0,0.99,2116.97,0.98,50.0,0.89,55.0,0.79,50.0,0.69,50.0,,,,,,,,,,,,,618.47245,1776162889000
1776162891.03,291.03,,,,,,,,,,,0.01,2116.97,0.02,50.0,0.11,55.0,0.21,50.0,0.31,50.0,0.99,2116.97,0.98,50.0,0.89,55.0,0.79,50.0,0.69,50.0,,,,,,,,,,,,,618.471232,1776162890000
1776162892.005,292.005,,,,,,,,,,,0.01,2115.5,0.02,50.0,0.11,55.0,0.21,50.0,0.31,50.0,0.99,2116.97,0.98,50.0,0.89,55.0,0.79,50.0,0.69,50.0,,,,,,,,,,,,,618.471232,1776162890000
1776162893.238,293.238,,,,,,,,,,,0.01,2115.5,0.02,50.0,0.11,55.0,0.21,50.0,0.31,50.0,0.99,2115.5,0.98,50.0,0.89,55.0,0.79,50.0,0.69,50.0,,,,,,,,,,,,,618.475829,1776162892000
1776162894.221,294.221,,,,,,,,,,,0.01,2115.5,0.02,50.0,0.11,55.0,0.21,50.0,0.31,50.0,0.99,2115.5,0.98,50.0,0.89,55.0,0.79,50.0,0.69,50.0,,,,,,,,,,,,,618.47596,1776162893000
1776162895.334,295.334,,,,,,,,,,,0.01,2115.5,0.02,50.0,0.11,55.0,0.21,50.0,0.31,50.0,0.99,2115.5,0.98,50.0,0.89,55.0,0.79,50.0,0.69,50.0,,,,,,,,,,,,,618.48252,1776162894000
1776162895.929,295.929,,,,,,,,,,,0.01,2115.5,0.02,50.0,0.11,55.0,0.21,50.0,0.31,50.0,0.99,2115.5,0.98,50.0,0.89,55.0,0.79,50.0,0.69,50.0,,,,,,,,,,,,,618.48014,1776162895000
1776162897.684,297.684,,,,,,,,,,,0.01,2115.5,0.02,50.0,0.11,55.0,0.21,50.0,0.31,50.0,0.99,2115.5,0.98,50.0,0.89,55.0,0.79,50.0,0.69,50.0,,,,,,,,,,,,,618.476133,1776162896000
1776162898.331,298.331,,,,,,,,,,,0.01,2115.5,0.02,50.0,0.11,55.0,0.21,50.0,0.31,50.0,0.99,2115.5,0.98,50.0,0.89,55.0,0.79,50.0,0.69,50.0,,,,,,,,,,,,,618.4654,1776162897000
1776162898.933,298.933,,,,,,,,,,,0.01,2115.5,0.02,50.0,0.11,55.0,0.21,50.0,0.31,50.0,0.99,2115.5,0.98,50.0,0.89,55.0,0.79,50.0,0.69,50.0,,,,,,,,,,,,,618.45666,1776162898000
1776162900.077,300.077,,,,,,,,,,,0.01,2115.5,0.02,50.0,0.11,55.0,0.21,50.0,0.31,50.0,0.99,2115.5,0.98,50.0,0.89,55.0,0.79,50.0,0.69,50.0,,,,,,,,,,,,,618.44818,1776162899000
1776162901.214,301.214,,,,,,,,,,,0.01,2115.5,0.02,50.0,0.11,55.0,0.21,50.0,0.31,50.0,0.99,2115.5,0.98,50.0,0.89,55.0,0.79,50.0,0.69,50.0,,,,,,,,,,,,,618.45321,1776162900000
1776162902.136,302.136,,,,,,,,,,,0.01,2115.5,0.02,50.0,0.11,55.0,0.21,50.0,0.31,50.0,0.99,2115.5,0.98,50.0,0.89,55.0,0.79,50.0,0.69,50.0,,,,,,,,,,,,,618.474682,1776162901000

# RESULT,winner=Down,slug=bnb-updown-5m-1776162600,ticks=314
