timestamp,elapsed_sec,up_bid_p1,up_bid_s1,up_bid_p2,up_bid_s2,up_ask_p1,up_ask_s1,up_ask_p2,up_ask_s2,down_bid_p1,down_bid_s1,down_bid_p2,down_bid_s2,down_ask_p1,down_ask_s1,down_ask_p2,down_ask_s2,up_spread,down_spread,bnb_price,bnb_oracle_ts
1776228001.226,1.226,,,,,,,,,,,,,,,,,,,614.9429,1776228000000
1776228001.485,1.485,0.52,20.0,0.51,5.0,0.59,37.0,0.6,33.0,0.33,300.0,0.31,375.0,0.48,20.0,0.49,5.0,0.07,0.15,614.9429,1776228000000
1776228001.782,1.782,0.52,20.0,0.51,5.0,0.67,300.0,0.69,375.0,0.33,300.0,0.31,375.0,0.48,20.0,0.49,5.0,0.15,0.15,614.9429,1776228000000
1776228002.121,2.121,0.52,20.0,0.51,5.0,0.67,300.0,0.69,375.0,0.33,300.0,0.31,375.0,0.48,20.0,0.49,5.0,0.15,0.15,614.9429,1776228001000
1776228003.109,3.109,0.52,20.0,0.51,5.0,0.67,300.0,0.69,375.0,0.33,300.0,0.31,375.0,0.48,20.0,0.49,5.0,0.15,0.15,614.939,1776228002000
1776228004.316,4.316,0.52,20.0,0.51,5.0,0.67,300.0,0.69,375.0,0.33,300.0,0.31,375.0,0.48,20.0,0.49,5.0,0.15,0.15,614.929,1776228003000
1776228005.363,5.363,0.52,20.0,0.51,5.0,0.67,300.0,0.69,375.0,0.33,300.0,0.31,375.0,0.48,20.0,0.49,5.0,0.15,0.15,614.929,1776228004000
1776228005.928,5.928,0.52,20.0,0.51,5.0,0.67,300.0,0.69,375.0,0.33,300.0,0.31,375.0,0.48,20.0,0.49,5.0,0.15,0.15,614.929,1776228005000
1776228007.071,7.071,0.52,20.0,0.51,5.0,0.67,300.0,0.69,375.0,0.33,300.0,0.31,375.0,0.48,20.0,0.49,5.0,0.15,0.15,614.931,1776228006000
1776228008.15,8.15,0.52,20.0,0.51,5.0,0.67,300.0,0.69,375.0,0.33,300.0,0.31,375.0,0.48,20.0,0.49,5.0,0.15,0.15,614.934,1776228007000
1776228009.199,9.199,0.52,20.0,0.51,5.0,0.67,300.0,0.69,375.0,0.33,300.0,0.31,375.0,0.48,20.0,0.49,5.0,0.15,0.15,614.931,1776228008000
1776228009.9,9.9,0.52,15.0,0.51,5.0,0.55,10.0,0.61,55.0,0.33,300.0,0.31,375.0,0.48,20.0,0.49,5.0,0.03,0.15,614.931,1776228008000
1776228010.247,10.247,0.52,15.0,0.51,5.0,0.55,10.0,0.61,55.0,0.45,10.0,0.39,55.0,0.48,15.0,0.49,5.0,0.03,0.03,614.909,1776228009000
1776228011.282,11.282,0.52,0.86,0.51,5.0,0.55,10.0,0.61,55.0,0.45,10.0,0.39,55.0,0.48,0.86,0.49,5.0,0.03,0.03,614.896,1776228010000
1776228012.313,12.313,0.52,0.86,0.51,5.0,0.55,10.0,0.61,55.0,0.45,10.0,0.39,55.0,0.48,0.86,0.49,5.0,0.03,0.03,614.885,1776228011000
1776228012.903,12.903,0.52,0.86,0.51,5.0,0.55,10.0,0.61,55.0,0.45,10.0,0.39,55.0,0.48,0.86,0.49,5.0,0.03,0.03,614.885,1776228012000
1776228013.877,13.877,0.52,0.86,0.51,5.0,0.55,10.0,0.61,55.0,0.45,10.0,0.39,55.0,0.48,0.86,0.49,5.0,0.03,0.03,614.875,1776228013000
1776228014.936,14.936,0.52,0.86,0.51,5.0,0.55,10.0,0.61,55.0,0.45,10.0,0.39,55.0,0.48,0.86,0.49,5.0,0.03,0.03,614.875,1776228014000
1776228016.544,16.544,0.52,0.86,0.51,5.0,0.55,10.0,0.61,55.0,0.45,10.0,0.39,55.0,0.48,0.86,0.49,5.0,0.03,0.03,614.873,1776228015000
1776228017.109,17.109,0.52,0.86,0.51,5.0,0.55,10.0,0.61,55.0,0.45,10.0,0.39,55.0,0.48,0.86,0.49,5.0,0.03,0.03,614.877,1776228016000
1776228018.183,18.183,0.52,0.86,0.51,5.0,0.55,10.0,0.61,55.0,0.45,10.0,0.39,55.0,0.48,0.86,0.49,5.0,0.03,0.03,614.888,1776228017000
1776228018.404,18.404,0.52,0.86,0.45,5.0,0.55,5.0,0.59,10.0,0.45,10.0,0.39,55.0,0.48,0.86,0.49,5.0,0.03,0.03,614.888,1776228017000
1776228019.267,19.267,0.52,0.86,0.45,5.0,0.55,5.0,0.59,10.0,0.45,5.0,0.41,10.0,0.48,0.86,0.55,5.0,0.03,0.03,614.889,1776228018000
1776228020.23,20.23,0.52,0.86,0.45,5.0,0.55,5.0,0.59,10.0,0.45,5.0,0.41,10.0,0.48,0.86,0.55,5.0,0.03,0.03,614.889,1776228019000
1776228021.327,21.327,0.52,0.86,0.45,5.0,0.55,5.0,0.59,10.0,0.45,5.0,0.41,10.0,0.48,0.86,0.55,5.0,0.03,0.03,614.862,1776228020000
1776228022.364,22.364,0.52,0.86,0.45,5.0,0.55,5.0,0.59,10.0,0.45,5.0,0.41,10.0,0.48,0.86,0.55,5.0,0.03,0.03,614.86,1776228021000
1776228022.922,22.922,0.52,0.86,0.45,5.0,0.55,5.0,0.59,10.0,0.45,5.0,0.41,10.0,0.48,0.86,0.55,5.0,0.03,0.03,614.861,1776228022000
1776228023.908,23.908,0.52,0.86,0.45,5.0,0.55,5.0,0.59,10.0,0.45,5.0,0.41,10.0,0.48,0.86,0.55,5.0,0.03,0.03,614.861,1776228023000
1776228024.95,24.95,0.52,0.86,0.45,5.0,0.55,5.0,0.59,10.0,0.45,5.0,0.41,10.0,0.48,0.86,0.55,5.0,0.03,0.03,614.872761,1776228024000
1776228025.967,25.967,0.52,0.86,0.45,5.0,0.55,5.0,0.59,10.0,0.45,5.0,0.41,10.0,0.48,0.86,0.55,5.0,0.03,0.03,614.866657,1776228025000
1776228026.984,26.984,0.52,0.86,0.45,5.0,0.55,5.0,0.59,10.0,0.45,5.0,0.41,10.0,0.48,0.86,0.55,5.0,0.03,0.03,614.87024,1776228026000
1776228028.039,28.039,0.52,0.86,0.45,5.0,0.55,5.0,0.59,10.0,0.45,5.0,0.41,10.0,0.48,0.86,0.55,5.0,0.03,0.03,614.875,1776228027000
1776228029.585,29.585,0.52,0.86,0.45,5.0,0.55,5.0,0.59,10.0,0.45,5.0,0.41,10.0,0.48,0.86,0.55,5.0,0.03,0.03,614.869,1776228028000
1776228030.173,30.173,0.52,0.86,0.45,5.0,0.55,5.0,0.59,10.0,0.45,5.0,0.41,10.0,0.48,0.86,0.55,5.0,0.03,0.03,614.869,1776228029000
1776228031.108,31.108,0.52,0.86,0.45,5.0,0.55,5.0,0.59,10.0,0.45,5.0,0.41,10.0,0.48,0.86,0.55,5.0,0.03,0.03,614.84631,1776228030000
1776228032.126,32.126,0.52,0.86,0.45,5.0,0.55,5.0,0.59,10.0,0.45,5.0,0.41,10.0,0.48,0.86,0.55,5.0,0.03,0.03,614.845883,1776228031000
1776228033.154,33.154,0.52,0.86,0.45,5.0,0.55,5.0,0.59,10.0,0.45,5.0,0.41,10.0,0.48,0.86,0.55,5.0,0.03,0.03,614.844405,1776228032000
1776228034.223,34.223,0.52,0.86,0.45,5.0,0.55,5.0,0.59,10.0,0.45,5.0,0.41,10.0,0.48,0.86,0.55,5.0,0.03,0.03,614.844405,1776228033000
1776228035.32,35.32,0.52,0.86,0.45,5.0,0.55,5.0,0.59,10.0,0.45,5.0,0.41,10.0,0.48,0.86,0.55,5.0,0.03,0.03,614.844417,1776228034000
1776228036.358,36.358,0.52,0.86,0.45,5.0,0.55,5.0,0.59,10.0,0.45,5.0,0.41,10.0,0.48,0.86,0.55,5.0,0.03,0.03,614.844417,1776228035000
1776228036.918,36.918,0.52,0.86,0.45,5.0,0.55,5.0,0.59,10.0,0.45,5.0,0.41,10.0,0.48,0.86,0.55,5.0,0.03,0.03,614.844323,1776228036000
1776228037.868,37.868,0.52,0.86,0.45,5.0,0.55,5.0,0.59,10.0,0.45,5.0,0.41,10.0,0.48,0.86,0.55,5.0,0.03,0.03,614.849377,1776228037000
1776228038.856,38.856,0.52,0.86,0.45,5.0,0.55,5.0,0.59,10.0,0.45,5.0,0.41,10.0,0.48,0.86,0.55,5.0,0.03,0.03,614.84831,1776228038000
1776228039.723,39.723,0.39,5.0,0.38,5.0,0.53,33.0,0.55,10.0,0.45,5.0,0.41,10.0,0.48,0.86,0.55,5.0,0.14,0.03,614.84831,1776228038000
1776228039.924,39.924,0.39,5.0,0.38,5.0,0.53,33.0,0.55,10.0,0.47,33.0,0.45,10.0,0.61,5.0,0.62,5.0,0.14,0.14,614.847939,1776228039000
1776228041.011,41.011,0.39,5.0,0.38,5.0,0.53,33.0,0.55,10.0,0.47,33.0,0.45,10.0,0.61,5.0,0.62,5.0,0.14,0.14,614.847867,1776228040000
1776228041.922,41.922,0.39,5.0,0.38,5.0,0.53,33.0,0.55,10.0,0.47,33.0,0.45,10.0,0.61,5.0,0.62,5.0,0.14,0.14,614.807,1776228041000
1776228043.213,43.213,0.39,5.0,0.38,5.0,0.53,33.0,0.55,10.0,0.47,33.0,0.45,10.0,0.61,5.0,0.62,5.0,0.14,0.14,614.8,1776228042000
1776228044.647,44.647,0.39,5.0,0.38,5.0,0.53,33.0,0.55,10.0,0.47,33.0,0.45,10.0,0.61,5.0,0.62,5.0,0.14,0.14,614.831,1776228043000
1776228045.38,45.38,0.39,5.0,0.38,5.0,0.53,33.0,0.55,10.0,0.47,33.0,0.45,10.0,0.61,5.0,0.62,5.0,0.14,0.14,614.83,1776228044000
1776228046.003,46.003,0.39,5.0,0.38,5.0,0.53,33.0,0.55,10.0,0.47,33.0,0.45,10.0,0.61,5.0,0.62,5.0,0.14,0.14,614.83,1776228045000
1776228047.362,47.362,0.39,5.0,0.38,5.0,0.53,33.0,0.55,10.0,0.47,33.0,0.45,10.0,0.61,5.0,0.62,5.0,0.14,0.14,614.828,1776228046000
1776228047.978,47.978,0.39,5.0,0.38,5.0,0.53,33.0,0.55,10.0,0.47,33.0,0.45,10.0,0.61,5.0,0.62,5.0,0.14,0.14,614.848,1776228047000
1776228049.109,49.109,0.39,5.0,0.38,5.0,0.53,33.0,0.55,10.0,0.47,33.0,0.45,10.0,0.61,5.0,0.62,5.0,0.14,0.14,614.842,1776228048000
1776228050.236,50.236,0.39,5.0,0.38,5.0,0.53,33.0,0.55,10.0,0.47,33.0,0.45,10.0,0.61,5.0,0.62,5.0,0.14,0.14,614.842,1776228049000
1776228052.227,52.227,0.39,5.0,0.38,5.0,0.53,33.0,0.55,10.0,0.47,33.0,0.45,10.0,0.61,5.0,0.62,5.0,0.14,0.14,614.826,1776228051000
1776228053.649,53.649,0.39,5.0,0.38,5.0,0.53,33.0,0.55,10.0,0.47,33.0,0.45,10.0,0.61,5.0,0.62,5.0,0.14,0.14,614.829,1776228052000
1776228054.22,54.22,0.39,5.0,0.38,5.0,0.53,33.0,0.55,10.0,0.47,33.0,0.45,10.0,0.61,5.0,0.62,5.0,0.14,0.14,614.836,1776228053000
1776228055.55,55.55,0.39,5.0,0.38,5.0,0.53,33.0,0.55,10.0,0.47,33.0,0.45,10.0,0.61,5.0,0.62,5.0,0.14,0.14,614.841,1776228054000
1776228056.173,56.173,0.39,5.0,0.38,5.0,0.53,33.0,0.55,10.0,0.47,33.0,0.45,10.0,0.61,5.0,0.62,5.0,0.14,0.14,614.841,1776228055000
1776228057.551,57.551,0.39,5.0,0.38,5.0,0.53,33.0,0.55,10.0,0.47,33.0,0.45,10.0,0.61,5.0,0.62,5.0,0.14,0.14,614.844,1776228056000
1776228058.069,58.069,0.39,5.0,0.38,5.0,0.53,33.0,0.55,10.0,0.47,33.0,0.45,10.0,0.61,5.0,0.62,5.0,0.14,0.14,614.844,1776228057000
1776228059.413,59.413,0.39,5.0,0.38,5.0,0.53,33.0,0.55,10.0,0.47,33.0,0.45,10.0,0.61,5.0,0.62,5.0,0.14,0.14,614.844,1776228058000
1776228060.562,60.562,0.39,5.0,0.38,5.0,0.53,33.0,0.55,10.0,0.47,33.0,0.45,10.0,0.61,5.0,0.62,5.0,0.14,0.14,614.844,1776228059000
1776228061.219,61.219,0.39,5.0,0.38,5.0,0.53,33.0,0.55,10.0,0.47,33.0,0.45,10.0,0.61,5.0,0.62,5.0,0.14,0.14,614.845,1776228060000
1776228062.656,62.656,0.39,5.0,0.38,5.0,0.53,33.0,0.55,10.0,0.47,33.0,0.45,10.0,0.61,5.0,0.62,5.0,0.14,0.14,614.844,1776228061000
1776228063.166,63.166,0.39,5.0,0.38,5.0,0.53,33.0,0.55,10.0,0.47,33.0,0.45,10.0,0.61,5.0,0.62,5.0,0.14,0.14,614.844,1776228062000
1776228064.645,64.645,0.39,5.0,0.38,5.0,0.53,33.0,0.55,10.0,0.47,33.0,0.45,10.0,0.61,5.0,0.62,5.0,0.14,0.14,614.851,1776228063000
1776228065.27,65.27,0.39,5.0,0.38,5.0,0.53,33.0,0.55,10.0,0.47,33.0,0.45,10.0,0.61,5.0,0.62,5.0,0.14,0.14,614.887821,1776228064000
1776228066.579,66.579,0.39,5.0,0.38,5.0,0.53,33.0,0.55,10.0,0.47,33.0,0.45,10.0,0.61,5.0,0.62,5.0,0.14,0.14,614.879,1776228065000
1776228066.934,66.934,0.52,5.0,0.38,21.0,0.53,23.0,0.61,50.0,0.47,33.0,0.45,10.0,0.61,5.0,0.62,5.0,0.01,0.14,614.879,1776228065000
1776228067.206,67.206,0.52,5.0,0.38,21.0,0.53,23.0,0.61,50.0,0.47,23.0,0.39,50.0,0.48,5.0,0.62,21.0,0.01,0.01,614.879,1776228066000
1776228068.504,68.504,0.52,5.0,0.38,21.0,0.53,23.0,0.61,50.0,0.47,23.0,0.39,50.0,0.48,5.0,0.62,21.0,0.01,0.01,614.932,1776228067000
1776228069.184,69.184,0.52,5.0,0.38,21.0,0.53,23.0,0.61,50.0,0.47,23.0,0.39,50.0,0.48,5.0,0.62,21.0,0.01,0.01,614.932,1776228068000
1776228070.322,70.322,0.52,5.0,0.38,21.0,0.53,23.0,0.61,50.0,0.47,23.0,0.39,50.0,0.48,5.0,0.62,21.0,0.01,0.01,614.904,1776228069000
1776228070.952,70.952,0.52,5.0,0.38,21.0,0.53,23.0,0.61,50.0,0.47,23.0,0.39,50.0,0.48,5.0,0.62,21.0,0.01,0.01,614.904,1776228070000
1776228072.251,72.251,0.52,5.0,0.38,21.0,0.53,23.0,0.61,50.0,0.47,23.0,0.39,50.0,0.48,5.0,0.62,21.0,0.01,0.01,614.915506,1776228071000
1776228073.372,73.372,0.58,5.0,0.53,5.0,0.65,5.71,0.68,10.0,0.35,5.71,0.32,10.0,0.42,5.0,0.47,5.0,0.07,0.07,614.935881,1776228072000
1776228074.036,74.036,0.58,5.0,0.53,5.0,0.65,5.71,0.68,10.0,0.35,5.71,0.32,10.0,0.42,5.0,0.47,5.0,0.07,0.07,614.937895,1776228073000
1776228075.318,75.318,0.58,5.0,0.53,5.0,0.65,5.71,0.68,10.0,0.35,5.71,0.32,10.0,0.42,5.0,0.47,5.0,0.07,0.07,614.937895,1776228074000
1776228076.961,76.961,0.58,5.0,0.53,5.0,0.65,5.71,0.68,10.0,0.35,5.71,0.32,10.0,0.42,5.0,0.47,5.0,0.07,0.07,614.946711,1776228075000
1776228077.821,77.821,0.58,5.0,0.53,5.0,0.65,5.71,0.68,10.0,0.35,5.71,0.32,10.0,0.42,5.0,0.47,5.0,0.07,0.07,614.946769,1776228076000
1776228078.368,78.368,0.58,5.0,0.53,5.0,0.65,5.71,0.68,10.0,0.35,5.71,0.32,10.0,0.42,5.0,0.47,5.0,0.07,0.07,614.95316,1776228077000
1776228078.98,78.98,0.58,5.0,0.53,5.0,0.65,5.71,0.68,10.0,0.35,5.71,0.32,10.0,0.42,5.0,0.47,5.0,0.07,0.07,614.95316,1776228078000
1776228080.153,80.153,0.58,5.0,0.53,5.0,0.65,5.71,0.68,10.0,0.35,5.71,0.32,10.0,0.42,5.0,0.47,5.0,0.07,0.07,614.962,1776228079000
1776228081.601,81.601,0.58,5.0,0.53,5.0,0.65,5.71,0.68,10.0,0.35,5.71,0.32,10.0,0.42,5.0,0.47,5.0,0.07,0.07,614.958,1776228080000
1776228082.024,82.024,0.58,5.0,0.53,5.0,0.65,5.71,0.68,10.0,0.35,5.71,0.32,10.0,0.42,5.0,0.47,5.0,0.07,0.07,614.958,1776228081000
1776228083.257,83.257,0.58,5.0,0.53,5.0,0.65,5.71,0.68,10.0,0.35,5.71,0.32,10.0,0.42,5.0,0.47,5.0,0.07,0.07,614.953035,1776228082000
1776228084.269,84.269,0.58,5.0,0.53,5.0,0.65,5.71,0.68,10.0,0.35,5.71,0.32,10.0,0.42,5.0,0.47,5.0,0.07,0.07,614.953035,1776228083000
1776228085.123,85.123,0.58,5.0,0.53,5.0,0.65,5.71,0.68,10.0,0.35,5.71,0.32,10.0,0.42,5.0,0.47,5.0,0.07,0.07,614.953139,1776228084000
1776228086.314,86.314,0.58,5.0,0.53,5.0,0.65,5.71,0.68,10.0,0.35,5.71,0.32,10.0,0.42,5.0,0.47,5.0,0.07,0.07,614.958,1776228085000
1776228087.185,87.185,0.59,5.0,0.53,5.0,0.64,11.3,0.65,17.11,0.35,5.71,0.32,10.0,0.42,5.0,0.47,5.0,0.05,0.07,614.958,1776228085000
1776228087.428,87.428,0.59,5.0,0.53,5.0,0.64,11.3,0.65,17.11,0.36,11.3,0.35,17.11,0.41,5.0,0.47,5.0,0.05,0.05,614.952,1776228086000
1776228088.843,88.843,0.59,5.0,0.53,5.0,0.64,11.3,0.65,17.11,0.36,11.3,0.35,17.11,0.41,5.0,0.47,5.0,0.05,0.05,614.953,1776228087000
1776228089.527,89.527,0.59,5.0,0.53,5.0,0.64,11.3,0.65,17.11,0.36,11.3,0.35,17.11,0.41,5.0,0.47,5.0,0.05,0.05,614.942808,1776228088000
1776228090.084,90.084,0.59,5.0,0.53,5.0,0.64,11.3,0.65,17.11,0.36,11.3,0.35,17.11,0.41,5.0,0.47,5.0,0.05,0.05,614.942822,1776228089000
1776228091.243,91.243,0.59,5.0,0.53,5.0,0.64,11.3,0.65,17.11,0.36,11.3,0.35,17.11,0.41,5.0,0.47,5.0,0.05,0.05,614.948138,1776228090000
1776228092.838,92.838,0.59,5.0,0.53,5.0,0.64,11.3,0.65,17.11,0.36,11.3,0.35,17.11,0.41,5.0,0.47,5.0,0.05,0.05,614.94814,1776228091000
1776228093.823,93.823,0.59,5.0,0.53,5.0,0.64,11.3,0.65,17.11,0.36,11.3,0.35,17.11,0.41,5.0,0.47,5.0,0.05,0.05,614.944108,1776228092000
1776228094.406,94.406,0.59,5.0,0.53,5.0,0.64,11.3,0.65,17.11,0.36,11.3,0.35,17.11,0.41,5.0,0.47,5.0,0.05,0.05,614.944108,1776228093000
1776228095.493,95.493,0.59,5.0,0.53,5.0,0.64,11.3,0.65,17.11,0.36,11.3,0.35,17.11,0.41,5.0,0.47,5.0,0.05,0.05,614.947666,1776228094000
1776228096.061,96.061,0.59,5.0,0.53,5.0,0.64,11.3,0.65,17.11,0.36,11.3,0.35,17.11,0.41,5.0,0.47,5.0,0.05,0.05,614.947662,1776228095000
1776228096.895,96.895,0.54,5.0,0.53,5.0,0.63,11.2,0.64,11.3,0.36,11.3,0.35,17.11,0.41,5.0,0.47,5.0,0.09,0.05,614.947662,1776228095000
1776228097.124,97.124,0.54,5.0,0.53,5.0,0.63,11.2,0.64,11.3,0.37,11.2,0.36,11.3,0.46,5.0,0.47,5.0,0.09,0.09,614.947663,1776228096000
1776228098.066,98.066,0.54,5.0,0.53,5.0,0.63,11.2,0.64,11.3,0.37,11.2,0.36,11.3,0.46,5.0,0.47,5.0,0.09,0.09,614.947687,1776228097000
1776228099.09,99.09,0.54,5.0,0.53,5.0,0.63,11.2,0.64,11.3,0.37,11.2,0.36,11.3,0.46,5.0,0.47,5.0,0.09,0.09,614.947683,1776228098000
1776228100.222,100.222,0.54,5.0,0.53,5.0,0.63,11.2,0.64,11.3,0.37,11.2,0.36,11.3,0.46,5.0,0.47,5.0,0.09,0.09,614.94008,1776228099000
1776228101.33,101.33,0.54,5.0,0.53,5.0,0.63,11.2,0.64,11.3,0.37,11.2,0.36,11.3,0.46,5.0,0.47,5.0,0.09,0.09,614.940021,1776228100000
1776228102.309,102.309,0.54,5.0,0.53,5.0,0.63,11.2,0.64,11.3,0.37,11.2,0.36,11.3,0.46,5.0,0.47,5.0,0.09,0.09,614.937977,1776228101000
1776228103.322,103.322,0.54,5.0,0.53,5.0,0.63,11.2,0.64,11.3,0.37,11.2,0.36,11.3,0.46,5.0,0.47,5.0,0.09,0.09,614.934151,1776228102000
1776228103.906,103.906,0.54,5.0,0.53,5.0,0.63,11.2,0.64,11.3,0.37,11.2,0.36,11.3,0.46,5.0,0.47,5.0,0.09,0.09,614.934059,1776228103000
1776228104.925,104.925,0.54,5.0,0.53,5.0,0.63,11.2,0.64,11.3,0.37,11.2,0.36,11.3,0.46,5.0,0.47,5.0,0.09,0.09,614.934059,1776228104000
1776228106.029,106.029,0.54,5.0,0.53,5.0,0.63,11.2,0.64,11.3,0.37,11.2,0.36,11.3,0.46,5.0,0.47,5.0,0.09,0.09,614.934055,1776228105000
1776228107.622,107.622,0.54,5.0,0.53,5.0,0.63,11.2,0.64,11.3,0.37,11.2,0.36,11.3,0.46,5.0,0.47,5.0,0.09,0.09,614.935288,1776228106000
1776228108.297,108.297,0.54,5.0,0.53,5.0,0.63,11.2,0.64,11.3,0.37,11.2,0.36,11.3,0.46,5.0,0.47,5.0,0.09,0.09,614.93559,1776228107000
1776228109.547,109.547,0.54,5.0,0.53,5.0,0.63,11.2,0.64,11.3,0.37,11.2,0.36,11.3,0.46,5.0,0.47,5.0,0.09,0.09,614.93559,1776228108000
1776228110.315,110.315,0.54,5.0,0.53,5.0,0.63,11.2,0.64,11.3,0.37,11.2,0.36,11.3,0.46,5.0,0.47,5.0,0.09,0.09,614.93559,1776228109000
1776228111.49,111.49,0.54,5.0,0.53,5.0,0.63,11.2,0.64,11.3,0.37,11.2,0.36,11.3,0.46,5.0,0.47,5.0,0.09,0.09,614.934684,1776228110000
1776228112.211,112.211,0.54,5.0,0.53,5.0,0.63,11.2,0.64,11.3,0.37,11.2,0.36,11.3,0.46,5.0,0.47,5.0,0.09,0.09,614.934726,1776228111000
1776228113.439,113.439,0.57,15.0,0.54,5.0,0.6,10.8,0.61,10.9,0.4,10.8,0.39,10.9,0.43,15.0,0.46,5.0,0.03,0.03,614.934929,1776228112000
1776228113.983,113.983,0.54,5.0,0.53,5.0,0.56,6.0,0.58,10.7,0.4,10.8,0.39,10.9,0.43,15.0,0.46,5.0,0.02,0.03,614.934929,1776228112000
1776228114.228,114.228,0.54,5.0,0.53,5.0,0.56,6.0,0.58,10.7,0.44,6.0,0.42,10.7,0.46,5.0,0.47,5.0,0.02,0.02,614.934929,1776228113000
1776228115.1,115.1,0.54,4.89,0.53,5.0,0.56,16.6,0.57,10.6,0.44,6.0,0.42,10.7,0.46,5.0,0.47,5.0,0.02,0.02,614.934929,1776228113000
1776228115.468,115.468,0.54,4.89,0.53,5.0,0.56,16.6,0.57,10.6,0.44,16.6,0.43,10.6,0.46,4.89,0.47,5.0,0.02,0.02,614.934543,1776228114000
1776228116.185,116.185,0.54,4.89,0.53,5.0,0.56,16.6,0.57,10.6,0.44,16.6,0.43,10.6,0.46,4.89,0.47,5.0,0.02,0.02,614.934543,1776228115000
1776228117.699,117.699,0.54,4.89,0.53,5.0,0.56,16.6,0.57,10.6,0.44,16.6,0.43,10.6,0.46,4.89,0.47,5.0,0.02,0.02,614.934354,1776228116000
1776228118.421,118.421,0.54,4.89,0.53,5.0,0.56,16.6,0.57,10.6,0.44,16.6,0.43,10.6,0.46,4.89,0.47,5.0,0.02,0.02,614.934354,1776228117000
1776228119.534,119.534,0.54,4.89,0.53,5.0,0.56,16.6,0.57,10.6,0.44,16.6,0.43,10.6,0.46,4.89,0.47,5.0,0.02,0.02,614.937643,1776228118000
1776228120.318,120.318,0.54,4.89,0.53,5.0,0.56,16.6,0.57,10.6,0.44,16.6,0.43,10.6,0.46,4.89,0.47,5.0,0.02,0.02,614.937643,1776228119000
1776228121.653,121.653,0.54,4.89,0.53,5.0,0.56,16.6,0.57,10.6,0.44,16.6,0.43,10.6,0.46,4.89,0.47,5.0,0.02,0.02,614.937636,1776228120000
1776228122.379,122.379,0.54,4.89,0.53,5.0,0.56,16.6,0.57,10.6,0.44,16.6,0.43,10.6,0.46,4.89,0.47,5.0,0.02,0.02,614.937631,1776228121000
1776228123.154,123.154,0.54,4.89,0.53,5.0,0.56,16.6,0.57,10.6,0.44,16.6,0.43,10.6,0.46,4.89,0.47,5.0,0.02,0.02,614.937589,1776228122000
1776228124.807,124.807,0.54,4.89,0.53,5.0,0.56,16.6,0.57,10.6,0.44,16.6,0.43,10.6,0.46,4.89,0.47,5.0,0.02,0.02,614.937491,1776228123000
1776228125.346,125.346,0.54,4.89,0.53,5.0,0.56,16.6,0.57,10.6,0.44,16.6,0.43,10.6,0.46,4.89,0.47,5.0,0.02,0.02,614.937488,1776228124000
1776228125.944,125.944,0.54,4.89,0.53,5.0,0.56,16.6,0.57,10.6,0.44,16.6,0.43,10.6,0.46,4.89,0.47,5.0,0.02,0.02,614.937533,1776228125000
1776228126.993,126.993,0.54,4.89,0.53,5.0,0.56,16.6,0.57,10.6,0.44,16.6,0.43,10.6,0.46,4.89,0.47,5.0,0.02,0.02,614.937482,1776228126000
1776228127.989,127.989,0.54,4.89,0.53,5.0,0.56,16.6,0.57,10.6,0.44,16.6,0.43,10.6,0.46,4.89,0.47,5.0,0.02,0.02,614.935122,1776228127000
1776228129.156,129.156,0.54,4.89,0.53,5.0,0.56,16.6,0.57,10.6,0.44,16.6,0.43,10.6,0.46,4.89,0.47,5.0,0.02,0.02,614.935094,1776228128000
1776228130.231,130.231,0.54,4.89,0.53,5.0,0.56,16.6,0.57,10.6,0.44,16.6,0.43,10.6,0.46,4.89,0.47,5.0,0.02,0.02,614.935076,1776228129000
1776228131.204,131.204,0.54,4.89,0.53,5.0,0.56,16.6,0.57,10.6,0.44,16.6,0.43,10.6,0.46,4.89,0.47,5.0,0.02,0.02,614.935095,1776228130000
1776228132.2,132.2,0.54,4.89,0.53,5.0,0.56,16.6,0.57,10.6,0.44,16.6,0.43,10.6,0.46,4.89,0.47,5.0,0.02,0.02,614.934778,1776228131000
1776228133.28,133.28,0.41,60.7,0.4,20.8,0.56,6.0,0.57,10.6,0.44,6.0,0.43,10.6,0.59,60.7,0.6,20.8,0.15,0.15,614.934778,1776228132000
1776228134.313,134.313,0.41,60.7,0.4,20.8,0.56,6.0,0.57,10.6,0.44,6.0,0.43,10.6,0.59,60.7,0.6,20.8,0.15,0.15,614.934777,1776228133000
1776228135.327,135.327,0.41,60.7,0.4,20.8,0.56,6.0,0.57,10.6,0.44,6.0,0.43,10.6,0.59,60.7,0.6,20.8,0.15,0.15,614.940932,1776228134000
1776228135.851,135.851,0.41,60.7,0.4,20.8,0.56,6.0,0.57,10.6,0.44,6.0,0.43,10.6,0.59,60.7,0.6,20.8,0.15,0.15,614.941006,1776228135000
1776228136.868,136.868,0.41,60.7,0.4,20.8,0.56,6.0,0.57,10.6,0.44,6.0,0.43,10.6,0.59,60.7,0.6,20.8,0.15,0.15,614.940959,1776228136000
1776228138.533,138.533,0.41,60.7,0.4,20.8,0.56,6.0,0.57,10.6,0.44,6.0,0.43,10.6,0.59,60.7,0.6,20.8,0.15,0.15,614.941492,1776228137000
1776228139.036,139.036,0.41,60.7,0.4,20.8,0.56,6.0,0.57,10.6,0.44,6.0,0.43,10.6,0.59,60.7,0.6,20.8,0.15,0.15,614.94148,1776228138000
1776228140.049,140.049,0.41,60.7,0.4,20.8,0.56,6.0,0.57,10.6,0.44,6.0,0.43,10.6,0.59,60.7,0.6,20.8,0.15,0.15,614.946391,1776228139000
1776228141.022,141.022,0.41,60.7,0.4,20.8,0.56,6.0,0.57,10.6,0.44,6.0,0.43,10.6,0.59,60.7,0.6,20.8,0.15,0.15,614.945864,1776228140000
1776228141.954,141.954,0.41,60.7,0.4,20.8,0.56,6.0,0.57,10.6,0.44,6.0,0.43,10.6,0.59,60.7,0.6,20.8,0.15,0.15,614.945877,1776228141000
1776228142.205,142.205,0.44,10.6,0.43,15.6,0.56,4.03,0.64,5.55,0.44,6.0,0.43,10.6,0.59,60.7,0.6,20.8,0.12,0.15,614.945877,1776228141000
1776228142.957,142.957,0.44,10.6,0.43,15.6,0.56,4.03,0.64,5.55,0.44,4.03,0.36,5.55,0.56,10.6,0.57,15.6,0.12,0.12,614.946339,1776228142000
1776228143.88,143.88,0.44,10.6,0.43,15.6,0.56,4.03,0.64,5.55,0.44,4.03,0.36,5.55,0.56,10.6,0.57,15.6,0.12,0.12,614.969221,1776228143000
1776228144.866,144.866,0.44,10.6,0.43,15.6,0.56,4.03,0.64,5.55,0.44,4.03,0.36,5.55,0.56,10.6,0.57,15.6,0.12,0.12,614.969,1776228144000
1776228145.83,145.83,0.44,10.6,0.43,15.6,0.56,4.03,0.64,5.55,0.44,4.03,0.36,5.55,0.56,10.6,0.57,15.6,0.12,0.12,614.976,1776228145000
1776228147.326,147.326,0.44,10.6,0.43,15.6,0.56,4.03,0.64,5.55,0.44,4.03,0.36,5.55,0.56,10.6,0.57,15.6,0.12,0.12,614.977292,1776228146000
1776228148.249,148.249,0.44,10.6,0.43,15.6,0.56,4.03,0.64,5.55,0.44,4.03,0.36,5.55,0.56,10.6,0.57,15.6,0.12,0.12,614.977329,1776228147000
1776228149.341,149.341,0.44,10.6,0.43,15.6,0.56,4.03,0.64,5.55,0.44,4.03,0.36,5.55,0.56,10.6,0.57,15.6,0.12,0.12,614.977329,1776228148000
1776228150.264,150.264,0.44,10.6,0.43,15.6,0.56,4.03,0.64,5.55,0.44,4.03,0.36,5.55,0.56,10.6,0.57,15.6,0.12,0.12,614.971,1776228149000
1776228151.362,151.362,0.44,10.6,0.43,15.6,0.56,4.03,0.64,5.55,0.44,4.03,0.36,5.55,0.56,10.6,0.57,15.6,0.12,0.12,614.970711,1776228150000
1776228152.345,152.345,0.52,10.4,0.51,60.4,0.56,1.69,0.67,11.8,0.44,4.03,0.36,5.55,0.56,10.6,0.57,15.6,0.04,0.12,614.970711,1776228150000
1776228152.737,152.737,0.52,10.4,0.51,60.4,0.56,1.69,0.67,11.8,0.44,1.69,0.33,11.8,0.48,10.4,0.49,60.4,0.04,0.04,614.96613,1776228151000
1776228153.383,153.383,0.52,10.4,0.51,60.4,0.56,1.69,0.67,11.8,0.44,1.69,0.33,11.8,0.48,10.4,0.49,60.4,0.04,0.04,614.96613,1776228152000
1776228154.031,154.031,0.52,10.4,0.51,60.4,0.56,1.69,0.67,11.8,0.44,1.69,0.33,11.8,0.48,10.4,0.49,60.4,0.04,0.04,614.965956,1776228153000
1776228155.31,155.31,0.52,10.4,0.51,60.4,0.56,1.69,0.67,11.8,0.44,1.69,0.33,11.8,0.48,10.4,0.49,60.4,0.04,0.04,614.965956,1776228154000
1776228156.575,156.575,0.52,10.4,0.51,60.4,0.56,1.69,0.67,11.8,0.44,1.69,0.33,11.8,0.48,10.4,0.49,60.4,0.04,0.04,614.972437,1776228155000
1776228157.239,157.239,0.52,10.4,0.51,60.4,0.56,1.69,0.67,11.8,0.44,1.69,0.33,11.8,0.48,10.4,0.49,60.4,0.04,0.04,614.972413,1776228156000
1776228158.562,158.562,0.52,10.4,0.51,60.4,0.56,1.69,0.67,11.8,0.44,1.69,0.33,11.8,0.48,10.4,0.49,60.4,0.04,0.04,614.973466,1776228157000
1776228159.158,159.158,0.52,10.4,0.51,60.4,0.56,1.69,0.67,11.8,0.44,1.69,0.33,11.8,0.48,10.4,0.49,60.4,0.04,0.04,614.973466,1776228158000
1776228160.426,160.426,0.52,10.4,0.51,60.4,0.56,1.69,0.67,11.8,0.44,1.69,0.33,11.8,0.48,10.4,0.49,60.4,0.04,0.04,614.962881,1776228159000
1776228161.036,161.036,0.52,10.4,0.51,60.4,0.56,1.69,0.67,11.8,0.44,1.69,0.33,11.8,0.48,10.4,0.49,60.4,0.04,0.04,614.962877,1776228160000
1776228162.217,162.217,0.52,10.4,0.51,60.4,0.56,1.69,0.67,11.8,0.44,1.69,0.33,11.8,0.48,10.4,0.49,60.4,0.04,0.04,614.962902,1776228161000
1776228162.624,162.624,0.52,10.4,0.51,60.4,0.67,17.24,0.68,11.9,0.44,1.69,0.33,11.8,0.48,10.4,0.49,60.4,0.15,0.04,614.962902,1776228161000
1776228163.478,163.478,0.52,10.4,0.51,60.4,0.67,17.24,0.68,11.9,0.33,17.24,0.32,11.9,0.48,10.4,0.49,60.4,0.15,0.15,614.969894,1776228162000
1776228164.096,164.096,0.52,10.4,0.51,60.4,0.67,17.24,0.68,11.9,0.33,17.24,0.32,11.9,0.48,10.4,0.49,60.4,0.15,0.15,614.969894,1776228163000
1776228165.143,165.143,0.52,10.4,0.51,60.4,0.67,17.24,0.68,11.9,0.33,17.24,0.32,11.9,0.48,10.4,0.49,60.4,0.15,0.15,614.969883,1776228164000
1776228166.31,166.31,0.52,10.4,0.51,60.4,0.67,17.24,0.68,11.9,0.33,17.24,0.32,11.9,0.48,10.4,0.49,60.4,0.15,0.15,614.970189,1776228165000
1776228167.229,167.229,0.52,10.4,0.51,60.4,0.67,17.24,0.68,11.9,0.33,17.24,0.32,11.9,0.48,10.4,0.49,60.4,0.15,0.15,614.969414,1776228166000
1776228168.331,168.331,0.52,10.4,0.51,60.4,0.67,17.24,0.68,11.9,0.33,17.24,0.32,11.9,0.48,10.4,0.49,60.4,0.15,0.15,614.967475,1776228167000
1776228169.282,169.282,0.52,10.4,0.51,60.4,0.67,17.24,0.68,11.9,0.33,17.24,0.32,11.9,0.48,10.4,0.49,60.4,0.15,0.15,614.966812,1776228168000
1776228170.398,170.398,0.52,10.4,0.51,60.4,0.67,17.24,0.68,11.9,0.33,17.24,0.32,11.9,0.48,10.4,0.49,60.4,0.15,0.15,614.966806,1776228169000
1776228170.911,170.911,0.52,10.4,0.51,60.4,0.67,17.24,0.68,11.9,0.33,17.24,0.32,11.9,0.48,10.4,0.49,60.4,0.15,0.15,614.958476,1776228170000
1776228172.056,172.056,0.52,10.4,0.51,60.4,0.67,17.24,0.68,11.9,0.33,17.24,0.32,11.9,0.48,10.4,0.49,60.4,0.15,0.15,614.951686,1776228171000
1776228172.995,172.995,0.52,10.4,0.51,60.4,0.67,17.24,0.68,11.9,0.33,17.24,0.32,11.9,0.48,10.4,0.49,60.4,0.15,0.15,614.9,1776228172000
1776228174.055,174.055,0.52,10.4,0.51,60.4,0.67,17.24,0.68,11.9,0.33,17.24,0.32,11.9,0.48,10.4,0.49,60.4,0.15,0.15,614.88782,1776228173000
1776228175.056,175.056,0.52,10.4,0.51,60.4,0.67,17.24,0.68,11.9,0.33,17.24,0.32,11.9,0.48,10.4,0.49,60.4,0.15,0.15,614.885749,1776228174000
1776228176.126,176.126,0.52,10.4,0.51,60.4,0.67,17.24,0.68,11.9,0.33,17.24,0.32,11.9,0.48,10.4,0.49,60.4,0.15,0.15,614.887308,1776228175000
1776228177.117,177.117,0.52,10.4,0.51,60.4,0.67,17.24,0.68,11.9,0.33,17.24,0.32,11.9,0.48,10.4,0.49,60.4,0.15,0.15,614.887322,1776228176000
1776228178.126,178.126,0.52,10.4,0.51,60.4,0.67,17.24,0.68,11.9,0.33,17.24,0.32,11.9,0.48,10.4,0.49,60.4,0.15,0.15,614.887414,1776228177000
1776228179.147,179.147,0.52,10.4,0.51,60.4,0.67,17.24,0.68,11.9,0.33,17.24,0.32,11.9,0.48,10.4,0.49,60.4,0.15,0.15,614.885755,1776228178000
1776228180.602,180.602,0.52,10.4,0.51,60.4,0.67,17.24,0.68,11.9,0.33,17.24,0.32,11.9,0.48,10.4,0.49,60.4,0.15,0.15,614.877322,1776228179000
1776228181.085,181.085,0.39,9.0,0.31,50.0,0.44,0.6,0.45,10.5,0.56,0.6,0.55,10.5,0.61,9.0,0.69,50.0,0.05,0.05,614.877432,1776228180000
1776228182.496,182.496,0.39,9.0,0.31,50.0,0.44,0.6,0.45,10.5,0.56,0.6,0.55,10.5,0.61,9.0,0.69,50.0,0.05,0.05,614.877442,1776228181000
1776228183.53,183.53,0.39,9.0,0.31,50.0,0.44,0.6,0.45,10.5,0.56,0.6,0.55,10.5,0.61,9.0,0.69,50.0,0.05,0.05,614.877442,1776228182000
1776228184.107,184.107,0.39,9.0,0.31,50.0,0.44,0.6,0.45,10.5,0.56,0.6,0.55,10.5,0.61,9.0,0.69,50.0,0.05,0.05,614.877442,1776228183000
1776228185.25,185.25,0.39,9.0,0.31,50.0,0.44,0.6,0.45,10.5,0.56,0.6,0.55,10.5,0.61,9.0,0.69,50.0,0.05,0.05,614.877432,1776228184000
1776228185.843,185.843,0.31,55.0,0.25,21.9,0.4,10.8,0.41,10.7,0.56,0.6,0.55,10.5,0.61,9.0,0.69,50.0,0.09,0.05,614.877432,1776228184000
1776228186.494,186.494,0.31,55.0,0.25,21.9,0.4,10.8,0.41,10.7,0.6,10.8,0.59,10.7,0.69,55.0,0.75,21.9,0.09,0.09,614.877212,1776228185000
1776228187.115,187.115,0.31,55.0,0.25,21.9,0.4,10.8,0.41,10.7,0.6,10.8,0.59,10.7,0.69,55.0,0.75,21.9,0.09,0.09,614.877212,1776228186000
1776228188.243,188.243,0.31,55.0,0.25,21.9,0.4,10.8,0.41,10.7,0.6,10.8,0.59,10.7,0.69,55.0,0.75,21.9,0.09,0.09,614.876038,1776228187000
1776228189.431,189.431,0.31,55.0,0.25,21.9,0.4,10.8,0.41,10.7,0.6,10.8,0.59,10.7,0.69,55.0,0.75,21.9,0.09,0.09,614.876092,1776228188000
1776228190.028,190.028,0.31,55.0,0.25,21.9,0.4,10.8,0.41,10.7,0.6,10.8,0.59,10.7,0.69,55.0,0.75,21.9,0.09,0.09,614.876329,1776228189000
1776228191.194,191.194,0.31,55.0,0.25,21.9,0.4,10.8,0.41,10.7,0.6,10.8,0.59,10.7,0.69,55.0,0.75,21.9,0.09,0.09,614.876329,1776228190000
1776228192.306,192.306,0.31,55.0,0.25,21.9,0.4,10.8,0.41,10.7,0.6,10.8,0.59,10.7,0.69,55.0,0.75,21.9,0.09,0.09,614.883932,1776228191000
1776228193.438,193.438,0.31,55.0,0.25,21.9,0.4,10.8,0.41,10.7,0.6,10.8,0.59,10.7,0.69,55.0,0.75,21.9,0.09,0.09,614.883927,1776228192000
1776228194.091,194.091,0.31,55.0,0.25,21.9,0.4,10.8,0.41,10.7,0.6,10.8,0.59,10.7,0.69,55.0,0.75,21.9,0.09,0.09,614.88517,1776228193000
1776228195.252,195.252,0.31,55.0,0.25,21.9,0.4,10.8,0.41,10.7,0.6,10.8,0.59,10.7,0.69,55.0,0.75,21.9,0.09,0.09,614.88517,1776228194000
1776228196.287,196.287,0.31,55.0,0.25,21.9,0.4,10.8,0.41,10.7,0.6,10.8,0.59,10.7,0.69,55.0,0.75,21.9,0.09,0.09,614.88734,1776228195000
1776228197.315,197.315,0.31,50.65,0.26,13.5,0.4,10.8,0.41,10.7,0.6,10.8,0.59,10.7,0.69,55.0,0.75,21.9,0.09,0.09,614.88734,1776228195000
1776228197.875,197.875,0.31,50.65,0.26,13.5,0.4,10.8,0.41,10.7,0.6,10.8,0.59,10.7,0.69,50.65,0.74,13.5,0.09,0.09,614.887645,1776228197000
1776228199.034,199.034,0.31,50.65,0.26,13.5,0.4,10.8,0.41,10.7,0.6,10.8,0.59,10.7,0.69,50.65,0.74,13.5,0.09,0.09,614.887644,1776228198000
1776228200.15,200.15,0.31,50.65,0.26,13.5,0.4,10.8,0.41,10.7,0.6,10.8,0.59,10.7,0.69,50.65,0.74,13.5,0.09,0.09,614.888807,1776228199000
1776228201.333,201.333,0.31,50.65,0.26,13.5,0.4,10.8,0.41,10.7,0.6,10.8,0.59,10.7,0.69,50.65,0.74,13.5,0.09,0.09,614.891122,1776228200000
1776228201.958,201.958,0.31,50.65,0.26,13.5,0.4,10.8,0.41,10.7,0.6,10.8,0.59,10.7,0.69,50.65,0.74,13.5,0.09,0.09,614.891122,1776228201000
1776228202.658,202.658,0.41,50.0,0.32,11.9,0.58,10.41,0.59,10.7,0.6,10.8,0.59,10.7,0.69,50.65,0.74,13.5,0.17,0.09,614.891122,1776228201000
1776228203.033,203.033,0.41,50.0,0.32,11.9,0.58,10.41,0.59,10.7,0.42,10.41,0.41,10.7,0.59,50.0,0.68,11.9,0.17,0.17,614.892269,1776228202000
1776228204.28,204.28,0.41,50.0,0.32,11.9,0.58,10.41,0.59,10.7,0.42,10.41,0.41,10.7,0.59,50.0,0.68,11.9,0.17,0.17,614.885675,1776228203000
1776228205.33,205.33,0.41,50.0,0.32,11.9,0.58,10.41,0.59,10.7,0.42,10.41,0.41,10.7,0.59,50.0,0.68,11.9,0.17,0.17,614.931967,1776228204000
1776228206.471,206.471,0.41,50.0,0.32,11.9,0.58,10.41,0.59,10.7,0.42,10.41,0.41,10.7,0.59,50.0,0.68,11.9,0.17,0.17,614.952,1776228205000
1776228207.13,207.13,0.41,50.0,0.32,11.9,0.58,10.41,0.59,10.7,0.42,10.41,0.41,10.7,0.59,50.0,0.68,11.9,0.17,0.17,614.931967,1776228206000
1776228208.186,208.186,0.41,50.0,0.32,11.9,0.58,10.41,0.59,10.7,0.42,10.41,0.41,10.7,0.59,50.0,0.68,11.9,0.17,0.17,614.941684,1776228207000
1776228209.173,209.173,0.41,50.0,0.32,11.9,0.58,10.41,0.59,10.7,0.42,10.41,0.41,10.7,0.59,50.0,0.68,11.9,0.17,0.17,614.941759,1776228208000
1776228210.626,210.626,0.41,50.0,0.32,11.9,0.58,10.41,0.59,10.7,0.42,10.41,0.41,10.7,0.59,50.0,0.68,11.9,0.17,0.17,614.941775,1776228209000
1776228211.213,211.213,0.41,50.0,0.32,11.9,0.58,10.41,0.59,10.7,0.42,10.41,0.41,10.7,0.59,50.0,0.68,11.9,0.17,0.17,614.941866,1776228210000
1776228212.169,212.169,0.41,50.0,0.32,11.9,0.58,10.41,0.59,10.7,0.42,10.41,0.41,10.7,0.59,50.0,0.68,11.9,0.17,0.17,614.942774,1776228211000
1776228213.133,213.133,0.41,50.0,0.32,11.9,0.58,10.41,0.59,10.7,0.42,10.41,0.41,10.7,0.59,50.0,0.68,11.9,0.17,0.17,614.942774,1776228212000
1776228214.084,214.084,0.41,50.0,0.32,11.9,0.58,10.41,0.59,10.7,0.42,10.41,0.41,10.7,0.59,50.0,0.68,11.9,0.17,0.17,614.949243,1776228213000
1776228215.213,215.213,0.41,50.0,0.32,11.9,0.58,10.41,0.59,10.7,0.42,10.41,0.41,10.7,0.59,50.0,0.68,11.9,0.17,0.17,614.949158,1776228214000
1776228216.344,216.344,0.41,50.0,0.32,11.9,0.58,10.41,0.59,10.7,0.42,10.41,0.41,10.7,0.59,50.0,0.68,11.9,0.17,0.17,614.95561,1776228215000
1776228217.388,217.388,0.41,50.0,0.32,11.9,0.58,10.41,0.59,10.7,0.42,10.41,0.41,10.7,0.59,50.0,0.68,11.9,0.17,0.17,614.955363,1776228216000
1776228218.311,218.311,0.41,50.0,0.32,11.9,0.58,10.41,0.59,10.7,0.42,10.41,0.41,10.7,0.59,50.0,0.68,11.9,0.17,0.17,614.955547,1776228217000
1776228219.403,219.403,0.41,50.0,0.32,11.9,0.58,10.41,0.59,10.7,0.42,10.41,0.41,10.7,0.59,50.0,0.68,11.9,0.17,0.17,614.955646,1776228218000
1776228219.926,219.926,0.41,50.0,0.32,11.9,0.58,10.41,0.59,10.7,0.42,10.41,0.41,10.7,0.59,50.0,0.68,11.9,0.17,0.17,614.955646,1776228219000
1776228220.958,220.958,0.41,50.0,0.32,11.9,0.58,10.41,0.59,10.7,0.42,10.41,0.41,10.7,0.59,50.0,0.68,11.9,0.17,0.17,614.951,1776228220000
1776228222.03,222.03,0.41,50.0,0.32,11.9,0.58,10.41,0.59,10.7,0.42,10.41,0.41,10.7,0.59,50.0,0.68,11.9,0.17,0.17,614.95,1776228221000
1776228223.022,223.022,0.41,50.0,0.32,11.9,0.58,10.41,0.59,10.7,0.42,10.41,0.41,10.7,0.59,50.0,0.68,11.9,0.17,0.17,614.949135,1776228222000
1776228223.968,223.968,0.41,50.0,0.32,11.9,0.58,10.41,0.59,10.7,0.42,10.41,0.41,10.7,0.59,50.0,0.68,11.9,0.17,0.17,614.949135,1776228223000
1776228225.046,225.046,0.41,50.0,0.32,11.9,0.58,10.41,0.59,10.7,0.42,10.41,0.41,10.7,0.59,50.0,0.68,11.9,0.17,0.17,614.950068,1776228224000
1776228226.168,226.168,0.41,50.0,0.32,11.9,0.58,10.41,0.59,10.7,0.42,10.41,0.41,10.7,0.59,50.0,0.68,11.9,0.17,0.17,614.949957,1776228225000
1776228227.276,227.276,0.41,50.0,0.32,11.9,0.58,10.41,0.59,10.7,0.42,10.41,0.41,10.7,0.59,50.0,0.68,11.9,0.17,0.17,614.956558,1776228226000
1776228228.345,228.345,0.41,50.0,0.32,11.9,0.58,10.41,0.59,10.7,0.42,10.41,0.41,10.7,0.59,50.0,0.68,11.9,0.17,0.17,615.024,1776228227000
1776228228.966,228.966,0.41,50.0,0.32,11.9,0.58,10.41,0.59,10.7,0.42,10.41,0.41,10.7,0.59,50.0,0.68,11.9,0.17,0.17,615.041,1776228228000
1776228230.091,230.091,0.41,50.0,0.32,11.9,0.58,10.41,0.59,10.7,0.42,10.41,0.41,10.7,0.59,50.0,0.68,11.9,0.17,0.17,615.049,1776228229000
1776228231.122,231.122,0.41,50.0,0.32,11.9,0.58,10.41,0.59,10.7,0.42,10.41,0.41,10.7,0.59,50.0,0.68,11.9,0.17,0.17,615.054,1776228230000
1776228232.197,232.197,0.41,50.0,0.32,11.9,0.58,10.41,0.59,10.7,0.42,10.41,0.41,10.7,0.59,50.0,0.68,11.9,0.17,0.17,615.053,1776228231000
1776228233.429,233.429,0.41,50.0,0.32,11.9,0.58,10.41,0.59,10.7,0.42,10.41,0.41,10.7,0.59,50.0,0.68,11.9,0.17,0.17,615.050109,1776228232000
1776228234.502,234.502,0.41,50.0,0.32,11.9,0.58,10.41,0.59,10.7,0.42,10.41,0.41,10.7,0.59,50.0,0.68,11.9,0.17,0.17,615.050107,1776228233000
1776228235.086,235.086,0.41,50.0,0.32,11.9,0.58,10.41,0.59,10.7,0.42,10.41,0.41,10.7,0.59,50.0,0.68,11.9,0.17,0.17,615.050107,1776228234000
1776228236.171,236.171,0.41,50.0,0.32,11.9,0.58,10.41,0.59,10.7,0.42,10.41,0.41,10.7,0.59,50.0,0.68,11.9,0.17,0.17,615.06,1776228235000
1776228237.258,237.258,0.41,50.0,0.32,11.9,0.58,10.41,0.59,10.7,0.42,10.41,0.41,10.7,0.59,50.0,0.68,11.9,0.17,0.17,615.06,1776228236000
1776228238.36,238.36,0.41,50.0,0.32,11.9,0.58,10.41,0.59,10.7,0.42,10.41,0.41,10.7,0.59,50.0,0.68,11.9,0.17,0.17,615.058646,1776228237000
1776228239.154,239.154,0.41,50.0,0.32,11.9,0.58,10.41,0.59,10.7,0.42,10.41,0.41,10.7,0.59,50.0,0.68,11.9,0.17,0.17,615.058376,1776228238000
1776228240.595,240.595,0.78,15.2,0.77,14.7,0.91,57.8,0.92,35.29,0.42,10.41,0.41,10.7,0.59,50.0,0.68,11.9,0.13,0.17,615.058376,1776228238000
1776228241.511,241.511,0.78,15.2,0.77,14.7,0.91,57.8,0.92,35.29,0.09,57.8,0.08,35.29,0.22,15.2,0.23,14.7,0.13,0.13,615.057,1776228240000
1776228242.492,242.492,0.78,15.2,0.77,14.7,0.91,57.8,0.92,35.29,0.09,57.8,0.08,35.29,0.22,15.2,0.23,14.7,0.13,0.13,615.058,1776228241000
1776228243.246,243.246,0.78,15.2,0.77,14.7,0.91,57.8,0.92,35.29,0.09,57.8,0.08,35.29,0.22,15.2,0.23,14.7,0.13,0.13,615.058,1776228242000
1776228244.338,244.338,0.78,15.2,0.77,14.7,0.91,57.8,0.92,35.29,0.09,57.8,0.08,35.29,0.22,15.2,0.23,14.7,0.13,0.13,615.053314,1776228243000
1776228245.599,245.599,0.78,15.2,0.77,14.7,0.91,57.8,0.92,35.29,0.09,57.8,0.08,35.29,0.22,15.2,0.23,14.7,0.13,0.13,615.051865,1776228244000
1776228247.197,247.197,0.78,15.2,0.77,14.7,0.91,57.8,0.92,35.29,0.09,57.8,0.08,35.29,0.22,15.2,0.23,14.7,0.13,0.13,615.05174,1776228245000
1776228248.372,248.372,0.78,15.2,0.77,14.7,0.91,57.8,0.92,35.29,0.09,57.8,0.08,35.29,0.22,15.2,0.23,14.7,0.13,0.13,615.051848,1776228246000
1776228249.245,249.245,0.78,15.2,0.77,14.7,0.91,57.8,0.92,35.29,0.09,57.8,0.08,35.29,0.22,15.2,0.23,14.7,0.13,0.13,615.058134,1776228247000
1776228250.27,250.27,0.78,15.2,0.77,14.7,0.91,57.8,0.92,35.29,0.09,57.8,0.08,35.29,0.22,15.2,0.23,14.7,0.13,0.13,615.058004,1776228248000
1776228250.983,250.983,0.78,15.2,0.77,14.7,0.91,57.8,0.92,35.29,0.09,57.8,0.08,35.29,0.22,15.2,0.23,14.7,0.13,0.13,615.058001,1776228249000
1776228251.832,251.832,0.78,15.2,0.77,14.7,0.91,57.8,0.92,35.29,0.09,57.8,0.08,35.29,0.22,15.2,0.23,14.7,0.13,0.13,615.058001,1776228250000
1776228252.645,252.645,0.78,15.2,0.77,14.7,0.91,57.8,0.92,35.29,0.09,57.8,0.08,35.29,0.22,15.2,0.23,14.7,0.13,0.13,615.058001,1776228251000
1776228253.579,253.579,0.78,15.2,0.77,14.7,0.91,57.8,0.92,35.29,0.09,57.8,0.08,35.29,0.22,15.2,0.23,14.7,0.13,0.13,615.055517,1776228252000
1776228254.65,254.65,0.78,15.2,0.77,14.7,0.91,57.8,0.92,35.29,0.09,57.8,0.08,35.29,0.22,15.2,0.23,14.7,0.13,0.13,615.05599,1776228253000
1776228254.979,254.979,0.83,18.39,0.82,17.6,0.94,26.1,0.95,54.7,0.09,57.8,0.08,35.29,0.22,15.2,0.23,14.7,0.11,0.13,615.05599,1776228253000
1776228255.572,255.572,0.83,18.39,0.82,17.6,0.94,26.1,0.95,54.7,0.06,26.1,0.05,54.7,0.17,18.39,0.18,17.6,0.11,0.11,615.056022,1776228254000
1776228256.294,256.294,0.83,18.39,0.82,17.6,0.94,26.1,0.95,54.7,0.06,26.1,0.05,54.7,0.17,18.39,0.18,17.6,0.11,0.11,615.056067,1776228255000
1776228257.637,257.637,0.83,18.39,0.82,17.6,0.94,26.1,0.95,54.7,0.06,26.1,0.05,54.7,0.17,18.39,0.18,17.6,0.11,0.11,615.056996,1776228256000
1776228258.513,258.513,0.83,18.39,0.82,17.6,0.94,26.1,0.95,54.7,0.06,26.1,0.05,54.7,0.17,18.39,0.18,17.6,0.11,0.11,615.057098,1776228257000
1776228259.099,259.099,0.83,18.39,0.82,17.6,0.94,26.1,0.95,54.7,0.06,26.1,0.05,54.7,0.17,18.39,0.18,17.6,0.11,0.11,615.057203,1776228258000
1776228260.581,260.581,0.83,18.39,0.82,17.6,0.94,26.1,0.95,54.7,0.06,26.1,0.05,54.7,0.17,18.39,0.18,17.6,0.11,0.11,615.086,1776228259000
1776228261.279,261.279,0.91,31.7,0.9,28.9,0.98,142.69,0.99,5707.6,0.06,26.1,0.05,54.7,0.17,18.39,0.18,17.6,0.07,0.11,615.086,1776228259000
1776228261.941,261.941,0.91,31.7,0.9,28.9,0.98,142.69,0.99,5707.6,0.02,142.69,0.01,5707.6,0.09,31.7,0.1,28.9,0.07,0.07,615.101369,1776228260000
1776228262.687,262.687,0.91,31.7,0.9,28.9,0.98,142.69,0.99,5707.6,0.02,142.69,0.01,5707.6,0.09,31.7,0.1,28.9,0.07,0.07,615.108,1776228261000
1776228263.506,263.506,0.91,31.7,0.9,28.9,0.98,142.69,0.99,5707.6,0.02,142.69,0.01,5707.6,0.09,31.7,0.1,28.9,0.07,0.07,615.106379,1776228262000
1776228264.482,264.482,0.91,31.7,0.9,28.9,0.98,142.69,0.99,5707.6,0.02,142.69,0.01,5707.6,0.09,31.7,0.1,28.9,0.07,0.07,615.100199,1776228263000
1776228265.041,265.041,0.91,31.7,0.9,28.9,0.98,142.69,0.99,5707.6,0.02,142.69,0.01,5707.6,0.09,31.7,0.1,28.9,0.07,0.07,615.106,1776228264000
1776228266.345,266.345,0.91,31.7,0.9,28.9,0.98,142.69,0.99,5707.6,0.02,142.69,0.01,5707.6,0.09,31.7,0.1,28.9,0.07,0.07,615.09814,1776228265000
1776228267.896,267.896,0.91,31.7,0.9,28.9,0.98,142.69,0.99,5707.6,0.02,142.69,0.01,5707.6,0.09,31.7,0.1,28.9,0.07,0.07,615.103946,1776228266000
1776228268.759,268.759,0.91,31.7,0.9,28.9,0.98,142.69,0.99,5707.6,0.02,142.69,0.01,5707.6,0.09,31.7,0.1,28.9,0.07,0.07,615.110028,1776228267000
1776228269.408,269.408,0.91,31.7,0.9,28.9,0.98,142.69,0.99,5707.6,0.02,142.69,0.01,5707.6,0.09,31.7,0.1,28.9,0.07,0.07,615.110106,1776228268000
1776228270.098,270.098,0.91,31.7,0.9,28.9,0.98,142.69,0.99,5707.6,0.02,142.69,0.01,5707.6,0.09,31.7,0.1,28.9,0.07,0.07,615.110234,1776228269000
1776228271.752,271.752,0.91,31.7,0.9,28.9,0.98,142.69,0.99,5707.6,0.02,142.69,0.01,5707.6,0.09,31.7,0.1,28.9,0.07,0.07,615.134223,1776228270000
1776228272.386,272.386,0.91,31.7,0.9,28.9,0.98,142.69,0.99,5707.6,0.02,142.69,0.01,5707.6,0.09,31.7,0.1,28.9,0.07,0.07,615.134223,1776228271000
1776228273.2,273.2,0.91,31.7,0.9,28.9,0.98,142.69,0.99,5707.6,0.02,142.69,0.01,5707.6,0.09,31.7,0.1,28.9,0.07,0.07,615.1265,1776228272000
1776228274.437,274.437,0.91,31.7,0.9,28.9,0.98,142.69,0.99,5707.6,0.02,142.69,0.01,5707.6,0.09,31.7,0.1,28.9,0.07,0.07,615.126462,1776228273000
1776228275.029,275.029,0.91,31.7,0.9,28.9,0.98,142.69,0.99,5707.6,0.02,142.69,0.01,5707.6,0.09,31.7,0.1,28.9,0.07,0.07,615.126462,1776228274000
1776228276.205,276.205,0.91,31.7,0.9,28.9,0.98,142.69,0.99,5707.6,0.02,142.69,0.01,5707.6,0.09,31.7,0.1,28.9,0.07,0.07,615.126508,1776228275000
1776228277.423,277.423,0.91,31.7,0.9,28.9,0.98,142.69,0.99,5707.6,0.02,142.69,0.01,5707.6,0.09,31.7,0.1,28.9,0.07,0.07,615.137478,1776228276000
1776228278.051,278.051,0.91,31.7,0.9,28.9,0.98,142.69,0.99,5707.6,0.02,142.69,0.01,5707.6,0.09,31.7,0.1,28.9,0.07,0.07,615.137478,1776228277000
1776228279.377,279.377,0.91,31.7,0.9,28.9,0.98,142.69,0.99,5707.6,0.02,142.69,0.01,5707.6,0.09,31.7,0.1,28.9,0.07,0.07,615.13826,1776228278000
1776228279.881,279.881,0.91,31.7,0.9,28.9,0.98,142.69,0.99,5707.6,0.02,142.69,0.01,5707.6,0.09,31.7,0.1,28.9,0.07,0.07,615.138396,1776228279000
1776228281.121,281.121,0.91,31.7,0.9,28.9,0.98,142.69,0.99,5707.6,0.02,142.69,0.01,5707.6,0.09,31.7,0.1,28.9,0.07,0.07,615.131673,1776228280000
1776228282.825,282.825,0.91,31.7,0.9,28.9,0.98,142.69,0.99,5707.6,0.02,142.69,0.01,5707.6,0.09,31.7,0.1,28.9,0.07,0.07,615.131718,1776228281000
1776228283.562,283.562,0.91,31.7,0.9,28.9,0.98,142.69,0.99,5707.6,0.02,142.69,0.01,5707.6,0.09,31.7,0.1,28.9,0.07,0.07,615.131757,1776228282000
1776228284.47,284.47,0.91,31.7,0.9,28.9,0.98,142.69,0.99,5707.6,0.02,142.69,0.01,5707.6,0.09,31.7,0.1,28.9,0.07,0.07,615.132147,1776228283000
1776228285.246,285.246,0.91,31.7,0.9,28.9,0.98,142.69,0.99,5707.6,0.02,142.69,0.01,5707.6,0.09,31.7,0.1,28.9,0.07,0.07,615.133299,1776228284000
1776228285.504,285.504,0.97,10.0,0.81,50.0,0.98,0.4,0.99,445.0,0.02,142.69,0.01,5707.6,0.09,31.7,0.1,28.9,0.01,0.07,615.133299,1776228284000
1776228286.638,286.638,0.97,10.0,0.81,50.0,0.98,0.4,0.99,445.0,0.02,0.4,0.01,445.0,0.03,10.0,0.19,50.0,0.01,0.01,615.133111,1776228285000
1776228287.422,287.422,0.97,10.0,0.81,50.0,0.98,0.4,0.99,445.0,0.02,0.4,0.01,445.0,0.03,10.0,0.19,50.0,0.01,0.01,615.133098,1776228286000
1776228288.256,288.256,0.97,10.0,0.81,50.0,0.98,0.4,0.99,445.0,0.02,0.4,0.01,445.0,0.03,10.0,0.19,50.0,0.01,0.01,615.131946,1776228287000
1776228289.711,289.711,0.97,10.0,0.81,50.0,0.98,0.4,0.99,445.0,0.02,0.4,0.01,445.0,0.03,10.0,0.19,50.0,0.01,0.01,615.129387,1776228288000
1776228290.418,290.418,0.97,10.0,0.81,50.0,0.98,0.4,0.99,445.0,0.02,0.4,0.01,445.0,0.03,10.0,0.19,50.0,0.01,0.01,615.130537,1776228289000
1776228291.161,291.161,0.97,10.0,0.81,50.0,0.98,0.4,0.99,445.0,0.02,0.4,0.01,445.0,0.03,10.0,0.19,50.0,0.01,0.01,615.13055,1776228290000
1776228292.536,292.536,0.97,20.16,0.81,50.0,0.99,242.56,,,0.02,0.4,0.01,445.0,0.03,10.0,0.19,50.0,0.02,0.01,615.13055,1776228290000
1776228292.772,292.772,0.97,20.16,0.81,50.0,0.99,228.56,,,0.01,236.56,,,0.03,20.16,0.19,50.0,0.02,0.02,615.130486,1776228291000
1776228293.153,293.153,0.97,20.16,0.81,50.0,0.99,203.3,,,0.01,223.51,,,0.03,20.16,0.19,50.0,0.02,0.02,615.130486,1776228291000
1776228293.498,293.498,0.97,15.16,0.81,50.0,0.99,186.59,,,0.01,203.3,,,0.03,20.16,0.19,50.0,0.02,0.02,615.132331,1776228292000
1776228294.028,294.028,0.97,15.16,0.81,50.0,0.99,186.59,,,0.01,186.59,,,0.03,15.16,0.19,50.0,0.02,0.02,615.132286,1776228293000
1776228294.468,294.468,0.97,20.16,0.81,50.0,0.99,65.57,,,0.01,186.59,,,0.03,15.16,0.19,50.0,0.02,0.02,615.132286,1776228293000
1776228295.321,295.321,0.97,20.16,0.92,10.0,0.99,64.55,,,0.01,65.57,,,0.03,20.16,0.19,50.0,0.02,0.02,615.132286,1776228293000
1776228295.528,295.528,0.97,20.16,0.92,10.0,0.99,64.55,,,0.01,64.55,,,0.03,20.16,0.08,10.0,0.02,0.02,615.132142,1776228294000
1776228296.291,296.291,0.97,20.16,0.92,10.0,0.99,64.55,,,0.01,64.55,,,0.03,20.16,0.08,10.0,0.02,0.02,615.130952,1776228295000
1776228296.701,296.701,0.98,83.88,0.97,15.16,0.99,61.44,,,0.01,63.44,,,0.02,83.88,0.03,15.16,0.01,0.01,615.130952,1776228295000
1776228297.053,297.053,0.98,83.88,0.97,15.16,0.99,61.44,,,0.01,61.44,,,0.02,83.88,0.03,15.16,0.01,0.01,615.140262,1776228296000
1776228297.326,297.326,0.98,83.88,0.97,15.16,0.99,46.7,,,0.01,61.44,,,0.02,83.88,0.03,15.16,0.01,0.01,615.140262,1776228296000
1776228298.43,298.43,0.98,83.88,0.97,10.16,,,,,,,,,0.02,83.88,0.03,10.16,,,615.044821,1776228297000
1776228299.073,299.073,0.98,83.88,0.97,10.16,,,,,,,,,0.02,83.88,0.03,10.16,,,615.025193,1776228298000
1776228300.287,300.287,0.98,83.88,0.97,10.16,,,,,,,,,0.02,83.88,0.03,10.16,,,614.980645,1776228299000
1776228300.919,300.919,0.98,83.88,0.97,10.16,,,,,,,,,0.02,83.88,0.03,10.16,,,614.981295,1776228300000

# RESULT,winner=Up,slug=bnb-updown-5m-1776228000,ticks=324
