timestamp,elapsed_sec,up_bid_p1,up_bid_s1,up_bid_p2,up_bid_s2,up_ask_p1,up_ask_s1,up_ask_p2,up_ask_s2,down_bid_p1,down_bid_s1,down_bid_p2,down_bid_s2,down_ask_p1,down_ask_s1,down_ask_p2,down_ask_s2,up_spread,down_spread,bnb_price,bnb_oracle_ts
1776233101.447,1.447,0.51,5.0,0.33,300.0,0.67,300.0,0.69,375.0,0.33,300.0,0.31,375.0,0.49,5.0,0.67,300.0,0.16,0.16,613.282,1776233100000
1776233101.76,1.76,0.51,5.0,0.33,300.0,0.66,6.0,0.67,300.0,0.33,300.0,0.31,375.0,0.49,5.0,0.67,300.0,0.15,0.16,613.282,1776233100000
1776233102.046,2.046,0.51,5.0,0.33,300.0,0.66,6.0,0.67,300.0,0.34,6.0,0.33,300.0,0.49,5.0,0.67,300.0,0.15,0.15,613.29,1776233101000
1776233103.084,3.084,0.51,5.0,0.33,300.0,0.66,6.0,0.67,300.0,0.34,6.0,0.33,300.0,0.49,5.0,0.67,300.0,0.15,0.15,613.295,1776233102000
1776233104.173,4.173,0.51,5.0,0.33,300.0,0.66,6.0,0.67,300.0,0.34,6.0,0.33,300.0,0.49,5.0,0.67,300.0,0.15,0.15,613.302,1776233103000
1776233105.137,5.137,0.51,5.0,0.33,300.0,0.66,6.0,0.67,300.0,0.34,6.0,0.33,300.0,0.49,5.0,0.67,300.0,0.15,0.15,613.32681,1776233104000
1776233106.288,6.288,0.51,5.0,0.33,300.0,0.66,6.0,0.67,300.0,0.34,6.0,0.33,300.0,0.49,5.0,0.67,300.0,0.15,0.15,613.32681,1776233105000
1776233107.195,7.195,0.51,5.0,0.33,300.0,0.66,6.0,0.67,300.0,0.34,6.0,0.33,300.0,0.49,5.0,0.67,300.0,0.15,0.15,613.331,1776233106000
1776233108.143,8.143,0.51,5.0,0.33,300.0,0.66,6.0,0.67,300.0,0.34,6.0,0.33,300.0,0.49,5.0,0.67,300.0,0.15,0.15,613.32129,1776233107000
1776233109.166,9.166,0.51,5.0,0.33,300.0,0.66,6.0,0.67,300.0,0.34,6.0,0.33,300.0,0.49,5.0,0.67,300.0,0.15,0.15,613.3207,1776233108000
1776233110.145,10.145,0.51,5.0,0.33,300.0,0.66,6.0,0.67,300.0,0.34,6.0,0.33,300.0,0.49,5.0,0.67,300.0,0.15,0.15,613.3205,1776233109000
1776233111.213,11.213,0.51,5.0,0.33,300.0,0.66,6.0,0.67,300.0,0.34,6.0,0.33,300.0,0.49,5.0,0.67,300.0,0.15,0.15,613.32817,1776233110000
1776233112.162,12.162,0.51,5.0,0.33,300.0,0.66,6.0,0.67,300.0,0.34,6.0,0.33,300.0,0.49,5.0,0.67,300.0,0.15,0.15,613.324,1776233111000
1776233113.163,13.163,0.51,5.0,0.33,300.0,0.66,6.0,0.67,300.0,0.34,6.0,0.33,300.0,0.49,5.0,0.67,300.0,0.15,0.15,613.321,1776233112000
1776233114.106,14.106,0.51,5.0,0.33,300.0,0.66,6.0,0.67,300.0,0.34,6.0,0.33,300.0,0.49,5.0,0.67,300.0,0.15,0.15,613.321,1776233113000
1776233115.066,15.066,0.51,5.0,0.33,300.0,0.66,6.0,0.67,300.0,0.34,6.0,0.33,300.0,0.49,5.0,0.67,300.0,0.15,0.15,613.32,1776233114000
1776233116.093,16.093,0.51,5.0,0.33,300.0,0.66,6.0,0.67,300.0,0.34,6.0,0.33,300.0,0.49,5.0,0.67,300.0,0.15,0.15,613.321,1776233115000
1776233117.199,17.199,0.51,5.0,0.33,300.0,0.66,6.0,0.67,300.0,0.34,6.0,0.33,300.0,0.49,5.0,0.67,300.0,0.15,0.15,613.351,1776233116000
1776233118.149,18.149,0.51,5.0,0.33,300.0,0.66,6.0,0.67,300.0,0.34,6.0,0.33,300.0,0.49,5.0,0.67,300.0,0.15,0.15,613.382694,1776233117000
1776233119.202,19.202,0.51,5.0,0.33,300.0,0.66,6.0,0.67,300.0,0.34,6.0,0.33,300.0,0.49,5.0,0.67,300.0,0.15,0.15,613.36512,1776233118000
1776233120.244,20.244,0.51,5.0,0.33,300.0,0.66,6.0,0.67,300.0,0.34,6.0,0.33,300.0,0.49,5.0,0.67,300.0,0.15,0.15,613.36866,1776233119000
1776233121.087,21.087,0.51,5.0,0.33,300.0,0.66,6.0,0.67,300.0,0.34,6.0,0.33,300.0,0.49,5.0,0.67,300.0,0.15,0.15,613.36916,1776233120000
1776233122.073,22.073,0.51,5.0,0.33,300.0,0.66,6.0,0.67,300.0,0.34,6.0,0.33,300.0,0.49,5.0,0.67,300.0,0.15,0.15,613.36701,1776233121000
1776233123.114,23.114,0.51,5.0,0.33,300.0,0.66,6.0,0.67,300.0,0.34,6.0,0.33,300.0,0.49,5.0,0.67,300.0,0.15,0.15,613.36699,1776233122000
1776233124.186,24.186,0.51,5.0,0.33,300.0,0.66,6.0,0.67,300.0,0.34,6.0,0.33,300.0,0.49,5.0,0.67,300.0,0.15,0.15,613.36662,1776233123000
1776233125.368,25.368,0.51,5.0,0.33,300.0,0.66,6.0,0.67,300.0,0.34,6.0,0.33,300.0,0.49,5.0,0.67,300.0,0.15,0.15,613.37373,1776233124000
1776233126.388,26.388,0.51,5.0,0.33,300.0,0.66,6.0,0.67,300.0,0.34,6.0,0.33,300.0,0.49,5.0,0.67,300.0,0.15,0.15,613.38863,1776233125000
1776233126.898,26.898,0.51,5.0,0.33,300.0,0.66,6.0,0.67,300.0,0.34,6.0,0.33,300.0,0.49,5.0,0.67,300.0,0.15,0.15,613.38863,1776233126000
1776233127.925,27.925,0.51,5.0,0.33,300.0,0.66,6.0,0.67,300.0,0.34,6.0,0.33,300.0,0.49,5.0,0.67,300.0,0.15,0.15,613.399,1776233127000
1776233128.893,28.893,0.51,5.0,0.33,300.0,0.66,6.0,0.67,300.0,0.34,6.0,0.33,300.0,0.49,5.0,0.67,300.0,0.15,0.15,613.401,1776233128000
1776233129.294,29.294,0.63,5.0,0.61,5.0,0.7,1.0,0.72,10.0,0.34,6.0,0.33,300.0,0.49,5.0,0.67,300.0,0.07,0.15,613.401,1776233128000
1776233129.63,29.63,0.69,5.0,0.51,50.0,0.79,5.0,0.8,5.0,0.3,1.0,0.28,10.0,0.37,5.0,0.39,5.0,0.1,0.07,613.401,1776233128000
1776233130.714,30.714,0.69,5.0,0.51,50.0,0.79,5.0,0.8,5.0,0.21,5.0,0.2,5.0,0.31,5.0,0.49,50.0,0.1,0.1,613.491,1776233129000
1776233131.264,31.264,0.69,5.0,0.51,50.0,0.79,5.0,0.8,5.0,0.21,5.0,0.2,5.0,0.31,5.0,0.49,50.0,0.1,0.1,613.48,1776233130000
1776233132.516,32.516,0.69,5.0,0.51,50.0,0.79,5.0,0.8,5.0,0.21,5.0,0.2,5.0,0.31,5.0,0.49,50.0,0.1,0.1,613.499,1776233131000
1776233133.089,33.089,0.69,5.0,0.51,50.0,0.79,5.0,0.8,5.0,0.21,5.0,0.2,5.0,0.31,5.0,0.49,50.0,0.1,0.1,613.499,1776233132000
1776233134.19,34.19,0.69,5.0,0.51,50.0,0.79,5.0,0.8,5.0,0.21,5.0,0.2,5.0,0.31,5.0,0.49,50.0,0.1,0.1,613.522,1776233133000
1776233135.263,35.263,0.69,5.0,0.51,50.0,0.79,5.0,0.8,5.0,0.21,5.0,0.2,5.0,0.31,5.0,0.49,50.0,0.1,0.1,613.535,1776233134000
1776233136.34,36.34,0.69,5.0,0.51,50.0,0.79,5.0,0.8,5.0,0.21,5.0,0.2,5.0,0.31,5.0,0.49,50.0,0.1,0.1,613.536,1776233135000
1776233136.944,36.944,0.69,5.0,0.51,50.0,0.79,5.0,0.8,5.0,0.21,5.0,0.2,5.0,0.31,5.0,0.49,50.0,0.1,0.1,613.536,1776233136000
1776233138.05,38.05,0.69,5.0,0.51,50.0,0.79,5.0,0.8,5.0,0.21,5.0,0.2,5.0,0.31,5.0,0.49,50.0,0.1,0.1,613.537,1776233137000
1776233139.078,39.078,0.69,5.0,0.51,50.0,0.79,5.0,0.8,5.0,0.21,5.0,0.2,5.0,0.31,5.0,0.49,50.0,0.1,0.1,613.550073,1776233138000
1776233140.169,40.169,0.69,5.0,0.51,50.0,0.79,5.0,0.8,5.0,0.21,5.0,0.2,5.0,0.31,5.0,0.49,50.0,0.1,0.1,613.517262,1776233139000
1776233141.272,41.272,0.69,5.0,0.51,50.0,0.79,5.0,0.8,5.0,0.21,5.0,0.2,5.0,0.31,5.0,0.49,50.0,0.1,0.1,613.550144,1776233140000
1776233142.226,42.226,0.69,5.0,0.51,50.0,0.79,5.0,0.8,5.0,0.21,5.0,0.2,5.0,0.31,5.0,0.49,50.0,0.1,0.1,613.557,1776233141000
1776233143.306,43.306,0.69,5.0,0.51,50.0,0.79,5.0,0.8,5.0,0.21,5.0,0.2,5.0,0.31,5.0,0.49,50.0,0.1,0.1,613.528,1776233142000
1776233144.325,44.325,0.69,5.0,0.51,50.0,0.79,5.0,0.8,5.0,0.21,5.0,0.2,5.0,0.31,5.0,0.49,50.0,0.1,0.1,613.532,1776233143000
1776233145.193,45.193,0.69,5.0,0.51,50.0,0.79,5.0,0.8,5.0,0.21,5.0,0.2,5.0,0.31,5.0,0.49,50.0,0.1,0.1,613.546,1776233144000
1776233146.201,46.201,0.69,5.0,0.51,50.0,0.79,5.0,0.8,5.0,0.21,5.0,0.2,5.0,0.31,5.0,0.49,50.0,0.1,0.1,613.529954,1776233145000
1776233147.202,47.202,0.69,5.0,0.51,50.0,0.79,5.0,0.8,5.0,0.21,5.0,0.2,5.0,0.31,5.0,0.49,50.0,0.1,0.1,613.52921,1776233146000
1776233148.201,48.201,0.69,5.0,0.51,50.0,0.79,5.0,0.8,5.0,0.21,5.0,0.2,5.0,0.31,5.0,0.49,50.0,0.1,0.1,613.53753,1776233147000
1776233148.7,48.7,0.72,5.0,0.63,5.0,0.8,16.2,0.81,66.89,0.21,5.0,0.2,5.0,0.31,5.0,0.49,50.0,0.08,0.1,613.53753,1776233147000
1776233149.21,49.21,0.72,5.0,0.63,5.0,0.8,16.2,0.81,66.89,0.2,16.2,0.19,66.89,0.28,5.0,0.37,5.0,0.08,0.08,613.53863,1776233148000
1776233150.24,50.24,0.72,5.0,0.63,5.0,0.8,16.2,0.81,66.89,0.2,16.2,0.19,66.89,0.28,5.0,0.37,5.0,0.08,0.08,613.539,1776233149000
1776233151.139,51.139,0.72,5.0,0.63,5.0,0.8,16.2,0.81,66.89,0.2,16.2,0.19,66.89,0.28,5.0,0.37,5.0,0.08,0.08,613.539,1776233150000
1776233152.185,52.185,0.72,5.0,0.63,5.0,0.8,16.2,0.81,66.89,0.2,16.2,0.19,66.89,0.28,5.0,0.37,5.0,0.08,0.08,613.53596,1776233151000
1776233153.174,53.174,0.72,5.0,0.63,5.0,0.8,16.2,0.81,66.89,0.2,16.2,0.19,66.89,0.28,5.0,0.37,5.0,0.08,0.08,613.538025,1776233152000
1776233154.155,54.155,0.72,5.0,0.63,5.0,0.8,16.2,0.81,66.89,0.2,16.2,0.19,66.89,0.28,5.0,0.37,5.0,0.08,0.08,613.53565,1776233153000
1776233155.094,55.094,0.72,5.0,0.63,5.0,0.8,16.2,0.81,66.89,0.2,16.2,0.19,66.89,0.28,5.0,0.37,5.0,0.08,0.08,613.53816,1776233154000
1776233156.088,56.088,0.72,5.0,0.63,5.0,0.8,16.2,0.81,66.89,0.2,16.2,0.19,66.89,0.28,5.0,0.37,5.0,0.08,0.08,613.5372,1776233155000
1776233157.246,57.246,0.72,5.0,0.63,5.0,0.8,16.2,0.81,66.89,0.2,16.2,0.19,66.89,0.28,5.0,0.37,5.0,0.08,0.08,613.53696,1776233156000
1776233159.341,59.341,0.72,5.0,0.63,5.0,0.8,16.2,0.81,66.89,0.2,16.2,0.19,66.89,0.28,5.0,0.37,5.0,0.08,0.08,613.53726,1776233158000
1776233160.012,60.012,0.72,5.0,0.63,5.0,0.8,16.2,0.81,66.89,0.2,16.2,0.19,66.89,0.28,5.0,0.37,5.0,0.08,0.08,613.53722,1776233159000
1776233161.915,61.915,0.72,5.0,0.63,5.0,0.8,16.2,0.81,66.89,0.2,16.2,0.19,66.89,0.28,5.0,0.37,5.0,0.08,0.08,613.52775,1776233160000
1776233162.501,62.501,0.72,5.0,0.63,5.0,0.8,16.2,0.81,66.89,0.2,16.2,0.19,66.89,0.28,5.0,0.37,5.0,0.08,0.08,613.53296,1776233161000
1776233163.288,63.288,0.72,5.0,0.68,5.0,0.8,0.82,0.81,66.89,0.2,0.82,0.19,66.89,0.28,5.0,0.32,5.0,0.08,0.08,613.53271,1776233162000
1776233164.031,64.031,0.72,5.0,0.68,5.0,0.8,0.82,0.81,66.89,0.2,0.82,0.19,66.89,0.28,5.0,0.32,5.0,0.08,0.08,613.53307,1776233163000
1776233165.453,65.453,0.72,5.0,0.68,5.0,0.8,0.82,0.81,66.89,0.2,0.82,0.19,66.89,0.28,5.0,0.32,5.0,0.08,0.08,613.54056,1776233164000
1776233166.173,66.173,0.72,5.0,0.68,5.0,0.8,0.82,0.81,66.89,0.2,0.82,0.19,66.89,0.28,5.0,0.32,5.0,0.08,0.08,613.54198,1776233165000
1776233166.703,66.703,0.72,5.0,0.68,5.0,0.81,66.46,0.82,17.6,0.2,0.82,0.19,66.89,0.28,5.0,0.32,5.0,0.09,0.08,613.54198,1776233165000
1776233167.622,67.622,0.72,5.0,0.68,5.0,0.81,66.46,0.82,17.6,0.19,66.46,0.18,17.6,0.28,5.0,0.32,5.0,0.09,0.09,613.54,1776233166000
1776233168.202,68.202,0.72,5.0,0.68,5.0,0.81,66.46,0.82,17.6,0.19,66.46,0.18,17.6,0.28,5.0,0.32,5.0,0.09,0.09,613.540176,1776233167000
1776233169.675,69.675,0.72,5.0,0.68,5.0,0.81,66.46,0.82,17.6,0.19,66.46,0.18,17.6,0.28,5.0,0.32,5.0,0.09,0.09,613.534,1776233168000
1776233170.283,70.283,0.72,5.0,0.68,5.0,0.81,66.46,0.82,17.6,0.19,66.46,0.18,17.6,0.28,5.0,0.32,5.0,0.09,0.09,613.534,1776233169000
1776233171.669,71.669,0.72,5.0,0.68,5.0,0.81,66.46,0.82,17.6,0.19,66.46,0.18,17.6,0.28,5.0,0.32,5.0,0.09,0.09,613.534,1776233170000
1776233172.325,72.325,0.72,5.0,0.68,5.0,0.81,66.46,0.82,17.6,0.19,66.46,0.18,17.6,0.28,5.0,0.32,5.0,0.09,0.09,613.534,1776233171000
1776233173.107,73.107,0.72,5.0,0.68,5.0,0.81,66.46,0.82,17.6,0.19,66.46,0.18,17.6,0.28,5.0,0.32,5.0,0.09,0.09,613.51077,1776233172000
1776233174.434,74.434,0.72,5.0,0.68,5.0,0.81,66.46,0.82,17.6,0.19,66.46,0.18,17.6,0.28,5.0,0.32,5.0,0.09,0.09,613.506357,1776233173000
1776233175.101,75.101,0.72,5.0,0.68,5.0,0.81,66.46,0.82,17.6,0.19,66.46,0.18,17.6,0.28,5.0,0.32,5.0,0.09,0.09,613.506235,1776233174000
1776233176.178,76.178,0.72,5.0,0.68,5.0,0.81,66.46,0.82,17.6,0.19,66.46,0.18,17.6,0.28,5.0,0.32,5.0,0.09,0.09,613.488306,1776233175000
1776233177.131,77.131,0.72,5.0,0.68,5.0,0.81,66.46,0.82,17.6,0.19,66.46,0.18,17.6,0.28,5.0,0.32,5.0,0.09,0.09,613.488306,1776233176000
1776233178.155,78.155,0.72,5.0,0.68,5.0,0.81,66.46,0.82,17.6,0.19,66.46,0.18,17.6,0.28,5.0,0.32,5.0,0.09,0.09,613.483147,1776233177000
1776233179.113,79.113,0.72,5.0,0.68,5.0,0.81,66.46,0.82,17.6,0.19,66.46,0.18,17.6,0.28,5.0,0.32,5.0,0.09,0.09,613.483687,1776233178000
1776233180.149,80.149,0.72,5.0,0.68,5.0,0.81,66.46,0.82,17.6,0.19,66.46,0.18,17.6,0.28,5.0,0.32,5.0,0.09,0.09,613.483662,1776233179000
1776233181.111,81.111,0.72,5.0,0.68,5.0,0.81,66.46,0.82,17.6,0.19,66.46,0.18,17.6,0.28,5.0,0.32,5.0,0.09,0.09,613.483575,1776233180000
1776233182.099,82.099,0.72,5.0,0.68,5.0,0.81,66.46,0.82,17.6,0.19,66.46,0.18,17.6,0.28,5.0,0.32,5.0,0.09,0.09,613.483575,1776233181000
1776233183.036,83.036,0.72,5.0,0.68,5.0,0.81,66.46,0.82,17.6,0.19,66.46,0.18,17.6,0.28,5.0,0.32,5.0,0.09,0.09,613.483952,1776233182000
1776233184.065,84.065,0.72,5.0,0.68,5.0,0.81,66.46,0.82,17.6,0.19,66.46,0.18,17.6,0.28,5.0,0.32,5.0,0.09,0.09,613.481956,1776233183000
1776233185.089,85.089,0.72,5.0,0.68,5.0,0.81,66.46,0.82,17.6,0.19,66.46,0.18,17.6,0.28,5.0,0.32,5.0,0.09,0.09,613.48525,1776233184000
1776233186.03,86.03,0.72,5.0,0.68,5.0,0.81,66.46,0.82,17.6,0.19,66.46,0.18,17.6,0.28,5.0,0.32,5.0,0.09,0.09,613.489916,1776233185000
1776233187.03,87.03,0.72,5.0,0.68,5.0,0.81,66.46,0.82,17.6,0.19,66.46,0.18,17.6,0.28,5.0,0.32,5.0,0.09,0.09,613.489449,1776233186000
1776233188.015,88.015,0.72,5.0,0.68,5.0,0.81,66.46,0.82,17.6,0.19,66.46,0.18,17.6,0.28,5.0,0.32,5.0,0.09,0.09,613.489449,1776233187000
1776233188.255,88.255,0.67,5.0,0.65,6.0,0.76,12.86,0.77,14.7,0.24,14.3,0.23,14.7,0.36,5.0,0.37,5.0,0.09,0.12,613.489449,1776233187000
1776233188.752,88.752,0.68,6.0,0.67,5.0,0.77,1.25,0.78,15.2,0.24,12.86,0.23,14.7,0.33,5.0,0.35,6.0,0.09,0.09,613.489449,1776233187000
1776233189.165,89.165,0.68,6.0,0.67,5.0,0.77,1.25,0.78,15.2,0.23,1.25,0.22,15.2,0.32,6.0,0.33,5.0,0.09,0.09,613.490943,1776233188000
1776233190.227,90.227,0.68,6.0,0.67,5.0,0.77,1.25,0.78,15.2,0.23,1.25,0.22,15.2,0.32,6.0,0.33,5.0,0.09,0.09,613.490396,1776233189000
1776233191.05,91.05,0.68,6.0,0.67,5.0,0.77,1.25,0.78,15.2,0.23,1.25,0.22,15.2,0.32,6.0,0.33,5.0,0.09,0.09,613.490941,1776233190000
1776233192.169,92.169,0.68,6.0,0.67,5.0,0.77,1.25,0.78,15.2,0.23,1.25,0.22,15.2,0.32,6.0,0.33,5.0,0.09,0.09,613.49099,1776233191000
1776233193.55,93.55,0.68,6.0,0.67,5.0,0.77,1.25,0.78,15.2,0.23,1.25,0.22,15.2,0.32,6.0,0.33,5.0,0.09,0.09,613.491033,1776233192000
1776233194.063,94.063,0.68,6.0,0.67,5.0,0.77,1.25,0.78,15.2,0.23,1.25,0.22,15.2,0.32,6.0,0.33,5.0,0.09,0.09,613.492377,1776233193000
1776233195.181,95.181,0.68,6.0,0.67,5.0,0.77,1.25,0.78,15.2,0.23,1.25,0.22,15.2,0.32,6.0,0.33,5.0,0.09,0.09,613.491962,1776233194000
1776233196.313,96.313,0.68,6.0,0.67,5.0,0.77,1.25,0.78,15.2,0.23,1.25,0.22,15.2,0.32,6.0,0.33,5.0,0.09,0.09,613.491198,1776233195000
1776233197.406,97.406,0.68,6.0,0.67,5.0,0.77,1.25,0.78,15.2,0.23,1.25,0.22,15.2,0.32,6.0,0.33,5.0,0.09,0.09,613.491147,1776233196000
1776233197.962,97.962,0.68,6.0,0.67,5.0,0.77,1.25,0.78,15.2,0.23,1.25,0.22,15.2,0.32,6.0,0.33,5.0,0.09,0.09,613.492887,1776233197000
1776233199.17,99.17,0.68,6.0,0.67,5.0,0.77,1.25,0.78,15.2,0.23,1.25,0.22,15.2,0.32,6.0,0.33,5.0,0.09,0.09,613.488794,1776233198000
1776233200.507,100.507,0.68,6.0,0.67,5.0,0.77,1.25,0.78,15.2,0.23,1.25,0.22,15.2,0.32,6.0,0.33,5.0,0.09,0.09,613.491,1776233199000
1776233201.089,101.089,0.68,6.0,0.67,5.0,0.77,1.25,0.78,15.2,0.23,1.25,0.22,15.2,0.32,6.0,0.33,5.0,0.09,0.09,613.491,1776233200000
1776233202.218,102.218,0.68,6.0,0.67,5.0,0.77,1.25,0.78,15.2,0.23,1.25,0.22,15.2,0.32,6.0,0.33,5.0,0.09,0.09,613.51684,1776233201000
1776233203.35,103.35,0.68,6.0,0.67,5.0,0.77,1.25,0.78,15.2,0.23,1.25,0.22,15.2,0.32,6.0,0.33,5.0,0.09,0.09,613.508074,1776233202000
1776233204.371,104.371,0.68,6.0,0.67,5.0,0.77,1.25,0.78,15.2,0.23,1.25,0.22,15.2,0.32,6.0,0.33,5.0,0.09,0.09,613.50986,1776233203000
1776233205.099,105.099,0.68,6.0,0.67,5.0,0.77,1.25,0.78,15.2,0.23,1.25,0.22,15.2,0.32,6.0,0.33,5.0,0.09,0.09,613.50986,1776233204000
1776233206.244,106.244,0.68,6.0,0.67,5.0,0.77,1.25,0.78,15.2,0.23,1.25,0.22,15.2,0.32,6.0,0.33,5.0,0.09,0.09,613.51819,1776233205000
1776233207.733,107.733,0.68,6.0,0.67,5.0,0.77,1.25,0.78,15.2,0.23,1.25,0.22,15.2,0.32,6.0,0.33,5.0,0.09,0.09,613.523,1776233206000
1776233208.245,108.245,0.68,6.0,0.67,5.0,0.77,1.25,0.78,15.2,0.23,1.25,0.22,15.2,0.32,6.0,0.33,5.0,0.09,0.09,613.532,1776233207000
1776233209.353,109.353,0.68,6.0,0.67,5.0,0.77,1.25,0.78,15.2,0.23,1.25,0.22,15.2,0.32,6.0,0.33,5.0,0.09,0.09,613.531,1776233208000
1776233210.223,110.223,0.68,6.0,0.67,5.0,0.77,1.25,0.78,15.2,0.23,1.25,0.22,15.2,0.32,6.0,0.33,5.0,0.09,0.09,613.532334,1776233209000
1776233211.474,111.474,0.68,6.0,0.67,5.0,0.77,1.25,0.78,15.2,0.23,1.25,0.22,15.2,0.32,6.0,0.33,5.0,0.09,0.09,613.567,1776233210000
1776233212.397,112.397,0.68,6.0,0.67,5.0,0.77,1.25,0.78,15.2,0.23,1.25,0.22,15.2,0.32,6.0,0.33,5.0,0.09,0.09,613.567,1776233211000
1776233213.029,113.029,0.68,6.0,0.67,5.0,0.77,1.25,0.78,15.2,0.23,1.25,0.22,15.2,0.32,6.0,0.33,5.0,0.09,0.09,613.555,1776233212000
1776233214.115,114.115,0.76,6.0,0.75,20.61,0.88,28.19,0.89,26.6,0.23,1.25,0.22,15.2,0.32,6.0,0.33,5.0,0.12,0.09,613.555,1776233212000
1776233214.544,114.544,0.76,6.0,0.75,20.61,0.88,28.19,0.89,26.6,0.12,28.19,0.11,26.6,0.24,6.0,0.25,20.61,0.12,0.12,613.561,1776233213000
1776233215.156,115.156,0.76,6.0,0.75,20.61,0.88,28.19,0.89,26.6,0.12,28.19,0.11,26.6,0.24,6.0,0.25,20.61,0.12,0.12,613.56,1776233214000
1776233216.523,116.523,0.76,6.0,0.75,20.61,0.88,28.19,0.89,26.6,0.12,28.19,0.11,26.6,0.24,6.0,0.25,20.61,0.12,0.12,613.573,1776233215000
1776233217.199,117.199,0.76,6.0,0.75,20.61,0.88,28.19,0.89,26.6,0.12,28.19,0.11,26.6,0.24,6.0,0.25,20.61,0.12,0.12,613.556,1776233216000
1776233218.523,118.523,0.76,6.0,0.75,20.61,0.88,28.19,0.89,26.6,0.12,28.19,0.11,26.6,0.24,6.0,0.25,20.61,0.12,0.12,613.566,1776233217000
1776233219.13,119.13,0.76,6.0,0.75,20.61,0.88,28.19,0.89,26.6,0.12,28.19,0.11,26.6,0.24,6.0,0.25,20.61,0.12,0.12,613.566,1776233218000
1776233220.661,120.661,0.76,6.0,0.75,20.61,0.88,28.19,0.89,26.6,0.12,28.19,0.11,26.6,0.24,6.0,0.25,20.61,0.12,0.12,613.564,1776233219000
1776233221.846,121.846,0.76,6.0,0.75,20.61,0.88,28.19,0.89,26.6,0.12,28.19,0.11,26.6,0.24,6.0,0.25,20.61,0.12,0.12,613.55,1776233220000
1776233222.449,122.449,0.76,6.0,0.75,20.61,0.88,28.19,0.89,26.6,0.12,28.19,0.11,26.6,0.24,6.0,0.25,20.61,0.12,0.12,613.567,1776233221000
1776233222.999,122.999,0.76,6.0,0.75,20.61,0.88,28.19,0.89,26.6,0.12,28.19,0.11,26.6,0.24,6.0,0.25,20.61,0.12,0.12,613.567,1776233222000
1776233224.055,124.055,0.76,6.0,0.75,20.61,0.88,28.19,0.89,26.6,0.12,28.19,0.11,26.6,0.24,6.0,0.25,20.61,0.12,0.12,613.566,1776233223000
1776233225.198,125.198,0.76,6.0,0.75,20.61,0.88,28.19,0.89,26.6,0.12,28.19,0.11,26.6,0.24,6.0,0.25,20.61,0.12,0.12,613.566,1776233224000
1776233226.403,126.403,0.76,6.0,0.75,20.61,0.88,28.19,0.89,26.6,0.12,28.19,0.11,26.6,0.24,6.0,0.25,20.61,0.12,0.12,613.564,1776233225000
1776233226.98,126.98,0.76,6.0,0.75,20.61,0.88,28.19,0.89,26.6,0.12,28.19,0.11,26.6,0.24,6.0,0.25,20.61,0.12,0.12,613.564,1776233226000
1776233228.048,128.048,0.76,6.0,0.75,20.61,0.88,28.19,0.89,26.6,0.12,28.19,0.11,26.6,0.24,6.0,0.25,20.61,0.12,0.12,613.56,1776233227000
1776233229.132,129.132,0.76,6.0,0.75,20.61,0.88,28.19,0.89,26.6,0.12,28.19,0.11,26.6,0.24,6.0,0.25,20.61,0.12,0.12,613.561,1776233228000
1776233230.467,130.467,0.76,6.0,0.75,20.61,0.88,28.19,0.89,26.6,0.12,28.19,0.11,26.6,0.24,6.0,0.25,20.61,0.12,0.12,613.607479,1776233229000
1776233231.015,131.015,0.76,6.0,0.75,20.61,0.88,28.19,0.89,26.6,0.12,28.19,0.11,26.6,0.24,6.0,0.25,20.61,0.12,0.12,613.666,1776233230000
1776233232.125,132.125,0.76,6.0,0.75,20.61,0.88,28.19,0.89,26.6,0.12,28.19,0.11,26.6,0.24,6.0,0.25,20.61,0.12,0.12,613.725,1776233231000
1776233233.208,133.208,0.76,6.0,0.75,20.61,0.88,28.19,0.89,26.6,0.12,28.19,0.11,26.6,0.24,6.0,0.25,20.61,0.12,0.12,613.75925,1776233232000
1776233234.361,134.361,0.76,6.0,0.75,20.61,0.88,28.19,0.89,26.6,0.12,28.19,0.11,26.6,0.24,6.0,0.25,20.61,0.12,0.12,613.79215,1776233233000
1776233235.021,135.021,0.76,6.0,0.75,20.61,0.88,28.19,0.89,26.6,0.12,28.19,0.11,26.6,0.24,6.0,0.25,20.61,0.12,0.12,613.78734,1776233234000
1776233235.24,135.24,0.92,24.0,0.88,24.6,0.97,74.3,0.98,165.69,0.12,28.19,0.11,26.6,0.24,6.0,0.25,20.61,0.05,0.12,613.78734,1776233234000
1776233236.63,136.63,0.92,24.0,0.88,24.6,0.97,74.3,0.98,165.69,0.03,74.3,0.02,165.69,0.08,24.0,0.12,24.6,0.05,0.05,613.846331,1776233235000
1776233237.154,137.154,0.92,24.0,0.88,24.6,0.97,74.3,0.98,165.69,0.03,74.3,0.02,165.69,0.08,24.0,0.12,24.6,0.05,0.05,613.881556,1776233236000
1776233238.232,138.232,0.92,24.0,0.88,24.6,0.97,74.3,0.98,165.69,0.03,74.3,0.02,165.69,0.08,24.0,0.12,24.6,0.05,0.05,613.902,1776233237000
1776233239.321,139.321,0.92,24.0,0.88,24.6,0.97,74.3,0.98,165.69,0.03,74.3,0.02,165.69,0.08,24.0,0.12,24.6,0.05,0.05,613.923,1776233238000
1776233240.237,140.237,0.92,24.0,0.88,24.6,0.97,74.3,0.98,165.69,0.03,74.3,0.02,165.69,0.08,24.0,0.12,24.6,0.05,0.05,613.911,1776233239000
1776233241.346,141.346,0.92,24.0,0.88,24.6,0.97,74.3,0.98,165.69,0.03,74.3,0.02,165.69,0.08,24.0,0.12,24.6,0.05,0.05,613.910357,1776233240000
1776233242.348,142.348,0.92,24.0,0.88,24.6,0.97,74.3,0.98,165.69,0.03,74.3,0.02,165.69,0.08,24.0,0.12,24.6,0.05,0.05,613.908,1776233241000
1776233243.284,143.284,0.92,24.0,0.88,24.6,0.97,74.3,0.98,165.69,0.03,74.3,0.02,165.69,0.08,24.0,0.12,24.6,0.05,0.05,613.932615,1776233242000
1776233244.32,144.32,0.92,24.0,0.88,24.6,0.97,74.3,0.98,165.69,0.03,74.3,0.02,165.69,0.08,24.0,0.12,24.6,0.05,0.05,613.952,1776233243000
1776233244.932,144.932,0.92,24.0,0.88,24.6,0.97,74.3,0.98,165.69,0.03,74.3,0.02,165.69,0.08,24.0,0.12,24.6,0.05,0.05,613.952,1776233244000
1776233245.884,145.884,0.92,24.0,0.88,24.6,0.97,74.3,0.98,165.69,0.03,74.3,0.02,165.69,0.08,24.0,0.12,24.6,0.05,0.05,613.919,1776233245000
1776233246.911,146.911,0.92,24.0,0.88,24.6,0.97,74.3,0.98,165.69,0.03,74.3,0.02,165.69,0.08,24.0,0.12,24.6,0.05,0.05,613.918078,1776233246000
1776233247.896,147.896,0.92,24.0,0.88,24.6,0.97,74.3,0.98,165.69,0.03,74.3,0.02,165.69,0.08,24.0,0.12,24.6,0.05,0.05,613.918103,1776233247000
1776233248.922,148.922,0.92,24.0,0.88,24.6,0.97,74.3,0.98,165.69,0.03,74.3,0.02,165.69,0.08,24.0,0.12,24.6,0.05,0.05,613.916915,1776233248000
1776233250.581,150.581,0.92,24.0,0.88,24.6,0.97,74.3,0.98,165.69,0.03,74.3,0.02,165.69,0.08,24.0,0.12,24.6,0.05,0.05,613.915548,1776233249000
1776233251.718,151.718,0.92,24.0,0.88,24.6,0.97,74.3,0.98,165.69,0.03,74.3,0.02,165.69,0.08,24.0,0.12,24.6,0.05,0.05,613.914929,1776233250000
1776233252.348,152.348,0.92,24.0,0.88,24.6,0.97,74.3,0.98,165.69,0.03,74.3,0.02,165.69,0.08,24.0,0.12,24.6,0.05,0.05,613.914616,1776233251000
1776233253.964,153.964,0.92,24.0,0.88,24.6,0.97,74.3,0.98,165.69,0.03,74.3,0.02,165.69,0.08,24.0,0.12,24.6,0.05,0.05,613.928,1776233252000
1776233254.692,154.692,0.92,24.0,0.88,24.6,0.97,74.3,0.98,165.69,0.03,74.3,0.02,165.69,0.08,24.0,0.12,24.6,0.05,0.05,613.931,1776233253000
1776233255.455,155.455,0.92,24.0,0.88,24.6,0.97,74.3,0.98,165.69,0.03,74.3,0.02,165.69,0.08,24.0,0.12,24.6,0.05,0.05,613.919763,1776233254000
1776233256.104,156.104,0.92,24.0,0.88,24.6,0.97,74.3,0.98,165.69,0.03,74.3,0.02,165.69,0.08,24.0,0.12,24.6,0.05,0.05,613.919763,1776233255000
1776233257.418,157.418,0.92,24.0,0.88,24.6,0.97,74.3,0.98,165.69,0.03,74.3,0.02,165.69,0.08,24.0,0.12,24.6,0.05,0.05,613.941,1776233256000
1776233258.219,158.219,0.92,24.0,0.88,24.6,0.97,74.3,0.98,165.69,0.03,74.3,0.02,165.69,0.08,24.0,0.12,24.6,0.05,0.05,613.944,1776233257000
1776233259.51,159.51,0.92,24.0,0.88,24.6,0.97,74.3,0.98,165.69,0.03,74.3,0.02,165.69,0.08,24.0,0.12,24.6,0.05,0.05,613.825727,1776233258000
1776233260.223,160.223,0.92,24.0,0.88,24.6,0.97,74.3,0.98,165.69,0.03,74.3,0.02,165.69,0.08,24.0,0.12,24.6,0.05,0.05,613.81102,1776233259000
1776233261.506,161.506,0.92,24.0,0.88,24.6,0.97,74.3,0.98,165.69,0.03,74.3,0.02,165.69,0.08,24.0,0.12,24.6,0.05,0.05,613.80794,1776233260000
1776233262.236,162.236,0.92,24.0,0.88,24.6,0.97,74.3,0.98,165.69,0.03,74.3,0.02,165.69,0.08,24.0,0.12,24.6,0.05,0.05,613.823293,1776233261000
1776233263.575,163.575,0.92,24.0,0.88,24.6,0.97,74.3,0.98,165.69,0.03,74.3,0.02,165.69,0.08,24.0,0.12,24.6,0.05,0.05,613.817,1776233262000
1776233264.266,164.266,0.92,24.0,0.88,24.6,0.97,74.3,0.98,165.69,0.03,74.3,0.02,165.69,0.08,24.0,0.12,24.6,0.05,0.05,613.832,1776233263000
1776233265.464,165.464,0.92,24.0,0.88,24.6,0.97,74.3,0.98,165.69,0.03,74.3,0.02,165.69,0.08,24.0,0.12,24.6,0.05,0.05,613.849,1776233264000
1776233266.208,166.208,0.92,24.0,0.88,24.6,0.97,74.3,0.98,165.69,0.03,74.3,0.02,165.69,0.08,24.0,0.12,24.6,0.05,0.05,613.845,1776233265000
1776233267.951,167.951,0.92,24.0,0.88,24.6,0.97,74.3,0.98,165.69,0.03,74.3,0.02,165.69,0.08,24.0,0.12,24.6,0.05,0.05,613.84457,1776233266000
1776233268.615,168.615,0.92,24.0,0.88,24.6,0.97,74.3,0.98,165.69,0.03,74.3,0.02,165.69,0.08,24.0,0.12,24.6,0.05,0.05,613.841771,1776233267000
1776233269.308,169.308,0.92,24.0,0.88,24.6,0.97,74.3,0.98,165.69,0.03,74.3,0.02,165.69,0.08,24.0,0.12,24.6,0.05,0.05,613.841,1776233268000
1776233270.777,170.777,0.92,24.0,0.88,24.6,0.97,74.3,0.98,165.69,0.03,74.3,0.02,165.69,0.08,24.0,0.12,24.6,0.05,0.05,613.837,1776233269000
1776233271.427,171.427,0.92,24.0,0.88,24.6,0.97,74.3,0.98,165.69,0.03,74.3,0.02,165.69,0.08,24.0,0.12,24.6,0.05,0.05,613.82,1776233270000
1776233271.992,171.992,0.92,24.0,0.88,24.6,0.97,74.3,0.98,165.69,0.03,74.3,0.02,165.69,0.08,24.0,0.12,24.6,0.05,0.05,613.82,1776233271000
1776233273.243,173.243,0.92,24.0,0.88,24.6,0.97,74.3,0.98,165.69,0.03,74.3,0.02,165.69,0.08,24.0,0.12,24.6,0.05,0.05,613.83,1776233272000
1776233274.446,174.446,0.92,24.0,0.88,24.6,0.97,74.3,0.98,165.69,0.03,74.3,0.02,165.69,0.08,24.0,0.12,24.6,0.05,0.05,613.828,1776233273000
1776233275.026,175.026,0.92,24.0,0.88,24.6,0.97,74.3,0.98,165.69,0.03,74.3,0.02,165.69,0.08,24.0,0.12,24.6,0.05,0.05,613.828,1776233274000
1776233276.299,176.299,0.92,24.0,0.88,24.6,0.97,74.3,0.98,165.69,0.03,74.3,0.02,165.69,0.08,24.0,0.12,24.6,0.05,0.05,613.815,1776233275000
1776233277.436,177.436,0.92,24.0,0.88,24.6,0.97,74.3,0.98,165.69,0.03,74.3,0.02,165.69,0.08,24.0,0.12,24.6,0.05,0.05,613.812,1776233276000
1776233278.014,178.014,0.92,24.0,0.88,24.6,0.97,74.3,0.98,165.69,0.03,74.3,0.02,165.69,0.08,24.0,0.12,24.6,0.05,0.05,613.812,1776233277000
1776233279.177,179.177,0.92,24.0,0.88,24.6,0.97,74.3,0.98,165.69,0.03,74.3,0.02,165.69,0.08,24.0,0.12,24.6,0.05,0.05,613.812,1776233278000
1776233280.262,180.262,0.92,24.0,0.88,24.6,0.97,74.3,0.98,165.69,0.03,74.3,0.02,165.69,0.08,24.0,0.12,24.6,0.05,0.05,613.812,1776233279000
1776233281.446,181.446,0.92,24.0,0.88,24.6,0.97,74.3,0.98,165.69,0.03,74.3,0.02,165.69,0.08,24.0,0.12,24.6,0.05,0.05,613.808,1776233280000
1776233282.023,182.023,0.92,24.0,0.88,24.6,0.97,74.3,0.98,165.69,0.03,74.3,0.02,165.69,0.08,24.0,0.12,24.6,0.05,0.05,613.80356,1776233281000
1776233283.665,183.665,0.92,24.0,0.88,24.6,0.97,74.3,0.98,165.69,0.03,74.3,0.02,165.69,0.08,24.0,0.12,24.6,0.05,0.05,613.787,1776233282000
1776233284.185,184.185,0.92,24.0,0.88,24.6,0.97,74.3,0.98,165.69,0.03,74.3,0.02,165.69,0.08,24.0,0.12,24.6,0.05,0.05,613.79,1776233283000
1776233285.152,185.152,0.92,24.0,0.88,24.6,0.97,74.3,0.98,165.69,0.03,74.3,0.02,165.69,0.08,24.0,0.12,24.6,0.05,0.05,613.79,1776233284000
1776233286.206,186.206,0.92,24.0,0.88,24.6,0.97,74.3,0.98,165.69,0.03,74.3,0.02,165.69,0.08,24.0,0.12,24.6,0.05,0.05,613.786,1776233285000
1776233287.185,187.185,0.92,24.0,0.88,24.6,0.97,74.3,0.98,165.69,0.03,74.3,0.02,165.69,0.08,24.0,0.12,24.6,0.05,0.05,613.785,1776233286000
1776233288.287,188.287,0.92,24.0,0.88,24.6,0.97,74.3,0.98,165.69,0.03,74.3,0.02,165.69,0.08,24.0,0.12,24.6,0.05,0.05,613.79445,1776233287000
1776233289.324,189.324,0.92,24.0,0.88,24.6,0.97,74.3,0.98,165.69,0.03,74.3,0.02,165.69,0.08,24.0,0.12,24.6,0.05,0.05,613.7948,1776233288000
1776233290.354,190.354,0.92,24.0,0.88,24.6,0.97,74.3,0.98,165.69,0.03,74.3,0.02,165.69,0.08,24.0,0.12,24.6,0.05,0.05,613.79534,1776233289000
1776233290.885,190.885,0.92,24.0,0.88,24.6,0.97,74.3,0.98,165.69,0.03,74.3,0.02,165.69,0.08,24.0,0.12,24.6,0.05,0.05,613.79062,1776233290000
1776233291.585,191.585,0.96,67.7,0.95,54.7,0.98,33.0,0.99,477.6,0.03,74.3,0.02,165.69,0.08,24.0,0.12,24.6,0.02,0.05,613.79062,1776233290000
1776233291.945,191.945,0.96,67.7,0.95,54.7,0.98,33.0,0.99,477.6,0.02,33.0,0.01,477.6,0.04,67.7,0.05,54.7,0.02,0.02,613.79448,1776233291000
1776233292.934,192.934,0.96,67.7,0.95,54.7,0.98,33.0,0.99,477.6,0.02,33.0,0.01,477.6,0.04,67.7,0.05,54.7,0.02,0.02,613.79499,1776233292000
1776233293.984,193.984,0.96,67.7,0.95,54.7,0.98,33.0,0.99,477.6,0.02,33.0,0.01,477.6,0.04,67.7,0.05,54.7,0.02,0.02,613.79497,1776233293000
1776233295.031,195.031,0.96,67.7,0.95,54.7,0.98,33.0,0.99,477.6,0.02,33.0,0.01,477.6,0.04,67.7,0.05,54.7,0.02,0.02,613.79526,1776233294000
1776233296.034,196.034,0.96,67.7,0.95,54.7,0.98,33.0,0.99,477.6,0.02,33.0,0.01,477.6,0.04,67.7,0.05,54.7,0.02,0.02,613.79527,1776233295000
1776233297.017,197.017,0.96,67.7,0.95,54.7,0.98,33.0,0.99,477.6,0.02,33.0,0.01,477.6,0.04,67.7,0.05,54.7,0.02,0.02,613.79527,1776233296000
1776233298.345,198.345,0.96,67.7,0.95,54.7,0.98,33.0,0.99,477.6,0.02,33.0,0.01,477.6,0.04,67.7,0.05,54.7,0.02,0.02,613.794485,1776233297000
1776233299.063,199.063,0.96,67.7,0.95,54.7,0.98,33.0,0.99,477.6,0.02,33.0,0.01,477.6,0.04,67.7,0.05,54.7,0.02,0.02,613.79435,1776233298000
1776233300.484,200.484,0.96,67.7,0.95,54.7,0.98,33.0,0.99,477.6,0.02,33.0,0.01,477.6,0.04,67.7,0.05,54.7,0.02,0.02,613.79983,1776233299000
1776233301.1,201.1,0.96,67.7,0.95,54.7,0.98,33.0,0.99,477.6,0.02,33.0,0.01,477.6,0.04,67.7,0.05,54.7,0.02,0.02,613.79959,1776233300000
1776233302.211,202.211,0.97,89.3,0.96,67.7,0.98,3.87,0.99,477.6,0.02,33.0,0.01,477.6,0.04,67.7,0.05,54.7,0.01,0.02,613.79959,1776233300000
1776233302.637,202.637,0.97,89.3,0.96,67.7,0.98,3.87,0.99,477.6,0.02,3.87,0.01,477.6,0.03,89.3,0.04,67.7,0.01,0.01,613.797208,1776233301000
1776233303.319,203.319,0.97,89.3,0.96,67.7,0.98,3.87,0.99,477.6,0.02,3.87,0.01,477.6,0.03,89.3,0.04,67.7,0.01,0.01,613.794658,1776233302000
1776233304.58,204.58,0.97,89.3,0.96,67.7,0.98,3.87,0.99,477.6,0.02,3.87,0.01,477.6,0.03,89.3,0.04,67.7,0.01,0.01,613.801984,1776233303000
1776233304.97,204.97,0.97,89.3,0.96,67.7,0.98,2.84,0.99,477.6,0.02,3.87,0.01,477.6,0.03,89.3,0.04,67.7,0.01,0.01,613.801984,1776233303000
1776233305.224,205.224,0.97,89.3,0.96,67.7,0.98,2.84,0.99,477.6,0.02,2.84,0.01,477.6,0.03,89.3,0.04,67.7,0.01,0.01,613.804853,1776233304000
1776233306.465,206.465,0.97,89.3,0.96,67.7,0.98,2.84,0.99,477.6,0.02,2.84,0.01,477.6,0.03,89.3,0.04,67.7,0.01,0.01,613.79535,1776233305000
1776233307.109,207.109,0.97,89.3,0.96,67.7,0.98,2.84,0.99,477.6,0.02,2.84,0.01,477.6,0.03,89.3,0.04,67.7,0.01,0.01,613.79674,1776233306000
1776233308.446,208.446,0.97,89.3,0.96,67.7,0.98,2.84,0.99,477.6,0.02,2.84,0.01,477.6,0.03,89.3,0.04,67.7,0.01,0.01,613.7968,1776233307000
1776233309.122,209.122,0.97,89.3,0.96,67.7,0.98,2.84,0.99,477.6,0.02,2.84,0.01,477.6,0.03,89.3,0.04,67.7,0.01,0.01,613.800451,1776233308000
1776233310.298,210.298,0.97,89.3,0.96,67.7,0.98,2.84,0.99,477.6,0.02,2.84,0.01,477.6,0.03,89.3,0.04,67.7,0.01,0.01,613.802982,1776233309000
1776233311.585,211.585,0.97,89.3,0.96,67.7,0.98,2.84,0.99,477.6,0.02,2.84,0.01,477.6,0.03,89.3,0.04,67.7,0.01,0.01,613.8,1776233310000
1776233312.151,212.151,0.97,89.3,0.96,67.7,0.98,2.84,0.99,477.6,0.02,2.84,0.01,477.6,0.03,89.3,0.04,67.7,0.01,0.01,613.8,1776233311000
1776233313.711,213.711,0.97,89.3,0.96,67.7,0.98,2.84,0.99,477.6,0.02,2.84,0.01,477.6,0.03,89.3,0.04,67.7,0.01,0.01,613.798,1776233312000
1776233314.273,214.273,0.97,89.3,0.96,67.7,0.98,2.84,0.99,477.6,0.02,2.84,0.01,477.6,0.03,89.3,0.04,67.7,0.01,0.01,613.798,1776233313000
1776233315.321,215.321,0.97,89.3,0.96,67.7,0.98,2.84,0.99,477.6,0.02,2.84,0.01,477.6,0.03,89.3,0.04,67.7,0.01,0.01,613.793268,1776233314000
1776233315.894,215.894,0.97,89.3,0.96,67.7,0.98,2.84,0.99,477.6,0.02,2.84,0.01,477.6,0.03,89.3,0.04,67.7,0.01,0.01,613.795,1776233315000
1776233317.0,217.0,0.97,89.3,0.96,67.7,0.98,2.84,0.99,477.6,0.02,2.84,0.01,477.6,0.03,89.3,0.04,67.7,0.01,0.01,613.796316,1776233316000
1776233318.021,218.021,0.97,89.3,0.96,67.7,0.98,2.84,0.99,477.6,0.02,2.84,0.01,477.6,0.03,89.3,0.04,67.7,0.01,0.01,613.793554,1776233317000
1776233319.168,219.168,0.97,89.3,0.96,67.7,0.98,2.84,0.99,477.6,0.02,2.84,0.01,477.6,0.03,89.3,0.04,67.7,0.01,0.01,613.79419,1776233318000
1776233320.209,220.209,0.97,89.3,0.96,67.7,0.98,2.84,0.99,477.6,0.02,2.84,0.01,477.6,0.03,89.3,0.04,67.7,0.01,0.01,613.79425,1776233319000
1776233321.258,221.258,0.97,89.3,0.96,67.7,0.98,2.84,0.99,477.6,0.02,2.84,0.01,477.6,0.03,89.3,0.04,67.7,0.01,0.01,613.79705,1776233320000
1776233322.367,222.367,0.97,89.3,0.96,67.7,0.98,2.84,0.99,477.6,0.02,2.84,0.01,477.6,0.03,89.3,0.04,67.7,0.01,0.01,613.8,1776233321000
1776233323.327,223.327,0.97,89.3,0.96,67.7,0.98,2.84,0.99,477.6,0.02,2.84,0.01,477.6,0.03,89.3,0.04,67.7,0.01,0.01,613.802,1776233322000
1776233323.911,223.911,0.97,89.3,0.96,67.7,0.98,2.84,0.99,477.6,0.02,2.84,0.01,477.6,0.03,89.3,0.04,67.7,0.01,0.01,613.802,1776233323000
1776233324.92,224.92,0.97,89.3,0.96,67.7,0.98,2.84,0.99,477.6,0.02,2.84,0.01,477.6,0.03,89.3,0.04,67.7,0.01,0.01,613.803,1776233324000
1776233326.013,226.013,0.97,89.3,0.96,67.7,0.98,2.84,0.99,477.6,0.02,2.84,0.01,477.6,0.03,89.3,0.04,67.7,0.01,0.01,613.803,1776233325000
1776233327.601,227.601,0.97,89.3,0.96,67.7,0.98,2.84,0.99,477.6,0.02,2.84,0.01,477.6,0.03,89.3,0.04,67.7,0.01,0.01,613.80253,1776233326000
1776233328.085,228.085,0.97,89.3,0.96,67.7,0.98,2.84,0.99,477.6,0.02,2.84,0.01,477.6,0.03,89.3,0.04,67.7,0.01,0.01,613.793051,1776233327000
1776233329.06,229.06,0.97,89.3,0.96,67.7,0.98,2.84,0.99,477.6,0.02,2.84,0.01,477.6,0.03,89.3,0.04,67.7,0.01,0.01,613.763035,1776233328000
1776233330.074,230.074,0.97,89.3,0.96,67.7,0.98,2.84,0.99,477.6,0.02,2.84,0.01,477.6,0.03,89.3,0.04,67.7,0.01,0.01,613.755481,1776233329000
1776233331.073,231.073,0.97,89.3,0.96,67.7,0.98,2.84,0.99,477.6,0.02,2.84,0.01,477.6,0.03,89.3,0.04,67.7,0.01,0.01,613.756796,1776233330000
1776233332.09,232.09,0.97,89.3,0.96,67.7,0.98,2.84,0.99,477.6,0.02,2.84,0.01,477.6,0.03,89.3,0.04,67.7,0.01,0.01,613.755589,1776233331000
1776233333.001,233.001,0.97,89.3,0.96,67.7,0.98,2.84,0.99,477.6,0.02,2.84,0.01,477.6,0.03,89.3,0.04,67.7,0.01,0.01,613.768166,1776233332000
1776233334.106,234.106,0.97,89.3,0.96,67.7,0.98,2.84,0.99,477.6,0.02,2.84,0.01,477.6,0.03,89.3,0.04,67.7,0.01,0.01,613.791775,1776233333000
1776233334.322,234.322,0.97,89.3,0.96,67.7,0.99,215.0,,,0.02,2.84,0.01,477.6,0.03,89.3,0.04,67.7,0.02,0.01,613.791775,1776233333000
1776233334.994,234.994,0.97,89.3,0.96,67.7,0.99,215.0,,,0.01,215.0,,,0.03,89.3,0.04,67.7,0.02,0.02,613.791771,1776233334000
1776233336.105,236.105,0.97,89.3,0.96,67.7,0.99,215.0,,,0.01,215.0,,,0.03,89.3,0.04,67.7,0.02,0.02,613.756164,1776233335000
1776233336.987,236.987,0.97,89.3,0.96,67.7,0.99,215.0,,,0.01,215.0,,,0.03,89.3,0.04,67.7,0.02,0.02,613.757522,1776233336000
1776233338.056,238.056,0.97,89.3,0.96,67.7,0.99,215.0,,,0.01,215.0,,,0.03,89.3,0.04,67.7,0.02,0.02,613.794395,1776233337000
1776233339.012,239.012,0.97,89.3,0.96,67.7,0.99,215.0,,,0.01,215.0,,,0.03,89.3,0.04,67.7,0.02,0.02,613.793337,1776233338000
1776233340.62,240.62,0.97,89.3,0.96,67.7,0.99,215.0,,,0.01,215.0,,,0.03,89.3,0.04,67.7,0.02,0.02,613.783875,1776233339000
1776233341.792,241.792,0.97,89.3,0.96,67.7,0.99,215.0,,,0.01,215.0,,,0.03,89.3,0.04,67.7,0.02,0.02,613.801,1776233340000
1776233342.456,242.456,0.97,89.3,0.96,67.7,0.99,215.0,,,0.01,215.0,,,0.03,89.3,0.04,67.7,0.02,0.02,613.812959,1776233341000
1776233343.365,243.365,0.97,89.3,0.96,67.7,0.99,215.0,,,0.01,215.0,,,0.03,89.3,0.04,67.7,0.02,0.02,613.80253,1776233342000
1776233344.034,244.034,0.97,89.3,0.96,67.7,0.99,215.0,,,0.01,215.0,,,0.03,89.3,0.04,67.7,0.02,0.02,613.795049,1776233343000
1776233345.465,245.465,0.97,89.3,0.96,67.7,0.99,215.0,,,0.01,215.0,,,0.03,89.3,0.04,67.7,0.02,0.02,613.79943,1776233344000
1776233346.163,246.163,0.97,89.3,0.96,67.7,0.99,215.0,,,0.01,215.0,,,0.03,89.3,0.04,67.7,0.02,0.02,613.78114,1776233345000
1776233347.506,247.506,0.97,89.3,0.96,67.7,0.99,215.0,,,0.01,215.0,,,0.03,89.3,0.04,67.7,0.02,0.02,613.78492,1776233346000
1776233348.342,248.342,0.97,89.3,0.96,67.7,0.99,215.0,,,0.01,215.0,,,0.03,89.3,0.04,67.7,0.02,0.02,613.787417,1776233347000
1776233349.047,249.047,0.97,89.3,0.96,67.7,0.99,215.0,,,0.01,215.0,,,0.03,89.3,0.04,67.7,0.02,0.02,613.781867,1776233348000
1776233350.5,250.5,0.97,89.3,0.96,67.7,0.99,215.0,,,0.01,215.0,,,0.03,89.3,0.04,67.7,0.02,0.02,613.772729,1776233349000
1776233351.246,251.246,0.97,89.3,0.96,67.7,0.99,215.0,,,0.01,215.0,,,0.03,89.3,0.04,67.7,0.02,0.02,613.772457,1776233350000
1776233352.584,252.584,0.97,89.3,0.96,67.7,0.99,215.0,,,0.01,215.0,,,0.03,89.3,0.04,67.7,0.02,0.02,613.776748,1776233351000
1776233353.224,253.224,0.97,89.3,0.96,67.7,0.99,215.0,,,0.01,215.0,,,0.03,89.3,0.04,67.7,0.02,0.02,613.776842,1776233352000
1776233353.987,253.987,0.97,89.3,0.96,67.7,0.99,215.0,,,0.01,215.0,,,0.03,89.3,0.04,67.7,0.02,0.02,613.77891,1776233353000
1776233355.297,255.297,0.97,89.3,0.96,67.7,0.99,215.0,,,0.01,215.0,,,0.03,89.3,0.04,67.7,0.02,0.02,613.778215,1776233354000
1776233355.987,255.987,0.97,89.3,0.96,67.7,0.99,215.0,,,0.01,215.0,,,0.03,89.3,0.04,67.7,0.02,0.02,613.779532,1776233355000
1776233357.394,257.394,0.97,89.3,0.96,67.7,0.99,215.0,,,0.01,215.0,,,0.03,89.3,0.04,67.7,0.02,0.02,613.786856,1776233356000
1776233358.085,258.085,0.97,89.3,0.96,67.7,0.99,215.0,,,0.01,215.0,,,0.03,89.3,0.04,67.7,0.02,0.02,613.786856,1776233357000
1776233359.077,259.077,0.97,89.3,0.96,67.7,0.99,215.0,,,0.01,215.0,,,0.03,89.3,0.04,67.7,0.02,0.02,613.786777,1776233358000
1776233360.129,260.129,0.97,89.3,0.96,67.7,0.99,215.0,,,0.01,215.0,,,0.03,89.3,0.04,67.7,0.02,0.02,613.782251,1776233359000
1776233361.127,261.127,0.97,89.3,0.96,67.7,0.99,215.0,,,0.01,215.0,,,0.03,89.3,0.04,67.7,0.02,0.02,613.775895,1776233360000
1776233362.147,262.147,0.97,89.3,0.96,67.7,0.99,215.0,,,0.01,215.0,,,0.03,89.3,0.04,67.7,0.02,0.02,613.77653,1776233361000
1776233363.158,263.158,0.97,89.3,0.96,67.7,0.99,215.0,,,0.01,215.0,,,0.03,89.3,0.04,67.7,0.02,0.02,613.779092,1776233362000
1776233364.112,264.112,0.97,89.3,0.96,67.7,0.99,215.0,,,0.01,215.0,,,0.03,89.3,0.04,67.7,0.02,0.02,613.779092,1776233363000
1776233365.106,265.106,0.97,89.3,0.96,67.7,0.99,215.0,,,0.01,215.0,,,0.03,89.3,0.04,67.7,0.02,0.02,613.789891,1776233364000
1776233366.186,266.186,0.97,89.3,0.96,67.7,0.99,215.0,,,0.01,215.0,,,0.03,89.3,0.04,67.7,0.02,0.02,613.803263,1776233365000
1776233366.553,266.553,0.98,132.69,0.97,89.3,0.99,213.98,,,0.01,215.0,,,0.03,89.3,0.04,67.7,0.01,0.02,613.803263,1776233365000
1776233367.104,267.104,0.98,132.69,0.97,89.3,0.99,213.98,,,0.01,213.98,,,0.02,132.69,0.03,89.3,0.01,0.01,613.81586,1776233366000
1776233368.047,268.047,0.98,132.69,0.97,89.3,0.99,213.98,,,0.01,213.98,,,0.02,132.69,0.03,89.3,0.01,0.01,613.819,1776233367000
1776233369.101,269.101,0.98,132.69,0.97,89.3,0.99,213.98,,,0.01,213.98,,,0.02,132.69,0.03,89.3,0.01,0.01,613.822,1776233368000
1776233370.039,270.039,0.98,132.69,0.97,89.3,0.99,213.98,,,0.01,213.98,,,0.02,132.69,0.03,89.3,0.01,0.01,613.818,1776233369000
1776233371.074,271.074,0.98,132.69,0.97,89.3,0.99,213.98,,,0.01,213.98,,,0.02,132.69,0.03,89.3,0.01,0.01,613.818,1776233370000
1776233372.126,272.126,0.98,132.69,0.97,89.3,0.99,213.98,,,0.01,213.98,,,0.02,132.69,0.03,89.3,0.01,0.01,613.819,1776233371000
1776233373.616,273.616,0.98,132.69,0.97,89.3,0.99,213.98,,,0.01,213.98,,,0.02,132.69,0.03,89.3,0.01,0.01,613.819,1776233372000
1776233374.156,274.156,0.98,132.69,0.97,89.3,0.99,92.96,,,0.01,213.98,,,0.02,132.69,0.03,89.3,0.01,0.01,613.819,1776233372000
1776233374.481,274.481,0.98,132.69,0.97,89.3,0.99,92.96,,,0.01,92.96,,,0.02,132.69,0.03,89.3,0.01,0.01,613.835,1776233373000
1776233375.087,275.087,0.99,907.04,0.98,132.69,,,,,,,,,0.01,907.04,0.02,132.69,,,613.829,1776233374000
1776233376.554,276.554,0.99,907.04,0.98,132.69,,,,,,,,,0.01,907.04,0.02,132.69,,,613.83,1776233375000
1776233377.162,277.162,0.99,907.04,0.98,132.69,,,,,,,,,0.01,907.04,0.02,132.69,,,613.83,1776233376000
1776233378.404,278.404,0.99,907.04,0.98,132.69,,,,,,,,,0.01,907.04,0.02,132.69,,,613.884,1776233377000
1776233379.045,279.045,0.99,907.04,0.98,132.69,,,,,,,,,0.01,907.04,0.02,132.69,,,613.884,1776233378000
1776233380.323,280.323,0.99,907.04,0.98,132.69,,,,,,,,,0.01,907.04,0.02,132.69,,,613.909,1776233379000
1776233380.83,280.83,0.99,2516.03,0.97,5.15,,,,,,,,,0.01,907.04,0.02,132.69,,,613.909,1776233379000
1776233381.572,281.572,0.99,2516.03,0.97,5.15,,,,,,,,,0.01,2516.03,0.03,5.15,,,613.854728,1776233380000
1776233382.183,282.183,0.99,2516.03,0.97,5.15,,,,,,,,,0.01,2516.03,0.03,5.15,,,613.87765,1776233381000
1776233383.405,283.405,0.99,2516.03,0.97,5.15,,,,,,,,,0.01,2516.03,0.03,5.15,,,613.87802,1776233382000
1776233384.088,284.088,0.99,2516.03,0.97,5.15,,,,,,,,,0.01,2516.03,0.03,5.15,,,613.87177,1776233383000
1776233385.242,285.242,0.99,2516.03,0.97,5.15,,,,,,,,,0.01,2516.03,0.03,5.15,,,613.87558,1776233384000
1776233386.502,286.502,0.99,2516.03,0.97,5.15,,,,,,,,,0.01,2516.03,0.03,5.15,,,613.85651,1776233385000
1776233387.26,287.26,0.99,2516.03,0.97,5.15,,,,,,,,,0.01,2516.03,0.03,5.15,,,613.897761,1776233386000
1776233388.891,288.891,0.99,2516.03,0.97,5.15,,,,,,,,,0.01,2516.03,0.03,5.15,,,613.900399,1776233387000
1776233389.544,289.544,0.99,2516.03,0.97,5.15,,,,,,,,,0.01,2516.03,0.03,5.15,,,613.91252,1776233388000
1776233389.986,289.986,0.99,2516.03,0.97,5.15,,,,,,,,,0.01,2516.03,0.03,5.15,,,613.913,1776233389000
1776233391.011,291.011,0.99,2516.03,0.97,5.15,,,,,,,,,0.01,2516.03,0.03,5.15,,,613.909,1776233390000
1776233392.09,292.09,0.99,2516.03,0.97,5.15,,,,,,,,,0.01,2516.03,0.03,5.15,,,613.889572,1776233391000
1776233393.229,293.229,0.99,2516.03,0.97,5.15,,,,,,,,,0.01,2516.03,0.03,5.15,,,613.860579,1776233392000
1776233394.311,294.311,0.99,2516.03,0.97,5.15,,,,,,,,,0.01,2516.03,0.03,5.15,,,613.863874,1776233393000
1776233394.871,294.871,0.99,2516.03,0.97,5.15,,,,,,,,,0.01,2516.03,0.03,5.15,,,613.869527,1776233394000
1776233395.848,295.848,0.99,2516.03,0.97,5.15,,,,,,,,,0.01,2516.03,0.03,5.15,,,613.909,1776233395000
1776233396.884,296.884,0.99,2516.03,0.97,5.15,,,,,,,,,0.01,2516.03,0.03,5.15,,,613.91,1776233396000
1776233397.931,297.931,0.99,2516.03,0.97,5.15,,,,,,,,,0.01,2516.03,0.03,5.15,,,613.91,1776233397000
1776233398.883,298.883,0.99,2516.03,0.97,5.15,,,,,,,,,0.01,2516.03,0.03,5.15,,,613.909,1776233398000
1776233399.905,299.905,0.99,2516.03,0.97,5.15,,,,,,,,,0.01,2516.03,0.03,5.15,,,613.955,1776233399000
1776233400.934,300.934,0.99,2516.03,0.97,5.15,,,,,,,,,0.01,2516.03,0.03,5.15,,,613.948,1776233400000
1776233402.433,302.433,0.99,2516.03,0.97,5.15,,,,,,,,,0.01,2516.03,0.03,5.15,,,613.896993,1776233401000
1776233402.824,302.824,0.99,2516.03,0.97,5.15,,,,,,,,,0.01,2516.03,0.03,5.15,,,613.92547,1776233402000

# RESULT,winner=Up,slug=bnb-updown-5m-1776233100,ticks=318
