timestamp,elapsed_sec,up_bid_p1,up_bid_s1,up_bid_p2,up_bid_s2,up_ask_p1,up_ask_s1,up_ask_p2,up_ask_s2,down_bid_p1,down_bid_s1,down_bid_p2,down_bid_s2,down_ask_p1,down_ask_s1,down_ask_p2,down_ask_s2,up_spread,down_spread,bnb_price,bnb_oracle_ts
1776231601.489,1.489,0.5,12.88,0.47,21.0,0.53,21.0,0.54,21.0,0.47,21.0,0.46,21.0,0.5,12.88,0.53,21.0,0.03,0.03,613.775,1776231600000
1776231601.83,1.83,0.5,12.88,0.47,21.0,0.53,21.0,0.54,21.0,0.47,21.0,0.46,21.0,0.5,12.88,0.53,21.0,0.03,0.03,613.775,1776231600000
1776231602.865,2.865,0.5,12.88,0.47,21.0,0.53,21.0,0.54,21.0,0.47,21.0,0.46,21.0,0.5,12.88,0.53,21.0,0.03,0.03,613.741,1776231602000
1776231603.866,3.866,0.5,12.88,0.47,21.0,0.53,21.0,0.54,21.0,0.47,21.0,0.46,21.0,0.5,12.88,0.53,21.0,0.03,0.03,613.73569,1776231603000
1776231605.843,5.843,0.5,12.88,0.47,21.0,0.53,21.0,0.54,21.0,0.47,21.0,0.46,21.0,0.5,12.88,0.53,21.0,0.03,0.03,613.755,1776231604000
1776231606.405,6.405,0.5,12.88,0.47,21.0,0.53,21.0,0.54,21.0,0.47,21.0,0.46,21.0,0.5,12.88,0.53,21.0,0.03,0.03,613.755,1776231605000
1776231606.995,6.995,0.5,12.88,0.47,21.0,0.53,21.0,0.54,21.0,0.47,21.0,0.46,21.0,0.5,12.88,0.53,21.0,0.03,0.03,613.74757,1776231606000
1776231608.112,8.112,0.5,12.88,0.47,21.0,0.53,21.0,0.54,21.0,0.47,21.0,0.46,21.0,0.5,12.88,0.53,21.0,0.03,0.03,613.7541,1776231607000
1776231608.488,8.488,0.5,7.88,0.47,21.0,0.53,21.0,0.54,31.0,0.47,21.0,0.46,21.0,0.5,12.88,0.53,21.0,0.03,0.03,613.7541,1776231607000
1776231609.191,9.191,0.5,7.88,0.47,21.0,0.53,21.0,0.54,31.0,0.47,21.0,0.46,31.0,0.5,7.88,0.53,21.0,0.03,0.03,613.72183,1776231608000
1776231610.202,10.202,0.5,7.88,0.47,21.0,0.53,21.0,0.54,31.0,0.47,21.0,0.46,31.0,0.5,7.88,0.53,21.0,0.03,0.03,613.72895,1776231609000
1776231611.23,11.23,0.5,7.88,0.47,21.0,0.53,21.0,0.54,31.0,0.47,21.0,0.46,31.0,0.5,7.88,0.53,21.0,0.03,0.03,613.738,1776231610000
1776231612.382,12.382,0.5,7.88,0.47,21.0,0.53,21.0,0.54,31.0,0.47,21.0,0.46,31.0,0.5,7.88,0.53,21.0,0.03,0.03,613.729,1776231611000
1776231612.891,12.891,0.5,7.88,0.47,21.0,0.53,21.0,0.54,31.0,0.47,21.0,0.46,31.0,0.5,7.88,0.53,21.0,0.03,0.03,613.754915,1776231612000
1776231613.865,13.865,0.5,7.88,0.47,21.0,0.53,21.0,0.54,31.0,0.47,21.0,0.46,31.0,0.5,7.88,0.53,21.0,0.03,0.03,613.74124,1776231613000
1776231614.989,14.989,0.5,7.88,0.47,21.0,0.53,21.0,0.54,31.0,0.47,21.0,0.46,31.0,0.5,7.88,0.53,21.0,0.03,0.03,613.73517,1776231614000
1776231616.025,16.025,0.5,7.88,0.47,21.0,0.53,21.0,0.54,31.0,0.47,21.0,0.46,31.0,0.5,7.88,0.53,21.0,0.03,0.03,613.73373,1776231615000
1776231617.109,17.109,0.5,7.88,0.47,21.0,0.53,21.0,0.54,31.0,0.47,21.0,0.46,31.0,0.5,7.88,0.53,21.0,0.03,0.03,613.73172,1776231616000
1776231618.103,18.103,0.5,7.88,0.47,21.0,0.53,21.0,0.54,31.0,0.47,21.0,0.46,31.0,0.5,7.88,0.53,21.0,0.03,0.03,613.72101,1776231617000
1776231618.494,18.494,0.5,2.88,0.47,21.0,0.51,1.0,0.52,5.0,0.47,21.0,0.46,31.0,0.5,7.88,0.53,21.0,0.01,0.03,613.72101,1776231617000
1776231619.705,19.705,0.5,2.88,0.47,21.0,0.51,1.0,0.52,5.0,0.49,1.0,0.48,5.0,0.5,2.88,0.53,21.0,0.01,0.01,613.73683,1776231618000
1776231620.138,20.138,0.5,2.88,0.47,21.0,0.51,1.0,0.52,5.0,0.49,1.0,0.48,5.0,0.5,2.88,0.53,21.0,0.01,0.01,613.7494,1776231619000
1776231621.193,21.193,0.5,2.88,0.47,21.0,0.51,1.0,0.52,5.0,0.49,1.0,0.48,5.0,0.5,2.88,0.53,21.0,0.01,0.01,613.75537,1776231620000
1776231622.158,22.158,0.5,2.88,0.47,21.0,0.51,1.0,0.52,5.0,0.49,1.0,0.48,5.0,0.5,2.88,0.53,21.0,0.01,0.01,613.74313,1776231621000
1776231623.188,23.188,0.5,2.88,0.47,21.0,0.51,1.0,0.52,5.0,0.49,1.0,0.48,5.0,0.5,2.88,0.53,21.0,0.01,0.01,613.7526,1776231622000
1776231624.228,24.228,0.5,2.88,0.47,21.0,0.51,1.0,0.52,5.0,0.49,1.0,0.48,5.0,0.5,2.88,0.53,21.0,0.01,0.01,613.75245,1776231623000
1776231625.252,25.252,0.5,2.88,0.47,21.0,0.51,1.0,0.52,5.0,0.49,1.0,0.48,5.0,0.5,2.88,0.53,21.0,0.01,0.01,613.75139,1776231624000
1776231626.192,26.192,0.5,2.88,0.47,21.0,0.51,1.0,0.52,5.0,0.49,1.0,0.48,5.0,0.5,2.88,0.53,21.0,0.01,0.01,613.75319,1776231625000
1776231627.209,27.209,0.5,2.88,0.47,21.0,0.51,1.0,0.52,5.0,0.49,1.0,0.48,5.0,0.5,2.88,0.53,21.0,0.01,0.01,613.74815,1776231626000
1776231628.106,28.106,0.5,2.88,0.47,21.0,0.51,1.0,0.52,5.0,0.49,1.0,0.48,5.0,0.5,2.88,0.53,21.0,0.01,0.01,613.72593,1776231627000
1776231628.694,28.694,0.47,18.88,0.46,21.0,0.51,12.0,0.52,5.0,0.49,1.0,0.48,5.0,0.5,2.88,0.53,21.0,0.04,0.01,613.72593,1776231627000
1776231629.142,29.142,0.47,18.88,0.46,21.0,0.51,12.0,0.52,5.0,0.49,12.0,0.48,5.0,0.53,18.88,0.54,21.0,0.04,0.04,613.72718,1776231628000
1776231630.055,30.055,0.47,18.88,0.46,21.0,0.51,12.0,0.52,5.0,0.49,12.0,0.48,5.0,0.53,18.88,0.54,21.0,0.04,0.04,613.72226,1776231629000
1776231631.044,31.044,0.47,18.88,0.46,21.0,0.51,12.0,0.52,5.0,0.49,12.0,0.48,5.0,0.53,18.88,0.54,21.0,0.04,0.04,613.72136,1776231630000
1776231632.563,32.563,0.47,18.88,0.46,21.0,0.51,12.0,0.52,5.0,0.49,12.0,0.48,5.0,0.53,18.88,0.54,21.0,0.04,0.04,613.71913,1776231631000
1776231633.052,33.052,0.47,18.88,0.46,21.0,0.51,12.0,0.52,5.0,0.49,12.0,0.48,5.0,0.53,18.88,0.54,21.0,0.04,0.04,613.70591,1776231632000
1776231633.355,33.355,0.47,12.02,0.46,21.0,0.51,12.0,0.52,5.0,0.49,12.0,0.48,5.0,0.53,18.88,0.54,21.0,0.04,0.04,613.70591,1776231632000
1776231634.085,34.085,0.47,12.02,0.46,21.0,0.51,12.0,0.52,5.0,0.49,12.0,0.48,5.0,0.53,12.02,0.54,21.0,0.04,0.04,613.70518,1776231633000
1776231635.08,35.08,0.47,12.02,0.46,21.0,0.51,12.0,0.52,5.0,0.49,12.0,0.48,5.0,0.53,12.02,0.54,21.0,0.04,0.04,613.70524,1776231634000
1776231636.12,36.12,0.47,12.02,0.46,21.0,0.51,12.0,0.52,5.0,0.49,12.0,0.48,5.0,0.53,12.02,0.54,21.0,0.04,0.04,613.70835,1776231635000
1776231637.048,37.048,0.47,12.02,0.46,21.0,0.51,12.0,0.52,5.0,0.49,12.0,0.48,5.0,0.53,12.02,0.54,21.0,0.04,0.04,613.70948,1776231636000
1776231638.046,38.046,0.47,12.02,0.46,21.0,0.51,12.0,0.52,5.0,0.49,12.0,0.48,5.0,0.53,12.02,0.54,21.0,0.04,0.04,613.70929,1776231637000
1776231638.975,38.975,0.47,12.02,0.46,21.0,0.51,12.0,0.52,5.0,0.49,12.0,0.48,5.0,0.53,12.02,0.54,21.0,0.04,0.04,613.70895,1776231638000
1776231640.012,40.012,0.47,12.02,0.46,21.0,0.51,12.0,0.52,5.0,0.49,12.0,0.48,5.0,0.53,12.02,0.54,21.0,0.04,0.04,613.70753,1776231639000
1776231641.003,41.003,0.47,12.02,0.46,21.0,0.51,12.0,0.52,5.0,0.49,12.0,0.48,5.0,0.53,12.02,0.54,21.0,0.04,0.04,613.721823,1776231640000
1776231641.95,41.95,0.47,12.02,0.46,21.0,0.51,12.0,0.52,5.0,0.49,12.0,0.48,5.0,0.53,12.02,0.54,21.0,0.04,0.04,613.71951,1776231641000
1776231642.904,42.904,0.47,12.02,0.46,21.0,0.51,12.0,0.52,5.0,0.49,12.0,0.48,5.0,0.53,12.02,0.54,21.0,0.04,0.04,613.7223,1776231642000
1776231643.935,43.935,0.47,12.02,0.46,21.0,0.51,12.0,0.52,5.0,0.49,12.0,0.48,5.0,0.53,12.02,0.54,21.0,0.04,0.04,613.72354,1776231643000
1776231645.537,45.537,0.47,12.02,0.46,21.0,0.51,12.0,0.52,5.0,0.49,12.0,0.48,5.0,0.53,12.02,0.54,21.0,0.04,0.04,613.72844,1776231644000
1776231646.127,46.127,0.47,12.02,0.46,21.0,0.51,12.0,0.52,5.0,0.49,12.0,0.48,5.0,0.53,12.02,0.54,21.0,0.04,0.04,613.72836,1776231645000
1776231647.468,47.468,0.47,12.02,0.46,21.0,0.51,12.0,0.52,5.0,0.49,12.0,0.48,5.0,0.53,12.02,0.54,21.0,0.04,0.04,613.73913,1776231646000
1776231647.885,47.885,0.47,7.02,0.46,21.0,0.51,12.0,0.52,5.0,0.49,12.0,0.48,5.0,0.53,12.02,0.54,21.0,0.04,0.04,613.73913,1776231646000
1776231648.177,48.177,0.47,7.02,0.46,21.0,0.51,12.0,0.52,5.0,0.49,12.0,0.48,5.0,0.53,7.02,0.54,21.0,0.04,0.04,613.73846,1776231647000
1776231649.544,49.544,0.47,7.02,0.46,21.0,0.51,12.0,0.52,5.0,0.49,12.0,0.48,5.0,0.53,7.02,0.54,21.0,0.04,0.04,613.69721,1776231648000
1776231649.966,49.966,0.46,21.0,0.45,5.0,0.51,12.0,0.52,5.0,0.49,12.0,0.48,5.0,0.54,21.0,0.55,5.0,0.05,0.05,613.69721,1776231649000
1776231650.24,50.24,0.45,1.72,0.28,7.14,0.47,5.0,0.51,85.0,0.53,5.0,0.49,85.0,0.54,3.72,0.55,5.0,0.02,0.01,613.69721,1776231649000
1776231651.264,51.264,0.28,7.14,0.27,13.2,0.4,6.28,0.47,5.0,0.6,6.28,0.53,5.0,0.72,7.14,0.73,13.2,0.12,0.12,613.70276,1776231650000
1776231652.565,52.565,0.28,7.14,0.27,13.2,0.4,6.28,0.47,5.0,0.6,6.28,0.53,5.0,0.72,7.14,0.73,13.2,0.12,0.12,613.56991,1776231651000
1776231653.195,53.195,0.28,7.14,0.27,13.2,0.4,6.28,0.47,5.0,0.6,6.28,0.53,5.0,0.72,7.14,0.73,13.2,0.12,0.12,613.612,1776231652000
1776231654.426,54.426,0.28,7.14,0.27,13.2,0.4,6.28,0.47,5.0,0.6,6.28,0.53,5.0,0.72,7.14,0.73,13.2,0.12,0.12,613.572889,1776231653000
1776231654.951,54.951,0.28,7.14,0.27,13.2,0.4,6.28,0.47,5.0,0.6,6.28,0.53,5.0,0.72,7.14,0.73,13.2,0.12,0.12,613.572,1776231654000
1776231655.926,55.926,0.34,4.02,0.33,21.8,0.39,12.0,0.4,6.28,0.61,12.0,0.6,6.28,0.67,16.8,0.68,11.9,0.05,0.06,613.572,1776231654000
1776231657.278,57.278,0.34,4.02,0.33,21.8,0.39,12.0,0.4,6.28,0.61,12.0,0.6,6.28,0.66,4.02,0.67,21.8,0.05,0.05,613.604,1776231656000
1776231658.342,58.342,0.34,4.02,0.33,21.8,0.39,12.0,0.4,6.28,0.61,12.0,0.6,6.28,0.66,4.02,0.67,21.8,0.05,0.05,613.616,1776231657000
1776231658.872,58.872,0.34,4.02,0.33,21.8,0.39,12.0,0.4,6.28,0.61,12.0,0.6,6.28,0.66,4.02,0.67,21.8,0.05,0.05,613.61899,1776231658000
1776231659.287,59.287,0.39,5.0,0.35,11.4,0.4,1.28,0.52,5.0,0.61,12.0,0.6,6.28,0.66,4.02,0.67,21.8,0.01,0.05,613.61899,1776231658000
1776231659.888,59.888,0.39,10.0,0.36,11.3,0.52,5.0,0.53,26.0,0.6,1.28,0.48,5.0,0.61,5.0,0.65,11.4,0.13,0.01,613.61899,1776231658000
1776231660.945,60.945,0.39,10.0,0.36,11.3,0.52,5.0,0.53,26.0,0.48,5.0,0.47,26.0,0.61,10.0,0.64,11.3,0.13,0.13,613.669925,1776231660000
1776231661.941,61.941,0.39,10.0,0.36,11.3,0.52,5.0,0.53,26.0,0.48,5.0,0.47,26.0,0.61,10.0,0.64,11.3,0.13,0.13,613.667197,1776231661000
1776231662.971,62.971,0.39,10.0,0.36,11.3,0.52,5.0,0.53,26.0,0.48,5.0,0.47,26.0,0.61,10.0,0.64,11.3,0.13,0.13,613.615,1776231662000
1776231664.008,64.008,0.39,10.0,0.36,11.3,0.52,5.0,0.53,26.0,0.48,5.0,0.47,26.0,0.61,10.0,0.64,11.3,0.13,0.13,613.624,1776231663000
1776231664.985,64.985,0.39,10.0,0.36,11.3,0.52,5.0,0.53,26.0,0.48,5.0,0.47,26.0,0.61,10.0,0.64,11.3,0.13,0.13,613.636,1776231664000
1776231665.934,65.934,0.39,10.0,0.36,11.3,0.52,5.0,0.53,26.0,0.48,5.0,0.47,26.0,0.61,10.0,0.64,11.3,0.13,0.13,613.636,1776231665000
1776231666.884,66.884,0.39,10.0,0.36,11.3,0.52,5.0,0.53,26.0,0.48,5.0,0.47,26.0,0.61,10.0,0.64,11.3,0.13,0.13,613.647,1776231666000
1776231667.913,67.913,0.39,10.0,0.36,11.3,0.52,5.0,0.53,26.0,0.48,5.0,0.47,26.0,0.61,10.0,0.64,11.3,0.13,0.13,613.647,1776231667000
1776231668.816,68.816,0.39,10.0,0.36,11.3,0.52,5.0,0.53,26.0,0.48,5.0,0.47,26.0,0.61,10.0,0.64,11.3,0.13,0.13,613.651,1776231668000
1776231670.267,70.267,0.39,10.0,0.36,11.3,0.52,5.0,0.53,26.0,0.48,5.0,0.47,26.0,0.61,10.0,0.64,11.3,0.13,0.13,613.652,1776231669000
1776231671.202,71.202,0.39,10.0,0.36,11.3,0.52,5.0,0.53,26.0,0.48,5.0,0.47,26.0,0.61,10.0,0.64,11.3,0.13,0.13,613.652,1776231670000
1776231672.151,72.151,0.39,10.0,0.36,11.3,0.52,5.0,0.53,26.0,0.48,5.0,0.47,26.0,0.61,10.0,0.64,11.3,0.13,0.13,613.728,1776231671000
1776231673.486,73.486,0.47,1.0,0.46,10.0,0.53,21.0,0.54,21.0,0.48,5.0,0.47,26.0,0.61,10.0,0.64,11.3,0.06,0.13,613.728,1776231671000
1776231674.142,74.142,0.47,1.0,0.46,10.0,0.53,21.0,0.54,21.0,0.47,21.0,0.46,21.0,0.53,1.0,0.54,10.0,0.06,0.06,613.686,1776231673000
1776231675.113,75.113,0.47,1.0,0.46,10.0,0.53,21.0,0.54,21.0,0.47,21.0,0.46,21.0,0.53,1.0,0.54,10.0,0.06,0.06,613.76227,1776231674000
1776231675.352,75.352,0.52,17.0,0.48,5.0,0.53,16.0,0.54,21.0,0.47,21.0,0.46,21.0,0.53,1.0,0.54,10.0,0.01,0.06,613.76227,1776231674000
1776231676.181,76.181,0.52,17.0,0.48,5.0,0.53,16.0,0.54,21.0,0.47,16.0,0.46,21.0,0.48,17.0,0.52,5.0,0.01,0.01,613.75878,1776231675000
1776231677.151,77.151,0.52,17.0,0.48,5.0,0.53,16.0,0.54,21.0,0.47,16.0,0.46,21.0,0.48,17.0,0.52,5.0,0.01,0.01,613.82242,1776231676000
1776231678.15,78.15,0.52,17.0,0.48,5.0,0.53,16.0,0.54,21.0,0.47,16.0,0.46,21.0,0.48,17.0,0.52,5.0,0.01,0.01,613.816166,1776231677000
1776231678.439,78.439,0.52,5.0,0.5,10.4,0.53,3.15,0.54,21.0,0.47,16.0,0.46,21.0,0.48,17.0,0.52,5.0,0.01,0.01,613.816166,1776231677000
1776231679.164,79.164,0.52,5.0,0.5,10.4,0.53,3.15,0.54,21.0,0.47,3.15,0.46,21.0,0.48,5.0,0.5,10.4,0.01,0.01,613.829783,1776231678000
1776231679.733,79.733,0.52,15.4,0.51,10.4,0.54,19.09,0.55,5.0,0.47,3.15,0.46,21.0,0.48,5.0,0.5,10.4,0.02,0.01,613.829783,1776231678000
1776231680.118,80.118,0.52,15.4,0.51,10.4,0.54,19.09,0.55,5.0,0.46,19.09,0.45,5.0,0.48,15.4,0.49,10.4,0.02,0.02,613.826,1776231679000
1776231681.05,81.05,0.52,15.4,0.51,10.4,0.54,19.09,0.55,5.0,0.46,19.09,0.45,5.0,0.48,15.4,0.49,10.4,0.02,0.02,613.822,1776231680000
1776231682.019,82.019,0.52,15.4,0.51,10.4,0.54,19.09,0.55,5.0,0.46,19.09,0.45,5.0,0.48,15.4,0.49,10.4,0.02,0.02,613.822,1776231681000
1776231683.037,83.037,0.52,15.4,0.51,10.4,0.54,19.09,0.55,5.0,0.46,19.09,0.45,5.0,0.48,15.4,0.49,10.4,0.02,0.02,613.799,1776231682000
1776231683.978,83.978,0.52,15.4,0.51,10.4,0.54,19.09,0.55,5.0,0.46,19.09,0.45,5.0,0.48,15.4,0.49,10.4,0.02,0.02,613.838,1776231683000
1776231684.996,84.996,0.53,5.0,0.51,60.4,0.54,9.09,0.55,5.0,0.46,9.09,0.45,5.0,0.47,5.0,0.49,60.4,0.01,0.01,613.831,1776231684000
1776231686.543,86.543,0.53,5.0,0.51,60.4,0.54,9.09,0.55,5.0,0.46,9.09,0.45,5.0,0.47,5.0,0.49,60.4,0.01,0.01,613.837,1776231685000
1776231687.103,87.103,0.53,5.0,0.51,60.4,0.54,9.09,0.55,5.0,0.46,9.09,0.45,5.0,0.47,5.0,0.49,60.4,0.01,0.01,613.837,1776231686000
1776231688.162,88.162,0.53,5.0,0.51,60.4,0.54,9.09,0.55,5.0,0.46,9.09,0.45,5.0,0.47,5.0,0.49,60.4,0.01,0.01,613.838,1776231687000
1776231689.139,89.139,0.53,5.0,0.51,50.0,0.65,10.71,0.66,16.6,0.35,10.71,0.34,16.6,0.47,5.0,0.49,50.0,0.12,0.12,613.834,1776231688000
1776231690.326,90.326,0.53,5.0,0.51,50.0,0.65,10.71,0.66,16.6,0.35,10.71,0.34,16.6,0.47,5.0,0.49,50.0,0.12,0.12,613.81374,1776231689000
1776231691.299,91.299,0.53,5.0,0.51,50.0,0.65,10.71,0.66,16.6,0.35,10.71,0.34,16.6,0.47,5.0,0.49,50.0,0.12,0.12,613.828,1776231690000
1776231692.354,92.354,0.53,5.0,0.51,50.0,0.65,10.71,0.66,16.6,0.35,10.71,0.34,16.6,0.47,5.0,0.49,50.0,0.12,0.12,613.826,1776231691000
1776231692.91,92.91,0.57,5.0,0.53,5.0,0.7,4.16,0.71,5.0,0.3,4.16,0.29,5.0,0.43,5.0,0.47,5.0,0.13,0.13,613.826,1776231692000
1776231693.857,93.857,0.57,5.0,0.53,5.0,0.7,4.16,0.71,5.0,0.3,4.16,0.29,5.0,0.43,5.0,0.47,5.0,0.13,0.13,613.829,1776231693000
1776231694.87,94.87,0.57,5.0,0.53,5.0,0.7,4.16,0.71,5.0,0.3,4.16,0.29,5.0,0.43,5.0,0.47,5.0,0.13,0.13,613.841,1776231694000
1776231695.85,95.85,0.57,5.0,0.53,5.0,0.7,4.16,0.71,5.0,0.3,4.16,0.29,5.0,0.43,5.0,0.47,5.0,0.13,0.13,613.87695,1776231695000
1776231696.952,96.952,0.57,5.0,0.53,5.0,0.7,4.16,0.71,5.0,0.3,4.16,0.29,5.0,0.43,5.0,0.47,5.0,0.13,0.13,613.883471,1776231696000
1776231697.935,97.935,0.57,5.0,0.53,5.0,0.7,4.16,0.71,5.0,0.3,4.16,0.29,5.0,0.43,5.0,0.47,5.0,0.13,0.13,613.906336,1776231697000
1776231698.952,98.952,0.57,5.0,0.53,5.0,0.7,4.16,0.71,5.0,0.3,4.16,0.29,5.0,0.43,5.0,0.47,5.0,0.13,0.13,613.929404,1776231698000
1776231700.429,100.429,0.57,5.0,0.53,5.0,0.7,4.16,0.71,5.0,0.3,4.16,0.29,5.0,0.43,5.0,0.47,5.0,0.13,0.13,613.952607,1776231699000
1776231700.997,100.997,0.57,5.0,0.53,5.0,0.7,4.16,0.71,5.0,0.3,4.16,0.29,5.0,0.43,5.0,0.47,5.0,0.13,0.13,613.91778,1776231700000
1776231701.92,101.92,0.57,5.0,0.53,5.0,0.7,4.16,0.71,5.0,0.3,4.16,0.29,5.0,0.43,5.0,0.47,5.0,0.13,0.13,613.905,1776231701000
1776231702.952,102.952,0.57,5.0,0.53,5.0,0.7,4.16,0.71,5.0,0.3,4.16,0.29,5.0,0.43,5.0,0.47,5.0,0.13,0.13,613.933,1776231702000
1776231703.993,103.993,0.57,5.0,0.53,5.0,0.7,4.16,0.71,5.0,0.3,4.16,0.29,5.0,0.43,5.0,0.47,5.0,0.13,0.13,613.94,1776231703000
1776231704.999,104.999,0.57,5.0,0.53,5.0,0.7,4.16,0.71,5.0,0.3,4.16,0.29,5.0,0.43,5.0,0.47,5.0,0.13,0.13,613.91246,1776231704000
1776231705.973,105.973,0.57,5.0,0.53,5.0,0.7,4.16,0.71,5.0,0.3,4.16,0.29,5.0,0.43,5.0,0.47,5.0,0.13,0.13,613.914,1776231705000
1776231706.919,106.919,0.57,5.0,0.53,5.0,0.7,4.16,0.71,5.0,0.3,4.16,0.29,5.0,0.43,5.0,0.47,5.0,0.13,0.13,613.88305,1776231706000
1776231707.387,107.387,0.57,5.0,0.53,5.0,0.67,43.0,0.68,11.9,0.3,4.16,0.29,5.0,0.43,5.0,0.47,5.0,0.1,0.13,613.88305,1776231706000
1776231707.988,107.988,0.57,5.0,0.53,5.0,0.67,43.0,0.68,11.9,0.33,43.0,0.32,11.9,0.43,5.0,0.47,5.0,0.1,0.1,613.805742,1776231707000
1776231709.009,109.009,0.57,5.0,0.53,5.0,0.67,43.0,0.68,11.9,0.33,43.0,0.32,11.9,0.43,5.0,0.47,5.0,0.1,0.1,613.786643,1776231708000
1776231709.988,109.988,0.57,5.0,0.53,5.0,0.67,43.0,0.68,11.9,0.33,43.0,0.32,11.9,0.43,5.0,0.47,5.0,0.1,0.1,613.786616,1776231709000
1776231711.055,111.055,0.57,5.0,0.53,5.0,0.67,43.0,0.68,11.9,0.33,43.0,0.32,11.9,0.43,5.0,0.47,5.0,0.1,0.1,613.786571,1776231710000
1776231712.033,112.033,0.57,5.0,0.53,5.0,0.67,43.0,0.68,11.9,0.33,43.0,0.32,11.9,0.43,5.0,0.47,5.0,0.1,0.1,613.784,1776231711000
1776231713.232,113.232,0.57,5.0,0.53,5.0,0.67,43.0,0.68,11.9,0.33,43.0,0.32,11.9,0.43,5.0,0.47,5.0,0.1,0.1,613.76638,1776231712000
1776231714.742,114.742,0.57,5.0,0.53,5.0,0.67,43.0,0.68,11.9,0.33,43.0,0.32,11.9,0.43,5.0,0.47,5.0,0.1,0.1,613.763542,1776231713000
1776231715.381,115.381,0.57,5.0,0.53,5.0,0.67,43.0,0.68,11.9,0.33,43.0,0.32,11.9,0.43,5.0,0.47,5.0,0.1,0.1,613.763573,1776231714000
1776231716.061,116.061,0.57,5.0,0.53,5.0,0.67,43.0,0.68,11.9,0.33,43.0,0.32,11.9,0.43,5.0,0.47,5.0,0.1,0.1,613.78,1776231715000
1776231717.479,117.479,0.57,5.0,0.53,5.0,0.67,43.0,0.68,11.9,0.33,43.0,0.32,11.9,0.43,5.0,0.47,5.0,0.1,0.1,613.78,1776231716000
1776231718.205,118.205,0.57,5.0,0.53,5.0,0.67,43.0,0.68,11.9,0.33,43.0,0.32,11.9,0.43,5.0,0.47,5.0,0.1,0.1,613.787,1776231717000
1776231719.558,119.558,0.57,5.0,0.53,5.0,0.67,43.0,0.68,11.9,0.33,43.0,0.32,11.9,0.43,5.0,0.47,5.0,0.1,0.1,613.78328,1776231718000
1776231720.261,120.261,0.57,5.0,0.53,5.0,0.67,43.0,0.68,11.9,0.33,43.0,0.32,11.9,0.43,5.0,0.47,5.0,0.1,0.1,613.789,1776231719000
1776231721.585,121.585,0.57,5.0,0.53,5.0,0.67,43.0,0.68,11.9,0.33,43.0,0.32,11.9,0.43,5.0,0.47,5.0,0.1,0.1,613.79553,1776231720000
1776231722.18,122.18,0.57,5.0,0.53,5.0,0.67,43.0,0.68,11.9,0.33,43.0,0.32,11.9,0.43,5.0,0.47,5.0,0.1,0.1,613.80506,1776231721000
1776231723.596,123.596,0.57,5.0,0.53,5.0,0.67,43.0,0.68,11.9,0.33,43.0,0.32,11.9,0.43,5.0,0.47,5.0,0.1,0.1,613.79047,1776231722000
1776231724.212,124.212,0.57,5.0,0.53,5.0,0.67,43.0,0.68,11.9,0.33,43.0,0.32,11.9,0.43,5.0,0.47,5.0,0.1,0.1,613.78884,1776231723000
1776231725.739,125.739,0.57,5.0,0.53,5.0,0.67,43.0,0.68,11.9,0.33,43.0,0.32,11.9,0.43,5.0,0.47,5.0,0.1,0.1,613.82966,1776231724000
1776231726.346,126.346,0.57,5.0,0.53,5.0,0.67,43.0,0.68,11.9,0.33,43.0,0.32,11.9,0.43,5.0,0.47,5.0,0.1,0.1,613.85152,1776231725000
1776231726.999,126.999,0.57,5.0,0.53,5.0,0.67,43.0,0.68,11.9,0.33,43.0,0.32,11.9,0.43,5.0,0.47,5.0,0.1,0.1,613.82814,1776231726000
1776231728.328,128.328,0.57,5.0,0.53,5.0,0.67,43.0,0.68,11.9,0.33,43.0,0.32,11.9,0.43,5.0,0.47,5.0,0.1,0.1,613.82949,1776231727000
1776231729.007,129.007,0.57,5.0,0.53,5.0,0.67,43.0,0.68,11.9,0.33,43.0,0.32,11.9,0.43,5.0,0.47,5.0,0.1,0.1,613.83078,1776231728000
1776231730.739,130.739,0.57,5.0,0.53,5.0,0.67,43.0,0.68,11.9,0.33,43.0,0.32,11.9,0.43,5.0,0.47,5.0,0.1,0.1,613.83099,1776231729000
1776231731.27,131.27,0.57,5.0,0.53,5.0,0.67,43.0,0.68,11.9,0.33,43.0,0.32,11.9,0.43,5.0,0.47,5.0,0.1,0.1,613.83124,1776231730000
1776231732.35,132.35,0.57,5.0,0.53,5.0,0.67,43.0,0.68,11.9,0.33,43.0,0.32,11.9,0.43,5.0,0.47,5.0,0.1,0.1,613.88121,1776231731000
1776231733.604,133.604,0.57,5.0,0.53,5.0,0.67,43.0,0.68,11.9,0.33,43.0,0.32,11.9,0.43,5.0,0.47,5.0,0.1,0.1,613.906541,1776231732000
1776231734.0,134.0,0.57,5.0,0.53,5.0,0.67,43.0,0.68,11.9,0.33,43.0,0.32,11.9,0.43,5.0,0.47,5.0,0.1,0.1,613.906541,1776231733000
1776231735.028,135.028,0.57,5.0,0.53,5.0,0.67,43.0,0.68,11.9,0.33,43.0,0.32,11.9,0.43,5.0,0.47,5.0,0.1,0.1,613.90471,1776231734000
1776231736.477,136.477,0.57,5.0,0.53,5.0,0.67,43.0,0.68,11.9,0.33,43.0,0.32,11.9,0.43,5.0,0.47,5.0,0.1,0.1,613.915,1776231735000
1776231737.001,137.001,0.57,5.0,0.53,5.0,0.67,43.0,0.68,11.9,0.33,43.0,0.32,11.9,0.43,5.0,0.47,5.0,0.1,0.1,613.913,1776231736000
1776231738.138,138.138,0.57,5.0,0.53,5.0,0.67,43.0,0.68,11.9,0.33,43.0,0.32,11.9,0.43,5.0,0.47,5.0,0.1,0.1,613.915,1776231737000
1776231739.349,139.349,0.57,5.0,0.53,5.0,0.67,43.0,0.68,11.9,0.33,43.0,0.32,11.9,0.43,5.0,0.47,5.0,0.1,0.1,613.913,1776231738000
1776231740.423,140.423,0.57,5.0,0.53,5.0,0.67,43.0,0.68,11.9,0.33,43.0,0.32,11.9,0.43,5.0,0.47,5.0,0.1,0.1,613.903,1776231739000
1776231741.116,141.116,0.57,5.0,0.53,5.0,0.67,43.0,0.68,11.9,0.33,43.0,0.32,11.9,0.43,5.0,0.47,5.0,0.1,0.1,613.903,1776231740000
1776231742.159,142.159,0.57,5.0,0.53,5.0,0.67,43.0,0.68,11.9,0.33,43.0,0.32,11.9,0.43,5.0,0.47,5.0,0.1,0.1,613.903,1776231741000
1776231743.597,143.597,0.57,5.0,0.53,5.0,0.67,43.0,0.68,11.9,0.33,43.0,0.32,11.9,0.43,5.0,0.47,5.0,0.1,0.1,613.908,1776231742000
1776231744.228,144.228,0.57,5.0,0.53,5.0,0.67,43.0,0.68,11.9,0.33,43.0,0.32,11.9,0.43,5.0,0.47,5.0,0.1,0.1,613.916,1776231743000
1776231746.026,146.026,0.57,5.0,0.53,5.0,0.67,43.0,0.68,11.9,0.33,43.0,0.32,11.9,0.43,5.0,0.47,5.0,0.1,0.1,613.912,1776231744000
1776231747.469,147.469,0.57,5.0,0.53,5.0,0.67,43.0,0.68,11.9,0.33,43.0,0.32,11.9,0.43,5.0,0.47,5.0,0.1,0.1,613.915,1776231745000
1776231748.294,148.294,0.57,5.0,0.53,5.0,0.67,43.0,0.68,11.9,0.33,43.0,0.32,11.9,0.43,5.0,0.47,5.0,0.1,0.1,613.910223,1776231747000
1776231749.818,149.818,0.57,5.0,0.53,5.0,0.67,43.0,0.68,11.9,0.33,43.0,0.32,11.9,0.43,5.0,0.47,5.0,0.1,0.1,613.915084,1776231748000
1776231750.415,150.415,0.57,5.0,0.53,5.0,0.67,43.0,0.68,11.9,0.33,43.0,0.32,11.9,0.43,5.0,0.47,5.0,0.1,0.1,613.922045,1776231749000
1776231751.163,151.163,0.57,5.0,0.53,5.0,0.67,43.0,0.68,11.9,0.33,43.0,0.32,11.9,0.43,5.0,0.47,5.0,0.1,0.1,613.92939,1776231750000
1776231752.495,152.495,0.57,5.0,0.53,5.0,0.67,43.0,0.68,11.9,0.33,43.0,0.32,11.9,0.43,5.0,0.47,5.0,0.1,0.1,613.89823,1776231751000
1776231753.179,153.179,0.57,5.0,0.53,5.0,0.67,43.0,0.68,11.9,0.33,43.0,0.32,11.9,0.43,5.0,0.47,5.0,0.1,0.1,613.91016,1776231752000
1776231754.552,154.552,0.57,5.0,0.53,5.0,0.67,43.0,0.68,11.9,0.33,43.0,0.32,11.9,0.43,5.0,0.47,5.0,0.1,0.1,613.90059,1776231753000
1776231755.294,155.294,0.57,5.0,0.53,5.0,0.67,43.0,0.68,11.9,0.33,43.0,0.32,11.9,0.43,5.0,0.47,5.0,0.1,0.1,613.90059,1776231754000
1776231756.526,156.526,0.57,5.0,0.53,5.0,0.67,43.0,0.68,11.9,0.33,43.0,0.32,11.9,0.43,5.0,0.47,5.0,0.1,0.1,613.9025,1776231755000
1776231757.241,157.241,0.57,5.0,0.53,5.0,0.67,43.0,0.68,11.9,0.33,43.0,0.32,11.9,0.43,5.0,0.47,5.0,0.1,0.1,613.90234,1776231756000
1776231758.626,158.626,0.57,5.0,0.53,5.0,0.67,43.0,0.68,11.9,0.33,43.0,0.32,11.9,0.43,5.0,0.47,5.0,0.1,0.1,613.89379,1776231757000
1776231759.333,159.333,0.57,5.0,0.53,5.0,0.67,43.0,0.68,11.9,0.33,43.0,0.32,11.9,0.43,5.0,0.47,5.0,0.1,0.1,613.89368,1776231758000
1776231759.975,159.975,0.57,5.0,0.53,5.0,0.67,43.0,0.68,11.9,0.33,43.0,0.32,11.9,0.43,5.0,0.47,5.0,0.1,0.1,613.89223,1776231759000
1776231761.286,161.286,0.57,5.0,0.53,5.0,0.67,43.0,0.68,11.9,0.33,43.0,0.32,11.9,0.43,5.0,0.47,5.0,0.1,0.1,613.895755,1776231760000
1776231762.601,162.601,0.57,5.0,0.53,5.0,0.67,43.0,0.68,11.9,0.33,43.0,0.32,11.9,0.43,5.0,0.47,5.0,0.1,0.1,613.90688,1776231761000
1776231763.313,163.313,0.57,5.0,0.53,5.0,0.67,43.0,0.68,11.9,0.33,43.0,0.32,11.9,0.43,5.0,0.47,5.0,0.1,0.1,613.90092,1776231762000
1776231764.161,164.161,0.57,5.0,0.53,5.0,0.67,43.0,0.68,11.9,0.33,43.0,0.32,11.9,0.43,5.0,0.47,5.0,0.1,0.1,613.90193,1776231763000
1776231765.248,165.248,0.57,5.0,0.53,5.0,0.67,43.0,0.68,11.9,0.33,43.0,0.32,11.9,0.43,5.0,0.47,5.0,0.1,0.1,613.902589,1776231764000
1776231766.29,166.29,0.57,5.0,0.53,5.0,0.67,43.0,0.68,11.9,0.33,43.0,0.32,11.9,0.43,5.0,0.47,5.0,0.1,0.1,613.917715,1776231765000
1776231767.384,167.384,0.57,5.0,0.53,5.0,0.67,43.0,0.68,11.9,0.33,43.0,0.32,11.9,0.43,5.0,0.47,5.0,0.1,0.1,613.916608,1776231766000
1776231768.387,168.387,0.57,5.0,0.53,5.0,0.67,43.0,0.68,11.9,0.33,43.0,0.32,11.9,0.43,5.0,0.47,5.0,0.1,0.1,613.959617,1776231767000
1776231768.913,168.913,0.57,5.0,0.53,5.0,0.67,43.0,0.68,11.9,0.33,43.0,0.32,11.9,0.43,5.0,0.47,5.0,0.1,0.1,613.956,1776231768000
1776231770.032,170.032,0.57,5.0,0.53,5.0,0.67,43.0,0.68,11.9,0.33,43.0,0.32,11.9,0.43,5.0,0.47,5.0,0.1,0.1,613.953683,1776231769000
1776231771.061,171.061,0.57,5.0,0.53,5.0,0.67,43.0,0.68,11.9,0.33,43.0,0.32,11.9,0.43,5.0,0.47,5.0,0.1,0.1,613.95,1776231770000
1776231772.136,172.136,0.7,12.4,0.69,17.2,0.81,10.76,0.82,17.6,0.19,10.76,0.18,17.6,0.3,12.4,0.31,17.2,0.11,0.11,613.928977,1776231771000
1776231773.188,173.188,0.7,12.4,0.69,17.2,0.81,10.76,0.82,17.6,0.19,10.76,0.18,17.6,0.3,12.4,0.31,17.2,0.11,0.11,613.914947,1776231772000
1776231774.447,174.447,0.7,12.4,0.69,17.2,0.81,10.76,0.82,17.6,0.19,10.76,0.18,17.6,0.3,12.4,0.31,17.2,0.11,0.11,613.913884,1776231773000
1776231775.075,175.075,0.7,12.4,0.69,17.2,0.81,10.76,0.82,17.6,0.19,10.76,0.18,17.6,0.3,12.4,0.31,17.2,0.11,0.11,613.91405,1776231774000
1776231776.15,176.15,0.7,12.4,0.69,17.2,0.81,10.76,0.82,17.6,0.19,10.76,0.18,17.6,0.3,12.4,0.31,17.2,0.11,0.11,613.949,1776231775000
1776231776.375,176.375,0.7,5.0,0.69,12.2,0.81,26.41,0.82,17.6,0.19,10.76,0.18,17.6,0.3,12.4,0.31,17.2,0.11,0.11,613.949,1776231775000
1776231777.275,177.275,0.7,5.0,0.69,12.2,0.81,26.41,0.82,17.6,0.19,26.41,0.18,17.6,0.3,5.0,0.31,12.2,0.11,0.11,613.946,1776231776000
1776231778.298,178.298,0.7,5.0,0.69,12.2,0.81,26.41,0.82,17.6,0.19,26.41,0.18,17.6,0.3,5.0,0.31,12.2,0.11,0.11,613.914,1776231777000
1776231779.673,179.673,0.7,5.0,0.69,12.2,0.81,26.41,0.82,17.6,0.19,26.41,0.18,17.6,0.3,5.0,0.31,12.2,0.11,0.11,613.91,1776231778000
1776231780.481,180.481,0.7,5.0,0.69,12.2,0.81,26.41,0.82,17.6,0.19,26.41,0.18,17.6,0.3,5.0,0.31,12.2,0.11,0.11,613.914,1776231779000
1776231781.085,181.085,0.7,5.0,0.69,12.2,0.81,26.41,0.82,17.6,0.19,26.41,0.18,17.6,0.3,5.0,0.31,12.2,0.11,0.11,613.914,1776231780000
1776231782.317,182.317,0.7,5.0,0.69,12.2,0.81,26.41,0.82,17.6,0.19,26.41,0.18,17.6,0.3,5.0,0.31,12.2,0.11,0.11,613.92,1776231781000
1776231783.354,183.354,0.7,5.0,0.69,12.2,0.81,26.41,0.82,17.6,0.19,26.41,0.18,17.6,0.3,5.0,0.31,12.2,0.11,0.11,613.952059,1776231782000
1776231784.453,184.453,0.7,5.0,0.69,12.2,0.81,26.41,0.82,17.6,0.19,26.41,0.18,17.6,0.3,5.0,0.31,12.2,0.11,0.11,613.987,1776231783000
1776231785.062,185.062,0.7,5.0,0.69,12.2,0.81,26.41,0.82,17.6,0.19,26.41,0.18,17.6,0.3,5.0,0.31,12.2,0.11,0.11,613.987,1776231784000
1776231786.336,186.336,0.7,5.0,0.69,12.2,0.81,26.41,0.82,17.6,0.19,26.41,0.18,17.6,0.3,5.0,0.31,12.2,0.11,0.11,613.949,1776231785000
1776231787.208,187.208,0.7,5.0,0.69,12.2,0.81,26.41,0.82,17.6,0.19,26.41,0.18,17.6,0.3,5.0,0.31,12.2,0.11,0.11,613.949,1776231786000
1776231788.573,188.573,0.7,5.0,0.69,12.2,0.81,26.41,0.82,17.6,0.19,26.41,0.18,17.6,0.3,5.0,0.31,12.2,0.11,0.11,613.910139,1776231787000
1776231789.084,189.084,0.7,5.0,0.69,12.2,0.81,26.41,0.82,17.6,0.19,26.41,0.18,17.6,0.3,5.0,0.31,12.2,0.11,0.11,613.910123,1776231788000
1776231790.383,190.383,0.7,5.0,0.69,12.2,0.81,26.41,0.82,17.6,0.19,26.41,0.18,17.6,0.3,5.0,0.31,12.2,0.11,0.11,613.915,1776231789000
1776231791.052,191.052,0.7,5.0,0.69,12.2,0.81,26.41,0.82,17.6,0.19,26.41,0.18,17.6,0.3,5.0,0.31,12.2,0.11,0.11,613.915,1776231790000
1776231792.299,192.299,0.7,5.0,0.69,12.2,0.81,26.41,0.82,17.6,0.19,26.41,0.18,17.6,0.3,5.0,0.31,12.2,0.11,0.11,613.912,1776231791000
1776231793.572,193.572,0.7,5.0,0.69,12.2,0.81,26.41,0.82,17.6,0.19,26.41,0.18,17.6,0.3,5.0,0.31,12.2,0.11,0.11,613.901,1776231792000
1776231794.149,194.149,0.7,5.0,0.69,12.2,0.81,26.41,0.82,17.6,0.19,26.41,0.18,17.6,0.3,5.0,0.31,12.2,0.11,0.11,613.902,1776231793000
1776231795.531,195.531,0.7,5.0,0.69,12.2,0.81,26.41,0.82,17.6,0.19,26.41,0.18,17.6,0.3,5.0,0.31,12.2,0.11,0.11,613.9,1776231794000
1776231796.106,196.106,0.7,5.0,0.69,12.2,0.81,26.41,0.82,17.6,0.19,26.41,0.18,17.6,0.3,5.0,0.31,12.2,0.11,0.11,613.9,1776231795000
1776231797.237,197.237,0.7,5.0,0.69,12.2,0.81,26.41,0.82,17.6,0.19,26.41,0.18,17.6,0.3,5.0,0.31,12.2,0.11,0.11,613.893,1776231796000
1776231798.378,198.378,0.7,5.0,0.69,12.2,0.81,26.41,0.82,17.6,0.19,26.41,0.18,17.6,0.3,5.0,0.31,12.2,0.11,0.11,613.913,1776231797000
1776231799.275,199.275,0.7,5.0,0.69,12.2,0.81,26.41,0.82,17.6,0.19,26.41,0.18,17.6,0.3,5.0,0.31,12.2,0.11,0.11,613.913,1776231798000
1776231799.718,199.718,0.64,12.0,0.63,5.0,0.74,10.25,0.75,13.9,0.19,26.41,0.18,17.6,0.3,5.0,0.31,12.2,0.1,0.11,613.913,1776231798000
1776231800.299,200.299,0.64,12.0,0.63,5.0,0.74,10.25,0.75,13.9,0.26,10.25,0.25,13.9,0.36,12.0,0.37,5.0,0.1,0.1,613.895,1776231799000
1776231800.923,200.923,0.64,12.0,0.63,5.0,0.74,10.25,0.75,13.9,0.26,10.25,0.25,13.9,0.36,12.0,0.37,5.0,0.1,0.1,613.895,1776231800000
1776231801.951,201.951,0.64,12.0,0.63,5.0,0.74,10.25,0.75,13.9,0.26,10.25,0.25,13.9,0.36,12.0,0.37,5.0,0.1,0.1,613.895,1776231801000
1776231803.145,203.145,0.64,12.0,0.63,5.0,0.74,10.25,0.75,13.9,0.26,10.25,0.25,13.9,0.36,12.0,0.37,5.0,0.1,0.1,613.894,1776231802000
1776231804.272,204.272,0.64,12.0,0.63,5.0,0.74,10.25,0.75,13.9,0.26,10.25,0.25,13.9,0.36,12.0,0.37,5.0,0.1,0.1,613.898,1776231803000
1776231805.339,205.339,0.64,12.0,0.63,5.0,0.74,10.25,0.75,13.9,0.26,10.25,0.25,13.9,0.36,12.0,0.37,5.0,0.1,0.1,613.895,1776231804000
1776231805.873,205.873,0.64,12.0,0.63,5.0,0.74,10.25,0.75,13.9,0.26,10.25,0.25,13.9,0.36,12.0,0.37,5.0,0.1,0.1,613.895,1776231805000
1776231807.136,207.136,0.64,12.0,0.63,5.0,0.74,10.25,0.75,13.9,0.26,10.25,0.25,13.9,0.36,12.0,0.37,5.0,0.1,0.1,613.894,1776231806000
1776231808.391,208.391,0.64,12.0,0.63,5.0,0.74,10.25,0.75,13.9,0.26,10.25,0.25,13.9,0.36,12.0,0.37,5.0,0.1,0.1,613.9,1776231807000
1776231808.873,208.873,0.64,12.0,0.63,5.0,0.74,10.25,0.75,13.9,0.26,10.25,0.25,13.9,0.36,12.0,0.37,5.0,0.1,0.1,613.9,1776231808000
1776231810.361,210.361,0.64,12.0,0.63,5.0,0.74,10.25,0.75,13.9,0.26,10.25,0.25,13.9,0.36,12.0,0.37,5.0,0.1,0.1,613.898,1776231809000
1776231811.021,211.021,0.64,12.0,0.63,5.0,0.74,10.25,0.75,13.9,0.26,10.25,0.25,13.9,0.36,12.0,0.37,5.0,0.1,0.1,613.898,1776231810000
1776231812.085,212.085,0.64,12.0,0.63,5.0,0.74,10.25,0.75,13.9,0.26,10.25,0.25,13.9,0.36,12.0,0.37,5.0,0.1,0.1,613.89917,1776231811000
1776231813.06,213.06,0.64,12.0,0.63,5.0,0.74,10.25,0.75,13.9,0.26,10.25,0.25,13.9,0.36,12.0,0.37,5.0,0.1,0.1,613.898,1776231812000
1776231813.582,213.582,0.52,5.81,0.51,50.0,0.77,26.7,0.78,15.2,0.26,10.25,0.25,13.9,0.36,12.0,0.37,5.0,0.25,0.1,613.898,1776231812000
1776231814.143,214.143,0.51,47.6,0.45,10.5,0.77,26.7,0.78,15.2,0.23,26.7,0.22,15.2,0.49,47.6,0.55,10.5,0.26,0.26,613.898,1776231813000
1776231815.233,215.233,0.51,47.6,0.45,10.5,0.77,26.7,0.78,15.2,0.23,26.7,0.22,15.2,0.49,47.6,0.55,10.5,0.26,0.26,613.80795,1776231814000
1776231816.274,216.274,0.51,47.6,0.45,10.5,0.77,26.7,0.78,15.2,0.23,26.7,0.22,15.2,0.49,47.6,0.55,10.5,0.26,0.26,613.8078,1776231815000
1776231817.341,217.341,0.51,47.6,0.45,10.5,0.77,26.7,0.78,15.2,0.23,26.7,0.22,15.2,0.49,47.6,0.55,10.5,0.26,0.26,613.84756,1776231816000
1776231817.894,217.894,0.51,47.6,0.45,10.5,0.77,26.7,0.78,15.2,0.23,26.7,0.22,15.2,0.49,47.6,0.55,10.5,0.26,0.26,613.84575,1776231817000
1776231818.956,218.956,0.51,47.6,0.45,10.5,0.77,26.7,0.78,15.2,0.23,26.7,0.22,15.2,0.49,47.6,0.55,10.5,0.26,0.26,613.85877,1776231818000
1776231820.071,220.071,0.51,47.6,0.45,10.5,0.77,26.7,0.78,15.2,0.23,26.7,0.22,15.2,0.49,47.6,0.55,10.5,0.26,0.26,613.84071,1776231819000
1776231821.129,221.129,0.51,47.6,0.45,10.5,0.77,26.7,0.78,15.2,0.23,26.7,0.22,15.2,0.49,47.6,0.55,10.5,0.26,0.26,613.83938,1776231820000
1776231821.759,221.759,0.51,0.93,0.41,50.0,0.61,12.0,0.62,10.0,0.23,26.7,0.22,15.2,0.49,47.6,0.55,10.5,0.1,0.26,613.83938,1776231820000
1776231822.16,222.16,0.51,0.93,0.41,50.0,0.61,12.0,0.62,10.0,0.39,12.0,0.38,10.0,0.49,0.93,0.59,50.0,0.1,0.1,613.857537,1776231821000
1776231823.184,223.184,0.51,0.93,0.41,50.0,0.61,12.0,0.62,10.0,0.39,12.0,0.38,10.0,0.49,0.93,0.59,50.0,0.1,0.1,613.79093,1776231822000
1776231824.298,224.298,0.51,0.93,0.41,50.0,0.61,12.0,0.62,10.0,0.39,12.0,0.38,10.0,0.49,0.93,0.59,50.0,0.1,0.1,613.71901,1776231823000
1776231825.005,225.005,0.51,0.93,0.41,50.0,0.61,12.0,0.62,10.0,0.39,12.0,0.38,10.0,0.49,0.93,0.59,50.0,0.1,0.1,613.694,1776231824000
1776231826.128,226.128,0.51,0.93,0.41,50.0,0.61,12.0,0.62,10.0,0.39,12.0,0.38,10.0,0.49,0.93,0.59,50.0,0.1,0.1,613.689,1776231825000
1776231827.167,227.167,0.51,0.93,0.41,50.0,0.61,12.0,0.62,10.0,0.39,12.0,0.38,10.0,0.49,0.93,0.59,50.0,0.1,0.1,613.702,1776231826000
1776231828.262,228.262,0.51,0.93,0.41,50.0,0.61,12.0,0.62,10.0,0.39,12.0,0.38,10.0,0.49,0.93,0.59,50.0,0.1,0.1,613.69,1776231827000
1776231829.513,229.513,0.51,0.93,0.41,50.0,0.61,12.0,0.62,10.0,0.39,12.0,0.38,10.0,0.49,0.93,0.59,50.0,0.1,0.1,613.679955,1776231828000
1776231830.023,230.023,0.51,0.93,0.41,50.0,0.61,12.0,0.62,10.0,0.39,12.0,0.38,10.0,0.49,0.93,0.59,50.0,0.1,0.1,613.6843,1776231829000
1776231831.105,231.105,0.51,0.93,0.41,50.0,0.61,12.0,0.62,10.0,0.39,12.0,0.38,10.0,0.49,0.93,0.59,50.0,0.1,0.1,613.678792,1776231830000
1776231832.162,232.162,0.51,0.93,0.41,50.0,0.61,12.0,0.62,10.0,0.39,12.0,0.38,10.0,0.49,0.93,0.59,50.0,0.1,0.1,613.674929,1776231831000
1776231833.309,233.309,0.51,0.93,0.41,50.0,0.61,12.0,0.62,10.0,0.39,12.0,0.38,10.0,0.49,0.93,0.59,50.0,0.1,0.1,613.685081,1776231832000
1776231834.312,234.312,0.51,0.93,0.41,50.0,0.61,12.0,0.62,10.0,0.39,12.0,0.38,10.0,0.49,0.93,0.59,50.0,0.1,0.1,613.6892,1776231833000
1776231834.85,234.85,0.51,0.93,0.41,50.0,0.61,12.0,0.62,10.0,0.39,12.0,0.38,10.0,0.49,0.93,0.59,50.0,0.1,0.1,613.69235,1776231834000
1776231836.104,236.104,0.51,0.93,0.41,50.0,0.61,12.0,0.62,10.0,0.39,12.0,0.38,10.0,0.49,0.93,0.59,50.0,0.1,0.1,613.709689,1776231835000
1776231837.246,237.246,0.51,0.93,0.41,50.0,0.61,12.0,0.62,10.0,0.39,12.0,0.38,10.0,0.49,0.93,0.59,50.0,0.1,0.1,613.713843,1776231836000
1776231838.843,238.843,0.51,0.93,0.41,50.0,0.61,12.0,0.62,10.0,0.39,12.0,0.38,10.0,0.49,0.93,0.59,50.0,0.1,0.1,613.71854,1776231837000
1776231839.336,239.336,0.51,0.93,0.41,50.0,0.61,12.0,0.62,10.0,0.39,12.0,0.38,10.0,0.49,0.93,0.59,50.0,0.1,0.1,613.71856,1776231838000
1776231840.38,240.38,0.51,0.93,0.41,50.0,0.61,12.0,0.62,10.0,0.39,12.0,0.38,10.0,0.49,0.93,0.59,50.0,0.1,0.1,613.71844,1776231839000
1776231841.305,241.305,0.51,0.93,0.41,50.0,0.61,12.0,0.62,10.0,0.39,12.0,0.38,10.0,0.49,0.93,0.59,50.0,0.1,0.1,613.71248,1776231840000
1776231842.328,242.328,0.51,0.93,0.41,50.0,0.61,12.0,0.62,10.0,0.39,12.0,0.38,10.0,0.49,0.93,0.59,50.0,0.1,0.1,613.69049,1776231841000
1776231842.872,242.872,0.51,0.93,0.41,50.0,0.61,12.0,0.62,10.0,0.39,12.0,0.38,10.0,0.49,0.93,0.59,50.0,0.1,0.1,613.68991,1776231842000
1776231844.341,244.341,0.51,0.93,0.41,50.0,0.61,12.0,0.62,10.0,0.39,12.0,0.38,10.0,0.49,0.93,0.59,50.0,0.1,0.1,613.67459,1776231843000
1776231845.251,245.251,0.51,0.93,0.41,50.0,0.61,12.0,0.62,10.0,0.39,12.0,0.38,10.0,0.49,0.93,0.59,50.0,0.1,0.1,613.6091,1776231844000
1776231845.459,245.459,0.21,50.0,0.15,20.39,0.27,12.0,0.28,11.0,0.39,12.0,0.38,10.0,0.49,0.93,0.59,50.0,0.06,0.1,613.6091,1776231844000
1776231846.192,246.192,0.21,50.0,0.15,20.39,0.27,12.0,0.28,11.0,0.73,12.0,0.72,11.0,0.79,50.0,0.85,20.39,0.06,0.06,613.59609,1776231845000
1776231847.156,247.156,0.21,48.73,0.14,21.6,0.25,12.0,0.26,13.5,0.73,12.0,0.72,11.0,0.79,50.0,0.85,20.39,0.04,0.06,613.59609,1776231845000
1776231847.416,247.416,0.21,23.79,0.14,21.6,0.25,25.9,0.26,13.5,0.75,12.0,0.74,13.5,0.79,48.73,0.86,21.6,0.04,0.04,613.60058,1776231846000
1776231848.149,248.149,0.21,23.79,0.14,21.6,0.25,25.9,0.26,13.5,0.75,25.9,0.74,13.5,0.79,23.79,0.86,21.6,0.04,0.04,613.60393,1776231847000
1776231849.212,249.212,0.21,23.79,0.14,21.6,0.25,25.9,0.26,13.5,0.75,25.9,0.74,13.5,0.79,23.79,0.86,21.6,0.04,0.04,613.62876,1776231848000
1776231850.17,250.17,0.21,23.79,0.14,21.6,0.25,25.9,0.26,13.5,0.75,25.9,0.74,13.5,0.79,23.79,0.86,21.6,0.04,0.04,613.61332,1776231849000
1776231850.418,250.418,0.21,9.51,0.13,23.0,0.22,15.2,0.23,14.7,0.75,25.9,0.74,13.5,0.79,23.79,0.86,21.6,0.01,0.04,613.61332,1776231849000
1776231850.705,250.705,0.21,3.43,0.13,23.0,0.22,15.2,0.23,14.7,0.78,15.2,0.77,14.7,0.79,9.51,0.87,23.0,0.01,0.01,613.61332,1776231849000
1776231851.16,251.16,0.12,24.6,0.11,76.6,0.22,15.2,0.23,14.7,0.78,15.2,0.77,14.7,0.79,3.43,0.87,23.0,0.1,0.01,613.61332,1776231849000
1776231851.752,251.752,0.12,24.6,0.11,76.6,0.22,15.2,0.23,14.7,0.78,15.2,0.77,14.7,0.88,24.6,0.89,76.6,0.1,0.1,613.6302,1776231850000
1776231852.346,252.346,0.12,24.6,0.11,76.6,0.22,15.2,0.23,14.7,0.78,15.2,0.77,14.7,0.88,24.6,0.89,76.6,0.1,0.1,613.65805,1776231851000
1776231852.914,252.914,0.12,24.6,0.11,76.6,0.22,15.2,0.23,14.7,0.78,15.2,0.77,14.7,0.88,24.6,0.89,76.6,0.1,0.1,613.65805,1776231852000
1776231854.985,254.985,0.12,24.6,0.11,76.6,0.22,15.2,0.23,14.7,0.78,15.2,0.77,14.7,0.88,24.6,0.89,76.6,0.1,0.1,613.65319,1776231853000
1776231855.765,255.765,0.12,24.6,0.11,76.6,0.22,15.2,0.23,14.7,0.78,15.2,0.77,14.7,0.88,24.6,0.89,76.6,0.1,0.1,613.64975,1776231854000
1776231856.337,256.337,0.12,24.6,0.11,76.6,0.22,15.2,0.23,14.7,0.78,15.2,0.77,14.7,0.88,24.6,0.89,76.6,0.1,0.1,613.63962,1776231855000
1776231856.963,256.963,0.12,24.6,0.11,76.6,0.22,15.2,0.23,14.7,0.78,15.2,0.77,14.7,0.88,24.6,0.89,76.6,0.1,0.1,613.63962,1776231856000
1776231858.185,258.185,0.12,24.6,0.11,76.6,0.22,15.2,0.23,14.7,0.78,15.2,0.77,14.7,0.88,24.6,0.89,76.6,0.1,0.1,613.66922,1776231857000
1776231859.51,259.51,0.12,24.6,0.11,76.6,0.22,15.2,0.23,14.7,0.78,15.2,0.77,14.7,0.88,24.6,0.89,76.6,0.1,0.1,613.67271,1776231858000
1776231860.275,260.275,0.12,24.6,0.11,76.6,0.22,15.2,0.23,14.7,0.78,15.2,0.77,14.7,0.88,24.6,0.89,76.6,0.1,0.1,613.67156,1776231859000
1776231861.512,261.512,0.12,24.6,0.11,76.6,0.22,15.2,0.23,14.7,0.78,15.2,0.77,14.7,0.88,24.6,0.89,76.6,0.1,0.1,613.66994,1776231860000
1776231862.189,262.189,0.12,24.6,0.11,76.6,0.22,15.2,0.23,14.7,0.78,15.2,0.77,14.7,0.88,24.6,0.89,76.6,0.1,0.1,613.67385,1776231861000
1776231863.443,263.443,0.12,24.6,0.11,76.6,0.22,15.2,0.23,14.7,0.78,15.2,0.77,14.7,0.88,24.6,0.89,76.6,0.1,0.1,613.67095,1776231862000
1776231863.768,263.768,0.04,1.9,0.03,89.3,0.18,30.0,0.19,16.89,0.78,15.2,0.77,14.7,0.88,24.6,0.89,76.6,0.14,0.1,613.67095,1776231862000
1776231864.059,264.059,0.03,85.04,0.02,342.69,0.18,30.0,0.19,16.89,0.82,30.0,0.81,16.89,0.97,85.04,0.98,342.69,0.15,0.15,613.66977,1776231863000
1776231865.334,265.334,0.03,85.04,0.02,342.69,0.18,30.0,0.19,16.89,0.82,30.0,0.81,16.89,0.97,85.04,0.98,342.69,0.15,0.15,613.62682,1776231864000
1776231866.682,266.682,0.03,85.04,0.02,342.69,0.18,30.0,0.19,16.89,0.82,30.0,0.81,16.89,0.97,85.04,0.98,342.69,0.15,0.15,613.548995,1776231865000
1776231867.459,267.459,0.03,85.04,0.02,342.69,0.18,30.0,0.19,16.89,0.82,30.0,0.81,16.89,0.97,85.04,0.98,342.69,0.15,0.15,613.548995,1776231866000
1776231868.135,268.135,0.03,85.04,0.02,342.69,0.18,30.0,0.19,16.89,0.82,30.0,0.81,16.89,0.97,85.04,0.98,342.69,0.15,0.15,613.53328,1776231867000
1776231869.012,269.012,0.03,85.04,0.02,342.69,0.18,30.0,0.19,16.89,0.82,30.0,0.81,16.89,0.97,85.04,0.98,342.69,0.15,0.15,613.52216,1776231868000
1776231870.003,270.003,0.03,85.04,0.02,342.69,0.18,30.0,0.19,16.89,0.82,30.0,0.81,16.89,0.97,85.04,0.98,342.69,0.15,0.15,613.52325,1776231869000
1776231871.047,271.047,0.02,137.9,0.01,5677.6,0.07,39.9,0.08,35.29,0.93,39.9,0.92,35.29,0.98,137.9,0.99,5677.6,0.05,0.05,613.522,1776231870000
1776231872.034,272.034,0.02,137.9,0.01,5677.6,0.07,39.9,0.08,35.29,0.93,39.9,0.92,35.29,0.98,137.9,0.99,5677.6,0.05,0.05,613.52538,1776231871000
1776231872.99,272.99,0.02,137.9,0.01,5677.6,0.07,39.9,0.08,35.29,0.93,39.9,0.92,35.29,0.98,137.9,0.99,5677.6,0.05,0.05,613.52532,1776231872000
1776231873.966,273.966,0.02,137.9,0.01,5677.6,0.07,39.9,0.08,35.29,0.93,39.9,0.92,35.29,0.98,137.9,0.99,5677.6,0.05,0.05,613.53095,1776231873000
1776231874.959,274.959,0.02,137.9,0.01,5677.6,0.07,39.9,0.08,35.29,0.93,39.9,0.92,35.29,0.98,137.9,0.99,5677.6,0.05,0.05,613.52857,1776231874000
1776231875.903,275.903,0.02,137.9,0.01,5677.6,0.07,39.9,0.08,35.29,0.93,39.9,0.92,35.29,0.98,137.9,0.99,5677.6,0.05,0.05,613.52857,1776231875000
1776231876.812,276.812,0.02,0.1,0.01,5365.0,0.2,31.0,0.22,10.0,0.8,31.0,0.78,10.0,0.98,0.1,0.99,5365.0,0.18,0.18,613.569,1776231876000
1776231877.911,277.911,0.02,0.1,0.01,5365.0,0.2,31.0,0.22,10.0,0.8,31.0,0.78,10.0,0.98,0.1,0.99,5365.0,0.18,0.18,613.57152,1776231877000
1776231878.843,278.843,0.02,0.1,0.01,5365.0,0.2,31.0,0.22,10.0,0.8,31.0,0.78,10.0,0.98,0.1,0.99,5365.0,0.18,0.18,613.56586,1776231878000
1776231879.845,279.845,0.02,0.1,0.01,5365.0,0.2,31.0,0.22,10.0,0.8,31.0,0.78,10.0,0.98,0.1,0.99,5365.0,0.18,0.18,613.56628,1776231879000
1776231880.735,280.735,0.01,416.92,,,0.2,31.0,0.21,50.0,0.8,31.0,0.78,10.0,0.98,0.1,0.99,5365.0,0.19,0.18,613.56628,1776231879000
1776231881.031,281.031,0.01,414.92,,,0.2,31.0,0.21,50.0,0.8,31.0,0.79,50.0,0.99,416.92,,,0.19,0.19,613.56628,1776231879000
1776231881.679,281.679,0.01,414.92,,,0.2,31.0,0.21,50.0,0.8,31.0,0.79,50.0,0.99,414.92,,,0.19,0.19,613.56328,1776231880000
1776231881.963,281.963,0.01,394.92,,,0.2,31.0,0.21,50.0,0.8,31.0,0.79,50.0,0.99,414.92,,,0.19,0.19,613.56328,1776231880000
1776231883.078,283.078,0.01,394.92,,,0.2,31.0,0.21,50.0,0.8,31.0,0.79,50.0,0.99,394.92,,,0.19,0.19,613.55398,1776231882000
1776231884.168,284.168,0.01,394.92,,,0.2,31.0,0.21,50.0,0.8,31.0,0.79,50.0,0.99,394.92,,,0.19,0.19,613.55557,1776231883000
1776231885.102,285.102,0.01,394.92,,,0.2,31.0,0.21,50.0,0.8,31.0,0.79,50.0,0.99,394.92,,,0.19,0.19,613.5406,1776231884000
1776231886.174,286.174,0.01,394.92,,,0.2,31.0,0.21,50.0,0.8,31.0,0.79,50.0,0.99,394.92,,,0.19,0.19,613.53778,1776231885000
1776231887.243,287.243,0.01,394.92,,,0.2,31.0,0.21,50.0,0.8,31.0,0.79,50.0,0.99,394.92,,,0.19,0.19,613.54099,1776231886000
1776231888.288,288.288,0.01,394.92,,,0.2,31.0,0.21,50.0,0.8,31.0,0.79,50.0,0.99,394.92,,,0.19,0.19,613.54111,1776231887000
1776231889.247,289.247,0.01,394.92,,,0.2,31.0,0.21,50.0,0.8,31.0,0.79,50.0,0.99,394.92,,,0.19,0.19,613.57191,1776231888000
1776231889.898,289.898,0.01,394.92,,,0.2,31.0,0.21,50.0,0.8,31.0,0.79,50.0,0.99,394.92,,,0.19,0.19,613.57191,1776231889000
1776231890.919,290.919,0.01,394.92,,,0.2,31.0,0.21,50.0,0.8,31.0,0.79,50.0,0.99,394.92,,,0.19,0.19,613.54969,1776231890000
1776231891.374,291.374,0.01,24.92,,,0.1,12.0,0.11,50.0,0.8,31.0,0.79,50.0,0.99,394.92,,,0.09,0.19,613.54969,1776231890000
1776231891.828,291.828,0.01,24.92,,,0.1,12.0,0.11,50.0,0.9,12.0,0.89,50.0,0.99,24.92,,,0.09,0.09,613.51928,1776231891000
1776231893.363,293.363,0.01,24.92,,,0.1,12.0,0.11,50.0,0.9,12.0,0.89,50.0,0.99,24.92,,,0.09,0.09,613.49888,1776231892000
1776231894.391,294.391,0.01,19.92,,,0.1,12.0,0.11,50.0,0.9,12.0,0.89,50.0,0.99,24.92,,,0.09,0.09,613.49888,1776231892000
1776231894.788,294.788,0.01,19.92,,,0.1,12.0,0.11,50.0,0.9,12.0,0.89,50.0,0.99,19.92,,,0.09,0.09,613.49406,1776231893000
1776231895.127,295.127,,,,,0.01,980.08,0.1,12.0,0.9,12.0,0.89,50.0,0.99,19.92,,,,0.09,613.49406,1776231893000
1776231895.341,295.341,,,,,0.01,980.08,0.1,12.0,0.99,980.08,0.9,12.0,,,,,,,613.49434,1776231894000
1776231895.554,295.554,,,,,0.01,978.84,0.11,50.0,0.99,980.08,0.9,12.0,,,,,,,613.49434,1776231894000
1776231895.921,295.921,,,,,0.01,978.84,0.11,50.0,0.99,978.84,0.89,50.0,,,,,,,613.49434,1776231895000
1776231896.949,296.949,,,,,0.01,978.84,0.11,50.0,0.99,978.84,0.89,50.0,,,,,,,613.49291,1776231896000
1776231898.141,298.141,,,,,0.01,978.84,0.11,50.0,0.99,978.84,0.89,50.0,,,,,,,613.49253,1776231897000
1776231899.237,299.237,,,,,0.01,978.84,0.11,50.0,0.99,978.84,0.89,50.0,,,,,,,613.49134,1776231898000
1776231900.292,300.292,,,,,0.01,978.84,0.11,50.0,0.99,978.84,0.89,50.0,,,,,,,613.51507,1776231899000

# RESULT,winner=Down,slug=bnb-updown-5m-1776231600,ticks=326
