timestamp,elapsed_sec,up_bid_p1,up_bid_s1,up_bid_p2,up_bid_s2,up_bid_p3,up_bid_s3,up_bid_p4,up_bid_s4,up_bid_p5,up_bid_s5,up_ask_p1,up_ask_s1,up_ask_p2,up_ask_s2,up_ask_p3,up_ask_s3,up_ask_p4,up_ask_s4,up_ask_p5,up_ask_s5,down_bid_p1,down_bid_s1,down_bid_p2,down_bid_s2,down_bid_p3,down_bid_s3,down_bid_p4,down_bid_s4,down_bid_p5,down_bid_s5,down_ask_p1,down_ask_s1,down_ask_p2,down_ask_s2,down_ask_p3,down_ask_s3,down_ask_p4,down_ask_s4,down_ask_p5,down_ask_s5,up_spread,down_spread,bnb_price,bnb_oracle_ts
1776159301.791,1.791,0.35,5.0,0.11,100.0,0.08,100.0,0.07,100.0,0.06,100.0,0.89,100.0,0.92,115.0,0.93,100.0,0.94,100.0,0.95,225.0,0.11,100.0,0.08,115.0,0.07,100.0,0.06,100.0,0.05,225.0,0.65,5.0,0.89,100.0,0.92,100.0,0.93,100.0,0.94,100.0,0.54,0.54,618.811663,1776159299000
1776159302.078,2.078,0.35,5.0,0.11,100.0,0.08,100.0,0.07,100.0,0.06,100.0,0.89,100.0,0.92,115.0,0.93,100.0,0.94,100.0,0.95,225.0,0.11,100.0,0.08,115.0,0.07,100.0,0.06,100.0,0.05,225.0,0.65,5.0,0.89,100.0,0.92,100.0,0.93,100.0,0.94,100.0,0.54,0.54,618.808859,1776159300000
1776159302.75,2.75,0.39,12.0,0.35,5.0,0.11,100.0,0.08,100.0,0.07,100.0,0.6,12.0,0.89,100.0,0.92,115.0,0.93,100.0,0.94,100.0,0.4,12.0,0.11,100.0,0.08,115.0,0.07,100.0,0.06,100.0,0.61,12.0,0.65,5.0,0.89,100.0,0.92,100.0,0.93,100.0,0.21,0.21,618.81141,1776159301000
1776159303.341,3.341,0.39,12.0,0.35,5.0,0.11,100.0,0.08,100.0,0.07,100.0,0.6,12.0,0.89,100.0,0.92,115.0,0.93,100.0,0.94,100.0,0.4,12.0,0.11,100.0,0.08,115.0,0.07,100.0,0.06,100.0,0.61,12.0,0.65,5.0,0.89,100.0,0.92,100.0,0.93,100.0,0.21,0.21,618.806808,1776159302000
1776159304.346,4.346,0.39,12.0,0.35,5.0,0.11,100.0,0.08,100.0,0.07,100.0,0.6,12.0,0.89,100.0,0.92,115.0,0.93,100.0,0.94,100.0,0.4,12.0,0.11,100.0,0.08,115.0,0.07,100.0,0.06,100.0,0.61,12.0,0.65,5.0,0.89,100.0,0.92,100.0,0.93,100.0,0.21,0.21,618.79521,1776159303000
1776159305.621,5.621,0.39,12.0,0.35,5.0,0.11,100.0,0.08,100.0,0.07,100.0,0.6,12.0,0.89,100.0,0.92,115.0,0.93,100.0,0.94,100.0,0.4,12.0,0.11,100.0,0.08,115.0,0.07,100.0,0.06,100.0,0.61,12.0,0.65,5.0,0.89,100.0,0.92,100.0,0.93,100.0,0.21,0.21,618.819971,1776159304000
1776159306.279,6.279,0.39,12.0,0.35,5.0,0.11,100.0,0.08,100.0,0.07,100.0,0.6,12.0,0.89,100.0,0.92,115.0,0.93,100.0,0.94,100.0,0.4,12.0,0.11,100.0,0.08,115.0,0.07,100.0,0.06,100.0,0.61,12.0,0.65,5.0,0.89,100.0,0.92,100.0,0.93,100.0,0.21,0.21,618.819971,1776159305000
1776159307.053,7.053,0.45,3.18,0.44,5.0,0.39,12.0,0.38,5.0,0.37,5.0,0.55,5.0,0.56,5.0,0.6,12.0,0.61,50.0,0.62,5.0,0.4,12.0,0.11,100.0,0.08,115.0,0.07,100.0,0.06,100.0,0.61,12.0,0.65,5.0,0.89,100.0,0.92,100.0,0.93,100.0,0.1,0.21,618.819971,1776159305000
1776159307.363,7.363,0.45,3.18,0.44,5.0,0.39,12.0,0.38,5.0,0.37,5.0,0.55,5.0,0.56,5.0,0.6,12.0,0.61,50.0,0.62,5.0,0.45,5.0,0.44,5.0,0.4,12.0,0.39,50.0,0.38,5.0,0.55,3.18,0.56,5.0,0.61,12.0,0.62,5.0,0.63,5.0,0.1,0.1,618.812982,1776159306000
1776159307.991,7.991,0.45,3.18,0.44,5.0,0.39,12.0,0.38,5.0,0.37,5.0,0.55,5.0,0.56,5.0,0.6,12.0,0.61,50.0,0.62,5.0,0.45,5.0,0.44,5.0,0.4,12.0,0.39,50.0,0.38,5.0,0.55,3.18,0.56,5.0,0.61,12.0,0.62,5.0,0.63,5.0,0.1,0.1,618.804714,1776159307000
1776159309.233,9.233,0.45,3.18,0.44,5.0,0.39,12.0,0.38,5.0,0.37,5.0,0.55,5.0,0.56,5.0,0.6,12.0,0.61,50.0,0.62,5.0,0.45,5.0,0.44,5.0,0.4,12.0,0.39,50.0,0.38,5.0,0.55,3.18,0.56,5.0,0.61,12.0,0.62,5.0,0.63,5.0,0.1,0.1,618.804372,1776159308000
1776159310.7,10.7,0.45,3.18,0.44,5.0,0.39,12.0,0.38,5.0,0.37,5.0,0.55,5.0,0.56,5.0,0.6,12.0,0.61,50.0,0.62,5.0,0.45,5.0,0.44,5.0,0.4,12.0,0.39,50.0,0.38,5.0,0.55,3.18,0.56,5.0,0.61,12.0,0.62,5.0,0.63,5.0,0.1,0.1,618.82618,1776159309000
1776159311.313,11.313,0.45,3.18,0.44,5.0,0.39,12.0,0.38,5.0,0.37,5.0,0.55,5.0,0.56,5.0,0.6,12.0,0.61,50.0,0.62,5.0,0.45,5.0,0.44,5.0,0.4,12.0,0.39,50.0,0.38,5.0,0.55,3.18,0.56,5.0,0.61,12.0,0.62,5.0,0.63,5.0,0.1,0.1,618.82618,1776159310000
1776159312.6,12.6,0.45,3.18,0.44,5.0,0.39,12.0,0.38,5.0,0.37,5.0,0.55,5.0,0.56,5.0,0.6,12.0,0.61,50.0,0.62,5.0,0.45,5.0,0.44,5.0,0.4,12.0,0.39,50.0,0.38,5.0,0.55,3.18,0.56,5.0,0.61,12.0,0.62,5.0,0.63,5.0,0.1,0.1,618.798778,1776159311000
1776159313.3,13.3,0.45,3.18,0.44,5.0,0.39,12.0,0.38,5.0,0.37,5.0,0.55,5.0,0.56,5.0,0.6,12.0,0.61,50.0,0.62,5.0,0.45,5.0,0.44,5.0,0.4,12.0,0.39,50.0,0.38,5.0,0.55,3.18,0.56,5.0,0.61,12.0,0.62,5.0,0.63,5.0,0.1,0.1,618.773526,1776159312000
1776159314.577,14.577,0.45,3.18,0.44,5.0,0.39,12.0,0.38,5.0,0.37,5.0,0.55,5.0,0.56,5.0,0.6,12.0,0.61,50.0,0.62,5.0,0.45,5.0,0.44,5.0,0.4,12.0,0.39,50.0,0.38,5.0,0.55,3.18,0.56,5.0,0.61,12.0,0.62,5.0,0.63,5.0,0.1,0.1,618.772076,1776159313000
1776159315.351,15.351,0.45,3.18,0.44,5.0,0.39,12.0,0.38,5.0,0.37,5.0,0.55,5.0,0.56,5.0,0.6,12.0,0.61,50.0,0.62,5.0,0.45,5.0,0.44,5.0,0.4,12.0,0.39,50.0,0.38,5.0,0.55,3.18,0.56,5.0,0.61,12.0,0.62,5.0,0.63,5.0,0.1,0.1,618.771577,1776159314000
1776159315.914,15.914,0.45,3.18,0.44,5.0,0.39,12.0,0.38,5.0,0.37,5.0,0.55,5.0,0.56,5.0,0.6,12.0,0.61,50.0,0.62,5.0,0.45,5.0,0.44,5.0,0.4,12.0,0.39,50.0,0.38,5.0,0.55,3.18,0.56,5.0,0.61,12.0,0.62,5.0,0.63,5.0,0.1,0.1,618.771577,1776159315000
1776159317.153,17.153,0.45,3.18,0.44,5.0,0.39,12.0,0.38,5.0,0.37,5.0,0.55,5.0,0.56,5.0,0.6,12.0,0.61,50.0,0.62,5.0,0.45,5.0,0.44,5.0,0.4,12.0,0.39,50.0,0.38,5.0,0.55,3.18,0.56,5.0,0.61,12.0,0.62,5.0,0.63,5.0,0.1,0.1,618.77899,1776159316000
1776159318.385,18.385,0.45,3.18,0.44,5.0,0.39,12.0,0.38,5.0,0.37,5.0,0.55,5.0,0.56,5.0,0.6,12.0,0.61,50.0,0.62,5.0,0.45,5.0,0.44,5.0,0.4,12.0,0.39,50.0,0.38,5.0,0.55,3.18,0.56,5.0,0.61,12.0,0.62,5.0,0.63,5.0,0.1,0.1,618.791,1776159317000
1776159319.673,19.673,0.45,3.18,0.44,5.0,0.39,12.0,0.38,5.0,0.37,5.0,0.55,5.0,0.56,5.0,0.6,12.0,0.61,50.0,0.62,5.0,0.45,5.0,0.44,5.0,0.4,12.0,0.39,50.0,0.38,5.0,0.55,3.18,0.56,5.0,0.61,12.0,0.62,5.0,0.63,5.0,0.1,0.1,618.780604,1776159318000
1776159320.305,20.305,0.45,3.18,0.44,5.0,0.39,12.0,0.38,5.0,0.37,5.0,0.55,5.0,0.56,5.0,0.6,12.0,0.61,50.0,0.62,5.0,0.45,5.0,0.44,5.0,0.4,12.0,0.39,50.0,0.38,5.0,0.55,3.18,0.56,5.0,0.61,12.0,0.62,5.0,0.63,5.0,0.1,0.1,618.80831,1776159319000
1776159321.916,21.916,0.45,3.18,0.44,5.0,0.39,12.0,0.38,5.0,0.37,5.0,0.55,5.0,0.56,5.0,0.6,12.0,0.61,50.0,0.62,5.0,0.45,5.0,0.44,5.0,0.4,12.0,0.39,50.0,0.38,5.0,0.55,3.18,0.56,5.0,0.61,12.0,0.62,5.0,0.63,5.0,0.1,0.1,618.777808,1776159320000
1776159322.733,22.733,0.45,3.18,0.44,5.0,0.39,12.0,0.38,5.0,0.37,5.0,0.55,5.0,0.56,5.0,0.6,12.0,0.61,50.0,0.62,5.0,0.45,5.0,0.44,5.0,0.4,12.0,0.39,50.0,0.38,5.0,0.55,3.18,0.56,5.0,0.61,12.0,0.62,5.0,0.63,5.0,0.1,0.1,618.73689,1776159321000
1776159323.506,23.506,0.45,3.18,0.44,5.0,0.39,12.0,0.38,5.0,0.37,5.0,0.55,5.0,0.56,5.0,0.6,12.0,0.61,50.0,0.62,5.0,0.45,5.0,0.44,5.0,0.4,12.0,0.39,50.0,0.38,5.0,0.55,3.18,0.56,5.0,0.61,12.0,0.62,5.0,0.63,5.0,0.1,0.1,618.688292,1776159322000
1776159324.366,24.366,0.45,3.18,0.44,5.0,0.39,12.0,0.38,5.0,0.37,5.0,0.55,5.0,0.56,5.0,0.6,12.0,0.61,50.0,0.62,5.0,0.45,5.0,0.44,5.0,0.4,12.0,0.39,50.0,0.38,5.0,0.55,3.18,0.56,5.0,0.61,12.0,0.62,5.0,0.63,5.0,0.1,0.1,618.687045,1776159323000
1776159325.965,25.965,0.45,3.18,0.44,5.0,0.39,12.0,0.38,5.0,0.37,5.0,0.55,5.0,0.56,5.0,0.6,12.0,0.61,50.0,0.62,5.0,0.45,5.0,0.44,5.0,0.4,12.0,0.39,50.0,0.38,5.0,0.55,3.18,0.56,5.0,0.61,12.0,0.62,5.0,0.63,5.0,0.1,0.1,618.656104,1776159324000
1776159326.403,26.403,0.38,4.91,0.35,5.0,0.21,50.0,0.18,27.0,0.11,150.0,0.39,50.0,0.41,50.0,0.51,50.0,0.61,50.0,0.71,50.0,0.45,5.0,0.44,5.0,0.4,12.0,0.39,50.0,0.38,5.0,0.55,3.18,0.56,5.0,0.61,12.0,0.62,5.0,0.63,5.0,0.01,0.1,618.656104,1776159324000
1776159326.738,26.738,0.35,2.91,0.26,5.0,0.25,10.0,0.24,5.0,0.23,5.0,0.39,50.0,0.41,50.0,0.5,5.0,0.51,55.0,0.52,5.0,0.61,50.0,0.59,50.0,0.49,50.0,0.39,50.0,0.29,50.0,0.62,4.91,0.65,5.0,0.79,50.0,0.82,27.0,0.89,150.0,0.04,0.01,618.656104,1776159324000
1776159327.43,27.43,0.26,10.0,0.25,5.0,0.21,55.0,0.18,27.0,0.11,150.0,0.36,10.0,0.39,40.0,0.41,50.0,0.48,10.0,0.51,50.0,0.64,10.0,0.61,40.0,0.59,50.0,0.52,10.0,0.49,50.0,0.74,10.0,0.75,5.0,0.79,55.0,0.82,27.0,0.89,150.0,0.1,0.1,618.656104,1776159326000
1776159328.275,28.275,0.26,10.0,0.25,5.0,0.21,55.0,0.18,27.0,0.11,150.0,0.36,10.0,0.39,40.0,0.41,50.0,0.48,10.0,0.51,50.0,0.64,10.0,0.61,40.0,0.59,50.0,0.52,10.0,0.49,50.0,0.74,10.0,0.75,5.0,0.79,55.0,0.82,27.0,0.89,150.0,0.1,0.1,618.575329,1776159327000
1776159329.752,29.752,0.26,10.0,0.25,5.0,0.21,55.0,0.18,27.0,0.11,150.0,0.36,10.0,0.39,40.0,0.41,50.0,0.48,10.0,0.51,50.0,0.64,10.0,0.61,40.0,0.59,50.0,0.52,10.0,0.49,50.0,0.74,10.0,0.75,5.0,0.79,55.0,0.82,27.0,0.89,150.0,0.1,0.1,618.454,1776159328000
1776159330.474,30.474,0.26,10.0,0.25,5.0,0.21,55.0,0.18,27.0,0.11,150.0,0.36,10.0,0.39,40.0,0.41,50.0,0.48,10.0,0.51,50.0,0.64,10.0,0.61,40.0,0.59,50.0,0.52,10.0,0.49,50.0,0.74,10.0,0.75,5.0,0.79,55.0,0.82,27.0,0.89,150.0,0.1,0.1,618.43729,1776159329000
1776159331.23,31.23,0.26,10.0,0.25,5.0,0.21,55.0,0.18,27.0,0.11,150.0,0.36,10.0,0.39,40.0,0.41,50.0,0.48,10.0,0.51,50.0,0.64,10.0,0.61,40.0,0.59,50.0,0.52,10.0,0.49,50.0,0.74,10.0,0.75,5.0,0.79,55.0,0.82,27.0,0.89,150.0,0.1,0.1,618.44002,1776159330000
1776159332.89,32.89,0.26,10.0,0.25,5.0,0.21,55.0,0.18,27.0,0.11,150.0,0.36,10.0,0.39,40.0,0.41,50.0,0.48,10.0,0.51,50.0,0.64,10.0,0.61,40.0,0.59,50.0,0.52,10.0,0.49,50.0,0.74,10.0,0.75,5.0,0.79,55.0,0.82,27.0,0.89,150.0,0.1,0.1,618.43295,1776159331000
1776159333.612,33.612,0.26,10.0,0.25,5.0,0.21,55.0,0.18,27.0,0.11,150.0,0.36,10.0,0.39,40.0,0.41,50.0,0.48,10.0,0.51,50.0,0.64,10.0,0.61,40.0,0.59,50.0,0.52,10.0,0.49,50.0,0.74,10.0,0.75,5.0,0.79,55.0,0.82,27.0,0.89,150.0,0.1,0.1,618.37862,1776159332000
1776159334.192,34.192,0.26,10.0,0.25,5.0,0.21,55.0,0.18,27.0,0.11,150.0,0.36,10.0,0.39,40.0,0.41,50.0,0.48,10.0,0.51,50.0,0.64,10.0,0.61,40.0,0.59,50.0,0.52,10.0,0.49,50.0,0.74,10.0,0.75,5.0,0.79,55.0,0.82,27.0,0.89,150.0,0.1,0.1,618.37954,1776159333000
1776159335.748,35.748,0.26,10.0,0.25,5.0,0.21,55.0,0.18,27.0,0.11,150.0,0.36,10.0,0.39,40.0,0.41,50.0,0.48,10.0,0.51,50.0,0.64,10.0,0.61,40.0,0.59,50.0,0.52,10.0,0.49,50.0,0.74,10.0,0.75,5.0,0.79,55.0,0.82,27.0,0.89,150.0,0.1,0.1,618.37922,1776159334000
1776159336.458,36.458,0.26,10.0,0.25,5.0,0.21,55.0,0.18,27.0,0.11,150.0,0.36,10.0,0.39,40.0,0.41,50.0,0.48,10.0,0.51,50.0,0.64,10.0,0.61,40.0,0.59,50.0,0.52,10.0,0.49,50.0,0.74,10.0,0.75,5.0,0.79,55.0,0.82,27.0,0.89,150.0,0.1,0.1,618.37887,1776159335000
1776159337.226,37.226,0.26,10.0,0.25,5.0,0.21,55.0,0.18,27.0,0.11,150.0,0.36,10.0,0.39,40.0,0.41,50.0,0.48,10.0,0.51,50.0,0.64,10.0,0.61,40.0,0.59,50.0,0.52,10.0,0.49,50.0,0.74,10.0,0.75,5.0,0.79,55.0,0.82,27.0,0.89,150.0,0.1,0.1,618.3791,1776159336000
1776159338.214,38.214,0.26,10.0,0.25,5.0,0.21,55.0,0.18,27.0,0.11,150.0,0.36,10.0,0.39,40.0,0.41,50.0,0.48,10.0,0.51,50.0,0.64,10.0,0.61,40.0,0.59,50.0,0.52,10.0,0.49,50.0,0.74,10.0,0.75,5.0,0.79,55.0,0.82,27.0,0.89,150.0,0.1,0.1,618.389,1776159337000
1776159339.213,39.213,0.26,10.0,0.25,5.0,0.21,55.0,0.18,27.0,0.11,150.0,0.36,10.0,0.39,40.0,0.41,50.0,0.48,10.0,0.51,50.0,0.64,10.0,0.61,40.0,0.59,50.0,0.52,10.0,0.49,50.0,0.74,10.0,0.75,5.0,0.79,55.0,0.82,27.0,0.89,150.0,0.1,0.1,618.387,1776159338000
1776159340.12,40.12,0.26,10.0,0.25,5.0,0.21,55.0,0.18,27.0,0.11,150.0,0.36,10.0,0.39,40.0,0.41,50.0,0.48,10.0,0.51,50.0,0.64,10.0,0.61,40.0,0.59,50.0,0.52,10.0,0.49,50.0,0.74,10.0,0.75,5.0,0.79,55.0,0.82,27.0,0.89,150.0,0.1,0.1,618.387,1776159339000
1776159341.179,41.179,0.26,10.0,0.25,5.0,0.21,55.0,0.18,27.0,0.11,150.0,0.36,10.0,0.39,40.0,0.41,50.0,0.48,10.0,0.51,50.0,0.64,10.0,0.61,40.0,0.59,50.0,0.52,10.0,0.49,50.0,0.74,10.0,0.75,5.0,0.79,55.0,0.82,27.0,0.89,150.0,0.1,0.1,618.368,1776159340000
1776159342.176,42.176,0.26,10.0,0.25,5.0,0.21,55.0,0.18,27.0,0.11,150.0,0.36,10.0,0.39,40.0,0.41,50.0,0.48,10.0,0.51,50.0,0.64,10.0,0.61,40.0,0.59,50.0,0.52,10.0,0.49,50.0,0.74,10.0,0.75,5.0,0.79,55.0,0.82,27.0,0.89,150.0,0.1,0.1,618.368,1776159341000
1776159342.993,42.993,0.26,10.0,0.25,5.0,0.21,55.0,0.18,27.0,0.11,150.0,0.36,10.0,0.39,40.0,0.41,50.0,0.48,10.0,0.51,50.0,0.64,10.0,0.61,40.0,0.59,50.0,0.52,10.0,0.49,50.0,0.74,10.0,0.75,5.0,0.79,55.0,0.82,27.0,0.89,150.0,0.1,0.1,618.377,1776159342000
1776159344.022,44.022,0.26,10.0,0.25,5.0,0.21,55.0,0.18,27.0,0.11,150.0,0.36,10.0,0.39,40.0,0.41,50.0,0.48,10.0,0.51,50.0,0.64,10.0,0.61,40.0,0.59,50.0,0.52,10.0,0.49,50.0,0.74,10.0,0.75,5.0,0.79,55.0,0.82,27.0,0.89,150.0,0.1,0.1,618.379,1776159343000
1776159344.952,44.952,0.26,10.0,0.25,5.0,0.21,55.0,0.18,27.0,0.11,150.0,0.36,10.0,0.39,40.0,0.41,50.0,0.48,10.0,0.51,50.0,0.64,10.0,0.61,40.0,0.59,50.0,0.52,10.0,0.49,50.0,0.74,10.0,0.75,5.0,0.79,55.0,0.82,27.0,0.89,150.0,0.1,0.1,618.379,1776159344000
1776159345.971,45.971,0.26,10.0,0.25,5.0,0.21,55.0,0.18,27.0,0.11,150.0,0.36,10.0,0.39,40.0,0.41,50.0,0.48,10.0,0.51,50.0,0.64,10.0,0.61,40.0,0.59,50.0,0.52,10.0,0.49,50.0,0.74,10.0,0.75,5.0,0.79,55.0,0.82,27.0,0.89,150.0,0.1,0.1,618.378,1776159345000
1776159346.865,46.865,0.26,10.0,0.25,5.0,0.21,55.0,0.18,27.0,0.11,150.0,0.36,10.0,0.39,40.0,0.41,50.0,0.48,10.0,0.51,50.0,0.64,10.0,0.61,40.0,0.59,50.0,0.52,10.0,0.49,50.0,0.74,10.0,0.75,5.0,0.79,55.0,0.82,27.0,0.89,150.0,0.1,0.1,618.381,1776159346000
1776159348.23,48.23,0.26,10.0,0.25,5.0,0.21,55.0,0.18,27.0,0.11,150.0,0.36,10.0,0.39,40.0,0.41,50.0,0.48,10.0,0.51,50.0,0.64,10.0,0.61,40.0,0.59,50.0,0.52,10.0,0.49,50.0,0.74,10.0,0.75,5.0,0.79,55.0,0.82,27.0,0.89,150.0,0.1,0.1,618.384,1776159347000
1776159349.16,49.16,0.26,10.0,0.25,5.0,0.21,55.0,0.18,27.0,0.11,150.0,0.36,10.0,0.39,40.0,0.41,50.0,0.48,10.0,0.51,50.0,0.64,10.0,0.61,40.0,0.59,50.0,0.52,10.0,0.49,50.0,0.74,10.0,0.75,5.0,0.79,55.0,0.82,27.0,0.89,150.0,0.1,0.1,618.37984,1776159348000
1776159350.745,50.745,0.26,10.0,0.25,5.0,0.21,55.0,0.18,27.0,0.11,150.0,0.36,10.0,0.39,40.0,0.41,50.0,0.48,10.0,0.51,50.0,0.64,10.0,0.61,40.0,0.59,50.0,0.52,10.0,0.49,50.0,0.74,10.0,0.75,5.0,0.79,55.0,0.82,27.0,0.89,150.0,0.1,0.1,618.37366,1776159349000
1776159351.256,51.256,0.26,10.0,0.25,5.0,0.21,55.0,0.18,27.0,0.11,150.0,0.36,10.0,0.39,40.0,0.41,50.0,0.48,10.0,0.51,50.0,0.64,10.0,0.61,40.0,0.59,50.0,0.52,10.0,0.49,50.0,0.74,10.0,0.75,5.0,0.79,55.0,0.82,27.0,0.89,150.0,0.1,0.1,618.37366,1776159350000
1776159352.412,52.412,0.26,10.0,0.25,5.0,0.21,55.0,0.18,27.0,0.11,150.0,0.36,10.0,0.39,40.0,0.41,50.0,0.48,10.0,0.51,50.0,0.64,10.0,0.61,40.0,0.59,50.0,0.52,10.0,0.49,50.0,0.74,10.0,0.75,5.0,0.79,55.0,0.82,27.0,0.89,150.0,0.1,0.1,618.37415,1776159351000
1776159352.988,52.988,0.26,10.0,0.25,5.0,0.21,55.0,0.18,27.0,0.11,150.0,0.36,10.0,0.39,40.0,0.41,50.0,0.48,10.0,0.51,50.0,0.64,10.0,0.61,40.0,0.59,50.0,0.52,10.0,0.49,50.0,0.74,10.0,0.75,5.0,0.79,55.0,0.82,27.0,0.89,150.0,0.1,0.1,618.37414,1776159352000
1776159354.05,54.05,0.26,10.0,0.25,5.0,0.21,55.0,0.18,27.0,0.11,150.0,0.36,10.0,0.39,40.0,0.41,50.0,0.48,10.0,0.51,50.0,0.64,10.0,0.61,40.0,0.59,50.0,0.52,10.0,0.49,50.0,0.74,10.0,0.75,5.0,0.79,55.0,0.82,27.0,0.89,150.0,0.1,0.1,618.37962,1776159353000
1776159355.188,55.188,0.26,10.0,0.25,5.0,0.21,55.0,0.18,27.0,0.11,150.0,0.36,10.0,0.39,40.0,0.41,50.0,0.48,10.0,0.51,50.0,0.64,10.0,0.61,40.0,0.59,50.0,0.52,10.0,0.49,50.0,0.74,10.0,0.75,5.0,0.79,55.0,0.82,27.0,0.89,150.0,0.1,0.1,618.368,1776159354000
1776159356.076,56.076,0.26,10.0,0.25,5.0,0.21,55.0,0.18,27.0,0.11,150.0,0.36,10.0,0.39,40.0,0.41,50.0,0.48,10.0,0.51,50.0,0.64,10.0,0.61,40.0,0.59,50.0,0.52,10.0,0.49,50.0,0.74,10.0,0.75,5.0,0.79,55.0,0.82,27.0,0.89,150.0,0.1,0.1,618.368,1776159355000
1776159357.221,57.221,0.26,10.0,0.25,5.0,0.21,55.0,0.18,27.0,0.11,150.0,0.36,10.0,0.39,40.0,0.41,50.0,0.48,10.0,0.51,50.0,0.64,10.0,0.61,40.0,0.59,50.0,0.52,10.0,0.49,50.0,0.74,10.0,0.75,5.0,0.79,55.0,0.82,27.0,0.89,150.0,0.1,0.1,618.366,1776159356000
1776159358.453,58.453,0.26,10.0,0.25,5.0,0.21,55.0,0.18,27.0,0.11,150.0,0.36,10.0,0.39,40.0,0.41,50.0,0.48,10.0,0.51,50.0,0.64,10.0,0.61,40.0,0.59,50.0,0.52,10.0,0.49,50.0,0.74,10.0,0.75,5.0,0.79,55.0,0.82,27.0,0.89,150.0,0.1,0.1,618.369,1776159357000
1776159358.945,58.945,0.26,10.0,0.25,5.0,0.21,55.0,0.18,27.0,0.11,150.0,0.36,10.0,0.39,40.0,0.41,50.0,0.48,10.0,0.51,50.0,0.64,10.0,0.61,40.0,0.59,50.0,0.52,10.0,0.49,50.0,0.74,10.0,0.75,5.0,0.79,55.0,0.82,27.0,0.89,150.0,0.1,0.1,618.369,1776159358000
1776159359.985,59.985,0.26,10.0,0.25,5.0,0.21,55.0,0.18,27.0,0.11,150.0,0.36,10.0,0.39,40.0,0.41,50.0,0.48,10.0,0.51,50.0,0.64,10.0,0.61,40.0,0.59,50.0,0.52,10.0,0.49,50.0,0.74,10.0,0.75,5.0,0.79,55.0,0.82,27.0,0.89,150.0,0.1,0.1,618.372,1776159359000
1776159361.085,61.085,0.26,10.0,0.25,5.0,0.21,55.0,0.18,27.0,0.11,150.0,0.36,10.0,0.39,40.0,0.41,50.0,0.48,10.0,0.51,50.0,0.64,10.0,0.61,40.0,0.59,50.0,0.52,10.0,0.49,50.0,0.74,10.0,0.75,5.0,0.79,55.0,0.82,27.0,0.89,150.0,0.1,0.1,618.368,1776159360000
1776159362.0,62.0,0.1,3.66,0.09,36.7,0.08,40.29,0.07,44.9,0.06,134.1,0.19,5.0,0.25,5.0,0.27,6.0,0.28,27.0,0.29,10.0,0.64,10.0,0.61,40.0,0.59,50.0,0.52,10.0,0.49,50.0,0.74,10.0,0.75,5.0,0.79,55.0,0.82,27.0,0.89,150.0,0.09,0.1,618.368,1776159360000
1776159362.336,62.336,0.1,3.66,0.09,36.7,0.08,40.29,0.07,44.9,0.06,134.1,0.19,5.0,0.25,5.0,0.27,6.0,0.28,27.0,0.29,10.0,0.81,5.0,0.75,5.0,0.73,6.0,0.72,27.0,0.71,10.0,0.9,3.66,0.91,36.7,0.92,40.29,0.93,44.9,0.94,134.1,0.09,0.09,618.368,1776159361000
1776159362.904,62.904,0.1,3.66,0.09,36.7,0.08,40.29,0.07,44.9,0.06,134.1,0.19,5.0,0.25,5.0,0.27,6.0,0.28,27.0,0.29,10.0,0.81,5.0,0.75,5.0,0.73,6.0,0.72,27.0,0.71,10.0,0.9,3.66,0.91,36.7,0.92,40.29,0.93,44.9,0.94,134.1,0.09,0.09,618.368,1776159362000
1776159363.938,63.938,0.1,3.66,0.09,36.7,0.08,40.29,0.07,44.9,0.06,134.1,0.19,5.0,0.25,5.0,0.27,6.0,0.28,27.0,0.29,10.0,0.81,5.0,0.75,5.0,0.73,6.0,0.72,27.0,0.71,10.0,0.9,3.66,0.91,36.7,0.92,40.29,0.93,44.9,0.94,134.1,0.09,0.09,618.369,1776159363000
1776159365.524,65.524,0.1,3.66,0.09,36.7,0.08,40.29,0.07,44.9,0.06,134.1,0.19,5.0,0.25,5.0,0.27,6.0,0.28,27.0,0.29,10.0,0.81,5.0,0.75,5.0,0.73,6.0,0.72,27.0,0.71,10.0,0.9,3.66,0.91,36.7,0.92,40.29,0.93,44.9,0.94,134.1,0.09,0.09,618.369,1776159364000
1776159366.112,66.112,0.1,3.66,0.09,36.7,0.08,40.29,0.07,44.9,0.06,134.1,0.19,5.0,0.25,5.0,0.27,6.0,0.28,27.0,0.29,10.0,0.81,5.0,0.75,5.0,0.73,6.0,0.72,27.0,0.71,10.0,0.9,3.66,0.91,36.7,0.92,40.29,0.93,44.9,0.94,134.1,0.09,0.09,618.365,1776159365000
1776159367.153,67.153,0.1,3.66,0.09,36.7,0.08,40.29,0.07,44.9,0.06,134.1,0.19,5.0,0.25,5.0,0.27,6.0,0.28,27.0,0.29,10.0,0.81,5.0,0.75,5.0,0.73,6.0,0.72,27.0,0.71,10.0,0.9,3.66,0.91,36.7,0.92,40.29,0.93,44.9,0.94,134.1,0.09,0.09,618.365,1776159366000
1776159368.248,68.248,0.1,3.66,0.09,36.7,0.08,40.29,0.07,44.9,0.06,134.1,0.19,5.0,0.25,5.0,0.27,6.0,0.28,27.0,0.29,10.0,0.81,5.0,0.75,5.0,0.73,6.0,0.72,27.0,0.71,10.0,0.9,3.66,0.91,36.7,0.92,40.29,0.93,44.9,0.94,134.1,0.09,0.09,618.368,1776159367000
1776159369.346,69.346,0.1,3.66,0.09,36.7,0.08,40.29,0.07,44.9,0.06,134.1,0.19,5.0,0.25,5.0,0.27,6.0,0.28,27.0,0.29,10.0,0.81,5.0,0.75,5.0,0.73,6.0,0.72,27.0,0.71,10.0,0.9,3.66,0.91,36.7,0.92,40.29,0.93,44.9,0.94,134.1,0.09,0.09,618.369,1776159368000
1776159369.911,69.911,0.1,3.66,0.09,36.7,0.08,40.29,0.07,44.9,0.06,134.1,0.19,5.0,0.25,5.0,0.27,6.0,0.28,27.0,0.29,10.0,0.81,5.0,0.75,5.0,0.73,6.0,0.72,27.0,0.71,10.0,0.9,3.66,0.91,36.7,0.92,40.29,0.93,44.9,0.94,134.1,0.09,0.09,618.369,1776159369000
1776159370.957,70.957,0.1,3.66,0.09,36.7,0.08,40.29,0.07,44.9,0.06,134.1,0.19,5.0,0.25,5.0,0.27,6.0,0.28,27.0,0.29,10.0,0.81,5.0,0.75,5.0,0.73,6.0,0.72,27.0,0.71,10.0,0.9,3.66,0.91,36.7,0.92,40.29,0.93,44.9,0.94,134.1,0.09,0.09,618.373,1776159370000
1776159372.04,72.04,0.1,3.66,0.09,36.7,0.08,40.29,0.07,44.9,0.06,134.1,0.19,5.0,0.25,5.0,0.27,6.0,0.28,27.0,0.29,10.0,0.81,5.0,0.75,5.0,0.73,6.0,0.72,27.0,0.71,10.0,0.9,3.66,0.91,36.7,0.92,40.29,0.93,44.9,0.94,134.1,0.09,0.09,618.366,1776159371000
1776159373.077,73.077,0.1,3.66,0.09,36.7,0.08,40.29,0.07,44.9,0.06,134.1,0.19,5.0,0.25,5.0,0.27,6.0,0.28,27.0,0.29,10.0,0.81,5.0,0.75,5.0,0.73,6.0,0.72,27.0,0.71,10.0,0.9,3.66,0.91,36.7,0.92,40.29,0.93,44.9,0.94,134.1,0.09,0.09,618.37,1776159372000
1776159374.266,74.266,0.1,3.66,0.09,36.7,0.08,40.29,0.07,44.9,0.06,134.1,0.19,5.0,0.25,5.0,0.27,6.0,0.28,27.0,0.29,10.0,0.81,5.0,0.75,5.0,0.73,6.0,0.72,27.0,0.71,10.0,0.9,3.66,0.91,36.7,0.92,40.29,0.93,44.9,0.94,134.1,0.09,0.09,618.37,1776159373000
1776159375.269,75.269,0.1,3.66,0.09,36.7,0.08,40.29,0.07,44.9,0.06,134.1,0.19,5.0,0.25,5.0,0.27,6.0,0.28,27.0,0.29,10.0,0.81,5.0,0.75,5.0,0.73,6.0,0.72,27.0,0.71,10.0,0.9,3.66,0.91,36.7,0.92,40.29,0.93,44.9,0.94,134.1,0.09,0.09,618.374,1776159374000
1776159376.307,76.307,0.1,3.66,0.09,36.7,0.08,40.29,0.07,44.9,0.06,134.1,0.19,5.0,0.25,5.0,0.27,6.0,0.28,27.0,0.29,10.0,0.81,5.0,0.75,5.0,0.73,6.0,0.72,27.0,0.71,10.0,0.9,3.66,0.91,36.7,0.92,40.29,0.93,44.9,0.94,134.1,0.09,0.09,618.373,1776159375000
1776159376.908,76.908,0.1,3.66,0.09,36.7,0.08,40.29,0.07,44.9,0.06,134.1,0.19,5.0,0.25,5.0,0.27,6.0,0.28,27.0,0.29,10.0,0.81,5.0,0.75,5.0,0.73,6.0,0.72,27.0,0.71,10.0,0.9,3.66,0.91,36.7,0.92,40.29,0.93,44.9,0.94,134.1,0.09,0.09,618.373,1776159376000
1776159377.995,77.995,0.1,3.66,0.09,36.7,0.08,40.29,0.07,44.9,0.06,134.1,0.19,5.0,0.25,5.0,0.27,6.0,0.28,27.0,0.29,10.0,0.81,5.0,0.75,5.0,0.73,6.0,0.72,27.0,0.71,10.0,0.9,3.66,0.91,36.7,0.92,40.29,0.93,44.9,0.94,134.1,0.09,0.09,618.375,1776159377000
1776159379.609,79.609,0.1,3.66,0.09,36.7,0.08,40.29,0.07,44.9,0.06,134.1,0.19,5.0,0.25,5.0,0.27,6.0,0.28,27.0,0.29,10.0,0.81,5.0,0.75,5.0,0.73,6.0,0.72,27.0,0.71,10.0,0.9,3.66,0.91,36.7,0.92,40.29,0.93,44.9,0.94,134.1,0.09,0.09,618.378,1776159378000
1776159380.221,80.221,0.1,3.66,0.09,36.7,0.08,40.29,0.07,44.9,0.06,134.1,0.19,5.0,0.25,5.0,0.27,6.0,0.28,27.0,0.29,10.0,0.81,5.0,0.75,5.0,0.73,6.0,0.72,27.0,0.71,10.0,0.9,3.66,0.91,36.7,0.92,40.29,0.93,44.9,0.94,134.1,0.09,0.09,618.378,1776159379000
1776159381.143,81.143,0.1,3.66,0.09,36.7,0.08,40.29,0.07,44.9,0.06,134.1,0.19,5.0,0.25,5.0,0.27,6.0,0.28,27.0,0.29,10.0,0.81,5.0,0.75,5.0,0.73,6.0,0.72,27.0,0.71,10.0,0.9,3.66,0.91,36.7,0.92,40.29,0.93,44.9,0.94,134.1,0.09,0.09,618.39,1776159380000
1776159382.053,82.053,0.1,3.66,0.09,36.7,0.08,40.29,0.07,44.9,0.06,134.1,0.19,5.0,0.25,5.0,0.27,6.0,0.28,27.0,0.29,10.0,0.81,5.0,0.75,5.0,0.73,6.0,0.72,27.0,0.71,10.0,0.9,3.66,0.91,36.7,0.92,40.29,0.93,44.9,0.94,134.1,0.09,0.09,618.387,1776159381000
1776159383.025,83.025,0.1,3.66,0.09,36.7,0.08,40.29,0.07,44.9,0.06,134.1,0.19,5.0,0.25,5.0,0.27,6.0,0.28,27.0,0.29,10.0,0.81,5.0,0.75,5.0,0.73,6.0,0.72,27.0,0.71,10.0,0.9,3.66,0.91,36.7,0.92,40.29,0.93,44.9,0.94,134.1,0.09,0.09,618.387,1776159382000
1776159383.99,83.99,0.1,3.66,0.09,36.7,0.08,40.29,0.07,44.9,0.06,134.1,0.19,5.0,0.25,5.0,0.27,6.0,0.28,27.0,0.29,10.0,0.81,5.0,0.75,5.0,0.73,6.0,0.72,27.0,0.71,10.0,0.9,3.66,0.91,36.7,0.92,40.29,0.93,44.9,0.94,134.1,0.09,0.09,618.386,1776159383000
1776159384.906,84.906,0.1,3.66,0.09,36.7,0.08,40.29,0.07,44.9,0.06,134.1,0.19,5.0,0.25,5.0,0.27,6.0,0.28,27.0,0.29,10.0,0.81,5.0,0.75,5.0,0.73,6.0,0.72,27.0,0.71,10.0,0.9,3.66,0.91,36.7,0.92,40.29,0.93,44.9,0.94,134.1,0.09,0.09,618.387,1776159384000
1776159385.959,85.959,0.1,3.66,0.09,36.7,0.08,40.29,0.07,44.9,0.06,134.1,0.19,5.0,0.25,5.0,0.27,6.0,0.28,27.0,0.29,10.0,0.81,5.0,0.75,5.0,0.73,6.0,0.72,27.0,0.71,10.0,0.9,3.66,0.91,36.7,0.92,40.29,0.93,44.9,0.94,134.1,0.09,0.09,618.386,1776159385000
1776159386.96,86.96,0.1,3.66,0.09,36.7,0.08,40.29,0.07,44.9,0.06,134.1,0.19,5.0,0.25,5.0,0.27,6.0,0.28,27.0,0.29,10.0,0.81,5.0,0.75,5.0,0.73,6.0,0.72,27.0,0.71,10.0,0.9,3.66,0.91,36.7,0.92,40.29,0.93,44.9,0.94,134.1,0.09,0.09,618.39,1776159386000
1776159387.841,87.841,0.1,3.66,0.09,36.7,0.08,40.29,0.07,44.9,0.06,134.1,0.19,5.0,0.25,5.0,0.27,6.0,0.28,27.0,0.29,10.0,0.81,5.0,0.75,5.0,0.73,6.0,0.72,27.0,0.71,10.0,0.9,3.66,0.91,36.7,0.92,40.29,0.93,44.9,0.94,134.1,0.09,0.09,618.389,1776159387000
1776159389.212,89.212,0.1,5.0,0.08,35.29,0.07,44.9,0.06,51.1,0.05,59.7,0.14,14.45,0.15,20.39,0.16,19.3,0.17,24.72,0.18,22.6,0.86,14.45,0.85,20.39,0.84,19.3,0.83,24.72,0.82,22.6,0.9,5.0,0.92,35.29,0.93,44.9,0.94,51.1,0.95,59.7,0.04,0.04,618.39,1776159388000
1776159390.234,90.234,0.1,5.0,0.08,35.29,0.07,44.9,0.06,51.1,0.05,59.7,0.14,14.45,0.15,20.39,0.16,19.3,0.17,24.72,0.18,22.6,0.86,14.45,0.85,20.39,0.84,19.3,0.83,24.72,0.82,22.6,0.9,5.0,0.92,35.29,0.93,44.9,0.94,51.1,0.95,59.7,0.04,0.04,618.391,1776159389000
1776159391.099,91.099,0.1,5.0,0.08,35.29,0.07,44.9,0.06,51.1,0.05,59.7,0.14,14.45,0.15,20.39,0.16,19.3,0.17,24.72,0.18,22.6,0.86,14.45,0.85,20.39,0.84,19.3,0.83,24.72,0.82,22.6,0.9,5.0,0.92,35.29,0.93,44.9,0.94,51.1,0.95,59.7,0.04,0.04,618.386,1776159390000
1776159392.226,92.226,0.1,5.0,0.08,35.29,0.07,44.9,0.06,51.1,0.05,59.7,0.14,14.45,0.15,20.39,0.16,19.3,0.17,24.72,0.18,22.6,0.86,14.45,0.85,20.39,0.84,19.3,0.83,24.72,0.82,22.6,0.9,5.0,0.92,35.29,0.93,44.9,0.94,51.1,0.95,59.7,0.04,0.04,618.386,1776159391000
1776159393.15,93.15,0.1,5.0,0.08,35.29,0.07,44.9,0.06,51.1,0.05,59.7,0.14,14.45,0.15,20.39,0.16,19.3,0.17,24.72,0.18,22.6,0.86,14.45,0.85,20.39,0.84,19.3,0.83,24.72,0.82,22.6,0.9,5.0,0.92,35.29,0.93,44.9,0.94,51.1,0.95,59.7,0.04,0.04,618.396,1776159392000
1776159394.095,94.095,0.1,5.0,0.08,35.29,0.07,44.9,0.06,51.1,0.05,59.7,0.14,14.45,0.15,20.39,0.16,19.3,0.17,24.72,0.18,22.6,0.86,14.45,0.85,20.39,0.84,19.3,0.83,24.72,0.82,22.6,0.9,5.0,0.92,35.29,0.93,44.9,0.94,51.1,0.95,59.7,0.04,0.04,618.381704,1776159393000
1776159395.186,95.186,0.1,5.0,0.08,35.29,0.07,44.9,0.06,51.1,0.05,59.7,0.14,14.45,0.15,20.39,0.16,19.3,0.17,24.72,0.18,22.6,0.86,14.45,0.85,20.39,0.84,19.3,0.83,24.72,0.82,22.6,0.9,5.0,0.92,35.29,0.93,44.9,0.94,51.1,0.95,59.7,0.04,0.04,618.382,1776159394000
1776159396.089,96.089,0.1,3.88,0.07,39.9,0.06,56.1,0.05,59.7,0.04,77.7,0.13,23.0,0.14,14.45,0.15,20.39,0.16,25.63,0.17,23.39,0.87,23.0,0.86,14.45,0.85,20.39,0.84,25.63,0.83,23.39,0.9,3.88,0.93,39.9,0.94,56.1,0.95,59.7,0.96,77.7,0.03,0.03,618.383,1776159395000
1776159397.228,97.228,0.1,3.88,0.07,39.9,0.06,56.1,0.05,59.7,0.04,77.7,0.13,23.0,0.14,14.45,0.15,20.39,0.16,25.63,0.17,23.39,0.87,23.0,0.86,14.45,0.85,20.39,0.84,25.63,0.83,23.39,0.9,3.88,0.93,39.9,0.94,56.1,0.95,59.7,0.96,77.7,0.03,0.03,618.39,1776159396000
1776159398.203,98.203,0.1,3.88,0.07,39.9,0.06,56.1,0.05,59.7,0.04,77.7,0.13,23.0,0.14,14.45,0.15,20.39,0.16,25.63,0.17,23.39,0.87,23.0,0.86,14.45,0.85,20.39,0.84,25.63,0.83,23.39,0.9,3.88,0.93,39.9,0.94,56.1,0.95,59.7,0.96,77.7,0.03,0.03,618.361905,1776159397000
1776159399.155,99.155,0.1,3.88,0.07,39.9,0.06,56.1,0.05,59.7,0.04,77.7,0.13,23.0,0.14,14.45,0.15,20.39,0.16,25.63,0.17,23.39,0.87,23.0,0.86,14.45,0.85,20.39,0.84,25.63,0.83,23.39,0.9,3.88,0.93,39.9,0.94,56.1,0.95,59.7,0.96,77.7,0.03,0.03,618.392,1776159398000
1776159400.24,100.24,0.1,3.88,0.07,39.9,0.06,56.1,0.05,59.7,0.04,77.7,0.13,23.0,0.14,14.45,0.15,20.39,0.16,25.63,0.17,23.39,0.87,23.0,0.86,14.45,0.85,20.39,0.84,25.63,0.83,23.39,0.9,3.88,0.93,39.9,0.94,56.1,0.95,59.7,0.96,77.7,0.03,0.03,618.392,1776159399000
1776159401.278,101.278,0.1,3.88,0.07,39.9,0.06,56.1,0.05,59.7,0.04,77.7,0.13,23.0,0.14,14.45,0.15,20.39,0.16,25.63,0.17,23.39,0.87,23.0,0.86,14.45,0.85,20.39,0.84,25.63,0.83,23.39,0.9,3.88,0.93,39.9,0.94,56.1,0.95,59.7,0.96,77.7,0.03,0.03,618.392,1776159400000
1776159402.397,102.397,0.1,3.88,0.07,39.9,0.06,56.1,0.05,59.7,0.04,77.7,0.13,23.0,0.14,14.45,0.15,20.39,0.16,25.63,0.17,23.39,0.87,23.0,0.86,14.45,0.85,20.39,0.84,25.63,0.83,23.39,0.9,3.88,0.93,39.9,0.94,56.1,0.95,59.7,0.96,77.7,0.03,0.03,618.39,1776159401000
1776159403.366,103.366,0.1,3.88,0.07,39.9,0.06,56.1,0.05,59.7,0.04,77.7,0.13,23.0,0.14,14.45,0.15,20.39,0.16,25.63,0.17,23.39,0.87,23.0,0.86,14.45,0.85,20.39,0.84,25.63,0.83,23.39,0.9,3.88,0.93,39.9,0.94,56.1,0.95,59.7,0.96,77.7,0.03,0.03,618.39,1776159402000
1776159404.381,104.381,0.1,3.88,0.07,39.9,0.06,56.1,0.05,59.7,0.04,77.7,0.13,23.0,0.14,14.45,0.15,20.39,0.16,25.63,0.17,23.39,0.87,23.0,0.86,14.45,0.85,20.39,0.84,25.63,0.83,23.39,0.9,3.88,0.93,39.9,0.94,56.1,0.95,59.7,0.96,77.7,0.03,0.03,618.39,1776159403000
1776159405.478,105.478,0.1,3.88,0.07,39.9,0.06,56.1,0.05,59.7,0.04,77.7,0.13,23.0,0.14,14.45,0.15,20.39,0.16,25.63,0.17,23.39,0.87,23.0,0.86,14.45,0.85,20.39,0.84,25.63,0.83,23.39,0.9,3.88,0.93,39.9,0.94,56.1,0.95,59.7,0.96,77.7,0.03,0.03,618.39,1776159404000
1776159406.868,106.868,0.1,3.88,0.07,39.9,0.06,56.1,0.05,59.7,0.04,77.7,0.13,23.0,0.14,14.45,0.15,20.39,0.16,25.63,0.17,23.39,0.87,23.0,0.86,14.45,0.85,20.39,0.84,25.63,0.83,23.39,0.9,3.88,0.93,39.9,0.94,56.1,0.95,59.7,0.96,77.7,0.03,0.03,618.406999,1776159405000
1776159407.362,107.362,0.1,3.88,0.07,39.9,0.06,56.1,0.05,59.7,0.04,77.7,0.13,23.0,0.14,14.45,0.15,20.39,0.16,25.63,0.17,23.39,0.87,23.0,0.86,14.45,0.85,20.39,0.84,25.63,0.83,23.39,0.9,3.88,0.93,39.9,0.94,56.1,0.95,59.7,0.96,77.7,0.03,0.03,618.46837,1776159406000
1776159407.85,107.85,0.13,23.0,0.12,24.6,0.11,86.6,0.1,33.9,0.09,36.7,0.23,13.45,0.24,19.3,0.25,13.9,0.26,13.5,0.27,13.2,0.87,23.0,0.86,14.45,0.85,20.39,0.84,25.63,0.83,23.39,0.9,3.88,0.93,39.9,0.94,56.1,0.95,59.7,0.96,77.7,0.1,0.03,618.46837,1776159406000
1776159408.193,108.193,0.13,23.0,0.12,24.6,0.11,86.6,0.1,33.9,0.09,36.7,0.23,13.45,0.24,19.3,0.25,13.9,0.26,13.5,0.27,13.2,0.77,13.45,0.76,19.3,0.75,13.9,0.74,13.5,0.73,13.2,0.87,23.0,0.88,24.6,0.89,86.6,0.9,33.9,0.91,36.7,0.1,0.1,618.46618,1776159407000
1776159409.754,109.754,0.13,23.0,0.12,24.6,0.11,86.6,0.1,33.9,0.09,36.7,0.23,13.45,0.24,19.3,0.25,13.9,0.26,13.5,0.27,13.2,0.77,13.45,0.76,19.3,0.75,13.9,0.74,13.5,0.73,13.2,0.87,23.0,0.88,24.6,0.89,86.6,0.9,33.9,0.91,36.7,0.1,0.1,618.5016,1776159408000
1776159410.502,110.502,0.13,23.0,0.12,24.6,0.11,86.6,0.1,33.9,0.09,36.7,0.23,13.45,0.24,19.3,0.25,13.9,0.26,13.5,0.27,13.2,0.77,13.45,0.76,19.3,0.75,13.9,0.74,13.5,0.73,13.2,0.87,23.0,0.88,24.6,0.89,86.6,0.9,33.9,0.91,36.7,0.1,0.1,618.50592,1776159409000
1776159411.446,111.446,0.13,23.0,0.12,24.6,0.11,86.6,0.1,33.9,0.09,36.7,0.23,13.45,0.24,19.3,0.25,13.9,0.26,13.5,0.27,13.2,0.77,13.45,0.76,19.3,0.75,13.9,0.74,13.5,0.73,13.2,0.87,23.0,0.88,24.6,0.89,86.6,0.9,33.9,0.91,36.7,0.1,0.1,618.50592,1776159410000
1776159411.939,111.939,0.13,23.0,0.12,24.6,0.11,86.6,0.1,33.9,0.09,36.7,0.23,13.45,0.24,19.3,0.25,13.9,0.26,13.5,0.27,13.2,0.77,13.45,0.76,19.3,0.75,13.9,0.74,13.5,0.73,13.2,0.87,23.0,0.88,24.6,0.89,86.6,0.9,33.9,0.91,36.7,0.1,0.1,618.50099,1776159411000
1776159413.485,113.485,0.13,23.0,0.12,24.6,0.11,86.6,0.1,33.9,0.09,36.7,0.23,13.45,0.24,19.3,0.25,13.9,0.26,13.5,0.27,13.2,0.77,13.45,0.76,19.3,0.75,13.9,0.74,13.5,0.73,13.2,0.87,23.0,0.88,24.6,0.89,86.6,0.9,33.9,0.91,36.7,0.1,0.1,618.518333,1776159412000
1776159414.018,114.018,0.13,23.0,0.12,24.6,0.11,86.6,0.1,33.9,0.09,36.7,0.23,13.45,0.24,19.3,0.25,13.9,0.26,13.5,0.27,13.2,0.77,13.45,0.76,19.3,0.75,13.9,0.74,13.5,0.73,13.2,0.87,23.0,0.88,24.6,0.89,86.6,0.9,33.9,0.91,36.7,0.1,0.1,618.51743,1776159413000
1776159415.567,115.567,0.13,23.0,0.12,24.6,0.11,86.6,0.1,33.9,0.09,36.7,0.23,13.45,0.24,19.3,0.25,13.9,0.26,13.5,0.27,13.2,0.77,13.45,0.76,19.3,0.75,13.9,0.74,13.5,0.73,13.2,0.87,23.0,0.88,24.6,0.89,86.6,0.9,33.9,0.91,36.7,0.1,0.1,618.504337,1776159414000
1776159416.115,116.115,0.13,23.0,0.12,24.6,0.11,86.6,0.1,33.9,0.09,36.7,0.23,13.45,0.24,19.3,0.25,13.9,0.26,13.5,0.27,13.2,0.77,13.45,0.76,19.3,0.75,13.9,0.74,13.5,0.73,13.2,0.87,23.0,0.88,24.6,0.89,86.6,0.9,33.9,0.91,36.7,0.1,0.1,618.510185,1776159415000
1776159417.35,117.35,0.13,23.0,0.12,24.6,0.11,86.6,0.1,33.9,0.09,36.7,0.23,13.45,0.24,19.3,0.25,13.9,0.26,13.5,0.27,13.2,0.77,13.45,0.76,19.3,0.75,13.9,0.74,13.5,0.73,13.2,0.87,23.0,0.88,24.6,0.89,86.6,0.9,33.9,0.91,36.7,0.1,0.1,618.55679,1776159416000
1776159418.16,118.16,0.13,23.0,0.12,24.6,0.11,86.6,0.1,33.9,0.09,36.7,0.23,13.45,0.24,19.3,0.25,13.9,0.26,13.5,0.27,13.2,0.77,13.45,0.76,19.3,0.75,13.9,0.74,13.5,0.73,13.2,0.87,23.0,0.88,24.6,0.89,86.6,0.9,33.9,0.91,36.7,0.1,0.1,618.55685,1776159417000
1776159419.409,119.409,0.13,23.0,0.12,24.6,0.11,86.6,0.1,33.9,0.09,36.7,0.23,13.45,0.24,19.3,0.25,13.9,0.26,13.5,0.27,13.2,0.77,13.45,0.76,19.3,0.75,13.9,0.74,13.5,0.73,13.2,0.87,23.0,0.88,24.6,0.89,86.6,0.9,33.9,0.91,36.7,0.1,0.1,618.576,1776159418000
1776159420.316,120.316,0.13,23.0,0.12,24.6,0.11,86.6,0.1,33.9,0.09,36.7,0.23,13.45,0.24,19.3,0.25,13.9,0.26,13.5,0.27,13.2,0.77,13.45,0.76,19.3,0.75,13.9,0.74,13.5,0.73,13.2,0.87,23.0,0.88,24.6,0.89,86.6,0.9,33.9,0.91,36.7,0.1,0.1,618.570942,1776159419000
1776159421.818,121.818,0.13,23.0,0.12,24.6,0.11,86.6,0.1,33.9,0.09,36.7,0.23,13.45,0.24,19.3,0.25,13.9,0.26,13.5,0.27,13.2,0.77,13.45,0.76,19.3,0.75,13.9,0.74,13.5,0.73,13.2,0.87,23.0,0.88,24.6,0.89,86.6,0.9,33.9,0.91,36.7,0.1,0.1,618.570942,1776159420000
1776159422.729,122.729,0.13,23.0,0.12,24.6,0.11,86.6,0.1,33.9,0.09,36.7,0.23,13.45,0.24,19.3,0.25,13.9,0.26,13.5,0.27,13.2,0.77,13.45,0.76,19.3,0.75,13.9,0.74,13.5,0.73,13.2,0.87,23.0,0.88,24.6,0.89,86.6,0.9,33.9,0.91,36.7,0.1,0.1,618.569867,1776159421000
1776159423.348,123.348,0.13,23.0,0.12,24.6,0.11,86.6,0.1,33.9,0.09,36.7,0.23,13.45,0.24,19.3,0.25,13.9,0.26,13.5,0.27,13.2,0.77,13.45,0.76,19.3,0.75,13.9,0.74,13.5,0.73,13.2,0.87,23.0,0.88,24.6,0.89,86.6,0.9,33.9,0.91,36.7,0.1,0.1,618.566824,1776159422000
1776159423.676,123.676,0.21,7.89,0.2,16.2,0.19,16.89,0.18,17.6,0.17,18.39,0.28,6.0,0.34,11.6,0.35,11.4,0.36,16.3,0.37,11.2,0.77,13.45,0.76,19.3,0.75,13.9,0.74,13.5,0.73,13.2,0.87,23.0,0.88,24.6,0.89,86.6,0.9,33.9,0.91,36.7,0.07,0.1,618.566824,1776159422000
1776159424.414,124.414,0.21,7.89,0.2,16.2,0.19,16.89,0.18,17.6,0.17,18.39,0.28,6.0,0.34,11.6,0.35,11.4,0.36,16.3,0.37,11.2,0.72,6.0,0.66,11.6,0.65,11.4,0.64,16.3,0.63,11.2,0.79,7.89,0.8,16.2,0.81,16.89,0.82,17.6,0.83,18.39,0.07,0.07,618.566824,1776159423000
1776159424.962,124.962,0.21,7.89,0.2,16.2,0.19,16.89,0.18,17.6,0.17,18.39,0.28,6.0,0.34,11.6,0.35,11.4,0.36,16.3,0.37,11.2,0.72,6.0,0.66,11.6,0.65,11.4,0.64,16.3,0.63,11.2,0.79,7.89,0.8,16.2,0.81,16.89,0.82,17.6,0.83,18.39,0.07,0.07,618.565074,1776159424000
1776159425.867,125.867,0.21,7.89,0.2,16.2,0.19,16.89,0.18,17.6,0.17,18.39,0.28,6.0,0.34,11.6,0.35,11.4,0.36,16.3,0.37,11.2,0.72,6.0,0.66,11.6,0.65,11.4,0.64,16.3,0.63,11.2,0.79,7.89,0.8,16.2,0.81,16.89,0.82,17.6,0.83,18.39,0.07,0.07,618.56727,1776159425000
1776159427.293,127.293,0.21,7.89,0.2,16.2,0.19,16.89,0.18,17.6,0.17,18.39,0.28,6.0,0.34,11.6,0.35,11.4,0.36,16.3,0.37,11.2,0.72,6.0,0.66,11.6,0.65,11.4,0.64,16.3,0.63,11.2,0.79,7.89,0.8,16.2,0.81,16.89,0.82,17.6,0.83,18.39,0.07,0.07,618.576148,1776159426000
1776159428.227,128.227,0.21,7.89,0.2,16.2,0.19,16.89,0.18,17.6,0.17,18.39,0.28,6.0,0.34,11.6,0.35,11.4,0.36,16.3,0.37,11.2,0.72,6.0,0.66,11.6,0.65,11.4,0.64,16.3,0.63,11.2,0.79,7.89,0.8,16.2,0.81,16.89,0.82,17.6,0.83,18.39,0.07,0.07,618.58219,1776159427000
1776159429.224,129.224,0.21,7.89,0.2,16.2,0.19,16.89,0.18,17.6,0.17,18.39,0.28,6.0,0.34,11.6,0.35,11.4,0.36,16.3,0.37,11.2,0.72,6.0,0.66,11.6,0.65,11.4,0.64,16.3,0.63,11.2,0.79,7.89,0.8,16.2,0.81,16.89,0.82,17.6,0.83,18.39,0.07,0.07,618.58219,1776159428000
1776159430.165,130.165,0.21,7.89,0.2,16.2,0.19,16.89,0.18,17.6,0.17,18.39,0.28,6.0,0.34,11.6,0.35,11.4,0.36,16.3,0.37,11.2,0.72,6.0,0.66,11.6,0.65,11.4,0.64,16.3,0.63,11.2,0.79,7.89,0.8,16.2,0.81,16.89,0.82,17.6,0.83,18.39,0.07,0.07,618.595,1776159429000
1776159431.217,131.217,0.21,7.89,0.2,16.2,0.19,16.89,0.18,17.6,0.17,18.39,0.28,6.0,0.34,11.6,0.35,11.4,0.36,16.3,0.37,11.2,0.72,6.0,0.66,11.6,0.65,11.4,0.64,16.3,0.63,11.2,0.79,7.89,0.8,16.2,0.81,16.89,0.82,17.6,0.83,18.39,0.07,0.07,618.599,1776159430000
1776159432.211,132.211,0.21,7.89,0.2,16.2,0.19,16.89,0.18,17.6,0.17,18.39,0.28,6.0,0.34,11.6,0.35,11.4,0.36,16.3,0.37,11.2,0.72,6.0,0.66,11.6,0.65,11.4,0.64,16.3,0.63,11.2,0.79,7.89,0.8,16.2,0.81,16.89,0.82,17.6,0.83,18.39,0.07,0.07,618.601,1776159431000
1776159433.201,133.201,0.21,7.89,0.2,16.2,0.19,16.89,0.18,17.6,0.17,18.39,0.28,6.0,0.34,11.6,0.35,11.4,0.36,16.3,0.37,11.2,0.72,6.0,0.66,11.6,0.65,11.4,0.64,16.3,0.63,11.2,0.79,7.89,0.8,16.2,0.81,16.89,0.82,17.6,0.83,18.39,0.07,0.07,618.59327,1776159432000
1776159434.22,134.22,0.21,7.89,0.2,16.2,0.19,16.89,0.18,17.6,0.17,18.39,0.28,6.0,0.34,11.6,0.35,11.4,0.36,16.3,0.37,11.2,0.72,6.0,0.66,11.6,0.65,11.4,0.64,16.3,0.63,11.2,0.79,7.89,0.8,16.2,0.81,16.89,0.82,17.6,0.83,18.39,0.07,0.07,618.571896,1776159433000
1776159435.218,135.218,0.21,7.89,0.2,16.2,0.19,16.89,0.18,17.6,0.17,18.39,0.28,6.0,0.34,11.6,0.35,11.4,0.36,16.3,0.37,11.2,0.72,6.0,0.66,11.6,0.65,11.4,0.64,16.3,0.63,11.2,0.79,7.89,0.8,16.2,0.81,16.89,0.82,17.6,0.83,18.39,0.07,0.07,618.574,1776159434000
1776159436.145,136.145,0.21,7.89,0.2,16.2,0.19,16.89,0.18,17.6,0.17,18.39,0.28,6.0,0.34,11.6,0.35,11.4,0.36,16.3,0.37,11.2,0.72,6.0,0.66,11.6,0.65,11.4,0.64,16.3,0.63,11.2,0.79,7.89,0.8,16.2,0.81,16.89,0.82,17.6,0.83,18.39,0.07,0.07,618.575,1776159435000
1776159437.228,137.228,0.21,7.89,0.2,16.2,0.19,16.89,0.18,17.6,0.17,18.39,0.28,6.0,0.34,11.6,0.35,11.4,0.36,16.3,0.37,11.2,0.72,6.0,0.66,11.6,0.65,11.4,0.64,16.3,0.63,11.2,0.79,7.89,0.8,16.2,0.81,16.89,0.82,17.6,0.83,18.39,0.07,0.07,618.571,1776159436000
1776159438.452,138.452,0.21,7.89,0.2,16.2,0.19,16.89,0.18,17.6,0.17,18.39,0.28,6.0,0.34,11.6,0.35,11.4,0.36,16.3,0.37,11.2,0.72,6.0,0.66,11.6,0.65,11.4,0.64,16.3,0.63,11.2,0.79,7.89,0.8,16.2,0.81,16.89,0.82,17.6,0.83,18.39,0.07,0.07,618.5697,1776159437000
1776159438.957,138.957,0.21,7.89,0.2,16.2,0.19,16.89,0.18,17.6,0.17,18.39,0.28,6.0,0.34,11.6,0.35,11.4,0.36,16.3,0.37,11.2,0.72,6.0,0.66,11.6,0.65,11.4,0.64,16.3,0.63,11.2,0.79,7.89,0.8,16.2,0.81,16.89,0.82,17.6,0.83,18.39,0.07,0.07,618.5697,1776159438000
1776159440.122,140.122,0.21,7.89,0.2,16.2,0.19,16.89,0.18,17.6,0.17,18.39,0.28,6.0,0.34,11.6,0.35,11.4,0.36,16.3,0.37,11.2,0.72,6.0,0.66,11.6,0.65,11.4,0.64,16.3,0.63,11.2,0.79,7.89,0.8,16.2,0.81,16.89,0.82,17.6,0.83,18.39,0.07,0.07,618.573,1776159439000
1776159441.172,141.172,0.21,7.89,0.2,16.2,0.19,16.89,0.18,17.6,0.17,18.39,0.28,6.0,0.34,11.6,0.35,11.4,0.36,16.3,0.37,11.2,0.72,6.0,0.66,11.6,0.65,11.4,0.64,16.3,0.63,11.2,0.79,7.89,0.8,16.2,0.81,16.89,0.82,17.6,0.83,18.39,0.07,0.07,618.575,1776159440000
1776159442.385,142.385,0.21,7.89,0.2,16.2,0.19,16.89,0.18,17.6,0.17,18.39,0.28,6.0,0.34,11.6,0.35,11.4,0.36,16.3,0.37,11.2,0.72,6.0,0.66,11.6,0.65,11.4,0.64,16.3,0.63,11.2,0.79,7.89,0.8,16.2,0.81,16.89,0.82,17.6,0.83,18.39,0.07,0.07,618.576,1776159441000
1776159443.098,143.098,0.21,7.89,0.2,16.2,0.19,16.89,0.18,17.6,0.17,18.39,0.28,6.0,0.34,11.6,0.35,11.4,0.36,16.3,0.37,11.2,0.72,6.0,0.66,11.6,0.65,11.4,0.64,16.3,0.63,11.2,0.79,7.89,0.8,16.2,0.81,16.89,0.82,17.6,0.83,18.39,0.07,0.07,618.576,1776159442000
1776159444.108,144.108,0.21,7.89,0.2,16.2,0.19,16.89,0.18,17.6,0.17,18.39,0.28,6.0,0.34,11.6,0.35,11.4,0.36,16.3,0.37,11.2,0.72,6.0,0.66,11.6,0.65,11.4,0.64,16.3,0.63,11.2,0.79,7.89,0.8,16.2,0.81,16.89,0.82,17.6,0.83,18.39,0.07,0.07,618.583,1776159443000
1776159445.188,145.188,0.21,7.89,0.2,16.2,0.19,16.89,0.18,17.6,0.17,18.39,0.28,6.0,0.34,11.6,0.35,11.4,0.36,16.3,0.37,11.2,0.72,6.0,0.66,11.6,0.65,11.4,0.64,16.3,0.63,11.2,0.79,7.89,0.8,16.2,0.81,16.89,0.82,17.6,0.83,18.39,0.07,0.07,618.585,1776159444000
1776159446.359,146.359,0.21,7.89,0.2,16.2,0.19,16.89,0.18,17.6,0.17,18.39,0.28,6.0,0.34,11.6,0.35,11.4,0.36,16.3,0.37,11.2,0.72,6.0,0.66,11.6,0.65,11.4,0.64,16.3,0.63,11.2,0.79,7.89,0.8,16.2,0.81,16.89,0.82,17.6,0.83,18.39,0.07,0.07,618.588,1776159445000
1776159447.051,147.051,0.21,7.89,0.2,16.2,0.19,16.89,0.18,17.6,0.17,18.39,0.28,6.0,0.34,11.6,0.35,11.4,0.36,16.3,0.37,11.2,0.72,6.0,0.66,11.6,0.65,11.4,0.64,16.3,0.63,11.2,0.79,7.89,0.8,16.2,0.81,16.89,0.82,17.6,0.83,18.39,0.07,0.07,618.588,1776159446000
1776159448.189,148.189,0.21,7.89,0.2,16.2,0.19,16.89,0.18,17.6,0.17,18.39,0.28,6.0,0.34,11.6,0.35,11.4,0.36,16.3,0.37,11.2,0.72,6.0,0.66,11.6,0.65,11.4,0.64,16.3,0.63,11.2,0.79,7.89,0.8,16.2,0.81,16.89,0.82,17.6,0.83,18.39,0.07,0.07,618.588,1776159447000
1776159449.372,149.372,0.21,7.89,0.2,16.2,0.19,16.89,0.18,17.6,0.17,18.39,0.28,6.0,0.34,11.6,0.35,11.4,0.36,16.3,0.37,11.2,0.72,6.0,0.66,11.6,0.65,11.4,0.64,16.3,0.63,11.2,0.79,7.89,0.8,16.2,0.81,16.89,0.82,17.6,0.83,18.39,0.07,0.07,618.586,1776159448000
1776159450.341,150.341,0.21,7.89,0.2,16.2,0.19,16.89,0.18,17.6,0.17,18.39,0.28,6.0,0.34,11.6,0.35,11.4,0.36,16.3,0.37,11.2,0.72,6.0,0.66,11.6,0.65,11.4,0.64,16.3,0.63,11.2,0.79,7.89,0.8,16.2,0.81,16.89,0.82,17.6,0.83,18.39,0.07,0.07,618.589,1776159449000
1776159451.021,151.021,0.21,7.89,0.2,16.2,0.19,16.89,0.18,17.6,0.17,18.39,0.28,6.0,0.34,11.6,0.35,11.4,0.36,16.3,0.37,11.2,0.72,6.0,0.66,11.6,0.65,11.4,0.64,16.3,0.63,11.2,0.79,7.89,0.8,16.2,0.81,16.89,0.82,17.6,0.83,18.39,0.07,0.07,618.589,1776159450000
1776159452.031,152.031,0.21,7.89,0.2,16.2,0.19,16.89,0.18,17.6,0.17,18.39,0.28,6.0,0.34,11.6,0.35,11.4,0.36,16.3,0.37,11.2,0.72,6.0,0.66,11.6,0.65,11.4,0.64,16.3,0.63,11.2,0.79,7.89,0.8,16.2,0.81,16.89,0.82,17.6,0.83,18.39,0.07,0.07,618.588,1776159451000
1776159453.126,153.126,0.21,7.89,0.2,16.2,0.19,16.89,0.18,17.6,0.17,18.39,0.28,6.0,0.34,11.6,0.35,11.4,0.36,16.3,0.37,11.2,0.72,6.0,0.66,11.6,0.65,11.4,0.64,16.3,0.63,11.2,0.79,7.89,0.8,16.2,0.81,16.89,0.82,17.6,0.83,18.39,0.07,0.07,618.587,1776159452000
1776159454.137,154.137,0.21,7.89,0.2,16.2,0.19,16.89,0.18,17.6,0.17,18.39,0.28,6.0,0.34,11.6,0.35,11.4,0.36,16.3,0.37,11.2,0.72,6.0,0.66,11.6,0.65,11.4,0.64,16.3,0.63,11.2,0.79,7.89,0.8,16.2,0.81,16.89,0.82,17.6,0.83,18.39,0.07,0.07,618.593,1776159453000
1776159455.127,155.127,0.21,7.89,0.2,16.2,0.19,16.89,0.18,17.6,0.17,18.39,0.28,6.0,0.34,11.6,0.35,11.4,0.36,16.3,0.37,11.2,0.72,6.0,0.66,11.6,0.65,11.4,0.64,16.3,0.63,11.2,0.79,7.89,0.8,16.2,0.81,16.89,0.82,17.6,0.83,18.39,0.07,0.07,618.584,1776159454000
1776159456.062,156.062,0.21,7.89,0.2,16.2,0.19,16.89,0.18,17.6,0.17,18.39,0.28,6.0,0.34,11.6,0.35,11.4,0.36,16.3,0.37,11.2,0.72,6.0,0.66,11.6,0.65,11.4,0.64,16.3,0.63,11.2,0.79,7.89,0.8,16.2,0.81,16.89,0.82,17.6,0.83,18.39,0.07,0.07,618.581,1776159455000
1776159457.057,157.057,0.21,7.89,0.2,16.2,0.19,16.89,0.18,17.6,0.17,18.39,0.28,6.0,0.34,11.6,0.35,11.4,0.36,16.3,0.37,11.2,0.72,6.0,0.66,11.6,0.65,11.4,0.64,16.3,0.63,11.2,0.79,7.89,0.8,16.2,0.81,16.89,0.82,17.6,0.83,18.39,0.07,0.07,618.577,1776159456000
1776159457.482,157.482,0.21,50.0,0.17,18.39,0.16,19.3,0.15,20.39,0.14,21.6,0.22,1.0,0.26,6.71,0.28,12.9,0.29,12.6,0.3,12.4,0.72,6.0,0.66,11.6,0.65,11.4,0.64,16.3,0.63,11.2,0.79,7.89,0.8,16.2,0.81,16.89,0.82,17.6,0.83,18.39,0.01,0.07,618.577,1776159456000
1776159457.984,157.984,0.21,45.0,0.17,18.39,0.16,19.3,0.15,20.39,0.14,21.6,0.22,1.0,0.26,6.71,0.28,12.9,0.29,12.6,0.3,12.4,0.78,1.0,0.74,6.71,0.72,12.9,0.71,12.6,0.7,12.4,0.79,50.0,0.83,18.39,0.84,19.3,0.85,20.39,0.86,21.6,0.01,0.01,618.577,1776159456000
1776159459.07,159.07,0.21,45.0,0.17,18.39,0.16,19.3,0.15,20.39,0.14,21.6,0.22,1.0,0.26,6.71,0.28,12.9,0.29,12.6,0.3,12.4,0.78,1.0,0.74,6.71,0.72,12.9,0.71,12.6,0.7,12.4,0.79,45.0,0.83,18.39,0.84,19.3,0.85,20.39,0.86,21.6,0.01,0.01,618.571,1776159458000
1776159460.054,160.054,0.21,45.0,0.17,18.39,0.16,19.3,0.15,20.39,0.14,21.6,0.22,1.0,0.26,6.71,0.28,12.9,0.29,12.6,0.3,12.4,0.78,1.0,0.74,6.71,0.72,12.9,0.71,12.6,0.7,12.4,0.79,45.0,0.83,18.39,0.84,19.3,0.85,20.39,0.86,21.6,0.01,0.01,618.57,1776159459000
1776159461.111,161.111,0.21,45.0,0.17,18.39,0.16,19.3,0.15,20.39,0.14,21.6,0.22,1.0,0.26,6.71,0.28,12.9,0.29,12.6,0.3,12.4,0.78,1.0,0.74,6.71,0.72,12.9,0.71,12.6,0.7,12.4,0.79,45.0,0.83,18.39,0.84,19.3,0.85,20.39,0.86,21.6,0.01,0.01,618.5697,1776159460000
1776159462.145,162.145,0.21,45.0,0.17,18.39,0.16,19.3,0.15,20.39,0.14,21.6,0.22,1.0,0.26,6.71,0.28,12.9,0.29,12.6,0.3,12.4,0.78,1.0,0.74,6.71,0.72,12.9,0.71,12.6,0.7,12.4,0.79,45.0,0.83,18.39,0.84,19.3,0.85,20.39,0.86,21.6,0.01,0.01,618.572,1776159461000
1776159463.221,163.221,0.21,45.0,0.17,18.39,0.16,19.3,0.15,20.39,0.14,21.6,0.22,1.0,0.26,6.71,0.28,12.9,0.29,12.6,0.3,12.4,0.78,1.0,0.74,6.71,0.72,12.9,0.71,12.6,0.7,12.4,0.79,45.0,0.83,18.39,0.84,19.3,0.85,20.39,0.86,21.6,0.01,0.01,618.571896,1776159462000
1776159464.209,164.209,0.21,45.0,0.17,18.39,0.16,19.3,0.15,20.39,0.14,21.6,0.22,1.0,0.26,6.71,0.28,12.9,0.29,12.6,0.3,12.4,0.78,1.0,0.74,6.71,0.72,12.9,0.71,12.6,0.7,12.4,0.79,45.0,0.83,18.39,0.84,19.3,0.85,20.39,0.86,21.6,0.01,0.01,618.563125,1776159463000
1776159465.283,165.283,0.21,45.0,0.17,18.39,0.16,19.3,0.15,20.39,0.14,21.6,0.22,1.0,0.26,6.71,0.28,12.9,0.29,12.6,0.3,12.4,0.78,1.0,0.74,6.71,0.72,12.9,0.71,12.6,0.7,12.4,0.79,45.0,0.83,18.39,0.84,19.3,0.85,20.39,0.86,21.6,0.01,0.01,618.558373,1776159464000
1776159466.522,166.522,0.21,45.0,0.17,18.39,0.16,19.3,0.15,20.39,0.14,21.6,0.22,1.0,0.26,6.71,0.28,12.9,0.29,12.6,0.3,12.4,0.78,1.0,0.74,6.71,0.72,12.9,0.71,12.6,0.7,12.4,0.79,45.0,0.83,18.39,0.84,19.3,0.85,20.39,0.86,21.6,0.01,0.01,618.558373,1776159465000
1776159467.082,167.082,0.21,45.0,0.17,18.39,0.16,19.3,0.15,20.39,0.14,21.6,0.22,1.0,0.26,6.71,0.28,12.9,0.29,12.6,0.3,12.4,0.78,1.0,0.74,6.71,0.72,12.9,0.71,12.6,0.7,12.4,0.79,45.0,0.83,18.39,0.84,19.3,0.85,20.39,0.86,21.6,0.01,0.01,618.557521,1776159466000
1776159467.798,167.798,0.11,45.5,0.1,33.9,0.09,31.7,0.08,35.29,0.07,39.9,0.18,6.0,0.19,16.89,0.2,16.3,0.21,15.7,0.22,15.2,0.78,1.0,0.74,6.71,0.72,12.9,0.71,12.6,0.7,12.4,0.79,45.0,0.83,18.39,0.84,19.3,0.85,20.39,0.86,21.6,0.07,0.01,618.557521,1776159466000
1776159468.236,168.236,0.11,45.5,0.1,33.9,0.09,31.7,0.08,35.29,0.07,39.9,0.18,6.0,0.19,16.89,0.2,16.3,0.21,15.7,0.22,15.2,0.82,6.0,0.81,16.89,0.8,16.3,0.79,15.7,0.78,15.2,0.89,45.5,0.9,33.9,0.91,31.7,0.92,35.29,0.93,39.9,0.07,0.07,618.562273,1776159467000
1776159469.377,169.377,0.11,45.5,0.1,33.9,0.09,31.7,0.08,35.29,0.07,39.9,0.18,6.0,0.19,16.89,0.2,16.3,0.21,15.7,0.22,15.2,0.82,6.0,0.81,16.89,0.8,16.3,0.79,15.7,0.78,15.2,0.89,45.5,0.9,33.9,0.91,31.7,0.92,35.29,0.93,39.9,0.07,0.07,618.562273,1776159468000
1776159470.018,170.018,0.11,45.5,0.1,33.9,0.09,31.7,0.08,35.29,0.07,39.9,0.18,6.0,0.19,16.89,0.2,16.3,0.21,15.7,0.22,15.2,0.82,6.0,0.81,16.89,0.8,16.3,0.79,15.7,0.78,15.2,0.89,45.5,0.9,33.9,0.91,31.7,0.92,35.29,0.93,39.9,0.07,0.07,618.53,1776159469000
1776159471.198,171.198,0.11,45.5,0.1,33.9,0.09,31.7,0.08,35.29,0.07,39.9,0.18,6.0,0.19,16.89,0.2,16.3,0.21,15.7,0.22,15.2,0.82,6.0,0.81,16.89,0.8,16.3,0.79,15.7,0.78,15.2,0.89,45.5,0.9,33.9,0.91,31.7,0.92,35.29,0.93,39.9,0.07,0.07,618.52858,1776159470000
1776159472.456,172.456,0.11,45.5,0.1,33.9,0.09,31.7,0.08,35.29,0.07,39.9,0.18,6.0,0.19,16.89,0.2,16.3,0.21,15.7,0.22,15.2,0.82,6.0,0.81,16.89,0.8,16.3,0.79,15.7,0.78,15.2,0.89,45.5,0.9,33.9,0.91,31.7,0.92,35.29,0.93,39.9,0.07,0.07,618.52825,1776159471000
1776159473.043,173.043,0.11,45.5,0.1,33.9,0.09,31.7,0.08,35.29,0.07,39.9,0.18,6.0,0.19,16.89,0.2,16.3,0.21,15.7,0.22,15.2,0.82,6.0,0.81,16.89,0.8,16.3,0.79,15.7,0.78,15.2,0.89,45.5,0.9,33.9,0.91,31.7,0.92,35.29,0.93,39.9,0.07,0.07,618.52817,1776159472000
1776159474.125,174.125,0.11,45.5,0.1,33.9,0.09,31.7,0.08,35.29,0.07,39.9,0.18,6.0,0.19,16.89,0.2,16.3,0.21,15.7,0.22,15.2,0.82,6.0,0.81,16.89,0.8,16.3,0.79,15.7,0.78,15.2,0.89,45.5,0.9,33.9,0.91,31.7,0.92,35.29,0.93,39.9,0.07,0.07,618.516,1776159473000
1776159475.332,175.332,0.11,45.5,0.1,33.9,0.09,31.7,0.08,35.29,0.07,39.9,0.18,6.0,0.19,16.89,0.2,16.3,0.21,15.7,0.22,15.2,0.82,6.0,0.81,16.89,0.8,16.3,0.79,15.7,0.78,15.2,0.89,45.5,0.9,33.9,0.91,31.7,0.92,35.29,0.93,39.9,0.07,0.07,618.52,1776159474000
1776159476.348,176.348,0.11,45.5,0.1,33.9,0.09,31.7,0.08,35.29,0.07,39.9,0.18,6.0,0.19,16.89,0.2,16.3,0.21,15.7,0.22,15.2,0.82,6.0,0.81,16.89,0.8,16.3,0.79,15.7,0.78,15.2,0.89,45.5,0.9,33.9,0.91,31.7,0.92,35.29,0.93,39.9,0.07,0.07,618.515,1776159475000
1776159476.985,176.985,0.11,45.5,0.1,33.9,0.09,31.7,0.08,35.29,0.07,39.9,0.18,6.0,0.19,16.89,0.2,16.3,0.21,15.7,0.22,15.2,0.82,6.0,0.81,16.89,0.8,16.3,0.79,15.7,0.78,15.2,0.89,45.5,0.9,33.9,0.91,31.7,0.92,35.29,0.93,39.9,0.07,0.07,618.515,1776159476000
1776159478.121,178.121,0.11,45.5,0.1,33.9,0.09,31.7,0.08,35.29,0.07,39.9,0.18,6.0,0.19,16.89,0.2,16.3,0.21,15.7,0.22,15.2,0.82,6.0,0.81,16.89,0.8,16.3,0.79,15.7,0.78,15.2,0.89,45.5,0.9,33.9,0.91,31.7,0.92,35.29,0.93,39.9,0.07,0.07,618.51886,1776159477000
1776159479.169,179.169,0.11,45.5,0.1,33.9,0.09,31.7,0.08,35.29,0.07,39.9,0.18,6.0,0.19,16.89,0.2,16.3,0.21,15.7,0.22,15.2,0.82,6.0,0.81,16.89,0.8,16.3,0.79,15.7,0.78,15.2,0.89,45.5,0.9,33.9,0.91,31.7,0.92,35.29,0.93,39.9,0.07,0.07,618.50891,1776159478000
1776159480.123,180.123,0.11,45.5,0.1,33.9,0.09,31.7,0.08,35.29,0.07,39.9,0.18,6.0,0.19,16.89,0.2,16.3,0.21,15.7,0.22,15.2,0.82,6.0,0.81,16.89,0.8,16.3,0.79,15.7,0.78,15.2,0.89,45.5,0.9,33.9,0.91,31.7,0.92,35.29,0.93,39.9,0.07,0.07,618.50896,1776159479000
1776159481.173,181.173,0.11,45.5,0.1,33.9,0.09,31.7,0.08,35.29,0.07,39.9,0.18,6.0,0.19,16.89,0.2,16.3,0.21,15.7,0.22,15.2,0.82,6.0,0.81,16.89,0.8,16.3,0.79,15.7,0.78,15.2,0.89,45.5,0.9,33.9,0.91,31.7,0.92,35.29,0.93,39.9,0.07,0.07,618.49243,1776159480000
1776159482.222,182.222,0.11,45.5,0.1,33.9,0.09,31.7,0.08,35.29,0.07,39.9,0.18,6.0,0.19,16.89,0.2,16.3,0.21,15.7,0.22,15.2,0.82,6.0,0.81,16.89,0.8,16.3,0.79,15.7,0.78,15.2,0.89,45.5,0.9,33.9,0.91,31.7,0.92,35.29,0.93,39.9,0.07,0.07,618.49217,1776159481000
1776159483.11,183.11,0.11,45.5,0.1,33.9,0.09,31.7,0.08,35.29,0.07,39.9,0.18,6.0,0.19,16.89,0.2,16.3,0.21,15.7,0.22,15.2,0.82,6.0,0.81,16.89,0.8,16.3,0.79,15.7,0.78,15.2,0.89,45.5,0.9,33.9,0.91,31.7,0.92,35.29,0.93,39.9,0.07,0.07,618.49128,1776159482000
1776159484.109,184.109,0.11,45.5,0.1,33.9,0.09,31.7,0.08,35.29,0.07,39.9,0.18,6.0,0.19,16.89,0.2,16.3,0.21,15.7,0.22,15.2,0.82,6.0,0.81,16.89,0.8,16.3,0.79,15.7,0.78,15.2,0.89,45.5,0.9,33.9,0.91,31.7,0.92,35.29,0.93,39.9,0.07,0.07,618.50295,1776159483000
1776159485.093,185.093,0.11,45.5,0.1,33.9,0.09,31.7,0.08,35.29,0.07,39.9,0.18,6.0,0.19,16.89,0.2,16.3,0.21,15.7,0.22,15.2,0.82,6.0,0.81,16.89,0.8,16.3,0.79,15.7,0.78,15.2,0.89,45.5,0.9,33.9,0.91,31.7,0.92,35.29,0.93,39.9,0.07,0.07,618.504,1776159484000
1776159486.133,186.133,0.11,45.5,0.1,33.9,0.09,31.7,0.08,35.29,0.07,39.9,0.18,6.0,0.19,16.89,0.2,16.3,0.21,15.7,0.22,15.2,0.82,6.0,0.81,16.89,0.8,16.3,0.79,15.7,0.78,15.2,0.89,45.5,0.9,33.9,0.91,31.7,0.92,35.29,0.93,39.9,0.07,0.07,618.50831,1776159485000
1776159487.083,187.083,0.11,45.5,0.1,33.9,0.09,31.7,0.08,35.29,0.07,39.9,0.18,6.0,0.19,16.89,0.2,16.3,0.21,15.7,0.22,15.2,0.82,6.0,0.81,16.89,0.8,16.3,0.79,15.7,0.78,15.2,0.89,45.5,0.9,33.9,0.91,31.7,0.92,35.29,0.93,39.9,0.07,0.07,618.50855,1776159486000
1776159488.034,188.034,0.11,45.5,0.1,33.9,0.09,31.7,0.08,35.29,0.07,39.9,0.18,6.0,0.19,16.89,0.2,16.3,0.21,15.7,0.22,15.2,0.82,6.0,0.81,16.89,0.8,16.3,0.79,15.7,0.78,15.2,0.89,45.5,0.9,33.9,0.91,31.7,0.92,35.29,0.93,39.9,0.07,0.07,618.5086,1776159487000
1776159488.934,188.934,0.11,45.5,0.1,33.9,0.09,31.7,0.08,35.29,0.07,39.9,0.18,6.0,0.19,16.89,0.2,16.3,0.21,15.7,0.22,15.2,0.82,6.0,0.81,16.89,0.8,16.3,0.79,15.7,0.78,15.2,0.89,45.5,0.9,33.9,0.91,31.7,0.92,35.29,0.93,39.9,0.07,0.07,618.50615,1776159488000
1776159489.931,189.931,0.11,45.5,0.1,33.9,0.09,31.7,0.08,35.29,0.07,39.9,0.18,6.0,0.19,16.89,0.2,16.3,0.21,15.7,0.22,15.2,0.82,6.0,0.81,16.89,0.8,16.3,0.79,15.7,0.78,15.2,0.89,45.5,0.9,33.9,0.91,31.7,0.92,35.29,0.93,39.9,0.07,0.07,618.50607,1776159489000
1776159490.955,190.955,0.11,45.5,0.1,33.9,0.09,31.7,0.08,35.29,0.07,39.9,0.18,6.0,0.19,16.89,0.2,16.3,0.21,15.7,0.22,15.2,0.82,6.0,0.81,16.89,0.8,16.3,0.79,15.7,0.78,15.2,0.89,45.5,0.9,33.9,0.91,31.7,0.92,35.29,0.93,39.9,0.07,0.07,618.50879,1776159490000
1776159491.782,191.782,0.11,45.5,0.1,33.9,0.09,31.7,0.08,35.29,0.07,39.9,0.18,6.0,0.19,16.89,0.2,16.3,0.21,15.7,0.22,15.2,0.82,6.0,0.81,16.89,0.8,16.3,0.79,15.7,0.78,15.2,0.89,45.5,0.9,33.9,0.91,31.7,0.92,35.29,0.93,39.9,0.07,0.07,618.50866,1776159491000
1776159492.929,192.929,0.04,5.0,0.02,144.69,0.01,5733.69,,,,,0.11,48.6,0.12,24.6,0.13,23.0,0.14,26.6,0.15,20.39,0.82,6.0,0.81,16.89,0.8,16.3,0.79,15.7,0.78,15.2,0.89,45.5,0.9,33.9,0.91,31.7,0.92,35.29,0.93,39.9,0.07,0.07,618.50866,1776159491000
1776159493.274,193.274,0.04,5.0,0.02,144.69,0.01,5733.69,,,,,0.11,48.6,0.12,24.6,0.13,23.0,0.14,26.6,0.15,20.39,0.89,48.6,0.88,24.6,0.87,23.0,0.86,26.6,0.85,20.39,0.96,5.0,0.98,144.69,0.99,5733.69,,,,,0.07,0.07,618.50946,1776159492000
1776159494.196,194.196,0.04,5.0,0.02,144.69,0.01,5733.69,,,,,0.11,48.6,0.12,24.6,0.13,23.0,0.14,26.6,0.15,20.39,0.89,48.6,0.88,24.6,0.87,23.0,0.86,26.6,0.85,20.39,0.96,5.0,0.98,144.69,0.99,5733.69,,,,,0.07,0.07,618.47,1776159493000
1776159495.262,195.262,0.04,5.0,0.02,144.69,0.01,5733.69,,,,,0.11,48.6,0.12,24.6,0.13,23.0,0.14,26.6,0.15,20.39,0.89,48.6,0.88,24.6,0.87,23.0,0.86,26.6,0.85,20.39,0.96,5.0,0.98,144.69,0.99,5733.69,,,,,0.07,0.07,618.389,1776159494000
1776159496.201,196.201,0.04,5.0,0.02,144.69,0.01,5733.69,,,,,0.11,48.6,0.12,24.6,0.13,23.0,0.14,26.6,0.15,20.39,0.89,48.6,0.88,24.6,0.87,23.0,0.86,26.6,0.85,20.39,0.96,5.0,0.98,144.69,0.99,5733.69,,,,,0.07,0.07,618.341482,1776159495000
1776159497.199,197.199,0.04,5.0,0.02,144.69,0.01,5733.69,,,,,0.11,48.6,0.12,24.6,0.13,23.0,0.14,26.6,0.15,20.39,0.89,48.6,0.88,24.6,0.87,23.0,0.86,26.6,0.85,20.39,0.96,5.0,0.98,144.69,0.99,5733.69,,,,,0.07,0.07,618.365,1776159496000
1776159498.277,198.277,0.04,5.0,0.02,144.69,0.01,5733.69,,,,,0.11,48.6,0.12,24.6,0.13,23.0,0.14,26.6,0.15,20.39,0.89,48.6,0.88,24.6,0.87,23.0,0.86,26.6,0.85,20.39,0.96,5.0,0.98,144.69,0.99,5733.69,,,,,0.07,0.07,618.341482,1776159497000
1776159499.124,199.124,0.04,5.0,0.02,144.69,0.01,5733.69,,,,,0.11,48.6,0.12,24.6,0.13,23.0,0.14,26.6,0.15,20.39,0.89,48.6,0.88,24.6,0.87,23.0,0.86,26.6,0.85,20.39,0.96,5.0,0.98,144.69,0.99,5733.69,,,,,0.07,0.07,618.343793,1776159498000
1776159500.118,200.118,0.04,5.0,0.02,144.69,0.01,5733.69,,,,,0.11,48.6,0.12,24.6,0.13,23.0,0.14,26.6,0.15,20.39,0.89,48.6,0.88,24.6,0.87,23.0,0.86,26.6,0.85,20.39,0.96,5.0,0.98,144.69,0.99,5733.69,,,,,0.07,0.07,618.342082,1776159499000
1776159501.062,201.062,0.04,5.0,0.02,144.69,0.01,5733.69,,,,,0.11,48.6,0.12,24.6,0.13,23.0,0.14,26.6,0.15,20.39,0.89,48.6,0.88,24.6,0.87,23.0,0.86,26.6,0.85,20.39,0.96,5.0,0.98,144.69,0.99,5733.69,,,,,0.07,0.07,618.342082,1776159500000
1776159501.319,201.319,0.01,5728.28,,,,,,,,,0.05,59.7,0.06,46.1,0.07,39.9,0.08,35.29,0.09,41.7,0.89,48.6,0.88,24.6,0.87,23.0,0.86,26.6,0.85,20.39,0.96,5.0,0.98,144.69,0.99,5733.69,,,,,0.04,0.07,618.342082,1776159500000
1776159502.056,202.056,0.01,5728.28,,,,,,,,,0.05,59.7,0.06,46.1,0.07,39.9,0.08,35.29,0.09,41.7,0.95,59.7,0.94,46.1,0.93,39.9,0.92,35.29,0.91,41.7,0.99,5728.28,,,,,,,,,0.04,0.04,618.342082,1776159501000
1776159502.997,202.997,0.01,5728.28,,,,,,,,,0.05,59.7,0.06,46.1,0.07,39.9,0.08,35.29,0.09,41.7,0.95,59.7,0.94,46.1,0.93,39.9,0.92,35.29,0.91,41.7,0.99,5728.28,,,,,,,,,0.04,0.04,618.33,1776159502000
1776159503.981,203.981,0.01,5728.28,,,,,,,,,0.05,59.7,0.06,46.1,0.07,39.9,0.08,35.29,0.09,41.7,0.95,59.7,0.94,46.1,0.93,39.9,0.92,35.29,0.91,41.7,0.99,5728.28,,,,,,,,,0.04,0.04,618.329,1776159503000
1776159505.567,205.567,0.01,5728.28,,,,,,,,,0.05,59.7,0.06,46.1,0.07,39.9,0.08,35.29,0.09,41.7,0.95,59.7,0.94,46.1,0.93,39.9,0.92,35.29,0.91,41.7,0.99,5728.28,,,,,,,,,0.04,0.04,618.35604,1776159504000
1776159506.414,206.414,0.01,5728.28,,,,,,,,,0.05,59.7,0.06,46.1,0.07,39.9,0.08,35.29,0.09,41.7,0.95,59.7,0.94,46.1,0.93,39.9,0.92,35.29,0.91,41.7,0.99,5728.28,,,,,,,,,0.04,0.04,618.35104,1776159505000
1776159506.963,206.963,0.01,5728.28,,,,,,,,,0.05,59.7,0.06,46.1,0.07,39.9,0.08,35.29,0.09,41.7,0.95,59.7,0.94,46.1,0.93,39.9,0.92,35.29,0.91,41.7,0.99,5728.28,,,,,,,,,0.04,0.04,618.34995,1776159506000
1776159508.342,208.342,0.01,5728.28,,,,,,,,,0.05,59.7,0.06,46.1,0.07,39.9,0.08,35.29,0.09,41.7,0.95,59.7,0.94,46.1,0.93,39.9,0.92,35.29,0.91,41.7,0.99,5728.28,,,,,,,,,0.04,0.04,618.34833,1776159507000
1776159509.012,209.012,0.01,5728.28,,,,,,,,,0.05,59.7,0.06,46.1,0.07,39.9,0.08,35.29,0.09,41.7,0.95,59.7,0.94,46.1,0.93,39.9,0.92,35.29,0.91,41.7,0.99,5728.28,,,,,,,,,0.04,0.04,618.34833,1776159508000
1776159510.198,210.198,0.01,5728.28,,,,,,,,,0.05,59.7,0.06,46.1,0.07,39.9,0.08,35.29,0.09,41.7,0.95,59.7,0.94,46.1,0.93,39.9,0.92,35.29,0.91,41.7,0.99,5728.28,,,,,,,,,0.04,0.04,618.35086,1776159509000
1776159511.491,211.491,0.01,5728.28,,,,,,,,,0.05,59.7,0.06,46.1,0.07,39.9,0.08,35.29,0.09,41.7,0.95,59.7,0.94,46.1,0.93,39.9,0.92,35.29,0.91,41.7,0.99,5728.28,,,,,,,,,0.04,0.04,618.35129,1776159510000
1776159511.944,211.944,0.01,5728.28,,,,,,,,,0.05,59.7,0.06,46.1,0.07,39.9,0.08,35.29,0.09,41.7,0.95,59.7,0.94,46.1,0.93,39.9,0.92,35.29,0.91,41.7,0.99,5728.28,,,,,,,,,0.04,0.04,618.35211,1776159511000
1776159513.133,213.133,0.01,5728.28,,,,,,,,,0.05,59.7,0.06,46.1,0.07,39.9,0.08,35.29,0.09,41.7,0.95,59.7,0.94,46.1,0.93,39.9,0.92,35.29,0.91,41.7,0.99,5728.28,,,,,,,,,0.04,0.04,618.35272,1776159512000
1776159514.619,214.619,0.01,5728.28,,,,,,,,,0.05,59.7,0.06,46.1,0.07,39.9,0.08,35.29,0.09,41.7,0.95,59.7,0.94,46.1,0.93,39.9,0.92,35.29,0.91,41.7,0.99,5728.28,,,,,,,,,0.04,0.04,618.3392,1776159513000
1776159515.143,215.143,0.01,5728.28,,,,,,,,,0.05,59.7,0.06,46.1,0.07,39.9,0.08,35.29,0.09,41.7,0.95,59.7,0.94,46.1,0.93,39.9,0.92,35.29,0.91,41.7,0.99,5728.28,,,,,,,,,0.04,0.04,618.31318,1776159514000
1776159516.282,216.282,0.01,5728.28,,,,,,,,,0.05,59.7,0.06,46.1,0.07,39.9,0.08,35.29,0.09,41.7,0.95,59.7,0.94,46.1,0.93,39.9,0.92,35.29,0.91,41.7,0.99,5728.28,,,,,,,,,0.04,0.04,618.32993,1776159515000
1776159517.44,217.44,0.01,5728.28,,,,,,,,,0.05,59.7,0.06,46.1,0.07,39.9,0.08,35.29,0.09,41.7,0.95,59.7,0.94,46.1,0.93,39.9,0.92,35.29,0.91,41.7,0.99,5728.28,,,,,,,,,0.04,0.04,618.32519,1776159516000
1776159518.061,218.061,0.01,5728.28,,,,,,,,,0.05,59.7,0.06,46.1,0.07,39.9,0.08,35.29,0.09,41.7,0.95,59.7,0.94,46.1,0.93,39.9,0.92,35.29,0.91,41.7,0.99,5728.28,,,,,,,,,0.04,0.04,618.32519,1776159517000
1776159519.208,219.208,0.01,5728.28,,,,,,,,,0.05,59.7,0.06,46.1,0.07,39.9,0.08,35.29,0.09,41.7,0.95,59.7,0.94,46.1,0.93,39.9,0.92,35.29,0.91,41.7,0.99,5728.28,,,,,,,,,0.04,0.04,618.32528,1776159518000
1776159520.363,220.363,0.01,5728.28,,,,,,,,,0.05,59.7,0.06,46.1,0.07,39.9,0.08,35.29,0.09,41.7,0.95,59.7,0.94,46.1,0.93,39.9,0.92,35.29,0.91,41.7,0.99,5728.28,,,,,,,,,0.04,0.04,618.32825,1776159519000
1776159521.512,221.512,0.01,5728.28,,,,,,,,,0.05,59.7,0.06,46.1,0.07,39.9,0.08,35.29,0.09,41.7,0.95,59.7,0.94,46.1,0.93,39.9,0.92,35.29,0.91,41.7,0.99,5728.28,,,,,,,,,0.04,0.04,618.32593,1776159520000
1776159522.019,222.019,0.01,5728.28,,,,,,,,,0.05,59.7,0.06,46.1,0.07,39.9,0.08,35.29,0.09,41.7,0.95,59.7,0.94,46.1,0.93,39.9,0.92,35.29,0.91,41.7,0.99,5728.28,,,,,,,,,0.04,0.04,618.32815,1776159521000
1776159523.153,223.153,0.01,5728.28,,,,,,,,,0.05,59.7,0.06,46.1,0.07,39.9,0.08,35.29,0.09,41.7,0.95,59.7,0.94,46.1,0.93,39.9,0.92,35.29,0.91,41.7,0.99,5728.28,,,,,,,,,0.04,0.04,618.33532,1776159522000
1776159524.181,224.181,0.01,5728.28,,,,,,,,,0.05,59.7,0.06,46.1,0.07,39.9,0.08,35.29,0.09,41.7,0.95,59.7,0.94,46.1,0.93,39.9,0.92,35.29,0.91,41.7,0.99,5728.28,,,,,,,,,0.04,0.04,618.31611,1776159523000
1776159525.424,225.424,0.01,5728.28,,,,,,,,,0.05,59.7,0.06,46.1,0.07,39.9,0.08,35.29,0.09,41.7,0.95,59.7,0.94,46.1,0.93,39.9,0.92,35.29,0.91,41.7,0.99,5728.28,,,,,,,,,0.04,0.04,618.31638,1776159524000
1776159525.949,225.949,0.01,5728.28,,,,,,,,,0.05,59.7,0.06,46.1,0.07,39.9,0.08,35.29,0.09,41.7,0.95,59.7,0.94,46.1,0.93,39.9,0.92,35.29,0.91,41.7,0.99,5728.28,,,,,,,,,0.04,0.04,618.31638,1776159525000
1776159527.124,227.124,0.01,5728.28,,,,,,,,,0.05,59.7,0.06,46.1,0.07,39.9,0.08,35.29,0.09,41.7,0.95,59.7,0.94,46.1,0.93,39.9,0.92,35.29,0.91,41.7,0.99,5728.28,,,,,,,,,0.04,0.04,618.27846,1776159526000
1776159528.308,228.308,0.01,5728.28,,,,,,,,,0.05,59.7,0.06,46.1,0.07,39.9,0.08,35.29,0.09,41.7,0.95,59.7,0.94,46.1,0.93,39.9,0.92,35.29,0.91,41.7,0.99,5728.28,,,,,,,,,0.04,0.04,618.242847,1776159527000
1776159529.295,229.295,0.01,270.68,,,,,,,,,0.02,133.24,0.03,89.3,0.04,77.7,0.05,54.7,0.06,46.1,0.98,133.24,0.97,89.3,0.96,77.7,0.95,54.7,0.94,46.1,0.99,270.68,,,,,,,,,0.01,0.01,618.24552,1776159528000
1776159530.55,230.55,0.01,270.68,,,,,,,,,0.02,133.24,0.03,89.3,0.04,77.7,0.05,54.7,0.06,46.1,0.98,133.24,0.97,89.3,0.96,77.7,0.95,54.7,0.94,46.1,0.99,270.68,,,,,,,,,0.01,0.01,618.24608,1776159529000
1776159531.238,231.238,0.01,270.68,,,,,,,,,0.02,133.24,0.03,89.3,0.04,77.7,0.05,54.7,0.06,46.1,0.98,133.24,0.97,89.3,0.96,77.7,0.95,54.7,0.94,46.1,0.99,270.68,,,,,,,,,0.01,0.01,618.24677,1776159530000
1776159532.386,232.386,0.01,270.68,,,,,,,,,0.02,133.24,0.03,89.3,0.04,77.7,0.05,54.7,0.06,46.1,0.98,133.24,0.97,89.3,0.96,77.7,0.95,54.7,0.94,46.1,0.99,270.68,,,,,,,,,0.01,0.01,618.30492,1776159531000
1776159532.934,232.934,0.01,270.68,,,,,,,,,0.02,133.24,0.03,89.3,0.04,77.7,0.05,54.7,0.06,46.1,0.98,133.24,0.97,89.3,0.96,77.7,0.95,54.7,0.94,46.1,0.99,270.68,,,,,,,,,0.01,0.01,618.30517,1776159532000
1776159534.033,234.033,0.01,270.68,,,,,,,,,0.02,133.24,0.03,89.3,0.04,77.7,0.05,54.7,0.06,46.1,0.98,133.24,0.97,89.3,0.96,77.7,0.95,54.7,0.94,46.1,0.99,270.68,,,,,,,,,0.01,0.01,618.310729,1776159533000
1776159535.218,235.218,0.01,270.68,,,,,,,,,0.02,133.24,0.03,89.3,0.04,77.7,0.05,54.7,0.06,46.1,0.98,133.24,0.97,89.3,0.96,77.7,0.95,54.7,0.94,46.1,0.99,270.68,,,,,,,,,0.01,0.01,618.32946,1776159534000
1776159536.157,236.157,0.01,270.68,,,,,,,,,0.02,133.24,0.03,89.3,0.04,77.7,0.05,54.7,0.06,46.1,0.98,133.24,0.97,89.3,0.96,77.7,0.95,54.7,0.94,46.1,0.99,270.68,,,,,,,,,0.01,0.01,618.320818,1776159535000
1776159537.223,237.223,0.01,270.68,,,,,,,,,0.02,133.24,0.03,89.3,0.04,77.7,0.05,54.7,0.06,46.1,0.98,133.24,0.97,89.3,0.96,77.7,0.95,54.7,0.94,46.1,0.99,270.68,,,,,,,,,0.01,0.01,618.318518,1776159536000
1776159537.709,237.709,0.01,267.8,,,,,,,,,0.02,128.24,0.03,89.3,0.04,67.7,0.05,54.7,0.06,56.1,0.98,133.24,0.97,89.3,0.96,77.7,0.95,54.7,0.94,46.1,0.99,270.68,,,,,,,,,0.01,0.01,618.318518,1776159536000
1776159538.28,238.28,0.01,267.8,,,,,,,,,0.02,128.24,0.03,89.3,0.04,67.7,0.05,54.7,0.06,56.1,0.98,128.24,0.97,89.3,0.96,67.7,0.95,54.7,0.94,56.1,0.99,267.8,,,,,,,,,0.01,0.01,618.312734,1776159537000
1776159539.238,239.238,0.01,267.8,,,,,,,,,0.02,128.24,0.03,89.3,0.04,67.7,0.05,54.7,0.06,56.1,0.98,128.24,0.97,89.3,0.96,67.7,0.95,54.7,0.94,56.1,0.99,267.8,,,,,,,,,0.01,0.01,618.323379,1776159538000
1776159540.265,240.265,0.01,267.8,,,,,,,,,0.02,128.24,0.03,89.3,0.04,67.7,0.05,54.7,0.06,56.1,0.98,128.24,0.97,89.3,0.96,67.7,0.95,54.7,0.94,56.1,0.99,267.8,,,,,,,,,0.01,0.01,618.33185,1776159539000
1776159541.319,241.319,0.01,267.8,,,,,,,,,0.02,128.24,0.03,89.3,0.04,67.7,0.05,54.7,0.06,56.1,0.98,128.24,0.97,89.3,0.96,67.7,0.95,54.7,0.94,56.1,0.99,267.8,,,,,,,,,0.01,0.01,618.34006,1776159540000
1776159542.293,242.293,0.01,267.8,,,,,,,,,0.02,128.24,0.03,89.3,0.04,67.7,0.05,54.7,0.06,56.1,0.98,128.24,0.97,89.3,0.96,67.7,0.95,54.7,0.94,56.1,0.99,267.8,,,,,,,,,0.01,0.01,618.32978,1776159541000
1776159543.227,243.227,0.01,267.8,,,,,,,,,0.02,128.24,0.03,89.3,0.04,67.7,0.05,54.7,0.06,56.1,0.98,128.24,0.97,89.3,0.96,67.7,0.95,54.7,0.94,56.1,0.99,267.8,,,,,,,,,0.01,0.01,618.33857,1776159542000
1776159544.265,244.265,0.01,267.8,,,,,,,,,0.02,128.24,0.03,89.3,0.04,67.7,0.05,54.7,0.06,56.1,0.98,128.24,0.97,89.3,0.96,67.7,0.95,54.7,0.94,56.1,0.99,267.8,,,,,,,,,0.01,0.01,618.34566,1776159543000
1776159545.18,245.18,0.01,267.8,,,,,,,,,0.02,128.24,0.03,89.3,0.04,67.7,0.05,54.7,0.06,56.1,0.98,128.24,0.97,89.3,0.96,67.7,0.95,54.7,0.94,56.1,0.99,267.8,,,,,,,,,0.01,0.01,618.34449,1776159544000
1776159546.117,246.117,0.01,267.8,,,,,,,,,0.02,128.24,0.03,89.3,0.04,67.7,0.05,54.7,0.06,56.1,0.98,128.24,0.97,89.3,0.96,67.7,0.95,54.7,0.94,56.1,0.99,267.8,,,,,,,,,0.01,0.01,618.38541,1776159545000
1776159547.119,247.119,0.01,267.8,,,,,,,,,0.02,128.24,0.03,89.3,0.04,67.7,0.05,54.7,0.06,56.1,0.98,128.24,0.97,89.3,0.96,67.7,0.95,54.7,0.94,56.1,0.99,267.8,,,,,,,,,0.01,0.01,618.40049,1776159546000
1776159548.103,248.103,0.01,267.8,,,,,,,,,0.02,128.24,0.03,89.3,0.04,67.7,0.05,54.7,0.06,56.1,0.98,128.24,0.97,89.3,0.96,67.7,0.95,54.7,0.94,56.1,0.99,267.8,,,,,,,,,0.01,0.01,618.38308,1776159547000
1776159549.164,249.164,0.01,267.8,,,,,,,,,0.02,128.24,0.03,89.3,0.04,67.7,0.05,54.7,0.06,56.1,0.98,128.24,0.97,89.3,0.96,67.7,0.95,54.7,0.94,56.1,0.99,267.8,,,,,,,,,0.01,0.01,618.40508,1776159548000
1776159551.094,251.094,0.01,267.8,,,,,,,,,0.02,128.24,0.03,89.3,0.04,67.7,0.05,54.7,0.06,56.1,0.98,128.24,0.97,89.3,0.96,67.7,0.95,54.7,0.94,56.1,0.99,267.8,,,,,,,,,0.01,0.01,618.42265,1776159550000
1776159552.372,252.372,0.01,267.8,,,,,,,,,0.02,128.24,0.03,89.3,0.04,67.7,0.05,54.7,0.06,56.1,0.98,128.24,0.97,89.3,0.96,67.7,0.95,54.7,0.94,56.1,0.99,267.8,,,,,,,,,0.01,0.01,618.40314,1776159551000
1776159552.911,252.911,0.01,267.8,,,,,,,,,0.02,128.24,0.03,89.3,0.04,67.7,0.05,54.7,0.06,56.1,0.98,128.24,0.97,89.3,0.96,67.7,0.95,54.7,0.94,56.1,0.99,267.8,,,,,,,,,0.01,0.01,618.426255,1776159552000
1776159554.468,254.468,0.01,267.8,,,,,,,,,0.02,128.24,0.03,89.3,0.04,67.7,0.05,54.7,0.06,56.1,0.98,128.24,0.97,89.3,0.96,67.7,0.95,54.7,0.94,56.1,0.99,267.8,,,,,,,,,0.01,0.01,618.433,1776159553000
1776159555.106,255.106,0.01,267.8,,,,,,,,,0.02,128.24,0.03,89.3,0.04,67.7,0.05,54.7,0.06,56.1,0.98,128.24,0.97,89.3,0.96,67.7,0.95,54.7,0.94,56.1,0.99,267.8,,,,,,,,,0.01,0.01,618.434487,1776159554000
1776159556.307,256.307,0.01,267.8,,,,,,,,,0.02,128.24,0.03,89.3,0.04,67.7,0.05,54.7,0.06,56.1,0.98,128.24,0.97,89.3,0.96,67.7,0.95,54.7,0.94,56.1,0.99,267.8,,,,,,,,,0.01,0.01,618.434,1776159555000
1776159557.742,257.742,0.01,267.8,,,,,,,,,0.02,128.24,0.03,89.3,0.04,67.7,0.05,54.7,0.06,56.1,0.98,128.24,0.97,89.3,0.96,67.7,0.95,54.7,0.94,56.1,0.99,267.8,,,,,,,,,0.01,0.01,618.418,1776159556000
1776159558.281,258.281,0.01,267.8,,,,,,,,,0.02,128.24,0.03,89.3,0.04,67.7,0.05,54.7,0.06,56.1,0.98,128.24,0.97,89.3,0.96,67.7,0.95,54.7,0.94,56.1,0.99,267.8,,,,,,,,,0.01,0.01,618.418,1776159557000
1776159559.527,259.527,0.01,267.8,,,,,,,,,0.02,128.24,0.03,89.3,0.04,67.7,0.05,54.7,0.06,56.1,0.98,128.24,0.97,89.3,0.96,67.7,0.95,54.7,0.94,56.1,0.99,267.8,,,,,,,,,0.01,0.01,618.409,1776159558000
1776159560.133,260.133,0.01,267.8,,,,,,,,,0.02,128.24,0.03,89.3,0.04,67.7,0.05,54.7,0.06,56.1,0.98,128.24,0.97,89.3,0.96,67.7,0.95,54.7,0.94,56.1,0.99,267.8,,,,,,,,,0.01,0.01,618.409,1776159559000
1776159561.366,261.366,0.01,267.8,,,,,,,,,0.02,128.24,0.03,89.3,0.04,67.7,0.05,54.7,0.06,56.1,0.98,128.24,0.97,89.3,0.96,67.7,0.95,54.7,0.94,56.1,0.99,267.8,,,,,,,,,0.01,0.01,618.403139,1776159560000
1776159561.999,261.999,0.01,267.8,,,,,,,,,0.02,128.24,0.03,89.3,0.04,67.7,0.05,54.7,0.06,56.1,0.98,128.24,0.97,89.3,0.96,67.7,0.95,54.7,0.94,56.1,0.99,267.8,,,,,,,,,0.01,0.01,618.388,1776159561000
1776159563.15,263.15,0.01,267.8,,,,,,,,,0.02,128.24,0.03,89.3,0.04,67.7,0.05,54.7,0.06,56.1,0.98,128.24,0.97,89.3,0.96,67.7,0.95,54.7,0.94,56.1,0.99,267.8,,,,,,,,,0.01,0.01,618.352309,1776159562000
1776159564.449,264.449,0.01,267.8,,,,,,,,,0.02,128.24,0.03,89.3,0.04,67.7,0.05,54.7,0.06,56.1,0.98,128.24,0.97,89.3,0.96,67.7,0.95,54.7,0.94,56.1,0.99,267.8,,,,,,,,,0.01,0.01,618.33,1776159563000
1776159564.792,264.792,0.01,186.78,,,,,,,,,0.02,128.24,0.03,89.3,0.04,67.7,0.05,64.7,0.06,46.1,0.98,128.24,0.97,89.3,0.96,67.7,0.95,54.7,0.94,56.1,0.99,267.8,,,,,,,,,0.01,0.01,618.33,1776159563000
1776159565.151,265.151,0.01,186.78,,,,,,,,,0.02,128.24,0.03,89.3,0.04,67.7,0.05,64.7,0.06,46.1,0.98,128.24,0.97,89.3,0.96,67.7,0.95,64.7,0.94,46.1,0.99,186.78,,,,,,,,,0.01,0.01,618.33,1776159564000
1776159566.211,266.211,0.01,186.78,,,,,,,,,0.02,128.24,0.03,89.3,0.04,67.7,0.05,64.7,0.06,46.1,0.98,128.24,0.97,89.3,0.96,67.7,0.95,64.7,0.94,46.1,0.99,186.78,,,,,,,,,0.01,0.01,618.37249,1776159565000
1776159567.324,267.324,0.01,186.78,,,,,,,,,0.02,128.24,0.03,89.3,0.04,67.7,0.05,64.7,0.06,46.1,0.98,128.24,0.97,89.3,0.96,67.7,0.95,64.7,0.94,46.1,0.99,186.78,,,,,,,,,0.01,0.01,618.36745,1776159566000
1776159568.294,268.294,0.01,186.78,,,,,,,,,0.02,128.24,0.03,89.3,0.04,67.7,0.05,64.7,0.06,46.1,0.98,128.24,0.97,89.3,0.96,67.7,0.95,64.7,0.94,46.1,0.99,186.78,,,,,,,,,0.01,0.01,618.39455,1776159567000
1776159569.303,269.303,0.01,186.78,,,,,,,,,0.02,128.24,0.03,89.3,0.04,67.7,0.05,64.7,0.06,46.1,0.98,128.24,0.97,89.3,0.96,67.7,0.95,64.7,0.94,46.1,0.99,186.78,,,,,,,,,0.01,0.01,618.39145,1776159568000
1776159570.457,270.457,0.01,186.78,,,,,,,,,0.02,128.24,0.03,89.3,0.04,67.7,0.05,64.7,0.06,46.1,0.98,128.24,0.97,89.3,0.96,67.7,0.95,64.7,0.94,46.1,0.99,186.78,,,,,,,,,0.01,0.01,618.39146,1776159569000
1776159570.709,270.709,0.01,168.78,,,,,,,,,0.02,128.24,0.03,89.3,0.04,67.7,0.05,64.7,0.06,46.1,0.98,128.24,0.97,89.3,0.96,67.7,0.95,64.7,0.94,46.1,0.99,186.78,,,,,,,,,0.01,0.01,618.39146,1776159569000
1776159571.067,271.067,0.01,166.75,,,,,,,,,0.02,128.24,0.03,89.3,0.04,67.7,0.05,64.7,0.06,46.1,0.98,128.24,0.97,89.3,0.96,67.7,0.95,64.7,0.94,46.1,0.99,168.78,,,,,,,,,0.01,0.01,618.39146,1776159569000
1776159572.455,272.455,0.01,166.75,,,,,,,,,0.02,128.24,0.03,89.3,0.04,67.7,0.05,64.7,0.06,46.1,0.98,128.24,0.97,89.3,0.96,67.7,0.95,64.7,0.94,46.1,0.99,166.75,,,,,,,,,0.01,0.01,618.40857,1776159571000
1776159573.105,273.105,0.01,166.75,,,,,,,,,0.02,128.24,0.03,89.3,0.04,67.7,0.05,64.7,0.06,46.1,0.98,128.24,0.97,89.3,0.96,67.7,0.95,64.7,0.94,46.1,0.99,166.75,,,,,,,,,0.01,0.01,618.411027,1776159572000
1776159574.179,274.179,0.01,166.75,,,,,,,,,0.02,128.24,0.03,89.3,0.04,67.7,0.05,64.7,0.06,46.1,0.98,128.24,0.97,89.3,0.96,67.7,0.95,64.7,0.94,46.1,0.99,166.75,,,,,,,,,0.01,0.01,618.39562,1776159573000
1776159575.089,275.089,0.01,166.75,,,,,,,,,0.02,128.24,0.03,89.3,0.04,67.7,0.05,64.7,0.06,46.1,0.98,128.24,0.97,89.3,0.96,67.7,0.95,64.7,0.94,46.1,0.99,166.75,,,,,,,,,0.01,0.01,618.38835,1776159574000
1776159576.14,276.14,0.01,166.75,,,,,,,,,0.02,128.24,0.03,89.3,0.04,67.7,0.05,64.7,0.06,46.1,0.98,128.24,0.97,89.3,0.96,67.7,0.95,64.7,0.94,46.1,0.99,166.75,,,,,,,,,0.01,0.01,618.38831,1776159575000
1776159577.544,277.544,0.01,166.75,,,,,,,,,0.02,128.24,0.03,89.3,0.04,67.7,0.05,64.7,0.06,46.1,0.98,128.24,0.97,89.3,0.96,67.7,0.95,64.7,0.94,46.1,0.99,166.75,,,,,,,,,0.01,0.01,618.38887,1776159576000
1776159578.079,278.079,0.01,166.75,,,,,,,,,0.02,128.24,0.03,89.3,0.04,67.7,0.05,64.7,0.06,46.1,0.98,128.24,0.97,89.3,0.96,67.7,0.95,64.7,0.94,46.1,0.99,166.75,,,,,,,,,0.01,0.01,618.413616,1776159577000
1776159579.084,279.084,0.01,166.75,,,,,,,,,0.02,128.24,0.03,89.3,0.04,67.7,0.05,64.7,0.06,46.1,0.98,128.24,0.97,89.3,0.96,67.7,0.95,64.7,0.94,46.1,0.99,166.75,,,,,,,,,0.01,0.01,618.405587,1776159578000
1776159580.792,280.792,0.01,166.75,,,,,,,,,0.02,128.24,0.03,89.3,0.04,67.7,0.05,64.7,0.06,46.1,0.98,128.24,0.97,89.3,0.96,67.7,0.95,64.7,0.94,46.1,0.99,166.75,,,,,,,,,0.01,0.01,618.39176,1776159579000
1776159581.461,281.461,0.01,166.75,,,,,,,,,0.02,128.24,0.03,89.3,0.04,67.7,0.05,64.7,0.06,46.1,0.98,128.24,0.97,89.3,0.96,67.7,0.95,64.7,0.94,46.1,0.99,166.75,,,,,,,,,0.01,0.01,618.39176,1776159580000
1776159582.134,282.134,0.01,166.75,,,,,,,,,0.02,128.24,0.03,89.3,0.04,67.7,0.05,64.7,0.06,46.1,0.98,128.24,0.97,89.3,0.96,67.7,0.95,64.7,0.94,46.1,0.99,166.75,,,,,,,,,0.01,0.01,618.360337,1776159581000
1776159583.842,283.842,0.01,166.75,,,,,,,,,0.02,128.24,0.03,89.3,0.04,67.7,0.05,64.7,0.06,46.1,0.98,128.24,0.97,89.3,0.96,67.7,0.95,64.7,0.94,46.1,0.99,166.75,,,,,,,,,0.01,0.01,618.34272,1776159582000
1776159584.393,284.393,,,,,,,,,,,0.01,838.25,0.03,10.0,0.09,52.0,0.11,50.0,0.12,5.0,0.99,838.25,0.97,10.0,0.91,52.0,0.89,50.0,0.88,5.0,,,,,,,,,,,,,618.3527,1776159583000
1776159585.05,285.05,,,,,,,,,,,0.01,838.25,0.03,10.0,0.09,52.0,0.11,50.0,0.12,5.0,0.99,838.25,0.97,10.0,0.91,52.0,0.89,50.0,0.88,5.0,,,,,,,,,,,,,618.35484,1776159584000
1776159586.426,286.426,,,,,,,,,,,0.01,838.25,0.03,10.0,0.09,52.0,0.11,50.0,0.12,5.0,0.99,838.25,0.97,10.0,0.91,52.0,0.89,50.0,0.88,5.0,,,,,,,,,,,,,618.344,1776159585000
1776159587.033,287.033,,,,,,,,,,,0.01,838.25,0.03,10.0,0.09,52.0,0.11,50.0,0.12,5.0,0.99,838.25,0.97,10.0,0.91,52.0,0.89,50.0,0.88,5.0,,,,,,,,,,,,,618.344,1776159586000
1776159588.332,288.332,,,,,,,,,,,0.01,838.25,0.03,10.0,0.09,52.0,0.11,50.0,0.12,5.0,0.99,838.25,0.97,10.0,0.91,52.0,0.89,50.0,0.88,5.0,,,,,,,,,,,,,618.346,1776159587000
1776159588.945,288.945,,,,,,,,,,,0.01,838.25,0.03,10.0,0.09,52.0,0.11,50.0,0.12,5.0,0.99,838.25,0.97,10.0,0.91,52.0,0.89,50.0,0.88,5.0,,,,,,,,,,,,,618.346,1776159588000
1776159590.464,290.464,,,,,,,,,,,0.01,838.25,0.03,10.0,0.09,52.0,0.11,50.0,0.12,5.0,0.99,838.25,0.97,10.0,0.91,52.0,0.89,50.0,0.88,5.0,,,,,,,,,,,,,618.361,1776159589000
1776159591.22,291.22,,,,,,,,,,,0.01,34.48,0.09,52.0,0.12,5.0,0.21,50.0,0.26,6.71,0.99,34.48,0.91,52.0,0.88,5.0,0.79,50.0,0.74,6.71,,,,,,,,,,,,,618.369445,1776159590000
1776159592.732,292.732,0.01,65.52,,,,,,,,,0.09,52.0,0.12,5.0,0.21,50.0,0.26,6.71,0.31,50.0,0.91,52.0,0.88,5.0,0.79,50.0,0.74,6.71,0.69,50.0,0.99,65.52,,,,,,,,,0.08,0.08,618.510083,1776159591000
1776159593.54,293.54,0.01,65.52,,,,,,,,,0.09,52.0,0.12,5.0,0.21,50.0,0.26,6.71,0.31,50.0,0.91,52.0,0.88,5.0,0.79,50.0,0.74,6.71,0.69,50.0,0.99,65.52,,,,,,,,,0.08,0.08,618.637762,1776159592000
1776159593.841,293.841,0.01,65.52,,,,,,,,,0.13,5.0,0.21,50.0,0.26,6.71,0.31,50.0,0.34,10.0,0.91,52.0,0.88,5.0,0.79,50.0,0.74,6.71,0.69,50.0,0.99,65.52,,,,,,,,,0.12,0.08,618.637762,1776159592000
1776159594.313,294.313,0.01,65.52,,,,,,,,,0.13,5.0,0.21,50.0,0.26,6.71,0.31,50.0,0.34,10.0,0.87,5.0,0.79,50.0,0.74,6.71,0.69,50.0,0.66,10.0,0.99,65.52,,,,,,,,,0.12,0.12,618.681,1776159593000
1776159594.757,294.757,0.01,162.48,,,,,,,,,0.12,5.0,0.21,50.0,0.26,6.71,0.31,50.0,0.32,10.0,0.87,5.0,0.79,50.0,0.74,6.71,0.69,50.0,0.66,10.0,0.99,65.52,,,,,,,,,0.11,0.12,618.681,1776159593000
1776159595.352,295.352,0.01,144.48,,,,,,,,,0.12,5.0,0.21,50.0,0.26,6.71,0.27,10.0,0.31,50.0,0.88,5.0,0.79,50.0,0.74,6.71,0.69,50.0,0.68,10.0,0.99,162.48,,,,,,,,,0.11,0.11,618.681,1776159593000
1776159595.829,295.829,0.01,144.48,,,,,,,,,0.12,5.0,0.21,50.0,0.26,6.71,0.27,10.0,0.31,50.0,0.88,5.0,0.79,50.0,0.74,6.71,0.73,10.0,0.69,50.0,0.99,144.48,,,,,,,,,0.11,0.11,618.715,1776159594000
1776159596.523,296.523,0.01,142.48,,,,,,,,,0.08,10.0,0.11,50.0,0.12,5.0,0.21,50.0,0.26,6.71,0.92,10.0,0.89,50.0,0.88,5.0,0.79,50.0,0.74,6.71,0.99,142.48,,,,,,,,,0.07,0.07,618.717673,1776159595000
1776159597.388,297.388,0.01,40.48,,,,,,,,,0.03,10.0,0.11,50.0,0.12,5.0,0.21,50.0,0.26,6.71,0.92,10.0,0.89,50.0,0.88,5.0,0.79,50.0,0.74,6.71,0.99,142.48,,,,,,,,,0.02,0.07,618.717673,1776159595000
1776159598.358,298.358,,,,,,,,,,,0.03,10.0,0.11,50.0,0.12,5.0,0.21,50.0,0.26,6.71,0.97,10.0,0.89,50.0,0.88,5.0,0.79,50.0,0.74,6.71,,,,,,,,,,,,,618.66606,1776159597000
1776159599.321,299.321,,,,,,,,,,,0.03,10.0,0.11,50.0,0.12,5.0,0.21,50.0,0.26,6.71,0.97,10.0,0.89,50.0,0.88,5.0,0.79,50.0,0.74,6.71,,,,,,,,,,,,,618.599,1776159598000
1776159600.22,300.22,,,,,,,,,,,0.03,10.0,0.11,50.0,0.12,5.0,0.21,50.0,0.26,6.71,0.97,10.0,0.89,50.0,0.88,5.0,0.79,50.0,0.74,6.71,,,,,,,,,,,,,618.4829,1776159599000
1776159601.091,301.091,,,,,,,,,,,0.03,10.0,0.11,50.0,0.12,5.0,0.21,50.0,0.26,6.71,0.97,10.0,0.89,50.0,0.88,5.0,0.79,50.0,0.74,6.71,,,,,,,,,,,,,618.310367,1776159600000
1776159602.047,302.047,,,,,,,,,,,0.03,10.0,0.11,50.0,0.12,5.0,0.21,50.0,0.26,6.71,0.97,10.0,0.89,50.0,0.88,5.0,0.79,50.0,0.74,6.71,,,,,,,,,,,,,618.27849,1776159601000

# RESULT,winner=Down,slug=bnb-updown-5m-1776159300,ticks=317
