timestamp,elapsed_sec,up_bid_p1,up_bid_s1,up_bid_p2,up_bid_s2,up_ask_p1,up_ask_s1,up_ask_p2,up_ask_s2,down_bid_p1,down_bid_s1,down_bid_p2,down_bid_s2,down_ask_p1,down_ask_s1,down_ask_p2,down_ask_s2,up_spread,down_spread,bnb_price,bnb_oracle_ts
1776235211.377,11.377,,,,,,,,,,,,,,,,,,,614.75902,1776235210000
1776235211.589,11.589,0.6,5.0,0.59,5.0,0.69,6.0,0.7,5.0,0.31,6.0,0.3,5.0,0.4,5.0,0.41,5.0,0.09,0.09,614.75902,1776235210000
1776235211.888,11.888,0.6,5.0,0.59,5.0,0.69,6.0,0.7,5.0,0.31,6.0,0.3,5.0,0.4,5.0,0.41,5.0,0.09,0.09,614.75904,1776235211000
1776235213.001,13.001,0.6,5.0,0.59,5.0,0.69,6.0,0.7,5.0,0.31,6.0,0.3,5.0,0.4,5.0,0.41,5.0,0.09,0.09,614.757291,1776235212000
1776235213.944,13.944,0.6,5.0,0.59,5.0,0.69,6.0,0.7,5.0,0.31,6.0,0.3,5.0,0.4,5.0,0.41,5.0,0.09,0.09,614.75854,1776235213000
1776235215.093,15.093,0.6,5.0,0.59,5.0,0.69,6.0,0.7,5.0,0.31,6.0,0.3,5.0,0.4,5.0,0.41,5.0,0.09,0.09,614.75843,1776235214000
1776235215.456,15.456,0.6,5.0,0.59,5.0,0.7,4.78,0.71,55.0,0.31,6.0,0.3,5.0,0.4,5.0,0.41,5.0,0.1,0.09,614.75843,1776235214000
1776235215.66,15.66,0.61,5.0,0.6,5.0,0.71,21.51,0.72,5.0,0.29,29.66,0.22,5.0,0.39,5.0,0.4,5.0,0.1,0.1,614.75843,1776235214000
1776235216.077,16.077,0.61,5.0,0.6,5.0,0.78,5.0,0.79,15.0,0.22,5.0,0.21,15.0,0.39,5.0,0.4,5.0,0.17,0.17,614.75947,1776235215000
1776235217.141,17.141,0.61,5.0,0.6,5.0,0.78,5.0,0.79,15.0,0.22,5.0,0.21,15.0,0.39,5.0,0.4,5.0,0.17,0.17,614.7598,1776235216000
1776235218.136,18.136,0.61,5.0,0.6,5.0,0.78,5.0,0.79,15.0,0.22,5.0,0.21,15.0,0.39,5.0,0.4,5.0,0.17,0.17,614.752713,1776235217000
1776235219.097,19.097,0.61,5.0,0.6,5.0,0.78,5.0,0.79,15.0,0.22,5.0,0.21,15.0,0.39,5.0,0.4,5.0,0.17,0.17,614.752713,1776235218000
1776235220.05,20.05,0.61,5.0,0.6,5.0,0.78,5.0,0.79,15.0,0.22,5.0,0.21,15.0,0.39,5.0,0.4,5.0,0.17,0.17,614.75401,1776235219000
1776235221.132,21.132,0.61,5.0,0.6,5.0,0.78,5.0,0.79,15.0,0.22,5.0,0.21,15.0,0.39,5.0,0.4,5.0,0.17,0.17,614.75728,1776235220000
1776235223.313,23.313,0.61,5.0,0.6,5.0,0.78,5.0,0.79,15.0,0.22,5.0,0.21,15.0,0.39,5.0,0.4,5.0,0.17,0.17,614.76019,1776235222000
1776235224.149,24.149,0.61,5.0,0.6,5.0,0.78,5.0,0.79,15.0,0.22,5.0,0.21,15.0,0.39,5.0,0.4,5.0,0.17,0.17,614.76021,1776235223000
1776235225.595,25.595,0.61,5.0,0.6,5.0,0.78,5.0,0.79,15.0,0.22,5.0,0.21,15.0,0.39,5.0,0.4,5.0,0.17,0.17,614.76156,1776235224000
1776235226.351,26.351,0.61,5.0,0.6,5.0,0.78,5.0,0.79,15.0,0.22,5.0,0.21,15.0,0.39,5.0,0.4,5.0,0.17,0.17,614.7617,1776235225000
1776235226.993,26.993,0.61,5.0,0.6,5.0,0.78,5.0,0.79,15.0,0.22,5.0,0.21,15.0,0.39,5.0,0.4,5.0,0.17,0.17,614.76181,1776235226000
1776235228.371,28.371,0.61,5.0,0.6,5.0,0.78,5.0,0.79,15.0,0.22,5.0,0.21,15.0,0.39,5.0,0.4,5.0,0.17,0.17,614.76753,1776235227000
1776235229.191,29.191,0.61,5.0,0.6,5.0,0.78,5.0,0.79,15.0,0.22,5.0,0.21,15.0,0.39,5.0,0.4,5.0,0.17,0.17,614.76745,1776235228000
1776235230.653,30.653,0.61,5.0,0.6,5.0,0.78,5.0,0.79,15.0,0.22,5.0,0.21,15.0,0.39,5.0,0.4,5.0,0.17,0.17,614.76729,1776235229000
1776235231.373,31.373,0.61,5.0,0.6,5.0,0.78,5.0,0.79,15.0,0.22,5.0,0.21,15.0,0.39,5.0,0.4,5.0,0.17,0.17,614.766611,1776235230000
1776235232.069,32.069,0.61,5.0,0.6,5.0,0.78,5.0,0.79,15.0,0.22,5.0,0.21,15.0,0.39,5.0,0.4,5.0,0.17,0.17,614.745313,1776235231000
1776235233.478,33.478,0.61,5.0,0.6,5.0,0.78,5.0,0.79,15.0,0.22,5.0,0.21,15.0,0.39,5.0,0.4,5.0,0.17,0.17,614.741322,1776235232000
1776235234.187,34.187,0.61,5.0,0.6,5.0,0.78,5.0,0.79,15.0,0.22,5.0,0.21,15.0,0.39,5.0,0.4,5.0,0.17,0.17,614.73917,1776235233000
1776235235.568,35.568,0.61,5.0,0.6,5.0,0.78,5.0,0.79,15.0,0.22,5.0,0.21,15.0,0.39,5.0,0.4,5.0,0.17,0.17,614.740214,1776235234000
1776235236.398,36.398,0.61,5.0,0.6,5.0,0.78,5.0,0.79,15.0,0.22,5.0,0.21,15.0,0.39,5.0,0.4,5.0,0.17,0.17,614.74638,1776235235000
1776235237.066,37.066,0.61,5.0,0.6,5.0,0.78,5.0,0.79,15.0,0.22,5.0,0.21,15.0,0.39,5.0,0.4,5.0,0.17,0.17,614.746514,1776235236000
1776235238.514,38.514,0.61,5.0,0.6,5.0,0.78,5.0,0.79,15.0,0.22,5.0,0.21,15.0,0.39,5.0,0.4,5.0,0.17,0.17,614.756873,1776235237000
1776235239.224,39.224,0.61,5.0,0.6,5.0,0.78,5.0,0.79,15.0,0.22,5.0,0.21,15.0,0.39,5.0,0.4,5.0,0.17,0.17,614.760486,1776235238000
1776235240.29,40.29,0.61,5.0,0.6,5.0,0.78,5.0,0.79,15.0,0.22,5.0,0.21,15.0,0.39,5.0,0.4,5.0,0.17,0.17,614.759727,1776235239000
1776235240.846,40.846,0.61,5.0,0.6,5.0,0.78,5.0,0.79,15.0,0.22,5.0,0.21,15.0,0.39,5.0,0.4,5.0,0.17,0.17,614.759623,1776235240000
1776235241.896,41.896,0.61,5.0,0.6,5.0,0.78,5.0,0.79,15.0,0.22,5.0,0.21,15.0,0.39,5.0,0.4,5.0,0.17,0.17,614.759846,1776235241000
1776235242.903,42.903,0.61,5.0,0.6,5.0,0.78,5.0,0.79,15.0,0.22,5.0,0.21,15.0,0.39,5.0,0.4,5.0,0.17,0.17,614.75765,1776235242000
1776235244.107,44.107,0.61,5.0,0.6,5.0,0.78,5.0,0.79,15.0,0.22,5.0,0.21,15.0,0.39,5.0,0.4,5.0,0.17,0.17,614.762518,1776235243000
1776235245.021,45.021,0.61,5.0,0.6,5.0,0.78,5.0,0.79,15.0,0.22,5.0,0.21,15.0,0.39,5.0,0.4,5.0,0.17,0.17,614.765878,1776235244000
1776235246.086,46.086,0.61,5.0,0.6,5.0,0.78,5.0,0.79,15.0,0.22,5.0,0.21,15.0,0.39,5.0,0.4,5.0,0.17,0.17,614.767375,1776235245000
1776235247.133,47.133,0.61,5.0,0.6,5.0,0.78,5.0,0.79,15.0,0.22,5.0,0.21,15.0,0.39,5.0,0.4,5.0,0.17,0.17,614.763897,1776235246000
1776235248.091,48.091,0.61,5.0,0.6,5.0,0.78,5.0,0.79,15.0,0.22,5.0,0.21,15.0,0.39,5.0,0.4,5.0,0.17,0.17,614.74908,1776235247000
1776235249.191,49.191,0.61,5.0,0.6,5.0,0.78,5.0,0.79,15.0,0.22,5.0,0.21,15.0,0.39,5.0,0.4,5.0,0.17,0.17,614.74806,1776235248000
1776235250.136,50.136,0.61,5.0,0.6,5.0,0.78,5.0,0.79,15.0,0.22,5.0,0.21,15.0,0.39,5.0,0.4,5.0,0.17,0.17,614.76608,1776235249000
1776235251.163,51.163,0.61,5.0,0.6,5.0,0.78,5.0,0.79,15.0,0.22,5.0,0.21,15.0,0.39,5.0,0.4,5.0,0.17,0.17,614.76989,1776235250000
1776235252.171,52.171,0.61,5.0,0.6,5.0,0.78,5.0,0.79,15.0,0.22,5.0,0.21,15.0,0.39,5.0,0.4,5.0,0.17,0.17,614.699197,1776235251000
1776235253.935,53.935,0.61,5.0,0.6,5.0,0.78,5.0,0.79,15.0,0.22,5.0,0.21,15.0,0.39,5.0,0.4,5.0,0.17,0.17,614.705813,1776235252000
1776235254.783,54.783,0.61,5.0,0.6,5.0,0.78,5.0,0.79,15.0,0.22,5.0,0.21,15.0,0.39,5.0,0.4,5.0,0.17,0.17,614.705576,1776235253000
1776235255.405,55.405,0.61,5.0,0.6,5.0,0.78,5.0,0.79,15.0,0.22,5.0,0.21,15.0,0.39,5.0,0.4,5.0,0.17,0.17,614.71143,1776235254000
1776235256.025,56.025,0.61,5.0,0.6,5.0,0.78,5.0,0.79,15.0,0.22,5.0,0.21,15.0,0.39,5.0,0.4,5.0,0.17,0.17,614.705165,1776235255000
1776235257.513,57.513,0.61,5.0,0.6,5.0,0.78,5.0,0.79,15.0,0.22,5.0,0.21,15.0,0.39,5.0,0.4,5.0,0.17,0.17,614.72941,1776235256000
1776235258.425,58.425,0.61,5.0,0.6,5.0,0.78,5.0,0.79,15.0,0.22,5.0,0.21,15.0,0.39,5.0,0.4,5.0,0.17,0.17,614.72945,1776235257000
1776235259.029,59.029,0.61,5.0,0.6,5.0,0.78,5.0,0.79,15.0,0.22,5.0,0.21,15.0,0.39,5.0,0.4,5.0,0.17,0.17,614.72445,1776235258000
1776235260.295,60.295,0.61,5.0,0.6,5.0,0.78,5.0,0.79,15.0,0.22,5.0,0.21,15.0,0.39,5.0,0.4,5.0,0.17,0.17,614.72554,1776235259000
1776235261.72,61.72,0.61,5.0,0.6,5.0,0.78,5.0,0.79,15.0,0.22,5.0,0.21,15.0,0.39,5.0,0.4,5.0,0.17,0.17,614.72548,1776235260000
1776235262.366,62.366,0.61,5.0,0.6,5.0,0.78,5.0,0.79,15.0,0.22,5.0,0.21,15.0,0.39,5.0,0.4,5.0,0.17,0.17,614.72578,1776235261000
1776235263.153,63.153,0.61,5.0,0.6,5.0,0.78,5.0,0.79,15.0,0.22,5.0,0.21,15.0,0.39,5.0,0.4,5.0,0.17,0.17,614.72578,1776235262000
1776235264.457,64.457,0.61,5.0,0.6,5.0,0.78,5.0,0.79,15.0,0.22,5.0,0.21,15.0,0.39,5.0,0.4,5.0,0.17,0.17,614.691668,1776235263000
1776235265.182,65.182,0.61,5.0,0.6,5.0,0.78,5.0,0.79,15.0,0.22,5.0,0.21,15.0,0.39,5.0,0.4,5.0,0.17,0.17,614.691703,1776235264000
1776235266.577,66.577,0.61,5.0,0.6,5.0,0.78,5.0,0.79,15.0,0.22,5.0,0.21,15.0,0.39,5.0,0.4,5.0,0.17,0.17,614.691668,1776235265000
1776235267.331,67.331,0.61,5.0,0.6,5.0,0.78,5.0,0.79,15.0,0.22,5.0,0.21,15.0,0.39,5.0,0.4,5.0,0.17,0.17,614.685177,1776235266000
1776235268.532,68.532,0.61,5.0,0.6,5.0,0.78,5.0,0.79,15.0,0.22,5.0,0.21,15.0,0.39,5.0,0.4,5.0,0.17,0.17,614.681336,1776235267000
1776235269.431,69.431,0.61,5.0,0.6,5.0,0.78,5.0,0.79,15.0,0.22,5.0,0.21,15.0,0.39,5.0,0.4,5.0,0.17,0.17,614.691668,1776235268000
1776235270.555,70.555,0.61,5.0,0.6,5.0,0.78,5.0,0.79,15.0,0.22,5.0,0.21,15.0,0.39,5.0,0.4,5.0,0.17,0.17,614.70279,1776235269000
1776235271.751,71.751,0.61,5.0,0.6,5.0,0.78,5.0,0.79,15.0,0.22,5.0,0.21,15.0,0.39,5.0,0.4,5.0,0.17,0.17,614.754339,1776235270000
1776235272.269,72.269,0.61,5.0,0.6,5.0,0.78,5.0,0.79,15.0,0.22,5.0,0.21,15.0,0.39,5.0,0.4,5.0,0.17,0.17,614.75106,1776235271000
1776235273.365,73.365,0.61,5.0,0.6,5.0,0.78,5.0,0.79,15.0,0.22,5.0,0.21,15.0,0.39,5.0,0.4,5.0,0.17,0.17,614.75993,1776235272000
1776235273.947,73.947,0.61,5.0,0.6,5.0,0.78,5.0,0.79,15.0,0.22,5.0,0.21,15.0,0.39,5.0,0.4,5.0,0.17,0.17,614.76176,1776235273000
1776235275.007,75.007,0.61,5.0,0.6,5.0,0.78,5.0,0.79,15.0,0.22,5.0,0.21,15.0,0.39,5.0,0.4,5.0,0.17,0.17,614.75935,1776235274000
1776235276.081,76.081,0.61,5.0,0.6,5.0,0.78,5.0,0.79,15.0,0.22,5.0,0.21,15.0,0.39,5.0,0.4,5.0,0.17,0.17,614.78679,1776235275000
1776235277.122,77.122,0.61,5.0,0.6,5.0,0.78,5.0,0.79,15.0,0.22,5.0,0.21,15.0,0.39,5.0,0.4,5.0,0.17,0.17,614.80078,1776235276000
1776235278.208,78.208,0.61,5.0,0.6,5.0,0.78,5.0,0.79,15.0,0.22,5.0,0.21,15.0,0.39,5.0,0.4,5.0,0.17,0.17,614.81123,1776235277000
1776235279.324,79.324,0.61,5.0,0.6,5.0,0.78,5.0,0.79,15.0,0.22,5.0,0.21,15.0,0.39,5.0,0.4,5.0,0.17,0.17,614.79853,1776235278000
1776235280.275,80.275,0.61,5.0,0.6,5.0,0.78,5.0,0.79,15.0,0.22,5.0,0.21,15.0,0.39,5.0,0.4,5.0,0.17,0.17,614.79804,1776235279000
1776235281.321,81.321,0.61,5.0,0.6,5.0,0.78,5.0,0.79,15.0,0.22,5.0,0.21,15.0,0.39,5.0,0.4,5.0,0.17,0.17,614.79743,1776235280000
1776235282.285,82.285,0.61,5.0,0.6,5.0,0.78,5.0,0.79,15.0,0.22,5.0,0.21,15.0,0.39,5.0,0.4,5.0,0.17,0.17,614.79776,1776235281000
1776235283.381,83.381,0.61,5.0,0.6,5.0,0.78,5.0,0.79,15.0,0.22,5.0,0.21,15.0,0.39,5.0,0.4,5.0,0.17,0.17,614.79733,1776235282000
1776235283.869,83.869,0.61,5.0,0.6,5.0,0.78,5.0,0.79,15.0,0.22,5.0,0.21,15.0,0.39,5.0,0.4,5.0,0.17,0.17,614.79733,1776235283000
1776235285.626,85.626,0.61,5.0,0.6,5.0,0.78,5.0,0.79,15.0,0.22,5.0,0.21,15.0,0.39,5.0,0.4,5.0,0.17,0.17,614.78736,1776235284000
1776235286.276,86.276,0.61,5.0,0.6,5.0,0.78,5.0,0.79,15.0,0.22,5.0,0.21,15.0,0.39,5.0,0.4,5.0,0.17,0.17,614.78723,1776235285000
1776235287.326,87.326,0.61,5.0,0.6,5.0,0.78,5.0,0.79,15.0,0.22,5.0,0.21,15.0,0.39,5.0,0.4,5.0,0.17,0.17,614.78678,1776235286000
1776235287.96,87.96,0.61,5.0,0.6,5.0,0.78,5.0,0.79,15.0,0.22,5.0,0.21,15.0,0.39,5.0,0.4,5.0,0.17,0.17,614.78672,1776235287000
1776235289.1,89.1,0.61,5.0,0.6,5.0,0.78,5.0,0.79,15.0,0.22,5.0,0.21,15.0,0.39,5.0,0.4,5.0,0.17,0.17,614.78675,1776235288000
1776235290.309,90.309,0.61,5.0,0.6,5.0,0.78,5.0,0.79,15.0,0.22,5.0,0.21,15.0,0.39,5.0,0.4,5.0,0.17,0.17,614.78644,1776235289000
1776235291.335,91.335,0.61,5.0,0.6,5.0,0.78,5.0,0.79,15.0,0.22,5.0,0.21,15.0,0.39,5.0,0.4,5.0,0.17,0.17,614.78638,1776235290000
1776235299.705,99.705,0.61,5.0,0.6,5.0,0.78,5.0,0.79,15.0,0.22,5.0,0.21,15.0,0.39,5.0,0.4,5.0,0.17,0.17,614.80292,1776235298000
1776235300.14,100.14,0.61,5.0,0.6,5.0,0.78,5.0,0.79,15.0,0.22,5.0,0.21,15.0,0.39,5.0,0.4,5.0,0.17,0.17,614.80039,1776235299000
1776235301.562,101.562,0.61,5.0,0.6,5.0,0.78,5.0,0.79,15.0,0.22,5.0,0.21,15.0,0.39,5.0,0.4,5.0,0.17,0.17,614.7918,1776235300000
1776235301.961,101.961,0.7,12.4,0.69,12.2,0.76,10.68,0.77,8.69,0.22,5.0,0.21,15.0,0.39,5.0,0.4,5.0,0.06,0.17,614.7918,1776235300000
1776235302.284,102.284,0.7,12.4,0.69,12.2,0.76,10.68,0.77,8.69,0.24,10.68,0.23,8.69,0.3,12.4,0.31,12.2,0.06,0.06,614.764918,1776235301000
1776235303.535,103.535,0.7,12.4,0.69,12.2,0.76,10.68,0.77,8.69,0.24,10.68,0.23,8.69,0.3,12.4,0.31,12.2,0.06,0.06,614.79149,1776235302000
1776235304.102,104.102,0.7,12.4,0.69,12.2,0.76,10.68,0.77,8.69,0.24,10.68,0.23,8.69,0.3,12.4,0.31,12.2,0.06,0.06,614.78523,1776235303000
1776235305.272,105.272,0.7,12.4,0.69,12.2,0.76,10.68,0.77,8.69,0.24,10.68,0.23,8.69,0.3,12.4,0.31,12.2,0.06,0.06,614.77881,1776235304000
1776235306.117,106.117,0.7,11.11,0.69,12.2,0.76,10.68,0.77,8.69,0.24,10.68,0.23,8.69,0.3,12.4,0.31,12.2,0.06,0.06,614.77881,1776235304000
1776235306.79,106.79,0.7,11.11,0.69,12.2,0.76,10.68,0.77,8.69,0.24,10.68,0.23,8.69,0.3,11.11,0.31,12.2,0.06,0.06,614.78068,1776235305000
1776235307.493,107.493,0.7,11.11,0.69,12.2,0.76,10.68,0.77,8.69,0.24,10.68,0.23,8.69,0.3,11.11,0.31,12.2,0.06,0.06,614.78732,1776235306000
1776235308.106,108.106,0.7,11.11,0.69,12.2,0.76,10.68,0.77,8.69,0.24,10.68,0.23,8.69,0.3,11.11,0.31,12.2,0.06,0.06,614.78732,1776235307000
1776235309.372,109.372,0.7,11.11,0.69,12.2,0.76,10.68,0.77,8.69,0.24,10.68,0.23,8.69,0.3,11.11,0.31,12.2,0.06,0.06,614.78738,1776235308000
1776235310.041,110.041,0.7,11.11,0.69,12.2,0.76,10.68,0.77,8.69,0.24,10.68,0.23,8.69,0.3,11.11,0.31,12.2,0.06,0.06,614.78745,1776235309000
1776235311.143,111.143,0.7,11.11,0.69,12.2,0.76,10.68,0.77,8.69,0.24,10.68,0.23,8.69,0.3,11.11,0.31,12.2,0.06,0.06,614.78751,1776235310000
1776235312.409,112.409,0.7,11.11,0.69,12.2,0.76,10.68,0.77,8.69,0.24,10.68,0.23,8.69,0.3,11.11,0.31,12.2,0.06,0.06,614.77506,1776235311000
1776235312.972,112.972,0.7,11.11,0.69,12.2,0.76,10.68,0.77,8.69,0.24,10.68,0.23,8.69,0.3,11.11,0.31,12.2,0.06,0.06,614.771365,1776235312000
1776235314.175,114.175,0.7,11.11,0.69,12.2,0.76,10.68,0.77,8.69,0.24,10.68,0.23,8.69,0.3,11.11,0.31,12.2,0.06,0.06,614.771365,1776235313000
1776235315.471,115.471,0.7,11.11,0.69,12.2,0.76,10.68,0.77,8.69,0.24,10.68,0.23,8.69,0.3,11.11,0.31,12.2,0.06,0.06,614.78339,1776235314000
1776235316.779,116.779,0.7,11.11,0.69,12.2,0.76,10.68,0.77,8.69,0.24,10.68,0.23,8.69,0.3,11.11,0.31,12.2,0.06,0.06,614.82427,1776235315000
1776235317.34,117.34,0.7,11.11,0.69,12.2,0.76,10.68,0.77,8.69,0.24,10.68,0.23,8.69,0.3,11.11,0.31,12.2,0.06,0.06,614.82651,1776235316000
1776235318.501,118.501,0.7,11.11,0.69,12.2,0.76,10.68,0.77,8.69,0.24,10.68,0.23,8.69,0.3,11.11,0.31,12.2,0.06,0.06,614.82596,1776235317000
1776235319.021,119.021,0.7,11.11,0.69,12.2,0.76,10.68,0.77,8.69,0.24,10.68,0.23,8.69,0.3,11.11,0.31,12.2,0.06,0.06,614.82573,1776235318000
1776235320.115,120.115,0.7,11.11,0.69,12.2,0.76,10.68,0.77,8.69,0.24,10.68,0.23,8.69,0.3,11.11,0.31,12.2,0.06,0.06,614.82089,1776235319000
1776235321.292,121.292,0.7,11.11,0.69,12.2,0.76,10.68,0.77,8.69,0.24,10.68,0.23,8.69,0.3,11.11,0.31,12.2,0.06,0.06,614.82089,1776235320000
1776235322.37,122.37,0.7,11.11,0.69,12.2,0.76,10.68,0.77,8.69,0.24,10.68,0.23,8.69,0.3,11.11,0.31,12.2,0.06,0.06,614.84314,1776235321000
1776235323.032,123.032,0.7,11.11,0.69,12.2,0.76,10.68,0.77,8.69,0.24,10.68,0.23,8.69,0.3,11.11,0.31,12.2,0.06,0.06,614.84314,1776235322000
1776235324.142,124.142,0.7,11.11,0.69,12.2,0.76,10.68,0.77,8.69,0.24,10.68,0.23,8.69,0.3,11.11,0.31,12.2,0.06,0.06,614.8422,1776235323000
1776235325.305,125.305,0.7,11.11,0.69,12.2,0.76,10.68,0.77,8.69,0.24,10.68,0.23,8.69,0.3,11.11,0.31,12.2,0.06,0.06,614.84143,1776235324000
1776235326.327,126.327,0.7,11.11,0.69,12.2,0.76,10.68,0.77,8.69,0.24,10.68,0.23,8.69,0.3,11.11,0.31,12.2,0.06,0.06,614.84124,1776235325000
1776235326.973,126.973,0.7,11.11,0.69,12.2,0.76,10.68,0.77,8.69,0.24,10.68,0.23,8.69,0.3,11.11,0.31,12.2,0.06,0.06,614.84124,1776235326000
1776235328.005,128.005,0.7,11.11,0.69,12.2,0.76,10.68,0.77,8.69,0.24,10.68,0.23,8.69,0.3,11.11,0.31,12.2,0.06,0.06,614.84293,1776235327000
1776235329.07,129.07,0.7,11.11,0.69,12.2,0.76,10.68,0.77,8.69,0.24,10.68,0.23,8.69,0.3,11.11,0.31,12.2,0.06,0.06,614.82739,1776235328000
1776235330.286,130.286,0.7,11.11,0.69,12.2,0.76,10.68,0.77,8.69,0.24,10.68,0.23,8.69,0.3,11.11,0.31,12.2,0.06,0.06,614.82739,1776235329000
1776235331.469,131.469,0.7,11.11,0.69,12.2,0.76,10.68,0.77,8.69,0.24,10.68,0.23,8.69,0.3,11.11,0.31,12.2,0.06,0.06,614.82613,1776235330000
1776235332.484,132.484,0.7,11.11,0.69,12.2,0.76,10.68,0.77,8.69,0.24,10.68,0.23,8.69,0.3,11.11,0.31,12.2,0.06,0.06,614.82701,1776235331000
1776235333.167,133.167,0.7,11.11,0.69,12.2,0.76,10.68,0.77,8.69,0.24,10.68,0.23,8.69,0.3,11.11,0.31,12.2,0.06,0.06,614.82448,1776235332000
1776235335.397,135.397,0.7,11.11,0.69,12.2,0.76,10.68,0.77,8.69,0.24,10.68,0.23,8.69,0.3,11.11,0.31,12.2,0.06,0.06,614.81951,1776235334000
1776235336.125,136.125,0.7,11.11,0.69,12.2,0.76,10.68,0.77,8.69,0.24,10.68,0.23,8.69,0.3,11.11,0.31,12.2,0.06,0.06,614.82121,1776235335000
1776235337.883,137.883,0.7,11.11,0.69,12.2,0.76,10.68,0.77,8.69,0.24,10.68,0.23,8.69,0.3,11.11,0.31,12.2,0.06,0.06,614.83719,1776235336000
1776235338.66,138.66,0.7,11.11,0.69,12.2,0.76,10.68,0.77,8.69,0.24,10.68,0.23,8.69,0.3,11.11,0.31,12.2,0.06,0.06,614.83707,1776235337000
1776235339.516,139.516,0.7,11.11,0.69,12.2,0.76,10.68,0.77,8.69,0.24,10.68,0.23,8.69,0.3,11.11,0.31,12.2,0.06,0.06,614.83963,1776235338000
1776235340.322,140.322,0.7,11.11,0.69,12.2,0.76,10.68,0.77,8.69,0.24,10.68,0.23,8.69,0.3,11.11,0.31,12.2,0.06,0.06,614.83322,1776235339000
1776235341.122,141.122,0.7,11.11,0.69,12.2,0.76,10.68,0.77,8.69,0.24,10.68,0.23,8.69,0.3,11.11,0.31,12.2,0.06,0.06,614.83848,1776235340000
1776235342.682,142.682,0.7,11.11,0.69,12.2,0.76,10.68,0.77,8.69,0.24,10.68,0.23,8.69,0.3,11.11,0.31,12.2,0.06,0.06,614.864239,1776235341000
1776235343.478,143.478,0.7,11.11,0.69,12.2,0.76,10.68,0.77,8.69,0.24,10.68,0.23,8.69,0.3,11.11,0.31,12.2,0.06,0.06,614.84759,1776235342000
1776235344.238,144.238,0.7,11.11,0.69,12.2,0.76,10.68,0.77,8.69,0.24,10.68,0.23,8.69,0.3,11.11,0.31,12.2,0.06,0.06,614.84886,1776235343000
1776235345.789,145.789,0.7,11.11,0.69,12.2,0.76,10.68,0.77,8.69,0.24,10.68,0.23,8.69,0.3,11.11,0.31,12.2,0.06,0.06,614.83918,1776235344000
1776235346.551,146.551,0.7,11.11,0.69,12.2,0.76,10.68,0.77,8.69,0.24,10.68,0.23,8.69,0.3,11.11,0.31,12.2,0.06,0.06,614.83918,1776235345000
1776235347.439,147.439,0.7,11.11,0.69,12.2,0.76,10.68,0.77,8.69,0.24,10.68,0.23,8.69,0.3,11.11,0.31,12.2,0.06,0.06,614.83913,1776235346000
1776235348.135,148.135,0.7,11.11,0.69,12.2,0.76,10.68,0.77,8.69,0.24,10.68,0.23,8.69,0.3,11.11,0.31,12.2,0.06,0.06,614.83872,1776235347000
1776235349.6,149.6,0.7,11.11,0.69,12.2,0.76,10.68,0.77,8.69,0.24,10.68,0.23,8.69,0.3,11.11,0.31,12.2,0.06,0.06,614.83907,1776235348000
1776235350.411,150.411,0.7,11.11,0.69,12.2,0.76,10.68,0.77,8.69,0.24,10.68,0.23,8.69,0.3,11.11,0.31,12.2,0.06,0.06,614.83901,1776235349000
1776235351.228,151.228,0.7,11.11,0.69,12.2,0.76,10.68,0.77,8.69,0.24,10.68,0.23,8.69,0.3,11.11,0.31,12.2,0.06,0.06,614.828163,1776235350000
1776235352.199,152.199,0.7,11.11,0.69,12.2,0.76,10.68,0.77,8.69,0.24,10.68,0.23,8.69,0.3,11.11,0.31,12.2,0.06,0.06,614.839416,1776235351000
1776235353.326,153.326,0.7,11.11,0.69,12.2,0.76,10.68,0.77,8.69,0.24,10.68,0.23,8.69,0.3,11.11,0.31,12.2,0.06,0.06,614.83947,1776235352000
1776235353.967,153.967,0.7,11.11,0.69,12.2,0.76,10.68,0.77,8.69,0.24,10.68,0.23,8.69,0.3,11.11,0.31,12.2,0.06,0.06,614.83947,1776235353000
1776235355.168,155.168,0.7,11.11,0.69,12.2,0.76,10.68,0.77,8.69,0.24,10.68,0.23,8.69,0.3,11.11,0.31,12.2,0.06,0.06,614.84688,1776235354000
1776235356.292,156.292,0.7,11.11,0.69,12.2,0.76,10.68,0.77,8.69,0.24,10.68,0.23,8.69,0.3,11.11,0.31,12.2,0.06,0.06,614.85327,1776235355000
1776235357.381,157.381,0.7,11.11,0.69,12.2,0.76,10.68,0.77,8.69,0.24,10.68,0.23,8.69,0.3,11.11,0.31,12.2,0.06,0.06,614.85334,1776235356000
1776235357.911,157.911,0.7,11.11,0.69,12.2,0.76,10.68,0.77,8.69,0.24,10.68,0.23,8.69,0.3,11.11,0.31,12.2,0.06,0.06,614.85334,1776235357000
1776235359.043,159.043,0.7,11.11,0.69,12.2,0.76,10.68,0.77,8.69,0.24,10.68,0.23,8.69,0.3,11.11,0.31,12.2,0.06,0.06,614.85301,1776235358000
1776235360.235,160.235,0.7,11.11,0.69,12.2,0.76,10.68,0.77,8.69,0.24,10.68,0.23,8.69,0.3,11.11,0.31,12.2,0.06,0.06,614.84336,1776235359000
1776235361.358,161.358,0.7,11.11,0.69,12.2,0.76,10.68,0.77,8.69,0.24,10.68,0.23,8.69,0.3,11.11,0.31,12.2,0.06,0.06,614.84265,1776235360000
1776235362.024,162.024,0.7,11.11,0.69,12.2,0.76,10.68,0.77,8.69,0.24,10.68,0.23,8.69,0.3,11.11,0.31,12.2,0.06,0.06,614.84559,1776235361000
1776235363.161,163.161,0.7,11.11,0.69,12.2,0.76,10.68,0.77,8.69,0.24,10.68,0.23,8.69,0.3,11.11,0.31,12.2,0.06,0.06,614.84675,1776235362000
1776235364.223,164.223,0.7,11.11,0.69,12.2,0.76,10.68,0.77,8.69,0.24,10.68,0.23,8.69,0.3,11.11,0.31,12.2,0.06,0.06,614.85174,1776235363000
1776235365.376,165.376,0.7,11.11,0.69,12.2,0.76,10.68,0.77,8.69,0.24,10.68,0.23,8.69,0.3,11.11,0.31,12.2,0.06,0.06,614.85244,1776235364000
1776235366.968,166.968,0.7,11.11,0.69,12.2,0.76,10.68,0.77,8.69,0.24,10.68,0.23,8.69,0.3,11.11,0.31,12.2,0.06,0.06,614.85265,1776235366000
1776235368.03,168.03,0.7,11.11,0.69,12.2,0.76,10.68,0.77,8.69,0.24,10.68,0.23,8.69,0.3,11.11,0.31,12.2,0.06,0.06,614.85618,1776235367000
1776235369.167,169.167,0.7,11.11,0.69,12.2,0.76,10.68,0.77,8.69,0.24,10.68,0.23,8.69,0.3,11.11,0.31,12.2,0.06,0.06,614.85586,1776235368000
1776235370.182,170.182,0.7,11.11,0.69,12.2,0.76,10.68,0.77,8.69,0.24,10.68,0.23,8.69,0.3,11.11,0.31,12.2,0.06,0.06,614.85493,1776235369000
1776235371.323,171.323,0.7,11.11,0.69,12.2,0.76,10.68,0.77,8.69,0.24,10.68,0.23,8.69,0.3,11.11,0.31,12.2,0.06,0.06,614.85477,1776235370000
1776235372.319,172.319,0.7,11.11,0.69,12.2,0.76,10.68,0.77,8.69,0.24,10.68,0.23,8.69,0.3,11.11,0.31,12.2,0.06,0.06,614.85762,1776235371000
1776235373.015,173.015,0.7,11.11,0.69,12.2,0.76,10.68,0.77,8.69,0.24,10.68,0.23,8.69,0.3,11.11,0.31,12.2,0.06,0.06,614.85905,1776235372000
1776235374.034,174.034,0.7,11.11,0.69,12.2,0.76,10.68,0.77,8.69,0.24,10.68,0.23,8.69,0.3,11.11,0.31,12.2,0.06,0.06,614.86315,1776235373000
1776235375.123,175.123,0.7,11.11,0.69,12.2,0.76,10.68,0.77,8.69,0.24,10.68,0.23,8.69,0.3,11.11,0.31,12.2,0.06,0.06,614.86321,1776235374000
1776235376.269,176.269,0.7,11.11,0.69,12.2,0.76,10.68,0.77,8.69,0.24,10.68,0.23,8.69,0.3,11.11,0.31,12.2,0.06,0.06,614.86539,1776235375000
1776235377.281,177.281,0.7,11.11,0.69,12.2,0.76,10.68,0.77,8.69,0.24,10.68,0.23,8.69,0.3,11.11,0.31,12.2,0.06,0.06,614.86577,1776235376000
1776235378.382,178.382,0.7,11.11,0.69,12.2,0.76,10.68,0.77,8.69,0.24,10.68,0.23,8.69,0.3,11.11,0.31,12.2,0.06,0.06,614.866,1776235377000
1776235378.97,178.97,0.7,11.11,0.69,12.2,0.76,10.68,0.77,8.69,0.24,10.68,0.23,8.69,0.3,11.11,0.31,12.2,0.06,0.06,614.857157,1776235378000
1776235379.95,179.95,0.7,11.11,0.69,12.2,0.76,10.68,0.77,8.69,0.24,10.68,0.23,8.69,0.3,11.11,0.31,12.2,0.06,0.06,614.857169,1776235379000
1776235380.566,180.566,0.9,28.9,0.89,31.6,0.92,7.0,0.96,5.0,0.24,10.68,0.23,8.69,0.3,11.11,0.31,12.2,0.02,0.06,614.857169,1776235379000
1776235380.862,180.862,0.91,31.7,0.9,28.9,0.92,2.0,0.96,5.0,0.08,7.0,0.04,5.0,0.1,28.9,0.11,31.6,0.01,0.02,614.857169,1776235379000
1776235382.306,182.306,0.91,31.7,0.9,28.9,0.92,2.0,0.96,5.0,0.08,2.0,0.04,5.0,0.09,31.7,0.1,28.9,0.01,0.01,614.966419,1776235381000
1776235382.846,182.846,0.91,31.7,0.9,28.9,0.92,2.0,0.96,5.0,0.08,2.0,0.04,5.0,0.09,31.7,0.1,28.9,0.01,0.01,614.966419,1776235382000
1776235383.942,183.942,0.91,31.7,0.9,28.9,0.92,2.0,0.96,5.0,0.08,2.0,0.04,5.0,0.09,31.7,0.1,28.9,0.01,0.01,614.92914,1776235383000
1776235385.048,185.048,0.91,31.7,0.9,28.9,0.92,2.0,0.96,5.0,0.08,2.0,0.04,5.0,0.09,31.7,0.1,28.9,0.01,0.01,614.898,1776235384000
1776235386.044,186.044,0.91,31.7,0.9,28.9,0.92,2.0,0.96,5.0,0.08,2.0,0.04,5.0,0.09,31.7,0.1,28.9,0.01,0.01,614.880988,1776235385000
1776235387.107,187.107,0.91,31.7,0.9,28.9,0.92,2.0,0.96,5.0,0.08,2.0,0.04,5.0,0.09,31.7,0.1,28.9,0.01,0.01,614.868953,1776235386000
1776235388.384,188.384,0.91,31.7,0.9,28.9,0.92,2.0,0.96,5.0,0.08,2.0,0.04,5.0,0.09,31.7,0.1,28.9,0.01,0.01,614.865254,1776235387000
1776235389.074,189.074,0.91,31.7,0.9,28.9,0.92,2.0,0.96,5.0,0.08,2.0,0.04,5.0,0.09,31.7,0.1,28.9,0.01,0.01,614.867,1776235388000
1776235390.255,190.255,0.91,31.7,0.9,28.9,0.92,2.0,0.96,5.0,0.08,2.0,0.04,5.0,0.09,31.7,0.1,28.9,0.01,0.01,614.867,1776235389000
1776235391.288,191.288,0.91,31.7,0.9,28.9,0.92,2.0,0.96,5.0,0.08,2.0,0.04,5.0,0.09,31.7,0.1,28.9,0.01,0.01,614.865597,1776235390000
1776235392.511,192.511,0.91,31.7,0.9,28.9,0.92,2.0,0.96,5.0,0.08,2.0,0.04,5.0,0.09,31.7,0.1,28.9,0.01,0.01,614.862424,1776235391000
1776235393.011,193.011,0.91,31.7,0.9,28.9,0.92,2.0,0.96,5.0,0.08,2.0,0.04,5.0,0.09,31.7,0.1,28.9,0.01,0.01,614.847547,1776235392000
1776235394.411,194.411,0.91,31.7,0.9,28.9,0.92,2.0,0.96,5.0,0.08,2.0,0.04,5.0,0.09,31.7,0.1,28.9,0.01,0.01,614.845838,1776235393000
1776235395.039,195.039,0.91,31.7,0.9,28.9,0.92,2.0,0.96,5.0,0.08,2.0,0.04,5.0,0.09,31.7,0.1,28.9,0.01,0.01,614.845838,1776235394000
1776235396.187,196.187,0.91,31.7,0.9,28.9,0.92,2.0,0.96,5.0,0.08,2.0,0.04,5.0,0.09,31.7,0.1,28.9,0.01,0.01,614.845861,1776235395000
1776235397.439,197.439,0.91,31.7,0.9,28.9,0.92,2.0,0.96,5.0,0.08,2.0,0.04,5.0,0.09,31.7,0.1,28.9,0.01,0.01,614.855,1776235396000
1776235397.917,197.917,0.91,31.7,0.9,28.9,0.92,2.0,0.96,5.0,0.08,2.0,0.04,5.0,0.09,31.7,0.1,28.9,0.01,0.01,614.855,1776235397000
1776235398.853,198.853,0.91,31.7,0.9,28.9,0.92,2.0,0.96,5.0,0.08,2.0,0.04,5.0,0.09,31.7,0.1,28.9,0.01,0.01,614.893142,1776235398000
1776235399.937,199.937,0.91,31.7,0.9,28.9,0.92,2.0,0.96,5.0,0.08,2.0,0.04,5.0,0.09,31.7,0.1,28.9,0.01,0.01,614.893275,1776235399000
1776235400.904,200.904,0.91,31.7,0.9,28.9,0.92,2.0,0.96,5.0,0.08,2.0,0.04,5.0,0.09,31.7,0.1,28.9,0.01,0.01,614.895326,1776235400000
1776235401.881,201.881,0.91,31.7,0.9,28.9,0.92,2.0,0.96,5.0,0.08,2.0,0.04,5.0,0.09,31.7,0.1,28.9,0.01,0.01,614.895268,1776235401000
1776235402.842,202.842,0.91,31.7,0.9,28.9,0.92,2.0,0.96,5.0,0.08,2.0,0.04,5.0,0.09,31.7,0.1,28.9,0.01,0.01,614.895411,1776235402000
1776235403.929,203.929,0.91,31.7,0.9,28.9,0.92,2.0,0.96,5.0,0.08,2.0,0.04,5.0,0.09,31.7,0.1,28.9,0.01,0.01,614.895272,1776235403000
1776235404.902,204.902,0.91,31.7,0.9,28.9,0.92,2.0,0.96,5.0,0.08,2.0,0.04,5.0,0.09,31.7,0.1,28.9,0.01,0.01,614.896839,1776235404000
1776235405.941,205.941,0.91,31.7,0.9,28.9,0.92,2.0,0.96,5.0,0.08,2.0,0.04,5.0,0.09,31.7,0.1,28.9,0.01,0.01,614.898716,1776235405000
1776235406.926,206.926,0.91,31.7,0.9,28.9,0.92,2.0,0.96,5.0,0.08,2.0,0.04,5.0,0.09,31.7,0.1,28.9,0.01,0.01,614.898757,1776235406000
1776235408.494,208.494,0.91,31.7,0.9,28.9,0.92,2.0,0.96,5.0,0.08,2.0,0.04,5.0,0.09,31.7,0.1,28.9,0.01,0.01,614.898912,1776235407000
1776235409.033,209.033,0.91,31.7,0.9,28.9,0.92,2.0,0.96,5.0,0.08,2.0,0.04,5.0,0.09,31.7,0.1,28.9,0.01,0.01,614.899178,1776235408000
1776235410.301,210.301,0.91,31.7,0.9,28.9,0.92,2.0,0.96,5.0,0.08,2.0,0.04,5.0,0.09,31.7,0.1,28.9,0.01,0.01,614.899634,1776235409000
1776235411.709,211.709,0.91,31.7,0.9,28.9,0.92,2.0,0.96,5.0,0.08,2.0,0.04,5.0,0.09,31.7,0.1,28.9,0.01,0.01,614.897483,1776235410000
1776235412.477,212.477,0.91,31.7,0.9,28.9,0.92,2.0,0.96,5.0,0.08,2.0,0.04,5.0,0.09,31.7,0.1,28.9,0.01,0.01,614.897443,1776235411000
1776235413.211,213.211,0.91,31.7,0.9,28.9,0.92,2.0,0.96,5.0,0.08,2.0,0.04,5.0,0.09,31.7,0.1,28.9,0.01,0.01,614.897769,1776235412000
1776235414.508,214.508,0.91,31.7,0.9,28.9,0.92,2.0,0.96,5.0,0.08,2.0,0.04,5.0,0.09,31.7,0.1,28.9,0.01,0.01,614.91135,1776235413000
1776235415.07,215.07,0.91,31.7,0.9,28.9,0.92,2.0,0.96,5.0,0.08,2.0,0.04,5.0,0.09,31.7,0.1,28.9,0.01,0.01,614.910203,1776235414000
1776235416.405,216.405,0.91,31.7,0.9,28.9,0.92,2.0,0.96,5.0,0.08,2.0,0.04,5.0,0.09,31.7,0.1,28.9,0.01,0.01,614.911339,1776235415000
1776235416.987,216.987,0.91,31.7,0.9,28.9,0.92,2.0,0.96,5.0,0.08,2.0,0.04,5.0,0.09,31.7,0.1,28.9,0.01,0.01,614.911338,1776235416000
1776235418.127,218.127,0.91,31.7,0.9,28.9,0.92,2.0,0.96,5.0,0.08,2.0,0.04,5.0,0.09,31.7,0.1,28.9,0.01,0.01,614.91678,1776235417000
1776235419.311,219.311,0.91,31.7,0.9,28.9,0.92,2.0,0.96,5.0,0.08,2.0,0.04,5.0,0.09,31.7,0.1,28.9,0.01,0.01,614.91978,1776235418000
1776235420.478,220.478,0.91,31.7,0.9,28.9,0.92,2.0,0.96,5.0,0.08,2.0,0.04,5.0,0.09,31.7,0.1,28.9,0.01,0.01,614.92198,1776235419000
1776235421.017,221.017,0.91,31.7,0.9,28.9,0.92,2.0,0.96,5.0,0.08,2.0,0.04,5.0,0.09,31.7,0.1,28.9,0.01,0.01,614.92265,1776235420000
1776235422.339,222.339,0.91,31.7,0.9,28.9,0.92,2.0,0.96,5.0,0.08,2.0,0.04,5.0,0.09,31.7,0.1,28.9,0.01,0.01,614.921286,1776235421000
1776235423.317,223.317,0.91,31.7,0.9,28.9,0.92,2.0,0.96,5.0,0.08,2.0,0.04,5.0,0.09,31.7,0.1,28.9,0.01,0.01,614.87,1776235422000
1776235424.618,224.618,0.91,31.7,0.9,28.9,0.92,2.0,0.96,5.0,0.08,2.0,0.04,5.0,0.09,31.7,0.1,28.9,0.01,0.01,614.872,1776235423000
1776235425.286,225.286,0.91,31.7,0.9,28.9,0.92,2.0,0.96,5.0,0.08,2.0,0.04,5.0,0.09,31.7,0.1,28.9,0.01,0.01,614.872,1776235424000
1776235426.343,226.343,0.91,31.7,0.9,28.9,0.92,2.0,0.96,5.0,0.08,2.0,0.04,5.0,0.09,31.7,0.1,28.9,0.01,0.01,614.886459,1776235425000
1776235428.014,228.014,0.91,31.7,0.9,28.9,0.92,2.0,0.96,5.0,0.08,2.0,0.04,5.0,0.09,31.7,0.1,28.9,0.01,0.01,614.902,1776235426000
1776235428.631,228.631,0.91,31.7,0.9,28.9,0.92,2.0,0.96,5.0,0.08,2.0,0.04,5.0,0.09,31.7,0.1,28.9,0.01,0.01,614.907,1776235427000
1776235429.165,229.165,0.91,31.7,0.9,28.9,0.92,2.0,0.96,5.0,0.08,2.0,0.04,5.0,0.09,31.7,0.1,28.9,0.01,0.01,614.907,1776235428000
1776235430.81,230.81,0.91,31.7,0.9,28.9,0.92,2.0,0.96,5.0,0.08,2.0,0.04,5.0,0.09,31.7,0.1,28.9,0.01,0.01,614.840158,1776235429000
1776235431.538,231.538,0.91,31.7,0.9,28.9,0.92,2.0,0.96,5.0,0.08,2.0,0.04,5.0,0.09,31.7,0.1,28.9,0.01,0.01,614.83778,1776235430000
1776235432.316,232.316,0.91,31.7,0.9,28.9,0.92,2.0,0.96,5.0,0.08,2.0,0.04,5.0,0.09,31.7,0.1,28.9,0.01,0.01,614.834928,1776235431000
1776235433.881,233.881,0.91,31.7,0.9,28.9,0.92,2.0,0.96,5.0,0.08,2.0,0.04,5.0,0.09,31.7,0.1,28.9,0.01,0.01,614.80837,1776235432000
1776235434.796,234.796,0.91,31.7,0.9,28.9,0.92,2.0,0.96,5.0,0.08,2.0,0.04,5.0,0.09,31.7,0.1,28.9,0.01,0.01,614.80837,1776235433000
1776235435.505,235.505,0.91,31.7,0.9,28.9,0.92,2.0,0.96,5.0,0.08,2.0,0.04,5.0,0.09,31.7,0.1,28.9,0.01,0.01,614.80548,1776235434000
1776235436.219,236.219,0.91,31.7,0.9,28.9,0.92,2.0,0.96,5.0,0.08,2.0,0.04,5.0,0.09,31.7,0.1,28.9,0.01,0.01,614.80512,1776235435000
1776235437.025,237.025,0.91,31.7,0.9,28.9,0.92,2.0,0.96,5.0,0.08,2.0,0.04,5.0,0.09,31.7,0.1,28.9,0.01,0.01,614.80495,1776235436000
1776235438.526,238.526,0.91,31.7,0.9,28.9,0.92,2.0,0.96,5.0,0.08,2.0,0.04,5.0,0.09,31.7,0.1,28.9,0.01,0.01,614.821197,1776235437000
1776235439.227,239.227,0.91,31.7,0.9,28.9,0.92,2.0,0.96,5.0,0.08,2.0,0.04,5.0,0.09,31.7,0.1,28.9,0.01,0.01,614.8241,1776235438000
1776235440.868,240.868,0.91,31.7,0.9,28.9,0.92,2.0,0.96,5.0,0.08,2.0,0.04,5.0,0.09,31.7,0.1,28.9,0.01,0.01,614.82184,1776235439000
1776235441.495,241.495,0.91,31.7,0.9,28.9,0.92,2.0,0.96,5.0,0.08,2.0,0.04,5.0,0.09,31.7,0.1,28.9,0.01,0.01,614.84386,1776235440000
1776235442.416,242.416,0.91,31.7,0.9,28.9,0.92,2.0,0.96,5.0,0.08,2.0,0.04,5.0,0.09,31.7,0.1,28.9,0.01,0.01,614.832221,1776235441000
1776235443.371,243.371,0.91,31.7,0.9,28.9,0.92,2.0,0.96,5.0,0.08,2.0,0.04,5.0,0.09,31.7,0.1,28.9,0.01,0.01,614.83107,1776235442000
1776235444.188,244.188,0.91,31.7,0.9,28.9,0.92,2.0,0.96,5.0,0.08,2.0,0.04,5.0,0.09,31.7,0.1,28.9,0.01,0.01,614.862662,1776235443000
1776235446.114,246.114,0.91,31.7,0.9,28.9,0.92,2.0,0.96,5.0,0.08,2.0,0.04,5.0,0.09,31.7,0.1,28.9,0.01,0.01,614.868838,1776235444000
1776235446.579,246.579,0.91,31.7,0.9,28.9,0.92,2.0,0.96,5.0,0.08,2.0,0.04,5.0,0.09,31.7,0.1,28.9,0.01,0.01,614.864322,1776235445000
1776235447.1,247.1,0.94,46.1,0.93,39.9,0.96,1.43,0.98,192.69,0.04,1.43,0.02,192.69,0.06,46.1,0.07,39.9,0.02,0.02,614.872721,1776235446000
1776235448.138,248.138,0.94,46.1,0.93,39.9,0.96,1.43,0.98,192.69,0.04,1.43,0.02,192.69,0.06,46.1,0.07,39.9,0.02,0.02,614.846183,1776235447000
1776235449.284,249.284,0.94,46.1,0.93,39.9,0.96,1.43,0.98,192.69,0.04,1.43,0.02,192.69,0.06,46.1,0.07,39.9,0.02,0.02,614.845525,1776235448000
1776235450.31,250.31,0.94,46.1,0.93,39.9,0.96,1.43,0.98,192.69,0.04,1.43,0.02,192.69,0.06,46.1,0.07,39.9,0.02,0.02,614.848201,1776235449000
1776235451.513,251.513,0.94,46.1,0.93,39.9,0.96,1.43,0.98,192.69,0.04,1.43,0.02,192.69,0.06,46.1,0.07,39.9,0.02,0.02,614.86684,1776235450000
1776235451.915,251.915,0.94,46.1,0.93,39.9,0.96,1.43,0.98,192.69,0.04,1.43,0.02,192.69,0.06,46.1,0.07,39.9,0.02,0.02,614.86512,1776235451000
1776235453.001,253.001,0.94,46.1,0.93,39.9,0.96,1.43,0.98,192.69,0.04,1.43,0.02,192.69,0.06,46.1,0.07,39.9,0.02,0.02,614.86459,1776235452000
1776235453.926,253.926,0.94,46.1,0.93,39.9,0.96,1.43,0.98,192.69,0.04,1.43,0.02,192.69,0.06,46.1,0.07,39.9,0.02,0.02,614.864336,1776235453000
1776235454.964,254.964,0.94,46.1,0.93,39.9,0.96,1.43,0.98,192.69,0.04,1.43,0.02,192.69,0.06,46.1,0.07,39.9,0.02,0.02,614.864716,1776235454000
1776235456.036,256.036,0.94,46.1,0.93,39.9,0.96,1.43,0.98,192.69,0.04,1.43,0.02,192.69,0.06,46.1,0.07,39.9,0.02,0.02,614.87647,1776235455000
1776235456.942,256.942,0.94,46.1,0.93,39.9,0.96,1.43,0.98,192.69,0.04,1.43,0.02,192.69,0.06,46.1,0.07,39.9,0.02,0.02,614.86667,1776235456000
1776235458.045,258.045,0.94,46.1,0.93,39.9,0.96,1.43,0.98,192.69,0.04,1.43,0.02,192.69,0.06,46.1,0.07,39.9,0.02,0.02,614.87235,1776235457000
1776235459.807,259.807,0.94,46.1,0.93,39.9,0.96,1.43,0.98,192.69,0.04,1.43,0.02,192.69,0.06,46.1,0.07,39.9,0.02,0.02,614.8822,1776235458000
1776235460.334,260.334,0.94,46.1,0.93,39.9,0.96,1.43,0.98,192.69,0.04,1.43,0.02,192.69,0.06,46.1,0.07,39.9,0.02,0.02,614.88229,1776235459000
1776235461.021,261.021,0.94,46.1,0.93,39.9,0.96,1.43,0.98,192.69,0.04,1.43,0.02,192.69,0.06,46.1,0.07,39.9,0.02,0.02,614.86461,1776235460000
1776235462.27,262.27,0.94,46.1,0.93,39.9,0.96,1.43,0.98,192.69,0.04,1.43,0.02,192.69,0.06,46.1,0.07,39.9,0.02,0.02,614.8617,1776235461000
1776235462.905,262.905,0.94,46.1,0.93,39.9,0.96,1.43,0.98,192.69,0.04,1.43,0.02,192.69,0.06,46.1,0.07,39.9,0.02,0.02,614.86168,1776235462000
1776235464.075,264.075,0.94,46.1,0.93,39.9,0.96,1.43,0.98,192.69,0.04,1.43,0.02,192.69,0.06,46.1,0.07,39.9,0.02,0.02,614.86167,1776235463000
1776235465.24,265.24,0.94,46.1,0.93,39.9,0.96,1.43,0.98,192.69,0.04,1.43,0.02,192.69,0.06,46.1,0.07,39.9,0.02,0.02,614.855941,1776235464000
1776235466.411,266.411,0.94,46.1,0.93,39.9,0.96,1.43,0.98,192.69,0.04,1.43,0.02,192.69,0.06,46.1,0.07,39.9,0.02,0.02,614.855479,1776235465000
1776235466.963,266.963,0.94,46.1,0.93,39.9,0.96,1.43,0.98,192.69,0.04,1.43,0.02,192.69,0.06,46.1,0.07,39.9,0.02,0.02,614.856103,1776235466000
1776235467.908,267.908,0.95,54.7,0.94,46.1,0.98,41.43,0.99,682.6,0.04,1.43,0.02,192.69,0.06,46.1,0.07,39.9,0.03,0.02,614.856103,1776235466000
1776235469.074,269.074,0.95,54.7,0.94,46.1,0.98,41.43,0.99,682.6,0.02,41.43,0.01,682.6,0.05,54.7,0.06,46.1,0.03,0.03,614.854241,1776235468000
1776235470.066,270.066,0.96,67.7,0.95,54.7,0.98,41.43,0.99,682.6,0.02,41.43,0.01,682.6,0.05,54.7,0.06,46.1,0.02,0.03,614.854241,1776235468000
1776235471.266,271.266,0.96,67.7,0.95,54.7,0.98,41.43,0.99,682.6,0.02,41.43,0.01,682.6,0.04,67.7,0.05,54.7,0.02,0.02,614.854299,1776235470000
1776235472.389,272.389,0.96,67.7,0.95,54.7,0.98,41.43,0.99,682.6,0.02,41.43,0.01,682.6,0.04,67.7,0.05,54.7,0.02,0.02,614.855608,1776235471000
1776235472.921,272.921,0.96,67.7,0.95,54.7,0.98,41.43,0.99,682.6,0.02,41.43,0.01,682.6,0.04,67.7,0.05,54.7,0.02,0.02,614.856009,1776235472000
1776235474.819,274.819,0.96,67.7,0.95,54.7,0.98,41.43,0.99,682.6,0.02,41.43,0.01,682.6,0.04,67.7,0.05,54.7,0.02,0.02,614.856045,1776235473000
1776235475.3,275.3,0.96,67.7,0.95,54.7,0.98,41.43,0.99,682.6,0.02,41.43,0.01,682.6,0.04,67.7,0.05,54.7,0.02,0.02,614.856055,1776235474000
1776235476.301,276.301,0.96,67.7,0.95,54.7,0.98,41.43,0.99,682.6,0.02,41.43,0.01,682.6,0.04,67.7,0.05,54.7,0.02,0.02,614.856064,1776235475000
1776235477.183,277.183,0.96,67.7,0.95,54.7,0.98,41.43,0.99,682.6,0.02,41.43,0.01,682.6,0.04,67.7,0.05,54.7,0.02,0.02,614.855881,1776235476000
1776235478.236,278.236,0.96,67.7,0.95,54.7,0.98,41.43,0.99,682.6,0.02,41.43,0.01,682.6,0.04,67.7,0.05,54.7,0.02,0.02,614.852615,1776235477000
1776235479.167,279.167,0.96,67.7,0.95,54.7,0.98,41.43,0.99,682.6,0.02,41.43,0.01,682.6,0.04,67.7,0.05,54.7,0.02,0.02,614.852539,1776235478000
1776235480.162,280.162,0.96,67.7,0.95,54.7,0.98,41.43,0.99,682.6,0.02,41.43,0.01,682.6,0.04,67.7,0.05,54.7,0.02,0.02,614.84703,1776235479000
1776235480.631,280.631,0.97,5.0,0.92,25.0,0.98,34.03,0.99,420.0,0.02,41.43,0.01,682.6,0.04,67.7,0.05,54.7,0.01,0.02,614.84703,1776235479000
1776235481.257,281.257,0.97,5.0,0.92,25.0,0.98,34.03,0.99,420.0,0.02,34.03,0.01,420.0,0.03,5.0,0.08,25.0,0.01,0.01,614.854762,1776235480000
1776235481.851,281.851,0.97,5.0,0.92,25.0,0.98,1.19,0.99,420.0,0.02,34.03,0.01,420.0,0.03,5.0,0.08,25.0,0.01,0.01,614.854762,1776235480000
1776235482.209,282.209,0.97,5.0,0.92,25.0,0.98,1.19,0.99,420.0,0.02,1.19,0.01,420.0,0.03,5.0,0.08,25.0,0.01,0.01,614.85477,1776235481000
1776235483.184,283.184,0.97,5.0,0.92,25.0,0.98,1.19,0.99,420.0,0.02,1.19,0.01,420.0,0.03,5.0,0.08,25.0,0.01,0.01,614.888381,1776235482000
1776235484.135,284.135,0.97,5.0,0.92,25.0,0.98,1.19,0.99,420.0,0.02,1.19,0.01,420.0,0.03,5.0,0.08,25.0,0.01,0.01,614.894409,1776235483000
1776235485.159,285.159,0.97,5.0,0.92,25.0,0.98,1.19,0.99,420.0,0.02,1.19,0.01,420.0,0.03,5.0,0.08,25.0,0.01,0.01,614.88052,1776235484000
1776235485.528,285.528,0.97,5.0,0.92,25.0,0.99,220.0,,,0.02,1.19,0.01,420.0,0.03,5.0,0.08,25.0,0.02,0.01,614.88052,1776235484000
1776235486.095,286.095,0.97,5.0,0.92,25.0,0.99,220.0,,,0.01,220.0,,,0.03,5.0,0.08,25.0,0.02,0.02,614.87291,1776235485000
1776235486.487,286.487,0.97,10.0,0.92,25.0,0.99,216.66,,,0.01,220.0,,,0.03,5.0,0.08,25.0,0.02,0.02,614.87291,1776235485000
1776235487.637,287.637,0.97,10.0,0.92,25.0,0.99,216.66,,,0.01,216.66,,,0.03,10.0,0.08,25.0,0.02,0.02,614.873521,1776235486000
1776235488.304,288.304,0.97,10.0,0.92,25.0,0.99,216.66,,,0.01,216.66,,,0.03,10.0,0.08,25.0,0.02,0.02,614.873923,1776235487000
1776235489.416,289.416,0.97,10.0,0.92,25.0,0.99,216.66,,,0.01,216.66,,,0.03,10.0,0.08,25.0,0.02,0.02,614.89058,1776235488000
1776235490.016,290.016,0.97,10.0,0.92,25.0,0.99,216.66,,,0.01,216.66,,,0.03,10.0,0.08,25.0,0.02,0.02,614.886753,1776235489000
1776235491.119,291.119,0.97,10.0,0.92,25.0,0.99,216.66,,,0.01,216.66,,,0.03,10.0,0.08,25.0,0.02,0.02,614.89354,1776235490000
1776235492.184,292.184,0.97,10.0,0.92,25.0,0.99,216.66,,,0.01,216.66,,,0.03,10.0,0.08,25.0,0.02,0.02,614.89171,1776235491000
1776235493.33,293.33,0.97,10.0,0.92,25.0,0.99,216.66,,,0.01,216.66,,,0.03,10.0,0.08,25.0,0.02,0.02,614.89041,1776235492000
1776235494.51,294.51,0.97,10.0,0.91,50.0,0.99,94.63,,,0.01,216.66,,,0.03,10.0,0.08,25.0,0.02,0.02,614.89041,1776235492000
1776235494.939,294.939,0.99,905.37,0.97,10.0,,,,,0.01,94.63,,,0.03,10.0,0.09,50.0,,0.02,614.89308,1776235493000
1776235495.17,295.17,0.99,905.37,0.97,10.0,,,,,,,,,0.01,905.37,0.03,10.0,,,614.89795,1776235494000
1776235496.227,296.227,0.99,905.37,0.97,10.0,,,,,,,,,0.01,905.37,0.03,10.0,,,614.905998,1776235495000
1776235497.359,297.359,0.99,905.37,0.97,10.0,,,,,,,,,0.01,905.37,0.03,10.0,,,614.913683,1776235496000
1776235498.454,298.454,0.99,905.37,0.97,10.0,,,,,,,,,0.01,905.37,0.03,10.0,,,614.916892,1776235497000
1776235498.964,298.964,0.99,905.37,0.97,10.0,,,,,,,,,0.01,905.37,0.03,10.0,,,614.92321,1776235498000
1776235500.101,300.101,0.99,905.37,0.97,10.0,,,,,,,,,0.01,905.37,0.03,10.0,,,614.92058,1776235499000
1776235501.098,301.098,0.99,905.37,0.97,10.0,,,,,,,,,0.01,905.37,0.03,10.0,,,614.9292,1776235500000

# RESULT,winner=Up,slug=bnb-updown-5m-1776235200,ticks=292
