timestamp,elapsed_sec,up_bid_p1,up_bid_s1,up_bid_p2,up_bid_s2,up_ask_p1,up_ask_s1,up_ask_p2,up_ask_s2,down_bid_p1,down_bid_s1,down_bid_p2,down_bid_s2,down_ask_p1,down_ask_s1,down_ask_p2,down_ask_s2,up_spread,down_spread,bnb_price,bnb_oracle_ts
1776225001.485,1.485,0.5,5.0,0.33,300.0,0.67,300.0,0.69,375.0,0.33,300.0,0.31,375.0,0.5,5.0,0.67,300.0,0.17,0.17,615.550222,1776224999000
1776225001.817,1.817,0.5,5.0,0.33,300.0,0.67,300.0,0.69,375.0,0.33,300.0,0.31,375.0,0.5,5.0,0.67,300.0,0.17,0.17,615.549624,1776225000000
1776225002.2,2.2,0.5,5.0,0.33,300.0,0.67,300.0,0.69,375.0,0.33,300.0,0.31,375.0,0.5,5.0,0.67,300.0,0.17,0.17,615.538467,1776225001000
1776225003.409,3.409,0.5,5.0,0.33,300.0,0.67,300.0,0.69,375.0,0.33,300.0,0.31,375.0,0.5,5.0,0.67,300.0,0.17,0.17,615.540082,1776225002000
1776225004.077,4.077,0.5,5.0,0.33,300.0,0.67,300.0,0.69,375.0,0.33,300.0,0.31,375.0,0.5,5.0,0.67,300.0,0.17,0.17,615.526778,1776225003000
1776225005.3,5.3,0.5,5.0,0.33,300.0,0.67,300.0,0.69,375.0,0.33,300.0,0.31,375.0,0.5,5.0,0.67,300.0,0.17,0.17,615.522215,1776225004000
1776225005.985,5.985,0.5,5.0,0.33,300.0,0.67,300.0,0.69,375.0,0.33,300.0,0.31,375.0,0.5,5.0,0.67,300.0,0.17,0.17,615.522215,1776225005000
1776225007.067,7.067,0.5,5.0,0.33,300.0,0.67,300.0,0.69,375.0,0.33,300.0,0.31,375.0,0.5,5.0,0.67,300.0,0.17,0.17,615.630217,1776225006000
1776225008.281,8.281,0.5,5.0,0.33,300.0,0.67,300.0,0.69,375.0,0.33,300.0,0.31,375.0,0.5,5.0,0.67,300.0,0.17,0.17,615.629971,1776225007000
1776225009.366,9.366,0.5,5.0,0.33,300.0,0.67,300.0,0.69,375.0,0.33,300.0,0.31,375.0,0.5,5.0,0.67,300.0,0.17,0.17,615.631207,1776225008000
1776225009.933,9.933,0.5,5.0,0.33,300.0,0.67,300.0,0.69,375.0,0.33,300.0,0.31,375.0,0.5,5.0,0.67,300.0,0.17,0.17,615.631207,1776225009000
1776225011.019,11.019,0.5,5.0,0.33,300.0,0.67,300.0,0.69,375.0,0.33,300.0,0.31,375.0,0.5,5.0,0.67,300.0,0.17,0.17,615.634895,1776225010000
1776225012.754,12.754,0.5,5.0,0.33,300.0,0.67,300.0,0.69,375.0,0.33,300.0,0.31,375.0,0.5,5.0,0.67,300.0,0.17,0.17,615.635659,1776225011000
1776225013.328,13.328,0.5,5.0,0.33,300.0,0.67,300.0,0.69,375.0,0.33,300.0,0.31,375.0,0.5,5.0,0.67,300.0,0.17,0.17,615.633616,1776225012000
1776225013.934,13.934,0.5,5.0,0.33,300.0,0.67,300.0,0.69,375.0,0.33,300.0,0.31,375.0,0.5,5.0,0.67,300.0,0.17,0.17,615.644156,1776225013000
1776225015.039,15.039,0.5,5.0,0.33,300.0,0.67,300.0,0.69,375.0,0.33,300.0,0.31,375.0,0.5,5.0,0.67,300.0,0.17,0.17,615.6929,1776225014000
1776225016.269,16.269,0.5,5.0,0.33,300.0,0.67,300.0,0.69,375.0,0.33,300.0,0.31,375.0,0.5,5.0,0.67,300.0,0.17,0.17,615.679661,1776225015000
1776225016.863,16.863,0.5,5.0,0.33,300.0,0.67,300.0,0.69,375.0,0.33,300.0,0.31,375.0,0.5,5.0,0.67,300.0,0.17,0.17,615.677898,1776225016000
1776225018.037,18.037,0.67,10.0,0.6,5.0,0.75,5.0,0.77,5.0,0.25,5.0,0.23,5.0,0.33,10.0,0.4,5.0,0.08,0.08,615.70303,1776225017000
1776225019.203,19.203,0.67,10.0,0.6,5.0,0.75,5.0,0.77,5.0,0.25,5.0,0.23,5.0,0.33,10.0,0.4,5.0,0.08,0.08,615.725109,1776225018000
1776225020.4,20.4,0.67,10.0,0.6,5.0,0.75,5.0,0.77,5.0,0.25,5.0,0.23,5.0,0.33,10.0,0.4,5.0,0.08,0.08,615.734815,1776225019000
1776225021.047,21.047,0.67,10.0,0.6,5.0,0.75,5.0,0.77,5.0,0.25,5.0,0.23,5.0,0.33,10.0,0.4,5.0,0.08,0.08,615.764643,1776225020000
1776225022.095,22.095,0.67,10.0,0.6,5.0,0.75,5.0,0.77,5.0,0.25,5.0,0.23,5.0,0.33,10.0,0.4,5.0,0.08,0.08,615.775617,1776225021000
1776225023.234,23.234,0.67,10.0,0.6,5.0,0.75,5.0,0.77,5.0,0.25,5.0,0.23,5.0,0.33,10.0,0.4,5.0,0.08,0.08,615.778917,1776225022000
1776225024.324,24.324,0.67,10.0,0.6,5.0,0.75,5.0,0.77,5.0,0.25,5.0,0.23,5.0,0.33,10.0,0.4,5.0,0.08,0.08,615.775341,1776225023000
1776225024.946,24.946,0.67,10.0,0.6,5.0,0.75,5.0,0.77,5.0,0.25,5.0,0.23,5.0,0.33,10.0,0.4,5.0,0.08,0.08,615.766403,1776225024000
1776225026.071,26.071,0.67,10.0,0.6,5.0,0.75,5.0,0.77,5.0,0.25,5.0,0.23,5.0,0.33,10.0,0.4,5.0,0.08,0.08,615.768221,1776225025000
1776225027.798,27.798,0.67,10.0,0.6,5.0,0.75,5.0,0.77,5.0,0.25,5.0,0.23,5.0,0.33,10.0,0.4,5.0,0.08,0.08,615.769179,1776225026000
1776225028.519,28.519,0.67,10.0,0.6,5.0,0.75,5.0,0.77,5.0,0.25,5.0,0.23,5.0,0.33,10.0,0.4,5.0,0.08,0.08,615.77644,1776225027000
1776225029.055,29.055,0.67,10.0,0.6,5.0,0.75,5.0,0.77,5.0,0.25,5.0,0.23,5.0,0.33,10.0,0.4,5.0,0.08,0.08,615.776451,1776225028000
1776225030.147,30.147,0.67,10.0,0.6,5.0,0.75,5.0,0.77,5.0,0.25,5.0,0.23,5.0,0.33,10.0,0.4,5.0,0.08,0.08,615.769862,1776225029000
1776225031.28,31.28,0.67,10.0,0.6,5.0,0.75,5.0,0.77,5.0,0.25,5.0,0.23,5.0,0.33,10.0,0.4,5.0,0.08,0.08,615.772208,1776225030000
1776225031.891,31.891,0.67,10.0,0.6,5.0,0.75,5.0,0.77,5.0,0.25,5.0,0.23,5.0,0.33,10.0,0.4,5.0,0.08,0.08,615.773231,1776225031000
1776225033.107,33.107,0.67,10.0,0.6,5.0,0.75,5.0,0.77,5.0,0.25,5.0,0.23,5.0,0.33,10.0,0.4,5.0,0.08,0.08,615.772548,1776225032000
1776225034.281,34.281,0.67,10.0,0.6,5.0,0.75,5.0,0.77,5.0,0.25,5.0,0.23,5.0,0.33,10.0,0.4,5.0,0.08,0.08,615.772599,1776225033000
1776225035.406,35.406,0.67,10.0,0.6,5.0,0.75,5.0,0.77,5.0,0.25,5.0,0.23,5.0,0.33,10.0,0.4,5.0,0.08,0.08,615.77486,1776225034000
1776225036.118,36.118,0.67,10.0,0.6,5.0,0.75,5.0,0.77,5.0,0.25,5.0,0.23,5.0,0.33,10.0,0.4,5.0,0.08,0.08,615.77486,1776225035000
1776225037.307,37.307,0.67,10.0,0.6,5.0,0.75,5.0,0.77,5.0,0.25,5.0,0.23,5.0,0.33,10.0,0.4,5.0,0.08,0.08,615.746019,1776225036000
1776225038.494,38.494,0.67,10.0,0.6,5.0,0.75,5.0,0.77,5.0,0.25,5.0,0.23,5.0,0.33,10.0,0.4,5.0,0.08,0.08,615.62817,1776225037000
1776225039.01,39.01,0.67,10.0,0.6,5.0,0.75,5.0,0.77,5.0,0.25,5.0,0.23,5.0,0.33,10.0,0.4,5.0,0.08,0.08,615.6203,1776225038000
1776225040.101,40.101,0.67,10.0,0.6,5.0,0.75,5.0,0.77,5.0,0.25,5.0,0.23,5.0,0.33,10.0,0.4,5.0,0.08,0.08,615.62028,1776225039000
1776225041.393,41.393,0.67,10.0,0.6,5.0,0.75,5.0,0.77,5.0,0.25,5.0,0.23,5.0,0.33,10.0,0.4,5.0,0.08,0.08,615.65944,1776225040000
1776225041.989,41.989,0.67,10.0,0.6,5.0,0.75,5.0,0.77,5.0,0.25,5.0,0.23,5.0,0.33,10.0,0.4,5.0,0.08,0.08,615.660065,1776225041000
1776225043.048,43.048,0.67,10.0,0.6,5.0,0.75,5.0,0.77,5.0,0.25,5.0,0.23,5.0,0.33,10.0,0.4,5.0,0.08,0.08,615.64991,1776225042000
1776225044.117,44.117,0.67,10.0,0.6,5.0,0.75,5.0,0.77,5.0,0.25,5.0,0.23,5.0,0.33,10.0,0.4,5.0,0.08,0.08,615.67064,1776225043000
1776225045.276,45.276,0.67,10.0,0.6,5.0,0.75,5.0,0.77,5.0,0.25,5.0,0.23,5.0,0.33,10.0,0.4,5.0,0.08,0.08,615.67125,1776225044000
1776225046.259,46.259,0.67,10.0,0.6,5.0,0.75,5.0,0.77,5.0,0.25,5.0,0.23,5.0,0.33,10.0,0.4,5.0,0.08,0.08,615.67102,1776225045000
1776225047.392,47.392,0.67,10.0,0.6,5.0,0.75,5.0,0.77,5.0,0.25,5.0,0.23,5.0,0.33,10.0,0.4,5.0,0.08,0.08,615.67376,1776225046000
1776225047.885,47.885,0.67,10.0,0.6,5.0,0.75,5.0,0.77,5.0,0.25,5.0,0.23,5.0,0.33,10.0,0.4,5.0,0.08,0.08,615.683821,1776225047000
1776225048.931,48.931,0.67,10.0,0.6,5.0,0.75,5.0,0.77,5.0,0.25,5.0,0.23,5.0,0.33,10.0,0.4,5.0,0.08,0.08,615.682037,1776225048000
1776225050.186,50.186,0.67,10.0,0.6,5.0,0.75,5.0,0.77,5.0,0.25,5.0,0.23,5.0,0.33,10.0,0.4,5.0,0.08,0.08,615.6587,1776225049000
1776225051.051,51.051,0.67,10.0,0.6,5.0,0.75,5.0,0.77,5.0,0.25,5.0,0.23,5.0,0.33,10.0,0.4,5.0,0.08,0.08,615.65955,1776225050000
1776225052.128,52.128,0.67,10.0,0.6,5.0,0.75,5.0,0.77,5.0,0.25,5.0,0.23,5.0,0.33,10.0,0.4,5.0,0.08,0.08,615.657776,1776225051000
1776225053.218,53.218,0.67,10.0,0.6,5.0,0.75,5.0,0.77,5.0,0.25,5.0,0.23,5.0,0.33,10.0,0.4,5.0,0.08,0.08,615.674963,1776225052000
1776225054.212,54.212,0.67,10.0,0.6,5.0,0.75,5.0,0.77,5.0,0.25,5.0,0.23,5.0,0.33,10.0,0.4,5.0,0.08,0.08,615.673,1776225053000
1776225055.17,55.17,0.67,10.0,0.6,5.0,0.75,5.0,0.77,5.0,0.25,5.0,0.23,5.0,0.33,10.0,0.4,5.0,0.08,0.08,615.66997,1776225054000
1776225056.793,56.793,0.67,10.0,0.6,5.0,0.75,5.0,0.77,5.0,0.25,5.0,0.23,5.0,0.33,10.0,0.4,5.0,0.08,0.08,615.671694,1776225055000
1776225057.374,57.374,0.67,10.0,0.6,5.0,0.75,5.0,0.77,5.0,0.25,5.0,0.23,5.0,0.33,10.0,0.4,5.0,0.08,0.08,615.632626,1776225056000
1776225057.944,57.944,0.67,10.0,0.6,5.0,0.75,5.0,0.77,5.0,0.25,5.0,0.23,5.0,0.33,10.0,0.4,5.0,0.08,0.08,615.633108,1776225057000
1776225058.912,58.912,0.67,10.0,0.6,5.0,0.75,5.0,0.77,5.0,0.25,5.0,0.23,5.0,0.33,10.0,0.4,5.0,0.08,0.08,615.637517,1776225058000
1776225059.936,59.936,0.67,10.0,0.6,5.0,0.75,5.0,0.77,5.0,0.25,5.0,0.23,5.0,0.33,10.0,0.4,5.0,0.08,0.08,615.637953,1776225059000
1776225060.955,60.955,0.67,10.0,0.6,5.0,0.75,5.0,0.77,5.0,0.25,5.0,0.23,5.0,0.33,10.0,0.4,5.0,0.08,0.08,615.66916,1776225060000
1776225061.96,61.96,0.67,10.0,0.6,5.0,0.75,5.0,0.77,5.0,0.25,5.0,0.23,5.0,0.33,10.0,0.4,5.0,0.08,0.08,615.669016,1776225061000
1776225062.961,62.961,0.67,10.0,0.6,5.0,0.75,5.0,0.77,5.0,0.25,5.0,0.23,5.0,0.33,10.0,0.4,5.0,0.08,0.08,615.669508,1776225062000
1776225063.946,63.946,0.67,10.0,0.6,5.0,0.75,5.0,0.77,5.0,0.25,5.0,0.23,5.0,0.33,10.0,0.4,5.0,0.08,0.08,615.68709,1776225063000
1776225065.044,65.044,0.67,10.0,0.6,5.0,0.75,5.0,0.77,5.0,0.25,5.0,0.23,5.0,0.33,10.0,0.4,5.0,0.08,0.08,615.63461,1776225064000
1776225065.984,65.984,0.67,10.0,0.6,5.0,0.75,5.0,0.77,5.0,0.25,5.0,0.23,5.0,0.33,10.0,0.4,5.0,0.08,0.08,615.61037,1776225065000
1776225066.994,66.994,0.67,10.0,0.6,5.0,0.75,5.0,0.77,5.0,0.25,5.0,0.23,5.0,0.33,10.0,0.4,5.0,0.08,0.08,615.608019,1776225066000
1776225068.07,68.07,0.67,10.0,0.6,5.0,0.75,5.0,0.77,5.0,0.25,5.0,0.23,5.0,0.33,10.0,0.4,5.0,0.08,0.08,615.619871,1776225067000
1776225069.128,69.128,0.67,10.0,0.6,5.0,0.75,5.0,0.77,5.0,0.25,5.0,0.23,5.0,0.33,10.0,0.4,5.0,0.08,0.08,615.6433,1776225068000
1776225070.135,70.135,0.67,10.0,0.6,5.0,0.75,5.0,0.77,5.0,0.25,5.0,0.23,5.0,0.33,10.0,0.4,5.0,0.08,0.08,615.636713,1776225069000
1776225071.761,71.761,0.67,10.0,0.6,5.0,0.75,5.0,0.77,5.0,0.25,5.0,0.23,5.0,0.33,10.0,0.4,5.0,0.08,0.08,615.629893,1776225070000
1776225072.462,72.462,0.67,10.0,0.6,5.0,0.75,5.0,0.77,5.0,0.25,5.0,0.23,5.0,0.33,10.0,0.4,5.0,0.08,0.08,615.63283,1776225071000
1776225073.134,73.134,0.67,10.0,0.6,5.0,0.75,5.0,0.77,5.0,0.25,5.0,0.23,5.0,0.33,10.0,0.4,5.0,0.08,0.08,615.62906,1776225072000
1776225074.599,74.599,0.67,10.0,0.6,5.0,0.75,5.0,0.77,5.0,0.25,5.0,0.23,5.0,0.33,10.0,0.4,5.0,0.08,0.08,615.63026,1776225073000
1776225075.318,75.318,0.67,10.0,0.6,5.0,0.75,5.0,0.77,5.0,0.25,5.0,0.23,5.0,0.33,10.0,0.4,5.0,0.08,0.08,615.625715,1776225074000
1776225076.038,76.038,0.67,10.0,0.6,5.0,0.75,5.0,0.77,5.0,0.25,5.0,0.23,5.0,0.33,10.0,0.4,5.0,0.08,0.08,615.625733,1776225075000
1776225077.487,77.487,0.67,10.0,0.6,5.0,0.75,5.0,0.77,5.0,0.25,5.0,0.23,5.0,0.33,10.0,0.4,5.0,0.08,0.08,615.62574,1776225076000
1776225078.16,78.16,0.67,10.0,0.6,5.0,0.75,5.0,0.77,5.0,0.25,5.0,0.23,5.0,0.33,10.0,0.4,5.0,0.08,0.08,615.606257,1776225077000
1776225079.602,79.602,0.67,10.0,0.6,5.0,0.75,5.0,0.77,5.0,0.25,5.0,0.23,5.0,0.33,10.0,0.4,5.0,0.08,0.08,615.594536,1776225078000
1776225080.424,80.424,0.67,10.0,0.6,5.0,0.75,5.0,0.77,5.0,0.25,5.0,0.23,5.0,0.33,10.0,0.4,5.0,0.08,0.08,615.594536,1776225079000
1776225081.159,81.159,0.67,10.0,0.6,5.0,0.75,5.0,0.77,5.0,0.25,5.0,0.23,5.0,0.33,10.0,0.4,5.0,0.08,0.08,615.610116,1776225080000
1776225082.639,82.639,0.67,10.0,0.6,5.0,0.75,5.0,0.77,5.0,0.25,5.0,0.23,5.0,0.33,10.0,0.4,5.0,0.08,0.08,615.61229,1776225081000
1776225083.328,83.328,0.67,10.0,0.6,5.0,0.75,5.0,0.77,5.0,0.25,5.0,0.23,5.0,0.33,10.0,0.4,5.0,0.08,0.08,615.620034,1776225082000
1776225084.067,84.067,0.67,10.0,0.6,5.0,0.75,5.0,0.77,5.0,0.25,5.0,0.23,5.0,0.33,10.0,0.4,5.0,0.08,0.08,615.689695,1776225083000
1776225085.447,85.447,0.67,10.0,0.6,5.0,0.75,5.0,0.77,5.0,0.25,5.0,0.23,5.0,0.33,10.0,0.4,5.0,0.08,0.08,615.691967,1776225084000
1776225086.24,86.24,0.67,10.0,0.6,5.0,0.75,5.0,0.77,5.0,0.25,5.0,0.23,5.0,0.33,10.0,0.4,5.0,0.08,0.08,615.691967,1776225085000
1776225087.586,87.586,0.67,10.0,0.6,5.0,0.75,5.0,0.77,5.0,0.25,5.0,0.23,5.0,0.33,10.0,0.4,5.0,0.08,0.08,615.69615,1776225086000
1776225088.708,88.708,0.67,10.0,0.6,5.0,0.75,5.0,0.77,5.0,0.25,5.0,0.23,5.0,0.33,10.0,0.4,5.0,0.08,0.08,615.70059,1776225087000
1776225089.169,89.169,0.67,10.0,0.6,5.0,0.75,5.0,0.77,5.0,0.25,5.0,0.23,5.0,0.33,10.0,0.4,5.0,0.08,0.08,615.718583,1776225088000
1776225090.251,90.251,0.67,10.0,0.6,5.0,0.75,5.0,0.77,5.0,0.25,5.0,0.23,5.0,0.33,10.0,0.4,5.0,0.08,0.08,615.73,1776225089000
1776225091.209,91.209,0.67,10.0,0.6,5.0,0.75,5.0,0.77,5.0,0.25,5.0,0.23,5.0,0.33,10.0,0.4,5.0,0.08,0.08,615.728262,1776225090000
1776225092.323,92.323,0.67,10.0,0.6,5.0,0.75,5.0,0.77,5.0,0.25,5.0,0.23,5.0,0.33,10.0,0.4,5.0,0.08,0.08,615.735658,1776225091000
1776225093.317,93.317,0.67,10.0,0.6,5.0,0.75,5.0,0.77,5.0,0.25,5.0,0.23,5.0,0.33,10.0,0.4,5.0,0.08,0.08,615.70112,1776225092000
1776225093.891,93.891,0.67,10.0,0.6,5.0,0.75,5.0,0.77,5.0,0.25,5.0,0.23,5.0,0.33,10.0,0.4,5.0,0.08,0.08,615.71602,1776225093000
1776225094.915,94.915,0.67,10.0,0.6,5.0,0.75,5.0,0.77,5.0,0.25,5.0,0.23,5.0,0.33,10.0,0.4,5.0,0.08,0.08,615.72794,1776225094000
1776225095.981,95.981,0.67,10.0,0.6,5.0,0.75,5.0,0.77,5.0,0.25,5.0,0.23,5.0,0.33,10.0,0.4,5.0,0.08,0.08,615.720421,1776225095000
1776225097.05,97.05,0.67,10.0,0.6,5.0,0.75,5.0,0.77,5.0,0.25,5.0,0.23,5.0,0.33,10.0,0.4,5.0,0.08,0.08,615.714012,1776225096000
1776225098.044,98.044,0.67,10.0,0.6,5.0,0.75,5.0,0.77,5.0,0.25,5.0,0.23,5.0,0.33,10.0,0.4,5.0,0.08,0.08,615.712285,1776225097000
1776225099.098,99.098,0.67,10.0,0.6,5.0,0.75,5.0,0.77,5.0,0.25,5.0,0.23,5.0,0.33,10.0,0.4,5.0,0.08,0.08,615.706577,1776225098000
1776225099.76,99.76,0.64,5.0,0.63,16.2,0.78,13.24,0.79,15.7,0.26,3.52,0.25,5.0,0.36,5.0,0.37,16.2,0.14,0.1,615.706577,1776225098000
1776225100.179,100.179,0.64,5.0,0.63,16.2,0.78,13.24,0.79,15.7,0.22,13.24,0.21,15.7,0.36,5.0,0.37,16.2,0.14,0.14,615.705406,1776225099000
1776225101.078,101.078,0.64,5.0,0.63,16.2,0.78,13.24,0.79,15.7,0.22,13.24,0.21,15.7,0.36,5.0,0.37,16.2,0.14,0.14,615.703924,1776225100000
1776225102.423,102.423,0.64,5.0,0.63,16.2,0.78,13.24,0.79,15.7,0.22,13.24,0.21,15.7,0.36,5.0,0.37,16.2,0.14,0.14,615.703927,1776225101000
1776225103.062,103.062,0.64,5.0,0.63,16.2,0.78,13.24,0.79,15.7,0.22,13.24,0.21,15.7,0.36,5.0,0.37,16.2,0.14,0.14,615.703931,1776225102000
1776225104.401,104.401,0.64,5.0,0.63,16.2,0.78,13.24,0.79,15.7,0.22,13.24,0.21,15.7,0.36,5.0,0.37,16.2,0.14,0.14,615.704006,1776225103000
1776225105.087,105.087,0.64,5.0,0.63,16.2,0.78,13.24,0.79,15.7,0.22,13.24,0.21,15.7,0.36,5.0,0.37,16.2,0.14,0.14,615.756793,1776225104000
1776225106.408,106.408,0.64,5.0,0.63,16.2,0.78,13.24,0.79,15.7,0.22,13.24,0.21,15.7,0.36,5.0,0.37,16.2,0.14,0.14,615.75693,1776225105000
1776225107.08,107.08,0.64,5.0,0.63,16.2,0.78,13.24,0.79,15.7,0.22,13.24,0.21,15.7,0.36,5.0,0.37,16.2,0.14,0.14,615.75675,1776225106000
1776225108.245,108.245,0.64,5.0,0.63,16.2,0.78,13.24,0.79,15.7,0.22,13.24,0.21,15.7,0.36,5.0,0.37,16.2,0.14,0.14,615.75685,1776225107000
1776225109.73,109.73,0.64,5.0,0.63,16.2,0.78,13.24,0.79,15.7,0.22,13.24,0.21,15.7,0.36,5.0,0.37,16.2,0.14,0.14,615.75566,1776225108000
1776225110.26,110.26,0.64,5.0,0.63,16.2,0.78,13.24,0.79,15.7,0.22,13.24,0.21,15.7,0.36,5.0,0.37,16.2,0.14,0.14,615.725527,1776225109000
1776225111.573,111.573,0.64,5.0,0.63,16.2,0.78,13.24,0.79,15.7,0.22,13.24,0.21,15.7,0.36,5.0,0.37,16.2,0.14,0.14,615.742279,1776225110000
1776225112.256,112.256,0.64,5.0,0.63,16.2,0.78,13.24,0.79,15.7,0.22,13.24,0.21,15.7,0.36,5.0,0.37,16.2,0.14,0.14,615.756561,1776225111000
1776225113.528,113.528,0.64,5.0,0.63,16.2,0.78,13.24,0.79,15.7,0.22,13.24,0.21,15.7,0.36,5.0,0.37,16.2,0.14,0.14,615.741498,1776225112000
1776225114.257,114.257,0.64,5.0,0.63,16.2,0.78,13.24,0.79,15.7,0.22,13.24,0.21,15.7,0.36,5.0,0.37,16.2,0.14,0.14,615.74088,1776225113000
1776225115.473,115.473,0.64,5.0,0.63,16.2,0.78,13.24,0.79,15.7,0.22,13.24,0.21,15.7,0.36,5.0,0.37,16.2,0.14,0.14,615.73933,1776225114000
1776225116.224,116.224,0.64,5.0,0.63,16.2,0.78,13.24,0.79,15.7,0.22,13.24,0.21,15.7,0.36,5.0,0.37,16.2,0.14,0.14,615.74652,1776225115000
1776225117.46,117.46,0.64,5.0,0.63,16.2,0.78,13.24,0.79,15.7,0.22,13.24,0.21,15.7,0.36,5.0,0.37,16.2,0.14,0.14,615.740112,1776225116000
1776225118.18,118.18,0.64,5.0,0.63,16.2,0.78,13.24,0.79,15.7,0.22,13.24,0.21,15.7,0.36,5.0,0.37,16.2,0.14,0.14,615.740682,1776225117000
1776225119.369,119.369,0.64,5.0,0.63,16.2,0.78,13.24,0.79,15.7,0.22,13.24,0.21,15.7,0.36,5.0,0.37,16.2,0.14,0.14,615.739001,1776225118000
1776225120.197,120.197,0.64,5.0,0.63,16.2,0.78,13.24,0.79,15.7,0.22,13.24,0.21,15.7,0.36,5.0,0.37,16.2,0.14,0.14,615.73493,1776225119000
1776225121.439,121.439,0.64,5.0,0.63,16.2,0.78,13.24,0.79,15.7,0.22,13.24,0.21,15.7,0.36,5.0,0.37,16.2,0.14,0.14,615.735518,1776225120000
1776225122.271,122.271,0.64,5.0,0.63,16.2,0.78,13.24,0.79,15.7,0.22,13.24,0.21,15.7,0.36,5.0,0.37,16.2,0.14,0.14,615.732363,1776225121000
1776225123.45,123.45,0.64,5.0,0.63,16.2,0.78,13.24,0.79,15.7,0.22,13.24,0.21,15.7,0.36,5.0,0.37,16.2,0.14,0.14,615.75955,1776225122000
1776225124.089,124.089,0.64,5.0,0.63,16.2,0.78,13.24,0.79,15.7,0.22,13.24,0.21,15.7,0.36,5.0,0.37,16.2,0.14,0.14,615.7634,1776225123000
1776225125.528,125.528,0.64,5.0,0.63,16.2,0.78,13.24,0.79,15.7,0.22,13.24,0.21,15.7,0.36,5.0,0.37,16.2,0.14,0.14,615.756874,1776225124000
1776225126.269,126.269,0.64,5.0,0.63,16.2,0.78,13.24,0.79,15.7,0.22,13.24,0.21,15.7,0.36,5.0,0.37,16.2,0.14,0.14,615.756819,1776225125000
1776225127.577,127.577,0.64,5.0,0.63,16.2,0.78,13.24,0.79,15.7,0.22,13.24,0.21,15.7,0.36,5.0,0.37,16.2,0.14,0.14,615.731122,1776225126000
1776225128.26,128.26,0.64,5.0,0.63,16.2,0.78,13.24,0.79,15.7,0.22,13.24,0.21,15.7,0.36,5.0,0.37,16.2,0.14,0.14,615.731122,1776225127000
1776225129.409,129.409,0.64,5.0,0.63,16.2,0.78,13.24,0.79,15.7,0.22,13.24,0.21,15.7,0.36,5.0,0.37,16.2,0.14,0.14,615.735541,1776225128000
1776225130.228,130.228,0.64,5.0,0.63,16.2,0.78,13.24,0.79,15.7,0.22,13.24,0.21,15.7,0.36,5.0,0.37,16.2,0.14,0.14,615.797,1776225129000
1776225131.285,131.285,0.64,5.0,0.63,16.2,0.78,13.24,0.79,15.7,0.22,13.24,0.21,15.7,0.36,5.0,0.37,16.2,0.14,0.14,615.791986,1776225130000
1776225131.901,131.901,0.64,5.0,0.63,16.2,0.78,13.24,0.79,15.7,0.22,13.24,0.21,15.7,0.36,5.0,0.37,16.2,0.14,0.14,615.793818,1776225131000
1776225133.273,133.273,0.64,5.0,0.63,16.2,0.78,13.24,0.79,15.7,0.22,13.24,0.21,15.7,0.36,5.0,0.37,16.2,0.14,0.14,615.831,1776225132000
1776225134.321,134.321,0.64,5.0,0.63,16.2,0.78,13.24,0.79,15.7,0.22,13.24,0.21,15.7,0.36,5.0,0.37,16.2,0.14,0.14,615.812151,1776225133000
1776225134.954,134.954,0.64,5.0,0.63,16.2,0.78,13.24,0.79,15.7,0.22,13.24,0.21,15.7,0.36,5.0,0.37,16.2,0.14,0.14,615.83168,1776225134000
1776225136.622,136.622,0.64,5.0,0.63,16.2,0.78,13.24,0.79,15.7,0.22,13.24,0.21,15.7,0.36,5.0,0.37,16.2,0.14,0.14,615.853,1776225135000
1776225137.203,137.203,0.64,5.0,0.63,16.2,0.78,13.24,0.79,15.7,0.22,13.24,0.21,15.7,0.36,5.0,0.37,16.2,0.14,0.14,615.853,1776225136000
1776225138.333,138.333,0.64,5.0,0.63,16.2,0.78,13.24,0.79,15.7,0.22,13.24,0.21,15.7,0.36,5.0,0.37,16.2,0.14,0.14,615.853,1776225137000
1776225138.887,138.887,0.64,5.0,0.63,16.2,0.78,13.24,0.79,15.7,0.22,13.24,0.21,15.7,0.36,5.0,0.37,16.2,0.14,0.14,615.853,1776225138000
1776225140.091,140.091,0.64,5.0,0.63,16.2,0.78,13.24,0.79,15.7,0.22,13.24,0.21,15.7,0.36,5.0,0.37,16.2,0.14,0.14,615.86,1776225139000
1776225141.075,141.075,0.64,5.0,0.63,16.2,0.78,13.24,0.79,15.7,0.22,13.24,0.21,15.7,0.36,5.0,0.37,16.2,0.14,0.14,615.845,1776225140000
1776225142.325,142.325,0.64,5.0,0.63,16.2,0.78,13.24,0.79,15.7,0.22,13.24,0.21,15.7,0.36,5.0,0.37,16.2,0.14,0.14,615.842,1776225141000
1776225143.457,143.457,0.64,5.0,0.63,16.2,0.78,13.24,0.79,15.7,0.22,13.24,0.21,15.7,0.36,5.0,0.37,16.2,0.14,0.14,615.838,1776225142000
1776225144.017,144.017,0.64,5.0,0.63,16.2,0.78,13.24,0.79,15.7,0.22,13.24,0.21,15.7,0.36,5.0,0.37,16.2,0.14,0.14,615.838,1776225143000
1776225145.061,145.061,0.64,5.0,0.63,16.2,0.78,13.24,0.79,15.7,0.22,13.24,0.21,15.7,0.36,5.0,0.37,16.2,0.14,0.14,615.841,1776225144000
1776225146.171,146.171,0.64,5.0,0.63,16.2,0.78,13.24,0.79,15.7,0.22,13.24,0.21,15.7,0.36,5.0,0.37,16.2,0.14,0.14,615.84,1776225145000
1776225147.226,147.226,0.64,5.0,0.63,16.2,0.78,13.24,0.79,15.7,0.22,13.24,0.21,15.7,0.36,5.0,0.37,16.2,0.14,0.14,615.841,1776225146000
1776225148.326,148.326,0.64,5.0,0.63,16.2,0.78,13.24,0.79,15.7,0.22,13.24,0.21,15.7,0.36,5.0,0.37,16.2,0.14,0.14,615.842,1776225147000
1776225149.381,149.381,0.64,5.0,0.63,16.2,0.78,13.24,0.79,15.7,0.22,13.24,0.21,15.7,0.36,5.0,0.37,16.2,0.14,0.14,615.845,1776225148000
1776225149.896,149.896,0.64,5.0,0.63,16.2,0.78,13.24,0.79,15.7,0.22,13.24,0.21,15.7,0.36,5.0,0.37,16.2,0.14,0.14,615.845,1776225149000
1776225151.028,151.028,0.64,5.0,0.63,16.2,0.78,13.24,0.79,15.7,0.22,13.24,0.21,15.7,0.36,5.0,0.37,16.2,0.14,0.14,615.845,1776225150000
1776225152.06,152.06,0.64,5.0,0.63,16.2,0.78,13.24,0.79,15.7,0.22,13.24,0.21,15.7,0.36,5.0,0.37,16.2,0.14,0.14,615.856,1776225151000
1776225153.121,153.121,0.64,5.0,0.63,16.2,0.78,13.24,0.79,15.7,0.22,13.24,0.21,15.7,0.36,5.0,0.37,16.2,0.14,0.14,615.857,1776225152000
1776225154.561,154.561,0.64,5.0,0.63,16.2,0.78,13.24,0.79,15.7,0.22,13.24,0.21,15.7,0.36,5.0,0.37,16.2,0.14,0.14,615.868,1776225153000
1776225155.126,155.126,0.64,5.0,0.63,16.2,0.78,13.24,0.79,15.7,0.22,13.24,0.21,15.7,0.36,5.0,0.37,16.2,0.14,0.14,615.872,1776225154000
1776225156.312,156.312,0.64,5.0,0.63,16.2,0.78,13.24,0.79,15.7,0.22,13.24,0.21,15.7,0.36,5.0,0.37,16.2,0.14,0.14,615.872,1776225155000
1776225156.971,156.971,0.64,5.0,0.63,16.2,0.78,13.24,0.79,15.7,0.22,13.24,0.21,15.7,0.36,5.0,0.37,16.2,0.14,0.14,615.872,1776225156000
1776225157.499,157.499,0.88,24.6,0.87,28.0,0.94,45.03,0.95,54.7,0.22,13.24,0.21,15.7,0.36,5.0,0.37,16.2,0.06,0.14,615.872,1776225156000
1776225158.318,158.318,0.88,24.6,0.87,28.0,0.94,45.03,0.95,54.7,0.06,45.03,0.05,54.7,0.12,24.6,0.13,28.0,0.06,0.06,615.863,1776225157000
1776225158.881,158.881,0.88,24.6,0.87,28.0,0.94,45.03,0.95,54.7,0.06,45.03,0.05,54.7,0.12,24.6,0.13,28.0,0.06,0.06,615.841,1776225158000
1776225160.185,160.185,0.88,24.6,0.87,28.0,0.94,45.03,0.95,54.7,0.06,45.03,0.05,54.7,0.12,24.6,0.13,28.0,0.06,0.06,615.825,1776225159000
1776225161.314,161.314,0.88,24.6,0.87,28.0,0.94,45.03,0.95,54.7,0.06,45.03,0.05,54.7,0.12,24.6,0.13,28.0,0.06,0.06,615.796,1776225160000
1776225161.696,161.696,0.87,33.0,0.86,21.6,0.94,43.43,0.95,54.7,0.06,45.03,0.05,54.7,0.12,24.6,0.13,28.0,0.07,0.06,615.796,1776225160000
1776225162.418,162.418,0.87,33.0,0.86,21.6,0.94,43.43,0.95,54.7,0.06,43.43,0.05,54.7,0.13,33.0,0.14,21.6,0.07,0.07,615.793,1776225161000
1776225163.054,163.054,0.87,33.0,0.86,21.6,0.94,43.43,0.95,54.7,0.06,43.43,0.05,54.7,0.13,33.0,0.14,21.6,0.07,0.07,615.793,1776225162000
1776225164.166,164.166,0.87,33.0,0.86,21.6,0.94,43.43,0.95,54.7,0.06,43.43,0.05,54.7,0.13,33.0,0.14,21.6,0.07,0.07,615.806,1776225163000
1776225165.354,165.354,0.87,33.0,0.86,21.6,0.94,43.43,0.95,54.7,0.06,43.43,0.05,54.7,0.13,33.0,0.14,21.6,0.07,0.07,615.816,1776225164000
1776225167.386,167.386,0.87,33.0,0.86,21.6,0.94,43.43,0.95,54.7,0.06,43.43,0.05,54.7,0.13,33.0,0.14,21.6,0.07,0.07,615.817,1776225166000
1776225167.952,167.952,0.87,33.0,0.86,21.6,0.94,43.43,0.95,54.7,0.06,43.43,0.05,54.7,0.13,33.0,0.14,21.6,0.07,0.07,615.817,1776225167000
1776225169.058,169.058,0.87,33.0,0.86,21.6,0.94,43.43,0.95,54.7,0.06,43.43,0.05,54.7,0.13,33.0,0.14,21.6,0.07,0.07,615.817,1776225168000
1776225170.271,170.271,0.87,33.0,0.86,21.6,0.94,43.43,0.95,54.7,0.06,43.43,0.05,54.7,0.13,33.0,0.14,21.6,0.07,0.07,615.815,1776225169000
1776225171.367,171.367,0.87,33.0,0.86,21.6,0.94,43.43,0.95,54.7,0.06,43.43,0.05,54.7,0.13,33.0,0.14,21.6,0.07,0.07,615.815,1776225170000
1776225171.991,171.991,0.87,33.0,0.86,21.6,0.94,43.43,0.95,54.7,0.06,43.43,0.05,54.7,0.13,33.0,0.14,21.6,0.07,0.07,615.815,1776225171000
1776225172.995,172.995,0.87,33.0,0.86,21.6,0.94,43.43,0.95,54.7,0.06,43.43,0.05,54.7,0.13,33.0,0.14,21.6,0.07,0.07,615.813,1776225172000
1776225174.164,174.164,0.87,33.0,0.86,21.6,0.94,43.43,0.95,54.7,0.06,43.43,0.05,54.7,0.13,33.0,0.14,21.6,0.07,0.07,615.813,1776225173000
1776225175.188,175.188,0.87,33.0,0.86,21.6,0.94,43.43,0.95,54.7,0.06,43.43,0.05,54.7,0.13,33.0,0.14,21.6,0.07,0.07,615.807,1776225174000
1776225176.26,176.26,0.87,33.0,0.86,21.6,0.94,43.43,0.95,54.7,0.06,43.43,0.05,54.7,0.13,33.0,0.14,21.6,0.07,0.07,615.807,1776225175000
1776225177.354,177.354,0.87,33.0,0.86,21.6,0.94,43.43,0.95,54.7,0.06,43.43,0.05,54.7,0.13,33.0,0.14,21.6,0.07,0.07,615.814,1776225176000
1776225178.453,178.453,0.87,33.0,0.86,21.6,0.94,43.43,0.95,54.7,0.06,43.43,0.05,54.7,0.13,33.0,0.14,21.6,0.07,0.07,615.816,1776225177000
1776225179.024,179.024,0.87,33.0,0.86,21.6,0.94,43.43,0.95,54.7,0.06,43.43,0.05,54.7,0.13,33.0,0.14,21.6,0.07,0.07,615.816,1776225178000
1776225180.032,180.032,0.87,33.0,0.86,21.6,0.94,43.43,0.95,54.7,0.06,43.43,0.05,54.7,0.13,33.0,0.14,21.6,0.07,0.07,615.819,1776225179000
1776225181.604,181.604,0.87,33.0,0.86,21.6,0.94,43.43,0.95,54.7,0.06,43.43,0.05,54.7,0.13,33.0,0.14,21.6,0.07,0.07,615.815,1776225180000
1776225182.103,182.103,0.87,33.0,0.86,21.6,0.94,43.43,0.95,54.7,0.06,43.43,0.05,54.7,0.13,33.0,0.14,21.6,0.07,0.07,615.852,1776225181000
1776225183.105,183.105,0.87,33.0,0.86,21.6,0.94,43.43,0.95,54.7,0.06,43.43,0.05,54.7,0.13,33.0,0.14,21.6,0.07,0.07,615.862081,1776225182000
1776225184.248,184.248,0.87,33.0,0.86,21.6,0.94,43.43,0.95,54.7,0.06,43.43,0.05,54.7,0.13,33.0,0.14,21.6,0.07,0.07,615.860823,1776225183000
1776225185.168,185.168,0.87,33.0,0.86,21.6,0.94,43.43,0.95,54.7,0.06,43.43,0.05,54.7,0.13,33.0,0.14,21.6,0.07,0.07,615.845594,1776225184000
1776225186.201,186.201,0.87,33.0,0.86,21.6,0.94,43.43,0.95,54.7,0.06,43.43,0.05,54.7,0.13,33.0,0.14,21.6,0.07,0.07,615.857645,1776225185000
1776225187.147,187.147,0.87,33.0,0.86,21.6,0.94,43.43,0.95,54.7,0.06,43.43,0.05,54.7,0.13,33.0,0.14,21.6,0.07,0.07,615.867414,1776225186000
1776225188.252,188.252,0.87,33.0,0.86,21.6,0.94,43.43,0.95,54.7,0.06,43.43,0.05,54.7,0.13,33.0,0.14,21.6,0.07,0.07,615.857645,1776225187000
1776225189.237,189.237,0.87,33.0,0.86,21.6,0.94,43.43,0.95,54.7,0.06,43.43,0.05,54.7,0.13,33.0,0.14,21.6,0.07,0.07,615.852101,1776225188000
1776225190.287,190.287,0.87,33.0,0.86,21.6,0.94,43.43,0.95,54.7,0.06,43.43,0.05,54.7,0.13,33.0,0.14,21.6,0.07,0.07,615.86019,1776225189000
1776225191.334,191.334,0.87,33.0,0.86,21.6,0.94,43.43,0.95,54.7,0.06,43.43,0.05,54.7,0.13,33.0,0.14,21.6,0.07,0.07,615.859699,1776225190000
1776225191.821,191.821,0.87,33.0,0.86,21.6,0.94,43.43,0.95,54.7,0.06,43.43,0.05,54.7,0.13,33.0,0.14,21.6,0.07,0.07,615.853627,1776225191000
1776225192.856,192.856,0.87,33.0,0.86,21.6,0.94,43.43,0.95,54.7,0.06,43.43,0.05,54.7,0.13,33.0,0.14,21.6,0.07,0.07,615.853667,1776225192000
1776225193.846,193.846,0.87,33.0,0.86,21.6,0.94,43.43,0.95,54.7,0.06,43.43,0.05,54.7,0.13,33.0,0.14,21.6,0.07,0.07,615.85458,1776225193000
1776225195.371,195.371,0.87,33.0,0.86,21.6,0.94,43.43,0.95,54.7,0.06,43.43,0.05,54.7,0.13,33.0,0.14,21.6,0.07,0.07,615.871646,1776225194000
1776225195.836,195.836,0.87,33.0,0.86,21.6,0.94,43.43,0.95,54.7,0.06,43.43,0.05,54.7,0.13,33.0,0.14,21.6,0.07,0.07,615.871647,1776225195000
1776225197.018,197.018,0.87,33.0,0.86,21.6,0.94,43.43,0.95,54.7,0.06,43.43,0.05,54.7,0.13,33.0,0.14,21.6,0.07,0.07,615.872416,1776225196000
1776225198.125,198.125,0.87,33.0,0.86,21.6,0.94,43.43,0.95,54.7,0.06,43.43,0.05,54.7,0.13,33.0,0.14,21.6,0.07,0.07,615.87157,1776225197000
1776225199.117,199.117,0.87,33.0,0.86,21.6,0.94,43.43,0.95,54.7,0.06,43.43,0.05,54.7,0.13,33.0,0.14,21.6,0.07,0.07,615.930345,1776225198000
1776225200.114,200.114,0.95,54.7,0.94,46.1,0.98,127.69,0.99,712.6,0.02,127.69,0.01,712.6,0.05,54.7,0.06,46.1,0.03,0.03,615.934,1776225199000
1776225201.706,201.706,0.95,54.7,0.94,46.1,0.98,127.69,0.99,712.6,0.02,127.69,0.01,712.6,0.05,54.7,0.06,46.1,0.03,0.03,615.929715,1776225200000
1776225202.32,202.32,0.95,54.7,0.94,46.1,0.98,127.69,0.99,712.6,0.02,127.69,0.01,712.6,0.05,54.7,0.06,46.1,0.03,0.03,615.937046,1776225201000
1776225203.003,203.003,0.95,54.7,0.94,46.1,0.98,127.69,0.99,712.6,0.02,127.69,0.01,712.6,0.05,54.7,0.06,46.1,0.03,0.03,615.937052,1776225202000
1776225204.16,204.16,0.95,54.7,0.94,46.1,0.98,127.69,0.99,712.6,0.02,127.69,0.01,712.6,0.05,54.7,0.06,46.1,0.03,0.03,615.935321,1776225203000
1776225205.127,205.127,0.95,54.7,0.94,46.1,0.98,127.69,0.99,712.6,0.02,127.69,0.01,712.6,0.05,54.7,0.06,46.1,0.03,0.03,615.917662,1776225204000
1776225206.304,206.304,0.95,54.7,0.94,46.1,0.98,127.69,0.99,712.6,0.02,127.69,0.01,712.6,0.05,54.7,0.06,46.1,0.03,0.03,615.916723,1776225205000
1776225207.434,207.434,0.95,54.7,0.94,46.1,0.98,127.69,0.99,712.6,0.02,127.69,0.01,712.6,0.05,54.7,0.06,46.1,0.03,0.03,615.925925,1776225206000
1776225207.963,207.963,0.95,54.7,0.94,46.1,0.98,127.69,0.99,712.6,0.02,127.69,0.01,712.6,0.05,54.7,0.06,46.1,0.03,0.03,615.925925,1776225207000
1776225209.633,209.633,0.95,54.7,0.94,46.1,0.98,127.69,0.99,712.6,0.02,127.69,0.01,712.6,0.05,54.7,0.06,46.1,0.03,0.03,615.935136,1776225208000
1776225210.095,210.095,0.95,54.7,0.94,46.1,0.98,127.69,0.99,712.6,0.02,127.69,0.01,712.6,0.05,54.7,0.06,46.1,0.03,0.03,615.935185,1776225209000
1776225211.164,211.164,0.95,54.7,0.94,46.1,0.98,127.69,0.99,712.6,0.02,127.69,0.01,712.6,0.05,54.7,0.06,46.1,0.03,0.03,615.935116,1776225210000
1776225212.236,212.236,0.95,54.7,0.94,46.1,0.98,127.69,0.99,712.6,0.02,127.69,0.01,712.6,0.05,54.7,0.06,46.1,0.03,0.03,615.928556,1776225211000
1776225213.062,213.062,0.95,54.7,0.94,46.1,0.98,127.69,0.99,712.6,0.02,127.69,0.01,712.6,0.05,54.7,0.06,46.1,0.03,0.03,615.928617,1776225212000
1776225214.131,214.131,0.95,54.7,0.94,46.1,0.98,127.69,0.99,712.6,0.02,127.69,0.01,712.6,0.05,54.7,0.06,46.1,0.03,0.03,615.926916,1776225213000
1776225215.15,215.15,0.95,54.7,0.94,46.1,0.98,127.69,0.99,712.6,0.02,127.69,0.01,712.6,0.05,54.7,0.06,46.1,0.03,0.03,615.927742,1776225214000
1776225216.105,216.105,0.95,54.7,0.94,46.1,0.98,127.69,0.99,712.6,0.02,127.69,0.01,712.6,0.05,54.7,0.06,46.1,0.03,0.03,615.928144,1776225215000
1776225217.079,217.079,0.95,54.7,0.94,46.1,0.98,127.69,0.99,712.6,0.02,127.69,0.01,712.6,0.05,54.7,0.06,46.1,0.03,0.03,615.931987,1776225216000
1776225218.063,218.063,0.95,54.7,0.94,46.1,0.98,127.69,0.99,712.6,0.02,127.69,0.01,712.6,0.05,54.7,0.06,46.1,0.03,0.03,615.938798,1776225217000
1776225219.11,219.11,0.95,54.7,0.94,46.1,0.98,127.69,0.99,712.6,0.02,127.69,0.01,712.6,0.05,54.7,0.06,46.1,0.03,0.03,615.94184,1776225218000
1776225220.177,220.177,0.95,54.7,0.94,46.1,0.98,127.69,0.99,712.6,0.02,127.69,0.01,712.6,0.05,54.7,0.06,46.1,0.03,0.03,615.941876,1776225219000
1776225221.231,221.231,0.95,54.7,0.94,46.1,0.98,127.69,0.99,712.6,0.02,127.69,0.01,712.6,0.05,54.7,0.06,46.1,0.03,0.03,615.931396,1776225220000
1776225222.734,222.734,0.84,19.3,0.83,18.39,0.95,54.7,0.96,67.7,0.05,54.7,0.04,67.7,0.16,19.3,0.17,18.39,0.11,0.11,615.819325,1776225221000
1776225223.248,223.248,0.84,19.3,0.83,18.39,0.95,54.7,0.96,67.7,0.05,54.7,0.04,67.7,0.16,19.3,0.17,18.39,0.11,0.11,615.81638,1776225222000
1776225224.32,224.32,0.84,19.3,0.83,18.39,0.95,54.7,0.96,67.7,0.05,54.7,0.04,67.7,0.16,19.3,0.17,18.39,0.11,0.11,615.813988,1776225223000
1776225224.995,224.995,0.84,19.3,0.83,18.39,0.95,54.7,0.96,67.7,0.05,54.7,0.04,67.7,0.16,19.3,0.17,18.39,0.11,0.11,615.815181,1776225224000
1776225226.043,226.043,0.84,19.3,0.83,18.39,0.95,54.7,0.96,67.7,0.05,54.7,0.04,67.7,0.16,19.3,0.17,18.39,0.11,0.11,615.804262,1776225225000
1776225227.112,227.112,0.84,19.3,0.83,18.39,0.95,54.7,0.96,67.7,0.05,54.7,0.04,67.7,0.16,19.3,0.17,18.39,0.11,0.11,615.804262,1776225226000
1776225228.129,228.129,0.84,19.3,0.83,18.39,0.95,54.7,0.96,67.7,0.05,54.7,0.04,67.7,0.16,19.3,0.17,18.39,0.11,0.11,615.808614,1776225227000
1776225229.247,229.247,0.84,19.3,0.83,18.39,0.95,54.7,0.96,67.7,0.05,54.7,0.04,67.7,0.16,19.3,0.17,18.39,0.11,0.11,615.822332,1776225228000
1776225230.324,230.324,0.84,19.3,0.83,18.39,0.95,54.7,0.96,67.7,0.05,54.7,0.04,67.7,0.16,19.3,0.17,18.39,0.11,0.11,615.819466,1776225229000
1776225230.802,230.802,0.84,19.3,0.83,18.39,0.95,54.7,0.96,67.7,0.05,54.7,0.04,67.7,0.16,19.3,0.17,18.39,0.11,0.11,615.819466,1776225230000
1776225231.165,231.165,0.89,26.6,0.88,24.6,0.95,49.43,0.96,67.7,0.05,54.7,0.04,67.7,0.16,19.3,0.17,18.39,0.06,0.11,615.819466,1776225230000
1776225231.943,231.943,0.89,26.6,0.88,24.6,0.95,49.43,0.96,67.7,0.05,49.43,0.04,67.7,0.11,26.6,0.12,24.6,0.06,0.06,615.818704,1776225231000
1776225233.17,233.17,0.89,26.6,0.88,24.6,0.95,49.43,0.96,67.7,0.05,49.43,0.04,67.7,0.11,26.6,0.12,24.6,0.06,0.06,615.793751,1776225232000
1776225234.544,234.544,0.89,26.6,0.88,24.6,0.95,49.43,0.96,67.7,0.05,49.43,0.04,67.7,0.11,26.6,0.12,24.6,0.06,0.06,615.805916,1776225233000
1776225235.147,235.147,0.89,26.6,0.88,24.6,0.95,49.43,0.96,67.7,0.05,49.43,0.04,67.7,0.11,26.6,0.12,24.6,0.06,0.06,615.803197,1776225234000
1776225236.207,236.207,0.89,26.6,0.88,24.6,0.95,49.43,0.96,67.7,0.05,49.43,0.04,67.7,0.11,26.6,0.12,24.6,0.06,0.06,615.82251,1776225235000
1776225237.298,237.298,0.89,26.6,0.88,24.6,0.95,49.43,0.96,67.7,0.05,49.43,0.04,67.7,0.11,26.6,0.12,24.6,0.06,0.06,615.812615,1776225236000
1776225238.716,238.716,0.89,26.6,0.88,24.6,0.95,49.43,0.96,67.7,0.05,49.43,0.04,67.7,0.11,26.6,0.12,24.6,0.06,0.06,615.812635,1776225237000
1776225239.267,239.267,0.89,26.6,0.88,24.6,0.95,49.43,0.96,67.7,0.05,49.43,0.04,67.7,0.11,26.6,0.12,24.6,0.06,0.06,615.81575,1776225238000
1776225239.964,239.964,0.89,26.6,0.88,24.6,0.95,49.43,0.96,67.7,0.05,49.43,0.04,67.7,0.11,26.6,0.12,24.6,0.06,0.06,615.8154,1776225239000
1776225240.182,240.182,0.96,45.33,0.95,54.7,0.98,137.69,0.99,712.6,0.05,49.43,0.04,67.7,0.11,26.6,0.12,24.6,0.02,0.06,615.8154,1776225239000
1776225241.26,241.26,0.96,45.33,0.95,54.7,0.98,137.69,0.99,712.6,0.02,137.69,0.01,712.6,0.04,45.33,0.05,54.7,0.02,0.02,615.81601,1776225240000
1776225242.848,242.848,0.96,45.33,0.95,54.7,0.98,137.69,0.99,712.6,0.02,137.69,0.01,712.6,0.04,45.33,0.05,54.7,0.02,0.02,615.831755,1776225241000
1776225243.556,243.556,0.96,45.33,0.95,54.7,0.98,137.69,0.99,712.6,0.02,137.69,0.01,712.6,0.04,45.33,0.05,54.7,0.02,0.02,615.836807,1776225242000
1776225244.401,244.401,0.96,45.33,0.95,54.7,0.98,137.69,0.99,712.6,0.02,137.69,0.01,712.6,0.04,45.33,0.05,54.7,0.02,0.02,615.834218,1776225243000
1776225245.104,245.104,0.96,45.33,0.95,54.7,0.98,137.69,0.99,712.6,0.02,137.69,0.01,712.6,0.04,45.33,0.05,54.7,0.02,0.02,615.838886,1776225244000
1776225245.478,245.478,0.96,45.33,0.95,54.7,0.99,712.6,,,0.02,137.69,0.01,712.6,0.04,45.33,0.05,54.7,0.03,0.02,615.838886,1776225244000
1776225246.423,246.423,0.96,45.33,0.95,54.7,0.99,712.6,,,0.01,712.6,,,0.04,45.33,0.05,54.7,0.03,0.03,615.831093,1776225245000
1776225247.081,247.081,0.96,45.33,0.95,54.7,0.99,712.6,,,0.01,712.6,,,0.04,45.33,0.05,54.7,0.03,0.03,615.826824,1776225246000
1776225248.552,248.552,0.96,45.33,0.95,54.7,0.99,712.6,,,0.01,712.6,,,0.04,45.33,0.05,54.7,0.03,0.03,615.82699,1776225247000
1776225249.476,249.476,0.96,45.33,0.95,54.7,0.99,712.6,,,0.01,712.6,,,0.04,45.33,0.05,54.7,0.03,0.03,615.825681,1776225248000
1776225250.15,250.15,0.96,45.33,0.95,54.7,0.99,712.6,,,0.01,712.6,,,0.04,45.33,0.05,54.7,0.03,0.03,615.835063,1776225249000
1776225251.476,251.476,0.96,45.33,0.95,54.7,0.99,712.6,,,0.01,712.6,,,0.04,45.33,0.05,54.7,0.03,0.03,615.835063,1776225249000
1776225252.12,252.12,0.96,45.33,0.95,54.7,0.99,712.6,,,0.01,712.6,,,0.04,45.33,0.05,54.7,0.03,0.03,615.847873,1776225251000
1776225253.507,253.507,0.96,45.33,0.95,54.7,0.99,712.6,,,0.01,712.6,,,0.04,45.33,0.05,54.7,0.03,0.03,615.850296,1776225252000
1776225254.073,254.073,0.96,45.33,0.95,54.7,0.99,712.6,,,0.01,712.6,,,0.04,45.33,0.05,54.7,0.03,0.03,615.85091,1776225253000
1776225255.128,255.128,0.96,45.33,0.95,54.7,0.99,712.6,,,0.01,712.6,,,0.04,45.33,0.05,54.7,0.03,0.03,615.89,1776225254000
1776225256.188,256.188,0.96,45.33,0.95,54.7,0.99,712.6,,,0.01,712.6,,,0.04,45.33,0.05,54.7,0.03,0.03,615.926,1776225255000
1776225257.178,257.178,0.96,45.33,0.95,54.7,0.99,712.6,,,0.01,712.6,,,0.04,45.33,0.05,54.7,0.03,0.03,615.95593,1776225256000
1776225258.343,258.343,0.96,45.33,0.95,54.7,0.99,712.6,,,0.01,712.6,,,0.04,45.33,0.05,54.7,0.03,0.03,615.94259,1776225257000
1776225259.33,259.33,0.96,45.33,0.95,54.7,0.99,712.6,,,0.01,712.6,,,0.04,45.33,0.05,54.7,0.03,0.03,615.936633,1776225258000
1776225260.316,260.316,0.96,45.33,0.95,54.7,0.99,712.6,,,0.01,712.6,,,0.04,45.33,0.05,54.7,0.03,0.03,615.939084,1776225259000
1776225260.908,260.908,0.96,45.33,0.95,54.7,0.99,712.6,,,0.01,712.6,,,0.04,45.33,0.05,54.7,0.03,0.03,615.939084,1776225260000
1776225261.972,261.972,0.96,45.33,0.95,54.7,0.99,712.6,,,0.01,712.6,,,0.04,45.33,0.05,54.7,0.03,0.03,615.938046,1776225261000
1776225263.011,263.011,0.96,45.33,0.95,54.7,0.99,712.6,,,0.01,712.6,,,0.04,45.33,0.05,54.7,0.03,0.03,615.951461,1776225262000
1776225264.089,264.089,0.96,45.33,0.95,54.7,0.99,712.6,,,0.01,712.6,,,0.04,45.33,0.05,54.7,0.03,0.03,615.943286,1776225263000
1776225265.243,265.243,0.96,45.33,0.95,54.7,0.99,712.6,,,0.01,712.6,,,0.04,45.33,0.05,54.7,0.03,0.03,615.94416,1776225264000
1776225265.974,265.974,0.98,137.69,0.97,89.3,0.99,232.0,,,0.01,712.6,,,0.04,45.33,0.05,54.7,0.01,0.03,615.94416,1776225264000
1776225266.289,266.289,0.98,137.69,0.97,89.3,0.99,232.0,,,0.01,232.0,,,0.02,137.69,0.03,89.3,0.01,0.01,615.944912,1776225265000
1776225266.901,266.901,0.98,137.69,0.97,89.3,0.99,232.0,,,0.01,232.0,,,0.02,137.69,0.03,89.3,0.01,0.01,615.951725,1776225266000
1776225267.941,267.941,0.98,137.69,0.97,89.3,0.99,232.0,,,0.01,232.0,,,0.02,137.69,0.03,89.3,0.01,0.01,615.975856,1776225267000
1776225269.322,269.322,0.98,137.69,0.97,89.3,0.99,232.0,,,0.01,232.0,,,0.02,137.69,0.03,89.3,0.01,0.01,615.930075,1776225268000
1776225270.075,270.075,0.98,137.69,0.97,89.3,0.99,232.0,,,0.01,232.0,,,0.02,137.69,0.03,89.3,0.01,0.01,615.929528,1776225269000
1776225271.208,271.208,0.98,137.69,0.97,89.3,0.99,232.0,,,0.01,232.0,,,0.02,137.69,0.03,89.3,0.01,0.01,615.967572,1776225270000
1776225272.111,272.111,0.98,137.69,0.97,89.3,0.99,107.0,,,0.01,232.0,,,0.02,137.69,0.03,89.3,0.01,0.01,615.967572,1776225270000
1776225272.401,272.401,0.98,137.69,0.97,89.3,0.99,107.0,,,0.01,107.0,,,0.02,137.69,0.03,89.3,0.01,0.01,615.999,1776225271000
1776225273.178,273.178,0.98,137.69,0.97,89.3,0.99,107.0,,,0.01,107.0,,,0.02,137.69,0.03,89.3,0.01,0.01,615.9411,1776225272000
1776225273.561,273.561,0.98,137.69,0.97,89.3,0.99,101.0,,,0.01,107.0,,,0.02,137.69,0.03,89.3,0.01,0.01,615.9411,1776225272000
1776225273.892,273.892,0.98,137.69,0.97,89.3,0.99,101.0,,,0.01,101.0,,,0.02,137.69,0.03,89.3,0.01,0.01,615.934917,1776225273000
1776225275.485,275.485,0.98,137.69,0.97,89.3,0.99,101.0,,,0.01,101.0,,,0.02,137.69,0.03,89.3,0.01,0.01,615.977043,1776225274000
1776225276.289,276.289,0.98,137.69,0.97,89.3,0.99,101.0,,,0.01,101.0,,,0.02,137.69,0.03,89.3,0.01,0.01,615.986088,1776225275000
1776225277.201,277.201,0.98,137.69,0.97,89.3,0.99,101.0,,,0.01,101.0,,,0.02,137.69,0.03,89.3,0.01,0.01,615.999,1776225276000
1776225278.421,278.421,0.98,137.69,0.97,89.3,0.99,101.0,,,0.01,101.0,,,0.02,137.69,0.03,89.3,0.01,0.01,616.01408,1776225277000
1776225279.584,279.584,0.98,137.69,0.97,89.3,0.99,101.0,,,0.01,101.0,,,0.02,137.69,0.03,89.3,0.01,0.01,615.975919,1776225278000
1776225279.784,279.784,0.98,5.0,0.94,10.0,0.99,70.7,,,0.01,75.75,,,0.02,5.0,0.06,10.0,0.01,0.01,615.975919,1776225278000
1776225280.289,280.289,0.98,5.0,0.94,10.0,0.99,50.5,,,0.01,50.5,,,0.02,5.0,0.06,10.0,0.01,0.01,615.977181,1776225279000
1776225281.469,281.469,0.98,5.0,0.94,10.0,0.99,50.5,,,0.01,50.5,,,0.02,5.0,0.06,10.0,0.01,0.01,615.980781,1776225280000
1776225282.2,282.2,0.98,5.0,0.94,10.0,0.99,50.5,,,0.01,50.5,,,0.02,5.0,0.06,10.0,0.01,0.01,615.980744,1776225281000
1776225282.631,282.631,0.99,949.5,0.93,10.0,,,,,0.01,50.5,,,0.02,5.0,0.06,10.0,,0.01,615.980744,1776225281000
1776225283.302,283.302,0.99,949.5,0.93,10.0,,,,,,,,,0.01,949.5,0.07,10.0,,,615.943926,1776225282000
1776225283.898,283.898,0.99,949.5,0.93,10.0,,,,,,,,,0.01,949.5,0.07,10.0,,,615.943817,1776225283000
1776225285.243,285.243,0.99,959.51,0.93,10.0,,,,,,,,,0.01,959.51,0.07,10.0,,,615.98329,1776225284000
1776225286.852,286.852,0.99,959.51,0.93,10.0,,,,,,,,,0.01,959.51,0.07,10.0,,,615.980805,1776225285000
1776225287.341,287.341,0.99,959.51,0.93,10.0,,,,,,,,,0.01,959.51,0.07,10.0,,,615.981512,1776225286000
1776225288.448,288.448,0.99,959.51,0.93,10.0,,,,,,,,,0.01,959.51,0.07,10.0,,,615.983777,1776225287000
1776225288.924,288.924,0.99,959.51,0.93,10.0,,,,,,,,,0.01,959.51,0.07,10.0,,,615.98474,1776225288000
1776225289.938,289.938,0.99,959.51,0.93,10.0,,,,,,,,,0.01,959.51,0.07,10.0,,,615.995577,1776225289000
1776225291.003,291.003,0.99,959.51,0.93,10.0,,,,,,,,,0.01,959.51,0.07,10.0,,,615.997717,1776225290000
1776225292.139,292.139,0.99,959.51,0.93,10.0,,,,,,,,,0.01,959.51,0.07,10.0,,,615.995148,1776225291000
1776225293.273,293.273,0.99,959.51,0.93,10.0,,,,,,,,,0.01,959.51,0.07,10.0,,,615.993717,1776225292000
1776225294.329,294.329,0.99,959.51,0.93,10.0,,,,,,,,,0.01,959.51,0.07,10.0,,,615.991187,1776225293000
1776225294.912,294.912,0.99,959.51,0.93,10.0,,,,,,,,,0.01,959.51,0.07,10.0,,,615.991186,1776225294000
1776225295.951,295.951,0.99,959.51,0.93,10.0,,,,,,,,,0.01,959.51,0.07,10.0,,,615.953308,1776225295000
1776225297.105,297.105,0.99,959.51,0.93,10.0,,,,,,,,,0.01,959.51,0.07,10.0,,,615.97236,1776225296000
1776225298.159,298.159,0.99,959.51,0.93,10.0,,,,,,,,,0.01,959.51,0.07,10.0,,,615.971443,1776225297000
1776225299.154,299.154,0.99,959.51,0.93,10.0,,,,,,,,,0.01,959.51,0.07,10.0,,,615.94434,1776225298000
1776225300.821,300.821,0.99,959.51,0.93,10.0,,,,,,,,,0.01,959.51,0.07,10.0,,,615.913356,1776225299000

# RESULT,winner=Up,slug=bnb-updown-5m-1776225000,ticks=311
