timestamp,elapsed_sec,up_bid_p1,up_bid_s1,up_bid_p2,up_bid_s2,up_bid_p3,up_bid_s3,up_bid_p4,up_bid_s4,up_bid_p5,up_bid_s5,up_ask_p1,up_ask_s1,up_ask_p2,up_ask_s2,up_ask_p3,up_ask_s3,up_ask_p4,up_ask_s4,up_ask_p5,up_ask_s5,down_bid_p1,down_bid_s1,down_bid_p2,down_bid_s2,down_bid_p3,down_bid_s3,down_bid_p4,down_bid_s4,down_bid_p5,down_bid_s5,down_ask_p1,down_ask_s1,down_ask_p2,down_ask_s2,down_ask_p3,down_ask_s3,down_ask_p4,down_ask_s4,down_ask_p5,down_ask_s5,up_spread,down_spread,bnb_price,bnb_oracle_ts
1776168001.319,1.319,0.41,13.0,0.4,8.0,0.39,8.0,0.38,8.0,0.37,189.0,0.59,13.0,0.6,8.0,0.61,8.0,0.62,8.0,0.63,189.0,0.41,13.0,0.4,8.0,0.39,8.0,0.38,8.0,0.37,189.0,0.59,13.0,0.6,8.0,0.61,8.0,0.62,8.0,0.63,189.0,0.18,0.18,616.65604,1776168000000
1776168002.445,2.445,0.41,13.0,0.4,8.0,0.39,8.0,0.38,8.0,0.37,189.0,0.59,13.0,0.6,8.0,0.61,8.0,0.62,8.0,0.63,189.0,0.41,13.0,0.4,8.0,0.39,8.0,0.38,8.0,0.37,189.0,0.59,13.0,0.6,8.0,0.61,8.0,0.62,8.0,0.63,189.0,0.18,0.18,616.66201,1776168001000
1776168002.977,2.977,0.41,13.0,0.4,8.0,0.39,8.0,0.38,8.0,0.37,189.0,0.59,13.0,0.6,8.0,0.61,8.0,0.62,8.0,0.63,189.0,0.41,13.0,0.4,8.0,0.39,8.0,0.38,8.0,0.37,189.0,0.59,13.0,0.6,8.0,0.61,8.0,0.62,8.0,0.63,189.0,0.18,0.18,616.679764,1776168002000
1776168003.9,3.9,0.41,13.0,0.4,8.0,0.39,8.0,0.38,8.0,0.37,189.0,0.59,13.0,0.6,8.0,0.61,8.0,0.62,8.0,0.63,189.0,0.41,13.0,0.4,8.0,0.39,8.0,0.38,8.0,0.37,189.0,0.59,13.0,0.6,8.0,0.61,8.0,0.62,8.0,0.63,189.0,0.18,0.18,616.67938,1776168003000
1776168005.313,5.313,0.41,13.0,0.4,8.0,0.39,8.0,0.38,8.0,0.37,189.0,0.59,13.0,0.6,8.0,0.61,8.0,0.62,8.0,0.63,189.0,0.41,13.0,0.4,8.0,0.39,8.0,0.38,8.0,0.37,189.0,0.59,13.0,0.6,8.0,0.61,8.0,0.62,8.0,0.63,189.0,0.18,0.18,616.668736,1776168004000
1776168006.478,6.478,0.41,13.0,0.4,8.0,0.39,8.0,0.38,8.0,0.37,189.0,0.59,13.0,0.6,8.0,0.61,8.0,0.62,8.0,0.63,189.0,0.41,13.0,0.4,8.0,0.39,8.0,0.38,8.0,0.37,189.0,0.59,13.0,0.6,8.0,0.61,8.0,0.62,8.0,0.63,189.0,0.18,0.18,616.69604,1776168005000
1776168007.123,7.123,0.41,13.0,0.4,8.0,0.39,8.0,0.38,8.0,0.37,189.0,0.59,13.0,0.6,8.0,0.61,8.0,0.62,8.0,0.63,189.0,0.41,13.0,0.4,8.0,0.39,8.0,0.38,8.0,0.37,189.0,0.59,13.0,0.6,8.0,0.61,8.0,0.62,8.0,0.63,189.0,0.18,0.18,616.69604,1776168006000
1776168008.211,8.211,0.41,13.0,0.4,8.0,0.39,8.0,0.38,8.0,0.37,189.0,0.59,13.0,0.6,8.0,0.61,8.0,0.62,8.0,0.63,189.0,0.41,13.0,0.4,8.0,0.39,8.0,0.38,8.0,0.37,189.0,0.59,13.0,0.6,8.0,0.61,8.0,0.62,8.0,0.63,189.0,0.18,0.18,616.710851,1776168007000
1776168009.334,9.334,0.53,2.87,0.52,5.0,0.41,12.0,0.31,50.0,0.21,800.0,0.61,50.0,0.62,13.0,0.63,5.0,0.65,5.0,0.71,50.0,0.41,13.0,0.4,8.0,0.39,8.0,0.38,8.0,0.37,189.0,0.59,13.0,0.6,8.0,0.61,8.0,0.62,8.0,0.63,189.0,0.08,0.18,616.710851,1776168007000
1776168010.419,10.419,0.53,2.87,0.52,5.0,0.41,12.0,0.31,50.0,0.21,800.0,0.61,50.0,0.62,13.0,0.63,5.0,0.65,5.0,0.71,50.0,0.39,50.0,0.38,13.0,0.37,5.0,0.35,5.0,0.29,50.0,0.47,2.87,0.48,5.0,0.59,12.0,0.69,50.0,0.79,800.0,0.08,0.08,616.73551,1776168009000
1776168010.949,10.949,0.53,2.87,0.52,5.0,0.41,12.0,0.31,50.0,0.21,800.0,0.61,50.0,0.62,13.0,0.63,5.0,0.65,5.0,0.71,50.0,0.39,50.0,0.38,13.0,0.37,5.0,0.35,5.0,0.29,50.0,0.47,2.87,0.48,5.0,0.59,12.0,0.69,50.0,0.79,800.0,0.08,0.08,616.73103,1776168010000
1776168012.038,12.038,0.53,2.87,0.52,5.0,0.41,12.0,0.31,50.0,0.21,800.0,0.61,50.0,0.62,13.0,0.63,5.0,0.65,5.0,0.71,50.0,0.39,50.0,0.38,13.0,0.37,5.0,0.35,5.0,0.29,50.0,0.47,2.87,0.48,5.0,0.59,12.0,0.69,50.0,0.79,800.0,0.08,0.08,616.72796,1776168011000
1776168013.139,13.139,0.53,2.87,0.52,5.0,0.41,12.0,0.31,50.0,0.21,800.0,0.61,50.0,0.62,13.0,0.63,5.0,0.65,5.0,0.71,50.0,0.39,50.0,0.38,13.0,0.37,5.0,0.35,5.0,0.29,50.0,0.47,2.87,0.48,5.0,0.59,12.0,0.69,50.0,0.79,800.0,0.08,0.08,616.71667,1776168012000
1776168014.197,14.197,0.53,2.87,0.52,5.0,0.41,12.0,0.31,50.0,0.21,800.0,0.61,50.0,0.62,13.0,0.63,5.0,0.65,5.0,0.71,50.0,0.39,50.0,0.38,13.0,0.37,5.0,0.35,5.0,0.29,50.0,0.47,2.87,0.48,5.0,0.59,12.0,0.69,50.0,0.79,800.0,0.08,0.08,616.735961,1776168013000
1776168015.495,15.495,0.53,2.87,0.52,5.0,0.41,12.0,0.31,50.0,0.21,800.0,0.61,50.0,0.62,13.0,0.63,5.0,0.65,5.0,0.71,50.0,0.39,50.0,0.38,13.0,0.37,5.0,0.35,5.0,0.29,50.0,0.47,2.87,0.48,5.0,0.59,12.0,0.69,50.0,0.79,800.0,0.08,0.08,616.73193,1776168014000
1776168016.082,16.082,0.53,2.87,0.52,5.0,0.41,12.0,0.31,50.0,0.21,800.0,0.61,50.0,0.62,13.0,0.63,5.0,0.65,5.0,0.71,50.0,0.39,50.0,0.38,13.0,0.37,5.0,0.35,5.0,0.29,50.0,0.47,2.87,0.48,5.0,0.59,12.0,0.69,50.0,0.79,800.0,0.08,0.08,616.73193,1776168015000
1776168017.276,17.276,0.53,2.87,0.52,5.0,0.41,12.0,0.31,50.0,0.21,800.0,0.61,50.0,0.62,13.0,0.63,5.0,0.65,5.0,0.71,50.0,0.39,50.0,0.38,13.0,0.37,5.0,0.35,5.0,0.29,50.0,0.47,2.87,0.48,5.0,0.59,12.0,0.69,50.0,0.79,800.0,0.08,0.08,616.71337,1776168016000
1776168017.939,17.939,0.53,2.87,0.52,5.0,0.41,12.0,0.31,50.0,0.21,800.0,0.61,50.0,0.62,13.0,0.63,5.0,0.65,5.0,0.71,50.0,0.39,50.0,0.38,13.0,0.37,5.0,0.35,5.0,0.29,50.0,0.47,2.87,0.48,5.0,0.59,12.0,0.69,50.0,0.79,800.0,0.08,0.08,616.714842,1776168017000
1776168019.19,19.19,0.53,2.87,0.52,5.0,0.41,12.0,0.31,50.0,0.21,800.0,0.61,50.0,0.62,13.0,0.63,5.0,0.65,5.0,0.71,50.0,0.39,50.0,0.38,13.0,0.37,5.0,0.35,5.0,0.29,50.0,0.47,2.87,0.48,5.0,0.59,12.0,0.69,50.0,0.79,800.0,0.08,0.08,616.70407,1776168018000
1776168021.217,21.217,0.53,2.87,0.52,5.0,0.41,12.0,0.31,50.0,0.21,800.0,0.61,50.0,0.62,13.0,0.63,5.0,0.65,5.0,0.71,50.0,0.39,50.0,0.38,13.0,0.37,5.0,0.35,5.0,0.29,50.0,0.47,2.87,0.48,5.0,0.59,12.0,0.69,50.0,0.79,800.0,0.08,0.08,616.70927,1776168019000
1776168021.793,21.793,0.53,2.87,0.52,5.0,0.41,12.0,0.31,50.0,0.21,800.0,0.61,50.0,0.62,13.0,0.63,5.0,0.65,5.0,0.71,50.0,0.39,50.0,0.38,13.0,0.37,5.0,0.35,5.0,0.29,50.0,0.47,2.87,0.48,5.0,0.59,12.0,0.69,50.0,0.79,800.0,0.08,0.08,616.72764,1776168020000
1776168022.411,22.411,0.53,2.87,0.52,5.0,0.41,12.0,0.31,50.0,0.21,800.0,0.61,50.0,0.62,13.0,0.63,5.0,0.65,5.0,0.71,50.0,0.39,50.0,0.38,13.0,0.37,5.0,0.35,5.0,0.29,50.0,0.47,2.87,0.48,5.0,0.59,12.0,0.69,50.0,0.79,800.0,0.08,0.08,616.72734,1776168021000
1776168022.974,22.974,0.53,2.87,0.52,5.0,0.41,12.0,0.31,50.0,0.21,800.0,0.61,50.0,0.62,13.0,0.63,5.0,0.65,5.0,0.71,50.0,0.39,50.0,0.38,13.0,0.37,5.0,0.35,5.0,0.29,50.0,0.47,2.87,0.48,5.0,0.59,12.0,0.69,50.0,0.79,800.0,0.08,0.08,616.714396,1776168022000
1776168024.154,24.154,0.55,5.0,0.54,5.0,0.49,5.0,0.48,5.0,0.47,5.0,0.6,5.0,0.61,50.0,0.63,13.0,0.66,5.0,0.67,5.0,0.39,50.0,0.38,13.0,0.37,5.0,0.35,5.0,0.29,50.0,0.47,2.87,0.48,5.0,0.59,12.0,0.69,50.0,0.79,800.0,0.05,0.08,616.714396,1776168022000
1776168024.371,24.371,0.55,5.0,0.54,5.0,0.49,5.0,0.48,5.0,0.47,5.0,0.6,5.0,0.61,50.0,0.63,13.0,0.66,5.0,0.67,5.0,0.4,5.0,0.39,50.0,0.37,13.0,0.34,5.0,0.33,5.0,0.45,5.0,0.46,5.0,0.51,5.0,0.52,5.0,0.53,5.0,0.05,0.05,616.725968,1776168023000
1776168024.935,24.935,0.55,5.0,0.54,5.0,0.49,5.0,0.48,5.0,0.47,5.0,0.6,5.0,0.61,50.0,0.63,13.0,0.66,5.0,0.67,5.0,0.4,5.0,0.39,50.0,0.37,13.0,0.34,5.0,0.33,5.0,0.45,5.0,0.46,5.0,0.51,5.0,0.52,5.0,0.53,5.0,0.05,0.05,616.72423,1776168024000
1776168026.176,26.176,0.55,5.0,0.54,5.0,0.49,5.0,0.48,5.0,0.47,5.0,0.6,5.0,0.61,50.0,0.63,13.0,0.66,5.0,0.67,5.0,0.4,5.0,0.39,50.0,0.37,13.0,0.34,5.0,0.33,5.0,0.45,5.0,0.46,5.0,0.51,5.0,0.52,5.0,0.53,5.0,0.05,0.05,616.73079,1776168025000
1776168027.396,27.396,0.55,5.0,0.54,5.0,0.49,5.0,0.48,5.0,0.47,5.0,0.6,5.0,0.61,50.0,0.63,13.0,0.66,5.0,0.67,5.0,0.4,5.0,0.39,50.0,0.37,13.0,0.34,5.0,0.33,5.0,0.45,5.0,0.46,5.0,0.51,5.0,0.52,5.0,0.53,5.0,0.05,0.05,616.699493,1776168026000
1776168027.88,27.88,0.55,5.0,0.54,5.0,0.49,5.0,0.48,5.0,0.47,5.0,0.6,5.0,0.61,50.0,0.63,13.0,0.66,5.0,0.67,5.0,0.4,5.0,0.39,50.0,0.37,13.0,0.34,5.0,0.33,5.0,0.45,5.0,0.46,5.0,0.51,5.0,0.52,5.0,0.53,5.0,0.05,0.05,616.67963,1776168027000
1776168029.257,29.257,0.55,5.0,0.54,5.0,0.49,5.0,0.48,5.0,0.47,5.0,0.6,5.0,0.61,50.0,0.63,13.0,0.66,5.0,0.67,5.0,0.4,5.0,0.39,50.0,0.37,13.0,0.34,5.0,0.33,5.0,0.45,5.0,0.46,5.0,0.51,5.0,0.52,5.0,0.53,5.0,0.05,0.05,616.70704,1776168028000
1776168030.287,30.287,0.55,5.0,0.54,5.0,0.49,5.0,0.48,5.0,0.47,5.0,0.6,5.0,0.61,50.0,0.63,13.0,0.66,5.0,0.67,5.0,0.4,5.0,0.39,50.0,0.37,13.0,0.34,5.0,0.33,5.0,0.45,5.0,0.46,5.0,0.51,5.0,0.52,5.0,0.53,5.0,0.05,0.05,616.69043,1776168029000
1776168031.94,31.94,0.55,5.0,0.54,5.0,0.49,5.0,0.48,5.0,0.47,5.0,0.6,5.0,0.61,50.0,0.63,13.0,0.66,5.0,0.67,5.0,0.4,5.0,0.39,50.0,0.37,13.0,0.34,5.0,0.33,5.0,0.45,5.0,0.46,5.0,0.51,5.0,0.52,5.0,0.53,5.0,0.05,0.05,616.69087,1776168030000
1776168032.515,32.515,0.55,5.0,0.54,5.0,0.49,5.0,0.48,5.0,0.47,5.0,0.6,5.0,0.61,50.0,0.63,13.0,0.66,5.0,0.67,5.0,0.4,5.0,0.39,50.0,0.37,13.0,0.34,5.0,0.33,5.0,0.45,5.0,0.46,5.0,0.51,5.0,0.52,5.0,0.53,5.0,0.05,0.05,616.69087,1776168031000
1776168033.058,33.058,0.55,5.0,0.54,5.0,0.49,5.0,0.48,5.0,0.47,5.0,0.65,14.0,0.66,5.0,0.67,5.0,0.7,10.0,0.71,50.0,0.35,14.0,0.34,5.0,0.33,5.0,0.3,10.0,0.29,50.0,0.45,5.0,0.46,5.0,0.51,5.0,0.52,5.0,0.53,5.0,0.1,0.1,616.69209,1776168032000
1776168034.167,34.167,0.55,5.0,0.54,5.0,0.49,5.0,0.48,5.0,0.47,5.0,0.65,14.0,0.66,5.0,0.67,5.0,0.7,10.0,0.71,50.0,0.35,14.0,0.34,5.0,0.33,5.0,0.3,10.0,0.29,50.0,0.45,5.0,0.46,5.0,0.51,5.0,0.52,5.0,0.53,5.0,0.1,0.1,616.69053,1776168033000
1776168035.138,35.138,0.55,5.0,0.54,5.0,0.49,5.0,0.48,5.0,0.47,5.0,0.65,14.0,0.66,5.0,0.67,5.0,0.7,10.0,0.71,50.0,0.35,14.0,0.34,5.0,0.33,5.0,0.3,10.0,0.29,50.0,0.45,5.0,0.46,5.0,0.51,5.0,0.52,5.0,0.53,5.0,0.1,0.1,616.72062,1776168034000
1776168035.358,35.358,0.68,5.0,0.61,5.0,0.6,5.0,0.59,5.0,0.58,5.0,0.71,50.0,0.74,10.0,0.78,5.0,0.8,5.0,0.81,50.0,0.35,14.0,0.34,5.0,0.33,5.0,0.3,10.0,0.29,50.0,0.45,5.0,0.46,5.0,0.51,5.0,0.52,5.0,0.53,5.0,0.03,0.1,616.72062,1776168034000
1776168036.097,36.097,0.68,5.0,0.61,5.0,0.6,5.0,0.59,5.0,0.58,5.0,0.71,50.0,0.74,10.0,0.78,5.0,0.8,5.0,0.81,50.0,0.29,50.0,0.26,10.0,0.22,5.0,0.2,5.0,0.19,50.0,0.32,5.0,0.39,5.0,0.4,5.0,0.41,5.0,0.42,5.0,0.03,0.03,616.75251,1776168035000
1776168036.707,36.707,0.68,5.0,0.61,5.0,0.6,5.0,0.59,5.0,0.58,5.0,0.71,22.0,0.74,10.0,0.78,5.0,0.8,5.0,0.81,50.0,0.29,50.0,0.26,10.0,0.22,5.0,0.2,5.0,0.19,50.0,0.32,5.0,0.39,5.0,0.4,5.0,0.41,5.0,0.42,5.0,0.03,0.03,616.75251,1776168035000
1776168037.133,37.133,0.68,5.0,0.61,5.0,0.6,5.0,0.59,5.0,0.58,5.0,0.71,22.0,0.74,10.0,0.78,5.0,0.8,5.0,0.81,50.0,0.29,22.0,0.26,10.0,0.22,5.0,0.2,5.0,0.19,50.0,0.32,5.0,0.39,5.0,0.4,5.0,0.41,5.0,0.42,5.0,0.03,0.03,616.778335,1776168036000
1776168038.103,38.103,0.68,5.0,0.61,5.0,0.6,5.0,0.59,5.0,0.58,5.0,0.71,22.0,0.74,10.0,0.78,5.0,0.8,5.0,0.81,50.0,0.29,22.0,0.26,10.0,0.22,5.0,0.2,5.0,0.19,50.0,0.32,5.0,0.39,5.0,0.4,5.0,0.41,5.0,0.42,5.0,0.03,0.03,616.778801,1776168037000
1776168039.145,39.145,0.68,5.0,0.61,5.0,0.6,5.0,0.59,5.0,0.58,5.0,0.71,22.0,0.74,10.0,0.78,5.0,0.8,5.0,0.81,50.0,0.29,22.0,0.26,10.0,0.22,5.0,0.2,5.0,0.19,50.0,0.32,5.0,0.39,5.0,0.4,5.0,0.41,5.0,0.42,5.0,0.03,0.03,616.78027,1776168038000
1776168040.143,40.143,0.68,5.0,0.61,5.0,0.6,5.0,0.59,5.0,0.58,5.0,0.71,22.0,0.74,10.0,0.78,5.0,0.8,5.0,0.81,50.0,0.29,22.0,0.26,10.0,0.22,5.0,0.2,5.0,0.19,50.0,0.32,5.0,0.39,5.0,0.4,5.0,0.41,5.0,0.42,5.0,0.03,0.03,616.778402,1776168039000
1776168041.158,41.158,0.68,5.0,0.61,5.0,0.6,5.0,0.59,5.0,0.58,5.0,0.71,22.0,0.74,10.0,0.78,5.0,0.8,5.0,0.81,50.0,0.29,22.0,0.26,10.0,0.22,5.0,0.2,5.0,0.19,50.0,0.32,5.0,0.39,5.0,0.4,5.0,0.41,5.0,0.42,5.0,0.03,0.03,616.781915,1776168040000
1776168042.108,42.108,0.68,5.0,0.61,5.0,0.6,5.0,0.59,5.0,0.58,5.0,0.71,22.0,0.74,10.0,0.78,5.0,0.8,5.0,0.81,50.0,0.29,22.0,0.26,10.0,0.22,5.0,0.2,5.0,0.19,50.0,0.32,5.0,0.39,5.0,0.4,5.0,0.41,5.0,0.42,5.0,0.03,0.03,616.780736,1776168041000
1776168043.184,43.184,0.68,5.0,0.61,5.0,0.6,5.0,0.59,5.0,0.58,5.0,0.71,22.0,0.74,10.0,0.78,5.0,0.8,5.0,0.81,50.0,0.29,22.0,0.26,10.0,0.22,5.0,0.2,5.0,0.19,50.0,0.32,5.0,0.39,5.0,0.4,5.0,0.41,5.0,0.42,5.0,0.03,0.03,616.725028,1776168042000
1776168044.111,44.111,0.68,5.0,0.61,5.0,0.6,5.0,0.59,5.0,0.58,5.0,0.71,22.0,0.74,10.0,0.78,5.0,0.8,5.0,0.81,50.0,0.29,22.0,0.26,10.0,0.22,5.0,0.2,5.0,0.19,50.0,0.32,5.0,0.39,5.0,0.4,5.0,0.41,5.0,0.42,5.0,0.03,0.03,616.71275,1776168043000
1776168045.094,45.094,0.68,5.0,0.61,5.0,0.6,5.0,0.59,5.0,0.58,5.0,0.71,22.0,0.74,10.0,0.78,5.0,0.8,5.0,0.81,50.0,0.29,22.0,0.26,10.0,0.22,5.0,0.2,5.0,0.19,50.0,0.32,5.0,0.39,5.0,0.4,5.0,0.41,5.0,0.42,5.0,0.03,0.03,616.73241,1776168044000
1776168046.127,46.127,0.68,5.0,0.61,5.0,0.6,5.0,0.59,5.0,0.58,5.0,0.71,22.0,0.74,10.0,0.78,5.0,0.8,5.0,0.81,50.0,0.29,22.0,0.26,10.0,0.22,5.0,0.2,5.0,0.19,50.0,0.32,5.0,0.39,5.0,0.4,5.0,0.41,5.0,0.42,5.0,0.03,0.03,616.7647,1776168045000
1776168047.171,47.171,0.68,5.0,0.61,5.0,0.6,5.0,0.59,5.0,0.58,5.0,0.71,22.0,0.74,10.0,0.78,5.0,0.8,5.0,0.81,50.0,0.29,22.0,0.26,10.0,0.22,5.0,0.2,5.0,0.19,50.0,0.32,5.0,0.39,5.0,0.4,5.0,0.41,5.0,0.42,5.0,0.03,0.03,616.743293,1776168046000
1776168048.278,48.278,0.68,5.0,0.61,5.0,0.6,5.0,0.59,5.0,0.58,5.0,0.71,22.0,0.74,10.0,0.78,5.0,0.8,5.0,0.81,50.0,0.29,22.0,0.26,10.0,0.22,5.0,0.2,5.0,0.19,50.0,0.32,5.0,0.39,5.0,0.4,5.0,0.41,5.0,0.42,5.0,0.03,0.03,616.734187,1776168047000
1776168049.427,49.427,0.68,5.0,0.61,5.0,0.6,5.0,0.59,5.0,0.58,5.0,0.71,22.0,0.74,10.0,0.78,5.0,0.8,5.0,0.81,50.0,0.29,22.0,0.26,10.0,0.22,5.0,0.2,5.0,0.19,50.0,0.32,5.0,0.39,5.0,0.4,5.0,0.41,5.0,0.42,5.0,0.03,0.03,616.738334,1776168048000
1776168050.037,50.037,0.68,5.0,0.61,5.0,0.6,5.0,0.59,5.0,0.58,5.0,0.71,22.0,0.74,10.0,0.78,5.0,0.8,5.0,0.81,50.0,0.29,22.0,0.26,10.0,0.22,5.0,0.2,5.0,0.19,50.0,0.32,5.0,0.39,5.0,0.4,5.0,0.41,5.0,0.42,5.0,0.03,0.03,616.748995,1776168049000
1776168051.131,51.131,0.68,5.0,0.61,5.0,0.6,5.0,0.59,5.0,0.58,5.0,0.71,22.0,0.74,10.0,0.78,5.0,0.8,5.0,0.81,50.0,0.29,22.0,0.26,10.0,0.22,5.0,0.2,5.0,0.19,50.0,0.32,5.0,0.39,5.0,0.4,5.0,0.41,5.0,0.42,5.0,0.03,0.03,616.739875,1776168050000
1776168052.107,52.107,0.68,5.0,0.61,5.0,0.6,5.0,0.59,5.0,0.58,5.0,0.71,22.0,0.74,10.0,0.78,5.0,0.8,5.0,0.81,50.0,0.29,22.0,0.26,10.0,0.22,5.0,0.2,5.0,0.19,50.0,0.32,5.0,0.39,5.0,0.4,5.0,0.41,5.0,0.42,5.0,0.03,0.03,616.739869,1776168051000
1776168053.231,53.231,0.68,5.0,0.61,5.0,0.6,5.0,0.59,5.0,0.58,5.0,0.71,22.0,0.74,10.0,0.78,5.0,0.8,5.0,0.81,50.0,0.29,22.0,0.26,10.0,0.22,5.0,0.2,5.0,0.19,50.0,0.32,5.0,0.39,5.0,0.4,5.0,0.41,5.0,0.42,5.0,0.03,0.03,616.734432,1776168052000
1776168054.479,54.479,0.68,5.0,0.61,5.0,0.6,5.0,0.59,5.0,0.58,5.0,0.71,22.0,0.74,10.0,0.78,5.0,0.8,5.0,0.81,50.0,0.29,22.0,0.26,10.0,0.22,5.0,0.2,5.0,0.19,50.0,0.32,5.0,0.39,5.0,0.4,5.0,0.41,5.0,0.42,5.0,0.03,0.03,616.71336,1776168053000
1776168055.054,55.054,0.68,5.0,0.61,5.0,0.6,5.0,0.59,5.0,0.58,5.0,0.71,22.0,0.74,10.0,0.78,5.0,0.8,5.0,0.81,50.0,0.29,22.0,0.26,10.0,0.22,5.0,0.2,5.0,0.19,50.0,0.32,5.0,0.39,5.0,0.4,5.0,0.41,5.0,0.42,5.0,0.03,0.03,616.72171,1776168054000
1776168056.098,56.098,0.68,5.0,0.61,5.0,0.6,5.0,0.59,5.0,0.58,5.0,0.71,22.0,0.74,10.0,0.78,5.0,0.8,5.0,0.81,50.0,0.29,22.0,0.26,10.0,0.22,5.0,0.2,5.0,0.19,50.0,0.32,5.0,0.39,5.0,0.4,5.0,0.41,5.0,0.42,5.0,0.03,0.03,616.62528,1776168055000
1776168057.174,57.174,0.68,5.0,0.61,5.0,0.6,5.0,0.59,5.0,0.58,5.0,0.71,22.0,0.74,10.0,0.78,5.0,0.8,5.0,0.81,50.0,0.29,22.0,0.26,10.0,0.22,5.0,0.2,5.0,0.19,50.0,0.32,5.0,0.39,5.0,0.4,5.0,0.41,5.0,0.42,5.0,0.03,0.03,616.59018,1776168056000
1776168058.237,58.237,0.68,5.0,0.61,5.0,0.6,5.0,0.59,5.0,0.58,5.0,0.71,22.0,0.74,10.0,0.78,5.0,0.8,5.0,0.81,50.0,0.29,22.0,0.26,10.0,0.22,5.0,0.2,5.0,0.19,50.0,0.32,5.0,0.39,5.0,0.4,5.0,0.41,5.0,0.42,5.0,0.03,0.03,616.59144,1776168057000
1776168059.285,59.285,0.68,5.0,0.61,5.0,0.6,5.0,0.59,5.0,0.58,5.0,0.71,22.0,0.74,10.0,0.78,5.0,0.8,5.0,0.81,50.0,0.29,22.0,0.26,10.0,0.22,5.0,0.2,5.0,0.19,50.0,0.32,5.0,0.39,5.0,0.4,5.0,0.41,5.0,0.42,5.0,0.03,0.03,616.57837,1776168058000
1776168060.295,60.295,0.68,5.0,0.61,5.0,0.6,5.0,0.59,5.0,0.58,5.0,0.71,22.0,0.74,10.0,0.78,5.0,0.8,5.0,0.81,50.0,0.29,22.0,0.26,10.0,0.22,5.0,0.2,5.0,0.19,50.0,0.32,5.0,0.39,5.0,0.4,5.0,0.41,5.0,0.42,5.0,0.03,0.03,616.57985,1776168059000
1776168061.287,61.287,0.68,5.0,0.61,5.0,0.6,5.0,0.59,5.0,0.58,5.0,0.71,22.0,0.74,10.0,0.78,5.0,0.8,5.0,0.81,50.0,0.29,22.0,0.26,10.0,0.22,5.0,0.2,5.0,0.19,50.0,0.32,5.0,0.39,5.0,0.4,5.0,0.41,5.0,0.42,5.0,0.03,0.03,616.61508,1776168060000
1776168062.255,62.255,0.68,5.0,0.61,5.0,0.6,5.0,0.59,5.0,0.58,5.0,0.71,22.0,0.74,10.0,0.78,5.0,0.8,5.0,0.81,50.0,0.29,22.0,0.26,10.0,0.22,5.0,0.2,5.0,0.19,50.0,0.32,5.0,0.39,5.0,0.4,5.0,0.41,5.0,0.42,5.0,0.03,0.03,616.59277,1776168061000
1776168063.285,63.285,0.68,5.0,0.61,5.0,0.6,5.0,0.59,5.0,0.58,5.0,0.71,22.0,0.74,10.0,0.78,5.0,0.8,5.0,0.81,50.0,0.29,22.0,0.26,10.0,0.22,5.0,0.2,5.0,0.19,50.0,0.32,5.0,0.39,5.0,0.4,5.0,0.41,5.0,0.42,5.0,0.03,0.03,616.58729,1776168062000
1776168064.271,64.271,0.68,5.0,0.61,5.0,0.6,5.0,0.59,5.0,0.58,5.0,0.71,22.0,0.74,10.0,0.78,5.0,0.8,5.0,0.81,50.0,0.29,22.0,0.26,10.0,0.22,5.0,0.2,5.0,0.19,50.0,0.32,5.0,0.39,5.0,0.4,5.0,0.41,5.0,0.42,5.0,0.03,0.03,616.58994,1776168063000
1776168065.25,65.25,0.68,5.0,0.61,5.0,0.6,5.0,0.59,5.0,0.58,5.0,0.71,22.0,0.74,10.0,0.78,5.0,0.8,5.0,0.81,50.0,0.29,22.0,0.26,10.0,0.22,5.0,0.2,5.0,0.19,50.0,0.32,5.0,0.39,5.0,0.4,5.0,0.41,5.0,0.42,5.0,0.03,0.03,616.59767,1776168064000
1776168066.32,66.32,0.68,5.0,0.61,5.0,0.6,5.0,0.59,5.0,0.58,5.0,0.71,22.0,0.74,10.0,0.78,5.0,0.8,5.0,0.81,50.0,0.29,22.0,0.26,10.0,0.22,5.0,0.2,5.0,0.19,50.0,0.32,5.0,0.39,5.0,0.4,5.0,0.41,5.0,0.42,5.0,0.03,0.03,616.63664,1776168065000
1776168067.324,67.324,0.68,5.0,0.61,5.0,0.6,5.0,0.59,5.0,0.58,5.0,0.71,22.0,0.74,10.0,0.78,5.0,0.8,5.0,0.81,50.0,0.29,22.0,0.26,10.0,0.22,5.0,0.2,5.0,0.19,50.0,0.32,5.0,0.39,5.0,0.4,5.0,0.41,5.0,0.42,5.0,0.03,0.03,616.63461,1776168066000
1776168068.17,68.17,0.68,5.0,0.61,5.0,0.6,5.0,0.59,5.0,0.58,5.0,0.71,22.0,0.74,10.0,0.78,5.0,0.8,5.0,0.81,50.0,0.29,22.0,0.26,10.0,0.22,5.0,0.2,5.0,0.19,50.0,0.32,5.0,0.39,5.0,0.4,5.0,0.41,5.0,0.42,5.0,0.03,0.03,616.6342,1776168067000
1776168069.101,69.101,0.68,5.0,0.61,5.0,0.6,5.0,0.59,5.0,0.58,5.0,0.71,22.0,0.74,10.0,0.78,5.0,0.8,5.0,0.81,50.0,0.29,22.0,0.26,10.0,0.22,5.0,0.2,5.0,0.19,50.0,0.32,5.0,0.39,5.0,0.4,5.0,0.41,5.0,0.42,5.0,0.03,0.03,616.6317,1776168068000
1776168070.277,70.277,0.68,5.0,0.61,5.0,0.6,5.0,0.59,5.0,0.58,5.0,0.71,22.0,0.74,10.0,0.78,5.0,0.8,5.0,0.81,50.0,0.29,22.0,0.26,10.0,0.22,5.0,0.2,5.0,0.19,50.0,0.32,5.0,0.39,5.0,0.4,5.0,0.41,5.0,0.42,5.0,0.03,0.03,616.6121,1776168069000
1776168071.086,71.086,0.68,5.0,0.61,5.0,0.6,5.0,0.59,5.0,0.58,5.0,0.71,22.0,0.74,10.0,0.78,5.0,0.8,5.0,0.81,50.0,0.29,22.0,0.26,10.0,0.22,5.0,0.2,5.0,0.19,50.0,0.32,5.0,0.39,5.0,0.4,5.0,0.41,5.0,0.42,5.0,0.03,0.03,616.65188,1776168070000
1776168072.189,72.189,0.68,5.0,0.61,5.0,0.6,5.0,0.59,5.0,0.58,5.0,0.71,22.0,0.74,10.0,0.78,5.0,0.8,5.0,0.81,50.0,0.29,22.0,0.26,10.0,0.22,5.0,0.2,5.0,0.19,50.0,0.32,5.0,0.39,5.0,0.4,5.0,0.41,5.0,0.42,5.0,0.03,0.03,616.639939,1776168071000
1776168073.628,73.628,0.68,5.0,0.61,5.0,0.6,5.0,0.59,5.0,0.58,5.0,0.71,22.0,0.74,10.0,0.78,5.0,0.8,5.0,0.81,50.0,0.29,22.0,0.26,10.0,0.22,5.0,0.2,5.0,0.19,50.0,0.32,5.0,0.39,5.0,0.4,5.0,0.41,5.0,0.42,5.0,0.03,0.03,616.652329,1776168072000
1776168074.227,74.227,0.68,5.0,0.61,5.0,0.6,5.0,0.59,5.0,0.58,5.0,0.71,22.0,0.74,10.0,0.78,5.0,0.8,5.0,0.81,50.0,0.29,22.0,0.26,10.0,0.22,5.0,0.2,5.0,0.19,50.0,0.32,5.0,0.39,5.0,0.4,5.0,0.41,5.0,0.42,5.0,0.03,0.03,616.643802,1776168073000
1776168075.589,75.589,0.68,5.0,0.61,5.0,0.6,5.0,0.59,5.0,0.58,5.0,0.71,22.0,0.74,10.0,0.78,5.0,0.8,5.0,0.81,50.0,0.29,22.0,0.26,10.0,0.22,5.0,0.2,5.0,0.19,50.0,0.32,5.0,0.39,5.0,0.4,5.0,0.41,5.0,0.42,5.0,0.03,0.03,616.60135,1776168074000
1776168076.142,76.142,0.68,5.0,0.61,5.0,0.6,5.0,0.59,5.0,0.58,5.0,0.71,22.0,0.74,10.0,0.78,5.0,0.8,5.0,0.81,50.0,0.29,22.0,0.26,10.0,0.22,5.0,0.2,5.0,0.19,50.0,0.32,5.0,0.39,5.0,0.4,5.0,0.41,5.0,0.42,5.0,0.03,0.03,616.619744,1776168075000
1776168077.36,77.36,0.68,5.0,0.61,5.0,0.6,5.0,0.59,5.0,0.58,5.0,0.71,22.0,0.74,10.0,0.78,5.0,0.8,5.0,0.81,50.0,0.29,22.0,0.26,10.0,0.22,5.0,0.2,5.0,0.19,50.0,0.32,5.0,0.39,5.0,0.4,5.0,0.41,5.0,0.42,5.0,0.03,0.03,616.60855,1776168076000
1776168078.093,78.093,0.68,5.0,0.61,5.0,0.6,5.0,0.59,5.0,0.58,5.0,0.71,22.0,0.74,10.0,0.78,5.0,0.8,5.0,0.81,50.0,0.29,22.0,0.26,10.0,0.22,5.0,0.2,5.0,0.19,50.0,0.32,5.0,0.39,5.0,0.4,5.0,0.41,5.0,0.42,5.0,0.03,0.03,616.5918,1776168077000
1776168079.336,79.336,0.68,5.0,0.61,5.0,0.6,5.0,0.59,5.0,0.58,5.0,0.71,22.0,0.74,10.0,0.78,5.0,0.8,5.0,0.81,50.0,0.29,22.0,0.26,10.0,0.22,5.0,0.2,5.0,0.19,50.0,0.32,5.0,0.39,5.0,0.4,5.0,0.41,5.0,0.42,5.0,0.03,0.03,616.57166,1776168078000
1776168080.125,80.125,0.68,5.0,0.61,5.0,0.6,5.0,0.59,5.0,0.58,5.0,0.71,22.0,0.74,10.0,0.78,5.0,0.8,5.0,0.81,50.0,0.29,22.0,0.26,10.0,0.22,5.0,0.2,5.0,0.19,50.0,0.32,5.0,0.39,5.0,0.4,5.0,0.41,5.0,0.42,5.0,0.03,0.03,616.57648,1776168079000
1776168081.365,81.365,0.68,5.0,0.61,5.0,0.6,5.0,0.59,5.0,0.58,5.0,0.71,22.0,0.74,10.0,0.78,5.0,0.8,5.0,0.81,50.0,0.29,22.0,0.26,10.0,0.22,5.0,0.2,5.0,0.19,50.0,0.32,5.0,0.39,5.0,0.4,5.0,0.41,5.0,0.42,5.0,0.03,0.03,616.58537,1776168080000
1776168081.979,81.979,0.68,5.0,0.61,5.0,0.6,5.0,0.59,5.0,0.58,5.0,0.71,22.0,0.74,10.0,0.78,5.0,0.8,5.0,0.81,50.0,0.29,22.0,0.26,10.0,0.22,5.0,0.2,5.0,0.19,50.0,0.32,5.0,0.39,5.0,0.4,5.0,0.41,5.0,0.42,5.0,0.03,0.03,616.62095,1776168081000
1776168083.281,83.281,0.68,5.0,0.61,5.0,0.6,5.0,0.59,5.0,0.58,5.0,0.71,22.0,0.74,10.0,0.78,5.0,0.8,5.0,0.81,50.0,0.29,22.0,0.26,10.0,0.22,5.0,0.2,5.0,0.19,50.0,0.32,5.0,0.39,5.0,0.4,5.0,0.41,5.0,0.42,5.0,0.03,0.03,616.60836,1776168082000
1776168084.569,84.569,0.68,5.0,0.61,5.0,0.6,5.0,0.59,5.0,0.58,5.0,0.71,22.0,0.74,10.0,0.78,5.0,0.8,5.0,0.81,50.0,0.29,22.0,0.26,10.0,0.22,5.0,0.2,5.0,0.19,50.0,0.32,5.0,0.39,5.0,0.4,5.0,0.41,5.0,0.42,5.0,0.03,0.03,616.60792,1776168083000
1776168085.159,85.159,0.68,5.0,0.61,5.0,0.6,5.0,0.59,5.0,0.58,5.0,0.71,22.0,0.74,10.0,0.78,5.0,0.8,5.0,0.81,50.0,0.29,22.0,0.26,10.0,0.22,5.0,0.2,5.0,0.19,50.0,0.32,5.0,0.39,5.0,0.4,5.0,0.41,5.0,0.42,5.0,0.03,0.03,616.60888,1776168084000
1776168086.472,86.472,0.68,5.0,0.61,5.0,0.6,5.0,0.59,5.0,0.58,5.0,0.71,22.0,0.74,10.0,0.78,5.0,0.8,5.0,0.81,50.0,0.29,22.0,0.26,10.0,0.22,5.0,0.2,5.0,0.19,50.0,0.32,5.0,0.39,5.0,0.4,5.0,0.41,5.0,0.42,5.0,0.03,0.03,616.629704,1776168085000
1776168087.195,87.195,0.68,5.0,0.61,5.0,0.6,5.0,0.59,5.0,0.58,5.0,0.71,22.0,0.74,10.0,0.78,5.0,0.8,5.0,0.81,50.0,0.29,22.0,0.26,10.0,0.22,5.0,0.2,5.0,0.19,50.0,0.32,5.0,0.39,5.0,0.4,5.0,0.41,5.0,0.42,5.0,0.03,0.03,616.629536,1776168086000
1776168088.924,88.924,0.68,5.0,0.61,5.0,0.6,5.0,0.59,5.0,0.58,5.0,0.71,22.0,0.74,10.0,0.78,5.0,0.8,5.0,0.81,50.0,0.29,22.0,0.26,10.0,0.22,5.0,0.2,5.0,0.19,50.0,0.32,5.0,0.39,5.0,0.4,5.0,0.41,5.0,0.42,5.0,0.03,0.03,616.633485,1776168087000
1776168089.659,89.659,0.68,5.0,0.61,5.0,0.6,5.0,0.59,5.0,0.58,5.0,0.71,22.0,0.74,10.0,0.78,5.0,0.8,5.0,0.81,50.0,0.29,22.0,0.26,10.0,0.22,5.0,0.2,5.0,0.19,50.0,0.32,5.0,0.39,5.0,0.4,5.0,0.41,5.0,0.42,5.0,0.03,0.03,616.645652,1776168088000
1776168090.551,90.551,0.68,5.0,0.61,5.0,0.6,5.0,0.59,5.0,0.58,5.0,0.71,22.0,0.74,10.0,0.78,5.0,0.8,5.0,0.81,50.0,0.29,22.0,0.26,10.0,0.22,5.0,0.2,5.0,0.19,50.0,0.32,5.0,0.39,5.0,0.4,5.0,0.41,5.0,0.42,5.0,0.03,0.03,616.655522,1776168089000
1776168091.159,91.159,0.68,5.0,0.61,5.0,0.6,5.0,0.59,5.0,0.58,5.0,0.71,22.0,0.74,10.0,0.78,5.0,0.8,5.0,0.81,50.0,0.29,22.0,0.26,10.0,0.22,5.0,0.2,5.0,0.19,50.0,0.32,5.0,0.39,5.0,0.4,5.0,0.41,5.0,0.42,5.0,0.03,0.03,616.660413,1776168090000
1776168092.651,92.651,0.68,5.0,0.61,5.0,0.6,5.0,0.59,5.0,0.58,5.0,0.71,22.0,0.74,10.0,0.78,5.0,0.8,5.0,0.81,50.0,0.29,22.0,0.26,10.0,0.22,5.0,0.2,5.0,0.19,50.0,0.32,5.0,0.39,5.0,0.4,5.0,0.41,5.0,0.42,5.0,0.03,0.03,616.61179,1776168091000
1776168093.26,93.26,0.68,5.0,0.61,5.0,0.6,5.0,0.59,5.0,0.58,5.0,0.71,22.0,0.74,10.0,0.78,5.0,0.8,5.0,0.81,50.0,0.29,22.0,0.26,10.0,0.22,5.0,0.2,5.0,0.19,50.0,0.32,5.0,0.39,5.0,0.4,5.0,0.41,5.0,0.42,5.0,0.03,0.03,616.60944,1776168092000
1776168094.427,94.427,0.68,5.0,0.61,5.0,0.6,5.0,0.59,5.0,0.58,5.0,0.71,22.0,0.74,10.0,0.78,5.0,0.8,5.0,0.81,50.0,0.29,22.0,0.26,10.0,0.22,5.0,0.2,5.0,0.19,50.0,0.32,5.0,0.39,5.0,0.4,5.0,0.41,5.0,0.42,5.0,0.03,0.03,616.61523,1776168093000
1776168095.048,95.048,0.68,5.0,0.61,5.0,0.6,5.0,0.59,5.0,0.58,5.0,0.71,22.0,0.74,10.0,0.78,5.0,0.8,5.0,0.81,50.0,0.29,22.0,0.26,10.0,0.22,5.0,0.2,5.0,0.19,50.0,0.32,5.0,0.39,5.0,0.4,5.0,0.41,5.0,0.42,5.0,0.03,0.03,616.60645,1776168094000
1776168096.565,96.565,0.68,5.0,0.61,5.0,0.6,5.0,0.59,5.0,0.58,5.0,0.71,22.0,0.74,10.0,0.78,5.0,0.8,5.0,0.81,50.0,0.29,22.0,0.26,10.0,0.22,5.0,0.2,5.0,0.19,50.0,0.32,5.0,0.39,5.0,0.4,5.0,0.41,5.0,0.42,5.0,0.03,0.03,616.60862,1776168095000
1776168097.269,97.269,0.68,5.0,0.61,5.0,0.6,5.0,0.59,5.0,0.58,5.0,0.71,22.0,0.74,10.0,0.78,5.0,0.8,5.0,0.81,50.0,0.29,22.0,0.26,10.0,0.22,5.0,0.2,5.0,0.19,50.0,0.32,5.0,0.39,5.0,0.4,5.0,0.41,5.0,0.42,5.0,0.03,0.03,616.61547,1776168096000
1776168098.143,98.143,0.68,5.0,0.61,5.0,0.6,5.0,0.59,5.0,0.58,5.0,0.71,22.0,0.74,10.0,0.78,5.0,0.8,5.0,0.81,50.0,0.29,22.0,0.26,10.0,0.22,5.0,0.2,5.0,0.19,50.0,0.32,5.0,0.39,5.0,0.4,5.0,0.41,5.0,0.42,5.0,0.03,0.03,616.61637,1776168097000
1776168099.422,99.422,0.68,5.0,0.61,5.0,0.6,5.0,0.59,5.0,0.58,5.0,0.71,22.0,0.74,10.0,0.78,5.0,0.8,5.0,0.81,50.0,0.29,22.0,0.26,10.0,0.22,5.0,0.2,5.0,0.19,50.0,0.32,5.0,0.39,5.0,0.4,5.0,0.41,5.0,0.42,5.0,0.03,0.03,616.61769,1776168098000
1776168100.306,100.306,0.68,5.0,0.61,5.0,0.6,5.0,0.59,5.0,0.58,5.0,0.71,22.0,0.74,10.0,0.78,5.0,0.8,5.0,0.81,50.0,0.29,22.0,0.26,10.0,0.22,5.0,0.2,5.0,0.19,50.0,0.32,5.0,0.39,5.0,0.4,5.0,0.41,5.0,0.42,5.0,0.03,0.03,616.608171,1776168099000
1776168101.004,101.004,0.68,5.0,0.61,5.0,0.6,5.0,0.59,5.0,0.58,5.0,0.71,22.0,0.74,10.0,0.78,5.0,0.8,5.0,0.81,50.0,0.29,22.0,0.26,10.0,0.22,5.0,0.2,5.0,0.19,50.0,0.32,5.0,0.39,5.0,0.4,5.0,0.41,5.0,0.42,5.0,0.03,0.03,616.608241,1776168100000
1776168102.537,102.537,0.68,5.0,0.61,5.0,0.6,5.0,0.59,5.0,0.58,5.0,0.71,22.0,0.74,10.0,0.78,5.0,0.8,5.0,0.81,50.0,0.29,22.0,0.26,10.0,0.22,5.0,0.2,5.0,0.19,50.0,0.32,5.0,0.39,5.0,0.4,5.0,0.41,5.0,0.42,5.0,0.03,0.03,616.62217,1776168101000
1776168103.122,103.122,0.68,5.0,0.61,5.0,0.6,5.0,0.59,5.0,0.58,5.0,0.71,22.0,0.74,10.0,0.78,5.0,0.8,5.0,0.81,50.0,0.29,22.0,0.26,10.0,0.22,5.0,0.2,5.0,0.19,50.0,0.32,5.0,0.39,5.0,0.4,5.0,0.41,5.0,0.42,5.0,0.03,0.03,616.6271,1776168102000
1776168104.423,104.423,0.68,5.0,0.61,5.0,0.6,5.0,0.59,5.0,0.58,5.0,0.71,22.0,0.74,10.0,0.78,5.0,0.8,5.0,0.81,50.0,0.29,22.0,0.26,10.0,0.22,5.0,0.2,5.0,0.19,50.0,0.32,5.0,0.39,5.0,0.4,5.0,0.41,5.0,0.42,5.0,0.03,0.03,616.59719,1776168103000
1776168105.072,105.072,0.68,5.0,0.61,5.0,0.6,5.0,0.59,5.0,0.58,5.0,0.71,22.0,0.74,10.0,0.78,5.0,0.8,5.0,0.81,50.0,0.29,22.0,0.26,10.0,0.22,5.0,0.2,5.0,0.19,50.0,0.32,5.0,0.39,5.0,0.4,5.0,0.41,5.0,0.42,5.0,0.03,0.03,616.596421,1776168104000
1776168106.819,106.819,0.68,5.0,0.61,5.0,0.6,5.0,0.59,5.0,0.58,5.0,0.71,22.0,0.74,10.0,0.78,5.0,0.8,5.0,0.81,50.0,0.29,22.0,0.26,10.0,0.22,5.0,0.2,5.0,0.19,50.0,0.32,5.0,0.39,5.0,0.4,5.0,0.41,5.0,0.42,5.0,0.03,0.03,616.64081,1776168105000
1776168107.362,107.362,0.68,5.0,0.61,5.0,0.6,5.0,0.59,5.0,0.58,5.0,0.71,22.0,0.74,10.0,0.78,5.0,0.8,5.0,0.81,50.0,0.29,22.0,0.26,10.0,0.22,5.0,0.2,5.0,0.19,50.0,0.32,5.0,0.39,5.0,0.4,5.0,0.41,5.0,0.42,5.0,0.03,0.03,616.64081,1776168106000
1776168107.888,107.888,0.68,5.0,0.61,5.0,0.6,5.0,0.59,5.0,0.58,5.0,0.71,22.0,0.74,10.0,0.78,5.0,0.8,5.0,0.81,50.0,0.29,22.0,0.26,10.0,0.22,5.0,0.2,5.0,0.19,50.0,0.32,5.0,0.39,5.0,0.4,5.0,0.41,5.0,0.42,5.0,0.03,0.03,616.63579,1776168107000
1776168108.975,108.975,0.68,5.0,0.61,5.0,0.6,5.0,0.59,5.0,0.58,5.0,0.71,22.0,0.74,10.0,0.78,5.0,0.8,5.0,0.81,50.0,0.29,22.0,0.26,10.0,0.22,5.0,0.2,5.0,0.19,50.0,0.32,5.0,0.39,5.0,0.4,5.0,0.41,5.0,0.42,5.0,0.03,0.03,616.64264,1776168108000
1776168109.916,109.916,0.68,5.0,0.61,5.0,0.6,5.0,0.59,5.0,0.58,5.0,0.71,22.0,0.74,10.0,0.78,5.0,0.8,5.0,0.81,50.0,0.29,22.0,0.26,10.0,0.22,5.0,0.2,5.0,0.19,50.0,0.32,5.0,0.39,5.0,0.4,5.0,0.41,5.0,0.42,5.0,0.03,0.03,616.64222,1776168109000
1776168110.883,110.883,0.68,5.0,0.61,5.0,0.6,5.0,0.59,5.0,0.58,5.0,0.71,22.0,0.74,10.0,0.78,5.0,0.8,5.0,0.81,50.0,0.29,22.0,0.26,10.0,0.22,5.0,0.2,5.0,0.19,50.0,0.32,5.0,0.39,5.0,0.4,5.0,0.41,5.0,0.42,5.0,0.03,0.03,616.68721,1776168110000
1776168111.937,111.937,0.68,5.0,0.61,5.0,0.6,5.0,0.59,5.0,0.58,5.0,0.71,22.0,0.74,10.0,0.78,5.0,0.8,5.0,0.81,50.0,0.29,22.0,0.26,10.0,0.22,5.0,0.2,5.0,0.19,50.0,0.32,5.0,0.39,5.0,0.4,5.0,0.41,5.0,0.42,5.0,0.03,0.03,616.689871,1776168111000
1776168112.979,112.979,0.68,5.0,0.61,5.0,0.6,5.0,0.59,5.0,0.58,5.0,0.71,22.0,0.74,10.0,0.78,5.0,0.8,5.0,0.81,50.0,0.29,22.0,0.26,10.0,0.22,5.0,0.2,5.0,0.19,50.0,0.32,5.0,0.39,5.0,0.4,5.0,0.41,5.0,0.42,5.0,0.03,0.03,616.660496,1776168112000
1776168114.057,114.057,0.68,5.0,0.61,5.0,0.6,5.0,0.59,5.0,0.58,5.0,0.71,22.0,0.74,10.0,0.78,5.0,0.8,5.0,0.81,50.0,0.29,22.0,0.26,10.0,0.22,5.0,0.2,5.0,0.19,50.0,0.32,5.0,0.39,5.0,0.4,5.0,0.41,5.0,0.42,5.0,0.03,0.03,616.65799,1776168113000
1776168115.012,115.012,0.68,5.0,0.61,5.0,0.6,5.0,0.59,5.0,0.58,5.0,0.71,22.0,0.74,10.0,0.78,5.0,0.8,5.0,0.81,50.0,0.29,22.0,0.26,10.0,0.22,5.0,0.2,5.0,0.19,50.0,0.32,5.0,0.39,5.0,0.4,5.0,0.41,5.0,0.42,5.0,0.03,0.03,616.682622,1776168114000
1776168116.207,116.207,0.68,5.0,0.61,5.0,0.6,5.0,0.59,5.0,0.58,5.0,0.71,22.0,0.74,10.0,0.78,5.0,0.8,5.0,0.81,50.0,0.29,22.0,0.26,10.0,0.22,5.0,0.2,5.0,0.19,50.0,0.32,5.0,0.39,5.0,0.4,5.0,0.41,5.0,0.42,5.0,0.03,0.03,616.6397,1776168115000
1776168117.356,117.356,0.68,5.0,0.61,5.0,0.6,5.0,0.59,5.0,0.58,5.0,0.71,22.0,0.74,10.0,0.78,5.0,0.8,5.0,0.81,50.0,0.29,22.0,0.26,10.0,0.22,5.0,0.2,5.0,0.19,50.0,0.32,5.0,0.39,5.0,0.4,5.0,0.41,5.0,0.42,5.0,0.03,0.03,616.64204,1776168116000
1776168118.337,118.337,0.68,5.0,0.61,5.0,0.6,5.0,0.59,5.0,0.58,5.0,0.71,22.0,0.74,10.0,0.78,5.0,0.8,5.0,0.81,50.0,0.29,22.0,0.26,10.0,0.22,5.0,0.2,5.0,0.19,50.0,0.32,5.0,0.39,5.0,0.4,5.0,0.41,5.0,0.42,5.0,0.03,0.03,616.5952,1776168117000
1776168118.642,118.642,0.25,13.9,0.24,14.3,0.23,14.7,0.22,15.2,0.21,65.7,0.34,47.0,0.37,5.0,0.45,9.0,0.51,50.0,0.54,10.5,0.29,22.0,0.26,10.0,0.22,5.0,0.2,5.0,0.19,50.0,0.32,5.0,0.39,5.0,0.4,5.0,0.41,5.0,0.42,5.0,0.09,0.03,616.5952,1776168117000
1776168119.154,119.154,0.25,13.9,0.24,14.3,0.23,14.7,0.22,15.2,0.21,65.7,0.26,17.0,0.28,5.0,0.36,5.0,0.37,5.0,0.38,5.0,0.74,0.96,0.72,5.0,0.66,37.0,0.64,5.0,0.63,5.0,0.75,13.9,0.76,14.3,0.77,14.7,0.78,15.2,0.79,65.7,0.01,0.01,616.5952,1776168117000
1776168119.424,119.424,0.25,13.9,0.24,14.3,0.23,14.7,0.22,15.2,0.21,65.7,0.26,17.0,0.28,5.0,0.36,5.0,0.37,5.0,0.38,5.0,0.74,17.0,0.72,5.0,0.64,5.0,0.63,5.0,0.62,5.0,0.75,13.9,0.76,14.3,0.77,14.7,0.78,15.2,0.79,65.7,0.01,0.01,616.5631,1776168118000
1776168120.569,120.569,0.25,13.9,0.24,14.3,0.23,14.7,0.22,15.2,0.21,65.7,0.26,17.0,0.28,5.0,0.36,5.0,0.37,5.0,0.38,5.0,0.74,17.0,0.72,5.0,0.64,5.0,0.63,5.0,0.62,5.0,0.75,13.9,0.76,14.3,0.77,14.7,0.78,15.2,0.79,65.7,0.01,0.01,616.42178,1776168119000
1776168121.208,121.208,0.25,13.9,0.24,14.3,0.23,14.7,0.22,15.2,0.21,65.7,0.26,17.0,0.28,5.0,0.36,5.0,0.37,5.0,0.38,5.0,0.74,17.0,0.72,5.0,0.64,5.0,0.63,5.0,0.62,5.0,0.75,13.9,0.76,14.3,0.77,14.7,0.78,15.2,0.79,65.7,0.01,0.01,616.40818,1776168120000
1776168122.904,122.904,0.23,6.94,0.22,15.2,0.21,88.7,0.2,16.2,0.19,16.89,0.24,20.0,0.46,9.0,0.49,10.4,0.5,10.4,0.51,60.4,0.76,20.0,0.54,9.0,0.51,10.4,0.5,10.4,0.49,60.4,0.77,6.94,0.78,15.2,0.79,88.7,0.8,16.2,0.81,16.89,0.01,0.01,616.36414,1776168121000
1776168123.851,123.851,0.23,6.94,0.22,15.2,0.21,88.7,0.2,16.2,0.19,16.89,0.24,20.0,0.46,9.0,0.49,10.4,0.5,10.4,0.51,60.4,0.76,20.0,0.54,9.0,0.51,10.4,0.5,10.4,0.49,60.4,0.77,6.94,0.78,15.2,0.79,88.7,0.8,16.2,0.81,16.89,0.01,0.01,616.36407,1776168122000
1776168124.603,124.603,0.23,6.94,0.22,15.2,0.21,88.7,0.2,16.2,0.19,16.89,0.24,20.0,0.46,9.0,0.49,10.4,0.5,10.4,0.51,60.4,0.76,20.0,0.54,9.0,0.51,10.4,0.5,10.4,0.49,60.4,0.77,6.94,0.78,15.2,0.79,88.7,0.8,16.2,0.81,16.89,0.01,0.01,616.336604,1776168123000
1776168125.305,125.305,0.23,6.94,0.22,15.2,0.21,88.7,0.2,16.2,0.19,16.89,0.24,20.0,0.46,9.0,0.49,10.4,0.5,10.4,0.51,60.4,0.76,20.0,0.54,9.0,0.51,10.4,0.5,10.4,0.49,60.4,0.77,6.94,0.78,15.2,0.79,88.7,0.8,16.2,0.81,16.89,0.01,0.01,616.33857,1776168124000
1776168125.541,125.541,0.21,50.0,0.19,16.89,0.18,17.6,0.17,47.39,0.16,19.3,0.22,29.62,0.35,10.0,0.4,8.0,0.42,10.7,0.43,20.6,0.76,20.0,0.54,9.0,0.51,10.4,0.5,10.4,0.49,60.4,0.77,6.94,0.78,15.2,0.79,88.7,0.8,16.2,0.81,16.89,0.01,0.01,616.33857,1776168124000
1776168126.117,126.117,0.21,50.0,0.19,16.89,0.18,17.6,0.17,47.39,0.16,19.3,0.22,29.62,0.35,10.0,0.4,8.0,0.42,10.7,0.43,20.6,0.78,29.62,0.65,10.0,0.6,8.0,0.58,10.7,0.57,20.6,0.79,50.0,0.81,16.89,0.82,17.6,0.83,47.39,0.84,19.3,0.01,0.01,616.32025,1776168125000
1776168127.608,127.608,0.21,50.0,0.19,16.89,0.18,17.6,0.17,47.39,0.16,19.3,0.22,29.62,0.35,10.0,0.4,8.0,0.42,10.7,0.43,20.6,0.78,29.62,0.65,10.0,0.6,8.0,0.58,10.7,0.57,20.6,0.79,50.0,0.81,16.89,0.82,17.6,0.83,47.39,0.84,19.3,0.01,0.01,616.32859,1776168126000
1776168128.429,128.429,0.21,50.0,0.19,16.89,0.18,17.6,0.17,47.39,0.16,19.3,0.22,29.62,0.35,10.0,0.4,8.0,0.42,10.7,0.43,20.6,0.78,29.62,0.65,10.0,0.6,8.0,0.58,10.7,0.57,20.6,0.79,50.0,0.81,16.89,0.82,17.6,0.83,47.39,0.84,19.3,0.01,0.01,616.2901,1776168127000
1776168129.366,129.366,0.21,50.0,0.19,16.89,0.18,17.6,0.17,47.39,0.16,19.3,0.22,29.62,0.35,10.0,0.4,8.0,0.42,10.7,0.43,20.6,0.78,29.62,0.65,10.0,0.6,8.0,0.58,10.7,0.57,20.6,0.79,50.0,0.81,16.89,0.82,17.6,0.83,47.39,0.84,19.3,0.01,0.01,616.32154,1776168128000
1776168130.109,130.109,0.21,50.0,0.19,16.89,0.18,17.6,0.17,47.39,0.16,19.3,0.22,29.62,0.35,10.0,0.4,8.0,0.42,10.7,0.43,20.6,0.78,29.62,0.65,10.0,0.6,8.0,0.58,10.7,0.57,20.6,0.79,50.0,0.81,16.89,0.82,17.6,0.83,47.39,0.84,19.3,0.01,0.01,616.35716,1776168129000
1776168130.513,130.513,0.21,65.7,0.2,16.2,0.19,16.89,0.18,17.6,0.17,18.39,0.22,28.67,0.25,5.0,0.35,11.4,0.36,21.3,0.37,11.2,0.78,29.62,0.65,10.0,0.6,8.0,0.58,10.7,0.57,20.6,0.79,50.0,0.81,16.89,0.82,17.6,0.83,47.39,0.84,19.3,0.01,0.01,616.35716,1776168129000
1776168131.678,131.678,0.21,65.7,0.2,16.2,0.19,16.89,0.18,17.6,0.17,18.39,0.22,28.67,0.25,5.0,0.35,11.4,0.36,21.3,0.37,11.2,0.78,28.67,0.75,5.0,0.65,11.4,0.64,21.3,0.63,11.2,0.79,65.7,0.8,16.2,0.81,16.89,0.82,17.6,0.83,18.39,0.01,0.01,616.32453,1776168130000
1776168132.242,132.242,0.21,65.7,0.2,16.2,0.19,16.89,0.18,17.6,0.17,18.39,0.22,28.67,0.25,5.0,0.35,11.4,0.36,21.3,0.37,11.2,0.78,28.67,0.75,5.0,0.65,11.4,0.64,21.3,0.63,11.2,0.79,65.7,0.8,16.2,0.81,16.89,0.82,17.6,0.83,18.39,0.01,0.01,616.343787,1776168131000
1776168133.854,133.854,0.21,65.7,0.2,16.2,0.19,16.89,0.18,17.6,0.17,18.39,0.22,28.67,0.25,5.0,0.35,11.4,0.36,21.3,0.37,11.2,0.78,28.67,0.75,5.0,0.65,11.4,0.64,21.3,0.63,11.2,0.79,65.7,0.8,16.2,0.81,16.89,0.82,17.6,0.83,18.39,0.01,0.01,616.32294,1776168132000
1776168134.909,134.909,0.21,65.7,0.2,16.2,0.19,16.89,0.18,17.6,0.17,18.39,0.22,28.67,0.25,5.0,0.35,11.4,0.36,21.3,0.37,11.2,0.78,28.67,0.75,5.0,0.65,11.4,0.64,21.3,0.63,11.2,0.79,65.7,0.8,16.2,0.81,16.89,0.82,17.6,0.83,18.39,0.01,0.01,616.32356,1776168133000
1776168136.022,136.022,0.16,19.3,0.15,20.39,0.14,21.6,0.13,23.0,0.12,24.6,0.18,10.44,0.31,12.2,0.32,11.9,0.33,11.8,0.34,18.6,0.78,28.67,0.75,5.0,0.65,11.4,0.64,21.3,0.63,11.2,0.79,65.7,0.8,16.2,0.81,16.89,0.82,17.6,0.83,18.39,0.02,0.01,616.32356,1776168133000
1776168136.826,136.826,0.16,19.3,0.15,20.39,0.14,21.6,0.13,23.0,0.12,24.6,0.18,10.44,0.31,12.2,0.32,11.9,0.33,11.8,0.34,18.6,0.82,10.44,0.69,12.2,0.68,11.9,0.67,11.8,0.66,18.6,0.84,19.3,0.85,20.39,0.86,21.6,0.87,23.0,0.88,24.6,0.02,0.02,616.25549,1776168135000
1776168137.566,137.566,0.16,19.3,0.15,20.39,0.14,21.6,0.13,23.0,0.12,24.6,0.18,10.44,0.31,12.2,0.32,11.9,0.33,11.8,0.34,18.6,0.82,10.44,0.69,12.2,0.68,11.9,0.67,11.8,0.66,18.6,0.84,19.3,0.85,20.39,0.86,21.6,0.87,23.0,0.88,24.6,0.02,0.02,616.25051,1776168136000
1776168138.305,138.305,0.16,19.3,0.15,20.39,0.14,21.6,0.13,23.0,0.12,24.6,0.18,10.44,0.31,12.2,0.32,11.9,0.33,11.8,0.34,18.6,0.82,10.44,0.69,12.2,0.68,11.9,0.67,11.8,0.66,18.6,0.84,19.3,0.85,20.39,0.86,21.6,0.87,23.0,0.88,24.6,0.02,0.02,616.22324,1776168137000
1776168139.102,139.102,0.16,19.3,0.15,20.39,0.14,21.6,0.13,23.0,0.12,24.6,0.18,10.44,0.31,12.2,0.32,11.9,0.33,11.8,0.34,18.6,0.82,10.44,0.69,12.2,0.68,11.9,0.67,11.8,0.66,18.6,0.84,19.3,0.85,20.39,0.86,21.6,0.87,23.0,0.88,24.6,0.02,0.02,616.194984,1776168138000
1776168140.834,140.834,0.16,19.3,0.15,20.39,0.14,21.6,0.13,23.0,0.12,24.6,0.18,10.44,0.31,12.2,0.32,11.9,0.33,11.8,0.34,18.6,0.82,10.44,0.69,12.2,0.68,11.9,0.67,11.8,0.66,18.6,0.84,19.3,0.85,20.39,0.86,21.6,0.87,23.0,0.88,24.6,0.02,0.02,616.1981,1776168139000
1776168141.487,141.487,0.16,19.3,0.15,20.39,0.14,21.6,0.13,23.0,0.12,24.6,0.18,10.44,0.31,12.2,0.32,11.9,0.33,11.8,0.34,18.6,0.82,10.44,0.69,12.2,0.68,11.9,0.67,11.8,0.66,18.6,0.84,19.3,0.85,20.39,0.86,21.6,0.87,23.0,0.88,24.6,0.02,0.02,616.189654,1776168140000
1776168142.07,142.07,0.16,19.3,0.15,20.39,0.14,21.6,0.13,23.0,0.12,24.6,0.18,10.44,0.31,12.2,0.32,11.9,0.33,11.8,0.34,18.6,0.82,10.44,0.69,12.2,0.68,11.9,0.67,11.8,0.66,18.6,0.84,19.3,0.85,20.39,0.86,21.6,0.87,23.0,0.88,24.6,0.02,0.02,616.19089,1776168141000
1776168143.22,143.22,0.16,19.3,0.15,20.39,0.14,21.6,0.13,23.0,0.12,24.6,0.18,10.44,0.31,12.2,0.32,11.9,0.33,11.8,0.34,18.6,0.82,10.44,0.69,12.2,0.68,11.9,0.67,11.8,0.66,18.6,0.84,19.3,0.85,20.39,0.86,21.6,0.87,23.0,0.88,24.6,0.02,0.02,616.22457,1776168142000
1776168144.252,144.252,0.16,19.3,0.15,20.39,0.14,21.6,0.13,23.0,0.12,24.6,0.18,10.44,0.31,12.2,0.32,11.9,0.33,11.8,0.34,18.6,0.82,10.44,0.69,12.2,0.68,11.9,0.67,11.8,0.66,18.6,0.84,19.3,0.85,20.39,0.86,21.6,0.87,23.0,0.88,24.6,0.02,0.02,616.235462,1776168143000
1776168145.36,145.36,0.16,19.3,0.15,20.39,0.14,21.6,0.13,23.0,0.12,24.6,0.18,10.44,0.31,12.2,0.32,11.9,0.33,11.8,0.34,18.6,0.82,10.44,0.69,12.2,0.68,11.9,0.67,11.8,0.66,18.6,0.84,19.3,0.85,20.39,0.86,21.6,0.87,23.0,0.88,24.6,0.02,0.02,616.22361,1776168144000
1776168146.355,146.355,0.16,19.3,0.15,20.39,0.14,21.6,0.13,23.0,0.12,24.6,0.18,10.44,0.31,12.2,0.32,11.9,0.33,11.8,0.34,18.6,0.82,10.44,0.69,12.2,0.68,11.9,0.67,11.8,0.66,18.6,0.84,19.3,0.85,20.39,0.86,21.6,0.87,23.0,0.88,24.6,0.02,0.02,616.228046,1776168145000
1776168146.955,146.955,0.16,19.3,0.15,20.39,0.14,21.6,0.13,23.0,0.12,24.6,0.18,10.44,0.31,12.2,0.32,11.9,0.33,11.8,0.34,18.6,0.82,10.44,0.69,12.2,0.68,11.9,0.67,11.8,0.66,18.6,0.84,19.3,0.85,20.39,0.86,21.6,0.87,23.0,0.88,24.6,0.02,0.02,616.23347,1776168146000
1776168148.08,148.08,0.16,19.3,0.15,20.39,0.14,21.6,0.13,23.0,0.12,24.6,0.18,10.44,0.31,12.2,0.32,11.9,0.33,11.8,0.34,18.6,0.82,10.44,0.69,12.2,0.68,11.9,0.67,11.8,0.66,18.6,0.84,19.3,0.85,20.39,0.86,21.6,0.87,23.0,0.88,24.6,0.02,0.02,616.22001,1776168147000
1776168149.166,149.166,0.13,7.65,0.12,24.6,0.11,76.6,0.1,33.9,0.09,31.7,0.18,10.44,0.22,10.0,0.23,14.7,0.24,14.3,0.25,13.9,0.82,10.44,0.69,12.2,0.68,11.9,0.67,11.8,0.66,18.6,0.84,19.3,0.85,20.39,0.86,21.6,0.87,23.0,0.88,24.6,0.05,0.02,616.22001,1776168147000
1776168150.403,150.403,0.13,7.65,0.12,24.6,0.11,76.6,0.1,33.9,0.09,31.7,0.18,10.44,0.22,10.0,0.23,14.7,0.24,14.3,0.25,13.9,0.82,10.44,0.78,10.0,0.77,14.7,0.76,14.3,0.75,13.9,0.87,7.65,0.88,24.6,0.89,76.6,0.9,33.9,0.91,31.7,0.05,0.05,616.19098,1776168149000
1776168150.917,150.917,0.13,7.65,0.12,24.6,0.11,76.6,0.1,33.9,0.09,31.7,0.18,10.44,0.22,10.0,0.23,14.7,0.24,14.3,0.25,13.9,0.82,10.44,0.78,10.0,0.77,14.7,0.76,14.3,0.75,13.9,0.87,7.65,0.88,24.6,0.89,76.6,0.9,33.9,0.91,31.7,0.05,0.05,616.18986,1776168150000
1776168152.091,152.091,0.13,7.65,0.12,24.6,0.11,76.6,0.1,33.9,0.09,31.7,0.18,10.44,0.22,10.0,0.23,14.7,0.24,14.3,0.25,13.9,0.82,10.44,0.78,10.0,0.77,14.7,0.76,14.3,0.75,13.9,0.87,7.65,0.88,24.6,0.89,76.6,0.9,33.9,0.91,31.7,0.05,0.05,616.21302,1776168151000
1776168153.094,153.094,0.13,7.65,0.12,24.6,0.11,76.6,0.1,33.9,0.09,31.7,0.18,10.44,0.22,10.0,0.23,14.7,0.24,14.3,0.25,13.9,0.82,10.44,0.78,10.0,0.77,14.7,0.76,14.3,0.75,13.9,0.87,7.65,0.88,24.6,0.89,76.6,0.9,33.9,0.91,31.7,0.05,0.05,616.20067,1776168152000
1776168154.165,154.165,0.13,7.65,0.12,24.6,0.11,76.6,0.1,33.9,0.09,31.7,0.18,10.44,0.22,10.0,0.23,14.7,0.24,14.3,0.25,13.9,0.82,10.44,0.78,10.0,0.77,14.7,0.76,14.3,0.75,13.9,0.87,7.65,0.88,24.6,0.89,76.6,0.9,33.9,0.91,31.7,0.05,0.05,616.22628,1776168153000
1776168155.15,155.15,0.13,7.65,0.12,24.6,0.11,76.6,0.1,33.9,0.09,31.7,0.18,10.44,0.22,10.0,0.23,14.7,0.24,14.3,0.25,13.9,0.82,10.44,0.78,10.0,0.77,14.7,0.76,14.3,0.75,13.9,0.87,7.65,0.88,24.6,0.89,76.6,0.9,33.9,0.91,31.7,0.05,0.05,616.220674,1776168154000
1776168156.195,156.195,0.13,7.65,0.12,24.6,0.11,76.6,0.1,33.9,0.09,31.7,0.18,10.44,0.22,10.0,0.23,14.7,0.24,14.3,0.25,13.9,0.82,10.44,0.78,10.0,0.77,14.7,0.76,14.3,0.75,13.9,0.87,7.65,0.88,24.6,0.89,76.6,0.9,33.9,0.91,31.7,0.05,0.05,616.22856,1776168155000
1776168157.192,157.192,0.13,7.65,0.12,24.6,0.11,76.6,0.1,33.9,0.09,31.7,0.18,10.44,0.22,10.0,0.23,14.7,0.24,14.3,0.25,13.9,0.82,10.44,0.78,10.0,0.77,14.7,0.76,14.3,0.75,13.9,0.87,7.65,0.88,24.6,0.89,76.6,0.9,33.9,0.91,31.7,0.05,0.05,616.20528,1776168156000
1776168158.285,158.285,0.13,7.65,0.12,24.6,0.11,76.6,0.1,33.9,0.09,31.7,0.18,10.44,0.22,10.0,0.23,14.7,0.24,14.3,0.25,13.9,0.82,10.44,0.78,10.0,0.77,14.7,0.76,14.3,0.75,13.9,0.87,7.65,0.88,24.6,0.89,76.6,0.9,33.9,0.91,31.7,0.05,0.05,616.2102,1776168157000
1776168159.435,159.435,0.13,7.65,0.12,24.6,0.11,76.6,0.1,33.9,0.09,31.7,0.18,10.44,0.22,10.0,0.23,14.7,0.24,14.3,0.25,13.9,0.82,10.44,0.78,10.0,0.77,14.7,0.76,14.3,0.75,13.9,0.87,7.65,0.88,24.6,0.89,76.6,0.9,33.9,0.91,31.7,0.05,0.05,616.20358,1776168158000
1776168159.935,159.935,0.13,7.65,0.12,24.6,0.11,76.6,0.1,33.9,0.09,31.7,0.18,10.44,0.22,10.0,0.23,14.7,0.24,14.3,0.25,13.9,0.82,10.44,0.78,10.0,0.77,14.7,0.76,14.3,0.75,13.9,0.87,7.65,0.88,24.6,0.89,76.6,0.9,33.9,0.91,31.7,0.05,0.05,616.20417,1776168159000
1776168160.946,160.946,0.13,7.65,0.12,24.6,0.11,76.6,0.1,33.9,0.09,31.7,0.18,10.44,0.22,10.0,0.23,14.7,0.24,14.3,0.25,13.9,0.82,10.44,0.78,10.0,0.77,14.7,0.76,14.3,0.75,13.9,0.87,7.65,0.88,24.6,0.89,76.6,0.9,33.9,0.91,31.7,0.05,0.05,616.22074,1776168160000
1776168161.928,161.928,0.13,7.65,0.12,24.6,0.11,76.6,0.1,33.9,0.09,31.7,0.18,10.44,0.22,10.0,0.23,14.7,0.24,14.3,0.25,13.9,0.82,10.44,0.78,10.0,0.77,14.7,0.76,14.3,0.75,13.9,0.87,7.65,0.88,24.6,0.89,76.6,0.9,33.9,0.91,31.7,0.05,0.05,616.20817,1776168161000
1776168162.763,162.763,0.14,21.6,0.13,23.0,0.12,24.6,0.11,76.6,0.1,33.9,0.18,5.44,0.21,10.0,0.24,20.3,0.25,13.9,0.26,13.5,0.82,10.44,0.78,10.0,0.77,14.7,0.76,14.3,0.75,13.9,0.87,7.65,0.88,24.6,0.89,76.6,0.9,33.9,0.91,31.7,0.04,0.05,616.20817,1776168161000
1776168163.023,163.023,0.14,21.6,0.13,23.0,0.12,24.6,0.11,76.6,0.1,33.9,0.18,5.44,0.21,10.0,0.24,20.3,0.25,13.9,0.26,13.5,0.82,5.44,0.79,10.0,0.76,20.3,0.75,13.9,0.74,13.5,0.86,21.6,0.87,23.0,0.88,24.6,0.89,76.6,0.9,33.9,0.04,0.04,616.246362,1776168162000
1776168163.98,163.98,0.14,21.6,0.13,23.0,0.12,24.6,0.11,76.6,0.1,33.9,0.18,5.44,0.21,10.0,0.24,20.3,0.25,13.9,0.26,13.5,0.82,5.44,0.79,10.0,0.76,20.3,0.75,13.9,0.74,13.5,0.86,21.6,0.87,23.0,0.88,24.6,0.89,76.6,0.9,33.9,0.04,0.04,616.25717,1776168163000
1776168164.969,164.969,0.14,21.6,0.13,23.0,0.12,24.6,0.11,76.6,0.1,33.9,0.18,5.44,0.21,10.0,0.24,20.3,0.25,13.9,0.26,13.5,0.82,5.44,0.79,10.0,0.76,20.3,0.75,13.9,0.74,13.5,0.86,21.6,0.87,23.0,0.88,24.6,0.89,76.6,0.9,33.9,0.04,0.04,616.25717,1776168164000
1776168175.168,175.168,0.14,21.6,0.13,23.0,0.12,24.6,0.11,76.6,0.1,33.9,0.18,5.44,0.21,10.0,0.24,20.3,0.25,13.9,0.26,13.5,0.82,5.44,0.79,10.0,0.76,20.3,0.75,13.9,0.74,13.5,0.86,21.6,0.87,23.0,0.88,24.6,0.89,76.6,0.9,33.9,0.04,0.04,616.350263,1776168173000
1776168176.28,176.28,0.14,21.6,0.13,23.0,0.12,24.6,0.11,76.6,0.1,33.9,0.18,5.44,0.21,10.0,0.24,20.3,0.25,13.9,0.26,13.5,0.82,5.44,0.79,10.0,0.76,20.3,0.75,13.9,0.74,13.5,0.86,21.6,0.87,23.0,0.88,24.6,0.89,76.6,0.9,33.9,0.04,0.04,616.36118,1776168175000
1776168177.246,177.246,0.14,21.6,0.13,23.0,0.12,24.6,0.11,76.6,0.1,33.9,0.18,5.44,0.21,10.0,0.24,20.3,0.25,13.9,0.26,13.5,0.82,5.44,0.79,10.0,0.76,20.3,0.75,13.9,0.74,13.5,0.86,21.6,0.87,23.0,0.88,24.6,0.89,76.6,0.9,33.9,0.04,0.04,616.35782,1776168176000
1776168178.193,178.193,0.14,21.6,0.13,23.0,0.12,24.6,0.11,76.6,0.1,33.9,0.18,5.44,0.21,10.0,0.24,20.3,0.25,13.9,0.26,13.5,0.82,5.44,0.79,10.0,0.76,20.3,0.75,13.9,0.74,13.5,0.86,21.6,0.87,23.0,0.88,24.6,0.89,76.6,0.9,33.9,0.04,0.04,616.373087,1776168177000
1776168179.195,179.195,0.14,21.6,0.13,23.0,0.12,24.6,0.11,76.6,0.1,33.9,0.18,5.44,0.21,10.0,0.24,20.3,0.25,13.9,0.26,13.5,0.82,5.44,0.79,10.0,0.76,20.3,0.75,13.9,0.74,13.5,0.86,21.6,0.87,23.0,0.88,24.6,0.89,76.6,0.9,33.9,0.04,0.04,616.379373,1776168178000
1776168180.097,180.097,0.14,21.6,0.13,23.0,0.12,24.6,0.11,76.6,0.1,33.9,0.18,5.44,0.21,10.0,0.24,20.3,0.25,13.9,0.26,13.5,0.82,5.44,0.79,10.0,0.76,20.3,0.75,13.9,0.74,13.5,0.86,21.6,0.87,23.0,0.88,24.6,0.89,76.6,0.9,33.9,0.04,0.04,616.3899,1776168179000
1776168181.652,181.652,0.14,21.6,0.13,23.0,0.12,24.6,0.11,76.6,0.1,33.9,0.18,5.44,0.21,10.0,0.24,20.3,0.25,13.9,0.26,13.5,0.82,5.44,0.79,10.0,0.76,20.3,0.75,13.9,0.74,13.5,0.86,21.6,0.87,23.0,0.88,24.6,0.89,76.6,0.9,33.9,0.04,0.04,616.40027,1776168180000
1776168182.34,182.34,0.14,21.6,0.13,23.0,0.12,24.6,0.11,76.6,0.1,33.9,0.18,5.44,0.21,10.0,0.24,20.3,0.25,13.9,0.26,13.5,0.82,5.44,0.79,10.0,0.76,20.3,0.75,13.9,0.74,13.5,0.86,21.6,0.87,23.0,0.88,24.6,0.89,76.6,0.9,33.9,0.04,0.04,616.40043,1776168181000
1776168183.134,183.134,0.14,21.6,0.13,23.0,0.12,24.6,0.11,76.6,0.1,33.9,0.18,5.44,0.21,10.0,0.24,20.3,0.25,13.9,0.26,13.5,0.82,5.44,0.79,10.0,0.76,20.3,0.75,13.9,0.74,13.5,0.86,21.6,0.87,23.0,0.88,24.6,0.89,76.6,0.9,33.9,0.04,0.04,616.39671,1776168182000
1776168184.234,184.234,0.14,21.6,0.13,23.0,0.12,24.6,0.11,76.6,0.1,33.9,0.18,5.44,0.21,10.0,0.24,20.3,0.25,13.9,0.26,13.5,0.82,5.44,0.79,10.0,0.76,20.3,0.75,13.9,0.74,13.5,0.86,21.6,0.87,23.0,0.88,24.6,0.89,76.6,0.9,33.9,0.04,0.04,616.33769,1776168183000
1776168185.217,185.217,0.14,21.6,0.13,23.0,0.12,24.6,0.11,76.6,0.1,33.9,0.18,5.44,0.21,10.0,0.24,20.3,0.25,13.9,0.26,13.5,0.82,5.44,0.79,10.0,0.76,20.3,0.75,13.9,0.74,13.5,0.86,21.6,0.87,23.0,0.88,24.6,0.89,76.6,0.9,33.9,0.04,0.04,616.34833,1776168184000
1776168186.158,186.158,0.14,21.6,0.13,23.0,0.12,24.6,0.11,76.6,0.1,33.9,0.18,5.44,0.21,10.0,0.24,20.3,0.25,13.9,0.26,13.5,0.82,5.44,0.79,10.0,0.76,20.3,0.75,13.9,0.74,13.5,0.86,21.6,0.87,23.0,0.88,24.6,0.89,76.6,0.9,33.9,0.04,0.04,616.35326,1776168185000
1776168187.219,187.219,0.14,21.6,0.13,23.0,0.12,24.6,0.11,76.6,0.1,33.9,0.18,5.44,0.21,10.0,0.24,20.3,0.25,13.9,0.26,13.5,0.82,5.44,0.79,10.0,0.76,20.3,0.75,13.9,0.74,13.5,0.86,21.6,0.87,23.0,0.88,24.6,0.89,76.6,0.9,33.9,0.04,0.04,616.36418,1776168186000
1776168188.172,188.172,0.14,21.6,0.13,23.0,0.12,24.6,0.11,76.6,0.1,33.9,0.18,5.44,0.21,10.0,0.24,20.3,0.25,13.9,0.26,13.5,0.82,5.44,0.79,10.0,0.76,20.3,0.75,13.9,0.74,13.5,0.86,21.6,0.87,23.0,0.88,24.6,0.89,76.6,0.9,33.9,0.04,0.04,616.36769,1776168187000
1776168189.154,189.154,0.14,21.6,0.13,23.0,0.12,24.6,0.11,76.6,0.1,33.9,0.18,5.44,0.21,10.0,0.24,20.3,0.25,13.9,0.26,13.5,0.82,5.44,0.79,10.0,0.76,20.3,0.75,13.9,0.74,13.5,0.86,21.6,0.87,23.0,0.88,24.6,0.89,76.6,0.9,33.9,0.04,0.04,616.43723,1776168188000
1776168190.218,190.218,0.14,21.6,0.13,23.0,0.12,24.6,0.11,76.6,0.1,33.9,0.18,5.44,0.21,10.0,0.24,20.3,0.25,13.9,0.26,13.5,0.82,5.44,0.79,10.0,0.76,20.3,0.75,13.9,0.74,13.5,0.86,21.6,0.87,23.0,0.88,24.6,0.89,76.6,0.9,33.9,0.04,0.04,616.49716,1776168189000
1776168190.54,190.54,0.31,40.0,0.28,12.9,0.27,13.2,0.26,13.5,0.25,13.9,0.38,8.0,0.41,10.0,0.51,20.4,0.52,10.4,0.53,10.4,0.82,5.44,0.79,10.0,0.76,20.3,0.75,13.9,0.74,13.5,0.86,21.6,0.87,23.0,0.88,24.6,0.89,76.6,0.9,33.9,0.07,0.04,616.49716,1776168189000
1776168191.212,191.212,0.31,40.0,0.28,12.9,0.27,13.2,0.26,13.5,0.25,13.9,0.38,8.0,0.41,10.0,0.51,20.4,0.52,10.4,0.53,10.4,0.62,8.0,0.59,10.0,0.49,20.4,0.48,10.4,0.47,10.4,0.69,40.0,0.72,12.9,0.73,13.2,0.74,13.5,0.75,13.9,0.07,0.07,616.511344,1776168190000
1776168192.243,192.243,0.31,40.0,0.28,12.9,0.27,13.2,0.26,13.5,0.25,13.9,0.38,8.0,0.41,10.0,0.51,20.4,0.52,10.4,0.53,10.4,0.62,8.0,0.59,10.0,0.49,20.4,0.48,10.4,0.47,10.4,0.69,40.0,0.72,12.9,0.73,13.2,0.74,13.5,0.75,13.9,0.07,0.07,616.4747,1776168191000
1776168193.207,193.207,0.31,40.0,0.28,12.9,0.27,13.2,0.26,13.5,0.25,13.9,0.38,8.0,0.41,10.0,0.51,20.4,0.52,10.4,0.53,10.4,0.62,8.0,0.59,10.0,0.49,20.4,0.48,10.4,0.47,10.4,0.69,40.0,0.72,12.9,0.73,13.2,0.74,13.5,0.75,13.9,0.07,0.07,616.54316,1776168192000
1776168194.85,194.85,0.31,40.0,0.28,12.9,0.27,13.2,0.26,13.5,0.25,13.9,0.38,8.0,0.41,10.0,0.51,20.4,0.52,10.4,0.53,10.4,0.62,8.0,0.59,10.0,0.49,20.4,0.48,10.4,0.47,10.4,0.69,40.0,0.72,12.9,0.73,13.2,0.74,13.5,0.75,13.9,0.07,0.07,616.52883,1776168193000
1776168195.397,195.397,0.31,40.0,0.28,12.9,0.27,13.2,0.26,13.5,0.25,13.9,0.38,8.0,0.41,10.0,0.51,20.4,0.52,10.4,0.53,10.4,0.62,8.0,0.59,10.0,0.49,20.4,0.48,10.4,0.47,10.4,0.69,40.0,0.72,12.9,0.73,13.2,0.74,13.5,0.75,13.9,0.07,0.07,616.52614,1776168194000
1776168196.093,196.093,0.31,40.0,0.28,12.9,0.27,13.2,0.26,13.5,0.25,13.9,0.38,8.0,0.41,10.0,0.51,20.4,0.52,10.4,0.53,10.4,0.62,8.0,0.59,10.0,0.49,20.4,0.48,10.4,0.47,10.4,0.69,40.0,0.72,12.9,0.73,13.2,0.74,13.5,0.75,13.9,0.07,0.07,616.5288,1776168195000
1776168197.392,197.392,0.31,40.0,0.28,12.9,0.27,13.2,0.26,13.5,0.25,13.9,0.38,8.0,0.41,10.0,0.51,20.4,0.52,10.4,0.53,10.4,0.62,8.0,0.59,10.0,0.49,20.4,0.48,10.4,0.47,10.4,0.69,40.0,0.72,12.9,0.73,13.2,0.74,13.5,0.75,13.9,0.07,0.07,616.638982,1776168196000
1776168198.09,198.09,0.31,40.0,0.28,12.9,0.27,13.2,0.26,13.5,0.25,13.9,0.38,8.0,0.41,10.0,0.51,20.4,0.52,10.4,0.53,10.4,0.62,8.0,0.59,10.0,0.49,20.4,0.48,10.4,0.47,10.4,0.69,40.0,0.72,12.9,0.73,13.2,0.74,13.5,0.75,13.9,0.07,0.07,616.63566,1776168197000
1776168199.477,199.477,0.31,40.0,0.28,12.9,0.27,13.2,0.26,13.5,0.25,13.9,0.38,8.0,0.41,10.0,0.51,20.4,0.52,10.4,0.53,10.4,0.62,8.0,0.59,10.0,0.49,20.4,0.48,10.4,0.47,10.4,0.69,40.0,0.72,12.9,0.73,13.2,0.74,13.5,0.75,13.9,0.07,0.07,616.608794,1776168198000
1776168200.242,200.242,0.31,40.0,0.28,12.9,0.27,13.2,0.26,13.5,0.25,13.9,0.38,8.0,0.41,10.0,0.51,20.4,0.52,10.4,0.53,10.4,0.62,8.0,0.59,10.0,0.49,20.4,0.48,10.4,0.47,10.4,0.69,40.0,0.72,12.9,0.73,13.2,0.74,13.5,0.75,13.9,0.07,0.07,616.608659,1776168199000
1776168201.703,201.703,0.43,10.6,0.42,10.7,0.41,10.7,0.4,10.8,0.39,10.9,0.51,42.0,0.57,11.0,0.59,10.7,0.6,10.8,0.61,60.9,0.62,8.0,0.59,10.0,0.49,20.4,0.48,10.4,0.47,10.4,0.69,40.0,0.72,12.9,0.73,13.2,0.74,13.5,0.75,13.9,0.08,0.07,616.608659,1776168199000
1776168202.021,202.021,0.43,10.6,0.42,10.7,0.41,10.7,0.4,10.8,0.39,10.9,0.51,42.0,0.57,11.0,0.59,10.7,0.6,10.8,0.61,60.9,0.49,42.0,0.43,11.0,0.41,10.7,0.4,10.8,0.39,60.9,0.57,10.6,0.58,10.7,0.59,10.7,0.6,10.8,0.61,10.9,0.08,0.08,616.606454,1776168200000
1776168202.856,202.856,0.43,10.6,0.42,10.7,0.41,10.7,0.4,10.8,0.39,10.9,0.51,42.0,0.57,11.0,0.59,10.7,0.6,10.8,0.61,60.9,0.49,42.0,0.43,11.0,0.41,10.7,0.4,10.8,0.39,60.9,0.57,10.6,0.58,10.7,0.59,10.7,0.6,10.8,0.61,10.9,0.08,0.08,616.607147,1776168201000
1776168203.628,203.628,0.43,10.6,0.42,10.7,0.41,10.7,0.4,10.8,0.39,10.9,0.51,42.0,0.57,11.0,0.59,10.7,0.6,10.8,0.61,60.9,0.49,42.0,0.43,11.0,0.41,10.7,0.4,10.8,0.39,60.9,0.57,10.6,0.58,10.7,0.59,10.7,0.6,10.8,0.61,10.9,0.08,0.08,616.64005,1776168202000
1776168204.737,204.737,0.43,10.6,0.42,10.7,0.41,10.7,0.4,10.8,0.39,10.9,0.51,42.0,0.57,11.0,0.59,10.7,0.6,10.8,0.61,60.9,0.49,42.0,0.43,11.0,0.41,10.7,0.4,10.8,0.39,60.9,0.57,10.6,0.58,10.7,0.59,10.7,0.6,10.8,0.61,10.9,0.08,0.08,616.62877,1776168203000
1776168205.523,205.523,0.43,10.6,0.42,10.7,0.41,10.7,0.4,10.8,0.39,10.9,0.51,42.0,0.57,11.0,0.59,10.7,0.6,10.8,0.61,60.9,0.49,42.0,0.43,11.0,0.41,10.7,0.4,10.8,0.39,60.9,0.57,10.6,0.58,10.7,0.59,10.7,0.6,10.8,0.61,10.9,0.08,0.08,616.63784,1776168204000
1776168206.199,206.199,0.43,10.6,0.42,10.7,0.41,10.7,0.4,10.8,0.39,10.9,0.51,42.0,0.57,11.0,0.59,10.7,0.6,10.8,0.61,60.9,0.49,42.0,0.43,11.0,0.41,10.7,0.4,10.8,0.39,60.9,0.57,10.6,0.58,10.7,0.59,10.7,0.6,10.8,0.61,10.9,0.08,0.08,616.63096,1776168205000
1776168207.76,207.76,0.43,10.6,0.42,10.7,0.41,10.7,0.4,10.8,0.39,10.9,0.51,42.0,0.57,11.0,0.59,10.7,0.6,10.8,0.61,60.9,0.49,42.0,0.43,11.0,0.41,10.7,0.4,10.8,0.39,60.9,0.57,10.6,0.58,10.7,0.59,10.7,0.6,10.8,0.61,10.9,0.08,0.08,616.646346,1776168206000
1776168208.443,208.443,0.43,10.6,0.42,10.7,0.41,10.7,0.4,10.8,0.39,10.9,0.51,42.0,0.57,11.0,0.59,10.7,0.6,10.8,0.61,60.9,0.49,42.0,0.43,11.0,0.41,10.7,0.4,10.8,0.39,60.9,0.57,10.6,0.58,10.7,0.59,10.7,0.6,10.8,0.61,10.9,0.08,0.08,616.63732,1776168207000
1776168209.182,209.182,0.43,10.6,0.42,10.7,0.41,10.7,0.4,10.8,0.39,10.9,0.51,42.0,0.57,11.0,0.59,10.7,0.6,10.8,0.61,60.9,0.49,42.0,0.43,11.0,0.41,10.7,0.4,10.8,0.39,60.9,0.57,10.6,0.58,10.7,0.59,10.7,0.6,10.8,0.61,10.9,0.08,0.08,616.64194,1776168208000
1776168210.803,210.803,0.43,10.6,0.42,10.7,0.41,10.7,0.4,10.8,0.39,10.9,0.51,42.0,0.57,11.0,0.59,10.7,0.6,10.8,0.61,60.9,0.49,42.0,0.43,11.0,0.41,10.7,0.4,10.8,0.39,60.9,0.57,10.6,0.58,10.7,0.59,10.7,0.6,10.8,0.61,10.9,0.08,0.08,616.651003,1776168209000
1776168211.441,211.441,0.43,10.6,0.42,10.7,0.41,10.7,0.4,10.8,0.39,10.9,0.51,42.0,0.57,11.0,0.59,10.7,0.6,10.8,0.61,60.9,0.49,42.0,0.43,11.0,0.41,10.7,0.4,10.8,0.39,60.9,0.57,10.6,0.58,10.7,0.59,10.7,0.6,10.8,0.61,10.9,0.08,0.08,616.65498,1776168210000
1776168212.209,212.209,0.43,10.6,0.42,10.7,0.41,10.7,0.4,10.8,0.39,10.9,0.51,42.0,0.57,11.0,0.59,10.7,0.6,10.8,0.61,60.9,0.49,42.0,0.43,11.0,0.41,10.7,0.4,10.8,0.39,60.9,0.57,10.6,0.58,10.7,0.59,10.7,0.6,10.8,0.61,10.9,0.08,0.08,616.655509,1776168211000
1776168213.991,213.991,0.43,10.6,0.42,10.7,0.41,10.7,0.4,10.8,0.39,10.9,0.51,42.0,0.57,11.0,0.59,10.7,0.6,10.8,0.61,60.9,0.49,42.0,0.43,11.0,0.41,10.7,0.4,10.8,0.39,60.9,0.57,10.6,0.58,10.7,0.59,10.7,0.6,10.8,0.61,10.9,0.08,0.08,616.733,1776168212000
1776168214.539,214.539,0.43,10.6,0.42,10.7,0.41,10.7,0.4,10.8,0.39,10.9,0.51,42.0,0.57,11.0,0.59,10.7,0.6,10.8,0.61,60.9,0.49,42.0,0.43,11.0,0.41,10.7,0.4,10.8,0.39,60.9,0.57,10.6,0.58,10.7,0.59,10.7,0.6,10.8,0.61,10.9,0.08,0.08,616.738,1776168213000
1776168215.052,215.052,0.43,10.6,0.42,10.7,0.41,10.7,0.4,10.8,0.39,10.9,0.51,42.0,0.57,11.0,0.59,10.7,0.6,10.8,0.61,60.9,0.49,42.0,0.43,11.0,0.41,10.7,0.4,10.8,0.39,60.9,0.57,10.6,0.58,10.7,0.59,10.7,0.6,10.8,0.61,10.9,0.08,0.08,616.708303,1776168214000
1776168216.119,216.119,0.43,10.6,0.42,10.7,0.41,10.7,0.4,10.8,0.39,10.9,0.51,42.0,0.57,11.0,0.59,10.7,0.6,10.8,0.61,60.9,0.49,42.0,0.43,11.0,0.41,10.7,0.4,10.8,0.39,60.9,0.57,10.6,0.58,10.7,0.59,10.7,0.6,10.8,0.61,10.9,0.08,0.08,616.707,1776168215000
1776168217.236,217.236,0.43,10.6,0.42,10.7,0.41,10.7,0.4,10.8,0.39,10.9,0.51,42.0,0.57,11.0,0.59,10.7,0.6,10.8,0.61,60.9,0.49,42.0,0.43,11.0,0.41,10.7,0.4,10.8,0.39,60.9,0.57,10.6,0.58,10.7,0.59,10.7,0.6,10.8,0.61,10.9,0.08,0.08,616.705,1776168216000
1776168217.589,217.589,0.61,10.9,0.6,10.8,0.59,15.8,0.58,10.7,0.57,10.6,0.69,13.1,0.71,72.0,0.75,10.0,0.76,14.3,0.77,14.7,0.49,42.0,0.43,11.0,0.41,10.7,0.4,10.8,0.39,60.9,0.57,10.6,0.58,10.7,0.59,10.7,0.6,10.8,0.61,10.9,0.08,0.08,616.705,1776168216000
1776168218.41,218.41,0.61,10.9,0.6,10.8,0.59,15.8,0.58,10.7,0.57,10.6,0.69,13.1,0.71,72.0,0.75,10.0,0.76,14.3,0.77,14.7,0.31,13.1,0.29,72.0,0.25,10.0,0.24,14.3,0.23,14.7,0.39,10.9,0.4,10.8,0.41,15.8,0.42,10.7,0.43,10.6,0.08,0.08,616.712,1776168217000
1776168219.336,219.336,0.61,10.9,0.6,10.8,0.59,15.8,0.58,10.7,0.57,10.6,0.69,13.1,0.71,72.0,0.75,10.0,0.76,14.3,0.77,14.7,0.31,13.1,0.29,72.0,0.25,10.0,0.24,14.3,0.23,14.7,0.39,10.9,0.4,10.8,0.41,15.8,0.42,10.7,0.43,10.6,0.08,0.08,616.709,1776168218000
1776168220.47,220.47,0.61,10.9,0.6,10.8,0.59,15.8,0.58,10.7,0.57,10.6,0.69,13.1,0.71,72.0,0.75,10.0,0.76,14.3,0.77,14.7,0.31,13.1,0.29,72.0,0.25,10.0,0.24,14.3,0.23,14.7,0.39,10.9,0.4,10.8,0.41,15.8,0.42,10.7,0.43,10.6,0.08,0.08,616.708,1776168219000
1776168220.894,220.894,0.61,10.9,0.6,10.8,0.59,15.8,0.58,10.7,0.57,10.6,0.69,13.1,0.71,72.0,0.75,10.0,0.76,14.3,0.77,14.7,0.31,13.1,0.29,72.0,0.25,10.0,0.24,14.3,0.23,14.7,0.39,10.9,0.4,10.8,0.41,15.8,0.42,10.7,0.43,10.6,0.08,0.08,616.708,1776168220000
1776168221.979,221.979,0.61,10.9,0.6,10.8,0.59,15.8,0.58,10.7,0.57,10.6,0.69,13.1,0.71,72.0,0.75,10.0,0.76,14.3,0.77,14.7,0.31,13.1,0.29,72.0,0.25,10.0,0.24,14.3,0.23,14.7,0.39,10.9,0.4,10.8,0.41,15.8,0.42,10.7,0.43,10.6,0.08,0.08,616.702,1776168221000
1776168222.986,222.986,0.61,10.9,0.6,10.8,0.59,15.8,0.58,10.7,0.57,10.6,0.69,13.1,0.71,72.0,0.75,10.0,0.76,14.3,0.77,14.7,0.31,13.1,0.29,72.0,0.25,10.0,0.24,14.3,0.23,14.7,0.39,10.9,0.4,10.8,0.41,15.8,0.42,10.7,0.43,10.6,0.08,0.08,616.705508,1776168222000
1776168224.087,224.087,0.61,10.9,0.6,10.8,0.59,15.8,0.58,10.7,0.57,10.6,0.69,13.1,0.71,72.0,0.75,10.0,0.76,14.3,0.77,14.7,0.31,13.1,0.29,72.0,0.25,10.0,0.24,14.3,0.23,14.7,0.39,10.9,0.4,10.8,0.41,15.8,0.42,10.7,0.43,10.6,0.08,0.08,616.706,1776168223000
1776168225.102,225.102,0.61,10.9,0.6,10.8,0.59,15.8,0.58,10.7,0.57,10.6,0.69,13.1,0.71,72.0,0.75,10.0,0.76,14.3,0.77,14.7,0.31,13.1,0.29,72.0,0.25,10.0,0.24,14.3,0.23,14.7,0.39,10.9,0.4,10.8,0.41,15.8,0.42,10.7,0.43,10.6,0.08,0.08,616.705,1776168224000
1776168226.314,226.314,0.61,10.9,0.6,10.8,0.59,15.8,0.58,10.7,0.57,10.6,0.69,13.1,0.71,72.0,0.75,10.0,0.76,14.3,0.77,14.7,0.31,13.1,0.29,72.0,0.25,10.0,0.24,14.3,0.23,14.7,0.39,10.9,0.4,10.8,0.41,15.8,0.42,10.7,0.43,10.6,0.08,0.08,616.70718,1776168225000
1776168228.199,228.199,0.61,10.9,0.6,10.8,0.59,15.8,0.58,10.7,0.57,10.6,0.69,13.1,0.71,72.0,0.75,10.0,0.76,14.3,0.77,14.7,0.31,13.1,0.29,72.0,0.25,10.0,0.24,14.3,0.23,14.7,0.39,10.9,0.4,10.8,0.41,15.8,0.42,10.7,0.43,10.6,0.08,0.08,616.662,1776168227000
1776168229.292,229.292,0.61,10.9,0.6,10.8,0.59,15.8,0.58,10.7,0.57,10.6,0.69,13.1,0.71,72.0,0.75,10.0,0.76,14.3,0.77,14.7,0.31,13.1,0.29,72.0,0.25,10.0,0.24,14.3,0.23,14.7,0.39,10.9,0.4,10.8,0.41,15.8,0.42,10.7,0.43,10.6,0.08,0.08,616.68152,1776168228000
1776168230.343,230.343,0.61,10.9,0.6,10.8,0.59,15.8,0.58,10.7,0.57,10.6,0.69,13.1,0.71,72.0,0.75,10.0,0.76,14.3,0.77,14.7,0.31,13.1,0.29,72.0,0.25,10.0,0.24,14.3,0.23,14.7,0.39,10.9,0.4,10.8,0.41,15.8,0.42,10.7,0.43,10.6,0.08,0.08,616.67854,1776168229000
1776168231.034,231.034,0.61,10.9,0.6,10.8,0.59,15.8,0.58,10.7,0.57,10.6,0.69,13.1,0.71,72.0,0.75,10.0,0.76,14.3,0.77,14.7,0.31,13.1,0.29,72.0,0.25,10.0,0.24,14.3,0.23,14.7,0.39,10.9,0.4,10.8,0.41,15.8,0.42,10.7,0.43,10.6,0.08,0.08,616.67854,1776168230000
1776168232.077,232.077,0.61,10.9,0.6,10.8,0.59,15.8,0.58,10.7,0.57,10.6,0.69,13.1,0.71,72.0,0.75,10.0,0.76,14.3,0.77,14.7,0.31,13.1,0.29,72.0,0.25,10.0,0.24,14.3,0.23,14.7,0.39,10.9,0.4,10.8,0.41,15.8,0.42,10.7,0.43,10.6,0.08,0.08,616.671912,1776168231000
1776168233.314,233.314,0.61,10.9,0.6,10.8,0.59,15.8,0.58,10.7,0.57,10.6,0.69,13.1,0.71,72.0,0.75,10.0,0.76,14.3,0.77,14.7,0.31,13.1,0.29,72.0,0.25,10.0,0.24,14.3,0.23,14.7,0.39,10.9,0.4,10.8,0.41,15.8,0.42,10.7,0.43,10.6,0.08,0.08,616.665794,1776168232000
1776168234.466,234.466,0.61,10.9,0.6,10.8,0.59,15.8,0.58,10.7,0.57,10.6,0.69,13.1,0.71,72.0,0.75,10.0,0.76,14.3,0.77,14.7,0.31,13.1,0.29,72.0,0.25,10.0,0.24,14.3,0.23,14.7,0.39,10.9,0.4,10.8,0.41,15.8,0.42,10.7,0.43,10.6,0.08,0.08,616.67073,1776168233000
1776168235.05,235.05,0.61,10.9,0.6,10.8,0.59,15.8,0.58,10.7,0.57,10.6,0.69,13.1,0.71,72.0,0.75,10.0,0.76,14.3,0.77,14.7,0.31,13.1,0.29,72.0,0.25,10.0,0.24,14.3,0.23,14.7,0.39,10.9,0.4,10.8,0.41,15.8,0.42,10.7,0.43,10.6,0.08,0.08,616.67084,1776168234000
1776168236.219,236.219,0.61,10.9,0.6,10.8,0.59,15.8,0.58,10.7,0.57,10.6,0.69,13.1,0.71,72.0,0.75,10.0,0.76,14.3,0.77,14.7,0.31,13.1,0.29,72.0,0.25,10.0,0.24,14.3,0.23,14.7,0.39,10.9,0.4,10.8,0.41,15.8,0.42,10.7,0.43,10.6,0.08,0.08,616.67096,1776168235000
1776168237.527,237.527,0.61,10.9,0.6,10.8,0.59,15.8,0.58,10.7,0.57,10.6,0.69,13.1,0.71,72.0,0.75,10.0,0.76,14.3,0.77,14.7,0.31,13.1,0.29,72.0,0.25,10.0,0.24,14.3,0.23,14.7,0.39,10.9,0.4,10.8,0.41,15.8,0.42,10.7,0.43,10.6,0.08,0.08,616.67116,1776168236000
1776168238.165,238.165,0.61,10.9,0.6,10.8,0.59,15.8,0.58,10.7,0.57,10.6,0.69,13.1,0.71,72.0,0.75,10.0,0.76,14.3,0.77,14.7,0.31,13.1,0.29,72.0,0.25,10.0,0.24,14.3,0.23,14.7,0.39,10.9,0.4,10.8,0.41,15.8,0.42,10.7,0.43,10.6,0.08,0.08,616.650977,1776168237000
1776168239.394,239.394,0.61,10.9,0.6,10.8,0.59,15.8,0.58,10.7,0.57,10.6,0.69,13.1,0.71,72.0,0.75,10.0,0.76,14.3,0.77,14.7,0.31,13.1,0.29,72.0,0.25,10.0,0.24,14.3,0.23,14.7,0.39,10.9,0.4,10.8,0.41,15.8,0.42,10.7,0.43,10.6,0.08,0.08,616.67108,1776168238000
1776168240.011,240.011,0.61,10.9,0.6,10.8,0.59,15.8,0.58,10.7,0.57,10.6,0.69,13.1,0.71,72.0,0.75,10.0,0.76,14.3,0.77,14.7,0.31,13.1,0.29,72.0,0.25,10.0,0.24,14.3,0.23,14.7,0.39,10.9,0.4,10.8,0.41,15.8,0.42,10.7,0.43,10.6,0.08,0.08,616.671628,1776168239000
1776168241.133,241.133,0.61,10.9,0.6,10.8,0.59,15.8,0.58,10.7,0.57,10.6,0.69,13.1,0.71,72.0,0.75,10.0,0.76,14.3,0.77,14.7,0.31,13.1,0.29,72.0,0.25,10.0,0.24,14.3,0.23,14.7,0.39,10.9,0.4,10.8,0.41,15.8,0.42,10.7,0.43,10.6,0.08,0.08,616.69966,1776168240000
1776168242.403,242.403,0.61,10.9,0.6,10.8,0.59,15.8,0.58,10.7,0.57,10.6,0.69,13.1,0.71,72.0,0.75,10.0,0.76,14.3,0.77,14.7,0.31,13.1,0.29,72.0,0.25,10.0,0.24,14.3,0.23,14.7,0.39,10.9,0.4,10.8,0.41,15.8,0.42,10.7,0.43,10.6,0.08,0.08,616.676145,1776168241000
1776168243.429,243.429,0.61,10.9,0.6,10.8,0.59,15.8,0.58,10.7,0.57,10.6,0.69,13.1,0.71,72.0,0.75,10.0,0.76,14.3,0.77,14.7,0.31,13.1,0.29,72.0,0.25,10.0,0.24,14.3,0.23,14.7,0.39,10.9,0.4,10.8,0.41,15.8,0.42,10.7,0.43,10.6,0.08,0.08,616.67537,1776168242000
1776168244.2,244.2,0.61,10.9,0.6,10.8,0.59,15.8,0.58,10.7,0.57,10.6,0.69,13.1,0.71,72.0,0.75,10.0,0.76,14.3,0.77,14.7,0.31,13.1,0.29,72.0,0.25,10.0,0.24,14.3,0.23,14.7,0.39,10.9,0.4,10.8,0.41,15.8,0.42,10.7,0.43,10.6,0.08,0.08,616.672318,1776168243000
1776168245.443,245.443,0.61,10.9,0.6,10.8,0.59,15.8,0.58,10.7,0.57,10.6,0.69,13.1,0.71,72.0,0.75,10.0,0.76,14.3,0.77,14.7,0.31,13.1,0.29,72.0,0.25,10.0,0.24,14.3,0.23,14.7,0.39,10.9,0.4,10.8,0.41,15.8,0.42,10.7,0.43,10.6,0.08,0.08,616.6542,1776168244000
1776168245.995,245.995,0.61,10.9,0.6,10.8,0.59,15.8,0.58,10.7,0.57,10.6,0.69,13.1,0.71,72.0,0.75,10.0,0.76,14.3,0.77,14.7,0.31,13.1,0.29,72.0,0.25,10.0,0.24,14.3,0.23,14.7,0.39,10.9,0.4,10.8,0.41,15.8,0.42,10.7,0.43,10.6,0.08,0.08,616.6545,1776168245000
1776168247.118,247.118,0.61,10.9,0.6,10.8,0.59,15.8,0.58,10.7,0.57,10.6,0.69,13.1,0.71,72.0,0.75,10.0,0.76,14.3,0.77,14.7,0.31,13.1,0.29,72.0,0.25,10.0,0.24,14.3,0.23,14.7,0.39,10.9,0.4,10.8,0.41,15.8,0.42,10.7,0.43,10.6,0.08,0.08,616.63934,1776168246000
1776168248.549,248.549,0.61,10.9,0.6,10.8,0.59,15.8,0.58,10.7,0.57,10.6,0.69,13.1,0.71,72.0,0.75,10.0,0.76,14.3,0.77,14.7,0.31,13.1,0.29,72.0,0.25,10.0,0.24,14.3,0.23,14.7,0.39,10.9,0.4,10.8,0.41,15.8,0.42,10.7,0.43,10.6,0.08,0.08,616.679372,1776168247000
1776168249.199,249.199,0.61,10.9,0.6,10.8,0.59,15.8,0.58,10.7,0.57,10.6,0.69,13.1,0.71,72.0,0.75,10.0,0.76,14.3,0.77,14.7,0.31,13.1,0.29,72.0,0.25,10.0,0.24,14.3,0.23,14.7,0.39,10.9,0.4,10.8,0.41,15.8,0.42,10.7,0.43,10.6,0.08,0.08,616.710644,1776168248000
1776168250.434,250.434,0.61,10.9,0.6,10.8,0.59,15.8,0.58,10.7,0.57,10.6,0.69,13.1,0.71,72.0,0.75,10.0,0.76,14.3,0.77,14.7,0.31,13.1,0.29,72.0,0.25,10.0,0.24,14.3,0.23,14.7,0.39,10.9,0.4,10.8,0.41,15.8,0.42,10.7,0.43,10.6,0.08,0.08,616.753127,1776168249000
1776168250.982,250.982,0.61,10.9,0.6,10.8,0.59,15.8,0.58,10.7,0.57,10.6,0.69,13.1,0.71,72.0,0.75,10.0,0.76,14.3,0.77,14.7,0.31,13.1,0.29,72.0,0.25,10.0,0.24,14.3,0.23,14.7,0.39,10.9,0.4,10.8,0.41,15.8,0.42,10.7,0.43,10.6,0.08,0.08,616.753023,1776168250000
1776168252.188,252.188,0.61,10.9,0.6,10.8,0.59,15.8,0.58,10.7,0.57,10.6,0.69,13.1,0.71,72.0,0.75,10.0,0.76,14.3,0.77,14.7,0.31,13.1,0.29,72.0,0.25,10.0,0.24,14.3,0.23,14.7,0.39,10.9,0.4,10.8,0.41,15.8,0.42,10.7,0.43,10.6,0.08,0.08,616.762208,1776168251000
1776168253.003,253.003,0.59,3.45,0.58,10.7,0.57,10.6,0.56,10.6,0.55,10.5,0.61,91.63,0.7,6.66,0.71,72.0,0.74,13.5,0.75,13.9,0.31,13.1,0.29,72.0,0.25,10.0,0.24,14.3,0.23,14.7,0.39,10.9,0.4,10.8,0.41,15.8,0.42,10.7,0.43,10.6,0.02,0.08,616.762208,1776168251000
1776168253.248,253.248,0.52,3.23,0.51,10.4,0.5,10.4,0.49,10.4,0.48,10.4,0.61,91.63,0.7,6.66,0.71,72.0,0.74,13.5,0.75,13.9,0.39,91.63,0.3,6.66,0.29,72.0,0.26,13.5,0.25,13.9,0.43,0.83,0.44,10.6,0.45,10.5,0.46,10.5,0.47,10.4,0.09,0.04,616.762208,1776168251000
1776168253.531,253.531,0.51,3.63,0.5,10.4,0.49,10.4,0.48,10.4,0.47,10.4,0.55,18.73,0.61,50.0,0.7,6.66,0.71,72.0,0.74,13.5,0.45,10.0,0.39,91.63,0.3,6.66,0.29,72.0,0.26,13.5,0.49,3.63,0.5,10.4,0.51,10.4,0.52,10.4,0.53,10.4,0.04,0.04,616.764959,1776168252000
1776168253.75,253.75,0.51,0.44,0.5,10.4,0.49,10.4,0.48,10.4,0.47,10.4,0.55,18.73,0.61,50.0,0.7,6.66,0.71,72.0,0.74,13.5,0.45,18.73,0.39,50.0,0.3,6.66,0.29,72.0,0.26,13.5,0.49,3.63,0.5,10.4,0.51,10.4,0.52,10.4,0.53,10.4,0.04,0.04,616.764959,1776168252000
1776168254.362,254.362,0.5,4.89,0.49,10.4,0.48,10.4,0.47,10.4,0.46,10.5,0.55,18.73,0.61,50.0,0.7,6.66,0.71,72.0,0.73,13.2,0.45,18.73,0.39,50.0,0.3,6.66,0.29,72.0,0.26,13.5,0.49,0.44,0.5,10.4,0.51,10.4,0.52,10.4,0.53,10.4,0.05,0.04,616.764959,1776168252000
1776168255.07,255.07,0.5,4.89,0.49,10.4,0.48,10.4,0.47,10.4,0.46,10.5,0.55,18.73,0.61,50.0,0.7,6.66,0.71,72.0,0.73,13.2,0.45,18.73,0.39,50.0,0.3,6.66,0.29,72.0,0.27,13.2,0.5,4.89,0.51,10.4,0.52,10.4,0.53,10.4,0.54,10.5,0.05,0.05,616.604271,1776168254000
1776168256.31,256.31,0.5,4.89,0.49,10.4,0.48,10.4,0.47,10.4,0.46,10.5,0.55,18.73,0.61,50.0,0.7,6.66,0.71,72.0,0.73,13.2,0.45,18.73,0.39,50.0,0.3,6.66,0.29,72.0,0.27,13.2,0.5,4.89,0.51,10.4,0.52,10.4,0.53,10.4,0.54,10.5,0.05,0.05,616.57959,1776168255000
1776168257.499,257.499,0.5,4.89,0.49,10.4,0.48,10.4,0.47,10.4,0.46,10.5,0.55,18.73,0.61,50.0,0.7,6.66,0.71,72.0,0.73,13.2,0.45,18.73,0.39,50.0,0.3,6.66,0.29,72.0,0.27,13.2,0.5,4.89,0.51,10.4,0.52,10.4,0.53,10.4,0.54,10.5,0.05,0.05,616.57184,1776168256000
1776168257.707,257.707,0.5,2.77,0.49,10.4,0.48,10.4,0.47,10.4,0.46,10.5,0.55,18.73,0.61,50.0,0.67,11.8,0.68,11.9,0.69,12.2,0.45,18.73,0.39,50.0,0.3,6.66,0.29,72.0,0.27,13.2,0.5,4.89,0.51,10.4,0.52,10.4,0.53,10.4,0.54,10.5,0.05,0.05,616.57184,1776168256000
1776168258.004,258.004,0.5,2.77,0.49,10.4,0.48,10.4,0.47,10.4,0.46,10.5,0.55,18.73,0.61,50.0,0.67,11.8,0.68,11.9,0.69,12.2,0.45,18.73,0.39,50.0,0.33,11.8,0.32,11.9,0.31,12.2,0.5,2.77,0.51,10.4,0.52,10.4,0.53,10.4,0.54,10.5,0.05,0.05,616.576935,1776168257000
1776168259.101,259.101,0.51,55.1,0.5,2.77,0.49,20.4,0.48,10.4,0.47,20.4,0.71,17.81,0.77,14.7,0.78,15.2,0.79,15.7,0.8,16.2,0.45,18.73,0.39,50.0,0.33,11.8,0.32,11.9,0.31,12.2,0.5,2.77,0.51,10.4,0.52,10.4,0.53,10.4,0.54,10.5,0.2,0.05,616.576935,1776168257000
1776168259.415,259.415,0.51,47.47,0.5,2.77,0.49,20.4,0.48,10.4,0.47,10.4,0.71,9.43,0.77,14.7,0.78,15.2,0.79,15.7,0.8,16.2,0.29,9.43,0.23,14.7,0.22,15.2,0.21,15.7,0.2,16.2,0.49,55.1,0.5,2.77,0.51,20.4,0.52,10.4,0.53,10.4,0.2,0.2,616.57894,1776168258000
1776168260.071,260.071,0.51,47.47,0.5,2.77,0.49,20.4,0.48,10.4,0.47,20.4,0.71,5.24,0.77,14.7,0.78,15.2,0.79,15.7,0.8,16.2,0.29,5.24,0.23,14.7,0.22,15.2,0.21,15.7,0.2,16.2,0.49,47.47,0.5,2.77,0.51,20.4,0.52,10.4,0.53,20.4,0.2,0.2,616.579401,1776168259000
1776168261.097,261.097,0.51,47.47,0.5,2.77,0.49,20.4,0.48,10.4,0.47,20.4,0.71,5.24,0.77,14.7,0.78,15.2,0.79,15.7,0.8,16.2,0.29,5.24,0.23,14.7,0.22,15.2,0.21,15.7,0.2,16.2,0.49,47.47,0.5,2.77,0.51,20.4,0.52,10.4,0.53,20.4,0.2,0.2,616.739,1776168260000
1776168262.285,262.285,0.53,5.87,0.51,42.37,0.5,2.77,0.49,10.4,0.48,10.4,0.71,5.24,0.77,14.7,0.78,15.2,0.79,15.7,0.8,16.2,0.29,5.24,0.23,14.7,0.22,15.2,0.21,15.7,0.2,16.2,0.47,5.87,0.49,42.37,0.5,2.77,0.51,10.4,0.52,10.4,0.18,0.18,616.691,1776168261000
1776168263.368,263.368,0.52,69.1,0.51,42.37,0.5,2.77,0.49,10.4,0.48,10.4,0.53,0.16,0.71,5.24,0.77,14.7,0.78,15.2,0.79,15.7,0.47,0.16,0.29,5.24,0.23,14.7,0.22,15.2,0.21,15.7,0.48,69.1,0.49,42.37,0.5,2.77,0.51,10.4,0.52,10.4,0.01,0.01,616.684,1776168262000
1776168264.553,264.553,0.52,69.1,0.51,42.37,0.5,2.77,0.49,10.4,0.48,10.4,0.53,0.16,0.71,5.24,0.77,14.7,0.78,15.2,0.79,15.7,0.47,0.16,0.29,5.24,0.23,14.7,0.22,15.2,0.21,15.7,0.48,69.1,0.49,42.37,0.5,2.77,0.51,10.4,0.52,10.4,0.01,0.01,616.711,1776168263000
1776168265.033,265.033,0.52,69.1,0.51,42.37,0.5,2.77,0.49,10.4,0.48,10.4,0.53,0.16,0.71,5.24,0.77,14.7,0.78,15.2,0.79,15.7,0.47,0.16,0.29,5.24,0.23,14.7,0.22,15.2,0.21,15.7,0.48,69.1,0.49,42.37,0.5,2.77,0.51,10.4,0.52,10.4,0.01,0.01,616.727,1776168264000
1776168266.162,266.162,0.52,69.1,0.51,42.37,0.5,2.77,0.49,10.4,0.48,10.4,0.53,0.16,0.71,5.24,0.77,14.7,0.78,15.2,0.79,15.7,0.47,0.16,0.29,5.24,0.23,14.7,0.22,15.2,0.21,15.7,0.48,69.1,0.49,42.37,0.5,2.77,0.51,10.4,0.52,10.4,0.01,0.01,616.728,1776168265000
1776168267.302,267.302,0.52,69.1,0.51,42.37,0.5,2.77,0.49,10.4,0.48,10.4,0.53,0.16,0.71,5.24,0.77,14.7,0.78,15.2,0.79,15.7,0.47,0.16,0.29,5.24,0.23,14.7,0.22,15.2,0.21,15.7,0.48,69.1,0.49,42.37,0.5,2.77,0.51,10.4,0.52,10.4,0.01,0.01,616.743,1776168266000
1776168267.99,267.99,0.52,69.1,0.51,42.37,0.5,2.77,0.49,10.4,0.48,10.4,0.53,0.16,0.71,5.24,0.77,14.7,0.78,15.2,0.79,15.7,0.47,0.16,0.29,5.24,0.23,14.7,0.22,15.2,0.21,15.7,0.48,69.1,0.49,42.37,0.5,2.77,0.51,10.4,0.52,10.4,0.01,0.01,616.743,1776168267000
1776168269.022,269.022,0.52,69.1,0.51,42.37,0.5,2.77,0.49,10.4,0.48,10.4,0.53,0.16,0.71,5.24,0.77,14.7,0.78,15.2,0.79,15.7,0.47,0.16,0.29,5.24,0.23,14.7,0.22,15.2,0.21,15.7,0.48,69.1,0.49,42.37,0.5,2.77,0.51,10.4,0.52,10.4,0.01,0.01,616.741,1776168268000
1776168270.102,270.102,0.52,69.1,0.51,42.37,0.5,2.77,0.49,10.4,0.48,10.4,0.53,0.16,0.71,5.24,0.77,14.7,0.78,15.2,0.79,15.7,0.47,0.16,0.29,5.24,0.23,14.7,0.22,15.2,0.21,15.7,0.48,69.1,0.49,42.37,0.5,2.77,0.51,10.4,0.52,10.4,0.01,0.01,616.73459,1776168269000
1776168271.28,271.28,0.52,69.1,0.51,42.37,0.5,2.77,0.49,10.4,0.48,10.4,0.53,0.16,0.71,5.24,0.77,14.7,0.78,15.2,0.79,15.7,0.47,0.16,0.29,5.24,0.23,14.7,0.22,15.2,0.21,15.7,0.48,69.1,0.49,42.37,0.5,2.77,0.51,10.4,0.52,10.4,0.01,0.01,616.71526,1776168270000
1776168272.39,272.39,0.52,60.1,0.51,42.37,0.5,2.77,0.49,10.4,0.48,10.4,0.71,5.24,0.77,29.4,0.78,15.2,0.79,15.7,0.8,16.2,0.29,5.24,0.23,29.4,0.22,15.2,0.21,15.7,0.2,16.2,0.48,60.1,0.49,42.37,0.5,2.77,0.51,10.4,0.52,10.4,0.19,0.19,616.710462,1776168271000
1776168272.964,272.964,0.52,60.1,0.51,42.37,0.5,2.77,0.49,10.4,0.48,10.4,0.71,5.24,0.77,29.4,0.78,15.2,0.79,15.7,0.8,16.2,0.29,5.24,0.23,29.4,0.22,15.2,0.21,15.7,0.2,16.2,0.48,60.1,0.49,42.37,0.5,2.77,0.51,10.4,0.52,10.4,0.19,0.19,616.718331,1776168272000
1776168274.425,274.425,0.52,60.1,0.51,42.37,0.5,2.77,0.49,10.4,0.48,10.4,0.71,5.24,0.77,29.4,0.78,15.2,0.79,15.7,0.8,16.2,0.29,5.24,0.23,29.4,0.22,15.2,0.21,15.7,0.2,16.2,0.48,60.1,0.49,42.37,0.5,2.77,0.51,10.4,0.52,10.4,0.19,0.19,616.717215,1776168273000
1776168275.334,275.334,0.52,60.1,0.51,42.37,0.5,2.77,0.49,10.4,0.48,10.4,0.71,5.24,0.77,29.4,0.78,15.2,0.79,15.7,0.8,16.2,0.29,5.24,0.23,29.4,0.22,15.2,0.21,15.7,0.2,16.2,0.48,60.1,0.49,42.37,0.5,2.77,0.51,10.4,0.52,10.4,0.19,0.19,616.73483,1776168274000
1776168276.389,276.389,0.52,60.1,0.51,42.37,0.5,2.77,0.49,10.4,0.48,10.4,0.71,5.24,0.77,29.4,0.78,15.2,0.79,15.7,0.8,16.2,0.29,5.24,0.23,29.4,0.22,15.2,0.21,15.7,0.2,16.2,0.48,60.1,0.49,42.37,0.5,2.77,0.51,10.4,0.52,10.4,0.19,0.19,616.724655,1776168275000
1776168277.256,277.256,0.52,60.1,0.51,42.37,0.5,2.77,0.49,10.4,0.48,10.4,0.71,5.24,0.77,29.4,0.78,15.2,0.79,15.7,0.8,16.2,0.29,5.24,0.23,29.4,0.22,15.2,0.21,15.7,0.2,16.2,0.48,60.1,0.49,42.37,0.5,2.77,0.51,10.4,0.52,10.4,0.19,0.19,616.73507,1776168276000
1776168278.38,278.38,0.52,60.1,0.51,42.37,0.5,2.77,0.49,10.4,0.48,10.4,0.71,5.24,0.77,29.4,0.78,15.2,0.79,15.7,0.8,16.2,0.29,5.24,0.23,29.4,0.22,15.2,0.21,15.7,0.2,16.2,0.48,60.1,0.49,42.37,0.5,2.77,0.51,10.4,0.52,10.4,0.19,0.19,616.725879,1776168277000
1776168279.234,279.234,0.52,60.1,0.51,42.37,0.5,2.77,0.49,10.4,0.48,10.4,0.71,5.24,0.77,29.4,0.78,15.2,0.79,15.7,0.8,16.2,0.29,5.24,0.23,29.4,0.22,15.2,0.21,15.7,0.2,16.2,0.48,60.1,0.49,42.37,0.5,2.77,0.51,10.4,0.52,10.4,0.19,0.19,616.73528,1776168278000
1776168280.227,280.227,0.52,60.1,0.51,42.37,0.5,2.77,0.49,10.4,0.48,10.4,0.71,5.24,0.77,29.4,0.78,15.2,0.79,15.7,0.8,16.2,0.29,5.24,0.23,29.4,0.22,15.2,0.21,15.7,0.2,16.2,0.48,60.1,0.49,42.37,0.5,2.77,0.51,10.4,0.52,10.4,0.19,0.19,616.745,1776168279000
1776168281.179,281.179,0.52,60.1,0.51,42.37,0.5,2.77,0.49,10.4,0.48,10.4,0.71,5.24,0.77,29.4,0.78,15.2,0.79,15.7,0.8,16.2,0.29,5.24,0.23,29.4,0.22,15.2,0.21,15.7,0.2,16.2,0.48,60.1,0.49,42.37,0.5,2.77,0.51,10.4,0.52,10.4,0.19,0.19,616.748,1776168280000
1776168282.083,282.083,0.52,60.1,0.51,42.37,0.5,2.77,0.49,10.4,0.48,10.4,0.71,5.24,0.77,29.4,0.78,15.2,0.79,15.7,0.8,16.2,0.29,5.24,0.23,29.4,0.22,15.2,0.21,15.7,0.2,16.2,0.48,60.1,0.49,42.37,0.5,2.77,0.51,10.4,0.52,10.4,0.19,0.19,616.748,1776168281000
1776168283.061,283.061,0.52,60.1,0.51,42.37,0.5,2.77,0.49,10.4,0.48,10.4,0.71,5.24,0.77,29.4,0.78,15.2,0.79,15.7,0.8,16.2,0.29,5.24,0.23,29.4,0.22,15.2,0.21,15.7,0.2,16.2,0.48,60.1,0.49,42.37,0.5,2.77,0.51,10.4,0.52,10.4,0.19,0.19,616.748,1776168282000
1776168284.042,284.042,0.52,60.1,0.51,42.37,0.5,2.77,0.49,10.4,0.48,10.4,0.71,5.24,0.77,29.4,0.78,15.2,0.79,15.7,0.8,16.2,0.29,5.24,0.23,29.4,0.22,15.2,0.21,15.7,0.2,16.2,0.48,60.1,0.49,42.37,0.5,2.77,0.51,10.4,0.52,10.4,0.19,0.19,616.753,1776168283000
1776168285.087,285.087,0.52,60.1,0.51,42.37,0.5,2.77,0.49,10.4,0.48,10.4,0.71,5.24,0.77,29.4,0.78,15.2,0.79,15.7,0.8,16.2,0.29,5.24,0.23,29.4,0.22,15.2,0.21,15.7,0.2,16.2,0.48,60.1,0.49,42.37,0.5,2.77,0.51,10.4,0.52,10.4,0.19,0.19,616.753,1776168284000
1776168285.932,285.932,0.52,55.1,0.51,42.37,0.45,11.0,0.41,50.0,0.39,10.0,0.81,50.0,0.91,50.0,0.95,100.0,0.96,5.0,0.98,10.0,0.29,5.24,0.23,29.4,0.22,15.2,0.21,15.7,0.2,16.2,0.48,60.1,0.49,42.37,0.5,2.77,0.51,10.4,0.52,10.4,0.29,0.19,616.753,1776168284000
1776168286.335,286.335,0.52,55.1,0.51,42.37,0.45,11.0,0.41,50.0,0.39,10.0,0.81,50.0,0.91,50.0,0.95,100.0,0.96,5.0,0.98,10.0,0.19,50.0,0.09,50.0,0.05,100.0,0.04,5.0,0.02,10.0,0.48,55.1,0.49,42.37,0.55,11.0,0.59,50.0,0.61,10.0,0.29,0.29,616.752,1776168285000
1776168286.563,286.563,0.79,31.0,0.52,50.0,0.51,42.37,0.45,11.0,0.41,50.0,0.81,43.82,0.91,50.0,0.94,83.0,0.96,5.0,0.98,10.0,0.19,50.0,0.09,50.0,0.05,100.0,0.04,5.0,0.02,10.0,0.48,55.1,0.49,42.37,0.55,11.0,0.59,50.0,0.61,10.0,0.02,0.29,616.752,1776168285000
1776168286.983,286.983,0.79,31.0,0.52,50.0,0.51,42.37,0.45,11.0,0.41,50.0,0.81,14.5,0.91,50.0,0.94,83.0,0.96,5.0,0.98,10.0,0.19,14.5,0.09,50.0,0.06,83.0,0.04,5.0,0.02,10.0,0.21,31.0,0.48,50.0,0.49,42.37,0.55,11.0,0.59,50.0,0.02,0.02,616.749,1776168286000
1776168287.876,287.876,0.79,31.0,0.52,50.0,0.51,42.37,0.45,11.0,0.41,50.0,0.81,14.5,0.91,50.0,0.94,83.0,0.96,5.0,0.98,10.0,0.19,14.5,0.09,50.0,0.06,83.0,0.04,5.0,0.02,10.0,0.21,31.0,0.48,50.0,0.49,42.37,0.55,11.0,0.59,50.0,0.02,0.02,616.71179,1776168287000
1776168289.18,289.18,0.79,31.0,0.52,50.0,0.51,42.37,0.45,11.0,0.41,50.0,0.81,14.5,0.91,50.0,0.94,83.0,0.96,5.0,0.98,10.0,0.19,14.5,0.09,50.0,0.06,83.0,0.04,5.0,0.02,10.0,0.21,31.0,0.48,50.0,0.49,42.37,0.55,11.0,0.59,50.0,0.02,0.02,616.71507,1776168288000
1776168290.191,290.191,0.79,31.0,0.52,50.0,0.51,42.37,0.45,11.0,0.41,50.0,0.81,14.5,0.91,50.0,0.94,83.0,0.96,5.0,0.98,10.0,0.19,14.5,0.09,50.0,0.06,83.0,0.04,5.0,0.02,10.0,0.21,31.0,0.48,50.0,0.49,42.37,0.55,11.0,0.59,50.0,0.02,0.02,616.73495,1776168289000
1776168290.468,290.468,0.61,50.0,0.52,50.0,0.51,42.37,0.45,11.0,0.41,50.0,0.81,13.27,0.91,50.0,0.96,5.0,0.98,10.0,0.99,2031.0,0.19,14.5,0.09,50.0,0.06,83.0,0.04,5.0,0.02,10.0,0.21,31.0,0.48,50.0,0.49,42.37,0.55,11.0,0.59,50.0,0.2,0.02,616.73495,1776168289000
1776168291.111,291.111,0.61,50.0,0.52,50.0,0.51,42.37,0.45,11.0,0.41,50.0,0.81,13.27,0.91,50.0,0.96,5.0,0.98,10.0,0.99,2031.0,0.19,13.27,0.09,50.0,0.04,5.0,0.02,10.0,0.01,2031.0,0.39,50.0,0.48,50.0,0.49,42.37,0.55,11.0,0.59,50.0,0.2,0.2,616.75021,1776168290000
1776168292.123,292.123,0.61,50.0,0.52,50.0,0.51,42.37,0.45,11.0,0.41,50.0,0.81,13.27,0.91,50.0,0.96,5.0,0.98,10.0,0.99,2031.0,0.19,13.27,0.09,50.0,0.04,5.0,0.02,10.0,0.01,2031.0,0.39,50.0,0.48,50.0,0.49,42.37,0.55,11.0,0.59,50.0,0.2,0.2,616.71417,1776168291000
1776168293.133,293.133,0.61,80.0,0.51,42.37,0.47,10.0,0.41,50.0,0.38,10.0,0.81,12.03,0.91,50.0,0.96,5.0,0.98,110.0,0.99,231.0,0.19,12.03,0.09,50.0,0.04,5.0,0.02,110.0,0.01,231.0,0.39,80.0,0.49,42.37,0.53,10.0,0.59,50.0,0.62,10.0,0.2,0.2,616.747,1776168292000
1776168293.395,293.395,0.61,80.0,0.51,42.37,0.48,10.0,0.41,50.0,0.38,10.0,0.81,10.8,0.91,50.0,0.96,5.0,0.98,10.0,0.99,331.0,0.19,12.03,0.09,50.0,0.04,5.0,0.02,110.0,0.01,231.0,0.39,80.0,0.49,42.37,0.53,10.0,0.59,50.0,0.62,10.0,0.2,0.2,616.747,1776168292000
1776168294.313,294.313,0.61,80.0,0.51,42.37,0.48,10.0,0.41,50.0,0.38,10.0,0.81,10.8,0.91,50.0,0.96,5.0,0.98,10.0,0.99,331.0,0.19,10.8,0.09,50.0,0.04,5.0,0.02,10.0,0.01,331.0,0.39,80.0,0.49,42.37,0.52,10.0,0.59,50.0,0.62,10.0,0.2,0.2,616.747,1776168293000
1776168295.109,295.109,0.61,80.0,0.51,42.37,0.48,10.0,0.41,50.0,0.38,10.0,0.81,10.8,0.91,50.0,0.96,5.0,0.98,10.0,0.99,331.0,0.19,10.8,0.09,50.0,0.04,5.0,0.02,10.0,0.01,331.0,0.39,80.0,0.49,42.37,0.52,10.0,0.59,50.0,0.62,10.0,0.2,0.2,616.748,1776168294000
1776168296.125,296.125,0.61,80.0,0.51,42.37,0.48,10.0,0.41,50.0,0.38,10.0,0.81,10.8,0.91,50.0,0.96,5.0,0.98,10.0,0.99,331.0,0.19,10.8,0.09,50.0,0.04,5.0,0.02,10.0,0.01,331.0,0.39,80.0,0.49,42.37,0.52,10.0,0.59,50.0,0.62,10.0,0.2,0.2,616.743264,1776168295000
1776168297.092,297.092,0.61,80.0,0.51,42.37,0.48,10.0,0.41,50.0,0.38,10.0,0.81,10.8,0.91,50.0,0.96,5.0,0.98,10.0,0.99,331.0,0.19,10.8,0.09,50.0,0.04,5.0,0.02,10.0,0.01,331.0,0.39,80.0,0.49,42.37,0.52,10.0,0.59,50.0,0.62,10.0,0.2,0.2,616.734651,1776168296000
1776168297.338,297.338,0.85,35.33,0.71,37.0,0.61,50.0,0.51,42.37,0.41,50.0,0.91,35.01,0.96,5.0,0.98,10.0,0.99,121.0,,,0.09,36.11,0.04,5.0,0.02,10.0,0.01,121.0,,,0.29,37.0,0.39,50.0,0.49,42.37,0.59,50.0,0.64,10.0,0.06,0.2,616.734651,1776168296000
1776168298.093,298.093,0.85,35.33,0.71,37.0,0.61,50.0,0.51,42.37,0.41,50.0,0.91,33.78,0.96,5.0,0.98,10.0,0.99,121.0,,,0.09,33.78,0.04,5.0,0.02,10.0,0.01,121.0,,,0.15,35.33,0.29,37.0,0.39,50.0,0.49,42.37,0.59,50.0,0.06,0.06,616.731228,1776168297000
1776168298.734,298.734,0.85,30.0,0.71,7.0,0.61,50.0,0.51,42.37,0.41,50.0,0.91,13.78,0.95,5.0,0.96,5.0,0.98,10.0,0.99,116.0,0.09,23.78,0.04,5.0,0.02,10.0,0.01,116.0,,,0.15,35.33,0.29,7.0,0.39,50.0,0.49,42.37,0.59,50.0,0.06,0.06,616.731228,1776168297000
1776168299.076,299.076,0.85,30.0,0.71,7.0,0.61,50.0,0.51,42.37,0.41,50.0,0.91,13.78,0.95,5.0,0.96,5.0,0.98,10.0,0.99,116.0,0.09,13.78,0.05,5.0,0.04,5.0,0.02,10.0,0.01,116.0,0.15,30.0,0.29,7.0,0.39,50.0,0.49,42.37,0.59,50.0,0.06,0.06,616.731806,1776168298000
1776168300.059,300.059,0.85,30.0,0.71,7.0,0.61,50.0,0.51,42.37,0.41,50.0,0.91,13.78,0.95,5.0,0.96,5.0,0.98,10.0,0.99,116.0,0.09,13.78,0.05,5.0,0.04,5.0,0.02,10.0,0.01,116.0,0.15,30.0,0.29,7.0,0.39,50.0,0.49,42.37,0.59,50.0,0.06,0.06,616.727827,1776168299000
1776168300.761,300.761,0.99,7949.41,0.97,10.0,0.85,30.0,0.77,5.0,0.65,100.0,,,,,,,,,,,,,,,,,,,,,0.01,164.0,0.15,30.0,0.19,8.0,0.23,5.0,0.28,12.0,,,616.727827,1776168299000
1776168301.016,301.016,0.99,7949.41,0.97,10.0,0.85,30.0,0.77,5.0,0.65,100.0,,,,,,,,,,,,,,,,,,,,,0.01,7949.41,0.03,10.0,0.15,30.0,0.23,5.0,0.35,100.0,,,616.727854,1776168300000
1776168302.535,302.535,0.99,7949.41,0.97,10.0,0.85,30.0,0.77,5.0,0.65,100.0,,,,,,,,,,,,,,,,,,,,,0.01,7949.41,0.03,10.0,0.15,30.0,0.23,5.0,0.35,100.0,,,616.738089,1776168301000

# RESULT,winner=Up,slug=bnb-updown-5m-1776168000,ticks=315
