timestamp,elapsed_sec,up_bid_p1,up_bid_s1,up_bid_p2,up_bid_s2,up_ask_p1,up_ask_s1,up_ask_p2,up_ask_s2,down_bid_p1,down_bid_s1,down_bid_p2,down_bid_s2,down_ask_p1,down_ask_s1,down_ask_p2,down_ask_s2,up_spread,down_spread,bnb_price,bnb_oracle_ts
1776188401.446,1.446,,,,,,,,,,,,,,,,,,,616.610154,1776188400000
1776188402.049,2.049,0.39,12.0,0.33,300.0,0.6,12.0,0.67,300.0,0.4,12.0,0.33,300.0,0.61,12.0,0.67,300.0,0.21,0.21,616.630632,1776188401000
1776188403.436,3.436,0.39,12.0,0.33,300.0,0.6,12.0,0.67,300.0,0.4,12.0,0.33,300.0,0.61,12.0,0.67,300.0,0.21,0.21,616.715301,1776188402000
1776188404.24,4.24,0.39,12.0,0.33,300.0,0.6,12.0,0.67,300.0,0.4,12.0,0.33,300.0,0.61,12.0,0.67,300.0,0.21,0.21,616.71577,1776188403000
1776188405.567,5.567,0.39,12.0,0.33,300.0,0.6,12.0,0.67,300.0,0.4,12.0,0.33,300.0,0.61,12.0,0.67,300.0,0.21,0.21,616.74792,1776188404000
1776188406.362,6.362,0.39,12.0,0.33,300.0,0.6,12.0,0.67,300.0,0.4,12.0,0.33,300.0,0.61,12.0,0.67,300.0,0.21,0.21,616.861858,1776188405000
1776188407.999,7.999,0.39,12.0,0.33,300.0,0.6,12.0,0.67,300.0,0.4,12.0,0.33,300.0,0.61,12.0,0.67,300.0,0.21,0.21,616.89637,1776188407000
1776188409.081,9.081,0.39,12.0,0.33,300.0,0.6,12.0,0.67,300.0,0.4,12.0,0.33,300.0,0.61,12.0,0.67,300.0,0.21,0.21,617.015683,1776188408000
1776188410.095,10.095,0.39,12.0,0.33,300.0,0.6,12.0,0.67,300.0,0.4,12.0,0.33,300.0,0.61,12.0,0.67,300.0,0.21,0.21,617.038033,1776188409000
1776188411.151,11.151,0.39,12.0,0.33,300.0,0.6,12.0,0.67,300.0,0.4,12.0,0.33,300.0,0.61,12.0,0.67,300.0,0.21,0.21,617.038152,1776188410000
1776188412.106,12.106,0.39,12.0,0.33,300.0,0.6,12.0,0.67,300.0,0.4,12.0,0.33,300.0,0.61,12.0,0.67,300.0,0.21,0.21,617.038865,1776188411000
1776188412.454,12.454,0.61,5.0,0.56,5.0,0.66,4.5,0.67,5.0,0.4,12.0,0.33,300.0,0.61,12.0,0.67,300.0,0.05,0.21,617.038865,1776188411000
1776188413.193,13.193,0.61,5.0,0.56,5.0,0.66,4.5,0.67,5.0,0.34,4.5,0.33,5.0,0.39,5.0,0.44,5.0,0.05,0.05,617.094729,1776188412000
1776188414.144,14.144,0.61,5.0,0.56,5.0,0.66,4.5,0.67,5.0,0.34,4.5,0.33,5.0,0.39,5.0,0.44,5.0,0.05,0.05,617.085,1776188413000
1776188414.422,14.422,0.56,5.0,0.52,10.0,0.63,0.66,0.65,5.0,0.34,4.5,0.33,5.0,0.39,5.0,0.44,5.0,0.07,0.05,617.085,1776188413000
1776188415.115,15.115,0.56,5.0,0.52,10.0,0.63,0.66,0.65,5.0,0.37,0.66,0.35,5.0,0.44,5.0,0.48,10.0,0.07,0.07,617.045419,1776188414000
1776188416.263,16.263,0.56,5.0,0.52,10.0,0.63,0.66,0.65,5.0,0.37,0.66,0.35,5.0,0.44,5.0,0.48,10.0,0.07,0.07,616.997712,1776188415000
1776188417.164,17.164,0.56,5.0,0.52,10.0,0.63,0.66,0.65,5.0,0.37,0.66,0.35,5.0,0.44,5.0,0.48,10.0,0.07,0.07,616.949,1776188416000
1776188418.22,18.22,0.56,5.0,0.52,10.0,0.63,0.66,0.65,5.0,0.37,0.66,0.35,5.0,0.44,5.0,0.48,10.0,0.07,0.07,616.89988,1776188417000
1776188419.3,19.3,0.56,5.0,0.52,10.0,0.63,0.66,0.65,5.0,0.37,0.66,0.35,5.0,0.44,5.0,0.48,10.0,0.07,0.07,616.794755,1776188418000
1776188420.255,20.255,0.56,5.0,0.52,10.0,0.63,0.66,0.65,5.0,0.37,0.66,0.35,5.0,0.44,5.0,0.48,10.0,0.07,0.07,616.735523,1776188419000
1776188421.266,21.266,0.56,5.0,0.52,10.0,0.63,0.66,0.65,5.0,0.37,0.66,0.35,5.0,0.44,5.0,0.48,10.0,0.07,0.07,616.794455,1776188420000
1776188422.252,22.252,0.56,5.0,0.52,10.0,0.63,0.66,0.65,5.0,0.37,0.66,0.35,5.0,0.44,5.0,0.48,10.0,0.07,0.07,616.82015,1776188421000
1776188423.385,23.385,0.56,5.0,0.52,10.0,0.63,0.66,0.65,5.0,0.37,0.66,0.35,5.0,0.44,5.0,0.48,10.0,0.07,0.07,616.851,1776188422000
1776188424.306,24.306,0.56,5.0,0.52,10.0,0.63,0.66,0.65,5.0,0.37,0.66,0.35,5.0,0.44,5.0,0.48,10.0,0.07,0.07,616.85256,1776188423000
1776188425.361,25.361,0.56,5.0,0.52,10.0,0.63,0.66,0.65,5.0,0.37,0.66,0.35,5.0,0.44,5.0,0.48,10.0,0.07,0.07,616.85427,1776188424000
1776188426.309,26.309,0.56,5.0,0.52,10.0,0.63,0.66,0.65,5.0,0.37,0.66,0.35,5.0,0.44,5.0,0.48,10.0,0.07,0.07,616.833,1776188425000
1776188427.519,27.519,0.56,5.0,0.52,10.0,0.63,0.66,0.65,5.0,0.37,0.66,0.35,5.0,0.44,5.0,0.48,10.0,0.07,0.07,616.83,1776188426000
1776188427.984,27.984,0.56,5.0,0.52,10.0,0.63,0.66,0.65,5.0,0.37,0.66,0.35,5.0,0.44,5.0,0.48,10.0,0.07,0.07,616.82,1776188427000
1776188429.033,29.033,0.56,5.0,0.52,10.0,0.63,0.66,0.65,5.0,0.37,0.66,0.35,5.0,0.44,5.0,0.48,10.0,0.07,0.07,616.851,1776188428000
1776188429.311,29.311,0.54,5.0,0.53,10.0,0.57,0.13,0.63,10.0,0.37,0.66,0.35,5.0,0.44,5.0,0.48,10.0,0.03,0.07,616.851,1776188428000
1776188430.083,30.083,0.54,5.0,0.53,10.0,0.57,0.13,0.63,10.0,0.43,0.13,0.37,10.0,0.46,5.0,0.47,10.0,0.03,0.03,616.855,1776188429000
1776188431.114,31.114,0.54,5.0,0.53,10.0,0.57,0.13,0.63,10.0,0.43,0.13,0.37,10.0,0.46,5.0,0.47,10.0,0.03,0.03,616.847,1776188430000
1776188432.174,32.174,0.54,5.0,0.53,10.0,0.57,0.13,0.63,10.0,0.43,0.13,0.37,10.0,0.46,5.0,0.47,10.0,0.03,0.03,616.847,1776188431000
1776188433.272,33.272,0.54,5.0,0.53,10.0,0.57,0.13,0.63,10.0,0.43,0.13,0.37,10.0,0.46,5.0,0.47,10.0,0.03,0.03,616.834035,1776188432000
1776188434.702,34.702,0.54,5.0,0.53,10.0,0.57,0.13,0.63,10.0,0.43,0.13,0.37,10.0,0.46,5.0,0.47,10.0,0.03,0.03,616.837822,1776188433000
1776188435.228,35.228,0.54,5.0,0.53,10.0,0.57,0.13,0.63,10.0,0.43,0.13,0.37,10.0,0.46,5.0,0.47,10.0,0.03,0.03,616.837822,1776188434000
1776188436.282,36.282,0.54,5.0,0.53,10.0,0.57,0.13,0.63,10.0,0.43,0.13,0.37,10.0,0.46,5.0,0.47,10.0,0.03,0.03,616.83265,1776188435000
1776188437.265,37.265,0.54,5.0,0.53,10.0,0.57,0.13,0.63,10.0,0.43,0.13,0.37,10.0,0.46,5.0,0.47,10.0,0.03,0.03,616.832702,1776188436000
1776188438.302,38.302,0.54,5.0,0.53,10.0,0.57,0.13,0.63,10.0,0.43,0.13,0.37,10.0,0.46,5.0,0.47,10.0,0.03,0.03,616.832774,1776188437000
1776188439.434,39.434,0.54,5.0,0.53,10.0,0.57,0.13,0.63,10.0,0.43,0.13,0.37,10.0,0.46,5.0,0.47,10.0,0.03,0.03,616.837455,1776188438000
1776188440.458,40.458,0.54,5.0,0.53,10.0,0.57,0.13,0.63,10.0,0.43,0.13,0.37,10.0,0.46,5.0,0.47,10.0,0.03,0.03,616.837514,1776188439000
1776188440.928,40.928,0.54,5.0,0.53,10.0,0.57,0.13,0.63,10.0,0.43,0.13,0.37,10.0,0.46,5.0,0.47,10.0,0.03,0.03,616.837514,1776188440000
1776188441.613,41.613,0.53,5.0,0.52,5.38,0.56,10.0,0.57,0.13,0.43,0.13,0.37,10.0,0.46,5.0,0.47,10.0,0.03,0.03,616.837514,1776188440000
1776188442.087,42.087,0.53,5.0,0.52,5.38,0.56,10.0,0.57,0.13,0.44,10.0,0.43,0.13,0.47,5.0,0.48,5.38,0.03,0.03,616.837457,1776188441000
1776188442.386,42.386,0.53,25.0,0.52,5.38,0.56,5.0,0.57,0.13,0.44,10.0,0.43,0.13,0.47,5.0,0.48,5.38,0.03,0.03,616.837457,1776188441000
1776188442.937,42.937,0.55,24.0,0.53,5.0,0.57,0.04,0.65,5.0,0.44,5.0,0.43,0.13,0.47,25.0,0.48,5.38,0.02,0.03,616.837457,1776188441000
1776188443.563,43.563,0.55,28.0,0.54,5.0,0.68,5.0,0.69,5.0,0.43,0.04,0.35,5.0,0.45,24.0,0.47,5.0,0.13,0.02,616.886314,1776188442000
1776188444.053,44.053,0.53,3.57,0.52,5.38,0.61,80.0,0.68,5.0,0.32,5.0,0.31,5.0,0.45,28.0,0.46,5.0,0.08,0.13,616.886314,1776188442000
1776188445.173,45.173,0.5,6.63,0.31,56.45,0.61,80.0,0.68,5.0,0.39,80.0,0.32,5.0,0.5,6.63,0.69,56.45,0.11,0.11,616.964384,1776188444000
1776188446.335,46.335,0.5,6.63,0.31,56.45,0.61,80.0,0.68,5.0,0.39,80.0,0.32,5.0,0.5,6.63,0.69,56.45,0.11,0.11,616.48,1776188445000
1776188447.251,47.251,0.5,6.63,0.31,56.45,0.61,80.0,0.68,5.0,0.39,80.0,0.32,5.0,0.5,6.63,0.69,56.45,0.11,0.11,616.452147,1776188446000
1776188448.34,48.34,0.5,6.63,0.31,56.45,0.61,80.0,0.68,5.0,0.39,80.0,0.32,5.0,0.5,6.63,0.69,56.45,0.11,0.11,616.48,1776188447000
1776188449.371,49.371,0.5,6.63,0.31,56.45,0.61,80.0,0.68,5.0,0.39,80.0,0.32,5.0,0.5,6.63,0.69,56.45,0.11,0.11,616.546341,1776188448000
1776188449.882,49.882,0.5,6.63,0.31,56.45,0.61,80.0,0.68,5.0,0.39,80.0,0.32,5.0,0.5,6.63,0.69,56.45,0.11,0.11,616.546515,1776188449000
1776188450.897,50.897,0.5,6.63,0.31,56.45,0.61,80.0,0.68,5.0,0.39,80.0,0.32,5.0,0.5,6.63,0.69,56.45,0.11,0.11,616.554861,1776188450000
1776188451.987,51.987,0.5,6.63,0.31,56.45,0.61,80.0,0.68,5.0,0.39,80.0,0.32,5.0,0.5,6.63,0.69,56.45,0.11,0.11,616.554904,1776188451000
1776188452.511,52.511,0.48,5.0,0.47,5.0,0.5,22.43,0.51,5.0,0.39,80.0,0.32,5.0,0.5,6.63,0.69,56.45,0.02,0.11,616.554904,1776188451000
1776188453.083,53.083,0.48,5.0,0.47,5.0,0.5,22.43,0.51,5.0,0.5,22.43,0.49,5.0,0.52,5.0,0.53,5.0,0.02,0.02,616.555755,1776188452000
1776188454.144,54.144,0.48,5.0,0.47,5.0,0.5,22.43,0.51,5.0,0.5,22.43,0.49,5.0,0.52,5.0,0.53,5.0,0.02,0.02,616.731129,1776188453000
1776188455.233,55.233,0.48,5.0,0.47,5.0,0.5,22.43,0.51,5.0,0.5,22.43,0.49,5.0,0.52,5.0,0.53,5.0,0.02,0.02,616.749561,1776188454000
1776188456.265,56.265,0.48,5.0,0.47,5.0,0.5,22.43,0.51,5.0,0.5,22.43,0.49,5.0,0.52,5.0,0.53,5.0,0.02,0.02,616.750471,1776188455000
1776188457.355,57.355,0.48,5.0,0.47,5.0,0.5,22.43,0.51,5.0,0.5,22.43,0.49,5.0,0.52,5.0,0.53,5.0,0.02,0.02,616.749577,1776188456000
1776188457.911,57.911,0.48,5.0,0.47,5.0,0.5,22.43,0.51,5.0,0.5,22.43,0.49,5.0,0.52,5.0,0.53,5.0,0.02,0.02,616.749616,1776188457000
1776188458.965,58.965,0.48,5.0,0.47,5.0,0.5,22.43,0.51,5.0,0.5,22.43,0.49,5.0,0.52,5.0,0.53,5.0,0.02,0.02,616.749726,1776188458000
1776188460.062,60.062,0.48,5.0,0.47,5.0,0.5,22.43,0.51,5.0,0.5,22.43,0.49,5.0,0.52,5.0,0.53,5.0,0.02,0.02,616.751427,1776188459000
1776188460.724,60.724,0.49,30.0,0.48,5.0,0.5,4.43,0.51,5.0,0.5,22.43,0.49,5.0,0.52,5.0,0.53,5.0,0.01,0.02,616.751427,1776188459000
1776188461.057,61.057,0.49,30.0,0.48,5.0,0.5,4.43,0.51,5.0,0.5,4.43,0.49,5.0,0.51,30.0,0.52,5.0,0.01,0.01,616.75236,1776188460000
1776188462.01,62.01,0.49,25.0,0.48,10.0,0.62,5.0,0.67,5.0,0.38,5.0,0.33,5.0,0.51,25.0,0.52,10.0,0.13,0.13,616.752558,1776188461000
1776188463.363,63.363,0.49,25.0,0.48,10.0,0.62,5.0,0.67,5.0,0.38,5.0,0.33,5.0,0.51,25.0,0.52,10.0,0.13,0.13,616.808069,1776188462000
1776188464.056,64.056,0.49,25.0,0.48,10.0,0.62,5.0,0.67,5.0,0.38,5.0,0.33,5.0,0.51,25.0,0.52,10.0,0.13,0.13,616.808189,1776188463000
1776188465.481,65.481,0.49,25.0,0.48,10.0,0.62,5.0,0.67,5.0,0.38,5.0,0.33,5.0,0.51,25.0,0.52,10.0,0.13,0.13,616.843,1776188464000
1776188466.015,66.015,0.49,25.0,0.48,10.0,0.62,5.0,0.67,5.0,0.38,5.0,0.33,5.0,0.51,25.0,0.52,10.0,0.13,0.13,616.843,1776188465000
1776188467.138,67.138,0.49,25.0,0.48,10.0,0.62,5.0,0.67,5.0,0.38,5.0,0.33,5.0,0.51,25.0,0.52,10.0,0.13,0.13,616.813,1776188466000
1776188468.403,68.403,0.49,25.0,0.48,10.0,0.62,5.0,0.67,5.0,0.38,5.0,0.33,5.0,0.51,25.0,0.52,10.0,0.13,0.13,616.80736,1776188467000
1776188468.978,68.978,0.49,25.0,0.48,10.0,0.62,5.0,0.67,5.0,0.38,5.0,0.33,5.0,0.51,25.0,0.52,10.0,0.13,0.13,616.805711,1776188468000
1776188470.183,70.183,0.49,25.0,0.48,10.0,0.62,5.0,0.67,5.0,0.38,5.0,0.33,5.0,0.51,25.0,0.52,10.0,0.13,0.13,616.802007,1776188469000
1776188471.289,71.289,0.49,25.0,0.48,10.0,0.62,5.0,0.67,5.0,0.38,5.0,0.33,5.0,0.51,25.0,0.52,10.0,0.13,0.13,616.801589,1776188470000
1776188472.384,72.384,0.49,25.0,0.48,10.0,0.62,5.0,0.67,5.0,0.38,5.0,0.33,5.0,0.51,25.0,0.52,10.0,0.13,0.13,616.773873,1776188471000
1776188473.442,73.442,0.49,25.0,0.48,10.0,0.62,5.0,0.67,5.0,0.38,5.0,0.33,5.0,0.51,25.0,0.52,10.0,0.13,0.13,616.671109,1776188472000
1776188474.016,74.016,0.49,25.0,0.48,10.0,0.62,5.0,0.67,5.0,0.38,5.0,0.33,5.0,0.51,25.0,0.52,10.0,0.13,0.13,616.659738,1776188473000
1776188475.144,75.144,0.49,25.0,0.48,10.0,0.62,5.0,0.67,5.0,0.38,5.0,0.33,5.0,0.51,25.0,0.52,10.0,0.13,0.13,616.595296,1776188474000
1776188476.5,76.5,0.49,25.0,0.48,10.0,0.62,5.0,0.67,5.0,0.38,5.0,0.33,5.0,0.51,25.0,0.52,10.0,0.13,0.13,616.829,1776188475000
1776188477.85,77.85,0.49,25.0,0.48,10.0,0.62,5.0,0.67,5.0,0.38,5.0,0.33,5.0,0.51,25.0,0.52,10.0,0.13,0.13,616.845677,1776188476000
1776188478.437,78.437,0.49,25.0,0.48,10.0,0.62,5.0,0.67,5.0,0.38,5.0,0.33,5.0,0.51,25.0,0.52,10.0,0.13,0.13,616.849281,1776188477000
1776188478.986,78.986,0.49,25.0,0.48,10.0,0.62,5.0,0.67,5.0,0.38,5.0,0.33,5.0,0.51,25.0,0.52,10.0,0.13,0.13,616.859525,1776188478000
1776188480.116,80.116,0.49,25.0,0.48,10.0,0.62,5.0,0.67,5.0,0.38,5.0,0.33,5.0,0.51,25.0,0.52,10.0,0.13,0.13,616.859618,1776188479000
1776188481.4,81.4,0.49,25.0,0.48,10.0,0.62,5.0,0.67,5.0,0.38,5.0,0.33,5.0,0.51,25.0,0.52,10.0,0.13,0.13,616.859798,1776188480000
1776188482.019,82.019,0.49,25.0,0.48,10.0,0.62,5.0,0.67,5.0,0.38,5.0,0.33,5.0,0.51,25.0,0.52,10.0,0.13,0.13,616.859662,1776188481000
1776188483.288,83.288,0.49,25.0,0.48,10.0,0.62,5.0,0.67,5.0,0.38,5.0,0.33,5.0,0.51,25.0,0.52,10.0,0.13,0.13,616.860001,1776188482000
1776188484.338,84.338,0.49,25.0,0.48,10.0,0.62,5.0,0.67,5.0,0.38,5.0,0.33,5.0,0.51,25.0,0.52,10.0,0.13,0.13,616.860732,1776188483000
1776188484.941,84.941,0.49,25.0,0.48,10.0,0.62,5.0,0.67,5.0,0.38,5.0,0.33,5.0,0.51,25.0,0.52,10.0,0.13,0.13,616.860934,1776188484000
1776188486.079,86.079,0.49,25.0,0.48,10.0,0.62,5.0,0.67,5.0,0.38,5.0,0.33,5.0,0.51,25.0,0.52,10.0,0.13,0.13,616.862068,1776188485000
1776188487.274,87.274,0.49,25.0,0.48,10.0,0.62,5.0,0.67,5.0,0.38,5.0,0.33,5.0,0.51,25.0,0.52,10.0,0.13,0.13,616.861667,1776188486000
1776188488.351,88.351,0.49,25.0,0.48,10.0,0.62,5.0,0.67,5.0,0.38,5.0,0.33,5.0,0.51,25.0,0.52,10.0,0.13,0.13,616.861713,1776188487000
1776188489.356,89.356,0.49,25.0,0.48,10.0,0.62,5.0,0.67,5.0,0.38,5.0,0.33,5.0,0.51,25.0,0.52,10.0,0.13,0.13,616.861013,1776188488000
1776188490.002,90.002,0.49,25.0,0.48,10.0,0.62,5.0,0.67,5.0,0.38,5.0,0.33,5.0,0.51,25.0,0.52,10.0,0.13,0.13,616.861013,1776188489000
1776188491.172,91.172,0.49,25.0,0.48,10.0,0.62,5.0,0.67,5.0,0.38,5.0,0.33,5.0,0.51,25.0,0.52,10.0,0.13,0.13,616.859195,1776188490000
1776188492.549,92.549,0.49,25.0,0.48,10.0,0.62,5.0,0.67,5.0,0.38,5.0,0.33,5.0,0.51,25.0,0.52,10.0,0.13,0.13,616.859258,1776188491000
1776188493.088,93.088,0.49,25.0,0.48,10.0,0.62,5.0,0.67,5.0,0.38,5.0,0.33,5.0,0.51,25.0,0.52,10.0,0.13,0.13,616.859258,1776188492000
1776188493.817,93.817,0.57,0.78,0.56,10.6,0.61,10.0,0.62,5.0,0.38,5.0,0.33,5.0,0.51,25.0,0.52,10.0,0.04,0.13,616.859258,1776188492000
1776188494.15,94.15,0.57,0.78,0.56,10.6,0.61,10.0,0.62,5.0,0.39,10.0,0.38,5.0,0.43,0.78,0.44,10.6,0.04,0.04,616.859167,1776188493000
1776188495.246,95.246,0.57,0.78,0.56,10.6,0.61,10.0,0.62,5.0,0.39,10.0,0.38,5.0,0.43,0.78,0.44,10.6,0.04,0.04,616.855388,1776188494000
1776188496.322,96.322,0.57,0.78,0.56,10.6,0.61,10.0,0.62,5.0,0.39,10.0,0.38,5.0,0.43,0.78,0.44,10.6,0.04,0.04,616.855965,1776188495000
1776188497.388,97.388,0.57,0.78,0.56,10.6,0.61,10.0,0.62,5.0,0.39,10.0,0.38,5.0,0.43,0.78,0.44,10.6,0.04,0.04,616.81211,1776188496000
1776188497.96,97.96,0.57,0.78,0.56,10.6,0.61,10.0,0.62,5.0,0.39,10.0,0.38,5.0,0.43,0.78,0.44,10.6,0.04,0.04,616.812133,1776188497000
1776188499.023,99.023,0.57,0.78,0.56,10.6,0.61,10.0,0.62,5.0,0.39,10.0,0.38,5.0,0.43,0.78,0.44,10.6,0.04,0.04,616.81211,1776188498000
1776188500.06,100.06,0.57,0.78,0.56,10.6,0.61,10.0,0.62,5.0,0.39,10.0,0.38,5.0,0.43,0.78,0.44,10.6,0.04,0.04,616.694266,1776188499000
1776188500.854,100.854,0.46,32.0,0.42,10.7,0.65,5.0,0.69,16.0,0.39,10.0,0.38,5.0,0.43,0.78,0.44,10.6,0.19,0.04,616.694266,1776188499000
1776188501.092,101.092,0.46,32.0,0.42,10.7,0.65,5.0,0.69,16.0,0.35,5.0,0.31,16.0,0.54,32.0,0.58,10.7,0.19,0.19,616.61082,1776188500000
1776188502.147,102.147,0.46,32.0,0.42,10.7,0.65,5.0,0.69,16.0,0.35,5.0,0.31,16.0,0.54,32.0,0.58,10.7,0.19,0.19,616.710268,1776188501000
1776188503.063,103.063,0.46,32.0,0.42,10.7,0.65,5.0,0.69,16.0,0.35,5.0,0.31,16.0,0.54,32.0,0.58,10.7,0.19,0.19,616.807677,1776188502000
1776188504.139,104.139,0.46,32.0,0.42,10.7,0.65,5.0,0.69,16.0,0.35,5.0,0.31,16.0,0.54,32.0,0.58,10.7,0.19,0.19,616.819764,1776188503000
1776188505.215,105.215,0.46,32.0,0.42,10.7,0.65,5.0,0.69,16.0,0.35,5.0,0.31,16.0,0.54,32.0,0.58,10.7,0.19,0.19,616.826975,1776188504000
1776188506.206,106.206,0.46,32.0,0.42,10.7,0.65,5.0,0.69,16.0,0.35,5.0,0.31,16.0,0.54,32.0,0.58,10.7,0.19,0.19,616.826974,1776188505000
1776188507.246,107.246,0.46,32.0,0.42,10.7,0.65,5.0,0.69,16.0,0.35,5.0,0.31,16.0,0.54,32.0,0.58,10.7,0.19,0.19,616.918341,1776188506000
1776188508.345,108.345,0.46,32.0,0.42,10.7,0.65,5.0,0.69,16.0,0.35,5.0,0.31,16.0,0.54,32.0,0.58,10.7,0.19,0.19,616.952163,1776188507000
1776188509.434,109.434,0.46,32.0,0.42,10.7,0.65,5.0,0.69,16.0,0.35,5.0,0.31,16.0,0.54,32.0,0.58,10.7,0.19,0.19,616.952165,1776188508000
1776188510.002,110.002,0.46,32.0,0.42,10.7,0.65,5.0,0.69,16.0,0.35,5.0,0.31,16.0,0.54,32.0,0.58,10.7,0.19,0.19,616.952412,1776188509000
1776188511.035,111.035,0.61,10.9,0.6,10.8,0.69,8.0,0.7,5.0,0.35,5.0,0.31,16.0,0.54,32.0,0.58,10.7,0.08,0.19,616.952412,1776188509000
1776188512.233,112.233,0.61,10.9,0.6,10.8,0.69,8.0,0.7,5.0,0.31,8.0,0.3,5.0,0.39,10.9,0.4,10.8,0.08,0.08,616.952328,1776188511000
1776188513.246,113.246,0.61,10.9,0.6,10.8,0.69,8.0,0.7,5.0,0.31,8.0,0.3,5.0,0.39,10.9,0.4,10.8,0.08,0.08,616.952336,1776188512000
1776188514.384,114.384,0.61,10.9,0.6,10.8,0.69,8.0,0.7,5.0,0.31,8.0,0.3,5.0,0.39,10.9,0.4,10.8,0.08,0.08,617.083986,1776188513000
1776188514.993,114.993,0.61,10.9,0.6,10.8,0.69,8.0,0.7,5.0,0.31,8.0,0.3,5.0,0.39,10.9,0.4,10.8,0.08,0.08,617.110299,1776188514000
1776188515.38,115.38,0.69,36.2,0.68,16.9,0.75,5.0,0.82,5.0,0.31,8.0,0.3,5.0,0.39,10.9,0.4,10.8,0.06,0.08,617.110299,1776188514000
1776188515.96,115.96,0.69,36.2,0.68,16.9,0.75,5.0,0.82,5.0,0.25,5.0,0.18,5.0,0.31,36.2,0.32,16.9,0.06,0.06,617.114411,1776188515000
1776188516.321,116.321,0.73,24.0,0.71,12.6,0.82,5.0,0.85,10.0,0.25,5.0,0.18,5.0,0.31,36.2,0.32,16.9,0.09,0.06,617.114411,1776188515000
1776188517.085,117.085,0.73,24.0,0.71,12.6,0.82,5.0,0.85,10.0,0.18,5.0,0.15,10.0,0.27,24.0,0.29,12.6,0.09,0.09,617.27517,1776188516000
1776188518.027,118.027,0.73,24.0,0.71,12.6,0.82,5.0,0.85,10.0,0.18,5.0,0.15,10.0,0.27,24.0,0.29,12.6,0.09,0.09,617.296072,1776188517000
1776188519.103,119.103,0.73,24.0,0.71,12.6,0.82,5.0,0.85,10.0,0.18,5.0,0.15,10.0,0.27,24.0,0.29,12.6,0.09,0.09,617.297307,1776188518000
1776188520.095,120.095,0.73,24.0,0.71,12.6,0.82,5.0,0.85,10.0,0.18,5.0,0.15,10.0,0.27,24.0,0.29,12.6,0.09,0.09,617.270481,1776188519000
1776188521.138,121.138,0.73,24.0,0.71,12.6,0.82,5.0,0.85,10.0,0.18,5.0,0.15,10.0,0.27,24.0,0.29,12.6,0.09,0.09,617.23648,1776188520000
1776188522.322,122.322,0.73,24.0,0.71,12.6,0.82,5.0,0.85,10.0,0.18,5.0,0.15,10.0,0.27,24.0,0.29,12.6,0.09,0.09,617.236228,1776188521000
1776188522.928,122.928,0.73,24.0,0.71,12.6,0.82,5.0,0.85,10.0,0.18,5.0,0.15,10.0,0.27,24.0,0.29,12.6,0.09,0.09,617.235886,1776188522000
1776188524.135,124.135,0.73,24.0,0.71,12.6,0.82,5.0,0.85,10.0,0.18,5.0,0.15,10.0,0.27,24.0,0.29,12.6,0.09,0.09,617.235891,1776188523000
1776188525.192,125.192,0.73,24.0,0.71,12.6,0.82,5.0,0.85,10.0,0.18,5.0,0.15,10.0,0.27,24.0,0.29,12.6,0.09,0.09,617.235927,1776188524000
1776188526.381,126.381,0.78,15.2,0.77,14.7,0.8,4.0,0.81,5.0,0.2,4.0,0.19,5.0,0.22,15.2,0.23,14.7,0.02,0.02,617.235971,1776188525000
1776188526.59,126.59,0.79,15.7,0.78,15.2,0.81,3.95,0.84,5.0,0.2,4.0,0.19,5.0,0.22,15.2,0.23,14.7,0.02,0.02,617.235971,1776188525000
1776188527.421,127.421,0.79,15.7,0.78,15.2,0.81,3.95,0.84,5.0,0.19,3.95,0.16,5.0,0.21,15.7,0.22,15.2,0.02,0.02,617.236437,1776188526000
1776188528.154,128.154,0.79,15.7,0.78,15.2,0.81,3.95,0.84,5.0,0.19,3.95,0.16,5.0,0.21,15.7,0.22,15.2,0.02,0.02,617.237662,1776188527000
1776188529.275,129.275,0.79,15.7,0.78,15.2,0.81,3.95,0.84,5.0,0.19,3.95,0.16,5.0,0.21,15.7,0.22,15.2,0.02,0.02,617.237227,1776188528000
1776188530.48,130.48,0.79,15.7,0.78,15.2,0.81,3.95,0.84,5.0,0.19,3.95,0.16,5.0,0.21,15.7,0.22,15.2,0.02,0.02,617.232403,1776188529000
1776188530.894,130.894,0.79,15.7,0.78,15.2,0.81,3.95,0.84,5.0,0.19,3.95,0.16,5.0,0.21,15.7,0.22,15.2,0.02,0.02,617.23,1776188530000
1776188532.065,132.065,0.79,15.7,0.78,15.2,0.81,3.95,0.84,5.0,0.19,3.95,0.16,5.0,0.21,15.7,0.22,15.2,0.02,0.02,617.205137,1776188531000
1776188533.317,133.317,0.79,15.7,0.78,15.2,0.81,3.95,0.84,5.0,0.19,3.95,0.16,5.0,0.21,15.7,0.22,15.2,0.02,0.02,617.207871,1776188532000
1776188534.919,134.919,0.79,15.7,0.78,15.2,0.81,3.95,0.84,5.0,0.19,3.95,0.16,5.0,0.21,15.7,0.22,15.2,0.02,0.02,617.206658,1776188533000
1776188535.5,135.5,0.79,15.7,0.78,15.2,0.81,3.95,0.84,5.0,0.19,3.95,0.16,5.0,0.21,15.7,0.22,15.2,0.02,0.02,617.206972,1776188534000
1776188536.013,136.013,0.79,15.7,0.78,15.2,0.81,3.95,0.84,5.0,0.19,3.95,0.16,5.0,0.21,15.7,0.22,15.2,0.02,0.02,617.207613,1776188535000
1776188537.337,137.337,0.79,15.7,0.78,15.2,0.81,3.95,0.84,5.0,0.19,3.95,0.16,5.0,0.21,15.7,0.22,15.2,0.02,0.02,617.207541,1776188536000
1776188538.097,138.097,0.79,15.7,0.78,15.2,0.81,3.95,0.84,5.0,0.19,3.95,0.16,5.0,0.21,15.7,0.22,15.2,0.02,0.02,617.207602,1776188537000
1776188539.248,139.248,0.79,15.7,0.78,15.2,0.81,3.95,0.84,5.0,0.19,3.95,0.16,5.0,0.21,15.7,0.22,15.2,0.02,0.02,617.207613,1776188538000
1776188540.267,140.267,0.79,15.7,0.78,15.2,0.81,3.95,0.84,5.0,0.19,3.95,0.16,5.0,0.21,15.7,0.22,15.2,0.02,0.02,617.207719,1776188539000
1776188541.273,141.273,0.79,15.7,0.78,15.2,0.81,3.95,0.84,5.0,0.19,3.95,0.16,5.0,0.21,15.7,0.22,15.2,0.02,0.02,617.203245,1776188540000
1776188541.806,141.806,0.8,5.0,0.74,13.5,0.81,65.0,0.86,10.0,0.19,3.95,0.16,5.0,0.21,15.7,0.22,15.2,0.01,0.02,617.203245,1776188540000
1776188542.995,142.995,0.8,5.0,0.74,13.5,0.81,65.0,0.86,10.0,0.19,65.0,0.14,10.0,0.2,5.0,0.26,13.5,0.01,0.01,617.20298,1776188542000
1776188544.111,144.111,0.8,5.0,0.74,13.5,0.81,65.0,0.86,10.0,0.19,65.0,0.14,10.0,0.2,5.0,0.26,13.5,0.01,0.01,617.120808,1776188543000
1776188545.225,145.225,0.8,5.0,0.74,13.5,0.81,65.0,0.86,10.0,0.19,65.0,0.14,10.0,0.2,5.0,0.26,13.5,0.01,0.01,617.120869,1776188544000
1776188546.235,146.235,0.8,5.0,0.74,13.5,0.81,65.0,0.86,10.0,0.19,65.0,0.14,10.0,0.2,5.0,0.26,13.5,0.01,0.01,617.120243,1776188545000
1776188547.307,147.307,0.8,5.0,0.74,13.5,0.81,65.0,0.86,10.0,0.19,65.0,0.14,10.0,0.2,5.0,0.26,13.5,0.01,0.01,617.120825,1776188546000
1776188547.873,147.873,0.8,5.0,0.74,13.5,0.81,65.0,0.86,10.0,0.19,65.0,0.14,10.0,0.2,5.0,0.26,13.5,0.01,0.01,617.12061,1776188547000
1776188549.582,149.582,0.8,5.0,0.74,13.5,0.81,65.0,0.86,10.0,0.19,65.0,0.14,10.0,0.2,5.0,0.26,13.5,0.01,0.01,617.112944,1776188548000
1776188550.501,150.501,0.8,5.0,0.74,13.5,0.81,65.0,0.86,10.0,0.19,65.0,0.14,10.0,0.2,5.0,0.26,13.5,0.01,0.01,617.105756,1776188549000
1776188551.497,151.497,0.8,5.0,0.74,13.5,0.81,65.0,0.86,10.0,0.19,65.0,0.14,10.0,0.2,5.0,0.26,13.5,0.01,0.01,617.106414,1776188550000
1776188552.261,152.261,0.8,5.0,0.74,13.5,0.81,65.0,0.86,10.0,0.19,65.0,0.14,10.0,0.2,5.0,0.26,13.5,0.01,0.01,617.106442,1776188551000
1776188553.319,153.319,0.8,5.0,0.77,14.7,0.82,3.78,0.86,10.0,0.19,65.0,0.14,10.0,0.2,5.0,0.26,13.5,0.02,0.01,617.106442,1776188551000
1776188554.085,154.085,0.8,5.0,0.77,14.7,0.82,3.78,0.86,10.0,0.18,3.78,0.14,10.0,0.2,5.0,0.23,14.7,0.02,0.02,617.11241,1776188553000
1776188555.382,155.382,0.8,5.0,0.77,14.7,0.82,3.78,0.86,10.0,0.18,3.78,0.14,10.0,0.2,5.0,0.23,14.7,0.02,0.02,617.116487,1776188554000
1776188555.984,155.984,0.8,5.0,0.77,14.7,0.82,3.78,0.86,10.0,0.18,3.78,0.14,10.0,0.2,5.0,0.23,14.7,0.02,0.02,617.116488,1776188555000
1776188557.215,157.215,0.8,5.0,0.77,14.7,0.82,3.78,0.86,10.0,0.18,3.78,0.14,10.0,0.2,5.0,0.23,14.7,0.02,0.02,617.116621,1776188556000
1776188558.615,158.615,0.8,5.0,0.77,14.7,0.82,3.78,0.86,10.0,0.18,3.78,0.14,10.0,0.2,5.0,0.23,14.7,0.02,0.02,617.113416,1776188557000
1776188559.293,159.293,0.8,5.0,0.77,14.7,0.82,3.78,0.86,10.0,0.18,3.78,0.14,10.0,0.2,5.0,0.23,14.7,0.02,0.02,617.154,1776188558000
1776188560.594,160.594,0.8,21.3,0.79,15.7,0.81,4.41,0.82,5.0,0.19,4.41,0.18,5.0,0.2,21.3,0.21,15.7,0.01,0.01,617.186,1776188559000
1776188561.199,161.199,0.8,21.3,0.79,15.7,0.81,4.41,0.82,5.0,0.19,4.41,0.18,5.0,0.2,21.3,0.21,15.7,0.01,0.01,617.186,1776188560000
1776188562.478,162.478,0.8,21.3,0.79,15.7,0.81,4.41,0.82,5.0,0.19,4.41,0.18,5.0,0.2,21.3,0.21,15.7,0.01,0.01,617.171,1776188561000
1776188563.213,163.213,0.8,21.3,0.79,15.7,0.81,4.41,0.82,5.0,0.19,4.41,0.18,5.0,0.2,21.3,0.21,15.7,0.01,0.01,617.171,1776188562000
1776188564.434,164.434,0.8,21.3,0.79,15.7,0.81,4.41,0.82,5.0,0.19,4.41,0.18,5.0,0.2,21.3,0.21,15.7,0.01,0.01,617.17,1776188563000
1776188565.034,165.034,0.8,21.3,0.79,15.7,0.81,4.41,0.82,5.0,0.19,4.41,0.18,5.0,0.2,21.3,0.21,15.7,0.01,0.01,617.17,1776188564000
1776188565.972,165.972,0.8,21.3,0.79,15.7,0.81,4.41,0.82,5.0,0.19,4.41,0.18,5.0,0.2,21.3,0.21,15.7,0.01,0.01,617.156,1776188565000
1776188566.992,166.992,0.8,21.3,0.79,15.7,0.81,4.41,0.82,5.0,0.19,4.41,0.18,5.0,0.2,21.3,0.21,15.7,0.01,0.01,617.156,1776188566000
1776188568.071,168.071,0.8,21.3,0.79,15.7,0.81,4.41,0.82,5.0,0.19,4.41,0.18,5.0,0.2,21.3,0.21,15.7,0.01,0.01,617.187,1776188567000
1776188569.042,169.042,0.8,21.3,0.79,15.7,0.81,4.41,0.82,5.0,0.19,4.41,0.18,5.0,0.2,21.3,0.21,15.7,0.01,0.01,617.18,1776188568000
1776188570.066,170.066,0.8,21.3,0.79,15.7,0.81,4.41,0.82,5.0,0.19,4.41,0.18,5.0,0.2,21.3,0.21,15.7,0.01,0.01,617.194,1776188569000
1776188571.051,171.051,0.8,21.3,0.79,15.7,0.81,4.41,0.82,5.0,0.19,4.41,0.18,5.0,0.2,21.3,0.21,15.7,0.01,0.01,617.183,1776188570000
1776188572.141,172.141,0.8,21.3,0.79,15.7,0.81,4.41,0.82,5.0,0.19,4.41,0.18,5.0,0.2,21.3,0.21,15.7,0.01,0.01,617.19,1776188571000
1776188573.187,173.187,0.8,21.3,0.79,15.7,0.81,4.41,0.82,5.0,0.19,4.41,0.18,5.0,0.2,21.3,0.21,15.7,0.01,0.01,617.178,1776188572000
1776188574.169,174.169,0.8,21.3,0.79,15.7,0.81,4.41,0.82,5.0,0.19,4.41,0.18,5.0,0.2,21.3,0.21,15.7,0.01,0.01,617.151,1776188573000
1776188575.251,175.251,0.8,21.3,0.79,15.7,0.81,4.41,0.82,5.0,0.19,4.41,0.18,5.0,0.2,21.3,0.21,15.7,0.01,0.01,617.152,1776188574000
1776188575.902,175.902,0.8,21.3,0.79,15.7,0.81,4.41,0.82,5.0,0.19,4.41,0.18,5.0,0.2,21.3,0.21,15.7,0.01,0.01,617.153,1776188575000
1776188576.909,176.909,0.8,21.3,0.79,15.7,0.81,4.41,0.82,5.0,0.19,4.41,0.18,5.0,0.2,21.3,0.21,15.7,0.01,0.01,617.15,1776188576000
1776188577.941,177.941,0.8,21.3,0.79,15.7,0.81,4.41,0.82,5.0,0.19,4.41,0.18,5.0,0.2,21.3,0.21,15.7,0.01,0.01,617.15,1776188577000
1776188579.452,179.452,0.8,21.3,0.79,15.7,0.81,4.41,0.82,5.0,0.19,4.41,0.18,5.0,0.2,21.3,0.21,15.7,0.01,0.01,617.128979,1776188578000
1776188580.125,180.125,0.8,21.3,0.79,15.7,0.81,4.41,0.82,5.0,0.19,4.41,0.18,5.0,0.2,21.3,0.21,15.7,0.01,0.01,617.125165,1776188579000
1776188581.23,181.23,0.8,21.3,0.79,15.7,0.81,4.41,0.82,5.0,0.19,4.41,0.18,5.0,0.2,21.3,0.21,15.7,0.01,0.01,617.12521,1776188580000
1776188582.369,182.369,0.8,21.3,0.79,15.7,0.81,4.41,0.82,5.0,0.19,4.41,0.18,5.0,0.2,21.3,0.21,15.7,0.01,0.01,617.126827,1776188581000
1776188583.112,183.112,0.8,21.3,0.79,15.7,0.81,4.41,0.82,5.0,0.19,4.41,0.18,5.0,0.2,21.3,0.21,15.7,0.01,0.01,617.126829,1776188582000
1776188584.366,184.366,0.8,21.3,0.79,15.7,0.81,4.41,0.82,5.0,0.19,4.41,0.18,5.0,0.2,21.3,0.21,15.7,0.01,0.01,617.122133,1776188583000
1776188585.026,185.026,0.8,21.3,0.79,15.7,0.81,4.41,0.82,5.0,0.19,4.41,0.18,5.0,0.2,21.3,0.21,15.7,0.01,0.01,617.122133,1776188584000
1776188586.097,186.097,0.8,21.3,0.79,15.7,0.81,4.41,0.82,5.0,0.19,4.41,0.18,5.0,0.2,21.3,0.21,15.7,0.01,0.01,617.122829,1776188585000
1776188587.372,187.372,0.8,31.3,0.79,15.7,0.86,5.0,0.9,38.9,0.14,5.0,0.1,38.9,0.2,31.3,0.21,15.7,0.06,0.06,617.127307,1776188586000
1776188588.349,188.349,0.8,31.3,0.79,15.7,0.86,5.0,0.9,38.9,0.14,5.0,0.1,38.9,0.2,31.3,0.21,15.7,0.06,0.06,617.126375,1776188587000
1776188588.909,188.909,0.8,31.3,0.79,15.7,0.86,5.0,0.9,38.9,0.14,5.0,0.1,38.9,0.2,31.3,0.21,15.7,0.06,0.06,617.126376,1776188588000
1776188590.211,190.211,0.8,31.3,0.79,15.7,0.86,5.0,0.9,38.9,0.14,5.0,0.1,38.9,0.2,31.3,0.21,15.7,0.06,0.06,617.129713,1776188589000
1776188591.383,191.383,0.8,31.3,0.79,15.7,0.86,5.0,0.9,38.9,0.14,5.0,0.1,38.9,0.2,31.3,0.21,15.7,0.06,0.06,617.128347,1776188590000
1776188592.63,192.63,0.8,31.3,0.79,15.7,0.86,5.0,0.9,38.9,0.14,5.0,0.1,38.9,0.2,31.3,0.21,15.7,0.06,0.06,617.128325,1776188591000
1776188593.132,193.132,0.8,31.3,0.79,15.7,0.86,5.0,0.9,38.9,0.14,5.0,0.1,38.9,0.2,31.3,0.21,15.7,0.06,0.06,617.123452,1776188592000
1776188594.666,194.666,0.8,31.3,0.79,15.7,0.86,5.0,0.9,38.9,0.14,5.0,0.1,38.9,0.2,31.3,0.21,15.7,0.06,0.06,617.123461,1776188593000
1776188595.104,195.104,0.81,5.0,0.8,21.3,0.84,5.0,0.9,38.9,0.14,5.0,0.1,38.9,0.2,31.3,0.21,15.7,0.03,0.06,617.123461,1776188593000
1776188595.681,195.681,0.81,5.0,0.8,21.3,0.84,5.0,0.9,38.9,0.16,5.0,0.1,38.9,0.19,5.0,0.2,21.3,0.03,0.03,617.119663,1776188594000
1776188596.208,196.208,0.81,5.0,0.8,21.3,0.84,5.0,0.9,38.9,0.16,5.0,0.1,38.9,0.19,5.0,0.2,21.3,0.03,0.03,617.119589,1776188595000
1776188597.44,197.44,0.81,5.0,0.8,21.3,0.84,5.0,0.9,38.9,0.16,5.0,0.1,38.9,0.19,5.0,0.2,21.3,0.03,0.03,617.051259,1776188596000
1776188598.561,198.561,0.81,5.0,0.8,21.3,0.84,5.0,0.9,38.9,0.16,5.0,0.1,38.9,0.19,5.0,0.2,21.3,0.03,0.03,617.046676,1776188597000
1776188599.098,199.098,0.81,5.0,0.8,21.3,0.84,5.0,0.9,38.9,0.16,5.0,0.1,38.9,0.19,5.0,0.2,21.3,0.03,0.03,617.046646,1776188598000
1776188600.154,200.154,0.81,5.0,0.8,21.3,0.84,5.0,0.9,38.9,0.16,5.0,0.1,38.9,0.19,5.0,0.2,21.3,0.03,0.03,617.047289,1776188599000
1776188601.247,201.247,0.81,5.0,0.8,21.3,0.84,5.0,0.9,38.9,0.16,5.0,0.1,38.9,0.19,5.0,0.2,21.3,0.03,0.03,617.046738,1776188600000
1776188602.333,202.333,0.81,5.0,0.8,21.3,0.84,5.0,0.9,38.9,0.16,5.0,0.1,38.9,0.19,5.0,0.2,21.3,0.03,0.03,617.042059,1776188601000
1776188603.373,203.373,0.81,5.0,0.8,21.3,0.84,5.0,0.9,38.9,0.16,5.0,0.1,38.9,0.19,5.0,0.2,21.3,0.03,0.03,617.042754,1776188602000
1776188603.92,203.92,0.81,5.0,0.8,21.3,0.84,5.0,0.9,38.9,0.16,5.0,0.1,38.9,0.19,5.0,0.2,21.3,0.03,0.03,617.042754,1776188603000
1776188604.956,204.956,0.81,5.0,0.8,21.3,0.84,5.0,0.9,38.9,0.16,5.0,0.1,38.9,0.19,5.0,0.2,21.3,0.03,0.03,617.048818,1776188604000
1776188606.529,206.529,0.81,5.0,0.8,21.3,0.84,5.0,0.9,38.9,0.16,5.0,0.1,38.9,0.19,5.0,0.2,21.3,0.03,0.03,617.067333,1776188605000
1776188607.089,207.089,0.81,5.0,0.8,21.3,0.84,5.0,0.9,38.9,0.16,5.0,0.1,38.9,0.19,5.0,0.2,21.3,0.03,0.03,617.076,1776188606000
1776188608.285,208.285,0.81,5.0,0.8,21.3,0.84,5.0,0.9,38.9,0.16,5.0,0.1,38.9,0.19,5.0,0.2,21.3,0.03,0.03,617.079,1776188607000
1776188609.873,209.873,0.81,5.0,0.8,21.3,0.84,5.0,0.9,38.9,0.16,5.0,0.1,38.9,0.19,5.0,0.2,21.3,0.03,0.03,617.08,1776188608000
1776188610.744,210.744,0.81,5.0,0.8,21.3,0.84,5.0,0.9,38.9,0.16,5.0,0.1,38.9,0.19,5.0,0.2,21.3,0.03,0.03,617.071,1776188609000
1776188611.621,211.621,0.81,5.0,0.8,21.3,0.84,5.0,0.9,38.9,0.16,5.0,0.1,38.9,0.19,5.0,0.2,21.3,0.03,0.03,617.071,1776188610000
1776188612.421,212.421,0.81,5.0,0.8,21.3,0.84,5.0,0.9,38.9,0.16,5.0,0.1,38.9,0.19,5.0,0.2,21.3,0.03,0.03,617.07758,1776188611000
1776188613.163,213.163,0.81,5.0,0.8,21.3,0.84,5.0,0.9,38.9,0.16,5.0,0.1,38.9,0.19,5.0,0.2,21.3,0.03,0.03,617.113691,1776188612000
1776188614.644,214.644,0.9,28.9,0.89,26.6,0.97,84.3,0.98,137.69,0.03,84.3,0.02,137.69,0.1,28.9,0.11,26.6,0.07,0.07,617.277894,1776188613000
1776188615.302,215.302,0.9,28.9,0.89,26.6,0.97,84.3,0.98,137.69,0.03,84.3,0.02,137.69,0.1,28.9,0.11,26.6,0.07,0.07,617.324408,1776188614000
1776188615.67,215.67,0.94,46.1,0.93,39.9,0.97,63.68,0.98,137.69,0.03,84.3,0.02,137.69,0.1,28.9,0.11,26.6,0.03,0.07,617.324408,1776188614000
1776188616.84,216.84,0.94,46.1,0.93,39.9,0.97,63.68,0.98,137.69,0.03,63.68,0.02,137.69,0.06,46.1,0.07,39.9,0.03,0.03,617.331,1776188615000
1776188617.657,217.657,0.94,46.1,0.93,39.9,0.97,63.68,0.98,137.69,0.03,63.68,0.02,137.69,0.06,46.1,0.07,39.9,0.03,0.03,617.339,1776188616000
1776188618.215,218.215,0.94,46.1,0.93,39.9,0.97,63.68,0.98,137.69,0.03,63.68,0.02,137.69,0.06,46.1,0.07,39.9,0.03,0.03,617.341,1776188617000
1776188619.629,219.629,0.94,46.1,0.93,39.9,0.97,63.68,0.98,137.69,0.03,63.68,0.02,137.69,0.06,46.1,0.07,39.9,0.03,0.03,617.351,1776188618000
1776188620.313,220.313,0.94,46.1,0.93,39.9,0.97,63.68,0.98,137.69,0.03,63.68,0.02,137.69,0.06,46.1,0.07,39.9,0.03,0.03,617.327608,1776188619000
1776188620.826,220.826,0.95,54.7,0.94,51.42,0.98,86.69,0.99,5477.6,0.03,63.68,0.02,137.69,0.06,46.1,0.07,39.9,0.03,0.03,617.327608,1776188619000
1776188621.532,221.532,0.95,54.7,0.94,51.42,0.98,86.69,0.99,5477.6,0.02,86.69,0.01,5477.6,0.05,54.7,0.06,51.42,0.03,0.03,617.332,1776188620000
1776188622.19,222.19,0.95,54.7,0.94,51.42,0.98,86.69,0.99,5477.6,0.02,86.69,0.01,5477.6,0.05,54.7,0.06,51.42,0.03,0.03,617.332,1776188621000
1776188623.744,223.744,0.95,54.7,0.94,51.42,0.98,86.69,0.99,5477.6,0.02,86.69,0.01,5477.6,0.05,54.7,0.06,51.42,0.03,0.03,617.328269,1776188622000
1776188624.512,224.512,0.95,54.7,0.94,51.42,0.98,86.69,0.99,5477.6,0.02,86.69,0.01,5477.6,0.05,54.7,0.06,51.42,0.03,0.03,617.328199,1776188623000
1776188625.238,225.238,0.95,54.7,0.94,51.42,0.98,86.69,0.99,5477.6,0.02,86.69,0.01,5477.6,0.05,54.7,0.06,51.42,0.03,0.03,617.323772,1776188624000
1776188626.702,226.702,0.95,54.7,0.94,51.42,0.98,86.69,0.99,5477.6,0.02,86.69,0.01,5477.6,0.05,54.7,0.06,51.42,0.03,0.03,617.32371,1776188625000
1776188627.317,227.317,0.95,54.7,0.94,51.42,0.98,86.69,0.99,5477.6,0.02,86.69,0.01,5477.6,0.05,54.7,0.06,51.42,0.03,0.03,617.32371,1776188626000
1776188628.422,228.422,0.95,54.7,0.94,51.42,0.98,86.69,0.99,5477.6,0.02,86.69,0.01,5477.6,0.05,54.7,0.06,51.42,0.03,0.03,617.323533,1776188627000
1776188628.905,228.905,0.95,54.7,0.94,51.42,0.98,86.69,0.99,5477.6,0.02,86.69,0.01,5477.6,0.05,54.7,0.06,51.42,0.03,0.03,617.323713,1776188628000
1776188629.929,229.929,0.95,54.7,0.94,51.42,0.98,86.69,0.99,5477.6,0.02,86.69,0.01,5477.6,0.05,54.7,0.06,51.42,0.03,0.03,617.323741,1776188629000
1776188630.866,230.866,0.95,54.7,0.94,51.42,0.98,86.69,0.99,5477.6,0.02,86.69,0.01,5477.6,0.05,54.7,0.06,51.42,0.03,0.03,617.344,1776188630000
1776188631.995,231.995,0.95,54.7,0.94,51.42,0.98,86.69,0.99,5477.6,0.02,86.69,0.01,5477.6,0.05,54.7,0.06,51.42,0.03,0.03,617.344,1776188631000
1776188632.942,232.942,0.95,54.7,0.94,51.42,0.98,86.69,0.99,5477.6,0.02,86.69,0.01,5477.6,0.05,54.7,0.06,51.42,0.03,0.03,617.349,1776188632000
1776188634.014,234.014,0.95,54.7,0.94,51.42,0.98,86.69,0.99,5477.6,0.02,86.69,0.01,5477.6,0.05,54.7,0.06,51.42,0.03,0.03,617.358,1776188633000
1776188634.98,234.98,0.95,54.7,0.94,51.42,0.98,86.69,0.99,5477.6,0.02,86.69,0.01,5477.6,0.05,54.7,0.06,51.42,0.03,0.03,617.358,1776188634000
1776188635.586,235.586,0.96,72.7,0.95,59.7,0.99,5475.57,,,0.02,86.69,0.01,5477.6,0.05,54.7,0.06,51.42,0.03,0.03,617.358,1776188634000
1776188635.83,235.83,0.96,72.7,0.95,59.7,0.99,5470.57,,,0.01,5475.57,,,0.04,72.7,0.05,59.7,0.03,0.03,617.358,1776188634000
1776188636.052,236.052,0.96,72.7,0.95,59.7,0.99,5470.57,,,0.01,5470.57,,,0.04,72.7,0.05,59.7,0.03,0.03,617.357,1776188635000
1776188637.014,237.014,0.96,72.7,0.95,59.7,0.99,5470.57,,,0.01,5470.57,,,0.04,72.7,0.05,59.7,0.03,0.03,617.35,1776188636000
1776188638.012,238.012,0.96,72.7,0.95,59.7,0.99,5470.57,,,0.01,5470.57,,,0.04,72.7,0.05,59.7,0.03,0.03,617.345,1776188637000
1776188638.958,238.958,0.96,72.7,0.95,59.7,0.99,5470.57,,,0.01,5470.57,,,0.04,72.7,0.05,59.7,0.03,0.03,617.346,1776188638000
1776188639.967,239.967,0.96,72.7,0.95,59.7,0.99,5470.57,,,0.01,5470.57,,,0.04,72.7,0.05,59.7,0.03,0.03,617.317025,1776188639000
1776188641.674,241.674,0.96,72.7,0.95,59.7,0.99,5470.57,,,0.01,5470.57,,,0.04,72.7,0.05,59.7,0.03,0.03,617.317168,1776188640000
1776188642.273,242.273,0.96,72.7,0.95,59.7,0.99,5470.57,,,0.01,5470.57,,,0.04,72.7,0.05,59.7,0.03,0.03,617.300669,1776188641000
1776188643.547,243.547,0.96,72.7,0.95,59.7,0.99,5470.57,,,0.01,5470.57,,,0.04,72.7,0.05,59.7,0.03,0.03,617.300636,1776188642000
1776188644.152,244.152,0.96,72.7,0.95,59.7,0.99,5470.57,,,0.01,5470.57,,,0.04,72.7,0.05,59.7,0.03,0.03,617.300636,1776188643000
1776188645.322,245.322,0.96,72.7,0.95,59.7,0.99,5470.57,,,0.01,5470.57,,,0.04,72.7,0.05,59.7,0.03,0.03,617.45378,1776188644000
1776188646.299,246.299,0.98,137.69,0.97,89.3,0.99,133.98,,,0.01,5470.57,,,0.04,72.7,0.05,59.7,0.01,0.03,617.45378,1776188644000
1776188646.787,246.787,0.98,137.69,0.97,89.3,0.99,133.98,,,0.01,133.98,,,0.02,137.69,0.03,89.3,0.01,0.01,617.456898,1776188645000
1776188647.174,247.174,0.98,137.69,0.97,89.3,0.99,133.98,,,0.01,133.98,,,0.02,137.69,0.03,89.3,0.01,0.01,617.457604,1776188646000
1776188647.633,247.633,0.98,137.69,0.97,89.3,0.99,118.98,,,0.01,133.98,,,0.02,137.69,0.03,89.3,0.01,0.01,617.457604,1776188646000
1776188648.682,248.682,0.98,137.69,0.97,89.3,0.99,106.98,,,0.01,118.98,,,0.02,137.69,0.03,89.3,0.01,0.01,617.457604,1776188646000
1776188649.417,249.417,0.98,137.69,0.97,89.3,0.99,106.98,,,0.01,106.98,,,0.02,137.69,0.03,89.3,0.01,0.01,617.45882,1776188648000
1776188650.233,250.233,0.98,137.69,0.97,89.3,0.99,106.98,,,0.01,106.98,,,0.02,137.69,0.03,89.3,0.01,0.01,617.458835,1776188649000
1776188651.645,251.645,0.98,137.69,0.97,89.3,0.99,106.98,,,0.01,106.98,,,0.02,137.69,0.03,89.3,0.01,0.01,617.465467,1776188650000
1776188652.262,252.262,0.98,137.69,0.97,89.3,0.99,106.98,,,0.01,106.98,,,0.02,137.69,0.03,89.3,0.01,0.01,617.464277,1776188651000
1776188652.635,252.635,0.98,137.69,0.97,89.3,0.99,28.98,,,0.01,106.98,,,0.02,137.69,0.03,89.3,0.01,0.01,617.464277,1776188651000
1776188653.649,253.649,0.98,137.69,0.97,89.3,0.99,28.98,,,0.01,28.98,,,0.02,137.69,0.03,89.3,0.01,0.01,617.464299,1776188652000
1776188654.531,254.531,0.98,137.69,0.97,89.3,0.99,28.98,,,0.01,28.98,,,0.02,137.69,0.03,89.3,0.01,0.01,617.464306,1776188653000
1776188655.183,255.183,0.98,137.69,0.97,89.3,0.99,28.98,,,0.01,28.98,,,0.02,137.69,0.03,89.3,0.01,0.01,617.469205,1776188654000
1776188656.569,256.569,0.98,137.69,0.97,89.3,0.99,28.98,,,0.01,28.98,,,0.02,137.69,0.03,89.3,0.01,0.01,617.471,1776188655000
1776188657.176,257.176,0.98,137.69,0.97,89.3,0.99,28.98,,,0.01,28.98,,,0.02,137.69,0.03,89.3,0.01,0.01,617.471,1776188656000
1776188658.988,258.988,0.98,137.69,0.97,89.3,0.99,28.98,,,0.01,28.98,,,0.02,137.69,0.03,89.3,0.01,0.01,617.469442,1776188658000
1776188660.01,260.01,0.98,137.69,0.97,89.3,0.99,28.98,,,0.01,28.98,,,0.02,137.69,0.03,89.3,0.01,0.01,617.475976,1776188659000
1776188660.335,260.335,0.99,6.37,0.98,137.69,,,,,0.01,28.98,,,0.02,137.69,0.03,89.3,,0.01,617.475976,1776188659000
1776188660.658,260.658,0.99,21.65,0.98,137.69,,,,,,,,,0.01,6.37,0.02,137.69,,,617.475976,1776188659000
1776188661.119,261.119,0.99,21.65,0.98,137.69,,,,,,,,,0.01,21.65,0.02,137.69,,,617.476362,1776188660000
1776188662.074,262.074,0.99,21.65,0.98,137.69,,,,,,,,,0.01,21.65,0.02,137.69,,,617.550527,1776188661000
1776188663.188,263.188,0.99,21.65,0.98,137.69,,,,,,,,,0.01,21.65,0.02,137.69,,,617.549046,1776188662000
1776188664.273,264.273,0.99,21.65,0.98,137.69,,,,,,,,,0.01,21.65,0.02,137.69,,,617.54705,1776188663000
1776188665.191,265.191,0.99,21.65,0.98,137.69,,,,,,,,,0.01,21.65,0.02,137.69,,,617.54705,1776188664000
1776188666.232,266.232,0.99,21.65,0.98,137.69,,,,,,,,,0.01,21.65,0.02,137.69,,,617.54832,1776188665000
1776188667.19,267.19,0.99,21.65,0.98,137.69,,,,,,,,,0.01,21.65,0.02,137.69,,,617.552209,1776188666000
1776188668.231,268.231,0.99,21.65,0.98,137.69,,,,,,,,,0.01,21.65,0.02,137.69,,,617.552222,1776188667000
1776188669.319,269.319,0.99,21.65,0.98,137.69,,,,,,,,,0.01,21.65,0.02,137.69,,,617.552235,1776188668000
1776188670.357,270.357,0.99,21.65,0.98,137.69,,,,,,,,,0.01,21.65,0.02,137.69,,,617.532786,1776188669000
1776188671.235,271.235,0.99,21.65,0.98,137.69,,,,,,,,,0.01,21.65,0.02,137.69,,,617.532788,1776188670000
1776188672.246,272.246,0.99,21.65,0.98,137.69,,,,,,,,,0.01,21.65,0.02,137.69,,,617.532788,1776188671000
1776188673.357,273.357,0.99,21.65,0.98,137.69,,,,,,,,,0.01,21.65,0.02,137.69,,,617.528926,1776188672000
1776188674.411,274.411,0.99,21.65,0.98,137.69,,,,,,,,,0.01,21.65,0.02,137.69,,,617.529322,1776188673000
1776188675.001,275.001,0.99,21.65,0.98,137.69,,,,,,,,,0.01,21.65,0.02,137.69,,,617.537949,1776188674000
1776188676.057,276.057,0.99,21.65,0.98,137.69,,,,,,,,,0.01,21.65,0.02,137.69,,,617.54078,1776188675000
1776188677.055,277.055,0.99,21.65,0.98,137.69,,,,,,,,,0.01,21.65,0.02,137.69,,,617.541568,1776188676000
1776188678.08,278.08,0.99,21.65,0.98,137.69,,,,,,,,,0.01,21.65,0.02,137.69,,,617.555274,1776188677000
1776188679.118,279.118,0.99,21.65,0.98,137.69,,,,,,,,,0.01,21.65,0.02,137.69,,,617.593837,1776188678000
1776188680.154,280.154,0.99,21.65,0.98,137.69,,,,,,,,,0.01,21.65,0.02,137.69,,,617.593933,1776188679000
1776188681.279,281.279,0.99,21.65,0.98,137.69,,,,,,,,,0.01,21.65,0.02,137.69,,,617.58846,1776188680000
1776188682.283,282.283,0.99,21.65,0.98,137.69,,,,,,,,,0.01,21.65,0.02,137.69,,,617.58846,1776188681000
1776188683.234,283.234,0.99,21.65,0.98,137.69,,,,,,,,,0.01,21.65,0.02,137.69,,,617.587313,1776188682000
1776188684.206,284.206,0.99,21.65,0.98,137.69,,,,,,,,,0.01,21.65,0.02,137.69,,,617.535716,1776188683000
1776188685.608,285.608,0.99,21.65,0.98,137.69,,,,,,,,,0.01,21.65,0.02,137.69,,,617.46474,1776188684000
1776188686.176,286.176,0.99,21.65,0.98,137.69,,,,,,,,,0.01,21.65,0.02,137.69,,,617.46092,1776188685000
1776188687.186,287.186,0.99,21.65,0.98,137.69,,,,,,,,,0.01,21.65,0.02,137.69,,,617.460412,1776188686000
1776188688.242,288.242,0.99,21.65,0.98,137.69,,,,,,,,,0.01,21.65,0.02,137.69,,,617.460254,1776188687000
1776188689.235,289.235,0.99,21.65,0.98,137.69,,,,,,,,,0.01,21.65,0.02,137.69,,,617.459856,1776188688000
1776188690.233,290.233,0.99,21.65,0.98,137.69,,,,,,,,,0.01,21.65,0.02,137.69,,,617.433257,1776188689000
1776188691.279,291.279,0.99,21.65,0.98,137.69,,,,,,,,,0.01,21.65,0.02,137.69,,,617.369,1776188690000
1776188692.356,292.356,0.99,21.65,0.98,137.69,,,,,,,,,0.01,21.65,0.02,137.69,,,617.38,1776188691000
1776188692.861,292.861,0.99,21.65,0.98,137.69,,,,,,,,,0.01,21.65,0.02,137.69,,,617.38,1776188692000
1776188693.917,293.917,0.99,21.65,0.98,137.69,,,,,,,,,0.01,21.65,0.02,137.69,,,617.392,1776188693000
1776188695.009,295.009,0.99,21.65,0.98,137.69,,,,,,,,,0.01,21.65,0.02,137.69,,,617.392,1776188694000
1776188695.988,295.988,0.99,21.65,0.98,137.69,,,,,,,,,0.01,21.65,0.02,137.69,,,617.386,1776188695000
1776188697.079,297.079,0.99,21.65,0.98,137.69,,,,,,,,,0.01,21.65,0.02,137.69,,,617.394,1776188696000
1776188698.074,298.074,0.99,21.65,0.98,137.69,,,,,,,,,0.01,21.65,0.02,137.69,,,617.394,1776188697000
1776188699.043,299.043,0.99,21.65,0.98,137.69,,,,,,,,,0.01,21.65,0.02,137.69,,,617.383,1776188698000
1776188700.17,300.17,0.99,21.65,0.98,137.69,,,,,,,,,0.01,21.65,0.02,137.69,,,617.387,1776188699000

# RESULT,winner=Up,slug=bnb-updown-5m-1776188400,ticks=321
