timestamp,elapsed_sec,up_bid_p1,up_bid_s1,up_bid_p2,up_bid_s2,up_ask_p1,up_ask_s1,up_ask_p2,up_ask_s2,down_bid_p1,down_bid_s1,down_bid_p2,down_bid_s2,down_ask_p1,down_ask_s1,down_ask_p2,down_ask_s2,up_spread,down_spread,bnb_price,bnb_oracle_ts
1776185711.424,11.424,,,,,,,,,,,,,,,,,,,619.122789,1776185710000
1776185712.041,12.041,0.52,5.0,0.49,5.0,0.59,10.0,0.6,5.0,0.41,10.0,0.4,5.0,0.48,5.0,0.51,5.0,0.07,0.07,619.118087,1776185711000
1776185713.182,13.182,0.52,5.0,0.49,5.0,0.59,10.0,0.6,5.0,0.41,10.0,0.4,5.0,0.48,5.0,0.51,5.0,0.07,0.07,619.118072,1776185712000
1776185714.271,14.271,0.52,5.0,0.49,5.0,0.59,10.0,0.6,5.0,0.41,10.0,0.4,5.0,0.48,5.0,0.51,5.0,0.07,0.07,619.118076,1776185713000
1776185714.819,14.819,0.37,15.0,0.34,5.0,0.59,10.0,0.6,10.0,0.41,10.0,0.4,5.0,0.48,5.0,0.51,5.0,0.22,0.07,619.118076,1776185713000
1776185715.387,15.387,0.37,15.0,0.34,5.0,0.59,10.0,0.6,10.0,0.41,10.0,0.4,10.0,0.63,15.0,0.66,5.0,0.22,0.22,619.110436,1776185714000
1776185715.898,15.898,0.37,15.0,0.34,5.0,0.59,10.0,0.6,10.0,0.41,10.0,0.4,10.0,0.63,15.0,0.66,5.0,0.22,0.22,619.110436,1776185715000
1776185716.201,16.201,0.41,1.44,0.37,5.0,0.51,5.0,0.52,5.0,0.41,10.0,0.4,10.0,0.63,15.0,0.66,5.0,0.1,0.22,619.110436,1776185715000
1776185717.008,17.008,0.41,1.44,0.37,5.0,0.51,5.0,0.52,5.0,0.49,5.0,0.48,5.0,0.59,1.44,0.63,5.0,0.1,0.1,619.023462,1776185716000
1776185718.168,18.168,0.41,1.44,0.37,5.0,0.51,5.0,0.52,5.0,0.49,5.0,0.48,5.0,0.59,1.44,0.63,5.0,0.1,0.1,618.954984,1776185717000
1776185719.193,19.193,0.41,1.44,0.37,5.0,0.51,5.0,0.52,5.0,0.49,5.0,0.48,5.0,0.59,1.44,0.63,5.0,0.1,0.1,618.942522,1776185718000
1776185720.3,20.3,0.41,1.44,0.37,5.0,0.51,5.0,0.52,5.0,0.49,5.0,0.48,5.0,0.59,1.44,0.63,5.0,0.1,0.1,618.89761,1776185719000
1776185721.381,21.381,0.41,1.44,0.37,5.0,0.51,5.0,0.52,5.0,0.49,5.0,0.48,5.0,0.59,1.44,0.63,5.0,0.1,0.1,618.897216,1776185720000
1776185722.028,22.028,0.41,1.44,0.37,5.0,0.51,5.0,0.52,5.0,0.49,5.0,0.48,5.0,0.59,1.44,0.63,5.0,0.1,0.1,618.897216,1776185721000
1776185723.55,23.55,0.41,1.44,0.37,5.0,0.51,5.0,0.52,5.0,0.49,5.0,0.48,5.0,0.59,1.44,0.63,5.0,0.1,0.1,618.844792,1776185722000
1776185724.09,24.09,0.41,1.44,0.37,5.0,0.51,5.0,0.52,5.0,0.49,5.0,0.48,5.0,0.59,1.44,0.63,5.0,0.1,0.1,618.83454,1776185723000
1776185725.274,25.274,0.41,1.44,0.37,5.0,0.51,5.0,0.52,5.0,0.49,5.0,0.48,5.0,0.59,1.44,0.63,5.0,0.1,0.1,618.816857,1776185724000
1776185726.472,26.472,0.41,1.44,0.37,5.0,0.51,5.0,0.52,5.0,0.49,5.0,0.48,5.0,0.59,1.44,0.63,5.0,0.1,0.1,618.816644,1776185725000
1776185726.966,26.966,0.41,1.44,0.37,5.0,0.51,5.0,0.52,5.0,0.49,5.0,0.48,5.0,0.59,1.44,0.63,5.0,0.1,0.1,618.816652,1776185726000
1776185728.093,28.093,0.41,1.44,0.37,5.0,0.51,5.0,0.52,5.0,0.49,5.0,0.48,5.0,0.59,1.44,0.63,5.0,0.1,0.1,618.818064,1776185727000
1776185729.149,29.149,0.41,1.44,0.37,5.0,0.51,5.0,0.52,5.0,0.49,5.0,0.48,5.0,0.59,1.44,0.63,5.0,0.1,0.1,618.81817,1776185728000
1776185730.284,30.284,0.41,1.44,0.37,5.0,0.51,5.0,0.52,5.0,0.49,5.0,0.48,5.0,0.59,1.44,0.63,5.0,0.1,0.1,618.814557,1776185729000
1776185731.345,31.345,0.41,1.44,0.37,5.0,0.51,5.0,0.52,5.0,0.49,5.0,0.48,5.0,0.59,1.44,0.63,5.0,0.1,0.1,618.818064,1776185730000
1776185732.084,32.084,0.41,1.44,0.37,5.0,0.51,5.0,0.52,5.0,0.49,5.0,0.48,5.0,0.59,1.44,0.63,5.0,0.1,0.1,618.830359,1776185731000
1776185733.133,33.133,0.41,1.44,0.37,5.0,0.51,5.0,0.52,5.0,0.49,5.0,0.48,5.0,0.59,1.44,0.63,5.0,0.1,0.1,618.859273,1776185732000
1776185734.097,34.097,0.41,1.44,0.37,5.0,0.51,5.0,0.52,5.0,0.49,5.0,0.48,5.0,0.59,1.44,0.63,5.0,0.1,0.1,618.884123,1776185733000
1776185735.157,35.157,0.41,1.44,0.37,5.0,0.51,5.0,0.52,5.0,0.49,5.0,0.48,5.0,0.59,1.44,0.63,5.0,0.1,0.1,618.906,1776185734000
1776185736.202,36.202,0.41,1.44,0.37,5.0,0.51,5.0,0.52,5.0,0.49,5.0,0.48,5.0,0.59,1.44,0.63,5.0,0.1,0.1,618.874979,1776185735000
1776185737.724,37.724,0.41,1.44,0.37,5.0,0.51,5.0,0.52,5.0,0.49,5.0,0.48,5.0,0.59,1.44,0.63,5.0,0.1,0.1,618.875085,1776185736000
1776185739.099,39.099,0.41,1.44,0.37,5.0,0.51,5.0,0.52,5.0,0.49,5.0,0.48,5.0,0.59,1.44,0.63,5.0,0.1,0.1,618.871458,1776185737000
1776185739.798,39.798,0.34,10.0,0.33,10.0,0.42,5.0,0.45,10.0,0.58,5.0,0.55,10.0,0.66,10.0,0.67,10.0,0.08,0.08,618.817737,1776185738000
1776185740.462,40.462,0.34,10.0,0.33,10.0,0.42,5.0,0.45,10.0,0.58,5.0,0.55,10.0,0.66,10.0,0.67,10.0,0.08,0.08,618.817651,1776185739000
1776185740.741,40.741,0.34,3.24,0.32,10.0,0.41,5.0,0.45,15.0,0.58,5.0,0.55,10.0,0.66,10.0,0.67,10.0,0.07,0.08,618.817651,1776185739000
1776185740.969,40.969,0.34,3.24,0.32,10.0,0.41,5.0,0.45,15.0,0.59,5.0,0.55,15.0,0.66,3.24,0.68,10.0,0.07,0.07,618.81644,1776185740000
1776185741.32,41.32,0.39,5.0,0.38,5.13,0.41,5.0,0.45,15.0,0.59,5.0,0.55,15.0,0.66,3.24,0.68,10.0,0.02,0.07,618.81644,1776185740000
1776185741.75,41.75,0.38,3.93,0.32,10.0,0.41,5.0,0.45,15.0,0.59,5.0,0.55,15.0,0.61,5.0,0.62,5.13,0.03,0.02,618.81644,1776185740000
1776185742.163,42.163,0.38,3.93,0.32,10.0,0.41,5.0,0.45,15.0,0.59,5.0,0.55,15.0,0.62,3.93,0.68,10.0,0.03,0.03,618.816381,1776185741000
1776185742.798,42.798,0.32,10.0,0.29,17.0,0.41,5.0,0.45,15.0,0.59,5.0,0.55,15.0,0.62,3.93,0.68,10.0,0.09,0.03,618.816381,1776185741000
1776185743.8,43.8,0.32,5.0,0.29,17.0,0.41,5.0,0.45,15.0,0.59,5.0,0.55,15.0,0.68,10.0,0.71,17.0,0.09,0.09,618.816381,1776185741000
1776185744.524,44.524,0.32,5.0,0.29,17.0,0.41,5.0,0.45,15.0,0.59,5.0,0.55,15.0,0.68,5.0,0.71,17.0,0.09,0.09,618.799206,1776185743000
1776185744.909,44.909,0.33,5.0,0.32,5.0,0.41,5.0,0.42,5.27,0.59,5.0,0.55,15.0,0.68,5.0,0.71,17.0,0.08,0.09,618.799206,1776185743000
1776185745.273,45.273,0.33,5.0,0.32,5.0,0.41,5.0,0.42,5.27,0.59,5.0,0.58,5.27,0.67,5.0,0.68,5.0,0.08,0.08,618.798435,1776185744000
1776185745.882,45.882,0.32,0.62,0.29,17.0,0.41,5.0,0.42,5.27,0.59,5.0,0.58,5.27,0.67,0.56,0.68,5.0,0.09,0.08,618.798435,1776185744000
1776185746.571,46.571,0.32,0.62,0.29,17.0,0.41,5.0,0.42,5.27,0.59,5.0,0.58,5.27,0.68,0.62,0.71,17.0,0.09,0.09,618.798161,1776185745000
1776185746.969,46.969,0.29,12.0,0.27,13.2,0.41,5.0,0.42,5.27,0.59,5.0,0.58,5.27,0.68,0.62,0.71,17.0,0.12,0.09,618.798161,1776185745000
1776185747.247,47.247,0.3,8.0,0.27,31.2,0.41,5.0,0.42,5.27,0.59,5.0,0.58,5.27,0.71,12.0,0.73,13.2,0.11,0.12,618.798161,1776185745000
1776185748.541,48.541,0.3,3.0,0.27,31.2,0.41,10.18,0.45,15.0,0.59,5.0,0.58,5.27,0.7,8.0,0.73,31.2,0.11,0.11,618.798152,1776185746000
1776185748.75,48.75,0.3,3.0,0.27,31.2,0.41,10.18,0.45,15.0,0.59,10.18,0.55,15.0,0.7,3.0,0.73,31.2,0.11,0.11,618.799418,1776185747000
1776185749.387,49.387,0.3,3.0,0.27,31.2,0.41,10.18,0.45,15.0,0.59,10.18,0.55,15.0,0.7,3.0,0.73,31.2,0.11,0.11,618.797342,1776185748000
1776185750.219,50.219,0.3,3.0,0.27,31.2,0.41,10.18,0.45,15.0,0.59,10.18,0.55,15.0,0.7,3.0,0.73,31.2,0.11,0.11,618.797295,1776185749000
1776185751.605,51.605,0.3,3.0,0.27,31.2,0.41,10.18,0.45,15.0,0.59,10.18,0.55,15.0,0.7,3.0,0.73,31.2,0.11,0.11,618.794677,1776185750000
1776185752.298,52.298,0.3,3.0,0.27,31.2,0.41,10.18,0.45,15.0,0.59,10.18,0.55,15.0,0.7,3.0,0.73,31.2,0.11,0.11,618.794677,1776185751000
1776185753.73,53.73,0.3,3.0,0.27,31.2,0.41,10.18,0.45,15.0,0.59,10.18,0.55,15.0,0.7,3.0,0.73,31.2,0.11,0.11,618.8011,1776185752000
1776185754.047,54.047,0.33,7.24,0.32,11.9,0.43,15.0,0.44,5.0,0.59,10.18,0.55,15.0,0.7,3.0,0.73,31.2,0.1,0.11,618.8011,1776185752000
1776185754.579,54.579,0.33,7.24,0.32,11.9,0.43,15.0,0.44,5.0,0.57,15.0,0.56,5.0,0.67,7.24,0.68,11.9,0.1,0.1,618.80886,1776185753000
1776185755.233,55.233,0.33,7.24,0.32,11.9,0.43,15.0,0.44,5.0,0.57,15.0,0.56,5.0,0.67,7.24,0.68,11.9,0.1,0.1,618.878255,1776185754000
1776185756.21,56.21,0.33,7.24,0.32,11.9,0.43,15.0,0.44,5.0,0.57,15.0,0.56,5.0,0.67,7.24,0.68,11.9,0.1,0.1,618.887,1776185755000
1776185757.093,57.093,0.33,7.24,0.32,11.9,0.43,15.0,0.44,5.0,0.57,15.0,0.56,5.0,0.67,7.24,0.68,11.9,0.1,0.1,618.898791,1776185756000
1776185758.083,58.083,0.33,7.24,0.32,11.9,0.43,15.0,0.44,5.0,0.57,15.0,0.56,5.0,0.67,7.24,0.68,11.9,0.1,0.1,618.908759,1776185757000
1776185758.973,58.973,0.33,7.24,0.32,11.9,0.43,15.0,0.44,5.0,0.57,15.0,0.56,5.0,0.67,7.24,0.68,11.9,0.1,0.1,618.908832,1776185758000
1776185760.028,60.028,0.33,7.24,0.32,11.9,0.43,15.0,0.44,5.0,0.57,15.0,0.56,5.0,0.67,7.24,0.68,11.9,0.1,0.1,618.908711,1776185759000
1776185761.034,61.034,0.33,7.24,0.32,11.9,0.43,15.0,0.44,5.0,0.57,15.0,0.56,5.0,0.67,7.24,0.68,11.9,0.1,0.1,618.911811,1776185760000
1776185762.018,62.018,0.33,7.24,0.32,11.9,0.43,15.0,0.44,5.0,0.57,15.0,0.56,5.0,0.67,7.24,0.68,11.9,0.1,0.1,618.916305,1776185761000
1776185762.915,62.915,0.33,7.24,0.32,11.9,0.43,15.0,0.44,5.0,0.57,15.0,0.56,5.0,0.67,7.24,0.68,11.9,0.1,0.1,618.919022,1776185762000
1776185763.968,63.968,0.33,7.24,0.32,11.9,0.43,15.0,0.44,5.0,0.57,15.0,0.56,5.0,0.67,7.24,0.68,11.9,0.1,0.1,618.927347,1776185763000
1776185764.827,64.827,0.33,7.24,0.32,11.9,0.43,15.0,0.44,5.0,0.57,15.0,0.56,5.0,0.67,7.24,0.68,11.9,0.1,0.1,618.968908,1776185764000
1776185765.206,65.206,0.41,10.7,0.4,10.8,0.43,5.0,0.44,5.0,0.57,15.0,0.56,5.0,0.67,7.24,0.68,11.9,0.02,0.1,618.968908,1776185764000
1776185766.212,66.212,0.41,10.7,0.4,10.8,0.43,5.0,0.44,5.0,0.57,5.0,0.56,5.0,0.59,10.7,0.6,10.8,0.02,0.02,618.926725,1776185765000
1776185767.184,67.184,0.41,10.7,0.4,10.8,0.43,5.0,0.44,5.0,0.57,5.0,0.56,5.0,0.59,10.7,0.6,10.8,0.02,0.02,618.926719,1776185766000
1776185768.848,68.848,0.42,15.7,0.41,10.7,0.43,5.0,0.44,5.0,0.57,5.0,0.56,5.0,0.58,15.7,0.59,10.7,0.01,0.01,618.923154,1776185767000
1776185769.434,69.434,0.42,15.7,0.41,10.7,0.43,5.0,0.44,5.0,0.57,5.0,0.56,5.0,0.58,15.7,0.59,10.7,0.01,0.01,618.919444,1776185768000
1776185770.47,70.47,0.41,10.7,0.4,10.8,0.42,15.68,0.43,5.0,0.58,15.68,0.57,5.0,0.59,10.7,0.6,10.8,0.01,0.01,618.918596,1776185769000
1776185770.927,70.927,0.41,10.7,0.4,10.8,0.42,15.68,0.43,5.0,0.58,15.68,0.57,5.0,0.59,10.7,0.6,10.8,0.01,0.01,618.918528,1776185770000
1776185771.909,71.909,0.41,10.7,0.4,10.8,0.42,15.68,0.43,5.0,0.58,15.68,0.57,5.0,0.59,10.7,0.6,10.8,0.01,0.01,618.910213,1776185771000
1776185772.932,72.932,0.41,10.7,0.4,10.8,0.42,15.68,0.43,5.0,0.58,15.68,0.57,5.0,0.59,10.7,0.6,10.8,0.01,0.01,618.90971,1776185772000
1776185773.926,73.926,0.41,10.7,0.4,10.8,0.42,15.68,0.43,5.0,0.58,15.68,0.57,5.0,0.59,10.7,0.6,10.8,0.01,0.01,618.910848,1776185773000
1776185774.963,74.963,0.41,10.7,0.4,10.8,0.42,15.68,0.43,5.0,0.58,15.68,0.57,5.0,0.59,10.7,0.6,10.8,0.01,0.01,618.91104,1776185774000
1776185776.467,76.467,0.41,10.7,0.4,10.8,0.42,15.68,0.43,5.0,0.58,15.68,0.57,5.0,0.59,10.7,0.6,10.8,0.01,0.01,618.911145,1776185775000
1776185776.819,76.819,0.41,10.7,0.4,10.8,0.42,5.0,0.47,5.0,0.58,15.68,0.57,5.0,0.59,10.7,0.6,10.8,0.01,0.01,618.911145,1776185775000
1776185778.108,78.108,0.41,10.7,0.4,10.8,0.42,5.0,0.47,5.0,0.58,5.0,0.53,5.0,0.59,10.7,0.6,10.8,0.01,0.01,618.913117,1776185777000
1776185779.199,79.199,0.41,10.7,0.4,10.8,0.42,5.0,0.47,5.0,0.58,5.0,0.53,5.0,0.59,10.7,0.6,10.8,0.01,0.01,618.923312,1776185778000
1776185780.196,80.196,0.41,10.7,0.4,10.8,0.42,5.0,0.47,5.0,0.58,5.0,0.53,5.0,0.59,10.7,0.6,10.8,0.01,0.01,618.929308,1776185779000
1776185781.23,81.23,0.41,10.7,0.4,10.8,0.42,5.0,0.47,5.0,0.58,5.0,0.53,5.0,0.59,10.7,0.6,10.8,0.01,0.01,618.933467,1776185780000
1776185782.894,82.894,0.41,10.7,0.4,10.8,0.42,5.0,0.47,5.0,0.58,5.0,0.53,5.0,0.59,10.7,0.6,10.8,0.01,0.01,618.938362,1776185781000
1776185783.434,83.434,0.41,10.7,0.4,10.8,0.42,5.0,0.47,5.0,0.58,5.0,0.53,5.0,0.59,10.7,0.6,10.8,0.01,0.01,618.938617,1776185782000
1776185784.069,84.069,0.41,10.7,0.4,10.8,0.42,5.0,0.47,5.0,0.58,5.0,0.53,5.0,0.59,10.7,0.6,10.8,0.01,0.01,618.938617,1776185783000
1776185785.142,85.142,0.41,10.7,0.4,10.8,0.42,5.0,0.47,5.0,0.58,5.0,0.53,5.0,0.59,10.7,0.6,10.8,0.01,0.01,618.938616,1776185784000
1776185786.364,86.364,0.41,10.7,0.4,10.8,0.42,5.0,0.47,5.0,0.58,5.0,0.53,5.0,0.59,10.7,0.6,10.8,0.01,0.01,619.013326,1776185785000
1776185786.928,86.928,0.41,10.7,0.4,10.8,0.42,5.0,0.47,5.0,0.58,5.0,0.53,5.0,0.59,10.7,0.6,10.8,0.01,0.01,619.013326,1776185786000
1776185787.449,87.449,0.5,10.4,0.49,10.4,0.54,28.85,0.57,5.0,0.58,5.0,0.53,5.0,0.59,10.7,0.6,10.8,0.04,0.01,619.013326,1776185786000
1776185788.034,88.034,0.5,10.4,0.49,10.4,0.54,28.85,0.57,5.0,0.46,28.85,0.43,5.0,0.5,10.4,0.51,10.4,0.04,0.04,619.014084,1776185787000
1776185789.145,89.145,0.5,10.4,0.49,10.4,0.54,28.85,0.57,5.0,0.46,28.85,0.43,5.0,0.5,10.4,0.51,10.4,0.04,0.04,619.019534,1776185788000
1776185789.618,89.618,0.52,1.24,0.51,10.4,0.54,28.85,0.57,5.0,0.46,28.85,0.43,5.0,0.5,10.4,0.51,10.4,0.02,0.04,619.019534,1776185788000
1776185790.272,90.272,0.52,1.24,0.51,10.4,0.54,28.85,0.57,5.0,0.46,28.85,0.43,5.0,0.48,1.24,0.49,10.4,0.02,0.02,619.068459,1776185789000
1776185791.365,91.365,0.52,1.24,0.51,10.4,0.54,28.85,0.57,5.0,0.46,28.85,0.43,5.0,0.48,1.24,0.49,10.4,0.02,0.02,619.024179,1776185790000
1776185791.96,91.96,0.52,1.24,0.51,10.4,0.54,28.85,0.57,5.0,0.46,28.85,0.43,5.0,0.48,1.24,0.49,10.4,0.02,0.02,619.024179,1776185791000
1776185793.258,93.258,0.52,1.24,0.51,10.4,0.54,28.85,0.57,5.0,0.46,28.85,0.43,5.0,0.48,1.24,0.49,10.4,0.02,0.02,619.027305,1776185792000
1776185794.494,94.494,0.52,1.24,0.51,10.4,0.54,28.85,0.57,5.0,0.46,28.85,0.43,5.0,0.48,1.24,0.49,10.4,0.02,0.02,619.042024,1776185793000
1776185795.041,95.041,0.52,1.24,0.51,10.4,0.54,28.85,0.57,5.0,0.46,28.85,0.43,5.0,0.48,1.24,0.49,10.4,0.02,0.02,619.045244,1776185794000
1776185796.113,96.113,0.52,1.24,0.51,10.4,0.54,28.85,0.57,5.0,0.46,28.85,0.43,5.0,0.48,1.24,0.49,10.4,0.02,0.02,619.044931,1776185795000
1776185797.669,97.669,0.52,1.24,0.51,10.4,0.54,28.85,0.57,5.0,0.46,28.85,0.43,5.0,0.48,1.24,0.49,10.4,0.02,0.02,619.044988,1776185796000
1776185798.072,98.072,0.52,1.24,0.51,10.4,0.54,28.85,0.57,5.0,0.46,28.85,0.43,5.0,0.48,1.24,0.49,10.4,0.02,0.02,619.044947,1776185797000
1776185798.385,98.385,0.52,11.64,0.51,10.4,0.54,18.85,0.56,5.0,0.46,28.85,0.43,5.0,0.48,1.24,0.49,10.4,0.02,0.02,619.044947,1776185797000
1776185799.112,99.112,0.53,10.4,0.52,11.64,0.54,9.03,0.56,5.0,0.46,9.03,0.44,5.0,0.47,10.4,0.48,11.64,0.01,0.01,619.054139,1776185798000
1776185800.109,100.109,0.53,10.4,0.52,11.64,0.54,9.03,0.56,5.0,0.46,9.03,0.44,5.0,0.47,10.4,0.48,11.64,0.01,0.01,619.065175,1776185799000
1776185801.144,101.144,0.53,10.4,0.52,11.64,0.54,9.03,0.56,5.0,0.46,9.03,0.44,5.0,0.47,10.4,0.48,11.64,0.01,0.01,619.166374,1776185800000
1776185802.044,102.044,0.53,10.4,0.52,11.64,0.54,0.01,0.63,5.0,0.46,0.01,0.37,5.0,0.47,10.4,0.48,11.64,0.01,0.01,619.166374,1776185801000
1776185802.961,102.961,0.53,10.4,0.52,11.64,0.54,0.01,0.63,5.0,0.46,0.01,0.37,5.0,0.47,10.4,0.48,11.64,0.01,0.01,619.171099,1776185802000
1776185803.969,103.969,0.53,10.4,0.52,11.64,0.54,0.01,0.63,5.0,0.46,0.01,0.37,5.0,0.47,10.4,0.48,11.64,0.01,0.01,619.171292,1776185803000
1776185805.332,105.332,0.53,10.4,0.52,11.64,0.54,0.01,0.63,5.0,0.46,0.01,0.37,5.0,0.47,10.4,0.48,11.64,0.01,0.01,619.196328,1776185804000
1776185806.257,106.257,0.53,10.4,0.52,11.64,0.54,0.01,0.63,5.0,0.46,0.01,0.37,5.0,0.47,10.4,0.48,11.64,0.01,0.01,619.206234,1776185805000
1776185807.018,107.018,0.53,10.0,0.52,11.64,0.66,5.0,0.67,11.8,0.46,0.01,0.37,5.0,0.47,10.4,0.48,11.64,0.13,0.01,619.206234,1776185805000
1776185808.126,108.126,0.53,10.0,0.52,11.64,0.66,5.0,0.67,11.8,0.34,5.0,0.33,11.8,0.47,10.0,0.48,11.64,0.13,0.13,619.205593,1776185807000
1776185809.074,109.074,0.53,10.0,0.52,11.64,0.66,5.0,0.67,11.8,0.34,5.0,0.33,11.8,0.47,10.0,0.48,11.64,0.13,0.13,619.206556,1776185808000
1776185810.771,110.771,0.53,10.0,0.52,11.64,0.66,5.0,0.67,11.8,0.34,5.0,0.33,11.8,0.47,10.0,0.48,11.64,0.13,0.13,619.206556,1776185809000
1776185811.714,111.714,0.53,10.0,0.52,11.64,0.66,5.0,0.67,11.8,0.34,5.0,0.33,11.8,0.47,10.0,0.48,11.64,0.13,0.13,619.206274,1776185810000
1776185812.656,112.656,0.53,10.0,0.52,11.64,0.66,5.0,0.67,11.8,0.34,5.0,0.33,11.8,0.47,10.0,0.48,11.64,0.13,0.13,619.206299,1776185811000
1776185813.444,113.444,0.53,10.0,0.52,11.64,0.66,5.0,0.67,11.8,0.34,5.0,0.33,11.8,0.47,10.0,0.48,11.64,0.13,0.13,619.20759,1776185812000
1776185814.215,114.215,0.53,10.0,0.52,11.64,0.66,5.0,0.67,11.8,0.34,5.0,0.33,11.8,0.47,10.0,0.48,11.64,0.13,0.13,619.208121,1776185813000
1776185815.099,115.099,0.53,10.0,0.52,11.64,0.66,5.0,0.67,11.8,0.34,5.0,0.33,11.8,0.47,10.0,0.48,11.64,0.13,0.13,619.208588,1776185814000
1776185816.431,116.431,0.53,10.0,0.52,11.64,0.66,5.0,0.67,11.8,0.34,5.0,0.33,11.8,0.47,10.0,0.48,11.64,0.13,0.13,619.208876,1776185815000
1776185817.966,117.966,0.53,10.0,0.52,11.64,0.66,5.0,0.67,11.8,0.34,5.0,0.33,11.8,0.47,10.0,0.48,11.64,0.13,0.13,619.210291,1776185816000
1776185818.581,118.581,0.53,10.0,0.52,11.64,0.66,5.0,0.67,11.8,0.34,5.0,0.33,11.8,0.47,10.0,0.48,11.64,0.13,0.13,619.210272,1776185817000
1776185819.389,119.389,0.53,10.0,0.52,11.64,0.66,5.0,0.67,11.8,0.34,5.0,0.33,11.8,0.47,10.0,0.48,11.64,0.13,0.13,619.206686,1776185818000
1776185819.986,119.986,0.53,10.0,0.52,11.64,0.66,5.0,0.67,11.8,0.34,5.0,0.33,11.8,0.47,10.0,0.48,11.64,0.13,0.13,619.087556,1776185819000
1776185821.27,121.27,0.53,10.0,0.52,11.64,0.66,5.0,0.67,11.8,0.34,5.0,0.33,11.8,0.47,10.0,0.48,11.64,0.13,0.13,619.072758,1776185820000
1776185822.741,122.741,0.53,7.87,0.52,1.24,0.54,5.0,0.57,5.0,0.46,5.0,0.43,5.0,0.47,7.87,0.48,1.24,0.01,0.01,619.071016,1776185821000
1776185823.335,123.335,0.53,7.87,0.52,1.24,0.54,5.0,0.57,5.0,0.46,5.0,0.43,5.0,0.47,7.87,0.48,1.24,0.01,0.01,619.071016,1776185822000
1776185824.711,124.711,0.53,7.87,0.52,1.24,0.54,5.0,0.57,5.0,0.46,5.0,0.43,5.0,0.47,7.87,0.48,1.24,0.01,0.01,618.97,1776185823000
1776185825.342,125.342,0.38,11.0,0.37,11.2,0.54,10.0,0.57,11.0,0.46,10.0,0.43,11.0,0.62,11.0,0.63,11.2,0.16,0.16,618.97,1776185824000
1776185826.795,126.795,0.38,11.0,0.37,11.2,0.54,10.0,0.57,11.0,0.46,10.0,0.43,11.0,0.62,11.0,0.63,11.2,0.16,0.16,618.934637,1776185825000
1776185827.462,127.462,0.38,11.0,0.37,11.2,0.54,10.0,0.57,11.0,0.46,10.0,0.43,11.0,0.62,11.0,0.63,11.2,0.16,0.16,618.891679,1776185826000
1776185828.038,128.038,0.38,11.0,0.37,11.2,0.54,10.0,0.57,11.0,0.46,10.0,0.43,11.0,0.62,11.0,0.63,11.2,0.16,0.16,618.891574,1776185827000
1776185829.321,129.321,0.38,11.0,0.37,11.2,0.54,10.0,0.57,11.0,0.46,10.0,0.43,11.0,0.62,11.0,0.63,11.2,0.16,0.16,618.891213,1776185828000
1776185830.418,130.418,0.38,11.0,0.37,11.2,0.54,10.0,0.57,11.0,0.46,10.0,0.43,11.0,0.62,11.0,0.63,11.2,0.16,0.16,618.885715,1776185829000
1776185831.013,131.013,0.38,11.0,0.37,11.2,0.54,10.0,0.57,11.0,0.46,10.0,0.43,11.0,0.62,11.0,0.63,11.2,0.16,0.16,618.885715,1776185830000
1776185832.046,132.046,0.38,11.0,0.37,11.2,0.54,10.0,0.57,11.0,0.46,10.0,0.43,11.0,0.62,11.0,0.63,11.2,0.16,0.16,618.803088,1776185831000
1776185833.09,133.09,0.38,11.0,0.37,11.2,0.54,10.0,0.57,11.0,0.46,10.0,0.43,11.0,0.62,11.0,0.63,11.2,0.16,0.16,618.796539,1776185832000
1776185834.162,134.162,0.38,11.0,0.37,11.2,0.54,10.0,0.57,11.0,0.46,10.0,0.43,11.0,0.62,11.0,0.63,11.2,0.16,0.16,618.805,1776185833000
1776185835.172,135.172,0.38,11.0,0.37,11.2,0.54,10.0,0.57,11.0,0.46,10.0,0.43,11.0,0.62,11.0,0.63,11.2,0.16,0.16,618.802511,1776185834000
1776185836.296,136.296,0.38,11.0,0.37,11.2,0.54,10.0,0.57,11.0,0.46,10.0,0.43,11.0,0.62,11.0,0.63,11.2,0.16,0.16,618.816,1776185835000
1776185837.257,137.257,0.38,11.0,0.37,11.2,0.54,10.0,0.57,11.0,0.46,10.0,0.43,11.0,0.62,11.0,0.63,11.2,0.16,0.16,618.836521,1776185836000
1776185838.336,138.336,0.38,11.0,0.37,11.2,0.54,10.0,0.57,11.0,0.46,10.0,0.43,11.0,0.62,11.0,0.63,11.2,0.16,0.16,618.921141,1776185837000
1776185838.898,138.898,0.38,11.0,0.37,11.2,0.54,10.0,0.57,11.0,0.46,10.0,0.43,11.0,0.62,11.0,0.63,11.2,0.16,0.16,618.925821,1776185838000
1776185839.933,139.933,0.38,11.0,0.37,11.2,0.54,10.0,0.57,11.0,0.46,10.0,0.43,11.0,0.62,11.0,0.63,11.2,0.16,0.16,618.924361,1776185839000
1776185841.026,141.026,0.38,11.0,0.37,11.2,0.54,10.0,0.57,11.0,0.46,10.0,0.43,11.0,0.62,11.0,0.63,11.2,0.16,0.16,618.924069,1776185840000
1776185842.005,142.005,0.38,11.0,0.37,11.2,0.54,10.0,0.57,11.0,0.46,10.0,0.43,11.0,0.62,11.0,0.63,11.2,0.16,0.16,618.928116,1776185841000
1776185843.158,143.158,0.38,11.0,0.37,11.2,0.54,10.0,0.57,11.0,0.46,10.0,0.43,11.0,0.62,11.0,0.63,11.2,0.16,0.16,618.928117,1776185842000
1776185844.774,144.774,0.38,11.0,0.37,11.2,0.54,10.0,0.57,11.0,0.46,10.0,0.43,11.0,0.62,11.0,0.63,11.2,0.16,0.16,618.93577,1776185843000
1776185845.492,145.492,0.38,11.0,0.37,11.2,0.54,10.0,0.57,11.0,0.46,10.0,0.43,11.0,0.62,11.0,0.63,11.2,0.16,0.16,618.945832,1776185844000
1776185846.265,146.265,0.38,11.0,0.37,11.2,0.54,10.0,0.57,11.0,0.46,10.0,0.43,11.0,0.62,11.0,0.63,11.2,0.16,0.16,619.0015,1776185845000
1776185847.892,147.892,0.38,11.0,0.37,11.2,0.54,10.0,0.57,11.0,0.46,10.0,0.43,11.0,0.62,11.0,0.63,11.2,0.16,0.16,619.044495,1776185846000
1776185848.519,148.519,0.38,11.0,0.37,11.2,0.54,10.0,0.57,11.0,0.46,10.0,0.43,11.0,0.62,11.0,0.63,11.2,0.16,0.16,619.072094,1776185847000
1776185849.193,149.193,0.35,6.83,0.34,11.6,0.51,50.0,0.54,10.0,0.49,50.0,0.46,10.0,0.65,6.83,0.66,11.6,0.16,0.16,619.099357,1776185848000
1776185850.522,150.522,0.35,6.83,0.34,11.6,0.51,50.0,0.54,10.0,0.49,50.0,0.46,10.0,0.65,6.83,0.66,11.6,0.16,0.16,619.013,1776185849000
1776185851.208,151.208,0.35,6.83,0.34,11.6,0.51,50.0,0.54,10.0,0.49,50.0,0.46,10.0,0.65,6.83,0.66,11.6,0.16,0.16,618.984428,1776185850000
1776185852.609,152.609,0.35,6.83,0.34,11.6,0.51,50.0,0.54,10.0,0.49,50.0,0.46,10.0,0.65,6.83,0.66,11.6,0.16,0.16,618.961183,1776185851000
1776185853.517,153.517,0.35,6.83,0.34,11.6,0.51,50.0,0.54,10.0,0.49,50.0,0.46,10.0,0.65,6.83,0.66,11.6,0.16,0.16,618.959845,1776185852000
1776185854.263,154.263,0.35,6.83,0.34,11.6,0.51,50.0,0.54,10.0,0.49,50.0,0.46,10.0,0.65,6.83,0.66,11.6,0.16,0.16,618.956683,1776185853000
1776185855.541,155.541,0.35,6.83,0.34,11.6,0.51,50.0,0.54,10.0,0.49,50.0,0.46,10.0,0.65,6.83,0.66,11.6,0.16,0.16,618.956683,1776185854000
1776185856.14,156.14,0.35,6.83,0.34,11.6,0.51,50.0,0.54,10.0,0.49,50.0,0.46,10.0,0.65,6.83,0.66,11.6,0.16,0.16,618.956793,1776185855000
1776185857.562,157.562,0.35,6.83,0.34,11.6,0.51,50.0,0.54,10.0,0.49,50.0,0.46,10.0,0.65,6.83,0.66,11.6,0.16,0.16,618.954978,1776185856000
1776185858.238,158.238,0.35,6.83,0.34,11.6,0.51,50.0,0.54,10.0,0.49,50.0,0.46,10.0,0.65,6.83,0.66,11.6,0.16,0.16,618.94707,1776185857000
1776185859.568,159.568,0.35,6.83,0.34,11.6,0.51,50.0,0.54,10.0,0.49,50.0,0.46,10.0,0.65,6.83,0.66,11.6,0.16,0.16,618.929994,1776185858000
1776185860.391,160.391,0.35,6.83,0.34,11.6,0.51,50.0,0.54,10.0,0.49,50.0,0.46,10.0,0.65,6.83,0.66,11.6,0.16,0.16,618.929845,1776185859000
1776185861.208,161.208,0.37,8.2,0.36,11.3,0.41,5.0,0.46,5.0,0.49,50.0,0.46,10.0,0.65,6.83,0.66,11.6,0.04,0.16,618.929845,1776185859000
1776185861.904,161.904,0.37,8.2,0.36,11.3,0.41,5.0,0.46,5.0,0.59,5.0,0.54,5.0,0.63,8.2,0.64,11.3,0.04,0.04,618.866471,1776185861000
1776185863.108,163.108,0.37,8.2,0.36,11.3,0.41,5.0,0.46,5.0,0.59,5.0,0.54,5.0,0.63,8.2,0.64,11.3,0.04,0.04,618.866474,1776185862000
1776185864.114,164.114,0.37,8.2,0.36,11.3,0.41,5.0,0.46,5.0,0.59,5.0,0.54,5.0,0.63,8.2,0.64,11.3,0.04,0.04,618.866466,1776185863000
1776185865.065,165.065,0.37,8.2,0.36,11.3,0.41,5.0,0.46,5.0,0.59,5.0,0.54,5.0,0.63,8.2,0.64,11.3,0.04,0.04,618.865678,1776185864000
1776185866.133,166.133,0.37,8.2,0.36,11.3,0.41,5.0,0.46,5.0,0.59,5.0,0.54,5.0,0.63,8.2,0.64,11.3,0.04,0.04,618.862507,1776185865000
1776185867.123,167.123,0.37,8.2,0.36,11.3,0.41,5.0,0.46,5.0,0.59,5.0,0.54,5.0,0.63,8.2,0.64,11.3,0.04,0.04,618.862507,1776185866000
1776185868.163,168.163,0.37,8.2,0.36,11.3,0.41,5.0,0.46,5.0,0.59,5.0,0.54,5.0,0.63,8.2,0.64,11.3,0.04,0.04,618.86159,1776185867000
1776185869.208,169.208,0.37,8.2,0.36,11.3,0.41,5.0,0.46,5.0,0.59,5.0,0.54,5.0,0.63,8.2,0.64,11.3,0.04,0.04,618.861402,1776185868000
1776185870.266,170.266,0.37,8.2,0.36,11.3,0.41,5.0,0.46,5.0,0.59,5.0,0.54,5.0,0.63,8.2,0.64,11.3,0.04,0.04,618.851011,1776185869000
1776185870.818,170.818,0.26,13.5,0.25,13.9,0.33,0.68,0.37,5.0,0.59,5.0,0.54,5.0,0.63,8.2,0.64,11.3,0.07,0.04,618.851011,1776185869000
1776185871.291,171.291,0.26,13.5,0.25,13.9,0.33,0.68,0.37,5.0,0.67,0.68,0.63,5.0,0.74,13.5,0.75,13.9,0.07,0.07,618.767468,1776185870000
1776185872.356,172.356,0.26,13.5,0.25,13.9,0.33,0.68,0.37,5.0,0.67,0.68,0.63,5.0,0.74,13.5,0.75,13.9,0.07,0.07,618.766672,1776185871000
1776185873.438,173.438,0.26,13.5,0.25,13.9,0.33,0.68,0.37,5.0,0.67,0.68,0.63,5.0,0.74,13.5,0.75,13.9,0.07,0.07,618.766214,1776185872000
1776185873.975,173.975,0.26,13.5,0.25,13.9,0.33,0.68,0.37,5.0,0.67,0.68,0.63,5.0,0.74,13.5,0.75,13.9,0.07,0.07,618.778,1776185873000
1776185875.492,175.492,0.26,13.5,0.25,13.9,0.33,0.68,0.37,5.0,0.67,0.68,0.63,5.0,0.74,13.5,0.75,13.9,0.07,0.07,618.801691,1776185874000
1776185876.023,176.023,0.26,13.5,0.25,13.9,0.33,0.68,0.37,5.0,0.67,0.68,0.63,5.0,0.74,13.5,0.75,13.9,0.07,0.07,618.801616,1776185875000
1776185877.081,177.081,0.26,13.5,0.25,13.9,0.33,0.68,0.37,5.0,0.67,0.68,0.63,5.0,0.74,13.5,0.75,13.9,0.07,0.07,618.803083,1776185876000
1776185878.121,178.121,0.26,13.5,0.25,13.9,0.33,0.68,0.37,5.0,0.67,0.68,0.63,5.0,0.74,13.5,0.75,13.9,0.07,0.07,618.803149,1776185877000
1776185879.261,179.261,0.26,13.5,0.25,13.9,0.33,0.68,0.37,5.0,0.67,0.68,0.63,5.0,0.74,13.5,0.75,13.9,0.07,0.07,618.803134,1776185878000
1776185880.271,180.271,0.26,13.5,0.25,13.9,0.33,0.68,0.37,5.0,0.67,0.68,0.63,5.0,0.74,13.5,0.75,13.9,0.07,0.07,618.803086,1776185879000
1776185881.269,181.269,0.26,13.5,0.25,13.9,0.33,0.68,0.37,5.0,0.67,0.68,0.63,5.0,0.74,13.5,0.75,13.9,0.07,0.07,618.803124,1776185880000
1776185881.911,181.911,0.26,13.5,0.25,13.9,0.33,0.68,0.37,5.0,0.67,0.68,0.63,5.0,0.74,13.5,0.75,13.9,0.07,0.07,618.803086,1776185881000
1776185882.932,182.932,0.26,13.5,0.25,13.9,0.33,0.68,0.37,5.0,0.67,0.68,0.63,5.0,0.74,13.5,0.75,13.9,0.07,0.07,618.799865,1776185882000
1776185884.139,184.139,0.26,13.5,0.25,13.9,0.33,0.68,0.37,5.0,0.67,0.68,0.63,5.0,0.74,13.5,0.75,13.9,0.07,0.07,618.799865,1776185883000
1776185885.025,185.025,0.26,13.5,0.25,13.9,0.33,0.68,0.37,5.0,0.67,0.68,0.63,5.0,0.74,13.5,0.75,13.9,0.07,0.07,618.81,1776185884000
1776185886.01,186.01,0.26,13.5,0.25,13.9,0.33,0.68,0.37,5.0,0.67,0.68,0.63,5.0,0.74,13.5,0.75,13.9,0.07,0.07,618.81,1776185885000
1776185887.104,187.104,0.26,13.5,0.25,13.9,0.33,0.68,0.37,5.0,0.67,0.68,0.63,5.0,0.74,13.5,0.75,13.9,0.07,0.07,618.815,1776185886000
1776185888.584,188.584,0.26,13.5,0.25,13.9,0.33,0.68,0.37,5.0,0.67,0.68,0.63,5.0,0.74,13.5,0.75,13.9,0.07,0.07,618.891,1776185887000
1776185889.151,189.151,0.26,13.5,0.25,13.9,0.33,0.68,0.37,5.0,0.67,0.68,0.63,5.0,0.74,13.5,0.75,13.9,0.07,0.07,618.889,1776185888000
1776185890.234,190.234,0.26,13.5,0.25,13.9,0.33,0.68,0.37,5.0,0.67,0.68,0.63,5.0,0.74,13.5,0.75,13.9,0.07,0.07,618.886,1776185889000
1776185891.341,191.341,0.26,13.5,0.25,13.9,0.33,0.68,0.37,5.0,0.67,0.68,0.63,5.0,0.74,13.5,0.75,13.9,0.07,0.07,618.908,1776185890000
1776185892.357,192.357,0.26,13.5,0.25,13.9,0.33,0.68,0.37,5.0,0.67,0.68,0.63,5.0,0.74,13.5,0.75,13.9,0.07,0.07,618.907,1776185891000
1776185892.954,192.954,0.26,13.5,0.25,13.9,0.33,0.68,0.37,5.0,0.67,0.68,0.63,5.0,0.74,13.5,0.75,13.9,0.07,0.07,618.910308,1776185892000
1776185893.927,193.927,0.35,7.14,0.34,11.6,0.42,5.0,0.48,5.0,0.67,0.68,0.63,5.0,0.74,13.5,0.75,13.9,0.07,0.07,618.910308,1776185892000
1776185895.24,195.24,0.35,7.14,0.34,11.6,0.42,5.0,0.48,5.0,0.58,5.0,0.52,5.0,0.65,7.14,0.66,11.6,0.07,0.07,618.966507,1776185894000
1776185896.363,196.363,0.35,7.14,0.34,11.6,0.42,5.0,0.48,5.0,0.58,5.0,0.52,5.0,0.65,7.14,0.66,11.6,0.07,0.07,618.97394,1776185895000
1776185897.214,197.214,0.35,4.06,0.34,11.6,0.42,5.0,0.47,9.0,0.58,5.0,0.52,5.0,0.65,7.14,0.66,11.6,0.07,0.07,618.97394,1776185895000
1776185897.564,197.564,0.35,4.06,0.34,11.6,0.42,5.0,0.47,9.0,0.58,5.0,0.53,9.0,0.65,4.06,0.66,11.6,0.07,0.07,618.92534,1776185896000
1776185898.028,198.028,0.35,4.06,0.34,11.6,0.42,5.0,0.47,9.0,0.58,5.0,0.53,9.0,0.65,4.06,0.66,11.6,0.07,0.07,618.95496,1776185897000
1776185899.158,199.158,0.35,4.06,0.34,11.6,0.42,5.0,0.47,9.0,0.58,5.0,0.53,9.0,0.65,4.06,0.66,11.6,0.07,0.07,618.951257,1776185898000
1776185900.304,200.304,0.35,4.06,0.34,11.6,0.42,5.0,0.47,9.0,0.58,5.0,0.53,9.0,0.65,4.06,0.66,11.6,0.07,0.07,618.950631,1776185899000
1776185901.531,201.531,0.35,4.06,0.34,11.6,0.42,5.0,0.47,9.0,0.58,5.0,0.53,9.0,0.65,4.06,0.66,11.6,0.07,0.07,618.96667,1776185900000
1776185902.034,202.034,0.35,4.06,0.34,11.6,0.42,5.0,0.47,9.0,0.58,5.0,0.53,9.0,0.65,4.06,0.66,11.6,0.07,0.07,618.96667,1776185901000
1776185903.583,203.583,0.35,4.06,0.34,11.6,0.42,5.0,0.47,9.0,0.58,5.0,0.53,9.0,0.65,4.06,0.66,11.6,0.07,0.07,618.985333,1776185902000
1776185904.122,204.122,0.35,4.06,0.34,11.6,0.42,5.0,0.47,9.0,0.58,5.0,0.53,9.0,0.65,4.06,0.66,11.6,0.07,0.07,618.985333,1776185903000
1776185905.071,205.071,0.35,4.06,0.34,11.6,0.42,5.0,0.47,9.0,0.58,5.0,0.53,9.0,0.65,4.06,0.66,11.6,0.07,0.07,618.985333,1776185904000
1776185906.063,206.063,0.35,4.06,0.34,11.6,0.42,5.0,0.47,9.0,0.58,5.0,0.53,9.0,0.65,4.06,0.66,11.6,0.07,0.07,618.944937,1776185905000
1776185907.44,207.44,0.35,4.06,0.34,11.6,0.42,5.0,0.47,9.0,0.58,5.0,0.53,9.0,0.65,4.06,0.66,11.6,0.07,0.07,618.964286,1776185906000
1776185908.057,208.057,0.35,4.06,0.34,11.6,0.42,5.0,0.47,9.0,0.58,5.0,0.53,9.0,0.65,4.06,0.66,11.6,0.07,0.07,618.966746,1776185907000
1776185909.088,209.088,0.35,4.06,0.34,11.6,0.42,5.0,0.47,9.0,0.58,5.0,0.53,9.0,0.65,4.06,0.66,11.6,0.07,0.07,618.983841,1776185908000
1776185910.334,210.334,0.35,4.06,0.34,11.6,0.42,5.0,0.47,9.0,0.58,5.0,0.53,9.0,0.65,4.06,0.66,11.6,0.07,0.07,618.98599,1776185909000
1776185911.367,211.367,0.35,4.06,0.34,11.6,0.42,5.0,0.47,9.0,0.58,5.0,0.53,9.0,0.65,4.06,0.66,11.6,0.07,0.07,618.96697,1776185910000
1776185912.042,212.042,0.35,4.06,0.34,11.6,0.42,5.0,0.47,9.0,0.58,5.0,0.53,9.0,0.65,4.06,0.66,11.6,0.07,0.07,618.97071,1776185911000
1776185913.062,213.062,0.35,4.06,0.34,11.6,0.42,5.0,0.47,9.0,0.58,5.0,0.53,9.0,0.65,4.06,0.66,11.6,0.07,0.07,618.95875,1776185912000
1776185914.433,214.433,0.35,4.06,0.34,11.6,0.42,5.0,0.47,9.0,0.58,5.0,0.53,9.0,0.65,4.06,0.66,11.6,0.07,0.07,618.95473,1776185913000
1776185914.995,214.995,0.35,4.06,0.34,11.6,0.42,5.0,0.47,9.0,0.58,5.0,0.53,9.0,0.65,4.06,0.66,11.6,0.07,0.07,618.95497,1776185914000
1776185916.175,216.175,0.35,4.06,0.34,11.6,0.42,5.0,0.47,9.0,0.58,5.0,0.53,9.0,0.65,4.06,0.66,11.6,0.07,0.07,618.95822,1776185915000
1776185917.9,217.9,0.35,4.06,0.34,11.6,0.42,5.0,0.47,9.0,0.58,5.0,0.53,9.0,0.65,4.06,0.66,11.6,0.07,0.07,618.99528,1776185916000
1776185918.414,218.414,0.35,4.06,0.34,11.6,0.42,5.0,0.47,9.0,0.58,5.0,0.53,9.0,0.65,4.06,0.66,11.6,0.07,0.07,618.99666,1776185917000
1776185919.01,219.01,0.35,4.06,0.34,11.6,0.42,5.0,0.47,9.0,0.58,5.0,0.53,9.0,0.65,4.06,0.66,11.6,0.07,0.07,619.01335,1776185918000
1776185921.054,221.054,0.35,4.06,0.34,11.6,0.42,5.0,0.47,9.0,0.58,5.0,0.53,9.0,0.65,4.06,0.66,11.6,0.07,0.07,619.06534,1776185920000
1776185921.741,221.741,0.4,0.05,0.27,13.2,0.48,5.0,0.51,87.0,0.58,5.0,0.53,9.0,0.65,4.06,0.66,11.6,0.08,0.07,619.06534,1776185920000
1776185922.829,222.829,0.4,0.05,0.27,13.2,0.48,5.0,0.51,87.0,0.52,5.0,0.49,87.0,0.6,0.05,0.73,13.2,0.08,0.08,619.04191,1776185921000
1776185923.414,223.414,0.4,0.05,0.27,13.2,0.48,5.0,0.51,87.0,0.52,5.0,0.49,87.0,0.6,0.05,0.73,13.2,0.08,0.08,618.95995,1776185922000
1776185924.439,224.439,0.4,0.05,0.27,13.2,0.48,5.0,0.51,87.0,0.52,5.0,0.49,87.0,0.6,0.05,0.73,13.2,0.08,0.08,618.936181,1776185923000
1776185925.481,225.481,0.4,0.05,0.27,13.2,0.48,5.0,0.51,87.0,0.52,5.0,0.49,87.0,0.6,0.05,0.73,13.2,0.08,0.08,618.936181,1776185924000
1776185926.134,226.134,0.4,0.05,0.27,13.2,0.48,5.0,0.51,87.0,0.52,5.0,0.49,87.0,0.6,0.05,0.73,13.2,0.08,0.08,618.936181,1776185925000
1776185927.397,227.397,0.4,0.05,0.27,13.2,0.48,5.0,0.51,87.0,0.52,5.0,0.49,87.0,0.6,0.05,0.73,13.2,0.08,0.08,618.918506,1776185926000
1776185928.141,228.141,0.4,0.05,0.27,13.2,0.48,5.0,0.51,87.0,0.52,5.0,0.49,87.0,0.6,0.05,0.73,13.2,0.08,0.08,618.91909,1776185927000
1776185929.381,229.381,0.4,0.05,0.27,13.2,0.48,5.0,0.51,87.0,0.52,5.0,0.49,87.0,0.6,0.05,0.73,13.2,0.08,0.08,618.829231,1776185928000
1776185930.795,230.795,0.4,0.05,0.27,13.2,0.48,5.0,0.51,87.0,0.52,5.0,0.49,87.0,0.6,0.05,0.73,13.2,0.08,0.08,618.803278,1776185929000
1776185931.524,231.524,0.4,0.05,0.27,13.2,0.48,5.0,0.51,87.0,0.52,5.0,0.49,87.0,0.6,0.05,0.73,13.2,0.08,0.08,618.803278,1776185930000
1776185932.273,232.273,0.4,0.05,0.27,13.2,0.48,5.0,0.51,87.0,0.52,5.0,0.49,87.0,0.6,0.05,0.73,13.2,0.08,0.08,618.803278,1776185931000
1776185933.598,233.598,0.4,0.05,0.27,13.2,0.48,5.0,0.51,87.0,0.52,5.0,0.49,87.0,0.6,0.05,0.73,13.2,0.08,0.08,618.803278,1776185932000
1776185934.349,234.349,0.4,0.05,0.27,13.2,0.48,5.0,0.51,87.0,0.52,5.0,0.49,87.0,0.6,0.05,0.73,13.2,0.08,0.08,618.728712,1776185933000
1776185934.68,234.68,0.04,79.57,0.03,89.3,0.14,5.0,0.15,33.0,0.52,5.0,0.49,87.0,0.6,0.05,0.73,13.2,0.1,0.08,618.728712,1776185933000
1776185935.236,235.236,0.04,74.57,0.03,89.3,0.14,5.0,0.15,23.0,0.86,5.0,0.85,33.0,0.96,79.57,0.97,89.3,0.1,0.1,618.728712,1776185933000
1776185935.92,235.92,0.04,74.57,0.03,89.3,0.14,5.0,0.15,23.0,0.86,5.0,0.85,23.0,0.96,74.57,0.97,89.3,0.1,0.1,618.492127,1776185934000
1776185936.469,236.469,0.04,74.57,0.03,89.3,0.14,5.0,0.15,23.0,0.86,5.0,0.85,23.0,0.96,74.57,0.97,89.3,0.1,0.1,618.409946,1776185935000
1776185937.02,237.02,0.04,74.57,0.03,89.3,0.14,5.0,0.15,23.0,0.86,5.0,0.85,23.0,0.96,74.57,0.97,89.3,0.1,0.1,618.401161,1776185936000
1776185937.331,237.331,0.04,53.12,0.03,89.3,0.11,10.96,0.16,10.0,0.89,13.0,0.83,15.0,0.96,53.12,0.97,89.3,0.07,0.07,618.401161,1776185936000
1776185938.05,238.05,0.04,32.28,0.03,89.3,0.11,10.96,0.16,10.0,0.89,10.96,0.84,10.0,0.96,32.28,0.97,89.3,0.07,0.07,618.37411,1776185937000
1776185939.058,239.058,0.04,32.28,0.03,89.3,0.11,10.96,0.16,10.0,0.89,10.96,0.84,10.0,0.96,32.28,0.97,89.3,0.07,0.07,618.403065,1776185938000
1776185940.166,240.166,0.04,32.28,0.03,89.3,0.11,10.96,0.16,10.0,0.89,10.96,0.84,10.0,0.96,32.28,0.97,89.3,0.07,0.07,618.40042,1776185939000
1776185941.366,241.366,0.04,32.28,0.03,89.3,0.11,10.96,0.16,10.0,0.89,10.96,0.84,10.0,0.96,32.28,0.97,89.3,0.07,0.07,618.422258,1776185940000
1776185942.287,242.287,0.06,36.0,0.05,54.7,0.17,18.0,0.21,56.0,0.89,10.96,0.84,10.0,0.96,32.28,0.97,89.3,0.11,0.07,618.422258,1776185940000
1776185943.384,243.384,0.06,28.93,0.05,54.7,0.17,18.0,0.21,56.0,0.83,18.0,0.79,56.0,0.94,28.93,0.95,54.7,0.11,0.11,618.432561,1776185942000
1776185943.631,243.631,0.05,3.7,0.04,32.28,0.17,18.0,0.18,6.0,0.83,18.0,0.79,56.0,0.94,28.93,0.95,54.7,0.12,0.11,618.432561,1776185942000
1776185944.004,244.004,0.05,3.7,0.04,32.28,0.17,18.0,0.18,6.0,0.83,18.0,0.82,6.0,0.95,3.7,0.96,32.28,0.12,0.12,618.503119,1776185943000
1776185944.987,244.987,0.05,3.7,0.04,32.28,0.17,18.0,0.18,6.0,0.83,18.0,0.82,6.0,0.95,3.7,0.96,32.28,0.12,0.12,618.494334,1776185944000
1776185946.096,246.096,0.05,3.7,0.04,32.28,0.17,18.0,0.18,6.0,0.83,18.0,0.82,6.0,0.95,3.7,0.96,32.28,0.12,0.12,618.503119,1776185945000
1776185947.237,247.237,0.05,3.7,0.04,32.28,0.17,18.0,0.18,6.0,0.83,18.0,0.82,6.0,0.95,3.7,0.96,32.28,0.12,0.12,618.503119,1776185946000
1776185948.164,248.164,0.05,3.7,0.04,32.28,0.17,18.0,0.18,6.0,0.83,18.0,0.82,6.0,0.95,3.7,0.96,32.28,0.12,0.12,618.503119,1776185947000
1776185949.788,249.788,0.05,3.7,0.04,32.28,0.17,18.0,0.18,6.0,0.83,18.0,0.82,6.0,0.95,3.7,0.96,32.28,0.12,0.12,618.49062,1776185948000
1776185950.413,250.413,0.05,3.7,0.04,32.28,0.17,18.0,0.18,6.0,0.83,18.0,0.82,6.0,0.95,3.7,0.96,32.28,0.12,0.12,618.503119,1776185949000
1776185950.965,250.965,0.05,3.7,0.04,32.28,0.17,18.0,0.18,6.0,0.83,18.0,0.82,6.0,0.95,3.7,0.96,32.28,0.12,0.12,618.503119,1776185950000
1776185952.086,252.086,0.04,0.84,0.03,89.3,0.16,19.0,0.17,6.0,0.83,18.0,0.82,6.0,0.95,3.7,0.96,32.28,0.12,0.12,618.503119,1776185950000
1776185953.253,253.253,0.04,0.84,0.03,89.3,0.16,19.0,0.17,6.0,0.84,19.0,0.83,6.0,0.96,0.84,0.97,89.3,0.12,0.12,618.490592,1776185952000
1776185954.353,254.353,0.04,0.84,0.03,89.3,0.16,19.0,0.17,6.0,0.84,19.0,0.83,6.0,0.96,0.84,0.97,89.3,0.12,0.12,618.491184,1776185953000
1776185954.924,254.924,0.04,0.84,0.03,89.3,0.16,19.0,0.17,6.0,0.84,19.0,0.83,6.0,0.96,0.84,0.97,89.3,0.12,0.12,618.491184,1776185954000
1776185956.101,256.101,0.04,0.84,0.03,89.3,0.16,19.0,0.17,6.0,0.84,19.0,0.83,6.0,0.96,0.84,0.97,89.3,0.12,0.12,618.492303,1776185955000
1776185957.518,257.518,0.04,0.84,0.03,89.3,0.16,19.0,0.17,6.0,0.84,19.0,0.83,6.0,0.96,0.84,0.97,89.3,0.12,0.12,618.498163,1776185956000
1776185958.145,258.145,0.03,68.68,0.02,142.69,0.04,9.26,0.1,28.9,0.96,9.26,0.9,28.9,0.97,89.3,0.98,142.69,0.01,0.01,618.498163,1776185956000
1776185959.118,259.118,0.03,68.68,0.02,142.69,0.04,9.26,0.1,28.9,0.96,9.26,0.9,28.9,0.97,68.68,0.98,142.69,0.01,0.01,618.506915,1776185958000
1776185960.368,260.368,0.03,58.68,0.02,142.69,0.04,14.26,0.12,24.6,0.96,14.26,0.88,24.6,0.97,58.68,0.98,142.69,0.01,0.01,618.506915,1776185959000
1776185961.206,261.206,0.03,58.68,0.02,142.69,0.04,14.26,0.12,24.6,0.96,14.26,0.88,24.6,0.97,58.68,0.98,142.69,0.01,0.01,618.563891,1776185960000
1776185962.282,262.282,0.03,58.68,0.02,142.69,0.04,14.26,0.12,24.6,0.96,14.26,0.88,24.6,0.97,58.68,0.98,142.69,0.01,0.01,618.531333,1776185961000
1776185963.661,263.661,0.03,58.68,0.02,142.69,0.04,14.26,0.12,24.6,0.96,14.26,0.88,24.6,0.97,58.68,0.98,142.69,0.01,0.01,618.47764,1776185962000
1776185964.176,264.176,0.03,58.68,0.02,142.69,0.04,14.26,0.12,24.6,0.96,14.26,0.88,24.6,0.97,58.68,0.98,142.69,0.01,0.01,618.613809,1776185963000
1776185964.407,264.407,0.03,88.26,0.02,142.69,0.04,14.26,0.2,6.0,0.96,14.26,0.88,24.6,0.97,58.68,0.98,142.69,0.01,0.01,618.613809,1776185963000
1776185965.371,265.371,0.03,88.26,0.02,142.69,0.04,14.26,0.2,6.0,0.96,14.26,0.8,6.0,0.97,88.26,0.98,142.69,0.01,0.01,618.6876,1776185964000
1776185966.014,266.014,0.03,88.26,0.02,142.69,0.04,14.26,0.2,6.0,0.96,14.26,0.8,6.0,0.97,88.26,0.98,142.69,0.01,0.01,618.67916,1776185965000
1776185966.955,266.955,0.03,88.26,0.02,142.69,0.04,14.26,0.2,6.0,0.96,14.26,0.8,6.0,0.97,88.26,0.98,142.69,0.01,0.01,618.68909,1776185966000
1776185968.119,268.119,0.03,88.26,0.02,142.69,0.04,14.26,0.2,6.0,0.96,14.26,0.8,6.0,0.97,88.26,0.98,142.69,0.01,0.01,618.67107,1776185967000
1776185969.163,269.163,0.03,88.26,0.02,142.69,0.04,14.26,0.2,6.0,0.96,14.26,0.8,6.0,0.97,88.26,0.98,142.69,0.01,0.01,618.67204,1776185968000
1776185970.325,270.325,0.03,88.26,0.02,142.69,0.04,14.26,0.2,6.0,0.96,14.26,0.8,6.0,0.97,88.26,0.98,142.69,0.01,0.01,618.76355,1776185969000
1776185970.843,270.843,0.03,88.26,0.02,142.69,0.04,14.26,0.2,6.0,0.96,14.26,0.8,6.0,0.97,88.26,0.98,142.69,0.01,0.01,618.776867,1776185970000
1776185971.949,271.949,0.11,35.74,0.03,264.26,0.29,7.0,0.41,60.0,0.96,14.26,0.8,6.0,0.97,88.26,0.98,142.69,0.18,0.01,618.776867,1776185970000
1776185973.171,273.171,0.11,35.74,0.03,264.26,0.29,7.0,0.41,60.0,0.71,7.0,0.59,60.0,0.89,35.74,0.97,264.26,0.18,0.18,618.77389,1776185972000
1776185974.21,274.21,0.11,35.74,0.03,264.26,0.29,7.0,0.41,60.0,0.71,7.0,0.59,60.0,0.89,35.74,0.97,264.26,0.18,0.18,618.902357,1776185973000
1776185975.341,275.341,0.11,35.74,0.03,264.26,0.29,7.0,0.41,60.0,0.71,7.0,0.59,60.0,0.89,35.74,0.97,264.26,0.18,0.18,618.891001,1776185974000
1776185976.378,276.378,0.11,35.74,0.03,264.26,0.29,7.0,0.41,60.0,0.71,7.0,0.59,60.0,0.89,35.74,0.97,264.26,0.18,0.18,618.88602,1776185975000
1776185976.884,276.884,0.11,35.74,0.03,264.26,0.29,7.0,0.41,60.0,0.71,7.0,0.59,60.0,0.89,35.74,0.97,264.26,0.18,0.18,618.888428,1776185976000
1776185978.034,278.034,0.11,35.74,0.03,264.26,0.29,7.0,0.41,60.0,0.71,7.0,0.59,60.0,0.89,35.74,0.97,264.26,0.18,0.18,618.895377,1776185977000
1776185979.597,279.597,0.11,35.74,0.03,264.26,0.29,7.0,0.41,60.0,0.71,7.0,0.59,60.0,0.89,35.74,0.97,264.26,0.18,0.18,618.8805,1776185978000
1776185980.126,280.126,0.11,35.74,0.03,264.26,0.29,7.0,0.41,60.0,0.71,7.0,0.59,60.0,0.89,35.74,0.97,264.26,0.18,0.18,618.8879,1776185979000
1776185981.084,281.084,0.11,35.74,0.03,264.26,0.29,7.0,0.41,60.0,0.71,7.0,0.59,60.0,0.89,35.74,0.97,264.26,0.18,0.18,618.895377,1776185980000
1776185982.27,282.27,0.12,5.0,0.11,50.0,0.41,54.85,0.47,5.0,0.59,54.85,0.53,5.0,0.88,5.0,0.89,50.0,0.29,0.29,618.903517,1776185981000
1776185983.299,283.299,0.12,5.0,0.11,50.0,0.41,54.85,0.47,5.0,0.59,54.85,0.53,5.0,0.88,5.0,0.89,50.0,0.29,0.29,618.911656,1776185982000
1776185984.372,284.372,0.12,5.0,0.11,50.0,0.41,54.85,0.47,5.0,0.59,54.85,0.53,5.0,0.88,5.0,0.89,50.0,0.29,0.29,618.943054,1776185983000
1776185984.865,284.865,0.12,5.0,0.11,50.0,0.41,54.85,0.47,5.0,0.59,54.85,0.53,5.0,0.88,5.0,0.89,50.0,0.29,0.29,618.934397,1776185984000
1776185985.978,285.978,0.12,5.0,0.11,50.0,0.41,54.85,0.47,5.0,0.59,54.85,0.53,5.0,0.88,5.0,0.89,50.0,0.29,0.29,618.943054,1776185985000
1776185986.18,286.18,0.03,5.0,0.02,260.0,0.31,35.47,0.38,8.0,0.59,54.85,0.53,5.0,0.88,5.0,0.89,50.0,0.28,0.29,618.943054,1776185985000
1776185986.952,286.952,0.03,5.0,0.02,260.0,0.31,35.47,0.38,8.0,0.69,35.47,0.62,8.0,0.97,5.0,0.98,260.0,0.28,0.28,618.943054,1776185986000
1776185988.12,288.12,0.03,5.0,0.02,260.0,0.31,35.47,0.38,8.0,0.69,35.47,0.62,8.0,0.97,5.0,0.98,260.0,0.28,0.28,618.93679,1776185987000
1776185989.201,289.201,0.03,5.0,0.02,260.0,0.31,35.47,0.38,8.0,0.69,35.47,0.62,8.0,0.97,5.0,0.98,260.0,0.28,0.28,618.943054,1776185988000
1776185990.304,290.304,0.03,5.0,0.02,260.0,0.31,35.47,0.38,8.0,0.69,35.47,0.62,8.0,0.97,5.0,0.98,260.0,0.28,0.28,618.93952,1776185989000
1776185991.266,291.266,0.03,5.0,0.02,260.0,0.31,35.47,0.38,8.0,0.69,35.47,0.62,8.0,0.97,5.0,0.98,260.0,0.28,0.28,618.94743,1776185990000
1776185991.5,291.5,0.31,50.0,0.21,50.0,0.61,45.13,0.71,50.0,0.69,35.47,0.62,8.0,0.97,5.0,0.98,260.0,0.3,0.28,618.94743,1776185990000
1776185991.915,291.915,0.31,50.0,0.21,50.0,0.61,27.19,0.71,50.0,0.39,35.39,0.29,50.0,0.69,50.0,0.79,50.0,0.3,0.3,618.94743,1776185990000
1776185992.246,292.246,0.31,50.0,0.21,50.0,0.71,9.97,0.81,50.0,0.29,9.97,0.19,50.0,0.69,50.0,0.79,50.0,0.4,0.4,618.943054,1776185991000
1776185992.7,292.7,0.51,47.96,0.41,50.0,0.81,47.72,0.85,100.0,0.29,1.59,0.19,50.0,0.49,47.96,0.59,50.0,0.3,0.2,618.943054,1776185991000
1776185993.23,293.23,0.51,45.92,0.41,50.0,0.81,47.72,0.85,100.0,0.19,47.72,0.15,100.0,0.49,45.92,0.59,50.0,0.3,0.3,618.94681,1776185992000
1776185994.374,294.374,0.51,45.92,0.41,50.0,0.81,26.95,0.85,100.0,0.19,26.95,0.15,100.0,0.49,45.92,0.59,50.0,0.3,0.3,619.131987,1776185993000
1776185994.984,294.984,0.51,45.92,0.41,50.0,0.81,26.95,0.85,100.0,0.19,26.95,0.15,100.0,0.49,45.92,0.59,50.0,0.3,0.3,619.130208,1776185994000
1776185995.98,295.98,0.61,50.0,0.51,45.92,0.91,48.99,0.96,5.0,0.09,48.99,0.04,5.0,0.39,50.0,0.49,45.92,0.3,0.3,619.088593,1776185995000
1776185996.459,296.459,0.71,50.0,0.61,50.0,0.96,1.9,0.98,10.0,0.09,48.99,0.04,5.0,0.39,50.0,0.49,45.92,0.25,0.3,619.088593,1776185995000
1776185997.008,297.008,0.91,50.0,0.81,50.0,0.98,8.83,0.99,1195.0,0.04,1.9,0.02,10.0,0.29,50.0,0.39,50.0,0.07,0.25,619.088593,1776185995000
1776185997.391,297.391,0.96,5.0,0.91,50.0,0.99,95.0,,,0.02,2.75,0.01,1195.0,0.09,50.0,0.19,50.0,0.03,0.07,619.081557,1776185996000
1776185997.658,297.658,0.99,919.0,0.96,5.0,,,,,0.01,81.0,,,0.04,5.0,0.09,50.0,,0.03,619.081557,1776185996000
1776185998.183,298.183,0.99,919.0,0.96,5.0,,,,,,,,,0.01,919.0,0.04,5.0,,,619.107366,1776185997000
1776185999.169,299.169,0.99,919.0,0.96,5.0,,,,,,,,,0.01,919.0,0.04,5.0,,,619.184149,1776185998000
1776186000.238,300.238,0.99,919.0,0.96,5.0,,,,,,,,,0.01,919.0,0.04,5.0,,,619.268958,1776185999000

# RESULT,winner=Up,slug=bnb-updown-5m-1776185700,ticks=319
