timestamp,elapsed_sec,up_bid_p1,up_bid_s1,up_bid_p2,up_bid_s2,up_ask_p1,up_ask_s1,up_ask_p2,up_ask_s2,down_bid_p1,down_bid_s1,down_bid_p2,down_bid_s2,down_ask_p1,down_ask_s1,down_ask_p2,down_ask_s2,up_spread,down_spread,bnb_price,bnb_oracle_ts
1776218111.476,11.476,0.55,5.0,0.52,5.0,0.62,10.0,0.63,5.0,0.38,10.0,0.37,5.0,0.45,5.0,0.48,5.0,0.07,0.07,618.700981,1776218110000
1776218111.783,11.783,0.55,5.0,0.52,5.0,0.62,10.0,0.63,5.0,0.38,10.0,0.37,5.0,0.45,5.0,0.48,5.0,0.07,0.07,618.700981,1776218110000
1776218112.312,12.312,0.55,5.0,0.52,5.0,0.62,10.0,0.63,5.0,0.38,10.0,0.37,5.0,0.45,5.0,0.48,5.0,0.07,0.07,618.788705,1776218111000
1776218113.499,13.499,0.55,5.0,0.52,5.0,0.62,10.0,0.63,5.0,0.38,10.0,0.37,5.0,0.45,5.0,0.48,5.0,0.07,0.07,618.840543,1776218112000
1776218114.081,14.081,0.55,5.0,0.52,5.0,0.62,10.0,0.63,5.0,0.38,10.0,0.37,5.0,0.45,5.0,0.48,5.0,0.07,0.07,618.840556,1776218113000
1776218115.334,15.334,0.55,5.0,0.52,5.0,0.62,10.0,0.63,5.0,0.38,10.0,0.37,5.0,0.45,5.0,0.48,5.0,0.07,0.07,618.857309,1776218114000
1776218116.533,16.533,0.55,5.0,0.52,5.0,0.62,10.0,0.63,5.0,0.38,10.0,0.37,5.0,0.45,5.0,0.48,5.0,0.07,0.07,618.857355,1776218115000
1776218117.052,17.052,0.55,5.0,0.52,5.0,0.62,10.0,0.63,5.0,0.38,10.0,0.37,5.0,0.45,5.0,0.48,5.0,0.07,0.07,618.857224,1776218116000
1776218118.26,18.26,0.55,5.0,0.52,5.0,0.62,10.0,0.63,5.0,0.38,10.0,0.37,5.0,0.45,5.0,0.48,5.0,0.07,0.07,618.855238,1776218117000
1776218119.401,19.401,0.55,5.0,0.52,5.0,0.62,10.0,0.63,5.0,0.38,10.0,0.37,5.0,0.45,5.0,0.48,5.0,0.07,0.07,618.848386,1776218118000
1776218119.907,19.907,0.55,5.0,0.52,5.0,0.62,10.0,0.63,5.0,0.38,10.0,0.37,5.0,0.45,5.0,0.48,5.0,0.07,0.07,618.848046,1776218119000
1776218121.023,21.023,0.55,5.0,0.52,5.0,0.62,10.0,0.63,5.0,0.38,10.0,0.37,5.0,0.45,5.0,0.48,5.0,0.07,0.07,618.848049,1776218120000
1776218122.185,22.185,0.55,5.0,0.52,5.0,0.62,10.0,0.63,5.0,0.38,10.0,0.37,5.0,0.45,5.0,0.48,5.0,0.07,0.07,618.81962,1776218121000
1776218123.465,23.465,0.55,5.0,0.52,5.0,0.62,10.0,0.63,5.0,0.38,10.0,0.37,5.0,0.45,5.0,0.48,5.0,0.07,0.07,618.711098,1776218122000
1776218124.109,24.109,0.55,5.0,0.52,5.0,0.62,10.0,0.63,5.0,0.38,10.0,0.37,5.0,0.45,5.0,0.48,5.0,0.07,0.07,618.688517,1776218123000
1776218125.342,25.342,0.55,5.0,0.52,5.0,0.62,10.0,0.63,5.0,0.38,10.0,0.37,5.0,0.45,5.0,0.48,5.0,0.07,0.07,618.688092,1776218124000
1776218126.097,26.097,0.55,5.0,0.52,5.0,0.62,10.0,0.63,5.0,0.38,10.0,0.37,5.0,0.45,5.0,0.48,5.0,0.07,0.07,618.68808,1776218125000
1776218127.693,27.693,0.55,5.0,0.52,5.0,0.62,10.0,0.63,5.0,0.38,10.0,0.37,5.0,0.45,5.0,0.48,5.0,0.07,0.07,618.684252,1776218126000
1776218128.416,28.416,0.55,5.0,0.52,5.0,0.62,10.0,0.63,5.0,0.38,10.0,0.37,5.0,0.45,5.0,0.48,5.0,0.07,0.07,618.684252,1776218127000
1776218129.136,29.136,0.55,5.0,0.52,5.0,0.62,10.0,0.63,5.0,0.38,10.0,0.37,5.0,0.45,5.0,0.48,5.0,0.07,0.07,618.68481,1776218128000
1776218130.659,30.659,0.55,5.0,0.52,5.0,0.62,10.0,0.63,5.0,0.38,10.0,0.37,5.0,0.45,5.0,0.48,5.0,0.07,0.07,618.68895,1776218129000
1776218131.189,31.189,0.55,5.0,0.52,5.0,0.62,10.0,0.63,5.0,0.38,10.0,0.37,5.0,0.45,5.0,0.48,5.0,0.07,0.07,618.688951,1776218130000
1776218132.523,32.523,0.55,5.0,0.52,5.0,0.62,10.0,0.63,5.0,0.38,10.0,0.37,5.0,0.45,5.0,0.48,5.0,0.07,0.07,618.685696,1776218131000
1776218133.216,33.216,0.55,5.0,0.52,5.0,0.62,10.0,0.63,5.0,0.38,10.0,0.37,5.0,0.45,5.0,0.48,5.0,0.07,0.07,618.685696,1776218132000
1776218134.514,34.514,0.55,5.0,0.52,5.0,0.62,10.0,0.63,5.0,0.38,10.0,0.37,5.0,0.45,5.0,0.48,5.0,0.07,0.07,618.686562,1776218133000
1776218135.113,35.113,0.55,5.0,0.52,5.0,0.62,10.0,0.63,5.0,0.38,10.0,0.37,5.0,0.45,5.0,0.48,5.0,0.07,0.07,618.686562,1776218134000
1776218136.528,36.528,0.55,5.0,0.52,5.0,0.62,10.0,0.63,5.0,0.38,10.0,0.37,5.0,0.45,5.0,0.48,5.0,0.07,0.07,618.687085,1776218135000
1776218137.063,37.063,0.55,5.0,0.52,5.0,0.62,10.0,0.63,5.0,0.38,10.0,0.37,5.0,0.45,5.0,0.48,5.0,0.07,0.07,618.687085,1776218136000
1776218138.339,38.339,0.55,5.0,0.52,5.0,0.62,10.0,0.63,5.0,0.38,10.0,0.37,5.0,0.45,5.0,0.48,5.0,0.07,0.07,618.716783,1776218137000
1776218139.508,39.508,0.55,5.0,0.52,5.0,0.62,10.0,0.63,5.0,0.38,10.0,0.37,5.0,0.45,5.0,0.48,5.0,0.07,0.07,618.730714,1776218138000
1776218140.072,40.072,0.55,5.0,0.52,5.0,0.62,10.0,0.63,5.0,0.38,10.0,0.37,5.0,0.45,5.0,0.48,5.0,0.07,0.07,618.730714,1776218139000
1776218141.382,41.382,0.55,5.0,0.52,5.0,0.62,10.0,0.63,5.0,0.38,10.0,0.37,5.0,0.45,5.0,0.48,5.0,0.07,0.07,618.742451,1776218140000
1776218142.729,42.729,0.55,5.0,0.52,5.0,0.62,10.0,0.63,5.0,0.38,10.0,0.37,5.0,0.45,5.0,0.48,5.0,0.07,0.07,618.742793,1776218141000
1776218143.338,43.338,0.55,5.0,0.52,5.0,0.62,10.0,0.63,5.0,0.38,10.0,0.37,5.0,0.45,5.0,0.48,5.0,0.07,0.07,618.742793,1776218142000
1776218144.492,44.492,0.55,5.0,0.52,5.0,0.62,10.0,0.63,5.0,0.38,10.0,0.37,5.0,0.45,5.0,0.48,5.0,0.07,0.07,618.742779,1776218143000
1776218145.254,45.254,0.55,5.0,0.52,5.0,0.62,10.0,0.63,5.0,0.38,10.0,0.37,5.0,0.45,5.0,0.48,5.0,0.07,0.07,618.737454,1776218144000
1776218146.678,46.678,0.55,5.0,0.52,5.0,0.62,10.0,0.63,5.0,0.38,10.0,0.37,5.0,0.45,5.0,0.48,5.0,0.07,0.07,618.737294,1776218145000
1776218147.313,47.313,0.55,5.0,0.52,5.0,0.62,10.0,0.63,5.0,0.38,10.0,0.37,5.0,0.45,5.0,0.48,5.0,0.07,0.07,618.737306,1776218146000
1776218147.995,47.995,0.55,5.0,0.52,5.0,0.62,10.0,0.63,5.0,0.38,10.0,0.37,5.0,0.45,5.0,0.48,5.0,0.07,0.07,618.737306,1776218147000
1776218149.308,49.308,0.55,5.0,0.52,5.0,0.62,10.0,0.63,5.0,0.38,10.0,0.37,5.0,0.45,5.0,0.48,5.0,0.07,0.07,618.742357,1776218148000
1776218150.03,50.03,0.55,5.0,0.52,5.0,0.62,10.0,0.63,5.0,0.38,10.0,0.37,5.0,0.45,5.0,0.48,5.0,0.07,0.07,618.74057,1776218149000
1776218150.827,50.827,0.51,1.5,0.5,1.76,0.52,36.0,0.6,10.0,0.38,10.0,0.37,5.0,0.45,5.0,0.48,5.0,0.01,0.07,618.74057,1776218149000
1776218151.053,51.053,0.33,5.0,0.32,5.0,0.52,36.0,0.6,10.0,0.48,36.0,0.4,10.0,0.5,0.45,0.67,5.0,0.19,0.02,618.74057,1776218149000
1776218151.784,51.784,0.33,5.0,0.32,5.0,0.52,36.0,0.6,10.0,0.48,36.0,0.4,10.0,0.67,5.0,0.68,5.0,0.19,0.19,618.70582,1776218150000
1776218152.549,52.549,0.33,5.0,0.32,5.0,0.52,36.0,0.6,10.0,0.48,36.0,0.4,10.0,0.67,5.0,0.68,5.0,0.19,0.19,618.525581,1776218151000
1776218153.219,53.219,0.33,5.0,0.32,5.0,0.52,36.0,0.6,10.0,0.48,36.0,0.4,10.0,0.67,5.0,0.68,5.0,0.19,0.19,618.523719,1776218152000
1776218154.711,54.711,0.33,5.0,0.32,5.0,0.52,36.0,0.6,10.0,0.48,36.0,0.4,10.0,0.67,5.0,0.68,5.0,0.19,0.19,618.510925,1776218153000
1776218155.474,55.474,0.33,5.0,0.32,5.0,0.52,36.0,0.6,10.0,0.48,36.0,0.4,10.0,0.67,5.0,0.68,5.0,0.19,0.19,618.510925,1776218154000
1776218156.314,56.314,0.33,5.0,0.32,5.0,0.52,36.0,0.6,10.0,0.48,36.0,0.4,10.0,0.67,5.0,0.68,5.0,0.19,0.19,618.511149,1776218155000
1776218157.072,57.072,0.33,5.0,0.32,5.0,0.52,36.0,0.6,10.0,0.48,36.0,0.4,10.0,0.67,5.0,0.68,5.0,0.19,0.19,618.511149,1776218156000
1776218158.608,58.608,0.33,5.0,0.32,5.0,0.52,36.0,0.6,10.0,0.48,36.0,0.4,10.0,0.67,5.0,0.68,5.0,0.19,0.19,618.51623,1776218157000
1776218159.519,59.519,0.33,5.0,0.32,5.0,0.52,36.0,0.6,10.0,0.48,36.0,0.4,10.0,0.67,5.0,0.68,5.0,0.19,0.19,618.516237,1776218158000
1776218160.364,60.364,0.33,5.0,0.32,5.0,0.52,36.0,0.6,10.0,0.48,36.0,0.4,10.0,0.67,5.0,0.68,5.0,0.19,0.19,618.515428,1776218159000
1776218161.205,61.205,0.33,5.0,0.32,5.0,0.52,36.0,0.6,10.0,0.48,36.0,0.4,10.0,0.67,5.0,0.68,5.0,0.19,0.19,618.515499,1776218160000
1776218162.195,62.195,0.33,5.0,0.32,5.0,0.52,36.0,0.6,10.0,0.48,36.0,0.4,10.0,0.67,5.0,0.68,5.0,0.19,0.19,618.521413,1776218161000
1776218163.207,63.207,0.33,5.0,0.32,5.0,0.52,36.0,0.6,10.0,0.48,36.0,0.4,10.0,0.67,5.0,0.68,5.0,0.19,0.19,618.535625,1776218162000
1776218164.311,64.311,0.33,5.0,0.32,5.0,0.52,36.0,0.6,10.0,0.48,36.0,0.4,10.0,0.67,5.0,0.68,5.0,0.19,0.19,618.536082,1776218163000
1776218165.207,65.207,0.33,5.0,0.32,5.0,0.52,36.0,0.6,10.0,0.48,36.0,0.4,10.0,0.67,5.0,0.68,5.0,0.19,0.19,618.536605,1776218164000
1776218166.242,66.242,0.33,5.0,0.32,5.0,0.52,36.0,0.6,10.0,0.48,36.0,0.4,10.0,0.67,5.0,0.68,5.0,0.19,0.19,618.536584,1776218165000
1776218167.275,67.275,0.33,5.0,0.32,5.0,0.52,36.0,0.6,10.0,0.48,36.0,0.4,10.0,0.67,5.0,0.68,5.0,0.19,0.19,618.533127,1776218166000
1776218168.25,68.25,0.33,5.0,0.32,5.0,0.52,36.0,0.6,10.0,0.48,36.0,0.4,10.0,0.67,5.0,0.68,5.0,0.19,0.19,618.533552,1776218167000
1776218169.228,69.228,0.33,5.0,0.32,5.0,0.52,36.0,0.6,10.0,0.48,36.0,0.4,10.0,0.67,5.0,0.68,5.0,0.19,0.19,618.533857,1776218168000
1776218170.312,70.312,0.33,5.0,0.32,5.0,0.52,36.0,0.6,10.0,0.48,36.0,0.4,10.0,0.67,5.0,0.68,5.0,0.19,0.19,618.619377,1776218169000
1776218171.111,71.111,0.44,15.0,0.42,5.0,0.45,4.88,0.55,5.0,0.48,36.0,0.4,10.0,0.67,5.0,0.68,5.0,0.01,0.19,618.619377,1776218169000
1776218172.187,72.187,0.44,15.0,0.42,5.0,0.45,4.88,0.55,5.0,0.55,4.88,0.45,5.0,0.56,15.0,0.58,5.0,0.01,0.01,618.643169,1776218171000
1776218173.181,73.181,0.44,15.0,0.42,5.0,0.45,4.88,0.55,5.0,0.55,4.88,0.45,5.0,0.56,15.0,0.58,5.0,0.01,0.01,618.665451,1776218172000
1776218174.174,74.174,0.44,15.0,0.42,5.0,0.45,4.88,0.55,5.0,0.55,4.88,0.45,5.0,0.56,15.0,0.58,5.0,0.01,0.01,618.670072,1776218173000
1776218175.273,75.273,0.44,15.0,0.42,5.0,0.45,4.88,0.55,5.0,0.55,4.88,0.45,5.0,0.56,15.0,0.58,5.0,0.01,0.01,618.675308,1776218174000
1776218176.318,76.318,0.44,15.0,0.42,5.0,0.45,4.88,0.55,5.0,0.55,4.88,0.45,5.0,0.56,15.0,0.58,5.0,0.01,0.01,618.675908,1776218175000
1776218176.906,76.906,0.44,15.0,0.42,5.0,0.45,4.88,0.55,5.0,0.55,4.88,0.45,5.0,0.56,15.0,0.58,5.0,0.01,0.01,618.675908,1776218176000
1776218178.166,78.166,0.44,15.0,0.42,5.0,0.45,4.88,0.55,5.0,0.55,4.88,0.45,5.0,0.56,15.0,0.58,5.0,0.01,0.01,618.675951,1776218177000
1776218179.337,79.337,0.44,15.0,0.42,5.0,0.45,4.88,0.55,5.0,0.55,4.88,0.45,5.0,0.56,15.0,0.58,5.0,0.01,0.01,618.672626,1776218178000
1776218179.999,79.999,0.44,15.0,0.42,5.0,0.45,4.88,0.55,5.0,0.55,4.88,0.45,5.0,0.56,15.0,0.58,5.0,0.01,0.01,618.672626,1776218179000
1776218181.038,81.038,0.44,15.0,0.42,5.0,0.45,4.88,0.55,5.0,0.55,4.88,0.45,5.0,0.56,15.0,0.58,5.0,0.01,0.01,618.6727,1776218180000
1776218182.17,82.17,0.44,15.0,0.42,5.0,0.45,4.88,0.55,5.0,0.55,4.88,0.45,5.0,0.56,15.0,0.58,5.0,0.01,0.01,618.673117,1776218181000
1776218183.302,83.302,0.44,15.0,0.42,5.0,0.45,4.88,0.55,5.0,0.55,4.88,0.45,5.0,0.56,15.0,0.58,5.0,0.01,0.01,618.68083,1776218182000
1776218183.828,83.828,0.44,15.0,0.42,5.0,0.45,4.88,0.55,5.0,0.55,4.88,0.45,5.0,0.56,15.0,0.58,5.0,0.01,0.01,618.68083,1776218183000
1776218184.994,84.994,0.44,15.0,0.42,5.0,0.45,4.88,0.55,5.0,0.55,4.88,0.45,5.0,0.56,15.0,0.58,5.0,0.01,0.01,618.681634,1776218184000
1776218186.016,86.016,0.44,15.0,0.42,5.0,0.45,4.88,0.55,5.0,0.55,4.88,0.45,5.0,0.56,15.0,0.58,5.0,0.01,0.01,618.6812,1776218185000
1776218187.11,87.11,0.44,15.0,0.42,5.0,0.45,4.88,0.55,5.0,0.55,4.88,0.45,5.0,0.56,15.0,0.58,5.0,0.01,0.01,618.681807,1776218186000
1776218187.839,87.839,0.44,5.0,0.43,46.6,0.59,5.0,0.64,11.3,0.55,4.88,0.45,5.0,0.56,15.0,0.58,5.0,0.15,0.01,618.681807,1776218186000
1776218188.231,88.231,0.44,5.0,0.43,46.6,0.59,5.0,0.64,11.3,0.41,5.0,0.36,11.3,0.56,5.0,0.57,46.6,0.15,0.15,618.685998,1776218187000
1776218189.811,89.811,0.44,5.0,0.43,46.6,0.59,5.0,0.64,11.3,0.41,5.0,0.36,11.3,0.56,5.0,0.57,46.6,0.15,0.15,618.703148,1776218188000
1776218190.589,90.589,0.44,5.0,0.43,46.6,0.59,5.0,0.64,11.3,0.41,5.0,0.36,11.3,0.56,5.0,0.57,46.6,0.15,0.15,618.733646,1776218189000
1776218191.309,91.309,0.44,5.0,0.43,46.6,0.59,5.0,0.64,11.3,0.41,5.0,0.36,11.3,0.56,5.0,0.57,46.6,0.15,0.15,618.733436,1776218190000
1776218192.122,92.122,0.44,5.0,0.43,46.6,0.59,5.0,0.64,11.3,0.41,5.0,0.36,11.3,0.56,5.0,0.57,46.6,0.15,0.15,618.733738,1776218191000
1776218193.391,93.391,0.44,5.0,0.43,46.6,0.59,5.0,0.64,11.3,0.41,5.0,0.36,11.3,0.56,5.0,0.57,46.6,0.15,0.15,618.734231,1776218192000
1776218193.834,93.834,0.44,5.0,0.43,46.6,0.59,5.0,0.64,11.3,0.41,5.0,0.36,11.3,0.56,5.0,0.57,46.6,0.15,0.15,618.734371,1776218193000
1776218195.106,95.106,0.44,5.0,0.43,46.6,0.59,5.0,0.64,11.3,0.41,5.0,0.36,11.3,0.56,5.0,0.57,46.6,0.15,0.15,618.738486,1776218194000
1776218196.507,96.507,0.44,5.0,0.43,46.6,0.59,5.0,0.64,11.3,0.41,5.0,0.36,11.3,0.56,5.0,0.57,46.6,0.15,0.15,618.738657,1776218195000
1776218197.16,97.16,0.44,5.0,0.43,46.6,0.59,5.0,0.64,11.3,0.41,5.0,0.36,11.3,0.56,5.0,0.57,46.6,0.15,0.15,618.738657,1776218196000
1776218198.629,98.629,0.44,5.0,0.43,46.6,0.59,5.0,0.64,11.3,0.41,5.0,0.36,11.3,0.56,5.0,0.57,46.6,0.15,0.15,618.736598,1776218197000
1776218199.52,99.52,0.44,5.0,0.43,46.6,0.59,5.0,0.64,11.3,0.41,5.0,0.36,11.3,0.56,5.0,0.57,46.6,0.15,0.15,618.729055,1776218198000
1776218200.152,100.152,0.44,5.0,0.43,46.6,0.59,5.0,0.64,11.3,0.41,5.0,0.36,11.3,0.56,5.0,0.57,46.6,0.15,0.15,618.72788,1776218199000
1776218201.447,101.447,0.44,5.0,0.43,46.6,0.59,5.0,0.64,11.3,0.41,5.0,0.36,11.3,0.56,5.0,0.57,46.6,0.15,0.15,618.730861,1776218200000
1776218202.03,102.03,0.44,5.0,0.43,46.6,0.59,5.0,0.64,11.3,0.41,5.0,0.36,11.3,0.56,5.0,0.57,46.6,0.15,0.15,618.726305,1776218201000
1776218203.114,103.114,0.44,5.0,0.43,46.6,0.59,5.0,0.64,11.3,0.41,5.0,0.36,11.3,0.56,5.0,0.57,46.6,0.15,0.15,618.731381,1776218202000
1776218204.189,104.189,0.44,5.0,0.43,46.6,0.59,5.0,0.64,11.3,0.41,5.0,0.36,11.3,0.56,5.0,0.57,46.6,0.15,0.15,618.735945,1776218203000
1776218205.528,105.528,0.44,5.0,0.43,46.6,0.59,5.0,0.64,11.3,0.41,5.0,0.36,11.3,0.56,5.0,0.57,46.6,0.15,0.15,618.735811,1776218204000
1776218206.718,106.718,0.44,5.0,0.43,46.6,0.59,5.0,0.64,11.3,0.41,5.0,0.36,11.3,0.56,5.0,0.57,46.6,0.15,0.15,618.735746,1776218205000
1776218207.325,107.325,0.44,5.0,0.43,46.6,0.59,5.0,0.64,11.3,0.41,5.0,0.36,11.3,0.56,5.0,0.57,46.6,0.15,0.15,618.735624,1776218206000
1776218208.078,108.078,0.44,5.0,0.43,46.6,0.59,5.0,0.64,11.3,0.41,5.0,0.36,11.3,0.56,5.0,0.57,46.6,0.15,0.15,618.731878,1776218207000
1776218209.068,109.068,0.44,5.0,0.43,46.6,0.59,5.0,0.64,11.3,0.41,5.0,0.36,11.3,0.56,5.0,0.57,46.6,0.15,0.15,618.732099,1776218208000
1776218210.195,110.195,0.44,5.0,0.43,46.6,0.59,5.0,0.64,11.3,0.41,5.0,0.36,11.3,0.56,5.0,0.57,46.6,0.15,0.15,618.730927,1776218209000
1776218211.269,111.269,0.44,5.0,0.43,46.6,0.59,5.0,0.64,11.3,0.41,5.0,0.36,11.3,0.56,5.0,0.57,46.6,0.15,0.15,618.730927,1776218210000
1776218212.42,112.42,0.44,5.0,0.43,46.6,0.59,5.0,0.64,11.3,0.41,5.0,0.36,11.3,0.56,5.0,0.57,46.6,0.15,0.15,618.725879,1776218211000
1776218212.981,112.981,0.44,5.0,0.43,46.6,0.59,5.0,0.64,11.3,0.41,5.0,0.36,11.3,0.56,5.0,0.57,46.6,0.15,0.15,618.725879,1776218212000
1776218214.1,114.1,0.44,5.0,0.43,46.6,0.59,5.0,0.64,11.3,0.41,5.0,0.36,11.3,0.56,5.0,0.57,46.6,0.15,0.15,618.725888,1776218213000
1776218215.133,115.133,0.44,5.0,0.43,46.6,0.59,5.0,0.64,11.3,0.41,5.0,0.36,11.3,0.56,5.0,0.57,46.6,0.15,0.15,618.725888,1776218214000
1776218216.154,116.154,0.44,5.0,0.43,46.6,0.59,5.0,0.64,11.3,0.41,5.0,0.36,11.3,0.56,5.0,0.57,46.6,0.15,0.15,618.72873,1776218215000
1776218217.091,117.091,0.44,5.0,0.43,46.6,0.59,5.0,0.64,11.3,0.41,5.0,0.36,11.3,0.56,5.0,0.57,46.6,0.15,0.15,618.728124,1776218216000
1776218218.158,118.158,0.44,5.0,0.43,46.6,0.59,5.0,0.64,11.3,0.41,5.0,0.36,11.3,0.56,5.0,0.57,46.6,0.15,0.15,618.727957,1776218217000
1776218219.192,119.192,0.44,5.0,0.43,46.6,0.59,5.0,0.64,11.3,0.41,5.0,0.36,11.3,0.56,5.0,0.57,46.6,0.15,0.15,618.728358,1776218218000
1776218219.803,119.803,0.44,5.0,0.43,46.6,0.59,5.0,0.64,11.3,0.41,5.0,0.36,11.3,0.56,5.0,0.57,46.6,0.15,0.15,618.728358,1776218219000
1776218221.457,121.457,0.44,5.0,0.43,46.6,0.59,5.0,0.64,11.3,0.41,5.0,0.36,11.3,0.56,5.0,0.57,46.6,0.15,0.15,618.72834,1776218220000
1776218222.106,122.106,0.44,5.0,0.43,46.6,0.59,5.0,0.64,11.3,0.41,5.0,0.36,11.3,0.56,5.0,0.57,46.6,0.15,0.15,618.72834,1776218221000
1776218222.543,122.543,0.68,26.0,0.61,50.0,0.91,46.73,0.95,54.7,0.41,5.0,0.36,11.3,0.56,5.0,0.57,46.6,0.23,0.15,618.72834,1776218221000
1776218223.037,123.037,0.69,63.0,0.61,37.6,0.9,6.7,0.91,50.0,0.1,10.0,0.09,35.19,0.39,37.6,0.41,5.0,0.21,0.29,618.72834,1776218221000
1776218223.335,123.335,0.9,5.0,0.69,20.0,0.91,23.78,0.94,46.1,0.09,43.78,0.06,46.1,0.31,73.0,0.39,37.6,0.01,0.22,618.724651,1776218222000
1776218224.043,124.043,0.9,19.0,0.89,5.0,0.91,22.68,0.94,46.1,0.09,23.78,0.06,46.1,0.1,5.0,0.31,20.0,0.01,0.01,618.724651,1776218222000
1776218224.56,124.56,0.89,5.0,0.81,10.0,0.91,22.68,0.94,46.1,0.09,22.68,0.06,46.1,0.1,19.0,0.11,5.0,0.02,0.01,618.827,1776218223000
1776218225.182,125.182,0.9,5.0,0.83,10.0,0.91,17.68,0.94,46.1,0.09,22.68,0.06,46.1,0.11,5.0,0.19,10.0,0.01,0.02,618.827,1776218223000
1776218226.329,126.329,0.93,13.31,0.9,5.0,0.94,46.1,0.95,54.7,0.06,46.1,0.05,54.7,0.07,13.31,0.1,5.0,0.01,0.01,619.665984,1776218225000
1776218227.018,127.018,0.93,13.31,0.9,5.0,0.94,46.1,0.95,54.7,0.06,46.1,0.05,54.7,0.07,13.31,0.1,5.0,0.01,0.01,619.723069,1776218226000
1776218228.026,128.026,0.93,13.31,0.9,5.0,0.94,46.1,0.95,54.7,0.06,46.1,0.05,54.7,0.07,13.31,0.1,5.0,0.01,0.01,619.774234,1776218227000
1776218229.146,129.146,0.93,13.31,0.9,5.0,0.94,46.1,0.95,54.7,0.06,46.1,0.05,54.7,0.07,13.31,0.1,5.0,0.01,0.01,619.807053,1776218228000
1776218229.358,129.358,0.91,5.0,0.85,10.0,0.94,10.0,0.95,54.7,0.06,46.1,0.05,54.7,0.07,13.31,0.1,5.0,0.03,0.01,619.807053,1776218228000
1776218230.19,130.19,0.91,5.0,0.85,10.0,0.94,10.0,0.95,54.7,0.06,10.0,0.05,54.7,0.09,5.0,0.15,10.0,0.03,0.03,619.795512,1776218229000
1776218231.25,131.25,0.91,5.0,0.85,10.0,0.94,10.0,0.95,54.7,0.06,10.0,0.05,54.7,0.09,5.0,0.15,10.0,0.03,0.03,619.792352,1776218230000
1776218232.321,132.321,0.91,5.0,0.85,10.0,0.94,10.0,0.95,54.7,0.06,10.0,0.05,54.7,0.09,5.0,0.15,10.0,0.03,0.03,619.797466,1776218231000
1776218232.912,132.912,0.91,5.0,0.85,10.0,0.94,10.0,0.95,54.7,0.06,10.0,0.05,54.7,0.09,5.0,0.15,10.0,0.03,0.03,619.809732,1776218232000
1776218233.542,133.542,0.87,10.0,0.81,50.0,0.95,10.0,0.96,5.0,0.06,10.0,0.05,54.7,0.09,5.0,0.15,10.0,0.08,0.03,619.809732,1776218232000
1776218233.934,133.934,0.87,10.0,0.81,50.0,0.95,10.0,0.96,5.0,0.05,10.0,0.04,5.0,0.13,10.0,0.19,50.0,0.08,0.08,619.85062,1776218233000
1776218234.657,134.657,0.87,1.15,0.81,50.0,0.95,10.0,0.96,5.0,0.05,10.0,0.04,5.0,0.13,10.0,0.19,50.0,0.08,0.08,619.85062,1776218233000
1776218235.389,135.389,0.87,1.15,0.81,50.0,0.95,10.0,0.96,5.0,0.05,10.0,0.04,5.0,0.13,1.15,0.19,50.0,0.08,0.08,619.878639,1776218234000
1776218235.977,135.977,0.87,1.15,0.81,50.0,0.95,10.0,0.96,5.0,0.05,10.0,0.04,5.0,0.13,1.15,0.19,50.0,0.08,0.08,619.891429,1776218235000
1776218237.028,137.028,0.87,1.15,0.81,50.0,0.95,10.0,0.96,5.0,0.05,10.0,0.04,5.0,0.13,1.15,0.19,50.0,0.08,0.08,619.912465,1776218236000
1776218238.076,138.076,0.87,1.15,0.81,50.0,0.95,10.0,0.96,5.0,0.05,10.0,0.04,5.0,0.13,1.15,0.19,50.0,0.08,0.08,619.916015,1776218237000
1776218239.082,139.082,0.87,1.15,0.81,50.0,0.95,10.0,0.96,5.0,0.05,10.0,0.04,5.0,0.13,1.15,0.19,50.0,0.08,0.08,619.9055,1776218238000
1776218240.141,140.141,0.87,1.15,0.81,50.0,0.95,10.0,0.96,5.0,0.05,10.0,0.04,5.0,0.13,1.15,0.19,50.0,0.08,0.08,619.906334,1776218239000
1776218241.147,141.147,0.87,1.15,0.81,50.0,0.95,10.0,0.96,5.0,0.05,10.0,0.04,5.0,0.13,1.15,0.19,50.0,0.08,0.08,619.907792,1776218240000
1776218242.28,142.28,0.87,1.15,0.81,50.0,0.95,10.0,0.96,5.0,0.05,10.0,0.04,5.0,0.13,1.15,0.19,50.0,0.08,0.08,619.912882,1776218241000
1776218243.249,143.249,0.87,1.15,0.81,50.0,0.95,10.0,0.96,5.0,0.05,10.0,0.04,5.0,0.13,1.15,0.19,50.0,0.08,0.08,619.914212,1776218242000
1776218244.196,144.196,0.87,1.15,0.81,50.0,0.95,10.0,0.96,5.0,0.05,10.0,0.04,5.0,0.13,1.15,0.19,50.0,0.08,0.08,619.93082,1776218243000
1776218245.203,145.203,0.87,1.15,0.81,50.0,0.95,10.0,0.96,5.0,0.05,10.0,0.04,5.0,0.13,1.15,0.19,50.0,0.08,0.08,619.93005,1776218244000
1776218246.158,146.158,0.87,1.15,0.81,50.0,0.95,10.0,0.96,5.0,0.05,10.0,0.04,5.0,0.13,1.15,0.19,50.0,0.08,0.08,619.93913,1776218245000
1776218247.271,147.271,0.87,1.15,0.81,50.0,0.95,10.0,0.96,5.0,0.05,10.0,0.04,5.0,0.13,1.15,0.19,50.0,0.08,0.08,619.946839,1776218246000
1776218248.168,148.168,0.87,1.15,0.81,50.0,0.95,10.0,0.96,5.0,0.05,10.0,0.04,5.0,0.13,1.15,0.19,50.0,0.08,0.08,619.959664,1776218247000
1776218249.194,149.194,0.87,1.15,0.81,50.0,0.95,10.0,0.96,5.0,0.05,10.0,0.04,5.0,0.13,1.15,0.19,50.0,0.08,0.08,619.97212,1776218248000
1776218250.291,150.291,0.87,1.15,0.81,50.0,0.95,10.0,0.96,5.0,0.05,10.0,0.04,5.0,0.13,1.15,0.19,50.0,0.08,0.08,619.946784,1776218249000
1776218251.328,151.328,0.87,1.15,0.81,50.0,0.95,10.0,0.96,5.0,0.05,10.0,0.04,5.0,0.13,1.15,0.19,50.0,0.08,0.08,619.97762,1776218250000
1776218251.936,151.936,0.87,1.15,0.81,50.0,0.95,10.0,0.96,5.0,0.05,10.0,0.04,5.0,0.13,1.15,0.19,50.0,0.08,0.08,619.97764,1776218251000
1776218252.607,152.607,0.94,56.1,0.93,39.9,0.97,36.54,0.98,153.69,0.05,10.0,0.04,5.0,0.13,1.15,0.19,50.0,0.03,0.08,619.97764,1776218251000
1776218253.04,153.04,0.94,56.1,0.93,39.9,0.97,36.54,0.98,153.69,0.03,36.54,0.02,153.69,0.06,56.1,0.07,39.9,0.03,0.03,619.97877,1776218252000
1776218254.153,154.153,0.94,56.1,0.93,39.9,0.97,36.54,0.98,153.69,0.03,36.54,0.02,153.69,0.06,56.1,0.07,39.9,0.03,0.03,619.973681,1776218253000
1776218255.2,155.2,0.94,56.1,0.93,39.9,0.97,36.54,0.98,153.69,0.03,36.54,0.02,153.69,0.06,56.1,0.07,39.9,0.03,0.03,620.002356,1776218254000
1776218256.305,156.305,0.94,56.1,0.93,39.9,0.97,36.54,0.98,153.69,0.03,36.54,0.02,153.69,0.06,56.1,0.07,39.9,0.03,0.03,619.904762,1776218255000
1776218257.282,157.282,0.94,56.1,0.93,39.9,0.97,36.54,0.98,153.69,0.03,36.54,0.02,153.69,0.06,56.1,0.07,39.9,0.03,0.03,619.905227,1776218256000
1776218258.356,158.356,0.94,56.1,0.93,39.9,0.96,8.75,0.97,36.54,0.04,8.75,0.03,36.54,0.06,56.1,0.07,39.9,0.02,0.02,619.921839,1776218257000
1776218258.869,158.869,0.94,56.1,0.93,39.9,0.96,8.75,0.97,36.54,0.04,8.75,0.03,36.54,0.06,56.1,0.07,39.9,0.02,0.02,619.917384,1776218258000
1776218260.062,160.062,0.94,56.1,0.93,39.9,0.96,8.75,0.97,36.54,0.04,8.75,0.03,36.54,0.06,56.1,0.07,39.9,0.02,0.02,619.921155,1776218259000
1776218261.14,161.14,0.94,56.1,0.93,39.9,0.96,8.75,0.97,36.54,0.04,8.75,0.03,36.54,0.06,56.1,0.07,39.9,0.02,0.02,619.88632,1776218260000
1776218262.187,162.187,0.95,64.7,0.94,46.1,0.96,1.45,0.97,36.54,0.04,1.45,0.03,36.54,0.05,64.7,0.06,46.1,0.01,0.01,619.886201,1776218261000
1776218263.506,163.506,0.95,64.7,0.94,46.1,0.96,10.4,0.97,36.54,0.04,1.45,0.03,36.54,0.05,64.7,0.06,46.1,0.01,0.01,619.886201,1776218261000
1776218264.204,164.204,0.95,64.7,0.94,46.1,0.96,10.4,0.97,36.54,0.04,10.4,0.03,36.54,0.05,64.7,0.06,46.1,0.01,0.01,619.880873,1776218263000
1776218265.42,165.42,0.95,64.7,0.94,46.1,0.96,10.4,0.97,36.54,0.04,10.4,0.03,36.54,0.05,64.7,0.06,46.1,0.01,0.01,619.885064,1776218264000
1776218266.292,166.292,0.95,64.7,0.94,46.1,0.96,10.4,0.97,36.54,0.04,10.4,0.03,36.54,0.05,64.7,0.06,46.1,0.01,0.01,619.89084,1776218265000
1776218267.552,167.552,0.95,64.7,0.94,46.1,0.96,10.4,0.97,36.54,0.04,10.4,0.03,36.54,0.05,64.7,0.06,46.1,0.01,0.01,619.89085,1776218266000
1776218268.068,168.068,0.95,64.7,0.94,46.1,0.96,10.4,0.97,36.54,0.04,10.4,0.03,36.54,0.05,64.7,0.06,46.1,0.01,0.01,619.89094,1776218267000
1776218269.5,169.5,0.95,64.7,0.94,46.1,0.96,10.4,0.97,36.54,0.04,10.4,0.03,36.54,0.05,64.7,0.06,46.1,0.01,0.01,619.898685,1776218268000
1776218270.167,170.167,0.95,64.7,0.94,46.1,0.96,10.4,0.97,36.54,0.04,10.4,0.03,36.54,0.05,64.7,0.06,46.1,0.01,0.01,619.87869,1776218269000
1776218271.229,171.229,0.95,64.7,0.94,46.1,0.96,10.4,0.97,36.54,0.04,10.4,0.03,36.54,0.05,64.7,0.06,46.1,0.01,0.01,619.878623,1776218270000
1776218271.858,171.858,0.95,64.7,0.94,46.1,0.96,9.34,0.97,36.54,0.04,10.4,0.03,36.54,0.05,64.7,0.06,46.1,0.01,0.01,619.878623,1776218270000
1776218272.423,172.423,0.95,64.7,0.94,46.1,0.96,9.34,0.97,36.54,0.04,9.34,0.03,36.54,0.05,64.7,0.06,46.1,0.01,0.01,619.969,1776218271000
1776218272.977,172.977,0.95,64.7,0.94,46.1,0.96,9.34,0.97,36.54,0.04,9.34,0.03,36.54,0.05,64.7,0.06,46.1,0.01,0.01,619.969,1776218272000
1776218274.116,174.116,0.95,64.7,0.94,46.1,0.96,9.34,0.97,36.54,0.04,9.34,0.03,36.54,0.05,64.7,0.06,46.1,0.01,0.01,619.96683,1776218273000
1776218275.089,175.089,0.95,64.7,0.94,46.1,0.96,9.34,0.97,36.54,0.04,9.34,0.03,36.54,0.05,64.7,0.06,46.1,0.01,0.01,619.97054,1776218274000
1776218276.487,176.487,0.95,64.7,0.94,46.1,0.96,9.34,0.97,36.54,0.04,9.34,0.03,36.54,0.05,64.7,0.06,46.1,0.01,0.01,619.933359,1776218275000
1776218277.011,177.011,0.95,64.7,0.94,46.1,0.96,9.34,0.97,36.54,0.04,9.34,0.03,36.54,0.05,64.7,0.06,46.1,0.01,0.01,619.933359,1776218276000
1776218278.226,178.226,0.95,64.7,0.94,46.1,0.96,9.34,0.97,36.54,0.04,9.34,0.03,36.54,0.05,64.7,0.06,46.1,0.01,0.01,619.936894,1776218277000
1776218279.919,179.919,0.95,64.7,0.94,46.1,0.96,9.34,0.97,36.54,0.04,9.34,0.03,36.54,0.05,64.7,0.06,46.1,0.01,0.01,619.944815,1776218278000
1776218280.608,180.608,0.95,64.7,0.94,46.1,0.96,9.34,0.97,36.54,0.04,9.34,0.03,36.54,0.05,64.7,0.06,46.1,0.01,0.01,619.94478,1776218279000
1776218281.624,181.624,0.95,64.7,0.94,46.1,0.96,7.25,0.97,36.54,0.04,9.34,0.03,36.54,0.05,64.7,0.06,46.1,0.01,0.01,619.94478,1776218279000
1776218282.445,182.445,0.95,64.7,0.94,46.1,0.96,7.25,0.97,36.54,0.04,7.25,0.03,36.54,0.05,64.7,0.06,46.1,0.01,0.01,619.94478,1776218281000
1776218283.257,183.257,0.95,64.7,0.94,46.1,0.96,7.25,0.97,36.54,0.04,7.25,0.03,36.54,0.05,64.7,0.06,46.1,0.01,0.01,619.957129,1776218282000
1776218284.523,184.523,0.95,64.7,0.94,46.1,0.96,7.25,0.97,36.54,0.04,7.25,0.03,36.54,0.05,64.7,0.06,46.1,0.01,0.01,619.96068,1776218283000
1776218285.268,185.268,0.95,64.7,0.94,46.1,0.96,7.25,0.97,36.54,0.04,7.25,0.03,36.54,0.05,64.7,0.06,46.1,0.01,0.01,619.96096,1776218284000
1776218286.741,186.741,0.95,64.7,0.94,46.1,0.96,7.25,0.97,36.54,0.04,7.25,0.03,36.54,0.05,64.7,0.06,46.1,0.01,0.01,619.95446,1776218285000
1776218287.378,187.378,0.95,64.7,0.94,46.1,0.96,7.25,0.97,36.54,0.04,7.25,0.03,36.54,0.05,64.7,0.06,46.1,0.01,0.01,619.94851,1776218286000
1776218288.197,188.197,0.95,64.7,0.94,46.1,0.96,7.25,0.97,36.54,0.04,7.25,0.03,36.54,0.05,64.7,0.06,46.1,0.01,0.01,619.953969,1776218287000
1776218289.629,189.629,0.95,64.7,0.94,46.1,0.96,7.25,0.97,36.54,0.04,7.25,0.03,36.54,0.05,64.7,0.06,46.1,0.01,0.01,619.970626,1776218288000
1776218290.35,190.35,0.95,64.7,0.94,46.1,0.96,7.25,0.97,36.54,0.04,7.25,0.03,36.54,0.05,64.7,0.06,46.1,0.01,0.01,619.980091,1776218289000
1776218291.718,191.718,0.95,64.7,0.94,46.1,0.96,7.25,0.97,36.54,0.04,7.25,0.03,36.54,0.05,64.7,0.06,46.1,0.01,0.01,619.975133,1776218290000
1776218292.365,192.365,0.95,64.7,0.94,46.1,0.96,7.25,0.97,36.54,0.04,7.25,0.03,36.54,0.05,64.7,0.06,46.1,0.01,0.01,619.962135,1776218291000
1776218293.086,193.086,0.95,64.7,0.94,46.1,0.96,6.2,0.97,36.54,0.04,6.2,0.03,36.54,0.05,64.7,0.06,46.1,0.01,0.01,619.96436,1776218292000
1776218294.418,194.418,0.95,64.7,0.94,46.1,0.96,6.2,0.97,36.54,0.04,6.2,0.03,36.54,0.05,64.7,0.06,46.1,0.01,0.01,619.955674,1776218293000
1776218294.966,194.966,0.95,64.7,0.94,46.1,0.99,200.14,,,0.04,6.2,0.03,36.54,0.05,64.7,0.06,46.1,0.04,0.01,619.955674,1776218293000
1776218295.441,195.441,0.96,67.7,0.95,64.7,0.99,195.14,,,0.01,200.14,,,0.05,64.7,0.06,46.1,0.03,0.04,619.95465,1776218294000
1776218295.907,195.907,0.97,98.21,0.96,67.7,0.98,10.0,0.99,195.14,0.01,195.14,,,0.04,67.7,0.05,64.7,0.01,0.03,619.95465,1776218294000
1776218297.132,197.132,0.97,98.21,0.96,67.7,0.98,10.0,0.99,195.14,0.02,10.0,0.01,195.14,0.03,98.21,0.04,67.7,0.01,0.01,619.94846,1776218295000
1776218297.449,197.449,0.97,98.21,0.96,67.7,0.99,22.06,,,0.02,10.0,0.01,195.14,0.03,98.21,0.04,67.7,0.02,0.01,619.94846,1776218295000
1776218297.658,197.658,0.97,98.21,0.96,67.7,0.99,22.06,,,0.01,22.06,,,0.03,98.21,0.04,67.7,0.02,0.02,619.94887,1776218296000
1776218298.227,198.227,0.97,98.21,0.96,67.7,0.99,22.06,,,0.01,22.06,,,0.03,98.21,0.04,67.7,0.02,0.02,619.953189,1776218297000
1776218299.339,199.339,0.97,20.0,0.96,67.7,0.99,22.06,,,0.01,22.06,,,0.03,20.0,0.04,67.7,0.02,0.02,619.954811,1776218298000
1776218299.858,199.858,0.97,20.0,0.96,67.7,0.99,22.06,,,0.01,22.06,,,0.03,20.0,0.04,67.7,0.02,0.02,619.977937,1776218299000
1776218300.333,200.333,0.97,20.0,0.96,67.7,0.98,5.0,0.99,22.06,0.01,22.06,,,0.03,20.0,0.04,67.7,0.01,0.02,619.977937,1776218299000
1776218300.976,200.976,0.97,20.0,0.96,67.7,0.98,5.0,0.99,22.06,0.02,5.0,0.01,22.06,0.03,20.0,0.04,67.7,0.01,0.01,619.96624,1776218300000
1776218301.317,201.317,0.98,5.0,0.97,20.0,0.99,22.06,,,0.02,5.0,0.01,22.06,0.03,20.0,0.04,67.7,0.01,0.01,619.96624,1776218300000
1776218302.161,202.161,0.98,5.0,0.97,20.0,0.99,22.06,,,0.01,22.06,,,0.02,5.0,0.03,20.0,0.01,0.01,619.989058,1776218301000
1776218303.197,203.197,0.96,32.7,0.95,54.7,0.99,22.06,,,0.01,22.06,,,0.02,5.0,0.03,20.0,0.03,0.01,619.989058,1776218301000
1776218303.857,203.857,0.96,32.7,0.95,54.7,0.99,22.06,,,0.01,22.06,,,0.04,32.7,0.05,54.7,0.03,0.03,619.959443,1776218303000
1776218304.902,204.902,0.96,32.7,0.95,54.7,0.99,22.06,,,0.01,22.06,,,0.04,32.7,0.05,54.7,0.03,0.03,619.964742,1776218304000
1776218306.069,206.069,0.96,32.7,0.95,54.7,0.99,22.06,,,0.01,22.06,,,0.04,32.7,0.05,54.7,0.03,0.03,619.975552,1776218305000
1776218307.241,207.241,0.96,32.7,0.95,54.7,0.99,22.06,,,0.01,22.06,,,0.04,32.7,0.05,54.7,0.03,0.03,619.976795,1776218306000
1776218308.422,208.422,0.96,32.7,0.95,54.7,0.99,22.06,,,0.01,22.06,,,0.04,32.7,0.05,54.7,0.03,0.03,619.974587,1776218307000
1776218308.986,208.986,0.96,32.7,0.95,54.7,0.99,22.06,,,0.01,22.06,,,0.04,32.7,0.05,54.7,0.03,0.03,619.9565,1776218308000
1776218310.098,210.098,0.96,32.7,0.95,54.7,0.99,22.06,,,0.01,22.06,,,0.04,32.7,0.05,54.7,0.03,0.03,619.953966,1776218309000
1776218311.724,211.724,0.96,32.7,0.95,54.7,0.99,22.06,,,0.01,22.06,,,0.04,32.7,0.05,54.7,0.03,0.03,619.951254,1776218310000
1776218312.195,212.195,0.96,32.7,0.95,54.7,0.99,22.06,,,0.01,22.06,,,0.04,32.7,0.05,54.7,0.03,0.03,619.924666,1776218311000
1776218313.111,213.111,0.96,10.0,0.95,54.7,0.99,21.06,,,0.01,21.06,,,0.04,10.0,0.05,54.7,0.03,0.03,619.845177,1776218312000
1776218314.036,214.036,0.96,10.0,0.95,54.7,0.99,21.06,,,0.01,21.06,,,0.04,10.0,0.05,54.7,0.03,0.03,619.837757,1776218313000
1776218315.12,215.12,0.96,10.0,0.95,54.7,0.99,13.06,,,0.01,13.06,,,0.04,10.0,0.05,54.7,0.03,0.03,619.816005,1776218314000
1776218316.098,216.098,0.96,10.0,0.95,54.7,0.99,13.06,,,0.01,13.06,,,0.04,10.0,0.05,54.7,0.03,0.03,619.813552,1776218315000
1776218316.997,216.997,0.96,10.0,0.95,54.7,0.99,13.06,,,0.01,13.06,,,0.04,10.0,0.05,54.7,0.03,0.03,619.842458,1776218316000
1776218318.108,218.108,0.96,10.0,0.95,54.7,0.99,13.06,,,0.01,13.06,,,0.04,10.0,0.05,54.7,0.03,0.03,619.842458,1776218317000
1776218319.099,219.099,0.96,10.0,0.95,54.7,0.99,13.06,,,0.01,13.06,,,0.04,10.0,0.05,54.7,0.03,0.03,619.844727,1776218318000
1776218320.113,220.113,0.96,10.0,0.95,54.7,0.99,13.06,,,0.01,13.06,,,0.04,10.0,0.05,54.7,0.03,0.03,619.847356,1776218319000
1776218321.056,221.056,0.96,10.0,0.95,54.7,0.99,13.06,,,0.01,13.06,,,0.04,10.0,0.05,54.7,0.03,0.03,619.847588,1776218320000
1776218322.065,222.065,0.96,10.0,0.95,54.7,0.99,13.06,,,0.01,13.06,,,0.04,10.0,0.05,54.7,0.03,0.03,619.857361,1776218321000
1776218323.026,223.026,0.96,10.0,0.95,54.7,0.99,13.06,,,0.01,13.06,,,0.04,10.0,0.05,54.7,0.03,0.03,619.853213,1776218322000
1776218324.434,224.434,0.96,10.0,0.95,54.7,0.99,13.06,,,0.01,13.06,,,0.04,10.0,0.05,54.7,0.03,0.03,619.74754,1776218323000
1776218325.052,225.052,0.96,10.0,0.95,54.7,0.99,13.06,,,0.01,13.06,,,0.04,10.0,0.05,54.7,0.03,0.03,619.74648,1776218324000
1776218325.66,225.66,0.95,64.7,0.94,46.1,0.99,5.0,,,0.01,13.06,,,0.04,10.0,0.05,54.7,0.04,0.03,619.74648,1776218324000
1776218326.062,226.062,0.95,64.7,0.94,46.1,0.99,5.0,,,0.01,5.0,,,0.05,64.7,0.06,46.1,0.04,0.04,619.743692,1776218325000
1776218327.307,227.307,0.95,64.7,0.94,46.1,0.99,5.0,,,0.01,5.0,,,0.05,64.7,0.06,46.1,0.04,0.04,619.727936,1776218326000
1776218328.296,228.296,0.95,64.7,0.94,46.1,0.99,5.0,,,0.01,5.0,,,0.05,64.7,0.06,46.1,0.04,0.04,619.73288,1776218327000
1776218329.251,229.251,0.95,64.7,0.94,46.1,0.99,5.0,,,0.01,5.0,,,0.05,64.7,0.06,46.1,0.04,0.04,619.73615,1776218328000
1776218330.282,230.282,0.95,64.7,0.94,46.1,0.97,88.0,0.99,5.0,0.03,88.0,0.01,5.0,0.05,64.7,0.06,46.1,0.02,0.02,619.723904,1776218329000
1776218330.526,230.526,0.97,44.0,0.95,64.7,0.99,5.0,,,0.03,44.0,0.01,5.0,0.05,64.7,0.06,46.1,0.02,0.02,619.723904,1776218329000
1776218331.058,231.058,0.98,10.0,0.97,44.0,,,,,0.01,5.0,,,0.03,44.0,0.05,64.7,,0.02,619.723904,1776218329000
1776218331.363,231.363,0.98,10.0,0.97,44.0,,,,,,,,,0.02,10.0,0.03,44.0,,,619.710046,1776218330000
1776218331.989,231.989,0.98,10.0,0.97,44.0,,,,,,,,,0.02,10.0,0.03,44.0,,,619.707811,1776218331000
1776218332.977,232.977,0.98,10.0,0.97,44.0,,,,,,,,,0.02,10.0,0.03,44.0,,,619.73009,1776218332000
1776218334.065,234.065,0.98,10.0,0.97,44.0,,,,,,,,,0.02,10.0,0.03,44.0,,,619.712469,1776218333000
1776218335.024,235.024,0.98,10.0,0.97,44.0,,,,,,,,,0.02,10.0,0.03,44.0,,,619.72488,1776218334000
1776218335.608,235.608,0.99,3.74,0.98,10.0,,,,,,,,,0.02,10.0,0.03,44.0,,,619.72488,1776218334000
1776218335.993,235.993,0.99,3.74,0.98,10.0,,,,,,,,,0.01,3.74,0.02,10.0,,,619.659617,1776218335000
1776218336.96,236.96,0.99,3.74,0.98,10.0,,,,,,,,,0.01,3.74,0.02,10.0,,,619.702726,1776218336000
1776218338.048,238.048,0.99,3.74,0.98,10.0,,,,,,,,,0.01,3.74,0.02,10.0,,,619.70116,1776218337000
1776218339.021,239.021,0.99,3.74,0.98,10.0,,,,,,,,,0.01,3.74,0.02,10.0,,,619.701783,1776218338000
1776218340.046,240.046,0.99,3.74,0.98,10.0,,,,,,,,,0.01,3.74,0.02,10.0,,,619.700746,1776218339000
1776218341.077,241.077,0.99,3.74,0.98,10.0,,,,,,,,,0.01,3.74,0.02,10.0,,,619.710144,1776218340000
1776218342.036,242.036,0.99,3.74,0.98,10.0,,,,,,,,,0.01,3.74,0.02,10.0,,,619.739735,1776218341000
1776218343.059,243.059,0.99,3.74,0.98,10.0,,,,,,,,,0.01,3.74,0.02,10.0,,,619.741407,1776218342000
1776218344.056,244.056,0.99,3.74,0.98,10.0,,,,,,,,,0.01,3.74,0.02,10.0,,,619.74651,1776218343000
1776218345.107,245.107,0.99,3.74,0.98,10.0,,,,,,,,,0.01,3.74,0.02,10.0,,,619.735228,1776218344000
1776218346.16,246.16,0.99,3.74,0.98,10.0,,,,,,,,,0.01,3.74,0.02,10.0,,,619.734315,1776218345000
1776218347.149,247.149,0.99,3.74,0.98,10.0,,,,,,,,,0.01,3.74,0.02,10.0,,,619.671123,1776218346000
1776218348.124,248.124,0.99,3.74,0.98,10.0,,,,,,,,,0.01,3.74,0.02,10.0,,,619.686338,1776218347000
1776218349.101,249.101,0.99,3.74,0.98,10.0,,,,,,,,,0.01,3.74,0.02,10.0,,,619.683082,1776218348000
1776218350.288,250.288,0.99,3.74,0.98,10.0,,,,,,,,,0.01,3.74,0.02,10.0,,,619.68534,1776218349000
1776218351.429,251.429,0.99,3.74,0.98,10.0,,,,,,,,,0.01,3.74,0.02,10.0,,,619.67446,1776218350000
1776218352.597,252.597,0.99,3.74,0.98,10.0,,,,,,,,,0.01,3.74,0.02,10.0,,,619.680277,1776218351000
1776218353.448,253.448,0.99,3.74,0.98,10.0,,,,,,,,,0.01,3.74,0.02,10.0,,,619.6873,1776218352000
1776218354.121,254.121,0.99,3.74,0.98,10.0,,,,,,,,,0.01,3.74,0.02,10.0,,,619.68874,1776218353000
1776218355.545,255.545,0.99,3.74,0.98,10.0,,,,,,,,,0.01,3.74,0.02,10.0,,,619.68747,1776218354000
1776218356.196,256.196,0.99,3.74,0.98,10.0,,,,,,,,,0.01,3.74,0.02,10.0,,,619.690284,1776218355000
1776218357.685,257.685,0.99,3.74,0.98,10.0,,,,,,,,,0.01,3.74,0.02,10.0,,,619.687124,1776218356000
1776218358.552,258.552,0.99,3.74,0.98,10.0,,,,,,,,,0.01,3.74,0.02,10.0,,,619.681093,1776218357000
1776218359.094,259.094,0.99,3.74,0.98,10.0,,,,,,,,,0.01,3.74,0.02,10.0,,,619.694944,1776218358000
1776218360.623,260.623,0.99,3.74,0.98,10.0,,,,,,,,,0.01,3.74,0.02,10.0,,,619.704613,1776218359000
1776218361.431,261.431,0.99,3.74,0.98,10.0,,,,,,,,,0.01,3.74,0.02,10.0,,,619.706164,1776218360000
1776218362.222,262.222,0.99,3.74,0.98,10.0,,,,,,,,,0.01,3.74,0.02,10.0,,,619.697292,1776218361000
1776218363.832,263.832,0.99,3.74,0.98,10.0,,,,,,,,,0.01,3.74,0.02,10.0,,,619.699434,1776218362000
1776218364.684,264.684,0.99,3.74,0.98,10.0,,,,,,,,,0.01,3.74,0.02,10.0,,,619.694719,1776218363000
1776218365.333,265.333,0.99,3.74,0.98,10.0,,,,,,,,,0.01,3.74,0.02,10.0,,,619.729452,1776218364000
1776218365.983,265.983,0.99,3.74,0.98,10.0,,,,,,,,,0.01,3.74,0.02,10.0,,,619.731302,1776218365000
1776218367.599,267.599,0.99,3.74,0.98,10.0,,,,,,,,,0.01,3.74,0.02,10.0,,,619.7343,1776218366000
1776218368.173,268.173,0.99,3.74,0.98,10.0,,,,,,,,,0.01,3.74,0.02,10.0,,,619.727672,1776218367000
1776218369.691,269.691,0.99,3.74,0.98,10.0,,,,,,,,,0.01,3.74,0.02,10.0,,,619.712386,1776218368000
1776218370.72,270.72,0.99,3.74,0.98,10.0,,,,,,,,,0.01,3.74,0.02,10.0,,,619.702418,1776218369000
1776218371.272,271.272,0.99,3.74,0.98,10.0,,,,,,,,,0.01,3.74,0.02,10.0,,,619.69977,1776218370000
1776218372.547,272.547,0.99,3.74,0.98,10.0,,,,,,,,,0.01,3.74,0.02,10.0,,,619.71071,1776218371000
1776218372.956,272.956,0.99,3.74,0.98,10.0,,,,,,,,,0.01,3.74,0.02,10.0,,,619.737534,1776218372000
1776218374.035,274.035,0.99,3.74,0.98,10.0,,,,,,,,,0.01,3.74,0.02,10.0,,,619.71858,1776218373000
1776218375.095,275.095,0.99,3.74,0.98,10.0,,,,,,,,,0.01,3.74,0.02,10.0,,,619.725957,1776218374000
1776218376.185,276.185,0.99,3.74,0.98,10.0,,,,,,,,,0.01,3.74,0.02,10.0,,,619.719972,1776218375000
1776218377.275,277.275,0.99,3.74,0.98,10.0,,,,,,,,,0.01,3.74,0.02,10.0,,,619.744061,1776218376000
1776218378.359,278.359,0.99,3.74,0.98,10.0,,,,,,,,,0.01,3.74,0.02,10.0,,,619.735836,1776218377000
1776218378.952,278.952,0.99,3.74,0.98,10.0,,,,,,,,,0.01,3.74,0.02,10.0,,,619.735831,1776218378000
1776218380.043,280.043,0.99,3.74,0.98,10.0,,,,,,,,,0.01,3.74,0.02,10.0,,,619.747854,1776218379000
1776218381.082,281.082,0.99,3.74,0.98,10.0,,,,,,,,,0.01,3.74,0.02,10.0,,,619.733549,1776218380000
1776218382.119,282.119,0.99,3.74,0.98,10.0,,,,,,,,,0.01,3.74,0.02,10.0,,,619.73337,1776218381000
1776218383.126,283.126,0.99,3.74,0.98,10.0,,,,,,,,,0.01,3.74,0.02,10.0,,,619.69687,1776218382000
1776218384.692,284.692,0.99,3.74,0.98,10.0,,,,,,,,,0.01,3.74,0.02,10.0,,,619.70135,1776218383000
1776218385.239,285.239,0.99,3.74,0.98,10.0,,,,,,,,,0.01,3.74,0.02,10.0,,,619.73032,1776218384000
1776218386.248,286.248,0.99,3.74,0.98,10.0,,,,,,,,,0.01,3.74,0.02,10.0,,,619.73543,1776218385000
1776218387.251,287.251,0.99,3.74,0.98,10.0,,,,,,,,,0.01,3.74,0.02,10.0,,,619.730741,1776218386000
1776218388.291,288.291,0.99,3.74,0.98,10.0,,,,,,,,,0.01,3.74,0.02,10.0,,,619.727803,1776218387000
1776218389.255,289.255,0.99,3.74,0.98,10.0,,,,,,,,,0.01,3.74,0.02,10.0,,,619.727075,1776218388000
1776218390.258,290.258,0.99,3.74,0.98,10.0,,,,,,,,,0.01,3.74,0.02,10.0,,,619.728088,1776218389000
1776218391.39,291.39,0.99,3.74,0.98,10.0,,,,,,,,,0.01,3.74,0.02,10.0,,,619.728063,1776218390000
1776218391.924,291.924,0.99,3.74,0.98,10.0,,,,,,,,,0.01,3.74,0.02,10.0,,,619.727854,1776218391000
1776218392.963,292.963,0.99,3.74,0.98,10.0,,,,,,,,,0.01,3.74,0.02,10.0,,,619.727863,1776218392000
1776218394.106,294.106,0.99,3.74,0.98,10.0,,,,,,,,,0.01,3.74,0.02,10.0,,,619.72966,1776218393000
1776218395.221,295.221,0.99,3.74,0.98,10.0,,,,,,,,,0.01,3.74,0.02,10.0,,,619.72999,1776218394000
1776218396.236,296.236,0.99,3.74,0.98,10.0,,,,,,,,,0.01,3.74,0.02,10.0,,,619.72495,1776218395000
1776218397.38,297.38,0.99,3.74,0.98,10.0,,,,,,,,,0.01,3.74,0.02,10.0,,,619.72448,1776218396000
1776218398.333,298.333,0.99,3.74,0.98,10.0,,,,,,,,,0.01,3.74,0.02,10.0,,,619.72455,1776218397000
1776218398.945,298.945,0.99,3.74,0.98,10.0,,,,,,,,,0.01,3.74,0.02,10.0,,,619.72516,1776218398000
1776218399.983,299.983,0.99,3.74,0.98,10.0,,,,,,,,,0.01,3.74,0.02,10.0,,,619.73643,1776218399000
1776218401.115,301.115,0.99,3.74,0.98,10.0,,,,,,,,,0.01,3.74,0.02,10.0,,,619.73642,1776218400000
1776218402.25,302.25,0.99,3.74,0.98,10.0,,,,,,,,,0.01,3.74,0.02,10.0,,,619.734893,1776218401000

# RESULT,winner=Up,slug=bnb-updown-5m-1776218100,ticks=313
