timestamp,elapsed_sec,up_bid_p1,up_bid_s1,up_bid_p2,up_bid_s2,up_ask_p1,up_ask_s1,up_ask_p2,up_ask_s2,down_bid_p1,down_bid_s1,down_bid_p2,down_bid_s2,down_ask_p1,down_ask_s1,down_ask_p2,down_ask_s2,up_spread,down_spread,bnb_price,bnb_oracle_ts
1776197411.408,11.408,,,,,,,,,,,,,,,,,,,614.517,1776197410000
1776197411.967,11.967,0.5,10.0,0.49,5.0,0.54,1.0,0.56,5.0,0.46,1.0,0.44,10.0,0.5,10.0,0.51,5.0,0.04,0.04,614.517,1776197410000
1776197413.12,13.12,0.5,10.0,0.49,5.0,0.54,1.0,0.56,5.0,0.46,1.0,0.44,5.0,0.5,10.0,0.51,5.0,0.04,0.04,614.516,1776197412000
1776197414.265,14.265,0.5,10.0,0.49,5.0,0.54,1.0,0.56,5.0,0.46,1.0,0.44,5.0,0.5,10.0,0.51,5.0,0.04,0.04,614.517,1776197413000
1776197415.433,15.433,0.5,10.0,0.49,5.0,0.54,1.0,0.56,5.0,0.46,1.0,0.44,5.0,0.5,10.0,0.51,5.0,0.04,0.04,614.522,1776197414000
1776197415.928,15.928,0.5,10.0,0.49,5.0,0.54,1.0,0.56,5.0,0.46,1.0,0.44,5.0,0.5,10.0,0.51,5.0,0.04,0.04,614.522,1776197415000
1776197417.199,17.199,0.5,10.0,0.49,5.0,0.54,1.0,0.56,5.0,0.46,1.0,0.44,5.0,0.5,10.0,0.51,5.0,0.04,0.04,614.517,1776197416000
1776197418.45,18.45,0.5,10.0,0.49,5.0,0.54,1.0,0.56,5.0,0.46,1.0,0.44,5.0,0.5,10.0,0.51,5.0,0.04,0.04,614.525,1776197417000
1776197419.487,19.487,0.5,10.0,0.49,5.0,0.54,1.0,0.56,5.0,0.46,1.0,0.44,5.0,0.5,10.0,0.51,5.0,0.04,0.04,614.527527,1776197418000
1776197420.79,20.79,0.5,10.0,0.49,5.0,0.54,1.0,0.56,5.0,0.46,1.0,0.44,5.0,0.5,10.0,0.51,5.0,0.04,0.04,614.528912,1776197419000
1776197421.504,21.504,0.5,10.0,0.49,5.0,0.54,1.0,0.56,5.0,0.46,1.0,0.44,5.0,0.5,10.0,0.51,5.0,0.04,0.04,614.528871,1776197420000
1776197422.142,22.142,0.5,10.0,0.49,5.0,0.54,1.0,0.56,5.0,0.46,1.0,0.44,5.0,0.5,10.0,0.51,5.0,0.04,0.04,614.528871,1776197421000
1776197423.519,23.519,0.5,10.0,0.49,5.0,0.54,1.0,0.56,5.0,0.46,1.0,0.44,5.0,0.5,10.0,0.51,5.0,0.04,0.04,614.529732,1776197422000
1776197424.339,24.339,0.5,10.0,0.49,5.0,0.54,1.0,0.56,5.0,0.46,1.0,0.44,5.0,0.5,10.0,0.51,5.0,0.04,0.04,614.529785,1776197423000
1776197425.528,25.528,0.5,10.0,0.49,5.0,0.54,1.0,0.56,5.0,0.46,1.0,0.44,5.0,0.5,10.0,0.51,5.0,0.04,0.04,614.530864,1776197424000
1776197426.205,26.205,0.5,10.0,0.49,5.0,0.54,1.0,0.56,5.0,0.46,1.0,0.44,5.0,0.5,10.0,0.51,5.0,0.04,0.04,614.530811,1776197425000
1776197427.457,27.457,0.5,10.0,0.49,5.0,0.54,1.0,0.56,5.0,0.46,1.0,0.44,5.0,0.5,10.0,0.51,5.0,0.04,0.04,614.530884,1776197426000
1776197428.067,28.067,0.5,10.0,0.49,5.0,0.54,1.0,0.56,5.0,0.46,1.0,0.44,5.0,0.5,10.0,0.51,5.0,0.04,0.04,614.530798,1776197427000
1776197429.293,29.293,0.5,10.0,0.49,5.0,0.54,1.0,0.56,5.0,0.46,1.0,0.44,5.0,0.5,10.0,0.51,5.0,0.04,0.04,614.536565,1776197428000
1776197430.472,30.472,0.5,10.0,0.49,5.0,0.54,1.0,0.56,5.0,0.46,1.0,0.44,5.0,0.5,10.0,0.51,5.0,0.04,0.04,614.54798,1776197429000
1776197431.051,31.051,0.5,10.0,0.49,5.0,0.54,1.0,0.56,5.0,0.46,1.0,0.44,5.0,0.5,10.0,0.51,5.0,0.04,0.04,614.547875,1776197430000
1776197432.318,32.318,0.5,10.0,0.49,5.0,0.54,1.0,0.56,5.0,0.46,1.0,0.44,5.0,0.5,10.0,0.51,5.0,0.04,0.04,614.547874,1776197431000
1776197433.581,33.581,0.5,10.0,0.49,5.0,0.54,1.0,0.56,5.0,0.46,1.0,0.44,5.0,0.5,10.0,0.51,5.0,0.04,0.04,614.546005,1776197432000
1776197434.118,34.118,0.5,10.0,0.49,5.0,0.54,1.0,0.56,5.0,0.46,1.0,0.44,5.0,0.5,10.0,0.51,5.0,0.04,0.04,614.546004,1776197433000
1776197435.114,35.114,0.51,5.0,0.5,15.0,0.6,10.0,0.61,60.0,0.46,1.0,0.44,5.0,0.5,10.0,0.51,5.0,0.09,0.04,614.546004,1776197433000
1776197435.331,35.331,0.51,5.0,0.5,15.0,0.6,10.0,0.61,60.0,0.4,10.0,0.39,60.0,0.49,5.0,0.5,15.0,0.09,0.09,614.546069,1776197434000
1776197436.847,36.847,0.51,5.0,0.5,15.0,0.6,10.0,0.61,60.0,0.4,10.0,0.39,60.0,0.49,5.0,0.5,15.0,0.09,0.09,614.561973,1776197435000
1776197437.793,37.793,0.51,5.0,0.5,15.0,0.6,10.0,0.61,60.0,0.4,10.0,0.39,60.0,0.49,5.0,0.5,15.0,0.09,0.09,614.578,1776197436000
1776197438.754,38.754,0.51,5.0,0.5,15.0,0.6,10.0,0.61,60.0,0.4,10.0,0.39,60.0,0.49,5.0,0.5,15.0,0.09,0.09,614.591,1776197437000
1776197439.56,39.56,0.51,5.0,0.5,15.0,0.6,10.0,0.61,60.0,0.4,10.0,0.39,60.0,0.49,5.0,0.5,15.0,0.09,0.09,614.591,1776197438000
1776197440.337,40.337,0.51,5.0,0.5,15.0,0.6,10.0,0.61,60.0,0.4,10.0,0.39,60.0,0.49,5.0,0.5,15.0,0.09,0.09,614.593478,1776197439000
1776197441.263,41.263,0.51,5.0,0.5,15.0,0.6,10.0,0.61,60.0,0.4,10.0,0.39,60.0,0.49,5.0,0.5,15.0,0.09,0.09,614.593478,1776197440000
1776197442.128,42.128,0.51,5.0,0.5,15.0,0.6,10.0,0.61,60.0,0.4,10.0,0.39,60.0,0.49,5.0,0.5,15.0,0.09,0.09,614.59348,1776197441000
1776197443.744,43.744,0.51,5.0,0.5,15.0,0.6,10.0,0.61,60.0,0.4,10.0,0.39,60.0,0.49,5.0,0.5,15.0,0.09,0.09,614.692,1776197442000
1776197444.572,44.572,0.51,5.0,0.5,15.0,0.6,10.0,0.61,60.0,0.4,10.0,0.39,60.0,0.49,5.0,0.5,15.0,0.09,0.09,614.685445,1776197443000
1776197445.33,45.33,0.51,5.0,0.5,15.0,0.6,10.0,0.61,60.0,0.4,10.0,0.39,60.0,0.49,5.0,0.5,15.0,0.09,0.09,614.685445,1776197444000
1776197446.386,46.386,0.6,5.0,0.59,5.0,0.68,8.0,0.7,5.0,0.4,10.0,0.39,60.0,0.49,5.0,0.5,15.0,0.08,0.09,614.685445,1776197444000
1776197446.787,46.787,0.6,5.0,0.59,5.0,0.68,8.0,0.7,5.0,0.32,8.0,0.3,5.0,0.4,5.0,0.41,5.0,0.08,0.08,614.702031,1776197445000
1776197447.545,47.545,0.6,5.0,0.59,5.0,0.68,8.0,0.7,5.0,0.32,8.0,0.3,5.0,0.4,5.0,0.41,5.0,0.08,0.08,614.702031,1776197446000
1776197448.316,48.316,0.6,5.0,0.59,5.0,0.68,8.0,0.7,5.0,0.32,8.0,0.3,5.0,0.4,5.0,0.41,5.0,0.08,0.08,614.702764,1776197447000
1776197449.209,49.209,0.6,5.0,0.59,5.0,0.68,8.0,0.7,5.0,0.32,8.0,0.3,5.0,0.4,5.0,0.41,5.0,0.08,0.08,614.708359,1776197448000
1776197450.831,50.831,0.6,5.0,0.59,5.0,0.68,8.0,0.7,5.0,0.32,8.0,0.3,5.0,0.4,5.0,0.41,5.0,0.08,0.08,614.708359,1776197449000
1776197451.677,51.677,0.6,5.0,0.59,5.0,0.7,5.0,0.71,60.0,0.32,8.0,0.3,5.0,0.4,5.0,0.41,5.0,0.1,0.08,614.708359,1776197449000
1776197452.36,52.36,0.6,5.0,0.59,5.0,0.7,5.0,0.71,60.0,0.3,5.0,0.29,60.0,0.4,5.0,0.41,5.0,0.1,0.1,614.708027,1776197451000
1776197453.178,53.178,0.6,5.0,0.59,5.0,0.7,5.0,0.71,60.0,0.3,5.0,0.29,60.0,0.4,5.0,0.41,5.0,0.1,0.1,614.708027,1776197452000
1776197454.658,54.658,0.6,5.0,0.59,5.0,0.7,5.0,0.71,60.0,0.3,5.0,0.29,60.0,0.4,5.0,0.41,5.0,0.1,0.1,614.69018,1776197453000
1776197455.774,55.774,0.6,5.0,0.59,5.0,0.7,5.0,0.71,60.0,0.3,5.0,0.29,60.0,0.4,5.0,0.41,5.0,0.1,0.1,614.69018,1776197454000
1776197456.457,56.457,0.6,5.0,0.59,5.0,0.7,5.0,0.71,60.0,0.3,5.0,0.29,60.0,0.4,5.0,0.41,5.0,0.1,0.1,614.655641,1776197455000
1776197457.173,57.173,0.6,5.0,0.59,5.0,0.7,5.0,0.71,60.0,0.3,5.0,0.29,60.0,0.4,5.0,0.41,5.0,0.1,0.1,614.655641,1776197456000
1776197458.441,58.441,0.6,5.0,0.59,5.0,0.7,5.0,0.71,60.0,0.3,5.0,0.29,60.0,0.4,5.0,0.41,5.0,0.1,0.1,614.667,1776197457000
1776197459.121,59.121,0.6,5.0,0.59,5.0,0.7,5.0,0.71,60.0,0.3,5.0,0.29,60.0,0.4,5.0,0.41,5.0,0.1,0.1,614.667,1776197458000
1776197460.258,60.258,0.6,5.0,0.59,5.0,0.7,5.0,0.71,60.0,0.3,5.0,0.29,60.0,0.4,5.0,0.41,5.0,0.1,0.1,614.665,1776197459000
1776197460.949,60.949,0.6,5.0,0.59,5.0,0.7,5.0,0.71,60.0,0.3,5.0,0.29,60.0,0.4,5.0,0.41,5.0,0.1,0.1,614.674,1776197460000
1776197462.892,62.892,0.6,5.0,0.59,5.0,0.7,5.0,0.71,60.0,0.3,5.0,0.29,60.0,0.4,5.0,0.41,5.0,0.1,0.1,614.675,1776197461000
1776197463.745,63.745,0.6,5.0,0.59,5.0,0.7,5.0,0.71,60.0,0.3,5.0,0.29,60.0,0.4,5.0,0.41,5.0,0.1,0.1,614.636283,1776197462000
1776197464.388,64.388,0.6,5.0,0.59,5.0,0.7,5.0,0.71,60.0,0.3,5.0,0.29,60.0,0.4,5.0,0.41,5.0,0.1,0.1,614.635044,1776197463000
1776197465.241,65.241,0.6,5.0,0.59,5.0,0.7,5.0,0.71,60.0,0.3,5.0,0.29,60.0,0.4,5.0,0.41,5.0,0.1,0.1,614.587729,1776197464000
1776197466.523,66.523,0.6,5.0,0.59,5.0,0.7,5.0,0.71,60.0,0.3,5.0,0.29,60.0,0.4,5.0,0.41,5.0,0.1,0.1,614.537267,1776197465000
1776197467.302,67.302,0.6,5.0,0.59,5.0,0.7,5.0,0.71,60.0,0.3,5.0,0.29,60.0,0.4,5.0,0.41,5.0,0.1,0.1,614.498,1776197466000
1776197468.692,68.692,0.6,5.0,0.59,5.0,0.7,5.0,0.71,60.0,0.3,5.0,0.29,60.0,0.4,5.0,0.41,5.0,0.1,0.1,614.452914,1776197467000
1776197469.502,69.502,0.6,5.0,0.59,5.0,0.7,5.0,0.71,60.0,0.3,5.0,0.29,60.0,0.4,5.0,0.41,5.0,0.1,0.1,614.452914,1776197468000
1776197470.182,70.182,0.6,5.0,0.59,5.0,0.7,5.0,0.71,60.0,0.3,5.0,0.29,60.0,0.4,5.0,0.41,5.0,0.1,0.1,614.452914,1776197469000
1776197471.537,71.537,0.6,5.0,0.59,5.0,0.7,5.0,0.71,60.0,0.3,5.0,0.29,60.0,0.4,5.0,0.41,5.0,0.1,0.1,614.453372,1776197470000
1776197472.204,72.204,0.6,5.0,0.59,5.0,0.7,5.0,0.71,60.0,0.3,5.0,0.29,60.0,0.4,5.0,0.41,5.0,0.1,0.1,614.453372,1776197471000
1776197474.071,74.071,0.6,5.0,0.59,5.0,0.7,5.0,0.71,60.0,0.3,5.0,0.29,60.0,0.4,5.0,0.41,5.0,0.1,0.1,614.453372,1776197472000
1776197474.637,74.637,0.6,5.0,0.59,5.0,0.7,5.0,0.71,60.0,0.3,5.0,0.29,60.0,0.4,5.0,0.41,5.0,0.1,0.1,614.453372,1776197473000
1776197475.272,75.272,0.6,5.0,0.59,5.0,0.7,5.0,0.71,60.0,0.3,5.0,0.29,60.0,0.4,5.0,0.41,5.0,0.1,0.1,614.453372,1776197474000
1776197475.518,75.518,0.5,4.37,0.49,5.0,0.51,50.0,0.52,10.4,0.3,5.0,0.29,60.0,0.4,5.0,0.41,5.0,0.01,0.1,614.453372,1776197474000
1776197476.51,76.51,0.5,4.37,0.49,5.0,0.51,50.0,0.52,10.4,0.49,50.0,0.48,10.4,0.5,4.37,0.51,5.0,0.01,0.01,614.453372,1776197475000
1776197477.052,77.052,0.5,4.37,0.49,5.0,0.51,50.0,0.52,10.4,0.49,50.0,0.48,10.4,0.5,4.37,0.51,5.0,0.01,0.01,614.453372,1776197476000
1776197478.199,78.199,0.5,4.37,0.49,5.0,0.51,50.0,0.52,10.4,0.49,50.0,0.48,10.4,0.5,4.37,0.51,5.0,0.01,0.01,614.453372,1776197477000
1776197478.766,78.766,0.42,5.0,0.4,5.0,0.51,60.4,0.52,10.4,0.49,50.0,0.48,10.4,0.5,4.37,0.51,5.0,0.09,0.01,614.453372,1776197477000
1776197479.272,79.272,0.42,5.0,0.4,5.0,0.51,60.4,0.52,10.4,0.49,60.4,0.48,10.4,0.58,5.0,0.6,5.0,0.09,0.09,614.452914,1776197478000
1776197480.5,80.5,0.42,5.0,0.4,5.0,0.51,60.4,0.52,10.4,0.49,60.4,0.48,10.4,0.58,5.0,0.6,5.0,0.09,0.09,614.452914,1776197479000
1776197481.038,81.038,0.42,5.0,0.4,5.0,0.51,60.4,0.52,10.4,0.49,60.4,0.48,10.4,0.58,5.0,0.6,5.0,0.09,0.09,614.452914,1776197480000
1776197482.18,82.18,0.42,5.0,0.4,5.0,0.51,60.4,0.52,10.4,0.49,60.4,0.48,10.4,0.58,5.0,0.6,5.0,0.09,0.09,614.451998,1776197481000
1776197483.24,83.24,0.42,5.0,0.4,5.0,0.51,60.4,0.52,10.4,0.49,60.4,0.48,10.4,0.58,5.0,0.6,5.0,0.09,0.09,614.451998,1776197482000
1776197484.578,84.578,0.42,5.0,0.4,5.0,0.51,60.4,0.52,10.4,0.49,60.4,0.48,10.4,0.58,5.0,0.6,5.0,0.09,0.09,614.452914,1776197483000
1776197485.115,85.115,0.42,5.0,0.4,5.0,0.51,60.4,0.52,10.4,0.49,60.4,0.48,10.4,0.58,5.0,0.6,5.0,0.09,0.09,614.452456,1776197484000
1776197486.233,86.233,0.42,5.0,0.4,5.0,0.51,60.4,0.52,10.4,0.49,60.4,0.48,10.4,0.58,5.0,0.6,5.0,0.09,0.09,614.452227,1776197485000
1776197487.288,87.288,0.42,5.0,0.4,5.0,0.51,60.4,0.52,10.4,0.49,60.4,0.48,10.4,0.58,5.0,0.6,5.0,0.09,0.09,614.452685,1776197486000
1776197488.885,88.885,0.42,5.0,0.4,5.0,0.51,60.4,0.52,10.4,0.49,60.4,0.48,10.4,0.58,5.0,0.6,5.0,0.09,0.09,614.453372,1776197487000
1776197489.504,89.504,0.42,5.0,0.4,5.0,0.51,60.4,0.52,10.4,0.49,60.4,0.48,10.4,0.58,5.0,0.6,5.0,0.09,0.09,614.453372,1776197488000
1776197489.958,89.958,0.42,5.0,0.4,5.0,0.51,60.4,0.52,10.4,0.49,60.4,0.48,10.4,0.58,5.0,0.6,5.0,0.09,0.09,614.452685,1776197489000
1776197491.104,91.104,0.42,5.0,0.4,5.0,0.51,60.4,0.52,10.4,0.49,60.4,0.48,10.4,0.58,5.0,0.6,5.0,0.09,0.09,614.452685,1776197490000
1776197492.054,92.054,0.42,5.0,0.4,5.0,0.51,60.4,0.52,10.4,0.49,60.4,0.48,10.4,0.58,5.0,0.6,5.0,0.09,0.09,614.452685,1776197491000
1776197493.148,93.148,0.42,5.0,0.4,5.0,0.51,60.4,0.52,10.4,0.49,60.4,0.48,10.4,0.58,5.0,0.6,5.0,0.09,0.09,614.481,1776197492000
1776197494.229,94.229,0.42,5.0,0.4,5.0,0.51,60.4,0.52,10.4,0.49,60.4,0.48,10.4,0.58,5.0,0.6,5.0,0.09,0.09,614.489,1776197493000
1776197495.216,95.216,0.42,5.0,0.4,5.0,0.51,60.4,0.52,10.4,0.49,60.4,0.48,10.4,0.58,5.0,0.6,5.0,0.09,0.09,614.498,1776197494000
1776197496.227,96.227,0.42,5.0,0.4,5.0,0.51,60.4,0.52,10.4,0.49,60.4,0.48,10.4,0.58,5.0,0.6,5.0,0.09,0.09,614.502,1776197495000
1776197497.293,97.293,0.42,5.0,0.4,5.0,0.51,60.4,0.52,10.4,0.49,60.4,0.48,10.4,0.58,5.0,0.6,5.0,0.09,0.09,614.503,1776197496000
1776197498.168,98.168,0.42,5.0,0.4,5.0,0.51,60.4,0.52,10.4,0.49,60.4,0.48,10.4,0.58,5.0,0.6,5.0,0.09,0.09,614.503,1776197497000
1776197499.18,99.18,0.42,5.0,0.4,5.0,0.51,60.4,0.52,10.4,0.49,60.4,0.48,10.4,0.58,5.0,0.6,5.0,0.09,0.09,614.501,1776197498000
1776197500.281,100.281,0.42,5.0,0.4,5.0,0.51,60.4,0.52,10.4,0.49,60.4,0.48,10.4,0.58,5.0,0.6,5.0,0.09,0.09,614.503,1776197499000
1776197501.328,101.328,0.42,5.0,0.4,5.0,0.51,60.4,0.52,10.4,0.49,60.4,0.48,10.4,0.58,5.0,0.6,5.0,0.09,0.09,614.505,1776197500000
1776197502.617,102.617,0.42,5.0,0.4,5.0,0.51,60.4,0.52,10.4,0.49,60.4,0.48,10.4,0.58,5.0,0.6,5.0,0.09,0.09,614.505,1776197501000
1776197503.283,103.283,0.42,5.0,0.4,5.0,0.51,60.4,0.52,10.4,0.49,60.4,0.48,10.4,0.58,5.0,0.6,5.0,0.09,0.09,614.552069,1776197502000
1776197504.441,104.441,0.42,5.0,0.4,5.0,0.51,60.4,0.52,10.4,0.49,60.4,0.48,10.4,0.58,5.0,0.6,5.0,0.09,0.09,614.635,1776197503000
1776197504.997,104.997,0.42,5.0,0.4,5.0,0.51,60.4,0.52,10.4,0.49,60.4,0.48,10.4,0.58,5.0,0.6,5.0,0.09,0.09,614.635,1776197504000
1776197506.245,106.245,0.42,5.0,0.4,5.0,0.51,60.4,0.52,10.4,0.49,60.4,0.48,10.4,0.58,5.0,0.6,5.0,0.09,0.09,614.646,1776197505000
1776197507.38,107.38,0.42,5.0,0.4,5.0,0.51,60.4,0.52,10.4,0.49,60.4,0.48,10.4,0.58,5.0,0.6,5.0,0.09,0.09,614.641,1776197506000
1776197508.048,108.048,0.42,5.0,0.4,5.0,0.51,60.4,0.52,10.4,0.49,60.4,0.48,10.4,0.58,5.0,0.6,5.0,0.09,0.09,614.636,1776197507000
1776197509.075,109.075,0.42,5.0,0.4,5.0,0.51,60.4,0.52,10.4,0.49,60.4,0.48,10.4,0.58,5.0,0.6,5.0,0.09,0.09,614.634,1776197508000
1776197510.168,110.168,0.42,5.0,0.4,5.0,0.51,60.4,0.52,10.4,0.49,60.4,0.48,10.4,0.58,5.0,0.6,5.0,0.09,0.09,614.634,1776197509000
1776197511.254,111.254,0.42,5.0,0.4,5.0,0.51,60.4,0.52,10.4,0.49,60.4,0.48,10.4,0.58,5.0,0.6,5.0,0.09,0.09,614.633,1776197510000
1776197511.893,111.893,0.42,5.0,0.4,5.0,0.51,60.4,0.52,10.4,0.49,60.4,0.48,10.4,0.58,5.0,0.6,5.0,0.09,0.09,614.63,1776197511000
1776197513.032,113.032,0.42,5.0,0.4,5.0,0.51,60.4,0.52,10.4,0.49,60.4,0.48,10.4,0.58,5.0,0.6,5.0,0.09,0.09,614.63,1776197512000
1776197513.371,113.371,0.59,10.7,0.58,10.7,0.64,3.94,0.66,5.0,0.49,60.4,0.48,10.4,0.58,5.0,0.6,5.0,0.05,0.09,614.63,1776197512000
1776197514.219,114.219,0.59,10.7,0.58,10.7,0.64,3.94,0.66,5.0,0.36,3.94,0.34,5.0,0.41,10.7,0.42,10.7,0.05,0.05,614.621,1776197513000
1776197515.321,115.321,0.59,10.7,0.58,10.7,0.64,3.94,0.66,5.0,0.36,3.94,0.34,5.0,0.41,10.7,0.42,10.7,0.05,0.05,614.621,1776197514000
1776197515.896,115.896,0.59,10.7,0.58,10.7,0.64,3.94,0.66,5.0,0.36,3.94,0.34,5.0,0.41,10.7,0.42,10.7,0.05,0.05,614.609,1776197515000
1776197517.885,117.885,0.59,10.7,0.58,10.7,0.64,3.94,0.66,5.0,0.36,3.94,0.34,5.0,0.41,10.7,0.42,10.7,0.05,0.05,614.595499,1776197516000
1776197518.437,118.437,0.59,10.7,0.58,10.7,0.64,3.94,0.66,5.0,0.36,3.94,0.34,5.0,0.41,10.7,0.42,10.7,0.05,0.05,614.595655,1776197517000
1776197519.028,119.028,0.59,10.7,0.58,10.7,0.64,3.94,0.66,5.0,0.36,3.94,0.34,5.0,0.41,10.7,0.42,10.7,0.05,0.05,614.595655,1776197518000
1776197520.131,120.131,0.59,10.7,0.58,10.7,0.64,3.94,0.66,5.0,0.36,3.94,0.34,5.0,0.41,10.7,0.42,10.7,0.05,0.05,614.615,1776197519000
1776197521.247,121.247,0.59,10.7,0.58,10.7,0.64,3.94,0.66,5.0,0.36,3.94,0.34,5.0,0.41,10.7,0.42,10.7,0.05,0.05,614.616,1776197520000
1776197522.313,122.313,0.59,10.7,0.58,10.7,0.64,3.94,0.66,5.0,0.36,3.94,0.34,5.0,0.41,10.7,0.42,10.7,0.05,0.05,614.614,1776197521000
1776197523.425,123.425,0.59,10.7,0.58,10.7,0.64,3.94,0.66,5.0,0.36,3.94,0.34,5.0,0.41,10.7,0.42,10.7,0.05,0.05,614.614,1776197522000
1776197524.076,124.076,0.59,10.7,0.58,10.7,0.64,3.94,0.66,5.0,0.36,3.94,0.34,5.0,0.41,10.7,0.42,10.7,0.05,0.05,614.614,1776197523000
1776197525.292,125.292,0.59,10.7,0.58,10.7,0.64,3.94,0.66,5.0,0.36,3.94,0.34,5.0,0.41,10.7,0.42,10.7,0.05,0.05,614.617,1776197524000
1776197526.507,126.507,0.59,10.7,0.58,10.7,0.64,3.94,0.66,5.0,0.36,3.94,0.34,5.0,0.41,10.7,0.42,10.7,0.05,0.05,614.598,1776197525000
1776197527.101,127.101,0.59,10.7,0.58,10.7,0.64,3.94,0.66,5.0,0.36,3.94,0.34,5.0,0.41,10.7,0.42,10.7,0.05,0.05,614.599,1776197526000
1776197528.235,128.235,0.59,10.7,0.58,10.7,0.64,3.94,0.66,5.0,0.36,3.94,0.34,5.0,0.41,10.7,0.42,10.7,0.05,0.05,614.606,1776197527000
1776197529.558,129.558,0.59,10.7,0.58,10.7,0.64,3.94,0.66,5.0,0.36,3.94,0.34,5.0,0.41,10.7,0.42,10.7,0.05,0.05,614.601,1776197528000
1776197530.079,130.079,0.59,10.7,0.58,10.7,0.64,3.94,0.66,5.0,0.36,3.94,0.34,5.0,0.41,10.7,0.42,10.7,0.05,0.05,614.601,1776197529000
1776197531.192,131.192,0.59,10.7,0.58,10.7,0.64,3.94,0.66,5.0,0.36,3.94,0.34,5.0,0.41,10.7,0.42,10.7,0.05,0.05,614.598,1776197530000
1776197532.879,132.879,0.59,10.7,0.58,10.7,0.64,3.94,0.66,5.0,0.36,3.94,0.34,5.0,0.41,10.7,0.42,10.7,0.05,0.05,614.61,1776197531000
1776197533.455,133.455,0.59,10.7,0.58,10.7,0.64,3.94,0.66,5.0,0.36,3.94,0.34,5.0,0.41,10.7,0.42,10.7,0.05,0.05,614.614,1776197532000
1776197534.019,134.019,0.59,10.7,0.58,10.7,0.64,3.94,0.66,5.0,0.36,3.94,0.34,5.0,0.41,10.7,0.42,10.7,0.05,0.05,614.614,1776197533000
1776197535.161,135.161,0.59,10.7,0.58,10.7,0.64,3.94,0.66,5.0,0.36,3.94,0.34,5.0,0.41,10.7,0.42,10.7,0.05,0.05,614.617,1776197534000
1776197536.15,136.15,0.59,10.7,0.58,10.7,0.64,3.94,0.66,5.0,0.36,3.94,0.34,5.0,0.41,10.7,0.42,10.7,0.05,0.05,614.621,1776197535000
1776197537.226,137.226,0.59,10.7,0.58,10.7,0.64,3.94,0.66,5.0,0.36,3.94,0.34,5.0,0.41,10.7,0.42,10.7,0.05,0.05,614.619,1776197536000
1776197538.389,138.389,0.59,10.7,0.58,10.7,0.64,3.94,0.66,5.0,0.36,3.94,0.34,5.0,0.41,10.7,0.42,10.7,0.05,0.05,614.616,1776197537000
1776197538.897,138.897,0.59,10.7,0.58,10.7,0.64,3.94,0.66,5.0,0.36,3.94,0.34,5.0,0.41,10.7,0.42,10.7,0.05,0.05,614.616,1776197538000
1776197540.032,140.032,0.61,10.9,0.6,15.8,0.63,5.0,0.64,3.94,0.36,3.94,0.34,5.0,0.41,10.7,0.42,10.7,0.02,0.05,614.616,1776197538000
1776197540.272,140.272,0.61,10.9,0.6,15.8,0.64,3.94,0.71,50.0,0.37,5.0,0.36,3.94,0.39,10.9,0.4,15.8,0.03,0.02,614.617,1776197539000
1776197540.992,140.992,0.61,10.9,0.6,15.8,0.64,3.94,0.71,50.0,0.36,3.94,0.29,50.0,0.39,10.9,0.4,15.8,0.03,0.03,614.648517,1776197540000
1776197542.076,142.076,0.61,10.9,0.6,15.8,0.64,3.94,0.71,50.0,0.36,3.94,0.29,50.0,0.39,10.9,0.4,15.8,0.03,0.03,614.648602,1776197541000
1776197542.339,142.339,0.62,11.0,0.61,10.9,0.64,3.94,0.71,50.0,0.36,3.94,0.29,50.0,0.39,10.9,0.4,15.8,0.02,0.03,614.648602,1776197541000
1776197543.237,143.237,0.62,11.0,0.61,10.9,0.64,3.94,0.71,50.0,0.36,3.94,0.29,50.0,0.38,11.0,0.39,10.9,0.02,0.02,614.652,1776197542000
1776197544.246,144.246,0.62,11.0,0.61,10.9,0.64,3.94,0.71,50.0,0.36,3.94,0.29,50.0,0.38,11.0,0.39,10.9,0.02,0.02,614.64911,1776197543000
1776197545.202,145.202,0.63,11.2,0.62,16.0,0.64,2.91,0.75,10.0,0.36,2.91,0.25,10.0,0.37,11.2,0.38,16.0,0.01,0.01,614.681,1776197544000
1776197546.798,146.798,0.63,11.2,0.62,16.0,0.64,2.91,0.75,10.0,0.36,2.91,0.25,10.0,0.37,11.2,0.38,16.0,0.01,0.01,614.67842,1776197545000
1776197547.492,147.492,0.63,11.2,0.62,16.0,0.64,2.91,0.75,10.0,0.36,2.91,0.25,10.0,0.37,11.2,0.38,16.0,0.01,0.01,614.67842,1776197546000
1776197548.43,148.43,0.63,11.2,0.62,16.0,0.64,2.91,0.75,10.0,0.36,2.91,0.25,10.0,0.37,11.2,0.38,16.0,0.01,0.01,614.677087,1776197547000
1776197549.015,149.015,0.63,11.2,0.62,16.0,0.64,2.91,0.75,10.0,0.36,2.91,0.25,10.0,0.37,11.2,0.38,16.0,0.01,0.01,614.683,1776197548000
1776197550.167,150.167,0.63,11.2,0.62,16.0,0.64,2.91,0.75,10.0,0.36,2.91,0.25,10.0,0.37,11.2,0.38,16.0,0.01,0.01,614.687377,1776197549000
1776197551.627,151.627,0.63,11.2,0.62,16.0,0.64,2.91,0.75,10.0,0.36,2.91,0.25,10.0,0.37,11.2,0.38,16.0,0.01,0.01,614.703,1776197550000
1776197552.437,152.437,0.63,11.2,0.62,16.0,0.64,2.91,0.75,10.0,0.36,2.91,0.25,10.0,0.37,11.2,0.38,16.0,0.01,0.01,614.708,1776197551000
1776197553.129,153.129,0.63,11.2,0.62,16.0,0.64,2.91,0.75,10.0,0.36,2.91,0.25,10.0,0.37,11.2,0.38,16.0,0.01,0.01,614.708,1776197552000
1776197553.564,153.564,0.63,50.2,0.62,11.0,0.77,5.0,0.78,5.0,0.36,2.91,0.25,10.0,0.37,11.2,0.38,16.0,0.14,0.01,614.708,1776197552000
1776197554.476,154.476,0.63,50.2,0.62,11.0,0.77,5.0,0.78,5.0,0.23,5.0,0.22,5.0,0.37,50.2,0.38,11.0,0.14,0.14,614.705,1776197553000
1776197555.255,155.255,0.63,50.2,0.62,11.0,0.77,5.0,0.78,5.0,0.23,5.0,0.22,5.0,0.37,50.2,0.38,11.0,0.14,0.14,614.768167,1776197554000
1776197556.449,156.449,0.63,50.2,0.62,11.0,0.77,5.0,0.78,5.0,0.23,5.0,0.22,5.0,0.37,50.2,0.38,11.0,0.14,0.14,614.768167,1776197555000
1776197557.086,157.086,0.63,50.2,0.62,11.0,0.77,5.0,0.78,5.0,0.23,5.0,0.22,5.0,0.37,50.2,0.38,11.0,0.14,0.14,614.768167,1776197556000
1776197558.408,158.408,0.63,50.2,0.62,11.0,0.77,5.0,0.78,5.0,0.23,5.0,0.22,5.0,0.37,50.2,0.38,11.0,0.14,0.14,614.768167,1776197557000
1776197559.106,159.106,0.63,50.2,0.62,11.0,0.77,5.0,0.78,5.0,0.23,5.0,0.22,5.0,0.37,50.2,0.38,11.0,0.14,0.14,614.768167,1776197558000
1776197560.327,160.327,0.63,50.2,0.62,11.0,0.77,5.0,0.78,5.0,0.23,5.0,0.22,5.0,0.37,50.2,0.38,11.0,0.14,0.14,614.794522,1776197559000
1776197561.12,161.12,0.63,50.2,0.62,11.0,0.77,5.0,0.78,5.0,0.23,5.0,0.22,5.0,0.37,50.2,0.38,11.0,0.14,0.14,614.794522,1776197560000
1776197562.495,162.495,0.63,50.2,0.62,11.0,0.77,5.0,0.78,5.0,0.23,5.0,0.22,5.0,0.37,50.2,0.38,11.0,0.14,0.14,614.794522,1776197561000
1776197563.217,163.217,0.63,50.2,0.62,11.0,0.77,5.0,0.78,5.0,0.23,5.0,0.22,5.0,0.37,50.2,0.38,11.0,0.14,0.14,614.794522,1776197562000
1776197564.266,164.266,0.63,50.2,0.62,11.0,0.77,5.0,0.78,5.0,0.23,5.0,0.22,5.0,0.37,50.2,0.38,11.0,0.14,0.14,614.794522,1776197563000
1776197565.421,165.421,0.63,50.2,0.62,11.0,0.77,5.0,0.78,5.0,0.23,5.0,0.22,5.0,0.37,50.2,0.38,11.0,0.14,0.14,614.794522,1776197564000
1776197565.981,165.981,0.63,50.2,0.62,11.0,0.77,5.0,0.78,5.0,0.23,5.0,0.22,5.0,0.37,50.2,0.38,11.0,0.14,0.14,614.794522,1776197565000
1776197567.086,167.086,0.63,50.2,0.62,11.0,0.77,5.0,0.78,5.0,0.23,5.0,0.22,5.0,0.37,50.2,0.38,11.0,0.14,0.14,614.794522,1776197566000
1776197568.183,168.183,0.63,50.2,0.62,11.0,0.77,5.0,0.78,5.0,0.23,5.0,0.22,5.0,0.37,50.2,0.38,11.0,0.14,0.14,614.794522,1776197567000
1776197569.362,169.362,0.63,50.2,0.62,11.0,0.77,5.0,0.78,5.0,0.23,5.0,0.22,5.0,0.37,50.2,0.38,11.0,0.14,0.14,614.792818,1776197568000
1776197569.984,169.984,0.63,50.2,0.62,11.0,0.77,5.0,0.78,5.0,0.23,5.0,0.22,5.0,0.37,50.2,0.38,11.0,0.14,0.14,614.794391,1776197569000
1776197571.154,171.154,0.63,50.2,0.62,11.0,0.77,5.0,0.78,5.0,0.23,5.0,0.22,5.0,0.37,50.2,0.38,11.0,0.14,0.14,614.822,1776197570000
1776197572.172,172.172,0.63,50.2,0.62,11.0,0.77,5.0,0.78,5.0,0.23,5.0,0.22,5.0,0.37,50.2,0.38,11.0,0.14,0.14,614.820739,1776197571000
1776197573.264,173.264,0.63,50.2,0.62,11.0,0.77,5.0,0.78,5.0,0.23,5.0,0.22,5.0,0.37,50.2,0.38,11.0,0.14,0.14,614.82072,1776197572000
1776197574.488,174.488,0.63,50.2,0.62,11.0,0.77,5.0,0.78,5.0,0.23,5.0,0.22,5.0,0.37,50.2,0.38,11.0,0.14,0.14,614.82072,1776197573000
1776197575.021,175.021,0.63,50.2,0.62,11.0,0.77,5.0,0.78,5.0,0.23,5.0,0.22,5.0,0.37,50.2,0.38,11.0,0.14,0.14,614.82072,1776197574000
1776197576.052,176.052,0.63,50.2,0.62,11.0,0.77,5.0,0.78,5.0,0.23,5.0,0.22,5.0,0.37,50.2,0.38,11.0,0.14,0.14,614.82072,1776197575000
1776197577.067,177.067,0.63,50.2,0.62,11.0,0.77,5.0,0.78,5.0,0.23,5.0,0.22,5.0,0.37,50.2,0.38,11.0,0.14,0.14,614.82072,1776197576000
1776197578.868,178.868,0.63,50.2,0.62,11.0,0.77,5.0,0.78,5.0,0.23,5.0,0.22,5.0,0.37,50.2,0.38,11.0,0.14,0.14,614.82072,1776197577000
1776197579.342,179.342,0.63,50.2,0.62,11.0,0.77,5.0,0.78,5.0,0.23,5.0,0.22,5.0,0.37,50.2,0.38,11.0,0.14,0.14,614.82072,1776197578000
1776197579.828,179.828,0.63,50.2,0.62,11.0,0.77,5.0,0.78,5.0,0.23,5.0,0.22,5.0,0.37,50.2,0.38,11.0,0.14,0.14,614.82072,1776197579000
1776197580.91,180.91,0.63,50.2,0.62,11.0,0.77,5.0,0.78,5.0,0.23,5.0,0.22,5.0,0.37,50.2,0.38,11.0,0.14,0.14,614.82072,1776197580000
1776197582.041,182.041,0.63,50.2,0.62,11.0,0.77,5.0,0.78,5.0,0.23,5.0,0.22,5.0,0.37,50.2,0.38,11.0,0.14,0.14,614.82072,1776197581000
1776197583.193,183.193,0.63,50.2,0.62,11.0,0.77,5.0,0.78,5.0,0.23,5.0,0.22,5.0,0.37,50.2,0.38,11.0,0.14,0.14,614.82072,1776197582000
1776197584.226,184.226,0.63,50.2,0.62,11.0,0.77,5.0,0.78,5.0,0.23,5.0,0.22,5.0,0.37,50.2,0.38,11.0,0.14,0.14,614.82072,1776197583000
1776197585.328,185.328,0.63,50.2,0.62,11.0,0.77,5.0,0.78,5.0,0.23,5.0,0.22,5.0,0.37,50.2,0.38,11.0,0.14,0.14,614.82072,1776197584000
1776197586.357,186.357,0.63,50.2,0.62,11.0,0.77,5.0,0.78,5.0,0.23,5.0,0.22,5.0,0.37,50.2,0.38,11.0,0.14,0.14,614.82072,1776197585000
1776197587.432,187.432,0.63,50.2,0.62,11.0,0.77,5.0,0.78,5.0,0.23,5.0,0.22,5.0,0.37,50.2,0.38,11.0,0.14,0.14,614.82072,1776197586000
1776197588.359,188.359,0.63,50.2,0.62,11.0,0.77,5.0,0.78,5.0,0.23,5.0,0.22,5.0,0.37,50.2,0.38,11.0,0.14,0.14,614.805188,1776197587000
1776197588.958,188.958,0.63,50.2,0.62,11.0,0.77,5.0,0.78,5.0,0.23,5.0,0.22,5.0,0.37,50.2,0.38,11.0,0.14,0.14,614.805188,1776197588000
1776197590.002,190.002,0.63,50.2,0.62,11.0,0.77,5.0,0.78,5.0,0.23,5.0,0.22,5.0,0.37,50.2,0.38,11.0,0.14,0.14,614.804241,1776197589000
1776197591.05,191.05,0.63,50.2,0.62,11.0,0.77,5.0,0.78,5.0,0.23,5.0,0.22,5.0,0.37,50.2,0.38,11.0,0.14,0.14,614.804757,1776197590000
1776197592.692,192.692,0.63,50.2,0.62,11.0,0.77,5.0,0.78,5.0,0.23,5.0,0.22,5.0,0.37,50.2,0.38,11.0,0.14,0.14,614.788529,1776197591000
1776197592.943,192.943,0.73,10.0,0.72,12.9,0.81,48.76,0.82,5.0,0.23,5.0,0.22,5.0,0.37,50.2,0.38,11.0,0.08,0.14,614.788529,1776197591000
1776197593.214,193.214,0.73,10.0,0.72,12.9,0.81,48.76,0.82,5.0,0.19,48.76,0.18,5.0,0.27,10.0,0.28,12.9,0.08,0.08,614.724087,1776197592000
1776197594.272,194.272,0.73,10.0,0.72,12.9,0.81,48.76,0.82,5.0,0.19,48.76,0.18,5.0,0.27,10.0,0.28,12.9,0.08,0.08,614.724087,1776197593000
1776197595.375,195.375,0.73,10.0,0.72,12.9,0.81,48.76,0.82,5.0,0.19,48.76,0.18,5.0,0.27,10.0,0.28,12.9,0.08,0.08,614.724161,1776197594000
1776197595.955,195.955,0.73,10.0,0.72,12.9,0.81,48.76,0.82,5.0,0.19,48.76,0.18,5.0,0.27,10.0,0.28,12.9,0.08,0.08,614.724161,1776197595000
1776197597.045,197.045,0.73,10.0,0.72,12.9,0.81,48.76,0.82,5.0,0.19,48.76,0.18,5.0,0.27,10.0,0.28,12.9,0.08,0.08,614.724161,1776197596000
1776197598.128,198.128,0.73,10.0,0.72,12.9,0.81,48.76,0.82,5.0,0.19,48.76,0.18,5.0,0.27,10.0,0.28,12.9,0.08,0.08,614.724161,1776197597000
1776197599.192,199.192,0.73,10.0,0.72,12.9,0.81,48.76,0.82,5.0,0.19,48.76,0.18,5.0,0.27,10.0,0.28,12.9,0.08,0.08,614.724161,1776197598000
1776197600.345,200.345,0.73,10.0,0.72,12.9,0.81,48.76,0.82,5.0,0.19,48.76,0.18,5.0,0.27,10.0,0.28,12.9,0.08,0.08,614.724161,1776197599000
1776197601.333,201.333,0.73,10.0,0.72,12.9,0.81,48.76,0.82,5.0,0.19,48.76,0.18,5.0,0.27,10.0,0.28,12.9,0.08,0.08,614.724087,1776197600000
1776197601.856,201.856,0.73,10.0,0.72,12.9,0.81,48.76,0.82,5.0,0.19,48.76,0.18,5.0,0.27,10.0,0.28,12.9,0.08,0.08,614.724087,1776197601000
1776197602.912,202.912,0.73,10.0,0.72,12.9,0.81,48.76,0.82,5.0,0.19,48.76,0.18,5.0,0.27,10.0,0.28,12.9,0.08,0.08,614.724087,1776197602000
1776197604.046,204.046,0.73,10.0,0.72,12.9,0.81,48.76,0.82,5.0,0.19,48.76,0.18,5.0,0.27,10.0,0.28,12.9,0.08,0.08,614.724124,1776197603000
1776197604.975,204.975,0.73,10.0,0.72,12.9,0.81,48.76,0.82,5.0,0.19,48.76,0.18,5.0,0.27,10.0,0.28,12.9,0.08,0.08,614.724124,1776197604000
1776197606.556,206.556,0.73,10.0,0.72,12.9,0.81,48.76,0.82,5.0,0.19,48.76,0.18,5.0,0.27,10.0,0.28,12.9,0.08,0.08,614.724124,1776197605000
1776197607.155,207.155,0.73,10.0,0.72,12.9,0.81,48.76,0.82,5.0,0.19,48.76,0.18,5.0,0.27,10.0,0.28,12.9,0.08,0.08,614.724124,1776197606000
1776197607.874,207.874,0.82,17.6,0.81,16.89,0.86,5.0,0.9,28.9,0.19,48.76,0.18,5.0,0.27,10.0,0.28,12.9,0.04,0.08,614.724124,1776197606000
1776197608.238,208.238,0.82,17.6,0.81,16.89,0.86,5.0,0.9,28.9,0.14,5.0,0.1,28.9,0.18,17.6,0.19,16.89,0.04,0.04,614.739,1776197607000
1776197610.067,210.067,0.82,17.6,0.81,16.89,0.86,5.0,0.9,28.9,0.14,5.0,0.1,28.9,0.18,17.6,0.19,16.89,0.04,0.04,614.745,1776197608000
1776197610.572,210.572,0.82,17.6,0.81,16.89,0.86,5.0,0.9,28.9,0.14,5.0,0.1,28.9,0.18,17.6,0.19,16.89,0.04,0.04,614.741,1776197609000
1776197611.355,211.355,0.82,17.6,0.81,16.89,0.86,5.0,0.9,28.9,0.14,5.0,0.1,28.9,0.18,17.6,0.19,16.89,0.04,0.04,614.741,1776197610000
1776197612.019,212.019,0.82,17.6,0.81,16.89,0.86,5.0,0.9,28.9,0.14,5.0,0.1,28.9,0.18,17.6,0.19,16.89,0.04,0.04,614.737,1776197611000
1776197613.377,213.377,0.82,17.6,0.81,16.89,0.86,5.0,0.9,28.9,0.14,5.0,0.1,28.9,0.18,17.6,0.19,16.89,0.04,0.04,614.731,1776197612000
1776197614.023,214.023,0.82,17.6,0.81,16.89,0.86,5.0,0.9,28.9,0.14,5.0,0.1,28.9,0.18,17.6,0.19,16.89,0.04,0.04,614.731,1776197613000
1776197615.38,215.38,0.82,17.6,0.81,16.89,0.86,5.0,0.9,28.9,0.14,5.0,0.1,28.9,0.18,17.6,0.19,16.89,0.04,0.04,614.725,1776197614000
1776197616.56,216.56,0.82,17.6,0.81,16.89,0.86,5.0,0.9,28.9,0.14,5.0,0.1,28.9,0.18,17.6,0.19,16.89,0.04,0.04,614.724142,1776197615000
1776197617.207,217.207,0.82,17.6,0.81,16.89,0.86,5.0,0.9,28.9,0.14,5.0,0.1,28.9,0.18,17.6,0.19,16.89,0.04,0.04,614.724142,1776197616000
1776197618.541,218.541,0.82,17.6,0.81,16.89,0.86,5.0,0.9,28.9,0.14,5.0,0.1,28.9,0.18,17.6,0.19,16.89,0.04,0.04,614.809998,1776197617000
1776197619.244,219.244,0.82,17.6,0.81,16.89,0.86,5.0,0.9,28.9,0.14,5.0,0.1,28.9,0.18,17.6,0.19,16.89,0.04,0.04,614.845,1776197618000
1776197620.36,220.36,0.82,17.6,0.81,16.89,0.86,5.0,0.9,28.9,0.14,5.0,0.1,28.9,0.18,17.6,0.19,16.89,0.04,0.04,614.845,1776197619000
1776197621.212,221.212,0.82,17.6,0.81,16.89,0.86,5.0,0.9,28.9,0.14,5.0,0.1,28.9,0.18,17.6,0.19,16.89,0.04,0.04,614.838,1776197620000
1776197621.919,221.919,0.92,35.29,0.91,31.7,0.96,70.61,0.97,89.3,0.14,5.0,0.1,28.9,0.18,17.6,0.19,16.89,0.04,0.04,614.838,1776197620000
1776197622.364,222.364,0.92,35.29,0.91,31.7,0.96,70.61,0.97,89.3,0.04,70.61,0.03,89.3,0.08,35.29,0.09,31.7,0.04,0.04,614.841,1776197621000
1776197623.362,223.362,0.92,35.29,0.91,31.7,0.96,70.61,0.97,89.3,0.04,70.61,0.03,89.3,0.08,35.29,0.09,31.7,0.04,0.04,614.831,1776197622000
1776197623.982,223.982,0.92,35.29,0.91,31.7,0.96,70.61,0.97,89.3,0.04,70.61,0.03,89.3,0.08,35.29,0.09,31.7,0.04,0.04,614.831,1776197623000
1776197624.416,224.416,0.94,40.97,0.93,39.9,0.96,2.91,0.98,142.69,0.04,70.61,0.03,89.3,0.08,35.29,0.09,31.7,0.02,0.04,614.831,1776197623000
1776197625.202,225.202,0.94,40.97,0.93,39.9,0.98,142.69,0.99,5657.6,0.02,142.69,0.01,5657.6,0.06,40.97,0.07,39.9,0.04,0.04,614.868105,1776197624000
1776197626.358,226.358,0.94,40.97,0.93,39.9,0.98,142.69,0.99,5657.6,0.02,142.69,0.01,5657.6,0.06,40.97,0.07,39.9,0.04,0.04,614.868142,1776197625000
1776197627.605,227.605,0.94,40.97,0.93,39.9,0.98,142.69,0.99,5657.6,0.02,142.69,0.01,5657.6,0.06,40.97,0.07,39.9,0.04,0.04,614.868142,1776197626000
1776197628.173,228.173,0.94,40.97,0.93,39.9,0.98,142.69,0.99,5657.6,0.02,142.69,0.01,5657.6,0.06,40.97,0.07,39.9,0.04,0.04,614.868142,1776197627000
1776197629.391,229.391,0.94,40.97,0.93,39.9,0.98,142.69,0.99,5657.6,0.02,142.69,0.01,5657.6,0.06,40.97,0.07,39.9,0.04,0.04,614.856821,1776197628000
1776197629.968,229.968,0.94,40.97,0.93,39.9,0.98,142.69,0.99,5657.6,0.02,142.69,0.01,5657.6,0.06,40.97,0.07,39.9,0.04,0.04,614.85694,1776197629000
1776197631.084,231.084,0.94,40.97,0.93,39.9,0.98,142.69,0.99,5657.6,0.02,142.69,0.01,5657.6,0.06,40.97,0.07,39.9,0.04,0.04,614.856848,1776197630000
1776197632.21,232.21,0.94,40.97,0.93,39.9,0.98,142.69,0.99,5657.6,0.02,142.69,0.01,5657.6,0.06,40.97,0.07,39.9,0.04,0.04,614.861426,1776197631000
1776197633.444,233.444,0.94,40.97,0.93,39.9,0.98,142.69,0.99,5657.6,0.02,142.69,0.01,5657.6,0.06,40.97,0.07,39.9,0.04,0.04,614.881838,1776197632000
1776197633.994,233.994,0.94,40.97,0.93,39.9,0.98,142.69,0.99,5657.6,0.02,142.69,0.01,5657.6,0.06,40.97,0.07,39.9,0.04,0.04,614.882009,1776197633000
1776197635.084,235.084,0.94,40.97,0.93,39.9,0.98,142.69,0.99,5657.6,0.02,142.69,0.01,5657.6,0.06,40.97,0.07,39.9,0.04,0.04,614.882007,1776197634000
1776197636.379,236.379,0.94,40.97,0.93,39.9,0.98,142.69,0.99,5657.6,0.02,142.69,0.01,5657.6,0.06,40.97,0.07,39.9,0.04,0.04,614.881098,1776197635000
1776197637.439,237.439,0.94,40.97,0.93,39.9,0.98,142.69,0.99,5657.6,0.02,142.69,0.01,5657.6,0.06,40.97,0.07,39.9,0.04,0.04,614.883328,1776197636000
1776197638.706,238.706,0.94,40.97,0.93,39.9,0.98,142.69,0.99,5657.6,0.02,142.69,0.01,5657.6,0.06,40.97,0.07,39.9,0.04,0.04,614.883328,1776197637000
1776197639.256,239.256,0.94,40.97,0.93,39.9,0.98,142.69,0.99,5657.6,0.02,142.69,0.01,5657.6,0.06,40.97,0.07,39.9,0.04,0.04,614.879848,1776197638000
1776197640.556,240.556,0.94,40.97,0.93,39.9,0.98,142.69,0.99,5657.6,0.02,142.69,0.01,5657.6,0.06,40.97,0.07,39.9,0.04,0.04,614.880237,1776197639000
1776197641.177,241.177,0.94,40.97,0.93,39.9,0.98,142.69,0.99,5657.6,0.02,142.69,0.01,5657.6,0.06,40.97,0.07,39.9,0.04,0.04,614.880182,1776197640000
1776197642.246,242.246,0.94,40.97,0.93,39.9,0.98,142.69,0.99,5657.6,0.02,142.69,0.01,5657.6,0.06,40.97,0.07,39.9,0.04,0.04,614.878835,1776197641000
1776197642.523,242.523,0.96,67.7,0.95,54.7,0.98,141.66,0.99,5657.6,0.02,142.69,0.01,5657.6,0.06,40.97,0.07,39.9,0.02,0.04,614.878835,1776197641000
1776197643.378,243.378,0.96,67.7,0.95,54.7,0.98,141.66,0.99,5657.6,0.02,141.66,0.01,5657.6,0.04,67.7,0.05,54.7,0.02,0.02,614.8788,1776197642000
1776197643.958,243.958,0.96,67.7,0.95,54.7,0.98,141.66,0.99,5657.6,0.02,141.66,0.01,5657.6,0.04,67.7,0.05,54.7,0.02,0.02,614.8788,1776197643000
1776197645.168,245.168,0.96,67.7,0.95,54.7,0.98,141.66,0.99,5657.6,0.02,141.66,0.01,5657.6,0.04,67.7,0.05,54.7,0.02,0.02,614.868751,1776197644000
1776197646.279,246.279,0.96,67.7,0.95,54.7,0.98,141.66,0.99,5657.6,0.02,141.66,0.01,5657.6,0.04,67.7,0.05,54.7,0.02,0.02,614.785,1776197645000
1776197647.345,247.345,0.96,67.7,0.95,54.7,0.98,141.66,0.99,5657.6,0.02,141.66,0.01,5657.6,0.04,67.7,0.05,54.7,0.02,0.02,614.785,1776197646000
1776197648.394,248.394,0.96,67.7,0.95,54.7,0.98,141.66,0.99,5657.6,0.02,141.66,0.01,5657.6,0.04,67.7,0.05,54.7,0.02,0.02,614.750059,1776197647000
1776197648.944,248.944,0.96,67.7,0.95,54.7,0.98,141.66,0.99,5657.6,0.02,141.66,0.01,5657.6,0.04,67.7,0.05,54.7,0.02,0.02,614.746783,1776197648000
1776197650.196,250.196,0.96,67.7,0.95,54.7,0.98,141.66,0.99,5657.6,0.02,141.66,0.01,5657.6,0.04,67.7,0.05,54.7,0.02,0.02,614.737699,1776197649000
1776197651.339,251.339,0.96,67.7,0.95,54.7,0.98,141.66,0.99,5657.6,0.02,141.66,0.01,5657.6,0.04,67.7,0.05,54.7,0.02,0.02,614.767554,1776197650000
1776197652.085,252.085,0.94,10.0,0.91,31.7,0.98,3.97,0.99,395.0,0.02,141.66,0.01,5657.6,0.04,67.7,0.05,54.7,0.04,0.02,614.767554,1776197650000
1776197652.42,252.42,0.94,10.0,0.91,31.7,0.98,3.97,0.99,395.0,0.02,3.97,0.01,395.0,0.06,10.0,0.09,31.7,0.04,0.04,614.976939,1776197651000
1776197653.524,253.524,0.94,10.0,0.91,31.7,0.98,3.97,0.99,395.0,0.02,3.97,0.01,395.0,0.06,10.0,0.09,31.7,0.04,0.04,614.976971,1776197652000
1776197654.179,254.179,0.94,46.1,0.93,49.9,0.99,163.62,,,0.01,163.62,,,0.06,46.1,0.07,49.9,0.05,0.05,614.976971,1776197653000
1776197655.233,255.233,0.94,46.1,0.93,49.9,0.99,163.62,,,0.01,163.62,,,0.06,46.1,0.07,49.9,0.05,0.05,615.096,1776197654000
1776197656.361,256.361,0.94,46.1,0.93,49.9,0.99,163.62,,,0.01,163.62,,,0.06,46.1,0.07,49.9,0.05,0.05,615.103,1776197655000
1776197656.949,256.949,0.94,46.1,0.93,49.9,0.99,163.62,,,0.01,163.62,,,0.06,46.1,0.07,49.9,0.05,0.05,615.103,1776197656000
1776197658.089,258.089,0.94,46.1,0.93,49.9,0.99,163.62,,,0.01,163.62,,,0.06,46.1,0.07,49.9,0.05,0.05,615.115,1776197657000
1776197659.213,259.213,0.94,46.1,0.93,49.9,0.99,163.62,,,0.01,163.62,,,0.06,46.1,0.07,49.9,0.05,0.05,615.13,1776197658000
1776197659.825,259.825,0.98,137.69,0.97,94.3,0.99,112.62,,,0.01,163.62,,,0.06,46.1,0.07,49.9,0.01,0.05,615.13,1776197658000
1776197660.234,260.234,0.98,137.69,0.97,94.3,0.99,112.62,,,0.01,112.62,,,0.02,137.69,0.03,94.3,0.01,0.01,615.127,1776197659000
1776197661.39,261.39,0.98,137.69,0.97,94.3,0.99,112.62,,,0.01,112.62,,,0.02,137.69,0.03,94.3,0.01,0.01,615.125,1776197660000
1776197661.952,261.952,0.98,137.69,0.97,94.3,0.99,112.62,,,0.01,112.62,,,0.02,137.69,0.03,94.3,0.01,0.01,615.125,1776197661000
1776197663.219,263.219,0.98,137.69,0.97,94.3,0.99,112.62,,,0.01,112.62,,,0.02,137.69,0.03,94.3,0.01,0.01,615.143,1776197662000
1776197664.206,264.206,0.98,137.69,0.97,94.3,0.99,112.62,,,0.01,112.62,,,0.02,137.69,0.03,94.3,0.01,0.01,615.14,1776197663000
1776197664.84,264.84,0.98,137.69,0.97,94.3,0.99,68.98,,,0.01,112.62,,,0.02,137.69,0.03,94.3,0.01,0.01,615.14,1776197663000
1776197665.383,265.383,0.98,137.69,0.97,94.3,0.99,68.98,,,0.01,68.98,,,0.02,137.69,0.03,94.3,0.01,0.01,615.144,1776197664000
1776197665.926,265.926,0.98,137.69,0.97,94.3,0.99,68.98,,,0.01,68.98,,,0.02,137.69,0.03,94.3,0.01,0.01,615.144,1776197665000
1776197666.956,266.956,0.99,931.02,0.98,137.69,,,,,0.01,68.98,,,0.02,137.69,0.03,94.3,,0.01,615.144,1776197665000
1776197668.04,268.04,0.99,931.02,0.98,137.69,,,,,,,,,0.01,931.02,0.02,137.69,,,615.132,1776197667000
1776197668.943,268.943,0.99,931.02,0.98,137.69,,,,,,,,,0.01,931.02,0.02,137.69,,,615.127,1776197668000
1776197669.976,269.976,0.99,931.02,0.98,137.69,,,,,,,,,0.01,931.02,0.02,137.69,,,615.127,1776197669000
1776197670.977,270.977,0.99,931.02,0.98,137.69,,,,,,,,,0.01,931.02,0.02,137.69,,,615.136,1776197670000
1776197671.957,271.957,0.99,931.02,0.98,137.69,,,,,,,,,0.01,931.02,0.02,137.69,,,615.136,1776197671000
1776197673.03,273.03,0.99,931.02,0.98,137.69,,,,,,,,,0.01,931.02,0.02,137.69,,,615.135,1776197672000
1776197674.036,274.036,0.99,931.02,0.98,137.69,,,,,,,,,0.01,931.02,0.02,137.69,,,615.13,1776197673000
1776197674.93,274.93,0.99,931.02,0.98,137.69,,,,,,,,,0.01,931.02,0.02,137.69,,,615.116,1776197674000
1776197676.071,276.071,0.99,931.02,0.98,137.69,,,,,,,,,0.01,931.02,0.02,137.69,,,615.116,1776197675000
1776197677.06,277.06,0.99,931.02,0.98,137.69,,,,,,,,,0.01,931.02,0.02,137.69,,,615.121,1776197676000
1776197678.059,278.059,0.99,931.02,0.98,137.69,,,,,,,,,0.01,931.02,0.02,137.69,,,615.117,1776197677000
1776197679.021,279.021,0.99,931.02,0.98,137.69,,,,,,,,,0.01,931.02,0.02,137.69,,,615.116,1776197678000
1776197680.033,280.033,0.99,931.02,0.98,137.69,,,,,,,,,0.01,931.02,0.02,137.69,,,615.122,1776197679000
1776197681.127,281.127,0.99,931.02,0.98,137.69,,,,,,,,,0.01,931.02,0.02,137.69,,,615.176,1776197680000
1776197682.14,282.14,0.99,931.02,0.98,137.69,,,,,,,,,0.01,931.02,0.02,137.69,,,615.16,1776197681000
1776197683.176,283.176,0.99,931.02,0.98,137.69,,,,,,,,,0.01,931.02,0.02,137.69,,,615.219,1776197682000
1776197684.249,284.249,0.99,931.02,0.98,137.69,,,,,,,,,0.01,931.02,0.02,137.69,,,615.215,1776197683000
1776197685.337,285.337,0.99,931.02,0.98,137.69,,,,,,,,,0.01,931.02,0.02,137.69,,,615.234,1776197684000
1776197686.349,286.349,0.99,931.02,0.98,137.69,,,,,,,,,0.01,931.02,0.02,137.69,,,615.23,1776197685000
1776197687.336,287.336,0.99,931.02,0.98,137.69,,,,,,,,,0.01,931.02,0.02,137.69,,,615.23,1776197686000
1776197687.864,287.864,0.99,931.02,0.98,137.69,,,,,,,,,0.01,931.02,0.02,137.69,,,615.23,1776197687000
1776197688.91,288.91,0.99,931.02,0.98,137.69,,,,,,,,,0.01,931.02,0.02,137.69,,,615.21,1776197688000
1776197689.901,289.901,0.99,931.02,0.98,137.69,,,,,,,,,0.01,931.02,0.02,137.69,,,615.125,1776197689000
1776197691.052,291.052,0.99,931.02,0.98,137.69,,,,,,,,,0.01,931.02,0.02,137.69,,,615.112455,1776197690000
1776197692.046,292.046,0.99,931.02,0.98,137.69,,,,,,,,,0.01,931.02,0.02,137.69,,,615.132,1776197691000
1776197693.086,293.086,0.99,931.02,0.98,137.69,,,,,,,,,0.01,931.02,0.02,137.69,,,615.114,1776197692000
1776197694.883,294.883,0.99,931.02,0.98,137.69,,,,,,,,,0.01,931.02,0.02,137.69,,,615.122,1776197693000
1776197695.287,295.287,0.99,931.02,0.98,137.69,,,,,,,,,0.01,931.02,0.02,137.69,,,615.12,1776197694000
1776197696.524,296.524,0.99,931.02,0.98,137.69,,,,,,,,,0.01,931.02,0.02,137.69,,,615.118,1776197695000
1776197697.096,297.096,0.99,931.02,0.98,137.69,,,,,,,,,0.01,931.02,0.02,137.69,,,615.118,1776197696000
1776197698.237,298.237,0.99,931.02,0.98,137.69,,,,,,,,,0.01,931.02,0.02,137.69,,,615.115635,1776197697000
1776197699.262,299.262,0.99,931.02,0.98,137.69,,,,,,,,,0.01,931.02,0.02,137.69,,,615.128,1776197698000
1776197700.312,300.312,0.99,931.02,0.98,137.69,,,,,,,,,0.01,931.02,0.02,137.69,,,615.128,1776197699000

# RESULT,winner=Up,slug=bnb-updown-5m-1776197400,ticks=306
