timestamp,elapsed_sec,up_bid_p1,up_bid_s1,up_bid_p2,up_bid_s2,up_ask_p1,up_ask_s1,up_ask_p2,up_ask_s2,down_bid_p1,down_bid_s1,down_bid_p2,down_bid_s2,down_ask_p1,down_ask_s1,down_ask_p2,down_ask_s2,up_spread,down_spread,bnb_price,bnb_oracle_ts
1776188101.443,1.443,,,,,,,,,,,,,,,,,,,616.572,1776188100000
1776188101.658,1.658,0.5,7.88,0.4,12.0,0.61,12.0,0.67,300.0,0.39,12.0,0.33,300.0,0.5,7.88,0.6,12.0,0.11,0.11,616.572,1776188100000
1776188102.188,2.188,0.5,7.88,0.4,12.0,0.61,12.0,0.67,300.0,0.39,12.0,0.33,300.0,0.5,7.88,0.6,12.0,0.11,0.11,616.572,1776188100000
1776188102.47,2.47,0.5,7.88,0.4,12.0,0.61,12.0,0.67,300.0,0.39,12.0,0.33,300.0,0.5,7.88,0.6,12.0,0.11,0.11,616.572,1776188101000
1776188103.14,3.14,0.5,7.88,0.4,12.0,0.61,12.0,0.67,300.0,0.39,12.0,0.33,300.0,0.5,7.88,0.6,12.0,0.11,0.11,616.53104,1776188102000
1776188104.058,4.058,0.5,7.88,0.4,12.0,0.61,12.0,0.67,300.0,0.39,12.0,0.33,300.0,0.5,7.88,0.6,12.0,0.11,0.11,616.453396,1776188103000
1776188104.875,4.875,0.5,2.88,0.37,13.0,0.51,50.0,0.54,5.0,0.39,12.0,0.33,300.0,0.5,7.88,0.6,12.0,0.01,0.11,616.453396,1776188103000
1776188105.152,5.152,0.5,2.88,0.37,13.0,0.51,50.0,0.54,5.0,0.49,50.0,0.46,5.0,0.5,2.88,0.63,13.0,0.01,0.01,616.451684,1776188104000
1776188105.883,5.883,0.5,7.88,0.37,5.0,0.51,83.0,0.54,5.0,0.49,50.0,0.46,5.0,0.5,2.88,0.63,13.0,0.01,0.01,616.451684,1776188104000
1776188106.316,6.316,0.5,7.88,0.37,5.0,0.51,83.0,0.54,5.0,0.49,83.0,0.46,5.0,0.5,7.88,0.63,5.0,0.01,0.01,616.429374,1776188105000
1776188107.198,7.198,0.5,2.88,0.37,5.0,0.51,83.0,0.54,5.0,0.49,83.0,0.46,5.0,0.5,2.88,0.63,5.0,0.01,0.01,616.321527,1776188106000
1776188107.715,7.715,0.5,1.68,0.36,5.0,0.51,83.0,0.53,5.0,0.49,83.0,0.46,5.0,0.5,2.88,0.63,5.0,0.01,0.01,616.321527,1776188106000
1776188108.447,8.447,0.5,1.68,0.36,5.0,0.51,83.0,0.53,5.0,0.49,83.0,0.47,5.0,0.5,1.68,0.64,5.0,0.01,0.01,616.277111,1776188107000
1776188109.128,9.128,0.5,1.68,0.36,5.0,0.51,83.0,0.53,5.0,0.49,83.0,0.47,5.0,0.5,1.68,0.64,5.0,0.01,0.01,616.277111,1776188108000
1776188110.04,10.04,0.5,1.68,0.36,5.0,0.51,83.0,0.53,5.0,0.49,83.0,0.47,5.0,0.5,1.68,0.64,5.0,0.01,0.01,616.299696,1776188109000
1776188111.114,11.114,0.5,1.68,0.36,5.0,0.51,83.0,0.53,5.0,0.49,83.0,0.47,5.0,0.5,1.68,0.64,5.0,0.01,0.01,616.312,1776188110000
1776188112.112,12.112,0.5,1.68,0.36,5.0,0.51,83.0,0.53,5.0,0.49,83.0,0.47,5.0,0.5,1.68,0.64,5.0,0.01,0.01,616.224928,1776188111000
1776188113.148,13.148,0.5,1.68,0.36,5.0,0.51,83.0,0.53,5.0,0.49,83.0,0.47,5.0,0.5,1.68,0.64,5.0,0.01,0.01,616.224843,1776188112000
1776188114.263,14.263,0.5,1.68,0.36,5.0,0.51,83.0,0.53,5.0,0.49,83.0,0.47,5.0,0.5,1.68,0.64,5.0,0.01,0.01,616.232386,1776188113000
1776188115.323,15.323,0.5,1.68,0.36,5.0,0.51,83.0,0.53,5.0,0.49,83.0,0.47,5.0,0.5,1.68,0.64,5.0,0.01,0.01,616.230505,1776188114000
1776188116.348,16.348,0.5,1.68,0.36,5.0,0.51,83.0,0.53,5.0,0.49,83.0,0.47,5.0,0.5,1.68,0.64,5.0,0.01,0.01,616.294996,1776188115000
1776188117.475,17.475,0.42,5.0,0.41,5.0,0.46,5.0,0.52,5.0,0.49,83.0,0.47,5.0,0.5,1.68,0.64,5.0,0.04,0.01,616.294996,1776188115000
1776188118.111,18.111,0.42,5.0,0.41,5.0,0.46,5.0,0.52,5.0,0.54,5.0,0.48,5.0,0.58,5.0,0.59,5.0,0.04,0.04,616.432701,1776188116000
1776188118.53,18.53,0.42,5.0,0.41,5.0,0.46,5.0,0.52,5.0,0.54,5.0,0.48,5.0,0.58,5.0,0.59,5.0,0.04,0.04,616.429208,1776188117000
1776188119.213,19.213,0.42,5.0,0.41,5.0,0.46,5.0,0.52,5.0,0.54,5.0,0.48,5.0,0.58,5.0,0.59,5.0,0.04,0.04,616.405324,1776188118000
1776188120.324,20.324,0.42,5.0,0.41,5.0,0.46,5.0,0.52,5.0,0.54,5.0,0.48,5.0,0.58,5.0,0.59,5.0,0.04,0.04,616.4128,1776188119000
1776188121.544,21.544,0.42,5.0,0.41,5.0,0.46,5.0,0.52,5.0,0.54,5.0,0.48,5.0,0.58,5.0,0.59,5.0,0.04,0.04,616.481,1776188120000
1776188122.089,22.089,0.42,5.0,0.41,5.0,0.46,5.0,0.52,5.0,0.54,5.0,0.48,5.0,0.58,5.0,0.59,5.0,0.04,0.04,616.408101,1776188121000
1776188123.326,23.326,0.42,5.0,0.41,5.0,0.46,5.0,0.52,5.0,0.54,5.0,0.48,5.0,0.58,5.0,0.59,5.0,0.04,0.04,616.38845,1776188122000
1776188124.481,24.481,0.42,5.0,0.41,5.0,0.46,5.0,0.52,5.0,0.54,5.0,0.48,5.0,0.58,5.0,0.59,5.0,0.04,0.04,616.399,1776188123000
1776188125.212,25.212,0.42,5.0,0.41,5.0,0.46,5.0,0.52,5.0,0.54,5.0,0.48,5.0,0.58,5.0,0.59,5.0,0.04,0.04,616.45887,1776188124000
1776188126.302,26.302,0.42,5.0,0.41,5.0,0.46,5.0,0.52,5.0,0.54,5.0,0.48,5.0,0.58,5.0,0.59,5.0,0.04,0.04,616.458,1776188125000
1776188126.883,26.883,0.42,5.0,0.41,5.0,0.46,5.0,0.52,5.0,0.54,5.0,0.48,5.0,0.58,5.0,0.59,5.0,0.04,0.04,616.458,1776188126000
1776188128.009,28.009,0.42,5.0,0.41,5.0,0.46,5.0,0.52,5.0,0.54,5.0,0.48,5.0,0.58,5.0,0.59,5.0,0.04,0.04,616.478,1776188127000
1776188129.065,29.065,0.42,5.0,0.41,5.0,0.46,5.0,0.52,5.0,0.54,5.0,0.48,5.0,0.58,5.0,0.59,5.0,0.04,0.04,616.51635,1776188128000
1776188129.685,29.685,0.4,5.05,0.39,5.0,0.44,31.0,0.45,10.0,0.54,5.0,0.48,5.0,0.58,5.0,0.59,5.0,0.04,0.04,616.51635,1776188128000
1776188129.979,29.979,0.4,0.05,0.39,5.0,0.44,5.0,0.47,5.0,0.56,31.0,0.55,10.0,0.6,5.05,0.61,5.0,0.04,0.04,616.51635,1776188128000
1776188130.217,30.217,0.4,0.05,0.39,5.0,0.44,5.0,0.47,5.0,0.56,5.0,0.53,5.0,0.6,0.05,0.61,5.0,0.04,0.04,616.44197,1776188129000
1776188130.615,30.615,0.29,22.0,0.25,5.0,0.41,30.0,0.44,10.0,0.56,5.0,0.53,5.0,0.6,0.05,0.61,5.0,0.12,0.04,616.44197,1776188129000
1776188131.295,31.295,0.29,22.0,0.25,5.0,0.41,30.0,0.44,10.0,0.59,30.0,0.56,10.0,0.71,22.0,0.75,5.0,0.12,0.12,616.368836,1776188130000
1776188131.907,31.907,0.3,8.0,0.29,5.0,0.4,5.0,0.41,25.0,0.59,30.0,0.56,10.0,0.71,22.0,0.75,5.0,0.1,0.12,616.368836,1776188130000
1776188132.892,32.892,0.3,8.0,0.29,5.0,0.4,5.0,0.41,25.0,0.6,5.0,0.59,25.0,0.7,8.0,0.71,5.0,0.1,0.1,616.07658,1776188131000
1776188133.35,33.35,0.3,8.0,0.29,5.0,0.4,5.0,0.41,25.0,0.6,5.0,0.59,25.0,0.7,8.0,0.71,5.0,0.1,0.1,616.046,1776188132000
1776188133.981,33.981,0.3,8.0,0.29,5.0,0.4,5.0,0.41,25.0,0.6,5.0,0.59,25.0,0.7,8.0,0.71,5.0,0.1,0.1,616.046,1776188133000
1776188134.967,34.967,0.3,8.0,0.29,5.0,0.4,5.0,0.41,25.0,0.6,5.0,0.59,25.0,0.7,8.0,0.71,5.0,0.1,0.1,616.102166,1776188134000
1776188135.909,35.909,0.3,8.0,0.29,5.0,0.4,5.0,0.41,25.0,0.6,5.0,0.59,25.0,0.7,8.0,0.71,5.0,0.1,0.1,616.132,1776188135000
1776188136.96,36.96,0.3,8.0,0.29,5.0,0.4,5.0,0.41,25.0,0.6,5.0,0.59,25.0,0.7,8.0,0.71,5.0,0.1,0.1,616.076251,1776188136000
1776188137.934,37.934,0.3,8.0,0.29,5.0,0.4,5.0,0.41,25.0,0.6,5.0,0.59,25.0,0.7,8.0,0.71,5.0,0.1,0.1,616.077118,1776188137000
1776188138.931,38.931,0.3,8.0,0.29,5.0,0.4,5.0,0.41,25.0,0.6,5.0,0.59,25.0,0.7,8.0,0.71,5.0,0.1,0.1,616.077102,1776188138000
1776188139.971,39.971,0.3,8.0,0.29,5.0,0.4,5.0,0.41,25.0,0.6,5.0,0.59,25.0,0.7,8.0,0.71,5.0,0.1,0.1,616.07726,1776188139000
1776188140.566,40.566,0.3,4.33,0.29,17.0,0.41,25.0,0.42,5.0,0.6,5.0,0.59,25.0,0.7,8.0,0.71,5.0,0.11,0.1,616.07726,1776188139000
1776188141.347,41.347,0.3,4.33,0.29,17.0,0.41,25.0,0.42,5.0,0.59,25.0,0.58,5.0,0.7,4.33,0.71,17.0,0.11,0.11,616.07311,1776188140000
1776188142.318,42.318,0.3,4.33,0.29,17.0,0.41,25.0,0.42,5.0,0.59,25.0,0.58,5.0,0.7,4.33,0.71,17.0,0.11,0.11,616.07726,1776188141000
1776188143.377,43.377,0.3,4.33,0.29,17.0,0.41,25.0,0.42,5.0,0.59,25.0,0.58,5.0,0.7,4.33,0.71,17.0,0.11,0.11,616.078245,1776188142000
1776188144.326,44.326,0.3,4.33,0.29,17.0,0.41,25.0,0.42,5.0,0.59,25.0,0.58,5.0,0.7,4.33,0.71,17.0,0.11,0.11,616.078236,1776188143000
1776188144.9,44.9,0.3,4.33,0.29,17.0,0.41,25.0,0.42,5.0,0.59,25.0,0.58,5.0,0.7,4.33,0.71,17.0,0.11,0.11,616.07315,1776188144000
1776188146.392,46.392,0.3,4.33,0.29,17.0,0.41,25.0,0.42,5.0,0.59,25.0,0.58,5.0,0.7,4.33,0.71,17.0,0.11,0.11,616.107466,1776188145000
1776188146.994,46.994,0.3,4.33,0.29,17.0,0.41,25.0,0.42,5.0,0.59,25.0,0.58,5.0,0.7,4.33,0.71,17.0,0.11,0.11,616.070448,1776188146000
1776188147.973,47.973,0.3,4.33,0.29,17.0,0.41,25.0,0.42,5.0,0.59,25.0,0.58,5.0,0.7,4.33,0.71,17.0,0.11,0.11,616.03901,1776188147000
1776188148.967,48.967,0.3,4.33,0.29,17.0,0.41,25.0,0.42,5.0,0.59,25.0,0.58,5.0,0.7,4.33,0.71,17.0,0.11,0.11,616.042052,1776188148000
1776188149.999,49.999,0.3,4.33,0.29,17.0,0.41,25.0,0.42,5.0,0.59,25.0,0.58,5.0,0.7,4.33,0.71,17.0,0.11,0.11,616.042091,1776188149000
1776188151.021,51.021,0.3,4.33,0.29,17.0,0.41,25.0,0.42,5.0,0.59,25.0,0.58,5.0,0.7,4.33,0.71,17.0,0.11,0.11,616.008794,1776188150000
1776188152.069,52.069,0.3,4.33,0.29,17.0,0.41,25.0,0.42,5.0,0.59,25.0,0.58,5.0,0.7,4.33,0.71,17.0,0.11,0.11,616.00749,1776188151000
1776188153.023,53.023,0.3,4.33,0.29,17.0,0.41,25.0,0.42,5.0,0.59,25.0,0.58,5.0,0.7,4.33,0.71,17.0,0.11,0.11,616.002168,1776188152000
1776188154.157,54.157,0.3,4.33,0.29,17.0,0.41,25.0,0.42,5.0,0.59,25.0,0.58,5.0,0.7,4.33,0.71,17.0,0.11,0.11,616.002179,1776188153000
1776188154.903,54.903,0.32,5.13,0.31,5.44,0.39,24.0,0.4,10.0,0.59,25.0,0.58,5.0,0.7,4.33,0.71,17.0,0.07,0.11,616.002179,1776188153000
1776188155.133,55.133,0.32,5.13,0.31,5.44,0.39,24.0,0.4,10.0,0.61,24.0,0.6,10.0,0.68,5.13,0.69,5.44,0.07,0.07,616.041275,1776188154000
1776188156.152,56.152,0.32,5.13,0.31,5.44,0.39,24.0,0.4,10.0,0.61,24.0,0.6,10.0,0.68,5.13,0.69,5.44,0.07,0.07,616.042203,1776188155000
1776188157.143,57.143,0.32,5.13,0.31,5.44,0.39,24.0,0.4,10.0,0.61,24.0,0.6,10.0,0.68,5.13,0.69,5.44,0.07,0.07,616.041275,1776188156000
1776188158.294,58.294,0.32,3.85,0.31,12.2,0.39,24.0,0.4,5.0,0.61,24.0,0.6,5.0,0.68,3.85,0.69,12.2,0.07,0.07,616.099388,1776188157000
1776188159.366,59.366,0.32,3.85,0.31,12.2,0.39,24.0,0.4,5.0,0.61,24.0,0.6,5.0,0.68,3.85,0.69,12.2,0.07,0.07,616.11212,1776188158000
1776188160.704,60.704,0.32,3.85,0.31,12.2,0.39,24.0,0.4,5.0,0.61,24.0,0.6,5.0,0.68,3.85,0.69,12.2,0.07,0.07,616.139945,1776188159000
1776188161.357,61.357,0.32,3.85,0.31,12.2,0.39,24.0,0.4,5.0,0.61,24.0,0.6,5.0,0.68,3.85,0.69,12.2,0.07,0.07,616.147194,1776188160000
1776188162.394,62.394,0.36,11.3,0.35,11.4,0.39,19.0,0.43,5.0,0.61,24.0,0.6,5.0,0.68,3.85,0.69,12.2,0.03,0.07,616.147194,1776188160000
1776188162.658,62.658,0.36,11.3,0.35,11.4,0.39,19.0,0.43,5.0,0.61,19.0,0.57,5.0,0.64,11.3,0.65,11.4,0.03,0.03,616.160689,1776188161000
1776188163.305,63.305,0.36,11.3,0.35,11.4,0.39,19.0,0.43,5.0,0.61,19.0,0.57,5.0,0.64,11.3,0.65,11.4,0.03,0.03,616.162884,1776188162000
1776188163.548,63.548,0.38,1.47,0.37,11.2,0.39,13.87,0.43,5.0,0.61,13.87,0.57,5.0,0.62,11.0,0.63,11.2,0.01,0.01,616.162884,1776188162000
1776188164.596,64.596,0.38,1.47,0.37,11.2,0.39,13.87,0.43,5.0,0.61,13.87,0.57,5.0,0.62,1.47,0.63,11.2,0.01,0.01,616.163229,1776188163000
1776188165.324,65.324,0.38,1.47,0.37,11.2,0.39,13.87,0.43,5.0,0.61,13.87,0.57,5.0,0.62,1.47,0.63,11.2,0.01,0.01,616.174688,1776188164000
1776188166.685,66.685,0.38,1.47,0.37,11.2,0.39,13.87,0.43,5.0,0.61,13.87,0.57,5.0,0.62,1.47,0.63,11.2,0.01,0.01,616.184598,1776188165000
1776188167.304,67.304,0.38,1.47,0.37,11.2,0.39,13.87,0.43,5.0,0.61,13.87,0.57,5.0,0.62,1.47,0.63,11.2,0.01,0.01,616.194609,1776188166000
1776188168.726,68.726,0.38,1.47,0.37,11.2,0.39,13.87,0.43,5.0,0.61,13.87,0.57,5.0,0.62,1.47,0.63,11.2,0.01,0.01,616.194871,1776188167000
1776188169.484,69.484,0.38,1.47,0.37,11.2,0.39,13.87,0.43,5.0,0.61,13.87,0.57,5.0,0.62,1.47,0.63,11.2,0.01,0.01,616.203265,1776188168000
1776188170.044,70.044,0.38,1.47,0.37,11.2,0.39,13.87,0.43,5.0,0.61,13.87,0.57,5.0,0.62,1.47,0.63,11.2,0.01,0.01,616.222199,1776188169000
1776188171.347,71.347,0.38,1.47,0.37,11.2,0.39,13.87,0.43,5.0,0.61,13.87,0.57,5.0,0.62,1.47,0.63,11.2,0.01,0.01,616.188114,1776188170000
1776188172.085,72.085,0.38,1.47,0.37,11.2,0.39,13.87,0.43,5.0,0.61,13.87,0.57,5.0,0.62,1.47,0.63,11.2,0.01,0.01,616.120873,1776188171000
1776188173.45,73.45,0.38,1.47,0.37,11.2,0.39,13.87,0.43,5.0,0.61,13.87,0.57,5.0,0.62,1.47,0.63,11.2,0.01,0.01,616.072759,1776188172000
1776188174.309,74.309,0.38,1.47,0.37,11.2,0.39,13.87,0.43,5.0,0.61,13.87,0.57,5.0,0.62,1.47,0.63,11.2,0.01,0.01,616.068563,1776188173000
1776188175.706,75.706,0.38,1.47,0.37,11.2,0.39,13.87,0.43,5.0,0.61,13.87,0.57,5.0,0.62,1.47,0.63,11.2,0.01,0.01,616.068958,1776188174000
1776188176.59,76.59,0.38,1.47,0.37,11.2,0.39,13.87,0.43,5.0,0.61,13.87,0.57,5.0,0.62,1.47,0.63,11.2,0.01,0.01,616.068958,1776188175000
1776188177.159,77.159,0.38,1.47,0.37,11.2,0.39,13.87,0.43,5.0,0.61,13.87,0.57,5.0,0.62,1.47,0.63,11.2,0.01,0.01,616.072631,1776188176000
1776188178.224,78.224,0.38,1.47,0.37,11.2,0.39,13.87,0.43,5.0,0.61,13.87,0.57,5.0,0.62,1.47,0.63,11.2,0.01,0.01,616.071805,1776188177000
1776188179.238,79.238,0.38,1.47,0.37,11.2,0.39,13.87,0.43,5.0,0.61,13.87,0.57,5.0,0.62,1.47,0.63,11.2,0.01,0.01,616.0721,1776188178000
1776188180.202,80.202,0.38,1.47,0.37,11.2,0.39,13.87,0.43,5.0,0.61,13.87,0.57,5.0,0.62,1.47,0.63,11.2,0.01,0.01,616.071613,1776188179000
1776188181.309,81.309,0.38,1.47,0.37,11.2,0.39,13.87,0.43,5.0,0.61,13.87,0.57,5.0,0.62,1.47,0.63,11.2,0.01,0.01,616.076916,1776188180000
1776188182.199,82.199,0.38,1.47,0.37,11.2,0.39,13.87,0.43,5.0,0.61,13.87,0.57,5.0,0.62,1.47,0.63,11.2,0.01,0.01,616.076884,1776188181000
1776188183.283,83.283,0.38,1.47,0.37,11.2,0.39,13.87,0.43,5.0,0.61,13.87,0.57,5.0,0.62,1.47,0.63,11.2,0.01,0.01,616.076884,1776188182000
1776188184.166,84.166,0.38,1.47,0.37,11.2,0.39,13.87,0.43,5.0,0.61,13.87,0.57,5.0,0.62,1.47,0.63,11.2,0.01,0.01,616.079294,1776188183000
1776188185.115,85.115,0.38,1.47,0.37,11.2,0.39,13.87,0.43,5.0,0.61,13.87,0.57,5.0,0.62,1.47,0.63,11.2,0.01,0.01,616.07818,1776188184000
1776188186.346,86.346,0.38,1.47,0.37,11.2,0.39,13.87,0.43,5.0,0.61,13.87,0.57,5.0,0.62,1.47,0.63,11.2,0.01,0.01,616.076463,1776188185000
1776188187.073,87.073,0.38,1.47,0.37,11.2,0.39,13.87,0.43,5.0,0.61,13.87,0.57,5.0,0.62,1.47,0.63,11.2,0.01,0.01,616.074702,1776188186000
1776188188.219,88.219,0.38,1.47,0.37,11.2,0.39,13.87,0.43,5.0,0.61,13.87,0.57,5.0,0.62,1.47,0.63,11.2,0.01,0.01,616.08527,1776188187000
1776188189.761,89.761,0.34,5.0,0.29,12.6,0.38,19.0,0.4,10.0,0.61,13.87,0.57,5.0,0.62,1.47,0.63,11.2,0.04,0.01,616.08527,1776188187000
1776188190.797,90.797,0.34,5.0,0.29,12.6,0.38,19.0,0.4,10.0,0.62,19.0,0.6,10.0,0.66,5.0,0.71,12.6,0.04,0.04,616.086237,1776188189000
1776188191.35,91.35,0.34,5.0,0.29,12.6,0.38,19.0,0.4,10.0,0.62,19.0,0.6,10.0,0.66,5.0,0.71,12.6,0.04,0.04,616.078286,1776188190000
1776188191.968,91.968,0.34,5.0,0.29,12.6,0.38,19.0,0.4,10.0,0.62,19.0,0.6,10.0,0.66,5.0,0.71,12.6,0.04,0.04,616.019483,1776188191000
1776188193.245,93.245,0.34,5.0,0.29,12.6,0.38,19.0,0.4,10.0,0.62,19.0,0.6,10.0,0.66,5.0,0.71,12.6,0.04,0.04,616.014338,1776188192000
1776188194.822,94.822,0.34,5.0,0.29,12.6,0.38,19.0,0.4,10.0,0.62,19.0,0.6,10.0,0.66,5.0,0.71,12.6,0.04,0.04,616.015022,1776188193000
1776188195.436,95.436,0.34,5.0,0.29,12.6,0.38,19.0,0.4,10.0,0.62,19.0,0.6,10.0,0.66,5.0,0.71,12.6,0.04,0.04,616.01473,1776188194000
1776188196.009,96.009,0.29,12.6,0.28,17.9,0.32,7.4,0.33,5.0,0.68,7.4,0.67,5.0,0.71,12.6,0.72,17.9,0.03,0.03,616.01492,1776188195000
1776188196.278,96.278,0.31,12.2,0.3,12.4,0.32,2.4,0.33,5.0,0.68,7.4,0.67,5.0,0.71,12.6,0.72,17.9,0.01,0.03,616.01492,1776188195000
1776188196.544,96.544,0.3,10.6,0.29,12.6,0.32,2.4,0.33,5.0,0.68,2.4,0.67,5.0,0.69,12.2,0.7,12.4,0.02,0.01,616.01492,1776188195000
1776188197.162,97.162,0.3,10.6,0.29,12.6,0.32,2.4,0.33,5.0,0.68,2.4,0.67,5.0,0.7,10.6,0.71,12.6,0.02,0.02,616.077091,1776188196000
1776188198.322,98.322,0.3,10.6,0.29,12.6,0.32,2.4,0.33,5.0,0.68,2.4,0.67,5.0,0.7,10.6,0.71,12.6,0.02,0.02,616.155811,1776188197000
1776188199.424,99.424,0.3,10.6,0.29,12.6,0.32,2.4,0.33,5.0,0.68,2.4,0.67,5.0,0.7,10.6,0.71,12.6,0.02,0.02,616.159469,1776188198000
1776188200.087,100.087,0.3,10.6,0.29,12.6,0.32,2.4,0.33,5.0,0.68,2.4,0.67,5.0,0.7,10.6,0.71,12.6,0.02,0.02,616.157931,1776188199000
1776188201.261,101.261,0.3,10.6,0.29,12.6,0.32,2.4,0.33,5.0,0.68,2.4,0.67,5.0,0.7,10.6,0.71,12.6,0.02,0.02,616.155435,1776188200000
1776188202.455,102.455,0.3,10.6,0.29,12.6,0.32,2.4,0.33,5.0,0.68,2.4,0.67,5.0,0.7,10.6,0.71,12.6,0.02,0.02,616.155846,1776188201000
1776188203.057,103.057,0.3,10.6,0.29,12.6,0.32,2.4,0.33,5.0,0.68,2.4,0.67,5.0,0.7,10.6,0.71,12.6,0.02,0.02,616.155794,1776188202000
1776188204.292,104.292,0.3,10.6,0.29,12.6,0.32,2.4,0.33,5.0,0.68,2.4,0.67,5.0,0.7,10.6,0.71,12.6,0.02,0.02,616.155765,1776188203000
1776188205.954,105.954,0.3,10.6,0.29,12.6,0.32,2.4,0.33,5.0,0.68,2.4,0.67,5.0,0.7,10.6,0.71,12.6,0.02,0.02,616.154362,1776188204000
1776188206.446,106.446,0.3,10.6,0.29,12.6,0.32,2.4,0.33,5.0,0.68,2.4,0.67,5.0,0.7,10.6,0.71,12.6,0.02,0.02,616.15377,1776188205000
1776188206.993,106.993,0.3,10.6,0.29,12.6,0.32,2.4,0.33,5.0,0.68,2.4,0.67,5.0,0.7,10.6,0.71,12.6,0.02,0.02,616.153732,1776188206000
1776188208.145,108.145,0.3,10.6,0.29,12.6,0.32,2.4,0.33,5.0,0.68,2.4,0.67,5.0,0.7,10.6,0.71,12.6,0.02,0.02,616.163038,1776188207000
1776188209.216,109.216,0.3,10.6,0.29,12.6,0.32,2.4,0.33,5.0,0.68,2.4,0.67,5.0,0.7,10.6,0.71,12.6,0.02,0.02,616.209984,1776188208000
1776188210.285,110.285,0.3,10.6,0.29,12.6,0.32,2.4,0.33,5.0,0.68,2.4,0.67,5.0,0.7,10.6,0.71,12.6,0.02,0.02,616.207629,1776188209000
1776188211.363,111.363,0.3,10.6,0.29,12.6,0.32,2.4,0.33,5.0,0.68,2.4,0.67,5.0,0.7,10.6,0.71,12.6,0.02,0.02,616.205701,1776188210000
1776188211.929,111.929,0.3,10.6,0.29,12.6,0.32,2.4,0.33,5.0,0.68,2.4,0.67,5.0,0.7,10.6,0.71,12.6,0.02,0.02,616.21274,1776188211000
1776188213.017,113.017,0.3,10.6,0.29,12.6,0.32,2.4,0.33,5.0,0.68,2.4,0.67,5.0,0.7,10.6,0.71,12.6,0.02,0.02,616.212637,1776188212000
1776188214.054,114.054,0.3,10.6,0.29,12.6,0.32,2.4,0.33,5.0,0.68,2.4,0.67,5.0,0.7,10.6,0.71,12.6,0.02,0.02,616.207089,1776188213000
1776188215.174,115.174,0.3,10.6,0.29,12.6,0.32,2.4,0.33,5.0,0.68,2.4,0.67,5.0,0.7,10.6,0.71,12.6,0.02,0.02,616.19582,1776188214000
1776188216.204,116.204,0.3,10.6,0.29,12.6,0.32,2.4,0.33,5.0,0.68,2.4,0.67,5.0,0.7,10.6,0.71,12.6,0.02,0.02,616.210602,1776188215000
1776188217.241,117.241,0.3,10.6,0.29,12.6,0.32,2.4,0.33,5.0,0.68,2.4,0.67,5.0,0.7,10.6,0.71,12.6,0.02,0.02,616.210602,1776188216000
1776188217.879,117.879,0.3,10.6,0.29,12.6,0.32,2.4,0.33,5.0,0.68,2.4,0.67,5.0,0.7,10.6,0.71,12.6,0.02,0.02,616.209009,1776188217000
1776188218.903,118.903,0.3,10.6,0.29,12.6,0.32,2.4,0.33,5.0,0.68,2.4,0.67,5.0,0.7,10.6,0.71,12.6,0.02,0.02,616.209019,1776188218000
1776188219.278,119.278,0.31,17.2,0.3,10.6,0.4,15.0,0.5,32.43,0.68,2.4,0.67,5.0,0.7,10.6,0.71,12.6,0.09,0.02,616.209019,1776188218000
1776188220.48,120.48,0.31,17.2,0.3,10.6,0.4,15.0,0.5,32.43,0.6,15.0,0.5,32.43,0.69,17.2,0.7,10.6,0.09,0.09,616.20899,1776188219000
1776188221.1,121.1,0.31,17.2,0.3,10.6,0.4,15.0,0.5,32.43,0.6,15.0,0.5,32.43,0.69,17.2,0.7,10.6,0.09,0.09,616.337209,1776188220000
1776188222.591,122.591,0.31,17.2,0.3,10.6,0.4,15.0,0.5,32.43,0.6,15.0,0.5,32.43,0.69,17.2,0.7,10.6,0.09,0.09,616.316684,1776188221000
1776188223.434,123.434,0.31,17.2,0.3,10.6,0.4,15.0,0.5,32.43,0.6,15.0,0.5,32.43,0.69,17.2,0.7,10.6,0.09,0.09,616.258475,1776188222000
1776188224.294,124.294,0.31,17.2,0.3,10.6,0.4,15.0,0.5,32.43,0.6,15.0,0.5,32.43,0.69,17.2,0.7,10.6,0.09,0.09,616.25299,1776188223000
1776188225.856,125.856,0.31,17.2,0.3,10.6,0.4,15.0,0.5,32.43,0.6,15.0,0.5,32.43,0.69,17.2,0.7,10.6,0.09,0.09,616.252857,1776188224000
1776188226.448,126.448,0.31,17.2,0.3,10.6,0.4,15.0,0.5,32.43,0.6,15.0,0.5,32.43,0.69,17.2,0.7,10.6,0.09,0.09,616.253457,1776188225000
1776188227.266,127.266,0.31,17.2,0.3,10.6,0.4,15.0,0.5,32.43,0.6,15.0,0.5,32.43,0.69,17.2,0.7,10.6,0.09,0.09,616.253457,1776188226000
1776188228.49,128.49,0.31,17.2,0.3,10.6,0.4,15.0,0.5,32.43,0.6,15.0,0.5,32.43,0.69,17.2,0.7,10.6,0.09,0.09,616.256176,1776188227000
1776188229.4,129.4,0.31,17.2,0.3,10.6,0.4,15.0,0.5,32.43,0.6,15.0,0.5,32.43,0.69,17.2,0.7,10.6,0.09,0.09,616.254864,1776188228000
1776188230.207,130.207,0.31,17.2,0.3,10.6,0.4,15.0,0.5,32.43,0.6,15.0,0.5,32.43,0.69,17.2,0.7,10.6,0.09,0.09,616.254864,1776188229000
1776188231.295,131.295,0.3,10.6,0.29,12.6,0.47,10.4,0.48,10.4,0.6,15.0,0.5,32.43,0.69,17.2,0.7,10.6,0.17,0.09,616.254864,1776188229000
1776188231.628,131.628,0.3,10.6,0.29,12.6,0.47,10.4,0.48,10.4,0.53,10.4,0.52,10.4,0.7,10.6,0.71,12.6,0.17,0.17,616.184068,1776188230000
1776188232.112,132.112,0.44,7.27,0.42,28.57,0.45,5.0,0.46,10.5,0.54,10.5,0.53,10.4,0.56,15.27,0.72,12.9,0.01,0.02,616.184068,1776188230000
1776188232.481,132.481,0.44,0.27,0.42,28.57,0.45,29.5,0.46,10.5,0.55,29.5,0.54,10.5,0.56,0.27,0.58,28.57,0.01,0.01,616.183769,1776188231000
1776188233.084,133.084,0.42,23.84,0.29,17.6,0.45,39.5,0.46,10.5,0.55,29.5,0.54,10.5,0.56,0.27,0.58,28.57,0.03,0.01,616.183769,1776188231000
1776188233.437,133.437,0.29,17.6,0.28,12.9,0.45,39.5,0.46,10.5,0.55,39.5,0.54,10.5,0.58,23.84,0.71,17.6,0.16,0.03,616.184622,1776188232000
1776188234.756,134.756,0.29,17.6,0.28,12.9,0.45,39.5,0.46,10.5,0.55,39.5,0.54,10.5,0.71,17.6,0.72,12.9,0.16,0.16,616.173481,1776188233000
1776188235.584,135.584,0.29,17.6,0.28,12.9,0.45,39.5,0.46,10.5,0.55,39.5,0.54,10.5,0.71,17.6,0.72,12.9,0.16,0.16,616.173446,1776188234000
1776188236.429,136.429,0.29,17.6,0.28,12.9,0.45,39.5,0.46,10.5,0.55,39.5,0.54,10.5,0.71,17.6,0.72,12.9,0.16,0.16,616.17354,1776188235000
1776188237.217,137.217,0.29,17.6,0.28,12.9,0.45,39.5,0.46,10.5,0.55,39.5,0.54,10.5,0.71,17.6,0.72,12.9,0.16,0.16,616.171448,1776188236000
1776188238.712,138.712,0.29,17.6,0.28,12.9,0.45,39.5,0.46,10.5,0.55,39.5,0.54,10.5,0.71,17.6,0.72,12.9,0.16,0.16,616.166431,1776188237000
1776188239.699,139.699,0.29,17.6,0.28,12.9,0.45,39.5,0.46,10.5,0.55,39.5,0.54,10.5,0.71,17.6,0.72,12.9,0.16,0.16,616.164482,1776188238000
1776188240.4,140.4,0.29,17.6,0.28,12.9,0.45,39.5,0.46,10.5,0.55,39.5,0.54,10.5,0.71,17.6,0.72,12.9,0.16,0.16,616.164453,1776188239000
1776188240.933,140.933,0.29,17.6,0.28,12.9,0.45,39.5,0.46,10.5,0.55,39.5,0.54,10.5,0.71,17.6,0.72,12.9,0.16,0.16,616.164565,1776188240000
1776188241.16,141.16,0.41,19.0,0.3,12.4,0.44,10.0,0.45,10.0,0.55,39.5,0.54,10.5,0.71,17.6,0.72,12.9,0.03,0.16,616.164565,1776188240000
1776188241.926,141.926,0.41,13.92,0.3,12.4,0.44,17.0,0.45,10.0,0.56,10.0,0.55,10.0,0.59,19.0,0.7,12.4,0.03,0.03,616.164565,1776188240000
1776188242.226,142.226,0.41,8.92,0.32,7.0,0.44,17.0,0.45,10.0,0.56,17.0,0.55,10.0,0.59,13.92,0.7,12.4,0.03,0.03,616.167696,1776188241000
1776188243.179,143.179,0.41,8.92,0.32,7.0,0.44,17.0,0.45,10.0,0.56,17.0,0.55,10.0,0.59,8.92,0.68,7.0,0.03,0.03,616.212379,1776188242000
1776188243.627,143.627,0.41,4.46,0.32,17.0,0.44,17.0,0.45,20.5,0.56,17.0,0.55,10.0,0.59,8.92,0.68,7.0,0.03,0.03,616.212379,1776188242000
1776188244.196,144.196,0.41,4.46,0.32,17.0,0.44,17.0,0.45,20.5,0.56,17.0,0.55,20.5,0.59,4.46,0.68,17.0,0.03,0.03,616.236153,1776188243000
1776188244.713,144.713,0.32,17.0,0.3,12.4,0.44,17.0,0.45,10.0,0.56,17.0,0.55,20.5,0.59,4.46,0.68,17.0,0.12,0.03,616.236153,1776188243000
1776188245.333,145.333,0.32,17.0,0.3,12.4,0.44,17.0,0.45,10.0,0.56,17.0,0.55,10.0,0.68,17.0,0.7,12.4,0.12,0.12,616.21,1776188244000
1776188246.437,146.437,0.32,17.0,0.3,12.4,0.44,17.0,0.45,10.0,0.56,17.0,0.55,10.0,0.68,17.0,0.7,12.4,0.12,0.12,616.209,1776188245000
1776188247.096,147.096,0.32,17.0,0.3,12.4,0.44,17.0,0.45,10.0,0.56,17.0,0.55,10.0,0.68,17.0,0.7,12.4,0.12,0.12,616.206,1776188246000
1776188248.276,148.276,0.32,17.0,0.3,12.4,0.44,17.0,0.45,10.0,0.56,17.0,0.55,10.0,0.68,17.0,0.7,12.4,0.12,0.12,616.237854,1776188247000
1776188249.335,149.335,0.32,17.0,0.3,12.4,0.44,17.0,0.45,10.0,0.56,17.0,0.55,10.0,0.68,17.0,0.7,12.4,0.12,0.12,616.249891,1776188248000
1776188250.034,150.034,0.32,17.0,0.3,12.4,0.44,17.0,0.45,10.0,0.56,17.0,0.55,10.0,0.68,17.0,0.7,12.4,0.12,0.12,616.249891,1776188249000
1776188251.021,151.021,0.32,17.0,0.3,12.4,0.44,17.0,0.45,10.0,0.56,17.0,0.55,10.0,0.68,17.0,0.7,12.4,0.12,0.12,616.212,1776188250000
1776188251.951,151.951,0.32,17.0,0.3,12.4,0.44,17.0,0.45,10.0,0.56,17.0,0.55,10.0,0.68,17.0,0.7,12.4,0.12,0.12,616.212,1776188251000
1776188253.088,153.088,0.32,17.0,0.3,12.4,0.44,17.0,0.45,10.0,0.56,17.0,0.55,10.0,0.68,17.0,0.7,12.4,0.12,0.12,616.234848,1776188252000
1776188254.392,154.392,0.32,17.0,0.3,12.4,0.44,17.0,0.45,10.0,0.56,17.0,0.55,10.0,0.68,17.0,0.7,12.4,0.12,0.12,616.25403,1776188253000
1776188255.423,155.423,0.35,5.44,0.29,22.6,0.4,8.0,0.41,5.0,0.6,8.0,0.59,5.0,0.65,5.44,0.71,22.6,0.05,0.05,616.25403,1776188254000
1776188256.167,156.167,0.35,5.44,0.29,22.6,0.4,8.0,0.41,5.0,0.6,8.0,0.59,5.0,0.65,5.44,0.71,22.6,0.05,0.05,616.25126,1776188255000
1776188257.727,157.727,0.35,5.44,0.29,22.6,0.4,8.0,0.41,5.0,0.6,8.0,0.59,5.0,0.65,5.44,0.71,22.6,0.05,0.05,616.248,1776188256000
1776188258.321,158.321,0.35,3.34,0.33,11.8,0.42,8.0,0.44,15.0,0.6,8.0,0.59,5.0,0.65,5.44,0.71,22.6,0.07,0.05,616.248,1776188256000
1776188258.646,158.646,0.35,3.34,0.33,11.8,0.42,8.0,0.44,15.0,0.58,8.0,0.56,15.0,0.65,3.34,0.67,11.8,0.07,0.07,616.292609,1776188257000
1776188259.393,159.393,0.35,3.34,0.33,11.8,0.42,8.0,0.44,15.0,0.58,8.0,0.56,15.0,0.65,3.34,0.67,11.8,0.07,0.07,616.310988,1776188258000
1776188260.219,160.219,0.35,3.34,0.33,11.8,0.42,8.0,0.44,15.0,0.58,8.0,0.56,15.0,0.65,3.34,0.67,11.8,0.07,0.07,616.310988,1776188259000
1776188261.724,161.724,0.35,3.34,0.33,11.8,0.42,8.0,0.44,15.0,0.58,8.0,0.56,15.0,0.65,3.34,0.67,11.8,0.07,0.07,616.292537,1776188260000
1776188262.419,162.419,0.35,3.34,0.33,11.8,0.42,8.0,0.44,15.0,0.58,8.0,0.56,15.0,0.65,3.34,0.67,11.8,0.07,0.07,616.294529,1776188261000
1776188263.235,163.235,0.35,3.34,0.33,11.8,0.42,8.0,0.44,15.0,0.58,8.0,0.56,15.0,0.65,3.34,0.67,11.8,0.07,0.07,616.299452,1776188262000
1776188264.56,164.56,0.35,3.34,0.33,11.8,0.42,8.0,0.44,15.0,0.58,8.0,0.56,15.0,0.65,3.34,0.67,11.8,0.07,0.07,616.304637,1776188263000
1776188265.218,165.218,0.35,3.34,0.33,11.8,0.42,8.0,0.44,15.0,0.58,8.0,0.56,15.0,0.65,3.34,0.67,11.8,0.07,0.07,616.302581,1776188264000
1776188266.856,166.856,0.35,3.34,0.33,11.8,0.42,8.0,0.44,15.0,0.58,8.0,0.56,15.0,0.65,3.34,0.67,11.8,0.07,0.07,616.362114,1776188265000
1776188267.631,167.631,0.35,3.34,0.33,11.8,0.42,8.0,0.44,15.0,0.58,8.0,0.56,15.0,0.65,3.34,0.67,11.8,0.07,0.07,616.41,1776188266000
1776188268.3,168.3,0.35,3.34,0.33,11.8,0.42,8.0,0.44,15.0,0.58,8.0,0.56,15.0,0.65,3.34,0.67,11.8,0.07,0.07,616.41,1776188267000
1776188269.513,169.513,0.51,12.57,0.42,10.7,0.54,43.48,0.67,6.06,0.58,8.0,0.56,15.0,0.65,3.34,0.67,11.8,0.03,0.07,616.41,1776188267000
1776188269.808,169.808,0.51,12.57,0.46,5.0,0.54,26.98,0.67,6.06,0.46,26.98,0.33,6.06,0.49,12.57,0.54,5.0,0.03,0.03,616.46583,1776188268000
1776188270.492,170.492,0.51,55.57,0.48,5.0,0.54,16.48,0.67,6.06,0.46,16.48,0.33,6.06,0.49,55.57,0.52,5.0,0.03,0.03,616.512,1776188269000
1776188271.259,171.259,0.53,57.0,0.51,62.57,0.54,11.38,0.75,25.0,0.46,11.38,0.25,25.0,0.47,57.0,0.49,62.57,0.01,0.01,616.814922,1776188270000
1776188272.795,172.795,0.53,76.0,0.51,62.57,0.8,25.0,0.81,55.0,0.2,25.0,0.19,55.0,0.47,76.0,0.49,62.57,0.27,0.27,616.887034,1776188271000
1776188273.815,173.815,0.77,5.0,0.75,5.0,0.81,76.0,0.85,20.39,0.2,25.0,0.19,55.0,0.47,76.0,0.49,62.57,0.04,0.27,616.887034,1776188271000
1776188275.133,175.133,0.68,4.81,0.66,7.58,0.81,50.0,0.85,20.39,0.19,50.0,0.15,20.39,0.32,4.81,0.34,7.58,0.13,0.13,617.11767,1776188273000
1776188275.963,175.963,0.68,4.81,0.66,7.58,0.81,50.0,0.85,20.39,0.19,50.0,0.15,20.39,0.32,4.81,0.34,7.58,0.13,0.13,617.141,1776188274000
1776188276.644,176.644,0.68,4.81,0.66,7.58,0.81,50.0,0.85,20.39,0.19,50.0,0.15,20.39,0.32,4.81,0.34,7.58,0.13,0.13,617.147804,1776188275000
1776188277.52,177.52,0.68,4.81,0.66,7.58,0.81,50.0,0.85,20.39,0.19,50.0,0.15,20.39,0.32,4.81,0.34,7.58,0.13,0.13,617.17239,1776188276000
1776188278.021,178.021,0.68,4.81,0.66,7.58,0.81,50.0,0.85,20.39,0.19,50.0,0.15,20.39,0.32,4.81,0.34,7.58,0.13,0.13,617.21625,1776188277000
1776188279.596,179.596,0.68,4.81,0.66,7.58,0.81,50.0,0.85,20.39,0.19,50.0,0.15,20.39,0.32,4.81,0.34,7.58,0.13,0.13,617.21823,1776188278000
1776188280.259,180.259,0.68,4.81,0.66,7.58,0.81,50.0,0.85,20.39,0.19,50.0,0.15,20.39,0.32,4.81,0.34,7.58,0.13,0.13,617.21823,1776188279000
1776188281.674,181.674,0.68,4.81,0.66,7.58,0.81,50.0,0.85,20.39,0.19,50.0,0.15,20.39,0.32,4.81,0.34,7.58,0.13,0.13,617.22566,1776188280000
1776188282.405,182.405,0.68,4.81,0.66,7.58,0.81,50.0,0.85,20.39,0.19,50.0,0.15,20.39,0.32,4.81,0.34,7.58,0.13,0.13,617.22664,1776188281000
1776188283.114,183.114,0.68,4.81,0.66,7.58,0.81,50.0,0.85,20.39,0.19,50.0,0.15,20.39,0.32,4.81,0.34,7.58,0.13,0.13,617.254031,1776188282000
1776188283.396,183.396,0.79,5.0,0.77,35.0,0.86,7.67,0.91,50.0,0.19,50.0,0.15,20.39,0.32,4.81,0.34,7.58,0.07,0.13,617.254031,1776188282000
1776188284.552,184.552,0.79,5.0,0.77,35.0,0.86,7.67,0.91,50.0,0.14,7.67,0.09,50.0,0.21,5.0,0.23,35.0,0.07,0.07,617.30973,1776188283000
1776188285.24,185.24,0.79,5.0,0.77,35.0,0.86,7.67,0.91,50.0,0.14,7.67,0.09,50.0,0.21,5.0,0.23,35.0,0.07,0.07,617.267227,1776188284000
1776188286.596,186.596,0.79,5.0,0.77,35.0,0.86,7.67,0.91,50.0,0.14,7.67,0.09,50.0,0.21,5.0,0.23,35.0,0.07,0.07,617.273,1776188285000
1776188287.035,187.035,0.78,10.0,0.7,5.0,0.81,48.39,0.88,15.0,0.14,7.67,0.09,50.0,0.21,5.0,0.23,35.0,0.03,0.07,617.273,1776188285000
1776188287.304,187.304,0.7,5.0,0.6,10.8,0.71,40.0,0.81,48.39,0.29,40.0,0.19,48.39,0.3,5.0,0.4,10.8,0.01,0.01,617.27863,1776188286000
1776188287.891,187.891,0.56,10.6,0.55,10.5,0.61,48.36,0.7,10.0,0.29,40.0,0.19,48.39,0.3,5.0,0.4,10.8,0.05,0.01,617.27863,1776188286000
1776188288.679,188.679,0.56,10.6,0.55,10.5,0.61,48.36,0.7,10.0,0.39,48.36,0.3,10.0,0.44,10.6,0.45,10.5,0.05,0.05,617.071385,1776188287000
1776188289.234,189.234,0.56,10.6,0.55,10.5,0.61,48.36,0.7,10.0,0.39,48.36,0.3,10.0,0.44,10.6,0.45,10.5,0.05,0.05,616.966565,1776188288000
1776188290.665,190.665,0.67,7.0,0.56,7.0,0.7,10.0,0.71,40.0,0.3,10.0,0.29,40.0,0.33,7.0,0.44,7.0,0.03,0.03,616.76532,1776188289000
1776188291.258,191.258,0.67,7.0,0.56,7.0,0.7,10.0,0.71,40.0,0.3,10.0,0.29,40.0,0.33,7.0,0.44,7.0,0.03,0.03,616.77072,1776188290000
1776188292.351,192.351,0.67,7.0,0.56,7.0,0.7,10.0,0.71,40.0,0.3,10.0,0.29,40.0,0.33,7.0,0.44,7.0,0.03,0.03,616.74,1776188291000
1776188293.408,193.408,0.67,7.0,0.56,7.0,0.7,10.0,0.71,40.0,0.3,10.0,0.29,40.0,0.33,7.0,0.44,7.0,0.03,0.03,616.7461,1776188292000
1776188294.003,194.003,0.67,7.0,0.56,7.0,0.7,10.0,0.71,40.0,0.3,10.0,0.29,40.0,0.33,7.0,0.44,7.0,0.03,0.03,616.74188,1776188293000
1776188295.233,195.233,0.67,7.0,0.56,7.0,0.7,10.0,0.71,40.0,0.3,10.0,0.29,40.0,0.33,7.0,0.44,7.0,0.03,0.03,616.71309,1776188294000
1776188296.154,196.154,0.53,15.0,0.51,12.57,0.55,5.0,0.6,5.0,0.3,10.0,0.29,40.0,0.33,7.0,0.44,7.0,0.02,0.03,616.71309,1776188294000
1776188296.394,196.394,0.53,15.0,0.51,12.57,0.55,5.0,0.6,5.0,0.45,5.0,0.4,5.0,0.47,15.0,0.49,12.57,0.02,0.02,616.616315,1776188295000
1776188296.643,196.643,0.53,15.0,0.51,12.57,0.6,17.0,0.61,50.0,0.45,5.0,0.4,5.0,0.47,15.0,0.49,12.57,0.07,0.02,616.616315,1776188295000
1776188296.919,196.919,0.53,15.0,0.51,12.57,0.6,17.0,0.61,50.0,0.4,17.0,0.39,50.0,0.47,15.0,0.49,12.57,0.07,0.07,616.54421,1776188296000
1776188298.153,198.153,0.53,15.0,0.51,12.57,0.6,17.0,0.61,50.0,0.4,17.0,0.39,50.0,0.47,15.0,0.49,12.57,0.07,0.07,616.538,1776188297000
1776188299.202,199.202,0.53,15.0,0.51,12.57,0.6,17.0,0.61,50.0,0.4,17.0,0.39,50.0,0.47,15.0,0.49,12.57,0.07,0.07,616.59072,1776188298000
1776188300.476,200.476,0.53,15.0,0.51,12.57,0.6,17.0,0.61,50.0,0.4,17.0,0.39,50.0,0.47,15.0,0.49,12.57,0.07,0.07,616.59828,1776188299000
1776188301.082,201.082,0.53,15.0,0.51,12.57,0.6,17.0,0.61,50.0,0.4,17.0,0.39,50.0,0.47,15.0,0.49,12.57,0.07,0.07,616.60561,1776188300000
1776188302.167,202.167,0.53,15.0,0.51,12.57,0.6,17.0,0.61,50.0,0.4,17.0,0.39,50.0,0.47,15.0,0.49,12.57,0.07,0.07,616.58094,1776188301000
1776188303.314,203.314,0.53,15.0,0.51,12.57,0.6,17.0,0.61,50.0,0.4,17.0,0.39,50.0,0.47,15.0,0.49,12.57,0.07,0.07,616.57204,1776188302000
1776188304.343,204.343,0.53,15.0,0.51,12.57,0.6,17.0,0.61,50.0,0.4,17.0,0.39,50.0,0.47,15.0,0.49,12.57,0.07,0.07,616.5726,1776188303000
1776188305.446,205.446,0.53,15.0,0.51,12.57,0.6,17.0,0.61,50.0,0.4,17.0,0.39,50.0,0.47,15.0,0.49,12.57,0.07,0.07,616.57204,1776188304000
1776188305.881,205.881,0.51,7.57,0.44,16.25,0.61,50.0,0.63,11.2,0.4,17.0,0.39,50.0,0.47,15.0,0.49,12.57,0.1,0.07,616.57204,1776188304000
1776188307.178,207.178,0.51,7.57,0.44,16.25,0.61,50.0,0.63,11.2,0.39,50.0,0.37,11.2,0.49,7.57,0.56,16.25,0.1,0.1,616.567,1776188306000
1776188307.977,207.977,0.51,2.57,0.44,11.25,0.52,5.0,0.56,5.0,0.39,50.0,0.37,11.2,0.49,7.57,0.56,16.25,0.01,0.1,616.567,1776188306000
1776188308.381,208.381,0.51,2.57,0.44,11.25,0.52,5.0,0.56,5.0,0.48,5.0,0.44,5.0,0.49,2.57,0.56,11.25,0.01,0.01,616.48747,1776188307000
1776188308.992,208.992,0.44,11.25,0.37,11.2,0.56,5.0,0.58,5.0,0.44,5.0,0.42,5.0,0.56,11.25,0.63,11.2,0.12,0.12,616.48514,1776188308000
1776188310.029,210.029,0.44,11.25,0.37,11.2,0.56,5.0,0.58,5.0,0.44,5.0,0.42,5.0,0.56,11.25,0.63,11.2,0.12,0.12,616.502,1776188309000
1776188310.256,210.256,0.44,5.94,0.4,5.0,0.51,68.0,0.57,5.0,0.44,5.0,0.42,5.0,0.56,11.25,0.63,11.2,0.07,0.12,616.502,1776188309000
1776188310.753,210.753,0.28,12.87,0.24,14.3,0.33,5.0,0.44,5.0,0.56,5.0,0.49,68.0,0.59,8.28,0.76,14.3,0.05,0.03,616.502,1776188309000
1776188311.137,211.137,0.28,8.74,0.24,14.3,0.33,5.0,0.44,5.0,0.67,5.0,0.56,5.0,0.72,8.74,0.76,14.3,0.05,0.05,616.502,1776188310000
1776188312.233,212.233,0.28,8.74,0.24,14.3,0.33,5.0,0.44,5.0,0.67,5.0,0.56,5.0,0.72,8.74,0.76,14.3,0.05,0.05,616.27361,1776188311000
1776188312.994,212.994,0.24,10.15,0.23,14.7,0.31,5.0,0.33,10.0,0.67,5.0,0.56,5.0,0.72,8.74,0.76,14.3,0.07,0.05,616.27361,1776188311000
1776188313.286,213.286,0.24,10.15,0.23,14.7,0.31,5.0,0.33,10.0,0.69,5.0,0.67,10.0,0.76,10.15,0.77,14.7,0.07,0.07,616.24824,1776188312000
1776188313.73,213.73,0.23,11.73,0.22,15.2,0.31,5.0,0.33,10.0,0.69,5.0,0.67,10.0,0.76,10.15,0.77,14.7,0.08,0.07,616.24824,1776188312000
1776188314.993,214.993,0.23,11.73,0.22,15.2,0.31,5.0,0.33,10.0,0.69,5.0,0.67,10.0,0.77,11.73,0.78,15.2,0.08,0.08,616.24017,1776188314000
1776188316.218,216.218,0.23,11.73,0.22,15.2,0.31,5.0,0.33,10.0,0.69,5.0,0.67,10.0,0.77,11.73,0.78,15.2,0.08,0.08,616.2739,1776188315000
1776188316.458,216.458,0.23,11.73,0.22,15.2,0.33,10.0,0.44,5.0,0.69,5.0,0.67,10.0,0.77,11.73,0.78,15.2,0.1,0.08,616.2739,1776188315000
1776188319.785,219.785,0.23,11.73,0.22,15.2,0.33,10.0,0.44,5.0,0.67,10.0,0.56,5.0,0.77,11.73,0.78,15.2,0.1,0.1,616.26551,1776188316000
1776188320.057,220.057,0.23,11.73,0.22,15.2,0.33,10.0,0.44,5.0,0.67,10.0,0.56,5.0,0.77,11.73,0.78,15.2,0.1,0.1,616.24765,1776188317000
1776188320.299,220.299,0.23,11.73,0.22,15.2,0.33,10.0,0.44,5.0,0.67,10.0,0.56,5.0,0.77,11.73,0.78,15.2,0.1,0.1,616.26089,1776188318000
1776188321.321,221.321,0.23,11.73,0.22,15.2,0.33,10.0,0.44,5.0,0.67,10.0,0.56,5.0,0.77,11.73,0.78,15.2,0.1,0.1,616.281242,1776188320000
1776188322.466,222.466,0.23,11.73,0.22,15.2,0.33,10.0,0.44,5.0,0.67,10.0,0.56,5.0,0.77,11.73,0.78,15.2,0.1,0.1,616.309337,1776188321000
1776188322.785,222.785,0.28,12.9,0.27,13.2,0.33,5.0,0.34,14.0,0.67,10.0,0.56,5.0,0.77,11.73,0.78,15.2,0.05,0.1,616.309337,1776188321000
1776188323.349,223.349,0.28,12.9,0.27,13.2,0.33,5.0,0.34,14.0,0.67,5.0,0.66,14.0,0.72,12.9,0.73,13.2,0.05,0.05,616.309278,1776188322000
1776188324.209,224.209,0.28,12.9,0.27,13.2,0.33,5.0,0.34,14.0,0.67,5.0,0.66,14.0,0.72,12.9,0.73,13.2,0.05,0.05,616.310701,1776188323000
1776188325.468,225.468,0.28,12.9,0.27,13.2,0.33,5.0,0.34,14.0,0.67,5.0,0.66,14.0,0.72,12.9,0.73,13.2,0.05,0.05,616.310698,1776188324000
1776188326.241,226.241,0.28,12.9,0.27,13.2,0.33,5.0,0.34,14.0,0.67,5.0,0.66,14.0,0.72,12.9,0.73,13.2,0.05,0.05,616.298259,1776188325000
1776188327.615,227.615,0.28,12.9,0.27,13.2,0.33,5.0,0.34,14.0,0.67,5.0,0.66,14.0,0.72,12.9,0.73,13.2,0.05,0.05,616.353369,1776188326000
1776188328.401,228.401,0.28,12.9,0.27,13.2,0.33,5.0,0.34,14.0,0.67,5.0,0.66,14.0,0.72,12.9,0.73,13.2,0.05,0.05,616.35501,1776188327000
1776188329.19,229.19,0.28,12.9,0.27,13.2,0.33,5.0,0.34,14.0,0.67,5.0,0.66,14.0,0.72,12.9,0.73,13.2,0.05,0.05,616.355573,1776188328000
1776188330.574,230.574,0.28,12.9,0.27,13.2,0.33,5.0,0.34,14.0,0.67,5.0,0.66,14.0,0.72,12.9,0.73,13.2,0.05,0.05,616.271743,1776188329000
1776188331.287,231.287,0.28,12.9,0.27,13.2,0.33,5.0,0.34,14.0,0.67,5.0,0.66,14.0,0.72,12.9,0.73,13.2,0.05,0.05,616.254,1776188330000
1776188332.442,232.442,0.28,12.9,0.27,13.2,0.33,5.0,0.34,14.0,0.67,5.0,0.66,14.0,0.72,12.9,0.73,13.2,0.05,0.05,616.257043,1776188331000
1776188333.17,233.17,0.28,12.9,0.27,13.2,0.33,5.0,0.34,14.0,0.67,5.0,0.66,14.0,0.72,12.9,0.73,13.2,0.05,0.05,616.18754,1776188332000
1776188334.493,234.493,0.28,12.9,0.27,13.2,0.33,5.0,0.34,14.0,0.67,5.0,0.66,14.0,0.72,12.9,0.73,13.2,0.05,0.05,616.142839,1776188333000
1776188335.168,235.168,0.28,12.9,0.27,13.2,0.33,5.0,0.34,14.0,0.67,5.0,0.66,14.0,0.72,12.9,0.73,13.2,0.05,0.05,616.13386,1776188334000
1776188336.483,236.483,0.28,12.9,0.27,13.2,0.33,5.0,0.34,14.0,0.67,5.0,0.66,14.0,0.72,12.9,0.73,13.2,0.05,0.05,616.133047,1776188335000
1776188337.111,237.111,0.28,12.9,0.27,13.2,0.33,5.0,0.34,14.0,0.67,5.0,0.66,14.0,0.72,12.9,0.73,13.2,0.05,0.05,616.133082,1776188336000
1776188338.417,238.417,0.28,12.9,0.27,13.2,0.33,5.0,0.34,14.0,0.67,5.0,0.66,14.0,0.72,12.9,0.73,13.2,0.05,0.05,616.133082,1776188337000
1776188338.997,238.997,0.28,12.9,0.27,13.2,0.33,5.0,0.34,14.0,0.67,5.0,0.66,14.0,0.72,12.9,0.73,13.2,0.05,0.05,616.136266,1776188338000
1776188340.106,240.106,0.28,12.9,0.27,13.2,0.33,5.0,0.34,14.0,0.67,5.0,0.66,14.0,0.72,12.9,0.73,13.2,0.05,0.05,616.137368,1776188339000
1776188341.673,241.673,0.28,12.9,0.27,13.2,0.33,5.0,0.34,14.0,0.67,5.0,0.66,14.0,0.72,12.9,0.73,13.2,0.05,0.05,616.2,1776188340000
1776188342.26,242.26,0.28,12.9,0.27,13.2,0.33,5.0,0.34,14.0,0.67,5.0,0.66,14.0,0.72,12.9,0.73,13.2,0.05,0.05,616.2,1776188341000
1776188343.3,243.3,0.21,31.01,0.15,20.39,0.27,5.07,0.33,5.0,0.67,5.0,0.66,14.0,0.72,12.9,0.73,13.2,0.06,0.05,616.2,1776188341000
1776188343.651,243.651,0.21,31.01,0.15,20.39,0.27,5.07,0.33,5.0,0.73,5.07,0.67,5.0,0.79,31.01,0.85,20.39,0.06,0.06,616.191,1776188342000
1776188344.33,244.33,0.17,102.39,0.16,19.3,0.19,21.0,0.27,5.07,0.73,5.07,0.67,5.0,0.79,31.01,0.85,20.39,0.02,0.06,616.191,1776188342000
1776188345.436,245.436,0.21,29.0,0.18,17.6,0.27,5.07,0.33,5.0,0.81,21.0,0.73,5.07,0.83,102.39,0.84,19.3,0.06,0.02,616.207879,1776188343000
1776188346.141,246.141,0.21,29.0,0.18,17.6,0.27,5.07,0.33,5.0,0.73,5.07,0.67,5.0,0.79,29.0,0.82,17.6,0.06,0.06,616.338004,1776188345000
1776188347.474,247.474,0.21,29.0,0.18,17.6,0.27,5.07,0.33,5.0,0.73,5.07,0.67,5.0,0.79,29.0,0.82,17.6,0.06,0.06,616.453246,1776188346000
1776188348.132,248.132,0.21,29.0,0.18,17.6,0.27,5.07,0.33,5.0,0.73,5.07,0.67,5.0,0.79,29.0,0.82,17.6,0.06,0.06,616.453892,1776188347000
1776188348.559,248.559,0.24,2.43,0.23,14.7,0.33,5.0,0.41,50.0,0.73,5.07,0.67,5.0,0.79,29.0,0.82,17.6,0.09,0.06,616.453892,1776188347000
1776188349.5,249.5,0.24,2.43,0.23,14.7,0.33,5.0,0.41,50.0,0.67,5.0,0.59,50.0,0.76,2.43,0.77,14.7,0.09,0.09,616.443117,1776188348000
1776188349.9,249.9,0.26,5.58,0.25,13.9,0.33,5.0,0.41,50.0,0.67,5.0,0.59,50.0,0.76,2.43,0.77,14.7,0.07,0.09,616.443117,1776188348000
1776188350.217,250.217,0.23,7.42,0.22,15.2,0.33,5.0,0.41,50.0,0.67,5.0,0.59,50.0,0.77,7.42,0.78,15.2,0.1,0.1,616.443117,1776188349000
1776188351.492,251.492,0.23,7.42,0.22,15.2,0.33,5.0,0.41,50.0,0.67,5.0,0.59,50.0,0.77,7.42,0.78,15.2,0.1,0.1,616.442302,1776188350000
1776188352.117,252.117,0.23,7.42,0.22,15.2,0.33,5.0,0.41,50.0,0.67,5.0,0.59,50.0,0.77,7.42,0.78,15.2,0.1,0.1,616.443178,1776188351000
1776188353.42,253.42,0.23,7.42,0.22,15.2,0.33,5.0,0.41,50.0,0.67,5.0,0.59,50.0,0.77,7.42,0.78,15.2,0.1,0.1,616.442465,1776188352000
1776188354.059,254.059,0.23,7.42,0.22,15.2,0.33,5.0,0.41,50.0,0.67,5.0,0.59,50.0,0.77,7.42,0.78,15.2,0.1,0.1,616.442207,1776188353000
1776188355.388,255.388,0.23,7.42,0.22,15.2,0.33,5.0,0.41,50.0,0.67,5.0,0.59,50.0,0.77,7.42,0.78,15.2,0.1,0.1,616.406955,1776188354000
1776188356.112,256.112,0.23,7.42,0.22,15.2,0.33,5.0,0.41,50.0,0.67,5.0,0.59,50.0,0.77,7.42,0.78,15.2,0.1,0.1,616.406594,1776188355000
1776188357.231,257.231,0.23,7.42,0.22,15.2,0.33,5.0,0.41,50.0,0.67,5.0,0.59,50.0,0.77,7.42,0.78,15.2,0.1,0.1,616.405811,1776188356000
1776188358.198,258.198,0.23,7.42,0.22,15.2,0.33,5.0,0.41,50.0,0.67,5.0,0.59,50.0,0.77,7.42,0.78,15.2,0.1,0.1,616.405285,1776188357000
1776188359.286,259.286,0.23,7.42,0.22,15.2,0.33,5.0,0.41,50.0,0.67,5.0,0.59,50.0,0.77,7.42,0.78,15.2,0.1,0.1,616.406255,1776188358000
1776188360.347,260.347,0.23,7.42,0.22,15.2,0.33,5.0,0.41,50.0,0.67,5.0,0.59,50.0,0.77,7.42,0.78,15.2,0.1,0.1,616.406831,1776188359000
1776188361.376,261.376,0.23,7.42,0.22,15.2,0.33,5.0,0.41,50.0,0.67,5.0,0.59,50.0,0.77,7.42,0.78,15.2,0.1,0.1,616.406833,1776188360000
1776188361.929,261.929,0.23,7.42,0.22,15.2,0.33,5.0,0.41,50.0,0.67,5.0,0.59,50.0,0.77,7.42,0.78,15.2,0.1,0.1,616.406852,1776188361000
1776188363.078,263.078,0.23,7.42,0.22,15.2,0.33,5.0,0.41,50.0,0.67,5.0,0.59,50.0,0.77,7.42,0.78,15.2,0.1,0.1,616.406686,1776188362000
1776188363.994,263.994,0.23,7.42,0.22,15.2,0.33,5.0,0.41,50.0,0.67,5.0,0.59,50.0,0.77,7.42,0.78,15.2,0.1,0.1,616.404552,1776188363000
1776188364.992,264.992,0.23,7.42,0.22,15.2,0.33,5.0,0.41,50.0,0.67,5.0,0.59,50.0,0.77,7.42,0.78,15.2,0.1,0.1,616.404552,1776188364000
1776188365.981,265.981,0.23,7.42,0.22,15.2,0.33,5.0,0.41,50.0,0.67,5.0,0.59,50.0,0.77,7.42,0.78,15.2,0.1,0.1,616.404056,1776188365000
1776188366.954,266.954,0.23,7.42,0.22,15.2,0.33,5.0,0.41,50.0,0.67,5.0,0.59,50.0,0.77,7.42,0.78,15.2,0.1,0.1,616.404149,1776188366000
1776188368.044,268.044,0.23,7.42,0.22,15.2,0.33,5.0,0.41,50.0,0.67,5.0,0.59,50.0,0.77,7.42,0.78,15.2,0.1,0.1,616.406783,1776188367000
1776188368.982,268.982,0.23,7.42,0.22,15.2,0.33,5.0,0.41,50.0,0.67,5.0,0.59,50.0,0.77,7.42,0.78,15.2,0.1,0.1,616.406809,1776188368000
1776188370.77,270.77,0.23,7.42,0.22,15.2,0.33,5.0,0.41,50.0,0.67,5.0,0.59,50.0,0.77,7.42,0.78,15.2,0.1,0.1,616.407219,1776188369000
1776188371.846,271.846,0.23,7.42,0.22,15.2,0.33,5.0,0.41,50.0,0.67,5.0,0.59,50.0,0.77,7.42,0.78,15.2,0.1,0.1,616.407249,1776188370000
1776188372.449,272.449,0.23,7.42,0.22,15.2,0.33,5.0,0.41,50.0,0.67,5.0,0.59,50.0,0.77,7.42,0.78,15.2,0.1,0.1,616.405244,1776188371000
1776188373.463,273.463,0.23,7.42,0.22,15.2,0.33,5.0,0.41,50.0,0.67,5.0,0.59,50.0,0.77,7.42,0.78,15.2,0.1,0.1,616.405777,1776188372000
1776188374.124,274.124,0.23,7.42,0.22,15.2,0.33,5.0,0.41,50.0,0.67,5.0,0.59,50.0,0.77,7.42,0.78,15.2,0.1,0.1,616.406839,1776188373000
1776188375.602,275.602,0.23,7.42,0.22,15.2,0.33,5.0,0.41,50.0,0.67,5.0,0.59,50.0,0.77,7.42,0.78,15.2,0.1,0.1,616.406826,1776188374000
1776188376.353,276.353,0.23,7.42,0.22,15.2,0.33,5.0,0.41,50.0,0.67,5.0,0.59,50.0,0.77,7.42,0.78,15.2,0.1,0.1,616.406826,1776188375000
1776188376.771,276.771,0.17,77.39,0.11,50.0,0.2,6.11,0.33,5.0,0.67,5.0,0.59,50.0,0.77,7.42,0.78,15.2,0.03,0.1,616.406826,1776188375000
1776188376.983,276.983,0.17,77.39,0.11,50.0,0.2,6.11,0.33,5.0,0.8,6.11,0.67,5.0,0.83,77.39,0.89,50.0,0.03,0.03,616.406695,1776188376000
1776188378.466,278.466,0.17,77.39,0.11,50.0,0.2,6.11,0.33,5.0,0.8,6.11,0.67,5.0,0.83,77.39,0.89,50.0,0.03,0.03,616.406696,1776188377000
1776188379.098,279.098,0.17,77.39,0.11,50.0,0.2,6.11,0.33,5.0,0.8,6.11,0.67,5.0,0.83,77.39,0.89,50.0,0.03,0.03,616.406788,1776188378000
1776188380.736,280.736,0.17,77.39,0.11,50.0,0.2,6.11,0.33,5.0,0.8,6.11,0.67,5.0,0.83,77.39,0.89,50.0,0.03,0.03,616.402727,1776188379000
1776188381.517,281.517,0.17,77.39,0.11,50.0,0.2,6.11,0.33,5.0,0.8,6.11,0.67,5.0,0.83,77.39,0.89,50.0,0.03,0.03,616.402727,1776188380000
1776188382.362,282.362,0.17,77.39,0.11,50.0,0.2,6.11,0.33,5.0,0.8,6.11,0.67,5.0,0.83,77.39,0.89,50.0,0.03,0.03,616.402125,1776188381000
1776188383.674,283.674,0.17,77.39,0.11,50.0,0.2,6.11,0.33,5.0,0.8,6.11,0.67,5.0,0.83,77.39,0.89,50.0,0.03,0.03,616.402278,1776188382000
1776188384.428,284.428,0.17,77.39,0.11,50.0,0.2,6.11,0.33,5.0,0.8,6.11,0.67,5.0,0.83,77.39,0.89,50.0,0.03,0.03,616.406859,1776188383000
1776188385.146,285.146,0.17,77.39,0.11,50.0,0.2,6.11,0.33,5.0,0.8,6.11,0.67,5.0,0.83,77.39,0.89,50.0,0.03,0.03,616.406859,1776188384000
1776188386.484,286.484,0.17,77.39,0.11,50.0,0.2,6.11,0.33,5.0,0.8,6.11,0.67,5.0,0.83,77.39,0.89,50.0,0.03,0.03,616.406894,1776188385000
1776188387.151,287.151,0.17,77.39,0.11,50.0,0.2,6.11,0.33,5.0,0.8,6.11,0.67,5.0,0.83,77.39,0.89,50.0,0.03,0.03,616.406866,1776188386000
1776188388.581,288.581,0.17,77.39,0.11,50.0,0.2,6.11,0.33,5.0,0.8,6.11,0.67,5.0,0.83,77.39,0.89,50.0,0.03,0.03,616.407241,1776188387000
1776188389.88,289.88,0.17,77.39,0.11,50.0,0.2,6.11,0.33,5.0,0.8,6.11,0.67,5.0,0.83,77.39,0.89,50.0,0.03,0.03,616.410329,1776188388000
1776188390.744,290.744,0.17,77.39,0.11,50.0,0.2,6.11,0.33,5.0,0.8,6.11,0.67,5.0,0.83,77.39,0.89,50.0,0.03,0.03,616.410329,1776188389000
1776188391.032,291.032,0.17,76.19,0.02,5.0,0.2,6.0,0.31,50.0,0.8,6.11,0.67,5.0,0.83,77.39,0.89,50.0,0.03,0.03,616.410329,1776188389000
1776188391.464,291.464,0.17,76.19,0.02,5.0,0.2,6.0,0.31,50.0,0.8,6.0,0.69,50.0,0.83,76.19,0.98,5.0,0.03,0.03,616.41035,1776188390000
1776188392.423,292.423,0.17,76.19,0.02,5.0,0.2,6.0,0.31,50.0,0.8,6.0,0.69,50.0,0.83,76.19,0.98,5.0,0.03,0.03,616.410786,1776188391000
1776188392.677,292.677,0.17,74.99,0.02,5.0,0.2,6.0,0.31,50.0,0.8,6.0,0.69,50.0,0.83,76.19,0.98,5.0,0.03,0.03,616.410786,1776188391000
1776188393.074,293.074,0.17,74.99,0.02,5.0,0.2,6.0,0.31,50.0,0.8,6.0,0.69,50.0,0.83,74.99,0.98,5.0,0.03,0.03,616.410822,1776188392000
1776188394.606,294.606,0.17,74.99,0.02,5.0,0.2,6.0,0.31,50.0,0.8,6.0,0.69,50.0,0.83,74.99,0.98,5.0,0.03,0.03,616.403301,1776188393000
1776188395.308,295.308,0.17,74.99,0.02,5.0,0.2,6.0,0.31,50.0,0.8,6.0,0.69,50.0,0.83,74.99,0.98,5.0,0.03,0.03,616.403299,1776188394000
1776188395.558,295.558,0.11,50.0,0.02,14.0,0.51,49.76,0.61,50.0,0.8,6.0,0.69,50.0,0.83,74.99,0.98,5.0,0.4,0.03,616.403299,1776188394000
1776188395.787,295.787,0.21,50.0,0.11,50.0,0.51,36.1,0.61,50.0,0.49,38.1,0.39,50.0,0.79,50.0,0.89,50.0,0.3,0.3,616.403299,1776188394000
1776188396.333,296.333,0.21,28.25,0.11,50.0,0.36,7.0,0.51,30.21,0.49,30.21,0.39,50.0,0.79,50.0,0.89,50.0,0.15,0.3,616.403299,1776188394000
1776188396.568,296.568,0.21,28.25,0.11,50.0,0.36,7.0,0.51,30.21,0.64,7.0,0.49,30.21,0.79,28.25,0.89,50.0,0.15,0.15,616.403515,1776188395000
1776188396.877,296.877,0.21,2.94,0.11,50.0,0.36,7.0,0.51,30.21,0.64,7.0,0.49,30.21,0.79,28.25,0.89,50.0,0.15,0.15,616.403515,1776188395000
1776188397.135,297.135,0.21,1.68,0.11,50.0,0.36,7.0,0.51,30.21,0.64,7.0,0.49,30.21,0.79,1.68,0.89,50.0,0.15,0.15,616.531952,1776188396000
1776188397.564,297.564,0.21,1.68,0.11,50.0,0.51,28.39,0.61,50.0,0.64,7.0,0.49,30.21,0.79,1.68,0.89,50.0,0.3,0.15,616.531952,1776188396000
1776188398.176,298.176,0.21,51.68,0.11,50.0,0.51,20.62,0.61,50.0,0.49,28.39,0.39,50.0,0.79,1.68,0.89,50.0,0.3,0.3,616.531952,1776188396000
1776188398.6,298.6,0.21,51.68,0.11,50.0,0.51,20.62,0.61,50.0,0.49,20.62,0.39,50.0,0.79,51.68,0.89,50.0,0.3,0.3,616.556046,1776188397000
1776188399.249,299.249,0.21,51.68,0.11,50.0,0.51,20.62,0.61,50.0,0.49,20.62,0.39,50.0,0.79,51.68,0.89,50.0,0.3,0.3,616.556046,1776188398000
1776188399.512,299.512,0.41,8.0,0.4,2.46,0.5,3.52,0.57,5.0,0.55,5.0,0.5,5.0,0.6,2.46,0.71,30.0,0.09,0.05,616.556046,1776188398000
1776188399.73,299.73,0.5,95.54,0.41,8.0,0.56,4.59,0.57,5.0,0.43,5.0,0.31,16.91,0.5,95.54,0.59,8.0,0.06,0.07,616.556046,1776188398000
1776188399.962,299.962,0.51,5.89,0.5,95.54,0.56,9.37,0.57,4.59,0.43,4.59,0.31,16.91,0.5,95.54,0.59,8.0,0.05,0.07,616.556046,1776188398000
1776188400.204,300.204,0.55,45.0,0.51,5.89,0.6,3.18,0.65,60.0,0.44,4.37,0.43,9.59,0.45,45.0,0.49,5.89,0.05,0.01,616.55603,1776188399000
1776188400.442,300.442,0.55,1.0,0.51,5.89,0.8,18.0,0.9,15.0,0.2,18.0,0.1,15.0,0.35,14.0,0.45,40.0,0.25,0.15,616.55603,1776188399000
1776188400.899,300.899,0.54,5.0,0.5,7.43,0.55,35.41,0.8,18.0,0.45,38.14,0.2,18.0,0.5,7.43,0.55,60.0,0.01,0.05,616.55603,1776188399000

# RESULT,winner=Down,slug=bnb-updown-5m-1776188100,ticks=353
