timestamp,elapsed_sec,up_bid_p1,up_bid_s1,up_bid_p2,up_bid_s2,up_ask_p1,up_ask_s1,up_ask_p2,up_ask_s2,down_bid_p1,down_bid_s1,down_bid_p2,down_bid_s2,down_ask_p1,down_ask_s1,down_ask_p2,down_ask_s2,up_spread,down_spread,bnb_price,bnb_oracle_ts
1776195611.522,11.522,0.51,10.0,0.5,5.0,0.6,10.0,0.61,5.0,0.4,10.0,0.39,5.0,0.48,5.0,0.49,10.0,0.09,0.08,613.788,1776195609000
1776195612.057,12.057,0.51,10.0,0.5,5.0,0.6,10.0,0.61,5.0,0.4,10.0,0.39,5.0,0.48,5.0,0.49,10.0,0.09,0.08,613.787,1776195610000
1776195613.286,13.286,0.52,5.0,0.51,10.0,0.6,10.0,0.61,5.0,0.4,10.0,0.39,5.0,0.48,5.0,0.49,10.0,0.08,0.08,613.841466,1776195612000
1776195614.22,14.22,0.52,5.0,0.51,10.0,0.6,10.0,0.61,5.0,0.4,10.0,0.39,5.0,0.48,5.0,0.49,10.0,0.08,0.08,613.866032,1776195613000
1776195615.445,15.445,0.52,5.0,0.51,10.0,0.6,10.0,0.61,5.0,0.4,10.0,0.39,5.0,0.48,5.0,0.49,10.0,0.08,0.08,613.866349,1776195614000
1776195616.371,16.371,0.52,5.0,0.51,10.0,0.6,10.0,0.61,5.0,0.4,10.0,0.39,5.0,0.48,5.0,0.49,10.0,0.08,0.08,613.867181,1776195615000
1776195616.915,16.915,0.52,5.0,0.51,10.0,0.6,10.0,0.61,5.0,0.4,10.0,0.39,5.0,0.48,5.0,0.49,10.0,0.08,0.08,613.872345,1776195616000
1776195617.921,17.921,0.52,5.0,0.51,10.0,0.6,10.0,0.61,5.0,0.4,10.0,0.39,5.0,0.48,5.0,0.49,10.0,0.08,0.08,613.936,1776195617000
1776195618.958,18.958,0.52,5.0,0.51,10.0,0.6,10.0,0.61,5.0,0.4,10.0,0.39,5.0,0.48,5.0,0.49,10.0,0.08,0.08,613.886,1776195618000
1776195620.056,20.056,0.52,5.0,0.51,10.0,0.6,10.0,0.61,5.0,0.4,10.0,0.39,5.0,0.48,5.0,0.49,10.0,0.08,0.08,613.886,1776195619000
1776195621.115,21.115,0.52,5.0,0.51,10.0,0.6,10.0,0.61,5.0,0.4,10.0,0.39,5.0,0.48,5.0,0.49,10.0,0.08,0.08,613.825,1776195620000
1776195622.108,22.108,0.52,5.0,0.51,10.0,0.6,10.0,0.61,5.0,0.4,10.0,0.39,5.0,0.48,5.0,0.49,10.0,0.08,0.08,613.841,1776195621000
1776195623.186,23.186,0.52,5.0,0.51,10.0,0.6,10.0,0.61,5.0,0.4,10.0,0.39,5.0,0.48,5.0,0.49,10.0,0.08,0.08,613.84,1776195622000
1776195624.211,24.211,0.52,5.0,0.51,10.0,0.6,10.0,0.61,5.0,0.4,10.0,0.39,5.0,0.48,5.0,0.49,10.0,0.08,0.08,613.834,1776195623000
1776195625.351,25.351,0.52,5.0,0.51,10.0,0.6,10.0,0.61,5.0,0.4,10.0,0.39,5.0,0.48,5.0,0.49,10.0,0.08,0.08,613.834,1776195624000
1776195626.317,26.317,0.52,5.0,0.51,10.0,0.6,10.0,0.61,5.0,0.4,10.0,0.39,5.0,0.48,5.0,0.49,10.0,0.08,0.08,613.836,1776195625000
1776195627.869,27.869,0.52,5.0,0.51,10.0,0.6,10.0,0.61,5.0,0.4,10.0,0.39,5.0,0.48,5.0,0.49,10.0,0.08,0.08,613.855,1776195626000
1776195628.378,28.378,0.52,5.0,0.51,10.0,0.6,10.0,0.61,5.0,0.4,10.0,0.39,5.0,0.48,5.0,0.49,10.0,0.08,0.08,613.86,1776195627000
1776195628.945,28.945,0.52,5.0,0.51,10.0,0.6,10.0,0.61,5.0,0.4,10.0,0.39,5.0,0.48,5.0,0.49,10.0,0.08,0.08,613.86,1776195628000
1776195630.061,30.061,0.52,5.0,0.51,10.0,0.6,10.0,0.61,5.0,0.4,10.0,0.39,5.0,0.48,5.0,0.49,10.0,0.08,0.08,613.854,1776195629000
1776195631.1,31.1,0.52,5.0,0.51,10.0,0.6,10.0,0.61,5.0,0.4,10.0,0.39,5.0,0.48,5.0,0.49,10.0,0.08,0.08,613.854,1776195630000
1776195632.714,32.714,0.52,5.0,0.51,10.0,0.6,10.0,0.61,5.0,0.4,10.0,0.39,5.0,0.48,5.0,0.49,10.0,0.08,0.08,613.771408,1776195631000
1776195633.326,33.326,0.52,5.0,0.51,10.0,0.6,10.0,0.61,5.0,0.4,10.0,0.39,5.0,0.48,5.0,0.49,10.0,0.08,0.08,613.795,1776195632000
1776195634.367,34.367,0.52,5.0,0.51,10.0,0.6,10.0,0.61,5.0,0.4,10.0,0.39,5.0,0.48,5.0,0.49,10.0,0.08,0.08,613.8,1776195633000
1776195635.492,35.492,0.52,5.0,0.51,10.0,0.6,10.0,0.61,5.0,0.4,10.0,0.39,5.0,0.48,5.0,0.49,10.0,0.08,0.08,613.789,1776195634000
1776195636.035,36.035,0.52,5.0,0.51,10.0,0.6,10.0,0.61,5.0,0.4,10.0,0.39,5.0,0.48,5.0,0.49,10.0,0.08,0.08,613.789,1776195635000
1776195637.508,37.508,0.52,5.0,0.51,10.0,0.6,10.0,0.61,5.0,0.4,10.0,0.39,5.0,0.48,5.0,0.49,10.0,0.08,0.08,613.771247,1776195636000
1776195638.072,38.072,0.52,5.0,0.51,10.0,0.6,10.0,0.61,5.0,0.4,10.0,0.39,5.0,0.48,5.0,0.49,10.0,0.08,0.08,613.766,1776195637000
1776195639.263,39.263,0.52,5.0,0.51,10.0,0.6,10.0,0.61,5.0,0.4,10.0,0.39,5.0,0.48,5.0,0.49,10.0,0.08,0.08,613.774,1776195638000
1776195640.52,40.52,0.52,5.0,0.51,10.0,0.6,10.0,0.61,5.0,0.4,10.0,0.39,5.0,0.48,5.0,0.49,10.0,0.08,0.08,613.779,1776195639000
1776195641.018,41.018,0.52,5.0,0.51,10.0,0.6,10.0,0.61,5.0,0.4,10.0,0.39,5.0,0.48,5.0,0.49,10.0,0.08,0.08,613.779,1776195640000
1776195642.168,42.168,0.52,5.0,0.51,10.0,0.6,10.0,0.61,5.0,0.4,10.0,0.39,5.0,0.48,5.0,0.49,10.0,0.08,0.08,613.779,1776195641000
1776195643.092,43.092,0.52,5.0,0.51,10.0,0.6,10.0,0.61,5.0,0.4,10.0,0.39,5.0,0.48,5.0,0.49,10.0,0.08,0.08,613.78,1776195642000
1776195644.086,44.086,0.52,5.0,0.51,10.0,0.6,10.0,0.61,5.0,0.4,10.0,0.39,5.0,0.48,5.0,0.49,10.0,0.08,0.08,613.781,1776195643000
1776195645.143,45.143,0.52,5.0,0.51,10.0,0.6,10.0,0.61,5.0,0.4,10.0,0.39,5.0,0.48,5.0,0.49,10.0,0.08,0.08,613.788,1776195644000
1776195646.19,46.19,0.52,5.0,0.51,10.0,0.6,10.0,0.61,5.0,0.4,10.0,0.39,5.0,0.48,5.0,0.49,10.0,0.08,0.08,613.84057,1776195645000
1776195647.158,47.158,0.52,5.0,0.51,10.0,0.6,10.0,0.61,5.0,0.4,10.0,0.39,5.0,0.48,5.0,0.49,10.0,0.08,0.08,613.909,1776195646000
1776195648.259,48.259,0.49,10.0,0.44,5.0,0.62,5.0,0.64,5.0,0.38,5.0,0.36,5.0,0.51,10.0,0.56,5.0,0.13,0.13,613.909,1776195647000
1776195649.289,49.289,0.49,10.0,0.44,5.0,0.62,5.0,0.64,5.0,0.38,5.0,0.36,5.0,0.51,10.0,0.56,5.0,0.13,0.13,613.893,1776195648000
1776195650.383,50.383,0.49,10.0,0.44,5.0,0.62,5.0,0.64,5.0,0.38,5.0,0.36,5.0,0.51,10.0,0.56,5.0,0.13,0.13,613.882,1776195649000
1776195650.841,50.841,0.47,10.0,0.46,15.0,0.54,6.52,0.59,10.0,0.38,5.0,0.36,5.0,0.51,10.0,0.56,5.0,0.07,0.13,613.882,1776195649000
1776195651.354,51.354,0.47,10.0,0.46,15.0,0.54,6.52,0.59,10.0,0.46,6.52,0.41,10.0,0.53,10.0,0.54,15.0,0.07,0.07,613.852239,1776195650000
1776195651.949,51.949,0.47,10.0,0.46,15.0,0.54,6.52,0.59,10.0,0.46,6.52,0.41,10.0,0.53,10.0,0.54,15.0,0.07,0.07,613.852237,1776195651000
1776195652.935,52.935,0.47,10.0,0.46,15.0,0.54,6.52,0.59,10.0,0.46,6.52,0.41,10.0,0.53,10.0,0.54,15.0,0.07,0.07,613.867333,1776195652000
1776195654.023,54.023,0.47,10.0,0.46,15.0,0.54,6.52,0.59,10.0,0.46,6.52,0.41,10.0,0.53,10.0,0.54,15.0,0.07,0.07,613.866177,1776195653000
1776195655.064,55.064,0.47,10.0,0.46,15.0,0.54,6.52,0.59,10.0,0.46,6.52,0.41,10.0,0.53,10.0,0.54,15.0,0.07,0.07,613.870558,1776195654000
1776195656.474,56.474,0.47,10.0,0.46,15.0,0.54,6.52,0.59,10.0,0.46,6.52,0.41,10.0,0.53,10.0,0.54,15.0,0.07,0.07,613.87056,1776195655000
1776195657.119,57.119,0.47,10.0,0.46,15.0,0.54,6.52,0.59,10.0,0.46,6.52,0.41,10.0,0.53,10.0,0.54,15.0,0.07,0.07,613.870718,1776195656000
1776195658.264,58.264,0.47,10.0,0.46,15.0,0.54,6.52,0.59,10.0,0.46,6.52,0.41,10.0,0.53,10.0,0.54,15.0,0.07,0.07,613.871237,1776195657000
1776195659.313,59.313,0.47,10.0,0.46,15.0,0.54,6.52,0.59,10.0,0.46,6.52,0.41,10.0,0.53,10.0,0.54,15.0,0.07,0.07,613.830618,1776195658000
1776195660.471,60.471,0.47,10.0,0.46,15.0,0.54,6.52,0.59,10.0,0.46,6.52,0.41,10.0,0.53,10.0,0.54,15.0,0.07,0.07,613.830203,1776195659000
1776195661.052,61.052,0.47,10.0,0.46,15.0,0.54,6.52,0.59,10.0,0.46,6.52,0.41,10.0,0.53,10.0,0.54,15.0,0.07,0.07,613.819407,1776195660000
1776195662.171,62.171,0.47,10.0,0.46,15.0,0.54,6.52,0.59,10.0,0.46,6.52,0.41,10.0,0.53,10.0,0.54,15.0,0.07,0.07,613.819358,1776195661000
1776195663.338,63.338,0.47,10.0,0.46,15.0,0.54,6.52,0.59,10.0,0.46,6.52,0.41,10.0,0.53,10.0,0.54,15.0,0.07,0.07,613.81965,1776195662000
1776195663.962,63.962,0.47,10.0,0.46,15.0,0.54,6.52,0.59,10.0,0.46,6.52,0.41,10.0,0.53,10.0,0.54,15.0,0.07,0.07,613.81965,1776195663000
1776195664.929,64.929,0.5,5.0,0.47,5.0,0.52,15.0,0.54,6.52,0.46,6.52,0.41,10.0,0.53,10.0,0.54,15.0,0.02,0.07,613.81965,1776195663000
1776195665.271,65.271,0.5,5.0,0.47,5.0,0.52,10.09,0.54,6.52,0.48,15.0,0.46,6.52,0.5,5.0,0.53,5.0,0.02,0.02,613.858067,1776195664000
1776195666.265,66.265,0.5,5.0,0.47,5.0,0.52,10.09,0.54,6.52,0.48,10.09,0.46,6.52,0.5,5.0,0.53,5.0,0.02,0.02,613.892479,1776195665000
1776195667.273,67.273,0.5,5.0,0.47,5.0,0.52,10.09,0.54,6.52,0.48,10.09,0.46,6.52,0.5,5.0,0.53,5.0,0.02,0.02,613.963,1776195666000
1776195667.507,67.507,0.5,15.4,0.49,10.4,0.62,10.0,0.67,10.0,0.48,10.09,0.46,6.52,0.5,5.0,0.53,5.0,0.12,0.02,613.963,1776195666000
1776195668.439,68.439,0.5,15.4,0.49,10.4,0.62,10.0,0.67,10.0,0.38,10.0,0.33,10.0,0.5,15.4,0.51,10.4,0.12,0.12,613.96,1776195667000
1776195668.99,68.99,0.5,15.4,0.49,10.4,0.62,10.0,0.67,10.0,0.38,10.0,0.33,10.0,0.5,15.4,0.51,10.4,0.12,0.12,613.971,1776195668000
1776195670.124,70.124,0.5,15.4,0.49,10.4,0.62,10.0,0.67,10.0,0.38,10.0,0.33,10.0,0.5,15.4,0.51,10.4,0.12,0.12,613.979,1776195669000
1776195671.265,71.265,0.5,15.4,0.49,10.4,0.62,10.0,0.67,10.0,0.38,10.0,0.33,10.0,0.5,15.4,0.51,10.4,0.12,0.12,613.979,1776195670000
1776195671.724,71.724,0.57,10.6,0.56,10.6,0.59,5.0,0.6,6.25,0.38,10.0,0.33,10.0,0.5,15.4,0.51,10.4,0.02,0.12,613.979,1776195670000
1776195672.509,72.509,0.57,10.6,0.56,10.6,0.59,5.0,0.6,6.25,0.41,5.0,0.4,6.25,0.43,10.6,0.44,10.6,0.02,0.02,613.98,1776195671000
1776195673.15,73.15,0.57,10.6,0.56,10.6,0.59,5.0,0.6,6.25,0.41,5.0,0.4,6.25,0.43,10.6,0.44,10.6,0.02,0.02,613.98,1776195672000
1776195673.41,73.41,0.58,10.7,0.57,10.6,0.6,6.25,0.62,10.0,0.41,5.0,0.4,6.25,0.43,10.6,0.44,10.6,0.02,0.02,613.98,1776195672000
1776195674.325,74.325,0.58,10.7,0.57,10.6,0.6,6.25,0.62,10.0,0.4,6.25,0.38,10.0,0.42,10.7,0.43,10.6,0.02,0.02,613.972,1776195673000
1776195674.986,74.986,0.58,10.7,0.57,10.6,0.6,6.25,0.62,10.0,0.4,6.25,0.38,10.0,0.42,10.7,0.43,10.6,0.02,0.02,613.972,1776195674000
1776195676.264,76.264,0.58,10.7,0.57,10.6,0.6,6.25,0.62,10.0,0.4,6.25,0.38,10.0,0.42,10.7,0.43,10.6,0.02,0.02,613.977,1776195675000
1776195676.626,76.626,0.51,20.4,0.5,15.4,0.6,6.25,0.62,5.0,0.4,6.25,0.38,10.0,0.42,10.7,0.43,10.6,0.09,0.02,613.977,1776195675000
1776195677.656,77.656,0.51,20.4,0.5,15.4,0.6,6.25,0.62,5.0,0.4,6.25,0.38,5.0,0.49,20.4,0.5,15.4,0.09,0.09,613.961,1776195676000
1776195678.289,78.289,0.51,20.4,0.5,15.4,0.6,6.25,0.62,5.0,0.4,6.25,0.38,5.0,0.49,20.4,0.5,15.4,0.09,0.09,613.961,1776195677000
1776195679.526,79.526,0.51,20.4,0.5,15.4,0.6,6.25,0.62,5.0,0.4,6.25,0.38,5.0,0.49,20.4,0.5,15.4,0.09,0.09,613.894565,1776195678000
1776195680.171,80.171,0.51,20.4,0.5,15.4,0.6,6.25,0.62,5.0,0.4,6.25,0.38,5.0,0.49,20.4,0.5,15.4,0.09,0.09,613.879,1776195679000
1776195681.32,81.32,0.51,20.4,0.5,15.4,0.6,6.25,0.62,5.0,0.4,6.25,0.38,5.0,0.49,20.4,0.5,15.4,0.09,0.09,613.9,1776195680000
1776195682.519,82.519,0.51,20.4,0.5,15.4,0.6,6.25,0.62,5.0,0.4,6.25,0.38,5.0,0.49,20.4,0.5,15.4,0.09,0.09,613.902,1776195681000
1776195683.253,83.253,0.51,20.4,0.5,15.4,0.6,6.25,0.62,5.0,0.4,6.25,0.38,5.0,0.49,20.4,0.5,15.4,0.09,0.09,613.902,1776195682000
1776195684.398,84.398,0.51,20.4,0.5,15.4,0.6,6.25,0.62,5.0,0.4,6.25,0.38,5.0,0.49,20.4,0.5,15.4,0.09,0.09,613.898,1776195683000
1776195685.139,85.139,0.51,20.4,0.5,15.4,0.6,6.25,0.62,5.0,0.4,6.25,0.38,5.0,0.49,20.4,0.5,15.4,0.09,0.09,613.898,1776195684000
1776195686.372,86.372,0.51,20.4,0.5,15.4,0.6,6.25,0.62,5.0,0.4,6.25,0.38,5.0,0.49,20.4,0.5,15.4,0.09,0.09,613.894,1776195685000
1776195686.771,86.771,0.53,9.5,0.52,10.4,0.59,20.0,0.6,6.25,0.4,6.25,0.38,5.0,0.49,20.4,0.5,15.4,0.06,0.09,613.894,1776195685000
1776195687.548,87.548,0.53,9.5,0.52,10.4,0.59,20.0,0.6,6.25,0.41,20.0,0.4,6.25,0.47,9.5,0.48,10.4,0.06,0.06,613.899,1776195686000
1776195688.153,88.153,0.53,9.5,0.52,10.4,0.59,20.0,0.6,6.25,0.41,20.0,0.4,6.25,0.47,9.5,0.48,10.4,0.06,0.06,613.899,1776195687000
1776195688.831,88.831,0.54,5.5,0.53,9.5,0.59,20.0,0.6,6.25,0.41,20.0,0.4,6.25,0.47,9.5,0.48,10.4,0.05,0.06,613.899,1776195687000
1776195689.38,89.38,0.54,5.5,0.53,9.5,0.59,20.0,0.6,6.25,0.41,20.0,0.4,6.25,0.46,5.5,0.47,9.5,0.05,0.05,613.896,1776195688000
1776195689.931,89.931,0.54,5.5,0.53,9.5,0.59,20.0,0.6,6.25,0.41,20.0,0.4,6.25,0.46,5.5,0.47,9.5,0.05,0.05,613.909,1776195689000
1776195691.291,91.291,0.54,5.5,0.53,9.5,0.59,20.0,0.6,6.25,0.41,20.0,0.4,6.25,0.46,5.5,0.47,9.5,0.05,0.05,613.9,1776195690000
1776195691.874,91.874,0.54,5.5,0.53,9.5,0.59,20.0,0.6,6.25,0.41,20.0,0.4,6.25,0.46,5.5,0.47,9.5,0.05,0.05,613.898,1776195691000
1776195693.025,93.025,0.54,5.5,0.53,9.5,0.59,20.0,0.6,6.25,0.41,20.0,0.4,6.25,0.46,5.5,0.47,9.5,0.05,0.05,613.9,1776195692000
1776195694.147,94.147,0.54,5.5,0.53,9.5,0.59,20.0,0.6,6.25,0.41,20.0,0.4,6.25,0.46,5.5,0.47,9.5,0.05,0.05,613.885,1776195693000
1776195695.227,95.227,0.54,5.5,0.53,9.5,0.59,20.0,0.6,6.25,0.41,20.0,0.4,6.25,0.46,5.5,0.47,9.5,0.05,0.05,613.887,1776195694000
1776195696.519,96.519,0.54,5.5,0.53,9.5,0.59,20.0,0.6,6.25,0.41,20.0,0.4,6.25,0.46,5.5,0.47,9.5,0.05,0.05,613.885,1776195695000
1776195697.063,97.063,0.54,5.5,0.53,9.5,0.59,20.0,0.6,6.25,0.41,20.0,0.4,6.25,0.46,5.5,0.47,9.5,0.05,0.05,613.885,1776195696000
1776195698.153,98.153,0.54,5.5,0.53,9.5,0.59,20.0,0.6,6.25,0.41,20.0,0.4,6.25,0.46,5.5,0.47,9.5,0.05,0.05,613.887,1776195697000
1776195699.297,99.297,0.54,5.5,0.53,9.5,0.59,20.0,0.6,6.25,0.41,20.0,0.4,6.25,0.46,5.5,0.47,9.5,0.05,0.05,613.878,1776195698000
1776195699.878,99.878,0.54,5.5,0.53,9.5,0.59,20.0,0.6,6.25,0.41,20.0,0.4,6.25,0.46,5.5,0.47,9.5,0.05,0.05,613.878,1776195699000
1776195700.95,100.95,0.54,5.5,0.53,9.5,0.59,20.0,0.6,6.25,0.41,20.0,0.4,6.25,0.46,5.5,0.47,9.5,0.05,0.05,613.885,1776195700000
1776195702.346,102.346,0.54,5.5,0.53,9.5,0.59,20.0,0.6,6.25,0.41,20.0,0.4,6.25,0.46,5.5,0.47,9.5,0.05,0.05,613.876,1776195701000
1776195702.902,102.902,0.54,4.73,0.53,9.5,0.59,20.0,0.6,6.25,0.41,20.0,0.4,6.25,0.46,4.73,0.47,9.5,0.05,0.05,613.876,1776195702000
1776195703.952,103.952,0.54,4.73,0.53,9.5,0.59,20.0,0.6,6.25,0.41,20.0,0.4,6.25,0.46,4.73,0.47,9.5,0.05,0.05,613.868,1776195703000
1776195704.944,104.944,0.54,4.73,0.53,9.5,0.59,20.0,0.6,6.25,0.41,20.0,0.4,6.25,0.46,4.73,0.47,9.5,0.05,0.05,613.871,1776195704000
1776195706.039,106.039,0.54,4.73,0.53,9.5,0.59,20.0,0.6,6.25,0.41,20.0,0.4,6.25,0.46,4.73,0.47,9.5,0.05,0.05,613.866,1776195705000
1776195707.05,107.05,0.54,4.73,0.53,9.5,0.59,20.0,0.6,6.25,0.41,20.0,0.4,6.25,0.46,4.73,0.47,9.5,0.05,0.05,613.873,1776195706000
1776195708.14,108.14,0.54,4.73,0.53,9.5,0.59,20.0,0.6,6.25,0.41,20.0,0.4,6.25,0.46,4.73,0.47,9.5,0.05,0.05,613.887,1776195707000
1776195709.189,109.189,0.54,4.73,0.53,9.5,0.59,20.0,0.6,6.25,0.41,20.0,0.4,6.25,0.46,4.73,0.47,9.5,0.05,0.05,613.865,1776195708000
1776195710.162,110.162,0.54,4.73,0.53,9.5,0.59,20.0,0.6,6.25,0.41,20.0,0.4,6.25,0.46,4.73,0.47,9.5,0.05,0.05,613.857,1776195709000
1776195711.116,111.116,0.54,4.73,0.53,9.5,0.59,20.0,0.6,6.25,0.41,20.0,0.4,6.25,0.46,4.73,0.47,9.5,0.05,0.05,613.862,1776195710000
1776195712.17,112.17,0.54,4.73,0.53,9.5,0.59,20.0,0.6,6.25,0.41,20.0,0.4,6.25,0.46,4.73,0.47,9.5,0.05,0.05,613.871,1776195711000
1776195713.201,113.201,0.54,4.73,0.53,9.5,0.59,20.0,0.6,6.25,0.41,20.0,0.4,6.25,0.46,4.73,0.47,9.5,0.05,0.05,613.868,1776195712000
1776195714.308,114.308,0.54,4.73,0.53,9.5,0.59,20.0,0.6,6.25,0.41,20.0,0.4,6.25,0.46,4.73,0.47,9.5,0.05,0.05,613.851,1776195713000
1776195715.811,115.811,0.54,4.73,0.53,9.5,0.59,20.0,0.6,6.25,0.41,20.0,0.4,6.25,0.46,4.73,0.47,9.5,0.05,0.05,613.858,1776195714000
1776195716.427,116.427,0.54,4.73,0.53,9.5,0.59,20.0,0.6,6.25,0.41,20.0,0.4,6.25,0.46,4.73,0.47,9.5,0.05,0.05,613.863,1776195715000
1776195717.104,117.104,0.54,4.73,0.53,9.5,0.59,20.0,0.6,6.25,0.41,20.0,0.4,6.25,0.46,4.73,0.47,9.5,0.05,0.05,613.863,1776195716000
1776195718.481,118.481,0.54,4.73,0.53,9.5,0.59,20.0,0.6,6.25,0.41,20.0,0.4,6.25,0.46,4.73,0.47,9.5,0.05,0.05,613.855,1776195717000
1776195719.12,119.12,0.54,4.73,0.53,9.5,0.59,20.0,0.6,6.25,0.41,20.0,0.4,6.25,0.46,4.73,0.47,9.5,0.05,0.05,613.86,1776195718000
1776195719.931,119.931,0.57,29.0,0.56,10.6,0.69,5.0,0.71,5.0,0.41,5.0,0.4,6.25,0.46,10.5,0.47,15.4,0.12,0.05,613.86,1776195718000
1776195720.527,120.527,0.57,29.0,0.56,10.6,0.69,5.0,0.71,5.0,0.31,5.0,0.29,5.0,0.43,29.0,0.44,10.6,0.12,0.12,613.875502,1776195719000
1776195721.128,121.128,0.57,29.0,0.56,10.6,0.69,5.0,0.71,5.0,0.31,5.0,0.29,5.0,0.43,29.0,0.44,10.6,0.12,0.12,613.962701,1776195720000
1776195722.419,122.419,0.57,29.0,0.56,10.6,0.69,5.0,0.71,5.0,0.31,5.0,0.29,5.0,0.43,29.0,0.44,10.6,0.12,0.12,614.034,1776195721000
1776195723.084,123.084,0.57,29.0,0.56,10.6,0.69,5.0,0.71,5.0,0.31,5.0,0.29,5.0,0.43,29.0,0.44,10.6,0.12,0.12,614.034,1776195722000
1776195723.862,123.862,0.62,11.0,0.61,28.9,0.69,8.0,0.7,5.0,0.31,5.0,0.29,5.0,0.43,29.0,0.44,10.6,0.07,0.12,614.034,1776195722000
1776195724.401,124.401,0.62,11.0,0.61,28.9,0.69,8.0,0.7,5.0,0.31,8.0,0.3,5.0,0.38,11.0,0.39,28.9,0.07,0.07,614.048,1776195723000
1776195725.073,125.073,0.62,11.0,0.61,28.9,0.69,8.0,0.7,5.0,0.31,8.0,0.3,5.0,0.38,11.0,0.39,28.9,0.07,0.07,614.048,1776195724000
1776195726.539,126.539,0.62,11.0,0.61,28.9,0.69,8.0,0.7,5.0,0.31,8.0,0.3,5.0,0.38,11.0,0.39,28.9,0.07,0.07,614.013,1776195725000
1776195727.142,127.142,0.62,11.0,0.61,28.9,0.69,8.0,0.7,5.0,0.31,8.0,0.3,5.0,0.38,11.0,0.39,28.9,0.07,0.07,614.013,1776195726000
1776195727.598,127.598,0.67,11.8,0.66,11.6,0.69,3.0,0.7,5.0,0.31,8.0,0.3,5.0,0.38,11.0,0.39,28.9,0.02,0.07,614.013,1776195726000
1776195728.392,128.392,0.67,11.8,0.66,11.6,0.69,3.0,0.7,5.0,0.31,3.0,0.3,5.0,0.33,11.8,0.34,11.6,0.02,0.02,613.999,1776195727000
1776195729.105,129.105,0.67,11.8,0.66,11.6,0.69,3.0,0.7,5.0,0.31,3.0,0.3,5.0,0.33,11.8,0.34,11.6,0.02,0.02,613.999,1776195728000
1776195730.419,130.419,0.67,11.8,0.66,11.6,0.69,3.0,0.7,5.0,0.31,3.0,0.3,5.0,0.33,11.8,0.34,11.6,0.02,0.02,614.002,1776195729000
1776195731.042,131.042,0.67,11.8,0.66,11.6,0.69,3.0,0.7,5.0,0.31,3.0,0.3,5.0,0.33,11.8,0.34,11.6,0.02,0.02,614.002,1776195730000
1776195732.89,132.89,0.67,11.8,0.66,11.6,0.69,3.0,0.7,5.0,0.31,3.0,0.3,5.0,0.33,11.8,0.34,11.6,0.02,0.02,613.997,1776195731000
1776195733.471,133.471,0.67,11.8,0.66,11.6,0.69,3.0,0.7,5.0,0.31,3.0,0.3,5.0,0.33,11.8,0.34,11.6,0.02,0.02,614.007,1776195732000
1776195734.094,134.094,0.67,11.8,0.66,11.6,0.69,3.0,0.7,5.0,0.31,3.0,0.3,5.0,0.33,11.8,0.34,11.6,0.02,0.02,614.007,1776195733000
1776195735.299,135.299,0.67,11.8,0.66,11.6,0.69,3.0,0.7,5.0,0.31,3.0,0.3,5.0,0.33,11.8,0.34,11.6,0.02,0.02,614.01,1776195734000
1776195736.004,136.004,0.69,2.52,0.68,11.9,0.7,10.0,0.71,5.0,0.31,3.0,0.3,5.0,0.33,11.8,0.34,11.6,0.01,0.02,614.01,1776195734000
1776195736.449,136.449,0.69,2.52,0.68,11.9,0.7,10.0,0.71,5.0,0.3,10.0,0.29,5.0,0.31,2.52,0.32,11.9,0.01,0.01,614.0,1776195735000
1776195737.054,137.054,0.69,2.52,0.68,11.9,0.7,10.0,0.71,5.0,0.3,10.0,0.29,5.0,0.31,2.52,0.32,11.9,0.01,0.01,614.0,1776195736000
1776195738.251,138.251,0.69,2.52,0.68,11.9,0.7,10.0,0.71,5.0,0.3,10.0,0.29,5.0,0.31,2.52,0.32,11.9,0.01,0.01,614.004,1776195737000
1776195739.505,139.505,0.69,2.52,0.68,11.9,0.7,0.81,0.71,5.0,0.3,0.81,0.29,5.0,0.31,2.52,0.32,11.9,0.01,0.01,614.004,1776195738000
1776195739.73,139.73,0.63,11.2,0.62,11.0,0.7,5.81,0.81,66.89,0.3,5.81,0.2,10.0,0.31,5.0,0.37,11.2,0.07,0.01,614.004,1776195738000
1776195740.089,140.089,0.63,11.2,0.62,11.0,0.7,5.81,0.81,66.89,0.3,5.81,0.19,66.89,0.37,11.2,0.38,11.0,0.07,0.07,614.008,1776195739000
1776195741.318,141.318,0.63,11.2,0.62,11.0,0.7,5.81,0.81,66.89,0.3,5.81,0.19,66.89,0.37,11.2,0.38,11.0,0.07,0.07,614.008,1776195740000
1776195742.49,142.49,0.63,11.2,0.62,11.0,0.7,5.81,0.81,66.89,0.3,5.81,0.19,66.89,0.37,11.2,0.38,11.0,0.07,0.07,614.01,1776195741000
1776195742.961,142.961,0.63,11.2,0.62,11.0,0.7,5.81,0.81,66.89,0.3,5.81,0.19,66.89,0.37,11.2,0.38,11.0,0.07,0.07,613.998826,1776195742000
1776195744.211,144.211,0.63,11.2,0.62,11.0,0.7,5.81,0.81,66.89,0.3,5.81,0.19,66.89,0.37,11.2,0.38,11.0,0.07,0.07,613.999006,1776195743000
1776195745.293,145.293,0.63,11.2,0.62,11.0,0.7,5.81,0.81,66.89,0.3,5.81,0.19,66.89,0.37,11.2,0.38,11.0,0.07,0.07,613.996643,1776195744000
1776195745.994,145.994,0.63,11.2,0.62,11.0,0.7,5.81,0.81,66.89,0.3,5.81,0.19,66.89,0.37,11.2,0.38,11.0,0.07,0.07,613.995905,1776195745000
1776195747.071,147.071,0.63,11.2,0.62,11.0,0.7,5.81,0.81,66.89,0.3,5.81,0.19,66.89,0.37,11.2,0.38,11.0,0.07,0.07,613.995969,1776195746000
1776195748.119,148.119,0.63,11.2,0.62,11.0,0.7,5.81,0.81,66.89,0.3,5.81,0.19,66.89,0.37,11.2,0.38,11.0,0.07,0.07,613.99536,1776195747000
1776195749.188,149.188,0.63,11.2,0.62,11.0,0.7,5.81,0.81,66.89,0.3,5.81,0.19,66.89,0.37,11.2,0.38,11.0,0.07,0.07,613.987,1776195748000
1776195749.934,149.934,0.66,11.6,0.65,11.4,0.68,3.92,0.7,0.81,0.3,5.81,0.19,66.89,0.37,11.2,0.38,11.0,0.02,0.07,613.987,1776195748000
1776195750.219,150.219,0.66,11.6,0.65,11.4,0.68,3.92,0.7,0.81,0.32,3.92,0.3,0.81,0.34,11.6,0.35,11.4,0.02,0.02,613.984,1776195749000
1776195751.301,151.301,0.66,11.6,0.65,11.4,0.68,3.92,0.7,0.81,0.32,3.92,0.3,0.81,0.34,11.6,0.35,11.4,0.02,0.02,613.99,1776195750000
1776195752.443,152.443,0.66,11.6,0.65,11.4,0.68,3.92,0.7,0.81,0.32,3.92,0.3,0.81,0.34,11.6,0.35,11.4,0.02,0.02,613.988,1776195751000
1776195752.847,152.847,0.66,11.6,0.65,11.4,0.68,3.92,0.7,0.81,0.32,3.92,0.3,0.81,0.34,11.6,0.35,11.4,0.02,0.02,613.988,1776195752000
1776195753.937,153.937,0.66,11.6,0.65,11.4,0.68,3.92,0.7,0.81,0.32,3.92,0.3,0.81,0.34,11.6,0.35,11.4,0.02,0.02,613.991,1776195753000
1776195755.076,155.076,0.66,11.6,0.65,11.4,0.68,3.92,0.7,0.81,0.32,3.92,0.3,0.81,0.34,11.6,0.35,11.4,0.02,0.02,613.988,1776195754000
1776195757.77,157.77,0.66,11.6,0.65,11.4,0.68,3.92,0.7,0.81,0.32,3.92,0.3,0.81,0.34,11.6,0.35,11.4,0.02,0.02,613.988,1776195755000
1776195758.021,158.021,0.66,11.6,0.65,11.4,0.68,3.92,0.7,0.81,0.32,3.92,0.3,0.81,0.34,11.6,0.35,11.4,0.02,0.02,613.985,1776195757000
1776195758.802,158.802,0.66,11.6,0.65,11.4,0.68,3.92,0.7,0.81,0.32,3.92,0.3,0.81,0.34,11.6,0.35,11.4,0.02,0.02,613.987,1776195758000
1776195760.304,160.304,0.66,11.6,0.65,11.4,0.68,3.92,0.7,0.81,0.32,3.92,0.3,0.81,0.34,11.6,0.35,11.4,0.02,0.02,613.991,1776195759000
1776195761.831,161.831,0.66,11.53,0.65,11.4,0.67,5.0,0.69,5.0,0.32,3.92,0.3,0.81,0.34,11.6,0.35,11.4,0.01,0.02,613.991,1776195759000
1776195763.114,163.114,0.66,11.53,0.65,11.4,0.67,5.0,0.69,5.0,0.33,5.0,0.31,5.0,0.34,11.53,0.35,11.4,0.01,0.01,613.976,1776195761000
1776195764.091,164.091,0.66,11.53,0.65,11.4,0.67,5.0,0.69,5.0,0.33,5.0,0.31,5.0,0.34,11.53,0.35,11.4,0.01,0.01,614.0,1776195762000
1776195765.198,165.198,0.66,11.53,0.65,11.4,0.67,5.0,0.69,5.0,0.33,5.0,0.31,5.0,0.34,11.53,0.35,11.4,0.01,0.01,614.0,1776195763000
1776195766.084,166.084,0.66,11.53,0.65,11.4,0.67,5.0,0.69,5.0,0.33,5.0,0.31,5.0,0.34,11.53,0.35,11.4,0.01,0.01,614.001,1776195764000
1776195766.822,166.822,0.66,11.53,0.65,11.4,0.67,5.0,0.69,5.0,0.33,5.0,0.31,5.0,0.34,11.53,0.35,11.4,0.01,0.01,614.001,1776195765000
1776195767.634,167.634,0.66,11.53,0.65,11.4,0.67,5.0,0.69,5.0,0.33,5.0,0.31,5.0,0.34,11.53,0.35,11.4,0.01,0.01,614.0,1776195766000
1776195768.369,168.369,0.66,11.53,0.65,11.4,0.67,5.0,0.69,5.0,0.33,5.0,0.31,5.0,0.34,11.53,0.35,11.4,0.01,0.01,614.0,1776195767000
1776195768.599,168.599,0.67,11.8,0.66,11.53,0.7,5.81,0.8,16.2,0.33,5.0,0.31,5.0,0.34,11.53,0.35,11.4,0.03,0.01,614.0,1776195767000
1776195769.856,169.856,0.67,11.8,0.66,11.53,0.7,5.81,0.8,16.2,0.3,5.81,0.2,16.2,0.33,11.8,0.34,11.53,0.03,0.03,614.0,1776195768000
1776195770.374,170.374,0.67,11.8,0.66,11.53,0.7,5.81,0.8,16.2,0.3,5.81,0.2,16.2,0.33,11.8,0.34,11.53,0.03,0.03,614.0,1776195769000
1776195771.065,171.065,0.67,11.8,0.66,11.53,0.7,5.81,0.8,16.2,0.3,5.81,0.2,16.2,0.33,11.8,0.34,11.53,0.03,0.03,614.0,1776195770000
1776195772.049,172.049,0.64,6.3,0.63,11.2,0.7,5.81,0.71,5.0,0.3,5.81,0.2,16.2,0.33,11.8,0.34,11.53,0.06,0.03,614.0,1776195770000
1776195773.156,173.156,0.64,6.3,0.63,11.2,0.7,5.81,0.71,5.0,0.3,5.81,0.29,5.0,0.36,6.3,0.37,11.2,0.06,0.06,613.999,1776195771000
1776195773.407,173.407,0.64,6.3,0.63,11.2,0.7,5.81,0.71,5.0,0.3,5.81,0.29,5.0,0.36,6.3,0.37,11.2,0.06,0.06,613.998,1776195772000
1776195774.152,174.152,0.64,6.3,0.63,11.2,0.7,5.81,0.71,5.0,0.3,5.81,0.29,5.0,0.36,6.3,0.37,11.2,0.06,0.06,613.998,1776195773000
1776195775.68,175.68,0.64,6.3,0.63,11.2,0.7,5.81,0.71,5.0,0.3,5.81,0.29,5.0,0.36,6.3,0.37,11.2,0.06,0.06,613.919,1776195774000
1776195776.467,176.467,0.64,6.3,0.63,11.2,0.7,5.81,0.71,5.0,0.3,5.81,0.29,5.0,0.36,6.3,0.37,11.2,0.06,0.06,613.919,1776195775000
1776195777.195,177.195,0.64,6.3,0.63,11.2,0.7,5.81,0.71,5.0,0.3,5.81,0.29,5.0,0.36,6.3,0.37,11.2,0.06,0.06,613.915,1776195776000
1776195778.678,178.678,0.64,6.3,0.63,11.2,0.7,5.81,0.71,5.0,0.3,5.81,0.29,5.0,0.36,6.3,0.37,11.2,0.06,0.06,613.877,1776195777000
1776195779.351,179.351,0.64,6.3,0.63,11.2,0.7,5.81,0.71,5.0,0.3,5.81,0.29,5.0,0.36,6.3,0.37,11.2,0.06,0.06,613.877,1776195778000
1776195780.348,180.348,0.64,6.3,0.63,11.2,0.7,5.81,0.71,5.0,0.3,5.81,0.29,5.0,0.36,6.3,0.37,11.2,0.06,0.06,613.877,1776195779000
1776195782.115,182.115,0.64,6.3,0.63,11.2,0.7,5.81,0.71,5.0,0.3,5.81,0.29,5.0,0.36,6.3,0.37,11.2,0.06,0.06,613.872,1776195780000
1776195782.794,182.794,0.64,6.3,0.63,11.2,0.7,5.81,0.71,5.0,0.3,5.81,0.29,5.0,0.36,6.3,0.37,11.2,0.06,0.06,613.864,1776195781000
1776195783.544,183.544,0.64,6.3,0.63,11.2,0.7,5.81,0.71,5.0,0.3,5.81,0.29,5.0,0.36,6.3,0.37,11.2,0.06,0.06,613.851,1776195782000
1776195784.162,184.162,0.52,10.38,0.51,10.4,0.62,5.0,0.64,5.0,0.3,5.81,0.29,5.0,0.36,6.3,0.37,11.2,0.1,0.06,613.851,1776195782000
1776195784.461,184.461,0.52,10.38,0.51,10.4,0.62,5.0,0.64,5.0,0.38,5.0,0.36,5.0,0.48,10.38,0.49,10.4,0.1,0.1,613.851,1776195783000
1776195785.311,185.311,0.52,10.38,0.51,10.4,0.62,5.0,0.64,5.0,0.38,5.0,0.36,5.0,0.48,10.38,0.49,10.4,0.1,0.1,613.869,1776195784000
1776195786.806,186.806,0.52,10.38,0.51,10.4,0.62,5.0,0.64,5.0,0.38,5.0,0.36,5.0,0.48,10.38,0.49,10.4,0.1,0.1,613.861,1776195785000
1776195787.521,187.521,0.52,10.38,0.51,10.4,0.62,5.0,0.64,5.0,0.38,5.0,0.36,5.0,0.48,10.38,0.49,10.4,0.1,0.1,613.869,1776195786000
1776195788.412,188.412,0.52,10.38,0.51,10.4,0.62,5.0,0.64,5.0,0.38,5.0,0.36,5.0,0.48,10.38,0.49,10.4,0.1,0.1,613.869,1776195787000
1776195789.059,189.059,0.52,10.38,0.51,10.4,0.62,5.0,0.64,5.0,0.38,5.0,0.36,5.0,0.48,10.38,0.49,10.4,0.1,0.1,613.884,1776195788000
1776195790.325,190.325,0.41,10.7,0.4,15.8,0.59,5.0,0.61,50.0,0.38,5.0,0.36,5.0,0.48,10.38,0.49,10.4,0.18,0.1,613.884,1776195788000
1776195790.677,190.677,0.41,10.7,0.4,15.8,0.59,5.0,0.61,50.0,0.41,5.0,0.39,50.0,0.59,10.7,0.6,15.8,0.18,0.18,613.86,1776195789000
1776195791.5,191.5,0.41,10.7,0.4,15.8,0.59,5.0,0.61,50.0,0.41,5.0,0.39,50.0,0.59,10.7,0.6,15.8,0.18,0.18,613.821,1776195790000
1776195792.233,192.233,0.41,10.7,0.4,15.8,0.59,5.0,0.61,50.0,0.41,5.0,0.39,50.0,0.59,10.7,0.6,15.8,0.18,0.18,613.815,1776195791000
1776195793.811,193.811,0.41,10.7,0.4,15.8,0.59,5.0,0.61,50.0,0.41,5.0,0.39,50.0,0.59,10.7,0.6,15.8,0.18,0.18,613.763,1776195792000
1776195794.475,194.475,0.41,10.7,0.4,15.8,0.59,5.0,0.61,50.0,0.41,5.0,0.39,50.0,0.59,10.7,0.6,15.8,0.18,0.18,613.741,1776195793000
1776195795.177,195.177,0.41,10.7,0.4,15.8,0.59,5.0,0.61,50.0,0.41,5.0,0.39,50.0,0.59,10.7,0.6,15.8,0.18,0.18,613.722642,1776195794000
1776195796.606,196.606,0.41,10.7,0.4,15.8,0.59,5.0,0.61,50.0,0.41,5.0,0.39,50.0,0.59,10.7,0.6,15.8,0.18,0.18,613.623,1776195795000
1776195797.379,197.379,0.41,10.7,0.4,15.8,0.59,5.0,0.61,50.0,0.41,5.0,0.39,50.0,0.59,10.7,0.6,15.8,0.18,0.18,613.623,1776195796000
1776195798.124,198.124,0.41,10.7,0.4,15.8,0.59,5.0,0.61,50.0,0.41,5.0,0.39,50.0,0.59,10.7,0.6,15.8,0.18,0.18,613.605,1776195797000
1776195798.972,198.972,0.26,6.75,0.25,8.0,0.35,5.0,0.4,5.0,0.41,5.0,0.39,50.0,0.59,10.7,0.6,15.8,0.09,0.18,613.605,1776195797000
1776195799.585,199.585,0.26,6.75,0.25,8.0,0.35,5.0,0.4,5.0,0.65,5.0,0.6,5.0,0.74,6.75,0.75,8.0,0.09,0.09,613.65552,1776195798000
1776195800.447,200.447,0.26,6.75,0.25,8.0,0.35,5.0,0.4,5.0,0.65,5.0,0.6,5.0,0.74,6.75,0.75,8.0,0.09,0.09,613.708,1776195799000
1776195801.804,201.804,0.26,6.75,0.25,8.0,0.35,5.0,0.4,5.0,0.65,5.0,0.6,5.0,0.74,6.75,0.75,8.0,0.09,0.09,613.697,1776195800000
1776195802.441,202.441,0.26,6.75,0.25,8.0,0.35,5.0,0.4,5.0,0.65,5.0,0.6,5.0,0.74,6.75,0.75,8.0,0.09,0.09,613.703,1776195801000
1776195802.752,202.752,0.21,10.63,0.2,26.2,0.35,5.0,0.4,5.0,0.65,5.0,0.6,5.0,0.74,6.75,0.75,8.0,0.14,0.09,613.703,1776195801000
1776195803.159,203.159,0.21,10.63,0.2,26.2,0.35,5.0,0.4,5.0,0.65,5.0,0.6,5.0,0.79,10.63,0.8,26.2,0.14,0.14,613.703,1776195802000
1776195804.534,204.534,0.21,10.63,0.2,26.2,0.35,5.0,0.4,5.0,0.65,5.0,0.6,5.0,0.79,10.63,0.8,26.2,0.14,0.14,613.685,1776195803000
1776195805.037,205.037,0.21,10.63,0.2,26.2,0.35,5.0,0.4,5.0,0.65,5.0,0.6,5.0,0.79,10.63,0.8,26.2,0.14,0.14,613.685,1776195804000
1776195806.348,206.348,0.21,10.63,0.2,26.2,0.35,5.0,0.4,5.0,0.65,5.0,0.6,5.0,0.79,10.63,0.8,26.2,0.14,0.14,613.685,1776195805000
1776195807.094,207.094,0.21,10.63,0.2,26.2,0.35,5.0,0.4,5.0,0.65,5.0,0.6,5.0,0.79,10.63,0.8,26.2,0.14,0.14,613.685,1776195806000
1776195808.653,208.653,0.21,10.63,0.2,26.2,0.35,5.0,0.4,5.0,0.65,5.0,0.6,5.0,0.79,10.63,0.8,26.2,0.14,0.14,613.689,1776195807000
1776195809.213,209.213,0.21,10.63,0.2,26.2,0.35,5.0,0.4,5.0,0.65,5.0,0.6,5.0,0.79,10.63,0.8,26.2,0.14,0.14,613.70897,1776195808000
1776195810.475,210.475,0.21,10.63,0.2,26.2,0.35,5.0,0.4,5.0,0.65,5.0,0.6,5.0,0.79,10.63,0.8,26.2,0.14,0.14,613.71661,1776195809000
1776195811.096,211.096,0.21,10.63,0.2,26.2,0.35,5.0,0.4,5.0,0.65,5.0,0.6,5.0,0.79,10.63,0.8,26.2,0.14,0.14,613.725,1776195810000
1776195812.355,212.355,0.21,10.63,0.2,26.2,0.35,5.0,0.4,5.0,0.65,5.0,0.6,5.0,0.79,10.63,0.8,26.2,0.14,0.14,613.71779,1776195811000
1776195813.036,213.036,0.21,10.63,0.2,26.2,0.35,5.0,0.4,5.0,0.65,5.0,0.6,5.0,0.79,10.63,0.8,26.2,0.14,0.14,613.71747,1776195812000
1776195814.277,214.277,0.21,10.63,0.2,26.2,0.35,5.0,0.4,5.0,0.65,5.0,0.6,5.0,0.79,10.63,0.8,26.2,0.14,0.14,613.71754,1776195813000
1776195815.467,215.467,0.21,10.63,0.2,26.2,0.35,5.0,0.4,5.0,0.65,5.0,0.6,5.0,0.79,10.63,0.8,26.2,0.14,0.14,613.725,1776195814000
1776195816.177,216.177,0.21,10.63,0.2,26.2,0.35,5.0,0.4,5.0,0.65,5.0,0.6,5.0,0.79,10.63,0.8,26.2,0.14,0.14,613.733,1776195815000
1776195817.451,217.451,0.21,10.63,0.2,26.2,0.35,5.0,0.4,5.0,0.65,5.0,0.6,5.0,0.79,10.63,0.8,26.2,0.14,0.14,613.71837,1776195816000
1776195817.855,217.855,0.27,7.34,0.26,13.5,0.34,5.0,0.41,60.0,0.65,5.0,0.6,5.0,0.79,10.63,0.8,26.2,0.07,0.14,613.71837,1776195816000
1776195818.55,218.55,0.27,7.34,0.26,13.5,0.34,5.0,0.41,60.0,0.66,5.0,0.59,60.0,0.73,7.34,0.74,13.5,0.07,0.07,613.716,1776195817000
1776195819.155,219.155,0.27,7.34,0.26,13.5,0.34,5.0,0.41,60.0,0.66,5.0,0.59,60.0,0.73,7.34,0.74,13.5,0.07,0.07,613.716,1776195818000
1776195820.214,220.214,0.27,7.34,0.26,13.5,0.34,5.0,0.41,60.0,0.66,5.0,0.59,60.0,0.73,7.34,0.74,13.5,0.07,0.07,613.716,1776195819000
1776195821.277,221.277,0.27,7.34,0.26,13.5,0.34,5.0,0.41,60.0,0.66,5.0,0.59,60.0,0.73,7.34,0.74,13.5,0.07,0.07,613.718,1776195820000
1776195822.266,222.266,0.27,7.34,0.26,13.5,0.34,5.0,0.41,60.0,0.66,5.0,0.59,60.0,0.73,7.34,0.74,13.5,0.07,0.07,613.723,1776195821000
1776195823.38,223.38,0.27,7.34,0.26,13.5,0.34,5.0,0.41,60.0,0.66,5.0,0.59,60.0,0.73,7.34,0.74,13.5,0.07,0.07,613.721,1776195822000
1776195824.297,224.297,0.27,7.34,0.26,13.5,0.34,5.0,0.41,60.0,0.66,5.0,0.59,60.0,0.73,7.34,0.74,13.5,0.07,0.07,613.721,1776195823000
1776195824.867,224.867,0.27,7.34,0.26,13.5,0.34,5.0,0.41,60.0,0.66,5.0,0.59,60.0,0.73,7.34,0.74,13.5,0.07,0.07,613.718062,1776195824000
1776195825.869,225.869,0.27,7.34,0.26,13.5,0.34,5.0,0.41,60.0,0.66,5.0,0.59,60.0,0.73,7.34,0.74,13.5,0.07,0.07,613.708,1776195825000
1776195826.845,226.845,0.27,7.34,0.26,13.5,0.34,5.0,0.41,60.0,0.66,5.0,0.59,60.0,0.73,7.34,0.74,13.5,0.07,0.07,613.697,1776195826000
1776195827.117,227.117,0.24,9.64,0.23,14.7,0.31,60.0,0.33,5.0,0.66,5.0,0.59,60.0,0.73,7.34,0.74,13.5,0.07,0.07,613.697,1776195826000
1776195827.937,227.937,0.24,9.64,0.23,14.7,0.31,60.0,0.33,5.0,0.69,60.0,0.67,5.0,0.76,9.64,0.77,14.7,0.07,0.07,613.683,1776195827000
1776195828.922,228.922,0.24,9.64,0.23,14.7,0.31,60.0,0.33,5.0,0.69,60.0,0.67,5.0,0.76,9.64,0.77,14.7,0.07,0.07,613.68,1776195828000
1776195829.997,229.997,0.24,9.64,0.23,14.7,0.31,60.0,0.33,5.0,0.69,60.0,0.67,5.0,0.76,9.64,0.77,14.7,0.07,0.07,613.676,1776195829000
1776195830.976,230.976,0.24,9.64,0.23,14.7,0.31,60.0,0.33,5.0,0.69,60.0,0.67,5.0,0.76,9.64,0.77,14.7,0.07,0.07,613.674,1776195830000
1776195831.274,231.274,0.23,12.75,0.22,15.2,0.31,60.0,0.33,5.0,0.69,60.0,0.67,5.0,0.76,9.64,0.77,14.7,0.08,0.07,613.674,1776195830000
1776195831.997,231.997,0.23,12.75,0.22,15.2,0.31,60.0,0.33,5.0,0.69,60.0,0.67,5.0,0.77,12.75,0.78,15.2,0.08,0.08,613.675,1776195831000
1776195833.034,233.034,0.23,12.75,0.22,15.2,0.31,60.0,0.33,5.0,0.69,60.0,0.67,5.0,0.77,12.75,0.78,15.2,0.08,0.08,613.68,1776195832000
1776195834.001,234.001,0.23,12.75,0.22,15.2,0.31,60.0,0.33,5.0,0.69,60.0,0.67,5.0,0.77,12.75,0.78,15.2,0.08,0.08,613.677,1776195833000
1776195835.658,235.658,0.23,12.75,0.22,15.2,0.31,60.0,0.33,5.0,0.69,60.0,0.67,5.0,0.77,12.75,0.78,15.2,0.08,0.08,613.714,1776195834000
1776195836.134,236.134,0.23,12.75,0.22,15.2,0.31,60.0,0.33,5.0,0.69,60.0,0.67,5.0,0.77,12.75,0.78,15.2,0.08,0.08,613.714,1776195835000
1776195837.272,237.272,0.23,12.75,0.22,15.2,0.31,60.0,0.33,5.0,0.69,60.0,0.67,5.0,0.77,12.75,0.78,15.2,0.08,0.08,613.72,1776195836000
1776195838.472,238.472,0.23,12.75,0.22,15.2,0.31,60.0,0.33,5.0,0.69,60.0,0.67,5.0,0.77,12.75,0.78,15.2,0.08,0.08,613.729,1776195837000
1776195839.304,239.304,0.23,12.75,0.22,15.2,0.31,60.0,0.33,5.0,0.69,60.0,0.67,5.0,0.77,12.75,0.78,15.2,0.08,0.08,613.729,1776195838000
1776195840.514,240.514,0.23,12.75,0.22,15.2,0.31,60.0,0.33,5.0,0.69,60.0,0.67,5.0,0.77,12.75,0.78,15.2,0.08,0.08,613.723,1776195839000
1776195841.09,241.09,0.23,12.75,0.22,15.2,0.31,60.0,0.33,5.0,0.69,60.0,0.67,5.0,0.77,12.75,0.78,15.2,0.08,0.08,613.723,1776195840000
1776195842.261,242.261,0.23,12.75,0.22,15.2,0.31,60.0,0.33,5.0,0.69,60.0,0.67,5.0,0.77,12.75,0.78,15.2,0.08,0.08,613.71,1776195841000
1776195843.418,243.418,0.23,12.75,0.22,15.2,0.31,60.0,0.33,5.0,0.69,60.0,0.67,5.0,0.77,12.75,0.78,15.2,0.08,0.08,613.706,1776195842000
1776195843.924,243.924,0.23,12.75,0.22,15.2,0.31,60.0,0.33,5.0,0.69,60.0,0.67,5.0,0.77,12.75,0.78,15.2,0.08,0.08,613.714,1776195843000
1776195845.279,245.279,0.23,12.75,0.22,15.2,0.31,60.0,0.33,5.0,0.69,60.0,0.67,5.0,0.77,12.75,0.78,15.2,0.08,0.08,613.714,1776195844000
1776195845.825,245.825,0.3,10.45,0.29,12.6,0.31,60.0,0.41,50.0,0.69,60.0,0.67,5.0,0.77,12.75,0.78,15.2,0.01,0.08,613.714,1776195844000
1776195846.481,246.481,0.3,10.45,0.29,12.6,0.31,60.0,0.41,50.0,0.69,60.0,0.59,50.0,0.7,10.45,0.71,12.6,0.01,0.01,613.705,1776195845000
1776195847.64,247.64,0.3,10.45,0.29,12.6,0.31,60.0,0.41,50.0,0.69,60.0,0.59,50.0,0.7,10.45,0.71,12.6,0.01,0.01,613.699,1776195846000
1776195848.245,248.245,0.3,10.45,0.29,12.6,0.31,60.0,0.41,50.0,0.69,60.0,0.59,50.0,0.7,10.45,0.71,12.6,0.01,0.01,613.705,1776195847000
1776195848.53,248.53,0.29,12.6,0.28,12.9,0.31,60.0,0.41,50.0,0.69,60.0,0.59,50.0,0.7,10.45,0.71,12.6,0.02,0.01,613.705,1776195847000
1776195849.355,249.355,0.29,12.6,0.28,12.9,0.31,60.0,0.41,50.0,0.69,60.0,0.59,50.0,0.71,12.6,0.72,12.9,0.02,0.02,613.705,1776195848000
1776195850.48,250.48,0.29,12.6,0.28,12.9,0.31,60.0,0.41,50.0,0.69,60.0,0.59,50.0,0.71,12.6,0.72,12.9,0.02,0.02,613.666,1776195849000
1776195851.103,251.103,0.29,12.6,0.28,12.9,0.31,60.0,0.41,50.0,0.69,60.0,0.59,50.0,0.71,12.6,0.72,12.9,0.02,0.02,613.666,1776195850000
1776195852.19,252.19,0.27,25.51,0.26,13.5,0.31,60.0,0.41,50.0,0.69,60.0,0.59,50.0,0.73,25.51,0.74,13.5,0.04,0.04,613.66,1776195851000
1776195853.37,253.37,0.27,25.51,0.26,13.5,0.31,60.0,0.41,50.0,0.69,60.0,0.59,50.0,0.73,25.51,0.74,13.5,0.04,0.04,613.656,1776195852000
1776195854.398,254.398,0.27,25.51,0.26,13.5,0.31,60.0,0.41,50.0,0.69,60.0,0.59,50.0,0.73,25.51,0.74,13.5,0.04,0.04,613.639,1776195853000
1776195854.999,254.999,0.27,25.51,0.26,13.5,0.31,60.0,0.41,50.0,0.69,60.0,0.59,50.0,0.73,25.51,0.74,13.5,0.04,0.04,613.639,1776195854000
1776195855.411,255.411,0.27,15.89,0.23,14.7,0.31,60.0,0.41,50.0,0.69,60.0,0.59,50.0,0.73,25.51,0.74,13.5,0.04,0.04,613.639,1776195854000
1776195856.203,256.203,0.27,15.89,0.23,14.7,0.31,60.0,0.41,50.0,0.69,60.0,0.59,50.0,0.73,15.89,0.77,14.7,0.04,0.04,613.654,1776195855000
1776195857.271,257.271,0.27,15.89,0.23,14.7,0.31,60.0,0.41,50.0,0.69,60.0,0.59,50.0,0.73,15.89,0.77,14.7,0.04,0.04,613.641,1776195856000
1776195858.317,258.317,0.27,15.89,0.23,14.7,0.31,60.0,0.41,50.0,0.69,60.0,0.59,50.0,0.73,15.89,0.77,14.7,0.04,0.04,613.646,1776195857000
1776195859.361,259.361,0.27,15.89,0.23,14.7,0.31,60.0,0.41,50.0,0.69,60.0,0.59,50.0,0.73,15.89,0.77,14.7,0.04,0.04,613.643,1776195858000
1776195859.953,259.953,0.27,15.89,0.23,14.7,0.31,60.0,0.41,50.0,0.69,60.0,0.59,50.0,0.73,15.89,0.77,14.7,0.04,0.04,613.643,1776195859000
1776195861.034,261.034,0.27,15.89,0.23,14.7,0.31,60.0,0.41,50.0,0.69,60.0,0.59,50.0,0.73,15.89,0.77,14.7,0.04,0.04,613.656,1776195860000
1776195862.085,262.085,0.27,15.89,0.23,14.7,0.31,60.0,0.41,50.0,0.69,60.0,0.59,50.0,0.73,15.89,0.77,14.7,0.04,0.04,613.656,1776195861000
1776195863.643,263.643,0.27,15.89,0.23,14.7,0.31,60.0,0.41,50.0,0.69,60.0,0.59,50.0,0.73,15.89,0.77,14.7,0.04,0.04,613.645,1776195862000
1776195864.332,264.332,0.27,15.89,0.23,14.7,0.31,60.0,0.41,50.0,0.69,60.0,0.59,50.0,0.73,15.89,0.77,14.7,0.04,0.04,613.62405,1776195863000
1776195865.17,265.17,0.27,15.89,0.23,14.7,0.31,60.0,0.41,50.0,0.69,60.0,0.59,50.0,0.73,15.89,0.77,14.7,0.04,0.04,613.764,1776195864000
1776195866.391,266.391,0.27,15.89,0.23,14.7,0.31,60.0,0.41,50.0,0.69,60.0,0.59,50.0,0.73,15.89,0.77,14.7,0.04,0.04,613.814,1776195865000
1776195867.141,267.141,0.27,15.89,0.23,14.7,0.31,60.0,0.41,50.0,0.69,60.0,0.59,50.0,0.73,15.89,0.77,14.7,0.04,0.04,613.807,1776195866000
1776195868.388,268.388,0.27,15.89,0.23,14.7,0.31,60.0,0.41,50.0,0.69,60.0,0.59,50.0,0.73,15.89,0.77,14.7,0.04,0.04,613.822,1776195867000
1776195869.068,269.068,0.27,15.89,0.23,14.7,0.31,60.0,0.41,50.0,0.69,60.0,0.59,50.0,0.73,15.89,0.77,14.7,0.04,0.04,613.825,1776195868000
1776195870.411,270.411,0.27,15.89,0.23,14.7,0.31,60.0,0.41,50.0,0.69,60.0,0.59,50.0,0.73,15.89,0.77,14.7,0.04,0.04,613.825,1776195869000
1776195871.148,271.148,0.27,15.89,0.23,14.7,0.31,60.0,0.41,50.0,0.69,60.0,0.59,50.0,0.73,15.89,0.77,14.7,0.04,0.04,613.825,1776195870000
1776195872.376,272.376,0.27,15.89,0.23,14.7,0.31,60.0,0.41,50.0,0.69,60.0,0.59,50.0,0.73,15.89,0.77,14.7,0.04,0.04,613.81,1776195871000
1776195872.967,272.967,0.27,15.89,0.23,14.7,0.31,60.0,0.41,50.0,0.69,60.0,0.59,50.0,0.73,15.89,0.77,14.7,0.04,0.04,613.819,1776195872000
1776195874.307,274.307,0.27,15.89,0.23,14.7,0.31,60.0,0.41,50.0,0.69,60.0,0.59,50.0,0.73,15.89,0.77,14.7,0.04,0.04,613.816,1776195873000
1776195875.064,275.064,0.27,15.89,0.23,14.7,0.31,60.0,0.41,50.0,0.69,60.0,0.59,50.0,0.73,15.89,0.77,14.7,0.04,0.04,613.812,1776195874000
1776195875.513,275.513,0.41,16.0,0.21,50.0,0.51,50.57,0.61,50.0,0.69,60.0,0.59,50.0,0.73,15.89,0.77,14.7,0.1,0.04,613.812,1776195874000
1776195876.463,276.463,0.41,16.0,0.21,50.0,0.51,50.57,0.61,50.0,0.49,50.57,0.39,50.0,0.59,16.0,0.79,50.0,0.1,0.1,613.812,1776195875000
1776195877.156,277.156,0.41,16.0,0.21,50.0,0.51,50.57,0.61,50.0,0.49,50.57,0.39,50.0,0.59,16.0,0.79,50.0,0.1,0.1,613.8,1776195876000
1776195877.882,277.882,0.43,19.12,0.21,50.0,0.51,48.53,0.61,50.0,0.49,50.57,0.39,50.0,0.59,16.0,0.79,50.0,0.08,0.1,613.8,1776195876000
1776195878.499,278.499,0.43,19.12,0.21,50.0,0.51,36.87,0.61,50.0,0.49,36.87,0.39,50.0,0.57,19.12,0.79,50.0,0.08,0.08,613.808,1776195877000
1776195879.354,279.354,0.43,19.12,0.21,50.0,0.51,31.04,0.61,50.0,0.49,36.87,0.39,50.0,0.57,19.12,0.79,50.0,0.08,0.08,613.808,1776195877000
1776195879.774,279.774,0.43,19.12,0.21,50.0,0.51,31.04,0.61,50.0,0.49,31.04,0.39,50.0,0.57,19.12,0.79,50.0,0.08,0.08,613.809,1776195878000
1776195880.637,280.637,0.43,19.12,0.31,50.0,0.71,50.0,0.81,50.0,0.29,50.0,0.19,50.0,0.57,19.12,0.69,50.0,0.28,0.28,613.794,1776195879000
1776195881.342,281.342,0.43,19.12,0.31,50.0,0.71,50.0,0.81,50.0,0.29,50.0,0.19,50.0,0.57,19.12,0.69,50.0,0.28,0.28,613.794,1776195880000
1776195882.815,282.815,0.43,19.12,0.31,50.0,0.71,50.0,0.81,50.0,0.29,50.0,0.19,50.0,0.57,19.12,0.69,50.0,0.28,0.28,613.78496,1776195881000
1776195883.618,283.618,0.43,19.12,0.31,50.0,0.71,50.0,0.81,50.0,0.29,50.0,0.19,50.0,0.57,19.12,0.69,50.0,0.28,0.28,613.788905,1776195882000
1776195884.227,284.227,0.43,19.12,0.31,50.0,0.71,50.0,0.81,50.0,0.29,50.0,0.19,50.0,0.57,19.12,0.69,50.0,0.28,0.28,613.789407,1776195883000
1776195885.56,285.56,0.43,19.12,0.31,50.0,0.71,50.0,0.81,50.0,0.29,50.0,0.19,50.0,0.57,19.12,0.69,50.0,0.28,0.28,613.824,1776195884000
1776195886.339,286.339,0.43,19.12,0.31,50.0,0.71,50.0,0.81,50.0,0.29,50.0,0.19,50.0,0.57,19.12,0.69,50.0,0.28,0.28,613.824,1776195885000
1776195887.746,287.746,0.51,50.0,0.41,50.0,0.81,45.0,0.83,11.76,0.19,45.0,0.17,11.76,0.49,50.0,0.59,50.0,0.3,0.3,613.816,1776195886000
1776195888.273,288.273,0.51,50.0,0.41,50.0,0.81,45.0,0.83,11.76,0.19,45.0,0.17,11.76,0.49,50.0,0.59,50.0,0.3,0.3,613.82,1776195887000
1776195889.456,289.456,0.51,50.0,0.41,50.0,0.81,45.0,0.83,11.76,0.19,45.0,0.17,11.76,0.49,50.0,0.59,50.0,0.3,0.3,613.823,1776195888000
1776195890.042,290.042,0.51,50.0,0.41,50.0,0.81,45.0,0.83,11.76,0.19,45.0,0.17,11.76,0.49,50.0,0.59,50.0,0.3,0.3,613.823,1776195889000
1776195891.141,291.141,0.51,50.0,0.41,50.0,0.81,43.1,0.83,11.76,0.19,43.1,0.17,11.76,0.49,50.0,0.59,50.0,0.3,0.3,613.825,1776195890000
1776195891.468,291.468,0.31,50.0,0.21,50.0,0.61,48.77,0.71,50.0,0.19,43.1,0.17,11.76,0.49,50.0,0.59,50.0,0.3,0.3,613.825,1776195890000
1776195892.39,292.39,0.31,41.38,0.21,50.0,0.61,48.77,0.71,50.0,0.39,48.77,0.29,50.0,0.69,41.38,0.79,50.0,0.3,0.3,613.816,1776195891000
1776195892.679,292.679,0.31,41.38,0.21,50.0,0.61,47.14,0.71,50.0,0.39,48.77,0.29,50.0,0.69,41.38,0.79,50.0,0.3,0.3,613.816,1776195891000
1776195892.958,292.958,0.31,41.38,0.21,50.0,0.61,47.14,0.71,50.0,0.39,47.14,0.29,50.0,0.69,41.38,0.79,50.0,0.3,0.3,613.816,1776195892000
1776195894.099,294.099,0.31,41.38,0.21,50.0,0.61,47.14,0.71,50.0,0.39,47.14,0.29,50.0,0.69,41.38,0.79,50.0,0.3,0.3,613.814,1776195893000
1776195895.318,295.318,0.31,41.38,0.21,50.0,0.61,47.14,0.71,50.0,0.39,47.14,0.29,50.0,0.69,41.38,0.79,50.0,0.3,0.3,613.767,1776195894000
1776195895.578,295.578,0.21,50.0,0.11,50.0,0.45,5.0,0.61,47.14,0.39,47.14,0.29,50.0,0.69,41.38,0.79,50.0,0.24,0.3,613.767,1776195894000
1776195896.391,296.391,0.21,50.0,0.11,50.0,0.45,5.0,0.61,47.14,0.55,5.0,0.39,47.14,0.79,50.0,0.89,50.0,0.24,0.24,613.778,1776195895000
1776195897.32,297.32,0.21,50.0,0.11,50.0,0.45,2.56,0.51,50.0,0.55,2.56,0.49,50.0,0.79,50.0,0.89,50.0,0.24,0.24,613.774,1776195896000
1776195897.867,297.867,0.21,10.75,0.11,50.0,0.41,47.56,0.45,2.56,0.59,47.56,0.55,2.56,0.79,10.75,0.89,50.0,0.2,0.2,613.774,1776195897000
1776195898.128,298.128,0.22,19.64,0.21,10.75,0.41,47.56,0.45,2.56,0.59,47.56,0.55,2.56,0.79,10.75,0.89,50.0,0.19,0.2,613.774,1776195897000
1776195898.358,298.358,0.45,58.05,0.3,36.66,0.51,45.0,0.61,47.14,0.49,50.0,0.39,47.14,0.55,58.05,0.78,19.64,0.06,0.06,613.774,1776195897000
1776195898.683,298.683,0.45,58.05,0.3,36.66,0.51,35.94,0.61,47.14,0.49,41.77,0.39,47.14,0.55,58.05,0.7,36.66,0.06,0.06,613.774,1776195897000
1776195899.031,299.031,0.5,5.0,0.45,58.05,0.51,11.37,0.61,47.14,0.49,17.37,0.39,47.14,0.5,75.1,0.55,58.05,0.01,0.01,613.772,1776195898000
1776195899.257,299.257,0.45,58.05,0.43,5.0,0.5,100.1,0.9,10.0,0.49,1.37,0.39,47.14,0.5,5.0,0.55,58.05,0.05,0.01,613.772,1776195898000
1776195899.856,299.856,0.45,58.05,0.43,5.0,0.5,100.1,0.9,10.0,0.5,100.1,0.1,10.0,0.55,58.05,0.57,5.0,0.05,0.05,613.798,1776195899000
1776195900.137,300.137,0.81,8.0,0.77,5.0,0.9,8.0,0.96,25.0,0.5,100.1,0.1,10.0,0.55,58.05,0.57,5.0,0.09,0.05,613.798,1776195899000
1776195900.788,300.788,0.77,5.0,0.7,78.6,0.96,5.2,0.98,5.0,0.1,8.0,0.04,25.0,0.19,8.0,0.23,5.0,0.19,0.09,613.798,1776195899000
1776195901.305,301.305,0.77,5.0,0.7,78.6,0.96,5.2,0.98,5.0,0.04,5.2,0.02,5.0,0.23,5.0,0.3,78.6,0.19,0.19,613.799,1776195900000

# RESULT,winner=Up,slug=bnb-updown-5m-1776195600,ticks=328
