timestamp,elapsed_sec,up_bid_p1,up_bid_s1,up_bid_p2,up_bid_s2,up_ask_p1,up_ask_s1,up_ask_p2,up_ask_s2,down_bid_p1,down_bid_s1,down_bid_p2,down_bid_s2,down_ask_p1,down_ask_s1,down_ask_p2,down_ask_s2,up_spread,down_spread,bnb_price,bnb_oracle_ts
1776213301.391,1.391,0.33,300.0,0.31,375.0,0.5,5.0,0.67,300.0,0.5,5.0,0.33,300.0,0.67,300.0,0.69,375.0,0.17,0.17,616.445096,1776213300000
1776213301.712,1.712,0.33,300.0,0.31,375.0,0.5,5.0,0.67,300.0,0.5,5.0,0.33,300.0,0.67,300.0,0.69,375.0,0.17,0.17,616.445096,1776213300000
1776213302.867,2.867,0.33,300.0,0.31,375.0,0.5,5.0,0.67,300.0,0.5,5.0,0.33,300.0,0.67,300.0,0.69,375.0,0.17,0.17,616.445232,1776213302000
1776213303.901,3.901,0.33,300.0,0.31,375.0,0.5,5.0,0.67,300.0,0.5,5.0,0.33,300.0,0.67,300.0,0.69,375.0,0.17,0.17,616.446893,1776213303000
1776213304.851,4.851,0.33,300.0,0.31,375.0,0.5,5.0,0.67,300.0,0.5,5.0,0.33,300.0,0.67,300.0,0.69,375.0,0.17,0.17,616.449242,1776213304000
1776213305.864,5.864,0.45,5.0,0.38,5.0,0.5,5.0,0.56,10.0,0.5,5.0,0.33,300.0,0.67,300.0,0.69,375.0,0.05,0.17,616.449242,1776213304000
1776213306.939,6.939,0.45,5.0,0.38,5.0,0.5,5.0,0.56,10.0,0.5,5.0,0.44,10.0,0.55,5.0,0.62,5.0,0.05,0.05,616.463929,1776213306000
1776213307.747,7.747,0.45,5.0,0.44,5.0,0.5,4.4,0.56,10.0,0.5,5.0,0.44,10.0,0.55,5.0,0.62,5.0,0.05,0.05,616.463929,1776213306000
1776213308.98,8.98,0.45,5.0,0.44,5.0,0.5,4.4,0.56,10.0,0.5,4.4,0.44,10.0,0.55,5.0,0.56,5.0,0.05,0.05,616.45818,1776213307000
1776213309.56,9.56,0.45,5.0,0.44,5.0,0.5,4.4,0.56,10.0,0.5,4.4,0.44,10.0,0.55,5.0,0.56,5.0,0.05,0.05,616.437681,1776213308000
1776213310.144,10.144,0.45,5.0,0.44,5.0,0.5,4.4,0.56,10.0,0.5,4.4,0.44,10.0,0.55,5.0,0.56,5.0,0.05,0.05,616.437713,1776213309000
1776213311.314,11.314,0.45,5.0,0.44,5.0,0.5,4.4,0.56,10.0,0.5,4.4,0.44,10.0,0.55,5.0,0.56,5.0,0.05,0.05,616.437681,1776213310000
1776213311.915,11.915,0.45,5.0,0.44,5.0,0.5,4.4,0.56,10.0,0.5,4.4,0.44,10.0,0.55,5.0,0.56,5.0,0.05,0.05,616.437852,1776213311000
1776213313.048,13.048,0.45,5.0,0.44,5.0,0.5,4.4,0.56,10.0,0.5,4.4,0.44,10.0,0.55,5.0,0.56,5.0,0.05,0.05,616.440866,1776213312000
1776213314.145,14.145,0.45,5.0,0.44,5.0,0.5,4.4,0.56,10.0,0.5,4.4,0.44,10.0,0.55,5.0,0.56,5.0,0.05,0.05,616.327626,1776213313000
1776213315.215,15.215,0.45,5.0,0.44,5.0,0.5,4.4,0.56,10.0,0.5,4.4,0.44,10.0,0.55,5.0,0.56,5.0,0.05,0.05,616.326906,1776213314000
1776213316.339,16.339,0.45,5.0,0.44,5.0,0.5,4.4,0.56,10.0,0.5,4.4,0.44,10.0,0.55,5.0,0.56,5.0,0.05,0.05,616.32682,1776213315000
1776213316.94,16.94,0.45,5.0,0.44,5.0,0.5,4.4,0.56,10.0,0.5,4.4,0.44,10.0,0.55,5.0,0.56,5.0,0.05,0.05,616.32682,1776213316000
1776213318.04,18.04,0.45,5.0,0.44,5.0,0.5,4.4,0.56,10.0,0.5,4.4,0.44,10.0,0.55,5.0,0.56,5.0,0.05,0.05,616.321989,1776213317000
1776213319.178,19.178,0.45,5.0,0.44,5.0,0.5,4.4,0.56,10.0,0.5,4.4,0.44,10.0,0.55,5.0,0.56,5.0,0.05,0.05,616.321324,1776213318000
1776213320.325,20.325,0.45,5.0,0.44,5.0,0.5,4.4,0.56,10.0,0.5,4.4,0.44,10.0,0.55,5.0,0.56,5.0,0.05,0.05,616.301511,1776213319000
1776213321.401,21.401,0.45,5.0,0.44,5.0,0.5,4.4,0.56,10.0,0.5,4.4,0.44,10.0,0.55,5.0,0.56,5.0,0.05,0.05,616.261,1776213320000
1776213322.036,22.036,0.45,5.0,0.44,5.0,0.5,4.4,0.56,10.0,0.5,4.4,0.44,10.0,0.55,5.0,0.56,5.0,0.05,0.05,616.260534,1776213321000
1776213323.508,23.508,0.45,5.0,0.44,5.0,0.5,4.4,0.56,10.0,0.5,4.4,0.44,10.0,0.55,5.0,0.56,5.0,0.05,0.05,616.255612,1776213322000
1776213324.027,24.027,0.45,5.0,0.44,5.0,0.5,4.4,0.56,10.0,0.5,4.4,0.44,10.0,0.55,5.0,0.56,5.0,0.05,0.05,616.255454,1776213323000
1776213325.134,25.134,0.45,5.0,0.44,5.0,0.5,4.4,0.56,10.0,0.5,4.4,0.44,10.0,0.55,5.0,0.56,5.0,0.05,0.05,616.25839,1776213324000
1776213326.286,26.286,0.45,5.0,0.44,5.0,0.5,4.4,0.56,10.0,0.5,4.4,0.44,10.0,0.55,5.0,0.56,5.0,0.05,0.05,616.261015,1776213325000
1776213326.851,26.851,0.45,5.0,0.44,5.0,0.5,4.4,0.56,10.0,0.5,4.4,0.44,10.0,0.55,5.0,0.56,5.0,0.05,0.05,616.260969,1776213326000
1776213327.967,27.967,0.45,5.0,0.44,5.0,0.5,4.4,0.56,10.0,0.5,4.4,0.44,10.0,0.55,5.0,0.56,5.0,0.05,0.05,616.256239,1776213327000
1776213329.154,29.154,0.45,5.0,0.44,5.0,0.5,4.4,0.56,10.0,0.5,4.4,0.44,10.0,0.55,5.0,0.56,5.0,0.05,0.05,616.256226,1776213328000
1776213330.261,30.261,0.45,5.0,0.44,5.0,0.5,4.4,0.56,10.0,0.5,4.4,0.44,10.0,0.55,5.0,0.56,5.0,0.05,0.05,616.260153,1776213329000
1776213331.27,31.27,0.45,5.0,0.44,5.0,0.5,4.4,0.56,10.0,0.5,4.4,0.44,10.0,0.55,5.0,0.56,5.0,0.05,0.05,616.257832,1776213330000
1776213332.297,32.297,0.45,5.0,0.44,5.0,0.5,4.4,0.56,10.0,0.5,4.4,0.44,10.0,0.55,5.0,0.56,5.0,0.05,0.05,616.257809,1776213331000
1776213333.347,33.347,0.45,5.0,0.44,5.0,0.5,4.4,0.56,10.0,0.5,4.4,0.44,10.0,0.55,5.0,0.56,5.0,0.05,0.05,616.257809,1776213332000
1776213333.955,33.955,0.45,5.0,0.44,5.0,0.5,4.4,0.56,10.0,0.5,4.4,0.44,10.0,0.55,5.0,0.56,5.0,0.05,0.05,616.25706,1776213333000
1776213335.08,35.08,0.45,5.0,0.44,5.0,0.5,4.4,0.56,10.0,0.5,4.4,0.44,10.0,0.55,5.0,0.56,5.0,0.05,0.05,616.257784,1776213334000
1776213336.111,36.111,0.45,5.0,0.44,5.0,0.5,4.4,0.56,10.0,0.5,4.4,0.44,10.0,0.55,5.0,0.56,5.0,0.05,0.05,616.257801,1776213335000
1776213337.62,37.62,0.29,5.0,0.25,5.0,0.4,5.0,0.44,5.0,0.5,4.4,0.44,10.0,0.55,5.0,0.56,5.0,0.11,0.05,616.257801,1776213335000
1776213338.281,38.281,0.29,5.0,0.25,5.0,0.4,5.0,0.44,5.0,0.6,5.0,0.56,5.0,0.71,5.0,0.75,5.0,0.11,0.11,616.257357,1776213337000
1776213339.336,39.336,0.29,5.0,0.25,5.0,0.4,5.0,0.44,5.0,0.6,5.0,0.56,5.0,0.71,5.0,0.75,5.0,0.11,0.11,616.258763,1776213338000
1776213340.287,40.287,0.29,5.0,0.25,5.0,0.4,5.0,0.44,5.0,0.6,5.0,0.56,5.0,0.71,5.0,0.75,5.0,0.11,0.11,616.255965,1776213339000
1776213341.219,41.219,0.29,5.0,0.25,5.0,0.4,5.0,0.44,5.0,0.6,5.0,0.56,5.0,0.71,5.0,0.75,5.0,0.11,0.11,616.251778,1776213340000
1776213342.213,42.213,0.29,5.0,0.25,5.0,0.4,5.0,0.44,5.0,0.6,5.0,0.56,5.0,0.71,5.0,0.75,5.0,0.11,0.11,616.225307,1776213341000
1776213343.171,43.171,0.29,5.0,0.25,5.0,0.4,5.0,0.44,5.0,0.6,5.0,0.56,5.0,0.71,5.0,0.75,5.0,0.11,0.11,616.19688,1776213342000
1776213344.22,44.22,0.29,5.0,0.25,5.0,0.4,5.0,0.44,5.0,0.6,5.0,0.56,5.0,0.71,5.0,0.75,5.0,0.11,0.11,616.199582,1776213343000
1776213345.16,45.16,0.29,5.0,0.25,5.0,0.4,5.0,0.44,5.0,0.6,5.0,0.56,5.0,0.71,5.0,0.75,5.0,0.11,0.11,616.199579,1776213344000
1776213346.186,46.186,0.29,5.0,0.25,5.0,0.4,5.0,0.44,5.0,0.6,5.0,0.56,5.0,0.71,5.0,0.75,5.0,0.11,0.11,616.199559,1776213345000
1776213347.114,47.114,0.29,5.0,0.25,5.0,0.4,5.0,0.44,5.0,0.6,5.0,0.56,5.0,0.71,5.0,0.75,5.0,0.11,0.11,616.199214,1776213346000
1776213348.23,48.23,0.29,5.0,0.25,5.0,0.4,5.0,0.44,5.0,0.6,5.0,0.56,5.0,0.71,5.0,0.75,5.0,0.11,0.11,616.196591,1776213347000
1776213349.173,49.173,0.29,5.0,0.25,5.0,0.4,5.0,0.44,5.0,0.6,5.0,0.56,5.0,0.71,5.0,0.75,5.0,0.11,0.11,616.196583,1776213348000
1776213350.781,50.781,0.29,5.0,0.25,5.0,0.4,5.0,0.44,5.0,0.6,5.0,0.56,5.0,0.71,5.0,0.75,5.0,0.11,0.11,616.198405,1776213349000
1776213351.352,51.352,0.29,5.0,0.25,5.0,0.4,5.0,0.44,5.0,0.6,5.0,0.56,5.0,0.71,5.0,0.75,5.0,0.11,0.11,616.201514,1776213350000
1776213352.387,52.387,0.29,5.0,0.25,5.0,0.4,5.0,0.44,5.0,0.6,5.0,0.56,5.0,0.71,5.0,0.75,5.0,0.11,0.11,616.203208,1776213351000
1776213352.994,52.994,0.29,5.0,0.25,5.0,0.4,5.0,0.44,5.0,0.6,5.0,0.56,5.0,0.71,5.0,0.75,5.0,0.11,0.11,616.203217,1776213352000
1776213353.963,53.963,0.29,5.0,0.25,5.0,0.4,5.0,0.44,5.0,0.6,5.0,0.56,5.0,0.71,5.0,0.75,5.0,0.11,0.11,616.226431,1776213353000
1776213355.172,55.172,0.29,5.0,0.25,5.0,0.4,5.0,0.44,5.0,0.6,5.0,0.56,5.0,0.71,5.0,0.75,5.0,0.11,0.11,616.293824,1776213354000
1776213356.248,56.248,0.29,5.0,0.25,5.0,0.4,5.0,0.44,5.0,0.6,5.0,0.56,5.0,0.71,5.0,0.75,5.0,0.11,0.11,616.321449,1776213355000
1776213357.403,57.403,0.29,5.0,0.25,5.0,0.4,5.0,0.44,5.0,0.6,5.0,0.56,5.0,0.71,5.0,0.75,5.0,0.11,0.11,616.347996,1776213356000
1776213358.034,58.034,0.29,5.0,0.25,5.0,0.4,5.0,0.44,5.0,0.6,5.0,0.56,5.0,0.71,5.0,0.75,5.0,0.11,0.11,616.34841,1776213357000
1776213359.207,59.207,0.29,5.0,0.25,5.0,0.4,5.0,0.44,5.0,0.6,5.0,0.56,5.0,0.71,5.0,0.75,5.0,0.11,0.11,616.348379,1776213358000
1776213360.191,60.191,0.29,5.0,0.25,5.0,0.4,5.0,0.44,5.0,0.6,5.0,0.56,5.0,0.71,5.0,0.75,5.0,0.11,0.11,616.348101,1776213359000
1776213360.627,60.627,0.3,5.0,0.29,17.6,0.49,2.0,0.5,5.0,0.6,5.0,0.56,5.0,0.71,5.0,0.75,5.0,0.19,0.11,616.348101,1776213359000
1776213361.348,61.348,0.3,5.0,0.29,17.6,0.49,2.0,0.5,5.0,0.51,2.0,0.5,5.0,0.7,5.0,0.71,17.6,0.19,0.19,616.348081,1776213360000
1776213362.343,62.343,0.3,5.0,0.29,17.6,0.49,2.0,0.5,5.0,0.51,2.0,0.5,5.0,0.7,5.0,0.71,17.6,0.19,0.19,616.293435,1776213361000
1776213362.982,62.982,0.3,5.0,0.29,17.6,0.49,2.0,0.5,5.0,0.51,2.0,0.5,5.0,0.7,5.0,0.71,17.6,0.19,0.19,616.271007,1776213362000
1776213364.091,64.091,0.3,5.0,0.29,17.6,0.49,2.0,0.5,5.0,0.51,2.0,0.5,5.0,0.7,5.0,0.71,17.6,0.19,0.19,616.22492,1776213363000
1776213364.369,64.369,0.2,5.0,0.17,23.39,0.31,5.0,0.34,10.0,0.51,2.0,0.5,5.0,0.7,5.0,0.71,17.6,0.11,0.19,616.22492,1776213363000
1776213365.19,65.19,0.2,5.0,0.17,23.39,0.31,5.0,0.34,10.0,0.69,5.0,0.66,10.0,0.8,5.0,0.83,23.39,0.11,0.11,616.136922,1776213364000
1776213366.62,66.62,0.2,5.0,0.17,23.39,0.31,5.0,0.34,10.0,0.69,5.0,0.66,10.0,0.8,5.0,0.83,23.39,0.11,0.11,616.026829,1776213365000
1776213367.228,67.228,0.2,5.0,0.17,23.39,0.31,5.0,0.34,10.0,0.69,5.0,0.66,10.0,0.8,5.0,0.83,23.39,0.11,0.11,616.019493,1776213366000
1776213368.443,68.443,0.2,5.0,0.17,23.39,0.31,5.0,0.34,10.0,0.69,5.0,0.66,10.0,0.8,5.0,0.83,23.39,0.11,0.11,615.984032,1776213367000
1776213368.989,68.989,0.2,5.0,0.17,23.39,0.31,5.0,0.34,10.0,0.69,5.0,0.66,10.0,0.8,5.0,0.83,23.39,0.11,0.11,615.984032,1776213368000
1776213370.476,70.476,0.2,5.0,0.17,23.39,0.31,5.0,0.34,10.0,0.69,5.0,0.66,10.0,0.8,5.0,0.83,23.39,0.11,0.11,615.984608,1776213369000
1776213371.012,71.012,0.2,5.0,0.17,23.39,0.31,5.0,0.34,10.0,0.69,5.0,0.66,10.0,0.8,5.0,0.83,23.39,0.11,0.11,615.982723,1776213370000
1776213371.851,71.851,0.17,3.31,0.15,20.39,0.25,5.0,0.28,5.0,0.69,5.0,0.66,10.0,0.8,5.0,0.83,23.39,0.08,0.11,615.982723,1776213370000
1776213372.205,72.205,0.17,3.31,0.15,20.39,0.25,5.0,0.28,5.0,0.75,5.0,0.72,5.0,0.83,3.31,0.85,20.39,0.08,0.08,615.98244,1776213371000
1776213373.339,73.339,0.17,3.31,0.15,20.39,0.25,5.0,0.28,5.0,0.75,5.0,0.72,5.0,0.83,3.31,0.85,20.39,0.08,0.08,615.982134,1776213372000
1776213373.957,73.957,0.17,3.31,0.15,20.39,0.25,5.0,0.28,5.0,0.75,5.0,0.72,5.0,0.83,3.31,0.85,20.39,0.08,0.08,615.982103,1776213373000
1776213375.058,75.058,0.17,3.31,0.15,20.39,0.25,5.0,0.28,5.0,0.75,5.0,0.72,5.0,0.83,3.31,0.85,20.39,0.08,0.08,615.983637,1776213374000
1776213376.186,76.186,0.17,3.31,0.15,20.39,0.25,5.0,0.28,5.0,0.75,5.0,0.72,5.0,0.83,3.31,0.85,20.39,0.08,0.08,615.981633,1776213375000
1776213377.52,77.52,0.17,3.31,0.15,20.39,0.25,5.0,0.28,5.0,0.75,5.0,0.72,5.0,0.83,3.31,0.85,20.39,0.08,0.08,615.950278,1776213376000
1776213378.121,78.121,0.17,3.31,0.15,20.39,0.25,5.0,0.28,5.0,0.75,5.0,0.72,5.0,0.83,3.31,0.85,20.39,0.08,0.08,615.950273,1776213377000
1776213379.387,79.387,0.17,3.31,0.15,20.39,0.25,5.0,0.28,5.0,0.75,5.0,0.72,5.0,0.83,3.31,0.85,20.39,0.08,0.08,615.952426,1776213378000
1776213380.019,80.019,0.17,3.31,0.15,20.39,0.25,5.0,0.28,5.0,0.75,5.0,0.72,5.0,0.83,3.31,0.85,20.39,0.08,0.08,615.952426,1776213379000
1776213381.455,81.455,0.17,3.31,0.15,20.39,0.25,5.0,0.28,5.0,0.75,5.0,0.72,5.0,0.83,3.31,0.85,20.39,0.08,0.08,615.949313,1776213380000
1776213382.17,82.17,0.17,3.31,0.15,20.39,0.25,5.0,0.28,5.0,0.75,5.0,0.72,5.0,0.83,3.31,0.85,20.39,0.08,0.08,615.949313,1776213381000
1776213383.635,83.635,0.17,3.31,0.15,20.39,0.25,5.0,0.28,5.0,0.75,5.0,0.72,5.0,0.83,3.31,0.85,20.39,0.08,0.08,615.906949,1776213382000
1776213384.336,84.336,0.17,3.31,0.15,20.39,0.25,5.0,0.28,5.0,0.75,5.0,0.72,5.0,0.83,3.31,0.85,20.39,0.08,0.08,615.900666,1776213383000
1776213385.634,85.634,0.17,3.31,0.15,20.39,0.25,5.0,0.28,5.0,0.75,5.0,0.72,5.0,0.83,3.31,0.85,20.39,0.08,0.08,615.900873,1776213384000
1776213386.321,86.321,0.17,3.31,0.15,20.39,0.25,5.0,0.28,5.0,0.75,5.0,0.72,5.0,0.83,3.31,0.85,20.39,0.08,0.08,615.900873,1776213385000
1776213388.192,88.192,0.17,3.31,0.15,20.39,0.25,5.0,0.28,5.0,0.75,5.0,0.72,5.0,0.83,3.31,0.85,20.39,0.08,0.08,615.903424,1776213387000
1776213389.854,89.854,0.17,3.31,0.15,20.39,0.25,5.0,0.28,5.0,0.75,5.0,0.72,5.0,0.83,3.31,0.85,20.39,0.08,0.08,615.904405,1776213388000
1776213390.478,90.478,0.17,3.31,0.15,20.39,0.25,5.0,0.28,5.0,0.75,5.0,0.72,5.0,0.83,3.31,0.85,20.39,0.08,0.08,615.908065,1776213389000
1776213391.296,91.296,0.17,3.31,0.15,20.39,0.25,5.0,0.28,5.0,0.75,5.0,0.72,5.0,0.83,3.31,0.85,20.39,0.08,0.08,615.908515,1776213390000
1776213392.903,92.903,0.17,3.31,0.15,20.39,0.25,5.0,0.28,5.0,0.75,5.0,0.72,5.0,0.83,3.31,0.85,20.39,0.08,0.08,615.965,1776213391000
1776213393.516,93.516,0.17,3.31,0.15,20.39,0.25,5.0,0.28,5.0,0.75,5.0,0.72,5.0,0.83,3.31,0.85,20.39,0.08,0.08,615.952,1776213392000
1776213394.326,94.326,0.17,3.31,0.15,20.39,0.25,5.0,0.28,5.0,0.75,5.0,0.72,5.0,0.83,3.31,0.85,20.39,0.08,0.08,615.952,1776213393000
1776213395.703,95.703,0.17,3.31,0.15,20.39,0.25,5.0,0.28,5.0,0.75,5.0,0.72,5.0,0.83,3.31,0.85,20.39,0.08,0.08,615.94964,1776213394000
1776213399.244,99.244,0.17,3.31,0.15,20.39,0.25,5.0,0.28,5.0,0.75,5.0,0.72,5.0,0.83,3.31,0.85,20.39,0.08,0.08,615.951157,1776213398000
1776213400.346,100.346,0.17,3.31,0.15,20.39,0.25,5.0,0.28,5.0,0.75,5.0,0.72,5.0,0.83,3.31,0.85,20.39,0.08,0.08,615.951092,1776213399000
1776213400.858,100.858,0.17,3.31,0.15,20.39,0.25,5.0,0.28,5.0,0.75,5.0,0.72,5.0,0.83,3.31,0.85,20.39,0.08,0.08,615.95109,1776213400000
1776213402.118,102.118,0.17,3.31,0.15,20.39,0.25,5.0,0.28,5.0,0.75,5.0,0.72,5.0,0.83,3.31,0.85,20.39,0.08,0.08,615.945,1776213401000
1776213403.184,103.184,0.17,3.31,0.15,20.39,0.25,5.0,0.28,5.0,0.75,5.0,0.72,5.0,0.83,3.31,0.85,20.39,0.08,0.08,615.941,1776213402000
1776213404.284,104.284,0.17,3.31,0.15,20.39,0.25,5.0,0.28,5.0,0.75,5.0,0.72,5.0,0.83,3.31,0.85,20.39,0.08,0.08,615.935377,1776213403000
1776213404.907,104.907,0.17,3.31,0.15,20.39,0.25,5.0,0.28,5.0,0.75,5.0,0.72,5.0,0.83,3.31,0.85,20.39,0.08,0.08,615.926205,1776213404000
1776213406.076,106.076,0.17,3.31,0.15,20.39,0.25,5.0,0.28,5.0,0.75,5.0,0.72,5.0,0.83,3.31,0.85,20.39,0.08,0.08,615.926131,1776213405000
1776213407.234,107.234,0.17,3.31,0.15,20.39,0.25,5.0,0.28,5.0,0.75,5.0,0.72,5.0,0.83,3.31,0.85,20.39,0.08,0.08,615.926131,1776213406000
1776213408.368,108.368,0.17,3.31,0.15,20.39,0.25,5.0,0.28,5.0,0.75,5.0,0.72,5.0,0.83,3.31,0.85,20.39,0.08,0.08,615.918717,1776213407000
1776213409.399,109.399,0.17,3.31,0.15,20.39,0.25,5.0,0.28,5.0,0.75,5.0,0.72,5.0,0.83,3.31,0.85,20.39,0.08,0.08,615.91872,1776213408000
1776213410.048,110.048,0.17,3.31,0.15,20.39,0.25,5.0,0.28,5.0,0.75,5.0,0.72,5.0,0.83,3.31,0.85,20.39,0.08,0.08,615.885601,1776213409000
1776213411.281,111.281,0.17,3.31,0.15,20.39,0.25,5.0,0.28,5.0,0.75,5.0,0.72,5.0,0.83,3.31,0.85,20.39,0.08,0.08,615.88549,1776213410000
1776213412.247,112.247,0.17,3.31,0.15,20.39,0.25,5.0,0.28,5.0,0.75,5.0,0.72,5.0,0.83,3.31,0.85,20.39,0.08,0.08,615.88549,1776213411000
1776213413.97,113.97,0.17,3.31,0.15,20.39,0.25,5.0,0.28,5.0,0.75,5.0,0.72,5.0,0.83,3.31,0.85,20.39,0.08,0.08,615.884017,1776213412000
1776213414.66,114.66,0.17,3.31,0.15,20.39,0.25,5.0,0.28,5.0,0.75,5.0,0.72,5.0,0.83,3.31,0.85,20.39,0.08,0.08,615.883497,1776213413000
1776213415.939,115.939,0.17,3.31,0.15,20.39,0.25,5.0,0.28,5.0,0.75,5.0,0.72,5.0,0.83,3.31,0.85,20.39,0.08,0.08,615.883489,1776213414000
1776213416.726,116.726,0.17,3.31,0.15,20.39,0.25,5.0,0.28,5.0,0.75,5.0,0.72,5.0,0.83,3.31,0.85,20.39,0.08,0.08,615.883489,1776213415000
1776213417.697,117.697,0.17,3.31,0.15,20.39,0.25,5.0,0.28,5.0,0.75,5.0,0.72,5.0,0.83,3.31,0.85,20.39,0.08,0.08,615.883489,1776213416000
1776213418.53,118.53,0.17,3.31,0.15,20.39,0.25,5.0,0.28,5.0,0.75,5.0,0.72,5.0,0.83,3.31,0.85,20.39,0.08,0.08,615.883013,1776213417000
1776213419.173,119.173,0.17,3.31,0.15,20.39,0.25,5.0,0.28,5.0,0.75,5.0,0.72,5.0,0.83,3.31,0.85,20.39,0.08,0.08,615.88208,1776213418000
1776213420.522,120.522,0.17,3.31,0.15,20.39,0.25,5.0,0.28,5.0,0.75,5.0,0.72,5.0,0.83,3.31,0.85,20.39,0.08,0.08,615.886359,1776213419000
1776213421.192,121.192,0.17,3.31,0.15,20.39,0.25,5.0,0.28,5.0,0.75,5.0,0.72,5.0,0.83,3.31,0.85,20.39,0.08,0.08,615.886359,1776213420000
1776213422.782,122.782,0.17,3.31,0.15,20.39,0.25,5.0,0.28,5.0,0.75,5.0,0.72,5.0,0.83,3.31,0.85,20.39,0.08,0.08,615.91,1776213421000
1776213423.565,123.565,0.17,3.31,0.15,20.39,0.25,5.0,0.28,5.0,0.75,5.0,0.72,5.0,0.83,3.31,0.85,20.39,0.08,0.08,616.036,1776213422000
1776213424.284,124.284,0.17,3.31,0.15,20.39,0.25,5.0,0.28,5.0,0.75,5.0,0.72,5.0,0.83,3.31,0.85,20.39,0.08,0.08,615.988733,1776213423000
1776213425.753,125.753,0.17,3.31,0.15,20.39,0.25,5.0,0.28,5.0,0.75,5.0,0.72,5.0,0.83,3.31,0.85,20.39,0.08,0.08,615.988733,1776213424000
1776213426.502,126.502,0.17,3.31,0.15,20.39,0.25,5.0,0.28,5.0,0.75,5.0,0.72,5.0,0.83,3.31,0.85,20.39,0.08,0.08,615.988733,1776213425000
1776213427.292,127.292,0.17,3.31,0.15,20.39,0.25,5.0,0.28,5.0,0.75,5.0,0.72,5.0,0.83,3.31,0.85,20.39,0.08,0.08,615.988733,1776213426000
1776213428.05,128.05,0.17,3.31,0.15,20.39,0.25,5.0,0.28,5.0,0.75,5.0,0.72,5.0,0.83,3.31,0.85,20.39,0.08,0.08,616.050012,1776213427000
1776213429.557,129.557,0.17,3.31,0.15,20.39,0.25,5.0,0.28,5.0,0.75,5.0,0.72,5.0,0.83,3.31,0.85,20.39,0.08,0.08,616.057813,1776213428000
1776213430.315,130.315,0.17,3.31,0.15,20.39,0.25,5.0,0.28,5.0,0.75,5.0,0.72,5.0,0.83,3.31,0.85,20.39,0.08,0.08,616.058139,1776213429000
1776213431.744,131.744,0.17,3.31,0.15,20.39,0.25,5.0,0.28,5.0,0.75,5.0,0.72,5.0,0.83,3.31,0.85,20.39,0.08,0.08,616.040353,1776213430000
1776213432.583,132.583,0.17,3.31,0.15,20.39,0.25,5.0,0.28,5.0,0.75,5.0,0.72,5.0,0.83,3.31,0.85,20.39,0.08,0.08,616.270263,1776213431000
1776213433.632,133.632,0.17,3.31,0.15,20.39,0.25,5.0,0.28,5.0,0.75,5.0,0.72,5.0,0.83,3.31,0.85,20.39,0.08,0.08,616.35703,1776213432000
1776213434.11,134.11,0.17,3.31,0.15,20.39,0.25,5.0,0.28,5.0,0.75,5.0,0.72,5.0,0.83,3.31,0.85,20.39,0.08,0.08,616.380903,1776213433000
1776213435.227,135.227,0.17,3.31,0.15,20.39,0.25,5.0,0.28,5.0,0.75,5.0,0.72,5.0,0.83,3.31,0.85,20.39,0.08,0.08,616.394715,1776213434000
1776213436.282,136.282,0.17,3.31,0.15,20.39,0.25,5.0,0.28,5.0,0.75,5.0,0.72,5.0,0.83,3.31,0.85,20.39,0.08,0.08,616.367104,1776213435000
1776213436.696,136.696,0.43,1.0,0.42,6.0,0.48,10.0,0.49,19.6,0.75,5.0,0.72,5.0,0.83,3.31,0.85,20.39,0.05,0.08,616.367104,1776213435000
1776213437.854,137.854,0.43,1.0,0.42,6.0,0.48,10.0,0.49,19.6,0.52,10.0,0.51,19.6,0.57,1.0,0.58,6.0,0.05,0.05,616.339527,1776213437000
1776213438.847,138.847,0.43,1.0,0.42,6.0,0.48,10.0,0.49,19.6,0.52,10.0,0.51,19.6,0.57,1.0,0.58,6.0,0.05,0.05,616.339232,1776213438000
1776213439.86,139.86,0.43,1.0,0.42,6.0,0.48,10.0,0.49,19.6,0.52,10.0,0.51,19.6,0.57,1.0,0.58,6.0,0.05,0.05,616.323753,1776213439000
1776213441.625,141.625,0.43,1.0,0.42,6.0,0.48,10.0,0.49,19.6,0.52,10.0,0.51,19.6,0.57,1.0,0.58,6.0,0.05,0.05,616.322436,1776213440000
1776213442.262,142.262,0.43,1.0,0.42,6.0,0.48,10.0,0.49,19.6,0.52,10.0,0.51,19.6,0.57,1.0,0.58,6.0,0.05,0.05,616.322116,1776213441000
1776213443.487,143.487,0.43,1.0,0.42,6.0,0.48,10.0,0.49,19.6,0.52,10.0,0.51,19.6,0.57,1.0,0.58,6.0,0.05,0.05,616.319729,1776213442000
1776213444.085,144.085,0.43,1.0,0.42,6.0,0.48,10.0,0.49,19.6,0.52,10.0,0.51,19.6,0.57,1.0,0.58,6.0,0.05,0.05,616.322577,1776213443000
1776213445.163,145.163,0.43,1.0,0.42,6.0,0.48,10.0,0.49,19.6,0.52,10.0,0.51,19.6,0.57,1.0,0.58,6.0,0.05,0.05,616.320768,1776213444000
1776213446.187,146.187,0.43,1.0,0.42,6.0,0.48,10.0,0.49,19.6,0.52,10.0,0.51,19.6,0.57,1.0,0.58,6.0,0.05,0.05,616.320818,1776213445000
1776213447.772,147.772,0.43,1.0,0.42,6.0,0.48,10.0,0.49,19.6,0.52,10.0,0.51,19.6,0.57,1.0,0.58,6.0,0.05,0.05,616.320804,1776213446000
1776213448.518,148.518,0.43,1.0,0.42,6.0,0.48,10.0,0.49,19.6,0.52,10.0,0.51,19.6,0.57,1.0,0.58,6.0,0.05,0.05,616.320804,1776213447000
1776213449.077,149.077,0.42,2.0,0.29,10.0,0.44,5.0,0.48,31.4,0.52,10.0,0.51,19.6,0.57,1.0,0.58,6.0,0.02,0.05,616.320804,1776213447000
1776213449.371,149.371,0.29,10.0,0.28,12.9,0.37,12.0,0.43,5.0,0.56,5.0,0.52,31.4,0.58,2.0,0.71,10.0,0.08,0.02,616.322389,1776213448000
1776213450.577,150.577,0.29,10.0,0.28,12.9,0.37,12.0,0.43,5.0,0.63,12.0,0.57,5.0,0.71,10.0,0.72,12.9,0.08,0.08,616.317694,1776213449000
1776213451.479,151.479,0.29,10.0,0.28,12.9,0.37,12.0,0.43,5.0,0.63,12.0,0.57,5.0,0.71,10.0,0.72,12.9,0.08,0.08,616.317592,1776213450000
1776213452.1,152.1,0.29,10.0,0.28,12.9,0.37,12.0,0.43,5.0,0.63,12.0,0.57,5.0,0.71,10.0,0.72,12.9,0.08,0.08,616.282898,1776213451000
1776213453.318,153.318,0.29,10.0,0.28,12.9,0.37,12.0,0.43,5.0,0.63,12.0,0.57,5.0,0.71,10.0,0.72,12.9,0.08,0.08,616.324468,1776213452000
1776213454.557,154.557,0.34,16.6,0.33,16.8,0.37,4.32,0.44,5.0,0.63,4.32,0.56,5.0,0.66,16.6,0.67,16.8,0.03,0.03,616.328523,1776213453000
1776213455.281,155.281,0.34,16.6,0.33,16.8,0.37,4.32,0.44,5.0,0.63,4.32,0.56,5.0,0.66,16.6,0.67,16.8,0.03,0.03,616.32852,1776213454000
1776213456.667,156.667,0.34,16.6,0.33,16.8,0.37,4.32,0.44,5.0,0.63,4.32,0.56,5.0,0.66,16.6,0.67,16.8,0.03,0.03,616.324512,1776213455000
1776213457.357,157.357,0.34,16.6,0.33,16.8,0.37,4.32,0.44,5.0,0.63,4.32,0.56,5.0,0.66,16.6,0.67,16.8,0.03,0.03,616.327369,1776213456000
1776213458.095,158.095,0.34,16.6,0.33,16.8,0.37,4.32,0.44,5.0,0.63,4.32,0.56,5.0,0.66,16.6,0.67,16.8,0.03,0.03,616.327368,1776213457000
1776213459.264,159.264,0.34,16.6,0.33,16.8,0.37,4.32,0.44,5.0,0.63,4.32,0.56,5.0,0.66,16.6,0.67,16.8,0.03,0.03,616.323154,1776213458000
1776213460.545,160.545,0.34,16.6,0.33,16.8,0.37,4.32,0.44,5.0,0.63,4.32,0.56,5.0,0.66,16.6,0.67,16.8,0.03,0.03,616.321042,1776213459000
1776213461.194,161.194,0.34,16.6,0.33,16.8,0.37,4.32,0.44,5.0,0.63,4.32,0.56,5.0,0.66,16.6,0.67,16.8,0.03,0.03,616.32516,1776213460000
1776213462.415,162.415,0.34,16.6,0.33,16.8,0.37,4.32,0.44,5.0,0.63,4.32,0.56,5.0,0.66,16.6,0.67,16.8,0.03,0.03,616.32516,1776213461000
1776213463.112,163.112,0.34,16.6,0.33,16.8,0.37,4.32,0.44,5.0,0.63,4.32,0.56,5.0,0.66,16.6,0.67,16.8,0.03,0.03,616.324707,1776213462000
1776213464.873,164.873,0.34,16.6,0.33,16.8,0.37,4.32,0.44,5.0,0.63,4.32,0.56,5.0,0.66,16.6,0.67,16.8,0.03,0.03,616.285574,1776213463000
1776213465.447,165.447,0.34,16.6,0.33,16.8,0.37,4.32,0.44,5.0,0.63,4.32,0.56,5.0,0.66,16.6,0.67,16.8,0.03,0.03,616.284956,1776213464000
1776213466.14,166.14,0.34,16.6,0.33,16.8,0.37,4.32,0.44,5.0,0.63,4.32,0.56,5.0,0.66,16.6,0.67,16.8,0.03,0.03,616.285055,1776213465000
1776213467.415,167.415,0.34,16.6,0.33,16.8,0.37,4.32,0.44,5.0,0.63,4.32,0.56,5.0,0.66,16.6,0.67,16.8,0.03,0.03,616.277937,1776213466000
1776213467.944,167.944,0.34,16.6,0.33,16.8,0.37,4.32,0.44,5.0,0.63,4.32,0.56,5.0,0.66,16.6,0.67,16.8,0.03,0.03,616.277931,1776213467000
1776213469.227,169.227,0.34,16.6,0.33,16.8,0.37,4.32,0.44,5.0,0.63,4.32,0.56,5.0,0.66,16.6,0.67,16.8,0.03,0.03,616.277931,1776213468000
1776213470.449,170.449,0.34,16.6,0.33,16.8,0.37,4.32,0.44,5.0,0.63,4.32,0.56,5.0,0.66,16.6,0.67,16.8,0.03,0.03,616.279149,1776213469000
1776213471.138,171.138,0.34,16.6,0.33,16.8,0.37,4.32,0.44,5.0,0.63,4.32,0.56,5.0,0.66,16.6,0.67,16.8,0.03,0.03,616.279149,1776213470000
1776213472.244,172.244,0.34,16.6,0.33,16.8,0.37,4.32,0.44,5.0,0.63,4.32,0.56,5.0,0.66,16.6,0.67,16.8,0.03,0.03,616.280509,1776213471000
1776213473.351,173.351,0.34,16.6,0.33,16.8,0.37,4.32,0.44,5.0,0.63,4.32,0.56,5.0,0.66,16.6,0.67,16.8,0.03,0.03,616.282801,1776213472000
1776213473.916,173.916,0.34,16.6,0.33,16.8,0.37,4.32,0.44,5.0,0.63,4.32,0.56,5.0,0.66,16.6,0.67,16.8,0.03,0.03,616.282795,1776213473000
1776213475.133,175.133,0.34,16.6,0.33,16.8,0.37,4.32,0.44,5.0,0.63,4.32,0.56,5.0,0.66,16.6,0.67,16.8,0.03,0.03,616.281095,1776213474000
1776213476.304,176.304,0.34,16.6,0.33,16.8,0.37,4.32,0.44,5.0,0.63,4.32,0.56,5.0,0.66,16.6,0.67,16.8,0.03,0.03,616.281095,1776213475000
1776213476.947,176.947,0.34,16.6,0.33,16.8,0.37,4.32,0.44,5.0,0.63,4.32,0.56,5.0,0.66,16.6,0.67,16.8,0.03,0.03,616.281256,1776213476000
1776213478.152,178.152,0.34,16.6,0.33,16.8,0.37,4.32,0.44,5.0,0.63,4.32,0.56,5.0,0.66,16.6,0.67,16.8,0.03,0.03,616.281253,1776213477000
1776213479.214,179.214,0.26,10.0,0.25,13.9,0.39,9.71,0.4,10.8,0.63,4.32,0.56,5.0,0.66,16.6,0.67,16.8,0.13,0.03,616.281253,1776213477000
1776213480.523,180.523,0.26,10.0,0.25,13.9,0.39,9.71,0.4,10.8,0.61,9.71,0.6,10.8,0.74,10.0,0.75,13.9,0.13,0.13,616.280054,1776213479000
1776213481.107,181.107,0.26,10.0,0.25,13.9,0.39,9.71,0.4,10.8,0.61,9.71,0.6,10.8,0.74,10.0,0.75,13.9,0.13,0.13,616.274906,1776213480000
1776213482.579,182.579,0.26,10.0,0.25,13.9,0.39,9.71,0.4,10.8,0.61,9.71,0.6,10.8,0.74,10.0,0.75,13.9,0.13,0.13,616.273538,1776213481000
1776213483.141,183.141,0.26,10.0,0.25,13.9,0.39,9.71,0.4,10.8,0.61,9.71,0.6,10.8,0.74,10.0,0.75,13.9,0.13,0.13,616.275411,1776213482000
1776213484.243,184.243,0.26,10.0,0.25,13.9,0.39,9.71,0.4,10.8,0.61,9.71,0.6,10.8,0.74,10.0,0.75,13.9,0.13,0.13,616.275423,1776213483000
1776213485.38,185.38,0.26,10.0,0.25,13.9,0.39,9.71,0.4,10.8,0.61,9.71,0.6,10.8,0.74,10.0,0.75,13.9,0.13,0.13,616.275423,1776213484000
1776213485.995,185.995,0.26,10.0,0.25,13.9,0.39,9.71,0.4,10.8,0.61,9.71,0.6,10.8,0.74,10.0,0.75,13.9,0.13,0.13,616.27434,1776213485000
1776213487.045,187.045,0.26,10.0,0.25,13.9,0.39,9.71,0.4,10.8,0.61,9.71,0.6,10.8,0.74,10.0,0.75,13.9,0.13,0.13,616.274921,1776213486000
1776213488.429,188.429,0.26,10.0,0.25,13.9,0.39,9.71,0.4,10.8,0.61,9.71,0.6,10.8,0.74,10.0,0.75,13.9,0.13,0.13,616.275377,1776213487000
1776213489.082,189.082,0.26,10.0,0.25,13.9,0.39,9.71,0.4,10.8,0.61,9.71,0.6,10.8,0.74,10.0,0.75,13.9,0.13,0.13,616.275377,1776213488000
1776213490.22,190.22,0.26,10.0,0.25,13.9,0.39,9.71,0.4,10.8,0.61,9.71,0.6,10.8,0.74,10.0,0.75,13.9,0.13,0.13,616.275635,1776213489000
1776213491.435,191.435,0.26,10.0,0.25,13.9,0.39,9.71,0.4,10.8,0.61,9.71,0.6,10.8,0.74,10.0,0.75,13.9,0.13,0.13,616.275845,1776213490000
1776213492.094,192.094,0.26,10.0,0.25,13.9,0.39,9.71,0.4,10.8,0.61,9.71,0.6,10.8,0.74,10.0,0.75,13.9,0.13,0.13,616.27,1776213491000
1776213493.212,193.212,0.26,10.0,0.25,13.9,0.39,9.71,0.4,10.8,0.61,9.71,0.6,10.8,0.74,10.0,0.75,13.9,0.13,0.13,616.225,1776213492000
1776213493.665,193.665,0.18,3.78,0.17,5.0,0.29,12.6,0.3,12.4,0.61,9.71,0.6,10.8,0.74,10.0,0.75,13.9,0.11,0.13,616.225,1776213492000
1776213494.292,194.292,0.18,3.78,0.17,5.0,0.29,12.6,0.3,12.4,0.71,12.6,0.7,12.4,0.82,3.78,0.83,5.0,0.11,0.11,616.22,1776213493000
1776213494.901,194.901,0.18,3.78,0.17,5.0,0.29,12.6,0.3,12.4,0.71,12.6,0.7,12.4,0.82,3.78,0.83,5.0,0.11,0.11,616.22,1776213494000
1776213496.528,196.528,0.18,3.78,0.17,5.0,0.29,12.6,0.3,12.4,0.71,12.6,0.7,12.4,0.82,3.78,0.83,5.0,0.11,0.11,616.22,1776213495000
1776213497.228,197.228,0.18,3.78,0.17,5.0,0.29,12.6,0.3,12.4,0.71,12.6,0.7,12.4,0.82,3.78,0.83,5.0,0.11,0.11,616.22,1776213496000
1776213498.519,198.519,0.14,2.84,0.13,5.0,0.22,15.2,0.23,14.7,0.78,15.2,0.77,14.7,0.86,2.84,0.87,5.0,0.08,0.08,616.163801,1776213497000
1776213499.07,199.07,0.14,2.84,0.13,5.0,0.22,15.2,0.23,14.7,0.78,15.2,0.77,14.7,0.86,2.84,0.87,5.0,0.08,0.08,616.159554,1776213498000
1776213500.268,200.268,0.14,2.84,0.13,5.0,0.22,15.2,0.23,14.7,0.78,15.2,0.77,14.7,0.86,2.84,0.87,5.0,0.08,0.08,616.159264,1776213499000
1776213500.848,200.848,0.14,2.84,0.13,5.0,0.22,15.2,0.23,14.7,0.78,15.2,0.77,14.7,0.86,2.84,0.87,5.0,0.08,0.08,616.159264,1776213500000
1776213502.007,202.007,0.14,2.84,0.13,5.0,0.22,15.2,0.23,14.7,0.78,15.2,0.77,14.7,0.86,2.84,0.87,5.0,0.08,0.08,616.15908,1776213501000
1776213503.285,203.285,0.14,2.84,0.13,5.0,0.22,15.2,0.23,14.7,0.78,15.2,0.77,14.7,0.86,2.84,0.87,5.0,0.08,0.08,616.159189,1776213502000
1776213503.851,203.851,0.14,2.84,0.13,5.0,0.22,15.2,0.23,14.7,0.78,15.2,0.77,14.7,0.86,2.84,0.87,5.0,0.08,0.08,616.159189,1776213503000
1776213505.103,205.103,0.14,2.84,0.13,5.0,0.22,15.2,0.23,14.7,0.78,15.2,0.77,14.7,0.86,2.84,0.87,5.0,0.08,0.08,616.158279,1776213504000
1776213506.347,206.347,0.12,28.46,0.11,31.6,0.21,15.7,0.22,15.2,0.78,15.2,0.77,14.7,0.86,2.84,0.87,5.0,0.09,0.08,616.158279,1776213504000
1776213506.916,206.916,0.12,28.46,0.11,31.6,0.21,15.7,0.22,15.2,0.79,15.7,0.78,15.2,0.88,28.46,0.89,31.6,0.09,0.09,616.160414,1776213506000
1776213508.074,208.074,0.12,28.46,0.11,31.6,0.21,15.7,0.22,15.2,0.79,15.7,0.78,15.2,0.88,28.46,0.89,31.6,0.09,0.09,616.160815,1776213507000
1776213509.237,209.237,0.12,28.46,0.11,31.6,0.21,15.7,0.22,15.2,0.79,15.7,0.78,15.2,0.88,28.46,0.89,31.6,0.09,0.09,616.126986,1776213508000
1776213510.451,210.451,0.12,28.46,0.11,31.6,0.21,15.7,0.22,15.2,0.79,15.7,0.78,15.2,0.88,28.46,0.89,31.6,0.09,0.09,616.039782,1776213509000
1776213510.977,210.977,0.04,52.7,0.03,189.3,0.09,5.0,0.12,24.6,0.79,15.7,0.78,15.2,0.88,28.46,0.89,31.6,0.05,0.09,616.039782,1776213509000
1776213511.542,211.542,0.04,52.7,0.03,189.3,0.09,5.0,0.12,24.6,0.91,5.0,0.88,24.6,0.96,52.7,0.97,189.3,0.05,0.05,616.038073,1776213510000
1776213512.108,212.108,0.04,52.7,0.03,189.3,0.09,5.0,0.12,24.6,0.91,5.0,0.88,24.6,0.96,52.7,0.97,189.3,0.05,0.05,616.033748,1776213511000
1776213513.135,213.135,0.04,52.7,0.03,189.3,0.09,5.0,0.12,24.6,0.91,5.0,0.88,24.6,0.96,52.7,0.97,189.3,0.05,0.05,615.983556,1776213512000
1776213514.226,214.226,0.04,52.7,0.03,189.3,0.09,5.0,0.12,24.6,0.91,5.0,0.88,24.6,0.96,52.7,0.97,189.3,0.05,0.05,615.984838,1776213513000
1776213515.313,215.313,0.04,52.7,0.03,189.3,0.09,5.0,0.12,24.6,0.91,5.0,0.88,24.6,0.96,52.7,0.97,189.3,0.05,0.05,615.984903,1776213514000
1776213515.823,215.823,0.04,52.7,0.03,189.3,0.09,5.0,0.12,24.6,0.91,5.0,0.88,24.6,0.96,52.7,0.97,189.3,0.05,0.05,615.97751,1776213515000
1776213516.985,216.985,0.04,52.7,0.03,189.3,0.09,5.0,0.12,24.6,0.91,5.0,0.88,24.6,0.96,52.7,0.97,189.3,0.05,0.05,615.977487,1776213516000
1776213518.023,218.023,0.04,52.7,0.03,189.3,0.09,5.0,0.12,24.6,0.91,5.0,0.88,24.6,0.96,52.7,0.97,189.3,0.05,0.05,615.977526,1776213517000
1776213519.118,219.118,0.04,52.7,0.03,189.3,0.09,5.0,0.12,24.6,0.91,5.0,0.88,24.6,0.96,52.7,0.97,189.3,0.05,0.05,615.981795,1776213518000
1776213520.32,220.32,0.04,52.7,0.03,189.3,0.09,5.0,0.12,24.6,0.91,5.0,0.88,24.6,0.96,52.7,0.97,189.3,0.05,0.05,615.972262,1776213519000
1776213520.854,220.854,0.04,52.7,0.03,189.3,0.09,5.0,0.12,24.6,0.91,5.0,0.88,24.6,0.96,52.7,0.97,189.3,0.05,0.05,615.972262,1776213520000
1776213522.041,222.041,0.05,54.7,0.04,52.7,0.1,23.9,0.11,26.6,0.9,23.9,0.89,26.6,0.95,54.7,0.96,52.7,0.05,0.05,615.972262,1776213521000
1776213523.085,223.085,0.05,54.7,0.04,52.7,0.1,23.9,0.11,26.6,0.9,23.9,0.89,26.6,0.95,54.7,0.96,52.7,0.05,0.05,615.973562,1776213522000
1776213524.248,224.248,0.05,54.7,0.04,52.7,0.1,23.9,0.11,26.6,0.9,23.9,0.89,26.6,0.95,54.7,0.96,52.7,0.05,0.05,616.037,1776213523000
1776213525.645,225.645,0.05,54.7,0.04,52.7,0.1,23.9,0.11,26.6,0.9,23.9,0.89,26.6,0.95,54.7,0.96,52.7,0.05,0.05,616.036,1776213524000
1776213526.171,226.171,0.05,54.7,0.04,52.7,0.1,23.9,0.11,26.6,0.9,23.9,0.89,26.6,0.95,54.7,0.96,52.7,0.05,0.05,616.034,1776213525000
1776213527.111,227.111,0.05,54.7,0.04,52.7,0.1,23.9,0.11,26.6,0.9,23.9,0.89,26.6,0.95,54.7,0.96,52.7,0.05,0.05,616.035,1776213526000
1776213528.055,228.055,0.05,54.7,0.04,52.7,0.1,23.9,0.11,26.6,0.9,23.9,0.89,26.6,0.95,54.7,0.96,52.7,0.05,0.05,616.034,1776213527000
1776213529.045,229.045,0.05,54.7,0.04,52.7,0.1,23.9,0.11,26.6,0.9,23.9,0.89,26.6,0.95,54.7,0.96,52.7,0.05,0.05,616.060263,1776213528000
1776213529.979,229.979,0.05,54.7,0.04,52.7,0.1,23.9,0.11,26.6,0.9,23.9,0.89,26.6,0.95,54.7,0.96,52.7,0.05,0.05,616.060261,1776213529000
1776213531.063,231.063,0.05,54.7,0.04,52.7,0.1,23.9,0.11,26.6,0.9,23.9,0.89,26.6,0.95,54.7,0.96,52.7,0.05,0.05,616.062047,1776213530000
1776213531.985,231.985,0.05,54.7,0.04,52.7,0.1,23.9,0.11,26.6,0.9,23.9,0.89,26.6,0.95,54.7,0.96,52.7,0.05,0.05,616.062047,1776213531000
1776213532.904,232.904,0.05,48.7,0.04,52.7,0.11,26.6,0.12,24.6,0.9,23.9,0.89,26.6,0.95,54.7,0.96,52.7,0.06,0.05,616.062047,1776213531000
1776213533.933,233.933,0.05,48.7,0.04,52.7,0.11,26.6,0.12,24.6,0.89,26.6,0.88,24.6,0.95,48.7,0.96,52.7,0.06,0.06,616.063449,1776213533000
1776213534.956,234.956,0.05,48.7,0.04,52.7,0.11,26.6,0.12,24.6,0.89,26.6,0.88,24.6,0.95,48.7,0.96,52.7,0.06,0.06,616.063296,1776213534000
1776213535.956,235.956,0.05,48.7,0.04,52.7,0.11,26.6,0.12,24.6,0.89,26.6,0.88,24.6,0.95,48.7,0.96,52.7,0.06,0.06,616.063296,1776213535000
1776213536.901,236.901,0.05,48.7,0.04,52.7,0.11,26.6,0.12,24.6,0.89,26.6,0.88,24.6,0.95,48.7,0.96,52.7,0.06,0.06,616.063259,1776213536000
1776213537.548,237.548,0.06,46.1,0.05,48.7,0.13,23.0,0.14,21.6,0.89,26.6,0.88,24.6,0.95,48.7,0.96,52.7,0.07,0.06,616.063259,1776213536000
1776213538.388,238.388,0.06,46.1,0.05,48.7,0.13,23.0,0.14,21.6,0.87,23.0,0.86,21.6,0.94,46.1,0.95,48.7,0.07,0.07,616.069531,1776213537000
1776213538.949,238.949,0.06,46.1,0.05,48.7,0.13,23.0,0.14,21.6,0.87,23.0,0.86,21.6,0.94,46.1,0.95,48.7,0.07,0.07,616.069578,1776213538000
1776213539.909,239.909,0.06,46.1,0.05,48.7,0.13,23.0,0.14,21.6,0.87,23.0,0.86,21.6,0.94,46.1,0.95,48.7,0.07,0.07,616.069895,1776213539000
1776213540.915,240.915,0.06,46.1,0.05,48.7,0.13,23.0,0.14,21.6,0.87,23.0,0.86,21.6,0.94,46.1,0.95,48.7,0.07,0.07,616.089,1776213540000
1776213541.929,241.929,0.06,46.1,0.05,48.7,0.13,23.0,0.14,21.6,0.87,23.0,0.86,21.6,0.94,46.1,0.95,48.7,0.07,0.07,616.084814,1776213541000
1776213542.903,242.903,0.06,46.1,0.05,48.7,0.13,23.0,0.14,21.6,0.87,23.0,0.86,21.6,0.94,46.1,0.95,48.7,0.07,0.07,616.081546,1776213542000
1776213543.879,243.879,0.06,46.1,0.05,48.7,0.13,23.0,0.14,21.6,0.87,23.0,0.86,21.6,0.94,46.1,0.95,48.7,0.07,0.07,616.085159,1776213543000
1776213544.846,244.846,0.06,46.1,0.05,48.7,0.13,23.0,0.14,21.6,0.87,23.0,0.86,21.6,0.94,46.1,0.95,48.7,0.07,0.07,616.085451,1776213544000
1776213545.812,245.812,0.06,46.1,0.05,48.7,0.13,23.0,0.14,21.6,0.87,23.0,0.86,21.6,0.94,46.1,0.95,48.7,0.07,0.07,616.130442,1776213545000
1776213546.282,246.282,0.06,43.97,0.05,54.7,0.14,21.6,0.15,20.39,0.87,23.0,0.86,21.6,0.94,46.1,0.95,48.7,0.08,0.07,616.130442,1776213545000
1776213546.829,246.829,0.06,43.97,0.05,54.7,0.14,21.6,0.15,20.39,0.86,21.6,0.85,20.39,0.94,43.97,0.95,54.7,0.08,0.08,616.164046,1776213546000
1776213547.858,247.858,0.06,43.97,0.05,54.7,0.14,21.6,0.15,20.39,0.86,21.6,0.85,20.39,0.94,43.97,0.95,54.7,0.08,0.08,616.172,1776213547000
1776213548.905,248.905,0.06,43.97,0.05,54.7,0.14,21.6,0.15,20.39,0.86,21.6,0.85,20.39,0.94,43.97,0.95,54.7,0.08,0.08,616.172,1776213548000
1776213549.867,249.867,0.06,43.97,0.05,54.7,0.14,21.6,0.15,20.39,0.86,21.6,0.85,20.39,0.94,43.97,0.95,54.7,0.08,0.08,616.179,1776213549000
1776213551.558,251.558,0.06,43.97,0.05,54.7,0.14,21.6,0.15,20.39,0.86,21.6,0.85,20.39,0.94,43.97,0.95,54.7,0.08,0.08,616.182,1776213550000
1776213552.347,252.347,0.06,43.97,0.05,54.7,0.14,21.6,0.15,20.39,0.86,21.6,0.85,20.39,0.94,43.97,0.95,54.7,0.08,0.08,616.183,1776213551000
1776213553.226,253.226,0.06,43.97,0.05,54.7,0.14,21.6,0.15,20.39,0.86,21.6,0.85,20.39,0.94,43.97,0.95,54.7,0.08,0.08,616.183,1776213552000
1776213554.888,254.888,0.06,43.97,0.05,54.7,0.14,21.6,0.15,20.39,0.86,21.6,0.85,20.39,0.94,43.97,0.95,54.7,0.08,0.08,616.182,1776213553000
1776213555.5,255.5,0.06,43.97,0.05,54.7,0.14,21.6,0.15,20.39,0.86,21.6,0.85,20.39,0.94,43.97,0.95,54.7,0.08,0.08,616.175,1776213554000
1776213556.243,256.243,0.06,43.97,0.05,54.7,0.14,21.6,0.15,20.39,0.86,21.6,0.85,20.39,0.94,43.97,0.95,54.7,0.08,0.08,616.176,1776213555000
1776213557.702,257.702,0.06,43.97,0.05,54.7,0.14,21.6,0.15,20.39,0.86,21.6,0.85,20.39,0.94,43.97,0.95,54.7,0.08,0.08,616.182,1776213556000
1776213558.453,258.453,0.06,43.97,0.05,54.7,0.14,21.6,0.15,20.39,0.86,21.6,0.85,20.39,0.94,43.97,0.95,54.7,0.08,0.08,616.198079,1776213557000
1776213559.149,259.149,0.06,43.97,0.05,54.7,0.14,21.6,0.15,20.39,0.86,21.6,0.85,20.39,0.94,43.97,0.95,54.7,0.08,0.08,616.259947,1776213558000
1776213560.582,260.582,0.06,43.97,0.05,54.7,0.14,21.6,0.15,20.39,0.86,21.6,0.85,20.39,0.94,43.97,0.95,54.7,0.08,0.08,616.304369,1776213559000
1776213561.144,261.144,0.06,43.97,0.05,54.7,0.14,21.6,0.15,20.39,0.86,21.6,0.85,20.39,0.94,43.97,0.95,54.7,0.08,0.08,616.304369,1776213560000
1776213562.73,262.73,0.06,43.97,0.05,54.7,0.14,21.6,0.15,20.39,0.86,21.6,0.85,20.39,0.94,43.97,0.95,54.7,0.08,0.08,616.319,1776213561000
1776213563.407,263.407,0.06,43.97,0.05,54.7,0.14,21.6,0.15,20.39,0.86,21.6,0.85,20.39,0.94,43.97,0.95,54.7,0.08,0.08,616.319,1776213562000
1776213564.214,264.214,0.06,43.97,0.05,54.7,0.14,21.6,0.15,20.39,0.86,21.6,0.85,20.39,0.94,43.97,0.95,54.7,0.08,0.08,616.311,1776213563000
1776213565.545,265.545,0.06,43.97,0.05,54.7,0.14,21.6,0.15,20.39,0.86,21.6,0.85,20.39,0.94,43.97,0.95,54.7,0.08,0.08,616.314432,1776213564000
1776213566.325,266.325,0.06,43.97,0.05,54.7,0.14,21.6,0.15,20.39,0.86,21.6,0.85,20.39,0.94,43.97,0.95,54.7,0.08,0.08,616.314459,1776213565000
1776213567.216,267.216,0.06,43.97,0.05,54.7,0.14,21.6,0.15,20.39,0.86,21.6,0.85,20.39,0.94,43.97,0.95,54.7,0.08,0.08,616.314459,1776213566000
1776213568.55,268.55,0.06,43.97,0.05,54.7,0.14,21.6,0.15,20.39,0.86,21.6,0.85,20.39,0.94,43.97,0.95,54.7,0.08,0.08,616.314372,1776213567000
1776213569.042,269.042,0.25,0.97,0.14,21.6,0.27,13.2,0.28,12.9,0.86,21.6,0.85,20.39,0.94,43.97,0.95,54.7,0.02,0.08,616.314372,1776213567000
1776213570.051,270.051,0.25,0.97,0.14,21.6,0.27,13.2,0.28,12.9,0.73,13.2,0.72,12.9,0.75,0.97,0.86,21.6,0.02,0.02,616.30981,1776213569000
1776213571.174,271.174,0.25,0.97,0.14,21.6,0.27,13.2,0.28,12.9,0.73,13.2,0.72,12.9,0.75,0.97,0.86,21.6,0.02,0.02,616.307616,1776213570000
1776213572.341,272.341,0.25,0.97,0.14,21.6,0.27,13.2,0.28,12.9,0.73,13.2,0.72,12.9,0.75,0.97,0.86,21.6,0.02,0.02,616.31083,1776213571000
1776213573.385,273.385,0.12,24.6,0.11,26.6,0.26,28.5,0.27,13.2,0.74,28.5,0.73,13.2,0.88,24.6,0.89,26.6,0.14,0.14,616.313526,1776213572000
1776213573.924,273.924,0.12,24.6,0.11,26.6,0.26,28.5,0.27,13.2,0.74,28.5,0.73,13.2,0.88,24.6,0.89,26.6,0.14,0.14,616.313526,1776213573000
1776213574.979,274.979,0.12,24.6,0.11,26.6,0.26,28.5,0.27,13.2,0.74,28.5,0.73,13.2,0.88,24.6,0.89,26.6,0.14,0.14,616.313539,1776213574000
1776213576.087,276.087,0.12,24.6,0.11,26.6,0.26,28.5,0.27,13.2,0.74,28.5,0.73,13.2,0.88,24.6,0.89,26.6,0.14,0.14,616.313505,1776213575000
1776213577.162,277.162,0.12,24.6,0.11,26.6,0.26,28.5,0.27,13.2,0.74,28.5,0.73,13.2,0.88,24.6,0.89,26.6,0.14,0.14,616.311056,1776213576000
1776213578.29,278.29,0.12,24.6,0.11,26.6,0.26,28.5,0.27,13.2,0.74,28.5,0.73,13.2,0.88,24.6,0.89,26.6,0.14,0.14,616.311056,1776213577000
1776213579.286,279.286,0.12,24.6,0.11,26.6,0.26,28.5,0.27,13.2,0.74,28.5,0.73,13.2,0.88,24.6,0.89,26.6,0.14,0.14,616.311478,1776213578000
1776213580.458,280.458,0.12,24.6,0.11,26.6,0.26,28.5,0.27,13.2,0.74,28.5,0.73,13.2,0.88,24.6,0.89,26.6,0.14,0.14,616.310726,1776213579000
1776213580.963,280.963,0.12,24.6,0.11,26.6,0.26,28.5,0.27,13.2,0.74,28.5,0.73,13.2,0.88,24.6,0.89,26.6,0.14,0.14,616.311962,1776213580000
1776213582.055,282.055,0.12,24.6,0.11,26.6,0.26,28.5,0.27,13.2,0.74,28.5,0.73,13.2,0.88,24.6,0.89,26.6,0.14,0.14,616.313584,1776213581000
1776213583.053,283.053,0.12,24.6,0.11,26.6,0.26,28.5,0.27,13.2,0.74,28.5,0.73,13.2,0.88,24.6,0.89,26.6,0.14,0.14,616.314758,1776213582000
1776213584.08,284.08,0.12,24.6,0.11,26.6,0.26,28.5,0.27,13.2,0.74,28.5,0.73,13.2,0.88,24.6,0.89,26.6,0.14,0.14,616.314741,1776213583000
1776213585.17,285.17,0.12,24.6,0.11,26.6,0.26,28.5,0.27,13.2,0.74,28.5,0.73,13.2,0.88,24.6,0.89,26.6,0.14,0.14,616.314741,1776213584000
1776213586.158,286.158,0.12,24.6,0.11,26.6,0.26,28.5,0.27,13.2,0.74,28.5,0.73,13.2,0.88,24.6,0.89,26.6,0.14,0.14,616.314174,1776213585000
1776213587.216,287.216,0.12,24.6,0.11,26.6,0.26,28.5,0.27,13.2,0.74,28.5,0.73,13.2,0.88,24.6,0.89,26.6,0.14,0.14,616.318568,1776213586000
1776213588.236,288.236,0.12,24.6,0.11,26.6,0.26,28.5,0.27,13.2,0.74,28.5,0.73,13.2,0.88,24.6,0.89,26.6,0.14,0.14,616.310781,1776213587000
1776213589.166,289.166,0.12,24.6,0.11,26.6,0.26,28.5,0.27,13.2,0.74,28.5,0.73,13.2,0.88,24.6,0.89,26.6,0.14,0.14,616.310781,1776213588000
1776213590.431,290.431,0.12,24.6,0.11,26.6,0.26,28.5,0.27,13.2,0.74,28.5,0.73,13.2,0.88,24.6,0.89,26.6,0.14,0.14,616.322282,1776213589000
1776213590.872,290.872,0.12,24.6,0.11,26.6,0.26,28.5,0.27,13.2,0.74,28.5,0.73,13.2,0.88,24.6,0.89,26.6,0.14,0.14,616.32261,1776213590000
1776213592.06,292.06,0.12,24.6,0.11,26.6,0.26,28.5,0.27,13.2,0.74,28.5,0.73,13.2,0.88,24.6,0.89,26.6,0.14,0.14,616.327124,1776213591000
1776213593.171,293.171,0.12,24.6,0.11,26.6,0.26,28.5,0.27,13.2,0.74,28.5,0.73,13.2,0.88,24.6,0.89,26.6,0.14,0.14,616.327124,1776213592000
1776213594.082,294.082,0.12,24.6,0.11,26.6,0.26,28.5,0.27,13.2,0.74,28.5,0.73,13.2,0.88,24.6,0.89,26.6,0.14,0.14,616.328656,1776213593000
1776213594.369,294.369,0.03,107.19,0.02,10.0,0.11,50.0,0.21,62.19,0.74,28.5,0.73,13.2,0.88,24.6,0.89,26.6,0.08,0.14,616.328656,1776213593000
1776213595.304,295.304,0.03,107.19,0.02,10.0,0.11,50.0,0.21,62.19,0.89,50.0,0.79,62.19,0.97,107.19,0.98,10.0,0.08,0.08,616.327755,1776213594000
1776213595.644,295.644,0.03,87.99,0.02,10.0,0.11,50.0,0.21,62.19,0.89,50.0,0.79,62.19,0.97,107.19,0.98,10.0,0.08,0.08,616.327755,1776213594000
1776213596.09,296.09,0.03,68.79,0.02,10.0,0.11,50.0,0.21,62.19,0.89,50.0,0.79,62.19,0.97,87.99,0.98,10.0,0.08,0.08,616.327755,1776213594000
1776213596.328,296.328,0.03,68.79,0.02,10.0,0.11,50.0,0.21,62.19,0.89,50.0,0.79,62.19,0.97,68.79,0.98,10.0,0.08,0.08,616.311669,1776213595000
1776213597.354,297.354,0.03,59.41,0.02,10.0,0.11,50.0,0.21,62.19,0.89,50.0,0.79,62.19,0.97,67.66,0.98,10.0,0.08,0.08,616.311669,1776213595000
1776213597.834,297.834,0.03,56.21,0.02,10.0,0.11,50.0,0.21,62.19,0.89,50.0,0.79,62.19,0.97,58.28,0.98,10.0,0.08,0.08,616.311669,1776213595000
1776213598.192,298.192,0.03,41.21,0.02,10.0,0.11,50.0,0.21,62.19,0.89,50.0,0.79,62.19,0.97,46.21,0.98,10.0,0.08,0.08,616.306116,1776213597000
1776213598.421,298.421,0.03,40.08,0.02,10.0,0.11,50.0,0.21,62.19,0.89,50.0,0.79,62.19,0.97,41.21,0.98,10.0,0.08,0.08,616.306116,1776213597000
1776213598.848,298.848,,,,,0.01,759.92,0.11,50.0,0.99,759.92,0.89,50.0,,,,,,,616.306116,1776213597000
1776213599.093,299.093,,,,,0.01,1568.67,0.11,50.0,0.99,1568.67,0.89,50.0,,,,,,,616.304809,1776213598000
1776213600.026,300.026,,,,,0.01,2944.32,0.21,12.19,0.99,2944.32,0.79,12.19,,,,,,,616.30779,1776213599000
1776213601.059,301.059,,,,,0.01,2944.32,0.21,12.19,0.99,2944.32,0.79,12.19,,,,,,,616.307572,1776213600000
1776213602.091,302.091,,,,,0.01,2944.32,0.21,12.19,0.99,2944.32,0.79,12.19,,,,,,,616.312589,1776213601000

# RESULT,winner=Down,slug=bnb-updown-5m-1776213300,ticks=313
